{"id":"gen9vgc2023regulationc-1847504556","p1":"titahornofresco","p2":"ImAtWorkPlzGoEasy","format":"[Gen 9] VGC 2023 Regulation C","log":"|j|\u2606titahornofresco\n|j|\u2606ImAtWorkPlzGoEasy\n|t:|1681963873\n|gametype|doubles\n|player|p1|titahornofresco|unknown|1324\n|player|p2|ImAtWorkPlzGoEasy|larry|1419\n|teamsize|p1|6\n|teamsize|p2|6\n|gen|9\n|tier|[Gen 9] VGC 2023 Regulation C\n|rated|\n|rule|Species Clause: Limit one of each Pok\u00e9mon\n|rule|Item Clause: Limit one of each item\n|clearpoke\n|poke|p1|Staraptor, L50, M|\n|poke|p1|Farigiraf, L50, M|\n|poke|p1|Palafin, L50, M|\n|poke|p1|Ting-Lu, L50|\n|poke|p1|Amoonguss, L50, F|\n|poke|p1|Iron Hands, L50|\n|poke|p2|Glimmora, L50, F|\n|poke|p2|Dondozo, L50, F|\n|poke|p2|Tatsugiri, L50, F|\n|poke|p2|Arcanine, L50, M|\n|poke|p2|Flutter Mane, L50|\n|poke|p2|Hippowdon, L50, F|\n|teampreview|4\ntitahornofresco has agreed to open team sheets.\nImAtWorkPlzGoEasy has agreed to open team sheets.\n|inactive|Battle timer is ON: inactive players will automatically lose when time's up. (requested by ImAtWorkPlzGoEasy)\n|inactive|titahornofresco has 60 seconds left.\n|\n|t:|1681964032\n|start\n|switch|p1a: Palafin|Palafin, L50, M|100\/100\n|switch|p1b: Staraptor|Staraptor, L50, M|100\/100\n|switch|p2a: Hippowdon|Hippowdon, L50, F|100\/100\n|switch|p2b: Flutter Mane|Flutter Mane, L50|100\/100\n|-ability|p1b: Staraptor|Intimidate|boost\n|-unboost|p2a: Hippowdon|atk|1\n|-unboost|p2b: Flutter Mane|atk|1\n|-weather|Sandstorm|[from] ability: Sand Stream|[of] p2a: Hippowdon\n|-enditem|p2b: Flutter Mane|Booster Energy\n|-activate|p2b: Flutter Mane|ability: Protosynthesis|[fromitem]\n|-start|p2b: Flutter Mane|protosynthesisspa\n|turn|1\n|inactive|titahornofresco has 30 seconds left.\n|inactive|titahornofresco has 20 seconds left.\n|\n|t:|1681964068\n|-terastallize|p1b: Staraptor|Flying\n|-terastallize|p2a: Hippowdon|Water\n|move|p2b: Flutter Mane|Protect|p2b: Flutter Mane\n|-singleturn|p2b: Flutter Mane|Protect\n|move|p1b: Staraptor|Brave Bird|p2b: Flutter Mane\n|-activate|p2b: Flutter Mane|move: Protect\n|move|p1a: Palafin|Wave Crash|p2a: Hippowdon\n|-resisted|p2a: Hippowdon\n|-damage|p2a: Hippowdon|82\/100\n|-damage|p1a: Palafin|94\/100|[from] Recoil\n|move|p2a: Hippowdon|Sand Tomb|p1a: Palafin\n|-damage|p1a: Palafin|82\/100\n|-activate|p1a: Palafin|move: Sand Tomb|[of] p2a: Hippowdon\n|\n|-weather|Sandstorm|[upkeep]\n|-damage|p1b: Staraptor|94\/100|[from] Sandstorm\n|-damage|p2b: Flutter Mane|94\/100|[from] Sandstorm\n|-damage|p1a: Palafin|76\/100|[from] Sandstorm\n|-damage|p2a: Hippowdon|76\/100|[from] Sandstorm\n|-damage|p1a: Palafin|60\/100|[from] move: Sand Tomb|[partiallytrapped]\n|upkeep\n|turn|2\n|inactive|titahornofresco has 30 seconds left.\n|\n|t:|1681964096\n|-end|p2b: Flutter Mane|Protosynthesis|[silent]\n|switch|p2b: Dondozo|Dondozo, L50, F|100\/100\n|move|p2a: Hippowdon|Protect|p2a: Hippowdon\n|-singleturn|p2a: Hippowdon|Protect\n|move|p1b: Staraptor|Brave Bird|p2b: Dondozo\n|-damage|p2b: Dondozo|46\/100\n|-damage|p1b: Staraptor|73\/100|[from] Recoil\n|move|p1a: Palafin|Wave Crash|p2b: Dondozo\n|-resisted|p2b: Dondozo\n|-damage|p2b: Dondozo|26\/100\n|-damage|p1a: Palafin|52\/100|[from] Recoil\n|\n|-weather|Sandstorm|[upkeep]\n|-damage|p1b: Staraptor|67\/100|[from] Sandstorm\n|-damage|p1a: Palafin|46\/100|[from] Sandstorm\n|-damage|p2b: Dondozo|20\/100|[from] Sandstorm\n|-damage|p2a: Hippowdon|70\/100|[from] Sandstorm\n|-damage|p1a: Palafin|30\/100|[from] move: Sand Tomb|[partiallytrapped]\n|upkeep\n|turn|3\n|inactive|titahornofresco has 30 seconds left.\n|\n|t:|1681964125\n|switch|p2b: Flutter Mane|Flutter Mane, L50|94\/100\n|move|p1b: Staraptor|Brave Bird|p2a: Hippowdon\n|-damage|p2a: Hippowdon|15\/100\n|-damage|p1b: Staraptor|47\/100|[from] Recoil\n|move|p1a: Palafin|Haze|p1a: Palafin\n|-clearallboost\n|move|p2a: Hippowdon|Stealth Rock|p1a: Palafin\n|-sidestart|p1: titahornofresco|move: Stealth Rock\n|\n|-weather|Sandstorm|[upkeep]\n|-damage|p1b: Staraptor|41\/100|[from] Sandstorm\n|-damage|p2b: Flutter Mane|88\/100|[from] Sandstorm\n|-damage|p1a: Palafin|24\/100|[from] Sandstorm\n|-damage|p2a: Hippowdon|9\/100|[from] Sandstorm\n|-damage|p1a: Palafin|7\/100|[from] move: Sand Tomb|[partiallytrapped]\n|upkeep\n|turn|4\n|\n|t:|1681964153\n|move|p2a: Hippowdon|Protect|p2a: Hippowdon\n|-singleturn|p2a: Hippowdon|Protect\n|move|p1b: Staraptor|Brave Bird|p2b: Flutter Mane\n|-damage|p2b: Flutter Mane|0 fnt\n|faint|p2b: Flutter Mane\n|-end|p2b: Flutter Mane|Protosynthesis|[silent]\n|-damage|p1b: Staraptor|19\/100|[from] Recoil\n|move|p1a: Palafin|Wave Crash|p2a: Hippowdon\n|-activate|p2a: Hippowdon|move: Protect\n|\n|-weather|Sandstorm|[upkeep]\n|-damage|p1b: Staraptor|12\/100|[from] Sandstorm\n|-damage|p1a: Palafin|1\/100|[from] Sandstorm\n|-damage|p2a: Hippowdon|3\/100|[from] Sandstorm\n|-damage|p1a: Palafin|0 fnt|[from] move: Sand Tomb|[partiallytrapped]\n|faint|p1a: Palafin\n|upkeep\n|inactive|titahornofresco has 30 seconds left.\n|inactive|titahornofresco has 20 seconds left.\n|\n|t:|1681964191\n|switch|p2b: Dondozo|Dondozo, L50, F|20\/100\n|switch|p1a: Iron Hands|Iron Hands, L50, shiny|100\/100\n|-damage|p1a: Iron Hands|94\/100|[from] Stealth Rock\n|turn|5\n|\n|t:|1681964201\n|move|p2b: Dondozo|Protect|p2b: Dondozo\n|-singleturn|p2b: Dondozo|Protect\n|move|p1a: Iron Hands|Fake Out|p2a: Hippowdon\n|-damage|p2a: Hippowdon|0 fnt\n|faint|p2a: Hippowdon\n|move|p1b: Staraptor|Brave Bird|p2b: Dondozo\n|-activate|p2b: Dondozo|move: Protect\n|\n|-weather|none\n|upkeep\n|\n|t:|1681964209\n|switch|p2a: Tatsugiri|Tatsugiri, L50, F|100\/100\n|-activate|p2a: Tatsugiri|ability: Commander|[of] p2b: Dondozo\n|-boost|p2b: Dondozo|atk|2\n|-boost|p2b: Dondozo|spa|2\n|-boost|p2b: Dondozo|spe|2\n|-boost|p2b: Dondozo|def|2\n|-boost|p2b: Dondozo|spd|2\n|turn|6\n|\n|t:|1681964232\n|move|p1b: Staraptor|Brave Bird|p2b: Dondozo\n|-damage|p2b: Dondozo|0 fnt\n|faint|p2b: Dondozo\n|-damage|p1b: Staraptor|5\/100|[from] Recoil\n|move|p1a: Iron Hands|Volt Switch|p2a: Tatsugiri\n|-damage|p2a: Tatsugiri|82\/100\n|\n|t:|1681964240\n|-end|p1a: Iron Hands|Quark Drive|[silent]\n|switch|p1a: Ting-Lu|Ting-Lu, L50|100\/100|[from] Volt Switch\n|-damage|p1a: Ting-Lu|94\/100|[from] Stealth Rock\n|-ability|p1a: Ting-Lu|Vessel of Ruin\n|\n|-heal|p1a: Ting-Lu|100\/100|[from] item: Leftovers\n|upkeep\n|turn|7\n|\n|t:|1681964258\n|move|p1a: Ting-Lu|Protect|p1a: Ting-Lu\n|-singleturn|p1a: Ting-Lu|Protect\n|move|p2a: Tatsugiri|Muddy Water|p1b: Staraptor|[spread] \n|-activate|p1a: Ting-Lu|move: Protect\n|-miss|p2a: Tatsugiri|p1b: Staraptor\n|move|p1b: Staraptor|Brave Bird|p2a: Tatsugiri\n|-damage|p2a: Tatsugiri|0 fnt\n|faint|p2a: Tatsugiri\n|-damage|p1b: Staraptor|0 fnt|[from] Recoil\n|faint|p1b: Staraptor\n|\n|win|titahornofresco\n|raw|titahornofresco's rating: 1324 → 1349<\/strong> (+25 for winning)\n|raw|ImAtWorkPlzGoEasy's rating: 1419 → 1394<\/strong> (-25 for losing)\n|l|\u2606ImAtWorkPlzGoEasy\n","uploadtime":1681964281,"views":14,"p1id":"titahornofresco","p2id":"imatworkplzgoeasy","formatid":"gen9vgc2023regulationc","rating":1349,"private":0,"password":""}