{"id":"gen9vgc2023regulationc-1864050837","p1":"Sandy_Simis","p2":"Leore","format":"[Gen 9] VGC 2023 Regulation C","log":"|j|\u2606Sandy_Simis\n|j|\u2606Leore\n|t:|1684110522\n|gametype|doubles\n|player|p1|Sandy_Simis|2|\n|player|p2|Leore|lance|\n|teamsize|p1|6\n|teamsize|p2|6\n|gen|9\n|tier|[Gen 9] VGC 2023 Regulation C\n|rule|Species Clause: Limit one of each Pok\u00e9mon\n|rule|Item Clause: Limit one of each item\n|clearpoke\n|poke|p1|Iron Jugulis, L50|\n|poke|p1|Gholdengo, L50|\n|poke|p1|Amoonguss, L50, M|\n|poke|p1|Garchomp, L50, M|\n|poke|p1|Gyarados, L50, M|\n|poke|p1|Iron Hands, L50|\n|poke|p2|Palafin, L50, F|\n|poke|p2|Flutter Mane, L50|\n|poke|p2|Arcanine, L50, M|\n|poke|p2|Ting-Lu, L50|\n|poke|p2|Amoonguss, L50, M|\n|poke|p2|Kingambit, L50, M|\n|teampreview|4\nLeore has agreed to open team sheets.\n|c|\u2606Sandy_Simis|G3\nSandy_Simis has agreed to open team sheets.\n|j| yomoves\n|\n|t:|1684111745\n|start\n|switch|p1a: Jerry|Gyarados, L50, M|100\/100\n|switch|p1b: Pineapple on Pizza|Garchomp, L50, M|100\/100\n|switch|p2a: Arcanine|Arcanine, L50, M|100\/100\n|switch|p2b: Amoonguss|Amoonguss, L50, M|100\/100\n|-ability|p2a: Arcanine|Intimidate|boost\n|-unboost|p1a: Jerry|atk|1\n|-unboost|p1b: Pineapple on Pizza|atk|1\n|-ability|p1a: Jerry|Intimidate|boost\n|-unboost|p2a: Arcanine|atk|1\n|-unboost|p2b: Amoonguss|atk|1\n|turn|1\n|\n|t:|1684111769\n|switch|p1b: I'm The Joker Baby|Iron Jugulis, L50|100\/100\n|-enditem|p1b: I'm The Joker Baby|Booster Energy\n|-activate|p1b: I'm The Joker Baby|ability: Quark Drive|[fromitem]\n|-start|p1b: I'm The Joker Baby|quarkdrivespe\n|move|p2b: Amoonguss|Rage Powder|p2b: Amoonguss\n|-singleturn|p2b: Amoonguss|move: Rage Powder\n|move|p2a: Arcanine|Will-O-Wisp|p1b: I'm The Joker Baby\n|-status|p1b: I'm The Joker Baby|brn\n|move|p1a: Jerry|Taunt|p2b: Amoonguss\n|-start|p2b: Amoonguss|move: Taunt\n|\n|-damage|p1b: I'm The Joker Baby|95\/100 brn|[from] brn\n|upkeep\n|turn|2\n|\n|t:|1684111796\n|switch|p2b: Ting-Lu|Ting-Lu, L50|100\/100\n|-ability|p2b: Ting-Lu|Vessel of Ruin\n|move|p1b: I'm The Joker Baby|Tailwind|p1b: I'm The Joker Baby\n|-sidestart|p1: Sandy_Simis|move: Tailwind\n|move|p1a: Jerry|Waterfall|p2a: Arcanine\n|-supereffective|p2a: Arcanine\n|-damage|p2a: Arcanine|54\/100\n|cant|p2a: Arcanine|flinch\n|\n|-damage|p1b: I'm The Joker Baby|89\/100 brn|[from] brn\n|upkeep\n|turn|3\n|\n|t:|1684111836\n|switch|p2a: Palafin|Palafin, L50, F|100\/100\n|move|p1b: I'm The Joker Baby|Air Slash|p2a: Palafin\n|-crit|p2a: Palafin\n|-damage|p2a: Palafin|52\/100\n|move|p1a: Jerry|Thunder Wave|p2a: Palafin\n|-status|p2a: Palafin|par\n|move|p2b: Ting-Lu|Ruination|p1b: I'm The Joker Baby\n|-damage|p1b: I'm The Joker Baby|45\/100 brn\n|\n|-damage|p1b: I'm The Joker Baby|39\/100 brn|[from] brn\n|upkeep\n|turn|4\n|\n|t:|1684111864\n|-end|p1b: I'm The Joker Baby|Quark Drive|[silent]\n|switch|p1b: Iron Hands|Iron Hands, L50|100\/100\n|cant|p2a: Palafin|par\n|move|p1a: Jerry|Waterfall|p2b: Ting-Lu\n|-supereffective|p2b: Ting-Lu\n|-damage|p2b: Ting-Lu|71\/100\n|move|p2b: Ting-Lu|Heavy Slam|p1b: Iron Hands\n|-resisted|p1b: Iron Hands\n|-damage|p1b: Iron Hands|96\/100\n|\n|upkeep\n|turn|5\n|\n|t:|1684111885\n|switch|p2b: Amoonguss|Amoonguss, L50, M|100\/100\n|move|p1a: Jerry|Waterfall|p2b: Amoonguss\n|-resisted|p2b: Amoonguss\n|-damage|p2b: Amoonguss|90\/100\n|-damage|p1a: Jerry|84\/100|[from] item: Rocky Helmet|[of] p2b: Amoonguss\n|move|p1b: Iron Hands|Drain Punch|p2b: Amoonguss\n|-resisted|p2b: Amoonguss\n|-damage|p2b: Amoonguss|74\/100\n|-heal|p1b: Iron Hands|100\/100|[from] drain|[of] p2b: Amoonguss\n|-damage|p1b: Iron Hands|84\/100|[from] item: Rocky Helmet|[of] p2b: Amoonguss\n|move|p2a: Palafin|Wave Crash|p1b: Iron Hands\n|-damage|p1b: Iron Hands|46\/100\n|-damage|p2a: Palafin|38\/100 par|[from] Recoil\n|\n|-sideend|p1: Sandy_Simis|move: Tailwind\n|upkeep\n|turn|6\n|\n|t:|1684111930\n|detailschange|p2a: Palafin|Palafin-Hero, L50, F\n|switch|p2a: Arcanine|Arcanine, L50, M|54\/100\n|-ability|p2a: Arcanine|Intimidate|boost\n|-unboost|p1a: Jerry|atk|1\n|-unboost|p1b: Iron Hands|atk|1\n|move|p1a: Jerry|Waterfall|p2a: Arcanine\n|-supereffective|p2a: Arcanine\n|-damage|p2a: Arcanine|19\/100\n|move|p1b: Iron Hands|Drain Punch|p2a: Arcanine\n|-damage|p2a: Arcanine|0 fnt\n|-heal|p1b: Iron Hands|55\/100|[from] drain|[of] p2a: Arcanine\n|faint|p2a: Arcanine\n|move|p2b: Amoonguss|Pollen Puff|p2: Arcanine|[notarget]\n|-fail|p2b: Amoonguss\n|\n|upkeep\n|\n|t:|1684111947\n|switch|p2a: Palafin|Palafin-Hero, L50, F|38\/100 par\n|-activate|p2a: Palafin|ability: Zero to Hero\n|turn|7\n|\n|t:|1684111966\n|-terastallize|p1b: Iron Hands|Grass\n|-terastallize|p2a: Palafin|Water\n|move|p2b: Amoonguss|Rage Powder|p2b: Amoonguss\n|-singleturn|p2b: Amoonguss|move: Rage Powder\n|move|p2a: Palafin|Jet Punch|p1b: Iron Hands\n|-resisted|p1b: Iron Hands\n|-damage|p1b: Iron Hands|32\/100\n|move|p1a: Jerry|Taunt|p2b: Amoonguss\n|-start|p2b: Amoonguss|move: Taunt\n|move|p1b: Iron Hands|Thunder Punch|p2a: Palafin\n|-supereffective|p2a: Palafin\n|-damage|p2a: Palafin|0 fnt\n|faint|p2a: Palafin\n|\n|upkeep\n|\n|t:|1684111979\n|switch|p2a: Ting-Lu|Ting-Lu, L50|71\/100\n|-ability|p2a: Ting-Lu|Vessel of Ruin\n|turn|8\n|\n|t:|1684111997\n|switch|p1a: Pineapple on Pizza|Garchomp, L50, M|100\/100\n|-end|p1b: Iron Hands|Quark Drive|[silent]\n|switch|p1b: I'm The Joker Baby|Iron Jugulis, L50|39\/100 brn\n|move|p2a: Ting-Lu|Earthquake|p1a: Pineapple on Pizza|[spread] p2b,p1a\n|-immune|p1b: I'm The Joker Baby\n|-damage|p2b: Amoonguss|47\/100\n|-damage|p1a: Pineapple on Pizza|64\/100\n|move|p2b: Amoonguss|Pollen Puff|p2a: Ting-Lu\n|-heal|p2a: Ting-Lu|100\/100\n|\n|-damage|p1b: I'm The Joker Baby|33\/100 brn|[from] brn\n|upkeep\n|turn|9\n|-message|Leore forfeited.\n|\n|win|Sandy_Simis\n|c|\u2606Leore|You got this one gg\n","uploadtime":1684112013,"views":21,"p1id":"sandysimis","p2id":"leore","formatid":"gen9vgc2023regulationc","rating":0,"private":0,"password":""}