{"id":"gen9vgc2023regulationc-1854107619","p1":"pokemon homo","p2":"qiin5","format":"[Gen 9] VGC 2023 Regulation C","log":"|j|\u2606pokemon homo\n|j|\u2606qiin5\n|t:|1682770455\n|gametype|doubles\n|player|p1|pokemon homo|rosa|\n|player|p2|qiin5|policeman|\n|teamsize|p1|6\n|teamsize|p2|6\n|gen|9\n|tier|[Gen 9] VGC 2023 Regulation C\n|rule|Species Clause: Limit one of each Pok\u00e9mon\n|rule|Item Clause: Limit one of each item\n|clearpoke\n|poke|p1|Chien-Pao, L50|\n|poke|p1|Dragonite, L50, M|\n|poke|p1|Ting-Lu, L50|\n|poke|p1|Gyarados, L50, F|\n|poke|p1|Flutter Mane, L50|\n|poke|p1|Amoonguss, L50, M|\n|poke|p2|Amoonguss, L50, F|\n|poke|p2|Arcanine, L50, M|\n|poke|p2|Palafin, L50, F|\n|poke|p2|Ting-Lu, L50|\n|poke|p2|Flutter Mane, L50|\n|poke|p2|Baxcalibur, L50, M|\n|teampreview|4\nqiin5 has agreed to open team sheets.\npokemon homo has agreed to open team sheets.\n|\n|t:|1682770488\n|start\n|switch|p1a: Dragonite|Dragonite, L50, M|100\/100\n|switch|p1b: Chien-Pao|Chien-Pao, L50|100\/100\n|switch|p2a: Flutter Mane|Flutter Mane, L50|100\/100\n|switch|p2b: Baxcalibur|Baxcalibur, L50, M|100\/100\n|-ability|p1b: Chien-Pao|Sword of Ruin\n|turn|1\n|\n|t:|1682770506\n|-terastallize|p1a: Dragonite|Normal\n|move|p1a: Dragonite|Extreme Speed|p2b: Baxcalibur\n|-damage|p2b: Baxcalibur|14\/100\n|move|p1b: Chien-Pao|Ice Spinner|p2a: Flutter Mane\n|-damage|p2a: Flutter Mane|18\/100\n|move|p2a: Flutter Mane|Dazzling Gleam|p1b: Chien-Pao|[spread] p1a,p1b\n|-supereffective|p1b: Chien-Pao\n|-damage|p1a: Dragonite|58\/100\n|-enditem|p1b: Chien-Pao|Focus Sash\n|-damage|p1b: Chien-Pao|1\/100\n|move|p2b: Baxcalibur|Glaive Rush|p1a: Dragonite\n|-damage|p1a: Dragonite|0 fnt\n|-singlemove|p2b: Baxcalibur|Glaive Rush|[silent]\n|faint|p1a: Dragonite\n|\n|upkeep\n|\n|t:|1682770519\n|switch|p1a: Flutter Mane|Flutter Mane, L50|100\/100\n|turn|2\n|\n|t:|1682770581\n|-end|p2a: Flutter Mane|Protosynthesis|[silent]\n|switch|p2a: Arcanine|Arcanine, L50, M|100\/100\n|-ability|p2a: Arcanine|Intimidate|boost\n|-unboost|p1a: Flutter Mane|atk|1\n|-unboost|p1b: Chien-Pao|atk|1\n|move|p2b: Baxcalibur|Protect|p2b: Baxcalibur\n|-singleturn|p2b: Baxcalibur|Protect\n|move|p1b: Chien-Pao|Sucker Punch||[still]\n|-fail|p1b: Chien-Pao\n|move|p1a: Flutter Mane|Dazzling Gleam|p2b: Baxcalibur|[spread] p2a\n|-activate|p2b: Baxcalibur|move: Protect\n|-resisted|p2a: Arcanine\n|-damage|p2a: Arcanine|74\/100\n|\n|upkeep\n|turn|3\n|\n|t:|1682770613\n|switch|p1b: Gyarados|Gyarados, L50, F|100\/100\n|-ability|p1b: Gyarados|Intimidate|boost\n|-unboost|p2a: Arcanine|atk|1\n|-fail|p2b: Baxcalibur|unboost|[from] item: Clear Amulet|[of] p2b: Baxcalibur\n|switch|p2b: Amoonguss|Amoonguss, L50, F|100\/100\n|move|p1a: Flutter Mane|Dazzling Gleam|p2a: Arcanine|[spread] p2a,p2b\n|-resisted|p2a: Arcanine\n|-resisted|p2b: Amoonguss\n|-damage|p2a: Arcanine|49\/100\n|-damage|p2b: Amoonguss|83\/100\n|move|p2a: Arcanine|Will-O-Wisp|p1b: Gyarados\n|-status|p1b: Gyarados|brn\n|\n|-damage|p1b: Gyarados|95\/100 brn|[from] brn\n|upkeep\n|turn|4\n|\n|t:|1682770660\n|move|p1a: Flutter Mane|Dazzling Gleam|p2a: Arcanine|[spread] p2a,p2b\n|-resisted|p2a: Arcanine\n|-resisted|p2b: Amoonguss\n|-damage|p2a: Arcanine|21\/100\n|-damage|p2b: Amoonguss|62\/100\n|move|p2a: Arcanine|Will-O-Wisp|p1a: Flutter Mane\n|-status|p1a: Flutter Mane|brn\n|move|p1b: Gyarados|Waterfall|p2a: Arcanine\n|-supereffective|p2a: Arcanine\n|-damage|p2a: Arcanine|0 fnt\n|faint|p2a: Arcanine\n|move|p2b: Amoonguss|Pollen Puff|p2: Arcanine|[notarget]\n|-fail|p2b: Amoonguss\n|\n|-damage|p1a: Flutter Mane|95\/100 brn|[from] brn\n|-damage|p1b: Gyarados|89\/100 brn|[from] brn\n|upkeep\n|\n|t:|1682770670\n|switch|p2a: Flutter Mane|Flutter Mane, L50|18\/100\n|turn|5\n|\n|t:|1682770742\n|-end|p1a: Flutter Mane|Protosynthesis|[silent]\n|switch|p1a: Chien-Pao|Chien-Pao, L50|1\/100\n|-ability|p1a: Chien-Pao|Sword of Ruin\n|switch|p2b: Baxcalibur|Baxcalibur, L50, M|14\/100\n|move|p2a: Flutter Mane|Shadow Ball|p1a: Chien-Pao\n|-resisted|p1a: Chien-Pao\n|-crit|p1a: Chien-Pao\n|-damage|p1a: Chien-Pao|0 fnt\n|faint|p1a: Chien-Pao\n|move|p1b: Gyarados|Waterfall|p2a: Flutter Mane\n|-damage|p2a: Flutter Mane|0 fnt\n|faint|p2a: Flutter Mane\n|-end|p2a: Flutter Mane|Protosynthesis|[silent]\n|\n|-damage|p1b: Gyarados|83\/100 brn|[from] brn\n|upkeep\n|\n|t:|1682770752\n|switch|p1a: Flutter Mane|Flutter Mane, L50|95\/100 brn\n|switch|p2a: Amoonguss|Amoonguss, L50, F|95\/100\n|turn|6\n|\n|t:|1682770786\n|move|p2b: Baxcalibur|Protect|p2b: Baxcalibur\n|-singleturn|p2b: Baxcalibur|Protect\n|move|p1a: Flutter Mane|Dazzling Gleam|p2b: Baxcalibur|[spread] p2a\n|-activate|p2b: Baxcalibur|move: Protect\n|-resisted|p2a: Amoonguss\n|-damage|p2a: Amoonguss|74\/100\n|move|p1b: Gyarados|Thunder Wave|p2a: Amoonguss\n|-status|p2a: Amoonguss|par\n|move|p2a: Amoonguss|Clear Smog|p1b: Gyarados\n|-damage|p1b: Gyarados|68\/100 brn\n|-clearboost|p1b: Gyarados\n|\n|-damage|p1a: Flutter Mane|89\/100 brn|[from] brn\n|-damage|p1b: Gyarados|62\/100 brn|[from] brn\n|upkeep\n|turn|7\n|\n|t:|1682770809\n|-terastallize|p2b: Baxcalibur|Poison\n|move|p2b: Baxcalibur|Protect|p2b: Baxcalibur\n|-singleturn|p2b: Baxcalibur|Protect\n|move|p1a: Flutter Mane|Dazzling Gleam|p2a: Amoonguss|[spread] p2a\n|-activate|p2b: Baxcalibur|move: Protect\n|-resisted|p2a: Amoonguss\n|-damage|p2a: Amoonguss|54\/100 par\n|move|p1b: Gyarados|Waterfall|p2a: Amoonguss\n|-resisted|p2a: Amoonguss\n|-damage|p2a: Amoonguss|47\/100 par\n|-enditem|p2a: Amoonguss|Sitrus Berry|[eat]\n|-heal|p2a: Amoonguss|72\/100 par|[from] item: Sitrus Berry\n|move|p2a: Amoonguss|Clear Smog|p1b: Gyarados\n|-damage|p1b: Gyarados|48\/100 brn\n|-clearboost|p1b: Gyarados\n|\n|-damage|p1a: Flutter Mane|83\/100 brn|[from] brn\n|-damage|p1b: Gyarados|42\/100 brn|[from] brn\n|upkeep\n|turn|8\n|\n|t:|1682770828\n|move|p2b: Baxcalibur|Ice Shard|p1b: Gyarados\n|-damage|p1b: Gyarados|20\/100 brn\n|move|p1a: Flutter Mane|Dazzling Gleam|p2a: Amoonguss|[spread] p2a,p2b\n|-resisted|p2a: Amoonguss\n|-resisted|p2b: Baxcalibur\n|-damage|p2a: Amoonguss|55\/100 par\n|-damage|p2b: Baxcalibur|0 fnt\n|faint|p2b: Baxcalibur\n|move|p1b: Gyarados|Waterfall|p2a: Amoonguss\n|-resisted|p2a: Amoonguss\n|-damage|p2a: Amoonguss|48\/100 par\n|move|p2a: Amoonguss|Clear Smog|p1b: Gyarados\n|-damage|p1b: Gyarados|6\/100 brn\n|-clearboost|p1b: Gyarados\n|\n|-damage|p1a: Flutter Mane|77\/100 brn|[from] brn\n|-damage|p1b: Gyarados|0 fnt|[from] brn\n|faint|p1b: Gyarados\n|upkeep\n|turn|9\n|\n|t:|1682770845\n|move|p1a: Flutter Mane|Dazzling Gleam|p2a: Amoonguss\n|-resisted|p2a: Amoonguss\n|-damage|p2a: Amoonguss|23\/100 par\n|cant|p2a: Amoonguss|par\n|\n|-damage|p1a: Flutter Mane|71\/100 brn|[from] brn\n|upkeep\n|turn|10\n|\n|t:|1682770849\n|move|p1a: Flutter Mane|Dazzling Gleam|p2a: Amoonguss\n|-resisted|p2a: Amoonguss\n|-damage|p2a: Amoonguss|0 fnt\n|faint|p2a: Amoonguss\n|\n|win|pokemon homo\n|l|\u2606qiin5\n","uploadtime":1682770878,"views":15,"p1id":"pokemonhomo","p2id":"qiin5","formatid":"gen9vgc2023regulationc","rating":0,"private":0,"password":""}