{"id":"gen9vgc2023regulationc-1854238642","p1":"VyCanisMajoris3","p2":"MGinger15","format":"[Gen 9] VGC 2023 Regulation C","log":"|j|\u2606VyCanisMajoris3\n|j|\u2606MGinger15\n|t:|1682787262\n|gametype|doubles\n|player|p1|VyCanisMajoris3|cyrus|1112\n|player|p2|MGinger15|101|1030\n|teamsize|p1|6\n|teamsize|p2|6\n|gen|9\n|tier|[Gen 9] VGC 2023 Regulation C\n|rated|\n|rule|Species Clause: Limit one of each Pok\u00e9mon\n|rule|Item Clause: Limit one of each item\n|clearpoke\n|poke|p1|Dondozo, L50, M|\n|poke|p1|Tatsugiri, L50, F|\n|poke|p1|Arcanine, L50, F|\n|poke|p1|Annihilape, L50, M|\n|poke|p1|Flamigo, L50, F|\n|poke|p1|Flutter Mane, L50|\n|poke|p2|Raichu, L50, F|\n|poke|p2|Pelipper, L50, F|\n|poke|p2|Dragapult, L50, M|\n|poke|p2|Gastrodon-East, L50, M|\n|poke|p2|Amoonguss, L50, M|\n|poke|p2|Drednaw, L50, M|\n|teampreview|4\n|\n|t:|1682787280\n|start\n|switch|p1a: Flutter Mane|Flutter Mane, L50|100\/100\n|switch|p1b: Tatsugiri|Tatsugiri, L50, F|100\/100\n|switch|p2a: Pelipper|Pelipper, L50, F|100\/100\n|switch|p2b: Gastrodon|Gastrodon-East, L50, M|100\/100\n|-weather|RainDance|[from] ability: Drizzle|[of] p2a: Pelipper\n|-enditem|p1a: Flutter Mane|Booster Energy\n|-activate|p1a: Flutter Mane|ability: Protosynthesis|[fromitem]\n|-start|p1a: Flutter Mane|protosynthesisspe\n|turn|1\n|\n|t:|1682787301\n|move|p1a: Flutter Mane|Moonblast|p2b: Gastrodon\n|-damage|p2b: Gastrodon|55\/100\n|move|p1b: Tatsugiri|Substitute|p1b: Tatsugiri\n|-start|p1b: Tatsugiri|Substitute\n|-damage|p1b: Tatsugiri|76\/100\n|move|p2a: Pelipper|Tailwind|p2a: Pelipper\n|-sidestart|p2: MGinger15|move: Tailwind\n|move|p2b: Gastrodon|Stockpile|p2b: Gastrodon\n|-start|p2b: Gastrodon|stockpile1\n|-boost|p2b: Gastrodon|def|1\n|-boost|p2b: Gastrodon|spd|1\n|\n|-weather|RainDance|[upkeep]\n|-heal|p2b: Gastrodon|61\/100|[from] item: Leftovers\n|-status|p1b: Tatsugiri|tox|[from] item: Toxic Orb\n|upkeep\n|turn|2\n|\n|t:|1682787325\n|move|p1a: Flutter Mane|Moonblast|p2b: Gastrodon\n|-damage|p2b: Gastrodon|30\/100\n|move|p2a: Pelipper|Hurricane|p1a: Flutter Mane\n|-damage|p1a: Flutter Mane|54\/100\n|-start|p1a: Flutter Mane|confusion\n|move|p1b: Tatsugiri|Draco Meteor|p2b: Gastrodon\n|-damage|p2b: Gastrodon|0 fnt\n|-unboost|p1b: Tatsugiri|spa|2\n|faint|p2b: Gastrodon\n|\n|-weather|RainDance|[upkeep]\n|-damage|p1b: Tatsugiri|70\/100 tox|[from] psn\n|upkeep\n|\n|t:|1682787342\n|switch|p2b: Amoonguss|Amoonguss, L50, M|100\/100\n|turn|3\n|\n|t:|1682787355\n|-activate|p1a: Flutter Mane|confusion\n|move|p1a: Flutter Mane|Memento|p2a: Pelipper\n|-unboost|p2a: Pelipper|atk|2\n|-unboost|p2a: Pelipper|spa|2\n|faint|p1a: Flutter Mane\n|-end|p1a: Flutter Mane|Protosynthesis|[silent]\n|move|p2a: Pelipper|Hurricane|p1b: Tatsugiri\n|-end|p1b: Tatsugiri|Substitute\n|move|p1b: Tatsugiri|Icy Wind|p2a: Pelipper|[spread] p2a,p2b\n|-supereffective|p2b: Amoonguss\n|-crit|p2b: Amoonguss\n|-damage|p2a: Pelipper|91\/100\n|-damage|p2b: Amoonguss|76\/100\n|-unboost|p2a: Pelipper|spe|1\n|-unboost|p2b: Amoonguss|spe|1\n|move|p2b: Amoonguss|Spore||[still]\n|-fail|p2b: Amoonguss\n|\n|-weather|RainDance|[upkeep]\n|-damage|p1b: Tatsugiri|59\/100 tox|[from] psn\n|upkeep\n|\n|t:|1682787370\n|switch|p1a: Dondozo|Dondozo, L50, M|100\/100\n|-activate|p1b: Tatsugiri|ability: Commander|[of] p1a: Dondozo\n|-boost|p1a: Dondozo|atk|2\n|-boost|p1a: Dondozo|spa|2\n|-boost|p1a: Dondozo|spe|2\n|-boost|p1a: Dondozo|def|2\n|-boost|p1a: Dondozo|spd|2\n|turn|4\n|\n|t:|1682787400\n|-terastallize|p1a: Dondozo|Grass\n|move|p2a: Pelipper|Hurricane|p1a: Dondozo\n|-supereffective|p1a: Dondozo\n|-damage|p1a: Dondozo|77\/100\n|move|p1a: Dondozo|Substitute|p1a: Dondozo\n|-start|p1a: Dondozo|Substitute\n|-damage|p1a: Dondozo|52\/100\n|move|p2b: Amoonguss|Spore|p1a: Dondozo\n|-immune|p1a: Dondozo\n|\n|-weather|RainDance|[upkeep]\n|-heal|p1a: Dondozo|58\/100|[from] item: Leftovers\n|-damage|p1b: Tatsugiri|42\/100 tox|[from] psn\n|-sideend|p2: MGinger15|move: Tailwind\n|upkeep\n|turn|5\n|\n|t:|1682787435\n|move|p1a: Dondozo|Protect|p1a: Dondozo\n|-singleturn|p1a: Dondozo|Protect\n|move|p2b: Amoonguss|Protect|p2b: Amoonguss\n|-singleturn|p2b: Amoonguss|Protect\n|move|p2a: Pelipper|Hurricane|p1a: Dondozo\n|-activate|p1a: Dondozo|move: Protect\n|\n|-weather|RainDance|[upkeep]\n|-heal|p1a: Dondozo|65\/100|[from] item: Leftovers\n|-damage|p1b: Tatsugiri|19\/100 tox|[from] psn\n|upkeep\n|turn|6\n|\n|t:|1682787458\n|move|p1a: Dondozo|Earthquake|p2a: Pelipper|[spread] p2b\n|-miss|p1a: Dondozo|p1b: Tatsugiri\n|-immune|p2a: Pelipper\n|-damage|p2b: Amoonguss|27\/100\n|move|p2a: Pelipper|Hurricane|p1a: Dondozo\n|-supereffective|p1a: Dondozo\n|-end|p1a: Dondozo|Substitute\n|move|p2b: Amoonguss|Pollen Puff|p2a: Pelipper\n|-heal|p2a: Pelipper|100\/100\n|\n|-weather|RainDance|[upkeep]\n|-heal|p1a: Dondozo|71\/100|[from] item: Leftovers\n|-damage|p1b: Tatsugiri|0 fnt|[from] psn\n|faint|p1b: Tatsugiri\n|upkeep\n|\n|t:|1682787477\n|switch|p1b: Flamigo|Flamigo, L50, F|100\/100\n|-copyboost|p1b: Flamigo|p1a: Dondozo|[from] ability: Costar\n|turn|7\n|\n|t:|1682787499\n|move|p2b: Amoonguss|Protect|p2b: Amoonguss\n|-singleturn|p2b: Amoonguss|Protect\n|move|p1b: Flamigo|Brave Bird|p2a: Pelipper\n|-damage|p2a: Pelipper|0 fnt\n|faint|p2a: Pelipper\n|-damage|p1b: Flamigo|77\/100|[from] Recoil\n|move|p1a: Dondozo|Earthquake|p2b: Amoonguss|[spread] \n|-activate|p2b: Amoonguss|move: Protect\n|-immune|p1b: Flamigo\n|\n|-weather|RainDance|[upkeep]\n|-heal|p1a: Dondozo|77\/100|[from] item: Leftovers\n|upkeep\n|\n|t:|1682787512\n|switch|p2a: Raichu|Raichu, L50, F|100\/100\n|turn|8\n|\n|t:|1682787534\n|-terastallize|p2a: Raichu|Flying\n|move|p2a: Raichu|Fake Out|p1a: Dondozo\n|-damage|p1a: Dondozo|74\/100\n|-damage|p2a: Raichu|91\/100|[from] item: Life Orb\n|move|p1b: Flamigo|Close Combat|p2a: Raichu\n|-resisted|p2a: Raichu\n|-damage|p2a: Raichu|0 fnt\n|-unboost|p1b: Flamigo|def|1\n|-unboost|p1b: Flamigo|spd|1\n|faint|p2a: Raichu\n|cant|p1a: Dondozo|flinch\n|move|p2b: Amoonguss|Spore|p1b: Flamigo\n|-status|p1b: Flamigo|slp|[from] move: Spore\n|\n|-weather|none\n|-heal|p1a: Dondozo|80\/100|[from] item: Leftovers\n|upkeep\n|turn|9\n|\n|t:|1682787556\n|move|p2b: Amoonguss|Protect|p2b: Amoonguss\n|-singleturn|p2b: Amoonguss|Protect\n|cant|p1b: Flamigo|slp\n|move|p1a: Dondozo|Earthquake|p2b: Amoonguss|[spread] \n|-activate|p2b: Amoonguss|move: Protect\n|-immune|p1b: Flamigo\n|\n|-heal|p1a: Dondozo|86\/100|[from] item: Leftovers\n|upkeep\n|turn|10\n|\n|t:|1682787567\n|move|p2b: Amoonguss|Rage Powder|p2b: Amoonguss\n|-singleturn|p2b: Amoonguss|move: Rage Powder\n|-curestatus|p1b: Flamigo|slp|[msg]\n|move|p1b: Flamigo|Brave Bird|p2b: Amoonguss\n|-supereffective|p2b: Amoonguss\n|-damage|p2b: Amoonguss|0 fnt\n|-damage|p1b: Flamigo|60\/100|[from] item: Rocky Helmet|[of] p2b: Amoonguss\n|faint|p2b: Amoonguss\n|-damage|p1b: Flamigo|50\/100|[from] Recoil\n|\n|win|VyCanisMajoris3\n|raw|VyCanisMajoris3's rating: 1112 → 1131<\/strong> (+19 for winning)\n|raw|MGinger15's rating: 1030 → 1019<\/strong> (-11 for losing)\n","uploadtime":1682787578,"views":16,"p1id":"vycanismajoris3","p2id":"mginger15","formatid":"gen9vgc2023regulationc","rating":1019,"private":0,"password":""}