{"id":"gen9vgc2023regulationc-1858044891","p1":"carlospe1205","p2":"B.AngelOwO","format":"[Gen 9] VGC 2023 Regulation C","log":"|j|\u2606carlospe1205\n|j|\u2606B.AngelOwO\n|t:|1683265872\n|gametype|doubles\n|player|p1|carlospe1205|bugsy|1107\n|player|p2|B.AngelOwO|guitarist|1029\n|teamsize|p1|6\n|teamsize|p2|6\n|gen|9\n|tier|[Gen 9] VGC 2023 Regulation C\n|rated|\n|rule|Species Clause: Limit one of each Pok\u00e9mon\n|rule|Item Clause: Limit one of each item\n|clearpoke\n|poke|p1|Baxcalibur, L50, M|\n|poke|p1|Talonflame, L50, M|\n|poke|p1|Amoonguss, L50, M|\n|poke|p1|Grimmsnarl, L50, M|\n|poke|p1|Flutter Mane, L50|\n|poke|p1|Chi-Yu, L50|\n|poke|p2|Scizor, L50, M|\n|poke|p2|Dragapult, L50, M|\n|poke|p2|Gyarados, L50, M|\n|poke|p2|Wo-Chien, L50|\n|poke|p2|Iron Valiant, L50|\n|poke|p2|Corviknight, L50, M|\n|teampreview|4\n|inactive|Battle timer is ON: inactive players will automatically lose when time's up. (requested by B.AngelOwO)\n|\n|t:|1683265892\n|start\n|switch|p1a: Krompus|Grimmsnarl, L50, M|100\/100\n|switch|p1b: AMOGUS|Amoonguss, L50, M|100\/100\n|switch|p2a: Wo-Chien|Wo-Chien, L50|100\/100\n|switch|p2b: Scizor|Scizor, L50, M|100\/100\n|-ability|p2a: Wo-Chien|Tablets of Ruin\n|turn|1\n|\n|t:|1683265905\n|move|p1a: Krompus|Fake Out|p2a: Wo-Chien\n|-damage|p2a: Wo-Chien|93\/100\n|cant|p2a: Wo-Chien|flinch\n|move|p2b: Scizor|Focus Energy|p2b: Scizor\n|-start|p2b: Scizor|move: Focus Energy\n|move|p1b: AMOGUS|Spore|p2b: Scizor\n|-status|p2b: Scizor|slp|[from] move: Spore\n|\n|-heal|p2a: Wo-Chien|99\/100|[from] item: Leftovers\n|upkeep\n|turn|2\n|\n|t:|1683265922\n|switch|p1b: Luz|Chi-Yu, L50|100\/100\n|-ability|p1b: Luz|Beads of Ruin\n|move|p1a: Krompus|Reflect|p1a: Krompus\n|-sidestart|p1: carlospe1205|Reflect\n|move|p2a: Wo-Chien|Leech Seed|p1a: Krompus|[miss]\n|-miss|p2a: Wo-Chien|p1a: Krompus\n|cant|p2b: Scizor|slp\n|\n|-heal|p2a: Wo-Chien|100\/100|[from] item: Leftovers\n|upkeep\n|turn|3\n|\n|t:|1683265941\n|switch|p1a: AMOGUS|Amoonguss, L50, M|100\/100\n|-terastallize|p2b: Scizor|Water\n|move|p1b: Luz|Heat Wave|p2a: Wo-Chien|[spread] p2a,p2b\n|-supereffective|p2a: Wo-Chien\n|-resisted|p2b: Scizor\n|-damage|p2a: Wo-Chien|26\/100\n|-damage|p2b: Scizor|72\/100 slp\n|-damage|p1b: Luz|91\/100|[from] item: Life Orb\n|move|p2a: Wo-Chien|Leech Seed|p1b: Luz\n|-start|p1b: Luz|move: Leech Seed\n|cant|p2b: Scizor|slp\n|\n|-heal|p2a: Wo-Chien|32\/100|[from] item: Leftovers\n|-damage|p1b: Luz|78\/100|[from] Leech Seed|[of] p2a: Wo-Chien\n|-heal|p2a: Wo-Chien|43\/100|[silent]\n|upkeep\n|turn|4\n|\n|t:|1683265964\n|move|p2a: Wo-Chien|Protect|p2a: Wo-Chien\n|-singleturn|p2a: Wo-Chien|Protect\n|move|p1b: Luz|Nasty Plot|p1b: Luz\n|-boost|p1b: Luz|spa|2\n|cant|p2b: Scizor|slp\n|move|p1a: AMOGUS|Pollen Puff|p1b: Luz\n|-heal|p1b: Luz|100\/100\n|\n|-heal|p2a: Wo-Chien|49\/100|[from] item: Leftovers\n|-damage|p1b: Luz|88\/100|[from] Leech Seed|[of] p2a: Wo-Chien\n|-heal|p2a: Wo-Chien|59\/100|[silent]\n|upkeep\n|turn|5\n|\n|t:|1683265986\n|move|p1a: AMOGUS|Rage Powder|p1a: AMOGUS\n|-singleturn|p1a: AMOGUS|move: Rage Powder\n|move|p1b: Luz|Heat Wave|p2b: Scizor|[spread] p2a,p2b\n|-supereffective|p2a: Wo-Chien\n|-resisted|p2b: Scizor\n|-damage|p2a: Wo-Chien|0 fnt\n|-damage|p2b: Scizor|11\/100 slp\n|-enditem|p2b: Scizor|Sitrus Berry|[eat]\n|-heal|p2b: Scizor|36\/100 slp|[from] item: Sitrus Berry\n|faint|p2a: Wo-Chien\n|-damage|p1b: Luz|78\/100|[from] item: Life Orb\n|-curestatus|p2b: Scizor|slp|[msg]\n|move|p2b: Scizor|Baton Pass|p2b: Scizor\n|\n|t:|1683266000\n|switch|p2b: Dragapult|Dragapult, L50, M|100\/100|[from] Baton Pass\n|\n|upkeep\n|\n|t:|1683266008\n|switch|p2a: Scizor|Scizor, L50, M, tera:Water|36\/100\n|turn|6\n|\n|t:|1683266028\n|move|p1a: AMOGUS|Rage Powder|p1a: AMOGUS\n|-singleturn|p1a: AMOGUS|move: Rage Powder\n|move|p2b: Dragapult|Draco Meteor|p1a: AMOGUS\n|-crit|p1a: AMOGUS\n|-damage|p1a: AMOGUS|0 fnt\n|-unboost|p2b: Dragapult|spa|2\n|faint|p1a: AMOGUS\n|move|p1b: Luz|Dark Pulse|p2b: Dragapult\n|-supereffective|p2b: Dragapult\n|-damage|p2b: Dragapult|0 fnt\n|faint|p2b: Dragapult\n|-damage|p1b: Luz|68\/100|[from] item: Life Orb\n|move|p2a: Scizor|Focus Energy|p2a: Scizor\n|-start|p2a: Scizor|move: Focus Energy\n|\n|-damage|p1b: Luz|56\/100|[from] Leech Seed|[of] p2a: Scizor\n|-heal|p2a: Scizor|47\/100|[silent]\n|upkeep\n|-message|B.AngelOwO forfeited.\n|\n|win|carlospe1205\n|raw|carlospe1205's rating: 1107 → 1126<\/strong> (+19 for winning)\n|raw|B.AngelOwO's rating: 1029 → 1018<\/strong> (-11 for losing)\n|l|\u2606B.AngelOwO\n","uploadtime":1683266050,"views":10,"p1id":"carlospe1205","p2id":"bangelowo","formatid":"gen9vgc2023regulationc","rating":1018,"private":0,"password":""}