{"id":"gen9vgc2023regulationc-1846065560","p1":"Silthreent","p2":"Flytrapin","format":"[Gen 9] VGC 2023 Regulation C","log":"|j|\u2606Silthreent\n|j|\u2606Flytrapin\n|t:|1681800468\n|gametype|doubles\n|player|p1|Silthreent|veteranf|1100\n|player|p2|Flytrapin|alder|1023\n|teamsize|p1|6\n|teamsize|p2|6\n|gen|9\n|tier|[Gen 9] VGC 2023 Regulation C\n|rated|\n|rule|Species Clause: Limit one of each Pok\u00e9mon\n|rule|Item Clause: Limit one of each item\n|clearpoke\n|poke|p1|Dragapult, L50, M|\n|poke|p1|Arboliva, L50, F|\n|poke|p1|Farigiraf, L50, F|\n|poke|p1|Azumarill, L50, F|\n|poke|p1|Grimmsnarl, L50, M|\n|poke|p1|Garganacl, L50, M|\n|poke|p2|Armarouge, L50, F|\n|poke|p2|Iron Bundle, L50|\n|poke|p2|Indeedee-F, L50, F|\n|poke|p2|Meowscarada, L50, F|\n|poke|p2|Tauros-Paldea-Blaze, L50, M|\n|poke|p2|Golduck, L50, M|\n|teampreview|4\n|inactive|Battle timer is ON: inactive players will automatically lose when time's up. (requested by Flytrapin)\n|inactive|Silthreent also wants the timer to be on.\n|inactive|Silthreent has 60 seconds left.\n|\n|t:|1681800507\n|start\n|switch|p1a: Azumarill|Azumarill, L50, F|100\/100\n|switch|p1b: Garganacl|Garganacl, L50, M|100\/100\n|switch|p2a: Meowscarada|Meowscarada, L50, F|100\/100\n|switch|p2b: Indeedee|Indeedee-F, L50, F|100\/100\n|-fieldstart|move: Psychic Terrain|[from] ability: Psychic Surge|[of] p2b: Indeedee\n|turn|1\n|inactive|Flytrapin has 30 seconds left.\n|\n|t:|1681800537\n|move|p1a: Azumarill|Protect|p1a: Azumarill\n|-singleturn|p1a: Azumarill|Protect\n|move|p2b: Indeedee|Fake Out|p1a: Azumarill\n|-activate|p1a: Azumarill|move: Psychic Terrain\n|move|p2a: Meowscarada|Flower Trick|p1b: Garganacl\n|-start|p2a: Meowscarada|typechange|Grass|[from] ability: Protean\n|-supereffective|p1b: Garganacl\n|-crit|p1b: Garganacl\n|-damage|p1b: Garganacl|54\/100\n|move|p1b: Garganacl|Salt Cure|p2a: Meowscarada\n|-damage|p2a: Meowscarada|84\/100\n|\n|-heal|p1b: Garganacl|60\/100|[from] item: Leftovers\n|upkeep\n|turn|2\n|inactive|Flytrapin has 30 seconds left.\n|\n|t:|1681800569\n|switch|p2b: Tauros|Tauros-Paldea-Blaze, L50, M|100\/100\n|move|p2a: Meowscarada|Flower Trick|p2b: Tauros\n|-resisted|p2b: Tauros\n|-crit|p2b: Tauros\n|-damage|p2b: Tauros|81\/100\n|-setboost|p2b: Tauros|atk|6|[from] ability: Anger Point\n|move|p1a: Azumarill|Ice Spinner|p2a: Meowscarada\n|-supereffective|p2a: Meowscarada\n|-damage|p2a: Meowscarada|0 fnt\n|-fieldend|move: Psychic Terrain\n|faint|p2a: Meowscarada\n|-damage|p1a: Azumarill|91\/100|[from] item: Life Orb\n|move|p1b: Garganacl|Recover|p1b: Garganacl\n|-heal|p1b: Garganacl|100\/100\n|\n|upkeep\n|\n|t:|1681800572\n|switch|p2a: Indeedee|Indeedee-F, L50, F|100\/100\n|-fieldstart|move: Psychic Terrain|[from] ability: Psychic Surge|[of] p2a: Indeedee\n|turn|3\n|\n|t:|1681800593\n|-terastallize|p2b: Tauros|Grass\n|move|p2a: Indeedee|Fake Out|p1a: Azumarill\n|-activate|p1a: Azumarill|move: Psychic Terrain\n|move|p2b: Tauros|Trailblaze|p1b: Garganacl\n|-supereffective|p1b: Garganacl\n|-damage|p1b: Garganacl|0 fnt\n|-boost|p2b: Tauros|spe|1\n|faint|p1b: Garganacl\n|move|p1a: Azumarill|Play Rough|p2b: Tauros\n|-damage|p2b: Tauros|0 fnt\n|faint|p2b: Tauros\n|-damage|p1a: Azumarill|81\/100|[from] item: Life Orb\n|\n|upkeep\n|\n|t:|1681800613\n|switch|p2b: Armarouge|Armarouge, L50, F|100\/100\n|switch|p1b: Arboliva|Arboliva, L50, F|100\/100\n|turn|4\n|\n|t:|1681800628\n|-terastallize|p1b: Arboliva|Water\n|move|p2b: Armarouge|Endure|p2b: Armarouge\n|-singleturn|p2b: Armarouge|move: Endure\n|move|p2a: Indeedee|Reflect|p2a: Indeedee\n|-sidestart|p2: Flytrapin|Reflect\n|move|p1a: Azumarill|Ice Spinner|p2a: Indeedee\n|-damage|p2a: Indeedee|71\/100\n|-fieldend|move: Psychic Terrain\n|-damage|p1a: Azumarill|72\/100|[from] item: Life Orb\n|move|p1b: Arboliva|Earth Power|p2b: Armarouge\n|-supereffective|p2b: Armarouge\n|-damage|p2b: Armarouge|13\/100\n|-unboost|p2b: Armarouge|spd|1\n|-enditem|p2b: Armarouge|Weakness Policy\n|-boost|p2b: Armarouge|atk|2|[from] item: Weakness Policy\n|-boost|p2b: Armarouge|spa|2|[from] item: Weakness Policy\n|\n|upkeep\n|turn|5\n|\n|t:|1681800648\n|move|p1a: Azumarill|Aqua Jet|p2b: Armarouge\n|-supereffective|p2b: Armarouge\n|-damage|p2b: Armarouge|0 fnt\n|faint|p2b: Armarouge\n|-damage|p1a: Azumarill|62\/100|[from] item: Life Orb\n|move|p2a: Indeedee|Psych Up|p2: Armarouge|[notarget]\n|-fail|p2a: Indeedee\n|move|p1b: Arboliva|Hyper Voice|p2a: Indeedee\n|-damage|p2a: Indeedee|24\/100\n|\n|upkeep\n|turn|6\n|-message|Flytrapin forfeited.\n|\n|win|Silthreent\n|raw|Silthreent's rating: 1100 → 1122<\/strong> (+22 for winning)\n|raw|Flytrapin's rating: 1063 → 1046<\/strong> (-17 for losing)\n|l|\u2606Flytrapin\n","uploadtime":1681800660,"views":9,"p1id":"silthreent","p2id":"flytrapin","formatid":"gen9vgc2023regulationc","rating":1046,"private":0,"password":""}