{"id":"gen9vgc2023regulationc-1861053767","p1":"D-scNSe","p2":"Eliseo1995","format":"[Gen 9] VGC 2023 Regulation C","log":"|j|\u2606D-scNSe\n|j|\u2606Eliseo1995\n|t:|1683721418\n|gametype|doubles\n|player|p1|D-scNSe|169|1340\n|player|p2|Eliseo1995|bugcatcher-gen4dp|1374\n|teamsize|p1|6\n|teamsize|p2|6\n|gen|9\n|tier|[Gen 9] VGC 2023 Regulation C\n|rated|\n|rule|Species Clause: Limit one of each Pok\u00e9mon\n|rule|Item Clause: Limit one of each item\n|clearpoke\n|poke|p1|Flutter Mane, L50|\n|poke|p1|Ting-Lu, L50|\n|poke|p1|Maushold-Four, L50|\n|poke|p1|Annihilape, L50, F|\n|poke|p1|Iron Bundle, L50|\n|poke|p1|Arcanine, L50, M|\n|poke|p2|Iron Hands, L50|\n|poke|p2|Gyarados, L50, M|\n|poke|p2|Scream Tail, L50|\n|poke|p2|Pelipper, L50, F|\n|poke|p2|Gastrodon, L50, F|\n|poke|p2|Dragonite, L50, M|\n|teampreview|4\n|inactive|Battle timer is ON: inactive players will automatically lose when time's up. (requested by D-scNSe)\n|\n|t:|1683721460\n|start\n|switch|p1a: Ting-Lu|Ting-Lu, L50|100\/100\n|switch|p1b: Annihilape|Annihilape, L50, F|100\/100\n|switch|p2a: Gastrodon|Gastrodon, L50, F|100\/100\n|switch|p2b: Pelipper|Pelipper, L50, F|100\/100\n|-weather|RainDance|[from] ability: Drizzle|[of] p2b: Pelipper\n|-ability|p1a: Ting-Lu|Vessel of Ruin\n|turn|1\n|\n|t:|1683721484\n|switch|p1b: Maushold|Maushold-Four, L50|100\/100\n|-terastallize|p1a: Ting-Lu|Poison\n|move|p2b: Pelipper|Surf|p1b: Maushold|[spread] p1a,p1b\n|-ability|p2a: Gastrodon|Storm Drain|boost\n|-boost|p2a: Gastrodon|spa|1\n|-damage|p1a: Ting-Lu|87\/100\n|-damage|p1b: Maushold|67\/100\n|move|p2a: Gastrodon|Surf|p1b: Maushold|[spread] p2b,p1a,p1b\n|-resisted|p2b: Pelipper\n|-damage|p2b: Pelipper|46\/100\n|-damage|p1a: Ting-Lu|59\/100\n|-damage|p1b: Maushold|5\/100\n|-damage|p2a: Gastrodon|91\/100|[from] item: Life Orb\n|move|p1a: Ting-Lu|Stone Edge|p2b: Pelipper\n|-supereffective|p2b: Pelipper\n|-damage|p2b: Pelipper|0 fnt\n|faint|p2b: Pelipper\n|\n|-weather|RainDance|[upkeep]\n|upkeep\n|inactive|Eliseo1995 has 30 seconds left.\n|\n|t:|1683721511\n|switch|p2b: Iron Hands|Iron Hands, L50|100\/100\n|turn|2\n|\n|t:|1683721524\n|move|p1b: Maushold|Protect|p1b: Maushold\n|-singleturn|p1b: Maushold|Protect\n|move|p2b: Iron Hands|Fake Out|p1b: Maushold\n|-activate|p1b: Maushold|move: Protect\n|move|p2a: Gastrodon|Earth Power|p1a: Ting-Lu\n|-supereffective|p1a: Ting-Lu\n|-damage|p1a: Ting-Lu|11\/100\n|-damage|p2a: Gastrodon|81\/100|[from] item: Life Orb\n|move|p1a: Ting-Lu|Stomping Tantrum|p2b: Iron Hands\n|-supereffective|p2b: Iron Hands\n|-damage|p2b: Iron Hands|61\/100\n|\n|-weather|RainDance|[upkeep]\n|upkeep\n|turn|3\n|\n|t:|1683721544\n|move|p2a: Gastrodon|Protect|p2a: Gastrodon\n|-singleturn|p2a: Gastrodon|Protect\n|move|p1b: Maushold|Follow Me|p1b: Maushold\n|-singleturn|p1b: Maushold|move: Follow Me\n|move|p2b: Iron Hands|Volt Switch|p1b: Maushold\n|-damage|p1b: Maushold|0 fnt\n|faint|p1b: Maushold\n|\n|t:|1683721553\n|-end|p2b: Iron Hands|Quark Drive|[silent]\n|switch|p2b: Scream Tail|Scream Tail, L50|100\/100|[from] Volt Switch\n|-enditem|p2b: Scream Tail|Booster Energy\n|-activate|p2b: Scream Tail|ability: Protosynthesis|[fromitem]\n|-start|p2b: Scream Tail|protosynthesisspe\n|move|p1a: Ting-Lu|Stomping Tantrum|p2b: Scream Tail\n|-damage|p2b: Scream Tail|73\/100\n|\n|-weather|RainDance|[upkeep]\n|upkeep\n|\n|t:|1683721562\n|switch|p1b: Annihilape|Annihilape, L50, F|100\/100\n|turn|4\n|\n|t:|1683721570\n|move|p2b: Scream Tail|Protect|p2b: Scream Tail\n|-singleturn|p2b: Scream Tail|Protect\n|move|p1b: Annihilape|Rage Fist|p2b: Scream Tail\n|-activate|p2b: Scream Tail|move: Protect\n|move|p2a: Gastrodon|Surf|p1a: Ting-Lu|[spread] p1a,p1b\n|-activate|p2b: Scream Tail|move: Protect\n|-damage|p1a: Ting-Lu|0 fnt\n|-damage|p1b: Annihilape|42\/100\n|faint|p1a: Ting-Lu\n|-damage|p2a: Gastrodon|72\/100|[from] item: Life Orb\n|\n|-weather|RainDance|[upkeep]\n|-heal|p1b: Annihilape|48\/100|[from] item: Leftovers\n|upkeep\n|\n|t:|1683721581\n|switch|p1a: Arcanine|Arcanine, L50, M|100\/100\n|-ability|p1a: Arcanine|Intimidate|boost\n|-unboost|p2a: Gastrodon|atk|1\n|-unboost|p2b: Scream Tail|atk|1\n|turn|5\n|\n|t:|1683721606\n|move|p2b: Scream Tail|Play Rough|p1b: Annihilape\n|-supereffective|p1b: Annihilape\n|-crit|p1b: Annihilape\n|-damage|p1b: Annihilape|0 fnt\n|faint|p1b: Annihilape\n|move|p1a: Arcanine|Snarl|p2b: Scream Tail|[spread] p2a,p2b\n|-damage|p2a: Gastrodon|63\/100\n|-damage|p2b: Scream Tail|67\/100\n|-unboost|p2a: Gastrodon|spa|1\n|-unboost|p2b: Scream Tail|spa|1\n|move|p2a: Gastrodon|Surf|p1a: Arcanine|[spread] p2b,p1a\n|-supereffective|p1a: Arcanine\n|-damage|p2b: Scream Tail|26\/100\n|-damage|p1a: Arcanine|0 fnt\n|faint|p1a: Arcanine\n|-damage|p2a: Gastrodon|54\/100|[from] item: Life Orb\n|\n|win|Eliseo1995\n|raw|D-scNSe's rating: 1340 → 1322<\/strong> (-18 for losing)\n|raw|Eliseo1995's rating: 1374 → 1392<\/strong> (+18 for winning)\n","uploadtime":1683721617,"views":12,"p1id":"dscnse","p2id":"eliseo1995","formatid":"gen9vgc2023regulationc","rating":1322,"private":0,"password":""}