{"id":"gen9vgc2023regulationc-1863880762","p1":"HarlequinIvy","p2":"mathtass","format":"[Gen 9] VGC 2023 Regulation C","log":"|j|\u2606HarlequinIvy\n|j|\u2606mathtass\n|t:|1684088828\n|gametype|doubles\n|player|p1|HarlequinIvy|parasollady|1402\n|player|p2|mathtass|101|1355\n|teamsize|p1|6\n|teamsize|p2|6\n|gen|9\n|tier|[Gen 9] VGC 2023 Regulation C\n|rated|\n|rule|Species Clause: Limit one of each Pok\u00e9mon\n|rule|Item Clause: Limit one of each item\n|clearpoke\n|poke|p1|Iron Bundle, L50|\n|poke|p1|Amoonguss, L50, M|\n|poke|p1|Arcanine, L50, M|\n|poke|p1|Flutter Mane, L50|\n|poke|p1|Stonjourner, L50, F|\n|poke|p1|Farigiraf, L50, F|\n|poke|p2|Palafin, L50, M|\n|poke|p2|Chien-Pao, L50|\n|poke|p2|Dragapult, L50, F|\n|poke|p2|Amoonguss, L50, F|\n|poke|p2|Arcanine, L50, M|\n|poke|p2|Flutter Mane, L50|\n|teampreview|4\n|\n|t:|1684088869\n|start\n|switch|p1a: Frambuesa|Iron Bundle, L50|100\/100\n|switch|p1b: Fresita|Arcanine, L50, M|100\/100\n|switch|p2a: Blair|Dragapult, L50, F, shiny|100\/100\n|switch|p2b: Dante|Chien-Pao, L50|100\/100\n|-ability|p2b: Dante|Sword of Ruin\n|-ability|p1b: Fresita|Intimidate|boost\n|-fail|p2a: Blair|unboost|[from] ability: Clear Body|[of] p2a: Blair\n|-unboost|p2b: Dante|atk|1\n|-enditem|p1a: Frambuesa|Booster Energy\n|-activate|p1a: Frambuesa|ability: Quark Drive|[fromitem]\n|-start|p1a: Frambuesa|quarkdrivespe\n|turn|1\n|\n|t:|1684088894\n|switch|p2b: Leon|Arcanine, L50, M, shiny|100\/100\n|-ability|p2b: Leon|Intimidate|boost\n|-unboost|p1a: Frambuesa|atk|1\n|-unboost|p1b: Fresita|atk|1\n|-terastallize|p1a: Frambuesa|Ice\n|move|p1a: Frambuesa|Icy Wind|p2b: Leon|[spread] p2a,p2b\n|-supereffective|p2a: Blair\n|-crit|p2a: Blair\n|-resisted|p2b: Leon\n|-damage|p2a: Blair|0 fnt\n|-damage|p2b: Leon|85\/100\n|-unboost|p2b: Leon|spe|1\n|faint|p2a: Blair\n|move|p1b: Fresita|Flare Blitz|p2b: Leon\n|-resisted|p2b: Leon\n|-damage|p2b: Leon|67\/100\n|-damage|p1b: Fresita|94\/100|[from] Recoil\n|\n|upkeep\n|\n|t:|1684088904\n|switch|p2a: Dante|Chien-Pao, L50|100\/100\n|-ability|p2a: Dante|Sword of Ruin\n|turn|2\n|\n|t:|1684088915\n|move|p2a: Dante|Protect|p2a: Dante\n|-singleturn|p2a: Dante|Protect\n|move|p1b: Fresita|Extreme Speed|p2a: Dante\n|-activate|p2a: Dante|move: Protect\n|move|p1a: Frambuesa|Icy Wind|p2a: Dante|[spread] p2b\n|-activate|p2a: Dante|move: Protect\n|-resisted|p2b: Leon\n|-crit|p2b: Leon\n|-damage|p2b: Leon|40\/100\n|-unboost|p2b: Leon|spe|1\n|-enditem|p2b: Leon|Sitrus Berry|[eat]\n|-heal|p2b: Leon|65\/100|[from] item: Sitrus Berry\n|move|p2b: Leon|Flare Blitz|p1a: Frambuesa\n|-supereffective|p1a: Frambuesa\n|-damage|p1a: Frambuesa|0 fnt\n|faint|p1a: Frambuesa\n|-end|p1a: Frambuesa|Quark Drive|[silent]\n|-damage|p2b: Leon|43\/100|[from] Recoil\n|\n|upkeep\n|\n|t:|1684088920\n|switch|p1a: Parchita|Flutter Mane, L50|100\/100\n|turn|3\n|\n|t:|1684088947\n|-terastallize|p2a: Dante|Ghost\n|move|p1a: Parchita|Protect|p1a: Parchita\n|-singleturn|p1a: Parchita|Protect\n|move|p2a: Dante|Ice Spinner|p1a: Parchita\n|-activate|p1a: Parchita|move: Protect\n|move|p1b: Fresita|Will-O-Wisp|p2a: Dante\n|-status|p2a: Dante|brn\n|move|p2b: Leon|Flare Blitz|p1a: Parchita\n|-activate|p1a: Parchita|move: Protect\n|\n|-damage|p2a: Dante|95\/100 brn|[from] brn\n|upkeep\n|turn|4\n|\n|t:|1684088963\n|move|p1b: Fresita|Extreme Speed|p2b: Leon\n|-damage|p2b: Leon|20\/100\n|move|p2a: Dante|Sucker Punch|p1a: Parchita\n|-damage|p1a: Parchita|47\/100\n|move|p1a: Parchita|Dazzling Gleam|p2b: Leon|[spread] p2a,p2b\n|-resisted|p2b: Leon\n|-damage|p2a: Dante|22\/100 brn\n|-damage|p2b: Leon|0 fnt\n|faint|p2b: Leon\n|-damage|p1a: Parchita|37\/100|[from] item: Life Orb\n|\n|-damage|p2a: Dante|16\/100 brn|[from] brn\n|upkeep\n|\n|t:|1684088970\n|switch|p2b: LadyMane|Flutter Mane, L50, shiny|100\/100\n|-enditem|p2b: LadyMane|Booster Energy\n|-activate|p2b: LadyMane|ability: Protosynthesis|[fromitem]\n|-start|p2b: LadyMane|protosynthesisspa\n|turn|5\n|\n|t:|1684088976\n|-end|p1a: Parchita|Protosynthesis|[silent]\n|switch|p1a: Naranja|Amoonguss, L50, M|100\/100\n|move|p2a: Dante|Sucker Punch|p1b: Fresita\n|-damage|p1b: Fresita|70\/100\n|move|p2b: LadyMane|Shadow Ball|p1a: Naranja\n|-damage|p1a: Naranja|58\/100\n|move|p1b: Fresita|Flare Blitz|p2b: LadyMane\n|-damage|p2b: LadyMane|31\/100\n|-damage|p1b: Fresita|53\/100|[from] Recoil\n|\n|-damage|p2a: Dante|10\/100 brn|[from] brn\n|upkeep\n|turn|6\n|\n|t:|1684088985\n|move|p1b: Fresita|Protect|p1b: Fresita\n|-singleturn|p1b: Fresita|Protect\n|move|p1a: Naranja|Protect|p1a: Naranja\n|-singleturn|p1a: Naranja|Protect\n|move|p2a: Dante|Ice Spinner|p1a: Naranja\n|-activate|p1a: Naranja|move: Protect\n|move|p2b: LadyMane|Shadow Ball|p1b: Fresita\n|-activate|p1b: Fresita|move: Protect\n|\n|-damage|p2a: Dante|4\/100 brn|[from] brn\n|upkeep\n|turn|7\n|\n|t:|1684089001\n|move|p2a: Dante|Ice Spinner|p1a: Naranja\n|-supereffective|p1a: Naranja\n|-damage|p1a: Naranja|16\/100\n|-enditem|p1a: Naranja|Sitrus Berry|[eat]\n|-heal|p1a: Naranja|41\/100|[from] item: Sitrus Berry\n|move|p2b: LadyMane|Shadow Ball|p1b: Fresita\n|-crit|p1b: Fresita\n|-damage|p1b: Fresita|0 fnt\n|faint|p1b: Fresita\n|move|p1a: Naranja|Pollen Puff|p1: Fresita|[notarget]\n|-fail|p1a: Naranja\n|\n|-damage|p2a: Dante|0 fnt|[from] brn\n|faint|p2a: Dante\n|upkeep\n|\n|t:|1684089010\n|switch|p1b: Parchita|Flutter Mane, L50|37\/100\n|turn|8\n|\n|t:|1684089015\n|move|p1b: Parchita|Shadow Ball|p2b: LadyMane\n|-supereffective|p2b: LadyMane\n|-damage|p2b: LadyMane|0 fnt\n|faint|p2b: LadyMane\n|-end|p2b: LadyMane|Protosynthesis|[silent]\n|-damage|p1b: Parchita|27\/100|[from] item: Life Orb\n|\n|win|HarlequinIvy\n|raw|HarlequinIvy's rating: 1402 → 1419<\/strong> (+17 for winning)\n|raw|mathtass's rating: 1355 → 1338<\/strong> (-17 for losing)\n","uploadtime":1684089034,"views":8,"p1id":"harlequinivy","p2id":"mathtass","formatid":"gen9vgc2023regulationc","rating":1338,"private":0,"password":""}