{"id":"gen9vgc2023regulationc-1848718070","p1":"brunovisk2","p2":"NakedPsyduck","format":"[Gen 9] VGC 2023 Regulation C","log":"|j|\u2606brunovisk2\n|j|\u2606NakedPsyduck\n|t:|1682103593\n|gametype|doubles\n|player|p1|brunovisk2|bruno|\n|player|p2|NakedPsyduck|baker|\n|teamsize|p1|6\n|teamsize|p2|6\n|gen|9\n|tier|[Gen 9] VGC 2023 Regulation C\n|rule|Species Clause: Limit one of each Pok\u00e9mon\n|rule|Item Clause: Limit one of each item\n|clearpoke\n|poke|p1|Palafin, L50, F|\n|poke|p1|Chien-Pao, L50|\n|poke|p1|Ting-Lu, L50|\n|poke|p1|Amoonguss, L50, F|\n|poke|p1|Arcanine, L50, F|\n|poke|p1|Flutter Mane, L50|\n|poke|p2|Iron Bundle, L50|\n|poke|p2|Chien-Pao, L50|\n|poke|p2|Chi-Yu, L50|\n|poke|p2|Flutter Mane, L50|\n|poke|p2|Iron Hands, L50|\n|poke|p2|Dragonite, L50, F|\n|teampreview|4\n|c|\u2606NakedPsyduck|g3\n|c|\u2606brunovisk2|g3\nNakedPsyduck has agreed to open team sheets.\nbrunovisk2 has agreed to open team sheets.\n|c|\u2606brunovisk2|bora g3\n|c|\u2606NakedPsyduck|mano, pelo menos o g2 eu mostrei dignidade\n|c|\u2606brunovisk2|po foi foda o g2 kkkk\n|c|\u2606NakedPsyduck|suausuahs\n|c|\u2606NakedPsyduck|bora\n|inactive|Battle timer is ON: inactive players will automatically lose when time's up. (requested by brunovisk2)\n|\n|t:|1682104027\n|start\n|switch|p1a: Flutter Mane|Flutter Mane, L50|100\/100\n|switch|p1b: Ting-Lu|Ting-Lu, L50|100\/100\n|switch|p2a: Flutter Mane|Flutter Mane, L50|100\/100\n|switch|p2b: Chi-Yu|Chi-Yu, L50|100\/100\n|-ability|p2b: Chi-Yu|Beads of Ruin\n|-ability|p1b: Ting-Lu|Vessel of Ruin\n|-enditem|p1a: Flutter Mane|Booster Energy\n|-activate|p1a: Flutter Mane|ability: Protosynthesis|[fromitem]\n|-start|p1a: Flutter Mane|protosynthesisspa\n|turn|1\n|\n|t:|1682104051\n|-terastallize|p2a: Flutter Mane|Fairy\n|move|p1a: Flutter Mane|Protect|p1a: Flutter Mane\n|-singleturn|p1a: Flutter Mane|Protect\n|move|p2b: Chi-Yu|Snarl|p1b: Ting-Lu|[spread] p1b\n|-activate|p1a: Flutter Mane|move: Protect\n|-resisted|p1b: Ting-Lu\n|-damage|p1b: Ting-Lu|94\/100\n|-unboost|p1b: Ting-Lu|spa|1\n|move|p2a: Flutter Mane|Dazzling Gleam|p1b: Ting-Lu|[spread] p1b\n|-activate|p1a: Flutter Mane|move: Protect\n|-supereffective|p1b: Ting-Lu\n|-damage|p1b: Ting-Lu|31\/100\n|move|p1b: Ting-Lu|Heavy Slam|p2a: Flutter Mane\n|-supereffective|p2a: Flutter Mane\n|-damage|p2a: Flutter Mane|0 fnt\n|faint|p2a: Flutter Mane\n|-end|p2a: Flutter Mane|Protosynthesis|[silent]\n|\n|upkeep\n|\n|t:|1682104067\n|switch|p2a: Iron Hands|Iron Hands, L50|100\/100\n|turn|2\n|\n|t:|1682104084\n|-end|p1a: Flutter Mane|Protosynthesis|[silent]\n|switch|p1a: Arcanine|Arcanine, L50, F|100\/100\n|-ability|p1a: Arcanine|Intimidate|boost\n|-unboost|p2a: Iron Hands|atk|1\n|-unboost|p2b: Chi-Yu|atk|1\n|move|p2b: Chi-Yu|Snarl|p1b: Ting-Lu|[spread] p1a,p1b\n|-resisted|p1b: Ting-Lu\n|-damage|p1a: Arcanine|77\/100\n|-damage|p1b: Ting-Lu|26\/100\n|-unboost|p1a: Arcanine|spa|1\n|-unboost|p1b: Ting-Lu|spa|1\n|move|p1b: Ting-Lu|Stomping Tantrum|p2b: Chi-Yu\n|-supereffective|p2b: Chi-Yu\n|-damage|p2b: Chi-Yu|0 fnt\n|faint|p2b: Chi-Yu\n|move|p2a: Iron Hands|Drain Punch|p1b: Ting-Lu\n|-supereffective|p1b: Ting-Lu\n|-damage|p1b: Ting-Lu|0 fnt\n|faint|p1b: Ting-Lu\n|\n|upkeep\n|\n|t:|1682104098\n|switch|p2b: Dragonite|Dragonite, L50, F|100\/100\n|switch|p1b: Flutter Mane|Flutter Mane, L50|100\/100\n|turn|3\n|\n|t:|1682104107\n|switch|p1a: Palafin|Palafin, L50, F|100\/100\n|-terastallize|p1b: Flutter Mane|Fairy\n|move|p2b: Dragonite|Protect|p2b: Dragonite\n|-singleturn|p2b: Dragonite|Protect\n|move|p1b: Flutter Mane|Dazzling Gleam|p2a: Iron Hands|[spread] p2a\n|-activate|p2b: Dragonite|move: Protect\n|-supereffective|p2a: Iron Hands\n|-damage|p2a: Iron Hands|55\/100\n|move|p2a: Iron Hands|Wild Charge|p1b: Flutter Mane\n|-damage|p1b: Flutter Mane|44\/100\n|-damage|p2a: Iron Hands|47\/100|[from] Recoil\n|\n|upkeep\n|turn|4\n|inactive|brunovisk2 has 30 seconds left.\n|\n|t:|1682104133\n|detailschange|p1a: Palafin|Palafin-Hero, L50, F\n|switch|p1a: Arcanine|Arcanine, L50, F|77\/100\n|-ability|p1a: Arcanine|Intimidate|boost\n|-unboost|p2a: Iron Hands|atk|1\n|-fail|p2b: Dragonite|unboost|Attack|[from] ability: Inner Focus|[of] p2b: Dragonite\n|move|p2b: Dragonite|Extreme Speed|p1b: Flutter Mane\n|-damage|p1b: Flutter Mane|0 fnt\n|faint|p1b: Flutter Mane\n|-end|p1b: Flutter Mane|Protosynthesis|[silent]\n|move|p2a: Iron Hands|Wild Charge|p1a: Arcanine\n|-damage|p1a: Arcanine|53\/100\n|-damage|p2a: Iron Hands|42\/100|[from] Recoil\n|\n|upkeep\n|\n|t:|1682104144\n|switch|p1b: Palafin|Palafin-Hero, L50, F|100\/100\n|-activate|p1b: Palafin|ability: Zero to Hero\n|turn|5\n|\n|t:|1682104159\n|move|p2b: Dragonite|Extreme Speed|p1b: Palafin\n|-damage|p1b: Palafin|74\/100\n|move|p1a: Arcanine|Flare Blitz|p2a: Iron Hands\n|-damage|p2a: Iron Hands|14\/100\n|-damage|p1a: Arcanine|40\/100|[from] Recoil\n|move|p1b: Palafin|Wave Crash|p2b: Dragonite\n|-resisted|p2b: Dragonite\n|-damage|p2b: Dragonite|57\/100\n|-damage|p1b: Palafin|60\/100|[from] Recoil\n|move|p2a: Iron Hands|Wild Charge|p1b: Palafin\n|-supereffective|p1b: Palafin\n|-damage|p1b: Palafin|22\/100\n|-damage|p2a: Iron Hands|6\/100|[from] Recoil\n|\n|upkeep\n|turn|6\n|\n|t:|1682104181\n|move|p1b: Palafin|Protect|p1b: Palafin\n|-singleturn|p1b: Palafin|Protect\n|move|p1a: Arcanine|Extreme Speed|p2b: Dragonite\n|-damage|p2b: Dragonite|37\/100\n|move|p2b: Dragonite|Extreme Speed|p1b: Palafin\n|-activate|p1b: Palafin|move: Protect\n|move|p2a: Iron Hands|Stomping Tantrum|p1a: Arcanine\n|-supereffective|p1a: Arcanine\n|-damage|p1a: Arcanine|10\/100\n|\n|upkeep\n|turn|7\n|\n|t:|1682104197\n|move|p1a: Arcanine|Extreme Speed|p2a: Iron Hands\n|-damage|p2a: Iron Hands|0 fnt\n|faint|p2a: Iron Hands\n|-end|p2a: Iron Hands|Quark Drive|[silent]\n|move|p2b: Dragonite|Extreme Speed|p1a: Arcanine\n|-damage|p1a: Arcanine|0 fnt\n|faint|p1a: Arcanine\n|move|p1b: Palafin|Jet Punch|p2b: Dragonite\n|-resisted|p2b: Dragonite\n|-damage|p2b: Dragonite|13\/100\n|\n|upkeep\n|turn|8\n|\n|t:|1682104209\n|move|p2b: Dragonite|Extreme Speed|p1b: Palafin\n|-damage|p1b: Palafin|0 fnt\n|faint|p1b: Palafin\n|\n|win|NakedPsyduck\n|c|\u2606NakedPsyduck|gg\n|c|\u2606brunovisk2|gg\n|c|\u2606NakedPsyduck|qual seu nick l\u00e1 no bfy?\n|c|\u2606brunovisk2|devia ter matado seu dragonite kkk\n|c|\u2606brunovisk2|Bmj\n|c|\u2606NakedPsyduck|fiquei com o cu na m\u00e3o\n|c|\u2606NakedPsyduck|quando eu fui pra cima do arca\n|c|\u2606brunovisk2|acho que se eu tivesse focado no dragonite dava pra ter levado\n|c|\u2606brunovisk2|detesto enfrentar dragonite\n|l|\u2606brunovisk2\n|c|\u2606NakedPsyduck|ficou beeem apertado\n","uploadtime":1682104534,"views":13,"p1id":"brunovisk2","p2id":"nakedpsyduck","formatid":"gen9vgc2023regulationc","rating":0,"private":0,"password":""}