{"id":"gen9vgc2023regulationc-1847270241","p1":"zjeskin","p2":"Vivixification","format":"[Gen 9] VGC 2023 Regulation C","log":"|j|\u2606zjeskin\n|j|\u2606Vivixification\n|t:|1681933317\n|gametype|doubles\n|player|p1|zjeskin|102|1323\n|player|p2|Vivixification|backersf|1368\n|teamsize|p1|6\n|teamsize|p2|6\n|gen|9\n|tier|[Gen 9] VGC 2023 Regulation C\n|rated|\n|rule|Species Clause: Limit one of each Pok\u00e9mon\n|rule|Item Clause: Limit one of each item\n|clearpoke\n|poke|p1|Garganacl, L50, F|\n|poke|p1|Great Tusk, L50|\n|poke|p1|Chien-Pao, L50|\n|poke|p1|Iron Bundle, L50|\n|poke|p1|Palafin, L50, M|\n|poke|p1|Amoonguss, L50, M|\n|poke|p2|Palafin, L50, F|\n|poke|p2|Pelipper, L50, M|\n|poke|p2|Dondozo, L50, M|\n|poke|p2|Tatsugiri-Stretchy, L50, M|\n|poke|p2|Flutter Mane, L50|\n|poke|p2|Iron Bundle, L50|\n|teampreview|4\n|inactive|Battle timer is ON: inactive players will automatically lose when time's up. (requested by Vivixification)\nVivixification has agreed to open team sheets.\n|inactive|Vivixification has 60 seconds left.\n|\n|t:|1681933347\n|start\n|switch|p1a: Iron Bundle|Iron Bundle, L50, shiny|100\/100\n|switch|p1b: Palafin|Palafin, L50, M, shiny|100\/100\n|switch|p2a: Gen3WaterLegendary|Dondozo, L50, M|100\/100\n|switch|p2b: Pelipper|Pelipper, L50, M|100\/100\n|-weather|RainDance|[from] ability: Drizzle|[of] p2b: Pelipper\n|-enditem|p1a: Iron Bundle|Booster Energy\n|-activate|p1a: Iron Bundle|ability: Quark Drive|[fromitem]\n|-start|p1a: Iron Bundle|quarkdrivespe\n|turn|1\n|\n|t:|1681933353\n|detailschange|p1b: Palafin|Palafin-Hero, L50, M, shiny\n|switch|p1b: Amoonguss|Amoonguss, L50, M|100\/100\n|move|p1a: Iron Bundle|Protect|p1a: Iron Bundle\n|-singleturn|p1a: Iron Bundle|Protect\n|move|p2a: Gen3WaterLegendary|Protect|p2a: Gen3WaterLegendary\n|-singleturn|p2a: Gen3WaterLegendary|Protect\n|move|p2b: Pelipper|Hurricane|p1b: Amoonguss\n|-supereffective|p1b: Amoonguss\n|-damage|p1b: Amoonguss|7\/100\n|-start|p1b: Amoonguss|confusion\n|\n|-weather|RainDance|[upkeep]\n|upkeep\n|turn|2\n|\n|t:|1681933373\n|switch|p2b: Tatsugiri|Tatsugiri-Stretchy, L50, M, shiny|100\/100\n|-activate|p2b: Tatsugiri|ability: Commander|[of] p2a: Gen3WaterLegendary\n|-boost|p2a: Gen3WaterLegendary|atk|2\n|-boost|p2a: Gen3WaterLegendary|spa|2\n|-boost|p2a: Gen3WaterLegendary|spe|2\n|-boost|p2a: Gen3WaterLegendary|def|2\n|-boost|p2a: Gen3WaterLegendary|spd|2\n|-terastallize|p2a: Gen3WaterLegendary|Water\n|-activate|p1b: Amoonguss|confusion\n|move|p1b: Amoonguss|Rage Powder|p1b: Amoonguss\n|-singleturn|p1b: Amoonguss|move: Rage Powder\n|move|p1a: Iron Bundle|Freeze-Dry|p2b: Tatsugiri|[miss]\n|-miss|p1a: Iron Bundle|p2b: Tatsugiri\n|move|p2a: Gen3WaterLegendary|Surf|p1a: Iron Bundle|[spread] p1a,p1b\n|-miss|p2a: Gen3WaterLegendary|p2b: Tatsugiri\n|-resisted|p1a: Iron Bundle\n|-resisted|p1b: Amoonguss\n|-damage|p1a: Iron Bundle|0 fnt\n|-damage|p1b: Amoonguss|0 fnt\n|faint|p1a: Iron Bundle\n|-end|p1a: Iron Bundle|Quark Drive|[silent]\n|faint|p1b: Amoonguss\n|-damage|p2a: Gen3WaterLegendary|91\/100|[from] item: Life Orb\n|\n|-weather|RainDance|[upkeep]\n|upkeep\n|\n|t:|1681933381\n|switch|p1a: Garganacl|Garganacl, L50, F|100\/100\n|switch|p1b: Palafin|Palafin-Hero, L50, M, shiny|100\/100\n|-activate|p1b: Palafin|ability: Zero to Hero\n|turn|3\n|\n|t:|1681933399\n|-terastallize|p1a: Garganacl|Ghost\n|move|p1a: Garganacl|Wide Guard|p1a: Garganacl\n|-singleturn|p1a: Garganacl|Wide Guard\n|move|p2a: Gen3WaterLegendary|Surf|p1a: Garganacl|[spread] \n|-miss|p2a: Gen3WaterLegendary|p2b: Tatsugiri\n|-activate|p1a: Garganacl|move: Wide Guard\n|-activate|p1b: Palafin|move: Wide Guard\n|move|p1b: Palafin|Bulk Up|p1b: Palafin\n|-boost|p1b: Palafin|atk|1\n|-boost|p1b: Palafin|def|1\n|\n|-weather|RainDance|[upkeep]\n|upkeep\n|turn|4\n|\n|t:|1681933419\n|move|p2a: Gen3WaterLegendary|Protect|p2a: Gen3WaterLegendary\n|-singleturn|p2a: Gen3WaterLegendary|Protect\n|move|p1b: Palafin|Protect|p1b: Palafin\n|-singleturn|p1b: Palafin|Protect\n|move|p1a: Garganacl|Salt Cure|p2a: Gen3WaterLegendary\n|-activate|p2a: Gen3WaterLegendary|move: Protect\n|\n|-weather|RainDance|[upkeep]\n|upkeep\n|turn|5\n|\n|t:|1681933429\n|move|p1a: Garganacl|Wide Guard|p1a: Garganacl\n|-singleturn|p1a: Garganacl|Wide Guard\n|move|p2a: Gen3WaterLegendary|Surf|p1b: Palafin|[spread] \n|-miss|p2a: Gen3WaterLegendary|p2b: Tatsugiri\n|-activate|p1a: Garganacl|move: Wide Guard\n|-activate|p1b: Palafin|move: Wide Guard\n|move|p1b: Palafin|Bulk Up|p1b: Palafin\n|-boost|p1b: Palafin|atk|1\n|-boost|p1b: Palafin|def|1\n|\n|-weather|RainDance|[upkeep]\n|upkeep\n|turn|6\n|\n|t:|1681933447\n|move|p1a: Garganacl|Wide Guard|p1a: Garganacl\n|-singleturn|p1a: Garganacl|Wide Guard\n|move|p2a: Gen3WaterLegendary|Earthquake|p1b: Palafin|[spread] \n|-miss|p2a: Gen3WaterLegendary|p2b: Tatsugiri\n|-activate|p1a: Garganacl|move: Wide Guard\n|-activate|p1b: Palafin|move: Wide Guard\n|move|p1b: Palafin|Drain Punch|p2a: Gen3WaterLegendary\n|-damage|p2a: Gen3WaterLegendary|78\/100\n|\n|-weather|RainDance|[upkeep]\n|upkeep\n|turn|7\n|\n|t:|1681933463\n|move|p1a: Garganacl|Wide Guard|p1a: Garganacl\n|-singleturn|p1a: Garganacl|Wide Guard\n|move|p2a: Gen3WaterLegendary|Surf|p1b: Palafin|[spread] \n|-miss|p2a: Gen3WaterLegendary|p2b: Tatsugiri\n|-activate|p1a: Garganacl|move: Wide Guard\n|-activate|p1b: Palafin|move: Wide Guard\n|move|p1b: Palafin|Bulk Up|p1b: Palafin\n|-boost|p1b: Palafin|atk|1\n|-boost|p1b: Palafin|def|1\n|\n|-weather|RainDance|[upkeep]\n|upkeep\n|turn|8\n|\n|t:|1681933468\n|move|p1a: Garganacl|Wide Guard|p1a: Garganacl\n|-singleturn|p1a: Garganacl|Wide Guard\n|move|p2a: Gen3WaterLegendary|Surf|p1a: Garganacl|[spread] \n|-miss|p2a: Gen3WaterLegendary|p2b: Tatsugiri\n|-activate|p1a: Garganacl|move: Wide Guard\n|-activate|p1b: Palafin|move: Wide Guard\n|move|p1b: Palafin|Bulk Up|p1b: Palafin\n|-boost|p1b: Palafin|atk|1\n|-boost|p1b: Palafin|def|1\n|\n|-weather|none\n|upkeep\n|turn|9\n|\n|t:|1681933472\n|move|p1a: Garganacl|Wide Guard|p1a: Garganacl\n|-singleturn|p1a: Garganacl|Wide Guard\n|move|p2a: Gen3WaterLegendary|Surf|p1b: Palafin|[spread] \n|-miss|p2a: Gen3WaterLegendary|p2b: Tatsugiri\n|-activate|p1a: Garganacl|move: Wide Guard\n|-activate|p1b: Palafin|move: Wide Guard\n|move|p1b: Palafin|Bulk Up|p1b: Palafin\n|-boost|p1b: Palafin|atk|1\n|-boost|p1b: Palafin|def|1\n|\n|upkeep\n|turn|10\n|\n|t:|1681933477\n|move|p1a: Garganacl|Wide Guard|p1a: Garganacl\n|-singleturn|p1a: Garganacl|Wide Guard\n|move|p2a: Gen3WaterLegendary|Surf|p1b: Palafin|[spread] \n|-miss|p2a: Gen3WaterLegendary|p2b: Tatsugiri\n|-activate|p1a: Garganacl|move: Wide Guard\n|-activate|p1b: Palafin|move: Wide Guard\n|move|p1b: Palafin|Bulk Up|p1b: Palafin\n|-boost|p1b: Palafin|atk|1\n|-boost|p1b: Palafin|def|1\n|\n|upkeep\n|turn|11\n|\n|t:|1681933485\n|move|p1a: Garganacl|Wide Guard|p1a: Garganacl\n|-singleturn|p1a: Garganacl|Wide Guard\n|move|p2a: Gen3WaterLegendary|Surf|p1a: Garganacl|[spread] \n|-miss|p2a: Gen3WaterLegendary|p2b: Tatsugiri\n|-activate|p1a: Garganacl|move: Wide Guard\n|-activate|p1b: Palafin|move: Wide Guard\n|move|p1b: Palafin|Drain Punch|p2a: Gen3WaterLegendary\n|-damage|p2a: Gen3WaterLegendary|63\/100\n|\n|upkeep\n|turn|12\n|\n|t:|1681933500\n|move|p2a: Gen3WaterLegendary|Surf|p1a: Garganacl|[spread] p1a,p1b\n|-miss|p2a: Gen3WaterLegendary|p2b: Tatsugiri\n|-resisted|p1b: Palafin\n|-damage|p1a: Garganacl|50\/100\n|-damage|p1b: Palafin|65\/100\n|-damage|p2a: Gen3WaterLegendary|53\/100|[from] item: Life Orb\n|move|p1b: Palafin|Drain Punch|p2a: Gen3WaterLegendary\n|-damage|p2a: Gen3WaterLegendary|40\/100\n|-heal|p1b: Palafin|73\/100|[from] drain|[of] p2a: Gen3WaterLegendary\n|move|p1a: Garganacl|Salt Cure|p2a: Gen3WaterLegendary\n|-crit|p2a: Gen3WaterLegendary\n|-damage|p2a: Gen3WaterLegendary|26\/100\n|-start|p2a: Gen3WaterLegendary|Salt Cure\n|\n|-heal|p1a: Garganacl|56\/100|[from] item: Leftovers\n|-damage|p2a: Gen3WaterLegendary|1\/100|[from] Salt Cure\n|upkeep\n|turn|13\n|\n|t:|1681933521\n|move|p1b: Palafin|Jet Punch|p2a: Gen3WaterLegendary\n|-resisted|p2a: Gen3WaterLegendary\n|-damage|p2a: Gen3WaterLegendary|0 fnt\n|faint|p2a: Gen3WaterLegendary\n|move|p1a: Garganacl|Iron Defense|p1a: Garganacl\n|-boost|p1a: Garganacl|def|2\n|\n|-heal|p1a: Garganacl|62\/100|[from] item: Leftovers\n|upkeep\n|\n|t:|1681933530\n|switch|p2a: Iron Bundle|Iron Bundle, L50|100\/100\n|turn|14\n|\n|t:|1681933544\n|move|p2a: Iron Bundle|Protect|p2a: Iron Bundle\n|-singleturn|p2a: Iron Bundle|Protect\n|move|p2b: Tatsugiri|Muddy Water|p1a: Garganacl|[spread] p1a,p1b\n|-resisted|p1b: Palafin\n|-damage|p1a: Garganacl|39\/100\n|-damage|p1b: Palafin|58\/100\n|move|p1b: Palafin|Drain Punch|p2a: Iron Bundle\n|-activate|p2a: Iron Bundle|move: Protect\n|move|p1a: Garganacl|Salt Cure|p2b: Tatsugiri\n|-damage|p2b: Tatsugiri|73\/100\n|-start|p2b: Tatsugiri|Salt Cure\n|\n|-heal|p1a: Garganacl|44\/100|[from] item: Leftovers\n|-damage|p2b: Tatsugiri|48\/100|[from] Salt Cure\n|upkeep\n|turn|15\n|\n|t:|1681933561\n|move|p1a: Garganacl|Wide Guard|p1a: Garganacl\n|-singleturn|p1a: Garganacl|Wide Guard\n|move|p2b: Tatsugiri|Muddy Water|p1b: Palafin|[spread] \n|-activate|p1a: Garganacl|move: Wide Guard\n|-activate|p1b: Palafin|move: Wide Guard\n|move|p2a: Iron Bundle|Freeze-Dry|p1b: Palafin\n|-supereffective|p1b: Palafin\n|-damage|p1b: Palafin|0 fnt\n|faint|p1b: Palafin\n|\n|-heal|p1a: Garganacl|50\/100|[from] item: Leftovers\n|-damage|p2b: Tatsugiri|24\/100|[from] Salt Cure\n|upkeep\n|turn|16\n|\n|t:|1681933582\n|switch|p2b: Pelipper|Pelipper, L50, M|100\/100\n|-weather|RainDance|[from] ability: Drizzle|[of] p2b: Pelipper\n|move|p2a: Iron Bundle|Water Pulse|p1a: Garganacl\n|-crit|p1a: Garganacl\n|-damage|p1a: Garganacl|7\/100\n|move|p1a: Garganacl|Body Press|p2a: Iron Bundle\n|-supereffective|p2a: Iron Bundle\n|-enditem|p2a: Iron Bundle|Focus Sash\n|-damage|p2a: Iron Bundle|1\/100\n|\n|-weather|RainDance|[upkeep]\n|-heal|p1a: Garganacl|13\/100|[from] item: Leftovers\n|upkeep\n|turn|17\n|\n|t:|1681933606\n|move|p2a: Iron Bundle|Water Pulse|p1a: Garganacl\n|-damage|p1a: Garganacl|0 fnt\n|faint|p1a: Garganacl\n|\n|win|Vivixification\n|raw|zjeskin's rating: 1323 → 1306<\/strong> (-17 for losing)\n|raw|Vivixification's rating: 1368 → 1385<\/strong> (+17 for winning)\n","uploadtime":1681933610,"views":13,"p1id":"zjeskin","p2id":"vivixification","formatid":"gen9vgc2023regulationc","rating":1306,"private":0,"password":""}