{"id":"gen9vgc2023regulationc-1846804942","p1":"JTechtonic","p2":"Kohbalt","format":"[Gen 9] VGC 2023 Regulation C","log":"|j|\u2606JTechtonic\n|j|\u2606Kohbalt\n|t:|1681882367\n|gametype|doubles\n|player|p1|JTechtonic|hugh|\n|player|p2|Kohbalt|steven|\n|teamsize|p1|6\n|teamsize|p2|6\n|gen|9\n|tier|[Gen 9] VGC 2023 Regulation C\n|rule|Species Clause: Limit one of each Pok\u00e9mon\n|rule|Item Clause: Limit one of each item\n|clearpoke\n|poke|p1|Palafin, L50, M|\n|poke|p1|Chien-Pao, L50|\n|poke|p1|Dragonite, L50, M|\n|poke|p1|Flutter Mane, L50|\n|poke|p1|Amoonguss, L50, F|\n|poke|p1|Arcanine, L50, M|\n|poke|p2|Flutter Mane, L50|\n|poke|p2|Palafin, L50, M|\n|poke|p2|Amoonguss, L50, M|\n|poke|p2|Arcanine, L50, M|\n|poke|p2|Chi-Yu, L50|\n|poke|p2|Glimmora, L50, F|\n|teampreview|4\n|l|\u2606JTechtonic\n|player|p1|\nKohbalt has agreed to open team sheets.\n|j|\u2606JTechtonic\n|player|p1|JTechtonic|hugh\n|inactive|Battle timer is ON: inactive players will automatically lose when time's up. (requested by JTechtonic)\nJTechtonic has agreed to open team sheets.\n|inactiveoff|Battle timer is now OFF.\n|j| databull\n|\n|t:|1681882420\n|start\n|switch|p1a: Palafin|Palafin, L50, M|100\/100\n|switch|p1b: Dragonite|Dragonite, L50, M|100\/100\n|switch|p2a: Flutter Mane|Flutter Mane, L50|100\/100\n|switch|p2b: Chi-Yu|Chi-Yu, L50|100\/100\n|-ability|p2b: Chi-Yu|Beads of Ruin\n|turn|1\n|\n|t:|1681882449\n|switch|p2b: Glimmora|Glimmora, L50, F, shiny|100\/100\n|switch|p1b: Chien-Pao|Chien-Pao, L50|100\/100\n|-ability|p1b: Chien-Pao|Sword of Ruin\n|move|p1a: Palafin|Jet Punch|p2a: Flutter Mane\n|-damage|p2a: Flutter Mane|51\/100\n|move|p2a: Flutter Mane|Dazzling Gleam|p1b: Chien-Pao|[spread] p1a,p1b\n|-supereffective|p1b: Chien-Pao\n|-damage|p1a: Palafin|45\/100\n|-enditem|p1b: Chien-Pao|Focus Sash\n|-damage|p1b: Chien-Pao|1\/100\n|\n|upkeep\n|turn|2\n|\n|t:|1681882481\n|detailschange|p1a: Palafin|Palafin-Hero, L50, M\n|switch|p1a: Dragonite|Dragonite, L50, M|100\/100\n|move|p1b: Chien-Pao|Sucker Punch|p2a: Flutter Mane\n|-damage|p2a: Flutter Mane|0 fnt\n|faint|p2a: Flutter Mane\n|-end|p2a: Flutter Mane|Protosynthesis|[silent]\n|move|p2b: Glimmora|Mortal Spin|p1b: Chien-Pao|[spread] p1a,p1b\n|-damage|p1a: Dragonite|94\/100\n|-damage|p1b: Chien-Pao|0 fnt\n|-status|p1a: Dragonite|psn\n|faint|p1b: Chien-Pao\n|\n|-damage|p1a: Dragonite|82\/100 psn|[from] psn\n|upkeep\n|\n|t:|1681882496\n|switch|p1b: Palafin|Palafin-Hero, L50, M|45\/100\n|switch|p2a: Amoonguss|Amoonguss, L50, M|100\/100\n|-activate|p1b: Palafin|ability: Zero to Hero\n|turn|3\n|\n|t:|1681882523\n|-terastallize|p1a: Dragonite|Normal\n|-terastallize|p2a: Amoonguss|Dark\n|move|p1b: Palafin|Protect|p1b: Palafin\n|-singleturn|p1b: Palafin|Protect\n|move|p2a: Amoonguss|Rage Powder|p2a: Amoonguss\n|-singleturn|p2a: Amoonguss|move: Rage Powder\n|move|p2b: Glimmora|Power Gem|p1a: Dragonite\n|-damage|p1a: Dragonite|43\/100 psn\n|move|p1a: Dragonite|Facade|p2a: Amoonguss\n|-damage|p2a: Amoonguss|0 fnt\n|faint|p2a: Amoonguss\n|\n|-damage|p1a: Dragonite|31\/100 psn|[from] psn\n|upkeep\n|\n|t:|1681882536\n|switch|p2a: Chi-Yu|Chi-Yu, L50|100\/100\n|-ability|p2a: Chi-Yu|Beads of Ruin\n|turn|4\n|\n|t:|1681882555\n|switch|p1a: Amoonguss|Amoonguss, L50, F|100\/100\n|move|p2a: Chi-Yu|Protect|p2a: Chi-Yu\n|-singleturn|p2a: Chi-Yu|Protect\n|move|p1b: Palafin|Wave Crash|p2b: Glimmora\n|-supereffective|p2b: Glimmora\n|-damage|p2b: Glimmora|0 fnt\n|-activate|p2b: Glimmora|ability: Toxic Debris\n|-sidestart|p1: JTechtonic|move: Toxic Spikes\n|faint|p2b: Glimmora\n|-damage|p1b: Palafin|15\/100|[from] Recoil\n|\n|upkeep\n|turn|5\n|inactive|Battle timer is ON: inactive players will automatically lose when time's up. (requested by Kohbalt)\n|\n|t:|1681882574\n|move|p1b: Palafin|Protect|p1b: Palafin\n|-singleturn|p1b: Palafin|Protect\n|move|p2a: Chi-Yu|Heat Wave|p1b: Palafin|[spread] p1a\n|-activate|p1b: Palafin|move: Protect\n|-supereffective|p1a: Amoonguss\n|-damage|p1a: Amoonguss|0 fnt\n|faint|p1a: Amoonguss\n|-damage|p2a: Chi-Yu|91\/100|[from] item: Life Orb\n|\n|upkeep\n|\n|t:|1681882581\n|switch|p1a: Dragonite|Dragonite, L50, M, tera:Normal|31\/100 psn\n|turn|6\n|\n|t:|1681882588\n|move|p2a: Chi-Yu|Protect|p2a: Chi-Yu\n|-singleturn|p2a: Chi-Yu|Protect\n|move|p1a: Dragonite|Extreme Speed|p2a: Chi-Yu\n|-activate|p2a: Chi-Yu|move: Protect\n|move|p1b: Palafin|Jet Punch|p2a: Chi-Yu\n|-activate|p2a: Chi-Yu|move: Protect\n|\n|-damage|p1a: Dragonite|19\/100 psn|[from] psn\n|upkeep\n|turn|7\n|\n|t:|1681882596\n|move|p2a: Chi-Yu|Protect||[still]\n|-fail|p2a: Chi-Yu\n|move|p1a: Dragonite|Extreme Speed|p2a: Chi-Yu\n|-damage|p2a: Chi-Yu|0 fnt\n|faint|p2a: Chi-Yu\n|\n|win|JTechtonic\n|l|\u2606Kohbalt\n","uploadtime":1681882606,"views":6,"p1id":"jtechtonic","p2id":"kohbalt","formatid":"gen9vgc2023regulationc","rating":0,"private":0,"password":""}