{"id":"gen9vgc2023regulationc-1850485427","p1":"jennjarrett","p2":"plesiooo","format":"[Gen 9] VGC 2023 Regulation C","log":"|j|\u2606jennjarrett\n|j|\u2606plesiooo\n|t:|1682341963\n|gametype|doubles\n|player|p1|jennjarrett|169|\n|player|p2|plesiooo|riley|\n|teamsize|p1|6\n|teamsize|p2|6\n|gen|9\n|tier|[Gen 9] VGC 2023 Regulation C\n|rule|Species Clause: Limit one of each Pok\u00e9mon\n|rule|Item Clause: Limit one of each item\n|clearpoke\n|poke|p1|Tyranitar, L50, F|\n|poke|p1|Rotom-Fan, L50|\n|poke|p1|Hariyama, L50, M|\n|poke|p1|Oinkologne-F, L50, F|\n|poke|p1|Hatterene, L50, F|\n|poke|p1|Houndstone, L50, M|\n|poke|p2|Grimmsnarl, L50, M|\n|poke|p2|Gastrodon, L50, F|\n|poke|p2|Volcarona, L50, M|\n|poke|p2|Zoroark, L50, M|\n|poke|p2|Kilowattrel, L50, M|\n|poke|p2|Krookodile, L50, M|\n|teampreview|4\n|inactive|Battle timer is ON: inactive players will automatically lose when time's up. (requested by plesiooo)\n|inactiveoff|Battle timer is now OFF.\nplesiooo rejected open team sheets.\n|c|\u2606jennjarrett|game 2\n|c|\u2606plesiooo|Start?\n|c|\u2606jennjarrett|ok i'm here!\n|c|\u2606jennjarrett|GLHF!\n|inactive|Battle timer is ON: inactive players will automatically lose when time's up. (requested by plesiooo)\n|\n|t:|1682342397\n|start\n|switch|p1a: Millinery|Hatterene, L50, F, shiny|100\/100\n|switch|p1b: Booper|Hariyama, L50, M|100\/100\n|switch|p2a: Grimmsnarl|Grimmsnarl, L50, M|100\/100\n|switch|p2b: Volcarona|Volcarona, L50, M|100\/100\n|turn|1\n|inactiveoff|Battle timer is now OFF.\n|c|\u2606plesiooo|Um i misclicked and have chilling wayer instead of the move i want\n|c|\u2606jennjarrett|you have to do all 3 games with the same team\n|\n|t:|1682342515\n|move|p1b: Booper|Fake Out|p2b: Volcarona\n|-damage|p2b: Volcarona|76\/100\n|move|p2a: Grimmsnarl|Taunt|p1a: Millinery\n|move|p1a: Millinery|Taunt|p2a: Grimmsnarl|[from]ability: Magic Bounce\n|-start|p2a: Grimmsnarl|move: Taunt\n|cant|p2b: Volcarona|flinch\n|move|p1a: Millinery|Dazzling Gleam|p2a: Grimmsnarl|[spread] p2a,p2b\n|-supereffective|p2a: Grimmsnarl\n|-resisted|p2b: Volcarona\n|-damage|p2a: Grimmsnarl|58\/100\n|-damage|p2b: Volcarona|59\/100\n|-enditem|p2a: Grimmsnarl|Red Card|[of] p1a: Millinery\n|drag|p1a: Cuddles|Tyranitar, L50, F|100\/100\n|-weather|Sandstorm|[from] ability: Sand Stream|[of] p1a: Cuddles\n|\n|-weather|Sandstorm|[upkeep]\n|-damage|p2b: Volcarona|53\/100|[from] Sandstorm\n|-damage|p2a: Grimmsnarl|52\/100|[from] Sandstorm\n|-damage|p1b: Booper|95\/100|[from] Sandstorm\n|-heal|p2b: Volcarona|59\/100|[from] item: Leftovers\n|-status|p1b: Booper|brn|[from] item: Flame Orb\n|upkeep\n|turn|2\n|\n|t:|1682342550\n|-terastallize|p2b: Volcarona|Water\n|move|p2b: Volcarona|Giga Drain|p1a: Cuddles\n|-supereffective|p1a: Cuddles\n|-damage|p1a: Cuddles|77\/100\n|-heal|p2b: Volcarona|74\/100|[from] drain|[of] p1a: Cuddles\n|move|p1a: Cuddles|Rock Slide|p2a: Grimmsnarl|[spread] p2a\n|-miss|p1a: Cuddles|p2b: Volcarona\n|-damage|p2a: Grimmsnarl|7\/100\n|move|p2a: Grimmsnarl|Chilling Water|p1a: Cuddles\n|-supereffective|p1a: Cuddles\n|-damage|p1a: Cuddles|69\/100\n|-unboost|p1a: Cuddles|atk|1\n|move|p1b: Booper|Iron Head|p2a: Grimmsnarl\n|-supereffective|p2a: Grimmsnarl\n|-damage|p2a: Grimmsnarl|0 fnt\n|faint|p2a: Grimmsnarl\n|\n|-weather|Sandstorm|[upkeep]\n|-damage|p2b: Volcarona|68\/100|[from] Sandstorm\n|-damage|p1b: Booper|89\/100 brn|[from] Sandstorm\n|-heal|p2b: Volcarona|74\/100|[from] item: Leftovers\n|-damage|p1b: Booper|83\/100 brn|[from] brn\n|upkeep\n|\n|t:|1682342569\n|switch|p2a: Krookodile|Krookodile, L50, M|100\/100\n|-ability|p2a: Krookodile|Intimidate|boost\n|-unboost|p1a: Cuddles|atk|1\n|-unboost|p1b: Booper|atk|1\n|turn|3\n|\n|t:|1682342606\n|switch|p2a: Kilowattrel|Kilowattrel, L50, M|100\/100\n|move|p2b: Volcarona|Fiery Dance|p1b: Booper\n|-damage|p1b: Booper|36\/100 brn\n|move|p1a: Cuddles|Brick Break|p2a: Kilowattrel\n|-resisted|p2a: Kilowattrel\n|-damage|p2a: Kilowattrel|87\/100\n|move|p1b: Booper|Drain Punch|p2a: Kilowattrel\n|-resisted|p2a: Kilowattrel\n|-damage|p2a: Kilowattrel|47\/100\n|-heal|p1b: Booper|48\/100 brn|[from] drain|[of] p2a: Kilowattrel\n|\n|-weather|Sandstorm|[upkeep]\n|-damage|p2a: Kilowattrel|41\/100|[from] Sandstorm\n|-damage|p2b: Volcarona|68\/100|[from] Sandstorm\n|-damage|p1b: Booper|42\/100 brn|[from] Sandstorm\n|-heal|p2b: Volcarona|74\/100|[from] item: Leftovers\n|-damage|p1b: Booper|36\/100 brn|[from] brn\n|upkeep\n|turn|4\n|\n|t:|1682342628\n|move|p2a: Kilowattrel|Air Slash|p1a: Cuddles\n|-resisted|p1a: Cuddles\n|-damage|p1a: Cuddles|62\/100\n|move|p2b: Volcarona|Fiery Dance|p1b: Booper\n|-damage|p1b: Booper|0 fnt\n|faint|p1b: Booper\n|cant|p1a: Cuddles|flinch\n|\n|-weather|Sandstorm|[upkeep]\n|-damage|p2a: Kilowattrel|35\/100|[from] Sandstorm\n|-damage|p2b: Volcarona|68\/100|[from] Sandstorm\n|-heal|p2b: Volcarona|74\/100|[from] item: Leftovers\n|upkeep\n|\n|t:|1682342639\n|switch|p1b: Millinery|Hatterene, L50, F, shiny|100\/100\n|turn|5\n|\n|t:|1682342659\n|-terastallize|p1b: Millinery|Grass\n|move|p2a: Kilowattrel|U-turn|p1a: Cuddles\n|-supereffective|p1a: Cuddles\n|-damage|p1a: Cuddles|44\/100\n|\n|t:|1682342665\n|switch|p2a: Krookodile|Krookodile, L50, M|100\/100|[from] U-turn\n|-ability|p2a: Krookodile|Intimidate|boost\n|-unboost|p1a: Cuddles|atk|1\n|-unboost|p1b: Millinery|atk|1\n|move|p2b: Volcarona|Giga Drain|p1a: Cuddles\n|-supereffective|p1a: Cuddles\n|-damage|p1a: Cuddles|25\/100\n|-heal|p2b: Volcarona|86\/100|[from] drain|[of] p1a: Cuddles\n|move|p1a: Cuddles|Rock Slide|p2b: Volcarona|[spread] p2a,p2b\n|-resisted|p2a: Krookodile\n|-damage|p2a: Krookodile|92\/100\n|-damage|p2b: Volcarona|67\/100\n|move|p1b: Millinery|Giga Drain|p2b: Volcarona\n|-supereffective|p2b: Volcarona\n|-damage|p2b: Volcarona|0 fnt\n|faint|p2b: Volcarona\n|\n|-weather|none\n|upkeep\n|\n|t:|1682342680\n|switch|p2b: Kilowattrel|Kilowattrel, L50, M|35\/100\n|turn|6\n|\n|t:|1682342712\n|move|p2a: Krookodile|Gunk Shot|p1b: Millinery|[miss]\n|-miss|p2a: Krookodile|p1b: Millinery\n|move|p2b: Kilowattrel|Air Slash|p1a: Cuddles\n|-resisted|p1a: Cuddles\n|-damage|p1a: Cuddles|15\/100\n|move|p1a: Cuddles|Brick Break|p2a: Krookodile\n|-supereffective|p2a: Krookodile\n|-damage|p2a: Krookodile|64\/100\n|move|p1b: Millinery|Dazzling Gleam|p2a: Krookodile|[spread] p2a,p2b\n|-supereffective|p2a: Krookodile\n|-crit|p2b: Kilowattrel\n|-damage|p2a: Krookodile|0 fnt\n|-damage|p2b: Kilowattrel|0 fnt\n|faint|p2a: Krookodile\n|faint|p2b: Kilowattrel\n|\n|win|jennjarrett\n|c|\u2606jennjarrett|GGs! Thanks for the games!\n|c|\u2606plesiooo|Gg\n","uploadtime":1682342733,"views":34,"p1id":"jennjarrett","p2id":"plesiooo","formatid":"gen9vgc2023regulationc","rating":0,"private":0,"password":""}