{"id":"gen9vgc2023regulationc-1852482910","p1":"person6556","p2":"VeeGey","format":"[Gen 9] VGC 2023 Regulation C","log":"|j|\u2606person6556\n|j|\u2606VeeGey\n|t:|1682563372\n|gametype|doubles\n|player|p1|person6556|wally|1000\n|player|p2|VeeGey|102|1093\n|teamsize|p1|6\n|teamsize|p2|6\n|gen|9\n|tier|[Gen 9] VGC 2023 Regulation C\n|rated|\n|rule|Species Clause: Limit one of each Pok\u00e9mon\n|rule|Item Clause: Limit one of each item\n|clearpoke\n|poke|p1|Tinkaton, L50, F|\n|poke|p1|Medicham, L50, M|\n|poke|p1|Maushold-Four, L50|\n|poke|p1|Amoonguss, L50, F|\n|poke|p1|Annihilape, L50, F|\n|poke|p1|Flutter Mane, L50|\n|poke|p2|Scovillain, L50, F|\n|poke|p2|Dragapult, L50, M|\n|poke|p2|Barraskewda, L50, M|\n|poke|p2|Squawkabilly, L50, F|\n|poke|p2|Golduck, L50, M|\n|poke|p2|Pelipper, L50, F|\n|teampreview|4\n|inactive|Battle timer is ON: inactive players will automatically lose when time's up. (requested by VeeGey)\n|inactive|person6556 also wants the timer to be on.\n|inactive|person6556 no longer wants the timer on, but the timer is staying on because veegey still does.\n|inactive|person6556 has 60 seconds left.\n|inactive|VeeGey has 60 seconds left.\n|\n|t:|1682563405\n|start\n|switch|p1a: Tinkaton|Tinkaton, L50, F|100\/100\n|switch|p1b: Medicham|Medicham, L50, M|100\/100\n|switch|p2a: Pelipper|Pelipper, L50, F|100\/100\n|switch|p2b: Barraskewda|Barraskewda, L50, M|100\/100\n|-ability|p1a: Tinkaton|Mold Breaker\n|-weather|RainDance|[from] ability: Drizzle|[of] p2a: Pelipper\n|turn|1\n|\n|t:|1682563422\n|move|p1a: Tinkaton|Protect|p1a: Tinkaton\n|-singleturn|p1a: Tinkaton|Protect\n|move|p2b: Barraskewda|Liquidation|p1b: Medicham\n|-damage|p1b: Medicham|0 fnt\n|faint|p1b: Medicham\n|move|p2a: Pelipper|Chilling Water|p1a: Tinkaton\n|-activate|p1a: Tinkaton|move: Protect\n|\n|-weather|RainDance|[upkeep]\n|upkeep\n|\n|t:|1682563428\n|switch|p1b: Amoonguss|Amoonguss, L50, F|100\/100\n|turn|2\n|\n|t:|1682563440\n|-terastallize|p2b: Barraskewda|Water\n|move|p2b: Barraskewda|Liquidation|p1a: Tinkaton\n|-damage|p1a: Tinkaton|0 fnt\n|faint|p1a: Tinkaton\n|move|p2a: Pelipper|Icy Wind|p1b: Amoonguss\n|-supereffective|p1b: Amoonguss\n|-damage|p1b: Amoonguss|80\/100\n|-unboost|p1b: Amoonguss|spe|1\n|move|p1b: Amoonguss|Spore|p2b: Barraskewda\n|-status|p2b: Barraskewda|slp|[from] move: Spore\n|\n|-weather|RainDance|[upkeep]\n|upkeep\n|\n|t:|1682563450\n|switch|p1a: Flutter Mane|Flutter Mane, L50|100\/100\n|-enditem|p1a: Flutter Mane|Booster Energy\n|-activate|p1a: Flutter Mane|ability: Protosynthesis|[fromitem]\n|-start|p1a: Flutter Mane|protosynthesisspe\n|turn|3\n|\n|t:|1682563469\n|move|p1a: Flutter Mane|Moonblast|p2a: Pelipper\n|-damage|p2a: Pelipper|51\/100\n|cant|p2b: Barraskewda|slp\n|move|p2a: Pelipper|Icy Wind|p1b: Amoonguss|[spread] p1a,p1b\n|-supereffective|p1b: Amoonguss\n|-damage|p1a: Flutter Mane|90\/100\n|-damage|p1b: Amoonguss|63\/100\n|-unboost|p1a: Flutter Mane|spe|1\n|-unboost|p1b: Amoonguss|spe|1\n|move|p1b: Amoonguss|Sludge Bomb|p2b: Barraskewda\n|-damage|p2b: Barraskewda|48\/100 slp\n|\n|-weather|RainDance|[upkeep]\n|upkeep\n|turn|4\n|\n|t:|1682563491\n|-terastallize|p1a: Flutter Mane|Fairy\n|cant|p2b: Barraskewda|slp\n|move|p1a: Flutter Mane|Moonblast|p2a: Pelipper\n|-damage|p2a: Pelipper|0 fnt\n|faint|p2a: Pelipper\n|move|p1b: Amoonguss|Sludge Bomb|p2b: Barraskewda\n|-damage|p2b: Barraskewda|0 fnt\n|faint|p2b: Barraskewda\n|\n|-weather|RainDance|[upkeep]\n|upkeep\n|\n|t:|1682563498\n|switch|p2b: Dragapult|Dragapult, L50, M, shiny|100\/100\n|switch|p2a: Golduck|Golduck, L50, M, shiny|100\/100\n|turn|5\n|\n|t:|1682563516\n|move|p2a: Golduck|Surf|p1a: Flutter Mane|[spread] p2b,p1a,p1b\n|-resisted|p2b: Dragapult\n|-crit|p2b: Dragapult\n|-resisted|p1b: Amoonguss\n|-damage|p2b: Dragapult|63\/100\n|-damage|p1a: Flutter Mane|27\/100\n|-damage|p1b: Amoonguss|38\/100\n|-damage|p2a: Golduck|91\/100|[from] item: Life Orb\n|move|p2b: Dragapult|Dragon Darts|p1b: Amoonguss\n|-damage|p1b: Amoonguss|16\/100\n|-anim|p2b: Dragapult|Dragon Darts|p1b: Amoonguss\n|-damage|p1b: Amoonguss|0 fnt\n|faint|p1b: Amoonguss\n|move|p1a: Flutter Mane|Moonblast|p2b: Dragapult\n|-supereffective|p2b: Dragapult\n|-damage|p2b: Dragapult|0 fnt\n|faint|p2b: Dragapult\n|\n|-weather|none\n|upkeep\n|turn|6\n|\n|t:|1682563540\n|move|p1a: Flutter Mane|Moonblast|p2a: Golduck\n|-crit|p2a: Golduck\n|-damage|p2a: Golduck|0 fnt\n|faint|p2a: Golduck\n|\n|win|person6556\n|raw|person6556's rating: 1000 → 1050<\/strong> (+50 for winning)\n|raw|VeeGey's rating: 1093 → 1063<\/strong> (-30 for losing)\n|c|\u2606VeeGey|Gg\n|c|\u2606person6556|gg\n","uploadtime":1682563552,"views":7,"p1id":"person6556","p2id":"veegey","formatid":"gen9vgc2023regulationc","rating":1050,"private":0,"password":""}