{"id":"gen9vgc2023regulationc-1845444382","p1":"PinnotheChamp","p2":"vyxl","format":"[Gen 9] VGC 2023 Regulation C","log":"|j|\u2606PinnotheChamp\n|j|\u2606vyxl\n|t:|1681734018\n|gametype|doubles\n|player|p1|PinnotheChamp|steven|1244\n|player|p2|vyxl|1|1281\n|teamsize|p1|6\n|teamsize|p2|6\n|gen|9\n|tier|[Gen 9] VGC 2023 Regulation C\n|rated|\n|rule|Species Clause: Limit one of each Pok\u00e9mon\n|rule|Item Clause: Limit one of each item\n|clearpoke\n|poke|p1|Chien-Pao, L50|\n|poke|p1|Dragonite, L50, M|\n|poke|p1|Amoonguss, L50, F|\n|poke|p1|Flutter Mane, L50|\n|poke|p1|Gyarados, L50, M|\n|poke|p1|Ting-Lu, L50|\n|poke|p2|Dragonite, L50, F|\n|poke|p2|Orthworm, L50, F|\n|poke|p2|Ting-Lu, L50|\n|poke|p2|Chien-Pao, L50|\n|poke|p2|Gyarados, L50, M|\n|poke|p2|Flutter Mane, L50|\n|teampreview|4\n|inactive|Battle timer is ON: inactive players will automatically lose when time's up. (requested by PinnotheChamp)\nPinnotheChamp rejected open team sheets.\n|inactive|PinnotheChamp has 60 seconds left.\n|inactive|vyxl has 60 seconds left.\n|\n|t:|1681734071\n|start\n|switch|p1a: Chien-Pao|Chien-Pao, L50|100\/100\n|switch|p1b: Dragonite|Dragonite, L50, M|100\/100\n|switch|p2a: Chien-Pao|Chien-Pao, L50|100\/100\n|switch|p2b: Ting-Lu|Ting-Lu, L50|100\/100\n|-ability|p1a: Chien-Pao|Sword of Ruin\n|-ability|p2a: Chien-Pao|Sword of Ruin\n|-ability|p2b: Ting-Lu|Vessel of Ruin\n|turn|1\n|inactive|PinnotheChamp has 30 seconds left.\n|inactive|vyxl has 30 seconds left.\n|\n|t:|1681734097\n|-terastallize|p1b: Dragonite|Fire\n|-terastallize|p2b: Ting-Lu|Water\n|move|p2a: Chien-Pao|Sucker Punch|p1a: Chien-Pao\n|-resisted|p1a: Chien-Pao\n|-damage|p1a: Chien-Pao|75\/100\n|move|p1a: Chien-Pao|Ice Spinner|p2b: Ting-Lu\n|-resisted|p2b: Ting-Lu\n|-damage|p2b: Ting-Lu|85\/100\n|move|p1b: Dragonite|Tera Blast|p2a: Chien-Pao\n|-supereffective|p2a: Chien-Pao\n|-enditem|p2a: Chien-Pao|Focus Sash\n|-damage|p2a: Chien-Pao|1\/100\n|move|p2b: Ting-Lu|Rock Slide|p1a: Chien-Pao|[spread] p1a,p1b\n|-supereffective|p1a: Chien-Pao\n|-supereffective|p1b: Dragonite\n|-damage|p1a: Chien-Pao|34\/100\n|-damage|p1b: Dragonite|81\/100\n|\n|upkeep\n|turn|2\n|inactive|PinnotheChamp has 30 seconds left.\n|\n|t:|1681734127\n|switch|p2a: Orthworm|Orthworm, L50, F|100\/100\n|switch|p1b: Gyarados|Gyarados, L50, M|100\/100\n|-ability|p1b: Gyarados|Intimidate|boost\n|-unboost|p2a: Orthworm|atk|1\n|-unboost|p2b: Ting-Lu|atk|1\n|move|p1a: Chien-Pao|Protect|p1a: Chien-Pao\n|-singleturn|p1a: Chien-Pao|Protect\n|move|p2b: Ting-Lu|Bulldoze|p1a: Chien-Pao|[spread] \n|-activate|p1a: Chien-Pao|move: Protect\n|-immune|p2a: Orthworm|[from] ability: Earth Eater\n|-immune|p1b: Gyarados\n|\n|upkeep\n|turn|3\n|\n|t:|1681734150\n|move|p1a: Chien-Pao|Sacred Sword|p2a: Orthworm\n|-supereffective|p2a: Orthworm\n|-damage|p2a: Orthworm|46\/100\n|-enditem|p2a: Orthworm|Sitrus Berry|[eat]\n|-heal|p2a: Orthworm|71\/100|[from] item: Sitrus Berry\n|move|p1b: Gyarados|Taunt|p2a: Orthworm\n|-start|p2a: Orthworm|move: Taunt\n|move|p2b: Ting-Lu|Rock Slide|p1a: Chien-Pao|[spread] p1a\n|-miss|p2b: Ting-Lu|p1b: Gyarados\n|-supereffective|p1a: Chien-Pao\n|-damage|p1a: Chien-Pao|8\/100\n|cant|p2a: Orthworm|move: Taunt|Shed Tail\n|\n|upkeep\n|turn|4\n|\n|t:|1681734170\n|switch|p2a: Flutter Mane|Flutter Mane, L50|100\/100\n|move|p1a: Chien-Pao|Sacred Sword|p2a: Flutter Mane\n|-immune|p2a: Flutter Mane\n|move|p1b: Gyarados|Thunder Wave|p2b: Ting-Lu\n|-status|p2b: Ting-Lu|par\n|cant|p2b: Ting-Lu|par\n|\n|upkeep\n|turn|5\n|\n|t:|1681734190\n|move|p1a: Chien-Pao|Protect|p1a: Chien-Pao\n|-singleturn|p1a: Chien-Pao|Protect\n|move|p2a: Flutter Mane|Thunderbolt|p1b: Gyarados\n|-supereffective|p1b: Gyarados\n|-damage|p1b: Gyarados|13\/100\n|-enditem|p1b: Gyarados|Sitrus Berry|[eat]\n|-heal|p1b: Gyarados|38\/100|[from] item: Sitrus Berry\n|move|p1b: Gyarados|Thunder Wave|p2a: Flutter Mane|[miss]\n|-miss|p1b: Gyarados|p2a: Flutter Mane\n|move|p2b: Ting-Lu|Rock Slide|p1b: Gyarados|[spread] p1b\n|-activate|p1a: Chien-Pao|move: Protect\n|-supereffective|p1b: Gyarados\n|-damage|p1b: Gyarados|11\/100\n|\n|upkeep\n|turn|6\n|\n|t:|1681734210\n|-end|p2a: Flutter Mane|Protosynthesis|[silent]\n|switch|p2a: Orthworm|Orthworm, L50, F|71\/100\n|move|p1a: Chien-Pao|Ice Spinner|p2a: Orthworm\n|-resisted|p2a: Orthworm\n|-damage|p2a: Orthworm|54\/100\n|move|p1b: Gyarados|Thunder Wave|p2a: Orthworm\n|-status|p2a: Orthworm|par\n|move|p2b: Ting-Lu|Rock Slide|p1a: Chien-Pao|[spread] p1a,p1b\n|-supereffective|p1a: Chien-Pao\n|-supereffective|p1b: Gyarados\n|-damage|p1a: Chien-Pao|0 fnt\n|-damage|p1b: Gyarados|0 fnt\n|faint|p1a: Chien-Pao\n|faint|p1b: Gyarados\n|\n|upkeep\n|\n|t:|1681734223\n|switch|p1a: Flutter Mane|Flutter Mane, L50|100\/100\n|switch|p1b: Dragonite|Dragonite, L50, M, tera:Fire|81\/100\n|turn|7\n|\n|t:|1681734247\n|move|p1a: Flutter Mane|Thunderbolt|p2b: Ting-Lu\n|-supereffective|p2b: Ting-Lu\n|-damage|p2b: Ting-Lu|62\/100 par\n|move|p1b: Dragonite|Tera Blast|p2a: Orthworm\n|-supereffective|p2a: Orthworm\n|-damage|p2a: Orthworm|0 fnt\n|faint|p2a: Orthworm\n|move|p2b: Ting-Lu|Bulldoze|p1b: Dragonite|[spread] p1a,p1b\n|-supereffective|p1b: Dragonite\n|-damage|p1a: Flutter Mane|77\/100\n|-damage|p1b: Dragonite|60\/100\n|-unboost|p1a: Flutter Mane|spe|1\n|-unboost|p1b: Dragonite|spe|1\n|\n|upkeep\n|\n|t:|1681734262\n|switch|p2a: Flutter Mane|Flutter Mane, L50|100\/100\n|turn|8\n|\n|t:|1681734277\n|move|p1a: Flutter Mane|Protect|p1a: Flutter Mane\n|-singleturn|p1a: Flutter Mane|Protect\n|move|p2a: Flutter Mane|Hex|p1a: Flutter Mane\n|-activate|p1a: Flutter Mane|move: Protect\n|move|p1b: Dragonite|Tera Blast|p2a: Flutter Mane\n|-damage|p2a: Flutter Mane|0 fnt\n|faint|p2a: Flutter Mane\n|-end|p2a: Flutter Mane|Protosynthesis|[silent]\n|cant|p2b: Ting-Lu|par\n|\n|upkeep\n|\n|t:|1681734287\n|switch|p2a: Chien-Pao|Chien-Pao, L50|1\/100\n|-ability|p2a: Chien-Pao|Sword of Ruin\n|turn|9\n|\n|t:|1681734296\n|move|p2a: Chien-Pao|Sucker Punch|p1a: Flutter Mane\n|-damage|p1a: Flutter Mane|0 fnt\n|faint|p1a: Flutter Mane\n|-end|p1a: Flutter Mane|Protosynthesis|[silent]\n|move|p1b: Dragonite|Tera Blast|p2a: Chien-Pao\n|-supereffective|p2a: Chien-Pao\n|-damage|p2a: Chien-Pao|0 fnt\n|faint|p2a: Chien-Pao\n|move|p2b: Ting-Lu|Rock Slide|p1b: Dragonite\n|-supereffective|p1b: Dragonite\n|-damage|p1b: Dragonite|33\/100\n|\n|upkeep\n|turn|10\n|\n|t:|1681734308\n|move|p1b: Dragonite|Tera Blast|p2b: Ting-Lu\n|-resisted|p2b: Ting-Lu\n|-damage|p2b: Ting-Lu|42\/100 par\n|move|p2b: Ting-Lu|Bulldoze|p1b: Dragonite\n|-supereffective|p1b: Dragonite\n|-damage|p1b: Dragonite|0 fnt\n|faint|p1b: Dragonite\n|\n|win|vyxl\n|raw|PinnotheChamp's rating: 1244 → 1222<\/strong> (-22 for losing)\n|raw|vyxl's rating: 1281 → 1303<\/strong> (+22 for winning)\n|l|\u2606PinnotheChamp\n|c|\u2606vyxl|gg\n","uploadtime":1681734317,"views":10,"p1id":"pinnothechamp","p2id":"vyxl","formatid":"gen9vgc2023regulationc","rating":1222,"private":0,"password":""}