{"id":"gen9vgc2023regulationc-1859692015","p1":"xxKlb7xx","p2":"hrcgfdxcg","format":"[Gen 9] VGC 2023 Regulation C","log":"|j|\u2606xxKlb7xx\n|j|\u2606hrcgfdxcg\n|t:|1683556532\n|gametype|doubles\n|player|p1|xxKlb7xx|ghetsis|1071\n|player|p2|hrcgfdxcg|265|1052\n|teamsize|p1|6\n|teamsize|p2|6\n|gen|9\n|tier|[Gen 9] VGC 2023 Regulation C\n|rated|\n|rule|Species Clause: Limit one of each Pok\u00e9mon\n|rule|Item Clause: Limit one of each item\n|clearpoke\n|poke|p1|Hydreigon, L50, M|\n|poke|p1|Talonflame, L50, F|\n|poke|p1|Dragonite, L50, F|\n|poke|p1|Grimmsnarl, L50, M|\n|poke|p1|Chi-Yu, L50|\n|poke|p1|Volcarona, L50, F|\n|poke|p2|Slaking, L50, F|\n|poke|p2|Torkoal, L50, M|\n|poke|p2|Oranguru, L50, F|\n|poke|p2|Sableye, L50, F|\n|poke|p2|Roaring Moon, L50|\n|poke|p2|Brute Bonnet, L50|\n|teampreview|4\n|inactive|Battle timer is ON: inactive players will automatically lose when time's up. (requested by hrcgfdxcg)\n|\n|t:|1683556559\n|start\n|switch|p1a: Hydreigon|Hydreigon, L50, M|100\/100\n|switch|p1b: Talonflame|Talonflame, L50, F|100\/100\n|switch|p2a: Slaking|Slaking, L50, F|100\/100\n|switch|p2b: Sableye|Sableye, L50, F|100\/100\n|turn|1\n|inactive|xxKlb7xx has 30 seconds left.\n|inactive|xxKlb7xx has 20 seconds left.\n|\n|t:|1683556599\n|move|p1b: Talonflame|Tailwind|p1b: Talonflame\n|-sidestart|p1: xxKlb7xx|move: Tailwind\n|move|p2b: Sableye|Skill Swap|p2a: Slaking\n|-activate|p2b: Sableye|move: Skill Swap|||[of] p2a: Slaking\n|move|p2a: Slaking|Amnesia|p2a: Slaking\n|-boost|p2a: Slaking|spd|2\n|move|p1a: Hydreigon|Nasty Plot|p1a: Hydreigon\n|-boost|p1a: Hydreigon|spa|2\n|\n|upkeep\n|turn|2\n|inactive|hrcgfdxcg has 30 seconds left.\n|\n|t:|1683556628\n|move|p2a: Slaking|Curse|p2a: Slaking\n|-unboost|p2a: Slaking|spe|1\n|-boost|p2a: Slaking|atk|1\n|-boost|p2a: Slaking|def|1\n|move|p1b: Talonflame|Will-O-Wisp|p2a: Slaking\n|-status|p2a: Slaking|brn\n|move|p1a: Hydreigon|Dragon Pulse|p2a: Slaking\n|-damage|p2a: Slaking|74\/100 brn\n|cant|p2b: Sableye|ability: Truant\n|\n|-heal|p2a: Slaking|80\/100 brn|[from] item: Leftovers\n|-damage|p2a: Slaking|74\/100 brn|[from] brn\n|upkeep\n|turn|3\n|inactive|xxKlb7xx has 30 seconds left.\n|inactive|xxKlb7xx has 20 seconds left.\n|inactive|xxKlb7xx has 15 seconds left.\n|inactive|xxKlb7xx has 10 seconds left.\n|\n|t:|1683556677\n|switch|p1b: Volcarona|Volcarona, L50, F|100\/100\n|move|p2a: Slaking|Amnesia|p2a: Slaking\n|-boost|p2a: Slaking|spd|2\n|move|p1a: Hydreigon|Dragon Pulse|p2a: Slaking\n|-damage|p2a: Slaking|54\/100 brn\n|move|p2b: Sableye|Taunt|p1b: Volcarona\n|-start|p1b: Volcarona|move: Taunt\n|\n|-heal|p2a: Slaking|60\/100 brn|[from] item: Leftovers\n|-damage|p2a: Slaking|54\/100 brn|[from] brn\n|upkeep\n|turn|4\n|inactive|xxKlb7xx has 30 seconds left.\n|\n|t:|1683556703\n|switch|p2b: Oranguru|Oranguru, L50, F|100\/100\n|move|p2a: Slaking|Curse|p2a: Slaking\n|-unboost|p2a: Slaking|spe|1\n|-boost|p2a: Slaking|atk|1\n|-boost|p2a: Slaking|def|1\n|move|p1b: Volcarona|Heat Wave|p2b: Oranguru|[spread] p2a,p2b\n|-damage|p2a: Slaking|45\/100 brn\n|-damage|p2b: Oranguru|76\/100\n|move|p1a: Hydreigon|Dragon Pulse|p2a: Slaking\n|-damage|p2a: Slaking|26\/100 brn\n|\n|-heal|p2a: Slaking|32\/100 brn|[from] item: Leftovers\n|-damage|p2a: Slaking|26\/100 brn|[from] brn\n|-sideend|p1: xxKlb7xx|move: Tailwind\n|upkeep\n|turn|5\n|\n|t:|1683556722\n|move|p2a: Slaking|Slack Off|p2a: Slaking\n|-heal|p2a: Slaking|76\/100 brn\n|move|p1b: Volcarona|Heat Wave|p2b: Oranguru|[spread] p2a,p2b\n|-damage|p2a: Slaking|68\/100 brn\n|-damage|p2b: Oranguru|50\/100\n|move|p1a: Hydreigon|Dragon Pulse|p2a: Slaking\n|-damage|p2a: Slaking|50\/100 brn\n|move|p2b: Oranguru|Trick Room|p2b: Oranguru\n|-fieldstart|move: Trick Room|[of] p2b: Oranguru\n|\n|-heal|p2a: Slaking|56\/100 brn|[from] item: Leftovers\n|-damage|p2a: Slaking|50\/100 brn|[from] brn\n|-end|p1b: Volcarona|move: Taunt\n|upkeep\n|turn|6\n|inactive|xxKlb7xx has 30 seconds left.\n|inactive|hrcgfdxcg has 30 seconds left.\n|inactive|xxKlb7xx has 20 seconds left.\n|\n|t:|1683556757\n|move|p2a: Slaking|Curse|p2a: Slaking\n|-unboost|p2a: Slaking|spe|1\n|-boost|p2a: Slaking|atk|1\n|-boost|p2a: Slaking|def|1\n|move|p2b: Oranguru|Yawn|p1b: Volcarona\n|-start|p1b: Volcarona|move: Yawn|[of] p2b: Oranguru\n|move|p1a: Hydreigon|Dragon Pulse|p2a: Slaking\n|-damage|p2a: Slaking|30\/100 brn\n|move|p1b: Volcarona|Quiver Dance|p1b: Volcarona\n|-boost|p1b: Volcarona|spa|1\n|-boost|p1b: Volcarona|spd|1\n|-boost|p1b: Volcarona|spe|1\n|\n|-heal|p2a: Slaking|36\/100 brn|[from] item: Leftovers\n|-damage|p2a: Slaking|30\/100 brn|[from] brn\n|upkeep\n|turn|7\n|\n|t:|1683556778\n|move|p2a: Slaking|Slack Off|p2a: Slaking\n|-heal|p2a: Slaking|80\/100 brn\n|move|p2b: Oranguru|Instruct|p2a: Slaking\n|-singleturn|p2a: Slaking|move: Instruct|[of] p2b: Oranguru\n|move|p2a: Slaking|Slack Off|p2a: Slaking\n|-heal|p2a: Slaking|100\/100 brn\n|move|p1a: Hydreigon|Dragon Pulse|p2b: Oranguru\n|-damage|p2b: Oranguru|1\/100\n|move|p1b: Volcarona|Heat Wave|p2a: Slaking|[spread] p2b\n|-miss|p1b: Volcarona|p2a: Slaking\n|-damage|p2b: Oranguru|0 fnt\n|faint|p2b: Oranguru\n|\n|-damage|p2a: Slaking|94\/100 brn|[from] brn\n|-end|p1b: Volcarona|move: Yawn|[silent]\n|-status|p1b: Volcarona|slp\n|upkeep\n|\n|t:|1683556797\n|switch|p2b: Torkoal|Torkoal, L50, M|100\/100\n|-weather|SunnyDay|[from] ability: Drought|[of] p2b: Torkoal\n|turn|8\n|\n|t:|1683556819\n|-terastallize|p2b: Torkoal|Fire\n|cant|p1b: Volcarona|slp\n|move|p2b: Torkoal|Eruption|p1a: Hydreigon|[spread] p1a,p1b\n|-resisted|p1a: Hydreigon\n|-damage|p1a: Hydreigon|44\/100\n|-damage|p1b: Volcarona|35\/100 slp\n|-enditem|p1b: Volcarona|Sitrus Berry|[eat]\n|-heal|p1b: Volcarona|60\/100 slp|[from] item: Sitrus Berry\n|move|p2a: Slaking|Aerial Ace|p1b: Volcarona\n|-supereffective|p1b: Volcarona\n|-damage|p1b: Volcarona|0 fnt\n|faint|p1b: Volcarona\n|move|p1a: Hydreigon|Nasty Plot|p1a: Hydreigon\n|-boost|p1a: Hydreigon|spa|2\n|\n|-weather|SunnyDay|[upkeep]\n|-heal|p2a: Slaking|100\/100 brn|[from] item: Leftovers\n|-heal|p1a: Hydreigon|50\/100|[from] item: Leftovers\n|-damage|p2a: Slaking|94\/100 brn|[from] brn\n|upkeep\n|inactive|xxKlb7xx has 30 seconds left.\n|\n|t:|1683556844\n|switch|p1b: Dragonite|Dragonite, L50, F|100\/100\n|turn|9\n|\n|t:|1683556865\n|move|p1a: Hydreigon|Protect|p1a: Hydreigon\n|-singleturn|p1a: Hydreigon|Protect\n|move|p2b: Torkoal|Overheat|p1b: Dragonite\n|-resisted|p1b: Dragonite\n|-damage|p1b: Dragonite|69\/100\n|-unboost|p2b: Torkoal|spa|2\n|move|p2a: Slaking|Aerial Ace|p1a: Hydreigon\n|-activate|p1a: Hydreigon|move: Protect\n|move|p1b: Dragonite|Dragon Dance|p1b: Dragonite\n|-boost|p1b: Dragonite|atk|1\n|-boost|p1b: Dragonite|spe|1\n|\n|-weather|SunnyDay|[upkeep]\n|-heal|p2a: Slaking|100\/100 brn|[from] item: Leftovers\n|-heal|p1a: Hydreigon|56\/100|[from] item: Leftovers\n|-damage|p2a: Slaking|94\/100 brn|[from] brn\n|-fieldend|move: Trick Room\n|upkeep\n|turn|10\n|inactive|xxKlb7xx has 30 seconds left.\n|\n|t:|1683556894\n|switch|p2b: Sableye|Sableye, L50, F|100\/100\n|move|p1b: Dragonite|Earthquake|p2a: Slaking|[spread] p2a,p2b\n|-immune|p1a: Hydreigon|[from] ability: Levitate\n|-damage|p2a: Slaking|84\/100 brn\n|-damage|p2b: Sableye|46\/100\n|-enditem|p2b: Sableye|Eject Button\n|\n|t:|1683556902\n|switch|p2b: Torkoal|Torkoal, L50, M, tera:Fire|100\/100\n|move|p1a: Hydreigon|Dragon Pulse|p2a: Slaking\n|-damage|p2a: Slaking|54\/100 brn\n|move|p2a: Slaking|Aerial Ace|p1b: Dragonite\n|-damage|p1b: Dragonite|43\/100\n|\n|-weather|SunnyDay|[upkeep]\n|-heal|p1a: Hydreigon|62\/100|[from] item: Leftovers\n|-heal|p2a: Slaking|60\/100 brn|[from] item: Leftovers\n|-damage|p2a: Slaking|54\/100 brn|[from] brn\n|upkeep\n|turn|11\n|inactive|xxKlb7xx has 30 seconds left.\n|\n|t:|1683556929\n|move|p1b: Dragonite|Earthquake|p2b: Torkoal|[spread] p2a,p2b\n|-immune|p1a: Hydreigon|[from] ability: Levitate\n|-supereffective|p2b: Torkoal\n|-damage|p2a: Slaking|44\/100 brn\n|-damage|p2b: Torkoal|35\/100\n|move|p1a: Hydreigon|Dragon Pulse|p2a: Slaking\n|-damage|p2a: Slaking|17\/100 brn\n|move|p2a: Slaking|Aerial Ace|p1a: Hydreigon\n|-damage|p1a: Hydreigon|37\/100\n|move|p2b: Torkoal|Overheat|p1a: Hydreigon\n|-resisted|p1a: Hydreigon\n|-damage|p1a: Hydreigon|0 fnt\n|-unboost|p2b: Torkoal|spa|2\n|faint|p1a: Hydreigon\n|\n|-weather|SunnyDay|[upkeep]\n|-heal|p2a: Slaking|23\/100 brn|[from] item: Leftovers\n|-damage|p2a: Slaking|17\/100 brn|[from] brn\n|upkeep\n|\n|t:|1683556952\n|switch|p1a: Talonflame|Talonflame, L50, F|100\/100\n|turn|12\n|inactive|xxKlb7xx has 30 seconds left.\n|inactive|xxKlb7xx has 20 seconds left.\n|\n|t:|1683556989\n|switch|p2b: Sableye|Sableye, L50, F|46\/100\n|move|p2a: Slaking|Slack Off|p2a: Slaking\n|-heal|p2a: Slaking|67\/100 brn\n|move|p1a: Talonflame|Flare Blitz|p2a: Slaking\n|-damage|p2a: Slaking|53\/100 brn\n|-damage|p1a: Talonflame|94\/100|[from] Recoil\n|move|p1b: Dragonite|Earthquake|p2a: Slaking|[spread] p2a,p2b\n|-immune|p1a: Talonflame\n|-damage|p2a: Slaking|42\/100 brn\n|-damage|p2b: Sableye|0 fnt\n|faint|p2b: Sableye\n|\n|-weather|none\n|-heal|p2a: Slaking|48\/100 brn|[from] item: Leftovers\n|-damage|p2a: Slaking|42\/100 brn|[from] brn\n|upkeep\n|\n|t:|1683557007\n|switch|p2b: Torkoal|Torkoal, L50, M, tera:Fire|35\/100\n|-weather|SunnyDay|[from] ability: Drought|[of] p2b: Torkoal\n|turn|13\n|inactive|xxKlb7xx has 30 seconds left.\n|\n|t:|1683557042\n|move|p2a: Slaking|Curse|p2a: Slaking\n|-unboost|p2a: Slaking|spe|1\n|-boost|p2a: Slaking|atk|1\n|-boost|p2a: Slaking|def|1\n|move|p1a: Talonflame|Brave Bird|p2a: Slaking\n|-damage|p2a: Slaking|34\/100 brn\n|-damage|p1a: Talonflame|91\/100|[from] Recoil\n|move|p1b: Dragonite|Earthquake|p2a: Slaking|[spread] p2a,p2b\n|-immune|p1a: Talonflame\n|-supereffective|p2b: Torkoal\n|-damage|p2a: Slaking|26\/100 brn\n|-damage|p2b: Torkoal|0 fnt\n|faint|p2b: Torkoal\n|\n|-weather|SunnyDay|[upkeep]\n|-heal|p2a: Slaking|32\/100 brn|[from] item: Leftovers\n|-damage|p2a: Slaking|26\/100 brn|[from] brn\n|upkeep\n|turn|14\n|inactive|xxKlb7xx has 30 seconds left.\n|inactive|xxKlb7xx has 20 seconds left.\n|\n|t:|1683557071\n|move|p2a: Slaking|Slack Off|p2a: Slaking\n|-heal|p2a: Slaking|76\/100 brn\n|move|p1a: Talonflame|Flare Blitz|p2a: Slaking\n|-damage|p2a: Slaking|63\/100 brn\n|-damage|p1a: Talonflame|85\/100|[from] Recoil\n|move|p1b: Dragonite|Dragon Dance|p1b: Dragonite\n|-boost|p1b: Dragonite|atk|1\n|-boost|p1b: Dragonite|spe|1\n|\n|-weather|SunnyDay|[upkeep]\n|-heal|p2a: Slaking|69\/100 brn|[from] item: Leftovers\n|-damage|p2a: Slaking|63\/100 brn|[from] brn\n|upkeep\n|turn|15\n|inactive|xxKlb7xx has 20 seconds left this turn.\n|inactive|xxKlb7xx has 15 seconds left.\n|inactive|xxKlb7xx has 10 seconds left.\n|inactive|xxKlb7xx has 5 seconds left.\n|\n|t:|1683557087\n|move|p1b: Dragonite|Earthquake|p2a: Slaking|[spread] p2a\n|-immune|p1a: Talonflame\n|-damage|p2a: Slaking|51\/100 brn\n|move|p1a: Talonflame|Flare Blitz|p2a: Slaking\n|-damage|p2a: Slaking|40\/100 brn\n|-damage|p1a: Talonflame|79\/100|[from] Recoil\n|move|p2a: Slaking|Aerial Ace|p1b: Dragonite\n|-damage|p1b: Dragonite|13\/100\n|\n|-weather|SunnyDay|[upkeep]\n|-heal|p2a: Slaking|46\/100 brn|[from] item: Leftovers\n|-damage|p2a: Slaking|40\/100 brn|[from] brn\n|upkeep\n|turn|16\n|inactive|xxKlb7xx has 5 seconds left this turn.\n|-message|xxKlb7xx lost due to inactivity.\n|\n|win|hrcgfdxcg\n|raw|xxKlb7xx's rating: 1071 → 1049<\/strong> (-22 for losing)\n|raw|hrcgfdxcg's rating: 1052 → 1086<\/strong> (+34 for winning)\n|l|\u2606xxKlb7xx\n","uploadtime":1683557107,"views":7,"p1id":"xxklb7xx","p2id":"hrcgfdxcg","formatid":"gen9vgc2023regulationc","rating":1049,"private":0,"password":""}