{"id":"gen9vgc2023regulationc-1854564580","p1":"ted31625","p2":"LasermanZ111","format":"[Gen 9] VGC 2023 Regulation C","log":"|j|\u2606ted31625\n|j|\u2606LasermanZ111\n|t:|1682827720\n|gametype|doubles\n|player|p1|ted31625|266|1193\n|player|p2|LasermanZ111|ash|1296\n|teamsize|p1|6\n|teamsize|p2|6\n|gen|9\n|tier|[Gen 9] VGC 2023 Regulation C\n|rated|\n|rule|Species Clause: Limit one of each Pok\u00e9mon\n|rule|Item Clause: Limit one of each item\n|clearpoke\n|poke|p1|Ting-Lu, L50|\n|poke|p1|Amoonguss, L50, M|\n|poke|p1|Roaring Moon, L50|\n|poke|p1|Arcanine, L50, M|\n|poke|p1|Palafin, L50, F|\n|poke|p1|Flutter Mane, L50|\n|poke|p2|Chi-Yu, L50|\n|poke|p2|Iron Bundle, L50|\n|poke|p2|Amoonguss, L50, M|\n|poke|p2|Flutter Mane, L50|\n|poke|p2|Iron Hands, L50|\n|poke|p2|Corviknight, L50, M|\n|teampreview|4\n|inactive|Battle timer is ON: inactive players will automatically lose when time's up. (requested by ted31625)\nLasermanZ111 has agreed to open team sheets.\n|inactive|LasermanZ111 has 60 seconds left.\n|inactive|LasermanZ111 has 30 seconds left.\n|inactive|LasermanZ111 has 20 seconds left.\n|inactive|LasermanZ111 has 15 seconds left.\n|inactive|LasermanZ111 has 10 seconds left.\n|inactive|LasermanZ111 has 5 seconds left.\n|\n|t:|1682827808\n|start\n|switch|p1a: MW-Boomer|Flutter Mane, L50|100\/100\n|switch|p1b: MW-Yee\u7965|Palafin, L50, F, shiny|100\/100\n|switch|p2a: Iron Bundle|Iron Bundle, L50|100\/100\n|switch|p2b: Flutter Mane|Flutter Mane, L50|100\/100\n|turn|1\n|\n|t:|1682827831\n|-terastallize|p1a: MW-Boomer|Fairy\n|move|p2b: Flutter Mane|Protect|p2b: Flutter Mane\n|-singleturn|p2b: Flutter Mane|Protect\n|move|p2a: Iron Bundle|Icy Wind|p1b: MW-Yee\u7965|[spread] p1a,p1b\n|-resisted|p1b: MW-Yee\u7965\n|-damage|p1a: MW-Boomer|79\/100\n|-damage|p1b: MW-Yee\u7965|87\/100\n|-unboost|p1a: MW-Boomer|spe|1\n|-unboost|p1b: MW-Yee\u7965|spe|1\n|move|p1a: MW-Boomer|Moonblast|p2a: Iron Bundle\n|-enditem|p2a: Iron Bundle|Focus Sash\n|-damage|p2a: Iron Bundle|1\/100\n|move|p1b: MW-Yee\u7965|Wave Crash|p2b: Flutter Mane\n|-activate|p2b: Flutter Mane|move: Protect\n|\n|upkeep\n|turn|2\n|inactive|LasermanZ111 has 30 seconds left.\n|inactive|LasermanZ111 has 20 seconds left.\n|\n|t:|1682827869\n|-end|p2b: Flutter Mane|Protosynthesis|[silent]\n|switch|p2b: Corviknight|Corviknight, L50, M|100\/100\n|detailschange|p1b: MW-Yee\u7965|Palafin-Hero, L50, F, shiny\n|switch|p1b: MW-Cookie|Amoonguss, L50, M, shiny|100\/100\n|move|p2a: Iron Bundle|Protect|p2a: Iron Bundle\n|-singleturn|p2a: Iron Bundle|Protect\n|move|p1a: MW-Boomer|Protect||[still]\n|-fail|p1a: MW-Boomer\n|\n|upkeep\n|turn|3\n|inactive|LasermanZ111 has 30 seconds left.\n|inactive|ted31625 has 30 seconds left.\n|\n|t:|1682827912\n|-end|p1a: MW-Boomer|Protosynthesis|[silent]\n|switch|p1a: MW-\u963f\u725b|Ting-Lu, L50|100\/100\n|-ability|p1a: MW-\u963f\u725b|Vessel of Ruin\n|move|p2a: Iron Bundle|Freeze-Dry|p1b: MW-Cookie\n|-supereffective|p1b: MW-Cookie\n|-damage|p1b: MW-Cookie|59\/100\n|move|p2b: Corviknight|Brave Bird|p1b: MW-Cookie\n|-supereffective|p1b: MW-Cookie\n|-damage|p1b: MW-Cookie|0 fnt\n|faint|p1b: MW-Cookie\n|-damage|p2b: Corviknight|80\/100|[from] Recoil\n|\n|upkeep\n|\n|t:|1682827925\n|switch|p1b: MW-Yee\u7965|Palafin-Hero, L50, F, shiny|87\/100\n|-activate|p1b: MW-Yee\u7965|ability: Zero to Hero\n|turn|4\n|inactive|LasermanZ111 has 30 seconds left.\n|\n|t:|1682827951\n|move|p2a: Iron Bundle|Freeze-Dry|p1b: MW-Yee\u7965\n|-supereffective|p1b: MW-Yee\u7965\n|-damage|p1b: MW-Yee\u7965|38\/100\n|move|p1b: MW-Yee\u7965|Wave Crash|p2b: Corviknight\n|-damage|p2b: Corviknight|5\/100\n|-damage|p1b: MW-Yee\u7965|14\/100|[from] Recoil\n|move|p2b: Corviknight|Tailwind|p2b: Corviknight\n|-sidestart|p2: LasermanZ111|move: Tailwind\n|move|p1a: MW-\u963f\u725b|Payback|p2b: Corviknight\n|-damage|p2b: Corviknight|0 fnt\n|faint|p2b: Corviknight\n|\n|upkeep\n|inactive|LasermanZ111 has 30 seconds left.\n|\n|t:|1682827977\n|switch|p2b: Iron Hands|Iron Hands, L50|100\/100\n|turn|5\n|\n|t:|1682827989\n|-terastallize|p2b: Iron Hands|Grass\n|move|p1b: MW-Yee\u7965|Protect|p1b: MW-Yee\u7965\n|-singleturn|p1b: MW-Yee\u7965|Protect\n|move|p2b: Iron Hands|Fake Out|p1b: MW-Yee\u7965\n|-activate|p1b: MW-Yee\u7965|move: Protect\n|move|p2a: Iron Bundle|Hydro Pump|p1a: MW-\u963f\u725b\n|-supereffective|p1a: MW-\u963f\u725b\n|-damage|p1a: MW-\u963f\u725b|66\/100\n|move|p1a: MW-\u963f\u725b|Stomping Tantrum|p2b: Iron Hands\n|-resisted|p2b: Iron Hands\n|-damage|p2b: Iron Hands|90\/100\n|\n|upkeep\n|turn|6\n|\n|t:|1682828009\n|move|p1b: MW-Yee\u7965|Jet Punch|p2a: Iron Bundle\n|-resisted|p2a: Iron Bundle\n|-damage|p2a: Iron Bundle|0 fnt\n|faint|p2a: Iron Bundle\n|-end|p2a: Iron Bundle|Quark Drive|[silent]\n|move|p2b: Iron Hands|Drain Punch|p1b: MW-Yee\u7965\n|-damage|p1b: MW-Yee\u7965|0 fnt\n|-heal|p2b: Iron Hands|95\/100|[from] drain|[of] p1b: MW-Yee\u7965\n|faint|p1b: MW-Yee\u7965\n|move|p1a: MW-\u963f\u725b|Ruination|p2b: Iron Hands\n|-damage|p2b: Iron Hands|48\/100\n|\n|upkeep\n|\n|t:|1682828019\n|switch|p2a: Flutter Mane|Flutter Mane, L50|100\/100\n|switch|p1b: MW-Boomer|Flutter Mane, L50, tera:Fairy|79\/100\n|turn|7\n|\n|t:|1682828027\n|move|p2a: Flutter Mane|Dazzling Gleam|p1b: MW-Boomer|[spread] p1a,p1b\n|-supereffective|p1a: MW-\u963f\u725b\n|-damage|p1a: MW-\u963f\u725b|39\/100\n|-damage|p1b: MW-Boomer|43\/100\n|-damage|p2a: Flutter Mane|91\/100|[from] item: Life Orb\n|move|p1b: MW-Boomer|Moonblast|p2b: Iron Hands\n|-damage|p2b: Iron Hands|24\/100\n|move|p2b: Iron Hands|Drain Punch|p1a: MW-\u963f\u725b\n|-supereffective|p1a: MW-\u963f\u725b\n|-damage|p1a: MW-\u963f\u725b|0 fnt\n|-heal|p2b: Iron Hands|45\/100|[from] drain|[of] p1a: MW-\u963f\u725b\n|faint|p1a: MW-\u963f\u725b\n|\n|-sideend|p2: LasermanZ111|move: Tailwind\n|upkeep\n|turn|8\n|-message|ted31625 forfeited.\n|\n|win|LasermanZ111\n|raw|ted31625's rating: 1193 → 1175<\/strong> (-18 for losing)\n|raw|LasermanZ111's rating: 1296 → 1314<\/strong> (+18 for winning)\n|l|\u2606ted31625\n","uploadtime":1682828043,"views":9,"p1id":"ted31625","p2id":"lasermanz111","formatid":"gen9vgc2023regulationc","rating":1175,"private":0,"password":""}