{"id":"gen9vgc2023regulationc-1847661697","p1":"eruption rush","p2":"Ting Tu","format":"[Gen 9] VGC 2023 Regulation C","log":"|j|\u2606eruption rush\n|j|\u2606Ting Tu\n|t:|1681989259\n|gametype|doubles\n|player|p1|eruption rush|101|\n|player|p2|Ting Tu|266|\n|teamsize|p1|6\n|teamsize|p2|6\n|gen|9\n|tier|[Gen 9] VGC 2023 Regulation C\n|rated|Tournament battle\n|rule|Species Clause: Limit one of each Pok\u00e9mon\n|rule|Item Clause: Limit one of each item\n|clearpoke\n|poke|p1|Baxcalibur, L50, M|\n|poke|p1|Amoonguss, L50, M|\n|poke|p1|Chi-Yu, L50|\n|poke|p1|Iron Hands, L50|\n|poke|p1|Flutter Mane, L50|\n|poke|p1|Gyarados, L50, M|\n|poke|p2|Dondozo, L50, F|\n|poke|p2|Tatsugiri, L50, M|\n|poke|p2|Glimmora, L50, M|\n|poke|p2|Maushold, L50|\n|poke|p2|Dragonite, L50, M|\n|poke|p2|Chien-Pao, L50|\n|teampreview|4\n|j| Piter2509\neruption rush has agreed to open team sheets.\n|inactive|Battle timer is ON: inactive players will automatically lose when time's up. (requested by eruption rush)\n|\n|t:|1681989314\n|start\n|switch|p1a: BorseCalibro|Baxcalibur, L50, M, shiny|100\/100\n|switch|p1b: TraDiNoi|Amoonguss, L50, M, shiny|100\/100\n|switch|p2a: Dragonite|Dragonite, L50, M|100\/100\n|switch|p2b: Chien-Pao|Chien-Pao, L50|100\/100\n|-ability|p2b: Chien-Pao|Sword of Ruin\n|turn|1\n|inactive|eruption rush has 30 seconds left.\n|inactive|Ting Tu has 30 seconds left.\n|\n|t:|1681989348\n|-terastallize|p1b: TraDiNoi|Steel\n|move|p1a: BorseCalibro|Protect|p1a: BorseCalibro\n|-singleturn|p1a: BorseCalibro|Protect\n|move|p2b: Chien-Pao|Ice Spinner|p1b: TraDiNoi\n|-resisted|p1b: TraDiNoi\n|-damage|p1b: TraDiNoi|81\/100\n|move|p2a: Dragonite|Outrage|p1b: TraDiNoi\n|-resisted|p1b: TraDiNoi\n|-damage|p1b: TraDiNoi|30\/100\n|move|p1b: TraDiNoi|Spore|p2a: Dragonite\n|-status|p2a: Dragonite|slp|[from] move: Spore\n|\n|upkeep\n|turn|2\n|\n|t:|1681989364\n|switch|p1b: FineFerrea|Iron Hands, L50, shiny|100\/100\n|move|p2b: Chien-Pao|Protect|p2b: Chien-Pao\n|-singleturn|p2b: Chien-Pao|Protect\n|move|p1a: BorseCalibro|Dragon Dance|p1a: BorseCalibro\n|-boost|p1a: BorseCalibro|atk|1\n|-boost|p1a: BorseCalibro|spe|1\n|cant|p2a: Dragonite|slp\n|\n|upkeep\n|turn|3\n|\n|t:|1681989375\n|-terastallize|p2b: Chien-Pao|Ghost\n|move|p1b: FineFerrea|Fake Out|p2b: Chien-Pao\n|-immune|p2b: Chien-Pao\n|move|p2b: Chien-Pao|Sacred Sword|p1a: BorseCalibro\n|-supereffective|p1a: BorseCalibro\n|-damage|p1a: BorseCalibro|30\/100\n|move|p1a: BorseCalibro|Icicle Crash|p2a: Dragonite\n|-supereffective|p2a: Dragonite\n|-damage|p2a: Dragonite|0 fnt\n|faint|p2a: Dragonite\n|\n|upkeep\n|\n|t:|1681989387\n|switch|p2a: Accepting|Dondozo, L50, F, shiny|100\/100\n|turn|4\n|\n|t:|1681989395\n|switch|p2b: OTS|Tatsugiri, L50, M, shiny|100\/100\n|-activate|p2b: OTS|ability: Commander|[of] p2a: Accepting\n|-boost|p2a: Accepting|atk|2\n|-boost|p2a: Accepting|spa|2\n|-boost|p2a: Accepting|spe|2\n|-boost|p2a: Accepting|def|2\n|-boost|p2a: Accepting|spd|2\n|switch|p1a: GiaraDue|Gyarados, L50, M, shiny|100\/100\n|-ability|p1a: GiaraDue|Intimidate|boost\n|-fail|p2a: Accepting|unboost|Attack|[from] ability: Oblivious|[of] p2a: Accepting\n|-unboost|p2b: OTS|atk|1\n|move|p2a: Accepting|Earthquake|p1b: FineFerrea|[spread] p1b\n|-miss|p2a: Accepting|p2b: OTS\n|-immune|p1a: GiaraDue\n|-supereffective|p1b: FineFerrea\n|-damage|p1b: FineFerrea|49\/100\n|move|p1b: FineFerrea|Volt Switch|p2a: Accepting\n|-supereffective|p2a: Accepting\n|-damage|p2a: Accepting|89\/100\n|\n|t:|1681989415\n|-end|p1b: FineFerrea|Quark Drive|[silent]\n|switch|p1b: TraDiNoi|Amoonguss, L50, M, shiny, tera:Steel|63\/100|[from] Volt Switch\n|\n|upkeep\n|turn|5\n|\n|t:|1681989437\n|move|p1b: TraDiNoi|Protect|p1b: TraDiNoi\n|-singleturn|p1b: TraDiNoi|Protect\n|move|p2a: Accepting|Wave Crash|p1b: TraDiNoi\n|-activate|p1b: TraDiNoi|move: Protect\n|move|p1a: GiaraDue|Icy Wind|p2b: OTS|[spread] \n|-miss|p1a: GiaraDue|p2b: OTS\n|-miss|p1a: GiaraDue|p2a: Accepting\n|\n|upkeep\n|turn|6\n|\n|t:|1681989448\n|switch|p1b: FineFerrea|Iron Hands, L50, shiny|49\/100\n|move|p2a: Accepting|Wave Crash|p1b: FineFerrea\n|-damage|p1b: FineFerrea|0 fnt\n|faint|p1b: FineFerrea\n|-end|p1b: FineFerrea|Quark Drive|[silent]\n|-damage|p2a: Accepting|70\/100|[from] Recoil\n|move|p1a: GiaraDue|Thunder Wave|p2a: Accepting\n|-status|p2a: Accepting|par\n|\n|upkeep\n|\n|t:|1681989465\n|switch|p1b: TraDiNoi|Amoonguss, L50, M, shiny, tera:Steel|96\/100\n|turn|7\n|\n|t:|1681989470\n|switch|p1a: BorseCalibro|Baxcalibur, L50, M, shiny|30\/100\n|move|p2a: Accepting|Wave Crash|p1b: TraDiNoi\n|-crit|p1b: TraDiNoi\n|-damage|p1b: TraDiNoi|0 fnt\n|faint|p1b: TraDiNoi\n|-damage|p2a: Accepting|40\/100 par|[from] Recoil\n|\n|upkeep\n|\n|t:|1681989476\n|switch|p1b: GiaraDue|Gyarados, L50, M, shiny|100\/100\n|-ability|p1b: GiaraDue|Intimidate|boost\n|-fail|p2a: Accepting|unboost|Attack|[from] ability: Oblivious|[of] p2a: Accepting\n|-unboost|p2b: OTS|atk|1\n|turn|8\n|\n|t:|1681989480\n|move|p1a: BorseCalibro|Icicle Crash|p2a: Accepting\n|-resisted|p2a: Accepting\n|-damage|p2a: Accepting|31\/100 par\n|move|p1b: GiaraDue|Waterfall|p2a: Accepting\n|-resisted|p2a: Accepting\n|-damage|p2a: Accepting|26\/100 par\n|move|p2a: Accepting|Rest|p2a: Accepting\n|-status|p2a: Accepting|slp|[from] move: Rest\n|-heal|p2a: Accepting|100\/100 slp|[silent]\n|-enditem|p2a: Accepting|Chesto Berry|[eat]\n|-curestatus|p2a: Accepting|slp|[msg]\n|\n|upkeep\n|turn|9\n|\n|t:|1681989503\n|move|p1a: BorseCalibro|Protect|p1a: BorseCalibro\n|-singleturn|p1a: BorseCalibro|Protect\n|move|p2a: Accepting|Earthquake|p1a: BorseCalibro|[spread] \n|-miss|p2a: Accepting|p2b: OTS\n|-activate|p1a: BorseCalibro|move: Protect\n|-immune|p1b: GiaraDue\n|move|p1b: GiaraDue|Thunder Wave|p2a: Accepting\n|-status|p2a: Accepting|par\n|\n|upkeep\n|turn|10\n|\n|t:|1681989511\n|move|p1a: BorseCalibro|Icicle Crash|p2a: Accepting\n|-resisted|p2a: Accepting\n|-damage|p2a: Accepting|92\/100 par\n|move|p1b: GiaraDue|Waterfall|p2a: Accepting\n|-resisted|p2a: Accepting\n|-damage|p2a: Accepting|87\/100 par\n|cant|p2a: Accepting|flinch\n|\n|upkeep\n|turn|11\n|\n|t:|1681989525\n|move|p1a: BorseCalibro|Glaive Rush|p2a: Accepting\n|-damage|p2a: Accepting|64\/100 par\n|-singlemove|p1a: BorseCalibro|Glaive Rush|[silent]\n|move|p1b: GiaraDue|Waterfall|p2a: Accepting\n|-resisted|p2a: Accepting\n|-damage|p2a: Accepting|58\/100 par\n|cant|p2a: Accepting|par\n|\n|upkeep\n|turn|12\n|\n|t:|1681989534\n|move|p1a: BorseCalibro|Glaive Rush|p2a: Accepting\n|-damage|p2a: Accepting|35\/100 par\n|-singlemove|p1a: BorseCalibro|Glaive Rush|[silent]\n|move|p1b: GiaraDue|Waterfall|p2a: Accepting\n|-resisted|p2a: Accepting\n|-damage|p2a: Accepting|28\/100 par\n|cant|p2a: Accepting|par\n|\n|upkeep\n|turn|13\n|\n|t:|1681989551\n|move|p1a: BorseCalibro|Icicle Crash|p2a: Accepting\n|-resisted|p2a: Accepting\n|-damage|p2a: Accepting|19\/100 par\n|move|p1b: GiaraDue|Waterfall|p2a: Accepting\n|-resisted|p2a: Accepting\n|-damage|p2a: Accepting|14\/100 par\n|cant|p2a: Accepting|flinch\n|\n|upkeep\n|turn|14\n|\n|t:|1681989569\n|move|p1a: BorseCalibro|Glaive Rush|p2a: Accepting\n|-damage|p2a: Accepting|0 fnt\n|-singlemove|p1a: BorseCalibro|Glaive Rush|[silent]\n|faint|p2a: Accepting\n|move|p1b: GiaraDue|Thunder Wave|p2b: OTS\n|-status|p2b: OTS|par\n|\n|upkeep\n|\n|t:|1681989575\n|switch|p2a: Chien-Pao|Chien-Pao, L50, tera:Ghost|100\/100\n|-ability|p2a: Chien-Pao|Sword of Ruin\n|turn|15\n|inactive|Ting Tu has 30 seconds left.\n|\n|t:|1681989612\n|move|p1a: BorseCalibro|Protect|p1a: BorseCalibro\n|-singleturn|p1a: BorseCalibro|Protect\n|move|p2a: Chien-Pao|Sacred Sword|p1a: BorseCalibro\n|-activate|p1a: BorseCalibro|move: Protect\n|move|p2b: OTS|Dragon Pulse|p1b: GiaraDue\n|-damage|p1b: GiaraDue|73\/100\n|move|p1b: GiaraDue|Thunder Wave|p2a: Chien-Pao\n|-status|p2a: Chien-Pao|par\n|\n|upkeep\n|turn|16\n|inactive|eruption rush has 30 seconds left.\n|inactive|eruption rush has 20 seconds left.\n|inactive|eruption rush has 15 seconds left.\n|inactive|eruption rush has 10 seconds left.\n|inactive|Ting Tu has 30 seconds left.\n|inactive|eruption rush has 5 seconds left.\n|\n|t:|1681989675\n|cant|p2a: Chien-Pao|par\n|move|p1a: BorseCalibro|Glaive Rush|p2b: OTS\n|-supereffective|p2b: OTS\n|-crit|p2b: OTS\n|-damage|p2b: OTS|0 fnt\n|-singlemove|p1a: BorseCalibro|Glaive Rush|[silent]\n|faint|p2b: OTS\n|move|p1b: GiaraDue|Waterfall|p2a: Chien-Pao\n|-damage|p2a: Chien-Pao|53\/100 par\n|\n|upkeep\n|turn|17\n|c|\u2606Ting Tu|No wayyy\n|\n|t:|1681989695\n|move|p1a: BorseCalibro|Glaive Rush|p2a: Chien-Pao\n|-damage|p2a: Chien-Pao|0 fnt\n|-singlemove|p1a: BorseCalibro|Glaive Rush|[silent]\n|faint|p2a: Chien-Pao\n|\n|win|eruption rush\n|n|\u2606eruption rush|eruptionrush\n|n|\u2606Ting Tu|tingtu\n|n| Piter2509|piter2509\n|c|\u2606Ting Tu|Jeez man\n","uploadtime":1681989709,"views":13,"p1id":"eruptionrush","p2id":"tingtu","formatid":"gen9vgc2023regulationc","rating":0,"private":0,"password":""}