{"id":"gen9vgc2023regulationc-1851085360","p1":"Breloom3912","p2":"Beee800197","format":"[Gen 9] VGC 2023 Regulation C","log":"|j|\u2606Breloom3912\n|j|\u2606Beee800197\n|t:|1682406634\n|gametype|doubles\n|player|p1|Breloom3912|thorton|1336\n|player|p2|Beee800197|2|1216\n|teamsize|p1|6\n|teamsize|p2|6\n|gen|9\n|tier|[Gen 9] VGC 2023 Regulation C\n|rated|\n|rule|Species Clause: Limit one of each Pok\u00e9mon\n|rule|Item Clause: Limit one of each item\n|clearpoke\n|poke|p1|Palafin, L50, M|\n|poke|p1|Arcanine, L50, M|\n|poke|p1|Amoonguss, L50, M|\n|poke|p1|Kingambit, L50, F|\n|poke|p1|Flutter Mane, L50|\n|poke|p1|Dragonite, L50, F|\n|poke|p2|Ting-Lu, L50|\n|poke|p2|Arcanine, L50, F|\n|poke|p2|Flutter Mane, L50|\n|poke|p2|Palafin, L50, M|\n|poke|p2|Amoonguss, L50, F|\n|poke|p2|Iron Hands, L50|\n|teampreview|4\n|inactive|Battle timer is ON: inactive players will automatically lose when time's up. (requested by Breloom3912)\nBreloom3912 rejected open team sheets.\n|inactive|Beee800197 has 60 seconds left.\n|inactive|Beee800197 has 30 seconds left.\n|\n|t:|1682406698\n|start\n|switch|p1a: Beluga|Palafin, L50, M|100\/100\n|switch|p1b: Imposter|Amoonguss, L50, M|100\/100\n|switch|p2a: Iron Hands|Iron Hands, L50|100\/100\n|switch|p2b: Flutter Mane|Flutter Mane, L50|100\/100\n|-enditem|p2b: Flutter Mane|Booster Energy\n|-activate|p2b: Flutter Mane|ability: Protosynthesis|[fromitem]\n|-start|p2b: Flutter Mane|protosynthesisspe\n|turn|1\n|\n|t:|1682406708\n|detailschange|p1a: Beluga|Palafin-Hero, L50, M\n|switch|p1a: Flower|Arcanine, L50, M|100\/100\n|-ability|p1a: Flower|Intimidate|boost\n|-unboost|p2a: Iron Hands|atk|1\n|-unboost|p2b: Flutter Mane|atk|1\n|move|p1b: Imposter|Protect|p1b: Imposter\n|-singleturn|p1b: Imposter|Protect\n|move|p2a: Iron Hands|Fake Out|p1a: Flower\n|-damage|p1a: Flower|92\/100\n|move|p2b: Flutter Mane|Substitute|p2b: Flutter Mane\n|-start|p2b: Flutter Mane|Substitute\n|-damage|p2b: Flutter Mane|76\/100\n|\n|upkeep\n|turn|2\n|\n|t:|1682406725\n|move|p2b: Flutter Mane|Protect|p2b: Flutter Mane\n|-singleturn|p2b: Flutter Mane|Protect\n|move|p1a: Flower|Will-O-Wisp|p2a: Iron Hands\n|-status|p2a: Iron Hands|brn\n|move|p2a: Iron Hands|Volt Switch|p1b: Imposter\n|-resisted|p1b: Imposter\n|-damage|p1b: Imposter|95\/100\n|\n|t:|1682406734\n|-end|p2a: Iron Hands|Quark Drive|[silent]\n|switch|p2a: Arcanine|Arcanine, L50, F|100\/100|[from] Volt Switch\n|-ability|p2a: Arcanine|Intimidate|boost\n|-unboost|p1a: Flower|atk|1\n|-unboost|p1b: Imposter|atk|1\n|move|p1b: Imposter|Pollen Puff|p1a: Flower\n|-heal|p1a: Flower|100\/100\n|\n|upkeep\n|turn|3\n|inactive|Beee800197 has 30 seconds left.\n|\n|t:|1682406764\n|switch|p1b: Beluga|Palafin-Hero, L50, M|100\/100\n|-activate|p1b: Beluga|ability: Zero to Hero\n|move|p2b: Flutter Mane|Shadow Ball|p1b: Beluga\n|-damage|p1b: Beluga|66\/100\n|move|p1a: Flower|Howl|p1a: Flower|[spread] p1a,p1b\n|-boost|p1a: Flower|atk|1\n|-boost|p1b: Beluga|atk|1\n|move|p2a: Arcanine|Flare Blitz|p1b: Beluga\n|-resisted|p1b: Beluga\n|-damage|p1b: Beluga|41\/100\n|-damage|p2a: Arcanine|92\/100|[from] Recoil\n|\n|upkeep\n|turn|4\n|\n|t:|1682406788\n|switch|p1a: Imposter|Amoonguss, L50, M|100\/100\n|move|p1b: Beluga|Protect|p1b: Beluga\n|-singleturn|p1b: Beluga|Protect\n|move|p2a: Arcanine|Protect|p2a: Arcanine\n|-singleturn|p2a: Arcanine|Protect\n|move|p2b: Flutter Mane|Moonblast|p1b: Beluga\n|-activate|p1b: Beluga|move: Protect\n|\n|upkeep\n|turn|5\n|\n|t:|1682406805\n|-terastallize|p2b: Flutter Mane|Grass\n|-terastallize|p1b: Beluga|Water\n|move|p1a: Imposter|Rage Powder|p1a: Imposter\n|-singleturn|p1a: Imposter|move: Rage Powder\n|move|p1b: Beluga|Jet Punch|p2a: Arcanine\n|-supereffective|p2a: Arcanine\n|-crit|p2a: Arcanine\n|-damage|p2a: Arcanine|0 fnt\n|faint|p2a: Arcanine\n|move|p2b: Flutter Mane|Moonblast|p1b: Beluga\n|-damage|p1b: Beluga|0 fnt\n|faint|p1b: Beluga\n|\n|upkeep\n|\n|t:|1682406820\n|switch|p1b: Flower|Arcanine, L50, M|100\/100\n|switch|p2a: Iron Hands|Iron Hands, L50|100\/100 brn\n|-ability|p1b: Flower|Intimidate|boost\n|-unboost|p2a: Iron Hands|atk|1\n|-immune|p2b: Flutter Mane\n|turn|6\n|inactive|Beee800197 has 30 seconds left.\n|\n|t:|1682406851\n|move|p2a: Iron Hands|Fake Out|p1b: Flower\n|-damage|p1b: Flower|96\/100\n|move|p2b: Flutter Mane|Shadow Ball|p1b: Flower\n|-damage|p1b: Flower|50\/100\n|cant|p1b: Flower|flinch\n|move|p1a: Imposter|Pollen Puff|p2b: Flutter Mane\n|-supereffective|p2b: Flutter Mane\n|-end|p2b: Flutter Mane|Substitute\n|\n|-damage|p2a: Iron Hands|94\/100 brn|[from] brn\n|upkeep\n|turn|7\n|inactive|Breloom3912 has 30 seconds left.\n|inactive|Beee800197 has 30 seconds left.\n|\n|t:|1682406877\n|-end|p2a: Iron Hands|Quark Drive|[silent]\n|switch|p2a: Ting-Lu|Ting-Lu, L50|100\/100\n|-ability|p2a: Ting-Lu|Vessel of Ruin\n|move|p2b: Flutter Mane|Protect|p2b: Flutter Mane\n|-singleturn|p2b: Flutter Mane|Protect\n|move|p1b: Flower|Flare Blitz|p2b: Flutter Mane\n|-activate|p2b: Flutter Mane|move: Protect\n|move|p1a: Imposter|Pollen Puff|p2b: Flutter Mane\n|-activate|p2b: Flutter Mane|move: Protect\n|\n|upkeep\n|turn|8\n|inactive|Beee800197 has 30 seconds left.\n|inactive|Beee800197 has 20 seconds left.\n|inactive|Beee800197 has 15 seconds left.\n|inactive|Beee800197 has 10 seconds left.\n|\n|t:|1682406927\n|move|p2b: Flutter Mane|Shadow Ball|p1b: Flower\n|-damage|p1b: Flower|16\/100\n|move|p1b: Flower|Will-O-Wisp|p2a: Ting-Lu|[miss]\n|-miss|p1b: Flower|p2a: Ting-Lu\n|move|p2a: Ting-Lu|Stomping Tantrum|p1b: Flower\n|-supereffective|p1b: Flower\n|-damage|p1b: Flower|0 fnt\n|faint|p1b: Flower\n|move|p1a: Imposter|Pollen Puff|p2b: Flutter Mane\n|-supereffective|p2b: Flutter Mane\n|-damage|p2b: Flutter Mane|47\/100\n|\n|upkeep\n|\n|t:|1682406940\n|switch|p1b: Fweind|Dragonite, L50, F|100\/100\n|turn|9\n|\n|t:|1682406955\n|move|p2b: Flutter Mane|Protect|p2b: Flutter Mane\n|-singleturn|p2b: Flutter Mane|Protect\n|move|p1b: Fweind|Extreme Speed|p2b: Flutter Mane\n|-activate|p2b: Flutter Mane|move: Protect\n|move|p2a: Ting-Lu|Ruination|p1b: Fweind\n|-damage|p1b: Fweind|51\/100\n|move|p1a: Imposter|Spore|p2a: Ting-Lu\n|-status|p2a: Ting-Lu|slp|[from] move: Spore\n|-enditem|p2a: Ting-Lu|Lum Berry|[eat]\n|-curestatus|p2a: Ting-Lu|slp|[msg]\n|\n|upkeep\n|turn|10\n|inactive|Beee800197 has 30 seconds left.\n|\n|t:|1682406988\n|move|p1b: Fweind|Extreme Speed|p2b: Flutter Mane\n|-damage|p2b: Flutter Mane|0 fnt\n|faint|p2b: Flutter Mane\n|-end|p2b: Flutter Mane|Protosynthesis|[silent]\n|move|p2a: Ting-Lu|Ruination|p1a: Imposter\n|-damage|p1a: Imposter|51\/100\n|move|p1a: Imposter|Pollen Puff|p1b: Fweind\n|-heal|p1b: Fweind|100\/100\n|\n|upkeep\n|\n|t:|1682407010\n|switch|p2b: Iron Hands|Iron Hands, L50|94\/100 brn\n|turn|11\n|inactive|Beee800197 has 30 seconds left.\n|\n|t:|1682407043\n|move|p2b: Iron Hands|Fake Out|p1a: Imposter\n|-damage|p1a: Imposter|44\/100\n|-enditem|p1a: Imposter|Sitrus Berry|[eat]\n|-heal|p1a: Imposter|69\/100|[from] item: Sitrus Berry\n|move|p1b: Fweind|Stomping Tantrum|p2b: Iron Hands\n|-supereffective|p2b: Iron Hands\n|-damage|p2b: Iron Hands|54\/100 brn\n|move|p2a: Ting-Lu|Ruination|p1a: Imposter|[miss]\n|-miss|p2a: Ting-Lu|p1a: Imposter\n|cant|p1a: Imposter|flinch\n|\n|-damage|p2b: Iron Hands|48\/100 brn|[from] brn\n|upkeep\n|turn|12\n|\n|t:|1682407065\n|move|p1b: Fweind|Stomping Tantrum|p2b: Iron Hands\n|-supereffective|p2b: Iron Hands\n|-damage|p2b: Iron Hands|11\/100 brn\n|move|p2b: Iron Hands|Close Combat|p1a: Imposter\n|-resisted|p1a: Imposter\n|-damage|p1a: Imposter|56\/100\n|-unboost|p2b: Iron Hands|def|1\n|-unboost|p2b: Iron Hands|spd|1\n|move|p2a: Ting-Lu|Stomping Tantrum|p1a: Imposter\n|-damage|p1a: Imposter|5\/100\n|move|p1a: Imposter|Spore|p2a: Ting-Lu\n|-status|p2a: Ting-Lu|slp|[from] move: Spore\n|\n|-damage|p2b: Iron Hands|5\/100 brn|[from] brn\n|upkeep\n|turn|13\n|-message|Beee800197 forfeited.\n|\n|win|Breloom3912\n|raw|Breloom3912's rating: 1336 → 1349<\/strong> (+13 for winning)\n|raw|Beee800197's rating: 1216 → 1199<\/strong> (-17 for losing)\n|l|\u2606Beee800197\n","uploadtime":1682407087,"views":10,"p1id":"breloom3912","p2id":"beee800197","formatid":"gen9vgc2023regulationc","rating":1199,"private":0,"password":""}