{"id":"gen9vgc2023regulationc-1854182808","p1":"Raymond935","p2":"Samax2599","format":"[Gen 9] VGC 2023 Regulation C","log":"|j|\u2606Raymond935\n|j|\u2606Samax2599\n|t:|1682780822\n|gametype|doubles\n|player|p1|Raymond935|169|\n|player|p2|Samax2599|102|\n|teamsize|p1|6\n|teamsize|p2|6\n|gen|9\n|tier|[Gen 9] VGC 2023 Regulation C\n|rule|Species Clause: Limit one of each Pok\u00e9mon\n|rule|Item Clause: Limit one of each item\n|clearpoke\n|poke|p1|Iron Treads, L50|\n|poke|p1|Wigglytuff, L50, M|\n|poke|p1|Dragonite, L50, F|\n|poke|p1|Chien-Pao, L50|\n|poke|p1|Ceruledge, L50, M|\n|poke|p1|Slowbro, L50, M|\n|poke|p2|Medicham, L50, F|\n|poke|p2|Gengar, L50, F|\n|poke|p2|Arcanine, L50, M|\n|poke|p2|Roaring Moon, L50|\n|poke|p2|Sylveon, L50, F|\n|poke|p2|Scatterbug, L50, F|\n|teampreview|4\nRaymond935 rejected open team sheets.\n|c|\u2606Samax2599|g3\n|c|\u2606Raymond935|G3\n|j| Heaven64\n|c|\u2606Raymond935|G3 pog\n|c|\u2606Raymond935|good luck\n|c|\u2606Samax2599|glhf!\n|c|\u2606Samax2599|can we go timer during this one?\n|c|\u2606Raymond935|Go for it\n|inactive|Battle timer is ON: inactive players will automatically lose when time's up. (requested by Samax2599)\n|j| smsy\n|j| sucabaVGC\n|\n|t:|1682782025\n|start\n|switch|p1a: Dragonite|Dragonite, L50, F|100\/100\n|switch|p1b: Iron Treads|Iron Treads, L50|100\/100\n|switch|p2a: Ty Lee|Medicham, L50, F|100\/100\n|switch|p2b: Yue|Roaring Moon, L50|100\/100\n|-enditem|p1b: Iron Treads|Booster Energy\n|-activate|p1b: Iron Treads|ability: Quark Drive|[fromitem]\n|-start|p1b: Iron Treads|quarkdrivespe\n|-enditem|p2b: Yue|Booster Energy\n|-activate|p2b: Yue|ability: Protosynthesis|[fromitem]\n|-start|p2b: Yue|protosynthesisatk\n|turn|1\n|inactive|Raymond935 has 30 seconds left.\n|inactive|Samax2599 has 30 seconds left.\n|inactive|Raymond935 has 20 seconds left.\n|inactive|Samax2599 has 20 seconds left.\n|inactive|Raymond935 has 15 seconds left.\n|inactive|Samax2599 has 15 seconds left.\n|\n|t:|1682782070\n|-terastallize|p1b: Iron Treads|Ghost\n|move|p2a: Ty Lee|Fake Out|p1b: Iron Treads\n|-immune|p1b: Iron Treads\n|move|p1b: Iron Treads|Bulldoze|p2b: Yue|[spread] p2a,p2b\n|-immune|p1a: Dragonite\n|-damage|p2a: Ty Lee|75\/100\n|-damage|p2b: Yue|75\/100\n|-unboost|p2a: Ty Lee|spe|1\n|-unboost|p2b: Yue|spe|1\n|move|p1a: Dragonite|Dragon Claw|p2b: Yue\n|-supereffective|p2b: Yue\n|-crit|p2b: Yue\n|-damage|p2b: Yue|0 fnt\n|faint|p2b: Yue\n|-end|p2b: Yue|Protosynthesis|[silent]\n|\n|upkeep\n|\n|t:|1682782086\n|switch|p2b: SECRET TUNNEL|Sylveon, L50, F|100\/100\n|turn|2\n|inactive|Raymond935 has 30 seconds left.\n|inactive|Raymond935 has 20 seconds left.\n|inactive|Samax2599 has 30 seconds left.\n|\n|t:|1682782127\n|switch|p2a: Vaatu|Gengar, L50, F|100\/100\n|move|p1b: Iron Treads|Stomping Tantrum|p2b: SECRET TUNNEL\n|-damage|p2b: SECRET TUNNEL|49\/100\n|move|p1a: Dragonite|Dragon Claw|p2a: Vaatu\n|-damage|p2a: Vaatu|24\/100\n|-start|p1a: Dragonite|Disable|Dragon Claw|[from] ability: Cursed Body|[of] p2a: Vaatu\n|move|p2b: SECRET TUNNEL|Hyper Voice|p1a: Dragonite|[spread] p1a,p1b\n|-supereffective|p1a: Dragonite\n|-crit|p1b: Iron Treads\n|-damage|p1a: Dragonite|43\/100\n|-damage|p1b: Iron Treads|10\/100\n|-enditem|p2b: SECRET TUNNEL|Throat Spray\n|-boost|p2b: SECRET TUNNEL|spa|1|[from] item: Throat Spray\n|\n|upkeep\n|turn|3\n|inactive|Raymond935 has 30 seconds left.\n|\n|t:|1682782158\n|switch|p1a: Chien-Pao|Chien-Pao, L50|100\/100\n|-ability|p1a: Chien-Pao|Sword of Ruin\n|move|p2b: SECRET TUNNEL|Protect|p2b: SECRET TUNNEL\n|-singleturn|p2b: SECRET TUNNEL|Protect\n|move|p1b: Iron Treads|Bulldoze|p2b: SECRET TUNNEL|[spread] p1a,p2a\n|-activate|p2b: SECRET TUNNEL|move: Protect\n|-supereffective|p2a: Vaatu\n|-damage|p1a: Chien-Pao|75\/100\n|-damage|p2a: Vaatu|0 fnt\n|-start|p1b: Iron Treads|Disable|Bulldoze|[from] ability: Cursed Body|[of] p2a: Vaatu\n|faint|p2a: Vaatu\n|\n|upkeep\n|\n|t:|1682782170\n|switch|p2a: Ty Lee|Medicham, L50, F|75\/100\n|turn|4\n|inactive|Raymond935 has 30 seconds left.\n|\n|t:|1682782197\n|move|p2b: SECRET TUNNEL|Protect|p2b: SECRET TUNNEL\n|-singleturn|p2b: SECRET TUNNEL|Protect\n|move|p1b: Iron Treads|Iron Head|p2a: Ty Lee\n|-damage|p2a: Ty Lee|15\/100\n|move|p1a: Chien-Pao|Throat Chop|p2b: SECRET TUNNEL\n|-activate|p2b: SECRET TUNNEL|move: Protect\n|move|p2a: Ty Lee|Psycho Cut|p1b: Iron Treads\n|-damage|p1b: Iron Treads|0 fnt\n|faint|p1b: Iron Treads\n|-end|p1b: Iron Treads|Quark Drive|[silent]\n|\n|upkeep\n|\n|t:|1682782206\n|switch|p1b: Ceruledge|Ceruledge, L50, M|100\/100\n|turn|5\n|\n|t:|1682782223\n|move|p1a: Chien-Pao|Ice Shard|p2a: Ty Lee\n|-damage|p2a: Ty Lee|0 fnt\n|faint|p2a: Ty Lee\n|move|p1b: Ceruledge|Bitter Blade|p2b: SECRET TUNNEL\n|-damage|p2b: SECRET TUNNEL|0 fnt\n|faint|p2b: SECRET TUNNEL\n|\n|win|Raymond935\n|c|\u2606Samax2599|ggs\n|c|\u2606Raymond935|Gg\n|l| Heaven64\n|l| smsy\n","uploadtime":1682782263,"views":43,"p1id":"raymond935","p2id":"samax2599","formatid":"gen9vgc2023regulationc","rating":0,"private":0,"password":""}