{"id":"gen9vgc2023regulationc-1845027484","p1":"Jomueca","p2":"Sk1tt3n","format":"[Gen 9] VGC 2023 Regulation C","log":"|j|\u2606Jomueca\n|j|\u2606Sk1tt3n\n|t:|1681675538\n|gametype|doubles\n|player|p1|Jomueca|101|1093\n|player|p2|Sk1tt3n|hexmaniac-gen6|1022\n|teamsize|p1|6\n|teamsize|p2|6\n|gen|9\n|tier|[Gen 9] VGC 2023 Regulation C\n|rated|\n|rule|Species Clause: Limit one of each Pok\u00e9mon\n|rule|Item Clause: Limit one of each item\n|clearpoke\n|poke|p1|Indeedee-F, L50, F|\n|poke|p1|Armarouge, L50, F|\n|poke|p1|Torkoal, L50, M|\n|poke|p1|Hatterene, L50, F|\n|poke|p1|Kingambit, L50, M|\n|poke|p1|Annihilape, L50, M|\n|poke|p2|Breloom, L50, M|\n|poke|p2|Arcanine, L50, M|\n|poke|p2|Flutter Mane, L50|\n|poke|p2|Tinkaton, L50, F|\n|poke|p2|Chien-Pao, L50|\n|poke|p2|Great Tusk, L50|\n|teampreview|4\n|j| PearDaddy\nJomueca rejected open team sheets.\n|inactive|Battle timer is ON: inactive players will automatically lose when time's up. (requested by Jomueca)\n|\n|t:|1681675594\n|start\n|switch|p1a: Indeedee|Indeedee-F, L50, F|100\/100\n|switch|p1b: Armarouge|Armarouge, L50, F|100\/100\n|switch|p2a: Great Tusk|Great Tusk, L50|100\/100\n|switch|p2b: Chien-Pao|Chien-Pao, L50|100\/100\n|-ability|p2b: Chien-Pao|Sword of Ruin\n|-fieldstart|move: Psychic Terrain|[from] ability: Psychic Surge|[of] p1a: Indeedee\n|-enditem|p1a: Indeedee|Psychic Seed\n|-boost|p1a: Indeedee|spd|1|[from] item: Psychic Seed\n|turn|1\n|\n|t:|1681675615\n|move|p1b: Armarouge|Wide Guard|p1b: Armarouge\n|-singleturn|p1b: Armarouge|Wide Guard\n|move|p2b: Chien-Pao|Ice Spinner|p1a: Indeedee\n|-damage|p1a: Indeedee|30\/100\n|-fieldend|move: Psychic Terrain\n|move|p2a: Great Tusk|Earthquake|p1a: Indeedee|[spread] p2b\n|-activate|p1a: Indeedee|move: Wide Guard\n|-activate|p1b: Armarouge|move: Wide Guard\n|-damage|p2b: Chien-Pao|35\/100\n|-damage|p2a: Great Tusk|90\/100|[from] item: Life Orb\n|move|p1a: Indeedee|Trick Room|p1a: Indeedee\n|-fieldstart|move: Trick Room|[of] p1a: Indeedee\n|\n|upkeep\n|turn|2\n|inactive|Jomueca has 30 seconds left.\n|inactive|Sk1tt3n has 30 seconds left.\n|inactive|Sk1tt3n has 20 seconds left.\n|inactive|Sk1tt3n has 15 seconds left.\n|inactive|Sk1tt3n has 10 seconds left.\n|\n|t:|1681675661\n|switch|p1a: Torkoal|Torkoal, L50, M|100\/100\n|-weather|SunnyDay|[from] ability: Drought|[of] p1a: Torkoal\n|-activate|p2a: Great Tusk|ability: Protosynthesis\n|-start|p2a: Great Tusk|protosynthesisatk\n|-terastallize|p2a: Great Tusk|Ground\n|move|p1b: Armarouge|Expanding Force|p2a: Great Tusk\n|-damage|p2a: Great Tusk|18\/100\n|move|p2a: Great Tusk|Headlong Rush|p1b: Armarouge\n|-supereffective|p1b: Armarouge\n|-damage|p1b: Armarouge|0 fnt\n|-unboost|p2a: Great Tusk|def|1\n|-unboost|p2a: Great Tusk|spd|1\n|faint|p1b: Armarouge\n|-damage|p2a: Great Tusk|8\/100|[from] item: Life Orb\n|move|p2b: Chien-Pao|Ice Spinner|p1a: Torkoal\n|-resisted|p1a: Torkoal\n|-damage|p1a: Torkoal|73\/100\n|\n|-weather|SunnyDay|[upkeep]\n|upkeep\n|\n|t:|1681675682\n|switch|p1b: Indeedee|Indeedee-F, L50, F|30\/100\n|-fieldstart|move: Psychic Terrain|[from] ability: Psychic Surge|[of] p1b: Indeedee\n|turn|3\n|inactive|Sk1tt3n has 30 seconds left.\n|\n|t:|1681675717\n|switch|p2b: Arcanine|Arcanine, L50, M|100\/100\n|-ability|p2b: Arcanine|Intimidate|boost\n|-unboost|p1a: Torkoal|atk|1\n|-unboost|p1b: Indeedee|atk|1\n|move|p2a: Great Tusk|Protect|p2a: Great Tusk\n|-singleturn|p2a: Great Tusk|Protect\n|move|p1b: Indeedee|Follow Me|p1b: Indeedee\n|-singleturn|p1b: Indeedee|move: Follow Me\n|move|p1a: Torkoal|Eruption|p2a: Great Tusk|[spread] p2b\n|-activate|p2a: Great Tusk|move: Protect\n|-resisted|p2b: Arcanine\n|-damage|p2b: Arcanine|66\/100\n|\n|-weather|SunnyDay|[upkeep]\n|upkeep\n|turn|4\n|\n|t:|1681675738\n|move|p1b: Indeedee|Helping Hand|p1a: Torkoal\n|-singleturn|p1a: Torkoal|Helping Hand|[of] p1b: Indeedee\n|move|p2a: Great Tusk|Protect||[still]\n|-fail|p2a: Great Tusk\n|move|p1a: Torkoal|Earth Power|p2b: Arcanine\n|-supereffective|p2b: Arcanine\n|-damage|p2b: Arcanine|0 fnt\n|faint|p2b: Arcanine\n|\n|-weather|SunnyDay|[upkeep]\n|upkeep\n|\n|t:|1681675751\n|switch|p2b: Breloom|Breloom, L50, M|100\/100\n|turn|5\n|\n|t:|1681675758\n|-terastallize|p1a: Torkoal|Fire\n|move|p1b: Indeedee|Helping Hand|p1a: Torkoal\n|-singleturn|p1a: Torkoal|Helping Hand|[of] p1b: Indeedee\n|move|p2b: Breloom|Protect|p2b: Breloom\n|-singleturn|p2b: Breloom|Protect\n|move|p2a: Great Tusk|Protect|p2a: Great Tusk\n|-singleturn|p2a: Great Tusk|Protect\n|move|p1a: Torkoal|Eruption|p2b: Breloom|[spread] \n|-activate|p2a: Great Tusk|move: Protect\n|-activate|p2b: Breloom|move: Protect\n|\n|-weather|SunnyDay|[upkeep]\n|-fieldend|move: Trick Room\n|upkeep\n|turn|6\n|\n|t:|1681675778\n|move|p1b: Indeedee|Helping Hand|p1a: Torkoal\n|-singleturn|p1a: Torkoal|Helping Hand|[of] p1b: Indeedee\n|move|p2a: Great Tusk|Headlong Rush|p1b: Indeedee\n|-damage|p1b: Indeedee|0 fnt\n|-unboost|p2a: Great Tusk|def|1\n|-unboost|p2a: Great Tusk|spd|1\n|faint|p1b: Indeedee\n|-damage|p2a: Great Tusk|0 fnt|[from] item: Life Orb\n|faint|p2a: Great Tusk\n|-end|p2a: Great Tusk|Protosynthesis|[silent]\n|move|p2b: Breloom|Spore|p1a: Torkoal\n|-status|p1a: Torkoal|slp|[from] move: Spore\n|cant|p1a: Torkoal|slp\n|\n|-weather|none\n|upkeep\n|\n|t:|1681675792\n|switch|p2a: Chien-Pao|Chien-Pao, L50|35\/100\n|switch|p1b: Hatterene|Hatterene, L50, F|100\/100\n|-ability|p2a: Chien-Pao|Sword of Ruin\n|turn|7\n|inactive|Sk1tt3n has 30 seconds left.\n|\n|t:|1681675820\n|move|p2a: Chien-Pao|Throat Chop|p1b: Hatterene\n|-damage|p1b: Hatterene|17\/100\n|-start|p1b: Hatterene|Throat Chop|[silent]\n|move|p2b: Breloom|Bullet Seed|p1b: Hatterene\n|-crit|p1b: Hatterene\n|-damage|p1b: Hatterene|0 fnt\n|faint|p1b: Hatterene\n|-hitcount|p1: Hatterene|1\n|cant|p1a: Torkoal|slp\n|\n|-fieldend|move: Psychic Terrain\n|upkeep\n|turn|8\n|l|\u2606Jomueca\n|inactive|Jomueca disconnected and has a minute to reconnect!\n|player|p1|\n|c| PearDaddy|they left\n|c| PearDaddy|LMAO\n|c|\u2606Sk1tt3n|LMAO\n|inactive|Jomueca has 30 seconds left.\n|inactive|Jomueca has 20 seconds left.\n|inactive|Jomueca has 15 seconds left.\n|inactive|Jomueca has 10 seconds left.\n|inactive|Jomueca has 5 seconds left.\n|-message|Jomueca lost due to inactivity.\n|\n|win|Sk1tt3n\n|raw|Jomueca's rating: 1093 → 1064<\/strong> (-29 for losing)\n|raw|Sk1tt3n's rating: 1022 → 1066<\/strong> (+44 for winning)\n","uploadtime":1681675881,"views":8,"p1id":"jomueca","p2id":"sk1tt3n","formatid":"gen9vgc2023regulationc","rating":1064,"private":0,"password":""}