{"id":"gen9vgc2023regulationc-1846996564","p1":"Lewlo","p2":"immatwork","format":"[Gen 9] VGC 2023 Regulation C","log":"|j|\u2606Lewlo\n|j|\u2606immatwork\n|t:|1681910117\n|gametype|doubles\n|player|p1|Lewlo|pokemonbreeder-gen4|1219\n|player|p2|immatwork|1|1302\n|teamsize|p1|6\n|teamsize|p2|6\n|gen|9\n|tier|[Gen 9] VGC 2023 Regulation C\n|rated|\n|rule|Species Clause: Limit one of each Pok\u00e9mon\n|rule|Item Clause: Limit one of each item\n|clearpoke\n|poke|p1|Arcanine, L50, F|\n|poke|p1|Amoonguss, L50, F|\n|poke|p1|Azumarill, L50, M|\n|poke|p1|Flutter Mane, L50|\n|poke|p1|Chien-Pao, L50|\n|poke|p1|Iron Hands, L50|\n|poke|p2|Garganacl, L50, M|\n|poke|p2|Scream Tail, L50|\n|poke|p2|Torkoal, L50, F|\n|poke|p2|Rabsca, L50, F|\n|poke|p2|Houndstone, L50, M|\n|poke|p2|Ting-Lu, L50|\n|teampreview|4\n|inactive|Battle timer is ON: inactive players will automatically lose when time's up. (requested by Lewlo)\nLewlo has agreed to open team sheets.\nimmatwork has agreed to open team sheets.\n|c|\u2606Lewlo|I'm at work too\n|c|\u2606Lewlo|glhf\n|inactive|Lewlo has 60 seconds left.\n|c|\u2606immatwork|hell yeah\n|c|\u2606immatwork|gl\n|\n|t:|1681910172\n|start\n|switch|p1a: Arcanine|Arcanine, L50, F|100\/100\n|switch|p1b: Grabby Gabby|Iron Hands, L50|100\/100\n|switch|p2a: Rabsca|Rabsca, L50, F|100\/100\n|switch|p2b: Garganacl|Garganacl, L50, M|100\/100\n|-ability|p1a: Arcanine|Intimidate|boost\n|-unboost|p2a: Rabsca|atk|1\n|-unboost|p2b: Garganacl|atk|1\n|turn|1\n|inactive|immatwork has 30 seconds left.\n|\n|t:|1681910206\n|-terastallize|p2a: Rabsca|Dark\n|move|p1b: Grabby Gabby|Fake Out|p2b: Garganacl\n|-resisted|p2b: Garganacl\n|-damage|p2b: Garganacl|95\/100\n|move|p1a: Arcanine|Howl|p1a: Arcanine|[spread] p1a,p1b\n|-boost|p1a: Arcanine|atk|1\n|-boost|p1b: Grabby Gabby|atk|1\n|cant|p2b: Garganacl|flinch\n|move|p2a: Rabsca|Trick Room|p2a: Rabsca\n|-fieldstart|move: Trick Room|[of] p2a: Rabsca\n|\n|upkeep\n|turn|2\n|\n|t:|1681910221\n|move|p1a: Arcanine|Extreme Speed|p2a: Rabsca\n|-damage|p2a: Rabsca|65\/100\n|move|p2b: Garganacl|Explosion|p1a: Arcanine|[spread] p1a,p1b\n|-activate|p2a: Rabsca|ability: Telepathy\n|-damage|p1a: Arcanine|43\/100\n|-damage|p1b: Grabby Gabby|67\/100\n|faint|p2b: Garganacl\n|move|p2a: Rabsca|Revival Blessing|p2a: Rabsca\n|-enditem|p2a: Rabsca|Leppa Berry|[eat]\n|-activate|p2a: Rabsca|item: Leppa Berry|Revival Blessing|[consumed]\n|\n|t:|1681910230\n|-heal|p2: Garganacl|50\/100|[from] move: Revival Blessing\n|switch|p2b: Garganacl|Garganacl, L50, M|50\/100\n|move|p1b: Grabby Gabby|Drain Punch|p2b: Garganacl\n|-supereffective|p2b: Garganacl\n|-damage|p2b: Garganacl|0 fnt\n|-heal|p1b: Grabby Gabby|90\/100|[from] drain|[of] p2b: Garganacl\n|faint|p2b: Garganacl\n|\n|upkeep\n|\n|t:|1681910236\n|switch|p2b: Ting-Lu|Ting-Lu, L50|100\/100\n|-ability|p2b: Ting-Lu|Vessel of Ruin\n|turn|3\n|inactive|Lewlo has 30 seconds left.\n|\n|t:|1681910262\n|switch|p2b: Houndstone|Houndstone, L50, M|100\/100\n|-terastallize|p1b: Grabby Gabby|Grass\n|move|p1a: Arcanine|Extreme Speed|p2a: Rabsca\n|-damage|p2a: Rabsca|31\/100\n|move|p2a: Rabsca|Revival Blessing|p2a: Rabsca\n|\n|t:|1681910269\n|-heal|p2: Garganacl|50\/100|[from] move: Revival Blessing\n|move|p1b: Grabby Gabby|Drain Punch|p2b: Houndstone\n|-immune|p2b: Houndstone\n|\n|upkeep\n|turn|4\n|\n|t:|1681910284\n|move|p2a: Rabsca|Dazzling Gleam|p1a: Arcanine|[spread] p1a,p1b\n|-resisted|p1a: Arcanine\n|-damage|p1a: Arcanine|33\/100\n|-damage|p1b: Grabby Gabby|81\/100\n|move|p1b: Grabby Gabby|Drain Punch|p2a: Rabsca\n|-supereffective|p2a: Rabsca\n|-damage|p2a: Rabsca|0 fnt\n|-heal|p1b: Grabby Gabby|93\/100|[from] drain|[of] p2a: Rabsca\n|faint|p2a: Rabsca\n|move|p2b: Houndstone|Last Respects|p1a: Arcanine\n|-damage|p1a: Arcanine|0 fnt\n|faint|p1a: Arcanine\n|\n|upkeep\n|\n|t:|1681910295\n|switch|p2a: Garganacl|Garganacl, L50, M|50\/100\n|switch|p1a: Azumarill|Azumarill, L50, M|100\/100\n|turn|5\n|\n|t:|1681910303\n|move|p1a: Azumarill|Protect|p1a: Azumarill\n|-singleturn|p1a: Azumarill|Protect\n|move|p2a: Garganacl|Explosion|p1b: Grabby Gabby|[spread] p1b\n|-activate|p1a: Azumarill|move: Protect\n|-immune|p2b: Houndstone\n|-damage|p1b: Grabby Gabby|39\/100\n|faint|p2a: Garganacl\n|move|p1b: Grabby Gabby|Drain Punch|p2b: Houndstone\n|-immune|p2b: Houndstone\n|move|p2b: Houndstone|Last Respects|p1b: Grabby Gabby\n|-crit|p1b: Grabby Gabby\n|-damage|p1b: Grabby Gabby|0 fnt\n|faint|p1b: Grabby Gabby\n|-end|p1b: Grabby Gabby|Quark Drive|[silent]\n|\n|-fieldend|move: Trick Room\n|upkeep\n|\n|t:|1681910314\n|switch|p1b: Flutter Mane|Flutter Mane, L50|100\/100\n|switch|p2a: Ting-Lu|Ting-Lu, L50|100\/100\n|-ability|p2a: Ting-Lu|Vessel of Ruin\n|-enditem|p1b: Flutter Mane|Booster Energy\n|-activate|p1b: Flutter Mane|ability: Protosynthesis|[fromitem]\n|-start|p1b: Flutter Mane|protosynthesisspa\n|turn|6\n|\n|t:|1681910326\n|move|p2b: Houndstone|Protect|p2b: Houndstone\n|-singleturn|p2b: Houndstone|Protect\n|move|p1b: Flutter Mane|Shadow Ball|p2b: Houndstone\n|-activate|p2b: Houndstone|move: Protect\n|move|p2a: Ting-Lu|Fissure|p1a: Azumarill|[miss]\n|-miss|p2a: Ting-Lu|p1a: Azumarill\n|move|p1a: Azumarill|Play Rough|p2a: Ting-Lu\n|-supereffective|p2a: Ting-Lu\n|-damage|p2a: Ting-Lu|32\/100\n|\n|upkeep\n|turn|7\n|\n|t:|1681910340\n|move|p1a: Azumarill|Aqua Jet|p2a: Ting-Lu\n|-supereffective|p2a: Ting-Lu\n|-damage|p2a: Ting-Lu|4\/100\n|move|p1b: Flutter Mane|Shadow Ball|p2b: Houndstone\n|-supereffective|p2b: Houndstone\n|-damage|p2b: Houndstone|12\/100\n|move|p2b: Houndstone|Last Respects|p1b: Flutter Mane\n|-supereffective|p1b: Flutter Mane\n|-damage|p1b: Flutter Mane|0 fnt\n|faint|p1b: Flutter Mane\n|-end|p1b: Flutter Mane|Protosynthesis|[silent]\n|move|p2a: Ting-Lu|Stomping Tantrum|p1a: Azumarill\n|-damage|p1a: Azumarill|22\/100\n|-enditem|p1a: Azumarill|Sitrus Berry|[eat]\n|-heal|p1a: Azumarill|47\/100|[from] item: Sitrus Berry\n|\n|upkeep\n|turn|8\n|inactive|immatwork has 30 seconds left.\n|\n|t:|1681910371\n|move|p1a: Azumarill|Aqua Jet|p2a: Ting-Lu\n|-supereffective|p2a: Ting-Lu\n|-damage|p2a: Ting-Lu|0 fnt\n|faint|p2a: Ting-Lu\n|move|p2b: Houndstone|Last Respects|p1a: Azumarill\n|-damage|p1a: Azumarill|0 fnt\n|faint|p1a: Azumarill\n|\n|win|immatwork\n|raw|Lewlo's rating: 1219 → 1200<\/strong> (-19 for losing)\n|raw|immatwork's rating: 1302 → 1317<\/strong> (+15 for winning)\n|c|\u2606Lewlo|gg\n|l|\u2606immatwork\n","uploadtime":1681910381,"views":8,"p1id":"lewlo","p2id":"immatwork","formatid":"gen9vgc2023regulationc","rating":1200,"private":0,"password":""}