{"id":"gen9vgc2023regulationc-1845140439","p1":"That_Leek","p2":"esotilin123456","format":"[Gen 9] VGC 2023 Regulation C","log":"|j|\u2606That_Leek\n|j|\u2606esotilin123456\n|t:|1681688349\n|gametype|doubles\n|player|p1|That_Leek|blue-masters|\n|player|p2|esotilin123456|hilbert-wonderlauncher|\n|teamsize|p1|6\n|teamsize|p2|6\n|gen|9\n|tier|[Gen 9] VGC 2023 Regulation C\n|rated|Tournament battle\n|rule|Species Clause: Limit one of each Pok\u00e9mon\n|rule|Item Clause: Limit one of each item\n|clearpoke\n|poke|p1|Tyranitar, L50, F|\n|poke|p1|Gyarados, L50, F|\n|poke|p1|Scizor, L50, M|\n|poke|p1|Sandy Shocks, L50|\n|poke|p1|Amoonguss, L50, M|\n|poke|p1|Flutter Mane, L50|\n|poke|p2|Arcanine, L50, M|\n|poke|p2|Gastrodon, L50, F|\n|poke|p2|Arboliva, L50, M|\n|poke|p2|Flutter Mane, L50|\n|poke|p2|Grimmsnarl, L50, M|\n|poke|p2|Torkoal, L50, F|\n|teampreview|4\n|raw| Open Team Sheet for That_Leek<\/summary>Tyranitar @ Assault Vest Ability: Sand Stream Level: 50 Tera Type: Flying - Rock Slide - Crunch - Brick Break - Tera Blast Gyarados @ Safety Goggles Ability: Intimidate Level: 50 Tera Type: Water - Waterfall - Dragon Dance - Protect - Thunder Wave Scizor @ Clear Amulet Ability: Technician Level: 50 Tera Type: Steel - Swords Dance - Bullet Punch - Pounce - Close Combat Sandy Shocks @ Life Orb Ability: Protosynthesis Level: 50 Tera Type: Ice - Thunderbolt - Earth Power - Tera Blast - Protect Amoonguss @ Covert Cloak Ability: Regenerator Level: 50 Tera Type: Rock - Spore - Rage Powder - Protect - Pollen Puff Flutter Mane @ Choice Specs Ability: Protosynthesis Level: 50 Tera Type: Fairy - Dazzling Gleam - Moonblast - Shadow Ball - Thunderbolt <\/details><\/div> Open Team Sheet for esotilin123456<\/summary>good boi (Arcanine) (M) @ Assault Vest Ability: Intimidate Level: 50 Tera Type: Normal - Flare Blitz - Extreme Speed - Snarl - Close Combat GROHAHSHSHSH (Gastrodon) (F) @ Aguav Berry Ability: Storm Drain Level: 50 Tera Type: Fire - Protect - Recover - Ice Beam - Earth Power Arboliva @ Sitrus Berry Ability: Harvest Level: 50 Tera Type: Ghost - Protect - Leech Seed - Giga Drain - Helping Hand Flutter Mane @ Leftovers Ability: Protosynthesis Level: 50 Tera Type: Fire - Protect - Substitute - Moonblast - Shadow Ball Grimmsnarl (M) @ Light Clay Ability: Prankster Level: 50 Tera Type: Fire - Spirit Break - Light Screen - Reflect - Fake Tears Torkoal @ Charcoal Ability: Drought Level: 50 Tera Type: Fire - Protect - Heat Wave - Solar Beam - Earth Power <\/details><\/div>\n|c|\u2606esotilin123456|glhf\n|c|\u2606That_Leek|u2\n|j| Privnoval016\n|\n|t:|1681688389\n|start\n|switch|p1a: Scizor|Scizor, L50, M|100\/100\n|switch|p1b: Sandy Shocks|Sandy Shocks, L50|100\/100\n|switch|p2a: Arboliva|Arboliva, L50, M|100\/100\n|switch|p2b: Torkoal|Torkoal, L50, F|100\/100\n|-weather|SunnyDay|[from] ability: Drought|[of] p2b: Torkoal\n|-activate|p1b: Sandy Shocks|ability: Protosynthesis\n|-start|p1b: Sandy Shocks|protosynthesisspa\n|turn|1\n|\n|t:|1681688406\n|switch|p1a: Tyranitar|Tyranitar, L50, F|100\/100\n|-weather|Sandstorm|[from] ability: Sand Stream|[of] p1a: Tyranitar\n|-end|p1b: Sandy Shocks|Protosynthesis\n|move|p2b: Torkoal|Protect|p2b: Torkoal\n|-singleturn|p2b: Torkoal|Protect\n|move|p1b: Sandy Shocks|Earth Power|p2b: Torkoal\n|-activate|p2b: Torkoal|move: Protect\n|move|p2a: Arboliva|Leech Seed|p1b: Sandy Shocks\n|-start|p1b: Sandy Shocks|move: Leech Seed\n|\n|-weather|Sandstorm|[upkeep]\n|-damage|p2a: Arboliva|95\/100|[from] Sandstorm\n|-damage|p2b: Torkoal|94\/100|[from] Sandstorm\n|-damage|p1b: Sandy Shocks|88\/100|[from] Leech Seed|[of] p2a: Arboliva\n|-heal|p2a: Arboliva|100\/100|[silent]\n|upkeep\n|turn|2\n|\n|t:|1681688432\n|switch|p2b: GROHAHSHSHSH|Gastrodon, L50, F|100\/100\n|-terastallize|p1a: Tyranitar|Flying\n|move|p1b: Sandy Shocks|Earth Power|p2b: GROHAHSHSHSH\n|-damage|p2b: GROHAHSHSHSH|50\/100\n|-damage|p1b: Sandy Shocks|78\/100|[from] item: Life Orb\n|move|p1a: Tyranitar|Tera Blast|p2a: Arboliva\n|-supereffective|p2a: Arboliva\n|-damage|p2a: Arboliva|23\/100\n|-enditem|p2a: Arboliva|Sitrus Berry|[eat]\n|-heal|p2a: Arboliva|48\/100|[from] item: Sitrus Berry\n|move|p2a: Arboliva|Leech Seed|p1a: Tyranitar\n|-start|p1a: Tyranitar|move: Leech Seed\n|\n|-weather|Sandstorm|[upkeep]\n|-damage|p1a: Tyranitar|95\/100|[from] Sandstorm\n|-damage|p2a: Arboliva|42\/100|[from] Sandstorm\n|-damage|p1b: Sandy Shocks|66\/100|[from] Leech Seed|[of] p2a: Arboliva\n|-heal|p2a: Arboliva|52\/100|[silent]\n|-damage|p1a: Tyranitar|83\/100|[from] Leech Seed|[of] p2a: Arboliva\n|-heal|p2a: Arboliva|66\/100|[silent]\n|-item|p2a: Arboliva|Sitrus Berry|[from] ability: Harvest\n|upkeep\n|turn|3\n|\n|t:|1681688453\n|switch|p1a: Scizor|Scizor, L50, M|100\/100\n|move|p2a: Arboliva|Protect|p2a: Arboliva\n|-singleturn|p2a: Arboliva|Protect\n|move|p1b: Sandy Shocks|Earth Power|p2b: GROHAHSHSHSH\n|-damage|p2b: GROHAHSHSHSH|0 fnt\n|faint|p2b: GROHAHSHSHSH\n|-damage|p1b: Sandy Shocks|56\/100|[from] item: Life Orb\n|\n|-weather|Sandstorm|[upkeep]\n|-damage|p2a: Arboliva|60\/100|[from] Sandstorm\n|-damage|p1b: Sandy Shocks|43\/100|[from] Leech Seed|[of] p2a: Arboliva\n|-heal|p2a: Arboliva|71\/100|[silent]\n|upkeep\n|\n|t:|1681688461\n|switch|p2b: Torkoal|Torkoal, L50, F|94\/100\n|-weather|SunnyDay|[from] ability: Drought|[of] p2b: Torkoal\n|-activate|p1b: Sandy Shocks|ability: Protosynthesis\n|-start|p1b: Sandy Shocks|protosynthesisspa\n|turn|4\n|\n|t:|1681688472\n|move|p2b: Torkoal|Protect|p2b: Torkoal\n|-singleturn|p2b: Torkoal|Protect\n|move|p1b: Sandy Shocks|Earth Power|p2b: Torkoal\n|-activate|p2b: Torkoal|move: Protect\n|move|p1a: Scizor|Pounce|p2a: Arboliva\n|-supereffective|p2a: Arboliva\n|-damage|p2a: Arboliva|0 fnt\n|faint|p2a: Arboliva\n|\n|-weather|SunnyDay|[upkeep]\n|upkeep\n|\n|t:|1681688480\n|switch|p2a: good boi|Arcanine, L50, M|100\/100\n|-ability|p2a: good boi|Intimidate|boost\n|-fail|p1a: Scizor|unboost|[from] item: Clear Amulet|[of] p1a: Scizor\n|-unboost|p1b: Sandy Shocks|atk|1\n|turn|5\n|\n|t:|1681688491\n|switch|p1a: Tyranitar|Tyranitar, L50, F, tera:Flying|83\/100\n|-weather|Sandstorm|[from] ability: Sand Stream|[of] p1a: Tyranitar\n|-end|p1b: Sandy Shocks|Protosynthesis\n|-terastallize|p2a: good boi|Normal\n|move|p2a: good boi|Extreme Speed|p1b: Sandy Shocks\n|-damage|p1b: Sandy Shocks|0 fnt\n|faint|p1b: Sandy Shocks\n|-end|p1b: Sandy Shocks|Protosynthesis|[silent]\n|move|p2b: Torkoal|Heat Wave|p1a: Tyranitar\n|-damage|p1a: Tyranitar|57\/100\n|\n|-weather|Sandstorm|[upkeep]\n|-damage|p2a: good boi|94\/100|[from] Sandstorm\n|-damage|p1a: Tyranitar|51\/100|[from] Sandstorm\n|-damage|p2b: Torkoal|88\/100|[from] Sandstorm\n|upkeep\n|\n|t:|1681688496\n|switch|p1b: Gyarados|Gyarados, L50, F|100\/100\n|-ability|p1b: Gyarados|Intimidate|boost\n|-unboost|p2a: good boi|atk|1\n|-unboost|p2b: Torkoal|atk|1\n|turn|6\n|\n|t:|1681688508\n|move|p2a: good boi|Extreme Speed|p1b: Gyarados\n|-damage|p1b: Gyarados|71\/100\n|move|p1b: Gyarados|Waterfall|p2a: good boi\n|-damage|p2a: good boi|45\/100\n|move|p1a: Tyranitar|Rock Slide|p2a: good boi|[spread] p2a,p2b\n|-crit|p2a: good boi\n|-supereffective|p2b: Torkoal\n|-damage|p2a: good boi|0 fnt\n|-damage|p2b: Torkoal|37\/100\n|faint|p2a: good boi\n|move|p2b: Torkoal|Heat Wave|p1a: Tyranitar|[spread] p1a,p1b\n|-resisted|p1b: Gyarados\n|-damage|p1a: Tyranitar|29\/100\n|-damage|p1b: Gyarados|54\/100\n|\n|-weather|Sandstorm|[upkeep]\n|-damage|p1a: Tyranitar|23\/100|[from] Sandstorm\n|-damage|p2b: Torkoal|31\/100|[from] Sandstorm\n|upkeep\n|turn|7\n|c|\u2606esotilin123456|gg\n|c|\u2606That_Leek|gg\n|-message|esotilin123456 forfeited.\n|\n|win|That_Leek\n|n|\u2606That_Leek|thatleek\n|n|\u2606esotilin123456|esotilin123456\n|n| Privnoval016|privnoval016\n|l|\u2606esotilin123456\n|l| Privnoval016\n","uploadtime":1681689136,"views":12,"p1id":"thatleek","p2id":"esotilin123456","formatid":"gen9vgc2023regulationc","rating":0,"private":0,"password":""}