{"id":"gen9vgc2023regulationc-1860648152","p1":"T0123456789","p2":"GreenMidoriVerde","format":"[Gen 9] VGC 2023 Regulation C","log":"|j|\u2606T0123456789\n|j|\u2606GreenMidoriVerde\n|t:|1683662359\n|gametype|doubles\n|player|p1|T0123456789|101|1191\n|player|p2|GreenMidoriVerde|pokemaniac|1130\n|teamsize|p1|6\n|teamsize|p2|6\n|gen|9\n|tier|[Gen 9] VGC 2023 Regulation C\n|rated|\n|rule|Species Clause: Limit one of each Pok\u00e9mon\n|rule|Item Clause: Limit one of each item\n|clearpoke\n|poke|p1|Ting-Lu, L50|\n|poke|p1|Wo-Chien, L50|\n|poke|p1|Roaring Moon, L50|\n|poke|p1|Gholdengo, L50|\n|poke|p1|Arcanine, L50, M|\n|poke|p1|Ceruledge, L50, M|\n|poke|p2|Chi-Yu, L50|\n|poke|p2|Flutter Mane, L50|\n|poke|p2|Roaring Moon, L50|\n|poke|p2|Lilligant, L50, F|\n|poke|p2|Torkoal, L50, F|\n|poke|p2|Iron Valiant, L50|\n|teampreview|4\n|inactive|Battle timer is ON: inactive players will automatically lose when time's up. (requested by T0123456789)\n|inactive|GreenMidoriVerde also wants the timer to be on.\n|inactive|T0123456789 has 60 seconds left.\n|inactive|GreenMidoriVerde has 60 seconds left.\n|\n|t:|1683662408\n|start\n|switch|p1a: Wo-Chien|Wo-Chien, L50|100\/100\n|switch|p1b: Ting-Lu|Ting-Lu, L50|100\/100\n|switch|p2a: Rua|Torkoal, L50, F, shiny|100\/100\n|switch|p2b: Lilligant|Lilligant, L50, F|100\/100\n|-ability|p1a: Wo-Chien|Tablets of Ruin\n|-ability|p1b: Ting-Lu|Vessel of Ruin\n|-weather|SunnyDay|[from] ability: Drought|[of] p2a: Rua\n|turn|1\n|\n|t:|1683662430\n|-terastallize|p1a: Wo-Chien|Poison\n|move|p1b: Ting-Lu|Protect|p1b: Ting-Lu\n|-singleturn|p1b: Ting-Lu|Protect\n|move|p2b: Lilligant|Pollen Puff|p1a: Wo-Chien\n|-resisted|p1a: Wo-Chien\n|-damage|p1a: Wo-Chien|93\/100\n|move|p1a: Wo-Chien|Substitute|p1a: Wo-Chien\n|-start|p1a: Wo-Chien|Substitute\n|-damage|p1a: Wo-Chien|68\/100\n|move|p2a: Rua|Will-O-Wisp|p1b: Ting-Lu\n|-activate|p1b: Ting-Lu|move: Protect\n|\n|-weather|SunnyDay|[upkeep]\n|-heal|p1a: Wo-Chien|74\/100|[from] item: Black Sludge\n|upkeep\n|turn|2\n|inactive|T0123456789 has 30 seconds left.\n|inactive|T0123456789 has 20 seconds left.\n|\n|t:|1683662466\n|move|p2b: Lilligant|Sleep Powder|p1b: Ting-Lu\n|-status|p1b: Ting-Lu|slp|[from] move: Sleep Powder\n|move|p1a: Wo-Chien|Leech Seed|p2a: Rua\n|-start|p2a: Rua|move: Leech Seed\n|cant|p1b: Ting-Lu|slp\n|move|p2a: Rua|Heat Wave|p1b: Ting-Lu|[spread] p1a,p1b\n|-activate|p1a: Wo-Chien|move: Substitute|[damage]\n|-damage|p1b: Ting-Lu|85\/100 slp\n|\n|-weather|SunnyDay|[upkeep]\n|-heal|p1a: Wo-Chien|80\/100|[from] item: Black Sludge\n|-heal|p1b: Ting-Lu|91\/100 slp|[from] item: Leftovers\n|-damage|p2a: Rua|88\/100|[from] Leech Seed|[of] p1a: Wo-Chien\n|-heal|p1a: Wo-Chien|92\/100|[silent]\n|upkeep\n|turn|3\n|inactive|T0123456789 has 30 seconds left.\n|inactive|GreenMidoriVerde has 30 seconds left.\n|inactive|GreenMidoriVerde has 20 seconds left.\n|inactive|T0123456789 has 20 seconds left.\n|inactive|GreenMidoriVerde has 15 seconds left.\n|inactive|GreenMidoriVerde has 10 seconds left.\n|inactive|GreenMidoriVerde has 5 seconds left.\n|\n|t:|1683662518\n|move|p2b: Lilligant|After You|p2a: Rua\n|-activate|p2a: Rua|move: After You\n|move|p2a: Rua|Heat Wave|p1a: Wo-Chien|[spread] p1a\n|-miss|p2a: Rua|p1b: Ting-Lu\n|-end|p1a: Wo-Chien|Substitute\n|move|p1a: Wo-Chien|Ruination|p2a: Rua\n|-damage|p2a: Rua|45\/100\n|-curestatus|p1b: Ting-Lu|slp|[msg]\n|move|p1b: Ting-Lu|Ruination|p2b: Lilligant\n|-damage|p2b: Lilligant|51\/100\n|\n|-weather|SunnyDay|[upkeep]\n|-heal|p1a: Wo-Chien|98\/100|[from] item: Black Sludge\n|-heal|p1b: Ting-Lu|97\/100|[from] item: Leftovers\n|-damage|p2a: Rua|32\/100|[from] Leech Seed|[of] p1a: Wo-Chien\n|-heal|p1a: Wo-Chien|100\/100|[silent]\n|upkeep\n|turn|4\n|\n|t:|1683662536\n|move|p2b: Lilligant|Sleep Powder|p1a: Wo-Chien\n|-status|p1a: Wo-Chien|slp|[from] move: Sleep Powder\n|cant|p1a: Wo-Chien|slp\n|move|p1b: Ting-Lu|Ruination|p2a: Rua\n|-damage|p2a: Rua|16\/100\n|move|p2a: Rua|Heat Wave|p1a: Wo-Chien|[spread] p1a,p1b\n|-damage|p1a: Wo-Chien|84\/100 slp\n|-damage|p1b: Ting-Lu|81\/100\n|\n|-weather|SunnyDay|[upkeep]\n|-heal|p1a: Wo-Chien|91\/100 slp|[from] item: Black Sludge\n|-heal|p1b: Ting-Lu|87\/100|[from] item: Leftovers\n|-damage|p2a: Rua|4\/100|[from] Leech Seed|[of] p1a: Wo-Chien\n|-heal|p1a: Wo-Chien|100\/100 slp|[silent]\n|upkeep\n|turn|5\n|\n|t:|1683662558\n|switch|p2a: Meidoraigon|Roaring Moon, L50, shiny|100\/100\n|-activate|p2a: Meidoraigon|ability: Protosynthesis\n|-start|p2a: Meidoraigon|protosynthesisatk\n|move|p2b: Lilligant|Sleep Powder|p1b: Ting-Lu\n|-status|p1b: Ting-Lu|slp|[from] move: Sleep Powder\n|-curestatus|p1a: Wo-Chien|slp|[msg]\n|move|p1a: Wo-Chien|Substitute|p1a: Wo-Chien\n|-start|p1a: Wo-Chien|Substitute\n|-damage|p1a: Wo-Chien|75\/100\n|cant|p1b: Ting-Lu|slp\n|\n|-weather|SunnyDay|[upkeep]\n|-heal|p1a: Wo-Chien|82\/100|[from] item: Black Sludge\n|-heal|p1b: Ting-Lu|93\/100 slp|[from] item: Leftovers\n|upkeep\n|turn|6\n|inactive|GreenMidoriVerde has 30 seconds left.\n|\n|t:|1683662592\n|cant|p1b: Ting-Lu|slp\n|move|p2b: Lilligant|Pollen Puff|p1b: Ting-Lu\n|-supereffective|p1b: Ting-Lu\n|-damage|p1b: Ting-Lu|67\/100 slp\n|move|p2a: Meidoraigon|Dragon Claw|p1a: Wo-Chien\n|-end|p1a: Wo-Chien|Substitute\n|-damage|p2a: Meidoraigon|90\/100|[from] item: Life Orb\n|move|p1a: Wo-Chien|Leech Seed|p2a: Meidoraigon|[miss]\n|-miss|p1a: Wo-Chien|p2a: Meidoraigon\n|\n|-weather|SunnyDay|[upkeep]\n|-heal|p1a: Wo-Chien|88\/100|[from] item: Black Sludge\n|-heal|p1b: Ting-Lu|73\/100 slp|[from] item: Leftovers\n|upkeep\n|turn|7\n|\n|t:|1683662613\n|move|p2b: Lilligant|Protect|p2b: Lilligant\n|-singleturn|p2b: Lilligant|Protect\n|move|p2a: Meidoraigon|Earthquake|p1b: Ting-Lu|[spread] p1a,p1b\n|-activate|p2b: Lilligant|move: Protect\n|-supereffective|p1a: Wo-Chien\n|-damage|p1a: Wo-Chien|42\/100\n|-damage|p1b: Ting-Lu|55\/100 slp\n|-damage|p2a: Meidoraigon|80\/100|[from] item: Life Orb\n|move|p1a: Wo-Chien|Leech Seed|p2a: Meidoraigon\n|-start|p2a: Meidoraigon|move: Leech Seed\n|cant|p1b: Ting-Lu|slp\n|\n|-weather|SunnyDay|[upkeep]\n|-heal|p1a: Wo-Chien|48\/100|[from] item: Black Sludge\n|-heal|p1b: Ting-Lu|61\/100 slp|[from] item: Leftovers\n|-damage|p2a: Meidoraigon|68\/100|[from] Leech Seed|[of] p1a: Wo-Chien\n|-heal|p1a: Wo-Chien|60\/100|[silent]\n|upkeep\n|turn|8\n|inactive|GreenMidoriVerde has 30 seconds left.\n|\n|t:|1683662643\n|move|p1a: Wo-Chien|Protect|p1a: Wo-Chien\n|-singleturn|p1a: Wo-Chien|Protect\n|-curestatus|p1b: Ting-Lu|slp|[msg]\n|move|p1b: Ting-Lu|Protect|p1b: Ting-Lu\n|-singleturn|p1b: Ting-Lu|Protect\n|move|p2b: Lilligant|Sleep Powder|p1a: Wo-Chien\n|-activate|p1a: Wo-Chien|move: Protect\n|move|p2a: Meidoraigon|Dragon Claw|p1a: Wo-Chien\n|-activate|p1a: Wo-Chien|move: Protect\n|\n|-weather|none\n|-end|p2a: Meidoraigon|Protosynthesis\n|-heal|p1a: Wo-Chien|66\/100|[from] item: Black Sludge\n|-heal|p1b: Ting-Lu|67\/100|[from] item: Leftovers\n|-damage|p2a: Meidoraigon|56\/100|[from] Leech Seed|[of] p1a: Wo-Chien\n|-heal|p1a: Wo-Chien|78\/100|[silent]\n|upkeep\n|turn|9\n|\n|t:|1683662663\n|-end|p2a: Meidoraigon|Protosynthesis|[silent]\n|switch|p2a: Rua|Torkoal, L50, F, shiny|4\/100\n|-weather|SunnyDay|[from] ability: Drought|[of] p2a: Rua\n|move|p2b: Lilligant|Sleep Powder|p1b: Ting-Lu\n|-status|p1b: Ting-Lu|slp|[from] move: Sleep Powder\n|move|p1a: Wo-Chien|Substitute|p1a: Wo-Chien\n|-start|p1a: Wo-Chien|Substitute\n|-damage|p1a: Wo-Chien|53\/100\n|cant|p1b: Ting-Lu|slp\n|\n|-weather|SunnyDay|[upkeep]\n|-heal|p1a: Wo-Chien|59\/100|[from] item: Black Sludge\n|-heal|p1b: Ting-Lu|73\/100 slp|[from] item: Leftovers\n|upkeep\n|turn|10\n|\n|t:|1683662687\n|move|p1a: Wo-Chien|Protect|p1a: Wo-Chien\n|-singleturn|p1a: Wo-Chien|Protect\n|move|p2b: Lilligant|After You|p2a: Rua\n|-activate|p2a: Rua|move: After You\n|move|p2a: Rua|Heat Wave|p1b: Ting-Lu|[spread] p1b\n|-activate|p1a: Wo-Chien|move: Protect\n|-damage|p1b: Ting-Lu|59\/100 slp\n|cant|p1b: Ting-Lu|slp\n|\n|-weather|SunnyDay|[upkeep]\n|-heal|p1a: Wo-Chien|65\/100|[from] item: Black Sludge\n|-heal|p1b: Ting-Lu|65\/100 slp|[from] item: Leftovers\n|upkeep\n|turn|11\n|\n|t:|1683662702\n|move|p2b: Lilligant|After You|p2a: Rua\n|-activate|p2a: Rua|move: After You\n|move|p2a: Rua|Heat Wave|p1a: Wo-Chien|[spread] p1a,p1b\n|-activate|p1a: Wo-Chien|move: Substitute|[damage]\n|-damage|p1b: Ting-Lu|49\/100 slp\n|move|p1a: Wo-Chien|Ruination|p2b: Lilligant\n|-damage|p2b: Lilligant|26\/100\n|-curestatus|p1b: Ting-Lu|slp|[msg]\n|move|p1b: Ting-Lu|Stomping Tantrum|p2a: Rua\n|-supereffective|p2a: Rua\n|-damage|p2a: Rua|0 fnt\n|faint|p2a: Rua\n|\n|-weather|SunnyDay|[upkeep]\n|-heal|p1a: Wo-Chien|71\/100|[from] item: Black Sludge\n|-heal|p1b: Ting-Lu|55\/100|[from] item: Leftovers\n|upkeep\n|\n|t:|1683662714\n|switch|p2a: Meidoraigon|Roaring Moon, L50, shiny|56\/100\n|-activate|p2a: Meidoraigon|ability: Protosynthesis\n|-start|p2a: Meidoraigon|protosynthesisatk\n|turn|12\n|\n|t:|1683662729\n|move|p1a: Wo-Chien|Protect|p1a: Wo-Chien\n|-singleturn|p1a: Wo-Chien|Protect\n|move|p1b: Ting-Lu|Protect|p1b: Ting-Lu\n|-singleturn|p1b: Ting-Lu|Protect\n|move|p2b: Lilligant|Sleep Powder|p1b: Ting-Lu\n|-activate|p1b: Ting-Lu|move: Protect\n|move|p2a: Meidoraigon|Dragon Claw|p1a: Wo-Chien\n|-activate|p1a: Wo-Chien|move: Protect\n|\n|-weather|SunnyDay|[upkeep]\n|-heal|p1a: Wo-Chien|78\/100|[from] item: Black Sludge\n|-heal|p1b: Ting-Lu|62\/100|[from] item: Leftovers\n|upkeep\n|turn|13\n|\n|t:|1683662746\n|move|p2b: Lilligant|Sleep Powder|p1b: Ting-Lu\n|-status|p1b: Ting-Lu|slp|[from] move: Sleep Powder\n|move|p2a: Meidoraigon|Throat Chop|p1a: Wo-Chien\n|-end|p1a: Wo-Chien|Substitute\n|-damage|p2a: Meidoraigon|46\/100|[from] item: Life Orb\n|move|p1a: Wo-Chien|Leech Seed|p2a: Meidoraigon\n|-start|p2a: Meidoraigon|move: Leech Seed\n|cant|p1b: Ting-Lu|slp\n|\n|-weather|SunnyDay|[upkeep]\n|-heal|p1a: Wo-Chien|84\/100|[from] item: Black Sludge\n|-heal|p1b: Ting-Lu|68\/100 slp|[from] item: Leftovers\n|-damage|p2a: Meidoraigon|34\/100|[from] Leech Seed|[of] p1a: Wo-Chien\n|-heal|p1a: Wo-Chien|95\/100|[silent]\n|upkeep\n|turn|14\n|\n|t:|1683662759\n|-end|p2a: Meidoraigon|Protosynthesis|[silent]\n|switch|p2a: Moe|Flutter Mane, L50, shiny|100\/100\n|-activate|p2a: Moe|ability: Protosynthesis\n|-start|p2a: Moe|protosynthesisspe\n|move|p1a: Wo-Chien|Protect|p1a: Wo-Chien\n|-singleturn|p1a: Wo-Chien|Protect\n|-curestatus|p1b: Ting-Lu|slp|[msg]\n|move|p1b: Ting-Lu|Protect|p1b: Ting-Lu\n|-singleturn|p1b: Ting-Lu|Protect\n|move|p2b: Lilligant|Sleep Powder|p1a: Wo-Chien\n|-activate|p1a: Wo-Chien|move: Protect\n|\n|-weather|SunnyDay|[upkeep]\n|-heal|p1a: Wo-Chien|100\/100|[from] item: Black Sludge\n|-heal|p1b: Ting-Lu|74\/100|[from] item: Leftovers\n|upkeep\n|turn|15\n|\n|t:|1683662775\n|-terastallize|p2a: Moe|Fairy\n|move|p2a: Moe|Moonblast|p1b: Ting-Lu\n|-supereffective|p1b: Ting-Lu\n|-damage|p1b: Ting-Lu|0 fnt\n|faint|p1b: Ting-Lu\n|move|p2b: Lilligant|Sleep Powder|p1a: Wo-Chien\n|-status|p1a: Wo-Chien|slp|[from] move: Sleep Powder\n|cant|p1a: Wo-Chien|slp\n|\n|-weather|SunnyDay|[upkeep]\n|upkeep\n|\n|t:|1683662785\n|switch|p1b: Arcanine|Arcanine, L50, M|100\/100\n|-ability|p1b: Arcanine|Intimidate|boost\n|-unboost|p2a: Moe|atk|1\n|-unboost|p2b: Lilligant|atk|1\n|turn|16\n|\n|t:|1683662799\n|-end|p2a: Moe|Protosynthesis|[silent]\n|switch|p2a: Meidoraigon|Roaring Moon, L50, shiny|34\/100\n|-activate|p2a: Meidoraigon|ability: Protosynthesis\n|-start|p2a: Meidoraigon|protosynthesisatk\n|cant|p1a: Wo-Chien|slp\n|move|p2b: Lilligant|Sleep Powder|p1b: Arcanine\n|-status|p1b: Arcanine|slp|[from] move: Sleep Powder\n|cant|p1b: Arcanine|slp\n|\n|-weather|none\n|-end|p2a: Meidoraigon|Protosynthesis\n|upkeep\n|turn|17\n|\n|t:|1683662816\n|move|p2b: Lilligant|Protect|p2b: Lilligant\n|-singleturn|p2b: Lilligant|Protect\n|cant|p1a: Wo-Chien|slp\n|-curestatus|p1b: Arcanine|slp|[msg]\n|move|p1b: Arcanine|Extreme Speed|p2b: Lilligant\n|-activate|p2b: Lilligant|move: Protect\n|move|p2a: Meidoraigon|Earthquake|p1a: Wo-Chien|[spread] p1a,p1b\n|-activate|p2b: Lilligant|move: Protect\n|-supereffective|p1a: Wo-Chien\n|-supereffective|p1b: Arcanine\n|-damage|p1a: Wo-Chien|62\/100 slp\n|-damage|p1b: Arcanine|34\/100\n|-damage|p2a: Meidoraigon|24\/100|[from] item: Life Orb\n|\n|-heal|p1a: Wo-Chien|69\/100 slp|[from] item: Black Sludge\n|upkeep\n|turn|18\n|inactive|T0123456789 has 30 seconds left.\n|inactive|GreenMidoriVerde has 30 seconds left.\n|inactive|T0123456789 has 20 seconds left.\n|inactive|T0123456789 has 15 seconds left.\n|\n|t:|1683662857\n|move|p1b: Arcanine|Extreme Speed|p2a: Meidoraigon\n|-damage|p2a: Meidoraigon|1\/100\n|move|p2a: Meidoraigon|Earthquake|p1a: Wo-Chien|[spread] p2b,p1a,p1b\n|-resisted|p2b: Lilligant\n|-supereffective|p1a: Wo-Chien\n|-supereffective|p1b: Arcanine\n|-damage|p2b: Lilligant|4\/100\n|-damage|p1a: Wo-Chien|31\/100 slp\n|-damage|p1b: Arcanine|0 fnt\n|faint|p1b: Arcanine\n|-damage|p2a: Meidoraigon|0 fnt|[from] item: Life Orb\n|faint|p2a: Meidoraigon\n|-end|p2a: Meidoraigon|Protosynthesis|[silent]\n|move|p2b: Lilligant|Sleep Powder|p1a: Wo-Chien\n|-fail|p1a: Wo-Chien|slp\n|-curestatus|p1a: Wo-Chien|slp|[msg]\n|move|p1a: Wo-Chien|Substitute|p1a: Wo-Chien\n|-start|p1a: Wo-Chien|Substitute\n|-damage|p1a: Wo-Chien|6\/100\n|\n|-heal|p1a: Wo-Chien|12\/100|[from] item: Black Sludge\n|upkeep\n|\n|t:|1683662872\n|switch|p2a: Moe|Flutter Mane, L50, shiny, tera:Fairy|100\/100\n|switch|p1b: Gholdengo|Gholdengo, L50|100\/100\n|turn|19\n|\n|t:|1683662886\n|move|p1a: Wo-Chien|Protect|p1a: Wo-Chien\n|-singleturn|p1a: Wo-Chien|Protect\n|move|p2a: Moe|Shadow Ball|p1b: Gholdengo\n|-supereffective|p1b: Gholdengo\n|-damage|p1b: Gholdengo|0 fnt\n|faint|p1b: Gholdengo\n|move|p2b: Lilligant|Pollen Puff|p1a: Wo-Chien\n|-activate|p1a: Wo-Chien|move: Protect\n|\n|-heal|p1a: Wo-Chien|18\/100|[from] item: Black Sludge\n|upkeep\n|turn|20\n|\n|t:|1683662898\n|move|p2a: Moe|Shadow Ball|p1a: Wo-Chien\n|-end|p1a: Wo-Chien|Substitute\n|move|p2b: Lilligant|Sleep Powder|p1a: Wo-Chien\n|-status|p1a: Wo-Chien|slp|[from] move: Sleep Powder\n|cant|p1a: Wo-Chien|slp\n|\n|-heal|p1a: Wo-Chien|24\/100 slp|[from] item: Black Sludge\n|upkeep\n|turn|21\n|n|!GreenMidoriVerde|greenmidoriverde\n|inactive|GreenMidoriVerde has 30 seconds left.\n|\n|t:|1683662926\n|cant|p1a: Wo-Chien|slp\n|move|p2a: Moe|Shadow Ball|p1a: Wo-Chien\n|-crit|p1a: Wo-Chien\n|-damage|p1a: Wo-Chien|0 fnt\n|faint|p1a: Wo-Chien\n|\n|win|GreenMidoriVerde\n|raw|T0123456789's rating: 1191 → 1162<\/strong> (-29 for losing)\n|raw|GreenMidoriVerde's rating: 1130 → 1159<\/strong> (+29 for winning)\n|l|\u2606T0123456789\n","uploadtime":1683662917,"views":19,"p1id":"t0123456789","p2id":"greenmidoriverde","formatid":"gen9vgc2023regulationc","rating":1159,"private":0,"password":""}