{"id":"gen9vgc2023regulationc-1848285716","p1":"Robro265","p2":"superseriousboi","format":"[Gen 9] VGC 2023 Regulation C","log":"|j|\u2606Robro265\n|j|\u2606superseriousboi\n|t:|1682053729\n|gametype|doubles\n|player|p1|Robro265|1|1031\n|player|p2|superseriousboi|102|1071\n|teamsize|p1|6\n|teamsize|p2|6\n|gen|9\n|tier|[Gen 9] VGC 2023 Regulation C\n|rated|\n|rule|Species Clause: Limit one of each Pok\u00e9mon\n|rule|Item Clause: Limit one of each item\n|clearpoke\n|poke|p1|Klawf, L50, F|\n|poke|p1|Bombirdier, L50, F|\n|poke|p1|Iron Moth, L50|\n|poke|p1|Meowscarada, L50, F|\n|poke|p1|Tinkaton, L50, F|\n|poke|p1|Iron Hands, L50|\n|poke|p2|Lucario, L50, M|\n|poke|p2|Maushold, L50|\n|poke|p2|Grimmsnarl, L50, M|\n|poke|p2|Chi-Yu, L50|\n|poke|p2|Flutter Mane, L50|\n|poke|p2|Iron Bundle, L50|\n|teampreview|4\nsuperseriousboi has agreed to open team sheets.\n|inactive|Battle timer is ON: inactive players will automatically lose when time's up. (requested by Robro265)\n|c|\u2606superseriousboi|gl hf\n|inactive|Robro265 has 60 seconds left.\n|inactive|superseriousboi has 60 seconds left.\n|\n|t:|1682053798\n|start\n|switch|p1a: Tinkaton|Tinkaton, L50, F, shiny|100\/100\n|switch|p1b: Iron Hands|Iron Hands, L50|100\/100\n|switch|p2a: Maushold|Maushold, L50|100\/100\n|switch|p2b: Lucario|Lucario, L50, M|100\/100\n|-ability|p1a: Tinkaton|Mold Breaker\n|turn|1\n|\n|t:|1682053810\n|move|p2a: Maushold|Protect|p2a: Maushold\n|-singleturn|p2a: Maushold|Protect\n|move|p2b: Lucario|Protect|p2b: Lucario\n|-singleturn|p2b: Lucario|Protect\n|move|p1a: Tinkaton|Fake Out|p2a: Maushold\n|-activate|p2a: Maushold|move: Protect\n|move|p1b: Iron Hands|Rock Slide|p2a: Maushold|[spread] \n|-activate|p2a: Maushold|move: Protect\n|-activate|p2b: Lucario|move: Protect\n|\n|upkeep\n|turn|2\n|inactive|superseriousboi has 30 seconds left.\n|\n|t:|1682053842\n|move|p2a: Maushold|Beat Up|p2b: Lucario\n|-resisted|p2b: Lucario\n|-damage|p2b: Lucario|99\/100\n|-ability|p2b: Lucario|Justified|boost\n|-boost|p2b: Lucario|atk|1\n|-resisted|p2b: Lucario\n|-damage|p2b: Lucario|99\/100\n|-ability|p2b: Lucario|Justified|boost\n|-boost|p2b: Lucario|atk|1\n|-resisted|p2b: Lucario\n|-damage|p2b: Lucario|98\/100\n|-ability|p2b: Lucario|Justified|boost\n|-boost|p2b: Lucario|atk|1\n|-resisted|p2b: Lucario\n|-damage|p2b: Lucario|97\/100\n|-ability|p2b: Lucario|Justified|boost\n|-boost|p2b: Lucario|atk|1\n|-hitcount|p2b: Lucario|4\n|move|p1a: Tinkaton|Gigaton Hammer|p2a: Maushold\n|-damage|p2a: Maushold|49\/100\n|move|p2b: Lucario|Drain Punch|p1a: Tinkaton\n|-damage|p1a: Tinkaton|17\/100\n|-heal|p2b: Lucario|100\/100|[from] drain|[of] p1a: Tinkaton\n|move|p1b: Iron Hands|Drain Punch|p2b: Lucario\n|-supereffective|p2b: Lucario\n|-damage|p2b: Lucario|4\/100\n|\n|upkeep\n|turn|3\n|inactive|Robro265 has 30 seconds left.\n|inactive|superseriousboi has 30 seconds left.\n|inactive|superseriousboi has 20 seconds left.\n|\n|t:|1682053882\n|-terastallize|p2b: Lucario|Normal\n|move|p1a: Tinkaton|Protect|p1a: Tinkaton\n|-singleturn|p1a: Tinkaton|Protect\n|move|p2a: Maushold|Follow Me|p2a: Maushold\n|-singleturn|p2a: Maushold|move: Follow Me\n|move|p2b: Lucario|Extreme Speed|p1b: Iron Hands\n|-damage|p1b: Iron Hands|19\/100\n|move|p1b: Iron Hands|Earthquake|p2a: Maushold|[spread] p2a,p2b\n|-activate|p1a: Tinkaton|move: Protect\n|-damage|p2a: Maushold|16\/100\n|-damage|p2b: Lucario|0 fnt\n|faint|p2b: Lucario\n|\n|upkeep\n|\n|t:|1682053897\n|switch|p2b: Flutter Mane|Flutter Mane, L50|100\/100\n|turn|4\n|\n|t:|1682053914\n|move|p2a: Maushold|Follow Me|p2a: Maushold\n|-singleturn|p2a: Maushold|move: Follow Me\n|move|p2b: Flutter Mane|Dazzling Gleam|p1a: Tinkaton|[spread] p1a,p1b\n|-resisted|p1a: Tinkaton\n|-supereffective|p1b: Iron Hands\n|-damage|p1a: Tinkaton|0 fnt\n|-damage|p1b: Iron Hands|0 fnt\n|faint|p1a: Tinkaton\n|faint|p1b: Iron Hands\n|-end|p1b: Iron Hands|Quark Drive|[silent]\n|-damage|p2b: Flutter Mane|91\/100|[from] item: Life Orb\n|\n|upkeep\n|\n|t:|1682053924\n|switch|p1a: Bombirdier|Bombirdier, L50, F, shiny|100\/100\n|switch|p1b: Iron Moth|Iron Moth, L50|100\/100\n|-enditem|p1b: Iron Moth|Booster Energy\n|-activate|p1b: Iron Moth|ability: Quark Drive|[fromitem]\n|-start|p1b: Iron Moth|quarkdrivespa\n|turn|5\n|inactive|superseriousboi has 30 seconds left.\n|inactive|superseriousboi has 20 seconds left.\n|inactive|superseriousboi has 15 seconds left.\n|\n|t:|1682053969\n|move|p2b: Flutter Mane|Protect|p2b: Flutter Mane\n|-singleturn|p2b: Flutter Mane|Protect\n|move|p1b: Iron Moth|Protect|p1b: Iron Moth\n|-singleturn|p1b: Iron Moth|Protect\n|move|p2a: Maushold|Protect|p2a: Maushold\n|-singleturn|p2a: Maushold|Protect\n|move|p1a: Bombirdier|Parting Shot|p2b: Flutter Mane\n|-activate|p2b: Flutter Mane|move: Protect\n|\n|upkeep\n|turn|6\n|inactive|superseriousboi has 30 seconds left.\n|\n|t:|1682053994\n|move|p2a: Maushold|Follow Me|p2a: Maushold\n|-singleturn|p2a: Maushold|move: Follow Me\n|move|p2b: Flutter Mane|Dazzling Gleam|p1b: Iron Moth|[spread] p1a,p1b\n|-supereffective|p1a: Bombirdier\n|-resisted|p1b: Iron Moth\n|-damage|p1a: Bombirdier|30\/100\n|-damage|p1b: Iron Moth|90\/100\n|-damage|p2b: Flutter Mane|81\/100|[from] item: Life Orb\n|move|p1b: Iron Moth|Struggle Bug|p2b: Flutter Mane|[spread] p2a,p2b\n|-resisted|p2b: Flutter Mane\n|-damage|p2a: Maushold|0 fnt\n|-damage|p2b: Flutter Mane|78\/100\n|-unboost|p2b: Flutter Mane|spa|1\n|faint|p2a: Maushold\n|move|p1a: Bombirdier|Rock Slide|p2b: Flutter Mane|[miss]\n|-miss|p1a: Bombirdier|p2b: Flutter Mane\n|\n|upkeep\n|\n|t:|1682054008\n|switch|p2a: Iron Bundle|Iron Bundle, L50|100\/100\n|-enditem|p2a: Iron Bundle|Booster Energy\n|-activate|p2a: Iron Bundle|ability: Quark Drive|[fromitem]\n|-start|p2a: Iron Bundle|quarkdrivespe\n|turn|7\n|\n|t:|1682054026\n|move|p2a: Iron Bundle|Protect|p2a: Iron Bundle\n|-singleturn|p2a: Iron Bundle|Protect\n|move|p2b: Flutter Mane|Protect|p2b: Flutter Mane\n|-singleturn|p2b: Flutter Mane|Protect\n|move|p1a: Bombirdier|Protect|p1a: Bombirdier\n|-singleturn|p1a: Bombirdier|Protect\n|move|p1b: Iron Moth|Struggle Bug|p2a: Iron Bundle|[spread] \n|-activate|p2a: Iron Bundle|move: Protect\n|-activate|p2b: Flutter Mane|move: Protect\n|\n|upkeep\n|turn|8\n|\n|t:|1682054043\n|move|p1a: Bombirdier|Protect||[still]\n|-fail|p1a: Bombirdier\n|move|p2a: Iron Bundle|Hydro Pump|p1b: Iron Moth\n|-supereffective|p1b: Iron Moth\n|-damage|p1b: Iron Moth|0 fnt\n|faint|p1b: Iron Moth\n|-end|p1b: Iron Moth|Quark Drive|[silent]\n|move|p2b: Flutter Mane|Dazzling Gleam|p1a: Bombirdier\n|-supereffective|p1a: Bombirdier\n|-damage|p1a: Bombirdier|0 fnt\n|faint|p1a: Bombirdier\n|-damage|p2b: Flutter Mane|68\/100|[from] item: Life Orb\n|\n|win|superseriousboi\n|raw|Robro265's rating: 1031 → 1018<\/strong> (-13 for losing)\n|raw|superseriousboi's rating: 1071 → 1097<\/strong> (+26 for winning)\n|l|\u2606Robro265\n","uploadtime":1682054054,"views":8,"p1id":"robro265","p2id":"superseriousboi","formatid":"gen9vgc2023regulationc","rating":1018,"private":0,"password":""}