{"id":"gen9vgc2023regulationc-1847470182","p1":"ExcelSheet","p2":"edhead64","format":"[Gen 9] VGC 2023 Regulation C","log":"|j|\u2606ExcelSheet\n|j|\u2606edhead64\n|t:|1681959064\n|gametype|doubles\n|player|p1|ExcelSheet|hilbert-wonderlauncher|\n|player|p2|edhead64|ethan|\n|teamsize|p1|6\n|teamsize|p2|6\n|gen|9\n|tier|[Gen 9] VGC 2023 Regulation C\n|rule|Species Clause: Limit one of each Pok\u00e9mon\n|rule|Item Clause: Limit one of each item\n|clearpoke\n|poke|p1|Flutter Mane, L50|\n|poke|p1|Great Tusk, L50|\n|poke|p1|Scizor, L50, M|\n|poke|p1|Corviknight, L50, F|\n|poke|p1|Chi-Yu, L50|\n|poke|p1|Iron Bundle, L50|\n|poke|p2|Lycanroc, L50, M|\n|poke|p2|Tyranitar, L50, F|\n|poke|p2|Armarouge, L50, M|\n|poke|p2|Indeedee-F, L50, F|\n|poke|p2|Dondozo, L50, M|\n|poke|p2|Tatsugiri-Stretchy, L50, M|\n|teampreview|4\n|inactive|Battle timer is ON: inactive players will automatically lose when time's up. (requested by ExcelSheet)\nExcelSheet has agreed to open team sheets.\n|\n|t:|1681959092\n|start\n|switch|p1a: Chi-Yu|Chi-Yu, L50|100\/100\n|switch|p1b: Flutter Mane|Flutter Mane, L50|100\/100\n|switch|p2a: Tyranitar|Tyranitar, L50, F|100\/100\n|switch|p2b: Lycanroc|Lycanroc, L50, M|100\/100\n|-ability|p1a: Chi-Yu|Beads of Ruin\n|-weather|Sandstorm|[from] ability: Sand Stream|[of] p2a: Tyranitar\n|turn|1\n|inactive|edhead64 has 30 seconds left.\n|\n|t:|1681959123\n|-end|p1b: Flutter Mane|Protosynthesis|[silent]\n|switch|p1b: Scizor|Scizor, L50, M|100\/100\n|-terastallize|p2b: Lycanroc|Rock\n|move|p1a: Chi-Yu|Protect|p1a: Chi-Yu\n|-singleturn|p1a: Chi-Yu|Protect\n|move|p2b: Lycanroc|Rock Slide|p1a: Chi-Yu|[spread] p1b\n|-activate|p1a: Chi-Yu|move: Protect\n|-damage|p1b: Scizor|65\/100\n|move|p2a: Tyranitar|Rock Slide|p1b: Scizor|[spread] p1b\n|-activate|p1a: Chi-Yu|move: Protect\n|-damage|p1b: Scizor|19\/100\n|\n|-weather|Sandstorm|[upkeep]\n|-damage|p1a: Chi-Yu|94\/100|[from] Sandstorm\n|upkeep\n|turn|2\n|inactive|ExcelSheet has 30 seconds left.\n|\n|t:|1681959150\n|switch|p2a: Indeedee|Indeedee-F, L50, F|100\/100\n|-fieldstart|move: Psychic Terrain|[from] ability: Psychic Surge|[of] p2a: Indeedee\n|move|p1b: Scizor|Bullet Punch|p2b: Lycanroc\n|-activate|p2b: Lycanroc|move: Psychic Terrain\n|move|p2b: Lycanroc|Rock Slide|p1b: Scizor|[spread] p1a\n|-miss|p2b: Lycanroc|p1b: Scizor\n|-supereffective|p1a: Chi-Yu\n|-damage|p1a: Chi-Yu|10\/100\n|cant|p1a: Chi-Yu|flinch\n|\n|-weather|Sandstorm|[upkeep]\n|-damage|p1a: Chi-Yu|4\/100|[from] Sandstorm\n|upkeep\n|turn|3\n|\n|t:|1681959171\n|move|p1b: Scizor|Bullet Punch|p2b: Lycanroc\n|-activate|p2b: Lycanroc|move: Psychic Terrain\n|move|p2b: Lycanroc|Rock Slide|p1a: Chi-Yu|[spread] p1a,p1b\n|-supereffective|p1a: Chi-Yu\n|-damage|p1a: Chi-Yu|0 fnt\n|-damage|p1b: Scizor|0 fnt\n|faint|p1a: Chi-Yu\n|faint|p1b: Scizor\n|move|p2a: Indeedee|Dazzling Gleam|p1: Chi-Yu|[notarget]\n|-fail|p2a: Indeedee\n|\n|-weather|Sandstorm|[upkeep]\n|upkeep\n|\n|t:|1681959180\n|switch|p1a: Flutter Mane|Flutter Mane, L50|100\/100\n|switch|p1b: Iron Bundle|Iron Bundle, L50|100\/100\n|-enditem|p1b: Iron Bundle|Booster Energy\n|-activate|p1b: Iron Bundle|ability: Quark Drive|[fromitem]\n|-start|p1b: Iron Bundle|quarkdrivespe\n|turn|4\n|\n|t:|1681959198\n|-terastallize|p1a: Flutter Mane|Steel\n|move|p2b: Lycanroc|Rock Slide|p1a: Flutter Mane|[spread] p1a,p1b\n|-resisted|p1a: Flutter Mane\n|-supereffective|p1b: Iron Bundle\n|-damage|p1a: Flutter Mane|68\/100\n|-damage|p1b: Iron Bundle|3\/100\n|move|p1b: Iron Bundle|Freeze-Dry|p2b: Lycanroc\n|-damage|p2b: Lycanroc|64\/100\n|move|p1a: Flutter Mane|Dazzling Gleam|p2b: Lycanroc|[spread] p2a,p2b\n|-crit|p2a: Indeedee\n|-damage|p2a: Indeedee|43\/100\n|-damage|p2b: Lycanroc|17\/100\n|-damage|p1a: Flutter Mane|58\/100|[from] item: Life Orb\n|move|p2a: Indeedee|Trick Room|p2a: Indeedee\n|-fieldstart|move: Trick Room|[of] p2a: Indeedee\n|\n|-weather|Sandstorm|[upkeep]\n|-damage|p1b: Iron Bundle|0 fnt|[from] Sandstorm\n|faint|p1b: Iron Bundle\n|-end|p1b: Iron Bundle|Quark Drive|[silent]\n|upkeep\n|turn|5\n|inactive|edhead64 has 30 seconds left.\n|inactive|edhead64 has 20 seconds left.\n|inactive|edhead64 has 15 seconds left.\n|\n|t:|1681959242\n|switch|p2a: Armarouge|Armarouge, L50, M|100\/100\n|move|p2b: Lycanroc|Protect|p2b: Lycanroc\n|-singleturn|p2b: Lycanroc|Protect\n|move|p1a: Flutter Mane|Dazzling Gleam|p2b: Lycanroc|[spread] p2a\n|-activate|p2b: Lycanroc|move: Protect\n|-resisted|p2a: Armarouge\n|-damage|p2a: Armarouge|79\/100\n|-damage|p1a: Flutter Mane|49\/100|[from] item: Life Orb\n|\n|-weather|none\n|upkeep\n|turn|6\n|\n|t:|1681959256\n|move|p1a: Flutter Mane|Protect|p1a: Flutter Mane\n|-singleturn|p1a: Flutter Mane|Protect\n|move|p2a: Armarouge|Armor Cannon|p1a: Flutter Mane\n|-activate|p1a: Flutter Mane|move: Protect\n|move|p2b: Lycanroc|Rock Slide|p1a: Flutter Mane\n|-activate|p1a: Flutter Mane|move: Protect\n|\n|-fieldend|move: Psychic Terrain\n|upkeep\n|turn|7\n|\n|t:|1681959265\n|move|p2a: Armarouge|Armor Cannon|p1a: Flutter Mane\n|-supereffective|p1a: Flutter Mane\n|-damage|p1a: Flutter Mane|0 fnt\n|-unboost|p2a: Armarouge|def|1\n|-unboost|p2a: Armarouge|spd|1\n|faint|p1a: Flutter Mane\n|-end|p1a: Flutter Mane|Protosynthesis|[silent]\n|-damage|p2a: Armarouge|69\/100|[from] item: Life Orb\n|\n|win|edhead64\n","uploadtime":1681959274,"views":5,"p1id":"excelsheet","p2id":"edhead64","formatid":"gen9vgc2023regulationc","rating":0,"private":0,"password":""}