{"id":"gen9vgc2023regulationc-1857938955","p1":"RICHARDHAVOC","p2":"aggron zheng","format":"[Gen 9] VGC 2023 Regulation C","log":"|j|\u2606RICHARDHAVOC\n|j|\u2606aggron zheng\n|t:|1683249818\n|gametype|doubles\n|player|p1|RICHARDHAVOC|steven|1556\n|player|p2|aggron zheng|101|1624\n|teamsize|p1|6\n|teamsize|p2|6\n|gen|9\n|tier|[Gen 9] VGC 2023 Regulation C\n|rated|\n|rule|Species Clause: Limit one of each Pok\u00e9mon\n|rule|Item Clause: Limit one of each item\n|clearpoke\n|poke|p1|Scream Tail, L50|\n|poke|p1|Ceruledge, L50, F|\n|poke|p1|Rotom-Wash, L50|\n|poke|p1|Chien-Pao, L50|\n|poke|p1|Dragonite, L50, M|\n|poke|p1|Ting-Lu, L50|\n|poke|p2|Dondozo, L50, F|\n|poke|p2|Tatsugiri, L50, M|\n|poke|p2|Chi-Yu, L50|\n|poke|p2|Iron Bundle, L50|\n|poke|p2|Dragonite, L50, M|\n|poke|p2|Kingambit, L50, M|\n|teampreview|4\nRICHARDHAVOC has agreed to open team sheets.\naggron zheng has agreed to open team sheets.\n|c|\u2606aggron zheng|glhf\n|\n|t:|1683249942\n|start\n|switch|p1a: HARLEY QUINN|Scream Tail, L50, shiny|100\/100\n|switch|p1b: Ting-Lu|Ting-Lu, L50|100\/100\n|switch|p2a: Chi-Yu|Chi-Yu, L50|100\/100\n|switch|p2b: Iron Bundle|Iron Bundle, L50, shiny|100\/100\n|-ability|p2a: Chi-Yu|Beads of Ruin\n|-ability|p1b: Ting-Lu|Vessel of Ruin\n|-enditem|p2b: Iron Bundle|Booster Energy\n|-activate|p2b: Iron Bundle|ability: Quark Drive|[fromitem]\n|-start|p2b: Iron Bundle|quarkdrivespe\n|-enditem|p1a: HARLEY QUINN|Booster Energy\n|-activate|p1a: HARLEY QUINN|ability: Protosynthesis|[fromitem]\n|-start|p1a: HARLEY QUINN|protosynthesisspe\n|turn|1\n|\n|t:|1683249972\n|switch|p2a: Dondozo|Dondozo, L50, F, shiny|100\/100\n|-terastallize|p1b: Ting-Lu|Water\n|move|p2b: Iron Bundle|Freeze-Dry|p1b: Ting-Lu\n|-supereffective|p1b: Ting-Lu\n|-damage|p1b: Ting-Lu|55\/100\n|move|p1a: HARLEY QUINN|Howl|p1a: HARLEY QUINN|[spread] p1a,p1b\n|-boost|p1a: HARLEY QUINN|atk|1\n|-boost|p1b: Ting-Lu|atk|1\n|move|p1b: Ting-Lu|Rock Slide|p2b: Iron Bundle|[spread] p2a\n|-miss|p1b: Ting-Lu|p2b: Iron Bundle\n|-damage|p2a: Dondozo|82\/100\n|\n|-heal|p2a: Dondozo|88\/100|[from] item: Leftovers\n|upkeep\n|turn|2\n|\n|t:|1683250000\n|-end|p2b: Iron Bundle|Quark Drive|[silent]\n|switch|p2b: Tatsugiri|Tatsugiri, L50, M|100\/100\n|-activate|p2b: Tatsugiri|ability: Commander|[of] p2a: Dondozo\n|-boost|p2a: Dondozo|atk|2\n|-boost|p2a: Dondozo|spa|2\n|-boost|p2a: Dondozo|spe|2\n|-boost|p2a: Dondozo|def|2\n|-boost|p2a: Dondozo|spd|2\n|-terastallize|p2a: Dondozo|Grass\n|move|p1a: HARLEY QUINN|Thunder Wave|p2b: Tatsugiri|[miss]\n|-miss|p1a: HARLEY QUINN|p2b: Tatsugiri\n|move|p2a: Dondozo|Tera Blast|p1b: Ting-Lu\n|-supereffective|p1b: Ting-Lu\n|-damage|p1b: Ting-Lu|0 fnt\n|faint|p1b: Ting-Lu\n|\n|-heal|p2a: Dondozo|94\/100|[from] item: Leftovers\n|upkeep\n|\n|t:|1683250004\n|switch|p1b: WAKANDA|Chien-Pao, L50|100\/100\n|-ability|p1b: WAKANDA|Sword of Ruin\n|turn|3\n|\n|t:|1683250009\n|move|p1a: HARLEY QUINN|Thunder Wave|p2a: Dondozo\n|-status|p2a: Dondozo|par\n|move|p1b: WAKANDA|Haze|p1b: WAKANDA\n|-clearallboost\n|cant|p2a: Dondozo|par\n|\n|-heal|p2a: Dondozo|99\/100 par|[from] item: Leftovers\n|upkeep\n|turn|4\n|\n|t:|1683250019\n|move|p1a: HARLEY QUINN|Howl|p1a: HARLEY QUINN|[spread] p1a,p1b\n|-boost|p1a: HARLEY QUINN|atk|1\n|-boost|p1b: WAKANDA|atk|1\n|move|p1b: WAKANDA|Ice Spinner|p2a: Dondozo\n|-supereffective|p2a: Dondozo\n|-damage|p2a: Dondozo|31\/100 par\n|cant|p2a: Dondozo|par\n|\n|-heal|p2a: Dondozo|38\/100 par|[from] item: Leftovers\n|upkeep\n|turn|5\n|\n|t:|1683250028\n|move|p1a: HARLEY QUINN|Howl|p1a: HARLEY QUINN|[spread] p1a,p1b\n|-boost|p1a: HARLEY QUINN|atk|1\n|-boost|p1b: WAKANDA|atk|1\n|move|p1b: WAKANDA|Ice Spinner|p2a: Dondozo\n|-supereffective|p2a: Dondozo\n|-damage|p2a: Dondozo|0 fnt\n|faint|p2a: Dondozo\n|\n|upkeep\n|\n|t:|1683250044\n|switch|p2a: Iron Bundle|Iron Bundle, L50, shiny|100\/100\n|turn|6\n|\n|t:|1683250057\n|move|p2b: Tatsugiri|Draco Meteor|p1b: WAKANDA\n|-enditem|p1b: WAKANDA|Focus Sash\n|-damage|p1b: WAKANDA|1\/100\n|-unboost|p2b: Tatsugiri|spa|2\n|move|p1a: HARLEY QUINN|Play Rough|p2b: Tatsugiri\n|-supereffective|p2b: Tatsugiri\n|-damage|p2b: Tatsugiri|0 fnt\n|faint|p2b: Tatsugiri\n|move|p2a: Iron Bundle|Icy Wind|p1b: WAKANDA|[spread] p1a,p1b\n|-resisted|p1b: WAKANDA\n|-damage|p1a: HARLEY QUINN|85\/100\n|-damage|p1b: WAKANDA|0 fnt\n|-unboost|p1a: HARLEY QUINN|spe|1\n|faint|p1b: WAKANDA\n|\n|upkeep\n|\n|t:|1683250065\n|switch|p1b: IRON TWITCH|Rotom-Wash, L50, shiny|100\/100\n|switch|p2b: Chi-Yu|Chi-Yu, L50|100\/100\n|-ability|p2b: Chi-Yu|Beads of Ruin\n|turn|7\n|\n|t:|1683250105\n|move|p2a: Iron Bundle|Freeze-Dry|p1b: IRON TWITCH\n|-supereffective|p1b: IRON TWITCH\n|-damage|p1b: IRON TWITCH|15\/100\n|move|p2b: Chi-Yu|Dark Pulse|p1b: IRON TWITCH\n|-damage|p1b: IRON TWITCH|0 fnt\n|faint|p1b: IRON TWITCH\n|move|p1a: HARLEY QUINN|Thunder Wave|p2a: Iron Bundle\n|-status|p2a: Iron Bundle|par\n|\n|upkeep\n|turn|8\n|\n|t:|1683250125\n|move|p2b: Chi-Yu|Dark Pulse|p1a: HARLEY QUINN\n|-damage|p1a: HARLEY QUINN|46\/100\n|cant|p1a: HARLEY QUINN|flinch\n|cant|p2a: Iron Bundle|par\n|\n|upkeep\n|turn|9\n|\n|t:|1683250132\n|move|p2b: Chi-Yu|Dark Pulse|p1a: HARLEY QUINN\n|-damage|p1a: HARLEY QUINN|7\/100\n|cant|p1a: HARLEY QUINN|flinch\n|move|p2a: Iron Bundle|Freeze-Dry|p1a: HARLEY QUINN\n|-damage|p1a: HARLEY QUINN|0 fnt\n|faint|p1a: HARLEY QUINN\n|-end|p1a: HARLEY QUINN|Protosynthesis|[silent]\n|\n|win|aggron zheng\n|raw|RICHARDHAVOC's rating: 1556 → 1540<\/strong> (-16 for losing)\n|raw|aggron zheng's rating: 1624 → 1640<\/strong> (+16 for winning)\n|l|\u2606RICHARDHAVOC\n|c|\u2606aggron zheng|gg\n","uploadtime":1683250149,"views":8,"p1id":"richardhavoc","p2id":"aggronzheng","formatid":"gen9vgc2023regulationc","rating":1540,"private":0,"password":""}