{"id":"gen9vgc2023regulationc-1846066094","p1":"ml1966007","p2":"bronzongbroomsvgc","format":"[Gen 9] VGC 2023 Regulation C","log":"|j|\u2606ml1966007\n|j|\u2606bronzongbroomsvgc\n|t:|1681800552\n|gametype|doubles\n|player|p1|ml1966007|swimmerf-gen4|1314\n|player|p2|bronzongbroomsvgc|265|1451\n|teamsize|p1|6\n|teamsize|p2|6\n|gen|9\n|tier|[Gen 9] VGC 2023 Regulation C\n|rated|\n|rule|Species Clause: Limit one of each Pok\u00e9mon\n|rule|Item Clause: Limit one of each item\n|clearpoke\n|poke|p1|Amoonguss, L50, F|\n|poke|p1|Arcanine, L50, M|\n|poke|p1|Flutter Mane, L50|\n|poke|p1|Azumarill, L50, F|\n|poke|p1|Gothitelle, L50, M|\n|poke|p1|Kingambit, L50, M|\n|poke|p2|Goodra, L50, F|\n|poke|p2|Wo-Chien, L50|\n|poke|p2|Pelipper, L50, M|\n|poke|p2|Corviknight, L50, M|\n|poke|p2|Tatsugiri-Droopy, L50, M|\n|poke|p2|Dondozo, L50, M|\n|teampreview|4\n|j| Flipsicle\n|c|\u2606bronzongbroomsvgc|watch this flipsicle\n|c| Flipsicle|let's go ml1966007\n|c|\u2606bronzongbroomsvgc|stfu\n|inactive|Battle timer is ON: inactive players will automatically lose when time's up. (requested by ml1966007)\n|c|\u2606bronzongbroomsvgc|stop the goodra hate\n|c| Flipsicle|bro how are you 1457\n|c|\u2606bronzongbroomsvgc|heheheha\n|\n|t:|1681800601\n|start\n|switch|p1a: Azumarill|Azumarill, L50, F|100\/100\n|switch|p1b: Gothitelle|Gothitelle, L50, M|100\/100\n|switch|p2a: Corviknight|Corviknight, L50, M|100\/100\n|switch|p2b: Pelipper|Pelipper, L50, M|100\/100\n|-weather|RainDance|[from] ability: Drizzle|[of] p2b: Pelipper\n|turn|1\n|\n|t:|1681800620\n|-terastallize|p1a: Azumarill|Water\n|move|p1b: Gothitelle|Fake Out|p2a: Corviknight\n|-resisted|p2a: Corviknight\n|-damage|p2a: Corviknight|98\/100\n|cant|p2a: Corviknight|flinch\n|move|p2b: Pelipper|Hurricane|p1a: Azumarill\n|-damage|p1a: Azumarill|58\/100\n|move|p1a: Azumarill|Belly Drum|p1a: Azumarill\n|-damage|p1a: Azumarill|8\/100\n|-setboost|p1a: Azumarill|atk|6|[from] move: Belly Drum\n|-enditem|p1a: Azumarill|Sitrus Berry|[eat]\n|-heal|p1a: Azumarill|33\/100|[from] item: Sitrus Berry\n|\n|-weather|RainDance|[upkeep]\n|upkeep\n|turn|2\n|c| Flipsicle|i actually dont think ive played vs the goodra team yet\n|\n|t:|1681800637\n|move|p1a: Azumarill|Protect|p1a: Azumarill\n|-singleturn|p1a: Azumarill|Protect\n|move|p2a: Corviknight|Brave Bird|p1b: Gothitelle\n|-damage|p1b: Gothitelle|38\/100\n|-damage|p2a: Corviknight|81\/100|[from] item: Rocky Helmet|[of] p1b: Gothitelle\n|-damage|p2a: Corviknight|60\/100|[from] Recoil\n|move|p2b: Pelipper|Hurricane|p1a: Azumarill\n|-activate|p1a: Azumarill|move: Protect\n|move|p1b: Gothitelle|Trick Room|p1b: Gothitelle\n|-fieldstart|move: Trick Room|[of] p1b: Gothitelle\n|\n|-weather|RainDance|[upkeep]\n|upkeep\n|turn|3\n|c|\u2606bronzongbroomsvgc|I thought you did but maybe not\n|c|\u2606bronzongbroomsvgc|oh its game over\n|inactive|ml1966007 has 30 seconds left.\n|c|\u2606bronzongbroomsvgc|yikers\n|\n|t:|1681800667\n|move|p1a: Azumarill|Aqua Jet|p2a: Corviknight\n|-damage|p2a: Corviknight|0 fnt\n|faint|p2a: Corviknight\n|move|p1b: Gothitelle|Psyshock|p2b: Pelipper\n|-damage|p2b: Pelipper|69\/100\n|move|p2b: Pelipper|Hurricane|p1a: Azumarill\n|-damage|p1a: Azumarill|0 fnt\n|faint|p1a: Azumarill\n|\n|-weather|RainDance|[upkeep]\n|upkeep\n|c| Flipsicle|not really\n|c|\u2606bronzongbroomsvgc|stop it its called social engineering\n|\n|t:|1681800683\n|switch|p1a: Amoonguss|Amoonguss, L50, F|100\/100\n|switch|p2a: Dondozo|Dondozo, L50, M|100\/100\n|turn|4\n|\n|t:|1681800699\n|move|p1b: Gothitelle|Protect|p1b: Gothitelle\n|-singleturn|p1b: Gothitelle|Protect\n|move|p2a: Dondozo|Protect|p2a: Dondozo\n|-singleturn|p2a: Dondozo|Protect\n|move|p1a: Amoonguss|Spore|p2b: Pelipper\n|-status|p2b: Pelipper|slp|[from] move: Spore\n|cant|p2b: Pelipper|slp\n|\n|-weather|RainDance|[upkeep]\n|upkeep\n|turn|5\n|c| Flipsicle|bro youre so bad\n|c|\u2606bronzongbroomsvgc|yea\n|\n|t:|1681800715\n|move|p1a: Amoonguss|Spore|p2a: Dondozo\n|-status|p2a: Dondozo|slp|[from] move: Spore\n|cant|p2b: Pelipper|slp\n|move|p1b: Gothitelle|Psyshock|p2b: Pelipper\n|-damage|p2b: Pelipper|42\/100 slp\n|cant|p2a: Dondozo|slp\n|\n|-weather|RainDance|[upkeep]\n|upkeep\n|turn|6\n|j| D3vanxh\n|c|\u2606bronzongbroomsvgc|dw I still have my trump card\n|c| Flipsicle|dont tell me u replaced\n|\n|t:|1681800739\n|move|p1a: Amoonguss|Pollen Puff|p1b: Gothitelle\n|-heal|p1b: Gothitelle|88\/100\n|move|p1b: Gothitelle|Psyshock|p2b: Pelipper\n|-damage|p2b: Pelipper|12\/100 slp\n|cant|p2b: Pelipper|slp\n|cant|p2a: Dondozo|slp\n|\n|-weather|RainDance|[upkeep]\n|-fieldend|move: Trick Room\n|upkeep\n|turn|7\n|c| Flipsicle|bro why would u replace sleep talk\n|\n|t:|1681800757\n|move|p1a: Amoonguss|Protect|p1a: Amoonguss\n|-singleturn|p1a: Amoonguss|Protect\n|-curestatus|p2a: Dondozo|slp|[msg]\n|move|p2a: Dondozo|Fissure|p1a: Amoonguss\n|-activate|p1a: Amoonguss|move: Protect\n|-curestatus|p2b: Pelipper|slp|[msg]\n|move|p2b: Pelipper|Hurricane|p1b: Gothitelle\n|-damage|p1b: Gothitelle|56\/100\n|-start|p1b: Gothitelle|confusion\n|-activate|p1b: Gothitelle|confusion\n|-damage|p1b: Gothitelle|51\/100|[from] confusion\n|\n|-weather|RainDance|[upkeep]\n|upkeep\n|turn|8\n|c|\u2606bronzongbroomsvgc|you'll see\n|c|\u2606bronzongbroomsvgc|thats why\n|c| Flipsicle|._.\n|c| Flipsicle|really\n|inactive|ml1966007 has 30 seconds left.\n|c|\u2606bronzongbroomsvgc|trust\n|\n|t:|1681800788\n|move|p2a: Dondozo|Wave Crash|p1b: Gothitelle\n|-damage|p1b: Gothitelle|0 fnt\n|-damage|p2a: Dondozo|84\/100|[from] item: Rocky Helmet|[of] p1b: Gothitelle\n|faint|p1b: Gothitelle\n|-damage|p2a: Dondozo|71\/100|[from] Recoil\n|move|p2b: Pelipper|Hurricane|p1a: Amoonguss\n|-supereffective|p1a: Amoonguss\n|-damage|p1a: Amoonguss|33\/100\n|-start|p1a: Amoonguss|confusion\n|-activate|p1a: Amoonguss|confusion\n|-damage|p1a: Amoonguss|27\/100|[from] confusion\n|\n|-weather|none\n|upkeep\n|\n|t:|1681800792\n|switch|p1b: Flutter Mane|Flutter Mane, L50|100\/100\n|turn|9\n|\n|t:|1681800802\n|switch|p2b: Tatsugiri|Tatsugiri-Droopy, L50, M, shiny|100\/100\n|-activate|p2b: Tatsugiri|ability: Commander|[of] p2a: Dondozo\n|-boost|p2a: Dondozo|atk|2\n|-boost|p2a: Dondozo|spa|2\n|-boost|p2a: Dondozo|spe|2\n|-boost|p2a: Dondozo|def|2\n|-boost|p2a: Dondozo|spd|2\n|-terastallize|p2a: Dondozo|Water\n|move|p1b: Flutter Mane|Dazzling Gleam|p2a: Dondozo|[spread] p2a\n|-miss|p1b: Flutter Mane|p2b: Tatsugiri\n|-damage|p2a: Dondozo|45\/100\n|move|p2a: Dondozo|Surf|p1b: Flutter Mane|[spread] p1a,p1b\n|-miss|p2a: Dondozo|p2b: Tatsugiri\n|-resisted|p1a: Amoonguss\n|-damage|p1a: Amoonguss|0 fnt\n|-damage|p1b: Flutter Mane|30\/100\n|faint|p1a: Amoonguss\n|\n|upkeep\n|turn|10\n|c|\u2606bronzongbroomsvgc|gg\n|c|\u2606ml1966007|Gg\n|\n|t:|1681800825\n|move|p1b: Flutter Mane|Dazzling Gleam|p2b: Tatsugiri|[spread] p2a\n|-miss|p1b: Flutter Mane|p2b: Tatsugiri\n|-damage|p2a: Dondozo|18\/100\n|move|p2a: Dondozo|Fissure|p1b: Flutter Mane|[miss]\n|-miss|p2a: Dondozo|p1b: Flutter Mane\n|\n|upkeep\n|turn|11\n|c| Flipsicle|.......\n|c|\u2606bronzongbroomsvgc|nooo\n|\n|t:|1681800836\n|move|p1b: Flutter Mane|Dazzling Gleam|p2b: Tatsugiri|[spread] p2a\n|-miss|p1b: Flutter Mane|p2b: Tatsugiri\n|-damage|p2a: Dondozo|0 fnt\n|faint|p2a: Dondozo\n|\n|upkeep\n|c| Flipsicle|i hope you lose\n|\n|t:|1681800838\n|switch|p2a: Pelipper|Pelipper, L50, M|12\/100\n|-weather|RainDance|[from] ability: Drizzle|[of] p2a: Pelipper\n|turn|12\n|\n|t:|1681800844\n|move|p2b: Tatsugiri|Muddy Water|p1b: Flutter Mane|[miss]\n|-miss|p2b: Tatsugiri|p1b: Flutter Mane\n|move|p1b: Flutter Mane|Dazzling Gleam|p2b: Tatsugiri|[spread] p2a,p2b\n|-supereffective|p2b: Tatsugiri\n|-damage|p2a: Pelipper|0 fnt\n|-damage|p2b: Tatsugiri|0 fnt\n|faint|p2a: Pelipper\n|faint|p2b: Tatsugiri\n|\n|win|ml1966007\n|raw|ml1966007's rating: 1314 → 1342<\/strong> (+28 for winning)\n|raw|bronzongbroomsvgc's rating: 1451 → 1423<\/strong> (-28 for losing)\n|c|\u2606bronzongbroomsvgc|man\n|c| Flipsicle|LMAOOOO\n|c| Flipsicle|im saving this replay\n","uploadtime":1681800862,"views":7,"p1id":"ml1966007","p2id":"bronzongbroomsvgc","formatid":"gen9vgc2023regulationc","rating":1342,"private":0,"password":""}