{"id":"gen9vgc2023regulationc-1861480935","p1":"Fozmonot","p2":"chrispygreens","format":"[Gen 9] VGC 2023 Regulation C","log":"|j|\u2606Fozmonot\n|j|\u2606chrispygreens\n|t:|1683763128\n|gametype|doubles\n|player|p1|Fozmonot|2|1104\n|player|p2|chrispygreens|palmer|1000\n|teamsize|p1|6\n|teamsize|p2|6\n|gen|9\n|tier|[Gen 9] VGC 2023 Regulation C\n|rated|\n|rule|Species Clause: Limit one of each Pok\u00e9mon\n|rule|Item Clause: Limit one of each item\n|clearpoke\n|poke|p1|Ting-Lu, L50|\n|poke|p1|Flutter Mane, L50|\n|poke|p1|Amoonguss, L50, F|\n|poke|p1|Arcanine, L50, F|\n|poke|p1|Tyranitar, L50, F|\n|poke|p1|Dragonite, L50, F|\n|poke|p2|Ting-Lu, L50|\n|poke|p2|Chien-Pao, L50|\n|poke|p2|Chi-Yu, L50|\n|poke|p2|Salamence, L50, M|\n|poke|p2|Roaring Moon, L50|\n|poke|p2|Flutter Mane, L50|\n|teampreview|4\n|\n|t:|1683763178\n|start\n|switch|p1a: Ting-Lu|Ting-Lu, L50|100\/100\n|switch|p1b: Tyranitar|Tyranitar, L50, F, shiny|100\/100\n|switch|p2a: Ting-Lu|Ting-Lu, L50|100\/100\n|switch|p2b: Salamence|Salamence, L50, M|100\/100\n|-ability|p2b: Salamence|Intimidate|boost\n|-unboost|p1a: Ting-Lu|atk|1\n|-unboost|p1b: Tyranitar|atk|1\n|-weather|Sandstorm|[from] ability: Sand Stream|[of] p1b: Tyranitar\n|-ability|p2a: Ting-Lu|Vessel of Ruin\n|-ability|p1a: Ting-Lu|Vessel of Ruin\n|turn|1\n|\n|t:|1683763215\n|-terastallize|p1b: Tyranitar|Flying\n|move|p2b: Salamence|Sunny Day|p2b: Salamence\n|-weather|SunnyDay\n|move|p1b: Tyranitar|Rock Slide|p2b: Salamence|[spread] p2a,p2b\n|-resisted|p2a: Ting-Lu\n|-supereffective|p2b: Salamence\n|-damage|p2a: Ting-Lu|94\/100\n|-damage|p2b: Salamence|44\/100\n|cant|p2a: Ting-Lu|flinch\n|move|p1a: Ting-Lu|Fissure|p2a: Ting-Lu|[miss]\n|-miss|p1a: Ting-Lu|p2a: Ting-Lu\n|\n|-weather|SunnyDay|[upkeep]\n|upkeep\n|turn|2\n|\n|t:|1683763236\n|move|p2b: Salamence|Outrage|p1b: Tyranitar\n|-damage|p1b: Tyranitar|43\/100\n|move|p1b: Tyranitar|Rock Slide|p2b: Salamence|[spread] p2a,p2b\n|-resisted|p2a: Ting-Lu\n|-supereffective|p2b: Salamence\n|-damage|p2a: Ting-Lu|87\/100\n|-damage|p2b: Salamence|0 fnt\n|faint|p2b: Salamence\n|move|p2a: Ting-Lu|Ruination|p1a: Ting-Lu\n|-damage|p1a: Ting-Lu|51\/100\n|move|p1a: Ting-Lu|Fissure|p2a: Ting-Lu|[miss]\n|-miss|p1a: Ting-Lu|p2a: Ting-Lu\n|\n|-weather|SunnyDay|[upkeep]\n|upkeep\n|\n|t:|1683763249\n|switch|p2b: Chien-Pao|Chien-Pao, L50|100\/100\n|-ability|p2b: Chien-Pao|Sword of Ruin\n|turn|3\n|\n|t:|1683763286\n|move|p2b: Chien-Pao|Ice Spinner|p1b: Tyranitar\n|-supereffective|p1b: Tyranitar\n|-damage|p1b: Tyranitar|0 fnt\n|faint|p1b: Tyranitar\n|move|p2a: Ting-Lu|Ruination|p1a: Ting-Lu\n|-damage|p1a: Ting-Lu|26\/100\n|move|p1a: Ting-Lu|Heavy Slam|p2b: Chien-Pao\n|-supereffective|p2b: Chien-Pao\n|-damage|p2b: Chien-Pao|39\/100\n|\n|-weather|SunnyDay|[upkeep]\n|upkeep\n|\n|t:|1683763298\n|switch|p1b: Dragonite|Dragonite, L50, F|100\/100\n|turn|4\n|\n|t:|1683763309\n|move|p1b: Dragonite|Extreme Speed|p2b: Chien-Pao\n|-damage|p2b: Chien-Pao|0 fnt\n|faint|p2b: Chien-Pao\n|move|p2a: Ting-Lu|Ruination|p1b: Dragonite\n|-damage|p1b: Dragonite|51\/100\n|move|p1a: Ting-Lu|Fissure|p2a: Ting-Lu|[miss]\n|-miss|p1a: Ting-Lu|p2a: Ting-Lu\n|\n|-weather|SunnyDay|[upkeep]\n|upkeep\n|\n|t:|1683763318\n|switch|p2b: Flutter Mane|Flutter Mane, L50|100\/100\n|-activate|p2b: Flutter Mane|ability: Protosynthesis\n|-start|p2b: Flutter Mane|protosynthesisspe\n|turn|5\n|\n|t:|1683763336\n|move|p1b: Dragonite|Extreme Speed|p2a: Ting-Lu\n|-damage|p2a: Ting-Lu|57\/100\n|move|p2b: Flutter Mane|Dazzling Gleam|p1a: Ting-Lu|[spread] p1a,p1b\n|-supereffective|p1a: Ting-Lu\n|-supereffective|p1b: Dragonite\n|-damage|p1a: Ting-Lu|0 fnt\n|-damage|p1b: Dragonite|0 fnt\n|faint|p1a: Ting-Lu\n|faint|p1b: Dragonite\n|move|p2a: Ting-Lu|Ruination|p1: Ting-Lu|[notarget]\n|-fail|p2a: Ting-Lu\n|\n|-weather|none\n|-end|p2b: Flutter Mane|Protosynthesis\n|upkeep\n|\n|t:|1683763352\n|switch|p1b: Arcanine|Arcanine, L50, F|100\/100\n|-ability|p1b: Arcanine|Intimidate|boost\n|-unboost|p2a: Ting-Lu|atk|1\n|-unboost|p2b: Flutter Mane|atk|1\n|turn|6\n|\n|t:|1683763363\n|move|p2b: Flutter Mane|Dazzling Gleam|p1b: Arcanine\n|-resisted|p1b: Arcanine\n|-damage|p1b: Arcanine|77\/100\n|move|p1b: Arcanine|Flare Blitz|p2b: Flutter Mane\n|-damage|p2b: Flutter Mane|12\/100\n|-damage|p1b: Arcanine|52\/100|[from] Recoil\n|move|p2a: Ting-Lu|Ruination|p1b: Arcanine|[miss]\n|-miss|p2a: Ting-Lu|p1b: Arcanine\n|\n|upkeep\n|turn|7\n|\n|t:|1683763397\n|move|p2b: Flutter Mane|Dazzling Gleam|p1b: Arcanine\n|-resisted|p1b: Arcanine\n|-damage|p1b: Arcanine|29\/100\n|move|p1b: Arcanine|Flare Blitz|p2b: Flutter Mane\n|-damage|p2b: Flutter Mane|0 fnt\n|faint|p2b: Flutter Mane\n|-end|p2b: Flutter Mane|Protosynthesis|[silent]\n|-damage|p1b: Arcanine|26\/100|[from] Recoil\n|move|p2a: Ting-Lu|Earthquake|p1b: Arcanine\n|-supereffective|p1b: Arcanine\n|-damage|p1b: Arcanine|0 fnt\n|faint|p1b: Arcanine\n|\n|win|chrispygreens\n|raw|Fozmonot's rating: 1104 → 1072<\/strong> (-32 for losing)\n|raw|chrispygreens's rating: 1000 → 1052<\/strong> (+52 for winning)\n|l|\u2606Fozmonot\n","uploadtime":1683763412,"views":5,"p1id":"fozmonot","p2id":"chrispygreens","formatid":"gen9vgc2023regulationc","rating":1052,"private":0,"password":""}