{"id":"gen9vgc2023regulationc-1862131078","p1":"DuelLuna","p2":"Fairy Juice Jay","format":"[Gen 9] VGC 2023 Regulation C","log":"|j|\u2606DuelLuna\n|j|\u2606Fairy Juice Jay\n|t:|1683840257\n|gametype|doubles\n|player|p1|DuelLuna|caitlin|\n|player|p2|Fairy Juice Jay|266|\n|teamsize|p1|6\n|teamsize|p2|6\n|gen|9\n|tier|[Gen 9] VGC 2023 Regulation C\n|rule|Species Clause: Limit one of each Pok\u00e9mon\n|rule|Item Clause: Limit one of each item\n|clearpoke\n|poke|p1|Salamence, L50, M|\n|poke|p1|Sandy Shocks, L50|\n|poke|p1|Houndstone, L50, F|\n|poke|p1|Iron Moth, L50|\n|poke|p1|Bellibolt, L50, F|\n|poke|p1|Morgrem, L50, M|\n|poke|p2|Baxcalibur, L50, F|\n|poke|p2|Staraptor, L50, F|\n|poke|p2|Great Tusk, L50|\n|poke|p2|Floatzel, L50, M|\n|poke|p2|Klefki, L50, M|\n|poke|p2|Kilowattrel, L50, F|\n|teampreview|4\nFairy Juice Jay rejected open team sheets.\n|c|\u2606DuelLuna|hf\n|\n|t:|1683840308\n|start\n|switch|p1a: Bellibolt|Bellibolt, L50, F|100\/100\n|switch|p1b: Morgrem|Morgrem, L50, M|100\/100\n|switch|p2a: Klefki|Klefki, L50, M|100\/100\n|switch|p2b: Kilowattrel|Kilowattrel, L50, F|100\/100\n|turn|1\n|\n|t:|1683840330\n|move|p2a: Klefki|Rain Dance|p2a: Klefki\n|-weather|RainDance\n|move|p1b: Morgrem|Fake Tears|p2a: Klefki\n|-unboost|p2a: Klefki|spd|2\n|move|p2b: Kilowattrel|Hurricane|p1b: Morgrem\n|-damage|p1b: Morgrem|27\/100\n|-start|p1b: Morgrem|confusion\n|move|p1a: Bellibolt|Thunderbolt|p2a: Klefki\n|-damage|p2a: Klefki|0 fnt\n|faint|p2a: Klefki\n|\n|-weather|RainDance|[upkeep]\n|upkeep\n|\n|t:|1683840340\n|switch|p2a: Trogonth|Great Tusk, L50|100\/100\n|turn|2\n|\n|t:|1683840351\n|-terastallize|p1a: Bellibolt|Fairy\n|-activate|p1b: Morgrem|confusion\n|-damage|p1b: Morgrem|20\/100|[from] confusion\n|move|p2b: Kilowattrel|Hurricane|p1a: Bellibolt\n|-damage|p1a: Bellibolt|49\/100\n|-start|p1a: Bellibolt|Charge|Hurricane|[from] ability: Electromorphosis\n|-enditem|p1a: Bellibolt|Sitrus Berry|[eat]\n|-heal|p1a: Bellibolt|74\/100|[from] item: Sitrus Berry\n|move|p2a: Trogonth|Earthquake|p1b: Morgrem|[spread] p1a,p1b\n|-immune|p2b: Kilowattrel\n|-damage|p1a: Bellibolt|40\/100\n|-damage|p1b: Morgrem|0 fnt\n|-start|p1a: Bellibolt|Charge|Earthquake|[from] ability: Electromorphosis\n|faint|p1b: Morgrem\n|move|p1a: Bellibolt|Tera Blast|p2a: Trogonth\n|-supereffective|p2a: Trogonth\n|-enditem|p2a: Trogonth|Focus Sash\n|-damage|p2a: Trogonth|1\/100\n|\n|-weather|RainDance|[upkeep]\n|upkeep\n|\n|t:|1683840371\n|switch|p1b: Houndstone|Houndstone, L50, F|100\/100\n|turn|3\n|\n|t:|1683840391\n|move|p1b: Houndstone|Protect|p1b: Houndstone\n|-singleturn|p1b: Houndstone|Protect\n|move|p2b: Kilowattrel|Hurricane|p1b: Houndstone\n|-activate|p1b: Houndstone|move: Protect\n|move|p2a: Trogonth|Headlong Rush|p1a: Bellibolt\n|-damage|p1a: Bellibolt|0 fnt\n|-unboost|p2a: Trogonth|def|1\n|-unboost|p2a: Trogonth|spd|1\n|faint|p1a: Bellibolt\n|\n|-weather|RainDance|[upkeep]\n|upkeep\n|\n|t:|1683840395\n|switch|p1a: Iron Moth|Iron Moth, L50|100\/100\n|turn|4\n|\n|t:|1683840414\n|move|p2a: Trogonth|Protect|p2a: Trogonth\n|-singleturn|p2a: Trogonth|Protect\n|move|p1b: Houndstone|Shadow Sneak|p2a: Trogonth\n|-activate|p2a: Trogonth|move: Protect\n|move|p2b: Kilowattrel|Hurricane|p1b: Houndstone\n|-damage|p1b: Houndstone|49\/100\n|move|p1a: Iron Moth|Heat Wave|p2b: Kilowattrel|[spread] p2b\n|-activate|p2a: Trogonth|move: Protect\n|-damage|p2b: Kilowattrel|47\/100\n|\n|-weather|RainDance|[upkeep]\n|-heal|p1b: Houndstone|56\/100|[from] item: Leftovers\n|upkeep\n|turn|5\n|\n|t:|1683840427\n|move|p1b: Houndstone|Protect|p1b: Houndstone\n|-singleturn|p1b: Houndstone|Protect\n|move|p2b: Kilowattrel|Hurricane|p1b: Houndstone\n|-activate|p1b: Houndstone|move: Protect\n|move|p1a: Iron Moth|Heat Wave|p2a: Trogonth|[spread] p2b\n|-miss|p1a: Iron Moth|p2a: Trogonth\n|-damage|p2b: Kilowattrel|0 fnt\n|faint|p2b: Kilowattrel\n|move|p2a: Trogonth|Earthquake|p1a: Iron Moth|[spread] p1a\n|-activate|p1b: Houndstone|move: Protect\n|-supereffective|p1a: Iron Moth\n|-damage|p1a: Iron Moth|0 fnt\n|faint|p1a: Iron Moth\n|-end|p1a: Iron Moth|Quark Drive|[silent]\n|\n|-weather|none\n|-heal|p1b: Houndstone|62\/100|[from] item: Leftovers\n|upkeep\n|\n|t:|1683840430\n|switch|p2b: Floatzel|Floatzel, L50, M|100\/100\n|turn|6\n|\n|t:|1683840444\n|move|p2b: Floatzel|Wave Crash|p1b: Houndstone\n|-damage|p1b: Houndstone|26\/100\n|-damage|p2b: Floatzel|88\/100|[from] Recoil\n|-damage|p2b: Floatzel|78\/100|[from] item: Life Orb\n|move|p2a: Trogonth|Headlong Rush|p1b: Houndstone\n|-damage|p1b: Houndstone|0 fnt\n|-unboost|p2a: Trogonth|def|1\n|-unboost|p2a: Trogonth|spd|1\n|faint|p1b: Houndstone\n|\n|win|Fairy Juice Jay\n|c|\u2606DuelLuna|gg\n|c|\u2606Fairy Juice Jay|GG\n|c|\u2606DuelLuna|feel like that was more due to hax then a tough mu\n|c|\u2606DuelLuna|I should probably change around the salamence and shocks sets though maybe\n|c|\u2606DuelLuna|lefties on houndstone feels really good\n|l|\u2606Fairy Juice Jay\n|j|\u2606Fairy Juice Jay\n|player|p2|Fairy Juice Jay|266\n|l|\u2606Fairy Juice Jay\n|player|p2|\n","uploadtime":1683842220,"views":7,"p1id":"duelluna","p2id":"fairyjuicejay","formatid":"gen9vgc2023regulationc","rating":0,"private":0,"password":""}