{"id":"gen9vgc2023regulationc-1845562827","p1":"Raceto1700s","p2":"nik holo","format":"[Gen 9] VGC 2023 Regulation C","log":"|j|\u2606Raceto1700s\n|j|\u2606nik holo\n|t:|1681745277\n|gametype|doubles\n|player|p1|Raceto1700s|pokekid|\n|player|p2|nik holo|170|\n|teamsize|p1|6\n|teamsize|p2|6\n|gen|9\n|tier|[Gen 9] VGC 2023 Regulation C\n|rated|Tournament battle\n|rule|Species Clause: Limit one of each Pok\u00e9mon\n|rule|Item Clause: Limit one of each item\n|clearpoke\n|poke|p1|Maushold, L50|\n|poke|p1|Annihilape, L50, F|\n|poke|p1|Roaring Moon, L50|\n|poke|p1|Ting-Lu, L50|\n|poke|p1|Amoonguss, L50, F|\n|poke|p1|Arcanine, L50, F|\n|poke|p2|Chi-Yu, L50|\n|poke|p2|Flutter Mane, L50|\n|poke|p2|Garganacl, L50, M|\n|poke|p2|Glimmora, L50, F|\n|poke|p2|Iron Bundle, L50|\n|poke|p2|Wo-Chien, L50|\n|teampreview|4\n|raw| Open Team Sheet for Raceto1700s<\/summary>Maushold @ Safety Goggles Ability: Friend Guard Level: 50 Tera Type: Fairy - Beat Up - Follow Me - Super Fang - Protect Annihilape @ Leftovers Ability: Vital Spirit Level: 50 Tera Type: Poison - Drain Punch - Rage Fist - Bulk Up - Protect Roaring Moon @ Booster Energy Ability: Protosynthesis Level: 50 Tera Type: Flying - Acrobatics - Breaking Swipe - Tailwind - Protect Ting-Lu @ Assault Vest Ability: Vessel of Ruin Level: 50 Tera Type: Water - Stomping Tantrum - Heavy Slam - Rock Slide - Snarl Amoonguss @ Wiki Berry Ability: Regenerator Level: 50 Tera Type: Water - Pollen Puff - Rage Powder - Spore - Giga Drain Arcanine @ Sitrus Berry Ability: Intimidate Level: 50 Tera Type: Grass - Flare Blitz - Extreme Speed - Howl - Will-O-Wisp <\/details><\/div> Open Team Sheet for nik holo<\/summary>Chi-Yu @ Choice Scarf Ability: Beads of Ruin Level: 50 Tera Type: Grass - Heat Wave - Dark Pulse - Overheat - Snarl Flutter Mane @ Focus Sash Ability: Protosynthesis Level: 50 Tera Type: Fairy - Protect - Moonblast - Shadow Ball - Taunt Garganacl @ Sitrus Berry Ability: Purifying Salt Level: 50 Tera Type: Flying - Protect - Salt Cure - Recover - Wide Guard Glimmora @ Assault Vest Ability: Toxic Debris Level: 50 Tera Type: Steel - Power Gem - Flash Cannon - Earth Power - Mortal Spin Iron Bundle @ Booster Energy Ability: Quark Drive Level: 50 Tera Type: Ice - Protect - Hydro Pump - Freeze-Dry - Icy Wind Wo-Chien @ Leftovers Ability: Tablets of Ruin Level: 50 Tera Type: Water - Protect - Knock Off - Ruination - Leech Seed <\/details><\/div>\n|j| RiotJuice\n|j| LasermanZ111\n|j|%Bright Size\n|c|\u2606Raceto1700s|gl\n|c|\u2606nik holo|glhf\n|j| Bakonlikescufant\n|l| Bakonlikescufant\n|j| kiyonamivgc\n|j| FunneeMonkee\n|\n|t:|1681745391\n|start\n|switch|p1a: Ting-Lu|Ting-Lu, L50|100\/100\n|switch|p1b: Arcanine|Arcanine, L50, F|100\/100\n|switch|p2a: Chi-Yu|Chi-Yu, L50|100\/100\n|switch|p2b: Glimmora|Glimmora, L50, F|100\/100\n|-ability|p2a: Chi-Yu|Beads of Ruin\n|-ability|p1b: Arcanine|Intimidate|boost\n|-unboost|p2a: Chi-Yu|atk|1\n|-unboost|p2b: Glimmora|atk|1\n|-ability|p1a: Ting-Lu|Vessel of Ruin\n|turn|1\n|\n|t:|1681745404\n|move|p2a: Chi-Yu|Dark Pulse|p1b: Arcanine\n|-damage|p1b: Arcanine|51\/100\n|move|p1b: Arcanine|Flare Blitz|p2b: Glimmora\n|-resisted|p2b: Glimmora\n|-damage|p2b: Glimmora|75\/100\n|-activate|p2b: Glimmora|ability: Toxic Debris\n|-sidestart|p1: Raceto1700s|move: Toxic Spikes\n|-damage|p1b: Arcanine|43\/100|[from] Recoil\n|-enditem|p1b: Arcanine|Sitrus Berry|[eat]\n|-heal|p1b: Arcanine|68\/100|[from] item: Sitrus Berry\n|move|p2b: Glimmora|Mortal Spin|p1b: Arcanine|[spread] p1a,p1b\n|-resisted|p1a: Ting-Lu\n|-crit|p1b: Arcanine\n|-damage|p1a: Ting-Lu|99\/100\n|-damage|p1b: Arcanine|61\/100\n|-status|p1a: Ting-Lu|psn\n|-status|p1b: Arcanine|psn\n|move|p1a: Ting-Lu|Stomping Tantrum|p2b: Glimmora\n|-supereffective|p2b: Glimmora\n|-damage|p2b: Glimmora|0 fnt\n|-activate|p2b: Glimmora|ability: Toxic Debris\n|-sidestart|p1: Raceto1700s|move: Toxic Spikes\n|faint|p2b: Glimmora\n|\n|-damage|p1b: Arcanine|49\/100 psn|[from] psn\n|-damage|p1a: Ting-Lu|87\/100 psn|[from] psn\n|upkeep\n|\n|t:|1681745425\n|switch|p2b: Wo-Chien|Wo-Chien, L50|100\/100\n|-ability|p2b: Wo-Chien|Tablets of Ruin\n|turn|2\n|\n|t:|1681745438\n|switch|p1b: Amoonguss|Amoonguss, L50, F|100\/100\n|-sideend|p1: Raceto1700s|move: Toxic Spikes|[of] p1b: Amoonguss\n|move|p2a: Chi-Yu|Dark Pulse|p1b: Amoonguss\n|-damage|p1b: Amoonguss|60\/100\n|move|p2b: Wo-Chien|Leech Seed|p1a: Ting-Lu\n|-start|p1a: Ting-Lu|move: Leech Seed\n|move|p1a: Ting-Lu|Stomping Tantrum|p2a: Chi-Yu\n|-supereffective|p2a: Chi-Yu\n|-damage|p2a: Chi-Yu|23\/100\n|\n|-damage|p1a: Ting-Lu|75\/100 psn|[from] Leech Seed|[of] p2b: Wo-Chien\n|-damage|p1a: Ting-Lu|62\/100 psn|[from] psn\n|upkeep\n|turn|3\n|\n|t:|1681745455\n|switch|p1a: Arcanine|Arcanine, L50, F|49\/100 psn\n|-ability|p1a: Arcanine|Intimidate|boost\n|-unboost|p2a: Chi-Yu|atk|1\n|-unboost|p2b: Wo-Chien|atk|1\n|move|p2a: Chi-Yu|Dark Pulse|p1b: Amoonguss\n|-damage|p1b: Amoonguss|11\/100\n|-enditem|p1b: Amoonguss|Wiki Berry|[eat]\n|-heal|p1b: Amoonguss|44\/100|[from] item: Wiki Berry\n|move|p2b: Wo-Chien|Ruination|p1a: Arcanine\n|-damage|p1a: Arcanine|25\/100 psn\n|cant|p1b: Amoonguss|flinch\n|\n|-damage|p1a: Arcanine|13\/100 psn|[from] psn\n|upkeep\n|turn|4\n|\n|t:|1681745484\n|move|p2a: Chi-Yu|Dark Pulse|p1b: Amoonguss\n|-damage|p1b: Amoonguss|0 fnt\n|faint|p1b: Amoonguss\n|move|p1a: Arcanine|Flare Blitz|p2a: Chi-Yu\n|-resisted|p2a: Chi-Yu\n|-damage|p2a: Chi-Yu|0 fnt\n|faint|p2a: Chi-Yu\n|-damage|p1a: Arcanine|8\/100 psn|[from] Recoil\n|move|p2b: Wo-Chien|Knock Off|p1a: Arcanine\n|-damage|p1a: Arcanine|0 fnt\n|faint|p1a: Arcanine\n|\n|upkeep\n|\n|t:|1681745497\n|switch|p2a: Garganacl|Garganacl, L50, M|100\/100\n|switch|p1a: Ting-Lu|Ting-Lu, L50|62\/100 psn\n|switch|p1b: Annihilape|Annihilape, L50, F|100\/100\n|-ability|p1a: Ting-Lu|Vessel of Ruin\n|turn|5\n|inactive|Battle timer is ON: inactive players will automatically lose when time's up. (requested by nik holo)\n|inactive|Raceto1700s has 60 seconds left.\n|\n|t:|1681745600\n|-terastallize|p2a: Garganacl|Flying\n|move|p1b: Annihilape|Bulk Up|p1b: Annihilape\n|-boost|p1b: Annihilape|atk|1\n|-boost|p1b: Annihilape|def|1\n|move|p2b: Wo-Chien|Leech Seed|p1b: Annihilape\n|-start|p1b: Annihilape|move: Leech Seed\n|move|p1a: Ting-Lu|Stomping Tantrum|p2a: Garganacl\n|-immune|p2a: Garganacl\n|move|p2a: Garganacl|Salt Cure|p1b: Annihilape\n|-resisted|p1b: Annihilape\n|-damage|p1b: Annihilape|98\/100\n|-start|p1b: Annihilape|Salt Cure\n|\n|-heal|p1b: Annihilape|100\/100|[from] item: Leftovers\n|-damage|p1b: Annihilape|88\/100|[from] Leech Seed|[of] p2b: Wo-Chien\n|-damage|p1a: Ting-Lu|50\/100 psn|[from] psn\n|-damage|p1b: Annihilape|76\/100|[from] Salt Cure\n|upkeep\n|turn|6\n|\n|t:|1681745623\n|move|p1b: Annihilape|Drain Punch|p2b: Wo-Chien\n|-supereffective|p2b: Wo-Chien\n|-damage|p2b: Wo-Chien|34\/100\n|-heal|p1b: Annihilape|100\/100|[from] drain|[of] p2b: Wo-Chien\n|move|p2b: Wo-Chien|Knock Off|p1b: Annihilape\n|-damage|p1b: Annihilape|87\/100\n|-enditem|p1b: Annihilape|Leftovers|[from] move: Knock Off|[of] p2b: Wo-Chien\n|move|p1a: Ting-Lu|Rock Slide|p2a: Garganacl|[spread] p2a,p2b\n|-supereffective|p2a: Garganacl\n|-damage|p2a: Garganacl|85\/100\n|-damage|p2b: Wo-Chien|23\/100\n|cant|p2a: Garganacl|flinch\n|\n|-heal|p2b: Wo-Chien|29\/100|[from] item: Leftovers\n|-damage|p1b: Annihilape|75\/100|[from] Leech Seed|[of] p2b: Wo-Chien\n|-heal|p2b: Wo-Chien|43\/100|[silent]\n|-damage|p1a: Ting-Lu|37\/100 psn|[from] psn\n|-damage|p1b: Annihilape|62\/100|[from] Salt Cure\n|upkeep\n|turn|7\n|inactive|Raceto1700s has 30 seconds left.\n|inactive|Raceto1700s has 20 seconds left.\n|inactive|Raceto1700s has 15 seconds left.\n|inactive|Raceto1700s has 10 seconds left.\n|\n|t:|1681745672\n|move|p2b: Wo-Chien|Protect|p2b: Wo-Chien\n|-singleturn|p2b: Wo-Chien|Protect\n|move|p2a: Garganacl|Protect|p2a: Garganacl\n|-singleturn|p2a: Garganacl|Protect\n|move|p1b: Annihilape|Bulk Up|p1b: Annihilape\n|-boost|p1b: Annihilape|atk|1\n|-boost|p1b: Annihilape|def|1\n|move|p1a: Ting-Lu|Rock Slide|p2a: Garganacl|[spread] \n|-activate|p2a: Garganacl|move: Protect\n|-activate|p2b: Wo-Chien|move: Protect\n|\n|-heal|p2b: Wo-Chien|49\/100|[from] item: Leftovers\n|-damage|p1b: Annihilape|50\/100|[from] Leech Seed|[of] p2b: Wo-Chien\n|-heal|p2b: Wo-Chien|62\/100|[silent]\n|-damage|p1a: Ting-Lu|25\/100 psn|[from] psn\n|-damage|p1b: Annihilape|38\/100|[from] Salt Cure\n|upkeep\n|turn|8\n|inactive|nik holo has 30 seconds left.\n|inactive|nik holo has 20 seconds left.\n|inactive|nik holo has 15 seconds left.\n|\n|t:|1681745717\n|move|p1b: Annihilape|Drain Punch|p2b: Wo-Chien\n|-supereffective|p2b: Wo-Chien\n|-damage|p2b: Wo-Chien|0 fnt\n|-heal|p1b: Annihilape|66\/100|[from] drain|[of] p2b: Wo-Chien\n|faint|p2b: Wo-Chien\n|move|p1a: Ting-Lu|Rock Slide|p2a: Garganacl\n|-supereffective|p2a: Garganacl\n|-damage|p2a: Garganacl|56\/100\n|cant|p2a: Garganacl|flinch\n|\n|-damage|p1a: Ting-Lu|12\/100 psn|[from] psn\n|-damage|p1b: Annihilape|54\/100|[from] Salt Cure\n|upkeep\n|turn|9\n|j| ROBERT5239423942\n|inactive|Raceto1700s has 30 seconds left.\n|\n|t:|1681745745\n|move|p1b: Annihilape|Bulk Up|p1b: Annihilape\n|-boost|p1b: Annihilape|atk|1\n|-boost|p1b: Annihilape|def|1\n|move|p1a: Ting-Lu|Stomping Tantrum|p1b: Annihilape\n|-damage|p1b: Annihilape|40\/100\n|move|p2a: Garganacl|Recover|p2a: Garganacl\n|-heal|p2a: Garganacl|100\/100\n|\n|-damage|p1a: Ting-Lu|0 fnt|[from] psn\n|faint|p1a: Ting-Lu\n|-damage|p1b: Annihilape|27\/100|[from] Salt Cure\n|upkeep\n|turn|10\n|\n|t:|1681745757\n|move|p2a: Garganacl|Protect|p2a: Garganacl\n|-singleturn|p2a: Garganacl|Protect\n|move|p1b: Annihilape|Rage Fist|p2a: Garganacl\n|-activate|p2a: Garganacl|move: Protect\n|\n|-damage|p1b: Annihilape|15\/100|[from] Salt Cure\n|upkeep\n|turn|11\n|\n|t:|1681745767\n|move|p1b: Annihilape|Rage Fist|p2a: Garganacl\n|-damage|p2a: Garganacl|31\/100\n|-enditem|p2a: Garganacl|Sitrus Berry|[eat]\n|-heal|p2a: Garganacl|55\/100|[from] item: Sitrus Berry\n|move|p2a: Garganacl|Salt Cure|p1b: Annihilape\n|-resisted|p1b: Annihilape\n|-damage|p1b: Annihilape|12\/100\n|\n|-damage|p1b: Annihilape|0 fnt|[from] Salt Cure\n|faint|p1b: Annihilape\n|\n|win|nik holo\n|upkeep\n|n|\u2606Raceto1700s|raceto1700s\n|n|\u2606nik holo|nikholo\n|n| RiotJuice|riotjuice\n|n| LasermanZ111|lasermanz111\n|n| Bright Size|brightsize\n|n| kiyonamivgc|kiyonamivgc\n|n| FunneeMonkee|funneemonkee\n|n| ROBERT5239423942|robert5239423942\n|l| kiyonamivgc\n|l| ROBERT5239423942\n|c|\u2606Raceto1700s|gg\n|l| RiotJuice\n|c|\u2606nik holo|gg\n|l| LasermanZ111\n|l|\u2606nik holo\n|l| Bright Size\n","uploadtime":1681745768,"views":12,"p1id":"raceto1700s","p2id":"nikholo","formatid":"gen9vgc2023regulationc","rating":0,"private":0,"password":""}