{"id":"gen9vgc2023regulationc-1846700374","p1":"Ace Trainer Lego","p2":"Atomic duck","format":"[Gen 9] VGC 2023 Regulation C","log":"|j|\u2606Ace Trainer Lego\n|j|\u2606Atomic duck\n|t:|1681867493\n|gametype|doubles\n|player|p1|Ace Trainer Lego|miriam|\n|player|p2|Atomic duck|170|\n|teamsize|p1|6\n|teamsize|p2|6\n|gen|9\n|tier|[Gen 9] VGC 2023 Regulation C\n|rule|Species Clause: Limit one of each Pok\u00e9mon\n|rule|Item Clause: Limit one of each item\n|clearpoke\n|poke|p1|Chi-Yu, L50|\n|poke|p1|Stonjourner, L50, F|\n|poke|p1|Dachsbun, L50, M|\n|poke|p1|Ceruledge, L50, M|\n|poke|p1|Baxcalibur, L50, M|\n|poke|p1|Roaring Moon, L50|\n|poke|p2|Amoonguss, L50, M|\n|poke|p2|Arcanine, L50, F|\n|poke|p2|Ting-Lu, L50|\n|poke|p2|Flutter Mane, L50|\n|poke|p2|Palafin, L50, M|\n|poke|p2|Baxcalibur, L50, F|\n|teampreview|4\nAtomic duck has agreed to open team sheets.\nAce Trainer Lego has agreed to open team sheets.\n|\n|t:|1681867599\n|start\n|switch|p1a: GGGSK|Baxcalibur, L50, M|100\/100\n|switch|p1b: Rawr|Roaring Moon, L50|100\/100\n|switch|p2a: Ting-Lu|Ting-Lu, L50|100\/100\n|switch|p2b: Palafin|Palafin, L50, M|100\/100\n|-ability|p2a: Ting-Lu|Vessel of Ruin\n|-enditem|p1b: Rawr|Booster Energy\n|-activate|p1b: Rawr|ability: Protosynthesis|[fromitem]\n|-start|p1b: Rawr|protosynthesisatk\n|turn|1\n|\n|t:|1681867721\n|detailschange|p2b: Palafin|Palafin-Hero, L50, M\n|switch|p2b: Arcanine|Arcanine, L50, F|100\/100\n|-ability|p2b: Arcanine|Intimidate|boost\n|-unboost|p1a: GGGSK|atk|1\n|-unboost|p1b: Rawr|atk|1\n|move|p1b: Rawr|Breaking Swipe|p2a: Ting-Lu|[spread] p2a,p2b\n|-damage|p2a: Ting-Lu|91\/100\n|-damage|p2b: Arcanine|82\/100\n|-unboost|p2a: Ting-Lu|atk|1\n|-unboost|p2b: Arcanine|atk|1\n|move|p1a: GGGSK|Iron Head|p2a: Ting-Lu\n|-damage|p2a: Ting-Lu|79\/100\n|move|p2a: Ting-Lu|Ruination|p1a: GGGSK\n|-damage|p1a: GGGSK|50\/100\n|\n|upkeep\n|turn|2\n|\n|t:|1681867760\n|move|p1b: Rawr|Tailwind|p1b: Rawr\n|-sidestart|p1: Ace Trainer Lego|move: Tailwind\n|move|p1a: GGGSK|Icicle Crash|p2a: Ting-Lu\n|-supereffective|p2a: Ting-Lu\n|-damage|p2a: Ting-Lu|37\/100\n|move|p2b: Arcanine|Will-O-Wisp|p1b: Rawr\n|-status|p1b: Rawr|brn\n|move|p2a: Ting-Lu|Ruination|p1b: Rawr\n|-damage|p1b: Rawr|50\/100 brn\n|\n|-damage|p1b: Rawr|44\/100 brn|[from] brn\n|upkeep\n|turn|3\n|\n|t:|1681867863\n|switch|p2a: Palafin|Palafin-Hero, L50, M|100\/100\n|-activate|p2a: Palafin|ability: Zero to Hero\n|move|p2b: Arcanine|Extreme Speed|p1b: Rawr\n|-damage|p1b: Rawr|30\/100 brn\n|move|p1b: Rawr|Breaking Swipe|p2a: Palafin|[spread] p2a,p2b\n|-damage|p2a: Palafin|91\/100\n|-damage|p2b: Arcanine|74\/100\n|-unboost|p2a: Palafin|atk|1\n|-unboost|p2b: Arcanine|atk|1\n|move|p1a: GGGSK|Glaive Rush|p2a: Palafin\n|-damage|p2a: Palafin|49\/100\n|-singlemove|p1a: GGGSK|Glaive Rush|[silent]\n|\n|-damage|p1b: Rawr|24\/100 brn|[from] brn\n|upkeep\n|turn|4\n|\n|t:|1681867915\n|-terastallize|p2a: Palafin|Water\n|move|p2b: Arcanine|Extreme Speed|p1a: GGGSK\n|-damage|p1a: GGGSK|34\/100\n|move|p1a: GGGSK|Ice Shard|p2a: Palafin\n|-resisted|p2a: Palafin\n|-damage|p2a: Palafin|41\/100\n|move|p2a: Palafin|Jet Punch|p1b: Rawr\n|-resisted|p1b: Rawr\n|-damage|p1b: Rawr|2\/100 brn\n|move|p1b: Rawr|Breaking Swipe|p2b: Arcanine|[spread] p2a,p2b\n|-damage|p2a: Palafin|34\/100\n|-damage|p2b: Arcanine|64\/100\n|-unboost|p2a: Palafin|atk|1\n|-unboost|p2b: Arcanine|atk|1\n|\n|-damage|p1b: Rawr|0 fnt|[from] brn\n|faint|p1b: Rawr\n|-end|p1b: Rawr|Protosynthesis|[silent]\n|upkeep\n|\n|t:|1681867938\n|switch|p1b: Blub|Chi-Yu, L50|100\/100\n|-ability|p1b: Blub|Beads of Ruin\n|turn|5\n|\n|t:|1681867995\n|switch|p2a: Ting-Lu|Ting-Lu, L50|37\/100\n|-ability|p2a: Ting-Lu|Vessel of Ruin\n|-terastallize|p1b: Blub|Grass\n|move|p2b: Arcanine|Protect|p2b: Arcanine\n|-singleturn|p2b: Arcanine|Protect\n|move|p1b: Blub|Lava Plume|p2a: Ting-Lu|[spread] p1a,p2a\n|-activate|p2b: Arcanine|move: Protect\n|-damage|p1a: GGGSK|16\/100\n|-damage|p2a: Ting-Lu|20\/100\n|-ability|p1a: GGGSK|Thermal Exchange|boost\n|-boost|p1a: GGGSK|atk|1\n|move|p1a: GGGSK|Glaive Rush|p2a: Ting-Lu\n|-damage|p2a: Ting-Lu|0 fnt\n|-singlemove|p1a: GGGSK|Glaive Rush|[silent]\n|faint|p2a: Ting-Lu\n|\n|-sideend|p1: Ace Trainer Lego|move: Tailwind\n|upkeep\n|\n|t:|1681868018\n|switch|p2a: Flutter Mane|Flutter Mane, L50|100\/100\n|turn|6\n|\n|t:|1681868046\n|move|p2a: Flutter Mane|Protect|p2a: Flutter Mane\n|-singleturn|p2a: Flutter Mane|Protect\n|move|p2b: Arcanine|Extreme Speed|p1a: GGGSK\n|-damage|p1a: GGGSK|3\/100\n|move|p1a: GGGSK|Ice Shard|p2a: Flutter Mane\n|-activate|p2a: Flutter Mane|move: Protect\n|move|p1b: Blub|Lava Plume|p2a: Flutter Mane|[spread] p1a,p2b\n|-activate|p2a: Flutter Mane|move: Protect\n|-resisted|p2b: Arcanine\n|-damage|p1a: GGGSK|0 fnt\n|-damage|p2b: Arcanine|45\/100\n|faint|p1a: GGGSK\n|\n|upkeep\n|\n|t:|1681868049\n|switch|p1a: Shing|Ceruledge, L50, M|100\/100\n|turn|7\n|\n|t:|1681868146\n|move|p1a: Shing|Shadow Sneak|p2a: Flutter Mane\n|-supereffective|p2a: Flutter Mane\n|-damage|p2a: Flutter Mane|2\/100\n|move|p1b: Blub|Lava Plume|p2b: Arcanine|[spread] p2a,p2b\n|-start|p1a: Shing|ability: Flash Fire\n|-resisted|p2b: Arcanine\n|-damage|p2a: Flutter Mane|0 fnt\n|-damage|p2b: Arcanine|26\/100\n|faint|p2a: Flutter Mane\n|-end|p2a: Flutter Mane|Protosynthesis|[silent]\n|move|p2b: Arcanine|Flare Blitz|p1b: Blub\n|-supereffective|p1b: Blub\n|-damage|p1b: Blub|35\/100\n|-damage|p2b: Arcanine|12\/100|[from] Recoil\n|\n|upkeep\n|\n|t:|1681868158\n|switch|p2a: Palafin|Palafin-Hero, L50, M, tera:Water|34\/100\n|turn|8\n|\n|t:|1681868220\n|move|p2a: Palafin|Protect|p2a: Palafin\n|-singleturn|p2a: Palafin|Protect\n|move|p1a: Shing|Protect|p1a: Shing\n|-singleturn|p1a: Shing|Protect\n|move|p2b: Arcanine|Extreme Speed|p1b: Blub\n|-damage|p1b: Blub|22\/100\n|move|p1b: Blub|Lava Plume|p2b: Arcanine|[spread] p2b\n|-activate|p1a: Shing|move: Protect\n|-activate|p2a: Palafin|move: Protect\n|-resisted|p2b: Arcanine\n|-crit|p2b: Arcanine\n|-damage|p2b: Arcanine|0 fnt\n|faint|p2b: Arcanine\n|\n|upkeep\n|turn|9\n|\n|t:|1681868277\n|move|p2a: Palafin|Jet Punch|p1a: Shing\n|-supereffective|p1a: Shing\n|-damage|p1a: Shing|0 fnt\n|faint|p1a: Shing\n|move|p1b: Blub|Lava Plume|p2a: Palafin\n|-resisted|p2a: Palafin\n|-damage|p2a: Palafin|5\/100\n|\n|upkeep\n|turn|10\n|\n|t:|1681868287\n|move|p2a: Palafin|Jet Punch|p1b: Blub\n|-resisted|p1b: Blub\n|-damage|p1b: Blub|0 fnt\n|faint|p1b: Blub\n|\n|win|Atomic duck\n|c|\u2606Atomic duck|gg\n|c|\u2606Atomic duck|literally the closest game\n|c|\u2606Ace Trainer Lego|ggs\n|c|\u2606Ace Trainer Lego|yeah\n","uploadtime":1681868312,"views":8,"p1id":"acetrainerlego","p2id":"atomicduck","formatid":"gen9vgc2023regulationc","rating":0,"private":0,"password":""}