{"id":"gen9vgc2023regulationc-1864378336","p1":"JK_Jirachi","p2":"GetDududunsparced","format":"[Gen 9] VGC 2023 Regulation C","log":"|j|\u2606JK_Jirachi\n|j|\u2606GetDududunsparced\n|t:|1684161166\n|gametype|doubles\n|player|p1|JK_Jirachi|rosa|1139\n|player|p2|GetDududunsparced|cynthia|1093\n|teamsize|p1|6\n|teamsize|p2|6\n|gen|9\n|tier|[Gen 9] VGC 2023 Regulation C\n|rated|\n|rule|Species Clause: Limit one of each Pok\u00e9mon\n|rule|Item Clause: Limit one of each item\n|clearpoke\n|poke|p1|Chi-Yu, L50|\n|poke|p1|Flutter Mane, L50|\n|poke|p1|Tatsugiri-Droopy, L50, M|\n|poke|p1|Iron Valiant, L50|\n|poke|p1|Indeedee-F, L50, F|\n|poke|p1|Armarouge, L50, F|\n|poke|p2|Dudunsparce-*, L50, M|\n|poke|p2|Oranguru, L50, F|\n|poke|p2|Iron Hands, L50|\n|poke|p2|Bronzong, L50|\n|poke|p2|Torkoal, L50, F|\n|poke|p2|Ting-Lu, L50|\n|teampreview|4\nJK_Jirachi has agreed to open team sheets.\nGetDududunsparced rejected open team sheets.\n|inactive|Battle timer is ON: inactive players will automatically lose when time's up. (requested by GetDududunsparced)\n|\n|t:|1684161207\n|start\n|switch|p1a: Indeedee|Indeedee-F, L50, F|100\/100\n|switch|p1b: Armarouge|Armarouge, L50, F|100\/100\n|switch|p2a: Dudunsparce|Dudunsparce, L50, M|100\/100\n|switch|p2b: Oranguru|Oranguru, L50, F|100\/100\n|-fieldstart|move: Psychic Terrain|[from] ability: Psychic Surge|[of] p1a: Indeedee\n|-enditem|p1a: Indeedee|Psychic Seed\n|-boost|p1a: Indeedee|spd|1|[from] item: Psychic Seed\n|turn|1\n|\n|t:|1684161226\n|move|p1a: Indeedee|Helping Hand|p1b: Armarouge\n|-singleturn|p1b: Armarouge|Helping Hand|[of] p1a: Indeedee\n|move|p2a: Dudunsparce|Protect|p2a: Dudunsparce\n|-singleturn|p2a: Dudunsparce|Protect\n|move|p1b: Armarouge|Expanding Force|p2a: Dudunsparce|[spread] p2b\n|-activate|p2a: Dudunsparce|move: Protect\n|-resisted|p2b: Oranguru\n|-damage|p2b: Oranguru|51\/100\n|-damage|p1b: Armarouge|90\/100|[from] item: Life Orb\n|move|p2b: Oranguru|Trick Room|p2b: Oranguru\n|-fieldstart|move: Trick Room|[of] p2b: Oranguru\n|\n|upkeep\n|turn|2\n|inactive|JK_Jirachi has 30 seconds left.\n|\n|t:|1684161257\n|-terastallize|p2a: Dudunsparce|Rock\n|move|p1a: Indeedee|Follow Me|p1a: Indeedee\n|-singleturn|p1a: Indeedee|move: Follow Me\n|move|p2b: Oranguru|Brick Break|p1a: Indeedee\n|-damage|p1a: Indeedee|91\/100\n|move|p2a: Dudunsparce|Rock Slide|p1a: Indeedee|[spread] p1a,p1b\n|-supereffective|p1b: Armarouge\n|-damage|p1a: Indeedee|65\/100\n|-damage|p1b: Armarouge|36\/100\n|cant|p1b: Armarouge|flinch\n|\n|upkeep\n|turn|3\n|\n|t:|1684161279\n|switch|p1a: Chi-Yu|Chi-Yu, L50|100\/100\n|-ability|p1a: Chi-Yu|Beads of Ruin\n|move|p1b: Armarouge|Wide Guard|p1b: Armarouge\n|-singleturn|p1b: Armarouge|Wide Guard\n|move|p2b: Oranguru|Instruct|p2a: Dudunsparce\n|-singleturn|p2a: Dudunsparce|move: Instruct|[of] p2b: Oranguru\n|move|p2a: Dudunsparce|Rock Slide|p1b: Armarouge|[spread] \n|-activate|p1a: Chi-Yu|move: Wide Guard\n|-activate|p1b: Armarouge|move: Wide Guard\n|move|p2a: Dudunsparce|Rock Slide|p1b: Armarouge|[spread] \n|-activate|p1a: Chi-Yu|move: Wide Guard\n|-activate|p1b: Armarouge|move: Wide Guard\n|\n|upkeep\n|turn|4\n|inactive|JK_Jirachi has 30 seconds left.\n|inactive|JK_Jirachi has 20 seconds left.\n|inactive|JK_Jirachi has 15 seconds left.\n|inactive|JK_Jirachi has 10 seconds left.\n|\n|t:|1684161326\n|move|p1b: Armarouge|Wide Guard|p1b: Armarouge\n|-singleturn|p1b: Armarouge|Wide Guard\n|move|p2b: Oranguru|Brick Break|p2a: Dudunsparce\n|-supereffective|p2a: Dudunsparce\n|-damage|p2a: Dudunsparce|82\/100\n|-enditem|p2a: Dudunsparce|Weakness Policy\n|-boost|p2a: Dudunsparce|atk|2|[from] item: Weakness Policy\n|-boost|p2a: Dudunsparce|spa|2|[from] item: Weakness Policy\n|-activate|p2b: Oranguru|ability: Symbiosis|Wide Lens|[of] p2a: Dudunsparce\n|move|p2a: Dudunsparce|Hyper Drill|p1a: Chi-Yu\n|-damage|p1a: Chi-Yu|0 fnt\n|faint|p1a: Chi-Yu\n|\n|upkeep\n|\n|t:|1684161347\n|switch|p1a: Flutter Mane|Flutter Mane, L50, shiny|100\/100\n|turn|5\n|\n|t:|1684161358\n|move|p1b: Armarouge|Protect||[still]\n|-fail|p1b: Armarouge\n|move|p1a: Flutter Mane|Protect|p1a: Flutter Mane\n|-singleturn|p1a: Flutter Mane|Protect\n|move|p2b: Oranguru|Instruct|p2a: Dudunsparce\n|-singleturn|p2a: Dudunsparce|move: Instruct|[of] p2b: Oranguru\n|move|p2a: Dudunsparce|Hyper Drill|p1a: Flutter Mane\n|-immune|p1a: Flutter Mane\n|move|p2a: Dudunsparce|Rock Slide|p1a: Flutter Mane|[spread] p1b\n|-activate|p1a: Flutter Mane|move: Protect\n|-supereffective|p1b: Armarouge\n|-damage|p1b: Armarouge|0 fnt\n|faint|p1b: Armarouge\n|\n|-fieldend|move: Trick Room\n|-fieldend|move: Psychic Terrain\n|upkeep\n|inactive|JK_Jirachi has 30 seconds left.\n|inactive|JK_Jirachi has 20 seconds left.\n|\n|t:|1684161395\n|switch|p1b: Indeedee|Indeedee-F, L50, F|65\/100\n|-fieldstart|move: Psychic Terrain|[from] ability: Psychic Surge|[of] p1b: Indeedee\n|turn|6\n|\n|t:|1684161404\n|-terastallize|p1a: Flutter Mane|Fairy\n|move|p1b: Indeedee|Helping Hand|p1a: Flutter Mane\n|-singleturn|p1a: Flutter Mane|Helping Hand|[of] p1b: Indeedee\n|move|p1a: Flutter Mane|Dazzling Gleam|p2b: Oranguru|[spread] p2a,p2b\n|-damage|p2a: Dudunsparce|23\/100\n|-damage|p2b: Oranguru|0 fnt\n|faint|p2b: Oranguru\n|move|p2a: Dudunsparce|Rock Slide|p1a: Flutter Mane|[spread] p1a,p1b\n|-enditem|p1a: Flutter Mane|Focus Sash\n|-damage|p1a: Flutter Mane|1\/100\n|-damage|p1b: Indeedee|16\/100\n|\n|upkeep\n|\n|t:|1684161418\n|switch|p2b: Torkoal|Torkoal, L50, F|100\/100\n|-weather|SunnyDay|[from] ability: Drought|[of] p2b: Torkoal\n|-activate|p1a: Flutter Mane|ability: Protosynthesis\n|-start|p1a: Flutter Mane|protosynthesisspe\n|turn|7\n|c|\u2606GetDududunsparced|gg\n|\n|t:|1684161435\n|move|p1b: Indeedee|Helping Hand|p1a: Flutter Mane\n|-singleturn|p1a: Flutter Mane|Helping Hand|[of] p1b: Indeedee\n|move|p1a: Flutter Mane|Power Gem|p2b: Torkoal\n|-supereffective|p2b: Torkoal\n|-damage|p2b: Torkoal|0 fnt\n|faint|p2b: Torkoal\n|move|p2a: Dudunsparce|Rock Slide|p1b: Indeedee|[spread] p1a,p1b\n|-damage|p1a: Flutter Mane|0 fnt\n|-damage|p1b: Indeedee|0 fnt\n|faint|p1a: Flutter Mane\n|-end|p1a: Flutter Mane|Protosynthesis|[silent]\n|faint|p1b: Indeedee\n|\n|win|GetDududunsparced\n|raw|JK_Jirachi's rating: 1119 → 1092<\/strong> (-27 for losing)\n|raw|GetDududunsparced's rating: 1093 → 1121<\/strong> (+28 for winning)\n|c|\u2606JK_Jirachi|gg\n","uploadtime":1684161448,"views":3,"p1id":"jkjirachi","p2id":"getdududunsparced","formatid":"gen9vgc2023regulationc","rating":1092,"private":0,"password":""}