{"id":"gen9vgc2023regulationc-1845156481","p1":"Privnoval016","p2":"That_Leek","format":"[Gen 9] VGC 2023 Regulation C","log":"|j|\u2606Privnoval016\n|j|\u2606That_Leek\n|t:|1681690303\n|gametype|doubles\n|player|p1|Privnoval016|red-masters2|\n|player|p2|That_Leek|blue-masters|\n|teamsize|p1|6\n|teamsize|p2|6\n|gen|9\n|tier|[Gen 9] VGC 2023 Regulation C\n|rule|Species Clause: Limit one of each Pok\u00e9mon\n|rule|Item Clause: Limit one of each item\n|clearpoke\n|poke|p1|Gyarados, L50, F|\n|poke|p1|Amoonguss, L50, F|\n|poke|p1|Flutter Mane, L50|\n|poke|p1|Chi-Yu, L50|\n|poke|p1|Roaring Moon, L50|\n|poke|p1|Garchomp, L50, F|\n|poke|p2|Tyranitar, L50, M|\n|poke|p2|Gyarados, L50, F|\n|poke|p2|Scizor, L50, F|\n|poke|p2|Sandy Shocks, L50|\n|poke|p2|Amoonguss, L50, M|\n|poke|p2|Flutter Mane, L50|\n|teampreview|4\nThat_Leek has agreed to open team sheets.\nPrivnoval016 has agreed to open team sheets.\n|\n|t:|1681690392\n|start\n|switch|p1a: Gotta be center|Flutter Mane, L50|100\/100\n|switch|p1b: OF ATTRACTION|Chi-Yu, L50|100\/100\n|switch|p2a: Gyarados|Gyarados, L50, F|100\/100\n|switch|p2b: Flutter Mane|Flutter Mane, L50|100\/100\n|-ability|p1b: OF ATTRACTION|Beads of Ruin\n|-ability|p2a: Gyarados|Intimidate|boost\n|-unboost|p1a: Gotta be center|atk|1\n|-unboost|p1b: OF ATTRACTION|atk|1\n|turn|1\n|\n|t:|1681690430\n|-terastallize|p1a: Gotta be center|Fairy\n|move|p2b: Flutter Mane|Shadow Ball|p1a: Gotta be center\n|-damage|p1a: Gotta be center|25\/100\n|move|p1a: Gotta be center|Thunderbolt|p2a: Gyarados\n|-supereffective|p2a: Gyarados\n|-damage|p2a: Gyarados|0 fnt\n|faint|p2a: Gyarados\n|move|p1b: OF ATTRACTION|Dark Pulse|p2b: Flutter Mane\n|-damage|p2b: Flutter Mane|34\/100\n|\n|upkeep\n|\n|t:|1681690435\n|switch|p2a: Sandy Shocks|Sandy Shocks, L50|100\/100\n|turn|2\n|\n|t:|1681690456\n|-end|p1a: Gotta be center|Protosynthesis|[silent]\n|switch|p1a: If you wanna|Gyarados, L50, F, shiny|100\/100\n|-ability|p1a: If you wanna|Intimidate|boost\n|-unboost|p2a: Sandy Shocks|atk|1\n|-unboost|p2b: Flutter Mane|atk|1\n|move|p2b: Flutter Mane|Shadow Ball|p1a: If you wanna\n|-damage|p1a: If you wanna|14\/100\n|-enditem|p1a: If you wanna|Sitrus Berry|[eat]\n|-heal|p1a: If you wanna|39\/100|[from] item: Sitrus Berry\n|move|p2a: Sandy Shocks|Earth Power|p1b: OF ATTRACTION\n|-supereffective|p1b: OF ATTRACTION\n|-enditem|p1b: OF ATTRACTION|Focus Sash\n|-damage|p1b: OF ATTRACTION|1\/100\n|-damage|p2a: Sandy Shocks|91\/100|[from] item: Life Orb\n|move|p1b: OF ATTRACTION|Heat Wave|p2a: Sandy Shocks|[spread] p2a,p2b\n|-damage|p2a: Sandy Shocks|25\/100\n|-damage|p2b: Flutter Mane|0 fnt\n|faint|p2b: Flutter Mane\n|-end|p2b: Flutter Mane|Protosynthesis|[silent]\n|\n|upkeep\n|\n|t:|1681690475\n|switch|p2b: Scizor|Scizor, L50, F|100\/100\n|turn|3\n|\n|t:|1681690487\n|switch|p1a: Feel like Number 1|Garchomp, L50, F|100\/100\n|move|p1b: OF ATTRACTION|Protect|p1b: OF ATTRACTION\n|-singleturn|p1b: OF ATTRACTION|Protect\n|move|p2b: Scizor|Bullet Punch|p1b: OF ATTRACTION\n|-activate|p1b: OF ATTRACTION|move: Protect\n|move|p2a: Sandy Shocks|Thunderbolt|p1a: Feel like Number 1\n|-immune|p1a: Feel like Number 1\n|\n|upkeep\n|turn|4\n|\n|t:|1681690530\n|move|p2a: Sandy Shocks|Protect|p2a: Sandy Shocks\n|-singleturn|p2a: Sandy Shocks|Protect\n|move|p1a: Feel like Number 1|Earthquake|p2b: Scizor|[spread] p1b,p2b\n|-activate|p2a: Sandy Shocks|move: Protect\n|-supereffective|p1b: OF ATTRACTION\n|-damage|p1b: OF ATTRACTION|0 fnt\n|-damage|p2b: Scizor|46\/100\n|faint|p1b: OF ATTRACTION\n|move|p2b: Scizor|Swords Dance|p2b: Scizor\n|-boost|p2b: Scizor|atk|2\n|\n|upkeep\n|\n|t:|1681690541\n|switch|p1b: If you wanna|Gyarados, L50, F, shiny|39\/100\n|-ability|p1b: If you wanna|Intimidate|boost\n|-unboost|p2a: Sandy Shocks|atk|1\n|-fail|p2b: Scizor|unboost|[from] item: Clear Amulet|[of] p2b: Scizor\n|turn|5\n|\n|t:|1681690554\n|-terastallize|p2b: Scizor|Steel\n|move|p1b: If you wanna|Protect|p1b: If you wanna\n|-singleturn|p1b: If you wanna|Protect\n|move|p2b: Scizor|Bullet Punch|p1a: Feel like Number 1\n|-crit|p1a: Feel like Number 1\n|-damage|p1a: Feel like Number 1|0 fnt\n|-damage|p2b: Scizor|33\/100|[from] ability: Rough Skin|[of] p1a: Feel like Number 1\n|faint|p1a: Feel like Number 1\n|move|p2a: Sandy Shocks|Thunderbolt|p1b: If you wanna\n|-activate|p1b: If you wanna|move: Protect\n|\n|upkeep\n|\n|t:|1681690562\n|switch|p1a: Gotta be center|Flutter Mane, L50, tera:Fairy|25\/100\n|turn|6\n|\n|t:|1681690591\n|move|p1b: If you wanna|Protect||[still]\n|-fail|p1b: If you wanna\n|move|p2b: Scizor|Bullet Punch|p1a: Gotta be center\n|-supereffective|p1a: Gotta be center\n|-damage|p1a: Gotta be center|0 fnt\n|faint|p1a: Gotta be center\n|-end|p1a: Gotta be center|Protosynthesis|[silent]\n|move|p2a: Sandy Shocks|Thunderbolt|p1b: If you wanna\n|-supereffective|p1b: If you wanna\n|-damage|p1b: If you wanna|0 fnt\n|faint|p1b: If you wanna\n|-damage|p2a: Sandy Shocks|15\/100|[from] item: Life Orb\n|\n|win|That_Leek\n","uploadtime":1681690606,"views":13,"p1id":"privnoval016","p2id":"thatleek","formatid":"gen9vgc2023regulationc","rating":0,"private":0,"password":""}