{"id":"gen9vgc2023regulationc-1857287955","p1":"RichieihciR","p2":"GB Seraphix","format":"[Gen 9] VGC 2023 Regulation C","log":"|j|\u2606RichieihciR\n|j|\u2606GB Seraphix\n|t:|1683168213\n|gametype|doubles\n|player|p1|RichieihciR|alder|1046\n|player|p2|GB Seraphix|rosa|1140\n|teamsize|p1|6\n|teamsize|p2|6\n|gen|9\n|tier|[Gen 9] VGC 2023 Regulation C\n|rated|\n|rule|Species Clause: Limit one of each Pok\u00e9mon\n|rule|Item Clause: Limit one of each item\n|clearpoke\n|poke|p1|Flutter Mane, L50|\n|poke|p1|Farigiraf, L50, F|\n|poke|p1|Dragonite, L50, F|\n|poke|p1|Chi-Yu, L50|\n|poke|p1|Medicham, L50, M|\n|poke|p1|Slaking, L50, M|\n|poke|p2|Lurantis, L50, F|\n|poke|p2|Hatterene, L50, F|\n|poke|p2|Torkoal, L50, M|\n|poke|p2|Indeedee-F, L50, F|\n|poke|p2|Oranguru, L50, M|\n|poke|p2|Hariyama, L50, M|\n|teampreview|4\n|inactive|Battle timer is ON: inactive players will automatically lose when time's up. (requested by RichieihciR)\n|\n|t:|1683168260\n|start\n|switch|p1a: Farigiraf|Farigiraf, L50, F, shiny|100\/100\n|switch|p1b: Dragonite|Dragonite, L50, F, shiny|100\/100\n|switch|p2a: Sambalilo|Hatterene, L50, F|100\/100\n|switch|p2b: Ganryu|Hariyama, L50, M|100\/100\n|turn|1\n|inactive|GB Seraphix has 30 seconds left.\n|\n|t:|1683168290\n|move|p1b: Dragonite|Iron Head|p2a: Sambalilo\n|-supereffective|p2a: Sambalilo\n|-damage|p2a: Sambalilo|35\/100\n|move|p1a: Farigiraf|Imprison|p1a: Farigiraf\n|-start|p1a: Farigiraf|move: Imprison\n|move|p2b: Ganryu|Knock Off|p1b: Dragonite\n|-damage|p1b: Dragonite|85\/100\n|-enditem|p1b: Dragonite|Lum Berry|[from] move: Knock Off|[of] p2b: Ganryu\n|cant|p2a: Sambalilo|flinch\n|\n|-status|p2b: Ganryu|brn|[from] item: Flame Orb\n|upkeep\n|turn|2\n|inactive|GB Seraphix has 30 seconds left.\n|inactive|GB Seraphix has 20 seconds left.\n|inactive|GB Seraphix has 15 seconds left.\n|inactive|GB Seraphix has 10 seconds left.\n|inactive|GB Seraphix has 5 seconds left.\n|\n|t:|1683168345\n|move|p1b: Dragonite|Extreme Speed|p2a: Sambalilo\n|-damage|p2a: Sambalilo|0 fnt\n|faint|p2a: Sambalilo\n|move|p1a: Farigiraf|Dazzling Gleam|p2b: Ganryu\n|-supereffective|p2b: Ganryu\n|-damage|p2b: Ganryu|62\/100 brn\n|move|p2b: Ganryu|Close Combat|p1a: Farigiraf\n|-damage|p1a: Farigiraf|0 fnt\n|-unboost|p2b: Ganryu|def|1\n|-unboost|p2b: Ganryu|spd|1\n|faint|p1a: Farigiraf\n|\n|-damage|p2b: Ganryu|56\/100 brn|[from] brn\n|upkeep\n|\n|t:|1683168362\n|switch|p1a: Flutter Mane|Flutter Mane, L50, shiny|100\/100\n|switch|p2a: Preggy|Indeedee-F, L50, F|100\/100\n|-fieldstart|move: Psychic Terrain|[from] ability: Psychic Surge|[of] p2a: Preggy\n|-enditem|p2a: Preggy|Psychic Seed\n|-boost|p2a: Preggy|spd|1|[from] item: Psychic Seed\n|turn|3\n|\n|t:|1683168379\n|-terastallize|p2b: Ganryu|Steel\n|move|p1a: Flutter Mane|Dazzling Gleam|p2a: Preggy|[spread] p2a,p2b\n|-resisted|p2b: Ganryu\n|-damage|p2a: Preggy|72\/100\n|-damage|p2b: Ganryu|30\/100 brn\n|-damage|p1a: Flutter Mane|90\/100|[from] item: Life Orb\n|move|p1b: Dragonite|Iron Head|p2a: Preggy\n|-damage|p2a: Preggy|41\/100\n|move|p2b: Ganryu|Knock Off|p1a: Flutter Mane\n|-damage|p1a: Flutter Mane|0 fnt\n|-enditem|p1a: Flutter Mane|Life Orb|[from] move: Knock Off|[of] p2b: Ganryu\n|faint|p1a: Flutter Mane\n|-end|p1a: Flutter Mane|Protosynthesis|[silent]\n|move|p2a: Preggy|Trick Room|p2a: Preggy\n|-fieldstart|move: Trick Room|[of] p2a: Preggy\n|\n|-damage|p2b: Ganryu|24\/100 brn|[from] brn\n|upkeep\n|\n|t:|1683168391\n|switch|p1a: Chi-Yu|Chi-Yu, L50|100\/100\n|-ability|p1a: Chi-Yu|Beads of Ruin\n|turn|4\n|l|\u2606GB Seraphix\n|inactive|GB Seraphix disconnected and has a minute to reconnect!\n|player|p2|\n|inactive|GB Seraphix has 30 seconds left.\n|inactive|GB Seraphix has 20 seconds left.\n|j|\u2606GB Seraphix\n|inactive|GB Seraphix reconnected and has 20 seconds left.\n|player|p2|GB Seraphix|rosa\n|inactive|GB Seraphix has 15 seconds left.\n|\n|t:|1683168431\n|-terastallize|p1a: Chi-Yu|Water\n|move|p2b: Ganryu|Close Combat|p1a: Chi-Yu\n|-damage|p1a: Chi-Yu|0 fnt\n|-unboost|p2b: Ganryu|def|1\n|-unboost|p2b: Ganryu|spd|1\n|faint|p1a: Chi-Yu\n|move|p2a: Preggy|Dazzling Gleam|p1b: Dragonite\n|-supereffective|p1b: Dragonite\n|-damage|p1b: Dragonite|51\/100\n|move|p1b: Dragonite|Iron Head|p2a: Preggy\n|-damage|p2a: Preggy|12\/100\n|\n|-damage|p2b: Ganryu|18\/100 brn|[from] brn\n|upkeep\n|turn|5\n|inactive|RichieihciR has 30 seconds left.\n|\n|t:|1683168458\n|move|p2b: Ganryu|Knock Off|p1b: Dragonite\n|-damage|p1b: Dragonite|20\/100\n|move|p2a: Preggy|Dazzling Gleam|p1b: Dragonite\n|-supereffective|p1b: Dragonite\n|-damage|p1b: Dragonite|0 fnt\n|faint|p1b: Dragonite\n|\n|win|GB Seraphix\n|raw|RichieihciR's rating: 1046 → 1034<\/strong> (-12 for losing)\n|raw|GB Seraphix's rating: 1140 → 1158<\/strong> (+18 for winning)\n|l|\u2606RichieihciR\n","uploadtime":1683168465,"views":15,"p1id":"richieihcir","p2id":"gbseraphix","formatid":"gen9vgc2023regulationc","rating":1034,"private":0,"password":""}