{"id":"gen9vgc2023regulationc-1850837359","p1":"z0ulda","p2":"temerence","format":"[Gen 9] VGC 2023 Regulation C","log":"|j|\u2606z0ulda\n|j|\u2606temerence\n|t:|1682372816\n|gametype|doubles\n|player|p1|z0ulda|266|1036\n|player|p2|temerence|hilbert|1022\n|teamsize|p1|6\n|teamsize|p2|6\n|gen|9\n|tier|[Gen 9] VGC 2023 Regulation C\n|rated|\n|rule|Species Clause: Limit one of each Pok\u00e9mon\n|rule|Item Clause: Limit one of each item\n|clearpoke\n|poke|p1|Oricorio-Pom-Pom, L50, M|\n|poke|p1|Cyclizar, L50, M|\n|poke|p1|Quaquaval, L50, M|\n|poke|p1|Volcarona, L50, F|\n|poke|p1|Arboliva, L50, M|\n|poke|p1|Grimmsnarl, L50, M|\n|poke|p2|Flutter Mane, L50|\n|poke|p2|Amoonguss, L50, F|\n|poke|p2|Palafin, L50, F|\n|poke|p2|Chien-Pao, L50|\n|poke|p2|Arcanine, L50, F|\n|poke|p2|Dragapult, L50, F|\n|teampreview|4\n|\n|t:|1682372872\n|start\n|switch|p1a: Grimmsnarl|Grimmsnarl, L50, M|100\/100\n|switch|p1b: Cyclizar|Cyclizar, L50, M|100\/100\n|switch|p2a: Chien-Pao|Chien-Pao, L50|100\/100\n|switch|p2b: Dragapult|Dragapult, L50, F|100\/100\n|-ability|p2a: Chien-Pao|Sword of Ruin\n|turn|1\n|\n|t:|1682372945\n|-terastallize|p1b: Cyclizar|Dragon\n|move|p1a: Grimmsnarl|Reflect|p1a: Grimmsnarl\n|-sidestart|p1: z0ulda|Reflect\n|move|p2b: Dragapult|Phantom Force||[still]\n|-prepare|p2b: Dragapult|Phantom Force\n|move|p2a: Chien-Pao|Sacred Sword|p1a: Grimmsnarl\n|-damage|p1a: Grimmsnarl|69\/100\n|move|p1b: Cyclizar|Breaking Swipe|p2b: Dragapult|[spread] p2a\n|-miss|p1b: Cyclizar|p2b: Dragapult\n|-damage|p2a: Chien-Pao|66\/100\n|-unboost|p2a: Chien-Pao|atk|1\n|\n|upkeep\n|turn|2\n|\n|t:|1682372972\n|move|p2b: Dragapult|Phantom Force|p1b: Cyclizar|[from]lockedmove\n|-damage|p1b: Cyclizar|0 fnt\n|faint|p1b: Cyclizar\n|move|p2a: Chien-Pao|Ice Spinner|p1a: Grimmsnarl\n|-damage|p1a: Grimmsnarl|42\/100\n|move|p1a: Grimmsnarl|Spirit Break|p2a: Chien-Pao\n|-supereffective|p2a: Chien-Pao\n|-damage|p2a: Chien-Pao|0 fnt\n|faint|p2a: Chien-Pao\n|\n|upkeep\n|\n|t:|1682372984\n|switch|p2a: Flutter Mane|Flutter Mane, L50|100\/100\n|switch|p1b: Quaquaval|Quaquaval, L50, M|100\/100\n|-enditem|p2a: Flutter Mane|Booster Energy\n|-activate|p2a: Flutter Mane|ability: Protosynthesis|[fromitem]\n|-start|p2a: Flutter Mane|protosynthesisspe\n|turn|3\n|\n|t:|1682373025\n|move|p1a: Grimmsnarl|Light Screen|p1a: Grimmsnarl\n|-sidestart|p1: z0ulda|move: Light Screen\n|move|p2a: Flutter Mane|Shadow Ball|p1b: Quaquaval\n|-damage|p1b: Quaquaval|59\/100\n|-unboost|p1b: Quaquaval|spd|1\n|move|p2b: Dragapult|Phantom Force||[still]\n|-prepare|p2b: Dragapult|Phantom Force\n|move|p1b: Quaquaval|Aqua Step|p2a: Flutter Mane\n|-damage|p2a: Flutter Mane|0 fnt\n|-boost|p1b: Quaquaval|spe|1\n|faint|p2a: Flutter Mane\n|-end|p2a: Flutter Mane|Protosynthesis|[silent]\n|-ability|p1b: Quaquaval|Moxie|boost\n|-boost|p1b: Quaquaval|atk|1\n|\n|upkeep\n|\n|t:|1682373040\n|switch|p2a: Arcanine|Arcanine, L50, F|100\/100\n|-ability|p2a: Arcanine|Intimidate|boost\n|-unboost|p1a: Grimmsnarl|atk|1\n|-unboost|p1b: Quaquaval|atk|1\n|turn|4\n|\n|t:|1682373066\n|-terastallize|p2a: Arcanine|Flying\n|move|p2a: Arcanine|Extreme Speed|p1b: Quaquaval\n|-damage|p1b: Quaquaval|41\/100\n|move|p1a: Grimmsnarl|Parting Shot|p2a: Arcanine\n|-unboost|p2a: Arcanine|atk|1\n|-unboost|p2a: Arcanine|spa|1\n|\n|t:|1682373073\n|switch|p1a: Volcarona|Volcarona, L50, F|100\/100|[from] Parting Shot\n|move|p1b: Quaquaval|Aqua Step|p2a: Arcanine\n|-damage|p2a: Arcanine|38\/100\n|-boost|p1b: Quaquaval|spe|1\n|move|p2b: Dragapult|Phantom Force|p1a: Volcarona|[from]lockedmove\n|-damage|p1a: Volcarona|29\/100\n|\n|-heal|p1a: Volcarona|35\/100|[from] item: Leftovers\n|upkeep\n|turn|5\n|\n|t:|1682373099\n|move|p2a: Arcanine|Protect|p2a: Arcanine\n|-singleturn|p2a: Arcanine|Protect\n|move|p1b: Quaquaval|Aqua Step|p2a: Arcanine\n|-activate|p2a: Arcanine|move: Protect\n|move|p2b: Dragapult|Phantom Force||[still]\n|-prepare|p2b: Dragapult|Phantom Force\n|move|p1a: Volcarona|Bug Buzz|p2b: Dragapult|[miss]\n|-miss|p1a: Volcarona|p2b: Dragapult\n|\n|-heal|p1a: Volcarona|42\/100|[from] item: Leftovers\n|upkeep\n|turn|6\n|\n|t:|1682373129\n|move|p2a: Arcanine|Extreme Speed|p1b: Quaquaval\n|-damage|p1b: Quaquaval|29\/100\n|move|p1b: Quaquaval|Aqua Step|p2a: Arcanine\n|-damage|p2a: Arcanine|0 fnt\n|-boost|p1b: Quaquaval|spe|1\n|faint|p2a: Arcanine\n|-ability|p1b: Quaquaval|Moxie|boost\n|-boost|p1b: Quaquaval|atk|1\n|move|p2b: Dragapult|Phantom Force|p1b: Quaquaval|[from]lockedmove\n|-damage|p1b: Quaquaval|0 fnt\n|faint|p1b: Quaquaval\n|move|p1a: Volcarona|Fiery Dance|p2b: Dragapult\n|-resisted|p2b: Dragapult\n|-crit|p2b: Dragapult\n|-damage|p2b: Dragapult|48\/100\n|-boost|p1a: Volcarona|spa|1\n|\n|-heal|p1a: Volcarona|48\/100|[from] item: Leftovers\n|upkeep\n|\n|t:|1682373145\n|switch|p1b: Grimmsnarl|Grimmsnarl, L50, M|42\/100\n|turn|7\n|\n|t:|1682373154\n|move|p2b: Dragapult|Phantom Force||[still]\n|-prepare|p2b: Dragapult|Phantom Force\n|move|p1a: Volcarona|Bug Buzz|p2b: Dragapult|[miss]\n|-miss|p1a: Volcarona|p2b: Dragapult\n|move|p1b: Grimmsnarl|Spirit Break|p2b: Dragapult|[miss]\n|-miss|p1b: Grimmsnarl|p2b: Dragapult\n|\n|-heal|p1a: Volcarona|54\/100|[from] item: Leftovers\n|upkeep\n|turn|8\n|\n|t:|1682373163\n|move|p2b: Dragapult|Phantom Force|p1b: Grimmsnarl|[from]lockedmove\n|-resisted|p1b: Grimmsnarl\n|-damage|p1b: Grimmsnarl|14\/100\n|move|p1a: Volcarona|Bug Buzz|p2b: Dragapult\n|-resisted|p2b: Dragapult\n|-damage|p2b: Dragapult|0 fnt\n|faint|p2b: Dragapult\n|\n|win|z0ulda\n|raw|z0ulda's rating: 1036 → 1069<\/strong> (+33 for winning)\n|raw|temerence's rating: 1022 → 1009<\/strong> (-13 for losing)\n|c|\u2606temerence|gg\n|l|\u2606z0ulda\n","uploadtime":1682373177,"views":10,"p1id":"z0ulda","p2id":"temerence","formatid":"gen9vgc2023regulationc","rating":1009,"private":0,"password":""}