{"id":"gen9vgc2023regulationc-1861808348","p1":"gEBEMBA","p2":"D4nkw33b","format":"[Gen 9] VGC 2023 Regulation C","log":"|j|\u2606gEBEMBA\n|j|\u2606D4nkw33b\n|t:|1683810823\n|gametype|doubles\n|player|p1|gEBEMBA|102|\n|player|p2|D4nkw33b|265|\n|teamsize|p1|6\n|teamsize|p2|6\n|gen|9\n|tier|[Gen 9] VGC 2023 Regulation C\n|rule|Species Clause: Limit one of each Pok\u00e9mon\n|rule|Item Clause: Limit one of each item\n|clearpoke\n|poke|p1|Scovillain, L50, M|\n|poke|p1|Tauros-Paldea-Combat, L50, M|\n|poke|p1|Roaring Moon, L50|\n|poke|p1|Gyarados, L50, M|\n|poke|p1|Electrode, L50|\n|poke|p1|Maushold, L50|\n|poke|p2|Indeedee-F, L50, F|\n|poke|p2|Chi-Yu, L50|\n|poke|p2|Honchkrow, L50, F|\n|poke|p2|Tyranitar, L50, M|\n|poke|p2|Garchomp, L50, M|\n|poke|p2|Lycanroc, L50, F|\n|teampreview|4\n|j| GTOrsi\ngEBEMBA has agreed to open team sheets.\n|j| Tonsoffamage\n|j| filthy_sanchez\n|j| Polifingered\n|\n|t:|1683810880\n|start\n|switch|p1a: Jasonnnn|Roaring Moon, L50|100\/100\n|switch|p1b: Jasonnnnn|Tauros-Paldea-Combat, L50, M|100\/100\n|switch|p2a: Tyranitar|Tyranitar, L50, M|100\/100\n|switch|p2b: Lycanroc|Lycanroc, L50, F|100\/100\n|-ability|p1b: Jasonnnnn|Intimidate|boost\n|-unboost|p2a: Tyranitar|atk|1\n|-unboost|p2b: Lycanroc|atk|1\n|-weather|Sandstorm|[from] ability: Sand Stream|[of] p2a: Tyranitar\n|turn|1\n|\n|t:|1683810902\n|-end|p1a: Jasonnnn|Protosynthesis|[silent]\n|switch|p1a: Jasonnnnnn|Scovillain, L50, M|100\/100\n|move|p2b: Lycanroc|Rock Slide|p1a: Jasonnnnnn|[spread] p1a,p1b\n|-supereffective|p1a: Jasonnnnnn\n|-resisted|p1b: Jasonnnnn\n|-damage|p1a: Jasonnnnnn|35\/100\n|-damage|p1b: Jasonnnnn|90\/100\n|cant|p1b: Jasonnnnn|flinch\n|move|p2a: Tyranitar|Rock Slide|p1b: Jasonnnnn|[spread] p1a,p1b\n|-supereffective|p1a: Jasonnnnnn\n|-resisted|p1b: Jasonnnnn\n|-damage|p1a: Jasonnnnnn|0 fnt\n|-damage|p1b: Jasonnnnn|78\/100\n|faint|p1a: Jasonnnnnn\n|\n|-weather|Sandstorm|[upkeep]\n|-damage|p1b: Jasonnnnn|72\/100|[from] Sandstorm\n|upkeep\n|\n|t:|1683810916\n|switch|p1a: Jasonnnn|Roaring Moon, L50|100\/100\n|turn|2\n|\n|t:|1683810941\n|move|p2b: Lycanroc|Rock Slide|p1a: Jasonnnn|[spread] p1a,p1b\n|-resisted|p1b: Jasonnnnn\n|-damage|p1a: Jasonnnn|74\/100\n|-damage|p1b: Jasonnnnn|62\/100\n|cant|p1a: Jasonnnn|flinch\n|move|p1b: Jasonnnnn|Sunny Day|p1b: Jasonnnnn\n|-weather|SunnyDay\n|-activate|p1a: Jasonnnn|ability: Protosynthesis\n|-start|p1a: Jasonnnn|protosynthesisatk\n|move|p2a: Tyranitar|Rock Slide|p1b: Jasonnnnn|[spread] p1a,p1b\n|-resisted|p1b: Jasonnnnn\n|-damage|p1a: Jasonnnn|45\/100\n|-damage|p1b: Jasonnnnn|49\/100\n|\n|-weather|SunnyDay|[upkeep]\n|upkeep\n|turn|3\n|\n|t:|1683810964\n|switch|p2a: Indeedee|Indeedee-F, L50, F|100\/100\n|-fieldstart|move: Psychic Terrain|[from] ability: Psychic Surge|[of] p2a: Indeedee\n|move|p1a: Jasonnnn|Protect|p1a: Jasonnnn\n|-singleturn|p1a: Jasonnnn|Protect\n|move|p1b: Jasonnnnn|Close Combat|p2a: Indeedee\n|-damage|p2a: Indeedee|32\/100\n|-unboost|p1b: Jasonnnnn|def|1\n|-unboost|p1b: Jasonnnnn|spd|1\n|-damage|p1b: Jasonnnnn|39\/100|[from] item: Life Orb\n|move|p2b: Lycanroc|Psychic Fangs|p1b: Jasonnnnn\n|-supereffective|p1b: Jasonnnnn\n|-damage|p1b: Jasonnnnn|0 fnt\n|faint|p1b: Jasonnnnn\n|\n|-weather|SunnyDay|[upkeep]\n|upkeep\n|\n|t:|1683810967\n|switch|p1b: Jasonn|Electrode, L50|100\/100\n|turn|4\n|\n|t:|1683811014\n|-terastallize|p2a: Indeedee|Fairy\n|move|p1b: Jasonn|Thunderbolt|p2a: Indeedee\n|-damage|p2a: Indeedee|0 fnt\n|faint|p2a: Indeedee\n|move|p1a: Jasonnnn|Rock Slide|p2b: Lycanroc\n|-damage|p2b: Lycanroc|30\/100\n|cant|p2b: Lycanroc|flinch\n|\n|-weather|SunnyDay|[upkeep]\n|upkeep\n|l| GTOrsi\n|\n|t:|1683811025\n|switch|p2a: Tyranitar|Tyranitar, L50, M|100\/100\n|-weather|Sandstorm|[from] ability: Sand Stream|[of] p2a: Tyranitar\n|-end|p1a: Jasonnnn|Protosynthesis\n|turn|5\n|\n|t:|1683811042\n|move|p1a: Jasonnnn|Protect|p1a: Jasonnnn\n|-singleturn|p1a: Jasonnnn|Protect\n|move|p2b: Lycanroc|Rock Slide|p1b: Jasonn|[spread] p1b\n|-activate|p1a: Jasonnnn|move: Protect\n|-damage|p1b: Jasonn|64\/100\n|move|p1b: Jasonn|Thunderbolt|p2b: Lycanroc\n|-damage|p2b: Lycanroc|0 fnt\n|faint|p2b: Lycanroc\n|move|p2a: Tyranitar|Rock Slide|p1b: Jasonn|[spread] p1b\n|-activate|p1a: Jasonnnn|move: Protect\n|-damage|p1b: Jasonn|9\/100\n|\n|-weather|Sandstorm|[upkeep]\n|-damage|p1b: Jasonn|3\/100|[from] Sandstorm\n|-damage|p1a: Jasonnnn|39\/100|[from] Sandstorm\n|upkeep\n|\n|t:|1683811056\n|switch|p2b: Garchomp|Garchomp, L50, M|100\/100\n|turn|6\n|\n|t:|1683811079\n|move|p2b: Garchomp|Protect|p2b: Garchomp\n|-singleturn|p2b: Garchomp|Protect\n|move|p1b: Jasonn|Thunderbolt|p2a: Tyranitar\n|-crit|p2a: Tyranitar\n|-damage|p2a: Tyranitar|61\/100\n|move|p1a: Jasonnnn|Rock Slide|p2a: Tyranitar|[spread] p2a\n|-activate|p2b: Garchomp|move: Protect\n|-damage|p2a: Tyranitar|39\/100\n|move|p2a: Tyranitar|Rock Slide|p1b: Jasonn|[spread] p1b\n|-miss|p2a: Tyranitar|p1a: Jasonnnn\n|-damage|p1b: Jasonn|0 fnt\n|faint|p1b: Jasonn\n|\n|-weather|Sandstorm|[upkeep]\n|-damage|p1a: Jasonnnn|33\/100|[from] Sandstorm\n|upkeep\n|turn|7\n|\n|t:|1683811097\n|move|p2b: Garchomp|Protect||[still]\n|-fail|p2b: Garchomp\n|move|p1a: Jasonnnn|Rock Slide|p2b: Garchomp|[spread] p2a\n|-miss|p1a: Jasonnnn|p2b: Garchomp\n|-damage|p2a: Tyranitar|16\/100\n|cant|p2a: Tyranitar|flinch\n|\n|-weather|Sandstorm|[upkeep]\n|-damage|p1a: Jasonnnn|27\/100|[from] Sandstorm\n|-fieldend|move: Psychic Terrain\n|upkeep\n|turn|8\n|\n|t:|1683811114\n|move|p2b: Garchomp|Protect|p2b: Garchomp\n|-singleturn|p2b: Garchomp|Protect\n|move|p1a: Jasonnnn|Rock Slide|p2b: Garchomp|[spread] p2a\n|-activate|p2b: Garchomp|move: Protect\n|-damage|p2a: Tyranitar|0 fnt\n|faint|p2a: Tyranitar\n|\n|-weather|Sandstorm|[upkeep]\n|-damage|p1a: Jasonnnn|21\/100|[from] Sandstorm\n|-enditem|p1a: Jasonnnn|Figy Berry|[eat]\n|-heal|p1a: Jasonnnn|54\/100|[from] item: Figy Berry\n|upkeep\n|turn|9\n|\n|t:|1683811127\n|move|p1a: Jasonnnn|Protect|p1a: Jasonnnn\n|-singleturn|p1a: Jasonnnn|Protect\n|move|p2b: Garchomp|Rock Slide|p1a: Jasonnnn\n|-activate|p1a: Jasonnnn|move: Protect\n|\n|-weather|none\n|upkeep\n|turn|10\n|\n|t:|1683811154\n|-terastallize|p1a: Jasonnnn|Fire\n|move|p1a: Jasonnnn|Dragon Dance|p1a: Jasonnnn\n|-boost|p1a: Jasonnnn|atk|1\n|-boost|p1a: Jasonnnn|spe|1\n|move|p2b: Garchomp|Rock Slide|p1a: Jasonnnn\n|-supereffective|p1a: Jasonnnn\n|-damage|p1a: Jasonnnn|0 fnt\n|faint|p1a: Jasonnnn\n|-end|p1a: Jasonnnn|Protosynthesis|[silent]\n|\n|win|D4nkw33b\n","uploadtime":1683811169,"views":15,"p1id":"gebemba","p2id":"d4nkw33b","formatid":"gen9vgc2023regulationc","rating":0,"private":0,"password":""}