{"id":"gen9vgc2023regulationc-1863439457","p1":"vhne","p2":"JoyBoy869","format":"[Gen 9] VGC 2023 Regulation C","log":"|j|\u2606vhne\n|j|\u2606JoyBoy869\n|t:|1684017339\n|gametype|doubles\n|player|p1|vhne|red|1242\n|player|p2|JoyBoy869|bugcatcher-gen4dp|1203\n|teamsize|p1|6\n|teamsize|p2|6\n|gen|9\n|tier|[Gen 9] VGC 2023 Regulation C\n|rated|\n|rule|Species Clause: Limit one of each Pok\u00e9mon\n|rule|Item Clause: Limit one of each item\n|clearpoke\n|poke|p1|Hawlucha, L50, M|\n|poke|p1|Indeedee-F, L50, F|\n|poke|p1|Armarouge, L50, M|\n|poke|p1|Palafin, L50, F|\n|poke|p1|Sandy Shocks, L50|\n|poke|p1|Chien-Pao, L50|\n|poke|p2|Annihilape, L50, M|\n|poke|p2|Tyranitar, L50, M|\n|poke|p2|Indeedee-F, L50, F|\n|poke|p2|Hatterene, L50, F|\n|poke|p2|Brute Bonnet, L50|\n|poke|p2|Torkoal, L50, M|\n|teampreview|4\n|inactive|Battle timer is ON: inactive players will automatically lose when time's up. (requested by vhne)\nvhne rejected open team sheets.\n|inactive|JoyBoy869 has 60 seconds left.\n|\n|t:|1684017422\n|start\n|switch|p1a: Palafin|Palafin, L50, F, shiny|100\/100\n|switch|p1b: Armarouge|Armarouge, L50, M|100\/100\n|switch|p2a: Tyranitar|Tyranitar, L50, M|100\/100\n|switch|p2b: MankeyDLuffy|Annihilape, L50, M|100\/100\n|-weather|Sandstorm|[from] ability: Sand Stream|[of] p2a: Tyranitar\n|turn|1\n|inactive|JoyBoy869 has 30 seconds left.\n|\n|t:|1684017450\n|-terastallize|p2a: Tyranitar|Fairy\n|move|p2b: MankeyDLuffy|Protect|p2b: MankeyDLuffy\n|-singleturn|p2b: MankeyDLuffy|Protect\n|move|p1b: Armarouge|Wide Guard|p1b: Armarouge\n|-singleturn|p1b: Armarouge|Wide Guard\n|move|p1a: Palafin|Close Combat|p2a: Tyranitar\n|-resisted|p2a: Tyranitar\n|-damage|p2a: Tyranitar|90\/100\n|-unboost|p1a: Palafin|def|1\n|-unboost|p1a: Palafin|spd|1\n|-enditem|p1a: Palafin|Eject Pack\n|\n|t:|1684017461\n|detailschange|p1a: Palafin|Palafin-Hero, L50, F, shiny\n|switch|p1a: Hawlucha|Hawlucha, L50, M|100\/100\n|move|p2a: Tyranitar|Thunder Punch|p1a: Hawlucha\n|-supereffective|p1a: Hawlucha\n|-damage|p1a: Hawlucha|20\/100\n|\n|-weather|Sandstorm|[upkeep]\n|-damage|p1a: Hawlucha|14\/100|[from] Sandstorm\n|-damage|p1b: Armarouge|94\/100|[from] Sandstorm\n|-damage|p2b: MankeyDLuffy|94\/100|[from] Sandstorm\n|-damage|p2a: Tyranitar|84\/100|[from] Sandstorm\n|-heal|p2b: MankeyDLuffy|100\/100|[from] item: Leftovers\n|upkeep\n|turn|2\n|inactive|JoyBoy869 has 30 seconds left.\n|inactive|JoyBoy869 has 20 seconds left.\n|\n|t:|1684017500\n|switch|p1b: Indeedee|Indeedee-F, L50, F, shiny|100\/100\n|-fieldstart|move: Psychic Terrain|[from] ability: Psychic Surge|[of] p1b: Indeedee\n|-enditem|p1a: Hawlucha|Psychic Seed\n|-boost|p1a: Hawlucha|spd|1|[from] item: Psychic Seed\n|switch|p2b: Hatterene|Hatterene, L50, F|100\/100\n|move|p1a: Hawlucha|Detect|p1a: Hawlucha\n|-singleturn|p1a: Hawlucha|Protect\n|move|p2a: Tyranitar|Stone Edge|p1b: Indeedee\n|-damage|p1b: Indeedee|46\/100\n|\n|-weather|Sandstorm|[upkeep]\n|-damage|p1a: Hawlucha|8\/100|[from] Sandstorm\n|-damage|p2a: Tyranitar|78\/100|[from] Sandstorm\n|-damage|p2b: Hatterene|94\/100|[from] Sandstorm\n|upkeep\n|turn|3\n|inactive|JoyBoy869 has 30 seconds left.\n|\n|t:|1684017531\n|-terastallize|p1a: Hawlucha|Steel\n|move|p1a: Hawlucha|Swords Dance|p1a: Hawlucha\n|-boost|p1a: Hawlucha|atk|2\n|move|p1b: Indeedee|Heal Pulse|p1a: Hawlucha\n|-heal|p1a: Hawlucha|58\/100\n|move|p2a: Tyranitar|Thunder Punch|p1a: Hawlucha\n|-damage|p1a: Hawlucha|22\/100\n|-status|p1a: Hawlucha|par\n|move|p2b: Hatterene|Trick Room|p2b: Hatterene\n|-fieldstart|move: Trick Room|[of] p2b: Hatterene\n|\n|-weather|Sandstorm|[upkeep]\n|-damage|p2b: Hatterene|88\/100|[from] Sandstorm\n|-damage|p2a: Tyranitar|72\/100|[from] Sandstorm\n|upkeep\n|turn|4\n|inactive|JoyBoy869 has 30 seconds left.\n|\n|t:|1684017565\n|move|p2b: Hatterene|Giga Drain|p1b: Indeedee\n|-damage|p1b: Indeedee|14\/100\n|-heal|p2b: Hatterene|100\/100|[from] drain|[of] p1b: Indeedee\n|-damage|p2b: Hatterene|91\/100|[from] item: Life Orb\n|move|p2a: Tyranitar|Stomping Tantrum|p1a: Hawlucha\n|-supereffective|p1a: Hawlucha\n|-damage|p1a: Hawlucha|0 fnt\n|faint|p1a: Hawlucha\n|move|p1b: Indeedee|Heal Pulse|p1: Hawlucha|[notarget]\n|-fail|p1b: Indeedee\n|\n|-weather|Sandstorm|[upkeep]\n|-damage|p2b: Hatterene|85\/100|[from] Sandstorm\n|-damage|p2a: Tyranitar|67\/100|[from] Sandstorm\n|upkeep\n|\n|t:|1684017580\n|switch|p1a: Armarouge|Armarouge, L50, M|94\/100\n|turn|5\n|inactive|JoyBoy869 has 30 seconds left.\n|\n|t:|1684017613\n|move|p1b: Indeedee|Follow Me|p1b: Indeedee\n|-singleturn|p1b: Indeedee|move: Follow Me\n|move|p2b: Hatterene|Dazzling Gleam|p1a: Armarouge|[spread] p1a,p1b\n|-resisted|p1a: Armarouge\n|-damage|p1a: Armarouge|69\/100\n|-damage|p1b: Indeedee|0 fnt\n|faint|p1b: Indeedee\n|-damage|p2b: Hatterene|75\/100|[from] item: Life Orb\n|move|p2a: Tyranitar|Stone Edge|p1a: Armarouge\n|-supereffective|p1a: Armarouge\n|-damage|p1a: Armarouge|0 fnt\n|faint|p1a: Armarouge\n|\n|-weather|none\n|upkeep\n|-message|vhne forfeited.\n|\n|win|JoyBoy869\n|raw|vhne's rating: 1242 → 1214<\/strong> (-28 for losing)\n|raw|JoyBoy869's rating: 1203 → 1231<\/strong> (+28 for winning)\n|l|\u2606vhne\n","uploadtime":1684017632,"views":7,"p1id":"vhne","p2id":"joyboy869","formatid":"gen9vgc2023regulationc","rating":1214,"private":0,"password":""}