{"id":"gen9vgc2023regulationc-1846756186","p1":"Vincent Nacho","p2":"rina slaywayama","format":"[Gen 9] VGC 2023 Regulation C","log":"|j|\u2606Vincent Nacho\n|j|\u2606rina slaywayama\n|t:|1681874613\n|gametype|doubles\n|player|p1|Vincent Nacho|266|1607\n|player|p2|rina slaywayama|266|1520\n|teamsize|p1|6\n|teamsize|p2|6\n|gen|9\n|tier|[Gen 9] VGC 2023 Regulation C\n|rated|\n|rule|Species Clause: Limit one of each Pok\u00e9mon\n|rule|Item Clause: Limit one of each item\n|clearpoke\n|poke|p1|Indeedee-F, L50, F|\n|poke|p1|Armarouge, L50, M|\n|poke|p1|Lycanroc, L50, F|\n|poke|p1|Tyranitar, L50, F|\n|poke|p1|Scream Tail, L50|\n|poke|p1|Gyarados, L50, M|\n|poke|p2|Palafin, L50, F|\n|poke|p2|Amoonguss, L50, F|\n|poke|p2|Arcanine, L50, F|\n|poke|p2|Flutter Mane, L50|\n|poke|p2|Kingambit, L50, F|\n|poke|p2|Dragonite, L50, F|\n|teampreview|4\nrina slaywayama rejected open team sheets.\n|\n|t:|1681874630\n|start\n|switch|p1a: Scream Tail|Scream Tail, L50|100\/100\n|switch|p1b: Tyranitar|Tyranitar, L50, F|100\/100\n|switch|p2a: Kingambit|Kingambit, L50, F|100\/100\n|switch|p2b: Palafin|Palafin, L50, F|100\/100\n|-weather|Sandstorm|[from] ability: Sand Stream|[of] p1b: Tyranitar\n|-enditem|p1a: Scream Tail|Booster Energy\n|-activate|p1a: Scream Tail|ability: Protosynthesis|[fromitem]\n|-start|p1a: Scream Tail|protosynthesisspe\n|turn|1\n|\n|t:|1681874640\n|detailschange|p2b: Palafin|Palafin-Hero, L50, F\n|switch|p2b: Amoonguss|Amoonguss, L50, F, shiny|100\/100\n|-terastallize|p1b: Tyranitar|Flying\n|move|p2a: Kingambit|Protect|p2a: Kingambit\n|-singleturn|p2a: Kingambit|Protect\n|move|p1a: Scream Tail|Howl|p1a: Scream Tail|[spread] p1a,p1b\n|-boost|p1a: Scream Tail|atk|1\n|-boost|p1b: Tyranitar|atk|1\n|move|p1b: Tyranitar|Rock Slide|p2b: Amoonguss|[spread] p2b\n|-activate|p2a: Kingambit|move: Protect\n|-damage|p2b: Amoonguss|57\/100\n|\n|-weather|Sandstorm|[upkeep]\n|-damage|p1a: Scream Tail|95\/100|[from] Sandstorm\n|-damage|p1b: Tyranitar|95\/100|[from] Sandstorm\n|-damage|p2b: Amoonguss|51\/100|[from] Sandstorm\n|upkeep\n|turn|2\n|\n|t:|1681874659\n|switch|p2b: Arcanine|Arcanine, L50, F|100\/100\n|-ability|p2b: Arcanine|Intimidate|boost\n|-unboost|p1a: Scream Tail|atk|1\n|-unboost|p1b: Tyranitar|atk|1\n|move|p1a: Scream Tail|Encore|p2a: Kingambit\n|-start|p2a: Kingambit|Encore\n|move|p2a: Kingambit|Protect||[still]\n|-fail|p2a: Kingambit\n|move|p1b: Tyranitar|Tera Blast|p2b: Arcanine\n|-damage|p2b: Arcanine|53\/100\n|\n|-weather|Sandstorm|[upkeep]\n|-damage|p1a: Scream Tail|89\/100|[from] Sandstorm\n|-damage|p1b: Tyranitar|89\/100|[from] Sandstorm\n|upkeep\n|turn|3\n|\n|t:|1681874672\n|switch|p2a: Amoonguss|Amoonguss, L50, F, shiny|84\/100\n|move|p1a: Scream Tail|Howl|p1a: Scream Tail|[spread] p1a,p1b\n|-boost|p1a: Scream Tail|atk|1\n|-boost|p1b: Tyranitar|atk|1\n|move|p2b: Arcanine|Will-O-Wisp|p1b: Tyranitar\n|-status|p1b: Tyranitar|brn\n|move|p1b: Tyranitar|Rock Slide|p2b: Arcanine|[spread] p2a\n|-miss|p1b: Tyranitar|p2b: Arcanine\n|-damage|p2a: Amoonguss|65\/100\n|\n|-weather|Sandstorm|[upkeep]\n|-damage|p1a: Scream Tail|83\/100|[from] Sandstorm\n|-damage|p1b: Tyranitar|83\/100 brn|[from] Sandstorm\n|-damage|p2a: Amoonguss|59\/100|[from] Sandstorm\n|-damage|p1b: Tyranitar|77\/100 brn|[from] brn\n|upkeep\n|turn|4\n|\n|t:|1681874698\n|switch|p2b: Palafin|Palafin-Hero, L50, F|100\/100\n|-activate|p2b: Palafin|ability: Zero to Hero\n|move|p1a: Scream Tail|Misty Terrain|p1a: Scream Tail\n|-fieldstart|move: Misty Terrain\n|move|p1b: Tyranitar|Rock Slide|p2a: Amoonguss|[spread] p2a,p2b\n|-damage|p2a: Amoonguss|39\/100\n|-damage|p2b: Palafin|77\/100\n|-enditem|p2a: Amoonguss|Sitrus Berry|[eat]\n|-heal|p2a: Amoonguss|64\/100|[from] item: Sitrus Berry\n|move|p2a: Amoonguss|Clear Smog|p1b: Tyranitar\n|-damage|p1b: Tyranitar|68\/100 brn\n|-clearboost|p1b: Tyranitar\n|\n|-weather|Sandstorm|[upkeep]\n|-damage|p1a: Scream Tail|77\/100|[from] Sandstorm\n|-damage|p2b: Palafin|71\/100|[from] Sandstorm\n|-damage|p1b: Tyranitar|62\/100 brn|[from] Sandstorm\n|-damage|p2a: Amoonguss|58\/100|[from] Sandstorm\n|-damage|p1b: Tyranitar|57\/100 brn|[from] brn\n|upkeep\n|turn|5\n|\n|t:|1681874729\n|-terastallize|p2b: Palafin|Water\n|move|p2b: Palafin|Jet Punch|p1b: Tyranitar\n|-damage|p1b: Tyranitar|2\/100 brn\n|move|p1a: Scream Tail|Play Rough|p2b: Palafin\n|-damage|p2b: Palafin|40\/100\n|move|p1b: Tyranitar|Tera Blast|p2a: Amoonguss\n|-supereffective|p2a: Amoonguss\n|-damage|p2a: Amoonguss|20\/100\n|move|p2a: Amoonguss|Pollen Puff|p2b: Palafin\n|-heal|p2b: Palafin|89\/100\n|\n|-weather|none\n|-damage|p1b: Tyranitar|0 fnt|[from] brn\n|faint|p1b: Tyranitar\n|upkeep\n|\n|t:|1681874743\n|switch|p1b: Indeedee|Indeedee-F, L50, F|100\/100\n|-fieldstart|move: Psychic Terrain|[from] ability: Psychic Surge|[of] p1b: Indeedee\n|turn|6\n|\n|t:|1681874757\n|switch|p2a: Kingambit|Kingambit, L50, F|100\/100\n|move|p1b: Indeedee|Follow Me|p1b: Indeedee\n|-singleturn|p1b: Indeedee|move: Follow Me\n|move|p1a: Scream Tail|Encore|p2b: Palafin\n|-start|p2b: Palafin|Encore\n|move|p2b: Palafin|Jet Punch|p1b: Indeedee\n|-activate|p1b: Indeedee|move: Psychic Terrain\n|\n|upkeep\n|turn|7\n|\n|t:|1681874770\n|switch|p2b: Arcanine|Arcanine, L50, F|53\/100\n|-ability|p2b: Arcanine|Intimidate|boost\n|-unboost|p1a: Scream Tail|atk|1\n|-unboost|p1b: Indeedee|atk|1\n|switch|p1b: Lycanroc|Lycanroc, L50, F|100\/100\n|move|p1a: Scream Tail|Howl|p1a: Scream Tail|[spread] p1a,p1b\n|-boost|p1a: Scream Tail|atk|1\n|-boost|p1b: Lycanroc|atk|1\n|move|p2a: Kingambit|Kowtow Cleave|p1b: Lycanroc\n|-damage|p1b: Lycanroc|3\/100\n|\n|upkeep\n|turn|8\n|\n|t:|1681874797\n|move|p1a: Scream Tail|Play Rough|p2a: Kingambit\n|-damage|p2a: Kingambit|76\/100\n|-unboost|p2a: Kingambit|atk|1\n|-ability|p2a: Kingambit|Defiant|boost\n|-boost|p2a: Kingambit|atk|2\n|move|p1b: Lycanroc|Rock Slide|p2b: Arcanine|[spread] p2a,p2b\n|-resisted|p2a: Kingambit\n|-supereffective|p2b: Arcanine\n|-damage|p2a: Kingambit|61\/100\n|-damage|p2b: Arcanine|0 fnt\n|faint|p2b: Arcanine\n|cant|p2a: Kingambit|flinch\n|\n|upkeep\n|\n|t:|1681874808\n|switch|p2b: Amoonguss|Amoonguss, L50, F, shiny|53\/100\n|turn|9\n|\n|t:|1681874832\n|move|p1a: Scream Tail|Howl|p1a: Scream Tail|[spread] p1a,p1b\n|-boost|p1a: Scream Tail|atk|1\n|-boost|p1b: Lycanroc|atk|1\n|move|p1b: Lycanroc|Rock Slide|p2b: Amoonguss|[spread] p2a,p2b\n|-resisted|p2a: Kingambit\n|-damage|p2a: Kingambit|40\/100\n|-damage|p2b: Amoonguss|6\/100\n|move|p2a: Kingambit|Kowtow Cleave|p1b: Lycanroc\n|-damage|p1b: Lycanroc|0 fnt\n|faint|p1b: Lycanroc\n|move|p2b: Amoonguss|Pollen Puff|p2a: Kingambit\n|-heal|p2a: Kingambit|90\/100\n|\n|upkeep\n|\n|t:|1681874845\n|switch|p1b: Indeedee|Indeedee-F, L50, F|100\/100\n|turn|10\n|\n|t:|1681874853\n|switch|p2b: Palafin|Palafin-Hero, L50, F, tera:Water|89\/100\n|move|p1a: Scream Tail|Play Rough|p2a: Kingambit\n|-damage|p2a: Kingambit|57\/100\n|move|p1b: Indeedee|Dazzling Gleam|p2a: Kingambit|[spread] p2a,p2b\n|-damage|p2a: Kingambit|43\/100\n|-damage|p2b: Palafin|76\/100\n|move|p2a: Kingambit|Kowtow Cleave|p1b: Indeedee\n|-supereffective|p1b: Indeedee\n|-damage|p1b: Indeedee|0 fnt\n|faint|p1b: Indeedee\n|\n|-fieldend|move: Psychic Terrain\n|upkeep\n|turn|11\n|-message|Vincent Nacho forfeited.\n|\n|win|rina slaywayama\n|raw|Vincent Nacho's rating: 1607 → 1582<\/strong> (-25 for losing)\n|raw|rina slaywayama's rating: 1520 → 1545<\/strong> (+25 for winning)\n|l|\u2606Vincent Nacho\n","uploadtime":1681874865,"views":8,"p1id":"vincentnacho","p2id":"rinaslaywayama","formatid":"gen9vgc2023regulationc","rating":1545,"private":0,"password":""}