{"id":"gen9vgc2023regulationc-1857794218","p1":"shsjsjj","p2":"GORILAMVP","format":"[Gen 9] VGC 2023 Regulation C","log":"|j|\u2606shsjsjj\n|j|\u2606GORILAMVP\n|t:|1683232428\n|gametype|doubles\n|player|p1|shsjsjj|101|1059\n|player|p2|GORILAMVP|265|1043\n|teamsize|p1|6\n|teamsize|p2|6\n|gen|9\n|tier|[Gen 9] VGC 2023 Regulation C\n|rated|\n|rule|Species Clause: Limit one of each Pok\u00e9mon\n|rule|Item Clause: Limit one of each item\n|clearpoke\n|poke|p1|Chien-Pao, L50|\n|poke|p1|Ting-Lu, L50|\n|poke|p1|Arcanine, L50, M|\n|poke|p1|Flutter Mane, L50|\n|poke|p1|Skeledirge, L50, F|\n|poke|p1|Amoonguss, L50, M|\n|poke|p2|Flutter Mane, L50|\n|poke|p2|Arcanine, L50, F|\n|poke|p2|Palafin, L50, F|\n|poke|p2|Amoonguss, L50, M|\n|poke|p2|Roaring Moon, L50|\n|poke|p2|Ting-Lu, L50|\n|teampreview|4\n|inactive|Battle timer is ON: inactive players will automatically lose when time's up. (requested by GORILAMVP)\n|inactive|shsjsjj has 60 seconds left.\n|inactive|GORILAMVP has 60 seconds left.\n|inactive|shsjsjj has 30 seconds left.\n|inactive|shsjsjj has 20 seconds left.\n|\n|t:|1683232502\n|start\n|switch|p1a: Arcanine|Arcanine, L50, M|100\/100\n|switch|p1b: Ting-Lu|Ting-Lu, L50|100\/100\n|switch|p2a: Palafin|Palafin, L50, F, shiny|100\/100\n|switch|p2b: Roaring Moon|Roaring Moon, L50|100\/100\n|-ability|p1a: Arcanine|Intimidate|boost\n|-unboost|p2a: Palafin|atk|1\n|-unboost|p2b: Roaring Moon|atk|1\n|-ability|p1b: Ting-Lu|Vessel of Ruin\n|-enditem|p2b: Roaring Moon|Booster Energy\n|-activate|p2b: Roaring Moon|ability: Protosynthesis|[fromitem]\n|-start|p2b: Roaring Moon|protosynthesisatk\n|turn|1\n|inactive|GORILAMVP has 30 seconds left.\n|\n|t:|1683232533\n|detailschange|p2a: Palafin|Palafin-Hero, L50, F, shiny\n|switch|p2a: Arcanine|Arcanine, L50, F, shiny|100\/100\n|-ability|p2a: Arcanine|Intimidate|boost\n|-unboost|p1a: Arcanine|atk|1\n|-unboost|p1b: Ting-Lu|atk|1\n|move|p1a: Arcanine|Close Combat|p2b: Roaring Moon\n|-supereffective|p2b: Roaring Moon\n|-damage|p2b: Roaring Moon|45\/100\n|-unboost|p1a: Arcanine|def|1\n|-unboost|p1a: Arcanine|spd|1\n|move|p2b: Roaring Moon|Dragon Dance|p2b: Roaring Moon\n|-boost|p2b: Roaring Moon|atk|1\n|-boost|p2b: Roaring Moon|spe|1\n|move|p1b: Ting-Lu|Fissure|p2a: Arcanine|[miss]\n|-miss|p1b: Ting-Lu|p2a: Arcanine\n|\n|upkeep\n|turn|2\n|inactive|shsjsjj has 30 seconds left.\n|inactive|GORILAMVP has 30 seconds left.\n|inactive|GORILAMVP has 20 seconds left.\n|inactive|GORILAMVP has 15 seconds left.\n|inactive|GORILAMVP has 10 seconds left.\n|\n|t:|1683232581\n|switch|p1a: Amoonguss|Amoonguss, L50, M|100\/100\n|-terastallize|p2b: Roaring Moon|Flying\n|move|p2b: Roaring Moon|Acrobatics|p1a: Amoonguss\n|-supereffective|p1a: Amoonguss\n|-damage|p1a: Amoonguss|0 fnt\n|faint|p1a: Amoonguss\n|move|p2a: Arcanine|Will-O-Wisp|p1b: Ting-Lu\n|-status|p1b: Ting-Lu|brn\n|move|p1b: Ting-Lu|Stomping Tantrum|p2b: Roaring Moon\n|-immune|p2b: Roaring Moon\n|\n|-damage|p1b: Ting-Lu|94\/100 brn|[from] brn\n|upkeep\n|\n|t:|1683232590\n|switch|p1a: Arcanine|Arcanine, L50, M|100\/100\n|-ability|p1a: Arcanine|Intimidate|boost\n|-unboost|p2a: Arcanine|atk|1\n|-unboost|p2b: Roaring Moon|atk|1\n|turn|3\n|inactive|GORILAMVP has 30 seconds left.\n|\n|t:|1683232617\n|move|p1a: Arcanine|Extreme Speed|p2b: Roaring Moon\n|-crit|p2b: Roaring Moon\n|-damage|p2b: Roaring Moon|2\/100\n|move|p2a: Arcanine|Extreme Speed|p1a: Arcanine\n|-damage|p1a: Arcanine|77\/100\n|move|p2b: Roaring Moon|Acrobatics|p1a: Arcanine\n|-damage|p1a: Arcanine|4\/100\n|-enditem|p1a: Arcanine|Sitrus Berry|[eat]\n|-heal|p1a: Arcanine|28\/100|[from] item: Sitrus Berry\n|move|p1b: Ting-Lu|Fissure|p2a: Arcanine|[miss]\n|-miss|p1b: Ting-Lu|p2a: Arcanine\n|\n|-damage|p1b: Ting-Lu|88\/100 brn|[from] brn\n|upkeep\n|turn|4\n|\n|t:|1683232640\n|move|p2b: Roaring Moon|Protect|p2b: Roaring Moon\n|-singleturn|p2b: Roaring Moon|Protect\n|move|p1a: Arcanine|Extreme Speed|p2b: Roaring Moon\n|-activate|p2b: Roaring Moon|move: Protect\n|move|p2a: Arcanine|Extreme Speed|p1a: Arcanine\n|-damage|p1a: Arcanine|7\/100\n|move|p1b: Ting-Lu|Fissure|p2a: Arcanine|[miss]\n|-miss|p1b: Ting-Lu|p2a: Arcanine\n|\n|-damage|p1b: Ting-Lu|82\/100 brn|[from] brn\n|upkeep\n|turn|5\n|\n|t:|1683232658\n|-end|p2b: Roaring Moon|Protosynthesis|[silent]\n|switch|p2b: Amoonguss|Amoonguss, L50, M, shiny|100\/100\n|move|p1a: Arcanine|Extreme Speed|p2b: Amoonguss\n|-damage|p2b: Amoonguss|79\/100\n|move|p2a: Arcanine|Extreme Speed|p1a: Arcanine\n|-damage|p1a: Arcanine|0 fnt\n|faint|p1a: Arcanine\n|move|p1b: Ting-Lu|Fissure|p2a: Arcanine\n|-damage|p2a: Arcanine|0 fnt\n|faint|p2a: Arcanine\n|-ohko\n|\n|-damage|p1b: Ting-Lu|76\/100 brn|[from] brn\n|upkeep\n|\n|t:|1683232674\n|switch|p1a: Flutter Mane|Flutter Mane, L50|100\/100\n|switch|p2a: Palafin|Palafin-Hero, L50, F, shiny|100\/100\n|-activate|p2a: Palafin|ability: Zero to Hero\n|-enditem|p1a: Flutter Mane|Booster Energy\n|-activate|p1a: Flutter Mane|ability: Protosynthesis|[fromitem]\n|-start|p1a: Flutter Mane|protosynthesisspe\n|turn|6\n|\n|t:|1683232696\n|-terastallize|p1b: Ting-Lu|Poison\n|move|p1a: Flutter Mane|Protect|p1a: Flutter Mane\n|-singleturn|p1a: Flutter Mane|Protect\n|move|p2b: Amoonguss|Rage Powder|p2b: Amoonguss\n|-singleturn|p2b: Amoonguss|move: Rage Powder\n|move|p2a: Palafin|Wave Crash|p1a: Flutter Mane\n|-activate|p1a: Flutter Mane|move: Protect\n|move|p1b: Ting-Lu|Fissure|p2b: Amoonguss|[miss]\n|-miss|p1b: Ting-Lu|p2b: Amoonguss\n|\n|-damage|p1b: Ting-Lu|70\/100 brn|[from] brn\n|upkeep\n|turn|7\n|\n|t:|1683232717\n|move|p2b: Amoonguss|Rage Powder|p2b: Amoonguss\n|-singleturn|p2b: Amoonguss|move: Rage Powder\n|move|p1a: Flutter Mane|Moonblast|p2b: Amoonguss\n|-resisted|p2b: Amoonguss\n|-damage|p2b: Amoonguss|61\/100\n|move|p2a: Palafin|Wave Crash|p1a: Flutter Mane\n|-crit|p1a: Flutter Mane\n|-damage|p1a: Flutter Mane|0 fnt\n|faint|p1a: Flutter Mane\n|-end|p1a: Flutter Mane|Protosynthesis|[silent]\n|-damage|p2a: Palafin|79\/100|[from] Recoil\n|move|p1b: Ting-Lu|Fissure|p2b: Amoonguss|[miss]\n|-miss|p1b: Ting-Lu|p2b: Amoonguss\n|\n|-damage|p1b: Ting-Lu|64\/100 brn|[from] brn\n|upkeep\n|turn|8\n|c|\u2606GORILAMVP|gg\n|-message|shsjsjj forfeited.\n|\n|win|GORILAMVP\n|raw|shsjsjj's rating: 1059 → 1039<\/strong> (-20 for losing)\n|raw|GORILAMVP's rating: 1043 → 1078<\/strong> (+35 for winning)\n|l|\u2606shsjsjj\n","uploadtime":1683232737,"views":6,"p1id":"shsjsjj","p2id":"gorilamvp","formatid":"gen9vgc2023regulationc","rating":1039,"private":0,"password":""}