{"id":"gen9vgc2023regulationc-1860410745","p1":"taterstotz","p2":"Marnbarn","format":"[Gen 9] VGC 2023 Regulation C","log":"|j|\u2606taterstotz\n|j|\u2606Marnbarn\n|t:|1683641829\n|gametype|doubles\n|player|p1|taterstotz|266|1128\n|player|p2|Marnbarn|102|1074\n|teamsize|p1|6\n|teamsize|p2|6\n|gen|9\n|tier|[Gen 9] VGC 2023 Regulation C\n|rated|\n|rule|Species Clause: Limit one of each Pok\u00e9mon\n|rule|Item Clause: Limit one of each item\n|clearpoke\n|poke|p1|Grafaiai, L50, F|\n|poke|p1|Maushold, L50|\n|poke|p1|Annihilape, L50, M|\n|poke|p1|Ting-Lu, L50|\n|poke|p1|Gyarados, L50, F|\n|poke|p1|Tyranitar, L50, M|\n|poke|p2|Slaking, L50, M|\n|poke|p2|Grafaiai, L50, M|\n|poke|p2|Dragonite, L50, F|\n|poke|p2|Dragapult, L50, F|\n|poke|p2|Chi-Yu, L50|\n|poke|p2|Gothitelle, L50, M|\n|teampreview|4\n|inactive|Battle timer is ON: inactive players will automatically lose when time's up. (requested by taterstotz)\ntaterstotz has agreed to open team sheets.\n|inactive|taterstotz has 60 seconds left.\nMarnbarn has agreed to open team sheets.\n|\n|t:|1683641867\n|start\n|switch|p1a: Annihilape|Annihilape, L50, M|100\/100\n|switch|p1b: Gyarados|Gyarados, L50, F|100\/100\n|switch|p2a: Slaking|Slaking, L50, M|100\/100\n|switch|p2b: Grafaiai|Grafaiai, L50, M|100\/100\n|-ability|p1b: Gyarados|Intimidate|boost\n|-unboost|p2a: Slaking|atk|1\n|-unboost|p2b: Grafaiai|atk|1\n|turn|1\n|inactive|Marnbarn has 30 seconds left.\n|\n|t:|1683641900\n|switch|p1b: Tyranitar|Tyranitar, L50, M|100\/100\n|-weather|Sandstorm|[from] ability: Sand Stream|[of] p1b: Tyranitar\n|-terastallize|p2a: Slaking|Ghost\n|move|p1a: Annihilape|Protect|p1a: Annihilape\n|-singleturn|p1a: Annihilape|Protect\n|move|p2b: Grafaiai|Doodle|p1a: Annihilape\n|-endability|p2a: Slaking|Truant|[from] move: Doodle\n|-ability|p2a: Slaking|Defiant|[from] move: Doodle\n|-endability|p2b: Grafaiai|Prankster|[from] move: Doodle\n|-ability|p2b: Grafaiai|Defiant|[from] move: Doodle\n|move|p2a: Slaking|Shadow Claw|p1a: Annihilape\n|-activate|p1a: Annihilape|move: Protect\n|\n|-weather|Sandstorm|[upkeep]\n|-damage|p2b: Grafaiai|95\/100|[from] Sandstorm\n|-damage|p2a: Slaking|94\/100|[from] Sandstorm\n|-damage|p1a: Annihilape|95\/100|[from] Sandstorm\n|-heal|p1a: Annihilape|100\/100|[from] item: Leftovers\n|upkeep\n|turn|2\n|inactive|taterstotz has 30 seconds left.\n|inactive|Marnbarn has 30 seconds left.\n|\n|t:|1683641933\n|switch|p2a: Gothitelle|Gothitelle, L50, M|100\/100\n|-terastallize|p1a: Annihilape|Fire\n|move|p2b: Grafaiai|Parting Shot|p1b: Tyranitar\n|-unboost|p1b: Tyranitar|atk|1\n|-unboost|p1b: Tyranitar|spa|1\n|\n|t:|1683641941\n|switch|p2b: Chi-Yu|Chi-Yu, L50|100\/100|[from] Parting Shot\n|-ability|p2b: Chi-Yu|Beads of Ruin\n|move|p1a: Annihilape|Bulk Up|p1a: Annihilape\n|-boost|p1a: Annihilape|atk|1\n|-boost|p1a: Annihilape|def|1\n|move|p1b: Tyranitar|Crunch|p2a: Gothitelle\n|-supereffective|p2a: Gothitelle\n|-damage|p2a: Gothitelle|15\/100\n|\n|-weather|Sandstorm|[upkeep]\n|-damage|p2b: Chi-Yu|94\/100|[from] Sandstorm\n|-damage|p2a: Gothitelle|9\/100|[from] Sandstorm\n|-damage|p1a: Annihilape|95\/100|[from] Sandstorm\n|-heal|p1a: Annihilape|100\/100|[from] item: Leftovers\n|-status|p2a: Gothitelle|tox|[from] item: Toxic Orb\n|upkeep\n|turn|3\n|inactive|Marnbarn has 30 seconds left.\n|\n|t:|1683641970\n|move|p1a: Annihilape|Protect|p1a: Annihilape\n|-singleturn|p1a: Annihilape|Protect\n|move|p2b: Chi-Yu|Dark Pulse|p1b: Tyranitar\n|-resisted|p1b: Tyranitar\n|-damage|p1b: Tyranitar|90\/100\n|move|p2a: Gothitelle|Psychic|p1a: Annihilape\n|-activate|p1a: Annihilape|move: Protect\n|move|p1b: Tyranitar|Rock Slide|p2b: Chi-Yu|[spread] p2b\n|-miss|p1b: Tyranitar|p2a: Gothitelle\n|-supereffective|p2b: Chi-Yu\n|-damage|p2b: Chi-Yu|28\/100\n|\n|-weather|Sandstorm|[upkeep]\n|-damage|p2b: Chi-Yu|22\/100|[from] Sandstorm\n|-damage|p2a: Gothitelle|3\/100 tox|[from] Sandstorm\n|-damage|p1a: Annihilape|95\/100|[from] Sandstorm\n|-heal|p1a: Annihilape|100\/100|[from] item: Leftovers\n|-damage|p2a: Gothitelle|0 fnt|[from] psn\n|faint|p2a: Gothitelle\n|upkeep\n|\n|t:|1683641987\n|switch|p2a: Grafaiai|Grafaiai, L50, M|95\/100\n|turn|4\n|\n|t:|1683642007\n|switch|p1b: Maushold|Maushold, L50|100\/100\n|move|p2b: Chi-Yu|Dark Pulse|p1a: Annihilape\n|-damage|p1a: Annihilape|62\/100\n|move|p2a: Grafaiai|Knock Off|p1a: Annihilape\n|-damage|p1a: Annihilape|48\/100\n|-enditem|p1a: Annihilape|Leftovers|[from] move: Knock Off|[of] p2a: Grafaiai\n|move|p1a: Annihilape|Rage Fist|p2b: Chi-Yu\n|-resisted|p2b: Chi-Yu\n|-damage|p2b: Chi-Yu|0 fnt\n|faint|p2b: Chi-Yu\n|\n|-weather|Sandstorm|[upkeep]\n|-damage|p2a: Grafaiai|89\/100|[from] Sandstorm\n|-damage|p1a: Annihilape|43\/100|[from] Sandstorm\n|upkeep\n|\n|t:|1683642022\n|switch|p2b: Slaking|Slaking, L50, M, tera:Ghost|94\/100\n|turn|5\n|\n|t:|1683642035\n|switch|p1b: Gyarados|Gyarados, L50, F|100\/100\n|-ability|p1b: Gyarados|Intimidate|boost\n|-unboost|p2a: Grafaiai|atk|1\n|-unboost|p2b: Slaking|atk|1\n|move|p2a: Grafaiai|Doodle|p1b: Gyarados\n|-endability|p2a: Grafaiai|Prankster|[from] move: Doodle\n|-ability|p2a: Grafaiai|Intimidate|boost\n|-unboost|p1a: Annihilape|atk|1\n|-ability|p1a: Annihilape|Defiant|boost\n|-boost|p1a: Annihilape|atk|2\n|-unboost|p1b: Gyarados|atk|1\n|-ability|p2a: Grafaiai|Intimidate|[from] move: Doodle\n|-endability|p2b: Slaking|Truant|[from] move: Doodle\n|-ability|p2b: Slaking|Intimidate|boost\n|-unboost|p1a: Annihilape|atk|1\n|-ability|p1a: Annihilape|Defiant|boost\n|-boost|p1a: Annihilape|atk|2\n|-unboost|p1b: Gyarados|atk|1\n|-ability|p2b: Slaking|Intimidate|[from] move: Doodle\n|move|p2b: Slaking|Drain Punch|p1a: Annihilape\n|-damage|p1a: Annihilape|28\/100\n|-heal|p2b: Slaking|100\/100|[from] drain|[of] p1a: Annihilape\n|move|p1a: Annihilape|Rage Fist|p2b: Slaking\n|-supereffective|p2b: Slaking\n|-damage|p2b: Slaking|0 fnt\n|faint|p2b: Slaking\n|\n|-weather|none\n|upkeep\n|turn|6\n|inactive|taterstotz has 30 seconds left.\n|\n|t:|1683642060\n|move|p2a: Grafaiai|Gunk Shot|p1a: Annihilape\n|-damage|p1a: Annihilape|4\/100\n|-status|p1a: Annihilape|psn\n|move|p1b: Gyarados|Waterfall|p2a: Grafaiai\n|-damage|p2a: Grafaiai|60\/100\n|-damage|p1b: Gyarados|84\/100|[from] item: Rocky Helmet|[of] p2a: Grafaiai\n|move|p1a: Annihilape|Drain Punch|p2a: Grafaiai\n|-damage|p2a: Grafaiai|0 fnt\n|-heal|p1a: Annihilape|24\/100 psn|[from] drain|[of] p2a: Grafaiai\n|-damage|p1a: Annihilape|7\/100 psn|[from] item: Rocky Helmet|[of] p2a: Grafaiai\n|faint|p2a: Grafaiai\n|\n|win|taterstotz\n|raw|taterstotz's rating: 1128 → 1149<\/strong> (+21 for winning)\n|raw|Marnbarn's rating: 1074 → 1056<\/strong> (-18 for losing)\n","uploadtime":1683642075,"views":11,"p1id":"taterstotz","p2id":"marnbarn","formatid":"gen9vgc2023regulationc","rating":1056,"private":0,"password":""}