{"id":"gen9vgc2023regulationc-1853325578","p1":"matteo3960","p2":"mugiwaraLux","format":"[Gen 9] VGC 2023 Regulation C","log":"|j|\u2606matteo3960\n|j|\u2606mugiwaraLux\n|t:|1682668336\n|gametype|doubles\n|player|p1|matteo3960|170|1345\n|player|p2|mugiwaraLux|1|1367\n|teamsize|p1|6\n|teamsize|p2|6\n|gen|9\n|tier|[Gen 9] VGC 2023 Regulation C\n|rated|\n|rule|Species Clause: Limit one of each Pok\u00e9mon\n|rule|Item Clause: Limit one of each item\n|clearpoke\n|poke|p1|Ting-Lu, L50|\n|poke|p1|Arcanine, L50, F|\n|poke|p1|Flutter Mane, L50|\n|poke|p1|Amoonguss, L50, F|\n|poke|p1|Kingambit, L50, M|\n|poke|p1|Palafin, L50, F|\n|poke|p2|Palafin, L50, M|\n|poke|p2|Amoonguss, L50, M|\n|poke|p2|Flutter Mane, L50|\n|poke|p2|Arcanine, L50, F|\n|poke|p2|Chien-Pao, L50|\n|poke|p2|Roaring Moon, L50|\n|teampreview|4\n|inactive|Battle timer is ON: inactive players will automatically lose when time's up. (requested by mugiwaraLux)\nmugiwaraLux has agreed to open team sheets.\nmatteo3960 has agreed to open team sheets.\n|inactive|matteo3960 has 60 seconds left.\n|inactive|mugiwaraLux has 60 seconds left.\n|inactive|mugiwaraLux has 30 seconds left.\n|\n|t:|1682668402\n|start\n|switch|p1a: Ting-Lu|Ting-Lu, L50|100\/100\n|switch|p1b: Palafin|Palafin, L50, F|100\/100\n|switch|p2a: Mimi|Flutter Mane, L50|100\/100\n|switch|p2b: Palafin|Palafin, L50, M|100\/100\n|-ability|p1a: Ting-Lu|Vessel of Ruin\n|turn|1\n|inactive|matteo3960 has 30 seconds left.\n|inactive|matteo3960 has 20 seconds left.\n|inactive|matteo3960 has 15 seconds left.\n|inactive|matteo3960 has 10 seconds left.\n|inactive|matteo3960 has 5 seconds left.\n|\n|t:|1682668453\n|detailschange|p1b: Palafin|Palafin-Hero, L50, F\n|switch|p1b: Arcanine|Arcanine, L50, F|100\/100\n|-ability|p1b: Arcanine|Intimidate|boost\n|-unboost|p2a: Mimi|atk|1\n|-unboost|p2b: Palafin|atk|1\n|detailschange|p2b: Palafin|Palafin-Hero, L50, M\n|switch|p2b: Amoonguss|Amoonguss, L50, M|100\/100\n|-terastallize|p2a: Mimi|Fairy\n|move|p2a: Mimi|Dazzling Gleam|p1a: Ting-Lu|[spread] p1a,p1b\n|-supereffective|p1a: Ting-Lu\n|-resisted|p1b: Arcanine\n|-damage|p1a: Ting-Lu|60\/100\n|-damage|p1b: Arcanine|84\/100\n|move|p1a: Ting-Lu|Heavy Slam|p2a: Mimi\n|-supereffective|p2a: Mimi\n|-damage|p2a: Mimi|2\/100\n|\n|upkeep\n|turn|2\n|inactive|matteo3960 has 30 seconds left.\n|\n|t:|1682668487\n|-end|p2a: Mimi|Protosynthesis|[silent]\n|switch|p2a: Palafin|Palafin-Hero, L50, M|100\/100\n|-activate|p2a: Palafin|ability: Zero to Hero\n|move|p1b: Arcanine|Extreme Speed|p2a: Palafin\n|-damage|p2a: Palafin|82\/100\n|move|p1a: Ting-Lu|Sand Tomb|p2b: Amoonguss\n|-damage|p2b: Amoonguss|87\/100\n|-activate|p2b: Amoonguss|move: Sand Tomb|[of] p1a: Ting-Lu\n|move|p2b: Amoonguss|Spore|p1a: Ting-Lu\n|-status|p1a: Ting-Lu|slp|[from] move: Spore\n|\n|-damage|p2b: Amoonguss|75\/100|[from] move: Sand Tomb|[partiallytrapped]\n|upkeep\n|turn|3\n|inactive|matteo3960 has 30 seconds left.\n|\n|t:|1682668516\n|switch|p1a: Palafin|Palafin-Hero, L50, F|100\/100\n|-activate|p1a: Palafin|ability: Zero to Hero\n|-terastallize|p1b: Arcanine|Water\n|move|p2a: Palafin|Wave Crash|p1a: Palafin\n|-resisted|p1a: Palafin\n|-damage|p1a: Palafin|57\/100\n|-damage|p2a: Palafin|66\/100|[from] Recoil\n|move|p1b: Arcanine|Will-O-Wisp|p2a: Palafin\n|-status|p2a: Palafin|brn\n|move|p2b: Amoonguss|Spore|p1b: Arcanine\n|-activate|p1b: Arcanine|item: Safety Goggles|Spore\n|\n|-damage|p2a: Palafin|60\/100 brn|[from] brn\n|-end|p2b: Amoonguss|Sand Tomb|[partiallytrapped]|[silent]\n|upkeep\n|turn|4\n|inactive|mugiwaraLux has 30 seconds left.\n|\n|t:|1682668545\n|move|p1a: Palafin|Substitute|p1a: Palafin\n|-start|p1a: Palafin|Substitute\n|-damage|p1a: Palafin|32\/100\n|move|p2a: Palafin|Wave Crash|p1b: Arcanine\n|-resisted|p1b: Arcanine\n|-damage|p1b: Arcanine|60\/100\n|-damage|p2a: Palafin|52\/100 brn|[from] Recoil\n|move|p1b: Arcanine|Howl||[still]|[spread] p1a,p1b\n|-fail|p1b: Arcanine\n|-boost|p1b: Arcanine|atk|1\n|move|p2b: Amoonguss|Spore||[still]\n|-fail|p2b: Amoonguss\n|\n|-damage|p2a: Palafin|46\/100 brn|[from] brn\n|upkeep\n|turn|5\n|\n|t:|1682668560\n|move|p1a: Palafin|Protect|p1a: Palafin\n|-singleturn|p1a: Palafin|Protect\n|move|p2a: Palafin|Wave Crash|p1a: Palafin\n|-activate|p1a: Palafin|move: Protect\n|move|p1b: Arcanine|Flare Blitz|p2b: Amoonguss\n|-supereffective|p2b: Amoonguss\n|-damage|p2b: Amoonguss|0 fnt\n|faint|p2b: Amoonguss\n|-damage|p1b: Arcanine|33\/100|[from] Recoil\n|\n|-damage|p2a: Palafin|40\/100 brn|[from] brn\n|upkeep\n|\n|t:|1682668563\n|switch|p2b: Chien-Pao|Chien-Pao, L50|100\/100\n|-ability|p2b: Chien-Pao|Sword of Ruin\n|turn|6\n|\n|t:|1682668584\n|move|p1b: Arcanine|Extreme Speed|p2b: Chien-Pao\n|-damage|p2b: Chien-Pao|53\/100\n|move|p2b: Chien-Pao|Sacred Sword|p1b: Arcanine\n|-damage|p1b: Arcanine|0 fnt\n|faint|p1b: Arcanine\n|move|p1a: Palafin|Wave Crash|p2b: Chien-Pao\n|-damage|p2b: Chien-Pao|0 fnt\n|faint|p2b: Chien-Pao\n|-damage|p1a: Palafin|18\/100|[from] Recoil\n|move|p2a: Palafin|Wave Crash|p1a: Palafin\n|-resisted|p1a: Palafin\n|-activate|p1a: Palafin|move: Substitute|[damage]\n|-damage|p2a: Palafin|33\/100 brn|[from] Recoil|[of] p1a: Palafin\n|\n|-damage|p2a: Palafin|28\/100 brn|[from] brn\n|upkeep\n|\n|t:|1682668598\n|switch|p2b: Mimi|Flutter Mane, L50, tera:Fairy|2\/100\n|switch|p1b: Flutter Mane|Flutter Mane, L50, shiny|100\/100\n|-enditem|p1b: Flutter Mane|Booster Energy\n|-activate|p1b: Flutter Mane|ability: Protosynthesis|[fromitem]\n|-start|p1b: Flutter Mane|protosynthesisspa\n|turn|7\n|\n|t:|1682668610\n|move|p1a: Palafin|Jet Punch|p2b: Mimi\n|-damage|p2b: Mimi|0 fnt\n|faint|p2b: Mimi\n|-end|p2b: Mimi|Protosynthesis|[silent]\n|move|p2a: Palafin|Jet Punch|p1a: Palafin\n|-resisted|p1a: Palafin\n|-end|p1a: Palafin|Substitute\n|move|p1b: Flutter Mane|Moonblast|p2a: Palafin\n|-damage|p2a: Palafin|0 fnt\n|faint|p2a: Palafin\n|\n|win|matteo3960\n|raw|matteo3960's rating: 1345 → 1366<\/strong> (+21 for winning)\n|raw|mugiwaraLux's rating: 1367 → 1346<\/strong> (-21 for losing)\n|c|\u2606mugiwaraLux|got read wrong\n|c|\u2606mugiwaraLux|assumed the arc would swap for palafin\n|c|\u2606mugiwaraLux|and youd burn turn 1 of sleep and sack ting\n|c|\u2606mugiwaraLux|ggs\n","uploadtime":1682668643,"views":6,"p1id":"matteo3960","p2id":"mugiwaralux","formatid":"gen9vgc2023regulationc","rating":1346,"private":0,"password":""}