{"id":"gen9vgc2023regulationc-1855062907","p1":"Maelstrom309","p2":"RagnaC","format":"[Gen 9] VGC 2023 Regulation C","log":"|j|\u2606Maelstrom309\n|j|\u2606RagnaC\n|t:|1682896776\n|gametype|doubles\n|player|p1|Maelstrom309|hilbert|\n|player|p2|RagnaC|red|\n|teamsize|p1|6\n|teamsize|p2|6\n|gen|9\n|tier|[Gen 9] VGC 2023 Regulation C\n|rule|Species Clause: Limit one of each Pok\u00e9mon\n|rule|Item Clause: Limit one of each item\n|clearpoke\n|poke|p1|Ting-Lu, L50|\n|poke|p1|Torkoal, L50, M|\n|poke|p1|Farigiraf, L50, F|\n|poke|p1|Hariyama, L50, M|\n|poke|p1|Lilligant, L50, F|\n|poke|p1|Heracross, L50, F|\n|poke|p2|Iron Hands, L50|\n|poke|p2|Brute Bonnet, L50|\n|poke|p2|Ting-Lu, L50|\n|poke|p2|Bronzong, L50|\n|poke|p2|Gastrodon, L50, F|\n|poke|p2|Dragalge, L50, F|\n|teampreview|4\n|inactive|Battle timer is ON: inactive players will automatically lose when time's up. (requested by RagnaC)\n|inactive|Maelstrom309 has 60 seconds left.\n|inactive|RagnaC has 60 seconds left.\n|\n|t:|1682896831\n|start\n|switch|p1a: Heracross|Heracross, L50, F|100\/100\n|switch|p1b: Hariyama|Hariyama, L50, M|100\/100\n|switch|p2a: Gastrodon|Gastrodon, L50, F|100\/100\n|switch|p2b: Dragalge|Dragalge, L50, F|100\/100\n|turn|1\n|inactive|Maelstrom309 has 30 seconds left.\n|\n|t:|1682896859\n|move|p1a: Heracross|Protect|p1a: Heracross\n|-singleturn|p1a: Heracross|Protect\n|move|p1b: Hariyama|Protect|p1b: Hariyama\n|-singleturn|p1b: Hariyama|Protect\n|move|p2a: Gastrodon|Muddy Water|p1a: Heracross|[spread] \n|-activate|p1a: Heracross|move: Protect\n|-activate|p1b: Hariyama|move: Protect\n|move|p2b: Dragalge|Draco Meteor|p1a: Heracross\n|-activate|p1a: Heracross|move: Protect\n|\n|-status|p1a: Heracross|tox|[from] item: Toxic Orb\n|-status|p1b: Hariyama|brn|[from] item: Flame Orb\n|upkeep\n|turn|2\n|inactive|Maelstrom309 has 30 seconds left.\n|inactive|RagnaC has 30 seconds left.\n|\n|t:|1682896887\n|-terastallize|p1a: Heracross|Normal\n|move|p1a: Heracross|Facade|p2b: Dragalge\n|-damage|p2b: Dragalge|0 fnt\n|faint|p2b: Dragalge\n|move|p1b: Hariyama|Drain Punch|p2a: Gastrodon\n|-damage|p2a: Gastrodon|46\/100\n|move|p2a: Gastrodon|Muddy Water|p1a: Heracross|[spread] p1b\n|-miss|p2a: Gastrodon|p1a: Heracross\n|-damage|p1b: Hariyama|69\/100 brn\n|-unboost|p1b: Hariyama|accuracy|1\n|\n|-damage|p1a: Heracross|94\/100 tox|[from] psn\n|-damage|p1b: Hariyama|63\/100 brn|[from] brn\n|upkeep\n|\n|t:|1682896899\n|switch|p2b: Ting-Lu|Ting-Lu, L50|100\/100\n|-ability|p2b: Ting-Lu|Vessel of Ruin\n|turn|3\n|inactive|Maelstrom309 has 30 seconds left.\n|\n|t:|1682896929\n|-terastallize|p2b: Ting-Lu|Poison\n|move|p1a: Heracross|Facade|p2b: Ting-Lu\n|-damage|p2b: Ting-Lu|44\/100\n|move|p2b: Ting-Lu|Fissure|p1a: Heracross|[miss]\n|-miss|p2b: Ting-Lu|p1a: Heracross\n|move|p1b: Hariyama|Drain Punch|p2a: Gastrodon\n|-damage|p2a: Gastrodon|0 fnt\n|-heal|p1b: Hariyama|83\/100 brn|[from] drain|[of] p2a: Gastrodon\n|faint|p2a: Gastrodon\n|\n|-heal|p2b: Ting-Lu|50\/100|[from] item: Leftovers\n|-damage|p1a: Heracross|82\/100 tox|[from] psn\n|-damage|p1b: Hariyama|77\/100 brn|[from] brn\n|upkeep\n|\n|t:|1682896936\n|switch|p2a: Brute Bonnet|Brute Bonnet, L50|100\/100\n|turn|4\n|inactive|Maelstrom309 has 30 seconds left.\n|inactive|Maelstrom309 has 20 seconds left.\n|inactive|Maelstrom309 has 15 seconds left.\n|\n|t:|1682896981\n|move|p2a: Brute Bonnet|Rage Powder|p2a: Brute Bonnet\n|-singleturn|p2a: Brute Bonnet|move: Rage Powder\n|move|p1a: Heracross|Facade|p2a: Brute Bonnet\n|-damage|p2a: Brute Bonnet|19\/100\n|-damage|p1a: Heracross|65\/100 tox|[from] item: Rocky Helmet|[of] p2a: Brute Bonnet\n|move|p2b: Ting-Lu|Stomping Tantrum|p1a: Heracross\n|-damage|p1a: Heracross|0 fnt\n|faint|p1a: Heracross\n|move|p1b: Hariyama|Drain Punch|p2a: Brute Bonnet|[miss]\n|-miss|p1b: Hariyama|p2a: Brute Bonnet\n|\n|-heal|p2b: Ting-Lu|57\/100|[from] item: Leftovers\n|-damage|p1b: Hariyama|71\/100 brn|[from] brn\n|upkeep\n|\n|t:|1682896993\n|switch|p1a: Lilligant|Lilligant, L50, F|100\/100\n|turn|5\n|inactive|Maelstrom309 has 30 seconds left.\n|\n|t:|1682897021\n|switch|p1b: Torkoal|Torkoal, L50, M|100\/100\n|-weather|SunnyDay|[from] ability: Drought|[of] p1b: Torkoal\n|-activate|p2a: Brute Bonnet|ability: Protosynthesis\n|-start|p2a: Brute Bonnet|protosynthesisatk\n|move|p2a: Brute Bonnet|Protect|p2a: Brute Bonnet\n|-singleturn|p2a: Brute Bonnet|Protect\n|move|p1a: Lilligant|Leaf Storm|p2b: Ting-Lu\n|-resisted|p2b: Ting-Lu\n|-damage|p2b: Ting-Lu|37\/100\n|-unboost|p1a: Lilligant|spa|2\n|move|p2b: Ting-Lu|Fissure|p1a: Lilligant|[miss]\n|-miss|p2b: Ting-Lu|p1a: Lilligant\n|\n|-weather|SunnyDay|[upkeep]\n|-heal|p2b: Ting-Lu|43\/100|[from] item: Leftovers\n|upkeep\n|turn|6\n|\n|t:|1682897039\n|move|p2a: Brute Bonnet|Sucker Punch||[still]\n|-fail|p2a: Brute Bonnet\n|move|p1a: Lilligant|After You|p1b: Torkoal\n|-activate|p1b: Torkoal|move: After You\n|move|p1b: Torkoal|Eruption|p2a: Brute Bonnet|[spread] p2a,p2b\n|-supereffective|p2a: Brute Bonnet\n|-crit|p2b: Ting-Lu\n|-damage|p2a: Brute Bonnet|0 fnt\n|-damage|p2b: Ting-Lu|0 fnt\n|faint|p2a: Brute Bonnet\n|-end|p2a: Brute Bonnet|Protosynthesis|[silent]\n|faint|p2b: Ting-Lu\n|\n|win|Maelstrom309\n|c|\u2606Maelstrom309|game 2\n","uploadtime":1682897586,"views":8,"p1id":"maelstrom309","p2id":"ragnac","formatid":"gen9vgc2023regulationc","rating":0,"private":0,"password":""}