{"id":"gen9vgc2023regulationc-1860483701","p1":"Arcacagne","p2":"CornAria","format":"[Gen 9] VGC 2023 Regulation C","log":"|j|\u2606Arcacagne\n|j|\u2606CornAria\n|t:|1683648153\n|gametype|doubles\n|player|p1|Arcacagne|101|1307\n|player|p2|CornAria|2|1280\n|teamsize|p1|6\n|teamsize|p2|6\n|gen|9\n|tier|[Gen 9] VGC 2023 Regulation C\n|rated|\n|rule|Species Clause: Limit one of each Pok\u00e9mon\n|rule|Item Clause: Limit one of each item\n|clearpoke\n|poke|p1|Flutter Mane, L50|\n|poke|p1|Chi-Yu, L50|\n|poke|p1|Amoonguss, L50, F|\n|poke|p1|Annihilape, L50, F|\n|poke|p1|Scream Tail, L50|\n|poke|p1|Iron Bundle, L50|\n|poke|p2|Murkrow, L50, F|\n|poke|p2|Chi-Yu, L50|\n|poke|p2|Flutter Mane, L50|\n|poke|p2|Great Tusk, L50|\n|poke|p2|Corviknight, L50, M|\n|poke|p2|Iron Bundle, L50|\n|teampreview|4\n|\n|t:|1683648210\n|start\n|switch|p1a: Chi-Yu|Chi-Yu, L50|100\/100\n|switch|p1b: Iron Bundle|Iron Bundle, L50|100\/100\n|switch|p2a: Flutter Mane|Flutter Mane, L50|100\/100\n|switch|p2b: Murkrow|Murkrow, L50, F|100\/100\n|-ability|p1a: Chi-Yu|Beads of Ruin\n|turn|1\n|\n|t:|1683648235\n|-terastallize|p2a: Flutter Mane|Fairy\n|move|p2b: Murkrow|Tailwind|p2b: Murkrow\n|-sidestart|p2: CornAria|move: Tailwind\n|move|p2a: Flutter Mane|Dazzling Gleam|p1a: Chi-Yu|[spread] p1a,p1b\n|-damage|p1a: Chi-Yu|42\/100\n|-enditem|p1b: Iron Bundle|Focus Sash\n|-damage|p1b: Iron Bundle|1\/100\n|move|p1b: Iron Bundle|Icy Wind|p2a: Flutter Mane|[spread] p2a,p2b\n|-supereffective|p2b: Murkrow\n|-damage|p2a: Flutter Mane|72\/100\n|-enditem|p2b: Murkrow|Focus Sash\n|-damage|p2b: Murkrow|1\/100\n|-unboost|p2a: Flutter Mane|spe|1\n|-unboost|p2b: Murkrow|spe|1\n|move|p1a: Chi-Yu|Heat Wave|p2a: Flutter Mane|[spread] p2a,p2b\n|-damage|p2a: Flutter Mane|30\/100\n|-damage|p2b: Murkrow|0 fnt\n|faint|p2b: Murkrow\n|\n|upkeep\n|\n|t:|1683648250\n|switch|p2b: Chi-Yu|Chi-Yu, L50|100\/100\n|-ability|p2b: Chi-Yu|Beads of Ruin\n|turn|2\n|\n|t:|1683648280\n|move|p1b: Iron Bundle|Protect|p1b: Iron Bundle\n|-singleturn|p1b: Iron Bundle|Protect\n|move|p2b: Chi-Yu|Heat Wave|p1b: Iron Bundle|[spread] p1a\n|-activate|p1b: Iron Bundle|move: Protect\n|-resisted|p1a: Chi-Yu\n|-damage|p1a: Chi-Yu|18\/100\n|-damage|p2b: Chi-Yu|90\/100|[from] item: Life Orb\n|move|p2a: Flutter Mane|Dazzling Gleam|p1a: Chi-Yu|[spread] p1a\n|-activate|p1b: Iron Bundle|move: Protect\n|-damage|p1a: Chi-Yu|0 fnt\n|faint|p1a: Chi-Yu\n|\n|upkeep\n|\n|t:|1683648294\n|switch|p1a: Scream Tail|Scream Tail, L50|100\/100\n|-enditem|p1a: Scream Tail|Booster Energy\n|-activate|p1a: Scream Tail|ability: Protosynthesis|[fromitem]\n|-start|p1a: Scream Tail|protosynthesisspe\n|turn|3\n|\n|t:|1683648308\n|move|p2b: Chi-Yu|Heat Wave|p1a: Scream Tail|[spread] p1a,p1b\n|-damage|p1a: Scream Tail|46\/100\n|-damage|p1b: Iron Bundle|0 fnt\n|faint|p1b: Iron Bundle\n|-end|p1b: Iron Bundle|Quark Drive|[silent]\n|-damage|p2b: Chi-Yu|80\/100|[from] item: Life Orb\n|move|p1a: Scream Tail|Disable|p2a: Flutter Mane\n|-start|p2a: Flutter Mane|Disable|Dazzling Gleam\n|cant|p2a: Flutter Mane|Disable|Dazzling Gleam\n|\n|upkeep\n|\n|t:|1683648317\n|switch|p1b: Annihilape|Annihilape, L50, F|100\/100\n|turn|4\n|\n|t:|1683648340\n|-terastallize|p1b: Annihilape|Fire\n|move|p2b: Chi-Yu|Heat Wave|p1b: Annihilape|[spread] p1a,p1b\n|-crit|p1a: Scream Tail\n|-resisted|p1b: Annihilape\n|-damage|p1a: Scream Tail|0 fnt\n|-damage|p1b: Annihilape|70\/100\n|faint|p1a: Scream Tail\n|-end|p1a: Scream Tail|Protosynthesis|[silent]\n|-damage|p2b: Chi-Yu|70\/100|[from] item: Life Orb\n|-activate|p2a: Flutter Mane|move: Struggle\n|move|p2a: Flutter Mane|Struggle|p1b: Annihilape\n|-damage|p1b: Annihilape|64\/100\n|-damage|p2a: Flutter Mane|5\/100|[from] recoil\n|move|p1b: Annihilape|Bulk Up|p1b: Annihilape\n|-boost|p1b: Annihilape|atk|1\n|-boost|p1b: Annihilape|def|1\n|\n|-sideend|p2: CornAria|move: Tailwind\n|upkeep\n|turn|5\n|\n|t:|1683648360\n|-end|p2a: Flutter Mane|Protosynthesis|[silent]\n|switch|p2a: Corviknight|Corviknight, L50, M|100\/100\n|move|p2b: Chi-Yu|Dark Pulse|p1b: Annihilape\n|-damage|p1b: Annihilape|0 fnt\n|faint|p1b: Annihilape\n|-damage|p2b: Chi-Yu|60\/100|[from] item: Life Orb\n|\n|win|CornAria\n|raw|Arcacagne's rating: 1307 → 1285<\/strong> (-22 for losing)\n|raw|CornAria's rating: 1280 → 1307<\/strong> (+27 for winning)\n","uploadtime":1683648373,"views":5,"p1id":"arcacagne","p2id":"cornaria","formatid":"gen9vgc2023regulationc","rating":1285,"private":0,"password":""}