{"id":"gen9vgc2023regulationc-1857215017","p1":"CovaStar","p2":"leafyarrow","format":"[Gen 9] VGC 2023 Regulation C","log":"|j|\u2606CovaStar\n|j|\u2606leafyarrow\n|t:|1683158980\n|gametype|doubles\n|player|p1|CovaStar|pokemonranger-gen4|1151\n|player|p2|leafyarrow|leaf-masters|1201\n|teamsize|p1|6\n|teamsize|p2|6\n|gen|9\n|tier|[Gen 9] VGC 2023 Regulation C\n|rated|\n|rule|Species Clause: Limit one of each Pok\u00e9mon\n|rule|Item Clause: Limit one of each item\n|clearpoke\n|poke|p1|Pachirisu, L50, F|\n|poke|p1|Kilowattrel, L50, F|\n|poke|p1|Ting-Lu, L50|\n|poke|p1|Corviknight, L50, M|\n|poke|p1|Vivillon, L50, M|\n|poke|p1|Talonflame, L50, F|\n|poke|p2|Flutter Mane, L50|\n|poke|p2|Palafin, L50, F|\n|poke|p2|Amoonguss, L50, M|\n|poke|p2|Ting-Lu, L50|\n|poke|p2|Arcanine, L50, F|\n|poke|p2|Kingambit, L50, F|\n|teampreview|4\n|inactive|Battle timer is ON: inactive players will automatically lose when time's up. (requested by CovaStar)\nleafyarrow has agreed to open team sheets.\n|inactive|CovaStar has 60 seconds left.\n|\n|t:|1683159035\n|start\n|switch|p1a: Ting-Lu|Ting-Lu, L50|100\/100\n|switch|p1b: Corviknight|Corviknight, L50, M|100\/100\n|switch|p2a: Flutter Mane|Flutter Mane, L50|100\/100\n|switch|p2b: Palafin|Palafin, L50, F|100\/100\n|-ability|p1a: Ting-Lu|Vessel of Ruin\n|turn|1\n|inactive|CovaStar has 30 seconds left.\n|inactive|CovaStar has 20 seconds left.\n|\n|t:|1683159070\n|detailschange|p2b: Palafin|Palafin-Hero, L50, F\n|switch|p2b: Amoonguss|Amoonguss, L50, M|100\/100\n|-terastallize|p1a: Ting-Lu|Ground\n|move|p2a: Flutter Mane|Dazzling Gleam|p1a: Ting-Lu|[spread] p1a,p1b\n|-crit|p1a: Ting-Lu\n|-resisted|p1b: Corviknight\n|-damage|p1a: Ting-Lu|72\/100\n|-damage|p1b: Corviknight|81\/100\n|move|p1b: Corviknight|Brave Bird|p2b: Amoonguss\n|-supereffective|p2b: Amoonguss\n|-damage|p2b: Amoonguss|0 fnt\n|faint|p2b: Amoonguss\n|-damage|p1b: Corviknight|43\/100|[from] Recoil\n|move|p1a: Ting-Lu|Earthquake|p2a: Flutter Mane|[spread] p2a\n|-immune|p1b: Corviknight\n|-damage|p2a: Flutter Mane|14\/100\n|\n|upkeep\n|\n|t:|1683159086\n|switch|p2b: Palafin|Palafin-Hero, L50, F|100\/100\n|-activate|p2b: Palafin|ability: Zero to Hero\n|turn|2\n|\n|t:|1683159105\n|-end|p2a: Flutter Mane|Protosynthesis|[silent]\n|switch|p2a: Ting-Lu|Ting-Lu, L50|100\/100\n|-ability|p2a: Ting-Lu|Vessel of Ruin\n|switch|p1b: Vivillon|Vivillon, L50, M|100\/100\n|-terastallize|p2b: Palafin|Water\n|move|p2b: Palafin|Jet Punch|p1a: Ting-Lu\n|-supereffective|p1a: Ting-Lu\n|-damage|p1a: Ting-Lu|7\/100\n|move|p1a: Ting-Lu|Earthquake|p2a: Ting-Lu|[spread] p2a,p2b\n|-immune|p1b: Vivillon\n|-damage|p2a: Ting-Lu|74\/100\n|-damage|p2b: Palafin|52\/100\n|\n|upkeep\n|turn|3\n|inactive|leafyarrow has 30 seconds left.\n|\n|t:|1683159135\n|switch|p1a: Corviknight|Corviknight, L50, M|43\/100\n|move|p2b: Palafin|Jet Punch|p1a: Corviknight\n|-damage|p1a: Corviknight|2\/100\n|move|p1b: Vivillon|Pollen Puff|p1a: Corviknight\n|-heal|p1a: Corviknight|52\/100\n|move|p2a: Ting-Lu|Heavy Slam|p1b: Vivillon\n|-damage|p1b: Vivillon|44\/100\n|\n|upkeep\n|turn|4\n|inactive|CovaStar has 30 seconds left.\n|\n|t:|1683159162\n|move|p1b: Vivillon|Protect|p1b: Vivillon\n|-singleturn|p1b: Vivillon|Protect\n|move|p2b: Palafin|Protect|p2b: Palafin\n|-singleturn|p2b: Palafin|Protect\n|move|p1a: Corviknight|U-turn|p2a: Ting-Lu\n|-supereffective|p2a: Ting-Lu\n|-damage|p2a: Ting-Lu|45\/100\n|\n|t:|1683159170\n|switch|p1a: Kilowattrel|Kilowattrel, L50, F|100\/100|[from] U-turn\n|move|p2a: Ting-Lu|Ruination|p1a: Kilowattrel\n|-damage|p1a: Kilowattrel|51\/100\n|\n|upkeep\n|turn|5\n|\n|t:|1683159185\n|move|p1b: Vivillon|Rage Powder|p1b: Vivillon\n|-singleturn|p1b: Vivillon|move: Rage Powder\n|move|p2b: Palafin|Jet Punch|p1b: Vivillon\n|-damage|p1b: Vivillon|0 fnt\n|faint|p1b: Vivillon\n|move|p1a: Kilowattrel|Thunderbolt|p2b: Palafin\n|-supereffective|p2b: Palafin\n|-damage|p2b: Palafin|0 fnt\n|faint|p2b: Palafin\n|move|p2a: Ting-Lu|Heavy Slam|p1a: Kilowattrel\n|-resisted|p1a: Kilowattrel\n|-damage|p1a: Kilowattrel|23\/100\n|\n|upkeep\n|\n|t:|1683159210\n|switch|p1b: Corviknight|Corviknight, L50, M|52\/100\n|switch|p2b: Flutter Mane|Flutter Mane, L50|14\/100\n|turn|6\n|\n|t:|1683159228\n|switch|p1a: Ting-Lu|Ting-Lu, L50, tera:Ground|7\/100\n|-ability|p1a: Ting-Lu|Vessel of Ruin\n|move|p2b: Flutter Mane|Shadow Ball|p1b: Corviknight\n|-damage|p1b: Corviknight|7\/100\n|-ability|p1b: Corviknight|Mirror Armor\n|-unboost|p2b: Flutter Mane|spd|1\n|move|p1b: Corviknight|Iron Head|p2b: Flutter Mane\n|-supereffective|p2b: Flutter Mane\n|-damage|p2b: Flutter Mane|0 fnt\n|faint|p2b: Flutter Mane\n|-end|p2b: Flutter Mane|Protosynthesis|[silent]\n|move|p2a: Ting-Lu|Heavy Slam|p1a: Ting-Lu\n|-damage|p1a: Ting-Lu|0 fnt\n|faint|p1a: Ting-Lu\n|\n|upkeep\n|\n|t:|1683159243\n|switch|p1a: Kilowattrel|Kilowattrel, L50, F|23\/100\n|turn|7\n|\n|t:|1683159251\n|move|p1a: Kilowattrel|Air Slash|p2a: Ting-Lu\n|-damage|p2a: Ting-Lu|27\/100\n|move|p1b: Corviknight|Iron Head|p2a: Ting-Lu\n|-damage|p2a: Ting-Lu|0 fnt\n|faint|p2a: Ting-Lu\n|\n|win|CovaStar\n|raw|CovaStar's rating: 1151 → 1180<\/strong> (+29 for winning)\n|raw|leafyarrow's rating: 1201 → 1172<\/strong> (-29 for losing)\n","uploadtime":1683159255,"views":10,"p1id":"covastar","p2id":"leafyarrow","formatid":"gen9vgc2023regulationc","rating":1172,"private":0,"password":""}