{"id":"gen9vgc2023regulationc-1846320591","p1":"ccmirai","p2":"xingtian666","format":"[Gen 9] VGC 2023 Regulation C","log":"|j|\u2606ccmirai\n|j|\u2606xingtian666\n|t:|1681831399\n|gametype|doubles\n|player|p1|ccmirai|101|1503\n|player|p2|xingtian666|101|1468\n|teamsize|p1|6\n|teamsize|p2|6\n|gen|9\n|tier|[Gen 9] VGC 2023 Regulation C\n|rated|\n|rule|Species Clause: Limit one of each Pok\u00e9mon\n|rule|Item Clause: Limit one of each item\n|clearpoke\n|poke|p1|Ting-Lu, L50|\n|poke|p1|Gyarados, L50, M|\n|poke|p1|Glimmora, L50, M|\n|poke|p1|Wo-Chien, L50|\n|poke|p1|Chien-Pao, L50|\n|poke|p1|Scizor, L50, F|\n|poke|p2|Ting-Lu, L50|\n|poke|p2|Amoonguss, L50, M|\n|poke|p2|Abomasnow, L50, M|\n|poke|p2|Iron Bundle, L50|\n|poke|p2|Baxcalibur, L50, M|\n|poke|p2|Gyarados, L50, M|\n|teampreview|4\n|inactive|Battle timer is ON: inactive players will automatically lose when time's up. (requested by xingtian666)\n|inactive|ccmirai has 60 seconds left.\n|inactive|xingtian666 has 60 seconds left.\n|inactive|ccmirai has 30 seconds left.\n|\n|t:|1681831465\n|start\n|switch|p1a: Glimmora|Glimmora, L50, M|100\/100\n|switch|p1b: Scizor|Scizor, L50, F|100\/100\n|switch|p2a: Iron Bundle|Iron Bundle, L50, shiny|100\/100\n|switch|p2b: Abomasnow|Abomasnow, L50, M, shiny|100\/100\n|-weather|Snow|[from] ability: Snow Warning|[of] p2b: Abomasnow\n|-enditem|p2a: Iron Bundle|Booster Energy\n|-activate|p2a: Iron Bundle|ability: Quark Drive|[fromitem]\n|-start|p2a: Iron Bundle|quarkdrivespe\n|turn|1\n|\n|t:|1681831488\n|-terastallize|p2b: Abomasnow|Fire\n|move|p2a: Iron Bundle|Protect|p2a: Iron Bundle\n|-singleturn|p2a: Iron Bundle|Protect\n|move|p2b: Abomasnow|Tera Blast|p1b: Scizor\n|-supereffective|p1b: Scizor\n|-damage|p1b: Scizor|0 fnt\n|faint|p1b: Scizor\n|move|p1a: Glimmora|Mortal Spin|p2a: Iron Bundle|[spread] p2b\n|-activate|p2a: Iron Bundle|move: Protect\n|-damage|p2b: Abomasnow|94\/100\n|-status|p2b: Abomasnow|psn\n|\n|-weather|Snow|[upkeep]\n|-damage|p2b: Abomasnow|82\/100 psn|[from] psn\n|upkeep\n|\n|t:|1681831503\n|switch|p1b: Gyarados|Gyarados, L50, M|100\/100\n|-ability|p1b: Gyarados|Intimidate|boost\n|-unboost|p2a: Iron Bundle|atk|1\n|-unboost|p2b: Abomasnow|atk|1\n|turn|2\n|\n|t:|1681831523\n|move|p1b: Gyarados|Protect|p1b: Gyarados\n|-singleturn|p1b: Gyarados|Protect\n|move|p2a: Iron Bundle|Icy Wind|p1a: Glimmora|[spread] p1a\n|-activate|p1b: Gyarados|move: Protect\n|-damage|p1a: Glimmora|86\/100\n|-unboost|p1a: Glimmora|spe|1\n|move|p2b: Abomasnow|Aurora Veil|p2b: Abomasnow\n|-sidestart|p2: xingtian666|move: Aurora Veil\n|move|p1a: Glimmora|Power Gem|p2a: Iron Bundle\n|-supereffective|p2a: Iron Bundle\n|-damage|p2a: Iron Bundle|20\/100\n|\n|-weather|Snow|[upkeep]\n|-damage|p2b: Abomasnow|70\/100 psn|[from] psn\n|upkeep\n|turn|3\n|inactive|ccmirai has 30 seconds left.\n|\n|t:|1681831553\n|-terastallize|p1b: Gyarados|Fairy\n|move|p2a: Iron Bundle|Hydro Pump|p1a: Glimmora\n|-supereffective|p1a: Glimmora\n|-damage|p1a: Glimmora|13\/100\n|move|p2b: Abomasnow|Blizzard|p1b: Gyarados|[spread] p1a,p1b\n|-damage|p1a: Glimmora|0 fnt\n|-damage|p1b: Gyarados|76\/100\n|faint|p1a: Glimmora\n|move|p1b: Gyarados|Waterfall|p2b: Abomasnow\n|-supereffective|p2b: Abomasnow\n|-damage|p2b: Abomasnow|11\/100 psn\n|\n|-weather|Snow|[upkeep]\n|-damage|p2b: Abomasnow|0 fnt|[from] psn\n|faint|p2b: Abomasnow\n|upkeep\n|\n|t:|1681831573\n|switch|p2b: Gyarados|Gyarados, L50, M, shiny|100\/100\n|switch|p1a: Wo-Chien|Wo-Chien, L50|100\/100\n|-ability|p2b: Gyarados|Intimidate|boost\n|-unboost|p1a: Wo-Chien|atk|1\n|-unboost|p1b: Gyarados|atk|1\n|-ability|p1a: Wo-Chien|Tablets of Ruin\n|turn|4\n|\n|t:|1681831589\n|move|p2b: Gyarados|Protect|p2b: Gyarados\n|-singleturn|p2b: Gyarados|Protect\n|move|p2a: Iron Bundle|Blizzard|p1b: Gyarados|[spread] p1a,p1b\n|-supereffective|p1a: Wo-Chien\n|-damage|p1a: Wo-Chien|54\/100\n|-damage|p1b: Gyarados|50\/100\n|-enditem|p1b: Gyarados|Sitrus Berry|[eat]\n|-heal|p1b: Gyarados|74\/100|[from] item: Sitrus Berry\n|move|p1b: Gyarados|Thunder Wave|p2b: Gyarados\n|-activate|p2b: Gyarados|move: Protect\n|move|p1a: Wo-Chien|Giga Drain|p2b: Gyarados\n|-activate|p2b: Gyarados|move: Protect\n|\n|-weather|Snow|[upkeep]\n|-heal|p1a: Wo-Chien|60\/100|[from] item: Leftovers\n|upkeep\n|turn|5\n|\n|t:|1681831610\n|move|p2a: Iron Bundle|Blizzard|p1b: Gyarados|[spread] p1a,p1b\n|-supereffective|p1a: Wo-Chien\n|-damage|p1a: Wo-Chien|15\/100\n|-damage|p1b: Gyarados|48\/100\n|move|p2b: Gyarados|Taunt|p1b: Gyarados\n|-start|p1b: Gyarados|move: Taunt\n|cant|p1b: Gyarados|move: Taunt|Thunder Wave\n|move|p1a: Wo-Chien|Giga Drain|p2a: Iron Bundle\n|-supereffective|p2a: Iron Bundle\n|-damage|p2a: Iron Bundle|0 fnt\n|-heal|p1a: Wo-Chien|22\/100|[from] drain|[of] p2a: Iron Bundle\n|faint|p2a: Iron Bundle\n|-end|p2a: Iron Bundle|Quark Drive|[silent]\n|\n|-weather|none\n|-heal|p1a: Wo-Chien|29\/100|[from] item: Leftovers\n|upkeep\n|\n|t:|1681831622\n|switch|p2a: Baxcalibur|Baxcalibur, L50, M, shiny|100\/100\n|turn|6\n|\n|t:|1681831637\n|move|p1a: Wo-Chien|Protect|p1a: Wo-Chien\n|-singleturn|p1a: Wo-Chien|Protect\n|move|p2b: Gyarados|Waterfall|p1b: Gyarados\n|-damage|p1b: Gyarados|12\/100\n|-damage|p2b: Gyarados|91\/100|[from] item: Life Orb\n|move|p2a: Baxcalibur|Icicle Spear|p1a: Wo-Chien\n|-activate|p1a: Wo-Chien|move: Protect\n|move|p1b: Gyarados|Waterfall|p2b: Gyarados\n|-resisted|p2b: Gyarados\n|-damage|p2b: Gyarados|84\/100\n|\n|-heal|p1a: Wo-Chien|35\/100|[from] item: Leftovers\n|upkeep\n|turn|7\n|-message|ccmirai forfeited.\n|\n|win|xingtian666\n|raw|ccmirai's rating: 1503 → 1481<\/strong> (-22 for losing)\n|raw|xingtian666's rating: 1468 → 1490<\/strong> (+22 for winning)\n|l|\u2606ccmirai\n","uploadtime":1681831656,"views":12,"p1id":"ccmirai","p2id":"xingtian666","formatid":"gen9vgc2023regulationc","rating":1481,"private":0,"password":""}