{"id":"gen9vgc2023regulationc-1851781172","p1":"Hwhwh","p2":"CryogonationInc","format":"[Gen 9] VGC 2023 Regulation C","log":"|j|\u2606Hwhwh\n|j|\u2606CryogonationInc\n|t:|1682482615\n|gametype|doubles\n|player|p1|Hwhwh|266|1067\n|player|p2|CryogonationInc|hiker-gen4|1063\n|teamsize|p1|6\n|teamsize|p2|6\n|gen|9\n|tier|[Gen 9] VGC 2023 Regulation C\n|rated|\n|rule|Species Clause: Limit one of each Pok\u00e9mon\n|rule|Item Clause: Limit one of each item\n|clearpoke\n|poke|p1|Chansey, L50, F|\n|poke|p1|Gyarados, L50, M|\n|poke|p1|Ceruledge, L50, F|\n|poke|p1|Palafin, L50, F|\n|poke|p1|Dragonite, L50, M|\n|poke|p1|Wo-Chien, L50|\n|poke|p2|Torkoal, L50, F|\n|poke|p2|Scovillain, L50, M|\n|poke|p2|Squawkabilly, L50, M|\n|poke|p2|Flutter Mane, L50|\n|poke|p2|Chi-Yu, L50|\n|poke|p2|Lurantis, L50, F|\n|teampreview|4\n|inactive|Battle timer is ON: inactive players will automatically lose when time's up. (requested by CryogonationInc)\n|inactive|Hwhwh has 60 seconds left.\n|inactive|CryogonationInc has 60 seconds left.\n|\n|t:|1682482663\n|start\n|switch|p1a: Chansey|Chansey, L50, F|100\/100\n|switch|p1b: Gyarados|Gyarados, L50, M|100\/100\n|switch|p2a: Flutter Mane|Flutter Mane, L50|100\/100\n|switch|p2b: Squawkabilly|Squawkabilly, L50, M|100\/100\n|-ability|p2b: Squawkabilly|Intimidate|boost\n|-unboost|p1a: Chansey|atk|1\n|-unboost|p1b: Gyarados|atk|1\n|-ability|p1b: Gyarados|Intimidate|boost\n|-unboost|p2a: Flutter Mane|atk|1\n|-unboost|p2b: Squawkabilly|atk|1\n|turn|1\n|inactive|Hwhwh has 30 seconds left.\n|\n|t:|1682482692\n|move|p2a: Flutter Mane|Thunderbolt|p1b: Gyarados\n|-supereffective|p1b: Gyarados\n|-damage|p1b: Gyarados|0 fnt\n|faint|p1b: Gyarados\n|move|p2b: Squawkabilly|Fake Tears|p1a: Chansey\n|-unboost|p1a: Chansey|spd|2\n|move|p1a: Chansey|Thunder Wave|p2a: Flutter Mane\n|-status|p2a: Flutter Mane|par\n|\n|upkeep\n|\n|t:|1682482703\n|switch|p1b: Palafin|Palafin, L50, F|100\/100\n|turn|2\n|inactive|Hwhwh has 30 seconds left.\n|inactive|Hwhwh has 20 seconds left.\n|\n|t:|1682482739\n|detailschange|p1b: Palafin|Palafin-Hero, L50, F\n|switch|p1b: Ceruledge|Ceruledge, L50, F|100\/100\n|-end|p2a: Flutter Mane|Protosynthesis|[silent]\n|switch|p2a: Lurantis|Lurantis, L50, F, shiny|100\/100\n|move|p2b: Squawkabilly|Fake Tears|p2a: Lurantis\n|-boost|p2a: Lurantis|spd|2\n|move|p1a: Chansey|Thunder Wave|p2b: Squawkabilly\n|-status|p2b: Squawkabilly|par\n|\n|upkeep\n|turn|3\n|inactive|Hwhwh has 30 seconds left.\n|\n|t:|1682482770\n|switch|p1a: Palafin|Palafin-Hero, L50, F|100\/100\n|-activate|p1a: Palafin|ability: Zero to Hero\n|-terastallize|p2a: Lurantis|Rock\n|move|p1b: Ceruledge|Bulk Up|p1b: Ceruledge\n|-boost|p1b: Ceruledge|atk|1\n|-boost|p1b: Ceruledge|def|1\n|move|p2b: Squawkabilly|Parting Shot|p2a: Lurantis\n|-boost|p2a: Lurantis|atk|1\n|-boost|p2a: Lurantis|spa|1\n|\n|t:|1682482782\n|switch|p2b: Scovillain|Scovillain, L50, M|100\/100|[from] Parting Shot\n|move|p2a: Lurantis|Tera Blast|p1b: Ceruledge\n|-supereffective|p1b: Ceruledge\n|-damage|p1b: Ceruledge|7\/100\n|\n|upkeep\n|turn|4\n|\n|t:|1682482793\n|switch|p1b: Chansey|Chansey, L50, F|100\/100\n|move|p2b: Scovillain|Rage Powder|p2b: Scovillain\n|-singleturn|p2b: Scovillain|move: Rage Powder\n|move|p1a: Palafin|Haze|p1a: Palafin\n|-clearallboost\n|move|p2a: Lurantis|Leaf Storm|p1a: Palafin\n|-supereffective|p1a: Palafin\n|-damage|p1a: Palafin|0 fnt\n|-boost|p2a: Lurantis|spa|2\n|faint|p1a: Palafin\n|\n|upkeep\n|\n|t:|1682482808\n|switch|p1a: Ceruledge|Ceruledge, L50, F|7\/100\n|turn|5\n|-message|Hwhwh forfeited.\n|\n|win|CryogonationInc\n|raw|Hwhwh's rating: 1067 → 1047<\/strong> (-20 for losing)\n|raw|CryogonationInc's rating: 1063 → 1094<\/strong> (+31 for winning)\n|l|\u2606Hwhwh\n","uploadtime":1682482822,"views":23,"p1id":"hwhwh","p2id":"cryogonationinc","formatid":"gen9vgc2023regulationc","rating":1047,"private":0,"password":""}