{"id":"gen9vgc2023regulationc-1861743519","p1":"njngkk","p2":"Kiky14","format":"[Gen 9] VGC 2023 Regulation C","log":"|j|\u2606njngkk\n|j|\u2606Kiky14\n|t:|1683803254\n|gametype|doubles\n|player|p1|njngkk|101|1040\n|player|p2|Kiky14|hilbert-wonderlauncher|1059\n|teamsize|p1|6\n|teamsize|p2|6\n|gen|9\n|tier|[Gen 9] VGC 2023 Regulation C\n|rated|\n|rule|Species Clause: Limit one of each Pok\u00e9mon\n|rule|Item Clause: Limit one of each item\n|clearpoke\n|poke|p1|Ting-Lu, L50|\n|poke|p1|Arcanine, L50, F|\n|poke|p1|Palafin, L50, F|\n|poke|p1|Dragonite, L50, M|\n|poke|p1|Flutter Mane, L50|\n|poke|p1|Amoonguss, L50, F|\n|poke|p2|Armarouge, L50, F|\n|poke|p2|Chi-Yu, L50|\n|poke|p2|Weavile, L50, F|\n|poke|p2|Great Tusk, L50|\n|poke|p2|Salamence, L50, F|\n|poke|p2|Amoonguss, L50, F|\n|teampreview|4\n|\n|t:|1683803299\n|start\n|switch|p1a: Palafin|Palafin, L50, F|100\/100\n|switch|p1b: Amoonguss|Amoonguss, L50, F, shiny|100\/100\n|switch|p2a: Great Tusk|Great Tusk, L50|100\/100\n|switch|p2b: Amoonguss|Amoonguss, L50, F|100\/100\n|-enditem|p2a: Great Tusk|Booster Energy\n|-activate|p2a: Great Tusk|ability: Protosynthesis|[fromitem]\n|-start|p2a: Great Tusk|protosynthesisatk\n|turn|1\n|\n|t:|1683803323\n|move|p2a: Great Tusk|Protect|p2a: Great Tusk\n|-singleturn|p2a: Great Tusk|Protect\n|move|p1a: Palafin|Protect|p1a: Palafin\n|-singleturn|p1a: Palafin|Protect\n|move|p1b: Amoonguss|Spore|p2a: Great Tusk\n|-activate|p2a: Great Tusk|move: Protect\n|move|p2b: Amoonguss|Spore|p1a: Palafin\n|-activate|p1a: Palafin|move: Protect\n|\n|upkeep\n|turn|2\n|\n|t:|1683803360\n|-end|p2a: Great Tusk|Protosynthesis|[silent]\n|switch|p2a: Chi-Yu|Chi-Yu, L50|100\/100\n|-ability|p2a: Chi-Yu|Beads of Ruin\n|detailschange|p1a: Palafin|Palafin-Hero, L50, F\n|switch|p1a: Dragonite|Dragonite, L50, M|100\/100\n|move|p1b: Amoonguss|Spore|p2a: Chi-Yu\n|-status|p2a: Chi-Yu|slp|[from] move: Spore\n|move|p2b: Amoonguss|Spore|p1a: Dragonite\n|-status|p1a: Dragonite|slp|[from] move: Spore\n|\n|upkeep\n|turn|3\n|\n|t:|1683803392\n|switch|p1a: Palafin|Palafin-Hero, L50, F|100\/100\n|-activate|p1a: Palafin|ability: Zero to Hero\n|cant|p2a: Chi-Yu|slp\n|move|p1b: Amoonguss|Pollen Puff|p2b: Amoonguss\n|-damage|p2b: Amoonguss|78\/100\n|move|p2b: Amoonguss|Pollen Puff|p1b: Amoonguss\n|-damage|p1b: Amoonguss|77\/100\n|\n|-heal|p2b: Amoonguss|84\/100|[from] item: Black Sludge\n|upkeep\n|turn|4\n|\n|t:|1683803426\n|switch|p2a: Armarouge|Armarouge, L50, F, shiny|100\/100\n|-terastallize|p1a: Palafin|Water\n|move|p2b: Amoonguss|Rage Powder|p2b: Amoonguss\n|-singleturn|p2b: Amoonguss|move: Rage Powder\n|move|p1a: Palafin|Wave Crash|p2b: Amoonguss\n|-resisted|p2b: Amoonguss\n|-damage|p2b: Amoonguss|30\/100\n|-damage|p1a: Palafin|82\/100|[from] Recoil\n|move|p1b: Amoonguss|Pollen Puff|p2b: Amoonguss\n|-damage|p2b: Amoonguss|16\/100\n|\n|-heal|p2b: Amoonguss|22\/100|[from] item: Black Sludge\n|upkeep\n|turn|5\n|\n|t:|1683803458\n|-terastallize|p2a: Armarouge|Grass\n|move|p2b: Amoonguss|Rage Powder|p2b: Amoonguss\n|-singleturn|p2b: Amoonguss|move: Rage Powder\n|move|p2a: Armarouge|Energy Ball|p1a: Palafin\n|-supereffective|p1a: Palafin\n|-damage|p1a: Palafin|0 fnt\n|faint|p1a: Palafin\n|move|p1b: Amoonguss|Pollen Puff|p2b: Amoonguss\n|-damage|p2b: Amoonguss|8\/100\n|\n|-heal|p2b: Amoonguss|14\/100|[from] item: Black Sludge\n|upkeep\n|\n|t:|1683803473\n|switch|p1a: Dragonite|Dragonite, L50, M|100\/100 slp\n|turn|6\n|\n|t:|1683803500\n|switch|p2b: Chi-Yu|Chi-Yu, L50|100\/100 slp\n|-ability|p2b: Chi-Yu|Beads of Ruin\n|cant|p1a: Dragonite|slp\n|move|p2a: Armarouge|Armor Cannon|p1b: Amoonguss\n|-supereffective|p1b: Amoonguss\n|-damage|p1b: Amoonguss|0 fnt\n|-unboost|p2a: Armarouge|def|1\n|-unboost|p2a: Armarouge|spd|1\n|faint|p1b: Amoonguss\n|\n|upkeep\n|\n|t:|1683803513\n|switch|p1b: Flutter Mane|Flutter Mane, L50, shiny|100\/100\n|-enditem|p1b: Flutter Mane|Booster Energy\n|-activate|p1b: Flutter Mane|ability: Protosynthesis|[fromitem]\n|-start|p1b: Flutter Mane|protosynthesisspa\n|turn|7\n|\n|t:|1683803544\n|move|p2a: Armarouge|Protect|p2a: Armarouge\n|-singleturn|p2a: Armarouge|Protect\n|cant|p1a: Dragonite|slp\n|move|p1b: Flutter Mane|Moonblast|p2a: Armarouge\n|-activate|p2a: Armarouge|move: Protect\n|cant|p2b: Chi-Yu|slp\n|\n|upkeep\n|turn|8\n|\n|t:|1683803568\n|switch|p2a: Amoonguss|Amoonguss, L50, F|48\/100\n|cant|p1a: Dragonite|slp\n|move|p1b: Flutter Mane|Moonblast|p2a: Amoonguss\n|-resisted|p2a: Amoonguss\n|-damage|p2a: Amoonguss|8\/100\n|-curestatus|p2b: Chi-Yu|slp|[msg]\n|move|p2b: Chi-Yu|Heat Wave|p1a: Dragonite|[spread] p1b\n|-miss|p2b: Chi-Yu|p1a: Dragonite\n|-damage|p1b: Flutter Mane|54\/100\n|\n|-heal|p2a: Amoonguss|14\/100|[from] item: Black Sludge\n|upkeep\n|turn|9\n|\n|t:|1683803593\n|move|p2a: Amoonguss|Protect|p2a: Amoonguss\n|-singleturn|p2a: Amoonguss|Protect\n|-curestatus|p1a: Dragonite|slp|[msg]\n|move|p1a: Dragonite|Extreme Speed|p2b: Chi-Yu\n|-damage|p2b: Chi-Yu|39\/100\n|move|p1b: Flutter Mane|Dazzling Gleam|p2b: Chi-Yu|[spread] p2b\n|-activate|p2a: Amoonguss|move: Protect\n|-damage|p2b: Chi-Yu|0 fnt\n|faint|p2b: Chi-Yu\n|\n|-heal|p2a: Amoonguss|20\/100|[from] item: Black Sludge\n|upkeep\n|\n|t:|1683803606\n|switch|p2b: Great Tusk|Great Tusk, L50|100\/100\n|turn|10\n|\n|t:|1683803619\n|move|p1a: Dragonite|Extreme Speed|p2b: Great Tusk\n|-damage|p2b: Great Tusk|75\/100\n|move|p2a: Amoonguss|Rage Powder|p2a: Amoonguss\n|-singleturn|p2a: Amoonguss|move: Rage Powder\n|move|p1b: Flutter Mane|Dazzling Gleam|p2a: Amoonguss|[spread] p2a,p2b\n|-resisted|p2a: Amoonguss\n|-supereffective|p2b: Great Tusk\n|-damage|p2a: Amoonguss|2\/100\n|-damage|p2b: Great Tusk|0 fnt\n|faint|p2b: Great Tusk\n|-end|p2b: Great Tusk|Protosynthesis|[silent]\n|\n|-heal|p2a: Amoonguss|9\/100|[from] item: Black Sludge\n|upkeep\n|\n|t:|1683803634\n|switch|p2b: Armarouge|Armarouge, L50, F, shiny, tera:Grass|100\/100\n|turn|11\n|\n|t:|1683803664\n|move|p2a: Amoonguss|Protect|p2a: Amoonguss\n|-singleturn|p2a: Amoonguss|Protect\n|move|p1a: Dragonite|Extreme Speed|p2a: Amoonguss\n|-activate|p2a: Amoonguss|move: Protect\n|move|p1b: Flutter Mane|Shadow Ball|p2b: Armarouge\n|-damage|p2b: Armarouge|14\/100\n|move|p2b: Armarouge|Armor Cannon|p1b: Flutter Mane\n|-damage|p1b: Flutter Mane|0 fnt\n|-unboost|p2b: Armarouge|def|1\n|-unboost|p2b: Armarouge|spd|1\n|faint|p1b: Flutter Mane\n|-end|p1b: Flutter Mane|Protosynthesis|[silent]\n|\n|-heal|p2a: Amoonguss|15\/100|[from] item: Black Sludge\n|upkeep\n|turn|12\n|\n|t:|1683803683\n|move|p2b: Armarouge|Protect|p2b: Armarouge\n|-singleturn|p2b: Armarouge|Protect\n|move|p1a: Dragonite|Extreme Speed|p2b: Armarouge\n|-activate|p2b: Armarouge|move: Protect\n|move|p2a: Amoonguss|Spore|p1a: Dragonite\n|-status|p1a: Dragonite|slp|[from] move: Spore\n|\n|-heal|p2a: Amoonguss|21\/100|[from] item: Black Sludge\n|upkeep\n|turn|13\n|\n|t:|1683803713\n|cant|p1a: Dragonite|slp\n|move|p2b: Armarouge|Psychic|p1a: Dragonite\n|-damage|p1a: Dragonite|78\/100 slp\n|move|p2a: Amoonguss|Pollen Puff|p2b: Armarouge\n|-heal|p2b: Armarouge|64\/100\n|\n|-heal|p2a: Amoonguss|27\/100|[from] item: Black Sludge\n|upkeep\n|turn|14\n|-message|njngkk forfeited.\n|\n|win|Kiky14\n|raw|njngkk's rating: 1040 → 1025<\/strong> (-15 for losing)\n|raw|Kiky14's rating: 1059 → 1088<\/strong> (+29 for winning)\n|l|\u2606njngkk\n","uploadtime":1683803746,"views":18,"p1id":"njngkk","p2id":"kiky14","formatid":"gen9vgc2023regulationc","rating":1025,"private":0,"password":""}