{"id":"gen9vgc2023regulationc-1863277169","p1":"Sgtg4bdjrk","p2":"BLHHF","format":"[Gen 9] VGC 2023 Regulation C","log":"|j|\u2606Sgtg4bdjrk\n|j|\u2606BLHHF\n|t:|1683996910\n|gametype|doubles\n|player|p1|Sgtg4bdjrk|ethan|1146\n|player|p2|BLHHF|maid|1200\n|teamsize|p1|6\n|teamsize|p2|6\n|gen|9\n|tier|[Gen 9] VGC 2023 Regulation C\n|rated|\n|rule|Species Clause: Limit one of each Pok\u00e9mon\n|rule|Item Clause: Limit one of each item\n|clearpoke\n|poke|p1|Iron Bundle, L50|\n|poke|p1|Tyranitar, L50, F|\n|poke|p1|Wo-Chien, L50|\n|poke|p1|Glimmora, L50, M|\n|poke|p1|Gyarados, L50, M|\n|poke|p1|Flutter Mane, L50|\n|poke|p2|Kingambit, L50, F|\n|poke|p2|Dragapult, L50, F|\n|poke|p2|Abomasnow, L50, F|\n|poke|p2|Great Tusk, L50|\n|poke|p2|Iron Bundle, L50|\n|poke|p2|Flutter Mane, L50|\n|teampreview|4\n|inactive|Battle timer is ON: inactive players will automatically lose when time's up. (requested by Sgtg4bdjrk)\n|inactive|Sgtg4bdjrk has 60 seconds left.\n|inactive|BLHHF has 60 seconds left.\nSgtg4bdjrk has agreed to open team sheets.\n|\n|t:|1683996973\n|start\n|switch|p1a: Iron Bundle|Iron Bundle, L50|100\/100\n|switch|p1b: Gyarados|Gyarados, L50, M|100\/100\n|switch|p2a: Abomasnow|Abomasnow, L50, F|100\/100\n|switch|p2b: Iron Bundle|Iron Bundle, L50|100\/100\n|-ability|p1b: Gyarados|Intimidate|boost\n|-unboost|p2a: Abomasnow|atk|1\n|-unboost|p2b: Iron Bundle|atk|1\n|-weather|Snow|[from] ability: Snow Warning|[of] p2a: Abomasnow\n|turn|1\n|inactive|Sgtg4bdjrk has 30 seconds left.\n|inactive|BLHHF has 30 seconds left.\n|\n|t:|1683997003\n|-terastallize|p2b: Iron Bundle|Ice\n|-terastallize|p1b: Gyarados|Steel\n|move|p2b: Iron Bundle|Freeze-Dry|p1b: Gyarados\n|-resisted|p1b: Gyarados\n|-damage|p1b: Gyarados|70\/100\n|move|p1a: Iron Bundle|Icy Wind|p2b: Iron Bundle|[spread] p2a,p2b\n|-resisted|p2b: Iron Bundle\n|-damage|p2a: Abomasnow|78\/100\n|-damage|p2b: Iron Bundle|82\/100\n|-unboost|p2a: Abomasnow|spe|1\n|-unboost|p2b: Iron Bundle|spe|1\n|move|p1b: Gyarados|Icy Wind|p2a: Abomasnow|[spread] p2a,p2b\n|-resisted|p2b: Iron Bundle\n|-damage|p2a: Abomasnow|72\/100\n|-damage|p2b: Iron Bundle|77\/100\n|-unboost|p2a: Abomasnow|spe|1\n|-unboost|p2b: Iron Bundle|spe|1\n|move|p2a: Abomasnow|Aurora Veil|p2a: Abomasnow\n|-sidestart|p2: BLHHF|move: Aurora Veil\n|\n|-weather|Snow|[upkeep]\n|upkeep\n|turn|2\n|inactive|Sgtg4bdjrk has 30 seconds left.\n|inactive|BLHHF has 30 seconds left.\n|inactive|BLHHF has 20 seconds left.\n|\n|t:|1683997041\n|-end|p2b: Iron Bundle|Quark Drive|[silent]\n|switch|p2b: Great Tusk|Great Tusk, L50|100\/100\n|move|p1a: Iron Bundle|Freeze-Dry|p2a: Abomasnow\n|-damage|p2a: Abomasnow|51\/100\n|move|p1b: Gyarados|Thunder Wave|p2b: Great Tusk\n|-immune|p2b: Great Tusk\n|move|p2a: Abomasnow|Leaf Storm|p1a: Iron Bundle\n|-supereffective|p1a: Iron Bundle\n|-damage|p1a: Iron Bundle|0 fnt\n|-unboost|p2a: Abomasnow|spa|2\n|faint|p1a: Iron Bundle\n|-end|p1a: Iron Bundle|Quark Drive|[silent]\n|\n|-weather|Snow|[upkeep]\n|upkeep\n|\n|t:|1683997057\n|switch|p1a: Flutter Mane|Flutter Mane, L50|100\/100\n|-enditem|p1a: Flutter Mane|Booster Energy\n|-activate|p1a: Flutter Mane|ability: Protosynthesis|[fromitem]\n|-start|p1a: Flutter Mane|protosynthesisspe\n|turn|3\n|inactive|BLHHF has 30 seconds left.\n|\n|t:|1683997087\n|switch|p1b: Wo-Chien|Wo-Chien, L50|100\/100\n|-ability|p1b: Wo-Chien|Tablets of Ruin\n|move|p2a: Abomasnow|Helping Hand|p2b: Great Tusk\n|-singleturn|p2b: Great Tusk|Helping Hand|[of] p2a: Abomasnow\n|move|p1a: Flutter Mane|Dazzling Gleam|p2b: Great Tusk|[spread] p2a,p2b\n|-supereffective|p2b: Great Tusk\n|-damage|p2a: Abomasnow|30\/100\n|-damage|p2b: Great Tusk|35\/100\n|move|p2b: Great Tusk|Headlong Rush|p1a: Flutter Mane\n|-damage|p1a: Flutter Mane|0 fnt\n|-unboost|p2b: Great Tusk|def|1\n|-unboost|p2b: Great Tusk|spd|1\n|faint|p1a: Flutter Mane\n|-end|p1a: Flutter Mane|Protosynthesis|[silent]\n|\n|-weather|Snow|[upkeep]\n|upkeep\n|\n|t:|1683997104\n|switch|p1a: Gyarados|Gyarados, L50, M, tera:Steel|70\/100\n|-ability|p1a: Gyarados|Intimidate|boost\n|-unboost|p2a: Abomasnow|atk|1\n|-unboost|p2b: Great Tusk|atk|1\n|turn|4\n|\n|t:|1683997121\n|-end|p2b: Great Tusk|Protosynthesis|[silent]\n|switch|p2b: Flutter Mane|Flutter Mane, L50|100\/100\n|-enditem|p2b: Flutter Mane|Booster Energy\n|-activate|p2b: Flutter Mane|ability: Protosynthesis|[fromitem]\n|-start|p2b: Flutter Mane|protosynthesisspa\n|move|p1a: Gyarados|Waterfall|p2b: Flutter Mane\n|-damage|p2b: Flutter Mane|77\/100\n|move|p1b: Wo-Chien|Pollen Puff|p2a: Abomasnow\n|-supereffective|p2a: Abomasnow\n|-damage|p2a: Abomasnow|3\/100\n|move|p2a: Abomasnow|Blizzard|p1a: Gyarados|[spread] p1a,p1b\n|-resisted|p1a: Gyarados\n|-supereffective|p1b: Wo-Chien\n|-damage|p1a: Gyarados|62\/100\n|-damage|p1b: Wo-Chien|82\/100\n|\n|-weather|Snow|[upkeep]\n|-heal|p1b: Wo-Chien|88\/100|[from] item: Leftovers\n|upkeep\n|turn|5\n|\n|t:|1683997146\n|move|p2a: Abomasnow|Helping Hand|p2b: Flutter Mane\n|-singleturn|p2b: Flutter Mane|Helping Hand|[of] p2a: Abomasnow\n|move|p2b: Flutter Mane|Moonblast|p1b: Wo-Chien\n|-supereffective|p1b: Wo-Chien\n|-damage|p1b: Wo-Chien|0 fnt\n|faint|p1b: Wo-Chien\n|move|p1a: Gyarados|Icy Wind|p2a: Abomasnow|[spread] p2a,p2b\n|-damage|p2a: Abomasnow|0 fnt\n|-damage|p2b: Flutter Mane|73\/100\n|-unboost|p2b: Flutter Mane|spe|1\n|faint|p2a: Abomasnow\n|\n|-weather|none\n|-sideend|p2: BLHHF|move: Aurora Veil\n|upkeep\n|-message|Sgtg4bdjrk forfeited.\n|\n|win|BLHHF\n|raw|Sgtg4bdjrk's rating: 1146 → 1125<\/strong> (-21 for losing)\n|raw|BLHHF's rating: 1200 → 1221<\/strong> (+21 for winning)\n|l|\u2606Sgtg4bdjrk\n","uploadtime":1683997174,"views":7,"p1id":"sgtg4bdjrk","p2id":"blhhf","formatid":"gen9vgc2023regulationc","rating":1125,"private":0,"password":""}