{"id":"gen9vgc2023regulationc-1845882792","p1":"FhiiVGC","p2":"KoramTrainer","format":"[Gen 9] VGC 2023 Regulation C","log":"|j|\u2606FhiiVGC\n|j|\u2606KoramTrainer\n|t:|1681774999\n|gametype|doubles\n|player|p1|FhiiVGC|n|1204\n|player|p2|KoramTrainer|hilbert|1220\n|teamsize|p1|6\n|teamsize|p2|4\n|gen|9\n|tier|[Gen 9] VGC 2023 Regulation C\n|rated|\n|rule|Species Clause: Limit one of each Pok\u00e9mon\n|rule|Item Clause: Limit one of each item\n|clearpoke\n|poke|p1|Palafin, L50, F|\n|poke|p1|Chien-Pao, L50|\n|poke|p1|Dragapult, L50, M|\n|poke|p1|Amoonguss, L50, F|\n|poke|p1|Arcanine, L50, M|\n|poke|p1|Flutter Mane, L50|\n|poke|p2|Corviknight, L50, M|\n|poke|p2|Rotom-Wash, L50|\n|poke|p2|Ting-Lu, L50|\n|poke|p2|Flutter Mane, L50|\n|teampreview|4\n|inactive|Battle timer is ON: inactive players will automatically lose when time's up. (requested by KoramTrainer)\n|inactive|FhiiVGC has 60 seconds left.\n|inactive|FhiiVGC has 30 seconds left.\n|inactive|FhiiVGC has 20 seconds left.\n|\n|t:|1681775070\n|start\n|switch|p1a: Amoonguss|Amoonguss, L50, F|100\/100\n|switch|p1b: Palafin|Palafin, L50, F|100\/100\n|switch|p2a: Corviknight|Corviknight, L50, M|100\/100\n|switch|p2b: Rotom|Rotom-Wash, L50|100\/100\n|turn|1\n|\n|t:|1681775086\n|detailschange|p1b: Palafin|Palafin-Hero, L50, F\n|switch|p1b: Arcanine|Arcanine, L50, M|100\/100\n|-ability|p1b: Arcanine|Intimidate|boost\n|-ability|p2a: Corviknight|Mirror Armor\n|-unboost|p1b: Arcanine|atk|1\n|-unboost|p2b: Rotom|atk|1\n|move|p2b: Rotom|Thunderbolt|p1a: Amoonguss\n|-resisted|p1a: Amoonguss\n|-damage|p1a: Amoonguss|83\/100\n|move|p2a: Corviknight|Brave Bird|p1a: Amoonguss\n|-supereffective|p1a: Amoonguss\n|-damage|p1a: Amoonguss|8\/100\n|-enditem|p1a: Amoonguss|Sitrus Berry|[eat]\n|-heal|p1a: Amoonguss|33\/100|[from] item: Sitrus Berry\n|-damage|p2a: Corviknight|74\/100|[from] Recoil\n|move|p1a: Amoonguss|Spore|p2a: Corviknight\n|-status|p2a: Corviknight|slp|[from] move: Spore\n|\n|-heal|p2a: Corviknight|80\/100 slp|[from] item: Leftovers\n|upkeep\n|turn|2\n|inactive|FhiiVGC has 30 seconds left.\n|inactive|KoramTrainer has 30 seconds left.\n|inactive|KoramTrainer has 20 seconds left.\n|inactive|KoramTrainer has 15 seconds left.\n|inactive|KoramTrainer has 10 seconds left.\n|inactive|KoramTrainer has 5 seconds left.\n|\n|t:|1681775137\n|switch|p2a: Ting-Lu|Ting-Lu, L50|100\/100\n|-ability|p2a: Ting-Lu|Vessel of Ruin\n|switch|p1a: Chien-Pao|Chien-Pao, L50|100\/100\n|-ability|p1a: Chien-Pao|Sword of Ruin\n|-terastallize|p2b: Rotom|Electric\n|move|p1b: Arcanine|Flare Blitz|p2a: Ting-Lu\n|-damage|p2a: Ting-Lu|74\/100\n|-damage|p1b: Arcanine|90\/100|[from] Recoil\n|move|p2b: Rotom|Thunderbolt|p1a: Chien-Pao\n|-damage|p1a: Chien-Pao|26\/100\n|\n|upkeep\n|turn|3\n|inactive|FhiiVGC has 30 seconds left.\n|\n|t:|1681775166\n|switch|p2a: Corviknight|Corviknight, L50, M|80\/100 slp\n|move|p1b: Arcanine|Extreme Speed|p2a: Corviknight\n|-resisted|p2a: Corviknight\n|-damage|p2a: Corviknight|73\/100 slp\n|move|p1a: Chien-Pao|Ice Spinner|p2a: Corviknight\n|-damage|p2a: Corviknight|32\/100 slp\n|move|p2b: Rotom|Hydro Pump|p1b: Arcanine\n|-supereffective|p1b: Arcanine\n|-damage|p1b: Arcanine|0 fnt\n|faint|p1b: Arcanine\n|\n|-heal|p2a: Corviknight|38\/100 slp|[from] item: Leftovers\n|upkeep\n|\n|t:|1681775179\n|switch|p1b: Palafin|Palafin-Hero, L50, F|100\/100\n|-activate|p1b: Palafin|ability: Zero to Hero\n|turn|4\n|\n|t:|1681775202\n|move|p1a: Chien-Pao|Ice Spinner|p2b: Rotom\n|-damage|p2b: Rotom|39\/100\n|move|p1b: Palafin|Wave Crash|p2b: Rotom\n|-damage|p2b: Rotom|0 fnt\n|faint|p2b: Rotom\n|-damage|p1b: Palafin|92\/100|[from] Recoil\n|cant|p2a: Corviknight|slp\n|\n|-heal|p2a: Corviknight|43\/100 slp|[from] item: Leftovers\n|upkeep\n|\n|t:|1681775214\n|switch|p2b: Flutter Mane|Flutter Mane, L50|100\/100\n|-enditem|p2b: Flutter Mane|Booster Energy\n|-activate|p2b: Flutter Mane|ability: Protosynthesis|[fromitem]\n|-start|p2b: Flutter Mane|protosynthesisspe\n|turn|5\n|\n|t:|1681775230\n|-terastallize|p1b: Palafin|Water\n|move|p2b: Flutter Mane|Protect|p2b: Flutter Mane\n|-singleturn|p2b: Flutter Mane|Protect\n|move|p1a: Chien-Pao|Sucker Punch||[still]\n|-fail|p1a: Chien-Pao\n|move|p1b: Palafin|Jet Punch|p2b: Flutter Mane\n|-activate|p2b: Flutter Mane|move: Protect\n|-curestatus|p2a: Corviknight|slp|[msg]\n|move|p2a: Corviknight|Iron Head|p1a: Chien-Pao\n|-supereffective|p1a: Chien-Pao\n|-damage|p1a: Chien-Pao|0 fnt\n|faint|p1a: Chien-Pao\n|\n|-heal|p2a: Corviknight|49\/100|[from] item: Leftovers\n|upkeep\n|\n|t:|1681775235\n|switch|p1a: Amoonguss|Amoonguss, L50, F|66\/100\n|turn|6\n|inactive|KoramTrainer has 30 seconds left.\n|\n|t:|1681775267\n|move|p1a: Amoonguss|Protect|p1a: Amoonguss\n|-singleturn|p1a: Amoonguss|Protect\n|move|p1b: Palafin|Jet Punch|p2b: Flutter Mane\n|-damage|p2b: Flutter Mane|0 fnt\n|faint|p2b: Flutter Mane\n|-end|p2b: Flutter Mane|Protosynthesis|[silent]\n|move|p2a: Corviknight|Brave Bird|p1a: Amoonguss\n|-activate|p1a: Amoonguss|move: Protect\n|\n|-heal|p2a: Corviknight|55\/100|[from] item: Leftovers\n|upkeep\n|\n|t:|1681775276\n|switch|p2b: Ting-Lu|Ting-Lu, L50|74\/100\n|-ability|p2b: Ting-Lu|Vessel of Ruin\n|turn|7\n|\n|t:|1681775297\n|move|p1a: Amoonguss|Protect||[still]\n|-fail|p1a: Amoonguss\n|move|p1b: Palafin|Wave Crash|p2b: Ting-Lu\n|-supereffective|p2b: Ting-Lu\n|-damage|p2b: Ting-Lu|0 fnt\n|faint|p2b: Ting-Lu\n|-damage|p1b: Palafin|64\/100|[from] Recoil\n|move|p2a: Corviknight|Brave Bird|p1a: Amoonguss\n|-supereffective|p1a: Amoonguss\n|-damage|p1a: Amoonguss|0 fnt\n|faint|p1a: Amoonguss\n|-damage|p2a: Corviknight|32\/100|[from] Recoil\n|\n|-heal|p2a: Corviknight|38\/100|[from] item: Leftovers\n|upkeep\n|turn|8\n|\n|t:|1681775312\n|move|p1b: Palafin|Wave Crash|p2a: Corviknight\n|-damage|p2a: Corviknight|0 fnt\n|faint|p2a: Corviknight\n|-damage|p1b: Palafin|52\/100|[from] Recoil\n|\n|win|FhiiVGC\n|raw|FhiiVGC's rating: 1204 → 1230<\/strong> (+26 for winning)\n|raw|KoramTrainer's rating: 1220 → 1194<\/strong> (-26 for losing)\n","uploadtime":1681775317,"views":18,"p1id":"fhiivgc","p2id":"koramtrainer","formatid":"gen9vgc2023regulationc","rating":1194,"private":0,"password":""}