{"id":"gen9vgc2023regulationc-1857421274","p1":"Coldblooded0706","p2":"MaxYoo","format":"[Gen 9] VGC 2023 Regulation C","log":"|j|\u2606Coldblooded0706\n|j|\u2606MaxYoo\n|t:|1683190421\n|gametype|doubles\n|player|p1|Coldblooded0706|170|1410\n|player|p2|MaxYoo|169|1342\n|teamsize|p1|6\n|teamsize|p2|6\n|gen|9\n|tier|[Gen 9] VGC 2023 Regulation C\n|rated|\n|rule|Species Clause: Limit one of each Pok\u00e9mon\n|rule|Item Clause: Limit one of each item\n|clearpoke\n|poke|p1|Ting-Lu, L50|\n|poke|p1|Azumarill, L50, F|\n|poke|p1|Flutter Mane, L50|\n|poke|p1|Bronzong, L50|\n|poke|p1|Amoonguss, L50, M|\n|poke|p1|Arcanine, L50, F|\n|poke|p2|Torkoal, L50, M|\n|poke|p2|Roaring Moon, L50|\n|poke|p2|Jumpluff, L50, M|\n|poke|p2|Flutter Mane, L50|\n|poke|p2|Iron Hands, L50|\n|poke|p2|Arcanine, L50, M|\n|teampreview|4\n|\n|t:|1683190467\n|start\n|switch|p1a: \u706b\u5e2b\u59d0|Azumarill, L50, F|100\/100\n|switch|p1b: \u963f\u9f8d\u6b63|Arcanine, L50, F|100\/100\n|switch|p2a: Jumpluff|Jumpluff, L50, M|100\/100\n|switch|p2b: Flutter Mane|Flutter Mane, L50|100\/100\n|-ability|p1b: \u963f\u9f8d\u6b63|Intimidate|boost\n|-unboost|p2a: Jumpluff|atk|1\n|-unboost|p2b: Flutter Mane|atk|1\n|turn|1\n|\n|t:|1683190500\n|move|p2a: Jumpluff|Tailwind|p2a: Jumpluff\n|-sidestart|p2: MaxYoo|move: Tailwind\n|move|p2b: Flutter Mane|Shadow Ball|p1b: \u963f\u9f8d\u6b63\n|-damage|p1b: \u963f\u9f8d\u6b63|51\/100\n|-unboost|p1b: \u963f\u9f8d\u6b63|spd|1\n|-damage|p2b: Flutter Mane|91\/100|[from] item: Life Orb\n|move|p1b: \u963f\u9f8d\u6b63|Flare Blitz|p2b: Flutter Mane\n|-damage|p2b: Flutter Mane|0 fnt\n|faint|p2b: Flutter Mane\n|-end|p2b: Flutter Mane|Protosynthesis|[silent]\n|-damage|p1b: \u963f\u9f8d\u6b63|26\/100|[from] Recoil\n|move|p1a: \u706b\u5e2b\u59d0|Ice Spinner|p2a: Jumpluff\n|-supereffective|p2a: Jumpluff\n|-enditem|p2a: Jumpluff|Focus Sash\n|-damage|p2a: Jumpluff|1\/100\n|\n|upkeep\n|\n|t:|1683190517\n|switch|p2b: Roaring Moon|Roaring Moon, L50|100\/100\n|turn|2\n|\n|t:|1683190544\n|-terastallize|p2b: Roaring Moon|Ground\n|move|p1a: \u706b\u5e2b\u59d0|Aqua Jet|p2a: Jumpluff\n|-resisted|p2a: Jumpluff\n|-damage|p2a: Jumpluff|0 fnt\n|faint|p2a: Jumpluff\n|move|p2b: Roaring Moon|Earthquake|p1b: \u963f\u9f8d\u6b63|[spread] p1a,p1b\n|-supereffective|p1b: \u963f\u9f8d\u6b63\n|-damage|p1a: \u706b\u5e2b\u59d0|60\/100\n|-damage|p1b: \u963f\u9f8d\u6b63|0 fnt\n|faint|p1b: \u963f\u9f8d\u6b63\n|\n|upkeep\n|\n|t:|1683190559\n|switch|p2a: Torkoal|Torkoal, L50, M|100\/100\n|switch|p1b: \u8aa0\u5be6\u9418|Bronzong, L50, shiny|100\/100\n|-weather|SunnyDay|[from] ability: Drought|[of] p2a: Torkoal\n|-activate|p2b: Roaring Moon|ability: Protosynthesis\n|-start|p2b: Roaring Moon|protosynthesisatk\n|turn|3\n|\n|t:|1683190596\n|-terastallize|p1b: \u8aa0\u5be6\u9418|Water\n|move|p2b: Roaring Moon|Rock Slide|p1a: \u706b\u5e2b\u59d0|[spread] p1a,p1b\n|-damage|p1a: \u706b\u5e2b\u59d0|30\/100\n|-damage|p1b: \u8aa0\u5be6\u9418|83\/100\n|move|p2a: Torkoal|Eruption|p1b: \u8aa0\u5be6\u9418|[spread] p1a,p1b\n|-resisted|p1a: \u706b\u5e2b\u59d0\n|-resisted|p1b: \u8aa0\u5be6\u9418\n|-damage|p1a: \u706b\u5e2b\u59d0|0 fnt\n|-damage|p1b: \u8aa0\u5be6\u9418|46\/100\n|faint|p1a: \u706b\u5e2b\u59d0\n|cant|p1b: \u8aa0\u5be6\u9418|flinch\n|\n|-weather|SunnyDay|[upkeep]\n|upkeep\n|\n|t:|1683190609\n|switch|p1a: \u838e\u7df9\u62c9|Flutter Mane, L50|100\/100\n|-activate|p1a: \u838e\u7df9\u62c9|ability: Protosynthesis\n|-start|p1a: \u838e\u7df9\u62c9|protosynthesisspe\n|turn|4\n|\n|t:|1683190627\n|move|p2b: Roaring Moon|Rock Slide|p1a: \u838e\u7df9\u62c9|[spread] p1a,p1b\n|-damage|p1a: \u838e\u7df9\u62c9|62\/100\n|-damage|p1b: \u8aa0\u5be6\u9418|25\/100\n|cant|p1a: \u838e\u7df9\u62c9|flinch\n|move|p2a: Torkoal|Heat Wave|p1b: \u8aa0\u5be6\u9418|[spread] p1a,p1b\n|-resisted|p1b: \u8aa0\u5be6\u9418\n|-damage|p1a: \u838e\u7df9\u62c9|9\/100\n|-damage|p1b: \u8aa0\u5be6\u9418|0 fnt\n|faint|p1b: \u8aa0\u5be6\u9418\n|\n|-weather|SunnyDay|[upkeep]\n|-sideend|p2: MaxYoo|move: Tailwind\n|upkeep\n|turn|5\n|-message|Coldblooded0706 forfeited.\n|\n|win|MaxYoo\n|raw|Coldblooded0706's rating: 1410 → 1386<\/strong> (-24 for losing)\n|raw|MaxYoo's rating: 1342 → 1366<\/strong> (+24 for winning)\n|l|\u2606Coldblooded0706\n","uploadtime":1683192604,"views":27,"p1id":"coldblooded0706","p2id":"maxyoo","formatid":"gen9vgc2023regulationc","rating":1366,"private":0,"password":""}