{"id":"gen9vgc2023regulationc-1845779848","p1":"Everito","p2":"NotNehzzy","format":"[Gen 9] VGC 2023 Regulation C","log":"|j|\u2606Everito\n|j|\u2606NotNehzzy\n|t:|1681763833\n|gametype|doubles\n|player|p1|Everito|hugh|1031\n|player|p2|NotNehzzy|steven|1003\n|teamsize|p1|6\n|teamsize|p2|6\n|gen|9\n|tier|[Gen 9] VGC 2023 Regulation C\n|rated|\n|rule|Species Clause: Limit one of each Pok\u00e9mon\n|rule|Item Clause: Limit one of each item\n|clearpoke\n|poke|p1|Dragapult, L50, F|\n|poke|p1|Chien-Pao, L50|\n|poke|p1|Glimmora, L50, M|\n|poke|p1|Gholdengo, L50|\n|poke|p1|Amoonguss, L50, F|\n|poke|p1|Dondozo, L50, M|\n|poke|p2|Flutter Mane, L50|\n|poke|p2|Dragonite, L50, F|\n|poke|p2|Farigiraf, L50, M|\n|poke|p2|Gallade, L50, M|\n|poke|p2|Hatterene, L50, F|\n|poke|p2|Iron Bundle, L50|\n|teampreview|4\n|\n|t:|1681763861\n|start\n|switch|p1a: Dragapult|Dragapult, L50, F, shiny|100\/100\n|switch|p1b: Chien-Pao|Chien-Pao, L50|100\/100\n|switch|p2a: Iron Bundle|Iron Bundle, L50|100\/100\n|switch|p2b: Flutter Mane|Flutter Mane, L50|100\/100\n|-ability|p1b: Chien-Pao|Sword of Ruin\n|-enditem|p2a: Iron Bundle|Booster Energy\n|-activate|p2a: Iron Bundle|ability: Quark Drive|[fromitem]\n|-start|p2a: Iron Bundle|quarkdrivespe\n|turn|1\n|\n|t:|1681763894\n|switch|p1a: Dondozo|Dondozo, L50, M|100\/100\n|move|p2b: Flutter Mane|Protect|p2b: Flutter Mane\n|-singleturn|p2b: Flutter Mane|Protect\n|move|p1b: Chien-Pao|Sucker Punch||[still]\n|-fail|p1b: Chien-Pao\n|move|p2a: Iron Bundle|Icy Wind|p1a: Dondozo|[spread] p1a,p1b\n|-resisted|p1a: Dondozo\n|-resisted|p1b: Chien-Pao\n|-damage|p1a: Dondozo|93\/100\n|-damage|p1b: Chien-Pao|82\/100\n|-unboost|p1a: Dondozo|spe|1\n|-unboost|p1b: Chien-Pao|spe|1\n|\n|upkeep\n|turn|2\n|inactive|Battle timer is ON: inactive players will automatically lose when time's up. (requested by NotNehzzy)\n|\n|t:|1681763918\n|-terastallize|p2b: Flutter Mane|Normal\n|move|p1b: Chien-Pao|Sucker Punch|p2b: Flutter Mane\n|-damage|p2b: Flutter Mane|26\/100\n|move|p2a: Iron Bundle|Freeze-Dry|p1a: Dondozo\n|-supereffective|p1a: Dondozo\n|-damage|p1a: Dondozo|43\/100\n|move|p2b: Flutter Mane|Hyper Voice|p1b: Chien-Pao|[spread] p1a,p1b\n|-damage|p1a: Dondozo|22\/100\n|-damage|p1b: Chien-Pao|30\/100\n|-enditem|p2b: Flutter Mane|Throat Spray\n|-boost|p2b: Flutter Mane|spa|1|[from] item: Throat Spray\n|move|p1a: Dondozo|Body Press|p2a: Iron Bundle\n|-supereffective|p2a: Iron Bundle\n|-damage|p2a: Iron Bundle|36\/100\n|\n|upkeep\n|turn|3\n|inactive|Everito has 30 seconds left.\n|inactive|NotNehzzy has 30 seconds left.\n|\n|t:|1681763947\n|-end|p2a: Iron Bundle|Quark Drive|[silent]\n|switch|p2a: Farigiraf|Farigiraf, L50, M|100\/100\n|move|p1b: Chien-Pao|Sucker Punch||[still]\n|cant|p2a: Farigiraf|ability: Armor Tail|Sucker Punch|[of] p1b: Chien-Pao\n|move|p2b: Flutter Mane|Hyper Voice|p1b: Chien-Pao|[spread] p1a,p1b\n|-damage|p1a: Dondozo|1\/100\n|-damage|p1b: Chien-Pao|0 fnt\n|faint|p1b: Chien-Pao\n|move|p1a: Dondozo|Body Press|p2a: Farigiraf\n|-damage|p2a: Farigiraf|80\/100\n|\n|upkeep\n|\n|t:|1681763962\n|switch|p1b: Gholdengo|Gholdengo, L50|100\/100\n|turn|4\n|\n|t:|1681763981\n|-terastallize|p1b: Gholdengo|Steel\n|move|p2b: Flutter Mane|Shadow Ball|p1b: Gholdengo\n|-damage|p1b: Gholdengo|39\/100\n|move|p1b: Gholdengo|Make It Rain|p2b: Flutter Mane|[spread] p2a,p2b\n|-damage|p2a: Farigiraf|25\/100\n|-damage|p2b: Flutter Mane|0 fnt\n|-unboost|p1b: Gholdengo|spa|1\n|faint|p2b: Flutter Mane\n|-end|p2b: Flutter Mane|Protosynthesis|[silent]\n|move|p1a: Dondozo|Avalanche|p2a: Farigiraf\n|-damage|p2a: Farigiraf|8\/100\n|move|p2a: Farigiraf|Trick Room|p2a: Farigiraf\n|-fieldstart|move: Trick Room|[of] p2a: Farigiraf\n|\n|-heal|p1b: Gholdengo|45\/100|[from] item: Leftovers\n|upkeep\n|\n|t:|1681763998\n|switch|p2b: Hatterene|Hatterene, L50, F|100\/100\n|turn|5\n|\n|t:|1681764012\n|move|p1a: Dondozo|Waterfall|p2b: Hatterene\n|-damage|p2b: Hatterene|60\/100\n|move|p2b: Hatterene|Mystical Fire|p1b: Gholdengo\n|-supereffective|p1b: Gholdengo\n|-damage|p1b: Gholdengo|0 fnt\n|faint|p1b: Gholdengo\n|move|p2a: Farigiraf|Beat Up|p1a: Dondozo\n|-damage|p1a: Dondozo|0 fnt\n|faint|p1a: Dondozo\n|-hitcount|p1: Dondozo|1\n|\n|upkeep\n|\n|t:|1681764031\n|switch|p1b: Dragapult|Dragapult, L50, F, shiny|100\/100\n|turn|6\n|\n|t:|1681764049\n|move|p2b: Hatterene|Psychic|p1b: Dragapult\n|-damage|p1b: Dragapult|26\/100\n|move|p2a: Farigiraf|Beat Up|p1b: Dragapult\n|-supereffective|p1b: Dragapult\n|-damage|p1b: Dragapult|18\/100\n|-supereffective|p1b: Dragapult\n|-damage|p1b: Dragapult|9\/100\n|-supereffective|p1b: Dragapult\n|-damage|p1b: Dragapult|2\/100\n|-hitcount|p1b: Dragapult|3\n|move|p1b: Dragapult|Dragon Dance|p1b: Dragapult\n|-boost|p1b: Dragapult|atk|1\n|-boost|p1b: Dragapult|spe|1\n|\n|upkeep\n|turn|7\n|\n|t:|1681764073\n|move|p2b: Hatterene|Psychic|p1b: Dragapult\n|-damage|p1b: Dragapult|0 fnt\n|faint|p1b: Dragapult\n|\n|win|NotNehzzy\n|raw|Everito's rating: 1031 → 1015<\/strong> (-16 for losing)\n|raw|NotNehzzy's rating: 1003 → 1046<\/strong> (+43 for winning)\n","uploadtime":1681764085,"views":8,"p1id":"everito","p2id":"notnehzzy","formatid":"gen9vgc2023regulationc","rating":1015,"private":0,"password":""}