{"id":"gen9vgc2023regulationc-1846022581","p1":"AlxMight","p2":"Cozy Snail","format":"[Gen 9] VGC 2023 Regulation C","log":"|j|\u2606AlxMight\n|j|\u2606Cozy Snail\n|t:|1681792941\n|gametype|doubles\n|player|p1|AlxMight|proton|1164\n|player|p2|Cozy Snail|fisherman-gen4|1174\n|teamsize|p1|6\n|teamsize|p2|6\n|gen|9\n|tier|[Gen 9] VGC 2023 Regulation C\n|rated|\n|rule|Species Clause: Limit one of each Pok\u00e9mon\n|rule|Item Clause: Limit one of each item\n|clearpoke\n|poke|p1|Maushold-Four, L50|\n|poke|p1|Chien-Pao, L50|\n|poke|p1|Kingambit, L50, F|\n|poke|p1|Hatterene, L50, F|\n|poke|p1|Sableye, L50, F|\n|poke|p1|Chi-Yu, L50|\n|poke|p2|Ting-Lu, L50|\n|poke|p2|Wo-Chien, L50|\n|poke|p2|Arcanine, L50, M|\n|poke|p2|Gholdengo, L50|\n|poke|p2|Rotom-Wash, L50|\n|poke|p2|Flutter Mane, L50|\n|teampreview|4\n|\n|t:|1681792988\n|start\n|switch|p1a: Kingambit|Kingambit, L50, F|100\/100\n|switch|p1b: Sableye|Sableye, L50, F|100\/100\n|switch|p2a: Ting-Lu|Ting-Lu, L50|100\/100\n|switch|p2b: Wo-Chien|Wo-Chien, L50|100\/100\n|-ability|p2b: Wo-Chien|Tablets of Ruin\n|-ability|p2a: Ting-Lu|Vessel of Ruin\n|turn|1\n|\n|t:|1681793024\n|move|p1b: Sableye|Reflect|p1b: Sableye\n|-sidestart|p1: AlxMight|Reflect\n|move|p2b: Wo-Chien|Leech Seed|p1b: Sableye\n|-start|p1b: Sableye|move: Leech Seed\n|move|p2a: Ting-Lu|Fissure|p1a: Kingambit|[miss]\n|-miss|p2a: Ting-Lu|p1a: Kingambit\n|move|p1a: Kingambit|Brick Break|p2a: Ting-Lu\n|-supereffective|p2a: Ting-Lu\n|-damage|p2a: Ting-Lu|74\/100\n|\n|-damage|p1b: Sableye|88\/100|[from] Leech Seed|[of] p2b: Wo-Chien\n|upkeep\n|turn|2\n|\n|t:|1681793045\n|switch|p1b: Chien-Pao|Chien-Pao, L50|100\/100\n|-ability|p1b: Chien-Pao|Sword of Ruin\n|move|p2b: Wo-Chien|Pollen Puff|p2a: Ting-Lu\n|-heal|p2a: Ting-Lu|100\/100\n|move|p2a: Ting-Lu|Stomping Tantrum|p1a: Kingambit\n|-supereffective|p1a: Kingambit\n|-damage|p1a: Kingambit|31\/100\n|move|p1a: Kingambit|Brick Break|p2a: Ting-Lu\n|-supereffective|p2a: Ting-Lu\n|-damage|p2a: Ting-Lu|67\/100\n|\n|upkeep\n|turn|3\n|\n|t:|1681793099\n|-terastallize|p1b: Chien-Pao|Ice\n|move|p1b: Chien-Pao|Ice Spinner|p2b: Wo-Chien\n|-supereffective|p2b: Wo-Chien\n|-damage|p2b: Wo-Chien|15\/100\n|move|p2b: Wo-Chien|Leech Seed|p1a: Kingambit\n|-start|p1a: Kingambit|move: Leech Seed\n|move|p2a: Ting-Lu|Stomping Tantrum|p1b: Chien-Pao\n|-damage|p1b: Chien-Pao|78\/100\n|move|p1a: Kingambit|Brick Break|p2a: Ting-Lu\n|-supereffective|p2a: Ting-Lu\n|-damage|p2a: Ting-Lu|34\/100\n|\n|-heal|p2b: Wo-Chien|21\/100|[from] item: Leftovers\n|-damage|p1a: Kingambit|19\/100|[from] Leech Seed|[of] p2b: Wo-Chien\n|-heal|p2b: Wo-Chien|34\/100|[silent]\n|upkeep\n|turn|4\n|\n|t:|1681793129\n|switch|p2a: Rotom|Rotom-Wash, L50|100\/100\n|move|p2b: Wo-Chien|Protect|p2b: Wo-Chien\n|-singleturn|p2b: Wo-Chien|Protect\n|move|p1b: Chien-Pao|Ice Shard|p2b: Wo-Chien\n|-activate|p2b: Wo-Chien|move: Protect\n|move|p1a: Kingambit|Brick Break|p2a: Rotom\n|-damage|p2a: Rotom|65\/100\n|\n|-heal|p2b: Wo-Chien|41\/100|[from] item: Leftovers\n|-damage|p1a: Kingambit|7\/100|[from] Leech Seed|[of] p2b: Wo-Chien\n|-heal|p2b: Wo-Chien|54\/100|[silent]\n|upkeep\n|turn|5\n|inactive|Battle timer is ON: inactive players will automatically lose when time's up. (requested by AlxMight)\n|\n|t:|1681793173\n|-terastallize|p2b: Wo-Chien|Poison\n|move|p1a: Kingambit|Sucker Punch|p2a: Rotom\n|-damage|p2a: Rotom|15\/100\n|move|p1b: Chien-Pao|Ice Spinner|p2b: Wo-Chien\n|-damage|p2b: Wo-Chien|17\/100\n|move|p2a: Rotom|Thunderbolt|p1b: Chien-Pao\n|-damage|p1b: Chien-Pao|0 fnt\n|faint|p1b: Chien-Pao\n|-damage|p2a: Rotom|5\/100|[from] item: Life Orb\n|move|p2b: Wo-Chien|Pollen Puff|p2a: Rotom\n|-heal|p2a: Rotom|55\/100\n|\n|-heal|p2b: Wo-Chien|23\/100|[from] item: Leftovers\n|-damage|p1a: Kingambit|0 fnt|[from] Leech Seed|[of] p2b: Wo-Chien\n|-heal|p2b: Wo-Chien|30\/100|[silent]\n|faint|p1a: Kingambit\n|upkeep\n|\n|t:|1681793193\n|switch|p1b: Sableye|Sableye, L50, F|88\/100\n|switch|p1a: Maushold|Maushold-Four, L50|100\/100\n|turn|6\n|inactive|AlxMight has 30 seconds left.\n|\n|t:|1681793219\n|move|p2b: Wo-Chien|Protect|p2b: Wo-Chien\n|-singleturn|p2b: Wo-Chien|Protect\n|move|p1b: Sableye|Encore|p2b: Wo-Chien\n|-activate|p2b: Wo-Chien|move: Protect\n|move|p1a: Maushold|Super Fang|p2a: Rotom\n|-damage|p2a: Rotom|28\/100\n|move|p2a: Rotom|Thunder Wave|p1a: Maushold\n|-status|p1a: Maushold|par\n|\n|-heal|p2b: Wo-Chien|36\/100|[from] item: Leftovers\n|upkeep\n|turn|7\n|\n|t:|1681793237\n|switch|p2b: Ting-Lu|Ting-Lu, L50|34\/100\n|-ability|p2b: Ting-Lu|Vessel of Ruin\n|move|p1b: Sableye|Encore|p2b: Ting-Lu\n|-hint|Since gen 7, Dark is immune to Prankster moves.\n|-immune|p2b: Ting-Lu\n|move|p2a: Rotom|Thunder Wave|p1b: Sableye\n|-status|p1b: Sableye|par\n|move|p1a: Maushold|Super Fang|p2a: Rotom\n|-damage|p2a: Rotom|15\/100\n|\n|upkeep\n|turn|8\n|\n|t:|1681793261\n|move|p2a: Rotom|Protect|p2a: Rotom\n|-singleturn|p2a: Rotom|Protect\n|move|p1b: Sableye|Encore|p2a: Rotom\n|-activate|p2a: Rotom|move: Protect\n|move|p1a: Maushold|Super Fang|p2b: Ting-Lu\n|-damage|p2b: Ting-Lu|17\/100\n|move|p2b: Ting-Lu|Stomping Tantrum|p1b: Sableye\n|-damage|p1b: Sableye|73\/100 par\n|\n|-sideend|p1: AlxMight|Reflect\n|upkeep\n|turn|9\n|\n|t:|1681793279\n|switch|p2a: Wo-Chien|Wo-Chien, L50, tera:Poison|36\/100\n|-ability|p2a: Wo-Chien|Tablets of Ruin\n|cant|p1a: Maushold|par\n|move|p1b: Sableye|Encore||[still]\n|-fail|p1b: Sableye\n|move|p2b: Ting-Lu|Stone Edge|p1b: Sableye\n|-crit|p1b: Sableye\n|-damage|p1b: Sableye|48\/100 par\n|\n|-heal|p2a: Wo-Chien|43\/100|[from] item: Leftovers\n|upkeep\n|turn|10\n|inactive|AlxMight has 30 seconds left.\n|inactive|AlxMight has 20 seconds left.\n|\n|t:|1681793315\n|move|p2a: Wo-Chien|Protect|p2a: Wo-Chien\n|-singleturn|p2a: Wo-Chien|Protect\n|move|p1b: Sableye|Reflect|p1b: Sableye\n|-sidestart|p1: AlxMight|Reflect\n|cant|p1a: Maushold|par\n|move|p2b: Ting-Lu|Fissure|p1a: Maushold\n|-damage|p1a: Maushold|0 fnt\n|faint|p1a: Maushold\n|-ohko\n|\n|-heal|p2a: Wo-Chien|49\/100|[from] item: Leftovers\n|upkeep\n|turn|11\n|\n|t:|1681793332\n|move|p1b: Sableye|Encore|p2a: Wo-Chien\n|-start|p2a: Wo-Chien|Encore\n|move|p2a: Wo-Chien|Protect|p2a: Wo-Chien\n|-singleturn|p2a: Wo-Chien|Protect\n|move|p2b: Ting-Lu|Fissure|p1b: Sableye|[miss]\n|-miss|p2b: Ting-Lu|p1b: Sableye\n|\n|-heal|p2a: Wo-Chien|55\/100|[from] item: Leftovers\n|upkeep\n|turn|12\n|\n|t:|1681793345\n|switch|p2a: Rotom|Rotom-Wash, L50|15\/100\n|move|p1b: Sableye|Disable||[still]\n|-fail|p1b: Sableye\n|move|p2b: Ting-Lu|Stomping Tantrum|p1b: Sableye\n|-damage|p1b: Sableye|8\/100 par\n|\n|upkeep\n|turn|13\n|\n|t:|1681793356\n|move|p1b: Sableye|Disable||[still]\n|-fail|p1b: Sableye\n|move|p2a: Rotom|Thunderbolt|p1b: Sableye\n|-damage|p1b: Sableye|0 fnt\n|faint|p1b: Sableye\n|-damage|p2a: Rotom|5\/100|[from] item: Life Orb\n|\n|win|Cozy Snail\n|raw|AlxMight's rating: 1164 → 1140<\/strong> (-24 for losing)\n|raw|Cozy Snail's rating: 1174 → 1198<\/strong> (+24 for winning)\n","uploadtime":1681793366,"views":4,"p1id":"alxmight","p2id":"cozysnail","formatid":"gen9vgc2023regulationc","rating":1140,"private":0,"password":""}