{"id":"gen9vgc2023regulationc-1856101443","p1":"Mdcvgc8","p2":"PokemonBreederJoey","format":"[Gen 9] VGC 2023 Regulation C","log":"|j|\u2606Mdcvgc8\n|j|\u2606PokemonBreederJoey\n|t:|1683030252\n|gametype|doubles\n|player|p1|Mdcvgc8|blackbelt-gen4dp|1421\n|player|p2|PokemonBreederJoey|265|1419\n|teamsize|p1|6\n|teamsize|p2|6\n|gen|9\n|tier|[Gen 9] VGC 2023 Regulation C\n|rated|\n|rule|Species Clause: Limit one of each Pok\u00e9mon\n|rule|Item Clause: Limit one of each item\n|clearpoke\n|poke|p1|Tyranitar, L50, M|\n|poke|p1|Klefki, L50, M|\n|poke|p1|Annihilape, L50, M|\n|poke|p1|Gastrodon-East, L50, M|\n|poke|p1|Dragonite, L50, M|\n|poke|p1|Garganacl, L50, M|\n|poke|p2|Grimmsnarl, L50, M|\n|poke|p2|Kingambit, L50, F|\n|poke|p2|Garganacl, L50, M|\n|poke|p2|Amoonguss, L50, M|\n|poke|p2|Sylveon, L50, F|\n|poke|p2|Hawlucha, L50, F|\n|teampreview|4\n|\n|t:|1683030284\n|start\n|switch|p1a: Klefki|Klefki, L50, M|100\/100\n|switch|p1b: Tyranitar|Tyranitar, L50, M|100\/100\n|switch|p2a: Grimmsnarl|Grimmsnarl, L50, M|100\/100\n|switch|p2b: Garganacl|Garganacl, L50, M|100\/100\n|-weather|Sandstorm|[from] ability: Sand Stream|[of] p1b: Tyranitar\n|turn|1\n|\n|t:|1683030298\n|move|p1b: Tyranitar|Protect|p1b: Tyranitar\n|-singleturn|p1b: Tyranitar|Protect\n|move|p2a: Grimmsnarl|Fake Out|p1b: Tyranitar\n|-activate|p1b: Tyranitar|move: Protect\n|move|p1a: Klefki|Reflect|p1a: Klefki\n|-sidestart|p1: Mdcvgc8|Reflect\n|move|p2b: Garganacl|Iron Defense|p2b: Garganacl\n|-boost|p2b: Garganacl|def|2\n|\n|-weather|Sandstorm|[upkeep]\n|-damage|p2a: Grimmsnarl|95\/100|[from] Sandstorm\n|upkeep\n|turn|2\n|\n|t:|1683030322\n|switch|p1b: Annihilape|Annihilape, L50, M|100\/100\n|move|p2a: Grimmsnarl|Reflect|p2a: Grimmsnarl\n|-sidestart|p2: PokemonBreederJoey|Reflect\n|move|p1a: Klefki|Dazzling Gleam|p2a: Grimmsnarl|[spread] p2a,p2b\n|-supereffective|p2a: Grimmsnarl\n|-damage|p2a: Grimmsnarl|68\/100\n|-damage|p2b: Garganacl|92\/100\n|move|p2b: Garganacl|Salt Cure|p1a: Klefki\n|-resisted|p1a: Klefki\n|-damage|p1a: Klefki|96\/100\n|-start|p1a: Klefki|Salt Cure\n|\n|-weather|Sandstorm|[upkeep]\n|-damage|p1b: Annihilape|95\/100|[from] Sandstorm\n|-damage|p2a: Grimmsnarl|62\/100|[from] Sandstorm\n|-heal|p1b: Annihilape|100\/100|[from] item: Leftovers\n|-heal|p2b: Garganacl|98\/100|[from] item: Leftovers\n|-damage|p1a: Klefki|71\/100|[from] Salt Cure\n|upkeep\n|turn|3\n|\n|t:|1683030346\n|switch|p1a: Dragonite|Dragonite, L50, M|100\/100\n|switch|p2a: Sylveon|Sylveon, L50, F|100\/100\n|-terastallize|p2b: Garganacl|Flying\n|move|p1b: Annihilape|Bulk Up|p1b: Annihilape\n|-boost|p1b: Annihilape|atk|1\n|-boost|p1b: Annihilape|def|1\n|move|p2b: Garganacl|Salt Cure|p1b: Annihilape\n|-resisted|p1b: Annihilape\n|-damage|p1b: Annihilape|97\/100\n|-start|p1b: Annihilape|Salt Cure\n|\n|-weather|Sandstorm|[upkeep]\n|-damage|p1b: Annihilape|91\/100|[from] Sandstorm\n|-damage|p1a: Dragonite|94\/100|[from] Sandstorm\n|-damage|p2a: Sylveon|95\/100|[from] Sandstorm\n|-damage|p2b: Garganacl|92\/100|[from] Sandstorm\n|-heal|p1b: Annihilape|97\/100|[from] item: Leftovers\n|-heal|p2b: Garganacl|98\/100|[from] item: Leftovers\n|-damage|p1b: Annihilape|85\/100|[from] Salt Cure\n|upkeep\n|turn|4\n|\n|t:|1683030374\n|-terastallize|p1a: Dragonite|Flying\n|move|p1b: Annihilape|Rage Fist|p2b: Garganacl\n|-damage|p2b: Garganacl|91\/100\n|move|p1a: Dragonite|Tera Blast|p2b: Garganacl\n|-damage|p2b: Garganacl|70\/100\n|move|p2a: Sylveon|Hyper Voice|p1b: Annihilape|[spread] p1a,p1b\n|-supereffective|p1b: Annihilape\n|-crit|p1b: Annihilape\n|-damage|p1a: Dragonite|55\/100\n|-damage|p1b: Annihilape|0 fnt\n|faint|p1b: Annihilape\n|-enditem|p2a: Sylveon|Throat Spray\n|-boost|p2a: Sylveon|spa|1|[from] item: Throat Spray\n|move|p2b: Garganacl|Salt Cure|p1a: Dragonite\n|-supereffective|p1a: Dragonite\n|-damage|p1a: Dragonite|39\/100\n|-start|p1a: Dragonite|Salt Cure\n|\n|-weather|Sandstorm|[upkeep]\n|-damage|p1a: Dragonite|32\/100|[from] Sandstorm\n|-damage|p2a: Sylveon|89\/100|[from] Sandstorm\n|-damage|p2b: Garganacl|64\/100|[from] Sandstorm\n|-heal|p2b: Garganacl|70\/100|[from] item: Leftovers\n|-damage|p1a: Dragonite|20\/100|[from] Salt Cure\n|upkeep\n|c|\u2606Mdcvgc8|Crit fucking magnet you puzzy\n|\n|t:|1683030399\n|switch|p1b: Tyranitar|Tyranitar, L50, M|100\/100\n|turn|5\n|\n|t:|1683030405\n|move|p1a: Dragonite|Tera Blast|p2a: Sylveon\n|-damage|p2a: Sylveon|9\/100\n|move|p1b: Tyranitar|Rock Slide|p2a: Sylveon|[spread] p2a,p2b\n|-supereffective|p2b: Garganacl\n|-damage|p2a: Sylveon|0 fnt\n|-damage|p2b: Garganacl|58\/100\n|faint|p2a: Sylveon\n|cant|p2b: Garganacl|flinch\n|\n|-weather|none\n|-heal|p2b: Garganacl|63\/100|[from] item: Leftovers\n|-damage|p1a: Dragonite|7\/100|[from] Salt Cure\n|upkeep\n|\n|t:|1683030417\n|switch|p2a: Grimmsnarl|Grimmsnarl, L50, M|62\/100\n|turn|6\n|\n|t:|1683030424\n|switch|p1a: Klefki|Klefki, L50, M|71\/100\n|move|p1b: Tyranitar|Protect|p1b: Tyranitar\n|-singleturn|p1b: Tyranitar|Protect\n|move|p2a: Grimmsnarl|Fake Out|p1a: Klefki\n|-resisted|p1a: Klefki\n|-damage|p1a: Klefki|67\/100\n|move|p2b: Garganacl|Iron Defense|p2b: Garganacl\n|-boost|p2b: Garganacl|def|2\n|\n|-heal|p2b: Garganacl|69\/100|[from] item: Leftovers\n|upkeep\n|turn|7\n|\n|t:|1683030440\n|move|p2a: Grimmsnarl|Light Screen|p2a: Grimmsnarl\n|-sidestart|p2: PokemonBreederJoey|move: Light Screen\n|move|p1a: Klefki|Dazzling Gleam|p2a: Grimmsnarl|[spread] p2a,p2b\n|-supereffective|p2a: Grimmsnarl\n|-damage|p2a: Grimmsnarl|44\/100\n|-damage|p2b: Garganacl|60\/100\n|move|p1b: Tyranitar|Rock Slide|p2a: Grimmsnarl|[spread] p2b\n|-miss|p1b: Tyranitar|p2a: Grimmsnarl\n|-supereffective|p2b: Garganacl\n|-damage|p2b: Garganacl|52\/100\n|cant|p2b: Garganacl|flinch\n|\n|-heal|p2b: Garganacl|58\/100|[from] item: Leftovers\n|upkeep\n|turn|8\n|c|\u2606PokemonBreederJoey|x\n|c|\u2606PokemonBreederJoey|d\n|\n|t:|1683030457\n|switch|p2a: Kingambit|Kingambit, L50, F|100\/100\n|move|p1a: Klefki|Dazzling Gleam|p2b: Garganacl|[spread] p2a,p2b\n|-crit|p2a: Kingambit\n|-damage|p2a: Kingambit|74\/100\n|-damage|p2b: Garganacl|50\/100\n|move|p1b: Tyranitar|Rock Slide|p2a: Kingambit|[spread] p2a,p2b\n|-resisted|p2a: Kingambit\n|-supereffective|p2b: Garganacl\n|-damage|p2a: Kingambit|67\/100\n|-damage|p2b: Garganacl|42\/100\n|move|p2b: Garganacl|Body Press|p1b: Tyranitar\n|-supereffective|p1b: Tyranitar\n|-damage|p1b: Tyranitar|0 fnt\n|faint|p1b: Tyranitar\n|\n|-heal|p2b: Garganacl|47\/100|[from] item: Leftovers\n|-sideend|p1: Mdcvgc8|Reflect\n|upkeep\n|\n|t:|1683030474\n|switch|p1b: Dragonite|Dragonite, L50, M, tera:Flying|7\/100\n|turn|9\n|\n|t:|1683030480\n|move|p1b: Dragonite|Extreme Speed|p2b: Garganacl\n|-damage|p2b: Garganacl|41\/100\n|move|p2a: Kingambit|Sucker Punch||[still]\n|-fail|p2a: Kingambit\n|move|p1a: Klefki|Dazzling Gleam|p2b: Garganacl|[spread] p2a,p2b\n|-damage|p2a: Kingambit|56\/100\n|-damage|p2b: Garganacl|33\/100\n|move|p2b: Garganacl|Salt Cure|p1b: Dragonite\n|-supereffective|p1b: Dragonite\n|-damage|p1b: Dragonite|0 fnt\n|faint|p1b: Dragonite\n|\n|-heal|p2b: Garganacl|39\/100|[from] item: Leftovers\n|-sideend|p2: PokemonBreederJoey|Reflect\n|upkeep\n|turn|10\n|\n|t:|1683030497\n|move|p1a: Klefki|Dazzling Gleam|p2b: Garganacl|[spread] p2a,p2b\n|-damage|p2a: Kingambit|44\/100\n|-damage|p2b: Garganacl|30\/100\n|move|p2a: Kingambit|Kowtow Cleave|p1a: Klefki\n|-resisted|p1a: Klefki\n|-damage|p1a: Klefki|41\/100\n|move|p2b: Garganacl|Body Press|p1a: Klefki\n|-damage|p1a: Klefki|0 fnt\n|faint|p1a: Klefki\n|\n|win|PokemonBreederJoey\n|raw|Mdcvgc8's rating: 1421 → 1401<\/strong> (-20 for losing)\n|raw|PokemonBreederJoey's rating: 1419 → 1439<\/strong> (+20 for winning)\n","uploadtime":1683030397,"views":5,"p1id":"mdcvgc8","p2id":"pokemonbreederjoey","formatid":"gen9vgc2023regulationc","rating":1401,"private":0,"password":""}