{"id":"gen9vgc2023regulationc-1858639429","p1":"torwildheart","p2":"Serthalis","format":"[Gen 9] VGC 2023 Regulation C","log":"|j|\u2606torwildheart\n|j|\u203dSerthalis\n|t:|1683335884\n|gametype|doubles\n|player|p1|torwildheart|teamrocket|1252\n|player|p2|Serthalis|blackbelt-gen4dp|1300\n|teamsize|p1|6\n|teamsize|p2|6\n|gen|9\n|tier|[Gen 9] VGC 2023 Regulation C\n|rated|\n|rule|Species Clause: Limit one of each Pok\u00e9mon\n|rule|Item Clause: Limit one of each item\n|clearpoke\n|poke|p1|Tatsugiri, L50, F|\n|poke|p1|Dondozo, L50, M|\n|poke|p1|Flutter Mane, L50|\n|poke|p1|Iron Hands, L50|\n|poke|p1|Glimmora, L50, M|\n|poke|p1|Arcanine, L50, F|\n|poke|p2|Dondozo, L50, F|\n|poke|p2|Tatsugiri, L50, M|\n|poke|p2|Chi-Yu, L50|\n|poke|p2|Flutter Mane, L50|\n|poke|p2|Dragonite, L50, M|\n|poke|p2|Glimmora, L50, F|\n|teampreview|4\ntorwildheart has agreed to open team sheets.\nSerthalis rejected open team sheets.\n|\n|t:|1683335907\n|start\n|switch|p1a: Zero Time|Glimmora, L50, M|100\/100\n|switch|p1b: Bork Bork|Arcanine, L50, F|100\/100\n|switch|p2a: Tatsugiri|Tatsugiri, L50, M|100\/100\n|switch|p2b: Glimmora|Glimmora, L50, F|100\/100\n|-ability|p1b: Bork Bork|Intimidate|boost\n|-unboost|p2a: Tatsugiri|atk|1\n|-unboost|p2b: Glimmora|atk|1\n|turn|1\n|inactive|Battle timer is ON: inactive players will automatically lose when time's up. (requested by Serthalis)\n|\n|t:|1683335922\n|move|p1b: Bork Bork|Extreme Speed|p1a: Zero Time\n|-resisted|p1a: Zero Time\n|-damage|p1a: Zero Time|88\/100\n|-activate|p1a: Zero Time|ability: Toxic Debris\n|-sidestart|p2: Serthalis|move: Toxic Spikes\n|move|p1a: Zero Time|Energy Ball|p2b: Glimmora\n|-damage|p2b: Glimmora|62\/100\n|move|p2b: Glimmora|Earth Power|p1a: Zero Time\n|-supereffective|p1a: Zero Time\n|-damage|p1a: Zero Time|0 fnt\n|faint|p1a: Zero Time\n|move|p2a: Tatsugiri|Muddy Water|p1b: Bork Bork\n|-supereffective|p1b: Bork Bork\n|-damage|p1b: Bork Bork|0 fnt\n|faint|p1b: Bork Bork\n|\n|upkeep\n|\n|t:|1683335926\n|switch|p1b: Eat Me|Tatsugiri, L50, F|100\/100\n|switch|p1a: SnorlaxOfTheSea|Dondozo, L50, M|100\/100\n|-activate|p1b: Eat Me|ability: Commander|[of] p1a: SnorlaxOfTheSea\n|-boost|p1a: SnorlaxOfTheSea|atk|2\n|-boost|p1a: SnorlaxOfTheSea|spa|2\n|-boost|p1a: SnorlaxOfTheSea|spe|2\n|-boost|p1a: SnorlaxOfTheSea|def|2\n|-boost|p1a: SnorlaxOfTheSea|spd|2\n|turn|2\n|\n|t:|1683335944\n|-terastallize|p2b: Glimmora|Grass\n|move|p1a: SnorlaxOfTheSea|Earthquake|p2a: Tatsugiri|[spread] p2a,p2b\n|-miss|p1a: SnorlaxOfTheSea|p1b: Eat Me\n|-resisted|p2b: Glimmora\n|-damage|p2a: Tatsugiri|39\/100\n|-damage|p2b: Glimmora|36\/100\n|-activate|p2b: Glimmora|ability: Toxic Debris\n|-sidestart|p1: torwildheart|move: Toxic Spikes\n|move|p2b: Glimmora|Toxic|p1a: SnorlaxOfTheSea\n|-status|p1a: SnorlaxOfTheSea|tox\n|move|p2a: Tatsugiri|Muddy Water|p1b: Eat Me|[spread] p1a\n|-miss|p2a: Tatsugiri|p1b: Eat Me\n|-resisted|p1a: SnorlaxOfTheSea\n|-crit|p1a: SnorlaxOfTheSea\n|-damage|p1a: SnorlaxOfTheSea|57\/100 tox\n|-unboost|p1a: SnorlaxOfTheSea|accuracy|1\n|\n|-damage|p1a: SnorlaxOfTheSea|50\/100 tox|[from] psn\n|upkeep\n|turn|3\n|\n|t:|1683335962\n|move|p2b: Glimmora|Spiky Shield|p2b: Glimmora\n|-singleturn|p2b: Glimmora|move: Protect\n|move|p1a: SnorlaxOfTheSea|Earthquake|p2b: Glimmora|[spread] \n|-miss|p1a: SnorlaxOfTheSea|p1b: Eat Me\n|-activate|p2b: Glimmora|move: Protect\n|-miss|p1a: SnorlaxOfTheSea|p2a: Tatsugiri\n|move|p2a: Tatsugiri|Muddy Water|p1a: SnorlaxOfTheSea|[spread] \n|-miss|p2a: Tatsugiri|p1b: Eat Me\n|-miss|p2a: Tatsugiri|p1a: SnorlaxOfTheSea\n|\n|-damage|p1a: SnorlaxOfTheSea|38\/100 tox|[from] psn\n|upkeep\n|turn|4\n|\n|t:|1683335973\n|move|p1a: SnorlaxOfTheSea|Rest|p1a: SnorlaxOfTheSea\n|-status|p1a: SnorlaxOfTheSea|slp|[from] move: Rest\n|-heal|p1a: SnorlaxOfTheSea|100\/100 slp|[silent]\n|-enditem|p1a: SnorlaxOfTheSea|Chesto Berry|[eat]\n|-curestatus|p1a: SnorlaxOfTheSea|slp|[msg]\n|move|p2b: Glimmora|Power Gem|p1a: SnorlaxOfTheSea\n|-damage|p1a: SnorlaxOfTheSea|79\/100\n|move|p2a: Tatsugiri|Muddy Water|p1b: Eat Me|[spread] p1a\n|-miss|p2a: Tatsugiri|p1b: Eat Me\n|-resisted|p1a: SnorlaxOfTheSea\n|-damage|p1a: SnorlaxOfTheSea|65\/100\n|\n|upkeep\n|turn|5\n|\n|t:|1683335987\n|-terastallize|p1a: SnorlaxOfTheSea|Flying\n|move|p1a: SnorlaxOfTheSea|Tera Blast|p2b: Glimmora\n|-supereffective|p2b: Glimmora\n|-damage|p2b: Glimmora|0 fnt\n|-activate|p2b: Glimmora|ability: Toxic Debris\n|-sidestart|p1: torwildheart|move: Toxic Spikes\n|faint|p2b: Glimmora\n|move|p2a: Tatsugiri|Muddy Water|p1b: Eat Me|[spread] p1a\n|-miss|p2a: Tatsugiri|p1b: Eat Me\n|-damage|p1a: SnorlaxOfTheSea|35\/100\n|\n|upkeep\n|\n|t:|1683336005\n|switch|p2b: Flutter Mane|Flutter Mane, L50|100\/100\n|-status|p2b: Flutter Mane|psn\n|-enditem|p2b: Flutter Mane|Booster Energy\n|-activate|p2b: Flutter Mane|ability: Protosynthesis|[fromitem]\n|-start|p2b: Flutter Mane|protosynthesisspe\n|turn|6\n|\n|t:|1683336014\n|move|p2b: Flutter Mane|Moonblast|p1a: SnorlaxOfTheSea\n|-damage|p1a: SnorlaxOfTheSea|7\/100\n|-unboost|p1a: SnorlaxOfTheSea|spa|1\n|move|p1a: SnorlaxOfTheSea|Earthquake|p2b: Flutter Mane|[spread] p2a,p2b\n|-miss|p1a: SnorlaxOfTheSea|p1b: Eat Me\n|-damage|p2a: Tatsugiri|0 fnt\n|-damage|p2b: Flutter Mane|10\/100 psn\n|faint|p2a: Tatsugiri\n|\n|-damage|p2b: Flutter Mane|0 fnt|[from] psn\n|faint|p2b: Flutter Mane\n|-end|p2b: Flutter Mane|Protosynthesis|[silent]\n|upkeep\n|\n|t:|1683336024\n|switch|p2b: Chi-Yu|Chi-Yu, L50|100\/100\n|-status|p2b: Chi-Yu|psn\n|-ability|p2b: Chi-Yu|Beads of Ruin\n|turn|7\n|\n|t:|1683336030\n|move|p1a: SnorlaxOfTheSea|Liquidation|p2b: Chi-Yu\n|-supereffective|p2b: Chi-Yu\n|-damage|p2b: Chi-Yu|0 fnt\n|faint|p2b: Chi-Yu\n|\n|win|torwildheart\n|raw|torwildheart's rating: 1252 → 1280<\/strong> (+28 for winning)\n|raw|Serthalis's rating: 1300 → 1272<\/strong> (-28 for losing)\n","uploadtime":1683336034,"views":16,"p1id":"torwildheart","p2id":"serthalis","formatid":"gen9vgc2023regulationc","rating":1272,"private":0,"password":""}