{"id":"gen9vgc2023regulationc-1851798274","p1":"Adri 2022","p2":"bananahammer74","format":"[Gen 9] VGC 2023 Regulation C","log":"|j|\u2606Adri 2022\n|j|\u2606bananahammer74\n|t:|1682485547\n|gametype|doubles\n|player|p1|Adri 2022|plasmagrunt|1085\n|player|p2|bananahammer74|swimmer-gen4dp|1143\n|teamsize|p1|6\n|teamsize|p2|6\n|gen|9\n|tier|[Gen 9] VGC 2023 Regulation C\n|rated|\n|rule|Species Clause: Limit one of each Pok\u00e9mon\n|rule|Item Clause: Limit one of each item\n|clearpoke\n|poke|p1|Chien-Pao, L50|\n|poke|p1|Staraptor, L50, F|\n|poke|p1|Amoonguss, L50, M|\n|poke|p1|Palafin, L50, F|\n|poke|p1|Flutter Mane, L50|\n|poke|p1|Iron Hands, L50|\n|poke|p2|Palafin, L50, F|\n|poke|p2|Chien-Pao, L50|\n|poke|p2|Dragapult, L50, F|\n|poke|p2|Amoonguss, L50, M|\n|poke|p2|Arcanine, L50, F|\n|poke|p2|Flutter Mane, L50|\n|teampreview|4\n|inactive|Battle timer is ON: inactive players will automatically lose when time's up. (requested by bananahammer74)\nbananahammer74 has agreed to open team sheets.\nAdri 2022 has agreed to open team sheets.\n|inactive|bananahammer74 has 60 seconds left.\n|c|\u2606Adri 2022|Tang Gang\n|\n|t:|1682485601\n|start\n|switch|p1a: Chien-Pao|Chien-Pao, L50|100\/100\n|switch|p1b: Palafin|Palafin, L50, F|100\/100\n|switch|p2a: Mimi|Flutter Mane, L50|100\/100\n|switch|p2b: Dozo|Palafin, L50, F|100\/100\n|-ability|p1a: Chien-Pao|Sword of Ruin\n|-enditem|p2a: Mimi|Booster Energy\n|-activate|p2a: Mimi|ability: Protosynthesis|[fromitem]\n|-start|p2a: Mimi|protosynthesisspa\n|turn|1\n|\n|t:|1682485620\n|-terastallize|p2a: Mimi|Fairy\n|-terastallize|p1b: Palafin|Water\n|move|p1a: Chien-Pao|Protect|p1a: Chien-Pao\n|-singleturn|p1a: Chien-Pao|Protect\n|move|p1b: Palafin|Jet Punch|p2a: Mimi\n|-damage|p2a: Mimi|38\/100\n|move|p2b: Dozo|Jet Punch|p1a: Chien-Pao\n|-activate|p1a: Chien-Pao|move: Protect\n|move|p2a: Mimi|Dazzling Gleam|p1b: Palafin|[spread] p1b\n|-activate|p1a: Chien-Pao|move: Protect\n|-damage|p1b: Palafin|16\/100\n|\n|upkeep\n|turn|2\n|\n|t:|1682485638\n|switch|p1a: Amoonguss|Amoonguss, L50, M|100\/100\n|move|p2a: Mimi|Protect|p2a: Mimi\n|-singleturn|p2a: Mimi|Protect\n|move|p1b: Palafin|Jet Punch|p2a: Mimi\n|-activate|p2a: Mimi|move: Protect\n|move|p2b: Dozo|Jet Punch|p1b: Palafin\n|-resisted|p1b: Palafin\n|-damage|p1b: Palafin|0 fnt\n|faint|p1b: Palafin\n|\n|upkeep\n|\n|t:|1682485648\n|switch|p1b: Iron Hands|Iron Hands, L50|100\/100\n|turn|3\n|\n|t:|1682485659\n|-end|p2a: Mimi|Protosynthesis|[silent]\n|switch|p2a: Dnite|Dragapult, L50, F|100\/100\n|detailschange|p2b: Dozo|Palafin-Hero, L50, F\n|switch|p2b: WoChien|Amoonguss, L50, M|100\/100\n|move|p1a: Amoonguss|Rage Powder|p1a: Amoonguss\n|-singleturn|p1a: Amoonguss|move: Rage Powder\n|move|p1b: Iron Hands|Iron Head|p2a: Dnite\n|-damage|p2a: Dnite|62\/100\n|\n|upkeep\n|turn|4\n|\n|t:|1682485683\n|move|p1a: Amoonguss|Rage Powder|p1a: Amoonguss\n|-singleturn|p1a: Amoonguss|move: Rage Powder\n|move|p2a: Dnite|Dragon Darts|p1a: Amoonguss\n|-damage|p1a: Amoonguss|68\/100\n|-anim|p2a: Dnite|Dragon Darts|p1a: Amoonguss\n|-damage|p1a: Amoonguss|35\/100\n|-enditem|p1a: Amoonguss|Sitrus Berry|[eat]\n|-heal|p1a: Amoonguss|60\/100|[from] item: Sitrus Berry\n|move|p1b: Iron Hands|Iron Head|p2a: Dnite\n|-damage|p2a: Dnite|23\/100\n|move|p2b: WoChien|Pollen Puff|p2a: Dnite\n|-heal|p2a: Dnite|73\/100\n|\n|upkeep\n|turn|5\n|inactive|Adri 2022 has 30 seconds left.\n|\n|t:|1682485709\n|switch|p1a: Chien-Pao|Chien-Pao, L50|100\/100\n|-ability|p1a: Chien-Pao|Sword of Ruin\n|move|p2a: Dnite|Dragon Darts|p1b: Iron Hands\n|-damage|p1b: Iron Hands|71\/100\n|-anim|p2a: Dnite|Dragon Darts|p1a: Chien-Pao\n|-damage|p1a: Chien-Pao|48\/100\n|move|p1b: Iron Hands|Drain Punch|p2a: Dnite\n|-immune|p2a: Dnite\n|move|p2b: WoChien|Spore|p1b: Iron Hands\n|-status|p1b: Iron Hands|slp|[from] move: Spore\n|\n|upkeep\n|turn|6\n|\n|t:|1682485732\n|switch|p2a: Mimi|Flutter Mane, L50, tera:Fairy|38\/100\n|-end|p1b: Iron Hands|Quark Drive|[silent]\n|switch|p1b: Amoonguss|Amoonguss, L50, M|60\/100\n|move|p1a: Chien-Pao|Sucker Punch||[still]\n|-fail|p1a: Chien-Pao\n|move|p2b: WoChien|Spore|p1a: Chien-Pao\n|-status|p1a: Chien-Pao|slp|[from] move: Spore\n|\n|upkeep\n|turn|7\n|\n|t:|1682485746\n|cant|p1a: Chien-Pao|slp\n|move|p1b: Amoonguss|Rage Powder|p1b: Amoonguss\n|-singleturn|p1b: Amoonguss|move: Rage Powder\n|move|p2a: Mimi|Shadow Ball|p1b: Amoonguss\n|-damage|p1b: Amoonguss|29\/100\n|move|p2b: WoChien|Pollen Puff|p2a: Mimi\n|-heal|p2a: Mimi|87\/100\n|\n|upkeep\n|turn|8\n|\n|t:|1682485759\n|move|p1b: Amoonguss|Rage Powder|p1b: Amoonguss\n|-singleturn|p1b: Amoonguss|move: Rage Powder\n|cant|p1a: Chien-Pao|slp\n|move|p2a: Mimi|Dazzling Gleam|p1b: Amoonguss|[spread] p1a,p1b\n|-supereffective|p1a: Chien-Pao\n|-resisted|p1b: Amoonguss\n|-damage|p1a: Chien-Pao|0 fnt\n|-damage|p1b: Amoonguss|14\/100\n|faint|p1a: Chien-Pao\n|move|p2b: WoChien|Pollen Puff|p1b: Amoonguss\n|-damage|p1b: Amoonguss|0 fnt\n|faint|p1b: Amoonguss\n|\n|upkeep\n|-message|Adri 2022 forfeited.\n|\n|win|bananahammer74\n|raw|Adri 2022's rating: 1085 → 1066<\/strong> (-19 for losing)\n|raw|bananahammer74's rating: 1143 → 1164<\/strong> (+21 for winning)\n|l|\u2606bananahammer74\n","uploadtime":1682485779,"views":9,"p1id":"adri2022","p2id":"bananahammer74","formatid":"gen9vgc2023regulationc","rating":1066,"private":0,"password":""}