{"id":"gen9vgc2023regulationc-1845208200","p1":"TheMiniGamer88","p2":"Sheesh is cool","format":"[Gen 9] VGC 2023 Regulation C","log":"|j|\u2606TheMiniGamer88\n|j|\u2606Sheesh is cool\n|t:|1681696521\n|gametype|doubles\n|player|p1|TheMiniGamer88|whitney|1092\n|player|p2|Sheesh is cool|102|1004\n|teamsize|p1|6\n|teamsize|p2|6\n|gen|9\n|tier|[Gen 9] VGC 2023 Regulation C\n|rated|\n|rule|Species Clause: Limit one of each Pok\u00e9mon\n|rule|Item Clause: Limit one of each item\n|clearpoke\n|poke|p1|Flareon, L50, M|\n|poke|p1|Wo-Chien, L50|\n|poke|p1|Gothitelle, L50, M|\n|poke|p1|Flutter Mane, L50|\n|poke|p1|Tatsugiri, L50, F|\n|poke|p1|Dondozo, L50, F|\n|poke|p2|Flutter Mane, L50|\n|poke|p2|Amoonguss, L50, F|\n|poke|p2|Chien-Pao, L50|\n|poke|p2|Arcanine, L50, F|\n|poke|p2|Gholdengo, L50|\n|poke|p2|Palafin, L50, F|\n|teampreview|4\n|inactive|Battle timer is ON: inactive players will automatically lose when time's up. (requested by Sheesh is cool)\n|\n|t:|1681696556\n|start\n|switch|p1a: Flareon|Flareon, L50, M|100\/100\n|switch|p1b: Wo-Chien|Wo-Chien, L50|100\/100\n|switch|p2a: Palafin|Palafin, L50, F|100\/100\n|switch|p2b: Gholdengo|Gholdengo, L50|100\/100\n|-ability|p1b: Wo-Chien|Tablets of Ruin\n|turn|1\n|\n|t:|1681696578\n|detailschange|p2a: Palafin|Palafin-Hero, L50, F\n|switch|p2a: Chien-Pao|Chien-Pao, L50|100\/100\n|-ability|p2a: Chien-Pao|Sword of Ruin\n|move|p2b: Gholdengo|Protect|p2b: Gholdengo\n|-singleturn|p2b: Gholdengo|Protect\n|move|p1b: Wo-Chien|Leech Seed|p2a: Chien-Pao\n|-start|p2a: Chien-Pao|move: Leech Seed\n|move|p1a: Flareon|Will-O-Wisp|p2a: Chien-Pao\n|-status|p2a: Chien-Pao|brn\n|\n|-damage|p2a: Chien-Pao|88\/100 brn|[from] Leech Seed|[of] p1b: Wo-Chien\n|-damage|p2a: Chien-Pao|82\/100 brn|[from] brn\n|upkeep\n|turn|2\n|\n|t:|1681696601\n|switch|p2a: Flutter Mane|Flutter Mane, L50|100\/100\n|-enditem|p2a: Flutter Mane|Booster Energy\n|-activate|p2a: Flutter Mane|ability: Protosynthesis|[fromitem]\n|-start|p2a: Flutter Mane|protosynthesisspa\n|move|p1b: Wo-Chien|Protect|p1b: Wo-Chien\n|-singleturn|p1b: Wo-Chien|Protect\n|move|p2b: Gholdengo|Shadow Ball|p1a: Flareon\n|-damage|p1a: Flareon|63\/100\n|move|p1a: Flareon|Heat Wave|p2a: Flutter Mane|[spread] p2a,p2b\n|-supereffective|p2b: Gholdengo\n|-damage|p2a: Flutter Mane|77\/100\n|-damage|p2b: Gholdengo|41\/100\n|\n|-heal|p2b: Gholdengo|47\/100|[from] item: Leftovers\n|upkeep\n|turn|3\n|inactive|TheMiniGamer88 has 30 seconds left.\n|inactive|Sheesh is cool has 30 seconds left.\n|inactive|TheMiniGamer88 has 20 seconds left.\n|inactive|TheMiniGamer88 has 15 seconds left.\n|inactive|TheMiniGamer88 has 10 seconds left.\n|\n|t:|1681696647\n|move|p2b: Gholdengo|Protect|p2b: Gholdengo\n|-singleturn|p2b: Gholdengo|Protect\n|move|p2a: Flutter Mane|Moonblast|p1b: Wo-Chien\n|-supereffective|p1b: Wo-Chien\n|-damage|p1b: Wo-Chien|18\/100\n|-unboost|p1b: Wo-Chien|spa|1\n|move|p1b: Wo-Chien|Giga Drain|p2b: Gholdengo\n|-activate|p2b: Gholdengo|move: Protect\n|move|p1a: Flareon|Fake Tears|p2a: Flutter Mane\n|-unboost|p2a: Flutter Mane|spd|2\n|\n|-heal|p2b: Gholdengo|54\/100|[from] item: Leftovers\n|-heal|p1b: Wo-Chien|24\/100|[from] item: Leftovers\n|upkeep\n|turn|4\n|inactive|TheMiniGamer88 has 30 seconds left.\n|\n|t:|1681696674\n|move|p2a: Flutter Mane|Protect|p2a: Flutter Mane\n|-singleturn|p2a: Flutter Mane|Protect\n|move|p1b: Wo-Chien|Protect|p1b: Wo-Chien\n|-singleturn|p1b: Wo-Chien|Protect\n|move|p2b: Gholdengo|Make It Rain|p1a: Flareon|[spread] p1a\n|-activate|p1b: Wo-Chien|move: Protect\n|-resisted|p1a: Flareon\n|-damage|p1a: Flareon|42\/100\n|-unboost|p2b: Gholdengo|spa|1\n|-enditem|p1a: Flareon|Sitrus Berry|[eat]\n|-heal|p1a: Flareon|67\/100|[from] item: Sitrus Berry\n|move|p1a: Flareon|Heat Wave|p2a: Flutter Mane|[spread] p2b\n|-activate|p2a: Flutter Mane|move: Protect\n|-supereffective|p2b: Gholdengo\n|-damage|p2b: Gholdengo|0 fnt\n|faint|p2b: Gholdengo\n|\n|-heal|p1b: Wo-Chien|31\/100|[from] item: Leftovers\n|upkeep\n|\n|t:|1681696686\n|switch|p2b: Palafin|Palafin-Hero, L50, F|100\/100\n|-activate|p2b: Palafin|ability: Zero to Hero\n|turn|5\n|inactive|TheMiniGamer88 has 30 seconds left.\n|inactive|TheMiniGamer88 has 20 seconds left.\n|\n|t:|1681696724\n|-terastallize|p1a: Flareon|Grass\n|move|p2a: Flutter Mane|Moonblast|p1b: Wo-Chien\n|-supereffective|p1b: Wo-Chien\n|-damage|p1b: Wo-Chien|0 fnt\n|faint|p1b: Wo-Chien\n|move|p2b: Palafin|Wave Crash|p1a: Flareon\n|-resisted|p1a: Flareon\n|-damage|p1a: Flareon|22\/100\n|-damage|p2b: Palafin|86\/100|[from] Recoil\n|-damage|p2b: Palafin|76\/100|[from] item: Life Orb\n|move|p1a: Flareon|Will-O-Wisp|p2b: Palafin\n|-status|p2b: Palafin|brn\n|\n|-damage|p2b: Palafin|70\/100 brn|[from] brn\n|upkeep\n|\n|t:|1681696745\n|switch|p1b: Dondozo|Dondozo, L50, F|100\/100\n|turn|6\n|\n|t:|1681696761\n|switch|p1a: Tatsugiri|Tatsugiri, L50, F|100\/100\n|-activate|p1a: Tatsugiri|ability: Commander|[of] p1b: Dondozo\n|-boost|p1b: Dondozo|atk|2\n|-boost|p1b: Dondozo|spa|2\n|-boost|p1b: Dondozo|spe|2\n|-boost|p1b: Dondozo|def|2\n|-boost|p1b: Dondozo|spd|2\n|move|p2a: Flutter Mane|Mystical Fire|p1a: Tatsugiri|[miss]\n|-miss|p2a: Flutter Mane|p1a: Tatsugiri\n|move|p2b: Palafin|Iron Head|p1b: Dondozo\n|-resisted|p1b: Dondozo\n|-damage|p1b: Dondozo|97\/100\n|-damage|p2b: Palafin|60\/100 brn|[from] item: Life Orb\n|move|p1b: Dondozo|Earthquake|p2b: Palafin|[spread] p2a,p2b\n|-miss|p1b: Dondozo|p1a: Tatsugiri\n|-damage|p2a: Flutter Mane|0 fnt\n|-damage|p2b: Palafin|12\/100 brn\n|faint|p2a: Flutter Mane\n|-end|p2a: Flutter Mane|Protosynthesis|[silent]\n|\n|-damage|p2b: Palafin|6\/100 brn|[from] brn\n|upkeep\n|-message|Sheesh is cool forfeited.\n|\n|win|TheMiniGamer88\n|raw|TheMiniGamer88's rating: 1092 → 1112<\/strong> (+20 for winning)\n|raw|Sheesh is cool's rating: 1004 → 1000<\/strong> (-4 for losing)\n|l|\u2606Sheesh is cool\n","uploadtime":1681696806,"views":12,"p1id":"theminigamer88","p2id":"sheeshiscool","formatid":"gen9vgc2023regulationc","rating":1000,"private":0,"password":""}