{"id":"gen9vgc2023regulationc-1863946486","p1":"yukitomori","p2":"Atlas Rj","format":"[Gen 9] VGC 2023 Regulation C","log":"|j|\u2606yukitomori\n|j|\u2606Atlas Rj\n|t:|1684096549\n|gametype|doubles\n|player|p1|yukitomori|idol|1102\n|player|p2|Atlas Rj|veteran|1163\n|teamsize|p1|6\n|teamsize|p2|6\n|gen|9\n|tier|[Gen 9] VGC 2023 Regulation C\n|rated|\n|rule|Species Clause: Limit one of each Pok\u00e9mon\n|rule|Item Clause: Limit one of each item\n|clearpoke\n|poke|p1|Iron Bundle, L50|\n|poke|p1|Kingambit, L50, F|\n|poke|p1|Dragonite, L50, M|\n|poke|p1|Chien-Pao, L50|\n|poke|p1|Talonflame, L50, M|\n|poke|p1|Great Tusk, L50|\n|poke|p2|Amoonguss, L50, F|\n|poke|p2|Grimmsnarl, L50, M|\n|poke|p2|Hawlucha, L50, F|\n|poke|p2|Azumarill, L50, F|\n|poke|p2|Chien-Pao, L50|\n|poke|p2|Bellibolt, L50, M|\n|teampreview|4\n|inactive|Battle timer is ON: inactive players will automatically lose when time's up. (requested by Atlas Rj)\n|inactive|Atlas Rj has 60 seconds left.\n|\n|t:|1684096580\n|start\n|switch|p1a: Chien-Pao|Chien-Pao, L50|100\/100\n|switch|p1b: Dragonite|Dragonite, L50, M|100\/100\n|switch|p2a: Bellibolt|Bellibolt, L50, M|100\/100\n|switch|p2b: Grimmsnarl|Grimmsnarl, L50, M|100\/100\n|-ability|p1a: Chien-Pao|Sword of Ruin\n|turn|1\n|inactive|yukitomori has 30 seconds left.\n|inactive|yukitomori has 20 seconds left.\n|\n|t:|1684096617\n|-terastallize|p2a: Bellibolt|Ghost\n|move|p1b: Dragonite|Protect|p1b: Dragonite\n|-singleturn|p1b: Dragonite|Protect\n|move|p2b: Grimmsnarl|Reflect|p2b: Grimmsnarl\n|-sidestart|p2: Atlas Rj|Reflect\n|move|p1a: Chien-Pao|Ice Spinner|p2b: Grimmsnarl\n|-damage|p2b: Grimmsnarl|55\/100\n|move|p2a: Bellibolt|Parabolic Charge|p1b: Dragonite|[spread] p2b,p1a\n|-activate|p1b: Dragonite|move: Protect\n|-damage|p2b: Grimmsnarl|28\/100\n|-damage|p1a: Chien-Pao|64\/100\n|\n|upkeep\n|turn|2\n|\n|t:|1684096637\n|switch|p1b: Great Tusk|Great Tusk, L50|100\/100\n|move|p1a: Chien-Pao|Sucker Punch|p2a: Bellibolt\n|-supereffective|p2a: Bellibolt\n|-damage|p2a: Bellibolt|50\/100\n|-start|p2a: Bellibolt|Charge|Sucker Punch|[from] ability: Electromorphosis\n|move|p2b: Grimmsnarl|Misty Terrain|p2b: Grimmsnarl\n|-fieldstart|move: Misty Terrain\n|move|p2a: Bellibolt|Parabolic Charge|p1a: Chien-Pao|[spread] p2b,p1a\n|-immune|p1b: Great Tusk\n|-damage|p2b: Grimmsnarl|0 fnt\n|-heal|p2a: Bellibolt|63\/100|[from] drain|[of] p2b: Grimmsnarl\n|-damage|p1a: Chien-Pao|0 fnt\n|-heal|p2a: Bellibolt|86\/100|[from] drain|[of] p1a: Chien-Pao\n|faint|p2b: Grimmsnarl\n|faint|p1a: Chien-Pao\n|-end|p2a: Bellibolt|Charge|[silent]\n|\n|upkeep\n|inactive|yukitomori has 30 seconds left.\n|\n|t:|1684096663\n|switch|p1a: Iron Bundle|Iron Bundle, L50|100\/100\n|switch|p2b: Hawlucha|Hawlucha, L50, F|100\/100\n|-enditem|p2b: Hawlucha|Misty Seed\n|-boost|p2b: Hawlucha|spd|1|[from] item: Misty Seed\n|-enditem|p1a: Iron Bundle|Booster Energy\n|-activate|p1a: Iron Bundle|ability: Quark Drive|[fromitem]\n|-start|p1a: Iron Bundle|quarkdrivespe\n|turn|3\n|\n|t:|1684096682\n|move|p2b: Hawlucha|Acrobatics|p1b: Great Tusk\n|-supereffective|p1b: Great Tusk\n|-damage|p1b: Great Tusk|37\/100\n|move|p1a: Iron Bundle|Icy Wind|p2b: Hawlucha|[spread] p2a,p2b\n|-supereffective|p2b: Hawlucha\n|-damage|p2a: Bellibolt|65\/100\n|-damage|p2b: Hawlucha|56\/100\n|-unboost|p2a: Bellibolt|spe|1\n|-unboost|p2b: Hawlucha|spe|1\n|-start|p2a: Bellibolt|Charge|Icy Wind|[from] ability: Electromorphosis\n|move|p1b: Great Tusk|Rock Slide|p2b: Hawlucha|[spread] p2a,p2b\n|-damage|p2a: Bellibolt|52\/100\n|-damage|p2b: Hawlucha|34\/100\n|-start|p2a: Bellibolt|Charge|Rock Slide|[from] ability: Electromorphosis\n|move|p2a: Bellibolt|Parabolic Charge|p1b: Great Tusk|[spread] p2b,p1a\n|-immune|p1b: Great Tusk\n|-supereffective|p2b: Hawlucha\n|-supereffective|p1a: Iron Bundle\n|-damage|p2b: Hawlucha|0 fnt\n|-heal|p2a: Bellibolt|64\/100|[from] drain|[of] p2b: Hawlucha\n|-damage|p1a: Iron Bundle|0 fnt\n|-heal|p2a: Bellibolt|97\/100|[from] drain|[of] p1a: Iron Bundle\n|faint|p2b: Hawlucha\n|faint|p1a: Iron Bundle\n|-end|p1a: Iron Bundle|Quark Drive|[silent]\n|-end|p2a: Bellibolt|Charge|[silent]\n|\n|upkeep\n|\n|t:|1684096707\n|switch|p1a: Dragonite|Dragonite, L50, M|100\/100\n|switch|p2b: Amoonguss|Amoonguss, L50, F|100\/100\n|turn|4\n|\n|t:|1684096724\n|-terastallize|p1a: Dragonite|Flying\n|move|p1a: Dragonite|Protect|p1a: Dragonite\n|-singleturn|p1a: Dragonite|Protect\n|move|p1b: Great Tusk|Rock Slide|p2b: Amoonguss|[spread] p2a\n|-miss|p1b: Great Tusk|p2b: Amoonguss\n|-crit|p2a: Bellibolt\n|-damage|p2a: Bellibolt|67\/100\n|-start|p2a: Bellibolt|Charge|Rock Slide|[from] ability: Electromorphosis\n|move|p2b: Amoonguss|Spore|p1b: Great Tusk\n|-activate|p1b: Great Tusk|move: Misty Terrain\n|cant|p2a: Bellibolt|flinch\n|\n|upkeep\n|turn|5\n|\n|t:|1684096748\n|move|p2b: Amoonguss|Rage Powder|p2b: Amoonguss\n|-singleturn|p2b: Amoonguss|move: Rage Powder\n|move|p1b: Great Tusk|Rock Slide|p2b: Amoonguss|[spread] p2a,p2b\n|-damage|p2a: Bellibolt|55\/100\n|-damage|p2b: Amoonguss|85\/100\n|-start|p2a: Bellibolt|Charge|Rock Slide|[from] ability: Electromorphosis\n|move|p1a: Dragonite|Tera Blast|p2b: Amoonguss\n|-supereffective|p2b: Amoonguss\n|-damage|p2b: Amoonguss|3\/100\n|cant|p2a: Bellibolt|flinch\n|-end|p2a: Bellibolt|Charge|[silent]\n|\n|upkeep\n|turn|6\n|\n|t:|1684096767\n|move|p1b: Great Tusk|Rock Slide|p2a: Bellibolt|[spread] p2a,p2b\n|-damage|p2a: Bellibolt|43\/100\n|-damage|p2b: Amoonguss|0 fnt\n|-start|p2a: Bellibolt|Charge|Rock Slide|[from] ability: Electromorphosis\n|faint|p2b: Amoonguss\n|move|p1a: Dragonite|Tera Blast|p2a: Bellibolt\n|-damage|p2a: Bellibolt|4\/100\n|-start|p2a: Bellibolt|Charge|Tera Blast|[from] ability: Electromorphosis\n|cant|p2a: Bellibolt|flinch\n|-end|p2a: Bellibolt|Charge|[silent]\n|\n|-fieldend|Misty Terrain\n|upkeep\n|turn|7\n|c|\u2606Atlas Rj|...\n|c|\u2606yukitomori|LOL\n|-message|Atlas Rj forfeited.\n|\n|win|yukitomori\n|raw|yukitomori's rating: 1102 → 1131<\/strong> (+29 for winning)\n|raw|Atlas Rj's rating: 1163 → 1134<\/strong> (-29 for losing)\n|l|\u2606Atlas Rj\n","uploadtime":1684096790,"views":6,"p1id":"yukitomori","p2id":"atlasrj","formatid":"gen9vgc2023regulationc","rating":1131,"private":0,"password":""}