{"id":"gen9vgc2023regulationc-1854452210","p1":"Treshole","p2":"Phoena1717","format":"[Gen 9] VGC 2023 Regulation C","log":"|j|\u2606Treshole\n|j|\u2606Phoena1717\n|t:|1682812681\n|gametype|doubles\n|player|p1|Treshole|266|\n|player|p2|Phoena1717|dawn-gen4pt|\n|teamsize|p1|6\n|teamsize|p2|6\n|gen|9\n|tier|[Gen 9] VGC 2023 Regulation C\n|rule|Species Clause: Limit one of each Pok\u00e9mon\n|rule|Item Clause: Limit one of each item\n|clearpoke\n|poke|p1|Ting-Lu, L50|\n|poke|p1|Amoonguss, L50, M|\n|poke|p1|Arcanine, L50, M|\n|poke|p1|Flutter Mane, L50|\n|poke|p1|Palafin, L50, M|\n|poke|p1|Baxcalibur, L50, M|\n|poke|p2|Lilligant, L50, F|\n|poke|p2|Torkoal, L50, F|\n|poke|p2|Chi-Yu, L50|\n|poke|p2|Flutter Mane, L50|\n|poke|p2|Kingambit, L50, F|\n|poke|p2|Great Tusk, L50|\n|teampreview|4\nPhoena1717 has agreed to open team sheets.\nTreshole has agreed to open team sheets.\n|c|\u2606Treshole|G2\n|\n|t:|1682813114\n|start\n|switch|p1a: EWGF|Ting-Lu, L50|100\/100\n|switch|p1b: Foot Dive|Baxcalibur, L50, M, shiny|100\/100\n|switch|p2a: FANCY|Flutter Mane, L50, shiny|100\/100\n|switch|p2b: Chi-Yu|Chi-Yu, L50|100\/100\n|-ability|p2b: Chi-Yu|Beads of Ruin\n|-ability|p1a: EWGF|Vessel of Ruin\n|turn|1\n|\n|t:|1682813172\n|-terastallize|p1b: Foot Dive|Poison\n|move|p2a: FANCY|Dazzling Gleam|p1b: Foot Dive|[spread] p1a,p1b\n|-supereffective|p1a: EWGF\n|-crit|p1a: EWGF\n|-resisted|p1b: Foot Dive\n|-damage|p1a: EWGF|38\/100\n|-damage|p1b: Foot Dive|80\/100\n|move|p2b: Chi-Yu|Overheat|p1a: EWGF\n|-damage|p1a: EWGF|2\/100\n|-unboost|p2b: Chi-Yu|spa|2\n|-damage|p2b: Chi-Yu|91\/100|[from] item: Life Orb\n|move|p1b: Foot Dive|Glaive Rush|p2b: Chi-Yu\n|-damage|p2b: Chi-Yu|0 fnt\n|-singlemove|p1b: Foot Dive|Glaive Rush|[silent]\n|faint|p2b: Chi-Yu\n|move|p1a: EWGF|Heavy Slam|p2a: FANCY\n|-supereffective|p2a: FANCY\n|-damage|p2a: FANCY|0 fnt\n|faint|p2a: FANCY\n|-end|p2a: FANCY|Protosynthesis|[silent]\n|\n|upkeep\n|\n|t:|1682813191\n|switch|p2a: Trouble|Great Tusk, L50, shiny|100\/100\n|switch|p2b: HOT|Kingambit, L50, F, shiny|100\/100\n|turn|2\n|\n|t:|1682813212\n|move|p1b: Foot Dive|Protect|p1b: Foot Dive\n|-singleturn|p1b: Foot Dive|Protect\n|move|p2a: Trouble|Rock Slide|p1b: Foot Dive|[spread] p1a\n|-activate|p1b: Foot Dive|move: Protect\n|-resisted|p1a: EWGF\n|-damage|p1a: EWGF|0 fnt\n|faint|p1a: EWGF\n|move|p2b: HOT|Kowtow Cleave|p1b: Foot Dive\n|-activate|p1b: Foot Dive|move: Protect\n|\n|upkeep\n|\n|t:|1682813222\n|switch|p1a: Soul Fist|Flutter Mane, L50|100\/100\n|-enditem|p1a: Soul Fist|Booster Energy\n|-activate|p1a: Soul Fist|ability: Protosynthesis|[fromitem]\n|-start|p1a: Soul Fist|protosynthesisspa\n|turn|3\n|\n|t:|1682813278\n|-terastallize|p2a: Trouble|Steel\n|move|p1b: Foot Dive|Protect|p1b: Foot Dive\n|-singleturn|p1b: Foot Dive|Protect\n|move|p2a: Trouble|Rock Slide|p1a: Soul Fist|[spread] \n|-activate|p1b: Foot Dive|move: Protect\n|-miss|p2a: Trouble|p1a: Soul Fist\n|move|p1a: Soul Fist|Substitute|p1a: Soul Fist\n|-start|p1a: Soul Fist|Substitute\n|-damage|p1a: Soul Fist|76\/100\n|move|p2b: HOT|Kowtow Cleave|p1b: Foot Dive\n|-activate|p1b: Foot Dive|move: Protect\n|\n|upkeep\n|turn|4\n|\n|t:|1682813310\n|move|p2a: Trouble|Rock Slide|p1a: Soul Fist|[spread] p1a,p1b\n|-crit|p1a: Soul Fist\n|-end|p1a: Soul Fist|Substitute\n|-damage|p1b: Foot Dive|61\/100\n|move|p1a: Soul Fist|Moonblast|p2b: HOT\n|-crit|p2b: HOT\n|-damage|p2b: HOT|41\/100\n|move|p1b: Foot Dive|Glaive Rush|p2b: HOT\n|-resisted|p2b: HOT\n|-damage|p2b: HOT|12\/100\n|-singlemove|p1b: Foot Dive|Glaive Rush|[silent]\n|move|p2b: HOT|Kowtow Cleave|p1b: Foot Dive\n|-damage|p1b: Foot Dive|0 fnt\n|faint|p1b: Foot Dive\n|\n|upkeep\n|\n|t:|1682813328\n|switch|p1b: Falcon Punch|Arcanine, L50, M|100\/100\n|-ability|p1b: Falcon Punch|Intimidate|boost\n|-unboost|p2a: Trouble|atk|1\n|-unboost|p2b: HOT|atk|1\n|-ability|p2b: HOT|Defiant|boost\n|-boost|p2b: HOT|atk|2\n|turn|5\n|\n|t:|1682813355\n|move|p1b: Falcon Punch|Extreme Speed|p2b: HOT\n|-resisted|p2b: HOT\n|-damage|p2b: HOT|4\/100\n|move|p2a: Trouble|Rock Slide|p1a: Soul Fist|[spread] p1a,p1b\n|-supereffective|p1b: Falcon Punch\n|-damage|p1a: Soul Fist|52\/100\n|-damage|p1b: Falcon Punch|72\/100\n|move|p1a: Soul Fist|Shadow Ball|p2a: Trouble\n|-damage|p2a: Trouble|23\/100\n|move|p2b: HOT|Kowtow Cleave|p1b: Falcon Punch\n|-damage|p1b: Falcon Punch|0 fnt\n|faint|p1b: Falcon Punch\n|\n|upkeep\n|turn|6\n|\n|t:|1682813375\n|move|p2b: HOT|Sucker Punch||[still]\n|-fail|p2b: HOT\n|move|p2a: Trouble|Rock Slide|p1a: Soul Fist\n|-damage|p1a: Soul Fist|20\/100\n|move|p1a: Soul Fist|Substitute|p1a: Soul Fist\n|-fail|p1a: Soul Fist|move: Substitute|[weak]\n|\n|upkeep\n|turn|7\n|\n|t:|1682813385\n|move|p2b: HOT|Sucker Punch|p1a: Soul Fist\n|-damage|p1a: Soul Fist|0 fnt\n|faint|p1a: Soul Fist\n|-end|p1a: Soul Fist|Protosynthesis|[silent]\n|\n|win|Phoena1717\n","uploadtime":1682813391,"views":12,"p1id":"treshole","p2id":"phoena1717","formatid":"gen9vgc2023regulationc","rating":0,"private":0,"password":""}