{"id":"gen9vgc2023regulationc-1856353403","p1":"AngryR","p2":"yabaika","format":"[Gen 9] VGC 2023 Regulation C","log":"|j|\u2606AngryR\n|j|\u2606yabaika\n|t:|1683053436\n|gametype|doubles\n|player|p1|AngryR|ethan|1112\n|player|p2|yabaika|ethan|1037\n|teamsize|p1|6\n|teamsize|p2|6\n|gen|9\n|tier|[Gen 9] VGC 2023 Regulation C\n|rated|\n|rule|Species Clause: Limit one of each Pok\u00e9mon\n|rule|Item Clause: Limit one of each item\n|clearpoke\n|poke|p1|Tyranitar, L50, M|\n|poke|p1|Corviknight, L50, M|\n|poke|p1|Goodra, L50, F|\n|poke|p1|Rotom-Wash, L50|\n|poke|p1|Great Tusk, L50|\n|poke|p1|Umbreon, L50, M|\n|poke|p2|Revavroom, L50, M|\n|poke|p2|Flutter Mane, L50|\n|poke|p2|Annihilape, L50, F|\n|poke|p2|Chien-Pao, L50|\n|poke|p2|Amoonguss, L50, M|\n|poke|p2|Cyclizar, L50, M|\n|teampreview|4\n|\n|t:|1683053445\n|start\n|switch|p1a: godzilla|Tyranitar, L50, M, shiny|100\/100\n|switch|p1b: Corviknight|Corviknight, L50, M, shiny|100\/100\n|switch|p2a: Revavroom|Revavroom, L50, M|100\/100\n|switch|p2b: Flutter Mane|Flutter Mane, L50|100\/100\n|-ability|p1b: Corviknight|Pressure\n|-weather|Sandstorm|[from] ability: Sand Stream|[of] p1a: godzilla\n|turn|1\n|inactive|Battle timer is ON: inactive players will automatically lose when time's up. (requested by yabaika)\n|\n|t:|1683053461\n|-terastallize|p2a: Revavroom|Normal\n|move|p2b: Flutter Mane|Helping Hand|p2a: Revavroom\n|-singleturn|p2a: Revavroom|Helping Hand|[of] p2b: Flutter Mane\n|move|p2a: Revavroom|Self-Destruct|p1a: godzilla|[spread] p1a,p1b\n|-immune|p2b: Flutter Mane\n|-resisted|p1a: godzilla\n|-resisted|p1b: Corviknight\n|-damage|p1a: godzilla|32\/100\n|-damage|p1b: Corviknight|47\/100\n|faint|p2a: Revavroom\n|move|p1b: Corviknight|Body Press|p2b: Flutter Mane\n|-immune|p2b: Flutter Mane\n|move|p1a: godzilla|Earthquake|p2b: Flutter Mane|[spread] p2b\n|-immune|p1b: Corviknight\n|-damage|p2b: Flutter Mane|35\/100\n|\n|-weather|Sandstorm|[upkeep]\n|-damage|p2b: Flutter Mane|29\/100|[from] Sandstorm\n|-heal|p1b: Corviknight|53\/100|[from] item: Leftovers\n|upkeep\n|\n|t:|1683053479\n|switch|p2a: Annihilape|Annihilape, L50, F|100\/100\n|turn|2\n|\n|t:|1683053498\n|move|p2b: Flutter Mane|Shadow Ball|p1b: Corviknight\n|-damage|p1b: Corviknight|13\/100\n|move|p2a: Annihilape|Bulk Up|p2a: Annihilape\n|-boost|p2a: Annihilape|atk|1\n|-boost|p2a: Annihilape|def|1\n|move|p1b: Corviknight|U-turn|p2a: Annihilape\n|-resisted|p2a: Annihilape\n|-damage|p2a: Annihilape|98\/100\n|\n|t:|1683053508\n|switch|p1b: Rotom|Rotom-Wash, L50|100\/100|[from] U-turn\n|move|p1a: godzilla|Crunch|p2b: Flutter Mane\n|-damage|p2b: Flutter Mane|0 fnt\n|faint|p2b: Flutter Mane\n|-end|p2b: Flutter Mane|Protosynthesis|[silent]\n|\n|-weather|Sandstorm|[upkeep]\n|-damage|p1b: Rotom|95\/100|[from] Sandstorm\n|-damage|p2a: Annihilape|92\/100|[from] Sandstorm\n|-heal|p2a: Annihilape|98\/100|[from] item: Leftovers\n|upkeep\n|\n|t:|1683053517\n|switch|p2b: Chien-Pao|Chien-Pao, L50|100\/100\n|-ability|p2b: Chien-Pao|Sword of Ruin\n|turn|3\n|\n|t:|1683053530\n|move|p2b: Chien-Pao|Icicle Crash|p1a: godzilla\n|-damage|p1a: godzilla|0 fnt\n|faint|p1a: godzilla\n|move|p1b: Rotom|Will-O-Wisp|p2a: Annihilape|[miss]\n|-miss|p1b: Rotom|p2a: Annihilape\n|move|p2a: Annihilape|Bulk Up|p2a: Annihilape\n|-boost|p2a: Annihilape|atk|1\n|-boost|p2a: Annihilape|def|1\n|\n|-weather|Sandstorm|[upkeep]\n|-damage|p2b: Chien-Pao|95\/100|[from] Sandstorm\n|-damage|p1b: Rotom|89\/100|[from] Sandstorm\n|-damage|p2a: Annihilape|92\/100|[from] Sandstorm\n|-heal|p2a: Annihilape|98\/100|[from] item: Leftovers\n|upkeep\n|\n|t:|1683053541\n|switch|p1a: Corviknight|Corviknight, L50, M, shiny|13\/100\n|-ability|p1a: Corviknight|Pressure\n|turn|4\n|\n|t:|1683053554\n|move|p2b: Chien-Pao|Icicle Crash|p1a: Corviknight\n|-damage|p1a: Corviknight|0 fnt\n|faint|p1a: Corviknight\n|move|p1b: Rotom|Will-O-Wisp|p2a: Annihilape\n|-status|p2a: Annihilape|brn\n|move|p2a: Annihilape|Rage Fist|p1b: Rotom\n|-damage|p1b: Rotom|1\/100\n|\n|-weather|Sandstorm|[upkeep]\n|-damage|p2b: Chien-Pao|89\/100|[from] Sandstorm\n|-damage|p1b: Rotom|0 fnt|[from] Sandstorm\n|-damage|p2a: Annihilape|92\/100 brn|[from] Sandstorm\n|faint|p1b: Rotom\n|-heal|p2a: Annihilape|98\/100 brn|[from] item: Leftovers\n|-damage|p2a: Annihilape|92\/100 brn|[from] brn\n|upkeep\n|\n|t:|1683053565\n|switch|p1b: Goodra|Goodra, L50, F, shiny|100\/100\n|turn|5\n|\n|t:|1683053585\n|-terastallize|p1b: Goodra|Ground\n|move|p2b: Chien-Pao|Icicle Crash|p1b: Goodra\n|-supereffective|p1b: Goodra\n|-damage|p1b: Goodra|0 fnt\n|faint|p1b: Goodra\n|\n|win|yabaika\n|raw|AngryR's rating: 1112 → 1082<\/strong> (-30 for losing)\n|raw|yabaika's rating: 1037 → 1079<\/strong> (+42 for winning)\n|l|\u2606AngryR\n","uploadtime":1683053594,"views":11,"p1id":"angryr","p2id":"yabaika","formatid":"gen9vgc2023regulationc","rating":1079,"private":0,"password":""}