{"id":"gen9vgc2023regulationc-1857654412","p1":"AootyPooty","p2":"elsopaipillas","format":"[Gen 9] VGC 2023 Regulation C","log":"|j|\u2606AootyPooty\n|j|\u2606elsopaipillas\n|t:|1683218612\n|gametype|doubles\n|player|p1|AootyPooty|drayden|1129\n|player|p2|elsopaipillas|maid|1140\n|teamsize|p1|6\n|teamsize|p2|6\n|gen|9\n|tier|[Gen 9] VGC 2023 Regulation C\n|rated|\n|rule|Species Clause: Limit one of each Pok\u00e9mon\n|rule|Item Clause: Limit one of each item\n|clearpoke\n|poke|p1|Pincurchin, L50, F|\n|poke|p1|Farigiraf, L50, M|\n|poke|p1|Iron Bundle, L50|\n|poke|p1|Iron Thorns, L50|\n|poke|p1|Cetitan, L50, F|\n|poke|p1|Abomasnow, L50, F|\n|poke|p2|Palafin, L50, F|\n|poke|p2|Chien-Pao, L50|\n|poke|p2|Dragapult, L50, F|\n|poke|p2|Amoonguss, L50, F|\n|poke|p2|Arcanine, L50, M|\n|poke|p2|Flutter Mane, L50|\n|teampreview|4\n|\n|t:|1683218647\n|start\n|switch|p1a: Iron Bundle|Iron Bundle, L50, shiny|100\/100\n|switch|p1b: Abomasnow|Abomasnow, L50, F, shiny|100\/100\n|switch|p2a: Dnite|Dragapult, L50, F|100\/100\n|switch|p2b: Bundle|Chien-Pao, L50|100\/100\n|-ability|p2b: Bundle|Sword of Ruin\n|-weather|Snow|[from] ability: Snow Warning|[of] p1b: Abomasnow\n|turn|1\n|inactive|Battle timer is ON: inactive players will automatically lose when time's up. (requested by elsopaipillas)\n|\n|t:|1683218667\n|move|p1a: Iron Bundle|Protect|p1a: Iron Bundle\n|-singleturn|p1a: Iron Bundle|Protect\n|move|p1b: Abomasnow|Protect|p1b: Abomasnow\n|-singleturn|p1b: Abomasnow|Protect\n|move|p2a: Dnite|Dragon Darts|p1b: Abomasnow\n|-activate|p1a: Iron Bundle|move: Protect\n|move|p2b: Bundle|Sacred Sword|p1a: Iron Bundle\n|-activate|p1a: Iron Bundle|move: Protect\n|\n|-weather|Snow|[upkeep]\n|upkeep\n|turn|2\n|\n|t:|1683218690\n|switch|p1b: Pincurchin|Pincurchin, L50, F, shiny|100\/100\n|-fieldstart|move: Electric Terrain|[from] ability: Electric Surge|[of] p1b: Pincurchin\n|-enditem|p1a: Iron Bundle|Electric Seed\n|-boost|p1a: Iron Bundle|def|1|[from] item: Electric Seed\n|-activate|p1a: Iron Bundle|ability: Quark Drive\n|-start|p1a: Iron Bundle|quarkdrivedef\n|-item|p1b: Pincurchin|Air Balloon\n|move|p2a: Dnite|Dragon Darts|p1b: Pincurchin\n|-damage|p1b: Pincurchin|42\/100\n|-enditem|p1b: Pincurchin|Air Balloon\n|-anim|p2a: Dnite|Dragon Darts|p1a: Iron Bundle\n|-damage|p1a: Iron Bundle|80\/100\n|move|p2b: Bundle|Sacred Sword|p1a: Iron Bundle\n|-supereffective|p1a: Iron Bundle\n|-damage|p1a: Iron Bundle|34\/100\n|move|p1a: Iron Bundle|Blizzard|p2b: Bundle|[spread] p2a,p2b\n|-supereffective|p2a: Dnite\n|-resisted|p2b: Bundle\n|-damage|p2a: Dnite|0 fnt\n|-damage|p2b: Bundle|64\/100\n|faint|p2a: Dnite\n|\n|-weather|Snow|[upkeep]\n|upkeep\n|\n|t:|1683218713\n|switch|p2a: ChiYu|Arcanine, L50, M|100\/100\n|-ability|p2a: ChiYu|Intimidate|boost\n|-unboost|p1a: Iron Bundle|atk|1\n|-unboost|p1b: Pincurchin|atk|1\n|turn|3\n|\n|t:|1683218730\n|move|p1a: Iron Bundle|Protect|p1a: Iron Bundle\n|-singleturn|p1a: Iron Bundle|Protect\n|move|p2a: ChiYu|Extreme Speed|p1b: Pincurchin\n|-damage|p1b: Pincurchin|13\/100\n|move|p2b: Bundle|Sacred Sword|p1a: Iron Bundle\n|-activate|p1a: Iron Bundle|move: Protect\n|move|p1b: Pincurchin|Thunder Wave|p2b: Bundle\n|-status|p2b: Bundle|par\n|\n|-weather|Snow|[upkeep]\n|upkeep\n|turn|4\n|\n|t:|1683218746\n|move|p1b: Pincurchin|Protect|p1b: Pincurchin\n|-singleturn|p1b: Pincurchin|Protect\n|move|p2a: ChiYu|Extreme Speed|p1b: Pincurchin\n|-activate|p1b: Pincurchin|move: Protect\n|move|p2b: Bundle|Sucker Punch|p1a: Iron Bundle\n|-damage|p1a: Iron Bundle|13\/100\n|move|p1a: Iron Bundle|Water Pulse|p2a: ChiYu\n|-supereffective|p2a: ChiYu\n|-damage|p2a: ChiYu|36\/100\n|\n|-weather|Snow|[upkeep]\n|upkeep\n|turn|5\n|inactive|AootyPooty has 30 seconds left.\n|\n|t:|1683218771\n|switch|p1b: Cetitan|Cetitan, L50, F, shiny|100\/100\n|move|p2a: ChiYu|Extreme Speed|p1b: Cetitan\n|-damage|p1b: Cetitan|85\/100\n|move|p2b: Bundle|Sucker Punch|p1a: Iron Bundle\n|-damage|p1a: Iron Bundle|0 fnt\n|faint|p1a: Iron Bundle\n|-end|p1a: Iron Bundle|Quark Drive|[silent]\n|\n|-weather|none\n|upkeep\n|\n|t:|1683218783\n|switch|p1a: Abomasnow|Abomasnow, L50, F, shiny|100\/100\n|-weather|Snow|[from] ability: Snow Warning|[of] p1a: Abomasnow\n|turn|6\n|\n|t:|1683218799\n|-terastallize|p1b: Cetitan|Water\n|move|p1a: Abomasnow|Protect|p1a: Abomasnow\n|-singleturn|p1a: Abomasnow|Protect\n|move|p1b: Cetitan|Earthquake|p2a: ChiYu|[spread] p2a,p2b\n|-activate|p1a: Abomasnow|move: Protect\n|-supereffective|p2a: ChiYu\n|-damage|p2a: ChiYu|0 fnt\n|-damage|p2b: Bundle|40\/100 par\n|faint|p2a: ChiYu\n|move|p2b: Bundle|Sacred Sword|p1b: Cetitan\n|-damage|p1b: Cetitan|54\/100\n|\n|-weather|Snow|[upkeep]\n|-fieldend|move: Electric Terrain\n|upkeep\n|\n|t:|1683218823\n|switch|p2a: WoChien|Amoonguss, L50, F|100\/100\n|turn|7\n|\n|t:|1683218838\n|switch|p1a: Pincurchin|Pincurchin, L50, F, shiny|13\/100\n|-fieldstart|move: Electric Terrain|[from] ability: Electric Surge|[of] p1a: Pincurchin\n|move|p1b: Cetitan|Heavy Slam|p2b: Bundle\n|-supereffective|p2b: Bundle\n|-damage|p2b: Bundle|0 fnt\n|faint|p2b: Bundle\n|move|p2a: WoChien|Spore|p1b: Cetitan\n|-activate|p1b: Cetitan|move: Electric Terrain\n|\n|-weather|Snow|[upkeep]\n|upkeep\n|turn|8\n|l|\u2606elsopaipillas\n|inactive|elsopaipillas disconnected and has a minute to reconnect!\n|player|p2|\n|inactive|elsopaipillas has 30 seconds left.\n|inactive|elsopaipillas has 20 seconds left.\n|inactive|elsopaipillas has 15 seconds left.\n|inactive|elsopaipillas has 10 seconds left.\n|inactive|elsopaipillas has 5 seconds left.\n|-message|elsopaipillas lost due to inactivity.\n|\n|win|AootyPooty\n|raw|AootyPooty's rating: 1129 → 1155<\/strong> (+26 for winning)\n|raw|elsopaipillas's rating: 1140 → 1114<\/strong> (-26 for losing)\n","uploadtime":1683218910,"views":14,"p1id":"aootypooty","p2id":"elsopaipillas","formatid":"gen9vgc2023regulationc","rating":1114,"private":0,"password":""}