{"id":"gen9vgc2023regulationc-1848217848","p1":"Kiriziozar","p2":"choowk2010","format":"[Gen 9] VGC 2023 Regulation C","log":"|j|\u2606Kiriziozar\n|j|\u2606choowk2010\n|t:|1682043829\n|gametype|doubles\n|player|p1|Kiriziozar|lance|1040\n|player|p2|choowk2010|1|1076\n|teamsize|p1|6\n|teamsize|p2|6\n|gen|9\n|tier|[Gen 9] VGC 2023 Regulation C\n|rated|\n|rule|Species Clause: Limit one of each Pok\u00e9mon\n|rule|Item Clause: Limit one of each item\n|clearpoke\n|poke|p1|Dondozo, L50, M|\n|poke|p1|Tatsugiri-Stretchy, L50, F|\n|poke|p1|Chi-Yu, L50|\n|poke|p1|Flutter Mane, L50|\n|poke|p1|Dragonite, L50, M|\n|poke|p1|Glimmora, L50, F|\n|poke|p2|Arcanine, L50, F|\n|poke|p2|Dragonite, L50, M|\n|poke|p2|Amoonguss, L50, M|\n|poke|p2|Flutter Mane, L50|\n|poke|p2|Chien-Pao, L50|\n|poke|p2|Garganacl, L50, M|\n|teampreview|4\n|inactive|Battle timer is ON: inactive players will automatically lose when time's up. (requested by Kiriziozar)\n|inactive|choowk2010 has 60 seconds left.\n|\n|t:|1682043905\n|start\n|switch|p1a: Flutter Mane|Flutter Mane, L50|100\/100\n|switch|p1b: Tatsugiri|Tatsugiri-Stretchy, L50, F|100\/100\n|switch|p2a: Arcanine|Arcanine, L50, F|100\/100\n|switch|p2b: Flutter Mane|Flutter Mane, L50|100\/100\n|-ability|p2a: Arcanine|Intimidate|boost\n|-unboost|p1a: Flutter Mane|atk|1\n|-unboost|p1b: Tatsugiri|atk|1\n|-enditem|p1a: Flutter Mane|Booster Energy\n|-activate|p1a: Flutter Mane|ability: Protosynthesis|[fromitem]\n|-start|p1a: Flutter Mane|protosynthesisspe\n|turn|1\n|inactive|Kiriziozar has 30 seconds left.\n|\n|t:|1682043934\n|switch|p1b: Glimmora|Glimmora, L50, F|100\/100\n|move|p1a: Flutter Mane|Protect|p1a: Flutter Mane\n|-singleturn|p1a: Flutter Mane|Protect\n|move|p2b: Flutter Mane|Icy Wind|p1a: Flutter Mane|[spread] p1b\n|-activate|p1a: Flutter Mane|move: Protect\n|-damage|p1b: Glimmora|81\/100\n|-unboost|p1b: Glimmora|spe|1\n|move|p2a: Arcanine|Roar|p1b: Glimmora\n|drag|p1b: Dondozo|Dondozo, L50, M|100\/100\n|\n|upkeep\n|turn|2\n|inactive|choowk2010 has 30 seconds left.\n|\n|t:|1682043964\n|move|p2b: Flutter Mane|Protect|p2b: Flutter Mane\n|-singleturn|p2b: Flutter Mane|Protect\n|move|p1a: Flutter Mane|Substitute|p1a: Flutter Mane\n|-start|p1a: Flutter Mane|Substitute\n|-damage|p1a: Flutter Mane|76\/100\n|move|p1b: Dondozo|Yawn|p2b: Flutter Mane\n|-activate|p2b: Flutter Mane|move: Protect\n|move|p2a: Arcanine|Roar|p1b: Dondozo\n|drag|p1b: Glimmora|Glimmora, L50, F|81\/100\n|\n|upkeep\n|turn|3\n|\n|t:|1682043981\n|-end|p2b: Flutter Mane|Protosynthesis|[silent]\n|switch|p2b: Garganacl|Garganacl, L50, M|100\/100\n|move|p1a: Flutter Mane|Protect|p1a: Flutter Mane\n|-singleturn|p1a: Flutter Mane|Protect\n|move|p1b: Glimmora|Toxic|p2a: Arcanine\n|-status|p2a: Arcanine|tox\n|move|p2a: Arcanine|Snarl|p1b: Glimmora|[spread] p1b\n|-activate|p1a: Flutter Mane|move: Protect\n|-damage|p1b: Glimmora|67\/100\n|-unboost|p1b: Glimmora|spa|1\n|\n|-damage|p2a: Arcanine|95\/100 tox|[from] psn\n|upkeep\n|turn|4\n|inactive|choowk2010 has 30 seconds left.\n|\n|t:|1682044010\n|switch|p2b: Amoonguss|Amoonguss, L50, M|100\/100\n|move|p1a: Flutter Mane|Hex|p2a: Arcanine\n|-damage|p2a: Arcanine|31\/100 tox\n|move|p1b: Glimmora|Earth Power|p2b: Amoonguss\n|-damage|p2b: Amoonguss|82\/100\n|-unboost|p2b: Amoonguss|spd|1\n|move|p2a: Arcanine|Snarl|p1b: Glimmora|[spread] p1a,p1b\n|-damage|p1a: Flutter Mane|66\/100\n|-damage|p1b: Glimmora|52\/100\n|-unboost|p1a: Flutter Mane|spa|1\n|-unboost|p1b: Glimmora|spa|1\n|\n|-damage|p2a: Arcanine|19\/100 tox|[from] psn\n|upkeep\n|-enditem|p2a: Arcanine|Iapapa Berry|[eat]\n|-heal|p2a: Arcanine|52\/100 tox|[from] item: Iapapa Berry\n|turn|5\n|\n|t:|1682044034\n|move|p1a: Flutter Mane|Protect|p1a: Flutter Mane\n|-singleturn|p1a: Flutter Mane|Protect\n|move|p1b: Glimmora|Spiky Shield|p1b: Glimmora\n|-singleturn|p1b: Glimmora|move: Protect\n|move|p2a: Arcanine|Snarl|p1b: Glimmora|[spread] \n|-activate|p1a: Flutter Mane|move: Protect\n|-activate|p1b: Glimmora|move: Protect\n|move|p2b: Amoonguss|Spore|p1b: Glimmora\n|-activate|p1b: Glimmora|move: Protect\n|\n|-damage|p2a: Arcanine|34\/100 tox|[from] psn\n|upkeep\n|turn|6\n|\n|t:|1682044056\n|move|p2b: Amoonguss|Rage Powder|p2b: Amoonguss\n|-singleturn|p2b: Amoonguss|move: Rage Powder\n|move|p1a: Flutter Mane|Hex|p2b: Amoonguss\n|-damage|p2b: Amoonguss|51\/100\n|move|p1b: Glimmora|Toxic|p2b: Amoonguss\n|-immune|p2b: Amoonguss\n|move|p2a: Arcanine|Snarl|p1b: Glimmora|[spread] p1a,p1b\n|-damage|p1a: Flutter Mane|56\/100\n|-damage|p1b: Glimmora|37\/100\n|-unboost|p1a: Flutter Mane|spa|1\n|-unboost|p1b: Glimmora|spa|1\n|\n|-damage|p2a: Arcanine|10\/100 tox|[from] psn\n|upkeep\n|turn|7\n|\n|t:|1682044085\n|switch|p1b: Dondozo|Dondozo, L50, M|100\/100\n|move|p1a: Flutter Mane|Protect|p1a: Flutter Mane\n|-singleturn|p1a: Flutter Mane|Protect\n|move|p2a: Arcanine|Snarl|p1b: Dondozo|[spread] p1b\n|-activate|p1a: Flutter Mane|move: Protect\n|-damage|p1b: Dondozo|93\/100\n|-unboost|p1b: Dondozo|spa|1\n|move|p2b: Amoonguss|Spore|p1b: Dondozo\n|-status|p1b: Dondozo|slp|[from] move: Spore\n|\n|-damage|p2a: Arcanine|0 fnt|[from] psn\n|faint|p2a: Arcanine\n|upkeep\n|\n|t:|1682044108\n|switch|p2a: Garganacl|Garganacl, L50, M|100\/100\n|turn|8\n|\n|t:|1682044128\n|-terastallize|p2a: Garganacl|Ghost\n|move|p1a: Flutter Mane|Moonblast|p2a: Garganacl\n|-damage|p2a: Garganacl|84\/100\n|cant|p1b: Dondozo|slp\n|move|p2a: Garganacl|Salt Cure|p1b: Dondozo\n|-damage|p1b: Dondozo|84\/100 slp\n|-start|p1b: Dondozo|Salt Cure\n|move|p2b: Amoonguss|Foul Play|p1a: Flutter Mane\n|-activate|p1a: Flutter Mane|move: Substitute|[damage]\n|\n|-damage|p1b: Dondozo|59\/100 slp|[from] Salt Cure\n|upkeep\n|turn|9\n|inactive|choowk2010 has 30 seconds left.\n|inactive|Kiriziozar has 30 seconds left.\n|\n|t:|1682044159\n|switch|p1b: Glimmora|Glimmora, L50, F|37\/100\n|move|p1a: Flutter Mane|Protect|p1a: Flutter Mane\n|-singleturn|p1a: Flutter Mane|Protect\n|move|p2a: Garganacl|Salt Cure|p1a: Flutter Mane\n|-activate|p1a: Flutter Mane|move: Protect\n|move|p2b: Amoonguss|Spore|p1a: Flutter Mane\n|-activate|p1a: Flutter Mane|move: Protect\n|\n|upkeep\n|turn|10\n|inactive|choowk2010 has 30 seconds left.\n|\n|t:|1682044188\n|move|p2b: Amoonguss|Rage Powder|p2b: Amoonguss\n|-singleturn|p2b: Amoonguss|move: Rage Powder\n|move|p1a: Flutter Mane|Hex|p2b: Amoonguss\n|-damage|p2b: Amoonguss|24\/100\n|move|p1b: Glimmora|Toxic|p2b: Amoonguss\n|-immune|p2b: Amoonguss\n|move|p2a: Garganacl|Salt Cure|p1a: Flutter Mane\n|-end|p1a: Flutter Mane|Substitute\n|\n|upkeep\n|turn|11\n|\n|t:|1682044213\n|move|p1a: Flutter Mane|Protect|p1a: Flutter Mane\n|-singleturn|p1a: Flutter Mane|Protect\n|move|p1b: Glimmora|Earth Power|p2b: Amoonguss\n|-damage|p2b: Amoonguss|0 fnt\n|faint|p2b: Amoonguss\n|move|p2a: Garganacl|Salt Cure|p1b: Glimmora\n|-damage|p1b: Glimmora|19\/100\n|-start|p1b: Glimmora|Salt Cure\n|-activate|p1b: Glimmora|ability: Toxic Debris\n|-sidestart|p2: choowk2010|move: Toxic Spikes\n|\n|-damage|p1b: Glimmora|7\/100|[from] Salt Cure\n|upkeep\n|\n|t:|1682044224\n|switch|p2b: Flutter Mane|Flutter Mane, L50|100\/100\n|-status|p2b: Flutter Mane|psn\n|turn|12\n|\n|t:|1682044244\n|-end|p1a: Flutter Mane|Protosynthesis|[silent]\n|switch|p1a: Dondozo|Dondozo, L50, M|59\/100 slp\n|switch|p1b: Tatsugiri|Tatsugiri-Stretchy, L50, F|100\/100\n|move|p2b: Flutter Mane|Shadow Ball|p1a: Dondozo\n|-damage|p1a: Dondozo|33\/100 slp\n|-enditem|p1a: Dondozo|Sitrus Berry|[eat]\n|-heal|p1a: Dondozo|58\/100 slp|[from] item: Sitrus Berry\n|move|p2a: Garganacl|Iron Defense|p2a: Garganacl\n|-boost|p2a: Garganacl|def|2\n|\n|-damage|p2b: Flutter Mane|88\/100 psn|[from] psn\n|upkeep\n|turn|13\n|inactive|Kiriziozar has 30 seconds left.\n|inactive|choowk2010 has 30 seconds left.\n|inactive|Kiriziozar has 20 seconds left.\n|\n|t:|1682044279\n|move|p2b: Flutter Mane|Moonblast|p1a: Dondozo\n|-damage|p1a: Dondozo|25\/100 slp\n|move|p1b: Tatsugiri|Muddy Water|p2b: Flutter Mane|[spread] p2a\n|-miss|p1b: Tatsugiri|p2b: Flutter Mane\n|-damage|p2a: Garganacl|47\/100\n|cant|p1a: Dondozo|slp\n|move|p2a: Garganacl|Salt Cure|p1a: Dondozo\n|-damage|p1a: Dondozo|17\/100 slp\n|-start|p1a: Dondozo|Salt Cure\n|\n|-damage|p2b: Flutter Mane|76\/100 psn|[from] psn\n|-damage|p1a: Dondozo|0 fnt|[from] Salt Cure\n|faint|p1a: Dondozo\n|upkeep\n|\n|t:|1682044291\n|switch|p1a: Glimmora|Glimmora, L50, F|7\/100\n|turn|14\n|\n|t:|1682044301\n|-terastallize|p1b: Tatsugiri|Ghost\n|move|p2b: Flutter Mane|Icy Wind|p1a: Glimmora|[spread] p1a,p1b\n|-damage|p1a: Glimmora|0 fnt\n|-damage|p1b: Tatsugiri|84\/100\n|-unboost|p1b: Tatsugiri|spe|1\n|faint|p1a: Glimmora\n|move|p1b: Tatsugiri|Muddy Water|p2b: Flutter Mane|[spread] p2a,p2b\n|-damage|p2a: Garganacl|11\/100\n|-damage|p2b: Flutter Mane|21\/100 psn\n|move|p2a: Garganacl|Recover|p2a: Garganacl\n|-heal|p2a: Garganacl|61\/100\n|\n|-damage|p2b: Flutter Mane|9\/100 psn|[from] psn\n|upkeep\n|\n|t:|1682044312\n|switch|p1a: Flutter Mane|Flutter Mane, L50|56\/100\n|turn|15\n|\n|t:|1682044327\n|move|p1a: Flutter Mane|Protect|p1a: Flutter Mane\n|-singleturn|p1a: Flutter Mane|Protect\n|move|p2b: Flutter Mane|Shadow Ball|p1a: Flutter Mane\n|-activate|p1a: Flutter Mane|move: Protect\n|move|p1b: Tatsugiri|Muddy Water|p2b: Flutter Mane|[spread] p2a,p2b\n|-damage|p2a: Garganacl|25\/100\n|-damage|p2b: Flutter Mane|0 fnt\n|faint|p2b: Flutter Mane\n|-end|p2b: Flutter Mane|Protosynthesis|[silent]\n|move|p2a: Garganacl|Salt Cure|p1b: Tatsugiri\n|-damage|p1b: Tatsugiri|62\/100\n|-start|p1b: Tatsugiri|Salt Cure\n|\n|-damage|p1b: Tatsugiri|50\/100|[from] Salt Cure\n|upkeep\n|turn|16\n|\n|t:|1682044342\n|move|p1a: Flutter Mane|Substitute|p1a: Flutter Mane\n|-start|p1a: Flutter Mane|Substitute\n|-damage|p1a: Flutter Mane|31\/100\n|move|p1b: Tatsugiri|Muddy Water|p2a: Garganacl\n|-crit|p2a: Garganacl\n|-damage|p2a: Garganacl|0 fnt\n|faint|p2a: Garganacl\n|\n|win|Kiriziozar\n|raw|Kiriziozar's rating: 1040 → 1078<\/strong> (+38 for winning)\n|raw|choowk2010's rating: 1076 → 1052<\/strong> (-24 for losing)\n","uploadtime":1682044352,"views":9,"p1id":"kiriziozar","p2id":"choowk2010","formatid":"gen9vgc2023regulationc","rating":1052,"private":0,"password":""}