{"id":"gen9vgc2023regulationc-1856311352","p1":"EpicRedditor69","p2":"Donkk","format":"[Gen 9] VGC 2023 Regulation C","log":"|j|\u2606EpicRedditor69\n|j|\u2606Donkk\n|t:|1683049816\n|gametype|doubles\n|player|p1|EpicRedditor69|102|1315\n|player|p2|Donkk|ethan|1241\n|teamsize|p1|6\n|teamsize|p2|6\n|gen|9\n|tier|[Gen 9] VGC 2023 Regulation C\n|rated|\n|rule|Species Clause: Limit one of each Pok\u00e9mon\n|rule|Item Clause: Limit one of each item\n|clearpoke\n|poke|p1|Zoroark, L50, F|\n|poke|p1|Chien-Pao, L50|\n|poke|p1|Azumarill, L50, F|\n|poke|p1|Sableye, L50, M|\n|poke|p1|Flamigo, L50, M|\n|poke|p1|Indeedee-F, L50, F|\n|poke|p2|Roaring Moon, L50|\n|poke|p2|Amoonguss, L50, M|\n|poke|p2|Arcanine, L50, F|\n|poke|p2|Flutter Mane, L50|\n|poke|p2|Palafin, L50, M|\n|poke|p2|Ting-Lu, L50|\n|teampreview|4\n|inactive|Battle timer is ON: inactive players will automatically lose when time's up. (requested by Donkk)\n|inactive|EpicRedditor69 also wants the timer to be on.\n|c|\u2606Donkk|YES\n|c|\u2606Donkk|ZOROARK\n|inactive|Donkk has 60 seconds left.\n|\n|t:|1683049854\n|start\n|switch|p1a: Chungu|Azumarill, L50, F|100\/100\n|switch|p1b: Indeedee|Indeedee-F, L50, F|100\/100\n|switch|p2a: Dexter|Arcanine, L50, F|100\/100\n|switch|p2b: Hiro|Palafin, L50, M|100\/100\n|-ability|p2a: Dexter|Intimidate|boost\n|-unboost|p1a: Chungu|atk|1\n|-unboost|p1b: Indeedee|atk|1\n|turn|1\n|\n|t:|1683049872\n|detailschange|p2b: Hiro|Palafin-Hero, L50, M\n|switch|p2b: 1-Up|Amoonguss, L50, M|100\/100\n|move|p2a: Dexter|Protect|p2a: Dexter\n|-singleturn|p2a: Dexter|Protect\n|move|p1b: Indeedee|Follow Me|p1b: Indeedee\n|-singleturn|p1b: Indeedee|move: Follow Me\n|move|p1a: Chungu|Belly Drum|p1a: Chungu\n|-damage|p1a: Chungu|50\/100\n|-setboost|p1a: Chungu|atk|6|[from] move: Belly Drum\n|-enditem|p1a: Chungu|Sitrus Berry|[eat]\n|-heal|p1a: Chungu|75\/100|[from] item: Sitrus Berry\n|\n|upkeep\n|turn|2\n|\n|t:|1683049894\n|move|p1b: Indeedee|Follow Me|p1b: Indeedee\n|-singleturn|p1b: Indeedee|move: Follow Me\n|move|p2a: Dexter|Flare Blitz|p1b: Indeedee\n|-damage|p1b: Indeedee|33\/100\n|-damage|p2a: Dexter|80\/100|[from] Recoil\n|move|p1a: Chungu|Ice Spinner|p2b: 1-Up\n|-supereffective|p2b: 1-Up\n|-damage|p2b: 1-Up|0 fnt\n|faint|p2b: 1-Up\n|\n|upkeep\n|\n|t:|1683049903\n|switch|p2b: Hiro|Palafin-Hero, L50, M|100\/100\n|-activate|p2b: Hiro|ability: Zero to Hero\n|turn|3\n|\n|t:|1683049918\n|move|p2b: Hiro|Protect|p2b: Hiro\n|-singleturn|p2b: Hiro|Protect\n|move|p1b: Indeedee|Follow Me|p1b: Indeedee\n|-singleturn|p1b: Indeedee|move: Follow Me\n|move|p1a: Chungu|Aqua Jet|p2a: Dexter\n|-supereffective|p2a: Dexter\n|-damage|p2a: Dexter|0 fnt\n|faint|p2a: Dexter\n|\n|upkeep\n|\n|t:|1683049925\n|switch|p2a: is fish?|Flutter Mane, L50|100\/100\n|turn|4\n|\n|t:|1683049932\n|-terastallize|p2b: Hiro|Water\n|move|p1b: Indeedee|Follow Me|p1b: Indeedee\n|-singleturn|p1b: Indeedee|move: Follow Me\n|move|p2b: Hiro|Jet Punch|p1b: Indeedee\n|-damage|p1b: Indeedee|0 fnt\n|faint|p1b: Indeedee\n|move|p1a: Chungu|Aqua Jet|p2a: is fish?\n|-damage|p2a: is fish?|0 fnt\n|faint|p2a: is fish?\n|-end|p2a: is fish?|Protosynthesis|[silent]\n|\n|upkeep\n|\n|t:|1683049941\n|switch|p1b: Round two|Flamigo, L50, M|100\/100\n|-copyboost|p1b: Round two|p1a: Chungu|[from] ability: Costar\n|turn|5\n|\n|t:|1683049947\n|-terastallize|p1b: Round two|Normal\n|move|p1b: Round two|Feint|p2b: Hiro\n|-damage|p2b: Hiro|28\/100\n|move|p1a: Chungu|Aqua Jet|p2b: Hiro\n|-resisted|p2b: Hiro\n|-damage|p2b: Hiro|0 fnt\n|faint|p2b: Hiro\n|\n|win|EpicRedditor69\n|raw|EpicRedditor69's rating: 1315 → 1331<\/strong> (+16 for winning)\n|raw|Donkk's rating: 1241 → 1221<\/strong> (-20 for losing)\n","uploadtime":1683049956,"views":16,"p1id":"epicredditor69","p2id":"donkk","formatid":"gen9vgc2023regulationc","rating":1221,"private":0,"password":""}