{"id":"gen9vgc2023regulationc-1846343039","p1":"haha u rage quit","p2":"skaymxm","format":"[Gen 9] VGC 2023 Regulation C","log":"|j|\u2606haha u rage quit\n|j|\u2606skaymxm\n|t:|1681833211\n|gametype|doubles\n|player|p1|haha u rage quit|pokemaniac|1081\n|player|p2|skaymxm|169|1005\n|teamsize|p1|6\n|teamsize|p2|6\n|gen|9\n|tier|[Gen 9] VGC 2023 Regulation C\n|rated|\n|rule|Species Clause: Limit one of each Pok\u00e9mon\n|rule|Item Clause: Limit one of each item\n|clearpoke\n|poke|p1|Amoonguss, L50, M|\n|poke|p1|Flutter Mane, L50|\n|poke|p1|Arcanine, L50, M|\n|poke|p1|Iron Bundle, L50|\n|poke|p1|Baxcalibur, L50, M|\n|poke|p1|Palafin, L50, M|\n|poke|p2|Toxapex, L50, M|\n|poke|p2|Muk, L50, F|\n|poke|p2|Gengar, L50, M|\n|poke|p2|Amoonguss, L50, M|\n|poke|p2|Iron Moth, L50|\n|poke|p2|Glimmora, L50, M|\n|teampreview|4\n|inactive|Battle timer is ON: inactive players will automatically lose when time's up. (requested by skaymxm)\n|\n|t:|1681833267\n|start\n|switch|p1a: Amoonguss|Amoonguss, L50, M|100\/100\n|switch|p1b: Palafin|Palafin, L50, M|100\/100\n|switch|p2a: Amoonguss|Amoonguss, L50, M|100\/100\n|switch|p2b: Iron Moth|Iron Moth, L50|100\/100\n|turn|1\n|\n|t:|1681833292\n|detailschange|p1b: Palafin|Palafin-Hero, L50, M\n|switch|p1b: Arcanine|Arcanine, L50, M|100\/100\n|-ability|p1b: Arcanine|Intimidate|boost\n|-unboost|p2a: Amoonguss|atk|1\n|-unboost|p2b: Iron Moth|atk|1\n|move|p1a: Amoonguss|Protect|p1a: Amoonguss\n|-singleturn|p1a: Amoonguss|Protect\n|move|p2b: Iron Moth|Fiery Dance|p1a: Amoonguss\n|-activate|p1a: Amoonguss|move: Protect\n|move|p2a: Amoonguss|Spore|p1b: Arcanine\n|-status|p1b: Arcanine|slp|[from] move: Spore\n|\n|upkeep\n|turn|2\n|inactive|haha u rage quit has 30 seconds left.\n|inactive|skaymxm has 30 seconds left.\n|\n|t:|1681833319\n|switch|p1a: Palafin|Palafin-Hero, L50, M|100\/100\n|-activate|p1a: Palafin|ability: Zero to Hero\n|switch|p2a: Glimmora|Glimmora, L50, M|100\/100\n|cant|p1b: Arcanine|slp\n|move|p2b: Iron Moth|Fiery Dance|p1a: Palafin\n|-resisted|p1a: Palafin\n|-damage|p1a: Palafin|77\/100\n|-boost|p2b: Iron Moth|spa|1\n|\n|upkeep\n|turn|3\n|inactive|haha u rage quit has 30 seconds left.\n|inactive|skaymxm has 30 seconds left.\n|\n|t:|1681833346\n|-terastallize|p1a: Palafin|Water\n|cant|p1b: Arcanine|slp\n|move|p1a: Palafin|Jet Punch|p2a: Glimmora\n|-supereffective|p2a: Glimmora\n|-damage|p2a: Glimmora|0 fnt\n|faint|p2a: Glimmora\n|move|p2b: Iron Moth|Sludge Wave|p1a: Palafin|[spread] p1a,p1b\n|-crit|p1a: Palafin\n|-damage|p1a: Palafin|0 fnt\n|-damage|p1b: Arcanine|32\/100 slp\n|faint|p1a: Palafin\n|\n|upkeep\n|\n|t:|1681833362\n|switch|p2a: Toxapex|Toxapex, L50, M|100\/100\n|switch|p1a: Flutter Mane|Flutter Mane, L50|100\/100\n|-enditem|p1a: Flutter Mane|Booster Energy\n|-activate|p1a: Flutter Mane|ability: Protosynthesis|[fromitem]\n|-start|p1a: Flutter Mane|protosynthesisspe\n|turn|4\n|\n|t:|1681833384\n|-curestatus|p1b: Arcanine|slp|[msg]\n|move|p1b: Arcanine|Extreme Speed|p2b: Iron Moth\n|-damage|p2b: Iron Moth|57\/100\n|move|p1a: Flutter Mane|Shadow Ball|p2b: Iron Moth\n|-damage|p2b: Iron Moth|22\/100\n|move|p2b: Iron Moth|Psychic|p1a: Flutter Mane\n|-damage|p1a: Flutter Mane|48\/100\n|move|p2a: Toxapex|Toxic|p1a: Flutter Mane\n|-status|p1a: Flutter Mane|tox\n|\n|-damage|p1a: Flutter Mane|42\/100 tox|[from] psn\n|upkeep\n|turn|5\n|inactive|haha u rage quit has 30 seconds left.\n|\n|t:|1681833414\n|move|p1a: Flutter Mane|Shadow Ball|p2b: Iron Moth\n|-damage|p2b: Iron Moth|0 fnt\n|faint|p2b: Iron Moth\n|-end|p2b: Iron Moth|Quark Drive|[silent]\n|move|p1b: Arcanine|Wild Charge|p2a: Toxapex\n|-supereffective|p2a: Toxapex\n|-damage|p2a: Toxapex|56\/100\n|-damage|p1b: Arcanine|24\/100|[from] Recoil\n|-enditem|p1b: Arcanine|Aguav Berry|[eat]\n|-heal|p1b: Arcanine|57\/100|[from] item: Aguav Berry\n|move|p2a: Toxapex|Hex|p1a: Flutter Mane\n|-supereffective|p1a: Flutter Mane\n|-crit|p1a: Flutter Mane\n|-damage|p1a: Flutter Mane|0 fnt\n|faint|p1a: Flutter Mane\n|-end|p1a: Flutter Mane|Protosynthesis|[silent]\n|\n|-heal|p2a: Toxapex|62\/100|[from] item: Black Sludge\n|upkeep\n|\n|t:|1681833428\n|switch|p1a: Amoonguss|Amoonguss, L50, M|100\/100\n|switch|p2b: Amoonguss|Amoonguss, L50, M|100\/100\n|turn|6\n|inactive|skaymxm has 30 seconds left.\n|\n|t:|1681833456\n|move|p1b: Arcanine|Protect|p1b: Arcanine\n|-singleturn|p1b: Arcanine|Protect\n|move|p2a: Toxapex|Baneful Bunker|p2a: Toxapex\n|-singleturn|p2a: Toxapex|move: Protect\n|move|p1a: Amoonguss|Spore|p2a: Toxapex\n|-activate|p2a: Toxapex|move: Protect\n|move|p2b: Amoonguss|Spore|p1b: Arcanine\n|-activate|p1b: Arcanine|move: Protect\n|\n|-heal|p2a: Toxapex|67\/100|[from] item: Black Sludge\n|upkeep\n|turn|7\n|\n|t:|1681833474\n|move|p1b: Arcanine|Flare Blitz|p2b: Amoonguss\n|-supereffective|p2b: Amoonguss\n|-damage|p2b: Amoonguss|0 fnt\n|faint|p2b: Amoonguss\n|-damage|p1b: Arcanine|21\/100|[from] Recoil\n|move|p2a: Toxapex|Toxic|p1b: Arcanine\n|-status|p1b: Arcanine|tox\n|move|p1a: Amoonguss|Pollen Puff|p1b: Arcanine\n|-heal|p1b: Arcanine|71\/100 tox\n|\n|-heal|p2a: Toxapex|73\/100|[from] item: Black Sludge\n|-damage|p1b: Arcanine|65\/100 tox|[from] psn\n|upkeep\n|turn|8\n|\n|t:|1681833491\n|move|p2a: Toxapex|Baneful Bunker|p2a: Toxapex\n|-singleturn|p2a: Toxapex|move: Protect\n|move|p1b: Arcanine|Wild Charge|p2a: Toxapex\n|-activate|p2a: Toxapex|move: Protect\n|move|p1a: Amoonguss|Pollen Puff|p1b: Arcanine\n|-heal|p1b: Arcanine|100\/100 tox\n|\n|-heal|p2a: Toxapex|78\/100|[from] item: Black Sludge\n|-damage|p1b: Arcanine|89\/100 tox|[from] psn\n|upkeep\n|turn|9\n|\n|t:|1681833507\n|-terastallize|p2a: Toxapex|Poison\n|move|p1b: Arcanine|Wild Charge|p2a: Toxapex\n|-damage|p2a: Toxapex|53\/100\n|-damage|p1b: Arcanine|84\/100 tox|[from] Recoil\n|move|p2a: Toxapex|Hex|p1b: Arcanine\n|-crit|p1b: Arcanine\n|-damage|p1b: Arcanine|52\/100 tox\n|move|p1a: Amoonguss|Spore|p2a: Toxapex\n|-status|p2a: Toxapex|slp|[from] move: Spore\n|\n|-heal|p2a: Toxapex|58\/100 slp|[from] item: Black Sludge\n|-damage|p1b: Arcanine|34\/100 tox|[from] psn\n|upkeep\n|turn|10\n|\n|t:|1681833522\n|move|p1b: Arcanine|Extreme Speed|p2a: Toxapex\n|-damage|p2a: Toxapex|36\/100 slp\n|cant|p2a: Toxapex|slp\n|move|p1a: Amoonguss|Pollen Puff|p1b: Arcanine\n|-heal|p1b: Arcanine|84\/100 tox\n|\n|-heal|p2a: Toxapex|42\/100 slp|[from] item: Black Sludge\n|-damage|p1b: Arcanine|61\/100 tox|[from] psn\n|upkeep\n|turn|11\n|\n|t:|1681833533\n|move|p1b: Arcanine|Flare Blitz|p2a: Toxapex\n|-damage|p2a: Toxapex|0 fnt\n|faint|p2a: Toxapex\n|-damage|p1b: Arcanine|51\/100 tox|[from] Recoil\n|\n|win|haha u rage quit\n|raw|haha u rage quit's rating: 1081 → 1103<\/strong> (+22 for winning)\n|raw|skaymxm's rating: 1005 → 1000<\/strong> (-5 for losing)\n|l|\u2606skaymxm\n","uploadtime":1681833562,"views":11,"p1id":"hahauragequit","p2id":"skaymxm","formatid":"gen9vgc2023regulationc","rating":1000,"private":0,"password":""}