{"id":"gen9vgc2023regulationc-1857412999","p1":"Prankstertrollo","p2":"horsseeeeeeaaaa","format":"[Gen 9] VGC 2023 Regulation C","log":"|j|\u2606Prankstertrollo\n|j|\u2606horsseeeeeeaaaa\n|t:|1683189068\n|gametype|doubles\n|player|p1|Prankstertrollo|backers|1368\n|player|p2|horsseeeeeeaaaa|cynthia-gen4|1483\n|teamsize|p1|6\n|teamsize|p2|6\n|gen|9\n|tier|[Gen 9] VGC 2023 Regulation C\n|rated|\n|rule|Species Clause: Limit one of each Pok\u00e9mon\n|rule|Item Clause: Limit one of each item\n|clearpoke\n|poke|p1|Rotom-Wash, L50|\n|poke|p1|Gothitelle, L50, M|\n|poke|p1|Corviknight, L50, M|\n|poke|p1|Breloom, L50, M|\n|poke|p1|Scream Tail, L50|\n|poke|p1|Indeedee-F, L50, F|\n|poke|p2|Chien-Pao, L50|\n|poke|p2|Palafin, L50, F|\n|poke|p2|Arcanine, L50, M|\n|poke|p2|Dragonite, L50, M|\n|poke|p2|Torkoal, L50, F|\n|poke|p2|Lilligant, L50, F|\n|teampreview|4\n|inactive|Battle timer is ON: inactive players will automatically lose when time's up. (requested by Prankstertrollo)\n|inactive|horsseeeeeeaaaa has 60 seconds left.\n|\n|t:|1683189182\n|start\n|switch|p1a: Gothitelle|Gothitelle, L50, M|100\/100\n|switch|p1b: Breloom|Breloom, L50, M|100\/100\n|switch|p2a: Lilligant|Lilligant, L50, F|100\/100\n|switch|p2b: Torkoal|Torkoal, L50, F|100\/100\n|-weather|SunnyDay|[from] ability: Drought|[of] p2b: Torkoal\n|turn|1\n|inactive|Prankstertrollo has 30 seconds left.\n|\n|t:|1683189208\n|move|p2a: Lilligant|Protect|p2a: Lilligant\n|-singleturn|p2a: Lilligant|Protect\n|move|p2b: Torkoal|Protect|p2b: Torkoal\n|-singleturn|p2b: Torkoal|Protect\n|move|p1a: Gothitelle|Fake Out|p2a: Lilligant\n|-activate|p2a: Lilligant|move: Protect\n|move|p1b: Breloom|Spore|p2b: Torkoal\n|-activate|p2b: Torkoal|move: Protect\n|\n|-weather|SunnyDay|[upkeep]\n|upkeep\n|turn|2\n|\n|t:|1683189225\n|-terastallize|p2b: Torkoal|Fire\n|move|p1b: Breloom|Mach Punch|p2a: Lilligant\n|-damage|p2a: Lilligant|43\/100\n|move|p2a: Lilligant|After You|p2b: Torkoal\n|-activate|p2b: Torkoal|move: After You\n|move|p2b: Torkoal|Eruption|p1b: Breloom|[spread] p1a,p1b\n|-supereffective|p1b: Breloom\n|-damage|p1a: Gothitelle|0 fnt\n|-enditem|p1b: Breloom|Focus Sash\n|-damage|p1b: Breloom|1\/100\n|faint|p1a: Gothitelle\n|\n|-weather|SunnyDay|[upkeep]\n|upkeep\n|\n|t:|1683189236\n|switch|p1a: Rotom|Rotom-Wash, L50|100\/100\n|turn|3\n|\n|t:|1683189259\n|switch|p2b: Arcanine|Arcanine, L50, M, shiny|100\/100\n|-ability|p2b: Arcanine|Intimidate|boost\n|-unboost|p1a: Rotom|atk|1\n|-unboost|p1b: Breloom|atk|1\n|move|p2a: Lilligant|Sleep Powder|p1a: Rotom\n|-activate|p1a: Rotom|item: Safety Goggles|Sleep Powder\n|move|p1a: Rotom|Hydro Pump|p2b: Arcanine|[miss]\n|-miss|p1a: Rotom|p2b: Arcanine\n|move|p1b: Breloom|Spore|p2b: Arcanine\n|-status|p2b: Arcanine|slp|[from] move: Spore\n|\n|-weather|SunnyDay|[upkeep]\n|upkeep\n|turn|4\n|\n|t:|1683189277\n|move|p1b: Breloom|Mach Punch|p2a: Lilligant\n|-damage|p2a: Lilligant|8\/100\n|move|p2a: Lilligant|Leaf Storm|p1a: Rotom\n|-supereffective|p1a: Rotom\n|-damage|p1a: Rotom|0 fnt\n|-unboost|p2a: Lilligant|spa|2\n|faint|p1a: Rotom\n|cant|p2b: Arcanine|slp\n|\n|-weather|SunnyDay|[upkeep]\n|upkeep\n|\n|t:|1683189286\n|switch|p1a: Corviknight|Corviknight, L50, M|100\/100\n|turn|5\n|\n|t:|1683189302\n|switch|p2a: Torkoal|Torkoal, L50, F, tera:Fire|100\/100\n|-terastallize|p1a: Corviknight|Fire\n|move|p1b: Breloom|Mach Punch|p2a: Torkoal\n|-damage|p2a: Torkoal|82\/100\n|cant|p2b: Arcanine|slp\n|move|p1a: Corviknight|Bulk Up|p1a: Corviknight\n|-boost|p1a: Corviknight|atk|1\n|-boost|p1a: Corviknight|def|1\n|\n|-weather|none\n|upkeep\n|turn|6\n|inactive|Prankstertrollo has 30 seconds left.\n|inactive|horsseeeeeeaaaa has 30 seconds left.\n|\n|t:|1683189336\n|switch|p2b: Palafin|Palafin, L50, F|100\/100\n|move|p1b: Breloom|Protect|p1b: Breloom\n|-singleturn|p1b: Breloom|Protect\n|move|p1a: Corviknight|Brave Bird|p2a: Torkoal\n|-damage|p2a: Torkoal|39\/100\n|-damage|p1a: Corviknight|88\/100|[from] Recoil\n|move|p2a: Torkoal|Eruption|p1a: Corviknight|[spread] p1a\n|-activate|p1b: Breloom|move: Protect\n|-resisted|p1a: Corviknight\n|-damage|p1a: Corviknight|79\/100\n|\n|-heal|p1a: Corviknight|84\/100|[from] item: Leftovers\n|upkeep\n|turn|7\n|inactive|Prankstertrollo has 30 seconds left.\n|\n|t:|1683189361\n|detailschange|p2b: Palafin|Palafin-Hero, L50, F\n|switch|p2b: Arcanine|Arcanine, L50, M, shiny|100\/100 slp\n|-ability|p2b: Arcanine|Intimidate|boost\n|-ability|p1a: Corviknight|Mirror Armor\n|-unboost|p2b: Arcanine|atk|1\n|-unboost|p1b: Breloom|atk|1\n|move|p1b: Breloom|Spore|p2a: Torkoal\n|-status|p2a: Torkoal|slp|[from] move: Spore\n|move|p1a: Corviknight|Bulk Up|p1a: Corviknight\n|-boost|p1a: Corviknight|atk|1\n|-boost|p1a: Corviknight|def|1\n|cant|p2a: Torkoal|slp\n|\n|-heal|p1a: Corviknight|90\/100|[from] item: Leftovers\n|upkeep\n|turn|8\n|\n|t:|1683189380\n|move|p1b: Breloom|Protect|p1b: Breloom\n|-singleturn|p1b: Breloom|Protect\n|cant|p2b: Arcanine|slp\n|move|p1a: Corviknight|Bulk Up|p1a: Corviknight\n|-boost|p1a: Corviknight|atk|1\n|-boost|p1a: Corviknight|def|1\n|-curestatus|p2a: Torkoal|slp|[msg]\n|move|p2a: Torkoal|Flamethrower|p1b: Breloom\n|-activate|p1b: Breloom|move: Protect\n|\n|-heal|p1a: Corviknight|96\/100|[from] item: Leftovers\n|upkeep\n|turn|9\n|inactive|horsseeeeeeaaaa has 30 seconds left.\n|\n|t:|1683189414\n|-curestatus|p2b: Arcanine|slp|[msg]\n|move|p2b: Arcanine|Extreme Speed|p1b: Breloom\n|-damage|p1b: Breloom|0 fnt\n|faint|p1b: Breloom\n|move|p1a: Corviknight|Brave Bird|p2b: Arcanine\n|-damage|p2b: Arcanine|8\/100\n|-enditem|p2b: Arcanine|Aguav Berry|[eat]\n|-heal|p2b: Arcanine|41\/100|[from] item: Aguav Berry\n|-damage|p1a: Corviknight|67\/100|[from] Recoil\n|move|p2a: Torkoal|Flamethrower|p1a: Corviknight\n|-resisted|p1a: Corviknight\n|-damage|p1a: Corviknight|43\/100\n|\n|-heal|p1a: Corviknight|49\/100|[from] item: Leftovers\n|upkeep\n|turn|10\n|inactive|Prankstertrollo has 30 seconds left.\n|\n|t:|1683189446\n|move|p2b: Arcanine|Snarl|p1a: Corviknight\n|-damage|p1a: Corviknight|41\/100\n|-ability|p1a: Corviknight|Mirror Armor\n|-unboost|p2b: Arcanine|spa|1\n|move|p1a: Corviknight|Roost|p1a: Corviknight\n|-heal|p1a: Corviknight|92\/100\n|move|p2a: Torkoal|Flamethrower|p1a: Corviknight\n|-resisted|p1a: Corviknight\n|-damage|p1a: Corviknight|70\/100\n|\n|-heal|p1a: Corviknight|76\/100|[from] item: Leftovers\n|upkeep\n|turn|11\n|\n|t:|1683189469\n|move|p1a: Corviknight|Protect|p1a: Corviknight\n|-singleturn|p1a: Corviknight|Protect\n|move|p2b: Arcanine|Flare Blitz|p1a: Corviknight\n|-activate|p1a: Corviknight|move: Protect\n|move|p2a: Torkoal|Flamethrower|p1a: Corviknight\n|-activate|p1a: Corviknight|move: Protect\n|\n|-heal|p1a: Corviknight|82\/100|[from] item: Leftovers\n|upkeep\n|turn|12\n|\n|t:|1683189478\n|move|p2b: Arcanine|Flare Blitz|p1a: Corviknight\n|-resisted|p1a: Corviknight\n|-damage|p1a: Corviknight|75\/100\n|-damage|p2b: Arcanine|38\/100|[from] Recoil\n|move|p1a: Corviknight|Bulk Up|p1a: Corviknight\n|-boost|p1a: Corviknight|atk|1\n|-boost|p1a: Corviknight|def|1\n|move|p2a: Torkoal|Flamethrower|p1a: Corviknight\n|-resisted|p1a: Corviknight\n|-damage|p1a: Corviknight|51\/100\n|\n|-heal|p1a: Corviknight|57\/100|[from] item: Leftovers\n|upkeep\n|turn|13\n|inactive|horsseeeeeeaaaa has 30 seconds left.\n|\n|t:|1683189508\n|move|p2b: Arcanine|Extreme Speed|p1a: Corviknight\n|-damage|p1a: Corviknight|51\/100\n|move|p1a: Corviknight|Roost|p1a: Corviknight\n|-heal|p1a: Corviknight|100\/100\n|move|p2a: Torkoal|Heat Wave|p1a: Corviknight\n|-resisted|p1a: Corviknight\n|-damage|p1a: Corviknight|77\/100\n|\n|-heal|p1a: Corviknight|82\/100|[from] item: Leftovers\n|upkeep\n|turn|14\n|\n|t:|1683189536\n|move|p2b: Arcanine|Extreme Speed|p1a: Corviknight\n|-damage|p1a: Corviknight|77\/100\n|move|p1a: Corviknight|Brave Bird|p2a: Torkoal\n|-damage|p2a: Torkoal|0 fnt\n|faint|p2a: Torkoal\n|-damage|p1a: Corviknight|66\/100|[from] Recoil\n|\n|-heal|p1a: Corviknight|72\/100|[from] item: Leftovers\n|upkeep\n|\n|t:|1683189545\n|switch|p2a: Lilligant|Lilligant, L50, F|8\/100\n|turn|15\n|j| TRlov3r\n|\n|t:|1683189556\n|move|p1a: Corviknight|Protect|p1a: Corviknight\n|-singleturn|p1a: Corviknight|Protect\n|move|p2a: Lilligant|Sleep Powder|p1a: Corviknight\n|-activate|p1a: Corviknight|move: Protect\n|move|p2b: Arcanine|Flare Blitz|p1a: Corviknight\n|-activate|p1a: Corviknight|move: Protect\n|\n|-heal|p1a: Corviknight|78\/100|[from] item: Leftovers\n|upkeep\n|turn|16\n|\n|t:|1683189567\n|move|p2a: Lilligant|Sleep Powder|p1a: Corviknight\n|-status|p1a: Corviknight|slp|[from] move: Sleep Powder\n|move|p2b: Arcanine|Flare Blitz|p1a: Corviknight\n|-resisted|p1a: Corviknight\n|-damage|p1a: Corviknight|72\/100 slp\n|-damage|p2b: Arcanine|36\/100|[from] Recoil\n|cant|p1a: Corviknight|slp\n|\n|-heal|p1a: Corviknight|78\/100 slp|[from] item: Leftovers\n|upkeep\n|turn|17\n|inactive|horsseeeeeeaaaa has 30 seconds left.\n|l| TRlov3r\n|\n|t:|1683189594\n|move|p2a: Lilligant|Leaf Storm|p1a: Corviknight\n|-resisted|p1a: Corviknight\n|-damage|p1a: Corviknight|56\/100 slp\n|-unboost|p2a: Lilligant|spa|2\n|move|p2b: Arcanine|Snarl|p1a: Corviknight\n|-damage|p1a: Corviknight|50\/100 slp\n|-ability|p1a: Corviknight|Mirror Armor\n|-unboost|p2b: Arcanine|spa|1\n|-curestatus|p1a: Corviknight|slp|[msg]\n|move|p1a: Corviknight|Brave Bird|p2a: Lilligant\n|-supereffective|p2a: Lilligant\n|-damage|p2a: Lilligant|0 fnt\n|faint|p2a: Lilligant\n|-damage|p1a: Corviknight|48\/100|[from] Recoil\n|\n|-heal|p1a: Corviknight|54\/100|[from] item: Leftovers\n|upkeep\n|\n|t:|1683189607\n|switch|p2a: Palafin|Palafin-Hero, L50, F|100\/100\n|-activate|p2a: Palafin|ability: Zero to Hero\n|turn|18\n|\n|t:|1683189630\n|move|p1a: Corviknight|Protect|p1a: Corviknight\n|-singleturn|p1a: Corviknight|Protect\n|move|p2a: Palafin|Wave Crash|p1a: Corviknight\n|-activate|p1a: Corviknight|move: Protect\n|move|p2b: Arcanine|Flare Blitz|p1a: Corviknight\n|-activate|p1a: Corviknight|move: Protect\n|\n|-heal|p1a: Corviknight|60\/100|[from] item: Leftovers\n|upkeep\n|turn|19\n|\n|t:|1683189644\n|move|p2a: Palafin|Wave Crash|p1a: Corviknight\n|-supereffective|p1a: Corviknight\n|-damage|p1a: Corviknight|0 fnt\n|faint|p1a: Corviknight\n|-damage|p2a: Palafin|81\/100|[from] Recoil\n|\n|win|horsseeeeeeaaaa\n|raw|Prankstertrollo's rating: 1368 → 1354<\/strong> (-14 for losing)\n|raw|horsseeeeeeaaaa's rating: 1483 → 1497<\/strong> (+14 for winning)\n|c|\u2606Prankstertrollo|wth\n|c|\u2606horsseeeeeeaaaa|palafin\n|c|\u2606horsseeeeeeaaaa|too strong\n","uploadtime":1683189922,"views":17,"p1id":"prankstertrollo","p2id":"horsseeeeeeaaaa","formatid":"gen9vgc2023regulationc","rating":1354,"private":0,"password":""}