{"id":"gen9vgc2023regulationc-1854805587","p1":"FlockOfDeagles","p2":"Lady Rivulet","format":"[Gen 9] VGC 2023 Regulation C","log":"|j|\u2606FlockOfDeagles\n|j|\u2606Lady Rivulet\n|t:|1682868178\n|gametype|doubles\n|player|p1|FlockOfDeagles|chuck|1173\n|player|p2|Lady Rivulet|lyra|1216\n|teamsize|p1|6\n|teamsize|p2|6\n|gen|9\n|tier|[Gen 9] VGC 2023 Regulation C\n|rated|\n|rule|Species Clause: Limit one of each Pok\u00e9mon\n|rule|Item Clause: Limit one of each item\n|clearpoke\n|poke|p1|Tatsugiri-Stretchy, L50, F|\n|poke|p1|Flutter Mane, L50|\n|poke|p1|Chi-Yu, L50|\n|poke|p1|Glimmora, L50, F|\n|poke|p1|Dondozo, L50, M|\n|poke|p1|Wo-Chien, L50|\n|poke|p2|Ting-Lu, L50|\n|poke|p2|Vivillon-Fancy, L50, F|\n|poke|p2|Iron Bundle, L50|\n|poke|p2|Abomasnow, L50, M|\n|poke|p2|Gyarados, L50, F|\n|poke|p2|Gastrodon, L50, M|\n|teampreview|4\n|inactive|Battle timer is ON: inactive players will automatically lose when time's up. (requested by FlockOfDeagles)\n|inactive|Lady Rivulet also wants the timer to be on.\nLady Rivulet has agreed to open team sheets.\n|\n|t:|1682868202\n|start\n|switch|p1a: Glamazon|Glimmora, L50, F|100\/100\n|switch|p1b: InsertCrashWoah|Wo-Chien, L50|100\/100\n|switch|p2a: Chasing Winds|Vivillon-Fancy, L50, F|100\/100\n|switch|p2b: Unbending|Ting-Lu, L50|100\/100\n|-ability|p1b: InsertCrashWoah|Tablets of Ruin\n|-ability|p2b: Unbending|Vessel of Ruin\n|turn|1\n|inactive|FlockOfDeagles has 30 seconds left.\n|\n|t:|1682868230\n|-terastallize|p2b: Unbending|Ground\n|move|p2a: Chasing Winds|Pollen Puff|p1b: InsertCrashWoah\n|-supereffective|p1b: InsertCrashWoah\n|-damage|p1b: InsertCrashWoah|42\/100\n|move|p1a: Glamazon|Mortal Spin|p2b: Unbending|[spread] p2a,p2b\n|-resisted|p2b: Unbending\n|-damage|p2a: Chasing Winds|94\/100\n|-damage|p2b: Unbending|99\/100\n|-status|p2a: Chasing Winds|psn\n|-status|p2b: Unbending|psn\n|move|p1b: InsertCrashWoah|Leech Seed|p2b: Unbending|[miss]\n|-miss|p1b: InsertCrashWoah|p2b: Unbending\n|move|p2b: Unbending|Earthquake|p1b: InsertCrashWoah|[spread] p1a,p1b\n|-immune|p2a: Chasing Winds\n|-supereffective|p1a: Glamazon\n|-resisted|p1b: InsertCrashWoah\n|-damage|p1a: Glamazon|0 fnt\n|-damage|p1b: InsertCrashWoah|14\/100\n|-activate|p1a: Glamazon|ability: Toxic Debris\n|-sidestart|p2: Lady Rivulet|move: Toxic Spikes\n|faint|p1a: Glamazon\n|\n|-heal|p1b: InsertCrashWoah|20\/100|[from] item: Leftovers\n|-damage|p2a: Chasing Winds|82\/100 psn|[from] psn\n|-damage|p2b: Unbending|88\/100 psn|[from] psn\n|upkeep\n|\n|t:|1682868254\n|switch|p1a: Im Me?|Dondozo, L50, M|100\/100\n|turn|2\n|inactive|FlockOfDeagles has 30 seconds left.\n|\n|t:|1682868279\n|switch|p1b: Im Inside Me|Tatsugiri-Stretchy, L50, F|100\/100\n|-activate|p1b: Im Inside Me|ability: Commander|[of] p1a: Im Me?\n|-boost|p1a: Im Me?|atk|2\n|-boost|p1a: Im Me?|spa|2\n|-boost|p1a: Im Me?|spe|2\n|-boost|p1a: Im Me?|def|2\n|-boost|p1a: Im Me?|spd|2\n|-terastallize|p1a: Im Me?|Grass\n|move|p1a: Im Me?|Wave Crash|p2b: Unbending\n|-supereffective|p2b: Unbending\n|-damage|p2b: Unbending|3\/100 psn\n|-damage|p1a: Im Me?|70\/100|[from] Recoil\n|move|p2a: Chasing Winds|Safeguard|p2a: Chasing Winds\n|-sidestart|p2: Lady Rivulet|Safeguard\n|move|p2b: Unbending|Earthquake|p1b: Im Inside Me|[spread] p1a\n|-miss|p2b: Unbending|p1b: Im Inside Me\n|-immune|p2a: Chasing Winds\n|-resisted|p1a: Im Me?\n|-damage|p1a: Im Me?|56\/100\n|\n|-damage|p2a: Chasing Winds|70\/100 psn|[from] psn\n|-damage|p2b: Unbending|0 fnt|[from] psn\n|faint|p2b: Unbending\n|upkeep\n|\n|t:|1682868290\n|switch|p2b: Slugcat|Gastrodon, L50, M|100\/100\n|turn|3\n|\n|t:|1682868306\n|move|p2a: Chasing Winds|Protect|p2a: Chasing Winds\n|-singleturn|p2a: Chasing Winds|Protect\n|move|p1a: Im Me?|Tera Blast|p2b: Slugcat\n|-supereffective|p2b: Slugcat\n|-damage|p2b: Slugcat|0 fnt\n|faint|p2b: Slugcat\n|\n|-damage|p2a: Chasing Winds|57\/100 psn|[from] psn\n|upkeep\n|\n|t:|1682868309\n|switch|p2b: Lake of Rage|Gyarados, L50, F|100\/100\n|-ability|p2b: Lake of Rage|Intimidate|boost\n|-fail|p1a: Im Me?|unboost|[from] item: Clear Amulet|[of] p1a: Im Me?\n|-unboost|p1b: Im Inside Me|atk|1\n|turn|4\n|\n|t:|1682868320\n|move|p1a: Im Me?|Tera Blast|p2b: Lake of Rage\n|-damage|p2b: Lake of Rage|33\/100\n|move|p2a: Chasing Winds|Pollen Puff|p1a: Im Me?\n|-supereffective|p1a: Im Me?\n|-damage|p1a: Im Me?|21\/100\n|move|p2b: Lake of Rage|Dragon Dance|p2b: Lake of Rage\n|-boost|p2b: Lake of Rage|atk|1\n|-boost|p2b: Lake of Rage|spe|1\n|\n|-damage|p2a: Chasing Winds|45\/100 psn|[from] psn\n|upkeep\n|turn|5\n|\n|t:|1682868346\n|move|p2a: Chasing Winds|Protect|p2a: Chasing Winds\n|-singleturn|p2a: Chasing Winds|Protect\n|move|p2b: Lake of Rage|Waterfall|p1a: Im Me?\n|-resisted|p1a: Im Me?\n|-crit|p1a: Im Me?\n|-damage|p1a: Im Me?|0 fnt\n|faint|p1a: Im Me?\n|\n|-damage|p2a: Chasing Winds|33\/100 psn|[from] psn\n|upkeep\n|\n|t:|1682868356\n|switch|p1a: InsertCrashWoah|Wo-Chien, L50|20\/100\n|-ability|p1a: InsertCrashWoah|Tablets of Ruin\n|turn|6\n|\n|t:|1682868373\n|move|p1a: InsertCrashWoah|Protect|p1a: InsertCrashWoah\n|-singleturn|p1a: InsertCrashWoah|Protect\n|move|p1b: Im Inside Me|Draco Meteor|p2b: Lake of Rage|[miss]\n|-miss|p1b: Im Inside Me|p2b: Lake of Rage\n|move|p2b: Lake of Rage|Waterfall|p1a: InsertCrashWoah\n|-activate|p1a: InsertCrashWoah|move: Protect\n|move|p2a: Chasing Winds|Pollen Puff|p1b: Im Inside Me\n|-damage|p1b: Im Inside Me|52\/100\n|\n|-heal|p1a: InsertCrashWoah|27\/100|[from] item: Leftovers\n|-damage|p2a: Chasing Winds|20\/100 psn|[from] psn\n|-sideend|p2: Lady Rivulet|Safeguard\n|upkeep\n|turn|7\n|inactive|FlockOfDeagles has 30 seconds left.\n|\n|t:|1682868400\n|move|p1b: Im Inside Me|Draco Meteor|p2b: Lake of Rage\n|-damage|p2b: Lake of Rage|0 fnt\n|-unboost|p1b: Im Inside Me|spa|2\n|faint|p2b: Lake of Rage\n|move|p2a: Chasing Winds|Pollen Puff|p1a: InsertCrashWoah\n|-supereffective|p1a: InsertCrashWoah\n|-damage|p1a: InsertCrashWoah|0 fnt\n|faint|p1a: InsertCrashWoah\n|\n|-damage|p2a: Chasing Winds|8\/100 psn|[from] psn\n|upkeep\n|turn|8\n|inactive|FlockOfDeagles has 30 seconds left.\n|\n|t:|1682868428\n|move|p1b: Im Inside Me|Draco Meteor|p2a: Chasing Winds\n|-damage|p2a: Chasing Winds|0 fnt\n|-unboost|p1b: Im Inside Me|spa|2\n|faint|p2a: Chasing Winds\n|\n|win|FlockOfDeagles\n|raw|FlockOfDeagles's rating: 1173 → 1201<\/strong> (+28 for winning)\n|raw|Lady Rivulet's rating: 1216 → 1188<\/strong> (-28 for losing)\n|l|\u2606Lady Rivulet\n|c|\u2606FlockOfDeagles|gg\n","uploadtime":1682868897,"views":14,"p1id":"flockofdeagles","p2id":"ladyrivulet","formatid":"gen9vgc2023regulationc","rating":1188,"private":0,"password":""}