{"id":"gen9vgc2023regulationc-1862309935","p1":"chezburgur2","p2":"The Spicy Cigar","format":"[Gen 9] VGC 2023 Regulation C","log":"|j|\u2606chezburgur2\n|j|\u2606The Spicy Cigar\n|t:|1683863425\n|gametype|doubles\n|player|p1|chezburgur2|fisherman-gen4|1219\n|player|p2|The Spicy Cigar|smasher|1130\n|teamsize|p1|6\n|teamsize|p2|6\n|gen|9\n|tier|[Gen 9] VGC 2023 Regulation C\n|rated|\n|rule|Species Clause: Limit one of each Pok\u00e9mon\n|rule|Item Clause: Limit one of each item\n|clearpoke\n|poke|p1|Dragonite, L50, F|\n|poke|p1|Chien-Pao, L50|\n|poke|p1|Flutter Mane, L50|\n|poke|p1|Amoonguss, L50, M|\n|poke|p1|Arcanine, L50, M|\n|poke|p1|Iron Hands, L50|\n|poke|p2|Farigiraf, L50, F|\n|poke|p2|Iron Hands, L50|\n|poke|p2|Bronzong, L50|\n|poke|p2|Ting-Lu, L50|\n|poke|p2|Azumarill, L50, M|\n|poke|p2|Torkoal, L50, M|\n|teampreview|4\n|\n|t:|1683863462\n|start\n|switch|p1a: Iron Hands|Iron Hands, L50|100\/100\n|switch|p1b: Dragonite|Dragonite, L50, F|100\/100\n|switch|p2a: Farigiraf|Farigiraf, L50, F|100\/100\n|switch|p2b: Iron Hands|Iron Hands, L50|100\/100\n|turn|1\n|\n|t:|1683863501\n|move|p1a: Iron Hands|Fake Out||[still]\n|cant|p2a: Farigiraf|ability: Armor Tail|Fake Out|[of] p1a: Iron Hands\n|move|p2b: Iron Hands|Fake Out|p1a: Iron Hands\n|-damage|p1a: Iron Hands|88\/100\n|move|p1b: Dragonite|Outrage|p2b: Iron Hands\n|-damage|p2b: Iron Hands|21\/100\n|-enditem|p2b: Iron Hands|Sitrus Berry|[eat]\n|-heal|p2b: Iron Hands|46\/100|[from] item: Sitrus Berry\n|move|p2a: Farigiraf|Trick Room|p2a: Farigiraf\n|-fieldstart|move: Trick Room|[of] p2a: Farigiraf\n|\n|upkeep\n|turn|2\n|\n|t:|1683863526\n|move|p2b: Iron Hands|Drain Punch|p1b: Dragonite\n|-resisted|p1b: Dragonite\n|-damage|p1b: Dragonite|75\/100\n|-heal|p2b: Iron Hands|55\/100|[from] drain|[of] p1b: Dragonite\n|move|p2a: Farigiraf|Psychic|p1a: Iron Hands\n|-supereffective|p1a: Iron Hands\n|-damage|p1a: Iron Hands|16\/100\n|-damage|p2a: Farigiraf|91\/100|[from] item: Life Orb\n|move|p1a: Iron Hands|Close Combat|p2a: Farigiraf\n|-crit|p2a: Farigiraf\n|-damage|p2a: Farigiraf|0 fnt\n|-unboost|p1a: Iron Hands|def|1\n|-unboost|p1a: Iron Hands|spd|1\n|faint|p2a: Farigiraf\n|move|p1b: Dragonite|Outrage|p2b: Iron Hands|[from]lockedmove\n|-damage|p2b: Iron Hands|0 fnt\n|faint|p2b: Iron Hands\n|-end|p2b: Iron Hands|Quark Drive|[silent]\n|-start|p1b: Dragonite|confusion|[fatigue]\n|\n|upkeep\n|\n|t:|1683863530\n|switch|p2b: Azumarill|Azumarill, L50, M, shiny|100\/100\n|switch|p2a: Torkoal|Torkoal, L50, M|100\/100\n|-weather|SunnyDay|[from] ability: Drought|[of] p2a: Torkoal\n|turn|3\n|\n|t:|1683863554\n|switch|p1b: Arcanine|Arcanine, L50, M|100\/100\n|-ability|p1b: Arcanine|Intimidate|boost\n|-unboost|p2a: Torkoal|atk|1\n|-unboost|p2b: Azumarill|atk|1\n|-terastallize|p2a: Torkoal|Fire\n|move|p2a: Torkoal|Eruption|p1a: Iron Hands|[spread] p1a,p1b\n|-resisted|p1b: Arcanine\n|-damage|p1a: Iron Hands|0 fnt\n|-damage|p1b: Arcanine|38\/100\n|faint|p1a: Iron Hands\n|-end|p1a: Iron Hands|Quark Drive|[silent]\n|move|p2b: Azumarill|Play Rough|p1b: Arcanine\n|-resisted|p1b: Arcanine\n|-damage|p1b: Arcanine|9\/100\n|\n|-weather|SunnyDay|[upkeep]\n|upkeep\n|\n|t:|1683863571\n|switch|p1a: Dragonite|Dragonite, L50, F|75\/100\n|turn|4\n|\n|t:|1683863585\n|-terastallize|p1a: Dragonite|Normal\n|move|p1a: Dragonite|Extreme Speed|p2a: Torkoal\n|-damage|p2a: Torkoal|45\/100\n|move|p2a: Torkoal|Eruption|p1b: Arcanine|[spread] p1a,p1b\n|-resisted|p1b: Arcanine\n|-damage|p1a: Dragonite|17\/100\n|-damage|p1b: Arcanine|0 fnt\n|faint|p1b: Arcanine\n|move|p2b: Azumarill|Play Rough|p1a: Dragonite\n|-damage|p1a: Dragonite|0 fnt\n|faint|p1a: Dragonite\n|\n|-weather|SunnyDay|[upkeep]\n|upkeep\n|\n|t:|1683863598\n|switch|p1b: Chien-Pao|Chien-Pao, L50|100\/100\n|-ability|p1b: Chien-Pao|Sword of Ruin\n|turn|5\n|\n|t:|1683863609\n|move|p1b: Chien-Pao|Sucker Punch|p2a: Torkoal\n|-damage|p2a: Torkoal|10\/100\n|move|p2a: Torkoal|Heat Wave|p1b: Chien-Pao\n|-supereffective|p1b: Chien-Pao\n|-enditem|p1b: Chien-Pao|Focus Sash\n|-damage|p1b: Chien-Pao|1\/100\n|move|p2b: Azumarill|Play Rough|p1b: Chien-Pao\n|-supereffective|p1b: Chien-Pao\n|-damage|p1b: Chien-Pao|0 fnt\n|faint|p1b: Chien-Pao\n|\n|win|The Spicy Cigar\n|raw|chezburgur2's rating: 1219 → 1188<\/strong> (-31 for losing)\n|raw|The Spicy Cigar's rating: 1130 → 1161<\/strong> (+31 for winning)\n|l|\u2606chezburgur2\n","uploadtime":1683863625,"views":11,"p1id":"chezburgur2","p2id":"thespicycigar","formatid":"gen9vgc2023regulationc","rating":1161,"private":0,"password":""}