{"id":"gen9vgc2023regulationc-1855826861","p1":"Snowstorm brute","p2":"dunsparcedingo","format":"[Gen 9] VGC 2023 Regulation C","log":"|j|\u2606Snowstorm brute\n|j|\u2606dunsparcedingo\n|t:|1682988795\n|gametype|doubles\n|player|p1|Snowstorm brute|veteran|\n|player|p2|dunsparcedingo|zinnia|\n|teamsize|p1|5\n|teamsize|p2|6\n|gen|9\n|tier|[Gen 9] VGC 2023 Regulation C\n|rated|Tournament battle\n|rule|Species Clause: Limit one of each Pok\u00e9mon\n|rule|Item Clause: Limit one of each item\n|clearpoke\n|poke|p1|Ting-Lu, L50|\n|poke|p1|Roaring Moon, L50|\n|poke|p1|Klefki, L50, M|\n|poke|p1|Skeledirge, L50, M|\n|poke|p1|Iron Bundle, L50|\n|poke|p2|Torkoal, L50, M|\n|poke|p2|Jumpluff, L50, F|\n|poke|p2|Chi-Yu, L50|\n|poke|p2|Great Tusk, L50|\n|poke|p2|Slither Wing, L50|\n|poke|p2|Flutter Mane, L50|\n|teampreview|4\n|j|+ansena(\u25e1 \u203f \u25e1 \u273f)\ndunsparcedingo has agreed to open team sheets.\n|j| Xurcitree\n|l| Xurcitree\n|j| nexusj4\n|\n|t:|1682988856\n|start\n|switch|p1a: Klefki|Klefki, L50, M|100\/100\n|switch|p1b: Skeledirge|Skeledirge, L50, M|100\/100\n|switch|p2a: Jumpluff|Jumpluff, L50, F|100\/100\n|switch|p2b: Torkoal|Torkoal, L50, M|100\/100\n|-weather|SunnyDay|[from] ability: Drought|[of] p2b: Torkoal\n|turn|1\n|\n|t:|1682988869\n|move|p1a: Klefki|Light Screen|p1a: Klefki\n|-sidestart|p1: Snowstorm brute|move: Light Screen\n|move|p2a: Jumpluff|Sleep Powder|p1b: Skeledirge\n|-status|p1b: Skeledirge|slp|[from] move: Sleep Powder\n|cant|p1b: Skeledirge|slp\n|move|p2b: Torkoal|Eruption|p1b: Skeledirge|[spread] p1a,p1b\n|-supereffective|p1a: Klefki\n|-resisted|p1b: Skeledirge\n|-damage|p1a: Klefki|36\/100\n|-damage|p1b: Skeledirge|87\/100 slp\n|\n|-weather|SunnyDay|[upkeep]\n|upkeep\n|turn|2\n|j| jf168\n|\n|t:|1682988888\n|switch|p2b: Flutter Mane|Flutter Mane, L50|100\/100\n|-activate|p2b: Flutter Mane|ability: Protosynthesis\n|-start|p2b: Flutter Mane|protosynthesisspe\n|move|p1a: Klefki|Reflect|p1a: Klefki\n|-sidestart|p1: Snowstorm brute|Reflect\n|move|p2a: Jumpluff|Encore|p1a: Klefki\n|-start|p1a: Klefki|Encore\n|cant|p1b: Skeledirge|slp\n|\n|-weather|SunnyDay|[upkeep]\n|upkeep\n|turn|3\n|\n|t:|1682988908\n|switch|p2a: Slither Wing|Slither Wing, L50|100\/100\n|-activate|p2a: Slither Wing|ability: Protosynthesis\n|-start|p2a: Slither Wing|protosynthesisatk\n|switch|p1a: Ting-Lu|Ting-Lu, L50|100\/100\n|-ability|p1a: Ting-Lu|Vessel of Ruin\n|move|p2b: Flutter Mane|Shadow Ball|p1b: Skeledirge\n|-supereffective|p1b: Skeledirge\n|-damage|p1b: Skeledirge|40\/100 slp\n|-enditem|p1b: Skeledirge|Sitrus Berry|[eat]\n|-heal|p1b: Skeledirge|64\/100 slp|[from] item: Sitrus Berry\n|cant|p1b: Skeledirge|slp\n|\n|-weather|SunnyDay|[upkeep]\n|upkeep\n|turn|4\n|\n|t:|1682988938\n|move|p2a: Slither Wing|First Impression|p1a: Ting-Lu\n|-supereffective|p1a: Ting-Lu\n|-damage|p1a: Ting-Lu|65\/100\n|move|p2b: Flutter Mane|Shadow Ball|p1b: Skeledirge\n|-supereffective|p1b: Skeledirge\n|-damage|p1b: Skeledirge|17\/100 slp\n|-curestatus|p1b: Skeledirge|slp|[msg]\n|move|p1b: Skeledirge|Will-O-Wisp|p2a: Slither Wing\n|-status|p2a: Slither Wing|brn\n|move|p1a: Ting-Lu|Throat Chop|p2b: Flutter Mane\n|-damage|p2b: Flutter Mane|40\/100\n|-start|p2b: Flutter Mane|Throat Chop|[silent]\n|\n|-weather|SunnyDay|[upkeep]\n|-heal|p1a: Ting-Lu|71\/100|[from] item: Leftovers\n|-damage|p2a: Slither Wing|94\/100 brn|[from] brn\n|upkeep\n|turn|5\n|j| bruno the star\n|\n|t:|1682988991\n|-end|p2a: Slither Wing|Protosynthesis|[silent]\n|switch|p2a: Jumpluff|Jumpluff, L50, F|100\/100\n|switch|p1b: Klefki|Klefki, L50, M|36\/100\n|-terastallize|p2b: Flutter Mane|Water\n|move|p2b: Flutter Mane|Shadow Ball|p1b: Klefki\n|-crit|p1b: Klefki\n|-damage|p1b: Klefki|0 fnt\n|faint|p1b: Klefki\n|move|p1a: Ting-Lu|Throat Chop|p2b: Flutter Mane\n|-damage|p2b: Flutter Mane|0 fnt\n|faint|p2b: Flutter Mane\n|-end|p2b: Flutter Mane|Protosynthesis|[silent]\n|\n|-weather|none\n|-heal|p1a: Ting-Lu|78\/100|[from] item: Leftovers\n|upkeep\n|c|\u2606Snowstorm brute|why\n|c|\u2606dunsparcedingo|i committed bad think ignore that\n|\n|t:|1682989033\n|switch|p2b: Torkoal|Torkoal, L50, M|100\/100\n|switch|p1b: Roaring Moon|Roaring Moon, L50|100\/100\n|-weather|SunnyDay|[from] ability: Drought|[of] p2b: Torkoal\n|-activate|p1b: Roaring Moon|ability: Protosynthesis\n|-start|p1b: Roaring Moon|protosynthesisspe\n|turn|6\n|\n|t:|1682989047\n|move|p1b: Roaring Moon|Protect|p1b: Roaring Moon\n|-singleturn|p1b: Roaring Moon|Protect\n|move|p2a: Jumpluff|Sleep Powder|p1a: Ting-Lu\n|-status|p1a: Ting-Lu|slp|[from] move: Sleep Powder\n|move|p2b: Torkoal|Will-O-Wisp|p1b: Roaring Moon\n|-activate|p1b: Roaring Moon|move: Protect\n|cant|p1a: Ting-Lu|slp\n|\n|-weather|SunnyDay|[upkeep]\n|-heal|p1a: Ting-Lu|84\/100 slp|[from] item: Leftovers\n|upkeep\n|turn|7\n|\n|t:|1682989072\n|-end|p1b: Roaring Moon|Protosynthesis|[silent]\n|switch|p1b: Skeledirge|Skeledirge, L50, M|17\/100\n|move|p2a: Jumpluff|Encore||[still]\n|-fail|p2a: Jumpluff\n|move|p2b: Torkoal|Eruption|p1b: Skeledirge|[spread] p1a,p1b\n|-resisted|p1b: Skeledirge\n|-damage|p1a: Ting-Lu|64\/100 slp\n|-damage|p1b: Skeledirge|7\/100\n|cant|p1a: Ting-Lu|slp\n|\n|-weather|SunnyDay|[upkeep]\n|-heal|p1a: Ting-Lu|70\/100 slp|[from] item: Leftovers\n|upkeep\n|turn|8\n|\n|t:|1682989095\n|-terastallize|p1a: Ting-Lu|Water\n|move|p2a: Jumpluff|Sleep Powder|p1b: Skeledirge\n|-status|p1b: Skeledirge|slp|[from] move: Sleep Powder\n|cant|p1b: Skeledirge|slp\n|cant|p1a: Ting-Lu|slp\n|move|p2b: Torkoal|Eruption|p1b: Skeledirge|[spread] p1a,p1b\n|-resisted|p1a: Ting-Lu\n|-resisted|p1b: Skeledirge\n|-damage|p1a: Ting-Lu|61\/100 slp\n|-damage|p1b: Skeledirge|0 fnt\n|faint|p1b: Skeledirge\n|\n|-weather|SunnyDay|[upkeep]\n|-heal|p1a: Ting-Lu|68\/100 slp|[from] item: Leftovers\n|-sideend|p1: Snowstorm brute|move: Light Screen\n|upkeep\n|\n|t:|1682989107\n|switch|p1b: Roaring Moon|Roaring Moon, L50|100\/100\n|-activate|p1b: Roaring Moon|ability: Protosynthesis\n|-start|p1b: Roaring Moon|protosynthesisspe\n|turn|9\n|\n|t:|1682989128\n|move|p2a: Jumpluff|Sleep Powder|p1b: Roaring Moon\n|-status|p1b: Roaring Moon|slp|[from] move: Sleep Powder\n|cant|p1b: Roaring Moon|slp\n|-curestatus|p1a: Ting-Lu|slp|[msg]\n|move|p1a: Ting-Lu|Throat Chop|p2b: Torkoal\n|-damage|p2b: Torkoal|77\/100\n|-start|p2b: Torkoal|Throat Chop|[silent]\n|move|p2b: Torkoal|Eruption|p1a: Ting-Lu|[spread] p1a,p1b\n|-resisted|p1a: Ting-Lu\n|-resisted|p1b: Roaring Moon\n|-damage|p1a: Ting-Lu|56\/100\n|-damage|p1b: Roaring Moon|89\/100 slp\n|\n|-weather|SunnyDay|[upkeep]\n|-heal|p1a: Ting-Lu|63\/100|[from] item: Leftovers\n|-heal|p2b: Torkoal|83\/100|[from] item: Leftovers\n|-sideend|p1: Snowstorm brute|Reflect\n|upkeep\n|turn|10\n|c|\u2606Snowstorm brute|sleep powder why\n|\n|t:|1682989162\n|move|p2a: Jumpluff|Sleep Powder|p1a: Ting-Lu|[miss]\n|-miss|p2a: Jumpluff|p1a: Ting-Lu\n|cant|p1b: Roaring Moon|slp\n|move|p1a: Ting-Lu|Throat Chop|p2a: Jumpluff\n|-damage|p2a: Jumpluff|62\/100\n|-start|p2a: Jumpluff|Throat Chop|[silent]\n|move|p2b: Torkoal|Eruption|p1b: Roaring Moon|[spread] p1a,p1b\n|-resisted|p1a: Ting-Lu\n|-resisted|p1b: Roaring Moon\n|-damage|p1a: Ting-Lu|52\/100\n|-damage|p1b: Roaring Moon|78\/100 slp\n|\n|-weather|none\n|-end|p1b: Roaring Moon|Protosynthesis\n|-heal|p1a: Ting-Lu|58\/100|[from] item: Leftovers\n|-heal|p2b: Torkoal|89\/100|[from] item: Leftovers\n|-end|p2b: Torkoal|Throat Chop|[silent]\n|upkeep\n|-enditem|p1b: Roaring Moon|Booster Energy\n|-activate|p1b: Roaring Moon|ability: Protosynthesis|[fromitem]\n|-start|p1b: Roaring Moon|protosynthesisspe\n|turn|11\n|\n|t:|1682989184\n|move|p1a: Ting-Lu|Protect|p1a: Ting-Lu\n|-singleturn|p1a: Ting-Lu|Protect\n|-curestatus|p1b: Roaring Moon|slp|[msg]\n|move|p1b: Roaring Moon|Substitute|p1b: Roaring Moon\n|-start|p1b: Roaring Moon|Substitute\n|-damage|p1b: Roaring Moon|53\/100\n|move|p2a: Jumpluff|Tailwind|p2a: Jumpluff\n|-sidestart|p2: dunsparcedingo|move: Tailwind\n|move|p2b: Torkoal|Will-O-Wisp|p1a: Ting-Lu\n|-activate|p1a: Ting-Lu|move: Protect\n|\n|-heal|p2b: Torkoal|95\/100|[from] item: Leftovers\n|-heal|p1a: Ting-Lu|64\/100|[from] item: Leftovers\n|-end|p2a: Jumpluff|Throat Chop|[silent]\n|upkeep\n|turn|12\n|\n|t:|1682989204\n|move|p1b: Roaring Moon|Protect|p1b: Roaring Moon\n|-singleturn|p1b: Roaring Moon|Protect\n|move|p2a: Jumpluff|Encore|p1b: Roaring Moon\n|-activate|p1b: Roaring Moon|move: Protect\n|move|p2b: Torkoal|Will-O-Wisp|p1a: Ting-Lu|[miss]\n|-miss|p2b: Torkoal|p1a: Ting-Lu\n|move|p1a: Ting-Lu|Whirlwind|p2a: Jumpluff\n|drag|p2a: Slither Wing|Slither Wing, L50|94\/100 brn\n|\n|-heal|p2b: Torkoal|100\/100|[from] item: Leftovers\n|-heal|p1a: Ting-Lu|71\/100|[from] item: Leftovers\n|-damage|p2a: Slither Wing|88\/100 brn|[from] brn\n|upkeep\n|turn|13\n|j| They34\n|\n|t:|1682989230\n|move|p1b: Roaring Moon|Acrobatics|p2a: Slither Wing\n|-supereffective|p2a: Slither Wing\n|-damage|p2a: Slither Wing|0 fnt\n|faint|p2a: Slither Wing\n|-end|p2a: Slither Wing|Protosynthesis|[silent]\n|move|p2b: Torkoal|Will-O-Wisp|p1a: Ting-Lu\n|-status|p1a: Ting-Lu|brn\n|move|p1a: Ting-Lu|Throat Chop|p2b: Torkoal\n|-damage|p2b: Torkoal|90\/100\n|-start|p2b: Torkoal|Throat Chop|[silent]\n|\n|-heal|p2b: Torkoal|96\/100|[from] item: Leftovers\n|-heal|p1a: Ting-Lu|77\/100 brn|[from] item: Leftovers\n|-damage|p1a: Ting-Lu|71\/100 brn|[from] brn\n|upkeep\n|\n|t:|1682989242\n|switch|p2a: Jumpluff|Jumpluff, L50, F|62\/100\n|turn|14\n|\n|t:|1682989262\n|move|p1b: Roaring Moon|Protect|p1b: Roaring Moon\n|-singleturn|p1b: Roaring Moon|Protect\n|move|p2a: Jumpluff|Pollen Puff|p1b: Roaring Moon\n|-activate|p1b: Roaring Moon|move: Protect\n|move|p2b: Torkoal|Eruption|p1b: Roaring Moon|[spread] p1a\n|-activate|p1b: Roaring Moon|move: Protect\n|-resisted|p1a: Ting-Lu\n|-damage|p1a: Ting-Lu|63\/100 brn\n|move|p1a: Ting-Lu|Throat Chop|p2b: Torkoal\n|-damage|p2b: Torkoal|85\/100\n|\n|-heal|p2b: Torkoal|91\/100|[from] item: Leftovers\n|-heal|p1a: Ting-Lu|69\/100 brn|[from] item: Leftovers\n|-damage|p1a: Ting-Lu|63\/100 brn|[from] brn\n|-end|p2b: Torkoal|Throat Chop|[silent]\n|-sideend|p2: dunsparcedingo|move: Tailwind\n|upkeep\n|turn|15\n|\n|t:|1682989280\n|move|p1b: Roaring Moon|Acrobatics|p2a: Jumpluff\n|-supereffective|p2a: Jumpluff\n|-damage|p2a: Jumpluff|0 fnt\n|faint|p2a: Jumpluff\n|move|p1a: Ting-Lu|Throat Chop|p2b: Torkoal\n|-damage|p2b: Torkoal|80\/100\n|-start|p2b: Torkoal|Throat Chop|[silent]\n|move|p2b: Torkoal|Eruption|p1a: Ting-Lu|[spread] p1a,p1b\n|-resisted|p1b: Roaring Moon\n|-activate|p1b: Roaring Moon|move: Substitute|[damage]\n|-resisted|p1a: Ting-Lu\n|-damage|p1a: Ting-Lu|56\/100 brn\n|\n|-heal|p1a: Ting-Lu|62\/100 brn|[from] item: Leftovers\n|-heal|p2b: Torkoal|86\/100|[from] item: Leftovers\n|-damage|p1a: Ting-Lu|56\/100 brn|[from] brn\n|upkeep\n|turn|16\n|c|\u2606dunsparcedingo|gg\n|\n|t:|1682989295\n|move|p1b: Roaring Moon|Jaw Lock|p2b: Torkoal\n|-damage|p2b: Torkoal|62\/100\n|-activate|p1b: Roaring Moon|trapped\n|-activate|p2b: Torkoal|trapped\n|move|p1a: Ting-Lu|Throat Chop|p2b: Torkoal\n|-damage|p2b: Torkoal|52\/100\n|move|p2b: Torkoal|Eruption|p1b: Roaring Moon|[spread] p1a,p1b\n|-resisted|p1b: Roaring Moon\n|-activate|p1b: Roaring Moon|move: Substitute|[damage]\n|-resisted|p1a: Ting-Lu\n|-damage|p1a: Ting-Lu|51\/100 brn\n|\n|-heal|p1a: Ting-Lu|57\/100 brn|[from] item: Leftovers\n|-heal|p2b: Torkoal|58\/100|[from] item: Leftovers\n|-damage|p1a: Ting-Lu|51\/100 brn|[from] brn\n|-end|p2b: Torkoal|Throat Chop|[silent]\n|upkeep\n|turn|17\n|c|\u2606Snowstorm brute|gg\n|\n|t:|1682989311\n|move|p1b: Roaring Moon|Jaw Lock|p2b: Torkoal\n|-damage|p2b: Torkoal|30\/100\n|move|p1a: Ting-Lu|Throat Chop|p2b: Torkoal\n|-damage|p2b: Torkoal|21\/100\n|-start|p2b: Torkoal|Throat Chop|[silent]\n|move|p2b: Torkoal|Overheat|p1b: Roaring Moon\n|-resisted|p1b: Roaring Moon\n|-end|p1b: Roaring Moon|Substitute\n|-unboost|p2b: Torkoal|spa|2\n|\n|-heal|p1a: Ting-Lu|57\/100 brn|[from] item: Leftovers\n|-heal|p2b: Torkoal|27\/100|[from] item: Leftovers\n|-damage|p1a: Ting-Lu|51\/100 brn|[from] brn\n|upkeep\n|turn|18\n|\n|t:|1682989321\n|move|p1b: Roaring Moon|Substitute|p1b: Roaring Moon\n|-start|p1b: Roaring Moon|Substitute\n|-damage|p1b: Roaring Moon|28\/100\n|move|p1a: Ting-Lu|Throat Chop|p2b: Torkoal\n|-damage|p2b: Torkoal|17\/100\n|move|p2b: Torkoal|Overheat|p1b: Roaring Moon\n|-resisted|p1b: Roaring Moon\n|-activate|p1b: Roaring Moon|move: Substitute|[damage]\n|-unboost|p2b: Torkoal|spa|2\n|\n|-heal|p1a: Ting-Lu|57\/100 brn|[from] item: Leftovers\n|-heal|p2b: Torkoal|23\/100|[from] item: Leftovers\n|-damage|p1a: Ting-Lu|51\/100 brn|[from] brn\n|-end|p2b: Torkoal|Throat Chop|[silent]\n|upkeep\n|turn|19\n|\n|t:|1682989337\n|move|p1b: Roaring Moon|Jaw Lock|p2b: Torkoal\n|-damage|p2b: Torkoal|0 fnt\n|faint|p2b: Torkoal\n|\n|win|Snowstorm brute\n|n|\u2606Snowstorm brute|snowstormbrute\n|n|\u2606dunsparcedingo|dunsparcedingo\n|n| ansena(\u25e1 \u203f \u25e1 \u273f)|ansena\n|n| nexusj4|nexusj4\n|n| jf168|jf168\n|n| bruno the star|brunothestar\n|n| They34|they34\n","uploadtime":1682989338,"views":15,"p1id":"snowstormbrute","p2id":"dunsparcedingo","formatid":"gen9vgc2023regulationc","rating":0,"private":0,"password":""}