{"id":"gen9vgc2023regulationc-1848284792","p1":"Obvaltisobv","p2":"SumoVGC","format":"[Gen 9] VGC 2023 Regulation C","log":"|j|\u2606Obvaltisobv\n|j|\u2606SumoVGC\n|t:|1682053568\n|gametype|doubles\n|player|p1|Obvaltisobv|1|1278\n|player|p2|SumoVGC|lass-gen4dp|1176\n|teamsize|p1|6\n|teamsize|p2|6\n|gen|9\n|tier|[Gen 9] VGC 2023 Regulation C\n|rated|\n|rule|Species Clause: Limit one of each Pok\u00e9mon\n|rule|Item Clause: Limit one of each item\n|clearpoke\n|poke|p1|Tatsugiri, L50, F|\n|poke|p1|Toxicroak, L50, M|\n|poke|p1|Pelipper, L50, F|\n|poke|p1|Vaporeon, L50, M|\n|poke|p1|Amoonguss, L50, M|\n|poke|p1|Oranguru, L50, M|\n|poke|p2|Gyarados, L50, F|\n|poke|p2|Amoonguss, L50, M|\n|poke|p2|Arcanine, L50, F|\n|poke|p2|Ting-Lu, L50|\n|poke|p2|Flutter Mane, L50|\n|poke|p2|Iron Hands, L50|\n|teampreview|4\n|inactive|Battle timer is ON: inactive players will automatically lose when time's up. (requested by SumoVGC)\nObvaltisobv has agreed to open team sheets.\n|inactive|Obvaltisobv has 60 seconds left.\n|inactive|SumoVGC has 60 seconds left.\n|\n|t:|1682053625\n|start\n|switch|p1a: Pelipper|Pelipper, L50, F|100\/100\n|switch|p1b: Toxicroak|Toxicroak, L50, M|100\/100\n|switch|p2a: Iron Hands|Iron Hands, L50|100\/100\n|switch|p2b: Flutter Mane|Flutter Mane, L50, shiny|100\/100\n|-weather|RainDance|[from] ability: Drizzle|[of] p1a: Pelipper\n|turn|1\n|inactive|Obvaltisobv has 30 seconds left.\n|\n|t:|1682053654\n|move|p1b: Toxicroak|Fake Out|p2a: Iron Hands\n|-damage|p2a: Iron Hands|92\/100\n|cant|p2a: Iron Hands|flinch\n|move|p2b: Flutter Mane|Moonblast|p1b: Toxicroak\n|-damage|p1b: Toxicroak|28\/100\n|-unboost|p1b: Toxicroak|spa|1\n|move|p1a: Pelipper|Surf|p2b: Flutter Mane|[spread] p2a,p2b\n|-heal|p1b: Toxicroak|52\/100|[from] ability: Dry Skin|[of] p1a: Pelipper\n|-crit|p2a: Iron Hands\n|-damage|p2a: Iron Hands|66\/100\n|-damage|p2b: Flutter Mane|70\/100\n|\n|-weather|RainDance|[upkeep]\n|-heal|p1b: Toxicroak|64\/100|[from] ability: Dry Skin\n|upkeep\n|turn|2\n|\n|t:|1682053675\n|switch|p1b: Vaporeon|Vaporeon, L50, M|100\/100\n|move|p2b: Flutter Mane|Moonblast|p1b: Vaporeon\n|-damage|p1b: Vaporeon|41\/100\n|-unboost|p1b: Vaporeon|spa|1\n|move|p1a: Pelipper|Tailwind|p1a: Pelipper\n|-sidestart|p1: Obvaltisobv|move: Tailwind\n|move|p2a: Iron Hands|Volt Switch|p1a: Pelipper\n|-supereffective|p1a: Pelipper\n|-damage|p1a: Pelipper|26\/100\n|\n|t:|1682053688\n|-end|p2a: Iron Hands|Quark Drive|[silent]\n|switch|p2a: Ting-Lu|Ting-Lu, L50|100\/100|[from] Volt Switch\n|-ability|p2a: Ting-Lu|Vessel of Ruin\n|\n|-weather|RainDance|[upkeep]\n|upkeep\n|turn|3\n|\n|t:|1682053709\n|-end|p2b: Flutter Mane|Protosynthesis|[silent]\n|switch|p2b: Amoonguss|Amoonguss, L50, M|100\/100\n|switch|p1b: Toxicroak|Toxicroak, L50, M|64\/100\n|move|p1a: Pelipper|Surf|p2b: Amoonguss|[spread] p2a,p2b\n|-heal|p1b: Toxicroak|89\/100|[from] ability: Dry Skin|[of] p1a: Pelipper\n|-supereffective|p2a: Ting-Lu\n|-crit|p2a: Ting-Lu\n|-resisted|p2b: Amoonguss\n|-damage|p2a: Ting-Lu|55\/100\n|-damage|p2b: Amoonguss|91\/100\n|move|p2a: Ting-Lu|Heavy Slam|p1a: Pelipper\n|-resisted|p1a: Pelipper\n|-damage|p1a: Pelipper|11\/100\n|\n|-weather|RainDance|[upkeep]\n|-heal|p1b: Toxicroak|100\/100|[from] ability: Dry Skin\n|-heal|p2a: Ting-Lu|61\/100|[from] item: Leftovers\n|upkeep\n|turn|4\n|inactive|SumoVGC has 30 seconds left.\n|\n|t:|1682053734\n|-terastallize|p2a: Ting-Lu|Water\n|move|p2a: Ting-Lu|Protect|p2a: Ting-Lu\n|-singleturn|p2a: Ting-Lu|Protect\n|move|p1b: Toxicroak|Close Combat|p2a: Ting-Lu\n|-activate|p2a: Ting-Lu|move: Protect\n|move|p1a: Pelipper|Hurricane|p2b: Amoonguss\n|-supereffective|p2b: Amoonguss\n|-damage|p2b: Amoonguss|48\/100\n|-enditem|p2b: Amoonguss|Sitrus Berry|[eat]\n|-heal|p2b: Amoonguss|72\/100|[from] item: Sitrus Berry\n|move|p2b: Amoonguss|Spore|p1b: Toxicroak\n|-status|p1b: Toxicroak|slp|[from] move: Spore\n|\n|-weather|RainDance|[upkeep]\n|-heal|p2a: Ting-Lu|67\/100|[from] item: Leftovers\n|upkeep\n|turn|5\n|inactive|Obvaltisobv has 30 seconds left.\n|\n|t:|1682053762\n|move|p2b: Amoonguss|Protect|p2b: Amoonguss\n|-singleturn|p2b: Amoonguss|Protect\n|cant|p1b: Toxicroak|slp\n|move|p1a: Pelipper|Hurricane|p2b: Amoonguss\n|-activate|p2b: Amoonguss|move: Protect\n|move|p2a: Ting-Lu|Heavy Slam|p1a: Pelipper\n|-resisted|p1a: Pelipper\n|-damage|p1a: Pelipper|0 fnt\n|faint|p1a: Pelipper\n|\n|-weather|none\n|-heal|p2a: Ting-Lu|73\/100|[from] item: Leftovers\n|-sideend|p1: Obvaltisobv|move: Tailwind\n|upkeep\n|inactive|Obvaltisobv has 30 seconds left.\n|\n|t:|1682053796\n|switch|p1a: Tatsugiri|Tatsugiri, L50, F|100\/100\n|turn|6\n|inactive|Obvaltisobv has 30 seconds left.\n|\n|t:|1682053822\n|move|p1a: Tatsugiri|Draco Meteor|p2b: Amoonguss\n|-damage|p2b: Amoonguss|39\/100\n|-unboost|p1a: Tatsugiri|spa|2\n|-curestatus|p1b: Toxicroak|slp|[msg]\n|move|p1b: Toxicroak|Poison Jab|p2b: Amoonguss\n|-damage|p2b: Amoonguss|5\/100\n|move|p2a: Ting-Lu|Earthquake|p1b: Toxicroak|[spread] p2b,p1a,p1b\n|-supereffective|p1b: Toxicroak\n|-damage|p2b: Amoonguss|0 fnt\n|-damage|p1a: Tatsugiri|49\/100\n|-damage|p1b: Toxicroak|13\/100\n|faint|p2b: Amoonguss\n|\n|-heal|p2a: Ting-Lu|80\/100|[from] item: Leftovers\n|upkeep\n|\n|t:|1682053835\n|switch|p2b: Flutter Mane|Flutter Mane, L50, shiny|70\/100\n|turn|7\n|\n|t:|1682053849\n|switch|p1a: Vaporeon|Vaporeon, L50, M|41\/100\n|move|p1b: Toxicroak|Bullet Punch|p2b: Flutter Mane\n|-supereffective|p2b: Flutter Mane\n|-damage|p2b: Flutter Mane|31\/100\n|move|p2b: Flutter Mane|Dazzling Gleam|p1b: Toxicroak|[spread] p1a,p1b\n|-damage|p1a: Vaporeon|11\/100\n|-damage|p1b: Toxicroak|0 fnt\n|faint|p1b: Toxicroak\n|move|p2a: Ting-Lu|Ruination|p1a: Vaporeon\n|-damage|p1a: Vaporeon|6\/100\n|\n|-heal|p2a: Ting-Lu|86\/100|[from] item: Leftovers\n|upkeep\n|\n|t:|1682053852\n|switch|p1b: Tatsugiri|Tatsugiri, L50, F|49\/100\n|turn|8\n|\n|t:|1682053865\n|-end|p2b: Flutter Mane|Protosynthesis|[silent]\n|switch|p2b: Iron Hands|Iron Hands, L50|66\/100\n|-terastallize|p1b: Tatsugiri|Water\n|move|p1b: Tatsugiri|Surf|p2b: Iron Hands|[spread] p2a,p2b\n|-heal|p1a: Vaporeon|31\/100|[from] ability: Water Absorb|[of] p1b: Tatsugiri\n|-resisted|p2a: Ting-Lu\n|-damage|p2a: Ting-Lu|74\/100\n|-damage|p2b: Iron Hands|49\/100\n|move|p1a: Vaporeon|Surf|p2b: Iron Hands|[spread] p2a,p2b\n|-ability|p1b: Tatsugiri|Storm Drain|boost\n|-boost|p1b: Tatsugiri|spa|1\n|-resisted|p2a: Ting-Lu\n|-damage|p2a: Ting-Lu|66\/100\n|-damage|p2b: Iron Hands|35\/100\n|move|p2a: Ting-Lu|Earthquake|p1b: Tatsugiri|[spread] p2b,p1a,p1b\n|-supereffective|p2b: Iron Hands\n|-damage|p2b: Iron Hands|0 fnt\n|-damage|p1a: Vaporeon|2\/100\n|-damage|p1b: Tatsugiri|0 fnt\n|faint|p2b: Iron Hands\n|-end|p2b: Iron Hands|Quark Drive|[silent]\n|faint|p1b: Tatsugiri\n|\n|-heal|p2a: Ting-Lu|72\/100|[from] item: Leftovers\n|upkeep\n|-message|Obvaltisobv forfeited.\n|\n|win|SumoVGC\n|raw|Obvaltisobv's rating: 1278 → 1246<\/strong> (-32 for losing)\n|raw|SumoVGC's rating: 1176 → 1208<\/strong> (+32 for winning)\n|l|\u2606Obvaltisobv\n","uploadtime":1682053887,"views":11,"p1id":"obvaltisobv","p2id":"sumovgc","formatid":"gen9vgc2023regulationc","rating":1208,"private":0,"password":""}