{"id":"gen9vgc2023regulationc-1851731247","p1":"lepparyn","p2":"MLGmushroom","format":"[Gen 9] VGC 2023 Regulation C","log":"|j|\u2606lepparyn\n|j|\u2606MLGmushroom\n|t:|1682475430\n|gametype|doubles\n|player|p1|lepparyn|caitlin|1229\n|player|p2|MLGmushroom|blue|1264\n|teamsize|p1|6\n|teamsize|p2|6\n|gen|9\n|tier|[Gen 9] VGC 2023 Regulation C\n|rated|\n|rule|Species Clause: Limit one of each Pok\u00e9mon\n|rule|Item Clause: Limit one of each item\n|clearpoke\n|poke|p1|Ting-Lu, L50|\n|poke|p1|Amoonguss, L50, M|\n|poke|p1|Palafin, L50, M|\n|poke|p1|Flutter Mane, L50|\n|poke|p1|Rotom-Heat, L50|\n|poke|p1|Salamence, L50, M|\n|poke|p2|Chien-Pao, L50|\n|poke|p2|Roaring Moon, L50|\n|poke|p2|Flutter Mane, L50|\n|poke|p2|Amoonguss, L50, F|\n|poke|p2|Gyarados, L50, F|\n|poke|p2|Scizor, L50, M|\n|teampreview|4\n|\n|t:|1682475497\n|start\n|switch|p1a: Chibi-Roto|Rotom-Heat, L50|100\/100\n|switch|p1b: Salmonellamence|Salamence, L50, M, shiny|100\/100\n|switch|p2a: Gyarados|Gyarados, L50, F|100\/100\n|switch|p2b: Chien-Pao|Chien-Pao, L50|100\/100\n|-ability|p2b: Chien-Pao|Sword of Ruin\n|-ability|p1b: Salmonellamence|Intimidate|boost\n|-unboost|p2a: Gyarados|atk|1\n|-unboost|p2b: Chien-Pao|atk|1\n|-ability|p2a: Gyarados|Intimidate|boost\n|-unboost|p1a: Chibi-Roto|atk|1\n|-unboost|p1b: Salmonellamence|atk|1\n|turn|1\n|\n|t:|1682475509\n|-terastallize|p1a: Chibi-Roto|Electric\n|move|p2b: Chien-Pao|Protect|p2b: Chien-Pao\n|-singleturn|p2b: Chien-Pao|Protect\n|move|p1b: Salmonellamence|Protect|p1b: Salmonellamence\n|-singleturn|p1b: Salmonellamence|Protect\n|move|p2a: Gyarados|Waterfall|p1a: Chibi-Roto\n|-damage|p1a: Chibi-Roto|56\/100\n|move|p1a: Chibi-Roto|Discharge|p2b: Chien-Pao|[spread] p2a\n|-activate|p1b: Salmonellamence|move: Protect\n|-activate|p2b: Chien-Pao|move: Protect\n|-supereffective|p2a: Gyarados\n|-damage|p2a: Gyarados|0 fnt\n|faint|p2a: Gyarados\n|\n|upkeep\n|\n|t:|1682475528\n|switch|p2a: Scizor|Scizor, L50, M|100\/100\n|turn|2\n|\n|t:|1682475544\n|move|p2b: Chien-Pao|Ice Spinner|p1b: Salmonellamence\n|-supereffective|p1b: Salmonellamence\n|-damage|p1b: Salmonellamence|0 fnt\n|faint|p1b: Salmonellamence\n|move|p1a: Chibi-Roto|Overheat|p2a: Scizor\n|-supereffective|p2a: Scizor\n|-damage|p2a: Scizor|0 fnt\n|-unboost|p1a: Chibi-Roto|spa|2\n|faint|p2a: Scizor\n|\n|upkeep\n|\n|t:|1682475550\n|switch|p1b: Cop Disliker|Ting-Lu, L50|100\/100\n|switch|p2a: Flutter Mane|Flutter Mane, L50|100\/100\n|-ability|p1b: Cop Disliker|Vessel of Ruin\n|turn|3\n|\n|t:|1682475562\n|-terastallize|p2a: Flutter Mane|Fairy\n|move|p2b: Chien-Pao|Protect|p2b: Chien-Pao\n|-singleturn|p2b: Chien-Pao|Protect\n|move|p2a: Flutter Mane|Dazzling Gleam|p1b: Cop Disliker|[spread] p1a,p1b\n|-supereffective|p1b: Cop Disliker\n|-damage|p1a: Chibi-Roto|11\/100\n|-damage|p1b: Cop Disliker|42\/100\n|-enditem|p1a: Chibi-Roto|Mago Berry|[eat]\n|-heal|p1a: Chibi-Roto|44\/100|[from] item: Mago Berry\n|-damage|p2a: Flutter Mane|91\/100|[from] item: Life Orb\n|move|p1a: Chibi-Roto|Discharge|p2a: Flutter Mane|[spread] p2a\n|-activate|p2b: Chien-Pao|move: Protect\n|-immune|p1b: Cop Disliker\n|-damage|p2a: Flutter Mane|78\/100\n|move|p1b: Cop Disliker|Heavy Slam|p2b: Chien-Pao\n|-activate|p2b: Chien-Pao|move: Protect\n|\n|-heal|p1b: Cop Disliker|48\/100|[from] item: Leftovers\n|upkeep\n|turn|4\n|\n|t:|1682475591\n|switch|p1a: Palafin's Friend|Amoonguss, L50, M|100\/100\n|move|p2b: Chien-Pao|Sucker Punch||[still]\n|-fail|p2b: Chien-Pao\n|move|p2a: Flutter Mane|Dazzling Gleam|p1a: Palafin's Friend|[spread] p1a,p1b\n|-resisted|p1a: Palafin's Friend\n|-supereffective|p1b: Cop Disliker\n|-damage|p1a: Palafin's Friend|83\/100\n|-damage|p1b: Cop Disliker|0 fnt\n|faint|p1b: Cop Disliker\n|-damage|p2a: Flutter Mane|69\/100|[from] item: Life Orb\n|\n|upkeep\n|\n|t:|1682475593\n|switch|p1b: Chibi-Roto|Rotom-Heat, L50, tera:Electric|44\/100\n|turn|5\n|\n|t:|1682475605\n|move|p1a: Palafin's Friend|Rage Powder|p1a: Palafin's Friend\n|-singleturn|p1a: Palafin's Friend|move: Rage Powder\n|move|p2b: Chien-Pao|Ice Spinner|p1a: Palafin's Friend\n|-supereffective|p1a: Palafin's Friend\n|-damage|p1a: Palafin's Friend|17\/100\n|-damage|p2b: Chien-Pao|84\/100|[from] item: Rocky Helmet|[of] p1a: Palafin's Friend\n|move|p2a: Flutter Mane|Dazzling Gleam|p1b: Chibi-Roto|[spread] p1a,p1b\n|-resisted|p1a: Palafin's Friend\n|-damage|p1a: Palafin's Friend|0 fnt\n|-damage|p1b: Chibi-Roto|0 fnt\n|faint|p1a: Palafin's Friend\n|faint|p1b: Chibi-Roto\n|-damage|p2a: Flutter Mane|59\/100|[from] item: Life Orb\n|\n|win|MLGmushroom\n|raw|lepparyn's rating: 1229 → 1207<\/strong> (-22 for losing)\n|raw|MLGmushroom's rating: 1264 → 1286<\/strong> (+22 for winning)\n","uploadtime":1682475613,"views":9,"p1id":"lepparyn","p2id":"mlgmushroom","formatid":"gen9vgc2023regulationc","rating":1207,"private":0,"password":""}