{"id":"gen9vgc2023regulationc-1855157745","p1":"TeacherGus","p2":"Gusarapo","format":"[Gen 9] VGC 2023 Regulation C","log":"|j|\u2606TeacherGus\n|j|\u2606Gusarapo\n|t:|1682908378\n|gametype|doubles\n|player|p1|TeacherGus|2|1289\n|player|p2|Gusarapo|gambler|1218\n|teamsize|p1|6\n|teamsize|p2|6\n|gen|9\n|tier|[Gen 9] VGC 2023 Regulation C\n|rated|\n|rule|Species Clause: Limit one of each Pok\u00e9mon\n|rule|Item Clause: Limit one of each item\n|clearpoke\n|poke|p1|Palafin, L50, M|\n|poke|p1|Dragapult, L50, M|\n|poke|p1|Amoonguss, L50, M|\n|poke|p1|Arcanine, L50, F|\n|poke|p1|Flutter Mane, L50|\n|poke|p1|Great Tusk, L50|\n|poke|p2|Kingambit, L50, F|\n|poke|p2|Amoonguss, L50, F|\n|poke|p2|Talonflame, L50, M|\n|poke|p2|Flutter Mane, L50|\n|poke|p2|Iron Bundle, L50|\n|poke|p2|Garchomp, L50, M|\n|teampreview|4\n|\n|t:|1682908435\n|start\n|switch|p1a: Dozo|Palafin, L50, M|100\/100\n|switch|p1b: ChiYu|Arcanine, L50, F|100\/100\n|switch|p2a: Talonflame|Talonflame, L50, M|100\/100\n|switch|p2b: Garchomp|Garchomp, L50, M|100\/100\n|-ability|p1b: ChiYu|Intimidate|boost\n|-unboost|p2a: Talonflame|atk|1\n|-unboost|p2b: Garchomp|atk|1\n|turn|1\n|\n|t:|1682908474\n|detailschange|p1a: Dozo|Palafin-Hero, L50, M\n|switch|p1a: Great Tusk|Great Tusk, L50|100\/100\n|-terastallize|p1b: ChiYu|Flying\n|move|p2a: Talonflame|Tailwind|p2a: Talonflame\n|-sidestart|p2: Gusarapo|move: Tailwind\n|move|p2b: Garchomp|Earthquake|p1a: Great Tusk|[spread] p1a\n|-immune|p2a: Talonflame\n|-immune|p1b: ChiYu\n|-damage|p1a: Great Tusk|78\/100\n|-damage|p2b: Garchomp|91\/100|[from] item: Life Orb\n|move|p1b: ChiYu|Will-O-Wisp|p2b: Garchomp\n|-status|p2b: Garchomp|brn\n|\n|-damage|p2b: Garchomp|85\/100 brn|[from] brn\n|upkeep\n|turn|2\n|inactive|Battle timer is ON: inactive players will automatically lose when time's up. (requested by TeacherGus)\n|\n|t:|1682908515\n|switch|p1b: Dozo|Palafin-Hero, L50, M|100\/100\n|-activate|p1b: Dozo|ability: Zero to Hero\n|move|p2b: Garchomp|Stomping Tantrum|p1a: Great Tusk\n|-damage|p1a: Great Tusk|65\/100\n|-damage|p2b: Garchomp|75\/100 brn|[from] item: Life Orb\n|move|p2a: Talonflame|Will-O-Wisp|p1b: Dozo\n|-status|p1b: Dozo|brn\n|move|p1a: Great Tusk|Ice Spinner|p2b: Garchomp\n|-supereffective|p2b: Garchomp\n|-damage|p2b: Garchomp|0 fnt\n|-damage|p1a: Great Tusk|53\/100|[from] ability: Rough Skin|[of] p2b: Garchomp\n|faint|p2b: Garchomp\n|\n|-damage|p1b: Dozo|95\/100 brn|[from] brn\n|upkeep\n|\n|t:|1682908529\n|switch|p2b: Iron Bundle|Iron Bundle, L50|100\/100\n|-enditem|p2b: Iron Bundle|Booster Energy\n|-activate|p2b: Iron Bundle|ability: Quark Drive|[fromitem]\n|-start|p2b: Iron Bundle|quarkdrivespe\n|turn|3\n|\n|t:|1682908543\n|move|p2b: Iron Bundle|Protect|p2b: Iron Bundle\n|-singleturn|p2b: Iron Bundle|Protect\n|move|p2a: Talonflame|Brave Bird|p1a: Great Tusk\n|-supereffective|p1a: Great Tusk\n|-damage|p1a: Great Tusk|23\/100\n|-damage|p2a: Talonflame|89\/100|[from] Recoil\n|move|p1b: Dozo|Jet Punch|p2a: Talonflame\n|-supereffective|p2a: Talonflame\n|-damage|p2a: Talonflame|46\/100\n|move|p1a: Great Tusk|Close Combat|p2b: Iron Bundle\n|-activate|p2b: Iron Bundle|move: Protect\n|\n|-damage|p1b: Dozo|89\/100 brn|[from] brn\n|upkeep\n|turn|4\n|\n|t:|1682908567\n|-end|p1a: Great Tusk|Protosynthesis|[silent]\n|switch|p1a: ChiYu|Arcanine, L50, F, tera:Flying|100\/100\n|-ability|p1a: ChiYu|Intimidate|boost\n|-unboost|p2a: Talonflame|atk|1\n|-unboost|p2b: Iron Bundle|atk|1\n|move|p2b: Iron Bundle|Freeze-Dry|p1b: Dozo\n|-supereffective|p1b: Dozo\n|-damage|p1b: Dozo|20\/100 brn\n|move|p2a: Talonflame|Brave Bird|p1a: ChiYu\n|-damage|p1a: ChiYu|80\/100\n|-damage|p2a: Talonflame|39\/100|[from] Recoil\n|move|p1b: Dozo|Wave Crash|p2a: Talonflame\n|-supereffective|p2a: Talonflame\n|-damage|p2a: Talonflame|0 fnt\n|faint|p2a: Talonflame\n|-damage|p1b: Dozo|9\/100 brn|[from] Recoil\n|\n|-damage|p1b: Dozo|3\/100 brn|[from] brn\n|-sideend|p2: Gusarapo|move: Tailwind\n|upkeep\n|\n|t:|1682908578\n|switch|p2a: Kingambit|Kingambit, L50, F|100\/100\n|turn|5\n|\n|t:|1682908602\n|-terastallize|p2b: Iron Bundle|Ghost\n|move|p1a: ChiYu|Protect|p1a: ChiYu\n|-singleturn|p1a: ChiYu|Protect\n|move|p2b: Iron Bundle|Icy Wind|p1a: ChiYu|[spread] p1b\n|-activate|p1a: ChiYu|move: Protect\n|-resisted|p1b: Dozo\n|-damage|p1b: Dozo|0 fnt\n|faint|p1b: Dozo\n|move|p2a: Kingambit|Kowtow Cleave|p1a: ChiYu\n|-activate|p1a: ChiYu|move: Protect\n|\n|upkeep\n|\n|t:|1682908617\n|switch|p1b: Great Tusk|Great Tusk, L50|23\/100\n|turn|6\n|\n|t:|1682908633\n|move|p2b: Iron Bundle|Freeze-Dry|p1a: ChiYu\n|-supereffective|p1a: ChiYu\n|-damage|p1a: ChiYu|4\/100\n|move|p1a: ChiYu|Flare Blitz|p2a: Kingambit\n|-supereffective|p2a: Kingambit\n|-damage|p2a: Kingambit|28\/100\n|-damage|p1a: ChiYu|0 fnt|[from] Recoil\n|faint|p1a: ChiYu\n|move|p1b: Great Tusk|Headlong Rush|p2b: Iron Bundle\n|-damage|p2b: Iron Bundle|20\/100\n|-unboost|p1b: Great Tusk|def|1\n|-unboost|p1b: Great Tusk|spd|1\n|move|p2a: Kingambit|Kowtow Cleave|p1b: Great Tusk\n|-resisted|p1b: Great Tusk\n|-damage|p1b: Great Tusk|0 fnt\n|faint|p1b: Great Tusk\n|-end|p1b: Great Tusk|Protosynthesis|[silent]\n|\n|upkeep\n|\n|t:|1682908652\n|switch|p1b: Dnite|Dragapult, L50, M|100\/100\n|turn|7\n|\n|t:|1682908658\n|move|p2a: Kingambit|Sucker Punch|p1b: Dnite\n|-supereffective|p1b: Dnite\n|-damage|p1b: Dnite|0 fnt\n|faint|p1b: Dnite\n|\n|win|Gusarapo\n|raw|TeacherGus's rating: 1289 → 1259<\/strong> (-30 for losing)\n|raw|Gusarapo's rating: 1218 → 1248<\/strong> (+30 for winning)\n|l|\u2606Gusarapo\n|l|\u2606TeacherGus\n|j|\u2606TeacherGus\n|player|p1|TeacherGus|2\n","uploadtime":1682908678,"views":11,"p1id":"teachergus","p2id":"gusarapo","formatid":"gen9vgc2023regulationc","rating":1248,"private":0,"password":""}