{"id":"gen9vgc2023regulationc-1844805862","p1":"CrowTechVGC","p2":"EGT_22","format":"[Gen 9] VGC 2023 Regulation C","log":"|j|\u2606CrowTechVGC\n|j|\u2606EGT_22\n|t:|1681650502\n|gametype|doubles\n|player|p1|CrowTechVGC|benga|1120\n|player|p2|EGT_22|170|1021\n|teamsize|p1|6\n|teamsize|p2|6\n|gen|9\n|tier|[Gen 9] VGC 2023 Regulation C\n|rated|\n|rule|Species Clause: Limit one of each Pok\u00e9mon\n|rule|Item Clause: Limit one of each item\n|clearpoke\n|poke|p1|Iron Hands, L50|\n|poke|p1|Chien-Pao, L50|\n|poke|p1|Dragonite, L50, F|\n|poke|p1|Amoonguss, L50, F|\n|poke|p1|Sylveon, L50, F|\n|poke|p1|Scizor, L50, M|\n|poke|p2|Tsareena, L50, F|\n|poke|p2|Murkrow, L50, F|\n|poke|p2|Iron Valiant, L50|\n|poke|p2|Palafin, L50, M|\n|poke|p2|Chien-Pao, L50|\n|poke|p2|Lucario, L50, M|\n|teampreview|4\n|\n|t:|1681650538\n|start\n|switch|p1a: Amoonguss|Amoonguss, L50, F|100\/100\n|switch|p1b: Sylveon|Sylveon, L50, F|100\/100\n|switch|p2a: Murkrow|Murkrow, L50, F|100\/100\n|switch|p2b: Palafin|Palafin, L50, M|100\/100\n|turn|1\n|\n|t:|1681650570\n|move|p2b: Palafin|Protect|p2b: Palafin\n|-singleturn|p2b: Palafin|Protect\n|move|p2a: Murkrow|Tailwind|p2a: Murkrow\n|-sidestart|p2: EGT_22|move: Tailwind\n|move|p1b: Sylveon|Hyper Voice|p2a: Murkrow|[spread] p2a\n|-activate|p2b: Palafin|move: Protect\n|-supereffective|p2a: Murkrow\n|-damage|p2a: Murkrow|37\/100\n|-enditem|p1b: Sylveon|Throat Spray\n|-boost|p1b: Sylveon|spa|1|[from] item: Throat Spray\n|move|p1a: Amoonguss|Spore|p2b: Palafin\n|-activate|p2b: Palafin|move: Protect\n|\n|upkeep\n|turn|2\n|\n|t:|1681650608\n|detailschange|p2b: Palafin|Palafin-Hero, L50, M\n|switch|p2b: Tsareena|Tsareena, L50, F|100\/100\n|move|p1a: Amoonguss|Rage Powder|p1a: Amoonguss\n|-singleturn|p1a: Amoonguss|move: Rage Powder\n|move|p2a: Murkrow|Screech|p1a: Amoonguss\n|-unboost|p1a: Amoonguss|def|2\n|move|p1b: Sylveon|Hyper Voice|p2a: Murkrow|[spread] p2a,p2b\n|-supereffective|p2a: Murkrow\n|-damage|p2a: Murkrow|0 fnt\n|-damage|p2b: Tsareena|67\/100\n|faint|p2a: Murkrow\n|\n|upkeep\n|\n|t:|1681650630\n|switch|p2a: Chien-Pao|Chien-Pao, L50|100\/100\n|-ability|p2a: Chien-Pao|Sword of Ruin\n|turn|3\n|\n|t:|1681650657\n|move|p1a: Amoonguss|Rage Powder|p1a: Amoonguss\n|-singleturn|p1a: Amoonguss|move: Rage Powder\n|move|p2a: Chien-Pao|Ice Spinner|p1a: Amoonguss\n|-supereffective|p1a: Amoonguss\n|-crit|p1a: Amoonguss\n|-damage|p1a: Amoonguss|0 fnt\n|faint|p1a: Amoonguss\n|move|p2b: Tsareena|U-turn|p1b: Sylveon\n|-resisted|p1b: Sylveon\n|-damage|p1b: Sylveon|83\/100\n|\n|t:|1681650667\n|switch|p2b: Palafin|Palafin-Hero, L50, M|100\/100|[from] U-turn\n|-activate|p2b: Palafin|ability: Zero to Hero\n|move|p1b: Sylveon|Hyper Voice|p2b: Palafin|[spread] p2a,p2b\n|-supereffective|p2a: Chien-Pao\n|-enditem|p2a: Chien-Pao|Focus Sash\n|-damage|p2a: Chien-Pao|1\/100\n|-damage|p2b: Palafin|58\/100\n|\n|upkeep\n|\n|t:|1681650680\n|switch|p1a: Iron Hands|Iron Hands, L50|100\/100\n|turn|4\n|\n|t:|1681650698\n|-terastallize|p2b: Palafin|Water\n|move|p2a: Chien-Pao|Protect|p2a: Chien-Pao\n|-singleturn|p2a: Chien-Pao|Protect\n|move|p1b: Sylveon|Quick Attack|p2a: Chien-Pao\n|-activate|p2a: Chien-Pao|move: Protect\n|move|p2b: Palafin|Wave Crash|p1b: Sylveon\n|-damage|p1b: Sylveon|0 fnt\n|faint|p1b: Sylveon\n|-damage|p2b: Palafin|31\/100|[from] Recoil\n|move|p1a: Iron Hands|Thunder Punch|p2b: Palafin\n|-supereffective|p2b: Palafin\n|-damage|p2b: Palafin|0 fnt\n|faint|p2b: Palafin\n|\n|-sideend|p2: EGT_22|move: Tailwind\n|upkeep\n|\n|t:|1681650716\n|switch|p2b: Tsareena|Tsareena, L50, F|67\/100\n|switch|p1b: Dragonite|Dragonite, L50, F|100\/100\n|turn|5\n|\n|t:|1681650749\n|move|p1b: Dragonite|Protect|p1b: Dragonite\n|-singleturn|p1b: Dragonite|Protect\n|move|p2a: Chien-Pao|Sacred Sword|p1b: Dragonite\n|-activate|p1b: Dragonite|move: Protect\n|move|p2b: Tsareena|Play Rough|p1a: Iron Hands|[miss]\n|-miss|p2b: Tsareena|p1a: Iron Hands\n|move|p1a: Iron Hands|Drain Punch|p2b: Tsareena\n|-damage|p2b: Tsareena|10\/100\n|\n|upkeep\n|turn|6\n|\n|t:|1681650776\n|-terastallize|p1b: Dragonite|Normal\n|move|p2a: Chien-Pao|Ice Spinner|p1b: Dragonite\n|-damage|p1b: Dragonite|42\/100\n|move|p1b: Dragonite|Dragon Claw|p2a: Chien-Pao\n|-damage|p2a: Chien-Pao|0 fnt\n|faint|p2a: Chien-Pao\n|-damage|p1b: Dragonite|32\/100|[from] item: Life Orb\n|move|p2b: Tsareena|Play Rough|p1a: Iron Hands\n|-supereffective|p1a: Iron Hands\n|-damage|p1a: Iron Hands|64\/100\n|move|p1a: Iron Hands|Drain Punch|p2b: Tsareena\n|-damage|p2b: Tsareena|0 fnt\n|-heal|p1a: Iron Hands|68\/100|[from] drain|[of] p2b: Tsareena\n|faint|p2b: Tsareena\n|\n|win|CrowTechVGC\n|raw|CrowTechVGC's rating: 1120 → 1138<\/strong> (+18 for winning)\n|raw|EGT_22's rating: 1021 → 1011<\/strong> (-10 for losing)\n|l|\u2606EGT_22\n","uploadtime":1681650807,"views":10,"p1id":"crowtechvgc","p2id":"egt22","formatid":"gen9vgc2023regulationc","rating":1011,"private":0,"password":""}