{"id":"gen9vgc2023regulationc-1855469320","p1":"A. Lockheart","p2":"TheNutmeg33","format":"[Gen 9] VGC 2023 Regulation C","log":"|j|\u2606A. Lockheart\n|j|\u2606TheNutmeg33\n|t:|1682954304\n|gametype|doubles\n|player|p1|A. Lockheart|gambler|1344\n|player|p2|TheNutmeg33|170|1390\n|teamsize|p1|6\n|teamsize|p2|6\n|gen|9\n|tier|[Gen 9] VGC 2023 Regulation C\n|rated|\n|rule|Species Clause: Limit one of each Pok\u00e9mon\n|rule|Item Clause: Limit one of each item\n|clearpoke\n|poke|p1|Flutter Mane, L50|\n|poke|p1|Chi-Yu, L50|\n|poke|p1|Chien-Pao, L50|\n|poke|p1|Dragonite, L50, F|\n|poke|p1|Sandy Shocks, L50|\n|poke|p1|Indeedee-F, L50, F|\n|poke|p2|Iron Hands, L50|\n|poke|p2|Flutter Mane, L50|\n|poke|p2|Palafin, L50, M|\n|poke|p2|Tsareena, L50, F|\n|poke|p2|Amoonguss, L50, M|\n|poke|p2|Arcanine, L50, F|\n|teampreview|4\n|inactive|Battle timer is ON: inactive players will automatically lose when time's up. (requested by A. Lockheart)\n|\n|t:|1682954337\n|start\n|switch|p1a: Tabitha|Flutter Mane, L50|100\/100\n|switch|p1b: Marcel|Chi-Yu, L50|100\/100\n|switch|p2a: Arcanine|Arcanine, L50, F, shiny|100\/100\n|switch|p2b: Palafin|Palafin, L50, M, shiny|100\/100\n|-ability|p1b: Marcel|Beads of Ruin\n|-ability|p2a: Arcanine|Intimidate|boost\n|-unboost|p1a: Tabitha|atk|1\n|-unboost|p1b: Marcel|atk|1\n|turn|1\n|\n|t:|1682954362\n|detailschange|p2b: Palafin|Palafin-Hero, L50, M, shiny\n|switch|p2b: Iron Hands|Iron Hands, L50, shiny|100\/100\n|move|p1b: Marcel|Heat Wave|p2a: Arcanine|[spread] p2a,p2b\n|-resisted|p2a: Arcanine\n|-damage|p2a: Arcanine|77\/100\n|-damage|p2b: Iron Hands|70\/100\n|move|p1a: Tabitha|Dazzling Gleam|p2a: Arcanine|[spread] p2a,p2b\n|-resisted|p2a: Arcanine\n|-supereffective|p2b: Iron Hands\n|-crit|p2b: Iron Hands\n|-damage|p2a: Arcanine|46\/100\n|-damage|p2b: Iron Hands|0 fnt\n|faint|p2b: Iron Hands\n|-end|p2b: Iron Hands|Quark Drive|[silent]\n|move|p2a: Arcanine|Flare Blitz|p1a: Tabitha\n|-damage|p1a: Tabitha|0 fnt\n|faint|p1a: Tabitha\n|-end|p1a: Tabitha|Protosynthesis|[silent]\n|-damage|p2a: Arcanine|24\/100|[from] Recoil\n|\n|upkeep\n|\n|t:|1682954380\n|switch|p1a: Gerald|Dragonite, L50, F|100\/100\n|switch|p2b: Palafin|Palafin-Hero, L50, M, shiny|100\/100\n|-activate|p2b: Palafin|ability: Zero to Hero\n|turn|2\n|\n|t:|1682954401\n|switch|p1b: Steve|Chien-Pao, L50|100\/100\n|-ability|p1b: Steve|Sword of Ruin\n|-terastallize|p2b: Palafin|Water\n|-terastallize|p1a: Gerald|Normal\n|move|p1a: Gerald|Extreme Speed|p2a: Arcanine\n|-damage|p2a: Arcanine|0 fnt\n|faint|p2a: Arcanine\n|move|p2b: Palafin|Jet Punch|p1b: Steve\n|-damage|p1b: Steve|7\/100\n|\n|upkeep\n|\n|t:|1682954412\n|switch|p2a: Flutter Mane|Flutter Mane, L50, shiny|100\/100\n|turn|3\n|\n|t:|1682954423\n|move|p1a: Gerald|Extreme Speed|p2b: Palafin\n|-damage|p2b: Palafin|11\/100\n|move|p1b: Steve|Sucker Punch|p2a: Flutter Mane\n|-damage|p2a: Flutter Mane|2\/100\n|move|p2b: Palafin|Jet Punch|p1a: Gerald\n|-damage|p1a: Gerald|20\/100\n|move|p2a: Flutter Mane|Dazzling Gleam|p1a: Gerald|[spread] p1a,p1b\n|-supereffective|p1b: Steve\n|-damage|p1a: Gerald|0 fnt\n|-damage|p1b: Steve|0 fnt\n|faint|p1a: Gerald\n|faint|p1b: Steve\n|-damage|p2a: Flutter Mane|0 fnt|[from] item: Life Orb\n|faint|p2a: Flutter Mane\n|-end|p2a: Flutter Mane|Protosynthesis|[silent]\n|\n|upkeep\n|\n|t:|1682954437\n|switch|p1a: Marcel|Chi-Yu, L50|100\/100\n|-ability|p1a: Marcel|Beads of Ruin\n|turn|4\n|\n|t:|1682954445\n|move|p2b: Palafin|Protect|p2b: Palafin\n|-singleturn|p2b: Palafin|Protect\n|move|p1a: Marcel|Dark Pulse|p2b: Palafin\n|-activate|p2b: Palafin|move: Protect\n|\n|upkeep\n|turn|5\n|\n|t:|1682954452\n|move|p2b: Palafin|Jet Punch|p1a: Marcel\n|-supereffective|p1a: Marcel\n|-damage|p1a: Marcel|0 fnt\n|faint|p1a: Marcel\n|\n|win|TheNutmeg33\n|raw|A. Lockheart's rating: 1344 → 1327<\/strong> (-17 for losing)\n|raw|TheNutmeg33's rating: 1390 → 1407<\/strong> (+17 for winning)\n|l|\u2606A. Lockheart\n","uploadtime":1682954511,"views":23,"p1id":"alockheart","p2id":"thenutmeg33","formatid":"gen9vgc2023regulationc","rating":1327,"private":0,"password":""}