{"id":"gen9vgc2023regulationc-1857318727","p1":"difficultdrugs","p2":"LennyShake","format":"[Gen 9] VGC 2023 Regulation C","log":"|j|\u2606difficultdrugs\n|j|\u2606LennyShake\n|t:|1683172569\n|gametype|doubles\n|player|p1|difficultdrugs|bertha|1168\n|player|p2|LennyShake|265|1101\n|teamsize|p1|6\n|teamsize|p2|6\n|gen|9\n|tier|[Gen 9] VGC 2023 Regulation C\n|rated|\n|rule|Species Clause: Limit one of each Pok\u00e9mon\n|rule|Item Clause: Limit one of each item\n|clearpoke\n|poke|p1|Corviknight, L50, M|\n|poke|p1|Roaring Moon, L50|\n|poke|p1|Torkoal, L50, M|\n|poke|p1|Flutter Mane, L50|\n|poke|p1|Ting-Lu, L50|\n|poke|p1|Ursaring, L50, F|\n|poke|p2|Great Tusk, L50|\n|poke|p2|Vaporeon, L50, F|\n|poke|p2|Murkrow, L50, M|\n|poke|p2|Flutter Mane, L50|\n|poke|p2|Garganacl, L50, F|\n|poke|p2|Gastrodon, L50, M|\n|teampreview|4\n|\n|t:|1683172613\n|start\n|switch|p1a: Ting-Lu|Ting-Lu, L50|100\/100\n|switch|p1b: Ursaring|Ursaring, L50, F|100\/100\n|switch|p2a: Great Tusk|Great Tusk, L50|100\/100\n|switch|p2b: Murkrow|Murkrow, L50, M|100\/100\n|-ability|p1a: Ting-Lu|Vessel of Ruin\n|turn|1\n|\n|t:|1683172629\n|move|p2b: Murkrow|Sunny Day|p2b: Murkrow\n|-weather|SunnyDay\n|-activate|p2a: Great Tusk|ability: Protosynthesis\n|-start|p2a: Great Tusk|protosynthesisatk\n|move|p2a: Great Tusk|Earthquake|p1b: Ursaring|[spread] p1a,p1b\n|-immune|p2b: Murkrow\n|-damage|p1a: Ting-Lu|61\/100\n|-damage|p1b: Ursaring|57\/100\n|move|p1b: Ursaring|Yawn|p2a: Great Tusk\n|-start|p2a: Great Tusk|move: Yawn|[of] p1b: Ursaring\n|move|p1a: Ting-Lu|Stealth Rock|p2a: Great Tusk\n|-sidestart|p2: LennyShake|move: Stealth Rock\n|\n|-weather|SunnyDay|[upkeep]\n|upkeep\n|turn|2\n|inactive|Battle timer is ON: inactive players will automatically lose when time's up. (requested by LennyShake)\n|\n|t:|1683172666\n|-end|p2a: Great Tusk|Protosynthesis|[silent]\n|switch|p2a: Garganacl|Garganacl, L50, F|100\/100\n|-damage|p2a: Garganacl|88\/100|[from] Stealth Rock\n|move|p1b: Ursaring|Protect|p1b: Ursaring\n|-singleturn|p1b: Ursaring|Protect\n|move|p2b: Murkrow|Taunt|p1b: Ursaring\n|-activate|p1b: Ursaring|move: Protect\n|move|p1a: Ting-Lu|Heavy Slam|p2b: Murkrow\n|-damage|p2b: Murkrow|41\/100\n|\n|-weather|SunnyDay|[upkeep]\n|-heal|p2a: Garganacl|94\/100|[from] item: Leftovers\n|upkeep\n|turn|3\n|inactive|difficultdrugs has 30 seconds left.\n|inactive|difficultdrugs has 20 seconds left.\n|inactive|difficultdrugs has 15 seconds left.\n|inactive|difficultdrugs has 10 seconds left.\n|inactive|difficultdrugs has 5 seconds left.\n|\n|t:|1683172718\n|move|p2b: Murkrow|Tailwind|p2b: Murkrow\n|-sidestart|p2: LennyShake|move: Tailwind\n|move|p2a: Garganacl|Salt Cure|p1a: Ting-Lu\n|-resisted|p1a: Ting-Lu\n|-damage|p1a: Ting-Lu|57\/100\n|-start|p1a: Ting-Lu|Salt Cure\n|move|p1b: Ursaring|Yawn|p2b: Murkrow\n|-start|p2b: Murkrow|move: Yawn|[of] p1b: Ursaring\n|move|p1a: Ting-Lu|Heavy Slam|p2a: Garganacl\n|-supereffective|p2a: Garganacl\n|-crit|p2a: Garganacl\n|-damage|p2a: Garganacl|60\/100\n|\n|-weather|SunnyDay|[upkeep]\n|-heal|p2a: Garganacl|66\/100|[from] item: Leftovers\n|-damage|p1a: Ting-Lu|44\/100|[from] Salt Cure\n|upkeep\n|turn|4\n|inactive|LennyShake has 30 seconds left.\n|inactive|LennyShake has 20 seconds left.\n|\n|t:|1683172755\n|switch|p2b: Great Tusk|Great Tusk, L50|100\/100\n|-damage|p2b: Great Tusk|98\/100|[from] Stealth Rock\n|-activate|p2b: Great Tusk|ability: Protosynthesis\n|-start|p2b: Great Tusk|protosynthesisatk\n|move|p1b: Ursaring|Protect|p1b: Ursaring\n|-singleturn|p1b: Ursaring|Protect\n|move|p2a: Garganacl|Salt Cure|p1b: Ursaring\n|-activate|p1b: Ursaring|move: Protect\n|move|p1a: Ting-Lu|Earthquake|p2a: Garganacl|[spread] p2a,p2b\n|-activate|p1b: Ursaring|move: Protect\n|-supereffective|p2a: Garganacl\n|-damage|p2a: Garganacl|22\/100\n|-damage|p2b: Great Tusk|74\/100\n|\n|-weather|SunnyDay|[upkeep]\n|-heal|p2a: Garganacl|28\/100|[from] item: Leftovers\n|-damage|p1a: Ting-Lu|32\/100|[from] Salt Cure\n|upkeep\n|turn|5\n|inactive|difficultdrugs has 30 seconds left.\n|inactive|LennyShake has 30 seconds left.\n|\n|t:|1683172788\n|move|p2b: Great Tusk|Close Combat|p1b: Ursaring\n|-supereffective|p1b: Ursaring\n|-damage|p1b: Ursaring|0 fnt\n|-unboost|p2b: Great Tusk|def|1\n|-unboost|p2b: Great Tusk|spd|1\n|faint|p1b: Ursaring\n|move|p2a: Garganacl|Recover|p2a: Garganacl\n|-heal|p2a: Garganacl|78\/100\n|move|p1a: Ting-Lu|Earthquake|p2b: Great Tusk|[spread] p2a,p2b\n|-supereffective|p2a: Garganacl\n|-damage|p2a: Garganacl|39\/100\n|-damage|p2b: Great Tusk|38\/100\n|\n|-weather|none\n|-end|p2b: Great Tusk|Protosynthesis\n|-heal|p2a: Garganacl|45\/100|[from] item: Leftovers\n|-damage|p1a: Ting-Lu|19\/100|[from] Salt Cure\n|upkeep\n|\n|t:|1683172797\n|switch|p1b: Torkoal|Torkoal, L50, M|100\/100\n|-weather|SunnyDay|[from] ability: Drought|[of] p1b: Torkoal\n|-activate|p2b: Great Tusk|ability: Protosynthesis\n|-start|p2b: Great Tusk|protosynthesisatk\n|turn|6\n|\n|t:|1683172811\n|move|p1b: Torkoal|Protect|p1b: Torkoal\n|-singleturn|p1b: Torkoal|Protect\n|move|p2a: Garganacl|Wide Guard|p2a: Garganacl\n|-singleturn|p2a: Garganacl|Wide Guard\n|move|p2b: Great Tusk|Earthquake|p1b: Torkoal|[spread] p1a\n|-activate|p2a: Garganacl|move: Wide Guard\n|-activate|p1b: Torkoal|move: Protect\n|-damage|p1a: Ting-Lu|0 fnt\n|faint|p1a: Ting-Lu\n|\n|-weather|SunnyDay|[upkeep]\n|-heal|p2a: Garganacl|51\/100|[from] item: Leftovers\n|-sideend|p2: LennyShake|move: Tailwind\n|upkeep\n|\n|t:|1683172820\n|switch|p1a: Flutter Mane|Flutter Mane, L50|100\/100\n|-activate|p1a: Flutter Mane|ability: Protosynthesis\n|-start|p1a: Flutter Mane|protosynthesisspa\n|turn|7\n|inactive|LennyShake has 30 seconds left.\n|\n|t:|1683172847\n|move|p1a: Flutter Mane|Moonblast|p2b: Great Tusk\n|-supereffective|p2b: Great Tusk\n|-damage|p2b: Great Tusk|0 fnt\n|faint|p2b: Great Tusk\n|-end|p2b: Great Tusk|Protosynthesis|[silent]\n|move|p2a: Garganacl|Salt Cure|p1b: Torkoal\n|-supereffective|p1b: Torkoal\n|-damage|p1b: Torkoal|79\/100\n|-start|p1b: Torkoal|Salt Cure\n|move|p1b: Torkoal|Earth Power|p2a: Garganacl\n|-supereffective|p2a: Garganacl\n|-damage|p2a: Garganacl|3\/100\n|\n|-weather|SunnyDay|[upkeep]\n|-heal|p2a: Garganacl|9\/100|[from] item: Leftovers\n|-heal|p1b: Torkoal|85\/100|[from] item: Leftovers\n|-damage|p1b: Torkoal|73\/100|[from] Salt Cure\n|upkeep\n|\n|t:|1683172864\n|switch|p2b: Murkrow|Murkrow, L50, M|41\/100\n|-damage|p2b: Murkrow|17\/100|[from] Stealth Rock\n|turn|8\n|inactive|LennyShake has 30 seconds left.\n|\n|t:|1683172893\n|move|p2a: Garganacl|Wide Guard|p2a: Garganacl\n|-singleturn|p2a: Garganacl|Wide Guard\n|move|p2b: Murkrow|Tailwind|p2b: Murkrow\n|-sidestart|p2: LennyShake|move: Tailwind\n|move|p1a: Flutter Mane|Moonblast|p2a: Garganacl\n|-damage|p2a: Garganacl|0 fnt\n|faint|p2a: Garganacl\n|move|p1b: Torkoal|Eruption|p2b: Murkrow\n|-activate|p2b: Murkrow|move: Wide Guard\n|\n|-weather|SunnyDay|[upkeep]\n|-heal|p1b: Torkoal|79\/100|[from] item: Leftovers\n|-damage|p1b: Torkoal|66\/100|[from] Salt Cure\n|upkeep\n|\n|t:|1683172907\n|switch|p2a: Flutter Mane|Flutter Mane, L50|100\/100\n|-damage|p2a: Flutter Mane|88\/100|[from] Stealth Rock\n|-activate|p2a: Flutter Mane|ability: Protosynthesis\n|-start|p2a: Flutter Mane|protosynthesisspe\n|turn|9\n|\n|t:|1683172923\n|-terastallize|p2a: Flutter Mane|Grass\n|-terastallize|p1a: Flutter Mane|Ghost\n|move|p2a: Flutter Mane|Shadow Ball|p1b: Torkoal\n|-damage|p1b: Torkoal|0 fnt\n|faint|p1b: Torkoal\n|-damage|p2a: Flutter Mane|78\/100|[from] item: Life Orb\n|move|p2b: Murkrow|Brave Bird|p1a: Flutter Mane\n|-damage|p1a: Flutter Mane|18\/100\n|-damage|p2b: Murkrow|0 fnt|[from] Recoil\n|faint|p2b: Murkrow\n|move|p1a: Flutter Mane|Moonblast|p2a: Flutter Mane\n|-damage|p2a: Flutter Mane|0 fnt\n|faint|p2a: Flutter Mane\n|-end|p2a: Flutter Mane|Protosynthesis|[silent]\n|\n|win|difficultdrugs\n|raw|difficultdrugs's rating: 1168 → 1188<\/strong> (+20 for winning)\n|raw|LennyShake's rating: 1101 → 1081<\/strong> (-20 for losing)\n|l|\u2606LennyShake\n|c|\u2606difficultdrugs|gg\n","uploadtime":1683172946,"views":7,"p1id":"difficultdrugs","p2id":"lennyshake","formatid":"gen9vgc2023regulationc","rating":1081,"private":0,"password":""}