{"id":"gen9vgc2023regulationc-1845437842","p1":"GB Seraphix","p2":"budoukyukin","format":"[Gen 9] VGC 2023 Regulation C","log":"|j|\u2606GB Seraphix\n|j|\u2606budoukyukin\n|t:|1681733226\n|gametype|doubles\n|player|p1|GB Seraphix|rosa|1261\n|player|p2|budoukyukin|2|1369\n|teamsize|p1|6\n|teamsize|p2|6\n|gen|9\n|tier|[Gen 9] VGC 2023 Regulation C\n|rated|\n|rule|Species Clause: Limit one of each Pok\u00e9mon\n|rule|Item Clause: Limit one of each item\n|clearpoke\n|poke|p1|Maushold, L50|\n|poke|p1|Annihilape, L50, M|\n|poke|p1|Lurantis, L50, F|\n|poke|p1|Amoonguss, L50, F|\n|poke|p1|Gholdengo, L50|\n|poke|p1|Chi-Yu, L50|\n|poke|p2|Jumpluff, L50, M|\n|poke|p2|Torkoal, L50, F|\n|poke|p2|Dragonite, L50, F|\n|poke|p2|Great Tusk, L50|\n|poke|p2|Flutter Mane, L50|\n|poke|p2|Chien-Pao, L50|\n|teampreview|4\n|inactive|Battle timer is ON: inactive players will automatically lose when time's up. (requested by budoukyukin)\n|inactive|GB Seraphix has 60 seconds left.\n|\n|t:|1681733304\n|start\n|switch|p1a: Maushold|Maushold, L50|100\/100\n|switch|p1b: Annihilape|Annihilape, L50, M|100\/100\n|switch|p2a: Dragonite|Dragonite, L50, F|100\/100\n|switch|p2b: Great Tusk|Great Tusk, L50|100\/100\n|turn|1\n|\n|t:|1681733322\n|move|p1a: Maushold|Protect|p1a: Maushold\n|-singleturn|p1a: Maushold|Protect\n|move|p2b: Great Tusk|Earthquake|p1a: Maushold|[spread] p1b\n|-activate|p1a: Maushold|move: Protect\n|-immune|p2a: Dragonite\n|-damage|p1b: Annihilape|73\/100\n|move|p1b: Annihilape|Bulk Up|p1b: Annihilape\n|-boost|p1b: Annihilape|atk|1\n|-boost|p1b: Annihilape|def|1\n|move|p2a: Dragonite|Tailwind|p2a: Dragonite\n|-sidestart|p2: budoukyukin|move: Tailwind\n|\n|-heal|p1b: Annihilape|79\/100|[from] item: Leftovers\n|upkeep\n|turn|2\n|inactive|GB Seraphix has 30 seconds left.\n|inactive|GB Seraphix has 20 seconds left.\n|\n|t:|1681733357\n|-terastallize|p2a: Dragonite|Flying\n|move|p2b: Great Tusk|Earthquake|p1a: Maushold|[spread] p1a,p1b\n|-immune|p2a: Dragonite\n|-crit|p1b: Annihilape\n|-damage|p1a: Maushold|55\/100\n|-damage|p1b: Annihilape|37\/100\n|move|p2a: Dragonite|Tera Blast|p1b: Annihilape\n|-supereffective|p1b: Annihilape\n|-damage|p1b: Annihilape|0 fnt\n|faint|p1b: Annihilape\n|move|p1a: Maushold|Super Fang|p2a: Dragonite\n|-damage|p2a: Dragonite|51\/100\n|\n|upkeep\n|\n|t:|1681733370\n|switch|p1b: Gholdengo|Gholdengo, L50|100\/100\n|turn|3\n|\n|t:|1681733390\n|-terastallize|p1b: Gholdengo|Water\n|move|p1a: Maushold|Protect|p1a: Maushold\n|-singleturn|p1a: Maushold|Protect\n|move|p2b: Great Tusk|Earthquake|p1b: Gholdengo|[spread] p1b\n|-activate|p1a: Maushold|move: Protect\n|-immune|p2a: Dragonite\n|-damage|p1b: Gholdengo|66\/100\n|move|p2a: Dragonite|Tera Blast|p1b: Gholdengo\n|-damage|p1b: Gholdengo|23\/100\n|move|p1b: Gholdengo|Make It Rain|p2a: Dragonite|[spread] p2a,p2b\n|-damage|p2a: Dragonite|0 fnt\n|-damage|p2b: Great Tusk|0 fnt\n|-unboost|p1b: Gholdengo|spa|1\n|faint|p2a: Dragonite\n|faint|p2b: Great Tusk\n|-end|p2b: Great Tusk|Protosynthesis|[silent]\n|\n|upkeep\n|\n|t:|1681733408\n|switch|p2b: Chien-Pao|Chien-Pao, L50|100\/100\n|switch|p2a: Flutter Mane|Flutter Mane, L50|100\/100\n|-ability|p2b: Chien-Pao|Sword of Ruin\n|turn|4\n|inactive|GB Seraphix has 30 seconds left.\n|inactive|budoukyukin has 30 seconds left.\n|\n|t:|1681733439\n|move|p1a: Maushold|Follow Me|p1a: Maushold\n|-singleturn|p1a: Maushold|move: Follow Me\n|move|p2a: Flutter Mane|Dazzling Gleam|p1b: Gholdengo|[spread] p1a,p1b\n|-damage|p1a: Maushold|21\/100\n|-damage|p1b: Gholdengo|0 fnt\n|faint|p1b: Gholdengo\n|move|p2b: Chien-Pao|Throat Chop|p1a: Maushold\n|-damage|p1a: Maushold|0 fnt\n|faint|p1a: Maushold\n|-damage|p2b: Chien-Pao|91\/100|[from] item: Life Orb\n|\n|-sideend|p2: budoukyukin|move: Tailwind\n|upkeep\n|\n|t:|1681733450\n|switch|p1b: Amoonguss|Amoonguss, L50, F|100\/100\n|turn|5\n|\n|t:|1681733461\n|move|p2b: Chien-Pao|Ice Spinner|p1b: Amoonguss\n|-supereffective|p1b: Amoonguss\n|-damage|p1b: Amoonguss|0 fnt\n|faint|p1b: Amoonguss\n|-damage|p2b: Chien-Pao|81\/100|[from] item: Life Orb\n|\n|win|budoukyukin\n|raw|GB Seraphix's rating: 1261 → 1244<\/strong> (-17 for losing)\n|raw|budoukyukin's rating: 1369 → 1383<\/strong> (+14 for winning)\n","uploadtime":1681733468,"views":7,"p1id":"gbseraphix","p2id":"budoukyukin","formatid":"gen9vgc2023regulationc","rating":1244,"private":0,"password":""}