{"id":"gen9vgc2023regulationc-1858350067","p1":"noobmanguydude","p2":"Ghost in SheII","format":"[Gen 9] VGC 2023 Regulation C","log":"|j|\u2606noobmanguydude\n|j|\u2606Ghost in SheII\n|t:|1683304325\n|gametype|doubles\n|player|p1|noobmanguydude|101|1177\n|player|p2|Ghost in SheII|blue|1083\n|teamsize|p1|6\n|teamsize|p2|6\n|gen|9\n|tier|[Gen 9] VGC 2023 Regulation C\n|rated|\n|rule|Species Clause: Limit one of each Pok\u00e9mon\n|rule|Item Clause: Limit one of each item\n|clearpoke\n|poke|p1|Pelipper, L50, M|\n|poke|p1|Dondozo, L50, F|\n|poke|p1|Tatsugiri, L50, M|\n|poke|p1|Kingambit, L50, M|\n|poke|p1|Amoonguss, L50, F|\n|poke|p1|Sylveon, L50, F|\n|poke|p2|Dragonite, L50, M|\n|poke|p2|Flutter Mane, L50|\n|poke|p2|Ting-Lu, L50|\n|poke|p2|Chien-Pao, L50|\n|poke|p2|Dondozo, L50, M|\n|poke|p2|Tatsugiri, L50, F|\n|teampreview|4\n|inactive|Battle timer is ON: inactive players will automatically lose when time's up. (requested by noobmanguydude)\nnoobmanguydude rejected open team sheets.\n|inactive|noobmanguydude has 60 seconds left.\n|inactive|Ghost in SheII has 60 seconds left.\n|\n|t:|1683304374\n|start\n|switch|p1a: Pelipper|Pelipper, L50, M|100\/100\n|switch|p1b: Dondozo|Dondozo, L50, F|100\/100\n|switch|p2a: Dondozo|Dondozo, L50, M|100\/100\n|switch|p2b: Flutter Mane|Flutter Mane, L50|100\/100\n|-weather|RainDance|[from] ability: Drizzle|[of] p1a: Pelipper\n|-enditem|p2b: Flutter Mane|Booster Energy\n|-activate|p2b: Flutter Mane|ability: Protosynthesis|[fromitem]\n|-start|p2b: Flutter Mane|protosynthesisspa\n|turn|1\n|\n|t:|1683304398\n|switch|p1a: Tatsugiri|Tatsugiri, L50, M|100\/100\n|-activate|p1a: Tatsugiri|ability: Commander|[of] p1b: Dondozo\n|-boost|p1b: Dondozo|atk|2\n|-boost|p1b: Dondozo|spa|2\n|-boost|p1b: Dondozo|spe|2\n|-boost|p1b: Dondozo|def|2\n|-boost|p1b: Dondozo|spd|2\n|-terastallize|p1b: Dondozo|Water\n|move|p2b: Flutter Mane|Protect|p2b: Flutter Mane\n|-singleturn|p2b: Flutter Mane|Protect\n|move|p1b: Dondozo|Surf|p2b: Flutter Mane|[spread] p2a\n|-miss|p1b: Dondozo|p1a: Tatsugiri\n|-activate|p2b: Flutter Mane|move: Protect\n|-resisted|p2a: Dondozo\n|-damage|p2a: Dondozo|60\/100\n|-damage|p1b: Dondozo|91\/100|[from] item: Life Orb\n|move|p2a: Dondozo|Yawn|p1b: Dondozo\n|-start|p1b: Dondozo|move: Yawn|[of] p2a: Dondozo\n|\n|-weather|RainDance|[upkeep]\n|-heal|p2a: Dondozo|66\/100|[from] item: Leftovers\n|upkeep\n|turn|2\n|\n|t:|1683304422\n|move|p2a: Dondozo|Protect|p2a: Dondozo\n|-singleturn|p2a: Dondozo|Protect\n|move|p1b: Dondozo|Surf|p2a: Dondozo|[spread] p2b\n|-miss|p1b: Dondozo|p1a: Tatsugiri\n|-activate|p2a: Dondozo|move: Protect\n|-damage|p2b: Flutter Mane|0 fnt\n|faint|p2b: Flutter Mane\n|-end|p2b: Flutter Mane|Protosynthesis|[silent]\n|-damage|p1b: Dondozo|81\/100|[from] item: Life Orb\n|\n|-weather|RainDance|[upkeep]\n|-heal|p2a: Dondozo|72\/100|[from] item: Leftovers\n|-end|p1b: Dondozo|move: Yawn|[silent]\n|-status|p1b: Dondozo|slp\n|upkeep\n|\n|t:|1683304435\n|switch|p2b: Chien-Pao|Chien-Pao, L50|100\/100\n|-ability|p2b: Chien-Pao|Sword of Ruin\n|turn|3\n|\n|t:|1683304445\n|move|p2b: Chien-Pao|Haze|p2b: Chien-Pao\n|-clearallboost\n|cant|p1b: Dondozo|slp\n|move|p1b: Dondozo|Sleep Talk|p1b: Dondozo\n|move|p1b: Dondozo|Wave Crash|p2a: Dondozo|[from]move: Sleep Talk\n|-resisted|p2a: Dondozo\n|-damage|p2a: Dondozo|32\/100\n|-damage|p1b: Dondozo|65\/100 slp|[from] Recoil\n|-damage|p1b: Dondozo|56\/100 slp|[from] item: Life Orb\n|move|p2a: Dondozo|Wave Crash|p1b: Dondozo\n|-resisted|p1b: Dondozo\n|-damage|p1b: Dondozo|25\/100 slp\n|-damage|p2a: Dondozo|23\/100|[from] Recoil\n|\n|-weather|RainDance|[upkeep]\n|-heal|p2a: Dondozo|29\/100|[from] item: Leftovers\n|upkeep\n|turn|4\n|inactive|Ghost in SheII has 30 seconds left.\n|\n|t:|1683304473\n|move|p2b: Chien-Pao|Sucker Punch||[still]\n|-fail|p2b: Chien-Pao\n|cant|p1b: Dondozo|slp\n|move|p1b: Dondozo|Sleep Talk|p1b: Dondozo\n|move|p1b: Dondozo|Protect|p1b: Dondozo|[from]move: Sleep Talk\n|-singleturn|p1b: Dondozo|Protect\n|move|p2a: Dondozo|Wave Crash|p1b: Dondozo\n|-activate|p1b: Dondozo|move: Protect\n|\n|-weather|RainDance|[upkeep]\n|-heal|p2a: Dondozo|35\/100|[from] item: Leftovers\n|upkeep\n|turn|5\n|\n|t:|1683304497\n|move|p2b: Chien-Pao|Sucker Punch||[still]\n|-fail|p2b: Chien-Pao\n|cant|p1b: Dondozo|slp\n|move|p1b: Dondozo|Sleep Talk|p1b: Dondozo\n|move|p1b: Dondozo|Surf|p2b: Chien-Pao|[from]move: Sleep Talk|[spread] p2a,p2b\n|-miss|p1b: Dondozo|p1a: Tatsugiri\n|-resisted|p2a: Dondozo\n|-damage|p2a: Dondozo|17\/100\n|-enditem|p2b: Chien-Pao|Focus Sash\n|-damage|p2b: Chien-Pao|1\/100\n|-damage|p1b: Dondozo|15\/100 slp|[from] item: Life Orb\n|move|p2a: Dondozo|Yawn|p1a: Tatsugiri|[miss]\n|-miss|p2a: Dondozo|p1a: Tatsugiri\n|\n|-weather|RainDance|[upkeep]\n|-heal|p2a: Dondozo|23\/100|[from] item: Leftovers\n|upkeep\n|turn|6\n|-message|Ghost in SheII forfeited.\n|\n|win|noobmanguydude\n|raw|noobmanguydude's rating: 1177 → 1195<\/strong> (+18 for winning)\n|raw|Ghost in SheII's rating: 1083 → 1066<\/strong> (-17 for losing)\n|l|\u2606noobmanguydude\n","uploadtime":1683306259,"views":10,"p1id":"noobmanguydude","p2id":"ghostinsheii","formatid":"gen9vgc2023regulationc","rating":1066,"private":0,"password":""}