{"id":"gen9vgc2023regulationc-1859026577","p1":"KaesyGard","p2":"Litopardo","format":"[Gen 9] VGC 2023 Regulation C","log":"|j|\u2606KaesyGard\n|j|\u2606Litopardo\n|t:|1683395853\n|gametype|doubles\n|player|p1|KaesyGard|1|\n|player|p2|Litopardo|2|\n|teamsize|p1|6\n|teamsize|p2|6\n|gen|9\n|tier|[Gen 9] VGC 2023 Regulation C\n|rule|Species Clause: Limit one of each Pok\u00e9mon\n|rule|Item Clause: Limit one of each item\n|clearpoke\n|poke|p1|Ting-Lu, L50|\n|poke|p1|Corviknight, L50, M|\n|poke|p1|Klefki, L50, M|\n|poke|p1|Annihilape, L50, F|\n|poke|p1|Iron Bundle, L50|\n|poke|p1|Brute Bonnet, L50|\n|poke|p2|Chi-Yu, L50|\n|poke|p2|Flutter Mane, L50|\n|poke|p2|Torkoal, L50, F|\n|poke|p2|Great Tusk, L50|\n|poke|p2|Slither Wing, L50|\n|poke|p2|Foongus, L50, M|\n|teampreview|4\n|\n|t:|1683395943\n|start\n|switch|p1a: Ting-Lu|Ting-Lu, L50|100\/100\n|switch|p1b: Klefki|Klefki, L50, M|100\/100\n|switch|p2a: Flutter Mane|Flutter Mane, L50|100\/100\n|switch|p2b: Great Tusk|Great Tusk, L50|100\/100\n|-ability|p1a: Ting-Lu|Vessel of Ruin\n|turn|1\n|c|\u2606KaesyGard|SUERTEE\n|\n|t:|1683395967\n|switch|p1a: Corviknight|Corviknight, L50, M|100\/100\n|move|p1b: Klefki|Light Screen|p1b: Klefki\n|-sidestart|p1: KaesyGard|move: Light Screen\n|move|p2b: Great Tusk|Close Combat|p1a: Corviknight\n|-damage|p1a: Corviknight|43\/100\n|-unboost|p2b: Great Tusk|def|1\n|-unboost|p2b: Great Tusk|spd|1\n|-enditem|p1a: Corviknight|Sitrus Berry|[eat]\n|-heal|p1a: Corviknight|68\/100|[from] item: Sitrus Berry\n|move|p2a: Flutter Mane|Moonblast|p1a: Corviknight\n|-resisted|p1a: Corviknight\n|-damage|p1a: Corviknight|44\/100\n|\n|upkeep\n|turn|2\n|\n|t:|1683395987\n|-end|p2b: Great Tusk|Protosynthesis|[silent]\n|switch|p2b: Chi-Yu|Chi-Yu, L50|100\/100\n|-ability|p2b: Chi-Yu|Beads of Ruin\n|-end|p2a: Flutter Mane|Protosynthesis|[silent]\n|switch|p2a: Torkoal|Torkoal, L50, F|100\/100\n|-weather|SunnyDay|[from] ability: Drought|[of] p2a: Torkoal\n|move|p1b: Klefki|Reflect|p1b: Klefki\n|-sidestart|p1: KaesyGard|Reflect\n|move|p1a: Corviknight|Roost|p1a: Corviknight\n|-heal|p1a: Corviknight|94\/100\n|-singleturn|p1a: Corviknight|move: Roost\n|\n|-weather|SunnyDay|[upkeep]\n|upkeep\n|turn|3\n|\n|t:|1683396051\n|-terastallize|p1a: Corviknight|Dragon\n|move|p1b: Klefki|Thunder Wave|p2b: Chi-Yu\n|-hint|Since gen 7, Dark is immune to Prankster moves.\n|-immune|p2b: Chi-Yu\n|move|p2b: Chi-Yu|Will-O-Wisp|p1a: Corviknight\n|-status|p1a: Corviknight|brn\n|move|p1a: Corviknight|Tailwind|p1a: Corviknight\n|-sidestart|p1: KaesyGard|move: Tailwind\n|move|p2a: Torkoal|Heat Wave|p1a: Corviknight|[spread] p1a,p1b\n|-resisted|p1a: Corviknight\n|-supereffective|p1b: Klefki\n|-damage|p1a: Corviknight|77\/100 brn\n|-damage|p1b: Klefki|29\/100\n|-status|p1b: Klefki|brn\n|\n|-weather|SunnyDay|[upkeep]\n|-damage|p1a: Corviknight|71\/100 brn|[from] brn\n|-damage|p1b: Klefki|23\/100 brn|[from] brn\n|upkeep\n|turn|4\n|\n|t:|1683396096\n|switch|p1a: Annihilape|Annihilape, L50, F|100\/100\n|switch|p1b: Ting-Lu|Ting-Lu, L50|100\/100\n|-ability|p1b: Ting-Lu|Vessel of Ruin\n|move|p2b: Chi-Yu|Will-O-Wisp|p1b: Ting-Lu\n|-status|p1b: Ting-Lu|brn\n|move|p2a: Torkoal|Heat Wave|p1b: Ting-Lu|[spread] p1a,p1b\n|-damage|p1a: Annihilape|76\/100\n|-damage|p1b: Ting-Lu|78\/100 brn\n|-status|p1a: Annihilape|brn\n|-enditem|p1a: Annihilape|Lum Berry|[eat]\n|-curestatus|p1a: Annihilape|brn|[msg]\n|\n|-weather|SunnyDay|[upkeep]\n|-damage|p1b: Ting-Lu|72\/100 brn|[from] brn\n|upkeep\n|turn|5\n|\n|t:|1683396141\n|move|p1a: Annihilape|Protect|p1a: Annihilape\n|-singleturn|p1a: Annihilape|Protect\n|move|p2b: Chi-Yu|Will-O-Wisp|p1a: Annihilape\n|-activate|p1a: Annihilape|move: Protect\n|move|p1b: Ting-Lu|Fissure|p2b: Chi-Yu|[miss]\n|-miss|p1b: Ting-Lu|p2b: Chi-Yu\n|move|p2a: Torkoal|Clear Smog|p1a: Annihilape\n|-activate|p1a: Annihilape|move: Protect\n|\n|-weather|SunnyDay|[upkeep]\n|-damage|p1b: Ting-Lu|66\/100 brn|[from] brn\n|upkeep\n|turn|6\n|\n|t:|1683396181\n|switch|p1a: Klefki|Klefki, L50, M|23\/100 brn\n|switch|p2b: Great Tusk|Great Tusk, L50|100\/100\n|-activate|p2b: Great Tusk|ability: Protosynthesis\n|-start|p2b: Great Tusk|protosynthesisatk\n|move|p1b: Ting-Lu|Fissure|p2b: Great Tusk\n|-damage|p2b: Great Tusk|0 fnt\n|faint|p2b: Great Tusk\n|-end|p2b: Great Tusk|Protosynthesis|[silent]\n|-ohko\n|move|p2a: Torkoal|Heat Wave|p1b: Ting-Lu|[spread] p1a,p1b\n|-supereffective|p1a: Klefki\n|-damage|p1a: Klefki|0 fnt\n|-damage|p1b: Ting-Lu|49\/100 brn\n|faint|p1a: Klefki\n|\n|-weather|none\n|-damage|p1b: Ting-Lu|42\/100 brn|[from] brn\n|-sideend|p1: KaesyGard|move: Tailwind\n|upkeep\n|\n|t:|1683396214\n|switch|p2b: Chi-Yu|Chi-Yu, L50|100\/100\n|switch|p1a: Annihilape|Annihilape, L50, F|76\/100\n|-ability|p2b: Chi-Yu|Beads of Ruin\n|turn|7\n|\n|t:|1683396238\n|move|p2b: Chi-Yu|Heat Wave|p1b: Ting-Lu|[spread] p1a,p1b\n|-damage|p1a: Annihilape|47\/100\n|-damage|p1b: Ting-Lu|13\/100 brn\n|-damage|p2b: Chi-Yu|91\/100|[from] item: Life Orb\n|move|p1a: Annihilape|Drain Punch|p2b: Chi-Yu\n|-supereffective|p2b: Chi-Yu\n|-damage|p2b: Chi-Yu|0 fnt\n|-heal|p1a: Annihilape|75\/100|[from] drain|[of] p2b: Chi-Yu\n|faint|p2b: Chi-Yu\n|move|p1b: Ting-Lu|Stomping Tantrum|p2a: Torkoal\n|-supereffective|p2a: Torkoal\n|-damage|p2a: Torkoal|70\/100\n|move|p2a: Torkoal|Heat Wave|p1a: Annihilape|[spread] p1a\n|-miss|p2a: Torkoal|p1b: Ting-Lu\n|-damage|p1a: Annihilape|63\/100\n|\n|-damage|p1b: Ting-Lu|6\/100 brn|[from] brn\n|upkeep\n|\n|t:|1683396254\n|switch|p2b: Flutter Mane|Flutter Mane, L50|100\/100\n|turn|8\n|\n|t:|1683396328\n|-terastallize|p2b: Flutter Mane|Fairy\n|move|p2b: Flutter Mane|Dazzling Gleam|p1a: Annihilape|[spread] p1a,p1b\n|-supereffective|p1a: Annihilape\n|-supereffective|p1b: Ting-Lu\n|-damage|p1a: Annihilape|7\/100\n|-damage|p1b: Ting-Lu|0 fnt\n|faint|p1b: Ting-Lu\n|move|p1a: Annihilape|Rage Fist|p2b: Flutter Mane\n|-damage|p2b: Flutter Mane|0 fnt\n|faint|p2b: Flutter Mane\n|-end|p2b: Flutter Mane|Protosynthesis|[silent]\n|move|p2a: Torkoal|Heat Wave|p1a: Annihilape\n|-damage|p1a: Annihilape|0 fnt\n|faint|p1a: Annihilape\n|\n|-sideend|p1: KaesyGard|move: Light Screen\n|upkeep\n|\n|t:|1683396344\n|switch|p1b: Corviknight|Corviknight, L50, M, tera:Dragon|71\/100 brn\n|turn|9\n|\n|t:|1683396351\n|move|p1b: Corviknight|Roost|p1b: Corviknight\n|-heal|p1b: Corviknight|100\/100 brn\n|move|p2a: Torkoal|Heat Wave|p1b: Corviknight|[miss]\n|-miss|p2a: Torkoal|p1b: Corviknight\n|\n|-damage|p1b: Corviknight|95\/100 brn|[from] brn\n|-sideend|p1: KaesyGard|Reflect\n|upkeep\n|turn|10\n|\n|t:|1683396373\n|move|p1b: Corviknight|Brave Bird|p2a: Torkoal\n|-damage|p2a: Torkoal|50\/100\n|-damage|p1b: Corviknight|90\/100 brn|[from] Recoil\n|move|p2a: Torkoal|Heat Wave|p1b: Corviknight\n|-resisted|p1b: Corviknight\n|-damage|p1b: Corviknight|74\/100 brn\n|\n|-damage|p1b: Corviknight|68\/100 brn|[from] brn\n|upkeep\n|turn|11\n|\n|t:|1683396389\n|move|p1b: Corviknight|Brave Bird|p2a: Torkoal\n|-damage|p2a: Torkoal|32\/100\n|-damage|p1b: Corviknight|64\/100 brn|[from] Recoil\n|move|p2a: Torkoal|Heat Wave|p1b: Corviknight\n|-resisted|p1b: Corviknight\n|-damage|p1b: Corviknight|46\/100 brn\n|\n|-damage|p1b: Corviknight|40\/100 brn|[from] brn\n|upkeep\n|turn|12\n|\n|t:|1683396431\n|move|p1b: Corviknight|Roost|p1b: Corviknight\n|-heal|p1b: Corviknight|91\/100 brn\n|move|p2a: Torkoal|Overheat|p1b: Corviknight\n|-resisted|p1b: Corviknight\n|-damage|p1b: Corviknight|70\/100 brn\n|-unboost|p2a: Torkoal|spa|2\n|\n|-damage|p1b: Corviknight|64\/100 brn|[from] brn\n|upkeep\n|turn|13\n|-message|Litopardo forfeited.\n|\n|win|KaesyGard\n|l|\u2606Litopardo\n","uploadtime":1683396448,"views":12,"p1id":"kaesygard","p2id":"litopardo","formatid":"gen9vgc2023regulationc","rating":0,"private":0,"password":""}