{"id":"gen9vgc2023regulationc-1854824516","p1":"show me the tarfax","p2":"pKingb2","format":"[Gen 9] VGC 2023 Regulation C","log":"|j|\u2606show me the tarfax\n|j|\u2606pKingb2\n|t:|1682870368\n|gametype|doubles\n|player|p1|show me the tarfax|roughneck|1128\n|player|p2|pKingb2|265|1043\n|teamsize|p1|6\n|teamsize|p2|6\n|gen|9\n|tier|[Gen 9] VGC 2023 Regulation C\n|rated|\n|rule|Species Clause: Limit one of each Pok\u00e9mon\n|rule|Item Clause: Limit one of each item\n|clearpoke\n|poke|p1|Arcanine, L50, F|\n|poke|p1|Iron Bundle, L50|\n|poke|p1|Garganacl, L50, M|\n|poke|p1|Ting-Lu, L50|\n|poke|p1|Roaring Moon, L50|\n|poke|p1|Amoonguss, L50, M|\n|poke|p2|Annihilape, L50, F|\n|poke|p2|Murkrow, L50, M|\n|poke|p2|Garganacl, L50, F|\n|poke|p2|Palafin, L50, F|\n|poke|p2|Grimmsnarl, L50, M|\n|poke|p2|Tinkaton, L50, F|\n|teampreview|4\nshow me the tarfax has agreed to open team sheets.\n|\n|t:|1682870406\n|start\n|switch|p1a: Ting-Lu|Ting-Lu, L50|100\/100\n|switch|p1b: Garganacl|Garganacl, L50, M|100\/100\n|switch|p2a: Murkrow|Murkrow, L50, M, shiny|100\/100\n|switch|p2b: Annihilape|Annihilape, L50, F, shiny|100\/100\n|-ability|p1a: Ting-Lu|Vessel of Ruin\n|turn|1\n|\n|t:|1682870426\n|move|p2a: Murkrow|Tailwind|p2a: Murkrow\n|-sidestart|p2: pKingb2|move: Tailwind\n|move|p2b: Annihilape|Bulk Up|p2b: Annihilape\n|-boost|p2b: Annihilape|atk|1\n|-boost|p2b: Annihilape|def|1\n|move|p1a: Ting-Lu|Rock Tomb|p2a: Murkrow\n|-supereffective|p2a: Murkrow\n|-damage|p2a: Murkrow|55\/100\n|-unboost|p2a: Murkrow|spe|1\n|move|p1b: Garganacl|Stealth Rock|p2b: Annihilape\n|-sidestart|p2: pKingb2|move: Stealth Rock\n|\n|upkeep\n|turn|2\n|\n|t:|1682870461\n|switch|p2a: Tinkaton|Tinkaton, L50, F, shiny|100\/100\n|-damage|p2a: Tinkaton|94\/100|[from] Stealth Rock\n|-ability|p2a: Tinkaton|Mold Breaker\n|switch|p1b: Arcanine|Arcanine, L50, F|100\/100\n|-ability|p1b: Arcanine|Intimidate|boost\n|-unboost|p2a: Tinkaton|atk|1\n|-fail|p2b: Annihilape|unboost|Attack|[from] ability: Inner Focus|[of] p2b: Annihilape\n|move|p2b: Annihilape|Drain Punch|p1b: Arcanine\n|-damage|p1b: Arcanine|58\/100\n|move|p1a: Ting-Lu|Rock Tomb|p2a: Tinkaton\n|-resisted|p2a: Tinkaton\n|-damage|p2a: Tinkaton|86\/100\n|-unboost|p2a: Tinkaton|spe|1\n|\n|upkeep\n|turn|3\n|\n|t:|1682870519\n|move|p2b: Annihilape|Drain Punch|p1b: Arcanine\n|-damage|p1b: Arcanine|11\/100\n|-enditem|p1b: Arcanine|Iapapa Berry|[eat]\n|-heal|p1b: Arcanine|44\/100|[from] item: Iapapa Berry\n|move|p2a: Tinkaton|Gigaton Hammer|p1b: Arcanine\n|-resisted|p1b: Arcanine\n|-damage|p1b: Arcanine|21\/100\n|move|p1b: Arcanine|Will-O-Wisp|p2b: Annihilape\n|-status|p2b: Annihilape|brn\n|move|p1a: Ting-Lu|Ruination|p2a: Tinkaton\n|-damage|p2a: Tinkaton|44\/100\n|\n|-damage|p2b: Annihilape|94\/100 brn|[from] brn\n|upkeep\n|turn|4\n|\n|t:|1682870545\n|switch|p2a: Murkrow|Murkrow, L50, M, shiny|55\/100\n|-damage|p2a: Murkrow|30\/100|[from] Stealth Rock\n|switch|p1a: Roaring Moon|Roaring Moon, L50|100\/100\n|-enditem|p1a: Roaring Moon|Booster Energy\n|-activate|p1a: Roaring Moon|ability: Protosynthesis|[fromitem]\n|-start|p1a: Roaring Moon|protosynthesisatk\n|move|p2b: Annihilape|Drain Punch|p1b: Arcanine\n|-damage|p1b: Arcanine|0 fnt\n|-heal|p2b: Annihilape|100\/100 brn|[from] drain|[of] p1b: Arcanine\n|faint|p1b: Arcanine\n|\n|-damage|p2b: Annihilape|94\/100 brn|[from] brn\n|-sideend|p2: pKingb2|move: Tailwind\n|upkeep\n|\n|t:|1682870558\n|switch|p1b: Ting-Lu|Ting-Lu, L50|100\/100\n|-ability|p1b: Ting-Lu|Vessel of Ruin\n|turn|5\n|\n|t:|1682870584\n|-terastallize|p1a: Roaring Moon|Flying\n|move|p2a: Murkrow|Haze|p2a: Murkrow\n|-clearallboost\n|move|p1a: Roaring Moon|Acrobatics|p2b: Annihilape\n|-supereffective|p2b: Annihilape\n|-damage|p2b: Annihilape|0 fnt\n|faint|p2b: Annihilape\n|move|p1b: Ting-Lu|Rock Tomb|p2a: Murkrow\n|-supereffective|p2a: Murkrow\n|-damage|p2a: Murkrow|0 fnt\n|faint|p2a: Murkrow\n|\n|upkeep\n|\n|t:|1682870597\n|switch|p2b: Garganacl|Garganacl, L50, F, shiny|100\/100\n|switch|p2a: Tinkaton|Tinkaton, L50, F, shiny|44\/100\n|-damage|p2a: Tinkaton|37\/100|[from] Stealth Rock\n|-ability|p2a: Tinkaton|Mold Breaker\n|-damage|p2b: Garganacl|88\/100|[from] Stealth Rock\n|turn|6\n|\n|t:|1682870612\n|move|p1a: Roaring Moon|Earthquake|p2a: Tinkaton|[spread] p1b,p2a,p2b\n|-supereffective|p2a: Tinkaton\n|-supereffective|p2b: Garganacl\n|-damage|p1b: Ting-Lu|80\/100\n|-damage|p2a: Tinkaton|0 fnt\n|-damage|p2b: Garganacl|50\/100\n|faint|p2a: Tinkaton\n|move|p1b: Ting-Lu|Stomping Tantrum|p2b: Garganacl\n|-supereffective|p2b: Garganacl\n|-damage|p2b: Garganacl|17\/100\n|-enditem|p2b: Garganacl|Iapapa Berry|[eat]\n|-heal|p2b: Garganacl|50\/100|[from] item: Iapapa Berry\n|move|p2b: Garganacl|Curse|p2b: Garganacl\n|-unboost|p2b: Garganacl|spe|1\n|-boost|p2b: Garganacl|atk|1\n|-boost|p2b: Garganacl|def|1\n|\n|upkeep\n|turn|7\n|\n|t:|1682870632\n|-terastallize|p2b: Garganacl|Water\n|move|p1a: Roaring Moon|Earthquake|p2b: Garganacl|[spread] p1b,p2b\n|-damage|p1b: Ting-Lu|61\/100\n|-damage|p2b: Garganacl|37\/100\n|move|p1b: Ting-Lu|Stomping Tantrum|p2b: Garganacl\n|-damage|p2b: Garganacl|27\/100\n|move|p2b: Garganacl|Salt Cure|p1a: Roaring Moon\n|-supereffective|p1a: Roaring Moon\n|-damage|p1a: Roaring Moon|41\/100\n|-start|p1a: Roaring Moon|Salt Cure\n|\n|-damage|p1a: Roaring Moon|29\/100|[from] Salt Cure\n|upkeep\n|turn|8\n|\n|t:|1682870644\n|switch|p1b: Garganacl|Garganacl, L50, M|100\/100\n|move|p1a: Roaring Moon|Acrobatics|p2b: Garganacl\n|-damage|p2b: Garganacl|0 fnt\n|faint|p2b: Garganacl\n|\n|win|show me the tarfax\n|raw|show me the tarfax's rating: 1128 → 1147<\/strong> (+19 for winning)\n|raw|pKingb2's rating: 1043 → 1030<\/strong> (-13 for losing)\n","uploadtime":1682870648,"views":16,"p1id":"showmethetarfax","p2id":"pkingb2","formatid":"gen9vgc2023regulationc","rating":1030,"private":0,"password":""}