{"id":"gen9vgc2023regulationc-1850463692","p1":"rosewaldo","p2":"Mike2811","format":"[Gen 9] VGC 2023 Regulation C","log":"|j|\u2606rosewaldo\n|j|\u2606Mike2811\n|t:|1682339684\n|gametype|doubles\n|player|p1|rosewaldo|cheren-gen5bw2|1109\n|player|p2|Mike2811|steven|1187\n|teamsize|p1|6\n|teamsize|p2|6\n|gen|9\n|tier|[Gen 9] VGC 2023 Regulation C\n|rated|\n|rule|Species Clause: Limit one of each Pok\u00e9mon\n|rule|Item Clause: Limit one of each item\n|clearpoke\n|poke|p1|Scizor, L50, F|\n|poke|p1|Palafin, L50, F|\n|poke|p1|Pelipper, L50, F|\n|poke|p1|Amoonguss, L50, M|\n|poke|p1|Iron Bundle, L50|\n|poke|p1|Baxcalibur, L50, F|\n|poke|p2|Gyarados, L50, M|\n|poke|p2|Gothitelle, L50, F|\n|poke|p2|Amoonguss, L50, F|\n|poke|p2|Flutter Mane, L50|\n|poke|p2|Wo-Chien, L50|\n|poke|p2|Chi-Yu, L50|\n|teampreview|4\n|inactive|Battle timer is ON: inactive players will automatically lose when time's up. (requested by Mike2811)\n|c|\u2606rosewaldo|ur team looks liek hell to vs\n|inactive|rosewaldo has 60 seconds left.\n|c|\u2606Mike2811|same\n|c|\u2606Mike2811|rain team with palafin lol\n|inactive|rosewaldo has 30 seconds left.\n|inactive|rosewaldo has 20 seconds left.\n|\n|t:|1682339786\n|start\n|switch|p1a: Pelipper|Pelipper, L50, F|100\/100\n|switch|p1b: Palafin|Palafin, L50, F|100\/100\n|switch|p2a: Amoonguss|Amoonguss, L50, F|100\/100\n|switch|p2b: Flutter Mane|Flutter Mane, L50|100\/100\n|-weather|RainDance|[from] ability: Drizzle|[of] p1a: Pelipper\n|turn|1\n|inactive|rosewaldo has 30 seconds left.\n|\n|t:|1682339820\n|move|p1b: Palafin|Protect|p1b: Palafin\n|-singleturn|p1b: Palafin|Protect\n|move|p2a: Amoonguss|Rage Powder|p2a: Amoonguss\n|-singleturn|p2a: Amoonguss|move: Rage Powder\n|move|p2b: Flutter Mane|Perish Song|p2b: Flutter Mane\n|-start|p1a: Pelipper|perish3|[silent]\n|-start|p1b: Palafin|perish3|[silent]\n|-start|p2a: Amoonguss|perish3|[silent]\n|-start|p2b: Flutter Mane|perish3|[silent]\n|-fieldactivate|move: Perish Song\n|move|p1a: Pelipper|Tailwind|p1a: Pelipper\n|-sidestart|p1: rosewaldo|move: Tailwind\n|\n|-weather|RainDance|[upkeep]\n|-start|p1b: Palafin|perish3\n|-start|p1a: Pelipper|perish3\n|-start|p2b: Flutter Mane|perish3\n|-start|p2a: Amoonguss|perish3\n|upkeep\n|turn|2\n|inactive|rosewaldo has 30 seconds left.\n|inactive|Mike2811 has 30 seconds left.\n|\n|t:|1682339852\n|detailschange|p1b: Palafin|Palafin-Hero, L50, F\n|switch|p1b: Amoonguss|Amoonguss, L50, M|100\/100\n|move|p2a: Amoonguss|Rage Powder|p2a: Amoonguss\n|-singleturn|p2a: Amoonguss|move: Rage Powder\n|move|p1a: Pelipper|Hurricane|p2a: Amoonguss\n|-supereffective|p2a: Amoonguss\n|-damage|p2a: Amoonguss|43\/100\n|-start|p2a: Amoonguss|confusion\n|-enditem|p2a: Amoonguss|Eject Button\n|\n|t:|1682339862\n|switch|p2a: Gothitelle|Gothitelle, L50, F|100\/100\n|move|p2b: Flutter Mane|Perish Song|p2b: Flutter Mane\n|-start|p1b: Amoonguss|perish3|[silent]\n|-start|p2a: Gothitelle|perish3|[silent]\n|-fieldactivate|move: Perish Song\n|\n|-weather|RainDance|[upkeep]\n|-start|p1a: Pelipper|perish2\n|-start|p2b: Flutter Mane|perish2\n|-start|p1b: Amoonguss|perish3\n|-start|p2a: Gothitelle|perish3\n|upkeep\n|turn|3\n|\n|t:|1682339885\n|-end|p2b: Flutter Mane|Protosynthesis|[silent]\n|switch|p2b: Wo-Chien|Wo-Chien, L50|100\/100\n|-ability|p2b: Wo-Chien|Tablets of Ruin\n|move|p2a: Gothitelle|Fake Out|p1a: Pelipper\n|-damage|p1a: Pelipper|96\/100\n|cant|p1a: Pelipper|flinch\n|move|p1b: Amoonguss|Spore|p2a: Gothitelle\n|-status|p2a: Gothitelle|slp|[from] move: Spore\n|\n|-weather|RainDance|[upkeep]\n|-start|p1a: Pelipper|perish1\n|-start|p1b: Amoonguss|perish2\n|-start|p2a: Gothitelle|perish2\n|upkeep\n|turn|4\n|inactive|rosewaldo has 30 seconds left.\n|inactive|Mike2811 has 30 seconds left.\n|inactive|rosewaldo has 20 seconds left.\n|\n|t:|1682339922\n|move|p2b: Wo-Chien|Protect|p2b: Wo-Chien\n|-singleturn|p2b: Wo-Chien|Protect\n|cant|p2a: Gothitelle|slp\n|move|p1a: Pelipper|Hurricane|p2b: Wo-Chien\n|-activate|p2b: Wo-Chien|move: Protect\n|move|p1b: Amoonguss|Pollen Puff|p2a: Gothitelle\n|-supereffective|p2a: Gothitelle\n|-damage|p2a: Gothitelle|70\/100 slp\n|\n|-weather|RainDance|[upkeep]\n|-start|p1a: Pelipper|perish0\n|-start|p1b: Amoonguss|perish1\n|faint|p1a: Pelipper\n|-start|p2a: Gothitelle|perish1\n|-sideend|p1: rosewaldo|move: Tailwind\n|upkeep\n|\n|t:|1682339936\n|switch|p1a: Baxcalibur|Baxcalibur, L50, F|100\/100\n|turn|5\n|inactive|Mike2811 has 30 seconds left.\n|\n|t:|1682339963\n|switch|p2a: Flutter Mane|Flutter Mane, L50|100\/100\n|-terastallize|p2b: Wo-Chien|Poison\n|move|p1b: Amoonguss|Rage Powder|p1b: Amoonguss\n|-singleturn|p1b: Amoonguss|move: Rage Powder\n|move|p1a: Baxcalibur|Dragon Dance|p1a: Baxcalibur\n|-boost|p1a: Baxcalibur|atk|1\n|-boost|p1a: Baxcalibur|spe|1\n|move|p2b: Wo-Chien|Leech Seed|p1b: Amoonguss\n|-immune|p1b: Amoonguss\n|\n|-weather|none\n|-start|p1b: Amoonguss|perish0\n|upkeep\n|faint|p1b: Amoonguss\n|\n|t:|1682339975\n|switch|p1b: Palafin|Palafin-Hero, L50, F|100\/100\n|-activate|p1b: Palafin|ability: Zero to Hero\n|turn|6\n|inactive|rosewaldo has 30 seconds left.\n|\n|t:|1682340003\n|-terastallize|p1a: Baxcalibur|Steel\n|move|p1b: Palafin|Jet Punch|p2a: Flutter Mane\n|-damage|p2a: Flutter Mane|18\/100\n|move|p2a: Flutter Mane|Perish Song|p2a: Flutter Mane\n|-start|p1a: Baxcalibur|perish3|[silent]\n|-start|p1b: Palafin|perish3|[silent]\n|-start|p2a: Flutter Mane|perish3|[silent]\n|-start|p2b: Wo-Chien|perish3|[silent]\n|-fieldactivate|move: Perish Song\n|move|p1a: Baxcalibur|Icicle Spear|p2a: Flutter Mane\n|-damage|p2a: Flutter Mane|0 fnt\n|faint|p2a: Flutter Mane\n|-end|p2a: Flutter Mane|Protosynthesis|[silent]\n|-hitcount|p2: Flutter Mane|1\n|move|p2b: Wo-Chien|Leech Seed|p1b: Palafin\n|-start|p1b: Palafin|move: Leech Seed\n|\n|-damage|p1b: Palafin|88\/100|[from] Leech Seed|[of] p2b: Wo-Chien\n|-start|p1a: Baxcalibur|perish3\n|-start|p1b: Palafin|perish3\n|-start|p2b: Wo-Chien|perish3\n|upkeep\n|inactive|Mike2811 has 30 seconds left.\n|\n|t:|1682340034\n|switch|p2a: Gothitelle|Gothitelle, L50, F|70\/100 slp\n|turn|7\n|\n|t:|1682340049\n|move|p2b: Wo-Chien|Protect|p2b: Wo-Chien\n|-singleturn|p2b: Wo-Chien|Protect\n|cant|p2a: Gothitelle|slp\n|move|p1a: Baxcalibur|Icicle Spear|p2b: Wo-Chien\n|-activate|p2b: Wo-Chien|move: Protect\n|move|p1b: Palafin|Wave Crash|p2a: Gothitelle\n|-damage|p2a: Gothitelle|6\/100 slp\n|-enditem|p2a: Gothitelle|Sitrus Berry|[eat]\n|-heal|p2a: Gothitelle|31\/100 slp|[from] item: Sitrus Berry\n|-damage|p1b: Palafin|70\/100|[from] Recoil\n|\n|-damage|p1b: Palafin|57\/100|[from] Leech Seed|[of] p2b: Wo-Chien\n|-start|p1a: Baxcalibur|perish2\n|-start|p1b: Palafin|perish2\n|-start|p2b: Wo-Chien|perish2\n|upkeep\n|turn|8\n|\n|t:|1682340072\n|switch|p2b: Amoonguss|Amoonguss, L50, F|76\/100\n|-curestatus|p2a: Gothitelle|slp|[msg]\n|move|p2a: Gothitelle|Protect|p2a: Gothitelle\n|-singleturn|p2a: Gothitelle|Protect\n|move|p1a: Baxcalibur|Icicle Spear|p2b: Amoonguss\n|-supereffective|p2b: Amoonguss\n|-damage|p2b: Amoonguss|33\/100\n|-supereffective|p2b: Amoonguss\n|-damage|p2b: Amoonguss|0 fnt\n|faint|p2b: Amoonguss\n|-hitcount|p2: Amoonguss|2\n|move|p1b: Palafin|Wave Crash|p2a: Gothitelle\n|-activate|p2a: Gothitelle|move: Protect\n|\n|-start|p1a: Baxcalibur|perish1\n|-start|p1b: Palafin|perish1\n|upkeep\n|c|\u2606Mike2811|gg\n|\n|t:|1682340089\n|switch|p2b: Wo-Chien|Wo-Chien, L50, tera:Poison|100\/100\n|-ability|p2b: Wo-Chien|Tablets of Ruin\n|turn|9\n|c|\u2606rosewaldo|gg\n|inactive|rosewaldo has 30 seconds left.\n|inactive|rosewaldo has 20 seconds left.\n|\n|t:|1682340128\n|move|p2b: Wo-Chien|Protect|p2b: Wo-Chien\n|-singleturn|p2b: Wo-Chien|Protect\n|move|p2a: Gothitelle|Protect||[still]\n|-fail|p2a: Gothitelle\n|move|p1a: Baxcalibur|Icicle Spear|p2b: Wo-Chien\n|-activate|p2b: Wo-Chien|move: Protect\n|move|p1b: Palafin|Wave Crash|p2a: Gothitelle\n|-damage|p2a: Gothitelle|0 fnt\n|faint|p2a: Gothitelle\n|-damage|p1b: Palafin|48\/100|[from] Recoil\n|\n|-damage|p1b: Palafin|36\/100|[from] Leech Seed|[of] p2b: Wo-Chien\n|-start|p1a: Baxcalibur|perish0\n|-start|p1b: Palafin|perish0\n|faint|p1a: Baxcalibur\n|faint|p1b: Palafin\n|\n|win|Mike2811\n|upkeep\n|raw|rosewaldo's rating: 1109 → 1090<\/strong> (-19 for losing)\n|raw|Mike2811's rating: 1187 → 1206<\/strong> (+19 for winning)\n|c|\u2606rosewaldo|gg\n|c|\u2606Mike2811|gg\n","uploadtime":1682340153,"views":20,"p1id":"rosewaldo","p2id":"mike2811","formatid":"gen9vgc2023regulationc","rating":1090,"private":0,"password":""}