{"id":"gen9vgc2023regulationc-1847714633","p1":"Bobby31","p2":"sgsdfadfsd","format":"[Gen 9] VGC 2023 Regulation C","log":"|j|\u2606Bobby31\n|j|\u2606sgsdfadfsd\n|t:|1681995428\n|gametype|doubles\n|player|p1|Bobby31|dawn-gen4pt|1162\n|player|p2|sgsdfadfsd|102|1204\n|teamsize|p1|6\n|teamsize|p2|6\n|gen|9\n|tier|[Gen 9] VGC 2023 Regulation C\n|rated|\n|rule|Species Clause: Limit one of each Pok\u00e9mon\n|rule|Item Clause: Limit one of each item\n|clearpoke\n|poke|p1|Amoonguss, L50, M|\n|poke|p1|Corviknight, L50, M|\n|poke|p1|Palafin, L50, F|\n|poke|p1|Glimmora, L50, F|\n|poke|p1|Ting-Lu, L50|\n|poke|p1|Baxcalibur, L50, M|\n|poke|p2|Iron Hands, L50|\n|poke|p2|Pincurchin, L50, F|\n|poke|p2|Palafin, L50, F|\n|poke|p2|Indeedee-F, L50, F|\n|poke|p2|Armarouge, L50, M|\n|poke|p2|Sylveon, L50, M|\n|teampreview|4\nsgsdfadfsd has agreed to open team sheets.\n|inactive|Battle timer is ON: inactive players will automatically lose when time's up. (requested by sgsdfadfsd)\n|\n|t:|1681995468\n|start\n|switch|p1a: Ting-Lu|Ting-Lu, L50|100\/100\n|switch|p1b: Glimmora|Glimmora, L50, F|100\/100\n|switch|p2a: Palafin|Palafin, L50, F|100\/100\n|switch|p2b: Iron Hands|Iron Hands, L50|100\/100\n|-ability|p1a: Ting-Lu|Vessel of Ruin\n|turn|1\n|\n|t:|1681995490\n|switch|p1a: Amoonguss|Amoonguss, L50, M|100\/100\n|-terastallize|p1b: Glimmora|Grass\n|move|p2a: Palafin|Flip Turn|p1b: Glimmora\n|-resisted|p1b: Glimmora\n|-damage|p1b: Glimmora|87\/100\n|-activate|p1b: Glimmora|ability: Toxic Debris\n|-sidestart|p2: sgsdfadfsd|move: Toxic Spikes\n|\n|t:|1681995499\n|detailschange|p2a: Palafin|Palafin-Hero, L50, F\n|switch|p2a: Armarouge|Armarouge, L50, M|100\/100|[from] Flip Turn\n|-status|p2a: Armarouge|psn\n|move|p1b: Glimmora|Earth Power|p2b: Iron Hands\n|-supereffective|p2b: Iron Hands\n|-damage|p2b: Iron Hands|58\/100\n|-unboost|p2b: Iron Hands|spd|1\n|move|p2b: Iron Hands|Close Combat|p1a: Amoonguss\n|-resisted|p1a: Amoonguss\n|-damage|p1a: Amoonguss|72\/100\n|-unboost|p2b: Iron Hands|def|1\n|-unboost|p2b: Iron Hands|spd|1\n|\n|-damage|p2a: Armarouge|88\/100 psn|[from] psn\n|upkeep\n|turn|2\n|inactive|Bobby31 has 30 seconds left.\n|inactive|sgsdfadfsd has 30 seconds left.\n|\n|t:|1681995528\n|move|p1a: Amoonguss|Rage Powder|p1a: Amoonguss\n|-singleturn|p1a: Amoonguss|move: Rage Powder\n|move|p1b: Glimmora|Earth Power|p2a: Armarouge\n|-supereffective|p2a: Armarouge\n|-damage|p2a: Armarouge|23\/100 psn\n|-unboost|p2a: Armarouge|spd|1\n|move|p2a: Armarouge|Armor Cannon|p1a: Amoonguss\n|-supereffective|p1a: Amoonguss\n|-damage|p1a: Amoonguss|0 fnt\n|-unboost|p2a: Armarouge|def|1\n|-unboost|p2a: Armarouge|spd|1\n|faint|p1a: Amoonguss\n|-damage|p2a: Armarouge|14\/100 psn|[from] item: Life Orb\n|move|p2b: Iron Hands|Close Combat|p1b: Glimmora\n|-damage|p1b: Glimmora|0 fnt\n|-unboost|p2b: Iron Hands|def|1\n|-unboost|p2b: Iron Hands|spd|1\n|-activate|p1b: Glimmora|ability: Toxic Debris\n|-sidestart|p2: sgsdfadfsd|move: Toxic Spikes\n|faint|p1b: Glimmora\n|\n|-damage|p2a: Armarouge|1\/100 psn|[from] psn\n|upkeep\n|\n|t:|1681995535\n|switch|p1b: Baxcalibur|Baxcalibur, L50, M|100\/100\n|switch|p1a: Ting-Lu|Ting-Lu, L50|100\/100\n|-ability|p1a: Ting-Lu|Vessel of Ruin\n|turn|3\n|\n|t:|1681995558\n|move|p1b: Baxcalibur|Protect|p1b: Baxcalibur\n|-singleturn|p1b: Baxcalibur|Protect\n|move|p2a: Armarouge|Armor Cannon|p1b: Baxcalibur\n|-activate|p1b: Baxcalibur|move: Protect\n|move|p1a: Ting-Lu|Earthquake|p2a: Armarouge|[spread] p2a,p2b\n|-activate|p1b: Baxcalibur|move: Protect\n|-supereffective|p2a: Armarouge\n|-supereffective|p2b: Iron Hands\n|-damage|p2a: Armarouge|0 fnt\n|-damage|p2b: Iron Hands|0 fnt\n|faint|p2a: Armarouge\n|faint|p2b: Iron Hands\n|-end|p2b: Iron Hands|Quark Drive|[silent]\n|\n|upkeep\n|\n|t:|1681995571\n|switch|p2a: Palafin|Palafin-Hero, L50, F|100\/100\n|switch|p2b: Pincurchin|Pincurchin, L50, F|100\/100\n|-status|p2a: Palafin|tox\n|-activate|p2a: Palafin|ability: Zero to Hero\n|-status|p2b: Pincurchin|tox\n|-fieldstart|move: Electric Terrain|[from] ability: Electric Surge|[of] p2b: Pincurchin\n|turn|4\n|inactive|sgsdfadfsd has 30 seconds left.\n|inactive|sgsdfadfsd has 20 seconds left.\n|\n|t:|1681995606\n|-terastallize|p2a: Palafin|Water\n|move|p2a: Palafin|Wave Crash|p1a: Ting-Lu\n|-supereffective|p1a: Ting-Lu\n|-damage|p1a: Ting-Lu|0 fnt\n|faint|p1a: Ting-Lu\n|-damage|p2a: Palafin|51\/100 tox|[from] Recoil\n|move|p1b: Baxcalibur|Glaive Rush|p2a: Palafin\n|-damage|p2a: Palafin|0 fnt\n|-singlemove|p1b: Baxcalibur|Glaive Rush|[silent]\n|faint|p2a: Palafin\n|move|p2b: Pincurchin|Zing Zap|p1b: Baxcalibur\n|-resisted|p1b: Baxcalibur\n|-damage|p1b: Baxcalibur|32\/100\n|\n|-damage|p2b: Pincurchin|95\/100 tox|[from] psn\n|upkeep\n|turn|5\n|\n|t:|1681995628\n|move|p1b: Baxcalibur|Protect|p1b: Baxcalibur\n|-singleturn|p1b: Baxcalibur|Protect\n|move|p2b: Pincurchin|Zing Zap|p1b: Baxcalibur\n|-activate|p1b: Baxcalibur|move: Protect\n|\n|-damage|p2b: Pincurchin|83\/100 tox|[from] psn\n|upkeep\n|turn|6\n|\n|t:|1681995637\n|move|p1b: Baxcalibur|Glaive Rush|p2b: Pincurchin\n|-damage|p2b: Pincurchin|0 fnt\n|-singlemove|p1b: Baxcalibur|Glaive Rush|[silent]\n|faint|p2b: Pincurchin\n|\n|win|Bobby31\n|raw|Bobby31's rating: 1162 → 1190<\/strong> (+28 for winning)\n|raw|sgsdfadfsd's rating: 1204 → 1176<\/strong> (-28 for losing)\n|l|\u2606Bobby31\n","uploadtime":1681995645,"views":8,"p1id":"bobby31","p2id":"sgsdfadfsd","formatid":"gen9vgc2023regulationc","rating":1176,"private":0,"password":""}