{"id":"gen9vgc2023regulationc-1857150371","p1":"Releaseme0000","p2":"haha you rage quit","format":"[Gen 9] VGC 2023 Regulation C","log":"|j|\u2606Releaseme0000\n|j|\u2606haha you rage quit\n|t:|1683151129\n|gametype|doubles\n|player|p1|Releaseme0000|101|1273\n|player|p2|haha you rage quit|pokemaniac|1241\n|teamsize|p1|6\n|teamsize|p2|6\n|gen|9\n|tier|[Gen 9] VGC 2023 Regulation C\n|rated|\n|rule|Species Clause: Limit one of each Pok\u00e9mon\n|rule|Item Clause: Limit one of each item\n|clearpoke\n|poke|p1|Lilligant, L50, F|\n|poke|p1|Torkoal, L50, M|\n|poke|p1|Chi-Yu, L50|\n|poke|p1|Annihilape, L50, M|\n|poke|p1|Flutter Mane, L50|\n|poke|p1|Iron Bundle, L50|\n|poke|p2|Flutter Mane, L50|\n|poke|p2|Chi-Yu, L50|\n|poke|p2|Donphan, L50, M|\n|poke|p2|Gholdengo, L50|\n|poke|p2|Talonflame, L50, M|\n|poke|p2|Murkrow, L50, M|\n|teampreview|4\n|\n|t:|1683151171\n|start\n|switch|p1a: Chi-Yu|Chi-Yu, L50|100\/100\n|switch|p1b: Flutter Mane|Flutter Mane, L50|100\/100\n|switch|p2a: Murkrow|Murkrow, L50, M|100\/100\n|switch|p2b: Gholdengo|Gholdengo, L50|100\/100\n|-ability|p1a: Chi-Yu|Beads of Ruin\n|turn|1\n|inactive|Battle timer is ON: inactive players will automatically lose when time's up. (requested by Releaseme0000)\n|inactive|haha you rage quit has 60 seconds left.\n|\n|t:|1683151208\n|-end|p1b: Flutter Mane|Protosynthesis|[silent]\n|switch|p1b: Annihilape|Annihilape, L50, M|100\/100\n|-terastallize|p1a: Chi-Yu|Fire\n|move|p2b: Gholdengo|Protect|p2b: Gholdengo\n|-singleturn|p2b: Gholdengo|Protect\n|move|p2a: Murkrow|Tailwind|p2a: Murkrow\n|-sidestart|p2: haha you rage quit|move: Tailwind\n|move|p1a: Chi-Yu|Lava Plume|p2b: Gholdengo|[spread] p1b,p2a\n|-activate|p2b: Gholdengo|move: Protect\n|-damage|p1b: Annihilape|47\/100\n|-enditem|p2a: Murkrow|Focus Sash\n|-damage|p2a: Murkrow|1\/100\n|\n|upkeep\n|turn|2\n|inactive|haha you rage quit has 30 seconds left.\n|inactive|haha you rage quit has 20 seconds left.\n|inactive|haha you rage quit has 15 seconds left.\n|inactive|haha you rage quit has 10 seconds left.\n|\n|t:|1683151256\n|move|p1b: Annihilape|Protect|p1b: Annihilape\n|-singleturn|p1b: Annihilape|Protect\n|move|p2a: Murkrow|Foul Play|p2b: Gholdengo\n|-supereffective|p2b: Gholdengo\n|-damage|p2b: Gholdengo|66\/100\n|-enditem|p2b: Gholdengo|Weakness Policy\n|-boost|p2b: Gholdengo|atk|2|[from] item: Weakness Policy\n|-boost|p2b: Gholdengo|spa|2|[from] item: Weakness Policy\n|move|p2b: Gholdengo|Power Gem|p1a: Chi-Yu\n|-supereffective|p1a: Chi-Yu\n|-enditem|p1a: Chi-Yu|Focus Sash\n|-damage|p1a: Chi-Yu|1\/100\n|move|p1a: Chi-Yu|Lava Plume|p2b: Gholdengo|[spread] p2a,p2b\n|-activate|p1b: Annihilape|move: Protect\n|-supereffective|p2b: Gholdengo\n|-damage|p2a: Murkrow|0 fnt\n|-damage|p2b: Gholdengo|0 fnt\n|faint|p2a: Murkrow\n|faint|p2b: Gholdengo\n|\n|upkeep\n|\n|t:|1683151268\n|switch|p2a: Donphan|Donphan, L50, M|100\/100\n|switch|p2b: Flutter Mane|Flutter Mane, L50, shiny|100\/100\n|-enditem|p2b: Flutter Mane|Booster Energy\n|-activate|p2b: Flutter Mane|ability: Protosynthesis|[fromitem]\n|-start|p2b: Flutter Mane|protosynthesisspe\n|turn|3\n|inactive|Releaseme0000 has 30 seconds left.\n|\n|t:|1683151302\n|move|p1a: Chi-Yu|Protect|p1a: Chi-Yu\n|-singleturn|p1a: Chi-Yu|Protect\n|move|p1b: Annihilape|Protect|p1b: Annihilape\n|-singleturn|p1b: Annihilape|Protect\n|move|p2b: Flutter Mane|Dazzling Gleam|p1a: Chi-Yu|[spread] \n|-activate|p1a: Chi-Yu|move: Protect\n|-activate|p1b: Annihilape|move: Protect\n|move|p2a: Donphan|High Horsepower|p1b: Annihilape\n|-activate|p1b: Annihilape|move: Protect\n|\n|upkeep\n|turn|4\n|\n|t:|1683151318\n|move|p2b: Flutter Mane|Dazzling Gleam|p1b: Annihilape|[spread] p1a,p1b\n|-resisted|p1a: Chi-Yu\n|-supereffective|p1b: Annihilape\n|-damage|p1a: Chi-Yu|0 fnt\n|-damage|p1b: Annihilape|0 fnt\n|faint|p1a: Chi-Yu\n|faint|p1b: Annihilape\n|move|p2a: Donphan|High Horsepower|p1: Chi-Yu|[notarget]\n|-fail|p2a: Donphan\n|\n|-sideend|p2: haha you rage quit|move: Tailwind\n|upkeep\n|\n|t:|1683151322\n|switch|p1a: Iron Bundle|Iron Bundle, L50|100\/100\n|switch|p1b: Flutter Mane|Flutter Mane, L50|100\/100\n|turn|5\n|inactive|haha you rage quit has 30 seconds left.\n|inactive|haha you rage quit has 20 seconds left.\n|\n|t:|1683151359\n|-terastallize|p2a: Donphan|Steel\n|move|p2b: Flutter Mane|Protect|p2b: Flutter Mane\n|-singleturn|p2b: Flutter Mane|Protect\n|move|p1a: Iron Bundle|Icy Wind|p2b: Flutter Mane|[spread] p2a\n|-activate|p2b: Flutter Mane|move: Protect\n|-resisted|p2a: Donphan\n|-damage|p2a: Donphan|85\/100\n|-unboost|p2a: Donphan|spe|1\n|move|p1b: Flutter Mane|Dazzling Gleam|p2b: Flutter Mane|[spread] p2a\n|-activate|p2b: Flutter Mane|move: Protect\n|-resisted|p2a: Donphan\n|-damage|p2a: Donphan|48\/100\n|move|p2a: Donphan|High Horsepower|p1b: Flutter Mane\n|-damage|p1b: Flutter Mane|0 fnt\n|faint|p1b: Flutter Mane\n|-end|p1b: Flutter Mane|Protosynthesis|[silent]\n|\n|upkeep\n|turn|6\n|inactive|Releaseme0000 has 30 seconds left.\n|inactive|Releaseme0000 has 20 seconds left.\n|inactive|Releaseme0000 has 15 seconds left.\n|\n|t:|1683151400\n|move|p1a: Iron Bundle|Icy Wind|p2a: Donphan|[spread] p2a,p2b\n|-resisted|p2a: Donphan\n|-damage|p2a: Donphan|34\/100\n|-damage|p2b: Flutter Mane|78\/100\n|-unboost|p2a: Donphan|spe|1\n|-unboost|p2b: Flutter Mane|spe|1\n|move|p2b: Flutter Mane|Dazzling Gleam|p1a: Iron Bundle\n|-damage|p1a: Iron Bundle|15\/100\n|move|p2a: Donphan|High Horsepower|p1a: Iron Bundle\n|-damage|p1a: Iron Bundle|0 fnt\n|faint|p1a: Iron Bundle\n|-end|p1a: Iron Bundle|Quark Drive|[silent]\n|\n|win|haha you rage quit\n|raw|Releaseme0000's rating: 1273 → 1246<\/strong> (-27 for losing)\n|raw|haha you rage quit's rating: 1241 → 1268<\/strong> (+27 for winning)\n|l|\u2606Releaseme0000\n","uploadtime":1683151414,"views":5,"p1id":"releaseme0000","p2id":"hahayouragequit","formatid":"gen9vgc2023regulationc","rating":1246,"private":0,"password":""}