{"id":"gen9vgc2023regulationc-1849837238","p1":"LT.Sentury","p2":"zurneus","format":"[Gen 9] VGC 2023 Regulation C","log":"|j|\u2606LT.Sentury\n|j|\u2606zurneus\n|t:|1682258848\n|gametype|doubles\n|player|p1|LT.Sentury|101|\n|player|p2|zurneus|richboy-gen4|\n|teamsize|p1|6\n|teamsize|p2|6\n|gen|9\n|tier|[Gen 9] VGC 2023 Regulation C\n|rule|Species Clause: Limit one of each Pok\u00e9mon\n|rule|Item Clause: Limit one of each item\n|clearpoke\n|poke|p1|Garganacl, L50, F|\n|poke|p1|Arcanine, L50, F|\n|poke|p1|Roaring Moon, L50|\n|poke|p1|Iron Bundle, L50|\n|poke|p1|Ting-Lu, L50|\n|poke|p1|Amoonguss, L50, M|\n|poke|p2|Flutter Mane, L50|\n|poke|p2|Palafin, L50, M|\n|poke|p2|Amoonguss, L50, F|\n|poke|p2|Kingambit, L50, M|\n|poke|p2|Great Tusk, L50|\n|poke|p2|Chi-Yu, L50|\n|teampreview|4\nzurneus has agreed to open team sheets.\n|inactive|Battle timer is ON: inactive players will automatically lose when time's up. (requested by LT.Sentury)\nLT.Sentury has agreed to open team sheets.\n|inactive|LT.Sentury has 60 seconds left.\n|inactive|zurneus has 60 seconds left.\n|inactive|zurneus has 30 seconds left.\n|inactive|zurneus has 20 seconds left.\n|\n|t:|1682258922\n|start\n|switch|p1a: Iron Bundle|Iron Bundle, L50|100\/100\n|switch|p1b: Garganacl|Garganacl, L50, F|100\/100\n|switch|p2a: Kingambit|Kingambit, L50, M|100\/100\n|switch|p2b: Great Tusk|Great Tusk, L50|100\/100\n|turn|1\n|inactive|LT.Sentury has 30 seconds left.\n|inactive|zurneus has 30 seconds left.\n|inactive|zurneus has 20 seconds left.\n|\n|t:|1682258959\n|move|p1a: Iron Bundle|Protect|p1a: Iron Bundle\n|-singleturn|p1a: Iron Bundle|Protect\n|move|p1b: Garganacl|Protect|p1b: Garganacl\n|-singleturn|p1b: Garganacl|Protect\n|move|p2a: Kingambit|Sucker Punch||[still]\n|-fail|p2a: Kingambit\n|move|p2b: Great Tusk|Headlong Rush|p1a: Iron Bundle\n|-activate|p1a: Iron Bundle|move: Protect\n|\n|upkeep\n|turn|2\n|inactive|LT.Sentury has 30 seconds left.\n|inactive|zurneus has 30 seconds left.\n|\n|t:|1682258991\n|-terastallize|p1b: Garganacl|Ghost\n|move|p2b: Great Tusk|Headlong Rush|p1b: Garganacl\n|-damage|p1b: Garganacl|54\/100\n|-unboost|p2b: Great Tusk|def|1\n|-unboost|p2b: Great Tusk|spd|1\n|move|p1a: Iron Bundle|Encore|p2a: Kingambit\n|-start|p2a: Kingambit|Encore\n|move|p2a: Kingambit|Sucker Punch||[still]\n|-fail|p2a: Kingambit\n|move|p1b: Garganacl|Salt Cure|p2a: Kingambit\n|-resisted|p2a: Kingambit\n|-crit|p2a: Kingambit\n|-damage|p2a: Kingambit|92\/100\n|-start|p2a: Kingambit|Salt Cure\n|\n|-heal|p1b: Garganacl|60\/100|[from] item: Leftovers\n|-damage|p2a: Kingambit|67\/100|[from] Salt Cure\n|upkeep\n|turn|3\n|inactive|LT.Sentury has 30 seconds left.\n|inactive|zurneus has 30 seconds left.\n|inactive|LT.Sentury has 20 seconds left.\n|inactive|LT.Sentury has 15 seconds left.\n|inactive|LT.Sentury has 10 seconds left.\n|\n|t:|1682259039\n|-end|p2b: Great Tusk|Protosynthesis|[silent]\n|switch|p2b: Moongus|Amoonguss, L50, F|100\/100\n|switch|p2a: Palafin|Palafin, L50, M|100\/100\n|move|p1a: Iron Bundle|Protect|p1a: Iron Bundle\n|-singleturn|p1a: Iron Bundle|Protect\n|move|p1b: Garganacl|Recover|p1b: Garganacl\n|-heal|p1b: Garganacl|100\/100\n|\n|upkeep\n|turn|4\n|inactive|LT.Sentury has 30 seconds left.\n|inactive|LT.Sentury has 20 seconds left.\n|\n|t:|1682259075\n|detailschange|p2a: Palafin|Palafin-Hero, L50, M\n|switch|p2a: Kingambit|Kingambit, L50, M|67\/100\n|move|p1a: Iron Bundle|Freeze-Dry|p2a: Kingambit\n|-resisted|p2a: Kingambit\n|-damage|p2a: Kingambit|55\/100\n|move|p1b: Garganacl|Stealth Rock|p2b: Moongus\n|-sidestart|p2: zurneus|move: Stealth Rock\n|move|p2b: Moongus|Pollen Puff|p2a: Kingambit\n|-heal|p2a: Kingambit|100\/100\n|\n|upkeep\n|turn|5\n|inactive|zurneus has 30 seconds left.\n|\n|t:|1682259104\n|move|p1b: Garganacl|Protect|p1b: Garganacl\n|-singleturn|p1b: Garganacl|Protect\n|move|p1a: Iron Bundle|Encore|p2b: Moongus\n|-start|p2b: Moongus|Encore\n|move|p2a: Kingambit|Kowtow Cleave|p1b: Garganacl\n|-activate|p1b: Garganacl|move: Protect\n|move|p2b: Moongus|Pollen Puff|p1b: Garganacl\n|-activate|p1b: Garganacl|move: Protect\n|\n|upkeep\n|turn|6\n|inactive|zurneus has 30 seconds left.\n|inactive|zurneus has 20 seconds left.\n|\n|t:|1682259141\n|switch|p1b: Roaring Moon|Roaring Moon, L50|100\/100\n|-enditem|p1b: Roaring Moon|Booster Energy\n|-activate|p1b: Roaring Moon|ability: Protosynthesis|[fromitem]\n|-start|p1b: Roaring Moon|protosynthesisatk\n|move|p1a: Iron Bundle|Freeze-Dry|p2b: Moongus\n|-supereffective|p2b: Moongus\n|-damage|p2b: Moongus|40\/100\n|-enditem|p2b: Moongus|Sitrus Berry|[eat]\n|-heal|p2b: Moongus|65\/100|[from] item: Sitrus Berry\n|move|p2a: Kingambit|Kowtow Cleave|p1a: Iron Bundle\n|-damage|p1a: Iron Bundle|42\/100\n|move|p2b: Moongus|Pollen Puff|p1a: Iron Bundle\n|-damage|p1a: Iron Bundle|7\/100\n|\n|upkeep\n|turn|7\n|inactive|LT.Sentury has 30 seconds left.\n|inactive|zurneus has 30 seconds left.\n|inactive|zurneus has 20 seconds left.\n|inactive|zurneus has 15 seconds left.\n|inactive|zurneus has 10 seconds left.\n|\n|t:|1682259188\n|switch|p2b: Palafin|Palafin-Hero, L50, M|100\/100\n|-damage|p2b: Palafin|88\/100|[from] Stealth Rock\n|-activate|p2b: Palafin|ability: Zero to Hero\n|move|p2a: Kingambit|Sucker Punch||[still]\n|-fail|p2a: Kingambit\n|move|p1a: Iron Bundle|Encore|p2a: Kingambit\n|-start|p2a: Kingambit|Encore\n|move|p1b: Roaring Moon|Acrobatics|p2b: Palafin\n|-damage|p2b: Palafin|33\/100\n|\n|upkeep\n|turn|8\n|inactive|LT.Sentury has 30 seconds left.\n|inactive|zurneus has 30 seconds left.\n|inactive|LT.Sentury has 20 seconds left.\n|\n|t:|1682259226\n|switch|p2a: Moongus|Amoonguss, L50, F|98\/100\n|-damage|p2a: Moongus|85\/100|[from] Stealth Rock\n|move|p2b: Palafin|Jet Punch|p1a: Iron Bundle\n|-resisted|p1a: Iron Bundle\n|-damage|p1a: Iron Bundle|0 fnt\n|faint|p1a: Iron Bundle\n|-end|p1a: Iron Bundle|Quark Drive|[silent]\n|move|p1b: Roaring Moon|Tailwind|p1b: Roaring Moon\n|-sidestart|p1: LT.Sentury|move: Tailwind\n|\n|upkeep\n|\n|t:|1682259238\n|switch|p1a: Garganacl|Garganacl, L50, F, tera:Ghost|100\/100\n|turn|9\n|inactive|zurneus has 30 seconds left.\n|inactive|zurneus has 20 seconds left.\n|inactive|zurneus has 15 seconds left.\n|\n|t:|1682259278\n|-terastallize|p2a: Moongus|Water\n|move|p2b: Palafin|Protect|p2b: Palafin\n|-singleturn|p2b: Palafin|Protect\n|move|p1b: Roaring Moon|Acrobatics|p2a: Moongus\n|-damage|p2a: Moongus|40\/100\n|move|p1a: Garganacl|Salt Cure|p2b: Palafin\n|-activate|p2b: Palafin|move: Protect\n|move|p2a: Moongus|Spore|p1b: Roaring Moon\n|-status|p1b: Roaring Moon|slp|[from] move: Spore\n|\n|upkeep\n|turn|10\n|inactive|LT.Sentury has 30 seconds left.\n|\n|t:|1682259307\n|cant|p1b: Roaring Moon|slp\n|move|p2b: Palafin|Jet Punch|p1b: Roaring Moon\n|-resisted|p1b: Roaring Moon\n|-damage|p1b: Roaring Moon|78\/100 slp\n|move|p1a: Garganacl|Salt Cure|p2a: Moongus\n|-damage|p2a: Moongus|27\/100\n|-start|p2a: Moongus|Salt Cure\n|move|p2a: Moongus|Pollen Puff|p2b: Palafin\n|-heal|p2b: Palafin|83\/100\n|\n|-damage|p2a: Moongus|2\/100|[from] Salt Cure\n|upkeep\n|turn|11\n|inactive|zurneus has 30 seconds left.\n|\n|t:|1682259333\n|switch|p2a: Kingambit|Kingambit, L50, M|100\/100\n|-damage|p2a: Kingambit|94\/100|[from] Stealth Rock\n|-curestatus|p1b: Roaring Moon|slp|[msg]\n|move|p1b: Roaring Moon|Acrobatics|p2b: Palafin\n|-damage|p2b: Palafin|35\/100\n|move|p2b: Palafin|Wave Crash|p1b: Roaring Moon\n|-resisted|p1b: Roaring Moon\n|-damage|p1b: Roaring Moon|37\/100\n|-damage|p2b: Palafin|21\/100|[from] Recoil\n|move|p1a: Garganacl|Salt Cure|p2b: Palafin\n|-damage|p2b: Palafin|8\/100\n|-start|p2b: Palafin|Salt Cure\n|\n|-damage|p2b: Palafin|0 fnt|[from] Salt Cure\n|faint|p2b: Palafin\n|-sideend|p1: LT.Sentury|move: Tailwind\n|upkeep\n|\n|t:|1682259350\n|switch|p2b: Great Tusk|Great Tusk, L50|100\/100\n|-damage|p2b: Great Tusk|98\/100|[from] Stealth Rock\n|turn|12\n|\n|t:|1682259374\n|move|p1b: Roaring Moon|Protect|p1b: Roaring Moon\n|-singleturn|p1b: Roaring Moon|Protect\n|move|p2b: Great Tusk|Close Combat|p1b: Roaring Moon\n|-activate|p1b: Roaring Moon|move: Protect\n|move|p2a: Kingambit|Kowtow Cleave|p1a: Garganacl\n|-supereffective|p1a: Garganacl\n|-damage|p1a: Garganacl|40\/100\n|move|p1a: Garganacl|Salt Cure|p2a: Kingambit\n|-resisted|p2a: Kingambit\n|-damage|p2a: Kingambit|90\/100\n|-start|p2a: Kingambit|Salt Cure\n|\n|-heal|p1a: Garganacl|45\/100|[from] item: Leftovers\n|-damage|p2a: Kingambit|65\/100|[from] Salt Cure\n|upkeep\n|turn|13\n|inactive|LT.Sentury has 30 seconds left.\n|inactive|LT.Sentury has 20 seconds left.\n|inactive|LT.Sentury has 15 seconds left.\n|inactive|LT.Sentury has 10 seconds left.\n|inactive|LT.Sentury has 5 seconds left.\n|\n|t:|1682259426\n|move|p2b: Great Tusk|Close Combat|p1b: Roaring Moon\n|-supereffective|p1b: Roaring Moon\n|-damage|p1b: Roaring Moon|0 fnt\n|-unboost|p2b: Great Tusk|def|1\n|-unboost|p2b: Great Tusk|spd|1\n|faint|p1b: Roaring Moon\n|-end|p1b: Roaring Moon|Protosynthesis|[silent]\n|move|p2a: Kingambit|Kowtow Cleave|p1a: Garganacl\n|-supereffective|p1a: Garganacl\n|-damage|p1a: Garganacl|0 fnt\n|faint|p1a: Garganacl\n|\n|-damage|p2a: Kingambit|40\/100|[from] Salt Cure\n|upkeep\n|\n|t:|1682259440\n|switch|p1a: Ting-Lu|Ting-Lu, L50|100\/100\n|-ability|p1a: Ting-Lu|Vessel of Ruin\n|turn|14\n|inactive|LT.Sentury has 30 seconds left.\n|inactive|zurneus has 30 seconds left.\n|\n|t:|1682259460\n|move|p2b: Great Tusk|Close Combat|p1a: Ting-Lu\n|-supereffective|p1a: Ting-Lu\n|-damage|p1a: Ting-Lu|15\/100\n|-unboost|p2b: Great Tusk|def|1\n|-unboost|p2b: Great Tusk|spd|1\n|move|p2a: Kingambit|Iron Head|p1a: Ting-Lu\n|-damage|p1a: Ting-Lu|0 fnt\n|faint|p1a: Ting-Lu\n|\n|win|zurneus\n|inactive|LT.Sentury has 25 seconds left this turn.\n|inactive|zurneus has 30 seconds left this turn.\n","uploadtime":1682260099,"views":10,"p1id":"ltsentury","p2id":"zurneus","formatid":"gen9vgc2023regulationc","rating":0,"private":0,"password":""}