{"id":"gen9vgc2023regulationc-1860325763","p1":"h6016701","p2":"postman7534216","format":"[Gen 9] VGC 2023 Regulation C","log":"|j|\u2606h6016701\n|j|\u2606postman7534216\n|t:|1683633093\n|gametype|doubles\n|player|p1|h6016701|265|\n|player|p2|postman7534216|blackbelt-gen4dp|\n|teamsize|p1|6\n|teamsize|p2|6\n|gen|9\n|tier|[Gen 9] VGC 2023 Regulation C\n|rule|Species Clause: Limit one of each Pok\u00e9mon\n|rule|Item Clause: Limit one of each item\n|clearpoke\n|poke|p1|Tyranitar, L50, M|\n|poke|p1|Glimmora, L50, F|\n|poke|p1|Hatterene, L50, F|\n|poke|p1|Amoonguss, L50, M|\n|poke|p1|Iron Bundle, L50|\n|poke|p1|Wo-Chien, L50|\n|poke|p2|Gholdengo, L50|\n|poke|p2|Dudunsparce-*, L50, M|\n|poke|p2|Garganacl, L50, F|\n|poke|p2|Wo-Chien, L50|\n|poke|p2|Flutter Mane, L50|\n|poke|p2|Glimmora, L50, F|\n|teampreview|4\n|\n|t:|1683633149\n|start\n|switch|p1a: Glimmora|Glimmora, L50, F|100\/100\n|switch|p1b: Iron Bundle|Iron Bundle, L50|100\/100\n|switch|p2a: Glimmora|Glimmora, L50, F|100\/100\n|switch|p2b: Gholdengo|Gholdengo, L50|100\/100\n|turn|1\n|\n|t:|1683633189\n|move|p1a: Glimmora|Ancient Power|p2a: Glimmora\n|-damage|p2a: Glimmora|70\/100\n|move|p1b: Iron Bundle|Fling|p2b: Gholdengo\n|-supereffective|p2b: Gholdengo\n|-damage|p2b: Gholdengo|87\/100\n|-status|p2b: Gholdengo|brn\n|-enditem|p1b: Iron Bundle|Flame Orb|[from] move: Fling\n|move|p2b: Gholdengo|Make It Rain|p1b: Iron Bundle|[spread] p1a,p1b\n|-supereffective|p1a: Glimmora\n|-damage|p1a: Glimmora|0 fnt\n|-damage|p1b: Iron Bundle|10\/100\n|-unboost|p2b: Gholdengo|spa|1\n|faint|p1a: Glimmora\n|move|p2a: Glimmora|Earth Power|p1b: Iron Bundle\n|-damage|p1b: Iron Bundle|0 fnt\n|faint|p1b: Iron Bundle\n|-end|p1b: Iron Bundle|Quark Drive|[silent]\n|\n|-heal|p2a: Glimmora|76\/100|[from] item: Black Sludge\n|-damage|p2b: Gholdengo|81\/100 brn|[from] brn\n|upkeep\n|\n|t:|1683633208\n|switch|p1b: Amoonguss|Amoonguss, L50, M|100\/100\n|switch|p1a: Wo-Chien|Wo-Chien, L50|100\/100\n|-ability|p1a: Wo-Chien|Tablets of Ruin\n|turn|2\n|\n|t:|1683633247\n|move|p2b: Gholdengo|Hex|p1b: Amoonguss\n|-damage|p1b: Amoonguss|77\/100\n|move|p2a: Glimmora|Mortal Spin|p1a: Wo-Chien|[spread] p1a,p1b\n|-supereffective|p1a: Wo-Chien\n|-damage|p1a: Wo-Chien|91\/100\n|-damage|p1b: Amoonguss|73\/100\n|-status|p1a: Wo-Chien|psn\n|-status|p2a: Glimmora|slp|[from] ability: Effect Spore|[of] p1b: Amoonguss\n|move|p1a: Wo-Chien|Hex|p2b: Gholdengo\n|-supereffective|p2b: Gholdengo\n|-damage|p2b: Gholdengo|17\/100 brn\n|move|p1b: Amoonguss|Giga Drain|p2a: Glimmora\n|-damage|p2a: Glimmora|50\/100 slp\n|-heal|p1b: Amoonguss|83\/100|[from] drain|[of] p2a: Glimmora\n|\n|-heal|p2a: Glimmora|56\/100 slp|[from] item: Black Sludge\n|-heal|p1a: Wo-Chien|97\/100 psn|[from] item: Leftovers\n|-heal|p1b: Amoonguss|89\/100|[from] item: Black Sludge\n|-damage|p1a: Wo-Chien|85\/100 psn|[from] psn\n|-damage|p2b: Gholdengo|11\/100 brn|[from] brn\n|upkeep\n|turn|3\n|\n|t:|1683633301\n|move|p2b: Gholdengo|Hex|p1a: Wo-Chien\n|-resisted|p1a: Wo-Chien\n|-damage|p1a: Wo-Chien|68\/100 psn\n|cant|p2a: Glimmora|slp\n|move|p1a: Wo-Chien|Knock Off|p2b: Gholdengo\n|-supereffective|p2b: Gholdengo\n|-crit|p2b: Gholdengo\n|-damage|p2b: Gholdengo|0 fnt\n|-enditem|p2b: Gholdengo|Wise Glasses|[from] move: Knock Off|[of] p1a: Wo-Chien\n|faint|p2b: Gholdengo\n|move|p1b: Amoonguss|Giga Drain|p2a: Glimmora\n|-damage|p2a: Glimmora|27\/100 slp\n|-heal|p1b: Amoonguss|99\/100|[from] drain|[of] p2a: Glimmora\n|\n|-heal|p2a: Glimmora|33\/100 slp|[from] item: Black Sludge\n|-heal|p1a: Wo-Chien|74\/100 psn|[from] item: Leftovers\n|-heal|p1b: Amoonguss|100\/100|[from] item: Black Sludge\n|-damage|p1a: Wo-Chien|61\/100 psn|[from] psn\n|upkeep\n|\n|t:|1683633323\n|switch|p2b: Dudunsparce|Dudunsparce-Three-Segment, L50, M|100\/100\n|turn|4\n|\n|t:|1683633344\n|move|p2b: Dudunsparce|Rock Slide|p1b: Amoonguss|[spread] p1a,p1b\n|-damage|p1a: Wo-Chien|52\/100 psn\n|-damage|p1b: Amoonguss|91\/100\n|cant|p2a: Glimmora|slp\n|move|p1a: Wo-Chien|Giga Drain|p2a: Glimmora\n|-damage|p2a: Glimmora|6\/100 slp\n|-heal|p1a: Wo-Chien|64\/100 psn|[from] drain|[of] p2a: Glimmora\n|move|p1b: Amoonguss|Pollen Puff|p1a: Wo-Chien\n|-heal|p1a: Wo-Chien|100\/100 psn\n|\n|-heal|p2a: Glimmora|12\/100 slp|[from] item: Black Sludge\n|-heal|p1b: Amoonguss|97\/100|[from] item: Black Sludge\n|-damage|p1a: Wo-Chien|88\/100 psn|[from] psn\n|upkeep\n|turn|5\n|\n|t:|1683633370\n|move|p2b: Dudunsparce|Rock Slide|p1a: Wo-Chien|[spread] p1a,p1b\n|-damage|p1a: Wo-Chien|78\/100 psn\n|-damage|p1b: Amoonguss|90\/100\n|-curestatus|p2a: Glimmora|slp|[msg]\n|move|p2a: Glimmora|Mortal Spin|p1b: Amoonguss|[spread] p1a,p1b\n|-supereffective|p1a: Wo-Chien\n|-damage|p1a: Wo-Chien|69\/100 psn\n|-damage|p1b: Amoonguss|85\/100\n|-status|p2a: Glimmora|slp|[from] ability: Effect Spore|[of] p1b: Amoonguss\n|cant|p1a: Wo-Chien|flinch\n|cant|p1b: Amoonguss|flinch\n|\n|-heal|p2a: Glimmora|18\/100 slp|[from] item: Black Sludge\n|-heal|p1a: Wo-Chien|75\/100 psn|[from] item: Leftovers\n|-heal|p1b: Amoonguss|91\/100|[from] item: Black Sludge\n|-damage|p1a: Wo-Chien|62\/100 psn|[from] psn\n|upkeep\n|turn|6\n|\n|t:|1683633404\n|move|p2b: Dudunsparce|Rock Slide|p1a: Wo-Chien|[spread] p1a,p1b\n|-damage|p1a: Wo-Chien|54\/100 psn\n|-damage|p1b: Amoonguss|82\/100\n|cant|p2a: Glimmora|slp\n|cant|p1a: Wo-Chien|flinch\n|cant|p1b: Amoonguss|flinch\n|\n|-heal|p2a: Glimmora|24\/100 slp|[from] item: Black Sludge\n|-heal|p1a: Wo-Chien|60\/100 psn|[from] item: Leftovers\n|-heal|p1b: Amoonguss|88\/100|[from] item: Black Sludge\n|-damage|p1a: Wo-Chien|47\/100 psn|[from] psn\n|upkeep\n|turn|7\n|\n|t:|1683633421\n|move|p2b: Dudunsparce|Rock Slide|p1a: Wo-Chien|[spread] p1a,p1b\n|-damage|p1a: Wo-Chien|39\/100 psn\n|-damage|p1b: Amoonguss|80\/100\n|-curestatus|p2a: Glimmora|slp|[msg]\n|move|p2a: Glimmora|Dazzling Gleam|p1b: Amoonguss|[spread] p1a,p1b\n|-supereffective|p1a: Wo-Chien\n|-resisted|p1b: Amoonguss\n|-damage|p1a: Wo-Chien|14\/100 psn\n|-damage|p1b: Amoonguss|71\/100\n|cant|p1a: Wo-Chien|flinch\n|move|p1b: Amoonguss|Giga Drain|p2a: Glimmora\n|-damage|p2a: Glimmora|0 fnt\n|-heal|p1b: Amoonguss|80\/100|[from] drain|[of] p2a: Glimmora\n|faint|p2a: Glimmora\n|\n|-heal|p1a: Wo-Chien|20\/100 psn|[from] item: Leftovers\n|-heal|p1b: Amoonguss|86\/100|[from] item: Black Sludge\n|-damage|p1a: Wo-Chien|8\/100 psn|[from] psn\n|upkeep\n|\n|t:|1683633437\n|switch|p2a: Wo-Chien|Wo-Chien, L50|100\/100\n|-ability|p2a: Wo-Chien|Tablets of Ruin\n|turn|8\n|\n|t:|1683633454\n|move|p2b: Dudunsparce|Rock Slide|p1b: Amoonguss|[spread] p1a,p1b\n|-crit|p1a: Wo-Chien\n|-damage|p1a: Wo-Chien|0 fnt\n|-damage|p1b: Amoonguss|78\/100\n|faint|p1a: Wo-Chien\n|move|p2a: Wo-Chien|Snarl|p1b: Amoonguss\n|-damage|p1b: Amoonguss|56\/100\n|-unboost|p1b: Amoonguss|spa|1\n|move|p1b: Amoonguss|Pollen Puff|p2a: Wo-Chien\n|-supereffective|p2a: Wo-Chien\n|-crit|p2a: Wo-Chien\n|-damage|p2a: Wo-Chien|48\/100\n|\n|-heal|p1b: Amoonguss|62\/100|[from] item: Black Sludge\n|upkeep\n|turn|9\n|\n|t:|1683633481\n|-terastallize|p2a: Wo-Chien|Water\n|move|p2b: Dudunsparce|Rock Slide|p1b: Amoonguss\n|-damage|p1b: Amoonguss|51\/100\n|move|p2a: Wo-Chien|Giga Drain|p1b: Amoonguss\n|-resisted|p1b: Amoonguss\n|-damage|p1b: Amoonguss|44\/100\n|-heal|p2a: Wo-Chien|53\/100|[from] drain|[of] p1b: Amoonguss\n|cant|p1b: Amoonguss|flinch\n|\n|-heal|p1b: Amoonguss|50\/100|[from] item: Black Sludge\n|upkeep\n|turn|10\n|\n|t:|1683633502\n|move|p2b: Dudunsparce|Rock Slide|p1b: Amoonguss\n|-damage|p1b: Amoonguss|38\/100\n|move|p2a: Wo-Chien|Giga Drain|p1b: Amoonguss\n|-resisted|p1b: Amoonguss\n|-damage|p1b: Amoonguss|30\/100\n|-heal|p2a: Wo-Chien|58\/100|[from] drain|[of] p1b: Amoonguss\n|cant|p1b: Amoonguss|flinch\n|\n|-heal|p1b: Amoonguss|36\/100|[from] item: Black Sludge\n|upkeep\n|turn|11\n|\n|t:|1683633517\n|move|p2b: Dudunsparce|Rock Slide|p1b: Amoonguss\n|-damage|p1b: Amoonguss|25\/100\n|move|p2a: Wo-Chien|Giga Drain|p1b: Amoonguss\n|-resisted|p1b: Amoonguss\n|-damage|p1b: Amoonguss|18\/100\n|-heal|p2a: Wo-Chien|62\/100|[from] drain|[of] p1b: Amoonguss\n|move|p1b: Amoonguss|Leaf Storm|p2a: Wo-Chien\n|-supereffective|p2a: Wo-Chien\n|-damage|p2a: Wo-Chien|37\/100\n|-unboost|p1b: Amoonguss|spa|2\n|\n|-heal|p1b: Amoonguss|24\/100|[from] item: Black Sludge\n|upkeep\n|turn|12\n|\n|t:|1683633532\n|move|p2b: Dudunsparce|Rock Slide|p1b: Amoonguss\n|-damage|p1b: Amoonguss|13\/100\n|move|p2a: Wo-Chien|Giga Drain|p1b: Amoonguss\n|-resisted|p1b: Amoonguss\n|-damage|p1b: Amoonguss|5\/100\n|-heal|p2a: Wo-Chien|42\/100|[from] drain|[of] p1b: Amoonguss\n|cant|p1b: Amoonguss|flinch\n|\n|-heal|p1b: Amoonguss|11\/100|[from] item: Black Sludge\n|upkeep\n|turn|13\n|\n|t:|1683633551\n|move|p2b: Dudunsparce|Dragon Rush|p1b: Amoonguss\n|-damage|p1b: Amoonguss|0 fnt\n|faint|p1b: Amoonguss\n|\n|win|postman7534216\n|l|\u2606h6016701\n","uploadtime":1683633565,"views":17,"p1id":"h6016701","p2id":"postman7534216","formatid":"gen9vgc2023regulationc","rating":0,"private":0,"password":""}