{"id":"gen9vgc2023regulationc-1855688950","p1":"Mdcvgc8","p2":"ClessCL","format":"[Gen 9] VGC 2023 Regulation C","log":"|j|\u2606Mdcvgc8\n|j|\u2606ClessCL\n|t:|1682973441\n|gametype|doubles\n|player|p1|Mdcvgc8|blackbelt-gen4dp|1575\n|player|p2|ClessCL|lance|1549\n|teamsize|p1|6\n|teamsize|p2|6\n|gen|9\n|tier|[Gen 9] VGC 2023 Regulation C\n|rated|\n|rule|Species Clause: Limit one of each Pok\u00e9mon\n|rule|Item Clause: Limit one of each item\n|clearpoke\n|poke|p1|Tyranitar, L50, M|\n|poke|p1|Klefki, L50, M|\n|poke|p1|Annihilape, L50, M|\n|poke|p1|Gastrodon-East, L50, M|\n|poke|p1|Dragonite, L50, M|\n|poke|p1|Rotom-Heat, L50|\n|poke|p2|Gyarados, L50, M|\n|poke|p2|Iron Moth, L50|\n|poke|p2|Tinkaton, L50, F|\n|poke|p2|Murkrow, L50, M|\n|poke|p2|Flutter Mane, L50|\n|poke|p2|Wo-Chien, L50|\n|teampreview|4\n|inactive|Battle timer is ON: inactive players will automatically lose when time's up. (requested by ClessCL)\n|\n|t:|1682973460\n|start\n|switch|p1a: Klefki|Klefki, L50, M|100\/100\n|switch|p1b: Tyranitar|Tyranitar, L50, M|100\/100\n|switch|p2a: Tinkaton|Tinkaton, L50, F|100\/100\n|switch|p2b: Iron Moth|Iron Moth, L50|100\/100\n|-ability|p2a: Tinkaton|Mold Breaker\n|-weather|Sandstorm|[from] ability: Sand Stream|[of] p1b: Tyranitar\n|turn|1\n|\n|t:|1682973473\n|-terastallize|p2b: Iron Moth|Grass\n|move|p1b: Tyranitar|Protect|p1b: Tyranitar\n|-singleturn|p1b: Tyranitar|Protect\n|move|p2a: Tinkaton|Fake Out|p1a: Klefki\n|-resisted|p1a: Klefki\n|-damage|p1a: Klefki|97\/100\n|cant|p1a: Klefki|flinch\n|move|p2b: Iron Moth|Heat Wave|p1b: Tyranitar|[spread] p1a\n|-activate|p1b: Tyranitar|move: Protect\n|-supereffective|p1a: Klefki\n|-damage|p1a: Klefki|0 fnt\n|faint|p1a: Klefki\n|-damage|p2b: Iron Moth|91\/100|[from] item: Life Orb\n|\n|-weather|Sandstorm|[upkeep]\n|-damage|p2b: Iron Moth|85\/100|[from] Sandstorm\n|upkeep\n|\n|t:|1682973495\n|switch|p1a: Annihilape|Annihilape, L50, M|100\/100\n|turn|2\n|\n|t:|1682973519\n|-terastallize|p1a: Annihilape|Fire\n|move|p2b: Iron Moth|Heat Wave|p1a: Annihilape|[spread] p1a\n|-miss|p2b: Iron Moth|p1b: Tyranitar\n|-resisted|p1a: Annihilape\n|-damage|p1a: Annihilape|83\/100\n|-damage|p2b: Iron Moth|76\/100|[from] item: Life Orb\n|move|p2a: Tinkaton|Gigaton Hammer|p1b: Tyranitar\n|-supereffective|p1b: Tyranitar\n|-damage|p1b: Tyranitar|39\/100\n|-enditem|p1b: Tyranitar|Weakness Policy\n|-boost|p1b: Tyranitar|atk|2|[from] item: Weakness Policy\n|-boost|p1b: Tyranitar|spa|2|[from] item: Weakness Policy\n|move|p1a: Annihilape|Bulk Up|p1a: Annihilape\n|-boost|p1a: Annihilape|atk|1\n|-boost|p1a: Annihilape|def|1\n|move|p1b: Tyranitar|Rock Slide|p2b: Iron Moth|[spread] p2a,p2b\n|-resisted|p2a: Tinkaton\n|-damage|p2a: Tinkaton|73\/100\n|-damage|p2b: Iron Moth|0 fnt\n|faint|p2b: Iron Moth\n|-end|p2b: Iron Moth|Quark Drive|[silent]\n|\n|-weather|Sandstorm|[upkeep]\n|-damage|p1a: Annihilape|77\/100|[from] Sandstorm\n|-heal|p1a: Annihilape|83\/100|[from] item: Leftovers\n|upkeep\n|\n|t:|1682973543\n|switch|p2b: Flutter Mane|Flutter Mane, L50|100\/100\n|-enditem|p2b: Flutter Mane|Booster Energy\n|-activate|p2b: Flutter Mane|ability: Protosynthesis|[fromitem]\n|-start|p2b: Flutter Mane|protosynthesisspa\n|turn|3\n|\n|t:|1682973549\n|move|p1b: Tyranitar|Protect|p1b: Tyranitar\n|-singleturn|p1b: Tyranitar|Protect\n|move|p2b: Flutter Mane|Dazzling Gleam|p1b: Tyranitar|[spread] p1a\n|-activate|p1b: Tyranitar|move: Protect\n|-resisted|p1a: Annihilape\n|-damage|p1a: Annihilape|68\/100\n|move|p2a: Tinkaton|Encore|p1a: Annihilape\n|-start|p1a: Annihilape|Encore\n|move|p1a: Annihilape|Bulk Up|p1a: Annihilape\n|-boost|p1a: Annihilape|atk|1\n|-boost|p1a: Annihilape|def|1\n|\n|-weather|Sandstorm|[upkeep]\n|-damage|p2b: Flutter Mane|94\/100|[from] Sandstorm\n|-damage|p1a: Annihilape|62\/100|[from] Sandstorm\n|-heal|p1a: Annihilape|68\/100|[from] item: Leftovers\n|upkeep\n|turn|4\n|inactive|Mdcvgc8 has 30 seconds left.\n|\n|t:|1682973578\n|move|p2b: Flutter Mane|Shadow Ball|p1a: Annihilape\n|-damage|p1a: Annihilape|26\/100\n|move|p2a: Tinkaton|Gigaton Hammer|p1b: Tyranitar\n|-supereffective|p1b: Tyranitar\n|-damage|p1b: Tyranitar|0 fnt\n|faint|p1b: Tyranitar\n|move|p1a: Annihilape|Bulk Up|p1a: Annihilape\n|-boost|p1a: Annihilape|atk|1\n|-boost|p1a: Annihilape|def|1\n|\n|-weather|Sandstorm|[upkeep]\n|-damage|p2b: Flutter Mane|88\/100|[from] Sandstorm\n|-damage|p1a: Annihilape|20\/100|[from] Sandstorm\n|-heal|p1a: Annihilape|26\/100|[from] item: Leftovers\n|upkeep\n|\n|t:|1682973592\n|switch|p1b: Dragonite|Dragonite, L50, M|100\/100\n|turn|5\n|\n|t:|1682973600\n|move|p2b: Flutter Mane|Shadow Ball|p1a: Annihilape\n|-damage|p1a: Annihilape|0 fnt\n|faint|p1a: Annihilape\n|move|p2a: Tinkaton|Thunder Wave|p1b: Dragonite\n|-status|p1b: Dragonite|par\n|cant|p1b: Dragonite|par\n|\n|-weather|none\n|upkeep\n|turn|6\n|c|\u2606Mdcvgc8|F u\n|\n|t:|1682973617\n|move|p2b: Flutter Mane|Dazzling Gleam|p1b: Dragonite\n|-supereffective|p1b: Dragonite\n|-damage|p1b: Dragonite|7\/100 par\n|move|p2a: Tinkaton|Gigaton Hammer|p1b: Dragonite\n|-crit|p1b: Dragonite\n|-damage|p1b: Dragonite|0 fnt\n|faint|p1b: Dragonite\n|\n|win|ClessCL\n|raw|Mdcvgc8's rating: 1575 → 1554<\/strong> (-21 for losing)\n|raw|ClessCL's rating: 1549 → 1570<\/strong> (+21 for winning)\n|c|\u2606ClessCL|<3\n","uploadtime":1682973629,"views":14,"p1id":"mdcvgc8","p2id":"clesscl","formatid":"gen9vgc2023regulationc","rating":1554,"private":0,"password":""}