{"id":"gen9vgc2023regulationc-1860326202","p1":"Aigashu-15","p2":"luisleos","format":"[Gen 9] VGC 2023 Regulation C","log":"|j|\u2606Aigashu-15\n|j|\u2606luisleos\n|t:|1683633151\n|gametype|doubles\n|player|p1|Aigashu-15|170|1119\n|player|p2|luisleos|265|1050\n|teamsize|p1|6\n|teamsize|p2|6\n|gen|9\n|tier|[Gen 9] VGC 2023 Regulation C\n|rated|\n|rule|Species Clause: Limit one of each Pok\u00e9mon\n|rule|Item Clause: Limit one of each item\n|clearpoke\n|poke|p1|Arboliva, L50, M|\n|poke|p1|Iron Hands, L50|\n|poke|p1|Farigiraf, L50, M|\n|poke|p1|Ceruledge, L50, M|\n|poke|p1|Corviknight, L50, M|\n|poke|p1|Palafin, L50, F|\n|poke|p2|Electrode, L50|\n|poke|p2|Gardevoir, L50, F|\n|poke|p2|Farigiraf, L50, M|\n|poke|p2|Ceruledge, L50, M|\n|poke|p2|Iron Hands, L50|\n|poke|p2|Torkoal, L50, M|\n|teampreview|4\n|\n|t:|1683633172\n|start\n|switch|p1a: KenobiDos|Corviknight, L50, M|100\/100\n|switch|p1b: Palafin|Palafin, L50, F|100\/100\n|switch|p2a: Gardevoir|Gardevoir, L50, F, shiny|100\/100\n|switch|p2b: Electrode|Electrode, L50, shiny|100\/100\n|turn|1\n|\n|t:|1683633199\n|move|p2a: Gardevoir|Helping Hand|p2b: Electrode\n|-singleturn|p2b: Electrode|Helping Hand|[of] p2a: Gardevoir\n|move|p2b: Electrode|Explosion|p1b: Palafin|[spread] p1a,p1b\n|-activate|p2a: Gardevoir|ability: Telepathy\n|-resisted|p1a: KenobiDos\n|-damage|p1a: KenobiDos|63\/100\n|-damage|p1b: Palafin|0 fnt\n|faint|p2b: Electrode\n|faint|p1b: Palafin\n|move|p1a: KenobiDos|Bulk Up|p1a: KenobiDos\n|-boost|p1a: KenobiDos|atk|1\n|-boost|p1a: KenobiDos|def|1\n|\n|upkeep\n|\n|t:|1683633215\n|switch|p2b: Torkoal|Torkoal, L50, M, shiny|100\/100\n|switch|p1b: Amelio|Ceruledge, L50, M|100\/100\n|-weather|SunnyDay|[from] ability: Drought|[of] p2b: Torkoal\n|turn|2\n|\n|t:|1683633224\n|-terastallize|p1a: KenobiDos|Fire\n|move|p2a: Gardevoir|Helping Hand|p2b: Torkoal\n|-singleturn|p2b: Torkoal|Helping Hand|[of] p2a: Gardevoir\n|move|p1b: Amelio|Bulk Up|p1b: Amelio\n|-boost|p1b: Amelio|atk|1\n|-boost|p1b: Amelio|def|1\n|move|p1a: KenobiDos|Iron Head|p2a: Gardevoir\n|-supereffective|p2a: Gardevoir\n|-damage|p2a: Gardevoir|0 fnt\n|faint|p2a: Gardevoir\n|move|p2b: Torkoal|Overheat|p1a: KenobiDos\n|-resisted|p1a: KenobiDos\n|-damage|p1a: KenobiDos|0 fnt\n|-unboost|p2b: Torkoal|spa|2\n|faint|p1a: KenobiDos\n|\n|-weather|SunnyDay|[upkeep]\n|upkeep\n|\n|t:|1683633243\n|switch|p2a: Ceruledge|Ceruledge, L50, M, shiny|100\/100\n|switch|p1a: Manoalegre2|Iron Hands, L50|100\/100\n|turn|3\n|\n|t:|1683633257\n|move|p1a: Manoalegre2|Fake Out|p2b: Torkoal\n|-damage|p2b: Torkoal|88\/100\n|move|p1b: Amelio|Bulk Up|p1b: Amelio\n|-boost|p1b: Amelio|atk|1\n|-boost|p1b: Amelio|def|1\n|move|p2a: Ceruledge|Psycho Cut|p1a: Manoalegre2\n|-supereffective|p1a: Manoalegre2\n|-damage|p1a: Manoalegre2|61\/100\n|cant|p2b: Torkoal|flinch\n|\n|-weather|SunnyDay|[upkeep]\n|upkeep\n|turn|4\n|\n|t:|1683633279\n|move|p1b: Amelio|Shadow Sneak|p2a: Ceruledge\n|-supereffective|p2a: Ceruledge\n|-damage|p2a: Ceruledge|0 fnt\n|faint|p2a: Ceruledge\n|move|p1a: Manoalegre2|Drain Punch|p2b: Torkoal\n|-damage|p2b: Torkoal|51\/100\n|-heal|p1a: Manoalegre2|74\/100|[from] drain|[of] p2b: Torkoal\n|move|p2b: Torkoal|Earth Power|p1b: Amelio\n|-supereffective|p1b: Amelio\n|-damage|p1b: Amelio|75\/100\n|\n|-weather|SunnyDay|[upkeep]\n|upkeep\n|turn|5\n|-message|luisleos forfeited.\n|\n|win|Aigashu-15\n|raw|Aigashu-15's rating: 1119 → 1139<\/strong> (+20 for winning)\n|raw|luisleos's rating: 1050 → 1036<\/strong> (-14 for losing)\n|l|\u2606luisleos\n","uploadtime":1683633294,"views":12,"p1id":"aigashu15","p2id":"luisleos","formatid":"gen9vgc2023regulationc","rating":1036,"private":0,"password":""}