{"id":"gen9vgc2023regulationc-1864364052","p1":"GetDududunsparced","p2":"SIGYLYFH","format":"[Gen 9] VGC 2023 Regulation C","log":"|j|\u2606GetDududunsparced\n|j|\u2606SIGYLYFH\n|t:|1684159780\n|gametype|doubles\n|player|p1|GetDududunsparced|cynthia|1090\n|player|p2|SIGYLYFH|265|1117\n|teamsize|p1|6\n|teamsize|p2|6\n|gen|9\n|tier|[Gen 9] VGC 2023 Regulation C\n|rated|\n|rule|Species Clause: Limit one of each Pok\u00e9mon\n|rule|Item Clause: Limit one of each item\n|clearpoke\n|poke|p1|Dudunsparce-*, L50, M|\n|poke|p1|Oranguru, L50, F|\n|poke|p1|Iron Hands, L50|\n|poke|p1|Bronzong, L50|\n|poke|p1|Torkoal, L50, M|\n|poke|p1|Ting-Lu, L50|\n|poke|p2|Iron Hands, L50|\n|poke|p2|Amoonguss, L50, F|\n|poke|p2|Pelipper, L50, F|\n|poke|p2|Palafin, L50, M|\n|poke|p2|Dragonite, L50, M|\n|poke|p2|Chien-Pao, L50|\n|teampreview|4\n|inactive|Battle timer is ON: inactive players will automatically lose when time's up. (requested by SIGYLYFH)\nSIGYLYFH has agreed to open team sheets.\nGetDududunsparced rejected open team sheets.\n|\n|t:|1684159804\n|start\n|switch|p1a: Bronzong|Bronzong, L50|100\/100\n|switch|p1b: Iron Hands|Iron Hands, L50|100\/100\n|switch|p2a: Aslunguss|Amoonguss, L50, F, shiny|100\/100\n|switch|p2b: Postit|Iron Hands, L50|100\/100\n|turn|1\n|inactive|GetDududunsparced has 30 seconds left.\n|inactive|GetDududunsparced has 20 seconds left.\n|\n|t:|1684159842\n|-terastallize|p1b: Iron Hands|Grass\n|move|p2b: Postit|Fake Out|p1a: Bronzong\n|-resisted|p1a: Bronzong\n|-damage|p1a: Bronzong|94\/100\n|move|p1b: Iron Hands|Wild Charge|p2b: Postit\n|-resisted|p2b: Postit\n|-damage|p2b: Postit|83\/100\n|-damage|p1b: Iron Hands|96\/100|[from] Recoil\n|move|p2a: Aslunguss|Spore|p1b: Iron Hands\n|-immune|p1b: Iron Hands\n|cant|p1a: Bronzong|flinch\n|\n|upkeep\n|turn|2\n|\n|t:|1684159859\n|move|p2b: Postit|Close Combat|p1a: Bronzong\n|-damage|p1a: Bronzong|35\/100\n|-unboost|p2b: Postit|def|1\n|-unboost|p2b: Postit|spd|1\n|move|p1b: Iron Hands|Drain Punch|p2b: Postit\n|-damage|p2b: Postit|37\/100\n|-heal|p1b: Iron Hands|100\/100|[from] drain|[of] p2b: Postit\n|move|p2a: Aslunguss|Pollen Puff|p2b: Postit\n|-heal|p2b: Postit|87\/100\n|move|p1a: Bronzong|Trick Room|p1a: Bronzong\n|-fieldstart|move: Trick Room|[of] p1a: Bronzong\n|\n|upkeep\n|turn|3\n|inactive|GetDududunsparced has 30 seconds left.\n|inactive|SIGYLYFH has 30 seconds left.\n|\n|t:|1684159887\n|move|p2a: Aslunguss|Pollen Puff|p1b: Iron Hands\n|-supereffective|p1b: Iron Hands\n|-damage|p1b: Iron Hands|80\/100\n|move|p1a: Bronzong|Safeguard|p1a: Bronzong\n|-sidestart|p1: GetDududunsparced|Safeguard\n|move|p1b: Iron Hands|Volt Switch|p2a: Aslunguss\n|-resisted|p2a: Aslunguss\n|-damage|p2a: Aslunguss|95\/100\n|\n|t:|1684159899\n|-end|p1b: Iron Hands|Quark Drive|[silent]\n|switch|p1b: Torkoal|Torkoal, L50, M|100\/100|[from] Volt Switch\n|-weather|SunnyDay|[from] ability: Drought|[of] p1b: Torkoal\n|move|p2b: Postit|Volt Switch|p1a: Bronzong\n|-damage|p1a: Bronzong|26\/100\n|\n|t:|1684159905\n|-end|p2b: Postit|Quark Drive|[silent]\n|switch|p2b: Rim|Pelipper, L50, F|100\/100|[from] Volt Switch\n|-weather|RainDance|[from] ability: Drizzle|[of] p2b: Rim\n|\n|-weather|RainDance|[upkeep]\n|upkeep\n|turn|4\n|\n|t:|1684159924\n|switch|p1b: Dudunsparce|Dudunsparce, L50, M|100\/100\n|switch|p2a: Postit|Iron Hands, L50|87\/100\n|move|p1a: Bronzong|Psychic|p2a: Postit\n|-supereffective|p2a: Postit\n|-damage|p2a: Postit|63\/100\n|move|p2b: Rim|Hydro Pump|p1b: Dudunsparce|[miss]\n|-miss|p2b: Rim|p1b: Dudunsparce\n|\n|-weather|RainDance|[upkeep]\n|upkeep\n|turn|5\n|inactive|SIGYLYFH has 30 seconds left.\n|\n|t:|1684159959\n|switch|p1a: Torkoal|Torkoal, L50, M|100\/100\n|-weather|SunnyDay|[from] ability: Drought|[of] p1a: Torkoal\n|switch|p2b: Aslunguss|Amoonguss, L50, F, shiny|100\/100\n|move|p2a: Postit|Fake Out|p1b: Dudunsparce\n|-damage|p1b: Dudunsparce|87\/100\n|cant|p1b: Dudunsparce|flinch\n|\n|-weather|SunnyDay|[upkeep]\n|upkeep\n|turn|6\n|inactive|GetDududunsparced has 30 seconds left.\n|\n|t:|1684159984\n|switch|p2b: Rim|Pelipper, L50, F|100\/100\n|-weather|RainDance|[from] ability: Drizzle|[of] p2b: Rim\n|move|p1a: Torkoal|Eruption|p2a: Postit|[spread] p2a,p2b\n|-resisted|p2b: Rim\n|-damage|p2a: Postit|49\/100\n|-damage|p2b: Rim|76\/100\n|move|p1b: Dudunsparce|Rock Slide|p2a: Postit|[spread] p2a,p2b\n|-resisted|p2a: Postit\n|-supereffective|p2b: Rim\n|-damage|p2a: Postit|44\/100\n|-damage|p2b: Rim|29\/100\n|cant|p2a: Postit|flinch\n|\n|-weather|RainDance|[upkeep]\n|-fieldend|move: Trick Room\n|upkeep\n|turn|7\n|inactive|GetDududunsparced has 30 seconds left.\n|inactive|SIGYLYFH has 30 seconds left.\n|\n|t:|1684160018\n|switch|p1a: Iron Hands|Iron Hands, L50, tera:Grass|80\/100\n|move|p1b: Dudunsparce|Protect|p1b: Dudunsparce\n|-singleturn|p1b: Dudunsparce|Protect\n|move|p2b: Rim|Hydro Pump|p1a: Iron Hands\n|-resisted|p1a: Iron Hands\n|-damage|p1a: Iron Hands|61\/100\n|move|p2a: Postit|Close Combat|p1b: Dudunsparce\n|-activate|p1b: Dudunsparce|move: Protect\n|\n|-weather|RainDance|[upkeep]\n|-sideend|p1: GetDududunsparced|Safeguard\n|upkeep\n|turn|8\n|inactive|GetDududunsparced has 30 seconds left.\n|\n|t:|1684160052\n|switch|p2b: Aslunguss|Amoonguss, L50, F, shiny|100\/100\n|move|p1a: Iron Hands|Fake Out|p2a: Postit\n|-damage|p2a: Postit|33\/100\n|cant|p2a: Postit|flinch\n|move|p1b: Dudunsparce|Zen Headbutt|p2a: Postit\n|-supereffective|p2a: Postit\n|-damage|p2a: Postit|0 fnt\n|faint|p2a: Postit\n|-end|p2a: Postit|Quark Drive|[silent]\n|\n|-weather|RainDance|[upkeep]\n|upkeep\n|\n|t:|1684160069\n|switch|p2a: Chien-Pao|Chien-Pao, L50|100\/100\n|-ability|p2a: Chien-Pao|Sword of Ruin\n|turn|9\n|\n|t:|1684160084\n|switch|p1b: Bronzong|Bronzong, L50|26\/100\n|move|p2a: Chien-Pao|Ice Spinner|p1a: Iron Hands\n|-supereffective|p1a: Iron Hands\n|-damage|p1a: Iron Hands|0 fnt\n|faint|p1a: Iron Hands\n|-end|p1a: Iron Hands|Quark Drive|[silent]\n|-damage|p2a: Chien-Pao|91\/100|[from] item: Life Orb\n|move|p2b: Aslunguss|Spore|p1b: Bronzong\n|-activate|p1b: Bronzong|item: Safety Goggles|Spore\n|\n|-weather|RainDance|[upkeep]\n|upkeep\n|\n|t:|1684160099\n|switch|p1a: Torkoal|Torkoal, L50, M|100\/100\n|-weather|SunnyDay|[from] ability: Drought|[of] p1a: Torkoal\n|turn|10\n|inactive|SIGYLYFH has 30 seconds left.\n|inactive|SIGYLYFH has 20 seconds left.\n|\n|t:|1684160135\n|switch|p2a: Rim|Pelipper, L50, F|29\/100\n|-weather|RainDance|[from] ability: Drizzle|[of] p2a: Rim\n|move|p2b: Aslunguss|Spore|p1a: Torkoal\n|-status|p1a: Torkoal|slp|[from] move: Spore\n|cant|p1a: Torkoal|slp\n|move|p1b: Bronzong|Trick Room|p1b: Bronzong\n|-fieldstart|move: Trick Room|[of] p1b: Bronzong\n|\n|-weather|RainDance|[upkeep]\n|upkeep\n|turn|11\n|\n|t:|1684160165\n|switch|p1a: Dudunsparce|Dudunsparce, L50, M|87\/100\n|-terastallize|p2b: Aslunguss|Steel\n|move|p2b: Aslunguss|Pollen Puff|p2a: Rim\n|-heal|p2a: Rim|79\/100\n|move|p1b: Bronzong|Safeguard|p1b: Bronzong\n|-sidestart|p1: GetDududunsparced|Safeguard\n|move|p2a: Rim|Hydro Pump|p1a: Dudunsparce|[miss]\n|-miss|p2a: Rim|p1a: Dudunsparce\n|\n|-weather|RainDance|[upkeep]\n|upkeep\n|turn|12\n|\n|t:|1684160187\n|switch|p1b: Torkoal|Torkoal, L50, M|100\/100 slp\n|-weather|SunnyDay|[from] ability: Drought|[of] p1b: Torkoal\n|move|p2b: Aslunguss|Protect|p2b: Aslunguss\n|-singleturn|p2b: Aslunguss|Protect\n|move|p1a: Dudunsparce|Rock Slide|p2a: Rim|[spread] p2a\n|-activate|p2b: Aslunguss|move: Protect\n|-supereffective|p2a: Rim\n|-damage|p2a: Rim|29\/100\n|cant|p2a: Rim|flinch\n|\n|-weather|SunnyDay|[upkeep]\n|upkeep\n|turn|13\n|c|\u2606SIGYLYFH|that's unreal\n|inactive|SIGYLYFH has 30 seconds left.\n|c|\u2606GetDududunsparced|Uh\n|c|\u2606GetDududunsparced|its 60%\n|inactive|SIGYLYFH has 20 seconds left.\n|c|\u2606GetDududunsparced|Serene Grace\n|inactive|SIGYLYFH has 15 seconds left.\n|inactive|SIGYLYFH has 10 seconds left.\n|inactive|SIGYLYFH has 5 seconds left.\n|\n|t:|1684160238\n|switch|p2a: Chien-Pao|Chien-Pao, L50|91\/100\n|-ability|p2a: Chien-Pao|Sword of Ruin\n|cant|p1b: Torkoal|slp\n|move|p2b: Aslunguss|Spore|p1a: Dudunsparce\n|-activate|p1a: Dudunsparce|move: Safeguard\n|move|p1a: Dudunsparce|Rock Slide|p2a: Chien-Pao|[spread] p2a,p2b\n|-supereffective|p2a: Chien-Pao\n|-resisted|p2b: Aslunguss\n|-damage|p2a: Chien-Pao|44\/100\n|-damage|p2b: Aslunguss|90\/100\n|\n|-weather|SunnyDay|[upkeep]\n|upkeep\n|turn|14\n|inactive|SIGYLYFH has 30 seconds left.\n|c|\u2606SIGYLYFH|i mean i didn't take any hydro pump\n|inactive|SIGYLYFH has 20 seconds left.\n|inactive|SIGYLYFH has 15 seconds left.\n|\n|t:|1684160282\n|move|p2a: Chien-Pao|Protect|p2a: Chien-Pao\n|-singleturn|p2a: Chien-Pao|Protect\n|-curestatus|p1b: Torkoal|slp|[msg]\n|move|p1b: Torkoal|Eruption|p2b: Aslunguss|[spread] p2b\n|-activate|p2a: Chien-Pao|move: Protect\n|-supereffective|p2b: Aslunguss\n|-damage|p2b: Aslunguss|0 fnt\n|faint|p2b: Aslunguss\n|move|p1a: Dudunsparce|Hyper Drill|p2a: Chien-Pao\n|-damage|p2a: Chien-Pao|0 fnt\n|faint|p2a: Chien-Pao\n|\n|-weather|SunnyDay|[upkeep]\n|-fieldend|move: Trick Room\n|upkeep\n|\n|t:|1684160300\n|switch|p2b: Rim|Pelipper, L50, F|29\/100\n|-weather|RainDance|[from] ability: Drizzle|[of] p2b: Rim\n|turn|15\n|\n|t:|1684160318\n|switch|p1b: Bronzong|Bronzong, L50|26\/100\n|move|p1a: Dudunsparce|Protect|p1a: Dudunsparce\n|-singleturn|p1a: Dudunsparce|Protect\n|move|p2b: Rim|Hydro Pump|p1b: Bronzong|[miss]\n|-miss|p2b: Rim|p1b: Bronzong\n|\n|-weather|RainDance|[upkeep]\n|-sideend|p1: GetDududunsparced|Safeguard\n|upkeep\n|turn|16\n|c|\u2606GetDududunsparced|Well, you didn't win if you hit any of those\n|inactive|SIGYLYFH has 30 seconds left.\n|inactive|GetDududunsparced has 30 seconds left.\n|inactive|SIGYLYFH has 20 seconds left.\n|c|\u2606SIGYLYFH|i know\n|inactive|SIGYLYFH has 15 seconds left.\n|inactive|SIGYLYFH has 10 seconds left.\n|inactive|SIGYLYFH has 5 seconds left.\n|\n|t:|1684160368\n|switch|p1b: Torkoal|Torkoal, L50, M|100\/100\n|-weather|SunnyDay|[from] ability: Drought|[of] p1b: Torkoal\n|move|p2b: Rim|Protect|p2b: Rim\n|-singleturn|p2b: Rim|Protect\n|move|p1a: Dudunsparce|Rock Slide|p2b: Rim\n|-activate|p2b: Rim|move: Protect\n|\n|-weather|SunnyDay|[upkeep]\n|upkeep\n|turn|17\n|inactive|SIGYLYFH has 30 seconds left this turn.\n|inactive|SIGYLYFH has 20 seconds left.\n|\n|t:|1684160388\n|move|p2b: Rim|Protect||[still]\n|-fail|p2b: Rim\n|move|p1a: Dudunsparce|Rock Slide|p2b: Rim\n|-supereffective|p2b: Rim\n|-damage|p2b: Rim|0 fnt\n|faint|p2b: Rim\n|\n|win|GetDududunsparced\n|inactive|SIGYLYFH has 20 seconds left this turn.\n|raw|GetDududunsparced's rating: 1090 → 1119<\/strong> (+29 for winning)\n|raw|SIGYLYFH's rating: 1117 → 1090<\/strong> (-27 for losing)\n|c|\u2606GetDududunsparced|gg\n","uploadtime":1684160397,"views":6,"p1id":"getdududunsparced","p2id":"sigylyfh","formatid":"gen9vgc2023regulationc","rating":1090,"private":0,"password":""}