{"id":"gen9vgc2023regulationc-1848113681","p1":"Kanonn0619","p2":"Post GC2 testing","format":"[Gen 9] VGC 2023 Regulation C","log":"|j|\u2606Kanonn0619\n|j|\u2606Post GC2 testing\n|t:|1682031261\n|gametype|doubles\n|player|p1|Kanonn0619|169|1421\n|player|p2|Post GC2 testing|colress|1358\n|teamsize|p1|6\n|teamsize|p2|6\n|gen|9\n|tier|[Gen 9] VGC 2023 Regulation C\n|rated|\n|rule|Species Clause: Limit one of each Pok\u00e9mon\n|rule|Item Clause: Limit one of each item\n|clearpoke\n|poke|p1|Flutter Mane, L50|\n|poke|p1|Amoonguss, L50, F|\n|poke|p1|Ting-Lu, L50|\n|poke|p1|Dragonite, L50, F|\n|poke|p1|Annihilape, L50, M|\n|poke|p1|Chien-Pao, L50|\n|poke|p2|Dondozo, L50, F|\n|poke|p2|Tatsugiri-Stretchy, L50, F|\n|poke|p2|Pelipper, L50, M|\n|poke|p2|Toedscruel, L50, M|\n|poke|p2|Annihilape, L50, M|\n|poke|p2|Maushold-Four, L50|\n|teampreview|4\n|\n|t:|1682031293\n|start\n|switch|p1a: Ting-Lu|Ting-Lu, L50|100\/100\n|switch|p1b: Dragonite|Dragonite, L50, F|100\/100\n|switch|p2a: Monsoon|Pelipper, L50, M, shiny|100\/100\n|switch|p2b: Big Bertha|Dondozo, L50, F, shiny|100\/100\n|-weather|RainDance|[from] ability: Drizzle|[of] p2a: Monsoon\n|-ability|p1a: Ting-Lu|Vessel of Ruin\n|turn|1\n|\n|t:|1682031338\n|switch|p2a: Bulkward|Tatsugiri-Stretchy, L50, F|100\/100\n|-activate|p2a: Bulkward|ability: Commander|[of] p2b: Big Bertha\n|-boost|p2b: Big Bertha|atk|2\n|-boost|p2b: Big Bertha|spa|2\n|-boost|p2b: Big Bertha|spe|2\n|-boost|p2b: Big Bertha|def|2\n|-boost|p2b: Big Bertha|spd|2\n|switch|p1a: Amoonguss|Amoonguss, L50, F|100\/100\n|-terastallize|p1b: Dragonite|Flying\n|-terastallize|p2b: Big Bertha|Water\n|move|p2b: Big Bertha|Surf|p1a: Amoonguss|[spread] p1a,p1b\n|-miss|p2b: Big Bertha|p2a: Bulkward\n|-resisted|p1a: Amoonguss\n|-crit|p1a: Amoonguss\n|-damage|p1a: Amoonguss|30\/100\n|-damage|p1b: Dragonite|0 fnt\n|-enditem|p1a: Amoonguss|Sitrus Berry|[eat]\n|-heal|p1a: Amoonguss|55\/100|[from] item: Sitrus Berry\n|faint|p1b: Dragonite\n|-damage|p2b: Big Bertha|91\/100|[from] item: Life Orb\n|\n|-weather|RainDance|[upkeep]\n|upkeep\n|\n|t:|1682031345\n|switch|p1b: Chien-Pao|Chien-Pao, L50|100\/100\n|-ability|p1b: Chien-Pao|Sword of Ruin\n|turn|2\n|\n|t:|1682031355\n|move|p1b: Chien-Pao|Haze|p1b: Chien-Pao\n|-clearallboost\n|move|p2b: Big Bertha|Surf|p1b: Chien-Pao|[spread] p1a,p1b\n|-miss|p2b: Big Bertha|p2a: Bulkward\n|-resisted|p1a: Amoonguss\n|-crit|p1a: Amoonguss\n|-damage|p1a: Amoonguss|16\/100\n|-enditem|p1b: Chien-Pao|Focus Sash\n|-damage|p1b: Chien-Pao|1\/100\n|-damage|p2b: Big Bertha|81\/100|[from] item: Life Orb\n|move|p1a: Amoonguss|Spore|p2b: Big Bertha\n|-status|p2b: Big Bertha|slp|[from] move: Spore\n|\n|-weather|RainDance|[upkeep]\n|upkeep\n|turn|3\n|\n|t:|1682031400\n|move|p1b: Chien-Pao|Sacred Sword|p2b: Big Bertha\n|-damage|p2b: Big Bertha|52\/100 slp\n|cant|p2b: Big Bertha|slp\n|move|p1a: Amoonguss|Pollen Puff|p1b: Chien-Pao\n|-heal|p1b: Chien-Pao|51\/100\n|\n|-weather|RainDance|[upkeep]\n|upkeep\n|turn|4\n|\n|t:|1682031414\n|switch|p1a: Ting-Lu|Ting-Lu, L50|100\/100\n|-ability|p1a: Ting-Lu|Vessel of Ruin\n|move|p1b: Chien-Pao|Sacred Sword|p2b: Big Bertha\n|-damage|p2b: Big Bertha|21\/100 slp\n|-curestatus|p2b: Big Bertha|slp|[msg]\n|move|p2b: Big Bertha|Surf|p1a: Ting-Lu|[spread] p1a,p1b\n|-miss|p2b: Big Bertha|p2a: Bulkward\n|-supereffective|p1a: Ting-Lu\n|-damage|p1a: Ting-Lu|46\/100\n|-damage|p1b: Chien-Pao|0 fnt\n|faint|p1b: Chien-Pao\n|-damage|p2b: Big Bertha|11\/100|[from] item: Life Orb\n|\n|-weather|RainDance|[upkeep]\n|upkeep\n|\n|t:|1682031426\n|switch|p1b: Amoonguss|Amoonguss, L50, F|49\/100\n|turn|5\n|\n|t:|1682031432\n|move|p2b: Big Bertha|Wave Crash|p1a: Ting-Lu\n|-supereffective|p1a: Ting-Lu\n|-damage|p1a: Ting-Lu|0 fnt\n|faint|p1a: Ting-Lu\n|-damage|p2b: Big Bertha|0 fnt|[from] Recoil\n|faint|p2b: Big Bertha\n|move|p1b: Amoonguss|Spore|p2a: Bulkward\n|-status|p2a: Bulkward|slp|[from] move: Spore\n|\n|-weather|RainDance|[upkeep]\n|upkeep\n|\n|t:|1682031436\n|switch|p2b: Monsoon|Pelipper, L50, M, shiny|100\/100\n|turn|6\n|-message|Kanonn0619 forfeited.\n|\n|win|Post GC2 testing\n|raw|Kanonn0619's rating: 1421 → 1397<\/strong> (-24 for losing)\n|raw|Post GC2 testing's rating: 1358 → 1382<\/strong> (+24 for winning)\n|l|\u2606Kanonn0619\n","uploadtime":1682031449,"views":3,"p1id":"kanonn0619","p2id":"postgc2testing","formatid":"gen9vgc2023regulationc","rating":1382,"private":0,"password":""}