{"id":"gen9vgc2023regulationc-1854425317","p1":"Kohbalt","p2":"TheTealSpheal","format":"[Gen 9] VGC 2023 Regulation C","log":"|j|\u2606Kohbalt\n|j|\u2606TheTealSpheal\n|t:|1682809267\n|gametype|doubles\n|player|p1|Kohbalt|steven|1251\n|player|p2|TheTealSpheal|fisherman|1372\n|teamsize|p1|6\n|teamsize|p2|6\n|gen|9\n|tier|[Gen 9] VGC 2023 Regulation C\n|rated|\n|rule|Species Clause: Limit one of each Pok\u00e9mon\n|rule|Item Clause: Limit one of each item\n|clearpoke\n|poke|p1|Flutter Mane, L50|\n|poke|p1|Palafin, L50, M|\n|poke|p1|Amoonguss, L50, F|\n|poke|p1|Arcanine, L50, M|\n|poke|p1|Glimmora, L50, M|\n|poke|p1|Chien-Pao, L50|\n|poke|p2|Torkoal, L50, M|\n|poke|p2|Flutter Mane, L50|\n|poke|p2|Murkrow, L50, M|\n|poke|p2|Lilligant, L50, F|\n|poke|p2|Chi-Yu, L50|\n|poke|p2|Indeedee, L50, M|\n|teampreview|4\nKohbalt has agreed to open team sheets.\n|inactive|Battle timer is ON: inactive players will automatically lose when time's up. (requested by TheTealSpheal)\n|\n|t:|1682809301\n|start\n|switch|p1a: Palafin|Palafin, L50, M, shiny|100\/100\n|switch|p1b: Glimmora|Glimmora, L50, M, shiny|100\/100\n|switch|p2a: Chi-Yu|Chi-Yu, L50|100\/100\n|switch|p2b: Murkrow|Murkrow, L50, M|100\/100\n|-ability|p2a: Chi-Yu|Beads of Ruin\n|turn|1\n|inactive|Kohbalt has 30 seconds left.\n|inactive|TheTealSpheal has 30 seconds left.\n|\n|t:|1682809334\n|move|p2a: Chi-Yu|Protect|p2a: Chi-Yu\n|-singleturn|p2a: Chi-Yu|Protect\n|move|p1a: Palafin|Jet Punch|p2a: Chi-Yu\n|-activate|p2a: Chi-Yu|move: Protect\n|move|p2b: Murkrow|Taunt|p1b: Glimmora\n|-start|p1b: Glimmora|move: Taunt\n|move|p1b: Glimmora|Power Gem|p2b: Murkrow\n|-supereffective|p2b: Murkrow\n|-damage|p2b: Murkrow|0 fnt\n|faint|p2b: Murkrow\n|\n|upkeep\n|\n|t:|1682809347\n|switch|p2b: Indeedee|Indeedee, L50, M|100\/100\n|-fieldstart|move: Psychic Terrain|[from] ability: Psychic Surge|[of] p2b: Indeedee\n|-enditem|p2b: Indeedee|Psychic Seed\n|-boost|p2b: Indeedee|spd|1|[from] item: Psychic Seed\n|turn|2\n|inactive|Kohbalt has 30 seconds left.\n|inactive|Kohbalt has 20 seconds left.\n|\n|t:|1682809386\n|detailschange|p1a: Palafin|Palafin-Hero, L50, M, shiny\n|switch|p1a: Flutter Mane|Flutter Mane, L50|100\/100\n|switch|p1b: Chien-Pao|Chien-Pao, L50|100\/100\n|-ability|p1b: Chien-Pao|Sword of Ruin\n|move|p2a: Chi-Yu|Heat Wave|p1a: Flutter Mane|[spread] p1a,p1b\n|-supereffective|p1b: Chien-Pao\n|-damage|p1a: Flutter Mane|36\/100\n|-enditem|p1b: Chien-Pao|Focus Sash\n|-damage|p1b: Chien-Pao|1\/100\n|-damage|p2a: Chi-Yu|91\/100|[from] item: Life Orb\n|move|p2b: Indeedee|Psychic|p1b: Chien-Pao\n|-immune|p1b: Chien-Pao\n|\n|upkeep\n|turn|3\n|inactive|Kohbalt has 30 seconds left.\n|inactive|TheTealSpheal has 30 seconds left.\n|inactive|Kohbalt has 20 seconds left.\n|inactive|TheTealSpheal has 20 seconds left.\n|inactive|Kohbalt has 15 seconds left.\n|inactive|TheTealSpheal has 15 seconds left.\n|inactive|Kohbalt has 10 seconds left.\n|\n|t:|1682809432\n|move|p2a: Chi-Yu|Protect|p2a: Chi-Yu\n|-singleturn|p2a: Chi-Yu|Protect\n|move|p1b: Chien-Pao|Ice Spinner|p2b: Indeedee\n|-damage|p2b: Indeedee|0 fnt\n|-fieldend|move: Psychic Terrain\n|faint|p2b: Indeedee\n|move|p1a: Flutter Mane|Dazzling Gleam|p2a: Chi-Yu\n|-activate|p2a: Chi-Yu|move: Protect\n|\n|upkeep\n|\n|t:|1682809441\n|switch|p2b: Flutter Mane|Flutter Mane, L50|100\/100\n|turn|4\n|\n|t:|1682809452\n|-terastallize|p2b: Flutter Mane|Fairy\n|move|p1b: Chien-Pao|Sucker Punch|p2b: Flutter Mane\n|-resisted|p2b: Flutter Mane\n|-damage|p2b: Flutter Mane|54\/100\n|move|p2b: Flutter Mane|Dazzling Gleam|p1a: Flutter Mane|[spread] p1a,p1b\n|-supereffective|p1b: Chien-Pao\n|-damage|p1a: Flutter Mane|0 fnt\n|-damage|p1b: Chien-Pao|0 fnt\n|faint|p1a: Flutter Mane\n|-end|p1a: Flutter Mane|Protosynthesis|[silent]\n|faint|p1b: Chien-Pao\n|move|p2a: Chi-Yu|Heat Wave|p1: Flutter Mane|[notarget]\n|-fail|p2a: Chi-Yu\n|\n|upkeep\n|\n|t:|1682809462\n|switch|p1b: Glimmora|Glimmora, L50, M, shiny|100\/100\n|switch|p1a: Palafin|Palafin-Hero, L50, M, shiny|100\/100\n|-activate|p1a: Palafin|ability: Zero to Hero\n|turn|5\n|\n|t:|1682809480\n|move|p1a: Palafin|Jet Punch|p2b: Flutter Mane\n|-damage|p2b: Flutter Mane|0 fnt\n|faint|p2b: Flutter Mane\n|-end|p2b: Flutter Mane|Protosynthesis|[silent]\n|move|p2a: Chi-Yu|Dark Pulse|p1b: Glimmora\n|-damage|p1b: Glimmora|45\/100\n|-damage|p2a: Chi-Yu|81\/100|[from] item: Life Orb\n|move|p1b: Glimmora|Mortal Spin|p2a: Chi-Yu\n|-damage|p2a: Chi-Yu|71\/100\n|-status|p2a: Chi-Yu|psn\n|\n|-damage|p2a: Chi-Yu|59\/100 psn|[from] psn\n|upkeep\n|turn|6\n|-message|TheTealSpheal forfeited.\n|\n|win|Kohbalt\n|raw|Kohbalt's rating: 1251 → 1284<\/strong> (+33 for winning)\n|raw|TheTealSpheal's rating: 1372 → 1345<\/strong> (-27 for losing)\n|l|\u2606TheTealSpheal\n","uploadtime":1682809508,"views":17,"p1id":"kohbalt","p2id":"thetealspheal","formatid":"gen9vgc2023regulationc","rating":1284,"private":0,"password":""}