{"id":"gen9vgc2023regulationc-1848247144","p1":"JEEA","p2":"ultramandyna","format":"[Gen 9] VGC 2023 Regulation C","log":"|j|\u2606JEEA\n|j|\u2606ultramandyna\n|t:|1682047672\n|gametype|doubles\n|player|p1|JEEA|richboy-gen4|1073\n|player|p2|ultramandyna|265|1000\n|teamsize|p1|6\n|teamsize|p2|6\n|gen|9\n|tier|[Gen 9] VGC 2023 Regulation C\n|rated|\n|rule|Species Clause: Limit one of each Pok\u00e9mon\n|rule|Item Clause: Limit one of each item\n|clearpoke\n|poke|p1|Lucario, L50, M|\n|poke|p1|Weavile, L50, F|\n|poke|p1|Brute Bonnet, L50|\n|poke|p1|Espeon, L50, F|\n|poke|p1|Goodra, L50, M|\n|poke|p1|Meowscarada, L50, M|\n|poke|p2|Palafin, L50, M|\n|poke|p2|Skeledirge, L50, M|\n|poke|p2|Flutter Mane, L50|\n|poke|p2|Chi-Yu, L50|\n|poke|p2|Ting-Lu, L50|\n|poke|p2|Wo-Chien, L50|\n|teampreview|4\n|\n|t:|1682047687\n|start\n|switch|p1a: Lucario|Lucario, L50, M, shiny|100\/100\n|switch|p1b: Weavile|Weavile, L50, F, shiny|100\/100\n|switch|p2a: Palafin|Palafin, L50, M|100\/100\n|switch|p2b: Wo-Chien|Wo-Chien, L50|100\/100\n|-ability|p1b: Weavile|Pressure\n|-ability|p2b: Wo-Chien|Tablets of Ruin\n|turn|1\n|\n|t:|1682047706\n|detailschange|p2a: Palafin|Palafin-Hero, L50, M\n|switch|p2a: Ting-Lu|Ting-Lu, L50|100\/100\n|-ability|p2a: Ting-Lu|Vessel of Ruin\n|-terastallize|p2b: Wo-Chien|Poison\n|move|p1a: Lucario|Extreme Speed|p2a: Ting-Lu\n|-damage|p2a: Ting-Lu|91\/100\n|move|p1b: Weavile|Beat Up|p1a: Lucario\n|-resisted|p1a: Lucario\n|-damage|p1a: Lucario|96\/100\n|-ability|p1a: Lucario|Justified|boost\n|-boost|p1a: Lucario|atk|1\n|-resisted|p1a: Lucario\n|-crit|p1a: Lucario\n|-damage|p1a: Lucario|87\/100\n|-ability|p1a: Lucario|Justified|boost\n|-boost|p1a: Lucario|atk|1\n|-resisted|p1a: Lucario\n|-damage|p1a: Lucario|83\/100\n|-ability|p1a: Lucario|Justified|boost\n|-boost|p1a: Lucario|atk|1\n|-resisted|p1a: Lucario\n|-damage|p1a: Lucario|78\/100\n|-ability|p1a: Lucario|Justified|boost\n|-boost|p1a: Lucario|atk|1\n|-hitcount|p1a: Lucario|4\n|move|p2b: Wo-Chien|Leech Seed|p1a: Lucario\n|-start|p1a: Lucario|move: Leech Seed\n|\n|-damage|p1a: Lucario|66\/100|[from] Leech Seed|[of] p2b: Wo-Chien\n|upkeep\n|turn|2\n|\n|t:|1682047739\n|move|p1a: Lucario|Extreme Speed|p2a: Ting-Lu\n|-damage|p2a: Ting-Lu|62\/100\n|move|p1b: Weavile|Ice Shard|p2a: Ting-Lu\n|-supereffective|p2a: Ting-Lu\n|-damage|p2a: Ting-Lu|44\/100\n|move|p2b: Wo-Chien|Leech Seed|p1b: Weavile\n|-start|p1b: Weavile|move: Leech Seed\n|move|p2a: Ting-Lu|Earth Power|p1a: Lucario\n|-supereffective|p1a: Lucario\n|-damage|p1a: Lucario|0 fnt\n|faint|p1a: Lucario\n|\n|-damage|p1b: Weavile|88\/100|[from] Leech Seed|[of] p2b: Wo-Chien\n|upkeep\n|\n|t:|1682047756\n|switch|p1a: Meowscarada|Meowscarada, L50, M, shiny|100\/100\n|turn|3\n|\n|t:|1682047781\n|switch|p1b: Goodra|Goodra, L50, M|100\/100\n|switch|p2a: Skeledirge|Skeledirge, L50, M|100\/100\n|move|p1a: Meowscarada|Petal Blizzard|p2a: Skeledirge|[spread] p2a,p2b\n|-start|p1a: Meowscarada|typechange|Grass|[from] ability: Protean\n|-ability|p1b: Goodra|Sap Sipper|boost\n|-boost|p1b: Goodra|atk|1\n|-resisted|p2a: Skeledirge\n|-resisted|p2b: Wo-Chien\n|-damage|p2a: Skeledirge|91\/100\n|-damage|p2b: Wo-Chien|90\/100\n|move|p2b: Wo-Chien|Pollen Puff|p2a: Skeledirge\n|-heal|p2a: Skeledirge|100\/100\n|\n|-heal|p2b: Wo-Chien|96\/100|[from] item: Leftovers\n|upkeep\n|turn|4\n|\n|t:|1682047819\n|move|p1a: Meowscarada|Petal Blizzard|p2b: Wo-Chien|[spread] p2a,p2b\n|-ability|p1b: Goodra|Sap Sipper|boost\n|-boost|p1b: Goodra|atk|1\n|-resisted|p2a: Skeledirge\n|-resisted|p2b: Wo-Chien\n|-damage|p2a: Skeledirge|92\/100\n|-damage|p2b: Wo-Chien|87\/100\n|move|p2b: Wo-Chien|Pollen Puff|p2a: Skeledirge\n|-heal|p2a: Skeledirge|100\/100\n|move|p1b: Goodra|Stomping Tantrum|p2a: Skeledirge\n|-supereffective|p2a: Skeledirge\n|-damage|p2a: Skeledirge|78\/100\n|move|p2a: Skeledirge|Torch Song|p1a: Meowscarada\n|-supereffective|p1a: Meowscarada\n|-damage|p1a: Meowscarada|0 fnt\n|-boost|p2a: Skeledirge|spa|1\n|faint|p1a: Meowscarada\n|\n|-heal|p2b: Wo-Chien|92\/100|[from] item: Leftovers\n|upkeep\n|\n|t:|1682047836\n|switch|p1a: Weavile|Weavile, L50, F, shiny|88\/100\n|-ability|p1a: Weavile|Pressure\n|turn|5\n|\n|t:|1682047853\n|move|p2a: Skeledirge|Protect|p2a: Skeledirge\n|-singleturn|p2a: Skeledirge|Protect\n|move|p1a: Weavile|Beat Up|p2a: Skeledirge\n|-activate|p2a: Skeledirge|move: Protect\n|move|p2b: Wo-Chien|Leech Seed|p1a: Weavile\n|-start|p1a: Weavile|move: Leech Seed\n|move|p1b: Goodra|Stomping Tantrum|p2a: Skeledirge\n|-activate|p2a: Skeledirge|move: Protect\n|\n|-heal|p2b: Wo-Chien|98\/100|[from] item: Leftovers\n|-damage|p1a: Weavile|76\/100|[from] Leech Seed|[of] p2b: Wo-Chien\n|-heal|p2b: Wo-Chien|100\/100|[silent]\n|upkeep\n|turn|6\n|\n|t:|1682047874\n|switch|p2a: Palafin|Palafin-Hero, L50, M|100\/100\n|-activate|p2a: Palafin|ability: Zero to Hero\n|move|p1a: Weavile|Beat Up|p2a: Palafin\n|-damage|p2a: Palafin|94\/100\n|-damage|p2a: Palafin|87\/100\n|-hitcount|p2a: Palafin|2\n|move|p1b: Goodra|Stomping Tantrum|p2a: Palafin\n|-damage|p2a: Palafin|62\/100\n|move|p2b: Wo-Chien|Pollen Puff|p2a: Palafin\n|-heal|p2a: Palafin|100\/100\n|\n|-damage|p1a: Weavile|63\/100|[from] Leech Seed|[of] p2b: Wo-Chien\n|upkeep\n|turn|7\n|\n|t:|1682047900\n|move|p1a: Weavile|Brick Break|p2b: Wo-Chien\n|-resisted|p2b: Wo-Chien\n|-damage|p2b: Wo-Chien|92\/100\n|move|p2a: Palafin|Ice Punch|p1b: Goodra\n|-supereffective|p1b: Goodra\n|-damage|p1b: Goodra|61\/100\n|move|p1b: Goodra|Muddy Water|p2a: Palafin|[spread] p2a,p2b\n|-resisted|p2a: Palafin\n|-damage|p2a: Palafin|91\/100\n|-damage|p2b: Wo-Chien|81\/100\n|move|p2b: Wo-Chien|Pollen Puff|p2a: Palafin\n|-heal|p2a: Palafin|100\/100\n|\n|-heal|p2b: Wo-Chien|87\/100|[from] item: Leftovers\n|-damage|p1a: Weavile|51\/100|[from] Leech Seed|[of] p2b: Wo-Chien\n|-heal|p2b: Wo-Chien|97\/100|[silent]\n|upkeep\n|turn|8\n|\n|t:|1682047921\n|move|p1a: Weavile|Beat Up|p2a: Palafin\n|-damage|p2a: Palafin|95\/100\n|-damage|p2a: Palafin|89\/100\n|-hitcount|p2a: Palafin|2\n|move|p2a: Palafin|Ice Punch|p1b: Goodra\n|-supereffective|p1b: Goodra\n|-damage|p1b: Goodra|16\/100\n|move|p1b: Goodra|Muddy Water|p2a: Palafin|[spread] p2a,p2b\n|-resisted|p2a: Palafin\n|-damage|p2a: Palafin|81\/100\n|-damage|p2b: Wo-Chien|84\/100\n|-unboost|p2a: Palafin|accuracy|1\n|move|p2b: Wo-Chien|Pollen Puff|p2a: Palafin\n|-heal|p2a: Palafin|100\/100\n|\n|-heal|p2b: Wo-Chien|90\/100|[from] item: Leftovers\n|-damage|p1a: Weavile|38\/100|[from] Leech Seed|[of] p2b: Wo-Chien\n|-heal|p2b: Wo-Chien|100\/100|[silent]\n|upkeep\n|turn|9\n|\n|t:|1682047963\n|move|p1a: Weavile|Beat Up|p2a: Palafin\n|-damage|p2a: Palafin|94\/100\n|-damage|p2a: Palafin|87\/100\n|-hitcount|p2a: Palafin|2\n|move|p2a: Palafin|Ice Punch|p1b: Goodra\n|-supereffective|p1b: Goodra\n|-damage|p1b: Goodra|0 fnt\n|faint|p1b: Goodra\n|move|p2b: Wo-Chien|Pollen Puff|p2a: Palafin\n|-heal|p2a: Palafin|100\/100\n|\n|-damage|p1a: Weavile|26\/100|[from] Leech Seed|[of] p2b: Wo-Chien\n|upkeep\n|turn|10\n|-message|JEEA forfeited.\n|\n|win|ultramandyna\n|raw|JEEA's rating: 1073 → 1048<\/strong> (-25 for losing)\n|raw|ultramandyna's rating: 1000 → 1048<\/strong> (+48 for winning)\n|l|\u2606JEEA\n","uploadtime":1682047983,"views":6,"p1id":"jeea","p2id":"ultramandyna","formatid":"gen9vgc2023regulationc","rating":1048,"private":0,"password":""}