{"id":"gen9vgc2023regulationc-1852305674","p1":"Fantasma7770","p2":"r3gCt3st","format":"[Gen 9] VGC 2023 Regulation C","log":"|j|\u2606Fantasma7770\n|j|\u2606r3gCt3st\n|t:|1682542107\n|gametype|doubles\n|player|p1|Fantasma7770|hilbert|1231\n|player|p2|r3gCt3st|unknown|1208\n|teamsize|p1|6\n|teamsize|p2|6\n|gen|9\n|tier|[Gen 9] VGC 2023 Regulation C\n|rated|\n|rule|Species Clause: Limit one of each Pok\u00e9mon\n|rule|Item Clause: Limit one of each item\n|clearpoke\n|poke|p1|Ceruledge, L50, M|\n|poke|p1|Wo-Chien, L50|\n|poke|p1|Klefki, L50, M|\n|poke|p1|Iron Hands, L50|\n|poke|p1|Gyarados, L50, F|\n|poke|p1|Scizor, L50, M|\n|poke|p2|Gyarados, L50, F|\n|poke|p2|Annihilape, L50, M|\n|poke|p2|Ting-Lu, L50|\n|poke|p2|Flutter Mane, L50|\n|poke|p2|Amoonguss, L50, F|\n|poke|p2|Grimmsnarl, L50, M|\n|teampreview|4\nFantasma7770 rejected open team sheets.\n|\n|t:|1682542139\n|start\n|switch|p1a: Gyarados|Gyarados, L50, F|100\/100\n|switch|p1b: Iron Hands|Iron Hands, L50|100\/100\n|switch|p2a: Grimmsnarl|Grimmsnarl, L50, M|100\/100\n|switch|p2b: Annihilape|Annihilape, L50, M|100\/100\n|-ability|p1a: Gyarados|Intimidate|boost\n|-unboost|p2a: Grimmsnarl|atk|1\n|-unboost|p2b: Annihilape|atk|1\n|turn|1\n|\n|t:|1682542159\n|move|p1b: Iron Hands|Fake Out|p2a: Grimmsnarl\n|-damage|p2a: Grimmsnarl|85\/100\n|cant|p2a: Grimmsnarl|flinch\n|move|p2b: Annihilape|Bulk Up|p2b: Annihilape\n|-boost|p2b: Annihilape|atk|1\n|-boost|p2b: Annihilape|def|1\n|move|p1a: Gyarados|Thunder Wave|p2b: Annihilape\n|-status|p2b: Annihilape|par\n|\n|upkeep\n|turn|2\n|\n|t:|1682542185\n|move|p2a: Grimmsnarl|Reflect|p2a: Grimmsnarl\n|-sidestart|p2: r3gCt3st|Reflect\n|move|p1a: Gyarados|Taunt|p2b: Annihilape\n|-start|p2b: Annihilape|move: Taunt\n|move|p1b: Iron Hands|Volt Switch|p2a: Grimmsnarl\n|-damage|p2a: Grimmsnarl|73\/100\n|\n|t:|1682542192\n|-end|p1b: Iron Hands|Quark Drive|[silent]\n|switch|p1b: Scizor|Scizor, L50, M|100\/100|[from] Volt Switch\n|cant|p2b: Annihilape|move: Taunt|Bulk Up\n|\n|upkeep\n|turn|3\n|\n|t:|1682542205\n|move|p1b: Scizor|Bullet Punch|p2a: Grimmsnarl\n|-supereffective|p2a: Grimmsnarl\n|-damage|p2a: Grimmsnarl|11\/100\n|move|p2a: Grimmsnarl|Light Screen|p2a: Grimmsnarl\n|-sidestart|p2: r3gCt3st|move: Light Screen\n|move|p1a: Gyarados|Waterfall|p2a: Grimmsnarl\n|-damage|p2a: Grimmsnarl|0 fnt\n|faint|p2a: Grimmsnarl\n|move|p2b: Annihilape|Drain Punch|p1b: Scizor\n|-damage|p1b: Scizor|68\/100\n|\n|upkeep\n|\n|t:|1682542213\n|switch|p2a: Gyarados|Gyarados, L50, F|100\/100\n|-ability|p2a: Gyarados|Intimidate|boost\n|-unboost|p1a: Gyarados|atk|1\n|-unboost|p1b: Scizor|atk|1\n|turn|4\n|\n|t:|1682542225\n|switch|p2a: Amoonguss|Amoonguss, L50, F|100\/100\n|move|p1a: Gyarados|Thunder Wave|p2a: Amoonguss\n|-status|p2a: Amoonguss|par\n|move|p1b: Scizor|Tailwind|p1b: Scizor\n|-sidestart|p1: Fantasma7770|move: Tailwind\n|move|p2b: Annihilape|Drain Punch|p1b: Scizor\n|-damage|p1b: Scizor|31\/100\n|\n|-end|p2b: Annihilape|move: Taunt\n|upkeep\n|turn|5\n|\n|t:|1682542243\n|move|p1b: Scizor|Pounce|p2a: Amoonguss\n|-damage|p2a: Amoonguss|87\/100 par\n|-unboost|p2a: Amoonguss|spe|1\n|-damage|p1b: Scizor|15\/100|[from] item: Rocky Helmet|[of] p2a: Amoonguss\n|move|p1a: Gyarados|Taunt|p2a: Amoonguss\n|-start|p2a: Amoonguss|move: Taunt\n|cant|p2b: Annihilape|par\n|cant|p2a: Amoonguss|move: Taunt|Spore\n|\n|upkeep\n|turn|6\n|\n|t:|1682542259\n|switch|p2a: Gyarados|Gyarados, L50, F|100\/100\n|-ability|p2a: Gyarados|Intimidate|boost\n|-unboost|p1a: Gyarados|atk|1\n|-unboost|p1b: Scizor|atk|1\n|move|p1b: Scizor|Bullet Punch|p2a: Gyarados\n|-resisted|p2a: Gyarados\n|-damage|p2a: Gyarados|95\/100\n|move|p1a: Gyarados|Waterfall|p2a: Gyarados\n|-resisted|p2a: Gyarados\n|-damage|p2a: Gyarados|89\/100\n|move|p2b: Annihilape|Drain Punch|p1b: Scizor\n|-crit|p1b: Scizor\n|-damage|p1b: Scizor|0 fnt\n|faint|p1b: Scizor\n|\n|upkeep\n|\n|t:|1682542268\n|switch|p1b: Iron Hands|Iron Hands, L50|100\/100\n|turn|7\n|\n|t:|1682542278\n|switch|p2a: Amoonguss|Amoonguss, L50, F|100\/100 par\n|move|p1a: Gyarados|Taunt|p2a: Amoonguss\n|-start|p2a: Amoonguss|move: Taunt\n|move|p1b: Iron Hands|Thunder Punch|p2a: Amoonguss\n|-resisted|p2a: Amoonguss\n|-damage|p2a: Amoonguss|90\/100 par\n|-damage|p1b: Iron Hands|84\/100|[from] item: Rocky Helmet|[of] p2a: Amoonguss\n|move|p2b: Annihilape|Bulk Up|p2b: Annihilape\n|-boost|p2b: Annihilape|atk|1\n|-boost|p2b: Annihilape|def|1\n|\n|-sideend|p1: Fantasma7770|move: Tailwind\n|upkeep\n|turn|8\n|\n|t:|1682542306\n|switch|p1a: Wo-Chien|Wo-Chien, L50|100\/100\n|-ability|p1a: Wo-Chien|Tablets of Ruin\n|move|p1b: Iron Hands|Volt Switch|p2a: Amoonguss\n|-resisted|p2a: Amoonguss\n|-damage|p2a: Amoonguss|86\/100 par\n|\n|t:|1682542310\n|-end|p1b: Iron Hands|Quark Drive|[silent]\n|switch|p1b: Gyarados|Gyarados, L50, F|100\/100|[from] Volt Switch\n|-ability|p1b: Gyarados|Intimidate|boost\n|-unboost|p2a: Amoonguss|atk|1\n|-unboost|p2b: Annihilape|atk|1\n|move|p2b: Annihilape|Bulk Up|p2b: Annihilape\n|-boost|p2b: Annihilape|atk|1\n|-boost|p2b: Annihilape|def|1\n|cant|p2a: Amoonguss|par\n|\n|upkeep\n|turn|9\n|\n|t:|1682542331\n|move|p1b: Gyarados|Waterfall|p2a: Amoonguss\n|-resisted|p2a: Amoonguss\n|-damage|p2a: Amoonguss|78\/100 par\n|-damage|p1b: Gyarados|84\/100|[from] item: Rocky Helmet|[of] p2a: Amoonguss\n|move|p1a: Wo-Chien|Leech Seed|p2b: Annihilape\n|-start|p2b: Annihilape|move: Leech Seed\n|cant|p2b: Annihilape|par\n|cant|p2a: Amoonguss|flinch\n|\n|-damage|p2b: Annihilape|88\/100 par|[from] Leech Seed|[of] p1a: Wo-Chien\n|-end|p2a: Amoonguss|move: Taunt\n|-sideend|p2: r3gCt3st|Reflect\n|upkeep\n|turn|10\n|\n|t:|1682542351\n|switch|p2a: Gyarados|Gyarados, L50, F|89\/100\n|-ability|p2a: Gyarados|Intimidate|boost\n|-unboost|p1a: Wo-Chien|atk|1\n|-unboost|p1b: Gyarados|atk|1\n|move|p1b: Gyarados|Taunt|p2a: Gyarados\n|-start|p2a: Gyarados|move: Taunt\n|move|p1a: Wo-Chien|Knock Off|p2a: Gyarados\n|-damage|p2a: Gyarados|74\/100\n|-enditem|p2a: Gyarados|Lum Berry|[from] move: Knock Off|[of] p1a: Wo-Chien\n|move|p2b: Annihilape|Bulk Up|p2b: Annihilape\n|-boost|p2b: Annihilape|atk|1\n|-boost|p2b: Annihilape|def|1\n|\n|-heal|p2b: Annihilape|94\/100 par|[from] item: Leftovers\n|-damage|p2b: Annihilape|82\/100 par|[from] Leech Seed|[of] p1a: Wo-Chien\n|-sideend|p2: r3gCt3st|move: Light Screen\n|upkeep\n|turn|11\n|\n|t:|1682542386\n|switch|p2a: Amoonguss|Amoonguss, L50, F|100\/100 par\n|move|p1a: Wo-Chien|Protect|p1a: Wo-Chien\n|-singleturn|p1a: Wo-Chien|Protect\n|move|p1b: Gyarados|Thunder Wave|p2a: Amoonguss\n|-fail|p2a: Amoonguss|par\n|move|p2b: Annihilape|Drain Punch|p1a: Wo-Chien\n|-activate|p1a: Wo-Chien|move: Protect\n|\n|-heal|p2b: Annihilape|88\/100 par|[from] item: Leftovers\n|-damage|p2b: Annihilape|75\/100 par|[from] Leech Seed|[of] p1a: Wo-Chien\n|upkeep\n|turn|12\n|\n|t:|1682542405\n|move|p1b: Gyarados|Taunt|p2a: Amoonguss\n|-start|p2a: Amoonguss|move: Taunt\n|move|p1a: Wo-Chien|Knock Off|p2b: Annihilape\n|-damage|p2b: Annihilape|70\/100 par\n|-enditem|p2b: Annihilape|Leftovers|[from] move: Knock Off|[of] p1a: Wo-Chien\n|move|p2b: Annihilape|Drain Punch|p1a: Wo-Chien\n|-supereffective|p1a: Wo-Chien\n|-damage|p1a: Wo-Chien|28\/100\n|-heal|p2b: Annihilape|100\/100 par|[from] drain|[of] p1a: Wo-Chien\n|move|p2a: Amoonguss|Pollen Puff|p1a: Wo-Chien\n|-supereffective|p1a: Wo-Chien\n|-damage|p1a: Wo-Chien|0 fnt\n|faint|p1a: Wo-Chien\n|\n|upkeep\n|\n|t:|1682542418\n|switch|p1a: Iron Hands|Iron Hands, L50|84\/100\n|turn|13\n|\n|t:|1682542442\n|move|p1a: Iron Hands|Fake Out|p2a: Amoonguss\n|-damage|p2a: Amoonguss|87\/100 par\n|-damage|p1a: Iron Hands|67\/100|[from] item: Rocky Helmet|[of] p2a: Amoonguss\n|move|p1b: Gyarados|Icy Wind|p2a: Amoonguss|[spread] p2a,p2b\n|-supereffective|p2a: Amoonguss\n|-damage|p2a: Amoonguss|76\/100 par\n|-damage|p2b: Annihilape|96\/100 par\n|-unboost|p2a: Amoonguss|spe|1\n|-unboost|p2b: Annihilape|spe|1\n|move|p2b: Annihilape|Rage Fist|p1a: Iron Hands\n|-damage|p1a: Iron Hands|0 fnt\n|faint|p1a: Iron Hands\n|-end|p1a: Iron Hands|Quark Drive|[silent]\n|cant|p2a: Amoonguss|flinch\n|\n|upkeep\n|turn|14\n|-message|Fantasma7770 forfeited.\n|\n|win|r3gCt3st\n|raw|Fantasma7770's rating: 1231 → 1204<\/strong> (-27 for losing)\n|raw|r3gCt3st's rating: 1208 → 1235<\/strong> (+27 for winning)\n|l|\u2606Fantasma7770\n","uploadtime":1682542462,"views":12,"p1id":"fantasma7770","p2id":"r3gct3st","formatid":"gen9vgc2023regulationc","rating":1204,"private":0,"password":""}