{"id":"gen9vgc2023regulationc-1851059303","p1":"Asuka334","p2":"Chi U R Dead","format":"[Gen 9] VGC 2023 Regulation C","log":"|j|\u2606Asuka334\n|j|\u2606Chi U R Dead\n|t:|1682401837\n|gametype|doubles\n|player|p1|Asuka334|169|1675\n|player|p2|Chi U R Dead|marley|1609\n|teamsize|p1|6\n|teamsize|p2|6\n|gen|9\n|tier|[Gen 9] VGC 2023 Regulation C\n|rated|\n|rule|Species Clause: Limit one of each Pok\u00e9mon\n|rule|Item Clause: Limit one of each item\n|clearpoke\n|poke|p1|Orthworm, L50, F|\n|poke|p1|Dragonite, L50, M|\n|poke|p1|Ting-Lu, L50|\n|poke|p1|Gyarados, L50, M|\n|poke|p1|Flutter Mane, L50|\n|poke|p1|Chien-Pao, L50|\n|poke|p2|Espathra, L50, F|\n|poke|p2|Maushold-Four, L50|\n|poke|p2|Amoonguss, L50, F|\n|poke|p2|Iron Hands, L50|\n|poke|p2|Arcanine, L50, F|\n|poke|p2|Dondozo, L50, F|\n|teampreview|4\n|inactive|Battle timer is ON: inactive players will automatically lose when time's up. (requested by Chi U R Dead)\n|inactive|Asuka334 has 60 seconds left.\n|\n|t:|1682401887\n|start\n|switch|p1a: Gyarados|Gyarados, L50, M|100\/100\n|switch|p1b: Orthworm|Orthworm, L50, F|100\/100\n|switch|p2a: Espathra|Espathra, L50, F|100\/100\n|switch|p2b: Arcanine|Arcanine, L50, F|100\/100\n|-ability|p1a: Gyarados|Intimidate|boost\n|-unboost|p2a: Espathra|atk|1\n|-unboost|p2b: Arcanine|atk|1\n|-ability|p2b: Arcanine|Intimidate|boost\n|-unboost|p1a: Gyarados|atk|1\n|-unboost|p1b: Orthworm|atk|1\n|turn|1\n|\n|t:|1682401906\n|move|p2a: Espathra|Protect|p2a: Espathra\n|-singleturn|p2a: Espathra|Protect\n|move|p1a: Gyarados|Taunt|p2a: Espathra\n|-activate|p2a: Espathra|move: Protect\n|move|p2b: Arcanine|Flare Blitz|p1b: Orthworm\n|-supereffective|p1b: Orthworm\n|-damage|p1b: Orthworm|17\/100\n|-enditem|p1b: Orthworm|Sitrus Berry|[eat]\n|-heal|p1b: Orthworm|42\/100|[from] item: Sitrus Berry\n|-damage|p2b: Arcanine|76\/100|[from] Recoil\n|move|p1b: Orthworm|Shed Tail|p1b: Orthworm\n|-fail|p1b: Orthworm|move: Shed Tail|[weak]\n|\n|-ability|p2a: Espathra|Speed Boost|boost\n|-boost|p2a: Espathra|spe|1\n|upkeep\n|turn|2\n|inactive|Asuka334 has 30 seconds left.\n|\n|t:|1682401936\n|switch|p2a: Iron Hands|Iron Hands, L50|100\/100\n|move|p1a: Gyarados|Taunt|p2a: Iron Hands\n|-start|p2a: Iron Hands|move: Taunt\n|move|p2b: Arcanine|Flare Blitz|p1b: Orthworm\n|-supereffective|p1b: Orthworm\n|-damage|p1b: Orthworm|0 fnt\n|faint|p1b: Orthworm\n|-damage|p2b: Arcanine|64\/100|[from] Recoil\n|\n|upkeep\n|\n|t:|1682401939\n|switch|p1b: Ting-Lu|Ting-Lu, L50|100\/100\n|-ability|p1b: Ting-Lu|Vessel of Ruin\n|turn|3\n|inactive|Asuka334 has 30 seconds left.\n|j| LC77777\n|\n|t:|1682401969\n|switch|p2b: Maushold|Maushold-Four, L50|100\/100\n|move|p1a: Gyarados|Waterfall|p2a: Iron Hands\n|-damage|p2a: Iron Hands|88\/100\n|move|p1b: Ting-Lu|Earthquake|p2b: Maushold|[spread] p2a,p2b\n|-immune|p1a: Gyarados\n|-supereffective|p2a: Iron Hands\n|-damage|p2a: Iron Hands|29\/100\n|-damage|p2b: Maushold|50\/100\n|-enditem|p2b: Maushold|Sitrus Berry|[eat]\n|-heal|p2b: Maushold|75\/100|[from] item: Sitrus Berry\n|move|p2a: Iron Hands|Volt Switch|p1a: Gyarados\n|-supereffective|p1a: Gyarados\n|-damage|p1a: Gyarados|70\/100\n|\n|t:|1682401985\n|-end|p2a: Iron Hands|Quark Drive|[silent]\n|switch|p2a: Espathra|Espathra, L50, F|100\/100|[from] Volt Switch\n|\n|upkeep\n|turn|4\n|\n|t:|1682402004\n|switch|p1a: Dragonite|Dragonite, L50, M|100\/100\n|move|p2a: Espathra|Protect|p2a: Espathra\n|-singleturn|p2a: Espathra|Protect\n|move|p2b: Maushold|Taunt|p1a: Dragonite\n|-start|p1a: Dragonite|move: Taunt\n|move|p1b: Ting-Lu|Earthquake|p2b: Maushold|[spread] p2b\n|-activate|p2a: Espathra|move: Protect\n|-immune|p1a: Dragonite\n|-damage|p2b: Maushold|23\/100\n|\n|-ability|p2a: Espathra|Speed Boost|boost\n|-boost|p2a: Espathra|spe|1\n|upkeep\n|turn|5\n|\n|t:|1682402022\n|switch|p2b: Arcanine|Arcanine, L50, F|64\/100\n|-ability|p2b: Arcanine|Intimidate|boost\n|-unboost|p1a: Dragonite|atk|1\n|-unboost|p1b: Ting-Lu|atk|1\n|-terastallize|p1a: Dragonite|Flying\n|move|p2a: Espathra|Calm Mind|p2a: Espathra\n|-boost|p2a: Espathra|spa|1\n|-boost|p2a: Espathra|spd|1\n|move|p1a: Dragonite|Tera Blast|p2a: Espathra\n|-damage|p2a: Espathra|64\/100\n|move|p1b: Ting-Lu|Earthquake|p2a: Espathra|[spread] p2a,p2b\n|-immune|p1a: Dragonite\n|-supereffective|p2b: Arcanine\n|-damage|p2a: Espathra|33\/100\n|-damage|p2b: Arcanine|0 fnt\n|faint|p2b: Arcanine\n|\n|-heal|p2a: Espathra|39\/100|[from] item: Leftovers\n|-ability|p2a: Espathra|Speed Boost|boost\n|-boost|p2a: Espathra|spe|1\n|upkeep\n|inactive|Chi U R Dead has 30 seconds left.\n|inactive|Chi U R Dead has 20 seconds left.\n|\n|t:|1682402057\n|switch|p2b: Maushold|Maushold-Four, L50|23\/100\n|turn|6\n|\n|t:|1682402068\n|move|p2a: Espathra|Protect|p2a: Espathra\n|-singleturn|p2a: Espathra|Protect\n|move|p1a: Dragonite|Tera Blast|p2a: Espathra\n|-activate|p2a: Espathra|move: Protect\n|move|p2b: Maushold|Super Fang|p1a: Dragonite\n|-damage|p1a: Dragonite|50\/100\n|move|p1b: Ting-Lu|Earthquake|p2b: Maushold|[spread] p2b\n|-activate|p2a: Espathra|move: Protect\n|-immune|p1a: Dragonite\n|-damage|p2b: Maushold|0 fnt\n|faint|p2b: Maushold\n|\n|-heal|p2a: Espathra|45\/100|[from] item: Leftovers\n|-end|p1a: Dragonite|move: Taunt\n|-ability|p2a: Espathra|Speed Boost|boost\n|-boost|p2a: Espathra|spe|1\n|upkeep\n|\n|t:|1682402076\n|switch|p2b: Iron Hands|Iron Hands, L50|29\/100\n|turn|7\n|inactive|Chi U R Dead has 30 seconds left.\n|\n|t:|1682402110\n|switch|p1a: Gyarados|Gyarados, L50, M|70\/100\n|-ability|p1a: Gyarados|Intimidate|boost\n|-unboost|p2a: Espathra|atk|1\n|-unboost|p2b: Iron Hands|atk|1\n|move|p2b: Iron Hands|Fake Out|p1b: Ting-Lu\n|-damage|p1b: Ting-Lu|94\/100\n|move|p2a: Espathra|Stored Power|p1a: Gyarados\n|-damage|p1a: Gyarados|30\/100\n|cant|p1b: Ting-Lu|flinch\n|\n|-heal|p2a: Espathra|50\/100|[from] item: Leftovers\n|-ability|p2a: Espathra|Speed Boost|boost\n|-boost|p2a: Espathra|spe|1\n|upkeep\n|turn|8\n|inactive|Asuka334 has 30 seconds left.\n|\n|t:|1682402137\n|-terastallize|p2b: Iron Hands|Grass\n|move|p2a: Espathra|Stored Power|p1a: Gyarados\n|-damage|p1a: Gyarados|0 fnt\n|faint|p1a: Gyarados\n|move|p1b: Ting-Lu|Earthquake|p2b: Iron Hands|[spread] p2a,p2b\n|-resisted|p2b: Iron Hands\n|-damage|p2a: Espathra|20\/100\n|-damage|p2b: Iron Hands|17\/100\n|move|p2b: Iron Hands|Drain Punch|p1b: Ting-Lu\n|-supereffective|p1b: Ting-Lu\n|-damage|p1b: Ting-Lu|55\/100\n|-heal|p2b: Iron Hands|36\/100|[from] drain|[of] p1b: Ting-Lu\n|\n|-heal|p2a: Espathra|26\/100|[from] item: Leftovers\n|-ability|p2a: Espathra|Speed Boost|boost\n|-boost|p2a: Espathra|spe|1\n|upkeep\n|\n|t:|1682402142\n|switch|p1a: Dragonite|Dragonite, L50, M, tera:Flying|50\/100\n|turn|9\n|inactive|Asuka334 has 30 seconds left.\n|\n|t:|1682402173\n|move|p1a: Dragonite|Extreme Speed|p2b: Iron Hands\n|-damage|p2b: Iron Hands|16\/100\n|move|p2a: Espathra|Stored Power|p1a: Dragonite\n|-damage|p1a: Dragonite|0 fnt\n|faint|p1a: Dragonite\n|move|p1b: Ting-Lu|Earthquake|p2b: Iron Hands|[spread] p2a,p2b\n|-resisted|p2b: Iron Hands\n|-damage|p2a: Espathra|0 fnt\n|-damage|p2b: Iron Hands|4\/100\n|faint|p2a: Espathra\n|move|p2b: Iron Hands|Drain Punch|p1b: Ting-Lu\n|-supereffective|p1b: Ting-Lu\n|-damage|p1b: Ting-Lu|22\/100\n|-heal|p2b: Iron Hands|21\/100|[from] drain|[of] p1b: Ting-Lu\n|\n|upkeep\n|turn|10\n|\n|t:|1682402179\n|move|p1b: Ting-Lu|Earthquake|p2b: Iron Hands\n|-resisted|p2b: Iron Hands\n|-damage|p2b: Iron Hands|7\/100\n|move|p2b: Iron Hands|Drain Punch|p1b: Ting-Lu\n|-supereffective|p1b: Ting-Lu\n|-damage|p1b: Ting-Lu|0 fnt\n|-heal|p2b: Iron Hands|18\/100|[from] drain|[of] p1b: Ting-Lu\n|faint|p1b: Ting-Lu\n|\n|win|Chi U R Dead\n|raw|Asuka334's rating: 1675 → 1651<\/strong> (-24 for losing)\n|raw|Chi U R Dead's rating: 1609 → 1633<\/strong> (+24 for winning)\n|l|\u2606Asuka334\n","uploadtime":1682402186,"views":18,"p1id":"asuka334","p2id":"chiurdead","formatid":"gen9vgc2023regulationc","rating":1633,"private":0,"password":""}