{"id":"gen9vgc2023regulationc-1863981299","p1":"QrdeJegoMac","p2":"nickfang6","format":"[Gen 9] VGC 2023 Regulation C","log":"|j|\u2606QrdeJegoMac\n|j|\u2606nickfang6\n|t:|1684100938\n|gametype|doubles\n|player|p1|QrdeJegoMac|1|1555\n|player|p2|nickfang6|101|1503\n|teamsize|p1|6\n|teamsize|p2|6\n|gen|9\n|tier|[Gen 9] VGC 2023 Regulation C\n|rated|\n|rule|Species Clause: Limit one of each Pok\u00e9mon\n|rule|Item Clause: Limit one of each item\n|clearpoke\n|poke|p1|Murkrow, L50, F|\n|poke|p1|Chi-Yu, L50|\n|poke|p1|Flutter Mane, L50|\n|poke|p1|Great Tusk, L50|\n|poke|p1|Chien-Pao, L50|\n|poke|p1|Corviknight, L50, M|\n|poke|p2|Iron Bundle, L50|\n|poke|p2|Flutter Mane, L50|\n|poke|p2|Chien-Pao, L50|\n|poke|p2|Kingambit, L50, F|\n|poke|p2|Scizor, L50, F|\n|poke|p2|Great Tusk, L50|\n|teampreview|4\n|inactive|Battle timer is ON: inactive players will automatically lose when time's up. (requested by nickfang6)\n|inactive|QrdeJegoMac also wants the timer to be on.\nQrdeJegoMac has agreed to open team sheets.\nnickfang6 has agreed to open team sheets.\n|inactive|nickfang6 has 60 seconds left.\n|inactive|nickfang6 has 30 seconds left.\n|\n|t:|1684101003\n|start\n|switch|p1a: Chi-Yu|Chi-Yu, L50|100\/100\n|switch|p1b: Murkrow|Murkrow, L50, F, shiny|100\/100\n|switch|p2a: Kingambit|Kingambit, L50, F|100\/100\n|switch|p2b: Chien-Pao|Chien-Pao, L50|100\/100\n|-ability|p2b: Chien-Pao|Sword of Ruin\n|-ability|p1a: Chi-Yu|Beads of Ruin\n|turn|1\n|\n|t:|1684101021\n|move|p2b: Chien-Pao|Sucker Punch|p1a: Chi-Yu\n|-resisted|p1a: Chi-Yu\n|-damage|p1a: Chi-Yu|60\/100\n|move|p1b: Murkrow|Tailwind|p1b: Murkrow\n|-sidestart|p1: QrdeJegoMac|move: Tailwind\n|move|p2a: Kingambit|Sucker Punch|p1a: Chi-Yu\n|-resisted|p1a: Chi-Yu\n|-damage|p1a: Chi-Yu|19\/100\n|move|p1a: Chi-Yu|Heat Wave|p2a: Kingambit|[spread] p2a\n|-miss|p1a: Chi-Yu|p2b: Chien-Pao\n|-supereffective|p2a: Kingambit\n|-damage|p2a: Kingambit|20\/100\n|-damage|p1a: Chi-Yu|9\/100|[from] item: Life Orb\n|\n|upkeep\n|turn|2\n|c|\u2606QrdeJegoMac|cmon\n|c|\u2606QrdeJegoMac|i can't hit both targets today\n|inactive|QrdeJegoMac has 30 seconds left.\n|inactive|nickfang6 has 30 seconds left.\n|\n|t:|1684101050\n|switch|p1a: Great Tusk|Great Tusk, L50|100\/100\n|switch|p1b: Chien-Pao|Chien-Pao, L50|100\/100\n|-ability|p1b: Chien-Pao|Sword of Ruin\n|switch|p2a: Flutter Mane|Flutter Mane, L50|100\/100\n|move|p2b: Chien-Pao|Ice Spinner|p1b: Chien-Pao\n|-resisted|p1b: Chien-Pao\n|-damage|p1b: Chien-Pao|72\/100\n|\n|upkeep\n|turn|3\n|inactive|QrdeJegoMac has 30 seconds left.\n|\n|t:|1684101079\n|-terastallize|p1a: Great Tusk|Steel\n|move|p2b: Chien-Pao|Protect|p2b: Chien-Pao\n|-singleturn|p2b: Chien-Pao|Protect\n|move|p2a: Flutter Mane|Protect|p2a: Flutter Mane\n|-singleturn|p2a: Flutter Mane|Protect\n|move|p1a: Great Tusk|Headlong Rush|p2b: Chien-Pao\n|-activate|p2b: Chien-Pao|move: Protect\n|move|p1b: Chien-Pao|Sacred Sword|p2b: Chien-Pao\n|-activate|p2b: Chien-Pao|move: Protect\n|\n|upkeep\n|turn|4\n|inactive|nickfang6 has 30 seconds left.\n|\n|t:|1684101109\n|-terastallize|p2b: Chien-Pao|Flying\n|move|p1a: Great Tusk|Headlong Rush|p2a: Flutter Mane\n|-damage|p2a: Flutter Mane|0 fnt\n|-unboost|p1a: Great Tusk|def|1\n|-unboost|p1a: Great Tusk|spd|1\n|faint|p2a: Flutter Mane\n|-end|p2a: Flutter Mane|Protosynthesis|[silent]\n|move|p1b: Chien-Pao|Sacred Sword|p2b: Chien-Pao\n|-resisted|p2b: Chien-Pao\n|-damage|p2b: Chien-Pao|80\/100\n|move|p2b: Chien-Pao|Sacred Sword|p1a: Great Tusk\n|-supereffective|p1a: Great Tusk\n|-damage|p1a: Great Tusk|37\/100\n|\n|-sideend|p1: QrdeJegoMac|move: Tailwind\n|upkeep\n|\n|t:|1684101115\n|switch|p2a: Iron Bundle|Iron Bundle, L50|100\/100\n|-enditem|p2a: Iron Bundle|Booster Energy\n|-activate|p2a: Iron Bundle|ability: Quark Drive|[fromitem]\n|-start|p2a: Iron Bundle|quarkdrivespe\n|turn|5\n|\n|t:|1684101133\n|-end|p1a: Great Tusk|Protosynthesis|[silent]\n|switch|p1a: Murkrow|Murkrow, L50, F, shiny|100\/100\n|move|p1b: Chien-Pao|Sucker Punch|p2b: Chien-Pao\n|-damage|p2b: Chien-Pao|29\/100\n|move|p2a: Iron Bundle|Freeze-Dry|p1a: Murkrow\n|-supereffective|p1a: Murkrow\n|-damage|p1a: Murkrow|20\/100\n|move|p2b: Chien-Pao|Sacred Sword|p1b: Chien-Pao\n|-supereffective|p1b: Chien-Pao\n|-damage|p1b: Chien-Pao|0 fnt\n|faint|p1b: Chien-Pao\n|\n|upkeep\n|\n|t:|1684101140\n|switch|p1b: Great Tusk|Great Tusk, L50, tera:Steel|37\/100\n|turn|6\n|\n|t:|1684101154\n|switch|p2b: Kingambit|Kingambit, L50, F|20\/100\n|move|p2a: Iron Bundle|Protect|p2a: Iron Bundle\n|-singleturn|p2a: Iron Bundle|Protect\n|move|p1a: Murkrow|Tailwind|p1a: Murkrow\n|-sidestart|p1: QrdeJegoMac|move: Tailwind\n|move|p1b: Great Tusk|Rock Slide|p2b: Kingambit|[spread] p2b\n|-activate|p2a: Iron Bundle|move: Protect\n|-resisted|p2b: Kingambit\n|-damage|p2b: Kingambit|12\/100\n|\n|upkeep\n|turn|7\n|\n|t:|1684101175\n|-end|p1b: Great Tusk|Protosynthesis|[silent]\n|switch|p1b: Chi-Yu|Chi-Yu, L50|9\/100\n|-ability|p1b: Chi-Yu|Beads of Ruin\n|move|p2b: Kingambit|Sucker Punch||[still]\n|-fail|p2b: Kingambit\n|move|p2a: Iron Bundle|Icy Wind|p1a: Murkrow|[spread] p1a,p1b\n|-supereffective|p1a: Murkrow\n|-resisted|p1b: Chi-Yu\n|-damage|p1a: Murkrow|0 fnt\n|-damage|p1b: Chi-Yu|0 fnt\n|faint|p1a: Murkrow\n|faint|p1b: Chi-Yu\n|\n|upkeep\n|\n|t:|1684101182\n|switch|p1b: Great Tusk|Great Tusk, L50, tera:Steel|37\/100\n|turn|8\n|\n|t:|1684101186\n|move|p2b: Kingambit|Sucker Punch|p1b: Great Tusk\n|-damage|p1b: Great Tusk|5\/100\n|move|p1b: Great Tusk|Rock Slide|p2b: Kingambit|[spread] p2a,p2b\n|-supereffective|p2a: Iron Bundle\n|-resisted|p2b: Kingambit\n|-damage|p2a: Iron Bundle|49\/100\n|-damage|p2b: Kingambit|4\/100\n|move|p2a: Iron Bundle|Freeze-Dry|p1b: Great Tusk\n|-resisted|p1b: Great Tusk\n|-damage|p1b: Great Tusk|0 fnt\n|faint|p1b: Great Tusk\n|-end|p1b: Great Tusk|Protosynthesis|[silent]\n|\n|win|nickfang6\n|raw|QrdeJegoMac's rating: 1555 → 1532<\/strong> (-23 for losing)\n|raw|nickfang6's rating: 1503 → 1526<\/strong> (+23 for winning)\n|c|\u2606QrdeJegoMac|gg\n|l|\u2606QrdeJegoMac\n|c|\u2606nickfang6|gg\n","uploadtime":1684101198,"views":13,"p1id":"qrdejegomac","p2id":"nickfang6","formatid":"gen9vgc2023regulationc","rating":1526,"private":0,"password":""}