{"id":"gen9vgc2023regulationc-1861274889","p1":"kmilly132","p2":"play3r35","format":"[Gen 9] VGC 2023 Regulation C","log":"|j|\u2606kmilly132\n|j|\u2606play3r35\n|t:|1683741596\n|gametype|doubles\n|player|p1|kmilly132|169|\n|player|p2|play3r35|caitlin|\n|teamsize|p1|6\n|teamsize|p2|6\n|gen|9\n|tier|[Gen 9] VGC 2023 Regulation C\n|rated|Tournament battle\n|rule|Species Clause: Limit one of each Pok\u00e9mon\n|rule|Item Clause: Limit one of each item\n|clearpoke\n|poke|p1|Chi-Yu, L50|\n|poke|p1|Scream Tail, L50|\n|poke|p1|Flutter Mane, L50|\n|poke|p1|Palafin, L50, M|\n|poke|p1|Kingambit, L50, F|\n|poke|p1|Amoonguss, L50, M|\n|poke|p2|Murkrow, L50, M|\n|poke|p2|Torkoal, L50, M|\n|poke|p2|Great Tusk, L50|\n|poke|p2|Flutter Mane, L50|\n|poke|p2|Brute Bonnet, L50|\n|poke|p2|Iron Bundle, L50|\n|teampreview|4\n|raw| Open Team Sheet for kmilly132<\/summary>Chi-Yu @ Safety Goggles Ability: Beads of Ruin Level: 50 Tera Type: Ghost - Protect - Heat Wave - Dark Pulse - Nasty Plot Scream Tail @ Booster Energy Ability: Protosynthesis Level: 50 Tera Type: Grass - Dazzling Gleam - Encore - Protect - Disable Flutter Mane @ Choice Specs Ability: Protosynthesis Level: 50 Tera Type: Fairy - Shadow Ball - Power Gem - Dazzling Gleam - Moonblast Palafin @ Mystic Water Ability: Zero to Hero Level: 50 Tera Type: Water - Wave Crash - Jet Punch - Haze - Protect Kingambit @ Black Glasses Ability: Defiant Level: 50 Tera Type: Dark - Sucker Punch - Kowtow Cleave - Swords Dance - Protect Amoonguss @ Sitrus Berry Ability: Regenerator Level: 50 Tera Type: Water - Pollen Puff - Spore - Rage Powder - Protect <\/details><\/div> Open Team Sheet for play3r35<\/summary>Murkrow @ Eviolite Ability: Prankster Level: 50 Tera Type: Ghost - Tailwind - Haze - Foul Play - Sunny Day Torkoal @ Eject Pack Ability: Drought Level: 50 Tera Type: Fighting - Overheat - Helping Hand - Body Press - Protect Great Tusk @ Choice Scarf Ability: Protosynthesis Level: 50 Hidden Power: Fighting Tera Type: Ground - Earthquake - Headlong Rush - Close Combat - Facade Flutter Mane @ Choice Specs Ability: Protosynthesis Level: 50 Tera Type: Fairy - Shadow Ball - Dazzling Gleam - Moonblast - Thunderbolt Brute Bonnet @ Loaded Dice Ability: Protosynthesis Level: 50 Tera Type: Poison - Bullet Seed - Sucker Punch - Spore - Protect Iron Bundle @ Booster Energy Ability: Quark Drive Level: 50 Tera Type: Flying - Icy Wind - Freeze-Dry - Encore - Protect <\/details><\/div>\n|inactive|Battle timer is ON: inactive players will automatically lose when time's up. (requested by play3r35)\n|inactive|kmilly132 has 60 seconds left.\n|inactive|play3r35 has 60 seconds left.\n|inactive|play3r35 has 30 seconds left.\n|inactive|play3r35 has 20 seconds left.\n|\n|t:|1683741668\n|start\n|switch|p1a: Flutter Mane|Flutter Mane, L50|100\/100\n|switch|p1b: Amoonguss|Amoonguss, L50, M|100\/100\n|switch|p2a: Murkrow|Murkrow, L50, M|100\/100\n|switch|p2b: Brute Bonnet|Brute Bonnet, L50|100\/100\n|turn|1\n|inactive|kmilly132 has 30 seconds left.\n|\n|t:|1683741698\n|move|p2a: Murkrow|Tailwind|p2a: Murkrow\n|-sidestart|p2: play3r35|move: Tailwind\n|move|p2b: Brute Bonnet|Spore|p1a: Flutter Mane\n|-status|p1a: Flutter Mane|slp|[from] move: Spore\n|cant|p1a: Flutter Mane|slp\n|move|p1b: Amoonguss|Spore|p2b: Brute Bonnet\n|-immune|p2b: Brute Bonnet\n|\n|upkeep\n|turn|2\n|\n|t:|1683741712\n|move|p2a: Murkrow|Sunny Day|p2a: Murkrow\n|-weather|SunnyDay\n|-activate|p2b: Brute Bonnet|ability: Protosynthesis\n|-start|p2b: Brute Bonnet|protosynthesisatk\n|-activate|p1a: Flutter Mane|ability: Protosynthesis\n|-start|p1a: Flutter Mane|protosynthesisspe\n|cant|p1a: Flutter Mane|slp\n|move|p2b: Brute Bonnet|Bullet Seed|p1a: Flutter Mane\n|-damage|p1a: Flutter Mane|69\/100 slp\n|-damage|p1a: Flutter Mane|40\/100 slp\n|-damage|p1a: Flutter Mane|11\/100 slp\n|-damage|p1a: Flutter Mane|0 fnt\n|faint|p1a: Flutter Mane\n|-end|p1a: Flutter Mane|Protosynthesis|[silent]\n|-hitcount|p1: Flutter Mane|4\n|move|p1b: Amoonguss|Spore|p2a: Murkrow\n|-status|p2a: Murkrow|slp|[from] move: Spore\n|\n|-weather|SunnyDay|[upkeep]\n|upkeep\n|inactive|kmilly132 has 30 seconds left.\n|inactive|kmilly132 has 20 seconds left.\n|inactive|kmilly132 has 15 seconds left.\n|inactive|kmilly132 has 10 seconds left.\n|inactive|kmilly132 has 5 seconds left.\n|\n|t:|1683741765\n|switch|p1a: Chi-Yu|Chi-Yu, L50|100\/100\n|-ability|p1a: Chi-Yu|Beads of Ruin\n|turn|3\n|inactive|play3r35 has 30 seconds left.\n|\n|t:|1683741793\n|switch|p2a: Flutter Mane|Flutter Mane, L50|100\/100\n|-activate|p2a: Flutter Mane|ability: Protosynthesis\n|-start|p2a: Flutter Mane|protosynthesisspe\n|move|p2b: Brute Bonnet|Protect|p2b: Brute Bonnet\n|-singleturn|p2b: Brute Bonnet|Protect\n|move|p1a: Chi-Yu|Heat Wave|p2b: Brute Bonnet|[spread] p2a\n|-activate|p2b: Brute Bonnet|move: Protect\n|-damage|p2a: Flutter Mane|33\/100\n|move|p1b: Amoonguss|Pollen Puff|p1a: Chi-Yu\n|-immune|p1a: Chi-Yu\n|\n|-weather|SunnyDay|[upkeep]\n|upkeep\n|turn|4\n|inactive|kmilly132 has 30 seconds left.\n|inactive|kmilly132 has 20 seconds left.\n|inactive|kmilly132 has 15 seconds left.\n|inactive|play3r35 has 30 seconds left.\n|\n|t:|1683741842\n|-terastallize|p2a: Flutter Mane|Fairy\n|move|p1a: Chi-Yu|Protect|p1a: Chi-Yu\n|-singleturn|p1a: Chi-Yu|Protect\n|move|p2b: Brute Bonnet|Sucker Punch||[still]\n|-fail|p2b: Brute Bonnet\n|move|p2a: Flutter Mane|Moonblast|p1a: Chi-Yu\n|-activate|p1a: Chi-Yu|move: Protect\n|move|p1b: Amoonguss|Spore|p2a: Flutter Mane\n|-status|p2a: Flutter Mane|slp|[from] move: Spore\n|\n|-weather|SunnyDay|[upkeep]\n|-sideend|p2: play3r35|move: Tailwind\n|upkeep\n|turn|5\n|inactive|kmilly132 has 30 seconds left.\n|inactive|kmilly132 has 20 seconds left.\n|inactive|kmilly132 has 15 seconds left.\n|\n|t:|1683741883\n|cant|p2a: Flutter Mane|slp\n|move|p1a: Chi-Yu|Heat Wave|p2b: Brute Bonnet|[spread] p2a,p2b\n|-supereffective|p2b: Brute Bonnet\n|-damage|p2a: Flutter Mane|0 fnt\n|-damage|p2b: Brute Bonnet|0 fnt\n|faint|p2a: Flutter Mane\n|-end|p2a: Flutter Mane|Protosynthesis|[silent]\n|faint|p2b: Brute Bonnet\n|-end|p2b: Brute Bonnet|Protosynthesis|[silent]\n|move|p1b: Amoonguss|Pollen Puff|p1a: Chi-Yu\n|-immune|p1a: Chi-Yu\n|\n|-weather|SunnyDay|[upkeep]\n|upkeep\n|\n|t:|1683741888\n|switch|p2a: Great Tusk|Great Tusk, L50|100\/100\n|switch|p2b: Murkrow|Murkrow, L50, M|100\/100 slp\n|-activate|p2a: Great Tusk|ability: Protosynthesis\n|-start|p2a: Great Tusk|protosynthesisatk\n|turn|6\n|\n|t:|1683741905\n|move|p1a: Chi-Yu|Protect|p1a: Chi-Yu\n|-singleturn|p1a: Chi-Yu|Protect\n|move|p2a: Great Tusk|Earthquake|p1a: Chi-Yu|[spread] p1b\n|-activate|p1a: Chi-Yu|move: Protect\n|-immune|p2b: Murkrow\n|-damage|p1b: Amoonguss|60\/100\n|cant|p2b: Murkrow|slp\n|move|p1b: Amoonguss|Spore|p2a: Great Tusk\n|-status|p2a: Great Tusk|slp|[from] move: Spore\n|\n|-weather|none\n|-end|p2a: Great Tusk|Protosynthesis\n|upkeep\n|turn|7\n|inactive|kmilly132 has 30 seconds left.\n|\n|t:|1683741934\n|cant|p2b: Murkrow|slp\n|cant|p2a: Great Tusk|slp\n|move|p1a: Chi-Yu|Nasty Plot|p1a: Chi-Yu\n|-boost|p1a: Chi-Yu|spa|2\n|move|p1b: Amoonguss|Spore|p2b: Murkrow\n|-fail|p2b: Murkrow|slp\n|\n|upkeep\n|turn|8\n|\n|t:|1683741950\n|-terastallize|p1a: Chi-Yu|Ghost\n|move|p1b: Amoonguss|Rage Powder|p1b: Amoonguss\n|-singleturn|p1b: Amoonguss|move: Rage Powder\n|-curestatus|p2b: Murkrow|slp|[msg]\n|move|p2b: Murkrow|Sunny Day|p2b: Murkrow\n|-weather|SunnyDay\n|-activate|p2a: Great Tusk|ability: Protosynthesis\n|-start|p2a: Great Tusk|protosynthesisatk\n|cant|p2a: Great Tusk|slp\n|move|p1a: Chi-Yu|Heat Wave|p2a: Great Tusk|[spread] p2a,p2b\n|-damage|p2a: Great Tusk|0 fnt\n|-damage|p2b: Murkrow|0 fnt\n|faint|p2a: Great Tusk\n|-end|p2a: Great Tusk|Protosynthesis|[silent]\n|faint|p2b: Murkrow\n|\n|win|kmilly132\n|n|\u2606kmilly132|kmilly132\n|n|\u2606play3r35|play3r35\n|l|\u2606play3r35\n","uploadtime":1683743468,"views":13,"p1id":"kmilly132","p2id":"play3r35","formatid":"gen9vgc2023regulationc","rating":0,"private":0,"password":""}