{"id":"gen9vgc2023regulationc-1844821221","p1":"MC_Conqueror","p2":"Cage92","format":"[Gen 9] VGC 2023 Regulation C","log":"|j|\u2606MC_Conqueror\n|j|\u2606Cage92\n|t:|1681652632\n|gametype|doubles\n|player|p1|MC_Conqueror|170|1218\n|player|p2|Cage92|102|1138\n|teamsize|p1|6\n|teamsize|p2|6\n|gen|9\n|tier|[Gen 9] VGC 2023 Regulation C\n|rated|\n|rule|Species Clause: Limit one of each Pok\u00e9mon\n|rule|Item Clause: Limit one of each item\n|clearpoke\n|poke|p1|Palafin, L50, F|\n|poke|p1|Flutter Mane, L50|\n|poke|p1|Chi-Yu, L50|\n|poke|p1|Wo-Chien, L50|\n|poke|p1|Glimmora, L50, F|\n|poke|p1|Scizor, L50, F|\n|poke|p2|Glimmora, L50, F|\n|poke|p2|Wo-Chien, L50|\n|poke|p2|Ting-Lu, L50|\n|poke|p2|Flutter Mane, L50|\n|poke|p2|Arcanine, L50, M|\n|poke|p2|Gothitelle, L50, F|\n|teampreview|4\nCage92 has agreed to open team sheets.\n|inactive|Battle timer is ON: inactive players will automatically lose when time's up. (requested by Cage92)\n|\n|t:|1681652669\n|start\n|switch|p1a: Palafin|Palafin, L50, F|100\/100\n|switch|p1b: Scizor|Scizor, L50, F|100\/100\n|switch|p2a: Gothitelle|Gothitelle, L50, F|100\/100\n|switch|p2b: Ting-Lu|Ting-Lu, L50|100\/100\n|-ability|p2b: Ting-Lu|Vessel of Ruin\n|turn|1\n|inactive|MC_Conqueror has 30 seconds left.\n|inactive|Cage92 has 30 seconds left.\n|inactive|Cage92 has 20 seconds left.\n|\n|t:|1681652709\n|move|p1a: Palafin|Protect|p1a: Palafin\n|-singleturn|p1a: Palafin|Protect\n|move|p2a: Gothitelle|Fake Out|p1a: Palafin\n|-activate|p1a: Palafin|move: Protect\n|move|p1b: Scizor|Pounce|p2a: Gothitelle\n|-supereffective|p2a: Gothitelle\n|-damage|p2a: Gothitelle|18\/100\n|-unboost|p2a: Gothitelle|spe|1\n|-enditem|p2a: Gothitelle|Sitrus Berry|[eat]\n|-heal|p2a: Gothitelle|43\/100|[from] item: Sitrus Berry\n|move|p2b: Ting-Lu|Fissure|p1a: Palafin\n|-activate|p1a: Palafin|move: Protect\n|\n|upkeep\n|turn|2\n|\n|t:|1681652733\n|move|p2a: Gothitelle|Protect|p2a: Gothitelle\n|-singleturn|p2a: Gothitelle|Protect\n|move|p1a: Palafin|Wave Crash|p2b: Ting-Lu\n|-supereffective|p2b: Ting-Lu\n|-damage|p2b: Ting-Lu|36\/100\n|-damage|p1a: Palafin|75\/100|[from] Recoil\n|move|p1b: Scizor|Swords Dance|p1b: Scizor\n|-boost|p1b: Scizor|atk|2\n|move|p2b: Ting-Lu|Stomping Tantrum|p1b: Scizor\n|-damage|p1b: Scizor|65\/100\n|\n|upkeep\n|turn|3\n|inactive|MC_Conqueror has 30 seconds left.\n|\n|t:|1681652760\n|switch|p2b: Glimmora|Glimmora, L50, F|100\/100\n|move|p1b: Scizor|Bullet Punch|p2a: Gothitelle\n|-damage|p2a: Gothitelle|0 fnt\n|faint|p2a: Gothitelle\n|move|p1a: Palafin|Wave Crash|p2b: Glimmora\n|-supereffective|p2b: Glimmora\n|-enditem|p2b: Glimmora|Focus Sash\n|-damage|p2b: Glimmora|1\/100\n|-activate|p2b: Glimmora|ability: Toxic Debris\n|-sidestart|p1: MC_Conqueror|move: Toxic Spikes\n|-damage|p1a: Palafin|50\/100|[from] Recoil\n|\n|upkeep\n|\n|t:|1681652768\n|switch|p2a: Flutter Mane|Flutter Mane, L50|100\/100\n|-enditem|p2a: Flutter Mane|Booster Energy\n|-activate|p2a: Flutter Mane|ability: Protosynthesis|[fromitem]\n|-start|p2a: Flutter Mane|protosynthesisspa\n|turn|4\n|inactive|MC_Conqueror has 30 seconds left.\n|inactive|Cage92 has 30 seconds left.\n|\n|t:|1681652796\n|move|p2a: Flutter Mane|Protect|p2a: Flutter Mane\n|-singleturn|p2a: Flutter Mane|Protect\n|move|p2b: Glimmora|Spiky Shield|p2b: Glimmora\n|-singleturn|p2b: Glimmora|move: Protect\n|move|p1a: Palafin|Protect|p1a: Palafin\n|-singleturn|p1a: Palafin|Protect\n|move|p1b: Scizor|Bullet Punch|p2a: Flutter Mane\n|-activate|p2a: Flutter Mane|move: Protect\n|\n|upkeep\n|turn|5\n|inactive|Cage92 has 30 seconds left.\n|\n|t:|1681652827\n|-terastallize|p2a: Flutter Mane|Fairy\n|move|p1a: Palafin|Jet Punch|p2b: Glimmora\n|-supereffective|p2b: Glimmora\n|-damage|p2b: Glimmora|0 fnt\n|-activate|p2b: Glimmora|ability: Toxic Debris\n|-sidestart|p1: MC_Conqueror|move: Toxic Spikes\n|faint|p2b: Glimmora\n|move|p1b: Scizor|Bullet Punch|p2a: Flutter Mane\n|-supereffective|p2a: Flutter Mane\n|-damage|p2a: Flutter Mane|0 fnt\n|faint|p2a: Flutter Mane\n|-end|p2a: Flutter Mane|Protosynthesis|[silent]\n|\n|upkeep\n|-message|Cage92 forfeited.\n|\n|win|MC_Conqueror\n|raw|MC_Conqueror's rating: 1218 → 1237<\/strong> (+19 for winning)\n|raw|Cage92's rating: 1138 → 1119<\/strong> (-19 for losing)\n|l|\u2606Cage92\n","uploadtime":1681652840,"views":10,"p1id":"mcconqueror","p2id":"cage92","formatid":"gen9vgc2023regulationc","rating":1119,"private":0,"password":""}