{"id":"gen9vgc2023regulationc-1845081079","p1":"chiiiiiiiiiiiikn","p2":"DaWoblefet","format":"[Gen 9] VGC 2023 Regulation C","log":"|j|\u2606chiiiiiiiiiiiikn\n|j|\u2606DaWoblefet\n|t:|1681681328\n|gametype|doubles\n|player|p1|chiiiiiiiiiiiikn|veteran|1330\n|player|p2|DaWoblefet|#dawoblefet|1425\n|teamsize|p1|6\n|teamsize|p2|6\n|gen|9\n|tier|[Gen 9] VGC 2023 Regulation C\n|rated|\n|rule|Species Clause: Limit one of each Pok\u00e9mon\n|rule|Item Clause: Limit one of each item\n|clearpoke\n|poke|p1|Chien-Pao, L50|\n|poke|p1|Arcanine, L50, M|\n|poke|p1|Kingambit, L50, F|\n|poke|p1|Iron Valiant, L50|\n|poke|p1|Palafin, L50, M|\n|poke|p1|Sandy Shocks, L50|\n|poke|p2|Arcanine, L50, M|\n|poke|p2|Baxcalibur, L50, F|\n|poke|p2|Flutter Mane, L50|\n|poke|p2|Palafin, L50, F|\n|poke|p2|Amoonguss, L50, F|\n|poke|p2|Ting-Lu, L50|\n|teampreview|4\nDaWoblefet has agreed to open team sheets.\n|c|\u2606DaWoblefet|gl hf\n|\n|t:|1681681367\n|start\n|switch|p1a: Palafin|Palafin, L50, M|100\/100\n|switch|p1b: Kingambit|Kingambit, L50, F|100\/100\n|switch|p2a: Baxcalibur|Baxcalibur, L50, F|100\/100\n|switch|p2b: Palafin|Palafin, L50, F, shiny|100\/100\n|turn|1\n|c|\u2606chiiiiiiiiiiiikn|Gl hf\n|\n|t:|1681681427\n|detailschange|p1a: Palafin|Palafin-Hero, L50, M\n|switch|p1a: Arcanine|Arcanine, L50, M, shiny|100\/100\n|-ability|p1a: Arcanine|Intimidate|boost\n|-fail|p2a: Baxcalibur|unboost|[from] item: Clear Amulet|[of] p2a: Baxcalibur\n|-unboost|p2b: Palafin|atk|1\n|-terastallize|p2b: Palafin|Water\n|-terastallize|p1b: Kingambit|Flying\n|move|p2b: Palafin|Wave Crash|p1b: Kingambit\n|-damage|p1b: Kingambit|62\/100\n|-damage|p2b: Palafin|88\/100|[from] Recoil\n|move|p2a: Baxcalibur|Glaive Rush|p1a: Arcanine\n|-damage|p1a: Arcanine|28\/100\n|-singlemove|p2a: Baxcalibur|Glaive Rush|[silent]\n|-enditem|p1a: Arcanine|Sitrus Berry|[eat]\n|-heal|p1a: Arcanine|53\/100|[from] item: Sitrus Berry\n|move|p1b: Kingambit|Iron Head|p2a: Baxcalibur\n|-supereffective|p2a: Baxcalibur\n|-damage|p2a: Baxcalibur|0 fnt\n|faint|p2a: Baxcalibur\n|\n|upkeep\n|\n|t:|1681681448\n|switch|p2a: Arcanine|Arcanine, L50, M|100\/100\n|-ability|p2a: Arcanine|Intimidate|boost\n|-unboost|p1a: Arcanine|atk|1\n|-unboost|p1b: Kingambit|atk|1\n|-ability|p1b: Kingambit|Defiant|boost\n|-boost|p1b: Kingambit|atk|2\n|turn|2\n|\n|t:|1681681460\n|detailschange|p2b: Palafin|Palafin-Hero, L50, F, shiny, tera:Water\n|switch|p2b: Amoonguss|Amoonguss, L50, F|100\/100\n|switch|p1a: Palafin|Palafin-Hero, L50, M|100\/100\n|-activate|p1a: Palafin|ability: Zero to Hero\n|move|p1b: Kingambit|Sucker Punch||[still]\n|-fail|p1b: Kingambit\n|move|p2a: Arcanine|Will-O-Wisp|p1b: Kingambit|[miss]\n|-miss|p2a: Arcanine|p1b: Kingambit\n|\n|upkeep\n|turn|3\n|\n|t:|1681681484\n|move|p2b: Amoonguss|Rage Powder|p2b: Amoonguss\n|-singleturn|p2b: Amoonguss|move: Rage Powder\n|move|p2a: Arcanine|Will-O-Wisp|p1b: Kingambit\n|-status|p1b: Kingambit|brn\n|move|p1a: Palafin|Wave Crash|p2b: Amoonguss\n|-resisted|p2b: Amoonguss\n|-damage|p2b: Amoonguss|58\/100\n|-damage|p1a: Palafin|85\/100|[from] Recoil\n|move|p1b: Kingambit|Tera Blast|p2b: Amoonguss\n|-supereffective|p2b: Amoonguss\n|-crit|p2b: Amoonguss\n|-damage|p2b: Amoonguss|0 fnt\n|faint|p2b: Amoonguss\n|\n|-damage|p1b: Kingambit|56\/100 brn|[from] brn\n|upkeep\n|\n|t:|1681681493\n|switch|p2b: Palafin|Palafin-Hero, L50, F, shiny, tera:Water|88\/100\n|-activate|p2b: Palafin|ability: Zero to Hero\n|turn|4\n|\n|t:|1681681512\n|switch|p1a: Arcanine|Arcanine, L50, M, shiny|53\/100\n|-ability|p1a: Arcanine|Intimidate|boost\n|-unboost|p2a: Arcanine|atk|1\n|-unboost|p2b: Palafin|atk|1\n|move|p1b: Kingambit|Sucker Punch||[still]\n|-fail|p1b: Kingambit\n|move|p2a: Arcanine|Will-O-Wisp|p1a: Arcanine|[miss]\n|-miss|p2a: Arcanine|p1a: Arcanine\n|move|p2b: Palafin|Substitute|p2b: Palafin\n|-start|p2b: Palafin|Substitute\n|-damage|p2b: Palafin|63\/100\n|\n|-damage|p1b: Kingambit|50\/100 brn|[from] brn\n|upkeep\n|turn|5\n|\n|t:|1681681531\n|move|p1a: Arcanine|Protect|p1a: Arcanine\n|-singleturn|p1a: Arcanine|Protect\n|move|p2a: Arcanine|Extreme Speed|p1b: Kingambit\n|-damage|p1b: Kingambit|38\/100 brn\n|move|p2b: Palafin|Jet Punch|p1a: Arcanine\n|-activate|p1a: Arcanine|move: Protect\n|move|p1b: Kingambit|Kowtow Cleave|p2b: Palafin\n|-end|p2b: Palafin|Substitute\n|\n|-damage|p1b: Kingambit|32\/100 brn|[from] brn\n|upkeep\n|turn|6\n|\n|t:|1681681564\n|move|p2b: Palafin|Jet Punch|p1b: Kingambit\n|-damage|p1b: Kingambit|2\/100 brn\n|move|p1b: Kingambit|Sucker Punch||[still]\n|-fail|p1b: Kingambit\n|move|p2a: Arcanine|Will-O-Wisp|p1a: Arcanine\n|-immune|p1a: Arcanine\n|move|p1a: Arcanine|Flare Blitz|p2a: Arcanine\n|-resisted|p2a: Arcanine\n|-damage|p2a: Arcanine|77\/100\n|-damage|p1a: Arcanine|45\/100|[from] Recoil\n|\n|-damage|p1b: Kingambit|0 fnt|[from] brn\n|faint|p1b: Kingambit\n|upkeep\n|\n|t:|1681681576\n|switch|p1b: Palafin|Palafin-Hero, L50, M|85\/100\n|turn|7\n|\n|t:|1681681588\n|switch|p1a: Chien-Pao|Chien-Pao, L50|100\/100\n|-ability|p1a: Chien-Pao|Sword of Ruin\n|move|p2a: Arcanine|Protect|p2a: Arcanine\n|-singleturn|p2a: Arcanine|Protect\n|move|p1b: Palafin|Jet Punch|p2a: Arcanine\n|-activate|p2a: Arcanine|move: Protect\n|move|p2b: Palafin|Wave Crash|p1b: Palafin\n|-resisted|p1b: Palafin\n|-damage|p1b: Palafin|33\/100\n|-damage|p2b: Palafin|46\/100|[from] Recoil\n|\n|upkeep\n|turn|8\n|\n|t:|1681681619\n|switch|p1a: Arcanine|Arcanine, L50, M, shiny|45\/100\n|-ability|p1a: Arcanine|Intimidate|boost\n|-unboost|p2a: Arcanine|atk|1\n|-unboost|p2b: Palafin|atk|1\n|move|p2a: Arcanine|Extreme Speed|p1b: Palafin\n|-damage|p1b: Palafin|23\/100\n|move|p2b: Palafin|Jet Punch|p1b: Palafin\n|-resisted|p1b: Palafin\n|-damage|p1b: Palafin|8\/100\n|move|p1b: Palafin|Wave Crash|p2a: Arcanine\n|-supereffective|p2a: Arcanine\n|-damage|p2a: Arcanine|0 fnt\n|faint|p2a: Arcanine\n|-damage|p1b: Palafin|0 fnt|[from] Recoil\n|faint|p1b: Palafin\n|\n|upkeep\n|-message|DaWoblefet forfeited.\n|\n|win|chiiiiiiiiiiiikn\n|raw|chiiiiiiiiiiiikn's rating: 1330 → 1355<\/strong> (+25 for winning)\n|raw|DaWoblefet's rating: 1425 → 1400<\/strong> (-25 for losing)\n|c|\u2606DaWoblefet|gg\n|l|\u2606DaWoblefet\n|c|\u2606chiiiiiiiiiiiikn|Gg wp\n","uploadtime":1681681657,"views":9,"p1id":"chiiiiiiiiiiiikn","p2id":"dawoblefet","formatid":"gen9vgc2023regulationc","rating":1355,"private":0,"password":""}