{"id":"gen9vgc2023regulationc-1850260918","p1":"OnHoldWithTheIRS","p2":"Rehtycs","format":"[Gen 9] VGC 2023 Regulation C","log":"|j|\u2606OnHoldWithTheIRS\n|j|\u2606Rehtycs\n|t:|1682307279\n|gametype|doubles\n|player|p1|OnHoldWithTheIRS|clerk|1396\n|player|p2|Rehtycs|red|1507\n|teamsize|p1|6\n|teamsize|p2|6\n|gen|9\n|tier|[Gen 9] VGC 2023 Regulation C\n|rated|\n|rule|Species Clause: Limit one of each Pok\u00e9mon\n|rule|Item Clause: Limit one of each item\n|clearpoke\n|poke|p1|Baxcalibur, L50, M|\n|poke|p1|Sandy Shocks, L50|\n|poke|p1|Klefki, L50, F|\n|poke|p1|Armarouge, L50, M|\n|poke|p1|Rotom-Wash, L50|\n|poke|p1|Meowscarada, L50, F|\n|poke|p2|Dragonite, L50, M|\n|poke|p2|Ting-Lu, L50|\n|poke|p2|Chien-Pao, L50|\n|poke|p2|Gyarados, L50, F|\n|poke|p2|Chi-Yu, L50|\n|poke|p2|Flutter Mane, L50|\n|teampreview|4\nOnHoldWithTheIRS has agreed to open team sheets.\nRehtycs has agreed to open team sheets.\n|inactive|Battle timer is ON: inactive players will automatically lose when time's up. (requested by Rehtycs)\n|inactive|OnHoldWithTheIRS has 60 seconds left.\n|\n|t:|1682307389\n|start\n|switch|p1a: Baxcalibur|Baxcalibur, L50, M|100\/100\n|switch|p1b: Klefki|Klefki, L50, F|100\/100\n|switch|p2a: Ting-Lu|Ting-Lu, L50|100\/100\n|switch|p2b: Dragonite|Dragonite, L50, M|100\/100\n|-ability|p2a: Ting-Lu|Vessel of Ruin\n|turn|1\n|inactive|OnHoldWithTheIRS has 30 seconds left.\n|inactive|Rehtycs has 30 seconds left.\n|inactive|OnHoldWithTheIRS has 20 seconds left.\n|inactive|OnHoldWithTheIRS has 15 seconds left.\n|j| MondayXyz\n|inactive|OnHoldWithTheIRS has 10 seconds left.\n|inactive|Rehtycs has 20 seconds left.\n|\n|t:|1682307437\n|switch|p2b: Gyarados|Gyarados, L50, F|100\/100\n|-ability|p2b: Gyarados|Intimidate|boost\n|-unboost|p1a: Baxcalibur|atk|1\n|-unboost|p1b: Klefki|atk|1\n|-terastallize|p2a: Ting-Lu|Water\n|move|p1b: Klefki|Reflect|p1b: Klefki\n|-sidestart|p1: OnHoldWithTheIRS|Reflect\n|move|p1a: Baxcalibur|Icicle Spear|p2b: Gyarados\n|-damage|p2b: Gyarados|91\/100\n|-damage|p2b: Gyarados|82\/100\n|-damage|p2b: Gyarados|72\/100\n|-damage|p2b: Gyarados|62\/100\n|-hitcount|p2b: Gyarados|4\n|move|p2a: Ting-Lu|Sand Tomb|p1a: Baxcalibur\n|-damage|p1a: Baxcalibur|91\/100\n|-activate|p1a: Baxcalibur|move: Sand Tomb|[of] p2a: Ting-Lu\n|\n|-damage|p1a: Baxcalibur|78\/100|[from] move: Sand Tomb|[partiallytrapped]\n|upkeep\n|turn|2\n|inactive|OnHoldWithTheIRS has 30 seconds left.\n|inactive|OnHoldWithTheIRS has 20 seconds left.\n|\n|t:|1682307475\n|move|p1b: Klefki|Thunder Wave|p2a: Ting-Lu|[miss]\n|-miss|p1b: Klefki|p2a: Ting-Lu\n|move|p1a: Baxcalibur|Icicle Spear|p2b: Gyarados\n|-damage|p2b: Gyarados|51\/100\n|-crit|p2b: Gyarados\n|-damage|p2b: Gyarados|30\/100\n|-enditem|p2b: Gyarados|Sitrus Berry|[eat]\n|-heal|p2b: Gyarados|55\/100|[from] item: Sitrus Berry\n|-damage|p2b: Gyarados|45\/100\n|-damage|p2b: Gyarados|34\/100\n|-damage|p2b: Gyarados|25\/100\n|-hitcount|p2b: Gyarados|5\n|move|p2b: Gyarados|Thunder Wave|p1a: Baxcalibur\n|-status|p1a: Baxcalibur|par\n|move|p2a: Ting-Lu|Earthquake|p1b: Klefki|[spread] p1a,p1b\n|-immune|p2b: Gyarados\n|-supereffective|p1b: Klefki\n|-damage|p1a: Baxcalibur|58\/100 par\n|-damage|p1b: Klefki|49\/100\n|\n|-damage|p1a: Baxcalibur|46\/100 par|[from] move: Sand Tomb|[partiallytrapped]\n|upkeep\n|turn|3\n|inactive|OnHoldWithTheIRS has 30 seconds left.\n|\n|t:|1682307509\n|move|p1b: Klefki|Thunder Wave|p2a: Ting-Lu\n|-status|p2a: Ting-Lu|par\n|move|p2b: Gyarados|Iron Head|p1a: Baxcalibur\n|-supereffective|p1a: Baxcalibur\n|-damage|p1a: Baxcalibur|17\/100 par\n|move|p1a: Baxcalibur|Icicle Spear|p2b: Gyarados\n|-crit|p2b: Gyarados\n|-damage|p2b: Gyarados|4\/100\n|-damage|p2b: Gyarados|0 fnt\n|faint|p2b: Gyarados\n|-hitcount|p2: Gyarados|2\n|move|p2a: Ting-Lu|Earthquake|p1b: Klefki|[spread] p1a,p1b\n|-supereffective|p1b: Klefki\n|-damage|p1a: Baxcalibur|0 fnt\n|-damage|p1b: Klefki|0 fnt\n|faint|p1a: Baxcalibur\n|faint|p1b: Klefki\n|\n|upkeep\n|\n|t:|1682307525\n|switch|p1a: Rotom|Rotom-Wash, L50|100\/100\n|switch|p2b: Dragonite|Dragonite, L50, M|100\/100\n|switch|p1b: Sandy Shocks|Sandy Shocks, L50|100\/100\n|turn|4\n|inactive|OnHoldWithTheIRS has 30 seconds left.\n|inactive|OnHoldWithTheIRS has 20 seconds left.\n|inactive|OnHoldWithTheIRS has 15 seconds left.\n|inactive|OnHoldWithTheIRS has 10 seconds left.\n|\n|t:|1682307574\n|-terastallize|p1b: Sandy Shocks|Flying\n|move|p1b: Sandy Shocks|Thunderbolt|p2b: Dragonite\n|-damage|p2b: Dragonite|86\/100\n|move|p1a: Rotom|Thunderbolt|p2b: Dragonite\n|-damage|p2b: Dragonite|62\/100\n|move|p2b: Dragonite|Facade|p1a: Rotom\n|-damage|p1a: Rotom|73\/100\n|move|p2a: Ting-Lu|Sand Tomb|p1b: Sandy Shocks\n|-immune|p1b: Sandy Shocks\n|\n|upkeep\n|turn|5\n|\n|t:|1682307597\n|move|p1b: Sandy Shocks|Thunderbolt|p2b: Dragonite\n|-damage|p2b: Dragonite|31\/100\n|move|p1a: Rotom|Thunderbolt|p2b: Dragonite\n|-damage|p2b: Dragonite|8\/100\n|move|p2b: Dragonite|Facade|p1a: Rotom\n|-damage|p1a: Rotom|45\/100\n|-enditem|p1a: Rotom|Sitrus Berry|[eat]\n|-heal|p1a: Rotom|70\/100|[from] item: Sitrus Berry\n|move|p2a: Ting-Lu|Ruination|p1a: Rotom|[miss]\n|-miss|p2a: Ting-Lu|p1a: Rotom\n|\n|-sideend|p1: OnHoldWithTheIRS|Reflect\n|upkeep\n|turn|6\n|inactive|OnHoldWithTheIRS has 30 seconds left.\n|inactive|OnHoldWithTheIRS has 20 seconds left.\n|\n|t:|1682307634\n|move|p1b: Sandy Shocks|Thunderbolt|p2a: Ting-Lu\n|-supereffective|p2a: Ting-Lu\n|-damage|p2a: Ting-Lu|72\/100 par\n|move|p1a: Rotom|Thunderbolt|p2b: Dragonite\n|-damage|p2b: Dragonite|0 fnt\n|faint|p2b: Dragonite\n|move|p2a: Ting-Lu|Ruination|p1a: Rotom\n|-damage|p1a: Rotom|36\/100\n|\n|upkeep\n|\n|t:|1682307636\n|switch|p2b: Chien-Pao|Chien-Pao, L50|100\/100\n|-ability|p2b: Chien-Pao|Sword of Ruin\n|turn|7\n|inactive|OnHoldWithTheIRS has 30 seconds left.\n|\n|t:|1682307663\n|move|p2b: Chien-Pao|Protect|p2b: Chien-Pao\n|-singleturn|p2b: Chien-Pao|Protect\n|move|p1b: Sandy Shocks|Thunderbolt|p2b: Chien-Pao\n|-activate|p2b: Chien-Pao|move: Protect\n|move|p1a: Rotom|Will-O-Wisp|p2b: Chien-Pao\n|-activate|p2b: Chien-Pao|move: Protect\n|cant|p2a: Ting-Lu|par\n|\n|upkeep\n|turn|8\n|\n|t:|1682307682\n|move|p1a: Rotom|Protect|p1a: Rotom\n|-singleturn|p1a: Rotom|Protect\n|move|p2b: Chien-Pao|Ice Spinner|p1b: Sandy Shocks\n|-supereffective|p1b: Sandy Shocks\n|-damage|p1b: Sandy Shocks|14\/100\n|move|p1b: Sandy Shocks|Thunderbolt|p2b: Chien-Pao\n|-damage|p2b: Chien-Pao|48\/100\n|move|p2a: Ting-Lu|Ruination|p1a: Rotom\n|-activate|p1a: Rotom|move: Protect\n|\n|upkeep\n|turn|9\n|\n|t:|1682307698\n|move|p2b: Chien-Pao|Ice Spinner|p1b: Sandy Shocks\n|-supereffective|p1b: Sandy Shocks\n|-damage|p1b: Sandy Shocks|0 fnt\n|faint|p1b: Sandy Shocks\n|-end|p1b: Sandy Shocks|Protosynthesis|[silent]\n|move|p1a: Rotom|Thunderbolt|p2a: Ting-Lu\n|-supereffective|p2a: Ting-Lu\n|-damage|p2a: Ting-Lu|43\/100 par\n|cant|p2a: Ting-Lu|par\n|\n|upkeep\n|turn|10\n|\n|t:|1682307710\n|move|p2b: Chien-Pao|Sucker Punch|p1a: Rotom\n|-damage|p1a: Rotom|0 fnt\n|faint|p1a: Rotom\n|\n|win|Rehtycs\n|raw|OnHoldWithTheIRS's rating: 1396 → 1382<\/strong> (-14 for losing)\n|raw|Rehtycs's rating: 1507 → 1521<\/strong> (+14 for winning)\n|l|\u2606Rehtycs\n","uploadtime":1682307716,"views":27,"p1id":"onholdwiththeirs","p2id":"rehtycs","formatid":"gen9vgc2023regulationc","rating":1382,"private":0,"password":""}