{"id":"gen9vgc2023regulationc-1853008099","p1":"stinkypoops","p2":"sonniko","format":"[Gen 9] VGC 2023 Regulation C","log":"|j|\u2606stinkypoops\n|j|\u2606sonniko\n|t:|1682625188\n|gametype|doubles\n|player|p1|stinkypoops|klara|1213\n|player|p2|sonniko|sailor|1193\n|teamsize|p1|4\n|teamsize|p2|6\n|gen|9\n|tier|[Gen 9] VGC 2023 Regulation C\n|rated|\n|rule|Species Clause: Limit one of each Pok\u00e9mon\n|rule|Item Clause: Limit one of each item\n|clearpoke\n|poke|p1|Flutter Mane, L50|\n|poke|p1|Bisharp, L50, F|\n|poke|p1|Ceruledge, L50, M|\n|poke|p1|Salamence, L50, F|\n|poke|p2|Ting-Lu, L50|\n|poke|p2|Abomasnow, L50, M|\n|poke|p2|Flutter Mane, L50|\n|poke|p2|Iron Hands, L50|\n|poke|p2|Bronzong, L50|\n|poke|p2|Arcanine, L50, M|\n|teampreview|4\nstinkypoops rejected open team sheets.\n|inactive|Battle timer is ON: inactive players will automatically lose when time's up. (requested by stinkypoops)\n|\n|t:|1682625232\n|start\n|switch|p1a: Flutter Mane|Flutter Mane, L50|100\/100\n|switch|p1b: Ceruledge|Ceruledge, L50, M|100\/100\n|switch|p2a: Boombox|Bronzong, L50, shiny|100\/100\n|switch|p2b: Jackie Chan|Iron Hands, L50, shiny|100\/100\n|-enditem|p1a: Flutter Mane|Booster Energy\n|-activate|p1a: Flutter Mane|ability: Protosynthesis|[fromitem]\n|-start|p1a: Flutter Mane|protosynthesisspa\n|turn|1\n|inactive|stinkypoops has 30 seconds left.\n|inactive|stinkypoops has 20 seconds left.\n|inactive|stinkypoops has 15 seconds left.\n|\n|t:|1682625273\n|-terastallize|p2a: Boombox|Normal\n|move|p1a: Flutter Mane|Protect|p1a: Flutter Mane\n|-singleturn|p1a: Flutter Mane|Protect\n|move|p1b: Ceruledge|Protect|p1b: Ceruledge\n|-singleturn|p1b: Ceruledge|Protect\n|move|p2b: Jackie Chan|Fake Out|p1b: Ceruledge\n|-activate|p1b: Ceruledge|move: Protect\n|move|p2a: Boombox|Trick Room|p2a: Boombox\n|-fieldstart|move: Trick Room|[of] p2a: Boombox\n|\n|upkeep\n|turn|2\n|inactive|stinkypoops has 30 seconds left.\n|inactive|stinkypoops has 20 seconds left.\n|inactive|stinkypoops has 15 seconds left.\n|\n|t:|1682625315\n|-end|p1a: Flutter Mane|Protosynthesis|[silent]\n|switch|p1a: Bisharp|Bisharp, L50, F|100\/100\n|move|p2a: Boombox|Gyro Ball|p1a: Bisharp\n|-resisted|p1a: Bisharp\n|-damage|p1a: Bisharp|93\/100\n|move|p2b: Jackie Chan|Volt Switch|p1b: Ceruledge\n|-damage|p1b: Ceruledge|87\/100\n|\n|t:|1682625324\n|-end|p2b: Jackie Chan|Quark Drive|[silent]\n|switch|p2b: Le-Louch|Ting-Lu, L50|100\/100|[from] Volt Switch\n|-ability|p2b: Le-Louch|Vessel of Ruin\n|move|p1b: Ceruledge|Close Combat|p2a: Boombox\n|-supereffective|p2a: Boombox\n|-damage|p2a: Boombox|32\/100\n|-unboost|p1b: Ceruledge|def|1\n|-unboost|p1b: Ceruledge|spd|1\n|\n|upkeep\n|turn|3\n|\n|t:|1682625349\n|switch|p1b: Salamence|Salamence, L50, F|100\/100\n|-ability|p1b: Salamence|Intimidate|boost\n|-unboost|p2a: Boombox|atk|1\n|-unboost|p2b: Le-Louch|atk|1\n|move|p2a: Boombox|Protect|p2a: Boombox\n|-singleturn|p2a: Boombox|Protect\n|move|p1a: Bisharp|Protect|p1a: Bisharp\n|-singleturn|p1a: Bisharp|Protect\n|move|p2b: Le-Louch|Earthquake|p1b: Salamence|[spread] \n|-activate|p2a: Boombox|move: Protect\n|-activate|p1a: Bisharp|move: Protect\n|-immune|p1b: Salamence\n|\n|upkeep\n|turn|4\n|inactive|stinkypoops has 30 seconds left.\n|inactive|sonniko has 30 seconds left.\n|inactive|stinkypoops has 20 seconds left.\n|inactive|stinkypoops has 15 seconds left.\n|\n|t:|1682625394\n|switch|p2a: Jackie Chan|Iron Hands, L50, shiny|100\/100\n|switch|p2b: Yeti|Abomasnow, L50, M, shiny|100\/100\n|-weather|Snow|[from] ability: Snow Warning|[of] p2b: Yeti\n|move|p1a: Bisharp|Iron Head|p2a: Jackie Chan\n|-resisted|p2a: Jackie Chan\n|-damage|p2a: Jackie Chan|86\/100\n|move|p1b: Salamence|Hydro Pump|p2b: Yeti\n|-resisted|p2b: Yeti\n|-damage|p2b: Yeti|86\/100\n|\n|-weather|Snow|[upkeep]\n|upkeep\n|turn|5\n|inactive|stinkypoops has 30 seconds left.\n|inactive|sonniko has 30 seconds left.\n|\n|t:|1682625428\n|switch|p1b: Ceruledge|Ceruledge, L50, M|87\/100\n|move|p1a: Bisharp|Protect|p1a: Bisharp\n|-singleturn|p1a: Bisharp|Protect\n|move|p2a: Jackie Chan|Wild Charge|p1b: Ceruledge\n|-damage|p1b: Ceruledge|31\/100\n|-damage|p2a: Jackie Chan|76\/100|[from] Recoil\n|move|p2b: Yeti|Earth Power|p1a: Bisharp\n|-activate|p1a: Bisharp|move: Protect\n|\n|-weather|Snow|[upkeep]\n|-fieldend|move: Trick Room\n|upkeep\n|turn|6\n|inactive|sonniko has 30 seconds left.\n|inactive|sonniko has 20 seconds left.\n|inactive|sonniko has 15 seconds left.\n|\n|t:|1682625468\n|switch|p2b: Le-Louch|Ting-Lu, L50|100\/100\n|-ability|p2b: Le-Louch|Vessel of Ruin\n|move|p1b: Ceruledge|Bitter Blade|p2b: Le-Louch\n|-damage|p2b: Le-Louch|68\/100\n|-heal|p1b: Ceruledge|53\/100|[from] drain|[of] p2b: Le-Louch\n|move|p1a: Bisharp|Poison Jab|p2b: Le-Louch\n|-resisted|p2b: Le-Louch\n|-damage|p2b: Le-Louch|59\/100\n|-status|p2b: Le-Louch|psn\n|move|p2a: Jackie Chan|Wild Charge|p1b: Ceruledge\n|-damage|p1b: Ceruledge|0 fnt\n|faint|p1b: Ceruledge\n|-damage|p2a: Jackie Chan|66\/100|[from] Recoil\n|\n|-weather|Snow|[upkeep]\n|-damage|p2b: Le-Louch|46\/100 psn|[from] psn\n|upkeep\n|\n|t:|1682625492\n|switch|p1b: Salamence|Salamence, L50, F|100\/100\n|-ability|p1b: Salamence|Intimidate|boost\n|-unboost|p2a: Jackie Chan|atk|1\n|-unboost|p2b: Le-Louch|atk|1\n|turn|7\n|\n|t:|1682625506\n|move|p1a: Bisharp|Protect|p1a: Bisharp\n|-singleturn|p1a: Bisharp|Protect\n|move|p1b: Salamence|Earthquake|p2a: Jackie Chan|[spread] p2a,p2b\n|-activate|p1a: Bisharp|move: Protect\n|-supereffective|p2a: Jackie Chan\n|-damage|p2a: Jackie Chan|36\/100\n|-damage|p2b: Le-Louch|32\/100 psn\n|move|p2a: Jackie Chan|Wild Charge|p1b: Salamence\n|-damage|p1b: Salamence|75\/100\n|-damage|p2a: Jackie Chan|31\/100|[from] Recoil\n|move|p2b: Le-Louch|Stone Edge|p1b: Salamence\n|-supereffective|p1b: Salamence\n|-damage|p1b: Salamence|24\/100\n|\n|-weather|Snow|[upkeep]\n|-damage|p2b: Le-Louch|19\/100 psn|[from] psn\n|upkeep\n|turn|8\n|inactive|stinkypoops has 30 seconds left.\n|inactive|sonniko has 30 seconds left.\n|inactive|stinkypoops has 20 seconds left.\n|inactive|stinkypoops has 15 seconds left.\n|inactive|sonniko has 20 seconds left.\n|\n|t:|1682625548\n|move|p1b: Salamence|Draco Meteor|p2a: Jackie Chan\n|-crit|p2a: Jackie Chan\n|-damage|p2a: Jackie Chan|6\/100\n|-unboost|p1b: Salamence|spa|2\n|move|p1a: Bisharp|Iron Head|p2b: Le-Louch\n|-damage|p2b: Le-Louch|0 fnt\n|faint|p2b: Le-Louch\n|move|p2a: Jackie Chan|Wild Charge|p1b: Salamence\n|-damage|p1b: Salamence|0 fnt\n|faint|p1b: Salamence\n|-damage|p2a: Jackie Chan|1\/100|[from] Recoil\n|\n|-weather|none\n|upkeep\n|\n|t:|1682625561\n|switch|p1b: Flutter Mane|Flutter Mane, L50|100\/100\n|switch|p2b: Boombox|Bronzong, L50, shiny, tera:Normal|32\/100\n|turn|9\n|\n|t:|1682625579\n|-end|p2a: Jackie Chan|Quark Drive|[silent]\n|switch|p2a: Yeti|Abomasnow, L50, M, shiny|86\/100\n|-weather|Snow|[from] ability: Snow Warning|[of] p2a: Yeti\n|move|p1a: Bisharp|Protect|p1a: Bisharp\n|-singleturn|p1a: Bisharp|Protect\n|move|p1b: Flutter Mane|Dazzling Gleam|p2b: Boombox|[spread] p2a,p2b\n|-damage|p2a: Yeti|53\/100\n|-damage|p2b: Boombox|6\/100\n|move|p2b: Boombox|Trick Room|p2b: Boombox\n|-fieldstart|move: Trick Room|[of] p2b: Boombox\n|\n|-weather|Snow|[upkeep]\n|upkeep\n|turn|10\n|\n|t:|1682625597\n|move|p1b: Flutter Mane|Protect|p1b: Flutter Mane\n|-singleturn|p1b: Flutter Mane|Protect\n|move|p2b: Boombox|Gyro Ball|p1b: Flutter Mane\n|-activate|p1b: Flutter Mane|move: Protect\n|move|p2a: Yeti|Earth Power|p1a: Bisharp\n|-supereffective|p1a: Bisharp\n|-damage|p1a: Bisharp|29\/100\n|-unboost|p1a: Bisharp|spd|1\n|-ability|p1a: Bisharp|Defiant|boost\n|-boost|p1a: Bisharp|atk|2\n|move|p1a: Bisharp|Iron Head|p2a: Yeti\n|-supereffective|p2a: Yeti\n|-damage|p2a: Yeti|0 fnt\n|faint|p2a: Yeti\n|\n|-weather|Snow|[upkeep]\n|upkeep\n|\n|t:|1682625610\n|switch|p2a: Jackie Chan|Iron Hands, L50, shiny|1\/100\n|turn|11\n|inactive|stinkypoops has 30 seconds left.\n|\n|t:|1682625644\n|move|p1b: Flutter Mane|Protect||[still]\n|-fail|p1b: Flutter Mane\n|move|p2b: Boombox|Gyro Ball|p1b: Flutter Mane\n|-supereffective|p1b: Flutter Mane\n|-damage|p1b: Flutter Mane|0 fnt\n|faint|p1b: Flutter Mane\n|-end|p1b: Flutter Mane|Protosynthesis|[silent]\n|move|p2a: Jackie Chan|Close Combat|p1a: Bisharp\n|-supereffective|p1a: Bisharp\n|-damage|p1a: Bisharp|0 fnt\n|-unboost|p2a: Jackie Chan|def|1\n|-unboost|p2a: Jackie Chan|spd|1\n|faint|p1a: Bisharp\n|\n|win|sonniko\n|raw|stinkypoops's rating: 1213 → 1187<\/strong> (-26 for losing)\n|raw|sonniko's rating: 1193 → 1219<\/strong> (+26 for winning)\n|c|\u2606stinkypoops|gg\n|c|\u2606sonniko|gg\n|l|\u2606stinkypoops\n|c|\u2606sonniko|actual gg\n","uploadtime":1682625676,"views":11,"p1id":"stinkypoops","p2id":"sonniko","formatid":"gen9vgc2023regulationc","rating":1187,"private":0,"password":""}