{"id":"gen9vgc2023regulationc-1849871910","p1":"Poptart snake","p2":"Scummy strats","format":"[Gen 9] VGC 2023 Regulation C","log":"|j|\u2606Poptart snake\n|j|\u2606Scummy strats\n|t:|1682262948\n|gametype|doubles\n|player|p1|Poptart snake|red|1062\n|player|p2|Scummy strats|n|1129\n|teamsize|p1|6\n|teamsize|p2|6\n|gen|9\n|tier|[Gen 9] VGC 2023 Regulation C\n|rated|\n|rule|Species Clause: Limit one of each Pok\u00e9mon\n|rule|Item Clause: Limit one of each item\n|clearpoke\n|poke|p1|Annihilape, L50, M|\n|poke|p1|Arboliva, L50, M|\n|poke|p1|Flutter Mane, L50|\n|poke|p1|Lycanroc, L50, F|\n|poke|p1|Tyranitar, L50, F|\n|poke|p1|Garchomp, L50, F|\n|poke|p2|Ting-Lu, L50|\n|poke|p2|Annihilape, L50, M|\n|poke|p2|Maushold-Four, L50|\n|poke|p2|Amoonguss, L50, F|\n|poke|p2|Flutter Mane, L50|\n|poke|p2|Dunsparce, L50, M|\n|teampreview|4\n|inactive|Battle timer is ON: inactive players will automatically lose when time's up. (requested by Poptart snake)\n|\n|t:|1682262967\n|start\n|switch|p1a: Tyranitar|Tyranitar, L50, F|100\/100\n|switch|p1b: Lycanroc|Lycanroc, L50, F|100\/100\n|switch|p2a: Annihilape|Annihilape, L50, M|100\/100\n|switch|p2b: Maushold|Maushold-Four, L50|100\/100\n|-weather|Sandstorm|[from] ability: Sand Stream|[of] p1a: Tyranitar\n|turn|1\n|\n|t:|1682262983\n|move|p1b: Lycanroc|Rock Slide|p2a: Annihilape|[spread] p2a\n|-miss|p1b: Lycanroc|p2b: Maushold\n|-resisted|p2a: Annihilape\n|-damage|p2a: Annihilape|89\/100\n|move|p2b: Maushold|Population Bomb|p2a: Annihilape\n|-damage|p2a: Annihilape|86\/100\n|-damage|p2a: Annihilape|82\/100\n|-damage|p2a: Annihilape|77\/100\n|-damage|p2a: Annihilape|73\/100\n|-damage|p2a: Annihilape|70\/100\n|-damage|p2a: Annihilape|66\/100\n|-damage|p2a: Annihilape|62\/100\n|-damage|p2a: Annihilape|59\/100\n|-damage|p2a: Annihilape|54\/100\n|-damage|p2a: Annihilape|51\/100\n|-hitcount|p2a: Annihilape|10\n|move|p2a: Annihilape|Rage Fist|p1a: Tyranitar\n|-resisted|p1a: Tyranitar\n|-damage|p1a: Tyranitar|27\/100\n|move|p1a: Tyranitar|Crunch|p2a: Annihilape\n|-damage|p2a: Annihilape|17\/100\n|\n|-weather|Sandstorm|[upkeep]\n|-damage|p2b: Maushold|94\/100|[from] Sandstorm\n|-damage|p2a: Annihilape|11\/100|[from] Sandstorm\n|-heal|p1a: Tyranitar|32\/100|[from] item: Leftovers\n|upkeep\n|turn|2\n|c|\u2606Scummy strats|Jeez\n|inactive|Scummy strats has 30 seconds left.\n|c|\u2606Scummy strats|I underestimated ttars bulk\n|inactive|Scummy strats has 20 seconds left.\n|inactive|Scummy strats has 15 seconds left.\n|inactive|Scummy strats has 10 seconds left.\n|inactive|Scummy strats has 5 seconds left.\n|\n|t:|1682263036\n|switch|p2a: Ting-Lu|Ting-Lu, L50|100\/100\n|-ability|p2a: Ting-Lu|Vessel of Ruin\n|move|p2b: Maushold|Follow Me|p2b: Maushold\n|-singleturn|p2b: Maushold|move: Follow Me\n|move|p1b: Lycanroc|Rock Slide|p2a: Ting-Lu|[spread] p2a,p2b\n|-resisted|p2a: Ting-Lu\n|-damage|p2a: Ting-Lu|94\/100\n|-damage|p2b: Maushold|49\/100\n|move|p1a: Tyranitar|Crunch|p2b: Maushold\n|-damage|p2b: Maushold|0 fnt\n|faint|p2b: Maushold\n|\n|-weather|Sandstorm|[upkeep]\n|-heal|p1a: Tyranitar|38\/100|[from] item: Leftovers\n|upkeep\n|c|\u2606Scummy strats|Bro\n|c|\u2606Scummy strats|That timer\n|\n|t:|1682263050\n|switch|p2b: Flutter Mane|Flutter Mane, L50|100\/100\n|turn|3\n|c|\u2606Scummy strats|Annoying as hell\n|\n|t:|1682263071\n|move|p1b: Lycanroc|Rock Slide|p2b: Flutter Mane|[spread] p2a,p2b\n|-resisted|p2a: Ting-Lu\n|-damage|p2a: Ting-Lu|86\/100\n|-damage|p2b: Flutter Mane|36\/100\n|move|p2b: Flutter Mane|Dazzling Gleam|p1a: Tyranitar|[spread] p1a,p1b\n|-supereffective|p1a: Tyranitar\n|-damage|p1a: Tyranitar|0 fnt\n|-damage|p1b: Lycanroc|64\/100\n|faint|p1a: Tyranitar\n|-damage|p2b: Flutter Mane|26\/100|[from] item: Life Orb\n|move|p2a: Ting-Lu|Heavy Slam|p1b: Lycanroc\n|-supereffective|p1b: Lycanroc\n|-damage|p1b: Lycanroc|0 fnt\n|faint|p1b: Lycanroc\n|\n|-weather|Sandstorm|[upkeep]\n|-damage|p2b: Flutter Mane|20\/100|[from] Sandstorm\n|upkeep\n|\n|t:|1682263078\n|switch|p1b: Flutter Mane|Flutter Mane, L50|100\/100\n|switch|p1a: Garchomp|Garchomp, L50, F|100\/100\n|-enditem|p1b: Flutter Mane|Booster Energy\n|-activate|p1b: Flutter Mane|ability: Protosynthesis|[fromitem]\n|-start|p1b: Flutter Mane|protosynthesisspe\n|turn|4\n|inactive|Scummy strats has 30 seconds left.\n|inactive|Scummy strats has 20 seconds left.\n|inactive|Scummy strats has 15 seconds left.\n|\n|t:|1682263122\n|move|p1b: Flutter Mane|Dazzling Gleam|p2a: Ting-Lu|[spread] p2a,p2b\n|-supereffective|p2a: Ting-Lu\n|-damage|p2a: Ting-Lu|67\/100\n|-damage|p2b: Flutter Mane|0 fnt\n|faint|p2b: Flutter Mane\n|-end|p2b: Flutter Mane|Protosynthesis|[silent]\n|move|p1a: Garchomp|Draco Meteor|p2a: Ting-Lu\n|-damage|p2a: Ting-Lu|47\/100\n|-unboost|p1a: Garchomp|spa|2\n|-damage|p1a: Garchomp|91\/100|[from] item: Life Orb\n|move|p2a: Ting-Lu|Fissure|p1b: Flutter Mane|[miss]\n|-miss|p2a: Ting-Lu|p1b: Flutter Mane\n|\n|-weather|Sandstorm|[upkeep]\n|-damage|p1b: Flutter Mane|94\/100|[from] Sandstorm\n|upkeep\n|\n|t:|1682263135\n|switch|p2b: Annihilape|Annihilape, L50, M|11\/100\n|turn|5\n|\n|t:|1682263150\n|-terastallize|p1a: Garchomp|Dragon\n|move|p2b: Annihilape|Protect|p2b: Annihilape\n|-singleturn|p2b: Annihilape|Protect\n|move|p1b: Flutter Mane|Dazzling Gleam|p2a: Ting-Lu|[spread] p2a\n|-activate|p2b: Annihilape|move: Protect\n|-supereffective|p2a: Ting-Lu\n|-damage|p2a: Ting-Lu|29\/100\n|move|p1a: Garchomp|Draco Meteor|p2a: Ting-Lu\n|-damage|p2a: Ting-Lu|17\/100\n|-unboost|p1a: Garchomp|spa|2\n|-damage|p1a: Garchomp|81\/100|[from] item: Life Orb\n|move|p2a: Ting-Lu|Heavy Slam|p1b: Flutter Mane\n|-supereffective|p1b: Flutter Mane\n|-damage|p1b: Flutter Mane|0 fnt\n|faint|p1b: Flutter Mane\n|-end|p1b: Flutter Mane|Protosynthesis|[silent]\n|\n|-weather|none\n|upkeep\n|turn|6\n|inactive|Scummy strats has 30 seconds left.\n|\n|t:|1682263175\n|move|p1a: Garchomp|Rock Slide|p2b: Annihilape|[spread] p2a,p2b\n|-resisted|p2a: Ting-Lu\n|-resisted|p2b: Annihilape\n|-damage|p2a: Ting-Lu|11\/100\n|-damage|p2b: Annihilape|0 fnt\n|faint|p2b: Annihilape\n|-damage|p1a: Garchomp|71\/100|[from] item: Life Orb\n|cant|p2a: Ting-Lu|flinch\n|\n|upkeep\n|turn|7\n|\n|t:|1682263186\n|move|p1a: Garchomp|Draco Meteor|p2a: Ting-Lu\n|-damage|p2a: Ting-Lu|2\/100\n|-unboost|p1a: Garchomp|spa|2\n|-damage|p1a: Garchomp|61\/100|[from] item: Life Orb\n|move|p2a: Ting-Lu|Stomping Tantrum|p1a: Garchomp\n|-damage|p1a: Garchomp|8\/100\n|\n|upkeep\n|turn|8\n|c|\u2606Poptart snake|Gg\n|c|\u2606Scummy strats|Gg\n|c|\u2606Scummy strats|Close game\n|\n|t:|1682263202\n|-terastallize|p2a: Ting-Lu|Grass\n|move|p1a: Garchomp|Earth Power|p2a: Ting-Lu\n|-resisted|p2a: Ting-Lu\n|-damage|p2a: Ting-Lu|1\/100\n|-damage|p1a: Garchomp|0 fnt|[from] item: Life Orb\n|faint|p1a: Garchomp\n|\n|win|Scummy strats\n|raw|Poptart snake's rating: 1062 → 1046<\/strong> (-16 for losing)\n|raw|Scummy strats's rating: 1129 → 1149<\/strong> (+20 for winning)\n|c|\u2606Poptart snake|It really was\n|c|\u2606Scummy strats|Very close\n|c|\u2606Poptart snake|What waz the ho\n|c|\u2606Poptart snake|Ho\n|c|\u2606Poptart snake|Hp\n|c|\u2606Scummy strats|5\n|l|\u2606Poptart snake\n","uploadtime":1682263231,"views":12,"p1id":"poptartsnake","p2id":"scummystrats","formatid":"gen9vgc2023regulationc","rating":1046,"private":0,"password":""}