{"id":"gen9vgc2023regulationc-1860160680","p1":"Faan_Tung","p2":"brimkitty","format":"[Gen 9] VGC 2023 Regulation C","log":"|j|\u2606Faan_Tung\n|j|\u2606brimkitty\n|t:|1683602810\n|gametype|doubles\n|player|p1|Faan_Tung|tuberf|1043\n|player|p2|brimkitty|102|1051\n|teamsize|p1|6\n|teamsize|p2|6\n|gen|9\n|tier|[Gen 9] VGC 2023 Regulation C\n|rated|\n|rule|Species Clause: Limit one of each Pok\u00e9mon\n|rule|Item Clause: Limit one of each item\n|clearpoke\n|poke|p1|Amoonguss, L50, M|\n|poke|p1|Indeedee-F, L50, F|\n|poke|p1|Palafin, L50, M|\n|poke|p1|Iron Hands, L50|\n|poke|p1|Flutter Mane, L50|\n|poke|p1|Chi-Yu, L50|\n|poke|p2|Annihilape, L50, M|\n|poke|p2|Ting-Lu, L50|\n|poke|p2|Palafin, L50, F|\n|poke|p2|Murkrow, L50, M|\n|poke|p2|Cetitan, L50, M|\n|poke|p2|Gholdengo, L50|\n|teampreview|4\n|inactive|Battle timer is ON: inactive players will automatically lose when time's up. (requested by brimkitty)\n|\n|t:|1683602854\n|start\n|switch|p1a: Amoonguss|Amoonguss, L50, M|100\/100\n|switch|p1b: Palafin|Palafin, L50, M|100\/100\n|switch|p2a: Ting-Lu|Ting-Lu, L50|100\/100\n|switch|p2b: Palafin|Palafin, L50, F|100\/100\n|-ability|p2a: Ting-Lu|Vessel of Ruin\n|turn|1\n|inactive|Faan_Tung has 30 seconds left.\n|inactive|Faan_Tung has 20 seconds left.\n|\n|t:|1683602890\n|detailschange|p2b: Palafin|Palafin-Hero, L50, F\n|switch|p2b: Annihilape|Annihilape, L50, M|100\/100\n|move|p1b: Palafin|Protect|p1b: Palafin\n|-singleturn|p1b: Palafin|Protect\n|move|p2a: Ting-Lu|Fissure|p1a: Amoonguss|[miss]\n|-miss|p2a: Ting-Lu|p1a: Amoonguss\n|move|p1a: Amoonguss|Spore|p2a: Ting-Lu\n|-status|p2a: Ting-Lu|slp|[from] move: Spore\n|\n|upkeep\n|turn|2\n|\n|t:|1683602918\n|detailschange|p1b: Palafin|Palafin-Hero, L50, M\n|switch|p1b: Indeedee|Indeedee-F, L50, F|100\/100\n|-fieldstart|move: Psychic Terrain|[from] ability: Psychic Surge|[of] p1b: Indeedee\n|-enditem|p1b: Indeedee|Psychic Seed\n|-boost|p1b: Indeedee|spd|1|[from] item: Psychic Seed\n|move|p2b: Annihilape|U-turn|p1b: Indeedee\n|-supereffective|p1b: Indeedee\n|-damage|p1b: Indeedee|65\/100\n|\n|t:|1683602928\n|switch|p2b: Palafin|Palafin-Hero, L50, F|100\/100|[from] U-turn\n|-activate|p2b: Palafin|ability: Zero to Hero\n|cant|p2a: Ting-Lu|slp\n|move|p1a: Amoonguss|Spore|p2b: Palafin\n|-status|p2b: Palafin|slp|[from] move: Spore\n|\n|upkeep\n|turn|3\n|\n|t:|1683602946\n|switch|p1a: Flutter Mane|Flutter Mane, L50, shiny|100\/100\n|-enditem|p1a: Flutter Mane|Booster Energy\n|-activate|p1a: Flutter Mane|ability: Protosynthesis|[fromitem]\n|-start|p1a: Flutter Mane|protosynthesisspe\n|cant|p2b: Palafin|slp\n|move|p1b: Indeedee|Dazzling Gleam|p2a: Ting-Lu|[spread] p2a,p2b\n|-supereffective|p2a: Ting-Lu\n|-damage|p2a: Ting-Lu|90\/100 slp\n|-damage|p2b: Palafin|88\/100 slp\n|cant|p2a: Ting-Lu|slp\n|\n|upkeep\n|turn|4\n|\n|t:|1683602966\n|move|p1b: Indeedee|Helping Hand|p1a: Flutter Mane\n|-singleturn|p1a: Flutter Mane|Helping Hand|[of] p1b: Indeedee\n|cant|p2b: Palafin|slp\n|move|p1a: Flutter Mane|Moonblast|p2a: Ting-Lu\n|-supereffective|p2a: Ting-Lu\n|-damage|p2a: Ting-Lu|27\/100 slp\n|cant|p2a: Ting-Lu|slp\n|\n|upkeep\n|turn|5\n|\n|t:|1683602988\n|move|p1b: Indeedee|Helping Hand|p1a: Flutter Mane\n|-singleturn|p1a: Flutter Mane|Helping Hand|[of] p1b: Indeedee\n|-curestatus|p2b: Palafin|slp|[msg]\n|move|p2b: Palafin|Protect|p2b: Palafin\n|-singleturn|p2b: Palafin|Protect\n|move|p1a: Flutter Mane|Dazzling Gleam|p2b: Palafin|[spread] p2a\n|-activate|p2b: Palafin|move: Protect\n|-supereffective|p2a: Ting-Lu\n|-damage|p2a: Ting-Lu|0 fnt\n|faint|p2a: Ting-Lu\n|\n|upkeep\n|\n|t:|1683603003\n|switch|p2a: Gholdengo|Gholdengo, L50|100\/100\n|turn|6\n|\n|t:|1683603025\n|-terastallize|p2b: Palafin|Water\n|move|p1b: Indeedee|Helping Hand|p1a: Flutter Mane\n|-singleturn|p1a: Flutter Mane|Helping Hand|[of] p1b: Indeedee\n|move|p2b: Palafin|Jet Punch|p1a: Flutter Mane\n|-activate|p1a: Flutter Mane|move: Psychic Terrain\n|move|p1a: Flutter Mane|Shadow Ball|p2b: Palafin\n|-damage|p2b: Palafin|16\/100\n|move|p2a: Gholdengo|Make It Rain|p1b: Indeedee|[spread] p1a,p1b\n|-supereffective|p1a: Flutter Mane\n|-damage|p1a: Flutter Mane|4\/100\n|-damage|p1b: Indeedee|37\/100\n|-unboost|p2a: Gholdengo|spa|1\n|\n|-fieldend|move: Psychic Terrain\n|upkeep\n|turn|7\n|inactive|brimkitty has 30 seconds left.\n|\n|t:|1683603052\n|move|p1a: Flutter Mane|Protect|p1a: Flutter Mane\n|-singleturn|p1a: Flutter Mane|Protect\n|move|p2b: Palafin|Jet Punch|p1a: Flutter Mane\n|-activate|p1a: Flutter Mane|move: Protect\n|move|p2a: Gholdengo|Flash Cannon|p1b: Indeedee\n|-damage|p1b: Indeedee|18\/100\n|move|p1b: Indeedee|Dazzling Gleam|p2b: Palafin|[spread] p2a,p2b\n|-resisted|p2a: Gholdengo\n|-damage|p2a: Gholdengo|93\/100\n|-damage|p2b: Palafin|0 fnt\n|faint|p2b: Palafin\n|\n|upkeep\n|\n|t:|1683603062\n|switch|p2b: Annihilape|Annihilape, L50, M|100\/100\n|turn|8\n|inactive|Faan_Tung has 30 seconds left.\n|inactive|Faan_Tung has 20 seconds left.\n|\n|t:|1683603101\n|move|p1b: Indeedee|Protect|p1b: Indeedee\n|-singleturn|p1b: Indeedee|Protect\n|move|p1a: Flutter Mane|Shadow Ball|p2b: Annihilape\n|-supereffective|p2b: Annihilape\n|-damage|p2b: Annihilape|19\/100\n|move|p2b: Annihilape|Rage Fist|p1a: Flutter Mane\n|-supereffective|p1a: Flutter Mane\n|-damage|p1a: Flutter Mane|0 fnt\n|faint|p1a: Flutter Mane\n|-end|p1a: Flutter Mane|Protosynthesis|[silent]\n|move|p2a: Gholdengo|Flash Cannon|p1b: Indeedee\n|-activate|p1b: Indeedee|move: Protect\n|\n|upkeep\n|\n|t:|1683603112\n|switch|p1a: Palafin|Palafin-Hero, L50, M|100\/100\n|-activate|p1a: Palafin|ability: Zero to Hero\n|turn|9\n|\n|t:|1683603122\n|move|p2a: Gholdengo|Protect|p2a: Gholdengo\n|-singleturn|p2a: Gholdengo|Protect\n|move|p1b: Indeedee|Follow Me|p1b: Indeedee\n|-singleturn|p1b: Indeedee|move: Follow Me\n|move|p1a: Palafin|Jet Punch|p2b: Annihilape\n|-damage|p2b: Annihilape|0 fnt\n|faint|p2b: Annihilape\n|\n|upkeep\n|turn|10\n|\n|t:|1683603136\n|-terastallize|p1a: Palafin|Water\n|move|p1b: Indeedee|Helping Hand|p1a: Palafin\n|-singleturn|p1a: Palafin|Helping Hand|[of] p1b: Indeedee\n|move|p2a: Gholdengo|Dazzling Gleam|p1b: Indeedee|[spread] p1a,p1b\n|-damage|p1a: Palafin|86\/100\n|-damage|p1b: Indeedee|9\/100\n|move|p1a: Palafin|Wave Crash|p2a: Gholdengo\n|-damage|p2a: Gholdengo|0 fnt\n|faint|p2a: Gholdengo\n|-damage|p1a: Palafin|62\/100|[from] Recoil\n|\n|win|Faan_Tung\n|raw|Faan_Tung's rating: 1043 → 1077<\/strong> (+34 for winning)\n|raw|brimkitty's rating: 1051 → 1033<\/strong> (-18 for losing)\n|l|\u2606brimkitty\n|c|\u2606Faan_Tung|GG\n","uploadtime":1683603151,"views":5,"p1id":"faantung","p2id":"brimkitty","formatid":"gen9vgc2023regulationc","rating":1033,"private":0,"password":""}