{"id":"gen9vgc2023regulationc-1844921640","p1":"tommy2436","p2":"andretsai0706","format":"[Gen 9] VGC 2023 Regulation C","log":"|j|\u2606tommy2436\n|j|\u2606andretsai0706\n|t:|1681664371\n|gametype|doubles\n|player|p1|tommy2436|102|1511\n|player|p2|andretsai0706|youngster-gen4dp|1518\n|teamsize|p1|6\n|teamsize|p2|6\n|gen|9\n|tier|[Gen 9] VGC 2023 Regulation C\n|rated|\n|rule|Species Clause: Limit one of each Pok\u00e9mon\n|rule|Item Clause: Limit one of each item\n|clearpoke\n|poke|p1|Garchomp, L50, M|\n|poke|p1|Talonflame, L50, M|\n|poke|p1|Chien-Pao, L50|\n|poke|p1|Flutter Mane, L50|\n|poke|p1|Chi-Yu, L50|\n|poke|p1|Indeedee-F, L50, F|\n|poke|p2|Arcanine, L50, F|\n|poke|p2|Ting-Lu, L50|\n|poke|p2|Azumarill, L50, M|\n|poke|p2|Flutter Mane, L50|\n|poke|p2|Bronzong, L50|\n|poke|p2|Amoonguss, L50, F|\n|teampreview|4\n|\n|t:|1681664398\n|start\n|switch|p1a: Flutter Mane|Flutter Mane, L50|100\/100\n|switch|p1b: Indeedee|Indeedee-F, L50, F|100\/100\n|switch|p2a: \u632f\u7ffc\u7684\u9aee\u69cc|Flutter Mane, L50|100\/100\n|switch|p2b: Weakness policy|Ting-Lu, L50|100\/100\n|-fieldstart|move: Psychic Terrain|[from] ability: Psychic Surge|[of] p1b: Indeedee\n|-ability|p2b: Weakness policy|Vessel of Ruin\n|-enditem|p1a: Flutter Mane|Booster Energy\n|-activate|p1a: Flutter Mane|ability: Protosynthesis|[fromitem]\n|-start|p1a: Flutter Mane|protosynthesisspa\n|turn|1\n|j| Anonymoongus\n|j| Rabbihorn\n|\n|t:|1681664449\n|move|p1b: Indeedee|Follow Me|p1b: Indeedee\n|-singleturn|p1b: Indeedee|move: Follow Me\n|move|p2a: \u632f\u7ffc\u7684\u9aee\u69cc|Imprison|p2a: \u632f\u7ffc\u7684\u9aee\u69cc\n|-start|p2a: \u632f\u7ffc\u7684\u9aee\u69cc|move: Imprison\n|cant|p1a: Flutter Mane|move: Imprison|Shadow Ball\n|move|p2b: Weakness policy|Throat Chop|p1b: Indeedee\n|-supereffective|p1b: Indeedee\n|-damage|p1b: Indeedee|19\/100\n|-start|p1b: Indeedee|Throat Chop|[silent]\n|\n|upkeep\n|turn|2\n|\n|t:|1681664476\n|move|p1b: Indeedee|Helping Hand|p1a: Flutter Mane\n|-singleturn|p1a: Flutter Mane|Helping Hand|[of] p1b: Indeedee\n|move|p2a: \u632f\u7ffc\u7684\u9aee\u69cc|Dazzling Gleam|p1a: Flutter Mane|[spread] p1a,p1b\n|-damage|p1a: Flutter Mane|74\/100\n|-damage|p1b: Indeedee|0 fnt\n|faint|p1b: Indeedee\n|move|p1a: Flutter Mane|Thunderbolt|p2a: \u632f\u7ffc\u7684\u9aee\u69cc\n|-crit|p2a: \u632f\u7ffc\u7684\u9aee\u69cc\n|-damage|p2a: \u632f\u7ffc\u7684\u9aee\u69cc|18\/100\n|move|p2b: Weakness policy|Heavy Slam|p1a: Flutter Mane\n|-supereffective|p1a: Flutter Mane\n|-crit|p1a: Flutter Mane\n|-damage|p1a: Flutter Mane|0 fnt\n|faint|p1a: Flutter Mane\n|-end|p1a: Flutter Mane|Protosynthesis|[silent]\n|\n|upkeep\n|\n|t:|1681664491\n|switch|p1a: Chi-Yu|Chi-Yu, L50|100\/100\n|switch|p1b: Chien-Pao|Chien-Pao, L50|100\/100\n|-ability|p1a: Chi-Yu|Beads of Ruin\n|-ability|p1b: Chien-Pao|Sword of Ruin\n|turn|3\n|\n|t:|1681664518\n|-terastallize|p1a: Chi-Yu|Grass\n|-terastallize|p2b: Weakness policy|Fairy\n|move|p2a: \u632f\u7ffc\u7684\u9aee\u69cc|Protect|p2a: \u632f\u7ffc\u7684\u9aee\u69cc\n|-singleturn|p2a: \u632f\u7ffc\u7684\u9aee\u69cc|Protect\n|move|p1a: Chi-Yu|Heat Wave|p2a: \u632f\u7ffc\u7684\u9aee\u69cc|[spread] \n|-activate|p2a: \u632f\u7ffc\u7684\u9aee\u69cc|move: Protect\n|-miss|p1a: Chi-Yu|p2b: Weakness policy\n|move|p1b: Chien-Pao|Ice Spinner|p2b: Weakness policy\n|-damage|p2b: Weakness policy|66\/100\n|-fieldend|move: Psychic Terrain\n|move|p2b: Weakness policy|Earthquake|p1a: Chi-Yu|[spread] p1a,p1b\n|-activate|p2a: \u632f\u7ffc\u7684\u9aee\u69cc|move: Protect\n|-resisted|p1a: Chi-Yu\n|-damage|p1a: Chi-Yu|70\/100\n|-damage|p1b: Chien-Pao|51\/100\n|\n|upkeep\n|turn|4\n|\n|t:|1681664558\n|-end|p2a: \u632f\u7ffc\u7684\u9aee\u69cc|Protosynthesis|[silent]\n|switch|p2a: \u706b\u5e2b\u59d0|Azumarill, L50, M|100\/100\n|move|p1a: Chi-Yu|Heat Wave|p2a: \u706b\u5e2b\u59d0|[spread] p2b\n|-miss|p1a: Chi-Yu|p2a: \u706b\u5e2b\u59d0\n|-damage|p2b: Weakness policy|39\/100\n|move|p1b: Chien-Pao|Throat Chop|p2b: Weakness policy\n|-resisted|p2b: Weakness policy\n|-damage|p2b: Weakness policy|23\/100\n|-start|p2b: Weakness policy|Throat Chop|[silent]\n|move|p2b: Weakness policy|Throat Chop|p1a: Chi-Yu\n|-damage|p1a: Chi-Yu|0 fnt\n|faint|p1a: Chi-Yu\n|\n|upkeep\n|turn|5\n|-message|tommy2436 forfeited.\n|\n|win|andretsai0706\n|raw|tommy2436's rating: 1511 → 1491<\/strong> (-20 for losing)\n|raw|andretsai0706's rating: 1518 → 1538<\/strong> (+20 for winning)\n|l|\u2606tommy2436\n|l|\u2606andretsai0706\n|l| Anonymoongus\n|j|\u2606andretsai0706\n|player|p2|andretsai0706|youngster-gen4dp\n|j| haoran zhou\n","uploadtime":1681664752,"views":22,"p1id":"tommy2436","p2id":"andretsai0706","formatid":"gen9vgc2023regulationc","rating":1491,"private":0,"password":""}