{"id":"gen9vgc2023regulationc-1851136363","p1":"fesgtep","p2":"Khranos","format":"[Gen 9] VGC 2023 Regulation C","log":"|j|\u2606fesgtep\n|j|\u2606Khranos\n|t:|1682415239\n|gametype|doubles\n|player|p1|fesgtep|gambler|1063\n|player|p2|Khranos|gambler|1081\n|teamsize|p1|6\n|teamsize|p2|6\n|gen|9\n|tier|[Gen 9] VGC 2023 Regulation C\n|rated|\n|rule|Species Clause: Limit one of each Pok\u00e9mon\n|rule|Item Clause: Limit one of each item\n|clearpoke\n|poke|p1|Gothitelle, L50, M|\n|poke|p1|Flutter Mane, L50|\n|poke|p1|Wo-Chien, L50|\n|poke|p1|Torkoal, L50, M|\n|poke|p1|Chi-Yu, L50|\n|poke|p1|Gyarados, L50, M|\n|poke|p2|Lycanroc-Midnight, L50, M|\n|poke|p2|Medicham, L50, M|\n|poke|p2|Dondozo, L50, F|\n|poke|p2|Tatsugiri-Stretchy, L50, M|\n|poke|p2|Mimikyu, L50, F|\n|poke|p2|Ting-Lu, L50|\n|teampreview|4\n|inactive|Battle timer is ON: inactive players will automatically lose when time's up. (requested by fesgtep)\n|inactive|fesgtep has 60 seconds left.\n|inactive|Khranos has 60 seconds left.\n|\n|t:|1682415286\n|start\n|switch|p1a: Flutter Mane|Flutter Mane, L50|100\/100\n|switch|p1b: Chi-Yu|Chi-Yu, L50|100\/100\n|switch|p2a: Medicham|Medicham, L50, M|100\/100\n|switch|p2b: Dondozo|Dondozo, L50, F|100\/100\n|-ability|p1b: Chi-Yu|Beads of Ruin\n|turn|1\n|inactive|fesgtep has 30 seconds left.\n|inactive|Khranos has 30 seconds left.\n|inactive|Khranos has 20 seconds left.\n|\n|t:|1682415324\n|-terastallize|p1a: Flutter Mane|Fairy\n|move|p2a: Medicham|Detect|p2a: Medicham\n|-singleturn|p2a: Medicham|Protect\n|move|p2b: Dondozo|Protect|p2b: Dondozo\n|-singleturn|p2b: Dondozo|Protect\n|move|p1b: Chi-Yu|Dark Pulse|p2b: Dondozo\n|-activate|p2b: Dondozo|move: Protect\n|move|p1a: Flutter Mane|Dazzling Gleam|p2a: Medicham|[spread] \n|-activate|p2a: Medicham|move: Protect\n|-activate|p2b: Dondozo|move: Protect\n|\n|upkeep\n|turn|2\n|\n|t:|1682415347\n|-terastallize|p2b: Dondozo|Steel\n|move|p1b: Chi-Yu|Dark Pulse|p2b: Dondozo\n|-damage|p2b: Dondozo|51\/100\n|move|p1a: Flutter Mane|Dazzling Gleam|p2a: Medicham|[spread] p2a,p2b\n|-supereffective|p2a: Medicham\n|-resisted|p2b: Dondozo\n|-enditem|p2a: Medicham|Focus Sash\n|-damage|p2a: Medicham|1\/100\n|-damage|p2b: Dondozo|20\/100\n|-damage|p1a: Flutter Mane|91\/100|[from] item: Life Orb\n|move|p2a: Medicham|Skill Swap|p2b: Dondozo\n|-activate|p2a: Medicham|move: Skill Swap|||[of] p2b: Dondozo\n|move|p2b: Dondozo|Wave Crash|p1b: Chi-Yu\n|-supereffective|p1b: Chi-Yu\n|-damage|p1b: Chi-Yu|0 fnt\n|faint|p1b: Chi-Yu\n|-damage|p2b: Dondozo|1\/100|[from] Recoil\n|\n|-heal|p2b: Dondozo|8\/100|[from] item: Leftovers\n|upkeep\n|\n|t:|1682415364\n|switch|p1b: Wo-Chien|Wo-Chien, L50|100\/100\n|-ability|p1b: Wo-Chien|Tablets of Ruin\n|turn|3\n|\n|t:|1682415370\n|switch|p2a: Tatsugiri|Tatsugiri-Stretchy, L50, M|100\/100\n|-activate|p2a: Tatsugiri|ability: Commander|[of] p2b: Dondozo\n|-boost|p2b: Dondozo|atk|2\n|-boost|p2b: Dondozo|spa|2\n|-boost|p2b: Dondozo|spe|2\n|-boost|p2b: Dondozo|def|2\n|-boost|p2b: Dondozo|spd|2\n|move|p2b: Dondozo|Protect|p2b: Dondozo\n|-singleturn|p2b: Dondozo|Protect\n|move|p1a: Flutter Mane|Dazzling Gleam|p2a: Tatsugiri|[spread] \n|-miss|p1a: Flutter Mane|p2a: Tatsugiri\n|-activate|p2b: Dondozo|move: Protect\n|move|p1b: Wo-Chien|Pollen Puff|p1a: Flutter Mane\n|-heal|p1a: Flutter Mane|100\/100\n|\n|-heal|p2b: Dondozo|14\/100|[from] item: Leftovers\n|upkeep\n|turn|4\n|inactive|Khranos has 30 seconds left.\n|\n|t:|1682415403\n|move|p1a: Flutter Mane|Dazzling Gleam|p2b: Dondozo|[spread] p2b\n|-miss|p1a: Flutter Mane|p2a: Tatsugiri\n|-resisted|p2b: Dondozo\n|-damage|p2b: Dondozo|3\/100\n|-damage|p1a: Flutter Mane|91\/100|[from] item: Life Orb\n|move|p2b: Dondozo|Wave Crash|p1a: Flutter Mane\n|-damage|p1a: Flutter Mane|0 fnt\n|faint|p1a: Flutter Mane\n|-end|p1a: Flutter Mane|Protosynthesis|[silent]\n|-damage|p2b: Dondozo|0 fnt|[from] Recoil\n|faint|p2b: Dondozo\n|move|p1b: Wo-Chien|Leech Seed|p2a: Tatsugiri\n|-start|p2a: Tatsugiri|move: Leech Seed\n|\n|-damage|p2a: Tatsugiri|88\/100|[from] Leech Seed|[of] p1b: Wo-Chien\n|upkeep\n|\n|t:|1682415417\n|switch|p1a: Torkoal|Torkoal, L50, M|100\/100\n|switch|p2b: Medicham|Medicham, L50, M|1\/100\n|-weather|SunnyDay|[from] ability: Drought|[of] p1a: Torkoal\n|turn|5\n|\n|t:|1682415426\n|move|p2a: Tatsugiri|Draco Meteor|p1a: Torkoal\n|-damage|p1a: Torkoal|16\/100\n|-unboost|p2a: Tatsugiri|spa|2\n|move|p2b: Medicham|Close Combat|p1b: Wo-Chien\n|-supereffective|p1b: Wo-Chien\n|-damage|p1b: Wo-Chien|10\/100\n|-unboost|p2b: Medicham|def|1\n|-unboost|p2b: Medicham|spd|1\n|move|p1b: Wo-Chien|Pollen Puff|p1a: Torkoal\n|-heal|p1a: Torkoal|65\/100\n|move|p1a: Torkoal|Eruption|p2a: Tatsugiri|[spread] p2a,p2b\n|-resisted|p2a: Tatsugiri\n|-damage|p2a: Tatsugiri|69\/100\n|-damage|p2b: Medicham|0 fnt\n|faint|p2b: Medicham\n|\n|-weather|SunnyDay|[upkeep]\n|-heal|p1b: Wo-Chien|16\/100|[from] item: Leftovers\n|-damage|p2a: Tatsugiri|57\/100|[from] Leech Seed|[of] p1b: Wo-Chien\n|-heal|p1b: Wo-Chien|25\/100|[silent]\n|upkeep\n|\n|t:|1682415443\n|switch|p2b: Ting-Lu|Ting-Lu, L50|100\/100\n|-ability|p2b: Ting-Lu|Vessel of Ruin\n|turn|6\n|\n|t:|1682415460\n|move|p1b: Wo-Chien|Protect|p1b: Wo-Chien\n|-singleturn|p1b: Wo-Chien|Protect\n|move|p1a: Torkoal|Protect|p1a: Torkoal\n|-singleturn|p1a: Torkoal|Protect\n|move|p2a: Tatsugiri|Draco Meteor|p1b: Wo-Chien\n|-activate|p1b: Wo-Chien|move: Protect\n|move|p2b: Ting-Lu|Fissure|p1a: Torkoal\n|-activate|p1a: Torkoal|move: Protect\n|\n|-weather|SunnyDay|[upkeep]\n|-heal|p1b: Wo-Chien|32\/100|[from] item: Leftovers\n|-damage|p2a: Tatsugiri|44\/100|[from] Leech Seed|[of] p1b: Wo-Chien\n|-heal|p1b: Wo-Chien|41\/100|[silent]\n|upkeep\n|turn|7\n|\n|t:|1682415477\n|move|p2a: Tatsugiri|Draco Meteor|p1b: Wo-Chien\n|-damage|p1b: Wo-Chien|23\/100\n|-unboost|p2a: Tatsugiri|spa|2\n|move|p1b: Wo-Chien|Leech Seed|p2b: Ting-Lu\n|-start|p2b: Ting-Lu|move: Leech Seed\n|move|p2b: Ting-Lu|Stomping Tantrum|p1a: Torkoal\n|-supereffective|p1a: Torkoal\n|-damage|p1a: Torkoal|18\/100\n|move|p1a: Torkoal|Heat Wave|p2a: Tatsugiri|[spread] p2a,p2b\n|-resisted|p2a: Tatsugiri\n|-damage|p2a: Tatsugiri|31\/100\n|-damage|p2b: Ting-Lu|79\/100\n|\n|-weather|SunnyDay|[upkeep]\n|-heal|p1b: Wo-Chien|30\/100|[from] item: Leftovers\n|-damage|p2a: Tatsugiri|19\/100|[from] Leech Seed|[of] p1b: Wo-Chien\n|-heal|p1b: Wo-Chien|39\/100|[silent]\n|-damage|p2b: Ting-Lu|67\/100|[from] Leech Seed|[of] p1b: Wo-Chien\n|-heal|p1b: Wo-Chien|55\/100|[silent]\n|upkeep\n|turn|8\n|\n|t:|1682415501\n|move|p1b: Wo-Chien|Protect|p1b: Wo-Chien\n|-singleturn|p1b: Wo-Chien|Protect\n|move|p1a: Torkoal|Protect|p1a: Torkoal\n|-singleturn|p1a: Torkoal|Protect\n|move|p2a: Tatsugiri|Draco Meteor|p1a: Torkoal\n|-activate|p1a: Torkoal|move: Protect\n|move|p2b: Ting-Lu|Fissure|p1b: Wo-Chien\n|-activate|p1b: Wo-Chien|move: Protect\n|\n|-weather|SunnyDay|[upkeep]\n|-heal|p1b: Wo-Chien|61\/100|[from] item: Leftovers\n|-damage|p2a: Tatsugiri|6\/100|[from] Leech Seed|[of] p1b: Wo-Chien\n|-heal|p1b: Wo-Chien|71\/100|[silent]\n|-damage|p2b: Ting-Lu|55\/100|[from] Leech Seed|[of] p1b: Wo-Chien\n|-heal|p1b: Wo-Chien|87\/100|[silent]\n|upkeep\n|turn|9\n|\n|t:|1682415516\n|move|p2a: Tatsugiri|Draco Meteor|p1a: Torkoal\n|-damage|p1a: Torkoal|0 fnt\n|-unboost|p2a: Tatsugiri|spa|2\n|faint|p1a: Torkoal\n|move|p1b: Wo-Chien|Pollen Puff|p1: Torkoal|[notarget]\n|-fail|p1b: Wo-Chien\n|move|p2b: Ting-Lu|Fissure|p1b: Wo-Chien|[miss]\n|-miss|p2b: Ting-Lu|p1b: Wo-Chien\n|\n|-weather|none\n|-heal|p1b: Wo-Chien|93\/100|[from] item: Leftovers\n|-damage|p2a: Tatsugiri|0 fnt|[from] Leech Seed|[of] p1b: Wo-Chien\n|-heal|p1b: Wo-Chien|97\/100|[silent]\n|faint|p2a: Tatsugiri\n|-damage|p2b: Ting-Lu|43\/100|[from] Leech Seed|[of] p1b: Wo-Chien\n|-heal|p1b: Wo-Chien|100\/100|[silent]\n|upkeep\n|turn|10\n|\n|t:|1682415535\n|move|p1b: Wo-Chien|Protect|p1b: Wo-Chien\n|-singleturn|p1b: Wo-Chien|Protect\n|move|p2b: Ting-Lu|Fissure|p1b: Wo-Chien\n|-activate|p1b: Wo-Chien|move: Protect\n|\n|-damage|p2b: Ting-Lu|31\/100|[from] Leech Seed|[of] p1b: Wo-Chien\n|upkeep\n|turn|11\n|\n|t:|1682415543\n|move|p1b: Wo-Chien|Pollen Puff|p2b: Ting-Lu\n|-supereffective|p2b: Ting-Lu\n|-crit|p2b: Ting-Lu\n|-damage|p2b: Ting-Lu|8\/100\n|move|p2b: Ting-Lu|Fissure|p1b: Wo-Chien\n|-damage|p1b: Wo-Chien|0 fnt\n|faint|p1b: Wo-Chien\n|-ohko\n|\n|win|Khranos\n|raw|fesgtep's rating: 1063 → 1045<\/strong> (-18 for losing)\n|raw|Khranos's rating: 1081 → 1107<\/strong> (+26 for winning)\n|l|\u2606fesgtep\n","uploadtime":1682415556,"views":9,"p1id":"fesgtep","p2id":"khranos","formatid":"gen9vgc2023regulationc","rating":1045,"private":0,"password":""}