{"id":"gen9vgc2023regulationc-1853522743","p1":"TheStarry1","p2":"Oreoinabox","format":"[Gen 9] VGC 2023 Regulation C","log":"|j|\u2606TheStarry1\n|j|\u2606Oreoinabox\n|t:|1682693167\n|gametype|doubles\n|player|p1|TheStarry1|lillie-z|1084\n|player|p2|Oreoinabox|266|1138\n|teamsize|p1|6\n|teamsize|p2|6\n|gen|9\n|tier|[Gen 9] VGC 2023 Regulation C\n|rated|\n|rule|Species Clause: Limit one of each Pok\u00e9mon\n|rule|Item Clause: Limit one of each item\n|clearpoke\n|poke|p1|Gyarados, L50, M|\n|poke|p1|Chi-Yu, L50|\n|poke|p1|Iron Hands, L50|\n|poke|p1|Kingambit, L50, M|\n|poke|p1|Amoonguss, L50, F|\n|poke|p1|Flutter Mane, L50|\n|poke|p2|Tyranitar, L50, M|\n|poke|p2|Lycanroc, L50, M|\n|poke|p2|Chi-Yu, L50|\n|poke|p2|Drednaw, L50, M|\n|poke|p2|Dragonite, L50, M|\n|poke|p2|Grimmsnarl, L50, M|\n|teampreview|4\n|inactive|Battle timer is ON: inactive players will automatically lose when time's up. (requested by Oreoinabox)\n|\n|t:|1682693206\n|start\n|switch|p1a: Gyarados|Gyarados, L50, M|100\/100\n|switch|p1b: Iron Hands|Iron Hands, L50|100\/100\n|switch|p2a: Grimmsnarl|Grimmsnarl, L50, M|100\/100\n|switch|p2b: Dragonite|Dragonite, L50, M|100\/100\n|-ability|p1a: Gyarados|Intimidate|boost\n|-unboost|p2a: Grimmsnarl|atk|1\n|-unboost|p2b: Dragonite|atk|1\n|turn|1\n|\n|t:|1682693223\n|move|p2a: Grimmsnarl|Reflect|p2a: Grimmsnarl\n|-sidestart|p2: Oreoinabox|Reflect\n|move|p1a: Gyarados|Icy Wind|p2a: Grimmsnarl|[spread] p2a,p2b\n|-supereffective|p2b: Dragonite\n|-enditem|p2b: Dragonite|Yache Berry|[eat]\n|-enditem|p2b: Dragonite|Yache Berry|[weaken]\n|-damage|p2a: Grimmsnarl|96\/100\n|-damage|p2b: Dragonite|95\/100\n|-unboost|p2a: Grimmsnarl|spe|1\n|-unboost|p2b: Dragonite|spe|1\n|move|p1b: Iron Hands|Swords Dance|p1b: Iron Hands\n|-boost|p1b: Iron Hands|atk|2\n|move|p2b: Dragonite|Tailwind|p2b: Dragonite\n|-sidestart|p2: Oreoinabox|move: Tailwind\n|\n|upkeep\n|turn|2\n|\n|t:|1682693246\n|move|p2b: Dragonite|Rock Slide|p1b: Iron Hands|[spread] p1a\n|-miss|p2b: Dragonite|p1b: Iron Hands\n|-supereffective|p1a: Gyarados\n|-damage|p1a: Gyarados|68\/100\n|move|p1a: Gyarados|Icy Wind|p2b: Dragonite|[spread] p2a,p2b\n|-supereffective|p2b: Dragonite\n|-damage|p2a: Grimmsnarl|92\/100\n|-damage|p2b: Dragonite|73\/100\n|-unboost|p2a: Grimmsnarl|spe|1\n|-unboost|p2b: Dragonite|spe|1\n|move|p2a: Grimmsnarl|Spirit Break|p1b: Iron Hands\n|-supereffective|p1b: Iron Hands\n|-damage|p1b: Iron Hands|74\/100\n|-unboost|p1b: Iron Hands|spa|1\n|move|p1b: Iron Hands|Wild Charge|p2b: Dragonite\n|-damage|p2b: Dragonite|0 fnt\n|faint|p2b: Dragonite\n|-damage|p1b: Iron Hands|59\/100|[from] Recoil\n|\n|upkeep\n|\n|t:|1682693264\n|switch|p2b: Chi-Yu|Chi-Yu, L50|100\/100\n|-ability|p2b: Chi-Yu|Beads of Ruin\n|turn|3\n|\n|t:|1682693281\n|move|p2a: Grimmsnarl|Light Screen|p2a: Grimmsnarl\n|-sidestart|p2: Oreoinabox|move: Light Screen\n|move|p2b: Chi-Yu|Psychic|p1b: Iron Hands\n|-supereffective|p1b: Iron Hands\n|-damage|p1b: Iron Hands|0 fnt\n|faint|p1b: Iron Hands\n|-end|p1b: Iron Hands|Quark Drive|[silent]\n|move|p1a: Gyarados|Waterfall|p2b: Chi-Yu\n|-supereffective|p2b: Chi-Yu\n|-damage|p2b: Chi-Yu|0 fnt\n|faint|p2b: Chi-Yu\n|\n|upkeep\n|\n|t:|1682693297\n|switch|p2b: Drednaw|Drednaw, L50, M|100\/100\n|switch|p1b: Kingambit|Kingambit, L50, M|100\/100\n|turn|4\n|\n|t:|1682693312\n|move|p2a: Grimmsnarl|Parting Shot|p1a: Gyarados\n|-unboost|p1a: Gyarados|atk|1\n|-unboost|p1a: Gyarados|spa|1\n|move|p2b: Drednaw|Shell Smash|p2b: Drednaw\n|-unboost|p2b: Drednaw|def|1\n|-unboost|p2b: Drednaw|spd|1\n|-boost|p2b: Drednaw|atk|2\n|-boost|p2b: Drednaw|spa|2\n|-boost|p2b: Drednaw|spe|2\n|-enditem|p2b: Drednaw|White Herb\n|-clearnegativeboost|p2b: Drednaw|[silent]\n|move|p1a: Gyarados|Waterfall|p2b: Drednaw\n|-damage|p2b: Drednaw|76\/100\n|move|p1b: Kingambit|Iron Head|p2a: Grimmsnarl\n|-supereffective|p2a: Grimmsnarl\n|-crit|p2a: Grimmsnarl\n|-damage|p2a: Grimmsnarl|0 fnt\n|faint|p2a: Grimmsnarl\n|\n|-sideend|p2: Oreoinabox|move: Tailwind\n|upkeep\n|turn|5\n|\n|t:|1682693337\n|move|p2b: Drednaw|Liquidation|p1b: Kingambit\n|-damage|p1b: Kingambit|26\/100\n|move|p1a: Gyarados|Waterfall|p2b: Drednaw\n|-damage|p2b: Drednaw|51\/100\n|move|p1b: Kingambit|Assurance|p2b: Drednaw\n|-damage|p2b: Drednaw|0 fnt\n|faint|p2b: Drednaw\n|\n|win|TheStarry1\n|raw|TheStarry1's rating: 1084 → 1116<\/strong> (+32 for winning)\n|raw|Oreoinabox's rating: 1138 → 1109<\/strong> (-29 for losing)\n|l|\u2606Oreoinabox\n","uploadtime":1682693351,"views":8,"p1id":"thestarry1","p2id":"oreoinabox","formatid":"gen9vgc2023regulationc","rating":1109,"private":0,"password":""}