{"id":"gen9vgc2023regulationc-1858755459","p1":"AshVGCMX","p2":"huangshunjian","format":"[Gen 9] VGC 2023 Regulation C","log":"|j|\u2606AshVGCMX\n|j|\u2606huangshunjian\n|t:|1683354569\n|gametype|doubles\n|player|p1|AshVGCMX|ash-capbackward|1431\n|player|p2|huangshunjian|169|1518\n|teamsize|p1|6\n|teamsize|p2|6\n|gen|9\n|tier|[Gen 9] VGC 2023 Regulation C\n|rated|\n|rule|Species Clause: Limit one of each Pok\u00e9mon\n|rule|Item Clause: Limit one of each item\n|clearpoke\n|poke|p1|Pikachu, L50, M|\n|poke|p1|Flutter Mane, L50|\n|poke|p1|Chi-Yu, L50|\n|poke|p1|Gholdengo, L50|\n|poke|p1|Murkrow, L50, M|\n|poke|p1|Great Tusk, L50|\n|poke|p2|Glimmora, L50, F|\n|poke|p2|Dondozo, L50, F|\n|poke|p2|Tatsugiri, L50, F|\n|poke|p2|Kingambit, L50, F|\n|poke|p2|Chi-Yu, L50|\n|poke|p2|Roaring Moon, L50|\n|teampreview|4\nhuangshunjian rejected open team sheets.\n|inactive|Battle timer is ON: inactive players will automatically lose when time's up. (requested by huangshunjian)\n|inactive|AshVGCMX has 60 seconds left.\n|\n|t:|1683354606\n|start\n|switch|p1a: Eh\u00e9catl|Murkrow, L50, M|100\/100\n|switch|p1b: Mixc\u00f3atl|Great Tusk, L50|100\/100\n|switch|p2a: Roaring Moon|Roaring Moon, L50, shiny|100\/100\n|switch|p2b: Glimmora|Glimmora, L50, F, shiny|100\/100\n|-enditem|p2a: Roaring Moon|Booster Energy\n|-activate|p2a: Roaring Moon|ability: Protosynthesis|[fromitem]\n|-start|p2a: Roaring Moon|protosynthesisspe\n|turn|1\n|j| xfhhjkjgfdd\n|\n|t:|1683354623\n|-terastallize|p2b: Glimmora|Water\n|move|p1b: Mixc\u00f3atl|Protect|p1b: Mixc\u00f3atl\n|-singleturn|p1b: Mixc\u00f3atl|Protect\n|move|p1a: Eh\u00e9catl|Tailwind|p1a: Eh\u00e9catl\n|-sidestart|p1: AshVGCMX|move: Tailwind\n|move|p2a: Roaring Moon|Tailwind|p2a: Roaring Moon\n|-sidestart|p2: huangshunjian|move: Tailwind\n|move|p2b: Glimmora|Power Gem|p1a: Eh\u00e9catl\n|-supereffective|p1a: Eh\u00e9catl\n|-damage|p1a: Eh\u00e9catl|26\/100\n|\n|upkeep\n|turn|2\n|\n|t:|1683354638\n|switch|p1a: Cihuac\u00f3atl|Flutter Mane, L50|100\/100\n|move|p2a: Roaring Moon|Breaking Swipe|p1b: Mixc\u00f3atl|[spread] p1b\n|-immune|p1a: Cihuac\u00f3atl\n|-crit|p1b: Mixc\u00f3atl\n|-damage|p1b: Mixc\u00f3atl|77\/100\n|move|p2b: Glimmora|Mortal Spin|p1a: Cihuac\u00f3atl|[spread] p1a,p1b\n|-resisted|p1b: Mixc\u00f3atl\n|-damage|p1a: Cihuac\u00f3atl|94\/100\n|-damage|p1b: Mixc\u00f3atl|76\/100\n|-status|p1a: Cihuac\u00f3atl|psn\n|-status|p1b: Mixc\u00f3atl|psn\n|move|p1b: Mixc\u00f3atl|Close Combat|p2a: Roaring Moon\n|-supereffective|p2a: Roaring Moon\n|-crit|p2a: Roaring Moon\n|-damage|p2a: Roaring Moon|0 fnt\n|-unboost|p1b: Mixc\u00f3atl|def|1\n|-unboost|p1b: Mixc\u00f3atl|spd|1\n|faint|p2a: Roaring Moon\n|-end|p2a: Roaring Moon|Protosynthesis|[silent]\n|\n|-damage|p1a: Cihuac\u00f3atl|81\/100 psn|[from] psn\n|-damage|p1b: Mixc\u00f3atl|64\/100 psn|[from] psn\n|upkeep\n|\n|t:|1683354658\n|switch|p2a: Dondozo|Dondozo, L50, F, shiny|100\/100\n|turn|3\n|\n|t:|1683354680\n|move|p2a: Dondozo|Protect|p2a: Dondozo\n|-singleturn|p2a: Dondozo|Protect\n|move|p1a: Cihuac\u00f3atl|Shadow Ball|p2b: Glimmora\n|-damage|p2b: Glimmora|77\/100\n|move|p2b: Glimmora|Sludge Bomb|p1a: Cihuac\u00f3atl\n|-damage|p1a: Cihuac\u00f3atl|37\/100 psn\n|move|p1b: Mixc\u00f3atl|Close Combat|p2a: Dondozo\n|-activate|p2a: Dondozo|move: Protect\n|\n|-damage|p1a: Cihuac\u00f3atl|25\/100 psn|[from] psn\n|-damage|p1b: Mixc\u00f3atl|51\/100 psn|[from] psn\n|upkeep\n|turn|4\n|\n|t:|1683354697\n|move|p1a: Cihuac\u00f3atl|Shadow Ball|p2b: Glimmora\n|-crit|p2b: Glimmora\n|-damage|p2b: Glimmora|40\/100\n|move|p2b: Glimmora|Sludge Bomb|p1a: Cihuac\u00f3atl\n|-damage|p1a: Cihuac\u00f3atl|0 fnt\n|faint|p1a: Cihuac\u00f3atl\n|-end|p1a: Cihuac\u00f3atl|Protosynthesis|[silent]\n|move|p1b: Mixc\u00f3atl|Headlong Rush|p2b: Glimmora\n|-damage|p2b: Glimmora|0 fnt\n|-unboost|p1b: Mixc\u00f3atl|def|1\n|-unboost|p1b: Mixc\u00f3atl|spd|1\n|-activate|p2b: Glimmora|ability: Toxic Debris\n|-sidestart|p1: AshVGCMX|move: Toxic Spikes\n|faint|p2b: Glimmora\n|move|p2a: Dondozo|Wave Crash|p1b: Mixc\u00f3atl\n|-supereffective|p1b: Mixc\u00f3atl\n|-damage|p1b: Mixc\u00f3atl|0 fnt\n|faint|p1b: Mixc\u00f3atl\n|-end|p1b: Mixc\u00f3atl|Protosynthesis|[silent]\n|-damage|p2a: Dondozo|87\/100|[from] Recoil\n|\n|-heal|p2a: Dondozo|93\/100|[from] item: Leftovers\n|-sideend|p2: huangshunjian|move: Tailwind\n|-sideend|p1: AshVGCMX|move: Tailwind\n|upkeep\n|j| Spaghetti1111\n|\n|t:|1683354712\n|switch|p1a: Xiuhtecuhtli|Chi-Yu, L50|100\/100\n|switch|p2b: Tatsugiri|Tatsugiri, L50, F, shiny|100\/100\n|switch|p1b: Eh\u00e9catl|Murkrow, L50, M|26\/100\n|-activate|p2b: Tatsugiri|ability: Commander|[of] p2a: Dondozo\n|-boost|p2a: Dondozo|atk|2\n|-boost|p2a: Dondozo|spa|2\n|-boost|p2a: Dondozo|spe|2\n|-boost|p2a: Dondozo|def|2\n|-boost|p2a: Dondozo|spd|2\n|-status|p1a: Xiuhtecuhtli|psn\n|-ability|p1a: Xiuhtecuhtli|Beads of Ruin\n|turn|5\n|\n|t:|1683354720\n|-terastallize|p1a: Xiuhtecuhtli|Grass\n|move|p1b: Eh\u00e9catl|Haze|p1b: Eh\u00e9catl\n|-clearallboost\n|move|p1a: Xiuhtecuhtli|Tera Blast|p2a: Dondozo\n|-supereffective|p2a: Dondozo\n|-damage|p2a: Dondozo|0 fnt\n|faint|p2a: Dondozo\n|\n|-damage|p1a: Xiuhtecuhtli|88\/100 psn|[from] psn\n|upkeep\n|turn|6\n|\n|t:|1683354734\n|move|p1b: Eh\u00e9catl|Tailwind|p1b: Eh\u00e9catl\n|-sidestart|p1: AshVGCMX|move: Tailwind\n|move|p1a: Xiuhtecuhtli|Dark Pulse|p2b: Tatsugiri\n|-damage|p2b: Tatsugiri|29\/100\n|move|p2b: Tatsugiri|Draco Meteor|p1a: Xiuhtecuhtli\n|-damage|p1a: Xiuhtecuhtli|39\/100 psn\n|-unboost|p2b: Tatsugiri|spa|2\n|\n|-damage|p1a: Xiuhtecuhtli|27\/100 psn|[from] psn\n|upkeep\n|turn|7\n|\n|t:|1683354745\n|move|p1a: Xiuhtecuhtli|Dark Pulse|p2b: Tatsugiri\n|-crit|p2b: Tatsugiri\n|-damage|p2b: Tatsugiri|0 fnt\n|faint|p2b: Tatsugiri\n|\n|win|AshVGCMX\n|raw|AshVGCMX's rating: 1431 → 1456<\/strong> (+25 for winning)\n|raw|huangshunjian's rating: 1518 → 1493<\/strong> (-25 for losing)\n|c|\u2606AshVGCMX|gg\n|l|\u2606huangshunjian\n","uploadtime":1683354783,"views":5,"p1id":"ashvgcmx","p2id":"huangshunjian","formatid":"gen9vgc2023regulationc","rating":1456,"private":0,"password":""}