{"id":"gen9vgc2023regulationc-1856096023","p1":"PureNeutral","p2":"ShortbreadDread","format":"[Gen 9] VGC 2023 Regulation C","log":"|j|\u2606PureNeutral\n|j|\u2606ShortbreadDread\n|t:|1683029609\n|gametype|doubles\n|player|p1|PureNeutral|elesa|1457\n|player|p2|ShortbreadDread|dancer|1469\n|teamsize|p1|6\n|teamsize|p2|6\n|gen|9\n|tier|[Gen 9] VGC 2023 Regulation C\n|rated|\n|rule|Species Clause: Limit one of each Pok\u00e9mon\n|rule|Item Clause: Limit one of each item\n|clearpoke\n|poke|p1|Maushold-Four, L50|\n|poke|p1|Annihilape, L50, M|\n|poke|p1|Flutter Mane, L50|\n|poke|p1|Talonflame, L50, M|\n|poke|p1|Great Tusk, L50|\n|poke|p1|Chien-Pao, L50|\n|poke|p2|Chi-Yu, L50|\n|poke|p2|Flutter Mane, L50|\n|poke|p2|Amoonguss, L50, M|\n|poke|p2|Ceruledge, L50, M|\n|poke|p2|Iron Hands, L50|\n|poke|p2|Rotom-Wash, L50|\n|teampreview|4\n|inactive|Battle timer is ON: inactive players will automatically lose when time's up. (requested by ShortbreadDread)\n|inactive|PureNeutral has 60 seconds left.\n|\n|t:|1683029649\n|start\n|switch|p1a: Maushold|Maushold-Four, L50|100\/100\n|switch|p1b: Annihilape|Annihilape, L50, M|100\/100\n|switch|p2a: Nanao|Chi-Yu, L50|100\/100\n|switch|p2b: Maria Beetle|Flutter Mane, L50, shiny|100\/100\n|-ability|p2a: Nanao|Beads of Ruin\n|turn|1\n|inactive|ShortbreadDread has 30 seconds left.\n|\n|t:|1683029680\n|-terastallize|p1b: Annihilape|Water\n|move|p1a: Maushold|Protect|p1a: Maushold\n|-singleturn|p1a: Maushold|Protect\n|move|p2a: Nanao|Dark Pulse|p1b: Annihilape\n|-damage|p1b: Annihilape|60\/100\n|move|p2b: Maria Beetle|Thunderbolt|p1b: Annihilape\n|-supereffective|p1b: Annihilape\n|-damage|p1b: Annihilape|0 fnt\n|faint|p1b: Annihilape\n|\n|upkeep\n|\n|t:|1683029694\n|switch|p1b: Flutter Mane|Flutter Mane, L50|100\/100\n|turn|2\n|\n|t:|1683029709\n|-end|p2b: Maria Beetle|Protosynthesis|[silent]\n|switch|p2b: Iron Hands|Iron Hands, L50|100\/100\n|move|p1a: Maushold|Follow Me|p1a: Maushold\n|-singleturn|p1a: Maushold|move: Follow Me\n|move|p2a: Nanao|Dark Pulse|p1a: Maushold\n|-damage|p1a: Maushold|38\/100\n|move|p1b: Flutter Mane|Dazzling Gleam|p2a: Nanao|[spread] p2a,p2b\n|-supereffective|p2b: Iron Hands\n|-damage|p2a: Nanao|45\/100\n|-damage|p2b: Iron Hands|35\/100\n|\n|upkeep\n|turn|3\n|inactive|ShortbreadDread has 30 seconds left.\n|\n|t:|1683029738\n|-terastallize|p2b: Iron Hands|Fire\n|move|p1a: Maushold|Protect|p1a: Maushold\n|-singleturn|p1a: Maushold|Protect\n|move|p2a: Nanao|Dark Pulse|p1b: Flutter Mane\n|-damage|p1b: Flutter Mane|60\/100\n|move|p1b: Flutter Mane|Dazzling Gleam|p2b: Iron Hands|[spread] p2a,p2b\n|-resisted|p2b: Iron Hands\n|-damage|p2a: Nanao|0 fnt\n|-damage|p2b: Iron Hands|18\/100\n|faint|p2a: Nanao\n|move|p2b: Iron Hands|Wild Charge|p1b: Flutter Mane\n|-damage|p1b: Flutter Mane|0 fnt\n|faint|p1b: Flutter Mane\n|-end|p1b: Flutter Mane|Protosynthesis|[silent]\n|-damage|p2b: Iron Hands|7\/100|[from] Recoil\n|\n|upkeep\n|\n|t:|1683029751\n|switch|p1b: Talonflame|Talonflame, L50, M|100\/100\n|switch|p2a: Maria Beetle|Flutter Mane, L50, shiny|100\/100\n|turn|4\n|\n|t:|1683029758\n|-end|p2b: Iron Hands|Quark Drive|[silent]\n|switch|p2b: Rotom|Rotom-Wash, L50|100\/100\n|move|p1a: Maushold|Feint|p2b: Rotom\n|-damage|p2b: Rotom|94\/100\n|move|p1b: Talonflame|Brave Bird|p2a: Maria Beetle\n|-damage|p2a: Maria Beetle|0 fnt\n|faint|p2a: Maria Beetle\n|-end|p2a: Maria Beetle|Protosynthesis|[silent]\n|-damage|p1b: Talonflame|67\/100|[from] Recoil\n|\n|upkeep\n|\n|t:|1683029761\n|switch|p2a: Iron Hands|Iron Hands, L50, tera:Fire|7\/100\n|turn|5\n|\n|t:|1683029781\n|move|p2a: Iron Hands|Fake Out|p1a: Maushold\n|-damage|p1a: Maushold|20\/100\n|cant|p1a: Maushold|flinch\n|move|p1b: Talonflame|Brave Bird|p2b: Rotom\n|-resisted|p2b: Rotom\n|-damage|p2b: Rotom|68\/100\n|-damage|p1b: Talonflame|58\/100|[from] Recoil\n|move|p2b: Rotom|Thunderbolt|p1b: Talonflame\n|-supereffective|p1b: Talonflame\n|-damage|p1b: Talonflame|0 fnt\n|faint|p1b: Talonflame\n|\n|upkeep\n|turn|6\n|\n|t:|1683029801\n|move|p1a: Maushold|Feint|p2a: Iron Hands\n|-damage|p2a: Iron Hands|2\/100\n|move|p2b: Rotom|Thunderbolt|p1a: Maushold\n|-damage|p1a: Maushold|0 fnt\n|faint|p1a: Maushold\n|\n|win|ShortbreadDread\n|raw|PureNeutral's rating: 1457 → 1438<\/strong> (-19 for losing)\n|raw|ShortbreadDread's rating: 1469 → 1488<\/strong> (+19 for winning)\n|l|\u2606PureNeutral\n","uploadtime":1683030135,"views":3,"p1id":"pureneutral","p2id":"shortbreaddread","formatid":"gen9vgc2023regulationc","rating":1438,"private":0,"password":""}