{"id":"gen9vgc2023regulationc-1856864972","p1":"silylittleimposter","p2":"Bullish21","format":"[Gen 9] VGC 2023 Regulation C","log":"|j|\u2606silylittleimposter\n|j|\u2606Bullish21\n|t:|1683120741\n|gametype|doubles\n|player|p1|silylittleimposter|101|1000\n|player|p2|Bullish21|riley|1078\n|teamsize|p1|6\n|teamsize|p2|6\n|gen|9\n|tier|[Gen 9] VGC 2023 Regulation C\n|rated|\n|rule|Species Clause: Limit one of each Pok\u00e9mon\n|rule|Item Clause: Limit one of each item\n|clearpoke\n|poke|p1|Palafin, L50, F|\n|poke|p1|Tatsugiri-Stretchy, L50, F|\n|poke|p1|Iron Bundle, L50|\n|poke|p1|Arcanine, L50, M|\n|poke|p1|Amoonguss, L50, M|\n|poke|p1|Flutter Mane, L50|\n|poke|p2|Indeedee-F, L50, F|\n|poke|p2|Toxtricity, L50, M|\n|poke|p2|Hariyama, L50, F|\n|poke|p2|Hatterene, L50, F|\n|poke|p2|Haunter, L50, F|\n|poke|p2|Armarouge, L50, M|\n|teampreview|4\nsilylittleimposter has agreed to open team sheets.\n|\n|t:|1683120780\n|start\n|switch|p1a: Flutter Mane|Flutter Mane, L50|100\/100\n|switch|p1b: Iron Bundle|Iron Bundle, L50|100\/100\n|switch|p2a: Hatterene|Hatterene, L50, F, shiny|100\/100\n|switch|p2b: Hariyama|Hariyama, L50, F, shiny|100\/100\n|-enditem|p1b: Iron Bundle|Booster Energy\n|-activate|p1b: Iron Bundle|ability: Quark Drive|[fromitem]\n|-start|p1b: Iron Bundle|quarkdrivespe\n|turn|1\n|\n|t:|1683120803\n|-terastallize|p1b: Iron Bundle|Steel\n|move|p2b: Hariyama|Fake Out|p1b: Iron Bundle\n|-resisted|p1b: Iron Bundle\n|-damage|p1b: Iron Bundle|91\/100\n|cant|p1b: Iron Bundle|flinch\n|move|p1a: Flutter Mane|Moonblast|p2b: Hariyama\n|-supereffective|p2b: Hariyama\n|-damage|p2b: Hariyama|0 fnt\n|faint|p2b: Hariyama\n|move|p2a: Hatterene|Trick Room|p2a: Hatterene\n|-fieldstart|move: Trick Room|[of] p2a: Hatterene\n|\n|upkeep\n|\n|t:|1683120816\n|switch|p2b: Armarouge|Armarouge, L50, M|100\/100\n|turn|2\n|\n|t:|1683120826\n|switch|p2a: Indeedee|Indeedee-F, L50, F, shiny|100\/100\n|-fieldstart|move: Psychic Terrain|[from] ability: Psychic Surge|[of] p2a: Indeedee\n|-enditem|p2a: Indeedee|Psychic Seed\n|-boost|p2a: Indeedee|spd|1|[from] item: Psychic Seed\n|move|p1b: Iron Bundle|Protect|p1b: Iron Bundle\n|-singleturn|p1b: Iron Bundle|Protect\n|move|p2b: Armarouge|Expanding Force|p1b: Iron Bundle|[spread] p1a\n|-activate|p1b: Iron Bundle|move: Protect\n|-damage|p1a: Flutter Mane|21\/100\n|move|p1a: Flutter Mane|Shadow Ball|p2b: Armarouge\n|-supereffective|p2b: Armarouge\n|-damage|p2b: Armarouge|0 fnt\n|faint|p2b: Armarouge\n|\n|upkeep\n|\n|t:|1683120840\n|switch|p2b: Hatterene|Hatterene, L50, F, shiny|100\/100\n|turn|3\n|\n|t:|1683120852\n|move|p2a: Indeedee|Helping Hand|p2b: Hatterene\n|-singleturn|p2b: Hatterene|Helping Hand|[of] p2a: Indeedee\n|move|p2b: Hatterene|Dazzling Gleam|p1b: Iron Bundle|[spread] p1a,p1b\n|-resisted|p1b: Iron Bundle\n|-damage|p1a: Flutter Mane|0 fnt\n|-damage|p1b: Iron Bundle|33\/100\n|faint|p1a: Flutter Mane\n|-end|p1a: Flutter Mane|Protosynthesis|[silent]\n|move|p1b: Iron Bundle|Tera Blast|p2b: Hatterene\n|-supereffective|p2b: Hatterene\n|-damage|p2b: Hatterene|16\/100\n|-enditem|p2b: Hatterene|Sitrus Berry|[eat]\n|-heal|p2b: Hatterene|41\/100|[from] item: Sitrus Berry\n|\n|upkeep\n|\n|t:|1683120857\n|switch|p1a: Amoonguss|Amoonguss, L50, M, shiny|100\/100\n|turn|4\n|\n|t:|1683120881\n|move|p2a: Indeedee|Helping Hand|p2b: Hatterene\n|-singleturn|p2b: Hatterene|Helping Hand|[of] p2a: Indeedee\n|move|p1b: Iron Bundle|Protect|p1b: Iron Bundle\n|-singleturn|p1b: Iron Bundle|Protect\n|move|p2b: Hatterene|Dazzling Gleam|p1a: Amoonguss|[spread] p1a\n|-activate|p1b: Iron Bundle|move: Protect\n|-resisted|p1a: Amoonguss\n|-damage|p1a: Amoonguss|84\/100\n|move|p1a: Amoonguss|Spore|p2b: Hatterene\n|move|p2b: Hatterene|Spore|p1a: Amoonguss|[from]ability: Magic Bounce\n|-immune|p1a: Amoonguss\n|\n|upkeep\n|turn|5\n|\n|t:|1683120908\n|move|p2a: Indeedee|Helping Hand|p2b: Hatterene\n|-singleturn|p2b: Hatterene|Helping Hand|[of] p2a: Indeedee\n|move|p1b: Iron Bundle|Protect|p1b: Iron Bundle\n|-singleturn|p1b: Iron Bundle|Protect\n|move|p1a: Amoonguss|Rage Powder|p1a: Amoonguss\n|-singleturn|p1a: Amoonguss|move: Rage Powder\n|move|p2b: Hatterene|Dazzling Gleam|p1b: Iron Bundle|[spread] p1a\n|-activate|p1b: Iron Bundle|move: Protect\n|-resisted|p1a: Amoonguss\n|-damage|p1a: Amoonguss|68\/100\n|\n|-fieldend|move: Trick Room\n|upkeep\n|turn|6\n|\n|t:|1683120927\n|-terastallize|p2b: Hatterene|Steel\n|move|p1b: Iron Bundle|Tera Blast|p2b: Hatterene\n|-resisted|p2b: Hatterene\n|-damage|p2b: Hatterene|22\/100\n|move|p1a: Amoonguss|Pollen Puff|p1b: Iron Bundle\n|-heal|p1b: Iron Bundle|83\/100\n|move|p2b: Hatterene|Psyshock|p1a: Amoonguss\n|-supereffective|p1a: Amoonguss\n|-damage|p1a: Amoonguss|0 fnt\n|faint|p1a: Amoonguss\n|move|p2a: Indeedee|Trick Room|p2a: Indeedee\n|-fieldstart|move: Trick Room|[of] p2a: Indeedee\n|\n|-fieldend|move: Psychic Terrain\n|upkeep\n|\n|t:|1683120938\n|switch|p1a: Arcanine|Arcanine, L50, M|100\/100\n|-ability|p1a: Arcanine|Intimidate|boost\n|-unboost|p2a: Indeedee|atk|1\n|-unboost|p2b: Hatterene|atk|1\n|turn|7\n|inactive|Battle timer is ON: inactive players will automatically lose when time's up. (requested by silylittleimposter)\n|\n|t:|1683120960\n|move|p2a: Indeedee|Helping Hand|p2b: Hatterene\n|-singleturn|p2b: Hatterene|Helping Hand|[of] p2a: Indeedee\n|move|p1b: Iron Bundle|Protect|p1b: Iron Bundle\n|-singleturn|p1b: Iron Bundle|Protect\n|move|p2b: Hatterene|Draining Kiss|p1a: Arcanine\n|-resisted|p1a: Arcanine\n|-damage|p1a: Arcanine|80\/100\n|-heal|p2b: Hatterene|37\/100|[from] drain|[of] p1a: Arcanine\n|move|p1a: Arcanine|Flare Blitz|p2b: Hatterene\n|-supereffective|p2b: Hatterene\n|-damage|p2b: Hatterene|0 fnt\n|faint|p2b: Hatterene\n|-damage|p1a: Arcanine|68\/100|[from] Recoil\n|\n|upkeep\n|turn|8\n|\n|t:|1683120978\n|move|p2a: Indeedee|Psyshock|p1a: Arcanine\n|-damage|p1a: Arcanine|32\/100\n|move|p1a: Arcanine|Flare Blitz|p2a: Indeedee\n|-damage|p2a: Indeedee|36\/100\n|-damage|p1a: Arcanine|13\/100|[from] Recoil\n|move|p1b: Iron Bundle|Tera Blast|p2a: Indeedee\n|-damage|p2a: Indeedee|7\/100\n|\n|upkeep\n|turn|9\n|\n|t:|1683120991\n|move|p1a: Arcanine|Extreme Speed|p2a: Indeedee\n|-crit|p2a: Indeedee\n|-damage|p2a: Indeedee|0 fnt\n|faint|p2a: Indeedee\n|\n|win|silylittleimposter\n|raw|silylittleimposter's rating: 1000 → 1049<\/strong> (+49 for winning)\n|raw|Bullish21's rating: 1078 → 1052<\/strong> (-26 for losing)\n|l|\u2606Bullish21\n","uploadtime":1683120998,"views":4,"p1id":"silylittleimposter","p2id":"bullish21","formatid":"gen9vgc2023regulationc","rating":1049,"private":0,"password":""}