{"id":"gen9vgc2023regulationc-1861084831","p1":"Apolo_BT","p2":"Vidzsffs","format":"[Gen 9] VGC 2023 Regulation C","log":"|j|\u2606Apolo_BT\n|j|\u2606Vidzsffs\n|t:|1683725083\n|gametype|doubles\n|player|p1|Apolo_BT|lucas|1083\n|player|p2|Vidzsffs|silver|1052\n|teamsize|p1|6\n|teamsize|p2|6\n|gen|9\n|tier|[Gen 9] VGC 2023 Regulation C\n|rated|\n|rule|Species Clause: Limit one of each Pok\u00e9mon\n|rule|Item Clause: Limit one of each item\n|clearpoke\n|poke|p1|Slowbro, L50, F|\n|poke|p1|Arcanine, L50, M|\n|poke|p1|Amoonguss, L50, F|\n|poke|p1|Grimmsnarl, L50, M|\n|poke|p1|Chien-Pao, L50|\n|poke|p1|Chi-Yu, L50|\n|poke|p2|Wo-Chien, L50|\n|poke|p2|Sableye, L50, F|\n|poke|p2|Flutter Mane, L50|\n|poke|p2|Espathra, L50, M|\n|poke|p2|Sandy Shocks, L50|\n|poke|p2|Cyclizar, L50, F|\n|teampreview|4\n|inactive|Battle timer is ON: inactive players will automatically lose when time's up. (requested by Vidzsffs)\n|inactive|Apolo_BT has 60 seconds left.\n|\n|t:|1683725132\n|start\n|switch|p1a: Slowbro|Slowbro, L50, F|100\/100\n|switch|p1b: Chi-Yu|Chi-Yu, L50|100\/100\n|switch|p2a: Cyclizar|Cyclizar, L50, F|100\/100\n|switch|p2b: Sandy Shocks|Sandy Shocks, L50|100\/100\n|-ability|p1b: Chi-Yu|Beads of Ruin\n|-enditem|p2b: Sandy Shocks|Booster Energy\n|-activate|p2b: Sandy Shocks|ability: Protosynthesis|[fromitem]\n|-start|p2b: Sandy Shocks|protosynthesisspa\n|turn|1\n|inactive|Apolo_BT has 30 seconds left.\n|inactive|Vidzsffs has 30 seconds left.\n|inactive|Apolo_BT has 20 seconds left.\n|\n|t:|1683725168\n|switch|p1b: Amoonguss|Amoonguss, L50, F|100\/100\n|-terastallize|p1a: Slowbro|Steel\n|move|p2a: Cyclizar|Shed Tail|p2a: Cyclizar\n|-start|p2a: Cyclizar|Substitute|[from] move: Shed Tail\n|-damage|p2a: Cyclizar|50\/100\n|\n|t:|1683725180\n|switch|p2a: Espathra|Espathra, L50, M|100\/100|[from] Shed Tail\n|move|p2b: Sandy Shocks|Earth Power|p1b: Amoonguss\n|-damage|p1b: Amoonguss|50\/100\n|move|p1a: Slowbro|Calm Mind|p1a: Slowbro\n|-boost|p1a: Slowbro|spa|1\n|-boost|p1a: Slowbro|spd|1\n|\n|upkeep\n|turn|2\n|inactive|Apolo_BT has 30 seconds left.\n|inactive|Apolo_BT has 20 seconds left.\n|inactive|Apolo_BT has 15 seconds left.\n|\n|t:|1683725220\n|-terastallize|p2b: Sandy Shocks|Grass\n|move|p2b: Sandy Shocks|Gravity|p2b: Sandy Shocks\n|-fieldstart|move: Gravity\n|move|p2a: Espathra|Hypnosis|p1a: Slowbro\n|-status|p1a: Slowbro|slp|[from] move: Hypnosis\n|cant|p1a: Slowbro|slp\n|move|p1b: Amoonguss|Spore|p2b: Sandy Shocks\n|-immune|p2b: Sandy Shocks\n|\n|-ability|p2a: Espathra|Speed Boost|boost\n|-boost|p2a: Espathra|spe|1\n|upkeep\n|turn|3\n|\n|t:|1683725236\n|move|p1b: Amoonguss|Protect|p1b: Amoonguss\n|-singleturn|p1b: Amoonguss|Protect\n|move|p2a: Espathra|Hypnosis|p1b: Amoonguss\n|-activate|p1b: Amoonguss|move: Protect\n|move|p2b: Sandy Shocks|Thunderbolt|p1a: Slowbro\n|-damage|p1a: Slowbro|67\/100 slp\n|cant|p1a: Slowbro|slp\n|\n|-heal|p1a: Slowbro|73\/100 slp|[from] item: Leftovers\n|-ability|p2a: Espathra|Speed Boost|boost\n|-boost|p2a: Espathra|spe|1\n|upkeep\n|turn|4\n|\n|t:|1683725259\n|move|p2a: Espathra|Hypnosis|p1b: Amoonguss\n|-status|p1b: Amoonguss|slp|[from] move: Hypnosis\n|move|p2b: Sandy Shocks|Thunderbolt|p1a: Slowbro\n|-damage|p1a: Slowbro|43\/100 slp\n|cant|p1a: Slowbro|slp\n|cant|p1b: Amoonguss|slp\n|\n|-heal|p1a: Slowbro|49\/100 slp|[from] item: Leftovers\n|-ability|p2a: Espathra|Speed Boost|boost\n|-boost|p2a: Espathra|spe|1\n|upkeep\n|turn|5\n|\n|t:|1683725274\n|move|p2a: Espathra|Lumina Crash|p1b: Amoonguss\n|-supereffective|p1b: Amoonguss\n|-damage|p1b: Amoonguss|0 fnt\n|faint|p1b: Amoonguss\n|move|p2b: Sandy Shocks|Thunderbolt|p1a: Slowbro\n|-damage|p1a: Slowbro|15\/100 slp\n|-curestatus|p1a: Slowbro|slp|[msg]\n|move|p1a: Slowbro|Heal Pulse|p1: Amoonguss|[notarget]\n|-fail|p1a: Slowbro\n|\n|-heal|p1a: Slowbro|21\/100|[from] item: Leftovers\n|-ability|p2a: Espathra|Speed Boost|boost\n|-boost|p2a: Espathra|spe|1\n|upkeep\n|-message|Apolo_BT forfeited.\n|\n|win|Vidzsffs\n|raw|Apolo_BT's rating: 1083 → 1059<\/strong> (-24 for losing)\n|raw|Vidzsffs's rating: 1052 → 1087<\/strong> (+35 for winning)\n|l|\u2606Apolo_BT\n","uploadtime":1683725293,"views":13,"p1id":"apolobt","p2id":"vidzsffs","formatid":"gen9vgc2023regulationc","rating":1059,"private":0,"password":""}