{"id":"gen9vgc2023regulationc-1854212173","p1":"BleachyBoi_426","p2":"jahecla","format":"[Gen 9] VGC 2023 Regulation C","log":"|j|\u2606BleachyBoi_426\n|j|\u2606jahecla\n|t:|1682784211\n|gametype|doubles\n|player|p1|BleachyBoi_426|102|\n|player|p2|jahecla|101|\n|teamsize|p1|6\n|teamsize|p2|6\n|gen|9\n|tier|[Gen 9] VGC 2023 Regulation C\n|rule|Species Clause: Limit one of each Pok\u00e9mon\n|rule|Item Clause: Limit one of each item\n|clearpoke\n|poke|p1|Iron Moth, L50|\n|poke|p1|Pincurchin, L50, F|\n|poke|p1|Iron Valiant, L50|\n|poke|p1|Luxray, L50, F|\n|poke|p1|Fletchling, L50, F|\n|poke|p1|Arboliva, L50, F|\n|poke|p2|Annihilape, L50, M|\n|poke|p2|Maushold-Four, L50|\n|poke|p2|Ting-Lu, L50|\n|poke|p2|Scream Tail, L50|\n|poke|p2|Kilowattrel, L50, F|\n|poke|p2|Glimmora, L50, M|\n|teampreview|4\n|l|\u2606BleachyBoi_426\n|player|p1|\n|j|\u2606BleachyBoi_426\n|player|p1|BleachyBoi_426|102\n|c|\u2606BleachyBoi_426|this one is game 2 right?\n|j| jayballester\n|c|\u2606jahecla|yeah\n|c|\u2606BleachyBoi_426|glhf\n|c|\u2606jahecla|glhf\n|c|\u2606jahecla|nice play last time btw\n|c|\u2606BleachyBoi_426|thanks\n|j| Jstardude\n|\n|t:|1682784853\n|start\n|switch|p1a: Scapegoat|Fletchling, L50, F|100\/100\n|switch|p1b: Uncanny|Iron Valiant, L50|100\/100\n|switch|p2a: Kilowattrel|Kilowattrel, L50, F|100\/100\n|switch|p2b: Glimmora|Glimmora, L50, M|100\/100\n|turn|1\n|\n|t:|1682784889\n|-terastallize|p1b: Uncanny|Ice\n|move|p1a: Scapegoat|Tailwind|p1a: Scapegoat\n|-sidestart|p1: BleachyBoi_426|move: Tailwind\n|move|p1b: Uncanny|Ice Punch|p2a: Kilowattrel\n|-supereffective|p2a: Kilowattrel\n|-enditem|p2a: Kilowattrel|Focus Sash\n|-damage|p2a: Kilowattrel|1\/100\n|move|p2a: Kilowattrel|Air Slash|p1b: Uncanny\n|-damage|p1b: Uncanny|30\/100\n|move|p2b: Glimmora|Power Gem|p1a: Scapegoat\n|-supereffective|p1a: Scapegoat\n|-damage|p1a: Scapegoat|0 fnt\n|faint|p1a: Scapegoat\n|\n|upkeep\n|c| jayballester|not even sash\n|\n|t:|1682784905\n|switch|p1a: Larry|Pincurchin, L50, F|100\/100\n|-fieldstart|move: Electric Terrain|[from] ability: Electric Surge|[of] p1a: Larry\n|-activate|p1b: Uncanny|ability: Quark Drive\n|-start|p1b: Uncanny|quarkdriveatk\n|-item|p1a: Larry|Air Balloon\n|turn|2\n|c| jayballester|what a madman\n|\n|t:|1682784943\n|move|p1b: Uncanny|Close Combat|p2a: Kilowattrel\n|-resisted|p2a: Kilowattrel\n|-damage|p2a: Kilowattrel|0 fnt\n|-unboost|p1b: Uncanny|def|1\n|-unboost|p1b: Uncanny|spd|1\n|faint|p2a: Kilowattrel\n|move|p2b: Glimmora|Power Gem|p1a: Larry\n|-damage|p1a: Larry|25\/100\n|-enditem|p1a: Larry|Air Balloon\n|move|p1a: Larry|Thunder Wave|p2b: Glimmora\n|-status|p2b: Glimmora|par\n|\n|upkeep\n|\n|t:|1682784959\n|switch|p2a: Annihilape|Annihilape, L50, M|100\/100\n|turn|3\n|\n|t:|1682784971\n|move|p1b: Uncanny|Protect|p1b: Uncanny\n|-singleturn|p1b: Uncanny|Protect\n|move|p2a: Annihilape|Protect|p2a: Annihilape\n|-singleturn|p2a: Annihilape|Protect\n|move|p2b: Glimmora|Power Gem|p1a: Larry\n|-damage|p1a: Larry|0 fnt\n|faint|p1a: Larry\n|\n|upkeep\n|\n|t:|1682784979\n|switch|p1a: Aura|Iron Moth, L50|100\/100\n|-activate|p1a: Aura|ability: Quark Drive\n|-start|p1a: Aura|quarkdrivespa\n|turn|4\n|c| Jstardude|tera ice is a chad move\n|\n|t:|1682785017\n|move|p1b: Uncanny|Close Combat|p2a: Annihilape\n|-immune|p2a: Annihilape\n|move|p1a: Aura|Psychic|p2a: Annihilape\n|-supereffective|p2a: Annihilape\n|-damage|p2a: Annihilape|1\/100\n|-damage|p1a: Aura|91\/100|[from] item: Life Orb\n|move|p2a: Annihilape|Drain Punch|p1b: Uncanny\n|-supereffective|p1b: Uncanny\n|-damage|p1b: Uncanny|0 fnt\n|-heal|p2a: Annihilape|11\/100|[from] drain|[of] p1b: Uncanny\n|faint|p1b: Uncanny\n|-end|p1b: Uncanny|Quark Drive|[silent]\n|cant|p2b: Glimmora|par\n|\n|-heal|p2a: Annihilape|17\/100|[from] item: Leftovers\n|-sideend|p1: BleachyBoi_426|move: Tailwind\n|upkeep\n|turn|5\n|c| jayballester|damn 1%\n|\n|t:|1682785058\n|move|p2a: Annihilape|Protect|p2a: Annihilape\n|-singleturn|p2a: Annihilape|Protect\n|move|p1a: Aura|Psychic|p2a: Annihilape\n|-activate|p2a: Annihilape|move: Protect\n|move|p2b: Glimmora|Power Gem|p1a: Aura\n|-supereffective|p1a: Aura\n|-damage|p1a: Aura|0 fnt\n|faint|p1a: Aura\n|-end|p1a: Aura|Quark Drive|[silent]\n|\n|win|jahecla\n|c|\u2606BleachyBoi_426|gg wp\n|c|\u2606BleachyBoi_426|ig he ev'd for psychic\n|c| Jstardude|unlikely\n|c|\u2606jahecla|haha no\n|c|\u2606jahecla|that was chance\n|c|\u2606jahecla|but gg\n","uploadtime":1682785116,"views":23,"p1id":"bleachyboi426","p2id":"jahecla","formatid":"gen9vgc2023regulationc","rating":0,"private":0,"password":""}