{"id":"gen9vgc2023regulationc-1855657640","p1":"previouslyunnamed","p2":"Legiocito","format":"[Gen 9] VGC 2023 Regulation C","log":"|j|\u2606previouslyunnamed\n|j|\u2606Legiocito\n|t:|1682970498\n|gametype|doubles\n|player|p1|previouslyunnamed|swimmerf-gen4|1275\n|player|p2|Legiocito|lucas|1268\n|teamsize|p1|6\n|teamsize|p2|6\n|gen|9\n|tier|[Gen 9] VGC 2023 Regulation C\n|rated|\n|rule|Species Clause: Limit one of each Pok\u00e9mon\n|rule|Item Clause: Limit one of each item\n|clearpoke\n|poke|p1|Indeedee-F, L50, F|\n|poke|p1|Hariyama, L50, M|\n|poke|p1|Hatterene, L50, F|\n|poke|p1|Torkoal, L50, M|\n|poke|p1|Oranguru, L50, M|\n|poke|p1|Kingambit, L50, M|\n|poke|p2|Flutter Mane, L50|\n|poke|p2|Amoonguss, L50, F|\n|poke|p2|Palafin, L50, M|\n|poke|p2|Chien-Pao, L50|\n|poke|p2|Arcanine, L50, M|\n|poke|p2|Dragapult, L50, F|\n|teampreview|4\n|inactive|Battle timer is ON: inactive players will automatically lose when time's up. (requested by previouslyunnamed)\nLegiocito has agreed to open team sheets.\n|inactive|previouslyunnamed has 60 seconds left.\n|inactive|Legiocito has 60 seconds left.\n|\n|t:|1682970541\n|start\n|switch|p1a: Indeedee|Indeedee-F, L50, F|100\/100\n|switch|p1b: Oranguru|Oranguru, L50, M|100\/100\n|switch|p2a: Chien-Pao|Chien-Pao, L50|100\/100\n|switch|p2b: Dragapult|Dragapult, L50, F|100\/100\n|-ability|p2a: Chien-Pao|Sword of Ruin\n|-fieldstart|move: Psychic Terrain|[from] ability: Psychic Surge|[of] p1a: Indeedee\n|turn|1\n|c|\u2606previouslyunnamed|glhf\n|c|\u2606Legiocito|same!\n|inactive|Legiocito has 30 seconds left.\n|inactive|Legiocito has 20 seconds left.\n|inactive|Legiocito has 15 seconds left.\n|inactive|Legiocito has 10 seconds left.\n|inactive|Legiocito has 5 seconds left.\n|\n|t:|1682970594\n|move|p1a: Indeedee|Follow Me|p1a: Indeedee\n|-singleturn|p1a: Indeedee|move: Follow Me\n|move|p2b: Dragapult|Dragon Darts|p1a: Indeedee\n|-damage|p1a: Indeedee|51\/100\n|-anim|p2b: Dragapult|Dragon Darts|p1a: Indeedee\n|-damage|p1a: Indeedee|7\/100\n|-enditem|p1a: Indeedee|Eject Button\n|\n|t:|1682970610\n|switch|p1a: Hariyama|Hariyama, L50, M|100\/100\n|move|p2a: Chien-Pao|Ice Spinner|p1b: Oranguru\n|-damage|p1b: Oranguru|53\/100\n|-fieldend|move: Psychic Terrain\n|move|p1b: Oranguru|Trick Room|p1b: Oranguru\n|-fieldstart|move: Trick Room|[of] p1b: Oranguru\n|\n|-status|p1a: Hariyama|brn|[from] item: Flame Orb\n|upkeep\n|turn|2\n|\n|t:|1682970634\n|switch|p2b: Arcanine|Arcanine, L50, M|100\/100\n|-ability|p2b: Arcanine|Intimidate|boost\n|-unboost|p1a: Hariyama|atk|1\n|-fail|p1b: Oranguru|unboost|Attack|[from] ability: Inner Focus|[of] p1b: Oranguru\n|move|p2a: Chien-Pao|Sucker Punch||[still]\n|-fail|p2a: Chien-Pao\n|move|p1a: Hariyama|Headlong Rush|p2a: Chien-Pao\n|-damage|p2a: Chien-Pao|37\/100\n|-unboost|p1a: Hariyama|def|1\n|-unboost|p1a: Hariyama|spd|1\n|move|p1b: Oranguru|Instruct|p1a: Hariyama\n|-singleturn|p1a: Hariyama|move: Instruct|[of] p1b: Oranguru\n|move|p1a: Hariyama|Headlong Rush|p2a: Chien-Pao\n|-damage|p2a: Chien-Pao|0 fnt\n|-unboost|p1a: Hariyama|def|1\n|-unboost|p1a: Hariyama|spd|1\n|faint|p2a: Chien-Pao\n|\n|-damage|p1a: Hariyama|95\/100 brn|[from] brn\n|upkeep\n|\n|t:|1682970654\n|switch|p2a: Dragapult|Dragapult, L50, F|100\/100\n|turn|3\n|\n|t:|1682970669\n|move|p2b: Arcanine|Protect|p2b: Arcanine\n|-singleturn|p2b: Arcanine|Protect\n|move|p1a: Hariyama|Headlong Rush|p2a: Dragapult\n|-damage|p2a: Dragapult|40\/100\n|-unboost|p1a: Hariyama|def|1\n|-unboost|p1a: Hariyama|spd|1\n|move|p1b: Oranguru|Instruct|p1a: Hariyama\n|-singleturn|p1a: Hariyama|move: Instruct|[of] p1b: Oranguru\n|move|p1a: Hariyama|Headlong Rush|p2a: Dragapult\n|-damage|p2a: Dragapult|0 fnt\n|-unboost|p1a: Hariyama|def|1\n|-unboost|p1a: Hariyama|spd|1\n|faint|p2a: Dragapult\n|\n|-damage|p1a: Hariyama|89\/100 brn|[from] brn\n|upkeep\n|\n|t:|1682970684\n|switch|p2a: Flutter Mane|Flutter Mane, L50|100\/100\n|-enditem|p2a: Flutter Mane|Booster Energy\n|-activate|p2a: Flutter Mane|ability: Protosynthesis|[fromitem]\n|-start|p2a: Flutter Mane|protosynthesisspa\n|turn|4\n|\n|t:|1682970699\n|-terastallize|p1a: Hariyama|Ground\n|move|p2a: Flutter Mane|Protect|p2a: Flutter Mane\n|-singleturn|p2a: Flutter Mane|Protect\n|move|p2b: Arcanine|Extreme Speed|p1b: Oranguru\n|-damage|p1b: Oranguru|31\/100\n|-enditem|p1b: Oranguru|Sitrus Berry|[eat]\n|-heal|p1b: Oranguru|55\/100|[from] item: Sitrus Berry\n|move|p1a: Hariyama|Headlong Rush|p2b: Arcanine\n|-supereffective|p2b: Arcanine\n|-crit|p2b: Arcanine\n|-damage|p2b: Arcanine|0 fnt\n|-unboost|p1a: Hariyama|def|1\n|-unboost|p1a: Hariyama|spd|1\n|faint|p2b: Arcanine\n|move|p1b: Oranguru|Instruct|p1a: Hariyama\n|-singleturn|p1a: Hariyama|move: Instruct|[of] p1b: Oranguru\n|move|p1a: Hariyama|Headlong Rush|p2a: Flutter Mane\n|-activate|p2a: Flutter Mane|move: Protect\n|\n|-damage|p1a: Hariyama|83\/100 brn|[from] brn\n|upkeep\n|turn|5\n|inactive|Legiocito has 30 seconds left.\n|\n|t:|1682970724\n|move|p2a: Flutter Mane|Protect|p2a: Flutter Mane\n|-singleturn|p2a: Flutter Mane|Protect\n|move|p1a: Hariyama|Headlong Rush|p2a: Flutter Mane\n|-activate|p2a: Flutter Mane|move: Protect\n|move|p1b: Oranguru|Psychic|p2a: Flutter Mane\n|-activate|p2a: Flutter Mane|move: Protect\n|\n|-damage|p1a: Hariyama|77\/100 brn|[from] brn\n|-fieldend|move: Trick Room\n|upkeep\n|turn|6\n|\n|t:|1682970735\n|move|p1a: Hariyama|Wide Guard|p1a: Hariyama\n|-singleturn|p1a: Hariyama|Wide Guard\n|move|p2a: Flutter Mane|Moonblast|p1a: Hariyama\n|-damage|p1a: Hariyama|0 fnt\n|faint|p1a: Hariyama\n|move|p1b: Oranguru|Trick Room|p1b: Oranguru\n|-fieldstart|move: Trick Room|[of] p1b: Oranguru\n|\n|upkeep\n|\n|t:|1682970742\n|switch|p1a: Torkoal|Torkoal, L50, M|100\/100\n|-weather|SunnyDay|[from] ability: Drought|[of] p1a: Torkoal\n|turn|7\n|\n|t:|1682970749\n|move|p2a: Flutter Mane|Protect|p2a: Flutter Mane\n|-singleturn|p2a: Flutter Mane|Protect\n|move|p1a: Torkoal|Eruption|p2a: Flutter Mane\n|-activate|p2a: Flutter Mane|move: Protect\n|move|p1b: Oranguru|Instruct|p1a: Torkoal\n|-singleturn|p1a: Torkoal|move: Instruct|[of] p1b: Oranguru\n|move|p1a: Torkoal|Eruption|p2a: Flutter Mane\n|-activate|p2a: Flutter Mane|move: Protect\n|\n|-weather|SunnyDay|[upkeep]\n|upkeep\n|turn|8\n|c|\u2606previouslyunnamed|this is fun\n|c|\u2606Legiocito|yeah, good team\n|\n|t:|1682970773\n|move|p1a: Torkoal|Eruption|p2a: Flutter Mane\n|-damage|p2a: Flutter Mane|2\/100\n|move|p1b: Oranguru|Instruct|p1a: Torkoal\n|-singleturn|p1a: Torkoal|move: Instruct|[of] p1b: Oranguru\n|move|p1a: Torkoal|Eruption|p2a: Flutter Mane\n|-damage|p2a: Flutter Mane|0 fnt\n|faint|p2a: Flutter Mane\n|-end|p2a: Flutter Mane|Protosynthesis|[silent]\n|\n|win|previouslyunnamed\n|raw|previouslyunnamed's rating: 1275 → 1299<\/strong> (+24 for winning)\n|raw|Legiocito's rating: 1268 → 1244<\/strong> (-24 for losing)\n|c|\u2606previouslyunnamed|thx\n","uploadtime":1682970789,"views":11,"p1id":"previouslyunnamed","p2id":"legiocito","formatid":"gen9vgc2023regulationc","rating":1244,"private":0,"password":""}