{"id":"gen9vgc2023regulationc-1862821354","p1":"noel0985","p2":"taterstotz","format":"[Gen 9] VGC 2023 Regulation C","log":"|j|\u2606noel0985\n|j|\u2606taterstotz\n|t:|1683925702\n|gametype|doubles\n|player|p1|noel0985|101|1396\n|player|p2|taterstotz|266|1389\n|teamsize|p1|6\n|teamsize|p2|6\n|gen|9\n|tier|[Gen 9] VGC 2023 Regulation C\n|rated|\n|rule|Species Clause: Limit one of each Pok\u00e9mon\n|rule|Item Clause: Limit one of each item\n|clearpoke\n|poke|p1|Iron Hands, L50|\n|poke|p1|Annihilape, L50, F|\n|poke|p1|Ting-Lu, L50|\n|poke|p1|Dragonite, L50, M|\n|poke|p1|Orthworm, L50, M|\n|poke|p1|Jumpluff, L50, F|\n|poke|p2|Palafin, L50, M|\n|poke|p2|Pelipper, L50, F|\n|poke|p2|Amoonguss, L50, F|\n|poke|p2|Scream Tail, L50|\n|poke|p2|Gothitelle, L50, M|\n|poke|p2|Kingambit, L50, M|\n|teampreview|4\n|inactive|Battle timer is ON: inactive players will automatically lose when time's up. (requested by taterstotz)\ntaterstotz has agreed to open team sheets.\n|\n|t:|1683925730\n|start\n|switch|p1a: Iron Hands|Iron Hands, L50|100\/100\n|switch|p1b: Orthworm|Orthworm, L50, M|100\/100\n|switch|p2a: Palafin|Palafin, L50, M|100\/100\n|switch|p2b: Scream Tail|Scream Tail, L50|100\/100\n|-enditem|p2b: Scream Tail|Booster Energy\n|-activate|p2b: Scream Tail|ability: Protosynthesis|[fromitem]\n|-start|p2b: Scream Tail|protosynthesisspe\n|turn|1\n|\n|t:|1683925747\n|detailschange|p2a: Palafin|Palafin-Hero, L50, M\n|switch|p2a: Gothitelle|Gothitelle, L50, M|100\/100\n|move|p1a: Iron Hands|Fake Out|p2b: Scream Tail\n|-damage|p2b: Scream Tail|90\/100\n|cant|p2b: Scream Tail|flinch\n|move|p1b: Orthworm|Iron Defense|p1b: Orthworm\n|-boost|p1b: Orthworm|def|2\n|\n|upkeep\n|turn|2\n|\n|t:|1683925769\n|move|p2a: Gothitelle|Fake Out|p1b: Orthworm\n|-resisted|p1b: Orthworm\n|-damage|p1b: Orthworm|99\/100\n|move|p2b: Scream Tail|Encore|p1a: Iron Hands\n|-start|p1a: Iron Hands|Encore\n|cant|p1b: Orthworm|flinch\n|move|p1a: Iron Hands|Fake Out||[still]\n|-hint|Fake Out only works on your first turn out.\n|-fail|p1a: Iron Hands\n|\n|upkeep\n|turn|3\n|c|\u2606taterstotz|this is gonna be rough for you\n|\n|t:|1683925791\n|move|p1a: Iron Hands|Fake Out||[still]\n|-hint|Fake Out only works on your first turn out.\n|-fail|p1a: Iron Hands\n|move|p2b: Scream Tail|Encore|p1b: Orthworm\n|-start|p1b: Orthworm|Encore\n|move|p1b: Orthworm|Iron Defense|p1b: Orthworm\n|-boost|p1b: Orthworm|def|2\n|move|p2a: Gothitelle|Psyshock|p1a: Iron Hands\n|-supereffective|p1a: Iron Hands\n|-damage|p1a: Iron Hands|65\/100\n|\n|upkeep\n|turn|4\n|\n|t:|1683925812\n|move|p1a: Iron Hands|Fake Out||[still]\n|-hint|Fake Out only works on your first turn out.\n|-fail|p1a: Iron Hands\n|move|p2b: Scream Tail|Perish Song|p2b: Scream Tail\n|-start|p1a: Iron Hands|perish3|[silent]\n|-start|p1b: Orthworm|perish3|[silent]\n|-start|p2a: Gothitelle|perish3|[silent]\n|-start|p2b: Scream Tail|perish3|[silent]\n|-fieldactivate|move: Perish Song\n|move|p1b: Orthworm|Iron Defense|p1b: Orthworm\n|-boost|p1b: Orthworm|def|2\n|move|p2a: Gothitelle|Psyshock|p1a: Iron Hands\n|-supereffective|p1a: Iron Hands\n|-damage|p1a: Iron Hands|33\/100\n|\n|-end|p1a: Iron Hands|Encore\n|-start|p2b: Scream Tail|perish3\n|-start|p1b: Orthworm|perish3\n|-start|p2a: Gothitelle|perish3\n|-start|p1a: Iron Hands|perish3\n|upkeep\n|turn|5\n|\n|t:|1683925834\n|move|p2b: Scream Tail|Encore|p1a: Iron Hands\n|-start|p1a: Iron Hands|Encore\n|move|p1b: Orthworm|Iron Defense|p1b: Orthworm\n|-boost|p1b: Orthworm|def|0\n|move|p2a: Gothitelle|Psyshock|p1b: Orthworm\n|-resisted|p1b: Orthworm\n|-damage|p1b: Orthworm|97\/100\n|move|p1a: Iron Hands|Fake Out||[still]\n|-hint|Fake Out only works on your first turn out.\n|-fail|p1a: Iron Hands\n|\n|-end|p1b: Orthworm|Encore\n|-start|p2b: Scream Tail|perish2\n|-start|p1b: Orthworm|perish2\n|-start|p2a: Gothitelle|perish2\n|-start|p1a: Iron Hands|perish2\n|upkeep\n|turn|6\n|\n|t:|1683925856\n|move|p1a: Iron Hands|Fake Out||[still]\n|-hint|Fake Out only works on your first turn out.\n|-fail|p1a: Iron Hands\n|move|p2b: Scream Tail|Encore|p1b: Orthworm\n|-start|p1b: Orthworm|Encore\n|move|p1b: Orthworm|Iron Defense|p1b: Orthworm\n|-boost|p1b: Orthworm|def|0\n|move|p2a: Gothitelle|Psyshock|p1b: Orthworm\n|-resisted|p1b: Orthworm\n|-damage|p1b: Orthworm|95\/100\n|\n|-start|p2b: Scream Tail|perish1\n|-start|p1b: Orthworm|perish1\n|-start|p2a: Gothitelle|perish1\n|-start|p1a: Iron Hands|perish1\n|upkeep\n|turn|7\n|\n|t:|1683925877\n|-end|p2b: Scream Tail|Protosynthesis|[silent]\n|switch|p2b: Pelipper|Pelipper, L50, F|100\/100\n|-weather|RainDance|[from] ability: Drizzle|[of] p2b: Pelipper\n|switch|p2a: Palafin|Palafin-Hero, L50, M|100\/100\n|-activate|p2a: Palafin|ability: Zero to Hero\n|move|p1a: Iron Hands|Fake Out||[still]\n|-hint|Fake Out only works on your first turn out.\n|-fail|p1a: Iron Hands\n|move|p1b: Orthworm|Iron Defense|p1b: Orthworm\n|-boost|p1b: Orthworm|def|0\n|\n|-weather|RainDance|[upkeep]\n|-end|p1a: Iron Hands|Encore\n|-start|p1b: Orthworm|perish0\n|-start|p1a: Iron Hands|perish0\n|upkeep\n|faint|p1b: Orthworm\n|faint|p1a: Iron Hands\n|-end|p1a: Iron Hands|Quark Drive|[silent]\n|-message|noel0985 forfeited.\n|\n|win|taterstotz\n|raw|noel0985's rating: 1396 → 1376<\/strong> (-20 for losing)\n|raw|taterstotz's rating: 1389 → 1409<\/strong> (+20 for winning)\n|l|\u2606noel0985\n","uploadtime":1683925897,"views":23,"p1id":"noel0985","p2id":"taterstotz","formatid":"gen9vgc2023regulationc","rating":1376,"private":0,"password":""}