{"id":"gen9vgc2023regulationc-1857603397","p1":"volcranix","p2":"darkboul","format":"[Gen 9] VGC 2023 Regulation C","log":"|j|\u2606volcranix\n|j|\u2606darkboul\n|t:|1683212163\n|gametype|doubles\n|player|p1|volcranix|cynthia-masters3|1165\n|player|p2|darkboul|benga|1191\n|teamsize|p1|6\n|teamsize|p2|6\n|gen|9\n|tier|[Gen 9] VGC 2023 Regulation C\n|rated|\n|rule|Species Clause: Limit one of each Pok\u00e9mon\n|rule|Item Clause: Limit one of each item\n|clearpoke\n|poke|p1|Flutter Mane, L50|\n|poke|p1|Iron Bundle, L50|\n|poke|p1|Dragonite, L50, F|\n|poke|p1|Ting-Lu, L50|\n|poke|p1|Amoonguss, L50, M|\n|poke|p1|Gyarados, L50, F|\n|poke|p2|Lilligant, L50, F|\n|poke|p2|Torkoal, L50, F|\n|poke|p2|Flutter Mane, L50|\n|poke|p2|Kingambit, L50, F|\n|poke|p2|Dragonite, L50, F|\n|poke|p2|Great Tusk, L50|\n|teampreview|4\n|inactive|Battle timer is ON: inactive players will automatically lose when time's up. (requested by darkboul)\n|\n|t:|1683212205\n|start\n|switch|p1a: Iron Bundle|Iron Bundle, L50|100\/100\n|switch|p1b: Flutter Mane|Flutter Mane, L50|100\/100\n|switch|p2a: TT|Lilligant, L50, F, shiny|100\/100\n|switch|p2b: Breakthrough|Torkoal, L50, F, shiny|100\/100\n|-weather|SunnyDay|[from] ability: Drought|[of] p2b: Breakthrough\n|-activate|p1b: Flutter Mane|ability: Protosynthesis\n|-start|p1b: Flutter Mane|protosynthesisspe\n|-enditem|p1a: Iron Bundle|Booster Energy\n|-activate|p1a: Iron Bundle|ability: Quark Drive|[fromitem]\n|-start|p1a: Iron Bundle|quarkdrivespe\n|turn|1\n|\n|t:|1683212224\n|move|p2a: TT|After You|p2b: Breakthrough\n|-activate|p2b: Breakthrough|move: After You\n|move|p2b: Breakthrough|Eruption|p1a: Iron Bundle|[spread] p1a,p1b\n|-damage|p1a: Iron Bundle|0 fnt\n|-damage|p1b: Flutter Mane|8\/100\n|faint|p1a: Iron Bundle\n|-end|p1a: Iron Bundle|Quark Drive|[silent]\n|move|p1b: Flutter Mane|Moonblast|p2b: Breakthrough\n|-resisted|p2b: Breakthrough\n|-damage|p2b: Breakthrough|50\/100\n|\n|-weather|SunnyDay|[upkeep]\n|upkeep\n|\n|t:|1683212235\n|switch|p1a: Gyarados|Gyarados, L50, F|100\/100\n|-ability|p1a: Gyarados|Intimidate|boost\n|-unboost|p2a: TT|atk|1\n|-unboost|p2b: Breakthrough|atk|1\n|turn|2\n|\n|t:|1683212244\n|move|p2a: TT|Sleep Powder|p1a: Gyarados\n|-activate|p1a: Gyarados|item: Safety Goggles|Sleep Powder\n|move|p1b: Flutter Mane|Moonblast|p2a: TT\n|-enditem|p2a: TT|Focus Sash\n|-damage|p2a: TT|1\/100\n|move|p1a: Gyarados|Waterfall|p2b: Breakthrough\n|-supereffective|p2b: Breakthrough\n|-damage|p2b: Breakthrough|23\/100\n|move|p2b: Breakthrough|Flamethrower|p1b: Flutter Mane\n|-damage|p1b: Flutter Mane|0 fnt\n|faint|p1b: Flutter Mane\n|-end|p1b: Flutter Mane|Protosynthesis|[silent]\n|\n|-weather|SunnyDay|[upkeep]\n|upkeep\n|c|\u2606volcranix|Interesting\n|\n|t:|1683212258\n|switch|p1b: Ting-Lu|Ting-Lu, L50|100\/100\n|-ability|p1b: Ting-Lu|Vessel of Ruin\n|turn|3\n|\n|t:|1683212275\n|move|p2a: TT|Leaf Storm|p1b: Ting-Lu|[miss]\n|-miss|p2a: TT|p1b: Ting-Lu\n|move|p1a: Gyarados|Waterfall|p2a: TT\n|-resisted|p2a: TT\n|-damage|p2a: TT|0 fnt\n|faint|p2a: TT\n|move|p1b: Ting-Lu|Stomping Tantrum|p2b: Breakthrough\n|-supereffective|p2b: Breakthrough\n|-damage|p2b: Breakthrough|0 fnt\n|faint|p2b: Breakthrough\n|\n|-weather|SunnyDay|[upkeep]\n|upkeep\n|\n|t:|1683212279\n|switch|p2a: Espresso|Dragonite, L50, F|100\/100\n|switch|p2b: HOT|Kingambit, L50, F, shiny|100\/100\n|turn|4\n|c|\u2606volcranix|Ive never Seen such use of lilligant\n|inactive|volcranix has 30 seconds left.\n|inactive|volcranix has 20 seconds left.\n|\n|t:|1683212316\n|-terastallize|p2a: Espresso|Flying\n|move|p1a: Gyarados|Thunder Wave|p2a: Espresso|[miss]\n|-miss|p1a: Gyarados|p2a: Espresso\n|move|p2a: Espresso|Tera Blast|p1a: Gyarados\n|-damage|p1a: Gyarados|37\/100\n|move|p2b: HOT|Kowtow Cleave|p1a: Gyarados\n|-damage|p1a: Gyarados|0 fnt\n|faint|p1a: Gyarados\n|move|p1b: Ting-Lu|Fissure|p2b: HOT\n|-damage|p2b: HOT|0 fnt\n|faint|p2b: HOT\n|-ohko\n|\n|-weather|SunnyDay|[upkeep]\n|upkeep\n|turn|5\n|inactive|volcranix has 30 seconds left.\n|\n|t:|1683212343\n|-terastallize|p1b: Ting-Lu|Steel\n|move|p2a: Espresso|Tera Blast|p1b: Ting-Lu\n|-resisted|p1b: Ting-Lu\n|-damage|p1b: Ting-Lu|82\/100\n|move|p1b: Ting-Lu|Ruination|p2a: Espresso\n|-damage|p2a: Espresso|51\/100\n|\n|-weather|none\n|upkeep\n|turn|6\n|\n|t:|1683212352\n|move|p2a: Espresso|Tera Blast|p1b: Ting-Lu\n|-resisted|p1b: Ting-Lu\n|-damage|p1b: Ting-Lu|64\/100\n|move|p1b: Ting-Lu|Ruination|p2a: Espresso\n|-damage|p2a: Espresso|26\/100\n|\n|upkeep\n|turn|7\n|\n|t:|1683212356\n|move|p2a: Espresso|Tera Blast|p1b: Ting-Lu\n|-resisted|p1b: Ting-Lu\n|-damage|p1b: Ting-Lu|47\/100\n|move|p1b: Ting-Lu|Heavy Slam|p2a: Espresso\n|-damage|p2a: Espresso|0 fnt\n|faint|p2a: Espresso\n|\n|win|volcranix\n|raw|volcranix's rating: 1165 → 1192<\/strong> (+27 for winning)\n|raw|darkboul's rating: 1191 → 1164<\/strong> (-27 for losing)\n|l|\u2606darkboul\n|c|\u2606volcranix|Gg\n","uploadtime":1683212372,"views":9,"p1id":"volcranix","p2id":"darkboul","formatid":"gen9vgc2023regulationc","rating":1164,"private":0,"password":""}