{"id":"gen9vgc2023regulationc-1848565283","p1":"anboxing","p2":"CordonBleuPlus","format":"[Gen 9] VGC 2023 Regulation C","log":"|j|\u2606anboxing\n|j|\u2606CordonBleuPlus\n|t:|1682090500\n|gametype|doubles\n|player|p1|anboxing|fisherman-gen4|1002\n|player|p2|CordonBleuPlus|169|1080\n|teamsize|p1|6\n|teamsize|p2|6\n|gen|9\n|tier|[Gen 9] VGC 2023 Regulation C\n|rated|\n|rule|Species Clause: Limit one of each Pok\u00e9mon\n|rule|Item Clause: Limit one of each item\n|clearpoke\n|poke|p1|Pelipper, L50, M|\n|poke|p1|Palafin, L50, F|\n|poke|p1|Amoonguss, L50, M|\n|poke|p1|Arcanine, L50, F|\n|poke|p1|Roaring Moon, L50|\n|poke|p1|Ting-Lu, L50|\n|poke|p2|Maushold, L50|\n|poke|p2|Lucario, L50, F|\n|poke|p2|Chien-Pao, L50|\n|poke|p2|Iron Hands, L50|\n|poke|p2|Amoonguss, L50, F|\n|poke|p2|Palafin, L50, M|\n|teampreview|4\n|inactive|Battle timer is ON: inactive players will automatically lose when time's up. (requested by anboxing)\n|inactive|CordonBleuPlus also wants the timer to be on.\nanboxing rejected open team sheets.\n|\n|t:|1682090543\n|start\n|switch|p1a: Palafin|Palafin, L50, F|100\/100\n|switch|p1b: Arcanine|Arcanine, L50, F|100\/100\n|switch|p2a: Maushold|Maushold, L50|100\/100\n|switch|p2b: Lucario|Lucario, L50, F|100\/100\n|-ability|p1b: Arcanine|Intimidate|boost\n|-unboost|p2a: Maushold|atk|1\n|-fail|p2b: Lucario|unboost|[from] item: Clear Amulet|[of] p2b: Lucario\n|turn|1\n|\n|t:|1682090564\n|-terastallize|p2b: Lucario|Fire\n|move|p2a: Maushold|Beat Up|p2b: Lucario\n|-damage|p2b: Lucario|99\/100\n|-ability|p2b: Lucario|Justified|boost\n|-boost|p2b: Lucario|atk|1\n|-damage|p2b: Lucario|97\/100\n|-ability|p2b: Lucario|Justified|boost\n|-boost|p2b: Lucario|atk|1\n|-damage|p2b: Lucario|96\/100\n|-ability|p2b: Lucario|Justified|boost\n|-boost|p2b: Lucario|atk|1\n|-damage|p2b: Lucario|94\/100\n|-ability|p2b: Lucario|Justified|boost\n|-boost|p2b: Lucario|atk|1\n|-hitcount|p2b: Lucario|4\n|move|p1a: Palafin|Flip Turn|p2a: Maushold\n|-damage|p2a: Maushold|75\/100\n|\n|t:|1682090583\n|detailschange|p1a: Palafin|Palafin-Hero, L50, F\n|switch|p1a: Roaring Moon|Roaring Moon, L50|100\/100|[from] Flip Turn\n|move|p1b: Arcanine|Will-O-Wisp|p2b: Lucario\n|-immune|p2b: Lucario\n|move|p2b: Lucario|Ice Punch|p1a: Roaring Moon\n|-supereffective|p1a: Roaring Moon\n|-damage|p1a: Roaring Moon|0 fnt\n|faint|p1a: Roaring Moon\n|-end|p1a: Roaring Moon|Protosynthesis|[silent]\n|\n|upkeep\n|\n|t:|1682090595\n|switch|p1a: Amoonguss|Amoonguss, L50, M|100\/100\n|turn|2\n|\n|t:|1682090607\n|move|p2a: Maushold|Follow Me|p2a: Maushold\n|-singleturn|p2a: Maushold|move: Follow Me\n|move|p1b: Arcanine|Flare Blitz|p2a: Maushold\n|-damage|p2a: Maushold|23\/100\n|-damage|p1b: Arcanine|85\/100|[from] Recoil\n|move|p2b: Lucario|Ice Punch|p1a: Amoonguss\n|-supereffective|p1a: Amoonguss\n|-damage|p1a: Amoonguss|0 fnt\n|-status|p2b: Lucario|slp|[from] ability: Effect Spore|[of] p1a: Amoonguss\n|faint|p1a: Amoonguss\n|\n|upkeep\n|\n|t:|1682090617\n|switch|p1a: Palafin|Palafin-Hero, L50, F|100\/100\n|-activate|p1a: Palafin|ability: Zero to Hero\n|turn|3\n|inactive|CordonBleuPlus has 30 seconds left.\n|inactive|CordonBleuPlus has 20 seconds left.\n|\n|t:|1682090652\n|switch|p2b: Amoonguss|Amoonguss, L50, F|100\/100\n|-terastallize|p1a: Palafin|Water\n|move|p2a: Maushold|Protect|p2a: Maushold\n|-singleturn|p2a: Maushold|Protect\n|move|p1a: Palafin|Jet Punch|p2b: Amoonguss\n|-resisted|p2b: Amoonguss\n|-damage|p2b: Amoonguss|84\/100\n|move|p1b: Arcanine|Flare Blitz|p2a: Maushold\n|-activate|p2a: Maushold|move: Protect\n|\n|upkeep\n|turn|4\n|\n|t:|1682090670\n|move|p2a: Maushold|Follow Me|p2a: Maushold\n|-singleturn|p2a: Maushold|move: Follow Me\n|move|p1a: Palafin|Jet Punch|p2a: Maushold\n|-damage|p2a: Maushold|0 fnt\n|faint|p2a: Maushold\n|move|p1b: Arcanine|Flare Blitz|p2b: Amoonguss\n|-supereffective|p2b: Amoonguss\n|-damage|p2b: Amoonguss|7\/100\n|-enditem|p2b: Amoonguss|Sitrus Berry|[eat]\n|-heal|p2b: Amoonguss|32\/100|[from] item: Sitrus Berry\n|-damage|p1b: Arcanine|56\/100|[from] Recoil\n|move|p2b: Amoonguss|Spore|p1a: Palafin\n|-status|p1a: Palafin|slp|[from] move: Spore\n|\n|upkeep\n|\n|t:|1682090687\n|switch|p2a: Iron Hands|Iron Hands, L50|100\/100\n|turn|5\n|\n|t:|1682090709\n|move|p2b: Amoonguss|Protect|p2b: Amoonguss\n|-singleturn|p2b: Amoonguss|Protect\n|cant|p1a: Palafin|slp\n|move|p1b: Arcanine|Will-O-Wisp|p2a: Iron Hands\n|-status|p2a: Iron Hands|brn\n|move|p2a: Iron Hands|Wild Charge|p1b: Arcanine\n|-damage|p1b: Arcanine|33\/100\n|-damage|p2a: Iron Hands|96\/100 brn|[from] Recoil\n|\n|-damage|p2a: Iron Hands|90\/100 brn|[from] brn\n|upkeep\n|turn|6\n|\n|t:|1682090728\n|switch|p2b: Lucario|Lucario, L50, F, tera:Fire|94\/100 slp\n|move|p1b: Arcanine|Protect|p1b: Arcanine\n|-singleturn|p1b: Arcanine|Protect\n|cant|p1a: Palafin|slp\n|move|p2a: Iron Hands|Wild Charge|p1a: Palafin\n|-supereffective|p1a: Palafin\n|-damage|p1a: Palafin|52\/100 slp\n|-damage|p2a: Iron Hands|80\/100 brn|[from] Recoil\n|\n|-damage|p2a: Iron Hands|74\/100 brn|[from] brn\n|upkeep\n|turn|7\n|\n|t:|1682090750\n|cant|p2b: Lucario|slp\n|-curestatus|p1a: Palafin|slp|[msg]\n|move|p1a: Palafin|Jet Punch|p2b: Lucario\n|-supereffective|p2b: Lucario\n|-damage|p2b: Lucario|0 fnt\n|faint|p2b: Lucario\n|move|p1b: Arcanine|Thunder Fang|p2a: Iron Hands\n|-resisted|p2a: Iron Hands\n|-damage|p2a: Iron Hands|68\/100 brn\n|move|p2a: Iron Hands|Wild Charge|p1a: Palafin\n|-supereffective|p1a: Palafin\n|-damage|p1a: Palafin|9\/100\n|-damage|p2a: Iron Hands|59\/100 brn|[from] Recoil\n|\n|-damage|p2a: Iron Hands|53\/100 brn|[from] brn\n|upkeep\n|\n|t:|1682090767\n|switch|p2b: Amoonguss|Amoonguss, L50, F|65\/100\n|turn|8\n|inactive|anboxing has 30 seconds left.\n|inactive|anboxing has 20 seconds left.\n|inactive|anboxing has 15 seconds left.\n|inactive|anboxing has 10 seconds left.\n|\n|t:|1682090816\n|move|p1a: Palafin|Jet Punch|p2b: Amoonguss\n|-resisted|p2b: Amoonguss\n|-damage|p2b: Amoonguss|43\/100\n|move|p1b: Arcanine|Flare Blitz|p2b: Amoonguss\n|-supereffective|p2b: Amoonguss\n|-damage|p2b: Amoonguss|0 fnt\n|faint|p2b: Amoonguss\n|-damage|p1b: Arcanine|17\/100|[from] Recoil\n|-enditem|p1b: Arcanine|Mago Berry|[eat]\n|-heal|p1b: Arcanine|50\/100|[from] item: Mago Berry\n|move|p2a: Iron Hands|Drain Punch|p1b: Arcanine\n|-damage|p1b: Arcanine|29\/100\n|-heal|p2a: Iron Hands|62\/100 brn|[from] drain|[of] p1b: Arcanine\n|\n|-damage|p2a: Iron Hands|56\/100 brn|[from] brn\n|upkeep\n|turn|9\n|\n|t:|1682090834\n|move|p1a: Palafin|Wave Crash|p2a: Iron Hands\n|-damage|p2a: Iron Hands|0 fnt\n|faint|p2a: Iron Hands\n|-end|p2a: Iron Hands|Quark Drive|[silent]\n|-damage|p1a: Palafin|0 fnt|[from] Recoil\n|faint|p1a: Palafin\n|\n|win|anboxing\n|raw|anboxing's rating: 1002 → 1050<\/strong> (+48 for winning)\n|raw|CordonBleuPlus's rating: 1080 → 1053<\/strong> (-27 for losing)\n|l|\u2606CordonBleuPlus\n","uploadtime":1682090865,"views":7,"p1id":"anboxing","p2id":"cordonbleuplus","formatid":"gen9vgc2023regulationc","rating":1050,"private":0,"password":""}