{"id":"gen9vgc2023regulationc-1851215833","p1":"tj18755","p2":"ErPaoletto","format":"[Gen 9] VGC 2023 Regulation C","log":"|j|\u2606tj18755\n|j|\u2606ErPaoletto\n|t:|1682426010\n|gametype|doubles\n|player|p1|tj18755|170|1088\n|player|p2|ErPaoletto|102|1031\n|teamsize|p1|6\n|teamsize|p2|6\n|gen|9\n|tier|[Gen 9] VGC 2023 Regulation C\n|rated|\n|rule|Species Clause: Limit one of each Pok\u00e9mon\n|rule|Item Clause: Limit one of each item\n|clearpoke\n|poke|p1|Hydreigon, L50, M|\n|poke|p1|Corviknight, L50, M|\n|poke|p1|Arcanine, L50, F|\n|poke|p1|Ting-Lu, L50|\n|poke|p1|Wugtrio, L50, M|\n|poke|p1|Mimikyu, L50, F|\n|poke|p2|Abomasnow, L50, M|\n|poke|p2|Cetitan, L50, F|\n|poke|p2|Tauros-Paldea-Aqua, L50, M|\n|poke|p2|Gothorita, L50, F|\n|poke|p2|Dragonite, L50, M|\n|poke|p2|Eelektross, L50, F|\n|teampreview|4\n|inactive|Battle timer is ON: inactive players will automatically lose when time's up. (requested by ErPaoletto)\ntj18755 has agreed to open team sheets.\n|inactive|ErPaoletto has 60 seconds left.\n|\n|t:|1682426057\n|start\n|switch|p1a: Ting-Lu|Ting-Lu, L50|100\/100\n|switch|p1b: Wugtrio|Wugtrio, L50, M, shiny|100\/100\n|switch|p2a: Tauros|Tauros-Paldea-Aqua, L50, M|100\/100\n|switch|p2b: Eelektross|Eelektross, L50, F|100\/100\n|-ability|p2a: Tauros|Intimidate|boost\n|-unboost|p1a: Ting-Lu|atk|1\n|-unboost|p1b: Wugtrio|atk|1\n|-ability|p1a: Ting-Lu|Vessel of Ruin\n|turn|1\n|inactive|ErPaoletto has 30 seconds left.\n|inactive|ErPaoletto has 20 seconds left.\n|\n|t:|1682426096\n|-terastallize|p1a: Ting-Lu|Poison\n|move|p1b: Wugtrio|Bulldoze|p2b: Eelektross|[spread] p1a,p2a\n|-immune|p2b: Eelektross|[from] ability: Levitate\n|-supereffective|p1a: Ting-Lu\n|-damage|p1a: Ting-Lu|94\/100\n|-damage|p2a: Tauros|93\/100\n|-unboost|p1a: Ting-Lu|spe|1\n|-unboost|p2a: Tauros|spe|1\n|-enditem|p1a: Ting-Lu|Weakness Policy\n|-boost|p1a: Ting-Lu|atk|2|[from] item: Weakness Policy\n|-boost|p1a: Ting-Lu|spa|2|[from] item: Weakness Policy\n|-enditem|p2a: Tauros|Mirror Herb\n|-boost|p2a: Tauros|atk|2|[from] item: Mirror Herb\n|-boost|p2a: Tauros|spa|2|[from] item: Mirror Herb\n|move|p2b: Eelektross|Coil|p2b: Eelektross\n|-boost|p2b: Eelektross|atk|1\n|-boost|p2b: Eelektross|def|1\n|-boost|p2b: Eelektross|accuracy|1\n|move|p2a: Tauros|Close Combat|p1a: Ting-Lu\n|-resisted|p1a: Ting-Lu\n|-damage|p1a: Ting-Lu|69\/100\n|-unboost|p2a: Tauros|def|1\n|-unboost|p2a: Tauros|spd|1\n|move|p1a: Ting-Lu|Stomping Tantrum|p2a: Tauros\n|-damage|p2a: Tauros|22\/100\n|\n|upkeep\n|turn|2\n|inactive|tj18755 has 30 seconds left.\n|inactive|ErPaoletto has 30 seconds left.\n|inactive|ErPaoletto has 20 seconds left.\n|inactive|ErPaoletto has 15 seconds left.\n|\n|t:|1682426139\n|-terastallize|p2b: Eelektross|Electric\n|move|p1a: Ting-Lu|Protect|p1a: Ting-Lu\n|-singleturn|p1a: Ting-Lu|Protect\n|move|p1b: Wugtrio|Chilling Water|p2a: Tauros\n|-resisted|p2a: Tauros\n|-damage|p2a: Tauros|14\/100\n|-unboost|p2a: Tauros|atk|1\n|move|p2b: Eelektross|Stomping Tantrum|p1a: Ting-Lu\n|-activate|p1a: Ting-Lu|move: Protect\n|move|p2a: Tauros|Raging Bull|p1a: Ting-Lu\n|-activate|p1a: Ting-Lu|move: Protect\n|\n|upkeep\n|turn|3\n|inactive|tj18755 has 30 seconds left.\n|inactive|tj18755 has 20 seconds left.\n|\n|t:|1682426176\n|move|p1b: Wugtrio|Chilling Water|p2b: Eelektross\n|-damage|p2b: Eelektross|93\/100\n|move|p2b: Eelektross|Wild Charge|p1b: Wugtrio\n|-supereffective|p1b: Wugtrio\n|-enditem|p1b: Wugtrio|Focus Sash\n|-damage|p1b: Wugtrio|1\/100\n|-ability|p1b: Wugtrio|Gooey\n|-fail|p2b: Eelektross|unboost|[from] item: Clear Amulet|[of] p2b: Eelektross\n|-damage|p2b: Eelektross|72\/100|[from] Recoil\n|move|p2a: Tauros|Raging Bull|p1a: Ting-Lu\n|-damage|p1a: Ting-Lu|41\/100\n|move|p1a: Ting-Lu|Stomping Tantrum|p2a: Tauros\n|-damage|p2a: Tauros|0 fnt\n|faint|p2a: Tauros\n|\n|upkeep\n|\n|t:|1682426187\n|switch|p2a: Dragonite|Dragonite, L50, M|100\/100\n|turn|4\n|\n|t:|1682426202\n|move|p2a: Dragonite|Extreme Speed|p1b: Wugtrio\n|-damage|p1b: Wugtrio|0 fnt\n|-ability|p1b: Wugtrio|Gooey\n|-unboost|p2a: Dragonite|spe|1\n|faint|p1b: Wugtrio\n|-damage|p2a: Dragonite|90\/100|[from] item: Life Orb\n|move|p2b: Eelektross|Coil|p2b: Eelektross\n|-boost|p2b: Eelektross|atk|1\n|-boost|p2b: Eelektross|def|1\n|-boost|p2b: Eelektross|accuracy|1\n|move|p1a: Ting-Lu|Heavy Slam|p2b: Eelektross\n|-resisted|p2b: Eelektross\n|-damage|p2b: Eelektross|57\/100\n|\n|upkeep\n|\n|t:|1682426217\n|switch|p1b: Arcanine|Arcanine, L50, F, shiny|100\/100\n|-ability|p1b: Arcanine|Intimidate|boost\n|-unboost|p2a: Dragonite|atk|1\n|-fail|p2b: Eelektross|unboost|[from] item: Clear Amulet|[of] p2b: Eelektross\n|turn|5\n|\n|t:|1682426234\n|move|p2a: Dragonite|Extreme Speed|p1a: Ting-Lu\n|-damage|p1a: Ting-Lu|31\/100\n|-damage|p2a: Dragonite|80\/100|[from] item: Life Orb\n|move|p1b: Arcanine|Flare Blitz|p2b: Eelektross\n|-damage|p2b: Eelektross|22\/100\n|-damage|p1b: Arcanine|90\/100|[from] Recoil\n|move|p2b: Eelektross|Stomping Tantrum|p1b: Arcanine\n|-supereffective|p1b: Arcanine\n|-damage|p1b: Arcanine|2\/100\n|-enditem|p1b: Arcanine|Sitrus Berry|[eat]\n|-heal|p1b: Arcanine|27\/100|[from] item: Sitrus Berry\n|move|p1a: Ting-Lu|Heavy Slam|p2b: Eelektross\n|-resisted|p2b: Eelektross\n|-damage|p2b: Eelektross|8\/100\n|\n|upkeep\n|turn|6\n|\n|t:|1682426257\n|move|p1b: Arcanine|Extreme Speed|p2b: Eelektross\n|-damage|p2b: Eelektross|0 fnt\n|faint|p2b: Eelektross\n|move|p2a: Dragonite|Extreme Speed|p1b: Arcanine\n|-damage|p1b: Arcanine|9\/100\n|-damage|p2a: Dragonite|70\/100|[from] item: Life Orb\n|move|p1a: Ting-Lu|Heavy Slam|p2a: Dragonite\n|-crit|p2a: Dragonite\n|-damage|p2a: Dragonite|22\/100\n|\n|upkeep\n|\n|t:|1682426267\n|switch|p2b: Gothorita|Gothorita, L50, F|100\/100\n|turn|7\n|\n|t:|1682426276\n|move|p2b: Gothorita|Fake Out|p1b: Arcanine\n|-damage|p1b: Arcanine|5\/100\n|cant|p1b: Arcanine|flinch\n|move|p2a: Dragonite|Extreme Speed|p1b: Arcanine\n|-damage|p1b: Arcanine|0 fnt\n|faint|p1b: Arcanine\n|-damage|p2a: Dragonite|12\/100|[from] item: Life Orb\n|move|p1a: Ting-Lu|Stomping Tantrum|p2b: Gothorita\n|-damage|p2b: Gothorita|69\/100\n|\n|upkeep\n|\n|t:|1682426286\n|switch|p1b: Hydreigon|Hydreigon, L50, M, shiny|100\/100\n|turn|8\n|\n|t:|1682426302\n|move|p2b: Gothorita|Helping Hand|p2a: Dragonite\n|-singleturn|p2a: Dragonite|Helping Hand|[of] p2b: Gothorita\n|move|p1b: Hydreigon|Dark Pulse|p2b: Gothorita\n|-supereffective|p2b: Gothorita\n|-damage|p2b: Gothorita|0 fnt\n|faint|p2b: Gothorita\n|move|p2a: Dragonite|Heat Wave|p1b: Hydreigon|[spread] p1a,p1b\n|-resisted|p1b: Hydreigon\n|-damage|p1a: Ting-Lu|13\/100\n|-damage|p1b: Hydreigon|86\/100\n|-damage|p2a: Dragonite|2\/100|[from] item: Life Orb\n|move|p1a: Ting-Lu|Heavy Slam|p2a: Dragonite\n|-damage|p2a: Dragonite|0 fnt\n|faint|p2a: Dragonite\n|\n|win|tj18755\n|raw|tj18755's rating: 1088 → 1110<\/strong> (+22 for winning)\n|raw|ErPaoletto's rating: 1031 → 1019<\/strong> (-12 for losing)\n","uploadtime":1682426315,"views":7,"p1id":"tj18755","p2id":"erpaoletto","formatid":"gen9vgc2023regulationc","rating":1019,"private":0,"password":""}