{"id":"gen9vgc2023regulationc-1854554796","p1":"UserOmega","p2":"LasermanZ111","format":"[Gen 9] VGC 2023 Regulation C","log":"|j|\u2606UserOmega\n|j|\u2606LasermanZ111\n|t:|1682826290\n|gametype|doubles\n|player|p1|UserOmega|youngcouple-gen4dp|1374\n|player|p2|LasermanZ111|ash|1312\n|teamsize|p1|6\n|teamsize|p2|6\n|gen|9\n|tier|[Gen 9] VGC 2023 Regulation C\n|rated|\n|rule|Species Clause: Limit one of each Pok\u00e9mon\n|rule|Item Clause: Limit one of each item\n|clearpoke\n|poke|p1|Ting-Lu, L50|\n|poke|p1|Glimmora, L50, F|\n|poke|p1|Scream Tail, L50|\n|poke|p1|Annihilape, L50, M|\n|poke|p1|Klefki, L50, M|\n|poke|p1|Brute Bonnet, L50|\n|poke|p2|Flutter Mane, L50|\n|poke|p2|Chi-Yu, L50|\n|poke|p2|Gyarados, L50, M|\n|poke|p2|Amoonguss, L50, M|\n|poke|p2|Baxcalibur, L50, M|\n|poke|p2|Iron Hands, L50|\n|teampreview|4\nLasermanZ111 has agreed to open team sheets.\nUserOmega has agreed to open team sheets.\n|inactive|Battle timer is ON: inactive players will automatically lose when time's up. (requested by UserOmega)\n|inactive|LasermanZ111 has 60 seconds left.\n|\n|t:|1682826434\n|start\n|switch|p1a: Klefki|Klefki, L50, M|100\/100\n|switch|p1b: Glimmora|Glimmora, L50, F|100\/100\n|switch|p2a: Baxcalibur|Baxcalibur, L50, M|100\/100\n|switch|p2b: Flutter Mane|Flutter Mane, L50|100\/100\n|-enditem|p2b: Flutter Mane|Booster Energy\n|-activate|p2b: Flutter Mane|ability: Protosynthesis|[fromitem]\n|-start|p2b: Flutter Mane|protosynthesisspe\n|turn|1\n|inactive|LasermanZ111 has 30 seconds left.\n|inactive|LasermanZ111 has 20 seconds left.\n|inactive|LasermanZ111 has 15 seconds left.\n|\n|t:|1682826475\n|-terastallize|p2a: Baxcalibur|Water\n|move|p1a: Klefki|Reflect|p1a: Klefki\n|-sidestart|p1: UserOmega|Reflect\n|move|p2b: Flutter Mane|Shadow Ball|p1b: Glimmora\n|-damage|p1b: Glimmora|54\/100\n|-enditem|p1b: Glimmora|Red Card|[of] p2b: Flutter Mane\n|-end|p2b: Flutter Mane|Protosynthesis|[silent]\n|drag|p2b: Gyarados|Gyarados, L50, M, shiny|100\/100\n|-ability|p2b: Gyarados|Intimidate|boost\n|-unboost|p1a: Klefki|atk|1\n|-unboost|p1b: Glimmora|atk|1\n|move|p1b: Glimmora|Mortal Spin|p2b: Gyarados|[spread] p2a,p2b\n|-crit|p2a: Baxcalibur\n|-damage|p2a: Baxcalibur|94\/100\n|-damage|p2b: Gyarados|98\/100\n|-status|p2a: Baxcalibur|psn\n|-status|p2b: Gyarados|psn\n|-enditem|p2b: Gyarados|Lum Berry|[eat]\n|-curestatus|p2b: Gyarados|psn|[msg]\n|move|p2a: Baxcalibur|Glaive Rush|p1b: Glimmora\n|-damage|p1b: Glimmora|0 fnt\n|-singlemove|p2a: Baxcalibur|Glaive Rush|[silent]\n|-activate|p1b: Glimmora|ability: Toxic Debris\n|-sidestart|p2: LasermanZ111|move: Toxic Spikes\n|faint|p1b: Glimmora\n|\n|-damage|p2a: Baxcalibur|82\/100 psn|[from] psn\n|upkeep\n|inactive|UserOmega has 30 seconds left.\n|inactive|UserOmega has 20 seconds left.\n|inactive|UserOmega has 15 seconds left.\n|inactive|UserOmega has 10 seconds left.\n|\n|t:|1682826521\n|switch|p1b: Scream Tail|Scream Tail, L50|100\/100\n|-enditem|p1b: Scream Tail|Booster Energy\n|-activate|p1b: Scream Tail|ability: Protosynthesis|[fromitem]\n|-start|p1b: Scream Tail|protosynthesisspe\n|turn|2\n|\n|t:|1682826540\n|move|p2a: Baxcalibur|Protect|p2a: Baxcalibur\n|-singleturn|p2a: Baxcalibur|Protect\n|move|p1a: Klefki|Thunder Wave|p2b: Gyarados\n|-status|p2b: Gyarados|par\n|move|p1b: Scream Tail|Howl|p1b: Scream Tail|[spread] p1a,p1b\n|-boost|p1a: Klefki|atk|1\n|-boost|p1b: Scream Tail|atk|1\n|move|p2b: Gyarados|Taunt|p1a: Klefki\n|-start|p1a: Klefki|move: Taunt\n|\n|-damage|p2a: Baxcalibur|70\/100 psn|[from] psn\n|upkeep\n|turn|3\n|inactive|LasermanZ111 has 30 seconds left.\n|inactive|LasermanZ111 has 20 seconds left.\n|inactive|LasermanZ111 has 15 seconds left.\n|\n|t:|1682826582\n|move|p1b: Scream Tail|Play Rough|p2b: Gyarados\n|-damage|p2b: Gyarados|58\/100 par\n|move|p2a: Baxcalibur|Icicle Crash|p1b: Scream Tail|[miss]\n|-miss|p2a: Baxcalibur|p1b: Scream Tail\n|move|p1a: Klefki|Play Rough|p2b: Gyarados\n|-damage|p2b: Gyarados|33\/100 par\n|cant|p2b: Gyarados|par\n|\n|-damage|p2a: Baxcalibur|58\/100 psn|[from] psn\n|upkeep\n|turn|4\n|\n|t:|1682826600\n|switch|p2a: Chi-Yu|Chi-Yu, L50|100\/100\n|-status|p2a: Chi-Yu|psn\n|-ability|p2a: Chi-Yu|Beads of Ruin\n|switch|p2b: Flutter Mane|Flutter Mane, L50|100\/100\n|-status|p2b: Flutter Mane|psn\n|move|p1b: Scream Tail|Psychic Fangs|p2b: Flutter Mane\n|-damage|p2b: Flutter Mane|38\/100 psn\n|move|p1a: Klefki|Play Rough|p2a: Chi-Yu\n|-damage|p2a: Chi-Yu|52\/100 psn\n|\n|-damage|p2b: Flutter Mane|25\/100 psn|[from] psn\n|-damage|p2a: Chi-Yu|39\/100 psn|[from] psn\n|upkeep\n|turn|5\n|inactive|LasermanZ111 has 30 seconds left.\n|\n|t:|1682826628\n|move|p1b: Scream Tail|Play Rough|p2a: Chi-Yu\n|-damage|p2a: Chi-Yu|0 fnt\n|faint|p2a: Chi-Yu\n|move|p2b: Flutter Mane|Moonblast|p1b: Scream Tail\n|-damage|p1b: Scream Tail|60\/100\n|move|p1a: Klefki|Play Rough|p2b: Flutter Mane\n|-crit|p2b: Flutter Mane\n|-damage|p2b: Flutter Mane|0 fnt\n|faint|p2b: Flutter Mane\n|-end|p2b: Flutter Mane|Protosynthesis|[silent]\n|\n|-end|p1a: Klefki|move: Taunt\n|upkeep\n|\n|t:|1682826635\n|switch|p2b: Gyarados|Gyarados, L50, M, shiny|33\/100 par\n|switch|p2a: Baxcalibur|Baxcalibur, L50, M, tera:Water|58\/100 psn\n|-ability|p2b: Gyarados|Intimidate|boost\n|-unboost|p1a: Klefki|atk|1\n|-unboost|p1b: Scream Tail|atk|1\n|turn|6\n|\n|t:|1682826651\n|move|p2b: Gyarados|Helping Hand|p2a: Baxcalibur\n|-singleturn|p2a: Baxcalibur|Helping Hand|[of] p2b: Gyarados\n|move|p1b: Scream Tail|Psychic Fangs|p2b: Gyarados\n|-damage|p2b: Gyarados|10\/100 par\n|move|p2a: Baxcalibur|Icicle Crash|p1b: Scream Tail\n|-damage|p1b: Scream Tail|18\/100\n|move|p1a: Klefki|Play Rough|p2b: Gyarados\n|-damage|p2b: Gyarados|0 fnt\n|faint|p2b: Gyarados\n|\n|-damage|p2a: Baxcalibur|46\/100 psn|[from] psn\n|upkeep\n|turn|7\n|c|\u2606LasermanZ111|who uses a physical klefki\n|c|\u2606LasermanZ111|or any of those Pokemon come on\n|inactive|LasermanZ111 has 30 seconds left.\n|c|\u2606LasermanZ111|do better\n|\n|t:|1682826680\n|move|p2a: Baxcalibur|Ice Shard|p1b: Scream Tail\n|-damage|p1b: Scream Tail|2\/100\n|move|p1b: Scream Tail|Howl|p1b: Scream Tail|[spread] p1a,p1b\n|-boost|p1a: Klefki|atk|1\n|-boost|p1b: Scream Tail|atk|1\n|move|p1a: Klefki|Play Rough|p2a: Baxcalibur\n|-damage|p2a: Baxcalibur|22\/100 psn\n|\n|-damage|p2a: Baxcalibur|9\/100 psn|[from] psn\n|upkeep\n|turn|8\n|\n|t:|1682826694\n|move|p1b: Scream Tail|Protect|p1b: Scream Tail\n|-singleturn|p1b: Scream Tail|Protect\n|move|p2a: Baxcalibur|Ice Shard|p1b: Scream Tail\n|-activate|p1b: Scream Tail|move: Protect\n|move|p1a: Klefki|Play Rough|p2a: Baxcalibur\n|-damage|p2a: Baxcalibur|0 fnt\n|faint|p2a: Baxcalibur\n|\n|win|UserOmega\n|raw|UserOmega's rating: 1374 → 1390<\/strong> (+16 for winning)\n|raw|LasermanZ111's rating: 1312 → 1296<\/strong> (-16 for losing)\n|c|\u2606LasermanZ111|freaking low ladder people\n|l|\u2606LasermanZ111\n|c|\u2606UserOmega|lol\n|j| Bright Size\n|j| purplemistress\n|j| MasterofMetapods5\n|l| purplemistress\n","uploadtime":1682827039,"views":12,"p1id":"useromega","p2id":"lasermanz111","formatid":"gen9vgc2023regulationc","rating":1296,"private":0,"password":""}