{"id":"gen9vgc2023regulationc-1855750820","p1":"thejacker16","p2":"Crusaderofni","format":"[Gen 9] VGC 2023 Regulation C","log":"|j|\u2606thejacker16\n|j|\u2606Crusaderofni\n|t:|1682979879\n|gametype|doubles\n|player|p1|thejacker16|policeman-gen4|1216\n|player|p2|Crusaderofni|170|1269\n|teamsize|p1|6\n|teamsize|p2|6\n|gen|9\n|tier|[Gen 9] VGC 2023 Regulation C\n|rated|\n|rule|Species Clause: Limit one of each Pok\u00e9mon\n|rule|Item Clause: Limit one of each item\n|clearpoke\n|poke|p1|Maushold-Four, L50|\n|poke|p1|Amoonguss, L50, F|\n|poke|p1|Flutter Mane, L50|\n|poke|p1|Ceruledge, L50, M|\n|poke|p1|Iron Bundle, L50|\n|poke|p1|Gholdengo, L50|\n|poke|p2|Iron Hands, L50|\n|poke|p2|Iron Bundle, L50|\n|poke|p2|Arcanine, L50, F|\n|poke|p2|Annihilape, L50, M|\n|poke|p2|Maushold-Four, L50|\n|poke|p2|Sandy Shocks, L50|\n|teampreview|4\n|\n|t:|1682979927\n|start\n|switch|p1a: Gang GANG|Maushold-Four, L50|100\/100\n|switch|p1b: F.M.|Flutter Mane, L50|100\/100\n|switch|p2a: Monke|Annihilape, L50, M|100\/100\n|switch|p2b: Maushold|Maushold-Four, L50|100\/100\n|turn|1\n|\n|t:|1682979983\n|-terastallize|p2a: Monke|Fire\n|move|p2b: Maushold|Beat Up|p2a: Monke\n|-damage|p2a: Monke|97\/100\n|-damage|p2a: Monke|95\/100\n|-damage|p2a: Monke|92\/100\n|-damage|p2a: Monke|89\/100\n|-hitcount|p2a: Monke|4\n|move|p1a: Gang GANG|Population Bomb|p2b: Maushold\n|-damage|p2b: Maushold|82\/100\n|-damage|p2b: Maushold|65\/100\n|-damage|p2b: Maushold|48\/100\n|-damage|p2b: Maushold|29\/100\n|-damage|p2b: Maushold|11\/100\n|-damage|p2b: Maushold|0 fnt\n|faint|p2b: Maushold\n|-hitcount|p2: Maushold|6\n|move|p1b: F.M.|Dazzling Gleam|p2a: Monke\n|-resisted|p2a: Monke\n|-damage|p2a: Monke|67\/100\n|move|p2a: Monke|Drain Punch|p1a: Gang GANG\n|-supereffective|p1a: Gang GANG\n|-damage|p1a: Gang GANG|0 fnt\n|-heal|p2a: Monke|100\/100|[from] drain|[of] p1a: Gang GANG\n|faint|p1a: Gang GANG\n|\n|upkeep\n|n|!thejacker16|thejacker16\n|\n|t:|1682980011\n|switch|p1a: Aqua|Iron Bundle, L50|100\/100\n|switch|p2b: Sandy Shocks|Sandy Shocks, L50|100\/100\n|-enditem|p1a: Aqua|Booster Energy\n|-activate|p1a: Aqua|ability: Quark Drive|[fromitem]\n|-start|p1a: Aqua|quarkdrivespe\n|-enditem|p2b: Sandy Shocks|Booster Energy\n|-activate|p2b: Sandy Shocks|ability: Protosynthesis|[fromitem]\n|-start|p2b: Sandy Shocks|protosynthesisspe\n|turn|2\n|\n|t:|1682980028\n|-terastallize|p1a: Aqua|Fire\n|move|p2a: Monke|Protect|p2a: Monke\n|-singleturn|p2a: Monke|Protect\n|move|p1a: Aqua|Hydro Pump|p2a: Monke\n|-activate|p2a: Monke|move: Protect\n|move|p2b: Sandy Shocks|Thunderbolt|p1a: Aqua\n|-damage|p1a: Aqua|15\/100\n|move|p1b: F.M.|Icy Wind|p2b: Sandy Shocks|[spread] p2b\n|-activate|p2a: Monke|move: Protect\n|-supereffective|p2b: Sandy Shocks\n|-damage|p2b: Sandy Shocks|62\/100\n|-unboost|p2b: Sandy Shocks|spe|1\n|\n|upkeep\n|turn|3\n|\n|t:|1682980069\n|switch|p2a: Good Boy|Arcanine, L50, F|100\/100\n|-ability|p2a: Good Boy|Intimidate|boost\n|-unboost|p1a: Aqua|atk|1\n|-unboost|p1b: F.M.|atk|1\n|move|p1a: Aqua|Protect|p1a: Aqua\n|-singleturn|p1a: Aqua|Protect\n|move|p1b: F.M.|Dazzling Gleam|p2a: Good Boy|[spread] p2a,p2b\n|-resisted|p2a: Good Boy\n|-damage|p2a: Good Boy|88\/100\n|-damage|p2b: Sandy Shocks|17\/100\n|move|p2b: Sandy Shocks|Earth Power|p1a: Aqua\n|-activate|p1a: Aqua|move: Protect\n|\n|upkeep\n|turn|4\n|\n|t:|1682980090\n|move|p2b: Sandy Shocks|Protect|p2b: Sandy Shocks\n|-singleturn|p2b: Sandy Shocks|Protect\n|move|p2a: Good Boy|Extreme Speed|p1a: Aqua\n|-damage|p1a: Aqua|0 fnt\n|faint|p1a: Aqua\n|-end|p1a: Aqua|Quark Drive|[silent]\n|move|p1b: F.M.|Icy Wind|p2b: Sandy Shocks|[spread] p2a\n|-activate|p2b: Sandy Shocks|move: Protect\n|-resisted|p2a: Good Boy\n|-damage|p2a: Good Boy|82\/100\n|-unboost|p2a: Good Boy|spe|1\n|\n|upkeep\n|\n|t:|1682980101\n|switch|p1a: Gold and Go|Gholdengo, L50|100\/100\n|turn|5\n|\n|t:|1682980116\n|move|p1b: F.M.|Dazzling Gleam|p2b: Sandy Shocks|[spread] p2a,p2b\n|-resisted|p2a: Good Boy\n|-damage|p2a: Good Boy|69\/100\n|-damage|p2b: Sandy Shocks|0 fnt\n|faint|p2b: Sandy Shocks\n|-end|p2b: Sandy Shocks|Protosynthesis|[silent]\n|move|p1a: Gold and Go|Shadow Ball|p2a: Good Boy\n|-damage|p2a: Good Boy|40\/100\n|move|p2a: Good Boy|Flare Blitz|p1a: Gold and Go\n|-supereffective|p1a: Gold and Go\n|-damage|p1a: Gold and Go|21\/100\n|-damage|p2a: Good Boy|16\/100|[from] Recoil\n|\n|upkeep\n|\n|t:|1682980127\n|switch|p2b: Monke|Annihilape, L50, M, tera:Fire|100\/100\n|turn|6\n|\n|t:|1682980138\n|move|p1a: Gold and Go|Protect|p1a: Gold and Go\n|-singleturn|p1a: Gold and Go|Protect\n|move|p2b: Monke|Protect|p2b: Monke\n|-singleturn|p2b: Monke|Protect\n|move|p2a: Good Boy|Protect|p2a: Good Boy\n|-singleturn|p2a: Good Boy|Protect\n|move|p1b: F.M.|Dazzling Gleam|p2a: Good Boy|[spread] \n|-activate|p2a: Good Boy|move: Protect\n|-activate|p2b: Monke|move: Protect\n|\n|upkeep\n|turn|7\n|\n|t:|1682980157\n|move|p1b: F.M.|Dazzling Gleam|p2a: Good Boy|[spread] p2a,p2b\n|-resisted|p2a: Good Boy\n|-resisted|p2b: Monke\n|-damage|p2a: Good Boy|2\/100\n|-damage|p2b: Monke|84\/100\n|move|p1a: Gold and Go|Shadow Ball|p2b: Monke\n|-damage|p2b: Monke|47\/100\n|move|p2b: Monke|Rage Fist|p1b: F.M.\n|-supereffective|p1b: F.M.\n|-damage|p1b: F.M.|0 fnt\n|faint|p1b: F.M.\n|-end|p1b: F.M.|Protosynthesis|[silent]\n|move|p2a: Good Boy|Flare Blitz|p1a: Gold and Go\n|-supereffective|p1a: Gold and Go\n|-damage|p1a: Gold and Go|0 fnt\n|faint|p1a: Gold and Go\n|-damage|p2a: Good Boy|0 fnt|[from] Recoil\n|faint|p2a: Good Boy\n|\n|win|Crusaderofni\n|raw|thejacker16's rating: 1216 → 1195<\/strong> (-21 for losing)\n|raw|Crusaderofni's rating: 1269 → 1290<\/strong> (+21 for winning)\n","uploadtime":1682979988,"views":17,"p1id":"thejacker16","p2id":"crusaderofni","formatid":"gen9vgc2023regulationc","rating":1195,"private":0,"password":""}