{"id":"gen9vgc2023regulationc-1859377355","p1":"fdf4544","p2":"jihuigyfoyu","format":"[Gen 9] VGC 2023 Regulation C","log":"|j|\u2606fdf4544\n|j|\u2606jihuigyfoyu\n|t:|1683451376\n|gametype|doubles\n|player|p1|fdf4544|102|1129\n|player|p2|jihuigyfoyu|cynthia|1221\n|teamsize|p1|6\n|teamsize|p2|6\n|gen|9\n|tier|[Gen 9] VGC 2023 Regulation C\n|rated|\n|rule|Species Clause: Limit one of each Pok\u00e9mon\n|rule|Item Clause: Limit one of each item\n|clearpoke\n|poke|p1|Torkoal, L50, M|\n|poke|p1|Chi-Yu, L50|\n|poke|p1|Bronzong, L50|\n|poke|p1|Gastrodon, L50, F|\n|poke|p1|Grimmsnarl, L50, M|\n|poke|p1|Skeledirge, L50, F|\n|poke|p2|Palafin, L50, F|\n|poke|p2|Arcanine, L50, F|\n|poke|p2|Ting-Lu, L50|\n|poke|p2|Flutter Mane, L50|\n|poke|p2|Gothitelle, L50, F|\n|poke|p2|Scream Tail, L50|\n|teampreview|4\njihuigyfoyu has agreed to open team sheets.\n|inactive|Battle timer is ON: inactive players will automatically lose when time's up. (requested by fdf4544)\n|\n|t:|1683451401\n|start\n|switch|p1a: Grimmsnarl|Grimmsnarl, L50, M|100\/100\n|switch|p1b: Chi-Yu|Chi-Yu, L50|100\/100\n|switch|p2a: Flutter Mane|Flutter Mane, L50|100\/100\n|switch|p2b: Gothitelle|Gothitelle, L50, F|100\/100\n|-ability|p1b: Chi-Yu|Beads of Ruin\n|turn|1\n|\n|t:|1683451421\n|move|p2b: Gothitelle|Fake Out|p1b: Chi-Yu\n|-damage|p1b: Chi-Yu|94\/100\n|move|p1a: Grimmsnarl|Trick|p2a: Flutter Mane\n|-activate|p1a: Grimmsnarl|move: Trick|[of] p2a: Flutter Mane\n|-item|p2a: Flutter Mane|Lagging Tail|[from] move: Trick\n|-item|p1a: Grimmsnarl|Focus Sash|[from] move: Trick\n|move|p2a: Flutter Mane|Perish Song|p2a: Flutter Mane\n|-start|p1a: Grimmsnarl|perish3|[silent]\n|-start|p1b: Chi-Yu|perish3|[silent]\n|-start|p2a: Flutter Mane|perish3|[silent]\n|-start|p2b: Gothitelle|perish3|[silent]\n|-fieldactivate|move: Perish Song\n|cant|p1b: Chi-Yu|flinch\n|\n|-start|p2a: Flutter Mane|perish3\n|-start|p1b: Chi-Yu|perish3\n|-start|p2b: Gothitelle|perish3\n|-start|p1a: Grimmsnarl|perish3\n|upkeep\n|turn|2\n|inactive|jihuigyfoyu has 30 seconds left.\n|\n|t:|1683451447\n|move|p2b: Gothitelle|Protect|p2b: Gothitelle\n|-singleturn|p2b: Gothitelle|Protect\n|move|p2a: Flutter Mane|Protect|p2a: Flutter Mane\n|-singleturn|p2a: Flutter Mane|Protect\n|move|p1b: Chi-Yu|Snarl|p2a: Flutter Mane|[spread] \n|-activate|p2a: Flutter Mane|move: Protect\n|-activate|p2b: Gothitelle|move: Protect\n|move|p1a: Grimmsnarl|Spirit Break|p2a: Flutter Mane\n|-activate|p2a: Flutter Mane|move: Protect\n|\n|-start|p2a: Flutter Mane|perish2\n|-start|p1b: Chi-Yu|perish2\n|-start|p2b: Gothitelle|perish2\n|-start|p1a: Grimmsnarl|perish2\n|upkeep\n|turn|3\n|inactive|jihuigyfoyu has 30 seconds left.\n|\n|t:|1683451480\n|-end|p2a: Flutter Mane|Protosynthesis|[silent]\n|switch|p2a: Ting-Lu|Ting-Lu, L50|100\/100\n|-ability|p2a: Ting-Lu|Vessel of Ruin\n|-terastallize|p1b: Chi-Yu|Ghost\n|move|p1b: Chi-Yu|Tera Blast|p2b: Gothitelle\n|-supereffective|p2b: Gothitelle\n|-damage|p2b: Gothitelle|41\/100\n|-enditem|p2b: Gothitelle|Sitrus Berry|[eat]\n|-heal|p2b: Gothitelle|66\/100|[from] item: Sitrus Berry\n|move|p2b: Gothitelle|Heal Pulse|p2a: Ting-Lu\n|-fail|p2a: Ting-Lu|heal\n|move|p1a: Grimmsnarl|Spirit Break|p2b: Gothitelle\n|-damage|p2b: Gothitelle|28\/100\n|-unboost|p2b: Gothitelle|spa|1\n|\n|-start|p1b: Chi-Yu|perish1\n|-start|p2b: Gothitelle|perish1\n|-start|p1a: Grimmsnarl|perish1\n|upkeep\n|turn|4\n|inactive|jihuigyfoyu has 30 seconds left.\n|\n|t:|1683451514\n|switch|p1b: Gastrodon|Gastrodon, L50, F|100\/100\n|switch|p2b: Flutter Mane|Flutter Mane, L50|100\/100\n|move|p1a: Grimmsnarl|Spirit Break|p2a: Ting-Lu\n|-supereffective|p2a: Ting-Lu\n|-damage|p2a: Ting-Lu|64\/100\n|-unboost|p2a: Ting-Lu|spa|1\n|move|p2a: Ting-Lu|Stomping Tantrum|p1b: Gastrodon\n|-damage|p1b: Gastrodon|69\/100\n|\n|-heal|p2a: Ting-Lu|70\/100|[from] item: Leftovers\n|-start|p1a: Grimmsnarl|perish0\n|upkeep\n|faint|p1a: Grimmsnarl\n|\n|t:|1683451531\n|switch|p1a: Chi-Yu|Chi-Yu, L50, tera:Ghost|94\/100\n|-ability|p1a: Chi-Yu|Beads of Ruin\n|turn|5\n|inactive|jihuigyfoyu has 30 seconds left.\n|\n|t:|1683451556\n|move|p1a: Chi-Yu|Tera Blast|p2b: Flutter Mane\n|-supereffective|p2b: Flutter Mane\n|-damage|p2b: Flutter Mane|18\/100\n|move|p2a: Ting-Lu|Stomping Tantrum|p1a: Chi-Yu\n|-damage|p1a: Chi-Yu|55\/100\n|move|p1b: Gastrodon|Sludge Bomb|p2b: Flutter Mane\n|-damage|p2b: Flutter Mane|0 fnt\n|faint|p2b: Flutter Mane\n|-end|p2b: Flutter Mane|Protosynthesis|[silent]\n|\n|-heal|p2a: Ting-Lu|76\/100|[from] item: Leftovers\n|upkeep\n|\n|t:|1683451570\n|switch|p2b: Scream Tail|Scream Tail, L50|100\/100\n|-enditem|p2b: Scream Tail|Booster Energy\n|-activate|p2b: Scream Tail|ability: Protosynthesis|[fromitem]\n|-start|p2b: Scream Tail|protosynthesisspe\n|turn|6\n|\n|t:|1683451595\n|move|p2b: Scream Tail|Perish Song|p2b: Scream Tail\n|-start|p1a: Chi-Yu|perish3|[silent]\n|-start|p1b: Gastrodon|perish3|[silent]\n|-start|p2a: Ting-Lu|perish3|[silent]\n|-start|p2b: Scream Tail|perish3|[silent]\n|-fieldactivate|move: Perish Song\n|move|p1a: Chi-Yu|Tera Blast|p2b: Scream Tail\n|-supereffective|p2b: Scream Tail\n|-damage|p2b: Scream Tail|55\/100\n|move|p2a: Ting-Lu|Sand Tomb|p1a: Chi-Yu\n|-damage|p1a: Chi-Yu|36\/100\n|-activate|p1a: Chi-Yu|move: Sand Tomb|[of] p2a: Ting-Lu\n|move|p1b: Gastrodon|Sludge Bomb|p2b: Scream Tail\n|-supereffective|p2b: Scream Tail\n|-damage|p2b: Scream Tail|20\/100\n|-status|p2b: Scream Tail|psn\n|\n|-heal|p2a: Ting-Lu|82\/100|[from] item: Leftovers\n|-damage|p2b: Scream Tail|8\/100 psn|[from] psn\n|-damage|p1a: Chi-Yu|24\/100|[from] move: Sand Tomb|[partiallytrapped]\n|-start|p2b: Scream Tail|perish3\n|-start|p1a: Chi-Yu|perish3\n|-start|p2a: Ting-Lu|perish3\n|-start|p1b: Gastrodon|perish3\n|upkeep\n|-enditem|p1a: Chi-Yu|Wiki Berry|[eat]\n|-heal|p1a: Chi-Yu|58\/100|[from] item: Wiki Berry\n|turn|7\n|inactive|jihuigyfoyu has 30 seconds left.\n|inactive|jihuigyfoyu has 20 seconds left.\n|\n|t:|1683451631\n|switch|p1a: Skeledirge|Skeledirge, L50, F|100\/100\n|move|p2b: Scream Tail|Play Rough|p1a: Skeledirge\n|-resisted|p1a: Skeledirge\n|-damage|p1a: Skeledirge|90\/100\n|move|p2a: Ting-Lu|Sand Tomb|p1b: Gastrodon\n|-damage|p1b: Gastrodon|54\/100\n|-activate|p1b: Gastrodon|move: Sand Tomb|[of] p2a: Ting-Lu\n|move|p1b: Gastrodon|Sludge Bomb|p2a: Ting-Lu\n|-resisted|p2a: Ting-Lu\n|-damage|p2a: Ting-Lu|75\/100\n|\n|-heal|p1a: Skeledirge|96\/100|[from] item: Leftovers\n|-heal|p2a: Ting-Lu|81\/100|[from] item: Leftovers\n|-damage|p2b: Scream Tail|0 fnt|[from] psn\n|faint|p2b: Scream Tail\n|-end|p2b: Scream Tail|Protosynthesis|[silent]\n|-damage|p1b: Gastrodon|42\/100|[from] move: Sand Tomb|[partiallytrapped]\n|-start|p2a: Ting-Lu|perish2\n|-start|p1b: Gastrodon|perish2\n|upkeep\n|\n|t:|1683451637\n|switch|p2b: Gothitelle|Gothitelle, L50, F|28\/100\n|turn|8\n|-message|jihuigyfoyu forfeited.\n|\n|win|fdf4544\n|raw|fdf4544's rating: 1129 → 1160<\/strong> (+31 for winning)\n|raw|jihuigyfoyu's rating: 1221 → 1190<\/strong> (-31 for losing)\n|l|\u2606jihuigyfoyu\n||Ladder isn't responding, score probably updated but might not have (Request timeout).\n","uploadtime":1683451739,"views":13,"p1id":"fdf4544","p2id":"jihuigyfoyu","formatid":"gen9vgc2023regulationc","rating":1160,"private":0,"password":""}