{"id":"gen9vgc2023regulationc-1844968430","p1":"ChampionLeon01","p2":"Lugiabirb","format":"[Gen 9] VGC 2023 Regulation C","log":"|j|\u2606ChampionLeon01\n|j|\u2606Lugiabirb\n|t:|1681669254\n|gametype|doubles\n|player|p1|ChampionLeon01|1|\n|player|p2|Lugiabirb|leon|\n|teamsize|p1|6\n|teamsize|p2|6\n|gen|9\n|tier|[Gen 9] VGC 2023 Regulation C\n|rule|Species Clause: Limit one of each Pok\u00e9mon\n|rule|Item Clause: Limit one of each item\n|clearpoke\n|poke|p1|Slither Wing, L50|\n|poke|p1|Torkoal, L50, F|\n|poke|p1|Chien-Pao, L50|\n|poke|p1|Great Tusk, L50|\n|poke|p1|Flutter Mane, L50|\n|poke|p1|Dragonite, L50, F|\n|poke|p2|Dragapult, L50, F|\n|poke|p2|Chien-Pao, L50|\n|poke|p2|Iron Hands, L50|\n|poke|p2|Flutter Mane, L50|\n|poke|p2|Amoonguss, L50, M|\n|poke|p2|Arcanine, L50, F|\n|teampreview|4\nChampionLeon01 has agreed to open team sheets.\nLugiabirb has agreed to open team sheets.\n|\n|t:|1681669316\n|start\n|switch|p1a: Chien-Pao|Chien-Pao, L50|100\/100\n|switch|p1b: Dragonite|Dragonite, L50, F|100\/100\n|switch|p2a: Ghost City Tokyo|Flutter Mane, L50|100\/100\n|switch|p2b: Cinema|Chien-Pao, L50|100\/100\n|-ability|p2b: Cinema|Sword of Ruin\n|-ability|p1a: Chien-Pao|Sword of Ruin\n|-enditem|p2a: Ghost City Tokyo|Booster Energy\n|-activate|p2a: Ghost City Tokyo|ability: Protosynthesis|[fromitem]\n|-start|p2a: Ghost City Tokyo|protosynthesisspe\n|turn|1\n|\n|t:|1681669351\n|-terastallize|p1b: Dragonite|Normal\n|move|p2a: Ghost City Tokyo|Protect|p2a: Ghost City Tokyo\n|-singleturn|p2a: Ghost City Tokyo|Protect\n|move|p2b: Cinema|Protect|p2b: Cinema\n|-singleturn|p2b: Cinema|Protect\n|move|p1b: Dragonite|Extreme Speed|p2b: Cinema\n|-activate|p2b: Cinema|move: Protect\n|move|p1a: Chien-Pao|Ice Spinner|p2a: Ghost City Tokyo\n|-activate|p2a: Ghost City Tokyo|move: Protect\n|\n|upkeep\n|turn|2\n|\n|t:|1681669378\n|move|p1a: Chien-Pao|Protect|p1a: Chien-Pao\n|-singleturn|p1a: Chien-Pao|Protect\n|move|p1b: Dragonite|Extreme Speed|p2b: Cinema\n|-damage|p2b: Cinema|4\/100\n|move|p2b: Cinema|Sucker Punch||[still]\n|-fail|p2b: Cinema\n|move|p2a: Ghost City Tokyo|Dazzling Gleam|p1b: Dragonite|[spread] p1b\n|-activate|p1a: Chien-Pao|move: Protect\n|-damage|p1b: Dragonite|70\/100\n|\n|upkeep\n|turn|3\n|\n|t:|1681669396\n|switch|p2b: drop pop candy|Dragapult, L50, F|100\/100\n|move|p2a: Ghost City Tokyo|Protect|p2a: Ghost City Tokyo\n|-singleturn|p2a: Ghost City Tokyo|Protect\n|move|p1b: Dragonite|Extreme Speed|p2b: drop pop candy\n|-immune|p2b: drop pop candy\n|move|p1a: Chien-Pao|Ice Spinner|p2a: Ghost City Tokyo\n|-activate|p2a: Ghost City Tokyo|move: Protect\n|\n|upkeep\n|turn|4\n|\n|t:|1681669438\n|-terastallize|p2b: drop pop candy|Fire\n|move|p1b: Dragonite|Extreme Speed|p2a: Ghost City Tokyo\n|-immune|p2a: Ghost City Tokyo\n|move|p1a: Chien-Pao|Sucker Punch|p2a: Ghost City Tokyo\n|-damage|p2a: Ghost City Tokyo|7\/100\n|move|p2a: Ghost City Tokyo|Dazzling Gleam|p1a: Chien-Pao|[spread] p1a,p1b\n|-supereffective|p1a: Chien-Pao\n|-enditem|p1a: Chien-Pao|Focus Sash\n|-damage|p1a: Chien-Pao|1\/100\n|-damage|p1b: Dragonite|38\/100\n|move|p2b: drop pop candy|Dragon Darts|p1a: Chien-Pao\n|-damage|p1a: Chien-Pao|0 fnt\n|-anim|p2b: drop pop candy|Dragon Darts|p1b: Dragonite\n|-damage|p1b: Dragonite|2\/100\n|faint|p1a: Chien-Pao\n|\n|upkeep\n|\n|t:|1681669449\n|switch|p1a: Slither Wing|Slither Wing, L50|100\/100\n|turn|5\n|\n|t:|1681669477\n|switch|p2b: Cinema|Chien-Pao, L50|4\/100\n|-ability|p2b: Cinema|Sword of Ruin\n|-end|p1a: Slither Wing|Protosynthesis|[silent]\n|switch|p1a: Great Tusk|Great Tusk, L50|100\/100\n|move|p2a: Ghost City Tokyo|Protect|p2a: Ghost City Tokyo\n|-singleturn|p2a: Ghost City Tokyo|Protect\n|move|p1b: Dragonite|Extreme Speed|p2b: Cinema\n|-damage|p2b: Cinema|0 fnt\n|faint|p2b: Cinema\n|\n|upkeep\n|\n|t:|1681669491\n|switch|p2b: metal pipes|Iron Hands, L50|100\/100\n|turn|6\n|\n|t:|1681669502\n|-end|p1a: Great Tusk|Protosynthesis|[silent]\n|switch|p1a: Slither Wing|Slither Wing, L50|100\/100\n|move|p2b: metal pipes|Fake Out|p1a: Slither Wing\n|-damage|p1a: Slither Wing|85\/100\n|move|p1b: Dragonite|Extreme Speed|p2b: metal pipes\n|-damage|p2b: metal pipes|53\/100\n|move|p2a: Ghost City Tokyo|Moonblast|p1a: Slither Wing\n|-supereffective|p1a: Slither Wing\n|-damage|p1a: Slither Wing|17\/100\n|\n|upkeep\n|turn|7\n|\n|t:|1681669517\n|-end|p2b: metal pipes|Quark Drive|[silent]\n|switch|p2b: drop pop candy|Dragapult, L50, F, tera:Fire|100\/100\n|move|p2a: Ghost City Tokyo|Protect|p2a: Ghost City Tokyo\n|-singleturn|p2a: Ghost City Tokyo|Protect\n|move|p1b: Dragonite|Extreme Speed|p2b: drop pop candy\n|-damage|p2b: drop pop candy|0 fnt\n|faint|p2b: drop pop candy\n|move|p1a: Slither Wing|First Impression|p2a: Ghost City Tokyo\n|-activate|p2a: Ghost City Tokyo|move: Protect\n|\n|upkeep\n|\n|t:|1681669524\n|switch|p2b: metal pipes|Iron Hands, L50|53\/100\n|turn|8\n|\n|t:|1681669533\n|move|p2b: metal pipes|Fake Out|p1b: Dragonite\n|-damage|p1b: Dragonite|0 fnt\n|faint|p1b: Dragonite\n|move|p2a: Ghost City Tokyo|Dazzling Gleam|p1a: Slither Wing\n|-supereffective|p1a: Slither Wing\n|-damage|p1a: Slither Wing|0 fnt\n|faint|p1a: Slither Wing\n|-end|p1a: Slither Wing|Protosynthesis|[silent]\n|\n|upkeep\n|\n|t:|1681669538\n|switch|p1b: Great Tusk|Great Tusk, L50|100\/100\n|turn|9\n|\n|t:|1681669544\n|move|p2a: Ghost City Tokyo|Moonblast|p1b: Great Tusk\n|-supereffective|p1b: Great Tusk\n|-damage|p1b: Great Tusk|0 fnt\n|faint|p1b: Great Tusk\n|-end|p1b: Great Tusk|Protosynthesis|[silent]\n|\n|win|Lugiabirb\n|c|\u2606Lugiabirb|gg\n|c|\u2606ChampionLeon01|damn\n|l|\u2606ChampionLeon01\n","uploadtime":1681669552,"views":7,"p1id":"championleon01","p2id":"lugiabirb","formatid":"gen9vgc2023regulationc","rating":0,"private":0,"password":""}