{"id":"gen9vgc2023regulationc-1846407458","p1":"WillieDangerously","p2":"NuovoSangue","format":"[Gen 9] VGC 2023 Regulation C","log":"|j|\u2606WillieDangerously\n|j|\u2606NuovoSangue\n|t:|1681838421\n|gametype|doubles\n|player|p1|WillieDangerously|psychic-gen4|1237\n|player|p2|NuovoSangue|ghetsis-gen5bw|1225\n|teamsize|p1|6\n|teamsize|p2|6\n|gen|9\n|tier|[Gen 9] VGC 2023 Regulation C\n|rated|\n|rule|Species Clause: Limit one of each Pok\u00e9mon\n|rule|Item Clause: Limit one of each item\n|clearpoke\n|poke|p1|Gothitelle, L50, M|\n|poke|p1|Gyarados, L50, F|\n|poke|p1|Chi-Yu, L50|\n|poke|p1|Hariyama, L50, F|\n|poke|p1|Sandy Shocks, L50|\n|poke|p1|Flutter Mane, L50|\n|poke|p2|Amoonguss, L50, F|\n|poke|p2|Flutter Mane, L50|\n|poke|p2|Palafin, L50, F|\n|poke|p2|Iron Hands, L50|\n|poke|p2|Arcanine, L50, F|\n|poke|p2|Great Tusk, L50|\n|teampreview|4\n|inactive|Battle timer is ON: inactive players will automatically lose when time's up. (requested by NuovoSangue)\n|\n|t:|1681838450\n|start\n|switch|p1a: Chi-Yu|Chi-Yu, L50|100\/100\n|switch|p1b: Flutter Mane|Flutter Mane, L50|100\/100\n|switch|p2a: Flutter Mane|Flutter Mane, L50|100\/100\n|switch|p2b: Palafin|Palafin, L50, F|100\/100\n|-ability|p1a: Chi-Yu|Beads of Ruin\n|-enditem|p1b: Flutter Mane|Booster Energy\n|-activate|p1b: Flutter Mane|ability: Protosynthesis|[fromitem]\n|-start|p1b: Flutter Mane|protosynthesisspe\n|-enditem|p2a: Flutter Mane|Booster Energy\n|-activate|p2a: Flutter Mane|ability: Protosynthesis|[fromitem]\n|-start|p2a: Flutter Mane|protosynthesisspe\n|turn|1\n|inactive|WillieDangerously has 30 seconds left.\n|inactive|NuovoSangue has 30 seconds left.\n|inactive|WillieDangerously has 20 seconds left.\n|inactive|WillieDangerously has 15 seconds left.\n|inactive|WillieDangerously has 10 seconds left.\n|\n|t:|1681838497\n|-terastallize|p2b: Palafin|Water\n|move|p2a: Flutter Mane|Protect|p2a: Flutter Mane\n|-singleturn|p2a: Flutter Mane|Protect\n|move|p2b: Palafin|Jet Punch|p1a: Chi-Yu\n|-supereffective|p1a: Chi-Yu\n|-damage|p1a: Chi-Yu|6\/100\n|move|p1b: Flutter Mane|Shadow Ball|p2a: Flutter Mane\n|-activate|p2a: Flutter Mane|move: Protect\n|move|p1a: Chi-Yu|Heat Wave|p2b: Palafin|[spread] p2b\n|-activate|p2a: Flutter Mane|move: Protect\n|-resisted|p2b: Palafin\n|-damage|p2b: Palafin|63\/100\n|-status|p2b: Palafin|brn\n|\n|-damage|p2b: Palafin|57\/100 brn|[from] brn\n|upkeep\n|turn|2\n|\n|t:|1681838520\n|-terastallize|p1b: Flutter Mane|Fairy\n|move|p1a: Chi-Yu|Protect|p1a: Chi-Yu\n|-singleturn|p1a: Chi-Yu|Protect\n|move|p2b: Palafin|Jet Punch|p1b: Flutter Mane\n|-damage|p1b: Flutter Mane|68\/100\n|move|p1b: Flutter Mane|Dazzling Gleam|p2a: Flutter Mane|[spread] p2a,p2b\n|-damage|p2a: Flutter Mane|45\/100\n|-damage|p2b: Palafin|0 fnt\n|faint|p2b: Palafin\n|move|p2a: Flutter Mane|Dazzling Gleam|p1b: Flutter Mane|[spread] p1b\n|-activate|p1a: Chi-Yu|move: Protect\n|-damage|p1b: Flutter Mane|23\/100\n|\n|upkeep\n|\n|t:|1681838527\n|switch|p2b: Iron Hands|Iron Hands, L50|100\/100\n|turn|3\n|\n|t:|1681838544\n|switch|p1a: Gyarados|Gyarados, L50, F|100\/100\n|-ability|p1a: Gyarados|Intimidate|boost\n|-unboost|p2a: Flutter Mane|atk|1\n|-unboost|p2b: Iron Hands|atk|1\n|move|p1b: Flutter Mane|Protect|p1b: Flutter Mane\n|-singleturn|p1b: Flutter Mane|Protect\n|move|p2b: Iron Hands|Fake Out|p1b: Flutter Mane\n|-activate|p1b: Flutter Mane|move: Protect\n|move|p2a: Flutter Mane|Dazzling Gleam|p1a: Gyarados|[spread] p1a\n|-activate|p1b: Flutter Mane|move: Protect\n|-damage|p1a: Gyarados|68\/100\n|\n|upkeep\n|turn|4\n|inactive|WillieDangerously has 30 seconds left.\n|\n|t:|1681838572\n|switch|p1a: Sandy Shocks|Sandy Shocks, L50|100\/100\n|move|p2a: Flutter Mane|Protect|p2a: Flutter Mane\n|-singleturn|p2a: Flutter Mane|Protect\n|move|p1b: Flutter Mane|Shadow Ball|p2a: Flutter Mane\n|-activate|p2a: Flutter Mane|move: Protect\n|move|p2b: Iron Hands|Wild Charge|p1a: Sandy Shocks\n|-immune|p1a: Sandy Shocks\n|\n|upkeep\n|turn|5\n|inactive|WillieDangerously has 30 seconds left.\n|inactive|NuovoSangue has 30 seconds left.\n|inactive|WillieDangerously has 20 seconds left.\n|inactive|NuovoSangue has 20 seconds left.\n|inactive|WillieDangerously has 15 seconds left.\n|inactive|WillieDangerously has 10 seconds left.\n|\n|t:|1681838621\n|-end|p1b: Flutter Mane|Protosynthesis|[silent]\n|switch|p1b: Gyarados|Gyarados, L50, F|68\/100\n|-ability|p1b: Gyarados|Intimidate|boost\n|-unboost|p2a: Flutter Mane|atk|1\n|-unboost|p2b: Iron Hands|atk|1\n|-end|p2b: Iron Hands|Quark Drive|[silent]\n|switch|p2b: AnArcanyne|Arcanine, L50, F|100\/100\n|-ability|p2b: AnArcanyne|Intimidate|boost\n|-unboost|p1a: Sandy Shocks|atk|1\n|-unboost|p1b: Gyarados|atk|1\n|move|p2a: Flutter Mane|Dazzling Gleam|p1a: Sandy Shocks|[spread] p1a,p1b\n|-damage|p1a: Sandy Shocks|63\/100\n|-damage|p1b: Gyarados|34\/100\n|move|p1a: Sandy Shocks|Earth Power|p2a: Flutter Mane\n|-damage|p2a: Flutter Mane|0 fnt\n|faint|p2a: Flutter Mane\n|-end|p2a: Flutter Mane|Protosynthesis|[silent]\n|\n|upkeep\n|\n|t:|1681838635\n|switch|p2a: Iron Hands|Iron Hands, L50|100\/100\n|turn|6\n|\n|t:|1681838657\n|-end|p1a: Sandy Shocks|Protosynthesis|[silent]\n|switch|p1a: Flutter Mane|Flutter Mane, L50, tera:Fairy|23\/100\n|move|p1b: Gyarados|Protect|p1b: Gyarados\n|-singleturn|p1b: Gyarados|Protect\n|move|p2a: Iron Hands|Fake Out|p1a: Flutter Mane\n|-damage|p1a: Flutter Mane|0 fnt\n|faint|p1a: Flutter Mane\n|-end|p1a: Flutter Mane|Protosynthesis|[silent]\n|move|p2b: AnArcanyne|Flare Blitz|p1b: Gyarados\n|-activate|p1b: Gyarados|move: Protect\n|\n|upkeep\n|\n|t:|1681838672\n|switch|p1a: Sandy Shocks|Sandy Shocks, L50|63\/100\n|turn|7\n|\n|t:|1681838680\n|switch|p1b: Chi-Yu|Chi-Yu, L50|6\/100\n|-ability|p1b: Chi-Yu|Beads of Ruin\n|move|p2a: Iron Hands|Protect|p2a: Iron Hands\n|-singleturn|p2a: Iron Hands|Protect\n|move|p1a: Sandy Shocks|Earth Power|p2b: AnArcanyne\n|-supereffective|p2b: AnArcanyne\n|-damage|p2b: AnArcanyne|0 fnt\n|faint|p2b: AnArcanyne\n|\n|upkeep\n|turn|8\n|\n|t:|1681838699\n|move|p1a: Sandy Shocks|Earth Power|p2a: Iron Hands\n|-supereffective|p2a: Iron Hands\n|-damage|p2a: Iron Hands|0 fnt\n|faint|p2a: Iron Hands\n|-end|p2a: Iron Hands|Quark Drive|[silent]\n|\n|win|WillieDangerously\n|raw|WillieDangerously's rating: 1237 → 1261<\/strong> (+24 for winning)\n|raw|NuovoSangue's rating: 1225 → 1201<\/strong> (-24 for losing)\n|l|\u2606NuovoSangue\n","uploadtime":1681838704,"views":12,"p1id":"williedangerously","p2id":"nuovosangue","formatid":"gen9vgc2023regulationc","rating":1201,"private":0,"password":""}