{"id":"gen9vgc2023regulationc-1847150432","p1":"edo ghira","p2":"DistantEcho","format":"[Gen 9] VGC 2023 Regulation C","log":"|j|\u2606edo ghira\n|j|\u2606DistantEcho\n|t:|1681923189\n|gametype|doubles\n|player|p1|edo ghira|lance|1354\n|player|p2|DistantEcho|2|1258\n|teamsize|p1|6\n|teamsize|p2|6\n|gen|9\n|tier|[Gen 9] VGC 2023 Regulation C\n|rated|\n|rule|Species Clause: Limit one of each Pok\u00e9mon\n|rule|Item Clause: Limit one of each item\n|clearpoke\n|poke|p1|Rotom-Mow, L50|\n|poke|p1|Gastrodon, L50, F|\n|poke|p1|Maushold-Four, L50|\n|poke|p1|Ceruledge, L50, M|\n|poke|p1|Gyarados, L50, F|\n|poke|p1|Ting-Lu, L50|\n|poke|p2|Iron Hands, L50|\n|poke|p2|Flutter Mane, L50|\n|poke|p2|Dragonite, L50, F|\n|poke|p2|Tatsugiri, L50, M|\n|poke|p2|Dondozo, L50, M|\n|poke|p2|Kingambit, L50, F|\n|teampreview|4\n|inactive|Battle timer is ON: inactive players will automatically lose when time's up. (requested by DistantEcho)\n|c|\u2606DistantEcho|Glhf\n|c|\u2606edo ghira|U2\n|inactive|edo ghira has 60 seconds left.\n|\n|t:|1681923244\n|start\n|switch|p1a: Rotom|Rotom-Mow, L50|100\/100\n|switch|p1b: Gastrodon|Gastrodon, L50, F|100\/100\n|switch|p2a: Kingambit|Kingambit, L50, F|100\/100\n|switch|p2b: Flutter Mane|Flutter Mane, L50|100\/100\n|turn|1\n|inactive|DistantEcho has 30 seconds left.\n|\n|t:|1681923279\n|move|p1b: Gastrodon|Protect|p1b: Gastrodon\n|-singleturn|p1b: Gastrodon|Protect\n|move|p2b: Flutter Mane|Dazzling Gleam|p1b: Gastrodon|[spread] p1a\n|-activate|p1b: Gastrodon|move: Protect\n|-damage|p1a: Rotom|56\/100\n|move|p1a: Rotom|Will-O-Wisp|p2a: Kingambit\n|-status|p2a: Kingambit|brn\n|move|p2a: Kingambit|Kowtow Cleave|p1a: Rotom\n|-crit|p1a: Rotom\n|-damage|p1a: Rotom|14\/100\n|-enditem|p1a: Rotom|Sitrus Berry|[eat]\n|-heal|p1a: Rotom|39\/100|[from] item: Sitrus Berry\n|\n|-damage|p2a: Kingambit|95\/100 brn|[from] brn\n|upkeep\n|turn|2\n|\n|t:|1681923303\n|switch|p1a: Ceruledge|Ceruledge, L50, M|100\/100\n|move|p2b: Flutter Mane|Dazzling Gleam|p1a: Ceruledge|[spread] p1a,p1b\n|-resisted|p1a: Ceruledge\n|-damage|p1a: Ceruledge|76\/100\n|-damage|p1b: Gastrodon|55\/100\n|move|p2a: Kingambit|Swords Dance|p2a: Kingambit\n|-boost|p2a: Kingambit|atk|2\n|move|p1b: Gastrodon|Yawn|p2b: Flutter Mane\n|-start|p2b: Flutter Mane|move: Yawn|[of] p1b: Gastrodon\n|\n|-heal|p1a: Ceruledge|82\/100|[from] item: Leftovers\n|-damage|p2a: Kingambit|89\/100 brn|[from] brn\n|upkeep\n|turn|3\n|\n|t:|1681923322\n|-end|p2b: Flutter Mane|Protosynthesis|[silent]\n|switch|p2b: Dragonite|Dragonite, L50, F|100\/100\n|move|p1a: Ceruledge|Protect|p1a: Ceruledge\n|-singleturn|p1a: Ceruledge|Protect\n|move|p2a: Kingambit|Sucker Punch||[still]\n|-fail|p2a: Kingambit\n|move|p1b: Gastrodon|Earth Power|p2a: Kingambit\n|-supereffective|p2a: Kingambit\n|-damage|p2a: Kingambit|28\/100 brn\n|-enditem|p2a: Kingambit|Weakness Policy\n|-boost|p2a: Kingambit|atk|2|[from] item: Weakness Policy\n|-boost|p2a: Kingambit|spa|2|[from] item: Weakness Policy\n|\n|-heal|p1a: Ceruledge|88\/100|[from] item: Leftovers\n|-damage|p2a: Kingambit|22\/100 brn|[from] brn\n|upkeep\n|turn|4\n|inactive|edo ghira has 30 seconds left.\n|inactive|DistantEcho has 30 seconds left.\n|inactive|DistantEcho has 20 seconds left.\n|\n|t:|1681923361\n|-terastallize|p2b: Dragonite|Normal\n|move|p2b: Dragonite|Extreme Speed|p1b: Gastrodon\n|-damage|p1b: Gastrodon|17\/100\n|move|p1a: Ceruledge|Shadow Sneak|p2a: Kingambit\n|-resisted|p2a: Kingambit\n|-damage|p2a: Kingambit|15\/100 brn\n|move|p2a: Kingambit|Sucker Punch||[still]\n|-fail|p2a: Kingambit\n|move|p1b: Gastrodon|Yawn|p2b: Dragonite\n|-start|p2b: Dragonite|move: Yawn|[of] p1b: Gastrodon\n|\n|-heal|p1a: Ceruledge|94\/100|[from] item: Leftovers\n|-damage|p2a: Kingambit|9\/100 brn|[from] brn\n|upkeep\n|turn|5\n|\n|t:|1681923381\n|move|p1a: Ceruledge|Protect|p1a: Ceruledge\n|-singleturn|p1a: Ceruledge|Protect\n|move|p2b: Dragonite|Extreme Speed|p1b: Gastrodon\n|-damage|p1b: Gastrodon|0 fnt\n|faint|p1b: Gastrodon\n|move|p2a: Kingambit|Sucker Punch||[still]\n|-fail|p2a: Kingambit\n|\n|-heal|p1a: Ceruledge|99\/100|[from] item: Leftovers\n|-damage|p2a: Kingambit|3\/100 brn|[from] brn\n|-end|p2b: Dragonite|move: Yawn|[silent]\n|-status|p2b: Dragonite|slp\n|upkeep\n|\n|t:|1681923393\n|switch|p1b: Gyarados|Gyarados, L50, F|100\/100\n|-ability|p1b: Gyarados|Intimidate|boost\n|-unboost|p2a: Kingambit|atk|1\n|-ability|p2a: Kingambit|Defiant|boost\n|-boost|p2a: Kingambit|atk|2\n|-unboost|p2b: Dragonite|atk|1\n|turn|6\n|\n|t:|1681923402\n|cant|p2b: Dragonite|slp\n|move|p1a: Ceruledge|Shadow Sneak|p2a: Kingambit\n|-resisted|p2a: Kingambit\n|-damage|p2a: Kingambit|0 fnt\n|faint|p2a: Kingambit\n|move|p1b: Gyarados|Dragon Dance|p1b: Gyarados\n|-boost|p1b: Gyarados|atk|1\n|-boost|p1b: Gyarados|spe|1\n|\n|-heal|p1a: Ceruledge|100\/100|[from] item: Leftovers\n|upkeep\n|\n|t:|1681923408\n|switch|p2a: Iron Hands|Iron Hands, L50|100\/100\n|-enditem|p2a: Iron Hands|Booster Energy\n|-activate|p2a: Iron Hands|ability: Quark Drive|[fromitem]\n|-start|p2a: Iron Hands|quarkdriveatk\n|turn|7\n|inactive|edo ghira has 30 seconds left.\n|inactive|edo ghira has 20 seconds left.\n|\n|t:|1681923444\n|-terastallize|p1b: Gyarados|Flying\n|-curestatus|p2b: Dragonite|slp|[msg]\n|move|p2b: Dragonite|Extreme Speed|p1b: Gyarados\n|-damage|p1b: Gyarados|66\/100\n|move|p1b: Gyarados|Tera Blast|p2a: Iron Hands\n|-damage|p2a: Iron Hands|56\/100\n|move|p1a: Ceruledge|Bulk Up|p1a: Ceruledge\n|-boost|p1a: Ceruledge|atk|1\n|-boost|p1a: Ceruledge|def|1\n|move|p2a: Iron Hands|Thunder Punch|p1b: Gyarados\n|-supereffective|p1b: Gyarados\n|-damage|p1b: Gyarados|0 fnt\n|faint|p1b: Gyarados\n|\n|upkeep\n|\n|t:|1681923458\n|switch|p1b: Rotom|Rotom-Mow, L50|39\/100\n|turn|8\n|\n|t:|1681923469\n|move|p1a: Ceruledge|Bitter Blade|p2a: Iron Hands\n|-damage|p2a: Iron Hands|16\/100\n|move|p1b: Rotom|Will-O-Wisp|p2b: Dragonite\n|-status|p2b: Dragonite|brn\n|move|p2b: Dragonite|Facade|p1b: Rotom\n|-damage|p1b: Rotom|0 fnt\n|faint|p1b: Rotom\n|move|p2a: Iron Hands|Thunder Punch|p1a: Ceruledge\n|-damage|p1a: Ceruledge|52\/100\n|\n|-heal|p1a: Ceruledge|57\/100|[from] item: Leftovers\n|-damage|p2b: Dragonite|94\/100 brn|[from] brn\n|upkeep\n|turn|9\n|\n|t:|1681923492\n|move|p1a: Ceruledge|Bitter Blade|p2b: Dragonite\n|-damage|p2b: Dragonite|35\/100 brn\n|-heal|p1a: Ceruledge|92\/100|[from] drain|[of] p2b: Dragonite\n|move|p2b: Dragonite|Iron Head|p1a: Ceruledge\n|-resisted|p1a: Ceruledge\n|-damage|p1a: Ceruledge|88\/100\n|move|p2a: Iron Hands|Thunder Punch|p1a: Ceruledge\n|-damage|p1a: Ceruledge|35\/100\n|\n|-heal|p1a: Ceruledge|41\/100|[from] item: Leftovers\n|-damage|p2b: Dragonite|29\/100 brn|[from] brn\n|upkeep\n|turn|10\n|\n|t:|1681923510\n|switch|p2b: Flutter Mane|Flutter Mane, L50|100\/100\n|move|p1a: Ceruledge|Bitter Blade|p2a: Iron Hands\n|-damage|p2a: Iron Hands|0 fnt\n|-heal|p1a: Ceruledge|52\/100|[from] drain|[of] p2a: Iron Hands\n|faint|p2a: Iron Hands\n|-end|p2a: Iron Hands|Quark Drive|[silent]\n|\n|-heal|p1a: Ceruledge|58\/100|[from] item: Leftovers\n|upkeep\n|\n|t:|1681923516\n|switch|p2a: Dragonite|Dragonite, L50, F, tera:Normal|29\/100 brn\n|turn|11\n|\n|t:|1681923526\n|move|p1a: Ceruledge|Shadow Sneak|p2b: Flutter Mane\n|-supereffective|p2b: Flutter Mane\n|-damage|p2b: Flutter Mane|0 fnt\n|faint|p2b: Flutter Mane\n|-end|p2b: Flutter Mane|Protosynthesis|[silent]\n|move|p2a: Dragonite|Iron Head|p1a: Ceruledge\n|-resisted|p1a: Ceruledge\n|-damage|p1a: Ceruledge|51\/100\n|\n|-heal|p1a: Ceruledge|57\/100|[from] item: Leftovers\n|-damage|p2a: Dragonite|23\/100 brn|[from] brn\n|upkeep\n|turn|12\n|c|\u2606DistantEcho|Gg\n|c|\u2606edo ghira|gg\n|\n|t:|1681923537\n|move|p1a: Ceruledge|Bitter Blade|p2a: Dragonite\n|-damage|p2a: Dragonite|0 fnt\n|-heal|p1a: Ceruledge|70\/100|[from] drain|[of] p2a: Dragonite\n|faint|p2a: Dragonite\n|\n|win|edo ghira\n|raw|edo ghira's rating: 1354 → 1369<\/strong> (+15 for winning)\n|raw|DistantEcho's rating: 1258 → 1240<\/strong> (-18 for losing)\n|l|\u2606DistantEcho\n","uploadtime":1681923550,"views":12,"p1id":"edoghira","p2id":"distantecho","formatid":"gen9vgc2023regulationc","rating":1240,"private":0,"password":""}