{"id":"gen9vgc2023regulationc-1862504656","p1":"elkiwi15","p2":"Simugo","format":"[Gen 9] VGC 2023 Regulation C","log":"|j|\u2606elkiwi15\n|j|\u2606Simugo\n|t:|1683895269\n|gametype|doubles\n|player|p1|elkiwi15|li|1586\n|player|p2|Simugo|265|1589\n|teamsize|p1|6\n|teamsize|p2|6\n|gen|9\n|tier|[Gen 9] VGC 2023 Regulation C\n|rated|\n|rule|Species Clause: Limit one of each Pok\u00e9mon\n|rule|Item Clause: Limit one of each item\n|clearpoke\n|poke|p1|Breloom, L50, F|\n|poke|p1|Azumarill, L50, M|\n|poke|p1|Chien-Pao, L50|\n|poke|p1|Dragonite, L50, M|\n|poke|p1|Kingambit, L50, F|\n|poke|p1|Annihilape, L50, F|\n|poke|p2|Talonflame, L50, F|\n|poke|p2|Great Tusk, L50|\n|poke|p2|Iron Bundle, L50|\n|poke|p2|Flutter Mane, L50|\n|poke|p2|Kingambit, L50, F|\n|poke|p2|Chi-Yu, L50|\n|teampreview|4\n|inactive|Battle timer is ON: inactive players will automatically lose when time's up. (requested by elkiwi15)\nelkiwi15 has agreed to open team sheets.\nSimugo has agreed to open team sheets.\n|inactive|elkiwi15 has 60 seconds left.\n|inactive|Simugo has 60 seconds left.\n|inactive|elkiwi15 has 30 seconds left.\n|inactive|elkiwi15 has 20 seconds left.\n|\n|t:|1683895340\n|start\n|switch|p1a: Azumarill|Azumarill, L50, M, shiny|100\/100\n|switch|p1b: Kingambit|Kingambit, L50, F|100\/100\n|switch|p2a: Talonflame|Talonflame, L50, F|100\/100\n|switch|p2b: Flutter Mane|Flutter Mane, L50|100\/100\n|turn|1\n|\n|t:|1683895357\n|-end|p2b: Flutter Mane|Protosynthesis|[silent]\n|switch|p2b: Kingambit|Kingambit, L50, F|100\/100\n|-terastallize|p1b: Kingambit|Fire\n|move|p1a: Azumarill|Protect|p1a: Azumarill\n|-singleturn|p1a: Azumarill|Protect\n|move|p2a: Talonflame|Will-O-Wisp|p1b: Kingambit|[miss]\n|-miss|p2a: Talonflame|p1b: Kingambit\n|move|p1b: Kingambit|Iron Head|p2b: Kingambit\n|-resisted|p2b: Kingambit\n|-damage|p2b: Kingambit|84\/100\n|\n|upkeep\n|turn|2\n|inactive|Simugo has 30 seconds left.\n|inactive|elkiwi15 has 30 seconds left.\n|inactive|Simugo has 20 seconds left.\n|j| merah merona\n|\n|t:|1683895394\n|switch|p1a: Dragonite|Dragonite, L50, M|100\/100\n|move|p2a: Talonflame|Brave Bird|p1b: Kingambit\n|-damage|p1b: Kingambit|73\/100\n|-damage|p2a: Talonflame|90\/100|[from] Recoil\n|move|p2b: Kingambit|Assurance|p1b: Kingambit\n|-damage|p1b: Kingambit|19\/100\n|move|p1b: Kingambit|Tera Blast|p2b: Kingambit\n|-supereffective|p2b: Kingambit\n|-damage|p2b: Kingambit|25\/100\n|\n|upkeep\n|turn|3\n|inactive|elkiwi15 has 30 seconds left.\n|inactive|Simugo has 30 seconds left.\n|\n|t:|1683895426\n|move|p1b: Kingambit|Sucker Punch|p2b: Kingambit\n|-resisted|p2b: Kingambit\n|-damage|p2b: Kingambit|12\/100\n|move|p2a: Talonflame|Tailwind|p2a: Talonflame\n|-sidestart|p2: Simugo|move: Tailwind\n|move|p2b: Kingambit|Assurance|p1b: Kingambit\n|-damage|p1b: Kingambit|0 fnt\n|faint|p1b: Kingambit\n|move|p1a: Dragonite|Tailwind|p1a: Dragonite\n|-sidestart|p1: elkiwi15|move: Tailwind\n|\n|upkeep\n|\n|t:|1683895437\n|switch|p1b: Azumarill|Azumarill, L50, M, shiny|100\/100\n|turn|4\n|j| Memelytics\n|\n|t:|1683895452\n|move|p1a: Dragonite|Extreme Speed|p2b: Kingambit\n|-resisted|p2b: Kingambit\n|-damage|p2b: Kingambit|0 fnt\n|faint|p2b: Kingambit\n|move|p2a: Talonflame|Brave Bird|p1a: Dragonite\n|-damage|p1a: Dragonite|84\/100\n|-damage|p2a: Talonflame|84\/100|[from] Recoil\n|move|p1b: Azumarill|Liquidation|p2a: Talonflame\n|-supereffective|p2a: Talonflame\n|-damage|p2a: Talonflame|0 fnt\n|faint|p2a: Talonflame\n|-damage|p1b: Azumarill|91\/100|[from] item: Life Orb\n|\n|upkeep\n|\n|t:|1683895456\n|switch|p2a: Iron Bundle|Iron Bundle, L50|100\/100\n|switch|p2b: Flutter Mane|Flutter Mane, L50|100\/100\n|-enditem|p2a: Iron Bundle|Booster Energy\n|-activate|p2a: Iron Bundle|ability: Quark Drive|[fromitem]\n|-start|p2a: Iron Bundle|quarkdrivespe\n|turn|5\n|\n|t:|1683895480\n|-terastallize|p2b: Flutter Mane|Fairy\n|move|p1b: Azumarill|Protect|p1b: Azumarill\n|-singleturn|p1b: Azumarill|Protect\n|move|p1a: Dragonite|Extreme Speed|p2a: Iron Bundle\n|-damage|p2a: Iron Bundle|65\/100\n|move|p2a: Iron Bundle|Freeze-Dry|p1b: Azumarill\n|-activate|p1b: Azumarill|move: Protect\n|move|p2b: Flutter Mane|Dazzling Gleam|p1b: Azumarill|[spread] p1a\n|-activate|p1b: Azumarill|move: Protect\n|-supereffective|p1a: Dragonite\n|-crit|p1a: Dragonite\n|-damage|p1a: Dragonite|0 fnt\n|faint|p1a: Dragonite\n|\n|upkeep\n|\n|t:|1683895486\n|switch|p1a: Chien-Pao|Chien-Pao, L50|100\/100\n|-ability|p1a: Chien-Pao|Sword of Ruin\n|turn|6\n|\n|t:|1683895507\n|move|p1b: Azumarill|Protect|p1b: Azumarill\n|-singleturn|p1b: Azumarill|Protect\n|move|p2a: Iron Bundle|Freeze-Dry|p1b: Azumarill\n|-activate|p1b: Azumarill|move: Protect\n|move|p1a: Chien-Pao|Sacred Sword|p2a: Iron Bundle\n|-supereffective|p2a: Iron Bundle\n|-damage|p2a: Iron Bundle|0 fnt\n|faint|p2a: Iron Bundle\n|-end|p2a: Iron Bundle|Quark Drive|[silent]\n|move|p2b: Flutter Mane|Dazzling Gleam|p1a: Chien-Pao|[spread] p1a\n|-activate|p1b: Azumarill|move: Protect\n|-supereffective|p1a: Chien-Pao\n|-enditem|p1a: Chien-Pao|Focus Sash\n|-damage|p1a: Chien-Pao|1\/100\n|\n|-sideend|p1: elkiwi15|move: Tailwind\n|-sideend|p2: Simugo|move: Tailwind\n|upkeep\n|turn|7\n|\n|t:|1683895514\n|move|p1a: Chien-Pao|Ice Shard|p2b: Flutter Mane\n|-damage|p2b: Flutter Mane|57\/100\n|move|p2b: Flutter Mane|Dazzling Gleam|p1b: Azumarill|[spread] p1a,p1b\n|-supereffective|p1a: Chien-Pao\n|-damage|p1a: Chien-Pao|0 fnt\n|-damage|p1b: Azumarill|9\/100\n|faint|p1a: Chien-Pao\n|move|p1b: Azumarill|Liquidation|p2b: Flutter Mane\n|-damage|p2b: Flutter Mane|0 fnt\n|faint|p2b: Flutter Mane\n|-end|p2b: Flutter Mane|Protosynthesis|[silent]\n|-damage|p1b: Azumarill|0 fnt|[from] item: Life Orb\n|faint|p1b: Azumarill\n|\n|win|elkiwi15\n|raw|elkiwi15's rating: 1586 → 1606<\/strong> (+20 for winning)\n|raw|Simugo's rating: 1589 → 1569<\/strong> (-20 for losing)\n|c|\u2606elkiwi15|gg\n|l|\u2606Simugo\n|l|\u2606elkiwi15\n","uploadtime":1683895546,"views":13,"p1id":"elkiwi15","p2id":"simugo","formatid":"gen9vgc2023regulationc","rating":1569,"private":0,"password":""}