{"id":"gen9vgc2023regulationc-1863455873","p1":"CoolGummyBear","p2":"SATMaofever","format":"[Gen 9] VGC 2023 Regulation C","log":"|j|\u2606CoolGummyBear\n|j|\u2606SATMaofever\n|t:|1684019625\n|gametype|doubles\n|player|p1|CoolGummyBear|169|\n|player|p2|SATMaofever|viola|\n|teamsize|p1|6\n|teamsize|p2|6\n|gen|9\n|tier|[Gen 9] VGC 2023 Regulation C\n|rule|Species Clause: Limit one of each Pok\u00e9mon\n|rule|Item Clause: Limit one of each item\n|clearpoke\n|poke|p1|Kilowattrel, L50, M|\n|poke|p1|Pincurchin, L50, M|\n|poke|p1|Hawlucha, L50, M|\n|poke|p1|Barraskewda, L50, F|\n|poke|p1|Cyclizar, L50, F|\n|poke|p1|Florges, L50, F|\n|poke|p2|Umbreon, L50, M|\n|poke|p2|Hippowdon, L50, F|\n|poke|p2|Toedscruel, L50, M|\n|poke|p2|Salazzle, L50, F|\n|poke|p2|Slowking, L50, M|\n|poke|p2|Naclstack, L50, F|\n|teampreview|4\nSATMaofever rejected open team sheets.\n|c|\u2606CoolGummyBear|glhf\n|c|\u2606SATMaofever|glhf\n|j| Griffin07\n|\n|t:|1684019857\n|start\n|switch|p1a: Barraskewda|Barraskewda, L50, F|100\/100\n|switch|p1b: Cyclizar|Cyclizar, L50, F|100\/100\n|switch|p2a: aha bad joke time|Slowking, L50, M|100\/100\n|switch|p2b: SaGOAT|Umbreon, L50, M, shiny|100\/100\n|turn|1\n|\n|t:|1684019956\n|-terastallize|p2a: aha bad joke time|Steel\n|move|p1b: Cyclizar|Shed Tail|p1b: Cyclizar\n|-start|p1b: Cyclizar|Substitute|[from] move: Shed Tail\n|-damage|p1b: Cyclizar|50\/100\n|\n|t:|1684019962\n|switch|p1b: Hawlucha|Hawlucha, L50, M|100\/100|[from] Shed Tail\n|move|p1a: Barraskewda|Crunch|p2a: aha bad joke time\n|-damage|p2a: aha bad joke time|65\/100\n|-unboost|p2a: aha bad joke time|def|1\n|move|p2b: SaGOAT|Foul Play|p1a: Barraskewda\n|-damage|p1a: Barraskewda|0 fnt\n|faint|p1a: Barraskewda\n|move|p2a: aha bad joke time|Trick Room|p2a: aha bad joke time\n|-fieldstart|move: Trick Room|[of] p2a: aha bad joke time\n|\n|upkeep\n|\n|t:|1684019972\n|switch|p1a: Kilowattrel|Kilowattrel, L50, M|100\/100\n|turn|2\n|\n|t:|1684020063\n|-terastallize|p1b: Hawlucha|Fighting\n|move|p2a: aha bad joke time|Psyshock|p1b: Hawlucha\n|-supereffective|p1b: Hawlucha\n|-end|p1b: Hawlucha|Substitute\n|move|p2b: SaGOAT|Yawn|p1b: Hawlucha\n|-start|p1b: Hawlucha|move: Yawn|[of] p2b: SaGOAT\n|move|p1b: Hawlucha|Close Combat|p2a: aha bad joke time\n|-supereffective|p2a: aha bad joke time\n|-damage|p2a: aha bad joke time|0 fnt\n|-unboost|p1b: Hawlucha|def|1\n|-unboost|p1b: Hawlucha|spd|1\n|faint|p2a: aha bad joke time\n|move|p1a: Kilowattrel|Hurricane|p2b: SaGOAT|[miss]\n|-miss|p1a: Kilowattrel|p2b: SaGOAT\n|\n|upkeep\n|\n|t:|1684020081\n|switch|p2a: Bam Ba Lam|Hippowdon, L50, F|100\/100\n|-weather|Sandstorm|[from] ability: Sand Stream|[of] p2a: Bam Ba Lam\n|turn|3\n|\n|t:|1684020209\n|switch|p1b: Cyclizar|Cyclizar, L50, F|84\/100\n|move|p2b: SaGOAT|Protect|p2b: SaGOAT\n|-singleturn|p2b: SaGOAT|Protect\n|move|p1a: Kilowattrel|Protect|p1a: Kilowattrel\n|-singleturn|p1a: Kilowattrel|Protect\n|move|p2a: Bam Ba Lam|Sand Tomb|p1b: Cyclizar\n|-damage|p1b: Cyclizar|64\/100\n|-activate|p1b: Cyclizar|move: Sand Tomb|[of] p2a: Bam Ba Lam\n|\n|-weather|Sandstorm|[upkeep]\n|-damage|p2b: SaGOAT|95\/100|[from] Sandstorm\n|-damage|p1b: Cyclizar|58\/100|[from] Sandstorm\n|-damage|p1a: Kilowattrel|94\/100|[from] Sandstorm\n|-heal|p2b: SaGOAT|100\/100|[from] item: Leftovers\n|-damage|p1b: Cyclizar|42\/100|[from] move: Sand Tomb|[partiallytrapped]\n|upkeep\n|turn|4\n|\n|t:|1684020247\n|move|p2a: Bam Ba Lam|Stealth Rock|p1b: Cyclizar\n|-sidestart|p1: CoolGummyBear|move: Stealth Rock\n|move|p2b: SaGOAT|Yawn|p1a: Kilowattrel\n|-start|p1a: Kilowattrel|move: Yawn|[of] p2b: SaGOAT\n|move|p1b: Cyclizar|Rain Dance|p1b: Cyclizar\n|-weather|RainDance\n|move|p1a: Kilowattrel|Hurricane|p2b: SaGOAT\n|-damage|p2b: SaGOAT|56\/100\n|-damage|p1a: Kilowattrel|85\/100|[from] item: Life Orb\n|\n|-weather|RainDance|[upkeep]\n|-heal|p2b: SaGOAT|62\/100|[from] item: Leftovers\n|-damage|p1b: Cyclizar|25\/100|[from] move: Sand Tomb|[partiallytrapped]\n|upkeep\n|turn|5\n|\n|t:|1684020348\n|move|p2a: Bam Ba Lam|Sand Tomb|p1a: Kilowattrel\n|-immune|p1a: Kilowattrel\n|move|p2b: SaGOAT|Foul Play|p1b: Cyclizar\n|-damage|p1b: Cyclizar|0 fnt\n|faint|p1b: Cyclizar\n|move|p1a: Kilowattrel|Hurricane|p2b: SaGOAT\n|-damage|p2b: SaGOAT|17\/100\n|-start|p2b: SaGOAT|confusion\n|-damage|p1a: Kilowattrel|75\/100|[from] item: Life Orb\n|\n|-weather|RainDance|[upkeep]\n|-heal|p2b: SaGOAT|23\/100|[from] item: Leftovers\n|-end|p1a: Kilowattrel|move: Yawn|[silent]\n|-status|p1a: Kilowattrel|slp\n|-fieldend|move: Trick Room\n|upkeep\n|\n|t:|1684020355\n|switch|p1b: Hawlucha|Hawlucha, L50, M, tera:Fighting|100\/100\n|-damage|p1b: Hawlucha|95\/100|[from] Stealth Rock\n|turn|6\n|\n|t:|1684020383\n|-activate|p2b: SaGOAT|confusion\n|move|p2b: SaGOAT|Protect|p2b: SaGOAT\n|-singleturn|p2b: SaGOAT|Protect\n|cant|p1a: Kilowattrel|slp\n|move|p1b: Hawlucha|Acrobatics|p2b: SaGOAT\n|-activate|p2b: SaGOAT|move: Protect\n|move|p2a: Bam Ba Lam|Yawn|p1b: Hawlucha\n|-start|p1b: Hawlucha|move: Yawn|[of] p2a: Bam Ba Lam\n|\n|-weather|RainDance|[upkeep]\n|-heal|p2b: SaGOAT|29\/100|[from] item: Leftovers\n|upkeep\n|turn|7\n|\n|t:|1684020440\n|switch|p2a: sneedchungus|Naclstack, L50, F|100\/100\n|cant|p1a: Kilowattrel|slp\n|move|p1b: Hawlucha|Close Combat|p2a: sneedchungus\n|-supereffective|p2a: sneedchungus\n|-damage|p2a: sneedchungus|0 fnt\n|-unboost|p1b: Hawlucha|def|1\n|-unboost|p1b: Hawlucha|spd|1\n|faint|p2a: sneedchungus\n|-activate|p2b: SaGOAT|confusion\n|move|p2b: SaGOAT|Foul Play|p1a: Kilowattrel\n|-damage|p1a: Kilowattrel|40\/100 slp\n|\n|-weather|RainDance|[upkeep]\n|-heal|p2b: SaGOAT|35\/100|[from] item: Leftovers\n|-end|p1b: Hawlucha|move: Yawn|[silent]\n|-status|p1b: Hawlucha|slp\n|upkeep\n|\n|t:|1684020455\n|switch|p2a: Bam Ba Lam|Hippowdon, L50, F|100\/100\n|-weather|Sandstorm|[from] ability: Sand Stream|[of] p2a: Bam Ba Lam\n|turn|8\n|\n|t:|1684020463\n|-curestatus|p1a: Kilowattrel|slp|[msg]\n|move|p1a: Kilowattrel|Hurricane|p2b: SaGOAT\n|-damage|p2b: SaGOAT|0 fnt\n|faint|p2b: SaGOAT\n|-damage|p1a: Kilowattrel|30\/100|[from] item: Life Orb\n|cant|p1b: Hawlucha|slp\n|move|p2a: Bam Ba Lam|Sand Tomb|p1b: Hawlucha\n|-damage|p1b: Hawlucha|63\/100 slp\n|-activate|p1b: Hawlucha|move: Sand Tomb|[of] p2a: Bam Ba Lam\n|\n|-weather|Sandstorm|[upkeep]\n|-damage|p1a: Kilowattrel|24\/100|[from] Sandstorm\n|-damage|p1b: Hawlucha|57\/100 slp|[from] Sandstorm\n|-damage|p1b: Hawlucha|41\/100 slp|[from] move: Sand Tomb|[partiallytrapped]\n|upkeep\n|turn|9\n|\n|t:|1684020478\n|move|p1a: Kilowattrel|Hurricane|p2a: Bam Ba Lam\n|-damage|p2a: Bam Ba Lam|51\/100\n|-damage|p1a: Kilowattrel|14\/100|[from] item: Life Orb\n|cant|p1b: Hawlucha|slp\n|move|p2a: Bam Ba Lam|Sand Tomb|p1b: Hawlucha\n|-damage|p1b: Hawlucha|13\/100 slp\n|\n|-weather|Sandstorm|[upkeep]\n|-damage|p1a: Kilowattrel|8\/100|[from] Sandstorm\n|-damage|p1b: Hawlucha|7\/100 slp|[from] Sandstorm\n|-damage|p1b: Hawlucha|0 fnt|[from] move: Sand Tomb|[partiallytrapped]\n|faint|p1b: Hawlucha\n|upkeep\n|turn|10\n|c|\u2606CoolGummyBear|gg\n|c|\u2606SATMaofever|gg\n|\n|t:|1684020494\n|move|p2a: Bam Ba Lam|Protect|p2a: Bam Ba Lam\n|-singleturn|p2a: Bam Ba Lam|Protect\n|move|p1a: Kilowattrel|Hurricane|p2a: Bam Ba Lam\n|-activate|p2a: Bam Ba Lam|move: Protect\n|\n|-weather|Sandstorm|[upkeep]\n|-damage|p1a: Kilowattrel|2\/100|[from] Sandstorm\n|upkeep\n|turn|11\n|\n|t:|1684020510\n|move|p2a: Bam Ba Lam|Protect|p2a: Bam Ba Lam\n|-singleturn|p2a: Bam Ba Lam|Protect\n|move|p1a: Kilowattrel|Hurricane|p2a: Bam Ba Lam\n|-activate|p2a: Bam Ba Lam|move: Protect\n|\n|-weather|Sandstorm|[upkeep]\n|-damage|p1a: Kilowattrel|0 fnt|[from] Sandstorm\n|faint|p1a: Kilowattrel\n|\n|win|SATMaofever\n|upkeep\n|c|\u2606CoolGummyBear|BRO\n|c|\u2606CoolGummyBear|im crying\n|l| Griffin07\n|c|\u2606CoolGummyBear|gg lmao\n","uploadtime":1684020519,"views":19,"p1id":"coolgummybear","p2id":"satmaofever","formatid":"gen9vgc2023regulationc","rating":0,"private":0,"password":""}