{"id":"gen9vgc2023regulationc-1861808136","p1":"bubafulbo","p2":"man raccon","format":"[Gen 9] VGC 2023 Regulation C","log":"|j|\u2606bubafulbo\n|j|\u203dman raccon\n|t:|1683810803\n|gametype|doubles\n|player|p1|bubafulbo|cynthia-gen4|1404\n|player|p2|man raccon|akari|1444\n|teamsize|p1|6\n|teamsize|p2|6\n|gen|9\n|tier|[Gen 9] VGC 2023 Regulation C\n|rated|\n|rule|Species Clause: Limit one of each Pok\u00e9mon\n|rule|Item Clause: Limit one of each item\n|clearpoke\n|poke|p1|Flutter Mane, L50|\n|poke|p1|Tyranitar, L50, F|\n|poke|p1|Lycanroc, L50, M|\n|poke|p1|Annihilape, L50, F|\n|poke|p1|Amoonguss, L50, M|\n|poke|p1|Gyarados, L50, F|\n|poke|p2|Glimmora, L50, M|\n|poke|p2|Dragonite, L50, M|\n|poke|p2|Dondozo, L50, M|\n|poke|p2|Tatsugiri, L50, F|\n|poke|p2|Chi-Yu, L50|\n|poke|p2|Iron Bundle, L50|\n|teampreview|4\n|inactive|Battle timer is ON: inactive players will automatically lose when time's up. (requested by bubafulbo)\n|inactive|man raccon has 60 seconds left.\n|\n|t:|1683810849\n|start\n|switch|p1a: Tyranitar|Tyranitar, L50, F|100\/100\n|switch|p1b: Lycanroc|Lycanroc, L50, M|100\/100\n|switch|p2a: Glimmora|Glimmora, L50, M, shiny|100\/100\n|switch|p2b: Chi-Yu|Chi-Yu, L50|100\/100\n|-ability|p2b: Chi-Yu|Beads of Ruin\n|-weather|Sandstorm|[from] ability: Sand Stream|[of] p1a: Tyranitar\n|turn|1\n|inactive|bubafulbo has 30 seconds left.\n|inactive|bubafulbo has 20 seconds left.\n|\n|t:|1683810884\n|move|p2b: Chi-Yu|Protect|p2b: Chi-Yu\n|-singleturn|p2b: Chi-Yu|Protect\n|move|p1b: Lycanroc|Close Combat|p2a: Glimmora\n|-damage|p2a: Glimmora|47\/100\n|-unboost|p1b: Lycanroc|def|1\n|-unboost|p1b: Lycanroc|spd|1\n|-activate|p2a: Glimmora|ability: Toxic Debris\n|-sidestart|p1: bubafulbo|move: Toxic Spikes\n|move|p2a: Glimmora|Mortal Spin|p1a: Tyranitar|[spread] p1a,p1b\n|-resisted|p1a: Tyranitar\n|-resisted|p1b: Lycanroc\n|-damage|p1a: Tyranitar|99\/100\n|-damage|p1b: Lycanroc|94\/100\n|-status|p1a: Tyranitar|psn\n|-status|p1b: Lycanroc|psn\n|move|p1a: Tyranitar|Rock Slide|p2a: Glimmora|[spread] p2a\n|-activate|p2b: Chi-Yu|move: Protect\n|-crit|p2a: Glimmora\n|-damage|p2a: Glimmora|7\/100\n|-activate|p2a: Glimmora|ability: Toxic Debris\n|-sidestart|p1: bubafulbo|move: Toxic Spikes\n|\n|-weather|Sandstorm|[upkeep]\n|-damage|p2b: Chi-Yu|94\/100|[from] Sandstorm\n|-damage|p1b: Lycanroc|82\/100 psn|[from] psn\n|-damage|p1a: Tyranitar|87\/100 psn|[from] psn\n|upkeep\n|turn|2\n|\n|t:|1683810901\n|switch|p2b: Tatsugiri|Tatsugiri, L50, F|100\/100\n|switch|p2a: Dondozo|Dondozo, L50, M|100\/100\n|-activate|p2b: Tatsugiri|ability: Commander|[of] p2a: Dondozo\n|-boost|p2a: Dondozo|atk|2\n|-boost|p2a: Dondozo|spa|2\n|-boost|p2a: Dondozo|spe|2\n|-boost|p2a: Dondozo|def|2\n|-boost|p2a: Dondozo|spd|2\n|move|p1b: Lycanroc|Close Combat|p2b: Tatsugiri|[miss]\n|-miss|p1b: Lycanroc|p2b: Tatsugiri\n|move|p1a: Tyranitar|Rock Slide|p2a: Dondozo|[spread] \n|-miss|p1a: Tyranitar|p2b: Tatsugiri\n|-miss|p1a: Tyranitar|p2a: Dondozo\n|\n|-weather|Sandstorm|[upkeep]\n|-damage|p2b: Tatsugiri|95\/100|[from] Sandstorm\n|-damage|p2a: Dondozo|94\/100|[from] Sandstorm\n|-heal|p2a: Dondozo|100\/100|[from] item: Leftovers\n|-damage|p1b: Lycanroc|70\/100 psn|[from] psn\n|-damage|p1a: Tyranitar|75\/100 psn|[from] psn\n|upkeep\n|turn|3\n|\n|t:|1683810923\n|switch|p1b: Amoonguss|Amoonguss, L50, M|100\/100\n|-sideend|p1: bubafulbo|move: Toxic Spikes|[of] p1b: Amoonguss\n|move|p2a: Dondozo|Protect|p2a: Dondozo\n|-singleturn|p2a: Dondozo|Protect\n|move|p1a: Tyranitar|Rock Slide|p2b: Tatsugiri|[spread] \n|-miss|p1a: Tyranitar|p2b: Tatsugiri\n|-activate|p2a: Dondozo|move: Protect\n|\n|-weather|Sandstorm|[upkeep]\n|-damage|p2b: Tatsugiri|89\/100|[from] Sandstorm\n|-damage|p2a: Dondozo|94\/100|[from] Sandstorm\n|-damage|p1b: Amoonguss|95\/100|[from] Sandstorm\n|-heal|p2a: Dondozo|100\/100|[from] item: Leftovers\n|-damage|p1a: Tyranitar|63\/100 psn|[from] psn\n|upkeep\n|turn|4\n|\n|t:|1683810935\n|-terastallize|p2a: Dondozo|Grass\n|move|p2a: Dondozo|Tera Blast|p1a: Tyranitar\n|-supereffective|p1a: Tyranitar\n|-damage|p1a: Tyranitar|0 fnt\n|faint|p1a: Tyranitar\n|move|p1b: Amoonguss|Spore|p2a: Dondozo\n|-immune|p2a: Dondozo\n|\n|-weather|Sandstorm|[upkeep]\n|-damage|p2b: Tatsugiri|84\/100|[from] Sandstorm\n|-damage|p2a: Dondozo|94\/100|[from] Sandstorm\n|-damage|p1b: Amoonguss|89\/100|[from] Sandstorm\n|-heal|p2a: Dondozo|100\/100|[from] item: Leftovers\n|upkeep\n|\n|t:|1683810946\n|switch|p1a: Annihilape|Annihilape, L50, F|100\/100\n|turn|5\n|inactive|man raccon has 30 seconds left.\n|\n|t:|1683810972\n|move|p1b: Amoonguss|Protect|p1b: Amoonguss\n|-singleturn|p1b: Amoonguss|Protect\n|move|p2a: Dondozo|Wave Crash|p1a: Annihilape\n|-damage|p1a: Annihilape|11\/100\n|-damage|p2a: Dondozo|72\/100|[from] Recoil\n|move|p1a: Annihilape|Bulk Up|p1a: Annihilape\n|-boost|p1a: Annihilape|atk|1\n|-boost|p1a: Annihilape|def|1\n|\n|-weather|none\n|-heal|p2a: Dondozo|78\/100|[from] item: Leftovers\n|-heal|p1a: Annihilape|17\/100|[from] item: Leftovers\n|upkeep\n|turn|6\n|\n|t:|1683810985\n|move|p1a: Annihilape|Protect|p1a: Annihilape\n|-singleturn|p1a: Annihilape|Protect\n|move|p2a: Dondozo|Wave Crash|p1a: Annihilape\n|-activate|p1a: Annihilape|move: Protect\n|move|p1b: Amoonguss|Pollen Puff|p1a: Annihilape\n|-activate|p1a: Annihilape|move: Protect\n|\n|-heal|p2a: Dondozo|85\/100|[from] item: Leftovers\n|-heal|p1a: Annihilape|23\/100|[from] item: Leftovers\n|upkeep\n|turn|7\n|\n|t:|1683811004\n|move|p2a: Dondozo|Wave Crash|p1a: Annihilape\n|-damage|p1a: Annihilape|0 fnt\n|faint|p1a: Annihilape\n|-damage|p2a: Dondozo|77\/100|[from] Recoil\n|move|p1b: Amoonguss|Pollen Puff|p2a: Dondozo\n|-supereffective|p2a: Dondozo\n|-damage|p2a: Dondozo|62\/100\n|\n|-heal|p2a: Dondozo|68\/100|[from] item: Leftovers\n|upkeep\n|\n|t:|1683811012\n|switch|p1a: Lycanroc|Lycanroc, L50, M|70\/100 psn\n|turn|8\n|inactive|man raccon has 30 seconds left.\n|\n|t:|1683811045\n|-terastallize|p1a: Lycanroc|Rock\n|move|p2a: Dondozo|Earthquake|p1a: Lycanroc|[spread] p1a,p1b\n|-miss|p2a: Dondozo|p2b: Tatsugiri\n|-supereffective|p1a: Lycanroc\n|-crit|p1b: Amoonguss\n|-damage|p1a: Lycanroc|0 fnt\n|-damage|p1b: Amoonguss|41\/100\n|-enditem|p1b: Amoonguss|Sitrus Berry|[eat]\n|-heal|p1b: Amoonguss|65\/100|[from] item: Sitrus Berry\n|faint|p1a: Lycanroc\n|move|p1b: Amoonguss|Pollen Puff|p2a: Dondozo\n|-supereffective|p2a: Dondozo\n|-damage|p2a: Dondozo|52\/100\n|\n|-heal|p2a: Dondozo|58\/100|[from] item: Leftovers\n|upkeep\n|turn|9\n|\n|t:|1683811064\n|move|p2a: Dondozo|Wave Crash|p1b: Amoonguss\n|-resisted|p1b: Amoonguss\n|-damage|p1b: Amoonguss|27\/100\n|-damage|p2a: Dondozo|46\/100|[from] Recoil\n|move|p1b: Amoonguss|Pollen Puff|p2a: Dondozo\n|-supereffective|p2a: Dondozo\n|-damage|p2a: Dondozo|27\/100\n|\n|-heal|p2a: Dondozo|33\/100|[from] item: Leftovers\n|upkeep\n|turn|10\n|c|\u2606bubafulbo|gg\n|inactive|man raccon has 30 seconds left.\n|inactive|man raccon has 20 seconds left.\n|inactive|man raccon has 15 seconds left.\n|inactive|man raccon has 10 seconds left.\n|inactive|man raccon has 5 seconds left.\n|\n|t:|1683811114\n|move|p2a: Dondozo|Earthquake|p1b: Amoonguss|[spread] p1b\n|-miss|p2a: Dondozo|p2b: Tatsugiri\n|-damage|p1b: Amoonguss|0 fnt\n|faint|p1b: Amoonguss\n|\n|win|man raccon\n|raw|bubafulbo's rating: 1404 → 1383<\/strong> (-21 for losing)\n|raw|man raccon's rating: 1384 → 1405<\/strong> (+21 for winning)\n|l|\u203dman raccon\n","uploadtime":1683811124,"views":50,"p1id":"bubafulbo","p2id":"manraccon","formatid":"gen9vgc2023regulationc","rating":1383,"private":0,"password":""}