{"id":"gen9vgc2023regulationc-1847177848","p1":"Rip Mike Hawk","p2":"Ricardo Randorez","format":"[Gen 9] VGC 2023 Regulation C","log":"|j|\u2606Rip Mike Hawk\n|j|\u2606Ricardo Randorez\n|t:|1681925449\n|gametype|doubles\n|player|p1|Rip Mike Hawk|psychicf-gen4|1059\n|player|p2|Ricardo Randorez|170|1023\n|teamsize|p1|6\n|teamsize|p2|6\n|gen|9\n|tier|[Gen 9] VGC 2023 Regulation C\n|rated|\n|rule|Species Clause: Limit one of each Pok\u00e9mon\n|rule|Item Clause: Limit one of each item\n|clearpoke\n|poke|p1|Annihilape, L50, F|\n|poke|p1|Roaring Moon, L50|\n|poke|p1|Amoonguss, L50, M|\n|poke|p1|Tatsugiri-Droopy, L50, M|\n|poke|p1|Dondozo, L50, M|\n|poke|p1|Maushold, L50|\n|poke|p2|Arcanine, L50, M|\n|poke|p2|Gyarados, L50, F|\n|poke|p2|Wo-Chien, L50|\n|poke|p2|Iron Jugulis, L50|\n|poke|p2|Dragonite, L50, F|\n|poke|p2|Ting-Lu, L50|\n|teampreview|4\n|inactive|Battle timer is ON: inactive players will automatically lose when time's up. (requested by Ricardo Randorez)\n|\n|t:|1681925486\n|start\n|switch|p1a: Roaring Moon|Roaring Moon, L50|100\/100\n|switch|p1b: Amoonguss|Amoonguss, L50, M|100\/100\n|switch|p2a: Iron Jugulis|Iron Jugulis, L50|100\/100\n|switch|p2b: Ting-Lu|Ting-Lu, L50|100\/100\n|-ability|p2b: Ting-Lu|Vessel of Ruin\n|-enditem|p1a: Roaring Moon|Booster Energy\n|-activate|p1a: Roaring Moon|ability: Protosynthesis|[fromitem]\n|-start|p1a: Roaring Moon|protosynthesisatk\n|-enditem|p2a: Iron Jugulis|Booster Energy\n|-activate|p2a: Iron Jugulis|ability: Quark Drive|[fromitem]\n|-start|p2a: Iron Jugulis|quarkdrivespe\n|turn|1\n|inactive|Rip Mike Hawk has 30 seconds left.\n|inactive|Rip Mike Hawk has 20 seconds left.\n|\n|t:|1681925525\n|switch|p2b: Arcanine|Arcanine, L50, M|100\/100\n|-ability|p2b: Arcanine|Intimidate|boost\n|-unboost|p1a: Roaring Moon|atk|1\n|-unboost|p1b: Amoonguss|atk|1\n|-terastallize|p1a: Roaring Moon|Steel\n|move|p1b: Amoonguss|Rage Powder|p1b: Amoonguss\n|-singleturn|p1b: Amoonguss|move: Rage Powder\n|move|p2a: Iron Jugulis|Tailwind|p2a: Iron Jugulis\n|-sidestart|p2: Ricardo Randorez|move: Tailwind\n|move|p1a: Roaring Moon|Breaking Swipe|p2b: Arcanine|[spread] p2a,p2b\n|-damage|p2a: Iron Jugulis|75\/100\n|-damage|p2b: Arcanine|76\/100\n|-unboost|p2a: Iron Jugulis|atk|1\n|-unboost|p2b: Arcanine|atk|1\n|\n|upkeep\n|turn|2\n|inactive|Rip Mike Hawk has 30 seconds left.\n|inactive|Rip Mike Hawk has 20 seconds left.\n|\n|t:|1681925561\n|switch|p1b: Annihilape|Annihilape, L50, F|100\/100\n|move|p2a: Iron Jugulis|Air Slash|p1b: Annihilape|[miss]\n|-miss|p2a: Iron Jugulis|p1b: Annihilape\n|move|p2b: Arcanine|Flare Blitz|p1b: Annihilape\n|-damage|p1b: Annihilape|59\/100\n|-damage|p2b: Arcanine|61\/100|[from] Recoil\n|move|p1a: Roaring Moon|Breaking Swipe|p2b: Arcanine|[spread] p2a,p2b\n|-damage|p2a: Iron Jugulis|50\/100\n|-damage|p2b: Arcanine|35\/100\n|-unboost|p2a: Iron Jugulis|atk|1\n|-unboost|p2b: Arcanine|atk|1\n|\n|-heal|p1b: Annihilape|65\/100|[from] item: Leftovers\n|upkeep\n|turn|3\n|inactive|Rip Mike Hawk has 30 seconds left.\n|inactive|Ricardo Randorez has 30 seconds left.\n|\n|t:|1681925591\n|move|p1b: Annihilape|Protect|p1b: Annihilape\n|-singleturn|p1b: Annihilape|Protect\n|move|p2a: Iron Jugulis|Air Slash|p1b: Annihilape\n|-activate|p1b: Annihilape|move: Protect\n|move|p2b: Arcanine|Flare Blitz|p1a: Roaring Moon\n|-supereffective|p1a: Roaring Moon\n|-damage|p1a: Roaring Moon|19\/100\n|-damage|p2b: Arcanine|11\/100|[from] Recoil\n|move|p1a: Roaring Moon|Breaking Swipe|p2b: Arcanine|[spread] p2a,p2b\n|-damage|p2a: Iron Jugulis|25\/100\n|-damage|p2b: Arcanine|0 fnt\n|-unboost|p2a: Iron Jugulis|atk|1\n|faint|p2b: Arcanine\n|\n|-heal|p1b: Annihilape|71\/100|[from] item: Leftovers\n|upkeep\n|\n|t:|1681925596\n|switch|p2b: Ting-Lu|Ting-Lu, L50|100\/100\n|-ability|p2b: Ting-Lu|Vessel of Ruin\n|turn|4\n|inactive|Rip Mike Hawk has 30 seconds left.\n|inactive|Rip Mike Hawk has 20 seconds left.\n|\n|t:|1681925635\n|move|p2a: Iron Jugulis|Air Slash|p1b: Annihilape\n|-supereffective|p1b: Annihilape\n|-damage|p1b: Annihilape|20\/100\n|move|p1a: Roaring Moon|Breaking Swipe|p2b: Ting-Lu|[spread] p2a,p2b\n|-damage|p2a: Iron Jugulis|0 fnt\n|-damage|p2b: Ting-Lu|89\/100\n|-unboost|p2b: Ting-Lu|atk|1\n|faint|p2a: Iron Jugulis\n|-end|p2a: Iron Jugulis|Quark Drive|[silent]\n|move|p2b: Ting-Lu|Earthquake|p1b: Annihilape|[spread] p1a,p1b\n|-supereffective|p1a: Roaring Moon\n|-damage|p1a: Roaring Moon|0 fnt\n|-damage|p1b: Annihilape|0 fnt\n|faint|p1a: Roaring Moon\n|-end|p1a: Roaring Moon|Protosynthesis|[silent]\n|faint|p1b: Annihilape\n|\n|-sideend|p2: Ricardo Randorez|move: Tailwind\n|upkeep\n|\n|t:|1681925651\n|switch|p1a: Maushold|Maushold, L50|100\/100\n|switch|p2a: Gyarados|Gyarados, L50, F|100\/100\n|switch|p1b: Amoonguss|Amoonguss, L50, M|100\/100\n|-ability|p2a: Gyarados|Intimidate|boost\n|-unboost|p1a: Maushold|atk|1\n|-unboost|p1b: Amoonguss|atk|1\n|turn|5\n|inactive|Rip Mike Hawk has 30 seconds left.\n|inactive|Rip Mike Hawk has 20 seconds left.\n|\n|t:|1681925689\n|-terastallize|p2a: Gyarados|Flying\n|move|p1b: Amoonguss|Rage Powder|p1b: Amoonguss\n|-singleturn|p1b: Amoonguss|move: Rage Powder\n|move|p1a: Maushold|Population Bomb|p2a: Gyarados\n|-damage|p2a: Gyarados|96\/100\n|-damage|p2a: Gyarados|91\/100\n|-damage|p2a: Gyarados|85\/100\n|-damage|p2a: Gyarados|79\/100\n|-damage|p2a: Gyarados|73\/100\n|-damage|p2a: Gyarados|68\/100\n|-damage|p2a: Gyarados|63\/100\n|-damage|p2a: Gyarados|56\/100\n|-damage|p2a: Gyarados|50\/100\n|-damage|p2a: Gyarados|45\/100\n|-hitcount|p2a: Gyarados|10\n|move|p2a: Gyarados|Tera Blast|p1b: Amoonguss\n|-supereffective|p1b: Amoonguss\n|-damage|p1b: Amoonguss|16\/100\n|move|p2b: Ting-Lu|Earthquake|p1b: Amoonguss|[spread] p1a,p1b\n|-immune|p2a: Gyarados\n|-crit|p1b: Amoonguss\n|-damage|p1a: Maushold|60\/100\n|-damage|p1b: Amoonguss|0 fnt\n|faint|p1b: Amoonguss\n|\n|upkeep\n|turn|6\n|inactive|Rip Mike Hawk has 30 seconds left.\n|inactive|Ricardo Randorez has 30 seconds left.\n|inactive|Rip Mike Hawk has 20 seconds left.\n|inactive|Ricardo Randorez has 20 seconds left.\n|\n|t:|1681925728\n|move|p1a: Maushold|Population Bomb|p2a: Gyarados\n|-damage|p2a: Gyarados|39\/100\n|-damage|p2a: Gyarados|33\/100\n|-damage|p2a: Gyarados|27\/100\n|-damage|p2a: Gyarados|21\/100\n|-crit|p2a: Gyarados\n|-damage|p2a: Gyarados|9\/100\n|-damage|p2a: Gyarados|3\/100\n|-damage|p2a: Gyarados|0 fnt\n|faint|p2a: Gyarados\n|-hitcount|p2: Gyarados|7\n|move|p2b: Ting-Lu|Earthquake|p1a: Maushold\n|-damage|p1a: Maushold|7\/100\n|\n|upkeep\n|turn|7\n|\n|t:|1681925745\n|move|p1a: Maushold|Protect|p1a: Maushold\n|-singleturn|p1a: Maushold|Protect\n|move|p2b: Ting-Lu|Earthquake|p1a: Maushold\n|-activate|p1a: Maushold|move: Protect\n|\n|upkeep\n|turn|8\n|\n|t:|1681925758\n|move|p1a: Maushold|Population Bomb|p2b: Ting-Lu\n|-damage|p2b: Ting-Lu|85\/100\n|-damage|p2b: Ting-Lu|82\/100\n|-damage|p2b: Ting-Lu|78\/100\n|-damage|p2b: Ting-Lu|75\/100\n|-damage|p2b: Ting-Lu|71\/100\n|-hitcount|p2b: Ting-Lu|5\n|move|p2b: Ting-Lu|Earthquake|p1a: Maushold\n|-damage|p1a: Maushold|0 fnt\n|faint|p1a: Maushold\n|\n|win|Ricardo Randorez\n|raw|Rip Mike Hawk's rating: 1059 → 1038<\/strong> (-21 for losing)\n|raw|Ricardo Randorez's rating: 1023 → 1063<\/strong> (+40 for winning)\n","uploadtime":1681925772,"views":12,"p1id":"ripmikehawk","p2id":"ricardorandorez","formatid":"gen9vgc2023regulationc","rating":1038,"private":0,"password":""}