{"id":"gen9vgc2023regulationc-1858456811","p1":"vrumvrumnatal","p2":"Drakonyde","format":"[Gen 9] VGC 2023 Regulation C","log":"|j|\u2606vrumvrumnatal\n|j|\u2606Drakonyde\n|t:|1683314095\n|gametype|doubles\n|player|p1|vrumvrumnatal|170|1403\n|player|p2|Drakonyde|102|1462\n|teamsize|p1|6\n|teamsize|p2|6\n|gen|9\n|tier|[Gen 9] VGC 2023 Regulation C\n|rated|\n|rule|Species Clause: Limit one of each Pok\u00e9mon\n|rule|Item Clause: Limit one of each item\n|clearpoke\n|poke|p1|Orthworm, L50, F|\n|poke|p1|Dragonite, L50, M|\n|poke|p1|Ting-Lu, L50|\n|poke|p1|Gyarados, L50, M|\n|poke|p1|Flutter Mane, L50|\n|poke|p1|Chien-Pao, L50|\n|poke|p2|Flutter Mane, L50|\n|poke|p2|Chi-Yu, L50|\n|poke|p2|Gyarados, L50, F|\n|poke|p2|Amoonguss, L50, F|\n|poke|p2|Ting-Lu, L50|\n|poke|p2|Iron Hands, L50|\n|teampreview|4\n|inactive|Battle timer is ON: inactive players will automatically lose when time's up. (requested by Drakonyde)\n|\n|t:|1683314156\n|start\n|switch|p1a: Ting-Lu|Ting-Lu, L50|100\/100\n|switch|p1b: Orthworm|Orthworm, L50, F|100\/100\n|switch|p2a: Flutter Mane|Flutter Mane, L50|100\/100\n|switch|p2b: Iron Hands|Iron Hands, L50|100\/100\n|-ability|p1a: Ting-Lu|Vessel of Ruin\n|-enditem|p2a: Flutter Mane|Booster Energy\n|-activate|p2a: Flutter Mane|ability: Protosynthesis|[fromitem]\n|-start|p2a: Flutter Mane|protosynthesisspa\n|turn|1\n|\n|t:|1683314176\n|switch|p1a: Gyarados|Gyarados, L50, M|100\/100\n|-ability|p1a: Gyarados|Intimidate|boost\n|-unboost|p2a: Flutter Mane|atk|1\n|-unboost|p2b: Iron Hands|atk|1\n|move|p2b: Iron Hands|Fake Out|p1a: Gyarados\n|-damage|p1a: Gyarados|90\/100\n|move|p2a: Flutter Mane|Substitute|p2a: Flutter Mane\n|-start|p2a: Flutter Mane|Substitute\n|-damage|p2a: Flutter Mane|76\/100\n|move|p1b: Orthworm|Heavy Slam|p2a: Flutter Mane\n|-supereffective|p2a: Flutter Mane\n|-end|p2a: Flutter Mane|Substitute\n|\n|upkeep\n|turn|2\n|\n|t:|1683314199\n|move|p2a: Flutter Mane|Protect|p2a: Flutter Mane\n|-singleturn|p2a: Flutter Mane|Protect\n|move|p1a: Gyarados|Bulldoze|p2b: Iron Hands|[spread] p2b\n|-activate|p2a: Flutter Mane|move: Protect\n|-immune|p1b: Orthworm|[from] ability: Earth Eater\n|-supereffective|p2b: Iron Hands\n|-crit|p2b: Iron Hands\n|-damage|p2b: Iron Hands|76\/100\n|-unboost|p2b: Iron Hands|spe|1\n|move|p1b: Orthworm|Heavy Slam|p2a: Flutter Mane\n|-activate|p2a: Flutter Mane|move: Protect\n|move|p2b: Iron Hands|Drain Punch|p1b: Orthworm\n|-supereffective|p1b: Orthworm\n|-damage|p1b: Orthworm|62\/100\n|-heal|p2b: Iron Hands|90\/100|[from] drain|[of] p1b: Orthworm\n|\n|upkeep\n|turn|3\n|inactive|vrumvrumnatal has 30 seconds left.\n|inactive|vrumvrumnatal has 20 seconds left.\n|inactive|vrumvrumnatal has 15 seconds left.\n|\n|t:|1683314242\n|-terastallize|p1b: Orthworm|Fire\n|move|p2a: Flutter Mane|Shadow Ball|p1b: Orthworm\n|-damage|p1b: Orthworm|0 fnt\n|faint|p1b: Orthworm\n|move|p1a: Gyarados|Bulldoze|p2a: Flutter Mane|[spread] p2a,p2b\n|-supereffective|p2b: Iron Hands\n|-damage|p2a: Flutter Mane|56\/100\n|-damage|p2b: Iron Hands|73\/100\n|-unboost|p2a: Flutter Mane|spe|1\n|-unboost|p2b: Iron Hands|spe|1\n|move|p2b: Iron Hands|Volt Switch|p1a: Gyarados\n|-supereffective|p1a: Gyarados\n|-damage|p1a: Gyarados|48\/100\n|\n|t:|1683314258\n|-end|p2b: Iron Hands|Quark Drive|[silent]\n|switch|p2b: Chi-Yu|Chi-Yu, L50|100\/100|[from] Volt Switch\n|-ability|p2b: Chi-Yu|Beads of Ruin\n|\n|upkeep\n|\n|t:|1683314267\n|switch|p1b: Ting-Lu|Ting-Lu, L50|100\/100\n|-ability|p1b: Ting-Lu|Vessel of Ruin\n|turn|4\n|\n|t:|1683314284\n|switch|p2b: Gyarados|Gyarados, L50, F, shiny|100\/100\n|-ability|p2b: Gyarados|Intimidate|boost\n|-unboost|p1a: Gyarados|atk|1\n|-unboost|p1b: Ting-Lu|atk|1\n|move|p2a: Flutter Mane|Protect|p2a: Flutter Mane\n|-singleturn|p2a: Flutter Mane|Protect\n|move|p1a: Gyarados|Bulldoze|p2a: Flutter Mane|[spread] p1b\n|-activate|p2a: Flutter Mane|move: Protect\n|-immune|p2b: Gyarados\n|-damage|p1b: Ting-Lu|95\/100\n|-unboost|p1b: Ting-Lu|spe|1\n|move|p1b: Ting-Lu|Earthquake|p2b: Gyarados|[spread] \n|-activate|p2a: Flutter Mane|move: Protect\n|-immune|p1a: Gyarados\n|-immune|p2b: Gyarados\n|\n|upkeep\n|turn|5\n|\n|t:|1683314306\n|move|p1a: Gyarados|Thunder Wave|p2b: Gyarados\n|-status|p2b: Gyarados|par\n|move|p2a: Flutter Mane|Moonblast|p1a: Gyarados\n|-damage|p1a: Gyarados|10\/100\n|-unboost|p1a: Gyarados|spa|1\n|move|p1b: Ting-Lu|Earthquake|p2a: Flutter Mane|[spread] p2a\n|-immune|p1a: Gyarados\n|-immune|p2b: Gyarados\n|-damage|p2a: Flutter Mane|0 fnt\n|faint|p2a: Flutter Mane\n|-end|p2a: Flutter Mane|Protosynthesis|[silent]\n|cant|p2b: Gyarados|par\n|\n|upkeep\n|\n|t:|1683314326\n|switch|p2a: Chi-Yu|Chi-Yu, L50|100\/100\n|-ability|p2a: Chi-Yu|Beads of Ruin\n|turn|6\n|\n|t:|1683314344\n|switch|p1b: Flutter Mane|Flutter Mane, L50|100\/100\n|-terastallize|p2a: Chi-Yu|Water\n|move|p2a: Chi-Yu|Heat Wave|p1a: Gyarados|[spread] p1a,p1b\n|-resisted|p1a: Gyarados\n|-damage|p1a: Gyarados|0 fnt\n|-damage|p1b: Flutter Mane|52\/100\n|faint|p1a: Gyarados\n|move|p2b: Gyarados|Waterfall|p1b: Flutter Mane\n|-damage|p1b: Flutter Mane|0 fnt\n|faint|p1b: Flutter Mane\n|-end|p1b: Flutter Mane|Protosynthesis|[silent]\n|\n|upkeep\n|\n|t:|1683314355\n|switch|p1b: Ting-Lu|Ting-Lu, L50|95\/100\n|-ability|p1b: Ting-Lu|Vessel of Ruin\n|turn|7\n|\n|t:|1683314364\n|move|p2a: Chi-Yu|Nasty Plot|p2a: Chi-Yu\n|-boost|p2a: Chi-Yu|spa|2\n|move|p1b: Ting-Lu|Rock Slide|p2b: Gyarados|[spread] p2a,p2b\n|-supereffective|p2b: Gyarados\n|-damage|p2a: Chi-Yu|73\/100\n|-damage|p2b: Gyarados|49\/100 par\n|cant|p2b: Gyarados|flinch\n|\n|upkeep\n|turn|8\n|\n|t:|1683314374\n|switch|p2b: Iron Hands|Iron Hands, L50|73\/100\n|move|p2a: Chi-Yu|Heat Wave|p1b: Ting-Lu\n|-damage|p1b: Ting-Lu|26\/100\n|move|p1b: Ting-Lu|Rock Slide|p2b: Iron Hands|[spread] p2a,p2b\n|-resisted|p2b: Iron Hands\n|-damage|p2a: Chi-Yu|43\/100\n|-damage|p2b: Iron Hands|64\/100\n|\n|upkeep\n|turn|9\n|\n|t:|1683314384\n|move|p2b: Iron Hands|Fake Out|p1b: Ting-Lu\n|-damage|p1b: Ting-Lu|17\/100\n|move|p2a: Chi-Yu|Heat Wave|p1b: Ting-Lu\n|-damage|p1b: Ting-Lu|0 fnt\n|faint|p1b: Ting-Lu\n|\n|win|Drakonyde\n|raw|vrumvrumnatal's rating: 1403 → 1386<\/strong> (-17 for losing)\n|raw|Drakonyde's rating: 1462 → 1479<\/strong> (+17 for winning)\n","uploadtime":1683314393,"views":12,"p1id":"vrumvrumnatal","p2id":"drakonyde","formatid":"gen9vgc2023regulationc","rating":1386,"private":0,"password":""}