{"id":"gen9vgc2023regulationc-1851160398","p1":"gorilnx","p2":"Rattoghiaccio","format":"[Gen 9] VGC 2023 Regulation C","log":"|j|\u2606gorilnx\n|j|\u2606Rattoghiaccio\n|t:|1682418918\n|gametype|doubles\n|player|p1|gorilnx|dawn-gen4pt|1185\n|player|p2|Rattoghiaccio|1|1121\n|teamsize|p1|6\n|teamsize|p2|6\n|gen|9\n|tier|[Gen 9] VGC 2023 Regulation C\n|rated|\n|rule|Species Clause: Limit one of each Pok\u00e9mon\n|rule|Item Clause: Limit one of each item\n|clearpoke\n|poke|p1|Abomasnow, L50, M|\n|poke|p1|Iron Bundle, L50|\n|poke|p1|Vivillon-Fancy, L50, M|\n|poke|p1|Ting-Lu, L50|\n|poke|p1|Annihilape, L50, M|\n|poke|p1|Chien-Pao, L50|\n|poke|p2|Flutter Mane, L50|\n|poke|p2|Dragapult, L50, M|\n|poke|p2|Chien-Pao, L50|\n|poke|p2|Rotom-Wash, L50|\n|poke|p2|Great Tusk, L50|\n|poke|p2|Talonflame, L50, F|\n|teampreview|4\n|inactive|Battle timer is ON: inactive players will automatically lose when time's up. (requested by gorilnx)\n|inactive|Rattoghiaccio has 60 seconds left.\n|\n|t:|1682418954\n|start\n|switch|p1a: Vivillon|Vivillon-Fancy, L50, M|100\/100\n|switch|p1b: Ting-Lu|Ting-Lu, L50|100\/100\n|switch|p2a: Talonflame|Talonflame, L50, F, shiny|100\/100\n|switch|p2b: Dragapult|Dragapult, L50, M|100\/100\n|-ability|p1b: Ting-Lu|Vessel of Ruin\n|turn|1\n|\n|t:|1682418976\n|move|p1a: Vivillon|Protect|p1a: Vivillon\n|-singleturn|p1a: Vivillon|Protect\n|move|p2b: Dragapult|Dragon Darts|p1b: Ting-Lu\n|-damage|p1b: Ting-Lu|85\/100\n|-anim|p2b: Dragapult|Dragon Darts|p1b: Ting-Lu\n|-damage|p1b: Ting-Lu|70\/100\n|move|p2a: Talonflame|Taunt|p1a: Vivillon\n|-activate|p1a: Vivillon|move: Protect\n|move|p1b: Ting-Lu|Rock Slide|p2a: Talonflame|[spread] p2a,p2b\n|-supereffective|p2a: Talonflame\n|-damage|p2a: Talonflame|0 fnt\n|-damage|p2b: Dragapult|61\/100\n|faint|p2a: Talonflame\n|\n|upkeep\n|\n|t:|1682418992\n|switch|p2a: Great Tusk|Great Tusk, L50|100\/100\n|turn|2\n|inactive|gorilnx has 30 seconds left.\n|inactive|gorilnx has 20 seconds left.\n|inactive|gorilnx has 15 seconds left.\n|inactive|gorilnx has 10 seconds left.\n|inactive|gorilnx has 5 seconds left.\n|\n|t:|1682419043\n|move|p1a: Vivillon|Protect||[still]\n|-fail|p1a: Vivillon\n|move|p2b: Dragapult|Dragon Darts|p1a: Vivillon\n|-damage|p1a: Vivillon|34\/100\n|-anim|p2b: Dragapult|Dragon Darts|p1b: Ting-Lu\n|-damage|p1b: Ting-Lu|55\/100\n|move|p2a: Great Tusk|Rock Slide|p1a: Vivillon|[spread] p1a,p1b\n|-supereffective|p1a: Vivillon\n|-crit|p1a: Vivillon\n|-resisted|p1b: Ting-Lu\n|-damage|p1a: Vivillon|0 fnt\n|-damage|p1b: Ting-Lu|50\/100\n|faint|p1a: Vivillon\n|-damage|p2a: Great Tusk|91\/100|[from] item: Life Orb\n|move|p1b: Ting-Lu|Rock Slide|p2b: Dragapult|[spread] p2a,p2b\n|-resisted|p2a: Great Tusk\n|-damage|p2a: Great Tusk|86\/100\n|-damage|p2b: Dragapult|26\/100\n|\n|upkeep\n|\n|t:|1682419060\n|switch|p1a: Abomasnow|Abomasnow, L50, M|100\/100\n|-weather|Snow|[from] ability: Snow Warning|[of] p1a: Abomasnow\n|turn|3\n|\n|t:|1682419073\n|switch|p2b: Flutter Mane|Flutter Mane, L50|100\/100\n|-enditem|p2b: Flutter Mane|Booster Energy\n|-activate|p2b: Flutter Mane|ability: Protosynthesis|[fromitem]\n|-start|p2b: Flutter Mane|protosynthesisspe\n|move|p2a: Great Tusk|Protect|p2a: Great Tusk\n|-singleturn|p2a: Great Tusk|Protect\n|move|p1a: Abomasnow|Blizzard|p2b: Flutter Mane|[spread] p2b\n|-activate|p2a: Great Tusk|move: Protect\n|-damage|p2b: Flutter Mane|68\/100\n|-damage|p1a: Abomasnow|91\/100|[from] item: Life Orb\n|move|p1b: Ting-Lu|Rock Slide|p2a: Great Tusk|[spread] p2b\n|-activate|p2a: Great Tusk|move: Protect\n|-damage|p2b: Flutter Mane|12\/100\n|\n|-weather|Snow|[upkeep]\n|upkeep\n|turn|4\n|inactive|Rattoghiaccio has 30 seconds left.\n|\n|t:|1682419098\n|switch|p1b: Iron Bundle|Iron Bundle, L50|100\/100\n|-enditem|p1b: Iron Bundle|Booster Energy\n|-activate|p1b: Iron Bundle|ability: Quark Drive|[fromitem]\n|-start|p1b: Iron Bundle|quarkdrivespe\n|-terastallize|p2b: Flutter Mane|Fairy\n|move|p1a: Abomasnow|Ice Shard|p2b: Flutter Mane\n|-damage|p2b: Flutter Mane|0 fnt\n|faint|p2b: Flutter Mane\n|-end|p2b: Flutter Mane|Protosynthesis|[silent]\n|-damage|p1a: Abomasnow|81\/100|[from] item: Life Orb\n|move|p2a: Great Tusk|Close Combat|p1a: Abomasnow\n|-supereffective|p1a: Abomasnow\n|-damage|p1a: Abomasnow|0 fnt\n|-unboost|p2a: Great Tusk|def|1\n|-unboost|p2a: Great Tusk|spd|1\n|faint|p1a: Abomasnow\n|-damage|p2a: Great Tusk|76\/100|[from] item: Life Orb\n|\n|-weather|Snow|[upkeep]\n|upkeep\n|\n|t:|1682419118\n|switch|p2b: Dragapult|Dragapult, L50, M|26\/100\n|switch|p1a: Ting-Lu|Ting-Lu, L50|50\/100\n|-ability|p1a: Ting-Lu|Vessel of Ruin\n|turn|5\n|\n|t:|1682419138\n|move|p2a: Great Tusk|Protect|p2a: Great Tusk\n|-singleturn|p2a: Great Tusk|Protect\n|move|p1b: Iron Bundle|Blizzard|p2a: Great Tusk|[spread] p2b\n|-activate|p2a: Great Tusk|move: Protect\n|-supereffective|p2b: Dragapult\n|-damage|p2b: Dragapult|0 fnt\n|faint|p2b: Dragapult\n|move|p1a: Ting-Lu|Stomping Tantrum|p2a: Great Tusk\n|-activate|p2a: Great Tusk|move: Protect\n|\n|-weather|Snow|[upkeep]\n|upkeep\n|turn|6\n|\n|t:|1682419152\n|move|p1b: Iron Bundle|Aurora Veil|p1b: Iron Bundle\n|-sidestart|p1: gorilnx|move: Aurora Veil\n|move|p2a: Great Tusk|Close Combat|p1b: Iron Bundle\n|-supereffective|p1b: Iron Bundle\n|-damage|p1b: Iron Bundle|19\/100\n|-unboost|p2a: Great Tusk|def|1\n|-unboost|p2a: Great Tusk|spd|1\n|-damage|p2a: Great Tusk|66\/100|[from] item: Life Orb\n|move|p1a: Ting-Lu|Stomping Tantrum|p2a: Great Tusk\n|-damage|p2a: Great Tusk|0 fnt\n|faint|p2a: Great Tusk\n|-end|p2a: Great Tusk|Protosynthesis|[silent]\n|\n|win|gorilnx\n|raw|gorilnx's rating: 1185 → 1205<\/strong> (+20 for winning)\n|raw|Rattoghiaccio's rating: 1121 → 1101<\/strong> (-20 for losing)\n|l|\u2606Rattoghiaccio\n","uploadtime":1682419166,"views":11,"p1id":"gorilnx","p2id":"rattoghiaccio","formatid":"gen9vgc2023regulationc","rating":1101,"private":0,"password":""}