{"id":"gen9vgc2023regulationc-1845689293","p1":"LightningLucario","p2":"tomciv20","format":"[Gen 9] VGC 2023 Regulation C","log":"|j|\u2606LightningLucario\n|j|\u2606tomciv20\n|t:|1681755773\n|gametype|doubles\n|player|p1|LightningLucario|169|\n|player|p2|tomciv20|170|\n|teamsize|p1|6\n|teamsize|p2|6\n|gen|9\n|tier|[Gen 9] VGC 2023 Regulation C\n|rule|Species Clause: Limit one of each Pok\u00e9mon\n|rule|Item Clause: Limit one of each item\n|clearpoke\n|poke|p1|Zoroark, L50, M|\n|poke|p1|Azumarill, L50, M|\n|poke|p1|Toxapex, L50, M|\n|poke|p1|Tyranitar, L50, F|\n|poke|p1|Gallade, L50, M|\n|poke|p1|Flutter Mane, L50|\n|poke|p2|Garganacl, L50, M|\n|poke|p2|Hydreigon, L50, F|\n|poke|p2|Iron Hands, L50|\n|poke|p2|Oranguru, L50, M|\n|poke|p2|Toxicroak, L50, F|\n|poke|p2|Grimmsnarl, L50, M|\n|teampreview|4\n|j| CluelessGamer18\n|inactive|Battle timer is ON: inactive players will automatically lose when time's up. (requested by tomciv20)\n|\n|t:|1681755807\n|start\n|switch|p1a: Doomer|Azumarill, L50, M, shiny|100\/100\n|switch|p1b: Gay|Gallade, L50, M, shiny|100\/100\n|switch|p2a: Iron Hands|Iron Hands, L50|100\/100\n|switch|p2b: Oranguru|Oranguru, L50, M|100\/100\n|turn|1\n|inactive|LightningLucario has 30 seconds left.\n|inactive|tomciv20 has 30 seconds left.\n|inactive|LightningLucario has 20 seconds left.\n|\n|t:|1681755845\n|move|p2a: Iron Hands|Fake Out|p1b: Gay\n|-damage|p1b: Gay|75\/100\n|cant|p1b: Gay|flinch\n|move|p1a: Doomer|Play Rough|p2b: Oranguru\n|-damage|p2b: Oranguru|33\/100\n|-enditem|p2b: Oranguru|Sitrus Berry|[eat]\n|-heal|p2b: Oranguru|58\/100|[from] item: Sitrus Berry\n|move|p2b: Oranguru|Trick Room|p2b: Oranguru\n|-fieldstart|move: Trick Room|[of] p2b: Oranguru\n|\n|upkeep\n|turn|2\n|inactive|LightningLucario has 30 seconds left.\n|\n|t:|1681755880\n|move|p2a: Iron Hands|Thunder Punch|p1a: Doomer\n|-supereffective|p1a: Doomer\n|-damage|p1a: Doomer|14\/100\n|-status|p1a: Doomer|par\n|move|p1a: Doomer|Play Rough|p2b: Oranguru|[miss]\n|-miss|p1a: Doomer|p2b: Oranguru\n|move|p2b: Oranguru|Instruct|p2a: Iron Hands\n|-singleturn|p2a: Iron Hands|move: Instruct|[of] p2b: Oranguru\n|move|p2a: Iron Hands|Thunder Punch|p1a: Doomer\n|-supereffective|p1a: Doomer\n|-damage|p1a: Doomer|0 fnt\n|faint|p1a: Doomer\n|move|p1b: Gay|Knock Off|p2a: Iron Hands\n|-resisted|p2a: Iron Hands\n|-damage|p2a: Iron Hands|91\/100\n|-enditem|p2a: Iron Hands|Assault Vest|[from] move: Knock Off|[of] p1b: Gay\n|\n|upkeep\n|\n|t:|1681755897\n|switch|p1a: Butter Spain|Flutter Mane, L50|100\/100\n|turn|3\n|inactive|LightningLucario has 30 seconds left.\n|\n|t:|1681755925\n|-terastallize|p1a: Butter Spain|Fighting\n|move|p2a: Iron Hands|Heavy Slam|p1a: Butter Spain\n|-damage|p1a: Butter Spain|7\/100\n|move|p2b: Oranguru|Instruct|p2a: Iron Hands\n|-singleturn|p2a: Iron Hands|move: Instruct|[of] p2b: Oranguru\n|move|p2a: Iron Hands|Heavy Slam|p1a: Butter Spain\n|-damage|p1a: Butter Spain|0 fnt\n|faint|p1a: Butter Spain\n|-end|p1a: Butter Spain|Protosynthesis|[silent]\n|move|p1b: Gay|Knock Off|p2a: Iron Hands\n|-resisted|p2a: Iron Hands\n|-damage|p2a: Iron Hands|83\/100\n|\n|upkeep\n|\n|t:|1681755940\n|switch|p1a: Sox|Toxapex, L50, M, shiny|100\/100\n|turn|4\n|\n|t:|1681755949\n|move|p2a: Iron Hands|Thunder Punch|p1b: Gay\n|-crit|p1b: Gay\n|-damage|p1b: Gay|0 fnt\n|faint|p1b: Gay\n|move|p1a: Sox|Surf|p2b: Oranguru|[spread] p2a,p2b\n|-damage|p2a: Iron Hands|73\/100\n|-damage|p2b: Oranguru|47\/100\n|move|p2b: Oranguru|Instruct|p2a: Iron Hands\n|-singleturn|p2a: Iron Hands|move: Instruct|[of] p2b: Oranguru\n|move|p2a: Iron Hands|Thunder Punch|p1a: Sox\n|-supereffective|p1a: Sox\n|-damage|p1a: Sox|41\/100\n|-status|p1a: Sox|par\n|\n|-heal|p1a: Sox|47\/100 par|[from] item: Leftovers\n|upkeep\n|turn|5\n|inactive|tomciv20 has 30 seconds left.\n|\n|t:|1681755981\n|move|p1a: Sox|Baneful Bunker|p1a: Sox\n|-singleturn|p1a: Sox|move: Protect\n|move|p2a: Iron Hands|Thunder Punch|p1a: Sox\n|-activate|p1a: Sox|move: Protect\n|-status|p2a: Iron Hands|psn\n|move|p2b: Oranguru|Energy Ball|p1a: Sox\n|-activate|p1a: Sox|move: Protect\n|\n|-heal|p1a: Sox|52\/100 par|[from] item: Leftovers\n|-damage|p2a: Iron Hands|61\/100 psn|[from] psn\n|-fieldend|move: Trick Room\n|upkeep\n|turn|6\n|\n|t:|1681755996\n|move|p2b: Oranguru|Instruct|p2a: Iron Hands\n|-singleturn|p2a: Iron Hands|move: Instruct|[of] p2b: Oranguru\n|move|p2a: Iron Hands|Thunder Punch|p1a: Sox\n|-supereffective|p1a: Sox\n|-damage|p1a: Sox|0 fnt\n|faint|p1a: Sox\n|\n|win|tomciv20\n","uploadtime":1681756120,"views":9,"p1id":"lightninglucario","p2id":"tomciv20","formatid":"gen9vgc2023regulationc","rating":0,"private":0,"password":""}