{"id":"gen9vgc2023regulationc-1863825088","p1":"SpeedyLinguine","p2":"Bateldroide","format":"[Gen 9] VGC 2023 Regulation C","log":"|j|\u2606SpeedyLinguine\n|j|\u2606Bateldroide\n|t:|1684082284\n|gametype|doubles\n|player|p1|SpeedyLinguine|1|1188\n|player|p2|Bateldroide|266|1259\n|teamsize|p1|6\n|teamsize|p2|6\n|gen|9\n|tier|[Gen 9] VGC 2023 Regulation C\n|rated|\n|rule|Species Clause: Limit one of each Pok\u00e9mon\n|rule|Item Clause: Limit one of each item\n|clearpoke\n|poke|p1|Pelipper, L50, F|\n|poke|p1|Amoonguss, L50, F|\n|poke|p1|Flutter Mane, L50|\n|poke|p1|Floatzel, L50, M|\n|poke|p1|Iron Hands, L50|\n|poke|p1|Gholdengo, L50|\n|poke|p2|Volcarona, L50, F|\n|poke|p2|Scyther, L50, M|\n|poke|p2|Vivillon-Fancy, L50, M|\n|poke|p2|Lokix, L50, F|\n|poke|p2|Scizor, L50, F|\n|poke|p2|Frosmoth, L50, M|\n|teampreview|4\n|inactive|Battle timer is ON: inactive players will automatically lose when time's up. (requested by SpeedyLinguine)\nSpeedyLinguine has agreed to open team sheets.\n|\n|t:|1684082331\n|start\n|switch|p1a: Darth Vader|Flutter Mane, L50|100\/100\n|switch|p1b: Unstoppable Force|Gholdengo, L50|100\/100\n|switch|p2a: Lokix|Lokix, L50, F|100\/100\n|switch|p2b: Vivillon|Vivillon-Fancy, L50, M|100\/100\n|turn|1\n|inactive|Bateldroide has 30 seconds left.\n|\n|t:|1684082358\n|-terastallize|p1b: Unstoppable Force|Steel\n|move|p1a: Darth Vader|Protect|p1a: Darth Vader\n|-singleturn|p1a: Darth Vader|Protect\n|move|p2a: Lokix|Protect|p2a: Lokix\n|-singleturn|p2a: Lokix|Protect\n|move|p1b: Unstoppable Force|Make It Rain|p2a: Lokix|[spread] p2b\n|-activate|p2a: Lokix|move: Protect\n|-enditem|p2b: Vivillon|Focus Sash\n|-damage|p2b: Vivillon|1\/100\n|-unboost|p1b: Unstoppable Force|spa|1\n|move|p2b: Vivillon|Sleep Powder|p1a: Darth Vader\n|-activate|p1a: Darth Vader|move: Protect\n|\n|upkeep\n|turn|2\n|inactive|Bateldroide has 30 seconds left.\n|inactive|Bateldroide has 20 seconds left.\n|inactive|Bateldroide has 15 seconds left.\n|\n|t:|1684082402\n|switch|p2b: Volcarona|Volcarona, L50, F|100\/100\n|move|p2a: Lokix|Sucker Punch|p1a: Darth Vader\n|-damage|p1a: Darth Vader|4\/100\n|-damage|p2a: Lokix|91\/100|[from] item: Life Orb\n|move|p1a: Darth Vader|Dazzling Gleam|p2a: Lokix|[spread] p2a,p2b\n|-supereffective|p2a: Lokix\n|-resisted|p2b: Volcarona\n|-damage|p2a: Lokix|0 fnt\n|-damage|p2b: Volcarona|85\/100\n|faint|p2a: Lokix\n|move|p1b: Unstoppable Force|Make It Rain|p2b: Volcarona\n|-resisted|p2b: Volcarona\n|-damage|p2b: Volcarona|59\/100\n|-unboost|p1b: Unstoppable Force|spa|1\n|\n|upkeep\n|\n|t:|1684082418\n|switch|p2a: Vivillon|Vivillon-Fancy, L50, M|1\/100\n|turn|3\n|\n|t:|1684082433\n|switch|p1b: The Jordan of VGC|Pelipper, L50, F|100\/100\n|-weather|RainDance|[from] ability: Drizzle|[of] p1b: The Jordan of VGC\n|move|p2a: Vivillon|Protect|p2a: Vivillon\n|-singleturn|p2a: Vivillon|Protect\n|move|p1a: Darth Vader|Dazzling Gleam|p2a: Vivillon|[spread] p2b\n|-activate|p2a: Vivillon|move: Protect\n|-resisted|p2b: Volcarona\n|-damage|p2b: Volcarona|48\/100\n|move|p2b: Volcarona|Quiver Dance|p2b: Volcarona\n|-boost|p2b: Volcarona|spa|1\n|-boost|p2b: Volcarona|spd|1\n|-boost|p2b: Volcarona|spe|1\n|\n|-weather|RainDance|[upkeep]\n|upkeep\n|turn|4\n|inactive|Bateldroide has 30 seconds left.\n|inactive|Bateldroide has 20 seconds left.\n|\n|t:|1684082469\n|switch|p2a: Frosmoth|Frosmoth, L50, M|100\/100\n|-terastallize|p2b: Volcarona|Water\n|move|p1a: Darth Vader|Protect|p1a: Darth Vader\n|-singleturn|p1a: Darth Vader|Protect\n|move|p2b: Volcarona|Giga Drain|p1b: The Jordan of VGC\n|-damage|p1b: The Jordan of VGC|64\/100\n|-heal|p2b: Volcarona|65\/100|[from] drain|[of] p1b: The Jordan of VGC\n|move|p1b: The Jordan of VGC|Tailwind|p1b: The Jordan of VGC\n|-sidestart|p1: SpeedyLinguine|move: Tailwind\n|\n|-weather|RainDance|[upkeep]\n|upkeep\n|turn|5\n|\n|t:|1684082495\n|move|p1a: Darth Vader|Moonblast|p2b: Volcarona\n|-damage|p2b: Volcarona|34\/100\n|move|p2b: Volcarona|Quiver Dance|p2b: Volcarona\n|-boost|p2b: Volcarona|spa|1\n|-boost|p2b: Volcarona|spd|1\n|-boost|p2b: Volcarona|spe|1\n|move|p1b: The Jordan of VGC|Hurricane|p2b: Volcarona\n|-damage|p2b: Volcarona|16\/100\n|move|p2a: Frosmoth|Struggle Bug|p1a: Darth Vader|[spread] p1a,p1b\n|-resisted|p1a: Darth Vader\n|-resisted|p1b: The Jordan of VGC\n|-damage|p1a: Darth Vader|0 fnt\n|-damage|p1b: The Jordan of VGC|55\/100\n|-unboost|p1b: The Jordan of VGC|spa|1\n|faint|p1a: Darth Vader\n|-end|p1a: Darth Vader|Protosynthesis|[silent]\n|\n|-weather|RainDance|[upkeep]\n|upkeep\n|\n|t:|1684082499\n|switch|p1a: El Nadador|Floatzel, L50, M|100\/100\n|turn|6\n|inactive|Bateldroide has 30 seconds left.\n|\n|t:|1684082530\n|switch|p2b: Vivillon|Vivillon-Fancy, L50, M|1\/100\n|switch|p1b: Unstoppable Force|Gholdengo, L50, tera:Steel|100\/100\n|move|p1a: El Nadador|Wave Crash|p2b: Vivillon\n|-damage|p2b: Vivillon|0 fnt\n|faint|p2b: Vivillon\n|-damage|p1a: El Nadador|99\/100|[from] Recoil\n|move|p2a: Frosmoth|Feather Dance|p1a: El Nadador\n|-unboost|p1a: El Nadador|atk|2\n|\n|-weather|RainDance|[upkeep]\n|upkeep\n|\n|t:|1684082543\n|switch|p2b: Volcarona|Volcarona, L50, F, tera:Water|16\/100\n|turn|7\n|\n|t:|1684082554\n|switch|p1a: The Jordan of VGC|Pelipper, L50, F|55\/100\n|move|p2a: Frosmoth|Wide Guard|p2a: Frosmoth\n|-singleturn|p2a: Frosmoth|Wide Guard\n|move|p1b: Unstoppable Force|Thunder|p2b: Volcarona\n|-supereffective|p2b: Volcarona\n|-damage|p2b: Volcarona|0 fnt\n|faint|p2b: Volcarona\n|\n|-weather|RainDance|[upkeep]\n|-sideend|p1: SpeedyLinguine|move: Tailwind\n|upkeep\n|turn|8\n|\n|t:|1684082567\n|switch|p1b: El Nadador|Floatzel, L50, M|99\/100\n|move|p1a: The Jordan of VGC|Hurricane|p2a: Frosmoth\n|-supereffective|p2a: Frosmoth\n|-damage|p2a: Frosmoth|58\/100\n|-start|p2a: Frosmoth|confusion\n|-activate|p2a: Frosmoth|confusion\n|move|p2a: Frosmoth|Struggle Bug|p1b: El Nadador|[spread] p1a,p1b\n|-resisted|p1a: The Jordan of VGC\n|-damage|p1a: The Jordan of VGC|46\/100\n|-damage|p1b: El Nadador|70\/100\n|-unboost|p1a: The Jordan of VGC|spa|1\n|-unboost|p1b: El Nadador|spa|1\n|\n|-weather|RainDance|[upkeep]\n|upkeep\n|turn|9\n|\n|t:|1684082579\n|move|p1b: El Nadador|Wave Crash|p2a: Frosmoth\n|-damage|p2a: Frosmoth|0 fnt\n|faint|p2a: Frosmoth\n|-damage|p1b: El Nadador|49\/100|[from] Recoil\n|\n|win|SpeedyLinguine\n|raw|SpeedyLinguine's rating: 1188 → 1218<\/strong> (+30 for winning)\n|raw|Bateldroide's rating: 1259 → 1229<\/strong> (-30 for losing)\n|l|\u2606Bateldroide\n","uploadtime":1684082584,"views":12,"p1id":"speedylinguine","p2id":"bateldroide","formatid":"gen9vgc2023regulationc","rating":1218,"private":0,"password":""}