{"id":"gen9vgc2023regulationc-1846252941","p1":"AlexIannoneVGC","p2":"Sotero23","format":"[Gen 9] VGC 2023 Regulation C","log":"|j|\u2606AlexIannoneVGC\n|j|\u2606Sotero23\n|t:|1681825708\n|gametype|doubles\n|player|p1|AlexIannoneVGC|colress|1205\n|player|p2|Sotero23|266|1244\n|teamsize|p1|6\n|teamsize|p2|6\n|gen|9\n|tier|[Gen 9] VGC 2023 Regulation C\n|rated|\n|rule|Species Clause: Limit one of each Pok\u00e9mon\n|rule|Item Clause: Limit one of each item\n|clearpoke\n|poke|p1|Roaring Moon, L50|\n|poke|p1|Baxcalibur, L50, M|\n|poke|p1|Arcanine, L50, F|\n|poke|p1|Kingambit, L50, M|\n|poke|p1|Palafin, L50, M|\n|poke|p1|Iron Hands, L50|\n|poke|p2|Scizor, L50, M|\n|poke|p2|Gothitelle, L50, F|\n|poke|p2|Chi-Yu, L50|\n|poke|p2|Dragonite, L50, F|\n|poke|p2|Amoonguss, L50, F|\n|poke|p2|Flutter Mane, L50|\n|teampreview|4\n|inactive|Battle timer is ON: inactive players will automatically lose when time's up. (requested by AlexIannoneVGC)\n|\n|t:|1681825732\n|start\n|switch|p1a: Roaring Moon|Roaring Moon, L50|100\/100\n|switch|p1b: Baxcalibur|Baxcalibur, L50, M|100\/100\n|switch|p2a: Gothitelle|Gothitelle, L50, F|100\/100\n|switch|p2b: Flutter Mane|Flutter Mane, L50|100\/100\n|-enditem|p1a: Roaring Moon|Booster Energy\n|-activate|p1a: Roaring Moon|ability: Protosynthesis|[fromitem]\n|-start|p1a: Roaring Moon|protosynthesisspe\n|-enditem|p2b: Flutter Mane|Booster Energy\n|-activate|p2b: Flutter Mane|ability: Protosynthesis|[fromitem]\n|-start|p2b: Flutter Mane|protosynthesisspa\n|turn|1\n|\n|t:|1681825755\n|-terastallize|p2b: Flutter Mane|Fairy\n|-terastallize|p1b: Baxcalibur|Poison\n|move|p2a: Gothitelle|Fake Out|p1a: Roaring Moon\n|-damage|p1a: Roaring Moon|93\/100\n|cant|p1a: Roaring Moon|flinch\n|move|p2b: Flutter Mane|Dazzling Gleam|p1a: Roaring Moon|[spread] p1a,p1b\n|-supereffective|p1a: Roaring Moon\n|-resisted|p1b: Baxcalibur\n|-damage|p1a: Roaring Moon|0 fnt\n|-damage|p1b: Baxcalibur|76\/100\n|faint|p1a: Roaring Moon\n|-end|p1a: Roaring Moon|Protosynthesis|[silent]\n|move|p1b: Baxcalibur|Glaive Rush|p2a: Gothitelle\n|-damage|p2a: Gothitelle|38\/100\n|-singlemove|p1b: Baxcalibur|Glaive Rush|[silent]\n|\n|-heal|p2a: Gothitelle|44\/100|[from] item: Leftovers\n|upkeep\n|\n|t:|1681825776\n|switch|p1a: Iron Hands|Iron Hands, L50|100\/100\n|turn|2\n|\n|t:|1681825783\n|move|p2b: Flutter Mane|Protect|p2b: Flutter Mane\n|-singleturn|p2b: Flutter Mane|Protect\n|move|p2a: Gothitelle|Protect|p2a: Gothitelle\n|-singleturn|p2a: Gothitelle|Protect\n|move|p1a: Iron Hands|Fake Out|p2b: Flutter Mane\n|-activate|p2b: Flutter Mane|move: Protect\n|move|p1b: Baxcalibur|Glaive Rush|p2a: Gothitelle\n|-activate|p2a: Gothitelle|move: Protect\n|\n|-heal|p2a: Gothitelle|49\/100|[from] item: Leftovers\n|upkeep\n|turn|3\n|\n|t:|1681825803\n|move|p2a: Gothitelle|Helping Hand|p2b: Flutter Mane\n|-singleturn|p2b: Flutter Mane|Helping Hand|[of] p2a: Gothitelle\n|move|p2b: Flutter Mane|Moonblast|p1a: Iron Hands\n|-supereffective|p1a: Iron Hands\n|-damage|p1a: Iron Hands|0 fnt\n|faint|p1a: Iron Hands\n|-end|p1a: Iron Hands|Quark Drive|[silent]\n|move|p1b: Baxcalibur|Glaive Rush|p2a: Gothitelle\n|-damage|p2a: Gothitelle|0 fnt\n|-singlemove|p1b: Baxcalibur|Glaive Rush|[silent]\n|faint|p2a: Gothitelle\n|\n|upkeep\n|\n|t:|1681825816\n|switch|p2a: Scizor|Scizor, L50, M|100\/100\n|switch|p1a: Arcanine|Arcanine, L50, F|100\/100\n|-ability|p1a: Arcanine|Intimidate|boost\n|-fail|p2a: Scizor|unboost|[from] item: Clear Amulet|[of] p2a: Scizor\n|-unboost|p2b: Flutter Mane|atk|1\n|turn|4\n|\n|t:|1681825832\n|move|p1b: Baxcalibur|Protect|p1b: Baxcalibur\n|-singleturn|p1b: Baxcalibur|Protect\n|move|p2a: Scizor|Protect|p2a: Scizor\n|-singleturn|p2a: Scizor|Protect\n|move|p2b: Flutter Mane|Shadow Ball|p1b: Baxcalibur\n|-activate|p1b: Baxcalibur|move: Protect\n|move|p1a: Arcanine|Flare Blitz|p2b: Flutter Mane\n|-damage|p2b: Flutter Mane|0 fnt\n|faint|p2b: Flutter Mane\n|-end|p2b: Flutter Mane|Protosynthesis|[silent]\n|-damage|p1a: Arcanine|77\/100|[from] Recoil\n|\n|upkeep\n|\n|t:|1681825835\n|switch|p2b: Chi-Yu|Chi-Yu, L50|100\/100\n|-ability|p2b: Chi-Yu|Beads of Ruin\n|turn|5\n|\n|t:|1681825858\n|move|p2a: Scizor|Bullet Punch|p1b: Baxcalibur\n|-damage|p1b: Baxcalibur|48\/100\n|move|p2b: Chi-Yu|Dark Pulse|p1b: Baxcalibur\n|-damage|p1b: Baxcalibur|0 fnt\n|faint|p1b: Baxcalibur\n|move|p1a: Arcanine|Flare Blitz|p2a: Scizor\n|-supereffective|p2a: Scizor\n|-damage|p2a: Scizor|0 fnt\n|faint|p2a: Scizor\n|-damage|p1a: Arcanine|47\/100|[from] Recoil\n|\n|upkeep\n|turn|6\n|\n|t:|1681825875\n|move|p2b: Chi-Yu|Dark Pulse|p1a: Arcanine\n|-damage|p1a: Arcanine|0 fnt\n|faint|p1a: Arcanine\n|\n|win|Sotero23\n|raw|AlexIannoneVGC's rating: 1205 → 1183<\/strong> (-22 for losing)\n|raw|Sotero23's rating: 1244 → 1266<\/strong> (+22 for winning)\n|l|\u2606AlexIannoneVGC\n","uploadtime":1681825888,"views":9,"p1id":"alexiannonevgc","p2id":"sotero23","formatid":"gen9vgc2023regulationc","rating":1183,"private":0,"password":""}