{"id":"gen9vgc2023regulationc-1849969193","p1":"FuratBang","p2":"Specs Hex Pex","format":"[Gen 9] VGC 2023 Regulation C","log":"|j|\u2606FuratBang\n|j|\u2606Specs Hex Pex\n|t:|1682273396\n|gametype|doubles\n|player|p1|FuratBang|crasherwake|\n|player|p2|Specs Hex Pex|lady|\n|teamsize|p1|6\n|teamsize|p2|6\n|gen|9\n|tier|[Gen 9] VGC 2023 Regulation C\n|rule|Species Clause: Limit one of each Pok\u00e9mon\n|rule|Item Clause: Limit one of each item\n|clearpoke\n|poke|p1|Flutter Mane, L50|\n|poke|p1|Great Tusk, L50|\n|poke|p1|Arcanine, L50, M|\n|poke|p1|Kilowattrel, L50, M|\n|poke|p1|Iron Thorns, L50|\n|poke|p1|Gastrodon, L50, M|\n|poke|p2|Tsareena, L50, F|\n|poke|p2|Tyranitar, L50, F|\n|poke|p2|Houndstone, L50, F|\n|poke|p2|Chien-Pao, L50|\n|poke|p2|Rabsca, L50, F|\n|poke|p2|Talonflame, L50, M|\n|teampreview|4\n|j| deathdragon25o\n|l| deathdragon25o\n|j| Jstardude\n|j| Sobiris\n|j| jayballester\n|c| Sobiris|GL HF\n|j| F3athers\n|\n|t:|1682274784\n|start\n|switch|p1a: Great Tusk|Great Tusk, L50|100\/100\n|switch|p1b: Kilowattrel|Kilowattrel, L50, M|100\/100\n|switch|p2a: Tyranitar|Tyranitar, L50, F|100\/100\n|switch|p2b: Chien-Pao|Chien-Pao, L50|100\/100\n|-ability|p2b: Chien-Pao|Sword of Ruin\n|-weather|Sandstorm|[from] ability: Sand Stream|[of] p2a: Tyranitar\n|-enditem|p1a: Great Tusk|Booster Energy\n|-activate|p1a: Great Tusk|ability: Protosynthesis|[fromitem]\n|-start|p1a: Great Tusk|protosynthesisatk\n|turn|1\n|\n|t:|1682274939\n|-terastallize|p2a: Tyranitar|Ground\n|move|p1b: Kilowattrel|Protect|p1b: Kilowattrel\n|-singleturn|p1b: Kilowattrel|Protect\n|move|p2b: Chien-Pao|Ice Spinner|p1a: Great Tusk\n|-supereffective|p1a: Great Tusk\n|-damage|p1a: Great Tusk|20\/100\n|move|p1a: Great Tusk|Close Combat|p2a: Tyranitar\n|-damage|p2a: Tyranitar|26\/100\n|-unboost|p1a: Great Tusk|def|1\n|-unboost|p1a: Great Tusk|spd|1\n|move|p2a: Tyranitar|Rock Slide|p1a: Great Tusk|[spread] \n|-activate|p1b: Kilowattrel|move: Protect\n|-miss|p2a: Tyranitar|p1a: Great Tusk\n|\n|-weather|Sandstorm|[upkeep]\n|-damage|p2b: Chien-Pao|95\/100|[from] Sandstorm\n|-damage|p1b: Kilowattrel|95\/100|[from] Sandstorm\n|upkeep\n|turn|2\n|l| Sobiris\n|\n|t:|1682275082\n|-end|p1a: Great Tusk|Protosynthesis|[silent]\n|switch|p1a: Arcanine|Arcanine, L50, M|100\/100\n|-ability|p1a: Arcanine|Intimidate|boost\n|-unboost|p2a: Tyranitar|atk|1\n|-unboost|p2b: Chien-Pao|atk|1\n|switch|p2a: Rabsca|Rabsca, L50, F|100\/100\n|move|p2b: Chien-Pao|Ice Spinner|p1b: Kilowattrel\n|-supereffective|p1b: Kilowattrel\n|-damage|p1b: Kilowattrel|0 fnt\n|faint|p1b: Kilowattrel\n|\n|-weather|Sandstorm|[upkeep]\n|-damage|p2b: Chien-Pao|89\/100|[from] Sandstorm\n|-damage|p1a: Arcanine|94\/100|[from] Sandstorm\n|-damage|p2a: Rabsca|94\/100|[from] Sandstorm\n|-heal|p2a: Rabsca|100\/100|[from] item: Leftovers\n|upkeep\n|\n|t:|1682275114\n|switch|p1b: Flutter Mane|Flutter Mane, L50|100\/100\n|turn|3\n|\n|t:|1682275193\n|move|p1b: Flutter Mane|Protect|p1b: Flutter Mane\n|-singleturn|p1b: Flutter Mane|Protect\n|move|p2b: Chien-Pao|Protect|p2b: Chien-Pao\n|-singleturn|p2b: Chien-Pao|Protect\n|move|p1a: Arcanine|Flare Blitz|p2b: Chien-Pao\n|-activate|p2b: Chien-Pao|move: Protect\n|move|p2a: Rabsca|Weather Ball|p1a: Arcanine\n|-supereffective|p1a: Arcanine\n|-damage|p1a: Arcanine|2\/100\n|-enditem|p1a: Arcanine|Aguav Berry|[eat]\n|-heal|p1a: Arcanine|36\/100|[from] item: Aguav Berry\n|\n|-weather|Sandstorm|[upkeep]\n|-damage|p1b: Flutter Mane|94\/100|[from] Sandstorm\n|-damage|p2b: Chien-Pao|83\/100|[from] Sandstorm\n|-damage|p1a: Arcanine|30\/100|[from] Sandstorm\n|-damage|p2a: Rabsca|94\/100|[from] Sandstorm\n|-heal|p2a: Rabsca|100\/100|[from] item: Leftovers\n|upkeep\n|turn|4\n|c| F3athers|holy shit wally bringing all the heat\n|j| Sobiris\n|c|\u2606Specs Hex Pex|Yeah\n|c| Jstardude|both players dont want to risk a speed tie\n|\n|t:|1682275313\n|switch|p2b: Houndstone|Houndstone, L50, F|100\/100\n|move|p1b: Flutter Mane|Dazzling Gleam|p2b: Houndstone|[spread] p2a,p2b\n|-damage|p2a: Rabsca|67\/100\n|-damage|p2b: Houndstone|61\/100\n|move|p1a: Arcanine|Flare Blitz|p2a: Rabsca\n|-supereffective|p2a: Rabsca\n|-damage|p2a: Rabsca|0 fnt\n|faint|p2a: Rabsca\n|-damage|p1a: Arcanine|5\/100|[from] Recoil\n|\n|-weather|Sandstorm|[upkeep]\n|-damage|p1b: Flutter Mane|88\/100|[from] Sandstorm\n|-damage|p1a: Arcanine|0 fnt|[from] Sandstorm\n|faint|p1a: Arcanine\n|upkeep\n|\n|t:|1682275326\n|switch|p1a: Great Tusk|Great Tusk, L50|20\/100\n|switch|p2a: Chien-Pao|Chien-Pao, L50|83\/100\n|-ability|p2a: Chien-Pao|Sword of Ruin\n|turn|5\n|l| Sobiris\n|\n|t:|1682275429\n|-terastallize|p1b: Flutter Mane|Ghost\n|move|p2a: Chien-Pao|Ice Shard|p1a: Great Tusk\n|-supereffective|p1a: Great Tusk\n|-damage|p1a: Great Tusk|0 fnt\n|faint|p1a: Great Tusk\n|-end|p1a: Great Tusk|Protosynthesis|[silent]\n|move|p2b: Houndstone|Last Respects|p1b: Flutter Mane\n|-supereffective|p1b: Flutter Mane\n|-damage|p1b: Flutter Mane|0 fnt\n|faint|p1b: Flutter Mane\n|-end|p1b: Flutter Mane|Protosynthesis|[silent]\n|-damage|p2b: Houndstone|51\/100|[from] item: Life Orb\n|\n|win|Specs Hex Pex\n|c| jayballester|ggs\n|c|\u2606Specs Hex Pex|Ggs Furat\n|c| F3athers|gs\n|c|\u2606FuratBang|ggs\n","uploadtime":1682275457,"views":7,"p1id":"furatbang","p2id":"specshexpex","formatid":"gen9vgc2023regulationc","rating":0,"private":0,"password":""}