{"id":"gen9vgc2023regulationc-1864145108","p1":"Sloth diesel","p2":"xNedacx","format":"[Gen 9] VGC 2023 Regulation C","log":"|j|\u2606Sloth diesel\n|j|\u2606xNedacx\n|t:|1684124447\n|gametype|doubles\n|player|p1|Sloth diesel|skier|1116\n|player|p2|xNedacx|1|1178\n|teamsize|p1|6\n|teamsize|p2|6\n|gen|9\n|tier|[Gen 9] VGC 2023 Regulation C\n|rated|\n|rule|Species Clause: Limit one of each Pok\u00e9mon\n|rule|Item Clause: Limit one of each item\n|clearpoke\n|poke|p1|Pelipper, L50, M|\n|poke|p1|Azumarill, L50, F|\n|poke|p1|Arcanine, L50, F|\n|poke|p1|Amoonguss, L50, M|\n|poke|p1|Flutter Mane, L50|\n|poke|p1|Iron Hands, L50|\n|poke|p2|Flutter Mane, L50|\n|poke|p2|Garchomp, L50, M|\n|poke|p2|Gyarados, L50, M|\n|poke|p2|Gardevoir, L50, F|\n|poke|p2|Murkrow, L50, F|\n|poke|p2|Iron Hands, L50|\n|teampreview|4\n|\n|t:|1684124500\n|start\n|switch|p1a: Iron Hands|Iron Hands, L50, shiny|100\/100\n|switch|p1b: Flutter Mane|Flutter Mane, L50, shiny|100\/100\n|switch|p2a: Iron Hands|Iron Hands, L50, shiny|100\/100\n|switch|p2b: Flutter Mane|Flutter Mane, L50|100\/100\n|-enditem|p2b: Flutter Mane|Booster Energy\n|-activate|p2b: Flutter Mane|ability: Protosynthesis|[fromitem]\n|-start|p2b: Flutter Mane|protosynthesisspe\n|-enditem|p1b: Flutter Mane|Booster Energy\n|-activate|p1b: Flutter Mane|ability: Protosynthesis|[fromitem]\n|-start|p1b: Flutter Mane|protosynthesisspd\n|turn|1\n|\n|t:|1684124528\n|move|p1a: Iron Hands|Fake Out|p2a: Iron Hands\n|-damage|p2a: Iron Hands|89\/100\n|move|p2b: Flutter Mane|Dazzling Gleam|p1b: Flutter Mane|[spread] p1a,p1b\n|-supereffective|p1a: Iron Hands\n|-damage|p1a: Iron Hands|61\/100\n|-damage|p1b: Flutter Mane|86\/100\n|cant|p2a: Iron Hands|flinch\n|move|p1b: Flutter Mane|Trick Room|p1b: Flutter Mane\n|-fieldstart|move: Trick Room|[of] p1b: Flutter Mane\n|\n|upkeep\n|turn|2\n|\n|t:|1684124570\n|move|p2b: Flutter Mane|Protect|p2b: Flutter Mane\n|-singleturn|p2b: Flutter Mane|Protect\n|move|p1a: Iron Hands|Drain Punch|p2a: Iron Hands\n|-damage|p2a: Iron Hands|58\/100\n|-heal|p1a: Iron Hands|76\/100|[from] drain|[of] p2a: Iron Hands\n|move|p2a: Iron Hands|Wild Charge|p1b: Flutter Mane\n|-damage|p1b: Flutter Mane|2\/100\n|-damage|p2a: Iron Hands|43\/100|[from] Recoil\n|move|p1b: Flutter Mane|Shadow Ball|p2b: Flutter Mane\n|-activate|p2b: Flutter Mane|move: Protect\n|\n|upkeep\n|turn|3\n|\n|t:|1684124604\n|move|p1a: Iron Hands|Volt Switch|p2a: Iron Hands\n|-resisted|p2a: Iron Hands\n|-damage|p2a: Iron Hands|40\/100\n|\n|t:|1684124610\n|-end|p1a: Iron Hands|Quark Drive|[silent]\n|switch|p1a: Azumarill|Azumarill, L50, F, shiny|100\/100|[from] Volt Switch\n|move|p2a: Iron Hands|Drain Punch|p1a: Azumarill\n|-resisted|p1a: Azumarill\n|-damage|p1a: Azumarill|79\/100\n|-heal|p2a: Iron Hands|50\/100|[from] drain|[of] p1a: Azumarill\n|move|p1b: Flutter Mane|Dazzling Gleam|p2b: Flutter Mane|[spread] p2a,p2b\n|-supereffective|p2a: Iron Hands\n|-damage|p2a: Iron Hands|20\/100\n|-damage|p2b: Flutter Mane|73\/100\n|move|p2b: Flutter Mane|Dazzling Gleam|p1b: Flutter Mane|[spread] p1a,p1b\n|-damage|p1a: Azumarill|44\/100\n|-damage|p1b: Flutter Mane|0 fnt\n|faint|p1b: Flutter Mane\n|-end|p1b: Flutter Mane|Protosynthesis|[silent]\n|\n|upkeep\n|\n|t:|1684124639\n|switch|p1b: Pelipper|Pelipper, L50, M, shiny|100\/100\n|-weather|RainDance|[from] ability: Drizzle|[of] p1b: Pelipper\n|turn|4\n|\n|t:|1684124652\n|-end|p2a: Iron Hands|Quark Drive|[silent]\n|switch|p2a: Gyarados|Gyarados, L50, M|100\/100\n|-ability|p2a: Gyarados|Intimidate|boost\n|-unboost|p1a: Azumarill|atk|1\n|-unboost|p1b: Pelipper|atk|1\n|move|p2b: Flutter Mane|Protect|p2b: Flutter Mane\n|-singleturn|p2b: Flutter Mane|Protect\n|move|p1b: Pelipper|Wide Guard|p1b: Pelipper\n|-singleturn|p1b: Pelipper|Wide Guard\n|move|p1a: Azumarill|Play Rough|p2a: Gyarados\n|-damage|p2a: Gyarados|53\/100\n|-damage|p1a: Azumarill|34\/100|[from] item: Life Orb\n|\n|-weather|RainDance|[upkeep]\n|upkeep\n|turn|5\n|\n|t:|1684124682\n|-end|p2b: Flutter Mane|Protosynthesis|[silent]\n|switch|p2b: Iron Hands|Iron Hands, L50, shiny|20\/100\n|move|p1a: Azumarill|Liquidation|p2b: Iron Hands\n|-damage|p2b: Iron Hands|0 fnt\n|faint|p2b: Iron Hands\n|-end|p2b: Iron Hands|Quark Drive|[silent]\n|-damage|p1a: Azumarill|25\/100|[from] item: Life Orb\n|move|p1b: Pelipper|Hurricane|p2a: Gyarados\n|-damage|p2a: Gyarados|21\/100\n|-enditem|p2a: Gyarados|Sitrus Berry|[eat]\n|-heal|p2a: Gyarados|46\/100|[from] item: Sitrus Berry\n|move|p2a: Gyarados|Waterfall|p1a: Azumarill\n|-resisted|p1a: Azumarill\n|-damage|p1a: Azumarill|0 fnt\n|faint|p1a: Azumarill\n|\n|-weather|RainDance|[upkeep]\n|-fieldend|move: Trick Room\n|upkeep\n|\n|t:|1684124701\n|switch|p2b: Flutter Mane|Flutter Mane, L50|73\/100\n|switch|p1a: Iron Hands|Iron Hands, L50, shiny|76\/100\n|turn|6\n|\n|t:|1684124739\n|-terastallize|p1a: Iron Hands|Grass\n|move|p2a: Gyarados|Helping Hand|p2b: Flutter Mane\n|-singleturn|p2b: Flutter Mane|Helping Hand|[of] p2a: Gyarados\n|move|p2b: Flutter Mane|Shadow Ball|p1a: Iron Hands\n|-damage|p1a: Iron Hands|32\/100\n|move|p1b: Pelipper|Hurricane|p2a: Gyarados\n|-damage|p2a: Gyarados|15\/100\n|move|p1a: Iron Hands|Wild Charge|p2b: Flutter Mane\n|-damage|p2b: Flutter Mane|0 fnt\n|faint|p2b: Flutter Mane\n|-end|p2b: Flutter Mane|Protosynthesis|[silent]\n|-damage|p1a: Iron Hands|23\/100|[from] Recoil\n|\n|-weather|RainDance|[upkeep]\n|upkeep\n|\n|t:|1684124752\n|switch|p2b: Garchomp|Garchomp, L50, M, shiny|100\/100\n|turn|7\n|\n|t:|1684124777\n|move|p2b: Garchomp|Stomping Tantrum|p1a: Iron Hands\n|-resisted|p1a: Iron Hands\n|-damage|p1a: Iron Hands|10\/100\n|move|p2a: Gyarados|Waterfall|p1a: Iron Hands\n|-resisted|p1a: Iron Hands\n|-damage|p1a: Iron Hands|0 fnt\n|faint|p1a: Iron Hands\n|-end|p1a: Iron Hands|Quark Drive|[silent]\n|move|p1b: Pelipper|Hurricane|p2a: Gyarados\n|-damage|p2a: Gyarados|0 fnt\n|faint|p2a: Gyarados\n|\n|-weather|RainDance|[upkeep]\n|upkeep\n|turn|8\n|\n|t:|1684124795\n|move|p2b: Garchomp|Dragon Claw|p1b: Pelipper\n|-damage|p1b: Pelipper|52\/100\n|move|p1b: Pelipper|Hydro Pump|p2b: Garchomp\n|-damage|p2b: Garchomp|43\/100\n|\n|-weather|none\n|upkeep\n|turn|9\n|\n|t:|1684124819\n|move|p2b: Garchomp|Dragon Claw|p1b: Pelipper\n|-damage|p1b: Pelipper|8\/100\n|move|p1b: Pelipper|Hydro Pump|p2b: Garchomp\n|-damage|p2b: Garchomp|0 fnt\n|faint|p2b: Garchomp\n|\n|win|Sloth diesel\n|raw|Sloth diesel's rating: 1116 → 1145<\/strong> (+29 for winning)\n|raw|xNedacx's rating: 1178 → 1149<\/strong> (-29 for losing)\n|l|\u2606xNedacx\n","uploadtime":1684124860,"views":5,"p1id":"slothdiesel","p2id":"xnedacx","formatid":"gen9vgc2023regulationc","rating":1145,"private":0,"password":""}