{"id":"gen9vgc2023regulationc-1854930550","p1":"tiziano911","p2":"SrYopi","format":"[Gen 9] VGC 2023 Regulation C","log":"|j|\u2606tiziano911\n|j|\u2606SrYopi\n|t:|1682881986\n|gametype|doubles\n|player|p1|tiziano911|102|1298\n|player|p2|SrYopi|102|1373\n|teamsize|p1|6\n|teamsize|p2|6\n|gen|9\n|tier|[Gen 9] VGC 2023 Regulation C\n|rated|\n|rule|Species Clause: Limit one of each Pok\u00e9mon\n|rule|Item Clause: Limit one of each item\n|clearpoke\n|poke|p1|Lycanroc, L50, F|\n|poke|p1|Tyranitar, L50, M|\n|poke|p1|Glimmora, L50, F|\n|poke|p1|Gastrodon-East, L50, M|\n|poke|p1|Arcanine, L50, F|\n|poke|p1|Flutter Mane, L50|\n|poke|p2|Iron Jugulis, L50|\n|poke|p2|Iron Hands, L50|\n|poke|p2|Bellibolt, L50, M|\n|poke|p2|Iron Bundle, L50|\n|poke|p2|Abomasnow, L50, F|\n|poke|p2|Palafin, L50, F|\n|teampreview|4\n|inactive|Battle timer is ON: inactive players will automatically lose when time's up. (requested by tiziano911)\n|inactive|SrYopi has 60 seconds left.\n|\n|t:|1682882030\n|start\n|switch|p1a: Lycanroc|Lycanroc, L50, F, shiny|100\/100\n|switch|p1b: Glimmora|Glimmora, L50, F|100\/100\n|switch|p2a: Iron Jugulis|Iron Jugulis, L50|100\/100\n|switch|p2b: Josemi|Iron Hands, L50, shiny|100\/100\n|-enditem|p2a: Iron Jugulis|Booster Energy\n|-activate|p2a: Iron Jugulis|ability: Quark Drive|[fromitem]\n|-start|p2a: Iron Jugulis|quarkdrivespe\n|turn|1\n|\n|t:|1682882052\n|switch|p1a: zack|Arcanine, L50, F, shiny|100\/100\n|-ability|p1a: zack|Intimidate|boost\n|-unboost|p2a: Iron Jugulis|atk|1\n|-unboost|p2b: Josemi|atk|1\n|move|p2b: Josemi|Fake Out|p1a: zack\n|-damage|p1a: zack|90\/100\n|move|p2a: Iron Jugulis|Electric Terrain|p2a: Iron Jugulis\n|-fieldstart|move: Electric Terrain\n|-activate|p2b: Josemi|ability: Quark Drive\n|-start|p2b: Josemi|quarkdriveatk\n|move|p1b: Glimmora|Mortal Spin|p2b: Josemi|[spread] p2a,p2b\n|-damage|p2a: Iron Jugulis|95\/100\n|-damage|p2b: Josemi|98\/100\n|-status|p2a: Iron Jugulis|psn\n|-status|p2b: Josemi|psn\n|\n|-damage|p2a: Iron Jugulis|83\/100 psn|[from] psn\n|-damage|p2b: Josemi|85\/100 psn|[from] psn\n|upkeep\n|turn|2\n|inactive|SrYopi has 30 seconds left.\n|inactive|SrYopi has 20 seconds left.\n|inactive|SrYopi has 15 seconds left.\n|inactive|tiziano911 has 30 seconds left.\n|inactive|SrYopi has 10 seconds left.\n|\n|t:|1682882100\n|-end|p2b: Josemi|Quark Drive|[silent]\n|switch|p2b: Abomasnow|Abomasnow, L50, F|100\/100\n|-weather|Snow|[from] ability: Snow Warning|[of] p2b: Abomasnow\n|move|p2a: Iron Jugulis|Tailwind|p2a: Iron Jugulis\n|-sidestart|p2: SrYopi|move: Tailwind\n|move|p1a: zack|Flare Blitz|p2a: Iron Jugulis\n|-damage|p2a: Iron Jugulis|29\/100 psn\n|-damage|p1a: zack|74\/100|[from] Recoil\n|move|p1b: Glimmora|Earth Power|p2b: Abomasnow\n|-resisted|p2b: Abomasnow\n|-damage|p2b: Abomasnow|84\/100\n|\n|-weather|Snow|[upkeep]\n|-damage|p2a: Iron Jugulis|17\/100 psn|[from] psn\n|upkeep\n|turn|3\n|\n|t:|1682882125\n|switch|p2b: Josemi|Iron Hands, L50, shiny|85\/100 psn\n|-activate|p2b: Josemi|ability: Quark Drive\n|-start|p2b: Josemi|quarkdriveatk\n|move|p1a: zack|Protect|p1a: zack\n|-singleturn|p1a: zack|Protect\n|move|p2a: Iron Jugulis|Tailwind||[still]\n|-fail|p2a: Iron Jugulis\n|move|p1b: Glimmora|Power Gem|p2b: Josemi\n|-resisted|p2b: Josemi\n|-damage|p2b: Josemi|77\/100 psn\n|\n|-weather|Snow|[upkeep]\n|-damage|p2a: Iron Jugulis|5\/100 psn|[from] psn\n|-damage|p2b: Josemi|65\/100 psn|[from] psn\n|upkeep\n|turn|4\n|inactive|tiziano911 has 30 seconds left.\n|\n|t:|1682882152\n|move|p1a: zack|Extreme Speed|p2a: Iron Jugulis\n|-damage|p2a: Iron Jugulis|0 fnt\n|faint|p2a: Iron Jugulis\n|-end|p2a: Iron Jugulis|Quark Drive|[silent]\n|move|p2b: Josemi|Volt Switch|p1b: Glimmora\n|-damage|p1b: Glimmora|83\/100\n|\n|t:|1682882161\n|-end|p2b: Josemi|Quark Drive|[silent]\n|switch|p2b: Abomasnow|Abomasnow, L50, F|84\/100|[from] Volt Switch\n|move|p1b: Glimmora|Earth Power|p2b: Abomasnow\n|-resisted|p2b: Abomasnow\n|-damage|p2b: Abomasnow|69\/100\n|-unboost|p2b: Abomasnow|spd|1\n|\n|-weather|Snow|[upkeep]\n|upkeep\n|\n|t:|1682882162\n|switch|p2a: Iron Bundle|Iron Bundle, L50|100\/100\n|-activate|p2a: Iron Bundle|ability: Quark Drive\n|-start|p2a: Iron Bundle|quarkdrivespa\n|turn|5\n|inactive|tiziano911 has 30 seconds left.\n|\n|t:|1682882192\n|switch|p1a: Tyranitar|Tyranitar, L50, M|100\/100\n|-weather|Sandstorm|[from] ability: Sand Stream|[of] p1a: Tyranitar\n|-terastallize|p2a: Iron Bundle|Ice\n|move|p2b: Abomasnow|Helping Hand|p2a: Iron Bundle\n|-singleturn|p2a: Iron Bundle|Helping Hand|[of] p2b: Abomasnow\n|move|p2a: Iron Bundle|Blizzard|p1a: Tyranitar|[spread] p1a\n|-miss|p2a: Iron Bundle|p1b: Glimmora\n|-damage|p1a: Tyranitar|36\/100\n|move|p1b: Glimmora|Power Gem|p2a: Iron Bundle\n|-supereffective|p2a: Iron Bundle\n|-damage|p2a: Iron Bundle|0 fnt\n|faint|p2a: Iron Bundle\n|-end|p2a: Iron Bundle|Quark Drive|[silent]\n|\n|-weather|Sandstorm|[upkeep]\n|-damage|p2b: Abomasnow|63\/100|[from] Sandstorm\n|-sideend|p2: SrYopi|move: Tailwind\n|-fieldend|move: Electric Terrain\n|upkeep\n|\n|t:|1682882208\n|switch|p2a: Josemi|Iron Hands, L50, shiny|65\/100 psn\n|turn|6\n|\n|t:|1682882219\n|switch|p1a: zack|Arcanine, L50, F, shiny|74\/100\n|-ability|p1a: zack|Intimidate|boost\n|-unboost|p2a: Josemi|atk|1\n|-unboost|p2b: Abomasnow|atk|1\n|-terastallize|p1b: Glimmora|Grass\n|move|p1b: Glimmora|Power Gem|p2b: Abomasnow\n|-supereffective|p2b: Abomasnow\n|-damage|p2b: Abomasnow|0 fnt\n|faint|p2b: Abomasnow\n|move|p2a: Josemi|Drain Punch|p1b: Glimmora\n|-damage|p1b: Glimmora|56\/100\n|-heal|p2a: Josemi|74\/100 psn|[from] drain|[of] p1b: Glimmora\n|\n|-weather|Sandstorm|[upkeep]\n|-damage|p1b: Glimmora|49\/100|[from] Sandstorm\n|-damage|p2a: Josemi|68\/100 psn|[from] Sandstorm\n|-enditem|p1b: Glimmora|Sitrus Berry|[eat]\n|-heal|p1b: Glimmora|74\/100|[from] item: Sitrus Berry\n|-damage|p2a: Josemi|56\/100 psn|[from] psn\n|upkeep\n|turn|7\n|\n|t:|1682882233\n|move|p1a: zack|Flare Blitz|p2a: Josemi\n|-damage|p2a: Josemi|21\/100 psn\n|-damage|p1a: zack|59\/100|[from] Recoil\n|move|p1b: Glimmora|Earth Power|p2a: Josemi\n|-supereffective|p2a: Josemi\n|-damage|p2a: Josemi|0 fnt\n|faint|p2a: Josemi\n|-end|p2a: Josemi|Quark Drive|[silent]\n|\n|win|tiziano911\n|raw|tiziano911's rating: 1298 → 1328<\/strong> (+30 for winning)\n|raw|SrYopi's rating: 1373 → 1349<\/strong> (-24 for losing)\n|l|\u2606tiziano911\n","uploadtime":1682882248,"views":6,"p1id":"tiziano911","p2id":"sryopi","formatid":"gen9vgc2023regulationc","rating":1328,"private":0,"password":""}