{"id":"gen9vgc2023regulationc-1857977915","p1":"WildPaulxxx","p2":"Atomic duck","format":"[Gen 9] VGC 2023 Regulation C","log":"|j|\u2606WildPaulxxx\n|j|\u2606Atomic duck\n|t:|1683254978\n|gametype|doubles\n|player|p1|WildPaulxxx|2|1138\n|player|p2|Atomic duck|169|1182\n|teamsize|p1|6\n|teamsize|p2|6\n|gen|9\n|tier|[Gen 9] VGC 2023 Regulation C\n|rated|\n|rule|Species Clause: Limit one of each Pok\u00e9mon\n|rule|Item Clause: Limit one of each item\n|clearpoke\n|poke|p1|Chien-Pao, L50|\n|poke|p1|Arcanine, L50, M|\n|poke|p1|Florges, L50, F|\n|poke|p1|Great Tusk, L50|\n|poke|p1|Gyarados, L50, F|\n|poke|p1|Pachirisu, L50, M|\n|poke|p2|Kingambit, L50, M|\n|poke|p2|Gyarados, L50, M|\n|poke|p2|Ceruledge, L50, M|\n|poke|p2|Amoonguss, L50, F|\n|poke|p2|Dragapult, L50, M|\n|poke|p2|Flutter Mane, L50|\n|teampreview|4\n|inactive|Battle timer is ON: inactive players will automatically lose when time's up. (requested by WildPaulxxx)\n|inactive|WildPaulxxx has 60 seconds left.\n|inactive|Atomic duck has 60 seconds left.\n|\n|t:|1683255042\n|start\n|switch|p1a: Chien-Pao|Chien-Pao, L50|100\/100\n|switch|p1b: Arcanine|Arcanine, L50, M|100\/100\n|switch|p2a: Dragapult|Dragapult, L50, M|100\/100\n|switch|p2b: Flutter Mane|Flutter Mane, L50|100\/100\n|-ability|p1a: Chien-Pao|Sword of Ruin\n|-ability|p1b: Arcanine|Intimidate|boost\n|-fail|p2a: Dragapult|unboost|[from] ability: Clear Body|[of] p2a: Dragapult\n|-unboost|p2b: Flutter Mane|atk|1\n|-enditem|p2b: Flutter Mane|Booster Energy\n|-activate|p2b: Flutter Mane|ability: Protosynthesis|[fromitem]\n|-start|p2b: Flutter Mane|protosynthesisspe\n|turn|1\n|inactive|WildPaulxxx has 30 seconds left.\n|inactive|Atomic duck has 30 seconds left.\n|inactive|WildPaulxxx has 20 seconds left.\n|inactive|Atomic duck has 20 seconds left.\n|\n|t:|1683255079\n|-terastallize|p2b: Flutter Mane|Fairy\n|move|p1a: Chien-Pao|Protect|p1a: Chien-Pao\n|-singleturn|p1a: Chien-Pao|Protect\n|move|p2b: Flutter Mane|Dazzling Gleam|p1a: Chien-Pao|[spread] p1b\n|-activate|p1a: Chien-Pao|move: Protect\n|-resisted|p1b: Arcanine\n|-damage|p1b: Arcanine|78\/100\n|move|p2a: Dragapult|U-turn|p1a: Chien-Pao\n|-activate|p1a: Chien-Pao|move: Protect\n|move|p1b: Arcanine|Snarl|p2b: Flutter Mane|[spread] p2a,p2b\n|-supereffective|p2a: Dragapult\n|-resisted|p2b: Flutter Mane\n|-damage|p2a: Dragapult|77\/100\n|-damage|p2b: Flutter Mane|97\/100\n|-unboost|p2b: Flutter Mane|spa|1\n|\n|upkeep\n|turn|2\n|inactive|WildPaulxxx has 30 seconds left.\n|inactive|Atomic duck has 30 seconds left.\n|\n|t:|1683255117\n|switch|p2a: Amoonguss|Amoonguss, L50, F|100\/100\n|move|p1a: Chien-Pao|Sucker Punch||[still]\n|-fail|p1a: Chien-Pao\n|move|p2b: Flutter Mane|Moonblast|p1a: Chien-Pao\n|-supereffective|p1a: Chien-Pao\n|-enditem|p1a: Chien-Pao|Focus Sash\n|-damage|p1a: Chien-Pao|1\/100\n|move|p1b: Arcanine|Snarl|p2b: Flutter Mane|[spread] p2a,p2b\n|-resisted|p2b: Flutter Mane\n|-damage|p2a: Amoonguss|94\/100\n|-damage|p2b: Flutter Mane|92\/100\n|-unboost|p2a: Amoonguss|spa|1\n|-unboost|p2b: Flutter Mane|spa|1\n|\n|upkeep\n|turn|3\n|inactive|WildPaulxxx has 30 seconds left.\n|inactive|Atomic duck has 30 seconds left.\n|inactive|Atomic duck has 20 seconds left.\n|inactive|Atomic duck has 15 seconds left.\n|\n|t:|1683255160\n|move|p2b: Flutter Mane|Shadow Ball|p1b: Arcanine\n|-damage|p1b: Arcanine|56\/100\n|move|p1a: Chien-Pao|Ice Spinner|p2a: Amoonguss\n|-supereffective|p2a: Amoonguss\n|-damage|p2a: Amoonguss|0 fnt\n|faint|p2a: Amoonguss\n|move|p1b: Arcanine|Snarl|p2b: Flutter Mane\n|-resisted|p2b: Flutter Mane\n|-damage|p2b: Flutter Mane|87\/100\n|-unboost|p2b: Flutter Mane|spa|1\n|\n|upkeep\n|\n|t:|1683255175\n|switch|p2a: Ceruledge|Ceruledge, L50, M|100\/100\n|turn|4\n|\n|t:|1683255197\n|-terastallize|p1a: Chien-Pao|Dark\n|move|p2a: Ceruledge|Ally Switch|p2a: Ceruledge\n|swap|p2a: Ceruledge|1|[from] move: Ally Switch\n|move|p1a: Chien-Pao|Sucker Punch|p2a: Flutter Mane\n|-resisted|p2a: Flutter Mane\n|-damage|p2a: Flutter Mane|20\/100\n|move|p2a: Flutter Mane|Dazzling Gleam|p1b: Arcanine|[spread] p1a,p1b\n|-supereffective|p1a: Chien-Pao\n|-resisted|p1b: Arcanine\n|-damage|p1a: Chien-Pao|0 fnt\n|-damage|p1b: Arcanine|48\/100\n|faint|p1a: Chien-Pao\n|move|p1b: Arcanine|Will-O-Wisp|p2b: Ceruledge\n|-start|p2b: Ceruledge|ability: Flash Fire\n|\n|upkeep\n|\n|t:|1683255213\n|switch|p1a: Florges|Florges, L50, F|100\/100\n|turn|5\n|\n|t:|1683255234\n|-end|p2a: Flutter Mane|Protosynthesis|[silent]\n|switch|p2a: Dragapult|Dragapult, L50, M|77\/100\n|move|p1b: Arcanine|Snarl|p2b: Ceruledge|[spread] p2a,p2b\n|-supereffective|p2a: Dragapult\n|-supereffective|p2b: Ceruledge\n|-damage|p2a: Dragapult|54\/100\n|-damage|p2b: Ceruledge|84\/100\n|move|p2b: Ceruledge|Swords Dance|p2b: Ceruledge\n|-boost|p2b: Ceruledge|atk|2\n|move|p1a: Florges|Moonblast|p2a: Dragapult\n|-supereffective|p2a: Dragapult\n|-damage|p2a: Dragapult|0 fnt\n|faint|p2a: Dragapult\n|\n|upkeep\n|\n|t:|1683255245\n|switch|p2a: Flutter Mane|Flutter Mane, L50, tera:Fairy|20\/100\n|turn|6\n|\n|t:|1683255259\n|move|p2a: Flutter Mane|Protect|p2a: Flutter Mane\n|-singleturn|p2a: Flutter Mane|Protect\n|move|p1b: Arcanine|Thunder Fang|p2b: Ceruledge\n|-damage|p2b: Ceruledge|66\/100\n|move|p2b: Ceruledge|Bitter Blade|p1a: Florges\n|-damage|p1a: Florges|0 fnt\n|-heal|p2b: Ceruledge|100\/100|[from] drain|[of] p1a: Florges\n|faint|p1a: Florges\n|\n|upkeep\n|\n|t:|1683255268\n|switch|p1a: Great Tusk|Great Tusk, L50|100\/100\n|-enditem|p1a: Great Tusk|Booster Energy\n|-activate|p1a: Great Tusk|ability: Protosynthesis|[fromitem]\n|-start|p1a: Great Tusk|protosynthesisspe\n|turn|7\n|\n|t:|1683255284\n|move|p1b: Arcanine|Helping Hand|p1a: Great Tusk\n|-singleturn|p1a: Great Tusk|Helping Hand|[of] p1b: Arcanine\n|move|p2b: Ceruledge|Ally Switch|p2b: Ceruledge\n|swap|p2b: Ceruledge|0|[from] move: Ally Switch\n|move|p1a: Great Tusk|Headlong Rush|p2b: Flutter Mane\n|-damage|p2b: Flutter Mane|0 fnt\n|-unboost|p1a: Great Tusk|def|1\n|-unboost|p1a: Great Tusk|spd|1\n|faint|p2b: Flutter Mane\n|-end|p2b: Flutter Mane|Protosynthesis|[silent]\n|\n|upkeep\n|turn|8\n|\n|t:|1683255300\n|move|p1b: Arcanine|Helping Hand|p1a: Great Tusk\n|-singleturn|p1a: Great Tusk|Helping Hand|[of] p1b: Arcanine\n|move|p2a: Ceruledge|Shadow Sneak|p1a: Great Tusk\n|-damage|p1a: Great Tusk|60\/100\n|move|p1a: Great Tusk|Headlong Rush|p2a: Ceruledge\n|-supereffective|p2a: Ceruledge\n|-damage|p2a: Ceruledge|0 fnt\n|-unboost|p1a: Great Tusk|def|1\n|-unboost|p1a: Great Tusk|spd|1\n|faint|p2a: Ceruledge\n|\n|win|WildPaulxxx\n|raw|WildPaulxxx's rating: 1138 → 1166<\/strong> (+28 for winning)\n|raw|Atomic duck's rating: 1182 → 1154<\/strong> (-28 for losing)\n|l|\u2606Atomic duck\n","uploadtime":1683255318,"views":6,"p1id":"wildpaulxxx","p2id":"atomicduck","formatid":"gen9vgc2023regulationc","rating":1154,"private":0,"password":""}