{"id":"gen9vgc2023regulationc-1854133929","p1":"mtcoronettrainer","p2":"Cogenic","format":"[Gen 9] VGC 2023 Regulation C","log":"|j|\u2606mtcoronettrainer\n|j|\u2606Cogenic\n|t:|1682774491\n|gametype|doubles\n|player|p1|mtcoronettrainer|265|1258\n|player|p2|Cogenic|may-masters|1219\n|teamsize|p1|6\n|teamsize|p2|6\n|gen|9\n|tier|[Gen 9] VGC 2023 Regulation C\n|rated|\n|rule|Species Clause: Limit one of each Pok\u00e9mon\n|rule|Item Clause: Limit one of each item\n|clearpoke\n|poke|p1|Palafin, L50, M|\n|poke|p1|Amoonguss, L50, F|\n|poke|p1|Ting-Lu, L50|\n|poke|p1|Flutter Mane, L50|\n|poke|p1|Baxcalibur, L50, M|\n|poke|p1|Arcanine, L50, F|\n|poke|p2|Dondozo, L50, M|\n|poke|p2|Tatsugiri, L50, M|\n|poke|p2|Corviknight, L50, M|\n|poke|p2|Garganacl, L50, M|\n|poke|p2|Flutter Mane, L50|\n|poke|p2|Chi-Yu, L50|\n|teampreview|4\n|inactive|Battle timer is ON: inactive players will automatically lose when time's up. (requested by Cogenic)\nCogenic has agreed to open team sheets.\n|\n|t:|1682774517\n|start\n|switch|p1a: Palafin|Palafin, L50, M, shiny|100\/100\n|switch|p1b: Arcanine|Arcanine, L50, F, shiny|100\/100\n|switch|p2a: Corviknight|Corviknight, L50, M|100\/100\n|switch|p2b: Garganacl|Garganacl, L50, M|100\/100\n|-ability|p1b: Arcanine|Intimidate|boost\n|-ability|p2a: Corviknight|Mirror Armor\n|-unboost|p1b: Arcanine|atk|1\n|-unboost|p2b: Garganacl|atk|1\n|turn|1\n|\n|t:|1682774538\n|-terastallize|p1a: Palafin|Water\n|move|p1b: Arcanine|Flare Blitz|p2a: Corviknight\n|-supereffective|p2a: Corviknight\n|-damage|p2a: Corviknight|52\/100\n|-status|p2a: Corviknight|brn\n|-damage|p1b: Arcanine|84\/100|[from] Recoil\n|move|p1a: Palafin|Wave Crash|p2a: Corviknight\n|-damage|p2a: Corviknight|0 fnt\n|faint|p2a: Corviknight\n|-damage|p1a: Palafin|83\/100|[from] Recoil\n|move|p2b: Garganacl|Stealth Rock|p1a: Palafin\n|-sidestart|p1: mtcoronettrainer|move: Stealth Rock\n|\n|upkeep\n|\n|t:|1682774546\n|switch|p2a: Dondozo|Dondozo, L50, M|100\/100\n|turn|2\n|inactive|mtcoronettrainer has 30 seconds left.\n|\n|t:|1682774574\n|switch|p1b: Amoonguss|Amoonguss, L50, F, shiny|100\/100\n|-damage|p1b: Amoonguss|88\/100|[from] Stealth Rock\n|detailschange|p1a: Palafin|Palafin-Hero, L50, M, shiny, tera:Water\n|switch|p1a: Baxcalibur|Baxcalibur, L50, M, shiny|100\/100\n|-damage|p1a: Baxcalibur|76\/100|[from] Stealth Rock\n|move|p2a: Dondozo|Protect|p2a: Dondozo\n|-singleturn|p2a: Dondozo|Protect\n|move|p2b: Garganacl|Salt Cure|p1b: Amoonguss\n|-damage|p1b: Amoonguss|80\/100\n|-start|p1b: Amoonguss|Salt Cure\n|\n|-damage|p1b: Amoonguss|68\/100|[from] Salt Cure\n|upkeep\n|turn|3\n|inactive|mtcoronettrainer has 30 seconds left.\n|inactive|Cogenic has 30 seconds left.\n|inactive|Cogenic has 20 seconds left.\n|inactive|Cogenic has 15 seconds left.\n|\n|t:|1682774614\n|-terastallize|p2a: Dondozo|Grass\n|move|p1a: Baxcalibur|Glaive Rush|p2a: Dondozo\n|-damage|p2a: Dondozo|48\/100\n|-singlemove|p1a: Baxcalibur|Glaive Rush|[silent]\n|move|p2a: Dondozo|Wave Crash|p1a: Baxcalibur\n|-resisted|p1a: Baxcalibur\n|-damage|p1a: Baxcalibur|27\/100\n|-damage|p2a: Dondozo|32\/100|[from] Recoil\n|move|p2b: Garganacl|Salt Cure|p1a: Baxcalibur\n|-supereffective|p1a: Baxcalibur\n|-damage|p1a: Baxcalibur|0 fnt\n|faint|p1a: Baxcalibur\n|move|p1b: Amoonguss|Spore|p2a: Dondozo\n|-immune|p2a: Dondozo\n|\n|-heal|p2a: Dondozo|39\/100|[from] item: Leftovers\n|-damage|p1b: Amoonguss|56\/100|[from] Salt Cure\n|upkeep\n|\n|t:|1682774638\n|switch|p1a: Arcanine|Arcanine, L50, F, shiny|84\/100\n|-damage|p1a: Arcanine|59\/100|[from] Stealth Rock\n|-ability|p1a: Arcanine|Intimidate|boost\n|-fail|p2a: Dondozo|unboost|Attack|[from] ability: Oblivious|[of] p2a: Dondozo\n|-unboost|p2b: Garganacl|atk|1\n|turn|4\n|\n|t:|1682774655\n|move|p1a: Arcanine|Protect|p1a: Arcanine\n|-singleturn|p1a: Arcanine|Protect\n|move|p2a: Dondozo|Protect|p2a: Dondozo\n|-singleturn|p2a: Dondozo|Protect\n|move|p2b: Garganacl|Salt Cure|p1a: Arcanine\n|-activate|p1a: Arcanine|move: Protect\n|move|p1b: Amoonguss|Clear Smog|p2a: Dondozo\n|-activate|p2a: Dondozo|move: Protect\n|\n|-heal|p2a: Dondozo|45\/100|[from] item: Leftovers\n|-damage|p1b: Amoonguss|43\/100|[from] Salt Cure\n|upkeep\n|-enditem|p1b: Amoonguss|Sitrus Berry|[eat]\n|-heal|p1b: Amoonguss|68\/100|[from] item: Sitrus Berry\n|turn|5\n|\n|t:|1682774677\n|switch|p2a: Tatsugiri|Tatsugiri, L50, M|100\/100\n|move|p1a: Arcanine|Flare Blitz|p2a: Tatsugiri\n|-resisted|p2a: Tatsugiri\n|-damage|p2a: Tatsugiri|77\/100\n|-damage|p1a: Arcanine|53\/100|[from] Recoil\n|move|p2b: Garganacl|Salt Cure|p1a: Arcanine\n|-supereffective|p1a: Arcanine\n|-crit|p1a: Arcanine\n|-damage|p1a: Arcanine|8\/100\n|-start|p1a: Arcanine|Salt Cure\n|move|p1b: Amoonguss|Pollen Puff|p1a: Arcanine\n|-heal|p1a: Arcanine|58\/100\n|\n|-damage|p1a: Arcanine|46\/100|[from] Salt Cure\n|-damage|p1b: Amoonguss|56\/100|[from] Salt Cure\n|upkeep\n|turn|6\n|inactive|Cogenic has 30 seconds left.\n|inactive|Cogenic has 20 seconds left.\n|inactive|Cogenic has 15 seconds left.\n|inactive|Cogenic has 10 seconds left.\n|\n|t:|1682774723\n|move|p1a: Arcanine|Protect|p1a: Arcanine\n|-singleturn|p1a: Arcanine|Protect\n|move|p2a: Tatsugiri|Draco Meteor|p1b: Amoonguss\n|-damage|p1b: Amoonguss|3\/100\n|-unboost|p2a: Tatsugiri|spa|2\n|move|p2b: Garganacl|Salt Cure|p1b: Amoonguss\n|-damage|p1b: Amoonguss|0 fnt\n|faint|p1b: Amoonguss\n|\n|-damage|p1a: Arcanine|34\/100|[from] Salt Cure\n|upkeep\n|\n|t:|1682774737\n|switch|p1b: Palafin|Palafin-Hero, L50, M, shiny, tera:Water|83\/100\n|-damage|p1b: Palafin|71\/100|[from] Stealth Rock\n|-activate|p1b: Palafin|ability: Zero to Hero\n|turn|7\n|\n|t:|1682774757\n|move|p2a: Tatsugiri|Draco Meteor|p1a: Arcanine\n|-damage|p1a: Arcanine|0 fnt\n|-unboost|p2a: Tatsugiri|spa|2\n|faint|p1a: Arcanine\n|move|p1b: Palafin|Substitute|p1b: Palafin\n|-start|p1b: Palafin|Substitute\n|-damage|p1b: Palafin|46\/100\n|move|p2b: Garganacl|Salt Cure|p1b: Palafin\n|-activate|p1b: Palafin|move: Substitute|[damage]\n|\n|upkeep\n|turn|8\n|inactive|Cogenic has 30 seconds left.\n|inactive|Cogenic has 20 seconds left.\n|\n|t:|1682774795\n|switch|p2a: Dondozo|Dondozo, L50, M, tera:Grass|45\/100\n|move|p1b: Palafin|Jet Punch|p2b: Garganacl\n|-supereffective|p2b: Garganacl\n|-damage|p2b: Garganacl|21\/100\n|-enditem|p2b: Garganacl|Sitrus Berry|[eat]\n|-heal|p2b: Garganacl|46\/100|[from] item: Sitrus Berry\n|move|p2b: Garganacl|Salt Cure|p1b: Palafin\n|-activate|p1b: Palafin|move: Substitute|[damage]\n|\n|-heal|p2a: Dondozo|51\/100|[from] item: Leftovers\n|upkeep\n|turn|9\n|\n|t:|1682774809\n|move|p1b: Palafin|Protect|p1b: Palafin\n|-singleturn|p1b: Palafin|Protect\n|move|p2a: Dondozo|Protect|p2a: Dondozo\n|-singleturn|p2a: Dondozo|Protect\n|move|p2b: Garganacl|Salt Cure|p1b: Palafin\n|-activate|p1b: Palafin|move: Protect\n|\n|-heal|p2a: Dondozo|57\/100|[from] item: Leftovers\n|upkeep\n|turn|10\n|\n|t:|1682774830\n|move|p1b: Palafin|Jet Punch|p2b: Garganacl\n|-supereffective|p2b: Garganacl\n|-damage|p2b: Garganacl|0 fnt\n|faint|p2b: Garganacl\n|move|p2a: Dondozo|Tera Blast|p1b: Palafin\n|-supereffective|p1b: Palafin\n|-end|p1b: Palafin|Substitute\n|\n|-heal|p2a: Dondozo|64\/100|[from] item: Leftovers\n|upkeep\n|\n|t:|1682774832\n|switch|p2b: Tatsugiri|Tatsugiri, L50, M|77\/100\n|-activate|p2b: Tatsugiri|ability: Commander|[of] p2a: Dondozo\n|-boost|p2a: Dondozo|atk|2\n|-boost|p2a: Dondozo|spa|2\n|-boost|p2a: Dondozo|spe|2\n|-boost|p2a: Dondozo|def|2\n|-boost|p2a: Dondozo|spd|2\n|turn|11\n|c|\u2606Cogenic|gg\n|\n|t:|1682774855\n|move|p2a: Dondozo|Tera Blast|p1b: Palafin\n|-supereffective|p1b: Palafin\n|-damage|p1b: Palafin|0 fnt\n|faint|p1b: Palafin\n|\n|win|Cogenic\n|raw|mtcoronettrainer's rating: 1258 → 1230<\/strong> (-28 for losing)\n|raw|Cogenic's rating: 1219 → 1247<\/strong> (+28 for winning)\n|l|\u2606mtcoronettrainer\n","uploadtime":1682774886,"views":24,"p1id":"mtcoronettrainer","p2id":"cogenic","formatid":"gen9vgc2023regulationc","rating":1230,"private":0,"password":""}