{"id":"gen9vgc2023regulationc-1863989517","p1":"ChisatoVGC","p2":"Neoman15","format":"[Gen 9] VGC 2023 Regulation C","log":"|j|\u2606ChisatoVGC\n|j|\u2606Neoman15\n|t:|1684102001\n|gametype|doubles\n|player|p1|ChisatoVGC|serena-masters2|1052\n|player|p2|Neoman15|102|1063\n|teamsize|p1|6\n|teamsize|p2|6\n|gen|9\n|tier|[Gen 9] VGC 2023 Regulation C\n|rated|\n|rule|Species Clause: Limit one of each Pok\u00e9mon\n|rule|Item Clause: Limit one of each item\n|clearpoke\n|poke|p1|Kingambit, L50, F|\n|poke|p1|Dragonite, L50, F|\n|poke|p1|Abomasnow, L50, M|\n|poke|p1|Great Tusk, L50|\n|poke|p1|Iron Bundle, L50|\n|poke|p1|Flutter Mane, L50|\n|poke|p2|Cetitan, L50, F|\n|poke|p2|Abomasnow, L50, M|\n|poke|p2|Volcarona, L50, F|\n|poke|p2|Gyarados, L50, M|\n|poke|p2|Iron Hands, L50|\n|poke|p2|Sandy Shocks, L50|\n|teampreview|4\n|inactive|Battle timer is ON: inactive players will automatically lose when time's up. (requested by Neoman15)\n|inactive|ChisatoVGC has 60 seconds left.\n|\n|t:|1684102065\n|start\n|switch|p1a: Kingambit|Kingambit, L50, F|100\/100\n|switch|p1b: Great Tusk|Great Tusk, L50|100\/100\n|switch|p2a: Abomasnow|Abomasnow, L50, M, shiny|100\/100\n|switch|p2b: Iron Hands|Iron Hands, L50, shiny|100\/100\n|-weather|Snow|[from] ability: Snow Warning|[of] p2a: Abomasnow\n|turn|1\n|\n|t:|1684102090\n|switch|p1a: Mieruko Chan|Flutter Mane, L50, shiny|100\/100\n|-enditem|p1a: Mieruko Chan|Booster Energy\n|-activate|p1a: Mieruko Chan|ability: Protosynthesis|[fromitem]\n|-start|p1a: Mieruko Chan|protosynthesisspa\n|-terastallize|p2b: Iron Hands|Ice\n|move|p1b: Great Tusk|Headlong Rush|p2b: Iron Hands\n|-damage|p2b: Iron Hands|64\/100\n|-unboost|p1b: Great Tusk|def|1\n|-unboost|p1b: Great Tusk|spd|1\n|move|p2a: Abomasnow|Aurora Veil|p2a: Abomasnow\n|-sidestart|p2: Neoman15|move: Aurora Veil\n|move|p2b: Iron Hands|Swords Dance|p2b: Iron Hands\n|-boost|p2b: Iron Hands|atk|2\n|\n|-weather|Snow|[upkeep]\n|upkeep\n|turn|2\n|inactive|ChisatoVGC has 30 seconds left.\n|\n|t:|1684102118\n|-end|p1b: Great Tusk|Protosynthesis|[silent]\n|switch|p1b: Abomasnow|Abomasnow, L50, M|100\/100\n|move|p1a: Mieruko Chan|Moonblast|p2b: Iron Hands\n|-damage|p2b: Iron Hands|32\/100\n|move|p2a: Abomasnow|Blizzard|p1b: Abomasnow|[spread] p1a,p1b\n|-damage|p1a: Mieruko Chan|67\/100\n|-damage|p1b: Abomasnow|58\/100\n|move|p2b: Iron Hands|Thunder Punch|p1a: Mieruko Chan\n|-damage|p1a: Mieruko Chan|0 fnt\n|faint|p1a: Mieruko Chan\n|-end|p1a: Mieruko Chan|Protosynthesis|[silent]\n|\n|-weather|Snow|[upkeep]\n|upkeep\n|\n|t:|1684102140\n|switch|p1a: Kingambit|Kingambit, L50, F|100\/100\n|turn|3\n|\n|t:|1684102163\n|switch|p2a: Volcarona|Volcarona, L50, F, shiny|100\/100\n|move|p1b: Abomasnow|Aurora Veil|p1b: Abomasnow\n|-sidestart|p1: ChisatoVGC|move: Aurora Veil\n|move|p2b: Iron Hands|Drain Punch|p1b: Abomasnow\n|-supereffective|p1b: Abomasnow\n|-damage|p1b: Abomasnow|0 fnt\n|-heal|p2b: Iron Hands|53\/100|[from] drain|[of] p1b: Abomasnow\n|faint|p1b: Abomasnow\n|move|p1a: Kingambit|Low Kick|p2b: Iron Hands\n|-supereffective|p2b: Iron Hands\n|-damage|p2b: Iron Hands|24\/100\n|\n|-weather|Snow|[upkeep]\n|upkeep\n|\n|t:|1684102174\n|switch|p1b: Great Tusk|Great Tusk, L50|100\/100\n|turn|4\n|inactive|ChisatoVGC has 30 seconds left.\n|\n|t:|1684102208\n|-terastallize|p1a: Kingambit|Fire\n|move|p1a: Kingambit|Sucker Punch||[still]\n|-fail|p1a: Kingambit\n|move|p1b: Great Tusk|Rock Slide|p2a: Volcarona|[spread] p2a,p2b\n|-supereffective|p2a: Volcarona\n|-supereffective|p2b: Iron Hands\n|-damage|p2a: Volcarona|30\/100\n|-damage|p2b: Iron Hands|10\/100\n|cant|p2a: Volcarona|flinch\n|cant|p2b: Iron Hands|flinch\n|\n|-weather|Snow|[upkeep]\n|upkeep\n|turn|5\n|inactive|Neoman15 has 30 seconds left.\n|inactive|Neoman15 has 20 seconds left.\n|\n|t:|1684102247\n|move|p1b: Great Tusk|Rock Slide|p2b: Iron Hands|[spread] p2b\n|-miss|p1b: Great Tusk|p2a: Volcarona\n|-supereffective|p2b: Iron Hands\n|-damage|p2b: Iron Hands|0 fnt\n|faint|p2b: Iron Hands\n|-end|p2b: Iron Hands|Quark Drive|[silent]\n|move|p2a: Volcarona|Tailwind|p2a: Volcarona\n|-sidestart|p2: Neoman15|move: Tailwind\n|move|p1a: Kingambit|Iron Head|p2a: Volcarona\n|-resisted|p2a: Volcarona\n|-damage|p2a: Volcarona|11\/100\n|\n|-weather|none\n|-sideend|p2: Neoman15|move: Aurora Veil\n|upkeep\n|\n|t:|1684102259\n|switch|p2b: Abomasnow|Abomasnow, L50, M, shiny|100\/100\n|-weather|Snow|[from] ability: Snow Warning|[of] p2b: Abomasnow\n|turn|6\n|\n|t:|1684102269\n|move|p2a: Volcarona|Rage Powder|p2a: Volcarona\n|-singleturn|p2a: Volcarona|move: Rage Powder\n|move|p2b: Abomasnow|Aurora Veil|p2b: Abomasnow\n|-sidestart|p2: Neoman15|move: Aurora Veil\n|move|p1b: Great Tusk|Rock Slide|p2a: Volcarona|[spread] p2a,p2b\n|-supereffective|p2a: Volcarona\n|-supereffective|p2b: Abomasnow\n|-damage|p2a: Volcarona|0 fnt\n|-damage|p2b: Abomasnow|72\/100\n|faint|p2a: Volcarona\n|move|p1a: Kingambit|Iron Head|p2b: Abomasnow\n|-supereffective|p2b: Abomasnow\n|-crit|p2b: Abomasnow\n|-damage|p2b: Abomasnow|0 fnt\n|faint|p2b: Abomasnow\n|\n|-weather|Snow|[upkeep]\n|upkeep\n|\n|t:|1684102281\n|switch|p2b: Cetitan|Cetitan, L50, F, shiny|100\/100\n|turn|7\n|\n|t:|1684102302\n|move|p2b: Cetitan|Liquidation|p1a: Kingambit\n|-supereffective|p1a: Kingambit\n|-damage|p1a: Kingambit|61\/100\n|-unboost|p1a: Kingambit|def|1\n|-ability|p1a: Kingambit|Defiant|boost\n|-boost|p1a: Kingambit|atk|2\n|move|p1b: Great Tusk|Rock Slide|p2b: Cetitan\n|-supereffective|p2b: Cetitan\n|-damage|p2b: Cetitan|72\/100\n|move|p1a: Kingambit|Iron Head|p2b: Cetitan\n|-supereffective|p2b: Cetitan\n|-damage|p2b: Cetitan|0 fnt\n|faint|p2b: Cetitan\n|\n|win|ChisatoVGC\n|raw|ChisatoVGC's rating: 1052 → 1085<\/strong> (+33 for winning)\n|raw|Neoman15's rating: 1063 → 1043<\/strong> (-20 for losing)\n|l|\u2606Neoman15\n","uploadtime":1684102319,"views":5,"p1id":"chisatovgc","p2id":"neoman15","formatid":"gen9vgc2023regulationc","rating":1043,"private":0,"password":""}