{"id":"gen9vgc2023regulationc-1848799293","p1":"Sprye0216","p2":"sabdfino","format":"[Gen 9] VGC 2023 Regulation C","log":"|j|\u2606Sprye0216\n|j|\u2606sabdfino\n|t:|1682111615\n|gametype|doubles\n|player|p1|Sprye0216|skyla|1155\n|player|p2|sabdfino|1|1118\n|teamsize|p1|6\n|teamsize|p2|6\n|gen|9\n|tier|[Gen 9] VGC 2023 Regulation C\n|rated|\n|rule|Species Clause: Limit one of each Pok\u00e9mon\n|rule|Item Clause: Limit one of each item\n|clearpoke\n|poke|p1|Amoonguss, L50, M|\n|poke|p1|Gyarados, L50, F|\n|poke|p1|Talonflame, L50, F|\n|poke|p1|Garchomp, L50, F|\n|poke|p1|Flutter Mane, L50|\n|poke|p1|Ting-Lu, L50|\n|poke|p2|Dondozo, L50, M|\n|poke|p2|Flutter Mane, L50|\n|poke|p2|Arcanine, L50, M|\n|poke|p2|Amoonguss, L50, M|\n|poke|p2|Ting-Lu, L50|\n|poke|p2|Tatsugiri, L50, M|\n|teampreview|4\nSprye0216 has agreed to open team sheets.\n|inactive|Battle timer is ON: inactive players will automatically lose when time's up. (requested by sabdfino)\n|\n|t:|1682111642\n|start\n|switch|p1a: Gyarados|Gyarados, L50, F|100\/100\n|switch|p1b: Amoonguss|Amoonguss, L50, M|100\/100\n|switch|p2a: Dondozo|Dondozo, L50, M|100\/100\n|switch|p2b: Arcanine|Arcanine, L50, M|100\/100\n|-ability|p2b: Arcanine|Intimidate|boost\n|-fail|p1a: Gyarados|unboost|[from] item: Clear Amulet|[of] p1a: Gyarados\n|-unboost|p1b: Amoonguss|atk|1\n|-ability|p1a: Gyarados|Intimidate|boost\n|-unboost|p2a: Dondozo|atk|1\n|-unboost|p2b: Arcanine|atk|1\n|turn|1\n|\n|t:|1682111664\n|switch|p2a: Flutter Mane|Flutter Mane, L50|100\/100\n|-terastallize|p1b: Amoonguss|Water\n|move|p2b: Arcanine|Will-O-Wisp|p1a: Gyarados\n|-status|p1a: Gyarados|brn\n|move|p1a: Gyarados|Dragon Dance|p1a: Gyarados\n|-boost|p1a: Gyarados|atk|1\n|-boost|p1a: Gyarados|spe|1\n|move|p1b: Amoonguss|Spore|p2a: Flutter Mane\n|-status|p2a: Flutter Mane|slp|[from] move: Spore\n|\n|-damage|p1a: Gyarados|95\/100 brn|[from] brn\n|upkeep\n|turn|2\n|\n|t:|1682111684\n|move|p1a: Gyarados|Dragon Dance|p1a: Gyarados\n|-boost|p1a: Gyarados|atk|1\n|-boost|p1a: Gyarados|spe|1\n|cant|p2a: Flutter Mane|slp\n|move|p2b: Arcanine|Will-O-Wisp|p1b: Amoonguss|[miss]\n|-miss|p2b: Arcanine|p1b: Amoonguss\n|move|p1b: Amoonguss|Spore|p2b: Arcanine\n|-activate|p2b: Arcanine|item: Safety Goggles|Spore\n|\n|-damage|p1a: Gyarados|89\/100 brn|[from] brn\n|upkeep\n|turn|3\n|inactive|Sprye0216 has 30 seconds left.\n|\n|t:|1682111713\n|move|p1a: Gyarados|Waterfall|p2b: Arcanine\n|-supereffective|p2b: Arcanine\n|-damage|p2b: Arcanine|1\/100\n|cant|p2a: Flutter Mane|slp\n|move|p2b: Arcanine|Will-O-Wisp|p1b: Amoonguss|[miss]\n|-miss|p2b: Arcanine|p1b: Amoonguss\n|move|p1b: Amoonguss|Spore|p2a: Flutter Mane\n|-fail|p2a: Flutter Mane|slp\n|\n|-damage|p1a: Gyarados|83\/100 brn|[from] brn\n|upkeep\n|turn|4\n|\n|t:|1682111731\n|move|p2b: Arcanine|Extreme Speed|p1b: Amoonguss\n|-damage|p1b: Amoonguss|85\/100\n|move|p1a: Gyarados|Waterfall|p2a: Flutter Mane\n|-damage|p2a: Flutter Mane|17\/100 slp\n|-curestatus|p2a: Flutter Mane|slp|[msg]\n|move|p2a: Flutter Mane|Thunderbolt|p1a: Gyarados\n|-supereffective|p1a: Gyarados\n|-damage|p1a: Gyarados|0 fnt\n|faint|p1a: Gyarados\n|move|p1b: Amoonguss|Pollen Puff|p2b: Arcanine\n|-resisted|p2b: Arcanine\n|-damage|p2b: Arcanine|0 fnt\n|faint|p2b: Arcanine\n|\n|upkeep\n|\n|t:|1682111746\n|switch|p2b: Dondozo|Dondozo, L50, M|100\/100\n|switch|p1a: Garchomp|Garchomp, L50, F|100\/100\n|turn|5\n|\n|t:|1682111771\n|-end|p2a: Flutter Mane|Protosynthesis|[silent]\n|switch|p2a: Tatsugiri|Tatsugiri, L50, M|100\/100\n|-activate|p2a: Tatsugiri|ability: Commander|[of] p2b: Dondozo\n|-boost|p2b: Dondozo|atk|2\n|-boost|p2b: Dondozo|spa|2\n|-boost|p2b: Dondozo|spe|2\n|-boost|p2b: Dondozo|def|2\n|-boost|p2b: Dondozo|spd|2\n|-terastallize|p2b: Dondozo|Water\n|move|p1a: Garchomp|Protect|p1a: Garchomp\n|-singleturn|p1a: Garchomp|Protect\n|move|p2b: Dondozo|Surf|p1a: Garchomp|[spread] p1b\n|-miss|p2b: Dondozo|p2a: Tatsugiri\n|-activate|p1a: Garchomp|move: Protect\n|-resisted|p1b: Amoonguss\n|-damage|p1b: Amoonguss|41\/100\n|-enditem|p1b: Amoonguss|Sitrus Berry|[eat]\n|-heal|p1b: Amoonguss|66\/100|[from] item: Sitrus Berry\n|move|p1b: Amoonguss|Spore|p2b: Dondozo\n|-status|p2b: Dondozo|slp|[from] move: Spore\n|\n|upkeep\n|turn|6\n|inactive|Sprye0216 has 30 seconds left.\n|\n|t:|1682111797\n|cant|p2b: Dondozo|slp\n|move|p1a: Garchomp|Rock Slide|p2a: Tatsugiri|[spread] p2b\n|-miss|p1a: Garchomp|p2a: Tatsugiri\n|-damage|p2b: Dondozo|91\/100 slp\n|-damage|p1a: Garchomp|91\/100|[from] item: Life Orb\n|move|p1b: Amoonguss|Clear Smog|p2b: Dondozo\n|-damage|p2b: Dondozo|83\/100 slp\n|-clearboost|p2b: Dondozo\n|\n|upkeep\n|turn|7\n|\n|t:|1682111817\n|switch|p1a: Flutter Mane|Flutter Mane, L50|100\/100\n|-enditem|p1a: Flutter Mane|Booster Energy\n|-activate|p1a: Flutter Mane|ability: Protosynthesis|[fromitem]\n|-start|p1a: Flutter Mane|protosynthesisspa\n|cant|p2b: Dondozo|slp\n|move|p1b: Amoonguss|Pollen Puff|p2b: Dondozo\n|-damage|p2b: Dondozo|63\/100 slp\n|\n|upkeep\n|turn|8\n|\n|t:|1682111830\n|move|p1a: Flutter Mane|Thunderbolt|p2b: Dondozo\n|-supereffective|p2b: Dondozo\n|-damage|p2b: Dondozo|0 fnt\n|faint|p2b: Dondozo\n|move|p1b: Amoonguss|Spore|p2a: Tatsugiri\n|-status|p2a: Tatsugiri|slp|[from] move: Spore\n|\n|upkeep\n|\n|t:|1682111836\n|switch|p2b: Flutter Mane|Flutter Mane, L50|17\/100\n|turn|9\n|\n|t:|1682111849\n|move|p1a: Flutter Mane|Protect|p1a: Flutter Mane\n|-singleturn|p1a: Flutter Mane|Protect\n|cant|p2a: Tatsugiri|slp\n|move|p2b: Flutter Mane|Moonblast|p1b: Amoonguss\n|-damage|p1b: Amoonguss|25\/100\n|-unboost|p1b: Amoonguss|spa|1\n|move|p1b: Amoonguss|Spore|p2b: Flutter Mane\n|-status|p2b: Flutter Mane|slp|[from] move: Spore\n|\n|upkeep\n|turn|10\n|\n|t:|1682111866\n|cant|p2a: Tatsugiri|slp\n|cant|p2b: Flutter Mane|slp\n|move|p1a: Flutter Mane|Moonblast|p2a: Tatsugiri\n|-supereffective|p2a: Tatsugiri\n|-damage|p2a: Tatsugiri|0 fnt\n|faint|p2a: Tatsugiri\n|move|p1b: Amoonguss|Clear Smog|p2b: Flutter Mane\n|-damage|p2b: Flutter Mane|6\/100 slp\n|-clearboost|p2b: Flutter Mane\n|\n|upkeep\n|turn|11\n|\n|t:|1682111882\n|move|p1b: Amoonguss|Rage Powder|p1b: Amoonguss\n|-singleturn|p1b: Amoonguss|move: Rage Powder\n|cant|p2b: Flutter Mane|slp\n|move|p1a: Flutter Mane|Shadow Ball|p2b: Flutter Mane\n|-supereffective|p2b: Flutter Mane\n|-damage|p2b: Flutter Mane|0 fnt\n|faint|p2b: Flutter Mane\n|-end|p2b: Flutter Mane|Protosynthesis|[silent]\n|\n|win|Sprye0216\n|raw|Sprye0216's rating: 1155 → 1177<\/strong> (+22 for winning)\n|raw|sabdfino's rating: 1118 → 1096<\/strong> (-22 for losing)\n|l|\u2606sabdfino\n","uploadtime":1682111926,"views":13,"p1id":"sprye0216","p2id":"sabdfino","formatid":"gen9vgc2023regulationc","rating":1096,"private":0,"password":""}