{"id":"gen9vgc2023regulationc-1859219434","p1":"Charlisito","p2":"Kitschgirl yujin","format":"[Gen 9] VGC 2023 Regulation C","log":"|j|\u2606Charlisito\n|j|\u2606Kitschgirl yujin\n|t:|1683419652\n|gametype|doubles\n|player|p1|Charlisito|101|1374\n|player|p2|Kitschgirl yujin|2|1476\n|teamsize|p1|6\n|teamsize|p2|6\n|gen|9\n|tier|[Gen 9] VGC 2023 Regulation C\n|rated|\n|rule|Species Clause: Limit one of each Pok\u00e9mon\n|rule|Item Clause: Limit one of each item\n|clearpoke\n|poke|p1|Bellibolt, L50, F|\n|poke|p1|Palafin, L50, M|\n|poke|p1|Arcanine, L50, M|\n|poke|p1|Amoonguss, L50, M|\n|poke|p1|Flutter Mane, L50|\n|poke|p1|Ting-Lu, L50|\n|poke|p2|Flutter Mane, L50|\n|poke|p2|Iron Bundle, L50|\n|poke|p2|Tyranitar, L50, F|\n|poke|p2|Talonflame, L50, M|\n|poke|p2|Great Tusk, L50|\n|poke|p2|Meowscarada, L50, F|\n|teampreview|4\n|inactive|Battle timer is ON: inactive players will automatically lose when time's up. (requested by Kitschgirl yujin)\n|\n|t:|1683419673\n|start\n|switch|p1a: Bellibolt|Bellibolt, L50, F|100\/100\n|switch|p1b: Palafin|Palafin, L50, M|100\/100\n|switch|p2a: Talonflame|Talonflame, L50, M|100\/100\n|switch|p2b: Flutter Mane|Flutter Mane, L50|100\/100\n|turn|1\n|\n|t:|1683419682\n|-end|p2b: Flutter Mane|Protosynthesis|[silent]\n|switch|p2b: Great Tusk|Great Tusk, L50|100\/100\n|move|p1b: Palafin|Protect|p1b: Palafin\n|-singleturn|p1b: Palafin|Protect\n|move|p2a: Talonflame|Tailwind|p2a: Talonflame\n|-sidestart|p2: Kitschgirl yujin|move: Tailwind\n|move|p1a: Bellibolt|Parabolic Charge|p2b: Great Tusk|[spread] p2a\n|-activate|p1b: Palafin|move: Protect\n|-immune|p2b: Great Tusk\n|-supereffective|p2a: Talonflame\n|-damage|p2a: Talonflame|52\/100\n|\n|upkeep\n|turn|2\n|\n|t:|1683419691\n|switch|p1a: Arcanine|Arcanine, L50, M|100\/100\n|-ability|p1a: Arcanine|Intimidate|boost\n|-unboost|p2a: Talonflame|atk|1\n|-unboost|p2b: Great Tusk|atk|1\n|move|p2a: Talonflame|Taunt|p1b: Palafin\n|-start|p1b: Palafin|move: Taunt\n|move|p2b: Great Tusk|Earthquake|p1a: Arcanine|[spread] p1a,p1b\n|-immune|p2a: Talonflame\n|-supereffective|p1a: Arcanine\n|-damage|p1a: Arcanine|19\/100\n|-damage|p1b: Palafin|61\/100\n|-damage|p2b: Great Tusk|90\/100|[from] item: Life Orb\n|cant|p1b: Palafin|move: Taunt|Substitute\n|\n|upkeep\n|turn|3\n|\n|t:|1683419712\n|-terastallize|p1b: Palafin|Water\n|move|p2a: Talonflame|Quick Guard|p2a: Talonflame\n|-singleturn|p2a: Talonflame|Quick Guard\n|move|p1a: Arcanine|Extreme Speed|p2a: Talonflame\n|-activate|p2a: Talonflame|move: Quick Guard\n|move|p1b: Palafin|Jet Punch|p2b: Great Tusk\n|-activate|p2b: Great Tusk|move: Quick Guard\n|move|p2b: Great Tusk|Earthquake|p1b: Palafin|[spread] p1a,p1b\n|-immune|p2a: Talonflame\n|-supereffective|p1a: Arcanine\n|-damage|p1a: Arcanine|0 fnt\n|-damage|p1b: Palafin|21\/100\n|faint|p1a: Arcanine\n|-damage|p2b: Great Tusk|80\/100|[from] item: Life Orb\n|\n|upkeep\n|\n|t:|1683419717\n|switch|p1a: Flutter Mane|Flutter Mane, L50|100\/100\n|-enditem|p1a: Flutter Mane|Booster Energy\n|-activate|p1a: Flutter Mane|ability: Protosynthesis|[fromitem]\n|-start|p1a: Flutter Mane|protosynthesisspa\n|turn|4\n|\n|t:|1683419729\n|detailschange|p1b: Palafin|Palafin-Hero, L50, M, tera:Water\n|switch|p1b: Bellibolt|Bellibolt, L50, F|100\/100\n|-terastallize|p2b: Great Tusk|Steel\n|move|p1a: Flutter Mane|Protect|p1a: Flutter Mane\n|-singleturn|p1a: Flutter Mane|Protect\n|move|p2a: Talonflame|Quick Guard|p2a: Talonflame\n|-singleturn|p2a: Talonflame|Quick Guard\n|move|p2b: Great Tusk|Earthquake|p1a: Flutter Mane|[spread] p1b\n|-activate|p1a: Flutter Mane|move: Protect\n|-immune|p2a: Talonflame\n|-supereffective|p1b: Bellibolt\n|-damage|p1b: Bellibolt|39\/100\n|-start|p1b: Bellibolt|Charge|Earthquake|[from] ability: Electromorphosis\n|-damage|p2b: Great Tusk|70\/100|[from] item: Life Orb\n|\n|-sideend|p2: Kitschgirl yujin|move: Tailwind\n|upkeep\n|turn|5\n|\n|t:|1683419739\n|move|p1a: Flutter Mane|Shadow Ball|p2b: Great Tusk\n|-damage|p2b: Great Tusk|0 fnt\n|faint|p2b: Great Tusk\n|-end|p2b: Great Tusk|Protosynthesis|[silent]\n|move|p2a: Talonflame|Tailwind|p2a: Talonflame\n|-sidestart|p2: Kitschgirl yujin|move: Tailwind\n|move|p1b: Bellibolt|Volt Switch|p2a: Talonflame\n|-supereffective|p2a: Talonflame\n|-damage|p2a: Talonflame|0 fnt\n|faint|p2a: Talonflame\n|-end|p1b: Bellibolt|Charge|[silent]\n|\n|t:|1683419742\n|switch|p1b: Palafin|Palafin-Hero, L50, M, tera:Water|21\/100|[from] Volt Switch\n|-activate|p1b: Palafin|ability: Zero to Hero\n|\n|upkeep\n|\n|t:|1683419744\n|switch|p2a: Flutter Mane|Flutter Mane, L50|100\/100\n|switch|p2b: Meowscarada|Meowscarada, L50, F|100\/100\n|turn|6\n|\n|t:|1683419749\n|move|p1b: Palafin|Protect|p1b: Palafin\n|-singleturn|p1b: Palafin|Protect\n|move|p2b: Meowscarada|Sucker Punch|p1a: Flutter Mane\n|-damage|p1a: Flutter Mane|29\/100\n|move|p2a: Flutter Mane|Shadow Ball|p1a: Flutter Mane\n|-supereffective|p1a: Flutter Mane\n|-damage|p1a: Flutter Mane|0 fnt\n|faint|p1a: Flutter Mane\n|-end|p1a: Flutter Mane|Protosynthesis|[silent]\n|\n|upkeep\n|\n|t:|1683419756\n|switch|p1a: Bellibolt|Bellibolt, L50, F|39\/100\n|turn|7\n|\n|t:|1683419760\n|move|p2b: Meowscarada|Sucker Punch|p1b: Palafin\n|-damage|p1b: Palafin|0 fnt\n|faint|p1b: Palafin\n|move|p2a: Flutter Mane|Shadow Ball|p1a: Bellibolt\n|-damage|p1a: Bellibolt|5\/100\n|-start|p1a: Bellibolt|Charge|Shadow Ball|[from] ability: Electromorphosis\n|move|p1a: Bellibolt|Parabolic Charge|p2a: Flutter Mane|[spread] p2a,p2b\n|-resisted|p2b: Meowscarada\n|-damage|p2a: Flutter Mane|67\/100\n|-heal|p1a: Bellibolt|19\/100|[from] drain|[of] p2a: Flutter Mane\n|-damage|p2b: Meowscarada|74\/100\n|-heal|p1a: Bellibolt|30\/100|[from] drain|[of] p2b: Meowscarada\n|-end|p1a: Bellibolt|Charge|[silent]\n|\n|upkeep\n|turn|8\n|\n|t:|1683419768\n|move|p2a: Flutter Mane|Shadow Ball|p1a: Bellibolt\n|-damage|p1a: Bellibolt|0 fnt\n|faint|p1a: Bellibolt\n|\n|win|Kitschgirl yujin\n|raw|Charlisito's rating: 1374 → 1360<\/strong> (-14 for losing)\n|raw|Kitschgirl yujin's rating: 1476 → 1490<\/strong> (+14 for winning)\n|l|\u2606Kitschgirl yujin\n","uploadtime":1683419772,"views":10,"p1id":"charlisito","p2id":"kitschgirlyujin","formatid":"gen9vgc2023regulationc","rating":1360,"private":0,"password":""}