{"id":"gen9vgc2023regulationc-1850362887","p1":"lamp1234567","p2":"ncndiocnod","format":"[Gen 9] VGC 2023 Regulation C","log":"|j|\u2606lamp1234567\n|j|\u2606ncndiocnod\n|t:|1682325064\n|gametype|doubles\n|player|p1|lamp1234567|266|1243\n|player|p2|ncndiocnod|170|1141\n|teamsize|p1|6\n|teamsize|p2|6\n|gen|9\n|tier|[Gen 9] VGC 2023 Regulation C\n|rated|\n|rule|Species Clause: Limit one of each Pok\u00e9mon\n|rule|Item Clause: Limit one of each item\n|clearpoke\n|poke|p1|Scizor, L50, F|\n|poke|p1|Flutter Mane, L50|\n|poke|p1|Rotom-Wash, L50|\n|poke|p1|Great Tusk, L50|\n|poke|p1|Arcanine, L50, F|\n|poke|p1|Chien-Pao, L50|\n|poke|p2|Farigiraf, L50, M|\n|poke|p2|Chi-Yu, L50|\n|poke|p2|Talonflame, L50, M|\n|poke|p2|Gyarados, L50, M|\n|poke|p2|Great Tusk, L50|\n|poke|p2|Iron Jugulis, L50|\n|teampreview|4\n|\n|t:|1682325119\n|start\n|switch|p1a: Arcanine|Arcanine, L50, F|100\/100\n|switch|p1b: dont miss|Rotom-Wash, L50|100\/100\n|switch|p2a: Talonflame|Talonflame, L50, M|100\/100\n|switch|p2b: Great Tusk|Great Tusk, L50|100\/100\n|-ability|p1a: Arcanine|Intimidate|boost\n|-unboost|p2a: Talonflame|atk|1\n|-unboost|p2b: Great Tusk|atk|1\n|turn|1\n|\n|t:|1682325149\n|switch|p1a: Scizor|Scizor, L50, F|100\/100\n|move|p2a: Talonflame|Tailwind|p2a: Talonflame\n|-sidestart|p2: ncndiocnod|move: Tailwind\n|move|p2b: Great Tusk|Headlong Rush|p1a: Scizor\n|-damage|p1a: Scizor|56\/100\n|-unboost|p2b: Great Tusk|def|1\n|-unboost|p2b: Great Tusk|spd|1\n|move|p1b: dont miss|Hydro Pump|p2b: Great Tusk\n|-supereffective|p2b: Great Tusk\n|-enditem|p2b: Great Tusk|Focus Sash\n|-damage|p2b: Great Tusk|1\/100\n|\n|upkeep\n|turn|2\n|\n|t:|1682325170\n|-end|p2b: Great Tusk|Protosynthesis|[silent]\n|switch|p2b: Gyarados|Gyarados, L50, M|100\/100\n|-ability|p2b: Gyarados|Intimidate|boost\n|-unboost|p1a: Scizor|atk|1\n|-unboost|p1b: dont miss|atk|1\n|move|p1a: Scizor|Protect|p1a: Scizor\n|-singleturn|p1a: Scizor|Protect\n|move|p2a: Talonflame|Will-O-Wisp|p1a: Scizor\n|-activate|p1a: Scizor|move: Protect\n|move|p1b: dont miss|Hydro Pump|p2a: Talonflame\n|-supereffective|p2a: Talonflame\n|-damage|p2a: Talonflame|0 fnt\n|faint|p2a: Talonflame\n|\n|upkeep\n|\n|t:|1682325180\n|switch|p2a: Farigiraf|Farigiraf, L50, M|100\/100\n|turn|3\n|\n|t:|1682325200\n|switch|p1b: Arcanine|Arcanine, L50, F|100\/100\n|-ability|p1b: Arcanine|Intimidate|boost\n|-unboost|p2a: Farigiraf|atk|1\n|-unboost|p2b: Gyarados|atk|1\n|-terastallize|p2b: Gyarados|Steel\n|move|p2a: Farigiraf|Trick|p1a: Scizor\n|-activate|p2a: Farigiraf|move: Trick|[of] p1a: Scizor\n|-item|p1a: Scizor|Choice Scarf|[from] move: Trick\n|-item|p2a: Farigiraf|Covert Cloak|[from] move: Trick\n|move|p2b: Gyarados|Taunt|p1b: Arcanine\n|-start|p1b: Arcanine|move: Taunt\n|move|p1a: Scizor|U-turn|p2a: Farigiraf\n|-supereffective|p2a: Farigiraf\n|-damage|p2a: Farigiraf|39\/100\n|\n|t:|1682325217\n|switch|p1a: Great Tusk|Great Tusk, L50|100\/100|[from] U-turn\n|\n|upkeep\n|turn|4\n|\n|t:|1682325230\n|-end|p1a: Great Tusk|Protosynthesis|[silent]\n|switch|p1a: Scizor|Scizor, L50, F|56\/100\n|-terastallize|p1b: Arcanine|Grass\n|move|p2a: Farigiraf|Psychic|p1a: Scizor\n|-resisted|p1a: Scizor\n|-damage|p1a: Scizor|23\/100\n|move|p2b: Gyarados|Waterfall|p1a: Scizor\n|-damage|p1a: Scizor|0 fnt\n|faint|p1a: Scizor\n|move|p1b: Arcanine|Flare Blitz|p2b: Gyarados\n|-supereffective|p2b: Gyarados\n|-damage|p2b: Gyarados|9\/100\n|-damage|p1b: Arcanine|69\/100|[from] Recoil\n|\n|-sideend|p2: ncndiocnod|move: Tailwind\n|upkeep\n|\n|t:|1682325253\n|switch|p1a: Great Tusk|Great Tusk, L50|100\/100\n|turn|5\n|\n|t:|1682325267\n|switch|p1b: dont miss|Rotom-Wash, L50|100\/100\n|move|p2b: Gyarados|Protect|p2b: Gyarados\n|-singleturn|p2b: Gyarados|Protect\n|move|p1a: Great Tusk|Earthquake|p2a: Farigiraf|[spread] p2a\n|-activate|p2b: Gyarados|move: Protect\n|-immune|p1b: dont miss|[from] ability: Levitate\n|-damage|p2a: Farigiraf|0 fnt\n|faint|p2a: Farigiraf\n|\n|upkeep\n|-message|ncndiocnod forfeited.\n|\n|win|lamp1234567\n|raw|lamp1234567's rating: 1243 → 1261<\/strong> (+18 for winning)\n|raw|ncndiocnod's rating: 1141 → 1123<\/strong> (-18 for losing)\n|l|\u2606ncndiocnod\n","uploadtime":1682325371,"views":26,"p1id":"lamp1234567","p2id":"ncndiocnod","formatid":"gen9vgc2023regulationc","rating":1123,"private":0,"password":""}