{"id":"gen9vgc2023regulationc-1850367294","p1":"tr9k","p2":"vgcmenxinya","format":"[Gen 9] VGC 2023 Regulation C","log":"|j|\u2606tr9k\n|j|\u2606vgcmenxinya\n|t:|1682325806\n|gametype|doubles\n|player|p1|tr9k|richboy-gen4|1272\n|player|p2|vgcmenxinya|hilbert-wonderlauncher|1204\n|teamsize|p1|6\n|teamsize|p2|6\n|gen|9\n|tier|[Gen 9] VGC 2023 Regulation C\n|rated|\n|rule|Species Clause: Limit one of each Pok\u00e9mon\n|rule|Item Clause: Limit one of each item\n|clearpoke\n|poke|p1|Dragonite, L50, F|\n|poke|p1|Ting-Lu, L50|\n|poke|p1|Gyarados, L50, M|\n|poke|p1|Chi-Yu, L50|\n|poke|p1|Amoonguss, L50, F|\n|poke|p1|Flutter Mane, L50|\n|poke|p2|Amoonguss, L50, M|\n|poke|p2|Arcanine, L50, M|\n|poke|p2|Palafin, L50, M|\n|poke|p2|Flutter Mane, L50|\n|poke|p2|Ting-Lu, L50|\n|poke|p2|Baxcalibur, L50, F|\n|teampreview|4\n|inactive|Battle timer is ON: inactive players will automatically lose when time's up. (requested by vgcmenxinya)\n|\n|t:|1682325848\n|start\n|switch|p1a: Amoonguss|Amoonguss, L50, F|100\/100\n|switch|p1b: Gyarados|Gyarados, L50, M|100\/100\n|switch|p2a: Palafin|Palafin, L50, M|100\/100\n|switch|p2b: Baxcalibur|Baxcalibur, L50, F, shiny|100\/100\n|-ability|p1b: Gyarados|Intimidate|boost\n|-unboost|p2a: Palafin|atk|1\n|-fail|p2b: Baxcalibur|unboost|[from] item: Clear Amulet|[of] p2b: Baxcalibur\n|turn|1\n|\n|t:|1682325872\n|detailschange|p2a: Palafin|Palafin-Hero, L50, M\n|switch|p2a: Arcanine|Arcanine, L50, M|100\/100\n|-ability|p2a: Arcanine|Intimidate|boost\n|-unboost|p1a: Amoonguss|atk|1\n|-unboost|p1b: Gyarados|atk|1\n|-terastallize|p1a: Amoonguss|Water\n|move|p1b: Gyarados|Taunt|p2a: Arcanine\n|-start|p2a: Arcanine|move: Taunt\n|move|p2b: Baxcalibur|Icicle Crash|p1a: Amoonguss\n|-resisted|p1a: Amoonguss\n|-damage|p1a: Amoonguss|77\/100\n|move|p1a: Amoonguss|Spore|p2b: Baxcalibur\n|-status|p2b: Baxcalibur|slp|[from] move: Spore\n|\n|upkeep\n|turn|2\n|inactive|tr9k has 30 seconds left.\n|inactive|vgcmenxinya has 30 seconds left.\n|inactive|vgcmenxinya has 20 seconds left.\n|\n|t:|1682325910\n|switch|p2a: Palafin|Palafin-Hero, L50, M|100\/100\n|-activate|p2a: Palafin|ability: Zero to Hero\n|switch|p2b: Amoonguss|Amoonguss, L50, M|100\/100\n|move|p1b: Gyarados|Iron Head|p2b: Amoonguss\n|-damage|p2b: Amoonguss|85\/100\n|move|p1a: Amoonguss|Pollen Puff|p1b: Gyarados\n|-immune|p1b: Gyarados\n|\n|upkeep\n|turn|3\n|\n|t:|1682325934\n|move|p2a: Palafin|Protect|p2a: Palafin\n|-singleturn|p2a: Palafin|Protect\n|move|p1b: Gyarados|Taunt|p2b: Amoonguss\n|-start|p2b: Amoonguss|move: Taunt\n|move|p1a: Amoonguss|Spore|p2a: Palafin\n|-activate|p2a: Palafin|move: Protect\n|cant|p2b: Amoonguss|move: Taunt|Spore\n|\n|upkeep\n|turn|4\n|\n|t:|1682325952\n|switch|p2a: Baxcalibur|Baxcalibur, L50, F, shiny|100\/100 slp\n|switch|p2b: Arcanine|Arcanine, L50, M|100\/100\n|-ability|p2b: Arcanine|Intimidate|boost\n|-unboost|p1a: Amoonguss|atk|1\n|-unboost|p1b: Gyarados|atk|1\n|move|p1b: Gyarados|Taunt|p2b: Arcanine\n|-start|p2b: Arcanine|move: Taunt\n|move|p1a: Amoonguss|Spore|p2a: Baxcalibur\n|-fail|p2a: Baxcalibur|slp\n|\n|upkeep\n|turn|5\n|\n|t:|1682325969\n|switch|p2b: Amoonguss|Amoonguss, L50, M|100\/100\n|switch|p1a: Dragonite|Dragonite, L50, F|100\/100\n|move|p1b: Gyarados|Waterfall|p2b: Amoonguss\n|-resisted|p2b: Amoonguss\n|-damage|p2b: Amoonguss|92\/100\n|cant|p2a: Baxcalibur|slp\n|\n|upkeep\n|turn|6\n|inactive|vgcmenxinya has 30 seconds left.\n|\n|t:|1682325996\n|switch|p2a: Arcanine|Arcanine, L50, M|100\/100\n|-ability|p2a: Arcanine|Intimidate|boost\n|-unboost|p1a: Dragonite|atk|1\n|-unboost|p1b: Gyarados|atk|1\n|move|p2b: Amoonguss|Protect|p2b: Amoonguss\n|-singleturn|p2b: Amoonguss|Protect\n|move|p1b: Gyarados|Iron Head|p2a: Arcanine\n|-resisted|p2a: Arcanine\n|-damage|p2a: Arcanine|94\/100\n|move|p1a: Dragonite|Ice Spinner|p2b: Amoonguss\n|-activate|p2b: Amoonguss|move: Protect\n|\n|upkeep\n|turn|7\n|\n|t:|1682326018\n|switch|p1a: Amoonguss|Amoonguss, L50, F, tera:Water|100\/100\n|switch|p2b: Palafin|Palafin-Hero, L50, M|100\/100\n|move|p2a: Arcanine|Will-O-Wisp|p1a: Amoonguss\n|-status|p1a: Amoonguss|brn\n|move|p1b: Gyarados|Taunt|p2b: Palafin\n|-start|p2b: Palafin|move: Taunt\n|\n|-damage|p1a: Amoonguss|94\/100 brn|[from] brn\n|upkeep\n|turn|8\n|\n|t:|1682326039\n|switch|p2b: Amoonguss|Amoonguss, L50, M|100\/100\n|switch|p1b: Dragonite|Dragonite, L50, F|100\/100\n|move|p2a: Arcanine|Will-O-Wisp|p1b: Dragonite\n|-status|p1b: Dragonite|brn\n|-enditem|p1b: Dragonite|Lum Berry|[eat]\n|-curestatus|p1b: Dragonite|brn|[msg]\n|move|p1a: Amoonguss|Spore|p2b: Amoonguss\n|-immune|p2b: Amoonguss\n|\n|-damage|p1a: Amoonguss|88\/100 brn|[from] brn\n|upkeep\n|turn|9\n|inactive|tr9k has 30 seconds left.\n|inactive|tr9k has 20 seconds left.\n|inactive|tr9k has 15 seconds left.\n|\n|t:|1682326082\n|switch|p1b: Gyarados|Gyarados, L50, M|100\/100\n|-ability|p1b: Gyarados|Intimidate|boost\n|-unboost|p2a: Arcanine|atk|1\n|-unboost|p2b: Amoonguss|atk|1\n|move|p2b: Amoonguss|Protect|p2b: Amoonguss\n|-singleturn|p2b: Amoonguss|Protect\n|move|p2a: Arcanine|Will-O-Wisp|p1b: Gyarados|[miss]\n|-miss|p2a: Arcanine|p1b: Gyarados\n|move|p1a: Amoonguss|Pollen Puff|p1b: Gyarados\n|-immune|p1b: Gyarados\n|\n|-damage|p1a: Amoonguss|82\/100 brn|[from] brn\n|upkeep\n|turn|10\n|\n|t:|1682326105\n|switch|p2a: Baxcalibur|Baxcalibur, L50, F, shiny|100\/100 slp\n|switch|p1a: Dragonite|Dragonite, L50, F|100\/100\n|move|p1b: Gyarados|Waterfall|p2a: Baxcalibur\n|-resisted|p2a: Baxcalibur\n|-damage|p2a: Baxcalibur|85\/100 slp\n|move|p2b: Amoonguss|Spore|p1b: Gyarados\n|-activate|p1b: Gyarados|item: Safety Goggles|Spore\n|\n|upkeep\n|turn|11\n|inactive|tr9k has 30 seconds left.\n|inactive|vgcmenxinya has 30 seconds left.\n|\n|t:|1682326135\n|switch|p2a: Arcanine|Arcanine, L50, M|94\/100\n|-ability|p2a: Arcanine|Intimidate|boost\n|-unboost|p1a: Dragonite|atk|1\n|-unboost|p1b: Gyarados|atk|1\n|move|p1b: Gyarados|Waterfall|p2a: Arcanine\n|-supereffective|p2a: Arcanine\n|-damage|p2a: Arcanine|27\/100\n|move|p1a: Dragonite|Ice Spinner|p2b: Amoonguss\n|-supereffective|p2b: Amoonguss\n|-damage|p2b: Amoonguss|64\/100\n|move|p2b: Amoonguss|Spore|p1a: Dragonite\n|-status|p1a: Dragonite|slp|[from] move: Spore\n|\n|upkeep\n|turn|12\n|\n|t:|1682326159\n|switch|p1b: Amoonguss|Amoonguss, L50, F, tera:Water|100\/100 brn\n|cant|p1a: Dragonite|slp\n|move|p2a: Arcanine|Will-O-Wisp|p1b: Amoonguss\n|-fail|p1b: Amoonguss|brn\n|move|p2b: Amoonguss|Pollen Puff|p2a: Arcanine\n|-heal|p2a: Arcanine|77\/100\n|\n|-damage|p1b: Amoonguss|94\/100 brn|[from] brn\n|upkeep\n|turn|13\n|inactive|tr9k has 30 seconds left.\n|\n|t:|1682326189\n|switch|p2a: Baxcalibur|Baxcalibur, L50, F, shiny|85\/100 slp\n|switch|p1a: Chi-Yu|Chi-Yu, L50|100\/100\n|-ability|p1a: Chi-Yu|Beads of Ruin\n|move|p2b: Amoonguss|Rage Powder|p2b: Amoonguss\n|-singleturn|p2b: Amoonguss|move: Rage Powder\n|move|p1b: Amoonguss|Pollen Puff|p2b: Amoonguss\n|-damage|p2b: Amoonguss|46\/100\n|-enditem|p2b: Amoonguss|Sitrus Berry|[eat]\n|-heal|p2b: Amoonguss|71\/100|[from] item: Sitrus Berry\n|\n|-damage|p1b: Amoonguss|88\/100 brn|[from] brn\n|upkeep\n|turn|14\n|\n|t:|1682326205\n|-terastallize|p2b: Amoonguss|Water\n|move|p1a: Chi-Yu|Heat Wave|p2a: Baxcalibur|[spread] p2a,p2b\n|-resisted|p2b: Amoonguss\n|-damage|p2a: Baxcalibur|41\/100 slp\n|-damage|p2b: Amoonguss|50\/100\n|-ability|p2a: Baxcalibur|Thermal Exchange|boost\n|-boost|p2a: Baxcalibur|atk|1\n|-curestatus|p2a: Baxcalibur|slp|[msg]\n|move|p2a: Baxcalibur|Glaive Rush|p1a: Chi-Yu\n|-damage|p1a: Chi-Yu|0 fnt\n|-singlemove|p2a: Baxcalibur|Glaive Rush|[silent]\n|faint|p1a: Chi-Yu\n|move|p1b: Amoonguss|Spore|p2a: Baxcalibur\n|-status|p2a: Baxcalibur|slp|[from] move: Spore\n|move|p2b: Amoonguss|Spore||[still]\n|-fail|p2b: Amoonguss\n|\n|-damage|p1b: Amoonguss|82\/100 brn|[from] brn\n|upkeep\n|\n|t:|1682326229\n|switch|p1a: Gyarados|Gyarados, L50, M|100\/100\n|-ability|p1a: Gyarados|Intimidate|boost\n|-fail|p2a: Baxcalibur|unboost|[from] item: Clear Amulet|[of] p2a: Baxcalibur\n|-unboost|p2b: Amoonguss|atk|1\n|turn|15\n|\n|t:|1682326241\n|switch|p2b: Arcanine|Arcanine, L50, M|77\/100\n|-ability|p2b: Arcanine|Intimidate|boost\n|-unboost|p1a: Gyarados|atk|1\n|-unboost|p1b: Amoonguss|atk|1\n|cant|p2a: Baxcalibur|slp\n|move|p1a: Gyarados|Taunt|p2b: Arcanine\n|-start|p2b: Arcanine|move: Taunt\n|move|p1b: Amoonguss|Spore|p2a: Baxcalibur\n|-fail|p2a: Baxcalibur|slp\n|\n|-damage|p1b: Amoonguss|76\/100 brn|[from] brn\n|upkeep\n|turn|16\n|\n|t:|1682326260\n|switch|p2b: Amoonguss|Amoonguss, L50, M, tera:Water|83\/100\n|move|p1a: Gyarados|Waterfall|p2b: Amoonguss\n|-resisted|p2b: Amoonguss\n|-damage|p2b: Amoonguss|73\/100\n|cant|p2a: Baxcalibur|slp\n|move|p1b: Amoonguss|Spore|p2b: Amoonguss\n|-status|p2b: Amoonguss|slp|[from] move: Spore\n|\n|-damage|p1b: Amoonguss|70\/100 brn|[from] brn\n|upkeep\n|turn|17\n|\n|t:|1682326275\n|switch|p1a: Dragonite|Dragonite, L50, F|100\/100 slp\n|cant|p2b: Amoonguss|slp\n|-curestatus|p2a: Baxcalibur|slp|[msg]\n|move|p2a: Baxcalibur|Glaive Rush|p1b: Amoonguss\n|-damage|p1b: Amoonguss|0 fnt\n|-singlemove|p2a: Baxcalibur|Glaive Rush|[silent]\n|faint|p1b: Amoonguss\n|\n|upkeep\n|\n|t:|1682326284\n|switch|p1b: Gyarados|Gyarados, L50, M|100\/100\n|-ability|p1b: Gyarados|Intimidate|boost\n|-fail|p2a: Baxcalibur|unboost|[from] item: Clear Amulet|[of] p2a: Baxcalibur\n|-unboost|p2b: Amoonguss|atk|1\n|turn|18\n|\n|t:|1682326301\n|switch|p2b: Arcanine|Arcanine, L50, M|77\/100\n|-ability|p2b: Arcanine|Intimidate|boost\n|-unboost|p1a: Dragonite|atk|1\n|-unboost|p1b: Gyarados|atk|1\n|cant|p1a: Dragonite|slp\n|move|p1b: Gyarados|Taunt|p2b: Arcanine\n|-start|p2b: Arcanine|move: Taunt\n|move|p2a: Baxcalibur|Glaive Rush|p1a: Dragonite\n|-supereffective|p1a: Dragonite\n|-damage|p1a: Dragonite|0 fnt\n|-singlemove|p2a: Baxcalibur|Glaive Rush|[silent]\n|faint|p1a: Dragonite\n|\n|upkeep\n|turn|19\n|\n|t:|1682326320\n|switch|p2b: Amoonguss|Amoonguss, L50, M, tera:Water|100\/100 slp\n|move|p2a: Baxcalibur|Protect|p2a: Baxcalibur\n|-singleturn|p2a: Baxcalibur|Protect\n|move|p1b: Gyarados|Iron Head|p2a: Baxcalibur\n|-activate|p2a: Baxcalibur|move: Protect\n|\n|upkeep\n|turn|20\n|\n|t:|1682326332\n|switch|p2a: Arcanine|Arcanine, L50, M|77\/100\n|-ability|p2a: Arcanine|Intimidate|boost\n|-unboost|p1b: Gyarados|atk|1\n|move|p1b: Gyarados|Taunt|p2b: Amoonguss\n|-start|p2b: Amoonguss|move: Taunt\n|cant|p2b: Amoonguss|slp\n|\n|upkeep\n|turn|21\n|-message|tr9k forfeited.\n|\n|win|vgcmenxinya\n|raw|tr9k's rating: 1272 → 1242<\/strong> (-30 for losing)\n|raw|vgcmenxinya's rating: 1204 → 1234<\/strong> (+30 for winning)\n|l|\u2606tr9k\n|l|\u2606vgcmenxinya\n|j|\u2606vgcmenxinya\n|player|p2|vgcmenxinya|hilbert-wonderlauncher\n","uploadtime":1682326526,"views":36,"p1id":"tr9k","p2id":"vgcmenxinya","formatid":"gen9vgc2023regulationc","rating":1234,"private":0,"password":""}