{"id":"gen9vgc2023regulationc-1848689905","p1":"BlindMagneton","p2":"infinitygroudon","format":"[Gen 9] VGC 2023 Regulation C","log":"|j|\u2606BlindMagneton\n|j|\u2606infinitygroudon\n|t:|1682101088\n|gametype|doubles\n|player|p1|BlindMagneton|wattson|1324\n|player|p2|infinitygroudon|102|1396\n|teamsize|p1|6\n|teamsize|p2|6\n|gen|9\n|tier|[Gen 9] VGC 2023 Regulation C\n|rated|\n|rule|Species Clause: Limit one of each Pok\u00e9mon\n|rule|Item Clause: Limit one of each item\n|clearpoke\n|poke|p1|Tinkaton, L50, F|\n|poke|p1|Wo-Chien, L50|\n|poke|p1|Ceruledge, L50, M|\n|poke|p1|Grimmsnarl, L50, M|\n|poke|p1|Chien-Pao, L50|\n|poke|p1|Dragapult, L50, F|\n|poke|p2|Ting-Lu, L50|\n|poke|p2|Amoonguss, L50, M|\n|poke|p2|Corviknight, L50, M|\n|poke|p2|Palafin, L50, F|\n|poke|p2|Farigiraf, L50, M|\n|poke|p2|Chi-Yu, L50|\n|teampreview|4\ninfinitygroudon has agreed to open team sheets.\n|\n|t:|1682101152\n|start\n|switch|p1a: Tinkaton|Tinkaton, L50, F|100\/100\n|switch|p1b: Grimmsnarl|Grimmsnarl, L50, M|100\/100\n|switch|p2a: Palafin|Palafin, L50, F, shiny|100\/100\n|switch|p2b: Chi-Yu|Chi-Yu, L50|100\/100\n|-ability|p2b: Chi-Yu|Beads of Ruin\n|turn|1\n|\n|t:|1682101175\n|detailschange|p2a: Palafin|Palafin-Hero, L50, F, shiny\n|switch|p2a: Corviknight|Corviknight, L50, M|100\/100\n|move|p1b: Grimmsnarl|Fake Out|p2b: Chi-Yu\n|-damage|p2b: Chi-Yu|75\/100\n|cant|p2b: Chi-Yu|flinch\n|move|p1a: Tinkaton|Gigaton Hammer|p2a: Corviknight\n|-resisted|p2a: Corviknight\n|-damage|p2a: Corviknight|80\/100\n|\n|upkeep\n|turn|2\n|\n|t:|1682101199\n|switch|p1a: Ceruledge|Ceruledge, L50, M|100\/100\n|move|p2b: Chi-Yu|Heat Wave|p1b: Grimmsnarl|[spread] p1b\n|-start|p1a: Ceruledge|ability: Flash Fire\n|-damage|p1b: Grimmsnarl|20\/100\n|-damage|p2b: Chi-Yu|65\/100|[from] item: Life Orb\n|move|p1b: Grimmsnarl|Drain Punch|p2b: Chi-Yu\n|-supereffective|p2b: Chi-Yu\n|-damage|p2b: Chi-Yu|0 fnt\n|-heal|p1b: Grimmsnarl|45\/100|[from] drain|[of] p2b: Chi-Yu\n|faint|p2b: Chi-Yu\n|move|p2a: Corviknight|Iron Head|p1b: Grimmsnarl\n|-supereffective|p1b: Grimmsnarl\n|-damage|p1b: Grimmsnarl|0 fnt\n|faint|p1b: Grimmsnarl\n|\n|upkeep\n|\n|t:|1682101219\n|switch|p2b: Ting-Lu|Ting-Lu, L50|100\/100\n|switch|p1b: Tinkaton|Tinkaton, L50, F|100\/100\n|-ability|p2b: Ting-Lu|Vessel of Ruin\n|turn|3\n|\n|t:|1682101236\n|switch|p2a: Palafin|Palafin-Hero, L50, F, shiny|100\/100\n|-activate|p2a: Palafin|ability: Zero to Hero\n|-terastallize|p1a: Ceruledge|Grass\n|-terastallize|p2b: Ting-Lu|Water\n|move|p1b: Tinkaton|Fake Out|p2a: Palafin\n|-damage|p2a: Palafin|91\/100\n|move|p1a: Ceruledge|Bulk Up|p1a: Ceruledge\n|-boost|p1a: Ceruledge|atk|1\n|-boost|p1a: Ceruledge|def|1\n|move|p2b: Ting-Lu|Stomping Tantrum|p1b: Tinkaton\n|-supereffective|p1b: Tinkaton\n|-damage|p1b: Tinkaton|53\/100\n|\n|upkeep\n|turn|4\n|\n|t:|1682101267\n|move|p1b: Tinkaton|Baby-Doll Eyes|p2a: Palafin\n|-unboost|p2a: Palafin|atk|1\n|move|p2a: Palafin|Wave Crash|p1b: Tinkaton\n|-damage|p1b: Tinkaton|1\/100\n|-enditem|p1b: Tinkaton|Sitrus Berry|[eat]\n|-heal|p1b: Tinkaton|26\/100|[from] item: Sitrus Berry\n|-damage|p2a: Palafin|73\/100|[from] Recoil\n|move|p1a: Ceruledge|Bulk Up|p1a: Ceruledge\n|-boost|p1a: Ceruledge|atk|1\n|-boost|p1a: Ceruledge|def|1\n|move|p2b: Ting-Lu|Ruination|p1a: Ceruledge|[miss]\n|-miss|p2b: Ting-Lu|p1a: Ceruledge\n|\n|upkeep\n|turn|5\n|\n|t:|1682101293\n|switch|p2a: Corviknight|Corviknight, L50, M|80\/100\n|switch|p1b: Wo-Chien|Wo-Chien, L50|100\/100\n|-ability|p1b: Wo-Chien|Tablets of Ruin\n|move|p1a: Ceruledge|Bitter Blade|p2a: Corviknight\n|-supereffective|p2a: Corviknight\n|-damage|p2a: Corviknight|0 fnt\n|-damage|p1a: Ceruledge|84\/100|[from] item: Rocky Helmet|[of] p2a: Corviknight\n|faint|p2a: Corviknight\n|move|p2b: Ting-Lu|Stomping Tantrum|p1b: Wo-Chien\n|-resisted|p1b: Wo-Chien\n|-damage|p1b: Wo-Chien|83\/100\n|\n|upkeep\n|\n|t:|1682101300\n|switch|p2a: Palafin|Palafin-Hero, L50, F, shiny|73\/100\n|turn|6\n|\n|t:|1682101312\n|move|p2a: Palafin|Protect|p2a: Palafin\n|-singleturn|p2a: Palafin|Protect\n|move|p1a: Ceruledge|Protect|p1a: Ceruledge\n|-singleturn|p1a: Ceruledge|Protect\n|move|p1b: Wo-Chien|Leech Seed|p2b: Ting-Lu\n|-start|p2b: Ting-Lu|move: Leech Seed\n|move|p2b: Ting-Lu|Ruination|p1a: Ceruledge\n|-activate|p1a: Ceruledge|move: Protect\n|\n|-damage|p2b: Ting-Lu|88\/100|[from] Leech Seed|[of] p1b: Wo-Chien\n|-heal|p1b: Wo-Chien|100\/100|[silent]\n|upkeep\n|turn|7\n|\n|t:|1682101331\n|move|p2a: Palafin|Close Combat|p1a: Ceruledge\n|-damage|p1a: Ceruledge|61\/100\n|-unboost|p2a: Palafin|def|1\n|-unboost|p2a: Palafin|spd|1\n|move|p1a: Ceruledge|Bitter Blade|p2a: Palafin\n|-resisted|p2a: Palafin\n|-damage|p2a: Palafin|1\/100\n|-heal|p1a: Ceruledge|96\/100|[from] drain|[of] p2a: Palafin\n|move|p1b: Wo-Chien|Giga Drain|p2b: Ting-Lu\n|-supereffective|p2b: Ting-Lu\n|-damage|p2b: Ting-Lu|62\/100\n|move|p2b: Ting-Lu|Heavy Slam|p1a: Ceruledge\n|-damage|p1a: Ceruledge|83\/100\n|\n|-heal|p2b: Ting-Lu|68\/100|[from] item: Leftovers\n|-damage|p2b: Ting-Lu|56\/100|[from] Leech Seed|[of] p1b: Wo-Chien\n|upkeep\n|turn|8\n|-message|infinitygroudon forfeited.\n|\n|win|BlindMagneton\n|raw|BlindMagneton's rating: 1324 → 1349<\/strong> (+25 for winning)\n|raw|infinitygroudon's rating: 1412 → 1387<\/strong> (-25 for losing)\n|l|\u2606infinitygroudon\n","uploadtime":1682101349,"views":14,"p1id":"blindmagneton","p2id":"infinitygroudon","formatid":"gen9vgc2023regulationc","rating":1349,"private":0,"password":""}