{"id":"gen9vgc2023regulationc-1862868802","p1":"jffmm","p2":"Angelowos","format":"[Gen 9] VGC 2023 Regulation C","log":"|j|\u2606jffmm\n|j|\u2606Angelowos\n|t:|1683931490\n|gametype|doubles\n|player|p1|jffmm|169|\n|player|p2|Angelowos|red|\n|teamsize|p1|6\n|teamsize|p2|6\n|gen|9\n|tier|[Gen 9] VGC 2023 Regulation C\n|rule|Species Clause: Limit one of each Pok\u00e9mon\n|rule|Item Clause: Limit one of each item\n|clearpoke\n|poke|p1|Torkoal, L50, F|\n|poke|p1|Garchomp, L50, M|\n|poke|p1|Rotom-Wash, L50|\n|poke|p1|Goodra, L50, M|\n|poke|p1|Tauros-Paldea-Blaze, L50, M|\n|poke|p1|Staraptor, L50, M|\n|poke|p2|Talonflame, L50, F|\n|poke|p2|Great Tusk, L50|\n|poke|p2|Rotom-Wash, L50|\n|poke|p2|Annihilape, L50, M|\n|poke|p2|Krookodile, L50, F|\n|poke|p2|Gengar, L50, F|\n|teampreview|4\n|j| Bloodycheese\njffmm has agreed to open team sheets.\n|\n|t:|1683931607\n|start\n|switch|p1a: Rotom|Rotom-Wash, L50|100\/100\n|switch|p1b: Garchomp|Garchomp, L50, M|100\/100\n|switch|p2a: Talonflame|Talonflame, L50, F|100\/100\n|switch|p2b: Great Tusk|Great Tusk, L50|100\/100\n|turn|1\n|j| They war of 3\n|\n|t:|1683931677\n|-end|p2b: Great Tusk|Protosynthesis|[silent]\n|switch|p2b: Krookodile|Krookodile, L50, F|100\/100\n|-ability|p2b: Krookodile|Intimidate|boost\n|-unboost|p1a: Rotom|atk|1\n|-unboost|p1b: Garchomp|atk|1\n|move|p2a: Talonflame|Protect|p2a: Talonflame\n|-singleturn|p2a: Talonflame|Protect\n|move|p1b: Garchomp|Dragon Claw|p2b: Krookodile\n|-damage|p2b: Krookodile|75\/100\n|move|p1a: Rotom|Volt Switch|p2a: Talonflame\n|-activate|p2a: Talonflame|move: Protect\n|\n|upkeep\n|turn|2\n|\n|t:|1683931705\n|switch|p2a: Great Tusk|Great Tusk, L50|100\/100\n|move|p1b: Garchomp|Dragon Claw|p2a: Great Tusk\n|-damage|p2a: Great Tusk|80\/100\n|move|p2b: Krookodile|Snarl|p1b: Garchomp|[spread] p1a,p1b\n|-damage|p1a: Rotom|90\/100\n|-damage|p1b: Garchomp|87\/100\n|-unboost|p1a: Rotom|spa|1\n|-unboost|p1b: Garchomp|spa|1\n|move|p1a: Rotom|Hydro Pump|p2b: Krookodile\n|-supereffective|p2b: Krookodile\n|-damage|p2b: Krookodile|24\/100\n|\n|upkeep\n|turn|3\n|\n|t:|1683931755\n|move|p2b: Krookodile|Helping Hand|p2a: Great Tusk\n|-singleturn|p2a: Great Tusk|Helping Hand|[of] p2b: Krookodile\n|move|p1b: Garchomp|Dragon Claw|p2b: Krookodile\n|-damage|p2b: Krookodile|0 fnt\n|faint|p2b: Krookodile\n|move|p2a: Great Tusk|Headlong Rush|p1b: Garchomp\n|-crit|p1b: Garchomp\n|-damage|p1b: Garchomp|0 fnt\n|-unboost|p2a: Great Tusk|def|1\n|-unboost|p2a: Great Tusk|spd|1\n|-damage|p2a: Great Tusk|68\/100|[from] ability: Rough Skin|[of] p1b: Garchomp\n|faint|p1b: Garchomp\n|move|p1a: Rotom|Hydro Pump|p2a: Great Tusk\n|-supereffective|p2a: Great Tusk\n|-damage|p2a: Great Tusk|0 fnt\n|faint|p2a: Great Tusk\n|-end|p2a: Great Tusk|Protosynthesis|[silent]\n|\n|upkeep\n|\n|t:|1683931778\n|switch|p1b: Tauros|Tauros-Paldea-Blaze, L50, M|100\/100\n|switch|p2b: Rotom|Rotom-Wash, L50|100\/100\n|switch|p2a: Talonflame|Talonflame, L50, F|100\/100\n|-ability|p1b: Tauros|Intimidate|boost\n|-unboost|p2a: Talonflame|atk|1\n|-unboost|p2b: Rotom|atk|1\n|turn|4\n|\n|t:|1683931822\n|-terastallize|p2b: Rotom|Electric\n|move|p2a: Talonflame|Protect|p2a: Talonflame\n|-singleturn|p2a: Talonflame|Protect\n|move|p1b: Tauros|Stone Edge|p2a: Talonflame\n|-activate|p2a: Talonflame|move: Protect\n|move|p2b: Rotom|Discharge|p1b: Tauros|[spread] p1a,p1b\n|-activate|p2a: Talonflame|move: Protect\n|-damage|p1a: Rotom|53\/100\n|-damage|p1b: Tauros|39\/100\n|-status|p1b: Tauros|par\n|move|p1a: Rotom|Volt Switch|p2a: Talonflame\n|-activate|p2a: Talonflame|move: Protect\n|\n|-heal|p1b: Tauros|45\/100 par|[from] item: Leftovers\n|upkeep\n|turn|5\n|\n|t:|1683931868\n|-terastallize|p1a: Rotom|Electric\n|move|p2a: Talonflame|Tailwind|p2a: Talonflame\n|-sidestart|p2: Angelowos|move: Tailwind\n|move|p2b: Rotom|Discharge|p1a: Rotom|[spread] p2a,p1a,p1b\n|-supereffective|p2a: Talonflame\n|-resisted|p1a: Rotom\n|-enditem|p2a: Talonflame|Focus Sash\n|-damage|p2a: Talonflame|1\/100\n|-damage|p1a: Rotom|36\/100\n|-damage|p1b: Tauros|0 fnt\n|-enditem|p1a: Rotom|Sitrus Berry|[eat]\n|-heal|p1a: Rotom|61\/100|[from] item: Sitrus Berry\n|faint|p1b: Tauros\n|move|p1a: Rotom|Volt Switch|p2a: Talonflame\n|-supereffective|p2a: Talonflame\n|-damage|p2a: Talonflame|0 fnt\n|faint|p2a: Talonflame\n|\n|t:|1683931885\n|switch|p1a: Staraptor|Staraptor, L50, M|100\/100|[from] Volt Switch\n|\n|upkeep\n|\n|t:|1683931891\n|switch|p1b: Rotom|Rotom-Wash, L50, tera:Electric|61\/100\n|turn|6\n|\n|t:|1683931920\n|move|p1b: Rotom|Protect|p1b: Rotom\n|-singleturn|p1b: Rotom|Protect\n|move|p2b: Rotom|Discharge|p1a: Staraptor|[spread] p1a\n|-activate|p1b: Rotom|move: Protect\n|-supereffective|p1a: Staraptor\n|-damage|p1a: Staraptor|0 fnt\n|faint|p1a: Staraptor\n|\n|upkeep\n|turn|7\n|\n|t:|1683931932\n|move|p2b: Rotom|Discharge|p1b: Rotom\n|-resisted|p1b: Rotom\n|-damage|p1b: Rotom|39\/100\n|move|p1b: Rotom|Will-O-Wisp|p2b: Rotom\n|-status|p2b: Rotom|brn\n|\n|-damage|p2b: Rotom|95\/100 brn|[from] brn\n|upkeep\n|turn|8\n|\n|t:|1683931951\n|move|p2b: Rotom|Thunderbolt|p1b: Rotom\n|-resisted|p1b: Rotom\n|-damage|p1b: Rotom|9\/100\n|move|p1b: Rotom|Volt Switch|p2b: Rotom\n|-resisted|p2b: Rotom\n|-crit|p2b: Rotom\n|-damage|p2b: Rotom|67\/100 brn\n|\n|-damage|p2b: Rotom|61\/100 brn|[from] brn\n|-sideend|p2: Angelowos|move: Tailwind\n|upkeep\n|turn|9\n|\n|t:|1683931963\n|move|p1b: Rotom|Protect|p1b: Rotom\n|-singleturn|p1b: Rotom|Protect\n|move|p2b: Rotom|Discharge|p1b: Rotom\n|-activate|p1b: Rotom|move: Protect\n|\n|-damage|p2b: Rotom|56\/100 brn|[from] brn\n|upkeep\n|turn|10\n|\n|t:|1683931979\n|move|p2b: Rotom|Discharge|p1b: Rotom\n|-resisted|p1b: Rotom\n|-damage|p1b: Rotom|0 fnt\n|faint|p1b: Rotom\n|\n|win|Angelowos\n","uploadtime":1683931986,"views":10,"p1id":"jffmm","p2id":"angelowos","formatid":"gen9vgc2023regulationc","rating":0,"private":0,"password":""}