{"id":"gen9vgc2023regulationc-1853263962","p1":"XxKillGore642xX","p2":"fatdaddymac","format":"[Gen 9] VGC 2023 Regulation C","log":"|j|\u2606XxKillGore642xX\n|j|\u2606fatdaddymac\n|t:|1682657149\n|gametype|doubles\n|player|p1|XxKillGore642xX|2|1074\n|player|p2|fatdaddymac|waiter-gen4|1050\n|teamsize|p1|6\n|teamsize|p2|6\n|gen|9\n|tier|[Gen 9] VGC 2023 Regulation C\n|rated|\n|rule|Species Clause: Limit one of each Pok\u00e9mon\n|rule|Item Clause: Limit one of each item\n|clearpoke\n|poke|p1|Wo-Chien, L50|\n|poke|p1|Gothitelle, L50, F|\n|poke|p1|Arboliva, L50, F|\n|poke|p1|Chien-Pao, L50|\n|poke|p1|Gallade, L50, M|\n|poke|p1|Gyarados, L50, F|\n|poke|p2|Oricorio-Pom-Pom, L50, F|\n|poke|p2|Volcarona, L50, F|\n|poke|p2|Indeedee-F, L50, F|\n|poke|p2|Iron Hands, L50|\n|poke|p2|Grimmsnarl, L50, M|\n|poke|p2|Sableye, L50, F|\n|teampreview|4\n|\n|t:|1682657198\n|start\n|switch|p1a: Wo-Chien|Wo-Chien, L50|100\/100\n|switch|p1b: Gothitelle|Gothitelle, L50, F|100\/100\n|switch|p2a: Sableye|Sableye, L50, F|100\/100\n|switch|p2b: Grimmsnarl|Grimmsnarl, L50, M, shiny|100\/100\n|-ability|p1a: Wo-Chien|Tablets of Ruin\n|turn|1\n|\n|t:|1682657217\n|move|p2b: Grimmsnarl|Taunt|p1a: Wo-Chien\n|-hint|Since gen 7, Dark is immune to Prankster moves.\n|-immune|p1a: Wo-Chien\n|move|p2a: Sableye|Light Screen|p2a: Sableye\n|-sidestart|p2: fatdaddymac|move: Light Screen\n|move|p1a: Wo-Chien|Taunt|p2b: Grimmsnarl\n|-start|p2b: Grimmsnarl|move: Taunt\n|-enditem|p2b: Grimmsnarl|Mental Herb\n|-end|p2b: Grimmsnarl|move: Taunt\n|move|p1b: Gothitelle|Trick Room|p1b: Gothitelle\n|-fieldstart|move: Trick Room|[of] p1b: Gothitelle\n|\n|-damage|p1a: Wo-Chien|88\/100|[from] item: Black Sludge\n|upkeep\n|turn|2\n|\n|t:|1682657246\n|-terastallize|p1a: Wo-Chien|Poison\n|move|p2a: Sableye|Encore|p1b: Gothitelle\n|-start|p1b: Gothitelle|Encore\n|move|p2b: Grimmsnarl|Parting Shot|p1a: Wo-Chien\n|-unboost|p1a: Wo-Chien|atk|1\n|-unboost|p1a: Wo-Chien|spa|1\n|\n|t:|1682657253\n|switch|p2b: Volcarona|Volcarona, L50, F, shiny|100\/100|[from] Parting Shot\n|move|p1b: Gothitelle|Trick Room|p1b: Gothitelle\n|-fieldend|move: Trick Room\n|move|p1a: Wo-Chien|Tera Blast|p2b: Volcarona\n|-damage|p2b: Volcarona|86\/100\n|\n|-heal|p1a: Wo-Chien|94\/100|[from] item: Black Sludge\n|upkeep\n|turn|3\n|\n|t:|1682657280\n|switch|p1b: Gallade|Gallade, L50, M|100\/100\n|move|p2a: Sableye|Disable||[still]\n|-fail|p2a: Sableye\n|move|p2b: Volcarona|Quiver Dance|p2b: Volcarona\n|-boost|p2b: Volcarona|spa|1\n|-boost|p2b: Volcarona|spd|1\n|-boost|p2b: Volcarona|spe|1\n|move|p1a: Wo-Chien|Taunt|p2b: Volcarona\n|-start|p2b: Volcarona|move: Taunt\n|\n|-heal|p1a: Wo-Chien|99\/100|[from] item: Black Sludge\n|upkeep\n|turn|4\n|\n|t:|1682657309\n|move|p2a: Sableye|Thunder Wave|p1b: Gallade\n|-status|p1b: Gallade|par\n|move|p2b: Volcarona|Fiery Dance|p1b: Gallade\n|-damage|p1b: Gallade|34\/100 par\n|move|p1a: Wo-Chien|Tera Blast|p2b: Volcarona\n|-damage|p2b: Volcarona|77\/100\n|cant|p1b: Gallade|par\n|\n|-heal|p1a: Wo-Chien|100\/100|[from] item: Black Sludge\n|upkeep\n|turn|5\n|\n|t:|1682657335\n|move|p2a: Sableye|Disable|p1a: Wo-Chien\n|-start|p1a: Wo-Chien|Disable|Tera Blast\n|move|p2b: Volcarona|Fiery Dance|p1b: Gallade\n|-damage|p1b: Gallade|0 fnt\n|-boost|p2b: Volcarona|spa|1\n|faint|p1b: Gallade\n|move|p1a: Wo-Chien|Leech Seed|p2b: Volcarona\n|-start|p2b: Volcarona|move: Leech Seed\n|\n|-damage|p2b: Volcarona|64\/100|[from] Leech Seed|[of] p1a: Wo-Chien\n|-sideend|p2: fatdaddymac|move: Light Screen\n|upkeep\n|\n|t:|1682657353\n|switch|p1b: Gothitelle|Gothitelle, L50, F|100\/100\n|turn|6\n|\n|t:|1682657367\n|move|p2a: Sableye|Thunder Wave|p1b: Gothitelle\n|-status|p1b: Gothitelle|par\n|move|p2b: Volcarona|Fiery Dance|p1a: Wo-Chien\n|-damage|p1a: Wo-Chien|37\/100\n|move|p1a: Wo-Chien|Ingrain|p1a: Wo-Chien\n|-start|p1a: Wo-Chien|move: Ingrain\n|move|p1b: Gothitelle|Hypnosis|p2b: Volcarona\n|-status|p2b: Volcarona|slp|[from] move: Hypnosis\n|\n|-heal|p1a: Wo-Chien|43\/100|[from] item: Black Sludge\n|-heal|p1a: Wo-Chien|49\/100|[from] Ingrain\n|-damage|p2b: Volcarona|52\/100 slp|[from] Leech Seed|[of] p1a: Wo-Chien\n|-heal|p1a: Wo-Chien|59\/100|[silent]\n|-end|p2b: Volcarona|move: Taunt\n|upkeep\n|turn|7\n|\n|t:|1682657400\n|move|p2a: Sableye|Disable|p1b: Gothitelle\n|-start|p1b: Gothitelle|Disable|Hypnosis\n|cant|p2b: Volcarona|slp\n|move|p1a: Wo-Chien|Leech Seed|p2a: Sableye\n|-start|p2a: Sableye|move: Leech Seed\n|cant|p1b: Gothitelle|par\n|\n|-heal|p1a: Wo-Chien|65\/100|[from] item: Black Sludge\n|-heal|p1a: Wo-Chien|71\/100|[from] Ingrain\n|-damage|p2b: Volcarona|40\/100 slp|[from] Leech Seed|[of] p1a: Wo-Chien\n|-heal|p1a: Wo-Chien|81\/100|[silent]\n|-damage|p2a: Sableye|88\/100|[from] Leech Seed|[of] p1a: Wo-Chien\n|-heal|p1a: Wo-Chien|91\/100|[silent]\n|upkeep\n|-enditem|p2b: Volcarona|Sitrus Berry|[eat]\n|-heal|p2b: Volcarona|64\/100 slp|[from] item: Sitrus Berry\n|turn|8\n|\n|t:|1682657427\n|move|p2a: Sableye|Encore|p1a: Wo-Chien\n|-start|p1a: Wo-Chien|Encore\n|cant|p2b: Volcarona|slp\n|move|p1a: Wo-Chien|Leech Seed||[still]\n|-fail|p1a: Wo-Chien\n|move|p1b: Gothitelle|Psychic|p2b: Volcarona\n|-damage|p2b: Volcarona|43\/100 slp\n|\n|-heal|p1a: Wo-Chien|97\/100|[from] item: Black Sludge\n|-heal|p1a: Wo-Chien|100\/100|[from] Ingrain\n|-damage|p2b: Volcarona|31\/100 slp|[from] Leech Seed|[of] p1a: Wo-Chien\n|-damage|p2a: Sableye|76\/100|[from] Leech Seed|[of] p1a: Wo-Chien\n|-end|p1a: Wo-Chien|Disable\n|upkeep\n|turn|9\n|\n|t:|1682657465\n|switch|p1b: Chien-Pao|Chien-Pao, L50|100\/100\n|-ability|p1b: Chien-Pao|Sword of Ruin\n|move|p2a: Sableye|Light Screen|p2a: Sableye\n|-sidestart|p2: fatdaddymac|move: Light Screen\n|-curestatus|p2b: Volcarona|slp|[msg]\n|move|p2b: Volcarona|Giga Drain|p1b: Chien-Pao\n|-damage|p1b: Chien-Pao|10\/100\n|-heal|p2b: Volcarona|75\/100|[from] drain|[of] p1b: Chien-Pao\n|move|p1a: Wo-Chien|Leech Seed||[still]\n|-fail|p1a: Wo-Chien\n|\n|-damage|p2b: Volcarona|63\/100|[from] Leech Seed|[of] p1a: Wo-Chien\n|-damage|p2a: Sableye|64\/100|[from] Leech Seed|[of] p1a: Wo-Chien\n|upkeep\n|turn|10\n|\n|t:|1682657488\n|move|p1b: Chien-Pao|Sucker Punch|p2b: Volcarona\n|-damage|p2b: Volcarona|5\/100\n|move|p2a: Sableye|Thunder Wave|p1b: Chien-Pao\n|-hint|Since gen 7, Dark is immune to Prankster moves.\n|-immune|p1b: Chien-Pao\n|move|p2b: Volcarona|Fiery Dance|p1b: Chien-Pao\n|-supereffective|p1b: Chien-Pao\n|-damage|p1b: Chien-Pao|0 fnt\n|-boost|p2b: Volcarona|spa|1\n|faint|p1b: Chien-Pao\n|move|p1a: Wo-Chien|Leech Seed||[still]\n|-fail|p1a: Wo-Chien\n|\n|-damage|p2b: Volcarona|0 fnt|[from] Leech Seed|[of] p1a: Wo-Chien\n|faint|p2b: Volcarona\n|-damage|p2a: Sableye|52\/100|[from] Leech Seed|[of] p1a: Wo-Chien\n|-end|p1a: Wo-Chien|Encore\n|upkeep\n|\n|t:|1682657509\n|switch|p1b: Gothitelle|Gothitelle, L50, F|100\/100 par\n|switch|p2b: Grimmsnarl|Grimmsnarl, L50, M, shiny|100\/100\n|turn|11\n|\n|t:|1682657525\n|move|p2b: Grimmsnarl|Taunt|p1b: Gothitelle\n|-start|p1b: Gothitelle|move: Taunt\n|move|p2a: Sableye|Thunder Wave|p1a: Wo-Chien\n|-status|p1a: Wo-Chien|par\n|move|p1a: Wo-Chien|Tera Blast|p2b: Grimmsnarl\n|-supereffective|p2b: Grimmsnarl\n|-damage|p2b: Grimmsnarl|78\/100\n|cant|p1b: Gothitelle|move: Taunt|Trick Room\n|\n|-damage|p2a: Sableye|40\/100|[from] Leech Seed|[of] p1a: Wo-Chien\n|upkeep\n|turn|12\n|\n|t:|1682657549\n|move|p2b: Grimmsnarl|Parting Shot|p1a: Wo-Chien\n|-unboost|p1a: Wo-Chien|atk|1\n|-unboost|p1a: Wo-Chien|spa|1\n|\n|t:|1682657553\n|switch|p2b: Oricorio|Oricorio-Pom-Pom, L50, F, shiny|100\/100|[from] Parting Shot\n|move|p2a: Sableye|Disable||[still]\n|-fail|p2a: Sableye\n|cant|p1a: Wo-Chien|par\n|move|p1b: Gothitelle|Psychic|p2a: Sableye\n|-immune|p2a: Sableye\n|\n|-damage|p2a: Sableye|27\/100|[from] Leech Seed|[of] p1a: Wo-Chien\n|upkeep\n|turn|13\n|\n|t:|1682657581\n|move|p2b: Oricorio|Protect|p2b: Oricorio\n|-singleturn|p2b: Oricorio|Protect\n|move|p2a: Sableye|Light Screen||[still]\n|-fail|p2a: Sableye\n|cant|p1a: Wo-Chien|par\n|cant|p1b: Gothitelle|par\n|\n|-damage|p2a: Sableye|15\/100|[from] Leech Seed|[of] p1a: Wo-Chien\n|-end|p1b: Gothitelle|move: Taunt\n|-sideend|p2: fatdaddymac|move: Light Screen\n|upkeep\n|turn|14\n|\n|t:|1682657603\n|move|p2a: Sableye|Light Screen|p2a: Sableye\n|-sidestart|p2: fatdaddymac|move: Light Screen\n|move|p2b: Oricorio|Quiver Dance|p2b: Oricorio\n|-boost|p2b: Oricorio|spa|1\n|-boost|p2b: Oricorio|spd|1\n|-boost|p2b: Oricorio|spe|1\n|move|p1a: Wo-Chien|Leech Seed|p2b: Oricorio\n|-start|p2b: Oricorio|move: Leech Seed\n|move|p1b: Gothitelle|Hypnosis|p2b: Oricorio|[miss]\n|-miss|p1b: Gothitelle|p2b: Oricorio\n|\n|-damage|p2b: Oricorio|88\/100|[from] Leech Seed|[of] p1a: Wo-Chien\n|-damage|p2a: Sableye|3\/100|[from] Leech Seed|[of] p1a: Wo-Chien\n|upkeep\n|turn|15\n|\n|t:|1682657627\n|move|p2a: Sableye|Disable|p1b: Gothitelle\n|-start|p1b: Gothitelle|Disable|Hypnosis\n|move|p2b: Oricorio|Quiver Dance|p2b: Oricorio\n|-boost|p2b: Oricorio|spa|1\n|-boost|p2b: Oricorio|spd|1\n|-boost|p2b: Oricorio|spe|1\n|cant|p1a: Wo-Chien|par\n|move|p1b: Gothitelle|Trick Room|p1b: Gothitelle\n|-fieldstart|move: Trick Room|[of] p1b: Gothitelle\n|\n|-damage|p2a: Sableye|0 fnt|[from] Leech Seed|[of] p1a: Wo-Chien\n|faint|p2a: Sableye\n|-damage|p2b: Oricorio|76\/100|[from] Leech Seed|[of] p1a: Wo-Chien\n|upkeep\n|\n|t:|1682657642\n|switch|p2a: Grimmsnarl|Grimmsnarl, L50, M, shiny|78\/100\n|turn|16\n|\n|t:|1682657652\n|move|p2a: Grimmsnarl|Taunt|p1b: Gothitelle\n|-start|p1b: Gothitelle|move: Taunt\n|move|p1b: Gothitelle|Psychic|p2b: Oricorio\n|-damage|p2b: Oricorio|60\/100\n|-unboost|p2b: Oricorio|spd|1\n|move|p1a: Wo-Chien|Leech Seed|p2a: Grimmsnarl\n|-start|p2a: Grimmsnarl|move: Leech Seed\n|move|p2b: Oricorio|Revelation Dance|p1a: Wo-Chien\n|-damage|p1a: Wo-Chien|42\/100 par\n|\n|-heal|p1a: Wo-Chien|48\/100 par|[from] item: Black Sludge\n|-heal|p1a: Wo-Chien|54\/100 par|[from] Ingrain\n|-damage|p2a: Grimmsnarl|66\/100|[from] Leech Seed|[of] p1a: Wo-Chien\n|-heal|p1a: Wo-Chien|66\/100 par|[silent]\n|-damage|p2b: Oricorio|48\/100|[from] Leech Seed|[of] p1a: Wo-Chien\n|-heal|p1a: Wo-Chien|76\/100 par|[silent]\n|upkeep\n|turn|17\n|\n|t:|1682657679\n|move|p2a: Grimmsnarl|Taunt|p1a: Wo-Chien\n|-start|p1a: Wo-Chien|move: Taunt\n|move|p1b: Gothitelle|Psychic|p2b: Oricorio\n|-damage|p2b: Oricorio|27\/100\n|move|p1a: Wo-Chien|Tera Blast|p2b: Oricorio\n|-crit|p2b: Oricorio\n|-damage|p2b: Oricorio|0 fnt\n|faint|p2b: Oricorio\n|\n|-heal|p1a: Wo-Chien|82\/100 par|[from] item: Black Sludge\n|-heal|p1a: Wo-Chien|87\/100 par|[from] Ingrain\n|-damage|p2a: Grimmsnarl|54\/100|[from] Leech Seed|[of] p1a: Wo-Chien\n|-heal|p1a: Wo-Chien|99\/100 par|[silent]\n|upkeep\n|turn|18\n|-message|fatdaddymac forfeited.\n|\n|win|XxKillGore642xX\n|raw|XxKillGore642xX's rating: 1074 → 1101<\/strong> (+27 for winning)\n|raw|fatdaddymac's rating: 1050 → 1034<\/strong> (-16 for losing)\n","uploadtime":1682657698,"views":13,"p1id":"xxkillgore642xx","p2id":"fatdaddymac","formatid":"gen9vgc2023regulationc","rating":1034,"private":0,"password":""}