{"id":"gen9vgc2023regulationc-1864050743","p1":"Sandy_Simis","p2":"Leore","format":"[Gen 9] VGC 2023 Regulation C","log":"|j|\u2606Sandy_Simis\n|j|\u2606Leore\n|t:|1684110511\n|gametype|doubles\n|player|p1|Sandy_Simis|2|\n|player|p2|Leore|lance|\n|teamsize|p1|6\n|teamsize|p2|6\n|gen|9\n|tier|[Gen 9] VGC 2023 Regulation C\n|rule|Species Clause: Limit one of each Pok\u00e9mon\n|rule|Item Clause: Limit one of each item\n|clearpoke\n|poke|p1|Iron Jugulis, L50|\n|poke|p1|Gholdengo, L50|\n|poke|p1|Amoonguss, L50, F|\n|poke|p1|Garchomp, L50, M|\n|poke|p1|Gyarados, L50, F|\n|poke|p1|Iron Hands, L50|\n|poke|p2|Palafin, L50, F|\n|poke|p2|Flutter Mane, L50|\n|poke|p2|Arcanine, L50, F|\n|poke|p2|Ting-Lu, L50|\n|poke|p2|Amoonguss, L50, F|\n|poke|p2|Kingambit, L50, M|\n|teampreview|4\nLeore has agreed to open team sheets.\n|c|\u2606Sandy_Simis|G2\nSandy_Simis has agreed to open team sheets.\n|j| yomoves\n|\n|t:|1684111239\n|start\n|switch|p1a: Pineapple on Pizza|Garchomp, L50, M|100\/100\n|switch|p1b: Iron Hands|Iron Hands, L50|100\/100\n|switch|p2a: Arcanine|Arcanine, L50, F|100\/100\n|switch|p2b: Amoonguss|Amoonguss, L50, F|100\/100\n|-ability|p2a: Arcanine|Intimidate|boost\n|-unboost|p1a: Pineapple on Pizza|atk|1\n|-unboost|p1b: Iron Hands|atk|1\n|turn|1\n|inactive|Battle timer is ON: inactive players will automatically lose when time's up. (requested by Leore)\n|c| yomoves|Isn't that a violation of timer rule?\n|c|\u2606Leore|what is?\n|inactive|Sandy_Simis has 60 seconds left.\n|c| yomoves|Not announcing reason\n|\n|t:|1684111282\n|-terastallize|p2a: Arcanine|Flying\n|move|p1b: Iron Hands|Fake Out|p2a: Arcanine\n|-damage|p2a: Arcanine|90\/100\n|move|p2b: Amoonguss|Rage Powder|p2b: Amoonguss\n|-singleturn|p2b: Amoonguss|move: Rage Powder\n|move|p1a: Pineapple on Pizza|Rock Slide|p2b: Amoonguss|[spread] p2a,p2b\n|-supereffective|p2a: Arcanine\n|-damage|p2a: Arcanine|49\/100\n|-damage|p2b: Amoonguss|85\/100\n|cant|p2a: Arcanine|flinch\n|\n|upkeep\n|turn|2\n|c| yomoves|He didn't agree to it\n|c|\u2606Leore|timer is standard in ranked\n|c| yomoves|Not in FPL\n|c|\u2606Leore|why does it have to be agreed on?\n|inactive|Sandy_Simis has 30 seconds left.\n|inactive|Leore has 30 seconds left.\n|c| yomoves|FPL rules are no timer unless stalling or prior agreement\n|c|\u2606Sandy_Simis|Some peeps need time to think\n|inactive|Sandy_Simis has 20 seconds left.\n|inactive|Leore has 20 seconds left.\n|inactive|Sandy_Simis has 15 seconds left.\n|inactive|Leore has 15 seconds left.\n|\n|t:|1684111323\n|switch|p2a: Ting-Lu|Ting-Lu, L50|100\/100\n|-ability|p2a: Ting-Lu|Vessel of Ruin\n|move|p1a: Pineapple on Pizza|Rock Slide|p2a: Ting-Lu|[spread] p2a,p2b\n|-resisted|p2a: Ting-Lu\n|-damage|p2a: Ting-Lu|94\/100\n|-damage|p2b: Amoonguss|69\/100\n|move|p1b: Iron Hands|Volt Switch|p2b: Amoonguss\n|-resisted|p2b: Amoonguss\n|-damage|p2b: Amoonguss|65\/100\n|\n|t:|1684111335\n|-end|p1b: Iron Hands|Quark Drive|[silent]\n|switch|p1b: Jerry|Gyarados, L50, F|100\/100|[from] Volt Switch\n|-ability|p1b: Jerry|Intimidate|boost\n|-unboost|p2a: Ting-Lu|atk|1\n|-unboost|p2b: Amoonguss|atk|1\n|move|p2b: Amoonguss|Spore|p1a: Pineapple on Pizza\n|-status|p1a: Pineapple on Pizza|slp|[from] move: Spore\n|\n|upkeep\n|turn|3\n|inactive|Leore has 30 seconds left.\n|inactive|Leore has 20 seconds left.\n|\n|t:|1684111371\n|switch|p1a: I'm The Joker Baby|Iron Jugulis, L50|100\/100\n|-enditem|p1a: I'm The Joker Baby|Booster Energy\n|-activate|p1a: I'm The Joker Baby|ability: Quark Drive|[fromitem]\n|-start|p1a: I'm The Joker Baby|quarkdrivespe\n|switch|p2a: Arcanine|Arcanine, L50, F, tera:Flying|49\/100\n|-ability|p2a: Arcanine|Intimidate|boost\n|-unboost|p1a: I'm The Joker Baby|atk|1\n|-unboost|p1b: Jerry|atk|1\n|move|p1b: Jerry|Taunt|p2b: Amoonguss\n|-start|p2b: Amoonguss|move: Taunt\n|cant|p2b: Amoonguss|move: Taunt|Spore\n|\n|upkeep\n|turn|4\n|\n|t:|1684111393\n|switch|p2a: Ting-Lu|Ting-Lu, L50|94\/100\n|-ability|p2a: Ting-Lu|Vessel of Ruin\n|move|p1a: I'm The Joker Baby|Tailwind|p1a: I'm The Joker Baby\n|-sidestart|p1: Sandy_Simis|move: Tailwind\n|move|p1b: Jerry|Thunder Wave|p2a: Ting-Lu\n|-immune|p2a: Ting-Lu\n|move|p2b: Amoonguss|Pollen Puff|p1a: I'm The Joker Baby\n|-damage|p1a: I'm The Joker Baby|88\/100\n|\n|upkeep\n|turn|5\n|\n|t:|1684111411\n|move|p1a: I'm The Joker Baby|Air Slash|p2b: Amoonguss\n|-supereffective|p2b: Amoonguss\n|-damage|p2b: Amoonguss|27\/100\n|move|p1b: Jerry|Waterfall|p2a: Ting-Lu\n|-supereffective|p2a: Ting-Lu\n|-damage|p2a: Ting-Lu|63\/100\n|cant|p2a: Ting-Lu|flinch\n|cant|p2b: Amoonguss|flinch\n|\n|-end|p2b: Amoonguss|move: Taunt\n|upkeep\n|turn|6\n|\n|t:|1684111425\n|switch|p2a: Arcanine|Arcanine, L50, F, tera:Flying|49\/100\n|-ability|p2a: Arcanine|Intimidate|boost\n|-unboost|p1a: I'm The Joker Baby|atk|1\n|-unboost|p1b: Jerry|atk|1\n|move|p1a: I'm The Joker Baby|Air Slash|p2b: Amoonguss\n|-supereffective|p2b: Amoonguss\n|-damage|p2b: Amoonguss|0 fnt\n|faint|p2b: Amoonguss\n|move|p1b: Jerry|Waterfall|p2a: Arcanine\n|-damage|p2a: Arcanine|31\/100\n|\n|upkeep\n|\n|t:|1684111436\n|switch|p2b: Flutter Mane|Flutter Mane, L50|100\/100\n|-enditem|p2b: Flutter Mane|Booster Energy\n|-activate|p2b: Flutter Mane|ability: Protosynthesis|[fromitem]\n|-start|p2b: Flutter Mane|protosynthesisspa\n|turn|7\n|\n|t:|1684111449\n|move|p1a: I'm The Joker Baby|Protect|p1a: I'm The Joker Baby\n|-singleturn|p1a: I'm The Joker Baby|Protect\n|move|p1b: Jerry|Thunder Wave|p2b: Flutter Mane\n|-status|p2b: Flutter Mane|par\n|move|p2a: Arcanine|Will-O-Wisp|p1b: Jerry\n|-status|p1b: Jerry|brn\n|move|p2b: Flutter Mane|Moonblast|p1a: I'm The Joker Baby\n|-activate|p1a: I'm The Joker Baby|move: Protect\n|\n|-damage|p1b: Jerry|95\/100 brn|[from] brn\n|-sideend|p1: Sandy_Simis|move: Tailwind\n|upkeep\n|turn|8\n|inactive|Sandy_Simis has 30 seconds left.\n|\n|t:|1684111476\n|-terastallize|p1a: I'm The Joker Baby|Steel\n|move|p1a: I'm The Joker Baby|Tailwind|p1a: I'm The Joker Baby\n|-sidestart|p1: Sandy_Simis|move: Tailwind\n|move|p1b: Jerry|Waterfall|p2a: Arcanine\n|-damage|p2a: Arcanine|23\/100\n|cant|p2a: Arcanine|flinch\n|cant|p2b: Flutter Mane|par\n|\n|-damage|p1b: Jerry|89\/100 brn|[from] brn\n|upkeep\n|turn|9\n|\n|t:|1684111495\n|switch|p2a: Ting-Lu|Ting-Lu, L50|63\/100\n|-ability|p2a: Ting-Lu|Vessel of Ruin\n|move|p1a: I'm The Joker Baby|Snarl|p2a: Ting-Lu|[spread] p2b\n|-miss|p1a: I'm The Joker Baby|p2a: Ting-Lu\n|-damage|p2b: Flutter Mane|89\/100 par\n|-unboost|p2b: Flutter Mane|spa|1\n|move|p1b: Jerry|Waterfall|p2a: Ting-Lu\n|-supereffective|p2a: Ting-Lu\n|-damage|p2a: Ting-Lu|51\/100\n|move|p2b: Flutter Mane|Shadow Ball|p1a: I'm The Joker Baby\n|-damage|p1a: I'm The Joker Baby|64\/100\n|-unboost|p1a: I'm The Joker Baby|spd|1\n|\n|-damage|p1b: Jerry|83\/100 brn|[from] brn\n|upkeep\n|turn|10\n|\n|t:|1684111514\n|switch|p1b: Pineapple on Pizza|Garchomp, L50, M|100\/100 slp\n|move|p2b: Flutter Mane|Protect|p2b: Flutter Mane\n|-singleturn|p2b: Flutter Mane|Protect\n|move|p1a: I'm The Joker Baby|Snarl|p2b: Flutter Mane|[spread] p2a\n|-activate|p2b: Flutter Mane|move: Protect\n|-resisted|p2a: Ting-Lu\n|-damage|p2a: Ting-Lu|49\/100\n|-unboost|p2a: Ting-Lu|spa|1\n|move|p2a: Ting-Lu|Earthquake|p1a: I'm The Joker Baby|[spread] p1a,p1b\n|-activate|p2b: Flutter Mane|move: Protect\n|-supereffective|p1a: I'm The Joker Baby\n|-damage|p1a: I'm The Joker Baby|0 fnt\n|-damage|p1b: Pineapple on Pizza|60\/100 slp\n|faint|p1a: I'm The Joker Baby\n|-end|p1a: I'm The Joker Baby|Quark Drive|[silent]\n|\n|upkeep\n|\n|t:|1684111523\n|switch|p1a: Iron Hands|Iron Hands, L50|100\/100\n|turn|11\n|\n|t:|1684111533\n|switch|p1b: Jerry|Gyarados, L50, F|83\/100 brn\n|-ability|p1b: Jerry|Intimidate|boost\n|-unboost|p2a: Ting-Lu|atk|1\n|-unboost|p2b: Flutter Mane|atk|1\n|-end|p2b: Flutter Mane|Protosynthesis|[silent]\n|switch|p2b: Arcanine|Arcanine, L50, F, tera:Flying|23\/100\n|-ability|p2b: Arcanine|Intimidate|boost\n|-unboost|p1a: Iron Hands|atk|1\n|-unboost|p1b: Jerry|atk|1\n|move|p1a: Iron Hands|Thunder Punch|p2b: Arcanine\n|-supereffective|p2b: Arcanine\n|-crit|p2b: Arcanine\n|-damage|p2b: Arcanine|0 fnt\n|faint|p2b: Arcanine\n|move|p2a: Ting-Lu|Earthquake|p1b: Jerry|[spread] p1a\n|-immune|p1b: Jerry\n|-supereffective|p1a: Iron Hands\n|-damage|p1a: Iron Hands|69\/100\n|\n|-damage|p1b: Jerry|77\/100 brn|[from] brn\n|-sideend|p1: Sandy_Simis|move: Tailwind\n|upkeep\n|\n|t:|1684111549\n|switch|p2b: Flutter Mane|Flutter Mane, L50|89\/100 par\n|turn|12\n|\n|t:|1684111560\n|-end|p1a: Iron Hands|Quark Drive|[silent]\n|switch|p1a: Pineapple on Pizza|Garchomp, L50, M|60\/100 slp\n|move|p1b: Jerry|Waterfall|p2a: Ting-Lu\n|-supereffective|p2a: Ting-Lu\n|-damage|p2a: Ting-Lu|35\/100\n|move|p2b: Flutter Mane|Dazzling Gleam|p1a: Pineapple on Pizza|[spread] p1a,p1b\n|-supereffective|p1a: Pineapple on Pizza\n|-damage|p1a: Pineapple on Pizza|9\/100 slp\n|-damage|p1b: Jerry|61\/100 brn\n|move|p2a: Ting-Lu|Stomping Tantrum|p1a: Pineapple on Pizza\n|-damage|p1a: Pineapple on Pizza|0 fnt\n|-damage|p2a: Ting-Lu|23\/100|[from] ability: Rough Skin|[of] p1a: Pineapple on Pizza\n|faint|p1a: Pineapple on Pizza\n|\n|-damage|p1b: Jerry|55\/100 brn|[from] brn\n|upkeep\n|\n|t:|1684111570\n|switch|p1a: Iron Hands|Iron Hands, L50|69\/100\n|turn|13\n|\n|t:|1684111583\n|move|p2b: Flutter Mane|Protect|p2b: Flutter Mane\n|-singleturn|p2b: Flutter Mane|Protect\n|move|p1b: Jerry|Waterfall|p2b: Flutter Mane\n|-activate|p2b: Flutter Mane|move: Protect\n|move|p2a: Ting-Lu|Earthquake|p1a: Iron Hands|[spread] p1a\n|-activate|p2b: Flutter Mane|move: Protect\n|-immune|p1b: Jerry\n|-supereffective|p1a: Iron Hands\n|-damage|p1a: Iron Hands|35\/100\n|move|p1a: Iron Hands|Drain Punch|p2a: Ting-Lu\n|-supereffective|p2a: Ting-Lu\n|-damage|p2a: Ting-Lu|0 fnt\n|-heal|p1a: Iron Hands|46\/100|[from] drain|[of] p2a: Ting-Lu\n|faint|p2a: Ting-Lu\n|\n|-damage|p1b: Jerry|50\/100 brn|[from] brn\n|upkeep\n|turn|14\n|\n|t:|1684111599\n|move|p1b: Jerry|Waterfall|p2b: Flutter Mane\n|-damage|p2b: Flutter Mane|69\/100 par\n|cant|p2b: Flutter Mane|par\n|move|p1a: Iron Hands|Thunder Punch|p2b: Flutter Mane\n|-damage|p2b: Flutter Mane|0 fnt\n|faint|p2b: Flutter Mane\n|-end|p2b: Flutter Mane|Protosynthesis|[silent]\n|\n|win|Sandy_Simis\n|c|\u2606Leore|gg\n","uploadtime":1684111609,"views":21,"p1id":"sandysimis","p2id":"leore","formatid":"gen9vgc2023regulationc","rating":0,"private":0,"password":""}