{"id":"gen9vgc2023regulationc-1864131764","p1":"Yowamushi_pokemon","p2":"Fliipturn","format":"[Gen 9] VGC 2023 Regulation C","log":"|j|\u2606Yowamushi_pokemon\n|j|\u2606Fliipturn\n|t:|1684122170\n|gametype|doubles\n|player|p1|Yowamushi_pokemon|266|1285\n|player|p2|Fliipturn|lucian|1204\n|teamsize|p1|6\n|teamsize|p2|6\n|gen|9\n|tier|[Gen 9] VGC 2023 Regulation C\n|rated|\n|rule|Species Clause: Limit one of each Pok\u00e9mon\n|rule|Item Clause: Limit one of each item\n|clearpoke\n|poke|p1|Dragonite, L50, F|\n|poke|p1|Ting-Lu, L50|\n|poke|p1|Chien-Pao, L50|\n|poke|p1|Flutter Mane, L50|\n|poke|p1|Annihilape, L50, M|\n|poke|p1|Maushold, L50|\n|poke|p2|Baxcalibur, L50, F|\n|poke|p2|Flutter Mane, L50|\n|poke|p2|Arcanine, L50, M|\n|poke|p2|Palafin, L50, M|\n|poke|p2|Amoonguss, L50, M|\n|poke|p2|Iron Hands, L50|\n|teampreview|4\n|inactive|Battle timer is ON: inactive players will automatically lose when time's up. (requested by Fliipturn)\nFliipturn has agreed to open team sheets.\n|inactive|Fliipturn has 60 seconds left.\n|inactive|Fliipturn has 30 seconds left.\n|\n|t:|1684122232\n|start\n|switch|p1a: Annihilape|Annihilape, L50, M|100\/100\n|switch|p1b: Maushold|Maushold, L50|100\/100\n|switch|p2a: Palafin|Palafin, L50, M|100\/100\n|switch|p2b: Flutter Mane|Flutter Mane, L50|100\/100\n|turn|1\n|inactive|Yowamushi_pokemon has 30 seconds left.\n|inactive|Fliipturn has 30 seconds left.\n|\n|t:|1684122274\n|-terastallize|p2b: Flutter Mane|Fairy\n|-terastallize|p1a: Annihilape|Fire\n|move|p2a: Palafin|Protect|p2a: Palafin\n|-singleturn|p2a: Palafin|Protect\n|move|p2b: Flutter Mane|Dazzling Gleam|p1b: Maushold|[spread] p1a,p1b\n|-resisted|p1a: Annihilape\n|-damage|p1a: Annihilape|90\/100\n|-damage|p1b: Maushold|60\/100\n|move|p1b: Maushold|Beat Up|p1a: Annihilape\n|-damage|p1a: Annihilape|87\/100\n|-damage|p1a: Annihilape|85\/100\n|-damage|p1a: Annihilape|83\/100\n|-damage|p1a: Annihilape|81\/100\n|-hitcount|p1a: Annihilape|4\n|move|p1a: Annihilape|Rage Fist|p2b: Flutter Mane\n|-enditem|p2b: Flutter Mane|Focus Sash\n|-damage|p2b: Flutter Mane|1\/100\n|\n|upkeep\n|turn|2\n|inactive|Yowamushi_pokemon has 30 seconds left.\n|inactive|Fliipturn has 30 seconds left.\n|\n|t:|1684122306\n|detailschange|p2a: Palafin|Palafin-Hero, L50, M\n|switch|p2a: Baxcalibur|Baxcalibur, L50, F|100\/100\n|move|p2b: Flutter Mane|Protect|p2b: Flutter Mane\n|-singleturn|p2b: Flutter Mane|Protect\n|move|p1b: Maushold|Follow Me|p1b: Maushold\n|-singleturn|p1b: Maushold|move: Follow Me\n|move|p1a: Annihilape|Rage Fist|p2a: Baxcalibur\n|-damage|p2a: Baxcalibur|0 fnt\n|faint|p2a: Baxcalibur\n|\n|upkeep\n|\n|t:|1684122310\n|switch|p2a: Palafin|Palafin-Hero, L50, M|100\/100\n|-activate|p2a: Palafin|ability: Zero to Hero\n|turn|3\n|\n|t:|1684122325\n|move|p1b: Maushold|Follow Me|p1b: Maushold\n|-singleturn|p1b: Maushold|move: Follow Me\n|move|p2b: Flutter Mane|Moonblast|p1b: Maushold\n|-damage|p1b: Maushold|0 fnt\n|faint|p1b: Maushold\n|move|p2a: Palafin|Wave Crash|p1a: Annihilape\n|-supereffective|p1a: Annihilape\n|-damage|p1a: Annihilape|0 fnt\n|faint|p1a: Annihilape\n|-damage|p2a: Palafin|73\/100|[from] Recoil\n|\n|upkeep\n|\n|t:|1684122339\n|switch|p1b: Chien-Pao|Chien-Pao, L50|100\/100\n|switch|p1a: Flutter Mane|Flutter Mane, L50|100\/100\n|-ability|p1b: Chien-Pao|Sword of Ruin\n|turn|4\n|\n|t:|1684122353\n|move|p1b: Chien-Pao|Sucker Punch|p2a: Palafin\n|-crit|p2a: Palafin\n|-damage|p2a: Palafin|14\/100\n|move|p2a: Palafin|Jet Punch|p1a: Flutter Mane\n|-damage|p1a: Flutter Mane|0 fnt\n|faint|p1a: Flutter Mane\n|-end|p1a: Flutter Mane|Protosynthesis|[silent]\n|move|p2b: Flutter Mane|Dazzling Gleam|p1b: Chien-Pao\n|-supereffective|p1b: Chien-Pao\n|-enditem|p1b: Chien-Pao|Focus Sash\n|-damage|p1b: Chien-Pao|1\/100\n|\n|upkeep\n|turn|5\n|\n|t:|1684122372\n|move|p1b: Chien-Pao|Sucker Punch|p2b: Flutter Mane\n|-resisted|p2b: Flutter Mane\n|-damage|p2b: Flutter Mane|0 fnt\n|faint|p2b: Flutter Mane\n|-end|p2b: Flutter Mane|Protosynthesis|[silent]\n|move|p2a: Palafin|Jet Punch|p1b: Chien-Pao\n|-damage|p1b: Chien-Pao|0 fnt\n|faint|p1b: Chien-Pao\n|\n|win|Fliipturn\n|raw|Yowamushi_pokemon's rating: 1285 → 1254<\/strong> (-31 for losing)\n|raw|Fliipturn's rating: 1204 → 1235<\/strong> (+31 for winning)\n","uploadtime":1684122377,"views":9,"p1id":"yowamushipokemon","p2id":"fliipturn","formatid":"gen9vgc2023regulationc","rating":1235,"private":0,"password":""}