{"id":"gen9vgc2023regulationc-1855705856","p1":"Inwaves22","p2":"ballin on deez","format":"[Gen 9] VGC 2023 Regulation C","log":"|j|\u2606Inwaves22\n|j|\u2606ballin on deez\n|t:|1682975102\n|gametype|doubles\n|player|p1|Inwaves22|falkner|1263\n|player|p2|ballin on deez|psychic-gen4|1304\n|teamsize|p1|6\n|teamsize|p2|6\n|gen|9\n|tier|[Gen 9] VGC 2023 Regulation C\n|rated|\n|rule|Species Clause: Limit one of each Pok\u00e9mon\n|rule|Item Clause: Limit one of each item\n|clearpoke\n|poke|p1|Ceruledge, L50, F|\n|poke|p1|Lycanroc, L50, F|\n|poke|p1|Tyranitar, L50, F|\n|poke|p1|Iron Bundle, L50|\n|poke|p1|Dragonite, L50, F|\n|poke|p1|Sylveon, L50, M|\n|poke|p2|Iron Bundle, L50|\n|poke|p2|Garchomp, L50, M|\n|poke|p2|Gyarados, L50, M|\n|poke|p2|Tinkaton, L50, F|\n|poke|p2|Flutter Mane, L50|\n|poke|p2|Amoonguss, L50, M|\n|teampreview|4\n|\n|t:|1682975170\n|start\n|switch|p1a: Lycanroc|Lycanroc, L50, F, shiny|100\/100\n|switch|p1b: Tyranitar|Tyranitar, L50, F, shiny|100\/100\n|switch|p2a: Garchomp|Garchomp, L50, M|100\/100\n|switch|p2b: Gyarados|Gyarados, L50, M|100\/100\n|-ability|p2b: Gyarados|Intimidate|boost\n|-unboost|p1a: Lycanroc|atk|1\n|-unboost|p1b: Tyranitar|atk|1\n|-weather|Sandstorm|[from] ability: Sand Stream|[of] p1b: Tyranitar\n|turn|1\n|\n|t:|1682975204\n|-terastallize|p1b: Tyranitar|Flying\n|move|p1a: Lycanroc|Howl|p1a: Lycanroc|[spread] p1a,p1b\n|-boost|p1a: Lycanroc|atk|1\n|-boost|p1b: Tyranitar|atk|1\n|move|p2a: Garchomp|Earthquake|p1a: Lycanroc|[spread] p1a\n|-immune|p2b: Gyarados\n|-immune|p1b: Tyranitar\n|-supereffective|p1a: Lycanroc\n|-enditem|p1a: Lycanroc|Focus Sash\n|-damage|p1a: Lycanroc|1\/100\n|move|p2b: Gyarados|Thunder Wave|p1a: Lycanroc\n|-status|p1a: Lycanroc|par\n|move|p1b: Tyranitar|Ice Punch|p2a: Garchomp\n|-supereffective|p2a: Garchomp\n|-damage|p2a: Garchomp|0 fnt\n|-damage|p1b: Tyranitar|88\/100|[from] ability: Rough Skin|[of] p2a: Garchomp\n|faint|p2a: Garchomp\n|\n|-weather|Sandstorm|[upkeep]\n|-damage|p1b: Tyranitar|83\/100|[from] Sandstorm\n|upkeep\n|\n|t:|1682975222\n|switch|p2a: Tinkaton|Tinkaton, L50, F|100\/100\n|turn|2\n|\n|t:|1682975245\n|move|p2a: Tinkaton|Fake Out|p1b: Tyranitar\n|-damage|p1b: Tyranitar|74\/100\n|move|p1a: Lycanroc|Close Combat|p2a: Tinkaton\n|-damage|p2a: Tinkaton|51\/100\n|-unboost|p1a: Lycanroc|def|1\n|-unboost|p1a: Lycanroc|spd|1\n|move|p2b: Gyarados|Waterfall|p1a: Lycanroc\n|-supereffective|p1a: Lycanroc\n|-damage|p1a: Lycanroc|0 fnt\n|faint|p1a: Lycanroc\n|cant|p1b: Tyranitar|flinch\n|\n|-weather|Sandstorm|[upkeep]\n|-damage|p1b: Tyranitar|68\/100|[from] Sandstorm\n|upkeep\n|\n|t:|1682975264\n|switch|p1a: Iron Bundle|Iron Bundle, L50, shiny|100\/100\n|-enditem|p1a: Iron Bundle|Booster Energy\n|-activate|p1a: Iron Bundle|ability: Quark Drive|[fromitem]\n|-start|p1a: Iron Bundle|quarkdrivespe\n|turn|3\n|\n|t:|1682975284\n|-terastallize|p2b: Gyarados|Steel\n|move|p1a: Iron Bundle|Hydro Pump|p2a: Tinkaton\n|-crit|p2a: Tinkaton\n|-damage|p2a: Tinkaton|0 fnt\n|faint|p2a: Tinkaton\n|move|p2b: Gyarados|Iron Head|p1b: Tyranitar\n|-damage|p1b: Tyranitar|38\/100\n|move|p1b: Tyranitar|Rock Slide|p2b: Gyarados\n|-resisted|p2b: Gyarados\n|-damage|p2b: Gyarados|79\/100\n|\n|-weather|Sandstorm|[upkeep]\n|-damage|p1a: Iron Bundle|94\/100|[from] Sandstorm\n|-damage|p1b: Tyranitar|32\/100|[from] Sandstorm\n|upkeep\n|\n|t:|1682975293\n|switch|p2a: Amoonguss|Amoonguss, L50, M|100\/100\n|turn|4\n|\n|t:|1682975309\n|move|p1a: Iron Bundle|Freeze-Dry|p2b: Gyarados\n|-resisted|p2b: Gyarados\n|-damage|p2b: Gyarados|66\/100\n|move|p2b: Gyarados|Waterfall|p1b: Tyranitar\n|-damage|p1b: Tyranitar|1\/100\n|move|p1b: Tyranitar|Tera Blast|p2a: Amoonguss\n|-supereffective|p2a: Amoonguss\n|-crit|p2a: Amoonguss\n|-damage|p2a: Amoonguss|0 fnt\n|faint|p2a: Amoonguss\n|\n|-weather|Sandstorm|[upkeep]\n|-damage|p1a: Iron Bundle|88\/100|[from] Sandstorm\n|-damage|p1b: Tyranitar|0 fnt|[from] Sandstorm\n|faint|p1b: Tyranitar\n|upkeep\n|\n|t:|1682975337\n|switch|p1b: Dragonite|Dragonite, L50, F|100\/100\n|turn|5\n|-message|ballin on deez forfeited.\n|\n|win|Inwaves22\n|raw|Inwaves22's rating: 1263 → 1291<\/strong> (+28 for winning)\n|raw|ballin on deez's rating: 1304 → 1282<\/strong> (-22 for losing)\n","uploadtime":1682975357,"views":12,"p1id":"inwaves22","p2id":"ballinondeez","formatid":"gen9vgc2023regulationc","rating":1282,"private":0,"password":""}