{"id":"gen9vgc2023regulationc-1857414608","p1":"Will-Halpert","p2":"letcheflan","format":"[Gen 9] VGC 2023 Regulation C","log":"|j|\u2606Will-Halpert\n|j|\u2606letcheflan\n|t:|1683189327\n|gametype|doubles\n|player|p1|Will-Halpert|265|1123\n|player|p2|letcheflan|2|1093\n|teamsize|p1|6\n|teamsize|p2|6\n|gen|9\n|tier|[Gen 9] VGC 2023 Regulation C\n|rated|\n|rule|Species Clause: Limit one of each Pok\u00e9mon\n|rule|Item Clause: Limit one of each item\n|clearpoke\n|poke|p1|Roaring Moon, L50|\n|poke|p1|Gholdengo, L50|\n|poke|p1|Iron Bundle, L50|\n|poke|p1|Iron Hands, L50|\n|poke|p1|Maushold-Four, L50|\n|poke|p1|Arcanine, L50, F|\n|poke|p2|Lucario, L50, F|\n|poke|p2|Amoonguss, L50, F|\n|poke|p2|Gyarados, L50, M|\n|poke|p2|Ceruledge, L50, F|\n|poke|p2|Raichu, L50, M|\n|poke|p2|Garchomp, L50, M|\n|teampreview|4\n|\n|t:|1683189363\n|start\n|switch|p1a: Arcanine|Arcanine, L50, F|100\/100\n|switch|p1b: Maushold|Maushold-Four, L50|100\/100\n|switch|p2a: Gyarados|Gyarados, L50, M|100\/100\n|switch|p2b: Amoonguss|Amoonguss, L50, F|100\/100\n|-ability|p2a: Gyarados|Intimidate|boost\n|-unboost|p1a: Arcanine|atk|1\n|-unboost|p1b: Maushold|atk|1\n|-ability|p1a: Arcanine|Intimidate|boost\n|-unboost|p2a: Gyarados|atk|1\n|-unboost|p2b: Amoonguss|atk|1\n|turn|1\n|\n|t:|1683189388\n|switch|p2a: Garchomp|Garchomp, L50, M|100\/100\n|switch|p1a: Roaring Moon|Roaring Moon, L50|100\/100\n|-enditem|p1a: Roaring Moon|Booster Energy\n|-activate|p1a: Roaring Moon|ability: Protosynthesis|[fromitem]\n|-start|p1a: Roaring Moon|protosynthesisatk\n|move|p1b: Maushold|Protect|p1b: Maushold\n|-singleturn|p1b: Maushold|Protect\n|move|p2b: Amoonguss|Spore|p1a: Roaring Moon\n|-status|p1a: Roaring Moon|slp|[from] move: Spore\n|\n|upkeep\n|turn|2\n|\n|t:|1683189412\n|-end|p1a: Roaring Moon|Protosynthesis|[silent]\n|switch|p1a: Iron Bundle|Iron Bundle, L50|100\/100\n|move|p1b: Maushold|Super Fang|p2a: Garchomp\n|-damage|p2a: Garchomp|51\/100\n|-damage|p1b: Maushold|88\/100|[from] ability: Rough Skin|[of] p2a: Garchomp\n|-damage|p1b: Maushold|72\/100|[from] item: Rocky Helmet|[of] p2a: Garchomp\n|move|p2a: Garchomp|Dragon Claw|p1a: Iron Bundle\n|-damage|p1a: Iron Bundle|63\/100\n|move|p2b: Amoonguss|Spore|p1b: Maushold\n|-activate|p1b: Maushold|item: Safety Goggles|Spore\n|\n|upkeep\n|turn|3\n|\n|t:|1683189434\n|switch|p2a: Lucario|Lucario, L50, F|100\/100\n|move|p1b: Maushold|Follow Me|p1b: Maushold\n|-singleturn|p1b: Maushold|move: Follow Me\n|move|p2b: Amoonguss|Rage Powder|p2b: Amoonguss\n|-singleturn|p2b: Amoonguss|move: Rage Powder\n|move|p1a: Iron Bundle|Freeze-Dry|p2b: Amoonguss\n|-supereffective|p2b: Amoonguss\n|-damage|p2b: Amoonguss|52\/100\n|\n|upkeep\n|turn|4\n|\n|t:|1683189460\n|move|p2b: Amoonguss|Rage Powder|p2b: Amoonguss\n|-singleturn|p2b: Amoonguss|move: Rage Powder\n|move|p1a: Iron Bundle|Freeze-Dry|p2b: Amoonguss\n|-supereffective|p2b: Amoonguss\n|-damage|p2b: Amoonguss|5\/100\n|-enditem|p2b: Amoonguss|Sitrus Berry|[eat]\n|-heal|p2b: Amoonguss|30\/100|[from] item: Sitrus Berry\n|move|p1b: Maushold|Super Fang|p2a: Lucario\n|-damage|p2a: Lucario|50\/100\n|move|p2a: Lucario|Aura Sphere|p1a: Iron Bundle\n|-supereffective|p1a: Iron Bundle\n|-damage|p1a: Iron Bundle|0 fnt\n|faint|p1a: Iron Bundle\n|-end|p1a: Iron Bundle|Quark Drive|[silent]\n|-damage|p2a: Lucario|41\/100|[from] item: Life Orb\n|\n|upkeep\n|inactive|Battle timer is ON: inactive players will automatically lose when time's up. (requested by Will-Halpert)\n|\n|t:|1683189473\n|switch|p1a: Arcanine|Arcanine, L50, F|100\/100\n|-ability|p1a: Arcanine|Intimidate|boost\n|-fail|p2a: Lucario|unboost|Attack|[from] ability: Inner Focus|[of] p2a: Lucario\n|-unboost|p2b: Amoonguss|atk|1\n|turn|5\n|\n|t:|1683189487\n|switch|p2a: Gyarados|Gyarados, L50, M|100\/100\n|-ability|p2a: Gyarados|Intimidate|boost\n|-unboost|p1a: Arcanine|atk|1\n|-unboost|p1b: Maushold|atk|1\n|move|p1b: Maushold|Protect|p1b: Maushold\n|-singleturn|p1b: Maushold|Protect\n|move|p1a: Arcanine|Flare Blitz|p2b: Amoonguss\n|-supereffective|p2b: Amoonguss\n|-damage|p2b: Amoonguss|0 fnt\n|faint|p2b: Amoonguss\n|-damage|p1a: Arcanine|89\/100|[from] Recoil\n|\n|upkeep\n|\n|t:|1683189498\n|switch|p2b: Garchomp|Garchomp, L50, M|51\/100\n|turn|6\n|\n|t:|1683189515\n|-terastallize|p1a: Arcanine|Grass\n|move|p1b: Maushold|Baby-Doll Eyes|p2b: Garchomp\n|-unboost|p2b: Garchomp|atk|1\n|move|p2b: Garchomp|Earthquake|p1b: Maushold|[spread] p1a,p1b\n|-immune|p2a: Gyarados\n|-resisted|p1a: Arcanine\n|-damage|p1a: Arcanine|80\/100\n|-damage|p1b: Maushold|40\/100\n|move|p2a: Gyarados|Waterfall|p1a: Arcanine\n|-resisted|p1a: Arcanine\n|-damage|p1a: Arcanine|65\/100\n|move|p1a: Arcanine|Will-O-Wisp|p2a: Gyarados\n|-status|p2a: Gyarados|brn\n|\n|-damage|p2a: Gyarados|95\/100 brn|[from] brn\n|upkeep\n|turn|7\n|\n|t:|1683189535\n|move|p1b: Maushold|Baby-Doll Eyes|p2a: Gyarados\n|-unboost|p2a: Gyarados|atk|1\n|move|p2b: Garchomp|Rock Slide|p1a: Arcanine|[spread] p1a,p1b\n|-damage|p1a: Arcanine|55\/100\n|-damage|p1b: Maushold|23\/100\n|move|p2a: Gyarados|Icy Wind|p1a: Arcanine|[spread] p1a,p1b\n|-supereffective|p1a: Arcanine\n|-damage|p1a: Arcanine|48\/100\n|-damage|p1b: Maushold|15\/100\n|-unboost|p1a: Arcanine|spe|1\n|-unboost|p1b: Maushold|spe|1\n|-enditem|p1a: Arcanine|Sitrus Berry|[eat]\n|-heal|p1a: Arcanine|73\/100|[from] item: Sitrus Berry\n|cant|p1a: Arcanine|flinch\n|\n|-heal|p2a: Gyarados|100\/100 brn|[from] item: Leftovers\n|-damage|p2a: Gyarados|95\/100 brn|[from] brn\n|upkeep\n|turn|8\n|\n|t:|1683189554\n|move|p2b: Garchomp|Dragon Claw|p1a: Arcanine\n|-damage|p1a: Arcanine|52\/100\n|move|p2a: Gyarados|Icy Wind|p1a: Arcanine|[spread] p1a,p1b\n|-supereffective|p1a: Arcanine\n|-damage|p1a: Arcanine|44\/100\n|-damage|p1b: Maushold|7\/100\n|-unboost|p1a: Arcanine|spe|1\n|-unboost|p1b: Maushold|spe|1\n|move|p1b: Maushold|Super Fang|p2a: Gyarados|[miss]\n|-miss|p1b: Maushold|p2a: Gyarados\n|move|p1a: Arcanine|Will-O-Wisp|p2b: Garchomp\n|-status|p2b: Garchomp|brn\n|\n|-heal|p2a: Gyarados|100\/100 brn|[from] item: Leftovers\n|-damage|p2b: Garchomp|45\/100 brn|[from] brn\n|-damage|p2a: Gyarados|95\/100 brn|[from] brn\n|upkeep\n|turn|9\n|\n|t:|1683189584\n|switch|p2b: Lucario|Lucario, L50, F|41\/100\n|switch|p1a: Roaring Moon|Roaring Moon, L50|100\/100 slp\n|move|p1b: Maushold|Protect|p1b: Maushold\n|-singleturn|p1b: Maushold|Protect\n|move|p2a: Gyarados|Dragon Tail|p1a: Roaring Moon\n|-supereffective|p1a: Roaring Moon\n|-damage|p1a: Roaring Moon|91\/100 slp\n|-end|p1a: Roaring Moon|Protosynthesis|[silent]\n|drag|p1a: Arcanine|Arcanine, L50, F, tera:Grass|44\/100\n|-ability|p1a: Arcanine|Intimidate|boost\n|-unboost|p2a: Gyarados|atk|1\n|-fail|p2b: Lucario|unboost|Attack|[from] ability: Inner Focus|[of] p2b: Lucario\n|\n|-heal|p2a: Gyarados|100\/100 brn|[from] item: Leftovers\n|-damage|p2a: Gyarados|95\/100 brn|[from] brn\n|upkeep\n|turn|10\n|inactive|letcheflan has 30 seconds left.\n|\n|t:|1683189613\n|move|p2b: Lucario|Detect|p2b: Lucario\n|-singleturn|p2b: Lucario|Protect\n|move|p1b: Maushold|Baby-Doll Eyes|p2b: Lucario\n|-activate|p2b: Lucario|move: Protect\n|move|p2a: Gyarados|Icy Wind|p1b: Maushold|[spread] p1a,p1b\n|-supereffective|p1a: Arcanine\n|-damage|p1a: Arcanine|37\/100\n|-damage|p1b: Maushold|0 fnt\n|-unboost|p1a: Arcanine|spe|1\n|faint|p1b: Maushold\n|move|p1a: Arcanine|Will-O-Wisp|p2b: Lucario\n|-activate|p2b: Lucario|move: Protect\n|\n|-heal|p2a: Gyarados|100\/100 brn|[from] item: Leftovers\n|-damage|p2a: Gyarados|95\/100 brn|[from] brn\n|upkeep\n|\n|t:|1683189619\n|switch|p1b: Roaring Moon|Roaring Moon, L50|91\/100 slp\n|turn|11\n|\n|t:|1683189637\n|cant|p1b: Roaring Moon|slp\n|move|p2b: Lucario|Aura Sphere|p1b: Roaring Moon\n|-supereffective|p1b: Roaring Moon\n|-damage|p1b: Roaring Moon|17\/100 slp\n|-damage|p2b: Lucario|31\/100|[from] item: Life Orb\n|move|p2a: Gyarados|Icy Wind|p1b: Roaring Moon|[spread] p1a,p1b\n|-supereffective|p1a: Arcanine\n|-supereffective|p1b: Roaring Moon\n|-damage|p1a: Arcanine|28\/100\n|-damage|p1b: Roaring Moon|8\/100 slp\n|-unboost|p1a: Arcanine|spe|1\n|-unboost|p1b: Roaring Moon|spe|1\n|move|p1a: Arcanine|Will-O-Wisp|p2b: Lucario\n|-status|p2b: Lucario|brn\n|\n|-heal|p2a: Gyarados|100\/100 brn|[from] item: Leftovers\n|-damage|p2b: Lucario|25\/100 brn|[from] brn\n|-damage|p2a: Gyarados|95\/100 brn|[from] brn\n|upkeep\n|turn|12\n|inactive|letcheflan has 30 seconds left.\n|inactive|letcheflan has 20 seconds left.\n|\n|t:|1683189675\n|move|p2b: Lucario|Aura Sphere|p1a: Arcanine\n|-damage|p1a: Arcanine|0 fnt\n|faint|p1a: Arcanine\n|-damage|p2b: Lucario|16\/100 brn|[from] item: Life Orb\n|move|p2a: Gyarados|Icy Wind|p1b: Roaring Moon\n|-supereffective|p1b: Roaring Moon\n|-damage|p1b: Roaring Moon|0 fnt\n|faint|p1b: Roaring Moon\n|-end|p1b: Roaring Moon|Protosynthesis|[silent]\n|\n|win|letcheflan\n|raw|Will-Halpert's rating: 1123 → 1096<\/strong> (-27 for losing)\n|raw|letcheflan's rating: 1093 → 1121<\/strong> (+28 for winning)\n|l|\u2606Will-Halpert\n","uploadtime":1683189695,"views":14,"p1id":"willhalpert","p2id":"letcheflan","formatid":"gen9vgc2023regulationc","rating":1096,"private":0,"password":""}