{"id":"gen9vgc2023regulationc-1846747700","p1":"taco consumer","p2":"ClickForVictory","format":"[Gen 9] VGC 2023 Regulation C","log":"|j|\u2606taco consumer\n|j|\u2606ClickForVictory\n|t:|1681873465\n|gametype|doubles\n|player|p1|taco consumer|whitney|1353\n|player|p2|ClickForVictory|furisodegirl-black|1369\n|teamsize|p1|6\n|teamsize|p2|6\n|gen|9\n|tier|[Gen 9] VGC 2023 Regulation C\n|rated|\n|rule|Species Clause: Limit one of each Pok\u00e9mon\n|rule|Item Clause: Limit one of each item\n|clearpoke\n|poke|p1|Wo-Chien, L50|\n|poke|p1|Iron Hands, L50|\n|poke|p1|Gyarados, L50, F|\n|poke|p1|Volcarona, L50, F|\n|poke|p1|Flutter Mane, L50|\n|poke|p1|Baxcalibur, L50, M|\n|poke|p2|Flutter Mane, L50|\n|poke|p2|Amoonguss, L50, F|\n|poke|p2|Iron Jugulis, L50|\n|poke|p2|Great Tusk, L50|\n|poke|p2|Bruxish, L50, M|\n|poke|p2|Chi-Yu, L50|\n|teampreview|4\n|c|\u2606ClickForVictory|have fun!\nClickForVictory has agreed to open team sheets.\n|c|\u2606taco consumer|hf\n|c|\u2606ClickForVictory|y\n|c|\u2606ClickForVictory|* ty\n|inactive|Battle timer is ON: inactive players will automatically lose when time's up. (requested by ClickForVictory)\n|inactive|taco consumer has 60 seconds left.\n|\n|t:|1681873568\n|start\n|switch|p1a: Gyarados|Gyarados, L50, F|100\/100\n|switch|p1b: Iron Hands|Iron Hands, L50|100\/100\n|switch|p2a: Mega Dodrio|Iron Jugulis, L50, shiny|100\/100\n|switch|p2b: Fiendish Fish|Chi-Yu, L50|100\/100\n|-ability|p2b: Fiendish Fish|Beads of Ruin\n|-ability|p1a: Gyarados|Intimidate|boost\n|-unboost|p2a: Mega Dodrio|atk|1\n|-unboost|p2b: Fiendish Fish|atk|1\n|-enditem|p2a: Mega Dodrio|Booster Energy\n|-activate|p2a: Mega Dodrio|ability: Quark Drive|[fromitem]\n|-start|p2a: Mega Dodrio|quarkdrivespe\n|turn|1\n|\n|t:|1681873590\n|switch|p2b: Flambuoyant|Bruxish, L50, M|100\/100\n|move|p2a: Mega Dodrio|Earth Power|p1b: Iron Hands\n|-supereffective|p1b: Iron Hands\n|-damage|p1b: Iron Hands|75\/100\n|move|p1a: Gyarados|Thunder Wave|p2a: Mega Dodrio\n|-status|p2a: Mega Dodrio|par\n|move|p1b: Iron Hands|Drain Punch|p2b: Flambuoyant\n|-resisted|p2b: Flambuoyant\n|-damage|p2b: Flambuoyant|69\/100\n|-heal|p1b: Iron Hands|84\/100|[from] drain|[of] p2b: Flambuoyant\n|\n|upkeep\n|turn|2\n|inactive|taco consumer has 30 seconds left.\n|\n|t:|1681873619\n|move|p2b: Flambuoyant|Psychic Fangs|p1b: Iron Hands\n|-supereffective|p1b: Iron Hands\n|-damage|p1b: Iron Hands|37\/100\n|move|p2a: Mega Dodrio|Earth Power|p1b: Iron Hands\n|-supereffective|p1b: Iron Hands\n|-damage|p1b: Iron Hands|13\/100\n|move|p1a: Gyarados|Thunder Wave|p2b: Flambuoyant\n|-status|p2b: Flambuoyant|par\n|move|p1b: Iron Hands|Volt Switch|p2a: Mega Dodrio\n|-supereffective|p2a: Mega Dodrio\n|-damage|p2a: Mega Dodrio|72\/100 par\n|\n|t:|1681873637\n|-end|p1b: Iron Hands|Quark Drive|[silent]\n|switch|p1b: Wo-Chien|Wo-Chien, L50|100\/100|[from] Volt Switch\n|-ability|p1b: Wo-Chien|Tablets of Ruin\n|\n|upkeep\n|turn|3\n|inactive|ClickForVictory has 30 seconds left.\n|\n|t:|1681873663\n|move|p2a: Mega Dodrio|Tailwind|p2a: Mega Dodrio\n|-sidestart|p2: ClickForVictory|move: Tailwind\n|move|p2b: Flambuoyant|Psychic Fangs|p1a: Gyarados\n|-damage|p1a: Gyarados|72\/100\n|move|p1a: Gyarados|Taunt|p2a: Mega Dodrio\n|-start|p2a: Mega Dodrio|move: Taunt\n|move|p1b: Wo-Chien|Leech Seed|p2b: Flambuoyant|[miss]\n|-miss|p1b: Wo-Chien|p2b: Flambuoyant\n|\n|upkeep\n|turn|4\n|\n|t:|1681873679\n|switch|p2b: Spectral Spaghetti|Flutter Mane, L50, shiny|100\/100\n|move|p2a: Mega Dodrio|Snarl|p1b: Wo-Chien|[spread] p1a\n|-miss|p2a: Mega Dodrio|p1b: Wo-Chien\n|-damage|p1a: Gyarados|60\/100\n|-unboost|p1a: Gyarados|spa|1\n|move|p1a: Gyarados|Waterfall|p2a: Mega Dodrio\n|-damage|p2a: Mega Dodrio|48\/100 par\n|move|p1b: Wo-Chien|Pollen Puff|p1a: Gyarados\n|-heal|p1a: Gyarados|100\/100\n|\n|upkeep\n|turn|5\n|\n|t:|1681873697\n|-end|p2a: Mega Dodrio|Quark Drive|[silent]\n|switch|p2a: Fiendish Fish|Chi-Yu, L50|100\/100\n|-ability|p2a: Fiendish Fish|Beads of Ruin\n|switch|p1a: Iron Hands|Iron Hands, L50|13\/100\n|move|p2b: Spectral Spaghetti|Power Gem|p1a: Iron Hands\n|-resisted|p1a: Iron Hands\n|-damage|p1a: Iron Hands|0 fnt\n|faint|p1a: Iron Hands\n|-end|p1a: Iron Hands|Quark Drive|[silent]\n|move|p1b: Wo-Chien|Pollen Puff|p1: Iron Hands|[notarget]\n|-fail|p1b: Wo-Chien\n|\n|upkeep\n|\n|t:|1681873704\n|switch|p1a: Gyarados|Gyarados, L50, F|100\/100\n|-ability|p1a: Gyarados|Intimidate|boost\n|-unboost|p2a: Fiendish Fish|atk|1\n|-unboost|p2b: Spectral Spaghetti|atk|1\n|turn|6\n|inactive|taco consumer has 30 seconds left.\n|\n|t:|1681873731\n|-terastallize|p2a: Fiendish Fish|Fire\n|move|p2a: Fiendish Fish|Heat Wave|p1a: Gyarados|[spread] p1a,p1b\n|-resisted|p1a: Gyarados\n|-supereffective|p1b: Wo-Chien\n|-damage|p1a: Gyarados|78\/100\n|-damage|p1b: Wo-Chien|17\/100\n|move|p2b: Spectral Spaghetti|Power Gem|p1a: Gyarados\n|-supereffective|p1a: Gyarados\n|-damage|p1a: Gyarados|0 fnt\n|faint|p1a: Gyarados\n|move|p1b: Wo-Chien|Leech Seed|p2b: Spectral Spaghetti\n|-start|p2b: Spectral Spaghetti|move: Leech Seed\n|\n|-heal|p1b: Wo-Chien|23\/100|[from] item: Leftovers\n|-damage|p2b: Spectral Spaghetti|89\/100|[from] Leech Seed|[of] p1b: Wo-Chien\n|-heal|p1b: Wo-Chien|33\/100|[silent]\n|-sideend|p2: ClickForVictory|move: Tailwind\n|upkeep\n|\n|t:|1681873741\n|switch|p1a: Volcarona|Volcarona, L50, F|100\/100\n|turn|7\n|c|\u2606ClickForVictory|gg\n|c|\u2606taco consumer|gg\n|inactive|taco consumer has 30 seconds left.\n|\n|t:|1681873773\n|-terastallize|p1a: Volcarona|Steel\n|move|p2a: Fiendish Fish|Heat Wave|p1a: Volcarona|[spread] p1a,p1b\n|-supereffective|p1a: Volcarona\n|-supereffective|p1b: Wo-Chien\n|-damage|p1a: Volcarona|0 fnt\n|-damage|p1b: Wo-Chien|0 fnt\n|faint|p1a: Volcarona\n|faint|p1b: Wo-Chien\n|\n|win|ClickForVictory\n|raw|taco consumer's rating: 1353 → 1334<\/strong> (-19 for losing)\n|raw|ClickForVictory's rating: 1369 → 1388<\/strong> (+19 for winning)\n|l|\u2606taco consumer\n","uploadtime":1681873803,"views":9,"p1id":"tacoconsumer","p2id":"clickforvictory","formatid":"gen9vgc2023regulationc","rating":1334,"private":0,"password":""}