{"id":"gen9vgc2023regulationc-1845952872","p1":"Juicy_Tanner2","p2":"Bolt-Beam Studios","format":"[Gen 9] VGC 2023 Regulation C","log":"|j|\u2606Juicy_Tanner2\n|j|\u2606Bolt-Beam Studios\n|t:|1681783216\n|gametype|doubles\n|player|p1|Juicy_Tanner2|clay|\n|player|p2|Bolt-Beam Studios|ghetsis|\n|teamsize|p1|6\n|teamsize|p2|6\n|gen|9\n|tier|[Gen 9] VGC 2023 Regulation C\n|rated|Tournament battle\n|rule|Species Clause: Limit one of each Pok\u00e9mon\n|rule|Item Clause: Limit one of each item\n|clearpoke\n|poke|p1|Iron Hands, L50|\n|poke|p1|Glimmora, L50, M|\n|poke|p1|Volcarona, L50, F|\n|poke|p1|Roaring Moon, L50|\n|poke|p1|Amoonguss, L50, M|\n|poke|p1|Iron Bundle, L50|\n|poke|p2|Wo-Chien, L50|\n|poke|p2|Glimmora, L50, M|\n|poke|p2|Flutter Mane, L50|\n|poke|p2|Gothitelle, L50, F|\n|poke|p2|Gyarados, L50, F|\n|poke|p2|Kingambit, L50, F|\n|teampreview|4\n|raw| Open Team Sheet for Juicy_Tanner2<\/summary>Iron Hands @ Clear Amulet Ability: Quark Drive Level: 50 Tera Type: Grass - Detect - Swords Dance - Drain Punch - Wild Charge Glimmora @ Life Orb Ability: Toxic Debris Level: 50 Tera Type: Grass - Spiky Shield - Sludge Bomb - Earth Power - Power Gem Volcarona @ Sitrus Berry Ability: Flame Body Level: 50 Tera Type: Water - Will-O-Wisp - Rage Powder - Overheat - Struggle Bug Roaring Moon @ Booster Energy Ability: Protosynthesis Level: 50 Tera Type: Flying - Protect - Acrobatics - Throat Chop - Tailwind Amoonguss @ Aguav Berry Ability: Regenerator Level: 50 Tera Type: Water - Spore - Rage Powder - Clear Smog - Pollen Puff Iron Bundle @ Focus Sash Ability: Quark Drive Level: 50 Tera Type: Ice - Icy Wind - Freeze-Dry - Encore - Protect <\/details><\/div> Open Team Sheet for Bolt-Beam Studios<\/summary>Wo-Chien @ Leftovers Ability: Tablets of Ruin Level: 50 Tera Type: Ghost - Leech Seed - Protect - Pollen Puff - Foul Play Glimmora @ Focus Sash Ability: Toxic Debris Level: 50 Tera Type: Grass - Mortal Spin - Sludge Bomb - Spiky Shield - Power Gem Flutter Mane @ Booster Energy Ability: Protosynthesis Level: 50 Tera Type: Fairy - Hex - Dazzling Gleam - Protect - Thunderbolt Gothitelle @ Covert Cloak Ability: Shadow Tag Level: 50 Tera Type: Grass - Psychic - Fake Out - Heal Pulse - Protect Gyarados @ Sitrus Berry Ability: Intimidate Level: 50 Tera Type: Grass - Waterfall - Icy Wind - Thunder Wave - Taunt Kingambit @ Assault Vest Ability: Defiant Level: 50 Tera Type: Flying - Iron Head - Assurance - Sucker Punch - Guillotine <\/details><\/div>\n|inactive|Battle timer is ON: inactive players will automatically lose when time's up. (requested by Bolt-Beam Studios)\n|j| blooperlink123\n|j| torwildheart\n|j| LasermanZ111\n|inactive|Juicy_Tanner2 has 60 seconds left.\n|inactive|Bolt-Beam Studios has 60 seconds left.\n|\n|t:|1681783276\n|start\n|switch|p1a: Roaring Moon|Roaring Moon, L50|100\/100\n|switch|p1b: Iron Hands|Iron Hands, L50|100\/100\n|switch|p2a: Kingambit|Kingambit, L50, F|100\/100\n|switch|p2b: Gyarados|Gyarados, L50, F|100\/100\n|-ability|p2b: Gyarados|Intimidate|boost\n|-unboost|p1a: Roaring Moon|atk|1\n|-fail|p1b: Iron Hands|unboost|[from] item: Clear Amulet|[of] p1b: Iron Hands\n|-enditem|p1a: Roaring Moon|Booster Energy\n|-activate|p1a: Roaring Moon|ability: Protosynthesis|[fromitem]\n|-start|p1a: Roaring Moon|protosynthesisspe\n|turn|1\n|inactive|Juicy_Tanner2 has 30 seconds left.\n|inactive|Bolt-Beam Studios has 30 seconds left.\n|inactive|Juicy_Tanner2 has 20 seconds left.\n|\n|t:|1681783315\n|switch|p2b: Glimmora|Glimmora, L50, M|100\/100\n|move|p1a: Roaring Moon|Tailwind|p1a: Roaring Moon\n|-sidestart|p1: Juicy_Tanner2|move: Tailwind\n|move|p1b: Iron Hands|Wild Charge|p2b: Glimmora\n|-crit|p2b: Glimmora\n|-enditem|p2b: Glimmora|Focus Sash\n|-damage|p2b: Glimmora|1\/100\n|-activate|p2b: Glimmora|ability: Toxic Debris\n|-sidestart|p1: Juicy_Tanner2|move: Toxic Spikes\n|-damage|p1b: Iron Hands|83\/100|[from] Recoil\n|move|p2a: Kingambit|Guillotine|p1b: Iron Hands\n|-damage|p1b: Iron Hands|0 fnt\n|faint|p1b: Iron Hands\n|-end|p1b: Iron Hands|Quark Drive|[silent]\n|-ohko\n|\n|upkeep\n|\n|t:|1681783333\n|switch|p1b: Volcarona|Volcarona, L50, F|100\/100\n|-status|p1b: Volcarona|psn\n|turn|2\n|inactive|Juicy_Tanner2 has 30 seconds left.\n|inactive|Bolt-Beam Studios has 30 seconds left.\n|inactive|Bolt-Beam Studios has 20 seconds left.\n|\n|t:|1681783369\n|switch|p2a: Flutter Mane|Flutter Mane, L50|100\/100\n|-enditem|p2a: Flutter Mane|Booster Energy\n|-activate|p2a: Flutter Mane|ability: Protosynthesis|[fromitem]\n|-start|p2a: Flutter Mane|protosynthesisspe\n|move|p2b: Glimmora|Spiky Shield|p2b: Glimmora\n|-singleturn|p2b: Glimmora|move: Protect\n|move|p1a: Roaring Moon|Throat Chop|p2b: Glimmora\n|-activate|p2b: Glimmora|move: Protect\n|-damage|p1a: Roaring Moon|88\/100|[from] Spiky Shield|[of] p2b: Glimmora\n|move|p1b: Volcarona|Will-O-Wisp|p2a: Flutter Mane\n|-status|p2a: Flutter Mane|brn\n|\n|-damage|p1b: Volcarona|88\/100 psn|[from] psn\n|-damage|p2a: Flutter Mane|95\/100 brn|[from] brn\n|upkeep\n|turn|3\n|inactive|Juicy_Tanner2 has 30 seconds left.\n|inactive|Bolt-Beam Studios has 30 seconds left.\n|inactive|Juicy_Tanner2 has 20 seconds left.\n|inactive|Juicy_Tanner2 has 15 seconds left.\n|\n|t:|1681783412\n|switch|p2b: Gyarados|Gyarados, L50, F|100\/100\n|-ability|p2b: Gyarados|Intimidate|boost\n|-unboost|p1a: Roaring Moon|atk|1\n|-unboost|p1b: Volcarona|atk|1\n|move|p1a: Roaring Moon|Protect|p1a: Roaring Moon\n|-singleturn|p1a: Roaring Moon|Protect\n|move|p2a: Flutter Mane|Hex|p1b: Volcarona\n|-damage|p1b: Volcarona|34\/100 psn\n|-enditem|p1b: Volcarona|Sitrus Berry|[eat]\n|-heal|p1b: Volcarona|59\/100 psn|[from] item: Sitrus Berry\n|move|p1b: Volcarona|Struggle Bug|p2b: Gyarados|[spread] p2a,p2b\n|-resisted|p2a: Flutter Mane\n|-resisted|p2b: Gyarados\n|-damage|p2a: Flutter Mane|91\/100 brn\n|-damage|p2b: Gyarados|93\/100\n|-unboost|p2a: Flutter Mane|spa|1\n|-unboost|p2b: Gyarados|spa|1\n|\n|-damage|p1b: Volcarona|47\/100 psn|[from] psn\n|-damage|p2a: Flutter Mane|85\/100 brn|[from] brn\n|upkeep\n|turn|4\n|l| blooperlink123\n|inactive|Juicy_Tanner2 has 30 seconds left.\n|inactive|Juicy_Tanner2 has 20 seconds left.\n|inactive|Juicy_Tanner2 has 15 seconds left.\n|\n|t:|1681783453\n|-terastallize|p1a: Roaring Moon|Flying\n|move|p2a: Flutter Mane|Protect|p2a: Flutter Mane\n|-singleturn|p2a: Flutter Mane|Protect\n|move|p1a: Roaring Moon|Acrobatics|p2a: Flutter Mane\n|-activate|p2a: Flutter Mane|move: Protect\n|move|p1b: Volcarona|Overheat|p2a: Flutter Mane\n|-activate|p2a: Flutter Mane|move: Protect\n|move|p2b: Gyarados|Icy Wind|p1a: Roaring Moon|[spread] p1a,p1b\n|-supereffective|p1a: Roaring Moon\n|-resisted|p1b: Volcarona\n|-damage|p1a: Roaring Moon|80\/100\n|-damage|p1b: Volcarona|45\/100 psn\n|-unboost|p1a: Roaring Moon|spe|1\n|-unboost|p1b: Volcarona|spe|1\n|\n|-damage|p1b: Volcarona|33\/100 psn|[from] psn\n|-damage|p2a: Flutter Mane|79\/100 brn|[from] brn\n|-sideend|p1: Juicy_Tanner2|move: Tailwind\n|upkeep\n|turn|5\n|inactive|Juicy_Tanner2 has 30 seconds left.\n|inactive|Juicy_Tanner2 has 20 seconds left.\n|inactive|Juicy_Tanner2 has 15 seconds left.\n|\n|t:|1681783497\n|move|p2a: Flutter Mane|Thunderbolt|p1a: Roaring Moon\n|-supereffective|p1a: Roaring Moon\n|-damage|p1a: Roaring Moon|40\/100\n|move|p1a: Roaring Moon|Acrobatics|p2a: Flutter Mane\n|-damage|p2a: Flutter Mane|24\/100 brn\n|move|p2b: Gyarados|Waterfall|p1b: Volcarona\n|-supereffective|p1b: Volcarona\n|-damage|p1b: Volcarona|0 fnt\n|faint|p1b: Volcarona\n|\n|-damage|p2a: Flutter Mane|19\/100 brn|[from] brn\n|upkeep\n|\n|t:|1681783507\n|switch|p1b: Iron Bundle|Iron Bundle, L50|100\/100\n|-status|p1b: Iron Bundle|psn\n|turn|6\n|\n|t:|1681783525\n|move|p2a: Flutter Mane|Thunderbolt|p1a: Roaring Moon\n|-supereffective|p1a: Roaring Moon\n|-damage|p1a: Roaring Moon|3\/100\n|move|p1b: Iron Bundle|Freeze-Dry|p2b: Gyarados\n|-supereffective|p2b: Gyarados\n|-damage|p2b: Gyarados|0 fnt\n|faint|p2b: Gyarados\n|move|p1a: Roaring Moon|Tailwind|p1a: Roaring Moon\n|-sidestart|p1: Juicy_Tanner2|move: Tailwind\n|\n|-damage|p1b: Iron Bundle|88\/100 psn|[from] psn\n|-damage|p2a: Flutter Mane|13\/100 brn|[from] brn\n|upkeep\n|\n|t:|1681783538\n|switch|p2b: Glimmora|Glimmora, L50, M|1\/100\n|turn|7\n|\n|t:|1681783552\n|move|p2b: Glimmora|Spiky Shield|p2b: Glimmora\n|-singleturn|p2b: Glimmora|move: Protect\n|move|p1b: Iron Bundle|Icy Wind|p2a: Flutter Mane|[spread] p2a\n|-activate|p2b: Glimmora|move: Protect\n|-damage|p2a: Flutter Mane|0 fnt\n|faint|p2a: Flutter Mane\n|-end|p2a: Flutter Mane|Protosynthesis|[silent]\n|move|p1a: Roaring Moon|Acrobatics|p2b: Glimmora\n|-activate|p2b: Glimmora|move: Protect\n|-damage|p1a: Roaring Moon|0 fnt|[from] Spiky Shield|[of] p2b: Glimmora\n|faint|p1a: Roaring Moon\n|-end|p1a: Roaring Moon|Protosynthesis|[silent]\n|\n|-damage|p1b: Iron Bundle|76\/100 psn|[from] psn\n|upkeep\n|\n|t:|1681783559\n|switch|p2a: Kingambit|Kingambit, L50, F|100\/100\n|turn|8\n|\n|t:|1681783583\n|move|p2a: Kingambit|Sucker Punch|p1b: Iron Bundle\n|-damage|p1b: Iron Bundle|23\/100 psn\n|move|p1b: Iron Bundle|Freeze-Dry|p2b: Glimmora\n|-damage|p2b: Glimmora|0 fnt\n|faint|p2b: Glimmora\n|\n|-damage|p1b: Iron Bundle|11\/100 psn|[from] psn\n|upkeep\n|turn|9\n|\n|t:|1681783596\n|move|p2a: Kingambit|Sucker Punch||[still]\n|-fail|p2a: Kingambit\n|move|p1b: Iron Bundle|Encore|p2a: Kingambit\n|-start|p2a: Kingambit|Encore\n|\n|-damage|p1b: Iron Bundle|0 fnt|[from] psn\n|faint|p1b: Iron Bundle\n|-end|p1b: Iron Bundle|Quark Drive|[silent]\n|\n|win|Bolt-Beam Studios\n|upkeep\n|n|\u2606Juicy_Tanner2|juicytanner2\n|n|\u2606Bolt-Beam Studios|boltbeamstudios\n|n| torwildheart|torwildheart\n|n| LasermanZ111|lasermanz111\n|c|\u2606Juicy_Tanner2|gg\n|c|\u2606Bolt-Beam Studios|gg\n|l|\u2606Bolt-Beam Studios\n|l|\u2606Juicy_Tanner2\n|l| torwildheart\n","uploadtime":1681783946,"views":3,"p1id":"juicytanner2","p2id":"boltbeamstudios","formatid":"gen9vgc2023regulationc","rating":0,"private":0,"password":""}