{"id":"gen9vgc2023regulationc-1859158069","p1":"TGH_sr","p2":"BBnoCrit$","format":"[Gen 9] VGC 2023 Regulation C","log":"|j|\u2606TGH_sr\n|j|\u203dBBnoCrit$\n|t:|1683411533\n|gametype|doubles\n|player|p1|TGH_sr|steven|1350\n|player|p2|BBnoCrit$|burglar|1378\n|teamsize|p1|6\n|teamsize|p2|6\n|gen|9\n|tier|[Gen 9] VGC 2023 Regulation C\n|rated|\n|rule|Species Clause: Limit one of each Pok\u00e9mon\n|rule|Item Clause: Limit one of each item\n|clearpoke\n|poke|p1|Talonflame, L50, M|\n|poke|p1|Garchomp, L50, M|\n|poke|p1|Kingambit, L50, M|\n|poke|p1|Iron Bundle, L50|\n|poke|p1|Flutter Mane, L50|\n|poke|p1|Amoonguss, L50, M|\n|poke|p2|Iron Bundle, L50|\n|poke|p2|Chi-Yu, L50|\n|poke|p2|Iron Hands, L50|\n|poke|p2|Arcanine, L50, F|\n|poke|p2|Amoonguss, L50, M|\n|poke|p2|Flutter Mane, L50|\n|teampreview|4\nTGH_sr has agreed to open team sheets.\nBBnoCrit$ has agreed to open team sheets.\n|j| cianolkb\n|\n|t:|1683411594\n|start\n|switch|p1a: Talonflame|Talonflame, L50, M|100\/100\n|switch|p1b: Garchomp|Garchomp, L50, M|100\/100\n|switch|p2a: Arcanine|Arcanine, L50, F|100\/100\n|switch|p2b: Iron Bundle|Iron Bundle, L50|100\/100\n|-ability|p2a: Arcanine|Intimidate|boost\n|-unboost|p1a: Talonflame|atk|1\n|-unboost|p1b: Garchomp|atk|1\n|-enditem|p2b: Iron Bundle|Booster Energy\n|-activate|p2b: Iron Bundle|ability: Quark Drive|[fromitem]\n|-start|p2b: Iron Bundle|quarkdrivespe\n|turn|1\n|\n|t:|1683411632\n|switch|p1b: Flutter Mane|Flutter Mane, L50|100\/100\n|move|p1a: Talonflame|Tailwind|p1a: Talonflame\n|-sidestart|p1: TGH_sr|move: Tailwind\n|move|p2b: Iron Bundle|Icy Wind|p1b: Flutter Mane|[spread] p1a,p1b\n|-damage|p1a: Talonflame|70\/100\n|-damage|p1b: Flutter Mane|78\/100\n|-unboost|p1a: Talonflame|spe|1\n|-unboost|p1b: Flutter Mane|spe|1\n|move|p2a: Arcanine|Will-O-Wisp|p1b: Flutter Mane\n|-status|p1b: Flutter Mane|brn\n|\n|-damage|p1b: Flutter Mane|73\/100 brn|[from] brn\n|upkeep\n|turn|2\n|\n|t:|1683411691\n|switch|p1a: Iron Bundle|Iron Bundle, L50|100\/100\n|-enditem|p1a: Iron Bundle|Booster Energy\n|-activate|p1a: Iron Bundle|ability: Quark Drive|[fromitem]\n|-start|p1a: Iron Bundle|quarkdrivespe\n|move|p2b: Iron Bundle|Protect|p2b: Iron Bundle\n|-singleturn|p2b: Iron Bundle|Protect\n|move|p1b: Flutter Mane|Moonblast|p2b: Iron Bundle\n|-activate|p2b: Iron Bundle|move: Protect\n|move|p2a: Arcanine|Flare Blitz|p1b: Flutter Mane\n|-crit|p1b: Flutter Mane\n|-damage|p1b: Flutter Mane|0 fnt\n|faint|p1b: Flutter Mane\n|-end|p1b: Flutter Mane|Protosynthesis|[silent]\n|-damage|p2a: Arcanine|84\/100|[from] Recoil\n|\n|upkeep\n|\n|t:|1683411705\n|switch|p1b: Garchomp|Garchomp, L50, M|100\/100\n|turn|3\n|\n|t:|1683411729\n|-terastallize|p1b: Garchomp|Steel\n|-terastallize|p2a: Arcanine|Grass\n|move|p1a: Iron Bundle|Protect|p1a: Iron Bundle\n|-singleturn|p1a: Iron Bundle|Protect\n|move|p2b: Iron Bundle|Icy Wind|p1b: Garchomp|[spread] p1b\n|-activate|p1a: Iron Bundle|move: Protect\n|-resisted|p1b: Garchomp\n|-damage|p1b: Garchomp|89\/100\n|-unboost|p1b: Garchomp|spe|1\n|move|p1b: Garchomp|Earthquake|p2b: Iron Bundle|[spread] p2a,p2b\n|-activate|p1a: Iron Bundle|move: Protect\n|-resisted|p2a: Arcanine\n|-damage|p2a: Arcanine|52\/100\n|-damage|p2b: Iron Bundle|26\/100\n|-damage|p1b: Garchomp|80\/100|[from] item: Life Orb\n|move|p2a: Arcanine|Will-O-Wisp|p1b: Garchomp\n|-status|p1b: Garchomp|brn\n|\n|-damage|p1b: Garchomp|74\/100 brn|[from] brn\n|upkeep\n|turn|4\n|\n|t:|1683411767\n|switch|p2a: Iron Hands|Iron Hands, L50|100\/100\n|move|p2b: Iron Bundle|Protect|p2b: Iron Bundle\n|-singleturn|p2b: Iron Bundle|Protect\n|move|p1b: Garchomp|Protect|p1b: Garchomp\n|-singleturn|p1b: Garchomp|Protect\n|move|p1a: Iron Bundle|Freeze-Dry|p2b: Iron Bundle\n|-activate|p2b: Iron Bundle|move: Protect\n|\n|-damage|p1b: Garchomp|67\/100 brn|[from] brn\n|-sideend|p1: TGH_sr|move: Tailwind\n|upkeep\n|turn|5\n|\n|t:|1683411790\n|move|p1a: Iron Bundle|Protect|p1a: Iron Bundle\n|-singleturn|p1a: Iron Bundle|Protect\n|move|p2a: Iron Hands|Fake Out|p1a: Iron Bundle\n|-activate|p1a: Iron Bundle|move: Protect\n|move|p2b: Iron Bundle|Encore|p1b: Garchomp\n|-start|p1b: Garchomp|Encore\n|move|p1b: Garchomp|Protect||[still]\n|-fail|p1b: Garchomp\n|\n|-damage|p1b: Garchomp|61\/100 brn|[from] brn\n|upkeep\n|turn|6\n|\n|t:|1683411812\n|switch|p1b: Talonflame|Talonflame, L50, M|70\/100\n|move|p2b: Iron Bundle|Icy Wind|p1a: Iron Bundle|[spread] p1a,p1b\n|-resisted|p1a: Iron Bundle\n|-damage|p1a: Iron Bundle|93\/100\n|-damage|p1b: Talonflame|40\/100\n|-unboost|p1a: Iron Bundle|spe|1\n|-unboost|p1b: Talonflame|spe|1\n|move|p1a: Iron Bundle|Freeze-Dry|p2b: Iron Bundle\n|-damage|p2b: Iron Bundle|0 fnt\n|faint|p2b: Iron Bundle\n|-end|p2b: Iron Bundle|Quark Drive|[silent]\n|move|p2a: Iron Hands|Wild Charge|p1a: Iron Bundle\n|-supereffective|p1a: Iron Bundle\n|-damage|p1a: Iron Bundle|0 fnt\n|faint|p1a: Iron Bundle\n|-end|p1a: Iron Bundle|Quark Drive|[silent]\n|-damage|p2a: Iron Hands|88\/100|[from] Recoil\n|\n|upkeep\n|\n|t:|1683411830\n|switch|p2b: Chi-Yu|Chi-Yu, L50|100\/100\n|switch|p1a: Garchomp|Garchomp, L50, M, tera:Steel|61\/100 brn\n|-ability|p2b: Chi-Yu|Beads of Ruin\n|turn|7\n|\n|t:|1683411841\n|move|p2b: Chi-Yu|Dark Pulse|p1b: Talonflame\n|-damage|p1b: Talonflame|0 fnt\n|faint|p1b: Talonflame\n|-damage|p2b: Chi-Yu|90\/100|[from] item: Life Orb\n|move|p1a: Garchomp|Earthquake|p2a: Iron Hands|[spread] p2a,p2b\n|-supereffective|p2a: Iron Hands\n|-supereffective|p2b: Chi-Yu\n|-damage|p2a: Iron Hands|49\/100\n|-damage|p2b: Chi-Yu|4\/100\n|-damage|p1a: Garchomp|52\/100 brn|[from] item: Life Orb\n|move|p2a: Iron Hands|Close Combat|p1a: Garchomp\n|-supereffective|p1a: Garchomp\n|-damage|p1a: Garchomp|0 fnt\n|-unboost|p2a: Iron Hands|def|1\n|-unboost|p2a: Iron Hands|spd|1\n|-damage|p2a: Iron Hands|36\/100|[from] ability: Rough Skin|[of] p1a: Garchomp\n|faint|p1a: Garchomp\n|\n|win|BBnoCrit$\n|raw|TGH_sr's rating: 1350 → 1332<\/strong> (-18 for losing)\n|raw|BBnoCrit$'s rating: 1378 → 1396<\/strong> (+18 for winning)\n","uploadtime":1683411861,"views":9,"p1id":"tghsr","p2id":"bbnocrit","formatid":"gen9vgc2023regulationc","rating":1332,"private":0,"password":""}