{"id":"gen9vgc2023regulationc-1854449013","p1":"Specs Hex Pex","p2":"LiluziHit","format":"[Gen 9] VGC 2023 Regulation C","log":"|j|\u2606Specs Hex Pex\n|j|\u2606LiluziHit\n|t:|1682812277\n|gametype|doubles\n|player|p1|Specs Hex Pex|lady|\n|player|p2|LiluziHit|blue|\n|teamsize|p1|6\n|teamsize|p2|6\n|gen|9\n|tier|[Gen 9] VGC 2023 Regulation C\n|rule|Species Clause: Limit one of each Pok\u00e9mon\n|rule|Item Clause: Limit one of each item\n|clearpoke\n|poke|p1|Forretress, L50, F|\n|poke|p1|Chien-Pao, L50|\n|poke|p1|Medicham, L50, M|\n|poke|p1|Rabsca, L50, M|\n|poke|p1|Tyranitar, L50, M|\n|poke|p1|Talonflame, L50, F|\n|poke|p2|Chi-Yu, L50|\n|poke|p2|Iron Jugulis, L50|\n|poke|p2|Gholdengo, L50|\n|poke|p2|Dachsbun, L50, M|\n|poke|p2|Farigiraf, L50, F|\n|poke|p2|Salamence, L50, M|\n|teampreview|4\n|c|\u2606Specs Hex Pex|Have fun, bro\n|c|\u2606LiluziHit|you too\n|j| jayballester\n|\n|t:|1682812324\n|start\n|switch|p1a: Forretress|Forretress, L50, F|100\/100\n|switch|p1b: Chien-Pao|Chien-Pao, L50|100\/100\n|switch|p2a: Gholdilocks|Gholdengo, L50|100\/100\n|switch|p2b: Hydreigon LITE|Iron Jugulis, L50|100\/100\n|-ability|p1b: Chien-Pao|Sword of Ruin\n|-enditem|p2b: Hydreigon LITE|Booster Energy\n|-activate|p2b: Hydreigon LITE|ability: Quark Drive|[fromitem]\n|-start|p2b: Hydreigon LITE|quarkdrivespe\n|turn|1\n|j| Eagrill\n|\n|t:|1682812369\n|switch|p2a: Good boi|Dachsbun, L50, M, shiny|100\/100\n|-terastallize|p2b: Hydreigon LITE|Fighting\n|move|p1b: Chien-Pao|Protect|p1b: Chien-Pao\n|-singleturn|p1b: Chien-Pao|Protect\n|move|p2b: Hydreigon LITE|Tera Blast|p1b: Chien-Pao\n|-activate|p1b: Chien-Pao|move: Protect\n|move|p1a: Forretress|Volt Switch|p2b: Hydreigon LITE\n|-damage|p2b: Hydreigon LITE|89\/100\n|\n|t:|1682812380\n|switch|p1a: Talonflame|Talonflame, L50, F|100\/100|[from] Volt Switch\n|\n|upkeep\n|turn|2\n|\n|t:|1682812411\n|switch|p1b: Forretress|Forretress, L50, F|100\/100\n|move|p2b: Hydreigon LITE|Protect|p2b: Hydreigon LITE\n|-singleturn|p2b: Hydreigon LITE|Protect\n|move|p1a: Talonflame|Brave Bird|p2b: Hydreigon LITE\n|-activate|p2b: Hydreigon LITE|move: Protect\n|move|p2a: Good boi|Yawn|p1a: Talonflame\n|-start|p1a: Talonflame|move: Yawn|[of] p2a: Good boi\n|\n|upkeep\n|turn|3\n|\n|t:|1682812470\n|switch|p1a: Tyranitar|Tyranitar, L50, M|100\/100\n|-weather|Sandstorm|[from] ability: Sand Stream|[of] p1a: Tyranitar\n|move|p2b: Hydreigon LITE|Tailwind|p2b: Hydreigon LITE\n|-sidestart|p2: LiluziHit|move: Tailwind\n|move|p2a: Good boi|Yawn|p1b: Forretress\n|-start|p1b: Forretress|move: Yawn|[of] p2a: Good boi\n|move|p1b: Forretress|Gyro Ball|p2a: Good boi\n|-supereffective|p2a: Good boi\n|-damage|p2a: Good boi|0 fnt\n|faint|p2a: Good boi\n|\n|-weather|Sandstorm|[upkeep]\n|-damage|p2b: Hydreigon LITE|83\/100|[from] Sandstorm\n|upkeep\n|\n|t:|1682812486\n|switch|p2a: Gholdilocks|Gholdengo, L50|100\/100\n|turn|4\n|c| jayballester|forrethreat\n|\n|t:|1682812522\n|switch|p1b: Talonflame|Talonflame, L50, F|100\/100\n|-terastallize|p1a: Tyranitar|Poison\n|move|p2b: Hydreigon LITE|Tera Blast|p1a: Tyranitar\n|-resisted|p1a: Tyranitar\n|-damage|p1a: Tyranitar|92\/100\n|move|p2a: Gholdilocks|Make It Rain|p1b: Talonflame|[spread] p1a,p1b\n|-resisted|p1b: Talonflame\n|-damage|p1a: Tyranitar|58\/100\n|-damage|p1b: Talonflame|57\/100\n|-unboost|p2a: Gholdilocks|spa|1\n|-damage|p2a: Gholdilocks|91\/100|[from] item: Life Orb\n|move|p1a: Tyranitar|Earthquake|p2b: Hydreigon LITE|[spread] p2a,p2b\n|-immune|p1b: Talonflame\n|-supereffective|p2a: Gholdilocks\n|-damage|p2a: Gholdilocks|30\/100\n|-damage|p2b: Hydreigon LITE|58\/100\n|\n|-weather|Sandstorm|[upkeep]\n|-damage|p2b: Hydreigon LITE|52\/100|[from] Sandstorm\n|-damage|p1b: Talonflame|51\/100|[from] Sandstorm\n|-damage|p1a: Tyranitar|52\/100|[from] Sandstorm\n|upkeep\n|turn|5\n|\n|t:|1682812562\n|move|p2b: Hydreigon LITE|Air Slash|p1a: Tyranitar\n|-damage|p1a: Tyranitar|35\/100\n|move|p2a: Gholdilocks|Make It Rain|p1a: Tyranitar|[spread] p1a,p1b\n|-resisted|p1b: Talonflame\n|-damage|p1a: Tyranitar|14\/100\n|-damage|p1b: Talonflame|20\/100\n|-unboost|p2a: Gholdilocks|spa|1\n|-damage|p2a: Gholdilocks|20\/100|[from] item: Life Orb\n|move|p1b: Talonflame|Tailwind|p1b: Talonflame\n|-sidestart|p1: Specs Hex Pex|move: Tailwind\n|move|p1a: Tyranitar|Earthquake|p2b: Hydreigon LITE|[spread] p2a,p2b\n|-immune|p1b: Talonflame\n|-supereffective|p2a: Gholdilocks\n|-damage|p2a: Gholdilocks|0 fnt\n|-damage|p2b: Hydreigon LITE|24\/100\n|faint|p2a: Gholdilocks\n|\n|-weather|Sandstorm|[upkeep]\n|-damage|p2b: Hydreigon LITE|18\/100|[from] Sandstorm\n|-damage|p1b: Talonflame|15\/100|[from] Sandstorm\n|-damage|p1a: Tyranitar|8\/100|[from] Sandstorm\n|upkeep\n|\n|t:|1682812568\n|switch|p2a: Spicy Goldfish|Chi-Yu, L50|100\/100\n|-ability|p2a: Spicy Goldfish|Beads of Ruin\n|turn|6\n|\n|t:|1682812596\n|move|p2b: Hydreigon LITE|Air Slash|p1a: Tyranitar\n|-damage|p1a: Tyranitar|0 fnt\n|faint|p1a: Tyranitar\n|move|p1b: Talonflame|Brave Bird|p2b: Hydreigon LITE\n|-supereffective|p2b: Hydreigon LITE\n|-damage|p2b: Hydreigon LITE|0 fnt\n|faint|p2b: Hydreigon LITE\n|-end|p2b: Hydreigon LITE|Quark Drive|[silent]\n|-damage|p1b: Talonflame|8\/100|[from] Recoil\n|move|p2a: Spicy Goldfish|Heat Wave|p1b: Talonflame\n|-resisted|p1b: Talonflame\n|-damage|p1b: Talonflame|0 fnt\n|faint|p1b: Talonflame\n|\n|-weather|Sandstorm|[upkeep]\n|-damage|p2a: Spicy Goldfish|95\/100|[from] Sandstorm\n|-sideend|p2: LiluziHit|move: Tailwind\n|upkeep\n|\n|t:|1682812609\n|switch|p1b: Chien-Pao|Chien-Pao, L50|100\/100\n|switch|p1a: Forretress|Forretress, L50, F|100\/100\n|-ability|p1b: Chien-Pao|Sword of Ruin\n|turn|7\n|\n|t:|1682812625\n|move|p1b: Chien-Pao|Protect|p1b: Chien-Pao\n|-singleturn|p1b: Chien-Pao|Protect\n|move|p2a: Spicy Goldfish|Protect|p2a: Spicy Goldfish\n|-singleturn|p2a: Spicy Goldfish|Protect\n|move|p1a: Forretress|Explosion|p2a: Spicy Goldfish|[spread] \n|-activate|p1b: Chien-Pao|move: Protect\n|-activate|p2a: Spicy Goldfish|move: Protect\n|faint|p1a: Forretress\n|\n|-weather|none\n|upkeep\n|turn|8\n|c|\u2606Specs Hex Pex|Dang\n|c| jayballester|rip\n|c| Eagrill|who kills who\n|\n|t:|1682812637\n|move|p1b: Chien-Pao|Sacred Sword|p2a: Spicy Goldfish\n|-supereffective|p2a: Spicy Goldfish\n|-damage|p2a: Spicy Goldfish|0 fnt\n|faint|p2a: Spicy Goldfish\n|\n|win|Specs Hex Pex\n|c|\u2606LiluziHit|rip\n|c| Eagrill|Dog kill fish\n|c|\u2606Specs Hex Pex|Yeah\n|c|\u2606LiluziHit|good game tho\n|l| Eagrill\n|c|\u2606Specs Hex Pex|You too\n|l| jayballester\n","uploadtime":1682812663,"views":23,"p1id":"specshexpex","p2id":"liluzihit","formatid":"gen9vgc2023regulationc","rating":0,"private":0,"password":""}