{"id":"gen9vgc2023regulationc-1851321592","p1":"gonna be ok","p2":"Kim Wexler Gaming","format":"[Gen 9] VGC 2023 Regulation C","log":"|j|\u2606gonna be ok\n|j|\u2606Kim Wexler Gaming\n|t:|1682435655\n|gametype|doubles\n|player|p1|gonna be ok|depotagent|1173\n|player|p2|Kim Wexler Gaming|penny|1136\n|teamsize|p1|6\n|teamsize|p2|6\n|gen|9\n|tier|[Gen 9] VGC 2023 Regulation C\n|rated|\n|rule|Species Clause: Limit one of each Pok\u00e9mon\n|rule|Item Clause: Limit one of each item\n|clearpoke\n|poke|p1|Orthworm, L50, M|\n|poke|p1|Ting-Lu, L50|\n|poke|p1|Flutter Mane, L50|\n|poke|p1|Gyarados, L50, F|\n|poke|p1|Tyranitar, L50, F|\n|poke|p1|Scream Tail, L50|\n|poke|p2|Iron Jugulis, L50|\n|poke|p2|Garchomp, L50, F|\n|poke|p2|Chien-Pao, L50|\n|poke|p2|Kilowattrel, L50, F|\n|poke|p2|Mismagius, L50, F|\n|poke|p2|Ting-Lu, L50|\n|teampreview|4\n|inactive|Battle timer is ON: inactive players will automatically lose when time's up. (requested by Kim Wexler Gaming)\ngonna be ok has agreed to open team sheets.\nKim Wexler Gaming rejected open team sheets.\n|c|\u2606Kim Wexler Gaming|Good luck, have fun.\n|c|\u2606gonna be ok|u2\n|inactive|gonna be ok has 60 seconds left.\n|inactive|gonna be ok has 30 seconds left.\n|\n|t:|1682435716\n|start\n|switch|p1a: Scream Tail|Scream Tail, L50|100\/100\n|switch|p1b: Ting-Lu|Ting-Lu, L50|100\/100\n|switch|p2a: Whaaaaaat.|Iron Jugulis, L50|100\/100\n|switch|p2b: Dommy Mommy|Garchomp, L50, F, shiny|100\/100\n|-ability|p1b: Ting-Lu|Vessel of Ruin\n|-enditem|p2a: Whaaaaaat.|Booster Energy\n|-activate|p2a: Whaaaaaat.|ability: Quark Drive|[fromitem]\n|-start|p2a: Whaaaaaat.|quarkdrivespe\n|-enditem|p1a: Scream Tail|Booster Energy\n|-activate|p1a: Scream Tail|ability: Protosynthesis|[fromitem]\n|-start|p1a: Scream Tail|protosynthesisspe\n|turn|1\n|\n|t:|1682435734\n|move|p1a: Scream Tail|Protect|p1a: Scream Tail\n|-singleturn|p1a: Scream Tail|Protect\n|move|p2b: Dommy Mommy|Protect|p2b: Dommy Mommy\n|-singleturn|p2b: Dommy Mommy|Protect\n|move|p2a: Whaaaaaat.|Tailwind|p2a: Whaaaaaat.\n|-sidestart|p2: Kim Wexler Gaming|move: Tailwind\n|move|p1b: Ting-Lu|Ruination|p2b: Dommy Mommy\n|-activate|p2b: Dommy Mommy|move: Protect\n|\n|upkeep\n|turn|2\n|\n|t:|1682435749\n|-end|p1a: Scream Tail|Protosynthesis|[silent]\n|switch|p1a: Gyarados|Gyarados, L50, F|100\/100\n|-ability|p1a: Gyarados|Intimidate|boost\n|-unboost|p2a: Whaaaaaat.|atk|1\n|-fail|p2b: Dommy Mommy|unboost|[from] item: Clear Amulet|[of] p2b: Dommy Mommy\n|move|p2a: Whaaaaaat.|Snarl|p1b: Ting-Lu|[spread] p1a,p1b\n|-resisted|p1b: Ting-Lu\n|-damage|p1a: Gyarados|86\/100\n|-damage|p1b: Ting-Lu|97\/100\n|-unboost|p1a: Gyarados|spa|1\n|-unboost|p1b: Ting-Lu|spa|1\n|move|p2b: Dommy Mommy|Swords Dance|p2b: Dommy Mommy\n|-boost|p2b: Dommy Mommy|atk|2\n|move|p1b: Ting-Lu|Ruination|p2b: Dommy Mommy\n|-damage|p2b: Dommy Mommy|51\/100\n|\n|upkeep\n|turn|3\n|inactive|gonna be ok has 30 seconds left.\n|\n|t:|1682435780\n|move|p1a: Gyarados|Protect|p1a: Gyarados\n|-singleturn|p1a: Gyarados|Protect\n|move|p2a: Whaaaaaat.|Air Slash|p1b: Ting-Lu\n|-damage|p1b: Ting-Lu|85\/100\n|move|p2b: Dommy Mommy|Dragon Claw|p1a: Gyarados\n|-activate|p1a: Gyarados|move: Protect\n|move|p1b: Ting-Lu|Ruination|p2a: Whaaaaaat.\n|-damage|p2a: Whaaaaaat.|50\/100\n|\n|upkeep\n|turn|4\n|\n|t:|1682435798\n|switch|p1a: Scream Tail|Scream Tail, L50|100\/100\n|move|p2a: Whaaaaaat.|Air Slash|p1a: Scream Tail\n|-damage|p1a: Scream Tail|82\/100\n|move|p2b: Dommy Mommy|Dragon Claw|p1a: Scream Tail\n|-immune|p1a: Scream Tail\n|move|p1b: Ting-Lu|Stomping Tantrum|p2b: Dommy Mommy\n|-damage|p2b: Dommy Mommy|17\/100\n|-damage|p1b: Ting-Lu|73\/100|[from] ability: Rough Skin|[of] p2b: Dommy Mommy\n|\n|-sideend|p2: Kim Wexler Gaming|move: Tailwind\n|upkeep\n|turn|5\n|\n|t:|1682435820\n|move|p2a: Whaaaaaat.|Tailwind|p2a: Whaaaaaat.\n|-sidestart|p2: Kim Wexler Gaming|move: Tailwind\n|move|p2b: Dommy Mommy|Earthquake|p1b: Ting-Lu|[spread] p1a,p1b\n|-immune|p2a: Whaaaaaat.\n|-damage|p1a: Scream Tail|32\/100\n|-damage|p1b: Ting-Lu|32\/100\n|move|p1a: Scream Tail|Play Rough|p2a: Whaaaaaat.\n|-supereffective|p2a: Whaaaaaat.\n|-damage|p2a: Whaaaaaat.|0 fnt\n|faint|p2a: Whaaaaaat.\n|-end|p2a: Whaaaaaat.|Quark Drive|[silent]\n|move|p1b: Ting-Lu|Stomping Tantrum|p2b: Dommy Mommy\n|-damage|p2b: Dommy Mommy|0 fnt\n|-damage|p1b: Ting-Lu|20\/100|[from] ability: Rough Skin|[of] p2b: Dommy Mommy\n|faint|p2b: Dommy Mommy\n|\n|upkeep\n|\n|t:|1682435828\n|switch|p2a: KILL.|Ting-Lu, L50|100\/100\n|switch|p2b: Tara|Chien-Pao, L50|100\/100\n|-ability|p2b: Tara|Sword of Ruin\n|-item|p2b: Tara|Air Balloon\n|-ability|p2a: KILL.|Vessel of Ruin\n|turn|6\n|\n|t:|1682435852\n|-end|p1a: Scream Tail|Protosynthesis|[silent]\n|switch|p1a: Gyarados|Gyarados, L50, F|86\/100\n|-ability|p1a: Gyarados|Intimidate|boost\n|-unboost|p2a: KILL.|atk|1\n|-unboost|p2b: Tara|atk|1\n|move|p2b: Tara|Icicle Crash|p1a: Gyarados\n|-damage|p1a: Gyarados|41\/100\n|move|p2a: KILL.|Stomping Tantrum|p1b: Ting-Lu\n|-damage|p1b: Ting-Lu|0 fnt\n|faint|p1b: Ting-Lu\n|\n|upkeep\n|\n|t:|1682435862\n|switch|p1b: Scream Tail|Scream Tail, L50|32\/100\n|turn|7\n|\n|t:|1682435870\n|switch|p1a: Tyranitar|Tyranitar, L50, F|100\/100\n|-weather|Sandstorm|[from] ability: Sand Stream|[of] p1a: Tyranitar\n|move|p1b: Scream Tail|Protect|p1b: Scream Tail\n|-singleturn|p1b: Scream Tail|Protect\n|move|p2b: Tara|Icicle Crash|p1a: Tyranitar\n|-damage|p1a: Tyranitar|64\/100\n|move|p2a: KILL.|Payback|p1a: Tyranitar\n|-resisted|p1a: Tyranitar\n|-damage|p1a: Tyranitar|53\/100\n|\n|-weather|Sandstorm|[upkeep]\n|-damage|p2b: Tara|95\/100|[from] Sandstorm\n|-damage|p1b: Scream Tail|26\/100|[from] Sandstorm\n|upkeep\n|turn|8\n|\n|t:|1682435895\n|switch|p1a: Gyarados|Gyarados, L50, F|41\/100\n|-ability|p1a: Gyarados|Intimidate|boost\n|-unboost|p2a: KILL.|atk|1\n|-unboost|p2b: Tara|atk|1\n|move|p2b: Tara|Sacred Sword|p1a: Gyarados\n|-resisted|p1a: Gyarados\n|-damage|p1a: Gyarados|31\/100\n|move|p1b: Scream Tail|Play Rough|p2b: Tara\n|-supereffective|p2b: Tara\n|-damage|p2b: Tara|25\/100\n|-enditem|p2b: Tara|Air Balloon\n|move|p2a: KILL.|Heavy Slam|p1b: Scream Tail\n|-supereffective|p1b: Scream Tail\n|-damage|p1b: Scream Tail|0 fnt\n|faint|p1b: Scream Tail\n|-end|p1b: Scream Tail|Protosynthesis|[silent]\n|\n|-weather|Sandstorm|[upkeep]\n|-damage|p2b: Tara|19\/100|[from] Sandstorm\n|-damage|p1a: Gyarados|24\/100|[from] Sandstorm\n|-sideend|p2: Kim Wexler Gaming|move: Tailwind\n|upkeep\n|\n|t:|1682435909\n|switch|p1b: Tyranitar|Tyranitar, L50, F|53\/100\n|turn|9\n|\n|t:|1682435923\n|-terastallize|p1b: Tyranitar|Flying\n|move|p2b: Tara|Icicle Crash|p1a: Gyarados\n|-damage|p1a: Gyarados|0 fnt\n|faint|p1a: Gyarados\n|move|p1b: Tyranitar|Low Kick|p2b: Tara\n|-supereffective|p2b: Tara\n|-damage|p2b: Tara|0 fnt\n|faint|p2b: Tara\n|move|p2a: KILL.|Stomping Tantrum|p1b: Tyranitar\n|-immune|p1b: Tyranitar\n|\n|-weather|Sandstorm|[upkeep]\n|-damage|p1b: Tyranitar|47\/100|[from] Sandstorm\n|upkeep\n|turn|10\n|\n|t:|1682435933\n|move|p1b: Tyranitar|Low Kick|p2a: KILL.\n|-supereffective|p2a: KILL.\n|-damage|p2a: KILL.|46\/100\n|move|p2a: KILL.|Payback|p1b: Tyranitar\n|-damage|p1b: Tyranitar|25\/100\n|\n|-weather|Sandstorm|[upkeep]\n|-damage|p1b: Tyranitar|19\/100|[from] Sandstorm\n|upkeep\n|turn|11\n|c|\u2606Kim Wexler Gaming|G.g.w.p.\n|c|\u2606gonna be ok|gg\n|\n|t:|1682435944\n|-terastallize|p2a: KILL.|Poison\n|move|p1b: Tyranitar|Low Kick|p2a: KILL.\n|-resisted|p2a: KILL.\n|-damage|p2a: KILL.|34\/100\n|move|p2a: KILL.|Payback|p1b: Tyranitar\n|-damage|p1b: Tyranitar|0 fnt\n|faint|p1b: Tyranitar\n|\n|win|Kim Wexler Gaming\n|raw|gonna be ok's rating: 1173 → 1145<\/strong> (-28 for losing)\n|raw|Kim Wexler Gaming's rating: 1136 → 1164<\/strong> (+28 for winning)\n|l|\u2606gonna be ok\n","uploadtime":1682435949,"views":6,"p1id":"gonnabeok","p2id":"kimwexlergaming","formatid":"gen9vgc2023regulationc","rating":1145,"private":0,"password":""}