{"id":"gen9vgc2023regulationc-1849496613","p1":"Serranity","p2":"Slugma Guts","format":"[Gen 9] VGC 2023 Regulation C","log":"|j|\u2606Serranity\n|j|\u2606Slugma Guts\n|t:|1682205399\n|gametype|doubles\n|player|p1|Serranity|169|1123\n|player|p2|Slugma Guts|swimmer|1102\n|teamsize|p1|4\n|teamsize|p2|6\n|gen|9\n|tier|[Gen 9] VGC 2023 Regulation C\n|rated|\n|rule|Species Clause: Limit one of each Pok\u00e9mon\n|rule|Item Clause: Limit one of each item\n|clearpoke\n|poke|p1|Ting-Lu, L50|\n|poke|p1|Brute Bonnet, L50|\n|poke|p1|Ditto, L50|\n|poke|p1|Pawmi, L50, M|\n|poke|p2|Ting-Lu, L50|\n|poke|p2|Annihilape, L50, F|\n|poke|p2|Kingambit, L50, M|\n|poke|p2|Amoonguss, L50, F|\n|poke|p2|Cloyster, L50, M|\n|poke|p2|Flutter Mane, L50|\n|teampreview|4\n|inactive|Battle timer is ON: inactive players will automatically lose when time's up. (requested by Slugma Guts)\n|\n|t:|1682205418\n|start\n|switch|p1a: Ting-Lu|Ting-Lu, L50|100\/100\n|switch|p1b: Brute Bonnet|Brute Bonnet, L50|100\/100\n|switch|p2a: Ting-Lu|Ting-Lu, L50|100\/100\n|switch|p2b: Flutter Mane|Flutter Mane, L50|100\/100\n|-ability|p1a: Ting-Lu|Vessel of Ruin\n|-ability|p2a: Ting-Lu|Vessel of Ruin\n|turn|1\n|\n|t:|1682205435\n|-terastallize|p1b: Brute Bonnet|Steel\n|-terastallize|p2a: Ting-Lu|Steel\n|move|p2b: Flutter Mane|Moonblast|p1a: Ting-Lu\n|-supereffective|p1a: Ting-Lu\n|-damage|p1a: Ting-Lu|52\/100\n|move|p1b: Brute Bonnet|Spore|p2a: Ting-Lu\n|-status|p2a: Ting-Lu|slp|[from] move: Spore\n|move|p1a: Ting-Lu|Fissure|p2a: Ting-Lu|[miss]\n|-miss|p1a: Ting-Lu|p2a: Ting-Lu\n|cant|p2a: Ting-Lu|slp\n|\n|upkeep\n|turn|2\n|\n|t:|1682205455\n|move|p2b: Flutter Mane|Moonblast|p1a: Ting-Lu\n|-supereffective|p1a: Ting-Lu\n|-damage|p1a: Ting-Lu|9\/100\n|-unboost|p1a: Ting-Lu|spa|1\n|move|p1b: Brute Bonnet|Pollen Puff|p1a: Ting-Lu\n|-heal|p1a: Ting-Lu|59\/100\n|move|p1a: Ting-Lu|Heavy Slam|p2b: Flutter Mane\n|-supereffective|p2b: Flutter Mane\n|-damage|p2b: Flutter Mane|0 fnt\n|faint|p2b: Flutter Mane\n|-end|p2b: Flutter Mane|Protosynthesis|[silent]\n|-curestatus|p2a: Ting-Lu|slp|[msg]\n|move|p2a: Ting-Lu|Fissure|p1b: Brute Bonnet|[miss]\n|-miss|p2a: Ting-Lu|p1b: Brute Bonnet\n|\n|upkeep\n|\n|t:|1682205469\n|switch|p2b: Amoonguss|Amoonguss, L50, F|100\/100\n|turn|3\n|c|\u2606Slugma Guts|Fissure fight\n|c|\u2606Serranity|ong\n|c|\u2606Slugma Guts|do it no balls\n|inactive|Serranity has 30 seconds left.\n|c|\u2606Serranity|i am bish\n|\n|t:|1682205503\n|move|p1b: Brute Bonnet|Rage Powder|p1b: Brute Bonnet\n|-singleturn|p1b: Brute Bonnet|move: Rage Powder\n|move|p1a: Ting-Lu|Fissure|p2b: Amoonguss|[miss]\n|-miss|p1a: Ting-Lu|p2b: Amoonguss\n|move|p2a: Ting-Lu|Fissure|p1b: Brute Bonnet|[miss]\n|-miss|p2a: Ting-Lu|p1b: Brute Bonnet\n|move|p2b: Amoonguss|Spore|p1a: Ting-Lu\n|-status|p1a: Ting-Lu|slp|[from] move: Spore\n|\n|upkeep\n|turn|4\n|\n|t:|1682205523\n|move|p1b: Brute Bonnet|Pollen Puff|p1a: Ting-Lu\n|-heal|p1a: Ting-Lu|100\/100 slp\n|cant|p1a: Ting-Lu|slp\n|move|p2a: Ting-Lu|Fissure|p1b: Brute Bonnet|[miss]\n|-miss|p2a: Ting-Lu|p1b: Brute Bonnet\n|move|p2b: Amoonguss|Spore|p1b: Brute Bonnet\n|-status|p1b: Brute Bonnet|slp|[from] move: Spore\n|\n|upkeep\n|turn|5\n|\n|t:|1682205538\n|switch|p2b: Annihilape|Annihilape, L50, F|100\/100\n|cant|p1b: Brute Bonnet|slp\n|cant|p1a: Ting-Lu|slp\n|move|p2a: Ting-Lu|Fissure|p1a: Ting-Lu|[miss]\n|-miss|p2a: Ting-Lu|p1a: Ting-Lu\n|\n|upkeep\n|turn|6\n|\n|t:|1682205552\n|move|p2b: Annihilape|Close Combat|p1b: Brute Bonnet\n|-supereffective|p1b: Brute Bonnet\n|-damage|p1b: Brute Bonnet|45\/100 slp\n|-unboost|p2b: Annihilape|def|1\n|-unboost|p2b: Annihilape|spd|1\n|-curestatus|p1b: Brute Bonnet|slp|[msg]\n|move|p1b: Brute Bonnet|Spore|p2a: Ting-Lu\n|-status|p2a: Ting-Lu|slp|[from] move: Spore\n|cant|p1a: Ting-Lu|slp\n|cant|p2a: Ting-Lu|slp\n|\n|upkeep\n|turn|7\n|\n|t:|1682205575\n|move|p1b: Brute Bonnet|Protect|p1b: Brute Bonnet\n|-singleturn|p1b: Brute Bonnet|Protect\n|move|p2b: Annihilape|Close Combat|p1b: Brute Bonnet\n|-activate|p1b: Brute Bonnet|move: Protect\n|-curestatus|p1a: Ting-Lu|slp|[msg]\n|move|p1a: Ting-Lu|Stomping Tantrum|p2b: Annihilape\n|-damage|p2b: Annihilape|10\/100\n|-curestatus|p2a: Ting-Lu|slp|[msg]\n|move|p2a: Ting-Lu|Fissure|p1a: Ting-Lu|[miss]\n|-miss|p2a: Ting-Lu|p1a: Ting-Lu\n|\n|upkeep\n|turn|8\n|\n|t:|1682205595\n|move|p1b: Brute Bonnet|Protect||[still]\n|-fail|p1b: Brute Bonnet\n|move|p2b: Annihilape|Close Combat|p1b: Brute Bonnet\n|-supereffective|p1b: Brute Bonnet\n|-damage|p1b: Brute Bonnet|0 fnt\n|-unboost|p2b: Annihilape|def|1\n|-unboost|p2b: Annihilape|spd|1\n|faint|p1b: Brute Bonnet\n|-end|p1b: Brute Bonnet|Protosynthesis|[silent]\n|move|p1a: Ting-Lu|Rock Slide|p2a: Ting-Lu|[spread] p2a,p2b\n|-resisted|p2a: Ting-Lu\n|-resisted|p2b: Annihilape\n|-damage|p2a: Ting-Lu|97\/100\n|-damage|p2b: Annihilape|0 fnt\n|faint|p2b: Annihilape\n|cant|p2a: Ting-Lu|flinch\n|\n|upkeep\n|c|\u2606Serranity|lets gooo lol\n|\n|t:|1682205611\n|switch|p2b: Amoonguss|Amoonguss, L50, F|100\/100\n|switch|p1b: Ditto|Ditto, L50|100\/100\n|-transform|p1b: Ditto|p2a: Ting-Lu|[from] ability: Imposter\n|-ability|p1b: Ditto|Vessel of Ruin\n|-start|p1b: Ditto|typechange|Dark\/Ground|[silent]\n|turn|9\n|\n|t:|1682205625\n|move|p1b: Ditto|Fissure|p2a: Ting-Lu|[miss]\n|-miss|p1b: Ditto|p2a: Ting-Lu\n|move|p1a: Ting-Lu|Fissure|p2a: Ting-Lu|[miss]\n|-miss|p1a: Ting-Lu|p2a: Ting-Lu\n|move|p2a: Ting-Lu|Fissure|p1a: Ting-Lu\n|-damage|p1a: Ting-Lu|0 fnt\n|faint|p1a: Ting-Lu\n|-ohko\n|move|p2b: Amoonguss|Spore|p1b: Ditto\n|-status|p1b: Ditto|slp|[from] move: Spore\n|\n|upkeep\n|c|\u2606Slugma Guts|GOTEM\n|c|\u2606Serranity|NOOOO\n|\n|t:|1682205638\n|switch|p1a: Pawmi|Pawmi, L50, M|100\/100\n|turn|10\n|c|\u2606Slugma Guts|Don't do it\n|c|\u2606Serranity|all me\n|\n|t:|1682205654\n|move|p1a: Pawmi|Fake Out|p2b: Amoonguss\n|-damage|p2b: Amoonguss|92\/100\n|cant|p1b: Ditto|slp\n|move|p2a: Ting-Lu|Fissure|p1b: Ditto|[miss]\n|-miss|p2a: Ting-Lu|p1b: Ditto\n|move|p2b: Amoonguss|Spore|p1a: Pawmi\n|-status|p1a: Pawmi|slp|[from] move: Spore\n|\n|-damage|p1a: Pawmi|88\/100 slp|[from] item: Sticky Barb\n|upkeep\n|turn|11\n|c|\u2606Serranity|?!?!??!?!?!?!\n|c|\u2606Serranity|covert cloak?\n|inactive|Slugma Guts has 30 seconds left.\n|c|\u2606Slugma Guts|yes\n|c|\u2606Serranity|damn...\n|c|\u2606Serranity|ur crazy with it gg\n|inactive|Slugma Guts has 20 seconds left.\n|inactive|Slugma Guts has 15 seconds left.\n|\n|t:|1682205695\n|cant|p1a: Pawmi|slp\n|cant|p1b: Ditto|slp\n|move|p2a: Ting-Lu|Stomping Tantrum|p1a: Pawmi\n|-supereffective|p1a: Pawmi\n|-damage|p1a: Pawmi|0 fnt\n|faint|p1a: Pawmi\n|move|p2b: Amoonguss|Pollen Puff|p1b: Ditto\n|-supereffective|p1b: Ditto\n|-damage|p1b: Ditto|73\/100 slp\n|\n|upkeep\n|turn|12\n|\n|t:|1682205703\n|cant|p1b: Ditto|slp\n|move|p2a: Ting-Lu|Fissure|p1b: Ditto|[miss]\n|-miss|p2a: Ting-Lu|p1b: Ditto\n|move|p2b: Amoonguss|Pollen Puff|p1b: Ditto\n|-supereffective|p1b: Ditto\n|-damage|p1b: Ditto|48\/100 slp\n|\n|upkeep\n|turn|13\n|\n|t:|1682205713\n|-curestatus|p1b: Ditto|slp|[msg]\n|move|p1b: Ditto|Fissure|p2b: Amoonguss|[miss]\n|-miss|p1b: Ditto|p2b: Amoonguss\n|move|p2a: Ting-Lu|Stomping Tantrum|p1b: Ditto\n|-damage|p1b: Ditto|0 fnt\n|faint|p1b: Ditto\n|\n|win|Slugma Guts\n|raw|Serranity's rating: 1123 → 1096<\/strong> (-27 for losing)\n|raw|Slugma Guts's rating: 1102 → 1129<\/strong> (+27 for winning)\n|l|\u2606Serranity\n|c|\u2606Slugma Guts|gg\n","uploadtime":1682205721,"views":5,"p1id":"serranity","p2id":"slugmaguts","formatid":"gen9vgc2023regulationc","rating":1096,"private":0,"password":""}