{"id":"gen9vgc2023regulationc-1852105229","p1":"Igetnotrout","p2":"qwhgajs","format":"[Gen 9] VGC 2023 Regulation C","log":"|j|\u2606Igetnotrout\n|j|\u2606qwhgajs\n|t:|1682524538\n|gametype|doubles\n|player|p1|Igetnotrout|fisherman|1061\n|player|p2|qwhgajs|1|1066\n|teamsize|p1|6\n|teamsize|p2|6\n|gen|9\n|tier|[Gen 9] VGC 2023 Regulation C\n|rated|\n|rule|Species Clause: Limit one of each Pok\u00e9mon\n|rule|Item Clause: Limit one of each item\n|clearpoke\n|poke|p1|Ting-Lu, L50|\n|poke|p1|Wo-Chien, L50|\n|poke|p1|Scizor, L50, M|\n|poke|p1|Indeedee-F, L50, F|\n|poke|p1|Pincurchin, L50, M|\n|poke|p1|Klefki, L50, F|\n|poke|p2|Palafin, L50, M|\n|poke|p2|Amoonguss, L50, F|\n|poke|p2|Arcanine, L50, M|\n|poke|p2|Flutter Mane, L50|\n|poke|p2|Kingambit, L50, M|\n|poke|p2|Baxcalibur, L50, F|\n|teampreview|4\n|inactive|Battle timer is ON: inactive players will automatically lose when time's up. (requested by Igetnotrout)\n|inactive|qwhgajs has 60 seconds left.\n|\n|t:|1682524572\n|start\n|switch|p1a: RUSTY BOWL|Ting-Lu, L50|100\/100\n|switch|p1b: Klefki|Klefki, L50, F|100\/100\n|switch|p2a: Flutter Mane|Flutter Mane, L50|100\/100\n|switch|p2b: Amoonguss|Amoonguss, L50, F|100\/100\n|-ability|p1a: RUSTY BOWL|Vessel of Ruin\n|-enditem|p2a: Flutter Mane|Booster Energy\n|-activate|p2a: Flutter Mane|ability: Protosynthesis|[fromitem]\n|-start|p2a: Flutter Mane|protosynthesisspa\n|turn|1\n|\n|t:|1682524595\n|move|p2a: Flutter Mane|Protect|p2a: Flutter Mane\n|-singleturn|p2a: Flutter Mane|Protect\n|move|p1b: Klefki|Light Screen|p1b: Klefki\n|-sidestart|p1: Igetnotrout|move: Light Screen\n|move|p1a: RUSTY BOWL|Stealth Rock|p2b: Amoonguss\n|-sidestart|p2: qwhgajs|move: Stealth Rock\n|move|p2b: Amoonguss|Spore|p1a: RUSTY BOWL\n|-status|p1a: RUSTY BOWL|slp|[from] move: Spore\n|\n|upkeep\n|turn|2\n|inactive|Igetnotrout has 30 seconds left.\n|\n|t:|1682524625\n|switch|p1a: Pincurchin|Pincurchin, L50, M|100\/100\n|-fieldstart|move: Electric Terrain|[from] ability: Electric Surge|[of] p1a: Pincurchin\n|-enditem|p1a: Pincurchin|Electric Seed\n|-boost|p1a: Pincurchin|def|1|[from] item: Electric Seed\n|move|p1b: Klefki|Spikes|p2a: Flutter Mane\n|-sidestart|p2: qwhgajs|Spikes\n|move|p2a: Flutter Mane|Shadow Ball|p1b: Klefki\n|-damage|p1b: Klefki|59\/100\n|move|p2b: Amoonguss|Spore|p1b: Klefki\n|-activate|p1b: Klefki|move: Electric Terrain\n|\n|upkeep\n|turn|3\n|inactive|qwhgajs has 30 seconds left.\n|inactive|qwhgajs has 20 seconds left.\n|\n|t:|1682524664\n|switch|p1b: LORD SLUG|Wo-Chien, L50|100\/100\n|-ability|p1b: LORD SLUG|Tablets of Ruin\n|move|p2b: Amoonguss|Rage Powder|p2b: Amoonguss\n|-singleturn|p2b: Amoonguss|move: Rage Powder\n|move|p2a: Flutter Mane|Shadow Ball|p1b: LORD SLUG\n|-resisted|p1b: LORD SLUG\n|-crit|p1b: LORD SLUG\n|-damage|p1b: LORD SLUG|71\/100\n|move|p1a: Pincurchin|Toxic Spikes|p2b: Amoonguss\n|-sidestart|p2: qwhgajs|move: Toxic Spikes\n|\n|upkeep\n|turn|4\n|\n|t:|1682524686\n|-terastallize|p1b: LORD SLUG|Water\n|move|p2a: Flutter Mane|Moonblast|p1b: LORD SLUG\n|-damage|p1b: LORD SLUG|39\/100\n|move|p1b: LORD SLUG|Leech Seed|p2a: Flutter Mane\n|-start|p2a: Flutter Mane|move: Leech Seed\n|move|p2b: Amoonguss|Pollen Puff|p1b: LORD SLUG\n|-damage|p1b: LORD SLUG|30\/100\n|move|p1a: Pincurchin|Acupressure|p1b: LORD SLUG\n|-boost|p1b: LORD SLUG|spe|2\n|\n|-damage|p2a: Flutter Mane|89\/100|[from] Leech Seed|[of] p1b: LORD SLUG\n|-heal|p1b: LORD SLUG|39\/100|[silent]\n|upkeep\n|turn|5\n|\n|t:|1682524707\n|move|p1b: LORD SLUG|Protect|p1b: LORD SLUG\n|-singleturn|p1b: LORD SLUG|Protect\n|move|p2b: Amoonguss|Rage Powder|p2b: Amoonguss\n|-singleturn|p2b: Amoonguss|move: Rage Powder\n|move|p1a: Pincurchin|Sucker Punch||[still]\n|-fail|p1a: Pincurchin\n|move|p2a: Flutter Mane|Moonblast|p1b: LORD SLUG\n|-activate|p1b: LORD SLUG|move: Protect\n|\n|-damage|p2a: Flutter Mane|77\/100|[from] Leech Seed|[of] p1b: LORD SLUG\n|-heal|p1b: LORD SLUG|47\/100|[silent]\n|-sideend|p1: Igetnotrout|move: Light Screen\n|upkeep\n|turn|6\n|\n|t:|1682524727\n|switch|p1a: RUSTY BOWL|Ting-Lu, L50|100\/100 slp\n|-ability|p1a: RUSTY BOWL|Vessel of Ruin\n|move|p2b: Amoonguss|Rage Powder|p2b: Amoonguss\n|-singleturn|p2b: Amoonguss|move: Rage Powder\n|move|p1b: LORD SLUG|Giga Drain|p2a: Flutter Mane\n|-damage|p2a: Flutter Mane|60\/100\n|-heal|p1b: LORD SLUG|54\/100|[from] drain|[of] p2a: Flutter Mane\n|move|p2a: Flutter Mane|Moonblast|p1b: LORD SLUG\n|-damage|p1b: LORD SLUG|19\/100\n|-unboost|p1b: LORD SLUG|spa|1\n|\n|-damage|p2a: Flutter Mane|48\/100|[from] Leech Seed|[of] p1b: LORD SLUG\n|-heal|p1b: LORD SLUG|28\/100|[silent]\n|-fieldend|move: Electric Terrain\n|upkeep\n|turn|7\n|\n|t:|1682524751\n|move|p1b: LORD SLUG|Protect|p1b: LORD SLUG\n|-singleturn|p1b: LORD SLUG|Protect\n|move|p2a: Flutter Mane|Protect|p2a: Flutter Mane\n|-singleturn|p2a: Flutter Mane|Protect\n|move|p2b: Amoonguss|Spore|p1b: LORD SLUG\n|-activate|p1b: LORD SLUG|move: Protect\n|cant|p1a: RUSTY BOWL|slp\n|\n|-damage|p2a: Flutter Mane|36\/100|[from] Leech Seed|[of] p1b: LORD SLUG\n|-heal|p1b: LORD SLUG|37\/100|[silent]\n|upkeep\n|turn|8\n|\n|t:|1682524770\n|switch|p1b: Pincurchin|Pincurchin, L50, M|100\/100\n|-fieldstart|move: Electric Terrain|[from] ability: Electric Surge|[of] p1b: Pincurchin\n|move|p2a: Flutter Mane|Moonblast|p1b: Pincurchin\n|-damage|p1b: Pincurchin|39\/100\n|move|p2b: Amoonguss|Pollen Puff|p2a: Flutter Mane\n|-heal|p2a: Flutter Mane|86\/100\n|cant|p1a: RUSTY BOWL|slp\n|\n|-damage|p2a: Flutter Mane|74\/100|[from] Leech Seed|[of] p1b: Pincurchin\n|-heal|p1b: Pincurchin|50\/100|[silent]\n|upkeep\n|turn|9\n|\n|t:|1682524792\n|switch|p1b: Klefki|Klefki, L50, F|59\/100\n|-terastallize|p2a: Flutter Mane|Fairy\n|move|p2b: Amoonguss|Rage Powder|p2b: Amoonguss\n|-singleturn|p2b: Amoonguss|move: Rage Powder\n|move|p2a: Flutter Mane|Dazzling Gleam|p1a: RUSTY BOWL|[spread] p1a,p1b\n|-supereffective|p1a: RUSTY BOWL\n|-resisted|p1b: Klefki\n|-damage|p1a: RUSTY BOWL|49\/100 slp\n|-damage|p1b: Klefki|37\/100\n|-enditem|p1b: Klefki|Sitrus Berry|[eat]\n|-heal|p1b: Klefki|62\/100|[from] item: Sitrus Berry\n|-curestatus|p1a: RUSTY BOWL|slp|[msg]\n|move|p1a: RUSTY BOWL|Whirlwind|p2b: Amoonguss\n|drag|p2b: Baxcalibur|Baxcalibur, L50, F|100\/100\n|-damage|p2b: Baxcalibur|76\/100|[from] Stealth Rock\n|-damage|p2b: Baxcalibur|64\/100|[from] Spikes\n|-status|p2b: Baxcalibur|psn\n|\n|-heal|p1a: RUSTY BOWL|55\/100|[from] item: Leftovers\n|-damage|p2a: Flutter Mane|62\/100|[from] Leech Seed|[of] p1b: Klefki\n|-heal|p1b: Klefki|72\/100|[silent]\n|-damage|p2b: Baxcalibur|51\/100 psn|[from] psn\n|upkeep\n|turn|10\n|\n|t:|1682524817\n|switch|p1a: LORD SLUG|Wo-Chien, L50, tera:Water|37\/100\n|-ability|p1a: LORD SLUG|Tablets of Ruin\n|move|p1b: Klefki|Light Screen|p1b: Klefki\n|-sidestart|p1: Igetnotrout|move: Light Screen\n|move|p2a: Flutter Mane|Moonblast|p1a: LORD SLUG\n|-damage|p1a: LORD SLUG|0 fnt\n|faint|p1a: LORD SLUG\n|move|p2b: Baxcalibur|Icicle Spear|p1b: Klefki\n|-resisted|p1b: Klefki\n|-damage|p1b: Klefki|66\/100\n|-resisted|p1b: Klefki\n|-damage|p1b: Klefki|60\/100\n|-resisted|p1b: Klefki\n|-damage|p1b: Klefki|54\/100\n|-resisted|p1b: Klefki\n|-damage|p1b: Klefki|48\/100\n|-hitcount|p1b: Klefki|4\n|\n|-damage|p2a: Flutter Mane|50\/100|[from] Leech Seed|[of] p1b: Klefki\n|-heal|p1b: Klefki|58\/100|[silent]\n|-damage|p2b: Baxcalibur|39\/100 psn|[from] psn\n|upkeep\n|\n|t:|1682524838\n|switch|p1a: RUSTY BOWL|Ting-Lu, L50|55\/100\n|-ability|p1a: RUSTY BOWL|Vessel of Ruin\n|turn|11\n|\n|t:|1682524857\n|move|p1b: Klefki|Reflect|p1b: Klefki\n|-sidestart|p1: Igetnotrout|Reflect\n|move|p2a: Flutter Mane|Dazzling Gleam|p1a: RUSTY BOWL|[spread] p1a,p1b\n|-supereffective|p1a: RUSTY BOWL\n|-resisted|p1b: Klefki\n|-damage|p1a: RUSTY BOWL|20\/100\n|-damage|p1b: Klefki|42\/100\n|move|p2b: Baxcalibur|Icicle Spear|p1a: RUSTY BOWL\n|-supereffective|p1a: RUSTY BOWL\n|-damage|p1a: RUSTY BOWL|11\/100\n|-supereffective|p1a: RUSTY BOWL\n|-damage|p1a: RUSTY BOWL|0 fnt\n|faint|p1a: RUSTY BOWL\n|-hitcount|p1: RUSTY BOWL|2\n|\n|-damage|p2a: Flutter Mane|38\/100|[from] Leech Seed|[of] p1b: Klefki\n|-heal|p1b: Klefki|52\/100|[silent]\n|-damage|p2b: Baxcalibur|27\/100 psn|[from] psn\n|upkeep\n|\n|t:|1682524869\n|switch|p1a: Pincurchin|Pincurchin, L50, M|50\/100\n|turn|12\n|\n|t:|1682524883\n|move|p1b: Klefki|Magnet Rise|p1b: Klefki\n|-start|p1b: Klefki|Magnet Rise\n|move|p2a: Flutter Mane|Dazzling Gleam|p1b: Klefki|[spread] p1a,p1b\n|-resisted|p1b: Klefki\n|-damage|p1a: Pincurchin|2\/100\n|-damage|p1b: Klefki|32\/100\n|move|p2b: Baxcalibur|Icicle Spear|p1a: Pincurchin\n|-damage|p1a: Pincurchin|0 fnt\n|faint|p1a: Pincurchin\n|-hitcount|p1: Pincurchin|1\n|\n|-damage|p2a: Flutter Mane|26\/100|[from] Leech Seed|[of] p1b: Klefki\n|-heal|p1b: Klefki|42\/100|[silent]\n|-damage|p2b: Baxcalibur|15\/100 psn|[from] psn\n|-fieldend|move: Electric Terrain\n|upkeep\n|turn|13\n|-message|Igetnotrout forfeited.\n|\n|win|qwhgajs\n|raw|Igetnotrout's rating: 1061 → 1042<\/strong> (-19 for losing)\n|raw|qwhgajs's rating: 1066 → 1096<\/strong> (+30 for winning)\n|l|\u2606Igetnotrout\n","uploadtime":1682524905,"views":8,"p1id":"igetnotrout","p2id":"qwhgajs","formatid":"gen9vgc2023regulationc","rating":1042,"private":0,"password":""}