{"id":"gen9vgc2023regulationc-1864405093","p1":"Kiky14","p2":"NatureIsSpeaking","format":"[Gen 9] VGC 2023 Regulation C","log":"|j|\u2606Kiky14\n|j|\u2606NatureIsSpeaking\n|t:|1684163713\n|gametype|doubles\n|player|p1|Kiky14|hilbert-wonderlauncher|1158\n|player|p2|NatureIsSpeaking|li|1066\n|teamsize|p1|6\n|teamsize|p2|6\n|gen|9\n|tier|[Gen 9] VGC 2023 Regulation C\n|rated|\n|rule|Species Clause: Limit one of each Pok\u00e9mon\n|rule|Item Clause: Limit one of each item\n|clearpoke\n|poke|p1|Chien-Pao, L50|\n|poke|p1|Garganacl, L50, M|\n|poke|p1|Arcanine, L50, M|\n|poke|p1|Flutter Mane, L50|\n|poke|p1|Palafin, L50, F|\n|poke|p1|Amoonguss, L50, F|\n|poke|p2|Talonflame, L50, M|\n|poke|p2|Raichu, L50, F|\n|poke|p2|Barraskewda, L50, M|\n|poke|p2|Gengar, L50, M|\n|poke|p2|Gallade, L50, M|\n|poke|p2|Hydreigon, L50, M|\n|teampreview|4\nNatureIsSpeaking rejected open team sheets.\n|inactive|Battle timer is ON: inactive players will automatically lose when time's up. (requested by Kiky14)\n|\n|t:|1684163772\n|start\n|switch|p1a: Aespa|Chien-Pao, L50|100\/100\n|switch|p1b: Mamamoo|Garganacl, L50, M|100\/100\n|switch|p2a: Gale|Talonflame, L50, M, shiny|100\/100\n|switch|p2b: ES|Gengar, L50, M|100\/100\n|-ability|p1a: Aespa|Sword of Ruin\n|turn|1\n|\n|t:|1684163794\n|move|p1a: Aespa|Sucker Punch|p2b: ES\n|-supereffective|p2b: ES\n|-crit|p2b: ES\n|-damage|p2b: ES|0 fnt\n|-start|p1a: Aespa|Disable|Sucker Punch|[from] ability: Cursed Body|[of] p2b: ES\n|faint|p2b: ES\n|move|p2a: Gale|Will-O-Wisp|p1a: Aespa\n|-status|p1a: Aespa|brn\n|move|p1b: Mamamoo|Salt Cure|p2a: Gale\n|-supereffective|p2a: Gale\n|-damage|p2a: Gale|0 fnt\n|faint|p2a: Gale\n|\n|-damage|p1a: Aespa|95\/100 brn|[from] brn\n|upkeep\n|\n|t:|1684163806\n|switch|p2a: Tsurak|Barraskewda, L50, M, shiny|100\/100\n|switch|p2b: Hades|Hydreigon, L50, M|100\/100\n|turn|2\n|\n|t:|1684163829\n|-terastallize|p2b: Hades|Water\n|-terastallize|p1b: Mamamoo|Ghost\n|move|p1a: Aespa|Protect|p1a: Aespa\n|-singleturn|p1a: Aespa|Protect\n|move|p2a: Tsurak|Close Combat|p1b: Mamamoo\n|-immune|p1b: Mamamoo\n|move|p2b: Hades|Surf|p1b: Mamamoo|[spread] p2a,p1b\n|-activate|p1a: Aespa|move: Protect\n|-resisted|p2a: Tsurak\n|-damage|p2a: Tsurak|37\/100\n|-damage|p1b: Mamamoo|54\/100\n|move|p1b: Mamamoo|Body Press|p2b: Hades\n|-damage|p2b: Hades|64\/100\n|\n|-damage|p1a: Aespa|89\/100 brn|[from] brn\n|upkeep\n|turn|3\n|inactive|Kiky14 has 30 seconds left.\n|\n|t:|1684163860\n|move|p1b: Mamamoo|Protect|p1b: Mamamoo\n|-singleturn|p1b: Mamamoo|Protect\n|move|p1a: Aespa|Sacred Sword|p2a: Tsurak\n|-damage|p2a: Tsurak|1\/100\n|move|p2a: Tsurak|Close Combat|p1a: Aespa\n|-supereffective|p1a: Aespa\n|-damage|p1a: Aespa|0 fnt\n|-unboost|p2a: Tsurak|def|1\n|-unboost|p2a: Tsurak|spd|1\n|faint|p1a: Aespa\n|move|p2b: Hades|Surf|p1b: Mamamoo|[spread] p2a\n|-activate|p1b: Mamamoo|move: Protect\n|-resisted|p2a: Tsurak\n|-damage|p2a: Tsurak|0 fnt\n|faint|p2a: Tsurak\n|\n|upkeep\n|\n|t:|1684163874\n|switch|p1a: Viviz|Flutter Mane, L50|100\/100\n|-enditem|p1a: Viviz|Booster Energy\n|-activate|p1a: Viviz|ability: Protosynthesis|[fromitem]\n|-start|p1a: Viviz|protosynthesisspa\n|turn|4\n|\n|t:|1684163890\n|move|p1a: Viviz|Shadow Ball|p2b: Hades\n|-damage|p2b: Hades|6\/100\n|-unboost|p2b: Hades|spd|1\n|move|p2b: Hades|Surf|p1b: Mamamoo|[spread] p1a,p1b\n|-damage|p1a: Viviz|46\/100\n|-damage|p1b: Mamamoo|6\/100\n|move|p1b: Mamamoo|Recover|p1b: Mamamoo\n|-heal|p1b: Mamamoo|56\/100\n|\n|upkeep\n|turn|5\n|inactive|NatureIsSpeaking has 30 seconds left.\n|\n|t:|1684163918\n|move|p1a: Viviz|Shadow Ball|p2b: Hades\n|-damage|p2b: Hades|0 fnt\n|faint|p2b: Hades\n|\n|win|Kiky14\n|raw|Kiky14's rating: 1158 → 1177<\/strong> (+19 for winning)\n|raw|NatureIsSpeaking's rating: 1066 → 1051<\/strong> (-15 for losing)\n","uploadtime":1684163931,"views":2,"p1id":"kiky14","p2id":"natureisspeaking","formatid":"gen9vgc2023regulationc","rating":1051,"private":0,"password":""}