{"id":"gen9vgc2023regulationc-1863724709","p1":"mhigham11","p2":"Topperlecat","format":"[Gen 9] VGC 2023 Regulation C","log":"|j|\u2606mhigham11\n|j|\u2606Topperlecat\n|t:|1684067637\n|gametype|doubles\n|player|p1|mhigham11|102|1195\n|player|p2|Topperlecat|n|1141\n|teamsize|p1|6\n|teamsize|p2|6\n|gen|9\n|tier|[Gen 9] VGC 2023 Regulation C\n|rated|\n|rule|Species Clause: Limit one of each Pok\u00e9mon\n|rule|Item Clause: Limit one of each item\n|clearpoke\n|poke|p1|Murkrow, L50, F|\n|poke|p1|Flutter Mane, L50|\n|poke|p1|Great Tusk, L50|\n|poke|p1|Chi-Yu, L50|\n|poke|p1|Brute Bonnet, L50|\n|poke|p1|Gyarados, L50, F|\n|poke|p2|Murkrow, L50, F|\n|poke|p2|Great Tusk, L50|\n|poke|p2|Torkoal, L50, F|\n|poke|p2|Leafeon, L50, M|\n|poke|p2|Gyarados, L50, M|\n|poke|p2|Flutter Mane, L50|\n|teampreview|4\n|c|\u2606Topperlecat|Glhf!\nTopperlecat has agreed to open team sheets.\nmhigham11 rejected open team sheets.\n|inactive|Battle timer is ON: inactive players will automatically lose when time's up. (requested by mhigham11)\n|\n|t:|1684067675\n|start\n|switch|p1a: Murkrow|Murkrow, L50, F|100\/100\n|switch|p1b: Great Tusk|Great Tusk, L50|100\/100\n|switch|p2a: tutel|Torkoal, L50, F|100\/100\n|switch|p2b: leef|Leafeon, L50, M|100\/100\n|-weather|SunnyDay|[from] ability: Drought|[of] p2a: tutel\n|-activate|p1b: Great Tusk|ability: Protosynthesis\n|-start|p1b: Great Tusk|protosynthesisatk\n|turn|1\n|\n|t:|1684067698\n|-terastallize|p1b: Great Tusk|Ground\n|move|p2b: leef|Protect|p2b: leef\n|-singleturn|p2b: leef|Protect\n|move|p2a: tutel|Protect|p2a: tutel\n|-singleturn|p2a: tutel|Protect\n|move|p1a: Murkrow|Tailwind|p1a: Murkrow\n|-sidestart|p1: mhigham11|move: Tailwind\n|move|p1b: Great Tusk|Earthquake|p2b: leef|[spread] \n|-activate|p2a: tutel|move: Protect\n|-activate|p2b: leef|move: Protect\n|-immune|p1a: Murkrow\n|\n|-weather|SunnyDay|[upkeep]\n|upkeep\n|turn|2\n|\n|t:|1684067717\n|switch|p1a: Gyarados|Gyarados, L50, F|100\/100\n|-ability|p1a: Gyarados|Intimidate|boost\n|-unboost|p2a: tutel|atk|1\n|-enditem|p2a: tutel|Eject Pack\n|-unboost|p2b: leef|atk|1\n|\n|t:|1684067726\n|switch|p2a: cardboard box|Gyarados, L50, M|100\/100\n|-ability|p2a: cardboard box|Intimidate|boost\n|-unboost|p1a: Gyarados|atk|1\n|-unboost|p1b: Great Tusk|atk|1\n|move|p1b: Great Tusk|Earthquake|p2a: cardboard box|[spread] p2b\n|-immune|p1a: Gyarados\n|-immune|p2a: cardboard box\n|-resisted|p2b: leef\n|-damage|p2b: leef|77\/100\n|move|p2b: leef|Leaf Blade|p1b: Great Tusk\n|-supereffective|p1b: Great Tusk\n|-damage|p1b: Great Tusk|48\/100\n|-damage|p2b: leef|68\/100|[from] item: Life Orb\n|\n|-weather|SunnyDay|[upkeep]\n|upkeep\n|turn|3\n|inactive|Topperlecat has 30 seconds left.\n|inactive|Topperlecat has 20 seconds left.\n|inactive|Topperlecat has 15 seconds left.\n|inactive|Topperlecat has 10 seconds left.\n|\n|t:|1684067772\n|-end|p1b: Great Tusk|Protosynthesis|[silent]\n|switch|p1b: Flutter Mane|Flutter Mane, L50|100\/100\n|-activate|p1b: Flutter Mane|ability: Protosynthesis\n|-start|p1b: Flutter Mane|protosynthesisspa\n|move|p2b: leef|Leaf Blade|p1b: Flutter Mane\n|-damage|p1b: Flutter Mane|42\/100\n|-damage|p2b: leef|58\/100|[from] item: Life Orb\n|move|p1a: Gyarados|Taunt|p2a: cardboard box\n|-start|p2a: cardboard box|move: Taunt\n|cant|p2a: cardboard box|move: Taunt|Thunder Wave\n|\n|-weather|SunnyDay|[upkeep]\n|upkeep\n|turn|4\n|inactive|mhigham11 has 30 seconds left.\n|\n|t:|1684067803\n|switch|p1a: Great Tusk|Great Tusk, L50, tera:Ground|48\/100\n|-activate|p1a: Great Tusk|ability: Protosynthesis\n|-start|p1a: Great Tusk|protosynthesisatk\n|switch|p2a: tutel|Torkoal, L50, F|100\/100\n|move|p1b: Flutter Mane|Moonblast|p2b: leef\n|-damage|p2b: leef|0 fnt\n|faint|p2b: leef\n|\n|-weather|SunnyDay|[upkeep]\n|-sideend|p1: mhigham11|move: Tailwind\n|upkeep\n|inactive|Topperlecat has 30 seconds left.\n|\n|t:|1684067837\n|switch|p2b: weezer|Flutter Mane, L50|100\/100\n|-activate|p2b: weezer|ability: Protosynthesis\n|-start|p2b: weezer|protosynthesisspa\n|turn|5\n|\n|t:|1684067860\n|-terastallize|p2a: tutel|Flying\n|move|p1a: Great Tusk|Headlong Rush|p2a: tutel\n|-immune|p2a: tutel\n|move|p1b: Flutter Mane|Moonblast|p2b: weezer\n|-crit|p2b: weezer\n|-damage|p2b: weezer|0 fnt\n|faint|p2b: weezer\n|-end|p2b: weezer|Protosynthesis|[silent]\n|move|p2a: tutel|Overheat|p1a: Great Tusk\n|-damage|p1a: Great Tusk|0 fnt\n|-unboost|p2a: tutel|spa|2\n|faint|p1a: Great Tusk\n|-end|p1a: Great Tusk|Protosynthesis|[silent]\n|\n|-weather|none\n|-end|p1b: Flutter Mane|Protosynthesis\n|upkeep\n|\n|t:|1684067875\n|switch|p2b: cardboard box|Gyarados, L50, M|100\/100\n|switch|p1a: Gyarados|Gyarados, L50, F|100\/100\n|-ability|p1a: Gyarados|Intimidate|boost\n|-unboost|p2a: tutel|atk|1\n|-unboost|p2b: cardboard box|atk|1\n|-ability|p2b: cardboard box|Intimidate|boost\n|-unboost|p1a: Gyarados|atk|1\n|-unboost|p1b: Flutter Mane|atk|1\n|turn|6\n|-message|Topperlecat forfeited.\n|\n|win|mhigham11\n|raw|mhigham11's rating: 1195 → 1216<\/strong> (+21 for winning)\n|raw|Topperlecat's rating: 1141 → 1120<\/strong> (-21 for losing)\n|l|\u2606mhigham11\n","uploadtime":1684067891,"views":13,"p1id":"mhigham11","p2id":"topperlecat","formatid":"gen9vgc2023regulationc","rating":1120,"private":0,"password":""}