{"id":"gen9vgc2023regulationc-1851709101","p1":"Buhginghi","p2":"mugiwaraLux","format":"[Gen 9] VGC 2023 Regulation C","log":"|j|\u2606Buhginghi\n|j|\u2606mugiwaraLux\n|t:|1682472663\n|gametype|doubles\n|player|p1|Buhginghi|cheryl|1339\n|player|p2|mugiwaraLux|102|1311\n|teamsize|p1|6\n|teamsize|p2|6\n|gen|9\n|tier|[Gen 9] VGC 2023 Regulation C\n|rated|\n|rule|Species Clause: Limit one of each Pok\u00e9mon\n|rule|Item Clause: Limit one of each item\n|clearpoke\n|poke|p1|Ting-Lu, L50|\n|poke|p1|Palafin, L50, F|\n|poke|p1|Amoonguss, L50, F|\n|poke|p1|Arcanine, L50, F|\n|poke|p1|Flutter Mane, L50|\n|poke|p1|Chien-Pao, L50|\n|poke|p2|Palafin, L50, F|\n|poke|p2|Amoonguss, L50, M|\n|poke|p2|Flutter Mane, L50|\n|poke|p2|Arcanine, L50, F|\n|poke|p2|Roaring Moon, L50|\n|poke|p2|Chien-Pao, L50|\n|teampreview|4\n|inactive|Battle timer is ON: inactive players will automatically lose when time's up. (requested by mugiwaraLux)\nBuhginghi has agreed to open team sheets.\nmugiwaraLux has agreed to open team sheets.\n|inactive|Buhginghi has 60 seconds left.\n|inactive|mugiwaraLux has 60 seconds left.\n|inactive|Buhginghi has 30 seconds left.\n|inactive|Buhginghi has 20 seconds left.\n|inactive|Buhginghi has 15 seconds left.\n|\n|t:|1682472739\n|start\n|switch|p1a: Palafin|Palafin, L50, F|100\/100\n|switch|p1b: Ting-Lu|Ting-Lu, L50|100\/100\n|switch|p2a: ChiYu|Arcanine, L50, F|100\/100\n|switch|p2b: Mimi|Flutter Mane, L50|100\/100\n|-ability|p2a: ChiYu|Intimidate|boost\n|-unboost|p1a: Palafin|atk|1\n|-unboost|p1b: Ting-Lu|atk|1\n|-ability|p1b: Ting-Lu|Vessel of Ruin\n|turn|1\n|inactive|Buhginghi has 30 seconds left.\n|\n|t:|1682472764\n|-end|p2b: Mimi|Protosynthesis|[silent]\n|switch|p2b: Palafin|Palafin, L50, F|100\/100\n|detailschange|p1a: Palafin|Palafin-Hero, L50, F\n|switch|p1a: Arcanine|Arcanine, L50, F|100\/100\n|-ability|p1a: Arcanine|Intimidate|boost\n|-unboost|p2a: ChiYu|atk|1\n|-unboost|p2b: Palafin|atk|1\n|switch|p2a: Amoonguss|Amoonguss, L50, M|100\/100\n|-terastallize|p1b: Ting-Lu|Poison\n|move|p1b: Ting-Lu|Heavy Slam|p2b: Palafin\n|-resisted|p2b: Palafin\n|-damage|p2b: Palafin|88\/100\n|\n|upkeep\n|turn|2\n|\n|t:|1682472779\n|detailschange|p2b: Palafin|Palafin-Hero, L50, F\n|switch|p2b: ChiYu|Arcanine, L50, F|100\/100\n|-ability|p2b: ChiYu|Intimidate|boost\n|-unboost|p1a: Arcanine|atk|1\n|-unboost|p1b: Ting-Lu|atk|1\n|-terastallize|p2a: Amoonguss|Water\n|move|p1a: Arcanine|Flare Blitz|p2a: Amoonguss\n|-resisted|p2a: Amoonguss\n|-damage|p2a: Amoonguss|87\/100\n|-damage|p1a: Arcanine|95\/100|[from] Recoil\n|move|p1b: Ting-Lu|Ruination|p2b: ChiYu\n|-damage|p2b: ChiYu|51\/100\n|move|p2a: Amoonguss|Spore|p1b: Ting-Lu\n|-status|p1b: Ting-Lu|slp|[from] move: Spore\n|\n|upkeep\n|turn|3\n|\n|t:|1682472796\n|move|p1a: Arcanine|Protect|p1a: Arcanine\n|-singleturn|p1a: Arcanine|Protect\n|move|p2b: ChiYu|Flare Blitz|p1b: Ting-Lu\n|-damage|p1b: Ting-Lu|75\/100 slp\n|-damage|p2b: ChiYu|40\/100|[from] Recoil\n|cant|p1b: Ting-Lu|slp\n|move|p2a: Amoonguss|Pollen Puff|p2b: ChiYu\n|-heal|p2b: ChiYu|89\/100\n|\n|upkeep\n|turn|4\n|\n|t:|1682472810\n|switch|p2a: Palafin|Palafin-Hero, L50, F|88\/100\n|-activate|p2a: Palafin|ability: Zero to Hero\n|move|p1a: Arcanine|Extreme Speed|p2a: Palafin\n|-crit|p2a: Palafin\n|-damage|p2a: Palafin|54\/100\n|move|p2b: ChiYu|Extreme Speed|p1a: Arcanine\n|-damage|p1a: Arcanine|71\/100\n|-curestatus|p1b: Ting-Lu|slp|[msg]\n|move|p1b: Ting-Lu|Ruination|p2a: Palafin\n|-damage|p2a: Palafin|28\/100\n|\n|upkeep\n|turn|5\n|\n|t:|1682472834\n|switch|p1a: Palafin|Palafin-Hero, L50, F|100\/100\n|-activate|p1a: Palafin|ability: Zero to Hero\n|move|p2a: Palafin|Protect|p2a: Palafin\n|-singleturn|p2a: Palafin|Protect\n|move|p2b: ChiYu|Flare Blitz|p1b: Ting-Lu\n|-damage|p1b: Ting-Lu|51\/100\n|-status|p1b: Ting-Lu|brn\n|-damage|p2b: ChiYu|79\/100|[from] Recoil\n|move|p1b: Ting-Lu|Stomping Tantrum|p2a: Palafin\n|-activate|p2a: Palafin|move: Protect\n|\n|-damage|p1b: Ting-Lu|45\/100 brn|[from] brn\n|upkeep\n|turn|6\n|\n|t:|1682472848\n|switch|p2a: Amoonguss|Amoonguss, L50, M, tera:Water|100\/100\n|move|p2b: ChiYu|Protect|p2b: ChiYu\n|-singleturn|p2b: ChiYu|Protect\n|move|p1a: Palafin|Jet Punch|p2b: ChiYu\n|-activate|p2b: ChiYu|move: Protect\n|move|p1b: Ting-Lu|Stomping Tantrum|p2a: Amoonguss\n|-damage|p2a: Amoonguss|95\/100\n|\n|-damage|p1b: Ting-Lu|39\/100 brn|[from] brn\n|upkeep\n|turn|7\n|\n|t:|1682472864\n|switch|p2b: Palafin|Palafin-Hero, L50, F|28\/100\n|move|p1a: Palafin|Protect|p1a: Palafin\n|-singleturn|p1a: Palafin|Protect\n|move|p1b: Ting-Lu|Ruination|p2b: Palafin\n|-damage|p2b: Palafin|14\/100\n|move|p2a: Amoonguss|Pollen Puff|p2b: Palafin\n|-heal|p2b: Palafin|64\/100\n|\n|-damage|p1b: Ting-Lu|33\/100 brn|[from] brn\n|upkeep\n|turn|8\n|\n|t:|1682472881\n|switch|p1b: Arcanine|Arcanine, L50, F|71\/100\n|-ability|p1b: Arcanine|Intimidate|boost\n|-unboost|p2a: Amoonguss|atk|1\n|-unboost|p2b: Palafin|atk|1\n|move|p2b: Palafin|Wave Crash|p1b: Arcanine\n|-supereffective|p1b: Arcanine\n|-damage|p1b: Arcanine|0 fnt\n|faint|p1b: Arcanine\n|-damage|p2b: Palafin|40\/100|[from] Recoil\n|move|p1a: Palafin|Taunt|p2a: Amoonguss\n|-start|p2a: Amoonguss|move: Taunt\n|cant|p2a: Amoonguss|move: Taunt|Spore\n|\n|upkeep\n|\n|t:|1682472897\n|switch|p1b: Flutter Mane|Flutter Mane, L50|100\/100\n|-enditem|p1b: Flutter Mane|Booster Energy\n|-activate|p1b: Flutter Mane|ability: Protosynthesis|[fromitem]\n|-start|p1b: Flutter Mane|protosynthesisspa\n|turn|9\n|\n|t:|1682472905\n|switch|p2a: ChiYu|Arcanine, L50, F|79\/100\n|-ability|p2a: ChiYu|Intimidate|boost\n|-unboost|p1a: Palafin|atk|1\n|-unboost|p1b: Flutter Mane|atk|1\n|move|p2b: Palafin|Protect|p2b: Palafin\n|-singleturn|p2b: Palafin|Protect\n|move|p1b: Flutter Mane|Shadow Ball|p2a: ChiYu\n|-damage|p2a: ChiYu|37\/100\n|-unboost|p2a: ChiYu|spd|1\n|move|p1a: Palafin|Wave Crash|p2b: Palafin\n|-activate|p2b: Palafin|move: Protect\n|\n|upkeep\n|turn|10\n|\n|t:|1682472920\n|switch|p2a: Amoonguss|Amoonguss, L50, M, tera:Water|100\/100\n|move|p2b: Palafin|Jet Punch|p1b: Flutter Mane\n|-damage|p1b: Flutter Mane|58\/100\n|move|p1b: Flutter Mane|Shadow Ball|p2a: Amoonguss\n|-damage|p2a: Amoonguss|59\/100\n|move|p1a: Palafin|Wave Crash|p2b: Palafin\n|-resisted|p2b: Palafin\n|-damage|p2b: Palafin|6\/100\n|-damage|p1a: Palafin|90\/100|[from] Recoil\n|\n|upkeep\n|turn|11\n|\n|t:|1682472935\n|move|p2a: Amoonguss|Rage Powder|p2a: Amoonguss\n|-singleturn|p2a: Amoonguss|move: Rage Powder\n|move|p1a: Palafin|Jet Punch|p2a: Amoonguss\n|-resisted|p2a: Amoonguss\n|-damage|p2a: Amoonguss|45\/100\n|-enditem|p2a: Amoonguss|Sitrus Berry|[eat]\n|-heal|p2a: Amoonguss|70\/100|[from] item: Sitrus Berry\n|move|p1b: Flutter Mane|Moonblast|p2a: Amoonguss\n|-damage|p2a: Amoonguss|21\/100\n|move|p2b: Palafin|Wave Crash|p1b: Flutter Mane\n|-damage|p1b: Flutter Mane|0 fnt\n|faint|p1b: Flutter Mane\n|-end|p1b: Flutter Mane|Protosynthesis|[silent]\n|-damage|p2b: Palafin|0 fnt|[from] Recoil\n|faint|p2b: Palafin\n|\n|upkeep\n|\n|t:|1682472945\n|switch|p1b: Ting-Lu|Ting-Lu, L50, tera:Poison|33\/100 brn\n|switch|p2b: Mimi|Flutter Mane, L50|100\/100\n|-ability|p1b: Ting-Lu|Vessel of Ruin\n|turn|12\n|\n|t:|1682472958\n|move|p2a: Amoonguss|Rage Powder|p2a: Amoonguss\n|-singleturn|p2a: Amoonguss|move: Rage Powder\n|move|p2b: Mimi|Thunderbolt|p1a: Palafin\n|-supereffective|p1a: Palafin\n|-damage|p1a: Palafin|24\/100\n|move|p1a: Palafin|Taunt|p2a: Amoonguss\n|-start|p2a: Amoonguss|move: Taunt\n|move|p1b: Ting-Lu|Heavy Slam|p2a: Amoonguss\n|-resisted|p2a: Amoonguss\n|-damage|p2a: Amoonguss|14\/100\n|\n|-damage|p1b: Ting-Lu|27\/100 brn|[from] brn\n|upkeep\n|turn|13\n|\n|t:|1682472973\n|move|p1a: Palafin|Protect|p1a: Palafin\n|-singleturn|p1a: Palafin|Protect\n|move|p2b: Mimi|Thunderbolt|p1a: Palafin\n|-activate|p1a: Palafin|move: Protect\n|move|p1b: Ting-Lu|Stomping Tantrum|p2b: Mimi\n|-damage|p2b: Mimi|71\/100\n|move|p2a: Amoonguss|Pollen Puff|p1b: Ting-Lu\n|-resisted|p1b: Ting-Lu\n|-damage|p1b: Ting-Lu|24\/100 brn\n|\n|-damage|p1b: Ting-Lu|18\/100 brn|[from] brn\n|upkeep\n|turn|14\n|\n|t:|1682472984\n|move|p1a: Palafin|Jet Punch|p2b: Mimi\n|-crit|p2b: Mimi\n|-damage|p2b: Mimi|0 fnt\n|faint|p2b: Mimi\n|-end|p2b: Mimi|Protosynthesis|[silent]\n|move|p1b: Ting-Lu|Stomping Tantrum|p2a: Amoonguss\n|-damage|p2a: Amoonguss|3\/100\n|move|p2a: Amoonguss|Pollen Puff|p2: Mimi|[notarget]\n|-fail|p2a: Amoonguss\n|\n|-damage|p1b: Ting-Lu|12\/100 brn|[from] brn\n|upkeep\n|\n|t:|1682472986\n|switch|p2b: ChiYu|Arcanine, L50, F|37\/100\n|-ability|p2b: ChiYu|Intimidate|boost\n|-unboost|p1a: Palafin|atk|1\n|-unboost|p1b: Ting-Lu|atk|1\n|turn|15\n|\n|t:|1682472995\n|move|p2b: ChiYu|Extreme Speed|p1a: Palafin\n|-damage|p1a: Palafin|4\/100\n|move|p1a: Palafin|Jet Punch|p2b: ChiYu\n|-supereffective|p2b: ChiYu\n|-damage|p2b: ChiYu|0 fnt\n|faint|p2b: ChiYu\n|move|p1b: Ting-Lu|Stomping Tantrum|p2a: Amoonguss\n|-crit|p2a: Amoonguss\n|-damage|p2a: Amoonguss|0 fnt\n|faint|p2a: Amoonguss\n|\n|win|Buhginghi\n|raw|Buhginghi's rating: 1339 → 1357<\/strong> (+18 for winning)\n|raw|mugiwaraLux's rating: 1311 → 1293<\/strong> (-18 for losing)\n|l|\u2606Buhginghi\n","uploadtime":1682473006,"views":11,"p1id":"buhginghi","p2id":"mugiwaralux","formatid":"gen9vgc2023regulationc","rating":1293,"private":0,"password":""}