{"id":"gen9vgc2023regulationc-1846012841","p1":"Livnlarge27","p2":"RICHARDHAVOC","format":"[Gen 9] VGC 2023 Regulation C","log":"|j|\u2606Livnlarge27\n|j|\u2606RICHARDHAVOC\n|t:|1681791336\n|gametype|doubles\n|player|p1|Livnlarge27|silver|1382\n|player|p2|RICHARDHAVOC|steven|1435\n|teamsize|p1|6\n|teamsize|p2|6\n|gen|9\n|tier|[Gen 9] VGC 2023 Regulation C\n|rated|\n|rule|Species Clause: Limit one of each Pok\u00e9mon\n|rule|Item Clause: Limit one of each item\n|clearpoke\n|poke|p1|Gothitelle, L50, F|\n|poke|p1|Dondozo, L50, M|\n|poke|p1|Tatsugiri, L50, F|\n|poke|p1|Flutter Mane, L50|\n|poke|p1|Corviknight, L50, F|\n|poke|p1|Chien-Pao, L50|\n|poke|p2|Scream Tail, L50|\n|poke|p2|Ceruledge, L50, F|\n|poke|p2|Rotom-Wash, L50|\n|poke|p2|Chien-Pao, L50|\n|poke|p2|Gholdengo, L50|\n|poke|p2|Dragonite, L50, M|\n|teampreview|4\n|inactive|Battle timer is ON: inactive players will automatically lose when time's up. (requested by Livnlarge27)\n|inactive|RICHARDHAVOC has 60 seconds left.\n|\n|t:|1681791390\n|start\n|switch|p1a: Flutter Mane|Flutter Mane, L50|100\/100\n|switch|p1b: Corviknight|Corviknight, L50, F|100\/100\n|switch|p2a: HARLEY QUINN|Scream Tail, L50, shiny|100\/100\n|switch|p2b: CASH APP|Gholdengo, L50|100\/100\n|-enditem|p1a: Flutter Mane|Booster Energy\n|-activate|p1a: Flutter Mane|ability: Protosynthesis|[fromitem]\n|-start|p1a: Flutter Mane|protosynthesisspe\n|-enditem|p2a: HARLEY QUINN|Booster Energy\n|-activate|p2a: HARLEY QUINN|ability: Protosynthesis|[fromitem]\n|-start|p2a: HARLEY QUINN|protosynthesisspe\n|turn|1\n|inactive|Livnlarge27 has 30 seconds left.\n|\n|t:|1681791415\n|-terastallize|p2b: CASH APP|Water\n|move|p1a: Flutter Mane|Shadow Ball|p2a: HARLEY QUINN\n|-supereffective|p2a: HARLEY QUINN\n|-damage|p2a: HARLEY QUINN|54\/100\n|move|p2a: HARLEY QUINN|Thunder Wave|p1a: Flutter Mane\n|-status|p1a: Flutter Mane|par\n|move|p2b: CASH APP|Nasty Plot|p2b: CASH APP\n|-boost|p2b: CASH APP|spa|2\n|move|p1b: Corviknight|Iron Head|p2a: HARLEY QUINN\n|-supereffective|p2a: HARLEY QUINN\n|-damage|p2a: HARLEY QUINN|0 fnt\n|faint|p2a: HARLEY QUINN\n|-end|p2a: HARLEY QUINN|Protosynthesis|[silent]\n|\n|upkeep\n|\n|t:|1681791427\n|switch|p2a: IRON TWITCH|Rotom-Wash, L50, shiny|100\/100\n|turn|2\n|\n|t:|1681791444\n|-end|p1a: Flutter Mane|Protosynthesis|[silent]\n|switch|p1a: Dondozo|Dondozo, L50, M|100\/100\n|move|p2b: CASH APP|Shadow Ball|p1a: Dondozo\n|-damage|p1a: Dondozo|73\/100\n|move|p1b: Corviknight|Iron Head|p2a: IRON TWITCH\n|-resisted|p2a: IRON TWITCH\n|-crit|p2a: IRON TWITCH\n|-damage|p2a: IRON TWITCH|82\/100\n|cant|p2a: IRON TWITCH|flinch\n|\n|-heal|p1a: Dondozo|79\/100|[from] item: Leftovers\n|upkeep\n|turn|3\n|\n|t:|1681791460\n|switch|p1b: Tatsugiri|Tatsugiri, L50, F|100\/100\n|-activate|p1b: Tatsugiri|ability: Commander|[of] p1a: Dondozo\n|-boost|p1a: Dondozo|atk|2\n|-boost|p1a: Dondozo|spa|2\n|-boost|p1a: Dondozo|spe|2\n|-boost|p1a: Dondozo|def|2\n|-boost|p1a: Dondozo|spd|2\n|-terastallize|p1a: Dondozo|Grass\n|move|p2b: CASH APP|Nasty Plot|p2b: CASH APP\n|-boost|p2b: CASH APP|spa|2\n|move|p1a: Dondozo|Order Up|p2a: IRON TWITCH\n|-damage|p2a: IRON TWITCH|41\/100\n|-enditem|p2a: IRON TWITCH|Sitrus Berry|[eat]\n|-heal|p2a: IRON TWITCH|65\/100|[from] item: Sitrus Berry\n|-boost|p1a: Dondozo|atk|1\n|move|p2a: IRON TWITCH|Will-O-Wisp|p1a: Dondozo\n|-status|p1a: Dondozo|brn\n|\n|-heal|p1a: Dondozo|86\/100 brn|[from] item: Leftovers\n|-damage|p1a: Dondozo|79\/100 brn|[from] brn\n|upkeep\n|turn|4\n|\n|t:|1681791481\n|move|p2a: IRON TWITCH|Protect|p2a: IRON TWITCH\n|-singleturn|p2a: IRON TWITCH|Protect\n|move|p2b: CASH APP|Shadow Ball|p1a: Dondozo\n|-damage|p1a: Dondozo|64\/100 brn\n|move|p1a: Dondozo|Order Up|p2a: IRON TWITCH\n|-activate|p2a: IRON TWITCH|move: Protect\n|\n|-heal|p1a: Dondozo|70\/100 brn|[from] item: Leftovers\n|-damage|p1a: Dondozo|64\/100 brn|[from] brn\n|upkeep\n|turn|5\n|\n|t:|1681791498\n|move|p2a: IRON TWITCH|Protect||[still]\n|-fail|p2a: IRON TWITCH\n|move|p2b: CASH APP|Make It Rain|p1a: Dondozo|[spread] p1a\n|-miss|p2b: CASH APP|p1b: Tatsugiri\n|-crit|p1a: Dondozo\n|-damage|p1a: Dondozo|15\/100 brn\n|-unboost|p2b: CASH APP|spa|1\n|move|p1a: Dondozo|Order Up|p2a: IRON TWITCH\n|-damage|p2a: IRON TWITCH|42\/100\n|-boost|p1a: Dondozo|atk|1\n|\n|-heal|p1a: Dondozo|21\/100 brn|[from] item: Leftovers\n|-damage|p1a: Dondozo|15\/100 brn|[from] brn\n|upkeep\n|turn|6\n|\n|t:|1681791518\n|move|p2b: CASH APP|Make It Rain|p1a: Dondozo|[spread] p1a\n|-miss|p2b: CASH APP|p1b: Tatsugiri\n|-damage|p1a: Dondozo|0 fnt\n|-unboost|p2b: CASH APP|spa|1\n|faint|p1a: Dondozo\n|move|p2a: IRON TWITCH|Thunderbolt|p1b: Tatsugiri\n|-damage|p1b: Tatsugiri|56\/100\n|\n|upkeep\n|\n|t:|1681791528\n|switch|p1a: Corviknight|Corviknight, L50, F|100\/100\n|turn|7\n|\n|t:|1681791547\n|move|p1b: Tatsugiri|Icy Wind|p2b: CASH APP|[spread] p2a,p2b\n|-resisted|p2a: IRON TWITCH\n|-resisted|p2b: CASH APP\n|-damage|p2a: IRON TWITCH|36\/100\n|-damage|p2b: CASH APP|93\/100\n|-unboost|p2a: IRON TWITCH|spe|1\n|-unboost|p2b: CASH APP|spe|1\n|move|p1a: Corviknight|Brave Bird|p2b: CASH APP\n|-damage|p2b: CASH APP|23\/100\n|-damage|p1a: Corviknight|76\/100|[from] Recoil\n|move|p2b: CASH APP|Make It Rain|p1a: Corviknight|[spread] p1a,p1b\n|-resisted|p1a: Corviknight\n|-resisted|p1b: Tatsugiri\n|-crit|p1b: Tatsugiri\n|-damage|p1a: Corviknight|18\/100\n|-damage|p1b: Tatsugiri|0 fnt\n|-unboost|p2b: CASH APP|spa|1\n|faint|p1b: Tatsugiri\n|move|p2a: IRON TWITCH|Will-O-Wisp|p1a: Corviknight\n|-status|p1a: Corviknight|brn\n|\n|-heal|p2b: CASH APP|29\/100|[from] item: Leftovers\n|-damage|p1a: Corviknight|13\/100 brn|[from] brn\n|upkeep\n|\n|t:|1681791561\n|switch|p1b: Flutter Mane|Flutter Mane, L50|100\/100 par\n|turn|8\n|\n|t:|1681791569\n|move|p1a: Corviknight|Brave Bird|p2a: IRON TWITCH\n|-resisted|p2a: IRON TWITCH\n|-damage|p2a: IRON TWITCH|17\/100\n|-damage|p1a: Corviknight|7\/100 brn|[from] Recoil\n|move|p2b: CASH APP|Make It Rain|p1b: Flutter Mane|[spread] p1a,p1b\n|-resisted|p1a: Corviknight\n|-supereffective|p1b: Flutter Mane\n|-damage|p1a: Corviknight|0 fnt\n|-damage|p1b: Flutter Mane|0 fnt\n|-unboost|p2b: CASH APP|spa|1\n|faint|p1a: Corviknight\n|faint|p1b: Flutter Mane\n|-end|p1b: Flutter Mane|Protosynthesis|[silent]\n|\n|win|RICHARDHAVOC\n|raw|Livnlarge27's rating: 1382 → 1365<\/strong> (-17 for losing)\n|raw|RICHARDHAVOC's rating: 1435 → 1452<\/strong> (+17 for winning)\n|l|\u2606Livnlarge27\n","uploadtime":1681791583,"views":4,"p1id":"livnlarge27","p2id":"richardhavoc","formatid":"gen9vgc2023regulationc","rating":1365,"private":0,"password":""}