{"id":"gen9vgc2023regulationc-1845886072","p1":"your local x-9","p2":"hancec","format":"[Gen 9] VGC 2023 Regulation C","log":"|j|\u2606your local x-9\n|j|\u2606hancec\n|t:|1681775382\n|gametype|doubles\n|player|p1|your local x-9|dahlia|\n|player|p2|hancec|gentleman-gen4dp|\n|teamsize|p1|6\n|teamsize|p2|6\n|gen|9\n|tier|[Gen 9] VGC 2023 Regulation C\n|rated|Tournament battle\n|rule|Species Clause: Limit one of each Pok\u00e9mon\n|rule|Item Clause: Limit one of each item\n|clearpoke\n|poke|p1|Iron Hands, L50|\n|poke|p1|Amoonguss, L50, F|\n|poke|p1|Sylveon, L50, F|\n|poke|p1|Corviknight, L50, F|\n|poke|p1|Arcanine, L50, F|\n|poke|p1|Iron Bundle, L50|\n|poke|p2|Murkrow, L50, F|\n|poke|p2|Iron Bundle, L50|\n|poke|p2|Chi-Yu, L50|\n|poke|p2|Gholdengo, L50|\n|poke|p2|Great Tusk, L50|\n|poke|p2|Farigiraf, L50, M|\n|teampreview|4\n|raw| Open Team Sheet for your local x-9<\/summary>Iron Hands @ Assault Vest Ability: Quark Drive Level: 50 Tera Type: Grass - Volt Switch - Fake Out - Wild Charge - Drain Punch Amoonguss @ Sitrus Berry Ability: Regenerator Level: 50 Tera Type: Water - Protect - Pollen Puff - Spore - Rage Powder Sylveon @ Leftovers Ability: Pixilate Level: 50 Tera Type: Fairy - Protect - Calm Mind - Hyper Voice - Substitute Corviknight @ Lum Berry Ability: Mirror Armor Level: 50 Tera Type: Fire - Bulk Up - Roost - Iron Head - Brave Bird Arcanine @ Safety Goggles Ability: Intimidate Level: 50 Tera Type: Water - Protect - Extreme Speed - Flare Blitz - Snarl Iron Bundle @ Focus Sash Ability: Quark Drive Level: 50 Tera Type: Ice - Protect - Freeze-Dry - Hydro Pump - Encore <\/details><\/div> Open Team Sheet for hancec<\/summary>Murkrow @ Focus Sash Ability: Prankster Level: 50 Shiny: Yes Tera Type: Ghost - Brave Bird - Tailwind - Sunny Day - Haze Iron Bundle @ Booster Energy Ability: Quark Drive Level: 50 Tera Type: Flying - Freeze-Dry - Icy Wind - Hydro Pump - Protect Chi-Yu @ Wide Lens Ability: Beads of Ruin Level: 50 Tera Type: Fire - Heat Wave - Overheat - Dark Pulse - Protect Gholdengo @ Choice Specs Ability: Good as Gold Level: 50 Tera Type: Steel - Make It Rain - Shadow Ball - Trick - Thunderbolt Great Tusk @ Clear Amulet Ability: Protosynthesis Level: 50 Hidden Power: Fighting Tera Type: Ground - Headlong Rush - Earthquake - Close Combat - Protect Farigiraf @ Life Orb Ability: Armor Tail Level: 50 Tera Type: Fairy - Hyper Voice - Dazzling Gleam - Trick Room - Imprison <\/details><\/div>\n|j| Radio Free C-Side\n|j| Rybot.v2\n|c|\u2606your local x-9|Glhf\n|j| WeirdPolyCouple\n|\n|t:|1681775435\n|start\n|switch|p1a: Sylveon|Sylveon, L50, F|100\/100\n|switch|p1b: Iron Hands|Iron Hands, L50|100\/100\n|switch|p2a: Murkrow|Murkrow, L50, F, shiny|100\/100\n|switch|p2b: Chi-Yu|Chi-Yu, L50|100\/100\n|-ability|p2b: Chi-Yu|Beads of Ruin\n|turn|1\n|\n|t:|1681775451\n|switch|p2a: Gholdengo|Gholdengo, L50|100\/100\n|move|p2b: Chi-Yu|Protect|p2b: Chi-Yu\n|-singleturn|p2b: Chi-Yu|Protect\n|move|p1a: Sylveon|Hyper Voice|p2a: Gholdengo|[spread] p2a\n|-activate|p2b: Chi-Yu|move: Protect\n|-resisted|p2a: Gholdengo\n|-damage|p2a: Gholdengo|71\/100\n|move|p1b: Iron Hands|Volt Switch|p2b: Chi-Yu\n|-activate|p2b: Chi-Yu|move: Protect\n|\n|upkeep\n|turn|2\n|\n|t:|1681775473\n|-terastallize|p2b: Chi-Yu|Fire\n|move|p1a: Sylveon|Protect|p1a: Sylveon\n|-singleturn|p1a: Sylveon|Protect\n|move|p2b: Chi-Yu|Overheat|p1a: Sylveon\n|-activate|p1a: Sylveon|move: Protect\n|move|p2a: Gholdengo|Trick|p1b: Iron Hands\n|-activate|p2a: Gholdengo|move: Trick|[of] p1b: Iron Hands\n|-item|p1b: Iron Hands|Choice Specs|[from] move: Trick\n|-item|p2a: Gholdengo|Assault Vest|[from] move: Trick\n|move|p1b: Iron Hands|Volt Switch|p2a: Gholdengo\n|-damage|p2a: Gholdengo|49\/100\n|\n|t:|1681775486\n|-end|p1b: Iron Hands|Quark Drive|[silent]\n|switch|p1b: Arcanine|Arcanine, L50, F|100\/100|[from] Volt Switch\n|-ability|p1b: Arcanine|Intimidate|boost\n|-unboost|p2a: Gholdengo|atk|1\n|-unboost|p2b: Chi-Yu|atk|1\n|\n|upkeep\n|turn|3\n|\n|t:|1681775505\n|switch|p2a: Murkrow|Murkrow, L50, F, shiny|100\/100\n|switch|p1a: Iron Hands|Iron Hands, L50|100\/100\n|move|p2b: Chi-Yu|Overheat|p1a: Iron Hands\n|-damage|p1a: Iron Hands|17\/100\n|-unboost|p2b: Chi-Yu|spa|2\n|move|p1b: Arcanine|Snarl|p2b: Chi-Yu|[spread] p2a,p2b\n|-resisted|p2a: Murkrow\n|-damage|p2a: Murkrow|86\/100\n|-damage|p2b: Chi-Yu|90\/100\n|-unboost|p2a: Murkrow|spa|1\n|-unboost|p2b: Chi-Yu|spa|1\n|\n|upkeep\n|turn|4\n|\n|t:|1681775528\n|move|p1a: Iron Hands|Fake Out|p2a: Murkrow\n|-damage|p2a: Murkrow|50\/100\n|cant|p2a: Murkrow|flinch\n|move|p2b: Chi-Yu|Overheat|p1a: Iron Hands\n|-damage|p1a: Iron Hands|0 fnt\n|-unboost|p2b: Chi-Yu|spa|2\n|faint|p1a: Iron Hands\n|-end|p1a: Iron Hands|Quark Drive|[silent]\n|move|p1b: Arcanine|Flare Blitz|p2a: Murkrow\n|-damage|p2a: Murkrow|0 fnt\n|faint|p2a: Murkrow\n|-damage|p1b: Arcanine|89\/100|[from] Recoil\n|\n|upkeep\n|\n|t:|1681775542\n|switch|p2a: Great Tusk|Great Tusk, L50|100\/100\n|switch|p1a: Sylveon|Sylveon, L50, F|100\/100\n|turn|5\n|j| Juicy_Tanner2\n|\n|t:|1681775557\n|move|p2b: Chi-Yu|Overheat|p1a: Sylveon\n|-damage|p1a: Sylveon|77\/100\n|-unboost|p2b: Chi-Yu|spa|1\n|move|p2a: Great Tusk|Headlong Rush|p1a: Sylveon\n|-damage|p1a: Sylveon|0 fnt\n|-unboost|p2a: Great Tusk|def|1\n|-unboost|p2a: Great Tusk|spd|1\n|faint|p1a: Sylveon\n|move|p1b: Arcanine|Flare Blitz|p2a: Great Tusk\n|-damage|p2a: Great Tusk|45\/100\n|-damage|p1b: Arcanine|72\/100|[from] Recoil\n|\n|upkeep\n|\n|t:|1681775567\n|switch|p1a: Iron Bundle|Iron Bundle, L50|100\/100\n|turn|6\n|\n|t:|1681775584\n|switch|p2b: Gholdengo|Gholdengo, L50|49\/100\n|move|p1a: Iron Bundle|Protect|p1a: Iron Bundle\n|-singleturn|p1a: Iron Bundle|Protect\n|move|p2a: Great Tusk|Protect|p2a: Great Tusk\n|-singleturn|p2a: Great Tusk|Protect\n|move|p1b: Arcanine|Flare Blitz|p2a: Great Tusk\n|-activate|p2a: Great Tusk|move: Protect\n|\n|upkeep\n|turn|7\n|\n|t:|1681775616\n|-end|p2a: Great Tusk|Protosynthesis|[silent]\n|switch|p2a: Chi-Yu|Chi-Yu, L50, tera:Fire|90\/100\n|-ability|p2a: Chi-Yu|Beads of Ruin\n|move|p1a: Iron Bundle|Hydro Pump|p2b: Gholdengo\n|-damage|p2b: Gholdengo|0 fnt\n|faint|p2b: Gholdengo\n|move|p1b: Arcanine|Flare Blitz|p2a: Chi-Yu\n|-resisted|p2a: Chi-Yu\n|-damage|p2a: Chi-Yu|57\/100\n|-damage|p1b: Arcanine|64\/100|[from] Recoil\n|\n|upkeep\n|\n|t:|1681775621\n|switch|p2b: Great Tusk|Great Tusk, L50|45\/100\n|turn|8\n|j| AtomX7VGC\n|\n|t:|1681775650\n|-terastallize|p1b: Arcanine|Water\n|move|p1a: Iron Bundle|Protect|p1a: Iron Bundle\n|-singleturn|p1a: Iron Bundle|Protect\n|move|p1b: Arcanine|Extreme Speed|p2a: Chi-Yu\n|-damage|p2a: Chi-Yu|28\/100\n|move|p2a: Chi-Yu|Overheat|p1a: Iron Bundle\n|-activate|p1a: Iron Bundle|move: Protect\n|move|p2b: Great Tusk|Close Combat|p1a: Iron Bundle\n|-activate|p1a: Iron Bundle|move: Protect\n|\n|upkeep\n|turn|9\n|\n|t:|1681775666\n|move|p2b: Great Tusk|Protect|p2b: Great Tusk\n|-singleturn|p2b: Great Tusk|Protect\n|move|p1b: Arcanine|Extreme Speed|p2a: Chi-Yu\n|-damage|p2a: Chi-Yu|0 fnt\n|faint|p2a: Chi-Yu\n|move|p1a: Iron Bundle|Freeze-Dry|p2b: Great Tusk\n|-activate|p2b: Great Tusk|move: Protect\n|\n|upkeep\n|turn|10\n|c|\u2606hancec|gg\n|c|\u2606your local x-9|Arcanine busted\n|c|\u2606your local x-9|ggwp\n|\n|t:|1681775681\n|move|p1b: Arcanine|Extreme Speed|p2b: Great Tusk\n|-damage|p2b: Great Tusk|27\/100\n|move|p1a: Iron Bundle|Freeze-Dry|p2b: Great Tusk\n|-supereffective|p2b: Great Tusk\n|-damage|p2b: Great Tusk|0 fnt\n|faint|p2b: Great Tusk\n|-end|p2b: Great Tusk|Protosynthesis|[silent]\n|\n|win|your local x-9\n|n|\u2606your local x-9|yourlocalx9\n|n|\u2606hancec|hancec\n|n| Radio Free C-Side|radiofreecside\n|n| Rybot.v2|rybotv2\n|n| WeirdPolyCouple|weirdpolycouple\n|n| Juicy_Tanner2|juicytanner2\n|n| AtomX7VGC|atomx7vgc\n","uploadtime":1681775682,"views":7,"p1id":"yourlocalx9","p2id":"hancec","formatid":"gen9vgc2023regulationc","rating":0,"private":0,"password":""}