{"id":"gen9vgc2023regulationc-1848460370","p1":"Tom Foley","p2":"Rickinch","format":"[Gen 9] VGC 2023 Regulation C","log":"|j|\u2606Tom Foley\n|j|\u2606Rickinch\n|t:|1682080808\n|gametype|doubles\n|player|p1|Tom Foley|266|1067\n|player|p2|Rickinch|170|1124\n|teamsize|p1|6\n|teamsize|p2|6\n|gen|9\n|tier|[Gen 9] VGC 2023 Regulation C\n|rated|\n|rule|Species Clause: Limit one of each Pok\u00e9mon\n|rule|Item Clause: Limit one of each item\n|clearpoke\n|poke|p1|Lycanroc-Midnight, L50, M|\n|poke|p1|Medicham, L50, M|\n|poke|p1|Dondozo, L50, F|\n|poke|p1|Tatsugiri-Stretchy, L50, M|\n|poke|p1|Sandy Shocks, L50|\n|poke|p1|Chien-Pao, L50|\n|poke|p2|Lucario, L50, F|\n|poke|p2|Chien-Pao, L50|\n|poke|p2|Iron Hands, L50|\n|poke|p2|Amoonguss, L50, F|\n|poke|p2|Scream Tail, L50|\n|poke|p2|Gothorita, L50, F|\n|teampreview|4\n|inactive|Battle timer is ON: inactive players will automatically lose when time's up. (requested by Tom Foley)\n|inactive|Rickinch has 60 seconds left.\n|l|\u2606Tom Foley\n|inactive|Tom Foley disconnected and has a minute to reconnect!\n|player|p1|\n|j|\u2606Tom Foley\n|inactive|Tom Foley reconnected.\n|player|p1|Tom Foley|266\n|inactive|Rickinch has 30 seconds left.\n|inactive|Rickinch has 20 seconds left.\n|inactive|Rickinch has 15 seconds left.\n|inactive|Rickinch has 10 seconds left.\n|\n|t:|1682080907\n|start\n|switch|p1a: Lycanroc|Lycanroc-Midnight, L50, M|100\/100\n|switch|p1b: Medicham|Medicham, L50, M|100\/100\n|switch|p2a: Scream Tail|Scream Tail, L50, shiny|100\/100\n|switch|p2b: Gothorita|Gothorita, L50, F|100\/100\n|turn|1\n|inactive|Tom Foley has 30 seconds left.\n|\n|t:|1682080936\n|move|p2b: Gothorita|Fake Out|p1b: Medicham\n|-damage|p1b: Medicham|91\/100\n|cant|p1b: Medicham|flinch\n|move|p2a: Scream Tail|Perish Song|p2a: Scream Tail\n|-start|p1a: Lycanroc|perish3|[silent]\n|-start|p1b: Medicham|perish3|[silent]\n|-start|p2a: Scream Tail|perish3|[silent]\n|-start|p2b: Gothorita|perish3|[silent]\n|-fieldactivate|move: Perish Song\n|move|p1a: Lycanroc|Stone Edge|p2a: Scream Tail\n|-damage|p2a: Scream Tail|64\/100\n|\n|-start|p1b: Medicham|perish3\n|-start|p2a: Scream Tail|perish3\n|-start|p1a: Lycanroc|perish3\n|-start|p2b: Gothorita|perish3\n|upkeep\n|turn|2\n|\n|t:|1682080959\n|move|p2b: Gothorita|Protect|p2b: Gothorita\n|-singleturn|p2b: Gothorita|Protect\n|move|p1b: Medicham|Skill Swap|p1a: Lycanroc\n|-activate|p1b: Medicham|move: Skill Swap|||[of] p1a: Lycanroc\n|move|p2a: Scream Tail|Disable|p1a: Lycanroc\n|-start|p1a: Lycanroc|Disable|Stone Edge\n|move|p1a: Lycanroc|Taunt|p2b: Gothorita\n|-activate|p2b: Gothorita|move: Protect\n|\n|-start|p1b: Medicham|perish2\n|-start|p2a: Scream Tail|perish2\n|-start|p1a: Lycanroc|perish2\n|-start|p2b: Gothorita|perish2\n|upkeep\n|turn|3\n|inactive|Rickinch has 30 seconds left.\n|inactive|Rickinch has 20 seconds left.\n|\n|t:|1682080996\n|move|p2a: Scream Tail|Protect|p2a: Scream Tail\n|-singleturn|p2a: Scream Tail|Protect\n|move|p1b: Medicham|Dynamic Punch|p2a: Scream Tail\n|-activate|p2a: Scream Tail|move: Protect\n|move|p1a: Lycanroc|Taunt|p2b: Gothorita\n|-start|p2b: Gothorita|move: Taunt\n|cant|p2b: Gothorita|move: Taunt|Torment\n|\n|-start|p1b: Medicham|perish1\n|-start|p2a: Scream Tail|perish1\n|-start|p1a: Lycanroc|perish1\n|-start|p2b: Gothorita|perish1\n|upkeep\n|turn|4\n|inactive|Tom Foley has 30 seconds left.\n|inactive|Rickinch has 30 seconds left.\n|inactive|Rickinch has 20 seconds left.\n|inactive|Rickinch has 15 seconds left.\n|inactive|Rickinch has 10 seconds left.\n|inactive|Rickinch has 5 seconds left.\n|\n|t:|1682081047\n|move|p1b: Medicham|Skill Swap|p1a: Lycanroc\n|-activate|p1b: Medicham|move: Skill Swap|||[of] p1a: Lycanroc\n|move|p2a: Scream Tail|Disable|p1b: Medicham\n|-start|p1b: Medicham|Disable|Skill Swap\n|move|p1a: Lycanroc|Close Combat|p2b: Gothorita\n|-resisted|p2b: Gothorita\n|-damage|p2b: Gothorita|83\/100\n|-unboost|p1a: Lycanroc|def|1\n|-unboost|p1a: Lycanroc|spd|1\n|-enditem|p1a: Lycanroc|Eject Pack\n|inactive|Tom Foley has 30 seconds left.\n|\n|t:|1682081076\n|switch|p1a: Chien-Pao|Chien-Pao, L50|100\/100\n|-ability|p1a: Chien-Pao|Sword of Ruin\n|move|p2b: Gothorita|Mirror Coat||[still]\n|-fail|p2b: Gothorita\n|\n|-start|p1b: Medicham|perish0\n|-start|p2a: Scream Tail|perish0\n|-start|p2b: Gothorita|perish0\n|upkeep\n|faint|p1b: Medicham\n|faint|p2a: Scream Tail\n|-end|p2a: Scream Tail|Protosynthesis|[silent]\n|faint|p2b: Gothorita\n|\n|t:|1682081089\n|switch|p1b: Lycanroc|Lycanroc-Midnight, L50, M|100\/100\n|switch|p2a: MiLucario|Lucario, L50, F|100\/100\n|switch|p2b: Chien-Pao|Chien-Pao, L50|100\/100\n|-ability|p2b: Chien-Pao|Sword of Ruin\n|turn|5\n|inactive|Tom Foley has 30 seconds left.\n|inactive|Rickinch has 30 seconds left.\n|inactive|Tom Foley has 20 seconds left.\n|inactive|Tom Foley has 15 seconds left.\n|inactive|Tom Foley has 10 seconds left.\n|inactive|Tom Foley has 5 seconds left.\n|\n|t:|1682081141\n|move|p2b: Chien-Pao|Sacred Sword|p1a: Chien-Pao\n|-supereffective|p1a: Chien-Pao\n|-damage|p1a: Chien-Pao|0 fnt\n|faint|p1a: Chien-Pao\n|move|p1b: Lycanroc|Stone Edge|p2b: Chien-Pao\n|-supereffective|p2b: Chien-Pao\n|-enditem|p2b: Chien-Pao|Focus Sash\n|-damage|p2b: Chien-Pao|1\/100\n|move|p2a: MiLucario|Drain Punch|p1b: Lycanroc\n|-supereffective|p1b: Lycanroc\n|-damage|p1b: Lycanroc|0 fnt\n|faint|p1b: Lycanroc\n|\n|upkeep\n|\n|t:|1682081151\n|switch|p1b: Sandy Shocks|Sandy Shocks, L50|100\/100\n|turn|6\n|inactive|Tom Foley has 30 seconds left.\n|\n|t:|1682081176\n|-terastallize|p2a: MiLucario|Normal\n|move|p2b: Chien-Pao|Protect|p2b: Chien-Pao\n|-singleturn|p2b: Chien-Pao|Protect\n|move|p1b: Sandy Shocks|Flash Cannon|p2b: Chien-Pao\n|-activate|p2b: Chien-Pao|move: Protect\n|move|p2a: MiLucario|Drain Punch|p1b: Sandy Shocks\n|-damage|p1b: Sandy Shocks|20\/100\n|\n|upkeep\n|turn|7\n|\n|t:|1682081197\n|move|p2b: Chien-Pao|Sucker Punch|p1b: Sandy Shocks\n|-crit|p1b: Sandy Shocks\n|-damage|p1b: Sandy Shocks|0 fnt\n|faint|p1b: Sandy Shocks\n|-end|p1b: Sandy Shocks|Protosynthesis|[silent]\n|\n|win|Rickinch\n|raw|Tom Foley's rating: 1067 → 1050<\/strong> (-17 for losing)\n|raw|Rickinch's rating: 1124 → 1145<\/strong> (+21 for winning)\n","uploadtime":1682081209,"views":14,"p1id":"tomfoley","p2id":"rickinch","formatid":"gen9vgc2023regulationc","rating":1050,"private":0,"password":""}