{"id":"gen9vgc2023regulationc-1849932711","p1":"HeffNastyy","p2":"Fireboule","format":"[Gen 9] VGC 2023 Regulation C","log":"|j|\u2606HeffNastyy\n|j|\u2606Fireboule\n|t:|1682269528\n|gametype|doubles\n|player|p1|HeffNastyy|lance|\n|player|p2|Fireboule|rocketgruntf|\n|teamsize|p1|6\n|teamsize|p2|6\n|gen|9\n|tier|[Gen 9] VGC 2023 Regulation C\n|rule|Species Clause: Limit one of each Pok\u00e9mon\n|rule|Item Clause: Limit one of each item\n|clearpoke\n|poke|p1|Garchomp, L50, F|\n|poke|p1|Chien-Pao, L50|\n|poke|p1|Talonflame, L50, F|\n|poke|p1|Gyarados, L50, F|\n|poke|p1|Flutter Mane, L50|\n|poke|p1|Iron Hands, L50|\n|poke|p2|Indeedee-F, L50, F|\n|poke|p2|Armarouge, L50, F|\n|poke|p2|Torkoal, L50, M|\n|poke|p2|Hatterene, L50, F|\n|poke|p2|Annihilape, L50, M|\n|poke|p2|Brute Bonnet, L50|\n|teampreview|4\n|c|\u2606HeffNastyy|g3\nHeffNastyy has agreed to open team sheets.\nFireboule has agreed to open team sheets.\n|c|\u2606HeffNastyy|gl hf\n|j| SirSmokeVGC\n|\n|t:|1682270043\n|start\n|switch|p1a: Diego|Chien-Pao, L50|100\/100\n|switch|p1b: Jaws|Gyarados, L50, F, shiny|100\/100\n|switch|p2a: Indeedee|Indeedee-F, L50, F|100\/100\n|switch|p2b: Armarouge|Armarouge, L50, F|100\/100\n|-ability|p1a: Diego|Sword of Ruin\n|-ability|p1b: Jaws|Intimidate|boost\n|-unboost|p2a: Indeedee|atk|1\n|-unboost|p2b: Armarouge|atk|1\n|-fieldstart|move: Psychic Terrain|[from] ability: Psychic Surge|[of] p2a: Indeedee\n|-enditem|p2a: Indeedee|Psychic Seed\n|-boost|p2a: Indeedee|spd|1|[from] item: Psychic Seed\n|turn|1\n|\n|t:|1682270088\n|move|p2a: Indeedee|Follow Me|p2a: Indeedee\n|-singleturn|p2a: Indeedee|move: Follow Me\n|move|p1a: Diego|Throat Chop|p2a: Indeedee\n|-supereffective|p2a: Indeedee\n|-damage|p2a: Indeedee|1\/100\n|-start|p2a: Indeedee|Throat Chop|[silent]\n|move|p1b: Jaws|Taunt|p2a: Indeedee\n|-start|p2a: Indeedee|move: Taunt\n|move|p2b: Armarouge|Trick Room|p2b: Armarouge\n|-fieldstart|move: Trick Room|[of] p2b: Armarouge\n|\n|upkeep\n|turn|2\n|c|\u2606HeffNastyy|theses rolls\n|\n|t:|1682270121\n|-terastallize|p2b: Armarouge|Grass\n|move|p1a: Diego|Protect|p1a: Diego\n|-singleturn|p1a: Diego|Protect\n|move|p2b: Armarouge|Heat Wave|p1a: Diego|[spread] p1b\n|-activate|p1a: Diego|move: Protect\n|-resisted|p1b: Jaws\n|-damage|p1b: Jaws|83\/100\n|-damage|p2b: Armarouge|91\/100|[from] item: Life Orb\n|move|p2a: Indeedee|Dazzling Gleam|p1a: Diego|[spread] p1b\n|-activate|p1a: Diego|move: Protect\n|-damage|p1b: Jaws|73\/100\n|move|p1b: Jaws|Waterfall|p2b: Armarouge\n|-resisted|p2b: Armarouge\n|-damage|p2b: Armarouge|70\/100\n|\n|-end|p2a: Indeedee|Throat Chop|[silent]\n|upkeep\n|turn|3\n|\n|t:|1682270175\n|move|p1a: Diego|Protect|p1a: Diego\n|-singleturn|p1a: Diego|Protect\n|move|p2b: Armarouge|Heat Wave|p1b: Jaws|[spread] p1b\n|-activate|p1a: Diego|move: Protect\n|-resisted|p1b: Jaws\n|-damage|p1b: Jaws|53\/100\n|-damage|p2b: Armarouge|61\/100|[from] item: Life Orb\n|move|p2a: Indeedee|Dazzling Gleam|p1a: Diego|[spread] p1b\n|-activate|p1a: Diego|move: Protect\n|-damage|p1b: Jaws|42\/100\n|-enditem|p1b: Jaws|Sitrus Berry|[eat]\n|-heal|p1b: Jaws|67\/100|[from] item: Sitrus Berry\n|move|p1b: Jaws|Waterfall|p2a: Indeedee\n|-damage|p2a: Indeedee|0 fnt\n|faint|p2a: Indeedee\n|\n|upkeep\n|\n|t:|1682270203\n|switch|p2a: Hatterene|Hatterene, L50, F|100\/100\n|turn|4\n|\n|t:|1682270239\n|-terastallize|p1a: Diego|Flying\n|move|p2a: Hatterene|Dazzling Gleam|p1a: Diego|[spread] p1a,p1b\n|-damage|p1a: Diego|42\/100\n|-damage|p1b: Jaws|40\/100\n|move|p2b: Armarouge|Heat Wave|p1b: Jaws|[spread] p1b\n|-miss|p2b: Armarouge|p1a: Diego\n|-resisted|p1b: Jaws\n|-damage|p1b: Jaws|20\/100\n|-damage|p2b: Armarouge|51\/100|[from] item: Life Orb\n|move|p1b: Jaws|Waterfall|p2a: Hatterene\n|-damage|p2a: Hatterene|47\/100\n|move|p1a: Diego|Ice Spinner|p2b: Armarouge\n|-supereffective|p2b: Armarouge\n|-damage|p2b: Armarouge|0 fnt\n|-fieldend|move: Psychic Terrain\n|faint|p2b: Armarouge\n|\n|upkeep\n|\n|t:|1682270256\n|switch|p2b: Torkoal|Torkoal, L50, M|100\/100\n|-weather|SunnyDay|[from] ability: Drought|[of] p2b: Torkoal\n|turn|5\n|\n|t:|1682270269\n|move|p1a: Diego|Protect|p1a: Diego\n|-singleturn|p1a: Diego|Protect\n|move|p2b: Torkoal|Flamethrower|p1a: Diego\n|-activate|p1a: Diego|move: Protect\n|move|p2a: Hatterene|Psychic|p1b: Jaws\n|-damage|p1b: Jaws|0 fnt\n|faint|p1b: Jaws\n|\n|-weather|SunnyDay|[upkeep]\n|-fieldend|move: Trick Room\n|upkeep\n|\n|t:|1682270282\n|switch|p1b: Chompa|Garchomp, L50, F, shiny|100\/100\n|turn|6\n|\n|t:|1682270289\n|move|p1a: Diego|Throat Chop|p2a: Hatterene\n|-crit|p2a: Hatterene\n|-damage|p2a: Hatterene|0 fnt\n|faint|p2a: Hatterene\n|move|p1b: Chompa|Earthquake|p2b: Torkoal|[spread] p2b\n|-immune|p1a: Diego\n|-supereffective|p2b: Torkoal\n|-damage|p2b: Torkoal|0 fnt\n|faint|p2b: Torkoal\n|-damage|p1b: Chompa|91\/100|[from] item: Life Orb\n|\n|win|HeffNastyy\n|c|\u2606HeffNastyy|ggs\n","uploadtime":1682270357,"views":6,"p1id":"heffnastyy","p2id":"fireboule","formatid":"gen9vgc2023regulationc","rating":0,"private":0,"password":""}