{"id":"gen9vgc2023regulationc-1860784231","p1":"mad-dozo","p2":"CloverGaming83","format":"[Gen 9] VGC 2023 Regulation C","log":"|j|\u2606mad-dozo\n|j|\u2606CloverGaming83\n|t:|1683677511\n|gametype|doubles\n|player|p1|mad-dozo|pokemaniac|1092\n|player|p2|CloverGaming83|cilan|1000\n|teamsize|p1|6\n|teamsize|p2|6\n|gen|9\n|tier|[Gen 9] VGC 2023 Regulation C\n|rated|\n|rule|Species Clause: Limit one of each Pok\u00e9mon\n|rule|Item Clause: Limit one of each item\n|clearpoke\n|poke|p1|Dondozo, L50, M|\n|poke|p1|Tatsugiri-Droopy, L50, M|\n|poke|p1|Glimmora, L50, F|\n|poke|p1|Chi-Yu, L50|\n|poke|p1|Amoonguss, L50, F|\n|poke|p1|Dragonite, L50, F|\n|poke|p2|Iron Treads, L50|\n|poke|p2|Skeledirge, L50, M|\n|poke|p2|Ceruledge, L50, M|\n|poke|p2|Torkoal, L50, F|\n|poke|p2|Gholdengo, L50|\n|poke|p2|Amoonguss, L50, M|\n|teampreview|4\n|\n|t:|1683677546\n|start\n|switch|p1a: Dondozo|Dondozo, L50, M|100\/100\n|switch|p1b: Tatsugiri|Tatsugiri-Droopy, L50, M|100\/100\n|switch|p2a: Iron Treads|Iron Treads, L50|100\/100\n|switch|p2b: Amoonguss|Amoonguss, L50, M|100\/100\n|-activate|p1b: Tatsugiri|ability: Commander|[of] p1a: Dondozo\n|-boost|p1a: Dondozo|atk|2\n|-boost|p1a: Dondozo|spa|2\n|-boost|p1a: Dondozo|spe|2\n|-boost|p1a: Dondozo|def|2\n|-boost|p1a: Dondozo|spd|2\n|-enditem|p2a: Iron Treads|Booster Energy\n|-activate|p2a: Iron Treads|ability: Quark Drive|[fromitem]\n|-start|p2a: Iron Treads|quarkdrivespe\n|turn|1\n|\n|t:|1683677595\n|-terastallize|p1a: Dondozo|Grass\n|-terastallize|p2a: Iron Treads|Fighting\n|move|p1a: Dondozo|Earthquake|p2b: Amoonguss|[spread] p2a,p2b\n|-miss|p1a: Dondozo|p1b: Tatsugiri\n|-damage|p2a: Iron Treads|64\/100\n|-damage|p2b: Amoonguss|52\/100\n|move|p2a: Iron Treads|Iron Defense|p2a: Iron Treads\n|-boost|p2a: Iron Treads|def|2\n|move|p2b: Amoonguss|Spore|p1a: Dondozo\n|-immune|p1a: Dondozo\n|\n|-heal|p2b: Amoonguss|58\/100|[from] item: Leftovers\n|upkeep\n|turn|2\n|\n|t:|1683677621\n|move|p1a: Dondozo|Earthquake|p2a: Iron Treads|[spread] p2a,p2b\n|-miss|p1a: Dondozo|p1b: Tatsugiri\n|-damage|p2a: Iron Treads|49\/100\n|-damage|p2b: Amoonguss|2\/100\n|move|p2a: Iron Treads|Body Press|p1a: Dondozo\n|-damage|p1a: Dondozo|78\/100\n|move|p2b: Amoonguss|Pollen Puff|p1a: Dondozo\n|-supereffective|p1a: Dondozo\n|-damage|p1a: Dondozo|49\/100\n|\n|-heal|p2b: Amoonguss|8\/100|[from] item: Leftovers\n|upkeep\n|turn|3\n|\n|t:|1683677645\n|move|p1a: Dondozo|Earthquake|p2b: Amoonguss|[spread] p2a,p2b\n|-miss|p1a: Dondozo|p1b: Tatsugiri\n|-damage|p2a: Iron Treads|32\/100\n|-damage|p2b: Amoonguss|0 fnt\n|faint|p2b: Amoonguss\n|move|p2a: Iron Treads|Iron Defense|p2a: Iron Treads\n|-boost|p2a: Iron Treads|def|2\n|\n|upkeep\n|\n|t:|1683677652\n|switch|p2b: Ceruledge|Ceruledge, L50, M|100\/100\n|turn|4\n|\n|t:|1683677663\n|switch|p2b: Torkoal|Torkoal, L50, F|100\/100\n|-weather|SunnyDay|[from] ability: Drought|[of] p2b: Torkoal\n|move|p1a: Dondozo|Earthquake|p2a: Iron Treads|[spread] p2a,p2b\n|-miss|p1a: Dondozo|p1b: Tatsugiri\n|-supereffective|p2b: Torkoal\n|-damage|p2a: Iron Treads|22\/100\n|-damage|p2b: Torkoal|43\/100\n|move|p2a: Iron Treads|Body Press|p1a: Dondozo\n|-damage|p1a: Dondozo|14\/100\n|\n|-weather|SunnyDay|[upkeep]\n|upkeep\n|turn|5\n|\n|t:|1683677683\n|move|p1a: Dondozo|Earthquake|p2a: Iron Treads|[spread] p2a,p2b\n|-miss|p1a: Dondozo|p1b: Tatsugiri\n|-supereffective|p2b: Torkoal\n|-damage|p2a: Iron Treads|10\/100\n|-damage|p2b: Torkoal|0 fnt\n|faint|p2b: Torkoal\n|move|p2a: Iron Treads|Stealth Rock|p1b: Tatsugiri\n|-sidestart|p1: mad-dozo|move: Stealth Rock\n|\n|-weather|SunnyDay|[upkeep]\n|upkeep\n|\n|t:|1683677690\n|switch|p2b: Ceruledge|Ceruledge, L50, M|100\/100\n|turn|6\n|\n|t:|1683677697\n|move|p2b: Ceruledge|Shadow Sneak|p1a: Dondozo\n|-damage|p1a: Dondozo|6\/100\n|move|p1a: Dondozo|Earthquake|p2a: Iron Treads|[spread] p2a,p2b\n|-miss|p1a: Dondozo|p1b: Tatsugiri\n|-supereffective|p2b: Ceruledge\n|-damage|p2a: Iron Treads|0 fnt\n|-damage|p2b: Ceruledge|0 fnt\n|faint|p2a: Iron Treads\n|-end|p2a: Iron Treads|Quark Drive|[silent]\n|faint|p2b: Ceruledge\n|\n|win|mad-dozo\n|raw|mad-dozo's rating: 1092 → 1111<\/strong> (+19 for winning)\n|raw|CloverGaming83's rating: 1000 → 1000<\/strong> (+0 for losing)\n|l|\u2606CloverGaming83\n","uploadtime":1683677712,"views":15,"p1id":"maddozo","p2id":"clovergaming83","formatid":"gen9vgc2023regulationc","rating":1000,"private":0,"password":""}