{"id":"gen9vgc2023regulationc-1861568504","p1":"MeteorPlayz_","p2":"Animauwu","format":"[Gen 9] VGC 2023 Regulation C","log":"|j|\u2606MeteorPlayz_\n|j|\u2606Animauwu\n|t:|1683774429\n|gametype|doubles\n|player|p1|MeteorPlayz_|az|\n|player|p2|Animauwu|pokekid|\n|teamsize|p1|6\n|teamsize|p2|6\n|gen|9\n|tier|[Gen 9] VGC 2023 Regulation C\n|rule|Species Clause: Limit one of each Pok\u00e9mon\n|rule|Item Clause: Limit one of each item\n|clearpoke\n|poke|p1|Pawmot, L50, F|\n|poke|p1|Kilowattrel, L50, M|\n|poke|p1|Gholdengo, L50|\n|poke|p1|Chi-Yu, L50|\n|poke|p1|Iron Bundle, L50|\n|poke|p1|Roaring Moon, L50|\n|poke|p2|Tauros-Paldea-Blaze, L50, M|\n|poke|p2|Iron Bundle, L50|\n|poke|p2|Meowscarada, L50, F|\n|poke|p2|Flamigo, L50, F|\n|poke|p2|Bronzong, L50|\n|poke|p2|Oranguru, L50, F|\n|teampreview|4\n|c|\u2606Animauwu|Good luck\n|\n|t:|1683774458\n|start\n|switch|p1a: Zapdon\u2019t|Kilowattrel, L50, M, shiny|100\/100\n|switch|p1b: Cadenza|Pawmot, L50, F|100\/100\n|switch|p2a: Tauros|Tauros-Paldea-Blaze, L50, M, shiny|100\/100\n|switch|p2b: Meowscarada|Meowscarada, L50, F|100\/100\n|-item|p2b: Meowscarada|Air Balloon\n|turn|1\n|inactive|Battle timer is ON: inactive players will automatically lose when time's up. (requested by Animauwu)\n|\n|t:|1683774477\n|-terastallize|p2a: Tauros|Fire\n|move|p1b: Cadenza|Fake Out|p2a: Tauros\n|-damage|p2a: Tauros|84\/100\n|move|p1a: Zapdon\u2019t|Discharge|p2b: Meowscarada|[spread] p2a,p2b\n|-immune|p1b: Cadenza|[from] ability: Volt Absorb\n|-resisted|p2b: Meowscarada\n|-damage|p2a: Tauros|42\/100\n|-damage|p2b: Meowscarada|81\/100\n|-status|p2a: Tauros|par\n|-enditem|p2b: Meowscarada|Air Balloon\n|move|p2b: Meowscarada|Flower Trick|p2a: Tauros\n|-start|p2b: Meowscarada|typechange|Grass|[from] ability: Protean\n|-resisted|p2a: Tauros\n|-crit|p2a: Tauros\n|-damage|p2a: Tauros|22\/100 par\n|-setboost|p2a: Tauros|atk|6|[from] ability: Anger Point\n|-enditem|p2a: Tauros|Figy Berry|[eat]\n|-heal|p2a: Tauros|56\/100 par|[from] item: Figy Berry\n|cant|p2a: Tauros|flinch\n|\n|upkeep\n|turn|2\n|inactive|Animauwu has 30 seconds left.\n|\n|t:|1683774506\n|switch|p2b: Flamigo|Flamigo, L50, F|100\/100\n|-copyboost|p2b: Flamigo|p2a: Tauros|[from] ability: Costar\n|move|p1a: Zapdon\u2019t|Discharge|p2a: Tauros|[spread] p2a,p2b\n|-immune|p1b: Cadenza|[from] ability: Volt Absorb\n|-supereffective|p2b: Flamigo\n|-damage|p2a: Tauros|10\/100 par\n|-damage|p2b: Flamigo|16\/100\n|move|p1b: Cadenza|Nuzzle|p2b: Flamigo\n|-supereffective|p2b: Flamigo\n|-damage|p2b: Flamigo|0 fnt\n|faint|p2b: Flamigo\n|move|p2a: Tauros|Raging Bull|p1b: Cadenza\n|-damage|p1b: Cadenza|0 fnt\n|faint|p1b: Cadenza\n|\n|upkeep\n|\n|t:|1683774523\n|switch|p2b: Iron Bundle|Iron Bundle, L50|100\/100\n|switch|p1b: Chi-Yu|Chi-Yu, L50|100\/100\n|-ability|p1b: Chi-Yu|Beads of Ruin\n|turn|3\n|\n|t:|1683774538\n|move|p1b: Chi-Yu|Protect|p1b: Chi-Yu\n|-singleturn|p1b: Chi-Yu|Protect\n|move|p2b: Iron Bundle|Ice Beam|p1a: Zapdon\u2019t\n|-supereffective|p1a: Zapdon\u2019t\n|-damage|p1a: Zapdon\u2019t|0 fnt\n|faint|p1a: Zapdon\u2019t\n|move|p2a: Tauros|Close Combat|p1b: Chi-Yu\n|-activate|p1b: Chi-Yu|move: Protect\n|\n|upkeep\n|\n|t:|1683774546\n|switch|p1a: Zenigata|Gholdengo, L50|100\/100\n|turn|4\n|\n|t:|1683774560\n|-terastallize|p1b: Chi-Yu|Grass\n|move|p2b: Iron Bundle|Hydro Pump|p1b: Chi-Yu\n|-resisted|p1b: Chi-Yu\n|-damage|p1b: Chi-Yu|72\/100\n|move|p1a: Zenigata|Make It Rain|p2a: Tauros|[spread] p2a,p2b\n|-resisted|p2a: Tauros\n|-crit|p2b: Iron Bundle\n|-damage|p2a: Tauros|0 fnt\n|-enditem|p2b: Iron Bundle|Focus Sash\n|-damage|p2b: Iron Bundle|1\/100\n|-unboost|p1a: Zenigata|spa|1\n|faint|p2a: Tauros\n|move|p1b: Chi-Yu|Heat Wave|p2b: Iron Bundle\n|-damage|p2b: Iron Bundle|0 fnt\n|faint|p2b: Iron Bundle\n|-end|p2b: Iron Bundle|Quark Drive|[silent]\n|-damage|p1b: Chi-Yu|63\/100|[from] item: Life Orb\n|\n|upkeep\n|\n|t:|1683774578\n|switch|p2b: Meowscarada|Meowscarada, L50, F|81\/100\n|turn|5\n|\n|t:|1683774590\n|move|p2b: Meowscarada|Dark Pulse|p1a: Zenigata\n|-start|p2b: Meowscarada|typechange|Dark|[from] ability: Protean\n|-supereffective|p1a: Zenigata\n|-damage|p1a: Zenigata|7\/100\n|move|p1a: Zenigata|Make It Rain|p2b: Meowscarada\n|-damage|p2b: Meowscarada|0 fnt\n|-unboost|p1a: Zenigata|spa|1\n|faint|p2b: Meowscarada\n|\n|win|MeteorPlayz_\n","uploadtime":1683774604,"views":19,"p1id":"meteorplayz","p2id":"animauwu","formatid":"gen9vgc2023regulationc","rating":0,"private":0,"password":""}