{"id":"gen9vgc2023regulationc-1857334252","p1":"MidianVGC","p2":"TeKuazor","format":"[Gen 9] VGC 2023 Regulation C","log":"|j|\u2606MidianVGC\n|j|\u2606TeKuazor\n|t:|1683175114\n|gametype|doubles\n|player|p1|MidianVGC|2|1301\n|player|p2|TeKuazor|will|1205\n|teamsize|p1|6\n|teamsize|p2|6\n|gen|9\n|tier|[Gen 9] VGC 2023 Regulation C\n|rated|\n|rule|Species Clause: Limit one of each Pok\u00e9mon\n|rule|Item Clause: Limit one of each item\n|clearpoke\n|poke|p1|Torkoal, L50, F|\n|poke|p1|Garganacl, L50, F|\n|poke|p1|Iron Bundle, L50|\n|poke|p1|Iron Hands, L50|\n|poke|p1|Bronzong, L50|\n|poke|p1|Ting-Lu, L50|\n|poke|p2|Grafaiai, L50, M|\n|poke|p2|Slaking, L50, M|\n|poke|p2|Amoonguss, L50, M|\n|poke|p2|Ting-Lu, L50|\n|poke|p2|Arcanine, L50, M|\n|poke|p2|Flutter Mane, L50|\n|teampreview|4\n|\n|t:|1683175198\n|start\n|switch|p1a: Bronzong|Bronzong, L50, shiny|100\/100\n|switch|p1b: Garganacl|Garganacl, L50, F, shiny|100\/100\n|switch|p2a: Flutter Mane|Flutter Mane, L50|100\/100\n|switch|p2b: Ting-Lu|Ting-Lu, L50|100\/100\n|-ability|p2b: Ting-Lu|Vessel of Ruin\n|turn|1\n|inactive|Battle timer is ON: inactive players will automatically lose when time's up. (requested by MidianVGC)\n|inactive|TeKuazor has 60 seconds left.\n|\n|t:|1683175237\n|-terastallize|p1a: Bronzong|Poison\n|move|p2a: Flutter Mane|Shadow Ball|p1a: Bronzong\n|-damage|p1a: Bronzong|64\/100\n|move|p2b: Ting-Lu|Fissure|p1b: Garganacl|[miss]\n|-miss|p2b: Ting-Lu|p1b: Garganacl\n|move|p1b: Garganacl|Salt Cure|p2b: Ting-Lu\n|-resisted|p2b: Ting-Lu\n|-damage|p2b: Ting-Lu|97\/100\n|-start|p2b: Ting-Lu|Salt Cure\n|move|p1a: Bronzong|Trick Room|p1a: Bronzong\n|-fieldstart|move: Trick Room|[of] p1a: Bronzong\n|\n|-damage|p2b: Ting-Lu|84\/100|[from] Salt Cure\n|upkeep\n|turn|2\n|inactive|MidianVGC has 30 seconds left.\n|\n|t:|1683175268\n|-end|p2a: Flutter Mane|Protosynthesis|[silent]\n|switch|p2a: Amoonguss|Amoonguss, L50, M, shiny|100\/100\n|move|p1a: Bronzong|Iron Defense|p1a: Bronzong\n|-boost|p1a: Bronzong|def|2\n|move|p1b: Garganacl|Heavy Slam|p2a: Amoonguss\n|-damage|p2a: Amoonguss|78\/100\n|move|p2b: Ting-Lu|Stomping Tantrum|p1b: Garganacl\n|-supereffective|p1b: Garganacl\n|-damage|p1b: Garganacl|10\/100\n|\n|-heal|p1b: Garganacl|15\/100|[from] item: Leftovers\n|-damage|p2b: Ting-Lu|72\/100|[from] Salt Cure\n|upkeep\n|turn|3\n|inactive|TeKuazor has 30 seconds left.\n|\n|t:|1683175295\n|move|p1a: Bronzong|Iron Defense|p1a: Bronzong\n|-boost|p1a: Bronzong|def|2\n|move|p2a: Amoonguss|Spore|p1a: Bronzong\n|-activate|p1a: Bronzong|item: Safety Goggles|Spore\n|move|p1b: Garganacl|Salt Cure|p2a: Amoonguss\n|-damage|p2a: Amoonguss|67\/100\n|-start|p2a: Amoonguss|Salt Cure\n|move|p2b: Ting-Lu|Heavy Slam|p1a: Bronzong\n|-damage|p1a: Bronzong|57\/100\n|\n|-heal|p1b: Garganacl|21\/100|[from] item: Leftovers\n|-damage|p2a: Amoonguss|55\/100|[from] Salt Cure\n|-damage|p2b: Ting-Lu|60\/100|[from] Salt Cure\n|upkeep\n|turn|4\n|\n|t:|1683175315\n|switch|p2b: Arcanine|Arcanine, L50, M|100\/100\n|-ability|p2b: Arcanine|Intimidate|boost\n|-unboost|p1a: Bronzong|atk|1\n|-unboost|p1b: Garganacl|atk|1\n|move|p2a: Amoonguss|Protect|p2a: Amoonguss\n|-singleturn|p2a: Amoonguss|Protect\n|move|p1a: Bronzong|Iron Defense|p1a: Bronzong\n|-boost|p1a: Bronzong|def|2\n|move|p1b: Garganacl|Recover|p1b: Garganacl\n|-heal|p1b: Garganacl|72\/100\n|\n|-heal|p1b: Garganacl|77\/100|[from] item: Leftovers\n|-damage|p2a: Amoonguss|43\/100|[from] Salt Cure\n|upkeep\n|-enditem|p2a: Amoonguss|Sitrus Berry|[eat]\n|-heal|p2a: Amoonguss|67\/100|[from] item: Sitrus Berry\n|turn|5\n|inactive|MidianVGC has 30 seconds left.\n|inactive|TeKuazor has 30 seconds left.\n|\n|t:|1683175344\n|move|p1a: Bronzong|Body Press|p2b: Arcanine\n|-damage|p2b: Arcanine|0 fnt\n|faint|p2b: Arcanine\n|move|p2a: Amoonguss|Pollen Puff|p2: Arcanine|[notarget]\n|-fail|p2a: Amoonguss\n|move|p1b: Garganacl|Salt Cure|p2a: Amoonguss\n|-damage|p2a: Amoonguss|59\/100\n|\n|-heal|p1b: Garganacl|83\/100|[from] item: Leftovers\n|-damage|p2a: Amoonguss|47\/100|[from] Salt Cure\n|-fieldend|move: Trick Room\n|upkeep\n|\n|t:|1683175352\n|switch|p2b: Flutter Mane|Flutter Mane, L50|100\/100\n|turn|6\n|\n|t:|1683175361\n|move|p2a: Amoonguss|Rage Powder|p2a: Amoonguss\n|-singleturn|p2a: Amoonguss|move: Rage Powder\n|move|p2b: Flutter Mane|Psyshock|p1a: Bronzong\n|-supereffective|p1a: Bronzong\n|-damage|p1a: Bronzong|38\/100\n|move|p1b: Garganacl|Heavy Slam|p2a: Amoonguss\n|-damage|p2a: Amoonguss|30\/100\n|move|p1a: Bronzong|Trick Room|p1a: Bronzong\n|-fieldstart|move: Trick Room|[of] p1a: Bronzong\n|\n|-heal|p1b: Garganacl|89\/100|[from] item: Leftovers\n|-damage|p2a: Amoonguss|18\/100|[from] Salt Cure\n|upkeep\n|turn|7\n|\n|t:|1683175380\n|move|p1b: Garganacl|Protect|p1b: Garganacl\n|-singleturn|p1b: Garganacl|Protect\n|move|p2a: Amoonguss|Rage Powder|p2a: Amoonguss\n|-singleturn|p2a: Amoonguss|move: Rage Powder\n|move|p1a: Bronzong|Gyro Ball|p2b: Flutter Mane\n|-supereffective|p2b: Flutter Mane\n|-damage|p2b: Flutter Mane|0 fnt\n|faint|p2b: Flutter Mane\n|-end|p2b: Flutter Mane|Protosynthesis|[silent]\n|\n|-heal|p1b: Garganacl|95\/100|[from] item: Leftovers\n|-damage|p2a: Amoonguss|5\/100|[from] Salt Cure\n|upkeep\n|-message|TeKuazor forfeited.\n|\n|win|MidianVGC\n|raw|MidianVGC's rating: 1301 → 1316<\/strong> (+15 for winning)\n|raw|TeKuazor's rating: 1205 → 1187<\/strong> (-18 for losing)\n|l|\u2606TeKuazor\n","uploadtime":1683175411,"views":9,"p1id":"midianvgc","p2id":"tekuazor","formatid":"gen9vgc2023regulationc","rating":1187,"private":0,"password":""}