{"id":"gen9vgc2023regulationc-1845695239","p1":"Valhala Alfa","p2":"MezBar","format":"[Gen 9] VGC 2023 Regulation C","log":"|j|\u2606Valhala Alfa\n|j|\u2606MezBar\n|t:|1681756266\n|gametype|doubles\n|player|p1|Valhala Alfa|1|1180\n|player|p2|MezBar|lance|1192\n|teamsize|p1|6\n|teamsize|p2|6\n|gen|9\n|tier|[Gen 9] VGC 2023 Regulation C\n|rated|\n|rule|Species Clause: Limit one of each Pok\u00e9mon\n|rule|Item Clause: Limit one of each item\n|clearpoke\n|poke|p1|Gyarados, L50, M|\n|poke|p1|Maushold, L50|\n|poke|p1|Annihilape, L50, F|\n|poke|p1|Ampharos, L50, M|\n|poke|p1|Baxcalibur, L50, M|\n|poke|p1|Amoonguss, L50, F|\n|poke|p2|Amoonguss, L50, M|\n|poke|p2|Ting-Lu, L50|\n|poke|p2|Arcanine, L50, M|\n|poke|p2|Chien-Pao, L50|\n|poke|p2|Palafin, L50, F|\n|poke|p2|Dragonite, L50, M|\n|teampreview|4\n|inactive|Battle timer is ON: inactive players will automatically lose when time's up. (requested by MezBar)\nValhala Alfa rejected open team sheets.\n|inactive|Valhala Alfa has 60 seconds left.\n|inactive|Valhala Alfa has 30 seconds left.\n|inactive|Valhala Alfa has 20 seconds left.\n|\n|t:|1681756340\n|start\n|switch|p1a: Gyarados|Gyarados, L50, M, shiny|100\/100\n|switch|p1b: Baxcalibur|Baxcalibur, L50, M|100\/100\n|switch|p2a: Ting-Lu|Ting-Lu, L50|100\/100\n|switch|p2b: Amoonguss|Amoonguss, L50, M|100\/100\n|-ability|p1a: Gyarados|Intimidate|boost\n|-unboost|p2a: Ting-Lu|atk|1\n|-unboost|p2b: Amoonguss|atk|1\n|-ability|p2a: Ting-Lu|Vessel of Ruin\n|turn|1\n|inactive|Valhala Alfa has 30 seconds left.\n|inactive|Valhala Alfa has 20 seconds left.\n|\n|t:|1681756379\n|switch|p2a: Dragonite|Dragonite, L50, M|100\/100\n|-terastallize|p2b: Amoonguss|Water\n|move|p2b: Amoonguss|Rage Powder|p2b: Amoonguss\n|-singleturn|p2b: Amoonguss|move: Rage Powder\n|move|p1a: Gyarados|Dragon Dance|p1a: Gyarados\n|-boost|p1a: Gyarados|atk|1\n|-boost|p1a: Gyarados|spe|1\n|move|p1b: Baxcalibur|Icicle Spear|p2b: Amoonguss\n|-resisted|p2b: Amoonguss\n|-damage|p2b: Amoonguss|94\/100\n|-resisted|p2b: Amoonguss\n|-damage|p2b: Amoonguss|87\/100\n|-resisted|p2b: Amoonguss\n|-damage|p2b: Amoonguss|80\/100\n|-resisted|p2b: Amoonguss\n|-damage|p2b: Amoonguss|74\/100\n|-hitcount|p2b: Amoonguss|4\n|\n|upkeep\n|turn|2\n|inactive|Valhala Alfa has 30 seconds left.\n|inactive|Valhala Alfa has 20 seconds left.\n|inactive|Valhala Alfa has 15 seconds left.\n|\n|t:|1681756420\n|move|p2b: Amoonguss|Rage Powder|p2b: Amoonguss\n|-singleturn|p2b: Amoonguss|move: Rage Powder\n|move|p1a: Gyarados|Tera Blast|p2b: Amoonguss\n|-crit|p2b: Amoonguss\n|-damage|p2b: Amoonguss|60\/100\n|move|p1b: Baxcalibur|Glaive Rush|p2b: Amoonguss\n|-damage|p2b: Amoonguss|0 fnt\n|-singlemove|p1b: Baxcalibur|Glaive Rush|[silent]\n|faint|p2b: Amoonguss\n|move|p2a: Dragonite|Outrage|p1b: Baxcalibur\n|-supereffective|p1b: Baxcalibur\n|-damage|p1b: Baxcalibur|0 fnt\n|faint|p1b: Baxcalibur\n|\n|upkeep\n|\n|t:|1681756442\n|switch|p1b: Maushold|Maushold, L50|100\/100\n|switch|p2b: Chien-Pao|Chien-Pao, L50|100\/100\n|-ability|p2b: Chien-Pao|Sword of Ruin\n|turn|3\n|inactive|Valhala Alfa has 30 seconds left.\n|\n|t:|1681756467\n|-terastallize|p1a: Gyarados|Water\n|move|p2b: Chien-Pao|Sacred Sword|p1b: Maushold\n|-supereffective|p1b: Maushold\n|-damage|p1b: Maushold|2\/100\n|-enditem|p1b: Maushold|Sitrus Berry|[eat]\n|-heal|p1b: Maushold|27\/100|[from] item: Sitrus Berry\n|move|p1a: Gyarados|Waterfall|p2b: Chien-Pao\n|-enditem|p2b: Chien-Pao|Focus Sash\n|-damage|p2b: Chien-Pao|1\/100\n|move|p1b: Maushold|Beat Up|p2b: Chien-Pao\n|-resisted|p2b: Chien-Pao\n|-damage|p2b: Chien-Pao|0 fnt\n|faint|p2b: Chien-Pao\n|-hitcount|p2: Chien-Pao|1\n|move|p2a: Dragonite|Outrage|p1a: Gyarados|[from]lockedmove\n|-damage|p1a: Gyarados|2\/100\n|\n|upkeep\n|\n|t:|1681756476\n|switch|p2b: Ting-Lu|Ting-Lu, L50|100\/100\n|-ability|p2b: Ting-Lu|Vessel of Ruin\n|turn|4\n|\n|t:|1681756489\n|move|p1b: Maushold|Follow Me|p1b: Maushold\n|-singleturn|p1b: Maushold|move: Follow Me\n|move|p1a: Gyarados|Waterfall|p2b: Ting-Lu\n|-supereffective|p2b: Ting-Lu\n|-damage|p2b: Ting-Lu|0 fnt\n|faint|p2b: Ting-Lu\n|move|p2a: Dragonite|Outrage|p1b: Maushold|[from]lockedmove\n|-damage|p1b: Maushold|0 fnt\n|faint|p1b: Maushold\n|-start|p2a: Dragonite|confusion|[fatigue]\n|\n|upkeep\n|\n|t:|1681756500\n|switch|p1b: Annihilape|Annihilape, L50, F|100\/100\n|turn|5\n|\n|t:|1681756519\n|move|p1a: Gyarados|Waterfall|p2a: Dragonite\n|-resisted|p2a: Dragonite\n|-damage|p2a: Dragonite|77\/100\n|move|p1b: Annihilape|Substitute|p1b: Annihilape\n|-start|p1b: Annihilape|Substitute\n|-damage|p1b: Annihilape|76\/100\n|-activate|p2a: Dragonite|confusion\n|-damage|p2a: Dragonite|60\/100|[from] confusion\n|\n|-heal|p1b: Annihilape|82\/100|[from] item: Leftovers\n|upkeep\n|turn|6\n|-message|MezBar forfeited.\n|\n|win|Valhala Alfa\n|raw|Valhala Alfa's rating: 1180 → 1206<\/strong> (+26 for winning)\n|raw|MezBar's rating: 1192 → 1166<\/strong> (-26 for losing)\n|l|\u2606MezBar\n","uploadtime":1681756538,"views":13,"p1id":"valhalaalfa","p2id":"mezbar","formatid":"gen9vgc2023regulationc","rating":1166,"private":0,"password":""}