{"id":"gen9vgc2023regulationc-1848686862","p1":"Dercks","p2":"dralfredpennyworth","format":"[Gen 9] VGC 2023 Regulation C","log":"|j|\u2606Dercks\n|j|\u2606dralfredpennyworth\n|t:|1682100824\n|gametype|doubles\n|player|p1|Dercks|lance|1087\n|player|p2|dralfredpennyworth|lucas|1115\n|teamsize|p1|6\n|teamsize|p2|6\n|gen|9\n|tier|[Gen 9] VGC 2023 Regulation C\n|rated|\n|rule|Species Clause: Limit one of each Pok\u00e9mon\n|rule|Item Clause: Limit one of each item\n|clearpoke\n|poke|p1|Indeedee-F, L50, F|\n|poke|p1|Armarouge, L50, M|\n|poke|p1|Torkoal, L50, M|\n|poke|p1|Hatterene, L50, F|\n|poke|p1|Kingambit, L50, M|\n|poke|p1|Annihilape, L50, M|\n|poke|p2|Lumineon, L50, F|\n|poke|p2|Toxtricity-Low-Key, L50, F|\n|poke|p2|Weavile, L50, F|\n|poke|p2|Hariyama, L50, M|\n|poke|p2|Dragapult, L50, M|\n|poke|p2|Camerupt, L50, F|\n|teampreview|4\n|inactive|Battle timer is ON: inactive players will automatically lose when time's up. (requested by Dercks)\n|inactive|dralfredpennyworth has 60 seconds left.\n|\n|t:|1682100862\n|start\n|switch|p1a: Annihilape|Annihilape, L50, M|100\/100\n|switch|p1b: Hatterene|Hatterene, L50, F|100\/100\n|switch|p2a: Lumineon|Lumineon, L50, F, shiny|100\/100\n|switch|p2b: Dragapult|Dragapult, L50, M, shiny|100\/100\n|turn|1\n|\n|t:|1682100880\n|move|p1a: Annihilape|Final Gambit|p2a: Lumineon\n|-damage|p2a: Lumineon|0 fnt\n|faint|p1a: Annihilape\n|faint|p2a: Lumineon\n|move|p2b: Dragapult|Surf|p1b: Hatterene\n|-damage|p1b: Hatterene|82\/100\n|move|p1b: Hatterene|Trick Room|p1b: Hatterene\n|-fieldstart|move: Trick Room|[of] p1b: Hatterene\n|\n|upkeep\n|\n|t:|1682100892\n|switch|p2a: Camerupt|Camerupt, L50, F|100\/100\n|switch|p1a: Torkoal|Torkoal, L50, M|100\/100\n|-weather|SunnyDay|[from] ability: Drought|[of] p1a: Torkoal\n|turn|2\n|\n|t:|1682100906\n|-terastallize|p1a: Torkoal|Fire\n|-terastallize|p2a: Camerupt|Water\n|move|p2b: Dragapult|Protect|p2b: Dragapult\n|-singleturn|p2b: Dragapult|Protect\n|move|p1a: Torkoal|Eruption|p2a: Camerupt|[spread] p2a\n|-activate|p2b: Dragapult|move: Protect\n|-resisted|p2a: Camerupt\n|-damage|p2a: Camerupt|58\/100\n|move|p1b: Hatterene|Dazzling Gleam|p2a: Camerupt|[spread] p2a\n|-activate|p2b: Dragapult|move: Protect\n|-damage|p2a: Camerupt|24\/100\n|-damage|p1b: Hatterene|72\/100|[from] item: Life Orb\n|move|p2a: Camerupt|Earth Power|p1a: Torkoal\n|-supereffective|p1a: Torkoal\n|-damage|p1a: Torkoal|4\/100\n|\n|-weather|SunnyDay|[upkeep]\n|upkeep\n|turn|3\n|inactive|Dercks has 30 seconds left.\n|inactive|dralfredpennyworth has 30 seconds left.\n|\n|t:|1682100936\n|move|p1a: Torkoal|Flamethrower|p2a: Camerupt\n|-resisted|p2a: Camerupt\n|-damage|p2a: Camerupt|0 fnt\n|faint|p2a: Camerupt\n|move|p1b: Hatterene|Psychic|p2b: Dragapult\n|-damage|p2b: Dragapult|13\/100\n|-damage|p1b: Hatterene|63\/100|[from] item: Life Orb\n|move|p2b: Dragapult|Surf|p1a: Torkoal|[spread] p1a,p1b\n|-supereffective|p1a: Torkoal\n|-damage|p1a: Torkoal|0 fnt\n|-damage|p1b: Hatterene|56\/100\n|faint|p1a: Torkoal\n|\n|-weather|SunnyDay|[upkeep]\n|upkeep\n|\n|t:|1682100947\n|switch|p1a: Indeedee|Indeedee-F, L50, F|100\/100\n|switch|p2a: Toxtricity|Toxtricity-Low-Key, L50, F, shiny|100\/100\n|-fieldstart|move: Psychic Terrain|[from] ability: Psychic Surge|[of] p1a: Indeedee\n|-enditem|p1a: Indeedee|Psychic Seed\n|-boost|p1a: Indeedee|spd|1|[from] item: Psychic Seed\n|turn|4\n|\n|t:|1682100967\n|move|p2b: Dragapult|Protect|p2b: Dragapult\n|-singleturn|p2b: Dragapult|Protect\n|move|p1a: Indeedee|Follow Me|p1a: Indeedee\n|-singleturn|p1a: Indeedee|move: Follow Me\n|move|p1b: Hatterene|Dazzling Gleam|p2b: Dragapult|[spread] p2a\n|-activate|p2b: Dragapult|move: Protect\n|-resisted|p2a: Toxtricity\n|-damage|p2a: Toxtricity|72\/100\n|-damage|p1b: Hatterene|46\/100|[from] item: Life Orb\n|move|p2a: Toxtricity|Overdrive|p1a: Indeedee|[spread] p1a,p1b\n|-damage|p1a: Indeedee|78\/100\n|-damage|p1b: Hatterene|9\/100\n|-enditem|p2a: Toxtricity|Throat Spray\n|-boost|p2a: Toxtricity|spa|1|[from] item: Throat Spray\n|\n|-weather|SunnyDay|[upkeep]\n|upkeep\n|turn|5\n|\n|t:|1682100989\n|move|p1a: Indeedee|Helping Hand|p1b: Hatterene\n|-singleturn|p1b: Hatterene|Helping Hand|[of] p1a: Indeedee\n|move|p2b: Dragapult|Protect||[still]\n|-fail|p2b: Dragapult\n|move|p1b: Hatterene|Dazzling Gleam|p2b: Dragapult|[spread] p2a,p2b\n|-resisted|p2a: Toxtricity\n|-supereffective|p2b: Dragapult\n|-enditem|p2b: Dragapult|Roseli Berry|[eat]\n|-enditem|p2b: Dragapult|Roseli Berry|[weaken]\n|-damage|p2a: Toxtricity|35\/100\n|-damage|p2b: Dragapult|0 fnt\n|faint|p2b: Dragapult\n|-damage|p1b: Hatterene|0 fnt|[from] item: Life Orb\n|faint|p1b: Hatterene\n|move|p2a: Toxtricity|Overdrive|p1a: Indeedee\n|-damage|p1a: Indeedee|30\/100\n|\n|-weather|SunnyDay|[upkeep]\n|-fieldend|move: Trick Room\n|upkeep\n|turn|6\n|\n|t:|1682101007\n|move|p2a: Toxtricity|Snarl|p1a: Indeedee\n|-supereffective|p1a: Indeedee\n|-damage|p1a: Indeedee|0 fnt\n|faint|p1a: Indeedee\n|\n|win|dralfredpennyworth\n|raw|Dercks's rating: 1087 → 1066<\/strong> (-21 for losing)\n|raw|dralfredpennyworth's rating: 1115 → 1138<\/strong> (+23 for winning)\n|l|\u2606Dercks\n","uploadtime":1682101018,"views":14,"p1id":"dercks","p2id":"dralfredpennyworth","formatid":"gen9vgc2023regulationc","rating":1066,"private":0,"password":""}