{"id":"gen9vgc2023regulationc-1860211061","p1":"leoroop","p2":"Argent vgc","format":"[Gen 9] VGC 2023 Regulation C","log":"|j|\u2606leoroop\n|j|\u2606Argent vgc\n|t:|1683610954\n|gametype|doubles\n|player|p1|leoroop|backpacker|1417\n|player|p2|Argent vgc|102|1428\n|teamsize|p1|6\n|teamsize|p2|6\n|gen|9\n|tier|[Gen 9] VGC 2023 Regulation C\n|rated|\n|rule|Species Clause: Limit one of each Pok\u00e9mon\n|rule|Item Clause: Limit one of each item\n|clearpoke\n|poke|p1|Gyarados, L50, F|\n|poke|p1|Amoonguss, L50, M|\n|poke|p1|Kingambit, L50, F|\n|poke|p1|Flutter Mane, L50|\n|poke|p1|Chi-Yu, L50|\n|poke|p1|Baxcalibur, L50, F|\n|poke|p2|Gyarados, L50, F|\n|poke|p2|Garchomp, L50, M|\n|poke|p2|Flutter Mane, L50|\n|poke|p2|Amoonguss, L50, F|\n|poke|p2|Talonflame, L50, M|\n|poke|p2|Chi-Yu, L50|\n|teampreview|4\nleoroop has agreed to open team sheets.\n|inactive|Battle timer is ON: inactive players will automatically lose when time's up. (requested by Argent vgc)\n|\n|t:|1683610988\n|start\n|switch|p1a: Gyarados|Gyarados, L50, F|100\/100\n|switch|p1b: Amoonguss|Amoonguss, L50, M|100\/100\n|switch|p2a: Garchomp|Garchomp, L50, M|100\/100\n|switch|p2b: Talonflame|Talonflame, L50, M|100\/100\n|-ability|p1a: Gyarados|Intimidate|boost\n|-fail|p2a: Garchomp|unboost|[from] item: Clear Amulet|[of] p2a: Garchomp\n|-unboost|p2b: Talonflame|atk|1\n|turn|1\n|\n|t:|1683611002\n|-terastallize|p1b: Amoonguss|Water\n|move|p2b: Talonflame|Taunt|p1b: Amoonguss\n|-start|p1b: Amoonguss|move: Taunt\n|move|p2a: Garchomp|Swords Dance|p2a: Garchomp\n|-boost|p2a: Garchomp|atk|2\n|move|p1a: Gyarados|Waterfall|p2b: Talonflame\n|-supereffective|p2b: Talonflame\n|-damage|p2b: Talonflame|23\/100\n|-damage|p1a: Gyarados|84\/100|[from] item: Rocky Helmet|[of] p2b: Talonflame\n|cant|p1b: Amoonguss|move: Taunt|Spore\n|\n|upkeep\n|turn|2\n|\n|t:|1683611015\n|move|p1a: Gyarados|Protect|p1a: Gyarados\n|-singleturn|p1a: Gyarados|Protect\n|move|p2b: Talonflame|Tailwind|p2b: Talonflame\n|-sidestart|p2: Argent vgc|move: Tailwind\n|move|p2a: Garchomp|Swords Dance|p2a: Garchomp\n|-boost|p2a: Garchomp|atk|2\n|move|p1b: Amoonguss|Clear Smog|p2a: Garchomp\n|-resisted|p2a: Garchomp\n|-damage|p2a: Garchomp|93\/100\n|-clearboost|p2a: Garchomp\n|\n|upkeep\n|turn|3\n|\n|t:|1683611035\n|move|p2b: Talonflame|Heat Wave|p1a: Gyarados|[spread] p1a\n|-miss|p2b: Talonflame|p1b: Amoonguss\n|-resisted|p1a: Gyarados\n|-damage|p1a: Gyarados|76\/100\n|move|p2a: Garchomp|Rock Slide|p1a: Gyarados|[spread] p1a,p1b\n|-supereffective|p1a: Gyarados\n|-damage|p1a: Gyarados|37\/100\n|-damage|p1b: Amoonguss|83\/100\n|move|p1a: Gyarados|Waterfall|p2b: Talonflame\n|-supereffective|p2b: Talonflame\n|-damage|p2b: Talonflame|0 fnt\n|-damage|p1a: Gyarados|20\/100|[from] item: Rocky Helmet|[of] p2b: Talonflame\n|faint|p2b: Talonflame\n|cant|p1b: Amoonguss|flinch\n|\n|-end|p1b: Amoonguss|move: Taunt\n|upkeep\n|\n|t:|1683611046\n|switch|p2b: Flutter Mane|Flutter Mane, L50|100\/100\n|turn|4\n|\n|t:|1683611056\n|move|p1a: Gyarados|Protect|p1a: Gyarados\n|-singleturn|p1a: Gyarados|Protect\n|move|p2b: Flutter Mane|Thunderbolt|p1b: Amoonguss\n|-supereffective|p1b: Amoonguss\n|-damage|p1b: Amoonguss|3\/100\n|-enditem|p1b: Amoonguss|Sitrus Berry|[eat]\n|-heal|p1b: Amoonguss|28\/100|[from] item: Sitrus Berry\n|move|p2a: Garchomp|Rock Slide|p1a: Gyarados|[spread] p1b\n|-activate|p1a: Gyarados|move: Protect\n|-damage|p1b: Amoonguss|10\/100\n|cant|p1b: Amoonguss|flinch\n|\n|upkeep\n|turn|5\n|c|\u2606leoroop|...\n|inactive|leoroop has 30 seconds left.\n|\n|t:|1683611087\n|move|p2b: Flutter Mane|Thunderbolt|p1a: Gyarados\n|-supereffective|p1a: Gyarados\n|-damage|p1a: Gyarados|0 fnt\n|faint|p1a: Gyarados\n|move|p2a: Garchomp|Rock Slide|p1b: Amoonguss\n|-damage|p1b: Amoonguss|0 fnt\n|faint|p1b: Amoonguss\n|\n|-sideend|p2: Argent vgc|move: Tailwind\n|upkeep\n|\n|t:|1683611091\n|switch|p1a: Flutter Mane|Flutter Mane, L50|100\/100\n|switch|p1b: Baxcalibur|Baxcalibur, L50, F|100\/100\n|-enditem|p1a: Flutter Mane|Booster Energy\n|-activate|p1a: Flutter Mane|ability: Protosynthesis|[fromitem]\n|-start|p1a: Flutter Mane|protosynthesisspa\n|turn|6\n|j| THUNDERSND77\n|\n|t:|1683611109\n|-terastallize|p2a: Garchomp|Steel\n|move|p1b: Baxcalibur|Ice Shard|p2a: Garchomp\n|-resisted|p2a: Garchomp\n|-damage|p2a: Garchomp|80\/100\n|move|p1a: Flutter Mane|Hex|p2b: Flutter Mane\n|-supereffective|p2b: Flutter Mane\n|-crit|p2b: Flutter Mane\n|-damage|p2b: Flutter Mane|0 fnt\n|faint|p2b: Flutter Mane\n|-end|p2b: Flutter Mane|Protosynthesis|[silent]\n|move|p2a: Garchomp|Rock Slide|p1b: Baxcalibur|[spread] p1a,p1b\n|-supereffective|p1b: Baxcalibur\n|-damage|p1a: Flutter Mane|64\/100\n|-damage|p1b: Baxcalibur|66\/100\n|\n|upkeep\n|\n|t:|1683611117\n|switch|p2b: Chi-Yu|Chi-Yu, L50|100\/100\n|-ability|p2b: Chi-Yu|Beads of Ruin\n|turn|7\n|\n|t:|1683611131\n|move|p2b: Chi-Yu|Dark Pulse|p1a: Flutter Mane\n|-damage|p1a: Flutter Mane|0 fnt\n|faint|p1a: Flutter Mane\n|-end|p1a: Flutter Mane|Protosynthesis|[silent]\n|move|p2a: Garchomp|Rock Slide|p1b: Baxcalibur\n|-supereffective|p1b: Baxcalibur\n|-damage|p1b: Baxcalibur|13\/100\n|cant|p1b: Baxcalibur|flinch\n|\n|upkeep\n|turn|8\n|-message|leoroop forfeited.\n|\n|win|Argent vgc\n|raw|leoroop's rating: 1417 → 1398<\/strong> (-19 for losing)\n|raw|Argent vgc's rating: 1428 → 1447<\/strong> (+19 for winning)\n|l|\u2606leoroop\n|j|\u2606leoroop\n|player|p1|leoroop|backpacker\n","uploadtime":1683611144,"views":17,"p1id":"leoroop","p2id":"argentvgc","formatid":"gen9vgc2023regulationc","rating":1398,"private":0,"password":""}