{"id":"gen9vgc2023regulationc-1862707982","p1":"WEAK3NDS","p2":"Xuchio","format":"[Gen 9] VGC 2023 Regulation C","log":"|j|\u2606WEAK3NDS\n|j|\u2606Xuchio\n|t:|1683914062\n|gametype|doubles\n|player|p1|WEAK3NDS|hoopster|1091\n|player|p2|Xuchio|ryuki|1129\n|teamsize|p1|6\n|teamsize|p2|6\n|gen|9\n|tier|[Gen 9] VGC 2023 Regulation C\n|rated|\n|rule|Species Clause: Limit one of each Pok\u00e9mon\n|rule|Item Clause: Limit one of each item\n|clearpoke\n|poke|p1|Garganacl, L50, M|\n|poke|p1|Amoonguss, L50, F|\n|poke|p1|Flutter Mane, L50|\n|poke|p1|Gyarados, L50, M|\n|poke|p1|Slither Wing, L50|\n|poke|p1|Orthworm, L50, M|\n|poke|p2|Iron Hands, L50|\n|poke|p2|Wo-Chien, L50|\n|poke|p2|Arcanine, L50, F|\n|poke|p2|Palafin, L50, M|\n|poke|p2|Iron Bundle, L50|\n|poke|p2|Ting-Lu, L50|\n|teampreview|4\n|inactive|Battle timer is ON: inactive players will automatically lose when time's up. (requested by Xuchio)\n|inactive|Xuchio has 60 seconds left.\n|\n|t:|1683914095\n|start\n|switch|p1a: Gyarados|Gyarados, L50, M|100\/100\n|switch|p1b: Amoonguss|Amoonguss, L50, F|100\/100\n|switch|p2a: Ting-Lu|Ting-Lu, L50|100\/100\n|switch|p2b: Iron Hands|Iron Hands, L50|100\/100\n|-ability|p1a: Gyarados|Intimidate|boost\n|-unboost|p2a: Ting-Lu|atk|1\n|-unboost|p2b: Iron Hands|atk|1\n|-ability|p2a: Ting-Lu|Vessel of Ruin\n|turn|1\n|\n|t:|1683914118\n|-terastallize|p1a: Gyarados|Grass\n|move|p2b: Iron Hands|Fake Out|p1b: Amoonguss\n|-damage|p1b: Amoonguss|93\/100\n|-damage|p2b: Iron Hands|84\/100|[from] item: Rocky Helmet|[of] p1b: Amoonguss\n|move|p1a: Gyarados|Waterfall|p2a: Ting-Lu\n|-supereffective|p2a: Ting-Lu\n|-damage|p2a: Ting-Lu|64\/100\n|move|p2a: Ting-Lu|Stealth Rock|p1b: Amoonguss\n|-sidestart|p1: WEAK3NDS|move: Stealth Rock\n|cant|p1b: Amoonguss|flinch\n|\n|upkeep\n|turn|2\n|inactive|WEAK3NDS has 30 seconds left.\n|inactive|Xuchio has 30 seconds left.\n|\n|t:|1683914153\n|-end|p2b: Iron Hands|Quark Drive|[silent]\n|switch|p2b: Arcanine|Arcanine, L50, F|100\/100\n|-ability|p2b: Arcanine|Intimidate|boost\n|-unboost|p1a: Gyarados|atk|1\n|-unboost|p1b: Amoonguss|atk|1\n|move|p1b: Amoonguss|Rage Powder|p1b: Amoonguss\n|-singleturn|p1b: Amoonguss|move: Rage Powder\n|move|p1a: Gyarados|Waterfall|p2a: Ting-Lu\n|-supereffective|p2a: Ting-Lu\n|-damage|p2a: Ting-Lu|40\/100\n|move|p2a: Ting-Lu|Whirlwind|p1b: Amoonguss\n|drag|p1b: Flutter Mane|Flutter Mane, L50|100\/100\n|-damage|p1b: Flutter Mane|88\/100|[from] Stealth Rock\n|-enditem|p1b: Flutter Mane|Booster Energy\n|-activate|p1b: Flutter Mane|ability: Protosynthesis|[fromitem]\n|-start|p1b: Flutter Mane|protosynthesisspe\n|\n|upkeep\n|turn|3\n|\n|t:|1683914175\n|move|p1b: Flutter Mane|Dazzling Gleam|p2a: Ting-Lu|[spread] p2a,p2b\n|-supereffective|p2a: Ting-Lu\n|-resisted|p2b: Arcanine\n|-damage|p2a: Ting-Lu|9\/100\n|-damage|p2b: Arcanine|91\/100\n|move|p2b: Arcanine|Snarl|p1b: Flutter Mane|[spread] p1a,p1b\n|-damage|p1a: Gyarados|94\/100\n|-damage|p1b: Flutter Mane|80\/100\n|-unboost|p1a: Gyarados|spa|1\n|-unboost|p1b: Flutter Mane|spa|1\n|move|p1a: Gyarados|Waterfall|p2b: Arcanine\n|-supereffective|p2b: Arcanine\n|-damage|p2b: Arcanine|26\/100\n|move|p2a: Ting-Lu|Whirlwind|p1a: Gyarados\n|drag|p1a: Slither Wing|Slither Wing, L50|100\/100\n|-damage|p1a: Slither Wing|88\/100|[from] Stealth Rock\n|\n|upkeep\n|turn|4\n|\n|t:|1683914199\n|-end|p1a: Slither Wing|Protosynthesis|[silent]\n|switch|p1a: Gyarados|Gyarados, L50, M, tera:Grass|94\/100\n|-damage|p1a: Gyarados|82\/100|[from] Stealth Rock\n|-ability|p1a: Gyarados|Intimidate|boost\n|-unboost|p2a: Ting-Lu|atk|1\n|-unboost|p2b: Arcanine|atk|1\n|move|p1b: Flutter Mane|Protect|p1b: Flutter Mane\n|-singleturn|p1b: Flutter Mane|Protect\n|move|p2b: Arcanine|Morning Sun|p2b: Arcanine\n|-heal|p2b: Arcanine|76\/100\n|move|p2a: Ting-Lu|Whirlwind|p1a: Gyarados\n|drag|p1a: Amoonguss|Amoonguss, L50, F|100\/100\n|-damage|p1a: Amoonguss|88\/100|[from] Stealth Rock\n|\n|upkeep\n|turn|5\n|inactive|Xuchio has 30 seconds left.\n|\n|t:|1683914226\n|move|p1b: Flutter Mane|Dazzling Gleam|p2b: Arcanine|[spread] p2a,p2b\n|-supereffective|p2a: Ting-Lu\n|-resisted|p2b: Arcanine\n|-damage|p2a: Ting-Lu|0 fnt\n|-damage|p2b: Arcanine|69\/100\n|faint|p2a: Ting-Lu\n|move|p2b: Arcanine|Snarl|p1b: Flutter Mane|[spread] p1a,p1b\n|-damage|p1a: Amoonguss|81\/100\n|-damage|p1b: Flutter Mane|70\/100\n|-unboost|p1a: Amoonguss|spa|1\n|-unboost|p1b: Flutter Mane|spa|1\n|move|p1a: Amoonguss|Pollen Puff|p1b: Flutter Mane\n|-heal|p1b: Flutter Mane|100\/100\n|\n|upkeep\n|\n|t:|1683914230\n|switch|p2a: Iron Hands|Iron Hands, L50|84\/100\n|turn|6\n|\n|t:|1683914248\n|-end|p1b: Flutter Mane|Protosynthesis|[silent]\n|switch|p1b: Gyarados|Gyarados, L50, M, tera:Grass|82\/100\n|-damage|p1b: Gyarados|70\/100|[from] Stealth Rock\n|-ability|p1b: Gyarados|Intimidate|boost\n|-unboost|p2a: Iron Hands|atk|1\n|-unboost|p2b: Arcanine|atk|1\n|move|p2a: Iron Hands|Fake Out|p1a: Amoonguss\n|-damage|p1a: Amoonguss|72\/100\n|-damage|p2a: Iron Hands|67\/100|[from] item: Rocky Helmet|[of] p1a: Amoonguss\n|move|p2b: Arcanine|Will-O-Wisp|p1b: Gyarados\n|-status|p1b: Gyarados|brn\n|cant|p1a: Amoonguss|flinch\n|\n|-damage|p1b: Gyarados|64\/100 brn|[from] brn\n|upkeep\n|turn|7\n|c|\u2606Xuchio|read\n|inactive|Xuchio has 30 seconds left.\n|\n|t:|1683914279\n|move|p1a: Amoonguss|Rage Powder|p1a: Amoonguss\n|-singleturn|p1a: Amoonguss|move: Rage Powder\n|move|p2b: Arcanine|Charm|p1a: Amoonguss\n|-unboost|p1a: Amoonguss|atk|2\n|move|p1b: Gyarados|Waterfall|p2b: Arcanine\n|-supereffective|p2b: Arcanine\n|-damage|p2b: Arcanine|23\/100\n|move|p2a: Iron Hands|Heavy Slam|p1a: Amoonguss\n|-damage|p1a: Amoonguss|48\/100\n|-damage|p2a: Iron Hands|51\/100|[from] item: Rocky Helmet|[of] p1a: Amoonguss\n|\n|-damage|p1b: Gyarados|58\/100 brn|[from] brn\n|upkeep\n|turn|8\n|\n|t:|1683914291\n|-end|p2a: Iron Hands|Quark Drive|[silent]\n|switch|p2a: Iron Bundle|Iron Bundle, L50|100\/100\n|-enditem|p2a: Iron Bundle|Booster Energy\n|-activate|p2a: Iron Bundle|ability: Quark Drive|[fromitem]\n|-start|p2a: Iron Bundle|quarkdrivespe\n|-terastallize|p2b: Arcanine|Dragon\n|move|p2b: Arcanine|Morning Sun|p2b: Arcanine\n|-heal|p2b: Arcanine|73\/100\n|move|p1b: Gyarados|Taunt|p1a: Amoonguss\n|-start|p1a: Amoonguss|move: Taunt\n|cant|p1a: Amoonguss|move: Taunt|Spore\n|\n|-damage|p1b: Gyarados|52\/100 brn|[from] brn\n|upkeep\n|turn|9\n|-message|WEAK3NDS forfeited.\n|\n|win|Xuchio\n|raw|WEAK3NDS's rating: 1091 → 1070<\/strong> (-21 for losing)\n|raw|Xuchio's rating: 1129 → 1151<\/strong> (+22 for winning)\n|l|\u2606WEAK3NDS\n","uploadtime":1683914333,"views":8,"p1id":"weak3nds","p2id":"xuchio","formatid":"gen9vgc2023regulationc","rating":1070,"private":0,"password":""}