{"id":"gen9vgc2023regulationc-1859008667","p1":"Nijiatw","p2":"Twimberly","format":"[Gen 9] VGC 2023 Regulation C","log":"|j|\u2606Nijiatw\n|j|\u2606Twimberly\n|t:|1683393744\n|gametype|doubles\n|player|p1|Nijiatw|fisherman-gen4|1086\n|player|p2|Twimberly|265|1187\n|teamsize|p1|6\n|teamsize|p2|6\n|gen|9\n|tier|[Gen 9] VGC 2023 Regulation C\n|rated|\n|rule|Species Clause: Limit one of each Pok\u00e9mon\n|rule|Item Clause: Limit one of each item\n|clearpoke\n|poke|p1|Iron Hands, L50|\n|poke|p1|Amoonguss, L50, F|\n|poke|p1|Pelipper, L50, F|\n|poke|p1|Palafin, L50, F|\n|poke|p1|Baxcalibur, L50, F|\n|poke|p1|Flutter Mane, L50|\n|poke|p2|Palafin, L50, F|\n|poke|p2|Crocalor, L50, F|\n|poke|p2|Flutter Mane, L50|\n|poke|p2|Scovillain, L50, M|\n|poke|p2|Wo-Chien, L50|\n|poke|p2|Pawmot, L50, F|\n|teampreview|4\n|inactive|Battle timer is ON: inactive players will automatically lose when time's up. (requested by Nijiatw)\n|inactive|Twimberly has 60 seconds left.\n|\n|t:|1683393780\n|start\n|switch|p1a: Baxcalibur|Baxcalibur, L50, F|100\/100\n|switch|p1b: Amoonguss|Amoonguss, L50, F|100\/100\n|switch|p2a: Flutter Mane|Flutter Mane, L50|100\/100\n|switch|p2b: Scovillain|Scovillain, L50, M|100\/100\n|turn|1\n|inactive|Nijiatw has 30 seconds left.\n|inactive|Twimberly has 30 seconds left.\n|inactive|Twimberly has 20 seconds left.\n|\n|t:|1683393819\n|-terastallize|p2a: Flutter Mane|Fire\n|-terastallize|p1a: Baxcalibur|Poison\n|move|p1b: Amoonguss|Protect|p1b: Amoonguss\n|-singleturn|p1b: Amoonguss|Protect\n|move|p2b: Scovillain|Rage Powder|p2b: Scovillain\n|-singleturn|p2b: Scovillain|move: Rage Powder\n|move|p2a: Flutter Mane|Calm Mind|p2a: Flutter Mane\n|-boost|p2a: Flutter Mane|spa|1\n|-boost|p2a: Flutter Mane|spd|1\n|move|p1a: Baxcalibur|Glaive Rush|p2b: Scovillain\n|-damage|p2b: Scovillain|0 fnt\n|-singlemove|p1a: Baxcalibur|Glaive Rush|[silent]\n|faint|p2b: Scovillain\n|\n|upkeep\n|\n|t:|1683393836\n|switch|p2b: Pawmot|Pawmot, L50, F|100\/100\n|turn|2\n|\n|t:|1683393847\n|move|p2b: Pawmot|Fake Out|p1b: Amoonguss\n|-damage|p1b: Amoonguss|88\/100\n|move|p2a: Flutter Mane|Shadow Ball|p1a: Baxcalibur\n|-damage|p1a: Baxcalibur|11\/100\n|move|p1a: Baxcalibur|Glaive Rush|p2a: Flutter Mane\n|-crit|p2a: Flutter Mane\n|-damage|p2a: Flutter Mane|0 fnt\n|-singlemove|p1a: Baxcalibur|Glaive Rush|[silent]\n|faint|p2a: Flutter Mane\n|-end|p2a: Flutter Mane|Protosynthesis|[silent]\n|cant|p1b: Amoonguss|flinch\n|\n|upkeep\n|\n|t:|1683393860\n|switch|p2a: Wo-Chien|Wo-Chien, L50|100\/100\n|-ability|p2a: Wo-Chien|Tablets of Ruin\n|turn|3\n|\n|t:|1683393876\n|move|p1b: Amoonguss|Rage Powder|p1b: Amoonguss\n|-singleturn|p1b: Amoonguss|move: Rage Powder\n|move|p2b: Pawmot|Revival Blessing|p2b: Pawmot\n|-enditem|p2b: Pawmot|Leppa Berry|[eat]\n|-activate|p2b: Pawmot|item: Leppa Berry|Revival Blessing|[consumed]\n|\n|t:|1683393881\n|-heal|p2: Flutter Mane|50\/100|[from] move: Revival Blessing\n|move|p1a: Baxcalibur|Icicle Crash|p2a: Wo-Chien\n|-supereffective|p2a: Wo-Chien\n|-damage|p2a: Wo-Chien|43\/100\n|move|p2a: Wo-Chien|Snarl|p1b: Amoonguss|[spread] p1a,p1b\n|-crit|p1b: Amoonguss\n|-damage|p1a: Baxcalibur|0 fnt\n|-damage|p1b: Amoonguss|73\/100\n|-unboost|p1b: Amoonguss|spa|1\n|faint|p1a: Baxcalibur\n|\n|-heal|p2a: Wo-Chien|49\/100|[from] item: Leftovers\n|upkeep\n|\n|t:|1683393900\n|switch|p1a: Flutter Mane|Flutter Mane, L50|100\/100\n|-enditem|p1a: Flutter Mane|Booster Energy\n|-activate|p1a: Flutter Mane|ability: Protosynthesis|[fromitem]\n|-start|p1a: Flutter Mane|protosynthesisspa\n|turn|4\n|\n|t:|1683393915\n|move|p2b: Pawmot|Revival Blessing|p2b: Pawmot\n|\n|t:|1683393917\n|-heal|p2: Scovillain|50\/100|[from] move: Revival Blessing\n|move|p1a: Flutter Mane|Moonblast|p2b: Pawmot\n|-supereffective|p2b: Pawmot\n|-damage|p2b: Pawmot|0 fnt\n|faint|p2b: Pawmot\n|move|p2a: Wo-Chien|Snarl|p1a: Flutter Mane|[spread] p1a,p1b\n|-damage|p1a: Flutter Mane|89\/100\n|-damage|p1b: Amoonguss|62\/100\n|-unboost|p1a: Flutter Mane|spa|1\n|-unboost|p1b: Amoonguss|spa|1\n|move|p1b: Amoonguss|Spore|p2a: Wo-Chien\n|-immune|p2a: Wo-Chien\n|\n|-heal|p2a: Wo-Chien|56\/100|[from] item: Leftovers\n|upkeep\n|\n|t:|1683393941\n|switch|p2b: Scovillain|Scovillain, L50, M|50\/100\n|turn|5\n|\n|t:|1683393954\n|switch|p1b: Iron Hands|Iron Hands, L50, shiny|100\/100\n|move|p1a: Flutter Mane|Moonblast|p2b: Scovillain\n|-resisted|p2b: Scovillain\n|-damage|p2b: Scovillain|30\/100\n|-unboost|p2b: Scovillain|spa|1\n|move|p2b: Scovillain|Overheat|p1a: Flutter Mane\n|-damage|p1a: Flutter Mane|61\/100\n|-unboost|p2b: Scovillain|spa|2\n|move|p2a: Wo-Chien|Snarl|p1a: Flutter Mane|[spread] p1a,p1b\n|-resisted|p1b: Iron Hands\n|-damage|p1a: Flutter Mane|49\/100\n|-damage|p1b: Iron Hands|97\/100\n|-unboost|p1a: Flutter Mane|spa|1\n|-unboost|p1b: Iron Hands|spa|1\n|\n|-heal|p2a: Wo-Chien|62\/100|[from] item: Leftovers\n|-ability|p2b: Scovillain|Moody|boost\n|-boost|p2b: Scovillain|spa|2\n|-unboost|p2b: Scovillain|def|1\n|upkeep\n|turn|6\n|\n|t:|1683393978\n|move|p1b: Iron Hands|Fake Out|p2b: Scovillain\n|-damage|p2b: Scovillain|5\/100\n|-enditem|p2b: Scovillain|Aguav Berry|[eat]\n|-heal|p2b: Scovillain|38\/100|[from] item: Aguav Berry\n|cant|p2b: Scovillain|flinch\n|move|p1a: Flutter Mane|Dazzling Gleam|p2b: Scovillain|[spread] p2a,p2b\n|-supereffective|p2a: Wo-Chien\n|-resisted|p2b: Scovillain\n|-damage|p2a: Wo-Chien|37\/100\n|-damage|p2b: Scovillain|28\/100\n|move|p2a: Wo-Chien|Leech Seed|p1b: Iron Hands\n|-start|p1b: Iron Hands|move: Leech Seed\n|\n|-heal|p2a: Wo-Chien|43\/100|[from] item: Leftovers\n|-damage|p1b: Iron Hands|85\/100|[from] Leech Seed|[of] p2a: Wo-Chien\n|-heal|p2a: Wo-Chien|59\/100|[silent]\n|-ability|p2b: Scovillain|Moody|boost\n|-boost|p2b: Scovillain|spd|2\n|-unboost|p2b: Scovillain|def|1\n|upkeep\n|turn|7\n|\n|t:|1683394001\n|-end|p1a: Flutter Mane|Protosynthesis|[silent]\n|switch|p1a: Amoonguss|Amoonguss, L50, F|95\/100\n|move|p2b: Scovillain|Will-O-Wisp|p1b: Iron Hands\n|-status|p1b: Iron Hands|brn\n|move|p2a: Wo-Chien|Leech Seed|p1a: Amoonguss\n|-immune|p1a: Amoonguss\n|move|p1b: Iron Hands|Close Combat|p2b: Scovillain\n|-damage|p2b: Scovillain|0 fnt\n|-unboost|p1b: Iron Hands|def|1\n|-unboost|p1b: Iron Hands|spd|1\n|faint|p2b: Scovillain\n|\n|-heal|p2a: Wo-Chien|65\/100|[from] item: Leftovers\n|-damage|p1b: Iron Hands|72\/100 brn|[from] Leech Seed|[of] p2a: Wo-Chien\n|-heal|p2a: Wo-Chien|81\/100|[silent]\n|-damage|p1b: Iron Hands|66\/100 brn|[from] brn\n|upkeep\n|\n|t:|1683394020\n|switch|p2b: Flutter Mane|Flutter Mane, L50|50\/100\n|turn|8\n|\n|t:|1683394035\n|move|p2b: Flutter Mane|Mystical Fire|p1a: Amoonguss\n|-supereffective|p1a: Amoonguss\n|-damage|p1a: Amoonguss|62\/100\n|-unboost|p1a: Amoonguss|spa|1\n|move|p2a: Wo-Chien|Growth|p2a: Wo-Chien\n|-boost|p2a: Wo-Chien|atk|1\n|-boost|p2a: Wo-Chien|spa|1\n|move|p1b: Iron Hands|Volt Switch|p2b: Flutter Mane\n|-damage|p2b: Flutter Mane|42\/100\n|\n|t:|1683394045\n|-end|p1b: Iron Hands|Quark Drive|[silent]\n|switch|p1b: Flutter Mane|Flutter Mane, L50|49\/100|[from] Volt Switch\n|move|p1a: Amoonguss|Spore|p2b: Flutter Mane\n|-status|p2b: Flutter Mane|slp|[from] move: Spore\n|\n|-heal|p2a: Wo-Chien|87\/100|[from] item: Leftovers\n|upkeep\n|turn|9\n|\n|t:|1683394059\n|move|p1b: Flutter Mane|Shadow Ball|p2b: Flutter Mane\n|-supereffective|p2b: Flutter Mane\n|-damage|p2b: Flutter Mane|0 fnt\n|faint|p2b: Flutter Mane\n|-end|p2b: Flutter Mane|Protosynthesis|[silent]\n|move|p2a: Wo-Chien|Snarl|p1b: Flutter Mane|[spread] p1a,p1b\n|-damage|p1a: Amoonguss|47\/100\n|-damage|p1b: Flutter Mane|34\/100\n|-unboost|p1a: Amoonguss|spa|1\n|-unboost|p1b: Flutter Mane|spa|1\n|-enditem|p1a: Amoonguss|Sitrus Berry|[eat]\n|-heal|p1a: Amoonguss|72\/100|[from] item: Sitrus Berry\n|move|p1a: Amoonguss|Pollen Puff|p1b: Flutter Mane\n|-heal|p1b: Flutter Mane|84\/100\n|\n|-heal|p2a: Wo-Chien|93\/100|[from] item: Leftovers\n|upkeep\n|turn|10\n|\n|t:|1683394077\n|move|p1b: Flutter Mane|Moonblast|p2a: Wo-Chien\n|-supereffective|p2a: Wo-Chien\n|-damage|p2a: Wo-Chien|49\/100\n|move|p2a: Wo-Chien|Snarl|p1b: Flutter Mane|[spread] p1a,p1b\n|-damage|p1a: Amoonguss|57\/100\n|-damage|p1b: Flutter Mane|64\/100\n|-unboost|p1a: Amoonguss|spa|1\n|-unboost|p1b: Flutter Mane|spa|1\n|move|p1a: Amoonguss|Pollen Puff|p2a: Wo-Chien\n|-supereffective|p2a: Wo-Chien\n|-damage|p2a: Wo-Chien|31\/100\n|\n|-heal|p2a: Wo-Chien|37\/100|[from] item: Leftovers\n|upkeep\n|turn|11\n|\n|t:|1683394096\n|move|p1a: Amoonguss|Rage Powder|p1a: Amoonguss\n|-singleturn|p1a: Amoonguss|move: Rage Powder\n|move|p1b: Flutter Mane|Moonblast|p2a: Wo-Chien\n|-supereffective|p2a: Wo-Chien\n|-damage|p2a: Wo-Chien|3\/100\n|move|p2a: Wo-Chien|Leech Seed|p1b: Flutter Mane\n|-start|p1b: Flutter Mane|move: Leech Seed\n|\n|-heal|p2a: Wo-Chien|9\/100|[from] item: Leftovers\n|-damage|p1b: Flutter Mane|52\/100|[from] Leech Seed|[of] p2a: Wo-Chien\n|-heal|p2a: Wo-Chien|19\/100|[silent]\n|upkeep\n|turn|12\n|\n|t:|1683394109\n|move|p1b: Flutter Mane|Moonblast|p2a: Wo-Chien\n|-supereffective|p2a: Wo-Chien\n|-damage|p2a: Wo-Chien|0 fnt\n|faint|p2a: Wo-Chien\n|\n|win|Nijiatw\n|raw|Nijiatw's rating: 1086 → 1121<\/strong> (+35 for winning)\n|raw|Twimberly's rating: 1187 → 1155<\/strong> (-32 for losing)\n|c|\u2606Nijiatw|GG\n","uploadtime":1683394119,"views":12,"p1id":"nijiatw","p2id":"twimberly","formatid":"gen9vgc2023regulationc","rating":1121,"private":0,"password":""}