{"id":"gen9vgc2023regulationc-1860966273","p1":"Karajony","p2":"D-scNSe","format":"[Gen 9] VGC 2023 Regulation C","log":"|j|\u2606Karajony\n|j|\u2606D-scNSe\n|t:|1683704642\n|gametype|doubles\n|player|p1|Karajony|worker-gen4|1355\n|player|p2|D-scNSe|266|1314\n|teamsize|p1|6\n|teamsize|p2|6\n|gen|9\n|tier|[Gen 9] VGC 2023 Regulation C\n|rated|\n|rule|Species Clause: Limit one of each Pok\u00e9mon\n|rule|Item Clause: Limit one of each item\n|clearpoke\n|poke|p1|Flutter Mane, L50|\n|poke|p1|Iron Hands, L50|\n|poke|p1|Baxcalibur, L50, F|\n|poke|p1|Ting-Lu, L50|\n|poke|p1|Arcanine, L50, M|\n|poke|p1|Grimmsnarl, L50, M|\n|poke|p2|Flutter Mane, L50|\n|poke|p2|Ting-Lu, L50|\n|poke|p2|Maushold-Four, L50|\n|poke|p2|Annihilape, L50, F|\n|poke|p2|Iron Bundle, L50|\n|poke|p2|Arcanine, L50, M|\n|teampreview|4\n|inactive|Battle timer is ON: inactive players will automatically lose when time's up. (requested by Karajony)\n|inactive|Karajony has 60 seconds left.\n|inactive|D-scNSe has 60 seconds left.\n|inactive|Karajony has 30 seconds left.\n|inactive|D-scNSe has 30 seconds left.\n|inactive|Karajony has 20 seconds left.\n|inactive|Karajony has 15 seconds left.\n|\n|t:|1683704720\n|start\n|switch|p1a: Flutter Mane|Flutter Mane, L50|100\/100\n|switch|p1b: Baxcalibur|Baxcalibur, L50, F|100\/100\n|switch|p2a: Maushold|Maushold-Four, L50|100\/100\n|switch|p2b: Annihilape|Annihilape, L50, F|100\/100\n|turn|1\n|\n|t:|1683704737\n|-terastallize|p1a: Flutter Mane|Fairy\n|-terastallize|p2b: Annihilape|Fire\n|move|p1b: Baxcalibur|Ice Shard|p2a: Maushold\n|-damage|p2a: Maushold|75\/100\n|move|p1a: Flutter Mane|Dazzling Gleam|p2b: Annihilape|[spread] p2a,p2b\n|-resisted|p2b: Annihilape\n|-damage|p2a: Maushold|9\/100\n|-damage|p2b: Annihilape|79\/100\n|move|p2a: Maushold|Beat Up|p2b: Annihilape\n|-damage|p2b: Annihilape|77\/100\n|-damage|p2b: Annihilape|75\/100\n|-damage|p2b: Annihilape|73\/100\n|-crit|p2b: Annihilape\n|-damage|p2b: Annihilape|71\/100\n|-hitcount|p2b: Annihilape|4\n|move|p2b: Annihilape|Drain Punch|p1b: Baxcalibur\n|-supereffective|p1b: Baxcalibur\n|-damage|p1b: Baxcalibur|30\/100\n|-heal|p2b: Annihilape|100\/100|[from] drain|[of] p1b: Baxcalibur\n|\n|upkeep\n|turn|2\n|inactive|D-scNSe has 30 seconds left.\n|\n|t:|1683704763\n|move|p2a: Maushold|Protect|p2a: Maushold\n|-singleturn|p2a: Maushold|Protect\n|move|p1a: Flutter Mane|Dazzling Gleam|p2b: Annihilape|[spread] p2b\n|-activate|p2a: Maushold|move: Protect\n|-resisted|p2b: Annihilape\n|-damage|p2b: Annihilape|80\/100\n|move|p1b: Baxcalibur|Glaive Rush|p2b: Annihilape\n|-damage|p2b: Annihilape|24\/100\n|-singlemove|p1b: Baxcalibur|Glaive Rush|[silent]\n|move|p2b: Annihilape|Rage Fist|p1a: Flutter Mane\n|-damage|p1a: Flutter Mane|0 fnt\n|faint|p1a: Flutter Mane\n|-end|p1a: Flutter Mane|Protosynthesis|[silent]\n|\n|-heal|p2b: Annihilape|30\/100|[from] item: Leftovers\n|upkeep\n|\n|t:|1683704780\n|switch|p1a: Ting-Lu|Ting-Lu, L50|100\/100\n|-ability|p1a: Ting-Lu|Vessel of Ruin\n|turn|3\n|\n|t:|1683704791\n|move|p2a: Maushold|Follow Me|p2a: Maushold\n|-singleturn|p2a: Maushold|move: Follow Me\n|move|p1b: Baxcalibur|Ice Shard|p2a: Maushold\n|-damage|p2a: Maushold|0 fnt\n|faint|p2a: Maushold\n|move|p2b: Annihilape|Drain Punch|p1a: Ting-Lu\n|-supereffective|p1a: Ting-Lu\n|-damage|p1a: Ting-Lu|48\/100\n|-heal|p2b: Annihilape|59\/100|[from] drain|[of] p1a: Ting-Lu\n|move|p1a: Ting-Lu|Stomping Tantrum|p2b: Annihilape\n|-supereffective|p2b: Annihilape\n|-damage|p2b: Annihilape|0 fnt\n|faint|p2b: Annihilape\n|\n|upkeep\n|\n|t:|1683704804\n|switch|p2a: Flutter Mane|Flutter Mane, L50|100\/100\n|switch|p2b: Arcanine|Arcanine, L50, M|100\/100\n|-ability|p2b: Arcanine|Intimidate|boost\n|-unboost|p1a: Ting-Lu|atk|1\n|-unboost|p1b: Baxcalibur|atk|1\n|-enditem|p2a: Flutter Mane|Booster Energy\n|-activate|p2a: Flutter Mane|ability: Protosynthesis|[fromitem]\n|-start|p2a: Flutter Mane|protosynthesisspe\n|turn|4\n|\n|t:|1683704816\n|move|p1b: Baxcalibur|Ice Shard|p2a: Flutter Mane\n|-damage|p2a: Flutter Mane|70\/100\n|move|p2a: Flutter Mane|Moonblast|p1a: Ting-Lu\n|-supereffective|p1a: Ting-Lu\n|-damage|p1a: Ting-Lu|10\/100\n|move|p2b: Arcanine|Flare Blitz|p1b: Baxcalibur\n|-crit|p1b: Baxcalibur\n|-damage|p1b: Baxcalibur|0 fnt\n|faint|p1b: Baxcalibur\n|-damage|p2b: Arcanine|89\/100|[from] Recoil\n|move|p1a: Ting-Lu|Stomping Tantrum|p2b: Arcanine\n|-supereffective|p2b: Arcanine\n|-crit|p2b: Arcanine\n|-damage|p2b: Arcanine|0 fnt\n|faint|p2b: Arcanine\n|\n|upkeep\n|\n|t:|1683704829\n|switch|p1b: Iron Hands|Iron Hands, L50|100\/100\n|turn|5\n|\n|t:|1683704834\n|move|p2a: Flutter Mane|Moonblast|p1b: Iron Hands\n|-supereffective|p1b: Iron Hands\n|-damage|p1b: Iron Hands|42\/100\n|-unboost|p1b: Iron Hands|spa|1\n|move|p1b: Iron Hands|Wild Charge|p2a: Flutter Mane\n|-damage|p2a: Flutter Mane|0 fnt\n|faint|p2a: Flutter Mane\n|-end|p2a: Flutter Mane|Protosynthesis|[silent]\n|-damage|p1b: Iron Hands|31\/100|[from] Recoil\n|\n|win|Karajony\n|raw|Karajony's rating: 1355 → 1373<\/strong> (+18 for winning)\n|raw|D-scNSe's rating: 1314 → 1296<\/strong> (-18 for losing)\n||Ladder isn't responding, score probably updated but might not have (Request timeout).\n|l|dscnse\n","uploadtime":1683705433,"views":17,"p1id":"karajony","p2id":"dscnse","formatid":"gen9vgc2023regulationc","rating":1296,"private":0,"password":""}