{"id":"gen9vgc2023regulationc-1860656110","p1":"wennoboi","p2":"rudyxkam","format":"[Gen 9] VGC 2023 Regulation C","log":"|j|\u2606wennoboi\n|j|\u2606rudyxkam\n|t:|1683663107\n|gametype|doubles\n|player|p1|wennoboi|backpacker|1109\n|player|p2|rudyxkam|gardenia|1131\n|teamsize|p1|6\n|teamsize|p2|6\n|gen|9\n|tier|[Gen 9] VGC 2023 Regulation C\n|rated|\n|rule|Species Clause: Limit one of each Pok\u00e9mon\n|rule|Item Clause: Limit one of each item\n|clearpoke\n|poke|p1|Torkoal, L50, M|\n|poke|p1|Scizor, L50, M|\n|poke|p1|Chi-Yu, L50|\n|poke|p1|Gyarados, L50, M|\n|poke|p1|Amoonguss, L50, F|\n|poke|p1|Talonflame, L50, M|\n|poke|p2|Gyarados, L50, F|\n|poke|p2|Talonflame, L50, M|\n|poke|p2|Baxcalibur, L50, F|\n|poke|p2|Corviknight, L50, M|\n|poke|p2|Ting-Lu, L50|\n|poke|p2|Flutter Mane, L50|\n|teampreview|4\n|inactive|Battle timer is ON: inactive players will automatically lose when time's up. (requested by rudyxkam)\n|c|\u2606rudyxkam|glhf!\nrudyxkam has agreed to open team sheets.\n|inactive|wennoboi has 60 seconds left.\n|inactive|rudyxkam has 60 seconds left.\n|inactive|rudyxkam has 30 seconds left.\n|\n|t:|1683663171\n|start\n|switch|p1a: Talonflame|Talonflame, L50, M|100\/100\n|switch|p1b: Torkoal|Torkoal, L50, M|100\/100\n|switch|p2a: Manda|Gyarados, L50, F, shiny|100\/100\n|switch|p2b: Rodan|Talonflame, L50, M, shiny|100\/100\n|-ability|p2a: Manda|Intimidate|boost\n|-unboost|p1a: Talonflame|atk|1\n|-unboost|p1b: Torkoal|atk|1\n|-weather|SunnyDay|[from] ability: Drought|[of] p1b: Torkoal\n|turn|1\n|inactive|wennoboi has 30 seconds left.\n|\n|t:|1683663202\n|move|p2b: Rodan|Tailwind|p2b: Rodan\n|-sidestart|p2: rudyxkam|move: Tailwind\n|move|p1a: Talonflame|Tailwind|p1a: Talonflame\n|-sidestart|p1: wennoboi|move: Tailwind\n|move|p2a: Manda|Waterfall|p1a: Talonflame\n|-supereffective|p1a: Talonflame\n|-damage|p1a: Talonflame|52\/100\n|move|p1b: Torkoal|Heat Wave|p2a: Manda|[spread] p2a,p2b\n|-resisted|p2a: Manda\n|-resisted|p2b: Rodan\n|-damage|p2a: Manda|86\/100\n|-damage|p2b: Rodan|64\/100\n|\n|-weather|SunnyDay|[upkeep]\n|upkeep\n|turn|2\n|inactive|rudyxkam has 30 seconds left.\n|\n|t:|1683663236\n|switch|p2a: Sker|Ting-Lu, L50|100\/100\n|-ability|p2a: Sker|Vessel of Ruin\n|move|p1b: Torkoal|Protect|p1b: Torkoal\n|-singleturn|p1b: Torkoal|Protect\n|move|p2b: Rodan|Taunt|p1a: Talonflame\n|-start|p1a: Talonflame|move: Taunt\n|move|p1a: Talonflame|Brave Bird|p2b: Rodan\n|-damage|p2b: Rodan|19\/100\n|-damage|p1a: Talonflame|37\/100|[from] Recoil\n|\n|-weather|SunnyDay|[upkeep]\n|upkeep\n|turn|3\n|inactive|wennoboi has 30 seconds left.\n|\n|t:|1683663268\n|move|p2b: Rodan|Taunt|p1b: Torkoal\n|-start|p1b: Torkoal|move: Taunt\n|move|p1a: Talonflame|Flare Blitz|p2a: Sker\n|-damage|p2a: Sker|75\/100\n|-damage|p1a: Talonflame|23\/100|[from] Recoil\n|move|p2a: Sker|Bulldoze|p1b: Torkoal|[spread] p1b\n|-immune|p2b: Rodan\n|-immune|p1a: Talonflame\n|-supereffective|p1b: Torkoal\n|-damage|p1b: Torkoal|74\/100\n|-unboost|p1b: Torkoal|spe|1\n|move|p1b: Torkoal|Heat Wave|p2a: Sker|[spread] p2a,p2b\n|-resisted|p2b: Rodan\n|-damage|p2a: Sker|60\/100\n|-damage|p2b: Rodan|0 fnt\n|faint|p2b: Rodan\n|\n|-weather|SunnyDay|[upkeep]\n|upkeep\n|\n|t:|1683663281\n|switch|p2b: Gigan|Corviknight, L50, M, shiny|100\/100\n|turn|4\n|inactive|wennoboi has 30 seconds left.\n|inactive|wennoboi has 20 seconds left.\n|inactive|wennoboi has 15 seconds left.\n|\n|t:|1683663323\n|switch|p1a: Scizor|Scizor, L50, M|100\/100\n|-terastallize|p2b: Gigan|Dragon\n|move|p2b: Gigan|Brave Bird|p1a: Scizor\n|-crit|p1a: Scizor\n|-damage|p1a: Scizor|44\/100\n|-damage|p2b: Gigan|84\/100|[from] Recoil\n|move|p2a: Sker|Stomping Tantrum|p1b: Torkoal\n|-supereffective|p1b: Torkoal\n|-damage|p1b: Torkoal|27\/100\n|-enditem|p1b: Torkoal|Sitrus Berry|[eat]\n|-heal|p1b: Torkoal|52\/100|[from] item: Sitrus Berry\n|move|p1b: Torkoal|Heat Wave|p2b: Gigan|[spread] p2a,p2b\n|-resisted|p2b: Gigan\n|-damage|p2a: Sker|46\/100\n|-damage|p2b: Gigan|70\/100\n|\n|-weather|SunnyDay|[upkeep]\n|-sideend|p2: rudyxkam|move: Tailwind\n|-sideend|p1: wennoboi|move: Tailwind\n|upkeep\n|turn|5\n|inactive|wennoboi has 30 seconds left.\n|inactive|rudyxkam has 30 seconds left.\n|inactive|wennoboi has 20 seconds left.\n|\n|t:|1683663363\n|switch|p1b: Talonflame|Talonflame, L50, M|23\/100\n|move|p1a: Scizor|Close Combat|p2a: Sker\n|-supereffective|p2a: Sker\n|-damage|p2a: Sker|0 fnt\n|-unboost|p1a: Scizor|def|1\n|-unboost|p1a: Scizor|spd|1\n|faint|p2a: Sker\n|-damage|p1a: Scizor|34\/100|[from] item: Life Orb\n|move|p2b: Gigan|Bulk Up|p2b: Gigan\n|-boost|p2b: Gigan|atk|1\n|-boost|p2b: Gigan|def|1\n|\n|-weather|none\n|upkeep\n|\n|t:|1683663369\n|switch|p2a: Manda|Gyarados, L50, F, shiny|86\/100\n|-ability|p2a: Manda|Intimidate|boost\n|-unboost|p1a: Scizor|atk|1\n|-unboost|p1b: Talonflame|atk|1\n|turn|6\n|inactive|wennoboi has 30 seconds left.\n|\n|t:|1683663398\n|move|p1b: Talonflame|Tailwind|p1b: Talonflame\n|-sidestart|p1: wennoboi|move: Tailwind\n|move|p1a: Scizor|U-turn|p2a: Manda\n|-resisted|p2a: Manda\n|-damage|p2a: Manda|68\/100\n|-damage|p1a: Scizor|24\/100|[from] item: Life Orb\n|\n|t:|1683663405\n|switch|p1a: Torkoal|Torkoal, L50, M|52\/100|[from] U-turn\n|-weather|SunnyDay|[from] ability: Drought|[of] p1a: Torkoal\n|move|p2a: Manda|Waterfall|p1b: Talonflame\n|-supereffective|p1b: Talonflame\n|-damage|p1b: Talonflame|0 fnt\n|faint|p1b: Talonflame\n|move|p2b: Gigan|Bulk Up|p2b: Gigan\n|-boost|p2b: Gigan|atk|1\n|-boost|p2b: Gigan|def|1\n|\n|-weather|SunnyDay|[upkeep]\n|upkeep\n|\n|t:|1683663418\n|switch|p1b: Chi-Yu|Chi-Yu, L50|100\/100\n|-ability|p1b: Chi-Yu|Beads of Ruin\n|turn|7\n|\n|t:|1683663430\n|-terastallize|p1b: Chi-Yu|Fire\n|move|p1a: Torkoal|Helping Hand|p1b: Chi-Yu\n|-singleturn|p1b: Chi-Yu|Helping Hand|[of] p1a: Torkoal\n|move|p2a: Manda|Helping Hand|p2b: Gigan\n|-singleturn|p2b: Gigan|Helping Hand|[of] p2a: Manda\n|move|p1b: Chi-Yu|Heat Wave|p2a: Manda|[spread] p2a\n|-miss|p1b: Chi-Yu|p2b: Gigan\n|-resisted|p2a: Manda\n|-damage|p2a: Manda|17\/100\n|-enditem|p2a: Manda|Sitrus Berry|[eat]\n|-heal|p2a: Manda|42\/100|[from] item: Sitrus Berry\n|move|p2b: Gigan|Body Press|p1b: Chi-Yu\n|-damage|p1b: Chi-Yu|0 fnt\n|faint|p1b: Chi-Yu\n|\n|-weather|SunnyDay|[upkeep]\n|upkeep\n|\n|t:|1683663449\n|switch|p1b: Scizor|Scizor, L50, M|24\/100\n|turn|8\n|\n|t:|1683663461\n|move|p1b: Scizor|Bullet Punch|p2b: Gigan\n|-damage|p2b: Gigan|56\/100\n|-damage|p1b: Scizor|15\/100|[from] item: Life Orb\n|move|p1a: Torkoal|Heat Wave|p2a: Manda|[spread] p2a,p2b\n|-resisted|p2a: Manda\n|-resisted|p2b: Gigan\n|-damage|p2a: Manda|28\/100\n|-damage|p2b: Gigan|34\/100\n|move|p2a: Manda|Waterfall|p1a: Torkoal\n|-supereffective|p1a: Torkoal\n|-damage|p1a: Torkoal|25\/100\n|move|p2b: Gigan|Body Press|p1a: Torkoal\n|-damage|p1a: Torkoal|0 fnt\n|faint|p1a: Torkoal\n|\n|-weather|SunnyDay|[upkeep]\n|upkeep\n|turn|9\n|c|\u2606rudyxkam|gg\n|\n|t:|1683663481\n|move|p1b: Scizor|Bullet Punch|p1: Torkoal|[notarget]\n|-fail|p1b: Scizor\n|move|p2a: Manda|Waterfall|p1b: Scizor\n|-damage|p1b: Scizor|0 fnt\n|faint|p1b: Scizor\n|\n|win|rudyxkam\n|raw|wennoboi's rating: 1109 → 1086<\/strong> (-23 for losing)\n|raw|rudyxkam's rating: 1131 → 1154<\/strong> (+23 for winning)\n","uploadtime":1683663488,"views":30,"p1id":"wennoboi","p2id":"rudyxkam","formatid":"gen9vgc2023regulationc","rating":1086,"private":0,"password":""}