{"id":"gen9vgc2023regulationc-1857614769","p1":"Lutrinae Arctis","p2":"user0118","format":"[Gen 9] VGC 2023 Regulation C","log":"|j|\u2606Lutrinae Arctis\n|j|\u2606user0118\n|t:|1683213167\n|gametype|doubles\n|player|p1|Lutrinae Arctis|dawn-gen4pt|1255\n|player|p2|user0118|102|1314\n|teamsize|p1|6\n|teamsize|p2|5\n|gen|9\n|tier|[Gen 9] VGC 2023 Regulation C\n|rated|\n|rule|Species Clause: Limit one of each Pok\u00e9mon\n|rule|Item Clause: Limit one of each item\n|clearpoke\n|poke|p1|Flutter Mane, L50|\n|poke|p1|Jumpluff, L50, F|\n|poke|p1|Wo-Chien, L50|\n|poke|p1|Torkoal, L50, M|\n|poke|p1|Roaring Moon, L50|\n|poke|p1|Chi-Yu, L50|\n|poke|p2|Grimmsnarl, L50, M|\n|poke|p2|Flutter Mane, L50|\n|poke|p2|Chi-Yu, L50|\n|poke|p2|Torkoal, L50, M|\n|poke|p2|Dragonite, L50, M|\n|teampreview|4\nLutrinae Arctis has agreed to open team sheets.\n|inactive|Battle timer is ON: inactive players will automatically lose when time's up. (requested by Lutrinae Arctis)\n|\n|t:|1683213182\n|start\n|switch|p1a: Jumpluff|Jumpluff, L50, F|100\/100\n|switch|p1b: Roaring Moon|Roaring Moon, L50|100\/100\n|switch|p2a: Grimmsnarl|Grimmsnarl, L50, M|100\/100\n|switch|p2b: Flutter Mane|Flutter Mane, L50|100\/100\n|turn|1\n|\n|t:|1683213196\n|-terastallize|p1b: Roaring Moon|Ground\n|move|p2a: Grimmsnarl|Scary Face|p1a: Jumpluff\n|-unboost|p1a: Jumpluff|spe|2\n|move|p2b: Flutter Mane|Dazzling Gleam|p1a: Jumpluff|[spread] p1a,p1b\n|-damage|p1a: Jumpluff|49\/100\n|-damage|p1b: Roaring Moon|55\/100\n|move|p1b: Roaring Moon|Earthquake|p2a: Grimmsnarl|[spread] p2a,p2b\n|-immune|p1a: Jumpluff\n|-damage|p2a: Grimmsnarl|57\/100\n|-damage|p2b: Flutter Mane|4\/100\n|move|p1a: Jumpluff|Absorb|p1b: Roaring Moon\n|-supereffective|p1b: Roaring Moon\n|-damage|p1b: Roaring Moon|49\/100\n|-heal|p1a: Jumpluff|52\/100|[from] drain|[of] p1b: Roaring Moon\n|-enditem|p1b: Roaring Moon|Weakness Policy\n|-boost|p1b: Roaring Moon|atk|2|[from] item: Weakness Policy\n|-boost|p1b: Roaring Moon|spa|2|[from] item: Weakness Policy\n|\n|upkeep\n|turn|2\n|inactive|user0118 has 30 seconds left.\n|\n|t:|1683213222\n|move|p1a: Jumpluff|Rage Powder|p1a: Jumpluff\n|-singleturn|p1a: Jumpluff|move: Rage Powder\n|move|p2a: Grimmsnarl|Fake Tears|p1a: Jumpluff\n|-unboost|p1a: Jumpluff|spd|2\n|move|p2b: Flutter Mane|Dazzling Gleam|p1a: Jumpluff|[spread] p1a,p1b\n|-crit|p1b: Roaring Moon\n|-damage|p1a: Jumpluff|0 fnt\n|-damage|p1b: Roaring Moon|0 fnt\n|faint|p1a: Jumpluff\n|faint|p1b: Roaring Moon\n|-end|p1b: Roaring Moon|Protosynthesis|[silent]\n|\n|upkeep\n|\n|t:|1683213229\n|switch|p1a: Flutter Mane|Flutter Mane, L50|100\/100\n|switch|p1b: Wo-Chien|Wo-Chien, L50|100\/100\n|-ability|p1b: Wo-Chien|Tablets of Ruin\n|turn|3\n|\n|t:|1683213239\n|move|p2a: Grimmsnarl|Scary Face|p1a: Flutter Mane\n|-unboost|p1a: Flutter Mane|spe|2\n|move|p2b: Flutter Mane|Dazzling Gleam|p1a: Flutter Mane|[spread] p1a,p1b\n|-supereffective|p1b: Wo-Chien\n|-damage|p1a: Flutter Mane|58\/100\n|-damage|p1b: Wo-Chien|38\/100\n|move|p1b: Wo-Chien|Dark Pulse|p2b: Flutter Mane\n|-damage|p2b: Flutter Mane|0 fnt\n|faint|p2b: Flutter Mane\n|-end|p2b: Flutter Mane|Protosynthesis|[silent]\n|move|p1a: Flutter Mane|Moonblast|p2a: Grimmsnarl\n|-supereffective|p2a: Grimmsnarl\n|-damage|p2a: Grimmsnarl|0 fnt\n|faint|p2a: Grimmsnarl\n|\n|upkeep\n|\n|t:|1683213251\n|switch|p2b: Chi-Yu|Chi-Yu, L50|100\/100\n|switch|p2a: Dragonite|Dragonite, L50, M|100\/100\n|-ability|p2b: Chi-Yu|Beads of Ruin\n|turn|4\n|inactive|user0118 has 30 seconds left.\n|\n|t:|1683213278\n|-terastallize|p2a: Dragonite|Normal\n|move|p2b: Chi-Yu|Dark Pulse|p1a: Flutter Mane\n|-damage|p1a: Flutter Mane|14\/100\n|move|p2a: Dragonite|Aerial Ace|p1b: Wo-Chien\n|-supereffective|p1b: Wo-Chien\n|-damage|p1b: Wo-Chien|0 fnt\n|faint|p1b: Wo-Chien\n|move|p1a: Flutter Mane|Moonblast|p2a: Dragonite\n|-damage|p2a: Dragonite|77\/100\n|\n|upkeep\n|turn|5\n|\n|t:|1683213291\n|move|p2b: Chi-Yu|Dark Pulse|p1a: Flutter Mane\n|-damage|p1a: Flutter Mane|0 fnt\n|faint|p1a: Flutter Mane\n|-end|p1a: Flutter Mane|Protosynthesis|[silent]\n|\n|win|user0118\n|raw|Lutrinae Arctis's rating: 1255 → 1234<\/strong> (-21 for losing)\n|raw|user0118's rating: 1314 → 1331<\/strong> (+17 for winning)\n","uploadtime":1683213299,"views":13,"p1id":"lutrinaearctis","p2id":"user0118","formatid":"gen9vgc2023regulationc","rating":1234,"private":0,"password":""}