{"id":"gen9vgc2023regulationc-1848122378","p1":"UltimoRyu","p2":"MyuuY","format":"[Gen 9] VGC 2023 Regulation C","log":"|j|\u2606UltimoRyu\n|j|\u2606MyuuY\n|t:|1682032283\n|gametype|doubles\n|player|p1|UltimoRyu|steven|1174\n|player|p2|MyuuY|cheryl|1150\n|teamsize|p1|6\n|teamsize|p2|6\n|gen|9\n|tier|[Gen 9] VGC 2023 Regulation C\n|rated|\n|rule|Species Clause: Limit one of each Pok\u00e9mon\n|rule|Item Clause: Limit one of each item\n|clearpoke\n|poke|p1|Pelipper, L50, F|\n|poke|p1|Palafin, L50, M|\n|poke|p1|Goodra, L50, M|\n|poke|p1|Gyarados, L50, M|\n|poke|p1|Dondozo, L50, F|\n|poke|p1|Tatsugiri-Stretchy, L50, F|\n|poke|p2|Palafin, L50, M|\n|poke|p2|Arcanine, L50, F|\n|poke|p2|Amoonguss, L50, M|\n|poke|p2|Ting-Lu, L50|\n|poke|p2|Baxcalibur, L50, F|\n|poke|p2|Flutter Mane, L50|\n|teampreview|4\nMyuuY rejected open team sheets.\n|\n|t:|1682032329\n|start\n|switch|p1a: Dondozo|Dondozo, L50, F|100\/100\n|switch|p1b: Pelipper|Pelipper, L50, F|100\/100\n|switch|p2a: Palafin|Palafin, L50, M, shiny|100\/100\n|switch|p2b: Amoonguss|Amoonguss, L50, M, shiny|100\/100\n|-weather|RainDance|[from] ability: Drizzle|[of] p1b: Pelipper\n|turn|1\n|\n|t:|1682032365\n|detailschange|p2a: Palafin|Palafin-Hero, L50, M, shiny\n|switch|p2a: Baxcalibur|Baxcalibur, L50, F|100\/100\n|-terastallize|p1a: Dondozo|Water\n|move|p1b: Pelipper|Hurricane|p2b: Amoonguss\n|-supereffective|p2b: Amoonguss\n|-damage|p2b: Amoonguss|14\/100\n|-enditem|p2b: Amoonguss|Sitrus Berry|[eat]\n|-heal|p2b: Amoonguss|39\/100|[from] item: Sitrus Berry\n|move|p1a: Dondozo|Liquidation|p2a: Baxcalibur\n|-resisted|p2a: Baxcalibur\n|-damage|p2a: Baxcalibur|57\/100\n|-damage|p1a: Dondozo|91\/100|[from] item: Life Orb\n|move|p2b: Amoonguss|Spore|p1a: Dondozo\n|-status|p1a: Dondozo|slp|[from] move: Spore\n|\n|-weather|RainDance|[upkeep]\n|upkeep\n|turn|2\n|\n|t:|1682032402\n|switch|p1b: Tatsugiri|Tatsugiri-Stretchy, L50, F|100\/100\n|-activate|p1b: Tatsugiri|ability: Commander|[of] p1a: Dondozo\n|-boost|p1a: Dondozo|atk|2\n|-boost|p1a: Dondozo|spa|2\n|-boost|p1a: Dondozo|spe|2\n|-boost|p1a: Dondozo|def|2\n|-boost|p1a: Dondozo|spd|2\n|-terastallize|p2b: Amoonguss|Water\n|move|p2a: Baxcalibur|Glaive Rush|p1b: Tatsugiri|[miss]\n|-miss|p2a: Baxcalibur|p1b: Tatsugiri\n|cant|p1a: Dondozo|slp\n|move|p1a: Dondozo|Sleep Talk|p1a: Dondozo\n|move|p1a: Dondozo|Liquidation|p2a: Baxcalibur|[from]move: Sleep Talk\n|-resisted|p2a: Baxcalibur\n|-damage|p2a: Baxcalibur|0 fnt\n|faint|p2a: Baxcalibur\n|-damage|p1a: Dondozo|81\/100 slp|[from] item: Life Orb\n|move|p2b: Amoonguss|Pollen Puff|p2: Baxcalibur|[notarget]\n|-fail|p2b: Amoonguss\n|\n|-weather|RainDance|[upkeep]\n|upkeep\n|\n|t:|1682032419\n|switch|p2a: Flutter Mane|Flutter Mane, L50, shiny|100\/100\n|turn|3\n|\n|t:|1682032429\n|move|p2b: Amoonguss|Rage Powder|p2b: Amoonguss\n|-singleturn|p2b: Amoonguss|move: Rage Powder\n|move|p2a: Flutter Mane|Thunderbolt|p1a: Dondozo\n|-supereffective|p1a: Dondozo\n|-damage|p1a: Dondozo|40\/100 slp\n|cant|p1a: Dondozo|slp\n|move|p1a: Dondozo|Sleep Talk|p1a: Dondozo\n|move|p1a: Dondozo|Order Up|p2b: Amoonguss|[from]move: Sleep Talk\n|-damage|p2b: Amoonguss|0 fnt\n|faint|p2b: Amoonguss\n|-boost|p1a: Dondozo|spe|1\n|-damage|p1a: Dondozo|31\/100 slp|[from] item: Life Orb\n|\n|-weather|RainDance|[upkeep]\n|upkeep\n|\n|t:|1682032438\n|switch|p2b: Palafin|Palafin-Hero, L50, M, shiny|100\/100\n|-activate|p2b: Palafin|ability: Zero to Hero\n|turn|4\n|\n|t:|1682032449\n|move|p2a: Flutter Mane|Thunderbolt|p1a: Dondozo\n|-supereffective|p1a: Dondozo\n|-damage|p1a: Dondozo|0 fnt\n|faint|p1a: Dondozo\n|move|p2b: Palafin|Substitute|p2b: Palafin\n|-start|p2b: Palafin|Substitute\n|-damage|p2b: Palafin|76\/100\n|\n|-weather|RainDance|[upkeep]\n|upkeep\n|\n|t:|1682032461\n|switch|p1a: Goodra|Goodra, L50, M|100\/100\n|turn|5\n|\n|t:|1682032479\n|move|p1b: Tatsugiri|Muddy Water|p2a: Flutter Mane|[spread] p2a,p2b\n|-resisted|p2b: Palafin\n|-end|p2b: Palafin|Substitute\n|-damage|p2a: Flutter Mane|47\/100\n|move|p2a: Flutter Mane|Thunderbolt|p1b: Tatsugiri\n|-damage|p1b: Tatsugiri|38\/100\n|move|p2b: Palafin|Wave Crash|p1a: Goodra\n|-resisted|p1a: Goodra\n|-damage|p1a: Goodra|14\/100\n|-damage|p2b: Palafin|50\/100|[from] Recoil\n|move|p1a: Goodra|Thunder|p2b: Palafin\n|-supereffective|p2b: Palafin\n|-damage|p2b: Palafin|0 fnt\n|faint|p2b: Palafin\n|\n|-weather|none\n|-heal|p1a: Goodra|20\/100|[from] item: Leftovers\n|upkeep\n|turn|6\n|-message|MyuuY forfeited.\n|\n|win|UltimoRyu\n|raw|UltimoRyu's rating: 1174 → 1197<\/strong> (+23 for winning)\n|raw|MyuuY's rating: 1150 → 1127<\/strong> (-23 for losing)\n|l|\u2606MyuuY\n","uploadtime":1682032503,"views":8,"p1id":"ultimoryu","p2id":"myuuy","formatid":"gen9vgc2023regulationc","rating":1127,"private":0,"password":""}