{"id":"gen9vgc2023regulationc-1862594351","p1":"vigilantesh!t","p2":"Zenaga","format":"[Gen 9] VGC 2023 Regulation C","log":"|j|\u2606vigilantesh!t\n|j|\u2606Zenaga\n|t:|1683903925\n|gametype|doubles\n|player|p1|vigilantesh!t|1|1128\n|player|p2|Zenaga|flannery|1069\n|teamsize|p1|6\n|teamsize|p2|6\n|gen|9\n|tier|[Gen 9] VGC 2023 Regulation C\n|rated|\n|rule|Species Clause: Limit one of each Pok\u00e9mon\n|rule|Item Clause: Limit one of each item\n|clearpoke\n|poke|p1|Arcanine, L50, M|\n|poke|p1|Torkoal, L50, F|\n|poke|p1|Lilligant, L50, F|\n|poke|p1|Iron Hands, L50|\n|poke|p1|Corviknight, L50, M|\n|poke|p1|Grimmsnarl, L50, M|\n|poke|p2|Ceruledge, L50, F|\n|poke|p2|Scream Tail, L50|\n|poke|p2|Flutter Mane, L50|\n|poke|p2|Ting-Lu, L50|\n|poke|p2|Iron Hands, L50|\n|poke|p2|Amoonguss, L50, M|\n|teampreview|4\n|\n|t:|1683903948\n|start\n|switch|p1a: Grimmsnarl|Grimmsnarl, L50, M|100\/100\n|switch|p1b: Corviknight|Corviknight, L50, M|100\/100\n|switch|p2a: Ceruledge|Ceruledge, L50, F|100\/100\n|switch|p2b: Ting-Lu|Ting-Lu, L50|100\/100\n|-ability|p2b: Ting-Lu|Vessel of Ruin\n|turn|1\n|inactive|Battle timer is ON: inactive players will automatically lose when time's up. (requested by Zenaga)\n|\n|t:|1683903982\n|move|p1a: Grimmsnarl|Reflect|p1a: Grimmsnarl\n|-sidestart|p1: vigilantesh!t|Reflect\n|move|p2a: Ceruledge|Bitter Blade|p1b: Corviknight\n|-supereffective|p1b: Corviknight\n|-damage|p1b: Corviknight|65\/100\n|move|p1b: Corviknight|Body Press|p2b: Ting-Lu\n|-supereffective|p2b: Ting-Lu\n|-damage|p2b: Ting-Lu|71\/100\n|move|p2b: Ting-Lu|Fissure|p1a: Grimmsnarl\n|-damage|p1a: Grimmsnarl|0 fnt\n|faint|p1a: Grimmsnarl\n|-ohko\n|\n|-heal|p1b: Corviknight|71\/100|[from] item: Leftovers\n|-heal|p2b: Ting-Lu|78\/100|[from] item: Leftovers\n|upkeep\n|\n|t:|1683903993\n|switch|p1a: Arcanine|Arcanine, L50, M|100\/100\n|-ability|p1a: Arcanine|Intimidate|boost\n|-unboost|p2a: Ceruledge|atk|1\n|-unboost|p2b: Ting-Lu|atk|1\n|turn|2\n|\n|t:|1683904015\n|switch|p2a: Iron Hands|Iron Hands, L50|100\/100\n|move|p1a: Arcanine|Will-O-Wisp|p2b: Ting-Lu\n|-status|p2b: Ting-Lu|brn\n|move|p1b: Corviknight|Body Press|p2b: Ting-Lu\n|-supereffective|p2b: Ting-Lu\n|-damage|p2b: Ting-Lu|47\/100 brn\n|move|p2b: Ting-Lu|Fissure|p1a: Arcanine\n|-damage|p1a: Arcanine|0 fnt\n|faint|p1a: Arcanine\n|-ohko\n|\n|-heal|p1b: Corviknight|77\/100|[from] item: Leftovers\n|-heal|p2b: Ting-Lu|53\/100 brn|[from] item: Leftovers\n|-damage|p2b: Ting-Lu|47\/100 brn|[from] brn\n|upkeep\n|c|\u2606Zenaga|man\n|c|\u2606vigilantesh!t|BAHAHA TWO FISSURES\n|c|\u2606Zenaga|reg c is great\n|\n|t:|1683904038\n|switch|p1a: Iron Hands|Iron Hands, L50|100\/100\n|turn|3\n|\n|t:|1683904059\n|move|p1a: Iron Hands|Fake Out|p2b: Ting-Lu\n|-damage|p2b: Ting-Lu|37\/100 brn\n|move|p1b: Corviknight|Body Press|p2b: Ting-Lu\n|-supereffective|p2b: Ting-Lu\n|-damage|p2b: Ting-Lu|5\/100 brn\n|move|p2a: Iron Hands|Wild Charge|p1b: Corviknight\n|-supereffective|p1b: Corviknight\n|-damage|p1b: Corviknight|22\/100\n|-damage|p2a: Iron Hands|90\/100|[from] Recoil\n|-damage|p2a: Iron Hands|80\/100|[from] item: Life Orb\n|cant|p2b: Ting-Lu|flinch\n|\n|-heal|p1b: Corviknight|28\/100|[from] item: Leftovers\n|-heal|p2b: Ting-Lu|11\/100 brn|[from] item: Leftovers\n|-damage|p2b: Ting-Lu|5\/100 brn|[from] brn\n|upkeep\n|turn|4\n|inactive|vigilantesh!t has 30 seconds left.\n|\n|t:|1683904092\n|move|p1b: Corviknight|Roost|p1b: Corviknight\n|-heal|p1b: Corviknight|79\/100\n|-singleturn|p1b: Corviknight|move: Roost\n|move|p1a: Iron Hands|Drain Punch|p2a: Iron Hands\n|-damage|p2a: Iron Hands|51\/100\n|move|p2a: Iron Hands|Wild Charge|p1b: Corviknight\n|-crit|p1b: Corviknight\n|-damage|p1b: Corviknight|13\/100\n|-damage|p2a: Iron Hands|38\/100|[from] Recoil\n|-damage|p2a: Iron Hands|28\/100|[from] item: Life Orb\n|move|p2b: Ting-Lu|Fissure|p1a: Iron Hands\n|-damage|p1a: Iron Hands|0 fnt\n|faint|p1a: Iron Hands\n|-end|p1a: Iron Hands|Quark Drive|[silent]\n|-ohko\n|\n|-heal|p1b: Corviknight|19\/100|[from] item: Leftovers\n|-heal|p2b: Ting-Lu|11\/100 brn|[from] item: Leftovers\n|-damage|p2b: Ting-Lu|5\/100 brn|[from] brn\n|upkeep\n|turn|5\n|c|\u2606vigilantesh!t|...\n|c|\u2606Zenaga|LMAO\n|c|\u2606vigilantesh!t|well\n|inactive|vigilantesh!t has 30 seconds left.\n|inactive|Zenaga has 30 seconds left.\n|c|\u2606vigilantesh!t|gg\n|\n|t:|1683904125\n|move|p1b: Corviknight|Body Press|p2b: Ting-Lu\n|-supereffective|p2b: Ting-Lu\n|-damage|p2b: Ting-Lu|0 fnt\n|faint|p2b: Ting-Lu\n|move|p2a: Iron Hands|Wild Charge|p1b: Corviknight\n|-supereffective|p1b: Corviknight\n|-damage|p1b: Corviknight|0 fnt\n|faint|p1b: Corviknight\n|-damage|p2a: Iron Hands|24\/100|[from] Recoil\n|-damage|p2a: Iron Hands|14\/100|[from] item: Life Orb\n|\n|win|Zenaga\n|raw|vigilantesh!t's rating: 1128 → 1099<\/strong> (-29 for losing)\n|raw|Zenaga's rating: 1069 → 1104<\/strong> (+35 for winning)\n|c|\u2606Zenaga|gg\n","uploadtime":1683904138,"views":15,"p1id":"vigilantesht","p2id":"zenaga","formatid":"gen9vgc2023regulationc","rating":1099,"private":0,"password":""}