{"id":"gen9vgc2023regulationc-1856000777","p1":"Roupelstiltskin","p2":"sasavegeta","format":"[Gen 9] VGC 2023 Regulation C","log":"|j|\u2606Roupelstiltskin\n|j|\u2606sasavegeta\n|t:|1683014999\n|gametype|doubles\n|player|p1|Roupelstiltskin|fisherman-gen4|1079\n|player|p2|sasavegeta|smasher|1072\n|teamsize|p1|6\n|teamsize|p2|6\n|gen|9\n|tier|[Gen 9] VGC 2023 Regulation C\n|rated|\n|rule|Species Clause: Limit one of each Pok\u00e9mon\n|rule|Item Clause: Limit one of each item\n|clearpoke\n|poke|p1|Lilligant, L50, F|\n|poke|p1|Torkoal, L50, M|\n|poke|p1|Grafaiai, L50, F|\n|poke|p1|Vivillon-High Plains, L50, M|\n|poke|p1|Roaring Moon, L50|\n|poke|p1|Drifblim, L50, M|\n|poke|p2|Ting-Lu, L50|\n|poke|p2|Iron Bundle, L50|\n|poke|p2|Flutter Mane, L50|\n|poke|p2|Arcanine, L50, F|\n|poke|p2|Amoonguss, L50, M|\n|poke|p2|Palafin, L50, F|\n|teampreview|4\n|inactive|Battle timer is ON: inactive players will automatically lose when time's up. (requested by sasavegeta)\n|inactive|Roupelstiltskin also wants the timer to be on.\n|inactive|sasavegeta has 60 seconds left.\n|inactive|sasavegeta has 30 seconds left.\n|\n|t:|1683015063\n|start\n|switch|p1a: Lilligant|Lilligant, L50, F|100\/100\n|switch|p1b: Torkoal|Torkoal, L50, M|100\/100\n|switch|p2a: Palafin|Palafin, L50, F|100\/100\n|switch|p2b: Flutter Mane|Flutter Mane, L50|100\/100\n|-weather|SunnyDay|[from] ability: Drought|[of] p1b: Torkoal\n|-activate|p2b: Flutter Mane|ability: Protosynthesis\n|-start|p2b: Flutter Mane|protosynthesisspa\n|turn|1\n|inactive|Roupelstiltskin has 30 seconds left.\n|inactive|sasavegeta has 30 seconds left.\n|inactive|Roupelstiltskin has 20 seconds left.\n|inactive|sasavegeta has 20 seconds left.\n|inactive|sasavegeta has 15 seconds left.\n|inactive|sasavegeta has 10 seconds left.\n|\n|t:|1683015110\n|-end|p2b: Flutter Mane|Protosynthesis|[silent]\n|switch|p2b: Arcanine|Arcanine, L50, F|100\/100\n|-ability|p2b: Arcanine|Intimidate|boost\n|-unboost|p1a: Lilligant|atk|1\n|-unboost|p1b: Torkoal|atk|1\n|detailschange|p2a: Palafin|Palafin-Hero, L50, F\n|switch|p2a: Iron Bundle|Iron Bundle, L50|100\/100\n|move|p1a: Lilligant|Solar Beam||[still]\n|-prepare|p1a: Lilligant|Solar Beam\n|-anim|p1a: Lilligant|Solar Beam|p2a: Iron Bundle\n|-supereffective|p2a: Iron Bundle\n|-enditem|p2a: Iron Bundle|Focus Sash\n|-damage|p2a: Iron Bundle|1\/100\n|move|p1b: Torkoal|Heat Wave|p2b: Arcanine|[spread] p2a,p2b\n|-resisted|p2b: Arcanine\n|-damage|p2a: Iron Bundle|0 fnt\n|-damage|p2b: Arcanine|77\/100\n|faint|p2a: Iron Bundle\n|-end|p2a: Iron Bundle|Quark Drive|[silent]\n|\n|-weather|SunnyDay|[upkeep]\n|upkeep\n|\n|t:|1683015127\n|switch|p2a: Palafin|Palafin-Hero, L50, F|100\/100\n|-activate|p2a: Palafin|ability: Zero to Hero\n|turn|2\n|\n|t:|1683015144\n|-terastallize|p2a: Palafin|Water\n|move|p1b: Torkoal|Helping Hand|p1a: Lilligant\n|-singleturn|p1a: Lilligant|Helping Hand|[of] p1b: Torkoal\n|move|p1a: Lilligant|Solar Beam||[still]\n|-prepare|p1a: Lilligant|Solar Beam\n|-anim|p1a: Lilligant|Solar Beam|p2a: Palafin\n|-supereffective|p2a: Palafin\n|-damage|p2a: Palafin|0 fnt\n|faint|p2a: Palafin\n|move|p2b: Arcanine|Flare Blitz|p1a: Lilligant\n|-supereffective|p1a: Lilligant\n|-enditem|p1a: Lilligant|Focus Sash\n|-damage|p1a: Lilligant|1\/100\n|-damage|p2b: Arcanine|53\/100|[from] Recoil\n|\n|-weather|SunnyDay|[upkeep]\n|upkeep\n|\n|t:|1683015157\n|switch|p2a: Flutter Mane|Flutter Mane, L50|100\/100\n|-activate|p2a: Flutter Mane|ability: Protosynthesis\n|-start|p2a: Flutter Mane|protosynthesisspa\n|turn|3\n|\n|t:|1683015174\n|move|p2b: Arcanine|Extreme Speed|p1a: Lilligant\n|-damage|p1a: Lilligant|0 fnt\n|faint|p1a: Lilligant\n|move|p2a: Flutter Mane|Moonblast|p1b: Torkoal\n|-resisted|p1b: Torkoal\n|-damage|p1b: Torkoal|53\/100\n|move|p1b: Torkoal|Yawn|p2a: Flutter Mane\n|-start|p2a: Flutter Mane|move: Yawn|[of] p1b: Torkoal\n|\n|-weather|SunnyDay|[upkeep]\n|upkeep\n|\n|t:|1683015188\n|switch|p1a: Vivillon|Vivillon-High Plains, L50, M|100\/100\n|turn|4\n|inactive|sasavegeta has 30 seconds left.\n|inactive|sasavegeta has 20 seconds left.\n|\n|t:|1683015225\n|move|p2a: Flutter Mane|Protect|p2a: Flutter Mane\n|-singleturn|p2a: Flutter Mane|Protect\n|move|p1a: Vivillon|Light Screen|p1a: Vivillon\n|-sidestart|p1: Roupelstiltskin|move: Light Screen\n|move|p2b: Arcanine|Flare Blitz|p1a: Vivillon\n|-supereffective|p1a: Vivillon\n|-damage|p1a: Vivillon|0 fnt\n|faint|p1a: Vivillon\n|-damage|p2b: Arcanine|21\/100|[from] Recoil\n|move|p1b: Torkoal|Yawn|p2b: Arcanine\n|-start|p2b: Arcanine|move: Yawn|[of] p1b: Torkoal\n|\n|-weather|SunnyDay|[upkeep]\n|-end|p2a: Flutter Mane|move: Yawn|[silent]\n|-status|p2a: Flutter Mane|slp\n|upkeep\n|\n|t:|1683015236\n|switch|p1a: Roaring Moon|Roaring Moon, L50|100\/100\n|-activate|p1a: Roaring Moon|ability: Protosynthesis\n|-start|p1a: Roaring Moon|protosynthesisspe\n|turn|5\n|inactive|sasavegeta has 30 seconds left.\n|inactive|sasavegeta has 20 seconds left.\n|inactive|sasavegeta has 15 seconds left.\n|inactive|sasavegeta has 10 seconds left.\n|\n|t:|1683015286\n|move|p2b: Arcanine|Extreme Speed|p1b: Torkoal\n|-damage|p1b: Torkoal|34\/100\n|move|p1a: Roaring Moon|Iron Head|p2a: Flutter Mane\n|-supereffective|p2a: Flutter Mane\n|-damage|p2a: Flutter Mane|0 fnt\n|faint|p2a: Flutter Mane\n|-end|p2a: Flutter Mane|Protosynthesis|[silent]\n|move|p1b: Torkoal|Heat Wave|p2b: Arcanine\n|-resisted|p2b: Arcanine\n|-damage|p2b: Arcanine|0 fnt\n|faint|p2b: Arcanine\n|\n|win|Roupelstiltskin\n|raw|Roupelstiltskin's rating: 1079 → 1107<\/strong> (+28 for winning)\n|raw|sasavegeta's rating: 1072 → 1052<\/strong> (-20 for losing)\n","uploadtime":1683015299,"views":19,"p1id":"roupelstiltskin","p2id":"sasavegeta","formatid":"gen9vgc2023regulationc","rating":1052,"private":0,"password":""}