{"id":"gen9vgc2023regulationc-1859952522","p1":"Vaqzle","p2":"Pikachimon","format":"[Gen 9] VGC 2023 Regulation C","log":"|j|\u2606Vaqzle\n|j|\u2606Pikachimon\n|t:|1683578821\n|gametype|doubles\n|player|p1|Vaqzle|265|1150\n|player|p2|Pikachimon|supernerd|1199\n|teamsize|p1|6\n|teamsize|p2|6\n|gen|9\n|tier|[Gen 9] VGC 2023 Regulation C\n|rated|\n|rule|Species Clause: Limit one of each Pok\u00e9mon\n|rule|Item Clause: Limit one of each item\n|clearpoke\n|poke|p1|Ting-Lu, L50|\n|poke|p1|Amoonguss, L50, F|\n|poke|p1|Chi-Yu, L50|\n|poke|p1|Flutter Mane, L50|\n|poke|p1|Gyarados, L50, F|\n|poke|p1|Bronzong, L50|\n|poke|p2|Hatterene, L50, F|\n|poke|p2|Scream Tail, L50|\n|poke|p2|Gothitelle, L50, M|\n|poke|p2|Amoonguss, L50, M|\n|poke|p2|Annihilape, L50, M|\n|poke|p2|Tsareena, L50, F|\n|teampreview|4\n|\n|t:|1683578870\n|start\n|switch|p1a: Bronzong|Bronzong, L50|100\/100\n|switch|p1b: Chi-Yu|Chi-Yu, L50|100\/100\n|switch|p2a: Scream Tail|Scream Tail, L50|100\/100\n|switch|p2b: Gothitelle|Gothitelle, L50, M|100\/100\n|-ability|p1b: Chi-Yu|Beads of Ruin\n|-enditem|p2a: Scream Tail|Booster Energy\n|-activate|p2a: Scream Tail|ability: Protosynthesis|[fromitem]\n|-start|p2a: Scream Tail|protosynthesisspe\n|turn|1\n|inactive|Battle timer is ON: inactive players will automatically lose when time's up. (requested by Pikachimon)\n|\n|t:|1683578912\n|move|p2b: Gothitelle|Fake Out|p1b: Chi-Yu\n|-crit|p1b: Chi-Yu\n|-damage|p1b: Chi-Yu|88\/100\n|move|p2a: Scream Tail|Perish Song|p2a: Scream Tail\n|-start|p1a: Bronzong|perish3|[silent]\n|-start|p1b: Chi-Yu|perish3|[silent]\n|-start|p2a: Scream Tail|perish3|[silent]\n|-start|p2b: Gothitelle|perish3|[silent]\n|-fieldactivate|move: Perish Song\n|cant|p1b: Chi-Yu|flinch\n|move|p1a: Bronzong|Iron Defense|p1a: Bronzong\n|-boost|p1a: Bronzong|def|2\n|\n|-start|p2a: Scream Tail|perish3\n|-start|p1b: Chi-Yu|perish3\n|-start|p2b: Gothitelle|perish3\n|-start|p1a: Bronzong|perish3\n|upkeep\n|turn|2\n|\n|t:|1683578931\n|move|p2a: Scream Tail|Protect|p2a: Scream Tail\n|-singleturn|p2a: Scream Tail|Protect\n|move|p2b: Gothitelle|Protect|p2b: Gothitelle\n|-singleturn|p2b: Gothitelle|Protect\n|move|p1b: Chi-Yu|Heat Wave|p2b: Gothitelle|[spread] \n|-activate|p2a: Scream Tail|move: Protect\n|-activate|p2b: Gothitelle|move: Protect\n|move|p1a: Bronzong|Trick Room|p1a: Bronzong\n|-fieldstart|move: Trick Room|[of] p1a: Bronzong\n|\n|-start|p1a: Bronzong|perish2\n|-start|p2b: Gothitelle|perish2\n|-start|p1b: Chi-Yu|perish2\n|-start|p2a: Scream Tail|perish2\n|upkeep\n|turn|3\n|inactive|Pikachimon has 30 seconds left.\n|inactive|Pikachimon has 20 seconds left.\n|\n|t:|1683578967\n|move|p1a: Bronzong|Gyro Ball|p2a: Scream Tail\n|-supereffective|p2a: Scream Tail\n|-damage|p2a: Scream Tail|33\/100\n|move|p2b: Gothitelle|Heal Pulse|p2a: Scream Tail\n|-heal|p2a: Scream Tail|83\/100\n|move|p1b: Chi-Yu|Dark Pulse|p2a: Scream Tail\n|-damage|p2a: Scream Tail|46\/100\n|move|p2a: Scream Tail|Disable|p1b: Chi-Yu\n|-start|p1b: Chi-Yu|Disable|Dark Pulse\n|\n|-start|p1a: Bronzong|perish1\n|-start|p2b: Gothitelle|perish1\n|-start|p1b: Chi-Yu|perish1\n|-start|p2a: Scream Tail|perish1\n|upkeep\n|turn|4\n|inactive|Vaqzle has 30 seconds left.\n|inactive|Pikachimon has 30 seconds left.\n|inactive|Pikachimon has 20 seconds left.\n|\n|t:|1683579006\n|-end|p2a: Scream Tail|Protosynthesis|[silent]\n|switch|p2a: Amoonguss|Amoonguss, L50, M|100\/100\n|move|p2b: Gothitelle|Heal Pulse|p2a: Amoonguss\n|-fail|p2a: Amoonguss|heal\n|move|p1b: Chi-Yu|Heat Wave|p2b: Gothitelle|[spread] p2a\n|-miss|p1b: Chi-Yu|p2b: Gothitelle\n|-supereffective|p2a: Amoonguss\n|-damage|p2a: Amoonguss|31\/100\n|move|p1a: Bronzong|Trick Room|p1a: Bronzong\n|-fieldend|move: Trick Room\n|\n|-start|p1b: Chi-Yu|perish0\n|-start|p2b: Gothitelle|perish0\n|-start|p1a: Bronzong|perish0\n|upkeep\n|faint|p1b: Chi-Yu\n|faint|p2b: Gothitelle\n|faint|p1a: Bronzong\n|\n|t:|1683579027\n|switch|p1b: Gyarados|Gyarados, L50, F|100\/100\n|switch|p2b: Hatterene|Hatterene, L50, F|100\/100\n|switch|p1a: Flutter Mane|Flutter Mane, L50|100\/100\n|-ability|p1b: Gyarados|Intimidate|boost\n|-unboost|p2a: Amoonguss|atk|1\n|-unboost|p2b: Hatterene|atk|1\n|-enditem|p1a: Flutter Mane|Booster Energy\n|-activate|p1a: Flutter Mane|ability: Protosynthesis|[fromitem]\n|-start|p1a: Flutter Mane|protosynthesisspa\n|turn|5\n|inactive|Vaqzle has 30 seconds left.\n|inactive|Vaqzle has 20 seconds left.\n|inactive|Vaqzle has 15 seconds left.\n|\n|t:|1683579067\n|move|p2a: Amoonguss|Rage Powder|p2a: Amoonguss\n|-singleturn|p2a: Amoonguss|move: Rage Powder\n|move|p1a: Flutter Mane|Shadow Ball|p2a: Amoonguss\n|-damage|p2a: Amoonguss|0 fnt\n|faint|p2a: Amoonguss\n|move|p1b: Gyarados|Taunt|p2b: Hatterene\n|move|p2b: Hatterene|Taunt|p1b: Gyarados|[from]ability: Magic Bounce\n|-start|p1b: Gyarados|move: Taunt\n|move|p2b: Hatterene|Trick Room|p2b: Hatterene\n|-fieldstart|move: Trick Room|[of] p2b: Hatterene\n|\n|upkeep\n|\n|t:|1683579077\n|switch|p2a: Scream Tail|Scream Tail, L50|46\/100\n|turn|6\n|\n|t:|1683579100\n|-terastallize|p1b: Gyarados|Steel\n|move|p1a: Flutter Mane|Protect|p1a: Flutter Mane\n|-singleturn|p1a: Flutter Mane|Protect\n|move|p2b: Hatterene|Dazzling Gleam|p1b: Gyarados|[spread] p1b\n|-activate|p1a: Flutter Mane|move: Protect\n|-resisted|p1b: Gyarados\n|-crit|p1b: Gyarados\n|-damage|p1b: Gyarados|79\/100\n|move|p1b: Gyarados|Waterfall|p2a: Scream Tail\n|-damage|p2a: Scream Tail|19\/100\n|move|p2a: Scream Tail|Play Rough|p1a: Flutter Mane\n|-activate|p1a: Flutter Mane|move: Protect\n|\n|upkeep\n|turn|7\n|inactive|Vaqzle has 30 seconds left.\n|inactive|Pikachimon has 30 seconds left.\n|inactive|Vaqzle has 20 seconds left.\n|\n|t:|1683579140\n|-terastallize|p2b: Hatterene|Fire\n|move|p2a: Scream Tail|Protect|p2a: Scream Tail\n|-singleturn|p2a: Scream Tail|Protect\n|move|p2b: Hatterene|Tera Blast|p1b: Gyarados\n|-supereffective|p1b: Gyarados\n|-damage|p1b: Gyarados|4\/100\n|-enditem|p1b: Gyarados|Mago Berry|[eat]\n|-heal|p1b: Gyarados|37\/100|[from] item: Mago Berry\n|move|p1b: Gyarados|Waterfall|p2b: Hatterene\n|-supereffective|p2b: Hatterene\n|-damage|p2b: Hatterene|30\/100\n|move|p1a: Flutter Mane|Dazzling Gleam|p2a: Scream Tail|[spread] p2b\n|-activate|p2a: Scream Tail|move: Protect\n|-resisted|p2b: Hatterene\n|-damage|p2b: Hatterene|8\/100\n|\n|upkeep\n|turn|8\n|inactive|Pikachimon has 30 seconds left.\n|\n|t:|1683579175\n|move|p1a: Flutter Mane|Protect|p1a: Flutter Mane\n|-singleturn|p1a: Flutter Mane|Protect\n|move|p2b: Hatterene|Tera Blast|p1b: Gyarados\n|-supereffective|p1b: Gyarados\n|-damage|p1b: Gyarados|0 fnt\n|faint|p1b: Gyarados\n|move|p2a: Scream Tail|Disable|p1a: Flutter Mane\n|-activate|p1a: Flutter Mane|move: Protect\n|\n|upkeep\n|turn|9\n|\n|t:|1683579199\n|move|p2b: Hatterene|Psychic|p1a: Flutter Mane\n|-damage|p1a: Flutter Mane|53\/100\n|move|p2a: Scream Tail|Play Rough|p1a: Flutter Mane\n|-damage|p1a: Flutter Mane|17\/100\n|move|p1a: Flutter Mane|Dazzling Gleam|p2b: Hatterene|[spread] p2a,p2b\n|-resisted|p2b: Hatterene\n|-damage|p2a: Scream Tail|0 fnt\n|-damage|p2b: Hatterene|0 fnt\n|faint|p2a: Scream Tail\n|-end|p2a: Scream Tail|Protosynthesis|[silent]\n|faint|p2b: Hatterene\n|\n|win|Vaqzle\n|raw|Vaqzle's rating: 1150 → 1179<\/strong> (+29 for winning)\n|raw|Pikachimon's rating: 1199 → 1170<\/strong> (-29 for losing)\n","uploadtime":1683579206,"views":5,"p1id":"vaqzle","p2id":"pikachimon","formatid":"gen9vgc2023regulationc","rating":1170,"private":0,"password":""}