{"id":"gen9vgc2023regulationc-1864016790","p1":"ferritorte","p2":"Broskander","format":"[Gen 9] VGC 2023 Regulation C","log":"|j|\u2606ferritorte\n|j|\u2606Broskander\n|t:|1684105754\n|gametype|doubles\n|player|p1|ferritorte|proton|1347\n|player|p2|Broskander|101|1338\n|teamsize|p1|6\n|teamsize|p2|6\n|gen|9\n|tier|[Gen 9] VGC 2023 Regulation C\n|rated|\n|rule|Species Clause: Limit one of each Pok\u00e9mon\n|rule|Item Clause: Limit one of each item\n|clearpoke\n|poke|p1|Ting-Lu, L50|\n|poke|p1|Orthworm, L50, M|\n|poke|p1|Gyarados, L50, M|\n|poke|p1|Bombirdier, L50, M|\n|poke|p1|Flutter Mane, L50|\n|poke|p1|Vivillon-Fancy, L50, F|\n|poke|p2|Gyarados, L50, F|\n|poke|p2|Arcanine, L50, M|\n|poke|p2|Amoonguss, L50, F|\n|poke|p2|Flutter Mane, L50|\n|poke|p2|Ting-Lu, L50|\n|poke|p2|Kingambit, L50, F|\n|teampreview|4\n|inactive|Battle timer is ON: inactive players will automatically lose when time's up. (requested by Broskander)\n|\n|t:|1684105784\n|start\n|switch|p1a: Orthworm|Orthworm, L50, M|100\/100\n|switch|p1b: Flutter Mane|Flutter Mane, L50|100\/100\n|switch|p2a: Gyarados|Gyarados, L50, F|100\/100\n|switch|p2b: Amoonguss|Amoonguss, L50, F|100\/100\n|-ability|p2a: Gyarados|Intimidate|boost\n|-unboost|p1a: Orthworm|atk|1\n|-unboost|p1b: Flutter Mane|atk|1\n|-enditem|p1b: Flutter Mane|Booster Energy\n|-activate|p1b: Flutter Mane|ability: Protosynthesis|[fromitem]\n|-start|p1b: Flutter Mane|protosynthesisspe\n|turn|1\n|\n|t:|1684105800\n|move|p2b: Amoonguss|Rage Powder|p2b: Amoonguss\n|-singleturn|p2b: Amoonguss|move: Rage Powder\n|move|p1b: Flutter Mane|Thunderbolt|p2b: Amoonguss\n|-resisted|p2b: Amoonguss\n|-damage|p2b: Amoonguss|87\/100\n|move|p2a: Gyarados|Taunt|p1a: Orthworm\n|-start|p1a: Orthworm|move: Taunt\n|cant|p1a: Orthworm|move: Taunt|Shed Tail\n|\n|upkeep\n|turn|2\n|\n|t:|1684105816\n|switch|p2a: Ting-Lu|Ting-Lu, L50|100\/100\n|-ability|p2a: Ting-Lu|Vessel of Ruin\n|switch|p1a: Gyarados|Gyarados, L50, M|100\/100\n|-ability|p1a: Gyarados|Intimidate|boost\n|-unboost|p2a: Ting-Lu|atk|1\n|-unboost|p2b: Amoonguss|atk|1\n|move|p1b: Flutter Mane|Dazzling Gleam|p2b: Amoonguss|[spread] p2a,p2b\n|-supereffective|p2a: Ting-Lu\n|-crit|p2a: Ting-Lu\n|-resisted|p2b: Amoonguss\n|-crit|p2b: Amoonguss\n|-damage|p2a: Ting-Lu|66\/100\n|-damage|p2b: Amoonguss|72\/100\n|move|p2b: Amoonguss|Spore|p1b: Flutter Mane\n|-status|p1b: Flutter Mane|slp|[from] move: Spore\n|\n|upkeep\n|turn|3\n|inactive|Broskander has 30 seconds left.\n|inactive|Broskander has 20 seconds left.\n|\n|t:|1684105855\n|switch|p2a: Gyarados|Gyarados, L50, F|100\/100\n|-ability|p2a: Gyarados|Intimidate|boost\n|-unboost|p1a: Gyarados|atk|1\n|-unboost|p1b: Flutter Mane|atk|1\n|switch|p2b: Arcanine|Arcanine, L50, M|100\/100\n|-ability|p2b: Arcanine|Intimidate|boost\n|-unboost|p1a: Gyarados|atk|1\n|-unboost|p1b: Flutter Mane|atk|1\n|cant|p1b: Flutter Mane|slp\n|move|p1a: Gyarados|Taunt|p2b: Arcanine\n|-start|p2b: Arcanine|move: Taunt\n|\n|upkeep\n|turn|4\n|\n|t:|1684105877\n|switch|p2b: Amoonguss|Amoonguss, L50, F|100\/100\n|cant|p1b: Flutter Mane|slp\n|move|p2a: Gyarados|Waterfall|p1b: Flutter Mane\n|-damage|p1b: Flutter Mane|31\/100 slp\n|move|p1a: Gyarados|Thunder Wave|p2b: Amoonguss\n|-status|p2b: Amoonguss|par\n|\n|upkeep\n|turn|5\n|inactive|ferritorte has 30 seconds left.\n|inactive|Broskander has 30 seconds left.\n|\n|t:|1684105908\n|-end|p1b: Flutter Mane|Protosynthesis|[silent]\n|switch|p1b: Vivillon|Vivillon-Fancy, L50, F|100\/100\n|move|p2b: Amoonguss|Rage Powder|p2b: Amoonguss\n|-singleturn|p2b: Amoonguss|move: Rage Powder\n|move|p2a: Gyarados|Waterfall|p1b: Vivillon\n|-damage|p1b: Vivillon|41\/100\n|move|p1a: Gyarados|Taunt|p2b: Amoonguss\n|-start|p2b: Amoonguss|move: Taunt\n|\n|upkeep\n|turn|6\n|\n|t:|1684105930\n|switch|p2b: Arcanine|Arcanine, L50, M|100\/100\n|-ability|p2b: Arcanine|Intimidate|boost\n|-unboost|p1a: Gyarados|atk|1\n|-unboost|p1b: Vivillon|atk|1\n|move|p1b: Vivillon|Sleep Powder|p2a: Gyarados\n|-activate|p2a: Gyarados|item: Safety Goggles|Sleep Powder\n|move|p2a: Gyarados|Taunt|p1a: Gyarados\n|-start|p1a: Gyarados|move: Taunt\n|cant|p1a: Gyarados|move: Taunt|Taunt\n|\n|upkeep\n|turn|7\n|\n|t:|1684105947\n|switch|p1a: Orthworm|Orthworm, L50, M|100\/100\n|move|p1b: Vivillon|Sleep Powder|p2b: Arcanine\n|-status|p2b: Arcanine|slp|[from] move: Sleep Powder\n|cant|p2b: Arcanine|slp\n|move|p2a: Gyarados|Waterfall|p1b: Vivillon\n|-damage|p1b: Vivillon|0 fnt\n|faint|p1b: Vivillon\n|\n|upkeep\n|\n|t:|1684105958\n|switch|p1b: Flutter Mane|Flutter Mane, L50|31\/100 slp\n|turn|8\n|\n|t:|1684105970\n|-terastallize|p2a: Gyarados|Water\n|cant|p1b: Flutter Mane|slp\n|cant|p2b: Arcanine|slp\n|move|p2a: Gyarados|Taunt|p1a: Orthworm\n|-start|p1a: Orthworm|move: Taunt\n|cant|p1a: Orthworm|move: Taunt|Iron Defense\n|\n|upkeep\n|turn|9\n|inactive|ferritorte has 30 seconds left.\n|inactive|ferritorte has 20 seconds left.\n|\n|t:|1684106005\n|switch|p2a: Amoonguss|Amoonguss, L50, F|100\/100 par\n|switch|p1a: Gyarados|Gyarados, L50, M|100\/100\n|-ability|p1a: Gyarados|Intimidate|boost\n|-unboost|p2a: Amoonguss|atk|1\n|-unboost|p2b: Arcanine|atk|1\n|-curestatus|p1b: Flutter Mane|slp|[msg]\n|move|p1b: Flutter Mane|Thunderbolt|p2a: Amoonguss\n|-resisted|p2a: Amoonguss\n|-damage|p2a: Amoonguss|89\/100 par\n|-curestatus|p2b: Arcanine|slp|[msg]\n|move|p2b: Arcanine|Flare Blitz|p1b: Flutter Mane\n|-damage|p1b: Flutter Mane|0 fnt\n|faint|p1b: Flutter Mane\n|-end|p1b: Flutter Mane|Protosynthesis|[silent]\n|-damage|p2b: Arcanine|94\/100|[from] Recoil\n|\n|upkeep\n|\n|t:|1684106008\n|switch|p1b: Orthworm|Orthworm, L50, M|100\/100\n|turn|10\n|\n|t:|1684106031\n|-terastallize|p1b: Orthworm|Fire\n|move|p2b: Arcanine|Will-O-Wisp|p1a: Gyarados\n|-status|p1a: Gyarados|brn\n|move|p1a: Gyarados|Taunt|p2a: Amoonguss\n|-start|p2a: Amoonguss|move: Taunt\n|move|p1b: Orthworm|Iron Defense|p1b: Orthworm\n|-boost|p1b: Orthworm|def|2\n|-enditem|p2b: Arcanine|Mirror Herb\n|-boost|p2b: Arcanine|def|2|[from] item: Mirror Herb\n|cant|p2a: Amoonguss|move: Taunt|Spore\n|\n|-damage|p1a: Gyarados|95\/100 brn|[from] brn\n|upkeep\n|turn|11\n|\n|t:|1684106050\n|switch|p2a: Gyarados|Gyarados, L50, F, tera:Water|100\/100\n|-ability|p2a: Gyarados|Intimidate|boost\n|-unboost|p1a: Gyarados|atk|1\n|-unboost|p1b: Orthworm|atk|1\n|move|p2b: Arcanine|Howl|p2b: Arcanine|[spread] p2a,p2b\n|-boost|p2a: Gyarados|atk|1\n|-boost|p2b: Arcanine|atk|1\n|move|p1a: Gyarados|Thunder Wave|p2b: Arcanine\n|-status|p2b: Arcanine|par\n|move|p1b: Orthworm|Iron Defense|p1b: Orthworm\n|-boost|p1b: Orthworm|def|2\n|\n|-damage|p1a: Gyarados|89\/100 brn|[from] brn\n|upkeep\n|turn|12\n|\n|t:|1684106071\n|switch|p2b: Amoonguss|Amoonguss, L50, F|100\/100 par\n|move|p2a: Gyarados|Taunt|p1a: Gyarados\n|-start|p1a: Gyarados|move: Taunt\n|cant|p1a: Gyarados|move: Taunt|Thunder Wave\n|move|p1b: Orthworm|Body Press|p2a: Gyarados\n|-damage|p2a: Gyarados|22\/100\n|\n|-damage|p1a: Gyarados|83\/100 brn|[from] brn\n|upkeep\n|turn|13\n|\n|t:|1684106093\n|move|p2a: Gyarados|Protect|p2a: Gyarados\n|-singleturn|p2a: Gyarados|Protect\n|move|p1a: Gyarados|Icy Wind|p2b: Amoonguss|[spread] p2b\n|-activate|p2a: Gyarados|move: Protect\n|-supereffective|p2b: Amoonguss\n|-damage|p2b: Amoonguss|90\/100 par\n|move|p1b: Orthworm|Iron Defense|p1b: Orthworm\n|-boost|p1b: Orthworm|def|2\n|move|p2b: Amoonguss|Clear Smog|p1b: Orthworm\n|-damage|p1b: Orthworm|86\/100\n|-clearboost|p1b: Orthworm\n|\n|-damage|p1a: Gyarados|77\/100 brn|[from] brn\n|upkeep\n|turn|14\n|c|\u2606ferritorte|k\n|c|\u2606ferritorte|now im screwed\n|inactive|ferritorte has 30 seconds left.\n|\n|t:|1684106126\n|move|p2b: Amoonguss|Rage Powder|p2b: Amoonguss\n|-singleturn|p2b: Amoonguss|move: Rage Powder\n|move|p2a: Gyarados|Waterfall|p1b: Orthworm\n|-supereffective|p1b: Orthworm\n|-crit|p1b: Orthworm\n|-damage|p1b: Orthworm|0 fnt\n|faint|p1b: Orthworm\n|move|p1a: Gyarados|Icy Wind|p2a: Gyarados|[spread] p2a,p2b\n|-resisted|p2a: Gyarados\n|-supereffective|p2b: Amoonguss\n|-damage|p2a: Gyarados|20\/100\n|-damage|p2b: Amoonguss|79\/100 par\n|-unboost|p2a: Gyarados|spe|1\n|\n|-damage|p1a: Gyarados|71\/100 brn|[from] brn\n|-end|p1a: Gyarados|move: Taunt\n|upkeep\n|turn|15\n|-message|ferritorte forfeited.\n|\n|win|Broskander\n|raw|ferritorte's rating: 1347 → 1326<\/strong> (-21 for losing)\n|raw|Broskander's rating: 1338 → 1359<\/strong> (+21 for winning)\n|l|\u2606ferritorte\n|c|\u2606Broskander|Setup is tough when dozi exists\n","uploadtime":1684106151,"views":4,"p1id":"ferritorte","p2id":"broskander","formatid":"gen9vgc2023regulationc","rating":1326,"private":0,"password":""}