{"id":"gen9vgc2023regulationc-1846378306","p1":"z693611670","p2":"bambambi","format":"[Gen 9] VGC 2023 Regulation C","log":"|j|\u2606z693611670\n|j|\u2606bambambi\n|t:|1681836072\n|gametype|doubles\n|player|p1|z693611670|winona|1125\n|player|p2|bambambi|wallace-gen6|1117\n|teamsize|p1|6\n|teamsize|p2|6\n|gen|9\n|tier|[Gen 9] VGC 2023 Regulation C\n|rated|\n|rule|Species Clause: Limit one of each Pok\u00e9mon\n|rule|Item Clause: Limit one of each item\n|clearpoke\n|poke|p1|Grimmsnarl, L50, M|\n|poke|p1|Gothitelle, L50, F|\n|poke|p1|Azumarill, L50, M|\n|poke|p1|Scream Tail, L50|\n|poke|p1|Flutter Mane, L50|\n|poke|p1|Brute Bonnet, L50|\n|poke|p2|Bellibolt, L50, F|\n|poke|p2|Gholdengo, L50|\n|poke|p2|Cetitan, L50, M|\n|poke|p2|Oranguru, L50, M|\n|poke|p2|Wo-Chien, L50|\n|poke|p2|Abomasnow, L50, M|\n|teampreview|4\n|c|\u2606bambambi|oh no!\n|c|\u2606bambambi|Perish trap?!\n|\n|t:|1681836095\n|start\n|switch|p1a: Gothitelle|Gothitelle, L50, F|100\/100\n|switch|p1b: Flutter Mane|Flutter Mane, L50|100\/100\n|switch|p2a: Oranguru|Oranguru, L50, M|100\/100\n|switch|p2b: Abomasnow|Abomasnow, L50, M|100\/100\n|-weather|Snow|[from] ability: Snow Warning|[of] p2b: Abomasnow\n|turn|1\n|\n|t:|1681836111\n|move|p1a: Gothitelle|Fake Out|p2b: Abomasnow\n|-damage|p2b: Abomasnow|97\/100\n|move|p1b: Flutter Mane|Perish Song|p1b: Flutter Mane\n|-start|p1a: Gothitelle|perish3|[silent]\n|-start|p1b: Flutter Mane|perish3|[silent]\n|-start|p2a: Oranguru|perish3|[silent]\n|-start|p2b: Abomasnow|perish3|[silent]\n|-fieldactivate|move: Perish Song\n|cant|p2b: Abomasnow|flinch\n|move|p2a: Oranguru|Trick Room|p2a: Oranguru\n|-fieldstart|move: Trick Room|[of] p2a: Oranguru\n|\n|-weather|Snow|[upkeep]\n|-start|p2a: Oranguru|perish3\n|-start|p2b: Abomasnow|perish3\n|-start|p1a: Gothitelle|perish3\n|-start|p1b: Flutter Mane|perish3\n|upkeep\n|turn|2\n|\n|t:|1681836137\n|move|p1a: Gothitelle|Protect|p1a: Gothitelle\n|-singleturn|p1a: Gothitelle|Protect\n|move|p2a: Oranguru|Psychic|p1a: Gothitelle\n|-activate|p1a: Gothitelle|move: Protect\n|move|p2b: Abomasnow|Blizzard|p1a: Gothitelle|[spread] p1b\n|-activate|p1a: Gothitelle|move: Protect\n|-damage|p1b: Flutter Mane|75\/100\n|move|p1b: Flutter Mane|Shadow Ball|p2a: Oranguru\n|-immune|p2a: Oranguru\n|\n|-weather|Snow|[upkeep]\n|-start|p2a: Oranguru|perish2\n|-start|p2b: Abomasnow|perish2\n|-start|p1a: Gothitelle|perish2\n|-start|p1b: Flutter Mane|perish2\n|upkeep\n|turn|3\n|c|\u2606bambambi|?????\n|\n|t:|1681836163\n|-end|p1b: Flutter Mane|Protosynthesis|[silent]\n|switch|p1b: Grimmsnarl|Grimmsnarl, L50, M|100\/100\n|move|p2a: Oranguru|Instruct|p2b: Abomasnow\n|-singleturn|p2b: Abomasnow|move: Instruct|[of] p2a: Oranguru\n|move|p2b: Abomasnow|Blizzard|p1a: Gothitelle|[spread] p1a,p1b\n|-damage|p1a: Gothitelle|81\/100\n|-damage|p1b: Grimmsnarl|70\/100\n|move|p2b: Abomasnow|Blizzard|p1b: Grimmsnarl|[spread] p1a,p1b\n|-damage|p1a: Gothitelle|64\/100\n|-damage|p1b: Grimmsnarl|39\/100\n|move|p1a: Gothitelle|Rest|p1a: Gothitelle\n|-status|p1a: Gothitelle|slp|[from] move: Rest\n|-heal|p1a: Gothitelle|100\/100 slp|[silent]\n|-enditem|p1a: Gothitelle|Chesto Berry|[eat]\n|-curestatus|p1a: Gothitelle|slp|[msg]\n|\n|-weather|Snow|[upkeep]\n|-start|p2a: Oranguru|perish1\n|-start|p2b: Abomasnow|perish1\n|-start|p1a: Gothitelle|perish1\n|upkeep\n|turn|4\n|\n|t:|1681836202\n|switch|p1a: Flutter Mane|Flutter Mane, L50|75\/100\n|move|p1b: Grimmsnarl|Light Screen|p1b: Grimmsnarl\n|-sidestart|p1: z693611670|move: Light Screen\n|move|p2a: Oranguru|Instruct|p2b: Abomasnow\n|-singleturn|p2b: Abomasnow|move: Instruct|[of] p2a: Oranguru\n|move|p2b: Abomasnow|Blizzard|p1b: Grimmsnarl|[spread] p1a,p1b\n|-crit|p1a: Flutter Mane\n|-damage|p1a: Flutter Mane|30\/100\n|-damage|p1b: Grimmsnarl|18\/100\n|move|p2b: Abomasnow|Blizzard|p1a: Flutter Mane|[spread] p1a,p1b\n|-damage|p1a: Flutter Mane|13\/100\n|-damage|p1b: Grimmsnarl|0 fnt\n|-status|p1a: Flutter Mane|frz\n|faint|p1b: Grimmsnarl\n|\n|-weather|Snow|[upkeep]\n|-start|p2a: Oranguru|perish0\n|-start|p2b: Abomasnow|perish0\n|faint|p2a: Oranguru\n|faint|p2b: Abomasnow\n|upkeep\n|\n|t:|1681836217\n|switch|p2a: Bellibolt|Bellibolt, L50, F, shiny|100\/100\n|switch|p2b: Gholdengo|Gholdengo, L50|100\/100\n|switch|p1b: Scream Tail|Scream Tail, L50, shiny|100\/100\n|-enditem|p1b: Scream Tail|Booster Energy\n|-activate|p1b: Scream Tail|ability: Protosynthesis|[fromitem]\n|-start|p1b: Scream Tail|protosynthesisspe\n|turn|5\n|\n|t:|1681836244\n|-terastallize|p2b: Gholdengo|Steel\n|cant|p1a: Flutter Mane|frz\n|move|p2b: Gholdengo|Make It Rain|p1b: Scream Tail|[spread] p1a,p1b\n|-supereffective|p1a: Flutter Mane\n|-supereffective|p1b: Scream Tail\n|-damage|p1a: Flutter Mane|0 fnt\n|-damage|p1b: Scream Tail|34\/100\n|-unboost|p2b: Gholdengo|spa|1\n|faint|p1a: Flutter Mane\n|-end|p1a: Flutter Mane|Protosynthesis|[silent]\n|move|p2a: Bellibolt|Weather Ball|p1b: Scream Tail\n|-damage|p1b: Scream Tail|19\/100\n|move|p1b: Scream Tail|Perish Song|p1b: Scream Tail\n|-start|p1b: Scream Tail|perish3|[silent]\n|-start|p2a: Bellibolt|perish3|[silent]\n|-immune|p2b: Gholdengo|[from] ability: Good as Gold\n|-fieldactivate|move: Perish Song\n|\n|-weather|Snow|[upkeep]\n|-start|p2a: Bellibolt|perish3\n|-start|p1b: Scream Tail|perish3\n|-fieldend|move: Trick Room\n|upkeep\n|\n|t:|1681836254\n|switch|p1a: Gothitelle|Gothitelle, L50, F|100\/100\n|turn|6\n|\n|t:|1681836293\n|move|p2b: Gholdengo|Protect|p2b: Gholdengo\n|-singleturn|p2b: Gholdengo|Protect\n|move|p1a: Gothitelle|Fake Out|p2b: Gholdengo\n|-activate|p2b: Gholdengo|move: Protect\n|move|p1b: Scream Tail|Disable|p2b: Gholdengo\n|-activate|p2b: Gholdengo|move: Protect\n|move|p2a: Bellibolt|Discharge|p1b: Scream Tail|[spread] p1a,p1b\n|-activate|p2b: Gholdengo|move: Protect\n|-damage|p1a: Gothitelle|87\/100\n|-damage|p1b: Scream Tail|6\/100\n|-status|p1a: Gothitelle|par\n|\n|-weather|Snow|[upkeep]\n|-start|p1b: Scream Tail|perish2\n|-start|p2a: Bellibolt|perish2\n|upkeep\n|turn|7\n|\n|t:|1681836319\n|move|p1a: Gothitelle|Protect|p1a: Gothitelle\n|-singleturn|p1a: Gothitelle|Protect\n|move|p1b: Scream Tail|Disable|p2b: Gholdengo\n|-immune|p2b: Gholdengo|[from] ability: Good as Gold\n|move|p2a: Bellibolt|Discharge|p1b: Scream Tail|[spread] p2b,p1b\n|-activate|p1a: Gothitelle|move: Protect\n|-damage|p2b: Gholdengo|74\/100\n|-damage|p1b: Scream Tail|0 fnt\n|faint|p1b: Scream Tail\n|-end|p1b: Scream Tail|Protosynthesis|[silent]\n|move|p2b: Gholdengo|Nasty Plot|p2b: Gholdengo\n|-boost|p2b: Gholdengo|spa|2\n|\n|-weather|Snow|[upkeep]\n|-start|p2a: Bellibolt|perish1\n|upkeep\n|turn|8\n|-message|z693611670 forfeited.\n|\n|win|bambambi\n|raw|z693611670's rating: 1125 → 1099<\/strong> (-26 for losing)\n|raw|bambambi's rating: 1117 → 1143<\/strong> (+26 for winning)\n|l|\u2606z693611670\n","uploadtime":1681836342,"views":12,"p1id":"z693611670","p2id":"bambambi","formatid":"gen9vgc2023regulationc","rating":1099,"private":0,"password":""}