{"id":"gen9vgc2023regulationc-1847925710","p1":"Jogmymind","p2":"200 routes","format":"[Gen 9] VGC 2023 Regulation C","log":"|j|\u2606Jogmymind\n|j|\u2606200 routes\n|t:|1682013202\n|gametype|doubles\n|player|p1|Jogmymind|ethan|1292\n|player|p2|200 routes|rosa|1389\n|teamsize|p1|6\n|teamsize|p2|6\n|gen|9\n|tier|[Gen 9] VGC 2023 Regulation C\n|rated|\n|rule|Species Clause: Limit one of each Pok\u00e9mon\n|rule|Item Clause: Limit one of each item\n|clearpoke\n|poke|p1|Scovillain, L50, F|\n|poke|p1|Lurantis, L50, M|\n|poke|p1|Iron Bundle, L50|\n|poke|p1|Arcanine, L50, F|\n|poke|p1|Hydreigon, L50, M|\n|poke|p1|Ting-Lu, L50|\n|poke|p2|Scizor, L50, M|\n|poke|p2|Iron Bundle, L50|\n|poke|p2|Iron Hands, L50|\n|poke|p2|Baxcalibur, L50, M|\n|poke|p2|Amoonguss, L50, F|\n|poke|p2|Flutter Mane, L50|\n|teampreview|4\n|inactive|Battle timer is ON: inactive players will automatically lose when time's up. (requested by Jogmymind)\n|inactive|200 routes has 60 seconds left.\n|\n|t:|1682013240\n|start\n|switch|p1a: Scovillain|Scovillain, L50, F|100\/100\n|switch|p1b: Ting-Lu|Ting-Lu, L50|100\/100\n|switch|p2a: Baxcalibur|Baxcalibur, L50, M|100\/100\n|switch|p2b: Iron Bundle|Iron Bundle, L50|100\/100\n|-ability|p1b: Ting-Lu|Vessel of Ruin\n|-enditem|p2b: Iron Bundle|Booster Energy\n|-activate|p2b: Iron Bundle|ability: Quark Drive|[fromitem]\n|-start|p2b: Iron Bundle|quarkdrivespe\n|turn|1\n|inactive|200 routes has 30 seconds left.\n|inactive|200 routes has 20 seconds left.\n|inactive|200 routes has 15 seconds left.\n|\n|t:|1682013283\n|-terastallize|p1b: Ting-Lu|Steel\n|move|p2b: Iron Bundle|Protect|p2b: Iron Bundle\n|-singleturn|p2b: Iron Bundle|Protect\n|move|p1a: Scovillain|Spicy Extract|p1b: Ting-Lu\n|-fail|p1b: Ting-Lu|unboost|[from] item: Clear Amulet|[of] p1b: Ting-Lu\n|-boost|p1b: Ting-Lu|atk|2\n|move|p2a: Baxcalibur|Icicle Crash|p1b: Ting-Lu\n|-resisted|p1b: Ting-Lu\n|-damage|p1b: Ting-Lu|85\/100\n|move|p1b: Ting-Lu|Heavy Slam|p2a: Baxcalibur\n|-supereffective|p2a: Baxcalibur\n|-damage|p2a: Baxcalibur|1\/100\n|\n|-ability|p1a: Scovillain|Moody|boost\n|-boost|p1a: Scovillain|spd|2\n|-unboost|p1a: Scovillain|def|1\n|upkeep\n|turn|2\n|inactive|Jogmymind has 30 seconds left.\n|inactive|200 routes has 30 seconds left.\n|inactive|Jogmymind has 20 seconds left.\n|inactive|200 routes has 20 seconds left.\n|inactive|200 routes has 15 seconds left.\n|inactive|200 routes has 10 seconds left.\n|\n|t:|1682013333\n|move|p2a: Baxcalibur|Protect|p2a: Baxcalibur\n|-singleturn|p2a: Baxcalibur|Protect\n|move|p1a: Scovillain|Rage Powder|p1a: Scovillain\n|-singleturn|p1a: Scovillain|move: Rage Powder\n|move|p2b: Iron Bundle|Hydro Pump|p1a: Scovillain\n|-damage|p1a: Scovillain|70\/100\n|move|p1b: Ting-Lu|Heavy Slam|p2b: Iron Bundle\n|-damage|p2b: Iron Bundle|6\/100\n|\n|-ability|p1a: Scovillain|Moody|boost\n|-boost|p1a: Scovillain|atk|2\n|-unboost|p1a: Scovillain|spd|1\n|upkeep\n|turn|3\n|inactive|200 routes has 30 seconds left.\n|\n|t:|1682013367\n|move|p2b: Iron Bundle|Icy Wind|p1b: Ting-Lu|[spread] p1a,p1b\n|-resisted|p1b: Ting-Lu\n|-damage|p1a: Scovillain|56\/100\n|-damage|p1b: Ting-Lu|81\/100\n|-unboost|p1a: Scovillain|spe|1\n|move|p2a: Baxcalibur|Glaive Rush|p1a: Scovillain\n|-damage|p1a: Scovillain|0 fnt\n|-singlemove|p2a: Baxcalibur|Glaive Rush|[silent]\n|faint|p1a: Scovillain\n|move|p1b: Ting-Lu|Body Press|p2a: Baxcalibur\n|-supereffective|p2a: Baxcalibur\n|-damage|p2a: Baxcalibur|0 fnt\n|faint|p2a: Baxcalibur\n|\n|upkeep\n|\n|t:|1682013380\n|switch|p1a: Arcanine|Arcanine, L50, F|100\/100\n|switch|p2a: Iron Hands|Iron Hands, L50|100\/100\n|-ability|p1a: Arcanine|Intimidate|boost\n|-unboost|p2a: Iron Hands|atk|1\n|-unboost|p2b: Iron Bundle|atk|1\n|turn|4\n|\n|t:|1682013394\n|-terastallize|p2b: Iron Bundle|Ghost\n|move|p2a: Iron Hands|Fake Out|p1b: Ting-Lu\n|-resisted|p1b: Ting-Lu\n|-damage|p1b: Ting-Lu|78\/100\n|move|p2b: Iron Bundle|Hydro Pump|p1a: Arcanine\n|-supereffective|p1a: Arcanine\n|-damage|p1a: Arcanine|6\/100\n|move|p1a: Arcanine|Snarl|p2b: Iron Bundle|[spread] p2a,p2b\n|-resisted|p2a: Iron Hands\n|-supereffective|p2b: Iron Bundle\n|-damage|p2a: Iron Hands|99\/100\n|-damage|p2b: Iron Bundle|0 fnt\n|-unboost|p2a: Iron Hands|spa|1\n|faint|p2b: Iron Bundle\n|-end|p2b: Iron Bundle|Quark Drive|[silent]\n|cant|p1b: Ting-Lu|flinch\n|\n|-heal|p1a: Arcanine|12\/100|[from] item: Leftovers\n|upkeep\n|\n|t:|1682013409\n|switch|p2b: Flutter Mane|Flutter Mane, L50|100\/100\n|turn|5\n|inactive|200 routes has 30 seconds left.\n|inactive|200 routes has 20 seconds left.\n|inactive|200 routes has 15 seconds left.\n|\n|t:|1682013451\n|move|p1a: Arcanine|Protect|p1a: Arcanine\n|-singleturn|p1a: Arcanine|Protect\n|move|p2b: Flutter Mane|Shadow Ball|p1a: Arcanine\n|-activate|p1a: Arcanine|move: Protect\n|move|p2a: Iron Hands|Drain Punch|p1b: Ting-Lu\n|-supereffective|p1b: Ting-Lu\n|-damage|p1b: Ting-Lu|52\/100\n|-heal|p2a: Iron Hands|100\/100|[from] drain|[of] p1b: Ting-Lu\n|move|p1b: Ting-Lu|Heavy Slam|p2b: Flutter Mane\n|-supereffective|p2b: Flutter Mane\n|-damage|p2b: Flutter Mane|0 fnt\n|faint|p2b: Flutter Mane\n|-end|p2b: Flutter Mane|Protosynthesis|[silent]\n|\n|-heal|p1a: Arcanine|18\/100|[from] item: Leftovers\n|upkeep\n|turn|6\n|\n|t:|1682013465\n|move|p1a: Arcanine|Will-O-Wisp|p2a: Iron Hands\n|-status|p2a: Iron Hands|brn\n|move|p2a: Iron Hands|Drain Punch|p1b: Ting-Lu\n|-supereffective|p1b: Ting-Lu\n|-damage|p1b: Ting-Lu|39\/100\n|move|p1b: Ting-Lu|Stomping Tantrum|p2a: Iron Hands\n|-supereffective|p2a: Iron Hands\n|-damage|p2a: Iron Hands|26\/100 brn\n|\n|-heal|p1a: Arcanine|24\/100|[from] item: Leftovers\n|-damage|p2a: Iron Hands|20\/100 brn|[from] brn\n|upkeep\n|turn|7\n|\n|t:|1682013477\n|move|p1a: Arcanine|Flare Blitz|p2a: Iron Hands\n|-damage|p2a: Iron Hands|0 fnt\n|faint|p2a: Iron Hands\n|-end|p2a: Iron Hands|Quark Drive|[silent]\n|-damage|p1a: Arcanine|14\/100|[from] Recoil\n|\n|win|Jogmymind\n|raw|Jogmymind's rating: 1292 → 1324<\/strong> (+32 for winning)\n|raw|200 routes's rating: 1389 → 1364<\/strong> (-25 for losing)\n","uploadtime":1682013483,"views":8,"p1id":"jogmymind","p2id":"200routes","formatid":"gen9vgc2023regulationc","rating":1324,"private":0,"password":""}