{"id":"gen9vgc2023regulationc-1849086485","p1":"gbfgfgr5","p2":"Autumn0815","format":"[Gen 9] VGC 2023 Regulation C","log":"|j|\u2606gbfgfgr5\n|j|\u2606Autumn0815\n|t:|1682152684\n|gametype|doubles\n|player|p1|gbfgfgr5|102|1102\n|player|p2|Autumn0815|lady|1177\n|teamsize|p1|6\n|teamsize|p2|6\n|gen|9\n|tier|[Gen 9] VGC 2023 Regulation C\n|rated|\n|rule|Species Clause: Limit one of each Pok\u00e9mon\n|rule|Item Clause: Limit one of each item\n|clearpoke\n|poke|p1|Torkoal, L50, F|\n|poke|p1|Chi-Yu, L50|\n|poke|p1|Bronzong, L50|\n|poke|p1|Gastrodon, L50, F|\n|poke|p1|Grimmsnarl, L50, M|\n|poke|p1|Skeledirge, L50, M|\n|poke|p2|Indeedee-F, L50, F|\n|poke|p2|Armarouge, L50, F|\n|poke|p2|Sylveon, L50, F|\n|poke|p2|Brute Bonnet, L50|\n|poke|p2|Mimikyu, L50, F|\n|poke|p2|Iron Hands, L50|\n|teampreview|4\n|inactive|Battle timer is ON: inactive players will automatically lose when time's up. (requested by Autumn0815)\n|\n|t:|1682152710\n|start\n|switch|p1a: Chi-Yu|Chi-Yu, L50|100\/100\n|switch|p1b: Grimmsnarl|Grimmsnarl, L50, M|100\/100\n|switch|p2a: Mimikyu|Mimikyu, L50, F, shiny|100\/100\n|switch|p2b: Brute Bonnet|Brute Bonnet, L50|100\/100\n|-ability|p1a: Chi-Yu|Beads of Ruin\n|-enditem|p2b: Brute Bonnet|Booster Energy\n|-activate|p2b: Brute Bonnet|ability: Protosynthesis|[fromitem]\n|-start|p2b: Brute Bonnet|protosynthesisatk\n|turn|1\n|\n|t:|1682152732\n|-terastallize|p2b: Brute Bonnet|Fighting\n|move|p1a: Chi-Yu|Substitute|p1a: Chi-Yu\n|-start|p1a: Chi-Yu|Substitute\n|-damage|p1a: Chi-Yu|76\/100\n|move|p2b: Brute Bonnet|Close Combat|p1a: Chi-Yu\n|-supereffective|p1a: Chi-Yu\n|-end|p1a: Chi-Yu|Substitute\n|-unboost|p2b: Brute Bonnet|def|1\n|-unboost|p2b: Brute Bonnet|spd|1\n|move|p1b: Grimmsnarl|Spirit Break|p2a: Mimikyu\n|-activate|p2a: Mimikyu|ability: Disguise\n|-damage|p2a: Mimikyu|100\/100\n|-unboost|p2a: Mimikyu|spa|1\n|detailschange|p2a: Mimikyu|Mimikyu-Busted, L50, F, shiny\n|-damage|p2a: Mimikyu|88\/100|[from] pokemon: Mimikyu-Busted\n|move|p2a: Mimikyu|Trick Room|p2a: Mimikyu\n|-fieldstart|move: Trick Room|[of] p2a: Mimikyu\n|\n|-heal|p2a: Mimikyu|94\/100|[from] item: Leftovers\n|upkeep\n|turn|2\n|\n|t:|1682152757\n|move|p1a: Chi-Yu|Protect|p1a: Chi-Yu\n|-singleturn|p1a: Chi-Yu|Protect\n|move|p1b: Grimmsnarl|Trick|p2b: Brute Bonnet\n|-activate|p1b: Grimmsnarl|move: Trick|[of] p2b: Brute Bonnet\n|-item|p2b: Brute Bonnet|Lagging Tail|[from] move: Trick\n|-enditem|p1b: Grimmsnarl|Lagging Tail|[silent]|[from] move: Trick\n|move|p2b: Brute Bonnet|Close Combat|p1a: Chi-Yu\n|-activate|p1a: Chi-Yu|move: Protect\n|move|p2a: Mimikyu|Will-O-Wisp|p1b: Grimmsnarl\n|-status|p1b: Grimmsnarl|brn\n|\n|-heal|p2a: Mimikyu|100\/100|[from] item: Leftovers\n|-damage|p1b: Grimmsnarl|95\/100 brn|[from] brn\n|upkeep\n|turn|3\n|inactive|Autumn0815 has 30 seconds left.\n|\n|t:|1682152784\n|switch|p1a: Skeledirge|Skeledirge, L50, M|100\/100\n|move|p1b: Grimmsnarl|Spirit Break|p2b: Brute Bonnet\n|-supereffective|p2b: Brute Bonnet\n|-damage|p2b: Brute Bonnet|50\/100\n|-unboost|p2b: Brute Bonnet|spa|1\n|move|p2a: Mimikyu|Swords Dance|p2a: Mimikyu\n|-boost|p2a: Mimikyu|atk|2\n|move|p2b: Brute Bonnet|Close Combat|p1a: Skeledirge\n|-immune|p1a: Skeledirge\n|\n|-damage|p1b: Grimmsnarl|89\/100 brn|[from] brn\n|upkeep\n|turn|4\n|\n|t:|1682152807\n|-end|p2b: Brute Bonnet|Protosynthesis|[silent]\n|switch|p2b: Armarouge|Armarouge, L50, F|100\/100\n|move|p1b: Grimmsnarl|Spirit Break|p2b: Armarouge\n|-resisted|p2b: Armarouge\n|-damage|p2b: Armarouge|91\/100\n|-unboost|p2b: Armarouge|spa|1\n|move|p1a: Skeledirge|Encore|p2a: Mimikyu\n|-start|p2a: Mimikyu|Encore\n|move|p2a: Mimikyu|Swords Dance|p2a: Mimikyu\n|-boost|p2a: Mimikyu|atk|2\n|\n|-damage|p1b: Grimmsnarl|83\/100 brn|[from] brn\n|upkeep\n|turn|5\n|-message|Autumn0815 forfeited.\n|\n|win|gbfgfgr5\n|raw|gbfgfgr5's rating: 1102 → 1132<\/strong> (+30 for winning)\n|raw|Autumn0815's rating: 1177 → 1147<\/strong> (-30 for losing)\n|l|\u2606Autumn0815\n","uploadtime":1682152824,"views":7,"p1id":"gbfgfgr5","p2id":"autumn0815","formatid":"gen9vgc2023regulationc","rating":1132,"private":0,"password":""}