{"id":"gen9vgc2023regulationc-1857179215","p1":"GQBomb","p2":"TGH_sr","format":"[Gen 9] VGC 2023 Regulation C","log":"|j|\u2606GQBomb\n|j|\u2606TGH_sr\n|t:|1683154582\n|gametype|doubles\n|player|p1|GQBomb|buck|1321\n|player|p2|TGH_sr|steven|1312\n|teamsize|p1|6\n|teamsize|p2|6\n|gen|9\n|tier|[Gen 9] VGC 2023 Regulation C\n|rated|\n|rule|Species Clause: Limit one of each Pok\u00e9mon\n|rule|Item Clause: Limit one of each item\n|clearpoke\n|poke|p1|Chi-Yu, L50|\n|poke|p1|Amoonguss, L50, M|\n|poke|p1|Roaring Moon, L50|\n|poke|p1|Sylveon, L50, M|\n|poke|p1|Gyarados, L50, M|\n|poke|p1|Gholdengo, L50|\n|poke|p2|Talonflame, L50, M|\n|poke|p2|Garchomp, L50, F|\n|poke|p2|Gholdengo, L50|\n|poke|p2|Gyarados, L50, F|\n|poke|p2|Flutter Mane, L50|\n|poke|p2|Chi-Yu, L50|\n|teampreview|4\nTGH_sr has agreed to open team sheets.\n|\n|t:|1683154660\n|start\n|switch|p1a: Sylveon|Sylveon, L50, M|100\/100\n|switch|p1b: Chi-Yu|Chi-Yu, L50|100\/100\n|switch|p2a: Talonflame|Talonflame, L50, M|100\/100\n|switch|p2b: Garchomp|Garchomp, L50, F|100\/100\n|-ability|p1b: Chi-Yu|Beads of Ruin\n|turn|1\n|\n|t:|1683154681\n|-terastallize|p1b: Chi-Yu|Ghost\n|-terastallize|p2b: Garchomp|Ground\n|move|p2a: Talonflame|Tailwind|p2a: Talonflame\n|-sidestart|p2: TGH_sr|move: Tailwind\n|move|p2b: Garchomp|Earthquake|p1b: Chi-Yu|[spread] p1a,p1b\n|-immune|p2a: Talonflame\n|-damage|p1a: Sylveon|9\/100\n|-damage|p1b: Chi-Yu|0 fnt\n|faint|p1b: Chi-Yu\n|-damage|p2b: Garchomp|91\/100|[from] item: Life Orb\n|move|p1a: Sylveon|Hyper Voice|p2a: Talonflame|[spread] p2a,p2b\n|-resisted|p2a: Talonflame\n|-damage|p2a: Talonflame|74\/100\n|-damage|p2b: Garchomp|47\/100\n|-enditem|p1a: Sylveon|Throat Spray\n|-boost|p1a: Sylveon|spa|1|[from] item: Throat Spray\n|\n|upkeep\n|\n|t:|1683154693\n|switch|p1b: Gyarados|Gyarados, L50, M|100\/100\n|-ability|p1b: Gyarados|Intimidate|boost\n|-unboost|p2a: Talonflame|atk|1\n|-unboost|p2b: Garchomp|atk|1\n|turn|2\n|\n|t:|1683154723\n|move|p1a: Sylveon|Protect|p1a: Sylveon\n|-singleturn|p1a: Sylveon|Protect\n|move|p2a: Talonflame|Will-O-Wisp|p1b: Gyarados\n|-status|p1b: Gyarados|brn\n|-enditem|p1b: Gyarados|Lum Berry|[eat]\n|-curestatus|p1b: Gyarados|brn|[msg]\n|move|p2b: Garchomp|Rock Slide|p1b: Gyarados|[spread] \n|-activate|p1a: Sylveon|move: Protect\n|-miss|p2b: Garchomp|p1b: Gyarados\n|move|p1b: Gyarados|Waterfall|p2b: Garchomp\n|-supereffective|p2b: Garchomp\n|-damage|p2b: Garchomp|0 fnt\n|-damage|p1b: Gyarados|88\/100|[from] ability: Rough Skin|[of] p2b: Garchomp\n|faint|p2b: Garchomp\n|\n|upkeep\n|\n|t:|1683154747\n|switch|p2b: Gholdengo|Gholdengo, L50|100\/100\n|turn|3\n|\n|t:|1683154757\n|move|p1a: Sylveon|Quick Attack|p2b: Gholdengo\n|-resisted|p2b: Gholdengo\n|-damage|p2b: Gholdengo|96\/100\n|move|p2a: Talonflame|Will-O-Wisp|p1b: Gyarados\n|-status|p1b: Gyarados|brn\n|move|p2b: Gholdengo|Nasty Plot|p2b: Gholdengo\n|-boost|p2b: Gholdengo|spa|2\n|move|p1b: Gyarados|Waterfall|p2a: Talonflame\n|-supereffective|p2a: Talonflame\n|-damage|p2a: Talonflame|15\/100\n|\n|-heal|p2b: Gholdengo|100\/100|[from] item: Leftovers\n|-damage|p1b: Gyarados|83\/100 brn|[from] brn\n|upkeep\n|turn|4\n|\n|t:|1683154779\n|move|p1a: Sylveon|Protect|p1a: Sylveon\n|-singleturn|p1a: Sylveon|Protect\n|move|p2a: Talonflame|Brave Bird|p1a: Sylveon\n|-activate|p1a: Sylveon|move: Protect\n|move|p2b: Gholdengo|Thunderbolt|p1b: Gyarados\n|-supereffective|p1b: Gyarados\n|-damage|p1b: Gyarados|0 fnt\n|faint|p1b: Gyarados\n|\n|-sideend|p2: TGH_sr|move: Tailwind\n|upkeep\n|\n|t:|1683154784\n|switch|p1b: Gholdengo|Gholdengo, L50|100\/100\n|turn|5\n|\n|t:|1683154815\n|move|p2b: Gholdengo|Protect|p2b: Gholdengo\n|-singleturn|p2b: Gholdengo|Protect\n|move|p1a: Sylveon|Quick Attack|p2a: Talonflame\n|-resisted|p2a: Talonflame\n|-damage|p2a: Talonflame|7\/100\n|move|p2a: Talonflame|Brave Bird|p1a: Sylveon\n|-damage|p1a: Sylveon|0 fnt\n|faint|p1a: Sylveon\n|-damage|p2a: Talonflame|4\/100|[from] Recoil\n|move|p1b: Gholdengo|Shadow Ball|p2b: Gholdengo\n|-activate|p2b: Gholdengo|move: Protect\n|\n|upkeep\n|turn|6\n|\n|t:|1683154848\n|move|p2a: Talonflame|Tailwind|p2a: Talonflame\n|-sidestart|p2: TGH_sr|move: Tailwind\n|move|p2b: Gholdengo|Thunderbolt|p1b: Gholdengo\n|-damage|p1b: Gholdengo|28\/100\n|move|p1b: Gholdengo|Shadow Ball|p2b: Gholdengo\n|-supereffective|p2b: Gholdengo\n|-damage|p2b: Gholdengo|19\/100\n|\n|-heal|p2b: Gholdengo|25\/100|[from] item: Leftovers\n|-heal|p1b: Gholdengo|34\/100|[from] item: Leftovers\n|upkeep\n|turn|7\n|\n|t:|1683154861\n|move|p2a: Talonflame|Brave Bird|p1b: Gholdengo\n|-resisted|p1b: Gholdengo\n|-damage|p1b: Gholdengo|23\/100\n|-damage|p2a: Talonflame|0 fnt|[from] Recoil\n|faint|p2a: Talonflame\n|move|p2b: Gholdengo|Thunderbolt|p1b: Gholdengo\n|-damage|p1b: Gholdengo|0 fnt\n|faint|p1b: Gholdengo\n|\n|win|TGH_sr\n|raw|GQBomb's rating: 1321 → 1300<\/strong> (-21 for losing)\n|raw|TGH_sr's rating: 1312 → 1333<\/strong> (+21 for winning)\n|l|\u2606GQBomb\n","uploadtime":1683154872,"views":6,"p1id":"gqbomb","p2id":"tghsr","formatid":"gen9vgc2023regulationc","rating":1300,"private":0,"password":""}