{"id":"gen9vgc2023regulationc-1847532244","p1":"Sprye0216","p2":"Ace98121212","format":"[Gen 9] VGC 2023 Regulation C","log":"|j|\u2606Sprye0216\n|j|\u2606Ace98121212\n|t:|1681968456\n|gametype|doubles\n|player|p1|Sprye0216|skyla|1119\n|player|p2|Ace98121212|170|1017\n|teamsize|p1|6\n|teamsize|p2|6\n|gen|9\n|tier|[Gen 9] VGC 2023 Regulation C\n|rated|\n|rule|Species Clause: Limit one of each Pok\u00e9mon\n|rule|Item Clause: Limit one of each item\n|clearpoke\n|poke|p1|Talonflame, L50, M|\n|poke|p1|Garchomp, L50, F|\n|poke|p1|Gholdengo, L50|\n|poke|p1|Palafin, L50, M|\n|poke|p1|Amoonguss, L50, F|\n|poke|p1|Chien-Pao, L50|\n|poke|p2|Annihilape, L50, F|\n|poke|p2|Murkrow, L50, F|\n|poke|p2|Armarouge, L50, F|\n|poke|p2|Indeedee-F, L50, F|\n|poke|p2|Gholdengo, L50|\n|poke|p2|Hydreigon, L50, F|\n|teampreview|4\n|inactive|Battle timer is ON: inactive players will automatically lose when time's up. (requested by Ace98121212)\nSprye0216 has agreed to open team sheets.\nAce98121212 has agreed to open team sheets.\n|inactive|Sprye0216 has 60 seconds left.\n|\n|t:|1681968515\n|start\n|switch|p1a: Talonflame|Talonflame, L50, M|100\/100\n|switch|p1b: Garchomp|Garchomp, L50, F|100\/100\n|switch|p2a: Murkrow|Murkrow, L50, F|100\/100\n|switch|p2b: Hydreigon|Hydreigon, L50, F|100\/100\n|turn|1\n|\n|t:|1681968539\n|-terastallize|p1b: Garchomp|Fire\n|-terastallize|p2b: Hydreigon|Poison\n|move|p1a: Talonflame|Tailwind|p1a: Talonflame\n|-sidestart|p1: Sprye0216|move: Tailwind\n|move|p2a: Murkrow|Tailwind|p2a: Murkrow\n|-sidestart|p2: Ace98121212|move: Tailwind\n|move|p1b: Garchomp|Rock Slide|p2a: Murkrow|[spread] p2a,p2b\n|-supereffective|p2a: Murkrow\n|-damage|p2a: Murkrow|50\/100\n|-damage|p2b: Hydreigon|77\/100\n|move|p2b: Hydreigon|Surf|p1b: Garchomp|[spread] p2a,p1a,p1b\n|-supereffective|p1a: Talonflame\n|-supereffective|p1b: Garchomp\n|-damage|p2a: Murkrow|21\/100\n|-damage|p1a: Talonflame|40\/100\n|-damage|p1b: Garchomp|49\/100\n|\n|upkeep\n|turn|2\n|\n|t:|1681968560\n|move|p2a: Murkrow|Protect|p2a: Murkrow\n|-singleturn|p2a: Murkrow|Protect\n|move|p1a: Talonflame|Brave Bird|p2a: Murkrow\n|-activate|p2a: Murkrow|move: Protect\n|move|p1b: Garchomp|Earthquake|p2b: Hydreigon|[spread] \n|-activate|p2a: Murkrow|move: Protect\n|-immune|p1a: Talonflame\n|-immune|p2b: Hydreigon|[from] ability: Levitate\n|move|p2b: Hydreigon|Surf|p1b: Garchomp|[spread] p1a,p1b\n|-activate|p2a: Murkrow|move: Protect\n|-supereffective|p1a: Talonflame\n|-supereffective|p1b: Garchomp\n|-damage|p1a: Talonflame|0 fnt\n|-damage|p1b: Garchomp|0 fnt\n|faint|p1a: Talonflame\n|faint|p1b: Garchomp\n|\n|upkeep\n|\n|t:|1681968585\n|switch|p1a: Palafin|Palafin, L50, M|100\/100\n|switch|p1b: Chien-Pao|Chien-Pao, L50|100\/100\n|-ability|p1b: Chien-Pao|Sword of Ruin\n|turn|3\n|\n|t:|1681968610\n|move|p2a: Murkrow|Perish Song|p2a: Murkrow\n|-start|p1a: Palafin|perish3|[silent]\n|-start|p1b: Chien-Pao|perish3|[silent]\n|-start|p2a: Murkrow|perish3|[silent]\n|-start|p2b: Hydreigon|perish3|[silent]\n|-fieldactivate|move: Perish Song\n|move|p1b: Chien-Pao|Ice Spinner|p2a: Murkrow\n|-supereffective|p2a: Murkrow\n|-damage|p2a: Murkrow|0 fnt\n|faint|p2a: Murkrow\n|move|p2b: Hydreigon|Draco Meteor|p1a: Palafin\n|-damage|p1a: Palafin|2\/100\n|-unboost|p2b: Hydreigon|spa|2\n|move|p1a: Palafin|Wave Crash|p2b: Hydreigon\n|-damage|p2b: Hydreigon|0 fnt\n|faint|p2b: Hydreigon\n|-damage|p1a: Palafin|0 fnt|[from] Recoil\n|faint|p1a: Palafin\n|\n|-start|p1b: Chien-Pao|perish3\n|upkeep\n|\n|t:|1681968630\n|switch|p2b: Gholdengo|Gholdengo, L50|100\/100\n|switch|p2a: Annihilape|Annihilape, L50, F|100\/100\n|turn|4\n|\n|t:|1681968641\n|move|p1b: Chien-Pao|Sucker Punch|p2b: Gholdengo\n|-supereffective|p2b: Gholdengo\n|-damage|p2b: Gholdengo|0 fnt\n|faint|p2b: Gholdengo\n|move|p2a: Annihilape|Drain Punch|p1b: Chien-Pao\n|-supereffective|p1b: Chien-Pao\n|-enditem|p1b: Chien-Pao|Focus Sash\n|-damage|p1b: Chien-Pao|1\/100\n|\n|-start|p1b: Chien-Pao|perish2\n|-sideend|p2: Ace98121212|move: Tailwind\n|-sideend|p1: Sprye0216|move: Tailwind\n|upkeep\n|turn|5\n|\n|t:|1681968656\n|move|p1b: Chien-Pao|Sucker Punch|p2a: Annihilape\n|-damage|p2a: Annihilape|49\/100\n|move|p2a: Annihilape|Phantom Force||[still]\n|-prepare|p2a: Annihilape|Phantom Force\n|\n|-start|p1b: Chien-Pao|perish1\n|upkeep\n|turn|6\n|\n|t:|1681968664\n|move|p1b: Chien-Pao|Sucker Punch|p2a: Annihilape|[miss]\n|-miss|p1b: Chien-Pao|p2a: Annihilape\n|move|p2a: Annihilape|Phantom Force|p1b: Chien-Pao|[from]lockedmove\n|-resisted|p1b: Chien-Pao\n|-damage|p1b: Chien-Pao|0 fnt\n|faint|p1b: Chien-Pao\n|\n|win|Ace98121212\n|raw|Sprye0216's rating: 1119 → 1087<\/strong> (-32 for losing)\n|raw|Ace98121212's rating: 1017 → 1065<\/strong> (+48 for winning)\n","uploadtime":1681968671,"views":5,"p1id":"sprye0216","p2id":"ace98121212","formatid":"gen9vgc2023regulationc","rating":1065,"private":0,"password":""}