{"id":"gen9vgc2023regulationc-1844969851","p1":"Bardax92","p2":"Wellington Kobs","format":"[Gen 9] VGC 2023 Regulation C","log":"|j|\u2606Bardax92\n|j|\u2606Wellington Kobs\n|t:|1681669403\n|gametype|doubles\n|player|p1|Bardax92|1|1142\n|player|p2|Wellington Kobs|blue|1091\n|teamsize|p1|6\n|teamsize|p2|6\n|gen|9\n|tier|[Gen 9] VGC 2023 Regulation C\n|rated|\n|rule|Species Clause: Limit one of each Pok\u00e9mon\n|rule|Item Clause: Limit one of each item\n|clearpoke\n|poke|p1|Wo-Chien, L50|\n|poke|p1|Glimmora, L50, M|\n|poke|p1|Dragonite, L50, F|\n|poke|p1|Gastrodon, L50, M|\n|poke|p1|Talonflame, L50, F|\n|poke|p1|Stantler, L50, M|\n|poke|p2|Iron Hands, L50|\n|poke|p2|Amoonguss, L50, F|\n|poke|p2|Pelipper, L50, F|\n|poke|p2|Palafin, L50, F|\n|poke|p2|Chien-Pao, L50|\n|poke|p2|Dragonite, L50, F|\n|teampreview|4\n|\n|t:|1681669459\n|start\n|switch|p1a: Talonflame|Talonflame, L50, F|100\/100\n|switch|p1b: Stantler|Stantler, L50, M|100\/100\n|switch|p2a: Flipper|Palafin, L50, F, shiny|100\/100\n|switch|p2b: Cucumelo|Amoonguss, L50, F|100\/100\n|-ability|p1b: Stantler|Intimidate|boost\n|-unboost|p2a: Flipper|atk|1\n|-unboost|p2b: Cucumelo|atk|1\n|turn|1\n|\n|t:|1681669476\n|move|p1a: Talonflame|Will-O-Wisp|p2a: Flipper\n|-status|p2a: Flipper|brn\n|move|p2a: Flipper|Wave Crash|p1a: Talonflame\n|-supereffective|p1a: Talonflame\n|-crit|p1a: Talonflame\n|-damage|p1a: Talonflame|0 fnt\n|faint|p1a: Talonflame\n|-damage|p2a: Flipper|76\/100 brn|[from] Recoil\n|move|p1b: Stantler|Thunder Wave|p2b: Cucumelo\n|-status|p2b: Cucumelo|par\n|cant|p2b: Cucumelo|par\n|\n|-damage|p2a: Flipper|70\/100 brn|[from] brn\n|upkeep\n|\n|t:|1681669493\n|switch|p1a: Wo-Chien|Wo-Chien, L50|100\/100\n|-ability|p1a: Wo-Chien|Tablets of Ruin\n|turn|2\n|\n|t:|1681669508\n|-terastallize|p1a: Wo-Chien|Poison\n|move|p2a: Flipper|Protect|p2a: Flipper\n|-singleturn|p2a: Flipper|Protect\n|move|p1b: Stantler|Reflect|p1b: Stantler\n|-sidestart|p1: Bardax92|Reflect\n|move|p1a: Wo-Chien|Ruination|p2b: Cucumelo\n|-damage|p2b: Cucumelo|50\/100 par\n|-enditem|p2b: Cucumelo|Sitrus Berry|[eat]\n|-heal|p2b: Cucumelo|75\/100 par|[from] item: Sitrus Berry\n|move|p2b: Cucumelo|Spore|p1b: Stantler\n|-status|p1b: Stantler|slp|[from] move: Spore\n|\n|-damage|p2a: Flipper|64\/100 brn|[from] brn\n|upkeep\n|turn|3\n|\n|t:|1681669539\n|detailschange|p2a: Flipper|Palafin-Hero, L50, F, shiny\n|switch|p2a: Tom|Chien-Pao, L50|100\/100\n|-ability|p2a: Tom|Sword of Ruin\n|cant|p1b: Stantler|slp\n|move|p1a: Wo-Chien|Ruination|p2b: Cucumelo\n|-damage|p2b: Cucumelo|38\/100 par\n|move|p2b: Cucumelo|Spore|p1a: Wo-Chien\n|-status|p1a: Wo-Chien|slp|[from] move: Spore\n|\n|upkeep\n|turn|4\n|\n|t:|1681669570\n|switch|p2b: Eragon|Dragonite, L50, F|100\/100\n|move|p2a: Tom|Sacred Sword|p1b: Stantler\n|-supereffective|p1b: Stantler\n|-damage|p1b: Stantler|59\/100 slp\n|-damage|p2a: Tom|91\/100|[from] item: Life Orb\n|cant|p1b: Stantler|slp\n|cant|p1a: Wo-Chien|slp\n|\n|upkeep\n|turn|5\n|\n|t:|1681669590\n|switch|p1b: Gastrodon|Gastrodon, L50, M|100\/100\n|-terastallize|p2b: Eragon|Flying\n|move|p2a: Tom|Sacred Sword|p1b: Gastrodon\n|-damage|p1b: Gastrodon|72\/100\n|-damage|p2a: Tom|81\/100|[from] item: Life Orb\n|move|p2b: Eragon|Tera Blast|p1a: Wo-Chien\n|-damage|p1a: Wo-Chien|69\/100 slp\n|-curestatus|p1a: Wo-Chien|slp|[msg]\n|move|p1a: Wo-Chien|Leech Seed|p2b: Eragon\n|-start|p2b: Eragon|move: Leech Seed\n|\n|-heal|p1a: Wo-Chien|75\/100|[from] item: Leftovers\n|-damage|p2b: Eragon|88\/100|[from] Leech Seed|[of] p1a: Wo-Chien\n|-heal|p1a: Wo-Chien|87\/100|[silent]\n|upkeep\n|turn|6\n|\n|t:|1681669618\n|switch|p1b: Stantler|Stantler, L50, M|59\/100 slp\n|-ability|p1b: Stantler|Intimidate|boost\n|-unboost|p2a: Tom|atk|1\n|-unboost|p2b: Eragon|atk|1\n|move|p2a: Tom|Icicle Crash|p1b: Stantler\n|-damage|p1b: Stantler|38\/100 slp\n|-damage|p2a: Tom|72\/100|[from] item: Life Orb\n|move|p2b: Eragon|Ice Spinner|p1b: Stantler\n|-damage|p1b: Stantler|26\/100 slp\n|move|p1a: Wo-Chien|Leech Seed|p2a: Tom\n|-start|p2a: Tom|move: Leech Seed\n|\n|-heal|p1a: Wo-Chien|94\/100|[from] item: Leftovers\n|-damage|p2a: Tom|59\/100|[from] Leech Seed|[of] p1a: Wo-Chien\n|-heal|p1a: Wo-Chien|100\/100|[silent]\n|-damage|p2b: Eragon|76\/100|[from] Leech Seed|[of] p1a: Wo-Chien\n|-sideend|p1: Bardax92|Reflect\n|upkeep\n|turn|7\n|\n|t:|1681669646\n|switch|p2a: Flipper|Palafin-Hero, L50, F, shiny|64\/100 brn\n|-activate|p2a: Flipper|ability: Zero to Hero\n|switch|p1b: Gastrodon|Gastrodon, L50, M|72\/100\n|move|p2b: Eragon|Extreme Speed|p1b: Gastrodon\n|-damage|p1b: Gastrodon|53\/100\n|move|p1a: Wo-Chien|Ruination|p2b: Eragon\n|-damage|p2b: Eragon|38\/100\n|\n|-damage|p2b: Eragon|26\/100|[from] Leech Seed|[of] p1a: Wo-Chien\n|-damage|p2a: Flipper|58\/100 brn|[from] brn\n|upkeep\n|turn|8\n|\n|t:|1681669670\n|switch|p1a: Stantler|Stantler, L50, M|26\/100 slp\n|-ability|p1a: Stantler|Intimidate|boost\n|-unboost|p2a: Flipper|atk|1\n|-unboost|p2b: Eragon|atk|1\n|move|p2b: Eragon|Extreme Speed|p1b: Gastrodon\n|-damage|p1b: Gastrodon|35\/100\n|move|p2a: Flipper|Close Combat|p1b: Gastrodon\n|-damage|p1b: Gastrodon|15\/100\n|-unboost|p2a: Flipper|def|1\n|-unboost|p2a: Flipper|spd|1\n|-enditem|p1b: Gastrodon|Aguav Berry|[eat]\n|-heal|p1b: Gastrodon|48\/100|[from] item: Aguav Berry\n|move|p1b: Gastrodon|Recover|p1b: Gastrodon\n|-heal|p1b: Gastrodon|98\/100\n|\n|-damage|p2b: Eragon|14\/100|[from] Leech Seed|[of] p1a: Stantler\n|-heal|p1a: Stantler|40\/100 slp|[silent]\n|-damage|p2a: Flipper|53\/100 brn|[from] brn\n|upkeep\n|turn|9\n|\n|t:|1681669707\n|switch|p2a: Cucumelo|Amoonguss, L50, F|71\/100 par\n|switch|p2b: Tom|Chien-Pao, L50|59\/100\n|-ability|p2b: Tom|Sword of Ruin\n|cant|p1a: Stantler|slp\n|move|p1b: Gastrodon|Ice Beam|p2a: Cucumelo\n|-supereffective|p2a: Cucumelo\n|-damage|p2a: Cucumelo|38\/100 par\n|\n|upkeep\n|turn|10\n|\n|t:|1681669743\n|switch|p1a: Wo-Chien|Wo-Chien, L50, tera:Poison|100\/100\n|-ability|p1a: Wo-Chien|Tablets of Ruin\n|move|p2b: Tom|Sacred Sword|p1a: Wo-Chien\n|-resisted|p1a: Wo-Chien\n|-damage|p1a: Wo-Chien|85\/100\n|-damage|p2b: Tom|50\/100|[from] item: Life Orb\n|move|p1b: Gastrodon|Muddy Water|p2b: Tom|[spread] p2a,p2b\n|-resisted|p2a: Cucumelo\n|-damage|p2a: Cucumelo|29\/100 par\n|-damage|p2b: Tom|13\/100\n|move|p2a: Cucumelo|Spore|p1b: Gastrodon\n|-status|p1b: Gastrodon|slp|[from] move: Spore\n|\n|-heal|p1a: Wo-Chien|92\/100|[from] item: Leftovers\n|upkeep\n|turn|11\n|\n|t:|1681669771\n|switch|p1b: Stantler|Stantler, L50, M|40\/100 slp\n|-ability|p1b: Stantler|Intimidate|boost\n|-unboost|p2a: Cucumelo|atk|1\n|-unboost|p2b: Tom|atk|1\n|move|p2b: Tom|Icicle Crash|p1b: Stantler\n|-damage|p1b: Stantler|7\/100 slp\n|-damage|p2b: Tom|3\/100|[from] item: Life Orb\n|move|p1a: Wo-Chien|Pollen Puff|p2a: Cucumelo\n|-damage|p2a: Cucumelo|15\/100 par\n|move|p2a: Cucumelo|Pollen Puff|p2b: Tom\n|-heal|p2b: Tom|53\/100\n|\n|-heal|p1a: Wo-Chien|98\/100|[from] item: Leftovers\n|upkeep\n|turn|12\n|\n|t:|1681669806\n|switch|p1b: Gastrodon|Gastrodon, L50, M|98\/100 slp\n|switch|p2a: Flipper|Palafin-Hero, L50, F, shiny|53\/100 brn\n|move|p2b: Tom|Icicle Crash|p1b: Gastrodon\n|-damage|p1b: Gastrodon|55\/100 slp\n|-damage|p2b: Tom|43\/100|[from] item: Life Orb\n|move|p1a: Wo-Chien|Leech Seed|p2b: Tom\n|-start|p2b: Tom|move: Leech Seed\n|\n|-heal|p1a: Wo-Chien|100\/100|[from] item: Leftovers\n|-damage|p2b: Tom|31\/100|[from] Leech Seed|[of] p1a: Wo-Chien\n|-damage|p2a: Flipper|47\/100 brn|[from] brn\n|upkeep\n|turn|13\n|\n|t:|1681669831\n|switch|p2b: Cucumelo|Amoonguss, L50, F|48\/100 par\n|cant|p1b: Gastrodon|slp\n|move|p2a: Flipper|Close Combat|p1b: Gastrodon\n|-damage|p1b: Gastrodon|33\/100 slp\n|-unboost|p2a: Flipper|def|1\n|-unboost|p2a: Flipper|spd|1\n|move|p1a: Wo-Chien|Leech Seed|p2a: Flipper\n|-start|p2a: Flipper|move: Leech Seed\n|\n|-damage|p2a: Flipper|35\/100 brn|[from] Leech Seed|[of] p1a: Wo-Chien\n|-damage|p2a: Flipper|29\/100 brn|[from] brn\n|upkeep\n|turn|14\n|\n|t:|1681669857\n|switch|p2a: Tom|Chien-Pao, L50|31\/100\n|-ability|p2a: Tom|Sword of Ruin\n|move|p1a: Wo-Chien|Ruination|p2b: Cucumelo\n|-damage|p2b: Cucumelo|24\/100 par\n|cant|p1b: Gastrodon|slp\n|cant|p2b: Cucumelo|par\n|\n|upkeep\n|turn|15\n|\n|t:|1681669872\n|switch|p2b: Eragon|Dragonite, L50, F, tera:Flying|14\/100\n|cant|p1b: Gastrodon|slp\n|move|p2a: Tom|Icicle Crash|p1b: Gastrodon|[miss]\n|-miss|p2a: Tom|p1b: Gastrodon\n|move|p1a: Wo-Chien|Leech Seed|p2a: Tom\n|-start|p2a: Tom|move: Leech Seed\n|\n|-damage|p2a: Tom|19\/100|[from] Leech Seed|[of] p1a: Wo-Chien\n|upkeep\n|turn|16\n|\n|t:|1681669893\n|switch|p2a: Cucumelo|Amoonguss, L50, F|57\/100 par\n|switch|p1b: Stantler|Stantler, L50, M|7\/100 slp\n|-ability|p1b: Stantler|Intimidate|boost\n|-unboost|p2a: Cucumelo|atk|1\n|-unboost|p2b: Eragon|atk|1\n|move|p2b: Eragon|Extreme Speed|p1b: Stantler\n|-damage|p1b: Stantler|0 fnt\n|faint|p1b: Stantler\n|move|p1a: Wo-Chien|Pollen Puff|p2b: Eragon\n|-resisted|p2b: Eragon\n|-damage|p2b: Eragon|5\/100\n|\n|upkeep\n|\n|t:|1681669908\n|switch|p1b: Gastrodon|Gastrodon, L50, M|33\/100 slp\n|turn|17\n|\n|t:|1681669924\n|switch|p2b: Tom|Chien-Pao, L50|19\/100\n|-ability|p2b: Tom|Sword of Ruin\n|move|p1a: Wo-Chien|Pollen Puff|p2b: Tom\n|-supereffective|p2b: Tom\n|-damage|p2b: Tom|0 fnt\n|faint|p2b: Tom\n|-curestatus|p1b: Gastrodon|slp|[msg]\n|move|p1b: Gastrodon|Recover|p1b: Gastrodon\n|-heal|p1b: Gastrodon|84\/100\n|move|p2a: Cucumelo|Pollen Puff|p2: Tom|[notarget]\n|-fail|p2a: Cucumelo\n|\n|upkeep\n|\n|t:|1681669936\n|switch|p2b: Flipper|Palafin-Hero, L50, F, shiny|29\/100 brn\n|turn|18\n|\n|t:|1681669952\n|move|p2b: Flipper|Protect|p2b: Flipper\n|-singleturn|p2b: Flipper|Protect\n|move|p1a: Wo-Chien|Pollen Puff|p2a: Cucumelo\n|-damage|p2a: Cucumelo|44\/100 par\n|move|p1b: Gastrodon|Ice Beam|p2a: Cucumelo\n|-supereffective|p2a: Cucumelo\n|-damage|p2a: Cucumelo|11\/100 par\n|cant|p2a: Cucumelo|par\n|\n|-damage|p2b: Flipper|23\/100 brn|[from] brn\n|upkeep\n|turn|19\n|\n|t:|1681669977\n|switch|p2a: Eragon|Dragonite, L50, F, tera:Flying|5\/100\n|move|p2b: Flipper|Close Combat|p1b: Gastrodon\n|-damage|p1b: Gastrodon|60\/100\n|-unboost|p2b: Flipper|def|1\n|-unboost|p2b: Flipper|spd|1\n|move|p1a: Wo-Chien|Leech Seed|p2b: Flipper\n|-start|p2b: Flipper|move: Leech Seed\n|move|p1b: Gastrodon|Ice Beam|p2a: Eragon\n|-supereffective|p2a: Eragon\n|-damage|p2a: Eragon|0 fnt\n|faint|p2a: Eragon\n|\n|-damage|p2b: Flipper|11\/100 brn|[from] Leech Seed|[of] p1a: Wo-Chien\n|-damage|p2b: Flipper|5\/100 brn|[from] brn\n|upkeep\n|\n|t:|1681669980\n|switch|p2a: Cucumelo|Amoonguss, L50, F|44\/100 par\n|turn|20\n|-message|Wellington Kobs forfeited.\n|\n|win|Bardax92\n|raw|Bardax92's rating: 1142 → 1163<\/strong> (+21 for winning)\n|raw|Wellington Kobs's rating: 1091 → 1071<\/strong> (-20 for losing)\n|l|\u2606Wellington Kobs\n","uploadtime":1681670003,"views":14,"p1id":"bardax92","p2id":"wellingtonkobs","formatid":"gen9vgc2023regulationc","rating":1071,"private":0,"password":""}