{"id":"gen9vgc2023regulationc-1848186724","p1":"Amar115","p2":"Bdogplatinum","format":"[Gen 9] VGC 2023 Regulation C","log":"|j|\u2606Amar115\n|j|\u2606Bdogplatinum\n|t:|1682039999\n|gametype|doubles\n|player|p1|Amar115|266|\n|player|p2|Bdogplatinum|cress|\n|teamsize|p1|6\n|teamsize|p2|6\n|gen|9\n|tier|[Gen 9] VGC 2023 Regulation C\n|rule|Species Clause: Limit one of each Pok\u00e9mon\n|rule|Item Clause: Limit one of each item\n|clearpoke\n|poke|p1|Flutter Mane, L50|\n|poke|p1|Hydreigon, L50, F|\n|poke|p1|Chi-Yu, L50|\n|poke|p1|Vaporeon, L50, M|\n|poke|p1|Flamigo, L50, F|\n|poke|p1|Klawf, L50, M|\n|poke|p2|Armarouge, L50, F|\n|poke|p2|Indeedee-F, L50, F|\n|poke|p2|Hatterene, L50, F|\n|poke|p2|Iron Thorns, L50|\n|poke|p2|Dachsbun, L50, M|\n|poke|p2|Rotom-Frost, L50|\n|teampreview|4\n|inactive|Battle timer is ON: inactive players will automatically lose when time's up. (requested by Amar115)\n|inactiveoff|Battle timer is now OFF.\n|c|\u2606Bdogplatinum|g1\n|\n|t:|1682040132\n|start\n|switch|p1a: Chi-Yu|Chi-Yu, L50|100\/100\n|switch|p1b: Vaporeon|Vaporeon, L50, M|100\/100\n|switch|p2a: Armarouge|Armarouge, L50, F|100\/100\n|switch|p2b: Dachsbun|Dachsbun, L50, M|100\/100\n|-ability|p1a: Chi-Yu|Beads of Ruin\n|turn|1\n|\n|t:|1682040163\n|move|p2b: Dachsbun|Helping Hand|p2a: Armarouge\n|-singleturn|p2a: Armarouge|Helping Hand|[of] p2b: Dachsbun\n|move|p2a: Armarouge|Aura Sphere|p1a: Chi-Yu\n|-supereffective|p1a: Chi-Yu\n|-damage|p1a: Chi-Yu|7\/100\n|move|p1a: Chi-Yu|Dark Pulse|p2a: Armarouge\n|-supereffective|p2a: Armarouge\n|-damage|p2a: Armarouge|0 fnt\n|faint|p2a: Armarouge\n|move|p1b: Vaporeon|Yawn|p2b: Dachsbun\n|-start|p2b: Dachsbun|move: Yawn|[of] p1b: Vaporeon\n|\n|upkeep\n|\n|t:|1682040178\n|switch|p2a: Iron Thorns|Iron Thorns, L50|100\/100\n|-enditem|p2a: Iron Thorns|Booster Energy\n|-activate|p2a: Iron Thorns|ability: Quark Drive|[fromitem]\n|-start|p2a: Iron Thorns|quarkdriveatk\n|turn|2\n|\n|t:|1682040192\n|switch|p2b: Rotom|Rotom-Frost, L50|100\/100\n|move|p1a: Chi-Yu|Fire Spin|p2a: Iron Thorns\n|-resisted|p2a: Iron Thorns\n|-damage|p2a: Iron Thorns|90\/100\n|-activate|p2a: Iron Thorns|move: Fire Spin|[of] p1a: Chi-Yu\n|move|p2a: Iron Thorns|Rock Slide|p1a: Chi-Yu|[spread] p1a,p1b\n|-supereffective|p1a: Chi-Yu\n|-damage|p1a: Chi-Yu|0 fnt\n|-damage|p1b: Vaporeon|69\/100\n|faint|p1a: Chi-Yu\n|cant|p1b: Vaporeon|flinch\n|\n|-end|p2a: Iron Thorns|Fire Spin|[partiallytrapped]|[silent]\n|upkeep\n|\n|t:|1682040211\n|switch|p1a: Flutter Mane|Flutter Mane, L50|100\/100\n|-enditem|p1a: Flutter Mane|Booster Energy\n|-activate|p1a: Flutter Mane|ability: Protosynthesis|[fromitem]\n|-start|p1a: Flutter Mane|protosynthesisspa\n|turn|3\n|\n|t:|1682040224\n|-terastallize|p2b: Rotom|Ghost\n|move|p1a: Flutter Mane|Substitute|p1a: Flutter Mane\n|-start|p1a: Flutter Mane|Substitute\n|-damage|p1a: Flutter Mane|76\/100\n|move|p2b: Rotom|Shadow Ball|p1a: Flutter Mane\n|-supereffective|p1a: Flutter Mane\n|-end|p1a: Flutter Mane|Substitute\n|move|p2a: Iron Thorns|Rock Slide|p1a: Flutter Mane|[spread] p1a,p1b\n|-damage|p1a: Flutter Mane|23\/100\n|-damage|p1b: Vaporeon|37\/100\n|move|p1b: Vaporeon|Yawn|p2b: Rotom\n|-start|p2b: Rotom|move: Yawn|[of] p1b: Vaporeon\n|\n|upkeep\n|turn|4\n|\n|t:|1682040242\n|switch|p2b: Dachsbun|Dachsbun, L50, M|100\/100\n|move|p1a: Flutter Mane|Protect|p1a: Flutter Mane\n|-singleturn|p1a: Flutter Mane|Protect\n|move|p2a: Iron Thorns|Rock Slide|p1a: Flutter Mane|[spread] p1b\n|-activate|p1a: Flutter Mane|move: Protect\n|-damage|p1b: Vaporeon|1\/100\n|move|p1b: Vaporeon|Muddy Water|p2a: Iron Thorns|[spread] p2b\n|-miss|p1b: Vaporeon|p2a: Iron Thorns\n|-damage|p2b: Dachsbun|60\/100\n|\n|upkeep\n|turn|5\n|\n|t:|1682040268\n|-end|p1a: Flutter Mane|Protosynthesis|[silent]\n|switch|p1a: Hydreigon|Hydreigon, L50, F|100\/100\n|move|p2b: Dachsbun|Helping Hand|p2a: Iron Thorns\n|-singleturn|p2a: Iron Thorns|Helping Hand|[of] p2b: Dachsbun\n|move|p2a: Iron Thorns|Rock Slide|p1b: Vaporeon|[spread] p1a,p1b\n|-damage|p1a: Hydreigon|38\/100\n|-damage|p1b: Vaporeon|0 fnt\n|faint|p1b: Vaporeon\n|\n|upkeep\n|\n|t:|1682040277\n|switch|p1b: Flutter Mane|Flutter Mane, L50|23\/100\n|turn|6\n|\n|t:|1682040287\n|move|p1b: Flutter Mane|Protect|p1b: Flutter Mane\n|-singleturn|p1b: Flutter Mane|Protect\n|move|p1a: Hydreigon|Earth Power|p2a: Iron Thorns\n|-supereffective|p2a: Iron Thorns\n|-crit|p2a: Iron Thorns\n|-damage|p2a: Iron Thorns|0 fnt\n|faint|p2a: Iron Thorns\n|-end|p2a: Iron Thorns|Quark Drive|[silent]\n|move|p2b: Dachsbun|Body Press|p1a: Hydreigon\n|-supereffective|p1a: Hydreigon\n|-damage|p1a: Hydreigon|0 fnt\n|faint|p1a: Hydreigon\n|\n|upkeep\n|\n|t:|1682040294\n|switch|p2a: Rotom|Rotom-Frost, L50, tera:Ghost|100\/100\n|turn|7\n|\n|t:|1682040309\n|move|p1b: Flutter Mane|Shadow Ball|p2a: Rotom\n|-supereffective|p2a: Rotom\n|-damage|p2a: Rotom|47\/100\n|move|p2b: Dachsbun|Yawn|p1b: Flutter Mane\n|-start|p1b: Flutter Mane|move: Yawn|[of] p2b: Dachsbun\n|move|p2a: Rotom|Shadow Ball|p1b: Flutter Mane\n|-supereffective|p1b: Flutter Mane\n|-damage|p1b: Flutter Mane|0 fnt\n|faint|p1b: Flutter Mane\n|-end|p1b: Flutter Mane|Protosynthesis|[silent]\n|\n|win|Bdogplatinum\n","uploadtime":1682040955,"views":10,"p1id":"amar115","p2id":"bdogplatinum","formatid":"gen9vgc2023regulationc","rating":0,"private":0,"password":""}