{"id":"gen9vgc2023regulationc-1850453752","p1":"hlblbl","p2":"BolaDeHielo","format":"[Gen 9] VGC 2023 Regulation C","log":"|j|\u2606hlblbl\n|j|\u2606BolaDeHielo\n|t:|1682338598\n|gametype|doubles\n|player|p1|hlblbl|265|1049\n|player|p2|BolaDeHielo|102|1000\n|teamsize|p1|6\n|teamsize|p2|6\n|gen|9\n|tier|[Gen 9] VGC 2023 Regulation C\n|rated|\n|rule|Species Clause: Limit one of each Pok\u00e9mon\n|rule|Item Clause: Limit one of each item\n|clearpoke\n|poke|p1|Flutter Mane, L50|\n|poke|p1|Palafin, L50, M|\n|poke|p1|Arcanine, L50, F|\n|poke|p1|Amoonguss, L50, F|\n|poke|p1|Ting-Lu, L50|\n|poke|p1|Dragonite, L50, M|\n|poke|p2|Arcanine, L50, M|\n|poke|p2|Palafin, L50, M|\n|poke|p2|Flutter Mane, L50|\n|poke|p2|Roaring Moon, L50|\n|poke|p2|Ting-Lu, L50|\n|poke|p2|Amoonguss, L50, F|\n|teampreview|4\nBolaDeHielo rejected open team sheets.\n|inactive|Battle timer is ON: inactive players will automatically lose when time's up. (requested by hlblbl)\n|\n|t:|1682338651\n|start\n|switch|p1a: Arcanine|Arcanine, L50, F|100\/100\n|switch|p1b: Dragonite|Dragonite, L50, M|100\/100\n|switch|p2a: Amoonguss|Amoonguss, L50, F|100\/100\n|switch|p2b: Flutter Mane|Flutter Mane, L50|100\/100\n|-ability|p1a: Arcanine|Intimidate|boost\n|-unboost|p2a: Amoonguss|atk|1\n|-unboost|p2b: Flutter Mane|atk|1\n|turn|1\n|\n|t:|1682338681\n|-end|p2b: Flutter Mane|Protosynthesis|[silent]\n|switch|p2b: Arcanine|Arcanine, L50, M|100\/100\n|-ability|p2b: Arcanine|Intimidate|boost\n|-unboost|p1a: Arcanine|atk|1\n|-fail|p1b: Dragonite|unboost|Attack|[from] ability: Inner Focus|[of] p1b: Dragonite\n|switch|p1b: Amoonguss|Amoonguss, L50, F|100\/100\n|move|p1a: Arcanine|Flare Blitz|p2b: Arcanine\n|-resisted|p2b: Arcanine\n|-damage|p2b: Arcanine|82\/100\n|-damage|p1a: Arcanine|94\/100|[from] Recoil\n|move|p2a: Amoonguss|Spore|p1b: Amoonguss\n|-immune|p1b: Amoonguss\n|\n|upkeep\n|turn|2\n|inactive|hlblbl has 30 seconds left.\n|inactive|hlblbl has 20 seconds left.\n|\n|t:|1682338720\n|switch|p1b: Dragonite|Dragonite, L50, M|100\/100\n|move|p2a: Amoonguss|Protect|p2a: Amoonguss\n|-singleturn|p2a: Amoonguss|Protect\n|move|p1a: Arcanine|Flare Blitz|p2a: Amoonguss\n|-activate|p2a: Amoonguss|move: Protect\n|move|p2b: Arcanine|Will-O-Wisp|p1b: Dragonite\n|-status|p1b: Dragonite|brn\n|\n|-damage|p1b: Dragonite|94\/100 brn|[from] brn\n|upkeep\n|turn|3\n|inactive|hlblbl has 30 seconds left.\n|inactive|BolaDeHielo has 30 seconds left.\n|inactive|hlblbl has 20 seconds left.\n|inactive|BolaDeHielo has 20 seconds left.\n|inactive|hlblbl has 15 seconds left.\n|\n|t:|1682338763\n|switch|p2a: Flutter Mane|Flutter Mane, L50|100\/100\n|move|p2b: Arcanine|Protect|p2b: Arcanine\n|-singleturn|p2b: Arcanine|Protect\n|move|p1a: Arcanine|Flare Blitz|p2a: Flutter Mane\n|-damage|p2a: Flutter Mane|46\/100\n|-damage|p1a: Arcanine|80\/100|[from] Recoil\n|move|p1b: Dragonite|Dragon Claw|p2b: Arcanine\n|-activate|p2b: Arcanine|move: Protect\n|\n|-damage|p1b: Dragonite|88\/100 brn|[from] brn\n|upkeep\n|turn|4\n|inactive|BolaDeHielo has 30 seconds left.\n|inactive|BolaDeHielo has 20 seconds left.\n|inactive|BolaDeHielo has 15 seconds left.\n|inactive|BolaDeHielo has 10 seconds left.\n|inactive|BolaDeHielo has 5 seconds left.\n|\n|t:|1682338816\n|switch|p1b: Amoonguss|Amoonguss, L50, F|100\/100\n|move|p2a: Flutter Mane|Dazzling Gleam|p1a: Arcanine|[spread] p1a,p1b\n|-resisted|p1a: Arcanine\n|-resisted|p1b: Amoonguss\n|-damage|p1a: Arcanine|58\/100\n|-damage|p1b: Amoonguss|81\/100\n|move|p1a: Arcanine|Flare Blitz|p2a: Flutter Mane\n|-damage|p2a: Flutter Mane|0 fnt\n|faint|p2a: Flutter Mane\n|-end|p2a: Flutter Mane|Protosynthesis|[silent]\n|-damage|p1a: Arcanine|46\/100|[from] Recoil\n|move|p2b: Arcanine|Flare Blitz|p1b: Amoonguss\n|-supereffective|p1b: Amoonguss\n|-crit|p1b: Amoonguss\n|-damage|p1b: Amoonguss|0 fnt\n|faint|p1b: Amoonguss\n|-damage|p2b: Arcanine|52\/100|[from] Recoil\n|\n|upkeep\n|inactive|hlblbl has 30 seconds left.\n|\n|t:|1682338843\n|switch|p2a: Roaring Moon|Roaring Moon, L50|100\/100\n|switch|p1b: Dragonite|Dragonite, L50, M|88\/100 brn\n|-enditem|p2a: Roaring Moon|Booster Energy\n|-activate|p2a: Roaring Moon|ability: Protosynthesis|[fromitem]\n|-start|p2a: Roaring Moon|protosynthesisatk\n|turn|5\n|inactive|hlblbl has 30 seconds left.\n|inactive|hlblbl has 20 seconds left.\n|inactive|hlblbl has 15 seconds left.\n|\n|t:|1682338887\n|switch|p2b: Amoonguss|Amoonguss, L50, F|100\/100\n|move|p2a: Roaring Moon|Protect|p2a: Roaring Moon\n|-singleturn|p2a: Roaring Moon|Protect\n|move|p1a: Arcanine|Protect|p1a: Arcanine\n|-singleturn|p1a: Arcanine|Protect\n|move|p1b: Dragonite|Dragon Claw|p2a: Roaring Moon\n|-activate|p2a: Roaring Moon|move: Protect\n|\n|-damage|p1b: Dragonite|82\/100 brn|[from] brn\n|upkeep\n|turn|6\n|inactive|hlblbl has 30 seconds left.\n|inactive|hlblbl has 20 seconds left.\n|\n|t:|1682338923\n|switch|p1a: Flutter Mane|Flutter Mane, L50|100\/100\n|-enditem|p1a: Flutter Mane|Booster Energy\n|-activate|p1a: Flutter Mane|ability: Protosynthesis|[fromitem]\n|-start|p1a: Flutter Mane|protosynthesisspa\n|move|p2b: Amoonguss|Rage Powder|p2b: Amoonguss\n|-singleturn|p2b: Amoonguss|move: Rage Powder\n|move|p2a: Roaring Moon|Dragon Dance|p2a: Roaring Moon\n|-boost|p2a: Roaring Moon|atk|1\n|-boost|p2a: Roaring Moon|spe|1\n|move|p1b: Dragonite|Dragon Claw|p2b: Amoonguss\n|-crit|p2b: Amoonguss\n|-damage|p2b: Amoonguss|59\/100\n|\n|-damage|p1b: Dragonite|76\/100 brn|[from] brn\n|upkeep\n|turn|7\n|inactive|hlblbl has 30 seconds left.\n|\n|t:|1682338952\n|switch|p1b: Arcanine|Arcanine, L50, F|46\/100\n|-ability|p1b: Arcanine|Intimidate|boost\n|-unboost|p2a: Roaring Moon|atk|1\n|-unboost|p2b: Amoonguss|atk|1\n|move|p2a: Roaring Moon|Protect|p2a: Roaring Moon\n|-singleturn|p2a: Roaring Moon|Protect\n|move|p1a: Flutter Mane|Protect|p1a: Flutter Mane\n|-singleturn|p1a: Flutter Mane|Protect\n|move|p2b: Amoonguss|Spore|p1a: Flutter Mane\n|-activate|p1a: Flutter Mane|move: Protect\n|\n|upkeep\n|turn|8\n|inactive|hlblbl has 30 seconds left.\n|inactive|BolaDeHielo has 30 seconds left.\n|inactive|hlblbl has 20 seconds left.\n|inactive|hlblbl has 15 seconds left.\n|inactive|hlblbl has 10 seconds left.\n|\n|t:|1682338998\n|move|p1b: Arcanine|Extreme Speed|p2a: Roaring Moon\n|-damage|p2a: Roaring Moon|73\/100\n|move|p2b: Amoonguss|Rage Powder|p2b: Amoonguss\n|-singleturn|p2b: Amoonguss|move: Rage Powder\n|move|p2a: Roaring Moon|Dragon Dance|p2a: Roaring Moon\n|-boost|p2a: Roaring Moon|atk|1\n|-boost|p2a: Roaring Moon|spe|1\n|move|p1a: Flutter Mane|Dazzling Gleam|p2b: Amoonguss|[spread] p2a,p2b\n|-supereffective|p2a: Roaring Moon\n|-resisted|p2b: Amoonguss\n|-damage|p2a: Roaring Moon|0 fnt\n|-damage|p2b: Amoonguss|44\/100\n|-enditem|p2b: Amoonguss|Sitrus Berry|[eat]\n|-heal|p2b: Amoonguss|69\/100|[from] item: Sitrus Berry\n|faint|p2a: Roaring Moon\n|-end|p2a: Roaring Moon|Protosynthesis|[silent]\n|\n|upkeep\n|\n|t:|1682339007\n|switch|p2a: Arcanine|Arcanine, L50, M|52\/100\n|-ability|p2a: Arcanine|Intimidate|boost\n|-unboost|p1a: Flutter Mane|atk|1\n|-unboost|p1b: Arcanine|atk|1\n|turn|9\n|\n|t:|1682339032\n|switch|p1b: Dragonite|Dragonite, L50, M|76\/100 brn\n|move|p1a: Flutter Mane|Protect|p1a: Flutter Mane\n|-singleturn|p1a: Flutter Mane|Protect\n|move|p2a: Arcanine|Protect|p2a: Arcanine\n|-singleturn|p2a: Arcanine|Protect\n|move|p2b: Amoonguss|Pollen Puff|p1b: Dragonite\n|-resisted|p1b: Dragonite\n|-damage|p1b: Dragonite|68\/100 brn\n|\n|-damage|p1b: Dragonite|62\/100 brn|[from] brn\n|upkeep\n|turn|10\n|\n|t:|1682339049\n|-terastallize|p1b: Dragonite|Normal\n|move|p1b: Dragonite|Extreme Speed|p2a: Arcanine\n|-damage|p2a: Arcanine|15\/100\n|move|p1a: Flutter Mane|Shadow Ball|p2a: Arcanine\n|-damage|p2a: Arcanine|0 fnt\n|faint|p2a: Arcanine\n|move|p2b: Amoonguss|Spore|p1a: Flutter Mane\n|-status|p1a: Flutter Mane|slp|[from] move: Spore\n|\n|-damage|p1b: Dragonite|56\/100 brn|[from] brn\n|upkeep\n|turn|11\n|\n|t:|1682339058\n|move|p1b: Dragonite|Extreme Speed|p2b: Amoonguss\n|-damage|p2b: Amoonguss|39\/100\n|cant|p1a: Flutter Mane|slp\n|move|p2b: Amoonguss|Pollen Puff|p1a: Flutter Mane\n|-resisted|p1a: Flutter Mane\n|-damage|p1a: Flutter Mane|97\/100 slp\n|\n|-damage|p1b: Dragonite|50\/100 brn|[from] brn\n|upkeep\n|turn|12\n|-message|BolaDeHielo forfeited.\n|\n|win|hlblbl\n|raw|hlblbl's rating: 1049 → 1077<\/strong> (+28 for winning)\n|raw|BolaDeHielo's rating: 1000 → 1000<\/strong> (+0 for losing)\n|l|\u2606BolaDeHielo\n","uploadtime":1682339073,"views":23,"p1id":"hlblbl","p2id":"boladehielo","formatid":"gen9vgc2023regulationc","rating":1000,"private":0,"password":""}