{"id":"gen9vgc2023regulationc-1848035030","p1":"Tairasan","p2":"Bander73","format":"[Gen 9] VGC 2023 Regulation C","log":"|j|\u2606Tairasan\n|j|\u2606Bander73\n|t:|1682022746\n|gametype|doubles\n|player|p1|Tairasan|janitor|1125\n|player|p2|Bander73|266|1047\n|teamsize|p1|6\n|teamsize|p2|6\n|gen|9\n|tier|[Gen 9] VGC 2023 Regulation C\n|rated|\n|rule|Species Clause: Limit one of each Pok\u00e9mon\n|rule|Item Clause: Limit one of each item\n|clearpoke\n|poke|p1|Vivillon, L50, M|\n|poke|p1|Bellibolt, L50, M|\n|poke|p1|Mudsdale, L50, M|\n|poke|p1|Tauros-Paldea-Combat, L50, M|\n|poke|p1|Scream Tail, L50|\n|poke|p1|Chi-Yu, L50|\n|poke|p2|Torkoal, L50, F|\n|poke|p2|Lilligant, L50, F|\n|poke|p2|Flutter Mane, L50|\n|poke|p2|Great Tusk, L50|\n|poke|p2|Kingambit, L50, F|\n|poke|p2|Dragonite, L50, F|\n|teampreview|4\n|inactive|Battle timer is ON: inactive players will automatically lose when time's up. (requested by Bander73)\n|\n|t:|1682022791\n|start\n|switch|p1a: Scream Tail|Scream Tail, L50|100\/100\n|switch|p1b: Chi-Yu|Chi-Yu, L50|100\/100\n|switch|p2a: Torkoal|Torkoal, L50, F, shiny|100\/100\n|switch|p2b: Lilligant|Lilligant, L50, F, shiny|100\/100\n|-ability|p1b: Chi-Yu|Beads of Ruin\n|-weather|SunnyDay|[from] ability: Drought|[of] p2a: Torkoal\n|-activate|p1a: Scream Tail|ability: Protosynthesis\n|-start|p1a: Scream Tail|protosynthesisspe\n|turn|1\n|\n|t:|1682022815\n|move|p1a: Scream Tail|Helping Hand|p1b: Chi-Yu\n|-singleturn|p1b: Chi-Yu|Helping Hand|[of] p1a: Scream Tail\n|move|p2b: Lilligant|Sleep Powder|p1a: Scream Tail\n|-status|p1a: Scream Tail|slp|[from] move: Sleep Powder\n|move|p1b: Chi-Yu|Heat Wave|p2b: Lilligant|[spread] p2a,p2b\n|-resisted|p2a: Torkoal\n|-supereffective|p2b: Lilligant\n|-damage|p2a: Torkoal|0 fnt\n|-enditem|p2b: Lilligant|Focus Sash\n|-damage|p2b: Lilligant|1\/100\n|faint|p2a: Torkoal\n|\n|-weather|SunnyDay|[upkeep]\n|upkeep\n|\n|t:|1682022833\n|switch|p2a: Great Tusk|Great Tusk, L50, shiny|100\/100\n|-activate|p2a: Great Tusk|ability: Protosynthesis\n|-start|p2a: Great Tusk|protosynthesisatk\n|turn|2\n|inactive|Bander73 has 30 seconds left.\n|\n|t:|1682022858\n|-terastallize|p1b: Chi-Yu|Ghost\n|cant|p1a: Scream Tail|slp\n|move|p2b: Lilligant|Leaf Storm|p1a: Scream Tail\n|-damage|p1a: Scream Tail|41\/100 slp\n|-unboost|p2b: Lilligant|spa|2\n|move|p1b: Chi-Yu|Heat Wave|p2b: Lilligant|[spread] p2a,p2b\n|-supereffective|p2b: Lilligant\n|-damage|p2a: Great Tusk|0 fnt\n|-damage|p2b: Lilligant|0 fnt\n|faint|p2a: Great Tusk\n|-end|p2a: Great Tusk|Protosynthesis|[silent]\n|faint|p2b: Lilligant\n|\n|-weather|SunnyDay|[upkeep]\n|upkeep\n|\n|t:|1682022874\n|switch|p2a: Flutter Mane|Flutter Mane, L50, shiny|100\/100\n|-activate|p2a: Flutter Mane|ability: Protosynthesis\n|-start|p2a: Flutter Mane|protosynthesisspe\n|turn|3\n|\n|t:|1682022890\n|-terastallize|p2a: Flutter Mane|Fairy\n|cant|p1a: Scream Tail|slp\n|move|p2a: Flutter Mane|Shadow Ball|p1b: Chi-Yu\n|-supereffective|p1b: Chi-Yu\n|-damage|p1b: Chi-Yu|0 fnt\n|faint|p1b: Chi-Yu\n|\n|-weather|SunnyDay|[upkeep]\n|upkeep\n|\n|t:|1682022901\n|switch|p1b: Mudsdale|Mudsdale, L50, M|100\/100\n|turn|4\n|\n|t:|1682022910\n|move|p1b: Mudsdale|Protect|p1b: Mudsdale\n|-singleturn|p1b: Mudsdale|Protect\n|move|p2a: Flutter Mane|Shadow Ball|p1a: Scream Tail\n|-supereffective|p1a: Scream Tail\n|-damage|p1a: Scream Tail|0 fnt\n|faint|p1a: Scream Tail\n|-end|p1a: Scream Tail|Protosynthesis|[silent]\n|\n|-weather|SunnyDay|[upkeep]\n|upkeep\n|\n|t:|1682022919\n|switch|p1a: Bellibolt|Bellibolt, L50, M|100\/100\n|turn|5\n|inactive|Tairasan has 30 seconds left.\n|inactive|Tairasan has 20 seconds left.\n|\n|t:|1682022954\n|move|p2a: Flutter Mane|Shadow Ball|p1b: Mudsdale\n|-damage|p1b: Mudsdale|40\/100\n|-unboost|p1b: Mudsdale|spd|1\n|-ability|p1b: Mudsdale|Stamina|boost\n|-boost|p1b: Mudsdale|def|1\n|move|p1a: Bellibolt|Light Screen|p1a: Bellibolt\n|-sidestart|p1: Tairasan|move: Light Screen\n|move|p1b: Mudsdale|Iron Head|p2a: Flutter Mane\n|-supereffective|p2a: Flutter Mane\n|-damage|p2a: Flutter Mane|0 fnt\n|faint|p2a: Flutter Mane\n|-end|p2a: Flutter Mane|Protosynthesis|[silent]\n|\n|win|Tairasan\n|raw|Tairasan's rating: 1125 → 1144<\/strong> (+19 for winning)\n|raw|Bander73's rating: 1047 → 1034<\/strong> (-13 for losing)\n|c|\u2606Bander73|ggs\n|l|\u2606Bander73\n","uploadtime":1682022970,"views":12,"p1id":"tairasan","p2id":"bander73","formatid":"gen9vgc2023regulationc","rating":1034,"private":0,"password":""}