{"id":"gen9vgc2023regulationc-1857073710","p1":"FlockOfDeagles","p2":"Blitzpanther3","format":"[Gen 9] VGC 2023 Regulation C","log":"|j|\u2606FlockOfDeagles\n|j|\u2606Blitzpanther3\n|t:|1683143187\n|gametype|doubles\n|player|p1|FlockOfDeagles|chuck|1113\n|player|p2|Blitzpanther3|brycenman|1092\n|teamsize|p1|6\n|teamsize|p2|6\n|gen|9\n|tier|[Gen 9] VGC 2023 Regulation C\n|rated|\n|rule|Species Clause: Limit one of each Pok\u00e9mon\n|rule|Item Clause: Limit one of each item\n|clearpoke\n|poke|p1|Abomasnow, L50, M|\n|poke|p1|Iron Bundle, L50|\n|poke|p1|Chi-Yu, L50|\n|poke|p1|Flutter Mane, L50|\n|poke|p1|Gyarados, L50, M|\n|poke|p1|Garchomp, L50, F|\n|poke|p2|Roaring Moon, L50|\n|poke|p2|Torkoal, L50, F|\n|poke|p2|Jumpluff, L50, M|\n|poke|p2|Wo-Chien, L50|\n|poke|p2|Flutter Mane, L50|\n|poke|p2|Chi-Yu, L50|\n|teampreview|4\n|inactive|Battle timer is ON: inactive players will automatically lose when time's up. (requested by FlockOfDeagles)\n|inactive|Blitzpanther3 has 60 seconds left.\n|\n|t:|1683143222\n|start\n|switch|p1a: MyBallsCold|Iron Bundle, L50|100\/100\n|switch|p1b: Gary Chompers|Garchomp, L50, F|100\/100\n|switch|p2a: Flutter Mane|Flutter Mane, L50|100\/100\n|switch|p2b: Wo-Chien|Wo-Chien, L50|100\/100\n|-ability|p2b: Wo-Chien|Tablets of Ruin\n|-enditem|p1a: MyBallsCold|Booster Energy\n|-activate|p1a: MyBallsCold|ability: Quark Drive|[fromitem]\n|-start|p1a: MyBallsCold|quarkdrivespe\n|turn|1\n|inactive|FlockOfDeagles has 30 seconds left.\n|inactive|FlockOfDeagles has 20 seconds left.\n|inactive|FlockOfDeagles has 15 seconds left.\n|inactive|FlockOfDeagles has 10 seconds left.\n|\n|t:|1683143270\n|move|p1a: MyBallsCold|Protect|p1a: MyBallsCold\n|-singleturn|p1a: MyBallsCold|Protect\n|move|p1b: Gary Chompers|Earthquake|p2a: Flutter Mane|[spread] p2a,p2b\n|-activate|p1a: MyBallsCold|move: Protect\n|-resisted|p2b: Wo-Chien\n|-damage|p2a: Flutter Mane|64\/100\n|-damage|p2b: Wo-Chien|87\/100\n|move|p2b: Wo-Chien|Leaf Storm|p1a: MyBallsCold\n|-activate|p1a: MyBallsCold|move: Protect\n|move|p2a: Flutter Mane|Trick Room|p2a: Flutter Mane\n|-fieldstart|move: Trick Room|[of] p2a: Flutter Mane\n|\n|upkeep\n|turn|2\n|\n|t:|1683143295\n|switch|p1b: OlBamaSnowden|Abomasnow, L50, M|100\/100\n|-weather|Snow|[from] ability: Snow Warning|[of] p1b: OlBamaSnowden\n|-terastallize|p1a: MyBallsCold|Ice\n|move|p2a: Flutter Mane|Dazzling Gleam|p1b: OlBamaSnowden|[spread] p1a,p1b\n|-damage|p1a: MyBallsCold|49\/100\n|-damage|p1b: OlBamaSnowden|74\/100\n|move|p2b: Wo-Chien|Pollen Puff|p2a: Flutter Mane\n|-heal|p2a: Flutter Mane|100\/100\n|move|p1a: MyBallsCold|Blizzard|p2a: Flutter Mane|[spread] p2a,p2b\n|-supereffective|p2b: Wo-Chien\n|-damage|p2a: Flutter Mane|52\/100\n|-damage|p2b: Wo-Chien|8\/100\n|\n|-weather|Snow|[upkeep]\n|upkeep\n|turn|3\n|inactive|FlockOfDeagles has 30 seconds left.\n|inactive|Blitzpanther3 has 30 seconds left.\n|\n|t:|1683143328\n|move|p1b: OlBamaSnowden|Ice Shard|p2b: Wo-Chien\n|-supereffective|p2b: Wo-Chien\n|-damage|p2b: Wo-Chien|0 fnt\n|faint|p2b: Wo-Chien\n|-damage|p1b: OlBamaSnowden|64\/100|[from] item: Life Orb\n|move|p2a: Flutter Mane|Dazzling Gleam|p1b: OlBamaSnowden|[spread] p1a,p1b\n|-damage|p1a: MyBallsCold|0 fnt\n|-damage|p1b: OlBamaSnowden|38\/100\n|faint|p1a: MyBallsCold\n|-end|p1a: MyBallsCold|Quark Drive|[silent]\n|\n|-weather|Snow|[upkeep]\n|upkeep\n|\n|t:|1683143339\n|switch|p2b: Torkoal|Torkoal, L50, F|100\/100\n|switch|p1a: Gary Chompers|Garchomp, L50, F|100\/100\n|-weather|SunnyDay|[from] ability: Drought|[of] p2b: Torkoal\n|-activate|p2a: Flutter Mane|ability: Protosynthesis\n|-start|p2a: Flutter Mane|protosynthesisspa\n|turn|4\n|\n|t:|1683143353\n|switch|p1b: Gyarados|Gyarados, L50, M|100\/100\n|-ability|p1b: Gyarados|Intimidate|boost\n|-unboost|p2a: Flutter Mane|atk|1\n|-unboost|p2b: Torkoal|atk|1\n|move|p2b: Torkoal|Eruption|p1b: Gyarados|[spread] p1a,p1b\n|-resisted|p1a: Gary Chompers\n|-resisted|p1b: Gyarados\n|-damage|p1a: Gary Chompers|44\/100\n|-damage|p1b: Gyarados|53\/100\n|move|p2a: Flutter Mane|Dazzling Gleam|p1b: Gyarados|[spread] p1a,p1b\n|-supereffective|p1a: Gary Chompers\n|-crit|p1b: Gyarados\n|-damage|p1a: Gary Chompers|0 fnt\n|-damage|p1b: Gyarados|2\/100\n|-enditem|p1b: Gyarados|Sitrus Berry|[eat]\n|-heal|p1b: Gyarados|27\/100|[from] item: Sitrus Berry\n|faint|p1a: Gary Chompers\n|\n|-weather|SunnyDay|[upkeep]\n|upkeep\n|c|\u2606FlockOfDeagles|Im so bad against TR\n|inactive|FlockOfDeagles has 30 seconds left.\n|c|\u2606FlockOfDeagles|I dont know how to play against it because not only is it TR but its weather too\n|inactive|FlockOfDeagles has 20 seconds left.\n|\n|t:|1683143389\n|switch|p1a: OlBamaSnowden|Abomasnow, L50, M|38\/100\n|-weather|Snow|[from] ability: Snow Warning|[of] p1a: OlBamaSnowden\n|-end|p2a: Flutter Mane|Protosynthesis\n|turn|5\n|c|\u2606Blitzpanther3|yea this is an unexpected team i have a lot of stuff thats not meta\n|inactive|Blitzpanther3 has 30 seconds left.\n|\n|t:|1683143415\n|move|p1b: Gyarados|Protect|p1b: Gyarados\n|-singleturn|p1b: Gyarados|Protect\n|move|p2b: Torkoal|Eruption|p1b: Gyarados|[spread] p1a\n|-activate|p1b: Gyarados|move: Protect\n|-supereffective|p1a: OlBamaSnowden\n|-damage|p1a: OlBamaSnowden|0 fnt\n|faint|p1a: OlBamaSnowden\n|move|p2a: Flutter Mane|Dazzling Gleam|p1b: Gyarados\n|-activate|p1b: Gyarados|move: Protect\n|\n|-weather|Snow|[upkeep]\n|-fieldend|move: Trick Room\n|upkeep\n|turn|6\n|c|\u2606FlockOfDeagles|I struggle with all TR teams honestly\n|-message|FlockOfDeagles forfeited.\n|\n|win|Blitzpanther3\n|raw|FlockOfDeagles's rating: 1113 → 1086<\/strong> (-27 for losing)\n|raw|Blitzpanther3's rating: 1092 → 1120<\/strong> (+28 for winning)\n|c|\u2606Blitzpanther3|yea trick room is tough, gg tho\n|l|\u2606Blitzpanther3\n|c|\u2606FlockOfDeagles|ggs\n","uploadtime":1683143453,"views":17,"p1id":"flockofdeagles","p2id":"blitzpanther3","formatid":"gen9vgc2023regulationc","rating":1086,"private":0,"password":""}