{"id":"gen9vgc2023regulationc-1858024390","p1":"a frustration alt","p2":"Ijustwantagarchomp","format":"[Gen 9] VGC 2023 Regulation C","log":"|j|\u2606a frustration alt\n|j|\u2606Ijustwantagarchomp\n|t:|1683262111\n|gametype|doubles\n|player|p1|a frustration alt|alder|1185\n|player|p2|Ijustwantagarchomp|169|1151\n|teamsize|p1|6\n|teamsize|p2|6\n|gen|9\n|tier|[Gen 9] VGC 2023 Regulation C\n|rated|\n|rule|Species Clause: Limit one of each Pok\u00e9mon\n|rule|Item Clause: Limit one of each item\n|clearpoke\n|poke|p1|Torkoal, L50, M|\n|poke|p1|Jumpluff, L50, F|\n|poke|p1|Flutter Mane, L50|\n|poke|p1|Great Tusk, L50|\n|poke|p1|Chien-Pao, L50|\n|poke|p1|Kingambit, L50, M|\n|poke|p2|Corviknight, L50, M|\n|poke|p2|Baxcalibur, L50, M|\n|poke|p2|Volcarona, L50, F|\n|poke|p2|Gastrodon, L50, F|\n|poke|p2|Scizor, L50, M|\n|poke|p2|Iron Hands, L50|\n|teampreview|4\n|inactive|Battle timer is ON: inactive players will automatically lose when time's up. (requested by a frustration alt)\n|inactive|a frustration alt has 60 seconds left.\n|inactive|Ijustwantagarchomp has 60 seconds left.\n|inactive|Ijustwantagarchomp has 30 seconds left.\n|\n|t:|1683262177\n|start\n|switch|p1a: Jumpluff|Jumpluff, L50, F|100\/100\n|switch|p1b: Torkoal|Torkoal, L50, M|100\/100\n|switch|p2a: Iron Hands|Iron Hands, L50|100\/100\n|switch|p2b: Scizor|Scizor, L50, M|100\/100\n|-weather|SunnyDay|[from] ability: Drought|[of] p1b: Torkoal\n|turn|1\n|inactive|a frustration alt has 30 seconds left.\n|inactive|Ijustwantagarchomp has 30 seconds left.\n|inactive|a frustration alt has 20 seconds left.\n|inactive|Ijustwantagarchomp has 20 seconds left.\n|inactive|a frustration alt has 15 seconds left.\n|inactive|Ijustwantagarchomp has 15 seconds left.\n|inactive|a frustration alt has 10 seconds left.\n|inactive|Ijustwantagarchomp has 10 seconds left.\n|inactive|a frustration alt has 5 seconds left.\n|\n|t:|1683262227\n|-terastallize|p2b: Scizor|Fire\n|move|p1a: Jumpluff|Sleep Powder|p2b: Scizor|[miss]\n|-miss|p1a: Jumpluff|p2b: Scizor\n|move|p2b: Scizor|U-turn|p1b: Torkoal\n|-resisted|p1b: Torkoal\n|-damage|p1b: Torkoal|88\/100\n|\n|t:|1683262244\n|switch|p2b: Volcarona|Volcarona, L50, F|100\/100|[from] U-turn\n|move|p2a: Iron Hands|Drain Punch|p1b: Torkoal\n|-damage|p1b: Torkoal|57\/100\n|move|p1b: Torkoal|Overheat|p2b: Volcarona|[miss]\n|-miss|p1b: Torkoal|p2b: Volcarona\n|\n|-weather|SunnyDay|[upkeep]\n|upkeep\n|turn|2\n|inactive|Ijustwantagarchomp has 30 seconds left.\n|\n|t:|1683262271\n|move|p1a: Jumpluff|Sleep Powder|p2a: Iron Hands\n|-status|p2a: Iron Hands|slp|[from] move: Sleep Powder\n|move|p2b: Volcarona|Heat Wave|p1a: Jumpluff|[spread] p1a,p1b\n|-supereffective|p1a: Jumpluff\n|-resisted|p1b: Torkoal\n|-damage|p1a: Jumpluff|0 fnt\n|-damage|p1b: Torkoal|31\/100\n|faint|p1a: Jumpluff\n|cant|p2a: Iron Hands|slp\n|move|p1b: Torkoal|Yawn|p2b: Volcarona\n|-start|p2b: Volcarona|move: Yawn|[of] p1b: Torkoal\n|\n|-weather|SunnyDay|[upkeep]\n|upkeep\n|\n|t:|1683262278\n|switch|p1a: Kingambit|Kingambit, L50, M|100\/100\n|turn|3\n|inactive|a frustration alt has 30 seconds left.\n|inactive|Ijustwantagarchomp has 30 seconds left.\n|inactive|Ijustwantagarchomp has 20 seconds left.\n|inactive|Ijustwantagarchomp has 15 seconds left.\n|inactive|Ijustwantagarchomp has 10 seconds left.\n|\n|t:|1683262324\n|-end|p2a: Iron Hands|Quark Drive|[silent]\n|switch|p2a: Scizor|Scizor, L50, M, tera:Fire|100\/100\n|-terastallize|p1a: Kingambit|Fire\n|move|p2b: Volcarona|Heat Wave|p1b: Torkoal|[spread] p1a,p1b\n|-resisted|p1a: Kingambit\n|-resisted|p1b: Torkoal\n|-damage|p1a: Kingambit|84\/100\n|-damage|p1b: Torkoal|4\/100\n|move|p1a: Kingambit|Kowtow Cleave|p2b: Volcarona\n|-damage|p2b: Volcarona|50\/100\n|move|p1b: Torkoal|Overheat|p2b: Volcarona\n|-damage|p2b: Volcarona|0 fnt\n|-unboost|p1b: Torkoal|spa|2\n|-enditem|p1b: Torkoal|Eject Pack\n|faint|p2b: Volcarona\n|\n|t:|1683262336\n|switch|p1b: Flutter Mane|Flutter Mane, L50|100\/100\n|-activate|p1b: Flutter Mane|ability: Protosynthesis\n|-start|p1b: Flutter Mane|protosynthesisspe\n|\n|-weather|SunnyDay|[upkeep]\n|upkeep\n|inactive|Ijustwantagarchomp has 30 seconds left.\n|\n|t:|1683262364\n|switch|p2b: Baxcalibur|Baxcalibur, L50, M|100\/100\n|turn|4\n|\n|t:|1683262382\n|-end|p1b: Flutter Mane|Protosynthesis|[silent]\n|switch|p1b: Torkoal|Torkoal, L50, M|4\/100\n|move|p2b: Baxcalibur|Protect|p2b: Baxcalibur\n|-singleturn|p2b: Baxcalibur|Protect\n|move|p2a: Scizor|Bullet Punch|p1b: Torkoal\n|-resisted|p1b: Torkoal\n|-damage|p1b: Torkoal|0 fnt\n|faint|p1b: Torkoal\n|move|p1a: Kingambit|Kowtow Cleave|p2a: Scizor\n|-damage|p2a: Scizor|41\/100\n|\n|-weather|SunnyDay|[upkeep]\n|upkeep\n|\n|t:|1683262394\n|switch|p1b: Flutter Mane|Flutter Mane, L50|100\/100\n|-activate|p1b: Flutter Mane|ability: Protosynthesis\n|-start|p1b: Flutter Mane|protosynthesisspe\n|turn|5\n|inactive|Ijustwantagarchomp has 30 seconds left.\n|\n|t:|1683262430\n|switch|p2b: Iron Hands|Iron Hands, L50|100\/100 slp\n|move|p2a: Scizor|Bullet Punch|p1b: Flutter Mane\n|-supereffective|p1b: Flutter Mane\n|-damage|p1b: Flutter Mane|11\/100\n|move|p1b: Flutter Mane|Shadow Ball|p2a: Scizor\n|-damage|p2a: Scizor|0 fnt\n|faint|p2a: Scizor\n|move|p1a: Kingambit|Iron Head|p2b: Iron Hands\n|-resisted|p2b: Iron Hands\n|-damage|p2b: Iron Hands|84\/100 slp\n|\n|-weather|none\n|-end|p1b: Flutter Mane|Protosynthesis\n|upkeep\n|\n|t:|1683262443\n|switch|p2a: Baxcalibur|Baxcalibur, L50, M|100\/100\n|turn|6\n|inactive|Ijustwantagarchomp has 30 seconds left.\n|inactive|Ijustwantagarchomp has 20 seconds left.\n|inactive|Ijustwantagarchomp has 15 seconds left.\n|\n|t:|1683262484\n|move|p1b: Flutter Mane|Shadow Ball|p2b: Iron Hands\n|-damage|p2b: Iron Hands|53\/100 slp\n|move|p2a: Baxcalibur|Icicle Spear|p1b: Flutter Mane\n|-damage|p1b: Flutter Mane|0 fnt\n|faint|p1b: Flutter Mane\n|-end|p1b: Flutter Mane|Protosynthesis|[silent]\n|-hitcount|p1: Flutter Mane|1\n|move|p1a: Kingambit|Iron Head|p2a: Baxcalibur\n|-supereffective|p2a: Baxcalibur\n|-damage|p2a: Baxcalibur|17\/100\n|cant|p2b: Iron Hands|slp\n|\n|upkeep\n|turn|7\n|\n|t:|1683262509\n|move|p2a: Baxcalibur|Protect|p2a: Baxcalibur\n|-singleturn|p2a: Baxcalibur|Protect\n|move|p1a: Kingambit|Sucker Punch||[still]\n|-fail|p1a: Kingambit\n|cant|p2b: Iron Hands|slp\n|\n|upkeep\n|turn|8\n|\n|t:|1683262526\n|move|p1a: Kingambit|Sucker Punch||[still]\n|-fail|p1a: Kingambit\n|move|p2a: Baxcalibur|Dragon Dance|p2a: Baxcalibur\n|-boost|p2a: Baxcalibur|atk|1\n|-boost|p2a: Baxcalibur|spe|1\n|-curestatus|p2b: Iron Hands|slp|[msg]\n|move|p2b: Iron Hands|Drain Punch|p1a: Kingambit\n|-damage|p1a: Kingambit|52\/100\n|-heal|p2b: Iron Hands|66\/100|[from] drain|[of] p1a: Kingambit\n|\n|upkeep\n|turn|9\n|-message|a frustration alt forfeited.\n|\n|win|Ijustwantagarchomp\n|raw|a frustration alt's rating: 1185 → 1158<\/strong> (-27 for losing)\n|raw|Ijustwantagarchomp's rating: 1151 → 1178<\/strong> (+27 for winning)\n|l|\u2606a frustration alt\n","uploadtime":1683262560,"views":9,"p1id":"afrustrationalt","p2id":"ijustwantagarchomp","formatid":"gen9vgc2023regulationc","rating":1158,"private":0,"password":""}