{"id":"gen9vgc2023regulationc-1858731551","p1":"MilyMystic","p2":"IxLAMPxI","format":"[Gen 9] VGC 2023 Regulation C","log":"|j|\u2606MilyMystic\n|j|\u2606IxLAMPxI\n|t:|1683349945\n|gametype|doubles\n|player|p1|MilyMystic|pokemonrangerf|1067\n|player|p2|IxLAMPxI|backpacker|1140\n|teamsize|p1|6\n|teamsize|p2|6\n|gen|9\n|tier|[Gen 9] VGC 2023 Regulation C\n|rated|\n|rule|Species Clause: Limit one of each Pok\u00e9mon\n|rule|Item Clause: Limit one of each item\n|clearpoke\n|poke|p1|Arcanine, L50, F|\n|poke|p1|Amoonguss, L50, F|\n|poke|p1|Palafin, L50, F|\n|poke|p1|Ting-Lu, L50|\n|poke|p1|Flutter Mane, L50|\n|poke|p1|Dragonite, L50, F|\n|poke|p2|Arcanine, L50, M|\n|poke|p2|Abomasnow, L50, F|\n|poke|p2|Iron Bundle, L50|\n|poke|p2|Palafin, L50, F|\n|poke|p2|Murkrow, L50, F|\n|poke|p2|Gholdengo, L50|\n|teampreview|4\n|inactive|Battle timer is ON: inactive players will automatically lose when time's up. (requested by MilyMystic)\n|inactive|IxLAMPxI has 60 seconds left.\n|\n|t:|1683350034\n|start\n|switch|p1a: Palafin|Palafin, L50, F|100\/100\n|switch|p1b: Arcanine|Arcanine, L50, F|100\/100\n|switch|p2a: Iron Bundle|Iron Bundle, L50|100\/100\n|switch|p2b: Palafin|Palafin, L50, F|100\/100\n|-ability|p1b: Arcanine|Intimidate|boost\n|-unboost|p2a: Iron Bundle|atk|1\n|-unboost|p2b: Palafin|atk|1\n|-enditem|p2a: Iron Bundle|Booster Energy\n|-activate|p2a: Iron Bundle|ability: Quark Drive|[fromitem]\n|-start|p2a: Iron Bundle|quarkdrivespe\n|turn|1\n|inactive|MilyMystic has 30 seconds left.\n|inactive|IxLAMPxI has 30 seconds left.\n|\n|t:|1683350062\n|detailschange|p1a: Palafin|Palafin-Hero, L50, F\n|switch|p1a: Ting-Lu|Ting-Lu, L50|100\/100\n|-ability|p1a: Ting-Lu|Vessel of Ruin\n|move|p2a: Iron Bundle|Freeze-Dry|p1a: Ting-Lu\n|-supereffective|p1a: Ting-Lu\n|-damage|p1a: Ting-Lu|69\/100\n|-status|p1a: Ting-Lu|frz\n|move|p2b: Palafin|Wave Crash|p1b: Arcanine\n|-supereffective|p1b: Arcanine\n|-damage|p1b: Arcanine|23\/100\n|-damage|p2b: Palafin|76\/100|[from] Recoil\n|move|p1b: Arcanine|Howl|p1b: Arcanine|[spread] p1a,p1b\n|-boost|p1a: Ting-Lu|atk|1\n|-boost|p1b: Arcanine|atk|1\n|\n|-heal|p1a: Ting-Lu|75\/100 frz|[from] item: Leftovers\n|upkeep\n|turn|2\n|inactive|MilyMystic has 30 seconds left.\n|inactive|IxLAMPxI has 30 seconds left.\n|inactive|IxLAMPxI has 20 seconds left.\n|inactive|IxLAMPxI has 15 seconds left.\n|inactive|IxLAMPxI has 10 seconds left.\n|\n|t:|1683350111\n|move|p1b: Arcanine|Extreme Speed|p2a: Iron Bundle\n|-damage|p2a: Iron Bundle|62\/100\n|move|p2a: Iron Bundle|Freeze-Dry|p1a: Ting-Lu\n|-supereffective|p1a: Ting-Lu\n|-damage|p1a: Ting-Lu|40\/100 frz\n|move|p2b: Palafin|Wave Crash|p1a: Ting-Lu\n|-supereffective|p1a: Ting-Lu\n|-damage|p1a: Ting-Lu|3\/100 frz\n|-damage|p2b: Palafin|61\/100|[from] Recoil\n|cant|p1a: Ting-Lu|frz\n|\n|-heal|p1a: Ting-Lu|9\/100 frz|[from] item: Leftovers\n|upkeep\n|turn|3\n|\n|t:|1683350135\n|move|p1b: Arcanine|Extreme Speed|p2b: Palafin\n|-damage|p2b: Palafin|18\/100\n|move|p2b: Palafin|Jet Punch|p1a: Ting-Lu\n|-supereffective|p1a: Ting-Lu\n|-damage|p1a: Ting-Lu|0 fnt\n|faint|p1a: Ting-Lu\n|move|p2a: Iron Bundle|Freeze-Dry|p1b: Arcanine\n|-resisted|p1b: Arcanine\n|-damage|p1b: Arcanine|6\/100\n|-status|p1b: Arcanine|frz\n|\n|upkeep\n|\n|t:|1683350152\n|switch|p1a: Palafin|Palafin-Hero, L50, F|100\/100\n|-activate|p1a: Palafin|ability: Zero to Hero\n|turn|4\n|\n|t:|1683350165\n|move|p2b: Palafin|Protect|p2b: Palafin\n|-singleturn|p2b: Palafin|Protect\n|move|p1a: Palafin|Protect|p1a: Palafin\n|-singleturn|p1a: Palafin|Protect\n|cant|p1b: Arcanine|frz\n|move|p2a: Iron Bundle|Freeze-Dry|p1a: Palafin\n|-activate|p1a: Palafin|move: Protect\n|\n|upkeep\n|turn|5\n|\n|t:|1683350186\n|detailschange|p2b: Palafin|Palafin-Hero, L50, F\n|switch|p2b: Gholdengo|Gholdengo, L50|100\/100\n|cant|p1b: Arcanine|frz\n|move|p2a: Iron Bundle|Freeze-Dry|p1a: Palafin\n|-supereffective|p1a: Palafin\n|-damage|p1a: Palafin|24\/100\n|move|p1a: Palafin|Substitute|p1a: Palafin\n|-fail|p1a: Palafin|move: Substitute|[weak]\n|\n|upkeep\n|turn|6\n|inactive|IxLAMPxI has 30 seconds left.\n|\n|t:|1683350213\n|-end|p2a: Iron Bundle|Quark Drive|[silent]\n|switch|p2a: Murkrow|Murkrow, L50, F|100\/100\n|cant|p1b: Arcanine|frz\n|move|p1a: Palafin|Jet Punch|p2a: Murkrow\n|-damage|p2a: Murkrow|9\/100\n|move|p2b: Gholdengo|Make It Rain|p1b: Arcanine|[spread] p1a,p1b\n|-resisted|p1a: Palafin\n|-resisted|p1b: Arcanine\n|-damage|p1a: Palafin|0 fnt\n|-damage|p1b: Arcanine|0 fnt\n|-unboost|p2b: Gholdengo|spa|1\n|faint|p1a: Palafin\n|faint|p1b: Arcanine\n|\n|upkeep\n|-message|MilyMystic forfeited.\n|\n|win|IxLAMPxI\n|raw|MilyMystic's rating: 1067 → 1051<\/strong> (-16 for losing)\n|raw|IxLAMPxI's rating: 1140 → 1160<\/strong> (+20 for winning)\n|l|\u2606MilyMystic\n","uploadtime":1683350230,"views":10,"p1id":"milymystic","p2id":"ixlampxi","formatid":"gen9vgc2023regulationc","rating":1051,"private":0,"password":""}