{"id":"gen9vgc2023regulationc-1858647516","p1":"Kyogre33","p2":"dojanemperor","format":"[Gen 9] VGC 2023 Regulation C","log":"|j|\u2606Kyogre33\n|j|\u2606dojanemperor\n|t:|1683336999\n|gametype|doubles\n|player|p1|Kyogre33|steven|1155\n|player|p2|dojanemperor|giovanni-masters|1236\n|teamsize|p1|6\n|teamsize|p2|6\n|gen|9\n|tier|[Gen 9] VGC 2023 Regulation C\n|rated|\n|rule|Species Clause: Limit one of each Pok\u00e9mon\n|rule|Item Clause: Limit one of each item\n|clearpoke\n|poke|p1|Chi-Yu, L50|\n|poke|p1|Iron Bundle, L50|\n|poke|p1|Flutter Mane, L50|\n|poke|p1|Arcanine, L50, M|\n|poke|p1|Iron Hands, L50|\n|poke|p1|Chien-Pao, L50|\n|poke|p2|Iron Bundle, L50|\n|poke|p2|Arcanine, L50, F|\n|poke|p2|Indeedee, L50, M|\n|poke|p2|Great Tusk, L50|\n|poke|p2|Armarouge, L50, M|\n|poke|p2|Flamigo, L50, M|\n|teampreview|4\nKyogre33 has agreed to open team sheets.\n|inactive|Battle timer is ON: inactive players will automatically lose when time's up. (requested by Kyogre33)\n|c|\u2606dojanemperor|sry im practicing for an event with closed sheets\n|c|\u2606Kyogre33|#bruhmoment\n|c|\u2606Kyogre33|nah its fine\n|inactive|Kyogre33 has 60 seconds left.\n|\n|t:|1683337060\n|start\n|switch|p1a: Chi-Yu|Chi-Yu, L50|100\/100\n|switch|p1b: Flutter Mane|Flutter Mane, L50|100\/100\n|switch|p2a: Iron Bundle|Iron Bundle, L50|100\/100\n|switch|p2b: Armarouge|Armarouge, L50, M|100\/100\n|-ability|p1a: Chi-Yu|Beads of Ruin\n|turn|1\n|inactive|dojanemperor has 30 seconds left.\n|inactive|Kyogre33 has 30 seconds left.\n|c|\u2606Kyogre33|flip turn into armarouge and switch correct?\n|inactive|dojanemperor has 20 seconds left.\n|inactive|Kyogre33 has 20 seconds left.\n|c|\u2606dojanemperor|yea howd u know\n|\n|t:|1683337104\n|-end|p1b: Flutter Mane|Protosynthesis|[silent]\n|switch|p1b: Chien-Pao|Chien-Pao, L50|100\/100\n|-ability|p1b: Chien-Pao|Sword of Ruin\n|move|p2a: Iron Bundle|Icy Wind|p1b: Chien-Pao|[spread] p1b\n|-miss|p2a: Iron Bundle|p1a: Chi-Yu\n|-resisted|p1b: Chien-Pao\n|-damage|p1b: Chien-Pao|79\/100\n|-unboost|p1b: Chien-Pao|spe|1\n|move|p1a: Chi-Yu|Dark Pulse|p2b: Armarouge\n|-supereffective|p2b: Armarouge\n|-damage|p2b: Armarouge|0 fnt\n|faint|p2b: Armarouge\n|\n|upkeep\n|c|\u2606Kyogre33|its obvious\n|c|\u2606dojanemperor|MISS!\n|c|\u2606Kyogre33|didn't really matter\n|c|\u2606dojanemperor|i armor cannoned the chien pao btw\n|c|\u2606Kyogre33|oh\n|\n|t:|1683337128\n|switch|p2b: Arcanine|Arcanine, L50, F|100\/100\n|-ability|p2b: Arcanine|Intimidate|boost\n|-unboost|p1a: Chi-Yu|atk|1\n|-unboost|p1b: Chien-Pao|atk|1\n|turn|2\n|c|\u2606Kyogre33|nvm\n|\n|t:|1683337151\n|switch|p1b: Arcanine|Arcanine, L50, M|100\/100\n|-ability|p1b: Arcanine|Intimidate|boost\n|-unboost|p2a: Iron Bundle|atk|1\n|-unboost|p2b: Arcanine|atk|1\n|-terastallize|p1a: Chi-Yu|Grass\n|move|p2a: Iron Bundle|Icy Wind|p1a: Chi-Yu|[spread] p1a,p1b\n|-supereffective|p1a: Chi-Yu\n|-resisted|p1b: Arcanine\n|-damage|p1a: Chi-Yu|54\/100\n|-damage|p1b: Arcanine|84\/100\n|-unboost|p1a: Chi-Yu|spe|1\n|-unboost|p1b: Arcanine|spe|1\n|move|p2b: Arcanine|Flare Blitz|p1a: Chi-Yu\n|-supereffective|p1a: Chi-Yu\n|-damage|p1a: Chi-Yu|0 fnt\n|faint|p1a: Chi-Yu\n|-damage|p2b: Arcanine|88\/100|[from] Recoil\n|\n|upkeep\n|c|\u2606Kyogre33|oh\n|c|\u2606Kyogre33|oopsies\n|\n|t:|1683337168\n|switch|p1a: Flutter Mane|Flutter Mane, L50|100\/100\n|turn|3\n|inactive|Kyogre33 has 30 seconds left.\n|\n|t:|1683337198\n|-end|p1a: Flutter Mane|Protosynthesis|[silent]\n|switch|p1a: Chien-Pao|Chien-Pao, L50|79\/100\n|-ability|p1a: Chien-Pao|Sword of Ruin\n|move|p2a: Iron Bundle|Icy Wind|p1a: Chien-Pao|[spread] p1a,p1b\n|-resisted|p1a: Chien-Pao\n|-resisted|p1b: Arcanine\n|-damage|p1a: Chien-Pao|64\/100\n|-damage|p1b: Arcanine|72\/100\n|-unboost|p1a: Chien-Pao|spe|1\n|-unboost|p1b: Arcanine|spe|1\n|move|p2b: Arcanine|Snarl|p1b: Arcanine|[spread] p1a,p1b\n|-resisted|p1a: Chien-Pao\n|-damage|p1a: Chien-Pao|57\/100\n|-damage|p1b: Arcanine|62\/100\n|-unboost|p1a: Chien-Pao|spa|1\n|-unboost|p1b: Arcanine|spa|1\n|move|p1b: Arcanine|Flare Blitz|p2a: Iron Bundle\n|-damage|p2a: Iron Bundle|18\/100\n|-damage|p1b: Arcanine|44\/100|[from] Recoil\n|\n|upkeep\n|turn|4\n|c|\u2606Kyogre33|scarf bundle?\n|c|\u2606dojanemperor|yea\n|inactive|dojanemperor has 30 seconds left.\n|\n|t:|1683337231\n|move|p1a: Chien-Pao|Protect|p1a: Chien-Pao\n|-singleturn|p1a: Chien-Pao|Protect\n|move|p2a: Iron Bundle|Icy Wind|p1b: Arcanine|[spread] p1b\n|-activate|p1a: Chien-Pao|move: Protect\n|-resisted|p1b: Arcanine\n|-damage|p1b: Arcanine|32\/100\n|-unboost|p1b: Arcanine|spe|1\n|move|p2b: Arcanine|Flare Blitz|p1a: Chien-Pao\n|-activate|p1a: Chien-Pao|move: Protect\n|move|p1b: Arcanine|Howl|p1b: Arcanine|[spread] p1a,p1b\n|-boost|p1a: Chien-Pao|atk|1\n|-boost|p1b: Arcanine|atk|1\n|\n|upkeep\n|turn|5\n|\n|t:|1683337248\n|move|p1a: Chien-Pao|Sucker Punch|p2b: Arcanine\n|-damage|p2b: Arcanine|9\/100\n|move|p2a: Iron Bundle|Icy Wind|p1b: Arcanine|[spread] p1a,p1b\n|-resisted|p1a: Chien-Pao\n|-resisted|p1b: Arcanine\n|-damage|p1a: Chien-Pao|40\/100\n|-damage|p1b: Arcanine|21\/100\n|-unboost|p1a: Chien-Pao|spe|1\n|-unboost|p1b: Arcanine|spe|1\n|move|p2b: Arcanine|Flare Blitz|p1a: Chien-Pao\n|-supereffective|p1a: Chien-Pao\n|-damage|p1a: Chien-Pao|0 fnt\n|faint|p1a: Chien-Pao\n|-damage|p2b: Arcanine|0 fnt|[from] Recoil\n|faint|p2b: Arcanine\n|move|p1b: Arcanine|Flare Blitz|p2a: Iron Bundle\n|-damage|p2a: Iron Bundle|0 fnt\n|faint|p2a: Iron Bundle\n|-end|p2a: Iron Bundle|Quark Drive|[silent]\n|-damage|p1b: Arcanine|17\/100|[from] Recoil\n|\n|upkeep\n|c|\u2606dojanemperor|maybe i shouldnt have confirmed that yet...\n|\n|t:|1683337259\n|switch|p2a: Great Tusk|Great Tusk, L50|100\/100\n|switch|p1a: Flutter Mane|Flutter Mane, L50|100\/100\n|-enditem|p2a: Great Tusk|Booster Energy\n|-activate|p2a: Great Tusk|ability: Protosynthesis|[fromitem]\n|-start|p2a: Great Tusk|protosynthesisatk\n|turn|6\n|\n|t:|1683337280\n|move|p1a: Flutter Mane|Protect|p1a: Flutter Mane\n|-singleturn|p1a: Flutter Mane|Protect\n|move|p2a: Great Tusk|Rock Slide|p1b: Arcanine|[spread] p1b\n|-activate|p1a: Flutter Mane|move: Protect\n|-supereffective|p1b: Arcanine\n|-damage|p1b: Arcanine|0 fnt\n|faint|p1b: Arcanine\n|\n|upkeep\n|turn|7\n|\n|t:|1683337293\n|move|p2a: Great Tusk|Protect|p2a: Great Tusk\n|-singleturn|p2a: Great Tusk|Protect\n|move|p1a: Flutter Mane|Moonblast|p2a: Great Tusk\n|-activate|p2a: Great Tusk|move: Protect\n|\n|upkeep\n|turn|8\n|\n|t:|1683337302\n|move|p1a: Flutter Mane|Moonblast|p2a: Great Tusk\n|-supereffective|p2a: Great Tusk\n|-damage|p2a: Great Tusk|0 fnt\n|faint|p2a: Great Tusk\n|-end|p2a: Great Tusk|Protosynthesis|[silent]\n|\n|win|Kyogre33\n|raw|Kyogre33's rating: 1155 → 1186<\/strong> (+31 for winning)\n|raw|dojanemperor's rating: 1236 → 1205<\/strong> (-31 for losing)\n|c|\u2606dojanemperor|gg\n|c|\u2606Kyogre33|gg\n|l|\u2606Kyogre33\n","uploadtime":1683337312,"views":7,"p1id":"kyogre33","p2id":"dojanemperor","formatid":"gen9vgc2023regulationc","rating":1186,"private":0,"password":""}