{"id":"gen9vgc2023regulationc-1847408039","p1":"TeacherGus","p2":"ANTIVALLEY","format":"[Gen 9] VGC 2023 Regulation C","log":"|j|\u2606TeacherGus\n|j|\u2606ANTIVALLEY\n|t:|1681951584\n|gametype|doubles\n|player|p1|TeacherGus|1|1178\n|player|p2|ANTIVALLEY|penny|1280\n|teamsize|p1|6\n|teamsize|p2|6\n|gen|9\n|tier|[Gen 9] VGC 2023 Regulation C\n|rated|\n|rule|Species Clause: Limit one of each Pok\u00e9mon\n|rule|Item Clause: Limit one of each item\n|clearpoke\n|poke|p1|Talonflame, L50, M|\n|poke|p1|Palafin, L50, F|\n|poke|p1|Great Tusk, L50|\n|poke|p1|Amoonguss, L50, F|\n|poke|p1|Grimmsnarl, L50, M|\n|poke|p1|Gholdengo, L50|\n|poke|p2|Orthworm, L50, F|\n|poke|p2|Dragonite, L50, M|\n|poke|p2|Ting-Lu, L50|\n|poke|p2|Gyarados, L50, F|\n|poke|p2|Flutter Mane, L50|\n|poke|p2|Chien-Pao, L50|\n|teampreview|4\nANTIVALLEY rejected open team sheets.\n|\n|t:|1681951657\n|start\n|switch|p1a: Palafin|Palafin, L50, F|100\/100\n|switch|p1b: Great Tusk|Great Tusk, L50|100\/100\n|switch|p2a: Gyarados|Gyarados, L50, F|100\/100\n|switch|p2b: Ting-Lu|Ting-Lu, L50|100\/100\n|-ability|p2a: Gyarados|Intimidate|boost\n|-unboost|p1a: Palafin|atk|1\n|-unboost|p1b: Great Tusk|atk|1\n|-ability|p2b: Ting-Lu|Vessel of Ruin\n|turn|1\n|\n|t:|1681951693\n|-terastallize|p1b: Great Tusk|Water\n|move|p1a: Palafin|Haze|p1a: Palafin\n|-clearallboost\n|move|p2a: Gyarados|Thunder Wave|p1a: Palafin\n|-status|p1a: Palafin|par\n|move|p1b: Great Tusk|Close Combat|p2b: Ting-Lu\n|-supereffective|p2b: Ting-Lu\n|-damage|p2b: Ting-Lu|7\/100\n|-unboost|p1b: Great Tusk|def|1\n|-unboost|p1b: Great Tusk|spd|1\n|move|p2b: Ting-Lu|Earthquake|p1a: Palafin|[spread] p1a,p1b\n|-immune|p2a: Gyarados\n|-damage|p1a: Palafin|33\/100 par\n|-damage|p1b: Great Tusk|54\/100\n|\n|upkeep\n|turn|2\n|\n|t:|1681951731\n|switch|p2b: Dragonite|Dragonite, L50, M|100\/100\n|detailschange|p1a: Palafin|Palafin-Hero, L50, F\n|switch|p1a: Talonflame|Talonflame, L50, M|100\/100\n|move|p2a: Gyarados|Thunder Wave|p1b: Great Tusk\n|-status|p1b: Great Tusk|par\n|move|p1b: Great Tusk|Rock Slide|p2a: Gyarados|[spread] p2a,p2b\n|-supereffective|p2a: Gyarados\n|-supereffective|p2b: Dragonite\n|-damage|p2a: Gyarados|57\/100\n|-damage|p2b: Dragonite|76\/100\n|\n|upkeep\n|turn|3\n|inactive|Battle timer is ON: inactive players will automatically lose when time's up. (requested by TeacherGus)\n|\n|t:|1681951801\n|move|p1a: Talonflame|Tailwind|p1a: Talonflame\n|-sidestart|p1: TeacherGus|move: Tailwind\n|move|p2b: Dragonite|Dragon Dance|p2b: Dragonite\n|-boost|p2b: Dragonite|atk|1\n|-boost|p2b: Dragonite|spe|1\n|move|p2a: Gyarados|Waterfall|p1b: Great Tusk\n|-resisted|p1b: Great Tusk\n|-damage|p1b: Great Tusk|38\/100 par\n|cant|p1b: Great Tusk|par\n|\n|upkeep\n|turn|4\n|inactive|ANTIVALLEY has 30 seconds left.\n|inactive|ANTIVALLEY has 20 seconds left.\n|inactive|ANTIVALLEY has 15 seconds left.\n|\n|t:|1681951842\n|-terastallize|p2b: Dragonite|Flying\n|move|p1a: Talonflame|Brave Bird|p2a: Gyarados\n|-damage|p2a: Gyarados|10\/100\n|-damage|p1a: Talonflame|80\/100|[from] Recoil\n|move|p2b: Dragonite|Tera Blast|p1b: Great Tusk\n|-damage|p1b: Great Tusk|0 fnt\n|faint|p1b: Great Tusk\n|-end|p1b: Great Tusk|Protosynthesis|[silent]\n|move|p2a: Gyarados|Waterfall|p1a: Talonflame\n|-supereffective|p1a: Talonflame\n|-damage|p1a: Talonflame|0 fnt\n|faint|p1a: Talonflame\n|\n|upkeep\n|\n|t:|1681951857\n|switch|p1a: Palafin|Palafin-Hero, L50, F|33\/100 par\n|switch|p1b: Gholdengo|Gholdengo, L50|100\/100\n|-activate|p1a: Palafin|ability: Zero to Hero\n|turn|5\n|\n|t:|1681951879\n|move|p1b: Gholdengo|Nasty Plot|p1b: Gholdengo\n|-boost|p1b: Gholdengo|spa|2\n|move|p2b: Dragonite|Earthquake|p1a: Palafin|[spread] p1a,p1b\n|-immune|p2a: Gyarados\n|-supereffective|p1b: Gholdengo\n|-damage|p1a: Palafin|0 fnt\n|-damage|p1b: Gholdengo|15\/100\n|faint|p1a: Palafin\n|move|p2a: Gyarados|Bulldoze|p1b: Gholdengo|[spread] p1b\n|-immune|p2b: Dragonite\n|-supereffective|p1b: Gholdengo\n|-damage|p1b: Gholdengo|0 fnt\n|faint|p1b: Gholdengo\n|\n|win|ANTIVALLEY\n|raw|TeacherGus's rating: 1178 → 1160<\/strong> (-18 for losing)\n|raw|ANTIVALLEY's rating: 1280 → 1298<\/strong> (+18 for winning)\n","uploadtime":1681951891,"views":8,"p1id":"teachergus","p2id":"antivalley","formatid":"gen9vgc2023regulationc","rating":1160,"private":0,"password":""}