{"id":"gen9vgc2023regulationc-1860132666","p1":"Nehzzy","p2":"potinki","format":"[Gen 9] VGC 2023 Regulation C","log":"|j|\u2606Nehzzy\n|j|\u2606potinki\n|t:|1683599106\n|gametype|doubles\n|player|p1|Nehzzy|2|1396\n|player|p2|potinki|acerola|1486\n|teamsize|p1|6\n|teamsize|p2|6\n|gen|9\n|tier|[Gen 9] VGC 2023 Regulation C\n|rated|\n|rule|Species Clause: Limit one of each Pok\u00e9mon\n|rule|Item Clause: Limit one of each item\n|clearpoke\n|poke|p1|Scream Tail, L50|\n|poke|p1|Gothitelle, L50, M|\n|poke|p1|Ting-Lu, L50|\n|poke|p1|Amoonguss, L50, M|\n|poke|p1|Flutter Mane, L50|\n|poke|p1|Iron Hands, L50|\n|poke|p2|Scizor, L50, F|\n|poke|p2|Palafin, L50, M|\n|poke|p2|Dragonite, L50, M|\n|poke|p2|Chien-Pao, L50|\n|poke|p2|Flutter Mane, L50|\n|poke|p2|Amoonguss, L50, M|\n|teampreview|4\nNehzzy has agreed to open team sheets.\n|inactive|Battle timer is ON: inactive players will automatically lose when time's up. (requested by potinki)\n|inactive|Nehzzy has 60 seconds left.\n|\n|t:|1683599175\n|start\n|switch|p1a: Scream Tail|Scream Tail, L50, shiny|100\/100\n|switch|p1b: Gothitelle|Gothitelle, L50, M|100\/100\n|switch|p2a: Scizor|Scizor, L50, F|100\/100\n|switch|p2b: Amoonguss|Amoonguss, L50, M|100\/100\n|-enditem|p1a: Scream Tail|Booster Energy\n|-activate|p1a: Scream Tail|ability: Protosynthesis|[fromitem]\n|-start|p1a: Scream Tail|protosynthesisspe\n|turn|1\n|\n|t:|1683599196\n|move|p1b: Gothitelle|Fake Out|p2a: Scizor\n|-resisted|p2a: Scizor\n|-damage|p2a: Scizor|98\/100\n|move|p1a: Scream Tail|Perish Song|p1a: Scream Tail\n|-start|p1a: Scream Tail|perish3|[silent]\n|-start|p1b: Gothitelle|perish3|[silent]\n|-start|p2a: Scizor|perish3|[silent]\n|-start|p2b: Amoonguss|perish3|[silent]\n|-fieldactivate|move: Perish Song\n|cant|p2a: Scizor|flinch\n|move|p2b: Amoonguss|Spore|p1b: Gothitelle\n|-status|p1b: Gothitelle|slp|[from] move: Spore\n|\n|-start|p1a: Scream Tail|perish3\n|-start|p2a: Scizor|perish3\n|-start|p1b: Gothitelle|perish3\n|-start|p2b: Amoonguss|perish3\n|upkeep\n|turn|2\n|inactive|Nehzzy has 30 seconds left.\n|\n|t:|1683599229\n|move|p1a: Scream Tail|Protect|p1a: Scream Tail\n|-singleturn|p1a: Scream Tail|Protect\n|cant|p1b: Gothitelle|slp\n|move|p2a: Scizor|U-turn|p1b: Gothitelle\n|-supereffective|p1b: Gothitelle\n|-damage|p1b: Gothitelle|29\/100 slp\n|-enditem|p1b: Gothitelle|Sitrus Berry|[eat]\n|-heal|p1b: Gothitelle|54\/100 slp|[from] item: Sitrus Berry\n|\n|t:|1683599238\n|switch|p2a: Dragonite|Dragonite, L50, M|100\/100|[from] U-turn\n|move|p2b: Amoonguss|Spore|p1a: Scream Tail\n|-activate|p1a: Scream Tail|move: Protect\n|\n|-start|p1a: Scream Tail|perish2\n|-start|p1b: Gothitelle|perish2\n|-start|p2b: Amoonguss|perish2\n|upkeep\n|turn|3\n|inactive|Nehzzy has 30 seconds left.\n|inactive|Nehzzy has 20 seconds left.\n|inactive|Nehzzy has 15 seconds left.\n|\n|t:|1683599280\n|-terastallize|p2a: Dragonite|Flying\n|-curestatus|p1b: Gothitelle|slp|[msg]\n|move|p1b: Gothitelle|Protect|p1b: Gothitelle\n|-singleturn|p1b: Gothitelle|Protect\n|move|p1a: Scream Tail|Perish Song|p1a: Scream Tail\n|-start|p2a: Dragonite|perish3|[silent]\n|-fieldactivate|move: Perish Song\n|move|p2a: Dragonite|Tera Blast|p1b: Gothitelle\n|-activate|p1b: Gothitelle|move: Protect\n|move|p2b: Amoonguss|Spore|p1a: Scream Tail\n|-status|p1a: Scream Tail|slp|[from] move: Spore\n|\n|-start|p1a: Scream Tail|perish1\n|-start|p2a: Dragonite|perish3\n|-start|p1b: Gothitelle|perish1\n|-start|p2b: Amoonguss|perish1\n|upkeep\n|turn|4\n|inactive|potinki has 30 seconds left.\n|\n|t:|1683599314\n|-end|p1a: Scream Tail|Protosynthesis|[silent]\n|switch|p1a: Flutter Mane|Flutter Mane, L50|100\/100\n|switch|p1b: Ting-Lu|Ting-Lu, L50|100\/100\n|-ability|p1b: Ting-Lu|Vessel of Ruin\n|move|p2a: Dragonite|Tera Blast|p1b: Ting-Lu\n|-damage|p1b: Ting-Lu|45\/100\n|move|p2b: Amoonguss|Spore|p1b: Ting-Lu\n|-status|p1b: Ting-Lu|slp|[from] move: Spore\n|\n|-start|p2a: Dragonite|perish2\n|-start|p2b: Amoonguss|perish0\n|upkeep\n|faint|p2b: Amoonguss\n|\n|t:|1683599326\n|switch|p2b: Chien-Pao|Chien-Pao, L50|100\/100\n|-ability|p2b: Chien-Pao|Sword of Ruin\n|turn|5\n|inactive|Nehzzy has 30 seconds left.\n|\n|t:|1683599351\n|switch|p2a: Scizor|Scizor, L50, F|98\/100\n|switch|p1b: Gothitelle|Gothitelle, L50, M|54\/100\n|move|p2b: Chien-Pao|Ice Spinner|p1b: Gothitelle\n|-damage|p1b: Gothitelle|3\/100\n|move|p1a: Flutter Mane|Perish Song|p1a: Flutter Mane\n|-start|p1a: Flutter Mane|perish3|[silent]\n|-start|p1b: Gothitelle|perish3|[silent]\n|-start|p2a: Scizor|perish3|[silent]\n|-start|p2b: Chien-Pao|perish3|[silent]\n|-fieldactivate|move: Perish Song\n|\n|-start|p2b: Chien-Pao|perish3\n|-start|p1a: Flutter Mane|perish3\n|-start|p2a: Scizor|perish3\n|-start|p1b: Gothitelle|perish3\n|upkeep\n|turn|6\n|inactive|potinki has 30 seconds left.\n|\n|t:|1683599385\n|move|p1a: Flutter Mane|Protect|p1a: Flutter Mane\n|-singleturn|p1a: Flutter Mane|Protect\n|move|p1b: Gothitelle|Fake Out|p2b: Chien-Pao\n|-damage|p2b: Chien-Pao|93\/100\n|cant|p2b: Chien-Pao|flinch\n|move|p2a: Scizor|U-turn|p1a: Flutter Mane\n|-activate|p1a: Flutter Mane|move: Protect\n|\n|-start|p2b: Chien-Pao|perish2\n|-start|p1a: Flutter Mane|perish2\n|-start|p2a: Scizor|perish2\n|-start|p1b: Gothitelle|perish2\n|upkeep\n|turn|7\n|\n|t:|1683599404\n|move|p1b: Gothitelle|Protect|p1b: Gothitelle\n|-singleturn|p1b: Gothitelle|Protect\n|move|p2b: Chien-Pao|Ice Spinner|p1b: Gothitelle\n|-activate|p1b: Gothitelle|move: Protect\n|move|p1a: Flutter Mane|Moonblast|p2b: Chien-Pao\n|-supereffective|p2b: Chien-Pao\n|-damage|p2b: Chien-Pao|0 fnt\n|faint|p2b: Chien-Pao\n|move|p2a: Scizor|U-turn|p1a: Flutter Mane\n|-resisted|p1a: Flutter Mane\n|-crit|p1a: Flutter Mane\n|-damage|p1a: Flutter Mane|78\/100\n|\n|t:|1683599407\n|switch|p2a: Dragonite|Dragonite, L50, M, tera:Flying|100\/100|[from] U-turn\n|\n|-start|p1a: Flutter Mane|perish1\n|-start|p1b: Gothitelle|perish1\n|upkeep\n|\n|t:|1683599411\n|switch|p2b: Scizor|Scizor, L50, F|98\/100\n|turn|8\n|inactive|Nehzzy has 30 seconds left.\n|inactive|Nehzzy has 20 seconds left.\n|inactive|Nehzzy has 15 seconds left.\n|inactive|Nehzzy has 10 seconds left.\n|\n|t:|1683599457\n|-terastallize|p1a: Flutter Mane|Ghost\n|move|p2b: Scizor|Bullet Punch|p1a: Flutter Mane\n|-damage|p1a: Flutter Mane|30\/100\n|move|p1a: Flutter Mane|Perish Song|p1a: Flutter Mane\n|-start|p2a: Dragonite|perish3|[silent]\n|-start|p2b: Scizor|perish3|[silent]\n|-fieldactivate|move: Perish Song\n|move|p2a: Dragonite|Tera Blast|p1b: Gothitelle\n|-damage|p1b: Gothitelle|0 fnt\n|faint|p1b: Gothitelle\n|\n|-start|p1a: Flutter Mane|perish0\n|-start|p2a: Dragonite|perish3\n|faint|p1a: Flutter Mane\n|-end|p1a: Flutter Mane|Protosynthesis|[silent]\n|-start|p2b: Scizor|perish3\n|upkeep\n|\n|t:|1683599469\n|switch|p1a: Scream Tail|Scream Tail, L50, shiny|100\/100 slp\n|switch|p1b: Ting-Lu|Ting-Lu, L50|45\/100 slp\n|-ability|p1b: Ting-Lu|Vessel of Ruin\n|turn|9\n|\n|t:|1683599476\n|cant|p1a: Scream Tail|slp\n|move|p2b: Scizor|Bullet Punch|p1a: Scream Tail\n|-supereffective|p1a: Scream Tail\n|-damage|p1a: Scream Tail|46\/100 slp\n|move|p2a: Dragonite|Tera Blast|p1b: Ting-Lu\n|-damage|p1b: Ting-Lu|0 fnt\n|faint|p1b: Ting-Lu\n|\n|-start|p2a: Dragonite|perish2\n|-start|p2b: Scizor|perish2\n|upkeep\n|turn|10\n|\n|t:|1683599486\n|-curestatus|p1a: Scream Tail|slp|[msg]\n|move|p1a: Scream Tail|Protect|p1a: Scream Tail\n|-singleturn|p1a: Scream Tail|Protect\n|move|p2b: Scizor|Bullet Punch|p1a: Scream Tail\n|-activate|p1a: Scream Tail|move: Protect\n|move|p2a: Dragonite|Tera Blast|p1a: Scream Tail\n|-activate|p1a: Scream Tail|move: Protect\n|\n|-start|p2a: Dragonite|perish1\n|-start|p2b: Scizor|perish1\n|upkeep\n|turn|11\n|\n|t:|1683599498\n|move|p1a: Scream Tail|Protect|p1a: Scream Tail\n|-singleturn|p1a: Scream Tail|Protect\n|move|p2b: Scizor|Bullet Punch|p1a: Scream Tail\n|-activate|p1a: Scream Tail|move: Protect\n|move|p2a: Dragonite|Tera Blast|p1a: Scream Tail\n|-activate|p1a: Scream Tail|move: Protect\n|\n|-start|p2a: Dragonite|perish0\n|-start|p2b: Scizor|perish0\n|faint|p2a: Dragonite\n|faint|p2b: Scizor\n|\n|win|Nehzzy\n|upkeep\n|raw|Nehzzy's rating: 1396 → 1421<\/strong> (+25 for winning)\n|raw|potinki's rating: 1486 → 1461<\/strong> (-25 for losing)\n|l|\u2606potinki\n|c|\u2606Nehzzy|GG\n","uploadtime":1683599513,"views":7,"p1id":"nehzzy","p2id":"potinki","formatid":"gen9vgc2023regulationc","rating":1421,"private":0,"password":""}