{"id":"gen9vgc2023regulationc-1847068726","p1":"voseprejudica","p2":"haha u rage quit","format":"[Gen 9] VGC 2023 Regulation C","log":"|j|\u2606voseprejudica\n|j|\u2606haha u rage quit\n|t:|1681916483\n|gametype|doubles\n|player|p1|voseprejudica|pokemaniac|1171\n|player|p2|haha u rage quit|pokemaniac|1203\n|teamsize|p1|6\n|teamsize|p2|6\n|gen|9\n|tier|[Gen 9] VGC 2023 Regulation C\n|rated|\n|rule|Species Clause: Limit one of each Pok\u00e9mon\n|rule|Item Clause: Limit one of each item\n|clearpoke\n|poke|p1|Skeledirge, L50, M|\n|poke|p1|Meowscarada, L50, F|\n|poke|p1|Ting-Lu, L50|\n|poke|p1|Corviknight, L50, F|\n|poke|p1|Arcanine, L50, M|\n|poke|p1|Annihilape, L50, F|\n|poke|p2|Amoonguss, L50, M|\n|poke|p2|Flutter Mane, L50|\n|poke|p2|Arcanine, L50, M|\n|poke|p2|Iron Bundle, L50|\n|poke|p2|Baxcalibur, L50, M|\n|poke|p2|Palafin, L50, M|\n|teampreview|4\n|\n|t:|1681916548\n|start\n|switch|p1a: Corviknight|Corviknight, L50, F|100\/100\n|switch|p1b: Arcanine|Arcanine, L50, M|100\/100\n|switch|p2a: Arcanine|Arcanine, L50, M|100\/100\n|switch|p2b: Flutter Mane|Flutter Mane, L50|100\/100\n|-ability|p2a: Arcanine|Intimidate|boost\n|-ability|p1a: Corviknight|Mirror Armor\n|-unboost|p2a: Arcanine|atk|1\n|-unboost|p1b: Arcanine|atk|1\n|-ability|p1b: Arcanine|Intimidate|boost\n|-unboost|p2a: Arcanine|atk|1\n|-unboost|p2b: Flutter Mane|atk|1\n|-enditem|p2b: Flutter Mane|Booster Energy\n|-activate|p2b: Flutter Mane|ability: Protosynthesis|[fromitem]\n|-start|p2b: Flutter Mane|protosynthesisspe\n|turn|1\n|\n|t:|1681916568\n|-terastallize|p1a: Corviknight|Dragon\n|move|p2b: Flutter Mane|Shadow Ball|p1a: Corviknight\n|-damage|p1a: Corviknight|58\/100\n|-ability|p1a: Corviknight|Mirror Armor\n|-unboost|p2b: Flutter Mane|spd|1\n|move|p2a: Arcanine|Flare Blitz|p1a: Corviknight\n|-resisted|p1a: Corviknight\n|-damage|p1a: Corviknight|50\/100\n|-damage|p2a: Arcanine|84\/100|[from] item: Rocky Helmet|[of] p1a: Corviknight\n|-damage|p2a: Arcanine|81\/100|[from] Recoil\n|move|p1b: Arcanine|Flare Blitz|p2b: Flutter Mane\n|-damage|p2b: Flutter Mane|0 fnt\n|faint|p2b: Flutter Mane\n|-end|p2b: Flutter Mane|Protosynthesis|[silent]\n|-damage|p1b: Arcanine|79\/100|[from] Recoil\n|-damage|p1b: Arcanine|69\/100|[from] item: Life Orb\n|move|p1a: Corviknight|Iron Head|p2a: Arcanine\n|-resisted|p2a: Arcanine\n|-damage|p2a: Arcanine|65\/100\n|\n|upkeep\n|\n|t:|1681916589\n|switch|p2b: Iron Bundle|Iron Bundle, L50, shiny|100\/100\n|turn|2\n|\n|t:|1681916612\n|move|p2b: Iron Bundle|Freeze-Dry|p1a: Corviknight\n|-supereffective|p1a: Corviknight\n|-damage|p1a: Corviknight|0 fnt\n|faint|p1a: Corviknight\n|move|p2a: Arcanine|Flare Blitz|p1b: Arcanine\n|-resisted|p1b: Arcanine\n|-damage|p1b: Arcanine|54\/100\n|-damage|p2a: Arcanine|59\/100|[from] Recoil\n|move|p1b: Arcanine|Play Rough|p2a: Arcanine\n|-resisted|p2a: Arcanine\n|-damage|p2a: Arcanine|44\/100\n|-damage|p1b: Arcanine|44\/100|[from] item: Life Orb\n|\n|upkeep\n|\n|t:|1681916628\n|switch|p1a: Annihilape|Annihilape, L50, F|100\/100\n|turn|3\n|\n|t:|1681916655\n|move|p1a: Annihilape|Final Gambit|p2b: Iron Bundle\n|-enditem|p2b: Iron Bundle|Focus Sash\n|-damage|p2b: Iron Bundle|1\/100\n|faint|p1a: Annihilape\n|move|p2b: Iron Bundle|Hydro Pump|p1b: Arcanine\n|-supereffective|p1b: Arcanine\n|-damage|p1b: Arcanine|0 fnt\n|faint|p1b: Arcanine\n|move|p2a: Arcanine|Flare Blitz|p1: Annihilape|[notarget]\n|-fail|p2a: Arcanine\n|\n|upkeep\n|inactive|Battle timer is ON: inactive players will automatically lose when time's up. (requested by haha u rage quit)\n|\n|t:|1681916673\n|switch|p1b: Meowscarada|Meowscarada, L50, F|100\/100\n|turn|4\n|\n|t:|1681916679\n|move|p1b: Meowscarada|Protect|p1b: Meowscarada\n|-singleturn|p1b: Meowscarada|Protect\n|move|p2a: Arcanine|Extreme Speed|p1b: Meowscarada\n|-activate|p1b: Meowscarada|move: Protect\n|move|p2b: Iron Bundle|Freeze-Dry|p1b: Meowscarada\n|-activate|p1b: Meowscarada|move: Protect\n|\n|upkeep\n|turn|5\n|\n|t:|1681916689\n|move|p2a: Arcanine|Extreme Speed|p1b: Meowscarada\n|-damage|p1b: Meowscarada|79\/100\n|move|p1b: Meowscarada|Sucker Punch|p2b: Iron Bundle\n|-damage|p2b: Iron Bundle|0 fnt\n|faint|p2b: Iron Bundle\n|-end|p2b: Iron Bundle|Quark Drive|[silent]\n|\n|upkeep\n|\n|t:|1681916694\n|switch|p2b: Baxcalibur|Baxcalibur, L50, M|100\/100\n|turn|6\n|\n|t:|1681916705\n|move|p2a: Arcanine|Extreme Speed|p1b: Meowscarada\n|-damage|p1b: Meowscarada|59\/100\n|move|p2b: Baxcalibur|Ice Shard|p1b: Meowscarada\n|-supereffective|p1b: Meowscarada\n|-damage|p1b: Meowscarada|0 fnt\n|faint|p1b: Meowscarada\n|-damage|p2b: Baxcalibur|91\/100|[from] item: Life Orb\n|\n|win|haha u rage quit\n|raw|voseprejudica's rating: 1171 → 1148<\/strong> (-23 for losing)\n|raw|haha u rage quit's rating: 1203 → 1226<\/strong> (+23 for winning)\n|l|\u2606voseprejudica\n","uploadtime":1681916730,"views":6,"p1id":"voseprejudica","p2id":"hahauragequit","formatid":"gen9vgc2023regulationc","rating":1148,"private":0,"password":""}