{"id":"gen9vgc2023regulationc-1849147866","p1":"miscul","p2":"MaxrayLad","format":"[Gen 9] VGC 2023 Regulation C","log":"|j|\u2606miscul\n|j|\u2606MaxrayLad\n|t:|1682164157\n|gametype|doubles\n|player|p1|miscul|iris|1100\n|player|p2|MaxrayLad|hilbert-wonderlauncher|1061\n|teamsize|p1|6\n|teamsize|p2|6\n|gen|9\n|tier|[Gen 9] VGC 2023 Regulation C\n|rated|\n|rule|Species Clause: Limit one of each Pok\u00e9mon\n|rule|Item Clause: Limit one of each item\n|clearpoke\n|poke|p1|Scream Tail, L50|\n|poke|p1|Gothitelle, L50, M|\n|poke|p1|Flutter Mane, L50|\n|poke|p1|Amoonguss, L50, M|\n|poke|p1|Arcanine, L50, F|\n|poke|p1|Palafin, L50, M|\n|poke|p2|Flutter Mane, L50|\n|poke|p2|Chi-Yu, L50|\n|poke|p2|Amoonguss, L50, M|\n|poke|p2|Ting-Lu, L50|\n|poke|p2|Arcanine, L50, M|\n|poke|p2|Dragonite, L50, M|\n|teampreview|4\n|inactive|Battle timer is ON: inactive players will automatically lose when time's up. (requested by MaxrayLad)\n|inactive|miscul has 60 seconds left.\n|\n|t:|1682164188\n|start\n|switch|p1a: Palafin|Palafin, L50, M|100\/100\n|switch|p1b: Scream Tail|Scream Tail, L50|100\/100\n|switch|p2a: Flutter Mane|Flutter Mane, L50|100\/100\n|switch|p2b: Chi-Yu|Chi-Yu, L50|100\/100\n|-ability|p2b: Chi-Yu|Beads of Ruin\n|-enditem|p1b: Scream Tail|Booster Energy\n|-activate|p1b: Scream Tail|ability: Protosynthesis|[fromitem]\n|-start|p1b: Scream Tail|protosynthesisspe\n|turn|1\n|\n|t:|1682164209\n|move|p1a: Palafin|Jet Punch|p2a: Flutter Mane\n|-damage|p2a: Flutter Mane|47\/100\n|move|p1b: Scream Tail|Play Rough|p2a: Flutter Mane\n|-damage|p2a: Flutter Mane|0 fnt\n|faint|p2a: Flutter Mane\n|-end|p2a: Flutter Mane|Protosynthesis|[silent]\n|move|p2b: Chi-Yu|Heat Wave|p1a: Palafin|[spread] p1a,p1b\n|-resisted|p1a: Palafin\n|-damage|p1a: Palafin|64\/100\n|-damage|p1b: Scream Tail|67\/100\n|\n|upkeep\n|\n|t:|1682164218\n|switch|p2a: Ting-Lu|Ting-Lu, L50|100\/100\n|-ability|p2a: Ting-Lu|Vessel of Ruin\n|turn|2\n|\n|t:|1682164239\n|move|p1b: Scream Tail|Sing|p2a: Ting-Lu|[miss]\n|-miss|p1b: Scream Tail|p2a: Ting-Lu\n|move|p2b: Chi-Yu|Heat Wave|p1a: Palafin|[spread] p1a,p1b\n|-resisted|p1a: Palafin\n|-damage|p1a: Palafin|39\/100\n|-damage|p1b: Scream Tail|38\/100\n|move|p1a: Palafin|Wave Crash|p2b: Chi-Yu\n|-supereffective|p2b: Chi-Yu\n|-enditem|p2b: Chi-Yu|Focus Sash\n|-damage|p2b: Chi-Yu|1\/100\n|-damage|p1a: Palafin|17\/100|[from] Recoil\n|move|p2a: Ting-Lu|Heavy Slam|p1b: Scream Tail\n|-supereffective|p1b: Scream Tail\n|-damage|p1b: Scream Tail|0 fnt\n|faint|p1b: Scream Tail\n|-end|p1b: Scream Tail|Protosynthesis|[silent]\n|\n|upkeep\n|\n|t:|1682164263\n|switch|p1b: Gothitelle|Gothitelle, L50, M|100\/100\n|turn|3\n|\n|t:|1682164276\n|detailschange|p1a: Palafin|Palafin-Hero, L50, M\n|switch|p1a: Flutter Mane|Flutter Mane, L50|100\/100\n|move|p2b: Chi-Yu|Protect|p2b: Chi-Yu\n|-singleturn|p2b: Chi-Yu|Protect\n|move|p1b: Gothitelle|Fake Out|p2b: Chi-Yu\n|-activate|p2b: Chi-Yu|move: Protect\n|move|p2a: Ting-Lu|Fissure|p1b: Gothitelle|[miss]\n|-miss|p2a: Ting-Lu|p1b: Gothitelle\n|\n|upkeep\n|turn|4\n|inactive|miscul has 30 seconds left.\n|\n|t:|1682164302\n|move|p1b: Gothitelle|Protect|p1b: Gothitelle\n|-singleturn|p1b: Gothitelle|Protect\n|move|p1a: Flutter Mane|Moonblast|p2a: Ting-Lu\n|-supereffective|p2a: Ting-Lu\n|-damage|p2a: Ting-Lu|56\/100\n|move|p2b: Chi-Yu|Dark Pulse|p1b: Gothitelle\n|-activate|p1b: Gothitelle|move: Protect\n|move|p2a: Ting-Lu|Stomping Tantrum|p1b: Gothitelle\n|-activate|p1b: Gothitelle|move: Protect\n|\n|upkeep\n|turn|5\n|\n|t:|1682164319\n|switch|p1b: Palafin|Palafin-Hero, L50, M|17\/100\n|-activate|p1b: Palafin|ability: Zero to Hero\n|move|p2b: Chi-Yu|Protect|p2b: Chi-Yu\n|-singleturn|p2b: Chi-Yu|Protect\n|move|p1a: Flutter Mane|Moonblast|p2b: Chi-Yu\n|-activate|p2b: Chi-Yu|move: Protect\n|move|p2a: Ting-Lu|Heavy Slam|p1a: Flutter Mane\n|-supereffective|p1a: Flutter Mane\n|-enditem|p1a: Flutter Mane|Focus Sash\n|-damage|p1a: Flutter Mane|1\/100\n|\n|upkeep\n|turn|6\n|\n|t:|1682164343\n|move|p1b: Palafin|Jet Punch|p2b: Chi-Yu\n|-supereffective|p2b: Chi-Yu\n|-damage|p2b: Chi-Yu|0 fnt\n|faint|p2b: Chi-Yu\n|move|p1a: Flutter Mane|Moonblast|p2a: Ting-Lu\n|-supereffective|p2a: Ting-Lu\n|-damage|p2a: Ting-Lu|17\/100\n|-unboost|p2a: Ting-Lu|spa|1\n|move|p2a: Ting-Lu|Stomping Tantrum|p1b: Palafin\n|-crit|p1b: Palafin\n|-damage|p1b: Palafin|0 fnt\n|faint|p1b: Palafin\n|\n|upkeep\n|\n|t:|1682164356\n|switch|p2b: Dragonite|Dragonite, L50, M|100\/100\n|switch|p1b: Gothitelle|Gothitelle, L50, M|100\/100\n|turn|7\n|\n|t:|1682164372\n|-terastallize|p2b: Dragonite|Normal\n|move|p1b: Gothitelle|Fake Out|p2a: Ting-Lu\n|-damage|p2a: Ting-Lu|13\/100\n|move|p2b: Dragonite|Extreme Speed|p1b: Gothitelle\n|-damage|p1b: Gothitelle|39\/100\n|-enditem|p1b: Gothitelle|Sitrus Berry|[eat]\n|-heal|p1b: Gothitelle|64\/100|[from] item: Sitrus Berry\n|move|p1a: Flutter Mane|Perish Song|p1a: Flutter Mane\n|-start|p1a: Flutter Mane|perish3|[silent]\n|-start|p1b: Gothitelle|perish3|[silent]\n|-start|p2a: Ting-Lu|perish3|[silent]\n|-start|p2b: Dragonite|perish3|[silent]\n|-fieldactivate|move: Perish Song\n|cant|p2a: Ting-Lu|flinch\n|\n|-start|p1a: Flutter Mane|perish3\n|-start|p2b: Dragonite|perish3\n|-start|p1b: Gothitelle|perish3\n|-start|p2a: Ting-Lu|perish3\n|upkeep\n|turn|8\n|inactive|miscul has 30 seconds left.\n|inactive|miscul has 20 seconds left.\n|inactive|miscul has 15 seconds left.\n|\n|t:|1682164412\n|move|p1a: Flutter Mane|Protect|p1a: Flutter Mane\n|-singleturn|p1a: Flutter Mane|Protect\n|move|p1b: Gothitelle|Protect|p1b: Gothitelle\n|-singleturn|p1b: Gothitelle|Protect\n|move|p2b: Dragonite|Extreme Speed|p1b: Gothitelle\n|-activate|p1b: Gothitelle|move: Protect\n|move|p2a: Ting-Lu|Heavy Slam|p1a: Flutter Mane\n|-activate|p1a: Flutter Mane|move: Protect\n|\n|-start|p1a: Flutter Mane|perish2\n|-start|p2b: Dragonite|perish2\n|-start|p1b: Gothitelle|perish2\n|-start|p2a: Ting-Lu|perish2\n|upkeep\n|turn|9\n|\n|t:|1682164435\n|move|p2b: Dragonite|Extreme Speed|p1b: Gothitelle\n|-damage|p1b: Gothitelle|0 fnt\n|faint|p1b: Gothitelle\n|move|p1a: Flutter Mane|Moonblast|p2a: Ting-Lu\n|-supereffective|p2a: Ting-Lu\n|-damage|p2a: Ting-Lu|0 fnt\n|faint|p2a: Ting-Lu\n|\n|-start|p1a: Flutter Mane|perish1\n|-start|p2b: Dragonite|perish1\n|upkeep\n|turn|10\n|\n|t:|1682164450\n|move|p2b: Dragonite|Extreme Speed|p1a: Flutter Mane\n|-immune|p1a: Flutter Mane\n|move|p1a: Flutter Mane|Moonblast|p2b: Dragonite\n|-damage|p2b: Dragonite|78\/100\n|\n|-start|p1a: Flutter Mane|perish0\n|-start|p2b: Dragonite|perish0\n|upkeep\n|faint|p1a: Flutter Mane\n|-end|p1a: Flutter Mane|Protosynthesis|[silent]\n|faint|p2b: Dragonite\n|\n|win|MaxrayLad\n|raw|miscul's rating: 1100 → 1072<\/strong> (-28 for losing)\n|raw|MaxrayLad's rating: 1061 → 1095<\/strong> (+34 for winning)\n|l|\u2606miscul\n|c|\u2606MaxrayLad|thx\n","uploadtime":1682164470,"views":13,"p1id":"miscul","p2id":"maxraylad","formatid":"gen9vgc2023regulationc","rating":1072,"private":0,"password":""}