{"id":"gen9vgc2023regulationc-1860629238","p1":"Lefties Chi-Yu","p2":"Alexis_student","format":"[Gen 9] VGC 2023 Regulation C","log":"|j|\u2606Lefties Chi-Yu\n|j|\u2606Alexis_student\n|t:|1683660563\n|gametype|doubles\n|player|p1|Lefties Chi-Yu|acetrainer-gen6xy|1116\n|player|p2|Alexis_student|170|1150\n|teamsize|p1|6\n|teamsize|p2|6\n|gen|9\n|tier|[Gen 9] VGC 2023 Regulation C\n|rated|\n|rule|Species Clause: Limit one of each Pok\u00e9mon\n|rule|Item Clause: Limit one of each item\n|clearpoke\n|poke|p1|Garganacl, L50, F|\n|poke|p1|Arcanine, L50, M|\n|poke|p1|Palafin, L50, F|\n|poke|p1|Amoonguss, L50, M|\n|poke|p1|Flutter Mane, L50|\n|poke|p1|Dragonite, L50, F|\n|poke|p2|Chi-Yu, L50|\n|poke|p2|Flutter Mane, L50|\n|poke|p2|Palafin, L50, F|\n|poke|p2|Iron Hands, L50|\n|poke|p2|Dragonite, L50, M|\n|poke|p2|Amoonguss, L50, F|\n|teampreview|4\nLefties Chi-Yu has agreed to open team sheets.\n|inactive|Battle timer is ON: inactive players will automatically lose when time's up. (requested by Alexis_student)\n|\n|t:|1683660602\n|start\n|switch|p1a: Garganacl|Garganacl, L50, F|100\/100\n|switch|p1b: Dragonite|Dragonite, L50, F|100\/100\n|switch|p2a: Chi-Yu|Chi-Yu, L50|100\/100\n|switch|p2b: Flutter Mane|Flutter Mane, L50|100\/100\n|-ability|p2a: Chi-Yu|Beads of Ruin\n|turn|1\n|\n|t:|1683660622\n|-terastallize|p1b: Dragonite|Flying\n|move|p2b: Flutter Mane|Moonblast|p1b: Dragonite\n|-damage|p1b: Dragonite|68\/100\n|move|p2a: Chi-Yu|Nasty Plot|p2a: Chi-Yu\n|-boost|p2a: Chi-Yu|spa|2\n|move|p1b: Dragonite|Tera Blast|p2a: Chi-Yu\n|-damage|p2a: Chi-Yu|20\/100\n|move|p1a: Garganacl|Salt Cure|p2b: Flutter Mane\n|-damage|p2b: Flutter Mane|73\/100\n|-start|p2b: Flutter Mane|Salt Cure\n|\n|-damage|p2b: Flutter Mane|61\/100|[from] Salt Cure\n|upkeep\n|turn|2\n|\n|t:|1683660647\n|-end|p2b: Flutter Mane|Protosynthesis|[silent]\n|switch|p2b: Amoonguss|Amoonguss, L50, F|100\/100\n|move|p1b: Dragonite|Extreme Speed|p2a: Chi-Yu\n|-damage|p2a: Chi-Yu|0 fnt\n|faint|p2a: Chi-Yu\n|move|p1a: Garganacl|Stealth Rock|p2b: Amoonguss\n|-sidestart|p2: Alexis_student|move: Stealth Rock\n|\n|upkeep\n|\n|t:|1683660657\n|switch|p2a: Iron Hands|Iron Hands, L50|100\/100\n|-damage|p2a: Iron Hands|95\/100|[from] Stealth Rock\n|turn|3\n|\n|t:|1683660670\n|switch|p1b: Arcanine|Arcanine, L50, M|100\/100\n|-ability|p1b: Arcanine|Intimidate|boost\n|-unboost|p2a: Iron Hands|atk|1\n|-unboost|p2b: Amoonguss|atk|1\n|move|p1a: Garganacl|Protect|p1a: Garganacl\n|-singleturn|p1a: Garganacl|Protect\n|move|p2a: Iron Hands|Fake Out|p1b: Arcanine\n|-damage|p1b: Arcanine|91\/100\n|move|p2b: Amoonguss|Spore|p1b: Arcanine\n|-activate|p1b: Arcanine|item: Safety Goggles|Spore\n|\n|upkeep\n|turn|4\n|inactive|Lefties Chi-Yu has 30 seconds left.\n|\n|t:|1683660696\n|move|p1b: Arcanine|Flare Blitz|p2a: Iron Hands\n|-damage|p2a: Iron Hands|57\/100\n|-damage|p1b: Arcanine|76\/100|[from] Recoil\n|move|p2a: Iron Hands|Volt Switch|p1b: Arcanine\n|-damage|p1b: Arcanine|62\/100\n|\n|t:|1683660702\n|-end|p2a: Iron Hands|Quark Drive|[silent]\n|switch|p2a: Flutter Mane|Flutter Mane, L50|61\/100|[from] Volt Switch\n|-damage|p2a: Flutter Mane|49\/100|[from] Stealth Rock\n|move|p1a: Garganacl|Salt Cure|p2b: Amoonguss\n|-crit|p2b: Amoonguss\n|-damage|p2b: Amoonguss|82\/100\n|-start|p2b: Amoonguss|Salt Cure\n|move|p2b: Amoonguss|Pollen Puff|p2a: Flutter Mane\n|-heal|p2a: Flutter Mane|98\/100\n|\n|-damage|p2b: Amoonguss|70\/100|[from] Salt Cure\n|upkeep\n|turn|5\n|\n|t:|1683660720\n|switch|p2b: Iron Hands|Iron Hands, L50|57\/100\n|-damage|p2b: Iron Hands|51\/100|[from] Stealth Rock\n|move|p2a: Flutter Mane|Shadow Ball|p1b: Arcanine\n|-damage|p1b: Arcanine|0 fnt\n|faint|p1b: Arcanine\n|move|p1a: Garganacl|Salt Cure|p2a: Flutter Mane\n|-crit|p2a: Flutter Mane\n|-damage|p2a: Flutter Mane|56\/100\n|-start|p2a: Flutter Mane|Salt Cure\n|\n|-damage|p2a: Flutter Mane|45\/100|[from] Salt Cure\n|upkeep\n|\n|t:|1683660735\n|switch|p1b: Amoonguss|Amoonguss, L50, M|100\/100\n|turn|6\n|\n|t:|1683660747\n|-end|p2a: Flutter Mane|Protosynthesis|[silent]\n|switch|p2a: Amoonguss|Amoonguss, L50, F|100\/100\n|-damage|p2a: Amoonguss|88\/100|[from] Stealth Rock\n|-terastallize|p2b: Iron Hands|Grass\n|move|p1b: Amoonguss|Protect|p1b: Amoonguss\n|-singleturn|p1b: Amoonguss|Protect\n|move|p2b: Iron Hands|Drain Punch|p1a: Garganacl\n|-supereffective|p1a: Garganacl\n|-damage|p1a: Garganacl|44\/100\n|-heal|p2b: Iron Hands|75\/100|[from] drain|[of] p1a: Garganacl\n|move|p1a: Garganacl|Salt Cure|p2b: Iron Hands\n|-damage|p2b: Iron Hands|67\/100\n|-start|p2b: Iron Hands|Salt Cure\n|\n|-heal|p1a: Garganacl|50\/100|[from] item: Leftovers\n|-damage|p2b: Iron Hands|54\/100|[from] Salt Cure\n|upkeep\n|turn|7\n|inactive|Lefties Chi-Yu has 30 seconds left.\n|inactive|Alexis_student has 30 seconds left.\n|\n|t:|1683660774\n|move|p1a: Garganacl|Protect|p1a: Garganacl\n|-singleturn|p1a: Garganacl|Protect\n|move|p2b: Iron Hands|Drain Punch|p1b: Amoonguss\n|-resisted|p1b: Amoonguss\n|-damage|p1b: Amoonguss|86\/100\n|-heal|p2b: Iron Hands|61\/100|[from] drain|[of] p1b: Amoonguss\n|move|p1b: Amoonguss|Pollen Puff|p2b: Iron Hands\n|-supereffective|p2b: Iron Hands\n|-damage|p2b: Iron Hands|41\/100\n|move|p2a: Amoonguss|Pollen Puff|p2b: Iron Hands\n|-heal|p2b: Iron Hands|91\/100\n|\n|-heal|p1a: Garganacl|56\/100|[from] item: Leftovers\n|-damage|p2b: Iron Hands|79\/100|[from] Salt Cure\n|upkeep\n|turn|8\n|inactive|Alexis_student has 30 seconds left.\n|\n|t:|1683660800\n|switch|p1a: Dragonite|Dragonite, L50, F, tera:Flying|68\/100\n|move|p2b: Iron Hands|Drain Punch|p1a: Dragonite\n|-resisted|p1a: Dragonite\n|-damage|p1a: Dragonite|49\/100\n|-heal|p2b: Iron Hands|87\/100|[from] drain|[of] p1a: Dragonite\n|move|p1b: Amoonguss|Pollen Puff|p1a: Dragonite\n|-heal|p1a: Dragonite|98\/100\n|move|p2a: Amoonguss|Pollen Puff|p1b: Amoonguss\n|-damage|p1b: Amoonguss|69\/100\n|\n|-damage|p2b: Iron Hands|75\/100|[from] Salt Cure\n|upkeep\n|turn|9\n|\n|t:|1683660821\n|move|p2a: Amoonguss|Rage Powder|p2a: Amoonguss\n|-singleturn|p2a: Amoonguss|move: Rage Powder\n|move|p1a: Dragonite|Tera Blast|p2a: Amoonguss\n|-supereffective|p2a: Amoonguss\n|-damage|p2a: Amoonguss|0 fnt\n|faint|p2a: Amoonguss\n|move|p2b: Iron Hands|Wild Charge|p1a: Dragonite\n|-supereffective|p1a: Dragonite\n|-damage|p1a: Dragonite|0 fnt\n|faint|p1a: Dragonite\n|-damage|p2b: Iron Hands|55\/100|[from] Recoil\n|move|p1b: Amoonguss|Pollen Puff|p1: Dragonite|[notarget]\n|-fail|p1b: Amoonguss\n|\n|-damage|p2b: Iron Hands|43\/100|[from] Salt Cure\n|upkeep\n|\n|t:|1683660837\n|switch|p1a: Garganacl|Garganacl, L50, F|56\/100\n|switch|p2a: Flutter Mane|Flutter Mane, L50|45\/100\n|-damage|p2a: Flutter Mane|33\/100|[from] Stealth Rock\n|turn|10\n|\n|t:|1683660852\n|move|p1a: Garganacl|Protect|p1a: Garganacl\n|-singleturn|p1a: Garganacl|Protect\n|move|p2a: Flutter Mane|Shadow Ball|p1b: Amoonguss\n|-damage|p1b: Amoonguss|5\/100\n|-enditem|p1b: Amoonguss|Sitrus Berry|[eat]\n|-heal|p1b: Amoonguss|30\/100|[from] item: Sitrus Berry\n|move|p2b: Iron Hands|Drain Punch|p1b: Amoonguss\n|-resisted|p1b: Amoonguss\n|-damage|p1b: Amoonguss|15\/100\n|-heal|p2b: Iron Hands|50\/100|[from] drain|[of] p1b: Amoonguss\n|move|p1b: Amoonguss|Spore|p2a: Flutter Mane\n|-status|p2a: Flutter Mane|slp|[from] move: Spore\n|\n|-heal|p1a: Garganacl|62\/100|[from] item: Leftovers\n|-damage|p2b: Iron Hands|38\/100|[from] Salt Cure\n|upkeep\n|turn|11\n|inactive|Lefties Chi-Yu has 30 seconds left.\n|\n|t:|1683660886\n|cant|p2a: Flutter Mane|slp\n|move|p2b: Iron Hands|Drain Punch|p1a: Garganacl\n|-supereffective|p1a: Garganacl\n|-damage|p1a: Garganacl|9\/100\n|-heal|p2b: Iron Hands|61\/100|[from] drain|[of] p1a: Garganacl\n|move|p1a: Garganacl|Salt Cure|p2a: Flutter Mane\n|-damage|p2a: Flutter Mane|7\/100 slp\n|-start|p2a: Flutter Mane|Salt Cure\n|move|p1b: Amoonguss|Pollen Puff|p1a: Garganacl\n|-heal|p1a: Garganacl|58\/100\n|\n|-heal|p1a: Garganacl|64\/100|[from] item: Leftovers\n|-damage|p2a: Flutter Mane|0 fnt|[from] Salt Cure\n|faint|p2a: Flutter Mane\n|-end|p2a: Flutter Mane|Protosynthesis|[silent]\n|-damage|p2b: Iron Hands|49\/100|[from] Salt Cure\n|upkeep\n|turn|12\n|\n|t:|1683660911\n|move|p1b: Amoonguss|Protect|p1b: Amoonguss\n|-singleturn|p1b: Amoonguss|Protect\n|move|p2b: Iron Hands|Drain Punch|p1b: Amoonguss\n|-activate|p1b: Amoonguss|move: Protect\n|move|p1a: Garganacl|Recover|p1a: Garganacl\n|-heal|p1a: Garganacl|100\/100\n|\n|-damage|p2b: Iron Hands|36\/100|[from] Salt Cure\n|upkeep\n|turn|13\n|\n|t:|1683660930\n|move|p1a: Garganacl|Protect|p1a: Garganacl\n|-singleturn|p1a: Garganacl|Protect\n|move|p2b: Iron Hands|Drain Punch|p1b: Amoonguss\n|-resisted|p1b: Amoonguss\n|-damage|p1b: Amoonguss|0 fnt\n|-heal|p2b: Iron Hands|44\/100|[from] drain|[of] p1b: Amoonguss\n|faint|p1b: Amoonguss\n|\n|-damage|p2b: Iron Hands|31\/100|[from] Salt Cure\n|upkeep\n|turn|14\n|\n|t:|1683660942\n|move|p2b: Iron Hands|Drain Punch|p1a: Garganacl\n|-supereffective|p1a: Garganacl\n|-damage|p1a: Garganacl|50\/100\n|-heal|p2b: Iron Hands|53\/100|[from] drain|[of] p1a: Garganacl\n|move|p1a: Garganacl|Salt Cure|p2b: Iron Hands\n|-damage|p2b: Iron Hands|44\/100\n|\n|-heal|p1a: Garganacl|56\/100|[from] item: Leftovers\n|-damage|p2b: Iron Hands|32\/100|[from] Salt Cure\n|upkeep\n|turn|15\n|\n|t:|1683660954\n|move|p1a: Garganacl|Protect|p1a: Garganacl\n|-singleturn|p1a: Garganacl|Protect\n|move|p2b: Iron Hands|Drain Punch|p1a: Garganacl\n|-activate|p1a: Garganacl|move: Protect\n|\n|-heal|p1a: Garganacl|62\/100|[from] item: Leftovers\n|-damage|p2b: Iron Hands|20\/100|[from] Salt Cure\n|upkeep\n|turn|16\n|\n|t:|1683660964\n|move|p2b: Iron Hands|Drain Punch|p1a: Garganacl\n|-supereffective|p1a: Garganacl\n|-damage|p1a: Garganacl|10\/100\n|-heal|p2b: Iron Hands|42\/100|[from] drain|[of] p1a: Garganacl\n|move|p1a: Garganacl|Recover|p1a: Garganacl\n|-heal|p1a: Garganacl|60\/100\n|\n|-heal|p1a: Garganacl|66\/100|[from] item: Leftovers\n|-damage|p2b: Iron Hands|30\/100|[from] Salt Cure\n|upkeep\n|turn|17\n|\n|t:|1683660976\n|move|p1a: Garganacl|Protect|p1a: Garganacl\n|-singleturn|p1a: Garganacl|Protect\n|move|p2b: Iron Hands|Drain Punch|p1a: Garganacl\n|-activate|p1a: Garganacl|move: Protect\n|\n|-heal|p1a: Garganacl|72\/100|[from] item: Leftovers\n|-damage|p2b: Iron Hands|18\/100|[from] Salt Cure\n|upkeep\n|turn|18\n|\n|t:|1683660985\n|move|p2b: Iron Hands|Drain Punch|p1a: Garganacl\n|-supereffective|p1a: Garganacl\n|-damage|p1a: Garganacl|16\/100\n|-heal|p2b: Iron Hands|42\/100|[from] drain|[of] p1a: Garganacl\n|move|p1a: Garganacl|Recover|p1a: Garganacl\n|-heal|p1a: Garganacl|67\/100\n|\n|-heal|p1a: Garganacl|72\/100|[from] item: Leftovers\n|-damage|p2b: Iron Hands|30\/100|[from] Salt Cure\n|upkeep\n|turn|19\n|\n|t:|1683660997\n|move|p1a: Garganacl|Protect|p1a: Garganacl\n|-singleturn|p1a: Garganacl|Protect\n|move|p2b: Iron Hands|Drain Punch|p1a: Garganacl\n|-activate|p1a: Garganacl|move: Protect\n|\n|-heal|p1a: Garganacl|78\/100|[from] item: Leftovers\n|-damage|p2b: Iron Hands|18\/100|[from] Salt Cure\n|upkeep\n|turn|20\n|\n|t:|1683661007\n|move|p2b: Iron Hands|Drain Punch|p1a: Garganacl\n|-supereffective|p1a: Garganacl\n|-damage|p1a: Garganacl|17\/100\n|-heal|p2b: Iron Hands|44\/100|[from] drain|[of] p1a: Garganacl\n|move|p1a: Garganacl|Recover|p1a: Garganacl\n|-heal|p1a: Garganacl|68\/100\n|\n|-heal|p1a: Garganacl|73\/100|[from] item: Leftovers\n|-damage|p2b: Iron Hands|32\/100|[from] Salt Cure\n|upkeep\n|turn|21\n|\n|t:|1683661018\n|move|p1a: Garganacl|Protect|p1a: Garganacl\n|-singleturn|p1a: Garganacl|Protect\n|move|p2b: Iron Hands|Drain Punch|p1a: Garganacl\n|-activate|p1a: Garganacl|move: Protect\n|\n|-heal|p1a: Garganacl|79\/100|[from] item: Leftovers\n|-damage|p2b: Iron Hands|20\/100|[from] Salt Cure\n|upkeep\n|turn|22\n|\n|t:|1683661030\n|move|p2b: Iron Hands|Drain Punch|p1a: Garganacl\n|-supereffective|p1a: Garganacl\n|-damage|p1a: Garganacl|29\/100\n|-heal|p2b: Iron Hands|42\/100|[from] drain|[of] p1a: Garganacl\n|move|p1a: Garganacl|Recover|p1a: Garganacl\n|-heal|p1a: Garganacl|79\/100\n|\n|-heal|p1a: Garganacl|85\/100|[from] item: Leftovers\n|-damage|p2b: Iron Hands|29\/100|[from] Salt Cure\n|upkeep\n|turn|23\n|c|\u2606Lefties Chi-Yu|gg\n|\n|t:|1683661042\n|move|p1a: Garganacl|Protect|p1a: Garganacl\n|-singleturn|p1a: Garganacl|Protect\n|move|p2b: Iron Hands|Wild Charge|p1a: Garganacl\n|-activate|p1a: Garganacl|move: Protect\n|\n|-heal|p1a: Garganacl|91\/100|[from] item: Leftovers\n|-damage|p2b: Iron Hands|17\/100|[from] Salt Cure\n|upkeep\n|turn|24\n|\n|t:|1683661052\n|move|p2b: Iron Hands|Wild Charge|p1a: Garganacl\n|-damage|p1a: Garganacl|56\/100\n|-damage|p2b: Iron Hands|10\/100|[from] Recoil\n|move|p1a: Garganacl|Recover|p1a: Garganacl\n|-heal|p1a: Garganacl|100\/100\n|\n|-damage|p2b: Iron Hands|0 fnt|[from] Salt Cure\n|faint|p2b: Iron Hands\n|-end|p2b: Iron Hands|Quark Drive|[silent]\n|\n|win|Lefties Chi-Yu\n|upkeep\n|raw|Lefties Chi-Yu's rating: 1116 → 1143<\/strong> (+27 for winning)\n|raw|Alexis_student's rating: 1150 → 1123<\/strong> (-27 for losing)\n|l|\u2606Lefties Chi-Yu\n","uploadtime":1683661064,"views":14,"p1id":"leftieschiyu","p2id":"alexisstudent","formatid":"gen9vgc2023regulationc","rating":1123,"private":0,"password":""}