{"id":"gen9vgc2023regulationc-1861432327","p1":"Double Clxtch","p2":"Nehzzy","format":"[Gen 9] VGC 2023 Regulation C","log":"|j|\u2606Double Clxtch\n|j|\u2606Nehzzy\n|t:|1683757194\n|gametype|doubles\n|player|p1|Double Clxtch|blue|1208\n|player|p2|Nehzzy|101|1241\n|teamsize|p1|6\n|teamsize|p2|6\n|gen|9\n|tier|[Gen 9] VGC 2023 Regulation C\n|rated|\n|rule|Species Clause: Limit one of each Pok\u00e9mon\n|rule|Item Clause: Limit one of each item\n|clearpoke\n|poke|p1|Orthworm, L50, M|\n|poke|p1|Gyarados, L50, F|\n|poke|p1|Salamence, L50, M|\n|poke|p1|Ting-Lu, L50|\n|poke|p1|Baxcalibur, L50, M|\n|poke|p1|Grimmsnarl, L50, M|\n|poke|p2|Amoonguss, L50, M|\n|poke|p2|Gyarados, L50, M|\n|poke|p2|Murkrow, L50, M|\n|poke|p2|Great Tusk, L50|\n|poke|p2|Flutter Mane, L50|\n|poke|p2|Gholdengo, L50|\n|teampreview|4\nNehzzy has agreed to open team sheets.\n|inactive|Battle timer is ON: inactive players will automatically lose when time's up. (requested by Nehzzy)\n|\n|t:|1683757266\n|start\n|switch|p1a: Orthworm|Orthworm, L50, M, shiny|100\/100\n|switch|p1b: Gyarados|Gyarados, L50, F, shiny|100\/100\n|switch|p2a: Flutter Mane|Flutter Mane, L50|100\/100\n|switch|p2b: Great Tusk|Great Tusk, L50|100\/100\n|-ability|p1b: Gyarados|Intimidate|boost\n|-unboost|p2a: Flutter Mane|atk|1\n|-unboost|p2b: Great Tusk|atk|1\n|turn|1\n|\n|t:|1683757286\n|-terastallize|p1a: Orthworm|Fire\n|move|p2b: Great Tusk|Close Combat|p1a: Orthworm\n|-damage|p1a: Orthworm|72\/100\n|-unboost|p2b: Great Tusk|def|1\n|-unboost|p2b: Great Tusk|spd|1\n|move|p2a: Flutter Mane|Shadow Ball|p1a: Orthworm\n|-damage|p1a: Orthworm|4\/100\n|-enditem|p1a: Orthworm|Sitrus Berry|[eat]\n|-heal|p1a: Orthworm|29\/100|[from] item: Sitrus Berry\n|move|p1b: Gyarados|Thunder Wave|p2a: Flutter Mane\n|-status|p2a: Flutter Mane|par\n|move|p1a: Orthworm|Coil|p1a: Orthworm\n|-boost|p1a: Orthworm|atk|1\n|-boost|p1a: Orthworm|def|1\n|-boost|p1a: Orthworm|accuracy|1\n|\n|upkeep\n|turn|2\n|inactive|Double Clxtch has 30 seconds left.\n|\n|t:|1683757313\n|-end|p2b: Great Tusk|Protosynthesis|[silent]\n|switch|p2b: Murkrow|Murkrow, L50, M|100\/100\n|move|p1b: Gyarados|Bulldoze|p2a: Flutter Mane|[spread] p2a\n|-heal|p1a: Orthworm|54\/100|[from] ability: Earth Eater|[of] p1b: Gyarados\n|-immune|p2b: Murkrow\n|-damage|p2a: Flutter Mane|77\/100 par\n|-unboost|p2a: Flutter Mane|spe|1\n|move|p1a: Orthworm|Iron Head|p2a: Flutter Mane\n|-supereffective|p2a: Flutter Mane\n|-damage|p2a: Flutter Mane|0 fnt\n|faint|p2a: Flutter Mane\n|-end|p2a: Flutter Mane|Protosynthesis|[silent]\n|\n|upkeep\n|\n|t:|1683757325\n|switch|p2a: Great Tusk|Great Tusk, L50|100\/100\n|turn|3\n|inactive|Double Clxtch has 30 seconds left.\n|\n|t:|1683757352\n|move|p2b: Murkrow|Sunny Day|p2b: Murkrow\n|-weather|SunnyDay\n|-activate|p2a: Great Tusk|ability: Protosynthesis\n|-start|p2a: Great Tusk|protosynthesisatk\n|move|p2a: Great Tusk|Rock Slide|p1b: Gyarados|[spread] p1a\n|-miss|p2a: Great Tusk|p1b: Gyarados\n|-supereffective|p1a: Orthworm\n|-damage|p1a: Orthworm|29\/100\n|move|p1b: Gyarados|Waterfall|p2a: Great Tusk\n|-supereffective|p2a: Great Tusk\n|-damage|p2a: Great Tusk|77\/100\n|move|p1a: Orthworm|Coil|p1a: Orthworm\n|-boost|p1a: Orthworm|atk|1\n|-boost|p1a: Orthworm|def|1\n|-boost|p1a: Orthworm|accuracy|1\n|\n|-weather|SunnyDay|[upkeep]\n|upkeep\n|turn|4\n|\n|t:|1683757375\n|move|p2b: Murkrow|Haze|p2b: Murkrow\n|-clearallboost\n|move|p2a: Great Tusk|Rock Slide|p1a: Orthworm|[spread] p1a,p1b\n|-supereffective|p1a: Orthworm\n|-supereffective|p1b: Gyarados\n|-damage|p1a: Orthworm|0 fnt\n|-damage|p1b: Gyarados|56\/100\n|faint|p1a: Orthworm\n|move|p1b: Gyarados|Bulldoze|p2a: Great Tusk|[spread] p2a\n|-immune|p2b: Murkrow\n|-damage|p2a: Great Tusk|69\/100\n|-unboost|p2a: Great Tusk|spe|1\n|\n|-weather|SunnyDay|[upkeep]\n|upkeep\n|\n|t:|1683757397\n|switch|p1a: Baxcalibur|Baxcalibur, L50, M, shiny|100\/100\n|turn|5\n|inactive|Double Clxtch has 30 seconds left.\n|\n|t:|1683757424\n|move|p1a: Baxcalibur|Protect|p1a: Baxcalibur\n|-singleturn|p1a: Baxcalibur|Protect\n|move|p2a: Great Tusk|Rock Slide|p1b: Gyarados|[spread] p1b\n|-activate|p1a: Baxcalibur|move: Protect\n|-supereffective|p1b: Gyarados\n|-damage|p1b: Gyarados|14\/100\n|cant|p1b: Gyarados|flinch\n|move|p2b: Murkrow|Foul Play|p1b: Gyarados\n|-damage|p1b: Gyarados|0 fnt\n|faint|p1b: Gyarados\n|\n|-weather|SunnyDay|[upkeep]\n|upkeep\n|\n|t:|1683757438\n|switch|p1b: Ting-Lu|Ting-Lu, L50|100\/100\n|-ability|p1b: Ting-Lu|Vessel of Ruin\n|turn|6\n|inactive|Double Clxtch has 30 seconds left.\n|\n|t:|1683757463\n|-end|p2a: Great Tusk|Protosynthesis|[silent]\n|switch|p2a: Gyarados|Gyarados, L50, M|100\/100\n|-ability|p2a: Gyarados|Intimidate|boost\n|-fail|p1a: Baxcalibur|unboost|[from] item: Clear Amulet|[of] p1a: Baxcalibur\n|-unboost|p1b: Ting-Lu|atk|1\n|move|p1a: Baxcalibur|Ice Shard|p2a: Gyarados\n|-damage|p2a: Gyarados|72\/100\n|move|p2b: Murkrow|Tailwind|p2b: Murkrow\n|-sidestart|p2: Nehzzy|move: Tailwind\n|move|p1b: Ting-Lu|Ruination|p2b: Murkrow|[miss]\n|-miss|p1b: Ting-Lu|p2b: Murkrow\n|\n|-weather|SunnyDay|[upkeep]\n|upkeep\n|turn|7\n|inactive|Double Clxtch has 30 seconds left.\n|inactive|Nehzzy has 30 seconds left.\n|\n|t:|1683757497\n|move|p2a: Gyarados|Waterfall|p1b: Ting-Lu\n|-supereffective|p1b: Ting-Lu\n|-damage|p1b: Ting-Lu|76\/100\n|move|p2b: Murkrow|Foul Play|p1a: Baxcalibur\n|-crit|p1a: Baxcalibur\n|-damage|p1a: Baxcalibur|15\/100\n|move|p1a: Baxcalibur|Glaive Rush|p2a: Gyarados\n|-damage|p2a: Gyarados|0 fnt\n|-singlemove|p1a: Baxcalibur|Glaive Rush|[silent]\n|faint|p2a: Gyarados\n|move|p1b: Ting-Lu|Ruination|p2b: Murkrow\n|-damage|p2b: Murkrow|51\/100\n|\n|-weather|none\n|upkeep\n|\n|t:|1683757508\n|switch|p2a: Great Tusk|Great Tusk, L50|69\/100\n|turn|8\n|\n|t:|1683757520\n|-terastallize|p2a: Great Tusk|Ground\n|move|p1a: Baxcalibur|Protect|p1a: Baxcalibur\n|-singleturn|p1a: Baxcalibur|Protect\n|move|p2b: Murkrow|Sunny Day|p2b: Murkrow\n|-weather|SunnyDay\n|-activate|p2a: Great Tusk|ability: Protosynthesis\n|-start|p2a: Great Tusk|protosynthesisatk\n|move|p2a: Great Tusk|Earthquake|p1a: Baxcalibur|[spread] p1b\n|-activate|p1a: Baxcalibur|move: Protect\n|-immune|p2b: Murkrow\n|-damage|p1b: Ting-Lu|30\/100\n|move|p1b: Ting-Lu|Earthquake|p2b: Murkrow|[spread] p2a\n|-activate|p1a: Baxcalibur|move: Protect\n|-immune|p2b: Murkrow\n|-damage|p2a: Great Tusk|51\/100\n|\n|-weather|SunnyDay|[upkeep]\n|upkeep\n|turn|9\n|inactive|Double Clxtch has 30 seconds left.\n|\n|t:|1683757547\n|move|p1a: Baxcalibur|Ice Shard|p2a: Great Tusk\n|-supereffective|p2a: Great Tusk\n|-damage|p2a: Great Tusk|13\/100\n|move|p2a: Great Tusk|Earthquake|p1a: Baxcalibur|[spread] p1a,p1b\n|-immune|p2b: Murkrow\n|-damage|p1a: Baxcalibur|0 fnt\n|-damage|p1b: Ting-Lu|0 fnt\n|faint|p1a: Baxcalibur\n|faint|p1b: Ting-Lu\n|\n|win|Nehzzy\n|raw|Double Clxtch's rating: 1208 → 1185<\/strong> (-23 for losing)\n|raw|Nehzzy's rating: 1241 → 1264<\/strong> (+23 for winning)\n|l|\u2606Double Clxtch\n","uploadtime":1683757560,"views":8,"p1id":"doubleclxtch","p2id":"nehzzy","formatid":"gen9vgc2023regulationc","rating":1185,"private":0,"password":""}