{"id":"gen9vgc2023regulationc-1856252387","p1":"BCDefault","p2":"Vee_Sketch","format":"[Gen 9] VGC 2023 Regulation C","log":"|j|\u2606BCDefault\n|j|\u2606Vee_Sketch\n|t:|1683044793\n|gametype|doubles\n|player|p1|BCDefault|worker|1084\n|player|p2|Vee_Sketch|whitney|1044\n|teamsize|p1|6\n|teamsize|p2|6\n|gen|9\n|tier|[Gen 9] VGC 2023 Regulation C\n|rated|\n|rule|Species Clause: Limit one of each Pok\u00e9mon\n|rule|Item Clause: Limit one of each item\n|clearpoke\n|poke|p1|Lucario, L50, M|\n|poke|p1|Grimmsnarl, L50, M|\n|poke|p1|Palafin, L50, M|\n|poke|p1|Gholdengo, L50|\n|poke|p1|Magneton, L50|\n|poke|p1|Kingambit, L50, F|\n|poke|p2|Volcarona, L50, M|\n|poke|p2|Oricorio-Pom-Pom, L50, F|\n|poke|p2|Lilligant, L50, F|\n|poke|p2|Torkoal, L50, M|\n|poke|p2|Amoonguss, L50, F|\n|poke|p2|Great Tusk, L50|\n|teampreview|4\n|inactive|Battle timer is ON: inactive players will automatically lose when time's up. (requested by Vee_Sketch)\n|\n|t:|1683044807\n|start\n|switch|p1a: Grimmsnarl|Grimmsnarl, L50, M|100\/100\n|switch|p1b: Palafin|Palafin, L50, M|100\/100\n|switch|p2a: Torkoal|Torkoal, L50, M|100\/100\n|switch|p2b: Lilligant|Lilligant, L50, F|100\/100\n|-weather|SunnyDay|[from] ability: Drought|[of] p2a: Torkoal\n|turn|1\n|\n|t:|1683044822\n|detailschange|p1b: Palafin|Palafin-Hero, L50, M\n|switch|p1b: Kingambit|Kingambit, L50, F|100\/100\n|switch|p2a: Oricorio|Oricorio-Pom-Pom, L50, F, shiny|100\/100\n|move|p1a: Grimmsnarl|Light Screen|p1a: Grimmsnarl\n|-sidestart|p1: BCDefault|move: Light Screen\n|move|p2b: Lilligant|Petal Dance|p1b: Kingambit\n|-resisted|p1b: Kingambit\n|-damage|p1b: Kingambit|82\/100\n|-damage|p2b: Lilligant|91\/100|[from] item: Life Orb\n|-activate|p2a: Oricorio|ability: Dancer\n|move|p2a: Oricorio|Petal Dance|p1a: Grimmsnarl|[from]ability: Dancer\n|-damage|p1a: Grimmsnarl|80\/100\n|\n|-weather|SunnyDay|[upkeep]\n|upkeep\n|turn|2\n|c|\u2606BCDefault|ooo\n|c|\u2606BCDefault|Thats actually pretty cool\n|inactive|BCDefault has 30 seconds left.\n|\n|t:|1683044852\n|move|p1a: Grimmsnarl|Reflect|p1a: Grimmsnarl\n|-sidestart|p1: BCDefault|Reflect\n|move|p2b: Lilligant|Petal Dance|p1a: Grimmsnarl|[from]lockedmove\n|-damage|p1a: Grimmsnarl|37\/100\n|-damage|p2b: Lilligant|81\/100|[from] item: Life Orb\n|-start|p2b: Lilligant|confusion|[fatigue]\n|-activate|p2a: Oricorio|ability: Dancer\n|move|p2a: Oricorio|Petal Dance|p1b: Kingambit|[from]ability: Dancer\n|-resisted|p1b: Kingambit\n|-damage|p1b: Kingambit|74\/100\n|move|p2a: Oricorio|Quiver Dance|p2a: Oricorio\n|-boost|p2a: Oricorio|spa|1\n|-boost|p2a: Oricorio|spd|1\n|-boost|p2a: Oricorio|spe|1\n|move|p1b: Kingambit|Iron Head|p2b: Lilligant\n|-damage|p2b: Lilligant|10\/100\n|\n|-weather|SunnyDay|[upkeep]\n|upkeep\n|turn|3\n|inactive|BCDefault has 30 seconds left.\n|inactive|Vee_Sketch has 30 seconds left.\n|\n|t:|1683044879\n|-terastallize|p2a: Oricorio|Fire\n|move|p1a: Grimmsnarl|Taunt|p2a: Oricorio\n|-start|p2a: Oricorio|move: Taunt\n|move|p1b: Kingambit|Sucker Punch|p2b: Lilligant\n|-damage|p2b: Lilligant|0 fnt\n|faint|p2b: Lilligant\n|move|p2a: Oricorio|Revelation Dance|p1b: Kingambit\n|-supereffective|p1b: Kingambit\n|-damage|p1b: Kingambit|0 fnt\n|faint|p1b: Kingambit\n|\n|-weather|SunnyDay|[upkeep]\n|upkeep\n|\n|t:|1683044896\n|switch|p2b: Volcarona|Volcarona, L50, M|100\/100\n|switch|p1b: Lucario|Lucario, L50, M|100\/100\n|turn|4\n|\n|t:|1683044911\n|-terastallize|p1b: Lucario|Water\n|move|p2a: Oricorio|Revelation Dance|p1b: Lucario\n|-resisted|p1b: Lucario\n|-damage|p1b: Lucario|61\/100\n|move|p2b: Volcarona|Fiery Dance|p1a: Grimmsnarl\n|-damage|p1a: Grimmsnarl|8\/100\n|-activate|p2a: Oricorio|ability: Dancer\n|move|p2a: Oricorio|Fiery Dance|p1a: Grimmsnarl|[from]ability: Dancer\n|-damage|p1a: Grimmsnarl|0 fnt\n|-boost|p2a: Oricorio|spa|1\n|faint|p1a: Grimmsnarl\n|move|p1b: Lucario|Swords Dance|p1b: Lucario\n|-boost|p1b: Lucario|atk|2\n|-activate|p2a: Oricorio|ability: Dancer\n|cant|p2a: Oricorio|move: Taunt|Swords Dance\n|\n|-weather|SunnyDay|[upkeep]\n|upkeep\n|\n|t:|1683044930\n|switch|p1a: Palafin|Palafin-Hero, L50, M|100\/100\n|-activate|p1a: Palafin|ability: Zero to Hero\n|turn|5\n|inactive|BCDefault has 30 seconds left.\n|inactive|BCDefault has 20 seconds left.\n|inactive|BCDefault has 15 seconds left.\n|\n|t:|1683044971\n|move|p1b: Lucario|Extreme Speed|p2b: Volcarona\n|-damage|p2b: Volcarona|34\/100\n|move|p1a: Palafin|Jet Punch|p2a: Oricorio\n|-supereffective|p2a: Oricorio\n|-crit|p2a: Oricorio\n|-damage|p2a: Oricorio|3\/100\n|-enditem|p2a: Oricorio|Sitrus Berry|[eat]\n|-heal|p2a: Oricorio|28\/100|[from] item: Sitrus Berry\n|move|p2a: Oricorio|Revelation Dance|p1a: Palafin\n|-resisted|p1a: Palafin\n|-damage|p1a: Palafin|62\/100\n|move|p2b: Volcarona|Fiery Dance|p1a: Palafin\n|-resisted|p1a: Palafin\n|-damage|p1a: Palafin|43\/100\n|-boost|p2b: Volcarona|spa|1\n|-activate|p2a: Oricorio|ability: Dancer\n|move|p2a: Oricorio|Fiery Dance|p1a: Palafin|[from]ability: Dancer\n|-resisted|p1a: Palafin\n|-damage|p1a: Palafin|4\/100\n|-boost|p2a: Oricorio|spa|1\n|\n|-weather|SunnyDay|[upkeep]\n|-end|p2a: Oricorio|move: Taunt\n|upkeep\n|turn|6\n|inactive|Vee_Sketch has 30 seconds left.\n|\n|t:|1683045001\n|move|p2a: Oricorio|Protect|p2a: Oricorio\n|-singleturn|p2a: Oricorio|Protect\n|move|p1b: Lucario|Extreme Speed|p2a: Oricorio\n|-activate|p2a: Oricorio|move: Protect\n|move|p1a: Palafin|Jet Punch|p2b: Volcarona\n|-supereffective|p2b: Volcarona\n|-damage|p2b: Volcarona|0 fnt\n|faint|p2b: Volcarona\n|\n|-weather|SunnyDay|[upkeep]\n|upkeep\n|\n|t:|1683045012\n|switch|p2b: Torkoal|Torkoal, L50, M|100\/100\n|turn|7\n|\n|t:|1683045022\n|move|p2b: Torkoal|Helping Hand|p2a: Oricorio\n|-singleturn|p2a: Oricorio|Helping Hand|[of] p2b: Torkoal\n|move|p1b: Lucario|Extreme Speed|p2a: Oricorio\n|-damage|p2a: Oricorio|0 fnt\n|faint|p2a: Oricorio\n|move|p1a: Palafin|Wave Crash|p2b: Torkoal\n|-supereffective|p2b: Torkoal\n|-crit|p2b: Torkoal\n|-damage|p2b: Torkoal|18\/100\n|-damage|p1a: Palafin|0 fnt|[from] Recoil\n|faint|p1a: Palafin\n|\n|-weather|SunnyDay|[upkeep]\n|upkeep\n|turn|8\n|c|\u2606Vee_Sketch|Gg\n|c|\u2606BCDefault|gg\n|c|\u2606BCDefault|well played man\n|-message|Vee_Sketch forfeited.\n|\n|win|BCDefault\n|raw|BCDefault's rating: 1084 → 1108<\/strong> (+24 for winning)\n|raw|Vee_Sketch's rating: 1044 → 1029<\/strong> (-15 for losing)\n|l|\u2606Vee_Sketch\n","uploadtime":1683045048,"views":9,"p1id":"bcdefault","p2id":"veesketch","formatid":"gen9vgc2023regulationc","rating":1029,"private":0,"password":""}