{"id":"gen9vgc2023regulationc-1845122054","p1":"fonzee3000","p2":"Seattle Mischief","format":"[Gen 9] VGC 2023 Regulation C","log":"|j|\u2606fonzee3000\n|j|\u2606Seattle Mischief\n|t:|1681686122\n|gametype|doubles\n|player|p1|fonzee3000|brycenman|1180\n|player|p2|Seattle Mischief|janitor|1171\n|teamsize|p1|6\n|teamsize|p2|6\n|gen|9\n|tier|[Gen 9] VGC 2023 Regulation C\n|rated|\n|rule|Species Clause: Limit one of each Pok\u00e9mon\n|rule|Item Clause: Limit one of each item\n|clearpoke\n|poke|p1|Farigiraf, L50, F|\n|poke|p1|Iron Hands, L50|\n|poke|p1|Flutter Mane, L50|\n|poke|p1|Dragonite, L50, F|\n|poke|p1|Torkoal, L50, F|\n|poke|p1|Chien-Pao, L50|\n|poke|p2|Armarouge, L50, M|\n|poke|p2|Indeedee-F, L50, F|\n|poke|p2|Kingambit, L50, M|\n|poke|p2|Hatterene, L50, F|\n|poke|p2|Garganacl, L50, F|\n|poke|p2|Azumarill, L50, F|\n|teampreview|4\n|inactive|Battle timer is ON: inactive players will automatically lose when time's up. (requested by Seattle Mischief)\nfonzee3000 has agreed to open team sheets.\n|inactive|fonzee3000 has 60 seconds left.\n|\n|t:|1681686156\n|start\n|switch|p1a: Chien-Pao|Chien-Pao, L50|100\/100\n|switch|p1b: Dragonite|Dragonite, L50, F, shiny|100\/100\n|switch|p2a: Armarouge|Armarouge, L50, M|100\/100\n|switch|p2b: Indeedee|Indeedee-F, L50, F|100\/100\n|-ability|p1a: Chien-Pao|Sword of Ruin\n|-fieldstart|move: Psychic Terrain|[from] ability: Psychic Surge|[of] p2b: Indeedee\n|turn|1\n|\n|t:|1681686174\n|move|p2a: Armarouge|Protect|p2a: Armarouge\n|-singleturn|p2a: Armarouge|Protect\n|move|p1a: Chien-Pao|Ice Spinner|p2b: Indeedee\n|-damage|p2b: Indeedee|28\/100\n|-fieldend|move: Psychic Terrain\n|-enditem|p2b: Indeedee|Eject Button\n|\n|t:|1681686191\n|switch|p2b: Azumarill|Azumarill, L50, F|100\/100\n|move|p1b: Dragonite|Dragon Claw|p2a: Armarouge\n|-activate|p2a: Armarouge|move: Protect\n|\n|upkeep\n|turn|2\n|\n|t:|1681686205\n|move|p1a: Chien-Pao|Sucker Punch||[still]\n|-fail|p1a: Chien-Pao\n|move|p1b: Dragonite|Dragon Claw|p2a: Armarouge\n|-damage|p2a: Armarouge|22\/100\n|move|p2b: Azumarill|Ice Spinner|p1b: Dragonite\n|-supereffective|p1b: Dragonite\n|-damage|p1b: Dragonite|0 fnt\n|faint|p1b: Dragonite\n|move|p2a: Armarouge|Trick Room|p2a: Armarouge\n|-fieldstart|move: Trick Room|[of] p2a: Armarouge\n|\n|upkeep\n|\n|t:|1681686215\n|switch|p1b: Torkoal|Torkoal, L50, F, shiny|100\/100\n|-weather|SunnyDay|[from] ability: Drought|[of] p1b: Torkoal\n|turn|3\n|\n|t:|1681686226\n|switch|p2b: Indeedee|Indeedee-F, L50, F|28\/100\n|-fieldstart|move: Psychic Terrain|[from] ability: Psychic Surge|[of] p2b: Indeedee\n|move|p1b: Torkoal|Protect|p1b: Torkoal\n|-singleturn|p1b: Torkoal|Protect\n|move|p1a: Chien-Pao|Sucker Punch|p2a: Armarouge\n|-activate|p2a: Armarouge|move: Psychic Terrain\n|move|p2a: Armarouge|Expanding Force|p1b: Torkoal|[spread] \n|-activate|p1b: Torkoal|move: Protect\n|-immune|p1a: Chien-Pao\n|\n|-weather|SunnyDay|[upkeep]\n|upkeep\n|turn|4\n|\n|t:|1681686241\n|move|p2b: Indeedee|Follow Me|p2b: Indeedee\n|-singleturn|p2b: Indeedee|move: Follow Me\n|move|p1b: Torkoal|Earth Power|p2b: Indeedee\n|-damage|p2b: Indeedee|8\/100\n|move|p2a: Armarouge|Expanding Force|p1b: Torkoal|[spread] p1b\n|-immune|p1a: Chien-Pao\n|-damage|p1b: Torkoal|25\/100\n|move|p1a: Chien-Pao|Ice Spinner|p2b: Indeedee\n|-damage|p2b: Indeedee|0 fnt\n|-fieldend|move: Psychic Terrain\n|faint|p2b: Indeedee\n|\n|-weather|SunnyDay|[upkeep]\n|upkeep\n|\n|t:|1681686255\n|switch|p2b: Azumarill|Azumarill, L50, F|100\/100\n|turn|5\n|\n|t:|1681686271\n|switch|p1a: Iron Hands|Iron Hands, L50|100\/100\n|move|p1b: Torkoal|Protect|p1b: Torkoal\n|-singleturn|p1b: Torkoal|Protect\n|move|p2a: Armarouge|Protect|p2a: Armarouge\n|-singleturn|p2a: Armarouge|Protect\n|move|p2b: Azumarill|Play Rough|p1a: Iron Hands\n|-supereffective|p1a: Iron Hands\n|-damage|p1a: Iron Hands|23\/100\n|-unboost|p1a: Iron Hands|atk|1\n|\n|-weather|SunnyDay|[upkeep]\n|upkeep\n|turn|6\n|\n|t:|1681686294\n|move|p2a: Armarouge|Protect|p2a: Armarouge\n|-singleturn|p2a: Armarouge|Protect\n|move|p1a: Iron Hands|Fake Out|p2b: Azumarill\n|-damage|p2b: Azumarill|89\/100\n|move|p1b: Torkoal|Earth Power|p2a: Armarouge\n|-activate|p2a: Armarouge|move: Protect\n|cant|p2b: Azumarill|flinch\n|\n|-weather|SunnyDay|[upkeep]\n|-fieldend|move: Trick Room\n|upkeep\n|turn|7\n|\n|t:|1681686312\n|move|p2a: Armarouge|Expanding Force|p1b: Torkoal\n|-damage|p1b: Torkoal|0 fnt\n|faint|p1b: Torkoal\n|move|p1a: Iron Hands|Drain Punch|p2a: Armarouge\n|-resisted|p2a: Armarouge\n|-damage|p2a: Armarouge|10\/100\n|-heal|p1a: Iron Hands|28\/100|[from] drain|[of] p2a: Armarouge\n|move|p2b: Azumarill|Play Rough|p1a: Iron Hands|[miss]\n|-miss|p2b: Azumarill|p1a: Iron Hands\n|\n|-weather|none\n|upkeep\n|\n|t:|1681686323\n|switch|p1b: Chien-Pao|Chien-Pao, L50|100\/100\n|-ability|p1b: Chien-Pao|Sword of Ruin\n|turn|8\n|\n|t:|1681686341\n|move|p2a: Armarouge|Protect|p2a: Armarouge\n|-singleturn|p2a: Armarouge|Protect\n|move|p1b: Chien-Pao|Sucker Punch|p2b: Azumarill\n|-resisted|p2b: Azumarill\n|-damage|p2b: Azumarill|65\/100\n|move|p1a: Iron Hands|Wild Charge|p2b: Azumarill\n|-supereffective|p2b: Azumarill\n|-crit|p2b: Azumarill\n|-damage|p2b: Azumarill|0 fnt\n|faint|p2b: Azumarill\n|-damage|p1a: Iron Hands|13\/100|[from] Recoil\n|\n|upkeep\n|\n|t:|1681686351\n|switch|p2b: Kingambit|Kingambit, L50, M|100\/100\n|turn|9\n|\n|t:|1681686361\n|-terastallize|p2b: Kingambit|Fire\n|move|p1b: Chien-Pao|Sucker Punch||[still]\n|-fail|p1b: Chien-Pao\n|move|p2b: Kingambit|Sucker Punch|p1a: Iron Hands\n|-resisted|p1a: Iron Hands\n|-crit|p1a: Iron Hands\n|-damage|p1a: Iron Hands|0 fnt\n|faint|p1a: Iron Hands\n|-end|p1a: Iron Hands|Quark Drive|[silent]\n|move|p2a: Armarouge|Trick Room|p2a: Armarouge\n|-fieldstart|move: Trick Room|[of] p2a: Armarouge\n|\n|upkeep\n|turn|10\n|\n|t:|1681686378\n|move|p2b: Kingambit|Iron Head|p1b: Chien-Pao\n|-supereffective|p1b: Chien-Pao\n|-enditem|p1b: Chien-Pao|Focus Sash\n|-damage|p1b: Chien-Pao|1\/100\n|move|p2a: Armarouge|Armor Cannon|p1b: Chien-Pao\n|-supereffective|p1b: Chien-Pao\n|-damage|p1b: Chien-Pao|0 fnt\n|-unboost|p2a: Armarouge|def|1\n|-unboost|p2a: Armarouge|spd|1\n|faint|p1b: Chien-Pao\n|\n|win|Seattle Mischief\n|raw|fonzee3000's rating: 1180 → 1154<\/strong> (-26 for losing)\n|raw|Seattle Mischief's rating: 1171 → 1197<\/strong> (+26 for winning)\n","uploadtime":1681686389,"views":17,"p1id":"fonzee3000","p2id":"seattlemischief","formatid":"gen9vgc2023regulationc","rating":1154,"private":0,"password":""}