{"id":"gen9vgc2023regulationc-1851261201","p1":"Oyequepaso","p2":"flyinghan92","format":"[Gen 9] VGC 2023 Regulation C","log":"|j|\u2606Oyequepaso\n|j|\u2606flyinghan92\n|t:|1682430519\n|gametype|doubles\n|player|p1|Oyequepaso|hilbert|1053\n|player|p2|flyinghan92|266|1080\n|teamsize|p1|6\n|teamsize|p2|6\n|gen|9\n|tier|[Gen 9] VGC 2023 Regulation C\n|rated|\n|rule|Species Clause: Limit one of each Pok\u00e9mon\n|rule|Item Clause: Limit one of each item\n|clearpoke\n|poke|p1|Iron Bundle, L50|\n|poke|p1|Ting-Lu, L50|\n|poke|p1|Sylveon, L50, M|\n|poke|p1|Toxtricity-Low-Key, L50, M|\n|poke|p1|Maushold-Four, L50|\n|poke|p1|Annihilape, L50, F|\n|poke|p2|Pelipper, L50, M|\n|poke|p2|Dragonite, L50, M|\n|poke|p2|Corviknight, L50, F|\n|poke|p2|Honchkrow, L50, F|\n|poke|p2|Staraptor, L50, M|\n|poke|p2|Drednaw, L50, F|\n|teampreview|4\nOyequepaso rejected open team sheets.\n|inactive|Battle timer is ON: inactive players will automatically lose when time's up. (requested by Oyequepaso)\n|inactive|flyinghan92 has 60 seconds left.\n|\n|t:|1682430576\n|start\n|switch|p1a: Maushold|Maushold-Four, L50|100\/100\n|switch|p1b: Annihilape|Annihilape, L50, F|100\/100\n|switch|p2a: Pelipper|Pelipper, L50, M|100\/100\n|switch|p2b: Staraptor|Staraptor, L50, M|100\/100\n|-ability|p2b: Staraptor|Intimidate|boost\n|-unboost|p1a: Maushold|atk|1\n|-unboost|p1b: Annihilape|atk|1\n|-ability|p1b: Annihilape|Defiant|boost\n|-boost|p1b: Annihilape|atk|2\n|-weather|RainDance|[from] ability: Drizzle|[of] p2a: Pelipper\n|turn|1\n|inactive|flyinghan92 has 30 seconds left.\n|\n|t:|1682430603\n|-terastallize|p1b: Annihilape|Ghost\n|move|p2b: Staraptor|Brave Bird|p1b: Annihilape\n|-damage|p1b: Annihilape|47\/100\n|-damage|p2b: Staraptor|83\/100|[from] Recoil\n|move|p1a: Maushold|Beat Up|p1b: Annihilape\n|-supereffective|p1b: Annihilape\n|-damage|p1b: Annihilape|44\/100\n|-enditem|p1b: Annihilape|Weakness Policy\n|-boost|p1b: Annihilape|atk|2|[from] item: Weakness Policy\n|-boost|p1b: Annihilape|spa|2|[from] item: Weakness Policy\n|-supereffective|p1b: Annihilape\n|-damage|p1b: Annihilape|40\/100\n|-supereffective|p1b: Annihilape\n|-damage|p1b: Annihilape|37\/100\n|-supereffective|p1b: Annihilape\n|-crit|p1b: Annihilape\n|-damage|p1b: Annihilape|28\/100\n|-hitcount|p1b: Annihilape|4\n|move|p1b: Annihilape|Rage Fist|p2a: Pelipper\n|-enditem|p2a: Pelipper|Focus Sash\n|-damage|p2a: Pelipper|1\/100\n|move|p2a: Pelipper|Tailwind|p2a: Pelipper\n|-sidestart|p2: flyinghan92|move: Tailwind\n|\n|-weather|RainDance|[upkeep]\n|upkeep\n|turn|2\n|inactive|Oyequepaso has 30 seconds left.\n|inactive|flyinghan92 has 30 seconds left.\n|inactive|flyinghan92 has 20 seconds left.\n|inactive|flyinghan92 has 15 seconds left.\n|inactive|flyinghan92 has 10 seconds left.\n|\n|t:|1682430649\n|move|p2a: Pelipper|Protect|p2a: Pelipper\n|-singleturn|p2a: Pelipper|Protect\n|move|p1b: Annihilape|Protect|p1b: Annihilape\n|-singleturn|p1b: Annihilape|Protect\n|move|p2b: Staraptor|Brave Bird|p1a: Maushold\n|-damage|p1a: Maushold|25\/100\n|-damage|p2b: Staraptor|60\/100|[from] Recoil\n|move|p1a: Maushold|Beat Up|p2a: Pelipper\n|-activate|p2a: Pelipper|move: Protect\n|\n|-weather|RainDance|[upkeep]\n|upkeep\n|turn|3\n|inactive|Oyequepaso has 30 seconds left.\n|inactive|Oyequepaso has 20 seconds left.\n|\n|t:|1682430685\n|move|p1a: Maushold|Follow Me|p1a: Maushold\n|-singleturn|p1a: Maushold|move: Follow Me\n|move|p2b: Staraptor|Brave Bird|p1a: Maushold\n|-damage|p1a: Maushold|0 fnt\n|faint|p1a: Maushold\n|-damage|p2b: Staraptor|52\/100|[from] Recoil\n|move|p2a: Pelipper|Hurricane|p1b: Annihilape\n|-damage|p1b: Annihilape|0 fnt\n|faint|p1b: Annihilape\n|\n|-weather|RainDance|[upkeep]\n|upkeep\n|\n|t:|1682430696\n|switch|p1a: Ting-Lu|Ting-Lu, L50|100\/100\n|switch|p1b: Toxtricity|Toxtricity-Low-Key, L50, M|100\/100\n|-ability|p1a: Ting-Lu|Vessel of Ruin\n|turn|4\n|inactive|flyinghan92 has 30 seconds left.\n|inactive|flyinghan92 has 20 seconds left.\n|\n|t:|1682430733\n|switch|p2a: Dragonite|Dragonite, L50, M|100\/100\n|move|p2b: Staraptor|Brave Bird|p1b: Toxtricity\n|-resisted|p1b: Toxtricity\n|-damage|p1b: Toxtricity|66\/100\n|-damage|p2b: Staraptor|42\/100|[from] Recoil\n|move|p1b: Toxtricity|Overdrive|p2a: Dragonite|[spread] p2a,p2b\n|-supereffective|p2b: Staraptor\n|-damage|p2a: Dragonite|88\/100\n|-damage|p2b: Staraptor|0 fnt\n|faint|p2b: Staraptor\n|-damage|p1b: Toxtricity|57\/100|[from] item: Life Orb\n|move|p1a: Ting-Lu|Rock Slide|p2a: Dragonite\n|-supereffective|p2a: Dragonite\n|-damage|p2a: Dragonite|41\/100\n|\n|-weather|RainDance|[upkeep]\n|-sideend|p2: flyinghan92|move: Tailwind\n|upkeep\n|\n|t:|1682430750\n|switch|p2b: Drednaw|Drednaw, L50, F|100\/100\n|turn|5\n|inactive|flyinghan92 has 30 seconds left.\n|\n|t:|1682430779\n|-terastallize|p2b: Drednaw|Flying\n|move|p2a: Dragonite|Extreme Speed|p1b: Toxtricity\n|-damage|p1b: Toxtricity|24\/100\n|move|p2b: Drednaw|Liquidation|p1b: Toxtricity\n|-damage|p1b: Toxtricity|0 fnt\n|faint|p1b: Toxtricity\n|move|p1a: Ting-Lu|Fissure|p2b: Drednaw\n|-immune|p2b: Drednaw\n|\n|-weather|none\n|upkeep\n|turn|6\n|\n|t:|1682430791\n|switch|p2a: Pelipper|Pelipper, L50, M|1\/100\n|-weather|RainDance|[from] ability: Drizzle|[of] p2a: Pelipper\n|move|p2b: Drednaw|Liquidation|p1a: Ting-Lu\n|-supereffective|p1a: Ting-Lu\n|-damage|p1a: Ting-Lu|0 fnt\n|faint|p1a: Ting-Lu\n|\n|win|flyinghan92\n|raw|Oyequepaso's rating: 1053 → 1036<\/strong> (-17 for losing)\n|raw|flyinghan92's rating: 1080 → 1106<\/strong> (+26 for winning)\n","uploadtime":1682430813,"views":12,"p1id":"oyequepaso","p2id":"flyinghan92","formatid":"gen9vgc2023regulationc","rating":1036,"private":0,"password":""}