{"id":"gen9vgc2023regulationc-1860662129","p1":"eughe","p2":"Ironicpanda","format":"[Gen 9] VGC 2023 Regulation C","log":"|j|\u2606eughe\n|j|\u2606Ironicpanda\n|t:|1683663698\n|gametype|doubles\n|player|p1|eughe|wallace|\n|player|p2|Ironicpanda|lass-gen4dp|\n|teamsize|p1|6\n|teamsize|p2|6\n|gen|9\n|tier|[Gen 9] VGC 2023 Regulation C\n|rule|Species Clause: Limit one of each Pok\u00e9mon\n|rule|Item Clause: Limit one of each item\n|clearpoke\n|poke|p1|Flutter Mane, L50|\n|poke|p1|Great Tusk, L50|\n|poke|p1|Chi-Yu, L50|\n|poke|p1|Kingambit, L50, F|\n|poke|p1|Talonflame, L50, F|\n|poke|p1|Iron Bundle, L50|\n|poke|p2|Iron Bundle, L50|\n|poke|p2|Arcanine, L50, F|\n|poke|p2|Amoonguss, L50, M|\n|poke|p2|Flutter Mane, L50|\n|poke|p2|Kingambit, L50, F|\n|poke|p2|Dragonite, L50, M|\n|teampreview|4\n|c|\u2606eughe|and G3\neughe has agreed to open team sheets.\nIronicpanda has agreed to open team sheets.\n|j|+Eeveon7\u2764\n|j| Snorlaxatemydimsum\n|j| templevgc\n|j| Eugene downfate\n|j| ceree\n|c|\u2606eughe|glhf\n|j| JeanMarc\n|c|\u2606Ironicpanda|u2\n|\n|t:|1683664669\n|start\n|switch|p1a: Iron Bundle|Iron Bundle, L50, shiny|100\/100\n|switch|p1b: Kingambit|Kingambit, L50, F|100\/100\n|switch|p2a: Iron Bundle|Iron Bundle, L50|100\/100\n|switch|p2b: Dragonite|Dragonite, L50, M|100\/100\n|-enditem|p1a: Iron Bundle|Booster Energy\n|-activate|p1a: Iron Bundle|ability: Quark Drive|[fromitem]\n|-start|p1a: Iron Bundle|quarkdrivespe\n|-enditem|p2a: Iron Bundle|Booster Energy\n|-activate|p2a: Iron Bundle|ability: Quark Drive|[fromitem]\n|-start|p2a: Iron Bundle|quarkdrivespe\n|turn|1\n|\n|t:|1683664720\n|-terastallize|p2b: Dragonite|Flying\n|-terastallize|p1b: Kingambit|Flying\n|move|p2a: Iron Bundle|Protect|p2a: Iron Bundle\n|-singleturn|p2a: Iron Bundle|Protect\n|move|p1a: Iron Bundle|Icy Wind|p2a: Iron Bundle|[spread] p2b\n|-activate|p2a: Iron Bundle|move: Protect\n|-supereffective|p2b: Dragonite\n|-damage|p2b: Dragonite|86\/100\n|-unboost|p2b: Dragonite|spe|1\n|move|p2b: Dragonite|Tera Blast|p1a: Iron Bundle\n|-damage|p1a: Iron Bundle|33\/100\n|move|p1b: Kingambit|Assurance|p2a: Iron Bundle\n|-activate|p2a: Iron Bundle|move: Protect\n|\n|upkeep\n|turn|2\n|\n|t:|1683664830\n|move|p2b: Dragonite|Extreme Speed|p1a: Iron Bundle\n|-damage|p1a: Iron Bundle|0 fnt\n|faint|p1a: Iron Bundle\n|-end|p1a: Iron Bundle|Quark Drive|[silent]\n|move|p2a: Iron Bundle|Freeze-Dry|p1b: Kingambit\n|-supereffective|p1b: Kingambit\n|-damage|p1b: Kingambit|54\/100\n|move|p1b: Kingambit|Tera Blast|p2b: Dragonite\n|-damage|p2b: Dragonite|37\/100\n|\n|upkeep\n|\n|t:|1683664845\n|switch|p1a: Flutter Mane|Flutter Mane, L50|100\/100\n|turn|3\n|\n|t:|1683664880\n|move|p2a: Iron Bundle|Protect|p2a: Iron Bundle\n|-singleturn|p2a: Iron Bundle|Protect\n|move|p2b: Dragonite|Extreme Speed|p1b: Kingambit\n|-damage|p1b: Kingambit|31\/100\n|move|p1b: Kingambit|Sucker Punch||[still]\n|-fail|p1b: Kingambit\n|move|p1a: Flutter Mane|Dazzling Gleam|p2a: Iron Bundle|[spread] p2b\n|-activate|p2a: Iron Bundle|move: Protect\n|-damage|p2b: Dragonite|2\/100\n|\n|upkeep\n|turn|4\n|\n|t:|1683664932\n|-end|p2a: Iron Bundle|Quark Drive|[silent]\n|switch|p2a: Amoonguss|Amoonguss, L50, M|100\/100\n|move|p2b: Dragonite|Extreme Speed|p1b: Kingambit\n|-damage|p1b: Kingambit|8\/100\n|move|p1b: Kingambit|Sucker Punch||[still]\n|-fail|p1b: Kingambit\n|move|p1a: Flutter Mane|Dazzling Gleam|p2b: Dragonite|[spread] p2a,p2b\n|-resisted|p2a: Amoonguss\n|-damage|p2a: Amoonguss|81\/100\n|-damage|p2b: Dragonite|0 fnt\n|faint|p2b: Dragonite\n|\n|upkeep\n|\n|t:|1683664948\n|switch|p2b: Iron Bundle|Iron Bundle, L50|100\/100\n|turn|5\n|\n|t:|1683664978\n|move|p2b: Iron Bundle|Icy Wind|p1a: Flutter Mane|[spread] p1a,p1b\n|-supereffective|p1b: Kingambit\n|-damage|p1a: Flutter Mane|79\/100\n|-damage|p1b: Kingambit|0 fnt\n|-unboost|p1a: Flutter Mane|spe|1\n|faint|p1b: Kingambit\n|move|p1a: Flutter Mane|Dazzling Gleam|p2a: Amoonguss|[spread] p2a,p2b\n|-resisted|p2a: Amoonguss\n|-damage|p2a: Amoonguss|60\/100\n|-damage|p2b: Iron Bundle|0 fnt\n|faint|p2b: Iron Bundle\n|-end|p2b: Iron Bundle|Quark Drive|[silent]\n|move|p2a: Amoonguss|Spore|p1a: Flutter Mane\n|-status|p1a: Flutter Mane|slp|[from] move: Spore\n|\n|upkeep\n|\n|t:|1683664991\n|switch|p2b: Flutter Mane|Flutter Mane, L50|100\/100\n|switch|p1b: Chi-Yu|Chi-Yu, L50|100\/100\n|-ability|p1b: Chi-Yu|Beads of Ruin\n|turn|6\n|\n|t:|1683665045\n|move|p2a: Amoonguss|Rage Powder|p2a: Amoonguss\n|-singleturn|p2a: Amoonguss|move: Rage Powder\n|move|p2b: Flutter Mane|Dazzling Gleam|p1a: Flutter Mane|[spread] p1a,p1b\n|-damage|p1a: Flutter Mane|17\/100 slp\n|-damage|p1b: Chi-Yu|48\/100\n|move|p1b: Chi-Yu|Heat Wave|p2b: Flutter Mane|[spread] p2a\n|-miss|p1b: Chi-Yu|p2b: Flutter Mane\n|-supereffective|p2a: Amoonguss\n|-damage|p2a: Amoonguss|0 fnt\n|faint|p2a: Amoonguss\n|cant|p1a: Flutter Mane|slp\n|\n|upkeep\n|turn|7\n|\n|t:|1683665057\n|move|p2b: Flutter Mane|Dazzling Gleam|p1a: Flutter Mane|[spread] p1a,p1b\n|-damage|p1a: Flutter Mane|0 fnt\n|-damage|p1b: Chi-Yu|0 fnt\n|faint|p1a: Flutter Mane\n|-end|p1a: Flutter Mane|Protosynthesis|[silent]\n|faint|p1b: Chi-Yu\n|\n|win|Ironicpanda\n|c|\u2606Ironicpanda|gg\n|c|\u2606eughe|gg\n|l| ceree\n|l| Eugene downfate\n|l| Snorlaxatemydimsum\n|l|+Eeveon7\u2764\n|l|\u2606eughe\n|l| JeanMarc\n|l| templevgc\n","uploadtime":1683665100,"views":73,"p1id":"eughe","p2id":"ironicpanda","formatid":"gen9vgc2023regulationc","rating":0,"private":0,"password":""}