{"id":"gen9vgc2023regulationc-1849494347","p1":"Lucky Lupfer","p2":"Izzywooperstan","format":"[Gen 9] VGC 2023 Regulation C","log":"|j|\u2606Lucky Lupfer\n|j|\u2606Izzywooperstan\n|t:|1682205124\n|gametype|doubles\n|player|p1|Lucky Lupfer|102|1208\n|player|p2|Izzywooperstan|lady|1192\n|teamsize|p1|6\n|teamsize|p2|6\n|gen|9\n|tier|[Gen 9] VGC 2023 Regulation C\n|rated|\n|rule|Species Clause: Limit one of each Pok\u00e9mon\n|rule|Item Clause: Limit one of each item\n|clearpoke\n|poke|p1|Flutter Mane, L50|\n|poke|p1|Palafin, L50, F|\n|poke|p1|Arcanine, L50, M|\n|poke|p1|Dragapult, L50, M|\n|poke|p1|Chien-Pao, L50|\n|poke|p1|Grimmsnarl, L50, M|\n|poke|p2|Flutter Mane, L50|\n|poke|p2|Arcanine, L50, M|\n|poke|p2|Tsareena, L50, F|\n|poke|p2|Kingambit, L50, M|\n|poke|p2|Great Tusk, L50|\n|poke|p2|Palafin, L50, M|\n|teampreview|4\n|inactive|Battle timer is ON: inactive players will automatically lose when time's up. (requested by Lucky Lupfer)\nIzzywooperstan has agreed to open team sheets.\n|inactive|Lucky Lupfer has 60 seconds left.\n|inactive|Izzywooperstan has 60 seconds left.\n|\n|t:|1682205170\n|start\n|switch|p1a: Grimmsnarl|Grimmsnarl, L50, M|100\/100\n|switch|p1b: Palafin|Palafin, L50, F|100\/100\n|switch|p2a: Nixon|Palafin, L50, M|100\/100\n|switch|p2b: Cleveland|Kingambit, L50, M|100\/100\n|turn|1\n|inactive|Lucky Lupfer has 30 seconds left.\n|\n|t:|1682205201\n|detailschange|p2a: Nixon|Palafin-Hero, L50, M\n|switch|p2a: Pierce|Tsareena, L50, F|100\/100\n|move|p1a: Grimmsnarl|Fake Out||[still]\n|cant|p2a: Pierce|ability: Queenly Majesty|Fake Out|[of] p1a: Grimmsnarl\n|move|p1b: Palafin|Wave Crash|p2b: Cleveland\n|-damage|p2b: Cleveland|57\/100\n|-damage|p1b: Palafin|86\/100|[from] Recoil\n|move|p2b: Cleveland|Iron Head|p1a: Grimmsnarl\n|-supereffective|p1a: Grimmsnarl\n|-damage|p1a: Grimmsnarl|0 fnt\n|faint|p1a: Grimmsnarl\n|-damage|p2b: Cleveland|47\/100|[from] item: Life Orb\n|\n|upkeep\n|\n|t:|1682205215\n|switch|p1a: Arcanine|Arcanine, L50, M|100\/100\n|-ability|p1a: Arcanine|Intimidate|boost\n|-unboost|p2a: Pierce|atk|1\n|-unboost|p2b: Cleveland|atk|1\n|-ability|p2b: Cleveland|Defiant|boost\n|-boost|p2b: Cleveland|atk|2\n|turn|2\n|\n|t:|1682205238\n|-terastallize|p2b: Cleveland|Fire\n|move|p2a: Pierce|Helping Hand|p2b: Cleveland\n|-singleturn|p2b: Cleveland|Helping Hand|[of] p2a: Pierce\n|move|p1b: Palafin|Wave Crash|p2b: Cleveland\n|-supereffective|p2b: Cleveland\n|-damage|p2b: Cleveland|0 fnt\n|faint|p2b: Cleveland\n|-damage|p1b: Palafin|71\/100|[from] Recoil\n|move|p1a: Arcanine|Flare Blitz|p2a: Pierce\n|-supereffective|p2a: Pierce\n|-enditem|p2a: Pierce|Focus Sash\n|-damage|p2a: Pierce|1\/100\n|-damage|p1a: Arcanine|76\/100|[from] Recoil\n|\n|upkeep\n|\n|t:|1682205255\n|switch|p2b: Nixon|Palafin-Hero, L50, M|100\/100\n|-activate|p2b: Nixon|ability: Zero to Hero\n|turn|3\n|\n|t:|1682205264\n|switch|p1a: Dragapult|Dragapult, L50, M|100\/100\n|move|p2b: Nixon|Jet Punch|p1a: Dragapult\n|-resisted|p1a: Dragapult\n|-damage|p1a: Dragapult|71\/100\n|move|p2a: Pierce|Seed Bomb|p1b: Palafin\n|-supereffective|p1b: Palafin\n|-damage|p1b: Palafin|7\/100\n|move|p1b: Palafin|Wave Crash|p2a: Pierce\n|-resisted|p2a: Pierce\n|-damage|p2a: Pierce|0 fnt\n|faint|p2a: Pierce\n|-damage|p1b: Palafin|6\/100|[from] Recoil\n|\n|upkeep\n|\n|t:|1682205279\n|switch|p2a: Harding|Great Tusk, L50|100\/100\n|turn|4\n|\n|t:|1682205287\n|detailschange|p1b: Palafin|Palafin-Hero, L50, F\n|switch|p1b: Arcanine|Arcanine, L50, M|76\/100\n|-ability|p1b: Arcanine|Intimidate|boost\n|-unboost|p2a: Harding|atk|1\n|-unboost|p2b: Nixon|atk|1\n|move|p2a: Harding|Headlong Rush|p1a: Dragapult\n|-damage|p1a: Dragapult|17\/100\n|-unboost|p2a: Harding|def|1\n|-unboost|p2a: Harding|spd|1\n|move|p1a: Dragapult|Dragon Darts|p2a: Harding\n|-damage|p2a: Harding|62\/100\n|-anim|p1a: Dragapult|Dragon Darts|p2b: Nixon\n|-damage|p2b: Nixon|69\/100\n|move|p2b: Nixon|Haze|p2b: Nixon\n|-clearallboost\n|\n|upkeep\n|turn|5\n|inactive|Lucky Lupfer has 30 seconds left.\n|\n|t:|1682205318\n|move|p2b: Nixon|Jet Punch|p1b: Arcanine\n|-supereffective|p1b: Arcanine\n|-damage|p1b: Arcanine|0 fnt\n|faint|p1b: Arcanine\n|move|p2a: Harding|Headlong Rush|p1a: Dragapult\n|-damage|p1a: Dragapult|0 fnt\n|-unboost|p2a: Harding|def|1\n|-unboost|p2a: Harding|spd|1\n|faint|p1a: Dragapult\n|\n|upkeep\n|\n|t:|1682205328\n|switch|p1b: Palafin|Palafin-Hero, L50, F|6\/100\n|-activate|p1b: Palafin|ability: Zero to Hero\n|turn|6\n|\n|t:|1682205334\n|move|p2b: Nixon|Jet Punch|p1b: Palafin\n|-resisted|p1b: Palafin\n|-damage|p1b: Palafin|0 fnt\n|faint|p1b: Palafin\n|\n|win|Izzywooperstan\n|raw|Lucky Lupfer's rating: 1208 → 1182<\/strong> (-26 for losing)\n|raw|Izzywooperstan's rating: 1192 → 1218<\/strong> (+26 for winning)\n|l|\u2606Lucky Lupfer\n","uploadtime":1682205366,"views":10,"p1id":"luckylupfer","p2id":"izzywooperstan","formatid":"gen9vgc2023regulationc","rating":1182,"private":0,"password":""}