{"id":"gen9vgc2023regulationc-1859303827","p1":"kricketot marx","p2":"EliteFourWill23","format":"[Gen 9] VGC 2023 Regulation C","log":"|j|\u2606kricketot marx\n|j|\u2606EliteFourWill23\n|t:|1683431383\n|gametype|doubles\n|player|p1|kricketot marx|flannery|1430\n|player|p2|EliteFourWill23|lance|1332\n|teamsize|p1|6\n|teamsize|p2|6\n|gen|9\n|tier|[Gen 9] VGC 2023 Regulation C\n|rated|\n|rule|Species Clause: Limit one of each Pok\u00e9mon\n|rule|Item Clause: Limit one of each item\n|clearpoke\n|poke|p1|Scream Tail, L50|\n|poke|p1|Baxcalibur, L50, F|\n|poke|p1|Corviknight, L50, F|\n|poke|p1|Rotom-Wash, L50|\n|poke|p1|Flutter Mane, L50|\n|poke|p1|Tyranitar, L50, M|\n|poke|p2|Sandy Shocks, L50|\n|poke|p2|Dragapult, L50, F|\n|poke|p2|Chien-Pao, L50|\n|poke|p2|Palafin, L50, M|\n|poke|p2|Gothitelle, L50, M|\n|poke|p2|Pelipper, L50, M|\n|teampreview|4\nkricketot marx has agreed to open team sheets.\nEliteFourWill23 has agreed to open team sheets.\n|\n|t:|1683431450\n|start\n|switch|p1a: Scream Tail|Scream Tail, L50, shiny|100\/100\n|switch|p1b: Baxcalibur|Baxcalibur, L50, F|100\/100\n|switch|p2a: Palafin|Palafin, L50, M|100\/100\n|switch|p2b: Dragapult|Dragapult, L50, F|100\/100\n|-enditem|p1a: Scream Tail|Booster Energy\n|-activate|p1a: Scream Tail|ability: Protosynthesis|[fromitem]\n|-start|p1a: Scream Tail|protosynthesisspe\n|turn|1\n|inactive|Battle timer is ON: inactive players will automatically lose when time's up. (requested by kricketot marx)\n|\n|t:|1683431483\n|detailschange|p2a: Palafin|Palafin-Hero, L50, M\n|switch|p2a: Pelipper|Pelipper, L50, M|100\/100\n|-weather|RainDance|[from] ability: Drizzle|[of] p2a: Pelipper\n|-terastallize|p1a: Scream Tail|Water\n|-terastallize|p2b: Dragapult|Steel\n|move|p1b: Baxcalibur|Protect|p1b: Baxcalibur\n|-singleturn|p1b: Baxcalibur|Protect\n|move|p1a: Scream Tail|Howl|p1a: Scream Tail|[spread] p1a,p1b\n|-boost|p1a: Scream Tail|atk|1\n|-boost|p1b: Baxcalibur|atk|1\n|move|p2b: Dragapult|Tera Blast|p1a: Scream Tail\n|-resisted|p1a: Scream Tail\n|-damage|p1a: Scream Tail|78\/100\n|\n|-weather|RainDance|[upkeep]\n|upkeep\n|turn|2\n|inactive|kricketot marx has 30 seconds left.\n|\n|t:|1683431521\n|switch|p2b: Palafin|Palafin-Hero, L50, M|100\/100\n|-activate|p2b: Palafin|ability: Zero to Hero\n|move|p1a: Scream Tail|Disable||[still]\n|-fail|p1a: Scream Tail\n|move|p1b: Baxcalibur|Icicle Spear|p2a: Pelipper\n|-damage|p2a: Pelipper|78\/100\n|-damage|p2a: Pelipper|55\/100\n|-damage|p2a: Pelipper|31\/100\n|-damage|p2a: Pelipper|7\/100\n|-hitcount|p2a: Pelipper|4\n|move|p2a: Pelipper|Tailwind|p2a: Pelipper\n|-sidestart|p2: EliteFourWill23|move: Tailwind\n|\n|-weather|RainDance|[upkeep]\n|upkeep\n|turn|3\n|inactive|kricketot marx has 30 seconds left.\n|inactive|EliteFourWill23 has 30 seconds left.\n|\n|t:|1683431547\n|move|p1b: Baxcalibur|Ice Shard|p2a: Pelipper\n|-damage|p2a: Pelipper|0 fnt\n|faint|p2a: Pelipper\n|move|p1a: Scream Tail|Disable||[still]\n|-fail|p1a: Scream Tail\n|move|p2b: Palafin|Wave Crash|p1b: Baxcalibur\n|-resisted|p1b: Baxcalibur\n|-damage|p1b: Baxcalibur|46\/100\n|-damage|p2b: Palafin|83\/100|[from] Recoil\n|\n|-weather|RainDance|[upkeep]\n|upkeep\n|\n|t:|1683431560\n|switch|p2a: Sandy Shocks|Sandy Shocks, L50|100\/100\n|-enditem|p2a: Sandy Shocks|Booster Energy\n|-activate|p2a: Sandy Shocks|ability: Protosynthesis|[fromitem]\n|-start|p2a: Sandy Shocks|protosynthesisspe\n|turn|4\n|inactive|kricketot marx has 30 seconds left.\n|inactive|EliteFourWill23 has 30 seconds left.\n|\n|t:|1683431597\n|move|p2a: Sandy Shocks|Thunder|p1a: Scream Tail\n|-supereffective|p1a: Scream Tail\n|-damage|p1a: Scream Tail|2\/100\n|move|p1a: Scream Tail|Disable|p2b: Palafin\n|-start|p2b: Palafin|Disable|Wave Crash\n|cant|p2b: Palafin|Disable|Wave Crash\n|move|p1b: Baxcalibur|Icicle Spear|p2a: Sandy Shocks\n|-supereffective|p2a: Sandy Shocks\n|-damage|p2a: Sandy Shocks|45\/100\n|-supereffective|p2a: Sandy Shocks\n|-damage|p2a: Sandy Shocks|0 fnt\n|faint|p2a: Sandy Shocks\n|-end|p2a: Sandy Shocks|Protosynthesis|[silent]\n|-hitcount|p2: Sandy Shocks|2\n|\n|-weather|RainDance|[upkeep]\n|upkeep\n|\n|t:|1683431609\n|switch|p2a: Dragapult|Dragapult, L50, F, tera:Steel|100\/100\n|turn|5\n|inactive|kricketot marx has 30 seconds left.\n|\n|t:|1683431637\n|move|p1b: Baxcalibur|Protect|p1b: Baxcalibur\n|-singleturn|p1b: Baxcalibur|Protect\n|move|p2b: Palafin|Jet Punch|p1a: Scream Tail\n|-resisted|p1a: Scream Tail\n|-damage|p1a: Scream Tail|0 fnt\n|faint|p1a: Scream Tail\n|-end|p1a: Scream Tail|Protosynthesis|[silent]\n|move|p2a: Dragapult|Tera Blast|p1b: Baxcalibur\n|-activate|p1b: Baxcalibur|move: Protect\n|\n|-weather|RainDance|[upkeep]\n|-sideend|p2: EliteFourWill23|move: Tailwind\n|upkeep\n|\n|t:|1683431643\n|switch|p1a: Rotom|Rotom-Wash, L50, shiny|100\/100\n|turn|6\n|\n|t:|1683431654\n|move|p1b: Baxcalibur|Ice Shard|p2b: Palafin\n|-resisted|p2b: Palafin\n|-damage|p2b: Palafin|69\/100\n|move|p2b: Palafin|Jet Punch|p1a: Rotom\n|-resisted|p1a: Rotom\n|-damage|p1a: Rotom|77\/100\n|move|p2a: Dragapult|Tera Blast|p1b: Baxcalibur\n|-supereffective|p1b: Baxcalibur\n|-damage|p1b: Baxcalibur|0 fnt\n|faint|p1b: Baxcalibur\n|move|p1a: Rotom|Thunderbolt|p2b: Palafin\n|-supereffective|p2b: Palafin\n|-crit|p2b: Palafin\n|-damage|p2b: Palafin|0 fnt\n|faint|p2b: Palafin\n|\n|-weather|RainDance|[upkeep]\n|upkeep\n|\n|t:|1683431661\n|switch|p1b: Corviknight|Corviknight, L50, F, shiny|100\/100\n|turn|7\n|\n|t:|1683431674\n|move|p2a: Dragapult|Tera Blast|p1b: Corviknight\n|-resisted|p1b: Corviknight\n|-damage|p1b: Corviknight|77\/100\n|move|p1a: Rotom|Hydro Pump|p2a: Dragapult|[miss]\n|-miss|p1a: Rotom|p2a: Dragapult\n|move|p1b: Corviknight|Tailwind|p1b: Corviknight\n|-sidestart|p1: kricketot marx|move: Tailwind\n|\n|-weather|RainDance|[upkeep]\n|upkeep\n|turn|8\n|\n|t:|1683431684\n|move|p1a: Rotom|Thunderbolt|p2a: Dragapult\n|-damage|p2a: Dragapult|58\/100\n|move|p2a: Dragapult|Tera Blast|p1a: Rotom\n|-resisted|p1a: Rotom\n|-damage|p1a: Rotom|66\/100\n|move|p1b: Corviknight|Brave Bird|p2a: Dragapult\n|-resisted|p2a: Dragapult\n|-damage|p2a: Dragapult|34\/100\n|-damage|p1b: Corviknight|71\/100|[from] Recoil\n|\n|-weather|none\n|upkeep\n|turn|9\n|\n|t:|1683431695\n|move|p1a: Rotom|Thunderbolt|p2a: Dragapult\n|-damage|p2a: Dragapult|0 fnt\n|faint|p2a: Dragapult\n|\n|win|kricketot marx\n|raw|kricketot marx's rating: 1430 → 1445<\/strong> (+15 for winning)\n|raw|EliteFourWill23's rating: 1332 → 1317<\/strong> (-15 for losing)\n","uploadtime":1683431699,"views":11,"p1id":"kricketotmarx","p2id":"elitefourwill23","formatid":"gen9vgc2023regulationc","rating":1317,"private":0,"password":""}