{"id":"gen9vgc2023regulationc-1862382158","p1":"FkThisCoinFlipGame","p2":"SM0KESgirl","format":"[Gen 9] VGC 2023 Regulation C","log":"|j|\u2606FkThisCoinFlipGame\n|j|\u2606SM0KESgirl\n|t:|1683876665\n|gametype|doubles\n|player|p1|FkThisCoinFlipGame|170|1367\n|player|p2|SM0KESgirl|skyla|1256\n|teamsize|p1|6\n|teamsize|p2|6\n|gen|9\n|tier|[Gen 9] VGC 2023 Regulation C\n|rated|\n|rule|Species Clause: Limit one of each Pok\u00e9mon\n|rule|Item Clause: Limit one of each item\n|clearpoke\n|poke|p1|Kingambit, L50, M|\n|poke|p1|Torkoal, L50, M|\n|poke|p1|Flutter Mane, L50|\n|poke|p1|Jumpluff, L50, M|\n|poke|p1|Great Tusk, L50|\n|poke|p1|Chien-Pao, L50|\n|poke|p2|Gholdengo, L50|\n|poke|p2|Murkrow, L50, M|\n|poke|p2|Baxcalibur, L50, F|\n|poke|p2|Annihilape, L50, M|\n|poke|p2|Flutter Mane, L50|\n|poke|p2|Amoonguss, L50, F|\n|teampreview|4\n|inactive|Battle timer is ON: inactive players will automatically lose when time's up. (requested by FkThisCoinFlipGame)\n|inactive|FkThisCoinFlipGame has 60 seconds left.\n|inactive|SM0KESgirl has 60 seconds left.\n|inactive|FkThisCoinFlipGame has 30 seconds left.\n|inactive|FkThisCoinFlipGame has 20 seconds left.\n|inactive|FkThisCoinFlipGame has 15 seconds left.\n|inactive|FkThisCoinFlipGame has 10 seconds left.\n|inactive|FkThisCoinFlipGame has 5 seconds left.\n|\n|t:|1683876758\n|start\n|switch|p1a: Torkoal|Torkoal, L50, M|100\/100\n|switch|p1b: Flutter Mane|Flutter Mane, L50|100\/100\n|switch|p2a: Murkrow|Murkrow, L50, M|100\/100\n|switch|p2b: Annihilape|Annihilape, L50, M|100\/100\n|-weather|SunnyDay|[from] ability: Drought|[of] p1a: Torkoal\n|-activate|p1b: Flutter Mane|ability: Protosynthesis\n|-start|p1b: Flutter Mane|protosynthesisspe\n|turn|1\n|inactive|FkThisCoinFlipGame has 30 seconds left.\n|inactive|SM0KESgirl has 30 seconds left.\n|inactive|SM0KESgirl has 20 seconds left.\n|\n|t:|1683876793\n|move|p1a: Torkoal|Helping Hand|p1b: Flutter Mane\n|-singleturn|p1b: Flutter Mane|Helping Hand|[of] p1a: Torkoal\n|move|p2b: Annihilape|Protect|p2b: Annihilape\n|-singleturn|p2b: Annihilape|Protect\n|move|p2a: Murkrow|Tailwind|p2a: Murkrow\n|-sidestart|p2: SM0KESgirl|move: Tailwind\n|move|p1b: Flutter Mane|Shadow Ball|p2b: Annihilape\n|-activate|p2b: Annihilape|move: Protect\n|\n|-weather|SunnyDay|[upkeep]\n|upkeep\n|turn|2\n|inactive|FkThisCoinFlipGame has 30 seconds left.\n|inactive|SM0KESgirl has 30 seconds left.\n|inactive|FkThisCoinFlipGame has 20 seconds left.\n|inactive|FkThisCoinFlipGame has 15 seconds left.\n|inactive|FkThisCoinFlipGame has 10 seconds left.\n|\n|t:|1683876840\n|-terastallize|p2b: Annihilape|Water\n|move|p2a: Murkrow|Thunder Wave|p1b: Flutter Mane\n|-status|p1b: Flutter Mane|par\n|move|p2b: Annihilape|Bulk Up|p2b: Annihilape\n|-boost|p2b: Annihilape|atk|1\n|-boost|p2b: Annihilape|def|1\n|move|p1b: Flutter Mane|Shadow Ball|p2b: Annihilape\n|-damage|p2b: Annihilape|58\/100\n|move|p1a: Torkoal|Overheat|p2a: Murkrow\n|-damage|p2a: Murkrow|37\/100\n|-unboost|p1a: Torkoal|spa|2\n|-enditem|p1a: Torkoal|Eject Pack\n|inactive|FkThisCoinFlipGame has 30 seconds left.\n|\n|t:|1683876865\n|switch|p1a: Jumpluff|Jumpluff, L50, M|100\/100\n|\n|-weather|SunnyDay|[upkeep]\n|-heal|p2b: Annihilape|64\/100|[from] item: Leftovers\n|upkeep\n|turn|3\n|inactive|SM0KESgirl has 30 seconds left.\n|\n|t:|1683876890\n|-end|p1b: Flutter Mane|Protosynthesis|[silent]\n|switch|p1b: Torkoal|Torkoal, L50, M|100\/100\n|move|p2a: Murkrow|Thunder Wave|p1a: Jumpluff\n|-status|p1a: Jumpluff|par\n|move|p2b: Annihilape|Rage Fist|p1a: Jumpluff\n|-damage|p1a: Jumpluff|24\/100 par\n|cant|p1a: Jumpluff|par\n|\n|-weather|SunnyDay|[upkeep]\n|-heal|p2b: Annihilape|70\/100|[from] item: Leftovers\n|upkeep\n|turn|4\n|\n|t:|1683876915\n|move|p2a: Murkrow|Thunder Wave|p1b: Torkoal\n|-status|p1b: Torkoal|par\n|move|p2b: Annihilape|Drain Punch|p1b: Torkoal\n|-damage|p1b: Torkoal|66\/100 par\n|-heal|p2b: Annihilape|83\/100|[from] drain|[of] p1b: Torkoal\n|move|p1a: Jumpluff|Encore|p2a: Murkrow\n|-start|p2a: Murkrow|Encore\n|move|p1b: Torkoal|Fissure|p2b: Annihilape|[miss]\n|-miss|p1b: Torkoal|p2b: Annihilape\n|\n|-weather|SunnyDay|[upkeep]\n|-heal|p2b: Annihilape|89\/100|[from] item: Leftovers\n|-sideend|p2: SM0KESgirl|move: Tailwind\n|upkeep\n|turn|5\n|inactive|SM0KESgirl has 30 seconds left.\n|inactive|SM0KESgirl has 20 seconds left.\n|\n|t:|1683876952\n|switch|p2a: Baxcalibur|Baxcalibur, L50, F|100\/100\n|move|p1a: Jumpluff|Sleep Powder|p2b: Annihilape\n|-immune|p2b: Annihilape|[from] ability: Vital Spirit\n|move|p2b: Annihilape|Rage Fist|p1b: Torkoal\n|-damage|p1b: Torkoal|20\/100 par\n|move|p1b: Torkoal|Fissure|p2b: Annihilape\n|-damage|p2b: Annihilape|0 fnt\n|faint|p2b: Annihilape\n|-ohko\n|\n|-weather|none\n|upkeep\n|\n|t:|1683876969\n|switch|p2b: Murkrow|Murkrow, L50, M|37\/100\n|turn|6\n|\n|t:|1683876979\n|move|p2b: Murkrow|Tailwind|p2b: Murkrow\n|-sidestart|p2: SM0KESgirl|move: Tailwind\n|move|p2a: Baxcalibur|Earthquake|p1b: Torkoal|[spread] p1b\n|-immune|p2b: Murkrow\n|-immune|p1a: Jumpluff\n|-supereffective|p1b: Torkoal\n|-damage|p1b: Torkoal|0 fnt\n|faint|p1b: Torkoal\n|move|p1a: Jumpluff|Encore|p2b: Murkrow\n|-start|p2b: Murkrow|Encore\n|\n|upkeep\n|\n|t:|1683876997\n|switch|p1b: Great Tusk|Great Tusk, L50|100\/100\n|turn|7\n|inactive|FkThisCoinFlipGame has 30 seconds left.\n|inactive|SM0KESgirl has 30 seconds left.\n|\n|t:|1683877028\n|switch|p2b: Gholdengo|Gholdengo, L50|100\/100\n|-terastallize|p1b: Great Tusk|Fire\n|move|p1b: Great Tusk|Close Combat|p2a: Baxcalibur\n|-supereffective|p2a: Baxcalibur\n|-damage|p2a: Baxcalibur|0 fnt\n|-unboost|p1b: Great Tusk|def|1\n|-unboost|p1b: Great Tusk|spd|1\n|faint|p2a: Baxcalibur\n|move|p1a: Jumpluff|Tailwind|p1a: Jumpluff\n|-sidestart|p1: FkThisCoinFlipGame|move: Tailwind\n|\n|upkeep\n|\n|t:|1683877042\n|switch|p2a: Murkrow|Murkrow, L50, M|37\/100\n|turn|8\n|inactive|SM0KESgirl has 30 seconds left.\n|\n|t:|1683877067\n|-end|p1b: Great Tusk|Protosynthesis|[silent]\n|switch|p1b: Flutter Mane|Flutter Mane, L50|100\/100 par\n|move|p2a: Murkrow|Foul Play|p1a: Jumpluff\n|-damage|p1a: Jumpluff|1\/100 par\n|move|p2b: Gholdengo|Make It Rain|p1b: Flutter Mane|[spread] p1a,p1b\n|-supereffective|p1b: Flutter Mane\n|-damage|p1a: Jumpluff|0 fnt\n|-damage|p1b: Flutter Mane|0 fnt\n|-unboost|p2b: Gholdengo|spa|1\n|faint|p1a: Jumpluff\n|faint|p1b: Flutter Mane\n|-end|p1b: Flutter Mane|Protosynthesis|[silent]\n|\n|upkeep\n|\n|t:|1683877074\n|switch|p1b: Great Tusk|Great Tusk, L50, tera:Fire|100\/100\n|turn|9\n|inactive|SM0KESgirl has 30 seconds left.\n|inactive|SM0KESgirl has 20 seconds left.\n|\n|t:|1683877110\n|move|p2a: Murkrow|Thunder Wave|p1b: Great Tusk|[miss]\n|-miss|p2a: Murkrow|p1b: Great Tusk\n|move|p1b: Great Tusk|Rock Slide|p2a: Murkrow|[spread] p2a,p2b\n|-supereffective|p2a: Murkrow\n|-resisted|p2b: Gholdengo\n|-damage|p2a: Murkrow|0 fnt\n|-damage|p2b: Gholdengo|91\/100\n|faint|p2a: Murkrow\n|move|p2b: Gholdengo|Make It Rain|p1b: Great Tusk\n|-resisted|p1b: Great Tusk\n|-damage|p1b: Great Tusk|45\/100\n|-unboost|p2b: Gholdengo|spa|1\n|\n|-sideend|p2: SM0KESgirl|move: Tailwind\n|upkeep\n|turn|10\n|inactive|SM0KESgirl has 30 seconds left.\n|\n|t:|1683877136\n|move|p1b: Great Tusk|Rock Slide|p2b: Gholdengo\n|-resisted|p2b: Gholdengo\n|-damage|p2b: Gholdengo|78\/100\n|move|p2b: Gholdengo|Make It Rain|p1b: Great Tusk\n|-resisted|p1b: Great Tusk\n|-damage|p1b: Great Tusk|6\/100\n|-unboost|p2b: Gholdengo|spa|1\n|\n|-sideend|p1: FkThisCoinFlipGame|move: Tailwind\n|upkeep\n|turn|11\n|\n|t:|1683877154\n|move|p1b: Great Tusk|Rock Slide|p2b: Gholdengo\n|-resisted|p2b: Gholdengo\n|-damage|p2b: Gholdengo|65\/100\n|move|p2b: Gholdengo|Make It Rain|p1b: Great Tusk\n|-resisted|p1b: Great Tusk\n|-damage|p1b: Great Tusk|0 fnt\n|-unboost|p2b: Gholdengo|spa|1\n|faint|p1b: Great Tusk\n|-end|p1b: Great Tusk|Protosynthesis|[silent]\n|\n|win|SM0KESgirl\n|raw|FkThisCoinFlipGame's rating: 1367 → 1341<\/strong> (-26 for losing)\n|raw|SM0KESgirl's rating: 1256 → 1289<\/strong> (+33 for winning)\n|l|\u2606FkThisCoinFlipGame\n","uploadtime":1683877172,"views":8,"p1id":"fkthiscoinflipgame","p2id":"sm0kesgirl","formatid":"gen9vgc2023regulationc","rating":1289,"private":0,"password":""}