{"id":"gen9vgc2023regulationc-1857917920","p1":"Trapzelda","p2":"KramerVGC","format":"[Gen 9] VGC 2023 Regulation C","log":"|j|\u2606Trapzelda\n|j|\u2606KramerVGC\n|t:|1683247158\n|gametype|doubles\n|player|p1|Trapzelda|101|1388\n|player|p2|KramerVGC|169|1362\n|teamsize|p1|6\n|teamsize|p2|6\n|gen|9\n|tier|[Gen 9] VGC 2023 Regulation C\n|rated|\n|rule|Species Clause: Limit one of each Pok\u00e9mon\n|rule|Item Clause: Limit one of each item\n|clearpoke\n|poke|p1|Arcanine, L50, F|\n|poke|p1|Glimmora, L50, F|\n|poke|p1|Flutter Mane, L50|\n|poke|p1|Garchomp, L50, F|\n|poke|p1|Scizor, L50, F|\n|poke|p1|Iron Hands, L50|\n|poke|p2|Pelipper, L50, M|\n|poke|p2|Palafin, L50, F|\n|poke|p2|Goodra, L50, F|\n|poke|p2|Kingambit, L50, M|\n|poke|p2|Flutter Mane, L50|\n|poke|p2|Annihilape, L50, M|\n|teampreview|4\n|inactive|Battle timer is ON: inactive players will automatically lose when time's up. (requested by KramerVGC)\n|\n|t:|1683247196\n|start\n|switch|p1a: Garchomp|Garchomp, L50, F|100\/100\n|switch|p1b: Glimmora|Glimmora, L50, F|100\/100\n|switch|p2a: Palafin|Palafin, L50, F|100\/100\n|switch|p2b: Flutter Mane|Flutter Mane, L50|100\/100\n|turn|1\n|\n|t:|1683247219\n|-end|p2b: Flutter Mane|Protosynthesis|[silent]\n|switch|p2b: Goodra|Goodra, L50, F|100\/100\n|-terastallize|p1a: Garchomp|Poison\n|move|p2a: Palafin|Protect|p2a: Palafin\n|-singleturn|p2a: Palafin|Protect\n|move|p1b: Glimmora|Energy Ball|p2a: Palafin\n|-activate|p2a: Palafin|move: Protect\n|move|p1a: Garchomp|Poison Jab|p2b: Goodra\n|-damage|p2b: Goodra|48\/100\n|\n|upkeep\n|turn|2\n|inactive|KramerVGC has 30 seconds left.\n|\n|t:|1683247246\n|detailschange|p2a: Palafin|Palafin-Hero, L50, F\n|switch|p2a: Pelipper|Pelipper, L50, M|100\/100\n|-weather|RainDance|[from] ability: Drizzle|[of] p2a: Pelipper\n|move|p1b: Glimmora|Power Gem|p2a: Pelipper\n|-supereffective|p2a: Pelipper\n|-crit|p2a: Pelipper\n|-damage|p2a: Pelipper|0 fnt\n|faint|p2a: Pelipper\n|move|p1a: Garchomp|Poison Jab|p2b: Goodra\n|-damage|p2b: Goodra|0 fnt\n|faint|p2b: Goodra\n|\n|-weather|RainDance|[upkeep]\n|upkeep\n|\n|t:|1683247258\n|switch|p2b: Palafin|Palafin-Hero, L50, F|100\/100\n|switch|p2a: Flutter Mane|Flutter Mane, L50|100\/100\n|-activate|p2b: Palafin|ability: Zero to Hero\n|turn|3\n|\n|t:|1683247275\n|-terastallize|p2b: Palafin|Water\n|move|p1b: Glimmora|Spiky Shield|p1b: Glimmora\n|-singleturn|p1b: Glimmora|move: Protect\n|move|p2a: Flutter Mane|Shadow Ball|p1b: Glimmora\n|-activate|p1b: Glimmora|move: Protect\n|move|p1a: Garchomp|Poison Jab|p2a: Flutter Mane\n|-damage|p2a: Flutter Mane|6\/100\n|-status|p2a: Flutter Mane|psn\n|move|p2b: Palafin|Wave Crash|p1a: Garchomp\n|-damage|p1a: Garchomp|0 fnt\n|-damage|p2b: Palafin|88\/100|[from] ability: Rough Skin|[of] p1a: Garchomp\n|faint|p1a: Garchomp\n|-damage|p2b: Palafin|58\/100|[from] Recoil\n|\n|-weather|RainDance|[upkeep]\n|-damage|p2a: Flutter Mane|0 fnt|[from] psn\n|faint|p2a: Flutter Mane\n|-end|p2a: Flutter Mane|Protosynthesis|[silent]\n|upkeep\n|\n|t:|1683247298\n|switch|p1a: Iron Hands|Iron Hands, L50|100\/100\n|turn|4\n|\n|t:|1683247304\n|-end|p1a: Iron Hands|Quark Drive|[silent]\n|switch|p1a: Scizor|Scizor, L50, F|100\/100\n|move|p2b: Palafin|Protect|p2b: Palafin\n|-singleturn|p2b: Palafin|Protect\n|move|p1b: Glimmora|Energy Ball|p2b: Palafin\n|-activate|p2b: Palafin|move: Protect\n|\n|-weather|RainDance|[upkeep]\n|upkeep\n|turn|5\n|\n|t:|1683247317\n|move|p2b: Palafin|Jet Punch|p1b: Glimmora\n|-supereffective|p1b: Glimmora\n|-enditem|p1b: Glimmora|Focus Sash\n|-damage|p1b: Glimmora|1\/100\n|-activate|p1b: Glimmora|ability: Toxic Debris\n|-sidestart|p2: KramerVGC|move: Toxic Spikes\n|move|p1a: Scizor|Bullet Punch|p2b: Palafin\n|-resisted|p2b: Palafin\n|-damage|p2b: Palafin|44\/100\n|move|p1b: Glimmora|Energy Ball|p2b: Palafin\n|-supereffective|p2b: Palafin\n|-damage|p2b: Palafin|0 fnt\n|faint|p2b: Palafin\n|\n|win|Trapzelda\n|raw|Trapzelda's rating: 1388 → 1407<\/strong> (+19 for winning)\n|raw|KramerVGC's rating: 1362 → 1343<\/strong> (-19 for losing)\n","uploadtime":1683247335,"views":10,"p1id":"trapzelda","p2id":"kramervgc","formatid":"gen9vgc2023regulationc","rating":1343,"private":0,"password":""}