{"id":"gen9vgc2023regulationc-1844972092","p1":"Aylinn_el","p2":"ArgoMcDorko","format":"[Gen 9] VGC 2023 Regulation C","log":"|j|\u2606Aylinn_el\n|j|\u2606ArgoMcDorko\n|t:|1681669645\n|gametype|doubles\n|player|p1|Aylinn_el|lady|1061\n|player|p2|ArgoMcDorko|drayden|1098\n|teamsize|p1|6\n|teamsize|p2|6\n|gen|9\n|tier|[Gen 9] VGC 2023 Regulation C\n|rated|\n|rule|Species Clause: Limit one of each Pok\u00e9mon\n|rule|Item Clause: Limit one of each item\n|clearpoke\n|poke|p1|Kingambit, L50, M|\n|poke|p1|Arboliva, L50, F|\n|poke|p1|Skeledirge, L50, M|\n|poke|p1|Grafaiai, L50, F|\n|poke|p1|Oranguru, L50, M|\n|poke|p1|Azumarill, L50, F|\n|poke|p2|Ceruledge, L50, M|\n|poke|p2|Amoonguss, L50, M|\n|poke|p2|Wo-Chien, L50|\n|poke|p2|Palafin, L50, F|\n|poke|p2|Grimmsnarl, L50, M|\n|poke|p2|Chi-Yu, L50|\n|teampreview|4\n|inactive|Battle timer is ON: inactive players will automatically lose when time's up. (requested by ArgoMcDorko)\nArgoMcDorko rejected open team sheets.\n|\n|t:|1681669669\n|start\n|switch|p1a: doodler|Grafaiai, L50, F, shiny|100\/100\n|switch|p1b: Oops|Oranguru, L50, M|100\/100\n|switch|p2a: Me|Ceruledge, L50, M|100\/100\n|switch|p2b: Pabafin|Palafin, L50, F|100\/100\n|turn|1\n|inactive|Aylinn_el has 30 seconds left.\n|inactive|Aylinn_el has 20 seconds left.\n|inactive|Aylinn_el has 15 seconds left.\n|\n|t:|1681669710\n|detailschange|p2b: Pabafin|Palafin-Hero, L50, F\n|switch|p2b: Also Me|Grimmsnarl, L50, M, shiny|100\/100\n|move|p1a: doodler|Sunny Day|p1a: doodler\n|-weather|SunnyDay\n|move|p2a: Me|Bitter Blade|p1b: Oops\n|-damage|p1b: Oops|27\/100\n|move|p1b: Oops|Trick Room|p1b: Oops\n|-fieldstart|move: Trick Room|[of] p1b: Oops\n|\n|-weather|SunnyDay|[upkeep]\n|upkeep\n|turn|2\n|\n|t:|1681669733\n|move|p1b: Oops|Protect|p1b: Oops\n|-singleturn|p1b: Oops|Protect\n|move|p2b: Also Me|Fake Out|p1a: doodler\n|-damage|p1a: doodler|89\/100\n|move|p1a: doodler|Rain Dance|p1a: doodler\n|-weather|RainDance\n|move|p2a: Me|Bitter Blade|p1b: Oops\n|-activate|p1b: Oops|move: Protect\n|\n|-weather|RainDance|[upkeep]\n|upkeep\n|turn|3\n|\n|t:|1681669754\n|move|p2b: Also Me|Light Screen|p2b: Also Me\n|-sidestart|p2: ArgoMcDorko|move: Light Screen\n|move|p1a: doodler|Parting Shot|p2a: Me\n|-unboost|p2a: Me|atk|1\n|-unboost|p2a: Me|spa|1\n|\n|t:|1681669759\n|switch|p1a: Azumarill|Azumarill, L50, F|100\/100|[from] Parting Shot\n|move|p1b: Oops|Imprison|p1b: Oops\n|-start|p1b: Oops|move: Imprison\n|move|p2a: Me|Bitter Blade|p1b: Oops\n|-damage|p1b: Oops|11\/100\n|\n|-weather|RainDance|[upkeep]\n|upkeep\n|turn|4\n|\n|t:|1681669778\n|move|p2a: Me|Shadow Sneak|p1a: Azumarill\n|-damage|p1a: Azumarill|85\/100\n|move|p1a: Azumarill|Liquidation|p2a: Me\n|-supereffective|p2a: Me\n|-damage|p2a: Me|0 fnt\n|faint|p2a: Me\n|move|p1b: Oops|Instruct|p1a: Azumarill\n|-singleturn|p1a: Azumarill|move: Instruct|[of] p1b: Oops\n|move|p1a: Azumarill|Liquidation|p2b: Also Me\n|-damage|p2b: Also Me|23\/100\n|-unboost|p2b: Also Me|def|1\n|move|p2b: Also Me|Spirit Break|p1a: Azumarill\n|-damage|p1a: Azumarill|54\/100\n|-unboost|p1a: Azumarill|spa|1\n|\n|-weather|RainDance|[upkeep]\n|upkeep\n|\n|t:|1681669793\n|switch|p2a: Pabafin|Palafin-Hero, L50, F|100\/100\n|-activate|p2a: Pabafin|ability: Zero to Hero\n|turn|5\n|\n|t:|1681669803\n|move|p1b: Oops|Protect|p1b: Oops\n|-singleturn|p1b: Oops|Protect\n|move|p2b: Also Me|Reflect|p2b: Also Me\n|-sidestart|p2: ArgoMcDorko|Reflect\n|move|p2a: Pabafin|Jet Punch|p1b: Oops\n|-activate|p1b: Oops|move: Protect\n|move|p1a: Azumarill|Play Rough|p2a: Pabafin\n|-damage|p2a: Pabafin|60\/100\n|\n|-weather|RainDance|[upkeep]\n|-fieldend|move: Trick Room\n|upkeep\n|turn|6\n|\n|t:|1681669824\n|move|p2a: Pabafin|Jet Punch|p1b: Oops\n|-damage|p1b: Oops|0 fnt\n|faint|p1b: Oops\n|move|p2b: Also Me|Spirit Break|p1a: Azumarill\n|-damage|p1a: Azumarill|25\/100\n|-unboost|p1a: Azumarill|spa|1\n|-enditem|p1a: Azumarill|Sitrus Berry|[eat]\n|-heal|p1a: Azumarill|50\/100|[from] item: Sitrus Berry\n|move|p1a: Azumarill|Play Rough|p2a: Pabafin\n|-damage|p2a: Pabafin|22\/100\n|\n|-weather|none\n|upkeep\n|\n|t:|1681669838\n|switch|p1b: doodler|Grafaiai, L50, F, shiny|89\/100\n|turn|7\n|\n|t:|1681669851\n|switch|p2b: Trash|Wo-Chien, L50|100\/100\n|-ability|p2b: Trash|Tablets of Ruin\n|-terastallize|p2a: Pabafin|Water\n|move|p2a: Pabafin|Jet Punch|p1a: Azumarill\n|-resisted|p1a: Azumarill\n|-damage|p1a: Azumarill|21\/100\n|move|p1b: doodler|Sunny Day|p1b: doodler\n|-weather|SunnyDay\n|move|p1a: Azumarill|Play Rough|p2a: Pabafin\n|-damage|p2a: Pabafin|0 fnt\n|faint|p2a: Pabafin\n|\n|-weather|SunnyDay|[upkeep]\n|upkeep\n|\n|t:|1681669864\n|switch|p2a: Also Me|Grimmsnarl, L50, M, shiny|23\/100\n|turn|8\n|inactive|ArgoMcDorko has 30 seconds left.\n|\n|t:|1681669892\n|move|p1a: Azumarill|Protect|p1a: Azumarill\n|-singleturn|p1a: Azumarill|Protect\n|move|p2a: Also Me|Fake Out|p1a: Azumarill\n|-activate|p1a: Azumarill|move: Protect\n|move|p1b: doodler|Rain Dance|p1b: doodler\n|-weather|RainDance\n|move|p2b: Trash|Leech Seed|p1b: doodler\n|-start|p1b: doodler|move: Leech Seed\n|\n|-weather|RainDance|[upkeep]\n|-damage|p1b: doodler|76\/100|[from] Leech Seed|[of] p2b: Trash\n|upkeep\n|turn|9\n|\n|t:|1681669910\n|switch|p1b: GaeMaroon|Kingambit, L50, M, shiny|100\/100\n|move|p2b: Trash|Foul Play|p1b: GaeMaroon\n|-resisted|p1b: GaeMaroon\n|-damage|p1b: GaeMaroon|79\/100\n|move|p2a: Also Me|Spirit Break|p1a: Azumarill\n|-damage|p1a: Azumarill|0 fnt\n|faint|p1a: Azumarill\n|\n|-weather|RainDance|[upkeep]\n|upkeep\n|\n|t:|1681669922\n|switch|p1a: doodler|Grafaiai, L50, F, shiny|76\/100\n|turn|10\n|inactive|Aylinn_el has 30 seconds left.\n|\n|t:|1681669948\n|-terastallize|p1b: GaeMaroon|Flying\n|move|p1a: doodler|Sunny Day|p1a: doodler\n|-weather|SunnyDay\n|move|p2b: Trash|Leech Seed|p1b: GaeMaroon\n|-start|p1b: GaeMaroon|move: Leech Seed\n|move|p2a: Also Me|Spirit Break|p1b: GaeMaroon\n|-damage|p1b: GaeMaroon|61\/100\n|-unboost|p1b: GaeMaroon|spa|1\n|-ability|p1b: GaeMaroon|Defiant|boost\n|-boost|p1b: GaeMaroon|atk|2\n|move|p1b: GaeMaroon|Iron Head|p2a: Also Me\n|-supereffective|p2a: Also Me\n|-damage|p2a: Also Me|0 fnt\n|faint|p2a: Also Me\n|\n|-weather|SunnyDay|[upkeep]\n|-damage|p1b: GaeMaroon|49\/100|[from] Leech Seed|[of] p2b: Trash\n|-sideend|p2: ArgoMcDorko|move: Light Screen\n|upkeep\n|turn|11\n|\n|t:|1681669972\n|move|p1a: doodler|Encore|p2b: Trash\n|-hint|Since gen 7, Dark is immune to Prankster moves.\n|-immune|p2b: Trash\n|move|p2b: Trash|Foul Play|p1b: GaeMaroon\n|-damage|p1b: GaeMaroon|0 fnt\n|faint|p1b: GaeMaroon\n|\n|-weather|SunnyDay|[upkeep]\n|upkeep\n|turn|12\n|-message|Aylinn_el forfeited.\n|\n|win|ArgoMcDorko\n|raw|Aylinn_el's rating: 1061 → 1044<\/strong> (-17 for losing)\n|raw|ArgoMcDorko's rating: 1098 → 1121<\/strong> (+23 for winning)\n|l|\u2606Aylinn_el\n","uploadtime":1681669992,"views":9,"p1id":"aylinnel","p2id":"argomcdorko","formatid":"gen9vgc2023regulationc","rating":1044,"private":0,"password":""}