{"id":"gen9vgc2023regulationc-1856778648","p1":"Shugarshock","p2":"CardoTr","format":"[Gen 9] VGC 2023 Regulation C","log":"|j|\u2606Shugarshock\n|j|\u2606CardoTr\n|t:|1683110079\n|gametype|doubles\n|player|p1|Shugarshock|1|1097\n|player|p2|CardoTr|brawly|1201\n|teamsize|p1|6\n|teamsize|p2|6\n|gen|9\n|tier|[Gen 9] VGC 2023 Regulation C\n|rated|\n|rule|Species Clause: Limit one of each Pok\u00e9mon\n|rule|Item Clause: Limit one of each item\n|clearpoke\n|poke|p1|Amoonguss, L50, F|\n|poke|p1|Garchomp, L50, F|\n|poke|p1|Talonflame, L50, F|\n|poke|p1|Flutter Mane, L50|\n|poke|p1|Palafin, L50, M|\n|poke|p1|Gholdengo, L50|\n|poke|p2|Amoonguss, L50, F|\n|poke|p2|Gyarados, L50, M|\n|poke|p2|Ting-Lu, L50|\n|poke|p2|Dragapult, L50, M|\n|poke|p2|Glimmora, L50, M|\n|poke|p2|Baxcalibur, L50, M|\n|teampreview|4\nShugarshock has agreed to open team sheets.\n|c|\u2606Shugarshock|Gm from NA!\n|c|\u2606Shugarshock|glhf\n|c|\u2606Shugarshock|probwbly an easy w for ya to be honest I\u2019m not that good and I don\u2019t know my team really well or how to put one together\n|inactive|Battle timer is ON: inactive players will automatically lose when time's up. (requested by CardoTr)\nCardoTr has agreed to open team sheets.\n|inactive|Shugarshock has 60 seconds left.\n|inactive|Shugarshock has 30 seconds left.\n|\n|t:|1683110228\n|start\n|switch|p1a: Garchomp|Garchomp, L50, F|100\/100\n|switch|p1b: Talonflame|Talonflame, L50, F|100\/100\n|switch|p2a: Dragapult|Dragapult, L50, M|100\/100\n|switch|p2b: Gyarados|Gyarados, L50, M|100\/100\n|-ability|p2b: Gyarados|Intimidate|boost\n|-fail|p1a: Garchomp|unboost|[from] item: Clear Amulet|[of] p1a: Garchomp\n|-unboost|p1b: Talonflame|atk|1\n|turn|1\n|inactive|Shugarshock has 30 seconds left.\n|inactive|Shugarshock has 20 seconds left.\n|inactive|CardoTr has 30 seconds left.\n|inactive|Shugarshock has 15 seconds left.\n|\n|t:|1683110271\n|switch|p2a: Amoonguss|Amoonguss, L50, F, shiny|100\/100\n|move|p1b: Talonflame|Will-O-Wisp|p2b: Gyarados|[miss]\n|-miss|p1b: Talonflame|p2b: Gyarados\n|move|p1a: Garchomp|Earthquake|p2b: Gyarados|[spread] p2a\n|-immune|p1b: Talonflame\n|-immune|p2b: Gyarados\n|-damage|p2a: Amoonguss|67\/100\n|move|p2b: Gyarados|Taunt|p1b: Talonflame\n|-start|p1b: Talonflame|move: Taunt\n|\n|upkeep\n|turn|2\n|\n|t:|1683110292\n|move|p1b: Talonflame|Brave Bird|p2a: Amoonguss\n|-supereffective|p2a: Amoonguss\n|-damage|p2a: Amoonguss|29\/100\n|-enditem|p2a: Amoonguss|Sitrus Berry|[eat]\n|-heal|p2a: Amoonguss|54\/100|[from] item: Sitrus Berry\n|-damage|p1b: Talonflame|85\/100|[from] Recoil\n|move|p1a: Garchomp|Swords Dance|p1a: Garchomp\n|-boost|p1a: Garchomp|atk|2\n|move|p2b: Gyarados|Whirlpool|p1b: Talonflame\n|-supereffective|p1b: Talonflame\n|-damage|p1b: Talonflame|67\/100\n|-activate|p1b: Talonflame|move: Whirlpool|[of] p2b: Gyarados\n|move|p2a: Amoonguss|Spore|p1a: Garchomp\n|-status|p1a: Garchomp|slp|[from] move: Spore\n|\n|-damage|p1b: Talonflame|55\/100|[from] move: Whirlpool|[partiallytrapped]\n|upkeep\n|turn|3\n|inactive|Shugarshock has 30 seconds left.\n|inactive|CardoTr has 30 seconds left.\n|\n|t:|1683110322\n|switch|p2a: Dragapult|Dragapult, L50, M|100\/100\n|cant|p1a: Garchomp|slp\n|move|p1b: Talonflame|Brave Bird|p2a: Dragapult\n|-damage|p2a: Dragapult|68\/100\n|-damage|p1b: Talonflame|45\/100|[from] Recoil\n|move|p2b: Gyarados|Thunder Wave|p1b: Talonflame\n|-status|p1b: Talonflame|par\n|\n|-damage|p1b: Talonflame|32\/100 par|[from] move: Whirlpool|[partiallytrapped]\n|upkeep\n|turn|4\n|\n|t:|1683110337\n|move|p2a: Dragapult|Dragon Darts|p1a: Garchomp\n|-supereffective|p1a: Garchomp\n|-damage|p1a: Garchomp|21\/100 slp\n|-anim|p2a: Dragapult|Dragon Darts|p1b: Talonflame\n|-damage|p1b: Talonflame|0 fnt\n|faint|p1b: Talonflame\n|-curestatus|p1a: Garchomp|slp|[msg]\n|move|p1a: Garchomp|Dragon Claw|p2a: Dragapult\n|-supereffective|p2a: Dragapult\n|-damage|p2a: Dragapult|0 fnt\n|faint|p2a: Dragapult\n|move|p2b: Gyarados|Waterfall|p1a: Garchomp\n|-damage|p1a: Garchomp|0 fnt\n|-damage|p2b: Gyarados|88\/100|[from] ability: Rough Skin|[of] p1a: Garchomp\n|faint|p1a: Garchomp\n|\n|upkeep\n|\n|t:|1683110354\n|switch|p2a: Baxcalibur|Baxcalibur, L50, M|100\/100\n|switch|p1b: Amoonguss|Amoonguss, L50, F|100\/100\n|switch|p1a: Gholdengo|Gholdengo, L50|100\/100\n|turn|5\n|\n|t:|1683110371\n|-terastallize|p2a: Baxcalibur|Water\n|move|p2a: Baxcalibur|Swords Dance|p2a: Baxcalibur\n|-boost|p2a: Baxcalibur|atk|2\n|move|p2b: Gyarados|Taunt|p1b: Amoonguss\n|-start|p1b: Amoonguss|move: Taunt\n|move|p1a: Gholdengo|Nasty Plot|p1a: Gholdengo\n|-boost|p1a: Gholdengo|spa|2\n|cant|p1b: Amoonguss|move: Taunt|Spore\n|\n|upkeep\n|turn|6\n|inactive|Shugarshock has 30 seconds left.\n|\n|t:|1683110400\n|move|p2a: Baxcalibur|Swords Dance|p2a: Baxcalibur\n|-boost|p2a: Baxcalibur|atk|2\n|move|p2b: Gyarados|Waterfall|p1a: Gholdengo\n|-damage|p1a: Gholdengo|68\/100\n|move|p1a: Gholdengo|Shadow Ball|p2a: Baxcalibur\n|-damage|p2a: Baxcalibur|14\/100\n|move|p1b: Amoonguss|Pollen Puff|p1a: Gholdengo\n|-heal|p1a: Gholdengo|100\/100\n|\n|upkeep\n|turn|7\n|\n|t:|1683110417\n|move|p1a: Gholdengo|Protect|p1a: Gholdengo\n|-singleturn|p1a: Gholdengo|Protect\n|move|p2a: Baxcalibur|Glaive Rush|p1a: Gholdengo\n|-activate|p1a: Gholdengo|move: Protect\n|move|p2b: Gyarados|Waterfall|p1a: Gholdengo\n|-activate|p1a: Gholdengo|move: Protect\n|move|p1b: Amoonguss|Pollen Puff|p2a: Baxcalibur\n|-damage|p2a: Baxcalibur|0 fnt\n|faint|p2a: Baxcalibur\n|\n|-end|p1b: Amoonguss|move: Taunt\n|upkeep\n|\n|t:|1683110431\n|switch|p2a: Amoonguss|Amoonguss, L50, F, shiny|87\/100\n|turn|8\n|\n|t:|1683110448\n|move|p1b: Amoonguss|Protect|p1b: Amoonguss\n|-singleturn|p1b: Amoonguss|Protect\n|move|p2b: Gyarados|Waterfall|p1a: Gholdengo\n|-crit|p1a: Gholdengo\n|-damage|p1a: Gholdengo|47\/100\n|move|p1a: Gholdengo|Make It Rain|p2b: Gyarados|[spread] p2a,p2b\n|-resisted|p2b: Gyarados\n|-damage|p2a: Amoonguss|5\/100\n|-damage|p2b: Gyarados|54\/100\n|-unboost|p1a: Gholdengo|spa|1\n|move|p2a: Amoonguss|Pollen Puff|p2b: Gyarados\n|-heal|p2b: Gyarados|100\/100\n|\n|-heal|p1a: Gholdengo|53\/100|[from] item: Leftovers\n|upkeep\n|turn|9\n|\n|t:|1683110471\n|move|p2b: Gyarados|Taunt|p1b: Amoonguss\n|-start|p1b: Amoonguss|move: Taunt\n|move|p1a: Gholdengo|Shadow Ball|p2b: Gyarados\n|-damage|p2b: Gyarados|48\/100\n|move|p1b: Amoonguss|Pollen Puff|p2a: Amoonguss\n|-damage|p2a: Amoonguss|0 fnt\n|faint|p2a: Amoonguss\n|\n|-heal|p1a: Gholdengo|59\/100|[from] item: Leftovers\n|upkeep\n|turn|10\n|\n|t:|1683110486\n|move|p2b: Gyarados|Waterfall|p1a: Gholdengo\n|-damage|p1a: Gholdengo|23\/100\n|move|p1a: Gholdengo|Shadow Ball|p2b: Gyarados\n|-damage|p2b: Gyarados|0 fnt\n|faint|p2b: Gyarados\n|\n|win|Shugarshock\n|raw|Shugarshock's rating: 1097 → 1130<\/strong> (+33 for winning)\n|raw|CardoTr's rating: 1201 → 1169<\/strong> (-32 for losing)\n|l|\u2606CardoTr\n|c|\u2606Shugarshock|Wow\n|c|\u2606Shugarshock|didnt think I\u2019d pull that out\n|c|\u2606Shugarshock|really good game mate well playes\n|c|\u2606Shugarshock|Talkative type I sww\n","uploadtime":1683110526,"views":11,"p1id":"shugarshock","p2id":"cardotr","formatid":"gen9vgc2023regulationc","rating":1130,"private":0,"password":""}