{"id":"gen9vgc2023regulationc-1850768363","p1":"Kirovz","p2":"Negdogoc","format":"[Gen 9] VGC 2023 Regulation C","log":"|j|\u2606Kirovz\n|j|\u2606Negdogoc\n|t:|1682366069\n|gametype|doubles\n|player|p1|Kirovz|lance|1343\n|player|p2|Negdogoc|170|1310\n|teamsize|p1|6\n|teamsize|p2|6\n|gen|9\n|tier|[Gen 9] VGC 2023 Regulation C\n|rated|\n|rule|Species Clause: Limit one of each Pok\u00e9mon\n|rule|Item Clause: Limit one of each item\n|clearpoke\n|poke|p1|Dondozo, L50, F|\n|poke|p1|Tatsugiri-Stretchy, L50, F|\n|poke|p1|Chi-Yu, L50|\n|poke|p1|Flutter Mane, L50|\n|poke|p1|Dragonite, L50, M|\n|poke|p1|Glimmora, L50, F|\n|poke|p2|Annihilape, L50, M|\n|poke|p2|Maushold-Four, L50|\n|poke|p2|Flutter Mane, L50|\n|poke|p2|Salamence, L50, M|\n|poke|p2|Chi-Yu, L50|\n|poke|p2|Amoonguss, L50, F|\n|teampreview|4\n|inactive|Battle timer is ON: inactive players will automatically lose when time's up. (requested by Negdogoc)\n|j| Empathy_AUS\n|inactive|Negdogoc has 60 seconds left.\n|\n|t:|1682366102\n|start\n|switch|p1a: Glimmora|Glimmora, L50, F|100\/100\n|switch|p1b: Dondozo|Dondozo, L50, F|100\/100\n|switch|p2a: Annihilape|Annihilape, L50, M|100\/100\n|switch|p2b: Maushold|Maushold-Four, L50|100\/100\n|turn|1\n|\n|t:|1682366119\n|move|p2a: Annihilape|Protect|p2a: Annihilape\n|-singleturn|p2a: Annihilape|Protect\n|move|p2b: Maushold|Super Fang|p1b: Dondozo\n|-damage|p1b: Dondozo|50\/100\n|-enditem|p1b: Dondozo|Sitrus Berry|[eat]\n|-heal|p1b: Dondozo|75\/100|[from] item: Sitrus Berry\n|move|p1a: Glimmora|Toxic|p2a: Annihilape\n|-activate|p2a: Annihilape|move: Protect\n|move|p1b: Dondozo|Yawn|p2a: Annihilape\n|-activate|p2a: Annihilape|move: Protect\n|\n|upkeep\n|turn|2\n|\n|t:|1682366142\n|-terastallize|p2a: Annihilape|Poison\n|move|p2b: Maushold|Beat Up|p2a: Annihilape\n|-damage|p2a: Annihilape|98\/100\n|-damage|p2a: Annihilape|96\/100\n|-damage|p2a: Annihilape|94\/100\n|-damage|p2a: Annihilape|93\/100\n|-hitcount|p2a: Annihilape|4\n|move|p1a: Glimmora|Toxic|p2a: Annihilape\n|-immune|p2a: Annihilape\n|move|p2a: Annihilape|Rage Fist|p1a: Glimmora\n|-enditem|p1a: Glimmora|Focus Sash\n|-damage|p1a: Glimmora|1\/100\n|-activate|p1a: Glimmora|ability: Toxic Debris\n|-sidestart|p2: Negdogoc|move: Toxic Spikes\n|move|p1b: Dondozo|Yawn|p2b: Maushold\n|-start|p2b: Maushold|move: Yawn|[of] p1b: Dondozo\n|\n|-heal|p2a: Annihilape|99\/100|[from] item: Leftovers\n|upkeep\n|turn|3\n|\n|t:|1682366155\n|switch|p2b: Salamence|Salamence, L50, M|100\/100\n|-ability|p2b: Salamence|Intimidate|boost\n|-unboost|p1a: Glimmora|atk|1\n|-unboost|p1b: Dondozo|atk|1\n|move|p1a: Glimmora|Spiky Shield|p1a: Glimmora\n|-singleturn|p1a: Glimmora|move: Protect\n|move|p2a: Annihilape|Rage Fist|p1b: Dondozo\n|-damage|p1b: Dondozo|2\/100\n|move|p1b: Dondozo|Yawn|p2a: Annihilape\n|-start|p2a: Annihilape|move: Yawn|[of] p1b: Dondozo\n|\n|-heal|p2a: Annihilape|100\/100|[from] item: Leftovers\n|upkeep\n|turn|4\n|\n|t:|1682366172\n|switch|p2a: Maushold|Maushold-Four, L50|100\/100\n|-status|p2a: Maushold|psn\n|move|p2b: Salamence|Tailwind|p2b: Salamence\n|-sidestart|p2: Negdogoc|move: Tailwind\n|move|p1a: Glimmora|Power Gem|p2b: Salamence\n|-supereffective|p2b: Salamence\n|-damage|p2b: Salamence|20\/100\n|-enditem|p2b: Salamence|Sitrus Berry|[eat]\n|-heal|p2b: Salamence|45\/100|[from] item: Sitrus Berry\n|move|p1b: Dondozo|Wave Crash|p2a: Maushold\n|-damage|p2a: Maushold|62\/100 psn\n|-damage|p1b: Dondozo|0 fnt|[from] Recoil\n|faint|p1b: Dondozo\n|\n|-damage|p2a: Maushold|50\/100 psn|[from] psn\n|upkeep\n|\n|t:|1682366187\n|switch|p1b: Flutter Mane|Flutter Mane, L50|100\/100\n|-enditem|p1b: Flutter Mane|Booster Energy\n|-activate|p1b: Flutter Mane|ability: Protosynthesis|[fromitem]\n|-start|p1b: Flutter Mane|protosynthesisspe\n|turn|5\n|\n|t:|1682366204\n|move|p1b: Flutter Mane|Protect|p1b: Flutter Mane\n|-singleturn|p1b: Flutter Mane|Protect\n|move|p1a: Glimmora|Spiky Shield|p1a: Glimmora\n|-singleturn|p1a: Glimmora|move: Protect\n|move|p2a: Maushold|Beat Up|p1a: Glimmora\n|-activate|p1a: Glimmora|move: Protect\n|move|p2b: Salamence|Air Slash|p1b: Flutter Mane\n|-activate|p1b: Flutter Mane|move: Protect\n|\n|-damage|p2a: Maushold|38\/100 psn|[from] psn\n|upkeep\n|turn|6\n|\n|t:|1682366227\n|-terastallize|p1b: Flutter Mane|Steel\n|move|p2a: Maushold|Beat Up|p1a: Glimmora\n|-damage|p1a: Glimmora|0 fnt\n|-activate|p1a: Glimmora|ability: Toxic Debris\n|-sidestart|p2: Negdogoc|move: Toxic Spikes\n|faint|p1a: Glimmora\n|-hitcount|p1: Glimmora|1\n|move|p2b: Salamence|Air Slash|p1b: Flutter Mane\n|-resisted|p1b: Flutter Mane\n|-damage|p1b: Flutter Mane|85\/100\n|move|p1b: Flutter Mane|Substitute|p1b: Flutter Mane\n|-start|p1b: Flutter Mane|Substitute\n|-damage|p1b: Flutter Mane|60\/100\n|\n|-damage|p2a: Maushold|26\/100 psn|[from] psn\n|upkeep\n|\n|t:|1682366239\n|switch|p1a: Dragonite|Dragonite, L50, M|100\/100\n|turn|7\n|\n|t:|1682366246\n|move|p2b: Salamence|Protect|p2b: Salamence\n|-singleturn|p2b: Salamence|Protect\n|move|p1a: Dragonite|Protect|p1a: Dragonite\n|-singleturn|p1a: Dragonite|Protect\n|move|p2a: Maushold|Super Fang|p1a: Dragonite\n|-activate|p1a: Dragonite|move: Protect\n|move|p1b: Flutter Mane|Moonblast|p2b: Salamence\n|-activate|p2b: Salamence|move: Protect\n|\n|-damage|p2a: Maushold|14\/100 psn|[from] psn\n|-sideend|p2: Negdogoc|move: Tailwind\n|upkeep\n|turn|8\n|\n|t:|1682366258\n|move|p1a: Dragonite|Extreme Speed|p2a: Maushold\n|-damage|p2a: Maushold|0 fnt\n|faint|p2a: Maushold\n|move|p1b: Flutter Mane|Moonblast|p2b: Salamence\n|-supereffective|p2b: Salamence\n|-damage|p2b: Salamence|0 fnt\n|faint|p2b: Salamence\n|\n|upkeep\n|\n|t:|1682366261\n|switch|p2a: Annihilape|Annihilape, L50, M, tera:Poison|100\/100\n|switch|p2b: Flutter Mane|Flutter Mane, L50|100\/100\n|-status|p2b: Flutter Mane|tox\n|-sideend|p2: Negdogoc|move: Toxic Spikes|[of] p2a: Annihilape\n|-enditem|p2b: Flutter Mane|Booster Energy\n|-activate|p2b: Flutter Mane|ability: Protosynthesis|[fromitem]\n|-start|p2b: Flutter Mane|protosynthesisspe\n|turn|9\n|\n|t:|1682366275\n|move|p2b: Flutter Mane|Protect|p2b: Flutter Mane\n|-singleturn|p2b: Flutter Mane|Protect\n|move|p1a: Dragonite|Protect|p1a: Dragonite\n|-singleturn|p1a: Dragonite|Protect\n|move|p1b: Flutter Mane|Hex|p2b: Flutter Mane\n|-activate|p2b: Flutter Mane|move: Protect\n|move|p2a: Annihilape|Drain Punch|p1b: Flutter Mane\n|-supereffective|p1b: Flutter Mane\n|-end|p1b: Flutter Mane|Substitute\n|\n|-damage|p2b: Flutter Mane|94\/100 tox|[from] psn\n|upkeep\n|turn|10\n|\n|t:|1682366297\n|move|p2b: Flutter Mane|Shadow Ball|p1b: Flutter Mane\n|-damage|p1b: Flutter Mane|18\/100\n|-unboost|p1b: Flutter Mane|spd|1\n|move|p1b: Flutter Mane|Hex|p2b: Flutter Mane\n|-supereffective|p2b: Flutter Mane\n|-damage|p2b: Flutter Mane|0 fnt\n|faint|p2b: Flutter Mane\n|-end|p2b: Flutter Mane|Protosynthesis|[silent]\n|move|p1a: Dragonite|Stomping Tantrum|p2a: Annihilape\n|-supereffective|p2a: Annihilape\n|-damage|p2a: Annihilape|45\/100\n|move|p2a: Annihilape|Rage Fist|p1a: Dragonite\n|-damage|p1a: Dragonite|38\/100\n|\n|-heal|p2a: Annihilape|51\/100|[from] item: Leftovers\n|upkeep\n|turn|11\n|\n|t:|1682366316\n|move|p2a: Annihilape|Protect|p2a: Annihilape\n|-singleturn|p2a: Annihilape|Protect\n|move|p1b: Flutter Mane|Hex|p2a: Annihilape\n|-activate|p2a: Annihilape|move: Protect\n|move|p1a: Dragonite|Stomping Tantrum|p2a: Annihilape\n|-activate|p2a: Annihilape|move: Protect\n|\n|-heal|p2a: Annihilape|57\/100|[from] item: Leftovers\n|upkeep\n|turn|12\n|\n|t:|1682366326\n|move|p1b: Flutter Mane|Hex|p2a: Annihilape\n|-damage|p2a: Annihilape|29\/100\n|move|p1a: Dragonite|Stomping Tantrum|p2a: Annihilape\n|-supereffective|p2a: Annihilape\n|-damage|p2a: Annihilape|0 fnt\n|faint|p2a: Annihilape\n|\n|win|Kirovz\n|raw|Kirovz's rating: 1343 → 1361<\/strong> (+18 for winning)\n|raw|Negdogoc's rating: 1310 → 1292<\/strong> (-18 for losing)\n|l|\u2606Negdogoc\n","uploadtime":1682366334,"views":11,"p1id":"kirovz","p2id":"negdogoc","formatid":"gen9vgc2023regulationc","rating":1292,"private":0,"password":""}