{"id":"gen9vgc2023regulationc-1846664182","p1":"dekukraken","p2":"Atomic duck","format":"[Gen 9] VGC 2023 Regulation C","log":"|j|\u2606dekukraken\n|j|\u2606Atomic duck\n|t:|1681863220\n|gametype|doubles\n|player|p1|dekukraken|burglar|\n|player|p2|Atomic duck|170|\n|teamsize|p1|6\n|teamsize|p2|6\n|gen|9\n|tier|[Gen 9] VGC 2023 Regulation C\n|rule|Species Clause: Limit one of each Pok\u00e9mon\n|rule|Item Clause: Limit one of each item\n|clearpoke\n|poke|p1|Glimmora, L50, F|\n|poke|p1|Iron Bundle, L50|\n|poke|p1|Dondozo, L50, M|\n|poke|p1|Dragonite, L50, F|\n|poke|p1|Tatsugiri-Droopy, L50, F|\n|poke|p1|Chi-Yu, L50|\n|poke|p2|Amoonguss, L50, M|\n|poke|p2|Arcanine, L50, F|\n|poke|p2|Ting-Lu, L50|\n|poke|p2|Flutter Mane, L50|\n|poke|p2|Palafin, L50, F|\n|poke|p2|Baxcalibur, L50, F|\n|teampreview|4\nAtomic duck has agreed to open team sheets.\ndekukraken has agreed to open team sheets.\n|c|\u2606dekukraken|G2\n|c|\u2606dekukraken|glhfa\n|c|\u2606Atomic duck|u2\n|\n|t:|1681864139\n|start\n|switch|p1a: Chi-Yu|Chi-Yu, L50|100\/100\n|switch|p1b: Iron Bundle|Iron Bundle, L50, shiny|100\/100\n|switch|p2a: Baxcalibur|Baxcalibur, L50, F|100\/100\n|switch|p2b: Amoonguss|Amoonguss, L50, M|100\/100\n|-ability|p1a: Chi-Yu|Beads of Ruin\n|-enditem|p1b: Iron Bundle|Booster Energy\n|-activate|p1b: Iron Bundle|ability: Quark Drive|[fromitem]\n|-start|p1b: Iron Bundle|quarkdrivespe\n|turn|1\n|\n|t:|1681864181\n|move|p1b: Iron Bundle|Freeze-Dry|p2b: Amoonguss\n|-supereffective|p2b: Amoonguss\n|-damage|p2b: Amoonguss|40\/100\n|move|p1a: Chi-Yu|Overheat|p2b: Amoonguss\n|-supereffective|p2b: Amoonguss\n|-damage|p2b: Amoonguss|0 fnt\n|-unboost|p1a: Chi-Yu|spa|2\n|faint|p2b: Amoonguss\n|move|p2a: Baxcalibur|Glaive Rush|p1b: Iron Bundle\n|-damage|p1b: Iron Bundle|18\/100\n|-singlemove|p2a: Baxcalibur|Glaive Rush|[silent]\n|\n|upkeep\n|\n|t:|1681864191\n|switch|p2b: Arcanine|Arcanine, L50, F|100\/100\n|-ability|p2b: Arcanine|Intimidate|boost\n|-unboost|p1a: Chi-Yu|atk|1\n|-unboost|p1b: Iron Bundle|atk|1\n|turn|2\n|\n|t:|1681864259\n|-end|p1b: Iron Bundle|Quark Drive|[silent]\n|switch|p1b: Tatsugiri|Tatsugiri-Droopy, L50, F, shiny|100\/100\n|switch|p1a: Dondozo|Dondozo, L50, M|100\/100\n|-activate|p1b: Tatsugiri|ability: Commander|[of] p1a: Dondozo\n|-boost|p1a: Dondozo|atk|2\n|-boost|p1a: Dondozo|spa|2\n|-boost|p1a: Dondozo|spe|2\n|-boost|p1a: Dondozo|def|2\n|-boost|p1a: Dondozo|spd|2\n|switch|p2a: Flutter Mane|Flutter Mane, L50|100\/100\n|move|p2b: Arcanine|Will-O-Wisp|p1b: Tatsugiri|[miss]\n|-miss|p2b: Arcanine|p1b: Tatsugiri\n|\n|upkeep\n|turn|3\n|\n|t:|1681864335\n|-terastallize|p2b: Arcanine|Flying\n|move|p2a: Flutter Mane|Protect|p2a: Flutter Mane\n|-singleturn|p2a: Flutter Mane|Protect\n|move|p1a: Dondozo|Wave Crash|p2b: Arcanine\n|-damage|p2b: Arcanine|0 fnt\n|faint|p2b: Arcanine\n|-damage|p1a: Dondozo|72\/100|[from] Recoil\n|\n|-heal|p1a: Dondozo|78\/100|[from] item: Leftovers\n|upkeep\n|\n|t:|1681864345\n|switch|p2b: Baxcalibur|Baxcalibur, L50, F|100\/100\n|turn|4\n|\n|t:|1681864362\n|move|p2a: Flutter Mane|Moonblast|p1a: Dondozo\n|-damage|p1a: Dondozo|53\/100\n|move|p1a: Dondozo|Earthquake|p2b: Baxcalibur|[spread] p2a,p2b\n|-miss|p1a: Dondozo|p1b: Tatsugiri\n|-damage|p2a: Flutter Mane|5\/100\n|-damage|p2b: Baxcalibur|65\/100\n|move|p2b: Baxcalibur|Glaive Rush|p1a: Dondozo\n|-damage|p1a: Dondozo|29\/100\n|-singlemove|p2b: Baxcalibur|Glaive Rush|[silent]\n|\n|-heal|p1a: Dondozo|35\/100|[from] item: Leftovers\n|upkeep\n|turn|5\n|\n|t:|1681864391\n|move|p1a: Dondozo|Protect|p1a: Dondozo\n|-singleturn|p1a: Dondozo|Protect\n|move|p2b: Baxcalibur|Protect|p2b: Baxcalibur\n|-singleturn|p2b: Baxcalibur|Protect\n|move|p2a: Flutter Mane|Moonblast|p1a: Dondozo\n|-activate|p1a: Dondozo|move: Protect\n|\n|-heal|p1a: Dondozo|41\/100|[from] item: Leftovers\n|upkeep\n|turn|6\n|j| ogrelord20\n|\n|t:|1681864402\n|move|p2a: Flutter Mane|Moonblast|p1a: Dondozo\n|-damage|p1a: Dondozo|16\/100\n|-unboost|p1a: Dondozo|spa|1\n|move|p1a: Dondozo|Earthquake|p2b: Baxcalibur|[spread] p2a,p2b\n|-miss|p1a: Dondozo|p1b: Tatsugiri\n|-damage|p2a: Flutter Mane|0 fnt\n|-damage|p2b: Baxcalibur|28\/100\n|faint|p2a: Flutter Mane\n|-end|p2a: Flutter Mane|Protosynthesis|[silent]\n|move|p2b: Baxcalibur|Glaive Rush|p1a: Dondozo\n|-crit|p1a: Dondozo\n|-damage|p1a: Dondozo|0 fnt\n|-singlemove|p2b: Baxcalibur|Glaive Rush|[silent]\n|faint|p1a: Dondozo\n|\n|upkeep\n|\n|t:|1681864427\n|switch|p1a: Chi-Yu|Chi-Yu, L50|100\/100\n|-ability|p1a: Chi-Yu|Beads of Ruin\n|turn|7\n|\n|t:|1681864436\n|move|p2b: Baxcalibur|Ice Shard|p1a: Chi-Yu\n|-resisted|p1a: Chi-Yu\n|-damage|p1a: Chi-Yu|81\/100\n|move|p1b: Tatsugiri|Draco Meteor|p2b: Baxcalibur\n|-supereffective|p2b: Baxcalibur\n|-damage|p2b: Baxcalibur|0 fnt\n|-unboost|p1b: Tatsugiri|spa|2\n|faint|p2b: Baxcalibur\n|\n|win|dekukraken\n|l| ogrelord20\n|l|\u2606Atomic duck\n","uploadtime":1681864787,"views":7,"p1id":"dekukraken","p2id":"atomicduck","formatid":"gen9vgc2023regulationc","rating":0,"private":0,"password":""}