{"id":"gen9vgc2023regulationc-1845516277","p1":"Solarman654","p2":"Buymyzoo","format":"[Gen 9] VGC 2023 Regulation C","log":"|j|\u203dSolarman654\n|j|\u2606Buymyzoo\n|t:|1681741249\n|gametype|doubles\n|player|p1|Solarman654|266|1196\n|player|p2|Buymyzoo|clown|1163\n|teamsize|p1|6\n|teamsize|p2|6\n|gen|9\n|tier|[Gen 9] VGC 2023 Regulation C\n|rated|\n|rule|Species Clause: Limit one of each Pok\u00e9mon\n|rule|Item Clause: Limit one of each item\n|clearpoke\n|poke|p1|Mimikyu, L50, F|\n|poke|p1|Kingambit, L50, F|\n|poke|p1|Amoonguss, L50, M|\n|poke|p1|Chien-Pao, L50|\n|poke|p1|Iron Bundle, L50|\n|poke|p1|Chi-Yu, L50|\n|poke|p2|Chi-Yu, L50|\n|poke|p2|Chien-Pao, L50|\n|poke|p2|Flutter Mane, L50|\n|poke|p2|Gyarados, L50, F|\n|poke|p2|Kingambit, L50, F|\n|poke|p2|Dragonite, L50, F|\n|teampreview|4\n|\n|t:|1681741293\n|start\n|switch|p1a: Kingambit|Kingambit, L50, F|100\/100\n|switch|p1b: Chien-Pao|Chien-Pao, L50|100\/100\n|switch|p2a: Chien-Pao|Chien-Pao, L50|100\/100\n|switch|p2b: Dragonite|Dragonite, L50, F|100\/100\n|-ability|p2a: Chien-Pao|Sword of Ruin\n|-ability|p1b: Chien-Pao|Sword of Ruin\n|turn|1\n|\n|t:|1681741315\n|switch|p1b: Mimikyu|Mimikyu, L50, F|100\/100\n|-terastallize|p2b: Dragonite|Normal\n|-terastallize|p1a: Kingambit|Flying\n|move|p2b: Dragonite|Extreme Speed|p1b: Mimikyu\n|-immune|p1b: Mimikyu\n|move|p2a: Chien-Pao|Sacred Sword|p1a: Kingambit\n|-resisted|p1a: Kingambit\n|-damage|p1a: Kingambit|81\/100\n|-damage|p2a: Chien-Pao|91\/100|[from] item: Life Orb\n|move|p1a: Kingambit|Iron Head|p2a: Chien-Pao\n|-supereffective|p2a: Chien-Pao\n|-damage|p2a: Chien-Pao|0 fnt\n|faint|p2a: Chien-Pao\n|\n|upkeep\n|\n|t:|1681741334\n|switch|p2a: Flutter Mane|Flutter Mane, L50|100\/100\n|turn|2\n|\n|t:|1681741341\n|move|p1a: Kingambit|Protect|p1a: Kingambit\n|-singleturn|p1a: Kingambit|Protect\n|move|p2b: Dragonite|Extreme Speed|p1a: Kingambit\n|-activate|p1a: Kingambit|move: Protect\n|move|p2a: Flutter Mane|Dazzling Gleam|p1b: Mimikyu|[spread] p1b\n|-activate|p1a: Kingambit|move: Protect\n|-activate|p1b: Mimikyu|ability: Disguise\n|-damage|p1b: Mimikyu|100\/100\n|detailschange|p1b: Mimikyu|Mimikyu-Busted, L50, F\n|-damage|p1b: Mimikyu|88\/100|[from] pokemon: Mimikyu-Busted\n|move|p1b: Mimikyu|Trick Room|p1b: Mimikyu\n|-fieldstart|move: Trick Room|[of] p1b: Mimikyu\n|\n|upkeep\n|turn|3\n|\n|t:|1681741362\n|move|p2b: Dragonite|Extreme Speed|p1a: Kingambit\n|-damage|p1a: Kingambit|26\/100\n|move|p1b: Mimikyu|Shadow Sneak|p2a: Flutter Mane\n|-supereffective|p2a: Flutter Mane\n|-damage|p2a: Flutter Mane|22\/100\n|move|p1a: Kingambit|Iron Head|p2a: Flutter Mane\n|-supereffective|p2a: Flutter Mane\n|-damage|p2a: Flutter Mane|0 fnt\n|faint|p2a: Flutter Mane\n|-end|p2a: Flutter Mane|Protosynthesis|[silent]\n|\n|upkeep\n|\n|t:|1681741366\n|switch|p2a: Chi-Yu|Chi-Yu, L50|100\/100\n|-ability|p2a: Chi-Yu|Beads of Ruin\n|turn|4\n|\n|t:|1681741376\n|move|p1a: Kingambit|Protect|p1a: Kingambit\n|-singleturn|p1a: Kingambit|Protect\n|move|p2a: Chi-Yu|Protect|p2a: Chi-Yu\n|-singleturn|p2a: Chi-Yu|Protect\n|move|p2b: Dragonite|Extreme Speed|p1a: Kingambit\n|-activate|p1a: Kingambit|move: Protect\n|move|p1b: Mimikyu|Play Rough|p2a: Chi-Yu\n|-activate|p2a: Chi-Yu|move: Protect\n|\n|upkeep\n|turn|5\n|\n|t:|1681741396\n|move|p2b: Dragonite|Extreme Speed|p1a: Kingambit\n|-damage|p1a: Kingambit|0 fnt\n|faint|p1a: Kingambit\n|move|p1b: Mimikyu|Play Rough|p2a: Chi-Yu\n|-damage|p2a: Chi-Yu|31\/100\n|move|p2a: Chi-Yu|Dark Pulse|p1b: Mimikyu\n|-damage|p1b: Mimikyu|29\/100\n|\n|upkeep\n|\n|t:|1681741412\n|switch|p1a: Chien-Pao|Chien-Pao, L50|100\/100\n|-ability|p1a: Chien-Pao|Sword of Ruin\n|turn|6\n|\n|t:|1681741417\n|move|p1a: Chien-Pao|Protect|p1a: Chien-Pao\n|-singleturn|p1a: Chien-Pao|Protect\n|move|p2b: Dragonite|Extreme Speed|p1a: Chien-Pao\n|-activate|p1a: Chien-Pao|move: Protect\n|move|p1b: Mimikyu|Play Rough|p2a: Chi-Yu\n|-damage|p2a: Chi-Yu|0 fnt\n|faint|p2a: Chi-Yu\n|\n|-fieldend|move: Trick Room\n|upkeep\n|turn|7\n|\n|t:|1681741431\n|move|p2b: Dragonite|Extreme Speed|p1a: Chien-Pao\n|-enditem|p1a: Chien-Pao|Focus Sash\n|-damage|p1a: Chien-Pao|1\/100\n|move|p1a: Chien-Pao|Sacred Sword|p2b: Dragonite\n|-supereffective|p2b: Dragonite\n|-damage|p2b: Dragonite|58\/100\n|move|p1b: Mimikyu|Play Rough|p2b: Dragonite\n|-damage|p2b: Dragonite|9\/100\n|\n|upkeep\n|turn|8\n|\n|t:|1681741445\n|move|p1a: Chien-Pao|Protect|p1a: Chien-Pao\n|-singleturn|p1a: Chien-Pao|Protect\n|move|p2b: Dragonite|Extreme Speed|p1a: Chien-Pao\n|-activate|p1a: Chien-Pao|move: Protect\n|move|p1b: Mimikyu|Play Rough|p2b: Dragonite\n|-damage|p2b: Dragonite|0 fnt\n|faint|p2b: Dragonite\n|\n|win|Solarman654\n|raw|Solarman654's rating: 1196 → 1219<\/strong> (+23 for winning)\n|raw|Buymyzoo's rating: 1163 → 1140<\/strong> (-23 for losing)\n|l|\u2606Buymyzoo\n","uploadtime":1681741459,"views":9,"p1id":"solarman654","p2id":"buymyzoo","formatid":"gen9vgc2023regulationc","rating":1140,"private":0,"password":""}