{"id":"gen9vgc2023regulationc-1862345602","p1":"Mast3rCruz","p2":"kuq0","format":"[Gen 9] VGC 2023 Regulation C","log":"|j|\u2606Mast3rCruz\n|j|\u2606kuq0\n|t:|1683869916\n|gametype|doubles\n|player|p1|Mast3rCruz|dragontamer|1064\n|player|p2|kuq0|dawn|1140\n|teamsize|p1|6\n|teamsize|p2|6\n|gen|9\n|tier|[Gen 9] VGC 2023 Regulation C\n|rated|\n|rule|Species Clause: Limit one of each Pok\u00e9mon\n|rule|Item Clause: Limit one of each item\n|clearpoke\n|poke|p1|Amoonguss, L50, M|\n|poke|p1|Armarouge, L50, M|\n|poke|p1|Gyarados, L50, F|\n|poke|p1|Hydreigon, L50, M|\n|poke|p1|Iron Hands, L50|\n|poke|p1|Iron Treads, L50|\n|poke|p2|Slaking, L50, F|\n|poke|p2|Farigiraf, L50, M|\n|poke|p2|Meowscarada, L50, M|\n|poke|p2|Goodra, L50, F|\n|poke|p2|Kilowattrel, L50, F|\n|poke|p2|Slowbro, L50, F|\n|teampreview|4\nkuq0 has agreed to open team sheets.\n|inactive|Battle timer is ON: inactive players will automatically lose when time's up. (requested by kuq0)\n|\n|t:|1683869947\n|start\n|switch|p1a: Panzerkampf|Iron Treads, L50|100\/100\n|switch|p1b: IntoTheFire|Armarouge, L50, M|100\/100\n|switch|p2a: Slaking|Slaking, L50, F|100\/100\n|switch|p2b: Farigiraf|Farigiraf, L50, M|100\/100\n|-enditem|p1a: Panzerkampf|Booster Energy\n|-activate|p1a: Panzerkampf|ability: Quark Drive|[fromitem]\n|-start|p1a: Panzerkampf|quarkdrivespe\n|turn|1\n|inactive|Mast3rCruz has 30 seconds left.\n|inactive|Mast3rCruz has 20 seconds left.\n|\n|t:|1683869982\n|-terastallize|p2a: Slaking|Fighting\n|move|p1a: Panzerkampf|Iron Head|p2b: Farigiraf\n|-damage|p2b: Farigiraf|64\/100\n|move|p2b: Farigiraf|Skill Swap|p2a: Slaking\n|-activate|p2b: Farigiraf|move: Skill Swap|||[of] p2a: Slaking\n|move|p2a: Slaking|Drain Punch|p1a: Panzerkampf\n|-supereffective|p1a: Panzerkampf\n|-damage|p1a: Panzerkampf|3\/100\n|move|p1b: IntoTheFire|Armor Cannon|p2b: Farigiraf\n|-damage|p2b: Farigiraf|0 fnt\n|-unboost|p1b: IntoTheFire|def|1\n|-unboost|p1b: IntoTheFire|spd|1\n|faint|p2b: Farigiraf\n|\n|upkeep\n|\n|t:|1683869996\n|switch|p2b: Meowscarada|Meowscarada, L50, M|100\/100\n|turn|2\n|\n|t:|1683870012\n|move|p1a: Panzerkampf|Iron Head|p2a: Slaking\n|-damage|p2a: Slaking|75\/100\n|move|p2b: Meowscarada|Petal Blizzard|p1a: Panzerkampf|[spread] p1a,p1b\n|-ability|p2a: Slaking|Sap Sipper|boost\n|-boost|p2a: Slaking|atk|1\n|-resisted|p1b: IntoTheFire\n|-damage|p1a: Panzerkampf|0 fnt\n|-damage|p1b: IntoTheFire|80\/100\n|faint|p1a: Panzerkampf\n|-end|p1a: Panzerkampf|Quark Drive|[silent]\n|move|p2a: Slaking|Trailblaze|p1b: IntoTheFire\n|-resisted|p1b: IntoTheFire\n|-damage|p1b: IntoTheFire|58\/100\n|-boost|p2a: Slaking|spe|1\n|move|p1b: IntoTheFire|Armor Cannon|p2b: Meowscarada\n|-supereffective|p2b: Meowscarada\n|-enditem|p2b: Meowscarada|Focus Sash\n|-damage|p2b: Meowscarada|1\/100\n|-unboost|p1b: IntoTheFire|def|1\n|-unboost|p1b: IntoTheFire|spd|1\n|\n|upkeep\n|inactive|Mast3rCruz has 30 seconds left.\n|\n|t:|1683870039\n|switch|p1a: Bismarck|Gyarados, L50, F|100\/100\n|-ability|p1a: Bismarck|Intimidate|boost\n|-unboost|p2a: Slaking|atk|1\n|-unboost|p2b: Meowscarada|atk|1\n|turn|3\n|\n|t:|1683870061\n|switch|p1b: Gott Mit Uns|Hydreigon, L50, M|100\/100\n|-terastallize|p1a: Bismarck|Flying\n|move|p2b: Meowscarada|Petal Blizzard|p1b: Gott Mit Uns|[spread] p1a,p1b\n|-ability|p2a: Slaking|Sap Sipper|boost\n|-boost|p2a: Slaking|atk|1\n|-resisted|p1a: Bismarck\n|-resisted|p1b: Gott Mit Uns\n|-damage|p1a: Bismarck|83\/100\n|-damage|p1b: Gott Mit Uns|83\/100\n|move|p2a: Slaking|Drain Punch|p1b: Gott Mit Uns\n|-supereffective|p1b: Gott Mit Uns\n|-damage|p1b: Gott Mit Uns|0 fnt\n|-heal|p2a: Slaking|100\/100|[from] drain|[of] p1b: Gott Mit Uns\n|faint|p1b: Gott Mit Uns\n|move|p1a: Bismarck|Tera Blast|p2a: Slaking\n|-supereffective|p2a: Slaking\n|-damage|p2a: Slaking|25\/100\n|\n|upkeep\n|\n|t:|1683870079\n|switch|p1b: IntoTheFire|Armarouge, L50, M|58\/100\n|turn|4\n|inactive|Mast3rCruz has 30 seconds left.\n|\n|t:|1683870112\n|move|p2b: Meowscarada|Petal Blizzard|p1b: IntoTheFire|[spread] p1a,p1b\n|-ability|p2a: Slaking|Sap Sipper|boost\n|-boost|p2a: Slaking|atk|1\n|-resisted|p1a: Bismarck\n|-resisted|p1b: IntoTheFire\n|-damage|p1a: Bismarck|65\/100\n|-damage|p1b: IntoTheFire|42\/100\n|move|p2a: Slaking|Drain Punch|p1b: IntoTheFire\n|-resisted|p1b: IntoTheFire\n|-damage|p1b: IntoTheFire|0 fnt\n|-heal|p2a: Slaking|41\/100|[from] drain|[of] p1b: IntoTheFire\n|faint|p1b: IntoTheFire\n|move|p1a: Bismarck|Tera Blast|p2a: Slaking\n|-supereffective|p2a: Slaking\n|-damage|p2a: Slaking|0 fnt\n|faint|p2a: Slaking\n|\n|upkeep\n|\n|t:|1683870124\n|switch|p2a: Goodra|Goodra, L50, F|100\/100\n|turn|5\n|\n|t:|1683870136\n|move|p2b: Meowscarada|Petal Blizzard|p1a: Bismarck|[spread] p1a\n|-ability|p2a: Goodra|Sap Sipper|boost\n|-boost|p2a: Goodra|atk|1\n|-resisted|p1a: Bismarck\n|-damage|p1a: Bismarck|48\/100\n|move|p1a: Bismarck|Tera Blast|p2a: Goodra\n|-crit|p2a: Goodra\n|-damage|p2a: Goodra|0 fnt\n|faint|p2a: Goodra\n|\n|upkeep\n|turn|6\n|\n|t:|1683870148\n|move|p2b: Meowscarada|Play Rough|p1a: Bismarck|[miss]\n|-miss|p2b: Meowscarada|p1a: Bismarck\n|move|p1a: Bismarck|Waterfall|p2b: Meowscarada\n|-resisted|p2b: Meowscarada\n|-damage|p2b: Meowscarada|0 fnt\n|faint|p2b: Meowscarada\n|\n|win|Mast3rCruz\n|raw|Mast3rCruz's rating: 1064 → 1101<\/strong> (+37 for winning)\n|raw|kuq0's rating: 1140 → 1110<\/strong> (-30 for losing)\n|l|\u2606kuq0\n","uploadtime":1683870158,"views":9,"p1id":"mast3rcruz","p2id":"kuq0","formatid":"gen9vgc2023regulationc","rating":1101,"private":0,"password":""}