{"id":"gen9vgc2023regulationc-1845969581","p1":"Valhala Alfa","p2":"greninjaexpert","format":"[Gen 9] VGC 2023 Regulation C","log":"|j|\u2606Valhala Alfa\n|j|\u2606greninjaexpert\n|t:|1681785322\n|gametype|doubles\n|player|p1|Valhala Alfa|102|1206\n|player|p2|greninjaexpert|red|1124\n|teamsize|p1|6\n|teamsize|p2|6\n|gen|9\n|tier|[Gen 9] VGC 2023 Regulation C\n|rated|\n|rule|Species Clause: Limit one of each Pok\u00e9mon\n|rule|Item Clause: Limit one of each item\n|clearpoke\n|poke|p1|Flutter Mane, L50|\n|poke|p1|Chi-Yu, L50|\n|poke|p1|Dragonite, L50, M|\n|poke|p1|Tauros-Paldea-Blaze, L50, M|\n|poke|p1|Gastrodon, L50, M|\n|poke|p1|Hariyama, L50, F|\n|poke|p2|Amoonguss, L50, F|\n|poke|p2|Arcanine, L50, F|\n|poke|p2|Flutter Mane, L50|\n|poke|p2|Palafin, L50, F|\n|poke|p2|Kingambit, L50, F|\n|poke|p2|Iron Bundle, L50|\n|teampreview|4\n|\n|t:|1681785357\n|start\n|switch|p1a: Hariyama|Hariyama, L50, F|100\/100\n|switch|p1b: Gastrodon|Gastrodon, L50, M|100\/100\n|switch|p2a: Arcanine|Arcanine, L50, F|100\/100\n|switch|p2b: Iron Bundle|Iron Bundle, L50|100\/100\n|-ability|p2a: Arcanine|Intimidate|boost\n|-unboost|p1a: Hariyama|atk|1\n|-unboost|p1b: Gastrodon|atk|1\n|turn|1\n|inactive|Battle timer is ON: inactive players will automatically lose when time's up. (requested by greninjaexpert)\n|\n|t:|1681785383\n|switch|p2a: Amoonguss|Amoonguss, L50, F|100\/100\n|move|p2b: Iron Bundle|Protect|p2b: Iron Bundle\n|-singleturn|p2b: Iron Bundle|Protect\n|move|p1a: Hariyama|Fake Out|p2b: Iron Bundle\n|-activate|p2b: Iron Bundle|move: Protect\n|move|p1b: Gastrodon|Muddy Water|p2a: Amoonguss|[spread] p2a\n|-activate|p2b: Iron Bundle|move: Protect\n|-resisted|p2a: Amoonguss\n|-damage|p2a: Amoonguss|90\/100\n|-unboost|p2a: Amoonguss|accuracy|1\n|\n|-heal|p2a: Amoonguss|96\/100|[from] item: Black Sludge\n|upkeep\n|turn|2\n|inactive|Valhala Alfa has 30 seconds left.\n|\n|t:|1681785409\n|move|p1b: Gastrodon|Protect|p1b: Gastrodon\n|-singleturn|p1b: Gastrodon|Protect\n|move|p2a: Amoonguss|Rage Powder|p2a: Amoonguss\n|-singleturn|p2a: Amoonguss|move: Rage Powder\n|move|p2b: Iron Bundle|Freeze-Dry|p1b: Gastrodon\n|-activate|p1b: Gastrodon|move: Protect\n|move|p1a: Hariyama|Knock Off|p2a: Amoonguss\n|-damage|p2a: Amoonguss|75\/100\n|-enditem|p2a: Amoonguss|Black Sludge|[from] move: Knock Off|[of] p1a: Hariyama\n|\n|upkeep\n|turn|3\n|\n|t:|1681785431\n|-terastallize|p1b: Gastrodon|Fire\n|move|p2b: Iron Bundle|Freeze-Dry|p1b: Gastrodon\n|-resisted|p1b: Gastrodon\n|-damage|p1b: Gastrodon|78\/100\n|-damage|p2b: Iron Bundle|91\/100|[from] item: Life Orb\n|move|p1a: Hariyama|Knock Off|p2b: Iron Bundle\n|-damage|p2b: Iron Bundle|63\/100\n|-enditem|p2b: Iron Bundle|Life Orb|[from] move: Knock Off|[of] p1a: Hariyama\n|move|p1b: Gastrodon|Muddy Water|p2b: Iron Bundle|[spread] p2a\n|-miss|p1b: Gastrodon|p2b: Iron Bundle\n|-resisted|p2a: Amoonguss\n|-damage|p2a: Amoonguss|64\/100\n|move|p2a: Amoonguss|Spore|p1a: Hariyama\n|-status|p1a: Hariyama|slp|[from] move: Spore\n|\n|-heal|p1b: Gastrodon|84\/100|[from] item: Leftovers\n|upkeep\n|turn|4\n|inactive|Valhala Alfa has 30 seconds left.\n|inactive|greninjaexpert has 30 seconds left.\n|inactive|greninjaexpert has 20 seconds left.\n|\n|t:|1681785470\n|move|p1b: Gastrodon|Protect|p1b: Gastrodon\n|-singleturn|p1b: Gastrodon|Protect\n|move|p2b: Iron Bundle|Hydro Pump|p1b: Gastrodon\n|-activate|p1b: Gastrodon|ability: Storm Drain\n|-activate|p1b: Gastrodon|move: Protect\n|cant|p1a: Hariyama|slp\n|move|p2a: Amoonguss|Pollen Puff|p2b: Iron Bundle|[miss]\n|-miss|p2a: Amoonguss|p2b: Iron Bundle\n|\n|-heal|p1b: Gastrodon|90\/100|[from] item: Leftovers\n|upkeep\n|turn|5\n|\n|t:|1681785494\n|-end|p2b: Iron Bundle|Quark Drive|[silent]\n|switch|p2b: Flutter Mane|Flutter Mane, L50|100\/100\n|switch|p2a: Arcanine|Arcanine, L50, F|100\/100\n|-ability|p2a: Arcanine|Intimidate|boost\n|-unboost|p1a: Hariyama|atk|1\n|-unboost|p1b: Gastrodon|atk|1\n|-curestatus|p1a: Hariyama|slp|[msg]\n|move|p1a: Hariyama|Drain Punch|p2b: Flutter Mane\n|-immune|p2b: Flutter Mane\n|move|p1b: Gastrodon|Earth Power|p2b: Flutter Mane\n|-damage|p2b: Flutter Mane|58\/100\n|\n|-heal|p1b: Gastrodon|96\/100|[from] item: Leftovers\n|upkeep\n|turn|6\n|\n|t:|1681785514\n|move|p2a: Arcanine|Extreme Speed|p1b: Gastrodon\n|-damage|p1b: Gastrodon|73\/100\n|move|p1a: Hariyama|Bullet Punch|p2b: Flutter Mane\n|-supereffective|p2b: Flutter Mane\n|-damage|p2b: Flutter Mane|27\/100\n|move|p2b: Flutter Mane|Shadow Ball|p1b: Gastrodon\n|-damage|p1b: Gastrodon|36\/100\n|-unboost|p1b: Gastrodon|spd|1\n|move|p1b: Gastrodon|Muddy Water|p2b: Flutter Mane|[spread] p2a,p2b\n|-supereffective|p2a: Arcanine\n|-damage|p2a: Arcanine|43\/100\n|-damage|p2b: Flutter Mane|0 fnt\n|faint|p2b: Flutter Mane\n|-end|p2b: Flutter Mane|Protosynthesis|[silent]\n|\n|-heal|p2a: Arcanine|49\/100|[from] item: Leftovers\n|-heal|p1b: Gastrodon|43\/100|[from] item: Leftovers\n|upkeep\n|-message|greninjaexpert forfeited.\n|\n|win|Valhala Alfa\n|raw|Valhala Alfa's rating: 1206 → 1225<\/strong> (+19 for winning)\n|raw|greninjaexpert's rating: 1124 → 1105<\/strong> (-19 for losing)\n|l|\u2606greninjaexpert\n","uploadtime":1681785600,"views":5,"p1id":"valhalaalfa","p2id":"greninjaexpert","formatid":"gen9vgc2023regulationc","rating":1105,"private":0,"password":""}