{"id":"gen9vgc2023regulationc-1846303403","p1":"Ricardo Randorez","p2":"Chimeran","format":"[Gen 9] VGC 2023 Regulation C","log":"|j|\u2606Ricardo Randorez\n|j|\u2606Chimeran\n|t:|1681829983\n|gametype|doubles\n|player|p1|Ricardo Randorez|101|1146\n|player|p2|Chimeran|plasmagruntf|1173\n|teamsize|p1|6\n|teamsize|p2|6\n|gen|9\n|tier|[Gen 9] VGC 2023 Regulation C\n|rated|\n|rule|Species Clause: Limit one of each Pok\u00e9mon\n|rule|Item Clause: Limit one of each item\n|clearpoke\n|poke|p1|Gyarados, L50, M|\n|poke|p1|Arcanine, L50, M|\n|poke|p1|Dragonite, L50, F|\n|poke|p1|Flutter Mane, L50|\n|poke|p1|Volcarona, L50, F|\n|poke|p1|Chien-Pao, L50|\n|poke|p2|Chi-Yu, L50|\n|poke|p2|Maushold, L50|\n|poke|p2|Tauros-Paldea-Aqua, L50, M|\n|poke|p2|Torkoal, L50, F|\n|poke|p2|Meowscarada, L50, F|\n|poke|p2|Flutter Mane, L50|\n|teampreview|4\n|inactive|Battle timer is ON: inactive players will automatically lose when time's up. (requested by Ricardo Randorez)\n|\n|t:|1681830015\n|start\n|switch|p1a: Gyarados|Gyarados, L50, M|100\/100\n|switch|p1b: Arcanine|Arcanine, L50, M|100\/100\n|switch|p2a: Flutter Mane|Flutter Mane, L50|100\/100\n|switch|p2b: Maushold|Maushold, L50|100\/100\n|-ability|p1b: Arcanine|Intimidate|boost\n|-unboost|p2a: Flutter Mane|atk|1\n|-unboost|p2b: Maushold|atk|1\n|-enditem|p2a: Flutter Mane|Booster Energy\n|-activate|p2a: Flutter Mane|ability: Protosynthesis|[fromitem]\n|-start|p2a: Flutter Mane|protosynthesisspe\n|turn|1\n|\n|t:|1681830036\n|move|p1a: Gyarados|Protect|p1a: Gyarados\n|-singleturn|p1a: Gyarados|Protect\n|move|p2b: Maushold|Follow Me|p2b: Maushold\n|-singleturn|p2b: Maushold|move: Follow Me\n|move|p2a: Flutter Mane|Icy Wind|p1a: Gyarados|[spread] p1b\n|-activate|p1a: Gyarados|move: Protect\n|-resisted|p1b: Arcanine\n|-damage|p1b: Arcanine|93\/100\n|-unboost|p1b: Arcanine|spe|1\n|move|p1b: Arcanine|Snarl|p2a: Flutter Mane|[spread] p2a\n|-miss|p1b: Arcanine|p2b: Maushold\n|-damage|p2a: Flutter Mane|94\/100\n|-unboost|p2a: Flutter Mane|spa|1\n|\n|upkeep\n|turn|2\n|inactive|Chimeran has 30 seconds left.\n|inactive|Chimeran has 20 seconds left.\n|inactive|Chimeran has 15 seconds left.\n|inactive|Chimeran has 10 seconds left.\n|\n|t:|1681830082\n|-end|p2a: Flutter Mane|Protosynthesis|[silent]\n|switch|p2a: Tauros|Tauros-Paldea-Aqua, L50, M|100\/100\n|-ability|p2a: Tauros|Intimidate|boost\n|-fail|p1a: Gyarados|unboost|[from] item: Clear Amulet|[of] p1a: Gyarados\n|-unboost|p1b: Arcanine|atk|1\n|move|p2b: Maushold|Population Bomb|p1a: Gyarados\n|-damage|p1a: Gyarados|96\/100\n|-damage|p1a: Gyarados|91\/100\n|-damage|p1a: Gyarados|86\/100\n|-hitcount|p1a: Gyarados|3\n|move|p1a: Gyarados|Dragon Dance|p1a: Gyarados\n|-boost|p1a: Gyarados|atk|1\n|-boost|p1a: Gyarados|spe|1\n|move|p1b: Arcanine|Howl|p1b: Arcanine|[spread] p1a,p1b\n|-boost|p1a: Gyarados|atk|1\n|-boost|p1b: Arcanine|atk|1\n|\n|upkeep\n|turn|3\n|inactive|Ricardo Randorez has 30 seconds left.\n|inactive|Chimeran has 30 seconds left.\n|\n|t:|1681830120\n|switch|p1b: Dragonite|Dragonite, L50, F|100\/100\n|move|p2b: Maushold|Helping Hand|p2a: Tauros\n|-singleturn|p2a: Tauros|Helping Hand|[of] p2b: Maushold\n|move|p1a: Gyarados|Waterfall|p2b: Maushold\n|-damage|p2b: Maushold|5\/100\n|move|p2a: Tauros|Rock Slide|p1b: Dragonite|[spread] p1a,p1b\n|-supereffective|p1a: Gyarados\n|-supereffective|p1b: Dragonite\n|-damage|p1a: Gyarados|35\/100\n|-damage|p1b: Dragonite|59\/100\n|\n|upkeep\n|turn|4\n|\n|t:|1681830144\n|-terastallize|p1a: Gyarados|Flying\n|move|p2b: Maushold|Follow Me|p2b: Maushold\n|-singleturn|p2b: Maushold|move: Follow Me\n|move|p1b: Dragonite|Extreme Speed|p2b: Maushold\n|-damage|p2b: Maushold|0 fnt\n|faint|p2b: Maushold\n|move|p1a: Gyarados|Tera Blast|p2a: Tauros\n|-supereffective|p2a: Tauros\n|-damage|p2a: Tauros|0 fnt\n|faint|p2a: Tauros\n|-ability|p1a: Gyarados|Moxie|boost\n|-boost|p1a: Gyarados|atk|1\n|\n|upkeep\n|\n|t:|1681830156\n|switch|p2b: Chi-Yu|Chi-Yu, L50|100\/100\n|switch|p2a: Flutter Mane|Flutter Mane, L50|94\/100\n|-ability|p2b: Chi-Yu|Beads of Ruin\n|turn|5\n|\n|t:|1681830176\n|-terastallize|p2b: Chi-Yu|Flying\n|move|p1b: Dragonite|Extreme Speed|p2b: Chi-Yu\n|-damage|p2b: Chi-Yu|19\/100\n|move|p1a: Gyarados|Waterfall|p2a: Flutter Mane\n|-damage|p2a: Flutter Mane|0 fnt\n|faint|p2a: Flutter Mane\n|-end|p2a: Flutter Mane|Protosynthesis|[silent]\n|-ability|p1a: Gyarados|Moxie|boost\n|-boost|p1a: Gyarados|atk|1\n|move|p2b: Chi-Yu|Heat Wave|p1b: Dragonite|[spread] p1a,p1b\n|-resisted|p1b: Dragonite\n|-damage|p1a: Gyarados|0 fnt\n|-damage|p1b: Dragonite|27\/100\n|faint|p1a: Gyarados\n|-damage|p2b: Chi-Yu|9\/100|[from] item: Life Orb\n|\n|upkeep\n|\n|t:|1681830192\n|switch|p1a: Chien-Pao|Chien-Pao, L50|100\/100\n|-ability|p1a: Chien-Pao|Sword of Ruin\n|turn|6\n|\n|t:|1681830199\n|move|p1b: Dragonite|Extreme Speed|p2b: Chi-Yu\n|-damage|p2b: Chi-Yu|0 fnt\n|faint|p2b: Chi-Yu\n|\n|win|Ricardo Randorez\n|raw|Ricardo Randorez's rating: 1146 → 1173<\/strong> (+27 for winning)\n|raw|Chimeran's rating: 1173 → 1146<\/strong> (-27 for losing)\n","uploadtime":1681830205,"views":7,"p1id":"ricardorandorez","p2id":"chimeran","formatid":"gen9vgc2023regulationc","rating":1146,"private":0,"password":""}