{"id":"gen9vgc2023regulationc-1859223502","p1":"Pasodoble","p2":"pokequimico","format":"[Gen 9] VGC 2023 Regulation C","log":"|j|\u2606Pasodoble\n|j|\u2606pokequimico\n|t:|1683420214\n|gametype|doubles\n|player|p1|Pasodoble|2|1650\n|player|p2|pokequimico|red|1722\n|teamsize|p1|6\n|teamsize|p2|6\n|gen|9\n|tier|[Gen 9] VGC 2023 Regulation C\n|rated|\n|rule|Species Clause: Limit one of each Pok\u00e9mon\n|rule|Item Clause: Limit one of each item\n|clearpoke\n|poke|p1|Ceruledge, L50, F|\n|poke|p1|Gyarados, L50, F|\n|poke|p1|Ting-Lu, L50|\n|poke|p1|Flutter Mane, L50|\n|poke|p1|Amoonguss, L50, F|\n|poke|p1|Dragapult, L50, M|\n|poke|p2|Scream Tail, L50|\n|poke|p2|Ceruledge, L50, F|\n|poke|p2|Abomasnow, L50, M|\n|poke|p2|Iron Bundle, L50|\n|poke|p2|Azumarill, L50, M|\n|poke|p2|Chien-Pao, L50|\n|teampreview|4\nPasodoble has agreed to open team sheets.\n|j| xerntest\n|j| merah merona\n|inactive|Battle timer is ON: inactive players will automatically lose when time's up. (requested by pokequimico)\n|\n|t:|1683420248\n|start\n|switch|p1a: Frootloops|Ting-Lu, L50|100\/100\n|switch|p1b: Bountyhunter|Flutter Mane, L50|100\/100\n|switch|p2a: Iron Bundle|Iron Bundle, L50|100\/100\n|switch|p2b: Abomasnow|Abomasnow, L50, M|100\/100\n|-weather|Snow|[from] ability: Snow Warning|[of] p2b: Abomasnow\n|-ability|p1a: Frootloops|Vessel of Ruin\n|turn|1\n|\n|t:|1683420261\n|-terastallize|p1b: Bountyhunter|Fairy\n|move|p2a: Iron Bundle|Aurora Veil|p2a: Iron Bundle\n|-sidestart|p2: pokequimico|move: Aurora Veil\n|move|p1b: Bountyhunter|Dazzling Gleam|p2a: Iron Bundle|[spread] p2a,p2b\n|-damage|p2a: Iron Bundle|24\/100\n|-damage|p2b: Abomasnow|61\/100\n|move|p2b: Abomasnow|Blizzard|p1b: Bountyhunter|[spread] p1a,p1b\n|-supereffective|p1a: Frootloops\n|-damage|p1a: Frootloops|74\/100\n|-damage|p1b: Bountyhunter|73\/100\n|move|p1a: Frootloops|Heavy Slam|p2b: Abomasnow\n|-supereffective|p2b: Abomasnow\n|-crit|p2b: Abomasnow\n|-damage|p2b: Abomasnow|0 fnt\n|faint|p2b: Abomasnow\n|\n|-weather|Snow|[upkeep]\n|upkeep\n|\n|t:|1683420277\n|switch|p2b: Ceruledge|Ceruledge, L50, F|100\/100\n|turn|2\n|\n|t:|1683420294\n|-end|p1b: Bountyhunter|Protosynthesis|[silent]\n|switch|p1b: Roxas|Ceruledge, L50, F, shiny|100\/100\n|-terastallize|p2b: Ceruledge|Grass\n|move|p2a: Iron Bundle|Icy Wind|p1b: Roxas|[spread] p1a,p1b\n|-supereffective|p1a: Frootloops\n|-resisted|p1b: Roxas\n|-damage|p1a: Frootloops|60\/100\n|-damage|p1b: Roxas|94\/100\n|-unboost|p1a: Frootloops|spe|1\n|move|p2b: Ceruledge|Bitter Blade|p1b: Roxas\n|-start|p1b: Roxas|ability: Flash Fire\n|move|p1a: Frootloops|Payback|p2a: Iron Bundle\n|-damage|p2a: Iron Bundle|0 fnt\n|faint|p2a: Iron Bundle\n|-end|p2a: Iron Bundle|Quark Drive|[silent]\n|\n|-weather|Snow|[upkeep]\n|upkeep\n|\n|t:|1683420298\n|switch|p2a: Scream Tail|Scream Tail, L50, shiny|100\/100\n|-enditem|p2a: Scream Tail|Booster Energy\n|-activate|p2a: Scream Tail|ability: Protosynthesis|[fromitem]\n|-start|p2a: Scream Tail|protosynthesisspe\n|turn|3\n|\n|t:|1683420317\n|move|p2a: Scream Tail|Howl|p2a: Scream Tail|[spread] p2a,p2b\n|-boost|p2a: Scream Tail|atk|1\n|-boost|p2b: Ceruledge|atk|1\n|move|p2b: Ceruledge|Tera Blast|p1a: Frootloops\n|-supereffective|p1a: Frootloops\n|-damage|p1a: Frootloops|0 fnt\n|faint|p1a: Frootloops\n|move|p1b: Roxas|Bulk Up|p1b: Roxas\n|-boost|p1b: Roxas|atk|1\n|-boost|p1b: Roxas|def|1\n|\n|-weather|Snow|[upkeep]\n|upkeep\n|\n|t:|1683420339\n|switch|p1a: Bountyhunter|Flutter Mane, L50, tera:Fairy|73\/100\n|turn|4\n|\n|t:|1683420348\n|move|p1b: Roxas|Shadow Sneak|p2b: Ceruledge\n|-damage|p2b: Ceruledge|80\/100\n|move|p2a: Scream Tail|Thunder Wave|p1a: Bountyhunter\n|-status|p1a: Bountyhunter|par\n|move|p2b: Ceruledge|Bitter Blade|p1a: Bountyhunter\n|-damage|p1a: Bountyhunter|0 fnt\n|-heal|p2b: Ceruledge|100\/100|[from] drain|[of] p1a: Bountyhunter\n|faint|p1a: Bountyhunter\n|-end|p1a: Bountyhunter|Protosynthesis|[silent]\n|\n|-weather|Snow|[upkeep]\n|upkeep\n|\n|t:|1683420355\n|switch|p1a: Leviathan|Gyarados, L50, F, shiny|100\/100\n|-ability|p1a: Leviathan|Intimidate|boost\n|-unboost|p2a: Scream Tail|atk|1\n|-unboost|p2b: Ceruledge|atk|1\n|turn|5\n|\n|t:|1683420372\n|move|p2a: Scream Tail|Howl|p2a: Scream Tail|[spread] p2a,p2b\n|-boost|p2a: Scream Tail|atk|1\n|-boost|p2b: Ceruledge|atk|1\n|move|p2b: Ceruledge|Tera Blast|p1a: Leviathan\n|-damage|p1a: Leviathan|45\/100\n|move|p1b: Roxas|Bulk Up|p1b: Roxas\n|-boost|p1b: Roxas|atk|1\n|-boost|p1b: Roxas|def|1\n|move|p1a: Leviathan|Taunt|p2a: Scream Tail\n|-start|p2a: Scream Tail|move: Taunt\n|\n|-weather|none\n|upkeep\n|turn|6\n|\n|t:|1683420394\n|move|p1a: Leviathan|Helping Hand|p1b: Roxas\n|-singleturn|p1b: Roxas|Helping Hand|[of] p1a: Leviathan\n|move|p2a: Scream Tail|Psychic Fangs|p1b: Roxas\n|-damage|p1b: Roxas|74\/100\n|move|p2b: Ceruledge|Tera Blast|p1a: Leviathan\n|-damage|p1a: Leviathan|0 fnt\n|faint|p1a: Leviathan\n|move|p1b: Roxas|Bitter Blade|p2a: Scream Tail\n|-crit|p2a: Scream Tail\n|-damage|p2a: Scream Tail|0 fnt\n|-heal|p1b: Roxas|100\/100|[from] drain|[of] p2a: Scream Tail\n|faint|p2a: Scream Tail\n|-end|p2a: Scream Tail|Protosynthesis|[silent]\n|\n|upkeep\n|turn|7\n|\n|t:|1683420415\n|move|p2b: Ceruledge|Shadow Sneak|p1b: Roxas\n|-supereffective|p1b: Roxas\n|-damage|p1b: Roxas|68\/100\n|move|p1b: Roxas|Shadow Sneak|p2b: Ceruledge\n|-damage|p2b: Ceruledge|67\/100\n|\n|upkeep\n|turn|8\n|\n|t:|1683420425\n|move|p2b: Ceruledge|Shadow Sneak|p1b: Roxas\n|-supereffective|p1b: Roxas\n|-damage|p1b: Roxas|33\/100\n|move|p1b: Roxas|Shadow Sneak|p2b: Ceruledge\n|-damage|p2b: Ceruledge|38\/100\n|\n|-sideend|p2: pokequimico|move: Aurora Veil\n|upkeep\n|turn|9\n|\n|t:|1683420431\n|move|p2b: Ceruledge|Shadow Sneak|p1b: Roxas\n|-supereffective|p1b: Roxas\n|-damage|p1b: Roxas|0 fnt\n|faint|p1b: Roxas\n|\n|win|pokequimico\n|raw|Pasodoble's rating: 1650 → 1634<\/strong> (-16 for losing)\n|raw|pokequimico's rating: 1722 → 1738<\/strong> (+16 for winning)\n|l|\u2606Pasodoble\n","uploadtime":1683420439,"views":5,"p1id":"pasodoble","p2id":"pokequimico","formatid":"gen9vgc2023regulationc","rating":1634,"private":0,"password":""}