{"id":"gen9vgc2023regulationc-1846188089","p1":"kokialcazar","p2":"shrekvenus","format":"[Gen 9] VGC 2023 Regulation C","log":"|j|\u2606kokialcazar\n|j|\u2606shrekvenus\n|t:|1681819053\n|gametype|doubles\n|player|p1|kokialcazar|morty|1108\n|player|p2|shrekvenus|erika|1035\n|teamsize|p1|4\n|teamsize|p2|6\n|gen|9\n|tier|[Gen 9] VGC 2023 Regulation C\n|rated|\n|rule|Species Clause: Limit one of each Pok\u00e9mon\n|rule|Item Clause: Limit one of each item\n|clearpoke\n|poke|p1|Annihilape, L50, M|\n|poke|p1|Sableye, L50, M|\n|poke|p1|Flutter Mane, L50|\n|poke|p1|Dragapult, L50, M|\n|poke|p2|Flutter Mane, L50|\n|poke|p2|Jumpluff, L50, F|\n|poke|p2|Torkoal, L50, M|\n|poke|p2|Gyarados, L50, F|\n|poke|p2|Dragapult, L50, M|\n|poke|p2|Chien-Pao, L50|\n|teampreview|4\n|inactive|Battle timer is ON: inactive players will automatically lose when time's up. (requested by shrekvenus)\n|\n|t:|1681819069\n|start\n|switch|p1a: Flutter Mane|Flutter Mane, L50, shiny|100\/100\n|switch|p1b: Sableye|Sableye, L50, M, shiny|100\/100\n|switch|p2a: Fiji|Torkoal, L50, M|100\/100\n|switch|p2b: H&M|Jumpluff, L50, F, shiny|100\/100\n|-weather|SunnyDay|[from] ability: Drought|[of] p2a: Fiji\n|-activate|p1a: Flutter Mane|ability: Protosynthesis\n|-start|p1a: Flutter Mane|protosynthesisspe\n|turn|1\n|\n|t:|1681819092\n|move|p1b: Sableye|Fake Out|p2a: Fiji\n|-damage|p2a: Fiji|94\/100\n|move|p2b: H&M|Tailwind|p2b: H&M\n|-sidestart|p2: shrekvenus|move: Tailwind\n|move|p1a: Flutter Mane|Moonblast|p2b: H&M\n|-damage|p2b: H&M|30\/100\n|-damage|p1a: Flutter Mane|91\/100|[from] item: Life Orb\n|cant|p2a: Fiji|flinch\n|\n|-weather|SunnyDay|[upkeep]\n|upkeep\n|turn|2\n|\n|t:|1681819112\n|move|p1b: Sableye|Quash|p2b: H&M\n|-activate|p2b: H&M|move: Quash\n|move|p1a: Flutter Mane|Moonblast|p2a: Fiji\n|-resisted|p2a: Fiji\n|-damage|p2a: Fiji|50\/100\n|-unboost|p2a: Fiji|spa|1\n|-damage|p1a: Flutter Mane|81\/100|[from] item: Life Orb\n|move|p2a: Fiji|Heat Wave|p1a: Flutter Mane|[spread] p1a,p1b\n|-damage|p1a: Flutter Mane|39\/100\n|-damage|p1b: Sableye|50\/100\n|-enditem|p1b: Sableye|Eject Button\n|\n|t:|1681819131\n|switch|p1b: Annihilape|Annihilape, L50, M, shiny|100\/100\n|move|p2b: H&M|Leaf Storm|p1a: Flutter Mane\n|-damage|p1a: Flutter Mane|6\/100\n|-unboost|p2b: H&M|spa|2\n|\n|-weather|SunnyDay|[upkeep]\n|upkeep\n|turn|3\n|\n|t:|1681819162\n|-terastallize|p1b: Annihilape|Fire\n|move|p1a: Flutter Mane|Protect|p1a: Flutter Mane\n|-singleturn|p1a: Flutter Mane|Protect\n|move|p2b: H&M|Leaf Storm|p1a: Flutter Mane\n|-activate|p1a: Flutter Mane|move: Protect\n|move|p1b: Annihilape|Poison Jab|p2b: H&M\n|-supereffective|p2b: H&M\n|-damage|p2b: H&M|0 fnt\n|faint|p2b: H&M\n|move|p2a: Fiji|Overheat|p1b: Annihilape\n|-resisted|p1b: Annihilape\n|-damage|p1b: Annihilape|79\/100\n|-unboost|p2a: Fiji|spa|2\n|\n|-weather|SunnyDay|[upkeep]\n|upkeep\n|\n|t:|1681819169\n|switch|p2b: Spirit|Dragapult, L50, M|100\/100\n|turn|4\n|inactive|kokialcazar has 30 seconds left.\n|\n|t:|1681819201\n|-end|p1a: Flutter Mane|Protosynthesis|[silent]\n|switch|p1a: Sableye|Sableye, L50, M, shiny|50\/100\n|switch|p2a: I wanted Arcanine|Gyarados, L50, F|100\/100\n|-ability|p2a: I wanted Arcanine|Intimidate|boost\n|-unboost|p1a: Sableye|atk|1\n|-unboost|p1b: Annihilape|atk|1\n|-ability|p1b: Annihilape|Defiant|boost\n|-boost|p1b: Annihilape|atk|2\n|move|p2b: Spirit|U-turn|p1a: Sableye\n|-damage|p1a: Sableye|8\/100\n|\n|t:|1681819210\n|switch|p2b: Fiji|Torkoal, L50, M|50\/100|[from] U-turn\n|move|p1b: Annihilape|Rage Fist|p2b: Fiji\n|-damage|p2b: Fiji|0 fnt\n|faint|p2b: Fiji\n|\n|-weather|SunnyDay|[upkeep]\n|-sideend|p2: shrekvenus|move: Tailwind\n|upkeep\n|\n|t:|1681819214\n|switch|p2b: Spirit|Dragapult, L50, M|100\/100\n|turn|5\n|inactive|kokialcazar has 30 seconds left.\n|inactive|kokialcazar has 20 seconds left.\n|\n|t:|1681819250\n|-terastallize|p2b: Spirit|Fire\n|move|p1a: Sableye|Fake Out|p2a: I wanted Arcanine\n|-damage|p2a: I wanted Arcanine|95\/100\n|move|p2b: Spirit|Tera Blast|p1a: Sableye\n|-damage|p1a: Sableye|0 fnt\n|faint|p1a: Sableye\n|move|p1b: Annihilape|Rage Fist|p2b: Spirit\n|-damage|p2b: Spirit|0 fnt\n|faint|p2b: Spirit\n|cant|p2a: I wanted Arcanine|flinch\n|\n|-weather|none\n|upkeep\n|-message|shrekvenus forfeited.\n|\n|win|kokialcazar\n|raw|kokialcazar's rating: 1108 → 1128<\/strong> (+20 for winning)\n|raw|shrekvenus's rating: 1035 → 1023<\/strong> (-12 for losing)\n|l|\u2606shrekvenus\n","uploadtime":1681819275,"views":7,"p1id":"kokialcazar","p2id":"shrekvenus","formatid":"gen9vgc2023regulationc","rating":1023,"private":0,"password":""}