{"id":"gen9vgc2023regulationc-1855731876","p1":"goodrisotto","p2":"Felipe.Miller.V","format":"[Gen 9] VGC 2023 Regulation C","log":"|j|\u2606goodrisotto\n|j|\u2606Felipe.Miller.V\n|t:|1682977814\n|gametype|doubles\n|player|p1|goodrisotto|266|1309\n|player|p2|Felipe.Miller.V|170|1284\n|teamsize|p1|6\n|teamsize|p2|6\n|gen|9\n|tier|[Gen 9] VGC 2023 Regulation C\n|rated|\n|rule|Species Clause: Limit one of each Pok\u00e9mon\n|rule|Item Clause: Limit one of each item\n|clearpoke\n|poke|p1|Hydreigon, L50, M|\n|poke|p1|Annihilape, L50, M|\n|poke|p1|Gholdengo, L50|\n|poke|p1|Iron Bundle, L50|\n|poke|p1|Amoonguss, L50, F|\n|poke|p1|Garganacl, L50, M|\n|poke|p2|Bruxish, L50, F|\n|poke|p2|Copperajah, L50, M|\n|poke|p2|Sylveon, L50, M|\n|poke|p2|Appletun, L50, M|\n|poke|p2|Heracross, L50, F|\n|poke|p2|Oranguru, L50, F|\n|teampreview|4\n|\n|t:|1682977835\n|start\n|switch|p1a: Garganacl|Garganacl, L50, M|100\/100\n|switch|p1b: Amoonguss|Amoonguss, L50, F|100\/100\n|switch|p2a: Sylveon|Sylveon, L50, M, shiny|100\/100\n|switch|p2b: Oranguru|Oranguru, L50, F, shiny|100\/100\n|turn|1\n|\n|t:|1682977857\n|-terastallize|p2a: Sylveon|Grass\n|move|p1a: Garganacl|Wide Guard|p1a: Garganacl\n|-singleturn|p1a: Garganacl|Wide Guard\n|move|p2a: Sylveon|Hyper Voice|p1b: Amoonguss|[spread] \n|-activate|p1a: Garganacl|move: Wide Guard\n|-activate|p1b: Amoonguss|move: Wide Guard\n|move|p1b: Amoonguss|Spore|p2a: Sylveon\n|-immune|p2a: Sylveon\n|move|p2b: Oranguru|Trick Room|p2b: Oranguru\n|-fieldstart|move: Trick Room|[of] p2b: Oranguru\n|\n|upkeep\n|turn|2\n|\n|t:|1682977893\n|switch|p2a: Copperajah|Copperajah, L50, M|100\/100\n|switch|p2b: Appletun|Appletun, L50, M, shiny|100\/100\n|move|p1a: Garganacl|Wide Guard|p1a: Garganacl\n|-singleturn|p1a: Garganacl|Wide Guard\n|move|p1b: Amoonguss|Spore|p2b: Appletun\n|-immune|p2b: Appletun\n|\n|upkeep\n|turn|3\n|\n|t:|1682977911\n|move|p2b: Appletun|Dragon Pulse|p1b: Amoonguss\n|-damage|p1b: Amoonguss|68\/100\n|move|p2a: Copperajah|Zen Headbutt|p1b: Amoonguss\n|-supereffective|p1b: Amoonguss\n|-damage|p1b: Amoonguss|0 fnt\n|faint|p1b: Amoonguss\n|move|p1a: Garganacl|Salt Cure|p2a: Copperajah\n|-resisted|p2a: Copperajah\n|-damage|p2a: Copperajah|94\/100\n|-start|p2a: Copperajah|Salt Cure\n|\n|-damage|p2a: Copperajah|69\/100|[from] Salt Cure\n|upkeep\n|\n|t:|1682977924\n|switch|p1b: Iron Bundle|Iron Bundle, L50|100\/100\n|turn|4\n|\n|t:|1682977938\n|move|p2b: Appletun|Apple Acid|p1b: Iron Bundle\n|-supereffective|p1b: Iron Bundle\n|-enditem|p1b: Iron Bundle|Focus Sash\n|-damage|p1b: Iron Bundle|1\/100\n|-unboost|p1b: Iron Bundle|spd|1\n|move|p2a: Copperajah|Iron Head|p1a: Garganacl\n|-supereffective|p1a: Garganacl\n|-damage|p1a: Garganacl|0 fnt\n|faint|p1a: Garganacl\n|move|p1b: Iron Bundle|Icy Wind|p2b: Appletun|[spread] p2a,p2b\n|-resisted|p2a: Copperajah\n|-supereffective|p2b: Appletun\n|-damage|p2a: Copperajah|59\/100\n|-damage|p2b: Appletun|71\/100\n|-unboost|p2a: Copperajah|spe|1\n|-unboost|p2b: Appletun|spe|1\n|\n|-damage|p2a: Copperajah|34\/100|[from] Salt Cure\n|upkeep\n|\n|t:|1682977955\n|switch|p1a: Hydreigon|Hydreigon, L50, M|100\/100\n|turn|5\n|inactive|Battle timer is ON: inactive players will automatically lose when time's up. (requested by Felipe.Miller.V)\n|\n|t:|1682977989\n|move|p1b: Iron Bundle|Protect|p1b: Iron Bundle\n|-singleturn|p1b: Iron Bundle|Protect\n|move|p2a: Copperajah|Rock Slide|p1a: Hydreigon|[spread] p1a\n|-activate|p1b: Iron Bundle|move: Protect\n|-damage|p1a: Hydreigon|59\/100\n|move|p2b: Appletun|Dragon Pulse|p1a: Hydreigon\n|-supereffective|p1a: Hydreigon\n|-crit|p1a: Hydreigon\n|-damage|p1a: Hydreigon|0 fnt\n|faint|p1a: Hydreigon\n|\n|-damage|p2a: Copperajah|9\/100|[from] Salt Cure\n|-fieldend|move: Trick Room\n|upkeep\n|turn|6\n|\n|t:|1682978010\n|switch|p2a: Oranguru|Oranguru, L50, F, shiny|100\/100\n|-terastallize|p1b: Iron Bundle|Water\n|move|p2b: Appletun|Sucker Punch|p1b: Iron Bundle\n|-damage|p1b: Iron Bundle|0 fnt\n|faint|p1b: Iron Bundle\n|-end|p1b: Iron Bundle|Quark Drive|[silent]\n|\n|win|Felipe.Miller.V\n|raw|goodrisotto's rating: 1309 → 1288<\/strong> (-21 for losing)\n|raw|Felipe.Miller.V's rating: 1284 → 1311<\/strong> (+27 for winning)\n|l|\u2606goodrisotto\n","uploadtime":1682978020,"views":16,"p1id":"goodrisotto","p2id":"felipemillerv","formatid":"gen9vgc2023regulationc","rating":1288,"private":0,"password":""}