{"id":"gen9vgc2023regulationc-1864239998","p1":"M4tty02","p2":"Wow_Yangg","format":"[Gen 9] VGC 2023 Regulation C","log":"|j|\u2606M4tty02\n|j|\u2606Wow_Yangg\n|t:|1684142780\n|gametype|doubles\n|player|p1|M4tty02|emmet|1354\n|player|p2|Wow_Yangg|fisherman-gen4|1413\n|teamsize|p1|6\n|teamsize|p2|6\n|gen|9\n|tier|[Gen 9] VGC 2023 Regulation C\n|rated|\n|rule|Species Clause: Limit one of each Pok\u00e9mon\n|rule|Item Clause: Limit one of each item\n|clearpoke\n|poke|p1|Chi-Yu, L50|\n|poke|p1|Flutter Mane, L50|\n|poke|p1|Amoonguss, L50, F|\n|poke|p1|Iron Hands, L50|\n|poke|p1|Palafin, L50, F|\n|poke|p1|Arcanine, L50, M|\n|poke|p2|Abomasnow, L50, M|\n|poke|p2|Iron Bundle, L50|\n|poke|p2|Vivillon-Fancy, L50, F|\n|poke|p2|Ting-Lu, L50|\n|poke|p2|Chien-Pao, L50|\n|poke|p2|Annihilape, L50, M|\n|teampreview|4\nM4tty02 has agreed to open team sheets.\n|\n|t:|1684142820\n|start\n|switch|p1a: Chi-Yu|Chi-Yu, L50|100\/100\n|switch|p1b: Iron Hands|Iron Hands, L50|100\/100\n|switch|p2a: Iron Bundle|Iron Bundle, L50|100\/100\n|switch|p2b: Abomasnow|Abomasnow, L50, M|100\/100\n|-ability|p1a: Chi-Yu|Beads of Ruin\n|-weather|Snow|[from] ability: Snow Warning|[of] p2b: Abomasnow\n|-enditem|p2a: Iron Bundle|Booster Energy\n|-activate|p2a: Iron Bundle|ability: Quark Drive|[fromitem]\n|-start|p2a: Iron Bundle|quarkdrivespe\n|turn|1\n|inactive|Battle timer is ON: inactive players will automatically lose when time's up. (requested by Wow_Yangg)\n|\n|t:|1684142841\n|switch|p2b: Ting-Lu|Ting-Lu, L50|100\/100\n|-ability|p2b: Ting-Lu|Vessel of Ruin\n|move|p2a: Iron Bundle|Protect|p2a: Iron Bundle\n|-singleturn|p2a: Iron Bundle|Protect\n|move|p1b: Iron Hands|Fake Out|p2a: Iron Bundle\n|-activate|p2a: Iron Bundle|move: Protect\n|move|p1a: Chi-Yu|Heat Wave|p2b: Ting-Lu|[spread] p2b\n|-activate|p2a: Iron Bundle|move: Protect\n|-damage|p2b: Ting-Lu|67\/100\n|\n|-weather|Snow|[upkeep]\n|upkeep\n|turn|2\n|\n|t:|1684142859\n|-terastallize|p1a: Chi-Yu|Grass\n|move|p2a: Iron Bundle|Aurora Veil|p2a: Iron Bundle\n|-sidestart|p2: Wow_Yangg|move: Aurora Veil\n|move|p1a: Chi-Yu|Heat Wave|p2a: Iron Bundle|[spread] p2a,p2b\n|-damage|p2a: Iron Bundle|61\/100\n|-damage|p2b: Ting-Lu|46\/100\n|move|p2b: Ting-Lu|Earthquake|p1b: Iron Hands|[spread] p2a,p1a,p1b\n|-resisted|p1a: Chi-Yu\n|-supereffective|p1b: Iron Hands\n|-damage|p2a: Iron Bundle|33\/100\n|-damage|p1a: Chi-Yu|52\/100\n|-damage|p1b: Iron Hands|17\/100\n|move|p1b: Iron Hands|Drain Punch|p2b: Ting-Lu\n|-supereffective|p2b: Ting-Lu\n|-damage|p2b: Ting-Lu|17\/100\n|-heal|p1b: Iron Hands|32\/100|[from] drain|[of] p2b: Ting-Lu\n|\n|-weather|Snow|[upkeep]\n|upkeep\n|turn|3\n|inactive|M4tty02 has 30 seconds left.\n|inactive|M4tty02 has 20 seconds left.\n|\n|t:|1684142897\n|switch|p2b: Abomasnow|Abomasnow, L50, M|100\/100\n|-end|p1b: Iron Hands|Quark Drive|[silent]\n|switch|p1b: Palafin|Palafin, L50, F, shiny|100\/100\n|move|p2a: Iron Bundle|Blizzard|p1b: Palafin|[spread] p1a,p1b\n|-supereffective|p1a: Chi-Yu\n|-resisted|p1b: Palafin\n|-damage|p1a: Chi-Yu|0 fnt\n|-damage|p1b: Palafin|68\/100\n|-status|p1b: Palafin|frz\n|faint|p1a: Chi-Yu\n|\n|-weather|Snow|[upkeep]\n|upkeep\n|\n|t:|1684142911\n|switch|p1a: Iron Hands|Iron Hands, L50|32\/100\n|turn|4\n|\n|t:|1684142920\n|detailschange|p1b: Palafin|Palafin-Hero, L50, F, shiny\n|switch|p1b: Flutter Mane|Flutter Mane, L50|100\/100\n|-enditem|p1b: Flutter Mane|Booster Energy\n|-activate|p1b: Flutter Mane|ability: Protosynthesis|[fromitem]\n|-start|p1b: Flutter Mane|protosynthesisspa\n|move|p1a: Iron Hands|Fake Out|p2b: Abomasnow\n|-damage|p2b: Abomasnow|94\/100\n|move|p2a: Iron Bundle|Blizzard|p1a: Iron Hands|[spread] p1a,p1b\n|-damage|p1a: Iron Hands|14\/100\n|-damage|p1b: Flutter Mane|68\/100\n|-status|p1a: Iron Hands|frz\n|cant|p2b: Abomasnow|flinch\n|\n|-weather|Snow|[upkeep]\n|upkeep\n|turn|5\n|\n|t:|1684142944\n|move|p2b: Abomasnow|Helping Hand|p2a: Iron Bundle\n|-singleturn|p2a: Iron Bundle|Helping Hand|[of] p2b: Abomasnow\n|move|p2a: Iron Bundle|Blizzard|p1a: Iron Hands|[spread] p1a,p1b\n|-damage|p1a: Iron Hands|0 fnt\n|-damage|p1b: Flutter Mane|20\/100\n|faint|p1a: Iron Hands\n|-end|p1a: Iron Hands|Quark Drive|[silent]\n|move|p1b: Flutter Mane|Dazzling Gleam|p2b: Abomasnow|[spread] p2a,p2b\n|-damage|p2a: Iron Bundle|0 fnt\n|-damage|p2b: Abomasnow|64\/100\n|faint|p2a: Iron Bundle\n|-end|p2a: Iron Bundle|Quark Drive|[silent]\n|\n|-weather|none\n|upkeep\n|\n|t:|1684142951\n|switch|p2a: Vivillon|Vivillon-Fancy, L50, F|100\/100\n|switch|p1a: Palafin|Palafin-Hero, L50, F, shiny|68\/100 frz\n|-activate|p1a: Palafin|ability: Zero to Hero\n|turn|6\n|\n|t:|1684142960\n|move|p1b: Flutter Mane|Protect|p1b: Flutter Mane\n|-singleturn|p1b: Flutter Mane|Protect\n|move|p2a: Vivillon|Protect|p2a: Vivillon\n|-singleturn|p2a: Vivillon|Protect\n|-curestatus|p1a: Palafin|frz|[msg]\n|move|p1a: Palafin|Protect|p1a: Palafin\n|-singleturn|p1a: Palafin|Protect\n|move|p2b: Abomasnow|Energy Ball|p1a: Palafin\n|-activate|p1a: Palafin|move: Protect\n|\n|-sideend|p2: Wow_Yangg|move: Aurora Veil\n|upkeep\n|turn|7\n|\n|t:|1684142983\n|switch|p2b: Ting-Lu|Ting-Lu, L50|17\/100\n|-ability|p2b: Ting-Lu|Vessel of Ruin\n|move|p1a: Palafin|Jet Punch|p2a: Vivillon\n|-enditem|p2a: Vivillon|Focus Sash\n|-damage|p2a: Vivillon|1\/100\n|move|p1b: Flutter Mane|Dazzling Gleam|p2a: Vivillon|[spread] p2a,p2b\n|-supereffective|p2b: Ting-Lu\n|-damage|p2a: Vivillon|0 fnt\n|-damage|p2b: Ting-Lu|0 fnt\n|faint|p2a: Vivillon\n|faint|p2b: Ting-Lu\n|\n|upkeep\n|\n|t:|1684142990\n|switch|p2b: Abomasnow|Abomasnow, L50, M|64\/100\n|-weather|Snow|[from] ability: Snow Warning|[of] p2b: Abomasnow\n|turn|8\n|\n|t:|1684143002\n|move|p1b: Flutter Mane|Moonblast|p2b: Abomasnow\n|-damage|p2b: Abomasnow|0 fnt\n|faint|p2b: Abomasnow\n|\n|win|M4tty02\n|raw|M4tty02's rating: 1354 → 1377<\/strong> (+23 for winning)\n|raw|Wow_Yangg's rating: 1413 → 1390<\/strong> (-23 for losing)\n|l|\u2606Wow_Yangg\n","uploadtime":1684143012,"views":9,"p1id":"m4tty02","p2id":"wowyangg","formatid":"gen9vgc2023regulationc","rating":1377,"private":0,"password":""}