{"id":"gen9vgc2023regulationc-1863305372","p1":"TuskSimp","p2":"revocolombia","format":"[Gen 9] VGC 2023 Regulation C","log":"|j|\u2606TuskSimp\n|j|\u2606revocolombia\n|t:|1684000307\n|gametype|doubles\n|player|p1|TuskSimp|caitlin|1289\n|player|p2|revocolombia|pokemonranger-gen4|1283\n|teamsize|p1|6\n|teamsize|p2|6\n|gen|9\n|tier|[Gen 9] VGC 2023 Regulation C\n|rated|\n|rule|Species Clause: Limit one of each Pok\u00e9mon\n|rule|Item Clause: Limit one of each item\n|clearpoke\n|poke|p1|Jumpluff, L50, F|\n|poke|p1|Great Tusk, L50|\n|poke|p1|Flutter Mane, L50|\n|poke|p1|Torkoal, L50, F|\n|poke|p1|Chien-Pao, L50|\n|poke|p1|Kingambit, L50, F|\n|poke|p2|Flutter Mane, L50|\n|poke|p2|Annihilape, L50, F|\n|poke|p2|Dragonite, L50, M|\n|poke|p2|Chien-Pao, L50|\n|poke|p2|Murkrow, L50, M|\n|poke|p2|Gholdengo, L50|\n|teampreview|4\n|\n|t:|1684000321\n|start\n|switch|p1a: Jumpluff|Jumpluff, L50, F, shiny|100\/100\n|switch|p1b: Torkoal|Torkoal, L50, F, shiny|100\/100\n|switch|p2a: Annihilape|Annihilape, L50, F|100\/100\n|switch|p2b: Murkrow|Murkrow, L50, M|100\/100\n|-weather|SunnyDay|[from] ability: Drought|[of] p1b: Torkoal\n|turn|1\n|\n|t:|1684000340\n|-terastallize|p2a: Annihilape|Fire\n|move|p2b: Murkrow|Taunt|p1a: Jumpluff\n|-start|p1a: Jumpluff|move: Taunt\n|cant|p1a: Jumpluff|move: Taunt|Tailwind\n|move|p2a: Annihilape|Bulk Up|p2a: Annihilape\n|-boost|p2a: Annihilape|atk|1\n|-boost|p2a: Annihilape|def|1\n|move|p1b: Torkoal|Yawn|p2a: Annihilape\n|-start|p2a: Annihilape|move: Yawn|[of] p1b: Torkoal\n|\n|-weather|SunnyDay|[upkeep]\n|upkeep\n|turn|2\n|\n|t:|1684000375\n|switch|p1a: Great Tusk|Great Tusk, L50, shiny|100\/100\n|-activate|p1a: Great Tusk|ability: Protosynthesis\n|-start|p1a: Great Tusk|protosynthesisatk\n|move|p2b: Murkrow|Tailwind|p2b: Murkrow\n|-sidestart|p2: revocolombia|move: Tailwind\n|move|p2a: Annihilape|Bulk Up|p2a: Annihilape\n|-boost|p2a: Annihilape|atk|1\n|-boost|p2a: Annihilape|def|1\n|move|p1b: Torkoal|Overheat|p2b: Murkrow\n|-damage|p2b: Murkrow|44\/100\n|-unboost|p1b: Torkoal|spa|2\n|-enditem|p1b: Torkoal|Eject Pack\n|\n|t:|1684000389\n|switch|p1b: Flutter Mane|Flutter Mane, L50, shiny|100\/100\n|-activate|p1b: Flutter Mane|ability: Protosynthesis\n|-start|p1b: Flutter Mane|protosynthesisspe\n|\n|-weather|SunnyDay|[upkeep]\n|-end|p2a: Annihilape|move: Yawn|[silent]\n|-status|p2a: Annihilape|slp\n|upkeep\n|turn|3\n|\n|t:|1684000421\n|move|p1b: Flutter Mane|Shadow Ball|p2a: Annihilape\n|-damage|p2a: Annihilape|46\/100 slp\n|cant|p2a: Annihilape|slp\n|move|p1a: Great Tusk|Headlong Rush|p2a: Annihilape\n|-supereffective|p2a: Annihilape\n|-damage|p2a: Annihilape|0 fnt\n|-unboost|p1a: Great Tusk|def|1\n|-unboost|p1a: Great Tusk|spd|1\n|faint|p2a: Annihilape\n|move|p2b: Murkrow|Foul Play|p1b: Flutter Mane\n|-damage|p1b: Flutter Mane|74\/100\n|\n|-weather|SunnyDay|[upkeep]\n|upkeep\n|\n|t:|1684000434\n|switch|p2a: Flutter Mane|Flutter Mane, L50|100\/100\n|-activate|p2a: Flutter Mane|ability: Protosynthesis\n|-start|p2a: Flutter Mane|protosynthesisspe\n|turn|4\n|\n|t:|1684000443\n|switch|p2b: Dragonite|Dragonite, L50, M|100\/100\n|move|p2a: Flutter Mane|Dazzling Gleam|p1b: Flutter Mane|[spread] p1a,p1b\n|-supereffective|p1a: Great Tusk\n|-damage|p1a: Great Tusk|0 fnt\n|-damage|p1b: Flutter Mane|40\/100\n|faint|p1a: Great Tusk\n|-end|p1a: Great Tusk|Protosynthesis|[silent]\n|move|p1b: Flutter Mane|Shadow Ball|p2b: Dragonite\n|-damage|p2b: Dragonite|68\/100\n|-unboost|p2b: Dragonite|spd|1\n|\n|-weather|SunnyDay|[upkeep]\n|upkeep\n|\n|t:|1684000451\n|switch|p1a: Jumpluff|Jumpluff, L50, F, shiny|100\/100\n|turn|5\n|\n|t:|1684000471\n|-end|p1b: Flutter Mane|Protosynthesis|[silent]\n|switch|p1b: Torkoal|Torkoal, L50, F, shiny|100\/100\n|move|p2a: Flutter Mane|Dazzling Gleam|p1b: Torkoal|[spread] p1a,p1b\n|-resisted|p1b: Torkoal\n|-damage|p1a: Jumpluff|68\/100\n|-damage|p1b: Torkoal|84\/100\n|move|p1a: Jumpluff|Tailwind|p1a: Jumpluff\n|-sidestart|p1: TuskSimp|move: Tailwind\n|move|p2b: Dragonite|Dragon Dance|p2b: Dragonite\n|-boost|p2b: Dragonite|atk|1\n|-boost|p2b: Dragonite|spe|1\n|\n|-weather|none\n|-end|p2a: Flutter Mane|Protosynthesis\n|-sideend|p2: revocolombia|move: Tailwind\n|upkeep\n|-enditem|p2a: Flutter Mane|Booster Energy\n|-activate|p2a: Flutter Mane|ability: Protosynthesis|[fromitem]\n|-start|p2a: Flutter Mane|protosynthesisspe\n|turn|6\n|\n|t:|1684000496\n|move|p2b: Dragonite|Extreme Speed|p1a: Jumpluff\n|-damage|p1a: Jumpluff|10\/100\n|move|p1a: Jumpluff|Sleep Powder|p2b: Dragonite\n|-status|p2b: Dragonite|slp|[from] move: Sleep Powder\n|-enditem|p2b: Dragonite|Lum Berry|[eat]\n|-curestatus|p2b: Dragonite|slp|[msg]\n|move|p2a: Flutter Mane|Dazzling Gleam|p1a: Jumpluff|[spread] p1a,p1b\n|-resisted|p1b: Torkoal\n|-damage|p1a: Jumpluff|0 fnt\n|-damage|p1b: Torkoal|67\/100\n|faint|p1a: Jumpluff\n|move|p1b: Torkoal|Yawn|p2a: Flutter Mane\n|-start|p2a: Flutter Mane|move: Yawn|[of] p1b: Torkoal\n|\n|upkeep\n|\n|t:|1684000542\n|switch|p1a: Flutter Mane|Flutter Mane, L50, shiny|40\/100\n|turn|7\n|\n|t:|1684000558\n|-end|p2a: Flutter Mane|Protosynthesis|[silent]\n|switch|p2a: Murkrow|Murkrow, L50, M|44\/100\n|move|p1b: Torkoal|Helping Hand|p1a: Flutter Mane\n|-singleturn|p1a: Flutter Mane|Helping Hand|[of] p1b: Torkoal\n|move|p2b: Dragonite|Extreme Speed|p1b: Torkoal\n|-damage|p1b: Torkoal|31\/100\n|move|p1a: Flutter Mane|Shadow Ball|p2a: Murkrow\n|-resisted|p2a: Murkrow\n|-damage|p2a: Murkrow|0 fnt\n|faint|p2a: Murkrow\n|\n|upkeep\n|\n|t:|1684000574\n|switch|p2a: Flutter Mane|Flutter Mane, L50|100\/100\n|turn|8\n|\n|t:|1684000596\n|move|p1b: Torkoal|Helping Hand|p1a: Flutter Mane\n|-singleturn|p1a: Flutter Mane|Helping Hand|[of] p1b: Torkoal\n|move|p1a: Flutter Mane|Shadow Ball|p2a: Flutter Mane\n|-supereffective|p2a: Flutter Mane\n|-damage|p2a: Flutter Mane|0 fnt\n|faint|p2a: Flutter Mane\n|-end|p2a: Flutter Mane|Protosynthesis|[silent]\n|move|p2b: Dragonite|Dragon Dance|p2b: Dragonite\n|-boost|p2b: Dragonite|atk|1\n|-boost|p2b: Dragonite|spe|1\n|\n|-sideend|p1: TuskSimp|move: Tailwind\n|upkeep\n|turn|9\n|\n|t:|1684000613\n|move|p1b: Torkoal|Helping Hand|p1a: Flutter Mane\n|-singleturn|p1a: Flutter Mane|Helping Hand|[of] p1b: Torkoal\n|move|p2b: Dragonite|Thunder Punch|p1a: Flutter Mane\n|-damage|p1a: Flutter Mane|0 fnt\n|faint|p1a: Flutter Mane\n|-end|p1a: Flutter Mane|Protosynthesis|[silent]\n|\n|upkeep\n|turn|10\n|-message|TuskSimp forfeited.\n|\n|win|revocolombia\n|raw|TuskSimp's rating: 1291 → 1265<\/strong> (-26 for losing)\n|raw|revocolombia's rating: 1283 → 1309<\/strong> (+26 for winning)\n|l|\u2606TuskSimp\n","uploadtime":1684000625,"views":1,"p1id":"tusksimp","p2id":"revocolombia","formatid":"gen9vgc2023regulationc","rating":1265,"private":0,"password":""}