{"id":"gen9vgc2023regulationc-1845226528","p1":"Go2","p2":"xzymandias","format":"[Gen 9] VGC 2023 Regulation C","log":"|j|\u2606Go2\n|j|\u2606xzymandias\n|t:|1681698841\n|gametype|doubles\n|player|p1|Go2|2|1163\n|player|p2|xzymandias|medium|1249\n|teamsize|p1|6\n|teamsize|p2|6\n|gen|9\n|tier|[Gen 9] VGC 2023 Regulation C\n|rated|\n|rule|Species Clause: Limit one of each Pok\u00e9mon\n|rule|Item Clause: Limit one of each item\n|clearpoke\n|poke|p1|Murkrow, L50, M|\n|poke|p1|Arcanine, L50, F|\n|poke|p1|Palafin, L50, M|\n|poke|p1|Great Tusk, L50|\n|poke|p1|Gholdengo, L50|\n|poke|p1|Tyranitar, L50, M|\n|poke|p2|Corviknight, L50, M|\n|poke|p2|Garganacl, L50, M|\n|poke|p2|Ting-Lu, L50|\n|poke|p2|Wo-Chien, L50|\n|poke|p2|Annihilape, L50, F|\n|poke|p2|Arcanine, L50, F|\n|teampreview|4\n|inactive|Battle timer is ON: inactive players will automatically lose when time's up. (requested by xzymandias)\n|inactive|Go2 has 60 seconds left.\n|inactive|Go2 has 30 seconds left.\n|inactive|Go2 has 20 seconds left.\n|inactive|Go2 has 15 seconds left.\n|\n|t:|1681698944\n|start\n|switch|p1a: Arcanine|Arcanine, L50, F|100\/100\n|switch|p1b: Palafin|Palafin, L50, M|100\/100\n|switch|p2a: Wo-Chien|Wo-Chien, L50|100\/100\n|switch|p2b: Annihilape|Annihilape, L50, F|100\/100\n|-ability|p1a: Arcanine|Intimidate|boost\n|-unboost|p2a: Wo-Chien|atk|1\n|-unboost|p2b: Annihilape|atk|1\n|-ability|p2b: Annihilape|Defiant|boost\n|-boost|p2b: Annihilape|atk|2\n|-ability|p2a: Wo-Chien|Tablets of Ruin\n|turn|1\n|inactive|Go2 has 30 seconds left.\n|\n|t:|1681698976\n|-terastallize|p2a: Wo-Chien|Water\n|move|p2b: Annihilape|Rage Fist|p1b: Palafin\n|-damage|p1b: Palafin|68\/100\n|move|p1b: Palafin|Flip Turn|p2b: Annihilape\n|-damage|p2b: Annihilape|83\/100\n|\n|t:|1681698998\n|detailschange|p1b: Palafin|Palafin-Hero, L50, M\n|switch|p1b: Great Tusk|Great Tusk, L50|100\/100|[from] Flip Turn\n|-enditem|p1b: Great Tusk|Booster Energy\n|-activate|p1b: Great Tusk|ability: Protosynthesis|[fromitem]\n|-start|p1b: Great Tusk|protosynthesisatk\n|move|p1a: Arcanine|Flamethrower|p2a: Wo-Chien\n|-resisted|p2a: Wo-Chien\n|-damage|p2a: Wo-Chien|88\/100\n|move|p2a: Wo-Chien|Leech Seed|p1a: Arcanine\n|-start|p1a: Arcanine|move: Leech Seed\n|\n|-heal|p2a: Wo-Chien|94\/100|[from] item: Leftovers\n|-damage|p1a: Arcanine|88\/100|[from] Leech Seed|[of] p2a: Wo-Chien\n|-heal|p2a: Wo-Chien|100\/100|[silent]\n|upkeep\n|turn|2\n|inactive|Go2 has 30 seconds left.\n|inactive|Go2 has 20 seconds left.\n|\n|t:|1681699034\n|-terastallize|p1b: Great Tusk|Ground\n|move|p2b: Annihilape|Rage Fist|p1a: Arcanine\n|-damage|p1a: Arcanine|44\/100\n|move|p1a: Arcanine|Flamethrower|p2b: Annihilape\n|-damage|p2b: Annihilape|49\/100\n|move|p1b: Great Tusk|Headlong Rush|p2a: Wo-Chien\n|-damage|p2a: Wo-Chien|31\/100\n|-unboost|p1b: Great Tusk|def|1\n|-unboost|p1b: Great Tusk|spd|1\n|move|p2a: Wo-Chien|Leech Seed|p1b: Great Tusk\n|-start|p1b: Great Tusk|move: Leech Seed\n|\n|-heal|p2a: Wo-Chien|37\/100|[from] item: Leftovers\n|-damage|p1a: Arcanine|31\/100|[from] Leech Seed|[of] p2a: Wo-Chien\n|-heal|p2a: Wo-Chien|50\/100|[silent]\n|-damage|p1b: Great Tusk|88\/100|[from] Leech Seed|[of] p2a: Wo-Chien\n|-heal|p2a: Wo-Chien|66\/100|[silent]\n|upkeep\n|turn|3\n|inactive|Go2 has 30 seconds left.\n|inactive|xzymandias has 30 seconds left.\n|inactive|Go2 has 20 seconds left.\n|inactive|Go2 has 15 seconds left.\n|inactive|Go2 has 10 seconds left.\n|inactive|Go2 has 5 seconds left.\n|\n|t:|1681699088\n|switch|p1a: Tyranitar|Tyranitar, L50, M|100\/100\n|-weather|Sandstorm|[from] ability: Sand Stream|[of] p1a: Tyranitar\n|switch|p2a: Corviknight|Corviknight, L50, M, shiny|100\/100\n|move|p2b: Annihilape|Rage Fist|p1b: Great Tusk\n|-damage|p1b: Great Tusk|11\/100\n|move|p1b: Great Tusk|Headlong Rush|p2a: Corviknight\n|-immune|p2a: Corviknight\n|\n|-weather|Sandstorm|[upkeep]\n|-damage|p2b: Annihilape|43\/100|[from] Sandstorm\n|-damage|p1b: Great Tusk|0 fnt|[from] Leech Seed|[of] p2a: Corviknight\n|faint|p1b: Great Tusk\n|-end|p1b: Great Tusk|Protosynthesis|[silent]\n|upkeep\n|\n|t:|1681699107\n|switch|p1b: Palafin|Palafin-Hero, L50, M|68\/100\n|-activate|p1b: Palafin|ability: Zero to Hero\n|turn|4\n|\n|t:|1681699122\n|switch|p2b: Wo-Chien|Wo-Chien, L50, tera:Water|66\/100\n|-ability|p2b: Wo-Chien|Tablets of Ruin\n|move|p1b: Palafin|Jet Punch|p2b: Wo-Chien\n|-resisted|p2b: Wo-Chien\n|-damage|p2b: Wo-Chien|55\/100\n|move|p1a: Tyranitar|Dragon Dance|p1a: Tyranitar\n|-boost|p1a: Tyranitar|atk|1\n|-boost|p1a: Tyranitar|spe|1\n|move|p2a: Corviknight|Iron Defense|p2a: Corviknight\n|-boost|p2a: Corviknight|def|2\n|\n|-weather|Sandstorm|[upkeep]\n|-damage|p1b: Palafin|62\/100|[from] Sandstorm\n|-damage|p2b: Wo-Chien|49\/100|[from] Sandstorm\n|-heal|p2b: Wo-Chien|55\/100|[from] item: Leftovers\n|upkeep\n|turn|5\n|inactive|Go2 has 30 seconds left.\n|\n|t:|1681699147\n|move|p1a: Tyranitar|Rock Slide|p2b: Wo-Chien|[spread] p2b\n|-miss|p1a: Tyranitar|p2a: Corviknight\n|-damage|p2b: Wo-Chien|24\/100\n|move|p1b: Palafin|Wave Crash|p2b: Wo-Chien\n|-resisted|p2b: Wo-Chien\n|-damage|p2b: Wo-Chien|2\/100\n|-damage|p1b: Palafin|54\/100|[from] Recoil\n|move|p2a: Corviknight|Body Press|p1a: Tyranitar\n|-supereffective|p1a: Tyranitar\n|-damage|p1a: Tyranitar|0 fnt\n|faint|p1a: Tyranitar\n|move|p2b: Wo-Chien|Energy Ball|p1b: Palafin\n|-supereffective|p1b: Palafin\n|-damage|p1b: Palafin|0 fnt\n|faint|p1b: Palafin\n|\n|-weather|Sandstorm|[upkeep]\n|-damage|p2b: Wo-Chien|0 fnt|[from] Sandstorm\n|faint|p2b: Wo-Chien\n|upkeep\n|\n|t:|1681699166\n|switch|p1b: Arcanine|Arcanine, L50, F|31\/100\n|switch|p2b: Annihilape|Annihilape, L50, F|43\/100\n|-ability|p1b: Arcanine|Intimidate|boost\n|-ability|p2a: Corviknight|Mirror Armor\n|-unboost|p1b: Arcanine|atk|1\n|-unboost|p2b: Annihilape|atk|1\n|-ability|p2b: Annihilape|Defiant|boost\n|-boost|p2b: Annihilape|atk|2\n|turn|6\n|\n|t:|1681699184\n|move|p2b: Annihilape|Rage Fist|p1b: Arcanine\n|-damage|p1b: Arcanine|0 fnt\n|faint|p1b: Arcanine\n|\n|win|xzymandias\n|raw|Go2's rating: 1163 → 1144<\/strong> (-19 for losing)\n|raw|xzymandias's rating: 1249 → 1268<\/strong> (+19 for winning)\n|l|\u2606xzymandias\n","uploadtime":1681699197,"views":5,"p1id":"go2","p2id":"xzymandias","formatid":"gen9vgc2023regulationc","rating":1144,"private":0,"password":""}