{"id":"gen9vgc2023regulationc-1849524793","p1":"tastethekoalabear","p2":"Echo Rose#9471","format":"[Gen 9] VGC 2023 Regulation C","log":"|j|\u2606tastethekoalabear\n|j|\u2606Echo Rose#9471\n|t:|1682208846\n|gametype|doubles\n|player|p1|tastethekoalabear|lusamine-nihilego|1249\n|player|p2|Echo Rose#9471|266|1371\n|teamsize|p1|6\n|teamsize|p2|6\n|gen|9\n|tier|[Gen 9] VGC 2023 Regulation C\n|rated|\n|rule|Species Clause: Limit one of each Pok\u00e9mon\n|rule|Item Clause: Limit one of each item\n|clearpoke\n|poke|p1|Chi-Yu, L50|\n|poke|p1|Flutter Mane, L50|\n|poke|p1|Great Tusk, L50|\n|poke|p1|Torkoal, L50, F|\n|poke|p1|Appletun, L50, M|\n|poke|p1|Jumpluff, L50, M|\n|poke|p2|Chi-Yu, L50|\n|poke|p2|Flutter Mane, L50|\n|poke|p2|Gastrodon, L50, F|\n|poke|p2|Amoonguss, L50, M|\n|poke|p2|Corviknight, L50, F|\n|poke|p2|Glimmora, L50, F|\n|teampreview|4\n|\n|t:|1682208869\n|start\n|switch|p1a: Great Task|Great Tusk, L50|100\/100\n|switch|p1b: apl|Appletun, L50, M|100\/100\n|switch|p2a: Glimmora|Glimmora, L50, F|100\/100\n|switch|p2b: Memphis TN|Amoonguss, L50, M|100\/100\n|turn|1\n|\n|t:|1682208885\n|-terastallize|p2a: Glimmora|Grass\n|-terastallize|p1b: apl|Steel\n|move|p2b: Memphis TN|Protect|p2b: Memphis TN\n|-singleturn|p2b: Memphis TN|Protect\n|move|p1a: Great Task|Headlong Rush|p2a: Glimmora\n|-resisted|p2a: Glimmora\n|-damage|p2a: Glimmora|62\/100\n|-unboost|p1a: Great Task|def|1\n|-unboost|p1a: Great Task|spd|1\n|-activate|p2a: Glimmora|ability: Toxic Debris\n|-sidestart|p1: tastethekoalabear|move: Toxic Spikes\n|-damage|p1a: Great Task|90\/100|[from] item: Life Orb\n|move|p2a: Glimmora|Energy Ball|p1a: Great Task\n|-supereffective|p1a: Great Task\n|-damage|p1a: Great Task|0 fnt\n|faint|p1a: Great Task\n|-end|p1a: Great Task|Protosynthesis|[silent]\n|move|p1b: apl|Iron Defense|p1b: apl\n|-boost|p1b: apl|def|2\n|\n|upkeep\n|\n|t:|1682208909\n|switch|p1a: Fsh|Chi-Yu, L50|100\/100\n|-status|p1a: Fsh|psn\n|-ability|p1a: Fsh|Beads of Ruin\n|turn|2\n|\n|t:|1682208929\n|move|p1a: Fsh|Heat Wave|p2a: Glimmora|[spread] p2a\n|-miss|p1a: Fsh|p2b: Memphis TN\n|-supereffective|p2a: Glimmora\n|-damage|p2a: Glimmora|1\/100\n|move|p2a: Glimmora|Earth Power|p1a: Fsh\n|-supereffective|p1a: Fsh\n|-damage|p1a: Fsh|25\/100 psn\n|move|p1b: apl|Iron Defense|p1b: apl\n|-boost|p1b: apl|def|2\n|move|p2b: Memphis TN|Spore||[still]\n|-fail|p2b: Memphis TN\n|\n|-damage|p1a: Fsh|13\/100 psn|[from] psn\n|upkeep\n|turn|3\n|\n|t:|1682208950\n|move|p1a: Fsh|Heat Wave|p2a: Glimmora|[spread] p2a,p2b\n|-supereffective|p2a: Glimmora\n|-supereffective|p2b: Memphis TN\n|-damage|p2a: Glimmora|0 fnt\n|-damage|p2b: Memphis TN|26\/100\n|-enditem|p2b: Memphis TN|Sitrus Berry|[eat]\n|-heal|p2b: Memphis TN|51\/100|[from] item: Sitrus Berry\n|faint|p2a: Glimmora\n|move|p1b: apl|Iron Defense|p1b: apl\n|-boost|p1b: apl|def|2\n|move|p2b: Memphis TN|Spore|p1b: apl\n|-activate|p1b: apl|item: Safety Goggles|Spore\n|\n|-damage|p1a: Fsh|0 fnt|[from] psn\n|faint|p1a: Fsh\n|upkeep\n|\n|t:|1682208966\n|switch|p1a: Tobias|Jumpluff, L50, M|100\/100\n|switch|p2a: Mercury|Corviknight, L50, F, shiny|100\/100\n|turn|4\n|\n|t:|1682208980\n|move|p1a: Tobias|Sleep Powder|p2a: Mercury\n|-status|p2a: Mercury|slp|[from] move: Sleep Powder\n|cant|p2a: Mercury|slp\n|move|p1b: apl|Leech Seed|p2a: Mercury\n|-start|p2a: Mercury|move: Leech Seed\n|move|p2b: Memphis TN|Pollen Puff|p2a: Mercury\n|-immune|p2a: Mercury\n|\n|-damage|p2a: Mercury|88\/100 slp|[from] Leech Seed|[of] p1b: apl\n|upkeep\n|turn|5\n|\n|t:|1682209004\n|switch|p2a: Flutter Mane|Flutter Mane, L50|100\/100\n|-enditem|p2a: Flutter Mane|Booster Energy\n|-activate|p2a: Flutter Mane|ability: Protosynthesis|[fromitem]\n|-start|p2a: Flutter Mane|protosynthesisspe\n|move|p2b: Memphis TN|Protect|p2b: Memphis TN\n|-singleturn|p2b: Memphis TN|Protect\n|move|p1a: Tobias|Pollen Puff|p2b: Memphis TN\n|-activate|p2b: Memphis TN|move: Protect\n|move|p1b: apl|Body Press|p2b: Memphis TN\n|-activate|p2b: Memphis TN|move: Protect\n|\n|upkeep\n|turn|6\n|\n|t:|1682209022\n|move|p2a: Flutter Mane|Perish Song|p2a: Flutter Mane\n|-start|p1a: Tobias|perish3|[silent]\n|-start|p1b: apl|perish3|[silent]\n|-start|p2a: Flutter Mane|perish3|[silent]\n|-start|p2b: Memphis TN|perish3|[silent]\n|-fieldactivate|move: Perish Song\n|move|p1a: Tobias|Sleep Powder|p2a: Flutter Mane\n|-status|p2a: Flutter Mane|slp|[from] move: Sleep Powder\n|move|p1b: apl|Leech Seed|p2a: Flutter Mane\n|-start|p2a: Flutter Mane|move: Leech Seed\n|move|p2b: Memphis TN|Pollen Puff|p2a: Flutter Mane\n|-immune|p2a: Flutter Mane\n|\n|-damage|p2a: Flutter Mane|88\/100 slp|[from] Leech Seed|[of] p1b: apl\n|-start|p2a: Flutter Mane|perish3\n|-start|p1a: Tobias|perish3\n|-start|p1b: apl|perish3\n|-start|p2b: Memphis TN|perish3\n|upkeep\n|turn|7\n|-message|tastethekoalabear forfeited.\n|\n|win|Echo Rose#9471\n|raw|tastethekoalabear's rating: 1249 → 1232<\/strong> (-17 for losing)\n|raw|Echo Rose#9471's rating: 1371 → 1384<\/strong> (+13 for winning)\n","uploadtime":1682209040,"views":6,"p1id":"tastethekoalabear","p2id":"echorose9471","formatid":"gen9vgc2023regulationc","rating":1232,"private":0,"password":""}