{"id":"gen9vgc2023regulationc-1859006788","p1":"JoyBoy869","p2":"TheRealShaggy","format":"[Gen 9] VGC 2023 Regulation C","log":"|j|\u2606JoyBoy869\n|j|\u2606TheRealShaggy\n|t:|1683393523\n|gametype|doubles\n|player|p1|JoyBoy869|bugcatcher-gen4dp|1104\n|player|p2|TheRealShaggy|265|1069\n|teamsize|p1|6\n|teamsize|p2|6\n|gen|9\n|tier|[Gen 9] VGC 2023 Regulation C\n|rated|\n|rule|Species Clause: Limit one of each Pok\u00e9mon\n|rule|Item Clause: Limit one of each item\n|clearpoke\n|poke|p1|Annihilape, L50, M|\n|poke|p1|Ting-Lu, L50|\n|poke|p1|Maushold-Four, L50|\n|poke|p1|Flutter Mane, L50|\n|poke|p1|Chi-Yu, L50|\n|poke|p1|Roaring Moon, L50|\n|poke|p2|Dondozo, L50, M|\n|poke|p2|Tatsugiri, L50, M|\n|poke|p2|Annihilape, L50, F|\n|poke|p2|Iron Bundle, L50|\n|poke|p2|Maushold-Four, L50|\n|poke|p2|Chi-Yu, L50|\n|teampreview|4\n|\n|t:|1683393548\n|start\n|switch|p1a: Maushold|Maushold-Four, L50|100\/100\n|switch|p1b: MonkeyDLuffy|Annihilape, L50, M|100\/100\n|switch|p2a: Dondozo|Dondozo, L50, M|100\/100\n|switch|p2b: Iron Bundle|Iron Bundle, L50|100\/100\n|-enditem|p2b: Iron Bundle|Booster Energy\n|-activate|p2b: Iron Bundle|ability: Quark Drive|[fromitem]\n|-start|p2b: Iron Bundle|quarkdrivespe\n|turn|1\n|\n|t:|1683393573\n|move|p2b: Iron Bundle|U-turn|p1a: Maushold\n|-damage|p1a: Maushold|87\/100\n|\n|t:|1683393577\n|-end|p2b: Iron Bundle|Quark Drive|[silent]\n|switch|p2b: Tatsugiri|Tatsugiri, L50, M|100\/100|[from] U-turn\n|-activate|p2b: Tatsugiri|ability: Commander|[of] p2a: Dondozo\n|-boost|p2a: Dondozo|atk|2\n|-boost|p2a: Dondozo|spa|2\n|-boost|p2a: Dondozo|spe|2\n|-boost|p2a: Dondozo|def|2\n|-boost|p2a: Dondozo|spd|2\n|move|p1a: Maushold|Super Fang|p2a: Dondozo\n|-damage|p2a: Dondozo|51\/100\n|move|p1b: MonkeyDLuffy|Bulk Up|p1b: MonkeyDLuffy\n|-boost|p1b: MonkeyDLuffy|atk|1\n|-boost|p1b: MonkeyDLuffy|def|1\n|move|p2a: Dondozo|Wave Crash|p1a: Maushold\n|-damage|p1a: Maushold|0 fnt\n|faint|p1a: Maushold\n|-damage|p2a: Dondozo|31\/100|[from] Recoil\n|\n|upkeep\n|\n|t:|1683393597\n|switch|p1a: Flutter Mane|Flutter Mane, L50|100\/100\n|turn|2\n|\n|t:|1683393612\n|move|p1a: Flutter Mane|Thunderbolt|p2a: Dondozo\n|-supereffective|p2a: Dondozo\n|-damage|p2a: Dondozo|0 fnt\n|faint|p2a: Dondozo\n|-damage|p1a: Flutter Mane|91\/100|[from] item: Life Orb\n|move|p1b: MonkeyDLuffy|Drain Punch|p2b: Tatsugiri\n|-damage|p2b: Tatsugiri|5\/100\n|\n|upkeep\n|c|\u2606JoyBoy869|not today dozo\n|\n|t:|1683393649\n|switch|p2a: Annihilape|Annihilape, L50, F|100\/100\n|turn|3\n|c|\u2606TheRealShaggy|bozo*\n|c|\u2606TheRealShaggy|:p\n|\n|t:|1683393698\n|-terastallize|p2a: Annihilape|Grass\n|move|p2b: Tatsugiri|Protect|p2b: Tatsugiri\n|-singleturn|p2b: Tatsugiri|Protect\n|move|p2a: Annihilape|Shadow Claw|p1a: Flutter Mane\n|-supereffective|p1a: Flutter Mane\n|-damage|p1a: Flutter Mane|0 fnt\n|faint|p1a: Flutter Mane\n|-end|p1a: Flutter Mane|Protosynthesis|[silent]\n|move|p1b: MonkeyDLuffy|Rage Fist|p2a: Annihilape\n|-damage|p2a: Annihilape|67\/100\n|\n|upkeep\n|\n|t:|1683393709\n|switch|p1a: Chi-Yu|Chi-Yu, L50|100\/100\n|-ability|p1a: Chi-Yu|Beads of Ruin\n|turn|4\n|\n|t:|1683393721\n|-terastallize|p1a: Chi-Yu|Water\n|move|p1b: MonkeyDLuffy|Protect|p1b: MonkeyDLuffy\n|-singleturn|p1b: MonkeyDLuffy|Protect\n|move|p2a: Annihilape|Shadow Claw|p1b: MonkeyDLuffy\n|-activate|p1b: MonkeyDLuffy|move: Protect\n|move|p2b: Tatsugiri|Muddy Water|p1b: MonkeyDLuffy|[spread] p1a\n|-activate|p1b: MonkeyDLuffy|move: Protect\n|-resisted|p1a: Chi-Yu\n|-damage|p1a: Chi-Yu|81\/100\n|move|p1a: Chi-Yu|Heat Wave|p2a: Annihilape|[spread] p2a,p2b\n|-supereffective|p2a: Annihilape\n|-resisted|p2b: Tatsugiri\n|-damage|p2a: Annihilape|0 fnt\n|-damage|p2b: Tatsugiri|0 fnt\n|faint|p2a: Annihilape\n|faint|p2b: Tatsugiri\n|\n|upkeep\n|\n|t:|1683393738\n|switch|p2b: Iron Bundle|Iron Bundle, L50|100\/100\n|turn|5\n|c|\u2606JoyBoy869|yes bozo ;P\n|\n|t:|1683393752\n|move|p2b: Iron Bundle|Hydro Pump|p1b: MonkeyDLuffy\n|-damage|p1b: MonkeyDLuffy|38\/100\n|move|p1a: Chi-Yu|Dark Pulse|p2b: Iron Bundle\n|-crit|p2b: Iron Bundle\n|-damage|p2b: Iron Bundle|0 fnt\n|faint|p2b: Iron Bundle\n|-end|p2b: Iron Bundle|Quark Drive|[silent]\n|\n|win|JoyBoy869\n|raw|JoyBoy869's rating: 1104 → 1126<\/strong> (+22 for winning)\n|raw|TheRealShaggy's rating: 1069 → 1051<\/strong> (-18 for losing)\n|c|\u2606JoyBoy869|gg\n|c|\u2606TheRealShaggy|gg\n","uploadtime":1683393769,"views":9,"p1id":"joyboy869","p2id":"therealshaggy","formatid":"gen9vgc2023regulationc","rating":1051,"private":0,"password":""}