{"id":"gen9vgc2023regulationc-1854761369","p1":"yygryhcghjf","p2":"acered\u4e01\u7acb\u4ebasdazx","format":"[Gen 9] VGC 2023 Regulation C","log":"|j|\u2606yygryhcghjf\n|j|\u203dacered\u4e01\u7acb\u4ebasdazx\n|t:|1682862668\n|gametype|doubles\n|player|p1|yygryhcghjf|170|1000\n|player|p2|acered\u4e01\u7acb\u4ebasdazx|101|1000\n|teamsize|p1|6\n|teamsize|p2|6\n|gen|9\n|tier|[Gen 9] VGC 2023 Regulation C\n|rated|\n|rule|Species Clause: Limit one of each Pok\u00e9mon\n|rule|Item Clause: Limit one of each item\n|clearpoke\n|poke|p1|Umbreon, L50, M|\n|poke|p1|Gyarados, L50, M|\n|poke|p1|Flutter Mane, L50|\n|poke|p1|Chi-Yu, L50|\n|poke|p1|Scizor, L50, M|\n|poke|p1|Pachirisu, L50, M|\n|poke|p2|Dondozo, L50, M|\n|poke|p2|Tatsugiri-Droopy, L50, M|\n|poke|p2|Pelipper, L50, F|\n|poke|p2|Drednaw, L50, F|\n|poke|p2|Dragonite, L50, M|\n|poke|p2|Chien-Pao, L50|\n|teampreview|4\n|inactive|Battle timer is ON: inactive players will automatically lose when time's up. (requested by yygryhcghjf)\n|\n|t:|1682862688\n|start\n|switch|p1a: Umbreon|Umbreon, L50, M|100\/100\n|switch|p1b: Flutter Mane|Flutter Mane, L50|100\/100\n|switch|p2a: Dragonite|Dragonite, L50, M|100\/100\n|switch|p2b: Pelipper|Pelipper, L50, F|100\/100\n|-weather|RainDance|[from] ability: Drizzle|[of] p2b: Pelipper\n|turn|1\n|inactive|acered\u4e01\u7acb\u4ebasdazx has 30 seconds left.\n|inactive|acered\u4e01\u7acb\u4ebasdazx has 20 seconds left.\n|\n|t:|1682862724\n|move|p1a: Umbreon|Helping Hand|p1b: Flutter Mane\n|-singleturn|p1b: Flutter Mane|Helping Hand|[of] p1a: Umbreon\n|move|p2a: Dragonite|Protect|p2a: Dragonite\n|-singleturn|p2a: Dragonite|Protect\n|move|p1b: Flutter Mane|Dazzling Gleam|p2a: Dragonite|[spread] p2b\n|-activate|p2a: Dragonite|move: Protect\n|-damage|p2b: Pelipper|2\/100\n|move|p2b: Pelipper|Hurricane|p1b: Flutter Mane\n|-damage|p1b: Flutter Mane|48\/100\n|\n|-weather|RainDance|[upkeep]\n|upkeep\n|turn|2\n|inactive|yygryhcghjf has 30 seconds left.\n|inactive|acered\u4e01\u7acb\u4ebasdazx has 30 seconds left.\n|inactive|acered\u4e01\u7acb\u4ebasdazx has 20 seconds left.\n|\n|t:|1682862761\n|switch|p1a: Chi-Yu|Chi-Yu, L50|100\/100\n|-ability|p1a: Chi-Yu|Beads of Ruin\n|-terastallize|p2a: Dragonite|Normal\n|move|p2b: Pelipper|Protect|p2b: Pelipper\n|-singleturn|p2b: Pelipper|Protect\n|move|p1b: Flutter Mane|Dazzling Gleam|p2b: Pelipper|[spread] p2a\n|-activate|p2b: Pelipper|move: Protect\n|-damage|p2a: Dragonite|49\/100\n|move|p2a: Dragonite|Ice Spinner|p1b: Flutter Mane\n|-damage|p1b: Flutter Mane|0 fnt\n|faint|p1b: Flutter Mane\n|-end|p1b: Flutter Mane|Protosynthesis|[silent]\n|\n|-weather|RainDance|[upkeep]\n|upkeep\n|\n|t:|1682862777\n|switch|p1b: Gyarados|Gyarados, L50, M|100\/100\n|-ability|p1b: Gyarados|Intimidate|boost\n|-fail|p2a: Dragonite|unboost|Attack|[from] ability: Inner Focus|[of] p2a: Dragonite\n|-unboost|p2b: Pelipper|atk|1\n|turn|3\n|\n|t:|1682862791\n|-terastallize|p1b: Gyarados|Flying\n|move|p1a: Chi-Yu|Heat Wave|p2b: Pelipper|[spread] p2a,p2b\n|-resisted|p2b: Pelipper\n|-damage|p2a: Dragonite|26\/100\n|-damage|p2b: Pelipper|0 fnt\n|faint|p2b: Pelipper\n|move|p1b: Gyarados|Tera Blast|p2a: Dragonite\n|-damage|p2a: Dragonite|0 fnt\n|faint|p2a: Dragonite\n|\n|-weather|RainDance|[upkeep]\n|upkeep\n|\n|t:|1682862798\n|switch|p2a: Dondozo|Dondozo, L50, M|100\/100\n|switch|p2b: Tatsugiri|Tatsugiri-Droopy, L50, M, shiny|100\/100\n|-activate|p2b: Tatsugiri|ability: Commander|[of] p2a: Dondozo\n|-boost|p2a: Dondozo|atk|2\n|-boost|p2a: Dondozo|spa|2\n|-boost|p2a: Dondozo|spe|2\n|-boost|p2a: Dondozo|def|2\n|-boost|p2a: Dondozo|spd|2\n|turn|4\n|\n|t:|1682862810\n|switch|p1a: Umbreon|Umbreon, L50, M|100\/100\n|move|p2a: Dondozo|Surf|p1a: Umbreon|[spread] p1a,p1b\n|-miss|p2a: Dondozo|p2b: Tatsugiri\n|-damage|p1a: Umbreon|47\/100\n|-damage|p1b: Gyarados|19\/100\n|-damage|p2a: Dondozo|91\/100|[from] item: Life Orb\n|move|p1b: Gyarados|Thunder Wave|p2a: Dondozo|[miss]\n|-miss|p1b: Gyarados|p2a: Dondozo\n|\n|-weather|RainDance|[upkeep]\n|-heal|p1a: Umbreon|53\/100|[from] item: Leftovers\n|upkeep\n|turn|5\n|\n|t:|1682862820\n|move|p2a: Dondozo|Surf|p1b: Gyarados|[spread] p1a,p1b\n|-miss|p2a: Dondozo|p2b: Tatsugiri\n|-crit|p1a: Umbreon\n|-damage|p1a: Umbreon|0 fnt\n|-damage|p1b: Gyarados|0 fnt\n|faint|p1a: Umbreon\n|faint|p1b: Gyarados\n|-damage|p2a: Dondozo|81\/100|[from] item: Life Orb\n|\n|-weather|RainDance|[upkeep]\n|upkeep\n|\n|t:|1682862825\n|switch|p1b: Chi-Yu|Chi-Yu, L50|100\/100\n|-ability|p1b: Chi-Yu|Beads of Ruin\n|turn|6\n|\n|t:|1682862831\n|move|p1b: Chi-Yu|Dark Pulse|p2a: Dondozo\n|-damage|p2a: Dondozo|44\/100\n|move|p2a: Dondozo|Surf|p1b: Chi-Yu|[spread] p1b\n|-miss|p2a: Dondozo|p2b: Tatsugiri\n|-supereffective|p1b: Chi-Yu\n|-damage|p1b: Chi-Yu|0 fnt\n|faint|p1b: Chi-Yu\n|-damage|p2a: Dondozo|34\/100|[from] item: Life Orb\n|\n|win|acered\u4e01\u7acb\u4ebasdazx\n|raw|yygryhcghjf's rating: 1000 → 1000<\/strong> (+0 for losing)\n|raw|acered\u4e01\u7acb\u4ebasdazx's rating: 1000 → 1040<\/strong> (+40 for winning)\n|l|\u2606yygryhcghjf\n","uploadtime":1682862846,"views":16,"p1id":"yygryhcghjf","p2id":"aceredsdazx","formatid":"gen9vgc2023regulationc","rating":1000,"private":0,"password":""}