{"id":"gen9vgc2023regulationc-1851438036","p1":"Bout It 27","p2":"audijack","format":"[Gen 9] VGC 2023 Regulation C","log":"|j|\u2606Bout It 27\n|j|\u2606audijack\n|t:|1682445117\n|gametype|doubles\n|player|p1|Bout It 27|265|1226\n|player|p2|audijack|2|1330\n|teamsize|p1|6\n|teamsize|p2|6\n|gen|9\n|tier|[Gen 9] VGC 2023 Regulation C\n|rated|\n|rule|Species Clause: Limit one of each Pok\u00e9mon\n|rule|Item Clause: Limit one of each item\n|clearpoke\n|poke|p1|Torkoal, L50, M|\n|poke|p1|Lilligant, L50, F|\n|poke|p1|Hatterene, L50, F|\n|poke|p1|Indeedee-F, L50, F|\n|poke|p1|Great Tusk, L50|\n|poke|p1|Chi-Yu, L50|\n|poke|p2|Baxcalibur, L50, F|\n|poke|p2|Ting-Lu, L50|\n|poke|p2|Flutter Mane, L50|\n|poke|p2|Palafin, L50, F|\n|poke|p2|Amoonguss, L50, F|\n|poke|p2|Arcanine, L50, M|\n|teampreview|4\naudijack has agreed to open team sheets.\n|\n|t:|1682445177\n|start\n|switch|p1a: Hatterene|Hatterene, L50, F|100\/100\n|switch|p1b: Indeedee|Indeedee-F, L50, F|100\/100\n|switch|p2a: Arcanine|Arcanine, L50, M|100\/100\n|switch|p2b: Amoonguss|Amoonguss, L50, F|100\/100\n|-ability|p2a: Arcanine|Intimidate|boost\n|-unboost|p1a: Hatterene|atk|1\n|-unboost|p1b: Indeedee|atk|1\n|-fieldstart|move: Psychic Terrain|[from] ability: Psychic Surge|[of] p1b: Indeedee\n|turn|1\n|\n|t:|1682445207\n|switch|p2b: Ting-Lu|Ting-Lu, L50|100\/100\n|-ability|p2b: Ting-Lu|Vessel of Ruin\n|move|p1b: Indeedee|Follow Me|p1b: Indeedee\n|-singleturn|p1b: Indeedee|move: Follow Me\n|move|p2a: Arcanine|Flare Blitz|p1b: Indeedee\n|-damage|p1b: Indeedee|52\/100\n|-damage|p2a: Arcanine|86\/100|[from] Recoil\n|move|p1a: Hatterene|Psychic|p2b: Ting-Lu\n|-immune|p2b: Ting-Lu\n|\n|upkeep\n|turn|2\n|\n|t:|1682445225\n|move|p1b: Indeedee|Follow Me|p1b: Indeedee\n|-singleturn|p1b: Indeedee|move: Follow Me\n|move|p2a: Arcanine|Flare Blitz|p1b: Indeedee\n|-damage|p1b: Indeedee|4\/100\n|-damage|p2a: Arcanine|72\/100|[from] Recoil\n|move|p2b: Ting-Lu|Heavy Slam|p1b: Indeedee\n|-damage|p1b: Indeedee|0 fnt\n|faint|p1b: Indeedee\n|move|p1a: Hatterene|Trick Room|p1a: Hatterene\n|-fieldstart|move: Trick Room|[of] p1a: Hatterene\n|-enditem|p1a: Hatterene|Room Service\n|-unboost|p1a: Hatterene|spe|1|[from] item: Room Service\n|\n|upkeep\n|\n|t:|1682445238\n|switch|p1b: Great Tusk|Great Tusk, L50|100\/100\n|turn|3\n|\n|t:|1682445291\n|switch|p2a: Amoonguss|Amoonguss, L50, F|100\/100\n|move|p1a: Hatterene|Dazzling Gleam|p2b: Ting-Lu|[spread] p2a,p2b\n|-resisted|p2a: Amoonguss\n|-supereffective|p2b: Ting-Lu\n|-damage|p2a: Amoonguss|91\/100\n|-damage|p2b: Ting-Lu|73\/100\n|move|p2b: Ting-Lu|Heavy Slam|p1a: Hatterene\n|-supereffective|p1a: Hatterene\n|-damage|p1a: Hatterene|9\/100\n|move|p1b: Great Tusk|Close Combat|p2b: Ting-Lu\n|-supereffective|p2b: Ting-Lu\n|-damage|p2b: Ting-Lu|0 fnt\n|-unboost|p1b: Great Tusk|def|1\n|-unboost|p1b: Great Tusk|spd|1\n|faint|p2b: Ting-Lu\n|-damage|p1b: Great Tusk|91\/100|[from] item: Life Orb\n|\n|upkeep\n|\n|t:|1682445307\n|switch|p2b: Arcanine|Arcanine, L50, M|72\/100\n|-ability|p2b: Arcanine|Intimidate|boost\n|-unboost|p1a: Hatterene|atk|1\n|-unboost|p1b: Great Tusk|atk|1\n|turn|4\n|\n|t:|1682445335\n|-end|p1b: Great Tusk|Protosynthesis|[silent]\n|switch|p1b: Torkoal|Torkoal, L50, M|100\/100\n|-weather|SunnyDay|[from] ability: Drought|[of] p1b: Torkoal\n|-terastallize|p2b: Arcanine|Water\n|move|p2a: Amoonguss|Protect|p2a: Amoonguss\n|-singleturn|p2a: Amoonguss|Protect\n|move|p1a: Hatterene|Psychic|p2a: Amoonguss\n|-activate|p2a: Amoonguss|move: Protect\n|move|p2b: Arcanine|Flare Blitz|p1a: Hatterene\n|-damage|p1a: Hatterene|0 fnt\n|faint|p1a: Hatterene\n|-damage|p2b: Arcanine|70\/100|[from] Recoil\n|\n|-weather|SunnyDay|[upkeep]\n|upkeep\n|\n|t:|1682445354\n|switch|p1a: Great Tusk|Great Tusk, L50|91\/100\n|-activate|p1a: Great Tusk|ability: Protosynthesis\n|-start|p1a: Great Tusk|protosynthesisatk\n|turn|5\n|\n|t:|1682445381\n|-terastallize|p1b: Torkoal|Fire\n|move|p1b: Torkoal|Eruption|p2b: Arcanine|[spread] p2a,p2b\n|-supereffective|p2a: Amoonguss\n|-resisted|p2b: Arcanine\n|-crit|p2b: Arcanine\n|-damage|p2a: Amoonguss|0 fnt\n|-damage|p2b: Arcanine|0 fnt\n|faint|p2a: Amoonguss\n|faint|p2b: Arcanine\n|move|p1a: Great Tusk|Headlong Rush|p2: Amoonguss|[notarget]\n|-fail|p1a: Great Tusk\n|\n|-weather|SunnyDay|[upkeep]\n|-fieldend|move: Psychic Terrain\n|upkeep\n|-message|audijack forfeited.\n|\n|win|Bout It 27\n|raw|Bout It 27's rating: 1226 → 1258<\/strong> (+32 for winning)\n|raw|audijack's rating: 1330 → 1304<\/strong> (-26 for losing)\n|l|\u2606audijack\n","uploadtime":1682445599,"views":6,"p1id":"boutit27","p2id":"audijack","formatid":"gen9vgc2023regulationc","rating":1258,"private":0,"password":""}