{"id":"gen9vgc2023regulationc-1860114277","p1":"NekroKoopa","p2":"Indigosaffron","format":"[Gen 9] VGC 2023 Regulation C","log":"|j|\u2606NekroKoopa\n|j|\u2606Indigosaffron\n|t:|1683596853\n|gametype|doubles\n|player|p1|NekroKoopa|266|1516\n|player|p2|Indigosaffron|2|1578\n|teamsize|p1|6\n|teamsize|p2|6\n|gen|9\n|tier|[Gen 9] VGC 2023 Regulation C\n|rated|\n|rule|Species Clause: Limit one of each Pok\u00e9mon\n|rule|Item Clause: Limit one of each item\n|clearpoke\n|poke|p1|Sandy Shocks, L50|\n|poke|p1|Arcanine, L50, F|\n|poke|p1|Kingambit, L50, M|\n|poke|p1|Dragonite, L50, F|\n|poke|p1|Flutter Mane, L50|\n|poke|p1|Breloom, L50, F|\n|poke|p2|Chien-Pao, L50|\n|poke|p2|Flutter Mane, L50|\n|poke|p2|Talonflame, L50, F|\n|poke|p2|Meowscarada, L50, F|\n|poke|p2|Maushold-Four, L50|\n|poke|p2|Azumarill, L50, F|\n|teampreview|4\nIndigosaffron has agreed to open team sheets.\n|inactive|Battle timer is ON: inactive players will automatically lose when time's up. (requested by Indigosaffron)\n|inactive|NekroKoopa has 60 seconds left.\n|\n|t:|1683596929\n|start\n|switch|p1a: Dragonite|Dragonite, L50, F|100\/100\n|switch|p1b: Arcanine|Arcanine, L50, F|100\/100\n|switch|p2a: Talonflame|Talonflame, L50, F|100\/100\n|switch|p2b: Flutter Mane|Flutter Mane, L50|100\/100\n|-ability|p1b: Arcanine|Intimidate|boost\n|-unboost|p2a: Talonflame|atk|1\n|-unboost|p2b: Flutter Mane|atk|1\n|turn|1\n|inactive|NekroKoopa has 30 seconds left.\n|inactive|NekroKoopa has 20 seconds left.\n|\n|t:|1683596968\n|-terastallize|p1a: Dragonite|Flying\n|move|p2a: Talonflame|Tailwind|p2a: Talonflame\n|-sidestart|p2: Indigosaffron|move: Tailwind\n|move|p2b: Flutter Mane|Dazzling Gleam|p1a: Dragonite|[spread] p1a,p1b\n|-resisted|p1b: Arcanine\n|-damage|p1a: Dragonite|75\/100\n|-damage|p1b: Arcanine|70\/100\n|move|p1b: Arcanine|Flare Blitz|p2b: Flutter Mane\n|-damage|p2b: Flutter Mane|0 fnt\n|faint|p2b: Flutter Mane\n|-end|p2b: Flutter Mane|Protosynthesis|[silent]\n|-damage|p1b: Arcanine|37\/100|[from] Recoil\n|move|p1a: Dragonite|Tailwind|p1a: Dragonite\n|-sidestart|p1: NekroKoopa|move: Tailwind\n|\n|upkeep\n|\n|t:|1683596985\n|switch|p2b: Chien-Pao|Chien-Pao, L50|100\/100\n|-ability|p2b: Chien-Pao|Sword of Ruin\n|turn|2\n|\n|t:|1683596995\n|-terastallize|p2b: Chien-Pao|Poison\n|move|p1b: Arcanine|Extreme Speed|p2a: Talonflame\n|-damage|p2a: Talonflame|48\/100\n|move|p1a: Dragonite|Extreme Speed|p2a: Talonflame\n|-damage|p2a: Talonflame|0 fnt\n|faint|p2a: Talonflame\n|move|p2b: Chien-Pao|Ice Spinner|p1b: Arcanine\n|-resisted|p1b: Arcanine\n|-damage|p1b: Arcanine|0 fnt\n|faint|p1b: Arcanine\n|\n|upkeep\n|inactive|NekroKoopa has 30 seconds left.\n|\n|t:|1683597026\n|switch|p2a: Azumarill|Azumarill, L50, F|100\/100\n|switch|p1b: Breloom|Breloom, L50, F|100\/100\n|turn|3\n|inactive|NekroKoopa has 30 seconds left.\n|inactive|NekroKoopa has 20 seconds left.\n|inactive|Indigosaffron has 30 seconds left.\n|\n|t:|1683597070\n|move|p1a: Dragonite|Extreme Speed|p2b: Chien-Pao\n|-damage|p2b: Chien-Pao|59\/100\n|move|p1b: Breloom|Mach Punch|p2b: Chien-Pao\n|-resisted|p2b: Chien-Pao\n|-damage|p2b: Chien-Pao|30\/100\n|-damage|p1b: Breloom|91\/100|[from] item: Life Orb\n|move|p2a: Azumarill|Aqua Jet|p1b: Breloom\n|-resisted|p1b: Breloom\n|-damage|p1b: Breloom|67\/100\n|move|p2b: Chien-Pao|Ice Spinner|p1b: Breloom\n|-supereffective|p1b: Breloom\n|-damage|p1b: Breloom|0 fnt\n|faint|p1b: Breloom\n|\n|upkeep\n|\n|t:|1683597082\n|switch|p1b: Flutter Mane|Flutter Mane, L50|100\/100\n|turn|4\n|\n|t:|1683597102\n|move|p1a: Dragonite|Extreme Speed|p2b: Chien-Pao\n|-damage|p2b: Chien-Pao|0 fnt\n|faint|p2b: Chien-Pao\n|move|p1b: Flutter Mane|Moonblast|p2a: Azumarill\n|-damage|p2a: Azumarill|45\/100\n|move|p2a: Azumarill|Liquidation|p1a: Dragonite\n|-damage|p1a: Dragonite|17\/100\n|\n|-sideend|p1: NekroKoopa|move: Tailwind\n|-sideend|p2: Indigosaffron|move: Tailwind\n|upkeep\n|turn|5\n|\n|t:|1683597114\n|move|p1b: Flutter Mane|Moonblast|p2a: Azumarill\n|-damage|p2a: Azumarill|0 fnt\n|faint|p2a: Azumarill\n|\n|win|NekroKoopa\n|raw|NekroKoopa's rating: 1516 → 1540<\/strong> (+24 for winning)\n|raw|Indigosaffron's rating: 1578 → 1554<\/strong> (-24 for losing)\n|l|\u2606Indigosaffron\n","uploadtime":1683597252,"views":12,"p1id":"nekrokoopa","p2id":"indigosaffron","formatid":"gen9vgc2023regulationc","rating":1540,"private":0,"password":""}