{"id":"gen9vgc2023regulationc-1845052527","p1":"Spearstorms","p2":"mtschmucker","format":"[Gen 9] VGC 2023 Regulation C","log":"|j|\u2606Spearstorms\n|j|\u2606mtschmucker\n|t:|1681678172\n|gametype|doubles\n|player|p1|Spearstorms|evelyn|\n|player|p2|mtschmucker|wallace|\n|teamsize|p1|6\n|teamsize|p2|6\n|gen|9\n|tier|[Gen 9] VGC 2023 Regulation C\n|rule|Species Clause: Limit one of each Pok\u00e9mon\n|rule|Item Clause: Limit one of each item\n|clearpoke\n|poke|p1|Iron Treads, L50|\n|poke|p1|Iron Hands, L50|\n|poke|p1|Breloom, L50, M|\n|poke|p1|Volcarona, L50, M|\n|poke|p1|Gothitelle, L50, M|\n|poke|p1|Scizor, L50, F|\n|poke|p2|Iron Bundle, L50|\n|poke|p2|Garganacl, L50, M|\n|poke|p2|Gallade, L50, M|\n|poke|p2|Brute Bonnet, L50|\n|poke|p2|Iron Moth, L50|\n|poke|p2|Arcanine, L50, M|\n|teampreview|4\nmtschmucker rejected open team sheets.\n|j| Victorystar22\n|j| Silverpowder\n|\n|t:|1681678244\n|start\n|switch|p1a: Gothitelle|Gothitelle, L50, M|100\/100\n|switch|p1b: Iron Hands|Iron Hands, L50|100\/100\n|switch|p2a: Gallade|Gallade, L50, M|100\/100\n|switch|p2b: Brute Bonnet|Brute Bonnet, L50|100\/100\n|turn|1\n|\n|t:|1681678309\n|-terastallize|p2b: Brute Bonnet|Ghost\n|move|p1b: Iron Hands|Fake Out|p2a: Gallade\n|-damage|p2a: Gallade|73\/100\n|cant|p2a: Gallade|flinch\n|move|p2b: Brute Bonnet|Bullet Seed|p1a: Gothitelle\n|-crit|p1a: Gothitelle\n|-damage|p1a: Gothitelle|78\/100\n|-damage|p1a: Gothitelle|63\/100\n|-damage|p1a: Gothitelle|47\/100\n|-damage|p1a: Gothitelle|32\/100\n|-hitcount|p1a: Gothitelle|4\n|move|p1a: Gothitelle|Trick Room|p1a: Gothitelle\n|-fieldstart|move: Trick Room|[of] p1a: Gothitelle\n|\n|upkeep\n|turn|2\n|\n|t:|1681678340\n|-end|p2b: Brute Bonnet|Protosynthesis|[silent]\n|switch|p2b: Arcanine|Arcanine, L50, M|100\/100\n|-ability|p2b: Arcanine|Intimidate|boost\n|-unboost|p1a: Gothitelle|atk|1\n|-unboost|p1b: Iron Hands|atk|1\n|-terastallize|p1b: Iron Hands|Grass\n|move|p1b: Iron Hands|Thunder Punch|p2b: Arcanine\n|-damage|p2b: Arcanine|73\/100\n|move|p1a: Gothitelle|Psychic|p2a: Gallade\n|-damage|p2a: Gallade|42\/100\n|move|p2a: Gallade|Psycho Cut|p1b: Iron Hands\n|-damage|p1b: Iron Hands|66\/100\n|\n|upkeep\n|turn|3\n|\n|t:|1681678379\n|move|p1b: Iron Hands|Close Combat|p2b: Arcanine\n|-damage|p2b: Arcanine|27\/100\n|-unboost|p1b: Iron Hands|def|1\n|-unboost|p1b: Iron Hands|spd|1\n|move|p1a: Gothitelle|Psychic|p2b: Arcanine\n|-crit|p2b: Arcanine\n|-damage|p2b: Arcanine|0 fnt\n|faint|p2b: Arcanine\n|move|p2a: Gallade|Psycho Cut|p1b: Iron Hands\n|-damage|p1b: Iron Hands|18\/100\n|\n|upkeep\n|\n|t:|1681678399\n|switch|p2b: Brute Bonnet|Brute Bonnet, L50, tera:Ghost|100\/100\n|turn|4\n|\n|t:|1681678411\n|move|p2b: Brute Bonnet|Sucker Punch||[still]\n|-fail|p2b: Brute Bonnet\n|move|p1b: Iron Hands|Thunder Punch|p2a: Gallade\n|-damage|p2a: Gallade|0 fnt\n|faint|p2a: Gallade\n|move|p1a: Gothitelle|Taunt|p2b: Brute Bonnet\n|-start|p2b: Brute Bonnet|move: Taunt\n|\n|upkeep\n|\n|t:|1681678420\n|switch|p2a: Iron Moth|Iron Moth, L50|100\/100\n|turn|5\n|\n|t:|1681678435\n|move|p1a: Gothitelle|Protect|p1a: Gothitelle\n|-singleturn|p1a: Gothitelle|Protect\n|move|p2a: Iron Moth|Protect|p2a: Iron Moth\n|-singleturn|p2a: Iron Moth|Protect\n|move|p1b: Iron Hands|Thunder Punch|p2b: Brute Bonnet\n|-damage|p2b: Brute Bonnet|75\/100\n|move|p2b: Brute Bonnet|Bullet Seed|p1a: Gothitelle\n|-activate|p1a: Gothitelle|move: Protect\n|\n|-fieldend|move: Trick Room\n|upkeep\n|turn|6\n|\n|t:|1681678460\n|-end|p1b: Iron Hands|Quark Drive|[silent]\n|switch|p1b: Breloom|Breloom, L50, M|100\/100\n|move|p2a: Iron Moth|Heat Wave|p1a: Gothitelle|[spread] p1a,p1b\n|-supereffective|p1b: Breloom\n|-crit|p1b: Breloom\n|-damage|p1a: Gothitelle|0 fnt\n|-enditem|p1b: Breloom|Focus Sash\n|-damage|p1b: Breloom|1\/100\n|-status|p1b: Breloom|brn\n|faint|p1a: Gothitelle\n|-damage|p2a: Iron Moth|91\/100|[from] item: Life Orb\n|move|p2b: Brute Bonnet|Bullet Seed|p1b: Breloom\n|-resisted|p1b: Breloom\n|-damage|p1b: Breloom|0 fnt\n|faint|p1b: Breloom\n|-hitcount|p1: Breloom|1\n|\n|upkeep\n|\n|t:|1681678466\n|switch|p1b: Iron Hands|Iron Hands, L50, tera:Grass|18\/100\n|switch|p1a: Iron Treads|Iron Treads, L50|100\/100\n|-enditem|p1a: Iron Treads|Booster Energy\n|-activate|p1a: Iron Treads|ability: Quark Drive|[fromitem]\n|-start|p1a: Iron Treads|quarkdriveatk\n|turn|7\n|\n|t:|1681678515\n|move|p2a: Iron Moth|Protect|p2a: Iron Moth\n|-singleturn|p2a: Iron Moth|Protect\n|move|p2b: Brute Bonnet|Sucker Punch|p1a: Iron Treads\n|-damage|p1a: Iron Treads|70\/100\n|move|p1a: Iron Treads|Iron Head|p2b: Brute Bonnet\n|-damage|p2b: Brute Bonnet|34\/100\n|move|p1b: Iron Hands|Thunder Punch|p2b: Brute Bonnet\n|-damage|p2b: Brute Bonnet|0 fnt\n|faint|p2b: Brute Bonnet\n|-end|p2b: Brute Bonnet|Protosynthesis|[silent]\n|\n|upkeep\n|turn|8\n|\n|t:|1681678528\n|move|p2a: Iron Moth|Heat Wave|p1b: Iron Hands|[spread] p1a\n|-miss|p2a: Iron Moth|p1b: Iron Hands\n|-supereffective|p1a: Iron Treads\n|-damage|p1a: Iron Treads|0 fnt\n|faint|p1a: Iron Treads\n|-end|p1a: Iron Treads|Quark Drive|[silent]\n|-damage|p2a: Iron Moth|81\/100|[from] item: Life Orb\n|move|p1b: Iron Hands|Thunder Punch|p2a: Iron Moth\n|-damage|p2a: Iron Moth|5\/100\n|\n|upkeep\n|turn|9\n|\n|t:|1681678538\n|move|p2a: Iron Moth|Fiery Dance|p1b: Iron Hands\n|-supereffective|p1b: Iron Hands\n|-damage|p1b: Iron Hands|0 fnt\n|faint|p1b: Iron Hands\n|-end|p1b: Iron Hands|Quark Drive|[silent]\n|-damage|p2a: Iron Moth|0 fnt|[from] item: Life Orb\n|faint|p2a: Iron Moth\n|-end|p2a: Iron Moth|Quark Drive|[silent]\n|\n|win|mtschmucker\n|l|\u2606Spearstorms\n","uploadtime":1681678548,"views":12,"p1id":"spearstorms","p2id":"mtschmucker","formatid":"gen9vgc2023regulationc","rating":0,"private":0,"password":""}