{"id":"gen9vgc2023regulationc-1859598579","p1":"filthy_sanchez","p2":"gEBEMBA","format":"[Gen 9] VGC 2023 Regulation C","log":"|j|\u2606filthy_sanchez\n|j|\u2606gEBEMBA\n|t:|1683547137\n|gametype|doubles\n|player|p1|filthy_sanchez|102|\n|player|p2|gEBEMBA|101|\n|teamsize|p1|6\n|teamsize|p2|6\n|gen|9\n|tier|[Gen 9] VGC 2023 Regulation C\n|rule|Species Clause: Limit one of each Pok\u00e9mon\n|rule|Item Clause: Limit one of each item\n|clearpoke\n|poke|p1|Toxicroak, L50, M|\n|poke|p1|Ting-Lu, L50|\n|poke|p1|Rotom-Mow, L50|\n|poke|p1|Azumarill, L50, M|\n|poke|p1|Pelipper, L50, F|\n|poke|p1|Barraskewda, L50, M|\n|poke|p2|Scovillain, L50, M|\n|poke|p2|Tauros-Paldea-Combat, L50, M|\n|poke|p2|Roaring Moon, L50|\n|poke|p2|Gyarados, L50, F|\n|poke|p2|Electrode, L50|\n|poke|p2|Maushold, L50|\n|teampreview|4\n|j| Freischieb\nfilthy_sanchez has agreed to open team sheets.\ngEBEMBA has agreed to open team sheets.\n|j| Tonsoffamage\n|j| ethan06\n|inactive|Battle timer is ON: inactive players will automatically lose when time's up. (requested by gEBEMBA)\n|inactiveoff|Battle timer is now OFF.\n|\n|t:|1683547303\n|start\n|switch|p1a: Rotom|Rotom-Mow, L50|100\/100\n|switch|p1b: Ting-Lu|Ting-Lu, L50|100\/100\n|switch|p2a: Jasonnn|Gyarados, L50, F|100\/100\n|switch|p2b: Jasonn|Electrode, L50|100\/100\n|-ability|p2a: Jasonnn|Intimidate|boost\n|-unboost|p1a: Rotom|atk|1\n|-unboost|p1b: Ting-Lu|atk|1\n|-ability|p1b: Ting-Lu|Vessel of Ruin\n|turn|1\n|c| ethan06|g1\n|c| Tonsoffamage|gg\n|c| Freischieb|glhf\n|j| D4nkw33b\n|c| D4nkw33b|gg\n|\n|t:|1683547345\n|switch|p2b: Jason|Maushold, L50|100\/100\n|switch|p2a: Jasonnnnnn|Scovillain, L50, M|100\/100\n|move|p1a: Rotom|Protect|p1a: Rotom\n|-singleturn|p1a: Rotom|Protect\n|move|p1b: Ting-Lu|Fissure|p2b: Jason|[miss]\n|-miss|p1b: Ting-Lu|p2b: Jason\n|\n|upkeep\n|turn|2\n|c| ethan06|wp\n|\n|t:|1683547373\n|move|p2b: Jason|Sunny Day|p2b: Jason\n|-weather|SunnyDay\n|move|p2a: Jasonnnnnn|Flamethrower|p1a: Rotom\n|-supereffective|p1a: Rotom\n|-damage|p1a: Rotom|0 fnt\n|faint|p1a: Rotom\n|move|p1b: Ting-Lu|Stomping Tantrum|p2b: Jason\n|-damage|p2b: Jason|34\/100\n|\n|-weather|SunnyDay|[upkeep]\n|upkeep\n|\n|t:|1683547383\n|switch|p1a: Pelipper|Pelipper, L50, F|100\/100\n|-weather|RainDance|[from] ability: Drizzle|[of] p1a: Pelipper\n|turn|3\n|\n|t:|1683547410\n|-terastallize|p2a: Jasonnnnnn|Ghost\n|move|p2b: Jason|Sunny Day|p2b: Jason\n|-weather|SunnyDay\n|move|p2a: Jasonnnnnn|Growth|p2a: Jasonnnnnn\n|-boost|p2a: Jasonnnnnn|atk|2\n|-boost|p2a: Jasonnnnnn|spa|2\n|move|p1a: Pelipper|Hurricane|p2a: Jasonnnnnn|[miss]\n|-miss|p1a: Pelipper|p2a: Jasonnnnnn\n|move|p1b: Ting-Lu|Throat Chop|p2b: Jason\n|-damage|p2b: Jason|0 fnt\n|faint|p2b: Jason\n|\n|-weather|SunnyDay|[upkeep]\n|upkeep\n|\n|t:|1683547417\n|switch|p2b: Jasonn|Electrode, L50|100\/100\n|turn|4\n|\n|t:|1683547432\n|move|p1a: Pelipper|Protect|p1a: Pelipper\n|-singleturn|p1a: Pelipper|Protect\n|move|p2a: Jasonnnnnn|Energy Ball|p1b: Ting-Lu\n|-supereffective|p1b: Ting-Lu\n|-damage|p1b: Ting-Lu|10\/100\n|-unboost|p1b: Ting-Lu|spd|1\n|move|p2b: Jasonn|Volt Switch|p1a: Pelipper\n|-activate|p1a: Pelipper|move: Protect\n|move|p1b: Ting-Lu|Stomping Tantrum|p2b: Jasonn\n|-supereffective|p2b: Jasonn\n|-damage|p2b: Jasonn|12\/100\n|\n|-weather|SunnyDay|[upkeep]\n|upkeep\n|turn|5\n|\n|t:|1683547462\n|switch|p1a: Toxicroak|Toxicroak, L50, M|100\/100\n|move|p2a: Jasonnnnnn|Energy Ball|p1b: Ting-Lu\n|-supereffective|p1b: Ting-Lu\n|-damage|p1b: Ting-Lu|0 fnt\n|faint|p1b: Ting-Lu\n|move|p2b: Jasonn|Volt Switch|p1a: Toxicroak\n|-damage|p1a: Toxicroak|59\/100\n|\n|t:|1683547470\n|switch|p2b: Jasonnn|Gyarados, L50, F|100\/100|[from] Volt Switch\n|-ability|p2b: Jasonnn|Intimidate|boost\n|-unboost|p1a: Toxicroak|atk|1\n|\n|-weather|SunnyDay|[upkeep]\n|-damage|p1a: Toxicroak|47\/100|[from] ability: Dry Skin|[of] p1a: Toxicroak\n|upkeep\n|\n|t:|1683547478\n|switch|p1b: Pelipper|Pelipper, L50, F|100\/100\n|-weather|RainDance|[from] ability: Drizzle|[of] p1b: Pelipper\n|turn|6\n|\n|t:|1683547503\n|-terastallize|p1a: Toxicroak|Steel\n|move|p2a: Jasonnnnnn|Protect|p2a: Jasonnnnnn\n|-singleturn|p2a: Jasonnnnnn|Protect\n|move|p2b: Jasonnn|Icy Wind|p1a: Toxicroak|[spread] p1a,p1b\n|-resisted|p1a: Toxicroak\n|-damage|p1a: Toxicroak|41\/100\n|-damage|p1b: Pelipper|84\/100\n|-unboost|p1a: Toxicroak|spe|1\n|-unboost|p1b: Pelipper|spe|1\n|move|p1b: Pelipper|Hurricane|p2a: Jasonnnnnn\n|-activate|p2a: Jasonnnnnn|move: Protect\n|move|p1a: Toxicroak|Gunk Shot|p2b: Jasonnn\n|-damage|p2b: Jasonnn|46\/100\n|-status|p2b: Jasonnn|psn\n|\n|-weather|RainDance|[upkeep]\n|-heal|p1a: Toxicroak|53\/100|[from] ability: Dry Skin\n|-damage|p2b: Jasonnn|33\/100 psn|[from] psn\n|upkeep\n|turn|7\n|\n|t:|1683547606\n|move|p1a: Toxicroak|Sucker Punch|p2a: Jasonnnnnn\n|-supereffective|p2a: Jasonnnnnn\n|-damage|p2a: Jasonnnnnn|37\/100\n|move|p2b: Jasonnn|Waterfall|p1b: Pelipper\n|-resisted|p1b: Pelipper\n|-damage|p1b: Pelipper|51\/100\n|move|p2a: Jasonnnnnn|Flamethrower|p1a: Toxicroak\n|-supereffective|p1a: Toxicroak\n|-damage|p1a: Toxicroak|0 fnt\n|faint|p1a: Toxicroak\n|move|p1b: Pelipper|Tailwind|p1b: Pelipper\n|-sidestart|p1: filthy_sanchez|move: Tailwind\n|\n|-weather|RainDance|[upkeep]\n|-damage|p2b: Jasonnn|21\/100 psn|[from] psn\n|upkeep\n|turn|8\n|\n|t:|1683547629\n|move|p2b: Jasonnn|Protect|p2b: Jasonnn\n|-singleturn|p2b: Jasonnn|Protect\n|move|p2a: Jasonnnnnn|Protect|p2a: Jasonnnnnn\n|-singleturn|p2a: Jasonnnnnn|Protect\n|move|p1b: Pelipper|Hurricane|p2a: Jasonnnnnn\n|-activate|p2a: Jasonnnnnn|move: Protect\n|\n|-weather|RainDance|[upkeep]\n|-damage|p2b: Jasonnn|9\/100 psn|[from] psn\n|upkeep\n|turn|9\n|\n|t:|1683547648\n|move|p1b: Pelipper|Hurricane|p2a: Jasonnnnnn\n|-damage|p2a: Jasonnnnnn|0 fnt\n|faint|p2a: Jasonnnnnn\n|move|p2b: Jasonnn|Icy Wind|p1b: Pelipper\n|-damage|p1b: Pelipper|29\/100\n|-unboost|p1b: Pelipper|spe|1\n|\n|-weather|RainDance|[upkeep]\n|-damage|p2b: Jasonnn|0 fnt|[from] psn\n|faint|p2b: Jasonnn\n|upkeep\n|\n|t:|1683547652\n|switch|p2a: Jasonn|Electrode, L50|12\/100\n|turn|10\n|\n|t:|1683547670\n|move|p2a: Jasonn|Thunderbolt|p1b: Pelipper\n|-supereffective|p1b: Pelipper\n|-damage|p1b: Pelipper|0 fnt\n|faint|p1b: Pelipper\n|\n|win|gEBEMBA\n","uploadtime":1683547684,"views":5,"p1id":"filthysanchez","p2id":"gebemba","formatid":"gen9vgc2023regulationc","rating":0,"private":0,"password":""}