{"id":"gen9vgc2023regulationc-1856405402","p1":"fatdaddymac","p2":"Pikaberto","format":"[Gen 9] VGC 2023 Regulation C","log":"|j|\u2606fatdaddymac\n|j|\u2606Pikaberto\n|t:|1683058285\n|gametype|doubles\n|player|p1|fatdaddymac|waiter-gen4|1132\n|player|p2|Pikaberto|101|1067\n|teamsize|p1|6\n|teamsize|p2|6\n|gen|9\n|tier|[Gen 9] VGC 2023 Regulation C\n|rated|\n|rule|Species Clause: Limit one of each Pok\u00e9mon\n|rule|Item Clause: Limit one of each item\n|clearpoke\n|poke|p1|Oricorio-Pom-Pom, L50, M|\n|poke|p1|Volcarona, L50, M|\n|poke|p1|Indeedee-F, L50, F|\n|poke|p1|Iron Hands, L50|\n|poke|p1|Grimmsnarl, L50, M|\n|poke|p1|Sableye, L50, F|\n|poke|p2|Murkrow, L50, M|\n|poke|p2|Great Tusk, L50|\n|poke|p2|Oranguru, L50, M|\n|poke|p2|Armarouge, L50, M|\n|poke|p2|Tsareena, L50, F|\n|poke|p2|Blissey, L50, F|\n|teampreview|4\nPikaberto has agreed to open team sheets.\n|\n|t:|1683058365\n|start\n|switch|p1a: Oricorio|Oricorio-Pom-Pom, L50, M, shiny|100\/100\n|switch|p1b: Volcarona|Volcarona, L50, M, shiny|100\/100\n|switch|p2a: Tsareena|Tsareena, L50, F|100\/100\n|switch|p2b: Blissey|Blissey, L50, F|100\/100\n|turn|1\n|\n|t:|1683058390\n|switch|p2a: Armarouge|Armarouge, L50, M|100\/100\n|move|p1b: Volcarona|Fiery Dance|p2a: Armarouge\n|-start|p2a: Armarouge|ability: Flash Fire\n|move|p1a: Oricorio|Quiver Dance|p1a: Oricorio\n|-boost|p1a: Oricorio|spa|1\n|-boost|p1a: Oricorio|spd|1\n|-boost|p1a: Oricorio|spe|1\n|move|p2b: Blissey|Fling|p2a: Armarouge\n|-supereffective|p2a: Armarouge\n|-damage|p2a: Armarouge|98\/100\n|-boost|p2a: Armarouge|spa|1|[from] item: Petaya Berry\n|-enditem|p2a: Armarouge|Weakness Policy\n|-boost|p2a: Armarouge|atk|2|[from] item: Weakness Policy\n|-boost|p2a: Armarouge|spa|2|[from] item: Weakness Policy\n|-enditem|p2b: Blissey|Petaya Berry|[from] move: Fling\n|\n|upkeep\n|turn|2\n|\n|t:|1683058413\n|switch|p2b: Murkrow|Murkrow, L50, M|100\/100\n|-terastallize|p1b: Volcarona|Flying\n|move|p2a: Armarouge|Protect|p2a: Armarouge\n|-singleturn|p2a: Armarouge|Protect\n|move|p1a: Oricorio|Revelation Dance|p2a: Armarouge\n|-activate|p2a: Armarouge|move: Protect\n|move|p1b: Volcarona|Tera Blast|p2a: Armarouge\n|-activate|p2a: Armarouge|move: Protect\n|\n|upkeep\n|turn|3\n|\n|t:|1683058454\n|move|p2b: Murkrow|Quash|p1a: Oricorio\n|-activate|p1a: Oricorio|move: Quash\n|move|p1b: Volcarona|Fiery Dance|p2b: Murkrow\n|-damage|p2b: Murkrow|52\/100\n|-boost|p1b: Volcarona|spa|1\n|-activate|p1a: Oricorio|ability: Dancer\n|move|p1a: Oricorio|Fiery Dance|p2b: Murkrow|[from]ability: Dancer\n|-damage|p2b: Murkrow|5\/100\n|move|p2a: Armarouge|Armor Cannon|p1a: Oricorio\n|-damage|p1a: Oricorio|0 fnt\n|-unboost|p2a: Armarouge|def|1\n|-unboost|p2a: Armarouge|spd|1\n|faint|p1a: Oricorio\n|\n|upkeep\n|\n|t:|1683058471\n|switch|p1a: Indeedee|Indeedee-F, L50, F, shiny|100\/100\n|turn|4\n|\n|t:|1683058496\n|move|p1a: Indeedee|Follow Me|p1a: Indeedee\n|-singleturn|p1a: Indeedee|move: Follow Me\n|move|p2b: Murkrow|Tailwind|p2b: Murkrow\n|-sidestart|p2: Pikaberto|move: Tailwind\n|move|p2a: Armarouge|Armor Cannon|p1a: Indeedee\n|-damage|p1a: Indeedee|0 fnt\n|-unboost|p2a: Armarouge|def|1\n|-unboost|p2a: Armarouge|spd|1\n|faint|p1a: Indeedee\n|move|p1b: Volcarona|Fiery Dance|p2b: Murkrow\n|-damage|p2b: Murkrow|0 fnt\n|faint|p2b: Murkrow\n|\n|upkeep\n|\n|t:|1683058511\n|switch|p2b: Tsareena|Tsareena, L50, F|100\/100\n|switch|p1a: Iron Hands|Iron Hands, L50, shiny|100\/100\n|turn|5\n|\n|t:|1683058538\n|move|p2b: Tsareena|Trop Kick|p1a: Iron Hands\n|-damage|p1a: Iron Hands|78\/100\n|-unboost|p1a: Iron Hands|atk|1\n|move|p2a: Armarouge|Expanding Force|p1b: Volcarona\n|-damage|p1b: Volcarona|0 fnt\n|faint|p1b: Volcarona\n|move|p1a: Iron Hands|Belly Drum|p1a: Iron Hands\n|-damage|p1a: Iron Hands|28\/100\n|-setboost|p1a: Iron Hands|atk|6|[from] move: Belly Drum\n|\n|upkeep\n|turn|6\n|\n|t:|1683058558\n|-terastallize|p2b: Tsareena|Flying\n|move|p2b: Tsareena|Acrobatics|p1a: Iron Hands\n|-damage|p1a: Iron Hands|10\/100\n|move|p2a: Armarouge|Expanding Force|p1a: Iron Hands\n|-supereffective|p1a: Iron Hands\n|-damage|p1a: Iron Hands|0 fnt\n|faint|p1a: Iron Hands\n|-end|p1a: Iron Hands|Quark Drive|[silent]\n|\n|win|Pikaberto\n|raw|fatdaddymac's rating: 1132 → 1102<\/strong> (-30 for losing)\n|raw|Pikaberto's rating: 1067 → 1102<\/strong> (+35 for winning)\n|l|\u2606fatdaddymac\n|c|\u2606Pikaberto|gg\n","uploadtime":1683058571,"views":5,"p1id":"fatdaddymac","p2id":"pikaberto","formatid":"gen9vgc2023regulationc","rating":1102,"private":0,"password":""}