{"id":"gen9vgc2023regulationc-1847191873","p1":"fyfyy","p2":"Nexnun","format":"[Gen 9] VGC 2023 Regulation C","log":"|j|\u2606fyfyy\n|j|\u2606Nexnun\n|t:|1681926578\n|gametype|doubles\n|player|p1|fyfyy|265|1360\n|player|p2|Nexnun|2|1305\n|teamsize|p1|6\n|teamsize|p2|6\n|gen|9\n|tier|[Gen 9] VGC 2023 Regulation C\n|rated|\n|rule|Species Clause: Limit one of each Pok\u00e9mon\n|rule|Item Clause: Limit one of each item\n|clearpoke\n|poke|p1|Palafin, L50, M|\n|poke|p1|Roaring Moon, L50|\n|poke|p1|Amoonguss, L50, F|\n|poke|p1|Chien-Pao, L50|\n|poke|p1|Flutter Mane, L50|\n|poke|p1|Kingambit, L50, F|\n|poke|p2|Hariyama, L50, F|\n|poke|p2|Indeedee-F, L50, F|\n|poke|p2|Oranguru, L50, M|\n|poke|p2|Kingambit, L50, F|\n|poke|p2|Hatterene, L50, F|\n|poke|p2|Torkoal, L50, M|\n|teampreview|4\n|inactive|Battle timer is ON: inactive players will automatically lose when time's up. (requested by Nexnun)\n|inactive|Nexnun has 60 seconds left.\n|\n|t:|1681926630\n|start\n|switch|p1a: Flutter Mane|Flutter Mane, L50|100\/100\n|switch|p1b: Chien-Pao|Chien-Pao, L50|100\/100\n|switch|p2a: Oranguru|Oranguru, L50, M|100\/100\n|switch|p2b: Hariyama|Hariyama, L50, F|100\/100\n|-ability|p1b: Chien-Pao|Sword of Ruin\n|turn|1\n|\n|t:|1681926647\n|-terastallize|p1b: Chien-Pao|Ghost\n|-terastallize|p2b: Hariyama|Steel\n|move|p1b: Chien-Pao|Throat Chop|p2a: Oranguru\n|-supereffective|p2a: Oranguru\n|-damage|p2a: Oranguru|0 fnt\n|faint|p2a: Oranguru\n|move|p1a: Flutter Mane|Dazzling Gleam|p2b: Hariyama\n|-resisted|p2b: Hariyama\n|-damage|p2b: Hariyama|71\/100\n|move|p2b: Hariyama|Earthquake|p1b: Chien-Pao|[spread] p1a,p1b\n|-damage|p1a: Flutter Mane|47\/100\n|-damage|p1b: Chien-Pao|63\/100\n|\n|-status|p2b: Hariyama|brn|[from] item: Flame Orb\n|upkeep\n|\n|t:|1681926658\n|switch|p2a: Kingambit|Kingambit, L50, F|100\/100\n|turn|2\n|inactive|Nexnun has 30 seconds left.\n|\n|t:|1681926688\n|switch|p2b: Hatterene|Hatterene, L50, F|100\/100\n|move|p1b: Chien-Pao|Sucker Punch||[still]\n|-fail|p1b: Chien-Pao\n|move|p2a: Kingambit|Sucker Punch|p1a: Flutter Mane\n|-damage|p1a: Flutter Mane|0 fnt\n|faint|p1a: Flutter Mane\n|-end|p1a: Flutter Mane|Protosynthesis|[silent]\n|\n|upkeep\n|\n|t:|1681926698\n|switch|p1a: Kingambit|Kingambit, L50, F|100\/100\n|turn|3\n|\n|t:|1681926713\n|switch|p1b: Amoonguss|Amoonguss, L50, F|100\/100\n|move|p2a: Kingambit|Sucker Punch||[still]\n|-fail|p2a: Kingambit\n|move|p1a: Kingambit|Kowtow Cleave|p2b: Hatterene\n|-damage|p2b: Hatterene|51\/100\n|move|p2b: Hatterene|Trick Room|p2b: Hatterene\n|-fieldstart|move: Trick Room|[of] p2b: Hatterene\n|\n|upkeep\n|turn|4\n|\n|t:|1681926729\n|move|p2b: Hatterene|Psychic|p1b: Amoonguss\n|-supereffective|p1b: Amoonguss\n|-damage|p1b: Amoonguss|2\/100\n|-enditem|p1b: Amoonguss|Sitrus Berry|[eat]\n|-heal|p1b: Amoonguss|27\/100|[from] item: Sitrus Berry\n|-damage|p2b: Hatterene|41\/100|[from] item: Life Orb\n|move|p1b: Amoonguss|Spore|p2a: Kingambit\n|-activate|p2a: Kingambit|item: Safety Goggles|Spore\n|move|p2a: Kingambit|Swords Dance|p2a: Kingambit\n|-boost|p2a: Kingambit|atk|2\n|move|p1a: Kingambit|Kowtow Cleave|p2b: Hatterene\n|-damage|p2b: Hatterene|0 fnt\n|faint|p2b: Hatterene\n|\n|upkeep\n|\n|t:|1681926738\n|switch|p2b: Hariyama|Hariyama, L50, F, tera:Steel|71\/100 brn\n|turn|5\n|inactive|Nexnun has 30 seconds left.\n|\n|t:|1681926767\n|move|p1b: Amoonguss|Rage Powder|p1b: Amoonguss\n|-singleturn|p1b: Amoonguss|move: Rage Powder\n|move|p2b: Hariyama|Close Combat|p1b: Amoonguss\n|-resisted|p1b: Amoonguss\n|-damage|p1b: Amoonguss|0 fnt\n|-unboost|p2b: Hariyama|def|1\n|-unboost|p2b: Hariyama|spd|1\n|faint|p1b: Amoonguss\n|move|p2a: Kingambit|Kowtow Cleave|p1a: Kingambit\n|-resisted|p1a: Kingambit\n|-damage|p1a: Kingambit|62\/100\n|move|p1a: Kingambit|Kowtow Cleave|p2b: Hariyama\n|-damage|p2b: Hariyama|0 fnt\n|faint|p2b: Hariyama\n|\n|upkeep\n|\n|t:|1681926781\n|switch|p1b: Chien-Pao|Chien-Pao, L50, tera:Ghost|63\/100\n|-ability|p1b: Chien-Pao|Sword of Ruin\n|turn|6\n|\n|t:|1681926791\n|move|p2a: Kingambit|Kowtow Cleave|p1b: Chien-Pao\n|-supereffective|p1b: Chien-Pao\n|-damage|p1b: Chien-Pao|0 fnt\n|faint|p1b: Chien-Pao\n|move|p1a: Kingambit|Swords Dance|p1a: Kingambit\n|-boost|p1a: Kingambit|atk|2\n|\n|upkeep\n|turn|7\n|inactive|Nexnun has 30 seconds left.\n|inactive|Nexnun has 20 seconds left.\n|\n|t:|1681926828\n|move|p2a: Kingambit|Kowtow Cleave|p1a: Kingambit\n|-resisted|p1a: Kingambit\n|-damage|p1a: Kingambit|24\/100\n|move|p1a: Kingambit|Kowtow Cleave|p2a: Kingambit\n|-resisted|p2a: Kingambit\n|-crit|p2a: Kingambit\n|-damage|p2a: Kingambit|45\/100\n|\n|-fieldend|move: Trick Room\n|upkeep\n|turn|8\n|\n|t:|1681926840\n|move|p2a: Kingambit|Sucker Punch|p1a: Kingambit\n|-resisted|p1a: Kingambit\n|-damage|p1a: Kingambit|0 fnt\n|faint|p1a: Kingambit\n|\n|win|Nexnun\n|raw|fyfyy's rating: 1360 → 1337<\/strong> (-23 for losing)\n|raw|Nexnun's rating: 1305 → 1328<\/strong> (+23 for winning)\n|l|\u2606fyfyy\n","uploadtime":1681926853,"views":12,"p1id":"fyfyy","p2id":"nexnun","formatid":"gen9vgc2023regulationc","rating":1328,"private":0,"password":""}