{"id":"gen9vgc2023regulationc-1850934756","p1":"Seabear2112","p2":"Vuekora","format":"[Gen 9] VGC 2023 Regulation C","log":"|j|\u2606Seabear2112\n|j|\u2606Vuekora\n|t:|1682384111\n|gametype|doubles\n|player|p1|Seabear2112|guitarist|1140\n|player|p2|Vuekora|dawn-gen4pt|1131\n|teamsize|p1|6\n|teamsize|p2|6\n|gen|9\n|tier|[Gen 9] VGC 2023 Regulation C\n|rated|\n|rule|Species Clause: Limit one of each Pok\u00e9mon\n|rule|Item Clause: Limit one of each item\n|clearpoke\n|poke|p1|Iron Bundle, L50|\n|poke|p1|Kingambit, L50, F|\n|poke|p1|Wo-Chien, L50|\n|poke|p1|Glimmora, L50, M|\n|poke|p1|Arcanine, L50, M|\n|poke|p1|Flutter Mane, L50|\n|poke|p2|Sableye, L50, M|\n|poke|p2|Kingambit, L50, M|\n|poke|p2|Tyranitar, L50, M|\n|poke|p2|Volcarona, L50, M|\n|poke|p2|Oricorio-Pom-Pom, L50, M|\n|poke|p2|Gholdengo, L50|\n|teampreview|4\n|\n|t:|1682384140\n|start\n|switch|p1a: Glimmora|Glimmora, L50, M|100\/100\n|switch|p1b: Arcanine|Arcanine, L50, M|100\/100\n|switch|p2a: Sableye|Sableye, L50, M|100\/100\n|switch|p2b: Gholdengo|Gholdengo, L50|100\/100\n|-ability|p1b: Arcanine|Intimidate|boost\n|-unboost|p2a: Sableye|atk|1\n|-unboost|p2b: Gholdengo|atk|1\n|turn|1\n|inactive|Battle timer is ON: inactive players will automatically lose when time's up. (requested by Seabear2112)\n|\n|t:|1682384162\n|move|p2a: Sableye|Reflect|p2a: Sableye\n|-sidestart|p2: Vuekora|Reflect\n|move|p1b: Arcanine|Snarl|p2b: Gholdengo|[spread] p2a,p2b\n|-supereffective|p2b: Gholdengo\n|-damage|p2a: Sableye|90\/100\n|-damage|p2b: Gholdengo|81\/100\n|-unboost|p2a: Sableye|spa|1\n|-unboost|p2b: Gholdengo|spa|1\n|move|p1a: Glimmora|Mortal Spin|p2a: Sableye|[spread] p2a\n|-immune|p2b: Gholdengo\n|-resisted|p2a: Sableye\n|-damage|p2a: Sableye|88\/100\n|-status|p2a: Sableye|psn\n|move|p2b: Gholdengo|Make It Rain|p1a: Glimmora|[spread] p1a,p1b\n|-supereffective|p1a: Glimmora\n|-resisted|p1b: Arcanine\n|-damage|p1a: Glimmora|0 fnt\n|-damage|p1b: Arcanine|66\/100\n|-unboost|p2b: Gholdengo|spa|1\n|faint|p1a: Glimmora\n|\n|-damage|p2a: Sableye|76\/100 psn|[from] psn\n|upkeep\n|\n|t:|1682384184\n|switch|p1a: Kingambit|Kingambit, L50, F|100\/100\n|turn|2\n|\n|t:|1682384194\n|move|p2a: Sableye|Disable|p1b: Arcanine\n|-start|p1b: Arcanine|Disable|Snarl\n|cant|p1b: Arcanine|Disable|Snarl\n|move|p2b: Gholdengo|Make It Rain|p1b: Arcanine|[spread] p1a,p1b\n|-resisted|p1a: Kingambit\n|-resisted|p1b: Arcanine\n|-damage|p1a: Kingambit|81\/100\n|-damage|p1b: Arcanine|42\/100\n|-unboost|p2b: Gholdengo|spa|1\n|-enditem|p1b: Arcanine|Sitrus Berry|[eat]\n|-heal|p1b: Arcanine|67\/100|[from] item: Sitrus Berry\n|move|p1a: Kingambit|Assurance|p2b: Gholdengo\n|-supereffective|p2b: Gholdengo\n|-damage|p2b: Gholdengo|39\/100\n|\n|-damage|p2a: Sableye|64\/100 psn|[from] psn\n|upkeep\n|turn|3\n|\n|t:|1682384213\n|move|p2a: Sableye|Light Screen|p2a: Sableye\n|-sidestart|p2: Vuekora|move: Light Screen\n|move|p1b: Arcanine|Flare Blitz|p2b: Gholdengo\n|-supereffective|p2b: Gholdengo\n|-damage|p2b: Gholdengo|0 fnt\n|faint|p2b: Gholdengo\n|-damage|p1b: Arcanine|52\/100|[from] Recoil\n|move|p1a: Kingambit|Iron Head|p2a: Sableye\n|-damage|p2a: Sableye|26\/100 psn\n|\n|-damage|p2a: Sableye|14\/100 psn|[from] psn\n|upkeep\n|\n|t:|1682384223\n|switch|p2b: Volcarona|Volcarona, L50, M|100\/100\n|turn|4\n|\n|t:|1682384237\n|switch|p2a: Oricorio|Oricorio-Pom-Pom, L50, M|100\/100\n|-terastallize|p1a: Kingambit|Flying\n|move|p1b: Arcanine|Flare Blitz|p2b: Volcarona\n|-damage|p2b: Volcarona|58\/100\n|-damage|p1b: Arcanine|36\/100|[from] Recoil\n|move|p2b: Volcarona|Quiver Dance|p2b: Volcarona\n|-boost|p2b: Volcarona|spa|1\n|-boost|p2b: Volcarona|spd|1\n|-boost|p2b: Volcarona|spe|1\n|-activate|p2a: Oricorio|ability: Dancer\n|move|p2a: Oricorio|Quiver Dance|p2a: Oricorio|[from]ability: Dancer\n|-boost|p2a: Oricorio|spa|1\n|-boost|p2a: Oricorio|spd|1\n|-boost|p2a: Oricorio|spe|1\n|move|p1a: Kingambit|Tera Blast|p2b: Volcarona\n|-supereffective|p2b: Volcarona\n|-damage|p2b: Volcarona|0 fnt\n|faint|p2b: Volcarona\n|\n|upkeep\n|\n|t:|1682384255\n|switch|p2b: Sableye|Sableye, L50, M|14\/100 psn\n|turn|5\n|\n|t:|1682384273\n|move|p2b: Sableye|Encore|p1a: Kingambit\n|-start|p1a: Kingambit|Encore\n|move|p2a: Oricorio|Revelation Dance|p1a: Kingambit\n|-supereffective|p1a: Kingambit\n|-damage|p1a: Kingambit|0 fnt\n|faint|p1a: Kingambit\n|move|p1b: Arcanine|Flare Blitz|p2a: Oricorio\n|-damage|p2a: Oricorio|58\/100\n|-damage|p1b: Arcanine|21\/100|[from] Recoil\n|\n|-damage|p2b: Sableye|2\/100 psn|[from] psn\n|-end|p1b: Arcanine|Disable\n|upkeep\n|\n|t:|1682384285\n|switch|p1a: Iron Bundle|Iron Bundle, L50|100\/100\n|-enditem|p1a: Iron Bundle|Booster Energy\n|-activate|p1a: Iron Bundle|ability: Quark Drive|[fromitem]\n|-start|p1a: Iron Bundle|quarkdrivespe\n|turn|6\n|inactive|Vuekora has 30 seconds left.\n|\n|t:|1682384319\n|move|p2b: Sableye|Disable|p1b: Arcanine\n|-start|p1b: Arcanine|Disable|Flare Blitz\n|move|p1a: Iron Bundle|Freeze-Dry|p2a: Oricorio\n|-supereffective|p2a: Oricorio\n|-damage|p2a: Oricorio|18\/100\n|-enditem|p2a: Oricorio|Sitrus Berry|[eat]\n|-heal|p2a: Oricorio|43\/100|[from] item: Sitrus Berry\n|move|p2a: Oricorio|Revelation Dance|p1a: Iron Bundle\n|-supereffective|p1a: Iron Bundle\n|-crit|p1a: Iron Bundle\n|-damage|p1a: Iron Bundle|0 fnt\n|faint|p1a: Iron Bundle\n|-end|p1a: Iron Bundle|Quark Drive|[silent]\n|cant|p1b: Arcanine|Disable|Flare Blitz\n|\n|-damage|p2b: Sableye|0 fnt|[from] psn\n|faint|p2b: Sableye\n|upkeep\n|turn|7\n|\n|t:|1682384340\n|-terastallize|p2a: Oricorio|Ghost\n|move|p1b: Arcanine|Extreme Speed|p2a: Oricorio\n|-immune|p2a: Oricorio\n|move|p2a: Oricorio|Revelation Dance|p1b: Arcanine\n|-damage|p1b: Arcanine|0 fnt\n|faint|p1b: Arcanine\n|\n|win|Vuekora\n|raw|Seabear2112's rating: 1140 → 1114<\/strong> (-26 for losing)\n|raw|Vuekora's rating: 1131 → 1157<\/strong> (+26 for winning)\n|l|\u2606Seabear2112\n","uploadtime":1682384353,"views":18,"p1id":"seabear2112","p2id":"vuekora","formatid":"gen9vgc2023regulationc","rating":1114,"private":0,"password":""}