{"id":"gen9vgc2023regulationc-1864190808","p1":"Mike2811","p2":"ErrorUnknown0395","format":"[Gen 9] VGC 2023 Regulation C","log":"|j|\u2606Mike2811\n|j|\u2606ErrorUnknown0395\n|t:|1684133422\n|gametype|doubles\n|player|p1|Mike2811|266|1205\n|player|p2|ErrorUnknown0395|unknown|1254\n|teamsize|p1|6\n|teamsize|p2|6\n|gen|9\n|tier|[Gen 9] VGC 2023 Regulation C\n|rated|\n|rule|Species Clause: Limit one of each Pok\u00e9mon\n|rule|Item Clause: Limit one of each item\n|clearpoke\n|poke|p1|Amoonguss, L50, F|\n|poke|p1|Farigiraf, L50, M|\n|poke|p1|Ting-Lu, L50|\n|poke|p1|Palafin, L50, M|\n|poke|p1|Forretress, L50, F|\n|poke|p1|Arcanine, L50, M|\n|poke|p2|Gyarados, L50, M|\n|poke|p2|Orthworm, L50, F|\n|poke|p2|Flutter Mane, L50|\n|poke|p2|Great Tusk, L50|\n|poke|p2|Talonflame, L50, F|\n|poke|p2|Brute Bonnet, L50|\n|teampreview|4\n|\n|t:|1684133453\n|start\n|switch|p1a: Ting-Lu|Ting-Lu, L50|100\/100\n|switch|p1b: Arcanine|Arcanine, L50, M|100\/100\n|switch|p2a: Talonflame|Talonflame, L50, F|100\/100\n|switch|p2b: Brute Bonnet|Brute Bonnet, L50|100\/100\n|-ability|p1b: Arcanine|Intimidate|boost\n|-unboost|p2a: Talonflame|atk|1\n|-unboost|p2b: Brute Bonnet|atk|1\n|-ability|p1a: Ting-Lu|Vessel of Ruin\n|turn|1\n|c|\u2606Mike2811|gl hf , 3rd game with this team i made on my own\n|\n|t:|1684133495\n|switch|p2a: Gyarados|Gyarados, L50, M|100\/100\n|-ability|p2a: Gyarados|Intimidate|boost\n|-fail|p1a: Ting-Lu|unboost|[from] item: Clear Amulet|[of] p1a: Ting-Lu\n|-unboost|p1b: Arcanine|atk|1\n|-terastallize|p2b: Brute Bonnet|Water\n|-terastallize|p1a: Ting-Lu|Poison\n|move|p1b: Arcanine|Howl|p1b: Arcanine|[spread] p1a,p1b\n|-boost|p1a: Ting-Lu|atk|1\n|-boost|p1b: Arcanine|atk|1\n|move|p2b: Brute Bonnet|Spore|p1a: Ting-Lu\n|-status|p1a: Ting-Lu|slp|[from] move: Spore\n|cant|p1a: Ting-Lu|slp\n|\n|upkeep\n|turn|2\n|\n|t:|1684133521\n|switch|p1b: Farigiraf|Farigiraf, L50, M|100\/100\n|move|p2b: Brute Bonnet|Spore|p1b: Farigiraf\n|-activate|p1b: Farigiraf|item: Safety Goggles|Spore\n|move|p2a: Gyarados|Dragon Dance|p2a: Gyarados\n|-boost|p2a: Gyarados|atk|1\n|-boost|p2a: Gyarados|spe|1\n|cant|p1a: Ting-Lu|slp\n|\n|upkeep\n|turn|3\n|\n|t:|1684133557\n|-end|p2b: Brute Bonnet|Protosynthesis|[silent]\n|switch|p2b: Talonflame|Talonflame, L50, F|100\/100\n|move|p2a: Gyarados|Earthquake|p1b: Farigiraf|[spread] p1a,p1b\n|-immune|p2b: Talonflame\n|-supereffective|p1a: Ting-Lu\n|-damage|p1a: Ting-Lu|56\/100 slp\n|-damage|p1b: Farigiraf|65\/100\n|-curestatus|p1a: Ting-Lu|slp|[msg]\n|move|p1a: Ting-Lu|Rock Slide|p2a: Gyarados|[spread] p2a,p2b\n|-supereffective|p2a: Gyarados\n|-supereffective|p2b: Talonflame\n|-damage|p2a: Gyarados|31\/100\n|-damage|p2b: Talonflame|0 fnt\n|faint|p2b: Talonflame\n|move|p1b: Farigiraf|Trick Room|p1b: Farigiraf\n|-fieldstart|move: Trick Room|[of] p1b: Farigiraf\n|\n|upkeep\n|\n|t:|1684133581\n|switch|p2b: Brute Bonnet|Brute Bonnet, L50, tera:Water|100\/100\n|turn|4\n|\n|t:|1684133603\n|move|p2a: Gyarados|Protect|p2a: Gyarados\n|-singleturn|p2a: Gyarados|Protect\n|move|p1a: Ting-Lu|Rock Slide|p2b: Brute Bonnet|[spread] p2b\n|-activate|p2a: Gyarados|move: Protect\n|-damage|p2b: Brute Bonnet|78\/100\n|move|p1b: Farigiraf|Psyshock|p2b: Brute Bonnet\n|-damage|p2b: Brute Bonnet|57\/100\n|move|p2b: Brute Bonnet|Crunch|p1b: Farigiraf\n|-supereffective|p1b: Farigiraf\n|-damage|p1b: Farigiraf|0 fnt\n|faint|p1b: Farigiraf\n|\n|upkeep\n|\n|t:|1684133615\n|switch|p1b: Forretress|Forretress, L50, F|100\/100\n|turn|5\n|\n|t:|1684133630\n|switch|p2a: Flutter Mane|Flutter Mane, L50|100\/100\n|-enditem|p2a: Flutter Mane|Booster Energy\n|-activate|p2a: Flutter Mane|ability: Protosynthesis|[fromitem]\n|-start|p2a: Flutter Mane|protosynthesisspa\n|move|p1b: Forretress|Pin Missile|p2b: Brute Bonnet\n|-damage|p2b: Brute Bonnet|48\/100\n|-damage|p2b: Brute Bonnet|39\/100\n|-damage|p2b: Brute Bonnet|31\/100\n|-damage|p2b: Brute Bonnet|21\/100\n|-damage|p2b: Brute Bonnet|11\/100\n|-hitcount|p2b: Brute Bonnet|5\n|move|p1a: Ting-Lu|Rock Slide|p2b: Brute Bonnet|[spread] p2b\n|-miss|p1a: Ting-Lu|p2a: Flutter Mane\n|-damage|p2b: Brute Bonnet|0 fnt\n|faint|p2b: Brute Bonnet\n|-end|p2b: Brute Bonnet|Protosynthesis|[silent]\n|\n|upkeep\n|\n|t:|1684133648\n|switch|p2b: Gyarados|Gyarados, L50, M|31\/100\n|-ability|p2b: Gyarados|Intimidate|boost\n|-fail|p1a: Ting-Lu|unboost|[from] item: Clear Amulet|[of] p1a: Ting-Lu\n|-unboost|p1b: Forretress|atk|1\n|turn|6\n|\n|t:|1684133669\n|move|p1b: Forretress|Gyro Ball|p2a: Flutter Mane\n|-supereffective|p2a: Flutter Mane\n|-damage|p2a: Flutter Mane|21\/100\n|move|p1a: Ting-Lu|Rock Slide|p2a: Flutter Mane|[spread] p2a,p2b\n|-supereffective|p2b: Gyarados\n|-damage|p2a: Flutter Mane|0 fnt\n|-damage|p2b: Gyarados|0 fnt\n|faint|p2a: Flutter Mane\n|-end|p2a: Flutter Mane|Protosynthesis|[silent]\n|faint|p2b: Gyarados\n|\n|win|Mike2811\n|raw|Mike2811's rating: 1205 → 1234<\/strong> (+29 for winning)\n|raw|ErrorUnknown0395's rating: 1254 → 1225<\/strong> (-29 for losing)\n|c|\u2606Mike2811|gg\n","uploadtime":1684133679,"views":9,"p1id":"mike2811","p2id":"errorunknown0395","formatid":"gen9vgc2023regulationc","rating":1225,"private":0,"password":""}