{"id":"gen9vgc2023regulationc-1853185917","p1":"Dymosin","p2":"Alexis_student","format":"[Gen 9] VGC 2023 Regulation C","log":"|j|\u2606Dymosin\n|j|\u2606Alexis_student\n|t:|1682645823\n|gametype|doubles\n|player|p1|Dymosin|volkner|1132\n|player|p2|Alexis_student|265|1126\n|teamsize|p1|6\n|teamsize|p2|6\n|gen|9\n|tier|[Gen 9] VGC 2023 Regulation C\n|rated|\n|rule|Species Clause: Limit one of each Pok\u00e9mon\n|rule|Item Clause: Limit one of each item\n|clearpoke\n|poke|p1|Great Tusk, L50|\n|poke|p1|Armarouge, L50, M|\n|poke|p1|Annihilape, L50, M|\n|poke|p1|Talonflame, L50, F|\n|poke|p1|Chien-Pao, L50|\n|poke|p1|Bellibolt, L50, F|\n|poke|p2|Grimmsnarl, L50, M|\n|poke|p2|Gholdengo, L50|\n|poke|p2|Flutter Mane, L50|\n|poke|p2|Amoonguss, L50, F|\n|poke|p2|Iron Bundle, L50|\n|poke|p2|Chi-Yu, L50|\n|teampreview|4\n|inactive|Battle timer is ON: inactive players will automatically lose when time's up. (requested by Dymosin)\n|inactive|Alexis_student has 60 seconds left.\n|\n|t:|1682645857\n|start\n|switch|p1a: Biggest Bird|Talonflame, L50, F|100\/100\n|switch|p1b: RETURN TO MONKE|Annihilape, L50, M|100\/100\n|switch|p2a: Grimmsnarl|Grimmsnarl, L50, M|100\/100\n|switch|p2b: Gholdengo|Gholdengo, L50|100\/100\n|turn|1\n|inactive|Dymosin has 30 seconds left.\n|\n|t:|1682645883\n|move|p1a: Biggest Bird|Tailwind|p1a: Biggest Bird\n|-sidestart|p1: Dymosin|move: Tailwind\n|move|p2a: Grimmsnarl|Reflect|p2a: Grimmsnarl\n|-sidestart|p2: Alexis_student|Reflect\n|move|p1b: RETURN TO MONKE|Phantom Force||[still]\n|-prepare|p1b: RETURN TO MONKE|Phantom Force\n|move|p2b: Gholdengo|Nasty Plot|p2b: Gholdengo\n|-boost|p2b: Gholdengo|spa|2\n|\n|upkeep\n|turn|2\n|\n|t:|1682645905\n|-terastallize|p2b: Gholdengo|Steel\n|move|p2a: Grimmsnarl|Light Screen|p2a: Grimmsnarl\n|-sidestart|p2: Alexis_student|move: Light Screen\n|move|p1a: Biggest Bird|Flare Blitz|p2b: Gholdengo\n|-supereffective|p2b: Gholdengo\n|-damage|p2b: Gholdengo|57\/100\n|-damage|p1a: Biggest Bird|83\/100|[from] Recoil\n|move|p1b: RETURN TO MONKE|Phantom Force|p2b: Gholdengo|[from]lockedmove\n|-damage|p2b: Gholdengo|34\/100\n|move|p2b: Gholdengo|Shadow Ball|p1b: RETURN TO MONKE\n|-supereffective|p1b: RETURN TO MONKE\n|-damage|p1b: RETURN TO MONKE|0 fnt\n|faint|p1b: RETURN TO MONKE\n|\n|-heal|p2b: Gholdengo|40\/100|[from] item: Leftovers\n|upkeep\n|\n|t:|1682645924\n|switch|p1b: Dumbo|Great Tusk, L50|100\/100\n|turn|3\n|\n|t:|1682645940\n|move|p2b: Gholdengo|Protect|p2b: Gholdengo\n|-singleturn|p2b: Gholdengo|Protect\n|move|p1a: Biggest Bird|Flare Blitz|p2b: Gholdengo\n|-activate|p2b: Gholdengo|move: Protect\n|move|p1b: Dumbo|Bulk Up|p1b: Dumbo\n|-boost|p1b: Dumbo|atk|1\n|-boost|p1b: Dumbo|def|1\n|move|p2a: Grimmsnarl|Spirit Break|p1b: Dumbo\n|-supereffective|p1b: Dumbo\n|-damage|p1b: Dumbo|69\/100\n|-unboost|p1b: Dumbo|spa|1\n|\n|-heal|p2b: Gholdengo|46\/100|[from] item: Leftovers\n|upkeep\n|turn|4\n|\n|t:|1682645964\n|-terastallize|p1b: Dumbo|Steel\n|move|p2a: Grimmsnarl|Taunt|p1b: Dumbo\n|-start|p1b: Dumbo|move: Taunt\n|move|p1a: Biggest Bird|Flare Blitz|p2b: Gholdengo\n|-supereffective|p2b: Gholdengo\n|-damage|p2b: Gholdengo|4\/100\n|-damage|p1a: Biggest Bird|65\/100|[from] Recoil\n|cant|p1b: Dumbo|move: Taunt|Bulk Up\n|move|p2b: Gholdengo|Make It Rain|p1a: Biggest Bird|[spread] p1a,p1b\n|-resisted|p1a: Biggest Bird\n|-resisted|p1b: Dumbo\n|-damage|p1a: Biggest Bird|0 fnt\n|-damage|p1b: Dumbo|9\/100\n|-unboost|p2b: Gholdengo|spa|1\n|faint|p1a: Biggest Bird\n|\n|-heal|p2b: Gholdengo|10\/100|[from] item: Leftovers\n|-sideend|p1: Dymosin|move: Tailwind\n|upkeep\n|\n|t:|1682645982\n|switch|p1a: Tenshinhan|Armarouge, L50, M|100\/100\n|turn|5\n|\n|t:|1682646002\n|move|p1b: Dumbo|Rock Slide|p2a: Grimmsnarl|[spread] p2a,p2b\n|-resisted|p2b: Gholdengo\n|-damage|p2a: Grimmsnarl|70\/100\n|-damage|p2b: Gholdengo|0 fnt\n|faint|p2b: Gholdengo\n|-damage|p1b: Dumbo|0 fnt|[from] item: Life Orb\n|faint|p1b: Dumbo\n|-end|p1b: Dumbo|Protosynthesis|[silent]\n|move|p1a: Tenshinhan|Stored Power|p2a: Grimmsnarl\n|-immune|p2a: Grimmsnarl\n|cant|p2a: Grimmsnarl|flinch\n|\n|upkeep\n|\n|t:|1682646016\n|switch|p2b: Flutter Mane|Flutter Mane, L50|100\/100\n|turn|6\n|\n|t:|1682646022\n|move|p1a: Tenshinhan|Protect|p1a: Tenshinhan\n|-singleturn|p1a: Tenshinhan|Protect\n|move|p2b: Flutter Mane|Shadow Ball|p1a: Tenshinhan\n|-activate|p1a: Tenshinhan|move: Protect\n|move|p2a: Grimmsnarl|Spirit Break|p1a: Tenshinhan\n|-activate|p1a: Tenshinhan|move: Protect\n|\n|upkeep\n|turn|7\n|\n|t:|1682646036\n|move|p2b: Flutter Mane|Shadow Ball|p1a: Tenshinhan\n|-supereffective|p1a: Tenshinhan\n|-damage|p1a: Tenshinhan|0 fnt\n|faint|p1a: Tenshinhan\n|\n|win|Alexis_student\n|raw|Dymosin's rating: 1132 → 1107<\/strong> (-25 for losing)\n|raw|Alexis_student's rating: 1126 → 1151<\/strong> (+25 for winning)\n|l|\u2606Dymosin\n","uploadtime":1682646043,"views":5,"p1id":"dymosin","p2id":"alexisstudent","formatid":"gen9vgc2023regulationc","rating":1107,"private":0,"password":""}