{"id":"gen9vgc2023regulationc-1855595332","p1":"FlexyRexy","p2":"Topical Rainstorm","format":"[Gen 9] VGC 2023 Regulation C","log":"|j|\u2606FlexyRexy\n|j|\u2606Topical Rainstorm\n|t:|1682965046\n|gametype|doubles\n|player|p1|FlexyRexy|170|1079\n|player|p2|Topical Rainstorm|zinzolin|1034\n|teamsize|p1|6\n|teamsize|p2|6\n|gen|9\n|tier|[Gen 9] VGC 2023 Regulation C\n|rated|\n|rule|Species Clause: Limit one of each Pok\u00e9mon\n|rule|Item Clause: Limit one of each item\n|clearpoke\n|poke|p1|Dondozo, L50, M|\n|poke|p1|Roaring Moon, L50|\n|poke|p1|Sandy Shocks, L50|\n|poke|p1|Espathra, L50, F|\n|poke|p1|Glimmora, L50, M|\n|poke|p1|Annihilape, L50, F|\n|poke|p2|Krookodile, L50, M|\n|poke|p2|Cryogonal, L50|\n|poke|p2|Flamigo, L50, F|\n|poke|p2|Gastrodon, L50, F|\n|poke|p2|Iron Bundle, L50|\n|poke|p2|Chi-Yu, L50|\n|teampreview|4\n|inactive|Battle timer is ON: inactive players will automatically lose when time's up. (requested by Topical Rainstorm)\n|\n|t:|1682965069\n|start\n|switch|p1a: Glimmora|Glimmora, L50, M|100\/100\n|switch|p1b: Annihilape|Annihilape, L50, F|100\/100\n|switch|p2a: Krookodile|Krookodile, L50, M|100\/100\n|switch|p2b: Cryogonal|Cryogonal, L50, shiny|100\/100\n|turn|1\n|\n|t:|1682965083\n|move|p1a: Glimmora|Spiky Shield|p1a: Glimmora\n|-singleturn|p1a: Glimmora|move: Protect\n|move|p1b: Annihilape|Final Gambit|p2a: Krookodile\n|-damage|p2a: Krookodile|0 fnt\n|faint|p1b: Annihilape\n|faint|p2a: Krookodile\n|move|p2b: Cryogonal|Frost Breath|p2: Krookodile|[notarget]\n|-fail|p2b: Cryogonal\n|\n|upkeep\n|\n|t:|1682965094\n|switch|p2a: Iron Bundle|Iron Bundle, L50|100\/100\n|switch|p1b: Roaring Moon|Roaring Moon, L50, shiny|100\/100\n|-enditem|p2a: Iron Bundle|Booster Energy\n|-activate|p2a: Iron Bundle|ability: Quark Drive|[fromitem]\n|-start|p2a: Iron Bundle|quarkdrivespe\n|-enditem|p1b: Roaring Moon|Booster Energy\n|-activate|p1b: Roaring Moon|ability: Protosynthesis|[fromitem]\n|-start|p1b: Roaring Moon|protosynthesisatk\n|turn|2\n|inactive|FlexyRexy has 30 seconds left.\n|\n|t:|1682965124\n|-terastallize|p2a: Iron Bundle|Steel\n|move|p2a: Iron Bundle|Freeze-Dry|p1b: Roaring Moon\n|-supereffective|p1b: Roaring Moon\n|-damage|p1b: Roaring Moon|27\/100\n|move|p1b: Roaring Moon|Acrobatics|p2a: Iron Bundle\n|-resisted|p2a: Iron Bundle\n|-damage|p2a: Iron Bundle|70\/100\n|move|p2b: Cryogonal|Confuse Ray|p1b: Roaring Moon\n|-start|p1b: Roaring Moon|confusion\n|move|p1a: Glimmora|Sludge Bomb|p2b: Cryogonal\n|-damage|p2b: Cryogonal|72\/100\n|\n|upkeep\n|turn|3\n|\n|t:|1682965146\n|move|p2a: Iron Bundle|Protect|p2a: Iron Bundle\n|-singleturn|p2a: Iron Bundle|Protect\n|move|p1a: Glimmora|Spiky Shield|p1a: Glimmora\n|-singleturn|p1a: Glimmora|move: Protect\n|-activate|p1b: Roaring Moon|confusion\n|move|p1b: Roaring Moon|Earthquake|p2a: Iron Bundle|[spread] \n|-activate|p1a: Glimmora|move: Protect\n|-activate|p2a: Iron Bundle|move: Protect\n|-immune|p2b: Cryogonal|[from] ability: Levitate\n|move|p2b: Cryogonal|Frost Breath|p1b: Roaring Moon\n|-supereffective|p1b: Roaring Moon\n|-crit|p1b: Roaring Moon\n|-damage|p1b: Roaring Moon|0 fnt\n|faint|p1b: Roaring Moon\n|-end|p1b: Roaring Moon|Protosynthesis|[silent]\n|\n|upkeep\n|\n|t:|1682965160\n|switch|p1b: Espathra|Espathra, L50, F|100\/100\n|turn|4\n|\n|t:|1682965170\n|move|p1b: Espathra|Protect|p1b: Espathra\n|-singleturn|p1b: Espathra|Protect\n|move|p2a: Iron Bundle|Hydro Pump|p1b: Espathra\n|-activate|p1b: Espathra|move: Protect\n|move|p2b: Cryogonal|Confuse Ray|p1b: Espathra\n|-activate|p1b: Espathra|move: Protect\n|move|p1a: Glimmora|Sludge Bomb|p2b: Cryogonal\n|-damage|p2b: Cryogonal|41\/100\n|\n|-ability|p1b: Espathra|Speed Boost|boost\n|-boost|p1b: Espathra|spe|1\n|upkeep\n|turn|5\n|\n|t:|1682965188\n|move|p2a: Iron Bundle|Hydro Pump|p1b: Espathra\n|-damage|p1b: Espathra|10\/100\n|move|p1b: Espathra|Substitute|p1b: Espathra\n|-fail|p1b: Espathra|move: Substitute|[weak]\n|move|p2b: Cryogonal|Confuse Ray|p1b: Espathra\n|-start|p1b: Espathra|confusion\n|move|p1a: Glimmora|Sludge Bomb|p2b: Cryogonal\n|-damage|p2b: Cryogonal|13\/100\n|\n|-heal|p1b: Espathra|16\/100|[from] item: Leftovers\n|-ability|p1b: Espathra|Speed Boost|boost\n|-boost|p1b: Espathra|spe|1\n|upkeep\n|turn|6\n|\n|t:|1682965206\n|-activate|p1b: Espathra|confusion\n|move|p1b: Espathra|Protect|p1b: Espathra\n|-singleturn|p1b: Espathra|Protect\n|move|p2a: Iron Bundle|Protect|p2a: Iron Bundle\n|-singleturn|p2a: Iron Bundle|Protect\n|move|p2b: Cryogonal|Protect|p2b: Cryogonal\n|-singleturn|p2b: Cryogonal|Protect\n|move|p1a: Glimmora|Sludge Bomb|p2b: Cryogonal\n|-activate|p2b: Cryogonal|move: Protect\n|\n|-heal|p1b: Espathra|22\/100|[from] item: Leftovers\n|-ability|p1b: Espathra|Speed Boost|boost\n|-boost|p1b: Espathra|spe|1\n|upkeep\n|turn|7\n|inactive|FlexyRexy has 30 seconds left.\n|\n|t:|1682965232\n|-activate|p1b: Espathra|confusion\n|-damage|p1b: Espathra|15\/100|[from] confusion\n|move|p2a: Iron Bundle|Freeze-Dry|p1b: Espathra\n|-damage|p1b: Espathra|0 fnt\n|faint|p1b: Espathra\n|move|p2b: Cryogonal|Frost Breath|p1a: Glimmora\n|-crit|p1a: Glimmora\n|-damage|p1a: Glimmora|72\/100\n|move|p1a: Glimmora|Sludge Bomb|p2b: Cryogonal\n|-damage|p2b: Cryogonal|0 fnt\n|faint|p2b: Cryogonal\n|\n|-heal|p1a: Glimmora|78\/100|[from] item: Black Sludge\n|upkeep\n|\n|t:|1682965243\n|switch|p2b: Flamigo|Flamigo, L50, F, shiny|100\/100\n|-copyboost|p2b: Flamigo|p2a: Iron Bundle|[from] ability: Costar\n|turn|8\n|-message|FlexyRexy forfeited.\n|\n|win|Topical Rainstorm\n|raw|FlexyRexy's rating: 1079 → 1054<\/strong> (-25 for losing)\n|raw|Topical Rainstorm's rating: 1034 → 1073<\/strong> (+39 for winning)\n|l|\u2606FlexyRexy\n","uploadtime":1682965254,"views":20,"p1id":"flexyrexy","p2id":"topicalrainstorm","formatid":"gen9vgc2023regulationc","rating":1054,"private":0,"password":""}