{"id":"gen9vgc2023regulationc-1847004839","p1":"Silverstaff 17080","p2":"ItemIsYas","format":"[Gen 9] VGC 2023 Regulation C","log":"|j|\u2606Silverstaff 17080\n|j|\u2606ItemIsYas\n|t:|1681910913\n|gametype|doubles\n|player|p1|Silverstaff 17080|170|1111\n|player|p2|ItemIsYas|flannery|1023\n|teamsize|p1|6\n|teamsize|p2|6\n|gen|9\n|tier|[Gen 9] VGC 2023 Regulation C\n|rated|\n|rule|Species Clause: Limit one of each Pok\u00e9mon\n|rule|Item Clause: Limit one of each item\n|clearpoke\n|poke|p1|Tyranitar, L50, M|\n|poke|p1|Lycanroc, L50, M|\n|poke|p1|Houndstone, L50, M|\n|poke|p1|Arcanine, L50, M|\n|poke|p1|Gastrodon-East, L50, M|\n|poke|p1|Amoonguss, L50, F|\n|poke|p2|Iron Bundle, L50|\n|poke|p2|Ting-Lu, L50|\n|poke|p2|Arcanine, L50, F|\n|poke|p2|Amoonguss, L50, F|\n|poke|p2|Hatterene, L50, F|\n|poke|p2|Garganacl, L50, M|\n|teampreview|4\n|inactive|Battle timer is ON: inactive players will automatically lose when time's up. (requested by ItemIsYas)\n|inactive|Silverstaff 17080 has 60 seconds left.\n|\n|t:|1681910981\n|start\n|switch|p1a: Baboso|Gastrodon-East, L50, M|100\/100\n|switch|p1b: Arcanine|Arcanine, L50, M|100\/100\n|switch|p2a: Ting-Lu|Ting-Lu, L50|100\/100\n|switch|p2b: Iron Bundle|Iron Bundle, L50|100\/100\n|-ability|p1b: Arcanine|Intimidate|boost\n|-unboost|p2a: Ting-Lu|atk|1\n|-unboost|p2b: Iron Bundle|atk|1\n|-ability|p2a: Ting-Lu|Vessel of Ruin\n|-enditem|p2b: Iron Bundle|Booster Energy\n|-activate|p2b: Iron Bundle|ability: Quark Drive|[fromitem]\n|-start|p2b: Iron Bundle|quarkdrivespa\n|turn|1\n|inactive|Silverstaff 17080 has 30 seconds left.\n|inactive|ItemIsYas has 30 seconds left.\n|inactive|Silverstaff 17080 has 20 seconds left.\n|inactive|ItemIsYas has 20 seconds left.\n|inactive|ItemIsYas has 15 seconds left.\n|\n|t:|1681911025\n|-terastallize|p1a: Baboso|Fire\n|move|p2b: Iron Bundle|Blizzard|p1a: Baboso|[spread] p1b\n|-miss|p2b: Iron Bundle|p1a: Baboso\n|-resisted|p1b: Arcanine\n|-damage|p1b: Arcanine|76\/100\n|move|p1b: Arcanine|Will-O-Wisp|p2a: Ting-Lu\n|-status|p2a: Ting-Lu|brn\n|move|p1a: Baboso|Muddy Water|p2b: Iron Bundle|[spread] p2a,p2b\n|-supereffective|p2a: Ting-Lu\n|-resisted|p2b: Iron Bundle\n|-damage|p2a: Ting-Lu|84\/100 brn\n|-damage|p2b: Iron Bundle|82\/100\n|move|p2a: Ting-Lu|Fissure|p1b: Arcanine|[miss]\n|-miss|p2a: Ting-Lu|p1b: Arcanine\n|\n|-damage|p2a: Ting-Lu|78\/100 brn|[from] brn\n|upkeep\n|turn|2\n|inactive|Silverstaff 17080 has 30 seconds left.\n|\n|t:|1681911059\n|move|p1b: Arcanine|Extreme Speed|p2b: Iron Bundle\n|-damage|p2b: Iron Bundle|52\/100\n|move|p2b: Iron Bundle|Blizzard|p1b: Arcanine|[spread] p1b\n|-miss|p2b: Iron Bundle|p1a: Baboso\n|-resisted|p1b: Arcanine\n|-damage|p1b: Arcanine|55\/100\n|move|p1a: Baboso|Muddy Water|p2a: Ting-Lu|[spread] p2a\n|-miss|p1a: Baboso|p2b: Iron Bundle\n|-supereffective|p2a: Ting-Lu\n|-damage|p2a: Ting-Lu|64\/100 brn\n|move|p2a: Ting-Lu|Fissure|p1a: Baboso\n|-damage|p1a: Baboso|0 fnt\n|faint|p1a: Baboso\n|-ohko\n|\n|-damage|p2a: Ting-Lu|58\/100 brn|[from] brn\n|upkeep\n|\n|t:|1681911079\n|switch|p1a: Fenrir|Lycanroc, L50, M|100\/100\n|turn|3\n|\n|t:|1681911102\n|switch|p1b: Tytar|Tyranitar, L50, M|100\/100\n|-weather|Sandstorm|[from] ability: Sand Stream|[of] p1b: Tytar\n|-terastallize|p2b: Iron Bundle|Steel\n|move|p1a: Fenrir|Iron Head|p2a: Ting-Lu\n|-damage|p2a: Ting-Lu|46\/100 brn\n|move|p2b: Iron Bundle|Hydro Pump|p1b: Tytar\n|-supereffective|p1b: Tytar\n|-damage|p1b: Tytar|56\/100\n|move|p2a: Ting-Lu|Fissure|p1a: Fenrir|[miss]\n|-miss|p2a: Ting-Lu|p1a: Fenrir\n|\n|-weather|Sandstorm|[upkeep]\n|-damage|p2a: Ting-Lu|40\/100 brn|[from] brn\n|upkeep\n|turn|4\n|inactive|Silverstaff 17080 has 30 seconds left.\n|\n|t:|1681911135\n|move|p2b: Iron Bundle|Protect|p2b: Iron Bundle\n|-singleturn|p2b: Iron Bundle|Protect\n|move|p1a: Fenrir|Accelerock|p2b: Iron Bundle\n|-activate|p2b: Iron Bundle|move: Protect\n|move|p1b: Tytar|Low Kick|p2a: Ting-Lu\n|-supereffective|p2a: Ting-Lu\n|-damage|p2a: Ting-Lu|0 fnt\n|faint|p2a: Ting-Lu\n|\n|-weather|Sandstorm|[upkeep]\n|upkeep\n|\n|t:|1681911144\n|switch|p2a: Hatterene|Hatterene, L50, F|100\/100\n|turn|5\n|inactive|ItemIsYas has 30 seconds left.\n|\n|t:|1681911170\n|switch|p1b: Arcanine|Arcanine, L50, M|55\/100\n|-ability|p1b: Arcanine|Intimidate|boost\n|-unboost|p2a: Hatterene|atk|1\n|-unboost|p2b: Iron Bundle|atk|1\n|move|p1a: Fenrir|Accelerock|p2b: Iron Bundle\n|-resisted|p2b: Iron Bundle\n|-damage|p2b: Iron Bundle|41\/100\n|move|p2b: Iron Bundle|Hydro Pump|p1a: Fenrir|[miss]\n|-miss|p2b: Iron Bundle|p1a: Fenrir\n|move|p2a: Hatterene|Trick Room|p2a: Hatterene\n|-fieldstart|move: Trick Room|[of] p2a: Hatterene\n|\n|-weather|Sandstorm|[upkeep]\n|-damage|p2a: Hatterene|94\/100|[from] Sandstorm\n|upkeep\n|turn|6\n|inactive|Silverstaff 17080 has 30 seconds left.\n|\n|t:|1681911200\n|move|p2a: Hatterene|Dazzling Gleam|p1a: Fenrir|[spread] p1a,p1b\n|-resisted|p1b: Arcanine\n|-damage|p1a: Fenrir|46\/100\n|-damage|p1b: Arcanine|32\/100\n|-damage|p2a: Hatterene|85\/100|[from] item: Life Orb\n|move|p1b: Arcanine|Flare Blitz|p2b: Iron Bundle\n|-supereffective|p2b: Iron Bundle\n|-damage|p2b: Iron Bundle|0 fnt\n|faint|p2b: Iron Bundle\n|-end|p2b: Iron Bundle|Quark Drive|[silent]\n|-damage|p1b: Arcanine|23\/100|[from] Recoil\n|move|p1a: Fenrir|Endeavor|p2a: Hatterene\n|-damage|p2a: Hatterene|42\/100\n|\n|-weather|Sandstorm|[upkeep]\n|-damage|p2a: Hatterene|36\/100|[from] Sandstorm\n|upkeep\n|\n|t:|1681911210\n|switch|p2b: Amoonguss|Amoonguss, L50, F|100\/100\n|turn|7\n|\n|t:|1681911228\n|move|p1a: Fenrir|Protect|p1a: Fenrir\n|-singleturn|p1a: Fenrir|Protect\n|move|p1b: Arcanine|Extreme Speed|p2a: Hatterene\n|-damage|p2a: Hatterene|6\/100\n|move|p2a: Hatterene|Dazzling Gleam|p1b: Arcanine|[spread] p1b\n|-activate|p1a: Fenrir|move: Protect\n|-resisted|p1b: Arcanine\n|-crit|p1b: Arcanine\n|-damage|p1b: Arcanine|0 fnt\n|faint|p1b: Arcanine\n|-damage|p2a: Hatterene|0 fnt|[from] item: Life Orb\n|faint|p2a: Hatterene\n|move|p2b: Amoonguss|Pollen Puff|p2: Hatterene|[notarget]\n|-fail|p2b: Amoonguss\n|\n|-weather|none\n|upkeep\n|\n|t:|1681911246\n|switch|p1b: Tytar|Tyranitar, L50, M|56\/100\n|-weather|Sandstorm|[from] ability: Sand Stream|[of] p1b: Tytar\n|turn|8\n|\n|t:|1681911261\n|move|p2b: Amoonguss|Spore|p1b: Tytar\n|-status|p1b: Tytar|slp|[from] move: Spore\n|cant|p1b: Tytar|slp\n|move|p1a: Fenrir|Endeavor|p2b: Amoonguss\n|-damage|p2b: Amoonguss|31\/100\n|\n|-weather|Sandstorm|[upkeep]\n|-damage|p2b: Amoonguss|25\/100|[from] Sandstorm\n|-heal|p2b: Amoonguss|31\/100|[from] item: Black Sludge\n|upkeep\n|turn|9\n|-message|ItemIsYas forfeited.\n|\n|win|Silverstaff 17080\n|raw|Silverstaff 17080's rating: 1111 → 1130<\/strong> (+19 for winning)\n|raw|ItemIsYas's rating: 1023 → 1013<\/strong> (-10 for losing)\n|l|\u2606ItemIsYas\n","uploadtime":1681911289,"views":9,"p1id":"silverstaff17080","p2id":"itemisyas","formatid":"gen9vgc2023regulationc","rating":1013,"private":0,"password":""}