{"id":"gen9vgc2023regulationc-1849510288","p1":"NinjaTrain","p2":"dadarvin","format":"[Gen 9] VGC 2023 Regulation C","log":"|j|\u2606NinjaTrain\n|j|\u2606dadarvin\n|t:|1682207082\n|gametype|doubles\n|player|p1|NinjaTrain|169|1347\n|player|p2|dadarvin|2|1343\n|teamsize|p1|6\n|teamsize|p2|6\n|gen|9\n|tier|[Gen 9] VGC 2023 Regulation C\n|rated|\n|rule|Species Clause: Limit one of each Pok\u00e9mon\n|rule|Item Clause: Limit one of each item\n|clearpoke\n|poke|p1|Flutter Mane, L50|\n|poke|p1|Gothitelle, L50, F|\n|poke|p1|Ting-Lu, L50|\n|poke|p1|Chi-Yu, L50|\n|poke|p1|Azumarill, L50, M|\n|poke|p1|Cacturne, L50, F|\n|poke|p2|Torkoal, L50, M|\n|poke|p2|Armarouge, L50, M|\n|poke|p2|Gothitelle, L50, F|\n|poke|p2|Indeedee, L50, M|\n|poke|p2|Gallade, L50, M|\n|poke|p2|Flutter Mane, L50|\n|teampreview|4\n|j| Vn pro\nNinjaTrain has agreed to open team sheets.\n|inactive|Battle timer is ON: inactive players will automatically lose when time's up. (requested by NinjaTrain)\n|\n|t:|1682207114\n|start\n|switch|p1a: Flutter Mane|Flutter Mane, L50|100\/100\n|switch|p1b: Chi-Yu|Chi-Yu, L50|100\/100\n|switch|p2a: Torkoal|Torkoal, L50, M|100\/100\n|switch|p2b: Flutter Mane|Flutter Mane, L50|100\/100\n|-ability|p1b: Chi-Yu|Beads of Ruin\n|-weather|SunnyDay|[from] ability: Drought|[of] p2a: Torkoal\n|-activate|p2b: Flutter Mane|ability: Protosynthesis\n|-start|p2b: Flutter Mane|protosynthesisspe\n|-activate|p1a: Flutter Mane|ability: Protosynthesis\n|-start|p1a: Flutter Mane|protosynthesisspa\n|turn|1\n|\n|t:|1682207133\n|-terastallize|p2b: Flutter Mane|Fairy\n|move|p2b: Flutter Mane|Dazzling Gleam|p1b: Chi-Yu|[spread] p1a,p1b\n|-damage|p1a: Flutter Mane|31\/100\n|-damage|p1b: Chi-Yu|25\/100\n|move|p1b: Chi-Yu|Heat Wave|p2a: Torkoal|[spread] p2a,p2b\n|-resisted|p2a: Torkoal\n|-damage|p2a: Torkoal|53\/100\n|-damage|p2b: Flutter Mane|24\/100\n|move|p1a: Flutter Mane|Shadow Ball|p2a: Torkoal\n|-damage|p2a: Torkoal|0 fnt\n|faint|p2a: Torkoal\n|\n|-weather|SunnyDay|[upkeep]\n|upkeep\n|\n|t:|1682207146\n|switch|p2a: Indeedee|Indeedee, L50, M|100\/100\n|-fieldstart|move: Psychic Terrain|[from] ability: Psychic Surge|[of] p2a: Indeedee\n|turn|2\n|\n|t:|1682207156\n|switch|p2a: Gallade|Gallade, L50, M|100\/100\n|move|p2b: Flutter Mane|Dazzling Gleam|p1a: Flutter Mane|[spread] p1a,p1b\n|-damage|p1a: Flutter Mane|0 fnt\n|-damage|p1b: Chi-Yu|0 fnt\n|faint|p1a: Flutter Mane\n|-end|p1a: Flutter Mane|Protosynthesis|[silent]\n|faint|p1b: Chi-Yu\n|\n|-weather|SunnyDay|[upkeep]\n|upkeep\n|\n|t:|1682207166\n|switch|p1b: Azumarill|Azumarill, L50, M|100\/100\n|switch|p1a: Gothitelle|Gothitelle, L50, F|100\/100\n|turn|3\n|\n|t:|1682207185\n|move|p1b: Azumarill|Protect|p1b: Azumarill\n|-singleturn|p1b: Azumarill|Protect\n|move|p2b: Flutter Mane|Dazzling Gleam|p1b: Azumarill|[spread] p1a\n|-activate|p1b: Azumarill|move: Protect\n|-damage|p1a: Gothitelle|46\/100\n|-enditem|p1a: Gothitelle|Sitrus Berry|[eat]\n|-heal|p1a: Gothitelle|71\/100|[from] item: Sitrus Berry\n|move|p1a: Gothitelle|Psychic|p2b: Flutter Mane\n|-damage|p2b: Flutter Mane|0 fnt\n|faint|p2b: Flutter Mane\n|-end|p2b: Flutter Mane|Protosynthesis|[silent]\n|move|p2a: Gallade|Psycho Cut|p1b: Azumarill\n|-activate|p1b: Azumarill|move: Protect\n|\n|-weather|SunnyDay|[upkeep]\n|upkeep\n|\n|t:|1682207189\n|switch|p2b: Indeedee|Indeedee, L50, M|100\/100\n|turn|4\n|\n|t:|1682207210\n|move|p1a: Gothitelle|Protect|p1a: Gothitelle\n|-singleturn|p1a: Gothitelle|Protect\n|move|p2b: Indeedee|Hyper Voice|p1a: Gothitelle|[spread] p1b\n|-activate|p1a: Gothitelle|move: Protect\n|-damage|p1b: Azumarill|74\/100\n|move|p2a: Gallade|Psycho Cut|p1b: Azumarill\n|-damage|p1b: Azumarill|11\/100\n|move|p1b: Azumarill|Perish Song|p1b: Azumarill\n|-start|p1a: Gothitelle|perish3|[silent]\n|-start|p1b: Azumarill|perish3|[silent]\n|-start|p2a: Gallade|perish3|[silent]\n|-start|p2b: Indeedee|perish3|[silent]\n|-fieldactivate|move: Perish Song\n|\n|-weather|SunnyDay|[upkeep]\n|-heal|p1b: Azumarill|18\/100|[from] item: Leftovers\n|-start|p2b: Indeedee|perish3\n|-start|p1a: Gothitelle|perish3\n|-start|p2a: Gallade|perish3\n|-start|p1b: Azumarill|perish3\n|upkeep\n|turn|5\n|\n|t:|1682207231\n|move|p1b: Azumarill|Protect|p1b: Azumarill\n|-singleturn|p1b: Azumarill|Protect\n|move|p2b: Indeedee|Hyper Voice|p1a: Gothitelle|[spread] p1a\n|-activate|p1b: Azumarill|move: Protect\n|-damage|p1a: Gothitelle|44\/100\n|move|p1a: Gothitelle|Psychic|p2a: Gallade\n|-damage|p2a: Gallade|66\/100\n|move|p2a: Gallade|Night Slash|p1a: Gothitelle\n|-supereffective|p1a: Gothitelle\n|-damage|p1a: Gothitelle|0 fnt\n|faint|p1a: Gothitelle\n|\n|-weather|none\n|-heal|p1b: Azumarill|24\/100|[from] item: Leftovers\n|-start|p2b: Indeedee|perish2\n|-start|p2a: Gallade|perish2\n|-start|p1b: Azumarill|perish2\n|upkeep\n|turn|6\n|\n|t:|1682207246\n|move|p1b: Azumarill|Protect|p1b: Azumarill\n|-singleturn|p1b: Azumarill|Protect\n|move|p2b: Indeedee|Hyper Voice|p1b: Azumarill\n|-activate|p1b: Azumarill|move: Protect\n|move|p2a: Gallade|Psycho Cut|p1b: Azumarill\n|-activate|p1b: Azumarill|move: Protect\n|\n|-heal|p1b: Azumarill|30\/100|[from] item: Leftovers\n|-start|p2b: Indeedee|perish1\n|-start|p2a: Gallade|perish1\n|-start|p1b: Azumarill|perish1\n|-fieldend|move: Psychic Terrain\n|upkeep\n|turn|7\n|\n|t:|1682207251\n|move|p1b: Azumarill|Protect||[still]\n|-fail|p1b: Azumarill\n|move|p2b: Indeedee|Hyper Voice|p1b: Azumarill\n|-damage|p1b: Azumarill|0 fnt\n|faint|p1b: Azumarill\n|\n|win|dadarvin\n|raw|NinjaTrain's rating: 1347 → 1327<\/strong> (-20 for losing)\n|raw|dadarvin's rating: 1343 → 1363<\/strong> (+20 for winning)\n|l|\u2606NinjaTrain\n|l|\u2606dadarvin\n|l| Vn pro\n|j|\u2606dadarvin\n|player|p2|dadarvin|2\n","uploadtime":1682207688,"views":2,"p1id":"ninjatrain","p2id":"dadarvin","formatid":"gen9vgc2023regulationc","rating":1327,"private":0,"password":""}