{"id":"gen9vgc2023regulationc-1855939002","p1":"CblonVGC","p2":"SmokeDEMON","format":"[Gen 9] VGC 2023 Regulation C","log":"|j|\u2606CblonVGC\n|j|\u2606SmokeDEMON\n|t:|1683003768\n|gametype|doubles\n|player|p1|CblonVGC|preschooler|\n|player|p2|SmokeDEMON|1|\n|teamsize|p1|6\n|teamsize|p2|6\n|gen|9\n|tier|[Gen 9] VGC 2023 Regulation C\n|rated|Tournament battle\n|rule|Species Clause: Limit one of each Pok\u00e9mon\n|rule|Item Clause: Limit one of each item\n|clearpoke\n|poke|p1|Tyranitar, L50, M|\n|poke|p1|Garchomp, L50, M|\n|poke|p1|Corviknight, L50, F|\n|poke|p1|Glimmora, L50, F|\n|poke|p1|Amoonguss, L50, M|\n|poke|p1|Rotom-Wash, L50|\n|poke|p2|Flutter Mane, L50|\n|poke|p2|Amoonguss, L50, M|\n|poke|p2|Gholdengo, L50|\n|poke|p2|Baxcalibur, L50, F|\n|poke|p2|Annihilape, L50, M|\n|poke|p2|Murkrow, L50, F|\n|teampreview|4\n|raw| Open Team Sheet for CblonVGC<\/summary>Tyranitar @ Assault Vest Ability: Sand Stream Level: 50 Tera Type: Flying - Rock Slide - Assurance - Tera Blast - Heavy Slam Garchomp @ Lum Berry Ability: Sand Veil Level: 50 Tera Type: Steel - Earthquake - Rock Slide - Swords Dance - Protect Corviknight @ Safety Goggles Ability: Mirror Armor Level: 50 Tera Type: Dragon - Bulk Up - Tailwind - Brave Bird - Roost Glimmora @ Focus Sash Ability: Toxic Debris Level: 50 Tera Type: Grass - Power Gem - Sludge Bomb - Energy Ball - Spiky Shield Amoonguss (M) @ Sitrus Berry Ability: Regenerator Level: 50 Shiny: Yes Tera Type: Water - Pollen Puff - Spore - Protect - Clear Smog Rotom (Rotom-Wash) @ Life Orb Ability: Levitate Level: 50 Tera Type: Electric - Thunderbolt - Hydro Pump - Nasty Plot - Protect <\/details><\/div> Open Team Sheet for SmokeDEMON<\/summary>Flutter Mane @ Focus Sash Ability: Protosynthesis Level: 50 Tera Type: Steel - Shadow Ball - Dazzling Gleam - Trick Room - Imprison Amoonguss @ Sitrus Berry Ability: Regenerator Level: 50 Tera Type: Grass - Pollen Puff - Protect - Rage Powder - Spore Gholdengo @ Choice Specs Ability: Good as Gold Level: 50 Tera Type: Steel - Make It Rain - Shadow Ball - Thunderbolt - Power Gem Baxcalibur @ Assault Vest Ability: Thermal Exchange Level: 50 Tera Type: Ground - Icicle Spear - Earthquake - Glaive Rush - Ice Shard Annihilape @ Leftovers Ability: Defiant Level: 50 Tera Type: Grass - Bulk Up - Protect - Rage Fist - Drain Punch Murkrow @ Eviolite Ability: Prankster Level: 50 Tera Type: Ghost - Tailwind - Foul Play - Thunder Wave - Haze <\/details><\/div>\n|j|%Borghi\n|\n|t:|1683003865\n|start\n|switch|p1a: Tyranitar|Tyranitar, L50, M|100\/100\n|switch|p1b: Garchomp|Garchomp, L50, M|100\/100\n|switch|p2a: Murkrow|Murkrow, L50, F|100\/100\n|switch|p2b: Gholdengo|Gholdengo, L50|100\/100\n|-weather|Sandstorm|[from] ability: Sand Stream|[of] p1a: Tyranitar\n|turn|1\n|inactive|Battle timer is ON: inactive players will automatically lose when time's up. (requested by SmokeDEMON)\n|\n|t:|1683003892\n|-terastallize|p2b: Gholdengo|Steel\n|move|p2a: Murkrow|Tailwind|p2a: Murkrow\n|-sidestart|p2: SmokeDEMON|move: Tailwind\n|move|p2b: Gholdengo|Make It Rain|p1b: Garchomp|[spread] p1a\n|-miss|p2b: Gholdengo|p1b: Garchomp\n|-supereffective|p1a: Tyranitar\n|-damage|p1a: Tyranitar|25\/100\n|-unboost|p2b: Gholdengo|spa|1\n|move|p1b: Garchomp|Earthquake|p2b: Gholdengo|[spread] p1a,p2b\n|-immune|p2a: Murkrow\n|-supereffective|p1a: Tyranitar\n|-supereffective|p2b: Gholdengo\n|-damage|p1a: Tyranitar|0 fnt\n|-damage|p2b: Gholdengo|29\/100\n|faint|p1a: Tyranitar\n|\n|-weather|Sandstorm|[upkeep]\n|-damage|p2a: Murkrow|95\/100|[from] Sandstorm\n|upkeep\n|j| Snowstorm brute\n|\n|t:|1683003904\n|switch|p1a: Corviknight|Corviknight, L50, F|100\/100\n|turn|2\n|c|\u2606CblonVGC|oops\n|j| Jirf\n|l| Jirf\n|\n|t:|1683003923\n|move|p1b: Garchomp|Protect|p1b: Garchomp\n|-singleturn|p1b: Garchomp|Protect\n|move|p2a: Murkrow|Thunder Wave|p1a: Corviknight|[miss]\n|-miss|p2a: Murkrow|p1a: Corviknight\n|move|p2b: Gholdengo|Make It Rain|p1b: Garchomp|[spread] p1a\n|-activate|p1b: Garchomp|move: Protect\n|-resisted|p1a: Corviknight\n|-damage|p1a: Corviknight|68\/100\n|-unboost|p2b: Gholdengo|spa|1\n|move|p1a: Corviknight|Tailwind|p1a: Corviknight\n|-sidestart|p1: CblonVGC|move: Tailwind\n|\n|-weather|Sandstorm|[upkeep]\n|-damage|p2a: Murkrow|89\/100|[from] Sandstorm\n|upkeep\n|turn|3\n|\n|t:|1683003937\n|move|p2a: Murkrow|Thunder Wave|p1a: Corviknight\n|-status|p1a: Corviknight|par\n|move|p1b: Garchomp|Rock Slide|p2b: Gholdengo|[spread] p2a,p2b\n|-supereffective|p2a: Murkrow\n|-crit|p2a: Murkrow\n|-resisted|p2b: Gholdengo\n|-damage|p2a: Murkrow|27\/100\n|-damage|p2b: Gholdengo|20\/100\n|move|p2b: Gholdengo|Make It Rain|p1b: Garchomp|[spread] p1a,p1b\n|-resisted|p1a: Corviknight\n|-damage|p1a: Corviknight|44\/100 par\n|-damage|p1b: Garchomp|37\/100\n|-unboost|p2b: Gholdengo|spa|1\n|cant|p1a: Corviknight|par\n|\n|-weather|Sandstorm|[upkeep]\n|-damage|p2a: Murkrow|21\/100|[from] Sandstorm\n|upkeep\n|turn|4\n|\n|t:|1683003961\n|move|p1b: Garchomp|Earthquake|p2a: Murkrow|[spread] p2b\n|-immune|p1a: Corviknight\n|-immune|p2a: Murkrow\n|-supereffective|p2b: Gholdengo\n|-damage|p2b: Gholdengo|0 fnt\n|faint|p2b: Gholdengo\n|move|p2a: Murkrow|Foul Play|p1b: Garchomp\n|-damage|p1b: Garchomp|0 fnt\n|faint|p1b: Garchomp\n|cant|p1a: Corviknight|par\n|\n|-weather|Sandstorm|[upkeep]\n|-damage|p2a: Murkrow|15\/100|[from] Sandstorm\n|-sideend|p2: SmokeDEMON|move: Tailwind\n|upkeep\n|\n|t:|1683003982\n|switch|p1b: Glimmora|Glimmora, L50, F|100\/100\n|switch|p2b: Baxcalibur|Baxcalibur, L50, F|100\/100\n|turn|5\n|\n|t:|1683003993\n|move|p2a: Murkrow|Thunder Wave|p1b: Glimmora\n|-status|p1b: Glimmora|par\n|cant|p1b: Glimmora|par\n|move|p2b: Baxcalibur|Icicle Spear|p1a: Corviknight\n|-damage|p1a: Corviknight|31\/100 par\n|-damage|p1a: Corviknight|19\/100 par\n|-damage|p1a: Corviknight|5\/100 par\n|-hitcount|p1a: Corviknight|3\n|move|p1a: Corviknight|Roost|p1a: Corviknight\n|-heal|p1a: Corviknight|56\/100 par\n|-singleturn|p1a: Corviknight|move: Roost\n|\n|-weather|none\n|-sideend|p1: CblonVGC|move: Tailwind\n|upkeep\n|turn|6\n|\n|t:|1683004011\n|move|p2a: Murkrow|Foul Play|p1a: Corviknight\n|-damage|p1a: Corviknight|27\/100 par\n|move|p2b: Baxcalibur|Icicle Spear|p1a: Corviknight\n|-damage|p1a: Corviknight|15\/100 par\n|-damage|p1a: Corviknight|3\/100 par\n|-damage|p1a: Corviknight|0 fnt\n|faint|p1a: Corviknight\n|-hitcount|p1: Corviknight|3\n|move|p1b: Glimmora|Power Gem|p2b: Baxcalibur\n|-supereffective|p2b: Baxcalibur\n|-damage|p2b: Baxcalibur|46\/100\n|\n|upkeep\n|turn|7\n|\n|t:|1683004027\n|move|p2a: Murkrow|Foul Play|p1b: Glimmora\n|-damage|p1b: Glimmora|83\/100 par\n|-activate|p1b: Glimmora|ability: Toxic Debris\n|-sidestart|p2: SmokeDEMON|move: Toxic Spikes\n|move|p2b: Baxcalibur|Earthquake|p1b: Glimmora|[spread] p1b\n|-immune|p2a: Murkrow\n|-supereffective|p1b: Glimmora\n|-damage|p1b: Glimmora|0 fnt\n|-activate|p1b: Glimmora|ability: Toxic Debris\n|-sidestart|p2: SmokeDEMON|move: Toxic Spikes\n|faint|p1b: Glimmora\n|\n|win|SmokeDEMON\n|n|\u2606CblonVGC|cblonvgc\n|n|\u2606SmokeDEMON|smokedemon\n|n| Borghi|borghi\n|n| SlushiW|slushiw\n|n| Snowstorm brute|snowstormbrute\n","uploadtime":1683004029,"views":10,"p1id":"cblonvgc","p2id":"smokedemon","formatid":"gen9vgc2023regulationc","rating":0,"private":0,"password":""}