{"id":"gen9vgc2023regulationc-1848310983","p1":"WoomyInverso","p2":"snaelstorm","format":"[Gen 9] VGC 2023 Regulation C","log":"|j|\u2606WoomyInverso\n|j|\u2606snaelstorm\n|t:|1682058256\n|gametype|doubles\n|player|p1|WoomyInverso|170|1291\n|player|p2|snaelstorm|dahlia|1307\n|teamsize|p1|6\n|teamsize|p2|6\n|gen|9\n|tier|[Gen 9] VGC 2023 Regulation C\n|rated|\n|rule|Species Clause: Limit one of each Pok\u00e9mon\n|rule|Item Clause: Limit one of each item\n|clearpoke\n|poke|p1|Dudunsparce-*, L50, F|\n|poke|p1|Ting-Lu, L50|\n|poke|p1|Hatterene, L50, F|\n|poke|p1|Indeedee-F, L50, F|\n|poke|p1|Corviknight, L50, M|\n|poke|p1|Froslass, L50, F|\n|poke|p2|Wo-Chien, L50|\n|poke|p2|Glimmora, L50, F|\n|poke|p2|Gyarados, L50, M|\n|poke|p2|Flutter Mane, L50|\n|poke|p2|Ceruledge, L50, M|\n|poke|p2|Ting-Lu, L50|\n|teampreview|4\nsnaelstorm has agreed to open team sheets.\nWoomyInverso has agreed to open team sheets.\n|\n|t:|1682058329\n|start\n|switch|p1a: Indeedee|Indeedee-F, L50, F|100\/100\n|switch|p1b: Hatterene|Hatterene, L50, F|100\/100\n|switch|p2a: Glimmora|Glimmora, L50, F|100\/100\n|switch|p2b: Ting-Lu|Ting-Lu, L50|100\/100\n|-fieldstart|move: Psychic Terrain|[from] ability: Psychic Surge|[of] p1a: Indeedee\n|-ability|p2b: Ting-Lu|Vessel of Ruin\n|turn|1\n|\n|t:|1682058364\n|-terastallize|p1b: Hatterene|Fire\n|move|p2a: Glimmora|Mortal Spin|p1b: Hatterene|[spread] p1a,p1b\n|-damage|p1a: Indeedee|92\/100\n|-damage|p1b: Hatterene|94\/100\n|-status|p1a: Indeedee|psn\n|move|p2b: Ting-Lu|Throat Chop|p1b: Hatterene\n|-damage|p1b: Hatterene|41\/100\n|move|p1b: Hatterene|Psychic|p2a: Glimmora\n|-supereffective|p2a: Glimmora\n|-damage|p2a: Glimmora|37\/100\n|move|p1a: Indeedee|Trick Room|p1a: Indeedee\n|-fieldstart|move: Trick Room|[of] p1a: Indeedee\n|\n|-damage|p1a: Indeedee|80\/100 psn|[from] psn\n|upkeep\n|turn|2\n|\n|t:|1682058385\n|move|p1a: Indeedee|Follow Me|p1a: Indeedee\n|-singleturn|p1a: Indeedee|move: Follow Me\n|move|p1b: Hatterene|Psychic|p2a: Glimmora\n|-supereffective|p2a: Glimmora\n|-damage|p2a: Glimmora|0 fnt\n|faint|p2a: Glimmora\n|move|p2b: Ting-Lu|Stomping Tantrum|p1a: Indeedee\n|-damage|p1a: Indeedee|17\/100 psn\n|\n|-damage|p1a: Indeedee|5\/100 psn|[from] psn\n|upkeep\n|\n|t:|1682058401\n|switch|p2a: Ceruledge|Ceruledge, L50, M|100\/100\n|turn|3\n|\n|t:|1682058416\n|switch|p2a: Wo-Chien|Wo-Chien, L50|100\/100\n|-ability|p2a: Wo-Chien|Tablets of Ruin\n|move|p1a: Indeedee|Follow Me|p1a: Indeedee\n|-singleturn|p1a: Indeedee|move: Follow Me\n|move|p1b: Hatterene|Psychic|p2a: Wo-Chien\n|-immune|p2a: Wo-Chien\n|move|p2b: Ting-Lu|Stomping Tantrum|p1a: Indeedee\n|-damage|p1a: Indeedee|0 fnt\n|faint|p1a: Indeedee\n|\n|upkeep\n|\n|t:|1682058430\n|switch|p1a: Corviknight|Corviknight, L50, M|100\/100\n|turn|4\n|\n|t:|1682058459\n|switch|p1b: Ting-Lu|Ting-Lu, L50|100\/100\n|-ability|p1b: Ting-Lu|Vessel of Ruin\n|-terastallize|p2a: Wo-Chien|Water\n|move|p1a: Corviknight|Bulk Up|p1a: Corviknight\n|-boost|p1a: Corviknight|atk|1\n|-boost|p1a: Corviknight|def|1\n|move|p2b: Ting-Lu|Stomping Tantrum|p1b: Ting-Lu\n|-damage|p1b: Ting-Lu|82\/100\n|move|p2a: Wo-Chien|Leech Seed|p1a: Corviknight\n|-start|p1a: Corviknight|move: Leech Seed\n|\n|-damage|p1a: Corviknight|88\/100|[from] Leech Seed|[of] p2a: Wo-Chien\n|upkeep\n|turn|5\n|\n|t:|1682058498\n|switch|p1b: Hatterene|Hatterene, L50, F, tera:Fire|41\/100\n|move|p1a: Corviknight|Bulk Up|p1a: Corviknight\n|-boost|p1a: Corviknight|atk|1\n|-boost|p1a: Corviknight|def|1\n|move|p2b: Ting-Lu|Throat Chop|p1a: Corviknight\n|-damage|p1a: Corviknight|75\/100\n|-start|p1a: Corviknight|Throat Chop|[silent]\n|move|p2a: Wo-Chien|Leech Seed|p1b: Hatterene\n|move|p1b: Hatterene|Leech Seed|p2a: Wo-Chien|[from]ability: Magic Bounce|[miss]\n|-miss|p1b: Hatterene|p2a: Wo-Chien\n|\n|-heal|p1a: Corviknight|81\/100|[from] item: Leftovers\n|-damage|p1a: Corviknight|69\/100|[from] Leech Seed|[of] p2a: Wo-Chien\n|-fieldend|move: Trick Room\n|-fieldend|move: Psychic Terrain\n|upkeep\n|turn|6\n|\n|t:|1682058523\n|switch|p2a: Ceruledge|Ceruledge, L50, M|100\/100\n|switch|p1b: Ting-Lu|Ting-Lu, L50|82\/100\n|-ability|p1b: Ting-Lu|Vessel of Ruin\n|move|p2b: Ting-Lu|Stomping Tantrum|p1b: Ting-Lu\n|-crit|p1b: Ting-Lu\n|-damage|p1b: Ting-Lu|49\/100\n|move|p1a: Corviknight|Spite||[still]\n|-fail|p1a: Corviknight\n|\n|-heal|p1a: Corviknight|75\/100|[from] item: Leftovers\n|-damage|p1a: Corviknight|63\/100|[from] Leech Seed|[of] p2a: Ceruledge\n|-end|p1a: Corviknight|Throat Chop|[silent]\n|upkeep\n|turn|7\n|\n|t:|1682058550\n|switch|p2b: Wo-Chien|Wo-Chien, L50, tera:Water|100\/100\n|-ability|p2b: Wo-Chien|Tablets of Ruin\n|move|p2a: Ceruledge|Bulk Up|p2a: Ceruledge\n|-boost|p2a: Ceruledge|atk|1\n|-boost|p2a: Ceruledge|def|1\n|move|p1b: Ting-Lu|Throat Chop|p2a: Ceruledge\n|-supereffective|p2a: Ceruledge\n|-damage|p2a: Ceruledge|60\/100\n|-start|p2a: Ceruledge|Throat Chop|[silent]\n|move|p1a: Corviknight|Iron Head|p2a: Ceruledge\n|-resisted|p2a: Ceruledge\n|-damage|p2a: Ceruledge|44\/100\n|\n|-heal|p1a: Corviknight|69\/100|[from] item: Leftovers\n|-damage|p1a: Corviknight|57\/100|[from] Leech Seed|[of] p2a: Ceruledge\n|-heal|p2a: Ceruledge|57\/100|[silent]\n|upkeep\n|turn|8\n|\n|t:|1682058572\n|switch|p1b: Hatterene|Hatterene, L50, F, tera:Fire|41\/100\n|move|p2a: Ceruledge|Bitter Blade|p1a: Corviknight\n|-supereffective|p1a: Corviknight\n|-damage|p1a: Corviknight|0 fnt\n|-heal|p2a: Ceruledge|88\/100|[from] drain|[of] p1a: Corviknight\n|faint|p1a: Corviknight\n|-damage|p2a: Ceruledge|79\/100|[from] item: Life Orb\n|move|p2b: Wo-Chien|Pollen Puff|p2a: Ceruledge\n|-heal|p2a: Ceruledge|100\/100\n|\n|-end|p2a: Ceruledge|Throat Chop|[silent]\n|upkeep\n|\n|t:|1682058578\n|switch|p1a: Ting-Lu|Ting-Lu, L50|49\/100\n|-ability|p1a: Ting-Lu|Vessel of Ruin\n|turn|9\n|\n|t:|1682058595\n|move|p2a: Ceruledge|Bitter Blade|p1a: Ting-Lu\n|-damage|p1a: Ting-Lu|8\/100\n|-damage|p2a: Ceruledge|91\/100|[from] item: Life Orb\n|move|p2b: Wo-Chien|Pollen Puff|p1a: Ting-Lu\n|-supereffective|p1a: Ting-Lu\n|-damage|p1a: Ting-Lu|0 fnt\n|faint|p1a: Ting-Lu\n|move|p1b: Hatterene|Trick Room|p1b: Hatterene\n|-fieldstart|move: Trick Room|[of] p1b: Hatterene\n|\n|upkeep\n|turn|10\n|\n|t:|1682058605\n|move|p1b: Hatterene|Psychic|p2a: Ceruledge\n|-damage|p2a: Ceruledge|37\/100\n|move|p2b: Wo-Chien|Pollen Puff|p2a: Ceruledge\n|-heal|p2a: Ceruledge|87\/100\n|move|p2a: Ceruledge|Bitter Blade|p1b: Hatterene\n|-resisted|p1b: Hatterene\n|-damage|p1b: Hatterene|0 fnt\n|-heal|p2a: Ceruledge|100\/100|[from] drain|[of] p1b: Hatterene\n|faint|p1b: Hatterene\n|-damage|p2a: Ceruledge|91\/100|[from] item: Life Orb\n|\n|win|snaelstorm\n|raw|WoomyInverso's rating: 1291 → 1267<\/strong> (-24 for losing)\n|raw|snaelstorm's rating: 1307 → 1326<\/strong> (+19 for winning)\n|l|\u2606WoomyInverso\n","uploadtime":1682058617,"views":7,"p1id":"woomyinverso","p2id":"snaelstorm","formatid":"gen9vgc2023regulationc","rating":1267,"private":0,"password":""}