{"id":"gen9vgc2023regulationc-1861942354","p1":"Jgare1213","p2":"revocolombia","format":"[Gen 9] VGC 2023 Regulation C","log":"|j|\u2606Jgare1213\n|j|\u2606revocolombia\n|t:|1683822767\n|gametype|doubles\n|player|p1|Jgare1213|102|1283\n|player|p2|revocolombia|pokemonranger-gen4|1358\n|teamsize|p1|6\n|teamsize|p2|6\n|gen|9\n|tier|[Gen 9] VGC 2023 Regulation C\n|rated|\n|rule|Species Clause: Limit one of each Pok\u00e9mon\n|rule|Item Clause: Limit one of each item\n|clearpoke\n|poke|p1|Abomasnow, L50, F|\n|poke|p1|Iron Bundle, L50|\n|poke|p1|Chi-Yu, L50|\n|poke|p1|Armarouge, L50, F|\n|poke|p1|Indeedee-F, L50, F|\n|poke|p1|Great Tusk, L50|\n|poke|p2|Flutter Mane, L50|\n|poke|p2|Great Tusk, L50|\n|poke|p2|Gholdengo, L50|\n|poke|p2|Chien-Pao, L50|\n|poke|p2|Murkrow, L50, F|\n|poke|p2|Annihilape, L50, M|\n|teampreview|4\n|inactive|Battle timer is ON: inactive players will automatically lose when time's up. (requested by Jgare1213)\n|inactive|Jgare1213 has 60 seconds left.\n|inactive|revocolombia has 60 seconds left.\n|inactive|Jgare1213 has 30 seconds left.\n|\n|t:|1683822836\n|start\n|switch|p1a: Abomasnow|Abomasnow, L50, F|100\/100\n|switch|p1b: Iron Bundle|Iron Bundle, L50|100\/100\n|switch|p2a: Murkrow|Murkrow, L50, F|100\/100\n|switch|p2b: Chien-Pao|Chien-Pao, L50|100\/100\n|-weather|Snow|[from] ability: Snow Warning|[of] p1a: Abomasnow\n|-ability|p2b: Chien-Pao|Sword of Ruin\n|turn|1\n|\n|t:|1683822860\n|move|p2a: Murkrow|Taunt|p1a: Abomasnow\n|-start|p1a: Abomasnow|move: Taunt\n|move|p1b: Iron Bundle|Hydro Pump|p2b: Chien-Pao\n|-enditem|p2b: Chien-Pao|Focus Sash\n|-damage|p2b: Chien-Pao|1\/100\n|move|p1a: Abomasnow|Blizzard|p2a: Murkrow|[spread] p2a,p2b\n|-supereffective|p2a: Murkrow\n|-resisted|p2b: Chien-Pao\n|-damage|p2a: Murkrow|27\/100\n|-damage|p2b: Chien-Pao|0 fnt\n|faint|p2b: Chien-Pao\n|\n|-weather|Snow|[upkeep]\n|upkeep\n|\n|t:|1683822878\n|switch|p2b: Annihilape|Annihilape, L50, M|100\/100\n|turn|2\n|\n|t:|1683822898\n|-end|p1b: Iron Bundle|Quark Drive|[silent]\n|switch|p1b: Indeedee|Indeedee-F, L50, F|100\/100\n|-fieldstart|move: Psychic Terrain|[from] ability: Psychic Surge|[of] p1b: Indeedee\n|-enditem|p1b: Indeedee|Psychic Seed\n|-boost|p1b: Indeedee|spd|1|[from] item: Psychic Seed\n|-terastallize|p2a: Murkrow|Ghost\n|move|p2a: Murkrow|Tailwind|p2a: Murkrow\n|-sidestart|p2: revocolombia|move: Tailwind\n|move|p2b: Annihilape|Drain Punch|p1a: Abomasnow\n|-supereffective|p1a: Abomasnow\n|-damage|p1a: Abomasnow|28\/100\n|move|p1a: Abomasnow|Blizzard|p2b: Annihilape|[spread] p2a,p2b\n|-damage|p2a: Murkrow|0 fnt\n|-damage|p2b: Annihilape|68\/100\n|faint|p2a: Murkrow\n|\n|-weather|Snow|[upkeep]\n|-heal|p2b: Annihilape|74\/100|[from] item: Leftovers\n|upkeep\n|\n|t:|1683822919\n|switch|p2a: Flutter Mane|Flutter Mane, L50|100\/100\n|-enditem|p2a: Flutter Mane|Booster Energy\n|-activate|p2a: Flutter Mane|ability: Protosynthesis|[fromitem]\n|-start|p2a: Flutter Mane|protosynthesisspa\n|turn|3\n|inactive|Jgare1213 has 30 seconds left.\n|inactive|Jgare1213 has 20 seconds left.\n|inactive|Jgare1213 has 15 seconds left.\n|\n|t:|1683822961\n|move|p1b: Indeedee|Protect|p1b: Indeedee\n|-singleturn|p1b: Indeedee|Protect\n|move|p2a: Flutter Mane|Dazzling Gleam|p1b: Indeedee|[spread] p1a\n|-activate|p1b: Indeedee|move: Protect\n|-damage|p1a: Abomasnow|0 fnt\n|faint|p1a: Abomasnow\n|move|p2b: Annihilape|Drain Punch|p1b: Indeedee\n|-activate|p1b: Indeedee|move: Protect\n|\n|-weather|Snow|[upkeep]\n|-heal|p2b: Annihilape|80\/100|[from] item: Leftovers\n|upkeep\n|\n|t:|1683822978\n|switch|p1a: Great Tusk|Great Tusk, L50|100\/100\n|turn|4\n|inactive|Jgare1213 has 30 seconds left.\n|inactive|Jgare1213 has 20 seconds left.\n|inactive|Jgare1213 has 15 seconds left.\n|inactive|Jgare1213 has 10 seconds left.\n|inactive|Jgare1213 has 5 seconds left.\n|\n|t:|1683823030\n|move|p2a: Flutter Mane|Protect|p2a: Flutter Mane\n|-singleturn|p2a: Flutter Mane|Protect\n|move|p1b: Indeedee|Follow Me|p1b: Indeedee\n|-singleturn|p1b: Indeedee|move: Follow Me\n|move|p2b: Annihilape|Drain Punch|p1b: Indeedee\n|-damage|p1b: Indeedee|55\/100\n|-heal|p2b: Annihilape|100\/100|[from] drain|[of] p1b: Indeedee\n|move|p1a: Great Tusk|Headlong Rush|p2a: Flutter Mane\n|-activate|p2a: Flutter Mane|move: Protect\n|\n|-weather|Snow|[upkeep]\n|upkeep\n|turn|5\n|\n|t:|1683823053\n|move|p1b: Indeedee|Follow Me|p1b: Indeedee\n|-singleturn|p1b: Indeedee|move: Follow Me\n|move|p2a: Flutter Mane|Dazzling Gleam|p1b: Indeedee|[spread] p1a,p1b\n|-supereffective|p1a: Great Tusk\n|-enditem|p1a: Great Tusk|Focus Sash\n|-damage|p1a: Great Tusk|1\/100\n|-damage|p1b: Indeedee|25\/100\n|move|p2b: Annihilape|Rage Fist|p1b: Indeedee\n|-immune|p1b: Indeedee\n|move|p1a: Great Tusk|Headlong Rush|p2a: Flutter Mane\n|-damage|p2a: Flutter Mane|0 fnt\n|-unboost|p1a: Great Tusk|def|1\n|-unboost|p1a: Great Tusk|spd|1\n|faint|p2a: Flutter Mane\n|-end|p2a: Flutter Mane|Protosynthesis|[silent]\n|\n|-weather|none\n|-sideend|p2: revocolombia|move: Tailwind\n|upkeep\n|turn|6\n|inactive|revocolombia has 30 seconds left.\n|inactive|revocolombia has 20 seconds left.\n|\n|t:|1683823090\n|move|p2b: Annihilape|Protect|p2b: Annihilape\n|-singleturn|p2b: Annihilape|Protect\n|move|p1a: Great Tusk|Headlong Rush|p2b: Annihilape\n|-activate|p2b: Annihilape|move: Protect\n|move|p1b: Indeedee|Psychic|p2b: Annihilape\n|-activate|p2b: Annihilape|move: Protect\n|\n|-fieldend|move: Psychic Terrain\n|upkeep\n|turn|7\n|\n|t:|1683823108\n|move|p1a: Great Tusk|Headlong Rush|p2b: Annihilape\n|-damage|p2b: Annihilape|35\/100\n|-unboost|p1a: Great Tusk|def|1\n|-unboost|p1a: Great Tusk|spd|1\n|move|p2b: Annihilape|Rage Fist|p1b: Indeedee\n|-immune|p1b: Indeedee\n|move|p1b: Indeedee|Psychic|p2b: Annihilape\n|-supereffective|p2b: Annihilape\n|-damage|p2b: Annihilape|0 fnt\n|faint|p2b: Annihilape\n|\n|win|Jgare1213\n|raw|Jgare1213's rating: 1283 → 1313<\/strong> (+30 for winning)\n|raw|revocolombia's rating: 1358 → 1334<\/strong> (-24 for losing)\n|l|\u2606Jgare1213\n","uploadtime":1683823128,"views":10,"p1id":"jgare1213","p2id":"revocolombia","formatid":"gen9vgc2023regulationc","rating":1313,"private":0,"password":""}