{"id":"gen9vgc2023regulationc-1855199546","p1":"Ricardo Randorez","p2":"TwistArsenic","format":"[Gen 9] VGC 2023 Regulation C","log":"|j|\u2606Ricardo Randorez\n|j|\u2606TwistArsenic\n|t:|1682914035\n|gametype|doubles\n|player|p1|Ricardo Randorez|169|1093\n|player|p2|TwistArsenic|psychic-gen4|1000\n|teamsize|p1|6\n|teamsize|p2|6\n|gen|9\n|tier|[Gen 9] VGC 2023 Regulation C\n|rated|\n|rule|Species Clause: Limit one of each Pok\u00e9mon\n|rule|Item Clause: Limit one of each item\n|clearpoke\n|poke|p1|Glimmora, L50, M|\n|poke|p1|Dragonite, L50, M|\n|poke|p1|Dondozo, L50, M|\n|poke|p1|Tatsugiri, L50, F|\n|poke|p1|Garganacl, L50, M|\n|poke|p1|Wo-Chien, L50|\n|poke|p2|Ceruledge, L50, M|\n|poke|p2|Sableye, L50, M|\n|poke|p2|Chien-Pao, L50|\n|poke|p2|Dragonite, L50, F|\n|poke|p2|Ting-Lu, L50|\n|poke|p2|Flutter Mane, L50|\n|teampreview|4\n|\n|t:|1682914067\n|start\n|switch|p1a: Glimmora|Glimmora, L50, M, shiny|100\/100\n|switch|p1b: Garganacl|Garganacl, L50, M|100\/100\n|switch|p2a: Sableye|Sableye, L50, M, shiny|100\/100\n|switch|p2b: Ceruledge|Ceruledge, L50, M, shiny|100\/100\n|turn|1\n|inactive|Battle timer is ON: inactive players will automatically lose when time's up. (requested by Ricardo Randorez)\n|\n|t:|1682914094\n|-terastallize|p2b: Ceruledge|Grass\n|move|p2a: Sableye|Light Screen|p2a: Sableye\n|-sidestart|p2: TwistArsenic|move: Light Screen\n|move|p2b: Ceruledge|Bulk Up|p2b: Ceruledge\n|-boost|p2b: Ceruledge|atk|1\n|-boost|p2b: Ceruledge|def|1\n|move|p1a: Glimmora|Mortal Spin|p2a: Sableye|[spread] p2a,p2b\n|-resisted|p2a: Sableye\n|-supereffective|p2b: Ceruledge\n|-damage|p2a: Sableye|97\/100\n|-damage|p2b: Ceruledge|94\/100\n|-status|p2a: Sableye|psn\n|-status|p2b: Ceruledge|psn\n|move|p1b: Garganacl|Salt Cure|p2a: Sableye\n|-damage|p2a: Sableye|78\/100 psn\n|-start|p2a: Sableye|Salt Cure\n|\n|-heal|p2b: Ceruledge|99\/100 psn|[from] item: Leftovers\n|-damage|p2b: Ceruledge|88\/100 psn|[from] psn\n|-damage|p2a: Sableye|66\/100 psn|[from] psn\n|-damage|p2a: Sableye|54\/100 psn|[from] Salt Cure\n|upkeep\n|turn|2\n|inactive|Ricardo Randorez has 30 seconds left.\n|inactive|Ricardo Randorez has 20 seconds left.\n|inactive|Ricardo Randorez has 15 seconds left.\n|inactive|Ricardo Randorez has 10 seconds left.\n|inactive|Ricardo Randorez has 5 seconds left.\n|\n|t:|1682914145\n|move|p2a: Sableye|Reflect|p2a: Sableye\n|-sidestart|p2: TwistArsenic|Reflect\n|move|p2b: Ceruledge|Bulk Up|p2b: Ceruledge\n|-boost|p2b: Ceruledge|atk|1\n|-boost|p2b: Ceruledge|def|1\n|move|p1a: Glimmora|Sludge Bomb|p2b: Ceruledge\n|-supereffective|p2b: Ceruledge\n|-damage|p2b: Ceruledge|46\/100 psn\n|move|p1b: Garganacl|Iron Defense|p1b: Garganacl\n|-boost|p1b: Garganacl|def|2\n|\n|-heal|p2b: Ceruledge|52\/100 psn|[from] item: Leftovers\n|-damage|p2b: Ceruledge|40\/100 psn|[from] psn\n|-damage|p2a: Sableye|42\/100 psn|[from] psn\n|-damage|p2a: Sableye|30\/100 psn|[from] Salt Cure\n|upkeep\n|turn|3\n|inactive|Ricardo Randorez has 30 seconds left.\n|inactive|TwistArsenic has 30 seconds left.\n|\n|t:|1682914174\n|move|p2a: Sableye|Disable|p1a: Glimmora\n|-start|p1a: Glimmora|Disable|Sludge Bomb\n|move|p2b: Ceruledge|Bitter Blade|p1a: Glimmora\n|-resisted|p1a: Glimmora\n|-damage|p1a: Glimmora|69\/100\n|-heal|p2b: Ceruledge|56\/100 psn|[from] drain|[of] p1a: Glimmora\n|-activate|p1a: Glimmora|ability: Toxic Debris\n|-sidestart|p2: TwistArsenic|move: Toxic Spikes\n|cant|p1a: Glimmora|Disable|Sludge Bomb\n|move|p1b: Garganacl|Iron Defense|p1b: Garganacl\n|-boost|p1b: Garganacl|def|2\n|\n|-heal|p2b: Ceruledge|62\/100 psn|[from] item: Leftovers\n|-damage|p2b: Ceruledge|50\/100 psn|[from] psn\n|-damage|p2a: Sableye|18\/100 psn|[from] psn\n|-damage|p2a: Sableye|6\/100 psn|[from] Salt Cure\n|upkeep\n|turn|4\n|inactive|TwistArsenic has 30 seconds left.\n|\n|t:|1682914205\n|move|p2a: Sableye|Encore|p1b: Garganacl\n|-start|p1b: Garganacl|Encore\n|move|p2b: Ceruledge|Bitter Blade|p1a: Glimmora\n|-resisted|p1a: Glimmora\n|-damage|p1a: Glimmora|34\/100\n|-heal|p2b: Ceruledge|69\/100 psn|[from] drain|[of] p1a: Glimmora\n|-activate|p1a: Glimmora|ability: Toxic Debris\n|-sidestart|p2: TwistArsenic|move: Toxic Spikes\n|move|p1a: Glimmora|Earth Power|p2b: Ceruledge\n|-resisted|p2b: Ceruledge\n|-damage|p2b: Ceruledge|62\/100 psn\n|move|p1b: Garganacl|Iron Defense|p1b: Garganacl\n|-boost|p1b: Garganacl|def|2\n|\n|-heal|p2b: Ceruledge|68\/100 psn|[from] item: Leftovers\n|-damage|p2b: Ceruledge|56\/100 psn|[from] psn\n|-damage|p2a: Sableye|0 fnt|[from] psn\n|faint|p2a: Sableye\n|upkeep\n|\n|t:|1682914223\n|switch|p2a: Chien-Pao|Chien-Pao, L50|100\/100\n|-status|p2a: Chien-Pao|tox\n|-ability|p2a: Chien-Pao|Sword of Ruin\n|turn|5\n|\n|t:|1682914238\n|move|p2a: Chien-Pao|Ice Spinner|p1b: Garganacl\n|-damage|p1b: Garganacl|93\/100\n|move|p2b: Ceruledge|Bitter Blade|p1a: Glimmora\n|-resisted|p1a: Glimmora\n|-damage|p1a: Glimmora|0 fnt\n|-heal|p2b: Ceruledge|73\/100 psn|[from] drain|[of] p1a: Glimmora\n|faint|p1a: Glimmora\n|move|p1b: Garganacl|Iron Defense|p1b: Garganacl\n|-boost|p1b: Garganacl|def|0\n|\n|-heal|p2b: Ceruledge|80\/100 psn|[from] item: Leftovers\n|-damage|p2a: Chien-Pao|95\/100 tox|[from] psn\n|-damage|p2b: Ceruledge|67\/100 psn|[from] psn\n|upkeep\n|\n|t:|1682914252\n|switch|p1a: Dragonite|Dragonite, L50, M, shiny|100\/100\n|turn|6\n|\n|t:|1682914275\n|move|p2a: Chien-Pao|Sacred Sword|p1b: Garganacl\n|-supereffective|p1b: Garganacl\n|-damage|p1b: Garganacl|54\/100\n|move|p1a: Dragonite|Ice Spinner|p2b: Ceruledge\n|-supereffective|p2b: Ceruledge\n|-damage|p2b: Ceruledge|19\/100 psn\n|move|p2b: Ceruledge|Bitter Blade|p1b: Garganacl\n|-resisted|p1b: Garganacl\n|-damage|p1b: Garganacl|47\/100\n|-heal|p2b: Ceruledge|23\/100 psn|[from] drain|[of] p1b: Garganacl\n|-enditem|p1b: Garganacl|Sitrus Berry|[eat]\n|-heal|p1b: Garganacl|72\/100|[from] item: Sitrus Berry\n|move|p1b: Garganacl|Iron Defense|p1b: Garganacl\n|-boost|p1b: Garganacl|def|0\n|\n|-heal|p2b: Ceruledge|29\/100 psn|[from] item: Leftovers\n|-damage|p2a: Chien-Pao|83\/100 tox|[from] psn\n|-damage|p2b: Ceruledge|17\/100 psn|[from] psn\n|-end|p1b: Garganacl|Encore\n|upkeep\n|turn|7\n|inactive|Ricardo Randorez has 30 seconds left.\n|inactive|TwistArsenic has 30 seconds left.\n|\n|t:|1682914304\n|-terastallize|p1b: Garganacl|Ghost\n|move|p2a: Chien-Pao|Ice Spinner|p1a: Dragonite\n|-supereffective|p1a: Dragonite\n|-damage|p1a: Dragonite|0 fnt\n|faint|p1a: Dragonite\n|move|p2b: Ceruledge|Bitter Blade|p1b: Garganacl\n|-damage|p1b: Garganacl|58\/100\n|-heal|p2b: Ceruledge|25\/100 psn|[from] drain|[of] p1b: Garganacl\n|move|p1b: Garganacl|Salt Cure|p2a: Chien-Pao\n|-supereffective|p2a: Chien-Pao\n|-damage|p2a: Chien-Pao|55\/100 tox\n|-start|p2a: Chien-Pao|Salt Cure\n|\n|-heal|p2b: Ceruledge|31\/100 psn|[from] item: Leftovers\n|-damage|p2a: Chien-Pao|38\/100 tox|[from] psn\n|-damage|p2b: Ceruledge|19\/100 psn|[from] psn\n|-damage|p2a: Chien-Pao|25\/100 tox|[from] Salt Cure\n|upkeep\n|\n|t:|1682914322\n|switch|p1a: Wo-Chien|Wo-Chien, L50|100\/100\n|-ability|p1a: Wo-Chien|Tablets of Ruin\n|turn|8\n|\n|t:|1682914330\n|move|p1a: Wo-Chien|Protect|p1a: Wo-Chien\n|-singleturn|p1a: Wo-Chien|Protect\n|move|p2a: Chien-Pao|Haze|p2a: Chien-Pao\n|-clearallboost\n|move|p2b: Ceruledge|Bitter Blade|p1a: Wo-Chien\n|-activate|p1a: Wo-Chien|move: Protect\n|move|p1b: Garganacl|Recover|p1b: Garganacl\n|-heal|p1b: Garganacl|100\/100\n|\n|-heal|p2b: Ceruledge|25\/100 psn|[from] item: Leftovers\n|-damage|p2a: Chien-Pao|2\/100 tox|[from] psn\n|-damage|p2b: Ceruledge|13\/100 psn|[from] psn\n|-damage|p2a: Chien-Pao|0 fnt|[from] Salt Cure\n|faint|p2a: Chien-Pao\n|-sideend|p2: TwistArsenic|move: Light Screen\n|upkeep\n|\n|t:|1682914347\n|switch|p2a: Dragonite|Dragonite, L50, F, shiny|100\/100\n|turn|9\n|\n|t:|1682914365\n|move|p2a: Dragonite|Dragon Claw|p1b: Garganacl\n|-damage|p1b: Garganacl|75\/100\n|-damage|p2a: Dragonite|91\/100|[from] item: Life Orb\n|move|p2b: Ceruledge|Bitter Blade|p1a: Wo-Chien\n|-supereffective|p1a: Wo-Chien\n|-damage|p1a: Wo-Chien|50\/100\n|-heal|p2b: Ceruledge|39\/100 psn|[from] drain|[of] p1a: Wo-Chien\n|move|p1a: Wo-Chien|Leech Seed|p2a: Dragonite\n|-start|p2a: Dragonite|move: Leech Seed\n|move|p1b: Garganacl|Body Press|p2b: Ceruledge\n|-crit|p2b: Ceruledge\n|-damage|p2b: Ceruledge|0 fnt\n|faint|p2b: Ceruledge\n|\n|-heal|p1a: Wo-Chien|56\/100|[from] item: Leftovers\n|-damage|p2a: Dragonite|79\/100|[from] Leech Seed|[of] p1a: Wo-Chien\n|-heal|p1a: Wo-Chien|68\/100|[silent]\n|-sideend|p2: TwistArsenic|Reflect\n|upkeep\n|turn|10\n|\n|t:|1682914390\n|move|p2a: Dragonite|Dragon Claw|p1a: Wo-Chien\n|-damage|p1a: Wo-Chien|30\/100\n|-damage|p2a: Dragonite|69\/100|[from] item: Life Orb\n|move|p1a: Wo-Chien|Pollen Puff|p1b: Garganacl\n|-heal|p1b: Garganacl|100\/100\n|move|p1b: Garganacl|Salt Cure|p2a: Dragonite\n|-supereffective|p2a: Dragonite\n|-damage|p2a: Dragonite|50\/100\n|-start|p2a: Dragonite|Salt Cure\n|\n|-heal|p1a: Wo-Chien|36\/100|[from] item: Leftovers\n|-damage|p2a: Dragonite|38\/100|[from] Leech Seed|[of] p1a: Wo-Chien\n|-heal|p1a: Wo-Chien|48\/100|[silent]\n|-damage|p2a: Dragonite|26\/100|[from] Salt Cure\n|upkeep\n|turn|11\n|\n|t:|1682914409\n|move|p1a: Wo-Chien|Protect|p1a: Wo-Chien\n|-singleturn|p1a: Wo-Chien|Protect\n|move|p2a: Dragonite|Dragon Claw|p1a: Wo-Chien\n|-activate|p1a: Wo-Chien|move: Protect\n|move|p1b: Garganacl|Body Press|p2a: Dragonite\n|-resisted|p2a: Dragonite\n|-damage|p2a: Dragonite|14\/100\n|\n|-heal|p1a: Wo-Chien|54\/100|[from] item: Leftovers\n|-damage|p2a: Dragonite|2\/100|[from] Leech Seed|[of] p1a: Wo-Chien\n|-heal|p1a: Wo-Chien|66\/100|[silent]\n|-damage|p2a: Dragonite|0 fnt|[from] Salt Cure\n|faint|p2a: Dragonite\n|\n|win|Ricardo Randorez\n|upkeep\n|raw|Ricardo Randorez's rating: 1093 → 1112<\/strong> (+19 for winning)\n|raw|TwistArsenic's rating: 1000 → 1000<\/strong> (+0 for losing)\n|l|\u2606TwistArsenic\n","uploadtime":1682914425,"views":14,"p1id":"ricardorandorez","p2id":"twistarsenic","formatid":"gen9vgc2023regulationc","rating":1000,"private":0,"password":""}