{"id":"gen9vgc2023regulationc-1851475299","p1":"30workseverytime","p2":"Matteo0605","format":"[Gen 9] VGC 2023 Regulation C","log":"|j|\u260630workseverytime\n|j|\u2606Matteo0605\n|t:|1682448160\n|gametype|doubles\n|player|p1|30workseverytime|colress|1436\n|player|p2|Matteo0605|n|1534\n|teamsize|p1|6\n|teamsize|p2|6\n|gen|9\n|tier|[Gen 9] VGC 2023 Regulation C\n|rated|\n|rule|Species Clause: Limit one of each Pok\u00e9mon\n|rule|Item Clause: Limit one of each item\n|clearpoke\n|poke|p1|Orthworm, L50, M|\n|poke|p1|Dragonite, L50, F|\n|poke|p1|Ting-Lu, L50|\n|poke|p1|Gyarados, L50, M|\n|poke|p1|Flutter Mane, L50|\n|poke|p1|Chien-Pao, L50|\n|poke|p2|Ting-Lu, L50|\n|poke|p2|Flutter Mane, L50|\n|poke|p2|Azumarill, L50, M|\n|poke|p2|Arcanine, L50, M|\n|poke|p2|Amoonguss, L50, M|\n|poke|p2|Gothitelle, L50, F|\n|teampreview|4\n|inactive|Battle timer is ON: inactive players will automatically lose when time's up. (requested by Matteo0605)\nMatteo0605 has agreed to open team sheets.\n|inactive|Matteo0605 has 60 seconds left.\n|\n|t:|1682448212\n|start\n|switch|p1a: Orthworm|Orthworm, L50, M|100\/100\n|switch|p1b: Ting-Lu|Ting-Lu, L50|100\/100\n|switch|p2a: Arcanine|Arcanine, L50, M|100\/100\n|switch|p2b: Flutter Mane|Flutter Mane, L50|100\/100\n|-ability|p2a: Arcanine|Intimidate|boost\n|-unboost|p1a: Orthworm|atk|1\n|-unboost|p1b: Ting-Lu|atk|1\n|-ability|p1b: Ting-Lu|Vessel of Ruin\n|turn|1\n|\n|t:|1682448231\n|-terastallize|p1a: Orthworm|Fire\n|move|p2b: Flutter Mane|Protect|p2b: Flutter Mane\n|-singleturn|p2b: Flutter Mane|Protect\n|move|p2a: Arcanine|Will-O-Wisp|p1b: Ting-Lu\n|-status|p1b: Ting-Lu|brn\n|move|p1b: Ting-Lu|Earthquake|p2b: Flutter Mane|[spread] p2a\n|-activate|p2b: Flutter Mane|move: Protect\n|-immune|p1a: Orthworm|[from] ability: Earth Eater\n|-supereffective|p2a: Arcanine\n|-damage|p2a: Arcanine|70\/100\n|move|p1a: Orthworm|Heavy Slam|p2b: Flutter Mane\n|-activate|p2b: Flutter Mane|move: Protect\n|\n|-damage|p1b: Ting-Lu|94\/100 brn|[from] brn\n|upkeep\n|turn|2\n|inactive|30workseverytime has 30 seconds left.\n|inactive|30workseverytime has 20 seconds left.\n|inactive|30workseverytime has 15 seconds left.\n|\n|t:|1682448272\n|switch|p2a: Gothitelle|Gothitelle, L50, F|100\/100\n|move|p2b: Flutter Mane|Perish Song|p2b: Flutter Mane\n|-start|p1a: Orthworm|perish3|[silent]\n|-start|p1b: Ting-Lu|perish3|[silent]\n|-start|p2a: Gothitelle|perish3|[silent]\n|-start|p2b: Flutter Mane|perish3|[silent]\n|-fieldactivate|move: Perish Song\n|move|p1b: Ting-Lu|Earthquake|p2a: Gothitelle|[spread] p2a,p2b\n|-immune|p1a: Orthworm|[from] ability: Earth Eater\n|-damage|p2a: Gothitelle|86\/100\n|-damage|p2b: Flutter Mane|69\/100\n|move|p1a: Orthworm|Iron Defense|p1a: Orthworm\n|-boost|p1a: Orthworm|def|2\n|\n|-damage|p1b: Ting-Lu|88\/100 brn|[from] brn\n|-start|p2b: Flutter Mane|perish3\n|-start|p1b: Ting-Lu|perish3\n|-start|p1a: Orthworm|perish3\n|-start|p2a: Gothitelle|perish3\n|upkeep\n|turn|3\n|inactive|Matteo0605 has 30 seconds left.\n|\n|t:|1682448306\n|move|p2b: Flutter Mane|Protect|p2b: Flutter Mane\n|-singleturn|p2b: Flutter Mane|Protect\n|move|p2a: Gothitelle|Fake Out|p1a: Orthworm\n|-damage|p1a: Orthworm|98\/100\n|move|p1b: Ting-Lu|Earthquake|p2a: Gothitelle|[spread] p2a\n|-activate|p2b: Flutter Mane|move: Protect\n|-heal|p1a: Orthworm|100\/100|[from] ability: Earth Eater|[of] p1b: Ting-Lu\n|-damage|p2a: Gothitelle|73\/100\n|cant|p1a: Orthworm|flinch\n|\n|-damage|p1b: Ting-Lu|82\/100 brn|[from] brn\n|-start|p2b: Flutter Mane|perish2\n|-start|p1b: Ting-Lu|perish2\n|-start|p1a: Orthworm|perish2\n|-start|p2a: Gothitelle|perish2\n|upkeep\n|turn|4\n|\n|t:|1682448318\n|-end|p2b: Flutter Mane|Protosynthesis|[silent]\n|switch|p2b: Arcanine|Arcanine, L50, M|70\/100\n|-ability|p2b: Arcanine|Intimidate|boost\n|-unboost|p1a: Orthworm|atk|1\n|-unboost|p1b: Ting-Lu|atk|1\n|move|p2a: Gothitelle|Protect|p2a: Gothitelle\n|-singleturn|p2a: Gothitelle|Protect\n|move|p1b: Ting-Lu|Earthquake|p2a: Gothitelle|[spread] p2b\n|-activate|p2a: Gothitelle|move: Protect\n|-immune|p1a: Orthworm|[from] ability: Earth Eater\n|-supereffective|p2b: Arcanine\n|-damage|p2b: Arcanine|47\/100\n|move|p1a: Orthworm|Body Press|p2b: Arcanine\n|-damage|p2b: Arcanine|0 fnt\n|faint|p2b: Arcanine\n|\n|-damage|p1b: Ting-Lu|76\/100 brn|[from] brn\n|-start|p1b: Ting-Lu|perish1\n|-start|p1a: Orthworm|perish1\n|-start|p2a: Gothitelle|perish1\n|upkeep\n|\n|t:|1682448337\n|switch|p2b: Flutter Mane|Flutter Mane, L50|69\/100\n|turn|5\n|\n|t:|1682448355\n|move|p2b: Flutter Mane|Protect|p2b: Flutter Mane\n|-singleturn|p2b: Flutter Mane|Protect\n|move|p1b: Ting-Lu|Earthquake|p2b: Flutter Mane|[spread] p2a\n|-activate|p2b: Flutter Mane|move: Protect\n|-immune|p1a: Orthworm|[from] ability: Earth Eater\n|-damage|p2a: Gothitelle|63\/100\n|move|p1a: Orthworm|Shed Tail|p1a: Orthworm\n|-start|p1a: Orthworm|Substitute|[from] move: Shed Tail\n|-damage|p1a: Orthworm|50\/100\n|-enditem|p1a: Orthworm|Sitrus Berry|[eat]\n|-heal|p1a: Orthworm|75\/100|[from] item: Sitrus Berry\n|\n|t:|1682448366\n|switch|p1a: Flutter Mane|Flutter Mane, L50|100\/100|[from] Shed Tail\n|move|p2a: Gothitelle|Trick Room|p2a: Gothitelle\n|-fieldstart|move: Trick Room|[of] p2a: Gothitelle\n|\n|-damage|p1b: Ting-Lu|70\/100 brn|[from] brn\n|-start|p2a: Gothitelle|perish0\n|-start|p1b: Ting-Lu|perish0\n|faint|p2a: Gothitelle\n|faint|p1b: Ting-Lu\n|upkeep\n|\n|t:|1682448370\n|switch|p2a: Azumarill|Azumarill, L50, M|100\/100\n|switch|p1b: Orthworm|Orthworm, L50, M, tera:Fire|75\/100\n|turn|6\n|inactive|Matteo0605 has 30 seconds left.\n|inactive|Matteo0605 has 20 seconds left.\n|\n|t:|1682448407\n|-terastallize|p2b: Flutter Mane|Grass\n|move|p2a: Azumarill|Liquidation|p1b: Orthworm\n|-supereffective|p1b: Orthworm\n|-damage|p1b: Orthworm|32\/100\n|move|p1b: Orthworm|Heavy Slam|p2b: Flutter Mane\n|-damage|p2b: Flutter Mane|0 fnt\n|faint|p2b: Flutter Mane\n|-end|p2b: Flutter Mane|Protosynthesis|[silent]\n|move|p1a: Flutter Mane|Moonblast|p2a: Azumarill\n|-damage|p2a: Azumarill|54\/100\n|\n|upkeep\n|turn|7\n|-message|Matteo0605 forfeited.\n|\n|win|30workseverytime\n|raw|30workseverytime's rating: 1436 → 1461<\/strong> (+25 for winning)\n|raw|Matteo0605's rating: 1534 → 1509<\/strong> (-25 for losing)\n|l|\u2606Matteo0605\n","uploadtime":1682448428,"views":11,"p1id":"30workseverytime","p2id":"matteo0605","formatid":"gen9vgc2023regulationc","rating":1461,"private":0,"password":""}