{"id":"gen9vgc2023regulationc-1846955305","p1":"Zacharius123","p2":"Prompto88","format":"[Gen 9] VGC 2023 Regulation C","log":"|j|\u2606Zacharius123\n|j|\u2606Prompto88\n|t:|1681905734\n|gametype|doubles\n|player|p1|Zacharius123|170|1127\n|player|p2|Prompto88|102|1101\n|teamsize|p1|6\n|teamsize|p2|6\n|gen|9\n|tier|[Gen 9] VGC 2023 Regulation C\n|rated|\n|rule|Species Clause: Limit one of each Pok\u00e9mon\n|rule|Item Clause: Limit one of each item\n|clearpoke\n|poke|p1|Houndstone, L50, F|\n|poke|p1|Tyranitar, L50, F|\n|poke|p1|Palafin, L50, M|\n|poke|p1|Dragonite, L50, F|\n|poke|p1|Arcanine, L50, F|\n|poke|p1|Flutter Mane, L50|\n|poke|p2|Glimmora, L50, F|\n|poke|p2|Arcanine, L50, F|\n|poke|p2|Garganacl, L50, F|\n|poke|p2|Maushold, L50|\n|poke|p2|Ting-Lu, L50|\n|poke|p2|Wo-Chien, L50|\n|teampreview|4\n|inactive|Battle timer is ON: inactive players will automatically lose when time's up. (requested by Prompto88)\n|j| migeew\n|inactive|Zacharius123 has 60 seconds left.\nPrompto88 rejected open team sheets.\n|\n|t:|1681905780\n|start\n|switch|p1a: Houndstone|Houndstone, L50, F|100\/100\n|switch|p1b: Tyranitar|Tyranitar, L50, F|100\/100\n|switch|p2a: Glimmora|Glimmora, L50, F|100\/100\n|switch|p2b: Maushold|Maushold, L50|100\/100\n|-weather|Sandstorm|[from] ability: Sand Stream|[of] p1b: Tyranitar\n|turn|1\n|\n|t:|1681905805\n|move|p1a: Houndstone|Howl|p1a: Houndstone|[spread] p1a,p1b\n|-boost|p1a: Houndstone|atk|1\n|-boost|p1b: Tyranitar|atk|1\n|move|p2b: Maushold|Beat Up|p2a: Glimmora\n|-damage|p2a: Glimmora|99\/100\n|-activate|p2a: Glimmora|ability: Toxic Debris\n|-sidestart|p1: Zacharius123|move: Toxic Spikes\n|-damage|p2a: Glimmora|98\/100\n|-activate|p2a: Glimmora|ability: Toxic Debris\n|-sidestart|p1: Zacharius123|move: Toxic Spikes\n|-damage|p2a: Glimmora|97\/100\n|-damage|p2a: Glimmora|96\/100\n|-hitcount|p2a: Glimmora|4\n|move|p1b: Tyranitar|Low Kick|p2b: Maushold\n|-supereffective|p2b: Maushold\n|-damage|p2b: Maushold|77\/100\n|move|p2a: Glimmora|Mortal Spin|p1a: Houndstone|[spread] p1a,p1b\n|-resisted|p1a: Houndstone\n|-resisted|p1b: Tyranitar\n|-damage|p1a: Houndstone|98\/100\n|-damage|p1b: Tyranitar|99\/100\n|-status|p1a: Houndstone|psn\n|-status|p1b: Tyranitar|psn\n|\n|-weather|Sandstorm|[upkeep]\n|-heal|p1a: Houndstone|100\/100 psn|[from] item: Leftovers\n|-damage|p1a: Houndstone|88\/100 psn|[from] psn\n|-damage|p1b: Tyranitar|87\/100 psn|[from] psn\n|upkeep\n|turn|2\n|inactive|Zacharius123 has 30 seconds left.\n|inactive|Prompto88 has 30 seconds left.\n|inactive|Zacharius123 has 20 seconds left.\n|inactive|Zacharius123 has 15 seconds left.\n|inactive|Zacharius123 has 10 seconds left.\n|inactive|Zacharius123 has 5 seconds left.\n|inactive|Prompto88 has 20 seconds left.\n|\n|t:|1681905861\n|move|p2a: Glimmora|Spiky Shield|p2a: Glimmora\n|-singleturn|p2a: Glimmora|move: Protect\n|move|p1a: Houndstone|Howl|p1a: Houndstone|[spread] p1a,p1b\n|-boost|p1a: Houndstone|atk|1\n|-boost|p1b: Tyranitar|atk|1\n|move|p2b: Maushold|Super Fang|p1b: Tyranitar\n|-damage|p1b: Tyranitar|44\/100 psn\n|move|p1b: Tyranitar|Heavy Slam|p2a: Glimmora\n|-activate|p2a: Glimmora|move: Protect\n|-damage|p1b: Tyranitar|31\/100 psn|[from] Spiky Shield|[of] p2a: Glimmora\n|\n|-weather|Sandstorm|[upkeep]\n|-heal|p1a: Houndstone|94\/100 psn|[from] item: Leftovers\n|-damage|p1a: Houndstone|82\/100 psn|[from] psn\n|-damage|p1b: Tyranitar|19\/100 psn|[from] psn\n|upkeep\n|turn|3\n|inactive|Prompto88 has 30 seconds left.\n|\n|t:|1681905896\n|move|p2b: Maushold|Follow Me|p2b: Maushold\n|-singleturn|p2b: Maushold|move: Follow Me\n|move|p1a: Houndstone|Howl|p1a: Houndstone|[spread] p1a,p1b\n|-boost|p1a: Houndstone|atk|1\n|-boost|p1b: Tyranitar|atk|1\n|move|p1b: Tyranitar|Heavy Slam|p2b: Maushold\n|-damage|p2b: Maushold|0 fnt\n|faint|p2b: Maushold\n|move|p2a: Glimmora|Venoshock|p1b: Tyranitar\n|-resisted|p1b: Tyranitar\n|-damage|p1b: Tyranitar|6\/100 psn\n|\n|-weather|Sandstorm|[upkeep]\n|-heal|p1a: Houndstone|88\/100 psn|[from] item: Leftovers\n|-damage|p1a: Houndstone|76\/100 psn|[from] psn\n|-damage|p1b: Tyranitar|0 fnt|[from] psn\n|faint|p1b: Tyranitar\n|upkeep\n|\n|t:|1681905912\n|switch|p2b: Wo-Chien|Wo-Chien, L50|100\/100\n|switch|p1b: Dragonite|Dragonite, L50, F|100\/100\n|-ability|p2b: Wo-Chien|Tablets of Ruin\n|turn|4\n|inactive|Zacharius123 has 30 seconds left.\n|inactive|Zacharius123 has 20 seconds left.\n|\n|t:|1681905950\n|-terastallize|p2b: Wo-Chien|Poison\n|move|p1a: Houndstone|Howl|p1a: Houndstone|[spread] p1a,p1b\n|-boost|p1a: Houndstone|atk|1\n|-boost|p1b: Dragonite|atk|1\n|move|p1b: Dragonite|Ice Spinner|p2a: Glimmora\n|-damage|p2a: Glimmora|73\/100\n|-damage|p1b: Dragonite|84\/100|[from] item: Rocky Helmet|[of] p2a: Glimmora\n|move|p2a: Glimmora|Mortal Spin|p1a: Houndstone|[spread] p1a,p1b\n|-resisted|p1a: Houndstone\n|-damage|p1a: Houndstone|74\/100 psn\n|-damage|p1b: Dragonite|81\/100\n|-status|p1b: Dragonite|psn\n|-enditem|p1b: Dragonite|Lum Berry|[eat]\n|-curestatus|p1b: Dragonite|psn|[msg]\n|move|p2b: Wo-Chien|Leech Seed|p1a: Houndstone\n|-start|p1a: Houndstone|move: Leech Seed\n|\n|-weather|Sandstorm|[upkeep]\n|-damage|p1b: Dragonite|75\/100|[from] Sandstorm\n|-damage|p2b: Wo-Chien|94\/100|[from] Sandstorm\n|-heal|p1a: Houndstone|80\/100 psn|[from] item: Leftovers\n|-damage|p1a: Houndstone|68\/100 psn|[from] Leech Seed|[of] p2b: Wo-Chien\n|-heal|p2b: Wo-Chien|100\/100|[silent]\n|-damage|p1a: Houndstone|56\/100 psn|[from] psn\n|upkeep\n|turn|5\n|inactive|Zacharius123 has 30 seconds left.\n|inactive|Prompto88 has 30 seconds left.\n|inactive|Zacharius123 has 20 seconds left.\n|inactive|Zacharius123 has 15 seconds left.\n|\n|t:|1681905992\n|-terastallize|p1b: Dragonite|Flying\n|move|p1a: Houndstone|Last Respects|p2a: Glimmora\n|-damage|p2a: Glimmora|9\/100\n|move|p1b: Dragonite|Tera Blast|p2a: Glimmora\n|-resisted|p2a: Glimmora\n|-crit|p2a: Glimmora\n|-damage|p2a: Glimmora|0 fnt\n|faint|p2a: Glimmora\n|move|p2b: Wo-Chien|Leech Seed|p1b: Dragonite\n|-start|p1b: Dragonite|move: Leech Seed\n|\n|-weather|none\n|-heal|p1a: Houndstone|62\/100 psn|[from] item: Leftovers\n|-damage|p1a: Houndstone|50\/100 psn|[from] Leech Seed|[of] p2b: Wo-Chien\n|-damage|p1b: Dragonite|63\/100|[from] Leech Seed|[of] p2b: Wo-Chien\n|-damage|p1a: Houndstone|37\/100 psn|[from] psn\n|upkeep\n|\n|t:|1681906006\n|switch|p2a: Ting-Lu|Ting-Lu, L50|100\/100\n|-ability|p2a: Ting-Lu|Vessel of Ruin\n|turn|6\n|\n|t:|1681906018\n|switch|p1b: Flutter Mane|Flutter Mane, L50|100\/100\n|-status|p1b: Flutter Mane|tox\n|move|p1a: Houndstone|Last Respects|p2b: Wo-Chien\n|-damage|p2b: Wo-Chien|32\/100\n|move|p2b: Wo-Chien|Pollen Puff|p2a: Ting-Lu\n|-immune|p2a: Ting-Lu\n|move|p2a: Ting-Lu|Ruination|p1b: Flutter Mane\n|-damage|p1b: Flutter Mane|51\/100 tox\n|\n|-heal|p1a: Houndstone|43\/100 psn|[from] item: Leftovers\n|-damage|p1a: Houndstone|31\/100 psn|[from] Leech Seed|[of] p2b: Wo-Chien\n|-heal|p2b: Wo-Chien|45\/100|[silent]\n|-damage|p1b: Flutter Mane|45\/100 tox|[from] psn\n|-damage|p1a: Houndstone|19\/100 psn|[from] psn\n|upkeep\n|turn|7\n|l| migeew\n|\n|t:|1681906042\n|move|p2b: Wo-Chien|Protect|p2b: Wo-Chien\n|-singleturn|p2b: Wo-Chien|Protect\n|move|p1b: Flutter Mane|Dazzling Gleam|p2b: Wo-Chien|[spread] p2a\n|-activate|p2b: Wo-Chien|move: Protect\n|-supereffective|p2a: Ting-Lu\n|-damage|p2a: Ting-Lu|71\/100\n|move|p1a: Houndstone|Last Respects|p2b: Wo-Chien\n|-activate|p2b: Wo-Chien|move: Protect\n|move|p2a: Ting-Lu|Heavy Slam|p1b: Flutter Mane\n|-supereffective|p1b: Flutter Mane\n|-damage|p1b: Flutter Mane|0 fnt\n|faint|p1b: Flutter Mane\n|-end|p1b: Flutter Mane|Protosynthesis|[silent]\n|\n|-heal|p1a: Houndstone|25\/100 psn|[from] item: Leftovers\n|-damage|p1a: Houndstone|13\/100 psn|[from] Leech Seed|[of] p2b: Wo-Chien\n|-heal|p2b: Wo-Chien|59\/100|[silent]\n|-damage|p1a: Houndstone|0 fnt|[from] psn\n|faint|p1a: Houndstone\n|upkeep\n|inactive|Zacharius123 has 30 seconds left.\n|\n|t:|1681906072\n|switch|p1b: Dragonite|Dragonite, L50, F, tera:Flying|63\/100\n|turn|8\n|\n|t:|1681906095\n|move|p1b: Dragonite|Ice Spinner|p2a: Ting-Lu\n|-supereffective|p2a: Ting-Lu\n|-damage|p2a: Ting-Lu|52\/100\n|move|p2b: Wo-Chien|Leech Seed|p1b: Dragonite\n|-start|p1b: Dragonite|move: Leech Seed\n|move|p2a: Ting-Lu|Ruination|p1b: Dragonite\n|-damage|p1b: Dragonite|32\/100\n|\n|-damage|p1b: Dragonite|20\/100|[from] Leech Seed|[of] p2b: Wo-Chien\n|-heal|p2b: Wo-Chien|72\/100|[silent]\n|upkeep\n|turn|9\n|c|\u2606Zacharius123|Great stall team. Gg\n|c|\u2606Prompto88|gg\n|inactive|Zacharius123 has 30 seconds left.\n|inactive|Zacharius123 has 20 seconds left.\n|\n|t:|1681906135\n|move|p1b: Dragonite|Tera Blast|p2b: Wo-Chien\n|-damage|p2b: Wo-Chien|39\/100\n|move|p2b: Wo-Chien|Pollen Puff|p2a: Ting-Lu\n|-heal|p2a: Ting-Lu|100\/100\n|move|p2a: Ting-Lu|Heavy Slam|p1b: Dragonite\n|-damage|p1b: Dragonite|5\/100\n|\n|-damage|p1b: Dragonite|0 fnt|[from] Leech Seed|[of] p2b: Wo-Chien\n|-heal|p2b: Wo-Chien|44\/100|[silent]\n|faint|p1b: Dragonite\n|\n|win|Prompto88\n|upkeep\n|raw|Zacharius123's rating: 1127 → 1100<\/strong> (-27 for losing)\n|raw|Prompto88's rating: 1101 → 1128<\/strong> (+27 for winning)\n|l|\u2606Zacharius123\n","uploadtime":1681906151,"views":9,"p1id":"zacharius123","p2id":"prompto88","formatid":"gen9vgc2023regulationc","rating":1100,"private":0,"password":""}