{"id":"gen9vgc2023regulationc-1855775647","p1":"smilingkyogre","p2":"hhhyy6","format":"[Gen 9] VGC 2023 Regulation C","log":"|j|\u2606smilingkyogre\n|j|\u2606hhhyy6\n|t:|1682982750\n|gametype|doubles\n|player|p1|smilingkyogre|swimmerf|1262\n|player|p2|hhhyy6|2|1207\n|teamsize|p1|6\n|teamsize|p2|6\n|gen|9\n|tier|[Gen 9] VGC 2023 Regulation C\n|rated|\n|rule|Species Clause: Limit one of each Pok\u00e9mon\n|rule|Item Clause: Limit one of each item\n|clearpoke\n|poke|p1|Ting-Lu, L50|\n|poke|p1|Annihilape, L50, M|\n|poke|p1|Garganacl, L50, M|\n|poke|p1|Arcanine, L50, F|\n|poke|p1|Iron Bundle, L50|\n|poke|p1|Amoonguss, L50, M|\n|poke|p2|Torkoal, L50, M|\n|poke|p2|Chi-Yu, L50|\n|poke|p2|Bronzong, L50|\n|poke|p2|Gastrodon, L50, F|\n|poke|p2|Grimmsnarl, L50, M|\n|poke|p2|Skeledirge, L50, M|\n|teampreview|4\n|inactive|Battle timer is ON: inactive players will automatically lose when time's up. (requested by smilingkyogre)\n|\n|t:|1682982765\n|start\n|switch|p1a: Annihilape|Annihilape, L50, M|100\/100\n|switch|p1b: Amoonguss|Amoonguss, L50, M|100\/100\n|switch|p2a: Chi-Yu|Chi-Yu, L50|100\/100\n|switch|p2b: Grimmsnarl|Grimmsnarl, L50, M|100\/100\n|-ability|p2a: Chi-Yu|Beads of Ruin\n|turn|1\n|\n|t:|1682982779\n|switch|p1b: Ting-Lu|Ting-Lu, L50|100\/100\n|-ability|p1b: Ting-Lu|Vessel of Ruin\n|-terastallize|p1a: Annihilape|Fire\n|move|p2b: Grimmsnarl|Fake Out|p1b: Ting-Lu\n|-damage|p1b: Ting-Lu|95\/100\n|move|p2a: Chi-Yu|Substitute|p2a: Chi-Yu\n|-start|p2a: Chi-Yu|Substitute\n|-damage|p2a: Chi-Yu|76\/100\n|move|p1a: Annihilape|Bulk Up|p1a: Annihilape\n|-boost|p1a: Annihilape|atk|1\n|-boost|p1a: Annihilape|def|1\n|\n|upkeep\n|turn|2\n|\n|t:|1682982791\n|move|p2a: Chi-Yu|Protect|p2a: Chi-Yu\n|-singleturn|p2a: Chi-Yu|Protect\n|move|p2b: Grimmsnarl|Trick|p1a: Annihilape\n|-activate|p2b: Grimmsnarl|move: Trick|[of] p1a: Annihilape\n|-item|p1a: Annihilape|Lagging Tail|[from] move: Trick\n|-item|p2b: Grimmsnarl|Safety Goggles|[from] move: Trick\n|move|p1a: Annihilape|Bulk Up|p1a: Annihilape\n|-boost|p1a: Annihilape|atk|1\n|-boost|p1a: Annihilape|def|1\n|move|p1b: Ting-Lu|Stomping Tantrum|p2a: Chi-Yu\n|-activate|p2a: Chi-Yu|move: Protect\n|\n|upkeep\n|turn|3\n|inactive|smilingkyogre has 30 seconds left.\n|inactive|hhhyy6 has 30 seconds left.\n|\n|t:|1682982822\n|switch|p2b: Skeledirge|Skeledirge, L50, M|100\/100\n|move|p2a: Chi-Yu|Protect||[still]\n|-fail|p2a: Chi-Yu\n|move|p1b: Ting-Lu|Stomping Tantrum|p2a: Chi-Yu\n|-supereffective|p2a: Chi-Yu\n|-end|p2a: Chi-Yu|Substitute\n|move|p1a: Annihilape|Drain Punch|p2a: Chi-Yu\n|-supereffective|p2a: Chi-Yu\n|-damage|p2a: Chi-Yu|0 fnt\n|faint|p2a: Chi-Yu\n|\n|upkeep\n|\n|t:|1682982828\n|switch|p2a: Grimmsnarl|Grimmsnarl, L50, M|100\/100\n|turn|4\n|\n|t:|1682982839\n|move|p2b: Skeledirge|Encore|p1a: Annihilape\n|-start|p1a: Annihilape|Encore\n|move|p2a: Grimmsnarl|Spirit Break|p1b: Ting-Lu\n|-supereffective|p1b: Ting-Lu\n|-damage|p1b: Ting-Lu|62\/100\n|-unboost|p1b: Ting-Lu|spa|1\n|move|p1b: Ting-Lu|Stomping Tantrum|p2b: Skeledirge\n|-supereffective|p2b: Skeledirge\n|-damage|p2b: Skeledirge|56\/100\n|move|p1a: Annihilape|Drain Punch|p2a: Grimmsnarl\n|-damage|p2a: Grimmsnarl|31\/100\n|\n|-heal|p2b: Skeledirge|62\/100|[from] item: Leftovers\n|upkeep\n|turn|5\n|\n|t:|1682982851\n|move|p2b: Skeledirge|Protect|p2b: Skeledirge\n|-singleturn|p2b: Skeledirge|Protect\n|move|p2a: Grimmsnarl|Spirit Break|p1b: Ting-Lu\n|-supereffective|p1b: Ting-Lu\n|-damage|p1b: Ting-Lu|28\/100\n|-unboost|p1b: Ting-Lu|spa|1\n|move|p1b: Ting-Lu|Stomping Tantrum|p2b: Skeledirge\n|-activate|p2b: Skeledirge|move: Protect\n|move|p1a: Annihilape|Drain Punch|p2a: Grimmsnarl\n|-damage|p2a: Grimmsnarl|0 fnt\n|faint|p2a: Grimmsnarl\n|\n|-heal|p2b: Skeledirge|68\/100|[from] item: Leftovers\n|upkeep\n|\n|t:|1682982856\n|switch|p2a: Gastrodon|Gastrodon, L50, F|100\/100\n|turn|6\n|\n|t:|1682982871\n|-terastallize|p2b: Skeledirge|Fairy\n|move|p2b: Skeledirge|Torch Song|p1a: Annihilape\n|-resisted|p1a: Annihilape\n|-damage|p1a: Annihilape|86\/100\n|-boost|p2b: Skeledirge|spa|1\n|move|p2a: Gastrodon|Earth Power|p1a: Annihilape\n|-supereffective|p1a: Annihilape\n|-damage|p1a: Annihilape|41\/100\n|move|p1b: Ting-Lu|Stomping Tantrum|p2b: Skeledirge\n|-damage|p2b: Skeledirge|44\/100\n|move|p1a: Annihilape|Drain Punch|p2a: Gastrodon\n|-damage|p2a: Gastrodon|37\/100\n|-heal|p1a: Annihilape|71\/100|[from] drain|[of] p2a: Gastrodon\n|\n|-heal|p2b: Skeledirge|50\/100|[from] item: Leftovers\n|-end|p1a: Annihilape|Encore\n|upkeep\n|turn|7\n|\n|t:|1682982896\n|move|p2b: Skeledirge|Torch Song|p1a: Annihilape\n|-resisted|p1a: Annihilape\n|-damage|p1a: Annihilape|49\/100\n|-boost|p2b: Skeledirge|spa|1\n|move|p2a: Gastrodon|Earth Power|p1a: Annihilape\n|-supereffective|p1a: Annihilape\n|-damage|p1a: Annihilape|0 fnt\n|faint|p1a: Annihilape\n|move|p1b: Ting-Lu|Fissure|p2a: Gastrodon|[miss]\n|-miss|p1b: Ting-Lu|p2a: Gastrodon\n|\n|-heal|p2b: Skeledirge|56\/100|[from] item: Leftovers\n|upkeep\n|\n|t:|1682982907\n|switch|p1a: Garganacl|Garganacl, L50, M|100\/100\n|turn|8\n|\n|t:|1682982920\n|move|p2b: Skeledirge|Torch Song|p1b: Ting-Lu\n|-damage|p1b: Ting-Lu|0 fnt\n|-boost|p2b: Skeledirge|spa|1\n|faint|p1b: Ting-Lu\n|move|p2a: Gastrodon|Earth Power|p1a: Garganacl\n|-supereffective|p1a: Garganacl\n|-crit|p1a: Garganacl\n|-damage|p1a: Garganacl|1\/100\n|move|p1a: Garganacl|Salt Cure|p2a: Gastrodon\n|-resisted|p2a: Gastrodon\n|-damage|p2a: Gastrodon|29\/100\n|\n|-heal|p2b: Skeledirge|62\/100|[from] item: Leftovers\n|-heal|p1a: Garganacl|7\/100|[from] item: Leftovers\n|upkeep\n|\n|t:|1682982930\n|switch|p1b: Amoonguss|Amoonguss, L50, M|100\/100\n|turn|9\n|\n|t:|1682982937\n|move|p2b: Skeledirge|Torch Song|p1b: Amoonguss\n|-supereffective|p1b: Amoonguss\n|-damage|p1b: Amoonguss|0 fnt\n|-boost|p2b: Skeledirge|spa|1\n|faint|p1b: Amoonguss\n|move|p2a: Gastrodon|Earth Power|p1a: Garganacl\n|-supereffective|p1a: Garganacl\n|-crit|p1a: Garganacl\n|-damage|p1a: Garganacl|0 fnt\n|faint|p1a: Garganacl\n|\n|win|hhhyy6\n|raw|smilingkyogre's rating: 1262 → 1233<\/strong> (-29 for losing)\n|raw|hhhyy6's rating: 1207 → 1236<\/strong> (+29 for winning)\n|l|\u2606smilingkyogre\n","uploadtime":1682982944,"views":19,"p1id":"smilingkyogre","p2id":"hhhyy6","formatid":"gen9vgc2023regulationc","rating":1233,"private":0,"password":""}