{"id":"gen9vgc2023regulationc-1859439563","p1":"pessopissaoyeye","p2":"M4tty02","format":"[Gen 9] VGC 2023 Regulation C","log":"|j|\u2606pessopissaoyeye\n|j|\u2606M4tty02\n|t:|1683468169\n|gametype|doubles\n|player|p1|pessopissaoyeye|brycenman|\n|player|p2|M4tty02|emmet|\n|teamsize|p1|6\n|teamsize|p2|6\n|gen|9\n|tier|[Gen 9] VGC 2023 Regulation C\n|rule|Species Clause: Limit one of each Pok\u00e9mon\n|rule|Item Clause: Limit one of each item\n|clearpoke\n|poke|p1|Palafin, L50, F|\n|poke|p1|Arcanine, L50, F|\n|poke|p1|Amoonguss, L50, F|\n|poke|p1|Ting-Lu, L50|\n|poke|p1|Iron Hands, L50|\n|poke|p1|Flutter Mane, L50|\n|poke|p2|Chi-Yu, L50|\n|poke|p2|Flutter Mane, L50|\n|poke|p2|Amoonguss, L50, M|\n|poke|p2|Iron Hands, L50|\n|poke|p2|Palafin, L50, M|\n|poke|p2|Arcanine, L50, F|\n|teampreview|4\n|inactive|Battle timer is ON: inactive players will automatically lose when time's up. (requested by pessopissaoyeye)\n|j| lucarioex555\npessopissaoyeye has agreed to open team sheets.\nM4tty02 has agreed to open team sheets.\n|inactive|pessopissaoyeye has 60 seconds left.\n|inactive|M4tty02 has 60 seconds left.\n|inactive|M4tty02 has 30 seconds left.\n|\n|t:|1683468237\n|start\n|switch|p1a: Iron Hands|Iron Hands, L50|100\/100\n|switch|p1b: Palafin|Palafin, L50, F|100\/100\n|switch|p2a: Flutter Mane|Flutter Mane, L50|100\/100\n|switch|p2b: Amoonguss|Amoonguss, L50, M, shiny|100\/100\n|-enditem|p2a: Flutter Mane|Booster Energy\n|-activate|p2a: Flutter Mane|ability: Protosynthesis|[fromitem]\n|-start|p2a: Flutter Mane|protosynthesisspa\n|turn|1\n|inactive|pessopissaoyeye has 30 seconds left.\n|inactive|pessopissaoyeye has 20 seconds left.\n|\n|t:|1683468273\n|move|p2a: Flutter Mane|Protect|p2a: Flutter Mane\n|-singleturn|p2a: Flutter Mane|Protect\n|move|p1a: Iron Hands|Fake Out|p2b: Amoonguss\n|-damage|p2b: Amoonguss|89\/100\n|move|p1b: Palafin|Wave Crash|p2a: Flutter Mane\n|-activate|p2a: Flutter Mane|move: Protect\n|cant|p2b: Amoonguss|flinch\n|\n|upkeep\n|turn|2\n|inactive|pessopissaoyeye has 30 seconds left.\n|\n|t:|1683468307\n|detailschange|p1b: Palafin|Palafin-Hero, L50, F\n|switch|p1b: Arcanine|Arcanine, L50, F|100\/100\n|-ability|p1b: Arcanine|Intimidate|boost\n|-unboost|p2a: Flutter Mane|atk|1\n|-unboost|p2b: Amoonguss|atk|1\n|-terastallize|p2a: Flutter Mane|Fairy\n|move|p2b: Amoonguss|Rage Powder|p2b: Amoonguss\n|-singleturn|p2b: Amoonguss|move: Rage Powder\n|move|p2a: Flutter Mane|Dazzling Gleam|p1b: Arcanine|[spread] p1a,p1b\n|-supereffective|p1a: Iron Hands\n|-resisted|p1b: Arcanine\n|-damage|p1a: Iron Hands|39\/100\n|-damage|p1b: Arcanine|73\/100\n|move|p1a: Iron Hands|Volt Switch|p2b: Amoonguss\n|-resisted|p2b: Amoonguss\n|-damage|p2b: Amoonguss|83\/100\n|\n|t:|1683468322\n|-end|p1a: Iron Hands|Quark Drive|[silent]\n|switch|p1a: Ting-Lu|Ting-Lu, L50|100\/100|[from] Volt Switch\n|-ability|p1a: Ting-Lu|Vessel of Ruin\n|\n|upkeep\n|turn|3\n|inactive|M4tty02 has 30 seconds left.\n|\n|t:|1683468348\n|switch|p2b: Palafin|Palafin, L50, M, shiny|100\/100\n|-terastallize|p1a: Ting-Lu|Poison\n|move|p2a: Flutter Mane|Shadow Ball|p1b: Arcanine\n|-damage|p1b: Arcanine|30\/100\n|move|p1b: Arcanine|Howl|p1b: Arcanine|[spread] p1a,p1b\n|-boost|p1a: Ting-Lu|atk|1\n|-boost|p1b: Arcanine|atk|1\n|move|p1a: Ting-Lu|Ruination|p2b: Palafin\n|-damage|p2b: Palafin|51\/100\n|\n|upkeep\n|turn|4\n|\n|t:|1683468366\n|switch|p1b: Iron Hands|Iron Hands, L50|39\/100\n|detailschange|p2b: Palafin|Palafin-Hero, L50, M, shiny\n|switch|p2b: Arcanine|Arcanine, L50, F, shiny|100\/100\n|-ability|p2b: Arcanine|Intimidate|boost\n|-unboost|p1a: Ting-Lu|atk|1\n|-unboost|p1b: Iron Hands|atk|1\n|move|p2a: Flutter Mane|Shadow Ball|p1b: Iron Hands\n|-damage|p1b: Iron Hands|15\/100\n|-unboost|p1b: Iron Hands|spd|1\n|move|p1a: Ting-Lu|Stomping Tantrum|p2b: Arcanine\n|-supereffective|p2b: Arcanine\n|-damage|p2b: Arcanine|26\/100\n|\n|upkeep\n|turn|5\n|\n|t:|1683468386\n|move|p2a: Flutter Mane|Protect|p2a: Flutter Mane\n|-singleturn|p2a: Flutter Mane|Protect\n|move|p2b: Arcanine|Protect|p2b: Arcanine\n|-singleturn|p2b: Arcanine|Protect\n|move|p1b: Iron Hands|Fake Out|p2b: Arcanine\n|-activate|p2b: Arcanine|move: Protect\n|move|p1a: Ting-Lu|Heavy Slam|p2a: Flutter Mane\n|-activate|p2a: Flutter Mane|move: Protect\n|\n|upkeep\n|turn|6\n|inactive|pessopissaoyeye has 30 seconds left.\n|\n|t:|1683468413\n|move|p2a: Flutter Mane|Dazzling Gleam|p1b: Iron Hands|[spread] p1a,p1b\n|-resisted|p1a: Ting-Lu\n|-supereffective|p1b: Iron Hands\n|-damage|p1a: Ting-Lu|86\/100\n|-damage|p1b: Iron Hands|0 fnt\n|faint|p1b: Iron Hands\n|-end|p1b: Iron Hands|Quark Drive|[silent]\n|move|p2b: Arcanine|Will-O-Wisp|p1a: Ting-Lu\n|-status|p1a: Ting-Lu|brn\n|move|p1a: Ting-Lu|Stomping Tantrum|p2b: Arcanine\n|-supereffective|p2b: Arcanine\n|-damage|p2b: Arcanine|0 fnt\n|faint|p2b: Arcanine\n|\n|-heal|p1a: Ting-Lu|93\/100 brn|[from] item: Leftovers\n|-damage|p1a: Ting-Lu|86\/100 brn|[from] brn\n|upkeep\n|\n|t:|1683468432\n|switch|p2b: Amoonguss|Amoonguss, L50, M, shiny|100\/100\n|switch|p1b: Palafin|Palafin-Hero, L50, F|100\/100\n|-activate|p1b: Palafin|ability: Zero to Hero\n|turn|7\n|\n|t:|1683468448\n|move|p2a: Flutter Mane|Protect|p2a: Flutter Mane\n|-singleturn|p2a: Flutter Mane|Protect\n|move|p1b: Palafin|Protect|p1b: Palafin\n|-singleturn|p1b: Palafin|Protect\n|move|p1a: Ting-Lu|Ruination|p2b: Amoonguss\n|-damage|p2b: Amoonguss|50\/100\n|-enditem|p2b: Amoonguss|Sitrus Berry|[eat]\n|-heal|p2b: Amoonguss|75\/100|[from] item: Sitrus Berry\n|move|p2b: Amoonguss|Spore|p1b: Palafin\n|-activate|p1b: Palafin|move: Protect\n|\n|-heal|p1a: Ting-Lu|93\/100 brn|[from] item: Leftovers\n|-damage|p1a: Ting-Lu|86\/100 brn|[from] brn\n|upkeep\n|turn|8\n|\n|t:|1683468461\n|switch|p1b: Arcanine|Arcanine, L50, F|30\/100\n|-ability|p1b: Arcanine|Intimidate|boost\n|-unboost|p2a: Flutter Mane|atk|1\n|-unboost|p2b: Amoonguss|atk|1\n|move|p2b: Amoonguss|Rage Powder|p2b: Amoonguss\n|-singleturn|p2b: Amoonguss|move: Rage Powder\n|move|p2a: Flutter Mane|Moonblast|p1b: Arcanine\n|-resisted|p1b: Arcanine\n|-damage|p1b: Arcanine|0 fnt\n|faint|p1b: Arcanine\n|move|p1a: Ting-Lu|Ruination|p2b: Amoonguss\n|-damage|p2b: Amoonguss|38\/100\n|\n|-heal|p1a: Ting-Lu|93\/100 brn|[from] item: Leftovers\n|-damage|p1a: Ting-Lu|86\/100 brn|[from] brn\n|upkeep\n|\n|t:|1683468472\n|switch|p1b: Palafin|Palafin-Hero, L50, F|100\/100\n|turn|9\n|\n|t:|1683468483\n|move|p1b: Palafin|Protect|p1b: Palafin\n|-singleturn|p1b: Palafin|Protect\n|move|p2b: Amoonguss|Rage Powder|p2b: Amoonguss\n|-singleturn|p2b: Amoonguss|move: Rage Powder\n|move|p2a: Flutter Mane|Moonblast|p1b: Palafin\n|-activate|p1b: Palafin|move: Protect\n|move|p1a: Ting-Lu|Heavy Slam|p2b: Amoonguss\n|-damage|p2b: Amoonguss|24\/100\n|\n|-heal|p1a: Ting-Lu|93\/100 brn|[from] item: Leftovers\n|-damage|p1a: Ting-Lu|86\/100 brn|[from] brn\n|upkeep\n|turn|10\n|\n|t:|1683468495\n|move|p2b: Amoonguss|Rage Powder|p2b: Amoonguss\n|-singleturn|p2b: Amoonguss|move: Rage Powder\n|move|p2a: Flutter Mane|Moonblast|p1b: Palafin\n|-damage|p1b: Palafin|21\/100\n|move|p1b: Palafin|Substitute|p1b: Palafin\n|-fail|p1b: Palafin|move: Substitute|[weak]\n|move|p1a: Ting-Lu|Stomping Tantrum|p2b: Amoonguss\n|-damage|p2b: Amoonguss|10\/100\n|\n|-heal|p1a: Ting-Lu|93\/100 brn|[from] item: Leftovers\n|-damage|p1a: Ting-Lu|86\/100 brn|[from] brn\n|upkeep\n|turn|11\n|\n|t:|1683468516\n|move|p2b: Amoonguss|Rage Powder|p2b: Amoonguss\n|-singleturn|p2b: Amoonguss|move: Rage Powder\n|move|p1b: Palafin|Jet Punch|p2b: Amoonguss\n|-resisted|p2b: Amoonguss\n|-damage|p2b: Amoonguss|0 fnt\n|faint|p2b: Amoonguss\n|move|p2a: Flutter Mane|Dazzling Gleam|p1a: Ting-Lu|[spread] p1a,p1b\n|-resisted|p1a: Ting-Lu\n|-damage|p1a: Ting-Lu|72\/100 brn\n|-damage|p1b: Palafin|0 fnt\n|faint|p1b: Palafin\n|move|p1a: Ting-Lu|Heavy Slam|p2a: Flutter Mane\n|-supereffective|p2a: Flutter Mane\n|-damage|p2a: Flutter Mane|46\/100\n|\n|-heal|p1a: Ting-Lu|78\/100 brn|[from] item: Leftovers\n|-damage|p1a: Ting-Lu|72\/100 brn|[from] brn\n|upkeep\n|\n|t:|1683468521\n|switch|p2b: Palafin|Palafin-Hero, L50, M, shiny|51\/100\n|-activate|p2b: Palafin|ability: Zero to Hero\n|turn|12\n|\n|t:|1683468528\n|move|p1a: Ting-Lu|Protect|p1a: Ting-Lu\n|-singleturn|p1a: Ting-Lu|Protect\n|move|p2a: Flutter Mane|Shadow Ball|p1a: Ting-Lu\n|-activate|p1a: Ting-Lu|move: Protect\n|move|p2b: Palafin|Wave Crash|p1a: Ting-Lu\n|-activate|p1a: Ting-Lu|move: Protect\n|\n|-heal|p1a: Ting-Lu|78\/100 brn|[from] item: Leftovers\n|-damage|p1a: Ting-Lu|72\/100 brn|[from] brn\n|upkeep\n|turn|13\n|c|\u2606M4tty02|gg\n|\n|t:|1683468540\n|move|p2a: Flutter Mane|Shadow Ball|p1a: Ting-Lu\n|-damage|p1a: Ting-Lu|43\/100 brn\n|move|p2b: Palafin|Wave Crash|p1a: Ting-Lu\n|-damage|p1a: Ting-Lu|0 fnt\n|faint|p1a: Ting-Lu\n|-damage|p2b: Palafin|33\/100|[from] Recoil\n|\n|win|M4tty02\n|c|\u2606pessopissaoyeye|gg\n|l| lucarioex555\n|l|\u2606M4tty02\n|j|\u2606M4tty02\n|player|p2|M4tty02|emmet\n|l|\u2606pessopissaoyeye\n","uploadtime":1683469030,"views":14,"p1id":"pessopissaoyeye","p2id":"m4tty02","formatid":"gen9vgc2023regulationc","rating":0,"private":0,"password":""}