{"id":"gen9vgc2023regulationc-1858596763","p1":"Vengeful potato","p2":"TonnyDolfing","format":"[Gen 9] VGC 2023 Regulation C","log":"|j|\u2606Vengeful potato\n|j|\u2606TonnyDolfing\n|t:|1683330072\n|gametype|doubles\n|player|p1|Vengeful potato|swimmer-gen4|1290\n|player|p2|TonnyDolfing|lucas-gen4pt|1211\n|teamsize|p1|6\n|teamsize|p2|6\n|gen|9\n|tier|[Gen 9] VGC 2023 Regulation C\n|rated|\n|rule|Species Clause: Limit one of each Pok\u00e9mon\n|rule|Item Clause: Limit one of each item\n|clearpoke\n|poke|p1|Dudunsparce-*, L50, M|\n|poke|p1|Hariyama, L50, M|\n|poke|p1|Gengar, L50, F|\n|poke|p1|Corviknight, L50, M|\n|poke|p1|Rotom-Wash, L50|\n|poke|p1|Ting-Lu, L50|\n|poke|p2|Flutter Mane, L50|\n|poke|p2|Amoonguss, L50, M|\n|poke|p2|Iron Hands, L50|\n|poke|p2|Iron Bundle, L50|\n|poke|p2|Gyarados, L50, F|\n|poke|p2|Chi-Yu, L50|\n|teampreview|4\n|inactive|Battle timer is ON: inactive players will automatically lose when time's up. (requested by TonnyDolfing)\nTonnyDolfing rejected open team sheets.\n|\n|t:|1683330101\n|start\n|switch|p1a: Double Trouble|Dudunsparce, L50, M|100\/100\n|switch|p1b: THICC|Hariyama, L50, M, shiny|100\/100\n|switch|p2a: Chi-Yu|Chi-Yu, L50|100\/100\n|switch|p2b: Gyarados|Gyarados, L50, F|100\/100\n|-ability|p2a: Chi-Yu|Beads of Ruin\n|-ability|p2b: Gyarados|Intimidate|boost\n|-unboost|p1a: Double Trouble|atk|1\n|-unboost|p1b: THICC|atk|1\n|turn|1\n|inactive|TonnyDolfing has 30 seconds left.\n|\n|t:|1683330135\n|move|p2a: Chi-Yu|Protect|p2a: Chi-Yu\n|-singleturn|p2a: Chi-Yu|Protect\n|move|p1b: THICC|Fake Out|p2b: Gyarados\n|-damage|p2b: Gyarados|90\/100\n|cant|p2b: Gyarados|flinch\n|move|p1a: Double Trouble|Glare|p2a: Chi-Yu\n|-activate|p2a: Chi-Yu|move: Protect\n|\n|upkeep\n|turn|2\n|\n|t:|1683330150\n|move|p1b: THICC|Wide Guard|p1b: THICC\n|-singleturn|p1b: THICC|Wide Guard\n|move|p2a: Chi-Yu|Heat Wave|p1b: THICC|[spread] \n|-activate|p1a: Double Trouble|move: Wide Guard\n|-activate|p1b: THICC|move: Wide Guard\n|move|p2b: Gyarados|Waterfall|p1b: THICC\n|-damage|p1b: THICC|60\/100\n|move|p1a: Double Trouble|Glare|p2a: Chi-Yu\n|-status|p2a: Chi-Yu|par\n|\n|upkeep\n|turn|3\n|\n|t:|1683330168\n|move|p2b: Gyarados|Waterfall|p1b: THICC\n|-damage|p1b: THICC|19\/100\n|-enditem|p1b: THICC|Mago Berry|[eat]\n|-heal|p1b: THICC|52\/100|[from] item: Mago Berry\n|move|p1a: Double Trouble|Glare|p2b: Gyarados\n|-status|p2b: Gyarados|par\n|move|p2a: Chi-Yu|Dark Pulse|p1b: THICC\n|-resisted|p1b: THICC\n|-damage|p1b: THICC|27\/100\n|move|p1b: THICC|Drain Punch|p2a: Chi-Yu\n|-supereffective|p2a: Chi-Yu\n|-damage|p2a: Chi-Yu|30\/100 par\n|-heal|p1b: THICC|48\/100|[from] drain|[of] p2a: Chi-Yu\n|\n|upkeep\n|turn|4\n|\n|t:|1683330188\n|switch|p1b: Deer Park|Ting-Lu, L50|100\/100\n|-ability|p1b: Deer Park|Vessel of Ruin\n|move|p2a: Chi-Yu|Protect|p2a: Chi-Yu\n|-singleturn|p2a: Chi-Yu|Protect\n|move|p1a: Double Trouble|Rock Slide|p2a: Chi-Yu|[spread] p2b\n|-activate|p2a: Chi-Yu|move: Protect\n|-supereffective|p2b: Gyarados\n|-damage|p2b: Gyarados|69\/100 par\n|cant|p2b: Gyarados|flinch\n|\n|upkeep\n|turn|5\n|\n|t:|1683330205\n|switch|p2a: Flutter Mane|Flutter Mane, L50|100\/100\n|move|p2b: Gyarados|Protect|p2b: Gyarados\n|-singleturn|p2b: Gyarados|Protect\n|move|p1a: Double Trouble|Rock Slide|p2b: Gyarados|[spread] p2a\n|-activate|p2b: Gyarados|move: Protect\n|-damage|p2a: Flutter Mane|80\/100\n|move|p1b: Deer Park|Rock Slide|p2b: Gyarados|[spread] p2a\n|-activate|p2b: Gyarados|move: Protect\n|-damage|p2a: Flutter Mane|46\/100\n|\n|upkeep\n|turn|6\n|\n|t:|1683330226\n|move|p2a: Flutter Mane|Dazzling Gleam|p1a: Double Trouble|[spread] p1a,p1b\n|-supereffective|p1b: Deer Park\n|-damage|p1a: Double Trouble|69\/100\n|-damage|p1b: Deer Park|61\/100\n|move|p1a: Double Trouble|Rock Slide|p2b: Gyarados|[spread] p2a,p2b\n|-supereffective|p2b: Gyarados\n|-damage|p2a: Flutter Mane|26\/100\n|-damage|p2b: Gyarados|46\/100 par\n|move|p1b: Deer Park|Heavy Slam|p2a: Flutter Mane\n|-supereffective|p2a: Flutter Mane\n|-damage|p2a: Flutter Mane|0 fnt\n|faint|p2a: Flutter Mane\n|-end|p2a: Flutter Mane|Protosynthesis|[silent]\n|cant|p2b: Gyarados|flinch\n|\n|upkeep\n|\n|t:|1683330242\n|switch|p2a: Iron Bundle|Iron Bundle, L50|100\/100\n|-enditem|p2a: Iron Bundle|Booster Energy\n|-activate|p2a: Iron Bundle|ability: Quark Drive|[fromitem]\n|-start|p2a: Iron Bundle|quarkdrivespe\n|turn|7\n|\n|t:|1683330251\n|switch|p1b: THICC|Hariyama, L50, M, shiny|48\/100\n|move|p2a: Iron Bundle|Icy Wind|p1b: THICC|[spread] p1a,p1b\n|-damage|p1a: Double Trouble|49\/100\n|-damage|p1b: THICC|40\/100\n|-unboost|p1a: Double Trouble|spe|1\n|-unboost|p1b: THICC|spe|1\n|-enditem|p1a: Double Trouble|Sitrus Berry|[eat]\n|-heal|p1a: Double Trouble|74\/100|[from] item: Sitrus Berry\n|move|p1a: Double Trouble|Glare|p2a: Iron Bundle\n|-status|p2a: Iron Bundle|par\n|move|p2b: Gyarados|Iron Head|p1b: THICC\n|-damage|p1b: THICC|13\/100\n|\n|upkeep\n|turn|8\n|\n|t:|1683330275\n|move|p1b: THICC|Fake Out|p2a: Iron Bundle\n|-damage|p2a: Iron Bundle|87\/100 par\n|cant|p2a: Iron Bundle|flinch\n|move|p1a: Double Trouble|Rock Slide|p2a: Iron Bundle|[spread] p2a,p2b\n|-supereffective|p2a: Iron Bundle\n|-supereffective|p2b: Gyarados\n|-damage|p2a: Iron Bundle|65\/100 par\n|-damage|p2b: Gyarados|22\/100 par\n|cant|p2b: Gyarados|flinch\n|\n|upkeep\n|turn|9\n|\n|t:|1683330294\n|switch|p1b: Status Enjoyer|Gengar, L50, F, shiny|100\/100\n|move|p2a: Iron Bundle|Icy Wind|p1a: Double Trouble|[spread] p1b\n|-miss|p2a: Iron Bundle|p1a: Double Trouble\n|-damage|p1b: Status Enjoyer|73\/100\n|-unboost|p1b: Status Enjoyer|spe|1\n|-start|p2a: Iron Bundle|Disable|Icy Wind|[from] ability: Cursed Body|[of] p1b: Status Enjoyer\n|move|p1a: Double Trouble|Rock Slide|p2a: Iron Bundle|[spread] p2a\n|-miss|p1a: Double Trouble|p2b: Gyarados\n|-supereffective|p2a: Iron Bundle\n|-damage|p2a: Iron Bundle|44\/100 par\n|move|p2b: Gyarados|Waterfall|p1b: Status Enjoyer\n|-crit|p1b: Status Enjoyer\n|-damage|p1b: Status Enjoyer|0 fnt\n|-start|p2b: Gyarados|Disable|Waterfall|[from] ability: Cursed Body|[of] p1b: Status Enjoyer\n|faint|p1b: Status Enjoyer\n|\n|upkeep\n|\n|t:|1683330311\n|switch|p1b: Deer Park|Ting-Lu, L50|61\/100\n|-ability|p1b: Deer Park|Vessel of Ruin\n|turn|10\n|\n|t:|1683330327\n|switch|p1b: THICC|Hariyama, L50, M, shiny|13\/100\n|move|p2a: Iron Bundle|Freeze-Dry|p1b: THICC\n|-damage|p1b: THICC|0 fnt\n|faint|p1b: THICC\n|move|p1a: Double Trouble|Rock Slide|p2b: Gyarados|[spread] p2a,p2b\n|-supereffective|p2a: Iron Bundle\n|-supereffective|p2b: Gyarados\n|-crit|p2b: Gyarados\n|-damage|p2a: Iron Bundle|23\/100 par\n|-damage|p2b: Gyarados|0 fnt\n|faint|p2b: Gyarados\n|\n|upkeep\n|\n|t:|1683330338\n|switch|p2b: Chi-Yu|Chi-Yu, L50|30\/100 par\n|switch|p1b: Deer Park|Ting-Lu, L50|61\/100\n|-ability|p1b: Deer Park|Vessel of Ruin\n|-ability|p2b: Chi-Yu|Beads of Ruin\n|turn|11\n|inactive|TonnyDolfing has 30 seconds left.\n|\n|t:|1683330371\n|-terastallize|p1b: Deer Park|Steel\n|-terastallize|p2b: Chi-Yu|Grass\n|move|p2a: Iron Bundle|Freeze-Dry|p1a: Double Trouble\n|-damage|p1a: Double Trouble|42\/100\n|move|p1b: Deer Park|Rock Slide|p2b: Chi-Yu|[spread] p2a,p2b\n|-supereffective|p2a: Iron Bundle\n|-damage|p2a: Iron Bundle|0 fnt\n|-damage|p2b: Chi-Yu|4\/100 par\n|faint|p2a: Iron Bundle\n|-end|p2a: Iron Bundle|Quark Drive|[silent]\n|move|p2b: Chi-Yu|Heat Wave|p1b: Deer Park|[spread] p1a,p1b\n|-supereffective|p1b: Deer Park\n|-damage|p1a: Double Trouble|4\/100\n|-damage|p1b: Deer Park|9\/100\n|move|p1a: Double Trouble|Rock Slide|p2b: Chi-Yu\n|-damage|p2b: Chi-Yu|0 fnt\n|faint|p2b: Chi-Yu\n|\n|win|Vengeful potato\n|raw|Vengeful potato's rating: 1290 → 1309<\/strong> (+19 for winning)\n|raw|TonnyDolfing's rating: 1211 → 1192<\/strong> (-19 for losing)\n|c|\u2606Vengeful potato|Ggs\n","uploadtime":1683330386,"views":3,"p1id":"vengefulpotato","p2id":"tonnydolfing","formatid":"gen9vgc2023regulationc","rating":1192,"private":0,"password":""}