{"id":"gen9vgc2023regulationc-1851826837","p1":"haha u rage quit","p2":"TendoFr","format":"[Gen 9] VGC 2023 Regulation C","log":"|j|\u2606haha u rage quit\n|j|\u2606TendoFr\n|t:|1682490878\n|gametype|doubles\n|player|p1|haha u rage quit|pokemaniac|1331\n|player|p2|TendoFr|2|1319\n|teamsize|p1|6\n|teamsize|p2|6\n|gen|9\n|tier|[Gen 9] VGC 2023 Regulation C\n|rated|\n|rule|Species Clause: Limit one of each Pok\u00e9mon\n|rule|Item Clause: Limit one of each item\n|clearpoke\n|poke|p1|Glimmora, L50, M|\n|poke|p1|Iron Bundle, L50|\n|poke|p1|Dondozo, L50, M|\n|poke|p1|Dragonite, L50, M|\n|poke|p1|Tatsugiri-Droopy, L50, M|\n|poke|p1|Chi-Yu, L50|\n|poke|p2|Palafin, L50, M|\n|poke|p2|Chien-Pao, L50|\n|poke|p2|Dragapult, L50, F|\n|poke|p2|Amoonguss, L50, F|\n|poke|p2|Arcanine, L50, F|\n|poke|p2|Flutter Mane, L50|\n|teampreview|4\nTendoFr has agreed to open team sheets.\n|inactive|Battle timer is ON: inactive players will automatically lose when time's up. (requested by TendoFr)\n|\n|t:|1682490931\n|start\n|switch|p1a: Iron Bundle|Iron Bundle, L50, shiny|100\/100\n|switch|p1b: Chi-Yu|Chi-Yu, L50|100\/100\n|switch|p2a: Dnite|Dragapult, L50, F|100\/100\n|switch|p2b: Bundle|Chien-Pao, L50|100\/100\n|-ability|p2b: Bundle|Sword of Ruin\n|-ability|p1b: Chi-Yu|Beads of Ruin\n|-enditem|p1a: Iron Bundle|Booster Energy\n|-activate|p1a: Iron Bundle|ability: Quark Drive|[fromitem]\n|-start|p1a: Iron Bundle|quarkdrivespe\n|turn|1\n|inactive|TendoFr has 30 seconds left.\n|\n|t:|1682490959\n|switch|p2a: ChiYu|Arcanine, L50, F|100\/100\n|-ability|p2a: ChiYu|Intimidate|boost\n|-unboost|p1a: Iron Bundle|atk|1\n|-unboost|p1b: Chi-Yu|atk|1\n|move|p1a: Iron Bundle|Icy Wind|p2a: ChiYu|[spread] p2a,p2b\n|-resisted|p2a: ChiYu\n|-resisted|p2b: Bundle\n|-damage|p2a: ChiYu|84\/100\n|-damage|p2b: Bundle|79\/100\n|-unboost|p2a: ChiYu|spe|1\n|-unboost|p2b: Bundle|spe|1\n|move|p1b: Chi-Yu|Heat Wave|p2a: ChiYu|[spread] p2a,p2b\n|-resisted|p2a: ChiYu\n|-supereffective|p2b: Bundle\n|-damage|p2a: ChiYu|53\/100\n|-damage|p2b: Bundle|0 fnt\n|faint|p2b: Bundle\n|\n|upkeep\n|\n|t:|1682490975\n|switch|p2b: Dnite|Dragapult, L50, F|100\/100\n|turn|2\n|\n|t:|1682490986\n|move|p1a: Iron Bundle|Icy Wind|p2a: ChiYu|[spread] p2a,p2b\n|-resisted|p2a: ChiYu\n|-supereffective|p2b: Dnite\n|-damage|p2a: ChiYu|39\/100\n|-damage|p2b: Dnite|28\/100\n|-unboost|p2a: ChiYu|spe|1\n|move|p2b: Dnite|Dragon Darts|p1a: Iron Bundle\n|-damage|p1a: Iron Bundle|57\/100\n|-anim|p2b: Dnite|Dragon Darts|p1b: Chi-Yu\n|-damage|p1b: Chi-Yu|45\/100\n|move|p1b: Chi-Yu|Heat Wave|p2a: ChiYu|[spread] p2a,p2b\n|-resisted|p2a: ChiYu\n|-resisted|p2b: Dnite\n|-damage|p2a: ChiYu|9\/100\n|-damage|p2b: Dnite|0 fnt\n|faint|p2b: Dnite\n|move|p2a: ChiYu|Howl|p2a: ChiYu\n|-boost|p2a: ChiYu|atk|1\n|\n|upkeep\n|\n|t:|1682491001\n|switch|p2b: WoChien|Amoonguss, L50, F|100\/100\n|turn|3\n|\n|t:|1682491007\n|move|p2a: ChiYu|Extreme Speed|p1b: Chi-Yu\n|-damage|p1b: Chi-Yu|0 fnt\n|faint|p1b: Chi-Yu\n|move|p1a: Iron Bundle|Icy Wind|p2b: WoChien|[spread] p2a,p2b\n|-resisted|p2a: ChiYu\n|-supereffective|p2b: WoChien\n|-damage|p2a: ChiYu|0 fnt\n|-damage|p2b: WoChien|67\/100\n|-unboost|p2b: WoChien|spe|1\n|faint|p2a: ChiYu\n|move|p2b: WoChien|Spore|p1a: Iron Bundle\n|-status|p1a: Iron Bundle|slp|[from] move: Spore\n|\n|upkeep\n|\n|t:|1682491014\n|switch|p1b: Dondozo|Dondozo, L50, M|100\/100\n|turn|4\n|\n|t:|1682491022\n|move|p1b: Dondozo|Protect|p1b: Dondozo\n|-singleturn|p1b: Dondozo|Protect\n|cant|p1a: Iron Bundle|slp\n|move|p2b: WoChien|Spore|p1b: Dondozo\n|-activate|p1b: Dondozo|move: Protect\n|\n|upkeep\n|turn|5\n|-message|TendoFr forfeited.\n|\n|win|haha u rage quit\n|raw|haha u rage quit's rating: 1331 → 1350<\/strong> (+19 for winning)\n|raw|TendoFr's rating: 1319 → 1300<\/strong> (-19 for losing)\n|l|\u2606TendoFr\n","uploadtime":1682491039,"views":17,"p1id":"hahauragequit","p2id":"tendofr","formatid":"gen9vgc2023regulationc","rating":1300,"private":0,"password":""}