{"id":"gen9vgc2023regulationc-1854388584","p1":"gabsalma","p2":"XMarcosPr710","format":"[Gen 9] VGC 2023 Regulation C","log":"|j|\u2606gabsalma\n|j|\u2606XMarcosPr710\n|t:|1682804691\n|gametype|doubles\n|player|p1|gabsalma|lucas-gen4pt|\n|player|p2|XMarcosPr710|266|\n|teamsize|p1|6\n|teamsize|p2|6\n|gen|9\n|tier|[Gen 9] VGC 2023 Regulation C\n|rule|Species Clause: Limit one of each Pok\u00e9mon\n|rule|Item Clause: Limit one of each item\n|clearpoke\n|poke|p1|Chien-Pao, L50|\n|poke|p1|Dragonite, L50, M|\n|poke|p1|Ting-Lu, L50|\n|poke|p1|Arcanine, L50, F|\n|poke|p1|Flutter Mane, L50|\n|poke|p1|Torkoal, L50, F|\n|poke|p2|Ting-Lu, L50|\n|poke|p2|Flutter Mane, L50|\n|poke|p2|Roaring Moon, L50|\n|poke|p2|Palafin, L50, F|\n|poke|p2|Amoonguss, L50, F|\n|poke|p2|Arcanine, L50, F|\n|teampreview|4\n|inactive|Battle timer is ON: inactive players will automatically lose when time's up. (requested by gabsalma)\ngabsalma has agreed to open team sheets.\nXMarcosPr710 has agreed to open team sheets.\n|j| fifier\n|j| Agitativ40\n|j| Slimeks\n|c| fifier|Pog doble ting-lu\n|inactive|gabsalma has 60 seconds left.\n|inactive|XMarcosPr710 has 60 seconds left.\n|\n|t:|1682804733\n|start\n|switch|p1a: Torkoal|Torkoal, L50, F|100\/100\n|switch|p1b: Flutter Mane|Flutter Mane, L50|100\/100\n|switch|p2a: Flutter Mane|Flutter Mane, L50|100\/100\n|switch|p2b: Arcanine|Arcanine, L50, F|100\/100\n|-ability|p2b: Arcanine|Intimidate|boost\n|-unboost|p1a: Torkoal|atk|1\n|-unboost|p1b: Flutter Mane|atk|1\n|-weather|SunnyDay|[from] ability: Drought|[of] p1a: Torkoal\n|-activate|p1b: Flutter Mane|ability: Protosynthesis\n|-start|p1b: Flutter Mane|protosynthesisspe\n|-activate|p2a: Flutter Mane|ability: Protosynthesis\n|-start|p2a: Flutter Mane|protosynthesisspe\n|turn|1\n|\n|t:|1682804754\n|-terastallize|p1b: Flutter Mane|Fairy\n|-terastallize|p2a: Flutter Mane|Fairy\n|move|p1a: Torkoal|Helping Hand|p1b: Flutter Mane\n|-singleturn|p1b: Flutter Mane|Helping Hand|[of] p1a: Torkoal\n|move|p1b: Flutter Mane|Dazzling Gleam|p2a: Flutter Mane|[spread] p2a,p2b\n|-resisted|p2b: Arcanine\n|-damage|p2a: Flutter Mane|0 fnt\n|-damage|p2b: Arcanine|63\/100\n|faint|p2a: Flutter Mane\n|-end|p2a: Flutter Mane|Protosynthesis|[silent]\n|move|p2b: Arcanine|Snarl|p1b: Flutter Mane|[spread] p1a,p1b\n|-resisted|p1b: Flutter Mane\n|-damage|p1a: Torkoal|89\/100\n|-damage|p1b: Flutter Mane|96\/100\n|-unboost|p1a: Torkoal|spa|1\n|-unboost|p1b: Flutter Mane|spa|1\n|\n|-weather|SunnyDay|[upkeep]\n|upkeep\n|c| fifier|ayayay el speed tie\n|\n|t:|1682804768\n|switch|p2a: Amoonguss|Amoonguss, L50, F|100\/100\n|turn|2\n|\n|t:|1682804790\n|-end|p1b: Flutter Mane|Protosynthesis|[silent]\n|switch|p1b: Dragonite|Dragonite, L50, M|100\/100\n|move|p2b: Arcanine|Flare Blitz|p1b: Dragonite\n|-resisted|p1b: Dragonite\n|-damage|p1b: Dragonite|84\/100\n|-damage|p2b: Arcanine|58\/100|[from] Recoil\n|move|p2a: Amoonguss|Spore|p1a: Torkoal\n|-status|p1a: Torkoal|slp|[from] move: Spore\n|cant|p1a: Torkoal|slp\n|\n|-weather|SunnyDay|[upkeep]\n|upkeep\n|turn|3\n|c| Agitativ40|Tambi\u00e9n me sorprende que casi nadie haya llevado el set bulky de Flutter Mane\n|j| Mathias6483\n|c| fifier|el de substituto?\n|\n|t:|1682804814\n|move|p2b: Arcanine|Protect|p2b: Arcanine\n|-singleturn|p2b: Arcanine|Protect\n|move|p1b: Dragonite|Outrage|p2b: Arcanine\n|-activate|p2b: Arcanine|move: Protect\n|move|p2a: Amoonguss|Spore|p1b: Dragonite\n|-status|p1b: Dragonite|slp|[from] move: Spore\n|cant|p1a: Torkoal|slp\n|\n|-weather|SunnyDay|[upkeep]\n|upkeep\n|turn|4\n|c| Agitativ40|El reparto de evs que hace que booster energy potencie el ataque especial\n|c| Slimeks|iosi\n|\n|t:|1682804828\n|move|p2b: Arcanine|Snarl|p1b: Dragonite|[spread] p1a,p1b\n|-damage|p1a: Torkoal|77\/100 slp\n|-damage|p1b: Dragonite|76\/100 slp\n|-unboost|p1a: Torkoal|spa|1\n|-unboost|p1b: Dragonite|spa|1\n|cant|p1b: Dragonite|slp\n|move|p2a: Amoonguss|Pollen Puff|p2b: Arcanine\n|-heal|p2b: Arcanine|100\/100\n|cant|p1a: Torkoal|slp\n|\n|-weather|SunnyDay|[upkeep]\n|upkeep\n|turn|5\n|c| fifier|no habia 1 q lo llevaba?\n|c| Agitativ40|Dije \"casi nadie\"\n|\n|t:|1682804846\n|move|p2a: Amoonguss|Rage Powder|p2a: Amoonguss\n|-singleturn|p2a: Amoonguss|move: Rage Powder\n|move|p2b: Arcanine|Flare Blitz|p1b: Dragonite\n|-resisted|p1b: Dragonite\n|-damage|p1b: Dragonite|44\/100 slp\n|-damage|p2b: Arcanine|90\/100|[from] Recoil\n|cant|p1b: Dragonite|slp\n|-curestatus|p1a: Torkoal|slp|[msg]\n|move|p1a: Torkoal|Yawn|p2a: Amoonguss\n|-start|p2a: Amoonguss|move: Yawn|[of] p1a: Torkoal\n|\n|-weather|SunnyDay|[upkeep]\n|upkeep\n|turn|6\n|c| fifier|mala mia\n|c| fifier|perdon\n|inactive|XMarcosPr710 has 30 seconds left.\n|\n|t:|1682804876\n|move|p2b: Arcanine|Flare Blitz|p1b: Dragonite\n|-resisted|p1b: Dragonite\n|-damage|p1b: Dragonite|12\/100 slp\n|-damage|p2b: Arcanine|79\/100|[from] Recoil\n|-curestatus|p1b: Dragonite|slp|[msg]\n|move|p1b: Dragonite|Outrage|p2b: Arcanine\n|-damage|p2b: Arcanine|0 fnt\n|faint|p2b: Arcanine\n|-damage|p1b: Dragonite|3\/100|[from] item: Life Orb\n|move|p2a: Amoonguss|Spore|p1a: Torkoal\n|-status|p1a: Torkoal|slp|[from] move: Spore\n|cant|p1a: Torkoal|slp\n|\n|-weather|SunnyDay|[upkeep]\n|-end|p2a: Amoonguss|move: Yawn|[silent]\n|-status|p2a: Amoonguss|slp\n|upkeep\n|\n|t:|1682804888\n|switch|p2b: Palafin|Palafin, L50, F|100\/100\n|turn|7\n|c| Agitativ40|pobre palafin\n|c|\u2606XMarcosPr710|gg\n|\n|t:|1682804901\n|cant|p2a: Amoonguss|slp\n|move|p2b: Palafin|Jet Punch|p1b: Dragonite\n|-resisted|p1b: Dragonite\n|-damage|p1b: Dragonite|0 fnt\n|faint|p1b: Dragonite\n|cant|p1a: Torkoal|slp\n|\n|-weather|SunnyDay|[upkeep]\n|upkeep\n|c| fifier|ysi\n|c| fifier|pobre palafin\n|\n|t:|1682804912\n|switch|p1b: Flutter Mane|Flutter Mane, L50, tera:Fairy|96\/100\n|-activate|p1b: Flutter Mane|ability: Protosynthesis\n|-start|p1b: Flutter Mane|protosynthesisspe\n|turn|8\n|\n|t:|1682804932\n|cant|p1a: Torkoal|slp\n|-curestatus|p2a: Amoonguss|slp|[msg]\n|move|p2a: Amoonguss|Rage Powder|p2a: Amoonguss\n|-singleturn|p2a: Amoonguss|move: Rage Powder\n|move|p1b: Flutter Mane|Mystical Fire|p2a: Amoonguss\n|-supereffective|p2a: Amoonguss\n|-damage|p2a: Amoonguss|26\/100\n|-unboost|p2a: Amoonguss|spa|1\n|-enditem|p2a: Amoonguss|Sitrus Berry|[eat]\n|-heal|p2a: Amoonguss|51\/100|[from] item: Sitrus Berry\n|move|p2b: Palafin|Wave Crash|p1a: Torkoal\n|-supereffective|p1a: Torkoal\n|-damage|p1a: Torkoal|49\/100 slp\n|-damage|p2b: Palafin|91\/100|[from] Recoil\n|\n|-weather|none\n|-end|p1b: Flutter Mane|Protosynthesis\n|upkeep\n|turn|9\n|inactive|XMarcosPr710 has 30 seconds left.\n|\n|t:|1682804958\n|move|p2a: Amoonguss|Protect|p2a: Amoonguss\n|-singleturn|p2a: Amoonguss|Protect\n|move|p1b: Flutter Mane|Mystical Fire|p2a: Amoonguss\n|-activate|p2a: Amoonguss|move: Protect\n|move|p2b: Palafin|Wave Crash|p1a: Torkoal\n|-supereffective|p1a: Torkoal\n|-damage|p1a: Torkoal|0 fnt\n|faint|p1a: Torkoal\n|-damage|p2b: Palafin|75\/100|[from] Recoil\n|\n|upkeep\n|\n|t:|1682804963\n|switch|p1a: Ting-Lu|Ting-Lu, L50|100\/100\n|-ability|p1a: Ting-Lu|Vessel of Ruin\n|turn|10\n|\n|t:|1682804977\n|move|p1b: Flutter Mane|Mystical Fire|p2a: Amoonguss\n|-supereffective|p2a: Amoonguss\n|-damage|p2a: Amoonguss|10\/100\n|-unboost|p2a: Amoonguss|spa|1\n|move|p2b: Palafin|Wave Crash|p1a: Ting-Lu\n|-supereffective|p1a: Ting-Lu\n|-damage|p1a: Ting-Lu|52\/100\n|-damage|p2b: Palafin|51\/100|[from] Recoil\n|move|p1a: Ting-Lu|Fissure|p2b: Palafin|[miss]\n|-miss|p1a: Ting-Lu|p2b: Palafin\n|move|p2a: Amoonguss|Spore|p1b: Flutter Mane\n|-status|p1b: Flutter Mane|slp|[from] move: Spore\n|\n|upkeep\n|turn|11\n|c| fifier|terrible\n|\n|t:|1682805004\n|cant|p1b: Flutter Mane|slp\n|move|p2b: Palafin|Wave Crash|p1a: Ting-Lu\n|-supereffective|p1a: Ting-Lu\n|-damage|p1a: Ting-Lu|0 fnt\n|faint|p1a: Ting-Lu\n|-damage|p2b: Palafin|26\/100|[from] Recoil\n|move|p2a: Amoonguss|Pollen Puff|p2b: Palafin\n|-heal|p2b: Palafin|75\/100\n|\n|upkeep\n|turn|12\n|c| fifier|remontada?\n|c| Slimeks|lul\n|\n|t:|1682805019\n|cant|p1b: Flutter Mane|slp\n|move|p2b: Palafin|Wave Crash|p1b: Flutter Mane\n|-damage|p1b: Flutter Mane|0 fnt\n|faint|p1b: Flutter Mane\n|-end|p1b: Flutter Mane|Protosynthesis|[silent]\n|-damage|p2b: Palafin|52\/100|[from] Recoil\n|\n|win|XMarcosPr710\n|c|\u2606XMarcosPr710|uff\n|c| fifier|TREMENDO\n|c|\u2606gabsalma|gg\n|c| fifier|q combatazo\n|c|\u2606XMarcosPr710|Estoy temblando\n","uploadtime":1682805038,"views":20,"p1id":"gabsalma","p2id":"xmarcospr710","formatid":"gen9vgc2023regulationc","rating":0,"private":0,"password":""}