{"id":"gen9vgc2023regulationc-1854637778","p1":"ispc","p2":"Idk544","format":"[Gen 9] VGC 2023 Regulation C","log":"|j|\u2606ispc\n|j|\u2606Idk544\n|t:|1682840914\n|gametype|doubles\n|player|p1|ispc|102|1259\n|player|p2|Idk544|silver|1347\n|teamsize|p1|6\n|teamsize|p2|6\n|gen|9\n|tier|[Gen 9] VGC 2023 Regulation C\n|rated|\n|rule|Species Clause: Limit one of each Pok\u00e9mon\n|rule|Item Clause: Limit one of each item\n|clearpoke\n|poke|p1|Tyranitar, L50, M|\n|poke|p1|Lycanroc, L50, F|\n|poke|p1|Maushold, L50|\n|poke|p1|Annihilape, L50, F|\n|poke|p1|Flutter Mane, L50|\n|poke|p1|Chien-Pao, L50|\n|poke|p2|Orthworm, L50, M|\n|poke|p2|Iron Hands, L50|\n|poke|p2|Flutter Mane, L50|\n|poke|p2|Gholdengo, L50|\n|poke|p2|Gyarados, L50, M|\n|poke|p2|Ting-Lu, L50|\n|teampreview|4\nIdk544 has agreed to open team sheets.\n|\n|t:|1682840981\n|start\n|switch|p1a: Maushold|Maushold, L50|100\/100\n|switch|p1b: Annihilape|Annihilape, L50, F|100\/100\n|switch|p2a: Iron Hands|Iron Hands, L50|100\/100\n|switch|p2b: Orthworm|Orthworm, L50, M|100\/100\n|turn|1\n|\n|t:|1682841003\n|-terastallize|p1a: Maushold|Ghost\n|move|p1a: Maushold|Helping Hand|p1b: Annihilape\n|-singleturn|p1b: Annihilape|Helping Hand|[of] p1a: Maushold\n|move|p2a: Iron Hands|Fake Out|p1a: Maushold\n|-immune|p1a: Maushold\n|move|p1b: Annihilape|Drain Punch|p2b: Orthworm\n|-supereffective|p2b: Orthworm\n|-damage|p2b: Orthworm|25\/100\n|-enditem|p2b: Orthworm|Sitrus Berry|[eat]\n|-heal|p2b: Orthworm|50\/100|[from] item: Sitrus Berry\n|move|p2b: Orthworm|Shed Tail|p2b: Orthworm\n|-fail|p2b: Orthworm|move: Shed Tail|[weak]\n|\n|upkeep\n|turn|2\n|\n|t:|1682841035\n|switch|p2b: Flutter Mane|Flutter Mane, L50|100\/100\n|move|p1a: Maushold|Population Bomb|p2a: Iron Hands\n|-damage|p2a: Iron Hands|93\/100\n|-damage|p2a: Iron Hands|86\/100\n|-crit|p2a: Iron Hands\n|-damage|p2a: Iron Hands|75\/100\n|-damage|p2a: Iron Hands|68\/100\n|-damage|p2a: Iron Hands|61\/100\n|-damage|p2a: Iron Hands|54\/100\n|-damage|p2a: Iron Hands|47\/100\n|-damage|p2a: Iron Hands|40\/100\n|-damage|p2a: Iron Hands|33\/100\n|-damage|p2a: Iron Hands|26\/100\n|-hitcount|p2a: Iron Hands|10\n|move|p1b: Annihilape|Drain Punch|p2b: Flutter Mane\n|-immune|p2b: Flutter Mane\n|move|p2a: Iron Hands|Volt Switch|p1b: Annihilape\n|-damage|p1b: Annihilape|92\/100\n|\n|t:|1682841060\n|-end|p2a: Iron Hands|Quark Drive|[silent]\n|switch|p2a: Orthworm|Orthworm, L50, M|50\/100|[from] Volt Switch\n|\n|upkeep\n|turn|3\n|\n|t:|1682841074\n|-terastallize|p2b: Flutter Mane|Fairy\n|move|p1a: Maushold|Helping Hand|p1b: Annihilape\n|-singleturn|p1b: Annihilape|Helping Hand|[of] p1a: Maushold\n|move|p2a: Orthworm|Helping Hand|p2b: Flutter Mane\n|-singleturn|p2b: Flutter Mane|Helping Hand|[of] p2a: Orthworm\n|move|p2b: Flutter Mane|Dazzling Gleam|p1a: Maushold|[spread] p1a,p1b\n|-supereffective|p1b: Annihilape\n|-damage|p1a: Maushold|0 fnt\n|-damage|p1b: Annihilape|15\/100\n|faint|p1a: Maushold\n|move|p1b: Annihilape|Rage Fist|p2b: Flutter Mane\n|-enditem|p2b: Flutter Mane|Focus Sash\n|-damage|p2b: Flutter Mane|1\/100\n|\n|upkeep\n|\n|t:|1682841089\n|switch|p1a: Chien-Pao|Chien-Pao, L50|100\/100\n|-ability|p1a: Chien-Pao|Sword of Ruin\n|turn|4\n|\n|t:|1682841105\n|-end|p2b: Flutter Mane|Protosynthesis|[silent]\n|switch|p2b: Iron Hands|Iron Hands, L50|26\/100\n|move|p1a: Chien-Pao|Sucker Punch||[still]\n|-fail|p1a: Chien-Pao\n|move|p1b: Annihilape|Drain Punch|p2a: Orthworm\n|-supereffective|p2a: Orthworm\n|-damage|p2a: Orthworm|0 fnt\n|-heal|p1b: Annihilape|35\/100|[from] drain|[of] p2a: Orthworm\n|faint|p2a: Orthworm\n|\n|upkeep\n|\n|t:|1682841121\n|switch|p2a: Gholdengo|Gholdengo, L50|100\/100\n|turn|5\n|\n|t:|1682841131\n|switch|p1a: Flutter Mane|Flutter Mane, L50|100\/100\n|move|p2b: Iron Hands|Fake Out|p1a: Flutter Mane\n|-immune|p1a: Flutter Mane\n|move|p2a: Gholdengo|Nasty Plot|p2a: Gholdengo\n|-boost|p2a: Gholdengo|spa|2\n|move|p1b: Annihilape|Rage Fist|p2a: Gholdengo\n|-supereffective|p2a: Gholdengo\n|-damage|p2a: Gholdengo|0 fnt\n|faint|p2a: Gholdengo\n|\n|upkeep\n|\n|t:|1682841145\n|switch|p2a: Flutter Mane|Flutter Mane, L50, tera:Fairy|1\/100\n|turn|6\n|\n|t:|1682841172\n|move|p2a: Flutter Mane|Dazzling Gleam|p1a: Flutter Mane|[spread] p1a,p1b\n|-supereffective|p1b: Annihilape\n|-damage|p1a: Flutter Mane|49\/100\n|-damage|p1b: Annihilape|0 fnt\n|faint|p1b: Annihilape\n|move|p1a: Flutter Mane|Dazzling Gleam|p2b: Iron Hands|[spread] p2a,p2b\n|-supereffective|p2b: Iron Hands\n|-damage|p2a: Flutter Mane|0 fnt\n|-damage|p2b: Iron Hands|0 fnt\n|faint|p2a: Flutter Mane\n|-end|p2a: Flutter Mane|Protosynthesis|[silent]\n|faint|p2b: Iron Hands\n|-end|p2b: Iron Hands|Quark Drive|[silent]\n|\n|win|ispc\n|raw|ispc's rating: 1259 → 1290<\/strong> (+31 for winning)\n|raw|Idk544's rating: 1347 → 1322<\/strong> (-25 for losing)\n","uploadtime":1682841185,"views":14,"p1id":"ispc","p2id":"idk544","formatid":"gen9vgc2023regulationc","rating":1290,"private":0,"password":""}