{"id":"gen9vgc2023regulationc-1860451520","p1":"zlint","p2":"bananerzz","format":"[Gen 9] VGC 2023 Regulation C","log":"|j|\u2606zlint\n|j|\u2606bananerzz\n|t:|1683645406\n|gametype|doubles\n|player|p1|zlint|flannery|1235\n|player|p2|bananerzz|lady-gen4|1202\n|teamsize|p1|6\n|teamsize|p2|6\n|gen|9\n|tier|[Gen 9] VGC 2023 Regulation C\n|rated|\n|rule|Species Clause: Limit one of each Pok\u00e9mon\n|rule|Item Clause: Limit one of each item\n|clearpoke\n|poke|p1|Scream Tail, L50|\n|poke|p1|Baxcalibur, L50, F|\n|poke|p1|Corviknight, L50, F|\n|poke|p1|Rotom-Wash, L50|\n|poke|p1|Flutter Mane, L50|\n|poke|p1|Tyranitar, L50, F|\n|poke|p2|Pincurchin, L50, M|\n|poke|p2|Iron Hands, L50|\n|poke|p2|Arboliva, L50, F|\n|poke|p2|Ceruledge, L50, F|\n|poke|p2|Barraskewda, L50, F|\n|poke|p2|Iron Valiant, L50|\n|teampreview|4\nzlint has agreed to open team sheets.\nbananerzz has agreed to open team sheets.\n|\n|t:|1683645453\n|start\n|switch|p1a: Flutter Mane|Flutter Mane, L50|100\/100\n|switch|p1b: Rotom|Rotom-Wash, L50, shiny|100\/100\n|switch|p2a: Pincurchin|Pincurchin, L50, M|100\/100\n|switch|p2b: Barraskewda|Barraskewda, L50, F|100\/100\n|-fieldstart|move: Electric Terrain|[from] ability: Electric Surge|[of] p2a: Pincurchin\n|turn|1\n|\n|t:|1683645480\n|move|p1a: Flutter Mane|Protect|p1a: Flutter Mane\n|-singleturn|p1a: Flutter Mane|Protect\n|move|p2b: Barraskewda|Waterfall|p1a: Flutter Mane\n|-activate|p1a: Flutter Mane|move: Protect\n|move|p1b: Rotom|Will-O-Wisp|p2b: Barraskewda\n|-status|p2b: Barraskewda|brn\n|move|p2a: Pincurchin|Wild Charge|p1b: Rotom\n|-damage|p1b: Rotom|56\/100\n|-damage|p2a: Pincurchin|89\/100|[from] Recoil\n|\n|-damage|p2b: Barraskewda|95\/100 brn|[from] brn\n|upkeep\n|turn|2\n|inactive|Battle timer is ON: inactive players will automatically lose when time's up. (requested by zlint)\n|\n|t:|1683645507\n|move|p2b: Barraskewda|Waterfall|p1a: Flutter Mane\n|-damage|p1a: Flutter Mane|67\/100\n|move|p1a: Flutter Mane|Moonblast|p2a: Pincurchin\n|-damage|p2a: Pincurchin|8\/100\n|-damage|p1a: Flutter Mane|58\/100|[from] item: Life Orb\n|move|p1b: Rotom|Hydro Pump|p2a: Pincurchin\n|-damage|p2a: Pincurchin|0 fnt\n|faint|p2a: Pincurchin\n|\n|-damage|p2b: Barraskewda|89\/100 brn|[from] brn\n|upkeep\n|\n|t:|1683645522\n|switch|p2a: Iron Hands|Iron Hands, L50|100\/100\n|-activate|p2a: Iron Hands|ability: Quark Drive\n|-start|p2a: Iron Hands|quarkdriveatk\n|turn|3\n|\n|t:|1683645544\n|-terastallize|p2a: Iron Hands|Fire\n|move|p1a: Flutter Mane|Protect|p1a: Flutter Mane\n|-singleturn|p1a: Flutter Mane|Protect\n|move|p2b: Barraskewda|Waterfall|p1a: Flutter Mane\n|-activate|p1a: Flutter Mane|move: Protect\n|move|p1b: Rotom|Will-O-Wisp|p2a: Iron Hands\n|-immune|p2a: Iron Hands\n|move|p2a: Iron Hands|Wild Charge|p1a: Flutter Mane\n|-activate|p1a: Flutter Mane|move: Protect\n|\n|-damage|p2b: Barraskewda|83\/100 brn|[from] brn\n|upkeep\n|turn|4\n|inactive|bananerzz has 30 seconds left.\n|\n|t:|1683645570\n|move|p2b: Barraskewda|Waterfall|p1a: Flutter Mane\n|-damage|p1a: Flutter Mane|23\/100\n|move|p1a: Flutter Mane|Shadow Ball|p2a: Iron Hands\n|-damage|p2a: Iron Hands|52\/100\n|-damage|p1a: Flutter Mane|13\/100|[from] item: Life Orb\n|move|p1b: Rotom|Hydro Pump|p2a: Iron Hands\n|-supereffective|p2a: Iron Hands\n|-damage|p2a: Iron Hands|0 fnt\n|faint|p2a: Iron Hands\n|-end|p2a: Iron Hands|Quark Drive|[silent]\n|\n|-damage|p2b: Barraskewda|77\/100 brn|[from] brn\n|upkeep\n|\n|t:|1683645581\n|switch|p2a: Iron Valiant|Iron Valiant, L50|100\/100\n|-activate|p2a: Iron Valiant|ability: Quark Drive\n|-start|p2a: Iron Valiant|quarkdrivespe\n|-enditem|p2a: Iron Valiant|Electric Seed\n|-boost|p2a: Iron Valiant|def|1|[from] item: Electric Seed\n|turn|5\n|\n|t:|1683645601\n|move|p1a: Flutter Mane|Protect|p1a: Flutter Mane\n|-singleturn|p1a: Flutter Mane|Protect\n|move|p2b: Barraskewda|Waterfall|p1a: Flutter Mane\n|-activate|p1a: Flutter Mane|move: Protect\n|move|p2a: Iron Valiant|Moonblast|p1b: Rotom\n|-damage|p1b: Rotom|7\/100\n|-unboost|p1b: Rotom|spa|1\n|-enditem|p1b: Rotom|Sitrus Berry|[eat]\n|-heal|p1b: Rotom|32\/100|[from] item: Sitrus Berry\n|move|p1b: Rotom|Thunderbolt|p2b: Barraskewda\n|-supereffective|p2b: Barraskewda\n|-damage|p2b: Barraskewda|0 fnt\n|faint|p2b: Barraskewda\n|\n|upkeep\n|turn|6\n|\n|t:|1683645624\n|move|p2a: Iron Valiant|Icy Wind|p1a: Flutter Mane|[spread] p1a,p1b\n|-crit|p1a: Flutter Mane\n|-resisted|p1b: Rotom\n|-damage|p1a: Flutter Mane|0 fnt\n|-damage|p1b: Rotom|25\/100\n|-unboost|p1b: Rotom|spe|1\n|faint|p1a: Flutter Mane\n|-end|p1a: Flutter Mane|Protosynthesis|[silent]\n|move|p1b: Rotom|Thunderbolt|p2a: Iron Valiant\n|-damage|p2a: Iron Valiant|64\/100\n|\n|upkeep\n|\n|t:|1683645628\n|switch|p1a: Corviknight|Corviknight, L50, F, shiny|100\/100\n|turn|7\n|\n|t:|1683645637\n|switch|p1b: Scream Tail|Scream Tail, L50, shiny|100\/100\n|-enditem|p1b: Scream Tail|Booster Energy\n|-activate|p1b: Scream Tail|ability: Protosynthesis|[fromitem]\n|-start|p1b: Scream Tail|protosynthesisspe\n|move|p2a: Iron Valiant|Icy Wind|p1b: Scream Tail|[spread] p1a,p1b\n|-damage|p1a: Corviknight|90\/100\n|-damage|p1b: Scream Tail|91\/100\n|-ability|p1a: Corviknight|Mirror Armor\n|-unboost|p2a: Iron Valiant|spe|1\n|-unboost|p1b: Scream Tail|spe|1\n|move|p1a: Corviknight|Iron Head|p2a: Iron Valiant\n|-supereffective|p2a: Iron Valiant\n|-damage|p2a: Iron Valiant|14\/100\n|\n|upkeep\n|turn|8\n|\n|t:|1683645654\n|move|p2a: Iron Valiant|Moonblast|p1b: Scream Tail\n|-damage|p1b: Scream Tail|59\/100\n|move|p1b: Scream Tail|Play Rough|p2a: Iron Valiant|[miss]\n|-miss|p1b: Scream Tail|p2a: Iron Valiant\n|move|p1a: Corviknight|Iron Head|p2a: Iron Valiant\n|-supereffective|p2a: Iron Valiant\n|-damage|p2a: Iron Valiant|0 fnt\n|faint|p2a: Iron Valiant\n|-end|p2a: Iron Valiant|Quark Drive|[silent]\n|\n|win|zlint\n|raw|zlint's rating: 1235 → 1258<\/strong> (+23 for winning)\n|raw|bananerzz's rating: 1202 → 1179<\/strong> (-23 for losing)\n|l|\u2606bananerzz\n","uploadtime":1683645661,"views":5,"p1id":"zlint","p2id":"bananerzz","formatid":"gen9vgc2023regulationc","rating":1179,"private":0,"password":""}