{"id":"gen9vgc2023regulationc-1855005432","p1":"SpeedyLinguine","p2":"jvvr","format":"[Gen 9] VGC 2023 Regulation C","log":"|j|\u2606SpeedyLinguine\n|j|\u2606jvvr\n|t:|1682890089\n|gametype|doubles\n|player|p1|SpeedyLinguine|hoopster|1200\n|player|p2|jvvr|265|1151\n|teamsize|p1|6\n|teamsize|p2|6\n|gen|9\n|tier|[Gen 9] VGC 2023 Regulation C\n|rated|\n|rule|Species Clause: Limit one of each Pok\u00e9mon\n|rule|Item Clause: Limit one of each item\n|clearpoke\n|poke|p1|Pelipper, L50, F|\n|poke|p1|Amoonguss, L50, F|\n|poke|p1|Flutter Mane, L50|\n|poke|p1|Floatzel, L50, F|\n|poke|p1|Iron Hands, L50|\n|poke|p1|Gholdengo, L50|\n|poke|p2|Iron Bundle, L50|\n|poke|p2|Amoonguss, L50, M|\n|poke|p2|Arcanine, L50, F|\n|poke|p2|Garganacl, L50, M|\n|poke|p2|Houndstone, L50, M|\n|poke|p2|Hippowdon, L50, M|\n|teampreview|4\nSpeedyLinguine has agreed to open team sheets.\njvvr rejected open team sheets.\n|inactive|Battle timer is ON: inactive players will automatically lose when time's up. (requested by SpeedyLinguine)\n|\n|t:|1682890122\n|start\n|switch|p1a: obligatory Paradox|Iron Hands, L50|100\/100\n|switch|p1b: Immovable object|Amoonguss, L50, F|100\/100\n|switch|p2a: Garganacl|Garganacl, L50, M|100\/100\n|switch|p2b: Hippowdon|Hippowdon, L50, M|100\/100\n|-weather|Sandstorm|[from] ability: Sand Stream|[of] p2b: Hippowdon\n|-enditem|p1a: obligatory Paradox|Booster Energy\n|-activate|p1a: obligatory Paradox|ability: Quark Drive|[fromitem]\n|-start|p1a: obligatory Paradox|quarkdriveatk\n|turn|1\n|\n|t:|1682890145\n|-terastallize|p2a: Garganacl|Ghost\n|move|p1a: obligatory Paradox|Fake Out|p2b: Hippowdon\n|-damage|p2b: Hippowdon|86\/100\n|cant|p2b: Hippowdon|flinch\n|move|p2a: Garganacl|Salt Cure|p1a: obligatory Paradox\n|-resisted|p1a: obligatory Paradox\n|-damage|p1a: obligatory Paradox|96\/100\n|-start|p1a: obligatory Paradox|Salt Cure\n|move|p1b: Immovable object|Spore|p2b: Hippowdon\n|-status|p2b: Hippowdon|slp|[from] move: Spore\n|\n|-weather|Sandstorm|[upkeep]\n|-damage|p1a: obligatory Paradox|90\/100|[from] Sandstorm\n|-damage|p2a: Garganacl|95\/100|[from] Sandstorm\n|-damage|p1b: Immovable object|95\/100|[from] Sandstorm\n|-heal|p2a: Garganacl|100\/100|[from] item: Leftovers\n|-damage|p1a: obligatory Paradox|78\/100|[from] Salt Cure\n|upkeep\n|turn|2\n|\n|t:|1682890162\n|move|p1a: obligatory Paradox|Wild Charge|p2a: Garganacl\n|-damage|p2a: Garganacl|56\/100\n|-damage|p1a: obligatory Paradox|69\/100|[from] Recoil\n|cant|p2b: Hippowdon|slp\n|move|p2a: Garganacl|Salt Cure|p1b: Immovable object\n|-damage|p1b: Immovable object|82\/100\n|-start|p1b: Immovable object|Salt Cure\n|move|p1b: Immovable object|Leaf Storm|p2b: Hippowdon\n|-supereffective|p2b: Hippowdon\n|-damage|p2b: Hippowdon|21\/100 slp\n|-unboost|p1b: Immovable object|spa|2\n|\n|-weather|Sandstorm|[upkeep]\n|-damage|p1a: obligatory Paradox|63\/100|[from] Sandstorm\n|-damage|p2a: Garganacl|50\/100|[from] Sandstorm\n|-damage|p1b: Immovable object|76\/100|[from] Sandstorm\n|-heal|p2a: Garganacl|56\/100|[from] item: Leftovers\n|-damage|p1a: obligatory Paradox|50\/100|[from] Salt Cure\n|-damage|p1b: Immovable object|64\/100|[from] Salt Cure\n|upkeep\n|turn|3\n|\n|t:|1682890178\n|-curestatus|p2b: Hippowdon|slp|[msg]\n|move|p2b: Hippowdon|Protect|p2b: Hippowdon\n|-singleturn|p2b: Hippowdon|Protect\n|move|p1b: Immovable object|Rage Powder|p1b: Immovable object\n|-singleturn|p1b: Immovable object|move: Rage Powder\n|move|p1a: obligatory Paradox|Drain Punch|p2b: Hippowdon\n|-activate|p2b: Hippowdon|move: Protect\n|move|p2a: Garganacl|Recover|p2a: Garganacl\n|-heal|p2a: Garganacl|100\/100\n|\n|-weather|Sandstorm|[upkeep]\n|-damage|p1a: obligatory Paradox|44\/100|[from] Sandstorm\n|-damage|p2a: Garganacl|95\/100|[from] Sandstorm\n|-damage|p1b: Immovable object|58\/100|[from] Sandstorm\n|-heal|p2a: Garganacl|100\/100|[from] item: Leftovers\n|-damage|p1a: obligatory Paradox|32\/100|[from] Salt Cure\n|-damage|p1b: Immovable object|46\/100|[from] Salt Cure\n|upkeep\n|-enditem|p1b: Immovable object|Sitrus Berry|[eat]\n|-heal|p1b: Immovable object|70\/100|[from] item: Sitrus Berry\n|turn|4\n|\n|t:|1682890194\n|switch|p2b: Arcanine|Arcanine, L50, F|100\/100\n|-ability|p2b: Arcanine|Intimidate|boost\n|-unboost|p1a: obligatory Paradox|atk|1\n|-unboost|p1b: Immovable object|atk|1\n|switch|p1b: The Jordan of VGC|Pelipper, L50, F|100\/100\n|-weather|RainDance|[from] ability: Drizzle|[of] p1b: The Jordan of VGC\n|move|p2a: Garganacl|Protect|p2a: Garganacl\n|-singleturn|p2a: Garganacl|Protect\n|move|p1a: obligatory Paradox|Drain Punch|p2b: Arcanine\n|-damage|p2b: Arcanine|59\/100\n|-heal|p1a: obligatory Paradox|48\/100|[from] drain|[of] p2b: Arcanine\n|\n|-weather|RainDance|[upkeep]\n|-damage|p1a: obligatory Paradox|35\/100|[from] Salt Cure\n|upkeep\n|turn|5\n|\n|t:|1682890215\n|-end|p1a: obligatory Paradox|Quark Drive|[silent]\n|switch|p1a: Immovable object|Amoonguss, L50, F|100\/100\n|move|p2b: Arcanine|Will-O-Wisp|p1a: Immovable object\n|-status|p1a: Immovable object|brn\n|move|p1b: The Jordan of VGC|Hydro Pump|p2a: Garganacl\n|-damage|p2a: Garganacl|53\/100\n|move|p2a: Garganacl|Salt Cure|p1b: The Jordan of VGC\n|-supereffective|p1b: The Jordan of VGC\n|-damage|p1b: The Jordan of VGC|72\/100\n|-start|p1b: The Jordan of VGC|Salt Cure\n|\n|-weather|RainDance|[upkeep]\n|-heal|p2a: Garganacl|58\/100|[from] item: Leftovers\n|-damage|p1a: Immovable object|95\/100 brn|[from] brn\n|-damage|p1b: The Jordan of VGC|47\/100|[from] Salt Cure\n|upkeep\n|turn|6\n|\n|t:|1682890239\n|move|p2b: Arcanine|Protect|p2b: Arcanine\n|-singleturn|p2b: Arcanine|Protect\n|move|p1b: The Jordan of VGC|Hydro Pump|p2a: Garganacl\n|-damage|p2a: Garganacl|15\/100\n|move|p2a: Garganacl|Recover|p2a: Garganacl\n|-heal|p2a: Garganacl|65\/100\n|move|p1a: Immovable object|Leaf Storm|p2a: Garganacl\n|-damage|p2a: Garganacl|35\/100\n|-unboost|p1a: Immovable object|spa|2\n|\n|-weather|RainDance|[upkeep]\n|-heal|p2a: Garganacl|41\/100|[from] item: Leftovers\n|-damage|p1a: Immovable object|89\/100 brn|[from] brn\n|-damage|p1b: The Jordan of VGC|22\/100|[from] Salt Cure\n|upkeep\n|turn|7\n|\n|t:|1682890259\n|switch|p1b: obligatory Paradox|Iron Hands, L50|35\/100\n|move|p2b: Arcanine|Extreme Speed|p1b: obligatory Paradox\n|-damage|p1b: obligatory Paradox|21\/100\n|move|p2a: Garganacl|Recover|p2a: Garganacl\n|-heal|p2a: Garganacl|91\/100\n|move|p1a: Immovable object|Pollen Puff|p1b: obligatory Paradox\n|-heal|p1b: obligatory Paradox|71\/100\n|\n|-weather|RainDance|[upkeep]\n|-heal|p2a: Garganacl|97\/100|[from] item: Leftovers\n|-damage|p1a: Immovable object|83\/100 brn|[from] brn\n|upkeep\n|turn|8\n|inactive|SpeedyLinguine has 30 seconds left.\n|inactive|jvvr has 30 seconds left.\n|\n|t:|1682890292\n|move|p2b: Arcanine|Protect|p2b: Arcanine\n|-singleturn|p2b: Arcanine|Protect\n|move|p1a: Immovable object|Rage Powder|p1a: Immovable object\n|-singleturn|p1a: Immovable object|move: Rage Powder\n|move|p1b: obligatory Paradox|Wild Charge|p2a: Garganacl\n|-damage|p2a: Garganacl|64\/100\n|-damage|p1b: obligatory Paradox|64\/100|[from] Recoil\n|move|p2a: Garganacl|Salt Cure|p1a: Immovable object\n|-damage|p1a: Immovable object|70\/100 brn\n|-start|p1a: Immovable object|Salt Cure\n|\n|-weather|RainDance|[upkeep]\n|-heal|p2a: Garganacl|70\/100|[from] item: Leftovers\n|-damage|p1a: Immovable object|64\/100 brn|[from] brn\n|-damage|p1a: Immovable object|52\/100 brn|[from] Salt Cure\n|upkeep\n|turn|9\n|\n|t:|1682890314\n|move|p1a: Immovable object|Rage Powder|p1a: Immovable object\n|-singleturn|p1a: Immovable object|move: Rage Powder\n|move|p2b: Arcanine|Flare Blitz|p1a: Immovable object\n|-supereffective|p1a: Immovable object\n|-damage|p1a: Immovable object|5\/100 brn\n|-damage|p2b: Arcanine|42\/100|[from] Recoil\n|move|p1b: obligatory Paradox|Drain Punch|p2b: Arcanine\n|-damage|p2b: Arcanine|0 fnt\n|-heal|p1b: obligatory Paradox|80\/100|[from] drain|[of] p2b: Arcanine\n|faint|p2b: Arcanine\n|move|p2a: Garganacl|Recover|p2a: Garganacl\n|-heal|p2a: Garganacl|100\/100\n|\n|-weather|RainDance|[upkeep]\n|-damage|p1a: Immovable object|0 fnt|[from] brn\n|faint|p1a: Immovable object\n|upkeep\n|inactive|jvvr has 30 seconds left.\n|\n|t:|1682890340\n|switch|p2b: Houndstone|Houndstone, L50, M|100\/100\n|switch|p1a: El Nadador|Floatzel, L50, F|100\/100\n|turn|10\n|\n|t:|1682890356\n|-terastallize|p1a: El Nadador|Water\n|move|p1b: obligatory Paradox|Detect|p1b: obligatory Paradox\n|-singleturn|p1b: obligatory Paradox|Protect\n|move|p1a: El Nadador|Wave Crash|p2b: Houndstone\n|-damage|p2b: Houndstone|0 fnt\n|faint|p2b: Houndstone\n|-damage|p1a: El Nadador|68\/100|[from] Recoil\n|move|p2a: Garganacl|Salt Cure|p1a: El Nadador\n|-damage|p1a: El Nadador|43\/100\n|-start|p1a: El Nadador|Salt Cure\n|\n|-weather|RainDance|[upkeep]\n|-damage|p1a: El Nadador|18\/100|[from] Salt Cure\n|upkeep\n|\n|t:|1682890371\n|switch|p2b: Hippowdon|Hippowdon, L50, M|21\/100\n|-weather|Sandstorm|[from] ability: Sand Stream|[of] p2b: Hippowdon\n|turn|11\n|\n|t:|1682890381\n|switch|p1a: The Jordan of VGC|Pelipper, L50, F|22\/100\n|-weather|RainDance|[from] ability: Drizzle|[of] p1a: The Jordan of VGC\n|move|p1b: obligatory Paradox|Drain Punch|p2b: Hippowdon\n|-damage|p2b: Hippowdon|0 fnt\n|-heal|p1b: obligatory Paradox|88\/100|[from] drain|[of] p2b: Hippowdon\n|faint|p2b: Hippowdon\n|move|p2a: Garganacl|Salt Cure|p1b: obligatory Paradox\n|-resisted|p1b: obligatory Paradox\n|-damage|p1b: obligatory Paradox|84\/100\n|-start|p1b: obligatory Paradox|Salt Cure\n|\n|-weather|RainDance|[upkeep]\n|-damage|p1b: obligatory Paradox|71\/100|[from] Salt Cure\n|upkeep\n|turn|12\n|\n|t:|1682890394\n|move|p1a: The Jordan of VGC|Hydro Pump|p2a: Garganacl\n|-damage|p2a: Garganacl|55\/100\n|move|p1b: obligatory Paradox|Wild Charge|p2a: Garganacl\n|-damage|p2a: Garganacl|20\/100\n|-damage|p1b: obligatory Paradox|64\/100|[from] Recoil\n|move|p2a: Garganacl|Salt Cure|p1a: The Jordan of VGC\n|-supereffective|p1a: The Jordan of VGC\n|-damage|p1a: The Jordan of VGC|0 fnt\n|faint|p1a: The Jordan of VGC\n|\n|-weather|RainDance|[upkeep]\n|-heal|p2a: Garganacl|26\/100|[from] item: Leftovers\n|-damage|p1b: obligatory Paradox|52\/100|[from] Salt Cure\n|upkeep\n|\n|t:|1682890403\n|switch|p1a: El Nadador|Floatzel, L50, F, tera:Water|18\/100\n|turn|13\n|-message|jvvr forfeited.\n|\n|win|SpeedyLinguine\n|raw|SpeedyLinguine's rating: 1200 → 1221<\/strong> (+21 for winning)\n|raw|jvvr's rating: 1151 → 1130<\/strong> (-21 for losing)\n|l|\u2606jvvr\n","uploadtime":1682890412,"views":7,"p1id":"speedylinguine","p2id":"jvvr","formatid":"gen9vgc2023regulationc","rating":1130,"private":0,"password":""}