{"id":"gen9vgc2023regulationc-1864285919","p1":"WackoMarko","p2":"nic94","format":"[Gen 9] VGC 2023 Regulation C","log":"|j|\u2606WackoMarko\n|j|\u2606nic94\n|t:|1684150307\n|gametype|doubles\n|player|p1|WackoMarko|1|1085\n|player|p2|nic94|265|1069\n|teamsize|p1|6\n|teamsize|p2|6\n|gen|9\n|tier|[Gen 9] VGC 2023 Regulation C\n|rated|\n|rule|Species Clause: Limit one of each Pok\u00e9mon\n|rule|Item Clause: Limit one of each item\n|clearpoke\n|poke|p1|Talonflame, L50, M|\n|poke|p1|Amoonguss, L50, M|\n|poke|p1|Flutter Mane, L50|\n|poke|p1|Chien-Pao, L50|\n|poke|p1|Gyarados, L50, F|\n|poke|p1|Dragapult, L50, M|\n|poke|p2|Gholdengo, L50|\n|poke|p2|Torkoal, L50, M|\n|poke|p2|Amoonguss, L50, F|\n|poke|p2|Iron Bundle, L50|\n|poke|p2|Arcanine, L50, M|\n|poke|p2|Gastrodon, L50, M|\n|teampreview|4\n|inactive|Battle timer is ON: inactive players will automatically lose when time's up. (requested by nic94)\n|inactive|WackoMarko has 60 seconds left.\n|\n|t:|1684150380\n|start\n|switch|p1a: Amoonguss|Amoonguss, L50, M|100\/100\n|switch|p1b: Flutter Mane|Flutter Mane, L50, shiny|100\/100\n|switch|p2a: Arcanine|Arcanine, L50, M|100\/100\n|switch|p2b: Gastrodon|Gastrodon, L50, M|100\/100\n|-ability|p2a: Arcanine|Intimidate|boost\n|-unboost|p1a: Amoonguss|atk|1\n|-unboost|p1b: Flutter Mane|atk|1\n|turn|1\n|inactive|WackoMarko has 30 seconds left.\n|inactive|WackoMarko has 20 seconds left.\n|inactive|WackoMarko has 15 seconds left.\n|\n|t:|1684150424\n|-terastallize|p1a: Amoonguss|Water\n|move|p1b: Flutter Mane|Shadow Ball|p2a: Arcanine\n|-crit|p2a: Arcanine\n|-damage|p2a: Arcanine|25\/100\n|-damage|p1b: Flutter Mane|91\/100|[from] item: Life Orb\n|move|p2a: Arcanine|Flare Blitz|p1b: Flutter Mane\n|-damage|p1b: Flutter Mane|0 fnt\n|faint|p1b: Flutter Mane\n|-end|p1b: Flutter Mane|Protosynthesis|[silent]\n|-damage|p2a: Arcanine|3\/100|[from] Recoil\n|move|p2b: Gastrodon|Icy Wind|p1a: Amoonguss\n|-resisted|p1a: Amoonguss\n|-damage|p1a: Amoonguss|96\/100\n|-unboost|p1a: Amoonguss|spe|1\n|move|p1a: Amoonguss|Spore|p2b: Gastrodon\n|-status|p2b: Gastrodon|slp|[from] move: Spore\n|\n|upkeep\n|\n|t:|1684150447\n|switch|p1b: Dragapult|Dragapult, L50, M, shiny|100\/100\n|turn|2\n|\n|t:|1684150462\n|move|p2a: Arcanine|Extreme Speed|p1a: Amoonguss\n|-damage|p1a: Amoonguss|74\/100\n|move|p1a: Amoonguss|Rage Powder|p1a: Amoonguss\n|-singleturn|p1a: Amoonguss|move: Rage Powder\n|move|p1b: Dragapult|Dragon Darts|p2a: Arcanine\n|-damage|p2a: Arcanine|0 fnt\n|-anim|p1b: Dragapult|Dragon Darts|p2b: Gastrodon\n|-damage|p2b: Gastrodon|63\/100 slp\n|faint|p2a: Arcanine\n|cant|p2b: Gastrodon|slp\n|\n|upkeep\n|\n|t:|1684150470\n|switch|p2a: Iron Bundle|Iron Bundle, L50|100\/100\n|-enditem|p2a: Iron Bundle|Booster Energy\n|-activate|p2a: Iron Bundle|ability: Quark Drive|[fromitem]\n|-start|p2a: Iron Bundle|quarkdrivespe\n|turn|3\n|inactive|WackoMarko has 30 seconds left.\n|\n|t:|1684150503\n|switch|p1b: Chien-Pao|Chien-Pao, L50|100\/100\n|-ability|p1b: Chien-Pao|Sword of Ruin\n|-terastallize|p2a: Iron Bundle|Ice\n|move|p1a: Amoonguss|Protect|p1a: Amoonguss\n|-singleturn|p1a: Amoonguss|Protect\n|move|p2a: Iron Bundle|Freeze-Dry|p1a: Amoonguss\n|-activate|p1a: Amoonguss|move: Protect\n|cant|p2b: Gastrodon|slp\n|\n|upkeep\n|turn|4\n|inactive|nic94 has 30 seconds left.\n|inactive|nic94 has 20 seconds left.\n|\n|t:|1684150541\n|move|p1b: Chien-Pao|Sucker Punch|p2a: Iron Bundle\n|-damage|p2a: Iron Bundle|54\/100\n|move|p2a: Iron Bundle|Freeze-Dry|p1a: Amoonguss\n|-supereffective|p1a: Amoonguss\n|-damage|p1a: Amoonguss|14\/100\n|-enditem|p1a: Amoonguss|Sitrus Berry|[eat]\n|-heal|p1a: Amoonguss|39\/100|[from] item: Sitrus Berry\n|cant|p2b: Gastrodon|slp\n|move|p1a: Amoonguss|Spore|p2a: Iron Bundle\n|-status|p2a: Iron Bundle|slp|[from] move: Spore\n|\n|upkeep\n|turn|5\n|\n|t:|1684150563\n|switch|p1a: Dragapult|Dragapult, L50, M, shiny|100\/100\n|cant|p2a: Iron Bundle|slp\n|move|p1b: Chien-Pao|Ice Spinner|p2b: Gastrodon\n|-damage|p2b: Gastrodon|17\/100 slp\n|-enditem|p2b: Gastrodon|Sitrus Berry|[eat]\n|-heal|p2b: Gastrodon|42\/100 slp|[from] item: Sitrus Berry\n|-curestatus|p2b: Gastrodon|slp|[msg]\n|move|p2b: Gastrodon|Icy Wind|p1b: Chien-Pao|[spread] p1a,p1b\n|-supereffective|p1a: Dragapult\n|-resisted|p1b: Chien-Pao\n|-damage|p1a: Dragapult|75\/100\n|-damage|p1b: Chien-Pao|94\/100\n|-unboost|p1b: Chien-Pao|spe|1\n|\n|upkeep\n|turn|6\n|\n|t:|1684150585\n|cant|p2a: Iron Bundle|slp\n|move|p1a: Dragapult|Phantom Force||[still]\n|-prepare|p1a: Dragapult|Phantom Force\n|move|p1b: Chien-Pao|Ice Spinner|p2b: Gastrodon\n|-damage|p2b: Gastrodon|0 fnt\n|faint|p2b: Gastrodon\n|\n|upkeep\n|\n|t:|1684150592\n|switch|p2b: Gholdengo|Gholdengo, L50|100\/100\n|turn|7\n|\n|t:|1684150604\n|move|p1b: Chien-Pao|Sucker Punch|p2b: Gholdengo\n|-supereffective|p2b: Gholdengo\n|-damage|p2b: Gholdengo|0 fnt\n|faint|p2b: Gholdengo\n|-curestatus|p2a: Iron Bundle|slp|[msg]\n|move|p2a: Iron Bundle|Freeze-Dry|p1a: Dragapult|[miss]\n|-miss|p2a: Iron Bundle|p1a: Dragapult\n|move|p1a: Dragapult|Phantom Force|p2a: Iron Bundle|[from]lockedmove\n|-damage|p2a: Iron Bundle|0 fnt\n|faint|p2a: Iron Bundle\n|-end|p2a: Iron Bundle|Quark Drive|[silent]\n|\n|win|WackoMarko\n|raw|WackoMarko's rating: 1085 → 1111<\/strong> (+26 for winning)\n|raw|nic94's rating: 1069 → 1050<\/strong> (-19 for losing)\n","uploadtime":1684150619,"views":8,"p1id":"wackomarko","p2id":"nic94","formatid":"gen9vgc2023regulationc","rating":1050,"private":0,"password":""}