{"id":"gen9vgc2023regulationc-1856587469","p1":"LandotheRandoPando","p2":"Elvillalemano","format":"[Gen 9] VGC 2023 Regulation C","log":"|j|\u2606LandotheRandoPando\n|j|\u2606Elvillalemano\n|t:|1683079153\n|gametype|doubles\n|player|p1|LandotheRandoPando|hoopster|1118\n|player|p2|Elvillalemano|170|1136\n|teamsize|p1|6\n|teamsize|p2|6\n|gen|9\n|tier|[Gen 9] VGC 2023 Regulation C\n|rated|\n|rule|Species Clause: Limit one of each Pok\u00e9mon\n|rule|Item Clause: Limit one of each item\n|clearpoke\n|poke|p1|Great Tusk, L50|\n|poke|p1|Flutter Mane, L50|\n|poke|p1|Brute Bonnet, L50|\n|poke|p1|Corviknight, L50, M|\n|poke|p1|Chien-Pao, L50|\n|poke|p1|Roaring Moon, L50|\n|poke|p2|Palafin, L50, F|\n|poke|p2|Arcanine, L50, F|\n|poke|p2|Amoonguss, L50, M|\n|poke|p2|Ting-Lu, L50|\n|poke|p2|Baxcalibur, L50, F|\n|poke|p2|Flutter Mane, L50|\n|teampreview|4\nElvillalemano has agreed to open team sheets.\n|inactive|Battle timer is ON: inactive players will automatically lose when time's up. (requested by Elvillalemano)\n|\n|t:|1683079224\n|start\n|switch|p1a: Corviknight|Corviknight, L50, M|100\/100\n|switch|p1b: Great Tusk|Great Tusk, L50|100\/100\n|switch|p2a: Flutter Mane|Flutter Mane, L50|100\/100\n|switch|p2b: Palafin|Palafin, L50, F|100\/100\n|turn|1\n|inactive|LandotheRandoPando has 30 seconds left.\n|inactive|LandotheRandoPando has 20 seconds left.\n|\n|t:|1683079262\n|detailschange|p2b: Palafin|Palafin-Hero, L50, F\n|switch|p2b: Arcanine|Arcanine, L50, F|100\/100\n|-ability|p2b: Arcanine|Intimidate|boost\n|-ability|p1a: Corviknight|Mirror Armor\n|-unboost|p2b: Arcanine|atk|1\n|-unboost|p1b: Great Tusk|atk|1\n|move|p1b: Great Tusk|Headlong Rush|p2a: Flutter Mane\n|-crit|p2a: Flutter Mane\n|-damage|p2a: Flutter Mane|0 fnt\n|-unboost|p1b: Great Tusk|def|1\n|-unboost|p1b: Great Tusk|spd|1\n|faint|p2a: Flutter Mane\n|-end|p2a: Flutter Mane|Protosynthesis|[silent]\n|move|p1a: Corviknight|U-turn|p2b: Arcanine\n|-resisted|p2b: Arcanine\n|-damage|p2b: Arcanine|82\/100\n|c|\u2606Elvillalemano|Xd\n|\n|t:|1683079279\n|switch|p1a: Flutter Mane|Flutter Mane, L50|100\/100|[from] U-turn\n|\n|upkeep\n|c|\u2606Elvillalemano|pq no juegas ots ?\n|\n|t:|1683079289\n|switch|p2a: Palafin|Palafin-Hero, L50, F|100\/100\n|-activate|p2a: Palafin|ability: Zero to Hero\n|turn|2\n|inactive|LandotheRandoPando has 30 seconds left.\n|\n|t:|1683079317\n|-terastallize|p2a: Palafin|Water\n|move|p2a: Palafin|Jet Punch|p1a: Flutter Mane\n|-damage|p1a: Flutter Mane|0 fnt\n|faint|p1a: Flutter Mane\n|-end|p1a: Flutter Mane|Protosynthesis|[silent]\n|move|p1b: Great Tusk|Headlong Rush|p2b: Arcanine\n|-supereffective|p2b: Arcanine\n|-damage|p2b: Arcanine|0 fnt\n|-unboost|p1b: Great Tusk|def|1\n|-unboost|p1b: Great Tusk|spd|1\n|faint|p2b: Arcanine\n|\n|upkeep\n|\n|t:|1683079332\n|switch|p1a: Brute Bonnet|Brute Bonnet, L50|100\/100\n|switch|p2b: Amoonguss|Amoonguss, L50, M|100\/100\n|turn|3\n|\n|t:|1683079355\n|-end|p1b: Great Tusk|Protosynthesis|[silent]\n|switch|p1b: Corviknight|Corviknight, L50, M|100\/100\n|move|p2b: Amoonguss|Rage Powder|p2b: Amoonguss\n|-singleturn|p2b: Amoonguss|move: Rage Powder\n|move|p2a: Palafin|Wave Crash|p1b: Corviknight\n|-damage|p1b: Corviknight|0 fnt\n|faint|p1b: Corviknight\n|-damage|p2a: Palafin|71\/100|[from] Recoil\n|move|p1a: Brute Bonnet|Bullet Seed|p2a: Palafin\n|-supereffective|p2a: Palafin\n|-damage|p2a: Palafin|44\/100\n|-supereffective|p2a: Palafin\n|-damage|p2a: Palafin|20\/100\n|-supereffective|p2a: Palafin\n|-damage|p2a: Palafin|0 fnt\n|faint|p2a: Palafin\n|-hitcount|p2: Palafin|3\n|\n|upkeep\n|\n|t:|1683079373\n|switch|p1b: Great Tusk|Great Tusk, L50|100\/100\n|turn|4\n|c|\u2606Elvillalemano|Gg\n|c|\u2606Elvillalemano|aprenda a jugar el formato\n|\n|t:|1683079385\n|move|p1a: Brute Bonnet|Rage Powder|p1a: Brute Bonnet\n|-singleturn|p1a: Brute Bonnet|move: Rage Powder\n|move|p1b: Great Tusk|Headlong Rush|p2b: Amoonguss\n|-damage|p2b: Amoonguss|47\/100\n|-unboost|p1b: Great Tusk|def|1\n|-unboost|p1b: Great Tusk|spd|1\n|-enditem|p2b: Amoonguss|Sitrus Berry|[eat]\n|-heal|p2b: Amoonguss|72\/100|[from] item: Sitrus Berry\n|move|p2b: Amoonguss|Clear Smog|p1a: Brute Bonnet\n|-supereffective|p1a: Brute Bonnet\n|-damage|p1a: Brute Bonnet|71\/100\n|-clearboost|p1a: Brute Bonnet\n|\n|upkeep\n|turn|5\n|\n|t:|1683079405\n|move|p1a: Brute Bonnet|Rage Powder|p1a: Brute Bonnet\n|-singleturn|p1a: Brute Bonnet|move: Rage Powder\n|move|p1b: Great Tusk|Headlong Rush|p2b: Amoonguss\n|-damage|p2b: Amoonguss|24\/100\n|-unboost|p1b: Great Tusk|def|1\n|-unboost|p1b: Great Tusk|spd|1\n|move|p2b: Amoonguss|Clear Smog|p1a: Brute Bonnet\n|-supereffective|p1a: Brute Bonnet\n|-damage|p1a: Brute Bonnet|39\/100\n|-clearboost|p1a: Brute Bonnet\n|\n|upkeep\n|turn|6\n|\n|t:|1683079419\n|move|p1a: Brute Bonnet|Sucker Punch||[still]\n|-fail|p1a: Brute Bonnet\n|move|p1b: Great Tusk|Headlong Rush|p2b: Amoonguss\n|-damage|p2b: Amoonguss|0 fnt\n|-unboost|p1b: Great Tusk|def|1\n|-unboost|p1b: Great Tusk|spd|1\n|faint|p2b: Amoonguss\n|\n|win|LandotheRandoPando\n|raw|LandotheRandoPando's rating: 1118 → 1144<\/strong> (+26 for winning)\n|raw|Elvillalemano's rating: 1136 → 1110<\/strong> (-26 for losing)\n|c|\u2606Elvillalemano|lamentable amigo\n|c|\u2606Elvillalemano|asjasjjas pura pena bye\n|l|\u2606Elvillalemano\n|l|\u2606LandotheRandoPando\n|j|\u2606LandotheRandoPando\n|player|p1|LandotheRandoPando|hoopster\n","uploadtime":1683079766,"views":5,"p1id":"landotherandopando","p2id":"elvillalemano","formatid":"gen9vgc2023regulationc","rating":1110,"private":0,"password":""}