{"id":"gen9vgc2023regulationc-1851045951","p1":"King_Schulz","p2":"AlphaLL","format":"[Gen 9] VGC 2023 Regulation C","log":"|j|\u2606King_Schulz\n|j|\u2606AlphaLL\n|t:|1682399331\n|gametype|doubles\n|player|p1|King_Schulz|169|1179\n|player|p2|AlphaLL|265|1163\n|teamsize|p1|6\n|teamsize|p2|6\n|gen|9\n|tier|[Gen 9] VGC 2023 Regulation C\n|rated|\n|rule|Species Clause: Limit one of each Pok\u00e9mon\n|rule|Item Clause: Limit one of each item\n|clearpoke\n|poke|p1|Hydreigon, L50, M|\n|poke|p1|Amoonguss, L50, F|\n|poke|p1|Maushold-Four, L50|\n|poke|p1|Pawmot, L50, M|\n|poke|p1|Annihilape, L50, M|\n|poke|p1|Dragapult, L50, M|\n|poke|p2|Amoonguss, L50, F|\n|poke|p2|Chien-Pao, L50|\n|poke|p2|Dragapult, L50, F|\n|poke|p2|Flutter Mane, L50|\n|poke|p2|Iron Hands, L50|\n|poke|p2|Kingambit, L50, M|\n|teampreview|4\n|inactive|Battle timer is ON: inactive players will automatically lose when time's up. (requested by AlphaLL)\n|\n|t:|1682399359\n|start\n|switch|p1a: Annihilape|Annihilape, L50, M|100\/100\n|switch|p1b: Dragapult|Dragapult, L50, M|100\/100\n|switch|p2a: Deshi|Chien-Pao, L50|100\/100\n|switch|p2b: Tameemon|Iron Hands, L50, shiny|100\/100\n|-ability|p2a: Deshi|Sword of Ruin\n|turn|1\n|\n|t:|1682399376\n|-terastallize|p1b: Dragapult|Steel\n|move|p2a: Deshi|Protect|p2a: Deshi\n|-singleturn|p2a: Deshi|Protect\n|move|p1a: Annihilape|Bulldoze|p2a: Deshi|[spread] p1b,p2b\n|-activate|p2a: Deshi|move: Protect\n|-supereffective|p1b: Dragapult\n|-supereffective|p2b: Tameemon\n|-damage|p1b: Dragapult|62\/100\n|-damage|p2b: Tameemon|79\/100\n|-unboost|p2b: Tameemon|spe|1\n|-enditem|p1b: Dragapult|Weakness Policy\n|-boost|p1b: Dragapult|atk|2|[from] item: Weakness Policy\n|-boost|p1b: Dragapult|spa|2|[from] item: Weakness Policy\n|move|p1b: Dragapult|Tera Blast|p2a: Deshi\n|-activate|p2a: Deshi|move: Protect\n|move|p2b: Tameemon|Play Rough|p1b: Dragapult\n|-resisted|p1b: Dragapult\n|-damage|p1b: Dragapult|41\/100\n|\n|upkeep\n|turn|2\n|inactive|AlphaLL has 30 seconds left.\n|\n|t:|1682399408\n|-end|p2b: Tameemon|Quark Drive|[silent]\n|switch|p2b: Ms Marvel|Amoonguss, L50, F|100\/100\n|move|p1b: Dragapult|Protect|p1b: Dragapult\n|-singleturn|p1b: Dragapult|Protect\n|move|p1a: Annihilape|Bulldoze|p2b: Ms Marvel|[spread] p2a,p2b\n|-activate|p1b: Dragapult|move: Protect\n|-crit|p2b: Ms Marvel\n|-damage|p2a: Deshi|82\/100\n|-damage|p2b: Ms Marvel|78\/100\n|-unboost|p2a: Deshi|spe|1\n|-unboost|p2b: Ms Marvel|spe|1\n|move|p2a: Deshi|Throat Chop|p1b: Dragapult\n|-activate|p1b: Dragapult|move: Protect\n|\n|upkeep\n|turn|3\n|\n|t:|1682399424\n|switch|p1a: Hydreigon|Hydreigon, L50, M|100\/100\n|move|p1b: Dragapult|Tera Blast|p2a: Deshi\n|-supereffective|p2a: Deshi\n|-damage|p2a: Deshi|0 fnt\n|faint|p2a: Deshi\n|move|p2b: Ms Marvel|Spore|p1a: Hydreigon\n|-status|p1a: Hydreigon|slp|[from] move: Spore\n|\n|upkeep\n|\n|t:|1682399438\n|switch|p2a: Tameemon|Iron Hands, L50, shiny|79\/100\n|turn|4\n|\n|t:|1682399447\n|move|p2b: Ms Marvel|Rage Powder|p2b: Ms Marvel\n|-singleturn|p2b: Ms Marvel|move: Rage Powder\n|move|p1b: Dragapult|Tera Blast|p2b: Ms Marvel\n|-damage|p2b: Ms Marvel|8\/100\n|cant|p1a: Hydreigon|slp\n|move|p2a: Tameemon|Drain Punch|p1b: Dragapult\n|-supereffective|p1b: Dragapult\n|-damage|p1b: Dragapult|0 fnt\n|-heal|p2a: Tameemon|94\/100|[from] drain|[of] p1b: Dragapult\n|faint|p1b: Dragapult\n|\n|upkeep\n|\n|t:|1682399453\n|switch|p1b: Pawmot|Pawmot, L50, M|100\/100\n|turn|5\n|\n|t:|1682399468\n|move|p1b: Pawmot|Fake Out|p2a: Tameemon\n|-damage|p2a: Tameemon|86\/100\n|move|p2b: Ms Marvel|Rage Powder|p2b: Ms Marvel\n|-singleturn|p2b: Ms Marvel|move: Rage Powder\n|-curestatus|p1a: Hydreigon|slp|[msg]\n|move|p1a: Hydreigon|Draco Meteor|p2b: Ms Marvel\n|-damage|p2b: Ms Marvel|0 fnt\n|-unboost|p1a: Hydreigon|spa|2\n|faint|p2b: Ms Marvel\n|cant|p2a: Tameemon|flinch\n|\n|upkeep\n|\n|t:|1682399472\n|switch|p2b: Espectro|Flutter Mane, L50|100\/100\n|-enditem|p2b: Espectro|Booster Energy\n|-activate|p2b: Espectro|ability: Protosynthesis|[fromitem]\n|-start|p2b: Espectro|protosynthesisspe\n|turn|6\n|\n|t:|1682399483\n|-terastallize|p2b: Espectro|Fairy\n|move|p2b: Espectro|Dazzling Gleam|p1b: Pawmot|[spread] p1a,p1b\n|-supereffective|p1a: Hydreigon\n|-supereffective|p1b: Pawmot\n|-damage|p1a: Hydreigon|0 fnt\n|-enditem|p1b: Pawmot|Focus Sash\n|-damage|p1b: Pawmot|1\/100\n|faint|p1a: Hydreigon\n|move|p1b: Pawmot|Double Shock|p2b: Espectro\n|-damage|p2b: Espectro|0 fnt\n|-start|p1b: Pawmot|typechange|???\/Fighting|[from] move: Double Shock\n|faint|p2b: Espectro\n|-end|p2b: Espectro|Protosynthesis|[silent]\n|move|p2a: Tameemon|Drain Punch|p1b: Pawmot\n|-damage|p1b: Pawmot|0 fnt\n|-heal|p2a: Tameemon|86\/100|[from] drain|[of] p1b: Pawmot\n|faint|p1b: Pawmot\n|\n|upkeep\n|\n|t:|1682399496\n|switch|p1b: Annihilape|Annihilape, L50, M|100\/100\n|turn|7\n|\n|t:|1682399508\n|move|p1b: Annihilape|Final Gambit|p2a: Tameemon\n|-damage|p2a: Tameemon|3\/100\n|faint|p1b: Annihilape\n|\n|win|AlphaLL\n|raw|King_Schulz's rating: 1179 → 1153<\/strong> (-26 for losing)\n|raw|AlphaLL's rating: 1163 → 1189<\/strong> (+26 for winning)\n|l|\u2606King_Schulz\n","uploadtime":1682399878,"views":14,"p1id":"kingschulz","p2id":"alphall","formatid":"gen9vgc2023regulationc","rating":1153,"private":0,"password":""}