{"id":"gen9vgc2023regulationc-1861363366","p1":"RazzoPolipo","p2":"StormBirdAR!081","format":"[Gen 9] VGC 2023 Regulation C","log":"|j|\u2606RazzoPolipo\n|j|\u2606StormBirdAR!081\n|t:|1683749767\n|gametype|doubles\n|player|p1|RazzoPolipo|brock|1116\n|player|p2|StormBirdAR!081|170|1057\n|teamsize|p1|6\n|teamsize|p2|6\n|gen|9\n|tier|[Gen 9] VGC 2023 Regulation C\n|rated|\n|rule|Species Clause: Limit one of each Pok\u00e9mon\n|rule|Item Clause: Limit one of each item\n|clearpoke\n|poke|p1|Muk, L50, F|\n|poke|p1|Tyranitar, L50, F|\n|poke|p1|Lycanroc, L50, M|\n|poke|p1|Flutter Mane, L50|\n|poke|p1|Amoonguss, L50, M|\n|poke|p1|Gyarados, L50, M|\n|poke|p2|Scovillain, L50, F|\n|poke|p2|Baxcalibur, L50, F|\n|poke|p2|Scizor, L50, M|\n|poke|p2|Salamence, L50, M|\n|poke|p2|Slowbro, L50, F|\n|poke|p2|Rotom-Wash, L50|\n|teampreview|4\n|\n|t:|1683749799\n|start\n|switch|p1a: Amoonguss|Amoonguss, L50, M|100\/100\n|switch|p1b: Flutter Mane|Flutter Mane, L50|100\/100\n|switch|p2a: Scovillain|Scovillain, L50, F|100\/100\n|switch|p2b: Baxcalibur|Baxcalibur, L50, F|100\/100\n|turn|1\n|\n|t:|1683749834\n|switch|p2b: Scizor|Scizor, L50, M|100\/100\n|move|p1a: Amoonguss|Protect|p1a: Amoonguss\n|-singleturn|p1a: Amoonguss|Protect\n|move|p2a: Scovillain|Spicy Extract|p2b: Scizor\n|-boost|p2b: Scizor|atk|2\n|-unboost|p2b: Scizor|def|2\n|-enditem|p2b: Scizor|White Herb\n|-clearnegativeboost|p2b: Scizor|[silent]\n|move|p1b: Flutter Mane|Psyshock|p2b: Scizor\n|-resisted|p2b: Scizor\n|-damage|p2b: Scizor|79\/100\n|\n|upkeep\n|turn|2\n|\n|t:|1683749851\n|-end|p1b: Flutter Mane|Protosynthesis|[silent]\n|switch|p1b: Gyarados|Gyarados, L50, M, shiny|100\/100\n|-ability|p1b: Gyarados|Intimidate|boost\n|-unboost|p2a: Scovillain|atk|1\n|-unboost|p2b: Scizor|atk|1\n|move|p1a: Amoonguss|Rage Powder|p1a: Amoonguss\n|-singleturn|p1a: Amoonguss|move: Rage Powder\n|move|p2b: Scizor|Bullet Punch|p1a: Amoonguss\n|-damage|p1a: Amoonguss|52\/100\n|move|p2a: Scovillain|Spicy Extract|p1a: Amoonguss\n|-boost|p1a: Amoonguss|atk|2\n|-unboost|p1a: Amoonguss|def|2\n|\n|upkeep\n|turn|3\n|inactive|Battle timer is ON: inactive players will automatically lose when time's up. (requested by RazzoPolipo)\n|inactive|RazzoPolipo has 60 seconds left.\n|inactive|StormBirdAR!081 has 60 seconds left.\n|\n|t:|1683749897\n|switch|p1a: Muk|Muk, L50, F, shiny|100\/100\n|move|p2b: Scizor|Bullet Punch|p1a: Muk\n|-damage|p1a: Muk|62\/100\n|move|p2a: Scovillain|Spicy Extract|p1a: Muk\n|-boost|p1a: Muk|atk|2\n|-unboost|p1a: Muk|def|2\n|move|p1b: Gyarados|Waterfall|p2a: Scovillain\n|-damage|p2a: Scovillain|28\/100\n|\n|upkeep\n|turn|4\n|inactive|RazzoPolipo has 30 seconds left.\n|inactive|StormBirdAR!081 has 30 seconds left.\n|inactive|StormBirdAR!081 has 20 seconds left.\n|inactive|StormBirdAR!081 has 15 seconds left.\n|inactive|StormBirdAR!081 has 10 seconds left.\n|\n|t:|1683749943\n|switch|p1a: Amoonguss|Amoonguss, L50, M|85\/100\n|move|p2a: Scovillain|Spicy Extract|p1a: Amoonguss\n|-boost|p1a: Amoonguss|atk|2\n|-unboost|p1a: Amoonguss|def|2\n|move|p1b: Gyarados|Waterfall|p2a: Scovillain\n|-damage|p2a: Scovillain|0 fnt\n|faint|p2a: Scovillain\n|move|p2b: Scizor|Swords Dance|p2b: Scizor\n|-boost|p2b: Scizor|atk|2\n|\n|upkeep\n|\n|t:|1683749950\n|switch|p2a: Rotom|Rotom-Wash, L50|100\/100\n|turn|5\n|\n|t:|1683749963\n|switch|p1b: Muk|Muk, L50, F, shiny|62\/100\n|move|p1a: Amoonguss|Protect|p1a: Amoonguss\n|-singleturn|p1a: Amoonguss|Protect\n|move|p2a: Rotom|Volt Switch|p1b: Muk\n|-damage|p1b: Muk|27\/100\n|-enditem|p1b: Muk|Sitrus Berry|[eat]\n|-heal|p1b: Muk|52\/100|[from] item: Sitrus Berry\n|\n|t:|1683749969\n|switch|p2a: Baxcalibur|Baxcalibur, L50, F|100\/100|[from] Volt Switch\n|move|p2b: Scizor|Close Combat|p1a: Amoonguss\n|-activate|p1a: Amoonguss|move: Protect\n|\n|upkeep\n|turn|6\n|\n|t:|1683749982\n|move|p2b: Scizor|Protect|p2b: Scizor\n|-singleturn|p2b: Scizor|Protect\n|move|p1a: Amoonguss|Rage Powder|p1a: Amoonguss\n|-singleturn|p1a: Amoonguss|move: Rage Powder\n|move|p2a: Baxcalibur|Earthquake|p1b: Muk|[spread] p1a,p1b\n|-activate|p2b: Scizor|move: Protect\n|-crit|p1a: Amoonguss\n|-supereffective|p1b: Muk\n|-damage|p1a: Amoonguss|4\/100\n|-damage|p1b: Muk|13\/100\n|-enditem|p1a: Amoonguss|Aguav Berry|[eat]\n|-heal|p1a: Amoonguss|37\/100|[from] item: Aguav Berry\n|move|p1b: Muk|Haze|p1b: Muk\n|-clearallboost\n|\n|upkeep\n|turn|7\n|inactive|RazzoPolipo has 30 seconds left.\n|\n|t:|1683750012\n|switch|p1a: Gyarados|Gyarados, L50, M, shiny|100\/100\n|-ability|p1a: Gyarados|Intimidate|boost\n|-fail|p2a: Baxcalibur|unboost|[from] item: Clear Amulet|[of] p2a: Baxcalibur\n|-unboost|p2b: Scizor|atk|1\n|move|p2a: Baxcalibur|Ice Shard|p1a: Gyarados\n|-damage|p1a: Gyarados|77\/100\n|move|p2b: Scizor|Bullet Punch|p1b: Muk\n|-damage|p1b: Muk|0 fnt\n|faint|p1b: Muk\n|\n|upkeep\n|\n|t:|1683750022\n|switch|p1b: Flutter Mane|Flutter Mane, L50|100\/100\n|turn|8\n|inactive|RazzoPolipo has 30 seconds left.\n|inactive|StormBirdAR!081 has 30 seconds left.\n|\n|t:|1683750057\n|switch|p2a: Rotom|Rotom-Wash, L50|100\/100\n|move|p1b: Flutter Mane|Moonblast|p2b: Scizor\n|-resisted|p2b: Scizor\n|-crit|p2b: Scizor\n|-damage|p2b: Scizor|7\/100\n|move|p1a: Gyarados|Thunder Wave|p2a: Rotom\n|-immune|p2a: Rotom\n|move|p2b: Scizor|Swords Dance|p2b: Scizor\n|-boost|p2b: Scizor|atk|2\n|\n|upkeep\n|turn|9\n|\n|t:|1683750077\n|-end|p1b: Flutter Mane|Protosynthesis|[silent]\n|switch|p1b: Amoonguss|Amoonguss, L50, M|71\/100\n|move|p2b: Scizor|Bullet Punch|p1b: Amoonguss\n|-damage|p1b: Amoonguss|24\/100\n|move|p1a: Gyarados|Waterfall|p2b: Scizor\n|-damage|p2b: Scizor|0 fnt\n|faint|p2b: Scizor\n|move|p2a: Rotom|Volt Switch|p1a: Gyarados\n|-supereffective|p1a: Gyarados\n|-damage|p1a: Gyarados|0 fnt\n|faint|p1a: Gyarados\n|\n|t:|1683750085\n|switch|p2a: Baxcalibur|Baxcalibur, L50, F|100\/100|[from] Volt Switch\n|\n|upkeep\n|\n|t:|1683750089\n|switch|p1a: Flutter Mane|Flutter Mane, L50|100\/100\n|switch|p2b: Rotom|Rotom-Wash, L50|100\/100\n|turn|10\n|inactive|StormBirdAR!081 has 30 seconds left.\n|inactive|StormBirdAR!081 has 20 seconds left.\n|inactive|StormBirdAR!081 has 15 seconds left.\n|inactive|StormBirdAR!081 has 10 seconds left.\n|\n|t:|1683750139\n|-terastallize|p1a: Flutter Mane|Fairy\n|-terastallize|p2b: Rotom|Steel\n|move|p2a: Baxcalibur|Protect|p2a: Baxcalibur\n|-singleturn|p2a: Baxcalibur|Protect\n|move|p1b: Amoonguss|Rage Powder|p1b: Amoonguss\n|-singleturn|p1b: Amoonguss|move: Rage Powder\n|move|p1a: Flutter Mane|Dazzling Gleam|p2b: Rotom|[spread] p2b\n|-activate|p2a: Baxcalibur|move: Protect\n|-resisted|p2b: Rotom\n|-damage|p2b: Rotom|60\/100\n|move|p2b: Rotom|Thunderbolt|p1b: Amoonguss\n|-resisted|p1b: Amoonguss\n|-damage|p1b: Amoonguss|8\/100\n|\n|upkeep\n|turn|11\n|\n|t:|1683750162\n|move|p2a: Baxcalibur|Ice Shard|p1b: Amoonguss\n|-supereffective|p1b: Amoonguss\n|-damage|p1b: Amoonguss|0 fnt\n|faint|p1b: Amoonguss\n|move|p1a: Flutter Mane|Dazzling Gleam|p2a: Baxcalibur|[spread] p2a,p2b\n|-supereffective|p2a: Baxcalibur\n|-resisted|p2b: Rotom\n|-damage|p2a: Baxcalibur|0 fnt\n|-damage|p2b: Rotom|15\/100\n|faint|p2a: Baxcalibur\n|move|p2b: Rotom|Thunderbolt|p1a: Flutter Mane\n|-damage|p1a: Flutter Mane|52\/100\n|\n|upkeep\n|turn|12\n|inactive|StormBirdAR!081 has 30 seconds left.\n|\n|t:|1683750187\n|move|p1a: Flutter Mane|Dazzling Gleam|p2b: Rotom\n|-resisted|p2b: Rotom\n|-damage|p2b: Rotom|0 fnt\n|faint|p2b: Rotom\n|\n|win|RazzoPolipo\n|raw|RazzoPolipo's rating: 1116 → 1137<\/strong> (+21 for winning)\n|raw|StormBirdAR!081's rating: 1057 → 1042<\/strong> (-15 for losing)\n|c|\u2606StormBirdAR!081|Gg\n","uploadtime":1683750193,"views":10,"p1id":"razzopolipo","p2id":"stormbirdar081","formatid":"gen9vgc2023regulationc","rating":1042,"private":0,"password":""}