{"id":"gen9vgc2023regulationc-1845463976","p1":"Affeed","p2":"Alvarolm22","format":"[Gen 9] VGC 2023 Regulation C","log":"|j|\u2606Affeed\n|j|\u2606Alvarolm22\n|t:|1681736198\n|gametype|doubles\n|player|p1|Affeed|n|1097\n|player|p2|Alvarolm22|1|1120\n|teamsize|p1|6\n|teamsize|p2|6\n|gen|9\n|tier|[Gen 9] VGC 2023 Regulation C\n|rated|\n|rule|Species Clause: Limit one of each Pok\u00e9mon\n|rule|Item Clause: Limit one of each item\n|clearpoke\n|poke|p1|Dragonite, L50, F|\n|poke|p1|Brute Bonnet, L50|\n|poke|p1|Arcanine, L50, M|\n|poke|p1|Torkoal, L50, M|\n|poke|p1|Palafin, L50, F|\n|poke|p1|Gyarados, L50, F|\n|poke|p2|Great Tusk, L50|\n|poke|p2|Gastrodon-East, L50, M|\n|poke|p2|Corviknight, L50, M|\n|poke|p2|Amoonguss, L50, M|\n|poke|p2|Arcanine, L50, F|\n|poke|p2|Iron Thorns, L50|\n|teampreview|4\n|\n|t:|1681736231\n|start\n|switch|p1a: Gyarados|Gyarados, L50, F|100\/100\n|switch|p1b: Brute Bonnet|Brute Bonnet, L50|100\/100\n|switch|p2a: Corviknight|Corviknight, L50, M|100\/100\n|switch|p2b: Arcanine|Arcanine, L50, F|100\/100\n|-ability|p2b: Arcanine|Intimidate|boost\n|-unboost|p1a: Gyarados|atk|1\n|-unboost|p1b: Brute Bonnet|atk|1\n|-ability|p1a: Gyarados|Intimidate|boost\n|-ability|p2a: Corviknight|Mirror Armor\n|-unboost|p1a: Gyarados|atk|1\n|-unboost|p2b: Arcanine|atk|1\n|turn|1\n|\n|t:|1681736253\n|move|p2b: Arcanine|Will-O-Wisp|p1a: Gyarados\n|-status|p1a: Gyarados|brn\n|move|p1a: Gyarados|Dragon Dance|p1a: Gyarados\n|-boost|p1a: Gyarados|atk|1\n|-boost|p1a: Gyarados|spe|1\n|move|p2a: Corviknight|Tailwind|p2a: Corviknight\n|-sidestart|p2: Alvarolm22|move: Tailwind\n|move|p1b: Brute Bonnet|Spore|p2b: Arcanine\n|-activate|p2b: Arcanine|item: Safety Goggles|Spore\n|\n|-damage|p1a: Gyarados|95\/100 brn|[from] brn\n|upkeep\n|turn|2\n|\n|t:|1681736295\n|move|p1b: Brute Bonnet|Rage Powder|p1b: Brute Bonnet\n|-singleturn|p1b: Brute Bonnet|move: Rage Powder\n|move|p2b: Arcanine|Flare Blitz|p1b: Brute Bonnet\n|-supereffective|p1b: Brute Bonnet\n|-damage|p1b: Brute Bonnet|45\/100\n|-damage|p2b: Arcanine|80\/100|[from] Recoil\n|move|p2a: Corviknight|Brave Bird|p1b: Brute Bonnet\n|-supereffective|p1b: Brute Bonnet\n|-damage|p1b: Brute Bonnet|0 fnt\n|faint|p1b: Brute Bonnet\n|-end|p1b: Brute Bonnet|Protosynthesis|[silent]\n|-damage|p2a: Corviknight|85\/100|[from] Recoil\n|move|p1a: Gyarados|Dragon Dance|p1a: Gyarados\n|-boost|p1a: Gyarados|atk|1\n|-boost|p1a: Gyarados|spe|1\n|\n|-heal|p2a: Corviknight|91\/100|[from] item: Leftovers\n|-damage|p1a: Gyarados|89\/100 brn|[from] brn\n|upkeep\n|\n|t:|1681736314\n|switch|p1b: Arcanine|Arcanine, L50, M|100\/100\n|-ability|p1b: Arcanine|Intimidate|boost\n|-ability|p2a: Corviknight|Mirror Armor\n|-unboost|p1b: Arcanine|atk|1\n|-unboost|p2b: Arcanine|atk|1\n|turn|3\n|\n|t:|1681736327\n|switch|p2b: Iron Thorns|Iron Thorns, L50|100\/100\n|-terastallize|p1b: Arcanine|Fire\n|move|p2a: Corviknight|Protect|p2a: Corviknight\n|-singleturn|p2a: Corviknight|Protect\n|move|p1a: Gyarados|Waterfall|p2b: Iron Thorns\n|-supereffective|p2b: Iron Thorns\n|-damage|p2b: Iron Thorns|62\/100\n|move|p1b: Arcanine|Flare Blitz|p2a: Corviknight\n|-activate|p2a: Corviknight|move: Protect\n|\n|-heal|p2a: Corviknight|97\/100|[from] item: Leftovers\n|-damage|p1a: Gyarados|83\/100 brn|[from] brn\n|upkeep\n|turn|4\n|\n|t:|1681736354\n|switch|p2a: Great Tusk|Great Tusk, L50|100\/100\n|-enditem|p2a: Great Tusk|Booster Energy\n|-activate|p2a: Great Tusk|ability: Protosynthesis|[fromitem]\n|-start|p2a: Great Tusk|protosynthesisatk\n|move|p2b: Iron Thorns|Wild Charge|p1a: Gyarados\n|-supereffective|p1a: Gyarados\n|-damage|p1a: Gyarados|0 fnt\n|faint|p1a: Gyarados\n|-damage|p2b: Iron Thorns|38\/100|[from] Recoil\n|move|p1b: Arcanine|Flare Blitz|p2a: Great Tusk\n|-damage|p2a: Great Tusk|58\/100\n|-damage|p1b: Arcanine|87\/100|[from] Recoil\n|\n|-sideend|p2: Alvarolm22|move: Tailwind\n|upkeep\n|\n|t:|1681736370\n|switch|p1a: Dragonite|Dragonite, L50, F|100\/100\n|turn|5\n|\n|t:|1681736399\n|-end|p2b: Iron Thorns|Quark Drive|[silent]\n|switch|p2b: Corviknight|Corviknight, L50, M|97\/100\n|-terastallize|p2a: Great Tusk|Ground\n|move|p2a: Great Tusk|Protect|p2a: Great Tusk\n|-singleturn|p2a: Great Tusk|Protect\n|move|p1b: Arcanine|Flare Blitz|p2b: Corviknight\n|-supereffective|p2b: Corviknight\n|-damage|p2b: Corviknight|0 fnt\n|faint|p2b: Corviknight\n|-damage|p1b: Arcanine|54\/100|[from] Recoil\n|move|p1a: Dragonite|Rock Slide|p2a: Great Tusk\n|-activate|p2a: Great Tusk|move: Protect\n|\n|upkeep\n|\n|t:|1681736417\n|switch|p2b: Arcanine|Arcanine, L50, F|80\/100\n|-ability|p2b: Arcanine|Intimidate|boost\n|-unboost|p1a: Dragonite|atk|1\n|-unboost|p1b: Arcanine|atk|1\n|turn|6\n|\n|t:|1681736435\n|move|p2a: Great Tusk|Earthquake|p1b: Arcanine|[spread] p2b,p1b\n|-immune|p1a: Dragonite\n|-supereffective|p2b: Arcanine\n|-supereffective|p1b: Arcanine\n|-damage|p2b: Arcanine|0 fnt\n|-damage|p1b: Arcanine|0 fnt\n|faint|p2b: Arcanine\n|faint|p1b: Arcanine\n|move|p1a: Dragonite|Rock Slide|p2a: Great Tusk\n|-resisted|p2a: Great Tusk\n|-damage|p2a: Great Tusk|51\/100\n|\n|upkeep\n|\n|t:|1681736446\n|switch|p2b: Iron Thorns|Iron Thorns, L50|38\/100\n|turn|7\n|\n|t:|1681736473\n|move|p2a: Great Tusk|Close Combat|p1a: Dragonite\n|-resisted|p1a: Dragonite\n|-damage|p1a: Dragonite|82\/100\n|-unboost|p2a: Great Tusk|def|1\n|-unboost|p2a: Great Tusk|spd|1\n|move|p2b: Iron Thorns|Rock Slide|p1a: Dragonite\n|-supereffective|p1a: Dragonite\n|-damage|p1a: Dragonite|0 fnt\n|faint|p1a: Dragonite\n|\n|win|Alvarolm22\n|raw|Affeed's rating: 1097 → 1074<\/strong> (-23 for losing)\n|raw|Alvarolm22's rating: 1120 → 1143<\/strong> (+23 for winning)\n","uploadtime":1681736485,"views":7,"p1id":"affeed","p2id":"alvarolm22","formatid":"gen9vgc2023regulationc","rating":1074,"private":0,"password":""}