{"id":"gen9vgc2023regulationc-1851691598","p1":"Pkfns","p2":"Tuqueque","format":"[Gen 9] VGC 2023 Regulation C","log":"|j|\u2606Pkfns\n|j|\u2606Tuqueque\n|t:|1682470514\n|gametype|doubles\n|player|p1|Pkfns|pokemaniac|1102\n|player|p2|Tuqueque|flannery|1185\n|teamsize|p1|6\n|teamsize|p2|6\n|gen|9\n|tier|[Gen 9] VGC 2023 Regulation C\n|rated|\n|rule|Species Clause: Limit one of each Pok\u00e9mon\n|rule|Item Clause: Limit one of each item\n|clearpoke\n|poke|p1|Ting-Lu, L50|\n|poke|p1|Annihilape, L50, F|\n|poke|p1|Maushold, L50|\n|poke|p1|Flutter Mane, L50|\n|poke|p1|Amoonguss, L50, F|\n|poke|p1|Arcanine, L50, M|\n|poke|p2|Abomasnow, L50, M|\n|poke|p2|Gyarados, L50, M|\n|poke|p2|Iron Bundle, L50|\n|poke|p2|Gholdengo, L50|\n|poke|p2|Ting-Lu, L50|\n|poke|p2|Iron Moth, L50|\n|teampreview|4\nPkfns has agreed to open team sheets.\n|c|\u2606Pkfns|Glhf\n|c|\u2606Tuqueque|ty\n|inactive|Battle timer is ON: inactive players will automatically lose when time's up. (requested by Tuqueque)\n|\n|t:|1682470560\n|start\n|switch|p1a: Maushold|Maushold, L50|100\/100\n|switch|p1b: Annihilape|Annihilape, L50, F|100\/100\n|switch|p2a: Iron Moth|Iron Moth, L50|100\/100\n|switch|p2b: Gholdengo|Gholdengo, L50|100\/100\n|-enditem|p2a: Iron Moth|Booster Energy\n|-activate|p2a: Iron Moth|ability: Quark Drive|[fromitem]\n|-start|p2a: Iron Moth|quarkdrivespe\n|turn|1\n|\n|t:|1682470580\n|-terastallize|p1b: Annihilape|Water\n|move|p2a: Iron Moth|Fiery Dance|p1a: Maushold\n|-damage|p1a: Maushold|49\/100\n|-boost|p2a: Iron Moth|spa|1\n|move|p1a: Maushold|Beat Up|p1b: Annihilape\n|-damage|p1b: Annihilape|99\/100\n|-damage|p1b: Annihilape|96\/100\n|-damage|p1b: Annihilape|94\/100\n|-damage|p1b: Annihilape|92\/100\n|-hitcount|p1b: Annihilape|4\n|move|p2b: Gholdengo|Make It Rain|p1a: Maushold|[spread] p1a,p1b\n|-resisted|p1b: Annihilape\n|-damage|p1a: Maushold|0 fnt\n|-damage|p1b: Annihilape|66\/100\n|-unboost|p2b: Gholdengo|spa|1\n|faint|p1a: Maushold\n|move|p1b: Annihilape|Rage Fist|p2b: Gholdengo\n|-supereffective|p2b: Gholdengo\n|-damage|p2b: Gholdengo|0 fnt\n|faint|p2b: Gholdengo\n|\n|upkeep\n|inactive|Pkfns has 30 seconds left.\n|\n|t:|1682470611\n|switch|p1a: Ting-Lu|Ting-Lu, L50|100\/100\n|switch|p2b: Abomasnow|Abomasnow, L50, M|100\/100\n|-weather|Snow|[from] ability: Snow Warning|[of] p2b: Abomasnow\n|-ability|p1a: Ting-Lu|Vessel of Ruin\n|turn|2\n|\n|t:|1682470631\n|move|p2a: Iron Moth|Acid Spray|p1b: Annihilape\n|-damage|p1b: Annihilape|45\/100\n|-unboost|p1b: Annihilape|spd|2\n|-ability|p1b: Annihilape|Defiant|boost\n|-boost|p1b: Annihilape|atk|2\n|move|p1b: Annihilape|Drain Punch|p2b: Abomasnow\n|-supereffective|p2b: Abomasnow\n|-damage|p2b: Abomasnow|0 fnt\n|-heal|p1b: Annihilape|91\/100|[from] drain|[of] p2b: Abomasnow\n|faint|p2b: Abomasnow\n|move|p1a: Ting-Lu|Stomping Tantrum|p2a: Iron Moth\n|-supereffective|p2a: Iron Moth\n|-damage|p2a: Iron Moth|0 fnt\n|faint|p2a: Iron Moth\n|-end|p2a: Iron Moth|Quark Drive|[silent]\n|\n|-weather|Snow|[upkeep]\n|upkeep\n|\n|t:|1682470640\n|switch|p2b: Iron Bundle|Iron Bundle, L50|100\/100\n|turn|3\n|\n|t:|1682470659\n|-terastallize|p2b: Iron Bundle|Ice\n|move|p2b: Iron Bundle|Blizzard|p1b: Annihilape|[spread] p1a,p1b\n|-supereffective|p1a: Ting-Lu\n|-resisted|p1b: Annihilape\n|-damage|p1a: Ting-Lu|52\/100\n|-damage|p1b: Annihilape|49\/100\n|-status|p1a: Ting-Lu|frz\n|-status|p1b: Annihilape|frz\n|cant|p1b: Annihilape|frz\n|cant|p1a: Ting-Lu|frz\n|\n|-weather|Snow|[upkeep]\n|upkeep\n|turn|4\n|c|\u2606Pkfns|What???\n|c|\u2606Pkfns|I loved it\n|inactive|Pkfns has 30 seconds left.\n|\n|t:|1682470685\n|cant|p1b: Annihilape|frz\n|move|p2b: Iron Bundle|Blizzard|p1b: Annihilape|[spread] p1a,p1b\n|-supereffective|p1a: Ting-Lu\n|-resisted|p1b: Annihilape\n|-damage|p1a: Ting-Lu|7\/100 frz\n|-damage|p1b: Annihilape|6\/100 frz\n|-curestatus|p1a: Ting-Lu|frz|[msg]\n|move|p1a: Ting-Lu|Heavy Slam|p2b: Iron Bundle\n|-supereffective|p2b: Iron Bundle\n|-damage|p2b: Iron Bundle|31\/100\n|\n|-weather|Snow|[upkeep]\n|upkeep\n|turn|5\n|c|\u2606Tuqueque|no way\n|\n|t:|1682470694\n|cant|p1b: Annihilape|frz\n|move|p2b: Iron Bundle|Blizzard|p1a: Ting-Lu|[spread] p1a,p1b\n|-supereffective|p1a: Ting-Lu\n|-resisted|p1b: Annihilape\n|-damage|p1a: Ting-Lu|0 fnt\n|-damage|p1b: Annihilape|0 fnt\n|faint|p1a: Ting-Lu\n|faint|p1b: Annihilape\n|\n|-weather|Snow|[upkeep]\n|upkeep\n|c|\u2606Pkfns|Who is saving the replay? Lmao\n|inactive|Pkfns has 30 seconds left.\n|c|\u2606Pkfns|Good game, I loved your team!\n|c|\u2606Tuqueque|i don't think I kill amoongus\n|\n|t:|1682470727\n|switch|p1b: Arcanine|Arcanine, L50, M|100\/100\n|-ability|p1b: Arcanine|Intimidate|boost\n|-unboost|p2b: Iron Bundle|atk|1\n|turn|6\n|\n|t:|1682470733\n|move|p1b: Arcanine|Extreme Speed|p2b: Iron Bundle\n|-damage|p2b: Iron Bundle|11\/100\n|move|p2b: Iron Bundle|Hydro Pump|p1b: Arcanine\n|-supereffective|p1b: Arcanine\n|-damage|p1b: Arcanine|0 fnt\n|faint|p1b: Arcanine\n|\n|win|Tuqueque\n|raw|Pkfns's rating: 1102 → 1083<\/strong> (-19 for losing)\n|raw|Tuqueque's rating: 1185 → 1204<\/strong> (+19 for winning)\n|c|\u2606Tuqueque|gg lol sorry\n|c|\u2606Pkfns|No worries! It was a great game, I had a blast:)\n","uploadtime":1682470773,"views":12,"p1id":"pkfns","p2id":"tuqueque","formatid":"gen9vgc2023regulationc","rating":1083,"private":0,"password":""}