{"id":"gen9vgc2023regulationc-1852882216","p1":"FreddiesPokemon","p2":"Jbenn","format":"[Gen 9] VGC 2023 Regulation C","log":"|j|\u2606FreddiesPokemon\n|j|\u2606Jbenn\n|t:|1682614193\n|gametype|doubles\n|player|p1|FreddiesPokemon|acetrainer-gen4dp|\n|player|p2|Jbenn|steven|\n|teamsize|p1|6\n|teamsize|p2|6\n|gen|9\n|tier|[Gen 9] VGC 2023 Regulation C\n|rated|Tournament battle\n|rule|Species Clause: Limit one of each Pok\u00e9mon\n|rule|Item Clause: Limit one of each item\n|clearpoke\n|poke|p1|Amoonguss, L50, M|\n|poke|p1|Palafin, L50, F|\n|poke|p1|Ting-Lu, L50|\n|poke|p1|Arcanine, L50, F|\n|poke|p1|Flutter Mane, L50|\n|poke|p1|Baxcalibur, L50, M|\n|poke|p2|Roaring Moon, L50|\n|poke|p2|Great Tusk, L50|\n|poke|p2|Gholdengo, L50|\n|poke|p2|Hariyama, L50, M|\n|poke|p2|Mimikyu, L50, F|\n|poke|p2|Gyarados, L50, M|\n|teampreview|4\nFreddiesPokemon has agreed to open team sheets.\nJbenn has agreed to open team sheets.\n|\n|t:|1682614244\n|start\n|switch|p1a: Baxcalibur|Baxcalibur, L50, M|100\/100\n|switch|p1b: Palafin|Palafin, L50, F|100\/100\n|switch|p2a: Yokozuna|Hariyama, L50, M, shiny|100\/100\n|switch|p2b: 50 Cent|Gholdengo, L50|100\/100\n|turn|1\n|inactive|Battle timer is ON: inactive players will automatically lose when time's up. (requested by FreddiesPokemon)\n|\n|t:|1682614291\n|detailschange|p1b: Palafin|Palafin-Hero, L50, F\n|switch|p1b: Arcanine|Arcanine, L50, F|100\/100\n|-ability|p1b: Arcanine|Intimidate|boost\n|-unboost|p2a: Yokozuna|atk|1\n|-unboost|p2b: 50 Cent|atk|1\n|move|p1a: Baxcalibur|Protect|p1a: Baxcalibur\n|-singleturn|p1a: Baxcalibur|Protect\n|move|p2a: Yokozuna|Fake Out|p1b: Arcanine\n|-damage|p1b: Arcanine|91\/100\n|move|p2b: 50 Cent|Nasty Plot|p2b: 50 Cent\n|-boost|p2b: 50 Cent|spa|2\n|\n|upkeep\n|turn|2\n|inactive|FreddiesPokemon has 30 seconds left.\n|inactive|Jbenn has 30 seconds left.\n|inactive|FreddiesPokemon has 20 seconds left.\n|inactive|Jbenn has 20 seconds left.\n|\n|t:|1682614329\n|-terastallize|p1a: Baxcalibur|Steel\n|move|p2b: 50 Cent|Protect|p2b: 50 Cent\n|-singleturn|p2b: 50 Cent|Protect\n|move|p1a: Baxcalibur|Glaive Rush|p2b: 50 Cent\n|-activate|p2b: 50 Cent|move: Protect\n|move|p1b: Arcanine|Flare Blitz|p2b: 50 Cent\n|-activate|p2b: 50 Cent|move: Protect\n|move|p2a: Yokozuna|Close Combat|p1a: Baxcalibur\n|-supereffective|p1a: Baxcalibur\n|-damage|p1a: Baxcalibur|17\/100\n|-unboost|p2a: Yokozuna|def|1\n|-unboost|p2a: Yokozuna|spd|1\n|\n|upkeep\n|turn|3\n|\n|t:|1682614349\n|switch|p2a: Haku|Gyarados, L50, M, shiny|100\/100\n|-ability|p2a: Haku|Intimidate|boost\n|-unboost|p1a: Baxcalibur|atk|1\n|-unboost|p1b: Arcanine|atk|1\n|-terastallize|p2b: 50 Cent|Water\n|move|p1a: Baxcalibur|Protect|p1a: Baxcalibur\n|-singleturn|p1a: Baxcalibur|Protect\n|move|p1b: Arcanine|Flare Blitz|p2b: 50 Cent\n|-resisted|p2b: 50 Cent\n|-damage|p2b: 50 Cent|82\/100\n|-damage|p1b: Arcanine|85\/100|[from] Recoil\n|move|p2b: 50 Cent|Make It Rain|p1b: Arcanine|[spread] p1b\n|-activate|p1a: Baxcalibur|move: Protect\n|-resisted|p1b: Arcanine\n|-damage|p1b: Arcanine|39\/100\n|-unboost|p2b: 50 Cent|spa|1\n|\n|-heal|p2b: 50 Cent|88\/100|[from] item: Leftovers\n|upkeep\n|turn|4\n|inactive|Jbenn has 30 seconds left.\n|inactive|FreddiesPokemon has 30 seconds left.\n|inactive|Jbenn has 20 seconds left.\n|\n|t:|1682614387\n|switch|p1a: Amoonguss|Amoonguss, L50, M|100\/100\n|switch|p2a: Smaug|Roaring Moon, L50|100\/100\n|-enditem|p2a: Smaug|Booster Energy\n|-activate|p2a: Smaug|ability: Protosynthesis|[fromitem]\n|-start|p2a: Smaug|protosynthesisspe\n|move|p2b: 50 Cent|Protect|p2b: 50 Cent\n|-singleturn|p2b: 50 Cent|Protect\n|move|p1b: Arcanine|Will-O-Wisp|p2a: Smaug\n|-status|p2a: Smaug|brn\n|\n|-heal|p2b: 50 Cent|94\/100|[from] item: Leftovers\n|-damage|p2a: Smaug|94\/100 brn|[from] brn\n|upkeep\n|turn|5\n|j| Draxolotl\n|l| Draxolotl\n|inactive|Jbenn has 30 seconds left.\n|j| Draxolotl\n|inactive|Jbenn has 20 seconds left.\n|inactive|Jbenn has 15 seconds left.\n|inactive|Jbenn has 10 seconds left.\n|\n|t:|1682614434\n|move|p1a: Amoonguss|Protect|p1a: Amoonguss\n|-singleturn|p1a: Amoonguss|Protect\n|move|p1b: Arcanine|Extreme Speed|p2b: 50 Cent\n|-damage|p2b: 50 Cent|79\/100\n|move|p2a: Smaug|Tailwind|p2a: Smaug\n|-sidestart|p2: Jbenn|move: Tailwind\n|move|p2b: 50 Cent|Nasty Plot|p2b: 50 Cent\n|-boost|p2b: 50 Cent|spa|2\n|\n|-heal|p2b: 50 Cent|85\/100|[from] item: Leftovers\n|-damage|p2a: Smaug|88\/100 brn|[from] brn\n|upkeep\n|turn|6\n|\n|t:|1682614456\n|switch|p1b: Palafin|Palafin-Hero, L50, F|100\/100\n|-activate|p1b: Palafin|ability: Zero to Hero\n|move|p2a: Smaug|Acrobatics|p1a: Amoonguss\n|-supereffective|p1a: Amoonguss\n|-damage|p1a: Amoonguss|69\/100\n|move|p2b: 50 Cent|Make It Rain|p1b: Palafin|[spread] p1a,p1b\n|-resisted|p1b: Palafin\n|-damage|p1a: Amoonguss|0 fnt\n|-damage|p1b: Palafin|34\/100\n|-unboost|p2b: 50 Cent|spa|1\n|faint|p1a: Amoonguss\n|\n|-heal|p2b: 50 Cent|91\/100|[from] item: Leftovers\n|-damage|p2a: Smaug|82\/100 brn|[from] brn\n|upkeep\n|\n|t:|1682614468\n|switch|p1a: Baxcalibur|Baxcalibur, L50, M, tera:Steel|17\/100\n|turn|7\n|\n|t:|1682614473\n|-end|p2a: Smaug|Protosynthesis|[silent]\n|switch|p2a: Haku|Gyarados, L50, M, shiny|100\/100\n|-ability|p2a: Haku|Intimidate|boost\n|-unboost|p1a: Baxcalibur|atk|1\n|-unboost|p1b: Palafin|atk|1\n|move|p1a: Baxcalibur|Protect|p1a: Baxcalibur\n|-singleturn|p1a: Baxcalibur|Protect\n|move|p1b: Palafin|Protect|p1b: Palafin\n|-singleturn|p1b: Palafin|Protect\n|move|p2b: 50 Cent|Make It Rain|p1a: Baxcalibur|[spread] \n|-activate|p1a: Baxcalibur|move: Protect\n|-activate|p1b: Palafin|move: Protect\n|\n|-heal|p2b: 50 Cent|97\/100|[from] item: Leftovers\n|upkeep\n|turn|8\n|-message|FreddiesPokemon forfeited.\n|\n|win|Jbenn\n|n|\u2606FreddiesPokemon|freddiespokemon\n|n|\u2606Jbenn|jbenn\n|n| Draxolotl|draxolotl\n|l|\u2606FreddiesPokemon\n|l| Draxolotl\n","uploadtime":1682614499,"views":7,"p1id":"freddiespokemon","p2id":"jbenn","formatid":"gen9vgc2023regulationc","rating":0,"private":0,"password":""}