{"id":"gen9vgc2023regulationc-1858667956","p1":"r2vgc","p2":"Easyfro","format":"[Gen 9] VGC 2023 Regulation C","log":"|j|\u2606r2vgc\n|j|\u2606Easyfro\n|t:|1683339844\n|gametype|doubles\n|player|p1|r2vgc|266|1155\n|player|p2|Easyfro|101|1091\n|teamsize|p1|6\n|teamsize|p2|6\n|gen|9\n|tier|[Gen 9] VGC 2023 Regulation C\n|rated|\n|rule|Species Clause: Limit one of each Pok\u00e9mon\n|rule|Item Clause: Limit one of each item\n|clearpoke\n|poke|p1|Maushold-Four, L50|\n|poke|p1|Annihilape, L50, M|\n|poke|p1|Gholdengo, L50|\n|poke|p1|Murkrow, L50, M|\n|poke|p1|Garchomp, L50, M|\n|poke|p1|Gyarados, L50, F|\n|poke|p2|Haxorus, L50, M|\n|poke|p2|Iron Hands, L50|\n|poke|p2|Iron Valiant, L50|\n|poke|p2|Pincurchin, L50, F|\n|poke|p2|Bronzong, L50|\n|poke|p2|Crabominable, L50, F|\n|teampreview|4\n|inactive|Battle timer is ON: inactive players will automatically lose when time's up. (requested by Easyfro)\nr2vgc has agreed to open team sheets.\n|inactive|r2vgc has 60 seconds left.\n|inactive|Easyfro has 60 seconds left.\n|\n|t:|1683339892\n|start\n|switch|p1a: Murkrow|Murkrow, L50, M|100\/100\n|switch|p1b: Garchomp|Garchomp, L50, M|100\/100\n|switch|p2a: Haxorus|Haxorus, L50, M|100\/100\n|switch|p2b: Bronzong|Bronzong, L50|100\/100\n|-ability|p2a: Haxorus|Mold Breaker\n|turn|1\n|\n|t:|1683339916\n|-terastallize|p1b: Garchomp|Steel\n|-terastallize|p2a: Haxorus|Ground\n|move|p2b: Bronzong|Protect|p2b: Bronzong\n|-singleturn|p2b: Bronzong|Protect\n|move|p1a: Murkrow|Tailwind|p1a: Murkrow\n|-sidestart|p1: r2vgc|move: Tailwind\n|move|p1b: Garchomp|Earthquake|p2a: Haxorus|[spread] p2a\n|-activate|p2b: Bronzong|move: Protect\n|-immune|p1a: Murkrow\n|-damage|p2a: Haxorus|49\/100\n|move|p2a: Haxorus|Dragon Claw|p1b: Garchomp\n|-resisted|p1b: Garchomp\n|-damage|p1b: Garchomp|69\/100\n|-damage|p2a: Haxorus|36\/100|[from] ability: Rough Skin|[of] p1b: Garchomp\n|-damage|p2a: Haxorus|26\/100|[from] item: Life Orb\n|\n|upkeep\n|turn|2\n|inactive|r2vgc has 30 seconds left.\n|\n|t:|1683339941\n|move|p1a: Murkrow|Sucker Punch|p2a: Haxorus\n|-damage|p2a: Haxorus|0 fnt\n|faint|p2a: Haxorus\n|-damage|p1a: Murkrow|91\/100|[from] item: Life Orb\n|move|p1b: Garchomp|Rock Slide|p2b: Bronzong\n|-resisted|p2b: Bronzong\n|-damage|p2b: Bronzong|89\/100\n|move|p2b: Bronzong|Reflect|p2b: Bronzong\n|-sidestart|p2: Easyfro|Reflect\n|\n|upkeep\n|\n|t:|1683339952\n|switch|p2a: Iron Valiant|Iron Valiant, L50|100\/100\n|turn|3\n|\n|t:|1683339963\n|switch|p1b: Gyarados|Gyarados, L50, F, shiny|100\/100\n|-ability|p1b: Gyarados|Intimidate|boost\n|-unboost|p2a: Iron Valiant|atk|1\n|-unboost|p2b: Bronzong|atk|1\n|switch|p2b: Crabominable|Crabominable, L50, F|100\/100\n|move|p1a: Murkrow|Brave Bird|p2a: Iron Valiant\n|-supereffective|p2a: Iron Valiant\n|-damage|p2a: Iron Valiant|0 fnt\n|faint|p2a: Iron Valiant\n|-end|p2a: Iron Valiant|Quark Drive|[silent]\n|-damage|p1a: Murkrow|55\/100|[from] Recoil\n|-damage|p1a: Murkrow|46\/100|[from] item: Life Orb\n|\n|upkeep\n|\n|t:|1683339972\n|switch|p2a: Bronzong|Bronzong, L50|89\/100\n|turn|4\n|\n|t:|1683339983\n|move|p2b: Crabominable|Protect|p2b: Crabominable\n|-singleturn|p2b: Crabominable|Protect\n|move|p1a: Murkrow|Brave Bird|p2b: Crabominable\n|-activate|p2b: Crabominable|move: Protect\n|move|p1b: Gyarados|Taunt|p2a: Bronzong\n|-start|p2a: Bronzong|move: Taunt\n|cant|p2a: Bronzong|move: Taunt|Trick Room\n|\n|-sideend|p1: r2vgc|move: Tailwind\n|upkeep\n|turn|5\n|-message|Easyfro forfeited.\n|\n|win|r2vgc\n|raw|r2vgc's rating: 1155 → 1175<\/strong> (+20 for winning)\n|raw|Easyfro's rating: 1091 → 1072<\/strong> (-19 for losing)\n|l|\u2606Easyfro\n","uploadtime":1683340000,"views":14,"p1id":"r2vgc","p2id":"easyfro","formatid":"gen9vgc2023regulationc","rating":1072,"private":0,"password":""}