{"id":"gen9vgc2023regulationc-1856366300","p1":"karnisbroken","p2":"refanner","format":"[Gen 9] VGC 2023 Regulation C","log":"|j|\u2606karnisbroken\n|j|\u2606refanner\n|t:|1683054610\n|gametype|doubles\n|player|p1|karnisbroken|169|1233\n|player|p2|refanner|2|1249\n|teamsize|p1|6\n|teamsize|p2|6\n|gen|9\n|tier|[Gen 9] VGC 2023 Regulation C\n|rated|\n|rule|Species Clause: Limit one of each Pok\u00e9mon\n|rule|Item Clause: Limit one of each item\n|clearpoke\n|poke|p1|Chien-Pao, L50|\n|poke|p1|Azumarill, L50, F|\n|poke|p1|Amoonguss, L50, M|\n|poke|p1|Flutter Mane, L50|\n|poke|p1|Arcanine, L50, M|\n|poke|p1|Dragonite, L50, F|\n|poke|p2|Amoonguss, L50, M|\n|poke|p2|Ting-Lu, L50|\n|poke|p2|Arcanine, L50, F|\n|poke|p2|Garganacl, L50, F|\n|poke|p2|Glimmora, L50, F|\n|poke|p2|Roaring Moon, L50|\n|teampreview|4\nkarnisbroken has agreed to open team sheets.\n|inactive|Battle timer is ON: inactive players will automatically lose when time's up. (requested by karnisbroken)\n|\n|t:|1683054659\n|start\n|switch|p1a: Flutter Mane|Flutter Mane, L50|100\/100\n|switch|p1b: Azumarill|Azumarill, L50, F|100\/100\n|switch|p2a: Garganacl|Garganacl, L50, F|100\/100\n|switch|p2b: Arcanine|Arcanine, L50, F|100\/100\n|-ability|p2b: Arcanine|Intimidate|boost\n|-unboost|p1a: Flutter Mane|atk|1\n|-unboost|p1b: Azumarill|atk|1\n|-enditem|p1a: Flutter Mane|Booster Energy\n|-activate|p1a: Flutter Mane|ability: Protosynthesis|[fromitem]\n|-start|p1a: Flutter Mane|protosynthesisspa\n|turn|1\n|inactive|karnisbroken has 30 seconds left.\n|inactive|refanner has 30 seconds left.\n|inactive|karnisbroken has 20 seconds left.\n|inactive|karnisbroken has 15 seconds left.\n|\n|t:|1683054704\n|-terastallize|p2a: Garganacl|Ghost\n|move|p2b: Arcanine|Protect|p2b: Arcanine\n|-singleturn|p2b: Arcanine|Protect\n|move|p1a: Flutter Mane|Shadow Ball|p2b: Arcanine\n|-activate|p2b: Arcanine|move: Protect\n|move|p1b: Azumarill|Liquidation|p2b: Arcanine\n|-activate|p2b: Arcanine|move: Protect\n|move|p2a: Garganacl|Salt Cure|p1b: Azumarill\n|-damage|p1b: Azumarill|84\/100\n|-start|p1b: Azumarill|Salt Cure\n|\n|-damage|p1b: Azumarill|60\/100|[from] Salt Cure\n|upkeep\n|turn|2\n|inactive|refanner has 30 seconds left.\n|inactive|refanner has 20 seconds left.\n|\n|t:|1683054739\n|switch|p2b: Ting-Lu|Ting-Lu, L50|100\/100\n|-ability|p2b: Ting-Lu|Vessel of Ruin\n|switch|p1b: Arcanine|Arcanine, L50, M|100\/100\n|-ability|p1b: Arcanine|Intimidate|boost\n|-unboost|p2a: Garganacl|atk|1\n|-unboost|p2b: Ting-Lu|atk|1\n|move|p1a: Flutter Mane|Shadow Ball|p2a: Garganacl\n|-supereffective|p2a: Garganacl\n|-damage|p2a: Garganacl|73\/100\n|-unboost|p2a: Garganacl|spd|1\n|move|p2a: Garganacl|Salt Cure|p1a: Flutter Mane\n|-damage|p1a: Flutter Mane|87\/100\n|-start|p1a: Flutter Mane|Salt Cure\n|\n|-heal|p2a: Garganacl|79\/100|[from] item: Leftovers\n|-damage|p1a: Flutter Mane|75\/100|[from] Salt Cure\n|upkeep\n|turn|3\n|inactive|karnisbroken has 30 seconds left.\n|inactive|refanner has 30 seconds left.\n|\n|t:|1683054771\n|switch|p2a: Arcanine|Arcanine, L50, F|100\/100\n|-ability|p2a: Arcanine|Intimidate|boost\n|-unboost|p1a: Flutter Mane|atk|1\n|-unboost|p1b: Arcanine|atk|1\n|move|p1a: Flutter Mane|Dazzling Gleam|p2a: Arcanine|[spread] p2a,p2b\n|-resisted|p2a: Arcanine\n|-supereffective|p2b: Ting-Lu\n|-damage|p2a: Arcanine|87\/100\n|-damage|p2b: Ting-Lu|74\/100\n|move|p1b: Arcanine|Will-O-Wisp|p2b: Ting-Lu\n|-status|p2b: Ting-Lu|brn\n|move|p2b: Ting-Lu|Ruination|p1b: Arcanine\n|-damage|p1b: Arcanine|50\/100\n|-enditem|p1b: Arcanine|Sitrus Berry|[eat]\n|-heal|p1b: Arcanine|75\/100|[from] item: Sitrus Berry\n|\n|-damage|p2b: Ting-Lu|68\/100 brn|[from] brn\n|-damage|p1a: Flutter Mane|62\/100|[from] Salt Cure\n|upkeep\n|turn|4\n|inactive|karnisbroken has 30 seconds left.\n|inactive|karnisbroken has 20 seconds left.\n|inactive|karnisbroken has 15 seconds left.\n|inactive|karnisbroken has 10 seconds left.\n|\n|t:|1683054818\n|-end|p1a: Flutter Mane|Protosynthesis|[silent]\n|switch|p1a: Azumarill|Azumarill, L50, F|60\/100\n|move|p2a: Arcanine|Will-O-Wisp|p1a: Azumarill\n|-status|p1a: Azumarill|brn\n|move|p1b: Arcanine|Snarl|p2a: Arcanine|[spread] p2a,p2b\n|-resisted|p2b: Ting-Lu\n|-crit|p2b: Ting-Lu\n|-damage|p2a: Arcanine|79\/100\n|-damage|p2b: Ting-Lu|66\/100 brn\n|-unboost|p2a: Arcanine|spa|1\n|-unboost|p2b: Ting-Lu|spa|1\n|move|p2b: Ting-Lu|Ruination|p1b: Arcanine\n|-damage|p1b: Arcanine|38\/100\n|\n|-damage|p1a: Azumarill|54\/100 brn|[from] brn\n|-damage|p2b: Ting-Lu|60\/100 brn|[from] brn\n|upkeep\n|turn|5\n|inactive|karnisbroken has 30 seconds left.\n|inactive|refanner has 30 seconds left.\n|\n|t:|1683054849\n|switch|p2a: Garganacl|Garganacl, L50, F, tera:Ghost|79\/100\n|switch|p1b: Flutter Mane|Flutter Mane, L50|62\/100\n|move|p1a: Azumarill|Play Rough|p2b: Ting-Lu\n|-supereffective|p2b: Ting-Lu\n|-damage|p2b: Ting-Lu|31\/100 brn\n|move|p2b: Ting-Lu|Stomping Tantrum|p1b: Flutter Mane\n|-damage|p1b: Flutter Mane|49\/100\n|\n|-heal|p2a: Garganacl|85\/100|[from] item: Leftovers\n|-damage|p1a: Azumarill|48\/100 brn|[from] brn\n|-damage|p2b: Ting-Lu|25\/100 brn|[from] brn\n|upkeep\n|turn|6\n|\n|t:|1683054870\n|move|p1b: Flutter Mane|Dazzling Gleam|p2a: Garganacl|[spread] p2a,p2b\n|-supereffective|p2b: Ting-Lu\n|-damage|p2a: Garganacl|70\/100\n|-damage|p2b: Ting-Lu|7\/100 brn\n|move|p1a: Azumarill|Play Rough|p2a: Garganacl\n|-damage|p2a: Garganacl|52\/100\n|move|p2b: Ting-Lu|Snarl|p1b: Flutter Mane|[spread] p1a,p1b\n|-resisted|p1a: Azumarill\n|-crit|p1b: Flutter Mane\n|-damage|p1a: Azumarill|46\/100 brn\n|-damage|p1b: Flutter Mane|38\/100\n|-unboost|p1a: Azumarill|spa|1\n|-unboost|p1b: Flutter Mane|spa|1\n|move|p2a: Garganacl|Salt Cure|p1b: Flutter Mane\n|-damage|p1b: Flutter Mane|21\/100\n|-start|p1b: Flutter Mane|Salt Cure\n|\n|-heal|p2a: Garganacl|58\/100|[from] item: Leftovers\n|-damage|p1a: Azumarill|40\/100 brn|[from] brn\n|-damage|p2b: Ting-Lu|0 fnt|[from] brn\n|faint|p2b: Ting-Lu\n|-damage|p1b: Flutter Mane|9\/100|[from] Salt Cure\n|upkeep\n|\n|t:|1683054889\n|switch|p2b: Arcanine|Arcanine, L50, F|79\/100\n|-ability|p2b: Arcanine|Intimidate|boost\n|-unboost|p1a: Azumarill|atk|1\n|-unboost|p1b: Flutter Mane|atk|1\n|turn|7\n|\n|t:|1683054899\n|-end|p1b: Flutter Mane|Protosynthesis|[silent]\n|switch|p1b: Arcanine|Arcanine, L50, M|38\/100\n|-ability|p1b: Arcanine|Intimidate|boost\n|-unboost|p2a: Garganacl|atk|1\n|-unboost|p2b: Arcanine|atk|1\n|move|p2b: Arcanine|Protect|p2b: Arcanine\n|-singleturn|p2b: Arcanine|Protect\n|move|p1a: Azumarill|Liquidation|p2b: Arcanine\n|-activate|p2b: Arcanine|move: Protect\n|move|p2a: Garganacl|Recover|p2a: Garganacl\n|-heal|p2a: Garganacl|100\/100\n|\n|-damage|p1a: Azumarill|35\/100 brn|[from] brn\n|upkeep\n|turn|8\n|inactive|refanner has 30 seconds left.\n|inactive|refanner has 20 seconds left.\n|\n|t:|1683054935\n|switch|p2b: Roaring Moon|Roaring Moon, L50|100\/100\n|-enditem|p2b: Roaring Moon|Booster Energy\n|-activate|p2b: Roaring Moon|ability: Protosynthesis|[fromitem]\n|-start|p2b: Roaring Moon|protosynthesisatk\n|move|p1b: Arcanine|Flare Blitz|p2a: Garganacl\n|-damage|p2a: Garganacl|67\/100\n|-damage|p1b: Arcanine|27\/100|[from] Recoil\n|move|p1a: Azumarill|Liquidation|p2b: Roaring Moon\n|-resisted|p2b: Roaring Moon\n|-damage|p2b: Roaring Moon|91\/100\n|move|p2a: Garganacl|Salt Cure|p1a: Azumarill\n|-damage|p1a: Azumarill|24\/100 brn\n|-start|p1a: Azumarill|Salt Cure\n|\n|-heal|p2a: Garganacl|73\/100|[from] item: Leftovers\n|-damage|p1a: Azumarill|19\/100 brn|[from] brn\n|-damage|p1a: Azumarill|0 fnt|[from] Salt Cure\n|faint|p1a: Azumarill\n|upkeep\n|\n|t:|1683054951\n|switch|p1a: Chien-Pao|Chien-Pao, L50|100\/100\n|-ability|p1a: Chien-Pao|Sword of Ruin\n|turn|9\n|inactive|karnisbroken has 30 seconds left.\n|\n|t:|1683054981\n|move|p2b: Roaring Moon|Protect|p2b: Roaring Moon\n|-singleturn|p2b: Roaring Moon|Protect\n|move|p1a: Chien-Pao|Sucker Punch|p2a: Garganacl\n|-supereffective|p2a: Garganacl\n|-damage|p2a: Garganacl|12\/100\n|move|p1b: Arcanine|Will-O-Wisp|p2b: Roaring Moon\n|-activate|p2b: Roaring Moon|move: Protect\n|move|p2a: Garganacl|Salt Cure|p1a: Chien-Pao\n|-supereffective|p1a: Chien-Pao\n|-damage|p1a: Chien-Pao|74\/100\n|-start|p1a: Chien-Pao|Salt Cure\n|\n|-heal|p2a: Garganacl|18\/100|[from] item: Leftovers\n|-damage|p1a: Chien-Pao|61\/100|[from] Salt Cure\n|upkeep\n|turn|10\n|\n|t:|1683055001\n|move|p1a: Chien-Pao|Ice Spinner|p2b: Roaring Moon\n|-supereffective|p2b: Roaring Moon\n|-damage|p2b: Roaring Moon|0 fnt\n|faint|p2b: Roaring Moon\n|-end|p2b: Roaring Moon|Protosynthesis|[silent]\n|move|p1b: Arcanine|Flare Blitz|p2a: Garganacl\n|-damage|p2a: Garganacl|0 fnt\n|faint|p2a: Garganacl\n|-damage|p1b: Arcanine|20\/100|[from] Recoil\n|\n|-damage|p1a: Chien-Pao|49\/100|[from] Salt Cure\n|upkeep\n|\n|t:|1683055012\n|switch|p2b: Arcanine|Arcanine, L50, F|79\/100\n|-ability|p2b: Arcanine|Intimidate|boost\n|-unboost|p1a: Chien-Pao|atk|1\n|-unboost|p1b: Arcanine|atk|1\n|turn|11\n|\n|t:|1683055042\n|move|p2b: Arcanine|Extreme Speed|p1b: Arcanine\n|-damage|p1b: Arcanine|0 fnt\n|faint|p1b: Arcanine\n|move|p1a: Chien-Pao|Sucker Punch||[still]\n|-fail|p1a: Chien-Pao\n|\n|-damage|p1a: Chien-Pao|37\/100|[from] Salt Cure\n|upkeep\n|\n|t:|1683055045\n|switch|p1b: Flutter Mane|Flutter Mane, L50|9\/100\n|turn|12\n|inactive|karnisbroken has 30 seconds left.\n|\n|t:|1683055071\n|-terastallize|p1a: Chien-Pao|Fire\n|move|p2b: Arcanine|Protect|p2b: Arcanine\n|-singleturn|p2b: Arcanine|Protect\n|move|p1a: Chien-Pao|Sacred Sword|p2b: Arcanine\n|-activate|p2b: Arcanine|move: Protect\n|move|p1b: Flutter Mane|Shadow Ball|p2b: Arcanine\n|-activate|p2b: Arcanine|move: Protect\n|\n|-damage|p1a: Chien-Pao|25\/100|[from] Salt Cure\n|upkeep\n|turn|13\n|inactive|refanner has 30 seconds left.\n|\n|t:|1683055098\n|move|p1a: Chien-Pao|Sacred Sword|p2b: Arcanine\n|-damage|p2b: Arcanine|49\/100\n|move|p1b: Flutter Mane|Shadow Ball|p2b: Arcanine\n|-damage|p2b: Arcanine|9\/100\n|-enditem|p2b: Arcanine|Iapapa Berry|[eat]\n|-heal|p2b: Arcanine|42\/100|[from] item: Iapapa Berry\n|move|p2b: Arcanine|Will-O-Wisp|p1b: Flutter Mane\n|-status|p1b: Flutter Mane|brn\n|\n|-damage|p1b: Flutter Mane|2\/100 brn|[from] brn\n|-damage|p1a: Chien-Pao|13\/100|[from] Salt Cure\n|upkeep\n|turn|14\n|-message|karnisbroken forfeited.\n|\n|win|refanner\n|raw|karnisbroken's rating: 1233 → 1209<\/strong> (-24 for losing)\n|raw|refanner's rating: 1249 → 1273<\/strong> (+24 for winning)\n|l|\u2606karnisbroken\n","uploadtime":1683055126,"views":11,"p1id":"karnisbroken","p2id":"refanner","formatid":"gen9vgc2023regulationc","rating":1209,"private":0,"password":""}