{"id":"gen9vgc2023regulationc-1851822068","p1":"haha u rage quit","p2":"Giuseppebrunoegay","format":"[Gen 9] VGC 2023 Regulation C","log":"|j|\u2606haha u rage quit\n|j|\u2606Giuseppebrunoegay\n|t:|1682490015\n|gametype|doubles\n|player|p1|haha u rage quit|pokemaniac|1287\n|player|p2|Giuseppebrunoegay|giovanni|1325\n|teamsize|p1|6\n|teamsize|p2|6\n|gen|9\n|tier|[Gen 9] VGC 2023 Regulation C\n|rated|\n|rule|Species Clause: Limit one of each Pok\u00e9mon\n|rule|Item Clause: Limit one of each item\n|clearpoke\n|poke|p1|Glimmora, L50, M|\n|poke|p1|Iron Bundle, L50|\n|poke|p1|Dondozo, L50, M|\n|poke|p1|Dragonite, L50, M|\n|poke|p1|Tatsugiri-Droopy, L50, M|\n|poke|p1|Chi-Yu, L50|\n|poke|p2|Amoonguss, L50, F|\n|poke|p2|Dragonite, L50, M|\n|poke|p2|Kingambit, L50, F|\n|poke|p2|Flutter Mane, L50|\n|poke|p2|Arcanine, L50, M|\n|poke|p2|Ting-Lu, L50|\n|teampreview|4\n|inactive|Battle timer is ON: inactive players will automatically lose when time's up. (requested by Giuseppebrunoegay)\n|\n|t:|1682490076\n|start\n|switch|p1a: Glimmora|Glimmora, L50, M, shiny|100\/100\n|switch|p1b: Chi-Yu|Chi-Yu, L50|100\/100\n|switch|p2a: Flutter Mane|Flutter Mane, L50, shiny|100\/100\n|switch|p2b: Ting-Lu|Ting-Lu, L50|100\/100\n|-ability|p1b: Chi-Yu|Beads of Ruin\n|-ability|p2b: Ting-Lu|Vessel of Ruin\n|turn|1\n|inactive|haha u rage quit has 30 seconds left.\n|inactive|Giuseppebrunoegay has 30 seconds left.\n|inactive|Giuseppebrunoegay has 20 seconds left.\n|inactive|Giuseppebrunoegay has 15 seconds left.\n|inactive|haha u rage quit has 20 seconds left.\n|inactive|Giuseppebrunoegay has 10 seconds left.\n|inactive|haha u rage quit has 15 seconds left.\n|\n|t:|1682490129\n|move|p1b: Chi-Yu|Protect|p1b: Chi-Yu\n|-singleturn|p1b: Chi-Yu|Protect\n|move|p2a: Flutter Mane|Moonblast|p1b: Chi-Yu\n|-activate|p1b: Chi-Yu|move: Protect\n|move|p1a: Glimmora|Energy Ball|p2b: Ting-Lu\n|-supereffective|p2b: Ting-Lu\n|-damage|p2b: Ting-Lu|74\/100\n|move|p2b: Ting-Lu|Stomping Tantrum|p1a: Glimmora\n|-supereffective|p1a: Glimmora\n|-damage|p1a: Glimmora|0 fnt\n|-activate|p1a: Glimmora|ability: Toxic Debris\n|-sidestart|p2: Giuseppebrunoegay|move: Toxic Spikes\n|faint|p1a: Glimmora\n|\n|upkeep\n|\n|t:|1682490141\n|switch|p1a: Dondozo|Dondozo, L50, M|100\/100\n|turn|2\n|\n|t:|1682490160\n|switch|p2b: Arcanine|Arcanine, L50, M|100\/100\n|-status|p2b: Arcanine|psn\n|-ability|p2b: Arcanine|Intimidate|boost\n|-fail|p1a: Dondozo|unboost|Attack|[from] ability: Oblivious|[of] p1a: Dondozo\n|-unboost|p1b: Chi-Yu|atk|1\n|move|p1a: Dondozo|Protect|p1a: Dondozo\n|-singleturn|p1a: Dondozo|Protect\n|move|p2a: Flutter Mane|Moonblast|p1a: Dondozo\n|-activate|p1a: Dondozo|move: Protect\n|move|p1b: Chi-Yu|Overheat|p2a: Flutter Mane\n|-damage|p2a: Flutter Mane|19\/100\n|-unboost|p1b: Chi-Yu|spa|2\n|\n|-damage|p2b: Arcanine|88\/100 psn|[from] psn\n|upkeep\n|turn|3\n|\n|t:|1682490181\n|switch|p1b: Tatsugiri|Tatsugiri-Droopy, L50, M|100\/100\n|-activate|p1b: Tatsugiri|ability: Commander|[of] p1a: Dondozo\n|-boost|p1a: Dondozo|atk|2\n|-boost|p1a: Dondozo|spa|2\n|-boost|p1a: Dondozo|spe|2\n|-boost|p1a: Dondozo|def|2\n|-boost|p1a: Dondozo|spd|2\n|-terastallize|p2b: Arcanine|Grass\n|move|p2a: Flutter Mane|Moonblast|p1a: Dondozo\n|-damage|p1a: Dondozo|64\/100\n|move|p1a: Dondozo|Earthquake|p2b: Arcanine|[spread] p2a,p2b\n|-miss|p1a: Dondozo|p1b: Tatsugiri\n|-resisted|p2b: Arcanine\n|-damage|p2a: Flutter Mane|0 fnt\n|-damage|p2b: Arcanine|68\/100 psn\n|faint|p2a: Flutter Mane\n|-end|p2a: Flutter Mane|Protosynthesis|[silent]\n|move|p2b: Arcanine|Will-O-Wisp|p1a: Dondozo\n|-status|p1a: Dondozo|brn\n|\n|-heal|p1a: Dondozo|70\/100 brn|[from] item: Leftovers\n|-damage|p2b: Arcanine|56\/100 psn|[from] psn\n|-damage|p1a: Dondozo|64\/100 brn|[from] brn\n|upkeep\n|\n|t:|1682490200\n|switch|p2a: Amoonguss|Amoonguss, L50, F|100\/100\n|-sideend|p2: Giuseppebrunoegay|move: Toxic Spikes|[of] p2a: Amoonguss\n|turn|4\n|\n|t:|1682490218\n|-terastallize|p1a: Dondozo|Grass\n|move|p1a: Dondozo|Wave Crash|p2b: Arcanine\n|-resisted|p2b: Arcanine\n|-damage|p2b: Arcanine|30\/100 psn\n|-damage|p1a: Dondozo|57\/100 brn|[from] Recoil\n|move|p2b: Arcanine|Flare Blitz|p1a: Dondozo\n|-supereffective|p1a: Dondozo\n|-damage|p1a: Dondozo|22\/100 brn\n|-damage|p2b: Arcanine|17\/100 psn|[from] Recoil\n|move|p2a: Amoonguss|Pollen Puff|p2b: Arcanine\n|-heal|p2b: Arcanine|66\/100 psn\n|\n|-heal|p1a: Dondozo|28\/100 brn|[from] item: Leftovers\n|-damage|p2b: Arcanine|54\/100 psn|[from] psn\n|-damage|p1a: Dondozo|22\/100 brn|[from] brn\n|upkeep\n|turn|5\n|inactive|haha u rage quit has 30 seconds left.\n|\n|t:|1682490250\n|move|p1a: Dondozo|Wave Crash|p2b: Arcanine\n|-resisted|p2b: Arcanine\n|-damage|p2b: Arcanine|27\/100 psn\n|-damage|p1a: Dondozo|14\/100 brn|[from] Recoil\n|move|p2b: Arcanine|Flare Blitz|p1a: Dondozo\n|-supereffective|p1a: Dondozo\n|-damage|p1a: Dondozo|0 fnt\n|faint|p1a: Dondozo\n|-damage|p2b: Arcanine|22\/100 psn|[from] Recoil\n|move|p2a: Amoonguss|Pollen Puff|p2b: Arcanine\n|-heal|p2b: Arcanine|72\/100 psn\n|\n|-damage|p2b: Arcanine|59\/100 psn|[from] psn\n|upkeep\n|\n|t:|1682490261\n|switch|p1a: Chi-Yu|Chi-Yu, L50|100\/100\n|-ability|p1a: Chi-Yu|Beads of Ruin\n|turn|6\n|\n|t:|1682490269\n|switch|p2b: Ting-Lu|Ting-Lu, L50|74\/100\n|-ability|p2b: Ting-Lu|Vessel of Ruin\n|move|p1b: Tatsugiri|Icy Wind|p2a: Amoonguss|[spread] p2a,p2b\n|-supereffective|p2a: Amoonguss\n|-supereffective|p2b: Ting-Lu\n|-damage|p2a: Amoonguss|80\/100\n|-damage|p2b: Ting-Lu|60\/100\n|-unboost|p2a: Amoonguss|spe|1\n|-unboost|p2b: Ting-Lu|spe|1\n|move|p1a: Chi-Yu|Heat Wave|p2a: Amoonguss|[spread] p2a,p2b\n|-supereffective|p2a: Amoonguss\n|-damage|p2a: Amoonguss|9\/100\n|-damage|p2b: Ting-Lu|41\/100\n|-enditem|p2a: Amoonguss|Sitrus Berry|[eat]\n|-heal|p2a: Amoonguss|34\/100|[from] item: Sitrus Berry\n|move|p2a: Amoonguss|Spore|p1b: Tatsugiri\n|-status|p1b: Tatsugiri|slp|[from] move: Spore\n|\n|upkeep\n|turn|7\n|\n|t:|1682490291\n|switch|p2a: Arcanine|Arcanine, L50, M, tera:Grass|59\/100 psn\n|-ability|p2a: Arcanine|Intimidate|boost\n|-unboost|p1a: Chi-Yu|atk|1\n|-unboost|p1b: Tatsugiri|atk|1\n|cant|p1b: Tatsugiri|slp\n|move|p1a: Chi-Yu|Heat Wave|p2a: Arcanine|[spread] p2a,p2b\n|-supereffective|p2a: Arcanine\n|-damage|p2a: Arcanine|0 fnt\n|-damage|p2b: Ting-Lu|19\/100\n|faint|p2a: Arcanine\n|move|p2b: Ting-Lu|Stomping Tantrum|p1a: Chi-Yu\n|-supereffective|p1a: Chi-Yu\n|-enditem|p1a: Chi-Yu|Focus Sash\n|-damage|p1a: Chi-Yu|1\/100\n|\n|upkeep\n|\n|t:|1682490304\n|switch|p2a: Amoonguss|Amoonguss, L50, F|67\/100\n|turn|8\n|\n|t:|1682490322\n|move|p1a: Chi-Yu|Protect|p1a: Chi-Yu\n|-singleturn|p1a: Chi-Yu|Protect\n|cant|p1b: Tatsugiri|slp\n|move|p2a: Amoonguss|Pollen Puff|p1a: Chi-Yu\n|-activate|p1a: Chi-Yu|move: Protect\n|move|p2b: Ting-Lu|Stomping Tantrum|p1b: Tatsugiri\n|-damage|p1b: Tatsugiri|25\/100 slp\n|\n|upkeep\n|turn|9\n|\n|t:|1682490337\n|cant|p1b: Tatsugiri|slp\n|move|p1a: Chi-Yu|Heat Wave|p2a: Amoonguss|[spread] p2a,p2b\n|-supereffective|p2a: Amoonguss\n|-damage|p2a: Amoonguss|0 fnt\n|-damage|p2b: Ting-Lu|0 fnt\n|faint|p2a: Amoonguss\n|faint|p2b: Ting-Lu\n|\n|win|haha u rage quit\n|raw|haha u rage quit's rating: 1287 → 1315<\/strong> (+28 for winning)\n|raw|Giuseppebrunoegay's rating: 1325 → 1303<\/strong> (-22 for losing)\n|l|\u2606Giuseppebrunoegay\n","uploadtime":1682490350,"views":16,"p1id":"hahauragequit","p2id":"giuseppebrunoegay","formatid":"gen9vgc2023regulationc","rating":1303,"private":0,"password":""}