{"id":"gen9vgc2023regulationc-1844976186","p1":"TrendanBrendan","p2":"1NerdyPine","format":"[Gen 9] VGC 2023 Regulation C","log":"|j|\u2606TrendanBrendan\n|j|\u26061NerdyPine\n|t:|1681670078\n|gametype|doubles\n|player|p1|TrendanBrendan|elio|1135\n|player|p2|1NerdyPine|bugsy|1120\n|teamsize|p1|6\n|teamsize|p2|6\n|gen|9\n|tier|[Gen 9] VGC 2023 Regulation C\n|rated|\n|rule|Species Clause: Limit one of each Pok\u00e9mon\n|rule|Item Clause: Limit one of each item\n|clearpoke\n|poke|p1|Palafin, L50, F|\n|poke|p1|Amoonguss, L50, F|\n|poke|p1|Flutter Mane, L50|\n|poke|p1|Arcanine, L50, M|\n|poke|p1|Corviknight, L50, M|\n|poke|p1|Ting-Lu, L50|\n|poke|p2|Glimmora, L50, F|\n|poke|p2|Iron Jugulis, L50|\n|poke|p2|Brambleghast, L50, M|\n|poke|p2|Arcanine, L50, M|\n|poke|p2|Dondozo, L50, M|\n|poke|p2|Tatsugiri, L50, F|\n|teampreview|4\n|inactive|Battle timer is ON: inactive players will automatically lose when time's up. (requested by 1NerdyPine)\n|\n|t:|1681670132\n|start\n|switch|p1a: Brieze|Palafin, L50, F, shiny|100\/100\n|switch|p1b: Arcanine|Arcanine, L50, M|100\/100\n|switch|p2a: Iron Jugulis|Iron Jugulis, L50|100\/100\n|switch|p2b: Brambleghast|Brambleghast, L50, M|100\/100\n|-ability|p1b: Arcanine|Intimidate|boost\n|-unboost|p2a: Iron Jugulis|atk|1\n|-unboost|p2b: Brambleghast|atk|1\n|-enditem|p2a: Iron Jugulis|Booster Energy\n|-activate|p2a: Iron Jugulis|ability: Quark Drive|[fromitem]\n|-start|p2a: Iron Jugulis|quarkdrivespe\n|turn|1\n|inactive|TrendanBrendan has 30 seconds left.\n|inactive|1NerdyPine has 30 seconds left.\n|\n|t:|1681670162\n|detailschange|p1a: Brieze|Palafin-Hero, L50, F, shiny\n|switch|p1a: Ting-Lu|Ting-Lu, L50|100\/100\n|-ability|p1a: Ting-Lu|Vessel of Ruin\n|-terastallize|p2b: Brambleghast|Normal\n|move|p2a: Iron Jugulis|Tailwind|p2a: Iron Jugulis\n|-sidestart|p2: 1NerdyPine|move: Tailwind\n|-ability|p2b: Brambleghast|Wind Rider|boost\n|-boost|p2b: Brambleghast|atk|1\n|move|p2b: Brambleghast|Bullet Seed|p1a: Ting-Lu\n|-supereffective|p1a: Ting-Lu\n|-damage|p1a: Ting-Lu|84\/100\n|-supereffective|p1a: Ting-Lu\n|-damage|p1a: Ting-Lu|67\/100\n|-supereffective|p1a: Ting-Lu\n|-damage|p1a: Ting-Lu|52\/100\n|-supereffective|p1a: Ting-Lu\n|-damage|p1a: Ting-Lu|36\/100\n|-hitcount|p1a: Ting-Lu|4\n|move|p1b: Arcanine|Will-O-Wisp|p2b: Brambleghast|[miss]\n|-miss|p1b: Arcanine|p2b: Brambleghast\n|\n|upkeep\n|turn|2\n|inactive|TrendanBrendan has 30 seconds left.\n|inactive|1NerdyPine has 30 seconds left.\n|inactive|TrendanBrendan has 20 seconds left.\n|inactive|TrendanBrendan has 15 seconds left.\n|inactive|TrendanBrendan has 10 seconds left.\n|\n|t:|1681670210\n|switch|p1a: Gillie|Amoonguss, L50, F|100\/100\n|move|p2a: Iron Jugulis|Earth Power|p1b: Arcanine\n|-supereffective|p1b: Arcanine\n|-damage|p1b: Arcanine|40\/100\n|move|p2b: Brambleghast|Bullet Seed|p1a: Gillie\n|-resisted|p1a: Gillie\n|-damage|p1a: Gillie|98\/100\n|-resisted|p1a: Gillie\n|-damage|p1a: Gillie|95\/100\n|-resisted|p1a: Gillie\n|-damage|p1a: Gillie|92\/100\n|-resisted|p1a: Gillie\n|-damage|p1a: Gillie|89\/100\n|-resisted|p1a: Gillie\n|-damage|p1a: Gillie|86\/100\n|-hitcount|p1a: Gillie|5\n|move|p1b: Arcanine|Will-O-Wisp|p2b: Brambleghast\n|-status|p2b: Brambleghast|brn\n|\n|-damage|p2b: Brambleghast|94\/100 brn|[from] brn\n|upkeep\n|turn|3\n|inactive|TrendanBrendan has 30 seconds left.\n|inactive|1NerdyPine has 30 seconds left.\n|\n|t:|1681670241\n|move|p2a: Iron Jugulis|Heat Wave|p1a: Gillie|[spread] p1a,p1b\n|-supereffective|p1a: Gillie\n|-resisted|p1b: Arcanine\n|-damage|p1a: Gillie|50\/100\n|-damage|p1b: Arcanine|28\/100\n|-status|p1a: Gillie|brn\n|-enditem|p1a: Gillie|Sitrus Berry|[eat]\n|-heal|p1a: Gillie|74\/100 brn|[from] item: Sitrus Berry\n|move|p2b: Brambleghast|Phantom Force||[still]\n|-prepare|p2b: Brambleghast|Phantom Force\n|move|p1b: Arcanine|Howl|p1b: Arcanine|[spread] p1a,p1b\n|-boost|p1a: Gillie|atk|1\n|-boost|p1b: Arcanine|atk|1\n|move|p1a: Gillie|Pollen Puff|p1b: Arcanine\n|-heal|p1b: Arcanine|78\/100\n|\n|-damage|p2b: Brambleghast|88\/100 brn|[from] brn\n|-damage|p1a: Gillie|69\/100 brn|[from] brn\n|upkeep\n|turn|4\n|\n|t:|1681670265\n|switch|p1a: Ting-Lu|Ting-Lu, L50|36\/100\n|-ability|p1a: Ting-Lu|Vessel of Ruin\n|move|p2a: Iron Jugulis|Heat Wave|p1b: Arcanine|[spread] p1a,p1b\n|-resisted|p1b: Arcanine\n|-damage|p1a: Ting-Lu|28\/100\n|-damage|p1b: Arcanine|69\/100\n|move|p2b: Brambleghast|Phantom Force|p1b: Arcanine|[from]lockedmove\n|-damage|p1b: Arcanine|46\/100\n|move|p1b: Arcanine|Flare Blitz|p2a: Iron Jugulis\n|-damage|p2a: Iron Jugulis|22\/100\n|-damage|p1b: Arcanine|23\/100|[from] Recoil\n|\n|-damage|p2b: Brambleghast|82\/100 brn|[from] brn\n|-sideend|p2: 1NerdyPine|move: Tailwind\n|upkeep\n|turn|5\n|inactive|TrendanBrendan has 30 seconds left.\n|\n|t:|1681670293\n|switch|p1a: Gillie|Amoonguss, L50, F|100\/100 brn\n|move|p1b: Arcanine|Protect|p1b: Arcanine\n|-singleturn|p1b: Arcanine|Protect\n|move|p2a: Iron Jugulis|Tailwind|p2a: Iron Jugulis\n|-sidestart|p2: 1NerdyPine|move: Tailwind\n|-ability|p2b: Brambleghast|Wind Rider|boost\n|-boost|p2b: Brambleghast|atk|1\n|move|p2b: Brambleghast|Bullet Seed|p1a: Gillie\n|-resisted|p1a: Gillie\n|-crit|p1a: Gillie\n|-damage|p1a: Gillie|97\/100 brn\n|-resisted|p1a: Gillie\n|-damage|p1a: Gillie|95\/100 brn\n|-resisted|p1a: Gillie\n|-damage|p1a: Gillie|93\/100 brn\n|-resisted|p1a: Gillie\n|-damage|p1a: Gillie|91\/100 brn\n|-hitcount|p1a: Gillie|4\n|\n|-damage|p2b: Brambleghast|76\/100 brn|[from] brn\n|-damage|p1a: Gillie|85\/100 brn|[from] brn\n|upkeep\n|turn|6\n|inactive|1NerdyPine has 30 seconds left.\n|inactive|1NerdyPine has 20 seconds left.\n|inactive|1NerdyPine has 15 seconds left.\n|\n|t:|1681670334\n|switch|p1b: Ting-Lu|Ting-Lu, L50|28\/100\n|-ability|p1b: Ting-Lu|Vessel of Ruin\n|move|p2a: Iron Jugulis|Heat Wave|p1a: Gillie|[spread] p1a,p1b\n|-supereffective|p1a: Gillie\n|-damage|p1a: Gillie|61\/100 brn\n|-damage|p1b: Ting-Lu|19\/100\n|move|p2b: Brambleghast|Phantom Force||[still]\n|-prepare|p2b: Brambleghast|Phantom Force\n|move|p1a: Gillie|Clear Smog|p2b: Brambleghast|[miss]\n|-miss|p1a: Gillie|p2b: Brambleghast\n|\n|-damage|p2b: Brambleghast|70\/100 brn|[from] brn\n|-damage|p1a: Gillie|55\/100 brn|[from] brn\n|upkeep\n|turn|7\n|\n|t:|1681670358\n|move|p2a: Iron Jugulis|Heat Wave|p1b: Ting-Lu|[spread] p1a\n|-miss|p2a: Iron Jugulis|p1b: Ting-Lu\n|-supereffective|p1a: Gillie\n|-damage|p1a: Gillie|31\/100 brn\n|move|p2b: Brambleghast|Phantom Force|p1b: Ting-Lu|[from]lockedmove\n|-resisted|p1b: Ting-Lu\n|-damage|p1b: Ting-Lu|10\/100\n|move|p1b: Ting-Lu|Fissure|p2b: Brambleghast|[miss]\n|-miss|p1b: Ting-Lu|p2b: Brambleghast\n|move|p1a: Gillie|Pollen Puff|p1b: Ting-Lu\n|-heal|p1b: Ting-Lu|60\/100\n|\n|-damage|p2b: Brambleghast|64\/100 brn|[from] brn\n|-damage|p1a: Gillie|25\/100 brn|[from] brn\n|upkeep\n|turn|8\n|\n|t:|1681670381\n|switch|p1a: Arcanine|Arcanine, L50, M|23\/100\n|-ability|p1a: Arcanine|Intimidate|boost\n|-unboost|p2a: Iron Jugulis|atk|1\n|-unboost|p2b: Brambleghast|atk|1\n|move|p2a: Iron Jugulis|Heat Wave|p1b: Ting-Lu|[spread] p1a,p1b\n|-resisted|p1a: Arcanine\n|-damage|p1a: Arcanine|13\/100\n|-damage|p1b: Ting-Lu|50\/100\n|move|p2b: Brambleghast|Bullet Seed|p1b: Ting-Lu\n|-supereffective|p1b: Ting-Lu\n|-damage|p1b: Ting-Lu|43\/100\n|-supereffective|p1b: Ting-Lu\n|-damage|p1b: Ting-Lu|34\/100\n|-supereffective|p1b: Ting-Lu\n|-damage|p1b: Ting-Lu|27\/100\n|-supereffective|p1b: Ting-Lu\n|-damage|p1b: Ting-Lu|19\/100\n|-hitcount|p1b: Ting-Lu|4\n|move|p1b: Ting-Lu|Heavy Slam|p2b: Brambleghast\n|-damage|p2b: Brambleghast|0 fnt\n|faint|p2b: Brambleghast\n|\n|-sideend|p2: 1NerdyPine|move: Tailwind\n|upkeep\n|\n|t:|1681670400\n|switch|p2b: Glimmora|Glimmora, L50, F|100\/100\n|turn|9\n|inactive|1NerdyPine has 30 seconds left.\n|\n|t:|1681670434\n|move|p2a: Iron Jugulis|Tailwind|p2a: Iron Jugulis\n|-sidestart|p2: 1NerdyPine|move: Tailwind\n|move|p2b: Glimmora|Power Gem|p1a: Arcanine\n|-supereffective|p1a: Arcanine\n|-damage|p1a: Arcanine|0 fnt\n|faint|p1a: Arcanine\n|move|p1b: Ting-Lu|Stomping Tantrum|p2b: Glimmora\n|-supereffective|p2b: Glimmora\n|-damage|p2b: Glimmora|0 fnt\n|-activate|p2b: Glimmora|ability: Toxic Debris\n|-sidestart|p1: TrendanBrendan|move: Toxic Spikes\n|faint|p2b: Glimmora\n|\n|upkeep\n|\n|t:|1681670448\n|switch|p1a: Gillie|Amoonguss, L50, F|58\/100 brn\n|switch|p2b: Arcanine|Arcanine, L50, M|100\/100\n|-ability|p2b: Arcanine|Intimidate|boost\n|-unboost|p1a: Gillie|atk|1\n|-unboost|p1b: Ting-Lu|atk|1\n|-sideend|p1: TrendanBrendan|move: Toxic Spikes|[of] p1a: Gillie\n|turn|10\n|\n|t:|1681670464\n|switch|p1b: Brieze|Palafin-Hero, L50, F, shiny|100\/100\n|-activate|p1b: Brieze|ability: Zero to Hero\n|move|p1a: Gillie|Rage Powder|p1a: Gillie\n|-singleturn|p1a: Gillie|move: Rage Powder\n|move|p2a: Iron Jugulis|Earth Power|p1a: Gillie\n|-damage|p1a: Gillie|37\/100 brn\n|move|p2b: Arcanine|Flare Blitz|p1a: Gillie\n|-supereffective|p1a: Gillie\n|-damage|p1a: Gillie|0 fnt\n|faint|p1a: Gillie\n|-damage|p2b: Arcanine|87\/100|[from] Recoil\n|\n|upkeep\n|\n|t:|1681670473\n|switch|p1a: Ting-Lu|Ting-Lu, L50|19\/100\n|-ability|p1a: Ting-Lu|Vessel of Ruin\n|turn|11\n|\n|t:|1681670498\n|-terastallize|p1b: Brieze|Water\n|move|p2b: Arcanine|Protect|p2b: Arcanine\n|-singleturn|p2b: Arcanine|Protect\n|move|p2a: Iron Jugulis|Dark Pulse|p1b: Brieze\n|-damage|p1b: Brieze|72\/100\n|cant|p1b: Brieze|flinch\n|move|p1a: Ting-Lu|Heavy Slam|p2a: Iron Jugulis\n|-damage|p2a: Iron Jugulis|0 fnt\n|faint|p2a: Iron Jugulis\n|-end|p2a: Iron Jugulis|Quark Drive|[silent]\n|\n|upkeep\n|turn|12\n|inactive|1NerdyPine has 30 seconds left.\n|\n|t:|1681670530\n|move|p2b: Arcanine|Crunch|p1a: Ting-Lu\n|-resisted|p1a: Ting-Lu\n|-damage|p1a: Ting-Lu|13\/100\n|move|p1b: Brieze|Wave Crash|p2b: Arcanine\n|-supereffective|p2b: Arcanine\n|-damage|p2b: Arcanine|0 fnt\n|faint|p2b: Arcanine\n|-damage|p1b: Brieze|45\/100|[from] Recoil\n|\n|win|TrendanBrendan\n|raw|TrendanBrendan's rating: 1135 → 1159<\/strong> (+24 for winning)\n|raw|1NerdyPine's rating: 1120 → 1096<\/strong> (-24 for losing)\n|l|\u26061NerdyPine\n","uploadtime":1681670545,"views":9,"p1id":"trendanbrendan","p2id":"1nerdypine","formatid":"gen9vgc2023regulationc","rating":1096,"private":0,"password":""}