{"id":"gen9vgc2023regulationc-1853341539","p1":"Sindreck","p2":"SolarFish","format":"[Gen 9] VGC 2023 Regulation C","log":"|j|\u2606Sindreck\n|j|\u2606SolarFish\n|t:|1682671108\n|gametype|doubles\n|player|p1|Sindreck|2|1334\n|player|p2|SolarFish|cynthia-gen4|1258\n|teamsize|p1|6\n|teamsize|p2|6\n|gen|9\n|tier|[Gen 9] VGC 2023 Regulation C\n|rated|\n|rule|Species Clause: Limit one of each Pok\u00e9mon\n|rule|Item Clause: Limit one of each item\n|clearpoke\n|poke|p1|Iron Bundle, L50|\n|poke|p1|Abomasnow, L50, M|\n|poke|p1|Arcanine, L50, M|\n|poke|p1|Ting-Lu, L50|\n|poke|p1|Chi-Yu, L50|\n|poke|p1|Kingambit, L50, M|\n|poke|p2|Kingambit, L50, F|\n|poke|p2|Chien-Pao, L50|\n|poke|p2|Roaring Moon, L50|\n|poke|p2|Arcanine, L50, M|\n|poke|p2|Amoonguss, L50, M|\n|poke|p2|Great Tusk, L50|\n|teampreview|4\n|\n|t:|1682671142\n|start\n|switch|p1a: Iron Bundle|Iron Bundle, L50|100\/100\n|switch|p1b: Abomasnow|Abomasnow, L50, M|100\/100\n|switch|p2a: Great Tusk|Great Tusk, L50|100\/100\n|switch|p2b: Roaring Moon|Roaring Moon, L50|100\/100\n|-weather|Snow|[from] ability: Snow Warning|[of] p1b: Abomasnow\n|-enditem|p2b: Roaring Moon|Booster Energy\n|-activate|p2b: Roaring Moon|ability: Protosynthesis|[fromitem]\n|-start|p2b: Roaring Moon|protosynthesisatk\n|turn|1\n|\n|t:|1682671171\n|-terastallize|p1a: Iron Bundle|Ice\n|move|p2b: Roaring Moon|Protect|p2b: Roaring Moon\n|-singleturn|p2b: Roaring Moon|Protect\n|move|p2a: Great Tusk|Rock Slide|p1b: Abomasnow|[spread] p1a,p1b\n|-supereffective|p1a: Iron Bundle\n|-supereffective|p1b: Abomasnow\n|-damage|p1a: Iron Bundle|67\/100\n|-damage|p1b: Abomasnow|70\/100\n|move|p1a: Iron Bundle|Blizzard|p2a: Great Tusk|[spread] p2a\n|-activate|p2b: Roaring Moon|move: Protect\n|-supereffective|p2a: Great Tusk\n|-damage|p2a: Great Tusk|0 fnt\n|faint|p2a: Great Tusk\n|-end|p2a: Great Tusk|Protosynthesis|[silent]\n|-damage|p1a: Iron Bundle|57\/100|[from] item: Life Orb\n|move|p1b: Abomasnow|Aurora Veil|p1b: Abomasnow\n|-sidestart|p1: Sindreck|move: Aurora Veil\n|\n|-weather|Snow|[upkeep]\n|upkeep\n|\n|t:|1682671186\n|switch|p2a: Chien-Pao|Chien-Pao, L50|100\/100\n|-ability|p2a: Chien-Pao|Sword of Ruin\n|turn|2\n|\n|t:|1682671200\n|-terastallize|p2b: Roaring Moon|Steel\n|move|p1a: Iron Bundle|Blizzard|p2b: Roaring Moon|[spread] p2a,p2b\n|-resisted|p2a: Chien-Pao\n|-resisted|p2b: Roaring Moon\n|-crit|p2b: Roaring Moon\n|-damage|p2a: Chien-Pao|47\/100\n|-damage|p2b: Roaring Moon|52\/100\n|-damage|p1a: Iron Bundle|47\/100|[from] item: Life Orb\n|move|p2a: Chien-Pao|Sacred Sword|p1a: Iron Bundle\n|-supereffective|p1a: Iron Bundle\n|-damage|p1a: Iron Bundle|4\/100\n|move|p2b: Roaring Moon|Tailwind|p2b: Roaring Moon\n|-sidestart|p2: SolarFish|move: Tailwind\n|move|p1b: Abomasnow|Giga Drain|p2a: Chien-Pao\n|-damage|p2a: Chien-Pao|0 fnt\n|-heal|p1b: Abomasnow|88\/100|[from] drain|[of] p2a: Chien-Pao\n|faint|p2a: Chien-Pao\n|\n|-weather|Snow|[upkeep]\n|upkeep\n|\n|t:|1682671216\n|switch|p2a: Amoonguss|Amoonguss, L50, M|100\/100\n|turn|3\n|\n|t:|1682671230\n|switch|p1b: Arcanine|Arcanine, L50, M|100\/100\n|-ability|p1b: Arcanine|Intimidate|boost\n|-unboost|p2a: Amoonguss|atk|1\n|-unboost|p2b: Roaring Moon|atk|1\n|move|p1a: Iron Bundle|Protect|p1a: Iron Bundle\n|-singleturn|p1a: Iron Bundle|Protect\n|move|p2b: Roaring Moon|Jaw Lock|p1a: Iron Bundle\n|-activate|p1a: Iron Bundle|move: Protect\n|move|p2a: Amoonguss|Spore|p1b: Arcanine\n|-status|p1b: Arcanine|slp|[from] move: Spore\n|\n|-weather|Snow|[upkeep]\n|upkeep\n|turn|4\n|\n|t:|1682671256\n|-end|p1a: Iron Bundle|Quark Drive|[silent]\n|switch|p1a: Abomasnow|Abomasnow, L50, M|88\/100\n|switch|p1b: Kingambit|Kingambit, L50, M|100\/100\n|move|p2b: Roaring Moon|Jaw Lock|p1a: Abomasnow\n|-damage|p1a: Abomasnow|68\/100\n|-activate|p2b: Roaring Moon|trapped\n|-activate|p1a: Abomasnow|trapped\n|move|p2a: Amoonguss|Pollen Puff|p2b: Roaring Moon\n|-heal|p2b: Roaring Moon|100\/100\n|\n|-weather|Snow|[upkeep]\n|upkeep\n|turn|5\n|\n|t:|1682671293\n|move|p1b: Kingambit|Protect|p1b: Kingambit\n|-singleturn|p1b: Kingambit|Protect\n|move|p2b: Roaring Moon|Acrobatics|p1a: Abomasnow\n|-supereffective|p1a: Abomasnow\n|-damage|p1a: Abomasnow|30\/100\n|move|p2a: Amoonguss|Spore|p1a: Abomasnow\n|-immune|p1a: Abomasnow\n|move|p1a: Abomasnow|Blizzard|p2a: Amoonguss|[spread] p2a,p2b\n|-supereffective|p2a: Amoonguss\n|-resisted|p2b: Roaring Moon\n|-damage|p2a: Amoonguss|41\/100\n|-damage|p2b: Roaring Moon|82\/100\n|\n|-weather|none\n|-sideend|p2: SolarFish|move: Tailwind\n|upkeep\n|turn|6\n|\n|t:|1682671315\n|move|p1a: Abomasnow|Protect|p1a: Abomasnow\n|-singleturn|p1a: Abomasnow|Protect\n|move|p2a: Amoonguss|Protect|p2a: Amoonguss\n|-singleturn|p2a: Amoonguss|Protect\n|move|p2b: Roaring Moon|Tailwind|p2b: Roaring Moon\n|-sidestart|p2: SolarFish|move: Tailwind\n|move|p1b: Kingambit|Iron Head|p2a: Amoonguss\n|-activate|p2a: Amoonguss|move: Protect\n|\n|upkeep\n|turn|7\n|\n|t:|1682671334\n|move|p2b: Roaring Moon|Acrobatics|p1a: Abomasnow\n|-supereffective|p1a: Abomasnow\n|-damage|p1a: Abomasnow|0 fnt\n|faint|p1a: Abomasnow\n|move|p2a: Amoonguss|Spore|p1b: Kingambit\n|-status|p1b: Kingambit|slp|[from] move: Spore\n|-enditem|p1b: Kingambit|Lum Berry|[eat]\n|-curestatus|p1b: Kingambit|slp|[msg]\n|move|p1b: Kingambit|Iron Head|p2a: Amoonguss\n|-damage|p2a: Amoonguss|6\/100\n|\n|upkeep\n|\n|t:|1682671343\n|switch|p1a: Arcanine|Arcanine, L50, M|100\/100 slp\n|-ability|p1a: Arcanine|Intimidate|boost\n|-unboost|p2a: Amoonguss|atk|1\n|-unboost|p2b: Roaring Moon|atk|1\n|turn|8\n|\n|t:|1682671353\n|switch|p1a: Iron Bundle|Iron Bundle, L50, tera:Ice|4\/100\n|move|p2b: Roaring Moon|Acrobatics|p1a: Iron Bundle\n|-damage|p1a: Iron Bundle|0 fnt\n|faint|p1a: Iron Bundle\n|-end|p1a: Iron Bundle|Quark Drive|[silent]\n|move|p2a: Amoonguss|Spore|p1b: Kingambit\n|-status|p1b: Kingambit|slp|[from] move: Spore\n|cant|p1b: Kingambit|slp\n|\n|-sideend|p1: Sindreck|move: Aurora Veil\n|upkeep\n|\n|t:|1682671359\n|switch|p1a: Arcanine|Arcanine, L50, M|100\/100 slp\n|-ability|p1a: Arcanine|Intimidate|boost\n|-unboost|p2a: Amoonguss|atk|1\n|-unboost|p2b: Roaring Moon|atk|1\n|turn|9\n|\n|t:|1682671383\n|move|p2b: Roaring Moon|Acrobatics|p1a: Arcanine\n|-damage|p1a: Arcanine|78\/100 slp\n|cant|p1a: Arcanine|slp\n|move|p2a: Amoonguss|Pollen Puff|p2b: Roaring Moon\n|-heal|p2b: Roaring Moon|100\/100\n|cant|p1b: Kingambit|slp\n|\n|-sideend|p2: SolarFish|move: Tailwind\n|upkeep\n|turn|10\n|\n|t:|1682671400\n|cant|p1a: Arcanine|slp\n|-curestatus|p1b: Kingambit|slp|[msg]\n|move|p1b: Kingambit|Protect|p1b: Kingambit\n|-singleturn|p1b: Kingambit|Protect\n|move|p2b: Roaring Moon|Acrobatics|p1a: Arcanine\n|-damage|p1a: Arcanine|55\/100 slp\n|move|p2a: Amoonguss|Pollen Puff|p1a: Arcanine\n|-resisted|p1a: Arcanine\n|-damage|p1a: Arcanine|46\/100 slp\n|-enditem|p1a: Arcanine|Sitrus Berry|[eat]\n|-heal|p1a: Arcanine|71\/100 slp|[from] item: Sitrus Berry\n|\n|upkeep\n|turn|11\n|\n|t:|1682671415\n|-curestatus|p1a: Arcanine|slp|[msg]\n|move|p1a: Arcanine|Protect|p1a: Arcanine\n|-singleturn|p1a: Arcanine|Protect\n|move|p2b: Roaring Moon|Acrobatics|p1a: Arcanine\n|-activate|p1a: Arcanine|move: Protect\n|move|p1b: Kingambit|Iron Head|p2a: Amoonguss\n|-damage|p2a: Amoonguss|0 fnt\n|faint|p2a: Amoonguss\n|\n|upkeep\n|turn|12\n|-message|SolarFish forfeited.\n|\n|win|Sindreck\n|raw|Sindreck's rating: 1334 → 1350<\/strong> (+16 for winning)\n|raw|SolarFish's rating: 1258 → 1238<\/strong> (-20 for losing)\n|l|\u2606SolarFish\n","uploadtime":1682671439,"views":6,"p1id":"sindreck","p2id":"solarfish","formatid":"gen9vgc2023regulationc","rating":1238,"private":0,"password":""}