{"id":"gen9vgc2023regulationc-1857942491","p1":"McDubbieEnthusiast","p2":"KingA_3","format":"[Gen 9] VGC 2023 Regulation C","log":"|j|\u2606McDubbieEnthusiast\n|j|\u2606KingA_3\n|t:|1683250288\n|gametype|doubles\n|player|p1|McDubbieEnthusiast|waiter-gen4|1441\n|player|p2|KingA_3|266|1433\n|teamsize|p1|6\n|teamsize|p2|6\n|gen|9\n|tier|[Gen 9] VGC 2023 Regulation C\n|rated|\n|rule|Species Clause: Limit one of each Pok\u00e9mon\n|rule|Item Clause: Limit one of each item\n|clearpoke\n|poke|p1|Tyranitar, L50, F|\n|poke|p1|Garchomp, L50, M|\n|poke|p1|Scream Tail, L50|\n|poke|p1|Corviknight, L50, F|\n|poke|p1|Gholdengo, L50|\n|poke|p1|Dragonite, L50, M|\n|poke|p2|Annihilape, L50, F|\n|poke|p2|Maushold, L50|\n|poke|p2|Chien-Pao, L50|\n|poke|p2|Flutter Mane, L50|\n|poke|p2|Dragonite, L50, M|\n|poke|p2|Kingambit, L50, M|\n|teampreview|4\n|inactive|Battle timer is ON: inactive players will automatically lose when time's up. (requested by McDubbieEnthusiast)\n|\n|t:|1683250327\n|start\n|switch|p1a: Beholder|Scream Tail, L50, shiny|100\/100\n|switch|p1b: Brass|Dragonite, L50, M|100\/100\n|switch|p2a: Maushold|Maushold, L50, shiny|100\/100\n|switch|p2b: Annihilape|Annihilape, L50, F|100\/100\n|-enditem|p1a: Beholder|Booster Energy\n|-activate|p1a: Beholder|ability: Protosynthesis|[fromitem]\n|-start|p1a: Beholder|protosynthesisspe\n|turn|1\n|inactive|McDubbieEnthusiast has 30 seconds left.\n|inactive|McDubbieEnthusiast has 20 seconds left.\n|inactive|McDubbieEnthusiast has 15 seconds left.\n|inactive|McDubbieEnthusiast has 10 seconds left.\n|inactive|McDubbieEnthusiast has 5 seconds left.\n|\n|t:|1683250377\n|-terastallize|p1a: Beholder|Grass\n|-terastallize|p2b: Annihilape|Water\n|move|p1a: Beholder|Thunder Wave|p2b: Annihilape\n|-status|p2b: Annihilape|par\n|-enditem|p2b: Annihilape|Lum Berry|[eat]\n|-curestatus|p2b: Annihilape|par|[msg]\n|move|p2a: Maushold|Beat Up|p2b: Annihilape\n|-damage|p2b: Annihilape|98\/100\n|-damage|p2b: Annihilape|96\/100\n|-damage|p2b: Annihilape|94\/100\n|-damage|p2b: Annihilape|91\/100\n|-hitcount|p2b: Annihilape|4\n|move|p2b: Annihilape|Rage Fist|p1b: Brass\n|-damage|p1b: Brass|0 fnt\n|faint|p1b: Brass\n|\n|upkeep\n|\n|t:|1683250395\n|switch|p1b: Mimic|Gholdengo, L50|100\/100\n|turn|2\n|\n|t:|1683250406\n|move|p2a: Maushold|Follow Me|p2a: Maushold\n|-singleturn|p2a: Maushold|move: Follow Me\n|move|p1a: Beholder|Disable|p2a: Maushold\n|-start|p2a: Maushold|Disable|Follow Me\n|move|p1b: Mimic|Thunderbolt|p2a: Maushold\n|-damage|p2a: Maushold|68\/100\n|move|p2b: Annihilape|Rage Fist|p1b: Mimic\n|-supereffective|p1b: Mimic\n|-damage|p1b: Mimic|0 fnt\n|faint|p1b: Mimic\n|\n|upkeep\n|\n|t:|1683250409\n|switch|p1b: Tarrasque|Tyranitar, L50, F, shiny|100\/100\n|-weather|Sandstorm|[from] ability: Sand Stream|[of] p1b: Tarrasque\n|turn|3\n|\n|t:|1683250424\n|move|p2a: Maushold|Feint|p1b: Tarrasque\n|-resisted|p1b: Tarrasque\n|-damage|p1b: Tarrasque|97\/100\n|move|p1a: Beholder|Thunder Wave|p2b: Annihilape\n|-status|p2b: Annihilape|par\n|move|p1b: Tarrasque|Rock Slide|p2a: Maushold|[spread] p2a,p2b\n|-damage|p2a: Maushold|31\/100\n|-damage|p2b: Annihilape|63\/100 par\n|cant|p2b: Annihilape|flinch\n|\n|-weather|Sandstorm|[upkeep]\n|-damage|p1a: Beholder|95\/100|[from] Sandstorm\n|-damage|p2b: Annihilape|58\/100 par|[from] Sandstorm\n|upkeep\n|turn|4\n|inactive|McDubbieEnthusiast has 30 seconds left.\n|\n|t:|1683250458\n|move|p1b: Tarrasque|Protect|p1b: Tarrasque\n|-singleturn|p1b: Tarrasque|Protect\n|move|p1a: Beholder|Encore|p2b: Annihilape\n|-start|p2b: Annihilape|Encore\n|move|p2a: Maushold|Taunt|p1a: Beholder\n|-start|p1a: Beholder|move: Taunt\n|move|p2b: Annihilape|Rage Fist|p1a: Beholder\n|-damage|p1a: Beholder|0 fnt\n|faint|p1a: Beholder\n|-end|p1a: Beholder|Protosynthesis|[silent]\n|\n|-weather|Sandstorm|[upkeep]\n|-damage|p2b: Annihilape|52\/100 par|[from] Sandstorm\n|upkeep\n|turn|5\n|\n|t:|1683250479\n|move|p2a: Maushold|Beat Up|p1b: Tarrasque\n|-resisted|p1b: Tarrasque\n|-damage|p1b: Tarrasque|96\/100\n|-resisted|p1b: Tarrasque\n|-damage|p1b: Tarrasque|95\/100\n|-resisted|p1b: Tarrasque\n|-damage|p1b: Tarrasque|94\/100\n|-hitcount|p1b: Tarrasque|3\n|move|p1b: Tarrasque|Rock Slide|p2b: Annihilape|[spread] p2a,p2b\n|-damage|p2a: Maushold|0 fnt\n|-damage|p2b: Annihilape|25\/100 par\n|faint|p2a: Maushold\n|move|p2b: Annihilape|Rage Fist|p1b: Tarrasque\n|-resisted|p1b: Tarrasque\n|-crit|p1b: Tarrasque\n|-damage|p1b: Tarrasque|0 fnt\n|faint|p1b: Tarrasque\n|\n|win|KingA_3\n|raw|McDubbieEnthusiast's rating: 1441 → 1421<\/strong> (-20 for losing)\n|raw|KingA_3's rating: 1433 → 1453<\/strong> (+20 for winning)\n","uploadtime":1683250488,"views":15,"p1id":"mcdubbieenthusiast","p2id":"kinga3","formatid":"gen9vgc2023regulationc","rating":1421,"private":0,"password":""}