{"id":"gen9vgc2023regulationc-1862820484","p1":"torwildheart","p2":"Its me Lukas","format":"[Gen 9] VGC 2023 Regulation C","log":"|j|\u2606torwildheart\n|j|\u2606Its me Lukas\n|t:|1683925607\n|gametype|doubles\n|player|p1|torwildheart|teamrocket|1212\n|player|p2|Its me Lukas|hilbert|1165\n|teamsize|p1|6\n|teamsize|p2|6\n|gen|9\n|tier|[Gen 9] VGC 2023 Regulation C\n|rated|\n|rule|Species Clause: Limit one of each Pok\u00e9mon\n|rule|Item Clause: Limit one of each item\n|clearpoke\n|poke|p1|Kingambit, L50, F|\n|poke|p1|Flutter Mane, L50|\n|poke|p1|Arcanine, L50, M|\n|poke|p1|Rotom-Wash, L50|\n|poke|p1|Ting-Lu, L50|\n|poke|p1|Scream Tail, L50|\n|poke|p2|Torkoal, L50, M|\n|poke|p2|Jumpluff, L50, F|\n|poke|p2|Great Tusk, L50|\n|poke|p2|Gyarados, L50, M|\n|poke|p2|Ting-Lu, L50|\n|poke|p2|Flutter Mane, L50|\n|teampreview|4\ntorwildheart has agreed to open team sheets.\nIts me Lukas has agreed to open team sheets.\n|inactive|Battle timer is ON: inactive players will automatically lose when time's up. (requested by torwildheart)\n|\n|t:|1683925664\n|start\n|switch|p1a: Bork Bork|Arcanine, L50, M|100\/100\n|switch|p1b: Laundry Day|Rotom-Wash, L50|100\/100\n|switch|p2a: Torkoal|Torkoal, L50, M|100\/100\n|switch|p2b: Jumpluff|Jumpluff, L50, F|100\/100\n|-ability|p1a: Bork Bork|Intimidate|boost\n|-unboost|p2a: Torkoal|atk|1\n|-unboost|p2b: Jumpluff|atk|1\n|-weather|SunnyDay|[from] ability: Drought|[of] p2a: Torkoal\n|turn|1\n|inactive|torwildheart has 30 seconds left.\n|\n|t:|1683925691\n|move|p1a: Bork Bork|Extreme Speed|p2b: Jumpluff\n|-damage|p2b: Jumpluff|70\/100\n|move|p2b: Jumpluff|Sleep Powder|p1b: Laundry Day\n|-status|p1b: Laundry Day|slp|[from] move: Sleep Powder\n|cant|p1b: Laundry Day|slp\n|move|p2a: Torkoal|Earth Power|p1a: Bork Bork\n|-supereffective|p1a: Bork Bork\n|-damage|p1a: Bork Bork|44\/100\n|\n|-weather|SunnyDay|[upkeep]\n|upkeep\n|turn|2\n|inactive|Its me Lukas has 30 seconds left.\n|c|\u2606Its me Lukas|unsure why eject pack didnt trigger\n|\n|t:|1683925721\n|move|p2b: Jumpluff|Leaf Storm|p1b: Laundry Day\n|-supereffective|p1b: Laundry Day\n|-damage|p1b: Laundry Day|16\/100 slp\n|-unboost|p2b: Jumpluff|spa|2\n|-enditem|p1b: Laundry Day|Sitrus Berry|[eat]\n|-heal|p1b: Laundry Day|41\/100 slp|[from] item: Sitrus Berry\n|move|p1a: Bork Bork|Flare Blitz|p2b: Jumpluff\n|-supereffective|p2b: Jumpluff\n|-damage|p2b: Jumpluff|0 fnt\n|faint|p2b: Jumpluff\n|-damage|p1a: Bork Bork|27\/100|[from] Recoil\n|cant|p1b: Laundry Day|slp\n|move|p2a: Torkoal|Earth Power|p1a: Bork Bork\n|-supereffective|p1a: Bork Bork\n|-damage|p1a: Bork Bork|0 fnt\n|faint|p1a: Bork Bork\n|\n|-weather|SunnyDay|[upkeep]\n|upkeep\n|c|\u2606torwildheart|i hit jumpluff\n|c|\u2606torwildheart|not torkoal\n|\n|t:|1683925742\n|switch|p2b: Great Tusk|Great Tusk, L50|100\/100\n|switch|p1a: Banned|Flutter Mane, L50|100\/100\n|-activate|p2b: Great Tusk|ability: Protosynthesis\n|-start|p2b: Great Tusk|protosynthesisatk\n|-activate|p1a: Banned|ability: Protosynthesis\n|-start|p1a: Banned|protosynthesisspe\n|turn|3\n|inactive|Its me Lukas has 30 seconds left.\n|\n|t:|1683925768\n|-terastallize|p2b: Great Tusk|Steel\n|move|p1a: Banned|Moonblast|p2b: Great Tusk\n|-resisted|p2b: Great Tusk\n|-damage|p2b: Great Tusk|46\/100\n|move|p2b: Great Tusk|Close Combat|p1b: Laundry Day\n|-damage|p1b: Laundry Day|0 fnt\n|-unboost|p2b: Great Tusk|def|1\n|-unboost|p2b: Great Tusk|spd|1\n|faint|p1b: Laundry Day\n|move|p2a: Torkoal|Overheat|p1a: Banned\n|-damage|p1a: Banned|10\/100\n|-unboost|p2a: Torkoal|spa|2\n|\n|-weather|SunnyDay|[upkeep]\n|upkeep\n|\n|t:|1683925775\n|switch|p1b: Drink Me|Ting-Lu, L50|100\/100\n|-ability|p1b: Drink Me|Vessel of Ruin\n|turn|4\n|inactive|Its me Lukas has 30 seconds left.\n|\n|t:|1683925808\n|-end|p2b: Great Tusk|Protosynthesis|[silent]\n|switch|p2b: Ting-Lu|Ting-Lu, L50|100\/100\n|-ability|p2b: Ting-Lu|Vessel of Ruin\n|move|p1a: Banned|Moonblast|p2b: Ting-Lu\n|-supereffective|p2b: Ting-Lu\n|-damage|p2b: Ting-Lu|22\/100\n|move|p1b: Drink Me|Stomping Tantrum|p2a: Torkoal\n|-supereffective|p2a: Torkoal\n|-damage|p2a: Torkoal|45\/100\n|-enditem|p2a: Torkoal|Eject Button\n|\n|t:|1683925817\n|switch|p2a: Great Tusk|Great Tusk, L50, tera:Steel|46\/100\n|-activate|p2a: Great Tusk|ability: Protosynthesis\n|-start|p2a: Great Tusk|protosynthesisatk\n|\n|-weather|SunnyDay|[upkeep]\n|upkeep\n|turn|5\n|\n|t:|1683925836\n|-terastallize|p1b: Drink Me|Poison\n|move|p1a: Banned|Moonblast|p2b: Ting-Lu\n|-supereffective|p2b: Ting-Lu\n|-damage|p2b: Ting-Lu|0 fnt\n|faint|p2b: Ting-Lu\n|move|p2a: Great Tusk|Close Combat|p1b: Drink Me\n|-resisted|p1b: Drink Me\n|-damage|p1b: Drink Me|77\/100\n|-unboost|p2a: Great Tusk|def|1\n|-unboost|p2a: Great Tusk|spd|1\n|move|p1b: Drink Me|Stomping Tantrum|p2a: Great Tusk\n|-supereffective|p2a: Great Tusk\n|-damage|p2a: Great Tusk|0 fnt\n|faint|p2a: Great Tusk\n|-end|p2a: Great Tusk|Protosynthesis|[silent]\n|\n|-weather|none\n|-end|p1a: Banned|Protosynthesis\n|upkeep\n|\n|t:|1683925841\n|switch|p2b: Torkoal|Torkoal, L50, M|45\/100\n|-weather|SunnyDay|[from] ability: Drought|[of] p2b: Torkoal\n|-activate|p1a: Banned|ability: Protosynthesis\n|-start|p1a: Banned|protosynthesisspe\n|turn|6\n|-message|Its me Lukas forfeited.\n|\n|win|torwildheart\n|raw|torwildheart's rating: 1212 → 1234<\/strong> (+22 for winning)\n|raw|Its me Lukas's rating: 1165 → 1143<\/strong> (-22 for losing)\n|l|\u2606Its me Lukas\n","uploadtime":1683925847,"views":10,"p1id":"torwildheart","p2id":"itsmelukas","formatid":"gen9vgc2023regulationc","rating":1143,"private":0,"password":""}