{"id":"gen9vgc2023regulationc-1862556303","p1":"Draven_07","p2":"eljulius","format":"[Gen 9] VGC 2023 Regulation C","log":"|j|\u2606Draven_07\n|j|\u2606eljulius\n|t:|1683900455\n|gametype|doubles\n|player|p1|Draven_07|morty|\n|player|p2|eljulius|2|\n|teamsize|p1|6\n|teamsize|p2|6\n|gen|9\n|tier|[Gen 9] VGC 2023 Regulation C\n|rule|Species Clause: Limit one of each Pok\u00e9mon\n|rule|Item Clause: Limit one of each item\n|clearpoke\n|poke|p1|Flutter Mane, L50|\n|poke|p1|Ting-Lu, L50|\n|poke|p1|Scizor, L50, F|\n|poke|p1|Tyranitar, L50, M|\n|poke|p1|Houndstone, L50, F|\n|poke|p1|Staraptor, L50, M|\n|poke|p2|Arcanine, L50, F|\n|poke|p2|Chi-Yu, L50|\n|poke|p2|Gengar, L50, F|\n|poke|p2|Armarouge, L50, M|\n|poke|p2|Breloom, L50, M|\n|poke|p2|Azumarill, L50, M|\n|teampreview|4\n|\n|t:|1683900503\n|start\n|switch|p1a: Staraptor|Staraptor, L50, M|100\/100\n|switch|p1b: Ting-Lu|Ting-Lu, L50|100\/100\n|switch|p2a: Breloom|Breloom, L50, M|100\/100\n|switch|p2b: Arcanine|Arcanine, L50, F|100\/100\n|-ability|p1a: Staraptor|Intimidate|boost\n|-unboost|p2a: Breloom|atk|1\n|-unboost|p2b: Arcanine|atk|1\n|-ability|p2b: Arcanine|Intimidate|boost\n|-unboost|p1a: Staraptor|atk|1\n|-unboost|p1b: Ting-Lu|atk|1\n|-ability|p1b: Ting-Lu|Vessel of Ruin\n|turn|1\n|\n|t:|1683900546\n|switch|p2a: Azumarill|Azumarill, L50, M|100\/100\n|move|p1a: Staraptor|Brave Bird|p2a: Azumarill\n|-damage|p2a: Azumarill|60\/100\n|-damage|p1a: Staraptor|83\/100|[from] Recoil\n|move|p2b: Arcanine|Will-O-Wisp|p1a: Staraptor\n|-status|p1a: Staraptor|brn\n|move|p1b: Ting-Lu|Fissure|p2b: Arcanine|[miss]\n|-miss|p1b: Ting-Lu|p2b: Arcanine\n|\n|-damage|p1a: Staraptor|77\/100 brn|[from] brn\n|upkeep\n|turn|2\n|\n|t:|1683900569\n|move|p1a: Staraptor|Tailwind|p1a: Staraptor\n|-sidestart|p1: Draven_07|move: Tailwind\n|move|p2b: Arcanine|Flare Blitz|p1a: Staraptor\n|-damage|p1a: Staraptor|20\/100 brn\n|-damage|p2b: Arcanine|82\/100|[from] Recoil\n|move|p1b: Ting-Lu|Heavy Slam|p2a: Azumarill\n|-damage|p2a: Azumarill|38\/100\n|move|p2a: Azumarill|Aqua Tail|p1b: Ting-Lu\n|-supereffective|p1b: Ting-Lu\n|-damage|p1b: Ting-Lu|20\/100\n|-damage|p2a: Azumarill|29\/100|[from] item: Life Orb\n|\n|-damage|p1a: Staraptor|14\/100 brn|[from] brn\n|upkeep\n|turn|3\n|\n|t:|1683900606\n|move|p2b: Arcanine|Extreme Speed|p1a: Staraptor\n|-damage|p1a: Staraptor|0 fnt\n|faint|p1a: Staraptor\n|move|p1b: Ting-Lu|Stomping Tantrum|p2b: Arcanine\n|-supereffective|p2b: Arcanine\n|-damage|p2b: Arcanine|34\/100\n|-enditem|p2b: Arcanine|Sitrus Berry|[eat]\n|-heal|p2b: Arcanine|59\/100|[from] item: Sitrus Berry\n|move|p2a: Azumarill|Aqua Tail|p1b: Ting-Lu\n|-supereffective|p1b: Ting-Lu\n|-damage|p1b: Ting-Lu|0 fnt\n|faint|p1b: Ting-Lu\n|-damage|p2a: Azumarill|19\/100|[from] item: Life Orb\n|\n|upkeep\n|\n|t:|1683900621\n|switch|p1a: Flutter Mane|Flutter Mane, L50|100\/100\n|switch|p1b: Scizor|Scizor, L50, F|100\/100\n|turn|4\n|\n|t:|1683900635\n|move|p1b: Scizor|Bullet Punch|p2a: Azumarill\n|-damage|p2a: Azumarill|0 fnt\n|faint|p2a: Azumarill\n|-damage|p1b: Scizor|91\/100|[from] item: Life Orb\n|move|p1a: Flutter Mane|Power Gem|p2b: Arcanine\n|-supereffective|p2b: Arcanine\n|-damage|p2b: Arcanine|0 fnt\n|faint|p2b: Arcanine\n|\n|upkeep\n|\n|t:|1683900639\n|switch|p2b: Gengar|Gengar, L50, F|100\/100\n|switch|p2a: Breloom|Breloom, L50, M|100\/100\n|turn|5\n|\n|t:|1683900670\n|-terastallize|p1a: Flutter Mane|Steel\n|move|p1a: Flutter Mane|Power Gem|p2a: Breloom\n|-resisted|p2a: Breloom\n|-damage|p2a: Breloom|60\/100\n|move|p1b: Scizor|U-turn|p2a: Breloom\n|-damage|p2a: Breloom|0 fnt\n|faint|p2a: Breloom\n|-damage|p1b: Scizor|82\/100|[from] item: Life Orb\n|move|p2b: Gengar|Shadow Ball|p1a: Flutter Mane\n|-damage|p1a: Flutter Mane|52\/100\n|-unboost|p1a: Flutter Mane|spd|1\n|\n|-sideend|p1: Draven_07|move: Tailwind\n|upkeep\n|turn|6\n|\n|t:|1683900687\n|-terastallize|p2b: Gengar|Ghost\n|move|p1b: Scizor|Bullet Punch|p2b: Gengar\n|-damage|p2b: Gengar|13\/100\n|-damage|p1b: Scizor|72\/100|[from] item: Life Orb\n|move|p1a: Flutter Mane|Power Gem|p2b: Gengar\n|-damage|p2b: Gengar|0 fnt\n|faint|p2b: Gengar\n|\n|win|Draven_07\n","uploadtime":1683901060,"views":14,"p1id":"draven07","p2id":"eljulius","formatid":"gen9vgc2023regulationc","rating":0,"private":0,"password":""}