{"id":"gen9vgc2023regulationc-1845909478","p1":"NickNoName","p2":"They34","format":"[Gen 9] VGC 2023 Regulation C","log":"|j|\u2606NickNoName\n|j|\u2606They34\n|t:|1681778137\n|gametype|doubles\n|player|p1|NickNoName|101|1328\n|player|p2|They34|102|1322\n|teamsize|p1|6\n|teamsize|p2|6\n|gen|9\n|tier|[Gen 9] VGC 2023 Regulation C\n|rated|\n|rule|Species Clause: Limit one of each Pok\u00e9mon\n|rule|Item Clause: Limit one of each item\n|clearpoke\n|poke|p1|Dondozo, L50, M|\n|poke|p1|Tatsugiri-Stretchy, L50, F|\n|poke|p1|Pelipper, L50, M|\n|poke|p1|Drednaw, L50, F|\n|poke|p1|Flutter Mane, L50|\n|poke|p1|Iron Hands, L50|\n|poke|p2|Great Tusk, L50|\n|poke|p2|Talonflame, L50, F|\n|poke|p2|Dragapult, L50, M|\n|poke|p2|Chien-Pao, L50|\n|poke|p2|Kingambit, L50, M|\n|poke|p2|Gyarados, L50, F|\n|teampreview|4\nThey34 has agreed to open team sheets.\n|inactive|Battle timer is ON: inactive players will automatically lose when time's up. (requested by They34)\n|inactive|They34 has 60 seconds left.\n|\n|t:|1681778186\n|start\n|switch|p1a: Pelipper|Pelipper, L50, M|100\/100\n|switch|p1b: Drednaw|Drednaw, L50, F|100\/100\n|switch|p2a: Talonflame|Talonflame, L50, F, shiny|100\/100\n|switch|p2b: Great Tusk|Great Tusk, L50, shiny|100\/100\n|-weather|RainDance|[from] ability: Drizzle|[of] p1a: Pelipper\n|turn|1\n|\n|t:|1681778210\n|-terastallize|p1b: Drednaw|Grass\n|move|p2a: Talonflame|Tailwind|p2a: Talonflame\n|-sidestart|p2: They34|move: Tailwind\n|move|p2b: Great Tusk|Rock Slide|p1a: Pelipper|[spread] p1a,p1b\n|-supereffective|p1a: Pelipper\n|-damage|p1a: Pelipper|56\/100\n|-damage|p1b: Drednaw|78\/100\n|move|p1b: Drednaw|Rock Slide|p2a: Talonflame|[spread] p2a,p2b\n|-supereffective|p2a: Talonflame\n|-resisted|p2b: Great Tusk\n|-damage|p2a: Talonflame|0 fnt\n|-damage|p2b: Great Tusk|92\/100\n|faint|p2a: Talonflame\n|move|p1a: Pelipper|Hydro Pump|p2b: Great Tusk\n|-supereffective|p2b: Great Tusk\n|-damage|p2b: Great Tusk|0 fnt\n|faint|p2b: Great Tusk\n|-end|p2b: Great Tusk|Protosynthesis|[silent]\n|\n|-weather|RainDance|[upkeep]\n|upkeep\n|\n|t:|1681778221\n|switch|p2a: Kingambit|Kingambit, L50, M, shiny|100\/100\n|switch|p2b: Chien-Pao|Chien-Pao, L50|100\/100\n|-ability|p2b: Chien-Pao|Sword of Ruin\n|turn|2\n|\n|t:|1681778241\n|-terastallize|p2a: Kingambit|Flying\n|move|p2b: Chien-Pao|Ice Spinner|p1b: Drednaw\n|-supereffective|p1b: Drednaw\n|-damage|p1b: Drednaw|0 fnt\n|faint|p1b: Drednaw\n|move|p2a: Kingambit|Tera Blast|p1a: Pelipper\n|-damage|p1a: Pelipper|0 fnt\n|faint|p1a: Pelipper\n|\n|-weather|RainDance|[upkeep]\n|upkeep\n|\n|t:|1681778246\n|switch|p1b: Tatsugiri|Tatsugiri-Stretchy, L50, F|100\/100\n|switch|p1a: Dondozo|Dondozo, L50, M, shiny|100\/100\n|-activate|p1b: Tatsugiri|ability: Commander|[of] p1a: Dondozo\n|-boost|p1a: Dondozo|atk|2\n|-boost|p1a: Dondozo|spa|2\n|-boost|p1a: Dondozo|spe|2\n|-boost|p1a: Dondozo|def|2\n|-boost|p1a: Dondozo|spd|2\n|turn|3\n|\n|t:|1681778268\n|move|p2b: Chien-Pao|Haze|p2b: Chien-Pao\n|-clearallboost\n|move|p2a: Kingambit|Tera Blast|p1a: Dondozo\n|-damage|p1a: Dondozo|52\/100\n|move|p1a: Dondozo|Surf|p2b: Chien-Pao|[spread] p2a,p2b\n|-miss|p1a: Dondozo|p1b: Tatsugiri\n|-damage|p2a: Kingambit|72\/100\n|-damage|p2b: Chien-Pao|32\/100\n|-damage|p1a: Dondozo|42\/100|[from] item: Life Orb\n|\n|-weather|RainDance|[upkeep]\n|upkeep\n|turn|4\n|\n|t:|1681778284\n|move|p1a: Dondozo|Protect|p1a: Dondozo\n|-singleturn|p1a: Dondozo|Protect\n|move|p2b: Chien-Pao|Ice Spinner|p1a: Dondozo\n|-activate|p1a: Dondozo|move: Protect\n|move|p2a: Kingambit|Assurance|p1a: Dondozo\n|-activate|p1a: Dondozo|move: Protect\n|\n|-weather|RainDance|[upkeep]\n|-sideend|p2: They34|move: Tailwind\n|upkeep\n|turn|5\n|\n|t:|1681778292\n|move|p2b: Chien-Pao|Ice Spinner|p1a: Dondozo\n|-resisted|p1a: Dondozo\n|-crit|p1a: Dondozo\n|-damage|p1a: Dondozo|14\/100\n|move|p1a: Dondozo|Surf|p2a: Kingambit|[spread] p2a,p2b\n|-miss|p1a: Dondozo|p1b: Tatsugiri\n|-damage|p2a: Kingambit|42\/100\n|-damage|p2b: Chien-Pao|0 fnt\n|faint|p2b: Chien-Pao\n|-damage|p1a: Dondozo|4\/100|[from] item: Life Orb\n|move|p2a: Kingambit|Assurance|p1a: Dondozo\n|-damage|p1a: Dondozo|0 fnt\n|faint|p1a: Dondozo\n|\n|-weather|RainDance|[upkeep]\n|upkeep\n|turn|6\n|\n|t:|1681778311\n|move|p2a: Kingambit|Sucker Punch|p1b: Tatsugiri\n|-damage|p1b: Tatsugiri|27\/100\n|move|p1b: Tatsugiri|Draco Meteor|p2a: Kingambit\n|-damage|p2a: Kingambit|2\/100\n|-unboost|p1b: Tatsugiri|spa|2\n|\n|-weather|RainDance|[upkeep]\n|upkeep\n|turn|7\n|\n|t:|1681778318\n|move|p2a: Kingambit|Sucker Punch|p1b: Tatsugiri\n|-damage|p1b: Tatsugiri|0 fnt\n|faint|p1b: Tatsugiri\n|\n|win|They34\n|raw|NickNoName's rating: 1328 → 1308<\/strong> (-20 for losing)\n|raw|They34's rating: 1322 → 1342<\/strong> (+20 for winning)\n|c|\u2606They34|Gg\n|c|\u2606NickNoName|Gg\n|l|\u2606NickNoName\n","uploadtime":1681778329,"views":6,"p1id":"nicknoname","p2id":"they34","formatid":"gen9vgc2023regulationc","rating":1308,"private":0,"password":""}