{"id":"gen9vgc2023regulationc-1856278611","p1":"VgcGanon","p2":"Empiricist_14e","format":"[Gen 9] VGC 2023 Regulation C","log":"|j|\u2606VgcGanon\n|j|\u2606Empiricist_14e\n|t:|1683047022\n|gametype|doubles\n|player|p1|VgcGanon|1|1055\n|player|p2|Empiricist_14e|pryce|1000\n|teamsize|p1|6\n|teamsize|p2|6\n|gen|9\n|tier|[Gen 9] VGC 2023 Regulation C\n|rated|\n|rule|Species Clause: Limit one of each Pok\u00e9mon\n|rule|Item Clause: Limit one of each item\n|clearpoke\n|poke|p1|Arcanine, L50, M|\n|poke|p1|Flutter Mane, L50|\n|poke|p1|Chien-Pao, L50|\n|poke|p1|Kilowattrel, L50, M|\n|poke|p1|Ting-Lu, L50|\n|poke|p1|Scream Tail, L50|\n|poke|p2|Froslass, L50, F|\n|poke|p2|Abomasnow, L50, M|\n|poke|p2|Palafin, L50, M|\n|poke|p2|Baxcalibur, L50, M|\n|poke|p2|Avalugg, L50, M|\n|poke|p2|Iron Bundle, L50|\n|teampreview|4\nEmpiricist_14e has agreed to open team sheets.\n|\n|t:|1683047054\n|start\n|switch|p1a: Kilowattrel|Kilowattrel, L50, M, shiny|100\/100\n|switch|p1b: Scream Tail|Scream Tail, L50|100\/100\n|switch|p2a: Delibirdon't|Iron Bundle, L50|100\/100\n|switch|p2b: I AM TERA ICE|Palafin, L50, M|100\/100\n|-enditem|p2a: Delibirdon't|Booster Energy\n|-activate|p2a: Delibirdon't|ability: Quark Drive|[fromitem]\n|-start|p2a: Delibirdon't|quarkdrivespa\n|turn|1\n|\n|t:|1683047128\n|detailschange|p2b: I AM TERA ICE|Palafin-Hero, L50, M\n|switch|p2b: THE OG|Abomasnow, L50, M, shiny|100\/100\n|-weather|Snow|[from] ability: Snow Warning|[of] p2b: THE OG\n|move|p1a: Kilowattrel|Electro Ball|p2b: THE OG\n|-resisted|p2b: THE OG\n|-damage|p2b: THE OG|70\/100\n|move|p1b: Scream Tail|Thunder Wave|p2a: Delibirdon't\n|-status|p2a: Delibirdon't|par\n|cant|p2a: Delibirdon't|par\n|\n|-weather|Snow|[upkeep]\n|upkeep\n|turn|2\n|\n|t:|1683047155\n|switch|p1a: Flutter Mane|Flutter Mane, L50|100\/100\n|move|p1b: Scream Tail|Thunder Wave|p2b: THE OG\n|-status|p2b: THE OG|par\n|cant|p2a: Delibirdon't|par\n|move|p2b: THE OG|Blizzard|p1a: Flutter Mane|[spread] p1a,p1b\n|-damage|p1a: Flutter Mane|64\/100\n|-damage|p1b: Scream Tail|75\/100\n|-status|p1b: Scream Tail|frz\n|\n|-weather|Snow|[upkeep]\n|-heal|p1b: Scream Tail|81\/100 frz|[from] item: Leftovers\n|upkeep\n|turn|3\n|\n|t:|1683047188\n|-end|p1b: Scream Tail|Protosynthesis|[silent]\n|switch|p1b: Kilowattrel|Kilowattrel, L50, M, shiny|100\/100\n|move|p1a: Flutter Mane|Hex|p2a: Delibirdon't\n|-damage|p2a: Delibirdon't|1\/100 par\n|cant|p2a: Delibirdon't|par\n|move|p2b: THE OG|Blizzard|p1a: Flutter Mane|[spread] p1a,p1b\n|-supereffective|p1b: Kilowattrel\n|-damage|p1a: Flutter Mane|26\/100\n|-damage|p1b: Kilowattrel|0 fnt\n|faint|p1b: Kilowattrel\n|\n|-weather|Snow|[upkeep]\n|upkeep\n|\n|t:|1683047217\n|switch|p1b: Arcanine|Arcanine, L50, M, shiny|100\/100\n|-ability|p1b: Arcanine|Intimidate|boost\n|-unboost|p2a: Delibirdon't|atk|1\n|-unboost|p2b: THE OG|atk|1\n|turn|4\n|\n|t:|1683047227\n|switch|p2b: I AM TERA ICE|Palafin-Hero, L50, M|100\/100\n|-activate|p2b: I AM TERA ICE|ability: Zero to Hero\n|move|p1a: Flutter Mane|Hex|p2a: Delibirdon't\n|-damage|p2a: Delibirdon't|0 fnt\n|faint|p2a: Delibirdon't\n|-end|p2a: Delibirdon't|Quark Drive|[silent]\n|move|p1b: Arcanine|Heat Wave|p2b: I AM TERA ICE\n|-resisted|p2b: I AM TERA ICE\n|-crit|p2b: I AM TERA ICE\n|-damage|p2b: I AM TERA ICE|71\/100\n|-status|p2b: I AM TERA ICE|brn\n|\n|-weather|Snow|[upkeep]\n|-damage|p2b: I AM TERA ICE|66\/100 brn|[from] brn\n|upkeep\n|\n|t:|1683047251\n|switch|p2a: Excalibur|Baxcalibur, L50, M|100\/100\n|turn|5\n|\n|t:|1683047272\n|-terastallize|p2a: Excalibur|Poison\n|move|p1b: Arcanine|Protect|p1b: Arcanine\n|-singleturn|p1b: Arcanine|Protect\n|move|p1a: Flutter Mane|Draining Kiss|p2a: Excalibur\n|-resisted|p2a: Excalibur\n|-damage|p2a: Excalibur|90\/100\n|-heal|p1a: Flutter Mane|38\/100|[from] drain|[of] p2a: Excalibur\n|move|p2b: I AM TERA ICE|Liquidation|p1b: Arcanine\n|-activate|p1b: Arcanine|move: Protect\n|move|p2a: Excalibur|Iron Head|p1a: Flutter Mane\n|-supereffective|p1a: Flutter Mane\n|-damage|p1a: Flutter Mane|0 fnt\n|faint|p1a: Flutter Mane\n|-end|p1a: Flutter Mane|Protosynthesis|[silent]\n|\n|-weather|Snow|[upkeep]\n|-damage|p2b: I AM TERA ICE|60\/100 brn|[from] brn\n|upkeep\n|-message|VgcGanon forfeited.\n|\n|win|Empiricist_14e\n|raw|VgcGanon's rating: 1034 → 1017<\/strong> (-17 for losing)\n|raw|Empiricist_14e's rating: 1000 → 1044<\/strong> (+44 for winning)\n|l|\u2606VgcGanon\n","uploadtime":1683047295,"views":12,"p1id":"vgcganon","p2id":"empiricist14e","formatid":"gen9vgc2023regulationc","rating":1017,"private":0,"password":""}