{"id":"gen9vgc2023regulationc-1863995522","p1":"wackomarko","p2":"Yute","format":"[Gen 9] VGC 2023 Regulation C","log":"|j|\u2606wackomarko\n|j|\u2606Yute\n|t:|1684102799\n|gametype|doubles\n|player|p1|wackomarko|hiker-gen4|1047\n|player|p2|Yute|brock|1126\n|teamsize|p1|6\n|teamsize|p2|6\n|gen|9\n|tier|[Gen 9] VGC 2023 Regulation C\n|rated|\n|rule|Species Clause: Limit one of each Pok\u00e9mon\n|rule|Item Clause: Limit one of each item\n|clearpoke\n|poke|p1|Talonflame, L50, F|\n|poke|p1|Amoonguss, L50, F|\n|poke|p1|Flutter Mane, L50|\n|poke|p1|Chien-Pao, L50|\n|poke|p1|Gyarados, L50, M|\n|poke|p1|Dragapult, L50, M|\n|poke|p2|Pincurchin, L50, M|\n|poke|p2|Iron Bundle, L50|\n|poke|p2|Iron Moth, L50|\n|poke|p2|Iron Hands, L50|\n|poke|p2|Chien-Pao, L50|\n|poke|p2|Farigiraf, L50, F|\n|teampreview|4\n|\n|t:|1684102854\n|start\n|switch|p1a: Talonflame|Talonflame, L50, F, shiny|100\/100\n|switch|p1b: Chien-Pao|Chien-Pao, L50|100\/100\n|switch|p2a: Iron Moth|Iron Moth, L50|100\/100\n|switch|p2b: Iron Bundle|Iron Bundle, L50|100\/100\n|-ability|p1b: Chien-Pao|Sword of Ruin\n|turn|1\n|\n|t:|1684102898\n|-end|p2b: Iron Bundle|Quark Drive|[silent]\n|switch|p2b: Pincurchin|Pincurchin, L50, M|100\/100\n|-fieldstart|move: Electric Terrain|[from] ability: Electric Surge|[of] p2b: Pincurchin\n|-activate|p2a: Iron Moth|ability: Quark Drive\n|-start|p2a: Iron Moth|quarkdrivespa\n|move|p1b: Chien-Pao|Protect|p1b: Chien-Pao\n|-singleturn|p1b: Chien-Pao|Protect\n|move|p1a: Talonflame|Tailwind|p1a: Talonflame\n|-sidestart|p1: wackomarko|move: Tailwind\n|move|p2a: Iron Moth|Heat Wave|p1a: Talonflame|[spread] p1a\n|-activate|p1b: Chien-Pao|move: Protect\n|-resisted|p1a: Talonflame\n|-damage|p1a: Talonflame|48\/100\n|\n|upkeep\n|turn|2\n|\n|t:|1684102933\n|-end|p2a: Iron Moth|Quark Drive|[silent]\n|switch|p2a: Iron Hands|Iron Hands, L50|100\/100\n|-activate|p2a: Iron Hands|ability: Quark Drive\n|-start|p2a: Iron Hands|quarkdriveatk\n|move|p1b: Chien-Pao|Sucker Punch||[still]\n|-fail|p1b: Chien-Pao\n|move|p1a: Talonflame|Brave Bird|p2b: Pincurchin\n|-resisted|p2b: Pincurchin\n|-damage|p2b: Pincurchin|80\/100\n|-damage|p1a: Talonflame|42\/100|[from] Recoil\n|move|p2b: Pincurchin|Thunderbolt|p1b: Chien-Pao\n|-damage|p1b: Chien-Pao|38\/100\n|\n|-heal|p2b: Pincurchin|86\/100|[from] item: Leftovers\n|upkeep\n|turn|3\n|\n|t:|1684102960\n|move|p1b: Chien-Pao|Sucker Punch|p2b: Pincurchin\n|-damage|p2b: Pincurchin|48\/100\n|move|p1a: Talonflame|Brave Bird|p2a: Iron Hands\n|-damage|p2a: Iron Hands|66\/100\n|-damage|p1a: Talonflame|24\/100|[from] Recoil\n|move|p2a: Iron Hands|Wild Charge|p1a: Talonflame\n|-supereffective|p1a: Talonflame\n|-damage|p1a: Talonflame|0 fnt\n|faint|p1a: Talonflame\n|-damage|p2a: Iron Hands|62\/100|[from] Recoil\n|move|p2b: Pincurchin|Thunderbolt|p1b: Chien-Pao\n|-damage|p1b: Chien-Pao|0 fnt\n|faint|p1b: Chien-Pao\n|\n|-heal|p2b: Pincurchin|53\/100|[from] item: Leftovers\n|upkeep\n|\n|t:|1684102980\n|switch|p1b: Gyarados|Gyarados, L50, M, shiny|100\/100\n|switch|p1a: Flutter Mane|Flutter Mane, L50, shiny|100\/100\n|-ability|p1b: Gyarados|Intimidate|boost\n|-unboost|p2a: Iron Hands|atk|1\n|-unboost|p2b: Pincurchin|atk|1\n|turn|4\n|\n|t:|1684103009\n|-terastallize|p1a: Flutter Mane|Steel\n|move|p1b: Gyarados|Protect|p1b: Gyarados\n|-singleturn|p1b: Gyarados|Protect\n|move|p1a: Flutter Mane|Dazzling Gleam|p2a: Iron Hands|[spread] p2a,p2b\n|-supereffective|p2a: Iron Hands\n|-damage|p2a: Iron Hands|16\/100\n|-damage|p2b: Pincurchin|0 fnt\n|faint|p2b: Pincurchin\n|-damage|p1a: Flutter Mane|91\/100|[from] item: Life Orb\n|move|p2a: Iron Hands|Wild Charge|p1b: Gyarados\n|-activate|p1b: Gyarados|move: Protect\n|\n|-sideend|p1: wackomarko|move: Tailwind\n|upkeep\n|\n|t:|1684103024\n|switch|p2b: Iron Bundle|Iron Bundle, L50|100\/100\n|-activate|p2b: Iron Bundle|ability: Quark Drive\n|-start|p2b: Iron Bundle|quarkdrivespe\n|turn|5\n|l|\u2606wackomarko\n|player|p1|\n|j|\u2606wackomarko\n|player|p1|wackomarko|hiker-gen4\n|\n|t:|1684103062\n|-end|p2a: Iron Hands|Quark Drive|[silent]\n|switch|p2a: Iron Moth|Iron Moth, L50|100\/100\n|-activate|p2a: Iron Moth|ability: Quark Drive\n|-start|p2a: Iron Moth|quarkdrivespa\n|move|p2b: Iron Bundle|Encore|p1b: Gyarados\n|-start|p1b: Gyarados|Encore\n|move|p1a: Flutter Mane|Thunderbolt|p2b: Iron Bundle\n|-supereffective|p2b: Iron Bundle\n|-damage|p2b: Iron Bundle|0 fnt\n|faint|p2b: Iron Bundle\n|-end|p2b: Iron Bundle|Quark Drive|[silent]\n|-damage|p1a: Flutter Mane|81\/100|[from] item: Life Orb\n|move|p1b: Gyarados|Protect||[still]\n|-fail|p1b: Gyarados\n|\n|-fieldend|move: Electric Terrain\n|-end|p2a: Iron Moth|Quark Drive\n|upkeep\n|\n|t:|1684103090\n|switch|p2b: Iron Hands|Iron Hands, L50|16\/100\n|turn|6\n|\n|t:|1684103105\n|move|p1b: Gyarados|Protect|p1b: Gyarados\n|-singleturn|p1b: Gyarados|Protect\n|move|p2b: Iron Hands|Fake Out|p1a: Flutter Mane\n|-resisted|p1a: Flutter Mane\n|-damage|p1a: Flutter Mane|66\/100\n|cant|p1a: Flutter Mane|flinch\n|move|p2a: Iron Moth|Discharge|p1b: Gyarados|[spread] p2b,p1a\n|-activate|p1b: Gyarados|move: Protect\n|-resisted|p2b: Iron Hands\n|-damage|p2b: Iron Hands|5\/100\n|-damage|p1a: Flutter Mane|33\/100\n|\n|upkeep\n|turn|7\n|\n|t:|1684103135\n|move|p1b: Gyarados|Protect|p1b: Gyarados\n|-singleturn|p1b: Gyarados|Protect\n|move|p1a: Flutter Mane|Dazzling Gleam|p2b: Iron Hands|[spread] p2a,p2b\n|-resisted|p2a: Iron Moth\n|-supereffective|p2b: Iron Hands\n|-damage|p2a: Iron Moth|90\/100\n|-damage|p2b: Iron Hands|0 fnt\n|faint|p2b: Iron Hands\n|-end|p2b: Iron Hands|Quark Drive|[silent]\n|-damage|p1a: Flutter Mane|24\/100|[from] item: Life Orb\n|move|p2a: Iron Moth|Discharge|p1a: Flutter Mane|[spread] p1a\n|-activate|p1b: Gyarados|move: Protect\n|-damage|p1a: Flutter Mane|0 fnt\n|faint|p1a: Flutter Mane\n|-end|p1a: Flutter Mane|Protosynthesis|[silent]\n|\n|-end|p1b: Gyarados|Encore\n|upkeep\n|turn|8\n|\n|t:|1684103154\n|-terastallize|p2a: Iron Moth|Grass\n|move|p2a: Iron Moth|Discharge|p1b: Gyarados\n|-supereffective|p1b: Gyarados\n|-damage|p1b: Gyarados|0 fnt\n|faint|p1b: Gyarados\n|\n|win|Yute\n|raw|wackomarko's rating: 1047 → 1034<\/strong> (-13 for losing)\n|raw|Yute's rating: 1126 → 1145<\/strong> (+19 for winning)\n","uploadtime":1684103165,"views":5,"p1id":"wackomarko","p2id":"yute","formatid":"gen9vgc2023regulationc","rating":1034,"private":0,"password":""}