{"id":"gen9vgc2023regulationc-1848830503","p1":"Even Greener Grass","p2":"Runickol","format":"[Gen 9] VGC 2023 Regulation C","log":"|j|\u2606Even Greener Grass\n|j|\u2606Runickol\n|t:|1682115060\n|gametype|doubles\n|player|p1|Even Greener Grass|kahili|1043\n|player|p2|Runickol|2|1034\n|teamsize|p1|6\n|teamsize|p2|6\n|gen|9\n|tier|[Gen 9] VGC 2023 Regulation C\n|rated|\n|rule|Species Clause: Limit one of each Pok\u00e9mon\n|rule|Item Clause: Limit one of each item\n|clearpoke\n|poke|p1|Torkoal, L50, F|\n|poke|p1|Chi-Yu, L50|\n|poke|p1|Slither Wing, L50|\n|poke|p1|Brute Bonnet, L50|\n|poke|p1|Arcanine, L50, F|\n|poke|p1|Flutter Mane, L50|\n|poke|p2|Slowking, L50, M|\n|poke|p2|Baxcalibur, L50, F|\n|poke|p2|Chien-Pao, L50|\n|poke|p2|Arcanine, L50, M|\n|poke|p2|Cetitan, L50, M|\n|poke|p2|Kingambit, L50, M|\n|teampreview|4\n|inactive|Battle timer is ON: inactive players will automatically lose when time's up. (requested by Even Greener Grass)\n|c|\u2606Even Greener Grass|Good luck, have fun.\nEven Greener Grass rejected open team sheets.\n|inactive|Runickol has 60 seconds left.\n|inactive|Runickol has 30 seconds left.\n|\n|t:|1682115128\n|start\n|switch|p1a: DEMI-GOD|Flutter Mane, L50|100\/100\n|switch|p1b: Dawg|Torkoal, L50, F|100\/100\n|switch|p2a: Slowking|Slowking, L50, M|100\/100\n|switch|p2b: Baxcalibur|Baxcalibur, L50, F|100\/100\n|-weather|SunnyDay|[from] ability: Drought|[of] p1b: Dawg\n|-activate|p1a: DEMI-GOD|ability: Protosynthesis\n|-start|p1a: DEMI-GOD|protosynthesisspa\n|turn|1\n|\n|t:|1682115145\n|move|p2b: Baxcalibur|Protect|p2b: Baxcalibur\n|-singleturn|p2b: Baxcalibur|Protect\n|move|p1a: DEMI-GOD|Moonblast|p2b: Baxcalibur\n|-activate|p2b: Baxcalibur|move: Protect\n|move|p1b: Dawg|Solar Beam||[still]\n|-prepare|p1b: Dawg|Solar Beam\n|-anim|p1b: Dawg|Solar Beam|p2a: Slowking\n|-supereffective|p2a: Slowking\n|-damage|p2a: Slowking|59\/100\n|move|p2a: Slowking|Trick Room|p2a: Slowking\n|-fieldstart|move: Trick Room|[of] p2a: Slowking\n|\n|-weather|SunnyDay|[upkeep]\n|upkeep\n|turn|2\n|inactive|Runickol has 30 seconds left.\n|inactive|Runickol has 20 seconds left.\n|\n|t:|1682115183\n|-terastallize|p2b: Baxcalibur|Ice\n|move|p2a: Slowking|Chilly Reception|p2a: Slowking\n|-weather|Snow\n|-end|p1a: DEMI-GOD|Protosynthesis\n|\n|t:|1682115191\n|switch|p2a: Cetitan|Cetitan, L50, M|100\/100|[from] Chilly Reception\n|move|p1b: Dawg|Yawn|p2b: Baxcalibur\n|-start|p2b: Baxcalibur|move: Yawn|[of] p1b: Dawg\n|move|p2b: Baxcalibur|Icicle Crash|p1a: DEMI-GOD\n|-damage|p1a: DEMI-GOD|0 fnt\n|faint|p1a: DEMI-GOD\n|-end|p1a: DEMI-GOD|Protosynthesis|[silent]\n|\n|-weather|Snow|[upkeep]\n|upkeep\n|\n|t:|1682115198\n|switch|p1a: Valencia|Arcanine, L50, F|100\/100\n|turn|3\n|inactive|Runickol has 30 seconds left.\n|inactive|Runickol has 20 seconds left.\n|inactive|Runickol has 15 seconds left.\n|inactive|Runickol has 10 seconds left.\n|\n|t:|1682115246\n|switch|p2b: Slowking|Slowking, L50, M|92\/100\n|move|p1b: Dawg|Lava Plume|p2b: Slowking|[spread] p2a,p2b\n|-start|p1a: Valencia|ability: Flash Fire\n|-supereffective|p2a: Cetitan\n|-resisted|p2b: Slowking\n|-damage|p2a: Cetitan|85\/100\n|-damage|p2b: Slowking|84\/100\n|move|p2a: Cetitan|Liquidation|p1a: Valencia\n|-supereffective|p1a: Valencia\n|-damage|p1a: Valencia|11\/100\n|move|p1a: Valencia|Heat Wave|p2b: Slowking|[spread] p2a,p2b\n|-supereffective|p2a: Cetitan\n|-resisted|p2b: Slowking\n|-damage|p2a: Cetitan|45\/100\n|-damage|p2b: Slowking|68\/100\n|\n|-weather|Snow|[upkeep]\n|-heal|p1a: Valencia|17\/100|[from] item: Leftovers\n|upkeep\n|turn|4\n|inactive|Runickol has 30 seconds left.\n|\n|t:|1682115272\n|move|p1a: Valencia|Protect|p1a: Valencia\n|-singleturn|p1a: Valencia|Protect\n|move|p2b: Slowking|Blizzard|p1a: Valencia|[spread] p1b\n|-activate|p1a: Valencia|move: Protect\n|-resisted|p1b: Dawg\n|-damage|p1b: Dawg|89\/100\n|move|p1b: Dawg|Yawn|p2a: Cetitan\n|-start|p2a: Cetitan|move: Yawn|[of] p1b: Dawg\n|move|p2a: Cetitan|Liquidation|p1b: Dawg\n|-supereffective|p1b: Dawg\n|-damage|p1b: Dawg|22\/100\n|\n|-weather|Snow|[upkeep]\n|-heal|p1a: Valencia|23\/100|[from] item: Leftovers\n|upkeep\n|turn|5\n|\n|t:|1682115294\n|move|p1b: Dawg|Protect|p1b: Dawg\n|-singleturn|p1b: Dawg|Protect\n|move|p2b: Slowking|Blizzard|p1b: Dawg|[spread] p1a\n|-activate|p1b: Dawg|move: Protect\n|-resisted|p1a: Valencia\n|-damage|p1a: Valencia|9\/100\n|move|p2a: Cetitan|Liquidation|p1a: Valencia\n|-supereffective|p1a: Valencia\n|-damage|p1a: Valencia|0 fnt\n|faint|p1a: Valencia\n|\n|-weather|Snow|[upkeep]\n|-end|p2a: Cetitan|move: Yawn|[silent]\n|-status|p2a: Cetitan|slp\n|-fieldend|move: Trick Room\n|upkeep\n|\n|t:|1682115303\n|switch|p1a: Beverly|Chi-Yu, L50|100\/100\n|-ability|p1a: Beverly|Beads of Ruin\n|turn|6\n|inactive|Runickol has 30 seconds left.\n|inactive|Runickol has 20 seconds left.\n|inactive|Runickol has 15 seconds left.\n|\n|t:|1682115343\n|switch|p2a: Baxcalibur|Baxcalibur, L50, F, tera:Ice|100\/100\n|switch|p2b: Kingambit|Kingambit, L50, M, shiny|100\/100\n|move|p1a: Beverly|Dark Pulse|p2b: Kingambit\n|-resisted|p2b: Kingambit\n|-damage|p2b: Kingambit|68\/100\n|move|p1b: Dawg|Lava Plume|p2b: Kingambit|[spread] p1a,p2a,p2b\n|-resisted|p1a: Beverly\n|-supereffective|p2a: Baxcalibur\n|-supereffective|p2b: Kingambit\n|-crit|p2b: Kingambit\n|-damage|p1a: Beverly|91\/100\n|-damage|p2a: Baxcalibur|57\/100\n|-damage|p2b: Kingambit|5\/100\n|-ability|p2a: Baxcalibur|Thermal Exchange|boost\n|-boost|p2a: Baxcalibur|atk|1\n|\n|-weather|none\n|upkeep\n|turn|7\n|inactive|Runickol has 30 seconds left.\n|\n|t:|1682115376\n|move|p2a: Baxcalibur|Protect|p2a: Baxcalibur\n|-singleturn|p2a: Baxcalibur|Protect\n|move|p1b: Dawg|Protect|p1b: Dawg\n|-singleturn|p1b: Dawg|Protect\n|move|p2b: Kingambit|Sucker Punch||[still]\n|-fail|p2b: Kingambit\n|move|p1a: Beverly|Dark Pulse|p2a: Baxcalibur\n|-activate|p2a: Baxcalibur|move: Protect\n|\n|upkeep\n|turn|8\n|inactive|Runickol has 30 seconds left.\n|inactive|Runickol has 20 seconds left.\n|\n|t:|1682115414\n|move|p2b: Kingambit|Protect|p2b: Kingambit\n|-singleturn|p2b: Kingambit|Protect\n|move|p2a: Baxcalibur|Ice Shard|p1b: Dawg\n|-resisted|p1b: Dawg\n|-damage|p1b: Dawg|2\/100\n|move|p1a: Beverly|Dark Pulse|p2a: Baxcalibur\n|-damage|p2a: Baxcalibur|0 fnt\n|faint|p2a: Baxcalibur\n|move|p1b: Dawg|Lava Plume|p2b: Kingambit|[spread] p1a\n|-activate|p2b: Kingambit|move: Protect\n|-resisted|p1a: Beverly\n|-damage|p1a: Beverly|81\/100\n|\n|upkeep\n|\n|t:|1682115430\n|switch|p2a: Slowking|Slowking, L50, M|100\/100\n|turn|9\n|inactive|Runickol has 30 seconds left.\n|\n|t:|1682115455\n|move|p2b: Kingambit|Sucker Punch||[still]\n|-fail|p2b: Kingambit\n|move|p1a: Beverly|Dark Pulse|p2b: Kingambit\n|-resisted|p2b: Kingambit\n|-crit|p2b: Kingambit\n|-damage|p2b: Kingambit|0 fnt\n|faint|p2b: Kingambit\n|move|p1b: Dawg|Yawn|p2a: Slowking\n|-start|p2a: Slowking|move: Yawn|[of] p1b: Dawg\n|move|p2a: Slowking|Trick Room|p2a: Slowking\n|-fieldstart|move: Trick Room|[of] p2a: Slowking\n|\n|upkeep\n|c|\u2606Even Greener Grass|g.g.w.p.\n|\n|t:|1682115468\n|switch|p2b: Cetitan|Cetitan, L50, M|45\/100 slp\n|turn|10\n|\n|t:|1682115477\n|-terastallize|p1a: Beverly|Grass\n|move|p1b: Dawg|Protect|p1b: Dawg\n|-singleturn|p1b: Dawg|Protect\n|move|p2a: Slowking|Chilly Reception|p2a: Slowking\n|-weather|Snow\n|cant|p2b: Cetitan|slp\n|move|p1a: Beverly|Dark Pulse|p2a: Slowking\n|-supereffective|p2a: Slowking\n|-damage|p2a: Slowking|0 fnt\n|faint|p2a: Slowking\n|\n|-weather|Snow|[upkeep]\n|upkeep\n|turn|11\n|\n|t:|1682115496\n|move|p1b: Dawg|Protect|p1b: Dawg\n|-singleturn|p1b: Dawg|Protect\n|cant|p2b: Cetitan|slp\n|move|p1a: Beverly|Dark Pulse|p2b: Cetitan\n|-damage|p2b: Cetitan|0 fnt\n|faint|p2b: Cetitan\n|\n|win|Even Greener Grass\n|raw|Even Greener Grass's rating: 1043 → 1076<\/strong> (+33 for winning)\n|raw|Runickol's rating: 1034 → 1019<\/strong> (-15 for losing)\n","uploadtime":1682115504,"views":14,"p1id":"evengreenergrass","p2id":"runickol","formatid":"gen9vgc2023regulationc","rating":1019,"private":0,"password":""}