{"id":"gen9vgc2023regulationc-1863390687","p1":"WHITEWOLF081","p2":"skuchi4","format":"[Gen 9] VGC 2023 Regulation C","log":"|j|\u2606WHITEWOLF081\n|j|\u2606skuchi4\n|t:|1684010917\n|gametype|doubles\n|player|p1|WHITEWOLF081|169|1225\n|player|p2|skuchi4|clair|1173\n|teamsize|p1|6\n|teamsize|p2|6\n|gen|9\n|tier|[Gen 9] VGC 2023 Regulation C\n|rated|\n|rule|Species Clause: Limit one of each Pok\u00e9mon\n|rule|Item Clause: Limit one of each item\n|clearpoke\n|poke|p1|Torkoal, L50, M|\n|poke|p1|Grimmsnarl, L50, M|\n|poke|p1|Flutter Mane, L50|\n|poke|p1|Arcanine, L50, F|\n|poke|p1|Lilligant, L50, F|\n|poke|p1|Ting-Lu, L50|\n|poke|p2|Amoonguss, L50, M|\n|poke|p2|Arcanine, L50, F|\n|poke|p2|Palafin, L50, M|\n|poke|p2|Magnezone, L50|\n|poke|p2|Annihilape, L50, F|\n|poke|p2|Armarouge, L50, M|\n|teampreview|4\nWHITEWOLF081 has agreed to open team sheets.\nskuchi4 has agreed to open team sheets.\n|\n|t:|1684010986\n|start\n|switch|p1a: Torkoal|Torkoal, L50, M|100\/100\n|switch|p1b: Grimmsnarl|Grimmsnarl, L50, M, shiny|100\/100\n|switch|p2a: Amoonguss|Amoonguss, L50, M|100\/100\n|switch|p2b: Armarouge|Armarouge, L50, M|100\/100\n|-weather|SunnyDay|[from] ability: Drought|[of] p1a: Torkoal\n|turn|1\n|\n|t:|1684011007\n|move|p2a: Amoonguss|Protect|p2a: Amoonguss\n|-singleturn|p2a: Amoonguss|Protect\n|move|p1b: Grimmsnarl|Light Screen|p1b: Grimmsnarl\n|-sidestart|p1: WHITEWOLF081|move: Light Screen\n|move|p2b: Armarouge|Armor Cannon|p1b: Grimmsnarl\n|-damage|p1b: Grimmsnarl|47\/100\n|-unboost|p2b: Armarouge|def|1\n|-unboost|p2b: Armarouge|spd|1\n|move|p1a: Torkoal|Overheat|p2a: Amoonguss\n|-activate|p2a: Amoonguss|move: Protect\n|\n|-weather|SunnyDay|[upkeep]\n|upkeep\n|turn|2\n|\n|t:|1684011031\n|-terastallize|p2a: Amoonguss|Water\n|move|p2a: Amoonguss|Rage Powder|p2a: Amoonguss\n|-singleturn|p2a: Amoonguss|move: Rage Powder\n|move|p1b: Grimmsnarl|Parting Shot|p2a: Amoonguss\n|-unboost|p2a: Amoonguss|atk|1\n|-unboost|p2a: Amoonguss|spa|1\n|\n|t:|1684011037\n|switch|p1b: Ting-Lu|Ting-Lu, L50|100\/100|[from] Parting Shot\n|-ability|p1b: Ting-Lu|Vessel of Ruin\n|move|p2b: Armarouge|Armor Cannon|p1b: Ting-Lu\n|-damage|p1b: Ting-Lu|76\/100\n|-unboost|p2b: Armarouge|def|1\n|-unboost|p2b: Armarouge|spd|1\n|move|p1a: Torkoal|Overheat|p2a: Amoonguss\n|-resisted|p2a: Amoonguss\n|-damage|p2a: Amoonguss|81\/100\n|-unboost|p1a: Torkoal|spa|2\n|-enditem|p1a: Torkoal|Eject Pack\n|\n|t:|1684011051\n|switch|p1a: Lilligant|Lilligant, L50, F|100\/100\n|\n|-weather|SunnyDay|[upkeep]\n|-heal|p2a: Amoonguss|86\/100|[from] item: Leftovers\n|upkeep\n|turn|3\n|\n|t:|1684011098\n|move|p1a: Lilligant|Sleep Powder|p2b: Armarouge\n|-status|p2b: Armarouge|slp|[from] move: Sleep Powder\n|cant|p2b: Armarouge|slp\n|move|p1b: Ting-Lu|Stomping Tantrum|p2b: Armarouge\n|-supereffective|p2b: Armarouge\n|-enditem|p2b: Armarouge|Focus Sash\n|-damage|p2b: Armarouge|1\/100 slp\n|move|p2a: Amoonguss|Energy Ball|p1a: Lilligant\n|-resisted|p1a: Lilligant\n|-damage|p1a: Lilligant|95\/100\n|\n|-weather|SunnyDay|[upkeep]\n|-heal|p1a: Lilligant|100\/100|[from] item: Leftovers\n|-heal|p2a: Amoonguss|92\/100|[from] item: Leftovers\n|upkeep\n|turn|4\n|\n|t:|1684011122\n|move|p2a: Amoonguss|Protect|p2a: Amoonguss\n|-singleturn|p2a: Amoonguss|Protect\n|move|p1a: Lilligant|Giga Drain|p2b: Armarouge\n|-resisted|p2b: Armarouge\n|-damage|p2b: Armarouge|0 fnt\n|faint|p2b: Armarouge\n|move|p1b: Ting-Lu|Ruination|p2a: Amoonguss\n|-activate|p2a: Amoonguss|move: Protect\n|\n|-weather|SunnyDay|[upkeep]\n|-heal|p2a: Amoonguss|98\/100|[from] item: Leftovers\n|upkeep\n|\n|t:|1684011133\n|switch|p2b: Annihilape|Annihilape, L50, F|100\/100\n|turn|5\n|\n|t:|1684011159\n|move|p1a: Lilligant|Giga Drain|p2a: Amoonguss\n|-supereffective|p2a: Amoonguss\n|-damage|p2a: Amoonguss|47\/100\n|move|p2b: Annihilape|Drain Punch|p1b: Ting-Lu\n|-supereffective|p1b: Ting-Lu\n|-damage|p1b: Ting-Lu|28\/100\n|move|p1b: Ting-Lu|Throat Chop|p2b: Annihilape\n|-damage|p2b: Annihilape|63\/100\n|-start|p2b: Annihilape|Throat Chop|[silent]\n|move|p2a: Amoonguss|Pollen Puff|p2b: Annihilape\n|-heal|p2b: Annihilape|100\/100\n|\n|-weather|none\n|-heal|p2a: Amoonguss|53\/100|[from] item: Leftovers\n|upkeep\n|turn|6\n|\n|t:|1684011183\n|switch|p1b: Torkoal|Torkoal, L50, M|100\/100\n|-weather|SunnyDay|[from] ability: Drought|[of] p1b: Torkoal\n|move|p1a: Lilligant|Quiver Dance|p1a: Lilligant\n|-boost|p1a: Lilligant|spa|1\n|-boost|p1a: Lilligant|spd|1\n|-boost|p1a: Lilligant|spe|1\n|move|p2b: Annihilape|Rage Fist|p1a: Lilligant\n|-damage|p1a: Lilligant|36\/100\n|move|p2a: Amoonguss|Pollen Puff|p2b: Annihilape\n|-immune|p2b: Annihilape\n|\n|-weather|SunnyDay|[upkeep]\n|-heal|p1a: Lilligant|42\/100|[from] item: Leftovers\n|-heal|p2a: Amoonguss|58\/100|[from] item: Leftovers\n|-end|p2b: Annihilape|Throat Chop|[silent]\n|upkeep\n|turn|7\n|\n|t:|1684011204\n|move|p1b: Torkoal|Helping Hand|p1a: Lilligant\n|-singleturn|p1a: Lilligant|Helping Hand|[of] p1b: Torkoal\n|move|p2a: Amoonguss|Rage Powder|p2a: Amoonguss\n|-singleturn|p2a: Amoonguss|move: Rage Powder\n|move|p1a: Lilligant|Giga Drain|p2b: Annihilape\n|-damage|p2b: Annihilape|23\/100\n|-heal|p1a: Lilligant|90\/100|[from] drain|[of] p2b: Annihilape\n|move|p2b: Annihilape|Rage Fist|p1a: Lilligant\n|-damage|p1a: Lilligant|0 fnt\n|faint|p1a: Lilligant\n|\n|-weather|SunnyDay|[upkeep]\n|-heal|p2a: Amoonguss|64\/100|[from] item: Leftovers\n|upkeep\n|\n|t:|1684011217\n|switch|p1a: Grimmsnarl|Grimmsnarl, L50, M, shiny|47\/100\n|turn|8\n|\n|t:|1684011233\n|move|p1b: Torkoal|Helping Hand|p1a: Grimmsnarl\n|-singleturn|p1a: Grimmsnarl|Helping Hand|[of] p1b: Torkoal\n|move|p2b: Annihilape|Drain Punch|p1a: Grimmsnarl\n|-damage|p1a: Grimmsnarl|0 fnt\n|-heal|p2b: Annihilape|45\/100|[from] drain|[of] p1a: Grimmsnarl\n|faint|p1a: Grimmsnarl\n|move|p2a: Amoonguss|Pollen Puff|p2b: Annihilape\n|-heal|p2b: Annihilape|95\/100\n|\n|-weather|SunnyDay|[upkeep]\n|-heal|p2a: Amoonguss|70\/100|[from] item: Leftovers\n|-sideend|p1: WHITEWOLF081|move: Light Screen\n|upkeep\n|\n|t:|1684011239\n|switch|p1a: Ting-Lu|Ting-Lu, L50|28\/100\n|-ability|p1a: Ting-Lu|Vessel of Ruin\n|turn|9\n|\n|t:|1684011267\n|move|p2a: Amoonguss|Rage Powder|p2a: Amoonguss\n|-singleturn|p2a: Amoonguss|move: Rage Powder\n|move|p2b: Annihilape|Drain Punch|p1a: Ting-Lu\n|-supereffective|p1a: Ting-Lu\n|-damage|p1a: Ting-Lu|0 fnt\n|-heal|p2b: Annihilape|100\/100|[from] drain|[of] p1a: Ting-Lu\n|faint|p1a: Ting-Lu\n|move|p1b: Torkoal|Overheat|p2a: Amoonguss\n|-resisted|p2a: Amoonguss\n|-damage|p2a: Amoonguss|46\/100\n|-unboost|p1b: Torkoal|spa|2\n|\n|-weather|SunnyDay|[upkeep]\n|-heal|p2a: Amoonguss|52\/100|[from] item: Leftovers\n|upkeep\n|turn|10\n|-message|WHITEWOLF081 forfeited.\n|\n|win|skuchi4\n|raw|WHITEWOLF081's rating: 1225 → 1196<\/strong> (-29 for losing)\n|raw|skuchi4's rating: 1173 → 1202<\/strong> (+29 for winning)\n|l|\u2606WHITEWOLF081\n","uploadtime":1684011413,"views":15,"p1id":"whitewolf081","p2id":"skuchi4","formatid":"gen9vgc2023regulationc","rating":1196,"private":0,"password":""}