{"id":"gen9vgc2023regulationc-1847182668","p1":"LookItsLook","p2":"gohan92","format":"[Gen 9] VGC 2023 Regulation C","log":"|j|\u2606LookItsLook\n|j|\u2606gohan92\n|t:|1681925837\n|gametype|doubles\n|player|p1|LookItsLook|falkner|1560\n|player|p2|gohan92|169|1523\n|teamsize|p1|6\n|teamsize|p2|6\n|gen|9\n|tier|[Gen 9] VGC 2023 Regulation C\n|rated|\n|rule|Species Clause: Limit one of each Pok\u00e9mon\n|rule|Item Clause: Limit one of each item\n|clearpoke\n|poke|p1|Talonflame, L50, F|\n|poke|p1|Chien-Pao, L50|\n|poke|p1|Great Tusk, L50|\n|poke|p1|Flutter Mane, L50|\n|poke|p1|Corviknight, L50, M|\n|poke|p1|Roaring Moon, L50|\n|poke|p2|Palafin, L50, M|\n|poke|p2|Chi-Yu, L50|\n|poke|p2|Flutter Mane, L50|\n|poke|p2|Iron Bundle, L50|\n|poke|p2|Arcanine, L50, F|\n|poke|p2|Amoonguss, L50, F|\n|teampreview|4\n|inactive|Battle timer is ON: inactive players will automatically lose when time's up. (requested by LookItsLook)\n|inactive|LookItsLook has 60 seconds left.\n|inactive|gohan92 has 60 seconds left.\n|\n|t:|1681925896\n|start\n|switch|p1a: Talonflame|Talonflame, L50, F|100\/100\n|switch|p1b: Corviknight|Corviknight, L50, M|100\/100\n|switch|p2a: Palafin|Palafin, L50, M|100\/100\n|switch|p2b: Arcanine|Arcanine, L50, F|100\/100\n|-ability|p2b: Arcanine|Intimidate|boost\n|-unboost|p1a: Talonflame|atk|1\n|-ability|p1b: Corviknight|Mirror Armor\n|-unboost|p2b: Arcanine|atk|1\n|turn|1\n|inactive|gohan92 has 30 seconds left.\n|\n|t:|1681925925\n|switch|p1a: Roaring Moon|Roaring Moon, L50|100\/100\n|detailschange|p2a: Palafin|Palafin-Hero, L50, M\n|switch|p2a: Iron Bundle|Iron Bundle, L50|100\/100\n|move|p2b: Arcanine|Will-O-Wisp|p1b: Corviknight|[miss]\n|-miss|p2b: Arcanine|p1b: Corviknight\n|move|p1b: Corviknight|Bulk Up|p1b: Corviknight\n|-boost|p1b: Corviknight|atk|1\n|-boost|p1b: Corviknight|def|1\n|\n|upkeep\n|turn|2\n|inactive|LookItsLook has 30 seconds left.\n|\n|t:|1681925954\n|-terastallize|p1a: Roaring Moon|Fire\n|move|p2a: Iron Bundle|Icy Wind|p1b: Corviknight|[spread] p1a,p1b\n|-resisted|p1a: Roaring Moon\n|-damage|p1a: Roaring Moon|91\/100\n|-damage|p1b: Corviknight|78\/100\n|-unboost|p1a: Roaring Moon|spe|1\n|-ability|p1b: Corviknight|Mirror Armor\n|-unboost|p2a: Iron Bundle|spe|1\n|move|p2b: Arcanine|Will-O-Wisp|p1b: Corviknight\n|-status|p1b: Corviknight|brn\n|-enditem|p1b: Corviknight|Lum Berry|[eat]\n|-curestatus|p1b: Corviknight|brn|[msg]\n|move|p1a: Roaring Moon|Breaking Swipe|p2a: Iron Bundle|[spread] p2a,p2b\n|-damage|p2a: Iron Bundle|59\/100\n|-damage|p2b: Arcanine|60\/100\n|-unboost|p2a: Iron Bundle|atk|1\n|-unboost|p2b: Arcanine|atk|1\n|move|p1b: Corviknight|Brave Bird|p2b: Arcanine\n|-damage|p2b: Arcanine|0 fnt\n|faint|p2b: Arcanine\n|-damage|p1b: Corviknight|58\/100|[from] Recoil\n|\n|upkeep\n|inactive|gohan92 has 30 seconds left.\n|\n|t:|1681925979\n|switch|p2b: Palafin|Palafin-Hero, L50, M|100\/100\n|-activate|p2b: Palafin|ability: Zero to Hero\n|turn|3\n|\n|t:|1681925995\n|-end|p1a: Roaring Moon|Protosynthesis|[silent]\n|switch|p1a: Chien-Pao|Chien-Pao, L50|100\/100\n|-ability|p1a: Chien-Pao|Sword of Ruin\n|move|p2a: Iron Bundle|Protect|p2a: Iron Bundle\n|-singleturn|p2a: Iron Bundle|Protect\n|move|p2b: Palafin|Haze|p2b: Palafin\n|-clearallboost\n|move|p1b: Corviknight|Roost|p1b: Corviknight\n|-heal|p1b: Corviknight|100\/100\n|-singleturn|p1b: Corviknight|move: Roost\n|\n|upkeep\n|turn|4\n|inactive|gohan92 has 30 seconds left.\n|inactive|gohan92 has 20 seconds left.\n|inactive|gohan92 has 15 seconds left.\n|\n|t:|1681926040\n|-end|p2a: Iron Bundle|Quark Drive|[silent]\n|switch|p2a: Flutter Mane|Flutter Mane, L50|100\/100\n|-enditem|p2a: Flutter Mane|Booster Energy\n|-activate|p2a: Flutter Mane|ability: Protosynthesis|[fromitem]\n|-start|p2a: Flutter Mane|protosynthesisspa\n|move|p1a: Chien-Pao|Sucker Punch||[still]\n|-fail|p1a: Chien-Pao\n|move|p2b: Palafin|Jet Punch|p1a: Chien-Pao\n|-damage|p1a: Chien-Pao|33\/100\n|move|p1b: Corviknight|Brave Bird|p2a: Flutter Mane\n|-damage|p2a: Flutter Mane|7\/100\n|-damage|p1b: Corviknight|75\/100|[from] Recoil\n|\n|upkeep\n|turn|5\n|inactive|LookItsLook has 30 seconds left.\n|inactive|LookItsLook has 20 seconds left.\n|\n|t:|1681926076\n|move|p2a: Flutter Mane|Protect|p2a: Flutter Mane\n|-singleturn|p2a: Flutter Mane|Protect\n|move|p1a: Chien-Pao|Sucker Punch||[still]\n|-fail|p1a: Chien-Pao\n|move|p2b: Palafin|Wave Crash|p1b: Corviknight\n|-damage|p1b: Corviknight|0 fnt\n|faint|p1b: Corviknight\n|-damage|p2b: Palafin|77\/100|[from] Recoil\n|\n|upkeep\n|\n|t:|1681926081\n|switch|p1b: Talonflame|Talonflame, L50, F|100\/100\n|turn|6\n|inactive|LookItsLook has 30 seconds left.\n|inactive|gohan92 has 30 seconds left.\n|inactive|LookItsLook has 20 seconds left.\n|inactive|gohan92 has 20 seconds left.\n|inactive|LookItsLook has 15 seconds left.\n|inactive|LookItsLook has 10 seconds left.\n|inactive|gohan92 has 15 seconds left.\n|inactive|gohan92 has 10 seconds left.\n|inactive|gohan92 has 5 seconds left.\n|\n|t:|1681926142\n|move|p2a: Flutter Mane|Protect||[still]\n|-fail|p2a: Flutter Mane\n|move|p1a: Chien-Pao|Sucker Punch||[still]\n|-fail|p1a: Chien-Pao\n|move|p1b: Talonflame|Brave Bird|p2b: Palafin\n|-damage|p2b: Palafin|0 fnt\n|faint|p2b: Palafin\n|-damage|p1b: Talonflame|67\/100|[from] Recoil\n|-damage|p1b: Talonflame|57\/100|[from] item: Life Orb\n|\n|upkeep\n|\n|t:|1681926154\n|switch|p2b: Iron Bundle|Iron Bundle, L50|59\/100\n|turn|7\n|inactive|LookItsLook has 30 seconds left.\n|inactive|LookItsLook has 20 seconds left.\n|inactive|LookItsLook has 15 seconds left.\n|inactive|LookItsLook has 10 seconds left.\n|\n|t:|1681926203\n|move|p2a: Flutter Mane|Protect|p2a: Flutter Mane\n|-singleturn|p2a: Flutter Mane|Protect\n|move|p1a: Chien-Pao|Sucker Punch||[still]\n|-fail|p1a: Chien-Pao\n|move|p2b: Iron Bundle|Freeze-Dry|p1a: Chien-Pao\n|-resisted|p1a: Chien-Pao\n|-damage|p1a: Chien-Pao|6\/100\n|move|p1b: Talonflame|Tailwind|p1b: Talonflame\n|-sidestart|p1: LookItsLook|move: Tailwind\n|\n|upkeep\n|turn|8\n|inactive|gohan92 has 30 seconds left.\n|\n|t:|1681926230\n|move|p1a: Chien-Pao|Ice Spinner|p2a: Flutter Mane\n|-damage|p2a: Flutter Mane|0 fnt\n|faint|p2a: Flutter Mane\n|-end|p2a: Flutter Mane|Protosynthesis|[silent]\n|move|p1b: Talonflame|Brave Bird|p2b: Iron Bundle\n|-damage|p2b: Iron Bundle|0 fnt\n|faint|p2b: Iron Bundle\n|-end|p2b: Iron Bundle|Quark Drive|[silent]\n|-damage|p1b: Talonflame|41\/100|[from] Recoil\n|-damage|p1b: Talonflame|31\/100|[from] item: Life Orb\n|\n|win|LookItsLook\n|raw|LookItsLook's rating: 1560 → 1578<\/strong> (+18 for winning)\n|raw|gohan92's rating: 1523 → 1505<\/strong> (-18 for losing)\n","uploadtime":1681926238,"views":8,"p1id":"lookitslook","p2id":"gohan92","formatid":"gen9vgc2023regulationc","rating":1505,"private":0,"password":""}