{"id":"gen9vgc2023regulationc-1857296968","p1":"Borghi","p2":"bdogplatinum","format":"[Gen 9] VGC 2023 Regulation C","log":"|j|\u2606Borghi\n|j|\u2606bdogplatinum\n|t:|1683169414\n|gametype|doubles\n|player|p1|Borghi|blue-masters|\n|player|p2|bdogplatinum|cress|\n|teamsize|p1|6\n|teamsize|p2|6\n|gen|9\n|tier|[Gen 9] VGC 2023 Regulation C\n|rated|Tournament battle\n|rule|Species Clause: Limit one of each Pok\u00e9mon\n|rule|Item Clause: Limit one of each item\n|clearpoke\n|poke|p1|Talonflame, L50, F|\n|poke|p1|Flutter Mane, L50|\n|poke|p1|Indeedee-F, L50, F|\n|poke|p1|Iron Hands, L50|\n|poke|p1|Armarouge, L50, M|\n|poke|p1|Chien-Pao, L50|\n|poke|p2|Iron Valiant, L50|\n|poke|p2|Pincurchin, L50, F|\n|poke|p2|Slowking, L50, F|\n|poke|p2|Cetitan, L50, M|\n|poke|p2|Iron Moth, L50|\n|poke|p2|Wo-Chien, L50|\n|teampreview|4\n|inactive|Battle timer is ON: inactive players will automatically lose when time's up. (requested by Borghi)\nBorghi rejected open team sheets.\n|c|\u2606bdogplatinum|bruh\n|c|\u2606bdogplatinum|you really brought arm+indeedee\n|j| Snowstorm brute\n|inactive|Borghi has 60 seconds left.\n|inactive|bdogplatinum has 60 seconds left.\n|\n|t:|1683169454\n|start\n|switch|p1a: Talonflame|Talonflame, L50, F|100\/100\n|switch|p1b: Armarouge|Armarouge, L50, M|100\/100\n|switch|p2a: Iron Moth|Iron Moth, L50|100\/100\n|switch|p2b: Wo-Chien|Wo-Chien, L50|100\/100\n|-ability|p2b: Wo-Chien|Tablets of Ruin\n|-enditem|p2a: Iron Moth|Booster Energy\n|-activate|p2a: Iron Moth|ability: Quark Drive|[fromitem]\n|-start|p2a: Iron Moth|quarkdrivespa\n|turn|1\n|\n|t:|1683169470\n|-terastallize|p2b: Wo-Chien|Water\n|move|p1b: Armarouge|Protect|p1b: Armarouge\n|-singleturn|p1b: Armarouge|Protect\n|move|p1a: Talonflame|Tailwind|p1a: Talonflame\n|-sidestart|p1: Borghi|move: Tailwind\n|move|p2a: Iron Moth|Acid Spray|p1b: Armarouge\n|-activate|p1b: Armarouge|move: Protect\n|move|p2b: Wo-Chien|Snarl|p1b: Armarouge|[spread] \n|-activate|p1b: Armarouge|move: Protect\n|-miss|p2b: Wo-Chien|p1a: Talonflame\n|\n|upkeep\n|turn|2\n|\n|t:|1683169482\n|-terastallize|p1b: Armarouge|Psychic\n|move|p2a: Iron Moth|Protect|p2a: Iron Moth\n|-singleturn|p2a: Iron Moth|Protect\n|move|p1a: Talonflame|U-turn|p1b: Armarouge\n|-supereffective|p1b: Armarouge\n|-damage|p1b: Armarouge|79\/100\n|-ability|p1b: Armarouge|Weak Armor|boost\n|-unboost|p1b: Armarouge|def|1\n|-boost|p1b: Armarouge|spe|2\n|-enditem|p1b: Armarouge|Weakness Policy\n|-boost|p1b: Armarouge|atk|2|[from] item: Weakness Policy\n|-boost|p1b: Armarouge|spa|2|[from] item: Weakness Policy\n|\n|t:|1683169492\n|switch|p1a: Indeedee|Indeedee-F, L50, F|100\/100|[from] U-turn\n|-fieldstart|move: Psychic Terrain|[from] ability: Psychic Surge|[of] p1a: Indeedee\n|move|p1b: Armarouge|Expanding Force|p2a: Iron Moth|[spread] p2b\n|-activate|p2a: Iron Moth|move: Protect\n|-damage|p2b: Wo-Chien|0 fnt\n|faint|p2b: Wo-Chien\n|\n|upkeep\n|c|\u2606bdogplatinum|hmm\n|c|\u2606bdogplatinum|i didnt expect that\n|\n|t:|1683169500\n|switch|p2b: Pincurchin|Pincurchin, L50, F|100\/100\n|-fieldstart|move: Electric Terrain|[from] ability: Electric Surge|[of] p2b: Pincurchin\n|turn|3\n|\n|t:|1683169514\n|switch|p1a: Iron Hands|Iron Hands, L50|100\/100\n|-activate|p1a: Iron Hands|ability: Quark Drive\n|-start|p1a: Iron Hands|quarkdriveatk\n|move|p1b: Armarouge|Protect|p1b: Armarouge\n|-singleturn|p1b: Armarouge|Protect\n|move|p2a: Iron Moth|Fiery Dance|p1a: Iron Hands\n|-damage|p1a: Iron Hands|43\/100\n|-boost|p2a: Iron Moth|spa|1\n|-enditem|p1a: Iron Hands|Sitrus Berry|[eat]\n|-heal|p1a: Iron Hands|68\/100|[from] item: Sitrus Berry\n|move|p2b: Pincurchin|Thunderbolt|p1b: Armarouge\n|-activate|p1b: Armarouge|move: Protect\n|\n|upkeep\n|turn|4\n|j| glimmdozo\n|j| repeatt\n|l| glimmdozo\n|j|+TheEeveeAnimations\n|\n|t:|1683169536\n|-end|p1a: Iron Hands|Quark Drive|[silent]\n|switch|p1a: Indeedee|Indeedee-F, L50, F|100\/100\n|-fieldstart|move: Psychic Terrain|[from] ability: Psychic Surge|[of] p1a: Indeedee\n|move|p1b: Armarouge|Expanding Force|p2b: Pincurchin|[spread] p2a,p2b\n|-supereffective|p2a: Iron Moth\n|-damage|p2a: Iron Moth|0 fnt\n|-damage|p2b: Pincurchin|0 fnt\n|faint|p2a: Iron Moth\n|-end|p2a: Iron Moth|Quark Drive|[silent]\n|faint|p2b: Pincurchin\n|\n|-sideend|p1: Borghi|move: Tailwind\n|upkeep\n|\n|t:|1683169540\n|switch|p2b: Iron Valiant|Iron Valiant, L50|100\/100\n|turn|5\n|j| gatorade sweet\n|\n|t:|1683169547\n|move|p1b: Armarouge|Protect|p1b: Armarouge\n|-singleturn|p1b: Armarouge|Protect\n|move|p2b: Iron Valiant|Moonblast|p1a: Indeedee\n|-damage|p1a: Indeedee|72\/100\n|move|p1a: Indeedee|Imprison|p1a: Indeedee\n|-start|p1a: Indeedee|move: Imprison\n|\n|upkeep\n|turn|6\n|\n|t:|1683169558\n|move|p1a: Indeedee|Follow Me|p1a: Indeedee\n|-singleturn|p1a: Indeedee|move: Follow Me\n|move|p1b: Armarouge|Expanding Force|p2b: Iron Valiant\n|-supereffective|p2b: Iron Valiant\n|-damage|p2b: Iron Valiant|0 fnt\n|faint|p2b: Iron Valiant\n|-end|p2b: Iron Valiant|Quark Drive|[silent]\n|\n|win|Borghi\n|n|\u2606Borghi|borghi\n|n|\u2606bdogplatinum|bdogplatinum\n|n| Snowstorm brute|snowstormbrute\n|n| repeatt|repeatt\n|n| TheEeveeAnimations|theeeveeanimations\n|n| gatorade sweet|gatoradesweet\n|c|\u2606Borghi|:D\n|c|\u2606bdogplatinum|:(\n|l| repeatt\n|l|\u2606bdogplatinum\n|j| Toastest\n|l| TheEeveeAnimations\n|l| Toastest\n|l| gatorade sweet\n|j| Bright Size\n","uploadtime":1683171127,"views":8,"p1id":"borghi","p2id":"bdogplatinum","formatid":"gen9vgc2023regulationc","rating":0,"private":0,"password":""}