{"id":"gen9vgc2023regulationc-1857556368","p1":"Lutrinae Arctis","p2":"neukorn","format":"[Gen 9] VGC 2023 Regulation C","log":"|j|\u2606Lutrinae Arctis\n|j|\u2606neukorn\n|t:|1683207930\n|gametype|doubles\n|player|p1|Lutrinae Arctis|dawn-gen4pt|1232\n|player|p2|neukorn|169|1138\n|teamsize|p1|6\n|teamsize|p2|6\n|gen|9\n|tier|[Gen 9] VGC 2023 Regulation C\n|rated|\n|rule|Species Clause: Limit one of each Pok\u00e9mon\n|rule|Item Clause: Limit one of each item\n|clearpoke\n|poke|p1|Flutter Mane, L50|\n|poke|p1|Jumpluff, L50, F|\n|poke|p1|Wo-Chien, L50|\n|poke|p1|Torkoal, L50, M|\n|poke|p1|Roaring Moon, L50|\n|poke|p1|Chi-Yu, L50|\n|poke|p2|Azumarill, L50, F|\n|poke|p2|Flutter Mane, L50|\n|poke|p2|Indeedee-F, L50, F|\n|poke|p2|Armarouge, L50, F|\n|poke|p2|Chien-Pao, L50|\n|poke|p2|Dragonite, L50, M|\n|teampreview|4\n|inactive|Battle timer is ON: inactive players will automatically lose when time's up. (requested by Lutrinae Arctis)\nLutrinae Arctis has agreed to open team sheets.\n|\n|t:|1683207961\n|start\n|switch|p1a: Flutter Mane|Flutter Mane, L50|100\/100\n|switch|p1b: Wo-Chien|Wo-Chien, L50|100\/100\n|switch|p2a: Indeedee|Indeedee-F, L50, F|100\/100\n|switch|p2b: Azumarill|Azumarill, L50, F|100\/100\n|-fieldstart|move: Psychic Terrain|[from] ability: Psychic Surge|[of] p2a: Indeedee\n|-enditem|p2a: Indeedee|Psychic Seed\n|-boost|p2a: Indeedee|spd|1|[from] item: Psychic Seed\n|-ability|p1b: Wo-Chien|Tablets of Ruin\n|turn|1\n|\n|t:|1683207970\n|move|p2b: Azumarill|Protect|p2b: Azumarill\n|-singleturn|p2b: Azumarill|Protect\n|move|p1b: Wo-Chien|Leaf Storm|p2b: Azumarill\n|-activate|p2b: Azumarill|move: Protect\n|move|p2a: Indeedee|Trick Room|p2a: Indeedee\n|-fieldstart|move: Trick Room|[of] p2a: Indeedee\n|move|p1a: Flutter Mane|Trick Room|p1a: Flutter Mane\n|-fieldend|move: Trick Room\n|\n|upkeep\n|turn|2\n|inactive|neukorn has 30 seconds left.\n|\n|t:|1683207997\n|switch|p2b: Armarouge|Armarouge, L50, F|100\/100\n|move|p2a: Indeedee|Dazzling Gleam|p1a: Flutter Mane|[spread] p1a,p1b\n|-supereffective|p1b: Wo-Chien\n|-damage|p1a: Flutter Mane|89\/100\n|-damage|p1b: Wo-Chien|82\/100\n|move|p1b: Wo-Chien|Leaf Storm|p2b: Armarouge|[miss]\n|-miss|p1b: Wo-Chien|p2b: Armarouge\n|move|p1a: Flutter Mane|Substitute|p1a: Flutter Mane\n|-start|p1a: Flutter Mane|Substitute\n|-damage|p1a: Flutter Mane|64\/100\n|\n|upkeep\n|turn|3\n|\n|t:|1683208012\n|move|p2a: Indeedee|Dazzling Gleam|p1b: Wo-Chien|[spread] p1a,p1b\n|-activate|p1a: Flutter Mane|move: Substitute|[damage]\n|-supereffective|p1b: Wo-Chien\n|-damage|p1b: Wo-Chien|61\/100\n|move|p1b: Wo-Chien|Pollen Puff|p1a: Flutter Mane\n|-heal|p1a: Flutter Mane|100\/100\n|move|p1a: Flutter Mane|Moonblast|p2a: Indeedee\n|-damage|p2a: Indeedee|73\/100\n|move|p2b: Armarouge|Trick Room|p2b: Armarouge\n|-fieldstart|move: Trick Room|[of] p2b: Armarouge\n|\n|upkeep\n|turn|4\n|\n|t:|1683208033\n|move|p1a: Flutter Mane|Moonblast|p2a: Indeedee\n|-damage|p2a: Indeedee|47\/100\n|move|p1b: Wo-Chien|Leaf Storm|p2a: Indeedee\n|-damage|p2a: Indeedee|7\/100\n|-unboost|p1b: Wo-Chien|spa|2\n|-enditem|p1b: Wo-Chien|Eject Pack\n|\n|t:|1683208041\n|switch|p1b: Chi-Yu|Chi-Yu, L50|100\/100\n|-ability|p1b: Chi-Yu|Beads of Ruin\n|move|p2b: Armarouge|Heat Wave|p1b: Chi-Yu|[spread] p1a,p1b\n|-end|p1a: Flutter Mane|Substitute\n|-resisted|p1b: Chi-Yu\n|-damage|p1b: Chi-Yu|84\/100\n|move|p2a: Indeedee|Dazzling Gleam|p1a: Flutter Mane|[spread] p1a,p1b\n|-damage|p1a: Flutter Mane|84\/100\n|-damage|p1b: Chi-Yu|72\/100\n|\n|upkeep\n|turn|5\n|inactive|neukorn has 30 seconds left.\n|\n|t:|1683208070\n|move|p2a: Indeedee|Helping Hand|p2b: Armarouge\n|-singleturn|p2b: Armarouge|Helping Hand|[of] p2a: Indeedee\n|move|p1a: Flutter Mane|Shadow Ball|p2b: Armarouge\n|-supereffective|p2b: Armarouge\n|-damage|p2b: Armarouge|0 fnt\n|faint|p2b: Armarouge\n|move|p1b: Chi-Yu|Flamethrower|p2a: Indeedee\n|-damage|p2a: Indeedee|0 fnt\n|faint|p2a: Indeedee\n|\n|-fieldend|move: Psychic Terrain\n|upkeep\n|\n|t:|1683208077\n|switch|p2b: Azumarill|Azumarill, L50, F|100\/100\n|switch|p2a: Chien-Pao|Chien-Pao, L50|100\/100\n|-ability|p2a: Chien-Pao|Sword of Ruin\n|turn|6\n|\n|t:|1683208098\n|move|p2a: Chien-Pao|Protect|p2a: Chien-Pao\n|-singleturn|p2a: Chien-Pao|Protect\n|move|p2b: Azumarill|Belly Drum|p2b: Azumarill\n|-damage|p2b: Azumarill|50\/100\n|-setboost|p2b: Azumarill|atk|6|[from] move: Belly Drum\n|-enditem|p2b: Azumarill|Sitrus Berry|[eat]\n|-heal|p2b: Azumarill|75\/100|[from] item: Sitrus Berry\n|move|p1a: Flutter Mane|Moonblast|p2a: Chien-Pao\n|-activate|p2a: Chien-Pao|move: Protect\n|move|p1b: Chi-Yu|Flamethrower|p2a: Chien-Pao\n|-activate|p2a: Chien-Pao|move: Protect\n|\n|upkeep\n|turn|7\n|inactive|neukorn has 30 seconds left.\n|\n|t:|1683208123\n|switch|p1b: Wo-Chien|Wo-Chien, L50|61\/100\n|-ability|p1b: Wo-Chien|Tablets of Ruin\n|-terastallize|p2a: Chien-Pao|Ghost\n|move|p2b: Azumarill|Aqua Jet|p1b: Wo-Chien\n|-resisted|p1b: Wo-Chien\n|-damage|p1b: Wo-Chien|23\/100\n|move|p1a: Flutter Mane|Moonblast|p2b: Azumarill\n|-damage|p2b: Azumarill|37\/100\n|move|p2a: Chien-Pao|Crunch|p1a: Flutter Mane\n|-damage|p1a: Flutter Mane|41\/100\n|\n|-fieldend|move: Trick Room\n|upkeep\n|turn|8\n|inactive|neukorn has 30 seconds left.\n|\n|t:|1683208149\n|move|p2b: Azumarill|Aqua Jet|p1a: Flutter Mane\n|-damage|p1a: Flutter Mane|0 fnt\n|faint|p1a: Flutter Mane\n|-end|p1a: Flutter Mane|Protosynthesis|[silent]\n|move|p2a: Chien-Pao|Sacred Sword|p1b: Wo-Chien\n|-supereffective|p1b: Wo-Chien\n|-damage|p1b: Wo-Chien|0 fnt\n|faint|p1b: Wo-Chien\n|\n|upkeep\n|\n|t:|1683208155\n|switch|p1a: Torkoal|Torkoal, L50, M|100\/100\n|switch|p1b: Chi-Yu|Chi-Yu, L50|72\/100\n|-ability|p1b: Chi-Yu|Beads of Ruin\n|-weather|SunnyDay|[from] ability: Drought|[of] p1a: Torkoal\n|turn|9\n|\n|t:|1683208168\n|-terastallize|p1b: Chi-Yu|Grass\n|move|p2b: Azumarill|Aqua Jet|p1b: Chi-Yu\n|-resisted|p1b: Chi-Yu\n|-damage|p1b: Chi-Yu|35\/100\n|move|p2a: Chien-Pao|Sacred Sword|p1a: Torkoal\n|-damage|p1a: Torkoal|69\/100\n|move|p1b: Chi-Yu|Flamethrower|p2b: Azumarill\n|-resisted|p2b: Azumarill\n|-damage|p2b: Azumarill|0 fnt\n|faint|p2b: Azumarill\n|move|p1a: Torkoal|Heat Wave|p2a: Chien-Pao\n|-enditem|p2a: Chien-Pao|Focus Sash\n|-damage|p2a: Chien-Pao|1\/100\n|\n|-weather|SunnyDay|[upkeep]\n|upkeep\n|turn|10\n|\n|t:|1683208184\n|move|p2a: Chien-Pao|Icicle Crash|p1b: Chi-Yu\n|-supereffective|p1b: Chi-Yu\n|-damage|p1b: Chi-Yu|0 fnt\n|faint|p1b: Chi-Yu\n|move|p1a: Torkoal|Heat Wave|p2a: Chien-Pao\n|-damage|p2a: Chien-Pao|0 fnt\n|faint|p2a: Chien-Pao\n|\n|win|Lutrinae Arctis\n|raw|Lutrinae Arctis's rating: 1232 → 1250<\/strong> (+18 for winning)\n|raw|neukorn's rating: 1138 → 1120<\/strong> (-18 for losing)\n|l|\u2606neukorn\n","uploadtime":1683208195,"views":16,"p1id":"lutrinaearctis","p2id":"neukorn","formatid":"gen9vgc2023regulationc","rating":1120,"private":0,"password":""}