{"id":"gen9vgc2023regulationc-1854407661","p1":"whatupdog123","p2":"giotre2","format":"[Gen 9] VGC 2023 Regulation C","log":"|j|\u2606whatupdog123\n|j|\u2606giotre2\n|t:|1682807054\n|gametype|doubles\n|player|p1|whatupdog123|steven|1115\n|player|p2|giotre2|doctor|1178\n|teamsize|p1|6\n|teamsize|p2|6\n|gen|9\n|tier|[Gen 9] VGC 2023 Regulation C\n|rated|\n|rule|Species Clause: Limit one of each Pok\u00e9mon\n|rule|Item Clause: Limit one of each item\n|clearpoke\n|poke|p1|Tauros-Paldea-Blaze, L50, M|\n|poke|p1|Froslass, L50, F|\n|poke|p1|Amoonguss, L50, M|\n|poke|p1|Flutter Mane, L50|\n|poke|p1|Chien-Pao, L50|\n|poke|p1|Arcanine, L50, M|\n|poke|p2|Annihilape, L50, M|\n|poke|p2|Maushold, L50|\n|poke|p2|Flutter Mane, L50|\n|poke|p2|Tyranitar, L50, M|\n|poke|p2|Lycanroc, L50, F|\n|poke|p2|Ting-Lu, L50|\n|teampreview|4\n|\n|t:|1682807087\n|start\n|switch|p1a: Tauros|Tauros-Paldea-Blaze, L50, M|100\/100\n|switch|p1b: Froslass|Froslass, L50, F|100\/100\n|switch|p2a: Tyranitar|Tyranitar, L50, M|100\/100\n|switch|p2b: Lycanroc|Lycanroc, L50, F|100\/100\n|-weather|Sandstorm|[from] ability: Sand Stream|[of] p2a: Tyranitar\n|turn|1\n|\n|t:|1682807114\n|move|p2b: Lycanroc|Rock Slide|p1b: Froslass|[spread] p1b\n|-miss|p2b: Lycanroc|p1a: Tauros\n|-supereffective|p1b: Froslass\n|-damage|p1b: Froslass|29\/100\n|cant|p1b: Froslass|flinch\n|move|p1a: Tauros|Earthquake|p2a: Tyranitar|[spread] p1b,p2a,p2b\n|-supereffective|p2a: Tyranitar\n|-supereffective|p2b: Lycanroc\n|-damage|p1b: Froslass|0 fnt\n|-damage|p2a: Tyranitar|67\/100\n|-damage|p2b: Lycanroc|17\/100\n|faint|p1b: Froslass\n|move|p2a: Tyranitar|Rock Slide|p1a: Tauros\n|-crit|p1a: Tauros\n|-damage|p1a: Tauros|24\/100\n|-setboost|p1a: Tauros|atk|6|[from] ability: Anger Point\n|-enditem|p1a: Tauros|Salac Berry|[eat]\n|-boost|p1a: Tauros|spe|1|[from] item: Salac Berry\n|\n|-weather|Sandstorm|[upkeep]\n|-damage|p1a: Tauros|18\/100|[from] Sandstorm\n|upkeep\n|c|\u2606whatupdog123|that crit works also oh well\n|\n|t:|1682807136\n|switch|p1b: Flutter Mane|Flutter Mane, L50|100\/100\n|-enditem|p1b: Flutter Mane|Booster Energy\n|-activate|p1b: Flutter Mane|ability: Protosynthesis|[fromitem]\n|-start|p1b: Flutter Mane|protosynthesisspe\n|turn|2\n|\n|t:|1682807152\n|move|p1a: Tauros|Protect|p1a: Tauros\n|-singleturn|p1a: Tauros|Protect\n|move|p2b: Lycanroc|Rock Slide|p1b: Flutter Mane|[spread] p1b\n|-activate|p1a: Tauros|move: Protect\n|-damage|p1b: Flutter Mane|36\/100\n|move|p1b: Flutter Mane|Dazzling Gleam|p2b: Lycanroc|[spread] p2a,p2b\n|-supereffective|p2a: Tyranitar\n|-damage|p2a: Tyranitar|43\/100\n|-damage|p2b: Lycanroc|0 fnt\n|faint|p2b: Lycanroc\n|move|p2a: Tyranitar|Rock Slide|p1a: Tauros|[spread] p1b\n|-activate|p1a: Tauros|move: Protect\n|-damage|p1b: Flutter Mane|0 fnt\n|faint|p1b: Flutter Mane\n|-end|p1b: Flutter Mane|Protosynthesis|[silent]\n|\n|-weather|Sandstorm|[upkeep]\n|-damage|p1a: Tauros|12\/100|[from] Sandstorm\n|upkeep\n|\n|t:|1682807164\n|switch|p1b: Chien-Pao|Chien-Pao, L50|100\/100\n|switch|p2b: Maushold|Maushold, L50|100\/100\n|-ability|p1b: Chien-Pao|Sword of Ruin\n|turn|3\n|\n|t:|1682807187\n|move|p2b: Maushold|Follow Me|p2b: Maushold\n|-singleturn|p2b: Maushold|move: Follow Me\n|move|p1a: Tauros|Raging Bull|p2b: Maushold\n|-damage|p2b: Maushold|0 fnt\n|faint|p2b: Maushold\n|move|p1b: Chien-Pao|Sacred Sword|p2a: Tyranitar\n|-supereffective|p2a: Tyranitar\n|-damage|p2a: Tyranitar|0 fnt\n|faint|p2a: Tyranitar\n|-damage|p1b: Chien-Pao|91\/100|[from] item: Life Orb\n|\n|-weather|Sandstorm|[upkeep]\n|-damage|p1a: Tauros|6\/100|[from] Sandstorm\n|-damage|p1b: Chien-Pao|85\/100|[from] Sandstorm\n|upkeep\n|\n|t:|1682807195\n|switch|p2b: Annihilape|Annihilape, L50, M|100\/100\n|turn|4\n|\n|t:|1682807214\n|-terastallize|p1b: Chien-Pao|Ice\n|move|p2b: Annihilape|Protect|p2b: Annihilape\n|-singleturn|p2b: Annihilape|Protect\n|move|p1a: Tauros|Raging Bull|p2b: Annihilape\n|-activate|p2b: Annihilape|move: Protect\n|move|p1b: Chien-Pao|Ice Spinner|p2b: Annihilape\n|-activate|p2b: Annihilape|move: Protect\n|\n|-weather|Sandstorm|[upkeep]\n|-damage|p1a: Tauros|0 fnt|[from] Sandstorm\n|-damage|p1b: Chien-Pao|79\/100|[from] Sandstorm\n|-damage|p2b: Annihilape|94\/100|[from] Sandstorm\n|faint|p1a: Tauros\n|-heal|p2b: Annihilape|100\/100|[from] item: Leftovers\n|upkeep\n|turn|5\n|\n|t:|1682807228\n|-terastallize|p2b: Annihilape|Water\n|move|p1b: Chien-Pao|Ice Spinner|p2b: Annihilape\n|-resisted|p2b: Annihilape\n|-crit|p2b: Annihilape\n|-damage|p2b: Annihilape|40\/100\n|-damage|p1b: Chien-Pao|70\/100|[from] item: Life Orb\n|move|p2b: Annihilape|Drain Punch|p1b: Chien-Pao\n|-supereffective|p1b: Chien-Pao\n|-damage|p1b: Chien-Pao|0 fnt\n|-heal|p2b: Annihilape|66\/100|[from] drain|[of] p1b: Chien-Pao\n|faint|p1b: Chien-Pao\n|\n|win|giotre2\n|raw|whatupdog123's rating: 1115 → 1094<\/strong> (-21 for losing)\n|raw|giotre2's rating: 1178 → 1199<\/strong> (+21 for winning)\n|l|\u2606whatupdog123\n|c|\u2606giotre2|ggs\n","uploadtime":1682807239,"views":21,"p1id":"whatupdog123","p2id":"giotre2","formatid":"gen9vgc2023regulationc","rating":1094,"private":0,"password":""}