{"id":"gen9vgc2023regulationc-1849766062","p1":"R2VGC","p2":"maucs","format":"[Gen 9] VGC 2023 Regulation C","log":"|j|\u2606R2VGC\n|j|\u2606maucs\n|t:|1682247929\n|gametype|doubles\n|player|p1|R2VGC|266|1221\n|player|p2|maucs|giovanni|1164\n|teamsize|p1|6\n|teamsize|p2|6\n|gen|9\n|tier|[Gen 9] VGC 2023 Regulation C\n|rated|\n|rule|Species Clause: Limit one of each Pok\u00e9mon\n|rule|Item Clause: Limit one of each item\n|clearpoke\n|poke|p1|Flutter Mane, L50|\n|poke|p1|Garganacl, L50, F|\n|poke|p1|Amoonguss, L50, F|\n|poke|p1|Palafin, L50, F|\n|poke|p1|Arcanine, L50, M|\n|poke|p1|Ting-Lu, L50|\n|poke|p2|Baxcalibur, L50, M|\n|poke|p2|Flutter Mane, L50|\n|poke|p2|Great Tusk, L50|\n|poke|p2|Talonflame, L50, F|\n|poke|p2|Breloom, L50, M|\n|poke|p2|Scizor, L50, F|\n|teampreview|4\n|inactive|Battle timer is ON: inactive players will automatically lose when time's up. (requested by maucs)\n|\n|t:|1682247945\n|start\n|switch|p1a: Palafin|Palafin, L50, F|100\/100\n|switch|p1b: Arcanine|Arcanine, L50, M|100\/100\n|switch|p2a: Flutter Mane|Flutter Mane, L50|100\/100\n|switch|p2b: Scizor|Scizor, L50, F|100\/100\n|-ability|p1b: Arcanine|Intimidate|boost\n|-unboost|p2a: Flutter Mane|atk|1\n|-unboost|p2b: Scizor|atk|1\n|turn|1\n|\n|t:|1682247969\n|detailschange|p1a: Palafin|Palafin-Hero, L50, F\n|switch|p1a: Amoonguss|Amoonguss, L50, F|100\/100\n|switch|p2b: Talonflame|Talonflame, L50, F|100\/100\n|move|p2a: Flutter Mane|Thunderbolt|p1a: Amoonguss\n|-resisted|p1a: Amoonguss\n|-damage|p1a: Amoonguss|78\/100\n|move|p1b: Arcanine|Flare Blitz|p2a: Flutter Mane\n|-damage|p2a: Flutter Mane|0 fnt\n|faint|p2a: Flutter Mane\n|-end|p2a: Flutter Mane|Protosynthesis|[silent]\n|-damage|p1b: Arcanine|79\/100|[from] Recoil\n|\n|upkeep\n|\n|t:|1682247974\n|switch|p2a: Scizor|Scizor, L50, F|100\/100\n|turn|2\n|inactive|R2VGC has 30 seconds left.\n|\n|t:|1682248001\n|-terastallize|p1a: Amoonguss|Water\n|move|p1b: Arcanine|Extreme Speed|p2b: Talonflame\n|-damage|p2b: Talonflame|62\/100\n|move|p2b: Talonflame|Tailwind|p2b: Talonflame\n|-sidestart|p2: maucs|move: Tailwind\n|move|p2a: Scizor|Aerial Ace|p1a: Amoonguss\n|-damage|p1a: Amoonguss|34\/100\n|-damage|p2a: Scizor|84\/100|[from] item: Rocky Helmet|[of] p1a: Amoonguss\n|move|p1a: Amoonguss|Pollen Puff|p1b: Arcanine\n|-heal|p1b: Arcanine|100\/100\n|\n|upkeep\n|turn|3\n|inactive|R2VGC has 30 seconds left.\n|inactive|maucs has 30 seconds left.\n|\n|t:|1682248036\n|switch|p2a: Great Tusk|Great Tusk, L50|100\/100\n|move|p1a: Amoonguss|Rage Powder|p1a: Amoonguss\n|-singleturn|p1a: Amoonguss|move: Rage Powder\n|move|p2b: Talonflame|Taunt|p1a: Amoonguss\n|-start|p1a: Amoonguss|move: Taunt\n|move|p1b: Arcanine|Flare Blitz|p2a: Great Tusk\n|-damage|p2a: Great Tusk|66\/100\n|-damage|p1b: Arcanine|88\/100|[from] Recoil\n|\n|upkeep\n|turn|4\n|inactive|R2VGC has 30 seconds left.\n|\n|t:|1682248063\n|move|p2b: Talonflame|Brave Bird|p1b: Arcanine\n|-damage|p1b: Arcanine|41\/100\n|-damage|p2b: Talonflame|42\/100|[from] Recoil\n|move|p2a: Great Tusk|Earthquake|p1b: Arcanine|[spread] p1a,p1b\n|-immune|p2b: Talonflame\n|-supereffective|p1b: Arcanine\n|-damage|p1a: Amoonguss|3\/100\n|-damage|p1b: Arcanine|0 fnt\n|faint|p1b: Arcanine\n|move|p1a: Amoonguss|Pollen Puff|p1: Arcanine|[notarget]\n|-fail|p1a: Amoonguss\n|\n|upkeep\n|\n|t:|1682248087\n|switch|p1b: Palafin|Palafin-Hero, L50, F|100\/100\n|-activate|p1b: Palafin|ability: Zero to Hero\n|turn|5\n|\n|t:|1682248105\n|move|p2b: Talonflame|Quick Guard|p2b: Talonflame\n|-singleturn|p2b: Talonflame|Quick Guard\n|move|p1b: Palafin|Jet Punch|p2a: Great Tusk\n|-activate|p2a: Great Tusk|move: Quick Guard\n|move|p2a: Great Tusk|Earthquake|p1a: Amoonguss|[spread] p1a,p1b\n|-immune|p2b: Talonflame\n|-damage|p1a: Amoonguss|0 fnt\n|-damage|p1b: Palafin|64\/100\n|faint|p1a: Amoonguss\n|\n|-sideend|p2: maucs|move: Tailwind\n|upkeep\n|\n|t:|1682248118\n|switch|p1a: Flutter Mane|Flutter Mane, L50|100\/100\n|turn|6\n|inactive|R2VGC has 30 seconds left.\n|\n|t:|1682248148\n|move|p1b: Palafin|Protect|p1b: Palafin\n|-singleturn|p1b: Palafin|Protect\n|move|p2b: Talonflame|Tailwind|p2b: Talonflame\n|-sidestart|p2: maucs|move: Tailwind\n|move|p2a: Great Tusk|Earthquake|p1b: Palafin|[spread] p1a\n|-activate|p1b: Palafin|move: Protect\n|-immune|p2b: Talonflame\n|-damage|p1a: Flutter Mane|33\/100\n|move|p1a: Flutter Mane|Dazzling Gleam|p2a: Great Tusk|[spread] p2a,p2b\n|-supereffective|p2a: Great Tusk\n|-resisted|p2b: Talonflame\n|-damage|p2a: Great Tusk|0 fnt\n|-damage|p2b: Talonflame|4\/100\n|faint|p2a: Great Tusk\n|-end|p2a: Great Tusk|Protosynthesis|[silent]\n|\n|upkeep\n|\n|t:|1682248151\n|switch|p2a: Scizor|Scizor, L50, F|84\/100\n|turn|7\n|\n|t:|1682248172\n|-terastallize|p2a: Scizor|Steel\n|move|p2b: Talonflame|Quick Guard|p2b: Talonflame\n|-singleturn|p2b: Talonflame|Quick Guard\n|move|p2a: Scizor|Bullet Punch|p1b: Palafin\n|-resisted|p1b: Palafin\n|-damage|p1b: Palafin|32\/100\n|move|p1a: Flutter Mane|Dazzling Gleam|p2a: Scizor|[spread] p2a,p2b\n|-resisted|p2a: Scizor\n|-resisted|p2b: Talonflame\n|-damage|p2a: Scizor|55\/100\n|-damage|p2b: Talonflame|0 fnt\n|faint|p2b: Talonflame\n|move|p1b: Palafin|Drain Punch|p2a: Scizor\n|-supereffective|p2a: Scizor\n|-damage|p2a: Scizor|0 fnt\n|-heal|p1b: Palafin|56\/100|[from] drain|[of] p2a: Scizor\n|faint|p2a: Scizor\n|\n|win|R2VGC\n|raw|R2VGC's rating: 1221 → 1242<\/strong> (+21 for winning)\n|raw|maucs's rating: 1164 → 1143<\/strong> (-21 for losing)\n|l|\u2606maucs\n","uploadtime":1682248193,"views":21,"p1id":"r2vgc","p2id":"maucs","formatid":"gen9vgc2023regulationc","rating":1143,"private":0,"password":""}