{"id":"gen9vgc2023regulationc-1860843276","p1":"BlindMagneton","p2":"hoeheng","format":"[Gen 9] VGC 2023 Regulation C","log":"|j|\u2606BlindMagneton\n|j|\u2606hoeheng\n|t:|1683684719\n|gametype|doubles\n|player|p1|BlindMagneton|wattson|1307\n|player|p2|hoeheng|hilda|1204\n|teamsize|p1|6\n|teamsize|p2|6\n|gen|9\n|tier|[Gen 9] VGC 2023 Regulation C\n|rated|\n|rule|Species Clause: Limit one of each Pok\u00e9mon\n|rule|Item Clause: Limit one of each item\n|clearpoke\n|poke|p1|Iron Bundle, L50|\n|poke|p1|Sandy Shocks, L50|\n|poke|p1|Pelipper, L50, M|\n|poke|p1|Scizor, L50, F|\n|poke|p1|Magnezone, L50|\n|poke|p1|Azumarill, L50, F|\n|poke|p2|Dondozo, L50, F|\n|poke|p2|Tatsugiri, L50, M|\n|poke|p2|Flutter Mane, L50|\n|poke|p2|Chi-Yu, L50|\n|poke|p2|Baxcalibur, L50, F|\n|poke|p2|Ting-Lu, L50|\n|teampreview|4\n|\n|t:|1683684771\n|start\n|switch|p1a: Scizor|Scizor, L50, F|100\/100\n|switch|p1b: Azumarill|Azumarill, L50, F|100\/100\n|switch|p2a: Mara-Tang|Ting-Lu, L50|100\/100\n|switch|p2b: \ub3c8\ub0b4\ub194|Dondozo, L50, F, shiny|100\/100\n|-ability|p2a: Mara-Tang|Vessel of Ruin\n|turn|1\n|inactive|Battle timer is ON: inactive players will automatically lose when time's up. (requested by hoeheng)\n|\n|t:|1683684821\n|move|p1a: Scizor|U-turn|p2a: Mara-Tang\n|-supereffective|p2a: Mara-Tang\n|-damage|p2a: Mara-Tang|31\/100\n|-enditem|p2a: Mara-Tang|Sitrus Berry|[eat]\n|-heal|p2a: Mara-Tang|56\/100|[from] item: Sitrus Berry\n|-damage|p1a: Scizor|91\/100|[from] item: Life Orb\n|\n|t:|1683684830\n|switch|p1a: Pelipper|Pelipper, L50, M|100\/100|[from] U-turn\n|-weather|RainDance|[from] ability: Drizzle|[of] p1a: Pelipper\n|move|p2b: \ub3c8\ub0b4\ub194|Yawn|p1a: Pelipper\n|-start|p1a: Pelipper|move: Yawn|[of] p2b: \ub3c8\ub0b4\ub194\n|move|p1b: Azumarill|Play Rough|p2a: Mara-Tang\n|-supereffective|p2a: Mara-Tang\n|-damage|p2a: Mara-Tang|0 fnt\n|faint|p2a: Mara-Tang\n|\n|-weather|RainDance|[upkeep]\n|upkeep\n|\n|t:|1683684845\n|switch|p2a: \ub0a0\uce58\uc54c\uc8fc\uba39\ubc25|Flutter Mane, L50|100\/100\n|-enditem|p2a: \ub0a0\uce58\uc54c\uc8fc\uba39\ubc25|Booster Energy\n|-activate|p2a: \ub0a0\uce58\uc54c\uc8fc\uba39\ubc25|ability: Protosynthesis|[fromitem]\n|-start|p2a: \ub0a0\uce58\uc54c\uc8fc\uba39\ubc25|protosynthesisspe\n|turn|2\n|\n|t:|1683684869\n|-end|p2a: \ub0a0\uce58\uc54c\uc8fc\uba39\ubc25|Protosynthesis|[silent]\n|switch|p2a: \ub098\ub450\ucb48\uc789|Tatsugiri, L50, M|100\/100\n|-activate|p2a: \ub098\ub450\ucb48\uc789|ability: Commander|[of] p2b: \ub3c8\ub0b4\ub194\n|-boost|p2b: \ub3c8\ub0b4\ub194|atk|2\n|-boost|p2b: \ub3c8\ub0b4\ub194|spa|2\n|-boost|p2b: \ub3c8\ub0b4\ub194|spe|2\n|-boost|p2b: \ub3c8\ub0b4\ub194|def|2\n|-boost|p2b: \ub3c8\ub0b4\ub194|spd|2\n|move|p1a: Pelipper|Wide Guard|p1a: Pelipper\n|-singleturn|p1a: Pelipper|Wide Guard\n|move|p2b: \ub3c8\ub0b4\ub194|Wave Crash|p1a: Pelipper\n|-resisted|p1a: Pelipper\n|-damage|p1a: Pelipper|17\/100\n|-damage|p2b: \ub3c8\ub0b4\ub194|86\/100|[from] Recoil\n|move|p1b: Azumarill|Play Rough|p2a: \ub098\ub450\ucb48\uc789|[miss]\n|-miss|p1b: Azumarill|p2a: \ub098\ub450\ucb48\uc789\n|\n|-weather|RainDance|[upkeep]\n|-heal|p2b: \ub3c8\ub0b4\ub194|92\/100|[from] item: Leftovers\n|-end|p1a: Pelipper|move: Yawn|[silent]\n|-status|p1a: Pelipper|slp\n|upkeep\n|turn|3\n|inactive|BlindMagneton has 30 seconds left.\n|\n|t:|1683684899\n|move|p2b: \ub3c8\ub0b4\ub194|Wave Crash|p1b: Azumarill\n|-resisted|p1b: Azumarill\n|-damage|p1b: Azumarill|25\/100\n|-damage|p2b: \ub3c8\ub0b4\ub194|72\/100|[from] Recoil\n|cant|p1a: Pelipper|slp\n|move|p1b: Azumarill|Play Rough|p2b: \ub3c8\ub0b4\ub194\n|-damage|p2b: \ub3c8\ub0b4\ub194|45\/100\n|\n|-weather|RainDance|[upkeep]\n|-heal|p2b: \ub3c8\ub0b4\ub194|51\/100|[from] item: Leftovers\n|upkeep\n|turn|4\n|\n|t:|1683684916\n|move|p2b: \ub3c8\ub0b4\ub194|Wave Crash|p1b: Azumarill\n|-resisted|p1b: Azumarill\n|-damage|p1b: Azumarill|0 fnt\n|faint|p1b: Azumarill\n|-damage|p2b: \ub3c8\ub0b4\ub194|44\/100|[from] Recoil\n|-curestatus|p1a: Pelipper|slp|[msg]\n|move|p1a: Pelipper|Hurricane|p2b: \ub3c8\ub0b4\ub194\n|-damage|p2b: \ub3c8\ub0b4\ub194|18\/100\n|-start|p2b: \ub3c8\ub0b4\ub194|confusion\n|\n|-weather|RainDance|[upkeep]\n|-heal|p2b: \ub3c8\ub0b4\ub194|24\/100|[from] item: Leftovers\n|upkeep\n|\n|t:|1683684927\n|switch|p1b: Magnezone|Magnezone, L50|100\/100\n|turn|5\n|inactive|BlindMagneton has 30 seconds left.\n|inactive|BlindMagneton has 20 seconds left.\n|inactive|BlindMagneton has 15 seconds left.\n|\n|t:|1683684970\n|move|p1b: Magnezone|Protect|p1b: Magnezone\n|-singleturn|p1b: Magnezone|Protect\n|-activate|p2b: \ub3c8\ub0b4\ub194|confusion\n|-damage|p2b: \ub3c8\ub0b4\ub194|17\/100|[from] confusion\n|move|p1a: Pelipper|Hurricane|p2b: \ub3c8\ub0b4\ub194\n|-damage|p2b: \ub3c8\ub0b4\ub194|0 fnt\n|faint|p2b: \ub3c8\ub0b4\ub194\n|\n|-weather|none\n|upkeep\n|\n|t:|1683684973\n|switch|p2b: \ub0a0\uce58\uc54c\uc8fc\uba39\ubc25|Flutter Mane, L50|100\/100\n|turn|6\n|inactive|BlindMagneton has 30 seconds left.\n|inactive|BlindMagneton has 20 seconds left.\n|inactive|BlindMagneton has 15 seconds left.\n|inactive|BlindMagneton has 10 seconds left.\n|\n|t:|1683685022\n|-terastallize|p1b: Magnezone|Flying\n|move|p1a: Pelipper|Wide Guard|p1a: Pelipper\n|-singleturn|p1a: Pelipper|Wide Guard\n|move|p2a: \ub098\ub450\ucb48\uc789|Muddy Water|p1b: Magnezone|[spread] \n|-activate|p1a: Pelipper|move: Wide Guard\n|-activate|p1b: Magnezone|move: Wide Guard\n|move|p2b: \ub0a0\uce58\uc54c\uc8fc\uba39\ubc25|Substitute|p2b: \ub0a0\uce58\uc54c\uc8fc\uba39\ubc25\n|-start|p2b: \ub0a0\uce58\uc54c\uc8fc\uba39\ubc25|Substitute\n|-damage|p2b: \ub0a0\uce58\uc54c\uc8fc\uba39\ubc25|76\/100\n|move|p1b: Magnezone|Tera Blast|p2a: \ub098\ub450\ucb48\uc789\n|-damage|p2a: \ub098\ub450\ucb48\uc789|46\/100\n|\n|upkeep\n|turn|7\n|\n|t:|1683685046\n|move|p1a: Pelipper|Wide Guard|p1a: Pelipper\n|-singleturn|p1a: Pelipper|Wide Guard\n|move|p2a: \ub098\ub450\ucb48\uc789|Muddy Water|p1b: Magnezone|[spread] \n|-activate|p1a: Pelipper|move: Wide Guard\n|-activate|p1b: Magnezone|move: Wide Guard\n|move|p2b: \ub0a0\uce58\uc54c\uc8fc\uba39\ubc25|Shadow Ball|p1b: Magnezone\n|-damage|p1b: Magnezone|63\/100\n|move|p1b: Magnezone|Tera Blast|p2a: \ub098\ub450\ucb48\uc789\n|-damage|p2a: \ub098\ub450\ucb48\uc789|0 fnt\n|faint|p2a: \ub098\ub450\ucb48\uc789\n|\n|upkeep\n|turn|8\n|-message|hoeheng forfeited.\n|\n|win|BlindMagneton\n|raw|BlindMagneton's rating: 1307 → 1321<\/strong> (+14 for winning)\n|raw|hoeheng's rating: 1204 → 1186<\/strong> (-18 for losing)\n|l|\u2606hoeheng\n","uploadtime":1683685071,"views":17,"p1id":"blindmagneton","p2id":"hoeheng","formatid":"gen9vgc2023regulationc","rating":1186,"private":0,"password":""}