{"id":"gen9vgc2023regulationc-1855209917","p1":"Abugbog","p2":"deadenne","format":"[Gen 9] VGC 2023 Regulation C","log":"|j|\u2606Abugbog\n|j|\u2606deadenne\n|t:|1682915582\n|gametype|doubles\n|player|p1|Abugbog|2|1065\n|player|p2|deadenne|ghetsis-gen5bw|1161\n|teamsize|p1|6\n|teamsize|p2|6\n|gen|9\n|tier|[Gen 9] VGC 2023 Regulation C\n|rated|\n|rule|Species Clause: Limit one of each Pok\u00e9mon\n|rule|Item Clause: Limit one of each item\n|clearpoke\n|poke|p1|Ting-Lu, L50|\n|poke|p1|Iron Hands, L50|\n|poke|p1|Bronzong, L50|\n|poke|p1|Palafin, L50, M|\n|poke|p1|Annihilape, L50, M|\n|poke|p1|Amoonguss, L50, M|\n|poke|p2|Iron Bundle, L50|\n|poke|p2|Flutter Mane, L50|\n|poke|p2|Palafin, L50, F|\n|poke|p2|Indeedee-F, L50, F|\n|poke|p2|Armarouge, L50, F|\n|poke|p2|Hydreigon, L50, F|\n|teampreview|4\n|inactive|Battle timer is ON: inactive players will automatically lose when time's up. (requested by deadenne)\n|\n|t:|1682915635\n|start\n|switch|p1a: Amoonguss|Amoonguss, L50, M, shiny|100\/100\n|switch|p1b: Bronzong|Bronzong, L50|100\/100\n|switch|p2a: Amidamaru|Flutter Mane, L50|100\/100\n|switch|p2b: Almight|Palafin, L50, F|100\/100\n|turn|1\n|\n|t:|1682915653\n|move|p1a: Amoonguss|Rage Powder|p1a: Amoonguss\n|-singleturn|p1a: Amoonguss|move: Rage Powder\n|move|p2b: Almight|Flip Turn|p1a: Amoonguss\n|-resisted|p1a: Amoonguss\n|-damage|p1a: Amoonguss|90\/100\n|\n|t:|1682915659\n|detailschange|p2b: Almight|Palafin-Hero, L50, F\n|switch|p2b: Metroid|Armarouge, L50, F|100\/100|[from] Flip Turn\n|move|p2a: Amidamaru|Taunt|p1a: Amoonguss\n|-start|p1a: Amoonguss|move: Taunt\n|move|p1b: Bronzong|Trick Room|p1b: Bronzong\n|-fieldstart|move: Trick Room|[of] p1b: Bronzong\n|\n|upkeep\n|turn|2\n|inactive|Abugbog has 30 seconds left.\n|inactive|Abugbog has 20 seconds left.\n|inactive|Abugbog has 15 seconds left.\n|inactive|Abugbog has 10 seconds left.\n|\n|t:|1682915705\n|switch|p1a: Ting-Lu|Ting-Lu, L50|100\/100\n|-ability|p1a: Ting-Lu|Vessel of Ruin\n|-end|p2a: Amidamaru|Protosynthesis|[silent]\n|switch|p2a: Rem|Indeedee-F, L50, F|100\/100\n|-fieldstart|move: Psychic Terrain|[from] ability: Psychic Surge|[of] p2a: Rem\n|-enditem|p2a: Rem|Psychic Seed\n|-boost|p2a: Rem|spd|1|[from] item: Psychic Seed\n|-terastallize|p2b: Metroid|Grass\n|move|p1b: Bronzong|Iron Defense|p1b: Bronzong\n|-boost|p1b: Bronzong|def|2\n|move|p2b: Metroid|Heat Wave|p1a: Ting-Lu|[spread] p1a,p1b\n|-supereffective|p1b: Bronzong\n|-damage|p1a: Ting-Lu|71\/100\n|-damage|p1b: Bronzong|29\/100\n|-damage|p2b: Metroid|90\/100|[from] item: Life Orb\n|\n|upkeep\n|turn|3\n|inactive|Abugbog has 30 seconds left.\n|inactive|Abugbog has 20 seconds left.\n|inactive|Abugbog has 15 seconds left.\n|inactive|Abugbog has 10 seconds left.\n|\n|t:|1682915751\n|move|p2a: Rem|Follow Me|p2a: Rem\n|-singleturn|p2a: Rem|move: Follow Me\n|move|p1b: Bronzong|Body Press|p2a: Rem\n|-damage|p2a: Rem|48\/100\n|move|p1a: Ting-Lu|Throat Chop|p2a: Rem\n|-supereffective|p2a: Rem\n|-damage|p2a: Rem|0 fnt\n|faint|p2a: Rem\n|move|p2b: Metroid|Heat Wave|p1a: Ting-Lu|[spread] p1a,p1b\n|-supereffective|p1b: Bronzong\n|-crit|p1b: Bronzong\n|-damage|p1a: Ting-Lu|43\/100\n|-damage|p1b: Bronzong|0 fnt\n|faint|p1b: Bronzong\n|-damage|p2b: Metroid|80\/100|[from] item: Life Orb\n|\n|upkeep\n|\n|t:|1682915768\n|switch|p1b: Iron Hands|Iron Hands, L50, shiny|100\/100\n|switch|p2a: Almight|Palafin-Hero, L50, F|100\/100\n|-activate|p2a: Almight|ability: Zero to Hero\n|turn|4\n|inactive|Abugbog has 30 seconds left.\n|inactive|Abugbog has 20 seconds left.\n|inactive|Abugbog has 15 seconds left.\n|\n|t:|1682915812\n|switch|p2a: Amidamaru|Flutter Mane, L50|100\/100\n|move|p1a: Ting-Lu|Throat Chop|p2b: Metroid\n|-damage|p2b: Metroid|39\/100\n|-start|p2b: Metroid|Throat Chop|[silent]\n|move|p1b: Iron Hands|Drain Punch|p2b: Metroid\n|-damage|p2b: Metroid|0 fnt\n|faint|p2b: Metroid\n|\n|upkeep\n|\n|t:|1682915823\n|switch|p2b: Almight|Palafin-Hero, L50, F|100\/100\n|turn|5\n|inactive|Abugbog has 30 seconds left.\n|\n|t:|1682915849\n|-terastallize|p1b: Iron Hands|Grass\n|move|p1a: Ting-Lu|Heavy Slam|p2a: Amidamaru\n|-supereffective|p2a: Amidamaru\n|-enditem|p2a: Amidamaru|Focus Sash\n|-damage|p2a: Amidamaru|1\/100\n|move|p1b: Iron Hands|Wild Charge|p2b: Almight\n|-supereffective|p2b: Almight\n|-damage|p2b: Almight|0 fnt\n|faint|p2b: Almight\n|-damage|p1b: Iron Hands|81\/100|[from] Recoil\n|move|p2a: Amidamaru|Dazzling Gleam|p1b: Iron Hands|[spread] p1a,p1b\n|-supereffective|p1a: Ting-Lu\n|-crit|p1b: Iron Hands\n|-damage|p1a: Ting-Lu|8\/100\n|-damage|p1b: Iron Hands|63\/100\n|-enditem|p1a: Ting-Lu|Weakness Policy\n|-boost|p1a: Ting-Lu|atk|2|[from] item: Weakness Policy\n|-boost|p1a: Ting-Lu|spa|2|[from] item: Weakness Policy\n|\n|-fieldend|move: Trick Room\n|upkeep\n|turn|6\n|-message|deadenne forfeited.\n|\n|win|Abugbog\n|raw|Abugbog's rating: 1065 → 1103<\/strong> (+38 for winning)\n|raw|deadenne's rating: 1161 → 1129<\/strong> (-32 for losing)\n|l|\u2606deadenne\n","uploadtime":1682915872,"views":17,"p1id":"abugbog","p2id":"deadenne","formatid":"gen9vgc2023regulationc","rating":1103,"private":0,"password":""}