{"id":"gen9vgc2023regulationc-1848079816","p1":"tang justin","p2":"Rolling Mooo","format":"[Gen 9] VGC 2023 Regulation C","log":"|j|\u2606tang justin\n|j|\u2606Rolling Mooo\n|t:|1682027366\n|gametype|doubles\n|player|p1|tang justin|169|1808\n|player|p2|Rolling Mooo|1|1754\n|teamsize|p1|6\n|teamsize|p2|6\n|gen|9\n|tier|[Gen 9] VGC 2023 Regulation C\n|rated|\n|rule|Species Clause: Limit one of each Pok\u00e9mon\n|rule|Item Clause: Limit one of each item\n|clearpoke\n|poke|p1|Ting-Lu, L50|\n|poke|p1|Amoonguss, L50, F|\n|poke|p1|Garganacl, L50, F|\n|poke|p1|Arcanine, L50, F|\n|poke|p1|Roaring Moon, L50|\n|poke|p1|Iron Bundle, L50|\n|poke|p2|Amoonguss, L50, F|\n|poke|p2|Palafin, L50, F|\n|poke|p2|Arcanine, L50, F|\n|poke|p2|Flutter Mane, L50|\n|poke|p2|Ting-Lu, L50|\n|poke|p2|Baxcalibur, L50, M|\n|teampreview|4\n|inactive|Battle timer is ON: inactive players will automatically lose when time's up. (requested by Rolling Mooo)\n|j| DeathToScarfChiYu\n|j| HatingVGCsoMuch\ntang justin has agreed to open team sheets.\n|inactive|Rolling Mooo has 60 seconds left.\n|inactive|Rolling Mooo has 30 seconds left.\n|\n|t:|1682027435\n|start\n|switch|p1a: Garganacl|Garganacl, L50, F|100\/100\n|switch|p1b: Arcanine|Arcanine, L50, F|100\/100\n|switch|p2a: Palafin|Palafin, L50, F|100\/100\n|switch|p2b: Amoonguss|Amoonguss, L50, F|100\/100\n|-ability|p1b: Arcanine|Intimidate|boost\n|-unboost|p2a: Palafin|atk|1\n|-unboost|p2b: Amoonguss|atk|1\n|turn|1\n|inactive|Rolling Mooo has 30 seconds left.\n|inactive|Rolling Mooo has 20 seconds left.\n|\n|t:|1682027472\n|-terastallize|p2a: Palafin|Water\n|move|p1b: Arcanine|Will-O-Wisp|p2a: Palafin\n|-status|p2a: Palafin|brn\n|move|p2a: Palafin|Wave Crash|p1b: Arcanine\n|-supereffective|p1b: Arcanine\n|-damage|p1b: Arcanine|63\/100\n|-damage|p2a: Palafin|89\/100 brn|[from] Recoil\n|move|p2b: Amoonguss|Spore|p1b: Arcanine\n|-status|p1b: Arcanine|slp|[from] move: Spore\n|move|p1a: Garganacl|Stealth Rock|p2b: Amoonguss\n|-sidestart|p2: Rolling Mooo|move: Stealth Rock\n|\n|-damage|p2a: Palafin|83\/100 brn|[from] brn\n|upkeep\n|turn|2\n|\n|t:|1682027496\n|switch|p2b: Flutter Mane|Flutter Mane, L50|100\/100\n|-damage|p2b: Flutter Mane|88\/100|[from] Stealth Rock\n|cant|p1b: Arcanine|slp\n|move|p2a: Palafin|Wave Crash|p1a: Garganacl\n|-supereffective|p1a: Garganacl\n|-damage|p1a: Garganacl|72\/100\n|-damage|p2a: Palafin|73\/100 brn|[from] Recoil\n|move|p1a: Garganacl|Salt Cure|p2b: Flutter Mane\n|-damage|p2b: Flutter Mane|61\/100\n|-start|p2b: Flutter Mane|Salt Cure\n|\n|-heal|p1a: Garganacl|77\/100|[from] item: Leftovers\n|-damage|p2a: Palafin|68\/100 brn|[from] brn\n|-damage|p2b: Flutter Mane|49\/100|[from] Salt Cure\n|upkeep\n|turn|3\n|\n|t:|1682027506\n|-end|p2b: Flutter Mane|Protosynthesis|[silent]\n|switch|p2b: Amoonguss|Amoonguss, L50, F|100\/100\n|-damage|p2b: Amoonguss|88\/100|[from] Stealth Rock\n|-curestatus|p1b: Arcanine|slp|[msg]\n|move|p1b: Arcanine|Flare Blitz|p2b: Amoonguss\n|-supereffective|p2b: Amoonguss\n|-damage|p2b: Amoonguss|11\/100\n|-damage|p1b: Arcanine|47\/100|[from] item: Rocky Helmet|[of] p2b: Amoonguss\n|-damage|p1b: Arcanine|18\/100|[from] Recoil\n|-enditem|p1b: Arcanine|Iapapa Berry|[eat]\n|-heal|p1b: Arcanine|51\/100|[from] item: Iapapa Berry\n|move|p2a: Palafin|Wave Crash|p1b: Arcanine\n|-supereffective|p1b: Arcanine\n|-damage|p1b: Arcanine|14\/100\n|-damage|p2a: Palafin|56\/100 brn|[from] Recoil\n|move|p1a: Garganacl|Salt Cure|p2a: Palafin\n|-damage|p2a: Palafin|40\/100 brn\n|-start|p2a: Palafin|Salt Cure\n|\n|-heal|p1a: Garganacl|83\/100|[from] item: Leftovers\n|-damage|p2a: Palafin|34\/100 brn|[from] brn\n|-damage|p2a: Palafin|10\/100 brn|[from] Salt Cure\n|upkeep\n|turn|4\n|\n|t:|1682027525\n|switch|p2b: Arcanine|Arcanine, L50, F|100\/100\n|-damage|p2b: Arcanine|76\/100|[from] Stealth Rock\n|-ability|p2b: Arcanine|Intimidate|boost\n|-unboost|p1a: Garganacl|atk|1\n|-unboost|p1b: Arcanine|atk|1\n|move|p1b: Arcanine|Extreme Speed|p2a: Palafin\n|-damage|p2a: Palafin|0 fnt\n|faint|p2a: Palafin\n|move|p1a: Garganacl|Salt Cure|p2b: Arcanine\n|-supereffective|p2b: Arcanine\n|-damage|p2b: Arcanine|60\/100\n|-start|p2b: Arcanine|Salt Cure\n|\n|-heal|p1a: Garganacl|89\/100|[from] item: Leftovers\n|-damage|p2b: Arcanine|48\/100|[from] Salt Cure\n|upkeep\n|-enditem|p2b: Arcanine|Sitrus Berry|[eat]\n|-heal|p2b: Arcanine|73\/100|[from] item: Sitrus Berry\n|\n|t:|1682027534\n|switch|p2a: Amoonguss|Amoonguss, L50, F|44\/100\n|-damage|p2a: Amoonguss|32\/100|[from] Stealth Rock\n|turn|5\n|\n|t:|1682027547\n|switch|p2b: Flutter Mane|Flutter Mane, L50|49\/100\n|-damage|p2b: Flutter Mane|36\/100|[from] Stealth Rock\n|move|p1b: Arcanine|Flare Blitz|p2a: Amoonguss\n|-supereffective|p2a: Amoonguss\n|-damage|p2a: Amoonguss|0 fnt\n|-damage|p1b: Arcanine|0 fnt|[from] item: Rocky Helmet|[of] p2a: Amoonguss\n|faint|p2a: Amoonguss\n|faint|p1b: Arcanine\n|move|p1a: Garganacl|Salt Cure|p2b: Flutter Mane\n|-damage|p2b: Flutter Mane|18\/100\n|-start|p2b: Flutter Mane|Salt Cure\n|\n|-heal|p1a: Garganacl|95\/100|[from] item: Leftovers\n|-damage|p2b: Flutter Mane|6\/100|[from] Salt Cure\n|upkeep\n|\n|t:|1682027553\n|switch|p1b: Iron Bundle|Iron Bundle, L50|100\/100\n|switch|p2a: Arcanine|Arcanine, L50, F|73\/100\n|-damage|p2a: Arcanine|48\/100|[from] Stealth Rock\n|-ability|p2a: Arcanine|Intimidate|boost\n|-unboost|p1a: Garganacl|atk|1\n|-unboost|p1b: Iron Bundle|atk|1\n|turn|6\n|-message|Rolling Mooo forfeited.\n|\n|win|tang justin\n|raw|tang justin's rating: 1808 → 1825<\/strong> (+17 for winning)\n|raw|Rolling Mooo's rating: 1754 → 1737<\/strong> (-17 for losing)\n|l|\u2606Rolling Mooo\n","uploadtime":1682027561,"views":15,"p1id":"tangjustin","p2id":"rollingmooo","formatid":"gen9vgc2023regulationc","rating":1737,"private":0,"password":""}