{"id":"gen9vgc2023regulationc-1846190654","p1":"DessertVGC","p2":"KruegsVGC","format":"[Gen 9] VGC 2023 Regulation C","log":"|j|\u2606DessertVGC\n|j|\u2606KruegsVGC\n|t:|1681819364\n|gametype|doubles\n|player|p1|DessertVGC|265|1137\n|player|p2|KruegsVGC|2|1199\n|teamsize|p1|6\n|teamsize|p2|6\n|gen|9\n|tier|[Gen 9] VGC 2023 Regulation C\n|rated|\n|rule|Species Clause: Limit one of each Pok\u00e9mon\n|rule|Item Clause: Limit one of each item\n|clearpoke\n|poke|p1|Arcanine, L50, M|\n|poke|p1|Palafin, L50, F|\n|poke|p1|Amoonguss, L50, M|\n|poke|p1|Flutter Mane, L50|\n|poke|p1|Tinkaton, L50, F|\n|poke|p1|Hydreigon, L50, M|\n|poke|p2|Lilligant, L50, F|\n|poke|p2|Torkoal, L50, M|\n|poke|p2|Flutter Mane, L50|\n|poke|p2|Chi-Yu, L50|\n|poke|p2|Great Tusk, L50|\n|poke|p2|Dragonite, L50, M|\n|teampreview|4\n|inactive|Battle timer is ON: inactive players will automatically lose when time's up. (requested by DessertVGC)\n|\n|t:|1681819442\n|start\n|switch|p1a: Tinkaton|Tinkaton, L50, F|100\/100\n|switch|p1b: Hydreigon|Hydreigon, L50, M|100\/100\n|switch|p2a: Lilligant|Lilligant, L50, F|100\/100\n|switch|p2b: Torkoal|Torkoal, L50, M|100\/100\n|-ability|p1a: Tinkaton|Mold Breaker\n|-weather|SunnyDay|[from] ability: Drought|[of] p2b: Torkoal\n|turn|1\n|\n|t:|1681819461\n|move|p2a: Lilligant|Protect|p2a: Lilligant\n|-singleturn|p2a: Lilligant|Protect\n|move|p2b: Torkoal|Protect|p2b: Torkoal\n|-singleturn|p2b: Torkoal|Protect\n|move|p1a: Tinkaton|Fake Out|p2a: Lilligant\n|-activate|p2a: Lilligant|move: Protect\n|move|p1b: Hydreigon|Draco Meteor|p2b: Torkoal\n|-activate|p2b: Torkoal|move: Protect\n|\n|-weather|SunnyDay|[upkeep]\n|upkeep\n|turn|2\n|\n|t:|1681819485\n|switch|p1a: Palafin|Palafin, L50, F|100\/100\n|switch|p2b: Great Tusk|Great Tusk, L50|100\/100\n|-activate|p2b: Great Tusk|ability: Protosynthesis\n|-start|p2b: Great Tusk|protosynthesisatk\n|move|p2a: Lilligant|Sleep Powder|p1b: Hydreigon|[miss]\n|-miss|p2a: Lilligant|p1b: Hydreigon\n|move|p1b: Hydreigon|Dark Pulse|p2b: Great Tusk\n|-resisted|p2b: Great Tusk\n|-damage|p2b: Great Tusk|60\/100\n|-damage|p1b: Hydreigon|91\/100|[from] item: Life Orb\n|\n|-weather|SunnyDay|[upkeep]\n|upkeep\n|turn|3\n|inactive|DessertVGC has 30 seconds left.\n|inactive|KruegsVGC has 30 seconds left.\n|\n|t:|1681819511\n|detailschange|p1a: Palafin|Palafin-Hero, L50, F\n|switch|p1a: Tinkaton|Tinkaton, L50, F|100\/100\n|-ability|p1a: Tinkaton|Mold Breaker\n|move|p1b: Hydreigon|Protect|p1b: Hydreigon\n|-singleturn|p1b: Hydreigon|Protect\n|move|p2a: Lilligant|Sleep Powder|p1b: Hydreigon\n|-activate|p1b: Hydreigon|move: Protect\n|move|p2b: Great Tusk|Headlong Rush|p1a: Tinkaton\n|-supereffective|p1a: Tinkaton\n|-crit|p1a: Tinkaton\n|-damage|p1a: Tinkaton|0 fnt\n|-unboost|p2b: Great Tusk|def|1\n|-unboost|p2b: Great Tusk|spd|1\n|faint|p1a: Tinkaton\n|\n|-weather|SunnyDay|[upkeep]\n|upkeep\n|\n|t:|1681819530\n|switch|p1a: Palafin|Palafin-Hero, L50, F|100\/100\n|-activate|p1a: Palafin|ability: Zero to Hero\n|turn|4\n|inactive|DessertVGC has 30 seconds left.\n|inactive|DessertVGC has 20 seconds left.\n|\n|t:|1681819566\n|move|p2a: Lilligant|Leaf Storm|p1a: Palafin\n|-supereffective|p1a: Palafin\n|-damage|p1a: Palafin|0 fnt\n|-unboost|p2a: Lilligant|spa|2\n|faint|p1a: Palafin\n|move|p1b: Hydreigon|Draco Meteor|p2b: Great Tusk\n|-crit|p2b: Great Tusk\n|-damage|p2b: Great Tusk|0 fnt\n|-unboost|p1b: Hydreigon|spa|2\n|faint|p2b: Great Tusk\n|-end|p2b: Great Tusk|Protosynthesis|[silent]\n|-damage|p1b: Hydreigon|81\/100|[from] item: Life Orb\n|\n|-weather|SunnyDay|[upkeep]\n|upkeep\n|\n|t:|1681819575\n|switch|p1a: Flutter Mane|Flutter Mane, L50|100\/100\n|switch|p2b: Chi-Yu|Chi-Yu, L50|100\/100\n|-ability|p2b: Chi-Yu|Beads of Ruin\n|-activate|p1a: Flutter Mane|ability: Protosynthesis\n|-start|p1a: Flutter Mane|protosynthesisspe\n|turn|5\n|\n|t:|1681819598\n|move|p2a: Lilligant|Sleep Powder|p1a: Flutter Mane\n|-status|p1a: Flutter Mane|slp|[from] move: Sleep Powder\n|cant|p1a: Flutter Mane|slp\n|move|p2b: Chi-Yu|Heat Wave|p1a: Flutter Mane|[spread] \n|-miss|p2b: Chi-Yu|p1a: Flutter Mane\n|-miss|p2b: Chi-Yu|p1b: Hydreigon\n|move|p1b: Hydreigon|Draco Meteor|p2b: Chi-Yu|[miss]\n|-miss|p1b: Hydreigon|p2b: Chi-Yu\n|\n|-weather|none\n|-end|p1a: Flutter Mane|Protosynthesis\n|upkeep\n|-enditem|p1a: Flutter Mane|Booster Energy\n|-activate|p1a: Flutter Mane|ability: Protosynthesis|[fromitem]\n|-start|p1a: Flutter Mane|protosynthesisspe\n|turn|6\n|\n|t:|1681819616\n|cant|p1a: Flutter Mane|slp\n|move|p2b: Chi-Yu|Heat Wave|p1a: Flutter Mane|[spread] p1a,p1b\n|-resisted|p1b: Hydreigon\n|-damage|p1a: Flutter Mane|43\/100 slp\n|-damage|p1b: Hydreigon|54\/100\n|move|p1b: Hydreigon|Dark Pulse|p2a: Lilligant\n|-damage|p2a: Lilligant|43\/100\n|-damage|p1b: Hydreigon|45\/100|[from] item: Life Orb\n|move|p2a: Lilligant|Sleep Powder|p1b: Hydreigon\n|-status|p1b: Hydreigon|slp|[from] move: Sleep Powder\n|\n|upkeep\n|turn|7\n|\n|t:|1681819630\n|switch|p2a: Torkoal|Torkoal, L50, M|100\/100\n|-weather|SunnyDay|[from] ability: Drought|[of] p2a: Torkoal\n|cant|p1a: Flutter Mane|slp\n|move|p2b: Chi-Yu|Heat Wave|p1a: Flutter Mane|[spread] p1a,p1b\n|-resisted|p1b: Hydreigon\n|-damage|p1a: Flutter Mane|0 fnt\n|-damage|p1b: Hydreigon|3\/100 slp\n|faint|p1a: Flutter Mane\n|-end|p1a: Flutter Mane|Protosynthesis|[silent]\n|cant|p1b: Hydreigon|slp\n|\n|-weather|SunnyDay|[upkeep]\n|upkeep\n|turn|8\n|c|\u2606KruegsVGC|gg\n|-message|DessertVGC forfeited.\n|\n|win|KruegsVGC\n|raw|DessertVGC's rating: 1137 → 1116<\/strong> (-21 for losing)\n|raw|KruegsVGC's rating: 1199 → 1220<\/strong> (+21 for winning)\n|c|\u2606DessertVGC|gg\n","uploadtime":1681819663,"views":5,"p1id":"dessertvgc","p2id":"kruegsvgc","formatid":"gen9vgc2023regulationc","rating":1116,"private":0,"password":""}