{"id":"gen9vgc2023regulationc-1847422180","p1":"RubyScarletC","p2":"JAG53","format":"[Gen 9] VGC 2023 Regulation C","log":"|j|\u2606RubyScarletC\n|j|\u2606JAG53\n|t:|1681953221\n|gametype|doubles\n|player|p1|RubyScarletC|clerkf|1426\n|player|p2|JAG53|steven|1430\n|teamsize|p1|6\n|teamsize|p2|6\n|gen|9\n|tier|[Gen 9] VGC 2023 Regulation C\n|rated|\n|rule|Species Clause: Limit one of each Pok\u00e9mon\n|rule|Item Clause: Limit one of each item\n|clearpoke\n|poke|p1|Torkoal, L50, M|\n|poke|p1|Jumpluff, L50, F|\n|poke|p1|Flutter Mane, L50|\n|poke|p1|Great Tusk, L50|\n|poke|p1|Kingambit, L50, M|\n|poke|p1|Chien-Pao, L50|\n|poke|p2|Amoonguss, L50, F|\n|poke|p2|Pelipper, L50, M|\n|poke|p2|Palafin, L50, F|\n|poke|p2|Chien-Pao, L50|\n|poke|p2|Gholdengo, L50|\n|poke|p2|Garchomp, L50, M|\n|teampreview|4\n|inactive|Battle timer is ON: inactive players will automatically lose when time's up. (requested by JAG53)\n|inactive|RubyScarletC has 60 seconds left.\n|inactive|JAG53 has 60 seconds left.\n|\n|t:|1681953273\n|start\n|switch|p1a: Jumpluff|Jumpluff, L50, F, shiny|100\/100\n|switch|p1b: Flutter Mane|Flutter Mane, L50|100\/100\n|switch|p2a: Chien-Pao|Chien-Pao, L50|100\/100\n|switch|p2b: Palafin|Palafin, L50, F|100\/100\n|-ability|p2a: Chien-Pao|Sword of Ruin\n|turn|1\n|inactive|RubyScarletC has 30 seconds left.\n|\n|t:|1681953307\n|-end|p1b: Flutter Mane|Protosynthesis|[silent]\n|switch|p1b: Torkoal|Torkoal, L50, M|100\/100\n|-weather|SunnyDay|[from] ability: Drought|[of] p1b: Torkoal\n|move|p2a: Chien-Pao|Protect|p2a: Chien-Pao\n|-singleturn|p2a: Chien-Pao|Protect\n|move|p2b: Palafin|Protect|p2b: Palafin\n|-singleturn|p2b: Palafin|Protect\n|move|p1a: Jumpluff|Tailwind|p1a: Jumpluff\n|-sidestart|p1: RubyScarletC|move: Tailwind\n|\n|-weather|SunnyDay|[upkeep]\n|upkeep\n|turn|2\n|inactive|RubyScarletC has 30 seconds left.\n|inactive|JAG53 has 30 seconds left.\n|\n|t:|1681953339\n|switch|p2a: Pelipper|Pelipper, L50, M|100\/100\n|-weather|RainDance|[from] ability: Drizzle|[of] p2a: Pelipper\n|-terastallize|p2b: Palafin|Water\n|move|p1a: Jumpluff|Sleep Powder|p2b: Palafin|[miss]\n|-miss|p1a: Jumpluff|p2b: Palafin\n|move|p2b: Palafin|Wave Crash|p1b: Torkoal\n|-supereffective|p1b: Torkoal\n|-damage|p1b: Torkoal|0 fnt\n|faint|p1b: Torkoal\n|-damage|p2b: Palafin|71\/100|[from] Recoil\n|\n|-weather|RainDance|[upkeep]\n|upkeep\n|inactive|RubyScarletC has 30 seconds left.\n|\n|t:|1681953365\n|switch|p1b: Flutter Mane|Flutter Mane, L50|100\/100\n|turn|3\n|inactive|RubyScarletC has 30 seconds left.\n|\n|t:|1681953396\n|move|p2b: Palafin|Protect|p2b: Palafin\n|-singleturn|p2b: Palafin|Protect\n|move|p1b: Flutter Mane|Thunderbolt|p2a: Pelipper\n|-supereffective|p2a: Pelipper\n|-damage|p2a: Pelipper|0 fnt\n|faint|p2a: Pelipper\n|move|p1a: Jumpluff|Sleep Powder|p2b: Palafin\n|-activate|p2b: Palafin|move: Protect\n|\n|-weather|RainDance|[upkeep]\n|upkeep\n|\n|t:|1681953417\n|switch|p2a: Gholdengo|Gholdengo, L50|100\/100\n|turn|4\n|\n|t:|1681953438\n|-end|p1b: Flutter Mane|Protosynthesis|[silent]\n|switch|p1b: Chien-Pao|Chien-Pao, L50|100\/100\n|-ability|p1b: Chien-Pao|Sword of Ruin\n|move|p2b: Palafin|Jet Punch|p1b: Chien-Pao\n|-damage|p1b: Chien-Pao|26\/100\n|move|p1a: Jumpluff|Sleep Powder|p2b: Palafin\n|-status|p2b: Palafin|slp|[from] move: Sleep Powder\n|move|p2a: Gholdengo|Make It Rain|p1a: Jumpluff|[spread] p1a,p1b\n|-supereffective|p1b: Chien-Pao\n|-damage|p1a: Jumpluff|26\/100\n|-damage|p1b: Chien-Pao|0 fnt\n|-unboost|p2a: Gholdengo|spa|1\n|faint|p1b: Chien-Pao\n|\n|-weather|RainDance|[upkeep]\n|-sideend|p1: RubyScarletC|move: Tailwind\n|upkeep\n|\n|t:|1681953454\n|switch|p1b: Flutter Mane|Flutter Mane, L50|100\/100\n|turn|5\n|inactive|RubyScarletC has 30 seconds left.\n|\n|t:|1681953482\n|-terastallize|p1b: Flutter Mane|Water\n|cant|p2b: Palafin|slp\n|move|p1b: Flutter Mane|Shadow Ball|p2a: Gholdengo\n|-supereffective|p2a: Gholdengo\n|-damage|p2a: Gholdengo|0 fnt\n|faint|p2a: Gholdengo\n|move|p1a: Jumpluff|Tailwind|p1a: Jumpluff\n|-sidestart|p1: RubyScarletC|move: Tailwind\n|\n|-weather|RainDance|[upkeep]\n|upkeep\n|\n|t:|1681953491\n|switch|p2a: Chien-Pao|Chien-Pao, L50|100\/100\n|-ability|p2a: Chien-Pao|Sword of Ruin\n|turn|6\n|\n|t:|1681953507\n|cant|p2b: Palafin|slp\n|move|p1b: Flutter Mane|Shadow Ball|p2b: Palafin\n|-damage|p2b: Palafin|0 fnt\n|faint|p2b: Palafin\n|move|p1a: Jumpluff|Sleep Powder|p2a: Chien-Pao\n|-status|p2a: Chien-Pao|slp|[from] move: Sleep Powder\n|cant|p2a: Chien-Pao|slp\n|\n|-weather|RainDance|[upkeep]\n|upkeep\n|turn|7\n|-message|JAG53 forfeited.\n|\n|win|RubyScarletC\n|raw|RubyScarletC's rating: 1426 → 1446<\/strong> (+20 for winning)\n|raw|JAG53's rating: 1430 → 1410<\/strong> (-20 for losing)\n|l|\u2606JAG53\n","uploadtime":1681953611,"views":12,"p1id":"rubyscarletc","p2id":"jag53","formatid":"gen9vgc2023regulationc","rating":1410,"private":0,"password":""}