{"id":"gen9vgc2023regulationc-1846001829","p1":"DNDS","p2":"Azun","format":"[Gen 9] VGC 2023 Regulation C","log":"|j|\u2606DNDS\n|j|\u2606Azun\n|t:|1681789663\n|gametype|doubles\n|player|p1|DNDS|ghetsis|1451\n|player|p2|Azun|265|1456\n|teamsize|p1|6\n|teamsize|p2|6\n|gen|9\n|tier|[Gen 9] VGC 2023 Regulation C\n|rated|\n|rule|Species Clause: Limit one of each Pok\u00e9mon\n|rule|Item Clause: Limit one of each item\n|clearpoke\n|poke|p1|Flutter Mane, L50|\n|poke|p1|Iron Bundle, L50|\n|poke|p1|Chi-Yu, L50|\n|poke|p1|Grimmsnarl, L50, M|\n|poke|p1|Farigiraf, L50, M|\n|poke|p1|Gastrodon-East, L50, M|\n|poke|p2|Annihilape, L50, F|\n|poke|p2|Chien-Pao, L50|\n|poke|p2|Farigiraf, L50, F|\n|poke|p2|Amoonguss, L50, F|\n|poke|p2|Palafin, L50, F|\n|poke|p2|Arcanine, L50, F|\n|teampreview|4\n|inactive|Battle timer is ON: inactive players will automatically lose when time's up. (requested by Azun)\n|inactive|DNDS has 60 seconds left.\n|inactive|Azun has 60 seconds left.\n|\n|t:|1681789719\n|start\n|switch|p1a: Chi-Yu|Chi-Yu, L50|100\/100\n|switch|p1b: Flutter Mane|Flutter Mane, L50|100\/100\n|switch|p2a: Annihilape|Annihilape, L50, F|100\/100\n|switch|p2b: Arcanine|Arcanine, L50, F|100\/100\n|-ability|p1a: Chi-Yu|Beads of Ruin\n|-ability|p2b: Arcanine|Intimidate|boost\n|-unboost|p1a: Chi-Yu|atk|1\n|-unboost|p1b: Flutter Mane|atk|1\n|turn|1\n|inactive|DNDS has 30 seconds left.\n|\n|t:|1681789745\n|-terastallize|p2a: Annihilape|Fire\n|move|p2b: Arcanine|Protect|p2b: Arcanine\n|-singleturn|p2b: Arcanine|Protect\n|move|p1b: Flutter Mane|Shadow Ball|p2b: Arcanine\n|-activate|p2b: Arcanine|move: Protect\n|move|p1a: Chi-Yu|Dark Pulse|p2b: Arcanine\n|-activate|p2b: Arcanine|move: Protect\n|move|p2a: Annihilape|Rage Fist|p1b: Flutter Mane\n|-supereffective|p1b: Flutter Mane\n|-damage|p1b: Flutter Mane|0 fnt\n|faint|p1b: Flutter Mane\n|-end|p1b: Flutter Mane|Protosynthesis|[silent]\n|\n|upkeep\n|\n|t:|1681789755\n|switch|p1b: Grimmsnarl|Grimmsnarl, L50, M|100\/100\n|turn|2\n|\n|t:|1681789770\n|move|p1b: Grimmsnarl|Fake Out|p2b: Arcanine\n|-damage|p2b: Arcanine|87\/100\n|move|p1a: Chi-Yu|Dark Pulse|p2b: Arcanine\n|-damage|p2b: Arcanine|11\/100\n|cant|p2b: Arcanine|flinch\n|move|p2a: Annihilape|Close Combat|p1b: Grimmsnarl\n|-damage|p1b: Grimmsnarl|45\/100\n|-unboost|p2a: Annihilape|def|1\n|-unboost|p2a: Annihilape|spd|1\n|\n|upkeep\n|turn|3\n|\n|t:|1681789786\n|move|p2b: Arcanine|Extreme Speed|p1b: Grimmsnarl\n|-damage|p1b: Grimmsnarl|21\/100\n|move|p1b: Grimmsnarl|Fake Tears|p2a: Annihilape\n|-unboost|p2a: Annihilape|spd|2\n|-ability|p2a: Annihilape|Defiant|boost\n|-boost|p2a: Annihilape|atk|2\n|move|p1a: Chi-Yu|Dark Pulse|p2a: Annihilape\n|-damage|p2a: Annihilape|0 fnt\n|faint|p2a: Annihilape\n|\n|upkeep\n|\n|t:|1681789796\n|switch|p2a: Chien-Pao|Chien-Pao, L50|100\/100\n|-ability|p2a: Chien-Pao|Sword of Ruin\n|turn|4\n|\n|t:|1681789816\n|move|p2b: Arcanine|Extreme Speed|p1b: Grimmsnarl\n|-damage|p1b: Grimmsnarl|0 fnt\n|faint|p1b: Grimmsnarl\n|move|p2a: Chien-Pao|Sucker Punch|p1a: Chi-Yu\n|-resisted|p1a: Chi-Yu\n|-damage|p1a: Chi-Yu|61\/100\n|move|p1a: Chi-Yu|Heat Wave|p2b: Arcanine|[spread] p2a\n|-miss|p1a: Chi-Yu|p2b: Arcanine\n|-supereffective|p2a: Chien-Pao\n|-enditem|p2a: Chien-Pao|Focus Sash\n|-damage|p2a: Chien-Pao|1\/100\n|\n|upkeep\n|\n|t:|1681789827\n|switch|p1b: Gastrodon|Gastrodon-East, L50, M|100\/100\n|turn|5\n|inactive|DNDS has 30 seconds left.\n|\n|t:|1681789853\n|move|p2a: Chien-Pao|Protect|p2a: Chien-Pao\n|-singleturn|p2a: Chien-Pao|Protect\n|move|p1a: Chi-Yu|Protect|p1a: Chi-Yu\n|-singleturn|p1a: Chi-Yu|Protect\n|move|p2b: Arcanine|Protect|p2b: Arcanine\n|-singleturn|p2b: Arcanine|Protect\n|move|p1b: Gastrodon|Muddy Water|p2b: Arcanine|[spread] \n|-activate|p2a: Chien-Pao|move: Protect\n|-activate|p2b: Arcanine|move: Protect\n|\n|upkeep\n|turn|6\n|\n|t:|1681789874\n|switch|p2b: Amoonguss|Amoonguss, L50, F|100\/100\n|move|p2a: Chien-Pao|Sacred Sword|p1a: Chi-Yu\n|-supereffective|p1a: Chi-Yu\n|-damage|p1a: Chi-Yu|0 fnt\n|faint|p1a: Chi-Yu\n|move|p1b: Gastrodon|Muddy Water|p2a: Chien-Pao|[spread] p2a,p2b\n|-resisted|p2b: Amoonguss\n|-damage|p2a: Chien-Pao|0 fnt\n|-damage|p2b: Amoonguss|92\/100\n|-unboost|p2b: Amoonguss|accuracy|1\n|faint|p2a: Chien-Pao\n|\n|upkeep\n|\n|t:|1681789883\n|switch|p2a: Arcanine|Arcanine, L50, F|11\/100\n|-ability|p2a: Arcanine|Intimidate|boost\n|-unboost|p1b: Gastrodon|atk|1\n|turn|7\n|\n|t:|1681789893\n|move|p2a: Arcanine|Protect|p2a: Arcanine\n|-singleturn|p2a: Arcanine|Protect\n|move|p1b: Gastrodon|Yawn|p2b: Amoonguss\n|-start|p2b: Amoonguss|move: Yawn|[of] p1b: Gastrodon\n|move|p2b: Amoonguss|Spore|p1b: Gastrodon|[miss]\n|-miss|p2b: Amoonguss|p1b: Gastrodon\n|\n|upkeep\n|turn|8\n|\n|t:|1681789913\n|move|p2a: Arcanine|Protect|p2a: Arcanine\n|-singleturn|p2a: Arcanine|Protect\n|move|p1b: Gastrodon|Muddy Water|p2b: Amoonguss|[spread] \n|-activate|p2a: Arcanine|move: Protect\n|-miss|p1b: Gastrodon|p2b: Amoonguss\n|move|p2b: Amoonguss|Spore|p1b: Gastrodon\n|-status|p1b: Gastrodon|slp|[from] move: Spore\n|\n|-end|p2b: Amoonguss|move: Yawn|[silent]\n|-status|p2b: Amoonguss|slp\n|upkeep\n|turn|9\n|\n|t:|1681789930\n|move|p2a: Arcanine|Extreme Speed|p1b: Gastrodon\n|-damage|p1b: Gastrodon|78\/100 slp\n|cant|p1b: Gastrodon|slp\n|cant|p2b: Amoonguss|slp\n|\n|-heal|p1b: Gastrodon|84\/100 slp|[from] item: Leftovers\n|upkeep\n|turn|10\n|\n|t:|1681789941\n|move|p2a: Arcanine|Extreme Speed|p1b: Gastrodon\n|-damage|p1b: Gastrodon|60\/100 slp\n|-curestatus|p1b: Gastrodon|slp|[msg]\n|move|p1b: Gastrodon|Muddy Water|p2b: Amoonguss|[spread] p2a,p2b\n|-supereffective|p2a: Arcanine\n|-resisted|p2b: Amoonguss\n|-damage|p2a: Arcanine|0 fnt\n|-damage|p2b: Amoonguss|84\/100 slp\n|faint|p2a: Arcanine\n|cant|p2b: Amoonguss|slp\n|\n|-heal|p1b: Gastrodon|66\/100|[from] item: Leftovers\n|upkeep\n|turn|11\n|\n|t:|1681789958\n|move|p1b: Gastrodon|Earth Power|p2b: Amoonguss\n|-damage|p2b: Amoonguss|60\/100 slp\n|cant|p2b: Amoonguss|slp\n|\n|-heal|p1b: Gastrodon|72\/100|[from] item: Leftovers\n|upkeep\n|turn|12\n|\n|t:|1681789967\n|move|p1b: Gastrodon|Muddy Water|p2b: Amoonguss\n|-resisted|p2b: Amoonguss\n|-damage|p2b: Amoonguss|48\/100 slp\n|-enditem|p2b: Amoonguss|Sitrus Berry|[eat]\n|-heal|p2b: Amoonguss|73\/100 slp|[from] item: Sitrus Berry\n|-curestatus|p2b: Amoonguss|slp|[msg]\n|move|p2b: Amoonguss|Spore|p1b: Gastrodon\n|-status|p1b: Gastrodon|slp|[from] move: Spore\n|\n|-heal|p1b: Gastrodon|78\/100 slp|[from] item: Leftovers\n|upkeep\n|turn|13\n|\n|t:|1681789978\n|cant|p1b: Gastrodon|slp\n|move|p2b: Amoonguss|Pollen Puff|p1b: Gastrodon\n|-damage|p1b: Gastrodon|65\/100 slp\n|\n|-heal|p1b: Gastrodon|71\/100 slp|[from] item: Leftovers\n|upkeep\n|turn|14\n|-message|Azun forfeited.\n|\n|win|DNDS\n|raw|DNDS's rating: 1451 → 1471<\/strong> (+20 for winning)\n|raw|Azun's rating: 1456 → 1436<\/strong> (-20 for losing)\n|l|\u2606Azun\n|l|\u2606DNDS\n","uploadtime":1681790044,"views":3,"p1id":"dnds","p2id":"azun","formatid":"gen9vgc2023regulationc","rating":1436,"private":0,"password":""}