{"id":"gen9vgc2023regulationc-1850380327","p1":"PackEmUpBoys","p2":"li17","format":"[Gen 9] VGC 2023 Regulation C","log":"|j|\u2606PackEmUpBoys\n|j|\u2606li17\n|t:|1682327974\n|gametype|doubles\n|player|p1|PackEmUpBoys|1|1269\n|player|p2|li17|2|1320\n|teamsize|p1|6\n|teamsize|p2|6\n|gen|9\n|tier|[Gen 9] VGC 2023 Regulation C\n|rated|\n|rule|Species Clause: Limit one of each Pok\u00e9mon\n|rule|Item Clause: Limit one of each item\n|clearpoke\n|poke|p1|Arcanine, L50, F|\n|poke|p1|Palafin, L50, F|\n|poke|p1|Chien-Pao, L50|\n|poke|p1|Flutter Mane, L50|\n|poke|p1|Dragapult, L50, F|\n|poke|p1|Iron Hands, L50|\n|poke|p2|Baxcalibur, L50, M|\n|poke|p2|Ceruledge, L50, F|\n|poke|p2|Rotom-Wash, L50|\n|poke|p2|Amoonguss, L50, M|\n|poke|p2|Corviknight, L50, M|\n|poke|p2|Chien-Pao, L50|\n|teampreview|4\n|c|\u2606PackEmUpBoys|\u26bd I LOVE BLUE LOCK!\n|inactive|Battle timer is ON: inactive players will automatically lose when time's up. (requested by PackEmUpBoys)\n|\n|t:|1682328009\n|start\n|switch|p1a: Chien-Pao|Chien-Pao, L50|100\/100\n|switch|p1b: Dragapult|Dragapult, L50, F, shiny|100\/100\n|switch|p2a: Baxcalibur|Baxcalibur, L50, M|100\/100\n|switch|p2b: Ceruledge|Ceruledge, L50, F|100\/100\n|-ability|p1a: Chien-Pao|Sword of Ruin\n|turn|1\n|inactive|PackEmUpBoys has 30 seconds left.\n|inactive|li17 has 30 seconds left.\n|inactive|li17 has 20 seconds left.\n|inactive|li17 has 15 seconds left.\n|\n|t:|1682328054\n|-terastallize|p1b: Dragapult|Steel\n|-terastallize|p2a: Baxcalibur|Ground\n|move|p2b: Ceruledge|Quick Guard|p2b: Ceruledge\n|-singleturn|p2b: Ceruledge|Quick Guard\n|move|p2a: Baxcalibur|Ice Shard|p1b: Dragapult\n|-resisted|p1b: Dragapult\n|-damage|p1b: Dragapult|80\/100\n|move|p1b: Dragapult|Dragon Darts|p2b: Ceruledge\n|-damage|p2b: Ceruledge|41\/100\n|-anim|p1b: Dragapult|Dragon Darts|p2a: Baxcalibur\n|-damage|p2a: Baxcalibur|60\/100\n|move|p1a: Chien-Pao|Sacred Sword|p2a: Baxcalibur\n|-damage|p2a: Baxcalibur|28\/100\n|\n|upkeep\n|turn|2\n|inactive|PackEmUpBoys has 30 seconds left.\n|inactive|li17 has 30 seconds left.\n|\n|t:|1682328087\n|switch|p2a: Amoonguss|Amoonguss, L50, M|100\/100\n|move|p2b: Ceruledge|Shadow Sneak|p1a: Chien-Pao\n|-resisted|p1a: Chien-Pao\n|-damage|p1a: Chien-Pao|87\/100\n|move|p1b: Dragapult|Dragon Darts|p2b: Ceruledge\n|-damage|p2b: Ceruledge|0 fnt\n|-anim|p1b: Dragapult|Dragon Darts|p2a: Amoonguss\n|-damage|p2a: Amoonguss|61\/100\n|faint|p2b: Ceruledge\n|move|p1a: Chien-Pao|Sacred Sword|p2a: Amoonguss\n|-resisted|p2a: Amoonguss\n|-damage|p2a: Amoonguss|43\/100\n|-damage|p1a: Chien-Pao|70\/100|[from] item: Rocky Helmet|[of] p2a: Amoonguss\n|\n|upkeep\n|inactive|li17 has 30 seconds left.\n|\n|t:|1682328116\n|switch|p2b: Baxcalibur|Baxcalibur, L50, M, tera:Ground|28\/100\n|turn|3\n|\n|t:|1682328127\n|move|p2a: Amoonguss|Protect|p2a: Amoonguss\n|-singleturn|p2a: Amoonguss|Protect\n|move|p1b: Dragapult|Dragon Darts|p2b: Baxcalibur\n|-damage|p2b: Baxcalibur|0 fnt\n|faint|p2b: Baxcalibur\n|move|p1a: Chien-Pao|Ice Spinner|p2a: Amoonguss\n|-activate|p2a: Amoonguss|move: Protect\n|\n|upkeep\n|\n|t:|1682328136\n|switch|p2b: Rotom|Rotom-Wash, L50|100\/100\n|turn|4\n|c|\u2606PackEmUpBoys|BLUE LOCKERS\n|c|\u2606PackEmUpBoys|\u26bd I LOVE BLUE LOCK!\n|c|\u2606PackEmUpBoys|OREWA\n|c|\u2606PackEmUpBoys|YATAA\n|\n|t:|1682328157\n|move|p2a: Amoonguss|Rage Powder|p2a: Amoonguss\n|-singleturn|p2a: Amoonguss|move: Rage Powder\n|move|p1b: Dragapult|Dragon Darts|p2a: Amoonguss\n|-damage|p2a: Amoonguss|5\/100\n|-anim|p1b: Dragapult|Dragon Darts|p2a: Amoonguss\n|-damage|p2a: Amoonguss|0 fnt\n|faint|p2a: Amoonguss\n|move|p1a: Chien-Pao|Ice Spinner|p2b: Rotom\n|-resisted|p2b: Rotom\n|-damage|p2b: Rotom|72\/100\n|move|p2b: Rotom|Hydro Pump|p1b: Dragapult|[miss]\n|-miss|p2b: Rotom|p1b: Dragapult\n|\n|upkeep\n|turn|5\n|c|\u2606PackEmUpBoys|\u26bd I LOVE BLUE LOCK!\n|c|\u2606PackEmUpBoys|CLICK X\n|c|\u2606PackEmUpBoys|JUST CLICK X.\n|c|\u2606PackEmUpBoys|\u26bd I LOVE BLUE LOCK!\n|c|\u2606PackEmUpBoys|YOUR TEAM CANT SMELL A GOAL\n|c|\u2606PackEmUpBoys|CLICK BLUE GOAL\n|inactive|PackEmUpBoys has 30 seconds left.\n|\n|t:|1682328183\n|move|p1b: Dragapult|Dragon Darts|p2b: Rotom\n|-damage|p2b: Rotom|15\/100\n|-enditem|p2b: Rotom|Sitrus Berry|[eat]\n|-heal|p2b: Rotom|40\/100|[from] item: Sitrus Berry\n|-anim|p1b: Dragapult|Dragon Darts|p2b: Rotom\n|-damage|p2b: Rotom|0 fnt\n|faint|p2b: Rotom\n|\n|win|PackEmUpBoys\n|raw|PackEmUpBoys's rating: 1269 → 1298<\/strong> (+29 for winning)\n|raw|li17's rating: 1320 → 1297<\/strong> (-23 for losing)\n","uploadtime":1682328194,"views":23,"p1id":"packemupboys","p2id":"li17","formatid":"gen9vgc2023regulationc","rating":1297,"private":0,"password":""}