{"id":"gen9vgc2023regulationc-1859300201","p1":"MYSWEEPERISSHUCKLE","p2":"Grothonian","format":"[Gen 9] VGC 2023 Regulation C","log":"|j|\u2606MYSWEEPERISSHUCKLE\n|j|\u2606Grothonian\n|t:|1683430822\n|gametype|doubles\n|player|p1|MYSWEEPERISSHUCKLE|pokemaniac|1163\n|player|p2|Grothonian|170|1060\n|teamsize|p1|6\n|teamsize|p2|6\n|gen|9\n|tier|[Gen 9] VGC 2023 Regulation C\n|rated|\n|rule|Species Clause: Limit one of each Pok\u00e9mon\n|rule|Item Clause: Limit one of each item\n|clearpoke\n|poke|p1|Scream Tail, L50|\n|poke|p1|Annihilape, L50, M|\n|poke|p1|Stonjourner, L50, M|\n|poke|p1|Amoonguss, L50, F|\n|poke|p1|Chi-Yu, L50|\n|poke|p1|Iron Bundle, L50|\n|poke|p2|Mimikyu, L50, M|\n|poke|p2|Indeedee-F, L50, F|\n|poke|p2|Armarouge, L50, F|\n|poke|p2|Kingambit, L50, M|\n|poke|p2|Torkoal, L50, F|\n|poke|p2|Ting-Lu, L50|\n|teampreview|4\n|\n|t:|1683430850\n|start\n|switch|p1a: Scream Tail|Scream Tail, L50|100\/100\n|switch|p1b: Amoonguss|Amoonguss, L50, F|100\/100\n|switch|p2a: Indeedee|Indeedee-F, L50, F|100\/100\n|switch|p2b: Armarouge|Armarouge, L50, F|100\/100\n|-fieldstart|move: Psychic Terrain|[from] ability: Psychic Surge|[of] p2a: Indeedee\n|-enditem|p1a: Scream Tail|Booster Energy\n|-activate|p1a: Scream Tail|ability: Protosynthesis|[fromitem]\n|-start|p1a: Scream Tail|protosynthesisspe\n|turn|1\n|inactive|Battle timer is ON: inactive players will automatically lose when time's up. (requested by MYSWEEPERISSHUCKLE)\n|\n|t:|1683430869\n|-terastallize|p2b: Armarouge|Psychic\n|move|p2a: Indeedee|Helping Hand|p2b: Armarouge\n|-singleturn|p2b: Armarouge|Helping Hand|[of] p2a: Indeedee\n|move|p1b: Amoonguss|Protect|p1b: Amoonguss\n|-singleturn|p1b: Amoonguss|Protect\n|move|p1a: Scream Tail|Light Screen|p1a: Scream Tail\n|-sidestart|p1: MYSWEEPERISSHUCKLE|move: Light Screen\n|move|p2b: Armarouge|Expanding Force|p1a: Scream Tail|[spread] p1a\n|-activate|p1b: Amoonguss|move: Protect\n|-resisted|p1a: Scream Tail\n|-damage|p1a: Scream Tail|70\/100\n|\n|upkeep\n|turn|2\n|\n|t:|1683430892\n|move|p2a: Indeedee|Helping Hand|p2b: Armarouge\n|-singleturn|p2b: Armarouge|Helping Hand|[of] p2a: Indeedee\n|move|p1a: Scream Tail|Amnesia|p1a: Scream Tail\n|-boost|p1a: Scream Tail|spd|2\n|move|p2b: Armarouge|Expanding Force|p1a: Scream Tail|[spread] p1a,p1b\n|-resisted|p1a: Scream Tail\n|-supereffective|p1b: Amoonguss\n|-damage|p1a: Scream Tail|56\/100\n|-damage|p1b: Amoonguss|0 fnt\n|faint|p1b: Amoonguss\n|\n|upkeep\n|\n|t:|1683430899\n|switch|p1b: Iron Bundle|Iron Bundle, L50|100\/100\n|turn|3\n|\n|t:|1683430912\n|move|p2a: Indeedee|Follow Me|p2a: Indeedee\n|-singleturn|p2a: Indeedee|move: Follow Me\n|move|p1a: Scream Tail|Baton Pass|p1a: Scream Tail\n|\n|t:|1683430915\n|-end|p1a: Scream Tail|Protosynthesis|[silent]\n|switch|p1a: Annihilape|Annihilape, L50, M|100\/100|[from] Baton Pass\n|move|p1b: Iron Bundle|Hydro Pump|p2a: Indeedee|[miss]\n|-miss|p1b: Iron Bundle|p2a: Indeedee\n|move|p2b: Armarouge|Armor Cannon|p1b: Iron Bundle\n|-damage|p1b: Iron Bundle|10\/100\n|-unboost|p2b: Armarouge|def|1\n|-unboost|p2b: Armarouge|spd|1\n|\n|upkeep\n|turn|4\n|\n|t:|1683430932\n|-terastallize|p1a: Annihilape|Fire\n|move|p2a: Indeedee|Follow Me|p2a: Indeedee\n|-singleturn|p2a: Indeedee|move: Follow Me\n|move|p1b: Iron Bundle|Hydro Pump|p2a: Indeedee\n|-damage|p2a: Indeedee|51\/100\n|move|p1a: Annihilape|Bulk Up|p1a: Annihilape\n|-boost|p1a: Annihilape|atk|1\n|-boost|p1a: Annihilape|def|1\n|move|p2b: Armarouge|Aura Sphere|p1b: Iron Bundle\n|-supereffective|p1b: Iron Bundle\n|-damage|p1b: Iron Bundle|0 fnt\n|faint|p1b: Iron Bundle\n|-end|p1b: Iron Bundle|Quark Drive|[silent]\n|\n|upkeep\n|\n|t:|1683430939\n|switch|p1b: Scream Tail|Scream Tail, L50|56\/100\n|turn|5\n|\n|t:|1683430957\n|move|p2a: Indeedee|Follow Me|p2a: Indeedee\n|-singleturn|p2a: Indeedee|move: Follow Me\n|move|p1b: Scream Tail|Reflect|p1b: Scream Tail\n|-sidestart|p1: MYSWEEPERISSHUCKLE|Reflect\n|move|p1a: Annihilape|Bulk Up|p1a: Annihilape\n|-boost|p1a: Annihilape|atk|1\n|-boost|p1a: Annihilape|def|1\n|move|p2b: Armarouge|Armor Cannon|p1a: Annihilape\n|-resisted|p1a: Annihilape\n|-damage|p1a: Annihilape|91\/100\n|-unboost|p2b: Armarouge|def|1\n|-unboost|p2b: Armarouge|spd|1\n|\n|-heal|p1a: Annihilape|97\/100|[from] item: Leftovers\n|-sideend|p1: MYSWEEPERISSHUCKLE|move: Light Screen\n|-fieldend|move: Psychic Terrain\n|upkeep\n|turn|6\n|inactive|Grothonian has 30 seconds left.\n|\n|t:|1683430982\n|move|p2a: Indeedee|Follow Me|p2a: Indeedee\n|-singleturn|p2a: Indeedee|move: Follow Me\n|move|p1b: Scream Tail|Light Screen|p1b: Scream Tail\n|-sidestart|p1: MYSWEEPERISSHUCKLE|move: Light Screen\n|move|p1a: Annihilape|Drain Punch|p2a: Indeedee\n|-damage|p2a: Indeedee|0 fnt\n|-heal|p1a: Annihilape|100\/100|[from] drain|[of] p2a: Indeedee\n|faint|p2a: Indeedee\n|move|p2b: Armarouge|Armor Cannon|p1b: Scream Tail\n|-damage|p1b: Scream Tail|23\/100\n|-unboost|p2b: Armarouge|def|1\n|-unboost|p2b: Armarouge|spd|1\n|\n|upkeep\n|\n|t:|1683430997\n|switch|p2a: Kingambit|Kingambit, L50, M|100\/100\n|turn|7\n|\n|t:|1683431021\n|move|p2a: Kingambit|Protect|p2a: Kingambit\n|-singleturn|p2a: Kingambit|Protect\n|move|p1b: Scream Tail|Amnesia|p1b: Scream Tail\n|-boost|p1b: Scream Tail|spd|2\n|move|p1a: Annihilape|Rage Fist|p2b: Armarouge\n|-supereffective|p2b: Armarouge\n|-enditem|p2b: Armarouge|Focus Sash\n|-damage|p2b: Armarouge|1\/100\n|move|p2b: Armarouge|Armor Cannon|p1b: Scream Tail\n|-damage|p1b: Scream Tail|9\/100\n|-unboost|p2b: Armarouge|def|1\n|-unboost|p2b: Armarouge|spd|1\n|\n|upkeep\n|turn|8\n|inactive|Grothonian has 30 seconds left.\n|\n|t:|1683431052\n|move|p1b: Scream Tail|Baton Pass||[still]\n|-fail|p1b: Scream Tail\n|move|p1a: Annihilape|Drain Punch|p2a: Kingambit\n|-supereffective|p2a: Kingambit\n|-damage|p2a: Kingambit|0 fnt\n|faint|p2a: Kingambit\n|move|p2b: Armarouge|Armor Cannon|p1b: Scream Tail\n|-damage|p1b: Scream Tail|0 fnt\n|-unboost|p2b: Armarouge|def|1\n|-unboost|p2b: Armarouge|spd|1\n|faint|p1b: Scream Tail\n|-end|p1b: Scream Tail|Protosynthesis|[silent]\n|\n|upkeep\n|\n|t:|1683431065\n|switch|p2a: Ting-Lu|Ting-Lu, L50|100\/100\n|-ability|p2a: Ting-Lu|Vessel of Ruin\n|turn|9\n|\n|t:|1683431076\n|move|p1a: Annihilape|Drain Punch|p2a: Ting-Lu\n|-supereffective|p2a: Ting-Lu\n|-damage|p2a: Ting-Lu|9\/100\n|move|p2b: Armarouge|Aura Sphere|p1a: Annihilape\n|-damage|p1a: Annihilape|94\/100\n|move|p2a: Ting-Lu|Fissure|p1a: Annihilape|[miss]\n|-miss|p2a: Ting-Lu|p1a: Annihilape\n|\n|-heal|p1a: Annihilape|99\/100|[from] item: Leftovers\n|-sideend|p1: MYSWEEPERISSHUCKLE|Reflect\n|upkeep\n|turn|10\n|\n|t:|1683431091\n|move|p2b: Armarouge|Wide Guard|p2b: Armarouge\n|-singleturn|p2b: Armarouge|Wide Guard\n|move|p1a: Annihilape|Drain Punch|p2a: Ting-Lu\n|-supereffective|p2a: Ting-Lu\n|-damage|p2a: Ting-Lu|0 fnt\n|-heal|p1a: Annihilape|100\/100|[from] drain|[of] p2a: Ting-Lu\n|faint|p2a: Ting-Lu\n|\n|-sideend|p1: MYSWEEPERISSHUCKLE|move: Light Screen\n|upkeep\n|turn|11\n|c|\u2606MYSWEEPERISSHUCKLE|gg\n|\n|t:|1683431102\n|move|p2b: Armarouge|Wide Guard|p2b: Armarouge\n|-singleturn|p2b: Armarouge|Wide Guard\n|move|p1a: Annihilape|Rage Fist|p2b: Armarouge\n|-supereffective|p2b: Armarouge\n|-damage|p2b: Armarouge|0 fnt\n|faint|p2b: Armarouge\n|\n|win|MYSWEEPERISSHUCKLE\n|raw|MYSWEEPERISSHUCKLE's rating: 1163 → 1181<\/strong> (+18 for winning)\n|raw|Grothonian's rating: 1060 → 1046<\/strong> (-14 for losing)\n|l|\u2606Grothonian\n|c|\u2606MYSWEEPERISSHUCKLE|gg\n","uploadtime":1683431152,"views":13,"p1id":"mysweeperisshuckle","p2id":"grothonian","formatid":"gen9vgc2023regulationc","rating":1046,"private":0,"password":""}