{"id":"gen9vgc2023regulationc-1858074530","p1":"haha you rage quit","p2":"Baki Bacon","format":"[Gen 9] VGC 2023 Regulation C","log":"|j|\u2606haha you rage quit\n|j|\u2606Baki Bacon\n|t:|1683271265\n|gametype|doubles\n|player|p1|haha you rage quit|pokemaniac|1270\n|player|p2|Baki Bacon|gardenia|1304\n|teamsize|p1|6\n|teamsize|p2|6\n|gen|9\n|tier|[Gen 9] VGC 2023 Regulation C\n|rated|\n|rule|Species Clause: Limit one of each Pok\u00e9mon\n|rule|Item Clause: Limit one of each item\n|clearpoke\n|poke|p1|Torkoal, L50, M|\n|poke|p1|Indeedee-F, L50, F|\n|poke|p1|Brute Bonnet, L50|\n|poke|p1|Great Tusk, L50|\n|poke|p1|Hatterene, L50, F|\n|poke|p1|Slither Wing, L50|\n|poke|p2|Maushold, L50|\n|poke|p2|Annihilape, L50, M|\n|poke|p2|Sylveon, L50, M|\n|poke|p2|Iron Hands, L50|\n|poke|p2|Amoonguss, L50, M|\n|poke|p2|Iron Jugulis, L50|\n|teampreview|4\n|\n|t:|1683271306\n|start\n|switch|p1a: Indeedee|Indeedee-F, L50, F, shiny|100\/100\n|switch|p1b: Hatterene|Hatterene, L50, F|100\/100\n|switch|p2a: Iron Hands|Iron Hands, L50|100\/100\n|switch|p2b: Iron Jugulis|Iron Jugulis, L50|100\/100\n|-fieldstart|move: Psychic Terrain|[from] ability: Psychic Surge|[of] p1a: Indeedee\n|-enditem|p1a: Indeedee|Psychic Seed\n|-boost|p1a: Indeedee|spd|1|[from] item: Psychic Seed\n|-enditem|p2b: Iron Jugulis|Booster Energy\n|-activate|p2b: Iron Jugulis|ability: Quark Drive|[fromitem]\n|-start|p2b: Iron Jugulis|quarkdrivespe\n|turn|1\n|\n|t:|1683271331\n|-terastallize|p1b: Hatterene|Water\n|move|p1a: Indeedee|Protect|p1a: Indeedee\n|-singleturn|p1a: Indeedee|Protect\n|move|p2b: Iron Jugulis|Snarl|p1b: Hatterene|[spread] p1b\n|-activate|p1a: Indeedee|move: Protect\n|-damage|p1b: Hatterene|79\/100\n|move|p2a: Iron Hands|Drain Punch|p1a: Indeedee\n|-activate|p1a: Indeedee|move: Protect\n|move|p1b: Hatterene|Trick Room|p1b: Hatterene\n|-fieldstart|move: Trick Room|[of] p1b: Hatterene\n|\n|upkeep\n|turn|2\n|\n|t:|1683271359\n|move|p1a: Indeedee|Helping Hand|p1b: Hatterene\n|-singleturn|p1b: Hatterene|Helping Hand|[of] p1a: Indeedee\n|move|p1b: Hatterene|Psychic|p2a: Iron Hands\n|-supereffective|p2a: Iron Hands\n|-damage|p2a: Iron Hands|0 fnt\n|faint|p2a: Iron Hands\n|-end|p2a: Iron Hands|Quark Drive|[silent]\n|move|p2b: Iron Jugulis|Snarl|p1b: Hatterene|[spread] p1a,p1b\n|-supereffective|p1a: Indeedee\n|-damage|p1a: Indeedee|76\/100\n|-damage|p1b: Hatterene|58\/100\n|-unboost|p1a: Indeedee|spa|1\n|\n|upkeep\n|\n|t:|1683271376\n|switch|p2a: Maushold|Maushold, L50|100\/100\n|turn|3\n|\n|t:|1683271391\n|move|p1a: Indeedee|Helping Hand|p1b: Hatterene\n|-singleturn|p1b: Hatterene|Helping Hand|[of] p1a: Indeedee\n|move|p2a: Maushold|Protect|p2a: Maushold\n|-singleturn|p2a: Maushold|Protect\n|move|p1b: Hatterene|Dazzling Gleam|p2a: Maushold|[spread] p2b\n|-activate|p2a: Maushold|move: Protect\n|-supereffective|p2b: Iron Jugulis\n|-damage|p2b: Iron Jugulis|0 fnt\n|faint|p2b: Iron Jugulis\n|-end|p2b: Iron Jugulis|Quark Drive|[silent]\n|\n|upkeep\n|\n|t:|1683271402\n|switch|p2b: Annihilape|Annihilape, L50, M|100\/100\n|turn|4\n|\n|t:|1683271414\n|-terastallize|p2b: Annihilape|Ground\n|move|p1a: Indeedee|Helping Hand|p1b: Hatterene\n|-singleturn|p1b: Hatterene|Helping Hand|[of] p1a: Indeedee\n|move|p2a: Maushold|Follow Me|p2a: Maushold\n|-singleturn|p2a: Maushold|move: Follow Me\n|move|p1b: Hatterene|Psychic|p2a: Maushold\n|-damage|p2a: Maushold|0 fnt\n|faint|p2a: Maushold\n|move|p2b: Annihilape|Rage Fist|p1b: Hatterene\n|-damage|p1b: Hatterene|27\/100\n|\n|upkeep\n|turn|5\n|\n|t:|1683271429\n|move|p1a: Indeedee|Helping Hand|p1b: Hatterene\n|-singleturn|p1b: Hatterene|Helping Hand|[of] p1a: Indeedee\n|move|p2b: Annihilape|Protect|p2b: Annihilape\n|-singleturn|p2b: Annihilape|Protect\n|move|p1b: Hatterene|Psychic|p2b: Annihilape\n|-activate|p2b: Annihilape|move: Protect\n|\n|-fieldend|move: Trick Room\n|-fieldend|move: Psychic Terrain\n|upkeep\n|turn|6\n|\n|t:|1683271440\n|move|p1b: Hatterene|Protect|p1b: Hatterene\n|-singleturn|p1b: Hatterene|Protect\n|move|p2b: Annihilape|Earthquake|p1b: Hatterene|[spread] p1a\n|-activate|p1b: Hatterene|move: Protect\n|-damage|p1a: Indeedee|33\/100\n|move|p1a: Indeedee|Trick Room|p1a: Indeedee\n|-fieldstart|move: Trick Room|[of] p1a: Indeedee\n|\n|upkeep\n|turn|7\n|\n|t:|1683271452\n|switch|p1a: Torkoal|Torkoal, L50, M|100\/100\n|-weather|SunnyDay|[from] ability: Drought|[of] p1a: Torkoal\n|move|p1b: Hatterene|Psychic|p2b: Annihilape\n|-damage|p2b: Annihilape|53\/100\n|move|p2b: Annihilape|Earthquake|p1a: Torkoal|[spread] p1a,p1b\n|-supereffective|p1a: Torkoal\n|-damage|p1a: Torkoal|32\/100\n|-damage|p1b: Hatterene|0 fnt\n|faint|p1b: Hatterene\n|\n|-weather|SunnyDay|[upkeep]\n|upkeep\n|\n|t:|1683271456\n|switch|p1b: Great Tusk|Great Tusk, L50, shiny|100\/100\n|-activate|p1b: Great Tusk|ability: Protosynthesis\n|-start|p1b: Great Tusk|protosynthesisatk\n|turn|8\n|\n|t:|1683271472\n|move|p1a: Torkoal|Heat Wave|p2b: Annihilape\n|-damage|p2b: Annihilape|0 fnt\n|faint|p2b: Annihilape\n|\n|win|haha you rage quit\n|raw|haha you rage quit's rating: 1270 → 1297<\/strong> (+27 for winning)\n|raw|Baki Bacon's rating: 1304 → 1282<\/strong> (-22 for losing)\n|l|\u2606Baki Bacon\n|l|\u2606haha you rage quit\n|j|\u2606haha you rage quit\n|player|p1|haha you rage quit|pokemaniac\n","uploadtime":1683271518,"views":4,"p1id":"hahayouragequit","p2id":"bakibacon","formatid":"gen9vgc2023regulationc","rating":1282,"private":0,"password":""}