{"id":"gen9vgc2023regulationc-1848400141","p1":"QrdeJegoMac","p2":"Tilzy","format":"[Gen 9] VGC 2023 Regulation C","log":"|j|\u2606QrdeJegoMac\n|j|\u2606Tilzy\n|t:|1682072732\n|gametype|doubles\n|player|p1|QrdeJegoMac|265|1628\n|player|p2|Tilzy|morty|1625\n|teamsize|p1|6\n|teamsize|p2|6\n|gen|9\n|tier|[Gen 9] VGC 2023 Regulation C\n|rated|\n|rule|Species Clause: Limit one of each Pok\u00e9mon\n|rule|Item Clause: Limit one of each item\n|clearpoke\n|poke|p1|Murkrow, L50, M|\n|poke|p1|Chi-Yu, L50|\n|poke|p1|Flutter Mane, L50|\n|poke|p1|Great Tusk, L50|\n|poke|p1|Brute Bonnet, L50|\n|poke|p1|Corviknight, L50, M|\n|poke|p2|Dondozo, L50, M|\n|poke|p2|Tatsugiri, L50, M|\n|poke|p2|Pelipper, L50, F|\n|poke|p2|Drednaw, L50, F|\n|poke|p2|Chien-Pao, L50|\n|poke|p2|Dragonite, L50, M|\n|teampreview|4\n|inactive|Battle timer is ON: inactive players will automatically lose when time's up. (requested by QrdeJegoMac)\n|j| LC77777\n|j| menherabbit\n|inactive|Tilzy has 60 seconds left.\nTilzy has agreed to open team sheets.\nQrdeJegoMac has agreed to open team sheets.\n|\n|t:|1682072784\n|start\n|switch|p1a: Flutter Mane|Flutter Mane, L50|100\/100\n|switch|p1b: Murkrow|Murkrow, L50, M, shiny|100\/100\n|switch|p2a: Chien-Pao|Chien-Pao, L50|100\/100\n|switch|p2b: Dragonite|Dragonite, L50, M|100\/100\n|-ability|p2a: Chien-Pao|Sword of Ruin\n|turn|1\n|\n|t:|1682072807\n|-end|p1a: Flutter Mane|Protosynthesis|[silent]\n|switch|p1a: Corviknight|Corviknight, L50, M|100\/100\n|move|p2b: Dragonite|Extreme Speed|p1a: Corviknight\n|-resisted|p1a: Corviknight\n|-damage|p1a: Corviknight|82\/100\n|move|p2a: Chien-Pao|Sucker Punch||[still]\n|-fail|p2a: Chien-Pao\n|move|p1b: Murkrow|Tailwind|p1b: Murkrow\n|-sidestart|p1: QrdeJegoMac|move: Tailwind\n|\n|upkeep\n|turn|2\n|\n|t:|1682072821\n|move|p1b: Murkrow|Foul Play|p2a: Chien-Pao\n|-resisted|p2a: Chien-Pao\n|-damage|p2a: Chien-Pao|71\/100\n|move|p1a: Corviknight|Brave Bird|p2a: Chien-Pao\n|-damage|p2a: Chien-Pao|0 fnt\n|faint|p2a: Chien-Pao\n|-damage|p1a: Corviknight|63\/100|[from] Recoil\n|move|p2b: Dragonite|Thunder Punch|p1a: Corviknight\n|-supereffective|p1a: Corviknight\n|-damage|p1a: Corviknight|11\/100\n|\n|upkeep\n|\n|t:|1682072837\n|switch|p2a: Pelipper|Pelipper, L50, F|100\/100\n|-weather|RainDance|[from] ability: Drizzle|[of] p2a: Pelipper\n|turn|3\n|\n|t:|1682072861\n|-terastallize|p2a: Pelipper|Steel\n|move|p1b: Murkrow|Sunny Day|p1b: Murkrow\n|-weather|SunnyDay\n|move|p1a: Corviknight|Brave Bird|p2a: Pelipper\n|-resisted|p2a: Pelipper\n|-damage|p2a: Pelipper|59\/100\n|-damage|p1a: Corviknight|0 fnt|[from] Recoil\n|faint|p1a: Corviknight\n|move|p2b: Dragonite|Ice Spinner|p1b: Murkrow\n|-supereffective|p1b: Murkrow\n|-damage|p1b: Murkrow|38\/100\n|move|p2a: Pelipper|Tailwind|p2a: Pelipper\n|-sidestart|p2: Tilzy|move: Tailwind\n|\n|-weather|SunnyDay|[upkeep]\n|upkeep\n|\n|t:|1682072868\n|switch|p1a: Great Tusk|Great Tusk, L50|100\/100\n|-activate|p1a: Great Tusk|ability: Protosynthesis\n|-start|p1a: Great Tusk|protosynthesisatk\n|turn|4\n|\n|t:|1682072880\n|switch|p1b: Flutter Mane|Flutter Mane, L50|100\/100\n|-activate|p1b: Flutter Mane|ability: Protosynthesis\n|-start|p1b: Flutter Mane|protosynthesisspa\n|-terastallize|p1a: Great Tusk|Steel\n|move|p2a: Pelipper|Protect|p2a: Pelipper\n|-singleturn|p2a: Pelipper|Protect\n|move|p1a: Great Tusk|Headlong Rush|p2a: Pelipper\n|-activate|p2a: Pelipper|move: Protect\n|move|p2b: Dragonite|Ice Spinner|p1a: Great Tusk\n|-resisted|p1a: Great Tusk\n|-damage|p1a: Great Tusk|89\/100\n|\n|-weather|SunnyDay|[upkeep]\n|-sideend|p1: QrdeJegoMac|move: Tailwind\n|upkeep\n|turn|5\n|inactive|QrdeJegoMac has 30 seconds left.\n|\n|t:|1682072912\n|switch|p2a: Drednaw|Drednaw, L50, F|100\/100\n|move|p2b: Dragonite|Protect|p2b: Dragonite\n|-singleturn|p2b: Dragonite|Protect\n|move|p1a: Great Tusk|Headlong Rush|p2a: Drednaw\n|-supereffective|p2a: Drednaw\n|-damage|p2a: Drednaw|0 fnt\n|-unboost|p1a: Great Tusk|def|1\n|-unboost|p1a: Great Tusk|spd|1\n|faint|p2a: Drednaw\n|move|p1b: Flutter Mane|Moonblast|p2b: Dragonite\n|-activate|p2b: Dragonite|move: Protect\n|\n|-weather|SunnyDay|[upkeep]\n|upkeep\n|\n|t:|1682072919\n|switch|p2a: Pelipper|Pelipper, L50, F, tera:Steel|59\/100\n|-weather|RainDance|[from] ability: Drizzle|[of] p2a: Pelipper\n|-end|p1a: Great Tusk|Protosynthesis\n|-end|p1b: Flutter Mane|Protosynthesis\n|turn|6\n|\n|t:|1682072925\n|-end|p1a: Great Tusk|Protosynthesis|[silent]\n|switch|p1a: Murkrow|Murkrow, L50, M, shiny|38\/100\n|move|p2b: Dragonite|Ice Spinner|p1b: Flutter Mane\n|-damage|p1b: Flutter Mane|47\/100\n|move|p1b: Flutter Mane|Moonblast|p2b: Dragonite\n|-supereffective|p2b: Dragonite\n|-damage|p2b: Dragonite|0 fnt\n|faint|p2b: Dragonite\n|move|p2a: Pelipper|Hydro Pump|p1a: Murkrow\n|-damage|p1a: Murkrow|0 fnt\n|faint|p1a: Murkrow\n|\n|-weather|RainDance|[upkeep]\n|-sideend|p2: Tilzy|move: Tailwind\n|upkeep\n|\n|t:|1682072929\n|switch|p1a: Great Tusk|Great Tusk, L50, tera:Steel|89\/100\n|turn|7\n|c|\u2606QrdeJegoMac|Omg\n|c|\u2606QrdeJegoMac|Gg\n|\n|t:|1682072941\n|move|p1a: Great Tusk|Headlong Rush|p2a: Pelipper\n|-supereffective|p2a: Pelipper\n|-damage|p2a: Pelipper|0 fnt\n|-unboost|p1a: Great Tusk|def|1\n|-unboost|p1a: Great Tusk|spd|1\n|faint|p2a: Pelipper\n|\n|win|QrdeJegoMac\n|raw|QrdeJegoMac's rating: 1628 → 1648<\/strong> (+20 for winning)\n|raw|Tilzy's rating: 1625 → 1605<\/strong> (-20 for losing)\n|l|\u2606Tilzy\n","uploadtime":1682072948,"views":14,"p1id":"qrdejegomac","p2id":"tilzy","formatid":"gen9vgc2023regulationc","rating":1605,"private":0,"password":""}