{"id":"gen9vgc2023regulationc-1847544697","p1":"TheRealKaige","p2":"CatFurry","format":"[Gen 9] VGC 2023 Regulation C","log":"|j|\u2606TheRealKaige\n|j|\u2606CatFurry\n|t:|1681970737\n|gametype|doubles\n|player|p1|TheRealKaige|101|\n|player|p2|CatFurry|dawn-gen4pt|\n|teamsize|p1|6\n|teamsize|p2|6\n|gen|9\n|tier|[Gen 9] VGC 2023 Regulation C\n|rated|Tournament battle\n|rule|Species Clause: Limit one of each Pok\u00e9mon\n|rule|Item Clause: Limit one of each item\n|clearpoke\n|poke|p1|Palafin, L50, F|\n|poke|p1|Ting-Lu, L50|\n|poke|p1|Amoonguss, L50, M|\n|poke|p1|Scream Tail, L50|\n|poke|p1|Flutter Mane, L50|\n|poke|p1|Baxcalibur, L50, F|\n|poke|p2|Talonflame, L50, F|\n|poke|p2|Garchomp, L50, M|\n|poke|p2|Iron Bundle, L50|\n|poke|p2|Flutter Mane, L50|\n|poke|p2|Kingambit, L50, F|\n|poke|p2|Amoonguss, L50, F|\n|teampreview|4\n|raw| Open Team Sheet for TheRealKaige<\/summary>Palafin @ Mystic Water Ability: Zero to Hero Level: 50 Shiny: Yes Tera Type: Water - Jet Punch - Wave Crash - Haze - Protect Ting-Lu @ Assault Vest Ability: Vessel of Ruin Level: 50 Tera Type: Poison - Ruination - Snarl - Heavy Slam - Stomping Tantrum Amoonguss @ Rocky Helmet Ability: Regenerator Level: 50 Shiny: Yes Tera Type: Water - Pollen Puff - Rage Powder - Spore - Protect Scream Tail @ Booster Energy Ability: Protosynthesis Level: 50 Tera Type: Steel - Howl - Disable - Light Screen - Play Rough Flutter Mane @ Choice Specs Ability: Protosynthesis Level: 50 Shiny: Yes Tera Type: Fairy - Shadow Ball - Moonblast - Dazzling Gleam - Thunderbolt Baxcalibur @ Safety Goggles Ability: Thermal Exchange Level: 50 Tera Type: Poison - Ice Shard - Glaive Rush - Protect - Icicle Crash <\/details><\/div> Open Team Sheet for CatFurry<\/summary>\u70c8\u7bad\u9df9 (Talonflame) (F) @ Safety Goggles Ability: Gale Wings Level: 50 Tera Type: Ghost - Brave Bird - Tailwind - Will-O-Wisp - Taunt \u70c8\u54ac\u9678\u9bca (Garchomp) @ Life Orb Ability: Rough Skin Level: 50 Tera Type: Steel - Dragon Claw - Earthquake - Stomping Tantrum - Protect \u9435\u5305\u88b1 (Iron Bundle) @ Booster Energy Ability: Quark Drive Level: 50 Shiny: Yes Tera Type: Water - Freeze-Dry - Icy Wind - Hydro Pump - Protect \u632f\u7ffc\u9aee (Flutter Mane) @ Choice Specs Ability: Protosynthesis Level: 50 Tera Type: Fairy - Moonblast - Dazzling Gleam - Shadow Ball - Thunderbolt \u4ec6\u65ac\u5c07\u8ecd (Kingambit) (F) @ Assault Vest Ability: Defiant Level: 50 Tera Type: Fire - Kowtow Cleave - Sucker Punch - Iron Head - Tera Blast \u6557\u9732\u7403\u83c7 (Amoonguss) (F) @ Sitrus Berry Ability: Regenerator Level: 50 Shiny: Yes Tera Type: Water - Pollen Puff - Spore - Rage Powder - Protect <\/details><\/div>\n|j| WeirdPolyCouple\n|\n|t:|1681970846\n|start\n|switch|p1a: Palafin|Palafin, L50, F, shiny|100\/100\n|switch|p1b: Ting-Lu|Ting-Lu, L50|100\/100\n|switch|p2a: \u632f\u7ffc\u9aee|Flutter Mane, L50|100\/100\n|switch|p2b: \u70c8\u7bad\u9df9|Talonflame, L50, F|100\/100\n|-ability|p1b: Ting-Lu|Vessel of Ruin\n|turn|1\n|j| p0911\n|l| p0911\n|\n|t:|1681970889\n|detailschange|p1a: Palafin|Palafin-Hero, L50, F, shiny\n|switch|p1a: Baxcalibur|Baxcalibur, L50, F|100\/100\n|-terastallize|p1b: Ting-Lu|Poison\n|move|p2a: \u632f\u7ffc\u9aee|Shadow Ball|p1a: Baxcalibur\n|-damage|p1a: Baxcalibur|57\/100\n|move|p2b: \u70c8\u7bad\u9df9|Will-O-Wisp|p1b: Ting-Lu\n|-status|p1b: Ting-Lu|brn\n|move|p1b: Ting-Lu|Heavy Slam|p2a: \u632f\u7ffc\u9aee\n|-supereffective|p2a: \u632f\u7ffc\u9aee\n|-damage|p2a: \u632f\u7ffc\u9aee|40\/100\n|\n|-damage|p1b: Ting-Lu|94\/100 brn|[from] brn\n|upkeep\n|turn|2\n|\n|t:|1681970928\n|-end|p2a: \u632f\u7ffc\u9aee|Protosynthesis|[silent]\n|switch|p2a: \u6557\u9732\u7403\u83c7|Amoonguss, L50, F, shiny|100\/100\n|move|p2b: \u70c8\u7bad\u9df9|Brave Bird|p1a: Baxcalibur\n|-damage|p1a: Baxcalibur|21\/100\n|-damage|p2b: \u70c8\u7bad\u9df9|86\/100|[from] Recoil\n|move|p1a: Baxcalibur|Glaive Rush|p2b: \u70c8\u7bad\u9df9\n|-damage|p2b: \u70c8\u7bad\u9df9|0 fnt\n|-singlemove|p1a: Baxcalibur|Glaive Rush|[silent]\n|faint|p2b: \u70c8\u7bad\u9df9\n|move|p1b: Ting-Lu|Heavy Slam|p2a: \u6557\u9732\u7403\u83c7\n|-damage|p2a: \u6557\u9732\u7403\u83c7|83\/100\n|\n|-damage|p1b: Ting-Lu|88\/100 brn|[from] brn\n|upkeep\n|\n|t:|1681970960\n|switch|p2b: \u70c8\u54ac\u9678\u9bca|Garchomp, L50, M|100\/100\n|turn|3\n|\n|t:|1681971017\n|-terastallize|p2b: \u70c8\u54ac\u9678\u9bca|Steel\n|move|p2a: \u6557\u9732\u7403\u83c7|Protect|p2a: \u6557\u9732\u7403\u83c7\n|-singleturn|p2a: \u6557\u9732\u7403\u83c7|Protect\n|move|p2b: \u70c8\u54ac\u9678\u9bca|Earthquake|p1b: Ting-Lu|[spread] p1a,p1b\n|-activate|p2a: \u6557\u9732\u7403\u83c7|move: Protect\n|-supereffective|p1b: Ting-Lu\n|-damage|p1a: Baxcalibur|0 fnt\n|-damage|p1b: Ting-Lu|29\/100 brn\n|faint|p1a: Baxcalibur\n|-damage|p2b: \u70c8\u54ac\u9678\u9bca|91\/100|[from] item: Life Orb\n|move|p1b: Ting-Lu|Ruination|p2b: \u70c8\u54ac\u9678\u9bca\n|-damage|p2b: \u70c8\u54ac\u9678\u9bca|46\/100\n|\n|-damage|p1b: Ting-Lu|23\/100 brn|[from] brn\n|upkeep\n|\n|t:|1681971036\n|switch|p1a: Palafin|Palafin-Hero, L50, F, shiny|100\/100\n|-activate|p1a: Palafin|ability: Zero to Hero\n|turn|4\n|\n|t:|1681971057\n|move|p2b: \u70c8\u54ac\u9678\u9bca|Protect|p2b: \u70c8\u54ac\u9678\u9bca\n|-singleturn|p2b: \u70c8\u54ac\u9678\u9bca|Protect\n|move|p1a: Palafin|Wave Crash|p2b: \u70c8\u54ac\u9678\u9bca\n|-activate|p2b: \u70c8\u54ac\u9678\u9bca|move: Protect\n|move|p1b: Ting-Lu|Stomping Tantrum|p2b: \u70c8\u54ac\u9678\u9bca\n|-activate|p2b: \u70c8\u54ac\u9678\u9bca|move: Protect\n|move|p2a: \u6557\u9732\u7403\u83c7|Spore|p1a: Palafin\n|-status|p1a: Palafin|slp|[from] move: Spore\n|\n|-damage|p1b: Ting-Lu|17\/100 brn|[from] brn\n|upkeep\n|turn|5\n|j| grade a type b\n|\n|t:|1681971114\n|move|p2a: \u6557\u9732\u7403\u83c7|Protect|p2a: \u6557\u9732\u7403\u83c7\n|-singleturn|p2a: \u6557\u9732\u7403\u83c7|Protect\n|move|p2b: \u70c8\u54ac\u9678\u9bca|Earthquake|p1b: Ting-Lu|[spread] p1a,p1b\n|-activate|p2a: \u6557\u9732\u7403\u83c7|move: Protect\n|-supereffective|p1b: Ting-Lu\n|-damage|p1a: Palafin|45\/100 slp\n|-damage|p1b: Ting-Lu|0 fnt\n|faint|p1b: Ting-Lu\n|-damage|p2b: \u70c8\u54ac\u9678\u9bca|36\/100|[from] item: Life Orb\n|cant|p1a: Palafin|slp\n|\n|upkeep\n|\n|t:|1681971119\n|switch|p1b: Flutter Mane|Flutter Mane, L50, shiny|100\/100\n|turn|6\n|\n|t:|1681971144\n|move|p2a: \u6557\u9732\u7403\u83c7|Rage Powder|p2a: \u6557\u9732\u7403\u83c7\n|-singleturn|p2a: \u6557\u9732\u7403\u83c7|move: Rage Powder\n|move|p1b: Flutter Mane|Shadow Ball|p2a: \u6557\u9732\u7403\u83c7\n|-damage|p2a: \u6557\u9732\u7403\u83c7|36\/100\n|-enditem|p2a: \u6557\u9732\u7403\u83c7|Sitrus Berry|[eat]\n|-heal|p2a: \u6557\u9732\u7403\u83c7|61\/100|[from] item: Sitrus Berry\n|move|p2b: \u70c8\u54ac\u9678\u9bca|Stomping Tantrum|p1a: Palafin\n|-damage|p1a: Palafin|0 fnt\n|faint|p1a: Palafin\n|-damage|p2b: \u70c8\u54ac\u9678\u9bca|27\/100|[from] item: Life Orb\n|\n|upkeep\n|turn|7\n|l| grade a type b\n|\n|t:|1681971161\n|move|p2a: \u6557\u9732\u7403\u83c7|Rage Powder|p2a: \u6557\u9732\u7403\u83c7\n|-singleturn|p2a: \u6557\u9732\u7403\u83c7|move: Rage Powder\n|move|p1b: Flutter Mane|Shadow Ball|p2a: \u6557\u9732\u7403\u83c7\n|-damage|p2a: \u6557\u9732\u7403\u83c7|9\/100\n|move|p2b: \u70c8\u54ac\u9678\u9bca|Stomping Tantrum|p1b: Flutter Mane\n|-damage|p1b: Flutter Mane|5\/100\n|-damage|p2b: \u70c8\u54ac\u9678\u9bca|17\/100|[from] item: Life Orb\n|\n|upkeep\n|turn|8\n|\n|t:|1681971170\n|move|p2a: \u6557\u9732\u7403\u83c7|Rage Powder|p2a: \u6557\u9732\u7403\u83c7\n|-singleturn|p2a: \u6557\u9732\u7403\u83c7|move: Rage Powder\n|move|p1b: Flutter Mane|Shadow Ball|p2a: \u6557\u9732\u7403\u83c7\n|-damage|p2a: \u6557\u9732\u7403\u83c7|0 fnt\n|faint|p2a: \u6557\u9732\u7403\u83c7\n|move|p2b: \u70c8\u54ac\u9678\u9bca|Stomping Tantrum|p1b: Flutter Mane\n|-damage|p1b: Flutter Mane|0 fnt\n|faint|p1b: Flutter Mane\n|-end|p1b: Flutter Mane|Protosynthesis|[silent]\n|-damage|p2b: \u70c8\u54ac\u9678\u9bca|8\/100|[from] item: Life Orb\n|\n|win|CatFurry\n|n|\u2606TheRealKaige|therealkaige\n|n|\u2606CatFurry|catfurry\n|n| WeirdPolyCouple|weirdpolycouple\n","uploadtime":1681971172,"views":5,"p1id":"therealkaige","p2id":"catfurry","formatid":"gen9vgc2023regulationc","rating":0,"private":0,"password":""}