{"id":"gen9vgc2023regulationc-1852265794","p1":"mugiwaraLux","p2":"npqc","format":"[Gen 9] VGC 2023 Regulation C","log":"|j|\u2606mugiwaraLux\n|j|\u2606npqc\n|t:|1682538211\n|gametype|doubles\n|player|p1|mugiwaraLux|265|1338\n|player|p2|npqc|fisherman-gen4|1277\n|teamsize|p1|6\n|teamsize|p2|6\n|gen|9\n|tier|[Gen 9] VGC 2023 Regulation C\n|rated|\n|rule|Species Clause: Limit one of each Pok\u00e9mon\n|rule|Item Clause: Limit one of each item\n|clearpoke\n|poke|p1|Palafin, L50, M|\n|poke|p1|Amoonguss, L50, M|\n|poke|p1|Flutter Mane, L50|\n|poke|p1|Arcanine, L50, F|\n|poke|p1|Roaring Moon, L50|\n|poke|p1|Chien-Pao, L50|\n|poke|p2|Dondozo, L50, M|\n|poke|p2|Tatsugiri, L50, F|\n|poke|p2|Raichu, L50, M|\n|poke|p2|Kingambit, L50, F|\n|poke|p2|Gallade, L50, M|\n|poke|p2|Baxcalibur, L50, F|\n|teampreview|4\n|inactive|Battle timer is ON: inactive players will automatically lose when time's up. (requested by npqc)\n|inactive|mugiwaraLux also wants the timer to be on.\nmugiwaraLux has agreed to open team sheets.\n|inactive|mugiwaraLux has 60 seconds left.\n|\n|t:|1682538248\n|start\n|switch|p1a: Chien-Pao|Chien-Pao, L50|100\/100\n|switch|p1b: Palafin|Palafin, L50, M|100\/100\n|switch|p2a: Gallade|Gallade, L50, M|100\/100\n|switch|p2b: Kingambit|Kingambit, L50, F|100\/100\n|-ability|p1a: Chien-Pao|Sword of Ruin\n|turn|1\n|\n|t:|1682538263\n|detailschange|p1b: Palafin|Palafin-Hero, L50, M\n|switch|p1b: Amoonguss|Amoonguss, L50, M|100\/100\n|-terastallize|p1a: Chien-Pao|Ghost\n|move|p1a: Chien-Pao|Sacred Sword|p2b: Kingambit\n|-supereffective|p2b: Kingambit\n|-damage|p2b: Kingambit|0 fnt\n|faint|p2b: Kingambit\n|move|p2a: Gallade|Close Combat|p1a: Chien-Pao\n|-immune|p1a: Chien-Pao\n|\n|upkeep\n|\n|t:|1682538275\n|switch|p2b: Baxcalibur|Baxcalibur, L50, F|100\/100\n|turn|2\n|inactive|npqc has 30 seconds left.\n|\n|t:|1682538307\n|move|p2b: Baxcalibur|Protect|p2b: Baxcalibur\n|-singleturn|p2b: Baxcalibur|Protect\n|move|p2a: Gallade|Protect|p2a: Gallade\n|-singleturn|p2a: Gallade|Protect\n|move|p1a: Chien-Pao|Sacred Sword|p2b: Baxcalibur\n|-activate|p2b: Baxcalibur|move: Protect\n|move|p1b: Amoonguss|Spore|p2a: Gallade\n|-activate|p2a: Gallade|move: Protect\n|\n|upkeep\n|turn|3\n|\n|t:|1682538323\n|switch|p1b: Palafin|Palafin-Hero, L50, M|100\/100\n|-activate|p1b: Palafin|ability: Zero to Hero\n|-terastallize|p2b: Baxcalibur|Poison\n|move|p1a: Chien-Pao|Sacred Sword|p2b: Baxcalibur\n|-resisted|p2b: Baxcalibur\n|-damage|p2b: Baxcalibur|79\/100\n|move|p2b: Baxcalibur|Icicle Spear|p1b: Palafin\n|-resisted|p1b: Palafin\n|-damage|p1b: Palafin|90\/100\n|-resisted|p1b: Palafin\n|-damage|p1b: Palafin|80\/100\n|-resisted|p1b: Palafin\n|-damage|p1b: Palafin|70\/100\n|-resisted|p1b: Palafin\n|-damage|p1b: Palafin|60\/100\n|-hitcount|p1b: Palafin|4\n|move|p2a: Gallade|Psycho Cut|p1b: Palafin\n|-damage|p1b: Palafin|0 fnt\n|faint|p1b: Palafin\n|\n|upkeep\n|\n|t:|1682538337\n|switch|p1b: Roaring Moon|Roaring Moon, L50|100\/100\n|-enditem|p1b: Roaring Moon|Booster Energy\n|-activate|p1b: Roaring Moon|ability: Protosynthesis|[fromitem]\n|-start|p1b: Roaring Moon|protosynthesisatk\n|turn|4\n|\n|t:|1682538354\n|move|p1a: Chien-Pao|Sucker Punch|p2b: Baxcalibur\n|-damage|p2b: Baxcalibur|36\/100\n|move|p2b: Baxcalibur|Ice Shard|p1b: Roaring Moon\n|-supereffective|p1b: Roaring Moon\n|-damage|p1b: Roaring Moon|11\/100\n|move|p1b: Roaring Moon|Acrobatics|p2a: Gallade\n|-supereffective|p2a: Gallade\n|-enditem|p2a: Gallade|Focus Sash\n|-damage|p2a: Gallade|1\/100\n|move|p2a: Gallade|Close Combat|p1b: Roaring Moon\n|-supereffective|p1b: Roaring Moon\n|-damage|p1b: Roaring Moon|0 fnt\n|-unboost|p2a: Gallade|def|1\n|-unboost|p2a: Gallade|spd|1\n|faint|p1b: Roaring Moon\n|-end|p1b: Roaring Moon|Protosynthesis|[silent]\n|\n|upkeep\n|\n|t:|1682538361\n|switch|p1b: Amoonguss|Amoonguss, L50, M|100\/100\n|turn|5\n|\n|t:|1682538376\n|move|p2b: Baxcalibur|Protect|p2b: Baxcalibur\n|-singleturn|p2b: Baxcalibur|Protect\n|move|p1b: Amoonguss|Protect|p1b: Amoonguss\n|-singleturn|p1b: Amoonguss|Protect\n|move|p1a: Chien-Pao|Sucker Punch||[still]\n|-fail|p1a: Chien-Pao\n|move|p2a: Gallade|Psycho Cut|p1a: Chien-Pao\n|-damage|p1a: Chien-Pao|13\/100\n|\n|upkeep\n|turn|6\n|inactive|npqc has 30 seconds left.\n|\n|t:|1682538410\n|switch|p2b: Tatsugiri|Tatsugiri, L50, F|100\/100\n|move|p1b: Amoonguss|Rage Powder|p1b: Amoonguss\n|-singleturn|p1b: Amoonguss|move: Rage Powder\n|move|p1a: Chien-Pao|Sucker Punch|p2a: Gallade\n|-damage|p2a: Gallade|0 fnt\n|faint|p2a: Gallade\n|\n|upkeep\n|\n|t:|1682538417\n|switch|p2a: Baxcalibur|Baxcalibur, L50, F, tera:Poison|36\/100\n|turn|7\n|\n|t:|1682538430\n|move|p1a: Chien-Pao|Protect|p1a: Chien-Pao\n|-singleturn|p1a: Chien-Pao|Protect\n|move|p2a: Baxcalibur|Icicle Spear|p1b: Amoonguss\n|-supereffective|p1b: Amoonguss\n|-damage|p1b: Amoonguss|64\/100\n|-supereffective|p1b: Amoonguss\n|-damage|p1b: Amoonguss|25\/100\n|-enditem|p1b: Amoonguss|Sitrus Berry|[eat]\n|-heal|p1b: Amoonguss|50\/100|[from] item: Sitrus Berry\n|-supereffective|p1b: Amoonguss\n|-damage|p1b: Amoonguss|14\/100\n|-supereffective|p1b: Amoonguss\n|-damage|p1b: Amoonguss|0 fnt\n|faint|p1b: Amoonguss\n|-hitcount|p1: Amoonguss|4\n|move|p2b: Tatsugiri|Muddy Water|p1a: Chien-Pao\n|-activate|p1a: Chien-Pao|move: Protect\n|\n|upkeep\n|turn|8\n|\n|t:|1682538450\n|move|p1a: Chien-Pao|Sucker Punch|p2b: Tatsugiri\n|-damage|p2b: Tatsugiri|20\/100\n|move|p2a: Baxcalibur|Icicle Spear|p1a: Chien-Pao\n|-damage|p1a: Chien-Pao|0 fnt\n|faint|p1a: Chien-Pao\n|-hitcount|p1: Chien-Pao|1\n|\n|win|npqc\n|raw|mugiwaraLux's rating: 1338 → 1315<\/strong> (-23 for losing)\n|raw|npqc's rating: 1277 → 1306<\/strong> (+29 for winning)\n","uploadtime":1682538462,"views":11,"p1id":"mugiwaralux","p2id":"npqc","formatid":"gen9vgc2023regulationc","rating":1306,"private":0,"password":""}