{"id":"gen9vgc2023regulationc-1864076038","p1":"nich11222333","p2":"Nayotake","format":"[Gen 9] VGC 2023 Regulation C","log":"|j|\u2606nich11222333\n|j|\u2606Nayotake\n|t:|1684113987\n|gametype|doubles\n|player|p1|nich11222333|170|1297\n|player|p2|Nayotake|guitarist|1193\n|teamsize|p1|6\n|teamsize|p2|6\n|gen|9\n|tier|[Gen 9] VGC 2023 Regulation C\n|rated|\n|rule|Species Clause: Limit one of each Pok\u00e9mon\n|rule|Item Clause: Limit one of each item\n|clearpoke\n|poke|p1|Pelipper, L50, M|\n|poke|p1|Ting-Lu, L50|\n|poke|p1|Palafin, L50, M|\n|poke|p1|Arcanine, L50, F|\n|poke|p1|Flutter Mane, L50|\n|poke|p1|Amoonguss, L50, M|\n|poke|p2|Salamence, L50, F|\n|poke|p2|Farigiraf, L50, M|\n|poke|p2|Iron Hands, L50|\n|poke|p2|Klawf, L50, F|\n|poke|p2|Arboliva, L50, M|\n|poke|p2|Lumineon, L50, F|\n|teampreview|4\n|\n|t:|1684114025\n|start\n|switch|p1a: Ting-Lu|Ting-Lu, L50|100\/100\n|switch|p1b: Palafin|Palafin, L50, M|100\/100\n|switch|p2a: Arboliva|Arboliva, L50, M|100\/100\n|switch|p2b: Lumineon|Lumineon, L50, F|100\/100\n|-ability|p1a: Ting-Lu|Vessel of Ruin\n|turn|1\n|\n|t:|1684114064\n|detailschange|p1b: Palafin|Palafin-Hero, L50, M\n|switch|p1b: Pelipper|Pelipper, L50, M|100\/100\n|-weather|RainDance|[from] ability: Drizzle|[of] p1b: Pelipper\n|move|p2b: Lumineon|Surf|p1a: Ting-Lu|[spread] p2a,p1a,p1b\n|-resisted|p2a: Arboliva\n|-supereffective|p1a: Ting-Lu\n|-resisted|p1b: Pelipper\n|-damage|p2a: Arboliva|93\/100\n|-damage|p1a: Ting-Lu|86\/100\n|-damage|p1b: Pelipper|90\/100\n|-fieldstart|move: Grassy Terrain|[from] ability: Seed Sower|[of] p2a: Arboliva\n|-enditem|p2a: Arboliva|Absorb Bulb\n|-boost|p2a: Arboliva|spa|1|[from] item: Absorb Bulb\n|move|p1a: Ting-Lu|Throat Chop|p2b: Lumineon\n|-damage|p2b: Lumineon|56\/100\n|move|p2a: Arboliva|Energy Ball|p1a: Ting-Lu\n|-supereffective|p1a: Ting-Lu\n|-damage|p1a: Ting-Lu|26\/100\n|\n|-weather|RainDance|[upkeep]\n|-heal|p2b: Lumineon|62\/100|[from] Grassy Terrain\n|-heal|p1a: Ting-Lu|32\/100|[from] Grassy Terrain\n|-heal|p2a: Arboliva|99\/100|[from] Grassy Terrain\n|upkeep\n|turn|2\n|\n|t:|1684114118\n|-terastallize|p2a: Arboliva|Fairy\n|move|p2b: Lumineon|Helping Hand|p2a: Arboliva\n|-singleturn|p2a: Arboliva|Helping Hand|[of] p2b: Lumineon\n|move|p1b: Pelipper|Hurricane|p2a: Arboliva\n|-damage|p2a: Arboliva|68\/100\n|move|p1a: Ting-Lu|Throat Chop|p2b: Lumineon\n|-damage|p2b: Lumineon|19\/100\n|move|p2a: Arboliva|Dazzling Gleam|p1a: Ting-Lu|[spread] p1a,p1b\n|-supereffective|p1a: Ting-Lu\n|-damage|p1a: Ting-Lu|0 fnt\n|-damage|p1b: Pelipper|12\/100\n|faint|p1a: Ting-Lu\n|\n|-weather|RainDance|[upkeep]\n|-heal|p2b: Lumineon|25\/100|[from] Grassy Terrain\n|-heal|p2a: Arboliva|74\/100|[from] Grassy Terrain\n|upkeep\n|\n|t:|1684114133\n|switch|p1a: Palafin|Palafin-Hero, L50, M|100\/100\n|-activate|p1a: Palafin|ability: Zero to Hero\n|turn|3\n|\n|t:|1684114145\n|-terastallize|p1a: Palafin|Water\n|move|p2b: Lumineon|Protect|p2b: Lumineon\n|-singleturn|p2b: Lumineon|Protect\n|move|p1a: Palafin|Wave Crash|p2b: Lumineon\n|-activate|p2b: Lumineon|ability: Storm Drain\n|-activate|p2b: Lumineon|move: Protect\n|move|p1b: Pelipper|Hurricane|p2b: Lumineon\n|-activate|p2b: Lumineon|move: Protect\n|move|p2a: Arboliva|Dazzling Gleam|p1b: Pelipper|[spread] p1a,p1b\n|-damage|p1a: Palafin|57\/100\n|-damage|p1b: Pelipper|0 fnt\n|faint|p1b: Pelipper\n|\n|-weather|RainDance|[upkeep]\n|-heal|p2b: Lumineon|32\/100|[from] Grassy Terrain\n|-heal|p1a: Palafin|63\/100|[from] Grassy Terrain\n|-heal|p2a: Arboliva|80\/100|[from] Grassy Terrain\n|upkeep\n|\n|t:|1684114162\n|switch|p1b: Arcanine|Arcanine, L50, F|100\/100\n|-ability|p1b: Arcanine|Intimidate|boost\n|-unboost|p2a: Arboliva|atk|1\n|-unboost|p2b: Lumineon|atk|1\n|turn|4\n|\n|t:|1684114173\n|move|p1a: Palafin|Protect|p1a: Palafin\n|-singleturn|p1a: Palafin|Protect\n|move|p2b: Lumineon|Surf|p1a: Palafin|[spread] p2a,p1b\n|-activate|p1a: Palafin|move: Protect\n|-supereffective|p1b: Arcanine\n|-damage|p2a: Arboliva|60\/100\n|-damage|p1b: Arcanine|53\/100\n|move|p1b: Arcanine|Flare Blitz|p2b: Lumineon\n|-resisted|p2b: Lumineon\n|-damage|p2b: Lumineon|18\/100\n|-damage|p1b: Arcanine|49\/100|[from] Recoil\n|move|p2a: Arboliva|Energy Ball|p1a: Palafin\n|-activate|p1a: Palafin|move: Protect\n|\n|-weather|RainDance|[upkeep]\n|-heal|p2b: Lumineon|24\/100|[from] Grassy Terrain\n|-heal|p1b: Arcanine|55\/100|[from] Grassy Terrain\n|-heal|p1a: Palafin|69\/100|[from] Grassy Terrain\n|-heal|p2a: Arboliva|66\/100|[from] Grassy Terrain\n|upkeep\n|turn|5\n|\n|t:|1684114193\n|move|p2b: Lumineon|Tailwind|p2b: Lumineon\n|-sidestart|p2: Nayotake|move: Tailwind\n|move|p1b: Arcanine|Snarl|p2a: Arboliva|[spread] p2a,p2b\n|-resisted|p2a: Arboliva\n|-damage|p2a: Arboliva|62\/100\n|-damage|p2b: Lumineon|14\/100\n|-unboost|p2a: Arboliva|spa|1\n|move|p1a: Palafin|Haze|p1a: Palafin\n|-clearallboost\n|move|p2a: Arboliva|Energy Ball|p1a: Palafin\n|-supereffective|p1a: Palafin\n|-damage|p1a: Palafin|0 fnt\n|faint|p1a: Palafin\n|\n|-weather|RainDance|[upkeep]\n|-heal|p2b: Lumineon|20\/100|[from] Grassy Terrain\n|-heal|p1b: Arcanine|62\/100|[from] Grassy Terrain\n|-heal|p2a: Arboliva|68\/100|[from] Grassy Terrain\n|-fieldend|move: Grassy Terrain\n|upkeep\n|turn|6\n|-message|nich11222333 forfeited.\n|\n|win|Nayotake\n|raw|nich11222333's rating: 1297 → 1265<\/strong> (-32 for losing)\n|raw|Nayotake's rating: 1193 → 1225<\/strong> (+32 for winning)\n|l|\u2606nich11222333\n","uploadtime":1684114209,"views":8,"p1id":"nich11222333","p2id":"nayotake","formatid":"gen9vgc2023regulationc","rating":1225,"private":0,"password":""}