{"id":"gen9vgc2023regulationc-1845952595","p1":"DarkFlame2013","p2":"thrillionaire","format":"[Gen 9] VGC 2023 Regulation C","log":"|j|\u2606DarkFlame2013\n|j|\u2606thrillionaire\n|t:|1681783180\n|gametype|doubles\n|player|p1|DarkFlame2013|battlegirl-gen4|1112\n|player|p2|thrillionaire|red-masters2|1148\n|teamsize|p1|6\n|teamsize|p2|6\n|gen|9\n|tier|[Gen 9] VGC 2023 Regulation C\n|rated|\n|rule|Species Clause: Limit one of each Pok\u00e9mon\n|rule|Item Clause: Limit one of each item\n|clearpoke\n|poke|p1|Bronzong, L50|\n|poke|p1|Indeedee-F, L50, F|\n|poke|p1|Wo-Chien, L50|\n|poke|p1|Armarouge, L50, F|\n|poke|p1|Annihilape, L50, M|\n|poke|p1|Torkoal, L50, M|\n|poke|p2|Gyarados, L50, M|\n|poke|p2|Flutter Mane, L50|\n|poke|p2|Orthworm, L50, M|\n|poke|p2|Ting-Lu, L50|\n|poke|p2|Rotom-Wash, L50|\n|poke|p2|Baxcalibur, L50, M|\n|teampreview|4\n|inactive|Battle timer is ON: inactive players will automatically lose when time's up. (requested by DarkFlame2013)\n|inactive|DarkFlame2013 has 60 seconds left.\n|inactive|thrillionaire has 60 seconds left.\n|\n|t:|1681783217\n|start\n|switch|p1a: Bronzong|Bronzong, L50, shiny|100\/100\n|switch|p1b: Indeedee|Indeedee-F, L50, F, shiny|100\/100\n|switch|p2a: Orthworm|Orthworm, L50, M|100\/100\n|switch|p2b: Flutter Mane|Flutter Mane, L50, shiny|100\/100\n|-fieldstart|move: Psychic Terrain|[from] ability: Psychic Surge|[of] p1b: Indeedee\n|-enditem|p1b: Indeedee|Psychic Seed\n|-boost|p1b: Indeedee|spd|1|[from] item: Psychic Seed\n|-enditem|p2b: Flutter Mane|Booster Energy\n|-activate|p2b: Flutter Mane|ability: Protosynthesis|[fromitem]\n|-start|p2b: Flutter Mane|protosynthesisspa\n|turn|1\n|inactive|thrillionaire has 30 seconds left.\n|\n|t:|1681783246\n|move|p1b: Indeedee|Follow Me|p1b: Indeedee\n|-singleturn|p1b: Indeedee|move: Follow Me\n|move|p2b: Flutter Mane|Dazzling Gleam|p1b: Indeedee|[spread] p1a,p1b\n|-resisted|p1a: Bronzong\n|-damage|p1a: Bronzong|84\/100\n|-damage|p1b: Indeedee|81\/100\n|move|p2a: Orthworm|Shed Tail|p2a: Orthworm\n|-start|p2a: Orthworm|Substitute|[from] move: Shed Tail\n|-damage|p2a: Orthworm|50\/100\n|-enditem|p2a: Orthworm|Sitrus Berry|[eat]\n|-heal|p2a: Orthworm|75\/100|[from] item: Sitrus Berry\n|\n|t:|1681783255\n|switch|p2a: Ting-Lu|Ting-Lu, L50|100\/100|[from] Shed Tail\n|-ability|p2a: Ting-Lu|Vessel of Ruin\n|move|p1a: Bronzong|Trick Room|p1a: Bronzong\n|-fieldstart|move: Trick Room|[of] p1a: Bronzong\n|\n|upkeep\n|turn|2\n|inactive|DarkFlame2013 has 30 seconds left.\n|inactive|DarkFlame2013 has 20 seconds left.\n|\n|t:|1681783293\n|-end|p2b: Flutter Mane|Protosynthesis|[silent]\n|switch|p2b: Orthworm|Orthworm, L50, M|75\/100\n|move|p1a: Bronzong|Earthquake|p2b: Orthworm|[spread] p1b,p2a\n|-heal|p2b: Orthworm|99\/100|[from] ability: Earth Eater|[of] p1a: Bronzong\n|-activate|p2a: Ting-Lu|move: Substitute|[damage]\n|-damage|p1b: Indeedee|52\/100\n|move|p2a: Ting-Lu|Earthquake|p1b: Indeedee|[spread] p1b\n|-heal|p2b: Orthworm|100\/100|[from] ability: Earth Eater|[of] p2a: Ting-Lu\n|-immune|p1a: Bronzong|[from] ability: Levitate\n|-damage|p1b: Indeedee|4\/100\n|move|p1b: Indeedee|Dazzling Gleam|p2b: Orthworm|[spread] p2a,p2b\n|-supereffective|p2a: Ting-Lu\n|-end|p2a: Ting-Lu|Substitute\n|-resisted|p2b: Orthworm\n|-damage|p2b: Orthworm|95\/100\n|\n|upkeep\n|turn|3\n|inactive|DarkFlame2013 has 30 seconds left.\n|inactive|thrillionaire has 30 seconds left.\n|inactive|DarkFlame2013 has 20 seconds left.\n|inactive|DarkFlame2013 has 15 seconds left.\n|inactive|DarkFlame2013 has 10 seconds left.\n|\n|t:|1681783343\n|switch|p2a: Baxcalibur|Baxcalibur, L50, M|100\/100\n|move|p1a: Bronzong|Gyro Ball|p2a: Baxcalibur\n|-supereffective|p2a: Baxcalibur\n|-damage|p2a: Baxcalibur|23\/100\n|move|p2b: Orthworm|Shed Tail|p2b: Orthworm\n|-start|p2b: Orthworm|Substitute|[from] move: Shed Tail\n|-damage|p2b: Orthworm|45\/100\n|\n|t:|1681783351\n|switch|p2b: Ting-Lu|Ting-Lu, L50|100\/100|[from] Shed Tail\n|-ability|p2b: Ting-Lu|Vessel of Ruin\n|move|p1b: Indeedee|Dazzling Gleam|p2a: Baxcalibur|[spread] p2a,p2b\n|-supereffective|p2b: Ting-Lu\n|-activate|p2b: Ting-Lu|move: Substitute|[damage]\n|-supereffective|p2a: Baxcalibur\n|-damage|p2a: Baxcalibur|4\/100\n|\n|upkeep\n|turn|4\n|inactive|DarkFlame2013 has 30 seconds left.\n|inactive|thrillionaire has 30 seconds left.\n|\n|t:|1681783378\n|switch|p2a: Orthworm|Orthworm, L50, M|45\/100\n|move|p1a: Bronzong|Gyro Ball|p2a: Orthworm\n|-resisted|p2a: Orthworm\n|-damage|p2a: Orthworm|37\/100\n|move|p2b: Ting-Lu|Ruination|p1a: Bronzong\n|-damage|p1a: Bronzong|42\/100\n|move|p1b: Indeedee|Dazzling Gleam|p2b: Ting-Lu|[spread] p2a,p2b\n|-supereffective|p2b: Ting-Lu\n|-end|p2b: Ting-Lu|Substitute\n|-resisted|p2a: Orthworm\n|-damage|p2a: Orthworm|32\/100\n|\n|upkeep\n|turn|5\n|\n|t:|1681783398\n|move|p1a: Bronzong|Gyro Ball|p2b: Ting-Lu\n|-damage|p2b: Ting-Lu|82\/100\n|move|p2a: Orthworm|Iron Defense|p2a: Orthworm\n|-boost|p2a: Orthworm|def|2\n|move|p2b: Ting-Lu|Earthquake|p1b: Indeedee|[spread] p1b\n|-heal|p2a: Orthworm|56\/100|[from] ability: Earth Eater|[of] p2b: Ting-Lu\n|-immune|p1a: Bronzong|[from] ability: Levitate\n|-damage|p1b: Indeedee|0 fnt\n|faint|p1b: Indeedee\n|\n|-fieldend|move: Trick Room\n|-fieldend|move: Psychic Terrain\n|upkeep\n|\n|t:|1681783405\n|switch|p1b: Wo-Chien|Wo-Chien, L50|100\/100\n|-ability|p1b: Wo-Chien|Tablets of Ruin\n|turn|6\n|\n|t:|1681783419\n|move|p2b: Ting-Lu|Earthquake|p1b: Wo-Chien|[spread] p1b\n|-heal|p2a: Orthworm|81\/100|[from] ability: Earth Eater|[of] p2b: Ting-Lu\n|-immune|p1a: Bronzong|[from] ability: Levitate\n|-resisted|p1b: Wo-Chien\n|-damage|p1b: Wo-Chien|90\/100\n|move|p2a: Orthworm|Body Press|p1b: Wo-Chien\n|-supereffective|p1b: Wo-Chien\n|-damage|p1b: Wo-Chien|18\/100\n|move|p1b: Wo-Chien|Energy Ball|p2b: Ting-Lu\n|-supereffective|p2b: Ting-Lu\n|-damage|p2b: Ting-Lu|49\/100\n|move|p1a: Bronzong|Trick Room|p1a: Bronzong\n|-fieldstart|move: Trick Room|[of] p1a: Bronzong\n|-enditem|p1b: Wo-Chien|Room Service\n|-unboost|p1b: Wo-Chien|spe|1|[from] item: Room Service\n|\n|upkeep\n|turn|7\n|inactive|DarkFlame2013 has 30 seconds left.\n|inactive|thrillionaire has 30 seconds left.\n|inactive|DarkFlame2013 has 20 seconds left.\n|inactive|DarkFlame2013 has 15 seconds left.\n|\n|t:|1681783462\n|move|p1a: Bronzong|Gyro Ball|p2b: Ting-Lu\n|-crit|p2b: Ting-Lu\n|-damage|p2b: Ting-Lu|30\/100\n|move|p1b: Wo-Chien|Reflect|p1b: Wo-Chien\n|-sidestart|p1: DarkFlame2013|Reflect\n|move|p2a: Orthworm|Body Press|p1b: Wo-Chien\n|-supereffective|p1b: Wo-Chien\n|-damage|p1b: Wo-Chien|0 fnt\n|faint|p1b: Wo-Chien\n|move|p2b: Ting-Lu|Earthquake|p1a: Bronzong|[spread] \n|-heal|p2a: Orthworm|100\/100|[from] ability: Earth Eater|[of] p2b: Ting-Lu\n|-immune|p1a: Bronzong|[from] ability: Levitate\n|\n|upkeep\n|\n|t:|1681783464\n|switch|p1b: Torkoal|Torkoal, L50, M, shiny|100\/100\n|-weather|SunnyDay|[from] ability: Drought|[of] p1b: Torkoal\n|turn|8\n|inactive|DarkFlame2013 has 30 seconds left.\n|\n|t:|1681783498\n|-terastallize|p1b: Torkoal|Fire\n|-terastallize|p2a: Orthworm|Fire\n|move|p1b: Torkoal|Eruption|p2a: Orthworm|[spread] p2a,p2b\n|-resisted|p2a: Orthworm\n|-damage|p2a: Orthworm|53\/100\n|-damage|p2b: Ting-Lu|0 fnt\n|faint|p2b: Ting-Lu\n|move|p1a: Bronzong|Gyro Ball|p2a: Orthworm\n|-resisted|p2a: Orthworm\n|-damage|p2a: Orthworm|48\/100\n|move|p2a: Orthworm|Body Press|p1b: Torkoal\n|-damage|p1b: Torkoal|73\/100\n|\n|-weather|SunnyDay|[upkeep]\n|upkeep\n|\n|t:|1681783521\n|switch|p2b: Baxcalibur|Baxcalibur, L50, M|4\/100\n|turn|9\n|inactive|DarkFlame2013 has 30 seconds left.\n|\n|t:|1681783549\n|move|p2b: Baxcalibur|Protect|p2b: Baxcalibur\n|-singleturn|p2b: Baxcalibur|Protect\n|move|p1b: Torkoal|Eruption|p2b: Baxcalibur|[spread] p2a\n|-activate|p2b: Baxcalibur|move: Protect\n|-resisted|p2a: Orthworm\n|-damage|p2a: Orthworm|2\/100\n|move|p1a: Bronzong|Earthquake|p2b: Baxcalibur|[spread] p1b\n|-activate|p2b: Baxcalibur|move: Protect\n|-heal|p2a: Orthworm|26\/100|[from] ability: Earth Eater|[of] p1a: Bronzong\n|-supereffective|p1b: Torkoal\n|-damage|p1b: Torkoal|52\/100\n|move|p2a: Orthworm|Body Press|p1b: Torkoal\n|-damage|p1b: Torkoal|26\/100\n|\n|-weather|SunnyDay|[upkeep]\n|upkeep\n|turn|10\n|inactive|thrillionaire has 30 seconds left.\n|\n|t:|1681783575\n|move|p2b: Baxcalibur|Ice Shard|p1b: Torkoal\n|-resisted|p1b: Torkoal\n|-damage|p1b: Torkoal|20\/100\n|move|p1b: Torkoal|Eruption|p2b: Baxcalibur|[spread] p2a,p2b\n|-resisted|p2a: Orthworm\n|-damage|p2a: Orthworm|14\/100\n|-damage|p2b: Baxcalibur|0 fnt\n|faint|p2b: Baxcalibur\n|move|p1a: Bronzong|Gyro Ball|p2a: Orthworm\n|-resisted|p2a: Orthworm\n|-damage|p2a: Orthworm|10\/100\n|move|p2a: Orthworm|Body Press|p1b: Torkoal\n|-damage|p1b: Torkoal|0 fnt\n|faint|p1b: Torkoal\n|\n|-weather|SunnyDay|[upkeep]\n|-fieldend|move: Trick Room\n|upkeep\n|\n|t:|1681783589\n|switch|p2b: Flutter Mane|Flutter Mane, L50, shiny|100\/100\n|-activate|p2b: Flutter Mane|ability: Protosynthesis\n|-start|p2b: Flutter Mane|protosynthesisspa\n|turn|11\n|\n|t:|1681783601\n|move|p2b: Flutter Mane|Shadow Ball|p1a: Bronzong\n|-supereffective|p1a: Bronzong\n|-damage|p1a: Bronzong|0 fnt\n|faint|p1a: Bronzong\n|\n|win|thrillionaire\n|raw|DarkFlame2013's rating: 1112 → 1090<\/strong> (-22 for losing)\n|raw|thrillionaire's rating: 1148 → 1170<\/strong> (+22 for winning)\n|c|\u2606thrillionaire|gg\n|c|\u2606DarkFlame2013|):\n","uploadtime":1681783620,"views":13,"p1id":"darkflame2013","p2id":"thrillionaire","formatid":"gen9vgc2023regulationc","rating":1090,"private":0,"password":""}