{"id":"gen9vgc2023regulationc-1855474694","p1":"mattnot3","p2":"Matutinha","format":"[Gen 9] VGC 2023 Regulation C","log":"|j|\u2606mattnot3\n|j|\u2606Matutinha\n|t:|1682954787\n|gametype|doubles\n|player|p1|mattnot3|101|1539\n|player|p2|Matutinha|1|1572\n|teamsize|p1|6\n|teamsize|p2|6\n|gen|9\n|tier|[Gen 9] VGC 2023 Regulation C\n|rated|\n|rule|Species Clause: Limit one of each Pok\u00e9mon\n|rule|Item Clause: Limit one of each item\n|clearpoke\n|poke|p1|Chi-Yu, L50|\n|poke|p1|Flutter Mane, L50|\n|poke|p1|Scizor, L50, M|\n|poke|p1|Wo-Chien, L50|\n|poke|p1|Gyarados, L50, M|\n|poke|p1|Glimmora, L50, M|\n|poke|p2|Tyranitar, L50, F|\n|poke|p2|Lycanroc, L50, M|\n|poke|p2|Annihilape, L50, M|\n|poke|p2|Maushold-Four, L50|\n|poke|p2|Chien-Pao, L50|\n|poke|p2|Flutter Mane, L50|\n|teampreview|4\n|inactive|Battle timer is ON: inactive players will automatically lose when time's up. (requested by Matutinha)\n|\n|t:|1682954835\n|start\n|switch|p1a: Scizor|Scizor, L50, M|100\/100\n|switch|p1b: Glimmora|Glimmora, L50, M|100\/100\n|switch|p2a: Maushold|Maushold-Four, L50|100\/100\n|switch|p2b: Annihilape|Annihilape, L50, M|100\/100\n|turn|1\n|\n|t:|1682954855\n|move|p2a: Maushold|Protect|p2a: Maushold\n|-singleturn|p2a: Maushold|Protect\n|move|p2b: Annihilape|Bulldoze|p1b: Glimmora|[spread] p1a,p1b\n|-activate|p2a: Maushold|move: Protect\n|-supereffective|p1b: Glimmora\n|-damage|p1a: Scizor|88\/100\n|-damage|p1b: Glimmora|45\/100\n|-unboost|p1a: Scizor|spe|1\n|-unboost|p1b: Glimmora|spe|1\n|-activate|p1b: Glimmora|ability: Toxic Debris\n|-sidestart|p2: Matutinha|move: Toxic Spikes\n|move|p1b: Glimmora|Mortal Spin|p2b: Annihilape|[spread] p2b\n|-activate|p2a: Maushold|move: Protect\n|-resisted|p2b: Annihilape\n|-damage|p2b: Annihilape|99\/100\n|-status|p2b: Annihilape|psn\n|move|p1a: Scizor|Tailwind|p1a: Scizor\n|-sidestart|p1: mattnot3|move: Tailwind\n|\n|-damage|p2b: Annihilape|86\/100 psn|[from] psn\n|upkeep\n|turn|2\n|inactive|Matutinha has 30 seconds left.\n|inactive|Matutinha has 20 seconds left.\n|inactive|Matutinha has 15 seconds left.\n|inactive|Matutinha has 10 seconds left.\n|\n|t:|1682954902\n|move|p2a: Maushold|Helping Hand|p2b: Annihilape\n|-singleturn|p2b: Annihilape|Helping Hand|[of] p2a: Maushold\n|move|p1a: Scizor|Bullet Punch|p2b: Annihilape\n|-damage|p2b: Annihilape|54\/100 psn\n|move|p1b: Glimmora|Sludge Wave|p2a: Maushold|[spread] p2a,p2b\n|-immune|p1a: Scizor\n|-resisted|p2b: Annihilape\n|-damage|p2a: Maushold|47\/100\n|-damage|p2b: Annihilape|44\/100 psn\n|move|p2b: Annihilape|Drain Punch|p1a: Scizor\n|-damage|p1a: Scizor|43\/100\n|-heal|p2b: Annihilape|62\/100 psn|[from] drain|[of] p1a: Scizor\n|\n|-damage|p2b: Annihilape|50\/100 psn|[from] psn\n|upkeep\n|turn|3\n|inactive|Matutinha has 30 seconds left.\n|\n|t:|1682954935\n|move|p1a: Scizor|Bullet Punch|p2b: Annihilape\n|-damage|p2b: Annihilape|18\/100 psn\n|move|p2a: Maushold|Population Bomb|p1a: Scizor\n|-resisted|p1a: Scizor\n|-damage|p1a: Scizor|38\/100\n|-resisted|p1a: Scizor\n|-damage|p1a: Scizor|33\/100\n|-resisted|p1a: Scizor\n|-damage|p1a: Scizor|27\/100\n|-resisted|p1a: Scizor\n|-damage|p1a: Scizor|22\/100\n|-resisted|p1a: Scizor\n|-damage|p1a: Scizor|16\/100\n|-resisted|p1a: Scizor\n|-damage|p1a: Scizor|11\/100\n|-resisted|p1a: Scizor\n|-damage|p1a: Scizor|6\/100\n|-resisted|p1a: Scizor\n|-damage|p1a: Scizor|0 fnt\n|faint|p1a: Scizor\n|-hitcount|p1: Scizor|8\n|move|p1b: Glimmora|Power Gem|p2b: Annihilape\n|-resisted|p2b: Annihilape\n|-damage|p2b: Annihilape|5\/100 psn\n|move|p2b: Annihilape|Rage Fist|p1b: Glimmora\n|-damage|p1b: Glimmora|0 fnt\n|-activate|p1b: Glimmora|ability: Toxic Debris\n|-sidestart|p2: Matutinha|move: Toxic Spikes\n|faint|p1b: Glimmora\n|\n|-damage|p2b: Annihilape|0 fnt|[from] psn\n|faint|p2b: Annihilape\n|upkeep\n|inactive|Matutinha has 30 seconds left.\n|\n|t:|1682954967\n|switch|p2b: Tyranitar|Tyranitar, L50, F|100\/100\n|switch|p1b: Gyarados|Gyarados, L50, M|100\/100\n|switch|p1a: Wo-Chien|Wo-Chien, L50|100\/100\n|-ability|p1b: Gyarados|Intimidate|boost\n|-unboost|p2a: Maushold|atk|1\n|-unboost|p2b: Tyranitar|atk|1\n|-ability|p1a: Wo-Chien|Tablets of Ruin\n|-status|p2b: Tyranitar|tox\n|-weather|Sandstorm|[from] ability: Sand Stream|[of] p2b: Tyranitar\n|turn|4\n|inactive|Matutinha has 30 seconds left.\n|\n|t:|1682954995\n|move|p2b: Tyranitar|Helping Hand|p2a: Maushold\n|-singleturn|p2a: Maushold|Helping Hand|[of] p2b: Tyranitar\n|move|p1b: Gyarados|Waterfall|p2b: Tyranitar\n|-supereffective|p2b: Tyranitar\n|-damage|p2b: Tyranitar|51\/100 tox\n|move|p1a: Wo-Chien|Substitute|p1a: Wo-Chien\n|-start|p1a: Wo-Chien|Substitute\n|-damage|p1a: Wo-Chien|75\/100\n|move|p2a: Maushold|Population Bomb|p1a: Wo-Chien\n|-activate|p1a: Wo-Chien|move: Substitute|[damage]\n|-activate|p1a: Wo-Chien|move: Substitute|[damage]\n|-activate|p1a: Wo-Chien|move: Substitute|[damage]\n|-end|p1a: Wo-Chien|Substitute\n|-damage|p1a: Wo-Chien|69\/100\n|-damage|p1a: Wo-Chien|60\/100\n|-damage|p1a: Wo-Chien|53\/100\n|-damage|p1a: Wo-Chien|46\/100\n|-damage|p1a: Wo-Chien|38\/100\n|-damage|p1a: Wo-Chien|30\/100\n|-hitcount|p1a: Wo-Chien|10\n|\n|-weather|Sandstorm|[upkeep]\n|-damage|p1b: Gyarados|95\/100|[from] Sandstorm\n|-damage|p1a: Wo-Chien|24\/100|[from] Sandstorm\n|-damage|p2a: Maushold|41\/100|[from] Sandstorm\n|-heal|p1a: Wo-Chien|30\/100|[from] item: Leftovers\n|-damage|p2b: Tyranitar|46\/100 tox|[from] psn\n|-sideend|p1: mattnot3|move: Tailwind\n|upkeep\n|turn|5\n|inactive|Matutinha has 30 seconds left.\n|inactive|Matutinha has 20 seconds left.\n|j| Labelex\n|inactive|Matutinha has 15 seconds left.\n|\n|t:|1682955039\n|-terastallize|p2b: Tyranitar|Grass\n|move|p1a: Wo-Chien|Protect|p1a: Wo-Chien\n|-singleturn|p1a: Wo-Chien|Protect\n|move|p2a: Maushold|Population Bomb|p1b: Gyarados\n|-damage|p1b: Gyarados|87\/100\n|-damage|p1b: Gyarados|81\/100\n|-damage|p1b: Gyarados|74\/100\n|-damage|p1b: Gyarados|68\/100\n|-damage|p1b: Gyarados|62\/100\n|-damage|p1b: Gyarados|55\/100\n|-damage|p1b: Gyarados|50\/100\n|-enditem|p1b: Gyarados|Sitrus Berry|[eat]\n|-heal|p1b: Gyarados|74\/100|[from] item: Sitrus Berry\n|-hitcount|p1b: Gyarados|7\n|move|p2b: Tyranitar|Rock Slide|p1b: Gyarados|[spread] p1b\n|-activate|p1a: Wo-Chien|move: Protect\n|-supereffective|p1b: Gyarados\n|-damage|p1b: Gyarados|41\/100\n|move|p1b: Gyarados|Waterfall|p2a: Maushold\n|-damage|p2a: Maushold|6\/100\n|\n|-weather|Sandstorm|[upkeep]\n|-damage|p2a: Maushold|0 fnt|[from] Sandstorm\n|-damage|p2b: Tyranitar|40\/100 tox|[from] Sandstorm\n|-damage|p1b: Gyarados|35\/100|[from] Sandstorm\n|-damage|p1a: Wo-Chien|24\/100|[from] Sandstorm\n|faint|p2a: Maushold\n|-heal|p1a: Wo-Chien|30\/100|[from] item: Leftovers\n|-damage|p2b: Tyranitar|29\/100 tox|[from] psn\n|upkeep\n|\n|t:|1682955062\n|switch|p2a: Lycanroc|Lycanroc, L50, M|100\/100\n|-status|p2a: Lycanroc|tox\n|turn|6\n|-activate|p2b: Tyranitar|item: Quick Claw\n|\n|t:|1682955085\n|-terastallize|p1a: Wo-Chien|Poison\n|move|p2b: Tyranitar|Rock Slide|p1b: Gyarados|[spread] p1a,p1b\n|-supereffective|p1b: Gyarados\n|-damage|p1a: Wo-Chien|18\/100\n|-damage|p1b: Gyarados|0 fnt\n|faint|p1b: Gyarados\n|move|p2a: Lycanroc|Play Rough|p1a: Wo-Chien\n|-resisted|p1a: Wo-Chien\n|-damage|p1a: Wo-Chien|5\/100\n|move|p1a: Wo-Chien|Leech Seed|p2a: Lycanroc\n|-start|p2a: Lycanroc|move: Leech Seed\n|\n|-weather|Sandstorm|[upkeep]\n|-damage|p2b: Tyranitar|23\/100 tox|[from] Sandstorm\n|-damage|p1a: Wo-Chien|0 fnt|[from] Sandstorm\n|faint|p1a: Wo-Chien\n|\n|win|Matutinha\n|upkeep\n|raw|mattnot3's rating: 1539 → 1521<\/strong> (-18 for losing)\n|raw|Matutinha's rating: 1572 → 1590<\/strong> (+18 for winning)\n","uploadtime":1682955099,"views":27,"p1id":"mattnot3","p2id":"matutinha","formatid":"gen9vgc2023regulationc","rating":1521,"private":0,"password":""}