{"id":"gen9vgc2023regulationc-1847845325","p1":"Tcalver","p2":"Hadrian1917","format":"[Gen 9] VGC 2023 Regulation C","log":"|j|\u2606Tcalver\n|j|\u2606Hadrian1917\n|t:|1682006689\n|gametype|doubles\n|player|p1|Tcalver|169|1320\n|player|p2|Hadrian1917|brock|1227\n|teamsize|p1|6\n|teamsize|p2|6\n|gen|9\n|tier|[Gen 9] VGC 2023 Regulation C\n|rated|\n|rule|Species Clause: Limit one of each Pok\u00e9mon\n|rule|Item Clause: Limit one of each item\n|clearpoke\n|poke|p1|Arcanine, L50, M|\n|poke|p1|Flutter Mane, L50|\n|poke|p1|Amoonguss, L50, F|\n|poke|p1|Dragonite, L50, M|\n|poke|p1|Ting-Lu, L50|\n|poke|p1|Corviknight, L50, F|\n|poke|p2|Flutter Mane, L50|\n|poke|p2|Arcanine, L50, F|\n|poke|p2|Baxcalibur, L50, F|\n|poke|p2|Ting-Lu, L50|\n|poke|p2|Gyarados, L50, F|\n|poke|p2|Amoonguss, L50, M|\n|teampreview|4\n|inactive|Battle timer is ON: inactive players will automatically lose when time's up. (requested by Hadrian1917)\n|\n|t:|1682006731\n|start\n|switch|p1a: Arcanine|Arcanine, L50, M|100\/100\n|switch|p1b: Dragonite|Dragonite, L50, M|100\/100\n|switch|p2a: Arcanine|Arcanine, L50, F|100\/100\n|switch|p2b: Baxcalibur|Baxcalibur, L50, F|100\/100\n|-ability|p2a: Arcanine|Intimidate|boost\n|-unboost|p1a: Arcanine|atk|1\n|-fail|p1b: Dragonite|unboost|[from] item: Clear Amulet|[of] p1b: Dragonite\n|-ability|p1a: Arcanine|Intimidate|boost\n|-unboost|p2a: Arcanine|atk|1\n|-fail|p2b: Baxcalibur|unboost|[from] item: Clear Amulet|[of] p2b: Baxcalibur\n|turn|1\n|inactive|Tcalver has 30 seconds left.\n|inactive|Hadrian1917 has 30 seconds left.\n|\n|t:|1682006764\n|-terastallize|p1b: Dragonite|Flying\n|move|p2b: Baxcalibur|Ice Shard|p1b: Dragonite\n|-supereffective|p1b: Dragonite\n|-damage|p1b: Dragonite|77\/100\n|move|p2a: Arcanine|Howl|p2a: Arcanine|[spread] p2a,p2b\n|-boost|p2a: Arcanine|atk|1\n|-boost|p2b: Baxcalibur|atk|1\n|move|p1a: Arcanine|Howl|p1a: Arcanine|[spread] p1a,p1b\n|-boost|p1a: Arcanine|atk|1\n|-boost|p1b: Dragonite|atk|1\n|move|p1b: Dragonite|Tailwind|p1b: Dragonite\n|-sidestart|p1: Tcalver|move: Tailwind\n|\n|upkeep\n|turn|2\n|inactive|Tcalver has 30 seconds left.\n|\n|t:|1682006789\n|move|p1b: Dragonite|Protect|p1b: Dragonite\n|-singleturn|p1b: Dragonite|Protect\n|move|p2b: Baxcalibur|Protect|p2b: Baxcalibur\n|-singleturn|p2b: Baxcalibur|Protect\n|move|p1a: Arcanine|Howl|p1a: Arcanine|[spread] p1a,p1b\n|-boost|p1a: Arcanine|atk|1\n|-boost|p1b: Dragonite|atk|1\n|move|p2a: Arcanine|Howl|p2a: Arcanine|[spread] p2a,p2b\n|-boost|p2a: Arcanine|atk|1\n|-boost|p2b: Baxcalibur|atk|1\n|\n|upkeep\n|turn|3\n|c|\u2606Tcalver|Lol\n|\n|t:|1682006816\n|-terastallize|p2b: Baxcalibur|Poison\n|move|p2a: Arcanine|Extreme Speed|p1b: Dragonite\n|-damage|p1b: Dragonite|44\/100\n|move|p2b: Baxcalibur|Ice Shard|p1b: Dragonite\n|-supereffective|p1b: Dragonite\n|-damage|p1b: Dragonite|0 fnt\n|faint|p1b: Dragonite\n|move|p1a: Arcanine|Howl|p1a: Arcanine\n|-boost|p1a: Arcanine|atk|1\n|\n|upkeep\n|\n|t:|1682006830\n|switch|p1b: Flutter Mane|Flutter Mane, L50|100\/100\n|-enditem|p1b: Flutter Mane|Booster Energy\n|-activate|p1b: Flutter Mane|ability: Protosynthesis|[fromitem]\n|-start|p1b: Flutter Mane|protosynthesisspa\n|turn|4\n|\n|t:|1682006846\n|move|p1b: Flutter Mane|Shadow Ball|p2a: Arcanine\n|-damage|p2a: Arcanine|50\/100\n|move|p1a: Arcanine|Flare Blitz|p2a: Arcanine\n|-resisted|p2a: Arcanine\n|-damage|p2a: Arcanine|0 fnt\n|faint|p2a: Arcanine\n|-damage|p1a: Arcanine|84\/100|[from] Recoil\n|move|p2b: Baxcalibur|Icicle Crash|p1b: Flutter Mane\n|-damage|p1b: Flutter Mane|0 fnt\n|faint|p1b: Flutter Mane\n|-end|p1b: Flutter Mane|Protosynthesis|[silent]\n|\n|-sideend|p1: Tcalver|move: Tailwind\n|upkeep\n|\n|t:|1682006859\n|switch|p1b: Corviknight|Corviknight, L50, F|100\/100\n|switch|p2a: Gyarados|Gyarados, L50, F|100\/100\n|-ability|p2a: Gyarados|Intimidate|boost\n|-unboost|p1a: Arcanine|atk|1\n|-ability|p1b: Corviknight|Mirror Armor\n|-unboost|p2a: Gyarados|atk|1\n|turn|5\n|\n|t:|1682006878\n|move|p1a: Arcanine|Protect|p1a: Arcanine\n|-singleturn|p1a: Arcanine|Protect\n|move|p2b: Baxcalibur|Icicle Crash|p1b: Corviknight\n|-damage|p1b: Corviknight|39\/100\n|move|p2a: Gyarados|Thunder Wave|p1a: Arcanine\n|-activate|p1a: Arcanine|move: Protect\n|move|p1b: Corviknight|Iron Defense|p1b: Corviknight\n|-boost|p1b: Corviknight|def|2\n|\n|-heal|p1b: Corviknight|44\/100|[from] item: Leftovers\n|upkeep\n|turn|6\n|\n|t:|1682006896\n|move|p2b: Baxcalibur|Icicle Crash|p1b: Corviknight\n|-damage|p1b: Corviknight|14\/100\n|move|p1a: Arcanine|Flare Blitz|p2b: Baxcalibur\n|-crit|p2b: Baxcalibur\n|-damage|p2b: Baxcalibur|0 fnt\n|faint|p2b: Baxcalibur\n|-damage|p1a: Arcanine|48\/100|[from] Recoil\n|move|p2a: Gyarados|Waterfall|p1b: Corviknight\n|-damage|p1b: Corviknight|6\/100\n|move|p1b: Corviknight|Roost|p1b: Corviknight\n|-heal|p1b: Corviknight|57\/100\n|-singleturn|p1b: Corviknight|move: Roost\n|\n|-heal|p1b: Corviknight|62\/100|[from] item: Leftovers\n|upkeep\n|\n|t:|1682006911\n|switch|p2b: Flutter Mane|Flutter Mane, L50|100\/100\n|turn|7\n|\n|t:|1682006929\n|move|p2b: Flutter Mane|Thunderbolt|p1b: Corviknight\n|-supereffective|p1b: Corviknight\n|-damage|p1b: Corviknight|0 fnt\n|faint|p1b: Corviknight\n|move|p1a: Arcanine|Flare Blitz|p2b: Flutter Mane\n|-damage|p2b: Flutter Mane|0 fnt\n|faint|p2b: Flutter Mane\n|-end|p2b: Flutter Mane|Protosynthesis|[silent]\n|-damage|p1a: Arcanine|24\/100|[from] Recoil\n|move|p2a: Gyarados|Waterfall|p1a: Arcanine\n|-supereffective|p1a: Arcanine\n|-damage|p1a: Arcanine|0 fnt\n|faint|p1a: Arcanine\n|\n|win|Hadrian1917\n|raw|Tcalver's rating: 1320 → 1295<\/strong> (-25 for losing)\n|raw|Hadrian1917's rating: 1227 → 1259<\/strong> (+32 for winning)\n","uploadtime":1682006945,"views":7,"p1id":"tcalver","p2id":"hadrian1917","formatid":"gen9vgc2023regulationc","rating":1259,"private":0,"password":""}