{"id":"gen9vgc2023regulationc-1855205416","p1":"Piff92","p2":"Even Greener Grass","format":"[Gen 9] VGC 2023 Regulation C","log":"|j|\u2606Piff92\n|j|\u2606Even Greener Grass\n|t:|1682914892\n|gametype|doubles\n|player|p1|Piff92|101|1233\n|player|p2|Even Greener Grass|kahili|1135\n|teamsize|p1|6\n|teamsize|p2|6\n|gen|9\n|tier|[Gen 9] VGC 2023 Regulation C\n|rated|\n|rule|Species Clause: Limit one of each Pok\u00e9mon\n|rule|Item Clause: Limit one of each item\n|clearpoke\n|poke|p1|Pikachu, L50, M|\n|poke|p1|Meowscarada, L50, F|\n|poke|p1|Gastrodon, L50, F|\n|poke|p1|Pelipper, L50, F|\n|poke|p1|Drednaw, L50, M|\n|poke|p1|Farigiraf, L50, F|\n|poke|p2|Indeedee, L50, M|\n|poke|p2|Armarouge, L50, F|\n|poke|p2|Flutter Mane, L50|\n|poke|p2|Drednaw, L50, F|\n|poke|p2|Chien-Pao, L50|\n|poke|p2|Dragonite, L50, F|\n|teampreview|4\n|inactive|Battle timer is ON: inactive players will automatically lose when time's up. (requested by Even Greener Grass)\nPiff92 rejected open team sheets.\n|c|\u2606Even Greener Grass|Good luck, have fun.\n|inactive|Piff92 has 60 seconds left.\n|inactive|Piff92 has 30 seconds left.\n|\n|t:|1682914960\n|start\n|switch|p1a: Pikachu|Pikachu, L50, M|100\/100\n|switch|p1b: Pelipper|Pelipper, L50, F|100\/100\n|switch|p2a: INFERIOR|Indeedee, L50, M|100\/100\n|switch|p2b: Betrayal Upgrade|Armarouge, L50, F|100\/100\n|-fieldstart|move: Psychic Terrain|[from] ability: Psychic Surge|[of] p2a: INFERIOR\n|-weather|RainDance|[from] ability: Drizzle|[of] p1b: Pelipper\n|turn|1\n|c|\u2606Piff92|you too\n|\n|t:|1682914984\n|-terastallize|p1a: Pikachu|Water\n|move|p2b: Betrayal Upgrade|Endure|p2b: Betrayal Upgrade\n|-singleturn|p2b: Betrayal Upgrade|move: Endure\n|move|p1a: Pikachu|Surf|p2b: Betrayal Upgrade|[spread] p1b,p2a,p2b\n|-resisted|p1b: Pelipper\n|-supereffective|p2b: Betrayal Upgrade\n|-damage|p1b: Pelipper|67\/100\n|-damage|p2a: INFERIOR|22\/100\n|-activate|p2b: Betrayal Upgrade|move: Endure\n|-damage|p2b: Betrayal Upgrade|1\/100\n|-enditem|p2b: Betrayal Upgrade|Weakness Policy\n|-boost|p2b: Betrayal Upgrade|atk|2|[from] item: Weakness Policy\n|-boost|p2b: Betrayal Upgrade|spa|2|[from] item: Weakness Policy\n|move|p2a: INFERIOR|Psyshock|p1a: Pikachu\n|-damage|p1a: Pikachu|0 fnt\n|faint|p1a: Pikachu\n|-damage|p2a: INFERIOR|13\/100|[from] item: Life Orb\n|move|p1b: Pelipper|Tailwind|p1b: Pelipper\n|-sidestart|p1: Piff92|move: Tailwind\n|\n|-weather|RainDance|[upkeep]\n|upkeep\n|\n|t:|1682915007\n|switch|p1a: Drednaw|Drednaw, L50, M|100\/100\n|turn|2\n|\n|t:|1682915019\n|move|p1a: Drednaw|Liquidation|p2b: Betrayal Upgrade\n|-supereffective|p2b: Betrayal Upgrade\n|-damage|p2b: Betrayal Upgrade|0 fnt\n|faint|p2b: Betrayal Upgrade\n|-damage|p1a: Drednaw|91\/100|[from] item: Life Orb\n|move|p1b: Pelipper|Hurricane|p2a: INFERIOR\n|-damage|p2a: INFERIOR|0 fnt\n|faint|p2a: INFERIOR\n|\n|-weather|RainDance|[upkeep]\n|upkeep\n|\n|t:|1682915030\n|switch|p2a: Esmerelda|Flutter Mane, L50|100\/100\n|switch|p2b: Cute Tummy|Dragonite, L50, F, shiny|100\/100\n|-enditem|p2a: Esmerelda|Booster Energy\n|-activate|p2a: Esmerelda|ability: Protosynthesis|[fromitem]\n|-start|p2a: Esmerelda|protosynthesisspa\n|turn|3\n|\n|t:|1682915053\n|-terastallize|p2b: Cute Tummy|Normal\n|move|p2a: Esmerelda|Protect|p2a: Esmerelda\n|-singleturn|p2a: Esmerelda|Protect\n|move|p1a: Drednaw|Rock Slide|p2b: Cute Tummy|[spread] p2b\n|-activate|p2a: Esmerelda|move: Protect\n|-damage|p2b: Cute Tummy|80\/100\n|-damage|p1a: Drednaw|82\/100|[from] item: Life Orb\n|move|p1b: Pelipper|Hurricane|p2a: Esmerelda\n|-activate|p2a: Esmerelda|move: Protect\n|move|p2b: Cute Tummy|Dragon Dance|p2b: Cute Tummy\n|-boost|p2b: Cute Tummy|atk|1\n|-boost|p2b: Cute Tummy|spe|1\n|\n|-weather|RainDance|[upkeep]\n|upkeep\n|turn|4\n|\n|t:|1682915078\n|move|p2b: Cute Tummy|Protect|p2b: Cute Tummy\n|-singleturn|p2b: Cute Tummy|Protect\n|move|p1a: Drednaw|Liquidation|p2b: Cute Tummy\n|-activate|p2b: Cute Tummy|move: Protect\n|move|p2a: Esmerelda|Moonblast|p1a: Drednaw\n|-damage|p1a: Drednaw|0 fnt\n|faint|p1a: Drednaw\n|move|p1b: Pelipper|Hurricane|p2a: Esmerelda\n|-damage|p2a: Esmerelda|59\/100\n|-start|p2a: Esmerelda|confusion\n|\n|-weather|RainDance|[upkeep]\n|-sideend|p1: Piff92|move: Tailwind\n|upkeep\n|\n|t:|1682915090\n|switch|p1a: Farigiraf|Farigiraf, L50, F|100\/100\n|turn|5\n|\n|t:|1682915112\n|move|p1b: Pelipper|Wide Guard|p1b: Pelipper\n|-singleturn|p1b: Pelipper|Wide Guard\n|move|p2b: Cute Tummy|Dragon Claw|p1a: Farigiraf\n|-damage|p1a: Farigiraf|49\/100\n|-activate|p2a: Esmerelda|confusion\n|move|p2a: Esmerelda|Moonblast|p1a: Farigiraf\n|-damage|p1a: Farigiraf|0 fnt\n|faint|p1a: Farigiraf\n|\n|-weather|none\n|-fieldend|move: Psychic Terrain\n|upkeep\n|turn|6\n|c|\u2606Even Greener Grass|g.g.w.p.\n|\n|t:|1682915126\n|move|p2b: Cute Tummy|Extreme Speed|p1b: Pelipper\n|-damage|p1b: Pelipper|16\/100\n|-enditem|p1b: Pelipper|Sitrus Berry|[eat]\n|-heal|p1b: Pelipper|40\/100|[from] item: Sitrus Berry\n|-end|p2a: Esmerelda|confusion\n|move|p2a: Esmerelda|Moonblast|p1b: Pelipper\n|-damage|p1b: Pelipper|0 fnt\n|faint|p1b: Pelipper\n|\n|win|Even Greener Grass\n|raw|Piff92's rating: 1233 → 1201<\/strong> (-32 for losing)\n|raw|Even Greener Grass's rating: 1135 → 1167<\/strong> (+32 for winning)\n","uploadtime":1682915129,"views":17,"p1id":"piff92","p2id":"evengreenergrass","formatid":"gen9vgc2023regulationc","rating":1167,"private":0,"password":""}