{"id":"gen9vgc2023regulationc-1857170900","p1":"A_Wild_Ymir","p2":"rudyxkam","format":"[Gen 9] VGC 2023 Regulation C","log":"|j|\u2606A_Wild_Ymir\n|j|\u2606rudyxkam\n|t:|1683153586\n|gametype|doubles\n|player|p1|A_Wild_Ymir|pokemonbreeder-gen4|1225\n|player|p2|rudyxkam|gardenia|1132\n|teamsize|p1|6\n|teamsize|p2|6\n|gen|9\n|tier|[Gen 9] VGC 2023 Regulation C\n|rated|\n|rule|Species Clause: Limit one of each Pok\u00e9mon\n|rule|Item Clause: Limit one of each item\n|clearpoke\n|poke|p1|Farigiraf, L50, M|\n|poke|p1|Hariyama, L50, M|\n|poke|p1|Wo-Chien, L50|\n|poke|p1|Kingambit, L50, M|\n|poke|p1|Armarouge, L50, M|\n|poke|p1|Indeedee-F, L50, F|\n|poke|p2|Gyarados, L50, F|\n|poke|p2|Talonflame, L50, M|\n|poke|p2|Baxcalibur, L50, F|\n|poke|p2|Corviknight, L50, M|\n|poke|p2|Ting-Lu, L50|\n|poke|p2|Flutter Mane, L50|\n|teampreview|4\n|inactive|Battle timer is ON: inactive players will automatically lose when time's up. (requested by rudyxkam)\n|inactive|A_Wild_Ymir also wants the timer to be on.\nrudyxkam has agreed to open team sheets.\n|c|\u2606rudyxkam|glhf!\n|c|\u2606A_Wild_Ymir|you as well\n|inactive|A_Wild_Ymir has 60 seconds left.\n|inactive|rudyxkam has 60 seconds left.\n|inactive|rudyxkam has 30 seconds left.\n|\n|t:|1683153654\n|start\n|switch|p1a: Indeedee|Indeedee-F, L50, F, shiny|100\/100\n|switch|p1b: Hariyama|Hariyama, L50, M, shiny|100\/100\n|switch|p2a: Shobijin|Flutter Mane, L50, shiny|100\/100\n|switch|p2b: Gigan|Corviknight, L50, M, shiny|100\/100\n|-fieldstart|move: Psychic Terrain|[from] ability: Psychic Surge|[of] p1a: Indeedee\n|turn|1\n|inactive|rudyxkam has 30 seconds left.\n|\n|t:|1683153689\n|-end|p2a: Shobijin|Protosynthesis|[silent]\n|switch|p2a: Sker|Ting-Lu, L50|100\/100\n|-ability|p2a: Sker|Vessel of Ruin\n|-terastallize|p1b: Hariyama|Ground\n|move|p2b: Gigan|Bulk Up|p2b: Gigan\n|-boost|p2b: Gigan|atk|1\n|-boost|p2b: Gigan|def|1\n|move|p1b: Hariyama|Headlong Rush|p2a: Sker\n|-damage|p2a: Sker|71\/100\n|-unboost|p1b: Hariyama|def|1\n|-unboost|p1b: Hariyama|spd|1\n|move|p1a: Indeedee|Trick Room|p1a: Indeedee\n|-fieldstart|move: Trick Room|[of] p1a: Indeedee\n|\n|-status|p1b: Hariyama|brn|[from] item: Flame Orb\n|upkeep\n|turn|2\n|inactive|A_Wild_Ymir has 30 seconds left.\n|inactive|rudyxkam has 30 seconds left.\n|inactive|rudyxkam has 20 seconds left.\n|\n|t:|1683153724\n|switch|p1a: Armarouge|Armarouge, L50, M, shiny|100\/100\n|-terastallize|p2a: Sker|Fairy\n|move|p1b: Hariyama|Close Combat|p2a: Sker\n|-resisted|p2a: Sker\n|-damage|p2a: Sker|47\/100\n|-unboost|p1b: Hariyama|def|1\n|-unboost|p1b: Hariyama|spd|1\n|move|p2a: Sker|Heavy Slam|p1a: Armarouge\n|-resisted|p1a: Armarouge\n|-damage|p1a: Armarouge|87\/100\n|move|p2b: Gigan|Brave Bird|p1b: Hariyama\n|-damage|p1b: Hariyama|0 fnt\n|faint|p1b: Hariyama\n|-damage|p2b: Gigan|65\/100|[from] Recoil\n|\n|upkeep\n|\n|t:|1683153740\n|switch|p1b: Kingambit|Kingambit, L50, M, shiny|100\/100\n|turn|3\n|\n|t:|1683153750\n|switch|p2a: Rodan|Talonflame, L50, M, shiny|100\/100\n|move|p1b: Kingambit|Iron Head|p2a: Rodan\n|-resisted|p2a: Rodan\n|-damage|p2a: Rodan|70\/100\n|move|p1a: Armarouge|Armor Cannon|p2b: Gigan\n|-supereffective|p2b: Gigan\n|-damage|p2b: Gigan|0 fnt\n|-unboost|p1a: Armarouge|def|1\n|-unboost|p1a: Armarouge|spd|1\n|faint|p2b: Gigan\n|\n|upkeep\n|\n|t:|1683153763\n|switch|p2b: Sker|Ting-Lu, L50, tera:Fairy|47\/100\n|-ability|p2b: Sker|Vessel of Ruin\n|turn|4\n|\n|t:|1683153781\n|move|p1b: Kingambit|Kowtow Cleave|p2a: Rodan\n|-damage|p2a: Rodan|9\/100\n|move|p2b: Sker|Stomping Tantrum|p1b: Kingambit\n|-supereffective|p1b: Kingambit\n|-damage|p1b: Kingambit|59\/100\n|move|p1a: Armarouge|Expanding Force|p2b: Sker|[spread] p2a,p2b\n|-damage|p2a: Rodan|0 fnt\n|-damage|p2b: Sker|28\/100\n|faint|p2a: Rodan\n|\n|upkeep\n|\n|t:|1683153790\n|switch|p2a: Shobijin|Flutter Mane, L50, shiny|100\/100\n|turn|5\n|c|\u2606rudyxkam|gg\n|\n|t:|1683153812\n|move|p1b: Kingambit|Iron Head|p2a: Shobijin\n|-supereffective|p2a: Shobijin\n|-damage|p2a: Shobijin|0 fnt\n|faint|p2a: Shobijin\n|-end|p2a: Shobijin|Protosynthesis|[silent]\n|move|p2b: Sker|Stomping Tantrum|p1b: Kingambit\n|-supereffective|p1b: Kingambit\n|-damage|p1b: Kingambit|18\/100\n|move|p1a: Armarouge|Expanding Force|p2b: Sker\n|-damage|p2b: Sker|0 fnt\n|faint|p2b: Sker\n|\n|win|A_Wild_Ymir\n|raw|A_Wild_Ymir's rating: 1225 → 1243<\/strong> (+18 for winning)\n|raw|rudyxkam's rating: 1132 → 1114<\/strong> (-18 for losing)\n|c|\u2606A_Wild_Ymir|gg\n|l|\u2606rudyxkam\n","uploadtime":1683153854,"views":9,"p1id":"awildymir","p2id":"rudyxkam","formatid":"gen9vgc2023regulationc","rating":1114,"private":0,"password":""}