{"id":"gen9vgc2023regulationc-1854326067","p1":"Kirozvz","p2":"Emberbloom","format":"[Gen 9] VGC 2023 Regulation C","log":"|j|\u2606Kirozvz\n|j|\u2606Emberbloom\n|t:|1682797299\n|gametype|doubles\n|player|p1|Kirozvz|lance|1296\n|player|p2|Emberbloom|flannery|1367\n|teamsize|p1|6\n|teamsize|p2|6\n|gen|9\n|tier|[Gen 9] VGC 2023 Regulation C\n|rated|\n|rule|Species Clause: Limit one of each Pok\u00e9mon\n|rule|Item Clause: Limit one of each item\n|clearpoke\n|poke|p1|Dondozo, L50, M|\n|poke|p1|Tatsugiri-Stretchy, L50, M|\n|poke|p1|Chi-Yu, L50|\n|poke|p1|Flutter Mane, L50|\n|poke|p1|Dragonite, L50, M|\n|poke|p1|Glimmora, L50, M|\n|poke|p2|Garganacl, L50, F|\n|poke|p2|Dragonite, L50, M|\n|poke|p2|Maushold-Four, L50|\n|poke|p2|Wo-Chien, L50|\n|poke|p2|Glimmora, L50, M|\n|poke|p2|Ting-Lu, L50|\n|teampreview|4\n|inactive|Battle timer is ON: inactive players will automatically lose when time's up. (requested by Emberbloom)\n|\n|t:|1682797325\n|start\n|switch|p1a: Glimmora|Glimmora, L50, M|100\/100\n|switch|p1b: Tatsugiri|Tatsugiri-Stretchy, L50, M|100\/100\n|switch|p2a: Maushold|Maushold-Four, L50|100\/100\n|switch|p2b: Glimmora|Glimmora, L50, M, shiny|100\/100\n|turn|1\n|inactive|Emberbloom has 30 seconds left.\n|\n|t:|1682797357\n|-terastallize|p1b: Tatsugiri|Ghost\n|move|p2a: Maushold|Feint|p2b: Glimmora\n|-resisted|p2b: Glimmora\n|-damage|p2b: Glimmora|98\/100\n|-activate|p2b: Glimmora|ability: Toxic Debris\n|-sidestart|p1: Kirozvz|move: Toxic Spikes\n|move|p1a: Glimmora|Earth Power|p2b: Glimmora\n|-supereffective|p2b: Glimmora\n|-damage|p2b: Glimmora|42\/100\n|move|p2b: Glimmora|Mortal Spin|p1b: Tatsugiri|[spread] p1a,p1b\n|-resisted|p1a: Glimmora\n|-resisted|p1b: Tatsugiri\n|-damage|p1a: Glimmora|99\/100\n|-damage|p1b: Tatsugiri|97\/100\n|-status|p1b: Tatsugiri|psn\n|-activate|p1a: Glimmora|ability: Toxic Debris\n|-sidestart|p2: Emberbloom|move: Toxic Spikes\n|-sideend|p2: Emberbloom|Toxic Spikes|[from] move: Mortal Spin|[of] p2b: Glimmora\n|move|p1b: Tatsugiri|Muddy Water|p2b: Glimmora|[spread] p2a,p2b\n|-supereffective|p2b: Glimmora\n|-damage|p2a: Maushold|38\/100\n|-damage|p2b: Glimmora|0 fnt\n|faint|p2b: Glimmora\n|\n|-damage|p1b: Tatsugiri|85\/100 psn|[from] psn\n|upkeep\n|\n|t:|1682797369\n|switch|p2b: Ting-Lu|Ting-Lu, L50|100\/100\n|-ability|p2b: Ting-Lu|Vessel of Ruin\n|turn|2\n|inactive|Emberbloom has 30 seconds left.\n|\n|t:|1682797397\n|move|p2a: Maushold|Super Fang|p1a: Glimmora\n|-damage|p1a: Glimmora|50\/100\n|-activate|p1a: Glimmora|ability: Toxic Debris\n|-sidestart|p2: Emberbloom|move: Toxic Spikes\n|move|p1a: Glimmora|Power Gem|p2a: Maushold\n|-damage|p2a: Maushold|0 fnt\n|faint|p2a: Maushold\n|move|p1b: Tatsugiri|Muddy Water|p2b: Ting-Lu|[miss]\n|-miss|p1b: Tatsugiri|p2b: Ting-Lu\n|move|p2b: Ting-Lu|Stealth Rock|p1b: Tatsugiri\n|-sidestart|p1: Kirozvz|move: Stealth Rock\n|\n|-damage|p1b: Tatsugiri|73\/100 psn|[from] psn\n|upkeep\n|\n|t:|1682797400\n|switch|p2a: Garganacl|Garganacl, L50, F|100\/100\n|turn|3\n|\n|t:|1682797424\n|move|p1a: Glimmora|Toxic|p2a: Garganacl\n|-immune|p2a: Garganacl|[from] ability: Purifying Salt\n|move|p1b: Tatsugiri|Muddy Water|p2a: Garganacl|[spread] p2a,p2b\n|-supereffective|p2a: Garganacl\n|-supereffective|p2b: Ting-Lu\n|-damage|p2a: Garganacl|39\/100\n|-damage|p2b: Ting-Lu|42\/100\n|move|p2b: Ting-Lu|Heavy Slam|p1a: Glimmora\n|-supereffective|p1a: Glimmora\n|-damage|p1a: Glimmora|0 fnt\n|-activate|p1a: Glimmora|ability: Toxic Debris\n|-sidestart|p2: Emberbloom|move: Toxic Spikes\n|faint|p1a: Glimmora\n|move|p2a: Garganacl|Salt Cure|p1b: Tatsugiri\n|-damage|p1b: Tatsugiri|51\/100 psn\n|-start|p1b: Tatsugiri|Salt Cure\n|\n|-heal|p2a: Garganacl|44\/100|[from] item: Leftovers\n|-damage|p1b: Tatsugiri|39\/100 psn|[from] psn\n|-damage|p1b: Tatsugiri|27\/100 psn|[from] Salt Cure\n|upkeep\n|\n|t:|1682797440\n|switch|p1a: Dondozo|Dondozo, L50, M|100\/100\n|-status|p1a: Dondozo|psn\n|-damage|p1a: Dondozo|88\/100 psn|[from] Stealth Rock\n|turn|4\n|\n|t:|1682797464\n|move|p2b: Ting-Lu|Protect|p2b: Ting-Lu\n|-singleturn|p2b: Ting-Lu|Protect\n|move|p1b: Tatsugiri|Muddy Water|p2b: Ting-Lu|[spread] p2a\n|-activate|p2b: Ting-Lu|move: Protect\n|-supereffective|p2a: Garganacl\n|-crit|p2a: Garganacl\n|-damage|p2a: Garganacl|0 fnt\n|faint|p2a: Garganacl\n|move|p1a: Dondozo|Wave Crash|p1b: Tatsugiri\n|-activate|p1b: Tatsugiri|ability: Storm Drain\n|-ability|p1b: Tatsugiri|Storm Drain|boost\n|-boost|p1b: Tatsugiri|spa|1\n|\n|-damage|p1b: Tatsugiri|15\/100 psn|[from] psn\n|-damage|p1a: Dondozo|75\/100 psn|[from] psn\n|-damage|p1b: Tatsugiri|3\/100 psn|[from] Salt Cure\n|upkeep\n|turn|5\n|-message|Emberbloom forfeited.\n|\n|win|Kirozvz\n|raw|Kirozvz's rating: 1296 → 1326<\/strong> (+30 for winning)\n|raw|Emberbloom's rating: 1367 → 1343<\/strong> (-24 for losing)\n|l|\u2606Emberbloom\n","uploadtime":1682797490,"views":16,"p1id":"kirozvz","p2id":"emberbloom","formatid":"gen9vgc2023regulationc","rating":1326,"private":0,"password":""}