{"id":"gen9vgc2023regulationc-1845479385","p1":"Whatever0512","p2":"PokeDog","format":"[Gen 9] VGC 2023 Regulation C","log":"|j|\u2606Whatever0512\n|j|\u2606PokeDog\n|t:|1681737804\n|gametype|doubles\n|player|p1|Whatever0512|170|1223\n|player|p2|PokeDog|ethan|1173\n|teamsize|p1|6\n|teamsize|p2|6\n|gen|9\n|tier|[Gen 9] VGC 2023 Regulation C\n|rated|\n|rule|Species Clause: Limit one of each Pok\u00e9mon\n|rule|Item Clause: Limit one of each item\n|clearpoke\n|poke|p1|Talonflame, L50, F|\n|poke|p1|Flutter Mane, L50|\n|poke|p1|Tyranitar, L50, M|\n|poke|p1|Iron Bundle, L50|\n|poke|p1|Gothitelle, L50, M|\n|poke|p1|Great Tusk, L50|\n|poke|p2|Ting-Lu, L50|\n|poke|p2|Dragapult, L50, M|\n|poke|p2|Iron Bundle, L50|\n|poke|p2|Tauros-Paldea-Blaze, L50, M|\n|poke|p2|Glimmora, L50, F|\n|poke|p2|Maushold-Four, L50|\n|teampreview|4\n|inactive|Battle timer is ON: inactive players will automatically lose when time's up. (requested by PokeDog)\n|j| Fabr1c\n|inactive|Whatever0512 has 60 seconds left.\n|l| Fabr1c\n|inactive|Whatever0512 has 30 seconds left.\n|inactive|Whatever0512 has 20 seconds left.\n|\n|t:|1681737878\n|start\n|switch|p1a: Talonflame|Talonflame, L50, F|100\/100\n|switch|p1b: Great Tusk|Great Tusk, L50|100\/100\n|switch|p2a: Dragapult|Dragapult, L50, M, shiny|100\/100\n|switch|p2b: Bullwinkle|Ting-Lu, L50|100\/100\n|-ability|p2b: Bullwinkle|Vessel of Ruin\n|turn|1\n|\n|t:|1681737899\n|-terastallize|p1b: Great Tusk|Ground\n|move|p1a: Talonflame|Tailwind|p1a: Talonflame\n|-sidestart|p1: Whatever0512|move: Tailwind\n|move|p1b: Great Tusk|Earthquake|p2a: Dragapult|[spread] p2a,p2b\n|-immune|p1a: Talonflame\n|-damage|p2a: Dragapult|0 fnt\n|-damage|p2b: Bullwinkle|59\/100\n|faint|p2a: Dragapult\n|-damage|p1b: Great Tusk|91\/100|[from] item: Life Orb\n|move|p2b: Bullwinkle|Ruination|p1b: Great Tusk\n|-damage|p1b: Great Tusk|46\/100\n|\n|upkeep\n|\n|t:|1681737912\n|switch|p2a: Glimmora|Glimmora, L50, F|100\/100\n|turn|2\n|\n|t:|1681737936\n|move|p2a: Glimmora|Spiky Shield|p2a: Glimmora\n|-singleturn|p2a: Glimmora|move: Protect\n|move|p1a: Talonflame|Brave Bird|p2a: Glimmora\n|-activate|p2a: Glimmora|move: Protect\n|-damage|p1a: Talonflame|88\/100|[from] Spiky Shield|[of] p2a: Glimmora\n|move|p1b: Great Tusk|Close Combat|p2b: Bullwinkle\n|-supereffective|p2b: Bullwinkle\n|-damage|p2b: Bullwinkle|0 fnt\n|-unboost|p1b: Great Tusk|def|1\n|-unboost|p1b: Great Tusk|spd|1\n|faint|p2b: Bullwinkle\n|-damage|p1b: Great Tusk|36\/100|[from] item: Life Orb\n|\n|upkeep\n|\n|t:|1681737949\n|switch|p2b: Iron Bundle|Iron Bundle, L50|100\/100\n|-enditem|p2b: Iron Bundle|Booster Energy\n|-activate|p2b: Iron Bundle|ability: Quark Drive|[fromitem]\n|-start|p2b: Iron Bundle|quarkdrivespe\n|turn|3\n|\n|t:|1681737967\n|-terastallize|p2a: Glimmora|Grass\n|move|p1a: Talonflame|Brave Bird|p2a: Glimmora\n|-supereffective|p2a: Glimmora\n|-damage|p2a: Glimmora|9\/100\n|-activate|p2a: Glimmora|ability: Toxic Debris\n|-sidestart|p1: Whatever0512|move: Toxic Spikes\n|-damage|p1a: Talonflame|62\/100|[from] Recoil\n|move|p2b: Iron Bundle|Hydro Pump|p1a: Talonflame\n|-supereffective|p1a: Talonflame\n|-crit|p1a: Talonflame\n|-damage|p1a: Talonflame|0 fnt\n|faint|p1a: Talonflame\n|move|p1b: Great Tusk|Earthquake|p2a: Glimmora|[spread] p2a,p2b\n|-resisted|p2a: Glimmora\n|-damage|p2a: Glimmora|0 fnt\n|-damage|p2b: Iron Bundle|14\/100\n|-activate|p2a: Glimmora|ability: Toxic Debris\n|-sidestart|p1: Whatever0512|move: Toxic Spikes\n|faint|p2a: Glimmora\n|-damage|p1b: Great Tusk|27\/100|[from] item: Life Orb\n|\n|upkeep\n|\n|t:|1681737980\n|switch|p1a: Iron Bundle|Iron Bundle, L50|100\/100\n|-status|p1a: Iron Bundle|tox\n|-enditem|p1a: Iron Bundle|Booster Energy\n|-activate|p1a: Iron Bundle|ability: Quark Drive|[fromitem]\n|-start|p1a: Iron Bundle|quarkdrivespe\n|turn|4\n|\n|t:|1681737993\n|move|p2b: Iron Bundle|Protect|p2b: Iron Bundle\n|-singleturn|p2b: Iron Bundle|Protect\n|move|p1a: Iron Bundle|Freeze-Dry|p2b: Iron Bundle\n|-activate|p2b: Iron Bundle|move: Protect\n|move|p1b: Great Tusk|Headlong Rush|p2b: Iron Bundle\n|-activate|p2b: Iron Bundle|move: Protect\n|\n|-damage|p1a: Iron Bundle|95\/100 tox|[from] psn\n|-sideend|p1: Whatever0512|move: Tailwind\n|upkeep\n|turn|5\n|\n|t:|1681738004\n|move|p2b: Iron Bundle|Icy Wind|p1b: Great Tusk|[spread] p1a,p1b\n|-resisted|p1a: Iron Bundle\n|-supereffective|p1b: Great Tusk\n|-damage|p1a: Iron Bundle|87\/100 tox\n|-damage|p1b: Great Tusk|0 fnt\n|-unboost|p1a: Iron Bundle|spe|1\n|faint|p1b: Great Tusk\n|-end|p1b: Great Tusk|Protosynthesis|[silent]\n|move|p1a: Iron Bundle|Freeze-Dry|p2b: Iron Bundle\n|-damage|p2b: Iron Bundle|0 fnt\n|faint|p2b: Iron Bundle\n|-end|p2b: Iron Bundle|Quark Drive|[silent]\n|\n|win|Whatever0512\n|raw|Whatever0512's rating: 1223 → 1244<\/strong> (+21 for winning)\n|raw|PokeDog's rating: 1173 → 1152<\/strong> (-21 for losing)\n|c|\u2606Whatever0512|Gg\n|l|\u2606PokeDog\n","uploadtime":1681738034,"views":11,"p1id":"whatever0512","p2id":"pokedog","formatid":"gen9vgc2023regulationc","rating":1152,"private":0,"password":""}