{"id":"gen9vgc2023regulationc-1855434068","p1":"ratikate","p2":"qwillinallthefish","format":"[Gen 9] VGC 2023 Regulation C","log":"|j|\u2606ratikate\n|j|\u2606qwillinallthefish\n|t:|1682951041\n|gametype|doubles\n|player|p1|ratikate|hilbert-wonderlauncher|1342\n|player|p2|qwillinallthefish|crasherwake|1400\n|teamsize|p1|6\n|teamsize|p2|6\n|gen|9\n|tier|[Gen 9] VGC 2023 Regulation C\n|rated|\n|rule|Species Clause: Limit one of each Pok\u00e9mon\n|rule|Item Clause: Limit one of each item\n|clearpoke\n|poke|p1|Annihilape, L50, M|\n|poke|p1|Arcanine, L50, M|\n|poke|p1|Palafin, L50, M|\n|poke|p1|Iron Valiant, L50|\n|poke|p1|Farigiraf, L50, M|\n|poke|p1|Great Tusk, L50|\n|poke|p2|Abomasnow, L50, F|\n|poke|p2|Iron Bundle, L50|\n|poke|p2|Chi-Yu, L50|\n|poke|p2|Flutter Mane, L50|\n|poke|p2|Sandy Shocks, L50|\n|poke|p2|Espathra, L50, M|\n|teampreview|4\nqwillinallthefish has agreed to open team sheets.\n|inactive|Battle timer is ON: inactive players will automatically lose when time's up. (requested by qwillinallthefish)\n|\n|t:|1682951080\n|start\n|switch|p1a: Arcanine|Arcanine, L50, M, shiny|100\/100\n|switch|p1b: Great Tusk|Great Tusk, L50|100\/100\n|switch|p2a: Abomasnow|Abomasnow, L50, F|100\/100\n|switch|p2b: Iron Bundle|Iron Bundle, L50|100\/100\n|-ability|p1a: Arcanine|Intimidate|boost\n|-unboost|p2a: Abomasnow|atk|1\n|-unboost|p2b: Iron Bundle|atk|1\n|-weather|Snow|[from] ability: Snow Warning|[of] p2a: Abomasnow\n|turn|1\n|\n|t:|1682951102\n|-terastallize|p1a: Arcanine|Normal\n|move|p2b: Iron Bundle|Hydro Pump|p1a: Arcanine\n|-damage|p1a: Arcanine|17\/100\n|move|p1b: Great Tusk|Stealth Rock|p2b: Iron Bundle\n|-sidestart|p2: qwillinallthefish|move: Stealth Rock\n|move|p1a: Arcanine|Flare Blitz|p2a: Abomasnow\n|-supereffective|p2a: Abomasnow\n|-damage|p2a: Abomasnow|0 fnt\n|faint|p2a: Abomasnow\n|-damage|p1a: Arcanine|0 fnt|[from] Recoil\n|faint|p1a: Arcanine\n|\n|-weather|Snow|[upkeep]\n|upkeep\n|\n|t:|1682951123\n|switch|p1a: Farigiraf|Farigiraf, L50, M|100\/100\n|switch|p2a: Flutter Mane|Flutter Mane, L50|100\/100\n|-damage|p2a: Flutter Mane|88\/100|[from] Stealth Rock\n|turn|2\n|\n|t:|1682951138\n|-end|p2b: Iron Bundle|Quark Drive|[silent]\n|switch|p2b: Sandy Shocks|Sandy Shocks, L50|100\/100\n|-enditem|p2b: Sandy Shocks|Booster Energy\n|-activate|p2b: Sandy Shocks|ability: Protosynthesis|[fromitem]\n|-start|p2b: Sandy Shocks|protosynthesisspe\n|-damage|p2b: Sandy Shocks|95\/100|[from] Stealth Rock\n|-terastallize|p2a: Flutter Mane|Fairy\n|move|p2a: Flutter Mane|Dazzling Gleam|p1a: Farigiraf|[spread] p1a,p1b\n|-supereffective|p1b: Great Tusk\n|-damage|p1a: Farigiraf|46\/100\n|-damage|p1b: Great Tusk|0 fnt\n|faint|p1b: Great Tusk\n|-end|p1b: Great Tusk|Protosynthesis|[silent]\n|-damage|p2a: Flutter Mane|78\/100|[from] item: Life Orb\n|move|p1a: Farigiraf|Trick Room|p1a: Farigiraf\n|-fieldstart|move: Trick Room|[of] p1a: Farigiraf\n|\n|-weather|Snow|[upkeep]\n|upkeep\n|\n|t:|1682951148\n|switch|p1b: Annihilape|Annihilape, L50, M|100\/100\n|turn|3\n|\n|t:|1682951170\n|move|p2a: Flutter Mane|Protect|p2a: Flutter Mane\n|-singleturn|p2a: Flutter Mane|Protect\n|move|p1a: Farigiraf|Light Screen|p1a: Farigiraf\n|-sidestart|p1: ratikate|move: Light Screen\n|move|p1b: Annihilape|Bulk Up|p1b: Annihilape\n|-boost|p1b: Annihilape|atk|1\n|-boost|p1b: Annihilape|def|1\n|move|p2b: Sandy Shocks|Thunderbolt|p1a: Farigiraf\n|-damage|p1a: Farigiraf|18\/100\n|-status|p1a: Farigiraf|par\n|\n|-weather|Snow|[upkeep]\n|upkeep\n|turn|4\n|inactive|qwillinallthefish has 30 seconds left.\n|inactive|qwillinallthefish has 20 seconds left.\n|\n|t:|1682951207\n|-end|p2a: Flutter Mane|Protosynthesis|[silent]\n|switch|p2a: Iron Bundle|Iron Bundle, L50|100\/100\n|-damage|p2a: Iron Bundle|76\/100|[from] Stealth Rock\n|cant|p1a: Farigiraf|par\n|move|p1b: Annihilape|Rage Fist|p2a: Iron Bundle\n|-damage|p2a: Iron Bundle|46\/100\n|move|p2b: Sandy Shocks|Thunderbolt|p1a: Farigiraf\n|-damage|p1a: Farigiraf|0 fnt\n|faint|p1a: Farigiraf\n|\n|-weather|Snow|[upkeep]\n|upkeep\n|turn|5\n|\n|t:|1682951228\n|move|p1b: Annihilape|Drain Punch|p2a: Iron Bundle\n|-supereffective|p2a: Iron Bundle\n|-damage|p2a: Iron Bundle|0 fnt\n|faint|p2a: Iron Bundle\n|-end|p2a: Iron Bundle|Quark Drive|[silent]\n|move|p2b: Sandy Shocks|Thunderbolt|p1b: Annihilape\n|-damage|p1b: Annihilape|77\/100\n|\n|-weather|none\n|-heal|p1b: Annihilape|83\/100|[from] item: Leftovers\n|upkeep\n|\n|t:|1682951234\n|switch|p2a: Flutter Mane|Flutter Mane, L50, tera:Fairy|78\/100\n|-damage|p2a: Flutter Mane|66\/100|[from] Stealth Rock\n|turn|6\n|\n|t:|1682951238\n|move|p2a: Flutter Mane|Protect|p2a: Flutter Mane\n|-singleturn|p2a: Flutter Mane|Protect\n|move|p2b: Sandy Shocks|Protect|p2b: Sandy Shocks\n|-singleturn|p2b: Sandy Shocks|Protect\n|move|p1b: Annihilape|Drain Punch|p2b: Sandy Shocks\n|-activate|p2b: Sandy Shocks|move: Protect\n|\n|-heal|p1b: Annihilape|89\/100|[from] item: Leftovers\n|-fieldend|move: Trick Room\n|upkeep\n|turn|7\n|\n|t:|1682951253\n|move|p2b: Sandy Shocks|Earth Power|p1b: Annihilape\n|-crit|p1b: Annihilape\n|-damage|p1b: Annihilape|34\/100\n|move|p2a: Flutter Mane|Moonblast|p1b: Annihilape\n|-supereffective|p1b: Annihilape\n|-damage|p1b: Annihilape|0 fnt\n|faint|p1b: Annihilape\n|-damage|p2a: Flutter Mane|56\/100|[from] item: Life Orb\n|\n|win|qwillinallthefish\n|raw|ratikate's rating: 1342 → 1325<\/strong> (-17 for losing)\n|raw|qwillinallthefish's rating: 1400 → 1417<\/strong> (+17 for winning)\n|l|\u2606ratikate\n","uploadtime":1682951261,"views":31,"p1id":"ratikate","p2id":"qwillinallthefish","formatid":"gen9vgc2023regulationc","rating":1325,"private":0,"password":""}