{"id":"gen9vgc2023regulationc-1849318274","p1":"al24088","p2":"rina slaywayama","format":"[Gen 9] VGC 2023 Regulation C","log":"|j|\u2606al24088\n|j|\u2606rina slaywayama\n|t:|1682185307\n|gametype|doubles\n|player|p1|al24088|preschooler|1389\n|player|p2|rina slaywayama|170|1358\n|teamsize|p1|6\n|teamsize|p2|6\n|gen|9\n|tier|[Gen 9] VGC 2023 Regulation C\n|rated|\n|rule|Species Clause: Limit one of each Pok\u00e9mon\n|rule|Item Clause: Limit one of each item\n|clearpoke\n|poke|p1|Glimmora, L50, F|\n|poke|p1|Wo-Chien, L50|\n|poke|p1|Flutter Mane, L50|\n|poke|p1|Maushold, L50|\n|poke|p1|Corviknight, L50, M|\n|poke|p1|Ceruledge, L50, F|\n|poke|p2|Ting-Lu, L50|\n|poke|p2|Amoonguss, L50, F|\n|poke|p2|Garganacl, L50, F|\n|poke|p2|Arcanine, L50, F|\n|poke|p2|Roaring Moon, L50|\n|poke|p2|Iron Bundle, L50|\n|teampreview|4\n|\n|t:|1682185327\n|start\n|switch|p1a: Corviknight|Corviknight, L50, M|100\/100\n|switch|p1b: Glimmora|Glimmora, L50, F, shiny|100\/100\n|switch|p2a: Garganacl|Garganacl, L50, F|100\/100\n|switch|p2b: Arcanine|Arcanine, L50, F|100\/100\n|-ability|p2b: Arcanine|Intimidate|boost\n|-ability|p1a: Corviknight|Mirror Armor\n|-unboost|p2b: Arcanine|atk|1\n|-unboost|p1b: Glimmora|atk|1\n|turn|1\n|l|\u2606rina slaywayama\n|player|p2|\n|j|\u2606rina slaywayama\n|player|p2|rina slaywayama|170\n|\n|t:|1682185344\n|move|p2b: Arcanine|Will-O-Wisp|p1a: Corviknight\n|-status|p1a: Corviknight|brn\n|-enditem|p1a: Corviknight|Lum Berry|[eat]\n|-curestatus|p1a: Corviknight|brn|[msg]\n|move|p1a: Corviknight|Tailwind|p1a: Corviknight\n|-sidestart|p1: al24088|move: Tailwind\n|move|p1b: Glimmora|Power Gem|p2b: Arcanine\n|-supereffective|p2b: Arcanine\n|-damage|p2b: Arcanine|17\/100\n|-enditem|p2b: Arcanine|Iapapa Berry|[eat]\n|-heal|p2b: Arcanine|50\/100|[from] item: Iapapa Berry\n|move|p2a: Garganacl|Stealth Rock|p1a: Corviknight\n|-sidestart|p1: al24088|move: Stealth Rock\n|\n|upkeep\n|turn|2\n|\n|t:|1682185365\n|move|p2b: Arcanine|Protect|p2b: Arcanine\n|-singleturn|p2b: Arcanine|Protect\n|move|p1a: Corviknight|Iron Head|p2a: Garganacl\n|-supereffective|p2a: Garganacl\n|-damage|p2a: Garganacl|62\/100\n|move|p1b: Glimmora|Power Gem|p2b: Arcanine\n|-activate|p2b: Arcanine|move: Protect\n|move|p2a: Garganacl|Salt Cure|p1b: Glimmora\n|-damage|p1b: Glimmora|87\/100\n|-start|p1b: Glimmora|Salt Cure\n|-activate|p1b: Glimmora|ability: Toxic Debris\n|-sidestart|p2: rina slaywayama|move: Toxic Spikes\n|\n|-heal|p2a: Garganacl|68\/100|[from] item: Leftovers\n|-damage|p1b: Glimmora|75\/100|[from] Salt Cure\n|upkeep\n|turn|3\n|\n|t:|1682185379\n|switch|p2b: Ting-Lu|Ting-Lu, L50|100\/100\n|-status|p2b: Ting-Lu|psn\n|-ability|p2b: Ting-Lu|Vessel of Ruin\n|-terastallize|p2a: Garganacl|Ghost\n|move|p1b: Glimmora|Power Gem|p2b: Ting-Lu\n|-resisted|p2b: Ting-Lu\n|-damage|p2b: Ting-Lu|94\/100 psn\n|move|p1a: Corviknight|Iron Head|p2a: Garganacl\n|-damage|p2a: Garganacl|46\/100\n|move|p2a: Garganacl|Salt Cure|p1a: Corviknight\n|-damage|p1a: Corviknight|90\/100\n|-start|p1a: Corviknight|Salt Cure\n|\n|-heal|p2a: Garganacl|52\/100|[from] item: Leftovers\n|-damage|p2b: Ting-Lu|81\/100 psn|[from] psn\n|-damage|p1b: Glimmora|63\/100|[from] Salt Cure\n|-damage|p1a: Corviknight|65\/100|[from] Salt Cure\n|upkeep\n|turn|4\n|\n|t:|1682185399\n|switch|p1a: Ceruledge|Ceruledge, L50, F|100\/100\n|-damage|p1a: Ceruledge|76\/100|[from] Stealth Rock\n|move|p1b: Glimmora|Power Gem|p2a: Garganacl\n|-damage|p2a: Garganacl|33\/100\n|move|p2b: Ting-Lu|Stomping Tantrum|p1b: Glimmora\n|-supereffective|p1b: Glimmora\n|-damage|p1b: Glimmora|0 fnt\n|-activate|p1b: Glimmora|ability: Toxic Debris\n|-sidestart|p2: rina slaywayama|move: Toxic Spikes\n|faint|p1b: Glimmora\n|move|p2a: Garganacl|Recover|p2a: Garganacl\n|-heal|p2a: Garganacl|83\/100\n|\n|-heal|p2a: Garganacl|89\/100|[from] item: Leftovers\n|-damage|p2b: Ting-Lu|69\/100 psn|[from] psn\n|-sideend|p1: al24088|move: Tailwind\n|upkeep\n|\n|t:|1682185405\n|switch|p1b: Flutter Mane|Flutter Mane, L50|100\/100\n|-damage|p1b: Flutter Mane|88\/100|[from] Stealth Rock\n|turn|5\n|\n|t:|1682185424\n|switch|p2a: Amoonguss|Amoonguss, L50, F|100\/100\n|-sideend|p2: rina slaywayama|move: Toxic Spikes|[of] p2a: Amoonguss\n|-terastallize|p1a: Ceruledge|Grass\n|move|p1b: Flutter Mane|Moonblast|p2b: Ting-Lu\n|-supereffective|p2b: Ting-Lu\n|-damage|p2b: Ting-Lu|16\/100 psn\n|-unboost|p2b: Ting-Lu|spa|1\n|move|p1a: Ceruledge|Tera Blast|p2b: Ting-Lu\n|-supereffective|p2b: Ting-Lu\n|-damage|p2b: Ting-Lu|0 fnt\n|faint|p2b: Ting-Lu\n|\n|upkeep\n|\n|t:|1682185433\n|switch|p2b: Garganacl|Garganacl, L50, F, tera:Ghost|89\/100\n|turn|6\n|\n|t:|1682185443\n|move|p1b: Flutter Mane|Moonblast|p2b: Garganacl\n|-damage|p2b: Garganacl|45\/100\n|-unboost|p2b: Garganacl|spa|1\n|move|p1a: Ceruledge|Bitter Blade|p2a: Amoonguss\n|-supereffective|p2a: Amoonguss\n|-damage|p2a: Amoonguss|32\/100\n|-heal|p1a: Ceruledge|100\/100|[from] drain|[of] p2a: Amoonguss\n|-enditem|p2a: Amoonguss|Sitrus Berry|[eat]\n|-heal|p2a: Amoonguss|57\/100|[from] item: Sitrus Berry\n|move|p2b: Garganacl|Salt Cure|p1b: Flutter Mane\n|-damage|p1b: Flutter Mane|71\/100\n|-start|p1b: Flutter Mane|Salt Cure\n|move|p2a: Amoonguss|Spore|p1b: Flutter Mane\n|-status|p1b: Flutter Mane|slp|[from] move: Spore\n|\n|-heal|p2b: Garganacl|51\/100|[from] item: Leftovers\n|-damage|p1b: Flutter Mane|59\/100 slp|[from] Salt Cure\n|upkeep\n|turn|7\n|\n|t:|1682185491\n|move|p2a: Amoonguss|Protect|p2a: Amoonguss\n|-singleturn|p2a: Amoonguss|Protect\n|cant|p1b: Flutter Mane|slp\n|move|p1a: Ceruledge|Bitter Blade|p2a: Amoonguss\n|-activate|p2a: Amoonguss|move: Protect\n|move|p2b: Garganacl|Salt Cure|p1a: Ceruledge\n|-damage|p1a: Ceruledge|83\/100\n|-start|p1a: Ceruledge|Salt Cure\n|\n|-heal|p2b: Garganacl|57\/100|[from] item: Leftovers\n|-damage|p1b: Flutter Mane|47\/100 slp|[from] Salt Cure\n|-damage|p1a: Ceruledge|71\/100|[from] Salt Cure\n|upkeep\n|turn|8\n|\n|t:|1682185496\n|switch|p2a: Arcanine|Arcanine, L50, F|50\/100\n|-ability|p2a: Arcanine|Intimidate|boost\n|-fail|p1a: Ceruledge|unboost|[from] item: Clear Amulet|[of] p1a: Ceruledge\n|-unboost|p1b: Flutter Mane|atk|1\n|cant|p1b: Flutter Mane|slp\n|move|p1a: Ceruledge|Bitter Blade|p2a: Arcanine\n|-resisted|p2a: Arcanine\n|-damage|p2a: Arcanine|29\/100\n|-heal|p1a: Ceruledge|83\/100|[from] drain|[of] p2a: Arcanine\n|move|p2b: Garganacl|Recover|p2b: Garganacl\n|-heal|p2b: Garganacl|100\/100\n|\n|-damage|p1b: Flutter Mane|35\/100 slp|[from] Salt Cure\n|-damage|p1a: Ceruledge|71\/100|[from] Salt Cure\n|upkeep\n|turn|9\n|\n|t:|1682185513\n|move|p2a: Arcanine|Protect|p2a: Arcanine\n|-singleturn|p2a: Arcanine|Protect\n|-curestatus|p1b: Flutter Mane|slp|[msg]\n|move|p1b: Flutter Mane|Moonblast|p2b: Garganacl\n|-damage|p2b: Garganacl|53\/100\n|move|p1a: Ceruledge|Bitter Blade|p2b: Garganacl\n|-damage|p2b: Garganacl|20\/100\n|-heal|p1a: Ceruledge|90\/100|[from] drain|[of] p2b: Garganacl\n|move|p2b: Garganacl|Recover|p2b: Garganacl\n|-heal|p2b: Garganacl|71\/100\n|\n|-heal|p2b: Garganacl|76\/100|[from] item: Leftovers\n|-damage|p1b: Flutter Mane|23\/100|[from] Salt Cure\n|-damage|p1a: Ceruledge|78\/100|[from] Salt Cure\n|upkeep\n|turn|10\n|\n|t:|1682185527\n|move|p2a: Arcanine|Extreme Speed|p1a: Ceruledge\n|-damage|p1a: Ceruledge|49\/100\n|move|p1a: Ceruledge|Shadow Sneak|p2a: Arcanine\n|-damage|p2a: Arcanine|8\/100\n|move|p1b: Flutter Mane|Moonblast|p2b: Garganacl\n|-damage|p2b: Garganacl|27\/100\n|-unboost|p2b: Garganacl|spa|1\n|move|p2b: Garganacl|Recover|p2b: Garganacl\n|-heal|p2b: Garganacl|77\/100\n|\n|-heal|p2b: Garganacl|83\/100|[from] item: Leftovers\n|-damage|p1b: Flutter Mane|11\/100|[from] Salt Cure\n|-damage|p1a: Ceruledge|37\/100|[from] Salt Cure\n|upkeep\n|turn|11\n|\n|t:|1682185539\n|move|p2a: Arcanine|Protect|p2a: Arcanine\n|-singleturn|p2a: Arcanine|Protect\n|move|p2b: Garganacl|Protect|p2b: Garganacl\n|-singleturn|p2b: Garganacl|Protect\n|move|p1b: Flutter Mane|Moonblast|p2a: Arcanine\n|-activate|p2a: Arcanine|move: Protect\n|move|p1a: Ceruledge|Bitter Blade|p2b: Garganacl\n|-activate|p2b: Garganacl|move: Protect\n|\n|-heal|p2b: Garganacl|88\/100|[from] item: Leftovers\n|-damage|p1b: Flutter Mane|0 fnt|[from] Salt Cure\n|faint|p1b: Flutter Mane\n|-end|p1b: Flutter Mane|Protosynthesis|[silent]\n|-damage|p1a: Ceruledge|25\/100|[from] Salt Cure\n|upkeep\n|\n|t:|1682185542\n|switch|p1b: Corviknight|Corviknight, L50, M|65\/100\n|-damage|p1b: Corviknight|52\/100|[from] Stealth Rock\n|turn|12\n|\n|t:|1682185548\n|move|p2a: Arcanine|Extreme Speed|p1a: Ceruledge\n|-damage|p1a: Ceruledge|0 fnt\n|faint|p1a: Ceruledge\n|move|p1b: Corviknight|Brave Bird|p2b: Garganacl\n|-damage|p2b: Garganacl|59\/100\n|-damage|p1b: Corviknight|43\/100|[from] Recoil\n|move|p2b: Garganacl|Salt Cure|p1b: Corviknight\n|-damage|p1b: Corviknight|32\/100\n|-start|p1b: Corviknight|Salt Cure\n|\n|-heal|p2b: Garganacl|65\/100|[from] item: Leftovers\n|-damage|p1b: Corviknight|7\/100|[from] Salt Cure\n|upkeep\n|turn|13\n|-message|al24088 forfeited.\n|\n|win|rina slaywayama\n|raw|al24088's rating: 1389 → 1367<\/strong> (-22 for losing)\n|raw|rina slaywayama's rating: 1358 → 1380<\/strong> (+22 for winning)\n|l|\u2606al24088\n","uploadtime":1682185566,"views":7,"p1id":"al24088","p2id":"rinaslaywayama","formatid":"gen9vgc2023regulationc","rating":1367,"private":0,"password":""}