{"id":"gen9vgc2023regulationc-1864117011","p1":"zee","p2":"Clipperz","format":"[Gen 9] VGC 2023 Regulation C","log":"|j|\u2606zee\n|j|\u2606Clipperz\n|t:|1684119842\n|gametype|doubles\n|player|p1|zee|#scl2platoon|\n|player|p2|Clipperz|266|\n|teamsize|p1|6\n|teamsize|p2|6\n|gen|9\n|tier|[Gen 9] VGC 2023 Regulation C\n|rule|Species Clause: Limit one of each Pok\u00e9mon\n|rule|Item Clause: Limit one of each item\n|clearpoke\n|poke|p1|Murkrow, L50, M|\n|poke|p1|Chi-Yu, L50|\n|poke|p1|Gholdengo, L50|\n|poke|p1|Iron Bundle, L50|\n|poke|p1|Great Tusk, L50|\n|poke|p1|Dragonite, L50, F|\n|poke|p2|Scream Tail, L50|\n|poke|p2|Iron Bundle, L50|\n|poke|p2|Chi-Yu, L50|\n|poke|p2|Amoonguss, L50, M|\n|poke|p2|Ting-Lu, L50|\n|poke|p2|Corviknight, L50, M|\n|teampreview|4\n|j| Z Strats\n|j| TheWigletts\nzee has agreed to open team sheets.\n|j| She Don My Dozo\nClipperz has agreed to open team sheets.\n|c|\u2606Clipperz|Glhf\n|j| ck49\n|c|\u2606zee|glhf\n|l| TheWigletts\n|j| TheWigletts\n|j| icebergvgc\n|\n|t:|1684120306\n|start\n|switch|p1a: Chi-Yu|Chi-Yu, L50|100\/100\n|switch|p1b: Iron Bundle|Iron Bundle, L50|100\/100\n|switch|p2a: Ting-Lu|Ting-Lu, L50|100\/100\n|switch|p2b: Corviknight|Corviknight, L50, M|100\/100\n|-ability|p1a: Chi-Yu|Beads of Ruin\n|-ability|p2a: Ting-Lu|Vessel of Ruin\n|-enditem|p1b: Iron Bundle|Booster Energy\n|-activate|p1b: Iron Bundle|ability: Quark Drive|[fromitem]\n|-start|p1b: Iron Bundle|quarkdrivespe\n|turn|1\n|j| sempr9\n|\n|t:|1684120350\n|switch|p2b: Scream Tail|Scream Tail, L50|100\/100\n|-enditem|p2b: Scream Tail|Booster Energy\n|-activate|p2b: Scream Tail|ability: Protosynthesis|[fromitem]\n|-start|p2b: Scream Tail|protosynthesisspe\n|-terastallize|p2a: Ting-Lu|Water\n|move|p1b: Iron Bundle|Hydro Pump|p2b: Scream Tail\n|-damage|p2b: Scream Tail|64\/100\n|move|p1a: Chi-Yu|Heat Wave|p2a: Ting-Lu|[spread] p2a,p2b\n|-resisted|p2a: Ting-Lu\n|-damage|p2a: Ting-Lu|92\/100\n|-damage|p2b: Scream Tail|38\/100\n|move|p2a: Ting-Lu|Ruination|p1b: Iron Bundle\n|-damage|p1b: Iron Bundle|51\/100\n|\n|upkeep\n|turn|2\n|j| tiaole123\n|\n|t:|1684120380\n|switch|p1a: Dragonite|Dragonite, L50, F, shiny|100\/100\n|move|p1b: Iron Bundle|Protect|p1b: Iron Bundle\n|-singleturn|p1b: Iron Bundle|Protect\n|move|p2b: Scream Tail|Protect|p2b: Scream Tail\n|-singleturn|p2b: Scream Tail|Protect\n|move|p2a: Ting-Lu|Earthquake|p1a: Dragonite|[spread] \n|-activate|p2b: Scream Tail|move: Protect\n|-activate|p1b: Iron Bundle|move: Protect\n|-immune|p1a: Dragonite\n|\n|upkeep\n|turn|3\n|\n|t:|1684120430\n|-terastallize|p1a: Dragonite|Flying\n|move|p1b: Iron Bundle|Freeze-Dry|p2a: Ting-Lu\n|-supereffective|p2a: Ting-Lu\n|-damage|p2a: Ting-Lu|66\/100\n|move|p2b: Scream Tail|Dazzling Gleam|p1a: Dragonite|[spread] p1a,p1b\n|-damage|p1a: Dragonite|94\/100\n|-damage|p1b: Iron Bundle|27\/100\n|move|p1a: Dragonite|Tera Blast|p2a: Ting-Lu\n|-damage|p2a: Ting-Lu|27\/100\n|move|p2a: Ting-Lu|Heavy Slam|p1b: Iron Bundle\n|-damage|p1b: Iron Bundle|0 fnt\n|faint|p1b: Iron Bundle\n|-end|p1b: Iron Bundle|Quark Drive|[silent]\n|\n|upkeep\n|\n|t:|1684120441\n|switch|p1b: Great Tusk|Great Tusk, L50|100\/100\n|turn|4\n|\n|t:|1684120456\n|move|p2b: Scream Tail|Protect|p2b: Scream Tail\n|-singleturn|p2b: Scream Tail|Protect\n|move|p1a: Dragonite|Extreme Speed|p2b: Scream Tail\n|-activate|p2b: Scream Tail|move: Protect\n|move|p1b: Great Tusk|Close Combat|p2a: Ting-Lu\n|-damage|p2a: Ting-Lu|0 fnt\n|-unboost|p1b: Great Tusk|def|1\n|-unboost|p1b: Great Tusk|spd|1\n|faint|p2a: Ting-Lu\n|\n|upkeep\n|j| pizzaman2.0\n|\n|t:|1684120498\n|switch|p2a: Iron Bundle|Iron Bundle, L50, shiny|100\/100\n|turn|5\n|j| alderbw\n|\n|t:|1684120519\n|-end|p1b: Great Tusk|Protosynthesis|[silent]\n|switch|p1b: Chi-Yu|Chi-Yu, L50|100\/100\n|-ability|p1b: Chi-Yu|Beads of Ruin\n|move|p2b: Scream Tail|Disable||[still]\n|-fail|p2b: Scream Tail\n|move|p2a: Iron Bundle|Freeze-Dry|p1a: Dragonite\n|-supereffective|p1a: Dragonite\n|-damage|p1a: Dragonite|39\/100\n|move|p1a: Dragonite|Tera Blast|p2a: Iron Bundle\n|-damage|p2a: Iron Bundle|17\/100\n|\n|upkeep\n|turn|6\n|j| BAC BrickWork\n|\n|t:|1684120582\n|move|p2a: Iron Bundle|Protect|p2a: Iron Bundle\n|-singleturn|p2a: Iron Bundle|Protect\n|move|p1a: Dragonite|Extreme Speed|p2a: Iron Bundle\n|-activate|p2a: Iron Bundle|move: Protect\n|move|p2b: Scream Tail|Disable|p1a: Dragonite\n|-start|p1a: Dragonite|Disable|Extreme Speed\n|move|p1b: Chi-Yu|Heat Wave|p2b: Scream Tail|[spread] p2b\n|-activate|p2a: Iron Bundle|move: Protect\n|-damage|p2b: Scream Tail|4\/100\n|\n|upkeep\n|turn|7\n|l| pizzaman2.0\n|\n|t:|1684120651\n|switch|p1a: Great Tusk|Great Tusk, L50|100\/100\n|move|p2b: Scream Tail|Protect|p2b: Scream Tail\n|-singleturn|p2b: Scream Tail|Protect\n|move|p1b: Chi-Yu|Protect|p1b: Chi-Yu\n|-singleturn|p1b: Chi-Yu|Protect\n|move|p2a: Iron Bundle|Hydro Pump|p1b: Chi-Yu\n|-activate|p1b: Chi-Yu|move: Protect\n|\n|upkeep\n|turn|8\n|l| tiaole123\n|j| tagmouse27\n|j| KrelCROC\n|\n|t:|1684120688\n|-end|p2a: Iron Bundle|Quark Drive|[silent]\n|switch|p2a: Corviknight|Corviknight, L50, M|100\/100\n|switch|p1b: Dragonite|Dragonite, L50, F, shiny, tera:Flying|39\/100\n|move|p2b: Scream Tail|Dazzling Gleam|p1a: Great Tusk|[spread] p1a,p1b\n|-supereffective|p1a: Great Tusk\n|-damage|p1a: Great Tusk|55\/100\n|-damage|p1b: Dragonite|29\/100\n|move|p1a: Great Tusk|Earthquake|p2a: Corviknight|[spread] p2b\n|-immune|p1b: Dragonite\n|-immune|p2a: Corviknight\n|-damage|p2b: Scream Tail|0 fnt\n|faint|p2b: Scream Tail\n|-end|p2b: Scream Tail|Protosynthesis|[silent]\n|\n|upkeep\n|l| tagmouse27\n|j| tagmouse27\n|\n|t:|1684120704\n|switch|p2b: Iron Bundle|Iron Bundle, L50, shiny|17\/100\n|turn|9\n|\n|t:|1684120726\n|-end|p1a: Great Tusk|Protosynthesis|[silent]\n|switch|p1a: Chi-Yu|Chi-Yu, L50|100\/100\n|-ability|p1a: Chi-Yu|Beads of Ruin\n|move|p2b: Iron Bundle|Protect|p2b: Iron Bundle\n|-singleturn|p2b: Iron Bundle|Protect\n|move|p1b: Dragonite|Extreme Speed|p2b: Iron Bundle\n|-activate|p2b: Iron Bundle|move: Protect\n|move|p2a: Corviknight|Tailwind|p2a: Corviknight\n|-sidestart|p2: Clipperz|move: Tailwind\n|\n|upkeep\n|turn|10\n|\n|t:|1684120744\n|move|p2b: Iron Bundle|Protect|p2b: Iron Bundle\n|-singleturn|p2b: Iron Bundle|Protect\n|move|p1b: Dragonite|Extreme Speed|p2b: Iron Bundle\n|-activate|p2b: Iron Bundle|move: Protect\n|move|p2a: Corviknight|Brave Bird|p1b: Dragonite\n|-damage|p1b: Dragonite|0 fnt\n|faint|p1b: Dragonite\n|-damage|p2a: Corviknight|92\/100|[from] Recoil\n|move|p1a: Chi-Yu|Heat Wave|p2a: Corviknight|[spread] p2a\n|-activate|p2b: Iron Bundle|move: Protect\n|-supereffective|p2a: Corviknight\n|-damage|p2a: Corviknight|0 fnt\n|faint|p2a: Corviknight\n|\n|upkeep\n|\n|t:|1684120755\n|switch|p1b: Great Tusk|Great Tusk, L50|55\/100\n|turn|11\n|\n|t:|1684120764\n|move|p2b: Iron Bundle|Freeze-Dry|p1b: Great Tusk\n|-supereffective|p1b: Great Tusk\n|-damage|p1b: Great Tusk|0 fnt\n|faint|p1b: Great Tusk\n|-end|p1b: Great Tusk|Protosynthesis|[silent]\n|move|p1a: Chi-Yu|Snarl|p2b: Iron Bundle\n|-damage|p2b: Iron Bundle|0 fnt\n|faint|p2b: Iron Bundle\n|-end|p2b: Iron Bundle|Quark Drive|[silent]\n|\n|win|zee\n","uploadtime":1684120771,"views":31,"p1id":"zee","p2id":"clipperz","formatid":"gen9vgc2023regulationc","rating":0,"private":0,"password":""}