{"id":"gen9vgc2023regulationc-1848803969","p1":"That_Leek","p2":"Alaskan_fisher","format":"[Gen 9] VGC 2023 Regulation C","log":"|j|\u2606That_Leek\n|j|\u2606Alaskan_fisher\n|t:|1682112117\n|gametype|doubles\n|player|p1|That_Leek|blue-masters|1363\n|player|p2|Alaskan_fisher|fisherman-gen4|1292\n|teamsize|p1|6\n|teamsize|p2|6\n|gen|9\n|tier|[Gen 9] VGC 2023 Regulation C\n|rated|\n|rule|Species Clause: Limit one of each Pok\u00e9mon\n|rule|Item Clause: Limit one of each item\n|clearpoke\n|poke|p1|Gholdengo, L50|\n|poke|p1|Gyarados, L50, M|\n|poke|p1|Tyranitar, L50, M|\n|poke|p1|Maushold-Four, L50|\n|poke|p1|Annihilape, L50, F|\n|poke|p1|Volcarona, L50, M|\n|poke|p2|Baxcalibur, L50, M|\n|poke|p2|Palafin, L50, F|\n|poke|p2|Arcanine, L50, M|\n|poke|p2|Flutter Mane, L50|\n|poke|p2|Chi-Yu, L50|\n|poke|p2|Amoonguss, L50, F|\n|teampreview|4\nAlaskan_fisher has agreed to open team sheets.\nThat_Leek has agreed to open team sheets.\n|\n|t:|1682112141\n|start\n|switch|p1a: Tyranitar|Tyranitar, L50, M|100\/100\n|switch|p1b: Annihilape|Annihilape, L50, F|100\/100\n|switch|p2a: Flutter Mane|Flutter Mane, L50|100\/100\n|switch|p2b: Chi-Yu|Chi-Yu, L50|100\/100\n|-ability|p2b: Chi-Yu|Beads of Ruin\n|-weather|Sandstorm|[from] ability: Sand Stream|[of] p1a: Tyranitar\n|turn|1\n|\n|t:|1682112230\n|-terastallize|p2a: Flutter Mane|Steel\n|-terastallize|p1b: Annihilape|Fire\n|move|p2b: Chi-Yu|Flamethrower|p1b: Annihilape\n|-resisted|p1b: Annihilape\n|-damage|p1b: Annihilape|75\/100\n|move|p2a: Flutter Mane|Shadow Ball|p1b: Annihilape\n|-damage|p1b: Annihilape|15\/100\n|move|p1b: Annihilape|Rage Fist|p2a: Flutter Mane\n|-damage|p2a: Flutter Mane|0 fnt\n|faint|p2a: Flutter Mane\n|-end|p2a: Flutter Mane|Protosynthesis|[silent]\n|move|p1a: Tyranitar|Rock Slide|p2b: Chi-Yu\n|-supereffective|p2b: Chi-Yu\n|-damage|p2b: Chi-Yu|0 fnt\n|faint|p2b: Chi-Yu\n|\n|-weather|Sandstorm|[upkeep]\n|-damage|p1b: Annihilape|9\/100|[from] Sandstorm\n|-heal|p1b: Annihilape|15\/100|[from] item: Leftovers\n|upkeep\n|\n|t:|1682112243\n|switch|p2a: Arcanine|Arcanine, L50, M|100\/100\n|switch|p2b: Palafin|Palafin, L50, F|100\/100\n|-ability|p2a: Arcanine|Intimidate|boost\n|-unboost|p1a: Tyranitar|atk|1\n|-unboost|p1b: Annihilape|atk|1\n|-ability|p1b: Annihilape|Defiant|boost\n|-boost|p1b: Annihilape|atk|2\n|turn|2\n|\n|t:|1682112254\n|switch|p1a: Gyarados|Gyarados, L50, M|100\/100\n|-ability|p1a: Gyarados|Intimidate|boost\n|-unboost|p2a: Arcanine|atk|1\n|-unboost|p2b: Palafin|atk|1\n|move|p1b: Annihilape|Protect|p1b: Annihilape\n|-singleturn|p1b: Annihilape|Protect\n|move|p2b: Palafin|Jet Punch|p1b: Annihilape\n|-activate|p1b: Annihilape|move: Protect\n|move|p2a: Arcanine|Will-O-Wisp|p1a: Gyarados\n|-status|p1a: Gyarados|brn\n|\n|-weather|Sandstorm|[upkeep]\n|-damage|p2b: Palafin|95\/100|[from] Sandstorm\n|-damage|p1b: Annihilape|9\/100|[from] Sandstorm\n|-damage|p1a: Gyarados|95\/100 brn|[from] Sandstorm\n|-heal|p1b: Annihilape|15\/100|[from] item: Leftovers\n|-damage|p1a: Gyarados|89\/100 brn|[from] brn\n|upkeep\n|turn|3\n|inactive|Battle timer is ON: inactive players will automatically lose when time's up. (requested by That_Leek)\n|\n|t:|1682112322\n|switch|p1a: Tyranitar|Tyranitar, L50, M|100\/100\n|move|p2a: Arcanine|Flare Blitz|p1b: Annihilape\n|-resisted|p1b: Annihilape\n|-damage|p1b: Annihilape|0 fnt\n|faint|p1b: Annihilape\n|-damage|p2a: Arcanine|95\/100|[from] Recoil\n|move|p2b: Palafin|Haze|p2b: Palafin\n|-clearallboost\n|\n|-weather|Sandstorm|[upkeep]\n|-damage|p2b: Palafin|89\/100|[from] Sandstorm\n|upkeep\n|\n|t:|1682112332\n|switch|p1b: Gyarados|Gyarados, L50, M|89\/100 brn\n|-ability|p1b: Gyarados|Intimidate|boost\n|-unboost|p2a: Arcanine|atk|1\n|-unboost|p2b: Palafin|atk|1\n|turn|4\n|\n|t:|1682112345\n|move|p2a: Arcanine|Will-O-Wisp|p1a: Tyranitar\n|-status|p1a: Tyranitar|brn\n|move|p2b: Palafin|Haze|p2b: Palafin\n|-clearallboost\n|move|p1b: Gyarados|Thunder Wave|p2b: Palafin\n|-status|p2b: Palafin|par\n|move|p1a: Tyranitar|Rock Slide|p2a: Arcanine|[spread] p2a,p2b\n|-supereffective|p2a: Arcanine\n|-damage|p2a: Arcanine|67\/100\n|-damage|p2b: Palafin|73\/100 par\n|\n|-weather|Sandstorm|[upkeep]\n|-damage|p1b: Gyarados|83\/100 brn|[from] Sandstorm\n|-damage|p2b: Palafin|67\/100 par|[from] Sandstorm\n|-damage|p1b: Gyarados|77\/100 brn|[from] brn\n|-damage|p1a: Tyranitar|95\/100 brn|[from] brn\n|upkeep\n|turn|5\n|inactive|Alaskan_fisher has 30 seconds left.\n|\n|t:|1682112377\n|cant|p2b: Palafin|par\n|move|p2a: Arcanine|Flare Blitz|p1b: Gyarados\n|-resisted|p1b: Gyarados\n|-damage|p1b: Gyarados|53\/100 brn\n|-damage|p2a: Arcanine|58\/100|[from] Recoil\n|move|p1b: Gyarados|Thunder Wave|p2a: Arcanine\n|-status|p2a: Arcanine|par\n|move|p1a: Tyranitar|Rock Slide|p2b: Palafin|[spread] p2a,p2b\n|-supereffective|p2a: Arcanine\n|-damage|p2a: Arcanine|27\/100 par\n|-damage|p2b: Palafin|50\/100 par\n|\n|-weather|none\n|-damage|p1b: Gyarados|47\/100 brn|[from] brn\n|-damage|p1a: Tyranitar|89\/100 brn|[from] brn\n|upkeep\n|-enditem|p1b: Gyarados|Sitrus Berry|[eat]\n|-heal|p1b: Gyarados|72\/100 brn|[from] item: Sitrus Berry\n|turn|6\n|inactive|Alaskan_fisher has 30 seconds left.\n|inactive|Alaskan_fisher has 20 seconds left.\n|inactive|Alaskan_fisher has 15 seconds left.\n|inactive|Alaskan_fisher has 10 seconds left.\n|inactive|Alaskan_fisher has 5 seconds left.\n|\n|t:|1682112430\n|move|p1b: Gyarados|Waterfall|p2a: Arcanine\n|-supereffective|p2a: Arcanine\n|-damage|p2a: Arcanine|0 fnt\n|faint|p2a: Arcanine\n|move|p1a: Tyranitar|Crunch|p2b: Palafin\n|-damage|p2b: Palafin|27\/100 par\n|move|p2b: Palafin|Wave Crash|p1a: Tyranitar\n|-supereffective|p1a: Tyranitar\n|-damage|p1a: Tyranitar|4\/100 brn\n|-damage|p2b: Palafin|0 fnt|[from] Recoil\n|faint|p2b: Palafin\n|\n|win|That_Leek\n|raw|That_Leek's rating: 1363 → 1379<\/strong> (+16 for winning)\n|raw|Alaskan_fisher's rating: 1292 → 1272<\/strong> (-20 for losing)\n|l|\u2606That_Leek\n","uploadtime":1682112441,"views":10,"p1id":"thatleek","p2id":"alaskanfisher","formatid":"gen9vgc2023regulationc","rating":1272,"private":0,"password":""}