{"id":"gen9vgc2023regulationc-1857946459","p1":"Intergers","p2":"PittsburghEmpoleon","format":"[Gen 9] VGC 2023 Regulation C","log":"|j|\u2606Intergers\n|j|\u2606PittsburghEmpoleon\n|t:|1683250794\n|gametype|doubles\n|player|p1|Intergers|caitlin|\n|player|p2|PittsburghEmpoleon|steven|\n|teamsize|p1|6\n|teamsize|p2|6\n|gen|9\n|tier|[Gen 9] VGC 2023 Regulation C\n|rule|Species Clause: Limit one of each Pok\u00e9mon\n|rule|Item Clause: Limit one of each item\n|clearpoke\n|poke|p1|Torkoal, L50, M|\n|poke|p1|Armarouge, L50, M|\n|poke|p1|Hariyama, L50, M|\n|poke|p1|Hatterene, L50, F|\n|poke|p1|Bisharp, L50, M|\n|poke|p1|Stonjourner, L50, F|\n|poke|p2|Dondozo, L50, F|\n|poke|p2|Tatsugiri, L50, F|\n|poke|p2|Glimmora, L50, M|\n|poke|p2|Mimikyu, L50, M|\n|poke|p2|Chien-Pao, L50|\n|poke|p2|Dragonite, L50, M|\n|teampreview|4\n|inactive|Battle timer is ON: inactive players will automatically lose when time's up. (requested by Intergers)\n|c|\u2606Intergers|glhf\n|inactive|PittsburghEmpoleon has 60 seconds left.\n|\n|t:|1683250839\n|start\n|switch|p1a: Token Fairy Type|Hatterene, L50, F|100\/100\n|switch|p1b: Yamama|Hariyama, L50, M, shiny|100\/100\n|switch|p2a: Dragonite|Dragonite, L50, M|100\/100\n|switch|p2b: Glimmora|Glimmora, L50, M|100\/100\n|turn|1\n|\n|t:|1683250855\n|-terastallize|p2a: Dragonite|Flying\n|-terastallize|p1a: Token Fairy Type|Steel\n|move|p2b: Glimmora|Spiky Shield|p2b: Glimmora\n|-singleturn|p2b: Glimmora|move: Protect\n|move|p1b: Yamama|Fake Out|p2a: Dragonite\n|-damage|p2a: Dragonite|88\/100\n|move|p2a: Dragonite|Tera Blast|p1a: Token Fairy Type\n|-resisted|p1a: Token Fairy Type\n|-damage|p1a: Token Fairy Type|66\/100\n|move|p1a: Token Fairy Type|Trick Room|p1a: Token Fairy Type\n|-fieldstart|move: Trick Room|[of] p1a: Token Fairy Type\n|\n|-status|p1b: Yamama|brn|[from] item: Flame Orb\n|upkeep\n|turn|2\n|inactive|PittsburghEmpoleon has 30 seconds left.\n|\n|t:|1683250888\n|move|p1a: Token Fairy Type|Dazzling Gleam|p2b: Glimmora|[spread] p2a,p2b\n|-resisted|p2b: Glimmora\n|-damage|p2a: Dragonite|48\/100\n|-damage|p2b: Glimmora|82\/100\n|-damage|p1a: Token Fairy Type|56\/100|[from] item: Life Orb\n|move|p1b: Yamama|Drain Punch|p2b: Glimmora\n|-damage|p2b: Glimmora|30\/100\n|-activate|p2b: Glimmora|ability: Toxic Debris\n|-sidestart|p1: Intergers|move: Toxic Spikes\n|-enditem|p2b: Glimmora|Sitrus Berry|[eat]\n|-heal|p2b: Glimmora|55\/100|[from] item: Sitrus Berry\n|move|p2a: Dragonite|Low Kick|p1a: Token Fairy Type\n|-supereffective|p1a: Token Fairy Type\n|-damage|p1a: Token Fairy Type|38\/100\n|move|p2b: Glimmora|Earth Power|p1a: Token Fairy Type\n|-supereffective|p1a: Token Fairy Type\n|-damage|p1a: Token Fairy Type|0 fnt\n|faint|p1a: Token Fairy Type\n|\n|-damage|p1b: Yamama|95\/100 brn|[from] brn\n|upkeep\n|\n|t:|1683250906\n|switch|p1a: Bisharp|Bisharp, L50, M|100\/100\n|turn|3\n|inactive|PittsburghEmpoleon has 30 seconds left.\n|\n|t:|1683250935\n|move|p2b: Glimmora|Spiky Shield|p2b: Glimmora\n|-singleturn|p2b: Glimmora|move: Protect\n|move|p1a: Bisharp|Sucker Punch|p2a: Dragonite\n|-crit|p2a: Dragonite\n|-damage|p2a: Dragonite|0 fnt\n|faint|p2a: Dragonite\n|move|p1b: Yamama|Drain Punch|p2b: Glimmora\n|-activate|p2b: Glimmora|move: Protect\n|-damage|p1b: Yamama|83\/100 brn|[from] Spiky Shield|[of] p2b: Glimmora\n|\n|-damage|p1b: Yamama|77\/100 brn|[from] brn\n|upkeep\n|\n|t:|1683250948\n|switch|p2a: Mimikyu|Mimikyu, L50, M|100\/100\n|turn|4\n|inactive|Intergers has 30 seconds left.\n|\n|t:|1683250975\n|switch|p2b: Tatsugiri|Tatsugiri, L50, F|100\/100\n|move|p2a: Mimikyu|Protect|p2a: Mimikyu\n|-singleturn|p2a: Mimikyu|Protect\n|move|p1b: Yamama|Knock Off|p2a: Mimikyu\n|-activate|p2a: Mimikyu|move: Protect\n|move|p1a: Bisharp|Swords Dance|p1a: Bisharp\n|-boost|p1a: Bisharp|atk|2\n|\n|-damage|p1b: Yamama|71\/100 brn|[from] brn\n|upkeep\n|turn|5\n|\n|t:|1683250998\n|move|p1b: Yamama|Knock Off|p2a: Mimikyu\n|-activate|p2a: Mimikyu|ability: Disguise\n|-damage|p2a: Mimikyu|100\/100\n|-enditem|p2a: Mimikyu|Life Orb|[from] move: Knock Off|[of] p1b: Yamama\n|detailschange|p2a: Mimikyu|Mimikyu-Busted, L50, M\n|-damage|p2a: Mimikyu|88\/100|[from] pokemon: Mimikyu-Busted\n|move|p1a: Bisharp|Iron Head|p2a: Mimikyu\n|-supereffective|p2a: Mimikyu\n|-damage|p2a: Mimikyu|0 fnt\n|faint|p2a: Mimikyu\n|move|p2b: Tatsugiri|Muddy Water|p1b: Yamama|[spread] p1b\n|-miss|p2b: Tatsugiri|p1a: Bisharp\n|-damage|p1b: Yamama|18\/100 brn\n|-unboost|p1b: Yamama|accuracy|1\n|\n|-damage|p1b: Yamama|13\/100 brn|[from] brn\n|-fieldend|move: Trick Room\n|upkeep\n|\n|t:|1683251014\n|switch|p2a: Glimmora|Glimmora, L50, M|55\/100\n|turn|6\n|\n|t:|1683251025\n|move|p2b: Tatsugiri|Muddy Water|p1a: Bisharp|[spread] p1a,p1b\n|-damage|p1a: Bisharp|49\/100\n|-damage|p1b: Yamama|0 fnt\n|faint|p1b: Yamama\n|move|p2a: Glimmora|Earth Power|p1a: Bisharp\n|-supereffective|p1a: Bisharp\n|-damage|p1a: Bisharp|0 fnt\n|faint|p1a: Bisharp\n|\n|upkeep\n|c|\u2606Intergers|ggs I think\n|\n|t:|1683251045\n|switch|p1a: Tokoal|Torkoal, L50, M|100\/100\n|-status|p1a: Tokoal|psn\n|-weather|SunnyDay|[from] ability: Drought|[of] p1a: Tokoal\n|turn|7\n|\n|t:|1683251054\n|move|p2b: Tatsugiri|Muddy Water|p1a: Tokoal\n|-supereffective|p1a: Tokoal\n|-damage|p1a: Tokoal|0 fnt\n|faint|p1a: Tokoal\n|\n|win|PittsburghEmpoleon\n|c|\u2606PittsburghEmpoleon|gg\n|l|\u2606Intergers\n","uploadtime":1683251062,"views":14,"p1id":"intergers","p2id":"pittsburghempoleon","formatid":"gen9vgc2023regulationc","rating":0,"private":0,"password":""}