{"id":"gen9vgc2023regulationc-1849278057","p1":"Gubbemon","p2":"KaitoYuki","format":"[Gen 9] VGC 2023 Regulation C","log":"|j|\u2606Gubbemon\n|j|\u2606KaitoYuki\n|t:|1682180904\n|gametype|doubles\n|player|p1|Gubbemon|1|1080\n|player|p2|KaitoYuki|iris-gen5bw2|1043\n|teamsize|p1|6\n|teamsize|p2|6\n|gen|9\n|tier|[Gen 9] VGC 2023 Regulation C\n|rated|\n|rule|Species Clause: Limit one of each Pok\u00e9mon\n|rule|Item Clause: Limit one of each item\n|clearpoke\n|poke|p1|Qwilfish, L50, F|\n|poke|p1|Pelipper, L50, M|\n|poke|p1|Amoonguss, L50, M|\n|poke|p1|Chien-Pao, L50|\n|poke|p1|Iron Hands, L50|\n|poke|p1|Flutter Mane, L50|\n|poke|p2|Meowscarada, L50, M|\n|poke|p2|Annihilape, L50, F|\n|poke|p2|Garchomp, L50, F|\n|poke|p2|Kingambit, L50, M|\n|poke|p2|Tinkaton, L50, F|\n|poke|p2|Rotom-Wash, L50|\n|teampreview|4\nGubbemon has agreed to open team sheets.\n|c|\u2606Gubbemon|Glhf\n|\n|t:|1682180936\n|start\n|switch|p1a: Pelipper|Pelipper, L50, M, shiny|100\/100\n|switch|p1b: Qwilfish|Qwilfish, L50, F, shiny|100\/100\n|switch|p2a: Meowscarada|Meowscarada, L50, M|100\/100\n|switch|p2b: Tinkaton|Tinkaton, L50, F|100\/100\n|-ability|p2b: Tinkaton|Mold Breaker\n|-weather|RainDance|[from] ability: Drizzle|[of] p1a: Pelipper\n|turn|1\n|\n|t:|1682180964\n|-terastallize|p1b: Qwilfish|Ground\n|move|p1b: Qwilfish|Toxic Spikes|p2b: Tinkaton\n|-sidestart|p2: KaitoYuki|move: Toxic Spikes\n|move|p2a: Meowscarada|Flower Trick|p1a: Pelipper\n|-crit|p1a: Pelipper\n|-damage|p1a: Pelipper|47\/100\n|-enditem|p1a: Pelipper|Sitrus Berry|[eat]\n|-heal|p1a: Pelipper|71\/100|[from] item: Sitrus Berry\n|move|p2b: Tinkaton|Gigaton Hammer|p1b: Qwilfish\n|-damage|p1b: Qwilfish|21\/100\n|move|p1a: Pelipper|Tailwind|p1a: Pelipper\n|-sidestart|p1: Gubbemon|move: Tailwind\n|\n|-weather|RainDance|[upkeep]\n|-heal|p1b: Qwilfish|27\/100|[from] item: Leftovers\n|upkeep\n|turn|2\n|\n|t:|1682180991\n|move|p2b: Tinkaton|Fake Out||[still]\n|-hint|Fake Out only works on your first turn out.\n|-fail|p2b: Tinkaton\n|move|p2a: Meowscarada|Sucker Punch|p1b: Qwilfish\n|-damage|p1b: Qwilfish|0 fnt\n|faint|p1b: Qwilfish\n|move|p1a: Pelipper|Hurricane|p2a: Meowscarada\n|-supereffective|p2a: Meowscarada\n|-enditem|p2a: Meowscarada|Focus Sash\n|-damage|p2a: Meowscarada|1\/100\n|\n|-weather|RainDance|[upkeep]\n|upkeep\n|\n|t:|1682181007\n|switch|p1b: Flutter Mane|Flutter Mane, L50, shiny|100\/100\n|turn|3\n|\n|t:|1682181026\n|move|p2a: Meowscarada|Sucker Punch|p1a: Pelipper\n|-damage|p1a: Pelipper|39\/100\n|move|p1b: Flutter Mane|Mystical Fire|p2b: Tinkaton\n|-supereffective|p2b: Tinkaton\n|-damage|p2b: Tinkaton|83\/100\n|-unboost|p2b: Tinkaton|spa|1\n|move|p1a: Pelipper|Hurricane|p2a: Meowscarada\n|-supereffective|p2a: Meowscarada\n|-damage|p2a: Meowscarada|0 fnt\n|faint|p2a: Meowscarada\n|move|p2b: Tinkaton|Gigaton Hammer|p1b: Flutter Mane\n|-supereffective|p1b: Flutter Mane\n|-enditem|p1b: Flutter Mane|Focus Sash\n|-damage|p1b: Flutter Mane|1\/100\n|\n|-weather|RainDance|[upkeep]\n|upkeep\n|\n|t:|1682181046\n|switch|p2a: Garchomp|Garchomp, L50, F|100\/100\n|-status|p2a: Garchomp|psn\n|turn|4\n|\n|t:|1682181074\n|move|p1b: Flutter Mane|Dazzling Gleam|p2b: Tinkaton|[spread] p2a,p2b\n|-supereffective|p2a: Garchomp\n|-resisted|p2b: Tinkaton\n|-damage|p2a: Garchomp|32\/100 psn\n|-damage|p2b: Tinkaton|73\/100\n|move|p1a: Pelipper|Hydro Pump|p2b: Tinkaton\n|-damage|p2b: Tinkaton|39\/100\n|move|p2a: Garchomp|Rock Slide|p1a: Pelipper|[spread] p1a,p1b\n|-supereffective|p1a: Pelipper\n|-damage|p1a: Pelipper|0 fnt\n|-damage|p1b: Flutter Mane|0 fnt\n|faint|p1a: Pelipper\n|faint|p1b: Flutter Mane\n|-end|p1b: Flutter Mane|Protosynthesis|[silent]\n|move|p2b: Tinkaton|Play Rough|p1: Pelipper|[notarget]\n|-fail|p2b: Tinkaton\n|\n|-weather|RainDance|[upkeep]\n|-damage|p2a: Garchomp|20\/100 psn|[from] psn\n|-sideend|p1: Gubbemon|move: Tailwind\n|upkeep\n|\n|t:|1682181092\n|switch|p1b: Iron Hands|Iron Hands, L50, shiny|100\/100\n|-enditem|p1b: Iron Hands|Booster Energy\n|-activate|p1b: Iron Hands|ability: Quark Drive|[fromitem]\n|-start|p1b: Iron Hands|quarkdriveatk\n|turn|5\n|\n|t:|1682181114\n|switch|p2b: Annihilape|Annihilape, L50, F|100\/100\n|-status|p2b: Annihilape|psn\n|move|p1b: Iron Hands|Fake Out|p2a: Garchomp\n|-damage|p2a: Garchomp|4\/100 psn\n|-damage|p1b: Iron Hands|88\/100|[from] ability: Rough Skin|[of] p2a: Garchomp\n|-damage|p1b: Iron Hands|72\/100|[from] item: Rocky Helmet|[of] p2a: Garchomp\n|cant|p2a: Garchomp|flinch\n|\n|-weather|none\n|-damage|p2b: Annihilape|88\/100 psn|[from] psn\n|-damage|p2a: Garchomp|0 fnt|[from] psn\n|faint|p2a: Garchomp\n|upkeep\n|\n|t:|1682181127\n|switch|p2a: Tinkaton|Tinkaton, L50, F|39\/100\n|-ability|p2a: Tinkaton|Mold Breaker\n|turn|6\n|\n|t:|1682181149\n|move|p2a: Tinkaton|Fake Out|p1b: Iron Hands\n|-damage|p1b: Iron Hands|65\/100\n|move|p2b: Annihilape|Final Gambit|p1b: Iron Hands\n|-damage|p1b: Iron Hands|0 fnt\n|faint|p2b: Annihilape\n|faint|p1b: Iron Hands\n|-end|p1b: Iron Hands|Quark Drive|[silent]\n|\n|win|KaitoYuki\n|raw|Gubbemon's rating: 1080 → 1056<\/strong> (-24 for losing)\n|raw|KaitoYuki's rating: 1043 → 1080<\/strong> (+37 for winning)\n|c|\u2606Gubbemon|Gg\n|c|\u2606KaitoYuki|gg\n|l|\u2606Gubbemon\n","uploadtime":1682181165,"views":10,"p1id":"gubbemon","p2id":"kaitoyuki","formatid":"gen9vgc2023regulationc","rating":1056,"private":0,"password":""}