{"id":"gen9vgc2023regulationc-1864075382","p1":"RonJohn","p2":"vivian20","format":"[Gen 9] VGC 2023 Regulation C","log":"|j|\u2606RonJohn\n|j|\u2606vivian20\n|t:|1684113896\n|gametype|doubles\n|player|p1|RonJohn|169|1306\n|player|p2|vivian20|101|1425\n|teamsize|p1|6\n|teamsize|p2|6\n|gen|9\n|tier|[Gen 9] VGC 2023 Regulation C\n|rated|\n|rule|Species Clause: Limit one of each Pok\u00e9mon\n|rule|Item Clause: Limit one of each item\n|clearpoke\n|poke|p1|Flutter Mane, L50|\n|poke|p1|Orthworm, L50, M|\n|poke|p1|Dragonite, L50, M|\n|poke|p1|Amoonguss, L50, F|\n|poke|p1|Gyarados, L50, M|\n|poke|p1|Ting-Lu, L50|\n|poke|p2|Orthworm, L50, M|\n|poke|p2|Ting-Lu, L50|\n|poke|p2|Flutter Mane, L50|\n|poke|p2|Dragonite, L50, F|\n|poke|p2|Grimmsnarl, L50, M|\n|poke|p2|Amoonguss, L50, F|\n|teampreview|4\nRonJohn has agreed to open team sheets.\n|inactive|Battle timer is ON: inactive players will automatically lose when time's up. (requested by RonJohn)\nvivian20 has agreed to open team sheets.\n|inactive|RonJohn has 60 seconds left.\n|inactive|vivian20 has 60 seconds left.\n|inactive|vivian20 has 30 seconds left.\n|inactive|vivian20 has 20 seconds left.\n|inactive|vivian20 has 15 seconds left.\n|c|\u2606RonJohn|glhf\n|\n|t:|1684113979\n|start\n|switch|p1a: Ting-Lu|Ting-Lu, L50|100\/100\n|switch|p1b: Gyarados|Gyarados, L50, M|100\/100\n|switch|p2a: Ting-Lu|Ting-Lu, L50|100\/100\n|switch|p2b: Grimmsnarl|Grimmsnarl, L50, M|100\/100\n|-ability|p1b: Gyarados|Intimidate|boost\n|-unboost|p2a: Ting-Lu|atk|1\n|-unboost|p2b: Grimmsnarl|atk|1\n|-ability|p1a: Ting-Lu|Vessel of Ruin\n|-ability|p2a: Ting-Lu|Vessel of Ruin\n|turn|1\n|inactive|RonJohn has 30 seconds left.\n|inactive|vivian20 has 30 seconds left.\n|inactive|RonJohn has 20 seconds left.\n|inactive|RonJohn has 15 seconds left.\n|inactive|RonJohn has 10 seconds left.\n|\n|t:|1684114025\n|move|p2b: Grimmsnarl|Fake Out|p1b: Gyarados\n|-damage|p1b: Gyarados|93\/100\n|cant|p1b: Gyarados|flinch\n|move|p1a: Ting-Lu|Heavy Slam|p2b: Grimmsnarl\n|-supereffective|p2b: Grimmsnarl\n|-damage|p2b: Grimmsnarl|21\/100\n|move|p2a: Ting-Lu|Ruination|p1b: Gyarados\n|-damage|p1b: Gyarados|47\/100\n|\n|upkeep\n|turn|2\n|inactive|RonJohn has 30 seconds left.\n|inactive|vivian20 has 30 seconds left.\n|\n|t:|1684114055\n|switch|p1b: Orthworm|Orthworm, L50, M|100\/100\n|move|p2b: Grimmsnarl|Reflect|p2b: Grimmsnarl\n|-sidestart|p2: vivian20|Reflect\n|move|p1a: Ting-Lu|Earthquake|p2b: Grimmsnarl|[spread] p2a,p2b\n|-immune|p1b: Orthworm|[from] ability: Earth Eater\n|-damage|p2a: Ting-Lu|90\/100\n|-damage|p2b: Grimmsnarl|0 fnt\n|faint|p2b: Grimmsnarl\n|move|p2a: Ting-Lu|Ruination|p1b: Orthworm|[miss]\n|-miss|p2a: Ting-Lu|p1b: Orthworm\n|\n|upkeep\n|\n|t:|1684114067\n|switch|p2b: Orthworm|Orthworm, L50, M|100\/100\n|turn|3\n|inactive|vivian20 has 30 seconds left.\n|\n|t:|1684114095\n|switch|p1b: Gyarados|Gyarados, L50, M|47\/100\n|-ability|p1b: Gyarados|Intimidate|boost\n|-unboost|p2a: Ting-Lu|atk|1\n|-unboost|p2b: Orthworm|atk|1\n|move|p1a: Ting-Lu|Ruination|p2a: Ting-Lu\n|-damage|p2a: Ting-Lu|45\/100\n|move|p2b: Orthworm|Shed Tail|p2b: Orthworm\n|-start|p2b: Orthworm|Substitute|[from] move: Shed Tail\n|-damage|p2b: Orthworm|50\/100\n|-enditem|p2b: Orthworm|Sitrus Berry|[eat]\n|-heal|p2b: Orthworm|75\/100|[from] item: Sitrus Berry\n|\n|t:|1684114107\n|switch|p2b: Espresso|Dragonite, L50, F|100\/100|[from] Shed Tail\n|move|p2a: Ting-Lu|Ruination|p1b: Gyarados\n|-damage|p1b: Gyarados|24\/100\n|\n|upkeep\n|turn|4\n|inactive|vivian20 has 30 seconds left.\n|\n|t:|1684114137\n|move|p2b: Espresso|Extreme Speed|p1b: Gyarados\n|-damage|p1b: Gyarados|0 fnt\n|faint|p1b: Gyarados\n|move|p1a: Ting-Lu|Rock Slide|p2b: Espresso|[spread] p2b\n|-miss|p1a: Ting-Lu|p2a: Ting-Lu\n|-supereffective|p2b: Espresso\n|-end|p2b: Espresso|Substitute\n|move|p2a: Ting-Lu|Ruination|p1a: Ting-Lu\n|-damage|p1a: Ting-Lu|51\/100\n|\n|upkeep\n|\n|t:|1684114151\n|switch|p1b: Orthworm|Orthworm, L50, M|100\/100\n|turn|5\n|\n|t:|1684114175\n|move|p2b: Espresso|Dragon Dance|p2b: Espresso\n|-boost|p2b: Espresso|atk|1\n|-boost|p2b: Espresso|spe|1\n|move|p1a: Ting-Lu|Rock Slide|p2a: Ting-Lu|[spread] p2a,p2b\n|-resisted|p2a: Ting-Lu\n|-supereffective|p2b: Espresso\n|-damage|p2a: Ting-Lu|43\/100\n|-damage|p2b: Espresso|77\/100\n|move|p1b: Orthworm|Shed Tail|p1b: Orthworm\n|-start|p1b: Orthworm|Substitute|[from] move: Shed Tail\n|-damage|p1b: Orthworm|50\/100\n|-enditem|p1b: Orthworm|Sitrus Berry|[eat]\n|-heal|p1b: Orthworm|75\/100|[from] item: Sitrus Berry\n|\n|t:|1684114187\n|switch|p1b: Dragonite|Dragonite, L50, M|100\/100|[from] Shed Tail\n|move|p2a: Ting-Lu|Ruination|p1b: Dragonite\n|-end|p1b: Dragonite|Substitute\n|\n|upkeep\n|turn|6\n|inactive|RonJohn has 30 seconds left.\n|inactive|vivian20 has 30 seconds left.\n|inactive|RonJohn has 20 seconds left.\n|inactive|RonJohn has 15 seconds left.\n|inactive|RonJohn has 10 seconds left.\n|\n|t:|1684114235\n|-terastallize|p2b: Espresso|Normal\n|move|p2b: Espresso|Dragon Dance|p2b: Espresso\n|-boost|p2b: Espresso|atk|1\n|-boost|p2b: Espresso|spe|1\n|move|p1b: Dragonite|Ice Spinner|p2b: Espresso\n|-damage|p2b: Espresso|57\/100\n|move|p1a: Ting-Lu|Earthquake|p2a: Ting-Lu|[spread] p2a,p2b\n|-immune|p1b: Dragonite\n|-damage|p2a: Ting-Lu|31\/100\n|-damage|p2b: Espresso|34\/100\n|move|p2a: Ting-Lu|Ruination|p1b: Dragonite|[miss]\n|-miss|p2a: Ting-Lu|p1b: Dragonite\n|\n|upkeep\n|turn|7\n|inactive|RonJohn has 30 seconds left.\n|inactive|vivian20 has 30 seconds left.\n|inactive|vivian20 has 20 seconds left.\n|\n|t:|1684114271\n|-terastallize|p1b: Dragonite|Normal\n|move|p2b: Espresso|Protect|p2b: Espresso\n|-singleturn|p2b: Espresso|Protect\n|move|p1b: Dragonite|Extreme Speed|p2b: Espresso\n|-activate|p2b: Espresso|move: Protect\n|move|p1a: Ting-Lu|Earthquake|p2a: Ting-Lu|[spread] p1b,p2a\n|-activate|p2b: Espresso|move: Protect\n|-crit|p1b: Dragonite\n|-damage|p1b: Dragonite|69\/100\n|-damage|p2a: Ting-Lu|21\/100\n|move|p2a: Ting-Lu|Ruination|p1b: Dragonite\n|-damage|p1b: Dragonite|35\/100\n|\n|upkeep\n|turn|8\n|inactive|RonJohn has 30 seconds left.\n|\n|t:|1684114299\n|switch|p2a: Orthworm|Orthworm, L50, M|75\/100\n|move|p2b: Espresso|Extreme Speed|p1b: Dragonite\n|-damage|p1b: Dragonite|0 fnt\n|faint|p1b: Dragonite\n|move|p1a: Ting-Lu|Heavy Slam|p2a: Orthworm\n|-resisted|p2a: Orthworm\n|-damage|p2a: Orthworm|72\/100\n|\n|upkeep\n|\n|t:|1684114308\n|switch|p1b: Orthworm|Orthworm, L50, M|75\/100\n|turn|9\n|\n|t:|1684114331\n|move|p2b: Espresso|Protect|p2b: Espresso\n|-singleturn|p2b: Espresso|Protect\n|move|p1a: Ting-Lu|Earthquake|p2b: Espresso|[spread] \n|-activate|p2b: Espresso|move: Protect\n|-heal|p1b: Orthworm|100\/100|[from] ability: Earth Eater|[of] p1a: Ting-Lu\n|-heal|p2a: Orthworm|97\/100|[from] ability: Earth Eater|[of] p1a: Ting-Lu\n|move|p1b: Orthworm|Body Press|p2b: Espresso\n|-activate|p2b: Espresso|move: Protect\n|move|p2a: Orthworm|Body Press|p1a: Ting-Lu\n|-supereffective|p1a: Ting-Lu\n|-damage|p1a: Ting-Lu|10\/100\n|\n|-sideend|p2: vivian20|Reflect\n|upkeep\n|turn|10\n|inactive|RonJohn has 30 seconds left.\n|\n|t:|1684114361\n|move|p2b: Espresso|Extreme Speed|p1a: Ting-Lu\n|-damage|p1a: Ting-Lu|0 fnt\n|faint|p1a: Ting-Lu\n|move|p1b: Orthworm|Body Press|p2b: Espresso\n|-supereffective|p2b: Espresso\n|-damage|p2b: Espresso|0 fnt\n|faint|p2b: Espresso\n|move|p2a: Orthworm|Body Press|p1b: Orthworm\n|-supereffective|p1b: Orthworm\n|-crit|p1b: Orthworm\n|-damage|p1b: Orthworm|21\/100\n|\n|upkeep\n|\n|t:|1684114371\n|switch|p2b: Ting-Lu|Ting-Lu, L50|21\/100\n|-ability|p2b: Ting-Lu|Vessel of Ruin\n|turn|11\n|\n|t:|1684114386\n|move|p1b: Orthworm|Body Press|p2b: Ting-Lu\n|-supereffective|p2b: Ting-Lu\n|-damage|p2b: Ting-Lu|0 fnt\n|faint|p2b: Ting-Lu\n|move|p2a: Orthworm|Body Press|p1b: Orthworm\n|-supereffective|p1b: Orthworm\n|-damage|p1b: Orthworm|0 fnt\n|faint|p1b: Orthworm\n|\n|win|vivian20\n|raw|RonJohn's rating: 1306 → 1293<\/strong> (-13 for losing)\n|raw|vivian20's rating: 1425 → 1438<\/strong> (+13 for winning)\n|c|\u2606RonJohn|gg\n|l|\u2606vivian20\n","uploadtime":1684114420,"views":33,"p1id":"ronjohn","p2id":"vivian20","formatid":"gen9vgc2023regulationc","rating":1293,"private":0,"password":""}