{"id":"gen9vgc2023regulationc-1850993236","p1":"They34","p2":"Tempest brute","format":"[Gen 9] VGC 2023 Regulation C","log":"|j|\u2606They34\n|j|\u2606Tempest brute\n|t:|1682391331\n|gametype|doubles\n|player|p1|They34|ruinmaniac|\n|player|p2|Tempest brute|veteran|\n|teamsize|p1|6\n|teamsize|p2|5\n|gen|9\n|tier|[Gen 9] VGC 2023 Regulation C\n|rated|Tournament battle\n|rule|Species Clause: Limit one of each Pok\u00e9mon\n|rule|Item Clause: Limit one of each item\n|clearpoke\n|poke|p1|Iron Bundle, L50|\n|poke|p1|Dragonite, L50, M|\n|poke|p1|Bronzong, L50|\n|poke|p1|Flutter Mane, L50|\n|poke|p1|Amoonguss, L50, M|\n|poke|p1|Ting-Lu, L50|\n|poke|p2|Ting-Lu, L50|\n|poke|p2|Roaring Moon, L50|\n|poke|p2|Klefki, L50, M|\n|poke|p2|Skeledirge, L50, F|\n|poke|p2|Iron Bundle, L50|\n|teampreview|4\n|raw| Open Team Sheet for They34<\/summary>Iron Bundle @ Focus Sash Ability: Quark Drive Level: 50 Tera Type: Ghost - Taunt - Freeze-Dry - Hydro Pump - Protect Dragonite @ Lum Berry Ability: Multiscale Level: 50 Tera Type: Flying - Extreme Speed - Iron Head - Tera Blast - Protect Bronzong @ Leftovers Ability: Levitate Level: 50 Tera Type: Water - Iron Defense - Trick Room - Gyro Ball - Body Press Flutter Mane @ Life Orb Ability: Protosynthesis Level: 50 Tera Type: Fairy - Protect - Dazzling Gleam - Shadow Ball - Power Gem Amoonguss @ Sitrus Berry Ability: Regenerator Level: 50 Tera Type: Water - Rage Powder - Spore - Clear Smog - Pollen Puff Ting-Lu @ Choice Band Ability: Vessel of Ruin Level: 50 Tera Type: Dark - Earthquake - Stomping Tantrum - Heavy Slam - Stone Edge <\/details><\/div> Open Team Sheet for Tempest brute<\/summary>Ting-Lu @ Leftovers Ability: Vessel of Ruin Level: 50 Tera Type: Water - Body Press - Throat Chop - Whirlwind - Protect Roaring Moon @ Booster Energy Ability: Protosynthesis Level: 50 Tera Type: Flying - Substitute - Acrobatics - Jaw Lock - Protect Klefki @ Light Clay Ability: Prankster Level: 50 Tera Type: Water - Reflect - Light Screen - Thunder Wave - Dazzling Gleam Skeledirge @ Sitrus Berry Ability: Unaware Level: 50 Tera Type: Fairy - Will-O-Wisp - Torch Song - Shadow Ball - Slack Off Iron Bundle @ Safety Goggles Ability: Quark Drive Level: 50 Tera Type: Poison - Hydro Pump - Freeze-Dry - Flip Turn - Protect <\/details><\/div>\n|j| HisuianTestament\n|inactive|Battle timer is ON: inactive players will automatically lose when time's up. (requested by They34)\n|j|%Bright Size\n|\n|t:|1682391369\n|start\n|switch|p1a: Iron Bundle|Iron Bundle, L50|100\/100\n|switch|p1b: Flutter Mane|Flutter Mane, L50|100\/100\n|switch|p2a: Klefki|Klefki, L50, M|100\/100\n|switch|p2b: Skeledirge|Skeledirge, L50, F|100\/100\n|turn|1\n|inactive|They34 has 30 seconds left.\n|l|%Bright Size\n|\n|t:|1682391401\n|move|p2a: Klefki|Light Screen|p2a: Klefki\n|-sidestart|p2: Tempest brute|move: Light Screen\n|move|p1a: Iron Bundle|Taunt|p2a: Klefki\n|-start|p2a: Klefki|move: Taunt\n|move|p1b: Flutter Mane|Shadow Ball|p2b: Skeledirge\n|-supereffective|p2b: Skeledirge\n|-crit|p2b: Skeledirge\n|-damage|p2b: Skeledirge|0 fnt\n|faint|p2b: Skeledirge\n|-damage|p1b: Flutter Mane|91\/100|[from] item: Life Orb\n|\n|upkeep\n|c|\u2606Tempest brute|why\n|c| HisuianTestament|That crit tho\n|c|\u2606Tempest brute|critical hits\n|\n|t:|1682391420\n|switch|p2b: Ting-Lu|Ting-Lu, L50|100\/100\n|-ability|p2b: Ting-Lu|Vessel of Ruin\n|turn|2\n|\n|t:|1682391432\n|-terastallize|p2b: Ting-Lu|Water\n|move|p1a: Iron Bundle|Freeze-Dry|p2b: Ting-Lu\n|-supereffective|p2b: Ting-Lu\n|-damage|p2b: Ting-Lu|76\/100\n|-status|p2b: Ting-Lu|frz\n|move|p1b: Flutter Mane|Dazzling Gleam|p2b: Ting-Lu|[spread] p2a,p2b\n|-resisted|p2a: Klefki\n|-damage|p2a: Klefki|91\/100\n|-damage|p2b: Ting-Lu|64\/100 frz\n|-damage|p1b: Flutter Mane|81\/100|[from] item: Life Orb\n|move|p2a: Klefki|Dazzling Gleam|p1b: Flutter Mane|[spread] p1a,p1b\n|-damage|p1a: Iron Bundle|75\/100\n|-damage|p1b: Flutter Mane|70\/100\n|cant|p2b: Ting-Lu|frz\n|\n|-heal|p2b: Ting-Lu|70\/100 frz|[from] item: Leftovers\n|upkeep\n|turn|3\n|j|%Bright Size\n|c|\u2606Tempest brute|WHY\n|inactive|Tempest brute has 30 seconds left.\n|\n|t:|1682391464\n|move|p1a: Iron Bundle|Freeze-Dry|p2b: Ting-Lu\n|-supereffective|p2b: Ting-Lu\n|-damage|p2b: Ting-Lu|42\/100 frz\n|move|p1b: Flutter Mane|Dazzling Gleam|p2b: Ting-Lu|[spread] p2a,p2b\n|-resisted|p2a: Klefki\n|-damage|p2a: Klefki|83\/100\n|-damage|p2b: Ting-Lu|30\/100 frz\n|-damage|p1b: Flutter Mane|60\/100|[from] item: Life Orb\n|move|p2a: Klefki|Dazzling Gleam|p1a: Iron Bundle|[spread] p1a,p1b\n|-damage|p1a: Iron Bundle|47\/100\n|-damage|p1b: Flutter Mane|49\/100\n|cant|p2b: Ting-Lu|frz\n|\n|-heal|p2b: Ting-Lu|37\/100 frz|[from] item: Leftovers\n|upkeep\n|turn|4\n|\n|t:|1682391483\n|cant|p2b: Ting-Lu|frz\n|move|p1a: Iron Bundle|Freeze-Dry|p2b: Ting-Lu\n|-supereffective|p2b: Ting-Lu\n|-damage|p2b: Ting-Lu|13\/100 frz\n|move|p1b: Flutter Mane|Dazzling Gleam|p2a: Klefki|[spread] p2a,p2b\n|-resisted|p2a: Klefki\n|-damage|p2a: Klefki|75\/100\n|-damage|p2b: Ting-Lu|1\/100 frz\n|-damage|p1b: Flutter Mane|39\/100|[from] item: Life Orb\n|move|p2a: Klefki|Dazzling Gleam|p1b: Flutter Mane|[spread] p1a,p1b\n|-damage|p1a: Iron Bundle|19\/100\n|-damage|p1b: Flutter Mane|27\/100\n|\n|-heal|p2b: Ting-Lu|7\/100 frz|[from] item: Leftovers\n|-end|p2a: Klefki|move: Taunt\n|upkeep\n|turn|5\n|\n|t:|1682391498\n|cant|p2b: Ting-Lu|frz\n|move|p1a: Iron Bundle|Freeze-Dry|p2b: Ting-Lu\n|-supereffective|p2b: Ting-Lu\n|-damage|p2b: Ting-Lu|0 fnt\n|faint|p2b: Ting-Lu\n|move|p1b: Flutter Mane|Shadow Ball|p2a: Klefki\n|-damage|p2a: Klefki|44\/100\n|-damage|p1b: Flutter Mane|17\/100|[from] item: Life Orb\n|move|p2a: Klefki|Dazzling Gleam|p1b: Flutter Mane|[spread] p1a,p1b\n|-damage|p1a: Iron Bundle|0 fnt\n|-damage|p1b: Flutter Mane|2\/100\n|faint|p1a: Iron Bundle\n|-end|p1a: Iron Bundle|Quark Drive|[silent]\n|\n|upkeep\n|\n|t:|1682391517\n|switch|p1a: Bronzong|Bronzong, L50|100\/100\n|switch|p2b: Iron Bundle|Iron Bundle, L50|100\/100\n|turn|6\n|\n|t:|1682391526\n|move|p2b: Iron Bundle|Protect|p2b: Iron Bundle\n|-singleturn|p2b: Iron Bundle|Protect\n|move|p1b: Flutter Mane|Shadow Ball|p2b: Iron Bundle\n|-activate|p2b: Iron Bundle|move: Protect\n|move|p2a: Klefki|Dazzling Gleam|p1a: Bronzong|[spread] p1a,p1b\n|-resisted|p1a: Bronzong\n|-damage|p1a: Bronzong|94\/100\n|-damage|p1b: Flutter Mane|0 fnt\n|faint|p1b: Flutter Mane\n|-end|p1b: Flutter Mane|Protosynthesis|[silent]\n|move|p1a: Bronzong|Trick Room|p1a: Bronzong\n|-fieldstart|move: Trick Room|[of] p1a: Bronzong\n|\n|-heal|p1a: Bronzong|99\/100|[from] item: Leftovers\n|upkeep\n|\n|t:|1682391538\n|switch|p1b: Ting-Lu|Ting-Lu, L50|100\/100\n|-ability|p1b: Ting-Lu|Vessel of Ruin\n|turn|7\n|\n|t:|1682391547\n|move|p2a: Klefki|Reflect|p2a: Klefki\n|-sidestart|p2: Tempest brute|Reflect\n|move|p1a: Bronzong|Body Press|p2b: Iron Bundle\n|-supereffective|p2b: Iron Bundle\n|-damage|p2b: Iron Bundle|73\/100\n|move|p1b: Ting-Lu|Earthquake|p2b: Iron Bundle|[spread] p2a,p2b\n|-immune|p1a: Bronzong|[from] ability: Levitate\n|-supereffective|p2a: Klefki\n|-damage|p2a: Klefki|0 fnt\n|-damage|p2b: Iron Bundle|40\/100\n|faint|p2a: Klefki\n|move|p2b: Iron Bundle|Freeze-Dry|p1b: Ting-Lu\n|-supereffective|p1b: Ting-Lu\n|-damage|p1b: Ting-Lu|70\/100\n|\n|-heal|p1a: Bronzong|100\/100|[from] item: Leftovers\n|upkeep\n|turn|8\n|j| Draco Jack17\n|\n|t:|1682391563\n|move|p2b: Iron Bundle|Protect|p2b: Iron Bundle\n|-singleturn|p2b: Iron Bundle|Protect\n|move|p1a: Bronzong|Body Press|p2b: Iron Bundle\n|-activate|p2b: Iron Bundle|move: Protect\n|move|p1b: Ting-Lu|Earthquake|p2b: Iron Bundle|[spread] \n|-activate|p2b: Iron Bundle|move: Protect\n|-immune|p1a: Bronzong|[from] ability: Levitate\n|\n|-sideend|p2: Tempest brute|move: Light Screen\n|upkeep\n|turn|9\n|\n|t:|1682391575\n|move|p2b: Iron Bundle|Protect||[still]\n|-fail|p2b: Iron Bundle\n|move|p1a: Bronzong|Body Press|p2b: Iron Bundle\n|-supereffective|p2b: Iron Bundle\n|-damage|p2b: Iron Bundle|9\/100\n|move|p1b: Ting-Lu|Earthquake|p2b: Iron Bundle|[spread] p2b\n|-immune|p1a: Bronzong|[from] ability: Levitate\n|-damage|p2b: Iron Bundle|0 fnt\n|faint|p2b: Iron Bundle\n|-end|p2b: Iron Bundle|Quark Drive|[silent]\n|\n|win|They34\n|n|\u2606They34|they34\n|n|\u2606Tempest brute|tempestbrute\n|n| HisuianTestament|hisuiantestament\n|n| Bright Size|brightsize\n|n| Draco Jack17|dracojack17\n|c|\u2606Tempest brute|win this tourn\n","uploadtime":1682391584,"views":7,"p1id":"they34","p2id":"tempestbrute","formatid":"gen9vgc2023regulationc","rating":0,"private":0,"password":""}