{"id":"gen9vgc2023regulationc-1856959615","p1":"KewlTheo","p2":"Fake_pinkmilk","format":"[Gen 9] VGC 2023 Regulation C","log":"|j|\u2606KewlTheo\n|j|\u2606Fake_pinkmilk\n|t:|1683130640\n|gametype|doubles\n|player|p1|KewlTheo|morty|1081\n|player|p2|Fake_pinkmilk|1|1077\n|teamsize|p1|6\n|teamsize|p2|6\n|gen|9\n|tier|[Gen 9] VGC 2023 Regulation C\n|rated|\n|rule|Species Clause: Limit one of each Pok\u00e9mon\n|rule|Item Clause: Limit one of each item\n|clearpoke\n|poke|p1|Gallade, L50, M|\n|poke|p1|Tinkaton, L50, F|\n|poke|p1|Chi-Yu, L50|\n|poke|p1|Breloom, L50, F|\n|poke|p1|Floatzel, L50, M|\n|poke|p1|Murkrow, L50, F|\n|poke|p2|Chien-Pao, L50|\n|poke|p2|Kingambit, L50, M|\n|poke|p2|Mimikyu, L50, M|\n|poke|p2|Gastrodon, L50, F|\n|poke|p2|Abomasnow, L50, M|\n|poke|p2|Breloom, L50, M|\n|teampreview|4\n|\n|t:|1683130667\n|start\n|switch|p1a: Chi-Yu|Chi-Yu, L50|100\/100\n|switch|p1b: Breloom|Breloom, L50, F|100\/100\n|switch|p2a: Breloom|Breloom, L50, M|100\/100\n|switch|p2b: Mimikyu|Mimikyu, L50, M, shiny|100\/100\n|-ability|p1a: Chi-Yu|Beads of Ruin\n|turn|1\n|\n|t:|1683130688\n|switch|p2a: Gastrodon|Gastrodon, L50, F|100\/100\n|move|p1b: Breloom|Mach Punch|p2a: Gastrodon\n|-damage|p2a: Gastrodon|45\/100\n|move|p1a: Chi-Yu|Heat Wave|p2b: Mimikyu|[spread] p2a,p2b\n|-resisted|p2a: Gastrodon\n|-damage|p2a: Gastrodon|14\/100\n|-activate|p2b: Mimikyu|ability: Disguise\n|-damage|p2b: Mimikyu|100\/100\n|-status|p2b: Mimikyu|brn\n|detailschange|p2b: Mimikyu|Mimikyu-Busted, L50, M, shiny\n|-damage|p2b: Mimikyu|88\/100 brn|[from] pokemon: Mimikyu-Busted\n|move|p2b: Mimikyu|Trick Room|p2b: Mimikyu\n|-fieldstart|move: Trick Room|[of] p2b: Mimikyu\n|\n|-heal|p2a: Gastrodon|20\/100|[from] item: Leftovers\n|-damage|p2b: Mimikyu|82\/100 brn|[from] brn\n|upkeep\n|turn|2\n|\n|t:|1683130710\n|move|p1b: Breloom|Mach Punch|p2a: Gastrodon\n|-damage|p2a: Gastrodon|0 fnt\n|faint|p2a: Gastrodon\n|move|p2b: Mimikyu|Play Rough|p1b: Breloom\n|-supereffective|p1b: Breloom\n|-damage|p1b: Breloom|49\/100\n|move|p1a: Chi-Yu|Overheat|p2b: Mimikyu\n|-damage|p2b: Mimikyu|0 fnt\n|-unboost|p1a: Chi-Yu|spa|2\n|-enditem|p1a: Chi-Yu|White Herb\n|-clearnegativeboost|p1a: Chi-Yu|[silent]\n|faint|p2b: Mimikyu\n|\n|upkeep\n|\n|t:|1683130718\n|switch|p2a: Breloom|Breloom, L50, M|100\/100\n|switch|p2b: Abomasnow|Abomasnow, L50, M|100\/100\n|-weather|Snow|[from] ability: Snow Warning|[of] p2b: Abomasnow\n|turn|3\n|\n|t:|1683130732\n|-terastallize|p2b: Abomasnow|Water\n|move|p2a: Breloom|Mach Punch|p1b: Breloom\n|-damage|p1b: Breloom|24\/100\n|move|p1b: Breloom|Mach Punch|p2b: Abomasnow\n|-damage|p2b: Abomasnow|45\/100\n|move|p2b: Abomasnow|Tera Blast|p1a: Chi-Yu\n|-supereffective|p1a: Chi-Yu\n|-damage|p1a: Chi-Yu|0 fnt\n|faint|p1a: Chi-Yu\n|-damage|p2b: Abomasnow|36\/100|[from] item: Life Orb\n|\n|-weather|Snow|[upkeep]\n|-status|p2a: Breloom|tox|[from] item: Toxic Orb\n|upkeep\n|\n|t:|1683130753\n|switch|p1a: Tinkaton|Tinkaton, L50, F|100\/100\n|-ability|p1a: Tinkaton|Mold Breaker\n|turn|4\n|\n|t:|1683130767\n|move|p1a: Tinkaton|Fake Out|p2a: Breloom\n|-damage|p2a: Breloom|92\/100 tox\n|move|p1b: Breloom|Mach Punch|p2b: Abomasnow\n|-damage|p2b: Abomasnow|0 fnt\n|faint|p2b: Abomasnow\n|cant|p2a: Breloom|flinch\n|\n|-weather|Snow|[upkeep]\n|-heal|p2a: Breloom|100\/100 tox|[from] ability: Poison Heal\n|upkeep\n|turn|5\n|\n|t:|1683130783\n|move|p1b: Breloom|Mach Punch|p2a: Breloom\n|-damage|p2a: Breloom|30\/100 tox\n|move|p2a: Breloom|Spore|p1a: Tinkaton\n|-status|p1a: Tinkaton|slp|[from] move: Spore\n|cant|p1a: Tinkaton|slp\n|\n|-weather|Snow|[upkeep]\n|-heal|p2a: Breloom|42\/100 tox|[from] ability: Poison Heal\n|-fieldend|move: Trick Room\n|upkeep\n|turn|6\n|\n|t:|1683130794\n|move|p1b: Breloom|Mach Punch|p2a: Breloom\n|-damage|p2a: Breloom|0 fnt\n|faint|p2a: Breloom\n|\n|win|KewlTheo\n|raw|KewlTheo's rating: 1081 → 1109<\/strong> (+28 for winning)\n|raw|Fake_pinkmilk's rating: 1077 → 1056<\/strong> (-21 for losing)\n|l|\u2606Fake_pinkmilk\n","uploadtime":1683130848,"views":16,"p1id":"kewltheo","p2id":"fakepinkmilk","formatid":"gen9vgc2023regulationc","rating":1056,"private":0,"password":""}