{"id":"gen9vgc2023regulationc-1852056120","p1":"Nuit1009","p2":"TeisonVGCBACK","format":"[Gen 9] VGC 2023 Regulation C","log":"|j|\u2606Nuit1009\n|j|\u2606TeisonVGCBACK\n|t:|1682520486\n|gametype|doubles\n|player|p1|Nuit1009|richboy|1084\n|player|p2|TeisonVGCBACK|169|1185\n|teamsize|p1|6\n|teamsize|p2|6\n|gen|9\n|tier|[Gen 9] VGC 2023 Regulation C\n|rated|\n|rule|Species Clause: Limit one of each Pok\u00e9mon\n|rule|Item Clause: Limit one of each item\n|clearpoke\n|poke|p1|Arcanine, L50, M|\n|poke|p1|Amoonguss, L50, M|\n|poke|p1|Flutter Mane, L50|\n|poke|p1|Ting-Lu, L50|\n|poke|p1|Palafin, L50, M|\n|poke|p1|Roaring Moon, L50|\n|poke|p2|Flutter Mane, L50|\n|poke|p2|Chi-Yu, L50|\n|poke|p2|Gastrodon-East, L50, M|\n|poke|p2|Corviknight, L50, M|\n|poke|p2|Garchomp, L50, M|\n|poke|p2|Iron Hands, L50|\n|teampreview|4\n|inactive|Battle timer is ON: inactive players will automatically lose when time's up. (requested by Nuit1009)\n|inactive|Nuit1009 has 60 seconds left.\n|inactive|TeisonVGCBACK has 60 seconds left.\n|\n|t:|1682520537\n|start\n|switch|p1a: Flutter Mane|Flutter Mane, L50|100\/100\n|switch|p1b: Palafin|Palafin, L50, M|100\/100\n|switch|p2a: Flutter Mane|Flutter Mane, L50|100\/100\n|switch|p2b: Corviknight|Corviknight, L50, M|100\/100\n|-enditem|p2a: Flutter Mane|Booster Energy\n|-activate|p2a: Flutter Mane|ability: Protosynthesis|[fromitem]\n|-start|p2a: Flutter Mane|protosynthesisspe\n|turn|1\n|inactive|Nuit1009 has 30 seconds left.\n|\n|t:|1682520571\n|-terastallize|p1b: Palafin|Water\n|move|p2a: Flutter Mane|Protect|p2a: Flutter Mane\n|-singleturn|p2a: Flutter Mane|Protect\n|move|p1a: Flutter Mane|Thunderbolt|p2b: Corviknight\n|-supereffective|p2b: Corviknight\n|-crit|p2b: Corviknight\n|-damage|p2b: Corviknight|0 fnt\n|faint|p2b: Corviknight\n|move|p1b: Palafin|Wave Crash|p2a: Flutter Mane\n|-activate|p2a: Flutter Mane|move: Protect\n|\n|upkeep\n|\n|t:|1682520583\n|switch|p2b: Chi-Yu|Chi-Yu, L50|100\/100\n|-ability|p2b: Chi-Yu|Beads of Ruin\n|turn|2\n|\n|t:|1682520598\n|-end|p1a: Flutter Mane|Protosynthesis|[silent]\n|switch|p1a: Ting-Lu|Ting-Lu, L50|100\/100\n|-ability|p1a: Ting-Lu|Vessel of Ruin\n|switch|p2b: Gastrodon|Gastrodon-East, L50, M|100\/100\n|-terastallize|p2a: Flutter Mane|Fairy\n|move|p2a: Flutter Mane|Shadow Ball|p1a: Ting-Lu\n|-resisted|p1a: Ting-Lu\n|-damage|p1a: Ting-Lu|94\/100\n|move|p1b: Palafin|Wave Crash|p2b: Gastrodon\n|-ability|p2b: Gastrodon|Storm Drain|boost\n|-boost|p2b: Gastrodon|spa|1\n|\n|upkeep\n|turn|3\n|inactive|Nuit1009 has 30 seconds left.\n|inactive|Nuit1009 has 20 seconds left.\n|\n|t:|1682520634\n|move|p2a: Flutter Mane|Moonblast|p1a: Ting-Lu\n|-supereffective|p1a: Ting-Lu\n|-damage|p1a: Ting-Lu|49\/100\n|move|p1b: Palafin|Wave Crash|p2b: Gastrodon\n|-activate|p2b: Gastrodon|ability: Storm Drain\n|-ability|p2b: Gastrodon|Storm Drain|boost\n|-boost|p2b: Gastrodon|spa|1\n|move|p1a: Ting-Lu|Stomping Tantrum|p2b: Gastrodon\n|-damage|p2b: Gastrodon|67\/100\n|move|p2b: Gastrodon|Icy Wind|p1b: Palafin|[spread] p1b\n|-miss|p2b: Gastrodon|p1a: Ting-Lu\n|-resisted|p1b: Palafin\n|-damage|p1b: Palafin|90\/100\n|-unboost|p1b: Palafin|spe|1\n|\n|-heal|p2b: Gastrodon|74\/100|[from] item: Leftovers\n|upkeep\n|turn|4\n|inactive|Nuit1009 has 30 seconds left.\n|\n|t:|1682520663\n|move|p2a: Flutter Mane|Moonblast|p1a: Ting-Lu\n|-supereffective|p1a: Ting-Lu\n|-damage|p1a: Ting-Lu|10\/100\n|-unboost|p1a: Ting-Lu|spa|1\n|move|p1b: Palafin|Haze|p1b: Palafin\n|-clearallboost\n|move|p1a: Ting-Lu|Heavy Slam|p2a: Flutter Mane\n|-supereffective|p2a: Flutter Mane\n|-damage|p2a: Flutter Mane|0 fnt\n|faint|p2a: Flutter Mane\n|-end|p2a: Flutter Mane|Protosynthesis|[silent]\n|move|p2b: Gastrodon|Earth Power|p1b: Palafin\n|-damage|p1b: Palafin|54\/100\n|\n|-heal|p2b: Gastrodon|80\/100|[from] item: Leftovers\n|upkeep\n|\n|t:|1682520676\n|switch|p2a: Chi-Yu|Chi-Yu, L50|100\/100\n|-ability|p2a: Chi-Yu|Beads of Ruin\n|turn|5\n|\n|t:|1682520693\n|detailschange|p1b: Palafin|Palafin-Hero, L50, M, tera:Water\n|switch|p1b: Flutter Mane|Flutter Mane, L50|100\/100\n|switch|p1a: Arcanine|Arcanine, L50, M|100\/100\n|-ability|p1a: Arcanine|Intimidate|boost\n|-unboost|p2a: Chi-Yu|atk|1\n|-unboost|p2b: Gastrodon|atk|1\n|move|p2a: Chi-Yu|Dark Pulse|p1a: Arcanine\n|-damage|p1a: Arcanine|34\/100\n|move|p2b: Gastrodon|Icy Wind|p1b: Flutter Mane|[spread] p1a,p1b\n|-resisted|p1a: Arcanine\n|-damage|p1a: Arcanine|25\/100\n|-damage|p1b: Flutter Mane|86\/100\n|-unboost|p1a: Arcanine|spe|1\n|-unboost|p1b: Flutter Mane|spe|1\n|\n|-heal|p2b: Gastrodon|86\/100|[from] item: Leftovers\n|upkeep\n|turn|6\n|inactive|Nuit1009 has 30 seconds left.\n|inactive|Nuit1009 has 20 seconds left.\n|inactive|Nuit1009 has 15 seconds left.\n|\n|t:|1682520734\n|move|p1a: Arcanine|Extreme Speed|p2a: Chi-Yu\n|-damage|p2a: Chi-Yu|68\/100\n|move|p2a: Chi-Yu|Dark Pulse|p1b: Flutter Mane\n|-damage|p1b: Flutter Mane|24\/100\n|cant|p1b: Flutter Mane|flinch\n|move|p2b: Gastrodon|Earth Power|p1a: Arcanine\n|-supereffective|p1a: Arcanine\n|-damage|p1a: Arcanine|0 fnt\n|faint|p1a: Arcanine\n|\n|-heal|p2b: Gastrodon|92\/100|[from] item: Leftovers\n|upkeep\n|\n|t:|1682520746\n|switch|p1a: Palafin|Palafin-Hero, L50, M, tera:Water|54\/100\n|-activate|p1a: Palafin|ability: Zero to Hero\n|turn|7\n|\n|t:|1682520760\n|move|p1a: Palafin|Protect|p1a: Palafin\n|-singleturn|p1a: Palafin|Protect\n|move|p2a: Chi-Yu|Dark Pulse|p1b: Flutter Mane\n|-damage|p1b: Flutter Mane|0 fnt\n|faint|p1b: Flutter Mane\n|-end|p1b: Flutter Mane|Protosynthesis|[silent]\n|move|p2b: Gastrodon|Icy Wind|p1a: Palafin\n|-activate|p1a: Palafin|move: Protect\n|\n|-heal|p2b: Gastrodon|99\/100|[from] item: Leftovers\n|upkeep\n|\n|t:|1682520771\n|switch|p1b: Ting-Lu|Ting-Lu, L50|10\/100\n|-ability|p1b: Ting-Lu|Vessel of Ruin\n|turn|8\n|\n|t:|1682520789\n|move|p2b: Gastrodon|Protect|p2b: Gastrodon\n|-singleturn|p2b: Gastrodon|Protect\n|move|p2a: Chi-Yu|Dark Pulse|p1b: Ting-Lu\n|-resisted|p1b: Ting-Lu\n|-damage|p1b: Ting-Lu|0 fnt\n|faint|p1b: Ting-Lu\n|move|p1a: Palafin|Wave Crash|p2b: Gastrodon\n|-activate|p2b: Gastrodon|ability: Storm Drain\n|-activate|p2b: Gastrodon|move: Protect\n|\n|-heal|p2b: Gastrodon|100\/100|[from] item: Leftovers\n|upkeep\n|turn|9\n|-message|Nuit1009 forfeited.\n|\n|win|TeisonVGCBACK\n|raw|Nuit1009's rating: 1084 → 1068<\/strong> (-16 for losing)\n|raw|TeisonVGCBACK's rating: 1185 → 1203<\/strong> (+18 for winning)\n|l|\u2606Nuit1009\n","uploadtime":1682520811,"views":20,"p1id":"nuit1009","p2id":"teisonvgcback","formatid":"gen9vgc2023regulationc","rating":1068,"private":0,"password":""}