{"id":"gen9vgc2023regulationc-1861676754","p1":"LegendBtw","p2":"Spindaita","format":"[Gen 9] VGC 2023 Regulation C","log":"|j|\u2606LegendBtw\n|j|\u2606Spindaita\n|t:|1683792687\n|gametype|doubles\n|player|p1|LegendBtw|red-gen1|1311\n|player|p2|Spindaita|acerola-masters|1248\n|teamsize|p1|6\n|teamsize|p2|6\n|gen|9\n|tier|[Gen 9] VGC 2023 Regulation C\n|rated|\n|rule|Species Clause: Limit one of each Pok\u00e9mon\n|rule|Item Clause: Limit one of each item\n|clearpoke\n|poke|p1|Amoonguss, L50, M|\n|poke|p1|Ting-Lu, L50|\n|poke|p1|Arcanine, L50, F|\n|poke|p1|Palafin, L50, M|\n|poke|p1|Flutter Mane, L50|\n|poke|p1|Chien-Pao, L50|\n|poke|p2|Volcarona, L50, M|\n|poke|p2|Vaporeon, L50, M|\n|poke|p2|Amoonguss, L50, M|\n|poke|p2|Wo-Chien, L50|\n|poke|p2|Glimmora, L50, F|\n|poke|p2|Corviknight, L50, F|\n|teampreview|4\n|inactive|Battle timer is ON: inactive players will automatically lose when time's up. (requested by Spindaita)\nSpindaita has agreed to open team sheets.\n|inactive|LegendBtw has 60 seconds left.\nLegendBtw has agreed to open team sheets.\n|inactive|LegendBtw has 30 seconds left.\n|\n|t:|1683792748\n|start\n|switch|p1a: Palafin|Palafin, L50, M|100\/100\n|switch|p1b: Flutter Mane|Flutter Mane, L50|100\/100\n|switch|p2a: Corviknight|Corviknight, L50, F|100\/100\n|switch|p2b: Glimmora|Glimmora, L50, F|100\/100\n|turn|1\n|\n|t:|1683792768\n|switch|p2b: Wo-Chien|Wo-Chien, L50|100\/100\n|-ability|p2b: Wo-Chien|Tablets of Ruin\n|move|p1b: Flutter Mane|Shadow Ball|p2b: Wo-Chien\n|-resisted|p2b: Wo-Chien\n|-damage|p2b: Wo-Chien|80\/100\n|-unboost|p2b: Wo-Chien|spd|1\n|move|p1a: Palafin|Wave Crash|p2b: Wo-Chien\n|-resisted|p2b: Wo-Chien\n|-damage|p2b: Wo-Chien|66\/100\n|-damage|p1a: Palafin|96\/100|[from] Recoil\n|move|p2a: Corviknight|Iron Head|p1b: Flutter Mane\n|-supereffective|p1b: Flutter Mane\n|-damage|p1b: Flutter Mane|46\/100\n|\n|upkeep\n|turn|2\n|\n|t:|1683792790\n|-end|p1b: Flutter Mane|Protosynthesis|[silent]\n|switch|p1b: Amoonguss|Amoonguss, L50, M|100\/100\n|move|p1a: Palafin|Protect|p1a: Palafin\n|-singleturn|p1a: Palafin|Protect\n|move|p2b: Wo-Chien|Leech Seed|p1a: Palafin\n|-activate|p1a: Palafin|move: Protect\n|move|p2a: Corviknight|Iron Head|p1b: Amoonguss\n|-damage|p1b: Amoonguss|85\/100\n|\n|upkeep\n|turn|3\n|\n|t:|1683792803\n|detailschange|p1a: Palafin|Palafin-Hero, L50, M\n|switch|p1a: Flutter Mane|Flutter Mane, L50|46\/100\n|move|p2b: Wo-Chien|Leech Seed|p1a: Flutter Mane\n|-start|p1a: Flutter Mane|move: Leech Seed\n|move|p2a: Corviknight|Bulk Up|p2a: Corviknight\n|-boost|p2a: Corviknight|atk|1\n|-boost|p2a: Corviknight|def|1\n|move|p1b: Amoonguss|Pollen Puff|p1a: Flutter Mane\n|-heal|p1a: Flutter Mane|96\/100\n|\n|-damage|p1a: Flutter Mane|84\/100|[from] Leech Seed|[of] p2b: Wo-Chien\n|-heal|p2b: Wo-Chien|75\/100|[silent]\n|upkeep\n|turn|4\n|\n|t:|1683792814\n|switch|p2b: Glimmora|Glimmora, L50, F|100\/100\n|move|p1a: Flutter Mane|Thunderbolt|p2a: Corviknight\n|-supereffective|p2a: Corviknight\n|-damage|p2a: Corviknight|40\/100\n|move|p2a: Corviknight|Iron Head|p1a: Flutter Mane\n|-supereffective|p1a: Flutter Mane\n|-damage|p1a: Flutter Mane|0 fnt\n|faint|p1a: Flutter Mane\n|-end|p1a: Flutter Mane|Protosynthesis|[silent]\n|move|p1b: Amoonguss|Spore|p2a: Corviknight\n|-status|p2a: Corviknight|slp|[from] move: Spore\n|\n|upkeep\n|\n|t:|1683792825\n|switch|p1a: Palafin|Palafin-Hero, L50, M|96\/100\n|-activate|p1a: Palafin|ability: Zero to Hero\n|turn|5\n|\n|t:|1683792844\n|switch|p2b: Wo-Chien|Wo-Chien, L50|75\/100\n|-ability|p2b: Wo-Chien|Tablets of Ruin\n|-terastallize|p1a: Palafin|Water\n|move|p1a: Palafin|Jet Punch|p2b: Wo-Chien\n|-resisted|p2b: Wo-Chien\n|-damage|p2b: Wo-Chien|58\/100\n|cant|p2a: Corviknight|slp\n|move|p1b: Amoonguss|Pollen Puff|p2b: Wo-Chien\n|-supereffective|p2b: Wo-Chien\n|-damage|p2b: Wo-Chien|6\/100\n|-enditem|p2b: Wo-Chien|Aguav Berry|[eat]\n|-heal|p2b: Wo-Chien|40\/100|[from] item: Aguav Berry\n|\n|upkeep\n|turn|6\n|\n|t:|1683792864\n|move|p1a: Palafin|Wave Crash|p2a: Corviknight\n|-damage|p2a: Corviknight|0 fnt\n|faint|p2a: Corviknight\n|-damage|p1a: Palafin|83\/100|[from] Recoil\n|move|p2b: Wo-Chien|Leech Seed|p1a: Palafin\n|-start|p1a: Palafin|move: Leech Seed\n|move|p1b: Amoonguss|Pollen Puff|p2b: Wo-Chien\n|-supereffective|p2b: Wo-Chien\n|-damage|p2b: Wo-Chien|0 fnt\n|faint|p2b: Wo-Chien\n|\n|upkeep\n|\n|t:|1683792869\n|switch|p2b: Volcarona|Volcarona, L50, M|100\/100\n|switch|p2a: Glimmora|Glimmora, L50, F|100\/100\n|turn|7\n|\n|t:|1683792888\n|-terastallize|p2b: Volcarona|Grass\n|move|p1a: Palafin|Jet Punch|p2a: Glimmora\n|-supereffective|p2a: Glimmora\n|-damage|p2a: Glimmora|0 fnt\n|-activate|p2a: Glimmora|ability: Toxic Debris\n|-sidestart|p1: LegendBtw|move: Toxic Spikes\n|faint|p2a: Glimmora\n|move|p2b: Volcarona|Quiver Dance|p2b: Volcarona\n|-boost|p2b: Volcarona|spa|1\n|-boost|p2b: Volcarona|spd|1\n|-boost|p2b: Volcarona|spe|1\n|move|p1b: Amoonguss|Pollen Puff|p2b: Volcarona\n|-supereffective|p2b: Volcarona\n|-damage|p2b: Volcarona|80\/100\n|\n|-damage|p1a: Palafin|71\/100|[from] Leech Seed|[of] p2b: Volcarona\n|-heal|p2b: Volcarona|93\/100|[silent]\n|upkeep\n|turn|8\n|inactive|LegendBtw has 30 seconds left.\n|\n|t:|1683792918\n|move|p2b: Volcarona|Heat Wave|p1a: Palafin|[spread] p1a,p1b\n|-resisted|p1a: Palafin\n|-supereffective|p1b: Amoonguss\n|-damage|p1a: Palafin|48\/100\n|-damage|p1b: Amoonguss|9\/100\n|-enditem|p1b: Amoonguss|Sitrus Berry|[eat]\n|-heal|p1b: Amoonguss|34\/100|[from] item: Sitrus Berry\n|move|p1a: Palafin|Wave Crash|p2b: Volcarona\n|-resisted|p2b: Volcarona\n|-damage|p2b: Volcarona|36\/100\n|-status|p1a: Palafin|brn|[from] ability: Flame Body|[of] p2b: Volcarona\n|-damage|p1a: Palafin|30\/100 brn|[from] Recoil\n|move|p1b: Amoonguss|Pollen Puff|p2b: Volcarona\n|-supereffective|p2b: Volcarona\n|-damage|p2b: Volcarona|16\/100\n|\n|-damage|p1a: Palafin|18\/100 brn|[from] Leech Seed|[of] p2b: Volcarona\n|-heal|p2b: Volcarona|29\/100|[silent]\n|-damage|p1a: Palafin|12\/100 brn|[from] brn\n|upkeep\n|turn|9\n|\n|t:|1683792930\n|move|p2b: Volcarona|Protect|p2b: Volcarona\n|-singleturn|p2b: Volcarona|Protect\n|move|p1a: Palafin|Jet Punch|p2b: Volcarona\n|-activate|p2b: Volcarona|move: Protect\n|move|p1b: Amoonguss|Pollen Puff|p2b: Volcarona\n|-activate|p2b: Volcarona|move: Protect\n|\n|-damage|p1a: Palafin|0 fnt|[from] Leech Seed|[of] p2b: Volcarona\n|-heal|p2b: Volcarona|41\/100|[silent]\n|faint|p1a: Palafin\n|upkeep\n|\n|t:|1683792932\n|switch|p1a: Chien-Pao|Chien-Pao, L50|100\/100\n|-status|p1a: Chien-Pao|psn\n|-ability|p1a: Chien-Pao|Sword of Ruin\n|turn|10\n|\n|t:|1683792937\n|move|p1a: Chien-Pao|Ice Spinner|p2b: Volcarona\n|-supereffective|p2b: Volcarona\n|-damage|p2b: Volcarona|0 fnt\n|faint|p2b: Volcarona\n|\n|win|LegendBtw\n|raw|LegendBtw's rating: 1311 → 1327<\/strong> (+16 for winning)\n|raw|Spindaita's rating: 1248 → 1227<\/strong> (-21 for losing)\n|l|\u2606Spindaita\n","uploadtime":1683792945,"views":17,"p1id":"legendbtw","p2id":"spindaita","formatid":"gen9vgc2023regulationc","rating":1227,"private":0,"password":""}