{"id":"gen9vgc2023regulationc-1861177882","p1":"Zifkar","p2":"CyclusHatake","format":"[Gen 9] VGC 2023 Regulation C","log":"|j|\u2606Zifkar\n|j|\u2606CyclusHatake\n|t:|1683733365\n|gametype|doubles\n|player|p1|Zifkar|plasmagruntf|\n|player|p2|CyclusHatake|102|\n|teamsize|p1|6\n|teamsize|p2|6\n|gen|9\n|tier|[Gen 9] VGC 2023 Regulation C\n|rule|Species Clause: Limit one of each Pok\u00e9mon\n|rule|Item Clause: Limit one of each item\n|clearpoke\n|poke|p1|Pincurchin, L50, F|\n|poke|p1|Hatterene, L50, F|\n|poke|p1|Clodsire, L50, M|\n|poke|p1|Greedent, L50, F|\n|poke|p1|Torkoal, L50, M|\n|poke|p1|Coalossal, L50, F|\n|poke|p2|Meowscarada, L50, F|\n|poke|p2|Indeedee-F, L50, F|\n|poke|p2|Armarouge, L50, F|\n|poke|p2|Gardevoir, L50, M|\n|poke|p2|Ting-Lu, L50|\n|poke|p2|Orthworm, L50, M|\n|teampreview|4\n|\n|t:|1683733381\n|start\n|switch|p1a: Hatterene|Hatterene, L50, F|100\/100\n|switch|p1b: Greedent|Greedent, L50, F|100\/100\n|switch|p2a: Ting-Lu|Ting-Lu, L50|100\/100\n|switch|p2b: Indeedee|Indeedee-F, L50, F|100\/100\n|-fieldstart|move: Psychic Terrain|[from] ability: Psychic Surge|[of] p2b: Indeedee\n|-ability|p2a: Ting-Lu|Vessel of Ruin\n|turn|1\n|\n|t:|1683733405\n|move|p2a: Ting-Lu|Fissure|p1a: Hatterene|[miss]\n|-miss|p2a: Ting-Lu|p1a: Hatterene\n|move|p1b: Greedent|Counter||[still]\n|-fail|p1b: Greedent\n|move|p2b: Indeedee|Trick Room|p2b: Indeedee\n|-fieldstart|move: Trick Room|[of] p2b: Indeedee\n|move|p1a: Hatterene|Trick Room|p1a: Hatterene\n|-fieldend|move: Trick Room\n|\n|upkeep\n|turn|2\n|\n|t:|1683733420\n|move|p2a: Ting-Lu|Stomping Tantrum|p1a: Hatterene\n|-damage|p1a: Hatterene|18\/100\n|move|p1a: Hatterene|Calm Mind|p1a: Hatterene\n|-boost|p1a: Hatterene|spa|1\n|-boost|p1a: Hatterene|spd|1\n|move|p1b: Greedent|Crunch|p2b: Indeedee\n|-supereffective|p2b: Indeedee\n|-damage|p2b: Indeedee|45\/100\n|move|p2b: Indeedee|Trick Room|p2b: Indeedee\n|-fieldstart|move: Trick Room|[of] p2b: Indeedee\n|\n|upkeep\n|turn|3\n|\n|t:|1683733437\n|move|p2b: Indeedee|Protect|p2b: Indeedee\n|-singleturn|p2b: Indeedee|Protect\n|move|p1b: Greedent|Crunch|p2b: Indeedee\n|-activate|p2b: Indeedee|move: Protect\n|move|p1a: Hatterene|Baton Pass|p1a: Hatterene\n|\n|t:|1683733452\n|switch|p1a: Pincurchin|Pincurchin, L50, F|100\/100|[from] Baton Pass\n|move|p2a: Ting-Lu|Heavy Slam|p1a: Pincurchin\n|-resisted|p1a: Pincurchin\n|-damage|p1a: Pincurchin|78\/100\n|\n|upkeep\n|turn|4\n|c|\u2606CyclusHatake|your good\n|\n|t:|1683733478\n|-terastallize|p1a: Pincurchin|Flying\n|move|p1a: Pincurchin|Curse|p1a: Pincurchin\n|-unboost|p1a: Pincurchin|spe|1\n|-boost|p1a: Pincurchin|atk|1\n|-boost|p1a: Pincurchin|def|1\n|move|p1b: Greedent|Crunch|p2b: Indeedee\n|-supereffective|p2b: Indeedee\n|-damage|p2b: Indeedee|0 fnt\n|faint|p2b: Indeedee\n|move|p2a: Ting-Lu|Stomping Tantrum|p1a: Pincurchin\n|-immune|p1a: Pincurchin\n|\n|upkeep\n|\n|t:|1683733491\n|switch|p2b: Gardevoir|Gardevoir, L50, M, shiny|100\/100\n|turn|5\n|\n|t:|1683733504\n|move|p1a: Pincurchin|Zing Zap|p2b: Gardevoir\n|-damage|p2b: Gardevoir|23\/100\n|move|p1b: Greedent|Crunch|p2b: Gardevoir\n|-crit|p2b: Gardevoir\n|-damage|p2b: Gardevoir|0 fnt\n|faint|p2b: Gardevoir\n|move|p2a: Ting-Lu|Ruination|p1a: Pincurchin\n|-damage|p1a: Pincurchin|39\/100\n|\n|-fieldend|move: Psychic Terrain\n|upkeep\n|\n|t:|1683733515\n|switch|p2b: Meowscarada|Meowscarada, L50, F|100\/100\n|-enditem|p2b: Meowscarada|Room Service\n|-unboost|p2b: Meowscarada|spe|1|[from] item: Room Service\n|turn|6\n|\n|t:|1683733540\n|move|p1a: Pincurchin|Body Slam|p2a: Ting-Lu\n|-damage|p2a: Ting-Lu|76\/100\n|move|p2a: Ting-Lu|Heavy Slam|p1a: Pincurchin\n|-damage|p1a: Pincurchin|4\/100\n|-enditem|p1a: Pincurchin|Figy Berry|[eat]\n|-heal|p1a: Pincurchin|37\/100|[from] item: Figy Berry\n|move|p2b: Meowscarada|Flower Trick|p1b: Greedent\n|-start|p2b: Meowscarada|typechange|Grass|[from] ability: Protean\n|-crit|p1b: Greedent\n|-damage|p1b: Greedent|77\/100\n|move|p1b: Greedent|Counter|p2b: Meowscarada\n|-damage|p2b: Meowscarada|41\/100\n|\n|-fieldend|move: Trick Room\n|upkeep\n|turn|7\n|\n|t:|1683733569\n|move|p2a: Ting-Lu|Heavy Slam|p1a: Pincurchin\n|-damage|p1a: Pincurchin|7\/100\n|move|p1a: Pincurchin|Zing Zap|p2b: Meowscarada\n|-resisted|p2b: Meowscarada\n|-damage|p2b: Meowscarada|0 fnt\n|faint|p2b: Meowscarada\n|move|p1b: Greedent|Counter||[still]\n|-fail|p1b: Greedent\n|\n|upkeep\n|turn|8\n|\n|t:|1683733587\n|move|p1a: Pincurchin|Protect|p1a: Pincurchin\n|-singleturn|p1a: Pincurchin|Protect\n|move|p2a: Ting-Lu|Fissure|p1b: Greedent\n|-damage|p1b: Greedent|0 fnt\n|faint|p1b: Greedent\n|-ohko\n|\n|upkeep\n|\n|t:|1683733595\n|switch|p1b: Clodsire|Clodsire, L50, M|100\/100\n|turn|9\n|\n|t:|1683733607\n|move|p2a: Ting-Lu|Fissure|p1b: Clodsire|[miss]\n|-miss|p2a: Ting-Lu|p1b: Clodsire\n|move|p1b: Clodsire|Earthquake|p2a: Ting-Lu|[spread] p2a\n|-immune|p1a: Pincurchin\n|-damage|p2a: Ting-Lu|60\/100\n|move|p1a: Pincurchin|Body Slam|p2a: Ting-Lu\n|-damage|p2a: Ting-Lu|36\/100\n|\n|upkeep\n|turn|10\n|\n|t:|1683733623\n|move|p1a: Pincurchin|Protect|p1a: Pincurchin\n|-singleturn|p1a: Pincurchin|Protect\n|move|p2a: Ting-Lu|Fissure|p1b: Clodsire|[miss]\n|-miss|p2a: Ting-Lu|p1b: Clodsire\n|move|p1b: Clodsire|Rain Dance|p1b: Clodsire\n|-weather|RainDance\n|\n|-weather|RainDance|[upkeep]\n|upkeep\n|turn|11\n|\n|t:|1683733652\n|move|p2a: Ting-Lu|Stomping Tantrum|p1b: Clodsire\n|-supereffective|p1b: Clodsire\n|-damage|p1b: Clodsire|0 fnt\n|faint|p1b: Clodsire\n|move|p1a: Pincurchin|Body Slam|p2a: Ting-Lu\n|-damage|p2a: Ting-Lu|14\/100\n|\n|-weather|RainDance|[upkeep]\n|upkeep\n|c|\u2606CyclusHatake|ting lu v the world\n|\n|t:|1683733661\n|switch|p1b: Hatterene|Hatterene, L50, F|18\/100\n|turn|12\n|\n|t:|1683733668\n|-terastallize|p2a: Ting-Lu|Steel\n|move|p2a: Ting-Lu|Heavy Slam|p1b: Hatterene\n|-supereffective|p1b: Hatterene\n|-damage|p1b: Hatterene|0 fnt\n|faint|p1b: Hatterene\n|move|p1a: Pincurchin|Body Slam|p2a: Ting-Lu\n|-resisted|p2a: Ting-Lu\n|-damage|p2a: Ting-Lu|3\/100\n|\n|-weather|RainDance|[upkeep]\n|upkeep\n|turn|13\n|\n|t:|1683733679\n|move|p2a: Ting-Lu|Heavy Slam|p1a: Pincurchin\n|-damage|p1a: Pincurchin|0 fnt\n|faint|p1a: Pincurchin\n|\n|win|CyclusHatake\n|c|\u2606CyclusHatake|no way\n|c|\u2606Zifkar|Damnnn\n|c|\u2606CyclusHatake|that was cluthc\n|c|\u2606Zifkar|Fr lol\n|c|\u2606CyclusHatake|fruends\n|c|\u2606CyclusHatake|?\n|c|\u2606Zifkar|Sure lol\n|c|\u2606CyclusHatake|sorry\n|c|\u2606CyclusHatake|cya\n|c|\u2606CyclusHatake|around\n","uploadtime":1683733733,"views":11,"p1id":"zifkar","p2id":"cyclushatake","formatid":"gen9vgc2023regulationc","rating":0,"private":0,"password":""}