{"id":"gen9vgc2023regulationc-1844992902","p1":"Lewlo","p2":"Scoopadoops","format":"[Gen 9] VGC 2023 Regulation C","log":"|j|\u2606Lewlo\n|j|\u2606Scoopadoops\n|t:|1681671847\n|gametype|doubles\n|player|p1|Lewlo|pokemonbreeder-gen4|1278\n|player|p2|Scoopadoops|2|1388\n|teamsize|p1|6\n|teamsize|p2|6\n|gen|9\n|tier|[Gen 9] VGC 2023 Regulation C\n|rated|\n|rule|Species Clause: Limit one of each Pok\u00e9mon\n|rule|Item Clause: Limit one of each item\n|clearpoke\n|poke|p1|Azumarill, L50, M|\n|poke|p1|Arcanine, L50, F|\n|poke|p1|Flutter Mane, L50|\n|poke|p1|Amoonguss, L50, M|\n|poke|p1|Ting-Lu, L50|\n|poke|p1|Corviknight, L50, F|\n|poke|p2|Amoonguss, L50, M|\n|poke|p2|Orthworm, L50, M|\n|poke|p2|Flutter Mane, L50|\n|poke|p2|Chi-Yu, L50|\n|poke|p2|Ting-Lu, L50|\n|poke|p2|Azumarill, L50, M|\n|teampreview|4\n|inactive|Battle timer is ON: inactive players will automatically lose when time's up. (requested by Lewlo)\nLewlo has agreed to open team sheets.\nScoopadoops has agreed to open team sheets.\n|inactive|Lewlo has 60 seconds left.\n|inactive|Lewlo has 30 seconds left.\n|\n|t:|1681671915\n|start\n|switch|p1a: Corviknight|Corviknight, L50, F|100\/100\n|switch|p1b: Arcanine|Arcanine, L50, F|100\/100\n|switch|p2a: Orthworm|Orthworm, L50, M|100\/100\n|switch|p2b: Amoonguss|Amoonguss, L50, M|100\/100\n|-ability|p1b: Arcanine|Intimidate|boost\n|-unboost|p2a: Orthworm|atk|1\n|-unboost|p2b: Amoonguss|atk|1\n|turn|1\n|\n|t:|1681671939\n|-terastallize|p2b: Amoonguss|Water\n|move|p1b: Arcanine|Howl|p1b: Arcanine|[spread] p1a,p1b\n|-boost|p1a: Corviknight|atk|1\n|-boost|p1b: Arcanine|atk|1\n|move|p1a: Corviknight|Bulk Up|p1a: Corviknight\n|-boost|p1a: Corviknight|atk|1\n|-boost|p1a: Corviknight|def|1\n|move|p2a: Orthworm|Shed Tail|p2a: Orthworm\n|-start|p2a: Orthworm|Substitute|[from] move: Shed Tail\n|-damage|p2a: Orthworm|50\/100\n|-enditem|p2a: Orthworm|Sitrus Berry|[eat]\n|-heal|p2a: Orthworm|75\/100|[from] item: Sitrus Berry\n|\n|t:|1681671946\n|switch|p2a: Azumarill|Azumarill, L50, M|100\/100|[from] Shed Tail\n|move|p2b: Amoonguss|Spore|p1a: Corviknight\n|-status|p1a: Corviknight|slp|[from] move: Spore\n|\n|upkeep\n|turn|2\n|inactive|Lewlo has 30 seconds left.\n|\n|t:|1681671975\n|switch|p1b: Azumarill|Azumarill, L50, M|100\/100\n|cant|p1a: Corviknight|slp\n|move|p2a: Azumarill|Belly Drum|p2a: Azumarill\n|-damage|p2a: Azumarill|50\/100\n|-setboost|p2a: Azumarill|atk|6|[from] move: Belly Drum\n|move|p2b: Amoonguss|Pollen Puff|p2a: Azumarill\n|-heal|p2a: Azumarill|100\/100\n|\n|upkeep\n|turn|3\n|\n|t:|1681671995\n|switch|p1b: Arcanine|Arcanine, L50, F|100\/100\n|-ability|p1b: Arcanine|Intimidate|boost\n|-immune|p2a: Azumarill\n|-unboost|p2b: Amoonguss|atk|1\n|move|p2b: Amoonguss|Rage Powder|p2b: Amoonguss\n|-singleturn|p2b: Amoonguss|move: Rage Powder\n|move|p2a: Azumarill|Aqua Jet|p1a: Corviknight\n|-damage|p1a: Corviknight|34\/100 slp\n|-curestatus|p1a: Corviknight|slp|[msg]\n|move|p1a: Corviknight|Brave Bird|p2b: Amoonguss\n|-damage|p2b: Amoonguss|27\/100\n|-damage|p1a: Corviknight|18\/100|[from] item: Rocky Helmet|[of] p2b: Amoonguss\n|-damage|p1a: Corviknight|0 fnt|[from] Recoil\n|faint|p1a: Corviknight\n|\n|upkeep\n|c|\u2606Lewlo|wp\n|c|\u2606Scoopadoops|ty\n|\n|t:|1681672017\n|switch|p1a: Azumarill|Azumarill, L50, M|100\/100\n|turn|4\n|\n|t:|1681672028\n|switch|p2b: Orthworm|Orthworm, L50, M|75\/100\n|-terastallize|p1b: Arcanine|Normal\n|move|p1b: Arcanine|Extreme Speed|p2b: Orthworm\n|-resisted|p2b: Orthworm\n|-damage|p2b: Orthworm|62\/100\n|move|p2a: Azumarill|Play Rough|p1a: Azumarill\n|-damage|p1a: Azumarill|0 fnt\n|faint|p1a: Azumarill\n|\n|upkeep\n|\n|t:|1681672034\n|switch|p1a: Erm Kinda cringe|Ting-Lu, L50|100\/100\n|-ability|p1a: Erm Kinda cringe|Vessel of Ruin\n|turn|5\n|\n|t:|1681672052\n|move|p2a: Azumarill|Aqua Jet|p1b: Arcanine\n|-damage|p1b: Arcanine|0 fnt\n|faint|p1b: Arcanine\n|move|p2b: Orthworm|Shed Tail|p2b: Orthworm\n|-start|p2b: Orthworm|Substitute|[from] move: Shed Tail\n|-damage|p2b: Orthworm|11\/100\n|\n|t:|1681672058\n|switch|p2b: Chi-Yu|Chi-Yu, L50|100\/100|[from] Shed Tail\n|-ability|p2b: Chi-Yu|Beads of Ruin\n|move|p1a: Erm Kinda cringe|Ruination|p2a: Azumarill\n|-end|p2a: Azumarill|Substitute\n|\n|upkeep\n|turn|6\n|\n|t:|1681672070\n|move|p2a: Azumarill|Aqua Jet|p1a: Erm Kinda cringe\n|-supereffective|p1a: Erm Kinda cringe\n|-damage|p1a: Erm Kinda cringe|0 fnt\n|faint|p1a: Erm Kinda cringe\n|\n|win|Scoopadoops\n|raw|Lewlo's rating: 1278 → 1261<\/strong> (-17 for losing)\n|raw|Scoopadoops's rating: 1388 → 1402<\/strong> (+14 for winning)\n|c|\u2606Lewlo|gg\n|c|\u2606Scoopadoops|gg\n|l|\u2606Scoopadoops\n","uploadtime":1681673794,"views":8,"p1id":"lewlo","p2id":"scoopadoops","formatid":"gen9vgc2023regulationc","rating":1261,"private":0,"password":""}