{"id":"gen9vgc2023regulationc-1847237600","p1":"IronTsuki","p2":"sabertooth81","format":"[Gen 9] VGC 2023 Regulation C","log":"|j|\u2606IronTsuki\n|j|\u2606sabertooth81\n|t:|1681930334\n|gametype|doubles\n|player|p1|IronTsuki|2|1029\n|player|p2|sabertooth81|acetrainerf-gen4dp|1023\n|teamsize|p1|6\n|teamsize|p2|6\n|gen|9\n|tier|[Gen 9] VGC 2023 Regulation C\n|rated|\n|rule|Species Clause: Limit one of each Pok\u00e9mon\n|rule|Item Clause: Limit one of each item\n|clearpoke\n|poke|p1|Volcarona, L50, M|\n|poke|p1|Altaria, L50, F|\n|poke|p1|Grimmsnarl, L50, M|\n|poke|p1|Glimmora, L50, F|\n|poke|p1|Amoonguss, L50, F|\n|poke|p1|Armarouge, L50, M|\n|poke|p2|Armarouge, L50, M|\n|poke|p2|Appletun, L50, F|\n|poke|p2|Scream Tail, L50|\n|poke|p2|Iron Hands, L50|\n|poke|p2|Gothitelle, L50, F|\n|poke|p2|Amoonguss, L50, F|\n|teampreview|4\n|inactive|Battle timer is ON: inactive players will automatically lose when time's up. (requested by sabertooth81)\n|\n|t:|1681930353\n|start\n|switch|p1a: Altaria|Altaria, L50, F, shiny|100\/100\n|switch|p1b: Grimmsnarl|Grimmsnarl, L50, M, shiny|100\/100\n|switch|p2a: Gothitelle|Gothitelle, L50, F, shiny|100\/100\n|switch|p2b: Iron Hands|Iron Hands, L50, shiny|100\/100\n|turn|1\n|inactive|IronTsuki has 30 seconds left.\n|inactive|IronTsuki has 20 seconds left.\n|\n|t:|1681930394\n|switch|p2a: mogus|Amoonguss, L50, F, shiny|100\/100\n|move|p1b: Grimmsnarl|Fake Out|p2a: mogus\n|-damage|p2a: mogus|89\/100\n|-damage|p1b: Grimmsnarl|84\/100|[from] item: Rocky Helmet|[of] p2a: mogus\n|move|p1a: Altaria|Cotton Guard|p1a: Altaria\n|-boost|p1a: Altaria|def|3\n|move|p2b: Iron Hands|Wild Charge|p1b: Grimmsnarl\n|-damage|p1b: Grimmsnarl|30\/100\n|-damage|p2b: Iron Hands|90\/100|[from] Recoil\n|\n|upkeep\n|turn|2\n|\n|t:|1681930418\n|switch|p1b: Glimmora|Glimmora, L50, F, shiny|100\/100\n|move|p2a: mogus|Rage Powder|p2a: mogus\n|-singleturn|p2a: mogus|move: Rage Powder\n|move|p1a: Altaria|Perish Song|p1a: Altaria\n|-start|p1a: Altaria|perish3|[silent]\n|-start|p1b: Glimmora|perish3|[silent]\n|-start|p2a: mogus|perish3|[silent]\n|-start|p2b: Iron Hands|perish3|[silent]\n|-fieldactivate|move: Perish Song\n|move|p2b: Iron Hands|Wild Charge|p1b: Glimmora\n|-damage|p1b: Glimmora|42\/100\n|-damage|p2b: Iron Hands|74\/100|[from] item: Rocky Helmet|[of] p1b: Glimmora\n|-activate|p1b: Glimmora|ability: Toxic Debris\n|-sidestart|p2: sabertooth81|move: Toxic Spikes\n|-damage|p2b: Iron Hands|64\/100|[from] Recoil\n|\n|-start|p1b: Glimmora|perish3\n|-start|p1a: Altaria|perish3\n|-start|p2b: Iron Hands|perish3\n|-start|p2a: mogus|perish3\n|upkeep\n|turn|3\n|inactive|IronTsuki has 30 seconds left.\n|\n|t:|1681930447\n|switch|p1a: Grimmsnarl|Grimmsnarl, L50, M, shiny|30\/100\n|switch|p2a: Gothitelle|Gothitelle, L50, F, shiny|100\/100\n|-status|p2a: Gothitelle|psn\n|move|p1b: Glimmora|Rest|p1b: Glimmora\n|-status|p1b: Glimmora|slp|[from] move: Rest\n|-heal|p1b: Glimmora|100\/100 slp|[silent]\n|move|p2b: Iron Hands|Drain Punch|p1b: Glimmora\n|-crit|p1b: Glimmora\n|-damage|p1b: Glimmora|28\/100 slp\n|-heal|p2b: Iron Hands|88\/100|[from] drain|[of] p1b: Glimmora\n|-damage|p2b: Iron Hands|72\/100|[from] item: Rocky Helmet|[of] p1b: Glimmora\n|-activate|p1b: Glimmora|ability: Toxic Debris\n|-sidestart|p2: sabertooth81|move: Toxic Spikes\n|\n|-damage|p2a: Gothitelle|88\/100 psn|[from] psn\n|-start|p1b: Glimmora|perish2\n|-start|p2b: Iron Hands|perish2\n|upkeep\n|turn|4\n|inactive|IronTsuki has 30 seconds left.\n|inactive|IronTsuki has 20 seconds left.\n|\n|t:|1681930483\n|-end|p2b: Iron Hands|Quark Drive|[silent]\n|switch|p2b: mogus|Amoonguss, L50, F, shiny|100\/100\n|-sideend|p2: sabertooth81|move: Toxic Spikes|[of] p2b: mogus\n|move|p2a: Gothitelle|Protect|p2a: Gothitelle\n|-singleturn|p2a: Gothitelle|Protect\n|move|p1a: Grimmsnarl|Fake Out|p2a: Gothitelle\n|-activate|p2a: Gothitelle|move: Protect\n|cant|p1b: Glimmora|slp\n|\n|-damage|p2a: Gothitelle|76\/100 psn|[from] psn\n|-start|p1b: Glimmora|perish1\n|upkeep\n|turn|5\n|inactive|IronTsuki has 30 seconds left.\n|\n|t:|1681930513\n|move|p2b: mogus|Rage Powder|p2b: mogus\n|-singleturn|p2b: mogus|move: Rage Powder\n|move|p1a: Grimmsnarl|Light Screen|p1a: Grimmsnarl\n|-sidestart|p1: IronTsuki|move: Light Screen\n|cant|p1b: Glimmora|slp\n|move|p2a: Gothitelle|Trick Room|p2a: Gothitelle\n|-fieldstart|move: Trick Room|[of] p2a: Gothitelle\n|\n|-damage|p2a: Gothitelle|63\/100 psn|[from] psn\n|-start|p1b: Glimmora|perish0\n|faint|p1b: Glimmora\n|upkeep\n|\n|t:|1681930527\n|switch|p1b: Volcarona|Volcarona, L50, M, shiny|100\/100\n|turn|6\n|\n|t:|1681930547\n|move|p1a: Grimmsnarl|Reflect|p1a: Grimmsnarl\n|-sidestart|p1: IronTsuki|Reflect\n|move|p2b: mogus|Spore|p1b: Volcarona\n|-status|p1b: Volcarona|slp|[from] move: Spore\n|move|p2a: Gothitelle|Thunder Wave|p1a: Grimmsnarl\n|-status|p1a: Grimmsnarl|par\n|-enditem|p1a: Grimmsnarl|Lum Berry|[eat]\n|-curestatus|p1a: Grimmsnarl|par|[msg]\n|cant|p1b: Volcarona|slp\n|\n|-damage|p2a: Gothitelle|51\/100 psn|[from] psn\n|upkeep\n|turn|7\n|inactive|IronTsuki has 30 seconds left.\n|inactive|IronTsuki has 20 seconds left.\n|inactive|IronTsuki has 15 seconds left.\n|\n|t:|1681930589\n|-curestatus|p1b: Volcarona|slp|[msg]\n|move|p1b: Volcarona|Protect|p1b: Volcarona\n|-singleturn|p1b: Volcarona|Protect\n|move|p1a: Grimmsnarl|Parting Shot|p2a: Gothitelle\n|-unboost|p2a: Gothitelle|atk|1\n|-unboost|p2a: Gothitelle|spa|1\n|\n|t:|1681930601\n|switch|p1a: Altaria|Altaria, L50, F, shiny|100\/100|[from] Parting Shot\n|move|p2b: mogus|Pollen Puff|p2a: Gothitelle\n|-heal|p2a: Gothitelle|100\/100 psn\n|move|p2a: Gothitelle|Thunder Wave|p1a: Altaria\n|-status|p1a: Altaria|par\n|\n|-damage|p2a: Gothitelle|88\/100 psn|[from] psn\n|upkeep\n|turn|8\n|inactive|IronTsuki has 30 seconds left.\n|\n|t:|1681930634\n|switch|p2b: Iron Hands|Iron Hands, L50, shiny|72\/100\n|move|p1a: Altaria|Perish Song|p1a: Altaria\n|-start|p1a: Altaria|perish3|[silent]\n|-start|p1b: Volcarona|perish3|[silent]\n|-start|p2a: Gothitelle|perish3|[silent]\n|-start|p2b: Iron Hands|perish3|[silent]\n|-fieldactivate|move: Perish Song\n|move|p2a: Gothitelle|Thunder Wave|p1b: Volcarona\n|-status|p1b: Volcarona|par\n|move|p1b: Volcarona|Fiery Dance|p2b: Iron Hands\n|-damage|p2b: Iron Hands|31\/100\n|\n|-damage|p2a: Gothitelle|76\/100 psn|[from] psn\n|-start|p2b: Iron Hands|perish3\n|-start|p1a: Altaria|perish3\n|-start|p1b: Volcarona|perish3\n|-start|p2a: Gothitelle|perish3\n|upkeep\n|turn|9\n|\n|t:|1681930656\n|move|p2a: Gothitelle|Protect|p2a: Gothitelle\n|-singleturn|p2a: Gothitelle|Protect\n|move|p2b: Iron Hands|Fake Out|p1b: Volcarona\n|-damage|p1b: Volcarona|85\/100 par\n|-status|p2b: Iron Hands|brn|[from] ability: Flame Body|[of] p1b: Volcarona\n|move|p1a: Altaria|Tailwind|p1a: Altaria\n|-sidestart|p1: IronTsuki|move: Tailwind\n|cant|p1b: Volcarona|flinch\n|\n|-damage|p2a: Gothitelle|63\/100 psn|[from] psn\n|-damage|p2b: Iron Hands|25\/100 brn|[from] brn\n|-start|p2b: Iron Hands|perish2\n|-start|p2a: Gothitelle|perish2\n|-start|p1a: Altaria|perish2\n|-start|p1b: Volcarona|perish2\n|-sideend|p1: IronTsuki|move: Light Screen\n|-fieldend|move: Trick Room\n|upkeep\n|turn|10\n|inactive|IronTsuki has 30 seconds left.\n|inactive|IronTsuki has 20 seconds left.\n|\n|t:|1681930695\n|-end|p2b: Iron Hands|Quark Drive|[silent]\n|switch|p2b: mogus|Amoonguss, L50, F, shiny|100\/100\n|-terastallize|p2a: Gothitelle|Water\n|cant|p1b: Volcarona|par\n|move|p1a: Altaria|Cotton Guard|p1a: Altaria\n|-boost|p1a: Altaria|def|3\n|move|p2a: Gothitelle|Trick Room|p2a: Gothitelle\n|-fieldstart|move: Trick Room|[of] p2a: Gothitelle\n|\n|-damage|p2a: Gothitelle|51\/100 psn|[from] psn\n|-start|p2a: Gothitelle|perish1\n|-start|p1a: Altaria|perish1\n|-start|p1b: Volcarona|perish1\n|-sideend|p1: IronTsuki|Reflect\n|upkeep\n|turn|11\n|inactive|IronTsuki has 30 seconds left.\n|\n|t:|1681930727\n|switch|p2a: Iron Hands|Iron Hands, L50, shiny|25\/100 brn\n|move|p2b: mogus|Pollen Puff|p2a: Iron Hands\n|-heal|p2a: Iron Hands|75\/100 brn\n|move|p1a: Altaria|Perish Song|p1a: Altaria\n|-start|p2a: Iron Hands|perish3|[silent]\n|-start|p2b: mogus|perish3|[silent]\n|-fieldactivate|move: Perish Song\n|move|p1b: Volcarona|Bug Buzz|p2a: Iron Hands\n|-resisted|p2a: Iron Hands\n|-damage|p2a: Iron Hands|54\/100 brn\n|\n|-damage|p2a: Iron Hands|48\/100 brn|[from] brn\n|-start|p2b: mogus|perish3\n|-start|p2a: Iron Hands|perish3\n|-start|p1a: Altaria|perish0\n|-start|p1b: Volcarona|perish0\n|faint|p1a: Altaria\n|faint|p1b: Volcarona\n|upkeep\n|\n|t:|1681930745\n|switch|p1b: Grimmsnarl|Grimmsnarl, L50, M, shiny|30\/100\n|turn|12\n|\n|t:|1681930760\n|-end|p2a: Iron Hands|Quark Drive|[silent]\n|switch|p2a: Scream Tail|Scream Tail, L50, shiny|100\/100\n|move|p1b: Grimmsnarl|Fake Out|p2b: mogus\n|-damage|p2b: mogus|89\/100\n|-damage|p1b: Grimmsnarl|14\/100|[from] item: Rocky Helmet|[of] p2b: mogus\n|cant|p2b: mogus|flinch\n|\n|-start|p2b: mogus|perish2\n|-sideend|p1: IronTsuki|move: Tailwind\n|upkeep\n|turn|13\n|\n|t:|1681930775\n|move|p1b: Grimmsnarl|Reflect|p1b: Grimmsnarl\n|-sidestart|p1: IronTsuki|Reflect\n|move|p2b: mogus|Spore|p1b: Grimmsnarl\n|-status|p1b: Grimmsnarl|slp|[from] move: Spore\n|move|p2a: Scream Tail|Perish Song|p2a: Scream Tail\n|-start|p1b: Grimmsnarl|perish3|[silent]\n|-start|p2a: Scream Tail|perish3|[silent]\n|-fieldactivate|move: Perish Song\n|\n|-start|p2b: mogus|perish1\n|-start|p2a: Scream Tail|perish3\n|-start|p1b: Grimmsnarl|perish3\n|upkeep\n|turn|14\n|-message|IronTsuki forfeited.\n|\n|win|sabertooth81\n|raw|IronTsuki's rating: 1029 → 1014<\/strong> (-15 for losing)\n|raw|sabertooth81's rating: 1023 → 1060<\/strong> (+37 for winning)\n|l|\u2606IronTsuki\n","uploadtime":1681930832,"views":13,"p1id":"irontsuki","p2id":"sabertooth81","formatid":"gen9vgc2023regulationc","rating":1014,"private":0,"password":""}