{"id":"gen9vgc2023regulationc-1847367302","p1":"Lyric1","p2":"WindaGaming","format":"[Gen 9] VGC 2023 Regulation C","log":"|j|\u2606Lyric1\n|j|\u2606WindaGaming\n|t:|1681943139\n|gametype|doubles\n|player|p1|Lyric1|lady|\n|player|p2|WindaGaming|jasmine|\n|teamsize|p1|6\n|teamsize|p2|6\n|gen|9\n|tier|[Gen 9] VGC 2023 Regulation C\n|rule|Species Clause: Limit one of each Pok\u00e9mon\n|rule|Item Clause: Limit one of each item\n|clearpoke\n|poke|p1|Arcanine, L50, M|\n|poke|p1|Baxcalibur, L50, F|\n|poke|p1|Abomasnow, L50, F|\n|poke|p1|Sneasel, L50, M|\n|poke|p1|Coalossal, L50, M|\n|poke|p1|Klefki, L50, F|\n|poke|p2|Copperajah, L50, F|\n|poke|p2|Hatterene, L50, F|\n|poke|p2|Houndstone, L50, M|\n|poke|p2|Iron Bundle, L50|\n|poke|p2|Tyranitar, L50, F|\n|poke|p2|Volcarona, L50, M|\n|teampreview|4\n|\n|t:|1681943209\n|start\n|switch|p1a: Klefki|Klefki, L50, F|100\/100\n|switch|p1b: Arcanine|Arcanine, L50, M|100\/100\n|switch|p2a: Tyranitar|Tyranitar, L50, F|100\/100\n|switch|p2b: Volcarona|Volcarona, L50, M|100\/100\n|-weather|Sandstorm|[from] ability: Sand Stream|[of] p2a: Tyranitar\n|-ability|p1b: Arcanine|Intimidate|boost\n|-fail|p2a: Tyranitar|unboost|[from] item: Clear Amulet|[of] p2a: Tyranitar\n|-unboost|p2b: Volcarona|atk|1\n|turn|1\n|\n|t:|1681943271\n|move|p1a: Klefki|Protect|p1a: Klefki\n|-singleturn|p1a: Klefki|Protect\n|move|p2b: Volcarona|Rage Powder|p2b: Volcarona\n|-singleturn|p2b: Volcarona|move: Rage Powder\n|move|p2a: Tyranitar|Dragon Dance|p2a: Tyranitar\n|-boost|p2a: Tyranitar|atk|1\n|-boost|p2a: Tyranitar|spe|1\n|move|p1b: Arcanine|Flare Blitz|p2b: Volcarona\n|-damage|p2b: Volcarona|23\/100\n|-damage|p1b: Arcanine|76\/100|[from] Recoil\n|\n|-weather|Sandstorm|[upkeep]\n|-damage|p2b: Volcarona|17\/100|[from] Sandstorm\n|-damage|p1b: Arcanine|70\/100|[from] Sandstorm\n|upkeep\n|turn|2\n|\n|t:|1681943302\n|move|p1b: Arcanine|Extreme Speed|p2b: Volcarona\n|-damage|p2b: Volcarona|0 fnt\n|faint|p2b: Volcarona\n|move|p1a: Klefki|Switcheroo|p2a: Tyranitar\n|-hint|Since gen 7, Dark is immune to Prankster moves.\n|-immune|p2a: Tyranitar\n|move|p2a: Tyranitar|Rock Slide|p1a: Klefki|[spread] p1a,p1b\n|-resisted|p1a: Klefki\n|-supereffective|p1b: Arcanine\n|-damage|p1a: Klefki|73\/100\n|-damage|p1b: Arcanine|0 fnt\n|faint|p1b: Arcanine\n|\n|-weather|Sandstorm|[upkeep]\n|upkeep\n|\n|t:|1681943320\n|switch|p2b: Houndstone|Houndstone, L50, M|100\/100\n|switch|p1b: Abomasnow|Abomasnow, L50, F|100\/100\n|-weather|Snow|[from] ability: Snow Warning|[of] p1b: Abomasnow\n|turn|3\n|\n|t:|1681943397\n|move|p2a: Tyranitar|Protect|p2a: Tyranitar\n|-singleturn|p2a: Tyranitar|Protect\n|move|p1b: Abomasnow|Protect|p1b: Abomasnow\n|-singleturn|p1b: Abomasnow|Protect\n|move|p2b: Houndstone|Last Respects|p1b: Abomasnow\n|-activate|p1b: Abomasnow|move: Protect\n|move|p1a: Klefki|Dazzling Gleam|p2b: Houndstone|[spread] p2b\n|-activate|p2a: Tyranitar|move: Protect\n|-damage|p2b: Houndstone|82\/100\n|\n|-weather|Snow|[upkeep]\n|-heal|p2b: Houndstone|88\/100|[from] item: Leftovers\n|upkeep\n|turn|4\n|\n|t:|1681943429\n|move|p1a: Klefki|Thunder Wave|p2a: Tyranitar\n|-hint|Since gen 7, Dark is immune to Prankster moves.\n|-immune|p2a: Tyranitar\n|move|p2a: Tyranitar|Rock Slide|p1b: Abomasnow|[spread] p1a,p1b\n|-resisted|p1a: Klefki\n|-supereffective|p1b: Abomasnow\n|-damage|p1a: Klefki|45\/100\n|-damage|p1b: Abomasnow|55\/100\n|move|p2b: Houndstone|Last Respects|p1b: Abomasnow\n|-damage|p1b: Abomasnow|35\/100\n|cant|p1b: Abomasnow|flinch\n|\n|-weather|Snow|[upkeep]\n|-heal|p2b: Houndstone|94\/100|[from] item: Leftovers\n|upkeep\n|turn|5\n|c|\u2606WindaGaming|sorry\n|c|\u2606Lyric1|nah i'm just an idiot lmao\n|\n|t:|1681943470\n|move|p1b: Abomasnow|Helping Hand|p1a: Klefki\n|-singleturn|p1a: Klefki|Helping Hand|[of] p1b: Abomasnow\n|move|p2a: Tyranitar|Rock Slide|p1b: Abomasnow|[spread] p1a,p1b\n|-resisted|p1a: Klefki\n|-supereffective|p1b: Abomasnow\n|-damage|p1a: Klefki|16\/100\n|-damage|p1b: Abomasnow|0 fnt\n|faint|p1b: Abomasnow\n|move|p2b: Houndstone|Last Respects|p1a: Klefki\n|-damage|p1a: Klefki|0 fnt\n|faint|p1a: Klefki\n|\n|-weather|Snow|[upkeep]\n|-heal|p2b: Houndstone|100\/100|[from] item: Leftovers\n|upkeep\n|\n|t:|1681943473\n|switch|p1a: Coalossal|Coalossal, L50, M|100\/100\n|turn|6\n|\n|t:|1681943492\n|-terastallize|p1a: Coalossal|Normal\n|move|p2a: Tyranitar|Rock Slide|p1a: Coalossal|[miss]\n|-miss|p2a: Tyranitar|p1a: Coalossal\n|move|p2b: Houndstone|Last Respects|p1a: Coalossal\n|-immune|p1a: Coalossal\n|move|p1a: Coalossal|Body Press|p2a: Tyranitar\n|-supereffective|p2a: Tyranitar\n|-damage|p2a: Tyranitar|12\/100\n|\n|-weather|Snow|[upkeep]\n|upkeep\n|turn|7\n|\n|t:|1681943506\n|move|p2a: Tyranitar|Rock Slide|p1a: Coalossal\n|-damage|p1a: Coalossal|51\/100\n|move|p2b: Houndstone|Body Press|p1a: Coalossal\n|-supereffective|p1a: Coalossal\n|-damage|p1a: Coalossal|13\/100\n|-enditem|p1a: Coalossal|Weakness Policy\n|-boost|p1a: Coalossal|atk|2|[from] item: Weakness Policy\n|-boost|p1a: Coalossal|spa|2|[from] item: Weakness Policy\n|move|p1a: Coalossal|Rock Slide|p2a: Tyranitar|[spread] p2a,p2b\n|-damage|p2a: Tyranitar|0 fnt\n|-damage|p2b: Houndstone|62\/100\n|faint|p2a: Tyranitar\n|\n|-weather|none\n|-heal|p2b: Houndstone|68\/100|[from] item: Leftovers\n|upkeep\n|\n|t:|1681943519\n|switch|p2a: Iron Bundle|Iron Bundle, L50|100\/100\n|-enditem|p2a: Iron Bundle|Booster Energy\n|-activate|p2a: Iron Bundle|ability: Quark Drive|[fromitem]\n|-start|p2a: Iron Bundle|quarkdrivespe\n|turn|8\n|j| 100% Faithful\n|\n|t:|1681943526\n|move|p2a: Iron Bundle|Icy Wind|p1a: Coalossal\n|-damage|p1a: Coalossal|0 fnt\n|faint|p1a: Coalossal\n|\n|win|WindaGaming\n|c|\u2606Lyric1|ggs\n|c|\u2606WindaGaming|gg\n","uploadtime":1681943533,"views":15,"p1id":"lyric1","p2id":"windagaming","formatid":"gen9vgc2023regulationc","rating":0,"private":0,"password":""}