{"id":"gen9vgc2023regulationc-1848125026","p1":"Ephrammb","p2":"Zeltink","format":"[Gen 9] VGC 2023 Regulation C","log":"|j|\u2606Ephrammb\n|j|\u2606Zeltink\n|t:|1682032600\n|gametype|doubles\n|player|p1|Ephrammb|265|1000\n|player|p2|Zeltink|ethan|1074\n|teamsize|p1|6\n|teamsize|p2|6\n|gen|9\n|tier|[Gen 9] VGC 2023 Regulation C\n|rated|\n|rule|Species Clause: Limit one of each Pok\u00e9mon\n|rule|Item Clause: Limit one of each item\n|clearpoke\n|poke|p1|Great Tusk, L50|\n|poke|p1|Torkoal, L50, M|\n|poke|p1|Talonflame, L50, M|\n|poke|p1|Hydreigon, L50, F|\n|poke|p1|Corviknight, L50, F|\n|poke|p1|Murkrow, L50, F|\n|poke|p2|Breloom, L50, M|\n|poke|p2|Palafin, L50, M|\n|poke|p2|Lucario, L50, M|\n|poke|p2|Noivern, L50, F|\n|poke|p2|Ting-Lu, L50|\n|poke|p2|Kingambit, L50, M|\n|teampreview|4\n|\n|t:|1682032624\n|start\n|switch|p1a: Great Tusk|Great Tusk, L50, shiny|100\/100\n|switch|p1b: Talonflame|Talonflame, L50, M|100\/100\n|switch|p2a: Palafin|Palafin, L50, M|100\/100\n|switch|p2b: Breloom|Breloom, L50, M|100\/100\n|turn|1\n|\n|t:|1682032654\n|detailschange|p2a: Palafin|Palafin-Hero, L50, M\n|switch|p2a: Ting-Lu|Ting-Lu, L50|100\/100\n|-ability|p2a: Ting-Lu|Vessel of Ruin\n|-terastallize|p2b: Breloom|Water\n|move|p1b: Talonflame|Tailwind|p1b: Talonflame\n|-sidestart|p1: Ephrammb|move: Tailwind\n|move|p1a: Great Tusk|Knock Off|p2b: Breloom\n|-damage|p2b: Breloom|34\/100\n|-enditem|p2b: Breloom|Focus Sash|[from] move: Knock Off|[of] p1a: Great Tusk\n|-damage|p1a: Great Tusk|90\/100|[from] item: Life Orb\n|move|p2b: Breloom|Spore|p1a: Great Tusk\n|-status|p1a: Great Tusk|slp|[from] move: Spore\n|\n|upkeep\n|turn|2\n|\n|t:|1682032679\n|move|p1b: Talonflame|Acrobatics|p2b: Breloom\n|-damage|p2b: Breloom|7\/100\n|cant|p1a: Great Tusk|slp\n|move|p2b: Breloom|Bullet Seed|p1a: Great Tusk\n|-supereffective|p1a: Great Tusk\n|-damage|p1a: Great Tusk|62\/100 slp\n|-supereffective|p1a: Great Tusk\n|-damage|p1a: Great Tusk|34\/100 slp\n|-supereffective|p1a: Great Tusk\n|-damage|p1a: Great Tusk|5\/100 slp\n|-supereffective|p1a: Great Tusk\n|-damage|p1a: Great Tusk|0 fnt\n|faint|p1a: Great Tusk\n|-end|p1a: Great Tusk|Protosynthesis|[silent]\n|-hitcount|p1: Great Tusk|4\n|move|p2a: Ting-Lu|Heavy Slam|p1b: Talonflame\n|-resisted|p1b: Talonflame\n|-damage|p1b: Talonflame|82\/100\n|\n|upkeep\n|\n|t:|1682032698\n|switch|p1a: Murkrow|Murkrow, L50, F|100\/100\n|turn|3\n|\n|t:|1682032724\n|move|p1a: Murkrow|Thunder Wave|p2a: Ting-Lu\n|-immune|p2a: Ting-Lu\n|move|p2b: Breloom|Mach Punch|p1a: Murkrow\n|-damage|p1a: Murkrow|57\/100\n|move|p1b: Talonflame|Acrobatics|p2b: Breloom\n|-damage|p2b: Breloom|0 fnt\n|faint|p2b: Breloom\n|move|p2a: Ting-Lu|Ruination|p1b: Talonflame\n|-damage|p1b: Talonflame|42\/100\n|-enditem|p1b: Talonflame|Sitrus Berry|[eat]\n|-heal|p1b: Talonflame|66\/100|[from] item: Sitrus Berry\n|\n|upkeep\n|\n|t:|1682032739\n|switch|p2b: Palafin|Palafin-Hero, L50, M|100\/100\n|-activate|p2b: Palafin|ability: Zero to Hero\n|turn|4\n|\n|t:|1682032749\n|move|p1a: Murkrow|Thunder Wave|p2b: Palafin\n|-status|p2b: Palafin|par\n|move|p2b: Palafin|Jet Punch|p1b: Talonflame\n|-supereffective|p1b: Talonflame\n|-crit|p1b: Talonflame\n|-damage|p1b: Talonflame|0 fnt\n|faint|p1b: Talonflame\n|move|p2a: Ting-Lu|Heavy Slam|p1a: Murkrow\n|-damage|p1a: Murkrow|15\/100\n|\n|-sideend|p1: Ephrammb|move: Tailwind\n|upkeep\n|\n|t:|1682032759\n|switch|p1b: Torkoal|Torkoal, L50, M|100\/100\n|-weather|SunnyDay|[from] ability: Drought|[of] p1b: Torkoal\n|turn|5\n|\n|t:|1682032782\n|move|p2b: Palafin|Jet Punch|p1a: Murkrow\n|-damage|p1a: Murkrow|0 fnt\n|faint|p1a: Murkrow\n|move|p2a: Ting-Lu|Ruination|p1b: Torkoal\n|-damage|p1b: Torkoal|51\/100\n|move|p1b: Torkoal|Yawn|p2a: Ting-Lu\n|-start|p2a: Ting-Lu|move: Yawn|[of] p1b: Torkoal\n|\n|-weather|SunnyDay|[upkeep]\n|upkeep\n|turn|6\n|\n|t:|1682032799\n|cant|p2b: Palafin|par\n|move|p2a: Ting-Lu|Fissure|p1b: Torkoal\n|-damage|p1b: Torkoal|0 fnt\n|faint|p1b: Torkoal\n|-ohko\n|\n|win|Zeltink\n|raw|Ephrammb's rating: 1000 → 1000<\/strong> (+0 for losing)\n|raw|Zeltink's rating: 1074 → 1097<\/strong> (+23 for winning)\n|l|\u2606Ephrammb\n","uploadtime":1682032809,"views":8,"p1id":"ephrammb","p2id":"zeltink","formatid":"gen9vgc2023regulationc","rating":1000,"private":0,"password":""}