{"id":"gen9vgc2023regulationc-1848347365","p1":"Ytterby","p2":"seaneoooooo0","format":"[Gen 9] VGC 2023 Regulation C","log":"|j|\u2606Ytterby\n|j|\u2606seaneoooooo0\n|t:|1682064488\n|gametype|doubles\n|player|p1|Ytterby|2|1107\n|player|p2|seaneoooooo0|1|1136\n|teamsize|p1|6\n|teamsize|p2|6\n|gen|9\n|tier|[Gen 9] VGC 2023 Regulation C\n|rated|\n|rule|Species Clause: Limit one of each Pok\u00e9mon\n|rule|Item Clause: Limit one of each item\n|clearpoke\n|poke|p1|Flutter Mane, L50|\n|poke|p1|Arcanine, L50, M|\n|poke|p1|Torkoal, L50, F|\n|poke|p1|Great Tusk, L50|\n|poke|p1|Iron Bundle, L50|\n|poke|p1|Talonflame, L50, M|\n|poke|p2|Armarouge, L50, F|\n|poke|p2|Indeedee, L50, M|\n|poke|p2|Garganacl, L50, F|\n|poke|p2|Meowscarada, L50, M|\n|poke|p2|Palafin, L50, F|\n|poke|p2|Flutter Mane, L50|\n|teampreview|4\nseaneoooooo0 rejected open team sheets.\n|\n|t:|1682064545\n|start\n|switch|p1a: Flutter Mane|Flutter Mane, L50|100\/100\n|switch|p1b: Arcanine|Arcanine, L50, M|100\/100\n|switch|p2a: Palafin|Palafin, L50, F, shiny|100\/100\n|switch|p2b: Garganacl|Garganacl, L50, F|100\/100\n|-ability|p1b: Arcanine|Intimidate|boost\n|-unboost|p2a: Palafin|atk|1\n|-unboost|p2b: Garganacl|atk|1\n|turn|1\n|\n|t:|1682064582\n|move|p1a: Flutter Mane|Shadow Ball|p2a: Palafin\n|-damage|p2a: Palafin|41\/100\n|move|p2a: Palafin|Iron Head|p1a: Flutter Mane\n|-supereffective|p1a: Flutter Mane\n|-damage|p1a: Flutter Mane|47\/100\n|move|p1b: Arcanine|Snarl|p2a: Palafin|[spread] p2a,p2b\n|-damage|p2a: Palafin|24\/100\n|-damage|p2b: Garganacl|87\/100\n|-unboost|p2a: Palafin|spa|1\n|-unboost|p2b: Garganacl|spa|1\n|move|p2b: Garganacl|Salt Cure|p1b: Arcanine\n|-supereffective|p1b: Arcanine\n|-damage|p1b: Arcanine|78\/100\n|-start|p1b: Arcanine|Salt Cure\n|\n|-damage|p1b: Arcanine|66\/100|[from] Salt Cure\n|upkeep\n|turn|2\n|\n|t:|1682064609\n|-end|p1a: Flutter Mane|Protosynthesis|[silent]\n|switch|p1a: Torkoal|Torkoal, L50, F|100\/100\n|-weather|SunnyDay|[from] ability: Drought|[of] p1a: Torkoal\n|detailschange|p2a: Palafin|Palafin-Hero, L50, F, shiny\n|switch|p2a: Meowscarada|Meowscarada, L50, M|100\/100\n|-terastallize|p1b: Arcanine|Grass\n|move|p1b: Arcanine|Solar Beam||[still]\n|-prepare|p1b: Arcanine|Solar Beam\n|-anim|p1b: Arcanine|Solar Beam|p2b: Garganacl\n|-supereffective|p2b: Garganacl\n|-damage|p2b: Garganacl|0 fnt\n|faint|p2b: Garganacl\n|\n|-weather|SunnyDay|[upkeep]\n|-damage|p1b: Arcanine|54\/100|[from] Salt Cure\n|upkeep\n|\n|t:|1682064623\n|switch|p2b: Armarouge|Armarouge, L50, F|100\/100\n|turn|3\n|\n|t:|1682064644\n|-terastallize|p2b: Armarouge|Grass\n|move|p1b: Arcanine|Protect|p1b: Arcanine\n|-singleturn|p1b: Arcanine|Protect\n|move|p2a: Meowscarada|Knock Off|p1a: Torkoal\n|-damage|p1a: Torkoal|64\/100\n|-enditem|p1a: Torkoal|Safety Goggles|[from] move: Knock Off|[of] p2a: Meowscarada\n|move|p2b: Armarouge|Expanding Force|p1a: Torkoal\n|-damage|p1a: Torkoal|7\/100\n|move|p1a: Torkoal|Body Press|p2a: Meowscarada\n|-supereffective|p2a: Meowscarada\n|-damage|p2a: Meowscarada|22\/100\n|\n|-weather|SunnyDay|[upkeep]\n|-damage|p1b: Arcanine|41\/100|[from] Salt Cure\n|upkeep\n|turn|4\n|\n|t:|1682064695\n|move|p2a: Meowscarada|Knock Off|p1b: Arcanine\n|-damage|p1b: Arcanine|0 fnt\n|-enditem|p1b: Arcanine|Expert Belt|[from] move: Knock Off|[of] p2a: Meowscarada\n|faint|p1b: Arcanine\n|move|p2b: Armarouge|Expanding Force|p1a: Torkoal\n|-damage|p1a: Torkoal|0 fnt\n|faint|p1a: Torkoal\n|\n|-weather|SunnyDay|[upkeep]\n|upkeep\n|\n|t:|1682064702\n|switch|p1b: Flutter Mane|Flutter Mane, L50|47\/100\n|switch|p1a: Iron Bundle|Iron Bundle, L50|100\/100\n|-activate|p1b: Flutter Mane|ability: Protosynthesis\n|-start|p1b: Flutter Mane|protosynthesisspe\n|-enditem|p1a: Iron Bundle|Booster Energy\n|-activate|p1a: Iron Bundle|ability: Quark Drive|[fromitem]\n|-start|p1a: Iron Bundle|quarkdrivespe\n|turn|5\n|\n|t:|1682064717\n|move|p1b: Flutter Mane|Protect|p1b: Flutter Mane\n|-singleturn|p1b: Flutter Mane|Protect\n|move|p1a: Iron Bundle|Icy Wind|p2a: Meowscarada|[spread] p2a,p2b\n|-supereffective|p2a: Meowscarada\n|-supereffective|p2b: Armarouge\n|-damage|p2a: Meowscarada|0 fnt\n|-damage|p2b: Armarouge|71\/100\n|-unboost|p2b: Armarouge|spe|1\n|faint|p2a: Meowscarada\n|move|p2b: Armarouge|Energy Ball|p1a: Iron Bundle\n|-supereffective|p1a: Iron Bundle\n|-damage|p1a: Iron Bundle|0 fnt\n|faint|p1a: Iron Bundle\n|-end|p1a: Iron Bundle|Quark Drive|[silent]\n|\n|-weather|SunnyDay|[upkeep]\n|upkeep\n|\n|t:|1682064729\n|switch|p2a: Palafin|Palafin-Hero, L50, F, shiny|24\/100\n|-activate|p2a: Palafin|ability: Zero to Hero\n|turn|6\n|c|\u2606Ytterby|Ggs\n|\n|t:|1682064742\n|move|p1b: Flutter Mane|Dazzling Gleam|p2a: Palafin|[spread] p2a,p2b\n|-damage|p2a: Palafin|0 fnt\n|-damage|p2b: Armarouge|46\/100\n|faint|p2a: Palafin\n|move|p2b: Armarouge|Armor Cannon|p1b: Flutter Mane\n|-damage|p1b: Flutter Mane|0 fnt\n|-unboost|p2b: Armarouge|def|1\n|-unboost|p2b: Armarouge|spd|1\n|faint|p1b: Flutter Mane\n|-end|p1b: Flutter Mane|Protosynthesis|[silent]\n|\n|win|seaneoooooo0\n|raw|Ytterby's rating: 1107 → 1084<\/strong> (-23 for losing)\n|raw|seaneoooooo0's rating: 1136 → 1159<\/strong> (+23 for winning)\n|l|\u2606seaneoooooo0\n","uploadtime":1682065685,"views":7,"p1id":"ytterby","p2id":"seaneoooooo0","formatid":"gen9vgc2023regulationc","rating":1084,"private":0,"password":""}