{"id":"gen9vgc2023regulationc-1853296783","p1":"mugiwaraLux","p2":"Stonny","format":"[Gen 9] VGC 2023 Regulation C","log":"|j|\u2606mugiwaraLux\n|j|\u2606Stonny\n|t:|1682663222\n|gametype|doubles\n|player|p1|mugiwaraLux|1|1408\n|player|p2|Stonny|acetrainer-gen4dp|1368\n|teamsize|p1|6\n|teamsize|p2|6\n|gen|9\n|tier|[Gen 9] VGC 2023 Regulation C\n|rated|\n|rule|Species Clause: Limit one of each Pok\u00e9mon\n|rule|Item Clause: Limit one of each item\n|clearpoke\n|poke|p1|Palafin, L50, F|\n|poke|p1|Amoonguss, L50, F|\n|poke|p1|Flutter Mane, L50|\n|poke|p1|Arcanine, L50, M|\n|poke|p1|Chien-Pao, L50|\n|poke|p1|Roaring Moon, L50|\n|poke|p2|Dondozo, L50, F|\n|poke|p2|Tatsugiri-Droopy, L50, M|\n|poke|p2|Pelipper, L50, F|\n|poke|p2|Drednaw, L50, F|\n|poke|p2|Chien-Pao, L50|\n|poke|p2|Dragonite, L50, M|\n|teampreview|4\n|inactive|Battle timer is ON: inactive players will automatically lose when time's up. (requested by Stonny)\n|inactive|mugiwaraLux also wants the timer to be on.\nmugiwaraLux has agreed to open team sheets.\n|inactive|Stonny has 60 seconds left.\n|\n|t:|1682663256\n|start\n|switch|p1a: Palafin|Palafin, L50, F|100\/100\n|switch|p1b: Amoonguss|Amoonguss, L50, F|100\/100\n|switch|p2a: Pelipper|Pelipper, L50, F|100\/100\n|switch|p2b: Drednaw|Drednaw, L50, F|100\/100\n|-weather|RainDance|[from] ability: Drizzle|[of] p2a: Pelipper\n|turn|1\n|inactive|mugiwaraLux has 30 seconds left.\n|\n|t:|1682663285\n|-terastallize|p2b: Drednaw|Grass\n|-terastallize|p1b: Amoonguss|Water\n|move|p1a: Palafin|Protect|p1a: Palafin\n|-singleturn|p1a: Palafin|Protect\n|move|p2b: Drednaw|Tera Blast|p1a: Palafin\n|-activate|p1a: Palafin|move: Protect\n|move|p2a: Pelipper|Hurricane|p1b: Amoonguss\n|-damage|p1b: Amoonguss|60\/100\n|move|p1b: Amoonguss|Spore|p2b: Drednaw\n|-immune|p2b: Drednaw\n|\n|-weather|RainDance|[upkeep]\n|upkeep\n|turn|2\n|\n|t:|1682663308\n|move|p1b: Amoonguss|Protect|p1b: Amoonguss\n|-singleturn|p1b: Amoonguss|Protect\n|move|p2b: Drednaw|Tera Blast|p1b: Amoonguss\n|-activate|p1b: Amoonguss|move: Protect\n|move|p1a: Palafin|Wave Crash|p2b: Drednaw\n|-resisted|p2b: Drednaw\n|-damage|p2b: Drednaw|58\/100\n|-damage|p1a: Palafin|88\/100|[from] Recoil\n|move|p2a: Pelipper|Tailwind|p2a: Pelipper\n|-sidestart|p2: Stonny|move: Tailwind\n|\n|-weather|RainDance|[upkeep]\n|upkeep\n|turn|3\n|\n|t:|1682663329\n|move|p2b: Drednaw|Tera Blast|p1b: Amoonguss\n|-supereffective|p1b: Amoonguss\n|-damage|p1b: Amoonguss|0 fnt\n|faint|p1b: Amoonguss\n|move|p2a: Pelipper|Hurricane|p1a: Palafin\n|-damage|p1a: Palafin|31\/100\n|-start|p1a: Palafin|confusion\n|-activate|p1a: Palafin|confusion\n|move|p1a: Palafin|Wave Crash|p2b: Drednaw\n|-resisted|p2b: Drednaw\n|-damage|p2b: Drednaw|12\/100\n|-damage|p1a: Palafin|17\/100|[from] Recoil\n|\n|-weather|RainDance|[upkeep]\n|upkeep\n|\n|t:|1682663336\n|switch|p1b: Mimi|Flutter Mane, L50|100\/100\n|turn|4\n|\n|t:|1682663347\n|-activate|p1a: Palafin|confusion\n|-damage|p1a: Palafin|6\/100|[from] confusion\n|move|p2b: Drednaw|Tera Blast|p1b: Mimi\n|-damage|p1b: Mimi|18\/100\n|move|p1b: Mimi|Thunderbolt|p2a: Pelipper\n|-supereffective|p2a: Pelipper\n|-damage|p2a: Pelipper|0 fnt\n|faint|p2a: Pelipper\n|\n|-weather|RainDance|[upkeep]\n|upkeep\n|\n|t:|1682663363\n|switch|p2a: Dondozo|Dondozo, L50, F, shiny|100\/100\n|turn|5\n|\n|t:|1682663381\n|-activate|p1a: Palafin|confusion\n|move|p1a: Palafin|Jet Punch|p2b: Drednaw\n|-resisted|p2b: Drednaw\n|-damage|p2b: Drednaw|0 fnt\n|faint|p2b: Drednaw\n|move|p2a: Dondozo|Wave Crash|p1b: Mimi\n|-damage|p1b: Mimi|0 fnt\n|faint|p1b: Mimi\n|-end|p1b: Mimi|Protosynthesis|[silent]\n|-damage|p2a: Dondozo|96\/100|[from] Recoil\n|-damage|p2a: Dondozo|87\/100|[from] item: Life Orb\n|\n|-weather|RainDance|[upkeep]\n|-sideend|p2: Stonny|move: Tailwind\n|upkeep\n|\n|t:|1682663391\n|switch|p1b: Chien-Pao|Chien-Pao, L50|100\/100\n|switch|p2b: Tatsugiri|Tatsugiri-Droopy, L50, M, shiny|100\/100\n|-activate|p2b: Tatsugiri|ability: Commander|[of] p2a: Dondozo\n|-boost|p2a: Dondozo|atk|2\n|-boost|p2a: Dondozo|spa|2\n|-boost|p2a: Dondozo|spe|2\n|-boost|p2a: Dondozo|def|2\n|-boost|p2a: Dondozo|spd|2\n|-ability|p1b: Chien-Pao|Sword of Ruin\n|turn|6\n|\n|t:|1682663399\n|move|p1b: Chien-Pao|Sacred Sword|p2a: Dondozo\n|-damage|p2a: Dondozo|56\/100\n|move|p2a: Dondozo|Surf|p1a: Palafin|[spread] p1a,p1b\n|-miss|p2a: Dondozo|p2b: Tatsugiri\n|-resisted|p1a: Palafin\n|-damage|p1a: Palafin|0 fnt\n|-enditem|p1b: Chien-Pao|Focus Sash\n|-damage|p1b: Chien-Pao|1\/100\n|faint|p1a: Palafin\n|-damage|p2a: Dondozo|46\/100|[from] item: Life Orb\n|\n|-weather|RainDance|[upkeep]\n|upkeep\n|turn|7\n|\n|t:|1682663411\n|move|p1b: Chien-Pao|Sucker Punch|p2a: Dondozo\n|-damage|p2a: Dondozo|30\/100\n|move|p2a: Dondozo|Surf|p1b: Chien-Pao|[spread] p1b\n|-miss|p2a: Dondozo|p2b: Tatsugiri\n|-damage|p1b: Chien-Pao|0 fnt\n|faint|p1b: Chien-Pao\n|-damage|p2a: Dondozo|20\/100|[from] item: Life Orb\n|\n|win|Stonny\n|raw|mugiwaraLux's rating: 1408 → 1386<\/strong> (-22 for losing)\n|raw|Stonny's rating: 1368 → 1390<\/strong> (+22 for winning)\n","uploadtime":1682663416,"views":13,"p1id":"mugiwaralux","p2id":"stonny","formatid":"gen9vgc2023regulationc","rating":1386,"private":0,"password":""}