{"id":"gen9vgc2023regulationc-1845906905","p1":"Monachrome","p2":"KoramTrainer","format":"[Gen 9] VGC 2023 Regulation C","log":"|j|\u2606Monachrome\n|j|\u2606KoramTrainer\n|t:|1681777836\n|gametype|doubles\n|player|p1|Monachrome|ingo|1231\n|player|p2|KoramTrainer|hilbert|1186\n|teamsize|p1|6\n|teamsize|p2|4\n|gen|9\n|tier|[Gen 9] VGC 2023 Regulation C\n|rated|\n|rule|Species Clause: Limit one of each Pok\u00e9mon\n|rule|Item Clause: Limit one of each item\n|clearpoke\n|poke|p1|Dudunsparce-*, L50, M|\n|poke|p1|Jolteon, L50, M|\n|poke|p1|Flamigo, L50, F|\n|poke|p1|Grimmsnarl, L50, M|\n|poke|p1|Flutter Mane, L50|\n|poke|p1|Amoonguss, L50, M|\n|poke|p2|Corviknight, L50, M|\n|poke|p2|Rotom-Wash, L50|\n|poke|p2|Ting-Lu, L50|\n|poke|p2|Flutter Mane, L50|\n|teampreview|4\n|inactive|Battle timer is ON: inactive players will automatically lose when time's up. (requested by KoramTrainer)\nMonachrome rejected open team sheets.\n|\n|t:|1681777864\n|start\n|switch|p1a: Quiet kid|Dudunsparce-Three-Segment, L50, M|100\/100\n|switch|p1b: Peter Quill|Jolteon, L50, M|100\/100\n|switch|p2a: Ting-Lu|Ting-Lu, L50|100\/100\n|switch|p2b: Corviknight|Corviknight, L50, M|100\/100\n|-ability|p2a: Ting-Lu|Vessel of Ruin\n|turn|1\n|\n|t:|1681777888\n|switch|p2b: Rotom|Rotom-Wash, L50|100\/100\n|-terastallize|p1a: Quiet kid|Psychic\n|move|p1b: Peter Quill|Pin Missile|p1a: Quiet kid\n|-supereffective|p1a: Quiet kid\n|-damage|p1a: Quiet kid|92\/100\n|-ability|p1a: Quiet kid|Rattled|boost\n|-boost|p1a: Quiet kid|spe|1\n|-enditem|p1a: Quiet kid|Weakness Policy\n|-boost|p1a: Quiet kid|atk|2|[from] item: Weakness Policy\n|-boost|p1a: Quiet kid|spa|2|[from] item: Weakness Policy\n|-supereffective|p1a: Quiet kid\n|-damage|p1a: Quiet kid|83\/100\n|-ability|p1a: Quiet kid|Rattled|boost\n|-boost|p1a: Quiet kid|spe|1\n|-supereffective|p1a: Quiet kid\n|-crit|p1a: Quiet kid\n|-damage|p1a: Quiet kid|70\/100\n|-ability|p1a: Quiet kid|Rattled|boost\n|-boost|p1a: Quiet kid|spe|1\n|-supereffective|p1a: Quiet kid\n|-crit|p1a: Quiet kid\n|-damage|p1a: Quiet kid|57\/100\n|-ability|p1a: Quiet kid|Rattled|boost\n|-boost|p1a: Quiet kid|spe|1\n|-hitcount|p1a: Quiet kid|4\n|move|p1a: Quiet kid|Ice Beam|p2a: Ting-Lu\n|-supereffective|p2a: Ting-Lu\n|-damage|p2a: Ting-Lu|62\/100\n|move|p2a: Ting-Lu|Stomping Tantrum|p1b: Peter Quill\n|-supereffective|p1b: Peter Quill\n|-damage|p1b: Peter Quill|0 fnt\n|faint|p1b: Peter Quill\n|\n|upkeep\n|\n|t:|1681777911\n|switch|p1b: plastic|Flamigo, L50, F|100\/100\n|-copyboost|p1b: plastic|p1a: Quiet kid|[from] ability: Costar\n|turn|2\n|inactive|KoramTrainer has 30 seconds left.\n|\n|t:|1681777937\n|switch|p2a: Flutter Mane|Flutter Mane, L50|100\/100\n|-enditem|p2a: Flutter Mane|Booster Energy\n|-activate|p2a: Flutter Mane|ability: Protosynthesis|[fromitem]\n|-start|p2a: Flutter Mane|protosynthesisspe\n|-terastallize|p2b: Rotom|Electric\n|move|p1b: plastic|Close Combat|p2a: Flutter Mane\n|-immune|p2a: Flutter Mane\n|move|p1a: Quiet kid|Stored Power|p2b: Rotom\n|-damage|p2b: Rotom|0 fnt\n|faint|p2b: Rotom\n|\n|upkeep\n|\n|t:|1681777949\n|switch|p2b: Corviknight|Corviknight, L50, M|100\/100\n|turn|3\n|\n|t:|1681777971\n|move|p2a: Flutter Mane|Protect|p2a: Flutter Mane\n|-singleturn|p2a: Flutter Mane|Protect\n|move|p1b: plastic|Acrobatics|p2a: Flutter Mane\n|-activate|p2a: Flutter Mane|move: Protect\n|move|p1a: Quiet kid|Ice Beam|p2b: Corviknight\n|-damage|p2b: Corviknight|52\/100\n|move|p2b: Corviknight|Brave Bird|p1b: plastic\n|-supereffective|p1b: plastic\n|-damage|p1b: plastic|0 fnt\n|faint|p1b: plastic\n|-damage|p2b: Corviknight|26\/100|[from] Recoil\n|\n|-heal|p2b: Corviknight|32\/100|[from] item: Leftovers\n|upkeep\n|\n|t:|1681777973\n|switch|p1b: Flutter Mane|Flutter Mane, L50|100\/100\n|-enditem|p1b: Flutter Mane|Booster Energy\n|-activate|p1b: Flutter Mane|ability: Protosynthesis|[fromitem]\n|-start|p1b: Flutter Mane|protosynthesisspe\n|turn|4\n|\n|t:|1681778007\n|switch|p2b: Ting-Lu|Ting-Lu, L50|62\/100\n|-ability|p2b: Ting-Lu|Vessel of Ruin\n|move|p1a: Quiet kid|Stored Power|p2a: Flutter Mane\n|-damage|p2a: Flutter Mane|0 fnt\n|faint|p2a: Flutter Mane\n|-end|p2a: Flutter Mane|Protosynthesis|[silent]\n|move|p1b: Flutter Mane|Shadow Ball|p2b: Ting-Lu\n|-resisted|p2b: Ting-Lu\n|-damage|p2b: Ting-Lu|55\/100\n|-unboost|p2b: Ting-Lu|spd|1\n|\n|upkeep\n|\n|t:|1681778018\n|switch|p2a: Corviknight|Corviknight, L50, M|32\/100\n|turn|5\n|\n|t:|1681778027\n|move|p1a: Quiet kid|Ice Beam|p2b: Ting-Lu\n|-supereffective|p2b: Ting-Lu\n|-damage|p2b: Ting-Lu|1\/100\n|move|p1b: Flutter Mane|Shadow Ball|p2a: Corviknight\n|-damage|p2a: Corviknight|2\/100\n|move|p2a: Corviknight|Iron Head|p1b: Flutter Mane\n|-supereffective|p1b: Flutter Mane\n|-damage|p1b: Flutter Mane|0 fnt\n|faint|p1b: Flutter Mane\n|-end|p1b: Flutter Mane|Protosynthesis|[silent]\n|move|p2b: Ting-Lu|Fissure|p1a: Quiet kid|[miss]\n|-miss|p2b: Ting-Lu|p1a: Quiet kid\n|\n|-heal|p2a: Corviknight|8\/100|[from] item: Leftovers\n|upkeep\n|turn|6\n|\n|t:|1681778047\n|move|p1a: Quiet kid|Boomburst|p2b: Ting-Lu|[spread] p2a,p2b\n|-resisted|p2a: Corviknight\n|-damage|p2a: Corviknight|0 fnt\n|-damage|p2b: Ting-Lu|0 fnt\n|faint|p2a: Corviknight\n|faint|p2b: Ting-Lu\n|\n|win|Monachrome\n|raw|Monachrome's rating: 1231 → 1253<\/strong> (+22 for winning)\n|raw|KoramTrainer's rating: 1186 → 1164<\/strong> (-22 for losing)\n","uploadtime":1681778054,"views":16,"p1id":"monachrome","p2id":"koramtrainer","formatid":"gen9vgc2023regulationc","rating":1164,"private":0,"password":""}