{"id":"gen9vgc2023regulationc-1859237099","p1":"0l0f3rn3","p2":"Charlisito","format":"[Gen 9] VGC 2023 Regulation C","log":"|j|\u26060l0f3rn3\n|j|\u2606Charlisito\n|t:|1683422071\n|gametype|doubles\n|player|p1|0l0f3rn3|266|1342\n|player|p2|Charlisito|101|1401\n|teamsize|p1|6\n|teamsize|p2|6\n|gen|9\n|tier|[Gen 9] VGC 2023 Regulation C\n|rated|\n|rule|Species Clause: Limit one of each Pok\u00e9mon\n|rule|Item Clause: Limit one of each item\n|clearpoke\n|poke|p1|Torkoal, L50, M|\n|poke|p1|Flutter Mane, L50|\n|poke|p1|Jumpluff, L50, F|\n|poke|p1|Roaring Moon, L50|\n|poke|p1|Brute Bonnet, L50|\n|poke|p1|Farigiraf, L50, M|\n|poke|p2|Bellibolt, L50, F|\n|poke|p2|Palafin, L50, M|\n|poke|p2|Arcanine, L50, M|\n|poke|p2|Amoonguss, L50, M|\n|poke|p2|Flutter Mane, L50|\n|poke|p2|Ting-Lu, L50|\n|teampreview|4\n|\n|t:|1683422088\n|start\n|switch|p1a: Jumpluff|Jumpluff, L50, F|100\/100\n|switch|p1b: Roaring Moon|Roaring Moon, L50|100\/100\n|switch|p2a: Arcanine|Arcanine, L50, M|100\/100\n|switch|p2b: Palafin|Palafin, L50, M|100\/100\n|-ability|p2a: Arcanine|Intimidate|boost\n|-unboost|p1a: Jumpluff|atk|1\n|-unboost|p1b: Roaring Moon|atk|1\n|turn|1\n|\n|t:|1683422113\n|-terastallize|p1b: Roaring Moon|Ground\n|-terastallize|p2a: Arcanine|Water\n|move|p1a: Jumpluff|Absorb|p1b: Roaring Moon\n|-supereffective|p1b: Roaring Moon\n|-damage|p1b: Roaring Moon|94\/100\n|-enditem|p1b: Roaring Moon|Weakness Policy\n|-boost|p1b: Roaring Moon|atk|2|[from] item: Weakness Policy\n|-boost|p1b: Roaring Moon|spa|2|[from] item: Weakness Policy\n|move|p1b: Roaring Moon|Earthquake|p2a: Arcanine|[spread] p2a,p2b\n|-immune|p1a: Jumpluff\n|-damage|p2a: Arcanine|25\/100\n|-damage|p2b: Palafin|19\/100\n|move|p2a: Arcanine|Will-O-Wisp|p1b: Roaring Moon\n|-status|p1b: Roaring Moon|brn\n|move|p2b: Palafin|Substitute|p2b: Palafin\n|-fail|p2b: Palafin|move: Substitute|[weak]\n|\n|-damage|p1b: Roaring Moon|88\/100 brn|[from] brn\n|upkeep\n|turn|2\n|\n|t:|1683422154\n|switch|p2a: Ting-Lu|Ting-Lu, L50|100\/100\n|-ability|p2a: Ting-Lu|Vessel of Ruin\n|move|p1a: Jumpluff|Rage Powder|p1a: Jumpluff\n|-singleturn|p1a: Jumpluff|move: Rage Powder\n|move|p2b: Palafin|Jet Punch|p1a: Jumpluff\n|-resisted|p1a: Jumpluff\n|-damage|p1a: Jumpluff|84\/100\n|move|p1b: Roaring Moon|Earthquake|p2a: Ting-Lu|[spread] p2a,p2b\n|-immune|p1a: Jumpluff\n|-crit|p2a: Ting-Lu\n|-damage|p2a: Ting-Lu|73\/100\n|-damage|p2b: Palafin|0 fnt\n|faint|p2b: Palafin\n|\n|-heal|p2a: Ting-Lu|79\/100|[from] item: Leftovers\n|-damage|p1b: Roaring Moon|83\/100 brn|[from] brn\n|upkeep\n|\n|t:|1683422164\n|switch|p2b: Flutter Mane|Flutter Mane, L50|100\/100\n|-enditem|p2b: Flutter Mane|Booster Energy\n|-activate|p2b: Flutter Mane|ability: Protosynthesis|[fromitem]\n|-start|p2b: Flutter Mane|protosynthesisspa\n|turn|3\n|\n|t:|1683422178\n|move|p1b: Roaring Moon|Protect|p1b: Roaring Moon\n|-singleturn|p1b: Roaring Moon|Protect\n|move|p2b: Flutter Mane|Dazzling Gleam|p1a: Jumpluff|[spread] p1a\n|-activate|p1b: Roaring Moon|move: Protect\n|-damage|p1a: Jumpluff|52\/100\n|move|p1a: Jumpluff|Tailwind|p1a: Jumpluff\n|-sidestart|p1: 0l0f3rn3|move: Tailwind\n|move|p2a: Ting-Lu|Heavy Slam|p1a: Jumpluff\n|-damage|p1a: Jumpluff|10\/100\n|\n|-heal|p2a: Ting-Lu|85\/100|[from] item: Leftovers\n|-damage|p1b: Roaring Moon|77\/100 brn|[from] brn\n|upkeep\n|turn|4\n|\n|t:|1683422198\n|switch|p2a: Arcanine|Arcanine, L50, M, tera:Water|25\/100\n|-ability|p2a: Arcanine|Intimidate|boost\n|-unboost|p1a: Jumpluff|atk|1\n|-unboost|p1b: Roaring Moon|atk|1\n|move|p1a: Jumpluff|Rage Powder|p1a: Jumpluff\n|-singleturn|p1a: Jumpluff|move: Rage Powder\n|move|p1b: Roaring Moon|Earthquake|p2b: Flutter Mane|[spread] p2a,p2b\n|-immune|p1a: Jumpluff\n|-damage|p2a: Arcanine|3\/100\n|-damage|p2b: Flutter Mane|58\/100\n|move|p2b: Flutter Mane|Dazzling Gleam|p1a: Jumpluff|[spread] p1a,p1b\n|-damage|p1a: Jumpluff|0 fnt\n|-damage|p1b: Roaring Moon|36\/100 brn\n|faint|p1a: Jumpluff\n|\n|-damage|p1b: Roaring Moon|30\/100 brn|[from] brn\n|upkeep\n|\n|t:|1683422212\n|switch|p1a: Flutter Mane|Flutter Mane, L50|100\/100\n|turn|5\n|\n|t:|1683422251\n|move|p2b: Flutter Mane|Protect|p2b: Flutter Mane\n|-singleturn|p2b: Flutter Mane|Protect\n|move|p2a: Arcanine|Extreme Speed|p1b: Roaring Moon\n|-damage|p1b: Roaring Moon|4\/100 brn\n|move|p1b: Roaring Moon|Rock Slide|p2b: Flutter Mane|[spread] p2a\n|-activate|p2b: Flutter Mane|move: Protect\n|-damage|p2a: Arcanine|0 fnt\n|faint|p2a: Arcanine\n|move|p1a: Flutter Mane|Dazzling Gleam|p2b: Flutter Mane\n|-activate|p2b: Flutter Mane|move: Protect\n|\n|-damage|p1b: Roaring Moon|0 fnt|[from] brn\n|faint|p1b: Roaring Moon\n|-end|p1b: Roaring Moon|Protosynthesis|[silent]\n|upkeep\n|\n|t:|1683422266\n|switch|p1b: Farigiraf|Farigiraf, L50, M|100\/100\n|switch|p2a: Ting-Lu|Ting-Lu, L50|85\/100\n|-ability|p2a: Ting-Lu|Vessel of Ruin\n|turn|6\n|\n|t:|1683422282\n|move|p1a: Flutter Mane|Dazzling Gleam|p2b: Flutter Mane|[spread] p2a,p2b\n|-supereffective|p2a: Ting-Lu\n|-damage|p2a: Ting-Lu|35\/100\n|-damage|p2b: Flutter Mane|23\/100\n|move|p2b: Flutter Mane|Moonblast|p1b: Farigiraf\n|-damage|p1b: Farigiraf|52\/100\n|move|p1b: Farigiraf|Sunny Day|p1b: Farigiraf\n|-weather|SunnyDay\n|-activate|p1a: Flutter Mane|ability: Protosynthesis\n|-start|p1a: Flutter Mane|protosynthesisspa\n|move|p2a: Ting-Lu|Heavy Slam|p1a: Flutter Mane\n|-supereffective|p1a: Flutter Mane\n|-damage|p1a: Flutter Mane|4\/100\n|\n|-weather|SunnyDay|[upkeep]\n|-heal|p2a: Ting-Lu|41\/100|[from] item: Leftovers\n|-sideend|p1: 0l0f3rn3|move: Tailwind\n|upkeep\n|turn|7\n|\n|t:|1683422304\n|move|p2b: Flutter Mane|Dazzling Gleam|p1b: Farigiraf|[spread] p1a,p1b\n|-damage|p1a: Flutter Mane|0 fnt\n|-damage|p1b: Farigiraf|23\/100\n|faint|p1a: Flutter Mane\n|-end|p1a: Flutter Mane|Protosynthesis|[silent]\n|move|p1b: Farigiraf|Psyshock|p2b: Flutter Mane\n|-damage|p2b: Flutter Mane|0 fnt\n|faint|p2b: Flutter Mane\n|-end|p2b: Flutter Mane|Protosynthesis|[silent]\n|move|p2a: Ting-Lu|Stomping Tantrum|p1b: Farigiraf\n|-damage|p1b: Farigiraf|0 fnt\n|faint|p1b: Farigiraf\n|\n|win|Charlisito\n|raw|0l0f3rn3's rating: 1342 → 1325<\/strong> (-17 for losing)\n|raw|Charlisito's rating: 1401 → 1418<\/strong> (+17 for winning)\n|l|\u26060l0f3rn3\n","uploadtime":1683422314,"views":8,"p1id":"0l0f3rn3","p2id":"charlisito","formatid":"gen9vgc2023regulationc","rating":1325,"private":0,"password":""}