{"id":"gen9vgc2023regulationc-1856614743","p1":"potinki","p2":"Lisithea","format":"[Gen 9] VGC 2023 Regulation C","log":"|j|\u2606potinki\n|j|\u2606Lisithea\n|t:|1683082752\n|gametype|doubles\n|player|p1|potinki|acerola|1372\n|player|p2|Lisithea|lady-gen4|1455\n|teamsize|p1|6\n|teamsize|p2|6\n|gen|9\n|tier|[Gen 9] VGC 2023 Regulation C\n|rated|\n|rule|Species Clause: Limit one of each Pok\u00e9mon\n|rule|Item Clause: Limit one of each item\n|clearpoke\n|poke|p1|Kingambit, L50, M|\n|poke|p1|Dondozo, L50, F|\n|poke|p1|Torkoal, L50, M|\n|poke|p1|Tatsugiri, L50, M|\n|poke|p1|Indeedee-F, L50, F|\n|poke|p1|Hatterene, L50, F|\n|poke|p2|Hatterene, L50, F|\n|poke|p2|Hariyama, L50, F|\n|poke|p2|Ting-Lu, L50|\n|poke|p2|Oranguru, L50, M|\n|poke|p2|Bellibolt, L50, M|\n|poke|p2|Amoonguss, L50, F|\n|teampreview|4\n|\n|t:|1683082781\n|start\n|switch|p1a: Dondozo|Dondozo, L50, F|100\/100\n|switch|p1b: Indeedee|Indeedee-F, L50, F, shiny|100\/100\n|switch|p2a: Oranguru|Oranguru, L50, M|100\/100\n|switch|p2b: Ting-Lu|Ting-Lu, L50|100\/100\n|-fieldstart|move: Psychic Terrain|[from] ability: Psychic Surge|[of] p1b: Indeedee\n|-enditem|p1b: Indeedee|Psychic Seed\n|-boost|p1b: Indeedee|spd|1|[from] item: Psychic Seed\n|-ability|p2b: Ting-Lu|Vessel of Ruin\n|turn|1\n|\n|t:|1683082809\n|switch|p1b: Tatsugiri|Tatsugiri, L50, M|100\/100\n|-activate|p1b: Tatsugiri|ability: Commander|[of] p1a: Dondozo\n|-boost|p1a: Dondozo|atk|2\n|-boost|p1a: Dondozo|spa|2\n|-boost|p1a: Dondozo|spe|2\n|-boost|p1a: Dondozo|def|2\n|-boost|p1a: Dondozo|spd|2\n|switch|p2a: Amoonguss|Amoonguss, L50, F|100\/100\n|-terastallize|p2b: Ting-Lu|Grass\n|move|p1a: Dondozo|Wave Crash|p2b: Ting-Lu\n|-resisted|p2b: Ting-Lu\n|-damage|p2b: Ting-Lu|46\/100\n|-damage|p1a: Dondozo|82\/100|[from] Recoil\n|move|p2b: Ting-Lu|Throat Chop|p1b: Tatsugiri|[miss]\n|-miss|p2b: Ting-Lu|p1b: Tatsugiri\n|\n|upkeep\n|turn|2\n|\n|t:|1683082833\n|-terastallize|p1a: Dondozo|Grass\n|move|p1a: Dondozo|Wave Crash|p2b: Ting-Lu\n|-resisted|p2b: Ting-Lu\n|-damage|p2b: Ting-Lu|0 fnt\n|faint|p2b: Ting-Lu\n|-damage|p1a: Dondozo|67\/100|[from] Recoil\n|move|p2a: Amoonguss|Clear Smog|p1a: Dondozo\n|-supereffective|p1a: Dondozo\n|-damage|p1a: Dondozo|54\/100\n|-clearboost|p1a: Dondozo\n|\n|upkeep\n|\n|t:|1683082847\n|switch|p2b: Oranguru|Oranguru, L50, M|100\/100\n|turn|3\n|\n|t:|1683082865\n|switch|p2a: Bellibolt|Bellibolt, L50, M|100\/100\n|move|p1a: Dondozo|Wave Crash|p2b: Oranguru\n|-damage|p2b: Oranguru|12\/100\n|-enditem|p2b: Oranguru|Sitrus Berry|[eat]\n|-heal|p2b: Oranguru|37\/100|[from] item: Sitrus Berry\n|-damage|p1a: Dondozo|29\/100|[from] Recoil\n|move|p2b: Oranguru|Trick Room|p2b: Oranguru\n|-fieldstart|move: Trick Room|[of] p2b: Oranguru\n|\n|upkeep\n|turn|4\n|\n|t:|1683082884\n|move|p1a: Dondozo|Wave Crash|p2b: Oranguru\n|-damage|p2b: Oranguru|0 fnt\n|faint|p2b: Oranguru\n|-damage|p1a: Dondozo|18\/100|[from] Recoil\n|move|p2a: Bellibolt|Acid Spray|p1a: Dondozo\n|-supereffective|p1a: Dondozo\n|-damage|p1a: Dondozo|0 fnt\n|faint|p1a: Dondozo\n|\n|upkeep\n|\n|t:|1683082896\n|switch|p1a: Hatterene|Hatterene, L50, F|100\/100\n|switch|p2b: Amoonguss|Amoonguss, L50, F|100\/100\n|turn|5\n|\n|t:|1683082914\n|move|p1a: Hatterene|Psychic|p2b: Amoonguss\n|-supereffective|p2b: Amoonguss\n|-damage|p2b: Amoonguss|0 fnt\n|faint|p2b: Amoonguss\n|-damage|p1a: Hatterene|91\/100|[from] item: Life Orb\n|move|p2a: Bellibolt|Acid Spray|p1a: Hatterene\n|-supereffective|p1a: Hatterene\n|-damage|p1a: Hatterene|65\/100\n|-unboost|p1a: Hatterene|spd|2\n|move|p1b: Tatsugiri|Draco Meteor|p2a: Bellibolt\n|-damage|p2a: Bellibolt|41\/100\n|-unboost|p1b: Tatsugiri|spa|2\n|-start|p2a: Bellibolt|Charge|Draco Meteor|[from] ability: Electromorphosis\n|\n|-fieldend|move: Psychic Terrain\n|upkeep\n|turn|6\n|\n|t:|1683082932\n|switch|p1b: Indeedee|Indeedee-F, L50, F, shiny|100\/100\n|-fieldstart|move: Psychic Terrain|[from] ability: Psychic Surge|[of] p1b: Indeedee\n|move|p1a: Hatterene|Psychic|p2a: Bellibolt\n|-damage|p2a: Bellibolt|0 fnt\n|faint|p2a: Bellibolt\n|-damage|p1a: Hatterene|55\/100|[from] item: Life Orb\n|\n|win|potinki\n|raw|potinki's rating: 1372 → 1397<\/strong> (+25 for winning)\n|raw|Lisithea's rating: 1455 → 1430<\/strong> (-25 for losing)\n","uploadtime":1683082944,"views":10,"p1id":"potinki","p2id":"lisithea","formatid":"gen9vgc2023regulationc","rating":1397,"private":0,"password":""}