{"id":"gen9vgc2023regulationc-1861837145","p1":"poopidiscoop","p2":"RazorSquid","format":"[Gen 9] VGC 2023 Regulation C","log":"|j|\u2606poopidiscoop\n|j|\u2606RazorSquid\n|t:|1683813624\n|gametype|doubles\n|player|p1|poopidiscoop|pokemonbreeder-gen4|1204\n|player|p2|RazorSquid|roughneck-gen4|1195\n|teamsize|p1|6\n|teamsize|p2|6\n|gen|9\n|tier|[Gen 9] VGC 2023 Regulation C\n|rated|\n|rule|Species Clause: Limit one of each Pok\u00e9mon\n|rule|Item Clause: Limit one of each item\n|clearpoke\n|poke|p1|Chi-Yu, L50|\n|poke|p1|Iron Bundle, L50|\n|poke|p1|Glimmora, L50, M|\n|poke|p1|Dragonite, L50, M|\n|poke|p1|Dondozo, L50, F|\n|poke|p1|Tatsugiri, L50, M|\n|poke|p2|Muk, L50, F|\n|poke|p2|Tyranitar, L50, F|\n|poke|p2|Lycanroc, L50, F|\n|poke|p2|Flutter Mane, L50|\n|poke|p2|Amoonguss, L50, F|\n|poke|p2|Gyarados, L50, M|\n|teampreview|4\n|inactive|Battle timer is ON: inactive players will automatically lose when time's up. (requested by RazorSquid)\n|\n|t:|1683813646\n|start\n|switch|p1a: Tatsugiri|Tatsugiri, L50, M|100\/100\n|switch|p1b: Chi-Yu|Chi-Yu, L50|100\/100\n|switch|p2a: Muk|Muk, L50, F, shiny|100\/100\n|switch|p2b: Flutter Mane|Flutter Mane, L50|100\/100\n|-ability|p1b: Chi-Yu|Beads of Ruin\n|turn|1\n|\n|t:|1683813666\n|move|p1a: Tatsugiri|Icy Wind|p2a: Muk|[spread] p2b\n|-miss|p1a: Tatsugiri|p2a: Muk\n|-damage|p2b: Flutter Mane|81\/100\n|-unboost|p2b: Flutter Mane|spe|1\n|move|p1b: Chi-Yu|Heat Wave|p2a: Muk|[spread] p2a,p2b\n|-damage|p2a: Muk|30\/100\n|-damage|p2b: Flutter Mane|4\/100\n|-enditem|p2a: Muk|Sitrus Berry|[eat]\n|-heal|p2a: Muk|55\/100|[from] item: Sitrus Berry\n|move|p2b: Flutter Mane|Dazzling Gleam|p1b: Chi-Yu|[spread] p1a,p1b\n|-supereffective|p1a: Tatsugiri\n|-damage|p1a: Tatsugiri|0 fnt\n|-damage|p1b: Chi-Yu|38\/100\n|faint|p1a: Tatsugiri\n|move|p2a: Muk|Haze|p2a: Muk\n|-clearallboost\n|\n|upkeep\n|\n|t:|1683813677\n|switch|p1a: Dragonite|Dragonite, L50, M|100\/100\n|turn|2\n|inactive|RazorSquid has 30 seconds left.\n|inactive|RazorSquid has 20 seconds left.\n|inactive|RazorSquid has 15 seconds left.\n|inactive|RazorSquid has 10 seconds left.\n|inactive|RazorSquid has 5 seconds left.\n|\n|t:|1683813732\n|-terastallize|p1a: Dragonite|Flying\n|move|p2b: Flutter Mane|Dazzling Gleam|p1b: Chi-Yu|[spread] p1a,p1b\n|-damage|p1a: Dragonite|62\/100\n|-damage|p1b: Chi-Yu|0 fnt\n|faint|p1b: Chi-Yu\n|move|p1a: Dragonite|Tera Blast|p2a: Muk\n|-damage|p2a: Muk|0 fnt\n|faint|p2a: Muk\n|\n|upkeep\n|inactive|RazorSquid has 30 seconds left.\n|inactive|RazorSquid has 20 seconds left.\n|inactive|RazorSquid has 15 seconds left.\n|inactive|RazorSquid has 10 seconds left.\n|inactive|RazorSquid has 5 seconds left.\n|\n|t:|1683813787\n|switch|p1b: Dondozo|Dondozo, L50, F|100\/100\n|switch|p2a: Amoonguss|Amoonguss, L50, F|100\/100\n|turn|3\n|inactive|RazorSquid has 30 seconds left.\n|inactive|RazorSquid has 20 seconds left.\n|inactive|RazorSquid has 15 seconds left.\n|inactive|RazorSquid has 10 seconds left.\n|\n|t:|1683813836\n|-end|p2b: Flutter Mane|Protosynthesis|[silent]\n|switch|p2b: Gyarados|Gyarados, L50, M, shiny|100\/100\n|-ability|p2b: Gyarados|Intimidate|boost\n|-unboost|p1a: Dragonite|atk|1\n|-unboost|p1b: Dondozo|atk|1\n|move|p1a: Dragonite|Tera Blast|p2a: Amoonguss\n|-supereffective|p2a: Amoonguss\n|-damage|p2a: Amoonguss|0 fnt\n|faint|p2a: Amoonguss\n|move|p1b: Dondozo|Earthquake|p2b: Gyarados|[spread] \n|-immune|p1a: Dragonite\n|-immune|p2b: Gyarados\n|\n|upkeep\n|\n|t:|1683813843\n|switch|p2a: Flutter Mane|Flutter Mane, L50|4\/100\n|turn|4\n|\n|t:|1683813849\n|-terastallize|p2a: Flutter Mane|Fairy\n|move|p2a: Flutter Mane|Dazzling Gleam|p1a: Dragonite|[spread] p1a,p1b\n|-damage|p1a: Dragonite|0 fnt\n|-damage|p1b: Dondozo|48\/100\n|faint|p1a: Dragonite\n|move|p2b: Gyarados|Thunder Wave|p1b: Dondozo\n|-status|p1b: Dondozo|par\n|cant|p1b: Dondozo|par\n|\n|-heal|p1b: Dondozo|54\/100 par|[from] item: Leftovers\n|upkeep\n|turn|5\n|-message|poopidiscoop forfeited.\n|\n|win|RazorSquid\n|raw|poopidiscoop's rating: 1204 → 1178<\/strong> (-26 for losing)\n|raw|RazorSquid's rating: 1195 → 1221<\/strong> (+26 for winning)\n","uploadtime":1683813861,"views":15,"p1id":"poopidiscoop","p2id":"razorsquid","formatid":"gen9vgc2023regulationc","rating":1178,"private":0,"password":""}