{"id":"gen9vgc2023regulationc-1860053426","p1":"Eliseo1995","p2":"cowboy boot killer","format":"[Gen 9] VGC 2023 Regulation C","log":"|j|\u2606Eliseo1995\n|j|\u2606cowboy boot killer\n|t:|1683589719\n|gametype|doubles\n|player|p1|Eliseo1995|bugcatcher-gen4dp|1325\n|player|p2|cowboy boot killer|2|1224\n|teamsize|p1|6\n|teamsize|p2|6\n|gen|9\n|tier|[Gen 9] VGC 2023 Regulation C\n|rated|\n|rule|Species Clause: Limit one of each Pok\u00e9mon\n|rule|Item Clause: Limit one of each item\n|clearpoke\n|poke|p1|Iron Hands, L50|\n|poke|p1|Gyarados, L50, M|\n|poke|p1|Amoonguss, L50, F|\n|poke|p1|Scream Tail, L50|\n|poke|p1|Pelipper, L50, M|\n|poke|p1|Gastrodon, L50, F|\n|poke|p2|Chi-Yu, L50|\n|poke|p2|Flutter Mane, L50|\n|poke|p2|Sandy Shocks, L50|\n|poke|p2|Espathra, L50, F|\n|poke|p2|Toedscruel, L50, F|\n|poke|p2|Gothitelle, L50, F|\n|teampreview|4\n|inactive|Battle timer is ON: inactive players will automatically lose when time's up. (requested by Eliseo1995)\n|inactive|cowboy boot killer has 60 seconds left.\n|\n|t:|1683589762\n|start\n|switch|p1a: Pelipper|Pelipper, L50, M|100\/100\n|switch|p1b: Gastrodon|Gastrodon, L50, F|100\/100\n|switch|p2a: Espathra|Espathra, L50, F, shiny|100\/100\n|switch|p2b: Sandy Shocks|Sandy Shocks, L50, shiny|100\/100\n|-weather|RainDance|[from] ability: Drizzle|[of] p1a: Pelipper\n|-enditem|p2b: Sandy Shocks|Booster Energy\n|-activate|p2b: Sandy Shocks|ability: Protosynthesis|[fromitem]\n|-start|p2b: Sandy Shocks|protosynthesisspe\n|turn|1\n|inactive|Eliseo1995 has 30 seconds left.\n|inactive|Eliseo1995 has 20 seconds left.\n|\n|t:|1683589801\n|-terastallize|p1a: Pelipper|Poison\n|move|p2b: Sandy Shocks|Gravity|p2b: Sandy Shocks\n|-fieldstart|move: Gravity\n|move|p2a: Espathra|Hypnosis|p1a: Pelipper\n|-status|p1a: Pelipper|slp|[from] move: Hypnosis\n|cant|p1a: Pelipper|slp\n|move|p1b: Gastrodon|Surf|p2a: Espathra|[spread] p1a,p2a,p2b\n|-supereffective|p2b: Sandy Shocks\n|-enditem|p1a: Pelipper|Focus Sash\n|-damage|p1a: Pelipper|1\/100 slp\n|-damage|p2a: Espathra|13\/100\n|-damage|p2b: Sandy Shocks|0 fnt\n|faint|p2b: Sandy Shocks\n|-end|p2b: Sandy Shocks|Protosynthesis|[silent]\n|-damage|p1b: Gastrodon|91\/100|[from] item: Life Orb\n|\n|-weather|RainDance|[upkeep]\n|-ability|p2a: Espathra|Speed Boost|boost\n|-boost|p2a: Espathra|spe|1\n|upkeep\n|\n|t:|1683589815\n|switch|p2b: Toedscruel|Toedscruel, L50, F|100\/100\n|turn|2\n|\n|t:|1683589833\n|move|p2b: Toedscruel|Protect|p2b: Toedscruel\n|-singleturn|p2b: Toedscruel|Protect\n|move|p2a: Espathra|Hypnosis|p1b: Gastrodon\n|-status|p1b: Gastrodon|slp|[from] move: Hypnosis\n|cant|p1a: Pelipper|slp\n|cant|p1b: Gastrodon|slp\n|\n|-weather|RainDance|[upkeep]\n|-ability|p2a: Espathra|Speed Boost|boost\n|-boost|p2a: Espathra|spe|1\n|upkeep\n|turn|3\n|\n|t:|1683589848\n|-curestatus|p1b: Gastrodon|slp|[msg]\n|move|p1b: Gastrodon|Protect|p1b: Gastrodon\n|-singleturn|p1b: Gastrodon|Protect\n|move|p2a: Espathra|Skill Swap|p2b: Toedscruel\n|-activate|p2a: Espathra|move: Skill Swap|||[of] p2b: Toedscruel\n|move|p2b: Toedscruel|Giga Drain|p1a: Pelipper\n|-resisted|p1a: Pelipper\n|-damage|p1a: Pelipper|0 fnt\n|faint|p1a: Pelipper\n|\n|-weather|RainDance|[upkeep]\n|-ability|p2b: Toedscruel|Speed Boost|boost\n|-boost|p2b: Toedscruel|spe|1\n|upkeep\n|\n|t:|1683589867\n|switch|p1a: Gyarados|Gyarados, L50, M|100\/100\n|-ability|p1a: Gyarados|Intimidate|boost\n|-unboost|p2a: Espathra|atk|1\n|-unboost|p2b: Toedscruel|atk|1\n|turn|4\n|inactive|Eliseo1995 has 30 seconds left.\n|\n|t:|1683589893\n|switch|p1b: Scream Tail|Scream Tail, L50|100\/100\n|-enditem|p1b: Scream Tail|Booster Energy\n|-activate|p1b: Scream Tail|ability: Protosynthesis|[fromitem]\n|-start|p1b: Scream Tail|protosynthesisspe\n|move|p2b: Toedscruel|Protect|p2b: Toedscruel\n|-singleturn|p2b: Toedscruel|Protect\n|move|p1a: Gyarados|Waterfall|p2b: Toedscruel\n|-activate|p2b: Toedscruel|move: Protect\n|move|p2a: Espathra|Hypnosis|p1b: Scream Tail\n|-status|p1b: Scream Tail|slp|[from] move: Hypnosis\n|\n|-weather|RainDance|[upkeep]\n|-ability|p2b: Toedscruel|Speed Boost|boost\n|-boost|p2b: Toedscruel|spe|1\n|-enditem|p1a: Gyarados|Mirror Herb\n|-boost|p1a: Gyarados|spe|1|[from] item: Mirror Herb\n|upkeep\n|turn|5\n|inactive|Eliseo1995 has 30 seconds left.\n|\n|t:|1683589921\n|move|p2a: Espathra|Lumina Crash|p1a: Gyarados\n|-damage|p1a: Gyarados|68\/100\n|-unboost|p1a: Gyarados|spd|2\n|move|p2b: Toedscruel|Spore|p1a: Gyarados\n|-status|p1a: Gyarados|slp|[from] move: Spore\n|cant|p1b: Scream Tail|slp\n|cant|p1a: Gyarados|slp\n|\n|-weather|none\n|-fieldend|move: Gravity\n|-ability|p2b: Toedscruel|Speed Boost|boost\n|-boost|p2b: Toedscruel|spe|1\n|upkeep\n|turn|6\n|\n|t:|1683589940\n|move|p2b: Toedscruel|Giga Drain|p1a: Gyarados\n|-damage|p1a: Gyarados|18\/100 slp\n|move|p2a: Espathra|Lumina Crash|p1b: Scream Tail\n|-resisted|p1b: Scream Tail\n|-damage|p1b: Scream Tail|89\/100 slp\n|-unboost|p1b: Scream Tail|spd|2\n|cant|p1b: Scream Tail|slp\n|-curestatus|p1a: Gyarados|slp|[msg]\n|move|p1a: Gyarados|Waterfall|p2b: Toedscruel\n|-damage|p2b: Toedscruel|47\/100\n|-damage|p1a: Gyarados|2\/100|[from] item: Rocky Helmet|[of] p2b: Toedscruel\n|\n|-ability|p2b: Toedscruel|Speed Boost|boost\n|-boost|p2b: Toedscruel|spe|1\n|upkeep\n|turn|7\n|inactive|Eliseo1995 has 30 seconds left.\n|\n|t:|1683589965\n|move|p2b: Toedscruel|Giga Drain|p1b: Scream Tail\n|-damage|p1b: Scream Tail|45\/100 slp\n|-heal|p2b: Toedscruel|75\/100|[from] drain|[of] p1b: Scream Tail\n|move|p2a: Espathra|Lumina Crash|p1a: Gyarados\n|-damage|p1a: Gyarados|0 fnt\n|faint|p1a: Gyarados\n|cant|p1b: Scream Tail|slp\n|\n|-ability|p2b: Toedscruel|Speed Boost|boost\n|-boost|p2b: Toedscruel|spe|1\n|upkeep\n|-message|Eliseo1995 forfeited.\n|\n|win|cowboy boot killer\n|raw|Eliseo1995's rating: 1325 → 1299<\/strong> (-26 for losing)\n|raw|cowboy boot killer's rating: 1224 → 1256<\/strong> (+32 for winning)\n|l|\u2606Eliseo1995\n","uploadtime":1683590174,"views":22,"p1id":"eliseo1995","p2id":"cowboybootkiller","formatid":"gen9vgc2023regulationc","rating":1256,"private":0,"password":""}