{"id":"gen9vgc2023regulationc-1851577798","p1":"ThreeStar3","p2":"r3gCt3st","format":"[Gen 9] VGC 2023 Regulation C","log":"|j|\u2606ThreeStar3\n|j|\u2606r3gCt3st\n|t:|1682457488\n|gametype|doubles\n|player|p1|ThreeStar3|red|1167\n|player|p2|r3gCt3st|unknown|1251\n|teamsize|p1|6\n|teamsize|p2|4\n|gen|9\n|tier|[Gen 9] VGC 2023 Regulation C\n|rated|\n|rule|Species Clause: Limit one of each Pok\u00e9mon\n|rule|Item Clause: Limit one of each item\n|clearpoke\n|poke|p1|Iron Bundle, L50|\n|poke|p1|Tinkaton, L50, F|\n|poke|p1|Iron Hands, L50|\n|poke|p1|Gyarados, L50, F|\n|poke|p1|Arcanine, L50, F|\n|poke|p1|Gholdengo, L50|\n|poke|p2|Drifblim, L50, F|\n|poke|p2|Indeedee-F, L50, F|\n|poke|p2|Annihilape, L50, F|\n|poke|p2|Amoonguss, L50, F|\n|teampreview|4\n|\n|t:|1682457520\n|start\n|switch|p1a: Tinkaton|Tinkaton, L50, F|100\/100\n|switch|p1b: Gholdengo|Gholdengo, L50|100\/100\n|switch|p2a: Drifblim|Drifblim, L50, F|100\/100\n|switch|p2b: Indeedee|Indeedee-F, L50, F|100\/100\n|-ability|p1a: Tinkaton|Mold Breaker\n|-fieldstart|move: Psychic Terrain|[from] ability: Psychic Surge|[of] p2b: Indeedee\n|-enditem|p2a: Drifblim|Psychic Seed\n|-boost|p2a: Drifblim|spd|1|[from] item: Psychic Seed\n|turn|1\n|\n|t:|1682457553\n|-terastallize|p1b: Gholdengo|Steel\n|move|p2b: Indeedee|Follow Me|p2b: Indeedee\n|-singleturn|p2b: Indeedee|move: Follow Me\n|move|p2a: Drifblim|Minimize|p2a: Drifblim\n|-boost|p2a: Drifblim|evasion|2\n|move|p1b: Gholdengo|Nasty Plot|p1b: Gholdengo\n|-boost|p1b: Gholdengo|spa|2\n|move|p1a: Tinkaton|Thunder Wave|p2b: Indeedee\n|-status|p2b: Indeedee|par\n|\n|upkeep\n|turn|2\n|\n|t:|1682457569\n|move|p1a: Tinkaton|Helping Hand|p1b: Gholdengo\n|-singleturn|p1b: Gholdengo|Helping Hand|[of] p1a: Tinkaton\n|move|p2b: Indeedee|Follow Me|p2b: Indeedee\n|-singleturn|p2b: Indeedee|move: Follow Me\n|move|p2a: Drifblim|Minimize|p2a: Drifblim\n|-boost|p2a: Drifblim|evasion|2\n|move|p1b: Gholdengo|Make It Rain|p2b: Indeedee|[spread] p2b\n|-miss|p1b: Gholdengo|p2a: Drifblim\n|-damage|p2b: Indeedee|0 fnt\n|-unboost|p1b: Gholdengo|spa|1\n|faint|p2b: Indeedee\n|-damage|p1b: Gholdengo|91\/100|[from] item: Life Orb\n|\n|upkeep\n|\n|t:|1682457581\n|switch|p2b: Amoonguss|Amoonguss, L50, F|100\/100\n|turn|3\n|\n|t:|1682457592\n|move|p1a: Tinkaton|Helping Hand|p1b: Gholdengo\n|-singleturn|p1b: Gholdengo|Helping Hand|[of] p1a: Tinkaton\n|move|p2a: Drifblim|Baton Pass|p2a: Drifblim\n|\n|t:|1682457596\n|switch|p2a: Annihilape|Annihilape, L50, F|100\/100|[from] Baton Pass\n|move|p1b: Gholdengo|Make It Rain|p2b: Amoonguss|[spread] p2b\n|-miss|p1b: Gholdengo|p2a: Annihilape\n|-damage|p2b: Amoonguss|0 fnt\n|-unboost|p1b: Gholdengo|spa|1\n|faint|p2b: Amoonguss\n|-damage|p1b: Gholdengo|81\/100|[from] item: Life Orb\n|\n|upkeep\n|\n|t:|1682457605\n|switch|p2b: Drifblim|Drifblim, L50, F|100\/100\n|turn|4\n|\n|t:|1682457620\n|-terastallize|p2a: Annihilape|Fire\n|move|p1b: Gholdengo|Protect|p1b: Gholdengo\n|-singleturn|p1b: Gholdengo|Protect\n|move|p1a: Tinkaton|Thunder Wave|p2a: Annihilape\n|-status|p2a: Annihilape|par\n|move|p2b: Drifblim|Minimize|p2b: Drifblim\n|-boost|p2b: Drifblim|evasion|2\n|cant|p2a: Annihilape|par\n|\n|upkeep\n|turn|5\n|\n|t:|1682457637\n|move|p1b: Gholdengo|Nasty Plot|p1b: Gholdengo\n|-boost|p1b: Gholdengo|spa|2\n|move|p1a: Tinkaton|Thunder Wave|p2b: Drifblim\n|-status|p2b: Drifblim|par\n|move|p2a: Annihilape|Bulk Up|p2a: Annihilape\n|-boost|p2a: Annihilape|atk|1\n|-boost|p2a: Annihilape|def|1\n|move|p2b: Drifblim|Minimize|p2b: Drifblim\n|-boost|p2b: Drifblim|evasion|2\n|\n|-fieldend|move: Psychic Terrain\n|upkeep\n|turn|6\n|\n|t:|1682457654\n|move|p1a: Tinkaton|Helping Hand|p1b: Gholdengo\n|-singleturn|p1b: Gholdengo|Helping Hand|[of] p1a: Tinkaton\n|move|p1b: Gholdengo|Make It Rain|p2b: Drifblim|[spread] p2a,p2b\n|-resisted|p2a: Annihilape\n|-damage|p2a: Annihilape|42\/100 par\n|-damage|p2b: Drifblim|0 fnt\n|-unboost|p1b: Gholdengo|spa|1\n|faint|p2b: Drifblim\n|-damage|p1b: Gholdengo|71\/100|[from] item: Life Orb\n|move|p2a: Annihilape|Drain Punch|p1b: Gholdengo\n|-supereffective|p1b: Gholdengo\n|-damage|p1b: Gholdengo|0 fnt\n|-heal|p2a: Annihilape|70\/100 par|[from] drain|[of] p1b: Gholdengo\n|faint|p1b: Gholdengo\n|\n|-heal|p2a: Annihilape|76\/100 par|[from] item: Leftovers\n|upkeep\n|\n|t:|1682457673\n|switch|p1b: Gyarados|Gyarados, L50, F|100\/100\n|turn|7\n|\n|t:|1682457682\n|move|p1a: Tinkaton|Helping Hand|p1b: Gyarados\n|-singleturn|p1b: Gyarados|Helping Hand|[of] p1a: Tinkaton\n|move|p1b: Gyarados|Waterfall|p2a: Annihilape\n|-supereffective|p2a: Annihilape\n|-damage|p2a: Annihilape|3\/100 par\n|cant|p2a: Annihilape|flinch\n|\n|-heal|p2a: Annihilape|10\/100 par|[from] item: Leftovers\n|upkeep\n|turn|8\n|\n|t:|1682457695\n|move|p1a: Tinkaton|Helping Hand|p1b: Gyarados\n|-singleturn|p1b: Gyarados|Helping Hand|[of] p1a: Tinkaton\n|move|p1b: Gyarados|Waterfall|p2a: Annihilape|[miss]\n|-miss|p1b: Gyarados|p2a: Annihilape\n|move|p2a: Annihilape|Rage Fist|p1b: Gyarados\n|-damage|p1b: Gyarados|0 fnt\n|faint|p1b: Gyarados\n|\n|-heal|p2a: Annihilape|16\/100 par|[from] item: Leftovers\n|upkeep\n|\n|t:|1682457706\n|switch|p1b: Arcanine|Arcanine, L50, F|100\/100\n|-ability|p1b: Arcanine|Intimidate|boost\n|-unboost|p2a: Annihilape|atk|1\n|turn|9\n|\n|t:|1682457722\n|move|p1b: Arcanine|Flare Blitz|p2a: Annihilape\n|-resisted|p2a: Annihilape\n|-damage|p2a: Annihilape|3\/100 par\n|-damage|p1b: Arcanine|96\/100|[from] Recoil\n|move|p1a: Tinkaton|Gigaton Hammer|p2a: Annihilape|[miss]\n|-miss|p1a: Tinkaton|p2a: Annihilape\n|move|p2a: Annihilape|Drain Punch|p1b: Arcanine\n|-damage|p1b: Arcanine|65\/100\n|-heal|p2a: Annihilape|18\/100 par|[from] drain|[of] p1b: Arcanine\n|\n|-heal|p2a: Annihilape|24\/100 par|[from] item: Leftovers\n|upkeep\n|turn|10\n|\n|t:|1682457741\n|move|p1a: Tinkaton|Helping Hand|p1b: Arcanine\n|-singleturn|p1b: Arcanine|Helping Hand|[of] p1a: Tinkaton\n|move|p1b: Arcanine|Flare Blitz|p2a: Annihilape|[miss]\n|-miss|p1b: Arcanine|p2a: Annihilape\n|move|p2a: Annihilape|Drain Punch|p1b: Arcanine\n|-damage|p1b: Arcanine|36\/100\n|-heal|p2a: Annihilape|38\/100 par|[from] drain|[of] p1b: Arcanine\n|\n|-heal|p2a: Annihilape|44\/100 par|[from] item: Leftovers\n|upkeep\n|turn|11\n|\n|t:|1682457757\n|move|p1a: Tinkaton|Helping Hand|p1b: Arcanine\n|-singleturn|p1b: Arcanine|Helping Hand|[of] p1a: Tinkaton\n|move|p1b: Arcanine|Flare Blitz|p2a: Annihilape|[miss]\n|-miss|p1b: Arcanine|p2a: Annihilape\n|move|p2a: Annihilape|Rage Fist|p1a: Tinkaton\n|-damage|p1a: Tinkaton|21\/100\n|-enditem|p1a: Tinkaton|Sitrus Berry|[eat]\n|-heal|p1a: Tinkaton|46\/100|[from] item: Sitrus Berry\n|\n|-heal|p2a: Annihilape|50\/100 par|[from] item: Leftovers\n|upkeep\n|turn|12\n|\n|t:|1682457774\n|move|p1b: Arcanine|Flare Blitz|p2a: Annihilape|[miss]\n|-miss|p1b: Arcanine|p2a: Annihilape\n|move|p1a: Tinkaton|Gigaton Hammer|p2a: Annihilape\n|-resisted|p2a: Annihilape\n|-damage|p2a: Annihilape|38\/100 par\n|move|p2a: Annihilape|Rage Fist|p1b: Arcanine\n|-damage|p1b: Arcanine|0 fnt\n|faint|p1b: Arcanine\n|\n|-heal|p2a: Annihilape|44\/100 par|[from] item: Leftovers\n|upkeep\n|turn|13\n|-message|ThreeStar3 forfeited.\n|\n|win|r3gCt3st\n|raw|ThreeStar3's rating: 1167 → 1148<\/strong> (-19 for losing)\n|raw|r3gCt3st's rating: 1251 → 1270<\/strong> (+19 for winning)\n|l|\u2606ThreeStar3\n","uploadtime":1682457789,"views":15,"p1id":"threestar3","p2id":"r3gct3st","formatid":"gen9vgc2023regulationc","rating":1148,"private":0,"password":""}