{"id":"gen9vgc2023regulationc-1857018342","p1":"Nails","p2":"TabuVGC","format":"[Gen 9] VGC 2023 Regulation C","log":"|j|\u2606Nails\n|j|\u2606TabuVGC\n|t:|1683137287\n|gametype|doubles\n|player|p1|Nails|#scl2terrors|\n|player|p2|TabuVGC|alder|\n|teamsize|p1|6\n|teamsize|p2|6\n|gen|9\n|tier|[Gen 9] VGC 2023 Regulation C\n|rule|Species Clause: Limit one of each Pok\u00e9mon\n|rule|Item Clause: Limit one of each item\n|clearpoke\n|poke|p1|Great Tusk, L50|\n|poke|p1|Chi-Yu, L50|\n|poke|p1|Flutter Mane, L50|\n|poke|p1|Iron Bundle, L50|\n|poke|p1|Murkrow, L50, M|\n|poke|p1|Kingambit, L50, M|\n|poke|p2|Kingambit, L50, M|\n|poke|p2|Flutter Mane, L50|\n|poke|p2|Palafin, L50, M|\n|poke|p2|Iron Hands, L50|\n|poke|p2|Amoonguss, L50, F|\n|poke|p2|Arcanine, L50, M|\n|teampreview|4\n|c|\u2606TabuVGC|g3\nNails has agreed to open team sheets.\n|j| Svenvgc\n|j| JMOdri\n|j| PqlarBear\n|j| IchigoZangeCorner\n|j| duckpond\n|j| Oriol.plazai\n|j| tagmouse27\n|j| Anisphia\n|n|\u2606Nails|nails\n|n|\u2606Nails|nails\n|j| JoeUX9\n|j| NJ11VGC\n|l| NJ11VGC\n|j|+starmaster\n|j| Finabas\n|j| Izzy22x\n|l| JoeUX9\n|j| NJ11VGC\n|j| JoeUX9\n|l| Finabas\n|j| Bertigo\n|j| Orangex337\n|l| NJ11VGC\n|l| duckpond\n|c|\u2606TabuVGC|hf\nTabuVGC has agreed to open team sheets.\n|l| Oriol.plazai\n|j| Oriol.plazai\n|\n|t:|1683138594\n|start\n|switch|p1a: Murkrow|Murkrow, L50, M|100\/100\n|switch|p1b: Kingambit|Kingambit, L50, M|100\/100\n|switch|p2a: Amoonguss|Amoonguss, L50, F, shiny|100\/100\n|switch|p2b: Flutter Mane|Flutter Mane, L50|100\/100\n|-enditem|p2b: Flutter Mane|Booster Energy\n|-activate|p2b: Flutter Mane|ability: Protosynthesis|[fromitem]\n|-start|p2b: Flutter Mane|protosynthesisspa\n|turn|1\n|j| QueirozVGC\n|\n|t:|1683138631\n|move|p2a: Amoonguss|Rage Powder|p2a: Amoonguss\n|-singleturn|p2a: Amoonguss|move: Rage Powder\n|move|p1a: Murkrow|Taunt|p2a: Amoonguss\n|-start|p2a: Amoonguss|move: Taunt\n|move|p2b: Flutter Mane|Substitute|p2b: Flutter Mane\n|-start|p2b: Flutter Mane|Substitute\n|-damage|p2b: Flutter Mane|76\/100\n|move|p1b: Kingambit|Iron Head|p2a: Amoonguss\n|-damage|p2a: Amoonguss|65\/100\n|\n|upkeep\n|turn|2\n|j| KayDeeVGC\n|j| Ally\n|j| NoraaW\n|j| duckpond\n|j| NJ11VGC\n|j| Jarshall\n|l| Orangex337\n|j| A Borygon\n|\n|t:|1683138742\n|switch|p2a: Kingambit|Kingambit, L50, M, shiny|100\/100\n|move|p1a: Murkrow|Tailwind|p1a: Murkrow\n|-sidestart|p1: Nails|move: Tailwind\n|move|p2b: Flutter Mane|Moonblast|p1b: Kingambit\n|-damage|p1b: Kingambit|59\/100\n|-unboost|p1b: Kingambit|spa|1\n|-ability|p1b: Kingambit|Defiant|boost\n|-boost|p1b: Kingambit|atk|2\n|move|p1b: Kingambit|Iron Head|p2b: Flutter Mane\n|-supereffective|p2b: Flutter Mane\n|-end|p2b: Flutter Mane|Substitute\n|\n|upkeep\n|turn|3\n|\n|t:|1683138829\n|switch|p2a: Amoonguss|Amoonguss, L50, F, shiny|98\/100\n|move|p2b: Flutter Mane|Protect|p2b: Flutter Mane\n|-singleturn|p2b: Flutter Mane|Protect\n|move|p1a: Murkrow|Taunt|p2a: Amoonguss\n|-start|p2a: Amoonguss|move: Taunt\n|move|p1b: Kingambit|Iron Head|p2b: Flutter Mane\n|-activate|p2b: Flutter Mane|move: Protect\n|\n|upkeep\n|turn|4\n|l| KayDeeVGC\n|\n|t:|1683138852\n|-terastallize|p2b: Flutter Mane|Fairy\n|move|p1a: Murkrow|Taunt|p2b: Flutter Mane\n|-start|p2b: Flutter Mane|move: Taunt\n|move|p2b: Flutter Mane|Moonblast|p1b: Kingambit\n|-damage|p1b: Kingambit|0 fnt\n|faint|p1b: Kingambit\n|move|p2a: Amoonguss|Pollen Puff|p2b: Flutter Mane\n|-heal|p2b: Flutter Mane|100\/100\n|\n|upkeep\n|\n|t:|1683138858\n|switch|p1b: Chi-Yu|Chi-Yu, L50|100\/100\n|-ability|p1b: Chi-Yu|Beads of Ruin\n|turn|5\n|j| Finabas\n|\n|t:|1683138887\n|-end|p2b: Flutter Mane|Protosynthesis|[silent]\n|switch|p2b: Arcanine|Arcanine, L50, M, shiny|100\/100\n|-ability|p2b: Arcanine|Intimidate|boost\n|-unboost|p1a: Murkrow|atk|1\n|-unboost|p1b: Chi-Yu|atk|1\n|move|p1a: Murkrow|Sunny Day|p1a: Murkrow\n|-weather|SunnyDay\n|move|p1b: Chi-Yu|Heat Wave|p2b: Arcanine|[spread] p2a,p2b\n|-supereffective|p2a: Amoonguss\n|-enditem|p2a: Amoonguss|Occa Berry|[eat]\n|-enditem|p2a: Amoonguss|Occa Berry|[weaken]\n|-resisted|p2b: Arcanine\n|-damage|p2a: Amoonguss|21\/100\n|-damage|p2b: Arcanine|49\/100\n|-enditem|p2b: Arcanine|Sitrus Berry|[eat]\n|-heal|p2b: Arcanine|73\/100|[from] item: Sitrus Berry\n|-damage|p1b: Chi-Yu|91\/100|[from] item: Life Orb\n|move|p2a: Amoonguss|Pollen Puff|p2b: Arcanine\n|-heal|p2b: Arcanine|100\/100\n|\n|-weather|SunnyDay|[upkeep]\n|-end|p2a: Amoonguss|move: Taunt\n|-sideend|p1: Nails|move: Tailwind\n|upkeep\n|turn|6\n|l| NJ11VGC\n|\n|t:|1683138967\n|move|p1b: Chi-Yu|Heat Wave|p2b: Arcanine|[spread] p2a\n|-miss|p1b: Chi-Yu|p2b: Arcanine\n|-supereffective|p2a: Amoonguss\n|-damage|p2a: Amoonguss|0 fnt\n|faint|p2a: Amoonguss\n|-damage|p1b: Chi-Yu|81\/100|[from] item: Life Orb\n|move|p1a: Murkrow|Foul Play|p2b: Arcanine\n|-damage|p2b: Arcanine|62\/100\n|move|p2b: Arcanine|Flare Blitz|p1b: Chi-Yu\n|-resisted|p1b: Chi-Yu\n|-damage|p1b: Chi-Yu|13\/100\n|-damage|p2b: Arcanine|47\/100|[from] Recoil\n|\n|-weather|SunnyDay|[upkeep]\n|upkeep\n|\n|t:|1683138975\n|switch|p2a: Flutter Mane|Flutter Mane, L50, tera:Fairy|100\/100\n|-activate|p2a: Flutter Mane|ability: Protosynthesis\n|-start|p2a: Flutter Mane|protosynthesisspa\n|turn|7\n|j| NJ11VGC\n|\n|t:|1683139008\n|-terastallize|p1b: Chi-Yu|Ghost\n|move|p2a: Flutter Mane|Protect|p2a: Flutter Mane\n|-singleturn|p2a: Flutter Mane|Protect\n|move|p2b: Arcanine|Extreme Speed|p1a: Murkrow\n|-damage|p1a: Murkrow|54\/100\n|move|p1a: Murkrow|Tailwind|p1a: Murkrow\n|-sidestart|p1: Nails|move: Tailwind\n|move|p1b: Chi-Yu|Heat Wave|p2b: Arcanine|[spread] \n|-activate|p2a: Flutter Mane|move: Protect\n|-miss|p1b: Chi-Yu|p2b: Arcanine\n|\n|-weather|SunnyDay|[upkeep]\n|upkeep\n|turn|8\n|j| Orangex337\n|\n|t:|1683139042\n|move|p2a: Flutter Mane|Protect||[still]\n|-fail|p2a: Flutter Mane\n|move|p2b: Arcanine|Extreme Speed|p1a: Murkrow\n|-damage|p1a: Murkrow|2\/100\n|move|p1b: Chi-Yu|Heat Wave|p2a: Flutter Mane|[spread] p2a,p2b\n|-resisted|p2b: Arcanine\n|-damage|p2a: Flutter Mane|9\/100\n|-damage|p2b: Arcanine|0 fnt\n|faint|p2b: Arcanine\n|-damage|p1b: Chi-Yu|3\/100|[from] item: Life Orb\n|move|p1a: Murkrow|Foul Play|p2a: Flutter Mane\n|-resisted|p2a: Flutter Mane\n|-damage|p2a: Flutter Mane|0 fnt\n|faint|p2a: Flutter Mane\n|-end|p2a: Flutter Mane|Protosynthesis|[silent]\n|\n|-weather|SunnyDay|[upkeep]\n|upkeep\n|j| Robbie35646\n|\n|t:|1683139047\n|switch|p2b: Kingambit|Kingambit, L50, M, shiny|100\/100\n|turn|9\n|\n|t:|1683139054\n|move|p2b: Kingambit|Sucker Punch|p1b: Chi-Yu\n|-supereffective|p1b: Chi-Yu\n|-damage|p1b: Chi-Yu|0 fnt\n|faint|p1b: Chi-Yu\n|move|p1a: Murkrow|Foul Play|p2b: Kingambit\n|-resisted|p2b: Kingambit\n|-damage|p2b: Kingambit|79\/100\n|\n|-weather|none\n|upkeep\n|\n|t:|1683139056\n|switch|p1b: Great Tusk|Great Tusk, L50|100\/100\n|turn|10\n|c|\u2606Nails|gg\n|c|\u2606TabuVGC|ggs\n|n| Robbie35646|robbie35646\n|\n|t:|1683139064\n|move|p2b: Kingambit|Sucker Punch|p1b: Great Tusk\n|-resisted|p1b: Great Tusk\n|-damage|p1b: Great Tusk|86\/100\n|move|p1b: Great Tusk|Close Combat|p2b: Kingambit\n|-supereffective|p2b: Kingambit\n|-damage|p2b: Kingambit|0 fnt\n|-unboost|p1b: Great Tusk|def|1\n|-unboost|p1b: Great Tusk|spd|1\n|faint|p2b: Kingambit\n|\n|win|Nails\n|n| Robbie35646|robbie35646\n|l| IchigoZangeCorner\n|l| NJ11VGC\n|l| QueirozVGC\n|l| Orangex337\n|l| Ally\n|l|\u2606TabuVGC\n|l|+starmaster\n|l| tagmouse27\n|l| JMOdri\n|l| duckpond\n|l| A Borygon\n|j| pokeway96\n|l| Bertigo\n|j|\u2606TabuVGC\n|player|p2|TabuVGC|alder\n|l| pokeway96\n|l| Svenvgc\n|l| Robbie35646\n|l| JoeUX9\n|l| Finabas\n","uploadtime":1683139087,"views":44,"p1id":"nails","p2id":"tabuvgc","formatid":"gen9vgc2023regulationc","rating":0,"private":0,"password":""}