{"id":"gen9vgc2023regulationc-1846719161","p1":"CaptainEricVGC","p2":"Funnyman Krebs","format":"[Gen 9] VGC 2023 Regulation C","log":"|j|\u2606CaptainEricVGC\n|j|\u2606Funnyman Krebs\n|t:|1681869767\n|gametype|doubles\n|player|p1|CaptainEricVGC|1|\n|player|p2|Funnyman Krebs|wallace|\n|teamsize|p1|6\n|teamsize|p2|6\n|gen|9\n|tier|[Gen 9] VGC 2023 Regulation C\n|rule|Species Clause: Limit one of each Pok\u00e9mon\n|rule|Item Clause: Limit one of each item\n|clearpoke\n|poke|p1|Baxcalibur, L50, F|\n|poke|p1|Amoonguss, L50, M|\n|poke|p1|Ting-Lu, L50|\n|poke|p1|Arcanine, L50, F|\n|poke|p1|Palafin, L50, M|\n|poke|p1|Flutter Mane, L50|\n|poke|p2|Glimmora, L50, M|\n|poke|p2|Arcanine, L50, M|\n|poke|p2|Wo-Chien, L50|\n|poke|p2|Flutter Mane, L50|\n|poke|p2|Dondozo, L50, F|\n|poke|p2|Tatsugiri-Stretchy, L50, M|\n|teampreview|4\nFunnyman Krebs has agreed to open team sheets.\nCaptainEricVGC has agreed to open team sheets.\n|\n|t:|1681869806\n|start\n|switch|p1a: Palafin|Palafin, L50, M|100\/100\n|switch|p1b: Amoonguss|Amoonguss, L50, M|100\/100\n|switch|p2a: Wheeeee!|Glimmora, L50, M, shiny|100\/100\n|switch|p2b: Infurno|Arcanine, L50, M|100\/100\n|-ability|p2b: Infurno|Intimidate|boost\n|-unboost|p1a: Palafin|atk|1\n|-unboost|p1b: Amoonguss|atk|1\n|turn|1\n|c|\u2606Funnyman Krebs|glhf!\n|c|\u2606CaptainEricVGC|glhf\n|j| hero231\n|\n|t:|1681869855\n|detailschange|p1a: Palafin|Palafin-Hero, L50, M\n|switch|p1a: Ting-Lu|Ting-Lu, L50|100\/100\n|-ability|p1a: Ting-Lu|Vessel of Ruin\n|move|p1b: Amoonguss|Protect|p1b: Amoonguss\n|-singleturn|p1b: Amoonguss|Protect\n|move|p2b: Infurno|Will-O-Wisp|p1a: Ting-Lu\n|-status|p1a: Ting-Lu|brn\n|move|p2a: Wheeeee!|Power Gem|p1b: Amoonguss\n|-activate|p1b: Amoonguss|move: Protect\n|\n|-damage|p1a: Ting-Lu|94\/100 brn|[from] brn\n|upkeep\n|turn|2\n|\n|t:|1681869885\n|move|p2b: Infurno|Flare Blitz|p1b: Amoonguss\n|-supereffective|p1b: Amoonguss\n|-damage|p1b: Amoonguss|19\/100\n|-enditem|p1b: Amoonguss|Sitrus Berry|[eat]\n|-heal|p1b: Amoonguss|44\/100|[from] item: Sitrus Berry\n|-damage|p2b: Infurno|67\/100|[from] Recoil\n|move|p2a: Wheeeee!|Energy Ball|p1a: Ting-Lu\n|-supereffective|p1a: Ting-Lu\n|-damage|p1a: Ting-Lu|70\/100 brn\n|move|p1a: Ting-Lu|Fissure|p2b: Infurno\n|-damage|p2b: Infurno|0 fnt\n|faint|p2b: Infurno\n|-ohko\n|move|p1b: Amoonguss|Spore|p2a: Wheeeee!\n|-status|p2a: Wheeeee!|slp|[from] move: Spore\n|\n|-damage|p1a: Ting-Lu|64\/100 brn|[from] brn\n|upkeep\n|\n|t:|1681869933\n|switch|p2b: Pee-wee|Tatsugiri-Stretchy, L50, M|100\/100\n|turn|3\n|\n|t:|1681869947\n|move|p2b: Pee-wee|Muddy Water|p1a: Ting-Lu|[spread] p1a,p1b\n|-supereffective|p1a: Ting-Lu\n|-resisted|p1b: Amoonguss\n|-damage|p1a: Ting-Lu|42\/100 brn\n|-damage|p1b: Amoonguss|33\/100\n|-unboost|p1b: Amoonguss|accuracy|1\n|cant|p2a: Wheeeee!|slp\n|move|p1a: Ting-Lu|Ruination|p2a: Wheeeee!\n|-damage|p2a: Wheeeee!|50\/100 slp\n|move|p1b: Amoonguss|Pollen Puff|p1a: Ting-Lu|[miss]\n|-miss|p1b: Amoonguss|p1a: Ting-Lu\n|\n|-damage|p1a: Ting-Lu|36\/100 brn|[from] brn\n|upkeep\n|turn|4\n|\n|t:|1681869979\n|move|p1b: Amoonguss|Protect|p1b: Amoonguss\n|-singleturn|p1b: Amoonguss|Protect\n|move|p2b: Pee-wee|Muddy Water|p1b: Amoonguss|[spread] p1a\n|-activate|p1b: Amoonguss|move: Protect\n|-supereffective|p1a: Ting-Lu\n|-damage|p1a: Ting-Lu|15\/100 brn\n|-curestatus|p2a: Wheeeee!|slp|[msg]\n|move|p2a: Wheeeee!|Power Gem|p1b: Amoonguss\n|-activate|p1b: Amoonguss|move: Protect\n|move|p1a: Ting-Lu|Ruination|p2b: Pee-wee|[miss]\n|-miss|p1a: Ting-Lu|p2b: Pee-wee\n|\n|-damage|p1a: Ting-Lu|9\/100 brn|[from] brn\n|upkeep\n|turn|5\n|\n|t:|1681870031\n|move|p1b: Amoonguss|Protect||[still]\n|-fail|p1b: Amoonguss\n|move|p2b: Pee-wee|Muddy Water|p1b: Amoonguss|[spread] p1a,p1b\n|-supereffective|p1a: Ting-Lu\n|-crit|p1a: Ting-Lu\n|-resisted|p1b: Amoonguss\n|-damage|p1a: Ting-Lu|0 fnt\n|-damage|p1b: Amoonguss|23\/100\n|-unboost|p1b: Amoonguss|accuracy|1\n|faint|p1a: Ting-Lu\n|move|p2a: Wheeeee!|Power Gem|p1b: Amoonguss\n|-damage|p1b: Amoonguss|0 fnt\n|faint|p1b: Amoonguss\n|\n|upkeep\n|\n|t:|1681870034\n|switch|p1a: Palafin|Palafin-Hero, L50, M|100\/100\n|switch|p1b: Flutter Mane|Flutter Mane, L50|100\/100\n|-activate|p1a: Palafin|ability: Zero to Hero\n|-enditem|p1b: Flutter Mane|Booster Energy\n|-activate|p1b: Flutter Mane|ability: Protosynthesis|[fromitem]\n|-start|p1b: Flutter Mane|protosynthesisspa\n|turn|6\n|\n|t:|1681870073\n|switch|p2b: Large Marge|Dondozo, L50, F|100\/100\n|-terastallize|p2a: Wheeeee!|Grass\n|-terastallize|p1a: Palafin|Water\n|move|p1b: Flutter Mane|Protect|p1b: Flutter Mane\n|-singleturn|p1b: Flutter Mane|Protect\n|move|p2a: Wheeeee!|Energy Ball|p1a: Palafin\n|-supereffective|p1a: Palafin\n|-damage|p1a: Palafin|10\/100\n|move|p1a: Palafin|Wave Crash|p2a: Wheeeee!\n|-resisted|p2a: Wheeeee!\n|-crit|p2a: Wheeeee!\n|-damage|p2a: Wheeeee!|0 fnt\n|-activate|p2a: Wheeeee!|ability: Toxic Debris\n|-sidestart|p1: CaptainEricVGC|move: Toxic Spikes\n|faint|p2a: Wheeeee!\n|-damage|p1a: Palafin|0 fnt|[from] Recoil\n|faint|p1a: Palafin\n|\n|upkeep\n|\n|t:|1681870090\n|switch|p2a: Pee-wee|Tatsugiri-Stretchy, L50, M|100\/100\n|-activate|p2a: Pee-wee|ability: Commander|[of] p2b: Large Marge\n|-boost|p2b: Large Marge|atk|2\n|-boost|p2b: Large Marge|spa|2\n|-boost|p2b: Large Marge|spe|2\n|-boost|p2b: Large Marge|def|2\n|-boost|p2b: Large Marge|spd|2\n|turn|7\n|\n|t:|1681870120\n|move|p1b: Flutter Mane|Protect||[still]\n|-fail|p1b: Flutter Mane\n|move|p2b: Large Marge|Wave Crash|p1b: Flutter Mane\n|-damage|p1b: Flutter Mane|0 fnt\n|faint|p1b: Flutter Mane\n|-end|p1b: Flutter Mane|Protosynthesis|[silent]\n|-damage|p2b: Large Marge|80\/100|[from] Recoil\n|\n|win|Funnyman Krebs\n|c|\u2606Funnyman Krebs|gg\n|c|\u2606CaptainEricVGC|gg\n|l|\u2606Funnyman Krebs\n","uploadtime":1681870141,"views":10,"p1id":"captainericvgc","p2id":"funnymankrebs","formatid":"gen9vgc2023regulationc","rating":0,"private":0,"password":""}