{"id":"gen9vgc2023regulationc-1854934993","p1":"BumpyBumps","p2":"aquaarmor23","format":"[Gen 9] VGC 2023 Regulation C","log":"|j|\u2606BumpyBumps\n|j|\u2606aquaarmor23\n|t:|1682882474\n|gametype|doubles\n|player|p1|BumpyBumps|wallace|\n|player|p2|aquaarmor23|266|\n|teamsize|p1|6\n|teamsize|p2|6\n|gen|9\n|tier|[Gen 9] VGC 2023 Regulation C\n|rule|Species Clause: Limit one of each Pok\u00e9mon\n|rule|Item Clause: Limit one of each item\n|clearpoke\n|poke|p1|Flutter Mane, L50|\n|poke|p1|Chien-Pao, L50|\n|poke|p1|Ting-Lu, L50|\n|poke|p1|Arcanine, L50, M|\n|poke|p1|Dragonite, L50, F|\n|poke|p1|Amoonguss, L50, M|\n|poke|p2|Lilligant, L50, F|\n|poke|p2|Torkoal, L50, F|\n|poke|p2|Flutter Mane, L50|\n|poke|p2|Iron Hands, L50|\n|poke|p2|Chien-Pao, L50|\n|poke|p2|Great Tusk, L50|\n|teampreview|4\nBumpyBumps rejected open team sheets.\n|\n|t:|1682882504\n|start\n|switch|p1a: Ting-Lu|Ting-Lu, L50|100\/100\n|switch|p1b: Arcanine|Arcanine, L50, M|100\/100\n|switch|p2a: Torkoal|Torkoal, L50, F|100\/100\n|switch|p2b: Lilligant|Lilligant, L50, F|100\/100\n|-ability|p1b: Arcanine|Intimidate|boost\n|-unboost|p2a: Torkoal|atk|1\n|-unboost|p2b: Lilligant|atk|1\n|-ability|p1a: Ting-Lu|Vessel of Ruin\n|-weather|SunnyDay|[from] ability: Drought|[of] p2a: Torkoal\n|turn|1\n|j| awesome10billion\n|\n|t:|1682882527\n|move|p2b: Lilligant|Protect|p2b: Lilligant\n|-singleturn|p2b: Lilligant|Protect\n|move|p2a: Torkoal|Protect|p2a: Torkoal\n|-singleturn|p2a: Torkoal|Protect\n|move|p1b: Arcanine|Flare Blitz|p2b: Lilligant\n|-activate|p2b: Lilligant|move: Protect\n|move|p1a: Ting-Lu|Fissure|p2a: Torkoal\n|-activate|p2a: Torkoal|move: Protect\n|\n|-weather|SunnyDay|[upkeep]\n|upkeep\n|turn|2\n|\n|t:|1682882553\n|move|p2b: Lilligant|Sleep Powder|p1b: Arcanine\n|-activate|p1b: Arcanine|item: Safety Goggles|Sleep Powder\n|move|p1b: Arcanine|Flare Blitz|p2b: Lilligant\n|-supereffective|p2b: Lilligant\n|-damage|p2b: Lilligant|0 fnt\n|faint|p2b: Lilligant\n|-damage|p1b: Arcanine|71\/100|[from] Recoil\n|move|p1a: Ting-Lu|Fissure|p2a: Torkoal|[miss]\n|-miss|p1a: Ting-Lu|p2a: Torkoal\n|move|p2a: Torkoal|Earth Power|p1b: Arcanine\n|-supereffective|p1b: Arcanine\n|-damage|p1b: Arcanine|26\/100\n|\n|-weather|SunnyDay|[upkeep]\n|upkeep\n|\n|t:|1682882571\n|switch|p2b: Chien-Pao|Chien-Pao, L50|100\/100\n|-ability|p2b: Chien-Pao|Sword of Ruin\n|turn|3\n|\n|t:|1682882592\n|move|p1b: Arcanine|Protect|p1b: Arcanine\n|-singleturn|p1b: Arcanine|Protect\n|move|p2b: Chien-Pao|Ice Spinner|p1a: Ting-Lu\n|-supereffective|p1a: Ting-Lu\n|-damage|p1a: Ting-Lu|45\/100\n|move|p1a: Ting-Lu|Heavy Slam|p2b: Chien-Pao\n|-supereffective|p2b: Chien-Pao\n|-damage|p2b: Chien-Pao|19\/100\n|move|p2a: Torkoal|Eruption|p1b: Arcanine|[spread] p1a\n|-activate|p1b: Arcanine|move: Protect\n|-damage|p1a: Ting-Lu|19\/100\n|\n|-weather|SunnyDay|[upkeep]\n|upkeep\n|turn|4\n|\n|t:|1682882614\n|switch|p1a: Chien-Pao|Chien-Pao, L50|100\/100\n|-ability|p1a: Chien-Pao|Sword of Ruin\n|move|p2b: Chien-Pao|Protect|p2b: Chien-Pao\n|-singleturn|p2b: Chien-Pao|Protect\n|move|p1b: Arcanine|Flare Blitz|p2b: Chien-Pao\n|-activate|p2b: Chien-Pao|move: Protect\n|move|p2a: Torkoal|Eruption|p1a: Chien-Pao|[spread] p1a,p1b\n|-supereffective|p1a: Chien-Pao\n|-resisted|p1b: Arcanine\n|-enditem|p1a: Chien-Pao|Focus Sash\n|-damage|p1a: Chien-Pao|1\/100\n|-damage|p1b: Arcanine|0 fnt\n|faint|p1b: Arcanine\n|\n|-weather|SunnyDay|[upkeep]\n|upkeep\n|\n|t:|1682882630\n|switch|p1b: Dragonite|Dragonite, L50, F|100\/100\n|turn|5\n|\n|t:|1682882660\n|switch|p2b: Great Tusk|Great Tusk, L50|100\/100\n|-activate|p2b: Great Tusk|ability: Protosynthesis\n|-start|p2b: Great Tusk|protosynthesisatk\n|-terastallize|p1b: Dragonite|Normal\n|move|p2a: Torkoal|Protect|p2a: Torkoal\n|-singleturn|p2a: Torkoal|Protect\n|move|p1b: Dragonite|Extreme Speed|p2b: Great Tusk\n|-damage|p2b: Great Tusk|57\/100\n|move|p1a: Chien-Pao|Sucker Punch||[still]\n|-fail|p1a: Chien-Pao\n|\n|-weather|SunnyDay|[upkeep]\n|upkeep\n|turn|6\n|\n|t:|1682882701\n|move|p1b: Dragonite|Extreme Speed|p2b: Great Tusk\n|-damage|p2b: Great Tusk|17\/100\n|move|p1a: Chien-Pao|Sucker Punch|p2b: Great Tusk\n|-resisted|p2b: Great Tusk\n|-damage|p2b: Great Tusk|3\/100\n|move|p2b: Great Tusk|Rapid Spin|p1a: Chien-Pao\n|-damage|p1a: Chien-Pao|0 fnt\n|-boost|p2b: Great Tusk|spe|1\n|faint|p1a: Chien-Pao\n|move|p2a: Torkoal|Heat Wave|p1b: Dragonite\n|-damage|p1b: Dragonite|66\/100\n|\n|-weather|SunnyDay|[upkeep]\n|upkeep\n|\n|t:|1682882708\n|switch|p1a: Ting-Lu|Ting-Lu, L50|19\/100\n|-ability|p1a: Ting-Lu|Vessel of Ruin\n|turn|7\n|\n|t:|1682882723\n|move|p1b: Dragonite|Extreme Speed|p2b: Great Tusk\n|-damage|p2b: Great Tusk|0 fnt\n|faint|p2b: Great Tusk\n|-end|p2b: Great Tusk|Protosynthesis|[silent]\n|move|p1a: Ting-Lu|Fissure|p2a: Torkoal|[miss]\n|-miss|p1a: Ting-Lu|p2a: Torkoal\n|move|p2a: Torkoal|Eruption|p1b: Dragonite|[spread] p1a,p1b\n|-damage|p1a: Ting-Lu|0 fnt\n|-damage|p1b: Dragonite|8\/100\n|faint|p1a: Ting-Lu\n|\n|-weather|SunnyDay|[upkeep]\n|upkeep\n|\n|t:|1682882737\n|switch|p2b: Chien-Pao|Chien-Pao, L50|19\/100\n|-ability|p2b: Chien-Pao|Sword of Ruin\n|turn|8\n|\n|t:|1682882748\n|move|p1b: Dragonite|Extreme Speed|p2b: Chien-Pao\n|-damage|p2b: Chien-Pao|0 fnt\n|faint|p2b: Chien-Pao\n|move|p2a: Torkoal|Eruption|p1b: Dragonite\n|-damage|p1b: Dragonite|0 fnt\n|faint|p1b: Dragonite\n|\n|win|aquaarmor23\n","uploadtime":1682882757,"views":9,"p1id":"bumpybumps","p2id":"aquaarmor23","formatid":"gen9vgc2023regulationc","rating":0,"private":0,"password":""}