{"id":"gen9vgc2023regulationc-1849370218","p1":"Gin06134","p2":"Zyros Phade","format":"[Gen 9] VGC 2023 Regulation C","log":"|j|\u203dGin06134\n|j|\u2606Zyros Phade\n|t:|1682190943\n|gametype|doubles\n|player|p1|Gin06134|red-gen1|1289\n|player|p2|Zyros Phade|1|1371\n|teamsize|p1|6\n|teamsize|p2|6\n|gen|9\n|tier|[Gen 9] VGC 2023 Regulation C\n|rated|\n|rule|Species Clause: Limit one of each Pok\u00e9mon\n|rule|Item Clause: Limit one of each item\n|clearpoke\n|poke|p1|Sandy Shocks, L50|\n|poke|p1|Torkoal, L50, F|\n|poke|p1|Flutter Mane, L50|\n|poke|p1|Gyarados, L50, M|\n|poke|p1|Wo-Chien, L50|\n|poke|p1|Masquerain, L50, F|\n|poke|p2|Tinkaton, L50, F|\n|poke|p2|Gyarados, L50, M|\n|poke|p2|Flutter Mane, L50|\n|poke|p2|Baxcalibur, L50, M|\n|poke|p2|Grimmsnarl, L50, M|\n|poke|p2|Garchomp, L50, M|\n|teampreview|4\n|inactive|Battle timer is ON: inactive players will automatically lose when time's up. (requested by Zyros Phade)\nZyros Phade has agreed to open team sheets.\n|\n|t:|1682190995\n|start\n|switch|p1a: Flutter Mane|Flutter Mane, L50|100\/100\n|switch|p1b: Gyarados|Gyarados, L50, M, shiny|100\/100\n|switch|p2a: Gyarados|Gyarados, L50, M|100\/100\n|switch|p2b: Grimmsnarl|Grimmsnarl, L50, M|100\/100\n|-ability|p2a: Gyarados|Intimidate|boost\n|-unboost|p1a: Flutter Mane|atk|1\n|-unboost|p1b: Gyarados|atk|1\n|-ability|p1b: Gyarados|Intimidate|boost\n|-unboost|p2a: Gyarados|atk|1\n|-unboost|p2b: Grimmsnarl|atk|1\n|turn|1\n|\n|t:|1682191010\n|switch|p1b: Torkoal|Torkoal, L50, F|100\/100\n|-weather|SunnyDay|[from] ability: Drought|[of] p1b: Torkoal\n|-activate|p1a: Flutter Mane|ability: Protosynthesis\n|-start|p1a: Flutter Mane|protosynthesisspa\n|move|p2b: Grimmsnarl|Light Screen|p2b: Grimmsnarl\n|-sidestart|p2: Zyros Phade|move: Light Screen\n|move|p1a: Flutter Mane|Moonblast|p2b: Grimmsnarl\n|-supereffective|p2b: Grimmsnarl\n|-damage|p2b: Grimmsnarl|0 fnt\n|faint|p2b: Grimmsnarl\n|move|p2a: Gyarados|Taunt|p1b: Torkoal\n|-start|p1b: Torkoal|move: Taunt\n|\n|-weather|SunnyDay|[upkeep]\n|upkeep\n|\n|t:|1682191014\n|switch|p2b: Garchomp|Garchomp, L50, M|100\/100\n|turn|2\n|\n|t:|1682191038\n|-end|p1a: Flutter Mane|Protosynthesis|[silent]\n|switch|p1a: Gyarados|Gyarados, L50, M, shiny|100\/100\n|-ability|p1a: Gyarados|Intimidate|boost\n|-unboost|p2a: Gyarados|atk|1\n|-fail|p2b: Garchomp|unboost|[from] item: Clear Amulet|[of] p2b: Garchomp\n|-terastallize|p2b: Garchomp|Fire\n|move|p2b: Garchomp|Swords Dance|p2b: Garchomp\n|-boost|p2b: Garchomp|atk|2\n|move|p2a: Gyarados|Thunder Wave|p1a: Gyarados|[miss]\n|-miss|p2a: Gyarados|p1a: Gyarados\n|move|p1b: Torkoal|Heat Wave|p2a: Gyarados|[spread] p2b\n|-miss|p1b: Torkoal|p2a: Gyarados\n|-resisted|p2b: Garchomp\n|-damage|p2b: Garchomp|91\/100\n|\n|-weather|SunnyDay|[upkeep]\n|upkeep\n|turn|3\n|\n|t:|1682191061\n|move|p2a: Gyarados|Helping Hand|p2b: Garchomp\n|-singleturn|p2b: Garchomp|Helping Hand|[of] p2a: Gyarados\n|move|p2b: Garchomp|Rock Slide|p1b: Torkoal|[spread] p1a,p1b\n|-supereffective|p1a: Gyarados\n|-crit|p1a: Gyarados\n|-supereffective|p1b: Torkoal\n|-damage|p1a: Gyarados|0 fnt\n|-damage|p1b: Torkoal|32\/100\n|faint|p1a: Gyarados\n|cant|p1b: Torkoal|flinch\n|\n|-weather|SunnyDay|[upkeep]\n|-end|p1b: Torkoal|move: Taunt\n|upkeep\n|\n|t:|1682191072\n|switch|p1a: Flutter Mane|Flutter Mane, L50|100\/100\n|-activate|p1a: Flutter Mane|ability: Protosynthesis\n|-start|p1a: Flutter Mane|protosynthesisspa\n|turn|4\n|\n|t:|1682191079\n|move|p1b: Torkoal|Helping Hand|p1a: Flutter Mane\n|-singleturn|p1a: Flutter Mane|Helping Hand|[of] p1b: Torkoal\n|move|p2b: Garchomp|Protect|p2b: Garchomp\n|-singleturn|p2b: Garchomp|Protect\n|move|p1a: Flutter Mane|Shadow Ball|p2b: Garchomp\n|-activate|p2b: Garchomp|move: Protect\n|move|p2a: Gyarados|Thunder Wave|p1a: Flutter Mane\n|-status|p1a: Flutter Mane|par\n|\n|-weather|SunnyDay|[upkeep]\n|upkeep\n|turn|5\n|\n|t:|1682191097\n|move|p2a: Gyarados|Helping Hand|p2b: Garchomp\n|-singleturn|p2b: Garchomp|Helping Hand|[of] p2a: Gyarados\n|move|p2b: Garchomp|Earthquake|p1a: Flutter Mane|[spread] p1a,p1b\n|-immune|p2a: Gyarados\n|-supereffective|p1b: Torkoal\n|-damage|p1a: Flutter Mane|0 fnt\n|-damage|p1b: Torkoal|0 fnt\n|faint|p1a: Flutter Mane\n|-end|p1a: Flutter Mane|Protosynthesis|[silent]\n|faint|p1b: Torkoal\n|\n|-weather|SunnyDay|[upkeep]\n|upkeep\n|inactive|Gin06134 has 30 seconds left.\n|inactive|Gin06134 has 20 seconds left.\n|inactive|Gin06134 has 15 seconds left.\n|inactive|Gin06134 has 10 seconds left.\n|inactive|Gin06134 has 5 seconds left.\n|\n|t:|1682191152\n|switch|p1a: Sandy Shocks|Sandy Shocks, L50|100\/100\n|-activate|p1a: Sandy Shocks|ability: Protosynthesis\n|-start|p1a: Sandy Shocks|protosynthesisspa\n|turn|6\n|inactive|Gin06134 has 30 seconds left.\n|inactive|Gin06134 has 20 seconds left.\n|inactive|Gin06134 has 15 seconds left.\n|inactive|Gin06134 has 10 seconds left.\n|inactive|Gin06134 has 5 seconds left.\n|\n|t:|1682191207\n|move|p2a: Gyarados|Helping Hand|p2b: Garchomp\n|-singleturn|p2b: Garchomp|Helping Hand|[of] p2a: Gyarados\n|move|p2b: Garchomp|Earthquake|p1a: Sandy Shocks|[spread] p1a\n|-immune|p2a: Gyarados\n|-supereffective|p1a: Sandy Shocks\n|-damage|p1a: Sandy Shocks|0 fnt\n|faint|p1a: Sandy Shocks\n|-end|p1a: Sandy Shocks|Protosynthesis|[silent]\n|\n|win|Zyros Phade\n|raw|Gin06134's rating: 1289 → 1270<\/strong> (-19 for losing)\n|raw|Zyros Phade's rating: 1371 → 1386<\/strong> (+15 for winning)\n","uploadtime":1682191216,"views":10,"p1id":"gin06134","p2id":"zyrosphade","formatid":"gen9vgc2023regulationc","rating":1270,"private":0,"password":""}