{"id":"gen9vgc2023regulationc-1851245439","p1":"bpinela","p2":"Jjenkins","format":"[Gen 9] VGC 2023 Regulation C","log":"|j|\u2606bpinela\n|j|\u2606Jjenkins\n|t:|1682429037\n|gametype|doubles\n|player|p1|bpinela|169|\n|player|p2|Jjenkins|flannery|\n|teamsize|p1|6\n|teamsize|p2|6\n|gen|9\n|tier|[Gen 9] VGC 2023 Regulation C\n|rule|Species Clause: Limit one of each Pok\u00e9mon\n|rule|Item Clause: Limit one of each item\n|clearpoke\n|poke|p1|Annihilape, L50, M|\n|poke|p1|Maushold-Four, L50|\n|poke|p1|Azumarill, L50, M|\n|poke|p1|Flutter Mane, L50|\n|poke|p1|Chien-Pao, L50|\n|poke|p1|Dragonite, L50, M|\n|poke|p2|Lilligant, L50, F|\n|poke|p2|Torkoal, L50, F|\n|poke|p2|Flutter Mane, L50|\n|poke|p2|Kingambit, L50, F|\n|poke|p2|Dragonite, L50, F|\n|poke|p2|Great Tusk, L50|\n|teampreview|4\n|c|\u2606bpinela|g1\n|c|\u2606bpinela|good games bro\nbpinela has agreed to open team sheets.\n|c|\u2606bpinela|just open team sheet please\nJjenkins has agreed to open team sheets.\n|\n|t:|1682429322\n|start\n|switch|p1a: Dragonite|Dragonite, L50, M|100\/100\n|switch|p1b: Maushold|Maushold-Four, L50|100\/100\n|switch|p2a: Lilligant|Lilligant, L50, F, shiny|100\/100\n|switch|p2b: Torkoal|Torkoal, L50, F, shiny|100\/100\n|-weather|SunnyDay|[from] ability: Drought|[of] p2b: Torkoal\n|turn|1\n|\n|t:|1682429408\n|-terastallize|p2b: Torkoal|Fire\n|move|p2a: Lilligant|After You|p2b: Torkoal\n|-activate|p2b: Torkoal|move: After You\n|move|p2b: Torkoal|Eruption|p1b: Maushold|[spread] p1a,p1b\n|-resisted|p1a: Dragonite\n|-damage|p1a: Dragonite|80\/100\n|-damage|p1b: Maushold|0 fnt\n|faint|p1b: Maushold\n|move|p1a: Dragonite|Stomping Tantrum|p2b: Torkoal\n|-supereffective|p2b: Torkoal\n|-damage|p2b: Torkoal|56\/100\n|\n|-weather|SunnyDay|[upkeep]\n|upkeep\n|\n|t:|1682429433\n|switch|p1b: Azumarill|Azumarill, L50, M|100\/100\n|turn|2\n|\n|t:|1682429450\n|-terastallize|p1a: Dragonite|Flying\n|move|p2b: Torkoal|Protect|p2b: Torkoal\n|-singleturn|p2b: Torkoal|Protect\n|move|p1b: Azumarill|Aqua Jet|p2a: Lilligant\n|-resisted|p2a: Lilligant\n|-damage|p2a: Lilligant|92\/100\n|move|p2a: Lilligant|Leaf Storm|p1b: Azumarill\n|-supereffective|p1b: Azumarill\n|-damage|p1b: Azumarill|14\/100\n|-unboost|p2a: Lilligant|spa|2\n|move|p1a: Dragonite|Tera Blast|p2a: Lilligant\n|-supereffective|p2a: Lilligant\n|-damage|p2a: Lilligant|0 fnt\n|faint|p2a: Lilligant\n|\n|-weather|SunnyDay|[upkeep]\n|upkeep\n|\n|t:|1682429468\n|switch|p2a: Dragonite|Dragonite, L50, F|100\/100\n|turn|3\n|\n|t:|1682429497\n|move|p2a: Dragonite|Extreme Speed|p1b: Azumarill\n|-damage|p1b: Azumarill|0 fnt\n|faint|p1b: Azumarill\n|-damage|p2a: Dragonite|91\/100|[from] item: Life Orb\n|move|p1a: Dragonite|Stomping Tantrum|p2b: Torkoal\n|-supereffective|p2b: Torkoal\n|-damage|p2b: Torkoal|10\/100\n|move|p2b: Torkoal|Flamethrower|p1a: Dragonite\n|-damage|p1a: Dragonite|0 fnt\n|faint|p1a: Dragonite\n|\n|-weather|SunnyDay|[upkeep]\n|upkeep\n|\n|t:|1682429509\n|switch|p1b: Chien-Pao|Chien-Pao, L50|100\/100\n|-ability|p1b: Chien-Pao|Sword of Ruin\n|turn|4\n|\n|t:|1682429518\n|move|p2a: Dragonite|Extreme Speed|p1b: Chien-Pao\n|-damage|p1b: Chien-Pao|40\/100\n|-damage|p2a: Dragonite|81\/100|[from] item: Life Orb\n|move|p1b: Chien-Pao|Sacred Sword|p2b: Torkoal\n|-damage|p2b: Torkoal|0 fnt\n|faint|p2b: Torkoal\n|\n|-weather|SunnyDay|[upkeep]\n|upkeep\n|c|\u2606bpinela|gg\n|\n|t:|1682429528\n|switch|p2b: Great Tusk|Great Tusk, L50, shiny|100\/100\n|-activate|p2b: Great Tusk|ability: Protosynthesis\n|-start|p2b: Great Tusk|protosynthesisatk\n|turn|5\n|\n|t:|1682429536\n|move|p2a: Dragonite|Extreme Speed|p1b: Chien-Pao\n|-damage|p1b: Chien-Pao|0 fnt\n|faint|p1b: Chien-Pao\n|-damage|p2a: Dragonite|72\/100|[from] item: Life Orb\n|\n|win|Jjenkins\n|l|\u2606Jjenkins\n","uploadtime":1682429547,"views":16,"p1id":"bpinela","p2id":"jjenkins","formatid":"gen9vgc2023regulationc","rating":0,"private":0,"password":""}