{"id":"gen9vgc2023regulationc-1856821403","p1":"tofu24","p2":"Sumovgc","format":"[Gen 9] VGC 2023 Regulation C","log":"|j|\u2606tofu24\n|j|\u2606Sumovgc\n|t:|1683115969\n|gametype|doubles\n|player|p1|tofu24|cyclist|1264\n|player|p2|Sumovgc|169|1353\n|teamsize|p1|6\n|teamsize|p2|6\n|gen|9\n|tier|[Gen 9] VGC 2023 Regulation C\n|rated|\n|rule|Species Clause: Limit one of each Pok\u00e9mon\n|rule|Item Clause: Limit one of each item\n|clearpoke\n|poke|p1|Gothitelle, L50, M|\n|poke|p1|Scream Tail, L50|\n|poke|p1|Garganacl, L50, F|\n|poke|p1|Amoonguss, L50, F|\n|poke|p1|Maushold, L50|\n|poke|p1|Annihilape, L50, F|\n|poke|p2|Iron Bundle, L50|\n|poke|p2|Brute Bonnet, L50|\n|poke|p2|Talonflame, L50, M|\n|poke|p2|Great Tusk, L50|\n|poke|p2|Gholdengo, L50|\n|poke|p2|Flutter Mane, L50|\n|teampreview|4\n|inactive|Battle timer is ON: inactive players will automatically lose when time's up. (requested by Sumovgc)\nSumovgc has agreed to open team sheets.\n|inactive|Sumovgc has 60 seconds left.\n|\n|t:|1683116027\n|start\n|switch|p1a: Maushold|Maushold, L50|100\/100\n|switch|p1b: Annihilape|Annihilape, L50, F|100\/100\n|switch|p2a: Talonflame|Talonflame, L50, M|100\/100\n|switch|p2b: Flutter Mane|Flutter Mane, L50|100\/100\n|turn|1\n|inactive|Sumovgc has 30 seconds left.\n|inactive|tofu24 has 30 seconds left.\n|inactive|Sumovgc has 20 seconds left.\n|inactive|Sumovgc has 15 seconds left.\n|inactive|Sumovgc has 10 seconds left.\n|\n|t:|1683116074\n|-terastallize|p1b: Annihilape|Fire\n|move|p1a: Maushold|Protect|p1a: Maushold\n|-singleturn|p1a: Maushold|Protect\n|move|p2a: Talonflame|Brave Bird|p1b: Annihilape\n|-damage|p1b: Annihilape|74\/100\n|-damage|p2a: Talonflame|90\/100|[from] Recoil\n|move|p2b: Flutter Mane|Shadow Ball|p1b: Annihilape\n|-damage|p1b: Annihilape|37\/100\n|move|p1b: Annihilape|Rage Fist|p2b: Flutter Mane\n|-supereffective|p2b: Flutter Mane\n|-damage|p2b: Flutter Mane|0 fnt\n|faint|p2b: Flutter Mane\n|-end|p2b: Flutter Mane|Protosynthesis|[silent]\n|\n|upkeep\n|\n|t:|1683116097\n|switch|p2b: Brute Bonnet|Brute Bonnet, L50|100\/100\n|turn|2\n|\n|t:|1683116118\n|move|p1a: Maushold|Follow Me|p1a: Maushold\n|-singleturn|p1a: Maushold|move: Follow Me\n|move|p2a: Talonflame|Tailwind|p2a: Talonflame\n|-sidestart|p2: Sumovgc|move: Tailwind\n|move|p2b: Brute Bonnet|Bullet Seed|p1a: Maushold\n|-damage|p1a: Maushold|87\/100\n|-damage|p1a: Maushold|73\/100\n|-damage|p1a: Maushold|60\/100\n|-damage|p1a: Maushold|46\/100\n|-hitcount|p1a: Maushold|4\n|move|p1b: Annihilape|Drain Punch|p2b: Brute Bonnet\n|-supereffective|p2b: Brute Bonnet\n|-damage|p2b: Brute Bonnet|43\/100\n|-heal|p1b: Annihilape|65\/100|[from] drain|[of] p2b: Brute Bonnet\n|\n|upkeep\n|turn|3\n|inactive|tofu24 has 30 seconds left.\n|inactive|tofu24 has 20 seconds left.\n|\n|t:|1683116157\n|move|p1a: Maushold|Feint|p2a: Talonflame\n|-damage|p2a: Talonflame|82\/100\n|move|p2a: Talonflame|Taunt|p1b: Annihilape\n|-start|p1b: Annihilape|move: Taunt\n|move|p2b: Brute Bonnet|Bullet Seed|p1a: Maushold\n|-damage|p1a: Maushold|31\/100\n|-damage|p1a: Maushold|16\/100\n|-damage|p1a: Maushold|2\/100\n|-damage|p1a: Maushold|0 fnt\n|faint|p1a: Maushold\n|-hitcount|p1: Maushold|4\n|move|p1b: Annihilape|Rage Fist|p2a: Talonflame\n|-damage|p2a: Talonflame|0 fnt\n|faint|p2a: Talonflame\n|\n|upkeep\n|inactive|Sumovgc has 30 seconds left.\n|\n|t:|1683116183\n|switch|p2a: Great Tusk|Great Tusk, L50|100\/100\n|switch|p1a: Amoonguss|Amoonguss, L50, F|100\/100\n|turn|4\n|\n|t:|1683116204\n|switch|p1b: Garganacl|Garganacl, L50, F|100\/100\n|move|p2a: Great Tusk|Iron Head|p1a: Amoonguss\n|-damage|p1a: Amoonguss|74\/100\n|-damage|p2a: Great Tusk|84\/100|[from] item: Rocky Helmet|[of] p1a: Amoonguss\n|move|p2b: Brute Bonnet|Spore|p1b: Garganacl\n|-immune|p1b: Garganacl|[from] ability: Purifying Salt\n|cant|p1a: Amoonguss|flinch\n|\n|upkeep\n|turn|5\n|inactive|tofu24 has 30 seconds left.\n|\n|t:|1683116230\n|move|p1b: Garganacl|Protect|p1b: Garganacl\n|-singleturn|p1b: Garganacl|Protect\n|move|p2a: Great Tusk|Ice Spinner|p1a: Amoonguss\n|-supereffective|p1a: Amoonguss\n|-damage|p1a: Amoonguss|14\/100\n|-damage|p2a: Great Tusk|67\/100|[from] item: Rocky Helmet|[of] p1a: Amoonguss\n|move|p2b: Brute Bonnet|Bullet Seed|p1b: Garganacl\n|-activate|p1b: Garganacl|move: Protect\n|move|p1a: Amoonguss|Spore|p2a: Great Tusk\n|-status|p2a: Great Tusk|slp|[from] move: Spore\n|\n|-sideend|p2: Sumovgc|move: Tailwind\n|upkeep\n|turn|6\n|\n|t:|1683116252\n|switch|p1a: Annihilape|Annihilape, L50, F, tera:Fire|65\/100\n|cant|p2a: Great Tusk|slp\n|move|p2b: Brute Bonnet|Bullet Seed|p1b: Garganacl\n|-supereffective|p1b: Garganacl\n|-damage|p1b: Garganacl|83\/100\n|-supereffective|p1b: Garganacl\n|-damage|p1b: Garganacl|68\/100\n|-supereffective|p1b: Garganacl\n|-damage|p1b: Garganacl|52\/100\n|-supereffective|p1b: Garganacl\n|-damage|p1b: Garganacl|35\/100\n|-hitcount|p1b: Garganacl|4\n|move|p1b: Garganacl|Salt Cure|p2a: Great Tusk\n|-resisted|p2a: Great Tusk\n|-damage|p2a: Great Tusk|65\/100 slp\n|-start|p2a: Great Tusk|Salt Cure\n|\n|-heal|p1b: Garganacl|41\/100|[from] item: Leftovers\n|-damage|p2a: Great Tusk|53\/100 slp|[from] Salt Cure\n|upkeep\n|turn|7\n|inactive|tofu24 has 30 seconds left.\n|\n|t:|1683116279\n|move|p1b: Garganacl|Protect|p1b: Garganacl\n|-singleturn|p1b: Garganacl|Protect\n|cant|p2a: Great Tusk|slp\n|move|p1a: Annihilape|Rage Fist|p2a: Great Tusk\n|-damage|p2a: Great Tusk|5\/100 slp\n|move|p2b: Brute Bonnet|Spore|p1a: Annihilape\n|-immune|p1a: Annihilape|[from] ability: Vital Spirit\n|\n|-heal|p1b: Garganacl|46\/100|[from] item: Leftovers\n|-damage|p2a: Great Tusk|0 fnt|[from] Salt Cure\n|faint|p2a: Great Tusk\n|-end|p2a: Great Tusk|Protosynthesis|[silent]\n|upkeep\n|turn|8\n|\n|t:|1683116295\n|move|p1a: Annihilape|Drain Punch|p2b: Brute Bonnet\n|-supereffective|p2b: Brute Bonnet\n|-damage|p2b: Brute Bonnet|0 fnt\n|-heal|p1a: Annihilape|86\/100|[from] drain|[of] p2b: Brute Bonnet\n|faint|p2b: Brute Bonnet\n|-end|p2b: Brute Bonnet|Protosynthesis|[silent]\n|\n|win|tofu24\n|raw|tofu24's rating: 1264 → 1295<\/strong> (+31 for winning)\n|raw|Sumovgc's rating: 1353 → 1328<\/strong> (-25 for losing)\n|l|\u2606tofu24\n","uploadtime":1683116390,"views":10,"p1id":"tofu24","p2id":"sumovgc","formatid":"gen9vgc2023regulationc","rating":1295,"private":0,"password":""}