{"id":"gen9vgc2023regulationc-1858639168","p1":"w1nd1n6s","p2":"arcaninesrules","format":"[Gen 9] VGC 2023 Regulation C","log":"|j|\u2606w1nd1n6s\n|j|\u2606arcaninesrules\n|t:|1683335847\n|gametype|doubles\n|player|p1|w1nd1n6s|102|1274\n|player|p2|arcaninesrules|266|1269\n|teamsize|p1|6\n|teamsize|p2|6\n|gen|9\n|tier|[Gen 9] VGC 2023 Regulation C\n|rated|\n|rule|Species Clause: Limit one of each Pok\u00e9mon\n|rule|Item Clause: Limit one of each item\n|clearpoke\n|poke|p1|Ting-Lu, L50|\n|poke|p1|Flutter Mane, L50|\n|poke|p1|Amoonguss, L50, F|\n|poke|p1|Palafin, L50, M|\n|poke|p1|Arcanine, L50, M|\n|poke|p1|Baxcalibur, L50, M|\n|poke|p2|Chi-Yu, L50|\n|poke|p2|Flutter Mane, L50|\n|poke|p2|Chien-Pao, L50|\n|poke|p2|Gyarados, L50, M|\n|poke|p2|Amoonguss, L50, M|\n|poke|p2|Iron Hands, L50|\n|teampreview|4\narcaninesrules has agreed to open team sheets.\n|inactive|Battle timer is ON: inactive players will automatically lose when time's up. (requested by arcaninesrules)\n|\n|t:|1683335872\n|start\n|switch|p1a: Flutter Mane|Flutter Mane, L50, shiny|100\/100\n|switch|p1b: Baxcalibur|Baxcalibur, L50, M, shiny|100\/100\n|switch|p2a: Gyarados|Gyarados, L50, M|100\/100\n|switch|p2b: Iron Hands|Iron Hands, L50|100\/100\n|-ability|p2a: Gyarados|Intimidate|boost\n|-unboost|p1a: Flutter Mane|atk|1\n|-unboost|p1b: Baxcalibur|atk|1\n|turn|1\n|inactive|w1nd1n6s has 30 seconds left.\n|\n|t:|1683335905\n|-terastallize|p1b: Baxcalibur|Poison\n|move|p2b: Iron Hands|Fake Out|p1b: Baxcalibur\n|-damage|p1b: Baxcalibur|86\/100\n|move|p1a: Flutter Mane|Dazzling Gleam|p2a: Gyarados|[spread] p2a,p2b\n|-supereffective|p2b: Iron Hands\n|-damage|p2a: Gyarados|60\/100\n|-damage|p2b: Iron Hands|59\/100\n|cant|p1b: Baxcalibur|flinch\n|move|p2a: Gyarados|Iron Head|p1a: Flutter Mane\n|-supereffective|p1a: Flutter Mane\n|-damage|p1a: Flutter Mane|0 fnt\n|faint|p1a: Flutter Mane\n|-end|p1a: Flutter Mane|Protosynthesis|[silent]\n|\n|upkeep\n|\n|t:|1683335925\n|switch|p1a: Arcanine|Arcanine, L50, M|100\/100\n|-ability|p1a: Arcanine|Intimidate|boost\n|-unboost|p2a: Gyarados|atk|1\n|-unboost|p2b: Iron Hands|atk|1\n|turn|2\n|\n|t:|1683335942\n|switch|p2a: Amoonguss|Amoonguss, L50, M|100\/100\n|move|p1b: Baxcalibur|Glaive Rush|p2a: Amoonguss\n|-damage|p2a: Amoonguss|65\/100\n|-singlemove|p1b: Baxcalibur|Glaive Rush|[silent]\n|move|p1a: Arcanine|Flare Blitz|p2b: Iron Hands\n|-damage|p2b: Iron Hands|25\/100\n|-damage|p1a: Arcanine|86\/100|[from] Recoil\n|move|p2b: Iron Hands|Volt Switch|p1a: Arcanine\n|-damage|p1a: Arcanine|72\/100\n|\n|t:|1683335952\n|-end|p2b: Iron Hands|Quark Drive|[silent]\n|switch|p2b: Gyarados|Gyarados, L50, M|60\/100|[from] Volt Switch\n|-ability|p2b: Gyarados|Intimidate|boost\n|-unboost|p1a: Arcanine|atk|1\n|-unboost|p1b: Baxcalibur|atk|1\n|\n|-heal|p2a: Amoonguss|71\/100|[from] item: Leftovers\n|upkeep\n|turn|3\n|\n|t:|1683335963\n|-terastallize|p2a: Amoonguss|Water\n|move|p1b: Baxcalibur|Icicle Spear|p2a: Amoonguss\n|-resisted|p2a: Amoonguss\n|-damage|p2a: Amoonguss|68\/100\n|-resisted|p2a: Amoonguss\n|-damage|p2a: Amoonguss|65\/100\n|-resisted|p2a: Amoonguss\n|-damage|p2a: Amoonguss|62\/100\n|-resisted|p2a: Amoonguss\n|-damage|p2a: Amoonguss|59\/100\n|-hitcount|p2a: Amoonguss|4\n|move|p2b: Gyarados|Dragon Dance|p2b: Gyarados\n|-boost|p2b: Gyarados|atk|1\n|-boost|p2b: Gyarados|spe|1\n|move|p1a: Arcanine|Will-O-Wisp|p2b: Gyarados\n|-status|p2b: Gyarados|brn\n|move|p2a: Amoonguss|Spore|p1a: Arcanine\n|-activate|p1a: Arcanine|item: Safety Goggles|Spore\n|\n|-heal|p2a: Amoonguss|65\/100|[from] item: Leftovers\n|-damage|p2b: Gyarados|54\/100 brn|[from] brn\n|upkeep\n|turn|4\n|\n|t:|1683335987\n|move|p2b: Gyarados|Dragon Dance|p2b: Gyarados\n|-boost|p2b: Gyarados|atk|1\n|-boost|p2b: Gyarados|spe|1\n|move|p1b: Baxcalibur|Glaive Rush|p2b: Gyarados\n|-damage|p2b: Gyarados|16\/100 brn\n|-singlemove|p1b: Baxcalibur|Glaive Rush|[silent]\n|move|p1a: Arcanine|Howl|p1a: Arcanine|[spread] p1a,p1b\n|-boost|p1a: Arcanine|atk|1\n|-boost|p1b: Baxcalibur|atk|1\n|move|p2a: Amoonguss|Spore|p1b: Baxcalibur\n|-status|p1b: Baxcalibur|slp|[from] move: Spore\n|\n|-heal|p2a: Amoonguss|71\/100|[from] item: Leftovers\n|-damage|p2b: Gyarados|10\/100 brn|[from] brn\n|upkeep\n|turn|5\n|\n|t:|1683336011\n|switch|p1a: Ting-Lu|Ting-Lu, L50|100\/100\n|-ability|p1a: Ting-Lu|Vessel of Ruin\n|move|p2b: Gyarados|Waterfall|p1a: Ting-Lu\n|-supereffective|p1a: Ting-Lu\n|-damage|p1a: Ting-Lu|59\/100\n|cant|p1b: Baxcalibur|slp\n|move|p2a: Amoonguss|Pollen Puff|p2b: Gyarados\n|-heal|p2b: Gyarados|59\/100 brn\n|\n|-heal|p2a: Amoonguss|77\/100|[from] item: Leftovers\n|-damage|p2b: Gyarados|53\/100 brn|[from] brn\n|upkeep\n|turn|6\n|\n|t:|1683336035\n|move|p2b: Gyarados|Waterfall|p1a: Ting-Lu\n|-supereffective|p1a: Ting-Lu\n|-damage|p1a: Ting-Lu|14\/100\n|cant|p1b: Baxcalibur|slp\n|move|p2a: Amoonguss|Spore|p1a: Ting-Lu\n|-status|p1a: Ting-Lu|slp|[from] move: Spore\n|cant|p1a: Ting-Lu|slp\n|\n|-heal|p2a: Amoonguss|82\/100|[from] item: Leftovers\n|-damage|p2b: Gyarados|47\/100 brn|[from] brn\n|upkeep\n|turn|7\n|-message|w1nd1n6s forfeited.\n|\n|win|arcaninesrules\n|raw|w1nd1n6s's rating: 1274 → 1249<\/strong> (-25 for losing)\n|raw|arcaninesrules's rating: 1269 → 1294<\/strong> (+25 for winning)\n|l|\u2606w1nd1n6s\n","uploadtime":1683336056,"views":10,"p1id":"w1nd1n6s","p2id":"arcaninesrules","formatid":"gen9vgc2023regulationc","rating":1249,"private":0,"password":""}