{"id":"gen9vgc2023regulationc-1846432698","p1":"Zesticeiro","p2":"Thanias1","format":"[Gen 9] VGC 2023 Regulation C","log":"|j|\u2606Zesticeiro\n|j|\u2606Thanias1\n|t:|1681840429\n|gametype|doubles\n|player|p1|Zesticeiro|blackbelt|1116\n|player|p2|Thanias1|cameraman|1085\n|teamsize|p1|6\n|teamsize|p2|6\n|gen|9\n|tier|[Gen 9] VGC 2023 Regulation C\n|rated|\n|rule|Species Clause: Limit one of each Pok\u00e9mon\n|rule|Item Clause: Limit one of each item\n|clearpoke\n|poke|p1|Flutter Mane, L50|\n|poke|p1|Amoonguss, L50, F|\n|poke|p1|Farigiraf, L50, M|\n|poke|p1|Dragonite, L50, M|\n|poke|p1|Scizor, L50, M|\n|poke|p1|Klefki, L50, F|\n|poke|p2|Scream Tail, L50|\n|poke|p2|Dragapult, L50, F|\n|poke|p2|Corviknight, L50, F|\n|poke|p2|Arcanine, L50, M|\n|poke|p2|Palafin, L50, M|\n|poke|p2|Amoonguss, L50, F|\n|teampreview|4\n|inactive|Battle timer is ON: inactive players will automatically lose when time's up. (requested by Zesticeiro)\n|\n|t:|1681840480\n|start\n|switch|p1a: Klefki|Klefki, L50, F|100\/100\n|switch|p1b: Flutter Mane|Flutter Mane, L50|100\/100\n|switch|p2a: Corviknight|Corviknight, L50, F|100\/100\n|switch|p2b: Scream Tail|Scream Tail, L50|100\/100\n|-enditem|p2b: Scream Tail|Booster Energy\n|-activate|p2b: Scream Tail|ability: Protosynthesis|[fromitem]\n|-start|p2b: Scream Tail|protosynthesisspe\n|turn|1\n|inactive|Thanias1 has 30 seconds left.\n|inactive|Thanias1 has 20 seconds left.\n|inactive|Thanias1 has 15 seconds left.\n|\n|t:|1681840522\n|move|p1b: Flutter Mane|Protect|p1b: Flutter Mane\n|-singleturn|p1b: Flutter Mane|Protect\n|move|p1a: Klefki|Thunder Wave|p2a: Corviknight\n|-status|p2a: Corviknight|par\n|move|p2b: Scream Tail|Encore|p1a: Klefki\n|-start|p1a: Klefki|Encore\n|cant|p2a: Corviknight|par\n|\n|upkeep\n|turn|2\n|\n|t:|1681840536\n|move|p1a: Klefki|Thunder Wave|p2b: Scream Tail|[miss]\n|-miss|p1a: Klefki|p2b: Scream Tail\n|move|p2b: Scream Tail|Howl|p2b: Scream Tail|[spread] p2a,p2b\n|-boost|p2a: Corviknight|atk|1\n|-boost|p2b: Scream Tail|atk|1\n|move|p1b: Flutter Mane|Shadow Ball|p2a: Corviknight\n|-damage|p2a: Corviknight|63\/100 par\n|move|p2a: Corviknight|Brave Bird|p1b: Flutter Mane\n|-enditem|p1b: Flutter Mane|Focus Sash\n|-damage|p1b: Flutter Mane|1\/100\n|-damage|p2a: Corviknight|42\/100 par|[from] Recoil\n|\n|-heal|p2a: Corviknight|48\/100 par|[from] item: Leftovers\n|upkeep\n|turn|3\n|\n|t:|1681840559\n|switch|p1a: Farigiraf|Farigiraf, L50, M, shiny|100\/100\n|move|p2a: Corviknight|Protect|p2a: Corviknight\n|-singleturn|p2a: Corviknight|Protect\n|move|p2b: Scream Tail|Play Rough|p1b: Flutter Mane\n|-damage|p1b: Flutter Mane|0 fnt\n|faint|p1b: Flutter Mane\n|-end|p1b: Flutter Mane|Protosynthesis|[silent]\n|\n|-heal|p2a: Corviknight|54\/100 par|[from] item: Leftovers\n|upkeep\n|\n|t:|1681840570\n|switch|p1b: Dragonite|Dragonite, L50, M|100\/100\n|turn|4\n|\n|t:|1681840590\n|-terastallize|p1b: Dragonite|Normal\n|move|p2b: Scream Tail|Play Rough|p1b: Dragonite\n|-damage|p1b: Dragonite|84\/100\n|move|p1b: Dragonite|Fire Punch|p2a: Corviknight\n|-supereffective|p2a: Corviknight\n|-damage|p2a: Corviknight|8\/100 par\n|move|p1a: Farigiraf|Hyper Voice|p2a: Corviknight|[spread] p2a,p2b\n|-resisted|p2a: Corviknight\n|-damage|p2a: Corviknight|0 fnt\n|-damage|p2b: Scream Tail|82\/100\n|faint|p2a: Corviknight\n|-enditem|p1a: Farigiraf|Throat Spray\n|-boost|p1a: Farigiraf|spa|1|[from] item: Throat Spray\n|\n|upkeep\n|\n|t:|1681840604\n|switch|p2a: Arcanine|Arcanine, L50, M|100\/100\n|-ability|p2a: Arcanine|Intimidate|boost\n|-unboost|p1a: Farigiraf|atk|1\n|-unboost|p1b: Dragonite|atk|1\n|turn|5\n|\n|t:|1681840616\n|move|p1a: Farigiraf|Protect|p1a: Farigiraf\n|-singleturn|p1a: Farigiraf|Protect\n|move|p2b: Scream Tail|Encore|p1b: Dragonite\n|-start|p1b: Dragonite|Encore\n|move|p2a: Arcanine|Howl|p2a: Arcanine|[spread] p2a,p2b\n|-boost|p2a: Arcanine|atk|1\n|-boost|p2b: Scream Tail|atk|1\n|move|p1b: Dragonite|Fire Punch|p2b: Scream Tail\n|-damage|p2b: Scream Tail|67\/100\n|\n|upkeep\n|turn|6\n|\n|t:|1681840640\n|move|p2b: Scream Tail|Encore|p1a: Farigiraf\n|-start|p1a: Farigiraf|Encore\n|move|p2a: Arcanine|Howl|p2a: Arcanine|[spread] p2a,p2b\n|-boost|p2a: Arcanine|atk|1\n|-boost|p2b: Scream Tail|atk|1\n|move|p1b: Dragonite|Fire Punch|p2b: Scream Tail\n|-damage|p2b: Scream Tail|53\/100\n|-status|p2b: Scream Tail|brn\n|move|p1a: Farigiraf|Protect||[still]\n|-fail|p1a: Farigiraf\n|\n|-damage|p2b: Scream Tail|47\/100 brn|[from] brn\n|upkeep\n|turn|7\n|\n|t:|1681840656\n|switch|p1a: Klefki|Klefki, L50, F|100\/100\n|move|p2b: Scream Tail|Howl|p2b: Scream Tail|[spread] p2a,p2b\n|-boost|p2a: Arcanine|atk|1\n|-boost|p2b: Scream Tail|atk|1\n|move|p2a: Arcanine|Flare Blitz|p1b: Dragonite\n|-damage|p1b: Dragonite|0 fnt\n|faint|p1b: Dragonite\n|-damage|p2a: Arcanine|74\/100|[from] Recoil\n|\n|-damage|p2b: Scream Tail|40\/100 brn|[from] brn\n|upkeep\n|\n|t:|1681840659\n|switch|p1b: Farigiraf|Farigiraf, L50, M, shiny|100\/100\n|turn|8\n|\n|t:|1681840676\n|move|p1a: Klefki|Thunder Wave|p2a: Arcanine\n|-status|p2a: Arcanine|par\n|move|p2b: Scream Tail|Play Rough|p1b: Farigiraf\n|-damage|p1b: Farigiraf|72\/100\n|move|p1b: Farigiraf|Hyper Voice|p2a: Arcanine|[spread] p2a,p2b\n|-damage|p2a: Arcanine|44\/100 par\n|-damage|p2b: Scream Tail|22\/100 brn\n|move|p2a: Arcanine|Flare Blitz|p1b: Farigiraf\n|-damage|p1b: Farigiraf|0 fnt\n|faint|p1b: Farigiraf\n|-damage|p2a: Arcanine|16\/100 par|[from] Recoil\n|\n|-damage|p2b: Scream Tail|16\/100 brn|[from] brn\n|upkeep\n|turn|9\n|\n|t:|1681840696\n|move|p2b: Scream Tail|Encore|p1a: Klefki\n|-start|p1a: Klefki|Encore\n|move|p1a: Klefki|Thunder Wave||[still]\n|-fail|p1a: Klefki\n|move|p2a: Arcanine|Flare Blitz|p1a: Klefki\n|-supereffective|p1a: Klefki\n|-damage|p1a: Klefki|0 fnt\n|faint|p1a: Klefki\n|-damage|p2a: Arcanine|0 fnt|[from] Recoil\n|faint|p2a: Arcanine\n|\n|win|Thanias1\n|raw|Zesticeiro's rating: 1116 → 1089<\/strong> (-27 for losing)\n|raw|Thanias1's rating: 1085 → 1115<\/strong> (+30 for winning)\n|l|\u2606Zesticeiro\n","uploadtime":1681840718,"views":9,"p1id":"zesticeiro","p2id":"thanias1","formatid":"gen9vgc2023regulationc","rating":1089,"private":0,"password":""}