{"id":"gen9vgc2023regulationc-1853244195","p1":"Count Sliggoo","p2":"ric_27","format":"[Gen 9] VGC 2023 Regulation C","log":"|j|\u2606Count Sliggoo\n|j|\u2606ric_27\n|t:|1682653930\n|gametype|doubles\n|player|p1|Count Sliggoo|ruinmaniac-gen3rs|1195\n|player|p2|ric_27|colress|1154\n|teamsize|p1|6\n|teamsize|p2|6\n|gen|9\n|tier|[Gen 9] VGC 2023 Regulation C\n|rated|\n|rule|Species Clause: Limit one of each Pok\u00e9mon\n|rule|Item Clause: Limit one of each item\n|clearpoke\n|poke|p1|Gallade, L50, M|\n|poke|p1|Garganacl, L50, M|\n|poke|p1|Flutter Mane, L50|\n|poke|p1|Indeedee-F, L50, F|\n|poke|p1|Armarouge, L50, F|\n|poke|p1|Dondozo, L50, M|\n|poke|p2|Dragonite, L50, F|\n|poke|p2|Great Tusk, L50|\n|poke|p2|Chien-Pao, L50|\n|poke|p2|Lilligant, L50, F|\n|poke|p2|Torkoal, L50, F|\n|poke|p2|Flutter Mane, L50|\n|teampreview|4\n|\n|t:|1682653981\n|start\n|switch|p1a: Elre Olaric|Gallade, L50, M, shiny|100\/100\n|switch|p1b: Loki|Indeedee-F, L50, F, shiny|100\/100\n|switch|p2a: Torkoal|Torkoal, L50, F|100\/100\n|switch|p2b: Lilligant|Lilligant, L50, F|100\/100\n|-fieldstart|move: Psychic Terrain|[from] ability: Psychic Surge|[of] p1b: Loki\n|-enditem|p1b: Loki|Psychic Seed\n|-boost|p1b: Loki|spd|1|[from] item: Psychic Seed\n|-weather|SunnyDay|[from] ability: Drought|[of] p2a: Torkoal\n|turn|1\n|inactive|Battle timer is ON: inactive players will automatically lose when time's up. (requested by ric_27)\n|inactive|Count Sliggoo has 60 seconds left.\n|\n|t:|1682654025\n|-terastallize|p2a: Torkoal|Fire\n|move|p1b: Loki|Follow Me|p1b: Loki\n|-singleturn|p1b: Loki|move: Follow Me\n|move|p2b: Lilligant|After You||[still]\n|-fail|p2b: Lilligant\n|move|p1a: Elre Olaric|Psycho Cut|p2a: Torkoal\n|-damage|p2a: Torkoal|28\/100\n|-damage|p1a: Elre Olaric|91\/100|[from] item: Life Orb\n|move|p2a: Torkoal|Eruption|p1b: Loki|[spread] p1a,p1b\n|-damage|p1a: Elre Olaric|57\/100\n|-damage|p1b: Loki|82\/100\n|\n|-weather|SunnyDay|[upkeep]\n|upkeep\n|turn|2\n|inactive|Count Sliggoo has 30 seconds left.\n|\n|t:|1682654051\n|move|p2a: Torkoal|Protect|p2a: Torkoal\n|-singleturn|p2a: Torkoal|Protect\n|move|p1b: Loki|Follow Me|p1b: Loki\n|-singleturn|p1b: Loki|move: Follow Me\n|move|p2b: Lilligant|Sleep Powder|p1b: Loki|[miss]\n|-miss|p2b: Lilligant|p1b: Loki\n|move|p1a: Elre Olaric|Psycho Cut|p2b: Lilligant\n|-enditem|p2b: Lilligant|Focus Sash\n|-damage|p2b: Lilligant|1\/100\n|-damage|p1a: Elre Olaric|47\/100|[from] item: Life Orb\n|\n|-weather|SunnyDay|[upkeep]\n|upkeep\n|turn|3\n|\n|t:|1682654068\n|move|p1a: Elre Olaric|Protect|p1a: Elre Olaric\n|-singleturn|p1a: Elre Olaric|Protect\n|move|p2b: Lilligant|Sleep Powder|p1a: Elre Olaric\n|-activate|p1a: Elre Olaric|move: Protect\n|move|p1b: Loki|Dazzling Gleam|p2a: Torkoal|[spread] p2a,p2b\n|-resisted|p2a: Torkoal\n|-damage|p2a: Torkoal|19\/100\n|-damage|p2b: Lilligant|0 fnt\n|faint|p2b: Lilligant\n|move|p2a: Torkoal|Flamethrower|p1a: Elre Olaric\n|-activate|p1a: Elre Olaric|move: Protect\n|\n|-weather|SunnyDay|[upkeep]\n|upkeep\n|\n|t:|1682654081\n|switch|p2b: Great Tusk|Great Tusk, L50|100\/100\n|-activate|p2b: Great Tusk|ability: Protosynthesis\n|-start|p2b: Great Tusk|protosynthesisatk\n|turn|4\n|\n|t:|1682654095\n|move|p1b: Loki|Follow Me|p1b: Loki\n|-singleturn|p1b: Loki|move: Follow Me\n|move|p2b: Great Tusk|Headlong Rush|p1b: Loki\n|-damage|p1b: Loki|0 fnt\n|-unboost|p2b: Great Tusk|def|1\n|-unboost|p2b: Great Tusk|spd|1\n|faint|p1b: Loki\n|move|p1a: Elre Olaric|Psycho Cut|p2b: Great Tusk\n|-supereffective|p2b: Great Tusk\n|-damage|p2b: Great Tusk|0 fnt\n|faint|p2b: Great Tusk\n|-end|p2b: Great Tusk|Protosynthesis|[silent]\n|-damage|p1a: Elre Olaric|38\/100|[from] item: Life Orb\n|move|p2a: Torkoal|Flamethrower|p1a: Elre Olaric\n|-damage|p1a: Elre Olaric|0 fnt\n|faint|p1a: Elre Olaric\n|\n|-weather|SunnyDay|[upkeep]\n|upkeep\n|\n|t:|1682654110\n|switch|p2b: Flutter Mane|Flutter Mane, L50|100\/100\n|switch|p1a: Baelnorn|Flutter Mane, L50|100\/100\n|switch|p1b: Blub|Dondozo, L50, M|100\/100\n|-activate|p2b: Flutter Mane|ability: Protosynthesis\n|-start|p2b: Flutter Mane|protosynthesisspa\n|-activate|p1a: Baelnorn|ability: Protosynthesis\n|-start|p1a: Baelnorn|protosynthesisspa\n|turn|5\n|\n|t:|1682654124\n|move|p1a: Baelnorn|Protect|p1a: Baelnorn\n|-singleturn|p1a: Baelnorn|Protect\n|move|p2a: Torkoal|Protect|p2a: Torkoal\n|-singleturn|p2a: Torkoal|Protect\n|move|p2b: Flutter Mane|Shadow Ball|p1a: Baelnorn\n|-activate|p1a: Baelnorn|move: Protect\n|move|p1b: Blub|Heavy Slam|p2b: Flutter Mane\n|-supereffective|p2b: Flutter Mane\n|-damage|p2b: Flutter Mane|0 fnt\n|faint|p2b: Flutter Mane\n|-end|p2b: Flutter Mane|Protosynthesis|[silent]\n|\n|-weather|none\n|-end|p1a: Baelnorn|Protosynthesis\n|-fieldend|move: Psychic Terrain\n|upkeep\n|-enditem|p1a: Baelnorn|Booster Energy\n|-activate|p1a: Baelnorn|ability: Protosynthesis|[fromitem]\n|-start|p1a: Baelnorn|protosynthesisspa\n|turn|6\n|-message|ric_27 forfeited.\n|\n|win|Count Sliggoo\n|raw|Count Sliggoo's rating: 1195 → 1217<\/strong> (+22 for winning)\n|raw|ric_27's rating: 1154 → 1132<\/strong> (-22 for losing)\n|l|\u2606ric_27\n","uploadtime":1682654144,"views":12,"p1id":"countsliggoo","p2id":"ric27","formatid":"gen9vgc2023regulationc","rating":1132,"private":0,"password":""}