{"id":"gen9vgc2023regulationc-1863382129","p1":"Inferno prodigy","p2":"revocolombia","format":"[Gen 9] VGC 2023 Regulation C","log":"|j|\u2606Inferno prodigy\n|j|\u2606revocolombia\n|t:|1684009837\n|gametype|doubles\n|player|p1|Inferno prodigy|170|1436\n|player|p2|revocolombia|pokemonranger-gen4|1398\n|teamsize|p1|6\n|teamsize|p2|6\n|gen|9\n|tier|[Gen 9] VGC 2023 Regulation C\n|rated|\n|rule|Species Clause: Limit one of each Pok\u00e9mon\n|rule|Item Clause: Limit one of each item\n|clearpoke\n|poke|p1|Orthworm, L50, F|\n|poke|p1|Ting-Lu, L50|\n|poke|p1|Dragonite, L50, F|\n|poke|p1|Gyarados, L50, M|\n|poke|p1|Flutter Mane, L50|\n|poke|p1|Chien-Pao, L50|\n|poke|p2|Flutter Mane, L50|\n|poke|p2|Annihilape, L50, F|\n|poke|p2|Dragonite, L50, F|\n|poke|p2|Chien-Pao, L50|\n|poke|p2|Murkrow, L50, F|\n|poke|p2|Gholdengo, L50|\n|teampreview|4\n|\n|t:|1684009876\n|start\n|switch|p1a: Orthworm|Orthworm, L50, F|100\/100\n|switch|p1b: Ting-Lu|Ting-Lu, L50|100\/100\n|switch|p2a: Annihilape|Annihilape, L50, F, shiny|100\/100\n|switch|p2b: Dragonite|Dragonite, L50, F|100\/100\n|-ability|p1b: Ting-Lu|Vessel of Ruin\n|turn|1\n|\n|t:|1684009890\n|move|p2b: Dragonite|Low Kick|p1a: Orthworm\n|-supereffective|p1a: Orthworm\n|-damage|p1a: Orthworm|32\/100\n|-enditem|p1a: Orthworm|Sitrus Berry|[eat]\n|-heal|p1a: Orthworm|57\/100|[from] item: Sitrus Berry\n|move|p2a: Annihilape|Bulk Up|p2a: Annihilape\n|-boost|p2a: Annihilape|atk|1\n|-boost|p2a: Annihilape|def|1\n|move|p1a: Orthworm|Shed Tail|p1a: Orthworm\n|-start|p1a: Orthworm|Substitute|[from] move: Shed Tail\n|-damage|p1a: Orthworm|7\/100\n|\n|t:|1684009902\n|switch|p1a: Dragonite|Dragonite, L50, F|100\/100|[from] Shed Tail\n|move|p1b: Ting-Lu|Earthquake|p2a: Annihilape|[spread] p2a\n|-immune|p1a: Dragonite\n|-immune|p2b: Dragonite\n|-damage|p2a: Annihilape|68\/100\n|\n|-heal|p2a: Annihilape|75\/100|[from] item: Leftovers\n|upkeep\n|turn|2\n|\n|t:|1684009925\n|switch|p1b: Chien-Pao|Chien-Pao, L50|100\/100\n|-ability|p1b: Chien-Pao|Sword of Ruin\n|-terastallize|p1a: Dragonite|Flying\n|move|p2b: Dragonite|Low Kick|p1b: Chien-Pao\n|-supereffective|p1b: Chien-Pao\n|-enditem|p1b: Chien-Pao|Focus Sash\n|-damage|p1b: Chien-Pao|1\/100\n|move|p2a: Annihilape|Rage Fist|p1a: Dragonite\n|-end|p1a: Dragonite|Substitute\n|move|p1a: Dragonite|Tera Blast|p2a: Annihilape\n|-supereffective|p2a: Annihilape\n|-damage|p2a: Annihilape|0 fnt\n|faint|p2a: Annihilape\n|\n|upkeep\n|\n|t:|1684009955\n|switch|p2a: Chien-Pao|Chien-Pao, L50|100\/100\n|-ability|p2a: Chien-Pao|Sword of Ruin\n|turn|3\n|\n|t:|1684009970\n|move|p2b: Dragonite|Extreme Speed|p1b: Chien-Pao\n|-damage|p1b: Chien-Pao|0 fnt\n|faint|p1b: Chien-Pao\n|move|p1a: Dragonite|Extreme Speed|p2b: Dragonite\n|-damage|p2b: Dragonite|80\/100\n|move|p2a: Chien-Pao|Ice Spinner|p1a: Dragonite\n|-supereffective|p1a: Dragonite\n|-damage|p1a: Dragonite|47\/100\n|\n|upkeep\n|\n|t:|1684009976\n|switch|p1b: Ting-Lu|Ting-Lu, L50|100\/100\n|-ability|p1b: Ting-Lu|Vessel of Ruin\n|turn|4\n|\n|t:|1684009992\n|move|p1a: Dragonite|Extreme Speed|p2a: Chien-Pao\n|-damage|p2a: Chien-Pao|62\/100\n|move|p2a: Chien-Pao|Ice Spinner|p1a: Dragonite\n|-supereffective|p1a: Dragonite\n|-damage|p1a: Dragonite|0 fnt\n|faint|p1a: Dragonite\n|move|p2b: Dragonite|Low Kick|p1b: Ting-Lu\n|-supereffective|p1b: Ting-Lu\n|-damage|p1b: Ting-Lu|24\/100\n|move|p1b: Ting-Lu|Rock Slide|p2a: Chien-Pao|[spread] p2a,p2b\n|-supereffective|p2a: Chien-Pao\n|-supereffective|p2b: Dragonite\n|-damage|p2a: Chien-Pao|0 fnt\n|-damage|p2b: Dragonite|3\/100\n|faint|p2a: Chien-Pao\n|\n|upkeep\n|\n|t:|1684010007\n|switch|p2a: Murkrow|Murkrow, L50, F|100\/100\n|switch|p1a: Orthworm|Orthworm, L50, F|7\/100\n|turn|5\n|\n|t:|1684010018\n|move|p2b: Dragonite|Low Kick|p1b: Ting-Lu\n|-supereffective|p1b: Ting-Lu\n|-damage|p1b: Ting-Lu|0 fnt\n|faint|p1b: Ting-Lu\n|move|p2a: Murkrow|Foul Play|p1a: Orthworm\n|-damage|p1a: Orthworm|0 fnt\n|faint|p1a: Orthworm\n|\n|win|revocolombia\n|raw|Inferno prodigy's rating: 1436 → 1414<\/strong> (-22 for losing)\n|raw|revocolombia's rating: 1398 → 1420<\/strong> (+22 for winning)\n","uploadtime":1684010028,"views":11,"p1id":"infernoprodigy","p2id":"revocolombia","formatid":"gen9vgc2023regulationc","rating":1414,"private":0,"password":""}