{"id":"gen9vgc2023regulationc-1846031802","p1":"6-0 by porygon","p2":"Hyanryu","format":"[Gen 9] VGC 2023 Regulation C","log":"|j|\u26066-0 by porygon\n|j|\u2606Hyanryu\n|t:|1681794507\n|gametype|doubles\n|player|p1|6-0 by porygon|266|1570\n|player|p2|Hyanryu|n|1641\n|teamsize|p1|6\n|teamsize|p2|6\n|gen|9\n|tier|[Gen 9] VGC 2023 Regulation C\n|rated|\n|rule|Species Clause: Limit one of each Pok\u00e9mon\n|rule|Item Clause: Limit one of each item\n|clearpoke\n|poke|p1|Corviknight, L50, F|\n|poke|p1|Murkrow, L50, M|\n|poke|p1|Dragonite, L50, M|\n|poke|p1|Flutter Mane, L50|\n|poke|p1|Ting-Lu, L50|\n|poke|p1|Arcanine, L50, M|\n|poke|p2|Dondozo, L50, M|\n|poke|p2|Tatsugiri-Droopy, L50, F|\n|poke|p2|Glimmora, L50, F|\n|poke|p2|Ting-Lu, L50|\n|poke|p2|Wo-Chien, L50|\n|poke|p2|Baxcalibur, L50, M|\n|teampreview|4\n|inactive|Battle timer is ON: inactive players will automatically lose when time's up. (requested by Hyanryu)\n|inactive|6-0 by porygon has 60 seconds left.\n|inactive|6-0 by porygon has 30 seconds left.\n|\n|t:|1681794597\n|start\n|switch|p1a: Ting-Lu|Ting-Lu, L50|100\/100\n|switch|p1b: Dragonite|Dragonite, L50, M|100\/100\n|switch|p2a: Sulfera|Glimmora, L50, F, shiny|100\/100\n|switch|p2b: King Arthur|Baxcalibur, L50, M, shiny|100\/100\n|-ability|p1a: Ting-Lu|Vessel of Ruin\n|turn|1\n|inactive|6-0 by porygon has 30 seconds left.\n|inactive|6-0 by porygon has 20 seconds left.\n|\n|t:|1681794637\n|-terastallize|p1a: Ting-Lu|Poison\n|move|p2a: Sulfera|Mortal Spin|p1b: Dragonite|[spread] p1a,p1b\n|-resisted|p1a: Ting-Lu\n|-damage|p1a: Ting-Lu|99\/100\n|-damage|p1b: Dragonite|95\/100\n|-status|p1b: Dragonite|psn\n|move|p1b: Dragonite|Rock Slide|p2a: Sulfera|[spread] p2a,p2b\n|-supereffective|p2b: King Arthur\n|-damage|p2a: Sulfera|57\/100\n|-damage|p2b: King Arthur|49\/100\n|-activate|p2a: Sulfera|ability: Toxic Debris\n|-sidestart|p1: 6-0 by porygon|move: Toxic Spikes\n|move|p2b: King Arthur|Icicle Spear|p1b: Dragonite\n|-supereffective|p1b: Dragonite\n|-damage|p1b: Dragonite|36\/100 psn\n|-supereffective|p1b: Dragonite\n|-damage|p1b: Dragonite|0 fnt\n|faint|p1b: Dragonite\n|-hitcount|p1: Dragonite|2\n|move|p1a: Ting-Lu|Earthquake|p2b: King Arthur|[spread] p2a,p2b\n|-supereffective|p2a: Sulfera\n|-damage|p2a: Sulfera|0 fnt\n|-damage|p2b: King Arthur|21\/100\n|-activate|p2a: Sulfera|ability: Toxic Debris\n|-sidestart|p1: 6-0 by porygon|move: Toxic Spikes\n|faint|p2a: Sulfera\n|\n|upkeep\n|\n|t:|1681794661\n|switch|p2a: Namazu|Dondozo, L50, M, shiny|100\/100\n|switch|p1b: Corviknight|Corviknight, L50, F|100\/100\n|turn|2\n|\n|t:|1681794680\n|move|p2a: Namazu|Protect|p2a: Namazu\n|-singleturn|p2a: Namazu|Protect\n|move|p2b: King Arthur|Icicle Spear|p1a: Ting-Lu\n|-damage|p1a: Ting-Lu|90\/100\n|-damage|p1a: Ting-Lu|81\/100\n|-damage|p1a: Ting-Lu|73\/100\n|-damage|p1a: Ting-Lu|65\/100\n|-hitcount|p1a: Ting-Lu|4\n|move|p1b: Corviknight|Iron Defense|p1b: Corviknight\n|-boost|p1b: Corviknight|def|2\n|move|p1a: Ting-Lu|Earthquake|p2b: King Arthur|[spread] p2b\n|-activate|p2a: Namazu|move: Protect\n|-immune|p1b: Corviknight\n|-damage|p2b: King Arthur|0 fnt\n|faint|p2b: King Arthur\n|\n|upkeep\n|\n|t:|1681794697\n|switch|p2b: Ghost|Tatsugiri-Droopy, L50, F, shiny|100\/100\n|-activate|p2b: Ghost|ability: Commander|[of] p2a: Namazu\n|-boost|p2a: Namazu|atk|2\n|-boost|p2a: Namazu|spa|2\n|-boost|p2a: Namazu|spe|2\n|-boost|p2a: Namazu|def|2\n|-boost|p2a: Namazu|spd|2\n|turn|3\n|inactive|6-0 by porygon has 30 seconds left.\n|inactive|6-0 by porygon has 20 seconds left.\n|\n|t:|1681794735\n|move|p2a: Namazu|Earthquake|p1b: Corviknight|[spread] p1a\n|-miss|p2a: Namazu|p2b: Ghost\n|-immune|p1b: Corviknight\n|-supereffective|p1a: Ting-Lu\n|-damage|p1a: Ting-Lu|13\/100\n|move|p1b: Corviknight|Taunt|p2a: Namazu\n|-start|p2a: Namazu|move: Taunt\n|move|p1a: Ting-Lu|Earthquake|p2a: Namazu|[spread] p2a\n|-miss|p1a: Ting-Lu|p2b: Ghost\n|-immune|p1b: Corviknight\n|-damage|p2a: Namazu|87\/100\n|\n|upkeep\n|turn|4\n|inactive|6-0 by porygon has 30 seconds left.\n|inactive|Hyanryu has 30 seconds left.\n|inactive|6-0 by porygon has 20 seconds left.\n|inactive|6-0 by porygon has 15 seconds left.\n|\n|t:|1681794776\n|move|p2a: Namazu|Earthquake|p1b: Corviknight|[spread] p1a\n|-miss|p2a: Namazu|p2b: Ghost\n|-immune|p1b: Corviknight\n|-supereffective|p1a: Ting-Lu\n|-damage|p1a: Ting-Lu|0 fnt\n|faint|p1a: Ting-Lu\n|move|p1b: Corviknight|Body Press|p2a: Namazu\n|-damage|p2a: Namazu|80\/100\n|\n|upkeep\n|\n|t:|1681794785\n|switch|p1a: Flutter Mane|Flutter Mane, L50|100\/100\n|-status|p1a: Flutter Mane|tox\n|-enditem|p1a: Flutter Mane|Booster Energy\n|-activate|p1a: Flutter Mane|ability: Protosynthesis|[fromitem]\n|-start|p1a: Flutter Mane|protosynthesisspa\n|turn|5\n|\n|t:|1681794797\n|move|p1a: Flutter Mane|Moonblast|p2a: Namazu\n|-damage|p2a: Namazu|52\/100\n|move|p2a: Namazu|Wave Crash|p1a: Flutter Mane\n|-damage|p1a: Flutter Mane|0 fnt\n|faint|p1a: Flutter Mane\n|-end|p1a: Flutter Mane|Protosynthesis|[silent]\n|-damage|p2a: Namazu|31\/100|[from] Recoil\n|move|p1b: Corviknight|Body Press|p2a: Namazu\n|-damage|p2a: Namazu|24\/100\n|\n|upkeep\n|turn|6\n|j| deyond1207\n|inactive|Hyanryu has 30 seconds left.\n|l| deyond1207\n|\n|t:|1681794826\n|move|p2a: Namazu|Earthquake|p1b: Corviknight|[spread] \n|-miss|p2a: Namazu|p2b: Ghost\n|-immune|p1b: Corviknight\n|move|p1b: Corviknight|Body Press|p2a: Namazu\n|-damage|p2a: Namazu|17\/100\n|\n|-end|p2a: Namazu|move: Taunt\n|upkeep\n|turn|7\n|\n|t:|1681794836\n|move|p2a: Namazu|Rest|p2a: Namazu\n|-status|p2a: Namazu|slp|[from] move: Rest\n|-enditem|p2a: Namazu|Lum Berry|[eat]\n|-curestatus|p2a: Namazu|slp|[msg]\n|-heal|p2a: Namazu|100\/100|[silent]\n|move|p1b: Corviknight|Body Press|p2a: Namazu\n|-damage|p2a: Namazu|93\/100\n|\n|upkeep\n|turn|8\n|\n|t:|1681794846\n|move|p2a: Namazu|Wave Crash|p1b: Corviknight\n|-damage|p1b: Corviknight|21\/100\n|-damage|p2a: Namazu|70\/100|[from] Recoil\n|move|p1b: Corviknight|Iron Defense|p1b: Corviknight\n|-boost|p1b: Corviknight|def|2\n|\n|-heal|p1b: Corviknight|27\/100|[from] item: Leftovers\n|upkeep\n|turn|9\n|\n|t:|1681794856\n|move|p2a: Namazu|Wave Crash|p1b: Corviknight\n|-damage|p1b: Corviknight|0 fnt\n|faint|p1b: Corviknight\n|-damage|p2a: Namazu|62\/100|[from] Recoil\n|\n|win|Hyanryu\n|raw|6-0 by porygon's rating: 1570 → 1554<\/strong> (-16 for losing)\n|raw|Hyanryu's rating: 1641 → 1657<\/strong> (+16 for winning)\n|c|\u2606Hyanryu|Gg\n","uploadtime":1681794872,"views":12,"p1id":"60byporygon","p2id":"hyanryu","formatid":"gen9vgc2023regulationc","rating":1554,"private":0,"password":""}