{"id":"gen9vgc2023regulationc-1856454523","p1":"Heaven64","p2":"PurpleStyle","format":"[Gen 9] VGC 2023 Regulation C","log":"|j|\u2606Heaven64\n|j|\u2606PurpleStyle\n|t:|1683063282\n|gametype|doubles\n|player|p1|Heaven64|leaf-masters|\n|player|p2|PurpleStyle|pokefan|\n|teamsize|p1|6\n|teamsize|p2|6\n|gen|9\n|tier|[Gen 9] VGC 2023 Regulation C\n|rule|Species Clause: Limit one of each Pok\u00e9mon\n|rule|Item Clause: Limit one of each item\n|clearpoke\n|poke|p1|Arcanine, L50, M|\n|poke|p1|Sylveon, L50, F|\n|poke|p1|Bronzong, L50|\n|poke|p1|Medicham, L50, M|\n|poke|p1|Arboliva, L50, F|\n|poke|p1|Scatterbug, L50, M|\n|poke|p2|Drifblim, L50, F|\n|poke|p2|Indeedee, L50, M|\n|poke|p2|Flutter Mane, L50|\n|poke|p2|Tauros-Paldea-Combat, L50, M|\n|poke|p2|Azumarill, L50, F|\n|poke|p2|Donphan, L50, F|\n|teampreview|4\nPurpleStyle rejected open team sheets.\n|c|\u2606PurpleStyle|g1\n|c|\u2606PurpleStyle|glhd\n|c|\u2606PurpleStyle|glhf\n|c|\u2606Heaven64|you too\n|\n|t:|1683063457\n|start\n|switch|p1a: Jeanne|Sylveon, L50, F|100\/100\n|switch|p1b: Me IRL|Scatterbug, L50, M, shiny|100\/100\n|switch|p2a: Drifblim|Drifblim, L50, F|100\/100\n|switch|p2b: Indeedee|Indeedee, L50, M|100\/100\n|-fieldstart|move: Psychic Terrain|[from] ability: Psychic Surge|[of] p2b: Indeedee\n|-enditem|p2a: Drifblim|Psychic Seed\n|-boost|p2a: Drifblim|spd|1|[from] item: Psychic Seed\n|turn|1\n|\n|t:|1683063494\n|switch|p2b: Azumarill|Azumarill, L50, F|100\/100\n|switch|p1a: DeGaulle|Arcanine, L50, M|100\/100\n|-ability|p1a: DeGaulle|Intimidate|boost\n|-unboost|p2a: Drifblim|atk|1\n|-unboost|p2b: Azumarill|atk|1\n|move|p2a: Drifblim|Acrobatics|p1b: Me IRL\n|-supereffective|p1b: Me IRL\n|-crit|p1b: Me IRL\n|-damage|p1b: Me IRL|0 fnt\n|faint|p1b: Me IRL\n|\n|upkeep\n|\n|t:|1683063520\n|switch|p1b: Jeanne|Sylveon, L50, F|100\/100\n|turn|2\n|\n|t:|1683063557\n|-terastallize|p1a: DeGaulle|Grass\n|move|p1b: Jeanne|Protect|p1b: Jeanne\n|-singleturn|p1b: Jeanne|Protect\n|move|p2a: Drifblim|Tailwind|p2a: Drifblim\n|-sidestart|p2: PurpleStyle|move: Tailwind\n|move|p1a: DeGaulle|Wild Charge|p2b: Azumarill\n|-supereffective|p2b: Azumarill\n|-damage|p2b: Azumarill|36\/100\n|-damage|p1a: DeGaulle|83\/100|[from] Recoil\n|move|p2b: Azumarill|Liquidation|p1a: DeGaulle\n|-resisted|p1a: DeGaulle\n|-damage|p1a: DeGaulle|62\/100\n|\n|upkeep\n|turn|3\n|\n|t:|1683063601\n|move|p2a: Drifblim|Acrobatics|p1a: DeGaulle\n|-supereffective|p1a: DeGaulle\n|-damage|p1a: DeGaulle|15\/100\n|move|p1a: DeGaulle|Play Rough|p2b: Azumarill\n|-damage|p2b: Azumarill|1\/100\n|move|p2b: Azumarill|Liquidation|p1b: Jeanne\n|-damage|p1b: Jeanne|57\/100\n|move|p1b: Jeanne|Hyper Voice|p2b: Azumarill|[spread] p2a,p2b\n|-damage|p2a: Drifblim|64\/100\n|-damage|p2b: Azumarill|0 fnt\n|faint|p2b: Azumarill\n|-enditem|p1b: Jeanne|Throat Spray\n|-boost|p1b: Jeanne|spa|1|[from] item: Throat Spray\n|\n|upkeep\n|\n|t:|1683063608\n|switch|p2b: Flutter Mane|Flutter Mane, L50|100\/100\n|-enditem|p2b: Flutter Mane|Booster Energy\n|-activate|p2b: Flutter Mane|ability: Protosynthesis|[fromitem]\n|-start|p2b: Flutter Mane|protosynthesisspe\n|turn|4\n|\n|t:|1683063651\n|move|p2a: Drifblim|Acrobatics|p1b: Jeanne\n|-damage|p1b: Jeanne|28\/100\n|move|p2b: Flutter Mane|Dazzling Gleam|p1b: Jeanne|[spread] p1a,p1b\n|-crit|p1a: DeGaulle\n|-damage|p1a: DeGaulle|0 fnt\n|-damage|p1b: Jeanne|5\/100\n|faint|p1a: DeGaulle\n|move|p1b: Jeanne|Hyper Voice|p2a: Drifblim|[spread] p2a,p2b\n|-damage|p2a: Drifblim|8\/100\n|-damage|p2b: Flutter Mane|44\/100\n|\n|upkeep\n|\n|t:|1683063660\n|switch|p1a: Teddy|Medicham, L50, M, shiny|100\/100\n|turn|5\n|\n|t:|1683063678\n|move|p1a: Teddy|Bullet Punch|p2a: Drifblim\n|-hint|Psychic Terrain doesn't affect Pok\u00e9mon immune to Ground.\n|-damage|p2a: Drifblim|0 fnt\n|faint|p2a: Drifblim\n|move|p2b: Flutter Mane|Dazzling Gleam|p1a: Teddy|[spread] p1a,p1b\n|-supereffective|p1a: Teddy\n|-damage|p1a: Teddy|21\/100\n|-damage|p1b: Jeanne|0 fnt\n|faint|p1b: Jeanne\n|\n|-sideend|p2: PurpleStyle|move: Tailwind\n|-fieldend|move: Psychic Terrain\n|upkeep\n|\n|t:|1683063686\n|switch|p2a: Indeedee|Indeedee, L50, M|100\/100\n|-fieldstart|move: Psychic Terrain|[from] ability: Psychic Surge|[of] p2a: Indeedee\n|turn|6\n|c|\u2606PurpleStyle|gg\n|\n|t:|1683063696\n|move|p2b: Flutter Mane|Dazzling Gleam|p1a: Teddy\n|-supereffective|p1a: Teddy\n|-damage|p1a: Teddy|0 fnt\n|faint|p1a: Teddy\n|\n|win|PurpleStyle\n|c|\u2606Heaven64|ah yes there is still indeedee left lol\n","uploadtime":1683064238,"views":5,"p1id":"heaven64","p2id":"purplestyle","formatid":"gen9vgc2023regulationc","rating":0,"private":0,"password":""}