{"id":"gen9vgc2023regulationc-1857654502","p1":"titandoubles","p2":"DarrowAndro","format":"[Gen 9] VGC 2023 Regulation C","log":"|j|\u2606titandoubles\n|j|\u2606DarrowAndro\n|t:|1683218626\n|gametype|doubles\n|player|p1|titandoubles|silver|1235\n|player|p2|DarrowAndro|102|1198\n|teamsize|p1|6\n|teamsize|p2|6\n|gen|9\n|tier|[Gen 9] VGC 2023 Regulation C\n|rated|\n|rule|Species Clause: Limit one of each Pok\u00e9mon\n|rule|Item Clause: Limit one of each item\n|clearpoke\n|poke|p1|Ting-Lu, L50|\n|poke|p1|Gyarados, L50, M|\n|poke|p1|Arcanine, L50, M|\n|poke|p1|Orthworm, L50, F|\n|poke|p1|Amoonguss, L50, M|\n|poke|p1|Flutter Mane, L50|\n|poke|p2|Flutter Mane, L50|\n|poke|p2|Arcanine, L50, F|\n|poke|p2|Kingambit, L50, M|\n|poke|p2|Iron Bundle, L50|\n|poke|p2|Dragonite, L50, F|\n|poke|p2|Ting-Lu, L50|\n|teampreview|4\n|inactive|Battle timer is ON: inactive players will automatically lose when time's up. (requested by DarrowAndro)\n|inactive|titandoubles also wants the timer to be on.\n|\n|t:|1683218652\n|start\n|switch|p1a: Gyarados|Gyarados, L50, M|100\/100\n|switch|p1b: Orthworm|Orthworm, L50, F|100\/100\n|switch|p2a: Ting-Lu|Ting-Lu, L50|100\/100\n|switch|p2b: Arcanine|Arcanine, L50, F, shiny|100\/100\n|-ability|p2b: Arcanine|Intimidate|boost\n|-unboost|p1a: Gyarados|atk|1\n|-unboost|p1b: Orthworm|atk|1\n|-ability|p2a: Ting-Lu|Vessel of Ruin\n|turn|1\n|\n|t:|1683218673\n|move|p2b: Arcanine|Flare Blitz|p1b: Orthworm\n|-supereffective|p1b: Orthworm\n|-damage|p1b: Orthworm|21\/100\n|-damage|p2b: Arcanine|74\/100|[from] Recoil\n|move|p1a: Gyarados|Earthquake|p2a: Ting-Lu|[spread] p2a,p2b\n|-heal|p1b: Orthworm|46\/100|[from] ability: Earth Eater|[of] p1a: Gyarados\n|-supereffective|p2b: Arcanine\n|-damage|p2a: Ting-Lu|92\/100\n|-damage|p2b: Arcanine|26\/100\n|move|p2a: Ting-Lu|Ruination|p1a: Gyarados\n|-damage|p1a: Gyarados|51\/100\n|move|p1b: Orthworm|Iron Defense|p1b: Orthworm\n|-boost|p1b: Orthworm|def|2\n|\n|-heal|p1b: Orthworm|52\/100|[from] item: Leftovers\n|upkeep\n|turn|2\n|\n|t:|1683218697\n|move|p2b: Arcanine|Flare Blitz|p1b: Orthworm\n|-supereffective|p1b: Orthworm\n|-damage|p1b: Orthworm|15\/100\n|-damage|p2b: Arcanine|13\/100|[from] Recoil\n|move|p1a: Gyarados|Earthquake|p2b: Arcanine|[spread] p2a,p2b\n|-heal|p1b: Orthworm|40\/100|[from] ability: Earth Eater|[of] p1a: Gyarados\n|-supereffective|p2b: Arcanine\n|-damage|p2a: Ting-Lu|83\/100\n|-damage|p2b: Arcanine|0 fnt\n|faint|p2b: Arcanine\n|-ability|p1a: Gyarados|Moxie|boost\n|-boost|p1a: Gyarados|atk|1\n|move|p2a: Ting-Lu|Heavy Slam|p1a: Gyarados\n|-resisted|p1a: Gyarados\n|-damage|p1a: Gyarados|41\/100\n|move|p1b: Orthworm|Iron Defense|p1b: Orthworm\n|-boost|p1b: Orthworm|def|2\n|\n|-heal|p1b: Orthworm|46\/100|[from] item: Leftovers\n|upkeep\n|\n|t:|1683218719\n|switch|p2b: Kingambit|Kingambit, L50, M, shiny|100\/100\n|turn|3\n|\n|t:|1683218732\n|switch|p2a: Flutter Mane|Flutter Mane, L50, shiny|100\/100\n|move|p2b: Kingambit|Sucker Punch|p1a: Gyarados\n|-damage|p1a: Gyarados|0 fnt\n|faint|p1a: Gyarados\n|-damage|p2b: Kingambit|90\/100|[from] item: Life Orb\n|move|p1b: Orthworm|Body Press|p2b: Kingambit\n|-supereffective|p2b: Kingambit\n|-damage|p2b: Kingambit|0 fnt\n|faint|p2b: Kingambit\n|\n|-heal|p1b: Orthworm|52\/100|[from] item: Leftovers\n|upkeep\n|\n|t:|1683218746\n|switch|p1a: Ting-Lu|Ting-Lu, L50|100\/100\n|switch|p2b: Ting-Lu|Ting-Lu, L50|83\/100\n|-ability|p2b: Ting-Lu|Vessel of Ruin\n|-ability|p1a: Ting-Lu|Vessel of Ruin\n|turn|4\n|\n|t:|1683218764\n|move|p2a: Flutter Mane|Protect|p2a: Flutter Mane\n|-singleturn|p2a: Flutter Mane|Protect\n|move|p2b: Ting-Lu|Fissure|p1a: Ting-Lu|[miss]\n|-miss|p2b: Ting-Lu|p1a: Ting-Lu\n|move|p1b: Orthworm|Heavy Slam|p2a: Flutter Mane\n|-activate|p2a: Flutter Mane|move: Protect\n|move|p1a: Ting-Lu|Earthquake|p2a: Flutter Mane|[spread] p2b\n|-activate|p2a: Flutter Mane|move: Protect\n|-heal|p1b: Orthworm|77\/100|[from] ability: Earth Eater|[of] p1a: Ting-Lu\n|-damage|p2b: Ting-Lu|68\/100\n|\n|-heal|p1b: Orthworm|84\/100|[from] item: Leftovers\n|upkeep\n|turn|5\n|inactive|DarrowAndro has 30 seconds left.\n|\n|t:|1683218794\n|move|p2a: Flutter Mane|Moonblast|p1a: Ting-Lu\n|-supereffective|p1a: Ting-Lu\n|-damage|p1a: Ting-Lu|43\/100\n|move|p2b: Ting-Lu|Ruination|p1b: Orthworm\n|-damage|p1b: Orthworm|42\/100\n|move|p1b: Orthworm|Heavy Slam|p2a: Flutter Mane\n|-supereffective|p2a: Flutter Mane\n|-damage|p2a: Flutter Mane|2\/100\n|move|p1a: Ting-Lu|Earthquake|p2b: Ting-Lu|[spread] p2a,p2b\n|-heal|p1b: Orthworm|67\/100|[from] ability: Earth Eater|[of] p1a: Ting-Lu\n|-damage|p2a: Flutter Mane|0 fnt\n|-damage|p2b: Ting-Lu|51\/100\n|faint|p2a: Flutter Mane\n|-end|p2a: Flutter Mane|Protosynthesis|[silent]\n|\n|-heal|p1b: Orthworm|73\/100|[from] item: Leftovers\n|upkeep\n|turn|6\n|\n|t:|1683218815\n|-terastallize|p1a: Ting-Lu|Ground\n|move|p2b: Ting-Lu|Fissure|p1a: Ting-Lu|[miss]\n|-miss|p2b: Ting-Lu|p1a: Ting-Lu\n|move|p1b: Orthworm|Body Press|p2b: Ting-Lu\n|-supereffective|p2b: Ting-Lu\n|-damage|p2b: Ting-Lu|0 fnt\n|faint|p2b: Ting-Lu\n|\n|win|titandoubles\n|raw|titandoubles's rating: 1235 → 1257<\/strong> (+22 for winning)\n|raw|DarrowAndro's rating: 1198 → 1176<\/strong> (-22 for losing)\n|l|\u2606DarrowAndro\n","uploadtime":1683218845,"views":14,"p1id":"titandoubles","p2id":"darrowandro","formatid":"gen9vgc2023regulationc","rating":1176,"private":0,"password":""}