{"id":"gen9vgc2023regulationc-1862027198","p1":"Supacupatrunjel","p2":"adrpen","format":"[Gen 9] VGC 2023 Regulation C","log":"|j|\u2606Supacupatrunjel\n|j|\u2606adrpen\n|t:|1683830026\n|gametype|doubles\n|player|p1|Supacupatrunjel|170|1087\n|player|p2|adrpen|pokekid|1052\n|teamsize|p1|6\n|teamsize|p2|6\n|gen|9\n|tier|[Gen 9] VGC 2023 Regulation C\n|rated|\n|rule|Species Clause: Limit one of each Pok\u00e9mon\n|rule|Item Clause: Limit one of each item\n|clearpoke\n|poke|p1|Garchomp, L50, M|\n|poke|p1|Maushold-Four, L50|\n|poke|p1|Hatterene, L50, F|\n|poke|p1|Armarouge, L50, M|\n|poke|p1|Meowscarada, L50, M|\n|poke|p1|Orthworm, L50, F|\n|poke|p2|Amoonguss, L50, M|\n|poke|p2|Palafin, L50, M|\n|poke|p2|Iron Hands, L50|\n|poke|p2|Arcanine, L50, M|\n|poke|p2|Flutter Mane, L50|\n|poke|p2|Dragonite, L50, M|\n|teampreview|4\n|inactive|Battle timer is ON: inactive players will automatically lose when time's up. (requested by adrpen)\n|inactive|Supacupatrunjel has 60 seconds left.\n|inactive|adrpen has 60 seconds left.\n|inactive|adrpen has 30 seconds left.\n|inactive|adrpen has 20 seconds left.\n|\n|t:|1683830099\n|start\n|switch|p1a: Maushold|Maushold-Four, L50|100\/100\n|switch|p1b: Armarouge|Armarouge, L50, M|100\/100\n|switch|p2a: Flutter Mane|Flutter Mane, L50|100\/100\n|switch|p2b: Arcanine|Arcanine, L50, M|100\/100\n|-ability|p2b: Arcanine|Intimidate|boost\n|-unboost|p1a: Maushold|atk|1\n|-unboost|p1b: Armarouge|atk|1\n|-enditem|p2a: Flutter Mane|Booster Energy\n|-activate|p2a: Flutter Mane|ability: Protosynthesis|[fromitem]\n|-start|p2a: Flutter Mane|protosynthesisspa\n|turn|1\n|\n|t:|1683830124\n|move|p1a: Maushold|Follow Me|p1a: Maushold\n|-singleturn|p1a: Maushold|move: Follow Me\n|move|p2a: Flutter Mane|Substitute|p2a: Flutter Mane\n|-start|p2a: Flutter Mane|Substitute\n|-damage|p2a: Flutter Mane|76\/100\n|move|p2b: Arcanine|Flare Blitz|p1a: Maushold\n|-damage|p1a: Maushold|49\/100\n|-damage|p2b: Arcanine|85\/100|[from] Recoil\n|move|p1b: Armarouge|Trick Room|p1b: Armarouge\n|-fieldstart|move: Trick Room|[of] p1b: Armarouge\n|\n|upkeep\n|turn|2\n|inactive|adrpen has 30 seconds left.\n|inactive|adrpen has 20 seconds left.\n|inactive|adrpen has 15 seconds left.\n|\n|t:|1683830169\n|move|p1a: Maushold|Helping Hand|p1b: Armarouge\n|-singleturn|p1b: Armarouge|Helping Hand|[of] p1a: Maushold\n|move|p1b: Armarouge|Expanding Force|p2b: Arcanine\n|-damage|p2b: Arcanine|27\/100\n|-enditem|p2b: Arcanine|Sitrus Berry|[eat]\n|-heal|p2b: Arcanine|52\/100|[from] item: Sitrus Berry\n|move|p2b: Arcanine|Flare Blitz|p1a: Maushold\n|-damage|p1a: Maushold|0 fnt\n|faint|p1a: Maushold\n|-damage|p2b: Arcanine|37\/100|[from] Recoil\n|move|p2a: Flutter Mane|Moonblast|p1b: Armarouge\n|-resisted|p1b: Armarouge\n|-damage|p1b: Armarouge|67\/100\n|\n|upkeep\n|\n|t:|1683830187\n|switch|p1a: Hatterene|Hatterene, L50, F|100\/100\n|turn|3\n|\n|t:|1683830204\n|move|p2b: Arcanine|Protect|p2b: Arcanine\n|-singleturn|p2b: Arcanine|Protect\n|move|p1a: Hatterene|Dazzling Gleam|p2b: Arcanine|[spread] p2a\n|-activate|p2b: Arcanine|move: Protect\n|-end|p2a: Flutter Mane|Substitute\n|-damage|p1a: Hatterene|91\/100|[from] item: Life Orb\n|move|p1b: Armarouge|Calm Mind|p1b: Armarouge\n|-boost|p1b: Armarouge|spa|1\n|-boost|p1b: Armarouge|spd|1\n|move|p2a: Flutter Mane|Shadow Ball|p1b: Armarouge\n|-supereffective|p1b: Armarouge\n|-damage|p1b: Armarouge|0 fnt\n|faint|p1b: Armarouge\n|\n|upkeep\n|\n|t:|1683830217\n|switch|p1b: Garchomp|Garchomp, L50, M|100\/100\n|turn|4\n|inactive|adrpen has 30 seconds left.\n|inactive|adrpen has 20 seconds left.\n|inactive|adrpen has 15 seconds left.\n|\n|t:|1683830262\n|switch|p2b: Palafin|Palafin, L50, M, shiny|100\/100\n|move|p1a: Hatterene|Dazzling Gleam|p2a: Flutter Mane|[spread] p2a,p2b\n|-damage|p2a: Flutter Mane|35\/100\n|-damage|p2b: Palafin|46\/100\n|-damage|p1a: Hatterene|81\/100|[from] item: Life Orb\n|move|p1b: Garchomp|Poison Jab|p2a: Flutter Mane\n|-damage|p2a: Flutter Mane|0 fnt\n|faint|p2a: Flutter Mane\n|-end|p2a: Flutter Mane|Protosynthesis|[silent]\n|\n|upkeep\n|\n|t:|1683830283\n|switch|p2a: Iron Hands|Iron Hands, L50, shiny|100\/100\n|turn|5\n|inactive|adrpen has 30 seconds left.\n|inactive|adrpen has 20 seconds left.\n|inactive|adrpen has 15 seconds left.\n|\n|t:|1683830326\n|detailschange|p2b: Palafin|Palafin-Hero, L50, M, shiny\n|switch|p2b: Arcanine|Arcanine, L50, M|37\/100\n|-ability|p2b: Arcanine|Intimidate|boost\n|-unboost|p1a: Hatterene|atk|1\n|-unboost|p1b: Garchomp|atk|1\n|-terastallize|p2a: Iron Hands|Grass\n|-terastallize|p1b: Garchomp|Dragon\n|move|p2a: Iron Hands|Fake Out|p1b: Garchomp\n|-damage|p1b: Garchomp|88\/100\n|-damage|p2a: Iron Hands|88\/100|[from] ability: Rough Skin|[of] p1b: Garchomp\n|move|p1a: Hatterene|Dazzling Gleam|p2a: Iron Hands|[spread] p2a,p2b\n|-resisted|p2b: Arcanine\n|-damage|p2a: Iron Hands|65\/100\n|-damage|p2b: Arcanine|14\/100\n|-damage|p1a: Hatterene|71\/100|[from] item: Life Orb\n|cant|p1b: Garchomp|flinch\n|\n|-fieldend|move: Trick Room\n|upkeep\n|turn|6\n|inactive|Supacupatrunjel has 30 seconds left.\n|inactive|adrpen has 30 seconds left.\n|inactive|Supacupatrunjel has 20 seconds left.\n|inactive|adrpen has 20 seconds left.\n|inactive|Supacupatrunjel has 15 seconds left.\n|inactive|adrpen has 15 seconds left.\n|\n|t:|1683830367\n|move|p2b: Arcanine|Will-O-Wisp|p1b: Garchomp\n|-status|p1b: Garchomp|brn\n|move|p1b: Garchomp|Outrage|p2a: Iron Hands\n|-damage|p2a: Iron Hands|44\/100\n|move|p2a: Iron Hands|Heavy Slam|p1a: Hatterene\n|-supereffective|p1a: Hatterene\n|-damage|p1a: Hatterene|0 fnt\n|faint|p1a: Hatterene\n|\n|-damage|p1b: Garchomp|82\/100 brn|[from] brn\n|upkeep\n|turn|7\n|\n|t:|1683830383\n|move|p2b: Arcanine|Howl|p2b: Arcanine|[spread] p2a,p2b\n|-boost|p2a: Iron Hands|atk|1\n|-boost|p2b: Arcanine|atk|1\n|move|p1b: Garchomp|Outrage|p2a: Iron Hands|[from]lockedmove\n|-damage|p2a: Iron Hands|24\/100\n|-start|p1b: Garchomp|confusion|[fatigue]\n|move|p2a: Iron Hands|Drain Punch|p1b: Garchomp\n|-damage|p1b: Garchomp|28\/100 brn\n|-heal|p2a: Iron Hands|49\/100|[from] drain|[of] p1b: Garchomp\n|-damage|p2a: Iron Hands|36\/100|[from] ability: Rough Skin|[of] p1b: Garchomp\n|\n|-damage|p1b: Garchomp|22\/100 brn|[from] brn\n|upkeep\n|turn|8\n|-message|Supacupatrunjel forfeited.\n|\n|win|adrpen\n|raw|Supacupatrunjel's rating: 1087 → 1062<\/strong> (-25 for losing)\n|raw|adrpen's rating: 1052 → 1087<\/strong> (+35 for winning)\n|l|\u2606Supacupatrunjel\n|c|\u2606adrpen|GAAAAAAAAAAAAAAAAAAAAA\n","uploadtime":1683830405,"views":14,"p1id":"supacupatrunjel","p2id":"adrpen","formatid":"gen9vgc2023regulationc","rating":1062,"private":0,"password":""}