{"id":"gen9vgc2023regulationc-1855811539","p1":"N3rdSl4y3r","p2":"XZacLee","format":"[Gen 9] VGC 2023 Regulation C","log":"|j|\u2606N3rdSl4y3r\n|j|\u2606XZacLee\n|t:|1682986983\n|gametype|doubles\n|player|p1|N3rdSl4y3r|rika|\n|player|p2|XZacLee|larry|\n|teamsize|p1|6\n|teamsize|p2|6\n|gen|9\n|tier|[Gen 9] VGC 2023 Regulation C\n|rule|Species Clause: Limit one of each Pok\u00e9mon\n|rule|Item Clause: Limit one of each item\n|clearpoke\n|poke|p1|Breloom, L50, M|\n|poke|p1|Chi-Yu, L50|\n|poke|p1|Azumarill, L50, M|\n|poke|p1|Baxcalibur, L50, F|\n|poke|p1|Flutter Mane, L50|\n|poke|p1|Maushold-Four, L50|\n|poke|p2|Gholdengo, L50|\n|poke|p2|Gyarados, L50, M|\n|poke|p2|Great Tusk, L50|\n|poke|p2|Murkrow, L50, M|\n|poke|p2|Flutter Mane, L50|\n|poke|p2|Chi-Yu, L50|\n|teampreview|4\nXZacLee has agreed to open team sheets.\nN3rdSl4y3r has agreed to open team sheets.\n|\n|t:|1682987129\n|start\n|switch|p1a: Cryolophosaurus|Baxcalibur, L50, F|100\/100\n|switch|p1b: Hovering Cane|Flutter Mane, L50|100\/100\n|switch|p2a: Murkrow|Murkrow, L50, M|100\/100\n|switch|p2b: Great Tusk|Great Tusk, L50|100\/100\n|-enditem|p1b: Hovering Cane|Booster Energy\n|-activate|p1b: Hovering Cane|ability: Protosynthesis|[fromitem]\n|-start|p1b: Hovering Cane|protosynthesisspa\n|turn|1\n|\n|t:|1682987211\n|switch|p1a: Jorunna Parva|Azumarill, L50, M, shiny|100\/100\n|move|p2a: Murkrow|Tailwind|p2a: Murkrow\n|-sidestart|p2: XZacLee|move: Tailwind\n|move|p2b: Great Tusk|Close Combat|p1a: Jorunna Parva\n|-resisted|p1a: Jorunna Parva\n|-damage|p1a: Jorunna Parva|66\/100\n|-unboost|p2b: Great Tusk|def|1\n|-unboost|p2b: Great Tusk|spd|1\n|move|p1b: Hovering Cane|Moonblast|p2b: Great Tusk\n|-supereffective|p2b: Great Tusk\n|-damage|p2b: Great Tusk|0 fnt\n|faint|p2b: Great Tusk\n|-end|p2b: Great Tusk|Protosynthesis|[silent]\n|\n|upkeep\n|\n|t:|1682987218\n|switch|p2b: Gholdengo|Gholdengo, L50|100\/100\n|turn|2\n|\n|t:|1682987243\n|-terastallize|p2b: Gholdengo|Water\n|move|p1b: Hovering Cane|Protect|p1b: Hovering Cane\n|-singleturn|p1b: Hovering Cane|Protect\n|move|p2a: Murkrow|Sunny Day|p2a: Murkrow\n|-weather|SunnyDay\n|move|p2b: Gholdengo|Nasty Plot|p2b: Gholdengo\n|-boost|p2b: Gholdengo|spa|2\n|move|p1a: Jorunna Parva|Play Rough|p2b: Gholdengo\n|-damage|p2b: Gholdengo|50\/100\n|\n|-weather|SunnyDay|[upkeep]\n|-heal|p2b: Gholdengo|57\/100|[from] item: Leftovers\n|upkeep\n|turn|3\n|\n|t:|1682987274\n|switch|p2a: Flutter Mane|Flutter Mane, L50|100\/100\n|-activate|p2a: Flutter Mane|ability: Protosynthesis\n|-start|p2a: Flutter Mane|protosynthesisspe\n|-end|p1b: Hovering Cane|Protosynthesis|[silent]\n|switch|p1b: samuel(s)|Maushold-Four, L50, shiny|100\/100\n|move|p2b: Gholdengo|Make It Rain|p1a: Jorunna Parva|[spread] p1a,p1b\n|-damage|p1a: Jorunna Parva|0 fnt\n|-damage|p1b: samuel(s)|0 fnt\n|-unboost|p2b: Gholdengo|spa|1\n|faint|p1a: Jorunna Parva\n|faint|p1b: samuel(s)\n|\n|-weather|SunnyDay|[upkeep]\n|-heal|p2b: Gholdengo|63\/100|[from] item: Leftovers\n|upkeep\n|\n|t:|1682987289\n|switch|p1b: Hovering Cane|Flutter Mane, L50|100\/100\n|switch|p1a: Cryolophosaurus|Baxcalibur, L50, F|100\/100\n|-activate|p1b: Hovering Cane|ability: Protosynthesis\n|-start|p1b: Hovering Cane|protosynthesisspa\n|turn|4\n|\n|t:|1682987309\n|-end|p2a: Flutter Mane|Protosynthesis|[silent]\n|switch|p2a: Murkrow|Murkrow, L50, M|100\/100\n|move|p1b: Hovering Cane|Protect|p1b: Hovering Cane\n|-singleturn|p1b: Hovering Cane|Protect\n|move|p1a: Cryolophosaurus|Protect|p1a: Cryolophosaurus\n|-singleturn|p1a: Cryolophosaurus|Protect\n|move|p2b: Gholdengo|Nasty Plot|p2b: Gholdengo\n|-boost|p2b: Gholdengo|spa|2\n|\n|-weather|SunnyDay|[upkeep]\n|-heal|p2b: Gholdengo|69\/100|[from] item: Leftovers\n|-sideend|p2: XZacLee|move: Tailwind\n|upkeep\n|turn|5\n|\n|t:|1682987332\n|move|p2a: Murkrow|Tailwind|p2a: Murkrow\n|-sidestart|p2: XZacLee|move: Tailwind\n|move|p2b: Gholdengo|Make It Rain|p1a: Cryolophosaurus|[spread] p1a,p1b\n|-supereffective|p1a: Cryolophosaurus\n|-supereffective|p1b: Hovering Cane\n|-damage|p1a: Cryolophosaurus|0 fnt\n|-damage|p1b: Hovering Cane|0 fnt\n|-unboost|p2b: Gholdengo|spa|1\n|faint|p1a: Cryolophosaurus\n|faint|p1b: Hovering Cane\n|-end|p1b: Hovering Cane|Protosynthesis|[silent]\n|\n|win|XZacLee\n|c|\u2606N3rdSl4y3r|gg\n|c|\u2606XZacLee|ggs\n|c|\u2606XZacLee|you want to do one more?\n","uploadtime":1682987706,"views":18,"p1id":"n3rdsl4y3r","p2id":"xzaclee","formatid":"gen9vgc2023regulationc","rating":0,"private":0,"password":""}