{"id":"gen9vgc2023regulationc-1845703481","p1":"Cyanidexx","p2":"muddyswamppert","format":"[Gen 9] VGC 2023 Regulation C","log":"|j|\u2606Cyanidexx\n|j|\u2606muddyswamppert\n|t:|1681756956\n|gametype|doubles\n|player|p1|Cyanidexx|170|\n|player|p2|muddyswamppert|cynthia-gen4|\n|teamsize|p1|6\n|teamsize|p2|6\n|gen|9\n|tier|[Gen 9] VGC 2023 Regulation C\n|rule|Species Clause: Limit one of each Pok\u00e9mon\n|rule|Item Clause: Limit one of each item\n|clearpoke\n|poke|p1|Chi-Yu, L50|\n|poke|p1|Arcanine, L50, M|\n|poke|p1|Amoonguss, L50, M|\n|poke|p1|Sableye, L50, F|\n|poke|p1|Palafin, L50, M|\n|poke|p1|Flutter Mane, L50|\n|poke|p2|Gholdengo, L50|\n|poke|p2|Dragonite, L50, M|\n|poke|p2|Arcanine, L50, M|\n|poke|p2|Amoonguss, L50, F|\n|poke|p2|Chi-Yu, L50|\n|poke|p2|Flutter Mane, L50|\n|teampreview|4\n|inactive|Battle timer is ON: inactive players will automatically lose when time's up. (requested by muddyswamppert)\nCyanidexx has agreed to open team sheets.\nmuddyswamppert has agreed to open team sheets.\n|inactive|muddyswamppert has 60 seconds left.\n|inactive|Cyanidexx has 60 seconds left.\n|inactive|Cyanidexx has 30 seconds left.\n|\n|t:|1681757024\n|start\n|switch|p1a: Sableye|Sableye, L50, F|100\/100\n|switch|p1b: Flutter Mane|Flutter Mane, L50|100\/100\n|switch|p2a: Dragonite|Dragonite, L50, M|100\/100\n|switch|p2b: Chi-Yu|Chi-Yu, L50|100\/100\n|-ability|p2b: Chi-Yu|Beads of Ruin\n|turn|1\n|c|\u2606muddyswamppert|glhf\n|c|\u2606Cyanidexx|glhf\n|\n|t:|1681757049\n|-terastallize|p1b: Flutter Mane|Fairy\n|-terastallize|p2b: Chi-Yu|Fire\n|move|p1a: Sableye|Reflect|p1a: Sableye\n|-sidestart|p1: Cyanidexx|Reflect\n|move|p1b: Flutter Mane|Power Gem|p2b: Chi-Yu\n|-supereffective|p2b: Chi-Yu\n|-damage|p2b: Chi-Yu|0 fnt\n|faint|p2b: Chi-Yu\n|move|p2a: Dragonite|Tailwind|p2a: Dragonite\n|-sidestart|p2: muddyswamppert|move: Tailwind\n|\n|upkeep\n|inactive|muddyswamppert has 30 seconds left.\n|\n|t:|1681757075\n|switch|p2b: Arcanine|Arcanine, L50, M|100\/100\n|-ability|p2b: Arcanine|Intimidate|boost\n|-unboost|p1a: Sableye|atk|1\n|-unboost|p1b: Flutter Mane|atk|1\n|turn|2\n|c|\u2606muddyswamppert|ok\n|\n|t:|1681757086\n|-end|p1b: Flutter Mane|Protosynthesis|[silent]\n|switch|p1b: Chi-Yu|Chi-Yu, L50|100\/100\n|-ability|p1b: Chi-Yu|Beads of Ruin\n|move|p2a: Dragonite|Extreme Speed|p1b: Chi-Yu\n|-damage|p1b: Chi-Yu|76\/100\n|move|p2b: Arcanine|Snarl|p1a: Sableye|[spread] p1a,p1b\n|-resisted|p1b: Chi-Yu\n|-damage|p1a: Sableye|85\/100\n|-damage|p1b: Chi-Yu|72\/100\n|-unboost|p1a: Sableye|spa|1\n|-unboost|p1b: Chi-Yu|spa|1\n|move|p1a: Sableye|Foul Play|p2a: Dragonite\n|-damage|p2a: Dragonite|73\/100\n|\n|-heal|p1b: Chi-Yu|79\/100|[from] item: Leftovers\n|upkeep\n|turn|3\n|inactive|Cyanidexx has 30 seconds left.\n|\n|t:|1681757121\n|move|p1b: Chi-Yu|Protect|p1b: Chi-Yu\n|-singleturn|p1b: Chi-Yu|Protect\n|move|p2a: Dragonite|Extreme Speed|p1b: Chi-Yu\n|-activate|p1b: Chi-Yu|move: Protect\n|move|p2b: Arcanine|Flare Blitz|p1b: Chi-Yu\n|-activate|p1b: Chi-Yu|move: Protect\n|move|p1a: Sableye|Foul Play|p2a: Dragonite\n|-damage|p2a: Dragonite|23\/100\n|\n|-heal|p1b: Chi-Yu|85\/100|[from] item: Leftovers\n|upkeep\n|turn|4\n|inactive|Cyanidexx has 30 seconds left.\n|inactive|muddyswamppert has 30 seconds left.\n|\n|t:|1681757152\n|move|p2a: Dragonite|Extreme Speed|p1b: Chi-Yu\n|-damage|p1b: Chi-Yu|61\/100\n|move|p2b: Arcanine|Flare Blitz|p1b: Chi-Yu\n|-resisted|p1b: Chi-Yu\n|-damage|p1b: Chi-Yu|41\/100\n|-damage|p2b: Arcanine|95\/100|[from] Recoil\n|move|p1b: Chi-Yu|Nasty Plot|p1b: Chi-Yu\n|-boost|p1b: Chi-Yu|spa|2\n|move|p1a: Sableye|Foul Play|p2a: Dragonite\n|-damage|p2a: Dragonite|0 fnt\n|faint|p2a: Dragonite\n|\n|-heal|p1b: Chi-Yu|47\/100|[from] item: Leftovers\n|-sideend|p2: muddyswamppert|move: Tailwind\n|upkeep\n|\n|t:|1681757157\n|switch|p2a: Flutter Mane|Flutter Mane, L50|100\/100\n|-enditem|p2a: Flutter Mane|Booster Energy\n|-activate|p2a: Flutter Mane|ability: Protosynthesis|[fromitem]\n|-start|p2a: Flutter Mane|protosynthesisspa\n|turn|5\n|\n|t:|1681757171\n|move|p1b: Chi-Yu|Protect|p1b: Chi-Yu\n|-singleturn|p1b: Chi-Yu|Protect\n|move|p1a: Sableye|Light Screen|p1a: Sableye\n|-sidestart|p1: Cyanidexx|move: Light Screen\n|move|p2a: Flutter Mane|Dazzling Gleam|p1a: Sableye|[spread] p1a\n|-activate|p1b: Chi-Yu|move: Protect\n|-supereffective|p1a: Sableye\n|-damage|p1a: Sableye|0 fnt\n|faint|p1a: Sableye\n|move|p2b: Arcanine|Flare Blitz|p1b: Chi-Yu\n|-activate|p1b: Chi-Yu|move: Protect\n|\n|-heal|p1b: Chi-Yu|54\/100|[from] item: Leftovers\n|upkeep\n|\n|t:|1681757181\n|switch|p1a: Flutter Mane|Flutter Mane, L50, tera:Fairy|100\/100\n|turn|6\n|\n|t:|1681757200\n|move|p1b: Chi-Yu|Protect|p1b: Chi-Yu\n|-singleturn|p1b: Chi-Yu|Protect\n|move|p2a: Flutter Mane|Dazzling Gleam|p1a: Flutter Mane|[spread] p1a\n|-activate|p1b: Chi-Yu|move: Protect\n|-damage|p1a: Flutter Mane|66\/100\n|move|p1a: Flutter Mane|Power Gem|p2b: Arcanine\n|-supereffective|p2b: Arcanine\n|-damage|p2b: Arcanine|0 fnt\n|faint|p2b: Arcanine\n|\n|-heal|p1b: Chi-Yu|60\/100|[from] item: Leftovers\n|upkeep\n|turn|7\n|\n|t:|1681757215\n|-end|p1a: Flutter Mane|Protosynthesis|[silent]\n|switch|p1a: Amoonguss|Amoonguss, L50, M, shiny|100\/100\n|move|p2a: Flutter Mane|Dazzling Gleam|p1b: Chi-Yu|[spread] p1a,p1b\n|-resisted|p1a: Amoonguss\n|-damage|p1a: Amoonguss|87\/100\n|-damage|p1b: Chi-Yu|37\/100\n|move|p1b: Chi-Yu|Dark Pulse|p2a: Flutter Mane\n|-damage|p2a: Flutter Mane|36\/100\n|\n|-heal|p1b: Chi-Yu|43\/100|[from] item: Leftovers\n|upkeep\n|turn|8\n|\n|t:|1681757226\n|move|p2a: Flutter Mane|Dazzling Gleam|p1a: Amoonguss|[spread] p1a,p1b\n|-resisted|p1a: Amoonguss\n|-damage|p1a: Amoonguss|73\/100\n|-damage|p1b: Chi-Yu|18\/100\n|move|p1b: Chi-Yu|Dark Pulse|p2a: Flutter Mane\n|-damage|p2a: Flutter Mane|0 fnt\n|faint|p2a: Flutter Mane\n|-end|p2a: Flutter Mane|Protosynthesis|[silent]\n|\n|win|Cyanidexx\n|c|\u2606muddyswamppert|gg\n|c|\u2606Cyanidexx|gg\n","uploadtime":1681757234,"views":9,"p1id":"cyanidexx","p2id":"muddyswamppert","formatid":"gen9vgc2023regulationc","rating":0,"private":0,"password":""}