{"id":"gen9vgc2023regulationc-1846424520","p1":"riddlingcrib","p2":"Strongale","format":"[Gen 9] VGC 2023 Regulation C","log":"|j|\u2606riddlingcrib\n|j|\u2606Strongale\n|t:|1681839787\n|gametype|doubles\n|player|p1|riddlingcrib|2|1390\n|player|p2|Strongale|265|1378\n|teamsize|p1|6\n|teamsize|p2|6\n|gen|9\n|tier|[Gen 9] VGC 2023 Regulation C\n|rated|\n|rule|Species Clause: Limit one of each Pok\u00e9mon\n|rule|Item Clause: Limit one of each item\n|clearpoke\n|poke|p1|Palafin, L50, F|\n|poke|p1|Iron Hands, L50|\n|poke|p1|Amoonguss, L50, F|\n|poke|p1|Arcanine, L50, F|\n|poke|p1|Chien-Pao, L50|\n|poke|p1|Dragonite, L50, M|\n|poke|p2|Stantler, L50, F|\n|poke|p2|Iron Hands, L50|\n|poke|p2|Kingambit, L50, M|\n|poke|p2|Flutter Mane, L50|\n|poke|p2|Chi-Yu, L50|\n|poke|p2|Iron Bundle, L50|\n|teampreview|4\n|inactive|Battle timer is ON: inactive players will automatically lose when time's up. (requested by riddlingcrib)\nriddlingcrib has agreed to open team sheets.\n|j| nik993\n|inactive|riddlingcrib has 60 seconds left.\n|inactive|riddlingcrib has 30 seconds left.\n|\n|t:|1681839856\n|start\n|switch|p1a: Iron Hands|Iron Hands, L50|100\/100\n|switch|p1b: Arcanine|Arcanine, L50, F|100\/100\n|switch|p2a: Stantler|Stantler, L50, F|100\/100\n|switch|p2b: Iron Hands|Iron Hands, L50|100\/100\n|-ability|p1b: Arcanine|Intimidate|boost\n|-unboost|p2a: Stantler|atk|1\n|-unboost|p2b: Iron Hands|atk|1\n|-ability|p2a: Stantler|Intimidate|boost\n|-unboost|p1a: Iron Hands|atk|1\n|-unboost|p1b: Arcanine|atk|1\n|turn|1\n|\n|t:|1681839874\n|-terastallize|p2b: Iron Hands|Fire\n|move|p1a: Iron Hands|Fake Out|p2a: Stantler\n|-damage|p2a: Stantler|92\/100\n|move|p1b: Arcanine|Howl|p1b: Arcanine|[spread] p1a,p1b\n|-boost|p1a: Iron Hands|atk|1\n|-boost|p1b: Arcanine|atk|1\n|move|p2b: Iron Hands|Belly Drum|p2b: Iron Hands\n|-damage|p2b: Iron Hands|50\/100\n|-setboost|p2b: Iron Hands|atk|6|[from] move: Belly Drum\n|-enditem|p2b: Iron Hands|Sitrus Berry|[eat]\n|-heal|p2b: Iron Hands|75\/100|[from] item: Sitrus Berry\n|cant|p2a: Stantler|flinch\n|\n|upkeep\n|turn|2\n|inactive|riddlingcrib has 30 seconds left.\n|inactive|Strongale has 30 seconds left.\n|\n|t:|1681839903\n|move|p1b: Arcanine|Howl|p1b: Arcanine|[spread] p1a,p1b\n|-boost|p1a: Iron Hands|atk|1\n|-boost|p1b: Arcanine|atk|1\n|move|p1a: Iron Hands|Drain Punch|p2a: Stantler\n|-supereffective|p2a: Stantler\n|-damage|p2a: Stantler|0 fnt\n|faint|p2a: Stantler\n|move|p2b: Iron Hands|Drain Punch|p1b: Arcanine\n|-damage|p1b: Arcanine|0 fnt\n|-heal|p2b: Iron Hands|100\/100|[from] drain|[of] p1b: Arcanine\n|faint|p1b: Arcanine\n|\n|upkeep\n|\n|t:|1681839914\n|switch|p1b: Chien-Pao|Chien-Pao, L50|100\/100\n|switch|p2a: Chi-Yu|Chi-Yu, L50|100\/100\n|-ability|p1b: Chien-Pao|Sword of Ruin\n|-ability|p2a: Chi-Yu|Beads of Ruin\n|turn|3\n|inactive|riddlingcrib has 30 seconds left.\n|\n|t:|1681839939\n|move|p2a: Chi-Yu|Protect|p2a: Chi-Yu\n|-singleturn|p2a: Chi-Yu|Protect\n|move|p1b: Chien-Pao|Sacred Sword|p2b: Iron Hands\n|-damage|p2b: Iron Hands|77\/100\n|move|p1a: Iron Hands|Wild Charge|p2b: Iron Hands\n|-damage|p2b: Iron Hands|10\/100\n|-damage|p1a: Iron Hands|83\/100|[from] Recoil\n|move|p2b: Iron Hands|Drain Punch|p1a: Iron Hands\n|-damage|p1a: Iron Hands|0 fnt\n|-heal|p2b: Iron Hands|49\/100|[from] drain|[of] p1a: Iron Hands\n|faint|p1a: Iron Hands\n|-end|p1a: Iron Hands|Quark Drive|[silent]\n|\n|upkeep\n|\n|t:|1681839949\n|switch|p1a: Amoonguss|Amoonguss, L50, F|100\/100\n|turn|4\n|\n|t:|1681839964\n|move|p1b: Chien-Pao|Sucker Punch|p2b: Iron Hands\n|-damage|p2b: Iron Hands|16\/100\n|move|p2a: Chi-Yu|Nasty Plot|p2a: Chi-Yu\n|-boost|p2a: Chi-Yu|spa|2\n|move|p1a: Amoonguss|Spore|p2b: Iron Hands\n|-status|p2b: Iron Hands|slp|[from] move: Spore\n|cant|p2b: Iron Hands|slp\n|\n|upkeep\n|turn|5\n|\n|t:|1681839986\n|-terastallize|p1a: Amoonguss|Water\n|move|p1b: Chien-Pao|Sacred Sword|p2b: Iron Hands\n|-damage|p2b: Iron Hands|0 fnt\n|faint|p2b: Iron Hands\n|-end|p2b: Iron Hands|Quark Drive|[silent]\n|move|p2a: Chi-Yu|Dark Pulse|p1a: Amoonguss\n|-damage|p1a: Amoonguss|17\/100\n|move|p1a: Amoonguss|Spore|p2a: Chi-Yu\n|-status|p2a: Chi-Yu|slp|[from] move: Spore\n|\n|upkeep\n|\n|t:|1681839996\n|switch|p2b: Kingambit|Kingambit, L50, M|100\/100\n|turn|6\n|\n|t:|1681840008\n|cant|p2a: Chi-Yu|slp\n|move|p1a: Amoonguss|Rage Powder|p1a: Amoonguss\n|-singleturn|p1a: Amoonguss|move: Rage Powder\n|move|p1b: Chien-Pao|Sacred Sword|p2a: Chi-Yu\n|-supereffective|p2a: Chi-Yu\n|-damage|p2a: Chi-Yu|22\/100 slp\n|move|p2b: Kingambit|Kowtow Cleave|p1a: Amoonguss\n|-crit|p1a: Amoonguss\n|-damage|p1a: Amoonguss|0 fnt\n|-damage|p2b: Kingambit|84\/100|[from] item: Rocky Helmet|[of] p1a: Amoonguss\n|faint|p1a: Amoonguss\n|\n|-heal|p2a: Chi-Yu|28\/100 slp|[from] item: Leftovers\n|upkeep\n|turn|7\n|\n|t:|1681840041\n|move|p2b: Kingambit|Sucker Punch|p1b: Chien-Pao\n|-resisted|p1b: Chien-Pao\n|-damage|p1b: Chien-Pao|72\/100\n|move|p1b: Chien-Pao|Sacred Sword|p2b: Kingambit\n|-supereffective|p2b: Kingambit\n|-damage|p2b: Kingambit|0 fnt\n|faint|p2b: Kingambit\n|cant|p2a: Chi-Yu|slp\n|\n|-heal|p2a: Chi-Yu|33\/100 slp|[from] item: Leftovers\n|upkeep\n|turn|8\n|\n|t:|1681840050\n|cant|p2a: Chi-Yu|slp\n|move|p1b: Chien-Pao|Sacred Sword|p2a: Chi-Yu\n|-supereffective|p2a: Chi-Yu\n|-damage|p2a: Chi-Yu|0 fnt\n|faint|p2a: Chi-Yu\n|\n|win|riddlingcrib\n|raw|riddlingcrib's rating: 1390 → 1409<\/strong> (+19 for winning)\n|raw|Strongale's rating: 1378 → 1359<\/strong> (-19 for losing)\n|l|\u2606Strongale\n","uploadtime":1681840056,"views":14,"p1id":"riddlingcrib","p2id":"strongale","formatid":"gen9vgc2023regulationc","rating":1359,"private":0,"password":""}