{"id":"gen9vgc2023regulationc-1862095221","p1":"kirbbles","p2":"supaflytnt","format":"[Gen 9] VGC 2023 Regulation C","log":"|j|\u2606kirbbles\n|j|\u2606supaflytnt\n|t:|1683836453\n|gametype|doubles\n|player|p1|kirbbles|1|1212\n|player|p2|supaflytnt|101|1278\n|teamsize|p1|6\n|teamsize|p2|6\n|gen|9\n|tier|[Gen 9] VGC 2023 Regulation C\n|rated|\n|rule|Species Clause: Limit one of each Pok\u00e9mon\n|rule|Item Clause: Limit one of each item\n|clearpoke\n|poke|p1|Iron Bundle, L50|\n|poke|p1|Amoonguss, L50, F|\n|poke|p1|Arcanine, L50, M|\n|poke|p1|Annihilape, L50, M|\n|poke|p1|Maushold, L50|\n|poke|p1|Ting-Lu, L50|\n|poke|p2|Iron Bundle, L50|\n|poke|p2|Flutter Mane, L50|\n|poke|p2|Torkoal, L50, M|\n|poke|p2|Jumpluff, L50, F|\n|poke|p2|Scizor, L50, M|\n|poke|p2|Gyarados, L50, M|\n|teampreview|4\n|inactive|Battle timer is ON: inactive players will automatically lose when time's up. (requested by kirbbles)\n|inactive|supaflytnt has 60 seconds left.\n|\n|t:|1683836494\n|start\n|switch|p1a: Annihilape|Annihilape, L50, M|100\/100\n|switch|p1b: Maushold|Maushold, L50|100\/100\n|switch|p2a: Skip 2 My Lou|Jumpluff, L50, F, shiny|100\/100\n|switch|p2b: Aisle 5|Scizor, L50, M|100\/100\n|turn|1\n|\n|t:|1683836514\n|-terastallize|p1a: Annihilape|Fire\n|move|p2a: Skip 2 My Lou|Sleep Powder|p1a: Annihilape\n|-status|p1a: Annihilape|slp|[from] move: Sleep Powder\n|move|p1b: Maushold|Beat Up|p1a: Annihilape\n|-damage|p1a: Annihilape|99\/100 slp\n|-damage|p1a: Annihilape|97\/100 slp\n|-damage|p1a: Annihilape|95\/100 slp\n|-hitcount|p1a: Annihilape|3\n|cant|p1a: Annihilape|slp\n|move|p2b: Aisle 5|Close Combat|p1b: Maushold\n|-supereffective|p1b: Maushold\n|-damage|p1b: Maushold|10\/100\n|-unboost|p2b: Aisle 5|def|1\n|-unboost|p2b: Aisle 5|spd|1\n|\n|-heal|p1a: Annihilape|100\/100 slp|[from] item: Leftovers\n|upkeep\n|turn|2\n|\n|t:|1683836534\n|switch|p2a: Gucci Mane|Flutter Mane, L50, shiny|100\/100\n|move|p1b: Maushold|Protect|p1b: Maushold\n|-singleturn|p1b: Maushold|Protect\n|move|p2b: Aisle 5|Bullet Punch|p1b: Maushold\n|-activate|p1b: Maushold|move: Protect\n|cant|p1a: Annihilape|slp\n|\n|upkeep\n|turn|3\n|\n|t:|1683836550\n|move|p1b: Maushold|Protect|p1b: Maushold\n|-singleturn|p1b: Maushold|Protect\n|move|p2b: Aisle 5|Bullet Punch|p1b: Maushold\n|-activate|p1b: Maushold|move: Protect\n|move|p2a: Gucci Mane|Shadow Ball|p1a: Annihilape\n|-damage|p1a: Annihilape|57\/100 slp\n|cant|p1a: Annihilape|slp\n|\n|-heal|p1a: Annihilape|64\/100 slp|[from] item: Leftovers\n|upkeep\n|turn|4\n|\n|t:|1683836568\n|switch|p1b: Ting-Lu|Ting-Lu, L50|100\/100\n|-ability|p1b: Ting-Lu|Vessel of Ruin\n|move|p2b: Aisle 5|Bullet Punch|p1a: Annihilape\n|-resisted|p1a: Annihilape\n|-damage|p1a: Annihilape|46\/100 slp\n|move|p2a: Gucci Mane|Shadow Ball|p1a: Annihilape\n|-crit|p1a: Annihilape\n|-damage|p1a: Annihilape|0 fnt\n|faint|p1a: Annihilape\n|\n|upkeep\n|c|\u2606kirbbles|sigh\n|c|\u2606kirbbles|lucky crit\n|\n|t:|1683836583\n|switch|p1a: Maushold|Maushold, L50|10\/100\n|turn|5\n|c|\u2606supaflytnt|Damn that was a good switch tho\n|\n|t:|1683836606\n|-end|p2a: Gucci Mane|Protosynthesis|[silent]\n|switch|p2a: Skip 2 My Lou|Jumpluff, L50, F, shiny|100\/100\n|move|p2b: Aisle 5|Bullet Punch|p1a: Maushold\n|-damage|p1a: Maushold|0 fnt\n|faint|p1a: Maushold\n|move|p1b: Ting-Lu|Heavy Slam|p2a: Skip 2 My Lou\n|-damage|p2a: Skip 2 My Lou|52\/100\n|\n|upkeep\n|\n|t:|1683836619\n|switch|p1a: Iron Bundle|Iron Bundle, L50|100\/100\n|-enditem|p1a: Iron Bundle|Booster Energy\n|-activate|p1a: Iron Bundle|ability: Quark Drive|[fromitem]\n|-start|p1a: Iron Bundle|quarkdrivespe\n|turn|6\n|c|\u2606kirbbles|woulda been good lol\n|inactive|supaflytnt has 30 seconds left.\n|\n|t:|1683836650\n|switch|p2b: Raphael|Torkoal, L50, M, shiny|100\/100\n|-weather|SunnyDay|[from] ability: Drought|[of] p2b: Raphael\n|move|p2a: Skip 2 My Lou|Leaf Storm|p1a: Iron Bundle|[miss]\n|-miss|p2a: Skip 2 My Lou|p1a: Iron Bundle\n|move|p1a: Iron Bundle|Freeze-Dry|p2a: Skip 2 My Lou\n|-supereffective|p2a: Skip 2 My Lou\n|-damage|p2a: Skip 2 My Lou|0 fnt\n|faint|p2a: Skip 2 My Lou\n|move|p1b: Ting-Lu|Stomping Tantrum|p2b: Raphael\n|-supereffective|p2b: Raphael\n|-damage|p2b: Raphael|52\/100\n|\n|-weather|SunnyDay|[upkeep]\n|upkeep\n|c|\u2606kirbbles|unlucky miss\n|c|\u2606supaflytnt|I deserved that\n|c|\u2606kirbbles|LOL\n|inactive|supaflytnt has 30 seconds left.\n|\n|t:|1683836681\n|switch|p2a: Gucci Mane|Flutter Mane, L50, shiny|100\/100\n|-activate|p2a: Gucci Mane|ability: Protosynthesis\n|-start|p2a: Gucci Mane|protosynthesisspa\n|turn|7\n|c|\u2606kirbbles|I dunno there was no guarantee the ape woke up that turn\n|\n|t:|1683836700\n|-terastallize|p2a: Gucci Mane|Fairy\n|move|p2b: Raphael|Helping Hand|p2a: Gucci Mane\n|-singleturn|p2a: Gucci Mane|Helping Hand|[of] p2b: Raphael\n|move|p1a: Iron Bundle|Hydro Pump|p2b: Raphael|[miss]\n|-miss|p1a: Iron Bundle|p2b: Raphael\n|move|p2a: Gucci Mane|Dazzling Gleam|p1a: Iron Bundle|[spread] p1a,p1b\n|-supereffective|p1b: Ting-Lu\n|-damage|p1a: Iron Bundle|0 fnt\n|-damage|p1b: Ting-Lu|6\/100\n|faint|p1a: Iron Bundle\n|-end|p1a: Iron Bundle|Quark Drive|[silent]\n|move|p1b: Ting-Lu|Heavy Slam|p2a: Gucci Mane\n|-supereffective|p2a: Gucci Mane\n|-damage|p2a: Gucci Mane|0 fnt\n|faint|p2a: Gucci Mane\n|-end|p2a: Gucci Mane|Protosynthesis|[silent]\n|\n|-weather|SunnyDay|[upkeep]\n|upkeep\n|\n|t:|1683836715\n|switch|p2a: Aisle 5|Scizor, L50, M|100\/100\n|turn|8\n|c|\u2606kirbbles|welp\n|c|\u2606kirbbles|it all evens out\n|c|\u2606kirbbles|gg\n|\n|t:|1683836724\n|move|p2a: Aisle 5|Bullet Punch|p1b: Ting-Lu\n|-damage|p1b: Ting-Lu|0 fnt\n|faint|p1b: Ting-Lu\n|\n|win|supaflytnt\n|raw|kirbbles's rating: 1212 → 1192<\/strong> (-20 for losing)\n|raw|supaflytnt's rating: 1278 → 1298<\/strong> (+20 for winning)\n|c|\u2606supaflytnt|Gg\n|l|\u2606kirbbles\n","uploadtime":1683836995,"views":14,"p1id":"kirbbles","p2id":"supaflytnt","formatid":"gen9vgc2023regulationc","rating":1192,"private":0,"password":""}