{"id":"gen9vgc2023regulationc-1846016116","p1":"knight8512","p2":"Scientist Zach","format":"[Gen 9] VGC 2023 Regulation C","log":"|j|\u2606knight8512\n|j|\u2606Scientist Zach\n|t:|1681791868\n|gametype|doubles\n|player|p1|knight8512|boarder|1139\n|player|p2|Scientist Zach|burglar|1182\n|teamsize|p1|6\n|teamsize|p2|6\n|gen|9\n|tier|[Gen 9] VGC 2023 Regulation C\n|rated|\n|rule|Species Clause: Limit one of each Pok\u00e9mon\n|rule|Item Clause: Limit one of each item\n|clearpoke\n|poke|p1|Talonflame, L50, M|\n|poke|p1|Garchomp, L50, M|\n|poke|p1|Gyarados, L50, M|\n|poke|p1|Kingambit, L50, F|\n|poke|p1|Flutter Mane, L50|\n|poke|p1|Arboliva, L50, F|\n|poke|p2|Flutter Mane, L50|\n|poke|p2|Maushold-Four, L50|\n|poke|p2|Annihilape, L50, F|\n|poke|p2|Ting-Lu, L50|\n|poke|p2|Gyarados, L50, M|\n|poke|p2|Baxcalibur, L50, M|\n|teampreview|4\n|inactive|Battle timer is ON: inactive players will automatically lose when time's up. (requested by Scientist Zach)\n|inactive|knight8512 has 60 seconds left.\n|inactive|Scientist Zach has 60 seconds left.\n|\n|t:|1681791926\n|start\n|switch|p1a: Talonflame|Talonflame, L50, M|100\/100\n|switch|p1b: Garchomp|Garchomp, L50, M|100\/100\n|switch|p2a: Maushold|Maushold-Four, L50|100\/100\n|switch|p2b: Annihilape|Annihilape, L50, F|100\/100\n|turn|1\n|inactive|knight8512 has 30 seconds left.\n|\n|t:|1681791953\n|move|p2a: Maushold|Follow Me|p2a: Maushold\n|-singleturn|p2a: Maushold|move: Follow Me\n|move|p1a: Talonflame|Will-O-Wisp|p2a: Maushold\n|-status|p2a: Maushold|brn\n|move|p1b: Garchomp|Stomping Tantrum|p2a: Maushold\n|-crit|p2a: Maushold\n|-damage|p2a: Maushold|0 fnt\n|faint|p2a: Maushold\n|-damage|p1b: Garchomp|91\/100|[from] item: Life Orb\n|move|p2b: Annihilape|Bulk Up|p2b: Annihilape\n|-boost|p2b: Annihilape|atk|1\n|-boost|p2b: Annihilape|def|1\n|\n|upkeep\n|\n|t:|1681791973\n|switch|p2a: Baxcalibur|Baxcalibur, L50, M|100\/100\n|turn|2\n|inactive|knight8512 has 30 seconds left.\n|\n|t:|1681792002\n|switch|p1b: Flutter Mane|Flutter Mane, L50|100\/100\n|-terastallize|p2b: Annihilape|Fire\n|move|p2a: Baxcalibur|Ice Shard|p1b: Flutter Mane\n|-damage|p1b: Flutter Mane|64\/100\n|move|p1a: Talonflame|Will-O-Wisp|p2b: Annihilape\n|-immune|p2b: Annihilape\n|move|p2b: Annihilape|Drain Punch|p1b: Flutter Mane\n|-immune|p1b: Flutter Mane\n|\n|upkeep\n|turn|3\n|inactive|knight8512 has 30 seconds left.\n|inactive|Scientist Zach has 30 seconds left.\n|inactive|knight8512 has 20 seconds left.\n|inactive|knight8512 has 15 seconds left.\n|\n|t:|1681792046\n|switch|p2a: Ting-Lu|Ting-Lu, L50|100\/100\n|-ability|p2a: Ting-Lu|Vessel of Ruin\n|move|p1a: Talonflame|Tailwind|p1a: Talonflame\n|-sidestart|p1: knight8512|move: Tailwind\n|move|p1b: Flutter Mane|Shadow Ball|p2b: Annihilape\n|-damage|p2b: Annihilape|65\/100\n|move|p2b: Annihilape|Rage Fist|p1b: Flutter Mane\n|-supereffective|p1b: Flutter Mane\n|-damage|p1b: Flutter Mane|0 fnt\n|faint|p1b: Flutter Mane\n|-end|p1b: Flutter Mane|Protosynthesis|[silent]\n|\n|-heal|p2b: Annihilape|71\/100|[from] item: Leftovers\n|upkeep\n|\n|t:|1681792063\n|switch|p1b: Garchomp|Garchomp, L50, M|91\/100\n|turn|4\n|\n|t:|1681792084\n|move|p2b: Annihilape|Protect|p2b: Annihilape\n|-singleturn|p2b: Annihilape|Protect\n|move|p1a: Talonflame|Will-O-Wisp|p2a: Ting-Lu\n|-status|p2a: Ting-Lu|brn\n|move|p1b: Garchomp|Stomping Tantrum|p2b: Annihilape\n|-activate|p2b: Annihilape|move: Protect\n|move|p2a: Ting-Lu|Fissure|p1b: Garchomp|[miss]\n|-miss|p2a: Ting-Lu|p1b: Garchomp\n|\n|-heal|p2b: Annihilape|77\/100|[from] item: Leftovers\n|-damage|p2a: Ting-Lu|94\/100 brn|[from] brn\n|upkeep\n|turn|5\n|inactive|knight8512 has 30 seconds left.\n|\n|t:|1681792118\n|switch|p1a: Gyarados|Gyarados, L50, M|100\/100\n|-ability|p1a: Gyarados|Intimidate|boost\n|-unboost|p2a: Ting-Lu|atk|1\n|-unboost|p2b: Annihilape|atk|1\n|-ability|p2b: Annihilape|Defiant|boost\n|-boost|p2b: Annihilape|atk|2\n|move|p2b: Annihilape|Protect||[still]\n|-fail|p2b: Annihilape\n|move|p1b: Garchomp|Stomping Tantrum|p2b: Annihilape\n|-supereffective|p2b: Annihilape\n|-damage|p2b: Annihilape|9\/100\n|-damage|p1b: Garchomp|81\/100|[from] item: Life Orb\n|move|p2a: Ting-Lu|Stomping Tantrum|p1b: Garchomp\n|-damage|p1b: Garchomp|58\/100\n|-damage|p2a: Ting-Lu|82\/100 brn|[from] ability: Rough Skin|[of] p1b: Garchomp\n|\n|-heal|p2b: Annihilape|15\/100|[from] item: Leftovers\n|-damage|p2a: Ting-Lu|76\/100 brn|[from] brn\n|upkeep\n|turn|6\n|\n|t:|1681792142\n|move|p1b: Garchomp|Protect|p1b: Garchomp\n|-singleturn|p1b: Garchomp|Protect\n|move|p2b: Annihilape|Protect|p2b: Annihilape\n|-singleturn|p2b: Annihilape|Protect\n|move|p1a: Gyarados|Waterfall|p2b: Annihilape\n|-activate|p2b: Annihilape|move: Protect\n|move|p2a: Ting-Lu|Fissure|p1b: Garchomp\n|-activate|p1b: Garchomp|move: Protect\n|\n|-heal|p2b: Annihilape|21\/100|[from] item: Leftovers\n|-damage|p2a: Ting-Lu|70\/100 brn|[from] brn\n|-sideend|p1: knight8512|move: Tailwind\n|upkeep\n|turn|7\n|inactive|knight8512 has 30 seconds left.\n|inactive|Scientist Zach has 30 seconds left.\n|inactive|Scientist Zach has 20 seconds left.\n|inactive|Scientist Zach has 15 seconds left.\n|inactive|knight8512 has 20 seconds left.\n|inactive|Scientist Zach has 10 seconds left.\n|inactive|knight8512 has 15 seconds left.\n|\n|t:|1681792199\n|move|p1b: Garchomp|Stomping Tantrum|p2b: Annihilape\n|-supereffective|p2b: Annihilape\n|-damage|p2b: Annihilape|0 fnt\n|faint|p2b: Annihilape\n|-damage|p1b: Garchomp|49\/100|[from] item: Life Orb\n|move|p1a: Gyarados|Waterfall|p2a: Ting-Lu\n|-supereffective|p2a: Ting-Lu\n|-damage|p2a: Ting-Lu|33\/100 brn\n|move|p2a: Ting-Lu|Fissure|p1b: Garchomp\n|-damage|p1b: Garchomp|0 fnt\n|faint|p1b: Garchomp\n|-ohko\n|\n|-damage|p2a: Ting-Lu|26\/100 brn|[from] brn\n|upkeep\n|\n|t:|1681792214\n|switch|p1b: Talonflame|Talonflame, L50, M|100\/100\n|switch|p2b: Baxcalibur|Baxcalibur, L50, M|100\/100\n|turn|8\n|inactive|knight8512 has 30 seconds left.\n|inactive|knight8512 has 20 seconds left.\n|inactive|knight8512 has 15 seconds left.\n|inactive|knight8512 has 10 seconds left.\n|\n|t:|1681792260\n|move|p1b: Talonflame|Brave Bird|p2b: Baxcalibur\n|-damage|p2b: Baxcalibur|46\/100\n|-damage|p1b: Talonflame|78\/100|[from] Recoil\n|move|p2b: Baxcalibur|Icicle Spear|p1a: Gyarados\n|-damage|p1a: Gyarados|87\/100\n|-damage|p1a: Gyarados|72\/100\n|-damage|p1a: Gyarados|57\/100\n|-damage|p1a: Gyarados|44\/100\n|-enditem|p1a: Gyarados|Sitrus Berry|[eat]\n|-heal|p1a: Gyarados|68\/100|[from] item: Sitrus Berry\n|-hitcount|p1a: Gyarados|4\n|move|p1a: Gyarados|Waterfall|p2a: Ting-Lu\n|-supereffective|p2a: Ting-Lu\n|-damage|p2a: Ting-Lu|0 fnt\n|faint|p2a: Ting-Lu\n|\n|upkeep\n|turn|9\n|inactive|knight8512 has 30 seconds left.\n|-message|Scientist Zach forfeited.\n|\n|win|knight8512\n|raw|knight8512's rating: 1139 → 1167<\/strong> (+28 for winning)\n|raw|Scientist Zach's rating: 1182 → 1154<\/strong> (-28 for losing)\n|l|\u2606Scientist Zach\n","uploadtime":1681792305,"views":7,"p1id":"knight8512","p2id":"scientistzach","formatid":"gen9vgc2023regulationc","rating":1154,"private":0,"password":""}