{"id":"gen9vgc2023regulationc-1856598071","p1":"Tomyandres6","p2":"SM0KESgirl","format":"[Gen 9] VGC 2023 Regulation C","log":"|j|\u2606Tomyandres6\n|j|\u2606SM0KESgirl\n|t:|1683080540\n|gametype|doubles\n|player|p1|Tomyandres6|pokemaniac|1181\n|player|p2|SM0KESgirl|skyla|1253\n|teamsize|p1|6\n|teamsize|p2|6\n|gen|9\n|tier|[Gen 9] VGC 2023 Regulation C\n|rated|\n|rule|Species Clause: Limit one of each Pok\u00e9mon\n|rule|Item Clause: Limit one of each item\n|clearpoke\n|poke|p1|Baxcalibur, L50, M|\n|poke|p1|Great Tusk, L50|\n|poke|p1|Amoonguss, L50, M|\n|poke|p1|Vaporeon, L50, M|\n|poke|p1|Gholdengo, L50|\n|poke|p1|Gyarados, L50, F|\n|poke|p2|Gholdengo, L50|\n|poke|p2|Murkrow, L50, F|\n|poke|p2|Baxcalibur, L50, F|\n|poke|p2|Annihilape, L50, F|\n|poke|p2|Flutter Mane, L50|\n|poke|p2|Amoonguss, L50, F|\n|teampreview|4\n|inactive|Battle timer is ON: inactive players will automatically lose when time's up. (requested by SM0KESgirl)\nSM0KESgirl rejected open team sheets.\n|inactive|Tomyandres6 has 60 seconds left.\n|\n|t:|1683080604\n|start\n|switch|p1a: Baxcalibur|Baxcalibur, L50, M|100\/100\n|switch|p1b: Amoonguss|Amoonguss, L50, M|100\/100\n|switch|p2a: Murkrow|Murkrow, L50, F|100\/100\n|switch|p2b: Gholdengo|Gholdengo, L50|100\/100\n|turn|1\n|inactive|Tomyandres6 has 30 seconds left.\n|inactive|SM0KESgirl has 30 seconds left.\n|\n|t:|1683080634\n|switch|p1a: Vaporeon|Vaporeon, L50, M|100\/100\n|move|p2a: Murkrow|Thunder Wave|p1b: Amoonguss\n|-status|p1b: Amoonguss|par\n|move|p2b: Gholdengo|Make It Rain|p1a: Vaporeon|[spread] p1a,p1b\n|-resisted|p1a: Vaporeon\n|-damage|p1a: Vaporeon|73\/100\n|-damage|p1b: Amoonguss|30\/100 par\n|-unboost|p2b: Gholdengo|spa|1\n|-enditem|p1b: Amoonguss|Sitrus Berry|[eat]\n|-heal|p1b: Amoonguss|55\/100 par|[from] item: Sitrus Berry\n|move|p1b: Amoonguss|Pollen Puff|p1a: Vaporeon\n|-heal|p1a: Vaporeon|100\/100\n|\n|upkeep\n|turn|2\n|inactive|Tomyandres6 has 30 seconds left.\n|inactive|Tomyandres6 has 20 seconds left.\n|inactive|Tomyandres6 has 15 seconds left.\n|\n|t:|1683080676\n|cant|p1b: Amoonguss|par\n|move|p2a: Murkrow|Tailwind|p2a: Murkrow\n|-sidestart|p2: SM0KESgirl|move: Tailwind\n|move|p2b: Gholdengo|Make It Rain|p1a: Vaporeon|[spread] p1a,p1b\n|-resisted|p1a: Vaporeon\n|-damage|p1a: Vaporeon|81\/100\n|-damage|p1b: Amoonguss|15\/100 par\n|-unboost|p2b: Gholdengo|spa|1\n|move|p1a: Vaporeon|Muddy Water|p2b: Gholdengo|[spread] p2a,p2b\n|-crit|p2b: Gholdengo\n|-damage|p2a: Murkrow|72\/100\n|-damage|p2b: Gholdengo|63\/100\n|-unboost|p2a: Murkrow|accuracy|1\n|\n|upkeep\n|turn|3\n|\n|t:|1683080700\n|switch|p1b: Baxcalibur|Baxcalibur, L50, M|100\/100\n|move|p2a: Murkrow|Haze|p2a: Murkrow\n|-clearallboost\n|move|p2b: Gholdengo|Make It Rain|p1a: Vaporeon|[spread] p1a,p1b\n|-resisted|p1a: Vaporeon\n|-supereffective|p1b: Baxcalibur\n|-damage|p1a: Vaporeon|52\/100\n|-damage|p1b: Baxcalibur|0 fnt\n|-unboost|p2b: Gholdengo|spa|1\n|faint|p1b: Baxcalibur\n|move|p1a: Vaporeon|Muddy Water|p2b: Gholdengo|[spread] p2a,p2b\n|-damage|p2a: Murkrow|45\/100\n|-damage|p2b: Gholdengo|40\/100\n|-unboost|p2a: Murkrow|accuracy|1\n|\n|upkeep\n|\n|t:|1683080718\n|switch|p1b: Great Tusk|Great Tusk, L50, shiny|100\/100\n|turn|4\n|\n|t:|1683080735\n|move|p1b: Great Tusk|Protect|p1b: Great Tusk\n|-singleturn|p1b: Great Tusk|Protect\n|move|p2a: Murkrow|Thunder Wave|p1b: Great Tusk\n|-activate|p1b: Great Tusk|move: Protect\n|move|p2b: Gholdengo|Make It Rain|p1b: Great Tusk|[spread] p1a\n|-activate|p1b: Great Tusk|move: Protect\n|-resisted|p1a: Vaporeon\n|-damage|p1a: Vaporeon|31\/100\n|-unboost|p2b: Gholdengo|spa|1\n|move|p1a: Vaporeon|Muddy Water|p2a: Murkrow|[spread] p2a,p2b\n|-damage|p2a: Murkrow|20\/100\n|-damage|p2b: Gholdengo|17\/100\n|\n|upkeep\n|turn|5\n|inactive|Tomyandres6 has 30 seconds left.\n|inactive|Tomyandres6 has 20 seconds left.\n|\n|t:|1683080771\n|-end|p1b: Great Tusk|Protosynthesis|[silent]\n|switch|p1b: Amoonguss|Amoonguss, L50, M|48\/100 par\n|-terastallize|p1a: Vaporeon|Fire\n|move|p2a: Murkrow|Haze|p2a: Murkrow\n|-clearallboost\n|move|p2b: Gholdengo|Make It Rain|p1a: Vaporeon|[spread] p1a,p1b\n|-resisted|p1a: Vaporeon\n|-damage|p1a: Vaporeon|1\/100\n|-damage|p1b: Amoonguss|0 fnt\n|-unboost|p2b: Gholdengo|spa|1\n|-enditem|p1a: Vaporeon|Mago Berry|[eat]\n|-heal|p1a: Vaporeon|34\/100|[from] item: Mago Berry\n|faint|p1b: Amoonguss\n|move|p1a: Vaporeon|Icy Wind|p2b: Gholdengo|[spread] p2a,p2b\n|-supereffective|p2a: Murkrow\n|-crit|p2a: Murkrow\n|-resisted|p2b: Gholdengo\n|-damage|p2a: Murkrow|0 fnt\n|-damage|p2b: Gholdengo|12\/100\n|-unboost|p2b: Gholdengo|spe|1\n|faint|p2a: Murkrow\n|\n|-sideend|p2: SM0KESgirl|move: Tailwind\n|upkeep\n|inactive|SM0KESgirl has 30 seconds left.\n|\n|t:|1683080799\n|switch|p2a: Baxcalibur|Baxcalibur, L50, F|100\/100\n|switch|p1b: Great Tusk|Great Tusk, L50, shiny|100\/100\n|turn|6\n|inactive|Tomyandres6 has 30 seconds left.\n|\n|t:|1683080829\n|move|p1a: Vaporeon|Protect|p1a: Vaporeon\n|-singleturn|p1a: Vaporeon|Protect\n|move|p1b: Great Tusk|Earthquake|p2b: Gholdengo|[spread] p2a,p2b\n|-activate|p1a: Vaporeon|move: Protect\n|-supereffective|p2b: Gholdengo\n|-damage|p2a: Baxcalibur|64\/100\n|-damage|p2b: Gholdengo|0 fnt\n|faint|p2b: Gholdengo\n|move|p2a: Baxcalibur|Icicle Spear|p1b: Great Tusk\n|-supereffective|p1b: Great Tusk\n|-damage|p1b: Great Tusk|81\/100\n|-supereffective|p1b: Great Tusk\n|-damage|p1b: Great Tusk|61\/100\n|-hitcount|p1b: Great Tusk|2\n|\n|upkeep\n|\n|t:|1683080842\n|switch|p2b: Annihilape|Annihilape, L50, F|100\/100\n|turn|7\n|\n|t:|1683080866\n|move|p2b: Annihilape|Protect|p2b: Annihilape\n|-singleturn|p2b: Annihilape|Protect\n|move|p2a: Baxcalibur|Earthquake|p1a: Vaporeon|[spread] p1a,p1b\n|-activate|p2b: Annihilape|move: Protect\n|-supereffective|p1a: Vaporeon\n|-damage|p1a: Vaporeon|0 fnt\n|-damage|p1b: Great Tusk|41\/100\n|faint|p1a: Vaporeon\n|move|p1b: Great Tusk|Headlong Rush|p2a: Baxcalibur\n|-damage|p2a: Baxcalibur|8\/100\n|-unboost|p1b: Great Tusk|def|1\n|-unboost|p1b: Great Tusk|spd|1\n|\n|upkeep\n|turn|8\n|\n|t:|1683080887\n|move|p2b: Annihilape|Bulk Up|p2b: Annihilape\n|-boost|p2b: Annihilape|atk|1\n|-boost|p2b: Annihilape|def|1\n|move|p2a: Baxcalibur|Glaive Rush|p1b: Great Tusk\n|-damage|p1b: Great Tusk|0 fnt\n|-singlemove|p2a: Baxcalibur|Glaive Rush|[silent]\n|faint|p1b: Great Tusk\n|-end|p1b: Great Tusk|Protosynthesis|[silent]\n|\n|win|SM0KESgirl\n|raw|Tomyandres6's rating: 1181 → 1161<\/strong> (-20 for losing)\n|raw|SM0KESgirl's rating: 1253 → 1273<\/strong> (+20 for winning)\n","uploadtime":1683080898,"views":9,"p1id":"tomyandres6","p2id":"sm0kesgirl","formatid":"gen9vgc2023regulationc","rating":1161,"private":0,"password":""}