{"id":"gen9vgc2023regulationc-1847723747","p1":"Asturiano98","p2":"ECMBB","format":"[Gen 9] VGC 2023 Regulation C","log":"|j|\u2606Asturiano98\n|j|\u2606ECMBB\n|t:|1681996341\n|gametype|doubles\n|player|p1|Asturiano98|2|1142\n|player|p2|ECMBB|169|1114\n|teamsize|p1|6\n|teamsize|p2|6\n|gen|9\n|tier|[Gen 9] VGC 2023 Regulation C\n|rated|\n|rule|Species Clause: Limit one of each Pok\u00e9mon\n|rule|Item Clause: Limit one of each item\n|clearpoke\n|poke|p1|Flutter Mane, L50|\n|poke|p1|Arcanine, L50, M|\n|poke|p1|Gholdengo, L50|\n|poke|p1|Amoonguss, L50, M|\n|poke|p1|Ting-Lu, L50|\n|poke|p1|Gyarados, L50, F|\n|poke|p2|Ting-Lu, L50|\n|poke|p2|Gyarados, L50, F|\n|poke|p2|Flutter Mane, L50|\n|poke|p2|Amoonguss, L50, M|\n|poke|p2|Arcanine, L50, M|\n|poke|p2|Palafin, L50, F|\n|teampreview|4\nAsturiano98 has agreed to open team sheets.\n|inactive|Battle timer is ON: inactive players will automatically lose when time's up. (requested by Asturiano98)\n|\n|t:|1681996369\n|start\n|switch|p1a: Amoonguss|Amoonguss, L50, M|100\/100\n|switch|p1b: Ting-Lu|Ting-Lu, L50|100\/100\n|switch|p2a: Ting-Lu|Ting-Lu, L50|100\/100\n|switch|p2b: Gyarados|Gyarados, L50, F, shiny|100\/100\n|-ability|p2b: Gyarados|Intimidate|boost\n|-unboost|p1a: Amoonguss|atk|1\n|-unboost|p1b: Ting-Lu|atk|1\n|-ability|p1b: Ting-Lu|Vessel of Ruin\n|-ability|p2a: Ting-Lu|Vessel of Ruin\n|turn|1\n|\n|t:|1681996387\n|move|p1a: Amoonguss|Rage Powder|p1a: Amoonguss\n|-singleturn|p1a: Amoonguss|move: Rage Powder\n|move|p2b: Gyarados|Taunt|p1a: Amoonguss\n|-start|p1a: Amoonguss|move: Taunt\n|move|p1b: Ting-Lu|Fissure|p2a: Ting-Lu|[miss]\n|-miss|p1b: Ting-Lu|p2a: Ting-Lu\n|move|p2a: Ting-Lu|Stealth Rock|p1b: Ting-Lu\n|-sidestart|p1: Asturiano98|move: Stealth Rock\n|\n|upkeep\n|turn|2\n|\n|t:|1681996401\n|switch|p1a: Gyarados|Gyarados, L50, F, shiny|100\/100\n|-damage|p1a: Gyarados|75\/100|[from] Stealth Rock\n|-ability|p1a: Gyarados|Intimidate|boost\n|-unboost|p2a: Ting-Lu|atk|1\n|-unboost|p2b: Gyarados|atk|1\n|move|p2b: Gyarados|Waterfall|p1b: Ting-Lu\n|-supereffective|p1b: Ting-Lu\n|-damage|p1b: Ting-Lu|71\/100\n|cant|p1b: Ting-Lu|flinch\n|move|p2a: Ting-Lu|Stomping Tantrum|p1b: Ting-Lu\n|-damage|p1b: Ting-Lu|56\/100\n|\n|upkeep\n|turn|3\n|\n|t:|1681996421\n|-terastallize|p1b: Ting-Lu|Electric\n|move|p2b: Gyarados|Taunt|p1a: Gyarados\n|-start|p1a: Gyarados|move: Taunt\n|move|p1a: Gyarados|Waterfall|p2a: Ting-Lu\n|-supereffective|p2a: Ting-Lu\n|-crit|p2a: Ting-Lu\n|-damage|p2a: Ting-Lu|46\/100\n|move|p1b: Ting-Lu|Tera Blast|p2b: Gyarados\n|-supereffective|p2b: Gyarados\n|-damage|p2b: Gyarados|9\/100\n|move|p2a: Ting-Lu|Heavy Slam|p1a: Gyarados\n|-resisted|p1a: Gyarados\n|-damage|p1a: Gyarados|69\/100\n|\n|upkeep\n|turn|4\n|\n|t:|1681996442\n|switch|p2b: Amoonguss|Amoonguss, L50, M|100\/100\n|switch|p1b: Arcanine|Arcanine, L50, M|100\/100\n|-damage|p1b: Arcanine|76\/100|[from] Stealth Rock\n|-ability|p1b: Arcanine|Intimidate|boost\n|-unboost|p2a: Ting-Lu|atk|1\n|-unboost|p2b: Amoonguss|atk|1\n|switch|p2a: Flutter Mane|Flutter Mane, L50, shiny|100\/100\n|-enditem|p2a: Flutter Mane|Booster Energy\n|-activate|p2a: Flutter Mane|ability: Protosynthesis|[fromitem]\n|-start|p2a: Flutter Mane|protosynthesisspa\n|move|p1a: Gyarados|Waterfall|p2a: Flutter Mane\n|-damage|p2a: Flutter Mane|63\/100\n|\n|upkeep\n|turn|5\n|\n|t:|1681996465\n|-terastallize|p2a: Flutter Mane|Fairy\n|move|p2b: Amoonguss|Protect|p2b: Amoonguss\n|-singleturn|p2b: Amoonguss|Protect\n|move|p2a: Flutter Mane|Thunderbolt|p1a: Gyarados\n|-supereffective|p1a: Gyarados\n|-damage|p1a: Gyarados|0 fnt\n|faint|p1a: Gyarados\n|move|p1b: Arcanine|Snarl|p2a: Flutter Mane|[spread] p2a\n|-activate|p2b: Amoonguss|move: Protect\n|-resisted|p2a: Flutter Mane\n|-damage|p2a: Flutter Mane|60\/100\n|-unboost|p2a: Flutter Mane|spa|1\n|\n|upkeep\n|\n|t:|1681996479\n|switch|p1a: Ting-Lu|Ting-Lu, L50, tera:Electric|56\/100\n|-damage|p1a: Ting-Lu|43\/100|[from] Stealth Rock\n|-ability|p1a: Ting-Lu|Vessel of Ruin\n|turn|6\n|\n|t:|1681996492\n|move|p2a: Flutter Mane|Protect|p2a: Flutter Mane\n|-singleturn|p2a: Flutter Mane|Protect\n|move|p1b: Arcanine|Flare Blitz|p2a: Flutter Mane\n|-activate|p2a: Flutter Mane|move: Protect\n|move|p1a: Ting-Lu|Fissure|p2b: Amoonguss|[miss]\n|-miss|p1a: Ting-Lu|p2b: Amoonguss\n|move|p2b: Amoonguss|Spore|p1b: Arcanine\n|-status|p1b: Arcanine|slp|[from] move: Spore\n|\n|upkeep\n|turn|7\n|\n|t:|1681996508\n|move|p2a: Flutter Mane|Dazzling Gleam|p1a: Ting-Lu|[spread] p1a,p1b\n|-resisted|p1b: Arcanine\n|-damage|p1a: Ting-Lu|33\/100\n|-damage|p1b: Arcanine|62\/100 slp\n|cant|p1b: Arcanine|slp\n|move|p1a: Ting-Lu|Fissure|p2b: Amoonguss\n|-damage|p2b: Amoonguss|0 fnt\n|faint|p2b: Amoonguss\n|-ohko\n|\n|upkeep\n|\n|t:|1681996519\n|switch|p2b: Ting-Lu|Ting-Lu, L50|46\/100\n|-ability|p2b: Ting-Lu|Vessel of Ruin\n|turn|8\n|\n|t:|1681996528\n|switch|p1a: Amoonguss|Amoonguss, L50, M|100\/100\n|-damage|p1a: Amoonguss|88\/100|[from] Stealth Rock\n|move|p2a: Flutter Mane|Protect|p2a: Flutter Mane\n|-singleturn|p2a: Flutter Mane|Protect\n|-curestatus|p1b: Arcanine|slp|[msg]\n|move|p1b: Arcanine|Will-O-Wisp|p2b: Ting-Lu\n|-status|p2b: Ting-Lu|brn\n|move|p2b: Ting-Lu|Earthquake|p1b: Arcanine|[spread] p1a,p1b\n|-activate|p2a: Flutter Mane|move: Protect\n|-supereffective|p1b: Arcanine\n|-damage|p1a: Amoonguss|70\/100\n|-damage|p1b: Arcanine|21\/100\n|-enditem|p1b: Arcanine|Mago Berry|[eat]\n|-heal|p1b: Arcanine|54\/100|[from] item: Mago Berry\n|\n|-heal|p1a: Amoonguss|76\/100|[from] item: Leftovers\n|-damage|p2b: Ting-Lu|40\/100 brn|[from] brn\n|upkeep\n|turn|9\n|\n|t:|1681996553\n|-end|p2a: Flutter Mane|Protosynthesis|[silent]\n|switch|p2a: Gyarados|Gyarados, L50, F, shiny|9\/100\n|-ability|p2a: Gyarados|Intimidate|boost\n|-unboost|p1a: Amoonguss|atk|1\n|-unboost|p1b: Arcanine|atk|1\n|move|p1b: Arcanine|Flare Blitz|p2a: Gyarados\n|-resisted|p2a: Gyarados\n|-damage|p2a: Gyarados|0 fnt\n|faint|p2a: Gyarados\n|-damage|p1b: Arcanine|51\/100|[from] Recoil\n|move|p1a: Amoonguss|Pollen Puff|p1b: Arcanine\n|-heal|p1b: Arcanine|100\/100\n|move|p2b: Ting-Lu|Earthquake|p1b: Arcanine|[spread] p1a,p1b\n|-supereffective|p1b: Arcanine\n|-damage|p1a: Amoonguss|58\/100\n|-damage|p1b: Arcanine|60\/100\n|\n|-heal|p1a: Amoonguss|64\/100|[from] item: Leftovers\n|-damage|p2b: Ting-Lu|34\/100 brn|[from] brn\n|upkeep\n|\n|t:|1681996573\n|switch|p2a: Flutter Mane|Flutter Mane, L50, shiny, tera:Fairy|60\/100\n|turn|10\n|\n|t:|1681996588\n|move|p2a: Flutter Mane|Moonblast|p1b: Arcanine\n|-resisted|p1b: Arcanine\n|-damage|p1b: Arcanine|36\/100\n|-unboost|p1b: Arcanine|spa|1\n|move|p1b: Arcanine|Flare Blitz|p2a: Flutter Mane\n|-damage|p2a: Flutter Mane|24\/100\n|-status|p2a: Flutter Mane|brn\n|-damage|p1b: Arcanine|26\/100|[from] Recoil\n|move|p1a: Amoonguss|Spore||[still]\n|-fail|p1a: Amoonguss\n|move|p2b: Ting-Lu|Stomping Tantrum|p1b: Arcanine\n|-supereffective|p1b: Arcanine\n|-damage|p1b: Arcanine|0 fnt\n|faint|p1b: Arcanine\n|\n|-heal|p1a: Amoonguss|70\/100|[from] item: Leftovers\n|-damage|p2a: Flutter Mane|18\/100 brn|[from] brn\n|-damage|p2b: Ting-Lu|28\/100 brn|[from] brn\n|upkeep\n|\n|t:|1681996604\n|switch|p1b: Ting-Lu|Ting-Lu, L50, tera:Electric|33\/100\n|-damage|p1b: Ting-Lu|20\/100|[from] Stealth Rock\n|-ability|p1b: Ting-Lu|Vessel of Ruin\n|turn|11\n|\n|t:|1681996627\n|move|p2a: Flutter Mane|Moonblast|p1b: Ting-Lu\n|-crit|p1b: Ting-Lu\n|-damage|p1b: Ting-Lu|0 fnt\n|faint|p1b: Ting-Lu\n|move|p1a: Amoonguss|Pollen Puff|p1: Ting-Lu|[notarget]\n|-fail|p1a: Amoonguss\n|move|p2b: Ting-Lu|Stomping Tantrum|p1a: Amoonguss\n|-damage|p1a: Amoonguss|52\/100\n|\n|-heal|p1a: Amoonguss|58\/100|[from] item: Leftovers\n|-damage|p2a: Flutter Mane|12\/100 brn|[from] brn\n|-damage|p2b: Ting-Lu|21\/100 brn|[from] brn\n|upkeep\n|-enditem|p2b: Ting-Lu|Aguav Berry|[eat]\n|-heal|p2b: Ting-Lu|55\/100 brn|[from] item: Aguav Berry\n|turn|12\n|\n|t:|1681996647\n|move|p1a: Amoonguss|Protect|p1a: Amoonguss\n|-singleturn|p1a: Amoonguss|Protect\n|move|p2a: Flutter Mane|Moonblast|p1a: Amoonguss\n|-activate|p1a: Amoonguss|move: Protect\n|move|p2b: Ting-Lu|Stomping Tantrum|p1a: Amoonguss\n|-activate|p1a: Amoonguss|move: Protect\n|\n|-heal|p1a: Amoonguss|64\/100|[from] item: Leftovers\n|-damage|p2a: Flutter Mane|5\/100 brn|[from] brn\n|-damage|p2b: Ting-Lu|49\/100 brn|[from] brn\n|upkeep\n|turn|13\n|\n|t:|1681996663\n|move|p1a: Amoonguss|Protect||[still]\n|-fail|p1a: Amoonguss\n|move|p2a: Flutter Mane|Moonblast|p1a: Amoonguss\n|-resisted|p1a: Amoonguss\n|-damage|p1a: Amoonguss|42\/100\n|-unboost|p1a: Amoonguss|spa|1\n|move|p2b: Ting-Lu|Stomping Tantrum|p1a: Amoonguss\n|-damage|p1a: Amoonguss|24\/100\n|\n|-heal|p1a: Amoonguss|30\/100|[from] item: Leftovers\n|-damage|p2a: Flutter Mane|0 fnt|[from] brn\n|faint|p2a: Flutter Mane\n|-end|p2a: Flutter Mane|Protosynthesis|[silent]\n|-damage|p2b: Ting-Lu|42\/100 brn|[from] brn\n|upkeep\n|turn|14\n|\n|t:|1681996680\n|move|p1a: Amoonguss|Protect|p1a: Amoonguss\n|-singleturn|p1a: Amoonguss|Protect\n|move|p2b: Ting-Lu|Stomping Tantrum|p1a: Amoonguss\n|-activate|p1a: Amoonguss|move: Protect\n|\n|-heal|p1a: Amoonguss|36\/100|[from] item: Leftovers\n|-damage|p2b: Ting-Lu|36\/100 brn|[from] brn\n|upkeep\n|turn|15\n|\n|t:|1681996701\n|move|p1a: Amoonguss|Pollen Puff|p2b: Ting-Lu\n|-supereffective|p2b: Ting-Lu\n|-damage|p2b: Ting-Lu|21\/100 brn\n|move|p2b: Ting-Lu|Earthquake|p1a: Amoonguss\n|-damage|p1a: Amoonguss|12\/100\n|\n|-heal|p1a: Amoonguss|18\/100|[from] item: Leftovers\n|-damage|p2b: Ting-Lu|15\/100 brn|[from] brn\n|upkeep\n|turn|16\n|l|\u2606Asturiano98\n|inactive|Asturiano98 disconnected and has a minute to reconnect!\n|player|p1|\n|inactive|Asturiano98 has 30 seconds left.\n|inactive|Asturiano98 has 20 seconds left.\n|inactive|Asturiano98 has 15 seconds left.\n|inactive|Asturiano98 has 10 seconds left.\n|inactive|Asturiano98 has 5 seconds left.\n|c|\u2606ECMBB|This was a close game!\n|-message|Asturiano98 lost due to inactivity.\n|\n|win|ECMBB\n|raw|Asturiano98's rating: 1142 → 1115<\/strong> (-27 for losing)\n|raw|ECMBB's rating: 1114 → 1141<\/strong> (+27 for winning)\n","uploadtime":1681996765,"views":8,"p1id":"asturiano98","p2id":"ecmbb","formatid":"gen9vgc2023regulationc","rating":1115,"private":0,"password":""}