{"id":"gen9vgc2023regulationc-1855218378","p1":"Aggs123","p2":"Sanghyeon","format":"[Gen 9] VGC 2023 Regulation C","log":"|j|\u2606Aggs123\n|j|\u2606Sanghyeon\n|t:|1682916960\n|gametype|doubles\n|player|p1|Aggs123|doctor-gen8|1239\n|player|p2|Sanghyeon|blue|1280\n|teamsize|p1|6\n|teamsize|p2|6\n|gen|9\n|tier|[Gen 9] VGC 2023 Regulation C\n|rated|\n|rule|Species Clause: Limit one of each Pok\u00e9mon\n|rule|Item Clause: Limit one of each item\n|clearpoke\n|poke|p1|Farigiraf, L50, F|\n|poke|p1|Hariyama, L50, M|\n|poke|p1|Flutter Mane, L50|\n|poke|p1|Brute Bonnet, L50|\n|poke|p1|Torkoal, L50, F|\n|poke|p1|Great Tusk, L50|\n|poke|p2|Kingambit, L50, M|\n|poke|p2|Iron Bundle, L50|\n|poke|p2|Flutter Mane, L50|\n|poke|p2|Dragonite, L50, M|\n|poke|p2|Gastrodon-East, L50, F|\n|poke|p2|Corviknight, L50, M|\n|teampreview|4\n|inactive|Battle timer is ON: inactive players will automatically lose when time's up. (requested by Aggs123)\n|inactive|Aggs123 has 60 seconds left.\n|\n|t:|1682916990\n|start\n|switch|p1a: Great Tusk|Great Tusk, L50|100\/100\n|switch|p1b: Flutter Mane|Flutter Mane, L50|100\/100\n|switch|p2a: Iron Bundle|Iron Bundle, L50|100\/100\n|switch|p2b: Kingambit|Kingambit, L50, M|100\/100\n|-enditem|p2a: Iron Bundle|Booster Energy\n|-activate|p2a: Iron Bundle|ability: Quark Drive|[fromitem]\n|-start|p2a: Iron Bundle|quarkdrivespe\n|turn|1\n|inactive|Sanghyeon has 30 seconds left.\n|inactive|Sanghyeon has 20 seconds left.\n|inactive|Sanghyeon has 15 seconds left.\n|\n|t:|1682917031\n|-end|p1a: Great Tusk|Protosynthesis|[silent]\n|switch|p1a: Torkoal|Torkoal, L50, F|100\/100\n|-weather|SunnyDay|[from] ability: Drought|[of] p1a: Torkoal\n|-activate|p1b: Flutter Mane|ability: Protosynthesis\n|-start|p1b: Flutter Mane|protosynthesisspe\n|-item|p1a: Torkoal|Air Balloon\n|-terastallize|p2b: Kingambit|Flying\n|move|p2b: Kingambit|Sucker Punch|p1b: Flutter Mane\n|-crit|p1b: Flutter Mane\n|-enditem|p1b: Flutter Mane|Focus Sash\n|-damage|p1b: Flutter Mane|1\/100\n|move|p1b: Flutter Mane|Moonblast|p2a: Iron Bundle\n|-damage|p2a: Iron Bundle|19\/100\n|move|p2a: Iron Bundle|Icy Wind|p1a: Torkoal|[spread] p1a,p1b\n|-resisted|p1a: Torkoal\n|-damage|p1a: Torkoal|86\/100\n|-damage|p1b: Flutter Mane|0 fnt\n|-unboost|p1a: Torkoal|spe|1\n|-enditem|p1a: Torkoal|Air Balloon\n|faint|p1b: Flutter Mane\n|-end|p1b: Flutter Mane|Protosynthesis|[silent]\n|\n|-weather|SunnyDay|[upkeep]\n|upkeep\n|\n|t:|1682917051\n|switch|p1b: Brute Bonnet|Brute Bonnet, L50|100\/100\n|-activate|p1b: Brute Bonnet|ability: Protosynthesis\n|-start|p1b: Brute Bonnet|protosynthesisatk\n|turn|2\n|\n|t:|1682917073\n|move|p1b: Brute Bonnet|Sucker Punch|p2a: Iron Bundle\n|-damage|p2a: Iron Bundle|0 fnt\n|faint|p2a: Iron Bundle\n|-end|p2a: Iron Bundle|Quark Drive|[silent]\n|move|p2b: Kingambit|Tera Blast|p1b: Brute Bonnet\n|-supereffective|p1b: Brute Bonnet\n|-damage|p1b: Brute Bonnet|18\/100\n|-enditem|p1b: Brute Bonnet|Weakness Policy\n|-boost|p1b: Brute Bonnet|atk|2|[from] item: Weakness Policy\n|-boost|p1b: Brute Bonnet|spa|2|[from] item: Weakness Policy\n|move|p1a: Torkoal|Eruption|p2b: Kingambit\n|-damage|p2b: Kingambit|50\/100\n|\n|-weather|SunnyDay|[upkeep]\n|upkeep\n|\n|t:|1682917086\n|switch|p2a: Dragonite|Dragonite, L50, M|100\/100\n|turn|3\n|\n|t:|1682917098\n|switch|p2b: Flutter Mane|Flutter Mane, L50|100\/100\n|-activate|p2b: Flutter Mane|ability: Protosynthesis\n|-start|p2b: Flutter Mane|protosynthesisspe\n|move|p1b: Brute Bonnet|Protect|p1b: Brute Bonnet\n|-singleturn|p1b: Brute Bonnet|Protect\n|move|p2a: Dragonite|Extreme Speed|p1b: Brute Bonnet\n|-activate|p1b: Brute Bonnet|move: Protect\n|move|p1a: Torkoal|Eruption|p2a: Dragonite|[spread] p2a,p2b\n|-resisted|p2a: Dragonite\n|-crit|p2a: Dragonite\n|-damage|p2a: Dragonite|77\/100\n|-damage|p2b: Flutter Mane|44\/100\n|\n|-weather|SunnyDay|[upkeep]\n|upkeep\n|turn|4\n|inactive|Aggs123 has 30 seconds left.\n|inactive|Aggs123 has 20 seconds left.\n|inactive|Aggs123 has 15 seconds left.\n|\n|t:|1682917141\n|-end|p1b: Brute Bonnet|Protosynthesis|[silent]\n|switch|p1b: Great Tusk|Great Tusk, L50|100\/100\n|-activate|p1b: Great Tusk|ability: Protosynthesis\n|-start|p1b: Great Tusk|protosynthesisatk\n|move|p1a: Torkoal|Protect|p1a: Torkoal\n|-singleturn|p1a: Torkoal|Protect\n|move|p2a: Dragonite|Extreme Speed|p1b: Great Tusk\n|-damage|p1b: Great Tusk|66\/100\n|move|p2b: Flutter Mane|Shadow Ball|p1a: Torkoal\n|-activate|p1a: Torkoal|move: Protect\n|\n|-weather|SunnyDay|[upkeep]\n|upkeep\n|turn|5\n|inactive|Sanghyeon has 30 seconds left.\n|\n|t:|1682917170\n|move|p2a: Dragonite|Extreme Speed|p1b: Great Tusk\n|-crit|p1b: Great Tusk\n|-damage|p1b: Great Tusk|18\/100\n|move|p2b: Flutter Mane|Shadow Ball|p1a: Torkoal\n|-damage|p1a: Torkoal|5\/100\n|-unboost|p1a: Torkoal|spd|1\n|move|p1b: Great Tusk|Ice Spinner|p2a: Dragonite\n|-supereffective|p2a: Dragonite\n|-damage|p2a: Dragonite|0 fnt\n|faint|p2a: Dragonite\n|move|p1a: Torkoal|Eruption|p2b: Flutter Mane\n|-damage|p2b: Flutter Mane|40\/100\n|\n|-weather|none\n|-end|p2b: Flutter Mane|Protosynthesis\n|-end|p1b: Great Tusk|Protosynthesis\n|upkeep\n|\n|t:|1682917181\n|switch|p2a: Kingambit|Kingambit, L50, M, tera:Flying|50\/100\n|turn|6\n|\n|t:|1682917196\n|move|p2a: Kingambit|Sucker Punch|p1b: Great Tusk\n|-resisted|p1b: Great Tusk\n|-damage|p1b: Great Tusk|3\/100\n|move|p1b: Great Tusk|Ice Spinner|p2a: Kingambit\n|-supereffective|p2a: Kingambit\n|-damage|p2a: Kingambit|7\/100\n|move|p2b: Flutter Mane|Shadow Ball|p1a: Torkoal\n|-damage|p1a: Torkoal|0 fnt\n|faint|p1a: Torkoal\n|\n|upkeep\n|\n|t:|1682917205\n|switch|p1a: Brute Bonnet|Brute Bonnet, L50|18\/100\n|turn|7\n|inactive|Aggs123 has 30 seconds left.\n|\n|t:|1682917233\n|move|p2a: Kingambit|Sucker Punch|p1b: Great Tusk\n|-resisted|p1b: Great Tusk\n|-damage|p1b: Great Tusk|0 fnt\n|faint|p1b: Great Tusk\n|-end|p1b: Great Tusk|Protosynthesis|[silent]\n|move|p1a: Brute Bonnet|Sucker Punch|p2b: Flutter Mane\n|-damage|p2b: Flutter Mane|0 fnt\n|faint|p2b: Flutter Mane\n|-end|p2b: Flutter Mane|Protosynthesis|[silent]\n|\n|upkeep\n|turn|8\n|\n|t:|1682917248\n|move|p2a: Kingambit|Sucker Punch||[still]\n|-fail|p2a: Kingambit\n|move|p1a: Brute Bonnet|Spore|p2a: Kingambit\n|-status|p2a: Kingambit|slp|[from] move: Spore\n|\n|upkeep\n|turn|9\n|-message|Sanghyeon forfeited.\n|\n|win|Aggs123\n|raw|Aggs123's rating: 1239 → 1267<\/strong> (+28 for winning)\n|raw|Sanghyeon's rating: 1280 → 1252<\/strong> (-28 for losing)\n|l|\u2606Sanghyeon\n","uploadtime":1682917265,"views":16,"p1id":"aggs123","p2id":"sanghyeon","formatid":"gen9vgc2023regulationc","rating":1252,"private":0,"password":""}