{"id":"gen9vgc2023regulationc-1858200820","p1":"Mrpotatosheep","p2":"SeydouVGC","format":"[Gen 9] VGC 2023 Regulation C","log":"|j|\u203dMrpotatosheep\n|j|\u2606SeydouVGC\n|t:|1683290322\n|gametype|doubles\n|player|p1|Mrpotatosheep|battlegirl-gen4|1101\n|player|p2|SeydouVGC|flint|1134\n|teamsize|p1|6\n|teamsize|p2|6\n|gen|9\n|tier|[Gen 9] VGC 2023 Regulation C\n|rated|\n|rule|Species Clause: Limit one of each Pok\u00e9mon\n|rule|Item Clause: Limit one of each item\n|clearpoke\n|poke|p1|Sandy Shocks, L50|\n|poke|p1|Talonflame, L50, F|\n|poke|p1|Baxcalibur, L50, F|\n|poke|p1|Abomasnow, L50, F|\n|poke|p1|Clodsire, L50, M|\n|poke|p1|Maushold-Four, L50|\n|poke|p2|Ting-Lu, L50|\n|poke|p2|Amoonguss, L50, M|\n|poke|p2|Arcanine, L50, F|\n|poke|p2|Roaring Moon, L50|\n|poke|p2|Garganacl, L50, F|\n|poke|p2|Iron Bundle, L50|\n|teampreview|4\n|\n|t:|1683290362\n|start\n|switch|p1a: Abomasnow|Abomasnow, L50, F, shiny|100\/100\n|switch|p1b: Baxcalibur|Baxcalibur, L50, F, shiny|100\/100\n|switch|p2a: Iron Bundle|Iron Bundle, L50, shiny|100\/100\n|switch|p2b: Arcanine|Arcanine, L50, F|100\/100\n|-ability|p2b: Arcanine|Intimidate|boost\n|-unboost|p1a: Abomasnow|atk|1\n|-unboost|p1b: Baxcalibur|atk|1\n|-weather|Snow|[from] ability: Snow Warning|[of] p1a: Abomasnow\n|turn|1\n|\n|t:|1683290381\n|move|p2a: Iron Bundle|Protect|p2a: Iron Bundle\n|-singleturn|p2a: Iron Bundle|Protect\n|move|p1a: Abomasnow|Protect|p1a: Abomasnow\n|-singleturn|p1a: Abomasnow|Protect\n|move|p2b: Arcanine|Flare Blitz|p1a: Abomasnow\n|-activate|p1a: Abomasnow|move: Protect\n|move|p1b: Baxcalibur|Swords Dance|p1b: Baxcalibur\n|-boost|p1b: Baxcalibur|atk|2\n|\n|-weather|Snow|[upkeep]\n|upkeep\n|turn|2\n|\n|t:|1683290398\n|move|p2a: Iron Bundle|Encore|p1b: Baxcalibur\n|-start|p1b: Baxcalibur|Encore\n|move|p2b: Arcanine|Flare Blitz|p1a: Abomasnow\n|-supereffective|p1a: Abomasnow\n|-enditem|p1a: Abomasnow|Focus Sash\n|-damage|p1a: Abomasnow|1\/100\n|-damage|p2b: Arcanine|68\/100|[from] Recoil\n|move|p1b: Baxcalibur|Swords Dance|p1b: Baxcalibur\n|-boost|p1b: Baxcalibur|atk|2\n|move|p1a: Abomasnow|Aurora Veil|p1a: Abomasnow\n|-sidestart|p1: Mrpotatosheep|move: Aurora Veil\n|\n|-weather|Snow|[upkeep]\n|upkeep\n|turn|3\n|\n|t:|1683290417\n|move|p2a: Iron Bundle|Encore|p1a: Abomasnow\n|-start|p1a: Abomasnow|Encore\n|move|p2b: Arcanine|Flare Blitz|p1a: Abomasnow\n|-supereffective|p1a: Abomasnow\n|-damage|p1a: Abomasnow|0 fnt\n|faint|p1a: Abomasnow\n|-damage|p2b: Arcanine|67\/100|[from] Recoil\n|move|p1b: Baxcalibur|Swords Dance|p1b: Baxcalibur\n|-boost|p1b: Baxcalibur|atk|2\n|\n|-weather|Snow|[upkeep]\n|upkeep\n|\n|t:|1683290445\n|switch|p1a: Sandy Shocks|Sandy Shocks, L50, shiny|100\/100\n|-enditem|p1a: Sandy Shocks|Booster Energy\n|-activate|p1a: Sandy Shocks|ability: Protosynthesis|[fromitem]\n|-start|p1a: Sandy Shocks|protosynthesisspa\n|turn|4\n|\n|t:|1683290466\n|move|p1a: Sandy Shocks|Protect|p1a: Sandy Shocks\n|-singleturn|p1a: Sandy Shocks|Protect\n|move|p2a: Iron Bundle|Freeze-Dry|p1a: Sandy Shocks\n|-activate|p1a: Sandy Shocks|move: Protect\n|move|p2b: Arcanine|Will-O-Wisp|p1b: Baxcalibur\n|-status|p1b: Baxcalibur|brn\n|move|p1b: Baxcalibur|Swords Dance|p1b: Baxcalibur\n|-boost|p1b: Baxcalibur|atk|1\n|\n|-weather|Snow|[upkeep]\n|-damage|p1b: Baxcalibur|95\/100 brn|[from] brn\n|-end|p1b: Baxcalibur|Encore\n|upkeep\n|turn|5\n|\n|t:|1683290484\n|-end|p1a: Sandy Shocks|Protosynthesis|[silent]\n|switch|p1a: Talonflame|Talonflame, L50, F, shiny|100\/100\n|move|p1b: Baxcalibur|Protect|p1b: Baxcalibur\n|-singleturn|p1b: Baxcalibur|Protect\n|move|p2a: Iron Bundle|Encore|p1b: Baxcalibur\n|-activate|p1b: Baxcalibur|move: Protect\n|move|p2b: Arcanine|Flare Blitz|p1b: Baxcalibur\n|-activate|p1b: Baxcalibur|move: Protect\n|\n|-weather|none\n|-damage|p1b: Baxcalibur|89\/100 brn|[from] brn\n|upkeep\n|turn|6\n|\n|t:|1683290509\n|-terastallize|p1b: Baxcalibur|Ice\n|move|p2b: Arcanine|Extreme Speed|p1a: Talonflame\n|-damage|p1a: Talonflame|78\/100\n|move|p2a: Iron Bundle|Encore|p1b: Baxcalibur\n|-start|p1b: Baxcalibur|Encore\n|move|p1a: Talonflame|Tailwind|p1a: Talonflame\n|-sidestart|p1: Mrpotatosheep|move: Tailwind\n|move|p1b: Baxcalibur|Protect||[still]\n|-fail|p1b: Baxcalibur\n|\n|-damage|p1b: Baxcalibur|83\/100 brn|[from] brn\n|-sideend|p1: Mrpotatosheep|move: Aurora Veil\n|upkeep\n|turn|7\n|\n|t:|1683290530\n|move|p1b: Baxcalibur|Protect|p1b: Baxcalibur\n|-singleturn|p1b: Baxcalibur|Protect\n|move|p1a: Talonflame|Flare Blitz|p2a: Iron Bundle\n|-crit|p2a: Iron Bundle\n|-damage|p2a: Iron Bundle|20\/100\n|-damage|p1a: Talonflame|55\/100|[from] Recoil\n|move|p2a: Iron Bundle|Hydro Pump|p1a: Talonflame\n|-supereffective|p1a: Talonflame\n|-damage|p1a: Talonflame|0 fnt\n|faint|p1a: Talonflame\n|move|p2b: Arcanine|Flare Blitz|p1b: Baxcalibur\n|-activate|p1b: Baxcalibur|move: Protect\n|\n|-damage|p1b: Baxcalibur|77\/100 brn|[from] brn\n|upkeep\n|\n|t:|1683290546\n|switch|p1a: Sandy Shocks|Sandy Shocks, L50, shiny|100\/100\n|turn|8\n|\n|t:|1683290557\n|-terastallize|p2b: Arcanine|Grass\n|move|p1b: Baxcalibur|Protect|p1b: Baxcalibur\n|-singleturn|p1b: Baxcalibur|Protect\n|move|p2a: Iron Bundle|Protect|p2a: Iron Bundle\n|-singleturn|p2a: Iron Bundle|Protect\n|move|p1a: Sandy Shocks|Thunderbolt|p2a: Iron Bundle\n|-activate|p2a: Iron Bundle|move: Protect\n|move|p2b: Arcanine|Flare Blitz|p1b: Baxcalibur\n|-activate|p1b: Baxcalibur|move: Protect\n|\n|-damage|p1b: Baxcalibur|72\/100 brn|[from] brn\n|-end|p1b: Baxcalibur|Encore\n|upkeep\n|turn|9\n|\n|t:|1683290575\n|-end|p2a: Iron Bundle|Quark Drive|[silent]\n|switch|p2a: Ting-Lu|Ting-Lu, L50|100\/100\n|-ability|p2a: Ting-Lu|Vessel of Ruin\n|move|p2b: Arcanine|Protect|p2b: Arcanine\n|-singleturn|p2b: Arcanine|Protect\n|move|p1a: Sandy Shocks|Thunderbolt|p2a: Ting-Lu\n|-immune|p2a: Ting-Lu\n|move|p1b: Baxcalibur|Icicle Spear|p2b: Arcanine\n|-activate|p2b: Arcanine|move: Protect\n|\n|-damage|p1b: Baxcalibur|66\/100 brn|[from] brn\n|-sideend|p1: Mrpotatosheep|move: Tailwind\n|upkeep\n|turn|10\n|\n|t:|1683290602\n|move|p2b: Arcanine|Flare Blitz|p1b: Baxcalibur\n|-supereffective|p1b: Baxcalibur\n|-damage|p1b: Baxcalibur|0 fnt\n|faint|p1b: Baxcalibur\n|-damage|p2b: Arcanine|46\/100|[from] Recoil\n|move|p1a: Sandy Shocks|Earth Power|p2b: Arcanine\n|-resisted|p2b: Arcanine\n|-damage|p2b: Arcanine|25\/100\n|-enditem|p2b: Arcanine|Iapapa Berry|[eat]\n|-heal|p2b: Arcanine|58\/100|[from] item: Iapapa Berry\n|move|p2a: Ting-Lu|Heavy Slam|p1a: Sandy Shocks\n|-resisted|p1a: Sandy Shocks\n|-damage|p1a: Sandy Shocks|82\/100\n|\n|upkeep\n|turn|11\n|-message|Mrpotatosheep forfeited.\n|\n|win|SeydouVGC\n|raw|Mrpotatosheep's rating: 1101 → 1078<\/strong> (-23 for losing)\n|raw|SeydouVGC's rating: 1134 → 1157<\/strong> (+23 for winning)\n|l|\u203dMrpotatosheep\n","uploadtime":1683290619,"views":10,"p1id":"mrpotatosheep","p2id":"seydouvgc","formatid":"gen9vgc2023regulationc","rating":1078,"private":0,"password":""}