{"id":"gen9vgc2023regulationc-1857831174","p1":"CoDameron","p2":"Haxxson","format":"[Gen 9] VGC 2023 Regulation C","log":"|j|\u2606CoDameron\n|j|\u2606Haxxson\n|t:|1683236431\n|gametype|doubles\n|player|p1|CoDameron|2|\n|player|p2|Haxxson|marshal|\n|teamsize|p1|6\n|teamsize|p2|6\n|gen|9\n|tier|[Gen 9] VGC 2023 Regulation C\n|rule|Species Clause: Limit one of each Pok\u00e9mon\n|rule|Item Clause: Limit one of each item\n|clearpoke\n|poke|p1|Iron Moth, L50|\n|poke|p1|Gothorita, L50, M|\n|poke|p1|Greedent, L50, F|\n|poke|p1|Bellibolt, L50, M|\n|poke|p1|Scizor, L50, M|\n|poke|p1|Salamence, L50, F|\n|poke|p2|Jumpluff, L50, F|\n|poke|p2|Sliggoo, L50, M|\n|poke|p2|Volcarona, L50, M|\n|poke|p2|Cryogonal, L50|\n|poke|p2|Annihilape, L50, F|\n|poke|p2|Krookodile, L50, F|\n|teampreview|4\n|inactive|Battle timer is ON: inactive players will automatically lose when time's up. (requested by Haxxson)\n|inactiveoff|Battle timer is now OFF.\nHaxxson rejected open team sheets.\n|c|\u2606CoDameron|g2\n|c|\u2606CoDameron|g2 ready?\n|\n|t:|1683237425\n|start\n|switch|p1a: The Truth|Gothorita, L50, M|100\/100\n|switch|p1b: Giancarlo|Greedent, L50, F|100\/100\n|switch|p2a: Chief Chirpa|Volcarona, L50, M, shiny|100\/100\n|switch|p2b: General Organa|Cryogonal, L50, shiny|100\/100\n|turn|1\n|\n|t:|1683237560\n|move|p1a: The Truth|Fake Out|p2b: General Organa\n|-damage|p2b: General Organa|91\/100\n|cant|p2b: General Organa|flinch\n|move|p2a: Chief Chirpa|Quiver Dance|p2a: Chief Chirpa\n|-boost|p2a: Chief Chirpa|spa|1\n|-boost|p2a: Chief Chirpa|spd|1\n|-boost|p2a: Chief Chirpa|spe|1\n|move|p1b: Giancarlo|Body Press|p2b: General Organa\n|-supereffective|p2b: General Organa\n|-damage|p2b: General Organa|0 fnt\n|faint|p2b: General Organa\n|\n|upkeep\n|\n|t:|1683237573\n|switch|p2b: Queen Amidala|Jumpluff, L50, F, shiny|100\/100\n|turn|2\n|\n|t:|1683237679\n|move|p2a: Chief Chirpa|Fiery Dance|p1a: The Truth\n|-damage|p1a: The Truth|55\/100\n|move|p2b: Queen Amidala|Sleep Powder|p1b: Giancarlo\n|-status|p1b: Giancarlo|slp|[from] move: Sleep Powder\n|cant|p1b: Giancarlo|slp\n|move|p1a: The Truth|Trick Room|p1a: The Truth\n|-fieldstart|move: Trick Room|[of] p1a: The Truth\n|\n|upkeep\n|turn|3\n|\n|t:|1683237766\n|switch|p1a: Battery Acid|Iron Moth, L50|100\/100\n|cant|p1b: Giancarlo|slp\n|move|p2b: Queen Amidala|Pollen Puff|p1a: Battery Acid\n|-resisted|p1a: Battery Acid\n|-damage|p1a: Battery Acid|97\/100\n|move|p2a: Chief Chirpa|Fiery Dance|p1a: Battery Acid\n|-resisted|p1a: Battery Acid\n|-damage|p1a: Battery Acid|64\/100\n|-boost|p2a: Chief Chirpa|spa|1\n|\n|upkeep\n|turn|4\n|\n|t:|1683237835\n|switch|p2b: Prince Xizor|Krookodile, L50, F, shiny|100\/100\n|cant|p1b: Giancarlo|slp\n|move|p1a: Battery Acid|Hurricane|p2b: Prince Xizor\n|-damage|p2b: Prince Xizor|65\/100\n|move|p2a: Chief Chirpa|Fiery Dance|p1b: Giancarlo\n|-damage|p1b: Giancarlo|14\/100 slp\n|-enditem|p1b: Giancarlo|Liechi Berry|[eat]\n|-boost|p1b: Giancarlo|atk|1|[from] item: Liechi Berry\n|-heal|p1b: Giancarlo|47\/100 slp|[from] ability: Cheek Pouch\n|\n|upkeep\n|turn|5\n|\n|t:|1683237985\n|-curestatus|p1b: Giancarlo|slp|[msg]\n|move|p1b: Giancarlo|Body Press|p2b: Prince Xizor\n|-supereffective|p2b: Prince Xizor\n|-damage|p2b: Prince Xizor|13\/100\n|move|p2b: Prince Xizor|Earthquake|p1a: Battery Acid|[spread] p2a,p1a,p1b\n|-supereffective|p1a: Battery Acid\n|-damage|p2a: Chief Chirpa|43\/100\n|-damage|p1a: Battery Acid|0 fnt\n|-damage|p1b: Giancarlo|24\/100\n|faint|p1a: Battery Acid\n|-end|p1a: Battery Acid|Quark Drive|[silent]\n|move|p2a: Chief Chirpa|Fiery Dance|p1b: Giancarlo\n|-damage|p1b: Giancarlo|0 fnt\n|faint|p1b: Giancarlo\n|\n|upkeep\n|\n|t:|1683237997\n|switch|p1b: The Truth|Gothorita, L50, M|55\/100\n|switch|p1a: Pow Pow|Scizor, L50, M|100\/100\n|turn|6\n|\n|t:|1683238084\n|move|p2a: Chief Chirpa|Protect|p2a: Chief Chirpa\n|-singleturn|p2a: Chief Chirpa|Protect\n|move|p1b: The Truth|Fake Out|p2a: Chief Chirpa\n|-activate|p2a: Chief Chirpa|move: Protect\n|move|p1a: Pow Pow|Bullet Punch|p2b: Prince Xizor\n|-damage|p2b: Prince Xizor|0 fnt\n|faint|p2b: Prince Xizor\n|\n|-fieldend|move: Trick Room\n|upkeep\n|\n|t:|1683238093\n|switch|p2b: Queen Amidala|Jumpluff, L50, F, shiny|100\/100\n|turn|7\n|\n|t:|1683238120\n|-terastallize|p1a: Pow Pow|Flying\n|move|p2b: Queen Amidala|Rage Powder|p2b: Queen Amidala\n|-singleturn|p2b: Queen Amidala|move: Rage Powder\n|move|p2a: Chief Chirpa|Fiery Dance|p1a: Pow Pow\n|-damage|p1a: Pow Pow|0 fnt\n|faint|p1a: Pow Pow\n|move|p1b: The Truth|Trick Room|p1b: The Truth\n|-fieldstart|move: Trick Room|[of] p1b: The Truth\n|\n|upkeep\n|turn|8\n|c|\u2606CoDameron|gg\n|c|\u2606CoDameron|come and get me\n|\n|t:|1683238137\n|move|p1b: The Truth|Reflect|p1b: The Truth\n|-sidestart|p1: CoDameron|Reflect\n|move|p2b: Queen Amidala|Pollen Puff|p1b: The Truth\n|-supereffective|p1b: The Truth\n|-damage|p1b: The Truth|35\/100\n|move|p2a: Chief Chirpa|Fiery Dance|p1b: The Truth\n|-crit|p1b: The Truth\n|-damage|p1b: The Truth|0 fnt\n|faint|p1b: The Truth\n|\n|win|Haxxson\n|c|\u2606Haxxson|GG\n|c|\u2606CoDameron|gg2\n","uploadtime":1683239629,"views":37,"p1id":"codameron","p2id":"haxxson","formatid":"gen9vgc2023regulationc","rating":0,"private":0,"password":""}