{"id":"gen9vgc2023regulationc-1847132109","p1":"PokeDog","p2":"WillieDangerously","format":"[Gen 9] VGC 2023 Regulation C","log":"|j|\u2606PokeDog\n|j|\u2606WillieDangerously\n|t:|1681921713\n|gametype|doubles\n|player|p1|PokeDog|ethan|1187\n|player|p2|WillieDangerously|psychic-gen4|1146\n|teamsize|p1|6\n|teamsize|p2|6\n|gen|9\n|tier|[Gen 9] VGC 2023 Regulation C\n|rated|\n|rule|Species Clause: Limit one of each Pok\u00e9mon\n|rule|Item Clause: Limit one of each item\n|clearpoke\n|poke|p1|Ting-Lu, L50|\n|poke|p1|Dragapult, L50, F|\n|poke|p1|Iron Bundle, L50|\n|poke|p1|Talonflame, L50, F|\n|poke|p1|Glimmora, L50, F|\n|poke|p1|Scizor, L50, F|\n|poke|p2|Corviknight, L50, M|\n|poke|p2|Tyranitar, L50, F|\n|poke|p2|Houndstone, L50, F|\n|poke|p2|Amoonguss, L50, F|\n|poke|p2|Iron Bundle, L50|\n|poke|p2|Arcanine, L50, F|\n|teampreview|4\n|inactive|Battle timer is ON: inactive players will automatically lose when time's up. (requested by PokeDog)\n|inactive|WillieDangerously has 60 seconds left.\n|\n|t:|1681921750\n|start\n|switch|p1a: Talonflame|Talonflame, L50, F|100\/100\n|switch|p1b: Scizor|Scizor, L50, F, shiny|100\/100\n|switch|p2a: Corviknight|Corviknight, L50, M|100\/100\n|switch|p2b: Iron Bundle|Iron Bundle, L50|100\/100\n|-enditem|p2b: Iron Bundle|Booster Energy\n|-activate|p2b: Iron Bundle|ability: Quark Drive|[fromitem]\n|-start|p2b: Iron Bundle|quarkdrivespe\n|turn|1\n|inactive|WillieDangerously has 30 seconds left.\n|\n|t:|1681921780\n|move|p1a: Talonflame|Tailwind|p1a: Talonflame\n|-sidestart|p1: PokeDog|move: Tailwind\n|move|p2b: Iron Bundle|Icy Wind|p1b: Scizor|[spread] p1a,p1b\n|-resisted|p1b: Scizor\n|-damage|p1a: Talonflame|71\/100\n|-damage|p1b: Scizor|88\/100\n|move|p1b: Scizor|Close Combat|p2b: Iron Bundle\n|-supereffective|p2b: Iron Bundle\n|-damage|p2b: Iron Bundle|2\/100\n|-unboost|p1b: Scizor|def|1\n|-unboost|p1b: Scizor|spd|1\n|move|p2a: Corviknight|Tailwind|p2a: Corviknight\n|-sidestart|p2: WillieDangerously|move: Tailwind\n|\n|upkeep\n|turn|2\n|inactive|WillieDangerously has 30 seconds left.\n|inactive|WillieDangerously has 20 seconds left.\n|\n|t:|1681921817\n|move|p2b: Iron Bundle|Protect|p2b: Iron Bundle\n|-singleturn|p2b: Iron Bundle|Protect\n|move|p1b: Scizor|Bullet Punch|p2b: Iron Bundle\n|-activate|p2b: Iron Bundle|move: Protect\n|move|p1a: Talonflame|Flare Blitz|p2a: Corviknight\n|-supereffective|p2a: Corviknight\n|-damage|p2a: Corviknight|17\/100\n|-damage|p1a: Talonflame|37\/100|[from] Recoil\n|move|p2a: Corviknight|Brave Bird|p1b: Scizor\n|-damage|p1b: Scizor|0 fnt\n|faint|p1b: Scizor\n|-damage|p2a: Corviknight|0 fnt|[from] Recoil\n|faint|p2a: Corviknight\n|\n|upkeep\n|\n|t:|1681921837\n|switch|p1b: Glimmora|Glimmora, L50, F|100\/100\n|switch|p2a: Arcanine|Arcanine, L50, F|100\/100\n|-ability|p2a: Arcanine|Intimidate|boost\n|-unboost|p1a: Talonflame|atk|1\n|-unboost|p1b: Glimmora|atk|1\n|turn|3\n|inactive|WillieDangerously has 30 seconds left.\n|\n|t:|1681921868\n|switch|p1a: Bullwinkle|Ting-Lu, L50|100\/100\n|-ability|p1a: Bullwinkle|Vessel of Ruin\n|move|p2b: Iron Bundle|Freeze-Dry|p1a: Bullwinkle\n|-supereffective|p1a: Bullwinkle\n|-damage|p1a: Bullwinkle|79\/100\n|move|p2a: Arcanine|Snarl|p1b: Glimmora|[spread] p1a\n|-miss|p2a: Arcanine|p1b: Glimmora\n|-resisted|p1a: Bullwinkle\n|-damage|p1a: Bullwinkle|77\/100\n|-unboost|p1a: Bullwinkle|spa|1\n|-enditem|p2a: Arcanine|Throat Spray\n|-boost|p2a: Arcanine|spa|1|[from] item: Throat Spray\n|move|p1b: Glimmora|Sludge Wave|p2a: Arcanine|[spread] p1a,p2a,p2b\n|-resisted|p1a: Bullwinkle\n|-damage|p1a: Bullwinkle|71\/100\n|-damage|p2a: Arcanine|65\/100\n|-damage|p2b: Iron Bundle|0 fnt\n|faint|p2b: Iron Bundle\n|-end|p2b: Iron Bundle|Quark Drive|[silent]\n|\n|upkeep\n|\n|t:|1681921886\n|switch|p2b: Tyranitar|Tyranitar, L50, F|100\/100\n|-weather|Sandstorm|[from] ability: Sand Stream|[of] p2b: Tyranitar\n|turn|4\n|\n|t:|1681921909\n|-terastallize|p2b: Tyranitar|Flying\n|-terastallize|p1a: Bullwinkle|Poison\n|move|p2a: Arcanine|Howl|p2a: Arcanine|[spread] p2a,p2b\n|-boost|p2a: Arcanine|atk|1\n|-boost|p2b: Tyranitar|atk|1\n|move|p1b: Glimmora|Power Gem|p2a: Arcanine\n|-supereffective|p2a: Arcanine\n|-damage|p2a: Arcanine|0 fnt\n|faint|p2a: Arcanine\n|move|p2b: Tyranitar|Crunch|p1b: Glimmora\n|-damage|p1b: Glimmora|15\/100\n|-activate|p1b: Glimmora|ability: Toxic Debris\n|-sidestart|p2: WillieDangerously|move: Toxic Spikes\n|move|p1a: Bullwinkle|Rock Slide|p2b: Tyranitar\n|-supereffective|p2b: Tyranitar\n|-damage|p2b: Tyranitar|65\/100\n|\n|-weather|Sandstorm|[upkeep]\n|-damage|p2b: Tyranitar|58\/100|[from] Sandstorm\n|-damage|p1a: Bullwinkle|65\/100|[from] Sandstorm\n|-sideend|p2: WillieDangerously|move: Tailwind\n|-sideend|p1: PokeDog|move: Tailwind\n|upkeep\n|turn|5\n|\n|t:|1681921931\n|move|p1b: Glimmora|Power Gem|p2b: Tyranitar\n|-supereffective|p2b: Tyranitar\n|-damage|p2b: Tyranitar|0 fnt\n|faint|p2b: Tyranitar\n|\n|win|PokeDog\n|raw|PokeDog's rating: 1187 → 1209<\/strong> (+22 for winning)\n|raw|WillieDangerously's rating: 1146 → 1124<\/strong> (-22 for losing)\n","uploadtime":1681921937,"views":8,"p1id":"pokedog","p2id":"williedangerously","formatid":"gen9vgc2023regulationc","rating":1124,"private":0,"password":""}