{"id":"gen9vgc2023regulationc-1862906102","p1":"DarkPine60","p2":"foiledfeline","format":"[Gen 9] VGC 2023 Regulation C","log":"|j|\u2606DarkPine60\n|j|\u2606foiledfeline\n|t:|1683936574\n|gametype|doubles\n|player|p1|DarkPine60|drayden|1414\n|player|p2|foiledfeline|steven|1377\n|teamsize|p1|6\n|teamsize|p2|6\n|gen|9\n|tier|[Gen 9] VGC 2023 Regulation C\n|rated|\n|rule|Species Clause: Limit one of each Pok\u00e9mon\n|rule|Item Clause: Limit one of each item\n|clearpoke\n|poke|p1|Chien-Pao, L50|\n|poke|p1|Gyarados, L50, M|\n|poke|p1|Kingambit, L50, F|\n|poke|p1|Volcarona, L50, F|\n|poke|p1|Gothitelle, L50, M|\n|poke|p1|Iron Hands, L50|\n|poke|p2|Chi-Yu, L50|\n|poke|p2|Talonflame, L50, F|\n|poke|p2|Breloom, L50, M|\n|poke|p2|Gyarados, L50, M|\n|poke|p2|Garchomp, L50, M|\n|poke|p2|Flutter Mane, L50|\n|teampreview|4\n|inactive|Battle timer is ON: inactive players will automatically lose when time's up. (requested by DarkPine60)\nfoiledfeline has agreed to open team sheets.\nDarkPine60 has agreed to open team sheets.\n|inactive|DarkPine60 has 60 seconds left.\n|inactive|foiledfeline has 60 seconds left.\n|inactive|DarkPine60 has 30 seconds left.\n|inactive|foiledfeline has 30 seconds left.\n|inactive|foiledfeline has 20 seconds left.\n|inactive|foiledfeline has 15 seconds left.\n|\n|t:|1683936650\n|start\n|switch|p1a: Gothitelle|Gothitelle, L50, M|100\/100\n|switch|p1b: Iron Hands|Iron Hands, L50, shiny|100\/100\n|switch|p2a: Talonflame|Talonflame, L50, F|100\/100\n|switch|p2b: Flutter Mane|Flutter Mane, L50|100\/100\n|-enditem|p2b: Flutter Mane|Booster Energy\n|-activate|p2b: Flutter Mane|ability: Protosynthesis|[fromitem]\n|-start|p2b: Flutter Mane|protosynthesisspa\n|turn|1\n|inactive|foiledfeline has 30 seconds left.\n|\n|t:|1683936682\n|-terastallize|p2a: Talonflame|Ghost\n|move|p1b: Iron Hands|Fake Out|p2a: Talonflame\n|-immune|p2a: Talonflame\n|move|p2a: Talonflame|Flare Blitz|p1a: Gothitelle\n|-damage|p1a: Gothitelle|45\/100\n|-enditem|p1a: Gothitelle|Sitrus Berry|[eat]\n|-heal|p1a: Gothitelle|70\/100|[from] item: Sitrus Berry\n|-damage|p2a: Talonflame|80\/100|[from] Recoil\n|-damage|p2a: Talonflame|70\/100|[from] item: Life Orb\n|move|p2b: Flutter Mane|Moonblast|p1a: Gothitelle\n|-damage|p1a: Gothitelle|27\/100\n|move|p1a: Gothitelle|Trick Room|p1a: Gothitelle\n|-fieldstart|move: Trick Room|[of] p1a: Gothitelle\n|\n|upkeep\n|turn|2\n|inactive|DarkPine60 has 30 seconds left.\n|\n|t:|1683936710\n|switch|p1a: Kingambit|Kingambit, L50, F|100\/100\n|move|p2b: Flutter Mane|Protect|p2b: Flutter Mane\n|-singleturn|p2b: Flutter Mane|Protect\n|move|p1b: Iron Hands|Wild Charge|p2a: Talonflame\n|-damage|p2a: Talonflame|0 fnt\n|faint|p2a: Talonflame\n|-damage|p1b: Iron Hands|89\/100|[from] Recoil\n|\n|upkeep\n|\n|t:|1683936731\n|switch|p2a: Chi-Yu|Chi-Yu, L50|100\/100\n|-ability|p2a: Chi-Yu|Beads of Ruin\n|turn|3\n|\n|t:|1683936744\n|-end|p2b: Flutter Mane|Protosynthesis|[silent]\n|switch|p2b: Garchomp|Garchomp, L50, M|100\/100\n|move|p2a: Chi-Yu|Protect|p2a: Chi-Yu\n|-singleturn|p2a: Chi-Yu|Protect\n|move|p1a: Kingambit|Iron Head|p2b: Garchomp\n|-damage|p2b: Garchomp|61\/100\n|-damage|p1a: Kingambit|88\/100|[from] ability: Rough Skin|[of] p2b: Garchomp\n|move|p1b: Iron Hands|Drain Punch|p2a: Chi-Yu\n|-activate|p2a: Chi-Yu|move: Protect\n|\n|upkeep\n|turn|4\n|inactive|DarkPine60 has 30 seconds left.\n|\n|t:|1683936777\n|switch|p2a: Flutter Mane|Flutter Mane, L50|100\/100\n|move|p2b: Garchomp|Protect|p2b: Garchomp\n|-singleturn|p2b: Garchomp|Protect\n|move|p1a: Kingambit|Iron Head|p2a: Flutter Mane\n|-supereffective|p2a: Flutter Mane\n|-damage|p2a: Flutter Mane|0 fnt\n|faint|p2a: Flutter Mane\n|-end|p2a: Flutter Mane|Protosynthesis|[silent]\n|move|p1b: Iron Hands|Drain Punch|p2b: Garchomp\n|-activate|p2b: Garchomp|move: Protect\n|\n|upkeep\n|\n|t:|1683936788\n|switch|p2a: Chi-Yu|Chi-Yu, L50|100\/100\n|-ability|p2a: Chi-Yu|Beads of Ruin\n|turn|5\n|\n|t:|1683936798\n|move|p2a: Chi-Yu|Protect|p2a: Chi-Yu\n|-singleturn|p2a: Chi-Yu|Protect\n|move|p1a: Kingambit|Iron Head|p2b: Garchomp\n|-damage|p2b: Garchomp|22\/100\n|-damage|p1a: Kingambit|76\/100|[from] ability: Rough Skin|[of] p2b: Garchomp\n|move|p1b: Iron Hands|Drain Punch|p2b: Garchomp\n|-damage|p2b: Garchomp|0 fnt\n|-heal|p1b: Iron Hands|98\/100|[from] drain|[of] p2b: Garchomp\n|-damage|p1b: Iron Hands|85\/100|[from] ability: Rough Skin|[of] p2b: Garchomp\n|faint|p2b: Garchomp\n|\n|-fieldend|move: Trick Room\n|upkeep\n|turn|6\n|\n|t:|1683936822\n|-terastallize|p1a: Kingambit|Water\n|move|p2a: Chi-Yu|Heat Wave|p1b: Iron Hands|[spread] p1a,p1b\n|-resisted|p1a: Kingambit\n|-damage|p1a: Kingambit|55\/100\n|-damage|p1b: Iron Hands|57\/100\n|move|p1b: Iron Hands|Drain Punch|p2a: Chi-Yu\n|-supereffective|p2a: Chi-Yu\n|-damage|p2a: Chi-Yu|0 fnt\n|-heal|p1b: Iron Hands|87\/100|[from] drain|[of] p2a: Chi-Yu\n|faint|p2a: Chi-Yu\n|\n|win|DarkPine60\n|raw|DarkPine60's rating: 1414 → 1432<\/strong> (+18 for winning)\n|raw|foiledfeline's rating: 1377 → 1359<\/strong> (-18 for losing)\n|l|\u2606DarkPine60\n","uploadtime":1683936840,"views":11,"p1id":"darkpine60","p2id":"foiledfeline","formatid":"gen9vgc2023regulationc","rating":1359,"private":0,"password":""}