{"id":"gen9vgc2023regulationc-1856491668","p1":"BranBoi","p2":"HocusPocusAlakazam","format":"[Gen 9] VGC 2023 Regulation C","log":"|j|\u2606BranBoi\n|j|\u2606HocusPocusAlakazam\n|t:|1683067527\n|gametype|doubles\n|player|p1|BranBoi|170|1149\n|player|p2|HocusPocusAlakazam|colress|1112\n|teamsize|p1|6\n|teamsize|p2|6\n|gen|9\n|tier|[Gen 9] VGC 2023 Regulation C\n|rated|\n|rule|Species Clause: Limit one of each Pok\u00e9mon\n|rule|Item Clause: Limit one of each item\n|clearpoke\n|poke|p1|Maushold-Four, L50|\n|poke|p1|Annihilape, L50, M|\n|poke|p1|Arcanine, L50, F|\n|poke|p1|Ting-Lu, L50|\n|poke|p1|Flutter Mane, L50|\n|poke|p1|Iron Bundle, L50|\n|poke|p2|Arcanine, L50, F|\n|poke|p2|Amoonguss, L50, M|\n|poke|p2|Flutter Mane, L50|\n|poke|p2|Palafin, L50, M|\n|poke|p2|Baxcalibur, L50, M|\n|poke|p2|Ting-Lu, L50|\n|teampreview|4\nHocusPocusAlakazam has agreed to open team sheets.\n|inactive|Battle timer is ON: inactive players will automatically lose when time's up. (requested by HocusPocusAlakazam)\n|inactive|HocusPocusAlakazam has 60 seconds left.\n|\n|t:|1683067592\n|start\n|switch|p1a: Annihilape|Annihilape, L50, M|100\/100\n|switch|p1b: Maushold|Maushold-Four, L50|100\/100\n|switch|p2a: Palafin|Palafin, L50, M|100\/100\n|switch|p2b: Ting-Lu|Ting-Lu, L50|100\/100\n|-ability|p2b: Ting-Lu|Vessel of Ruin\n|turn|1\n|\n|t:|1683067608\n|detailschange|p2a: Palafin|Palafin-Hero, L50, M\n|switch|p2a: Amoonguss|Amoonguss, L50, M|100\/100\n|move|p1b: Maushold|Super Fang|p2b: Ting-Lu\n|-damage|p2b: Ting-Lu|51\/100\n|move|p1a: Annihilape|Bulk Up|p1a: Annihilape\n|-boost|p1a: Annihilape|atk|1\n|-boost|p1a: Annihilape|def|1\n|move|p2b: Ting-Lu|Payback|p1b: Maushold\n|-damage|p1b: Maushold|42\/100\n|\n|upkeep\n|turn|2\n|\n|t:|1683067627\n|-terastallize|p2b: Ting-Lu|Poison\n|move|p1b: Maushold|Beat Up|p1a: Annihilape\n|-damage|p1a: Annihilape|99\/100\n|-damage|p1a: Annihilape|97\/100\n|-damage|p1a: Annihilape|95\/100\n|-damage|p1a: Annihilape|94\/100\n|-hitcount|p1a: Annihilape|4\n|move|p1a: Annihilape|Rage Fist|p2a: Amoonguss\n|-damage|p2a: Amoonguss|0 fnt\n|faint|p2a: Amoonguss\n|move|p2b: Ting-Lu|Payback|p1b: Maushold\n|-damage|p1b: Maushold|0 fnt\n|faint|p1b: Maushold\n|\n|-heal|p1a: Annihilape|99\/100|[from] item: Leftovers\n|upkeep\n|\n|t:|1683067642\n|switch|p1b: Ting-Lu|Ting-Lu, L50|100\/100\n|switch|p2a: Flutter Mane|Flutter Mane, L50, shiny|100\/100\n|-ability|p1b: Ting-Lu|Vessel of Ruin\n|turn|3\n|inactive|HocusPocusAlakazam has 30 seconds left.\n|inactive|HocusPocusAlakazam has 20 seconds left.\n|\n|t:|1683067680\n|-terastallize|p1a: Annihilape|Steel\n|move|p2a: Flutter Mane|Shadow Ball|p1a: Annihilape\n|-damage|p1a: Annihilape|53\/100\n|move|p1a: Annihilape|Rage Fist|p2a: Flutter Mane\n|-supereffective|p2a: Flutter Mane\n|-damage|p2a: Flutter Mane|0 fnt\n|faint|p2a: Flutter Mane\n|-end|p2a: Flutter Mane|Protosynthesis|[silent]\n|move|p2b: Ting-Lu|Payback|p1a: Annihilape\n|-damage|p1a: Annihilape|20\/100\n|move|p1b: Ting-Lu|Stomping Tantrum|p2b: Ting-Lu\n|-supereffective|p2b: Ting-Lu\n|-damage|p2b: Ting-Lu|8\/100\n|\n|-heal|p1a: Annihilape|26\/100|[from] item: Leftovers\n|upkeep\n|\n|t:|1683067682\n|switch|p2a: Palafin|Palafin-Hero, L50, M|100\/100\n|-activate|p2a: Palafin|ability: Zero to Hero\n|turn|4\n|inactive|HocusPocusAlakazam has 30 seconds left.\n|\n|t:|1683067712\n|move|p1a: Annihilape|Protect|p1a: Annihilape\n|-singleturn|p1a: Annihilape|Protect\n|move|p2a: Palafin|Substitute|p2a: Palafin\n|-start|p2a: Palafin|Substitute\n|-damage|p2a: Palafin|76\/100\n|move|p2b: Ting-Lu|Payback|p1a: Annihilape\n|-activate|p1a: Annihilape|move: Protect\n|move|p1b: Ting-Lu|Rock Slide|p2a: Palafin|[spread] p2a,p2b\n|-activate|p2a: Palafin|move: Substitute|[damage]\n|-damage|p2b: Ting-Lu|0 fnt\n|faint|p2b: Ting-Lu\n|\n|-heal|p1a: Annihilape|32\/100|[from] item: Leftovers\n|upkeep\n|turn|5\n|\n|t:|1683067729\n|switch|p1a: Arcanine|Arcanine, L50, F|100\/100\n|-ability|p1a: Arcanine|Intimidate|boost\n|-immune|p2a: Palafin\n|move|p2a: Palafin|Wave Crash|p1a: Arcanine\n|-supereffective|p1a: Arcanine\n|-damage|p1a: Arcanine|0 fnt\n|faint|p1a: Arcanine\n|-damage|p2a: Palafin|45\/100|[from] Recoil\n|move|p1b: Ting-Lu|Throat Chop|p2a: Palafin\n|-end|p2a: Palafin|Substitute\n|\n|upkeep\n|\n|t:|1683067740\n|switch|p1a: Annihilape|Annihilape, L50, M, tera:Steel|32\/100\n|turn|6\n|\n|t:|1683067744\n|move|p1a: Annihilape|Protect|p1a: Annihilape\n|-singleturn|p1a: Annihilape|Protect\n|move|p2a: Palafin|Wave Crash|p1b: Ting-Lu\n|-supereffective|p1b: Ting-Lu\n|-damage|p1b: Ting-Lu|0 fnt\n|faint|p1b: Ting-Lu\n|-damage|p2a: Palafin|7\/100|[from] Recoil\n|\n|-heal|p1a: Annihilape|38\/100|[from] item: Leftovers\n|upkeep\n|turn|7\n|\n|t:|1683067754\n|move|p1a: Annihilape|Drain Punch|p2a: Palafin\n|-damage|p2a: Palafin|0 fnt\n|-heal|p1a: Annihilape|41\/100|[from] drain|[of] p2a: Palafin\n|faint|p2a: Palafin\n|\n|win|BranBoi\n|raw|BranBoi's rating: 1149 → 1171<\/strong> (+22 for winning)\n|raw|HocusPocusAlakazam's rating: 1112 → 1090<\/strong> (-22 for losing)\n|l|\u2606BranBoi\n","uploadtime":1683067760,"views":7,"p1id":"branboi","p2id":"hocuspocusalakazam","formatid":"gen9vgc2023regulationc","rating":1090,"private":0,"password":""}