{"id":"gen9vgc2023regulationc-1857955717","p1":"CH4NGE","p2":"rguest","format":"[Gen 9] VGC 2023 Regulation C","log":"|j|\u2606CH4NGE\n|j|\u2606rguest\n|t:|1683251992\n|gametype|doubles\n|player|p1|CH4NGE|lady|1300\n|player|p2|rguest|102|1219\n|teamsize|p1|6\n|teamsize|p2|6\n|gen|9\n|tier|[Gen 9] VGC 2023 Regulation C\n|rated|\n|rule|Species Clause: Limit one of each Pok\u00e9mon\n|rule|Item Clause: Limit one of each item\n|clearpoke\n|poke|p1|Flutter Mane, L50|\n|poke|p1|Arcanine, L50, F|\n|poke|p1|Palafin, L50, M|\n|poke|p1|Amoonguss, L50, M|\n|poke|p1|Dragonite, L50, F|\n|poke|p1|Ting-Lu, L50|\n|poke|p2|Chi-Yu, L50|\n|poke|p2|Flutter Mane, L50|\n|poke|p2|Murkrow, L50, F|\n|poke|p2|Tsareena, L50, F|\n|poke|p2|Gyarados, L50, M|\n|poke|p2|Iron Bundle, L50|\n|teampreview|4\n|inactive|Battle timer is ON: inactive players will automatically lose when time's up. (requested by rguest)\nCH4NGE has agreed to open team sheets.\n|\n|t:|1683252006\n|start\n|switch|p1a: Ting-Lu|Ting-Lu, L50|100\/100\n|switch|p1b: Dragonite|Dragonite, L50, F|100\/100\n|switch|p2a: Flutter Mane|Flutter Mane, L50|100\/100\n|switch|p2b: Chi-Yu|Chi-Yu, L50|100\/100\n|-ability|p2b: Chi-Yu|Beads of Ruin\n|-ability|p1a: Ting-Lu|Vessel of Ruin\n|turn|1\n|inactive|CH4NGE has 30 seconds left.\n|inactive|CH4NGE has 20 seconds left.\n|inactive|CH4NGE has 15 seconds left.\n|\n|t:|1683252049\n|-terastallize|p2a: Flutter Mane|Fairy\n|-terastallize|p1b: Dragonite|Normal\n|move|p1b: Dragonite|Extreme Speed|p2b: Chi-Yu\n|-damage|p2b: Chi-Yu|20\/100\n|move|p2a: Flutter Mane|Dazzling Gleam|p1a: Ting-Lu|[spread] p1a,p1b\n|-supereffective|p1a: Ting-Lu\n|-damage|p1a: Ting-Lu|56\/100\n|-damage|p1b: Dragonite|81\/100\n|move|p2b: Chi-Yu|Heat Wave|p1b: Dragonite|[spread] p1a,p1b\n|-damage|p1a: Ting-Lu|27\/100\n|-damage|p1b: Dragonite|27\/100\n|move|p1a: Ting-Lu|Stomping Tantrum|p2b: Chi-Yu\n|-supereffective|p2b: Chi-Yu\n|-damage|p2b: Chi-Yu|0 fnt\n|faint|p2b: Chi-Yu\n|\n|upkeep\n|inactive|rguest has 30 seconds left.\n|inactive|rguest has 20 seconds left.\n|inactive|rguest has 15 seconds left.\n|inactive|rguest has 10 seconds left.\n|inactive|rguest has 5 seconds left.\n|\n|t:|1683252102\n|switch|p2b: Gyarados|Gyarados, L50, M|100\/100\n|-ability|p2b: Gyarados|Intimidate|boost\n|-unboost|p1a: Ting-Lu|atk|1\n|-unboost|p1b: Dragonite|atk|1\n|turn|2\n|inactive|CH4NGE has 30 seconds left.\n|inactive|CH4NGE has 20 seconds left.\n|inactive|CH4NGE has 15 seconds left.\n|inactive|CH4NGE has 10 seconds left.\n|inactive|CH4NGE has 5 seconds left.\n|\n|t:|1683252153\n|switch|p1b: Arcanine|Arcanine, L50, F|100\/100\n|-ability|p1b: Arcanine|Intimidate|boost\n|-unboost|p2a: Flutter Mane|atk|1\n|-fail|p2b: Gyarados|unboost|[from] item: Clear Amulet|[of] p2b: Gyarados\n|move|p2a: Flutter Mane|Dazzling Gleam|p1b: Arcanine|[spread] p1a,p1b\n|-supereffective|p1a: Ting-Lu\n|-resisted|p1b: Arcanine\n|-damage|p1a: Ting-Lu|0 fnt\n|-damage|p1b: Arcanine|87\/100\n|faint|p1a: Ting-Lu\n|move|p2b: Gyarados|Dragon Dance|p2b: Gyarados\n|-boost|p2b: Gyarados|atk|1\n|-boost|p2b: Gyarados|spe|1\n|\n|upkeep\n|\n|t:|1683252161\n|switch|p1a: Flutter Mane|Flutter Mane, L50|100\/100\n|turn|3\n|\n|t:|1683252168\n|move|p2a: Flutter Mane|Dazzling Gleam|p1b: Arcanine|[spread] p1a,p1b\n|-resisted|p1b: Arcanine\n|-damage|p1a: Flutter Mane|55\/100\n|-damage|p1b: Arcanine|70\/100\n|move|p1a: Flutter Mane|Thunderbolt|p2b: Gyarados\n|-supereffective|p2b: Gyarados\n|-damage|p2b: Gyarados|0 fnt\n|faint|p2b: Gyarados\n|move|p1b: Arcanine|Flare Blitz|p2a: Flutter Mane\n|-damage|p2a: Flutter Mane|1\/100\n|-damage|p1b: Arcanine|48\/100|[from] Recoil\n|\n|upkeep\n|\n|t:|1683252176\n|switch|p2b: Tsareena|Tsareena, L50, F|100\/100\n|turn|4\n|\n|t:|1683252198\n|move|p2a: Flutter Mane|Dazzling Gleam|p1a: Flutter Mane|[spread] p1a,p1b\n|-resisted|p1b: Arcanine\n|-damage|p1a: Flutter Mane|13\/100\n|-damage|p1b: Arcanine|30\/100\n|move|p1a: Flutter Mane|Thunderbolt|p2a: Flutter Mane\n|-damage|p2a: Flutter Mane|0 fnt\n|faint|p2a: Flutter Mane\n|-end|p2a: Flutter Mane|Protosynthesis|[silent]\n|move|p1b: Arcanine|Flare Blitz|p2b: Tsareena\n|-supereffective|p2b: Tsareena\n|-damage|p2b: Tsareena|16\/100\n|-damage|p1b: Arcanine|5\/100|[from] Recoil\n|move|p2b: Tsareena|Trop Kick|p1a: Flutter Mane\n|-damage|p1a: Flutter Mane|0 fnt\n|faint|p1a: Flutter Mane\n|-end|p1a: Flutter Mane|Protosynthesis|[silent]\n|\n|upkeep\n|\n|t:|1683252206\n|switch|p1a: Dragonite|Dragonite, L50, F, tera:Normal|27\/100\n|turn|5\n|\n|t:|1683252213\n|move|p2b: Tsareena|Protect|p2b: Tsareena\n|-singleturn|p2b: Tsareena|Protect\n|move|p1b: Arcanine|Flare Blitz|p2b: Tsareena\n|-activate|p2b: Tsareena|move: Protect\n|move|p1a: Dragonite|Aerial Ace|p2b: Tsareena\n|-activate|p2b: Tsareena|move: Protect\n|\n|upkeep\n|turn|6\n|-message|rguest forfeited.\n|\n|win|CH4NGE\n|raw|CH4NGE's rating: 1300 → 1319<\/strong> (+19 for winning)\n|raw|rguest's rating: 1219 → 1200<\/strong> (-19 for losing)\n|l|\u2606rguest\n","uploadtime":1683252227,"views":8,"p1id":"ch4nge","p2id":"rguest","formatid":"gen9vgc2023regulationc","rating":1200,"private":0,"password":""}