{"id":"gen9vgc2023regulationc-1853155753","p1":"wesleihas","p2":"uka_aokai","format":"[Gen 9] VGC 2023 Regulation C","log":"|j|\u2606wesleihas\n|j|\u2606uka_aokai\n|t:|1682641989\n|gametype|doubles\n|player|p1|wesleihas|1|1596\n|player|p2|uka_aokai|101|1674\n|teamsize|p1|6\n|teamsize|p2|6\n|gen|9\n|tier|[Gen 9] VGC 2023 Regulation C\n|rated|\n|rule|Species Clause: Limit one of each Pok\u00e9mon\n|rule|Item Clause: Limit one of each item\n|clearpoke\n|poke|p1|Murkrow, L50, M|\n|poke|p1|Flutter Mane, L50|\n|poke|p1|Amoonguss, L50, M|\n|poke|p1|Chi-Yu, L50|\n|poke|p1|Annihilape, L50, M|\n|poke|p1|Maushold-Four, L50|\n|poke|p2|Flutter Mane, L50|\n|poke|p2|Chi-Yu, L50|\n|poke|p2|Torkoal, L50, F|\n|poke|p2|Roaring Moon, L50|\n|poke|p2|Dondozo, L50, M|\n|poke|p2|Tatsugiri, L50, F|\n|teampreview|4\n|j| Winnethepooh\n|j| carlospvn\n|\n|t:|1682642016\n|start\n|switch|p1a: Murkrow|Murkrow, L50, M, shiny|100\/100\n|switch|p1b: Flutter Mane|Flutter Mane, L50|100\/100\n|switch|p2a: Roaring Moon|Roaring Moon, L50|100\/100\n|switch|p2b: Torkoal|Torkoal, L50, F|100\/100\n|-weather|SunnyDay|[from] ability: Drought|[of] p2b: Torkoal\n|-activate|p2a: Roaring Moon|ability: Protosynthesis\n|-start|p2a: Roaring Moon|protosynthesisspe\n|-activate|p1b: Flutter Mane|ability: Protosynthesis\n|-start|p1b: Flutter Mane|protosynthesisspa\n|turn|1\n|\n|t:|1682642039\n|-terastallize|p2a: Roaring Moon|Fire\n|-terastallize|p1b: Flutter Mane|Fairy\n|move|p1a: Murkrow|Tailwind|p1a: Murkrow\n|-sidestart|p1: wesleihas|move: Tailwind\n|move|p1b: Flutter Mane|Moonblast|p2a: Roaring Moon\n|-resisted|p2a: Roaring Moon\n|-damage|p2a: Roaring Moon|34\/100\n|move|p2a: Roaring Moon|Tailwind|p2a: Roaring Moon\n|-sidestart|p2: uka_aokai|move: Tailwind\n|move|p2b: Torkoal|Heat Wave|p1b: Flutter Mane|[spread] p1a\n|-miss|p2b: Torkoal|p1b: Flutter Mane\n|-damage|p1a: Murkrow|59\/100\n|\n|-weather|SunnyDay|[upkeep]\n|upkeep\n|turn|2\n|\n|t:|1682642064\n|-end|p1b: Flutter Mane|Protosynthesis|[silent]\n|switch|p1b: Maushold|Maushold-Four, L50|100\/100\n|move|p2a: Roaring Moon|Roost|p2a: Roaring Moon\n|-heal|p2a: Roaring Moon|85\/100\n|move|p1a: Murkrow|Foul Play|p2a: Roaring Moon\n|-damage|p2a: Roaring Moon|38\/100\n|move|p2b: Torkoal|Heat Wave|p1b: Maushold|[spread] p1a,p1b\n|-damage|p1a: Murkrow|32\/100\n|-damage|p1b: Maushold|47\/100\n|\n|-weather|SunnyDay|[upkeep]\n|upkeep\n|turn|3\n|\n|t:|1682642081\n|move|p1b: Maushold|Follow Me|p1b: Maushold\n|-singleturn|p1b: Maushold|move: Follow Me\n|move|p2a: Roaring Moon|Breaking Swipe|p1b: Maushold|[spread] p1a,p1b\n|-damage|p1a: Murkrow|12\/100\n|-damage|p1b: Maushold|21\/100\n|-unboost|p1a: Murkrow|atk|1\n|-unboost|p1b: Maushold|atk|1\n|-damage|p2a: Roaring Moon|21\/100|[from] item: Rocky Helmet|[of] p1b: Maushold\n|move|p1a: Murkrow|Foul Play|p2a: Roaring Moon\n|-damage|p2a: Roaring Moon|0 fnt\n|faint|p2a: Roaring Moon\n|-end|p2a: Roaring Moon|Protosynthesis|[silent]\n|move|p2b: Torkoal|Heat Wave|p1a: Murkrow|[spread] p1a\n|-miss|p2b: Torkoal|p1b: Maushold\n|-damage|p1a: Murkrow|0 fnt\n|faint|p1a: Murkrow\n|\n|-weather|SunnyDay|[upkeep]\n|upkeep\n|\n|t:|1682642101\n|switch|p2a: Flutter Mane|Flutter Mane, L50|100\/100\n|switch|p1a: Annihilape|Annihilape, L50, M, shiny|100\/100\n|-activate|p2a: Flutter Mane|ability: Protosynthesis\n|-start|p2a: Flutter Mane|protosynthesisspe\n|turn|4\n|\n|t:|1682642128\n|move|p1b: Maushold|Follow Me|p1b: Maushold\n|-singleturn|p1b: Maushold|move: Follow Me\n|move|p2a: Flutter Mane|Substitute|p2a: Flutter Mane\n|-start|p2a: Flutter Mane|Substitute\n|-damage|p2a: Flutter Mane|76\/100\n|move|p1a: Annihilape|Rage Fist|p2a: Flutter Mane\n|-supereffective|p2a: Flutter Mane\n|-end|p2a: Flutter Mane|Substitute\n|move|p2b: Torkoal|Heat Wave|p1b: Maushold|[spread] p1a,p1b\n|-damage|p1a: Annihilape|72\/100\n|-damage|p1b: Maushold|0 fnt\n|faint|p1b: Maushold\n|\n|-weather|SunnyDay|[upkeep]\n|-heal|p1a: Annihilape|78\/100|[from] item: Leftovers\n|-sideend|p1: wesleihas|move: Tailwind\n|-sideend|p2: uka_aokai|move: Tailwind\n|upkeep\n|\n|t:|1682642140\n|switch|p1b: Flutter Mane|Flutter Mane, L50, tera:Fairy|100\/100\n|-activate|p1b: Flutter Mane|ability: Protosynthesis\n|-start|p1b: Flutter Mane|protosynthesisspa\n|turn|5\n|\n|t:|1682642160\n|move|p2a: Flutter Mane|Protect|p2a: Flutter Mane\n|-singleturn|p2a: Flutter Mane|Protect\n|move|p1a: Annihilape|Protect|p1a: Annihilape\n|-singleturn|p1a: Annihilape|Protect\n|move|p1b: Flutter Mane|Shadow Ball|p2a: Flutter Mane\n|-activate|p2a: Flutter Mane|move: Protect\n|move|p2b: Torkoal|Heat Wave|p1a: Annihilape|[spread] p1b\n|-activate|p1a: Annihilape|move: Protect\n|-damage|p1b: Flutter Mane|57\/100\n|\n|-weather|none\n|-end|p2a: Flutter Mane|Protosynthesis\n|-end|p1b: Flutter Mane|Protosynthesis\n|-heal|p1a: Annihilape|84\/100|[from] item: Leftovers\n|upkeep\n|turn|6\n|\n|t:|1682642180\n|move|p2a: Flutter Mane|Dazzling Gleam|p1b: Flutter Mane|[spread] p1a,p1b\n|-supereffective|p1a: Annihilape\n|-damage|p1a: Annihilape|8\/100\n|-damage|p1b: Flutter Mane|16\/100\n|-damage|p2a: Flutter Mane|66\/100|[from] item: Life Orb\n|move|p1b: Flutter Mane|Shadow Ball|p2b: Torkoal\n|-damage|p2b: Torkoal|27\/100\n|move|p1a: Annihilape|Rage Fist|p2a: Flutter Mane\n|-supereffective|p2a: Flutter Mane\n|-damage|p2a: Flutter Mane|0 fnt\n|faint|p2a: Flutter Mane\n|-end|p2a: Flutter Mane|Protosynthesis|[silent]\n|move|p2b: Torkoal|Heat Wave|p1a: Annihilape|[spread] p1a,p1b\n|-crit|p1a: Annihilape\n|-damage|p1a: Annihilape|0 fnt\n|-damage|p1b: Flutter Mane|0 fnt\n|faint|p1a: Annihilape\n|faint|p1b: Flutter Mane\n|-end|p1b: Flutter Mane|Protosynthesis|[silent]\n|\n|win|uka_aokai\n|raw|wesleihas's rating: 1596 → 1580<\/strong> (-16 for losing)\n|raw|uka_aokai's rating: 1674 → 1690<\/strong> (+16 for winning)\n|l|\u2606wesleihas\n|l|\u2606uka_aokai\n","uploadtime":1682642203,"views":6,"p1id":"wesleihas","p2id":"ukaaokai","formatid":"gen9vgc2023regulationc","rating":1580,"private":0,"password":""}