{"id":"gen9vgc2023regulationc-1855469291","p1":"KanaBestWaifu","p2":"JumpluffGoodCopium","format":"[Gen 9] VGC 2023 Regulation C","log":"|j|\u2606KanaBestWaifu\n|j|\u2606JumpluffGoodCopium\n|t:|1682954301\n|gametype|doubles\n|player|p1|KanaBestWaifu|parasollady|1199\n|player|p2|JumpluffGoodCopium|dawn-gen4pt|1186\n|teamsize|p1|6\n|teamsize|p2|6\n|gen|9\n|tier|[Gen 9] VGC 2023 Regulation C\n|rated|\n|rule|Species Clause: Limit one of each Pok\u00e9mon\n|rule|Item Clause: Limit one of each item\n|clearpoke\n|poke|p1|Baxcalibur, L50, M|\n|poke|p1|Flutter Mane, L50|\n|poke|p1|Palafin, L50, M|\n|poke|p1|Amoonguss, L50, M|\n|poke|p1|Arcanine, L50, M|\n|poke|p1|Ting-Lu, L50|\n|poke|p2|Jumpluff, L50, M|\n|poke|p2|Torkoal, L50, M|\n|poke|p2|Flutter Mane, L50|\n|poke|p2|Amoonguss, L50, F|\n|poke|p2|Garganacl, L50, M|\n|poke|p2|Chi-Yu, L50|\n|teampreview|4\nKanaBestWaifu has agreed to open team sheets.\nJumpluffGoodCopium has agreed to open team sheets.\n|inactive|Battle timer is ON: inactive players will automatically lose when time's up. (requested by JumpluffGoodCopium)\n|inactive|KanaBestWaifu has 60 seconds left.\n|\n|t:|1682954362\n|start\n|switch|p1a: Griever|Arcanine, L50, M, shiny|100\/100\n|switch|p1b: Levi|Palafin, L50, M|100\/100\n|switch|p2a: Jumpluff|Jumpluff, L50, M|100\/100\n|switch|p2b: Torkoal|Torkoal, L50, M|100\/100\n|-ability|p1a: Griever|Intimidate|boost\n|-unboost|p2a: Jumpluff|atk|1\n|-unboost|p2b: Torkoal|atk|1\n|-weather|SunnyDay|[from] ability: Drought|[of] p2b: Torkoal\n|turn|1\n|\n|t:|1682954379\n|-terastallize|p2b: Torkoal|Water\n|move|p1b: Levi|Protect|p1b: Levi\n|-singleturn|p1b: Levi|Protect\n|move|p2a: Jumpluff|Tailwind|p2a: Jumpluff\n|-sidestart|p2: JumpluffGoodCopium|move: Tailwind\n|move|p2b: Torkoal|Eruption|p1b: Levi|[spread] p1a\n|-activate|p1b: Levi|move: Protect\n|-resisted|p1a: Griever\n|-damage|p1a: Griever|64\/100\n|move|p1a: Griever|Howl|p1a: Griever|[spread] p1a,p1b\n|-boost|p1a: Griever|atk|1\n|-boost|p1b: Levi|atk|1\n|\n|-weather|SunnyDay|[upkeep]\n|upkeep\n|turn|2\n|\n|t:|1682954396\n|move|p2a: Jumpluff|Helping Hand|p2b: Torkoal\n|-singleturn|p2b: Torkoal|Helping Hand|[of] p2a: Jumpluff\n|move|p1a: Griever|Extreme Speed|p2a: Jumpluff\n|-damage|p2a: Jumpluff|51\/100\n|move|p1b: Levi|Jet Punch|p2a: Jumpluff\n|-resisted|p2a: Jumpluff\n|-damage|p2a: Jumpluff|38\/100\n|move|p2b: Torkoal|Eruption|p1b: Levi|[spread] p1a,p1b\n|-resisted|p1a: Griever\n|-resisted|p1b: Levi\n|-damage|p1a: Griever|8\/100\n|-damage|p1b: Levi|37\/100\n|\n|-weather|SunnyDay|[upkeep]\n|upkeep\n|turn|3\n|\n|t:|1682954414\n|move|p2a: Jumpluff|Helping Hand|p2b: Torkoal\n|-singleturn|p2b: Torkoal|Helping Hand|[of] p2a: Jumpluff\n|move|p1a: Griever|Extreme Speed|p2a: Jumpluff\n|-damage|p2a: Jumpluff|0 fnt\n|faint|p2a: Jumpluff\n|move|p2b: Torkoal|Eruption|p1a: Griever|[spread] p1a,p1b\n|-resisted|p1a: Griever\n|-resisted|p1b: Levi\n|-damage|p1a: Griever|0 fnt\n|-damage|p1b: Levi|0 fnt\n|faint|p1a: Griever\n|faint|p1b: Levi\n|\n|-weather|SunnyDay|[upkeep]\n|upkeep\n|\n|t:|1682954427\n|switch|p2a: Flutter Mane|Flutter Mane, L50|100\/100\n|switch|p1a: Ark|Baxcalibur, L50, M, shiny|100\/100\n|switch|p1b: Craig|Ting-Lu, L50|100\/100\n|-activate|p2a: Flutter Mane|ability: Protosynthesis\n|-start|p2a: Flutter Mane|protosynthesisspa\n|-ability|p1b: Craig|Vessel of Ruin\n|turn|4\n|\n|t:|1682954441\n|move|p1a: Ark|Protect|p1a: Ark\n|-singleturn|p1a: Ark|Protect\n|move|p2a: Flutter Mane|Substitute|p2a: Flutter Mane\n|-start|p2a: Flutter Mane|Substitute\n|-damage|p2a: Flutter Mane|76\/100\n|move|p2b: Torkoal|Eruption|p1a: Ark|[spread] p1b\n|-activate|p1a: Ark|move: Protect\n|-damage|p1b: Craig|75\/100\n|move|p1b: Craig|Heavy Slam|p2a: Flutter Mane\n|-supereffective|p2a: Flutter Mane\n|-end|p2a: Flutter Mane|Substitute\n|\n|-weather|SunnyDay|[upkeep]\n|-sideend|p2: JumpluffGoodCopium|move: Tailwind\n|upkeep\n|turn|5\n|\n|t:|1682954458\n|-terastallize|p1a: Ark|Poison\n|move|p2a: Flutter Mane|Moonblast|p1b: Craig\n|-supereffective|p1b: Craig\n|-damage|p1b: Craig|27\/100\n|move|p1a: Ark|Glaive Rush|p2b: Torkoal\n|-damage|p2b: Torkoal|30\/100\n|-singlemove|p1a: Ark|Glaive Rush|[silent]\n|move|p2b: Torkoal|Eruption|p1b: Craig|[spread] p1a,p1b\n|-damage|p1a: Ark|69\/100\n|-damage|p1b: Craig|21\/100\n|-ability|p1a: Ark|Thermal Exchange|boost\n|-boost|p1a: Ark|atk|1\n|move|p1b: Craig|Heavy Slam|p2a: Flutter Mane\n|-supereffective|p2a: Flutter Mane\n|-damage|p2a: Flutter Mane|0 fnt\n|faint|p2a: Flutter Mane\n|-end|p2a: Flutter Mane|Protosynthesis|[silent]\n|\n|-weather|none\n|upkeep\n|\n|t:|1682954465\n|switch|p2a: Garganacl|Garganacl, L50, M|100\/100\n|turn|6\n|inactive|KanaBestWaifu has 30 seconds left.\n|\n|t:|1682954494\n|move|p1a: Ark|Icicle Crash|p2b: Torkoal\n|-resisted|p2b: Torkoal\n|-damage|p2b: Torkoal|0 fnt\n|faint|p2b: Torkoal\n|move|p1b: Craig|Earthquake|p2a: Garganacl|[spread] p1a,p2a\n|-supereffective|p1a: Ark\n|-supereffective|p2a: Garganacl\n|-damage|p1a: Ark|12\/100\n|-damage|p2a: Garganacl|66\/100\n|move|p2a: Garganacl|Salt Cure|p1b: Craig\n|-resisted|p1b: Craig\n|-damage|p1b: Craig|16\/100\n|-start|p1b: Craig|Salt Cure\n|\n|-heal|p2a: Garganacl|72\/100|[from] item: Leftovers\n|-damage|p1b: Craig|4\/100|[from] Salt Cure\n|upkeep\n|turn|7\n|\n|t:|1682954513\n|move|p2a: Garganacl|Protect|p2a: Garganacl\n|-singleturn|p2a: Garganacl|Protect\n|move|p1a: Ark|Glaive Rush|p2a: Garganacl\n|-activate|p2a: Garganacl|move: Protect\n|move|p1b: Craig|Ruination|p2a: Garganacl\n|-activate|p2a: Garganacl|move: Protect\n|\n|-heal|p2a: Garganacl|77\/100|[from] item: Leftovers\n|-damage|p1b: Craig|0 fnt|[from] Salt Cure\n|faint|p1b: Craig\n|upkeep\n|turn|8\n|\n|t:|1682954527\n|move|p1a: Ark|Glaive Rush|p2a: Garganacl\n|-damage|p2a: Garganacl|24\/100\n|-singlemove|p1a: Ark|Glaive Rush|[silent]\n|move|p2a: Garganacl|Salt Cure|p1a: Ark\n|-damage|p1a: Ark|0 fnt\n|faint|p1a: Ark\n|\n|win|JumpluffGoodCopium\n|raw|KanaBestWaifu's rating: 1199 → 1173<\/strong> (-26 for losing)\n|raw|JumpluffGoodCopium's rating: 1186 → 1212<\/strong> (+26 for winning)\n|l|\u2606KanaBestWaifu\n","uploadtime":1682954572,"views":26,"p1id":"kanabestwaifu","p2id":"jumpluffgoodcopium","formatid":"gen9vgc2023regulationc","rating":1173,"private":0,"password":""}