{"id":"gen9vgc2023regulationc-1851149712","p1":"howay025","p2":"gorilnx","format":"[Gen 9] VGC 2023 Regulation C","log":"|j|\u2606howay025\n|j|\u2606gorilnx\n|t:|1682417303\n|gametype|doubles\n|player|p1|howay025|cynthia-gen4|1137\n|player|p2|gorilnx|dawn-gen4pt|1107\n|teamsize|p1|6\n|teamsize|p2|6\n|gen|9\n|tier|[Gen 9] VGC 2023 Regulation C\n|rated|\n|rule|Species Clause: Limit one of each Pok\u00e9mon\n|rule|Item Clause: Limit one of each item\n|clearpoke\n|poke|p1|Amoonguss, L50, F|\n|poke|p1|Baxcalibur, L50, M|\n|poke|p1|Palafin, L50, F|\n|poke|p1|Flutter Mane, L50|\n|poke|p1|Arcanine, L50, M|\n|poke|p1|Chien-Pao, L50|\n|poke|p2|Abomasnow, L50, M|\n|poke|p2|Iron Bundle, L50|\n|poke|p2|Vivillon-Fancy, L50, F|\n|poke|p2|Ting-Lu, L50|\n|poke|p2|Annihilape, L50, F|\n|poke|p2|Chien-Pao, L50|\n|teampreview|4\n|inactive|Battle timer is ON: inactive players will automatically lose when time's up. (requested by gorilnx)\n|\n|t:|1682417329\n|start\n|switch|p1a: Baxcalibur|Baxcalibur, L50, M, shiny|100\/100\n|switch|p1b: Palafin|Palafin, L50, F|100\/100\n|switch|p2a: Vivillon|Vivillon-Fancy, L50, F|100\/100\n|switch|p2b: Ting-Lu|Ting-Lu, L50|100\/100\n|-ability|p2b: Ting-Lu|Vessel of Ruin\n|turn|1\n|\n|t:|1682417349\n|detailschange|p1b: Palafin|Palafin-Hero, L50, F\n|switch|p1b: Amoonguss|Amoonguss, L50, F|100\/100\n|move|p2a: Vivillon|Rage Powder|p2a: Vivillon\n|-singleturn|p2a: Vivillon|move: Rage Powder\n|move|p1a: Baxcalibur|Icicle Spear|p2a: Vivillon\n|-supereffective|p2a: Vivillon\n|-damage|p2a: Vivillon|49\/100\n|-supereffective|p2a: Vivillon\n|-damage|p2a: Vivillon|0 fnt\n|faint|p2a: Vivillon\n|-hitcount|p2: Vivillon|2\n|move|p2b: Ting-Lu|Earthquake|p1b: Amoonguss|[spread] p1a,p1b\n|-crit|p1b: Amoonguss\n|-damage|p1a: Baxcalibur|46\/100\n|-damage|p1b: Amoonguss|30\/100\n|-enditem|p1b: Amoonguss|Sitrus Berry|[eat]\n|-heal|p1b: Amoonguss|55\/100|[from] item: Sitrus Berry\n|\n|upkeep\n|\n|t:|1682417369\n|switch|p2a: Iron Bundle|Iron Bundle, L50|100\/100\n|-enditem|p2a: Iron Bundle|Booster Energy\n|-activate|p2a: Iron Bundle|ability: Quark Drive|[fromitem]\n|-start|p2a: Iron Bundle|quarkdrivespe\n|turn|2\n|\n|t:|1682417382\n|move|p2a: Iron Bundle|Protect|p2a: Iron Bundle\n|-singleturn|p2a: Iron Bundle|Protect\n|move|p1a: Baxcalibur|Protect|p1a: Baxcalibur\n|-singleturn|p1a: Baxcalibur|Protect\n|move|p1b: Amoonguss|Protect|p1b: Amoonguss\n|-singleturn|p1b: Amoonguss|Protect\n|move|p2b: Ting-Lu|Earthquake|p1a: Baxcalibur|[spread] \n|-activate|p2a: Iron Bundle|move: Protect\n|-activate|p1a: Baxcalibur|move: Protect\n|-activate|p1b: Amoonguss|move: Protect\n|\n|upkeep\n|turn|3\n|\n|t:|1682417403\n|switch|p1a: Palafin|Palafin-Hero, L50, F|100\/100\n|-activate|p1a: Palafin|ability: Zero to Hero\n|switch|p2b: Abomasnow|Abomasnow, L50, M|100\/100\n|-weather|Snow|[from] ability: Snow Warning|[of] p2b: Abomasnow\n|-terastallize|p1b: Amoonguss|Water\n|move|p2a: Iron Bundle|Blizzard|p1a: Palafin|[spread] p1a,p1b\n|-resisted|p1a: Palafin\n|-resisted|p1b: Amoonguss\n|-damage|p1a: Palafin|82\/100\n|-damage|p1b: Amoonguss|37\/100\n|-status|p1b: Amoonguss|frz\n|cant|p1b: Amoonguss|frz\n|\n|-weather|Snow|[upkeep]\n|upkeep\n|turn|4\n|inactive|howay025 has 30 seconds left.\n|inactive|gorilnx has 30 seconds left.\n|\n|t:|1682417433\n|move|p2a: Iron Bundle|Protect|p2a: Iron Bundle\n|-singleturn|p2a: Iron Bundle|Protect\n|move|p1a: Palafin|Jet Punch|p2a: Iron Bundle\n|-activate|p2a: Iron Bundle|move: Protect\n|move|p2b: Abomasnow|Energy Ball|p1a: Palafin\n|-supereffective|p1a: Palafin\n|-damage|p1a: Palafin|0 fnt\n|faint|p1a: Palafin\n|-damage|p2b: Abomasnow|91\/100|[from] item: Life Orb\n|cant|p1b: Amoonguss|frz\n|\n|-weather|Snow|[upkeep]\n|upkeep\n|\n|t:|1682417446\n|switch|p1a: Baxcalibur|Baxcalibur, L50, M, shiny|46\/100\n|turn|5\n|\n|t:|1682417454\n|move|p1a: Baxcalibur|Protect|p1a: Baxcalibur\n|-singleturn|p1a: Baxcalibur|Protect\n|move|p2a: Iron Bundle|Blizzard|p1b: Amoonguss|[spread] p1b\n|-activate|p1a: Baxcalibur|move: Protect\n|-resisted|p1b: Amoonguss\n|-crit|p1b: Amoonguss\n|-damage|p1b: Amoonguss|9\/100 frz\n|move|p2b: Abomasnow|Energy Ball|p1b: Amoonguss\n|-supereffective|p1b: Amoonguss\n|-damage|p1b: Amoonguss|0 fnt\n|faint|p1b: Amoonguss\n|-damage|p2b: Abomasnow|81\/100|[from] item: Life Orb\n|\n|-weather|Snow|[upkeep]\n|upkeep\n|-message|howay025 forfeited.\n|\n|win|gorilnx\n|raw|howay025's rating: 1137 → 1110<\/strong> (-27 for losing)\n|raw|gorilnx's rating: 1107 → 1134<\/strong> (+27 for winning)\n|l|\u2606howay025\n","uploadtime":1682417472,"views":10,"p1id":"howay025","p2id":"gorilnx","formatid":"gen9vgc2023regulationc","rating":1110,"private":0,"password":""}