{"id":"gen9vgc2023regulationc-1845805031","p1":"Dag291","p2":"Faunasaur","format":"[Gen 9] VGC 2023 Regulation C","log":"|j|\u2606Dag291\n|j|\u2606Faunasaur\n|t:|1681766305\n|gametype|doubles\n|player|p1|Dag291|170|1226\n|player|p2|Faunasaur|bellelba|1329\n|teamsize|p1|6\n|teamsize|p2|6\n|gen|9\n|tier|[Gen 9] VGC 2023 Regulation C\n|rated|\n|rule|Species Clause: Limit one of each Pok\u00e9mon\n|rule|Item Clause: Limit one of each item\n|clearpoke\n|poke|p1|Great Tusk, L50|\n|poke|p1|Chi-Yu, L50|\n|poke|p1|Ceruledge, L50, F|\n|poke|p1|Iron Bundle, L50|\n|poke|p1|Chien-Pao, L50|\n|poke|p1|Talonflame, L50, M|\n|poke|p2|Meowscarada, L50, M|\n|poke|p2|Chien-Pao, L50|\n|poke|p2|Dragonite, L50, F|\n|poke|p2|Ting-Lu, L50|\n|poke|p2|Maushold, L50|\n|poke|p2|Flutter Mane, L50|\n|teampreview|4\n|inactive|Battle timer is ON: inactive players will automatically lose when time's up. (requested by Faunasaur)\n|inactive|Dag291 has 60 seconds left.\n|inactive|Faunasaur has 60 seconds left.\n|\n|t:|1681766350\n|start\n|switch|p1a: Chi-Yu|Chi-Yu, L50|100\/100\n|switch|p1b: Iron Bundle|Iron Bundle, L50|100\/100\n|switch|p2a: Meowscarada|Meowscarada, L50, M|100\/100\n|switch|p2b: Ting-Lu|Ting-Lu, L50|100\/100\n|-ability|p1a: Chi-Yu|Beads of Ruin\n|-ability|p2b: Ting-Lu|Vessel of Ruin\n|-enditem|p1b: Iron Bundle|Booster Energy\n|-activate|p1b: Iron Bundle|ability: Quark Drive|[fromitem]\n|-start|p1b: Iron Bundle|quarkdrivespe\n|turn|1\n|inactive|Dag291 has 30 seconds left.\n|inactive|Faunasaur has 30 seconds left.\n|inactive|Faunasaur has 20 seconds left.\n|inactive|Faunasaur has 15 seconds left.\n|inactive|Faunasaur has 10 seconds left.\n|\n|t:|1681766398\n|-terastallize|p2b: Ting-Lu|Poison\n|move|p1b: Iron Bundle|Protect|p1b: Iron Bundle\n|-singleturn|p1b: Iron Bundle|Protect\n|move|p2a: Meowscarada|Toxic Spikes|p1a: Chi-Yu\n|-sidestart|p1: Dag291|move: Toxic Spikes\n|move|p1a: Chi-Yu|Nasty Plot|p1a: Chi-Yu\n|-boost|p1a: Chi-Yu|spa|2\n|move|p2b: Ting-Lu|Stomping Tantrum|p1a: Chi-Yu\n|-supereffective|p1a: Chi-Yu\n|-damage|p1a: Chi-Yu|12\/100\n|\n|upkeep\n|turn|2\n|inactive|Faunasaur has 30 seconds left.\n|\n|t:|1681766429\n|move|p2a: Meowscarada|Sucker Punch|p1a: Chi-Yu\n|-resisted|p1a: Chi-Yu\n|-damage|p1a: Chi-Yu|0 fnt\n|faint|p1a: Chi-Yu\n|move|p1b: Iron Bundle|Encore|p2a: Meowscarada\n|-start|p2a: Meowscarada|Encore\n|move|p2b: Ting-Lu|Ruination|p1b: Iron Bundle\n|-damage|p1b: Iron Bundle|51\/100\n|\n|upkeep\n|\n|t:|1681766439\n|switch|p1a: Ceruledge|Ceruledge, L50, F|100\/100\n|-status|p1a: Ceruledge|psn\n|turn|3\n|inactive|Dag291 has 30 seconds left.\n|\n|t:|1681766473\n|-terastallize|p1a: Ceruledge|Grass\n|move|p1b: Iron Bundle|Protect|p1b: Iron Bundle\n|-singleturn|p1b: Iron Bundle|Protect\n|move|p2a: Meowscarada|Sucker Punch|p1a: Ceruledge\n|-damage|p1a: Ceruledge|62\/100 psn\n|move|p1a: Ceruledge|Bitter Blade|p2a: Meowscarada\n|-supereffective|p2a: Meowscarada\n|-enditem|p2a: Meowscarada|Focus Sash\n|-damage|p2a: Meowscarada|1\/100\n|-heal|p1a: Ceruledge|100\/100 psn|[from] drain|[of] p2a: Meowscarada\n|move|p2b: Ting-Lu|Throat Chop|p1b: Iron Bundle\n|-activate|p1b: Iron Bundle|move: Protect\n|\n|-damage|p1a: Ceruledge|88\/100 psn|[from] psn\n|upkeep\n|turn|4\n|inactive|Dag291 has 30 seconds left.\n|\n|t:|1681766504\n|move|p1b: Iron Bundle|Protect||[still]\n|-fail|p1b: Iron Bundle\n|move|p2a: Meowscarada|Sucker Punch|p1a: Ceruledge\n|-damage|p1a: Ceruledge|48\/100 psn\n|move|p1a: Ceruledge|Bitter Blade|p2b: Ting-Lu\n|-damage|p2b: Ting-Lu|78\/100\n|-heal|p1a: Ceruledge|68\/100 psn|[from] drain|[of] p2b: Ting-Lu\n|move|p2b: Ting-Lu|Throat Chop|p1b: Iron Bundle\n|-damage|p1b: Iron Bundle|17\/100\n|-start|p1b: Iron Bundle|Throat Chop|[silent]\n|\n|-damage|p1a: Ceruledge|56\/100 psn|[from] psn\n|upkeep\n|turn|5\n|inactive|Faunasaur has 30 seconds left.\n|\n|t:|1681766530\n|move|p1b: Iron Bundle|Protect|p1b: Iron Bundle\n|-singleturn|p1b: Iron Bundle|Protect\n|move|p2a: Meowscarada|Sucker Punch||[still]\n|-fail|p2a: Meowscarada\n|move|p1a: Ceruledge|Bitter Blade|p2b: Ting-Lu\n|-crit|p2b: Ting-Lu\n|-damage|p2b: Ting-Lu|46\/100\n|-heal|p1a: Ceruledge|84\/100 psn|[from] drain|[of] p2b: Ting-Lu\n|move|p2b: Ting-Lu|Throat Chop|p1a: Ceruledge\n|-damage|p1a: Ceruledge|48\/100 psn\n|-start|p1a: Ceruledge|Throat Chop|[silent]\n|\n|-damage|p1a: Ceruledge|36\/100 psn|[from] psn\n|-end|p2a: Meowscarada|Encore\n|-end|p1b: Iron Bundle|Throat Chop|[silent]\n|upkeep\n|turn|6\n|\n|t:|1681766551\n|move|p2a: Meowscarada|Sucker Punch|p1b: Iron Bundle\n|-damage|p1b: Iron Bundle|0 fnt\n|faint|p1b: Iron Bundle\n|-end|p1b: Iron Bundle|Quark Drive|[silent]\n|move|p1a: Ceruledge|Bitter Blade|p2a: Meowscarada\n|-supereffective|p2a: Meowscarada\n|-damage|p2a: Meowscarada|0 fnt\n|-heal|p1a: Ceruledge|36\/100 psn|[from] drain|[of] p2a: Meowscarada\n|faint|p2a: Meowscarada\n|move|p2b: Ting-Lu|Throat Chop|p1a: Ceruledge\n|-damage|p1a: Ceruledge|2\/100 psn\n|\n|-damage|p1a: Ceruledge|0 fnt|[from] psn\n|faint|p1a: Ceruledge\n|upkeep\n|\n|t:|1681766567\n|switch|p1b: Chien-Pao|Chien-Pao, L50|100\/100\n|switch|p2a: Flutter Mane|Flutter Mane, L50|100\/100\n|-status|p1b: Chien-Pao|psn\n|-ability|p1b: Chien-Pao|Sword of Ruin\n|-enditem|p2a: Flutter Mane|Booster Energy\n|-activate|p2a: Flutter Mane|ability: Protosynthesis|[fromitem]\n|-start|p2a: Flutter Mane|protosynthesisspe\n|turn|7\n|\n|t:|1681766584\n|move|p1b: Chien-Pao|Sucker Punch||[still]\n|-fail|p1b: Chien-Pao\n|move|p2a: Flutter Mane|Substitute|p2a: Flutter Mane\n|-start|p2a: Flutter Mane|Substitute\n|-damage|p2a: Flutter Mane|76\/100\n|move|p2b: Ting-Lu|Ruination|p1b: Chien-Pao\n|-damage|p1b: Chien-Pao|51\/100 psn\n|\n|-damage|p1b: Chien-Pao|39\/100 psn|[from] psn\n|upkeep\n|turn|8\n|-message|Dag291 forfeited.\n|\n|win|Faunasaur\n|raw|Dag291's rating: 1226 → 1208<\/strong> (-18 for losing)\n|raw|Faunasaur's rating: 1329 → 1343<\/strong> (+14 for winning)\n|l|\u2606Dag291\n","uploadtime":1681766737,"views":5,"p1id":"dag291","p2id":"faunasaur","formatid":"gen9vgc2023regulationc","rating":1208,"private":0,"password":""}