{"id":"gen9vgc2023regulationc-1847044885","p1":"Planthony","p2":"pikachuo4o8","format":"[Gen 9] VGC 2023 Regulation C","log":"|j|\u2606Planthony\n|j|\u2606pikachuo4o8\n|t:|1681914447\n|gametype|doubles\n|player|p1|Planthony|169|1368\n|player|p2|pikachuo4o8|iris-gen5bw2|1361\n|teamsize|p1|6\n|teamsize|p2|6\n|gen|9\n|tier|[Gen 9] VGC 2023 Regulation C\n|rated|\n|rule|Species Clause: Limit one of each Pok\u00e9mon\n|rule|Item Clause: Limit one of each item\n|clearpoke\n|poke|p1|Glimmora, L50, F|\n|poke|p1|Iron Bundle, L50|\n|poke|p1|Dondozo, L50, F|\n|poke|p1|Dragonite, L50, F|\n|poke|p1|Tatsugiri, L50, M|\n|poke|p1|Chi-Yu, L50|\n|poke|p2|Ting-Lu, L50|\n|poke|p2|Gyarados, L50, F|\n|poke|p2|Amoonguss, L50, F|\n|poke|p2|Chi-Yu, L50|\n|poke|p2|Flutter Mane, L50|\n|poke|p2|Bronzong, L50|\n|teampreview|4\n|\n|t:|1681914486\n|start\n|switch|p1a: Chi-Yu|Chi-Yu, L50|100\/100\n|switch|p1b: Iron Bundle|Iron Bundle, L50|100\/100\n|switch|p2a: Ting-Lu|Ting-Lu, L50|100\/100\n|switch|p2b: Bronzong|Bronzong, L50|100\/100\n|-ability|p1a: Chi-Yu|Beads of Ruin\n|-ability|p2a: Ting-Lu|Vessel of Ruin\n|-enditem|p1b: Iron Bundle|Booster Energy\n|-activate|p1b: Iron Bundle|ability: Quark Drive|[fromitem]\n|-start|p1b: Iron Bundle|quarkdrivespe\n|turn|1\n|\n|t:|1681914501\n|-terastallize|p2b: Bronzong|Fire\n|move|p1b: Iron Bundle|Hydro Pump|p2a: Ting-Lu\n|-supereffective|p2a: Ting-Lu\n|-damage|p2a: Ting-Lu|48\/100\n|move|p1a: Chi-Yu|Overheat|p2b: Bronzong|[miss]\n|-miss|p1a: Chi-Yu|p2b: Bronzong\n|move|p2a: Ting-Lu|Stomping Tantrum|p1a: Chi-Yu\n|-supereffective|p1a: Chi-Yu\n|-damage|p1a: Chi-Yu|11\/100\n|move|p2b: Bronzong|Trick Room|p2b: Bronzong\n|-fieldstart|move: Trick Room|[of] p2b: Bronzong\n|\n|upkeep\n|turn|2\n|\n|t:|1681914546\n|switch|p1a: Dragonite|Dragonite, L50, F|100\/100\n|move|p2b: Bronzong|Gyro Ball|p1b: Iron Bundle\n|-damage|p1b: Iron Bundle|47\/100\n|move|p2a: Ting-Lu|Heavy Slam|p1b: Iron Bundle\n|-damage|p1b: Iron Bundle|7\/100\n|move|p1b: Iron Bundle|Hydro Pump|p2b: Bronzong\n|-supereffective|p2b: Bronzong\n|-damage|p2b: Bronzong|24\/100\n|\n|upkeep\n|turn|3\n|\n|t:|1681914569\n|switch|p2b: Amoonguss|Amoonguss, L50, F|100\/100\n|move|p1b: Iron Bundle|Protect|p1b: Iron Bundle\n|-singleturn|p1b: Iron Bundle|Protect\n|move|p1a: Dragonite|Extreme Speed|p2b: Amoonguss\n|-damage|p2b: Amoonguss|60\/100\n|move|p2a: Ting-Lu|Ruination|p1a: Dragonite|[miss]\n|-miss|p2a: Ting-Lu|p1a: Dragonite\n|\n|upkeep\n|turn|4\n|\n|t:|1681914588\n|-terastallize|p1a: Dragonite|Normal\n|move|p1a: Dragonite|Extreme Speed|p2a: Ting-Lu\n|-damage|p2a: Ting-Lu|14\/100\n|move|p2b: Amoonguss|Spore|p1a: Dragonite\n|-status|p1a: Dragonite|slp|[from] move: Spore\n|move|p2a: Ting-Lu|Stomping Tantrum|p1b: Iron Bundle\n|-damage|p1b: Iron Bundle|0 fnt\n|faint|p1b: Iron Bundle\n|-end|p1b: Iron Bundle|Quark Drive|[silent]\n|\n|upkeep\n|\n|t:|1681914604\n|switch|p1b: Chi-Yu|Chi-Yu, L50|11\/100\n|-ability|p1b: Chi-Yu|Beads of Ruin\n|turn|5\n|\n|t:|1681914619\n|switch|p2a: Bronzong|Bronzong, L50, tera:Fire|24\/100\n|move|p1b: Chi-Yu|Protect|p1b: Chi-Yu\n|-singleturn|p1b: Chi-Yu|Protect\n|cant|p1a: Dragonite|slp\n|move|p2b: Amoonguss|Pollen Puff|p2a: Bronzong\n|-heal|p2a: Bronzong|74\/100\n|\n|-fieldend|move: Trick Room\n|upkeep\n|turn|6\n|\n|t:|1681914645\n|switch|p2b: Gyarados|Gyarados, L50, F|100\/100\n|-ability|p2b: Gyarados|Intimidate|boost\n|-unboost|p1a: Dragonite|atk|1\n|-unboost|p1b: Chi-Yu|atk|1\n|cant|p1a: Dragonite|slp\n|move|p1b: Chi-Yu|Dark Pulse|p2a: Bronzong\n|-damage|p2a: Bronzong|27\/100\n|move|p2a: Bronzong|Trick Room|p2a: Bronzong\n|-fieldstart|move: Trick Room|[of] p2a: Bronzong\n|\n|upkeep\n|turn|7\n|\n|t:|1681914667\n|switch|p2a: Amoonguss|Amoonguss, L50, F|93\/100\n|switch|p1b: Glimmora|Glimmora, L50, F|100\/100\n|-curestatus|p1a: Dragonite|slp|[msg]\n|move|p1a: Dragonite|Extreme Speed|p2a: Amoonguss\n|-damage|p2a: Amoonguss|45\/100\n|-enditem|p2a: Amoonguss|Sitrus Berry|[eat]\n|-heal|p2a: Amoonguss|70\/100|[from] item: Sitrus Berry\n|move|p2b: Gyarados|Waterfall|p1b: Glimmora\n|-supereffective|p1b: Glimmora\n|-damage|p1b: Glimmora|18\/100\n|-activate|p1b: Glimmora|ability: Toxic Debris\n|-sidestart|p2: pikachuo4o8|move: Toxic Spikes\n|\n|upkeep\n|turn|8\n|\n|t:|1681914693\n|switch|p1a: Chi-Yu|Chi-Yu, L50|11\/100\n|-ability|p1a: Chi-Yu|Beads of Ruin\n|move|p2a: Amoonguss|Spore|p1a: Chi-Yu\n|-status|p1a: Chi-Yu|slp|[from] move: Spore\n|move|p1b: Glimmora|Power Gem|p2a: Amoonguss\n|-damage|p2a: Amoonguss|23\/100\n|move|p2b: Gyarados|Waterfall|p1b: Glimmora\n|-supereffective|p1b: Glimmora\n|-damage|p1b: Glimmora|0 fnt\n|-activate|p1b: Glimmora|ability: Toxic Debris\n|-sidestart|p2: pikachuo4o8|move: Toxic Spikes\n|faint|p1b: Glimmora\n|\n|upkeep\n|\n|t:|1681914705\n|switch|p1b: Dragonite|Dragonite, L50, F, tera:Normal|100\/100\n|turn|9\n|\n|t:|1681914744\n|move|p2a: Amoonguss|Protect|p2a: Amoonguss\n|-singleturn|p2a: Amoonguss|Protect\n|move|p1b: Dragonite|Extreme Speed|p2a: Amoonguss\n|-activate|p2a: Amoonguss|move: Protect\n|move|p2b: Gyarados|Thunder Wave|p1b: Dragonite|[miss]\n|-miss|p2b: Gyarados|p1b: Dragonite\n|cant|p1a: Chi-Yu|slp\n|\n|upkeep\n|turn|10\n|\n|t:|1681914755\n|move|p1b: Dragonite|Extreme Speed|p2a: Amoonguss\n|-damage|p2a: Amoonguss|0 fnt\n|faint|p2a: Amoonguss\n|move|p2b: Gyarados|Waterfall|p1a: Chi-Yu\n|-supereffective|p1a: Chi-Yu\n|-crit|p1a: Chi-Yu\n|-damage|p1a: Chi-Yu|0 fnt\n|faint|p1a: Chi-Yu\n|\n|-fieldend|move: Trick Room\n|upkeep\n|\n|t:|1681914763\n|switch|p2a: Ting-Lu|Ting-Lu, L50|14\/100\n|-status|p2a: Ting-Lu|tox\n|-ability|p2a: Ting-Lu|Vessel of Ruin\n|turn|11\n|\n|t:|1681914773\n|move|p1b: Dragonite|Extreme Speed|p2a: Ting-Lu\n|-damage|p2a: Ting-Lu|0 fnt\n|faint|p2a: Ting-Lu\n|move|p2b: Gyarados|Thunder Wave|p1b: Dragonite\n|-status|p1b: Dragonite|par\n|\n|upkeep\n|\n|t:|1681914779\n|switch|p2a: Bronzong|Bronzong, L50, tera:Fire|27\/100\n|turn|12\n|\n|t:|1681914788\n|move|p1b: Dragonite|Extreme Speed|p2a: Bronzong\n|-damage|p2a: Bronzong|0 fnt\n|faint|p2a: Bronzong\n|move|p2b: Gyarados|Waterfall|p1b: Dragonite\n|-damage|p1b: Dragonite|79\/100 par\n|\n|upkeep\n|turn|13\n|\n|t:|1681914795\n|cant|p1b: Dragonite|par\n|move|p2b: Gyarados|Waterfall|p1b: Dragonite\n|-damage|p1b: Dragonite|41\/100 par\n|\n|upkeep\n|turn|14\n|\n|t:|1681914800\n|move|p1b: Dragonite|Extreme Speed|p2b: Gyarados\n|-damage|p2b: Gyarados|24\/100\n|move|p2b: Gyarados|Waterfall|p1b: Dragonite\n|-damage|p1b: Dragonite|3\/100 par\n|\n|upkeep\n|turn|15\n|\n|t:|1681914809\n|move|p2b: Gyarados|Protect|p2b: Gyarados\n|-singleturn|p2b: Gyarados|Protect\n|-activate|p1b: Dragonite|move: Struggle\n|move|p1b: Dragonite|Struggle|p2b: Gyarados\n|-activate|p2b: Gyarados|move: Protect\n|\n|upkeep\n|turn|16\n|\n|t:|1681914815\n|move|p2b: Gyarados|Waterfall|p1b: Dragonite\n|-damage|p1b: Dragonite|0 fnt\n|faint|p1b: Dragonite\n|\n|win|pikachuo4o8\n|raw|Planthony's rating: 1368 → 1348<\/strong> (-20 for losing)\n|raw|pikachuo4o8's rating: 1361 → 1381<\/strong> (+20 for winning)\n","uploadtime":1681914821,"views":8,"p1id":"planthony","p2id":"pikachuo4o8","formatid":"gen9vgc2023regulationc","rating":1348,"private":0,"password":""}