{"id":"gen9vgc2023regulationc-1852473264","p1":"foiledfeline","p2":"Sjogis","format":"[Gen 9] VGC 2023 Regulation C","log":"|j|\u2606foiledfeline\n|j|\u2606Sjogis\n|t:|1682562074\n|gametype|doubles\n|player|p1|foiledfeline|102|1183\n|player|p2|Sjogis|fisherman-gen4|1111\n|teamsize|p1|6\n|teamsize|p2|6\n|gen|9\n|tier|[Gen 9] VGC 2023 Regulation C\n|rated|\n|rule|Species Clause: Limit one of each Pok\u00e9mon\n|rule|Item Clause: Limit one of each item\n|clearpoke\n|poke|p1|Flutter Mane, L50|\n|poke|p1|Talonflame, L50, F|\n|poke|p1|Baxcalibur, L50, F|\n|poke|p1|Ting-Lu, L50|\n|poke|p1|Gyarados, L50, F|\n|poke|p1|Breloom, L50, F|\n|poke|p2|Gastrodon-East, L50, M|\n|poke|p2|Bellibolt, L50, F|\n|poke|p2|Stantler, L50, F|\n|poke|p2|Annihilape, L50, F|\n|poke|p2|Pincurchin, L50, M|\n|poke|p2|Flutter Mane, L50|\n|teampreview|4\nfoiledfeline has agreed to open team sheets.\nSjogis rejected open team sheets.\n|inactive|Battle timer is ON: inactive players will automatically lose when time's up. (requested by Sjogis)\n|inactive|foiledfeline has 60 seconds left.\n|\n|t:|1682562143\n|start\n|switch|p1a: Talonflame|Talonflame, L50, F|100\/100\n|switch|p1b: Breloom|Breloom, L50, F|100\/100\n|switch|p2a: Gastrodon|Gastrodon-East, L50, M|100\/100\n|switch|p2b: Stantler|Stantler, L50, F|100\/100\n|-ability|p2b: Stantler|Intimidate|boost\n|-unboost|p1a: Talonflame|atk|1\n|-unboost|p1b: Breloom|atk|1\n|turn|1\n|\n|t:|1682562160\n|switch|p1a: Ting-Lu|Ting-Lu, L50|100\/100\n|-ability|p1a: Ting-Lu|Vessel of Ruin\n|switch|p2a: Pincurchin|Pincurchin, L50, M|100\/100\n|-fieldstart|move: Electric Terrain|[from] ability: Electric Surge|[of] p2a: Pincurchin\n|-enditem|p2a: Pincurchin|Electric Seed\n|-boost|p2a: Pincurchin|def|1|[from] item: Electric Seed\n|move|p1b: Breloom|Spore|p2b: Stantler\n|-activate|p2b: Stantler|move: Electric Terrain\n|move|p2b: Stantler|Trick Room|p2b: Stantler\n|-fieldstart|move: Trick Room|[of] p2b: Stantler\n|\n|upkeep\n|turn|2\n|\n|t:|1682562181\n|switch|p1b: Talonflame|Talonflame, L50, F|100\/100\n|move|p2a: Pincurchin|Acupressure|p2b: Stantler\n|-boost|p2b: Stantler|spe|2\n|move|p1a: Ting-Lu|Earthquake|p2a: Pincurchin|[spread] p2a,p2b\n|-immune|p1b: Talonflame\n|-supereffective|p2a: Pincurchin\n|-damage|p2a: Pincurchin|45\/100\n|-damage|p2b: Stantler|64\/100\n|move|p2b: Stantler|Skill Swap|p1a: Ting-Lu\n|-activate|p2b: Stantler|move: Skill Swap|Vessel of Ruin|Intimidate|[of] p1a: Ting-Lu\n|-ability|p2b: Stantler|Vessel of Ruin\n|-ability|p1a: Ting-Lu|Intimidate|boost\n|-unboost|p2a: Pincurchin|atk|1\n|-unboost|p2b: Stantler|atk|1\n|\n|upkeep\n|turn|3\n|inactive|foiledfeline has 30 seconds left.\n|inactive|Sjogis has 30 seconds left.\n|\n|t:|1682562215\n|switch|p2a: Bellibolt|Bellibolt, L50, F, shiny|100\/100\n|move|p1b: Talonflame|Brave Bird|p2b: Stantler\n|-damage|p2b: Stantler|12\/100\n|-damage|p1b: Talonflame|80\/100|[from] Recoil\n|move|p1a: Ting-Lu|Earthquake|p2b: Stantler|[spread] p2a,p2b\n|-immune|p1b: Talonflame\n|-supereffective|p2a: Bellibolt\n|-damage|p2a: Bellibolt|50\/100\n|-damage|p2b: Stantler|0 fnt\n|-start|p2a: Bellibolt|Charge|Earthquake|[from] ability: Electromorphosis\n|-enditem|p2a: Bellibolt|Weakness Policy\n|-boost|p2a: Bellibolt|atk|2|[from] item: Weakness Policy\n|-boost|p2a: Bellibolt|spa|2|[from] item: Weakness Policy\n|faint|p2b: Stantler\n|\n|upkeep\n|\n|t:|1682562223\n|switch|p2b: Gastrodon|Gastrodon-East, L50, M|100\/100\n|turn|4\n|inactive|foiledfeline has 30 seconds left.\n|\n|t:|1682562248\n|-terastallize|p2a: Bellibolt|Water\n|move|p1a: Ting-Lu|Protect|p1a: Ting-Lu\n|-singleturn|p1a: Ting-Lu|Protect\n|move|p2a: Bellibolt|Muddy Water|p1a: Ting-Lu|[spread] p1b\n|-activate|p1a: Ting-Lu|move: Protect\n|-supereffective|p1b: Talonflame\n|-damage|p1b: Talonflame|0 fnt\n|faint|p1b: Talonflame\n|move|p2b: Gastrodon|Hydro Pump|p1a: Ting-Lu\n|-activate|p1a: Ting-Lu|move: Protect\n|\n|upkeep\n|\n|t:|1682562266\n|switch|p1b: Breloom|Breloom, L50, F|100\/100\n|turn|5\n|\n|t:|1682562282\n|switch|p1a: Baxcalibur|Baxcalibur, L50, F|100\/100\n|move|p1b: Breloom|Protect|p1b: Breloom\n|-singleturn|p1b: Breloom|Protect\n|move|p2a: Bellibolt|Parabolic Charge|p1b: Breloom|[spread] p1a\n|-activate|p1b: Breloom|move: Protect\n|-immune|p2b: Gastrodon\n|-resisted|p1a: Baxcalibur\n|-damage|p1a: Baxcalibur|60\/100\n|-heal|p2a: Bellibolt|69\/100|[from] drain|[of] p1a: Baxcalibur\n|-end|p2a: Bellibolt|Charge|[silent]\n|move|p2b: Gastrodon|Yawn|p1b: Breloom\n|-activate|p1b: Breloom|move: Protect\n|\n|-fieldend|move: Trick Room\n|-fieldend|move: Electric Terrain\n|upkeep\n|turn|6\n|\n|t:|1682562302\n|switch|p2b: Pincurchin|Pincurchin, L50, M|45\/100\n|-fieldstart|move: Electric Terrain|[from] ability: Electric Surge|[of] p2b: Pincurchin\n|move|p1b: Breloom|Bullet Seed|p2a: Bellibolt\n|-supereffective|p2a: Bellibolt\n|-damage|p2a: Bellibolt|40\/100\n|-start|p2a: Bellibolt|Charge|Bullet Seed|[from] ability: Electromorphosis\n|-supereffective|p2a: Bellibolt\n|-damage|p2a: Bellibolt|11\/100\n|-start|p2a: Bellibolt|Charge|Bullet Seed|[from] ability: Electromorphosis\n|-hitcount|p2a: Bellibolt|2\n|move|p1a: Baxcalibur|Glaive Rush|p2b: Pincurchin\n|-damage|p2b: Pincurchin|0 fnt\n|-singlemove|p1a: Baxcalibur|Glaive Rush|[silent]\n|faint|p2b: Pincurchin\n|move|p2a: Bellibolt|Parabolic Charge|p1a: Baxcalibur|[spread] p1a,p1b\n|-resisted|p1a: Baxcalibur\n|-resisted|p1b: Breloom\n|-damage|p1a: Baxcalibur|0 fnt\n|-heal|p2a: Bellibolt|39\/100|[from] drain|[of] p1a: Baxcalibur\n|-damage|p1b: Breloom|15\/100\n|-heal|p2a: Bellibolt|67\/100|[from] drain|[of] p1b: Breloom\n|faint|p1a: Baxcalibur\n|-end|p2a: Bellibolt|Charge|[silent]\n|\n|upkeep\n|\n|t:|1682562322\n|switch|p1a: Ting-Lu|Ting-Lu, L50|100\/100\n|switch|p2b: Gastrodon|Gastrodon-East, L50, M|100\/100\n|-ability|p1a: Ting-Lu|Vessel of Ruin\n|turn|7\n|\n|t:|1682562340\n|move|p2b: Gastrodon|Helping Hand|p2a: Bellibolt\n|-singleturn|p2a: Bellibolt|Helping Hand|[of] p2b: Gastrodon\n|move|p1b: Breloom|Bullet Seed|p2a: Bellibolt\n|-supereffective|p2a: Bellibolt\n|-damage|p2a: Bellibolt|35\/100\n|-start|p2a: Bellibolt|Charge|Bullet Seed|[from] ability: Electromorphosis\n|-supereffective|p2a: Bellibolt\n|-damage|p2a: Bellibolt|5\/100\n|-start|p2a: Bellibolt|Charge|Bullet Seed|[from] ability: Electromorphosis\n|-supereffective|p2a: Bellibolt\n|-damage|p2a: Bellibolt|0 fnt\n|faint|p2a: Bellibolt\n|-hitcount|p2: Bellibolt|3\n|move|p1a: Ting-Lu|Ruination|p2b: Gastrodon\n|-damage|p2b: Gastrodon|50\/100\n|-enditem|p2b: Gastrodon|Sitrus Berry|[eat]\n|-heal|p2b: Gastrodon|75\/100|[from] item: Sitrus Berry\n|\n|upkeep\n|turn|8\n|-message|Sjogis forfeited.\n|\n|win|foiledfeline\n|raw|foiledfeline's rating: 1183 → 1203<\/strong> (+20 for winning)\n|raw|Sjogis's rating: 1111 → 1091<\/strong> (-20 for losing)\n|l|\u2606Sjogis\n","uploadtime":1682562359,"views":8,"p1id":"foiledfeline","p2id":"sjogis","formatid":"gen9vgc2023regulationc","rating":1091,"private":0,"password":""}