{"id":"gen9vgc2023regulationc-1848084980","p1":"minionbanana57","p2":"Lewlo","format":"[Gen 9] VGC 2023 Regulation C","log":"|j|\u2606minionbanana57\n|j|\u2606Lewlo\n|t:|1682027935\n|gametype|doubles\n|player|p1|minionbanana57|harlequin|1335\n|player|p2|Lewlo|pokemonbreeder-gen4|1325\n|teamsize|p1|6\n|teamsize|p2|6\n|gen|9\n|tier|[Gen 9] VGC 2023 Regulation C\n|rated|\n|rule|Species Clause: Limit one of each Pok\u00e9mon\n|rule|Item Clause: Limit one of each item\n|clearpoke\n|poke|p1|Iron Hands, L50|\n|poke|p1|Tyranitar, L50, M|\n|poke|p1|Garchomp, L50, M|\n|poke|p1|Gyarados, L50, F|\n|poke|p1|Amoonguss, L50, M|\n|poke|p1|Flutter Mane, L50|\n|poke|p2|Sylveon, L50, F|\n|poke|p2|Glimmora, L50, M|\n|poke|p2|Ting-Lu, L50|\n|poke|p2|Maushold, L50|\n|poke|p2|Garganacl, L50, M|\n|poke|p2|Wo-Chien, L50|\n|teampreview|4\n|inactive|Battle timer is ON: inactive players will automatically lose when time's up. (requested by Lewlo)\nminionbanana57 has agreed to open team sheets.\nLewlo has agreed to open team sheets.\n|c|\u2606Lewlo|glhf\n|inactive|minionbanana57 has 60 seconds left.\n|inactive|Lewlo has 60 seconds left.\n|\n|t:|1682027992\n|start\n|switch|p1a: Garchomp|Garchomp, L50, M|100\/100\n|switch|p1b: Iron Hands|Iron Hands, L50|100\/100\n|switch|p2a: Erm kinda cringe|Ting-Lu, L50|100\/100\n|switch|p2b: Beep Boop|Sylveon, L50, F|100\/100\n|-ability|p2a: Erm kinda cringe|Vessel of Ruin\n|turn|1\n|inactive|minionbanana57 has 30 seconds left.\n|inactive|minionbanana57 has 20 seconds left.\n|\n|t:|1682028031\n|-terastallize|p1b: Iron Hands|Flying\n|move|p2b: Beep Boop|Detect|p2b: Beep Boop\n|-singleturn|p2b: Beep Boop|Protect\n|move|p1a: Garchomp|Earthquake|p2a: Erm kinda cringe|[spread] p2a\n|-activate|p2b: Beep Boop|move: Protect\n|-immune|p1b: Iron Hands\n|-damage|p2a: Erm kinda cringe|79\/100\n|-damage|p1a: Garchomp|91\/100|[from] item: Life Orb\n|move|p1b: Iron Hands|Close Combat|p2a: Erm kinda cringe\n|-supereffective|p2a: Erm kinda cringe\n|-damage|p2a: Erm kinda cringe|12\/100\n|-unboost|p1b: Iron Hands|def|1\n|-unboost|p1b: Iron Hands|spd|1\n|-enditem|p2a: Erm kinda cringe|Weakness Policy\n|-boost|p2a: Erm kinda cringe|atk|2|[from] item: Weakness Policy\n|-boost|p2a: Erm kinda cringe|spa|2|[from] item: Weakness Policy\n|move|p2a: Erm kinda cringe|Stealth Rock|p1a: Garchomp\n|-sidestart|p1: minionbanana57|move: Stealth Rock\n|\n|upkeep\n|turn|2\n|inactive|minionbanana57 has 30 seconds left.\n|inactive|Lewlo has 30 seconds left.\n|inactive|Lewlo has 20 seconds left.\n|\n|t:|1682028070\n|move|p2a: Erm kinda cringe|Protect|p2a: Erm kinda cringe\n|-singleturn|p2a: Erm kinda cringe|Protect\n|move|p1a: Garchomp|Earthquake|p2b: Beep Boop|[spread] p2b\n|-activate|p2a: Erm kinda cringe|move: Protect\n|-immune|p1b: Iron Hands\n|-damage|p2b: Beep Boop|52\/100\n|-enditem|p2b: Beep Boop|Red Card|[of] p1a: Garchomp\n|drag|p1a: Tyranitar|Tyranitar, L50, M|100\/100\n|-damage|p1a: Tyranitar|88\/100|[from] Stealth Rock\n|-weather|Sandstorm|[from] ability: Sand Stream|[of] p1a: Tyranitar\n|move|p2b: Beep Boop|Hyper Voice|p1b: Iron Hands|[spread] p1a,p1b\n|-supereffective|p1a: Tyranitar\n|-crit|p1b: Iron Hands\n|-damage|p1a: Tyranitar|70\/100\n|-damage|p1b: Iron Hands|49\/100\n|move|p1b: Iron Hands|Wild Charge|p2b: Beep Boop\n|-damage|p2b: Beep Boop|3\/100\n|-damage|p1b: Iron Hands|39\/100|[from] Recoil\n|\n|-weather|Sandstorm|[upkeep]\n|-damage|p2b: Beep Boop|0 fnt|[from] Sandstorm\n|faint|p2b: Beep Boop\n|upkeep\n|\n|t:|1682028076\n|switch|p2b: True Alex YIIK|Wo-Chien, L50|100\/100\n|-ability|p2b: True Alex YIIK|Tablets of Ruin\n|turn|3\n|\n|t:|1682028096\n|-terastallize|p2b: True Alex YIIK|Poison\n|move|p2b: True Alex YIIK|Leech Seed|p1a: Tyranitar\n|-start|p1a: Tyranitar|move: Leech Seed\n|move|p1a: Tyranitar|Rock Slide|p2a: Erm kinda cringe|[spread] p2b\n|-miss|p1a: Tyranitar|p2a: Erm kinda cringe\n|-damage|p2b: True Alex YIIK|83\/100\n|move|p1b: Iron Hands|Close Combat|p2b: True Alex YIIK\n|-resisted|p2b: True Alex YIIK\n|-damage|p2b: True Alex YIIK|63\/100\n|-unboost|p1b: Iron Hands|def|1\n|-unboost|p1b: Iron Hands|spd|1\n|move|p2a: Erm kinda cringe|Ruination|p1a: Tyranitar\n|-damage|p1a: Tyranitar|35\/100\n|\n|-weather|Sandstorm|[upkeep]\n|-damage|p2b: True Alex YIIK|57\/100|[from] Sandstorm\n|-heal|p2b: True Alex YIIK|63\/100|[from] item: Leftovers\n|-damage|p1a: Tyranitar|23\/100|[from] Leech Seed|[of] p2b: True Alex YIIK\n|-heal|p2b: True Alex YIIK|76\/100|[silent]\n|upkeep\n|turn|4\n|\n|t:|1682028123\n|move|p2b: True Alex YIIK|Leech Seed|p1b: Iron Hands\n|-start|p1b: Iron Hands|move: Leech Seed\n|move|p1a: Tyranitar|Rock Slide|p2a: Erm kinda cringe|[spread] p2a,p2b\n|-resisted|p2a: Erm kinda cringe\n|-damage|p2a: Erm kinda cringe|6\/100\n|-damage|p2b: True Alex YIIK|58\/100\n|move|p1b: Iron Hands|Close Combat|p2a: Erm kinda cringe\n|-supereffective|p2a: Erm kinda cringe\n|-damage|p2a: Erm kinda cringe|0 fnt\n|-unboost|p1b: Iron Hands|def|1\n|-unboost|p1b: Iron Hands|spd|1\n|faint|p2a: Erm kinda cringe\n|\n|-weather|Sandstorm|[upkeep]\n|-damage|p2b: True Alex YIIK|52\/100|[from] Sandstorm\n|-heal|p2b: True Alex YIIK|58\/100|[from] item: Leftovers\n|-damage|p1a: Tyranitar|11\/100|[from] Leech Seed|[of] p2b: True Alex YIIK\n|-heal|p2b: True Alex YIIK|71\/100|[silent]\n|-damage|p1b: Iron Hands|27\/100|[from] Leech Seed|[of] p2b: True Alex YIIK\n|-heal|p2b: True Alex YIIK|87\/100|[silent]\n|upkeep\n|\n|t:|1682028140\n|switch|p2a: Erm Turbo Cringe|Garganacl, L50, M|100\/100\n|turn|5\n|\n|t:|1682028148\n|switch|p1a: Garchomp|Garchomp, L50, M|91\/100\n|-damage|p1a: Garchomp|85\/100|[from] Stealth Rock\n|move|p2a: Erm Turbo Cringe|Protect|p2a: Erm Turbo Cringe\n|-singleturn|p2a: Erm Turbo Cringe|Protect\n|move|p2b: True Alex YIIK|Pollen Puff|p1b: Iron Hands\n|-resisted|p1b: Iron Hands\n|-damage|p1b: Iron Hands|6\/100\n|move|p1b: Iron Hands|Close Combat|p2a: Erm Turbo Cringe\n|-activate|p2a: Erm Turbo Cringe|move: Protect\n|\n|-weather|Sandstorm|[upkeep]\n|-damage|p2b: True Alex YIIK|81\/100|[from] Sandstorm\n|-heal|p2b: True Alex YIIK|87\/100|[from] item: Leftovers\n|-damage|p1b: Iron Hands|0 fnt|[from] Leech Seed|[of] p2b: True Alex YIIK\n|-heal|p2b: True Alex YIIK|94\/100|[silent]\n|faint|p1b: Iron Hands\n|-end|p1b: Iron Hands|Quark Drive|[silent]\n|upkeep\n|\n|t:|1682028156\n|switch|p1b: Tyranitar|Tyranitar, L50, M|11\/100\n|-damage|p1b: Tyranitar|0 fnt|[from] Stealth Rock\n|faint|p1b: Tyranitar\n|\n|t:|1682028160\n|switch|p1b: Flutter Mane|Flutter Mane, L50, shiny|100\/100\n|-damage|p1b: Flutter Mane|89\/100|[from] Stealth Rock\n|turn|6\n|\n|t:|1682028169\n|move|p2a: Erm Turbo Cringe|Wide Guard|p2a: Erm Turbo Cringe\n|-singleturn|p2a: Erm Turbo Cringe|Wide Guard\n|move|p1b: Flutter Mane|Dazzling Gleam|p2b: True Alex YIIK|[spread] \n|-activate|p2a: Erm Turbo Cringe|move: Wide Guard\n|-activate|p2b: True Alex YIIK|move: Wide Guard\n|move|p1a: Garchomp|Earthquake|p2a: Erm Turbo Cringe|[spread] p1b\n|-activate|p2a: Erm Turbo Cringe|move: Wide Guard\n|-activate|p2b: True Alex YIIK|move: Wide Guard\n|-damage|p1b: Flutter Mane|26\/100\n|-damage|p1a: Garchomp|75\/100|[from] item: Life Orb\n|move|p2b: True Alex YIIK|Leech Seed|p1a: Garchomp\n|-start|p1a: Garchomp|move: Leech Seed\n|\n|-weather|none\n|-heal|p2b: True Alex YIIK|100\/100|[from] item: Leftovers\n|-damage|p1a: Garchomp|62\/100|[from] Leech Seed|[of] p2b: True Alex YIIK\n|upkeep\n|turn|7\n|\n|t:|1682028190\n|move|p1b: Flutter Mane|Dazzling Gleam|p2b: True Alex YIIK|[spread] p2a,p2b\n|-resisted|p2b: True Alex YIIK\n|-damage|p2a: Erm Turbo Cringe|64\/100\n|-damage|p2b: True Alex YIIK|83\/100\n|move|p1a: Garchomp|Dragon Claw|p2a: Erm Turbo Cringe\n|-damage|p2a: Erm Turbo Cringe|37\/100\n|-damage|p1a: Garchomp|53\/100|[from] item: Life Orb\n|move|p2b: True Alex YIIK|Leech Seed|p1b: Flutter Mane\n|-start|p1b: Flutter Mane|move: Leech Seed\n|move|p2a: Erm Turbo Cringe|Salt Cure|p1a: Garchomp\n|-resisted|p1a: Garchomp\n|-damage|p1a: Garchomp|47\/100\n|-start|p1a: Garchomp|Salt Cure\n|\n|-heal|p2b: True Alex YIIK|90\/100|[from] item: Leftovers\n|-damage|p1b: Flutter Mane|14\/100|[from] Leech Seed|[of] p2b: True Alex YIIK\n|-heal|p2b: True Alex YIIK|98\/100|[silent]\n|-damage|p1a: Garchomp|35\/100|[from] Leech Seed|[of] p2b: True Alex YIIK\n|-heal|p2b: True Alex YIIK|100\/100|[silent]\n|-damage|p1a: Garchomp|22\/100|[from] Salt Cure\n|upkeep\n|turn|8\n|c|\u2606minionbanana57|gg\n|-message|minionbanana57 forfeited.\n|\n|win|Lewlo\n|raw|minionbanana57's rating: 1335 → 1314<\/strong> (-21 for losing)\n|raw|Lewlo's rating: 1325 → 1346<\/strong> (+21 for winning)\n|c|\u2606Lewlo|gg\n|l|\u2606minionbanana57\n","uploadtime":1682028213,"views":6,"p1id":"minionbanana57","p2id":"lewlo","formatid":"gen9vgc2023regulationc","rating":1314,"private":0,"password":""}