{"id":"gen9vgc2023regulationc-1851568440","p1":"Trabje","p2":"Kirovz","format":"[Gen 9] VGC 2023 Regulation C","log":"|j|\u2606Trabje\n|j|\u2606Kirovz\n|t:|1682456548\n|gametype|doubles\n|player|p1|Trabje|pokemaniac|1341\n|player|p2|Kirovz|lance|1368\n|teamsize|p1|6\n|teamsize|p2|6\n|gen|9\n|tier|[Gen 9] VGC 2023 Regulation C\n|rated|\n|rule|Species Clause: Limit one of each Pok\u00e9mon\n|rule|Item Clause: Limit one of each item\n|clearpoke\n|poke|p1|Abomasnow, L50, F|\n|poke|p1|Kingambit, L50, M|\n|poke|p1|Ceruledge, L50, M|\n|poke|p1|Gyarados, L50, F|\n|poke|p1|Ting-Lu, L50|\n|poke|p1|Glimmora, L50, M|\n|poke|p2|Dondozo, L50, F|\n|poke|p2|Tatsugiri-Stretchy, L50, F|\n|poke|p2|Chi-Yu, L50|\n|poke|p2|Flutter Mane, L50|\n|poke|p2|Dragonite, L50, F|\n|poke|p2|Glimmora, L50, M|\n|teampreview|4\n|\n|t:|1682456580\n|start\n|switch|p1a: Kingambit|Kingambit, L50, M|100\/100\n|switch|p1b: Ting-Lu|Ting-Lu, L50|100\/100\n|switch|p2a: Glimmora|Glimmora, L50, M|100\/100\n|switch|p2b: Dondozo|Dondozo, L50, F|100\/100\n|-ability|p1b: Ting-Lu|Vessel of Ruin\n|turn|1\n|\n|t:|1682456595\n|move|p2a: Glimmora|Toxic|p1b: Ting-Lu\n|-status|p1b: Ting-Lu|tox\n|move|p1a: Kingambit|Iron Head|p2a: Glimmora\n|-supereffective|p2a: Glimmora\n|-enditem|p2a: Glimmora|Focus Sash\n|-damage|p2a: Glimmora|1\/100\n|-activate|p2a: Glimmora|ability: Toxic Debris\n|-sidestart|p1: Trabje|move: Toxic Spikes\n|move|p1b: Ting-Lu|Ruination|p2b: Dondozo|[miss]\n|-miss|p1b: Ting-Lu|p2b: Dondozo\n|move|p2b: Dondozo|Yawn|p1a: Kingambit\n|-start|p1a: Kingambit|move: Yawn|[of] p2b: Dondozo\n|\n|-damage|p1b: Ting-Lu|94\/100 tox|[from] psn\n|upkeep\n|turn|2\n|\n|t:|1682456619\n|switch|p1a: Glimmora|Glimmora, L50, M|100\/100\n|-sideend|p1: Trabje|move: Toxic Spikes|[of] p1a: Glimmora\n|move|p2a: Glimmora|Earth Power|p1a: Glimmora\n|-supereffective|p1a: Glimmora\n|-damage|p1a: Glimmora|3\/100\n|move|p1b: Ting-Lu|Snarl|p2a: Glimmora|[spread] p2a,p2b\n|-damage|p2a: Glimmora|0 fnt\n|-damage|p2b: Dondozo|96\/100\n|-unboost|p2b: Dondozo|spa|1\n|faint|p2a: Glimmora\n|move|p2b: Dondozo|Yawn|p1a: Glimmora\n|-start|p1a: Glimmora|move: Yawn|[of] p2b: Dondozo\n|\n|-damage|p1b: Ting-Lu|82\/100 tox|[from] psn\n|upkeep\n|\n|t:|1682456633\n|switch|p2a: Flutter Mane|Flutter Mane, L50|100\/100\n|-enditem|p2a: Flutter Mane|Booster Energy\n|-activate|p2a: Flutter Mane|ability: Protosynthesis|[fromitem]\n|-start|p2a: Flutter Mane|protosynthesisspe\n|turn|3\n|\n|t:|1682456655\n|move|p2a: Flutter Mane|Protect|p2a: Flutter Mane\n|-singleturn|p2a: Flutter Mane|Protect\n|move|p1a: Glimmora|Mortal Spin|p2a: Flutter Mane|[spread] p2b\n|-activate|p2a: Flutter Mane|move: Protect\n|-damage|p2b: Dondozo|93\/100\n|-status|p2b: Dondozo|psn\n|move|p1b: Ting-Lu|Snarl|p2b: Dondozo|[spread] p2b\n|-activate|p2a: Flutter Mane|move: Protect\n|-damage|p2b: Dondozo|87\/100 psn\n|-unboost|p2b: Dondozo|spa|1\n|move|p2b: Dondozo|Yawn||[still]\n|-fail|p2b: Dondozo\n|\n|-damage|p1b: Ting-Lu|64\/100 tox|[from] psn\n|-damage|p2b: Dondozo|75\/100 psn|[from] psn\n|-end|p1a: Glimmora|move: Yawn|[silent]\n|-status|p1a: Glimmora|slp\n|upkeep\n|turn|4\n|\n|t:|1682456672\n|-terastallize|p2a: Flutter Mane|Steel\n|move|p2a: Flutter Mane|Substitute|p2a: Flutter Mane\n|-start|p2a: Flutter Mane|Substitute\n|-damage|p2a: Flutter Mane|76\/100\n|cant|p1a: Glimmora|slp\n|move|p1b: Ting-Lu|Snarl|p2b: Dondozo|[spread] p2a,p2b\n|-crit|p2a: Flutter Mane\n|-damage|p2a: Flutter Mane|63\/100\n|-damage|p2b: Dondozo|70\/100 psn\n|-unboost|p2a: Flutter Mane|spa|1\n|-unboost|p2b: Dondozo|spa|1\n|move|p2b: Dondozo|Wave Crash|p1b: Ting-Lu\n|-supereffective|p1b: Ting-Lu\n|-damage|p1b: Ting-Lu|20\/100 tox\n|-damage|p2b: Dondozo|55\/100 psn|[from] Recoil\n|\n|-damage|p1b: Ting-Lu|0 fnt|[from] psn\n|faint|p1b: Ting-Lu\n|-damage|p2b: Dondozo|42\/100 psn|[from] psn\n|upkeep\n|-enditem|p2b: Dondozo|Sitrus Berry|[eat]\n|-heal|p2b: Dondozo|67\/100 psn|[from] item: Sitrus Berry\n|\n|t:|1682456685\n|switch|p1b: Kingambit|Kingambit, L50, M|100\/100\n|turn|5\n|\n|t:|1682456703\n|move|p2a: Flutter Mane|Hex|p1a: Glimmora\n|-damage|p1a: Glimmora|0 fnt\n|faint|p1a: Glimmora\n|move|p1b: Kingambit|Kowtow Cleave|p2a: Flutter Mane\n|-end|p2a: Flutter Mane|Substitute\n|move|p2b: Dondozo|Yawn|p1b: Kingambit\n|-start|p1b: Kingambit|move: Yawn|[of] p2b: Dondozo\n|\n|-damage|p2b: Dondozo|55\/100 psn|[from] psn\n|upkeep\n|\n|t:|1682456712\n|switch|p1a: Ceruledge|Ceruledge, L50, M|100\/100\n|turn|6\n|\n|t:|1682456730\n|-end|p2a: Flutter Mane|Protosynthesis|[silent]\n|switch|p2a: Dragonite|Dragonite, L50, F|100\/100\n|-terastallize|p1a: Ceruledge|Grass\n|move|p1a: Ceruledge|Bulk Up|p1a: Ceruledge\n|-boost|p1a: Ceruledge|atk|1\n|-boost|p1a: Ceruledge|def|1\n|move|p1b: Kingambit|Kowtow Cleave|p2a: Dragonite\n|-damage|p2a: Dragonite|65\/100\n|move|p2b: Dondozo|Yawn|p1a: Ceruledge\n|-start|p1a: Ceruledge|move: Yawn|[of] p2b: Dondozo\n|\n|-damage|p2b: Dondozo|42\/100 psn|[from] psn\n|-end|p1b: Kingambit|move: Yawn|[silent]\n|-status|p1b: Kingambit|slp\n|upkeep\n|turn|7\n|\n|t:|1682456742\n|move|p2a: Dragonite|Protect|p2a: Dragonite\n|-singleturn|p2a: Dragonite|Protect\n|move|p1a: Ceruledge|Bulk Up|p1a: Ceruledge\n|-boost|p1a: Ceruledge|atk|1\n|-boost|p1a: Ceruledge|def|1\n|cant|p1b: Kingambit|slp\n|move|p2b: Dondozo|Wave Crash|p1b: Kingambit\n|-damage|p1b: Kingambit|72\/100 slp\n|-damage|p2b: Dondozo|34\/100 psn|[from] Recoil\n|\n|-damage|p2b: Dondozo|22\/100 psn|[from] psn\n|-end|p1a: Ceruledge|move: Yawn|[silent]\n|-status|p1a: Ceruledge|slp\n|upkeep\n|turn|8\n|\n|t:|1682456757\n|move|p2a: Dragonite|Aerial Ace|p1a: Ceruledge\n|-supereffective|p1a: Ceruledge\n|-damage|p1a: Ceruledge|63\/100 slp\n|cant|p1a: Ceruledge|slp\n|cant|p1b: Kingambit|slp\n|move|p2b: Dondozo|Wave Crash|p1b: Kingambit\n|-damage|p1b: Kingambit|41\/100 slp\n|-damage|p2b: Dondozo|14\/100 psn|[from] Recoil\n|\n|-heal|p1a: Ceruledge|69\/100 slp|[from] item: Leftovers\n|-damage|p2b: Dondozo|1\/100 psn|[from] psn\n|upkeep\n|turn|9\n|\n|t:|1682456767\n|move|p2a: Dragonite|Stomping Tantrum|p1b: Kingambit\n|-supereffective|p1b: Kingambit\n|-damage|p1b: Kingambit|0 fnt\n|faint|p1b: Kingambit\n|cant|p1a: Ceruledge|slp\n|move|p2b: Dondozo|Yawn||[still]\n|-fail|p2b: Dondozo\n|\n|-heal|p1a: Ceruledge|75\/100 slp|[from] item: Leftovers\n|-damage|p2b: Dondozo|0 fnt|[from] psn\n|faint|p2b: Dondozo\n|upkeep\n|\n|t:|1682456773\n|switch|p2b: Flutter Mane|Flutter Mane, L50, tera:Steel|63\/100\n|turn|10\n|\n|t:|1682456779\n|move|p2a: Dragonite|Protect|p2a: Dragonite\n|-singleturn|p2a: Dragonite|Protect\n|move|p2b: Flutter Mane|Substitute|p2b: Flutter Mane\n|-start|p2b: Flutter Mane|Substitute\n|-damage|p2b: Flutter Mane|38\/100\n|cant|p1a: Ceruledge|slp\n|\n|-heal|p1a: Ceruledge|82\/100 slp|[from] item: Leftovers\n|upkeep\n|turn|11\n|\n|t:|1682456786\n|move|p2b: Flutter Mane|Hex|p1a: Ceruledge\n|-damage|p1a: Ceruledge|19\/100 slp\n|move|p2a: Dragonite|Aerial Ace|p1a: Ceruledge\n|-supereffective|p1a: Ceruledge\n|-damage|p1a: Ceruledge|0 fnt\n|faint|p1a: Ceruledge\n|\n|win|Kirovz\n|raw|Trabje's rating: 1341 → 1323<\/strong> (-18 for losing)\n|raw|Kirovz's rating: 1368 → 1386<\/strong> (+18 for winning)\n|c|\u2606Trabje|zzzz\n|l|\u2606Trabje\n","uploadtime":1682456796,"views":4,"p1id":"trabje","p2id":"kirovz","formatid":"gen9vgc2023regulationc","rating":1323,"private":0,"password":""}