{"id":"gen9vgc2023regulationc-1861600739","p1":"EmnEmms","p2":"zlint","format":"[Gen 9] VGC 2023 Regulation C","log":"|j|\u2606EmnEmms\n|j|\u2606zlint\n|t:|1683779369\n|gametype|doubles\n|player|p1|EmnEmms|guitarist|1335\n|player|p2|zlint|lyra-masters2|1362\n|teamsize|p1|6\n|teamsize|p2|6\n|gen|9\n|tier|[Gen 9] VGC 2023 Regulation C\n|rated|\n|rule|Species Clause: Limit one of each Pok\u00e9mon\n|rule|Item Clause: Limit one of each item\n|clearpoke\n|poke|p1|Dragonite, L50, F|\n|poke|p1|Chien-Pao, L50|\n|poke|p1|Torkoal, L50, F|\n|poke|p1|Gastrodon-East, L50, F|\n|poke|p1|Great Tusk, L50|\n|poke|p1|Flutter Mane, L50|\n|poke|p2|Scream Tail, L50|\n|poke|p2|Baxcalibur, L50, F|\n|poke|p2|Corviknight, L50, M|\n|poke|p2|Rotom-Wash, L50|\n|poke|p2|Flutter Mane, L50|\n|poke|p2|Tyranitar, L50, F|\n|teampreview|4\nEmnEmms has agreed to open team sheets.\nzlint has agreed to open team sheets.\n|\n|t:|1683779438\n|start\n|switch|p1a: Dragonite|Dragonite, L50, F|100\/100\n|switch|p1b: Great Tusk|Great Tusk, L50|100\/100\n|switch|p2a: Flutter Mane|Flutter Mane, L50|100\/100\n|switch|p2b: Rotom|Rotom-Wash, L50, shiny|100\/100\n|turn|1\n|\n|t:|1683779468\n|-terastallize|p1a: Dragonite|Normal\n|move|p2a: Flutter Mane|Protect|p2a: Flutter Mane\n|-singleturn|p2a: Flutter Mane|Protect\n|move|p1a: Dragonite|Extreme Speed|p2b: Rotom\n|-damage|p2b: Rotom|58\/100\n|move|p1b: Great Tusk|Close Combat|p2b: Rotom\n|-damage|p2b: Rotom|5\/100\n|-unboost|p1b: Great Tusk|def|1\n|-unboost|p1b: Great Tusk|spd|1\n|-enditem|p2b: Rotom|Sitrus Berry|[eat]\n|-heal|p2b: Rotom|30\/100|[from] item: Sitrus Berry\n|move|p2b: Rotom|Will-O-Wisp|p1b: Great Tusk\n|-status|p1b: Great Tusk|brn\n|\n|-damage|p1b: Great Tusk|94\/100 brn|[from] brn\n|upkeep\n|turn|2\n|\n|t:|1683779494\n|-end|p1b: Great Tusk|Protosynthesis|[silent]\n|switch|p1b: Torkoal|Torkoal, L50, F|100\/100\n|-weather|SunnyDay|[from] ability: Drought|[of] p1b: Torkoal\n|-activate|p2a: Flutter Mane|ability: Protosynthesis\n|-start|p2a: Flutter Mane|protosynthesisspe\n|switch|p2b: Scream Tail|Scream Tail, L50, shiny|100\/100\n|-activate|p2b: Scream Tail|ability: Protosynthesis\n|-start|p2b: Scream Tail|protosynthesisspe\n|move|p1a: Dragonite|Extreme Speed|p2b: Scream Tail\n|-damage|p2b: Scream Tail|66\/100\n|move|p2a: Flutter Mane|Substitute|p2a: Flutter Mane\n|-start|p2a: Flutter Mane|Substitute\n|-damage|p2a: Flutter Mane|76\/100\n|\n|-weather|SunnyDay|[upkeep]\n|upkeep\n|turn|3\n|\n|t:|1683779519\n|-end|p2b: Scream Tail|Protosynthesis|[silent]\n|switch|p2b: Tyranitar|Tyranitar, L50, F|100\/100\n|-weather|Sandstorm|[from] ability: Sand Stream|[of] p2b: Tyranitar\n|-end|p2a: Flutter Mane|Protosynthesis\n|move|p2a: Flutter Mane|Shadow Ball|p1b: Torkoal\n|-damage|p1b: Torkoal|46\/100\n|-damage|p2a: Flutter Mane|67\/100|[from] item: Life Orb\n|move|p1a: Dragonite|Tailwind|p1a: Dragonite\n|-sidestart|p1: EmnEmms|move: Tailwind\n|move|p1b: Torkoal|Yawn|p2b: Tyranitar\n|-start|p2b: Tyranitar|move: Yawn|[of] p1b: Torkoal\n|\n|-weather|Sandstorm|[upkeep]\n|-damage|p1a: Dragonite|95\/100|[from] Sandstorm\n|-damage|p2a: Flutter Mane|61\/100|[from] Sandstorm\n|-damage|p1b: Torkoal|39\/100|[from] Sandstorm\n|-heal|p1a: Dragonite|100\/100|[from] item: Leftovers\n|upkeep\n|turn|4\n|\n|t:|1683779559\n|switch|p1a: Great Tusk|Great Tusk, L50|94\/100 brn\n|switch|p2b: Rotom|Rotom-Wash, L50, shiny|30\/100\n|move|p2a: Flutter Mane|Shadow Ball|p1b: Torkoal\n|-damage|p1b: Torkoal|0 fnt\n|faint|p1b: Torkoal\n|-damage|p2a: Flutter Mane|52\/100|[from] item: Life Orb\n|\n|-weather|Sandstorm|[upkeep]\n|-damage|p2a: Flutter Mane|46\/100|[from] Sandstorm\n|-damage|p2b: Rotom|24\/100|[from] Sandstorm\n|-damage|p1a: Great Tusk|88\/100 brn|[from] brn\n|upkeep\n|\n|t:|1683779569\n|switch|p1b: Chien-Pao|Chien-Pao, L50|100\/100\n|-ability|p1b: Chien-Pao|Sword of Ruin\n|turn|5\n|\n|t:|1683779593\n|move|p1a: Great Tusk|Close Combat|p2b: Rotom\n|-damage|p2b: Rotom|0 fnt\n|-unboost|p1a: Great Tusk|def|1\n|-unboost|p1a: Great Tusk|spd|1\n|faint|p2b: Rotom\n|move|p1b: Chien-Pao|Crunch|p2a: Flutter Mane\n|-end|p2a: Flutter Mane|Substitute\n|move|p2a: Flutter Mane|Moonblast|p1b: Chien-Pao\n|-supereffective|p1b: Chien-Pao\n|-enditem|p1b: Chien-Pao|Focus Sash\n|-damage|p1b: Chien-Pao|1\/100\n|-damage|p2a: Flutter Mane|36\/100|[from] item: Life Orb\n|\n|-weather|Sandstorm|[upkeep]\n|-damage|p1b: Chien-Pao|0 fnt|[from] Sandstorm\n|-damage|p2a: Flutter Mane|31\/100|[from] Sandstorm\n|faint|p1b: Chien-Pao\n|-damage|p1a: Great Tusk|82\/100 brn|[from] brn\n|upkeep\n|\n|t:|1683779605\n|switch|p1b: Dragonite|Dragonite, L50, F, tera:Normal|100\/100\n|switch|p2b: Tyranitar|Tyranitar, L50, F|100\/100\n|turn|6\n|-message|EmnEmms forfeited.\n|\n|win|zlint\n|raw|EmnEmms's rating: 1335 → 1317<\/strong> (-18 for losing)\n|raw|zlint's rating: 1362 → 1380<\/strong> (+18 for winning)\n|l|\u2606EmnEmms\n","uploadtime":1683779635,"views":15,"p1id":"emnemms","p2id":"zlint","formatid":"gen9vgc2023regulationc","rating":1317,"private":0,"password":""}