{"id":"gen9vgc2023regulationc-1846623944","p1":"LimeadeGuy","p2":"stemman","format":"[Gen 9] VGC 2023 Regulation C","log":"|j|\u2606LimeadeGuy\n|j|\u2606stemman\n|t:|1681858502\n|gametype|doubles\n|player|p1|LimeadeGuy|gentleman-gen4|\n|player|p2|stemman|iris|\n|teamsize|p1|6\n|teamsize|p2|6\n|gen|9\n|tier|[Gen 9] VGC 2023 Regulation C\n|rule|Species Clause: Limit one of each Pok\u00e9mon\n|rule|Item Clause: Limit one of each item\n|clearpoke\n|poke|p1|Torkoal, L50, F|\n|poke|p1|Bronzong, L50|\n|poke|p1|Breloom, L50, M|\n|poke|p1|Abomasnow, L50, F|\n|poke|p1|Maushold-Four, L50|\n|poke|p1|Iron Bundle, L50|\n|poke|p2|Amoonguss, L50, M|\n|poke|p2|Roaring Moon, L50|\n|poke|p2|Maushold-Four, L50|\n|poke|p2|Arcanine, L50, F|\n|poke|p2|Gholdengo, L50|\n|poke|p2|Lilligant, L50, F|\n|teampreview|4\n|\n|t:|1681858529\n|start\n|switch|p1a: BIG MAN|Torkoal, L50, F|100\/100\n|switch|p1b: rat|Maushold-Four, L50, shiny|100\/100\n|switch|p2a: heybrothahowsitgon|Gholdengo, L50|100\/100\n|switch|p2b: Cerberus|Arcanine, L50, F|100\/100\n|-ability|p2b: Cerberus|Intimidate|boost\n|-unboost|p1a: BIG MAN|atk|1\n|-unboost|p1b: rat|atk|1\n|-weather|SunnyDay|[from] ability: Drought|[of] p1a: BIG MAN\n|turn|1\n|\n|t:|1681858584\n|-terastallize|p2a: heybrothahowsitgon|Steel\n|-terastallize|p1a: BIG MAN|Fire\n|move|p1b: rat|Helping Hand|p1a: BIG MAN\n|-singleturn|p1a: BIG MAN|Helping Hand|[of] p1b: rat\n|move|p2b: Cerberus|Protect|p2b: Cerberus\n|-singleturn|p2b: Cerberus|Protect\n|move|p2a: heybrothahowsitgon|Make It Rain|p1b: rat|[spread] p1a,p1b\n|-resisted|p1a: BIG MAN\n|-damage|p1a: BIG MAN|37\/100\n|-damage|p1b: rat|0 fnt\n|-unboost|p2a: heybrothahowsitgon|spa|1\n|faint|p1b: rat\n|move|p1a: BIG MAN|Eruption|p2b: Cerberus|[spread] p2a\n|-activate|p2b: Cerberus|move: Protect\n|-supereffective|p2a: heybrothahowsitgon\n|-damage|p2a: heybrothahowsitgon|0 fnt\n|faint|p2a: heybrothahowsitgon\n|\n|-weather|SunnyDay|[upkeep]\n|upkeep\n|\n|t:|1681858605\n|switch|p1b: Fe10|Iron Bundle, L50|100\/100\n|switch|p2a: Char!zard|Amoonguss, L50, M, shiny|100\/100\n|-enditem|p1b: Fe10|Booster Energy\n|-activate|p1b: Fe10|ability: Quark Drive|[fromitem]\n|-start|p1b: Fe10|quarkdrivespa\n|turn|2\n|\n|t:|1681858626\n|move|p1b: Fe10|Freeze-Dry|p2a: Char!zard\n|-supereffective|p2a: Char!zard\n|-damage|p2a: Char!zard|5\/100\n|move|p2b: Cerberus|Snarl|p1a: BIG MAN|[spread] p1a,p1b\n|-damage|p1a: BIG MAN|24\/100\n|-damage|p1b: Fe10|87\/100\n|-unboost|p1a: BIG MAN|spa|1\n|-unboost|p1b: Fe10|spa|1\n|move|p2a: Char!zard|Spore|p1b: Fe10\n|-status|p1b: Fe10|slp|[from] move: Spore\n|move|p1a: BIG MAN|Eruption|p2b: Cerberus|[spread] p2a,p2b\n|-supereffective|p2a: Char!zard\n|-resisted|p2b: Cerberus\n|-damage|p2a: Char!zard|0 fnt\n|-damage|p2b: Cerberus|88\/100\n|faint|p2a: Char!zard\n|\n|-weather|SunnyDay|[upkeep]\n|upkeep\n|\n|t:|1681858641\n|switch|p2a: Charizard ky&s|Maushold-Four, L50|100\/100\n|turn|3\n|\n|t:|1681858649\n|cant|p1b: Fe10|slp\n|move|p2a: Charizard ky&s|Population Bomb|p1b: Fe10\n|-damage|p1b: Fe10|73\/100 slp\n|-damage|p1b: Fe10|57\/100 slp\n|-damage|p1b: Fe10|43\/100 slp\n|-damage|p1b: Fe10|27\/100 slp\n|-damage|p1b: Fe10|13\/100 slp\n|-damage|p1b: Fe10|0 fnt\n|faint|p1b: Fe10\n|-end|p1b: Fe10|Quark Drive|[silent]\n|-hitcount|p1: Fe10|6\n|move|p2b: Cerberus|Snarl|p1a: BIG MAN\n|-damage|p1a: BIG MAN|9\/100\n|-unboost|p1a: BIG MAN|spa|1\n|move|p1a: BIG MAN|Eruption|p2a: Charizard ky&s|[spread] p2a,p2b\n|-resisted|p2b: Cerberus\n|-damage|p2a: Charizard ky&s|92\/100\n|-damage|p2b: Cerberus|85\/100\n|\n|-weather|SunnyDay|[upkeep]\n|upkeep\n|\n|t:|1681858654\n|switch|p1b: white obama|Abomasnow, L50, F, shiny|100\/100\n|-weather|Snow|[from] ability: Snow Warning|[of] p1b: white obama\n|turn|4\n|\n|t:|1681858687\n|move|p2a: Charizard ky&s|Thunder Wave|p1b: white obama\n|-status|p1b: white obama|par\n|move|p2b: Cerberus|Snarl|p1a: BIG MAN|[spread] p1a,p1b\n|-damage|p1a: BIG MAN|0 fnt\n|-damage|p1b: white obama|90\/100 par\n|-unboost|p1b: white obama|spa|1\n|faint|p1a: BIG MAN\n|move|p1b: white obama|Earth Power|p2b: Cerberus\n|-supereffective|p2b: Cerberus\n|-damage|p2b: Cerberus|47\/100\n|-damage|p1b: white obama|81\/100 par|[from] item: Life Orb\n|\n|-weather|Snow|[upkeep]\n|upkeep\n|turn|5\n|\n|t:|1681858703\n|move|p2a: Charizard ky&s|Population Bomb|p1b: white obama\n|-damage|p1b: white obama|73\/100 par\n|-damage|p1b: white obama|65\/100 par\n|-damage|p1b: white obama|57\/100 par\n|-damage|p1b: white obama|49\/100 par\n|-damage|p1b: white obama|42\/100 par\n|-damage|p1b: white obama|34\/100 par\n|-damage|p1b: white obama|26\/100 par\n|-crit|p1b: white obama\n|-damage|p1b: white obama|15\/100 par\n|-damage|p1b: white obama|8\/100 par\n|-crit|p1b: white obama\n|-damage|p1b: white obama|0 fnt\n|faint|p1b: white obama\n|-hitcount|p1: white obama|10\n|\n|win|stemman\n","uploadtime":1681858720,"views":11,"p1id":"limeadeguy","p2id":"stemman","formatid":"gen9vgc2023regulationc","rating":0,"private":0,"password":""}