{"id":"gen9vgc2023regulationc-1854849400","p1":"PITTOKIOTOMARE","p2":"WillieDangerously","format":"[Gen 9] VGC 2023 Regulation C","log":"|j|\u2606PITTOKIOTOMARE\n|j|\u2606WillieDangerously\n|t:|1682873115\n|gametype|doubles\n|player|p1|PITTOKIOTOMARE|alder|\n|player|p2|WillieDangerously|psychic-gen4|\n|teamsize|p1|6\n|teamsize|p2|6\n|gen|9\n|tier|[Gen 9] VGC 2023 Regulation C\n|rule|Species Clause: Limit one of each Pok\u00e9mon\n|rule|Item Clause: Limit one of each item\n|clearpoke\n|poke|p1|Dragonite, L50, F|\n|poke|p1|Garganacl, L50, M|\n|poke|p1|Chi-Yu, L50|\n|poke|p1|Tinkaton, L50, F|\n|poke|p1|Gastrodon, L50, M|\n|poke|p1|Talonflame, L50, F|\n|poke|p2|Chien-Pao, L50|\n|poke|p2|Amoonguss, L50, F|\n|poke|p2|Palafin, L50, F|\n|poke|p2|Dragapult, L50, M|\n|poke|p2|Scream Tail, L50|\n|poke|p2|Arcanine, L50, M|\n|teampreview|4\nPITTOKIOTOMARE has agreed to open team sheets.\n|inactive|Battle timer is ON: inactive players will automatically lose when time's up. (requested by PITTOKIOTOMARE)\n|\n|t:|1682873147\n|start\n|switch|p1a: Talonflame|Talonflame, L50, F|100\/100\n|switch|p1b: Tinkaton|Tinkaton, L50, F|100\/100\n|switch|p2a: Amoonguss|Amoonguss, L50, F|100\/100\n|switch|p2b: Palafin|Palafin, L50, F|100\/100\n|turn|1\n|inactive|PITTOKIOTOMARE has 30 seconds left.\n|inactive|WillieDangerously has 30 seconds left.\n|\n|t:|1682873180\n|move|p2a: Amoonguss|Rage Powder|p2a: Amoonguss\n|-singleturn|p2a: Amoonguss|move: Rage Powder\n|move|p1a: Talonflame|Taunt|p2a: Amoonguss\n|-start|p2a: Amoonguss|move: Taunt\n|move|p2b: Palafin|Wave Crash|p1a: Talonflame\n|-supereffective|p1a: Talonflame\n|-damage|p1a: Talonflame|0 fnt\n|faint|p1a: Talonflame\n|-damage|p2b: Palafin|66\/100|[from] Recoil\n|move|p1b: Tinkaton|Play Rough|p2a: Amoonguss\n|-resisted|p2a: Amoonguss\n|-damage|p2a: Amoonguss|80\/100\n|-damage|p1b: Tinkaton|84\/100|[from] item: Rocky Helmet|[of] p2a: Amoonguss\n|\n|upkeep\n|\n|t:|1682873195\n|switch|p1a: Garganacl|Garganacl, L50, M|100\/100\n|turn|2\n|\n|t:|1682873209\n|detailschange|p2b: Palafin|Palafin-Hero, L50, F\n|switch|p2b: Arcanine|Arcanine, L50, M|100\/100\n|-ability|p2b: Arcanine|Intimidate|boost\n|-unboost|p1a: Garganacl|atk|1\n|-fail|p1b: Tinkaton|unboost|Attack|[from] ability: Own Tempo|[of] p1b: Tinkaton\n|switch|p1b: Gastrodon|Gastrodon, L50, M|100\/100\n|move|p1a: Garganacl|Substitute|p1a: Garganacl\n|-start|p1a: Garganacl|Substitute\n|-damage|p1a: Garganacl|76\/100\n|move|p2a: Amoonguss|Giga Drain|p1a: Garganacl\n|-supereffective|p1a: Garganacl\n|-end|p1a: Garganacl|Substitute\n|-heal|p2a: Amoonguss|92\/100|[from] drain|[of] p1a: Garganacl\n|\n|-heal|p1a: Garganacl|82\/100|[from] item: Leftovers\n|upkeep\n|turn|3\n|inactive|PITTOKIOTOMARE has 30 seconds left.\n|inactive|WillieDangerously has 30 seconds left.\n|\n|t:|1682873237\n|switch|p2b: Palafin|Palafin-Hero, L50, F|66\/100\n|-activate|p2b: Palafin|ability: Zero to Hero\n|-terastallize|p1a: Garganacl|Ghost\n|move|p1b: Gastrodon|Yawn|p2b: Palafin\n|-start|p2b: Palafin|move: Yawn|[of] p1b: Gastrodon\n|move|p1a: Garganacl|Substitute|p1a: Garganacl\n|-start|p1a: Garganacl|Substitute\n|-damage|p1a: Garganacl|57\/100\n|move|p2a: Amoonguss|Pollen Puff|p2b: Palafin\n|-heal|p2b: Palafin|100\/100\n|\n|-heal|p1a: Garganacl|63\/100|[from] item: Leftovers\n|upkeep\n|turn|4\n|inactive|PITTOKIOTOMARE has 30 seconds left.\n|inactive|WillieDangerously has 30 seconds left.\n|inactive|WillieDangerously has 20 seconds left.\n|inactive|WillieDangerously has 15 seconds left.\n|\n|t:|1682873278\n|switch|p2b: Arcanine|Arcanine, L50, M|100\/100\n|-ability|p2b: Arcanine|Intimidate|boost\n|-immune|p1a: Garganacl\n|-unboost|p1b: Gastrodon|atk|1\n|move|p1b: Gastrodon|Yawn|p2a: Amoonguss\n|-start|p2a: Amoonguss|move: Yawn|[of] p1b: Gastrodon\n|move|p1a: Garganacl|Salt Cure|p2b: Arcanine\n|-supereffective|p2b: Arcanine\n|-damage|p2b: Arcanine|77\/100\n|-start|p2b: Arcanine|Salt Cure\n|move|p2a: Amoonguss|Giga Drain|p1b: Gastrodon\n|-supereffective|p1b: Gastrodon\n|-damage|p1b: Gastrodon|34\/100\n|-heal|p2a: Amoonguss|100\/100|[from] drain|[of] p1b: Gastrodon\n|\n|-heal|p1a: Garganacl|69\/100|[from] item: Leftovers\n|-damage|p2b: Arcanine|65\/100|[from] Salt Cure\n|-end|p2a: Amoonguss|move: Taunt\n|upkeep\n|turn|5\n|inactive|WillieDangerously has 30 seconds left.\n|inactive|WillieDangerously has 20 seconds left.\n|inactive|WillieDangerously has 15 seconds left.\n|inactive|WillieDangerously has 10 seconds left.\n|\n|t:|1682873325\n|switch|p1b: Tinkaton|Tinkaton, L50, F|84\/100\n|move|p2b: Arcanine|Extreme Speed|p1b: Tinkaton\n|-resisted|p1b: Tinkaton\n|-damage|p1b: Tinkaton|71\/100\n|move|p1a: Garganacl|Salt Cure|p2a: Amoonguss\n|-damage|p2a: Amoonguss|91\/100\n|-start|p2a: Amoonguss|Salt Cure\n|move|p2a: Amoonguss|Pollen Puff|p2b: Arcanine\n|-heal|p2b: Arcanine|100\/100\n|\n|-heal|p1a: Garganacl|74\/100|[from] item: Leftovers\n|-damage|p2b: Arcanine|88\/100|[from] Salt Cure\n|-damage|p2a: Amoonguss|79\/100|[from] Salt Cure\n|-end|p2a: Amoonguss|move: Yawn|[silent]\n|-status|p2a: Amoonguss|slp\n|upkeep\n|turn|6\n|inactive|WillieDangerously has 30 seconds left.\n|inactive|WillieDangerously has 20 seconds left.\n|inactive|PITTOKIOTOMARE has 30 seconds left.\n|inactive|WillieDangerously has 15 seconds left.\n|inactive|WillieDangerously has 10 seconds left.\n|\n|t:|1682873372\n|move|p2b: Arcanine|Protect|p2b: Arcanine\n|-singleturn|p2b: Arcanine|Protect\n|move|p1b: Tinkaton|Fake Out|p2b: Arcanine\n|-activate|p2b: Arcanine|move: Protect\n|move|p1a: Garganacl|Salt Cure|p2b: Arcanine\n|-activate|p2b: Arcanine|move: Protect\n|cant|p2a: Amoonguss|slp\n|\n|-heal|p1a: Garganacl|80\/100|[from] item: Leftovers\n|-damage|p2b: Arcanine|76\/100|[from] Salt Cure\n|-damage|p2a: Amoonguss|67\/100 slp|[from] Salt Cure\n|upkeep\n|turn|7\n|inactive|WillieDangerously has 30 seconds left.\n|\n|t:|1682873407\n|move|p2b: Arcanine|Flare Blitz|p1b: Tinkaton\n|-supereffective|p1b: Tinkaton\n|-damage|p1b: Tinkaton|0 fnt\n|faint|p1b: Tinkaton\n|-damage|p2b: Arcanine|50\/100|[from] Recoil\n|move|p1a: Garganacl|Salt Cure|p2b: Arcanine\n|-supereffective|p2b: Arcanine\n|-damage|p2b: Arcanine|26\/100\n|cant|p2a: Amoonguss|slp\n|\n|-heal|p1a: Garganacl|86\/100|[from] item: Leftovers\n|-damage|p2b: Arcanine|13\/100|[from] Salt Cure\n|-damage|p2a: Amoonguss|54\/100 slp|[from] Salt Cure\n|upkeep\n|\n|t:|1682873420\n|switch|p1b: Gastrodon|Gastrodon, L50, M|34\/100\n|turn|8\n|\n|t:|1682873432\n|switch|p2b: Palafin|Palafin-Hero, L50, F|100\/100\n|move|p1b: Gastrodon|Recover|p1b: Gastrodon\n|-heal|p1b: Gastrodon|84\/100\n|move|p1a: Garganacl|Salt Cure|p2b: Palafin\n|-damage|p2b: Palafin|90\/100\n|-start|p2b: Palafin|Salt Cure\n|cant|p2a: Amoonguss|slp\n|\n|-heal|p1a: Garganacl|92\/100|[from] item: Leftovers\n|-damage|p2b: Palafin|65\/100|[from] Salt Cure\n|-damage|p2a: Amoonguss|42\/100 slp|[from] Salt Cure\n|upkeep\n|turn|9\n|inactive|WillieDangerously has 30 seconds left.\n|inactive|WillieDangerously has 20 seconds left.\n|\n|t:|1682873470\n|move|p1b: Gastrodon|Protect|p1b: Gastrodon\n|-singleturn|p1b: Gastrodon|Protect\n|move|p2b: Palafin|Ice Punch|p1a: Garganacl\n|-activate|p1a: Garganacl|move: Substitute|[damage]\n|move|p1a: Garganacl|Salt Cure|p2b: Palafin\n|-damage|p2b: Palafin|55\/100\n|-curestatus|p2a: Amoonguss|slp|[msg]\n|move|p2a: Amoonguss|Giga Drain|p1b: Gastrodon\n|-activate|p1b: Gastrodon|move: Protect\n|\n|-heal|p1a: Garganacl|98\/100|[from] item: Leftovers\n|-damage|p2b: Palafin|30\/100|[from] Salt Cure\n|-damage|p2a: Amoonguss|30\/100|[from] Salt Cure\n|upkeep\n|turn|10\n|inactive|PITTOKIOTOMARE has 30 seconds left.\n|inactive|WillieDangerously has 30 seconds left.\n|\n|t:|1682873498\n|move|p2b: Palafin|Ice Punch|p1a: Garganacl\n|-end|p1a: Garganacl|Substitute\n|move|p1b: Gastrodon|Yawn|p2a: Amoonguss\n|-start|p2a: Amoonguss|move: Yawn|[of] p1b: Gastrodon\n|move|p1a: Garganacl|Salt Cure|p2a: Amoonguss\n|-damage|p2a: Amoonguss|20\/100\n|move|p2a: Amoonguss|Giga Drain|p1b: Gastrodon\n|-supereffective|p1b: Gastrodon\n|-damage|p1b: Gastrodon|24\/100\n|-heal|p2a: Amoonguss|50\/100|[from] drain|[of] p1b: Gastrodon\n|-enditem|p1b: Gastrodon|Aguav Berry|[eat]\n|-heal|p1b: Gastrodon|57\/100|[from] item: Aguav Berry\n|\n|-heal|p1a: Garganacl|100\/100|[from] item: Leftovers\n|-damage|p2b: Palafin|6\/100|[from] Salt Cure\n|-damage|p2a: Amoonguss|38\/100|[from] Salt Cure\n|upkeep\n|turn|11\n|\n|t:|1682873521\n|switch|p2a: Chien-Pao|Chien-Pao, L50|100\/100\n|-ability|p2a: Chien-Pao|Sword of Ruin\n|move|p1b: Gastrodon|Protect|p1b: Gastrodon\n|-singleturn|p1b: Gastrodon|Protect\n|move|p2b: Palafin|Close Combat|p1b: Gastrodon\n|-activate|p1b: Gastrodon|move: Protect\n|move|p1a: Garganacl|Substitute|p1a: Garganacl\n|-start|p1a: Garganacl|Substitute\n|-damage|p1a: Garganacl|76\/100\n|\n|-heal|p1a: Garganacl|82\/100|[from] item: Leftovers\n|-damage|p2b: Palafin|0 fnt|[from] Salt Cure\n|faint|p2b: Palafin\n|upkeep\n|\n|t:|1682873531\n|switch|p2b: Amoonguss|Amoonguss, L50, F|71\/100\n|turn|12\n|inactive|WillieDangerously has 30 seconds left.\n|inactive|WillieDangerously has 20 seconds left.\n|\n|t:|1682873566\n|switch|p2b: Arcanine|Arcanine, L50, M|13\/100\n|-ability|p2b: Arcanine|Intimidate|boost\n|-immune|p1a: Garganacl\n|-unboost|p1b: Gastrodon|atk|1\n|move|p2a: Chien-Pao|Crunch|p1a: Garganacl\n|-supereffective|p1a: Garganacl\n|-end|p1a: Garganacl|Substitute\n|move|p1b: Gastrodon|Recover|p1b: Gastrodon\n|-heal|p1b: Gastrodon|100\/100\n|move|p1a: Garganacl|Salt Cure|p2a: Chien-Pao\n|-supereffective|p2a: Chien-Pao\n|-damage|p2a: Chien-Pao|72\/100\n|-start|p2a: Chien-Pao|Salt Cure\n|\n|-heal|p1a: Garganacl|87\/100|[from] item: Leftovers\n|-damage|p2a: Chien-Pao|60\/100|[from] Salt Cure\n|upkeep\n|turn|13\n|inactive|PITTOKIOTOMARE has 30 seconds left.\n|inactive|WillieDangerously has 30 seconds left.\n|\n|t:|1682873600\n|switch|p2a: Amoonguss|Amoonguss, L50, F|100\/100\n|move|p1a: Garganacl|Protect|p1a: Garganacl\n|-singleturn|p1a: Garganacl|Protect\n|move|p2b: Arcanine|Iron Head|p1a: Garganacl\n|-activate|p1a: Garganacl|move: Protect\n|move|p1b: Gastrodon|Yawn|p2a: Amoonguss\n|-start|p2a: Amoonguss|move: Yawn|[of] p1b: Gastrodon\n|\n|-heal|p1a: Garganacl|93\/100|[from] item: Leftovers\n|upkeep\n|turn|14\n|inactive|WillieDangerously has 30 seconds left.\n|inactive|WillieDangerously has 20 seconds left.\n|inactive|WillieDangerously has 15 seconds left.\n|\n|t:|1682873629\n|switch|p2b: Chien-Pao|Chien-Pao, L50|60\/100\n|-ability|p2b: Chien-Pao|Sword of Ruin\n|move|p1b: Gastrodon|Yawn|p2b: Chien-Pao\n|-start|p2b: Chien-Pao|move: Yawn|[of] p1b: Gastrodon\n|move|p1a: Garganacl|Substitute|p1a: Garganacl\n|-start|p1a: Garganacl|Substitute\n|-damage|p1a: Garganacl|69\/100\n|move|p2a: Amoonguss|Pollen Puff|p2b: Chien-Pao\n|-heal|p2b: Chien-Pao|100\/100\n|\n|-heal|p1a: Garganacl|74\/100|[from] item: Leftovers\n|-end|p2a: Amoonguss|move: Yawn|[silent]\n|-status|p2a: Amoonguss|slp\n|upkeep\n|turn|15\n|inactive|WillieDangerously has 15 seconds left this turn.\n|inactive|WillieDangerously has 10 seconds left.\n|inactive|WillieDangerously has 5 seconds left.\n|-message|WillieDangerously lost due to inactivity.\n|\n|win|PITTOKIOTOMARE\n|c|\u2606WillieDangerously|Gg\n|c|\u2606PITTOKIOTOMARE|gg\n|l|\u2606PITTOKIOTOMARE\n|c|\u2606WillieDangerously|Man, I cant deal with garg for shit lol\n","uploadtime":1682873663,"views":8,"p1id":"pittokiotomare","p2id":"williedangerously","formatid":"gen9vgc2023regulationc","rating":0,"private":0,"password":""}