{"id":"gen9vgc2023regulationc-1852323853","p1":"b(R)2","p2":"DinoMike130","format":"[Gen 9] VGC 2023 Regulation C","log":"|j|\u2606b(R)2\n|j|\u2606DinoMike130\n|t:|1682544043\n|gametype|doubles\n|player|p1|b(R)2|266|1257\n|player|p2|DinoMike130|veteran|1299\n|teamsize|p1|6\n|teamsize|p2|6\n|gen|9\n|tier|[Gen 9] VGC 2023 Regulation C\n|rated|\n|rule|Species Clause: Limit one of each Pok\u00e9mon\n|rule|Item Clause: Limit one of each item\n|clearpoke\n|poke|p1|Ting-Lu, L50|\n|poke|p1|Amoonguss, L50, F|\n|poke|p1|Garganacl, L50, M|\n|poke|p1|Arcanine, L50, F|\n|poke|p1|Roaring Moon, L50|\n|poke|p1|Iron Bundle, L50|\n|poke|p2|Torkoal, L50, F|\n|poke|p2|Jumpluff, L50, M|\n|poke|p2|Great Tusk, L50|\n|poke|p2|Brute Bonnet, L50|\n|poke|p2|Flutter Mane, L50|\n|poke|p2|Chi-Yu, L50|\n|teampreview|4\nb(R)2 has agreed to open team sheets.\n|inactive|Battle timer is ON: inactive players will automatically lose when time's up. (requested by DinoMike130)\n|inactive|b(R)2 has 60 seconds left.\n|inactive|DinoMike130 has 60 seconds left.\n|\n|t:|1682544083\n|start\n|switch|p1a: Garganacl|Garganacl, L50, M|100\/100\n|switch|p1b: Arcanine|Arcanine, L50, F|100\/100\n|switch|p2a: Torkoal|Torkoal, L50, F|100\/100\n|switch|p2b: Jumpluff|Jumpluff, L50, M, shiny|100\/100\n|-ability|p1b: Arcanine|Intimidate|boost\n|-unboost|p2a: Torkoal|atk|1\n|-unboost|p2b: Jumpluff|atk|1\n|-weather|SunnyDay|[from] ability: Drought|[of] p2a: Torkoal\n|turn|1\n|\n|t:|1682544105\n|-terastallize|p1a: Garganacl|Ghost\n|move|p2b: Jumpluff|Tailwind|p2b: Jumpluff\n|-sidestart|p2: DinoMike130|move: Tailwind\n|move|p1b: Arcanine|Flare Blitz|p2b: Jumpluff\n|-supereffective|p2b: Jumpluff\n|-enditem|p2b: Jumpluff|Focus Sash\n|-damage|p2b: Jumpluff|1\/100\n|-damage|p1b: Arcanine|75\/100|[from] Recoil\n|move|p2a: Torkoal|Yawn|p1b: Arcanine\n|-start|p1b: Arcanine|move: Yawn|[of] p2a: Torkoal\n|move|p1a: Garganacl|Salt Cure|p2a: Torkoal\n|-supereffective|p2a: Torkoal\n|-damage|p2a: Torkoal|80\/100\n|-start|p2a: Torkoal|Salt Cure\n|\n|-weather|SunnyDay|[upkeep]\n|-heal|p2a: Torkoal|86\/100|[from] item: Leftovers\n|-damage|p2a: Torkoal|74\/100|[from] Salt Cure\n|upkeep\n|turn|2\n|inactive|b(R)2 has 30 seconds left.\n|inactive|DinoMike130 has 30 seconds left.\n|inactive|DinoMike130 has 20 seconds left.\n|\n|t:|1682544142\n|switch|p1b: Ting-Lu|Ting-Lu, L50|100\/100\n|-ability|p1b: Ting-Lu|Vessel of Ruin\n|switch|p2a: Flutter Mane|Flutter Mane, L50|100\/100\n|-activate|p2a: Flutter Mane|ability: Protosynthesis\n|-start|p2a: Flutter Mane|protosynthesisspa\n|move|p2b: Jumpluff|Leaf Storm|p1b: Ting-Lu\n|-supereffective|p1b: Ting-Lu\n|-damage|p1b: Ting-Lu|75\/100\n|-unboost|p2b: Jumpluff|spa|2\n|move|p1a: Garganacl|Stealth Rock|p2b: Jumpluff\n|-sidestart|p2: DinoMike130|move: Stealth Rock\n|\n|-weather|SunnyDay|[upkeep]\n|upkeep\n|turn|3\n|inactive|b(R)2 has 30 seconds left.\n|inactive|DinoMike130 has 30 seconds left.\n|\n|t:|1682544172\n|switch|p2b: Chi-Yu|Chi-Yu, L50|100\/100\n|-damage|p2b: Chi-Yu|76\/100|[from] Stealth Rock\n|-ability|p2b: Chi-Yu|Beads of Ruin\n|-terastallize|p2a: Flutter Mane|Fairy\n|move|p2a: Flutter Mane|Moonblast|p1b: Ting-Lu\n|-supereffective|p1b: Ting-Lu\n|-crit|p1b: Ting-Lu\n|-damage|p1b: Ting-Lu|0 fnt\n|faint|p1b: Ting-Lu\n|-damage|p2a: Flutter Mane|91\/100|[from] item: Life Orb\n|move|p1a: Garganacl|Salt Cure|p2a: Flutter Mane\n|-damage|p2a: Flutter Mane|64\/100\n|-start|p2a: Flutter Mane|Salt Cure\n|\n|-weather|SunnyDay|[upkeep]\n|-damage|p2a: Flutter Mane|52\/100|[from] Salt Cure\n|upkeep\n|\n|t:|1682544189\n|switch|p1b: Arcanine|Arcanine, L50, F|75\/100\n|-ability|p1b: Arcanine|Intimidate|boost\n|-unboost|p2a: Flutter Mane|atk|1\n|-unboost|p2b: Chi-Yu|atk|1\n|turn|4\n|\n|t:|1682544207\n|move|p1b: Arcanine|Protect|p1b: Arcanine\n|-singleturn|p1b: Arcanine|Protect\n|move|p2a: Flutter Mane|Shadow Ball|p1a: Garganacl\n|-supereffective|p1a: Garganacl\n|-damage|p1a: Garganacl|21\/100\n|-damage|p2a: Flutter Mane|42\/100|[from] item: Life Orb\n|move|p2b: Chi-Yu|Dark Pulse|p1b: Arcanine\n|-activate|p1b: Arcanine|move: Protect\n|move|p1a: Garganacl|Salt Cure|p2b: Chi-Yu\n|-supereffective|p2b: Chi-Yu\n|-damage|p2b: Chi-Yu|41\/100\n|-start|p2b: Chi-Yu|Salt Cure\n|\n|-weather|SunnyDay|[upkeep]\n|-heal|p1a: Garganacl|27\/100|[from] item: Leftovers\n|-damage|p2a: Flutter Mane|30\/100|[from] Salt Cure\n|-damage|p2b: Chi-Yu|29\/100|[from] Salt Cure\n|-sideend|p2: DinoMike130|move: Tailwind\n|upkeep\n|turn|5\n|inactive|DinoMike130 has 30 seconds left.\n|\n|t:|1682544233\n|move|p1a: Garganacl|Protect|p1a: Garganacl\n|-singleturn|p1a: Garganacl|Protect\n|move|p1b: Arcanine|Extreme Speed|p2a: Flutter Mane\n|-damage|p2a: Flutter Mane|0 fnt\n|faint|p2a: Flutter Mane\n|-end|p2a: Flutter Mane|Protosynthesis|[silent]\n|move|p2b: Chi-Yu|Dark Pulse|p1a: Garganacl\n|-activate|p1a: Garganacl|move: Protect\n|\n|-weather|none\n|-heal|p1a: Garganacl|33\/100|[from] item: Leftovers\n|-damage|p2b: Chi-Yu|17\/100|[from] Salt Cure\n|upkeep\n|\n|t:|1682544239\n|switch|p2a: Torkoal|Torkoal, L50, F|74\/100\n|-damage|p2a: Torkoal|49\/100|[from] Stealth Rock\n|-weather|SunnyDay|[from] ability: Drought|[of] p2a: Torkoal\n|turn|6\n|\n|t:|1682544256\n|move|p1b: Arcanine|Extreme Speed|p2b: Chi-Yu\n|-damage|p2b: Chi-Yu|0 fnt\n|faint|p2b: Chi-Yu\n|move|p2a: Torkoal|Yawn|p1b: Arcanine\n|-start|p1b: Arcanine|move: Yawn|[of] p2a: Torkoal\n|move|p1a: Garganacl|Salt Cure|p2a: Torkoal\n|-supereffective|p2a: Torkoal\n|-damage|p2a: Torkoal|31\/100\n|-start|p2a: Torkoal|Salt Cure\n|\n|-weather|SunnyDay|[upkeep]\n|-heal|p2a: Torkoal|37\/100|[from] item: Leftovers\n|-heal|p1a: Garganacl|39\/100|[from] item: Leftovers\n|-damage|p2a: Torkoal|25\/100|[from] Salt Cure\n|upkeep\n|\n|t:|1682544259\n|switch|p2b: Jumpluff|Jumpluff, L50, M, shiny|1\/100\n|-damage|p2b: Jumpluff|0 fnt|[from] Stealth Rock\n|faint|p2b: Jumpluff\n|turn|7\n|\n|t:|1682544274\n|move|p2a: Torkoal|Protect|p2a: Torkoal\n|-singleturn|p2a: Torkoal|Protect\n|move|p1b: Arcanine|Extreme Speed|p2a: Torkoal\n|-activate|p2a: Torkoal|move: Protect\n|move|p1a: Garganacl|Salt Cure|p2a: Torkoal\n|-activate|p2a: Torkoal|move: Protect\n|\n|-weather|SunnyDay|[upkeep]\n|-heal|p2a: Torkoal|31\/100|[from] item: Leftovers\n|-heal|p1a: Garganacl|44\/100|[from] item: Leftovers\n|-damage|p2a: Torkoal|19\/100|[from] Salt Cure\n|-end|p1b: Arcanine|move: Yawn|[silent]\n|-status|p1b: Arcanine|slp\n|upkeep\n|turn|8\n|\n|t:|1682544279\n|move|p2a: Torkoal|Protect|p2a: Torkoal\n|-singleturn|p2a: Torkoal|Protect\n|cant|p1b: Arcanine|slp\n|move|p1a: Garganacl|Salt Cure|p2a: Torkoal\n|-activate|p2a: Torkoal|move: Protect\n|\n|-weather|SunnyDay|[upkeep]\n|-heal|p2a: Torkoal|25\/100|[from] item: Leftovers\n|-heal|p1a: Garganacl|50\/100|[from] item: Leftovers\n|-damage|p2a: Torkoal|12\/100|[from] Salt Cure\n|upkeep\n|turn|9\n|c|\u2606b(R)2|gg\n|\n|t:|1682544291\n|move|p2a: Torkoal|Protect||[still]\n|-fail|p2a: Torkoal\n|-curestatus|p1b: Arcanine|slp|[msg]\n|move|p1b: Arcanine|Extreme Speed|p2a: Torkoal\n|-damage|p2a: Torkoal|0 fnt\n|faint|p2a: Torkoal\n|\n|win|b(R)2\n|raw|b(R)2's rating: 1257 → 1285<\/strong> (+28 for winning)\n|raw|DinoMike130's rating: 1299 → 1271<\/strong> (-28 for losing)\n","uploadtime":1682544296,"views":22,"p1id":"br2","p2id":"dinomike130","formatid":"gen9vgc2023regulationc","rating":1271,"private":0,"password":""}