{"id":"gen9vgc2023regulationc-1848260516","p1":"BeeGee33","p2":"eMburst","format":"[Gen 9] VGC 2023 Regulation C","log":"|j|\u2606BeeGee33\n|j|\u2606eMburst\n|t:|1682049587\n|gametype|doubles\n|player|p1|BeeGee33|102|1128\n|player|p2|eMburst|ingo|1112\n|teamsize|p1|6\n|teamsize|p2|6\n|gen|9\n|tier|[Gen 9] VGC 2023 Regulation C\n|rated|\n|rule|Species Clause: Limit one of each Pok\u00e9mon\n|rule|Item Clause: Limit one of each item\n|clearpoke\n|poke|p1|Farigiraf, L50, F|\n|poke|p1|Iron Hands, L50|\n|poke|p1|Amoonguss, L50, F|\n|poke|p1|Skeledirge, L50, M|\n|poke|p1|Kingambit, L50, F|\n|poke|p1|Azumarill, L50, M|\n|poke|p2|Palafin, L50, M|\n|poke|p2|Arcanine, L50, M|\n|poke|p2|Flutter Mane, L50|\n|poke|p2|Amoonguss, L50, M|\n|poke|p2|Baxcalibur, L50, F|\n|poke|p2|Ting-Lu, L50|\n|teampreview|4\n|inactive|Battle timer is ON: inactive players will automatically lose when time's up. (requested by BeeGee33)\n|\n|t:|1682049599\n|start\n|switch|p1a: Farigiraf|Farigiraf, L50, F|100\/100\n|switch|p1b: Iron Hands|Iron Hands, L50|100\/100\n|switch|p2a: Palafin|Palafin, L50, M|100\/100\n|switch|p2b: Arcanine|Arcanine, L50, M|100\/100\n|-ability|p2b: Arcanine|Intimidate|boost\n|-unboost|p1a: Farigiraf|atk|1\n|-unboost|p1b: Iron Hands|atk|1\n|turn|1\n|\n|t:|1682049612\n|detailschange|p2a: Palafin|Palafin-Hero, L50, M\n|switch|p2a: Amoonguss|Amoonguss, L50, M|100\/100\n|move|p1b: Iron Hands|Fake Out|p2a: Amoonguss\n|-damage|p2a: Amoonguss|90\/100\n|move|p2b: Arcanine|Will-O-Wisp|p1b: Iron Hands|[miss]\n|-miss|p2b: Arcanine|p1b: Iron Hands\n|move|p1a: Farigiraf|Trick Room|p1a: Farigiraf\n|-fieldstart|move: Trick Room|[of] p1a: Farigiraf\n|\n|upkeep\n|turn|2\n|\n|t:|1682049629\n|-end|p1b: Iron Hands|Quark Drive|[silent]\n|switch|p1b: Amoonguss|Amoonguss, L50, F|100\/100\n|move|p2a: Amoonguss|Spore|p1a: Farigiraf\n|-status|p1a: Farigiraf|slp|[from] move: Spore\n|cant|p1a: Farigiraf|slp\n|move|p2b: Arcanine|Will-O-Wisp|p1b: Amoonguss\n|-status|p1b: Amoonguss|brn\n|\n|-damage|p1b: Amoonguss|95\/100 brn|[from] brn\n|upkeep\n|turn|3\n|inactive|eMburst has 30 seconds left.\n|inactive|BeeGee33 has 30 seconds left.\n|\n|t:|1682049659\n|move|p2a: Amoonguss|Pollen Puff|p1a: Farigiraf\n|-supereffective|p1a: Farigiraf\n|-damage|p1a: Farigiraf|65\/100 slp\n|move|p1b: Amoonguss|Spore|p2b: Arcanine\n|-activate|p2b: Arcanine|item: Safety Goggles|Spore\n|cant|p1a: Farigiraf|slp\n|move|p2b: Arcanine|Flare Blitz|p1b: Amoonguss\n|-supereffective|p1b: Amoonguss\n|-damage|p1b: Amoonguss|0 fnt\n|faint|p1b: Amoonguss\n|-damage|p2b: Arcanine|65\/100|[from] Recoil\n|\n|upkeep\n|\n|t:|1682049672\n|switch|p1b: Iron Hands|Iron Hands, L50|100\/100\n|turn|4\n|\n|t:|1682049689\n|switch|p2a: Ting-Lu|Ting-Lu, L50|100\/100\n|-ability|p2a: Ting-Lu|Vessel of Ruin\n|-terastallize|p1b: Iron Hands|Grass\n|move|p1b: Iron Hands|Fake Out|p2b: Arcanine\n|-damage|p2b: Arcanine|48\/100\n|cant|p1a: Farigiraf|slp\n|cant|p2b: Arcanine|flinch\n|\n|upkeep\n|turn|5\n|\n|t:|1682049712\n|move|p2b: Arcanine|Protect|p2b: Arcanine\n|-singleturn|p2b: Arcanine|Protect\n|move|p1b: Iron Hands|Wild Charge|p2b: Arcanine\n|-activate|p2b: Arcanine|move: Protect\n|-curestatus|p1a: Farigiraf|slp|[msg]\n|move|p1a: Farigiraf|Psychic|p2b: Arcanine\n|-activate|p2b: Arcanine|move: Protect\n|move|p2a: Ting-Lu|Ruination|p1b: Iron Hands\n|-damage|p1b: Iron Hands|51\/100\n|\n|-heal|p1b: Iron Hands|57\/100|[from] item: Leftovers\n|-fieldend|move: Trick Room\n|upkeep\n|turn|6\n|\n|t:|1682049735\n|-end|p1b: Iron Hands|Quark Drive|[silent]\n|switch|p1b: Azumarill|Azumarill, L50, M|100\/100\n|move|p2b: Arcanine|Flare Blitz|p1b: Azumarill\n|-resisted|p1b: Azumarill\n|-crit|p1b: Azumarill\n|-damage|p1b: Azumarill|56\/100\n|-damage|p2b: Arcanine|32\/100|[from] Recoil\n|move|p2a: Ting-Lu|Fissure|p1a: Farigiraf|[miss]\n|-miss|p2a: Ting-Lu|p1a: Farigiraf\n|move|p1a: Farigiraf|Trick Room|p1a: Farigiraf\n|-fieldstart|move: Trick Room|[of] p1a: Farigiraf\n|\n|upkeep\n|turn|7\n|\n|t:|1682049758\n|switch|p2b: Amoonguss|Amoonguss, L50, M|100\/100\n|-terastallize|p2a: Ting-Lu|Grass\n|move|p1b: Azumarill|Liquidation|p2a: Ting-Lu\n|-resisted|p2a: Ting-Lu\n|-damage|p2a: Ting-Lu|79\/100\n|-damage|p1b: Azumarill|46\/100|[from] item: Life Orb\n|move|p1a: Farigiraf|Hyper Voice|p2a: Ting-Lu|[spread] p2a,p2b\n|-damage|p2a: Ting-Lu|68\/100\n|-damage|p2b: Amoonguss|77\/100\n|move|p2a: Ting-Lu|Stomping Tantrum|p1b: Azumarill\n|-damage|p1b: Azumarill|0 fnt\n|faint|p1b: Azumarill\n|\n|upkeep\n|\n|t:|1682049777\n|switch|p1b: Iron Hands|Iron Hands, L50, tera:Grass|57\/100\n|turn|8\n|\n|t:|1682049788\n|move|p1b: Iron Hands|Fake Out|p2b: Amoonguss\n|-damage|p2b: Amoonguss|64\/100\n|cant|p2b: Amoonguss|flinch\n|move|p1a: Farigiraf|Psychic|p2b: Amoonguss\n|-supereffective|p2b: Amoonguss\n|-damage|p2b: Amoonguss|6\/100\n|-enditem|p2b: Amoonguss|Sitrus Berry|[eat]\n|-heal|p2b: Amoonguss|31\/100|[from] item: Sitrus Berry\n|move|p2a: Ting-Lu|Fissure|p1b: Iron Hands|[miss]\n|-miss|p2a: Ting-Lu|p1b: Iron Hands\n|\n|-heal|p1b: Iron Hands|63\/100|[from] item: Leftovers\n|upkeep\n|turn|9\n|inactive|BeeGee33 has 30 seconds left.\n|\n|t:|1682049821\n|switch|p2b: Arcanine|Arcanine, L50, M|32\/100\n|-ability|p2b: Arcanine|Intimidate|boost\n|-unboost|p1a: Farigiraf|atk|1\n|-unboost|p1b: Iron Hands|atk|1\n|move|p1a: Farigiraf|Ally Switch|p1a: Farigiraf\n|swap|p1a: Farigiraf|1|[from] move: Ally Switch\n|move|p1a: Iron Hands|Swords Dance|p1a: Iron Hands\n|-boost|p1a: Iron Hands|atk|2\n|move|p2a: Ting-Lu|Stomping Tantrum|p1a: Iron Hands\n|-resisted|p1a: Iron Hands\n|-damage|p1a: Iron Hands|43\/100\n|\n|-heal|p1a: Iron Hands|50\/100|[from] item: Leftovers\n|upkeep\n|turn|10\n|c|\u2606eMburst|not the funny move\n|inactive|BeeGee33 has 30 seconds left.\n|inactive|eMburst has 30 seconds left.\n|\n|t:|1682049852\n|move|p2b: Arcanine|Protect|p2b: Arcanine\n|-singleturn|p2b: Arcanine|Protect\n|move|p1a: Iron Hands|Drain Punch|p2a: Ting-Lu\n|-damage|p2a: Ting-Lu|31\/100\n|-heal|p1a: Iron Hands|68\/100|[from] drain|[of] p2a: Ting-Lu\n|move|p1b: Farigiraf|Psychic|p2a: Ting-Lu\n|-damage|p2a: Ting-Lu|16\/100\n|move|p2a: Ting-Lu|Fissure|p1b: Farigiraf\n|-damage|p1b: Farigiraf|0 fnt\n|faint|p1b: Farigiraf\n|-ohko\n|\n|-heal|p1a: Iron Hands|74\/100|[from] item: Leftovers\n|-fieldend|move: Trick Room\n|upkeep\n|turn|11\n|-message|BeeGee33 forfeited.\n|\n|win|eMburst\n|raw|BeeGee33's rating: 1128 → 1102<\/strong> (-26 for losing)\n|raw|eMburst's rating: 1112 → 1138<\/strong> (+26 for winning)\n|l|\u2606BeeGee33\n","uploadtime":1682049870,"views":19,"p1id":"beegee33","p2id":"emburst","formatid":"gen9vgc2023regulationc","rating":1102,"private":0,"password":""}