{"id":"gen9vgc2023regulationc-1852022406","p1":"Peachum","p2":"Planthony","format":"[Gen 9] VGC 2023 Regulation C","log":"|j|\u2606Peachum\n|j|\u2606Planthony\n|t:|1682517545\n|gametype|doubles\n|player|p1|Peachum|clerkf|1311\n|player|p2|Planthony|170|1320\n|teamsize|p1|6\n|teamsize|p2|6\n|gen|9\n|tier|[Gen 9] VGC 2023 Regulation C\n|rated|\n|rule|Species Clause: Limit one of each Pok\u00e9mon\n|rule|Item Clause: Limit one of each item\n|clearpoke\n|poke|p1|Ting-Lu, L50|\n|poke|p1|Amoonguss, L50, F|\n|poke|p1|Garganacl, L50, M|\n|poke|p1|Arcanine, L50, M|\n|poke|p1|Roaring Moon, L50|\n|poke|p1|Iron Bundle, L50|\n|poke|p2|Glimmora, L50, M|\n|poke|p2|Flutter Mane, L50|\n|poke|p2|Dondozo, L50, F|\n|poke|p2|Dragonite, L50, M|\n|poke|p2|Tatsugiri-Droopy, L50, F|\n|poke|p2|Chi-Yu, L50|\n|teampreview|4\n|inactive|Battle timer is ON: inactive players will automatically lose when time's up. (requested by Peachum)\n|inactive|Peachum has 60 seconds left.\n|inactive|Planthony has 60 seconds left.\n|inactive|Planthony has 30 seconds left.\n|inactive|Planthony has 20 seconds left.\n|inactive|Planthony has 15 seconds left.\n|\n|t:|1682517626\n|start\n|switch|p1a: Roaring Moon|Roaring Moon, L50|100\/100\n|switch|p1b: Ting-Lu|Ting-Lu, L50|100\/100\n|switch|p2a: Dondozo|Dondozo, L50, F|100\/100\n|switch|p2b: Glimmora|Glimmora, L50, M, shiny|100\/100\n|-ability|p1b: Ting-Lu|Vessel of Ruin\n|-enditem|p1a: Roaring Moon|Booster Energy\n|-activate|p1a: Roaring Moon|ability: Protosynthesis|[fromitem]\n|-start|p1a: Roaring Moon|protosynthesisatk\n|turn|1\n|inactive|Peachum has 30 seconds left.\n|inactive|Peachum has 20 seconds left.\n|inactive|Peachum has 15 seconds left.\n|\n|t:|1682517667\n|-terastallize|p1a: Roaring Moon|Flying\n|-terastallize|p2b: Glimmora|Grass\n|move|p1a: Roaring Moon|Acrobatics|p2a: Dondozo\n|-damage|p2a: Dondozo|38\/100\n|move|p2b: Glimmora|Energy Ball|p1b: Ting-Lu\n|-supereffective|p1b: Ting-Lu\n|-damage|p1b: Ting-Lu|65\/100\n|move|p2a: Dondozo|Yawn|p1a: Roaring Moon\n|-start|p1a: Roaring Moon|move: Yawn|[of] p2a: Dondozo\n|move|p1b: Ting-Lu|Sand Tomb|p2b: Glimmora\n|-resisted|p2b: Glimmora\n|-damage|p2b: Glimmora|91\/100\n|-activate|p2b: Glimmora|move: Sand Tomb|[of] p1b: Ting-Lu\n|-activate|p2b: Glimmora|ability: Toxic Debris\n|-sidestart|p1: Peachum|move: Toxic Spikes\n|\n|-heal|p2a: Dondozo|44\/100|[from] item: Leftovers\n|-damage|p2b: Glimmora|79\/100|[from] move: Sand Tomb|[partiallytrapped]\n|upkeep\n|turn|2\n|inactive|Peachum has 30 seconds left.\n|\n|t:|1682517698\n|-end|p1a: Roaring Moon|Protosynthesis|[silent]\n|switch|p1a: Amoonguss|Amoonguss, L50, F|100\/100\n|-sideend|p1: Peachum|move: Toxic Spikes|[of] p1a: Amoonguss\n|move|p2a: Dondozo|Protect|p2a: Dondozo\n|-singleturn|p2a: Dondozo|Protect\n|move|p2b: Glimmora|Power Gem|p1a: Amoonguss\n|-damage|p1a: Amoonguss|69\/100\n|move|p1b: Ting-Lu|Ruination|p2b: Glimmora\n|-damage|p2b: Glimmora|40\/100\n|\n|-heal|p2a: Dondozo|50\/100|[from] item: Leftovers\n|-damage|p2b: Glimmora|28\/100|[from] move: Sand Tomb|[partiallytrapped]\n|upkeep\n|turn|3\n|\n|t:|1682517718\n|switch|p1b: Roaring Moon|Roaring Moon, L50, tera:Flying|100\/100\n|move|p2b: Glimmora|Power Gem|p1a: Amoonguss\n|-damage|p1a: Amoonguss|26\/100\n|-enditem|p1a: Amoonguss|Sitrus Berry|[eat]\n|-heal|p1a: Amoonguss|51\/100|[from] item: Sitrus Berry\n|move|p2a: Dondozo|Wave Crash|p1b: Roaring Moon\n|-damage|p1b: Roaring Moon|41\/100\n|-damage|p2a: Dondozo|32\/100|[from] Recoil\n|move|p1a: Amoonguss|Spore|p2a: Dondozo\n|-status|p2a: Dondozo|slp|[from] move: Spore\n|\n|-heal|p2a: Dondozo|39\/100 slp|[from] item: Leftovers\n|-end|p2b: Glimmora|Sand Tomb|[partiallytrapped]|[silent]\n|upkeep\n|turn|4\n|\n|t:|1682517739\n|switch|p1a: Ting-Lu|Ting-Lu, L50|65\/100\n|-ability|p1a: Ting-Lu|Vessel of Ruin\n|move|p1b: Roaring Moon|Acrobatics|p2b: Glimmora\n|-supereffective|p2b: Glimmora\n|-damage|p2b: Glimmora|0 fnt\n|-activate|p2b: Glimmora|ability: Toxic Debris\n|-sidestart|p1: Peachum|move: Toxic Spikes\n|faint|p2b: Glimmora\n|cant|p2a: Dondozo|slp\n|\n|-heal|p2a: Dondozo|45\/100 slp|[from] item: Leftovers\n|upkeep\n|\n|t:|1682517752\n|switch|p2b: Dragonite|Dragonite, L50, M|100\/100\n|turn|5\n|\n|t:|1682517764\n|move|p1b: Roaring Moon|Protect|p1b: Roaring Moon\n|-singleturn|p1b: Roaring Moon|Protect\n|move|p2b: Dragonite|Extreme Speed|p1b: Roaring Moon\n|-activate|p1b: Roaring Moon|move: Protect\n|cant|p2a: Dondozo|slp\n|move|p1a: Ting-Lu|Ruination|p2b: Dragonite\n|-damage|p2b: Dragonite|50\/100\n|\n|-heal|p2a: Dondozo|51\/100 slp|[from] item: Leftovers\n|upkeep\n|turn|6\n|\n|t:|1682517785\n|-end|p1b: Roaring Moon|Protosynthesis|[silent]\n|switch|p1b: Amoonguss|Amoonguss, L50, F|85\/100\n|-sideend|p1: Peachum|move: Toxic Spikes|[of] p1b: Amoonguss\n|move|p2b: Dragonite|Extreme Speed|p1b: Amoonguss\n|-crit|p1b: Amoonguss\n|-damage|p1b: Amoonguss|48\/100\n|-curestatus|p2a: Dondozo|slp|[msg]\n|move|p2a: Dondozo|Wave Crash|p1b: Amoonguss\n|-resisted|p1b: Amoonguss\n|-damage|p1b: Amoonguss|29\/100\n|-damage|p2a: Dondozo|45\/100|[from] Recoil\n|move|p1a: Ting-Lu|Sand Tomb|p2a: Dondozo\n|-damage|p2a: Dondozo|34\/100\n|-activate|p2a: Dondozo|move: Sand Tomb|[of] p1a: Ting-Lu\n|\n|-heal|p2a: Dondozo|40\/100|[from] item: Leftovers\n|-damage|p2a: Dondozo|27\/100|[from] move: Sand Tomb|[partiallytrapped]\n|upkeep\n|turn|7\n|\n|t:|1682517804\n|move|p1b: Amoonguss|Protect|p1b: Amoonguss\n|-singleturn|p1b: Amoonguss|Protect\n|move|p2b: Dragonite|Extreme Speed|p1a: Ting-Lu\n|-damage|p1a: Ting-Lu|49\/100\n|move|p2a: Dondozo|Wave Crash|p1a: Ting-Lu\n|-supereffective|p1a: Ting-Lu\n|-damage|p1a: Ting-Lu|0 fnt\n|faint|p1a: Ting-Lu\n|-damage|p2a: Dondozo|9\/100|[from] Recoil\n|\n|-heal|p2a: Dondozo|15\/100|[from] item: Leftovers\n|-end|p2a: Dondozo|Sand Tomb|[partiallytrapped]|[silent]\n|upkeep\n|\n|t:|1682517813\n|switch|p1a: Iron Bundle|Iron Bundle, L50|100\/100\n|turn|8\n|\n|t:|1682517829\n|move|p2b: Dragonite|Extreme Speed|p1a: Iron Bundle\n|-damage|p1a: Iron Bundle|61\/100\n|move|p1b: Amoonguss|Rage Powder|p1b: Amoonguss\n|-singleturn|p1b: Amoonguss|move: Rage Powder\n|move|p1a: Iron Bundle|Freeze-Dry|p2a: Dondozo\n|-supereffective|p2a: Dondozo\n|-damage|p2a: Dondozo|0 fnt\n|faint|p2a: Dondozo\n|\n|upkeep\n|\n|t:|1682517836\n|switch|p2a: Chi-Yu|Chi-Yu, L50|100\/100\n|-ability|p2a: Chi-Yu|Beads of Ruin\n|turn|9\n|\n|t:|1682517847\n|move|p2b: Dragonite|Extreme Speed|p1a: Iron Bundle\n|-damage|p1a: Iron Bundle|25\/100\n|move|p1a: Iron Bundle|Hydro Pump|p2a: Chi-Yu\n|-supereffective|p2a: Chi-Yu\n|-enditem|p2a: Chi-Yu|Focus Sash\n|-damage|p2a: Chi-Yu|1\/100\n|move|p2a: Chi-Yu|Heat Wave|p1a: Iron Bundle|[spread] p1b\n|-miss|p2a: Chi-Yu|p1a: Iron Bundle\n|-supereffective|p1b: Amoonguss\n|-damage|p1b: Amoonguss|0 fnt\n|faint|p1b: Amoonguss\n|\n|upkeep\n|\n|t:|1682517853\n|switch|p1b: Roaring Moon|Roaring Moon, L50, tera:Flying|41\/100\n|turn|10\n|\n|t:|1682517878\n|move|p1a: Iron Bundle|Protect|p1a: Iron Bundle\n|-singleturn|p1a: Iron Bundle|Protect\n|move|p2b: Dragonite|Extreme Speed|p1a: Iron Bundle\n|-activate|p1a: Iron Bundle|move: Protect\n|move|p2a: Chi-Yu|Overheat|p1b: Roaring Moon|[miss]\n|-miss|p2a: Chi-Yu|p1b: Roaring Moon\n|move|p1b: Roaring Moon|Acrobatics|p2b: Dragonite\n|-damage|p2b: Dragonite|0 fnt\n|faint|p2b: Dragonite\n|\n|upkeep\n|turn|11\n|-message|Planthony forfeited.\n|\n|win|Peachum\n|raw|Peachum's rating: 1311 → 1332<\/strong> (+21 for winning)\n|raw|Planthony's rating: 1320 → 1299<\/strong> (-21 for losing)\n","uploadtime":1682517886,"views":3,"p1id":"peachum","p2id":"planthony","formatid":"gen9vgc2023regulationc","rating":1299,"private":0,"password":""}