{"id":"gen9vgc2023regulationc-1858694810","p1":"ankurhalder05","p2":"littlemagpie2","format":"[Gen 9] VGC 2023 Regulation C","log":"|j|\u2606ankurhalder05\n|j|\u2606littlemagpie2\n|t:|1683343709\n|gametype|doubles\n|player|p1|ankurhalder05|2|1076\n|player|p2|littlemagpie2|workerice|1180\n|teamsize|p1|6\n|teamsize|p2|6\n|gen|9\n|tier|[Gen 9] VGC 2023 Regulation C\n|rated|\n|rule|Species Clause: Limit one of each Pok\u00e9mon\n|rule|Item Clause: Limit one of each item\n|clearpoke\n|poke|p1|Flutter Mane, L50|\n|poke|p1|Arcanine, L50, M|\n|poke|p1|Gothitelle, L50, F|\n|poke|p1|Palafin, L50, F|\n|poke|p1|Amoonguss, L50, F|\n|poke|p1|Kingambit, L50, M|\n|poke|p2|Bronzong, L50|\n|poke|p2|Murkrow, L50, F|\n|poke|p2|Garchomp, L50, M|\n|poke|p2|Flamigo, L50, F|\n|poke|p2|Annihilape, L50, F|\n|poke|p2|Orthworm, L50, M|\n|teampreview|4\n|inactive|Battle timer is ON: inactive players will automatically lose when time's up. (requested by ankurhalder05)\nankurhalder05 has agreed to open team sheets.\n|inactive|littlemagpie2 has 60 seconds left.\n|inactive|ankurhalder05 has 60 seconds left.\n|\n|t:|1683343760\n|start\n|switch|p1a: Flutter Mane|Flutter Mane, L50|100\/100\n|switch|p1b: Arcanine|Arcanine, L50, M, shiny|100\/100\n|switch|p2a: Garchomp|Garchomp, L50, M|100\/100\n|switch|p2b: Murkrow|Murkrow, L50, F|100\/100\n|-ability|p1b: Arcanine|Intimidate|boost\n|-unboost|p2a: Garchomp|atk|1\n|-unboost|p2b: Murkrow|atk|1\n|turn|1\n|inactive|ankurhalder05 has 30 seconds left.\n|\n|t:|1683343788\n|move|p2a: Garchomp|Protect|p2a: Garchomp\n|-singleturn|p2a: Garchomp|Protect\n|move|p1b: Arcanine|Extreme Speed|p2b: Murkrow\n|-crit|p2b: Murkrow\n|-damage|p2b: Murkrow|59\/100\n|move|p2b: Murkrow|Haze|p2b: Murkrow\n|-clearallboost\n|move|p1a: Flutter Mane|Moonblast|p2a: Garchomp\n|-activate|p2a: Garchomp|move: Protect\n|\n|upkeep\n|turn|2\n|\n|t:|1683343805\n|-terastallize|p2a: Garchomp|Ground\n|move|p1b: Arcanine|Extreme Speed|p2b: Murkrow\n|-damage|p2b: Murkrow|32\/100\n|move|p2b: Murkrow|Tailwind|p2b: Murkrow\n|-sidestart|p2: littlemagpie2|move: Tailwind\n|move|p1a: Flutter Mane|Moonblast|p2a: Garchomp\n|-damage|p2a: Garchomp|54\/100\n|move|p2a: Garchomp|Earthquake|p1a: Flutter Mane|[spread] p1a,p1b\n|-immune|p2b: Murkrow\n|-supereffective|p1b: Arcanine\n|-crit|p1b: Arcanine\n|-damage|p1a: Flutter Mane|0 fnt\n|-damage|p1b: Arcanine|0 fnt\n|faint|p1a: Flutter Mane\n|-end|p1a: Flutter Mane|Protosynthesis|[silent]\n|faint|p1b: Arcanine\n|-damage|p2a: Garchomp|44\/100|[from] item: Life Orb\n|\n|upkeep\n|\n|t:|1683343814\n|switch|p1a: Amoonguss|Amoonguss, L50, F|100\/100\n|switch|p1b: Kingambit|Kingambit, L50, M|100\/100\n|turn|3\n|inactive|littlemagpie2 has 30 seconds left.\n|\n|t:|1683343848\n|-terastallize|p1b: Kingambit|Flying\n|move|p2a: Garchomp|Protect|p2a: Garchomp\n|-singleturn|p2a: Garchomp|Protect\n|move|p2b: Murkrow|Foul Play|p1a: Amoonguss\n|-damage|p1a: Amoonguss|78\/100\n|move|p1b: Kingambit|Kowtow Cleave|p2a: Garchomp\n|-activate|p2a: Garchomp|move: Protect\n|move|p1a: Amoonguss|Clear Smog|p2b: Murkrow\n|-damage|p2b: Murkrow|19\/100\n|-clearboost|p2b: Murkrow\n|\n|upkeep\n|turn|4\n|inactive|ankurhalder05 has 30 seconds left.\n|inactive|littlemagpie2 has 30 seconds left.\n|\n|t:|1683343876\n|move|p1b: Kingambit|Sucker Punch|p2a: Garchomp\n|-damage|p2a: Garchomp|8\/100\n|move|p2b: Murkrow|Foul Play|p1b: Kingambit\n|-damage|p1b: Kingambit|57\/100\n|move|p2a: Garchomp|Earthquake|p1b: Kingambit|[spread] p1a\n|-immune|p2b: Murkrow\n|-immune|p1b: Kingambit\n|-damage|p1a: Amoonguss|8\/100\n|-damage|p2a: Garchomp|0 fnt|[from] item: Life Orb\n|faint|p2a: Garchomp\n|move|p1a: Amoonguss|Spore|p2b: Murkrow\n|-status|p2b: Murkrow|slp|[from] move: Spore\n|\n|upkeep\n|\n|t:|1683343889\n|switch|p2a: Annihilape|Annihilape, L50, F|100\/100\n|turn|5\n|inactive|ankurhalder05 has 30 seconds left.\n|inactive|ankurhalder05 has 20 seconds left.\n|inactive|ankurhalder05 has 15 seconds left.\n|\n|t:|1683343932\n|move|p2a: Annihilape|U-turn|p1a: Amoonguss\n|-damage|p1a: Amoonguss|0 fnt\n|faint|p1a: Amoonguss\n|\n|t:|1683343936\n|switch|p2a: Flamigo|Flamigo, L50, F|100\/100|[from] U-turn\n|cant|p2b: Murkrow|slp\n|move|p1b: Kingambit|Kowtow Cleave|p2a: Flamigo\n|-resisted|p2a: Flamigo\n|-damage|p2a: Flamigo|63\/100\n|\n|-sideend|p2: littlemagpie2|move: Tailwind\n|upkeep\n|turn|6\n|\n|t:|1683343951\n|cant|p2b: Murkrow|slp\n|move|p1b: Kingambit|Sucker Punch|p2a: Flamigo\n|-resisted|p2a: Flamigo\n|-damage|p2a: Flamigo|32\/100\n|move|p2a: Flamigo|Close Combat|p1b: Kingambit\n|-resisted|p1b: Kingambit\n|-damage|p1b: Kingambit|36\/100\n|-unboost|p2a: Flamigo|def|1\n|-unboost|p2a: Flamigo|spd|1\n|\n|upkeep\n|turn|7\n|\n|t:|1683343968\n|move|p2a: Flamigo|Feint|p1b: Kingambit\n|-damage|p1b: Kingambit|30\/100\n|cant|p2b: Murkrow|slp\n|move|p1b: Kingambit|Sucker Punch||[still]\n|-fail|p1b: Kingambit\n|\n|upkeep\n|turn|8\n|\n|t:|1683343978\n|move|p2a: Flamigo|Protect|p2a: Flamigo\n|-singleturn|p2a: Flamigo|Protect\n|move|p1b: Kingambit|Sucker Punch|p2b: Murkrow\n|-resisted|p2b: Murkrow\n|-damage|p2b: Murkrow|0 fnt\n|faint|p2b: Murkrow\n|\n|upkeep\n|\n|t:|1683343984\n|switch|p2b: Annihilape|Annihilape, L50, F|100\/100\n|turn|9\n|\n|t:|1683343995\n|move|p1b: Kingambit|Sucker Punch|p2a: Flamigo\n|-resisted|p2a: Flamigo\n|-damage|p2a: Flamigo|0 fnt\n|faint|p2a: Flamigo\n|move|p2b: Annihilape|Shadow Claw|p1b: Kingambit\n|-damage|p1b: Kingambit|9\/100\n|\n|upkeep\n|turn|10\n|\n|t:|1683344002\n|move|p1b: Kingambit|Sucker Punch|p2b: Annihilape\n|-damage|p2b: Annihilape|56\/100\n|move|p2b: Annihilape|Shadow Claw|p1b: Kingambit\n|-damage|p1b: Kingambit|0 fnt\n|faint|p1b: Kingambit\n|\n|win|littlemagpie2\n|raw|ankurhalder05's rating: 1076 → 1061<\/strong> (-15 for losing)\n|raw|littlemagpie2's rating: 1180 → 1198<\/strong> (+18 for winning)\n|l|\u2606ankurhalder05\n|c|\u2606littlemagpie2|gg\n","uploadtime":1683344010,"views":12,"p1id":"ankurhalder05","p2id":"littlemagpie2","formatid":"gen9vgc2023regulationc","rating":1061,"private":0,"password":""}