{"id":"gen9vgc2023regulationc-1848726884","p1":"Gym Leader Norvie","p2":"BlindMagneton","format":"[Gen 9] VGC 2023 Regulation C","log":"|j|\u2606Gym Leader Norvie\n|j|\u2606BlindMagneton\n|t:|1682104415\n|gametype|doubles\n|player|p1|Gym Leader Norvie|burglar|1292\n|player|p2|BlindMagneton|wattson|1313\n|teamsize|p1|6\n|teamsize|p2|6\n|gen|9\n|tier|[Gen 9] VGC 2023 Regulation C\n|rated|\n|rule|Species Clause: Limit one of each Pok\u00e9mon\n|rule|Item Clause: Limit one of each item\n|clearpoke\n|poke|p1|Pawmot, L50, M|\n|poke|p1|Dragapult, L50, M|\n|poke|p1|Tatsugiri, L50, M|\n|poke|p1|Toxtricity-Low-Key, L50, M|\n|poke|p1|Dondozo, L50, M|\n|poke|p1|Bombirdier, L50, M|\n|poke|p2|Tinkaton, L50, F|\n|poke|p2|Wo-Chien, L50|\n|poke|p2|Ceruledge, L50, M|\n|poke|p2|Grimmsnarl, L50, M|\n|poke|p2|Chien-Pao, L50|\n|poke|p2|Dragapult, L50, M|\n|teampreview|4\n|\n|t:|1682104531\n|start\n|switch|p1a: Tatsugiri|Tatsugiri, L50, M, shiny|100\/100\n|switch|p1b: Toxtricity|Toxtricity-Low-Key, L50, M, shiny|100\/100\n|switch|p2a: Ceruledge|Ceruledge, L50, M|100\/100\n|switch|p2b: Dragapult|Dragapult, L50, M|100\/100\n|turn|1\n|\n|t:|1682104564\n|move|p2a: Ceruledge|Protect|p2a: Ceruledge\n|-singleturn|p2a: Ceruledge|Protect\n|move|p1a: Tatsugiri|Icy Wind|p2a: Ceruledge|[spread] p2b\n|-activate|p2a: Ceruledge|move: Protect\n|-supereffective|p2b: Dragapult\n|-damage|p2b: Dragapult|65\/100\n|move|p2b: Dragapult|Dragon Darts|p1b: Toxtricity\n|-damage|p1b: Toxtricity|69\/100\n|-anim|p2b: Dragapult|Dragon Darts|p1a: Tatsugiri\n|-supereffective|p1a: Tatsugiri\n|-damage|p1a: Tatsugiri|8\/100\n|move|p1b: Toxtricity|Overdrive|p2b: Dragapult|[spread] p2b\n|-activate|p2a: Ceruledge|move: Protect\n|-resisted|p2b: Dragapult\n|-damage|p2b: Dragapult|37\/100\n|-enditem|p1b: Toxtricity|Throat Spray\n|-boost|p1b: Toxtricity|spa|1|[from] item: Throat Spray\n|-enditem|p2b: Dragapult|Mirror Herb\n|-boost|p2b: Dragapult|spa|1|[from] item: Mirror Herb\n|\n|upkeep\n|turn|2\n|\n|t:|1682104609\n|switch|p2a: Chien-Pao|Chien-Pao, L50|100\/100\n|-ability|p2a: Chien-Pao|Sword of Ruin\n|move|p1a: Tatsugiri|Icy Wind|p2a: Chien-Pao|[spread] p2a,p2b\n|-resisted|p2a: Chien-Pao\n|-supereffective|p2b: Dragapult\n|-damage|p2a: Chien-Pao|90\/100\n|-damage|p2b: Dragapult|2\/100\n|-unboost|p2a: Chien-Pao|spe|1\n|move|p2b: Dragapult|Dragon Darts|p1b: Toxtricity\n|-damage|p1b: Toxtricity|24\/100\n|-anim|p2b: Dragapult|Dragon Darts|p1a: Tatsugiri\n|-supereffective|p1a: Tatsugiri\n|-damage|p1a: Tatsugiri|0 fnt\n|faint|p1a: Tatsugiri\n|move|p1b: Toxtricity|Snarl|p2a: Chien-Pao|[spread] p2a,p2b\n|-resisted|p2a: Chien-Pao\n|-supereffective|p2b: Dragapult\n|-damage|p2a: Chien-Pao|66\/100\n|-damage|p2b: Dragapult|0 fnt\n|-unboost|p2a: Chien-Pao|spa|1\n|faint|p2b: Dragapult\n|\n|upkeep\n|\n|t:|1682104636\n|switch|p2b: Ceruledge|Ceruledge, L50, M|100\/100\n|switch|p1a: Bombirdier|Bombirdier, L50, M, shiny|100\/100\n|turn|3\n|\n|t:|1682104697\n|-terastallize|p1a: Bombirdier|Rock\n|-terastallize|p2b: Ceruledge|Grass\n|move|p2a: Chien-Pao|Ice Shard|p1a: Bombirdier\n|-damage|p1a: Bombirdier|54\/100\n|-damage|p2a: Chien-Pao|57\/100|[from] item: Life Orb\n|move|p2b: Ceruledge|Shadow Sneak|p1b: Toxtricity\n|-damage|p1b: Toxtricity|0 fnt\n|faint|p1b: Toxtricity\n|move|p1a: Bombirdier|Rock Slide|p2a: Chien-Pao|[spread] p2a,p2b\n|-supereffective|p2a: Chien-Pao\n|-damage|p2a: Chien-Pao|0 fnt\n|-damage|p2b: Ceruledge|33\/100\n|faint|p2a: Chien-Pao\n|-damage|p1a: Bombirdier|44\/100|[from] item: Life Orb\n|\n|upkeep\n|\n|t:|1682104716\n|switch|p2a: Wo-Chien|Wo-Chien, L50|100\/100\n|switch|p1b: Dondozo|Dondozo, L50, M, shiny|100\/100\n|-ability|p2a: Wo-Chien|Tablets of Ruin\n|turn|4\n|\n|t:|1682104732\n|move|p2b: Ceruledge|Protect|p2b: Ceruledge\n|-singleturn|p2b: Ceruledge|Protect\n|move|p1a: Bombirdier|Brave Bird|p2a: Wo-Chien\n|-supereffective|p2a: Wo-Chien\n|-damage|p2a: Wo-Chien|11\/100\n|-damage|p1a: Bombirdier|5\/100|[from] Recoil\n|-damage|p1a: Bombirdier|0 fnt|[from] item: Life Orb\n|faint|p1a: Bombirdier\n|move|p2a: Wo-Chien|Leech Seed|p1b: Dondozo\n|-start|p1b: Dondozo|move: Leech Seed\n|move|p1b: Dondozo|Order Up|p2b: Ceruledge\n|-activate|p2b: Ceruledge|move: Protect\n|\n|-damage|p1b: Dondozo|88\/100|[from] Leech Seed|[of] p2a: Wo-Chien\n|-heal|p2a: Wo-Chien|33\/100|[silent]\n|upkeep\n|turn|5\n|\n|t:|1682104750\n|move|p2b: Ceruledge|Bitter Blade|p1b: Dondozo\n|-resisted|p1b: Dondozo\n|-damage|p1b: Dondozo|78\/100\n|-heal|p2b: Ceruledge|41\/100|[from] drain|[of] p1b: Dondozo\n|move|p2a: Wo-Chien|Giga Drain|p1b: Dondozo\n|-supereffective|p1b: Dondozo\n|-damage|p1b: Dondozo|33\/100\n|-heal|p2a: Wo-Chien|72\/100|[from] drain|[of] p1b: Dondozo\n|move|p1b: Dondozo|Earthquake|p2b: Ceruledge|[spread] p2a,p2b\n|-resisted|p2a: Wo-Chien\n|-resisted|p2b: Ceruledge\n|-damage|p2a: Wo-Chien|65\/100\n|-damage|p2b: Ceruledge|30\/100\n|\n|-heal|p1b: Dondozo|39\/100|[from] item: Leftovers\n|-damage|p1b: Dondozo|27\/100|[from] Leech Seed|[of] p2a: Wo-Chien\n|-heal|p2a: Wo-Chien|86\/100|[silent]\n|upkeep\n|turn|6\n|-message|Gym Leader Norvie forfeited.\n|\n|win|BlindMagneton\n|raw|Gym Leader Norvie's rating: 1292 → 1269<\/strong> (-23 for losing)\n|raw|BlindMagneton's rating: 1313 → 1332<\/strong> (+19 for winning)\n|l|\u2606Gym Leader Norvie\n","uploadtime":1682104774,"views":13,"p1id":"gymleadernorvie","p2id":"blindmagneton","formatid":"gen9vgc2023regulationc","rating":1269,"private":0,"password":""}