{"id":"gen9vgc2023regulationc-1845066858","p1":"gssgdg","p2":"Hidori 3","format":"[Gen 9] VGC 2023 Regulation C","log":"|j|\u2606gssgdg\n|j|\u2606Hidori 3\n|t:|1681679735\n|gametype|doubles\n|player|p1|gssgdg|2|1198\n|player|p2|Hidori 3|poppy|1295\n|teamsize|p1|4\n|teamsize|p2|6\n|gen|9\n|tier|[Gen 9] VGC 2023 Regulation C\n|rated|\n|rule|Species Clause: Limit one of each Pok\u00e9mon\n|rule|Item Clause: Limit one of each item\n|clearpoke\n|poke|p1|Flutter Mane, L50|\n|poke|p1|Chi-Yu, L50|\n|poke|p1|Dragonite, L50, F|\n|poke|p1|Chien-Pao, L50|\n|poke|p2|Palafin, L50, M|\n|poke|p2|Pelipper, L50, F|\n|poke|p2|Barraskewda, L50, F|\n|poke|p2|Chien-Pao, L50|\n|poke|p2|Amoonguss, L50, M|\n|poke|p2|Gholdengo, L50|\n|teampreview|4\n|inactive|Battle timer is ON: inactive players will automatically lose when time's up. (requested by Hidori 3)\n|\n|t:|1681679743\n|start\n|switch|p1a: Chien-Pao|Chien-Pao, L50|100\/100\n|switch|p1b: Dragonite|Dragonite, L50, F, shiny|100\/100\n|switch|p2a: Power of Neo|Palafin, L50, M, shiny|100\/100\n|switch|p2b: Paint it Black|Barraskewda, L50, F, shiny|100\/100\n|-ability|p1a: Chien-Pao|Sword of Ruin\n|turn|1\n|\n|t:|1681679765\n|detailschange|p2a: Power of Neo|Palafin-Hero, L50, M, shiny\n|switch|p2a: Catch the rainbow|Pelipper, L50, F|100\/100\n|-weather|RainDance|[from] ability: Drizzle|[of] p2a: Catch the rainbow\n|move|p1b: Dragonite|Extreme Speed|p2a: Catch the rainbow\n|-damage|p2a: Catch the rainbow|57\/100\n|move|p2b: Paint it Black|Close Combat|p1b: Dragonite\n|-resisted|p1b: Dragonite\n|-damage|p1b: Dragonite|85\/100\n|-unboost|p2b: Paint it Black|def|1\n|-unboost|p2b: Paint it Black|spd|1\n|move|p1a: Chien-Pao|Sacred Sword|p2a: Catch the rainbow\n|-resisted|p2a: Catch the rainbow\n|-damage|p2a: Catch the rainbow|39\/100\n|\n|-weather|RainDance|[upkeep]\n|upkeep\n|turn|2\n|\n|t:|1681679791\n|move|p2a: Catch the rainbow|Helping Hand|p2b: Paint it Black\n|-singleturn|p2b: Paint it Black|Helping Hand|[of] p2a: Catch the rainbow\n|move|p1b: Dragonite|Extreme Speed|p2b: Paint it Black\n|-enditem|p2b: Paint it Black|Focus Sash\n|-damage|p2b: Paint it Black|1\/100\n|move|p2b: Paint it Black|Crunch|p1b: Dragonite\n|-damage|p1b: Dragonite|29\/100\n|move|p1a: Chien-Pao|Sacred Sword|p2b: Paint it Black\n|-damage|p2b: Paint it Black|0 fnt\n|faint|p2b: Paint it Black\n|\n|-weather|RainDance|[upkeep]\n|upkeep\n|\n|t:|1681679805\n|switch|p2b: Power of Neo|Palafin-Hero, L50, M, shiny|100\/100\n|-activate|p2b: Power of Neo|ability: Zero to Hero\n|turn|3\n|\n|t:|1681679818\n|move|p2b: Power of Neo|Protect|p2b: Power of Neo\n|-singleturn|p2b: Power of Neo|Protect\n|move|p1b: Dragonite|Extreme Speed|p2b: Power of Neo\n|-activate|p2b: Power of Neo|move: Protect\n|move|p1a: Chien-Pao|Sacred Sword|p2b: Power of Neo\n|-activate|p2b: Power of Neo|move: Protect\n|move|p2a: Catch the rainbow|Hurricane|p1b: Dragonite\n|-damage|p1b: Dragonite|0 fnt\n|faint|p1b: Dragonite\n|\n|-weather|RainDance|[upkeep]\n|upkeep\n|\n|t:|1681679834\n|switch|p1b: Flutter Mane|Flutter Mane, L50|100\/100\n|-enditem|p1b: Flutter Mane|Booster Energy\n|-activate|p1b: Flutter Mane|ability: Protosynthesis|[fromitem]\n|-start|p1b: Flutter Mane|protosynthesisspa\n|turn|4\n|\n|t:|1681679847\n|-terastallize|p2b: Power of Neo|Water\n|move|p2b: Power of Neo|Jet Punch|p1b: Flutter Mane\n|-damage|p1b: Flutter Mane|0 fnt\n|faint|p1b: Flutter Mane\n|-end|p1b: Flutter Mane|Protosynthesis|[silent]\n|move|p1a: Chien-Pao|Sacred Sword|p2b: Power of Neo\n|-damage|p2b: Power of Neo|55\/100\n|move|p2a: Catch the rainbow|Hurricane|p1a: Chien-Pao\n|-crit|p1a: Chien-Pao\n|-damage|p1a: Chien-Pao|6\/100\n|-start|p1a: Chien-Pao|confusion\n|\n|-weather|RainDance|[upkeep]\n|upkeep\n|inactive|gssgdg has 30 seconds left.\n|inactive|gssgdg has 20 seconds left.\n|inactive|gssgdg has 15 seconds left.\n|inactive|gssgdg has 10 seconds left.\n|inactive|gssgdg has 5 seconds left.\n|\n|t:|1681679902\n|switch|p1b: Chi-Yu|Chi-Yu, L50|100\/100\n|-ability|p1b: Chi-Yu|Beads of Ruin\n|turn|5\n|inactive|gssgdg has 30 seconds left.\n|inactive|gssgdg has 20 seconds left.\n|inactive|gssgdg has 15 seconds left.\n|inactive|gssgdg has 10 seconds left.\n|inactive|gssgdg has 5 seconds left.\n|\n|t:|1681679957\n|move|p2b: Power of Neo|Protect|p2b: Power of Neo\n|-singleturn|p2b: Power of Neo|Protect\n|move|p2a: Catch the rainbow|Quick Attack|p1a: Chien-Pao\n|-damage|p1a: Chien-Pao|0 fnt\n|faint|p1a: Chien-Pao\n|move|p1b: Chi-Yu|Flamethrower|p2a: Catch the rainbow\n|-resisted|p2a: Catch the rainbow\n|-damage|p2a: Catch the rainbow|15\/100\n|\n|-weather|RainDance|[upkeep]\n|upkeep\n|turn|6\n|inactive|gssgdg has 30 seconds left.\n|inactive|gssgdg has 20 seconds left.\n|inactive|gssgdg has 15 seconds left.\n|inactive|gssgdg has 10 seconds left.\n|inactive|gssgdg has 5 seconds left.\n|\n|t:|1681680012\n|move|p2a: Catch the rainbow|Helping Hand|p2b: Power of Neo\n|-singleturn|p2b: Power of Neo|Helping Hand|[of] p2a: Catch the rainbow\n|move|p2b: Power of Neo|Jet Punch|p1b: Chi-Yu\n|-supereffective|p1b: Chi-Yu\n|-damage|p1b: Chi-Yu|0 fnt\n|faint|p1b: Chi-Yu\n|\n|win|Hidori 3\n|raw|gssgdg's rating: 1198 → 1180<\/strong> (-18 for losing)\n|raw|Hidori 3's rating: 1295 → 1313<\/strong> (+18 for winning)\n","uploadtime":1681680020,"views":6,"p1id":"gssgdg","p2id":"hidori3","formatid":"gen9vgc2023regulationc","rating":1180,"private":0,"password":""}