{"id":"gen9vgc2023regulationc-1851818508","p1":"FriskDitto","p2":"WarlogFV","format":"[Gen 9] VGC 2023 Regulation C","log":"|j|\u2606FriskDitto\n|j|\u2606WarlogFV\n|t:|1682489366\n|gametype|doubles\n|player|p1|FriskDitto|bugcatcher-gen4dp|1156\n|player|p2|WarlogFV|erika|1115\n|teamsize|p1|6\n|teamsize|p2|6\n|gen|9\n|tier|[Gen 9] VGC 2023 Regulation C\n|rated|\n|rule|Species Clause: Limit one of each Pok\u00e9mon\n|rule|Item Clause: Limit one of each item\n|clearpoke\n|poke|p1|Ceruledge, L50, F|\n|poke|p1|Wo-Chien, L50|\n|poke|p1|Flutter Mane, L50|\n|poke|p1|Glimmora, L50, F|\n|poke|p1|Gyarados, L50, M|\n|poke|p1|Amoonguss, L50, M|\n|poke|p2|Dondozo, L50, F|\n|poke|p2|Flutter Mane, L50|\n|poke|p2|Greedent, L50, M|\n|poke|p2|Tatsugiri-Droopy, L50, F|\n|poke|p2|Torkoal, L50, F|\n|poke|p2|Hatterene, L50, F|\n|teampreview|4\n|inactive|Battle timer is ON: inactive players will automatically lose when time's up. (requested by WarlogFV)\nFriskDitto has agreed to open team sheets.\nWarlogFV rejected open team sheets.\n|c|\u2606WarlogFV|Glhf\n|inactive|FriskDitto has 60 seconds left.\n|\n|t:|1682489441\n|start\n|switch|p1a: Glimmora|Glimmora, L50, F|100\/100\n|switch|p1b: Gyarados|Gyarados, L50, M|100\/100\n|switch|p2a: Dondozo|Dondozo, L50, F|100\/100\n|switch|p2b: Flutter Mane|Flutter Mane, L50|100\/100\n|-ability|p1b: Gyarados|Intimidate|boost\n|-unboost|p2a: Dondozo|atk|1\n|-unboost|p2b: Flutter Mane|atk|1\n|-enditem|p2b: Flutter Mane|Booster Energy\n|-activate|p2b: Flutter Mane|ability: Protosynthesis|[fromitem]\n|-start|p2b: Flutter Mane|protosynthesisspe\n|turn|1\n|\n|t:|1682489466\n|move|p2a: Dondozo|Protect|p2a: Dondozo\n|-singleturn|p2a: Dondozo|Protect\n|move|p2b: Flutter Mane|Moonblast|p1b: Gyarados\n|-damage|p1b: Gyarados|44\/100\n|-unboost|p1b: Gyarados|spa|1\n|move|p1a: Glimmora|Toxic|p2a: Dondozo\n|-activate|p2a: Dondozo|move: Protect\n|move|p1b: Gyarados|Taunt|p2a: Dondozo\n|-activate|p2a: Dondozo|move: Protect\n|\n|upkeep\n|turn|2\n|\n|t:|1682489489\n|switch|p1b: Ceruledge|Ceruledge, L50, F|100\/100\n|move|p2b: Flutter Mane|Dazzling Gleam|p1b: Ceruledge|[spread] p1a,p1b\n|-resisted|p1a: Glimmora\n|-resisted|p1b: Ceruledge\n|-damage|p1a: Glimmora|78\/100\n|-damage|p1b: Ceruledge|84\/100\n|move|p1a: Glimmora|Toxic|p2a: Dondozo\n|-status|p2a: Dondozo|tox\n|move|p2a: Dondozo|Wave Crash|p1a: Glimmora\n|-supereffective|p1a: Glimmora\n|-damage|p1a: Glimmora|0 fnt\n|-activate|p1a: Glimmora|ability: Toxic Debris\n|-sidestart|p2: WarlogFV|move: Toxic Spikes\n|faint|p1a: Glimmora\n|-damage|p2a: Dondozo|82\/100 tox|[from] Recoil\n|\n|-heal|p2a: Dondozo|89\/100 tox|[from] item: Leftovers\n|-damage|p2a: Dondozo|82\/100 tox|[from] psn\n|upkeep\n|\n|t:|1682489502\n|switch|p1a: Gyarados|Gyarados, L50, M|44\/100\n|-ability|p1a: Gyarados|Intimidate|boost\n|-unboost|p2a: Dondozo|atk|1\n|-unboost|p2b: Flutter Mane|atk|1\n|turn|3\n|\n|t:|1682489522\n|-end|p2b: Flutter Mane|Protosynthesis|[silent]\n|switch|p2b: Tatsugiri|Tatsugiri-Droopy, L50, F|100\/100\n|-activate|p2b: Tatsugiri|ability: Commander|[of] p2a: Dondozo\n|-boost|p2a: Dondozo|atk|2\n|-boost|p2a: Dondozo|spa|2\n|-boost|p2a: Dondozo|spe|2\n|-boost|p2a: Dondozo|def|2\n|-boost|p2a: Dondozo|spd|2\n|move|p1b: Ceruledge|Protect|p1b: Ceruledge\n|-singleturn|p1b: Ceruledge|Protect\n|move|p2a: Dondozo|Order Up|p1a: Gyarados\n|-damage|p1a: Gyarados|17\/100\n|-boost|p2a: Dondozo|def|1\n|move|p1a: Gyarados|Taunt|p2a: Dondozo\n|-start|p2a: Dondozo|move: Taunt\n|\n|-heal|p2a: Dondozo|89\/100 tox|[from] item: Leftovers\n|-damage|p2a: Dondozo|76\/100 tox|[from] psn\n|upkeep\n|turn|4\n|\n|t:|1682489540\n|switch|p1a: Flutter Mane|Flutter Mane, L50|100\/100\n|-enditem|p1a: Flutter Mane|Booster Energy\n|-activate|p1a: Flutter Mane|ability: Protosynthesis|[fromitem]\n|-start|p1a: Flutter Mane|protosynthesisspe\n|-terastallize|p1b: Ceruledge|Grass\n|move|p2a: Dondozo|Wave Crash|p1b: Ceruledge\n|-resisted|p1b: Ceruledge\n|-damage|p1b: Ceruledge|55\/100\n|-damage|p2a: Dondozo|69\/100 tox|[from] Recoil\n|move|p1b: Ceruledge|Bulk Up|p1b: Ceruledge\n|-boost|p1b: Ceruledge|atk|1\n|-boost|p1b: Ceruledge|def|1\n|\n|-heal|p2a: Dondozo|75\/100 tox|[from] item: Leftovers\n|-damage|p2a: Dondozo|56\/100 tox|[from] psn\n|upkeep\n|turn|5\n|\n|t:|1682489560\n|-terastallize|p2a: Dondozo|Flying\n|move|p1a: Flutter Mane|Substitute|p1a: Flutter Mane\n|-start|p1a: Flutter Mane|Substitute\n|-damage|p1a: Flutter Mane|76\/100\n|move|p2a: Dondozo|Tera Blast|p1b: Ceruledge\n|-supereffective|p1b: Ceruledge\n|-damage|p1b: Ceruledge|0 fnt\n|faint|p1b: Ceruledge\n|\n|-heal|p2a: Dondozo|62\/100 tox|[from] item: Leftovers\n|-damage|p2a: Dondozo|38\/100 tox|[from] psn\n|upkeep\n|\n|t:|1682489567\n|switch|p1b: Gyarados|Gyarados, L50, M|17\/100\n|-ability|p1b: Gyarados|Intimidate|boost\n|-unboost|p2a: Dondozo|atk|1\n|-unboost|p2b: Tatsugiri|atk|1\n|turn|6\n|\n|t:|1682489574\n|move|p1a: Flutter Mane|Hex|p2a: Dondozo\n|-damage|p2a: Dondozo|4\/100 tox\n|move|p2a: Dondozo|Order Up|p1b: Gyarados\n|-damage|p1b: Gyarados|0 fnt\n|faint|p1b: Gyarados\n|-boost|p2a: Dondozo|def|1\n|\n|-heal|p2a: Dondozo|11\/100 tox|[from] item: Leftovers\n|-damage|p2a: Dondozo|0 fnt|[from] psn\n|faint|p2a: Dondozo\n|upkeep\n|\n|t:|1682489583\n|switch|p2a: Flutter Mane|Flutter Mane, L50|100\/100\n|-status|p2a: Flutter Mane|psn\n|turn|7\n|\n|t:|1682489591\n|switch|p2b: Torkoal|Torkoal, L50, F|100\/100\n|-status|p2b: Torkoal|psn\n|-weather|SunnyDay|[from] ability: Drought|[of] p2b: Torkoal\n|-activate|p2a: Flutter Mane|ability: Protosynthesis\n|-start|p2a: Flutter Mane|protosynthesisspe\n|move|p1a: Flutter Mane|Hex|p2a: Flutter Mane\n|-supereffective|p2a: Flutter Mane\n|-damage|p2a: Flutter Mane|0 fnt\n|faint|p2a: Flutter Mane\n|-end|p2a: Flutter Mane|Protosynthesis|[silent]\n|\n|-weather|SunnyDay|[upkeep]\n|-damage|p2b: Torkoal|88\/100 psn|[from] psn\n|upkeep\n|\n|t:|1682489601\n|switch|p2a: Tatsugiri|Tatsugiri-Droopy, L50, F|100\/100\n|-status|p2a: Tatsugiri|psn\n|turn|8\n|\n|t:|1682489612\n|move|p1a: Flutter Mane|Hex|p2b: Torkoal\n|-crit|p2b: Torkoal\n|-damage|p2b: Torkoal|0 fnt\n|faint|p2b: Torkoal\n|move|p2a: Tatsugiri|Muddy Water|p1a: Flutter Mane\n|-activate|p1a: Flutter Mane|move: Substitute|[damage]\n|\n|-weather|SunnyDay|[upkeep]\n|-damage|p2a: Tatsugiri|88\/100 psn|[from] psn\n|upkeep\n|turn|9\n|\n|t:|1682489616\n|move|p1a: Flutter Mane|Hex|p2a: Tatsugiri\n|-damage|p2a: Tatsugiri|0 fnt\n|faint|p2a: Tatsugiri\n|\n|win|FriskDitto\n|raw|FriskDitto's rating: 1156 → 1178<\/strong> (+22 for winning)\n|raw|WarlogFV's rating: 1115 → 1093<\/strong> (-22 for losing)\n|l|\u2606WarlogFV\n","uploadtime":1682489771,"views":16,"p1id":"friskditto","p2id":"warlogfv","formatid":"gen9vgc2023regulationc","rating":1093,"private":0,"password":""}