{"id":"gen9vgc2023regulationc-1857234485","p1":"Bitt 24","p2":"Memebasedgod","format":"[Gen 9] VGC 2023 Regulation C","log":"|j|\u2606Bitt 24\n|j|\u2606Memebasedgod\n|t:|1683161441\n|gametype|doubles\n|player|p1|Bitt 24|169|\n|player|p2|Memebasedgod|nemona-v|\n|teamsize|p1|6\n|teamsize|p2|6\n|gen|9\n|tier|[Gen 9] VGC 2023 Regulation C\n|rule|Species Clause: Limit one of each Pok\u00e9mon\n|rule|Item Clause: Limit one of each item\n|clearpoke\n|poke|p1|Barraskewda, L50, F|\n|poke|p1|Dragapult, L50, F|\n|poke|p1|Pyroar, L50, M|\n|poke|p1|Dachsbun, L50, F|\n|poke|p1|Clodsire, L50, F|\n|poke|p1|Klefki, L50, M|\n|poke|p2|Ting-Lu, L50|\n|poke|p2|Arcanine, L50, F|\n|poke|p2|Gengar, L50, M|\n|poke|p2|Bronzong, L50|\n|poke|p2|Noivern, L50, M|\n|poke|p2|Pikachu, L50, M|\n|teampreview|4\n|c|\u2606Memebasedgod|g3\nMemebasedgod rejected open team sheets.\n|c|\u2606Memebasedgod|glhf\n|j| GuardianofL1ght\n|j| Toronto 6ix\n|c|\u2606Bitt 24|Lol\n|c|\u2606Bitt 24|Glhf i guess\n|c|\u2606Bitt 24|not that u need luck lol\n|c| Toronto 6ix|I'm cheering for Vitor\n|c| Toronto 6ix|The sussy bug\n|\n|t:|1683162337\n|start\n|switch|p1a: Pyroar|Pyroar, L50, M|100\/100\n|switch|p1b: Dragapult|Dragapult, L50, F|100\/100\n|switch|p2a: Da Jokah Baybee|Gengar, L50, M|100\/100\n|switch|p2b: Paw Patrol|Arcanine, L50, F|100\/100\n|-ability|p1a: Pyroar|Unnerve\n|-ability|p2b: Paw Patrol|Intimidate|boost\n|-unboost|p1a: Pyroar|atk|1\n|-fail|p1b: Dragapult|unboost|[from] ability: Clear Body|[of] p1b: Dragapult\n|turn|1\n|\n|t:|1683162366\n|move|p1b: Dragapult|Protect|p1b: Dragapult\n|-singleturn|p1b: Dragapult|Protect\n|move|p2a: Da Jokah Baybee|Shadow Ball|p1b: Dragapult\n|-activate|p1b: Dragapult|move: Protect\n|move|p1a: Pyroar|Heat Wave|p2b: Paw Patrol|[spread] p2a,p2b\n|-resisted|p2b: Paw Patrol\n|-damage|p2a: Da Jokah Baybee|45\/100\n|-damage|p2b: Paw Patrol|82\/100\n|move|p2b: Paw Patrol|Will-O-Wisp|p1b: Dragapult\n|-activate|p1b: Dragapult|move: Protect\n|\n|upkeep\n|turn|2\n|\n|t:|1683162388\n|switch|p2a: Space Jam|Ting-Lu, L50|100\/100\n|-ability|p2a: Space Jam|Vessel of Ruin\n|-terastallize|p1b: Dragapult|Dragon\n|move|p1b: Dragapult|Draco Meteor|p2b: Paw Patrol|[miss]\n|-miss|p1b: Dragapult|p2b: Paw Patrol\n|move|p1a: Pyroar|Heat Wave|p2b: Paw Patrol|[spread] p2a,p2b\n|-resisted|p2b: Paw Patrol\n|-damage|p2a: Space Jam|82\/100\n|-damage|p2b: Paw Patrol|66\/100\n|move|p2b: Paw Patrol|Dragon Pulse|p1b: Dragapult\n|-supereffective|p1b: Dragapult\n|-damage|p1b: Dragapult|50\/100\n|\n|-heal|p2a: Space Jam|88\/100|[from] item: Leftovers\n|upkeep\n|turn|3\n|c|\u2606Bitt 24|Of course\n|\n|t:|1683162424\n|move|p1b: Dragapult|Protect|p1b: Dragapult\n|-singleturn|p1b: Dragapult|Protect\n|move|p1a: Pyroar|Hyper Voice|p2b: Paw Patrol|[spread] p2a,p2b\n|-damage|p2a: Space Jam|70\/100\n|-damage|p2b: Paw Patrol|41\/100\n|-enditem|p1a: Pyroar|Throat Spray\n|-boost|p1a: Pyroar|spa|1|[from] item: Throat Spray\n|move|p2b: Paw Patrol|Dragon Pulse|p1b: Dragapult\n|-activate|p1b: Dragapult|move: Protect\n|move|p2a: Space Jam|Stomping Tantrum|p1a: Pyroar\n|-supereffective|p1a: Pyroar\n|-damage|p1a: Pyroar|0 fnt\n|faint|p1a: Pyroar\n|\n|-heal|p2a: Space Jam|76\/100|[from] item: Leftovers\n|upkeep\n|\n|t:|1683162436\n|switch|p1a: Barraskewda|Barraskewda, L50, F|100\/100\n|turn|4\n|\n|t:|1683162447\n|switch|p1b: Clodsire|Clodsire, L50, F|100\/100\n|-terastallize|p2a: Space Jam|Poison\n|move|p2b: Paw Patrol|Extreme Speed|p1b: Clodsire\n|-damage|p1b: Clodsire|86\/100\n|move|p1a: Barraskewda|Liquidation|p2b: Paw Patrol\n|-supereffective|p2b: Paw Patrol\n|-damage|p2b: Paw Patrol|0 fnt\n|faint|p2b: Paw Patrol\n|move|p2a: Space Jam|Stomping Tantrum|p1b: Clodsire\n|-supereffective|p1b: Clodsire\n|-damage|p1b: Clodsire|33\/100\n|-enditem|p1b: Clodsire|Sitrus Berry|[eat]\n|-heal|p1b: Clodsire|58\/100|[from] item: Sitrus Berry\n|\n|-heal|p2a: Space Jam|82\/100|[from] item: Leftovers\n|upkeep\n|\n|t:|1683162460\n|switch|p2b: Taco Bell|Bronzong, L50|100\/100\n|turn|5\n|\n|t:|1683162474\n|move|p1b: Clodsire|Protect|p1b: Clodsire\n|-singleturn|p1b: Clodsire|Protect\n|move|p1a: Barraskewda|Psychic Fangs|p2a: Space Jam\n|-supereffective|p2a: Space Jam\n|-damage|p2a: Space Jam|52\/100\n|move|p2a: Space Jam|Stomping Tantrum|p1a: Barraskewda\n|-damage|p1a: Barraskewda|37\/100\n|move|p2b: Taco Bell|Trick Room|p2b: Taco Bell\n|-fieldstart|move: Trick Room|[of] p2b: Taco Bell\n|\n|-heal|p2a: Space Jam|58\/100|[from] item: Leftovers\n|upkeep\n|turn|6\n|l| GuardianofL1ght\n|c|\u2606Bitt 24|Gg bro\n|\n|t:|1683162497\n|move|p1a: Barraskewda|Protect|p1a: Barraskewda\n|-singleturn|p1a: Barraskewda|Protect\n|move|p1b: Clodsire|Stomping Tantrum|p2a: Space Jam\n|-supereffective|p2a: Space Jam\n|-damage|p2a: Space Jam|35\/100\n|move|p2b: Taco Bell|Night Shade|p1b: Clodsire\n|-damage|p1b: Clodsire|37\/100\n|move|p2a: Space Jam|Stomping Tantrum|p1b: Clodsire\n|-supereffective|p1b: Clodsire\n|-damage|p1b: Clodsire|0 fnt\n|faint|p1b: Clodsire\n|\n|-heal|p2a: Space Jam|41\/100|[from] item: Leftovers\n|upkeep\n|c|\u2606Bitt 24|nice strat\n|\n|t:|1683162505\n|switch|p1b: Dragapult|Dragapult, L50, F, tera:Dragon|50\/100\n|turn|7\n|\n|t:|1683162514\n|move|p1a: Barraskewda|Protect||[still]\n|-fail|p1a: Barraskewda\n|move|p2b: Taco Bell|Gravity|p2b: Taco Bell\n|-fieldstart|move: Gravity\n|move|p2a: Space Jam|Stomping Tantrum|p1a: Barraskewda\n|-damage|p1a: Barraskewda|0 fnt\n|faint|p1a: Barraskewda\n|move|p1b: Dragapult|Shadow Ball|p2a: Space Jam\n|-damage|p2a: Space Jam|7\/100\n|-damage|p1b: Dragapult|40\/100|[from] item: Life Orb\n|\n|-heal|p2a: Space Jam|13\/100|[from] item: Leftovers\n|upkeep\n|turn|8\n|\n|t:|1683162526\n|move|p2b: Taco Bell|Hypnosis|p1b: Dragapult\n|-status|p1b: Dragapult|slp|[from] move: Hypnosis\n|move|p2a: Space Jam|Fissure|p1b: Dragapult|[miss]\n|-miss|p2a: Space Jam|p1b: Dragapult\n|cant|p1b: Dragapult|slp\n|\n|-heal|p2a: Space Jam|19\/100|[from] item: Leftovers\n|upkeep\n|turn|9\n|c|\u2606Bitt 24|Omg\n|c|\u2606Bitt 24|fuck off\n|\n|t:|1683162534\n|-curestatus|p1b: Dragapult|slp|[msg]\n|move|p1b: Dragapult|Protect|p1b: Dragapult\n|-singleturn|p1b: Dragapult|Protect\n|move|p2b: Taco Bell|Night Shade|p1b: Dragapult\n|-activate|p1b: Dragapult|move: Protect\n|move|p2a: Space Jam|Fissure|p1b: Dragapult\n|-activate|p1b: Dragapult|move: Protect\n|\n|-heal|p2a: Space Jam|25\/100|[from] item: Leftovers\n|-fieldend|move: Trick Room\n|upkeep\n|turn|10\n|c|\u2606Memebasedgod|ok sorry lol\n|\n|t:|1683162556\n|move|p1b: Dragapult|Shadow Ball|p2a: Space Jam\n|-damage|p2a: Space Jam|0 fnt\n|faint|p2a: Space Jam\n|-damage|p1b: Dragapult|31\/100|[from] item: Life Orb\n|move|p2b: Taco Bell|Hypnosis|p1b: Dragapult\n|-status|p1b: Dragapult|slp|[from] move: Hypnosis\n|\n|upkeep\n|\n|t:|1683162562\n|switch|p2a: Da Jokah Baybee|Gengar, L50, M|45\/100\n|turn|11\n|\n|t:|1683162571\n|move|p2a: Da Jokah Baybee|Shadow Ball|p1b: Dragapult\n|-damage|p1b: Dragapult|0 fnt\n|faint|p1b: Dragapult\n|\n|win|Memebasedgod\n|l| Toronto 6ix\n","uploadtime":1683162579,"views":17,"p1id":"bitt24","p2id":"memebasedgod","formatid":"gen9vgc2023regulationc","rating":0,"private":0,"password":""}