{"id":"gen9vgc2023regulationc-1854697576","p1":"bbcom233","p2":"zjwf","format":"[Gen 9] VGC 2023 Regulation C","log":"|j|\u2606bbcom233\n|j|\u2606zjwf\n|t:|1682852407\n|gametype|doubles\n|player|p1|bbcom233|102|\n|player|p2|zjwf|irida|\n|teamsize|p1|6\n|teamsize|p2|6\n|gen|9\n|tier|[Gen 9] VGC 2023 Regulation C\n|rule|Species Clause: Limit one of each Pok\u00e9mon\n|rule|Item Clause: Limit one of each item\n|clearpoke\n|poke|p1|Grimmsnarl, L50, M|\n|poke|p1|Arcanine, L50, M|\n|poke|p1|Iron Hands, L50|\n|poke|p1|Corviknight, L50, F|\n|poke|p1|Flutter Mane, L50|\n|poke|p1|Palafin, L50, F|\n|poke|p2|Gholdengo, L50|\n|poke|p2|Iron Bundle, L50|\n|poke|p2|Iron Hands, L50|\n|poke|p2|Baxcalibur, L50, F|\n|poke|p2|Volcarona, L50, M|\n|poke|p2|Kingambit, L50, M|\n|teampreview|4\nbbcom233 has agreed to open team sheets.\nzjwf has agreed to open team sheets.\n|c|\u2606bbcom233|\u5f00\u5417\uff1f\n|\n|t:|1682852542\n|start\n|switch|p1a: Palafin|Palafin, L50, F|100\/100\n|switch|p1b: Flutter Mane|Flutter Mane, L50, shiny|100\/100\n|switch|p2a: \u65e0\u4ea7\u8005\u90fd\u8054\u5408\u8d77\u6765|Gholdengo, L50|100\/100\n|switch|p2b: \u9ed1\u5200|Kingambit, L50, M|100\/100\n|-enditem|p1b: Flutter Mane|Booster Energy\n|-activate|p1b: Flutter Mane|ability: Protosynthesis|[fromitem]\n|-start|p1b: Flutter Mane|protosynthesisspa\n|turn|1\n|c|\u2606zjwf|\u4f60\u632f\u7ffc\u53d1\u52a0\u7684\u4ec0\u4e48\n|c|\u2606zjwf|\u6211\u8fd9\u6321\u4f4f\u4e86\n|c|\u2606bbcom233|\u7279\u653b\n|inactive|Battle timer is ON: inactive players will automatically lose when time's up. (requested by bbcom233)\n|\n|t:|1682852646\n|switch|p2a: \u94c1\u6bd2\u86fe\u722c\u5730\u7fc5\u662f\u4ec0\u4e48\u4e1c\u897f|Volcarona, L50, M|100\/100\n|-terastallize|p1a: Palafin|Water\n|move|p1b: Flutter Mane|Moonblast|p2b: \u9ed1\u5200\n|-damage|p2b: \u9ed1\u5200|34\/100\n|move|p1a: Palafin|Wave Crash|p2b: \u9ed1\u5200\n|-damage|p2b: \u9ed1\u5200|0 fnt\n|faint|p2b: \u9ed1\u5200\n|-damage|p1a: Palafin|90\/100|[from] Recoil\n|\n|upkeep\n|\n|t:|1682852658\n|switch|p2b: \u65e0\u4ea7\u8005\u90fd\u8054\u5408\u8d77\u6765|Gholdengo, L50|100\/100\n|turn|2\n|inactive|zjwf has 30 seconds left.\n|inactive|zjwf has 20 seconds left.\n|inactive|zjwf has 15 seconds left.\n|\n|t:|1682852702\n|-terastallize|p2a: \u94c1\u6bd2\u86fe\u722c\u5730\u7fc5\u662f\u4ec0\u4e48\u4e1c\u897f|Water\n|move|p2b: \u65e0\u4ea7\u8005\u90fd\u8054\u5408\u8d77\u6765|Protect|p2b: \u65e0\u4ea7\u8005\u90fd\u8054\u5408\u8d77\u6765\n|-singleturn|p2b: \u65e0\u4ea7\u8005\u90fd\u8054\u5408\u8d77\u6765|Protect\n|move|p1b: Flutter Mane|Shadow Ball|p2b: \u65e0\u4ea7\u8005\u90fd\u8054\u5408\u8d77\u6765\n|-activate|p2b: \u65e0\u4ea7\u8005\u90fd\u8054\u5408\u8d77\u6765|move: Protect\n|move|p1a: Palafin|Wave Crash|p2b: \u65e0\u4ea7\u8005\u90fd\u8054\u5408\u8d77\u6765\n|-activate|p2b: \u65e0\u4ea7\u8005\u90fd\u8054\u5408\u8d77\u6765|move: Protect\n|move|p2a: \u94c1\u6bd2\u86fe\u722c\u5730\u7fc5\u662f\u4ec0\u4e48\u4e1c\u897f|Tailwind|p2a: \u94c1\u6bd2\u86fe\u722c\u5730\u7fc5\u662f\u4ec0\u4e48\u4e1c\u897f\n|-sidestart|p2: zjwf|move: Tailwind\n|\n|upkeep\n|turn|3\n|\n|t:|1682852718\n|-end|p1b: Flutter Mane|Protosynthesis|[silent]\n|switch|p1b: Iron Hands|Iron Hands, L50|100\/100\n|detailschange|p1a: Palafin|Palafin-Hero, L50, F, tera:Water\n|switch|p1a: Arcanine|Arcanine, L50, M|100\/100\n|-ability|p1a: Arcanine|Intimidate|boost\n|-unboost|p2a: \u94c1\u6bd2\u86fe\u722c\u5730\u7fc5\u662f\u4ec0\u4e48\u4e1c\u897f|atk|1\n|-unboost|p2b: \u65e0\u4ea7\u8005\u90fd\u8054\u5408\u8d77\u6765|atk|1\n|move|p2a: \u94c1\u6bd2\u86fe\u722c\u5730\u7fc5\u662f\u4ec0\u4e48\u4e1c\u897f|Rage Powder|p2a: \u94c1\u6bd2\u86fe\u722c\u5730\u7fc5\u662f\u4ec0\u4e48\u4e1c\u897f\n|-singleturn|p2a: \u94c1\u6bd2\u86fe\u722c\u5730\u7fc5\u662f\u4ec0\u4e48\u4e1c\u897f|move: Rage Powder\n|move|p2b: \u65e0\u4ea7\u8005\u90fd\u8054\u5408\u8d77\u6765|Nasty Plot|p2b: \u65e0\u4ea7\u8005\u90fd\u8054\u5408\u8d77\u6765\n|-boost|p2b: \u65e0\u4ea7\u8005\u90fd\u8054\u5408\u8d77\u6765|spa|2\n|\n|upkeep\n|turn|4\n|\n|t:|1682852736\n|move|p2a: \u94c1\u6bd2\u86fe\u722c\u5730\u7fc5\u662f\u4ec0\u4e48\u4e1c\u897f|Rage Powder|p2a: \u94c1\u6bd2\u86fe\u722c\u5730\u7fc5\u662f\u4ec0\u4e48\u4e1c\u897f\n|-singleturn|p2a: \u94c1\u6bd2\u86fe\u722c\u5730\u7fc5\u662f\u4ec0\u4e48\u4e1c\u897f|move: Rage Powder\n|move|p2b: \u65e0\u4ea7\u8005\u90fd\u8054\u5408\u8d77\u6765|Shadow Ball|p1a: Arcanine\n|-damage|p1a: Arcanine|18\/100\n|-damage|p2b: \u65e0\u4ea7\u8005\u90fd\u8054\u5408\u8d77\u6765|91\/100|[from] item: Life Orb\n|move|p1a: Arcanine|Snarl|p2b: \u65e0\u4ea7\u8005\u90fd\u8054\u5408\u8d77\u6765|[spread] p2a,p2b\n|-supereffective|p2b: \u65e0\u4ea7\u8005\u90fd\u8054\u5408\u8d77\u6765\n|-damage|p2a: \u94c1\u6bd2\u86fe\u722c\u5730\u7fc5\u662f\u4ec0\u4e48\u4e1c\u897f|93\/100\n|-damage|p2b: \u65e0\u4ea7\u8005\u90fd\u8054\u5408\u8d77\u6765|72\/100\n|-unboost|p2a: \u94c1\u6bd2\u86fe\u722c\u5730\u7fc5\u662f\u4ec0\u4e48\u4e1c\u897f|spa|1\n|-unboost|p2b: \u65e0\u4ea7\u8005\u90fd\u8054\u5408\u8d77\u6765|spa|1\n|move|p1b: Iron Hands|Swords Dance|p1b: Iron Hands\n|-boost|p1b: Iron Hands|atk|2\n|\n|upkeep\n|turn|5\n|\n|t:|1682852758\n|move|p1a: Arcanine|Extreme Speed|p2a: \u94c1\u6bd2\u86fe\u722c\u5730\u7fc5\u662f\u4ec0\u4e48\u4e1c\u897f\n|-damage|p2a: \u94c1\u6bd2\u86fe\u722c\u5730\u7fc5\u662f\u4ec0\u4e48\u4e1c\u897f|70\/100\n|move|p2a: \u94c1\u6bd2\u86fe\u722c\u5730\u7fc5\u662f\u4ec0\u4e48\u4e1c\u897f|Heat Wave|p1a: Arcanine|[spread] p1a,p1b\n|-resisted|p1a: Arcanine\n|-damage|p1a: Arcanine|10\/100\n|-damage|p1b: Iron Hands|85\/100\n|move|p2b: \u65e0\u4ea7\u8005\u90fd\u8054\u5408\u8d77\u6765|Make It Rain|p1b: Iron Hands|[spread] p1a,p1b\n|-resisted|p1a: Arcanine\n|-resisted|p1b: Iron Hands\n|-damage|p1a: Arcanine|0 fnt\n|-damage|p1b: Iron Hands|49\/100\n|-unboost|p2b: \u65e0\u4ea7\u8005\u90fd\u8054\u5408\u8d77\u6765|spa|1\n|-enditem|p1b: Iron Hands|Sitrus Berry|[eat]\n|-heal|p1b: Iron Hands|74\/100|[from] item: Sitrus Berry\n|faint|p1a: Arcanine\n|-damage|p2b: \u65e0\u4ea7\u8005\u90fd\u8054\u5408\u8d77\u6765|63\/100|[from] item: Life Orb\n|move|p1b: Iron Hands|Wild Charge|p2b: \u65e0\u4ea7\u8005\u90fd\u8054\u5408\u8d77\u6765\n|-damage|p2b: \u65e0\u4ea7\u8005\u90fd\u8054\u5408\u8d77\u6765|0 fnt\n|faint|p2b: \u65e0\u4ea7\u8005\u90fd\u8054\u5408\u8d77\u6765\n|-damage|p1b: Iron Hands|62\/100|[from] Recoil\n|\n|-sideend|p2: zjwf|move: Tailwind\n|upkeep\n|\n|t:|1682852780\n|switch|p1a: Flutter Mane|Flutter Mane, L50, shiny|100\/100\n|switch|p2b: \u6211\u53ec\u5524\u62f3\u5934\u5448\u653b\u51fb\u8868\u793a|Iron Hands, L50|100\/100\n|turn|6\n|inactive|zjwf has 30 seconds left.\n|\n|t:|1682852805\n|move|p2b: \u6211\u53ec\u5524\u62f3\u5934\u5448\u653b\u51fb\u8868\u793a|Fake Out|p1b: Iron Hands\n|-damage|p1b: Iron Hands|52\/100\n|move|p1a: Flutter Mane|Moonblast|p2b: \u6211\u53ec\u5524\u62f3\u5934\u5448\u653b\u51fb\u8868\u793a\n|-supereffective|p2b: \u6211\u53ec\u5524\u62f3\u5934\u5448\u653b\u51fb\u8868\u793a\n|-crit|p2b: \u6211\u53ec\u5524\u62f3\u5934\u5448\u653b\u51fb\u8868\u793a\n|-damage|p2b: \u6211\u53ec\u5524\u62f3\u5934\u5448\u653b\u51fb\u8868\u793a|24\/100\n|move|p2a: \u94c1\u6bd2\u86fe\u722c\u5730\u7fc5\u662f\u4ec0\u4e48\u4e1c\u897f|Tailwind|p2a: \u94c1\u6bd2\u86fe\u722c\u5730\u7fc5\u662f\u4ec0\u4e48\u4e1c\u897f\n|-sidestart|p2: zjwf|move: Tailwind\n|cant|p1b: Iron Hands|flinch\n|\n|upkeep\n|turn|7\n|\n|t:|1682852817\n|move|p2a: \u94c1\u6bd2\u86fe\u722c\u5730\u7fc5\u662f\u4ec0\u4e48\u4e1c\u897f|Rage Powder|p2a: \u94c1\u6bd2\u86fe\u722c\u5730\u7fc5\u662f\u4ec0\u4e48\u4e1c\u897f\n|-singleturn|p2a: \u94c1\u6bd2\u86fe\u722c\u5730\u7fc5\u662f\u4ec0\u4e48\u4e1c\u897f|move: Rage Powder\n|move|p1a: Flutter Mane|Dazzling Gleam|p2a: \u94c1\u6bd2\u86fe\u722c\u5730\u7fc5\u662f\u4ec0\u4e48\u4e1c\u897f|[spread] p2a,p2b\n|-crit|p2a: \u94c1\u6bd2\u86fe\u722c\u5730\u7fc5\u662f\u4ec0\u4e48\u4e1c\u897f\n|-supereffective|p2b: \u6211\u53ec\u5524\u62f3\u5934\u5448\u653b\u51fb\u8868\u793a\n|-damage|p2a: \u94c1\u6bd2\u86fe\u722c\u5730\u7fc5\u662f\u4ec0\u4e48\u4e1c\u897f|23\/100\n|-damage|p2b: \u6211\u53ec\u5524\u62f3\u5934\u5448\u653b\u51fb\u8868\u793a|0 fnt\n|-enditem|p2a: \u94c1\u6bd2\u86fe\u722c\u5730\u7fc5\u662f\u4ec0\u4e48\u4e1c\u897f|Iapapa Berry|[eat]\n|-heal|p2a: \u94c1\u6bd2\u86fe\u722c\u5730\u7fc5\u662f\u4ec0\u4e48\u4e1c\u897f|57\/100|[from] item: Iapapa Berry\n|faint|p2b: \u6211\u53ec\u5524\u62f3\u5934\u5448\u653b\u51fb\u8868\u793a\n|-end|p2b: \u6211\u53ec\u5524\u62f3\u5934\u5448\u653b\u51fb\u8868\u793a|Quark Drive|[silent]\n|move|p1b: Iron Hands|Wild Charge|p2a: \u94c1\u6bd2\u86fe\u722c\u5730\u7fc5\u662f\u4ec0\u4e48\u4e1c\u897f\n|-supereffective|p2a: \u94c1\u6bd2\u86fe\u722c\u5730\u7fc5\u662f\u4ec0\u4e48\u4e1c\u897f\n|-damage|p2a: \u94c1\u6bd2\u86fe\u722c\u5730\u7fc5\u662f\u4ec0\u4e48\u4e1c\u897f|0 fnt\n|faint|p2a: \u94c1\u6bd2\u86fe\u722c\u5730\u7fc5\u662f\u4ec0\u4e48\u4e1c\u897f\n|-damage|p1b: Iron Hands|40\/100|[from] Recoil\n|\n|win|bbcom233\n|l|\u2606zjwf\n|j|\u2606zjwf\n|player|p2|zjwf|irida\n|c|\u2606bbcom233|\u7b2c\u4e8c\u5c40\u53ef\u4ee5\u7b49\u4f1a\u6253\u5417\uff1f\n|l|\u2606zjwf\n|player|p2|\n|c|\u2606bbcom233|\u6211\u73b0\u5728\u6709\u70b9\u4e8b\u4e0d\u597d\u610f\u601d\n","uploadtime":1682852831,"views":25,"p1id":"bbcom233","p2id":"zjwf","formatid":"gen9vgc2023regulationc","rating":0,"private":0,"password":""}