{"id":"gen9vgc2023regulationc-1846302163","p1":"Jewfr0_legend","p2":"jdj95","format":"[Gen 9] VGC 2023 Regulation C","log":"|j|\u2606Jewfr0_legend\n|j|\u2606jdj95\n|t:|1681829878\n|gametype|doubles\n|player|p1|Jewfr0_legend|102|1177\n|player|p2|jdj95|2|1244\n|teamsize|p1|6\n|teamsize|p2|6\n|gen|9\n|tier|[Gen 9] VGC 2023 Regulation C\n|rated|\n|rule|Species Clause: Limit one of each Pok\u00e9mon\n|rule|Item Clause: Limit one of each item\n|clearpoke\n|poke|p1|Lilligant, L50, F|\n|poke|p1|Torkoal, L50, F|\n|poke|p1|Farigiraf, L50, F|\n|poke|p1|Stonjourner, L50, M|\n|poke|p1|Flutter Mane, L50|\n|poke|p1|Iron Hands, L50|\n|poke|p2|Wo-Chien, L50|\n|poke|p2|Glimmora, L50, F|\n|poke|p2|Sableye, L50, F|\n|poke|p2|Flutter Mane, L50|\n|poke|p2|Iron Bundle, L50|\n|poke|p2|Arcanine, L50, M|\n|teampreview|4\n|\n|t:|1681829908\n|start\n|switch|p1a: Stonjourner|Stonjourner, L50, M|100\/100\n|switch|p1b: Flutter Mane|Flutter Mane, L50|100\/100\n|switch|p2a: Glimmora|Glimmora, L50, F|100\/100\n|switch|p2b: Sableye|Sableye, L50, F|100\/100\n|turn|1\n|inactive|Battle timer is ON: inactive players will automatically lose when time's up. (requested by jdj95)\n|\n|t:|1681829933\n|move|p1a: Stonjourner|Protect|p1a: Stonjourner\n|-singleturn|p1a: Stonjourner|Protect\n|move|p2b: Sableye|Taunt|p1a: Stonjourner\n|-activate|p1a: Stonjourner|move: Protect\n|move|p1b: Flutter Mane|Shadow Ball|p2b: Sableye\n|-damage|p2b: Sableye|22\/100\n|move|p2a: Glimmora|Power Gem|p1b: Flutter Mane\n|-damage|p1b: Flutter Mane|52\/100\n|\n|upkeep\n|turn|2\n|inactive|Jewfr0_legend has 30 seconds left.\n|\n|t:|1681829961\n|move|p2b: Sableye|Light Screen|p2b: Sableye\n|-sidestart|p2: jdj95|move: Light Screen\n|move|p1b: Flutter Mane|Shadow Ball|p2a: Glimmora\n|-damage|p2a: Glimmora|73\/100\n|move|p2a: Glimmora|Power Gem|p1b: Flutter Mane\n|-crit|p1b: Flutter Mane\n|-damage|p1b: Flutter Mane|0 fnt\n|faint|p1b: Flutter Mane\n|-end|p1b: Flutter Mane|Protosynthesis|[silent]\n|move|p1a: Stonjourner|Rock Slide|p2a: Glimmora|[spread] p2a,p2b\n|-damage|p2a: Glimmora|47\/100\n|-damage|p2b: Sableye|0 fnt\n|-activate|p2a: Glimmora|ability: Toxic Debris\n|-sidestart|p1: Jewfr0_legend|move: Toxic Spikes\n|faint|p2b: Sableye\n|\n|upkeep\n|\n|t:|1681829983\n|switch|p1b: Torkoal|Torkoal, L50, F|100\/100\n|switch|p2b: Arcanine|Arcanine, L50, M|100\/100\n|-ability|p2b: Arcanine|Intimidate|boost\n|-unboost|p1a: Stonjourner|atk|1\n|-unboost|p1b: Torkoal|atk|1\n|-status|p1b: Torkoal|psn\n|-weather|SunnyDay|[from] ability: Drought|[of] p1b: Torkoal\n|turn|3\n|inactive|Jewfr0_legend has 30 seconds left.\n|inactive|Jewfr0_legend has 20 seconds left.\n|inactive|Jewfr0_legend has 15 seconds left.\n|\n|t:|1681830026\n|move|p1b: Torkoal|Helping Hand|p1a: Stonjourner\n|-singleturn|p1a: Stonjourner|Helping Hand|[of] p1b: Torkoal\n|move|p2b: Arcanine|Will-O-Wisp|p1a: Stonjourner\n|-status|p1a: Stonjourner|brn\n|move|p2a: Glimmora|Power Gem|p1b: Torkoal\n|-supereffective|p1b: Torkoal\n|-damage|p1b: Torkoal|15\/100 psn\n|move|p1a: Stonjourner|Rock Slide|p2a: Glimmora|[spread] p2a,p2b\n|-supereffective|p2b: Arcanine\n|-damage|p2a: Glimmora|33\/100\n|-damage|p2b: Arcanine|74\/100\n|-activate|p2a: Glimmora|ability: Toxic Debris\n|-sidestart|p1: Jewfr0_legend|move: Toxic Spikes\n|\n|-weather|SunnyDay|[upkeep]\n|-damage|p1b: Torkoal|2\/100 psn|[from] psn\n|-damage|p1a: Stonjourner|95\/100 brn|[from] brn\n|upkeep\n|turn|4\n|inactive|Jewfr0_legend has 30 seconds left.\n|\n|t:|1681830058\n|move|p2b: Arcanine|Extreme Speed|p1b: Torkoal\n|-damage|p1b: Torkoal|0 fnt\n|faint|p1b: Torkoal\n|move|p2a: Glimmora|Energy Ball|p1a: Stonjourner\n|-supereffective|p1a: Stonjourner\n|-damage|p1a: Stonjourner|0 fnt\n|faint|p1a: Stonjourner\n|\n|-weather|SunnyDay|[upkeep]\n|upkeep\n|\n|t:|1681830066\n|switch|p1b: Lilligant|Lilligant, L50, F|100\/100\n|-status|p1b: Lilligant|tox\n|turn|5\n|-message|Jewfr0_legend forfeited.\n|\n|win|jdj95\n|raw|Jewfr0_legend's rating: 1177 → 1157<\/strong> (-20 for losing)\n|raw|jdj95's rating: 1244 → 1264<\/strong> (+20 for winning)\n|l|\u2606Jewfr0_legend\n","uploadtime":1681830077,"views":5,"p1id":"jewfr0legend","p2id":"jdj95","formatid":"gen9vgc2023regulationc","rating":1157,"private":0,"password":""}