{"id":"gen9vgc2023regulationc-1859236123","p1":"hit my whip","p2":"BravadoMercenary","format":"[Gen 9] VGC 2023 Regulation C","log":"|j|\u2606hit my whip\n|j|\u2606BravadoMercenary\n|t:|1683421938\n|gametype|doubles\n|player|p1|hit my whip|acetrainerf-gen4dp|1302\n|player|p2|BravadoMercenary|ingo|1230\n|teamsize|p1|6\n|teamsize|p2|6\n|gen|9\n|tier|[Gen 9] VGC 2023 Regulation C\n|rated|\n|rule|Species Clause: Limit one of each Pok\u00e9mon\n|rule|Item Clause: Limit one of each item\n|clearpoke\n|poke|p1|Pincurchin, L50, M|\n|poke|p1|Iron Jugulis, L50|\n|poke|p1|Tyranitar, L50, M|\n|poke|p1|Iron Thorns, L50|\n|poke|p1|Gardevoir, L50, M|\n|poke|p1|Scizor, L50, M|\n|poke|p2|Murkrow, L50, M|\n|poke|p2|Leafeon, L50, M|\n|poke|p2|Great Tusk, L50|\n|poke|p2|Flutter Mane, L50|\n|poke|p2|Chi-Yu, L50|\n|poke|p2|Baxcalibur, L50, M|\n|teampreview|4\n|inactive|Battle timer is ON: inactive players will automatically lose when time's up. (requested by BravadoMercenary)\n|inactive|hit my whip also wants the timer to be on.\n|inactive|BravadoMercenary has 60 seconds left.\n|\n|t:|1683421989\n|start\n|switch|p1a: him|Pincurchin, L50, M|100\/100\n|switch|p1b: Iron Jugulis|Iron Jugulis, L50|100\/100\n|switch|p2a: Murkrow|Murkrow, L50, M|100\/100\n|switch|p2b: Leafeon|Leafeon, L50, M|100\/100\n|-fieldstart|move: Electric Terrain|[from] ability: Electric Surge|[of] p1a: him\n|-enditem|p1b: Iron Jugulis|Electric Seed\n|-boost|p1b: Iron Jugulis|def|1|[from] item: Electric Seed\n|-activate|p1b: Iron Jugulis|ability: Quark Drive\n|-start|p1b: Iron Jugulis|quarkdrivespe\n|turn|1\n|\n|t:|1683422009\n|-terastallize|p2b: Leafeon|Fire\n|move|p2a: Murkrow|Sunny Day|p2a: Murkrow\n|-weather|SunnyDay\n|move|p2b: Leafeon|Swords Dance|p2b: Leafeon\n|-boost|p2b: Leafeon|atk|2\n|move|p1b: Iron Jugulis|Air Slash|p2b: Leafeon\n|-damage|p2b: Leafeon|43\/100\n|move|p1a: him|Wild Charge|p2a: Murkrow\n|-supereffective|p2a: Murkrow\n|-damage|p2a: Murkrow|0 fnt\n|faint|p2a: Murkrow\n|-damage|p1a: him|73\/100|[from] Recoil\n|\n|-weather|SunnyDay|[upkeep]\n|upkeep\n|\n|t:|1683422021\n|switch|p2a: Great Tusk|Great Tusk, L50|100\/100\n|-activate|p2a: Great Tusk|ability: Protosynthesis\n|-start|p2a: Great Tusk|protosynthesisatk\n|turn|2\n|\n|t:|1683422041\n|move|p2b: Leafeon|Tera Blast|p1b: Iron Jugulis\n|-damage|p1b: Iron Jugulis|0 fnt\n|faint|p1b: Iron Jugulis\n|-end|p1b: Iron Jugulis|Quark Drive|[silent]\n|-damage|p2b: Leafeon|33\/100|[from] item: Life Orb\n|move|p2a: Great Tusk|Close Combat|p1a: him\n|-damage|p1a: him|0 fnt\n|-unboost|p2a: Great Tusk|def|1\n|-unboost|p2a: Great Tusk|spd|1\n|faint|p1a: him\n|\n|-weather|SunnyDay|[upkeep]\n|upkeep\n|\n|t:|1683422049\n|switch|p1b: ROBOT ROCK|Iron Thorns, L50|100\/100\n|switch|p1a: Tyranitar|Tyranitar, L50, M|100\/100\n|-activate|p1b: ROBOT ROCK|ability: Quark Drive\n|-start|p1b: ROBOT ROCK|quarkdriveatk\n|-weather|Sandstorm|[from] ability: Sand Stream|[of] p1a: Tyranitar\n|-end|p2a: Great Tusk|Protosynthesis\n|turn|3\n|\n|t:|1683422065\n|-terastallize|p1a: Tyranitar|Flying\n|move|p2b: Leafeon|Detect|p2b: Leafeon\n|-singleturn|p2b: Leafeon|Protect\n|move|p2a: Great Tusk|Protect|p2a: Great Tusk\n|-singleturn|p2a: Great Tusk|Protect\n|move|p1b: ROBOT ROCK|Thunder Punch|p2b: Leafeon\n|-activate|p2b: Leafeon|move: Protect\n|move|p1a: Tyranitar|Tera Blast|p2a: Great Tusk\n|-activate|p2a: Great Tusk|move: Protect\n|\n|-weather|Sandstorm|[upkeep]\n|-damage|p2b: Leafeon|27\/100|[from] Sandstorm\n|-damage|p1a: Tyranitar|94\/100|[from] Sandstorm\n|upkeep\n|turn|4\n|\n|t:|1683422081\n|move|p2b: Leafeon|Tera Blast|p1a: Tyranitar\n|-damage|p1a: Tyranitar|10\/100\n|-damage|p2b: Leafeon|18\/100|[from] item: Life Orb\n|move|p2a: Great Tusk|Headlong Rush|p1b: ROBOT ROCK\n|-supereffective|p1b: ROBOT ROCK\n|-damage|p1b: ROBOT ROCK|0 fnt\n|-unboost|p2a: Great Tusk|def|1\n|-unboost|p2a: Great Tusk|spd|1\n|faint|p1b: ROBOT ROCK\n|-end|p1b: ROBOT ROCK|Quark Drive|[silent]\n|move|p1a: Tyranitar|Tera Blast|p2a: Great Tusk\n|-supereffective|p2a: Great Tusk\n|-enditem|p2a: Great Tusk|Focus Sash\n|-damage|p2a: Great Tusk|1\/100\n|\n|-weather|Sandstorm|[upkeep]\n|-damage|p2b: Leafeon|11\/100|[from] Sandstorm\n|-damage|p1a: Tyranitar|4\/100|[from] Sandstorm\n|upkeep\n|turn|5\n|-message|hit my whip forfeited.\n|\n|win|BravadoMercenary\n|raw|hit my whip's rating: 1319 → 1294<\/strong> (-25 for losing)\n|raw|BravadoMercenary's rating: 1230 → 1261<\/strong> (+31 for winning)\n|l|\u2606hit my whip\n","uploadtime":1683422093,"views":15,"p1id":"hitmywhip","p2id":"bravadomercenary","formatid":"gen9vgc2023regulationc","rating":1261,"private":0,"password":""}