{"id":"gen9vgc2023regulationc-1846724156","p1":"tkinthemiddle","p2":"hanshappy","format":"[Gen 9] VGC 2023 Regulation C","log":"|j|\u2606tkinthemiddle\n|j|\u2606hanshappy\n|t:|1681870402\n|gametype|doubles\n|player|p1|tkinthemiddle|pokemonbreederf-gen4|1213\n|player|p2|hanshappy|266|1258\n|teamsize|p1|6\n|teamsize|p2|6\n|gen|9\n|tier|[Gen 9] VGC 2023 Regulation C\n|rated|\n|rule|Species Clause: Limit one of each Pok\u00e9mon\n|rule|Item Clause: Limit one of each item\n|clearpoke\n|poke|p1|Amoonguss, L50, M|\n|poke|p1|Kingambit, L50, M|\n|poke|p1|Flutter Mane, L50|\n|poke|p1|Kilowattrel, L50, F|\n|poke|p1|Great Tusk, L50|\n|poke|p1|Hydreigon, L50, M|\n|poke|p2|Iron Bundle, L50|\n|poke|p2|Chi-Yu, L50|\n|poke|p2|Gyarados, L50, F|\n|poke|p2|Glimmora, L50, M|\n|poke|p2|Wo-Chien, L50|\n|poke|p2|Corviknight, L50, F|\n|teampreview|4\n|\n|t:|1681870465\n|start\n|switch|p1a: Kilowattrel|Kilowattrel, L50, F|100\/100\n|switch|p1b: Amoonguss|Amoonguss, L50, M|100\/100\n|switch|p2a: Iron Bundle|Iron Bundle, L50|100\/100\n|switch|p2b: Chi-Yu|Chi-Yu, L50|100\/100\n|-ability|p2b: Chi-Yu|Beads of Ruin\n|-enditem|p2a: Iron Bundle|Booster Energy\n|-activate|p2a: Iron Bundle|ability: Quark Drive|[fromitem]\n|-start|p2a: Iron Bundle|quarkdrivespe\n|turn|1\n|\n|t:|1681870528\n|move|p2a: Iron Bundle|Icy Wind|p1b: Amoonguss|[spread] p1a,p1b\n|-supereffective|p1a: Kilowattrel\n|-supereffective|p1b: Amoonguss\n|-damage|p1a: Kilowattrel|20\/100\n|-damage|p1b: Amoonguss|53\/100\n|-unboost|p1a: Kilowattrel|spe|1\n|-ability|p1a: Kilowattrel|Competitive|boost\n|-boost|p1a: Kilowattrel|spa|2\n|-unboost|p1b: Amoonguss|spe|1\n|move|p2b: Chi-Yu|Heat Wave|p1b: Amoonguss|[spread] p1a\n|-miss|p2b: Chi-Yu|p1b: Amoonguss\n|-damage|p1a: Kilowattrel|0 fnt\n|faint|p1a: Kilowattrel\n|-damage|p2b: Chi-Yu|91\/100|[from] item: Life Orb\n|move|p1b: Amoonguss|Spore|p2b: Chi-Yu\n|-status|p2b: Chi-Yu|slp|[from] move: Spore\n|\n|upkeep\n|\n|t:|1681870552\n|switch|p1a: Hydreigon|Hydreigon, L50, M|100\/100\n|turn|2\n|\n|t:|1681870586\n|-terastallize|p1a: Hydreigon|Poison\n|move|p2a: Iron Bundle|Freeze-Dry|p1b: Amoonguss\n|-supereffective|p1b: Amoonguss\n|-damage|p1b: Amoonguss|0 fnt\n|faint|p1b: Amoonguss\n|cant|p2b: Chi-Yu|slp\n|move|p1a: Hydreigon|Heat Wave|p2b: Chi-Yu|[spread] p2a,p2b\n|-resisted|p2b: Chi-Yu\n|-damage|p2a: Iron Bundle|10\/100\n|-damage|p2b: Chi-Yu|76\/100 slp\n|-damage|p1a: Hydreigon|91\/100|[from] item: Life Orb\n|\n|upkeep\n|\n|t:|1681870590\n|switch|p1b: Great Tusk|Great Tusk, L50|100\/100\n|turn|3\n|\n|t:|1681870599\n|move|p2a: Iron Bundle|Protect|p2a: Iron Bundle\n|-singleturn|p2a: Iron Bundle|Protect\n|move|p1b: Great Tusk|Rock Slide|p2a: Iron Bundle|[spread] p2b\n|-activate|p2a: Iron Bundle|move: Protect\n|-supereffective|p2b: Chi-Yu\n|-damage|p2b: Chi-Yu|21\/100 slp\n|cant|p2b: Chi-Yu|slp\n|move|p1a: Hydreigon|Heat Wave|p2b: Chi-Yu|[spread] p2b\n|-activate|p2a: Iron Bundle|move: Protect\n|-resisted|p2b: Chi-Yu\n|-damage|p2b: Chi-Yu|4\/100 slp\n|-damage|p1a: Hydreigon|81\/100|[from] item: Life Orb\n|\n|upkeep\n|turn|4\n|\n|t:|1681870615\n|move|p2a: Iron Bundle|Icy Wind|p1b: Great Tusk|[spread] p1a,p1b\n|-supereffective|p1b: Great Tusk\n|-damage|p1a: Hydreigon|51\/100\n|-damage|p1b: Great Tusk|28\/100\n|-unboost|p1a: Hydreigon|spe|1\n|-unboost|p1b: Great Tusk|spe|1\n|-curestatus|p2b: Chi-Yu|slp|[msg]\n|move|p2b: Chi-Yu|Heat Wave|p1b: Great Tusk|[spread] p1a\n|-miss|p2b: Chi-Yu|p1b: Great Tusk\n|-damage|p1a: Hydreigon|0 fnt\n|faint|p1a: Hydreigon\n|-damage|p2b: Chi-Yu|0 fnt|[from] item: Life Orb\n|faint|p2b: Chi-Yu\n|move|p1b: Great Tusk|Rock Slide|p2a: Iron Bundle\n|-supereffective|p2a: Iron Bundle\n|-damage|p2a: Iron Bundle|0 fnt\n|faint|p2a: Iron Bundle\n|-end|p2a: Iron Bundle|Quark Drive|[silent]\n|\n|upkeep\n|\n|t:|1681870629\n|switch|p2a: Wo-Chien|Wo-Chien, L50|100\/100\n|switch|p2b: Glimmora|Glimmora, L50, M|100\/100\n|-ability|p2a: Wo-Chien|Tablets of Ruin\n|turn|5\n|\n|t:|1681870648\n|-terastallize|p2b: Glimmora|Water\n|move|p1b: Great Tusk|Rock Slide|p2b: Glimmora|[spread] p2a,p2b\n|-damage|p2a: Wo-Chien|88\/100\n|-damage|p2b: Glimmora|85\/100\n|-activate|p2b: Glimmora|ability: Toxic Debris\n|-sidestart|p1: tkinthemiddle|move: Toxic Spikes\n|move|p2b: Glimmora|Earth Power|p1b: Great Tusk\n|-damage|p1b: Great Tusk|0 fnt\n|faint|p1b: Great Tusk\n|-end|p1b: Great Tusk|Protosynthesis|[silent]\n|\n|win|hanshappy\n|raw|tkinthemiddle's rating: 1213 → 1191<\/strong> (-22 for losing)\n|raw|hanshappy's rating: 1258 → 1280<\/strong> (+22 for winning)\n","uploadtime":1681870657,"views":22,"p1id":"tkinthemiddle","p2id":"hanshappy","formatid":"gen9vgc2023regulationc","rating":1191,"private":0,"password":""}