{"id":"gen9vgc2023regulationc-1847112030","p1":"AndrwApple","p2":"HazeOneTrick","format":"[Gen 9] VGC 2023 Regulation C","log":"|j|\u2606AndrwApple\n|j|\u2606HazeOneTrick\n|t:|1681920038\n|gametype|doubles\n|player|p1|AndrwApple|erika-masters|\n|player|p2|HazeOneTrick|steven|\n|teamsize|p1|6\n|teamsize|p2|6\n|gen|9\n|tier|[Gen 9] VGC 2023 Regulation C\n|rule|Species Clause: Limit one of each Pok\u00e9mon\n|rule|Item Clause: Limit one of each item\n|clearpoke\n|poke|p1|Flutter Mane, L50|\n|poke|p1|Wo-Chien, L50|\n|poke|p1|Gholdengo, L50|\n|poke|p1|Arcanine, L50, F|\n|poke|p1|Palafin, L50, M|\n|poke|p1|Iron Hands, L50|\n|poke|p2|Garchomp, L50, F|\n|poke|p2|Talonflame, L50, M|\n|poke|p2|Flutter Mane, L50|\n|poke|p2|Iron Bundle, L50|\n|poke|p2|Kingambit, L50, F|\n|poke|p2|Iron Hands, L50|\n|teampreview|4\nHazeOneTrick has agreed to open team sheets.\n|c|\u2606AndrwApple|glhf\nAndrwApple has agreed to open team sheets.\n|\n|t:|1681920085\n|start\n|switch|p1a: AT-AT|Arcanine, L50, F|100\/100\n|switch|p1b: The Force|Palafin, L50, M, shiny|100\/100\n|switch|p2a: Iron Bundle|Iron Bundle, L50|100\/100\n|switch|p2b: Kingambit|Kingambit, L50, F|100\/100\n|-ability|p1a: AT-AT|Intimidate|boost\n|-unboost|p2a: Iron Bundle|atk|1\n|-unboost|p2b: Kingambit|atk|1\n|-ability|p2b: Kingambit|Defiant|boost\n|-boost|p2b: Kingambit|atk|2\n|-enditem|p2a: Iron Bundle|Booster Energy\n|-activate|p2a: Iron Bundle|ability: Quark Drive|[fromitem]\n|-start|p2a: Iron Bundle|quarkdrivespe\n|turn|1\n|\n|t:|1681920150\n|-terastallize|p1a: AT-AT|Water\n|-terastallize|p2b: Kingambit|Dark\n|move|p1b: The Force|Protect|p1b: The Force\n|-singleturn|p1b: The Force|Protect\n|move|p2a: Iron Bundle|Icy Wind|p1b: The Force|[spread] p1a\n|-activate|p1b: The Force|move: Protect\n|-resisted|p1a: AT-AT\n|-damage|p1a: AT-AT|90\/100\n|-unboost|p1a: AT-AT|spe|1\n|move|p1a: AT-AT|Close Combat|p2b: Kingambit\n|-supereffective|p2b: Kingambit\n|-damage|p2b: Kingambit|41\/100\n|-unboost|p1a: AT-AT|def|1\n|-unboost|p1a: AT-AT|spd|1\n|move|p2b: Kingambit|Assurance|p1b: The Force\n|-activate|p1b: The Force|move: Protect\n|\n|upkeep\n|turn|2\n|\n|t:|1681920166\n|detailschange|p1b: The Force|Palafin-Hero, L50, M, shiny\n|switch|p1b: Darth Vader|Iron Hands, L50|100\/100\n|switch|p1a: Jabba The Hutt|Wo-Chien, L50|100\/100\n|-ability|p1a: Jabba The Hutt|Tablets of Ruin\n|move|p2b: Kingambit|Sucker Punch||[still]\n|-fail|p2b: Kingambit\n|move|p2a: Iron Bundle|Freeze-Dry|p1b: Darth Vader\n|-damage|p1b: Darth Vader|82\/100\n|\n|upkeep\n|turn|3\n|\n|t:|1681920199\n|switch|p2b: Flutter Mane|Flutter Mane, L50|100\/100\n|move|p2a: Iron Bundle|Protect|p2a: Iron Bundle\n|-singleturn|p2a: Iron Bundle|Protect\n|move|p1a: Jabba The Hutt|Leech Seed|p2a: Iron Bundle\n|-activate|p2a: Iron Bundle|move: Protect\n|move|p1b: Darth Vader|Drain Punch|p2b: Flutter Mane\n|-immune|p2b: Flutter Mane\n|\n|upkeep\n|turn|4\n|\n|t:|1681920227\n|-end|p1b: Darth Vader|Quark Drive|[silent]\n|switch|p1b: AT-AT|Arcanine, L50, F, tera:Water|90\/100\n|-ability|p1b: AT-AT|Intimidate|boost\n|-unboost|p2a: Iron Bundle|atk|1\n|-unboost|p2b: Flutter Mane|atk|1\n|move|p2a: Iron Bundle|Freeze-Dry|p1b: AT-AT\n|-supereffective|p1b: AT-AT\n|-damage|p1b: AT-AT|17\/100\n|move|p2b: Flutter Mane|Dazzling Gleam|p1b: AT-AT|[spread] p1a,p1b\n|-supereffective|p1a: Jabba The Hutt\n|-damage|p1a: Jabba The Hutt|36\/100\n|-damage|p1b: AT-AT|0 fnt\n|faint|p1b: AT-AT\n|move|p1a: Jabba The Hutt|Stun Spore|p2b: Flutter Mane\n|-status|p2b: Flutter Mane|par\n|\n|-heal|p1a: Jabba The Hutt|41\/100|[from] item: Leftovers\n|upkeep\n|\n|t:|1681920231\n|switch|p1b: Darth Vader|Iron Hands, L50|82\/100\n|turn|5\n|\n|t:|1681920279\n|move|p2a: Iron Bundle|Freeze-Dry|p1a: Jabba The Hutt\n|-supereffective|p1a: Jabba The Hutt\n|-damage|p1a: Jabba The Hutt|0 fnt\n|faint|p1a: Jabba The Hutt\n|cant|p2b: Flutter Mane|par\n|move|p1b: Darth Vader|Wild Charge|p2b: Flutter Mane\n|-damage|p2b: Flutter Mane|8\/100 par\n|-damage|p1b: Darth Vader|68\/100|[from] Recoil\n|\n|upkeep\n|\n|t:|1681920281\n|switch|p1a: The Force|Palafin-Hero, L50, M, shiny|100\/100\n|-activate|p1a: The Force|ability: Zero to Hero\n|turn|6\n|c|\u2606HazeOneTrick|rip\n|\n|t:|1681920305\n|move|p1a: The Force|Protect|p1a: The Force\n|-singleturn|p1a: The Force|Protect\n|move|p2a: Iron Bundle|Freeze-Dry|p1a: The Force\n|-activate|p1a: The Force|move: Protect\n|cant|p2b: Flutter Mane|par\n|move|p1b: Darth Vader|Wild Charge|p2a: Iron Bundle\n|-supereffective|p2a: Iron Bundle\n|-damage|p2a: Iron Bundle|0 fnt\n|faint|p2a: Iron Bundle\n|-end|p2a: Iron Bundle|Quark Drive|[silent]\n|-damage|p1b: Darth Vader|54\/100|[from] Recoil\n|\n|upkeep\n|c|\u2606HazeOneTrick|bro\n|c|\u2606AndrwApple|Less go crit revenge\n|c|\u2606HazeOneTrick|so lucky\n|c|\u2606HazeOneTrick|its not even funny\n|c|\u2606AndrwApple|That is what happens when u crit my beloved\n|\n|t:|1681920355\n|switch|p2a: Garchomp|Garchomp, L50, F|100\/100\n|turn|7\n|c|\u2606AndrwApple|Fuck\n|c|\u2606HazeOneTrick|what did i crit?\n|\n|t:|1681920400\n|move|p2a: Garchomp|Earthquake|p1b: Darth Vader|[spread] p2b,p1a,p1b\n|-supereffective|p1b: Darth Vader\n|-damage|p2b: Flutter Mane|0 fnt\n|-damage|p1a: The Force|57\/100\n|-damage|p1b: Darth Vader|0 fnt\n|faint|p2b: Flutter Mane\n|-end|p2b: Flutter Mane|Protosynthesis|[silent]\n|faint|p1b: Darth Vader\n|-end|p1b: Darth Vader|Quark Drive|[silent]\n|-damage|p2a: Garchomp|91\/100|[from] item: Life Orb\n|move|p1a: The Force|Wave Crash|p2a: Garchomp\n|-damage|p2a: Garchomp|0 fnt\n|-damage|p1a: The Force|45\/100|[from] ability: Rough Skin|[of] p2a: Garchomp\n|faint|p2a: Garchomp\n|-damage|p1a: The Force|19\/100|[from] Recoil\n|\n|upkeep\n|\n|t:|1681920407\n|switch|p2b: Kingambit|Kingambit, L50, F, tera:Dark|41\/100\n|turn|8\n|c|\u2606AndrwApple|Last game\n|c|\u2606AndrwApple|Ggs\n|c|\u2606HazeOneTrick|last game the crit didnt matter\n|\n|t:|1681920429\n|move|p1a: The Force|Protect|p1a: The Force\n|-singleturn|p1a: The Force|Protect\n|move|p2b: Kingambit|Assurance|p1a: The Force\n|-activate|p1a: The Force|move: Protect\n|\n|upkeep\n|turn|9\n|\n|t:|1681920434\n|move|p2b: Kingambit|Protect|p2b: Kingambit\n|-singleturn|p2b: Kingambit|Protect\n|move|p1a: The Force|Jet Punch|p2b: Kingambit\n|-activate|p2b: Kingambit|move: Protect\n|\n|upkeep\n|turn|10\n|\n|t:|1681920440\n|move|p1a: The Force|Jet Punch|p2b: Kingambit\n|-damage|p2b: Kingambit|7\/100\n|move|p2b: Kingambit|Assurance|p1a: The Force\n|-damage|p1a: The Force|0 fnt\n|faint|p1a: The Force\n|\n|win|HazeOneTrick\n|c|\u2606HazeOneTrick|gg\n|c|\u2606AndrwApple|gg\n|l|\u2606AndrwApple\n|l|\u2606HazeOneTrick\n|j|\u2606HazeOneTrick\n|player|p2|HazeOneTrick|steven\n","uploadtime":1681920492,"views":6,"p1id":"andrwapple","p2id":"hazeonetrick","formatid":"gen9vgc2023regulationc","rating":0,"private":0,"password":""}