{"id":"gen9vgc2023regulationc-1851009523","p1":"FanPoke2011","p2":"ZootZootCaboot","format":"[Gen 9] VGC 2023 Regulation C","log":"|j|\u2606FanPoke2011\n|j|\u2606ZootZootCaboot\n|t:|1682393516\n|gametype|doubles\n|player|p1|FanPoke2011|blackbelt-gen4dp|1518\n|player|p2|ZootZootCaboot|101|1612\n|teamsize|p1|6\n|teamsize|p2|6\n|gen|9\n|tier|[Gen 9] VGC 2023 Regulation C\n|rated|\n|rule|Species Clause: Limit one of each Pok\u00e9mon\n|rule|Item Clause: Limit one of each item\n|clearpoke\n|poke|p1|Chien-Pao, L50|\n|poke|p1|Dragonite, L50, F|\n|poke|p1|Flutter Mane, L50|\n|poke|p1|Volcarona, L50, F|\n|poke|p1|Gyarados, L50, F|\n|poke|p1|Great Tusk, L50|\n|poke|p2|Dondozo, L50, M|\n|poke|p2|Tatsugiri-Stretchy, L50, M|\n|poke|p2|Glimmora, L50, M|\n|poke|p2|Iron Bundle, L50|\n|poke|p2|Chi-Yu, L50|\n|poke|p2|Pelipper, L50, M|\n|teampreview|4\nZootZootCaboot has agreed to open team sheets.\nFanPoke2011 has agreed to open team sheets.\n|\n|t:|1682393608\n|start\n|switch|p1a: Toxicidad|Flutter Mane, L50|100\/100\n|switch|p1b: Diego|Chien-Pao, L50|100\/100\n|switch|p2a: Glimmora|Glimmora, L50, M|100\/100\n|switch|p2b: Pelipper|Pelipper, L50, M|100\/100\n|-ability|p1b: Diego|Sword of Ruin\n|-weather|RainDance|[from] ability: Drizzle|[of] p2b: Pelipper\n|-enditem|p1a: Toxicidad|Booster Energy\n|-activate|p1a: Toxicidad|ability: Protosynthesis|[fromitem]\n|-start|p1a: Toxicidad|protosynthesisspa\n|turn|1\n|\n|t:|1682393630\n|move|p1b: Diego|Ice Spinner|p2a: Glimmora\n|-damage|p2a: Glimmora|41\/100\n|move|p1a: Toxicidad|Substitute|p1a: Toxicidad\n|-start|p1a: Toxicidad|Substitute\n|-damage|p1a: Toxicidad|76\/100\n|move|p2a: Glimmora|Mortal Spin|p1b: Diego|[spread] p1a,p1b\n|-activate|p1a: Toxicidad|move: Substitute|[damage]\n|-damage|p1b: Diego|94\/100\n|-status|p1b: Diego|psn\n|move|p2b: Pelipper|Tailwind|p2b: Pelipper\n|-sidestart|p2: ZootZootCaboot|move: Tailwind\n|\n|-weather|RainDance|[upkeep]\n|-damage|p1b: Diego|82\/100 psn|[from] psn\n|upkeep\n|turn|2\n|\n|t:|1682393646\n|move|p1a: Toxicidad|Protect|p1a: Toxicidad\n|-singleturn|p1a: Toxicidad|Protect\n|move|p1b: Diego|Sucker Punch|p2a: Glimmora\n|-damage|p2a: Glimmora|0 fnt\n|faint|p2a: Glimmora\n|move|p2b: Pelipper|Hurricane|p1b: Diego\n|-damage|p1b: Diego|2\/100 psn\n|\n|-weather|RainDance|[upkeep]\n|-damage|p1b: Diego|0 fnt|[from] psn\n|faint|p1b: Diego\n|upkeep\n|\n|t:|1682393658\n|switch|p1b: Cecilia|Dragonite, L50, F, shiny|100\/100\n|switch|p2a: Dondozo|Dondozo, L50, M, shiny|100\/100\n|turn|3\n|\n|t:|1682393668\n|-terastallize|p1b: Cecilia|Normal\n|move|p2a: Dondozo|Protect|p2a: Dondozo\n|-singleturn|p2a: Dondozo|Protect\n|move|p1b: Cecilia|Extreme Speed|p2a: Dondozo\n|-activate|p2a: Dondozo|move: Protect\n|move|p2b: Pelipper|Hurricane|p1b: Cecilia\n|-damage|p1b: Cecilia|59\/100\n|move|p1a: Toxicidad|Moonblast|p2a: Dondozo\n|-activate|p2a: Dondozo|move: Protect\n|\n|-weather|RainDance|[upkeep]\n|upkeep\n|turn|4\n|\n|t:|1682393689\n|-terastallize|p2a: Dondozo|Water\n|move|p1b: Cecilia|Extreme Speed|p2a: Dondozo\n|-damage|p2a: Dondozo|52\/100\n|-damage|p1b: Cecilia|49\/100|[from] item: Life Orb\n|move|p2b: Pelipper|Hurricane|p1a: Toxicidad\n|-end|p1a: Toxicidad|Substitute\n|move|p2a: Dondozo|Wave Crash|p1a: Toxicidad\n|-damage|p1a: Toxicidad|0 fnt\n|faint|p1a: Toxicidad\n|-end|p1a: Toxicidad|Protosynthesis|[silent]\n|-damage|p2a: Dondozo|37\/100|[from] Recoil\n|-damage|p2a: Dondozo|28\/100|[from] item: Life Orb\n|\n|-weather|RainDance|[upkeep]\n|-sideend|p2: ZootZootCaboot|move: Tailwind\n|upkeep\n|\n|t:|1682393699\n|switch|p1a: Many|Great Tusk, L50, shiny|100\/100\n|turn|5\n|\n|t:|1682393707\n|switch|p2b: Tatsugiri|Tatsugiri-Stretchy, L50, M|100\/100\n|-activate|p2b: Tatsugiri|ability: Commander|[of] p2a: Dondozo\n|-boost|p2a: Dondozo|atk|2\n|-boost|p2a: Dondozo|spa|2\n|-boost|p2a: Dondozo|spe|2\n|-boost|p2a: Dondozo|def|2\n|-boost|p2a: Dondozo|spd|2\n|move|p1b: Cecilia|Extreme Speed|p2b: Tatsugiri|[miss]\n|-miss|p1b: Cecilia|p2b: Tatsugiri\n|move|p2a: Dondozo|Surf|p1b: Cecilia|[spread] p1a,p1b\n|-miss|p2a: Dondozo|p2b: Tatsugiri\n|-supereffective|p1a: Many\n|-damage|p1a: Many|0 fnt\n|-damage|p1b: Cecilia|0 fnt\n|faint|p1a: Many\n|-end|p1a: Many|Protosynthesis|[silent]\n|faint|p1b: Cecilia\n|-damage|p2a: Dondozo|18\/100|[from] item: Life Orb\n|\n|win|ZootZootCaboot\n|raw|FanPoke2011's rating: 1518 → 1503<\/strong> (-15 for losing)\n|raw|ZootZootCaboot's rating: 1612 → 1627<\/strong> (+15 for winning)\n|l|\u2606FanPoke2011\n","uploadtime":1682393713,"views":8,"p1id":"fanpoke2011","p2id":"zootzootcaboot","formatid":"gen9vgc2023regulationc","rating":1503,"private":0,"password":""}