{"id":"gen9vgc2023regulationc-1852393115","p1":"b(R)2","p2":"Blackth0rn","format":"[Gen 9] VGC 2023 Regulation C","log":"|j|\u2606b(R)2\n|j|\u2606Blackth0rn\n|t:|1682552056\n|gametype|doubles\n|player|p1|b(R)2|266|1302\n|player|p2|Blackth0rn|ghetsis|1313\n|teamsize|p1|6\n|teamsize|p2|6\n|gen|9\n|tier|[Gen 9] VGC 2023 Regulation C\n|rated|\n|rule|Species Clause: Limit one of each Pok\u00e9mon\n|rule|Item Clause: Limit one of each item\n|clearpoke\n|poke|p1|Ting-Lu, L50|\n|poke|p1|Amoonguss, L50, M|\n|poke|p1|Garganacl, L50, M|\n|poke|p1|Arcanine, L50, M|\n|poke|p1|Roaring Moon, L50|\n|poke|p1|Iron Bundle, L50|\n|poke|p2|Dondozo, L50, F|\n|poke|p2|Tatsugiri, L50, M|\n|poke|p2|Glimmora, L50, F|\n|poke|p2|Chi-Yu, L50|\n|poke|p2|Flutter Mane, L50|\n|poke|p2|Wo-Chien, L50|\n|teampreview|4\nb(R)2 has agreed to open team sheets.\nBlackth0rn has agreed to open team sheets.\n|inactive|Battle timer is ON: inactive players will automatically lose when time's up. (requested by Blackth0rn)\n|\n|t:|1682552105\n|start\n|switch|p1a: Roaring Moon|Roaring Moon, L50|100\/100\n|switch|p1b: Ting-Lu|Ting-Lu, L50|100\/100\n|switch|p2a: Wo-Chien|Wo-Chien, L50|100\/100\n|switch|p2b: Flutter Mane|Flutter Mane, L50|100\/100\n|-ability|p2a: Wo-Chien|Tablets of Ruin\n|-ability|p1b: Ting-Lu|Vessel of Ruin\n|-enditem|p1a: Roaring Moon|Booster Energy\n|-activate|p1a: Roaring Moon|ability: Protosynthesis|[fromitem]\n|-start|p1a: Roaring Moon|protosynthesisatk\n|turn|1\n|\n|t:|1682552121\n|-terastallize|p2a: Wo-Chien|Poison\n|-terastallize|p1b: Ting-Lu|Poison\n|move|p1a: Roaring Moon|Protect|p1a: Roaring Moon\n|-singleturn|p1a: Roaring Moon|Protect\n|move|p2b: Flutter Mane|Dazzling Gleam|p1b: Ting-Lu|[spread] p1b\n|-activate|p1a: Roaring Moon|move: Protect\n|-resisted|p1b: Ting-Lu\n|-damage|p1b: Ting-Lu|93\/100\n|move|p2a: Wo-Chien|Leech Seed|p1b: Ting-Lu\n|-start|p1b: Ting-Lu|move: Leech Seed\n|move|p1b: Ting-Lu|Heavy Slam|p2b: Flutter Mane\n|-supereffective|p2b: Flutter Mane\n|-damage|p2b: Flutter Mane|18\/100\n|\n|-damage|p1b: Ting-Lu|81\/100|[from] Leech Seed|[of] p2a: Wo-Chien\n|upkeep\n|turn|2\n|inactive|b(R)2 has 30 seconds left.\n|inactive|b(R)2 has 20 seconds left.\n|\n|t:|1682552158\n|-end|p1a: Roaring Moon|Protosynthesis|[silent]\n|switch|p1a: Garganacl|Garganacl, L50, M|100\/100\n|move|p2b: Flutter Mane|Dazzling Gleam|p1a: Garganacl|[spread] p1a,p1b\n|-crit|p1a: Garganacl\n|-resisted|p1b: Ting-Lu\n|-damage|p1a: Garganacl|70\/100\n|-damage|p1b: Ting-Lu|73\/100\n|move|p2a: Wo-Chien|Leech Seed|p1a: Garganacl\n|-start|p1a: Garganacl|move: Leech Seed\n|move|p1b: Ting-Lu|Stomping Tantrum|p2b: Flutter Mane\n|-damage|p2b: Flutter Mane|0 fnt\n|faint|p2b: Flutter Mane\n|-end|p2b: Flutter Mane|Protosynthesis|[silent]\n|\n|-heal|p1a: Garganacl|75\/100|[from] item: Leftovers\n|-damage|p1b: Ting-Lu|60\/100|[from] Leech Seed|[of] p2a: Wo-Chien\n|-damage|p1a: Garganacl|63\/100|[from] Leech Seed|[of] p2a: Wo-Chien\n|upkeep\n|\n|t:|1682552171\n|switch|p2b: Tatsugiri|Tatsugiri, L50, M|100\/100\n|turn|3\n|inactive|b(R)2 has 30 seconds left.\n|\n|t:|1682552203\n|switch|p1a: Roaring Moon|Roaring Moon, L50|100\/100\n|move|p2b: Tatsugiri|Muddy Water|p1b: Ting-Lu|[spread] p1b\n|-miss|p2b: Tatsugiri|p1a: Roaring Moon\n|-damage|p1b: Ting-Lu|48\/100\n|move|p2a: Wo-Chien|Pollen Puff|p2b: Tatsugiri\n|-immune|p2b: Tatsugiri\n|move|p1b: Ting-Lu|Stomping Tantrum|p2b: Tatsugiri\n|-damage|p2b: Tatsugiri|54\/100\n|\n|-damage|p1b: Ting-Lu|35\/100|[from] Leech Seed|[of] p2a: Wo-Chien\n|upkeep\n|turn|4\n|inactive|b(R)2 has 30 seconds left.\n|\n|t:|1682552233\n|switch|p2b: Dondozo|Dondozo, L50, F|100\/100\n|move|p1a: Roaring Moon|Protect|p1a: Roaring Moon\n|-singleturn|p1a: Roaring Moon|Protect\n|move|p2a: Wo-Chien|Leech Seed|p1a: Roaring Moon\n|-activate|p1a: Roaring Moon|move: Protect\n|move|p1b: Ting-Lu|Heavy Slam|p2b: Dondozo\n|-resisted|p2b: Dondozo\n|-crit|p2b: Dondozo\n|-damage|p2b: Dondozo|91\/100\n|\n|-heal|p2b: Dondozo|97\/100|[from] item: Leftovers\n|-damage|p1b: Ting-Lu|23\/100|[from] Leech Seed|[of] p2a: Wo-Chien\n|upkeep\n|turn|5\n|inactive|b(R)2 has 30 seconds left.\n|\n|t:|1682552260\n|switch|p1b: Garganacl|Garganacl, L50, M|63\/100\n|move|p1a: Roaring Moon|Dragon Dance|p1a: Roaring Moon\n|-boost|p1a: Roaring Moon|atk|1\n|-boost|p1a: Roaring Moon|spe|1\n|move|p2a: Wo-Chien|Leech Seed|p1a: Roaring Moon\n|-start|p1a: Roaring Moon|move: Leech Seed\n|move|p2b: Dondozo|Substitute|p2b: Dondozo\n|-start|p2b: Dondozo|Substitute\n|-damage|p2b: Dondozo|72\/100\n|\n|-heal|p2b: Dondozo|78\/100|[from] item: Leftovers\n|-heal|p1b: Garganacl|69\/100|[from] item: Leftovers\n|-damage|p1a: Roaring Moon|88\/100|[from] Leech Seed|[of] p2a: Wo-Chien\n|upkeep\n|turn|6\n|\n|t:|1682552279\n|move|p2b: Dondozo|Protect|p2b: Dondozo\n|-singleturn|p2b: Dondozo|Protect\n|move|p1a: Roaring Moon|Acrobatics|p2b: Dondozo\n|-activate|p2b: Dondozo|move: Protect\n|move|p2a: Wo-Chien|Leech Seed|p1b: Garganacl\n|-start|p1b: Garganacl|move: Leech Seed\n|move|p1b: Garganacl|Salt Cure|p2b: Dondozo\n|-activate|p2b: Dondozo|move: Protect\n|\n|-heal|p2b: Dondozo|85\/100|[from] item: Leftovers\n|-heal|p1b: Garganacl|75\/100|[from] item: Leftovers\n|-damage|p1a: Roaring Moon|76\/100|[from] Leech Seed|[of] p2a: Wo-Chien\n|-damage|p1b: Garganacl|63\/100|[from] Leech Seed|[of] p2a: Wo-Chien\n|upkeep\n|turn|7\n|\n|t:|1682552299\n|switch|p2a: Tatsugiri|Tatsugiri, L50, M|54\/100\n|-activate|p2a: Tatsugiri|ability: Commander|[of] p2b: Dondozo\n|-boost|p2b: Dondozo|atk|2\n|-boost|p2b: Dondozo|spa|2\n|-boost|p2b: Dondozo|spe|2\n|-boost|p2b: Dondozo|def|2\n|-boost|p2b: Dondozo|spd|2\n|switch|p1b: Iron Bundle|Iron Bundle, L50|100\/100\n|move|p1a: Roaring Moon|Acrobatics|p2b: Dondozo\n|-activate|p2b: Dondozo|move: Substitute|[damage]\n|move|p2b: Dondozo|Wave Crash|p1b: Iron Bundle\n|-resisted|p1b: Iron Bundle\n|-crit|p1b: Iron Bundle\n|-damage|p1b: Iron Bundle|14\/100\n|-damage|p2b: Dondozo|68\/100|[from] Recoil\n|\n|-heal|p2b: Dondozo|74\/100|[from] item: Leftovers\n|-damage|p1a: Roaring Moon|64\/100|[from] Leech Seed|[of] p2a: Tatsugiri\n|-heal|p2a: Tatsugiri|71\/100|[silent]\n|upkeep\n|turn|8\n|inactive|b(R)2 has 30 seconds left.\n|\n|t:|1682552324\n|move|p1b: Iron Bundle|Protect|p1b: Iron Bundle\n|-singleturn|p1b: Iron Bundle|Protect\n|move|p1a: Roaring Moon|Acrobatics|p2b: Dondozo\n|-end|p2b: Dondozo|Substitute\n|move|p2b: Dondozo|Earthquake|p1b: Iron Bundle|[spread] p1a\n|-miss|p2b: Dondozo|p2a: Tatsugiri\n|-activate|p1b: Iron Bundle|move: Protect\n|-damage|p1a: Roaring Moon|15\/100\n|\n|-heal|p2b: Dondozo|80\/100|[from] item: Leftovers\n|-damage|p1a: Roaring Moon|3\/100|[from] Leech Seed|[of] p2a: Tatsugiri\n|-heal|p2a: Tatsugiri|89\/100|[silent]\n|upkeep\n|turn|9\n|\n|t:|1682552342\n|move|p1a: Roaring Moon|Acrobatics|p2b: Dondozo\n|-damage|p2b: Dondozo|65\/100\n|move|p1b: Iron Bundle|Freeze-Dry|p2b: Dondozo\n|-supereffective|p2b: Dondozo\n|-damage|p2b: Dondozo|29\/100\n|move|p2b: Dondozo|Earthquake|p1a: Roaring Moon|[spread] p1a,p1b\n|-miss|p2b: Dondozo|p2a: Tatsugiri\n|-damage|p1a: Roaring Moon|0 fnt\n|-damage|p1b: Iron Bundle|0 fnt\n|faint|p1a: Roaring Moon\n|-end|p1a: Roaring Moon|Protosynthesis|[silent]\n|faint|p1b: Iron Bundle\n|-end|p1b: Iron Bundle|Quark Drive|[silent]\n|\n|-heal|p2b: Dondozo|35\/100|[from] item: Leftovers\n|upkeep\n|\n|t:|1682552356\n|switch|p1b: Ting-Lu|Ting-Lu, L50, tera:Poison|23\/100\n|switch|p1a: Garganacl|Garganacl, L50, M|63\/100\n|-ability|p1b: Ting-Lu|Vessel of Ruin\n|turn|10\n|\n|t:|1682552370\n|move|p2b: Dondozo|Earthquake|p1a: Garganacl|[spread] p1a,p1b\n|-miss|p2b: Dondozo|p2a: Tatsugiri\n|-supereffective|p1a: Garganacl\n|-supereffective|p1b: Ting-Lu\n|-damage|p1a: Garganacl|2\/100\n|-damage|p1b: Ting-Lu|0 fnt\n|faint|p1b: Ting-Lu\n|move|p1a: Garganacl|Salt Cure|p2b: Dondozo\n|-damage|p2b: Dondozo|30\/100\n|-start|p2b: Dondozo|Salt Cure\n|\n|-heal|p2b: Dondozo|36\/100|[from] item: Leftovers\n|-heal|p1a: Garganacl|8\/100|[from] item: Leftovers\n|-damage|p2b: Dondozo|12\/100|[from] Salt Cure\n|upkeep\n|turn|11\n|\n|t:|1682552382\n|move|p1a: Garganacl|Protect|p1a: Garganacl\n|-singleturn|p1a: Garganacl|Protect\n|move|p2b: Dondozo|Wave Crash|p1a: Garganacl\n|-activate|p1a: Garganacl|move: Protect\n|\n|-heal|p2b: Dondozo|18\/100|[from] item: Leftovers\n|-heal|p1a: Garganacl|14\/100|[from] item: Leftovers\n|-damage|p2b: Dondozo|0 fnt|[from] Salt Cure\n|faint|p2b: Dondozo\n|upkeep\n|\n|t:|1682552388\n|switch|p2b: Wo-Chien|Wo-Chien, L50, tera:Poison|100\/100\n|-ability|p2b: Wo-Chien|Tablets of Ruin\n|turn|12\n|\n|t:|1682552396\n|move|p2a: Tatsugiri|Hydro Pump|p1a: Garganacl\n|-supereffective|p1a: Garganacl\n|-damage|p1a: Garganacl|0 fnt\n|faint|p1a: Garganacl\n|\n|win|Blackth0rn\n|raw|b(R)2's rating: 1302 → 1283<\/strong> (-19 for losing)\n|raw|Blackth0rn's rating: 1313 → 1332<\/strong> (+19 for winning)\n","uploadtime":1682552402,"views":26,"p1id":"br2","p2id":"blackth0rn","formatid":"gen9vgc2023regulationc","rating":1283,"private":0,"password":""}