{"id":"gen9vgc2023regulationc-1851082140","p1":"Gholdjunge","p2":"KingTerry777","format":"[Gen 9] VGC 2023 Regulation C","log":"|j|\u2606Gholdjunge\n|j|\u2606KingTerry777\n|t:|1682406066\n|gametype|doubles\n|player|p1|Gholdjunge|youngster-gen2|1419\n|player|p2|KingTerry777|veteran|1470\n|teamsize|p1|6\n|teamsize|p2|6\n|gen|9\n|tier|[Gen 9] VGC 2023 Regulation C\n|rated|\n|rule|Species Clause: Limit one of each Pok\u00e9mon\n|rule|Item Clause: Limit one of each item\n|clearpoke\n|poke|p1|Azumarill, L50, F|\n|poke|p1|Pelipper, L50, F|\n|poke|p1|Chien-Pao, L50|\n|poke|p1|Amoonguss, L50, M|\n|poke|p1|Iron Hands, L50|\n|poke|p1|Flutter Mane, L50|\n|poke|p2|Flutter Mane, L50|\n|poke|p2|Dachsbun, L50, M|\n|poke|p2|Chi-Yu, L50|\n|poke|p2|Ting-Lu, L50|\n|poke|p2|Wo-Chien, L50|\n|poke|p2|Corviknight, L50, F|\n|teampreview|4\n|inactive|Battle timer is ON: inactive players will automatically lose when time's up. (requested by KingTerry777)\n|inactive|Gholdjunge has 60 seconds left.\n|inactive|Gholdjunge has 30 seconds left.\n|inactive|Gholdjunge has 20 seconds left.\n|inactive|Gholdjunge has 15 seconds left.\n|\n|t:|1682406145\n|start\n|switch|p1a: Azumarill|Azumarill, L50, F|100\/100\n|switch|p1b: Flutter Mane|Flutter Mane, L50|100\/100\n|switch|p2a: Chi-Yu|Chi-Yu, L50|100\/100\n|switch|p2b: Dachsbun|Dachsbun, L50, M|100\/100\n|-ability|p2a: Chi-Yu|Beads of Ruin\n|turn|1\n|inactive|KingTerry777 has 30 seconds left.\n|\n|t:|1682406172\n|-terastallize|p2a: Chi-Yu|Grass\n|move|p2a: Chi-Yu|Lava Plume|p1a: Azumarill|[spread] p1a,p1b\n|-ability|p2b: Dachsbun|Well-Baked Body|boost\n|-boost|p2b: Dachsbun|def|2\n|-resisted|p1a: Azumarill\n|-damage|p1a: Azumarill|78\/100\n|-damage|p1b: Flutter Mane|60\/100\n|-status|p1b: Flutter Mane|brn\n|move|p1b: Flutter Mane|Dazzling Gleam|p2a: Chi-Yu|[spread] p2a,p2b\n|-damage|p2a: Chi-Yu|42\/100\n|-damage|p2b: Dachsbun|27\/100\n|-enditem|p2b: Dachsbun|Sitrus Berry|[eat]\n|-heal|p2b: Dachsbun|52\/100|[from] item: Sitrus Berry\n|move|p2b: Dachsbun|Body Press|p1a: Azumarill\n|-resisted|p1a: Azumarill\n|-damage|p1a: Azumarill|53\/100\n|move|p1a: Azumarill|Play Rough|p2a: Chi-Yu|[miss]\n|-miss|p1a: Azumarill|p2a: Chi-Yu\n|\n|-damage|p1b: Flutter Mane|54\/100 brn|[from] brn\n|upkeep\n|turn|2\n|l|\u2606Gholdjunge\n|inactive|Gholdjunge disconnected and has a minute to reconnect!\n|player|p1|\n|inactive|Gholdjunge has 30 seconds left.\n|inactive|KingTerry777 has 30 seconds left.\n|j|\u2606Gholdjunge\n|inactive|Gholdjunge reconnected and has 25 seconds left.\n|player|p1|Gholdjunge|youngster-gen2\n|inactive|Gholdjunge has 20 seconds left.\n|inactive|Gholdjunge has 15 seconds left.\n|\n|t:|1682406213\n|-end|p1b: Flutter Mane|Protosynthesis|[silent]\n|switch|p1b: Pelipper|Pelipper, L50, F|100\/100\n|-weather|RainDance|[from] ability: Drizzle|[of] p1b: Pelipper\n|move|p2b: Dachsbun|Protect|p2b: Dachsbun\n|-singleturn|p2b: Dachsbun|Protect\n|move|p1a: Azumarill|Protect|p1a: Azumarill\n|-singleturn|p1a: Azumarill|Protect\n|move|p2a: Chi-Yu|Lava Plume|p1b: Pelipper|[spread] p1b\n|-activate|p2b: Dachsbun|move: Protect\n|-activate|p1a: Azumarill|move: Protect\n|-resisted|p1b: Pelipper\n|-damage|p1b: Pelipper|90\/100\n|\n|-weather|RainDance|[upkeep]\n|upkeep\n|turn|3\n|\n|t:|1682406230\n|move|p1b: Pelipper|Helping Hand|p1a: Azumarill\n|-singleturn|p1a: Azumarill|Helping Hand|[of] p1b: Pelipper\n|move|p1a: Azumarill|Aqua Jet|p2a: Chi-Yu\n|-resisted|p2a: Chi-Yu\n|-damage|p2a: Chi-Yu|0 fnt\n|faint|p2a: Chi-Yu\n|move|p2b: Dachsbun|Baton Pass|p2b: Dachsbun\n|\n|t:|1682406240\n|switch|p2b: Wo-Chien|Wo-Chien, L50|100\/100|[from] Baton Pass\n|-ability|p2b: Wo-Chien|Tablets of Ruin\n|\n|-weather|RainDance|[upkeep]\n|upkeep\n|\n|t:|1682406245\n|switch|p2a: Flutter Mane|Flutter Mane, L50|100\/100\n|-enditem|p2a: Flutter Mane|Booster Energy\n|-activate|p2a: Flutter Mane|ability: Protosynthesis|[fromitem]\n|-start|p2a: Flutter Mane|protosynthesisspa\n|turn|4\n|inactive|KingTerry777 has 30 seconds left.\n|\n|t:|1682406270\n|-terastallize|p1a: Azumarill|Water\n|move|p1b: Pelipper|Helping Hand|p1a: Azumarill\n|-singleturn|p1a: Azumarill|Helping Hand|[of] p1b: Pelipper\n|move|p1a: Azumarill|Aqua Jet|p2a: Flutter Mane\n|-damage|p2a: Flutter Mane|8\/100\n|move|p2a: Flutter Mane|Moonblast|p1b: Pelipper\n|-damage|p1b: Pelipper|20\/100\n|-enditem|p1b: Pelipper|Sitrus Berry|[eat]\n|-heal|p1b: Pelipper|44\/100|[from] item: Sitrus Berry\n|move|p2b: Wo-Chien|Leech Seed|p1a: Azumarill\n|-start|p1a: Azumarill|move: Leech Seed\n|\n|-weather|RainDance|[upkeep]\n|-damage|p1a: Azumarill|41\/100|[from] Leech Seed|[of] p2b: Wo-Chien\n|upkeep\n|turn|5\n|j| Gunfella\n|inactive|Gholdjunge has 30 seconds left.\n|inactive|KingTerry777 has 30 seconds left.\n|\n|t:|1682406303\n|move|p2a: Flutter Mane|Protect|p2a: Flutter Mane\n|-singleturn|p2a: Flutter Mane|Protect\n|move|p1a: Azumarill|Protect|p1a: Azumarill\n|-singleturn|p1a: Azumarill|Protect\n|move|p1b: Pelipper|Tailwind|p1b: Pelipper\n|-sidestart|p1: Gholdjunge|move: Tailwind\n|move|p2b: Wo-Chien|Leech Seed|p1b: Pelipper\n|-start|p1b: Pelipper|move: Leech Seed\n|\n|-weather|RainDance|[upkeep]\n|-damage|p1b: Pelipper|32\/100|[from] Leech Seed|[of] p2b: Wo-Chien\n|-damage|p1a: Azumarill|28\/100|[from] Leech Seed|[of] p2b: Wo-Chien\n|upkeep\n|turn|6\n|\n|t:|1682406320\n|-end|p2a: Flutter Mane|Protosynthesis|[silent]\n|switch|p2a: Dachsbun|Dachsbun, L50, M|52\/100\n|move|p1a: Azumarill|Aqua Jet|p2a: Dachsbun\n|-damage|p2a: Dachsbun|15\/100\n|move|p1b: Pelipper|Hurricane|p2b: Wo-Chien\n|-supereffective|p2b: Wo-Chien\n|-damage|p2b: Wo-Chien|53\/100\n|move|p2b: Wo-Chien|Pollen Puff|p2a: Dachsbun\n|-heal|p2a: Dachsbun|65\/100\n|\n|-weather|none\n|-heal|p2b: Wo-Chien|59\/100|[from] item: Leftovers\n|-damage|p1b: Pelipper|20\/100|[from] Leech Seed|[of] p2b: Wo-Chien\n|-heal|p2b: Wo-Chien|69\/100|[silent]\n|-damage|p1a: Azumarill|16\/100|[from] Leech Seed|[of] p2b: Wo-Chien\n|-heal|p2b: Wo-Chien|82\/100|[silent]\n|upkeep\n|turn|7\n|inactive|Gholdjunge has 30 seconds left.\n|\n|t:|1682406347\n|switch|p1b: Iron Hands|Iron Hands, L50|100\/100\n|switch|p1a: Flutter Mane|Flutter Mane, L50|54\/100 brn\n|move|p2b: Wo-Chien|Protect|p2b: Wo-Chien\n|-singleturn|p2b: Wo-Chien|Protect\n|move|p2a: Dachsbun|Substitute|p2a: Dachsbun\n|-start|p2a: Dachsbun|Substitute\n|-damage|p2a: Dachsbun|40\/100\n|\n|-heal|p2b: Wo-Chien|88\/100|[from] item: Leftovers\n|-damage|p1a: Flutter Mane|49\/100 brn|[from] brn\n|upkeep\n|turn|8\n|inactive|Gholdjunge has 30 seconds left.\n|inactive|KingTerry777 has 30 seconds left.\n|\n|t:|1682406376\n|move|p1a: Flutter Mane|Dazzling Gleam|p2b: Wo-Chien|[spread] p2a,p2b\n|-end|p2a: Dachsbun|Substitute\n|-supereffective|p2b: Wo-Chien\n|-damage|p2b: Wo-Chien|29\/100\n|move|p1b: Iron Hands|Wild Charge|p2a: Dachsbun\n|-damage|p2a: Dachsbun|0 fnt\n|faint|p2a: Dachsbun\n|-damage|p1b: Iron Hands|94\/100|[from] Recoil\n|move|p2b: Wo-Chien|Pollen Puff|p2: Dachsbun|[notarget]\n|-fail|p2b: Wo-Chien\n|\n|-heal|p2b: Wo-Chien|35\/100|[from] item: Leftovers\n|-damage|p1a: Flutter Mane|43\/100 brn|[from] brn\n|-sideend|p1: Gholdjunge|move: Tailwind\n|upkeep\n|\n|t:|1682406384\n|switch|p2a: Flutter Mane|Flutter Mane, L50|8\/100\n|turn|9\n|\n|t:|1682406408\n|move|p2a: Flutter Mane|Shadow Ball|p1a: Flutter Mane\n|-supereffective|p1a: Flutter Mane\n|-damage|p1a: Flutter Mane|0 fnt\n|faint|p1a: Flutter Mane\n|-end|p1a: Flutter Mane|Protosynthesis|[silent]\n|move|p2b: Wo-Chien|Leech Seed|p1b: Iron Hands\n|-start|p1b: Iron Hands|move: Leech Seed\n|move|p1b: Iron Hands|Wild Charge|p2a: Flutter Mane\n|-damage|p2a: Flutter Mane|0 fnt\n|faint|p2a: Flutter Mane\n|-end|p2a: Flutter Mane|Protosynthesis|[silent]\n|-damage|p1b: Iron Hands|92\/100|[from] Recoil\n|\n|-heal|p2b: Wo-Chien|41\/100|[from] item: Leftovers\n|-damage|p1b: Iron Hands|80\/100|[from] Leech Seed|[of] p2b: Wo-Chien\n|-heal|p2b: Wo-Chien|56\/100|[silent]\n|upkeep\n|\n|t:|1682406418\n|switch|p1a: Pelipper|Pelipper, L50, F|20\/100\n|-weather|RainDance|[from] ability: Drizzle|[of] p1a: Pelipper\n|turn|10\n|\n|t:|1682406428\n|move|p2b: Wo-Chien|Protect|p2b: Wo-Chien\n|-singleturn|p2b: Wo-Chien|Protect\n|move|p1a: Pelipper|Hurricane|p2b: Wo-Chien\n|-activate|p2b: Wo-Chien|move: Protect\n|move|p1b: Iron Hands|Swords Dance|p1b: Iron Hands\n|-boost|p1b: Iron Hands|atk|2\n|\n|-weather|RainDance|[upkeep]\n|-heal|p2b: Wo-Chien|62\/100|[from] item: Leftovers\n|-damage|p1b: Iron Hands|68\/100|[from] Leech Seed|[of] p2b: Wo-Chien\n|-heal|p2b: Wo-Chien|77\/100|[silent]\n|upkeep\n|turn|11\n|\n|t:|1682406435\n|move|p1a: Pelipper|Hurricane|p2b: Wo-Chien\n|-supereffective|p2b: Wo-Chien\n|-damage|p2b: Wo-Chien|27\/100\n|move|p2b: Wo-Chien|Body Press|p1a: Pelipper\n|-resisted|p1a: Pelipper\n|-damage|p1a: Pelipper|0 fnt\n|faint|p1a: Pelipper\n|move|p1b: Iron Hands|Drain Punch|p2b: Wo-Chien\n|-supereffective|p2b: Wo-Chien\n|-damage|p2b: Wo-Chien|0 fnt\n|-heal|p1b: Iron Hands|79\/100|[from] drain|[of] p2b: Wo-Chien\n|faint|p2b: Wo-Chien\n|\n|win|Gholdjunge\n|raw|Gholdjunge's rating: 1419 → 1442<\/strong> (+23 for winning)\n|raw|KingTerry777's rating: 1470 → 1447<\/strong> (-23 for losing)\n|l|\u2606KingTerry777\n|c|\u2606Gholdjunge|Gg\n|l| Gunfella\n","uploadtime":1682406496,"views":24,"p1id":"gholdjunge","p2id":"kingterry777","formatid":"gen9vgc2023regulationc","rating":1442,"private":0,"password":""}