{"id":"gen9vgc2023regulationc-1847756723","p1":"GSGjerry","p2":"GalahadFGC","format":"[Gen 9] VGC 2023 Regulation C","log":"|j|\u2606GSGjerry\n|j|\u2606GalahadFGC\n|t:|1681999366\n|gametype|doubles\n|player|p1|GSGjerry|1|\n|player|p2|GalahadFGC|steven|\n|teamsize|p1|6\n|teamsize|p2|6\n|gen|9\n|tier|[Gen 9] VGC 2023 Regulation C\n|rule|Species Clause: Limit one of each Pok\u00e9mon\n|rule|Item Clause: Limit one of each item\n|clearpoke\n|poke|p1|Dragapult, L50, F|\n|poke|p1|Hydreigon, L50, F|\n|poke|p1|Wo-Chien, L50|\n|poke|p1|Chi-Yu, L50|\n|poke|p1|Ceruledge, L50, F|\n|poke|p1|Armarouge, L50, F|\n|poke|p2|Meowscarada, L50, F|\n|poke|p2|Chien-Pao, L50|\n|poke|p2|Chi-Yu, L50|\n|poke|p2|Gyarados, L50, M|\n|poke|p2|Great Tusk, L50|\n|poke|p2|Flutter Mane, L50|\n|teampreview|4\n|inactive|Battle timer is ON: inactive players will automatically lose when time's up. (requested by GalahadFGC)\n|\n|t:|1681999393\n|start\n|switch|p1a: Wo-Chien|Wo-Chien, L50|100\/100\n|switch|p1b: Hydreigon|Hydreigon, L50, F|100\/100\n|switch|p2a: Gyarados|Gyarados, L50, M, shiny|100\/100\n|switch|p2b: Chien-Pao|Chien-Pao, L50|100\/100\n|-ability|p2b: Chien-Pao|Sword of Ruin\n|-ability|p2a: Gyarados|Intimidate|boost\n|-unboost|p1a: Wo-Chien|atk|1\n|-unboost|p1b: Hydreigon|atk|1\n|-ability|p1a: Wo-Chien|Tablets of Ruin\n|turn|1\n|\n|t:|1681999417\n|-terastallize|p1b: Hydreigon|Normal\n|move|p2b: Chien-Pao|Ice Spinner|p1b: Hydreigon\n|-damage|p1b: Hydreigon|39\/100\n|-damage|p2b: Chien-Pao|91\/100|[from] item: Life Orb\n|move|p1b: Hydreigon|Nasty Plot|p1b: Hydreigon\n|-boost|p1b: Hydreigon|spa|2\n|move|p2a: Gyarados|Taunt|p1a: Wo-Chien\n|-start|p1a: Wo-Chien|move: Taunt\n|cant|p1a: Wo-Chien|move: Taunt|Leech Seed\n|\n|upkeep\n|turn|2\n|\n|t:|1681999433\n|move|p2b: Chien-Pao|Ice Spinner|p1a: Wo-Chien\n|-supereffective|p1a: Wo-Chien\n|-damage|p1a: Wo-Chien|34\/100\n|-damage|p2b: Chien-Pao|81\/100|[from] item: Life Orb\n|move|p1b: Hydreigon|Hyper Voice|p2b: Chien-Pao|[spread] p2a,p2b\n|-damage|p2a: Gyarados|47\/100\n|-damage|p2b: Chien-Pao|0 fnt\n|-enditem|p2a: Gyarados|Sitrus Berry|[eat]\n|-heal|p2a: Gyarados|71\/100|[from] item: Sitrus Berry\n|faint|p2b: Chien-Pao\n|move|p2a: Gyarados|Waterfall|p1b: Hydreigon\n|-damage|p1b: Hydreigon|6\/100\n|move|p1a: Wo-Chien|Ruination|p2a: Gyarados\n|-damage|p2a: Gyarados|36\/100\n|\n|-heal|p1a: Wo-Chien|41\/100|[from] item: Leftovers\n|upkeep\n|\n|t:|1681999446\n|switch|p2b: Flutter Mane|Flutter Mane, L50, shiny|100\/100\n|turn|3\n|\n|t:|1681999458\n|move|p2a: Gyarados|Protect|p2a: Gyarados\n|-singleturn|p2a: Gyarados|Protect\n|move|p2b: Flutter Mane|Dazzling Gleam|p1a: Wo-Chien|[spread] p1a,p1b\n|-supereffective|p1a: Wo-Chien\n|-damage|p1a: Wo-Chien|0 fnt\n|-damage|p1b: Hydreigon|0 fnt\n|faint|p1a: Wo-Chien\n|faint|p1b: Hydreigon\n|\n|upkeep\n|\n|t:|1681999467\n|switch|p1b: Armarouge|Armarouge, L50, F|100\/100\n|switch|p1a: Chi-Yu|Chi-Yu, L50|100\/100\n|-ability|p1a: Chi-Yu|Beads of Ruin\n|turn|4\n|\n|t:|1681999484\n|move|p2b: Flutter Mane|Dazzling Gleam|p1a: Chi-Yu|[spread] p1a,p1b\n|-resisted|p1b: Armarouge\n|-damage|p1a: Chi-Yu|49\/100\n|-damage|p1b: Armarouge|71\/100\n|move|p1a: Chi-Yu|Lava Plume|p2b: Flutter Mane|[spread] p2a,p2b\n|-start|p1b: Armarouge|ability: Flash Fire\n|-resisted|p2a: Gyarados\n|-damage|p2a: Gyarados|19\/100\n|-damage|p2b: Flutter Mane|49\/100\n|-status|p2b: Flutter Mane|brn\n|move|p1b: Armarouge|Heat Wave|p2a: Gyarados|[spread] p2b\n|-miss|p1b: Armarouge|p2a: Gyarados\n|-damage|p2b: Flutter Mane|0 fnt\n|faint|p2b: Flutter Mane\n|-end|p2b: Flutter Mane|Protosynthesis|[silent]\n|move|p2a: Gyarados|Thunder Wave|p1b: Armarouge\n|-status|p1b: Armarouge|par\n|\n|upkeep\n|\n|t:|1681999496\n|switch|p2b: Great Tusk|Great Tusk, L50|100\/100\n|turn|5\n|\n|t:|1681999507\n|-terastallize|p2b: Great Tusk|Ground\n|move|p2a: Gyarados|Protect|p2a: Gyarados\n|-singleturn|p2a: Gyarados|Protect\n|move|p2b: Great Tusk|Earthquake|p1b: Armarouge|[spread] p1a,p1b\n|-activate|p2a: Gyarados|move: Protect\n|-supereffective|p1a: Chi-Yu\n|-supereffective|p1b: Armarouge\n|-crit|p1b: Armarouge\n|-damage|p1a: Chi-Yu|0 fnt\n|-damage|p1b: Armarouge|0 fnt\n|faint|p1a: Chi-Yu\n|faint|p1b: Armarouge\n|\n|win|GalahadFGC\n","uploadtime":1681999522,"views":7,"p1id":"gsgjerry","p2id":"galahadfgc","formatid":"gen9vgc2023regulationc","rating":0,"private":0,"password":""}