{"id":"gen9vgc2023regulationc-1859126508","p1":"mickyraiden","p2":"UltimoRyu","format":"[Gen 9] VGC 2023 Regulation C","log":"|j|\u2606mickyraiden\n|j|\u2606UltimoRyu\n|t:|1683407622\n|gametype|doubles\n|player|p1|mickyraiden|101|1185\n|player|p2|UltimoRyu|crasherwake|1190\n|teamsize|p1|6\n|teamsize|p2|6\n|gen|9\n|tier|[Gen 9] VGC 2023 Regulation C\n|rated|\n|rule|Species Clause: Limit one of each Pok\u00e9mon\n|rule|Item Clause: Limit one of each item\n|clearpoke\n|poke|p1|Hatterene, L50, F|\n|poke|p1|Farigiraf, L50, F|\n|poke|p1|Grimmsnarl, L50, M|\n|poke|p1|Wo-Chien, L50|\n|poke|p1|Ting-Lu, L50|\n|poke|p1|Pawmot, L50, M|\n|poke|p2|Slither Wing, L50|\n|poke|p2|Indeedee-F, L50, F|\n|poke|p2|Armarouge, L50, F|\n|poke|p2|Torkoal, L50, F|\n|poke|p2|Mimikyu, L50, M|\n|poke|p2|Murkrow, L50, F|\n|teampreview|4\n|inactive|Battle timer is ON: inactive players will automatically lose when time's up. (requested by mickyraiden)\n|inactive|UltimoRyu has 60 seconds left.\nmickyraiden rejected open team sheets.\n|\n|t:|1683407685\n|start\n|switch|p1a: Farigiraf|Farigiraf, L50, F|100\/100\n|switch|p1b: Grimout|Grimmsnarl, L50, M|100\/100\n|switch|p2a: Slither Wing|Slither Wing, L50|100\/100\n|switch|p2b: Murkrow|Murkrow, L50, F|100\/100\n|turn|1\n|inactive|UltimoRyu has 30 seconds left.\n|inactive|UltimoRyu has 20 seconds left.\n|\n|t:|1683407723\n|switch|p2b: Indeedee|Indeedee-F, L50, F|100\/100\n|-fieldstart|move: Psychic Terrain|[from] ability: Psychic Surge|[of] p2b: Indeedee\n|-enditem|p2b: Indeedee|Psychic Seed\n|-boost|p2b: Indeedee|spd|1|[from] item: Psychic Seed\n|move|p1b: Grimout|Fake Out|p2a: Slither Wing\n|-activate|p2a: Slither Wing|move: Psychic Terrain\n|move|p2a: Slither Wing|Lunge|p1b: Grimout\n|-damage|p1b: Grimout|22\/100\n|-unboost|p1b: Grimout|atk|1\n|move|p1a: Farigiraf|Trick Room|p1a: Farigiraf\n|-fieldstart|move: Trick Room|[of] p1a: Farigiraf\n|\n|upkeep\n|turn|2\n|\n|t:|1683407745\n|move|p1b: Grimout|Reflect|p1b: Grimout\n|-sidestart|p1: mickyraiden|Reflect\n|move|p1a: Farigiraf|Psychic|p2a: Slither Wing\n|-supereffective|p2a: Slither Wing\n|-damage|p2a: Slither Wing|25\/100\n|move|p2b: Indeedee|Dazzling Gleam|p1a: Farigiraf|[spread] p1a,p1b\n|-crit|p1a: Farigiraf\n|-supereffective|p1b: Grimout\n|-damage|p1a: Farigiraf|83\/100\n|-damage|p1b: Grimout|0 fnt\n|faint|p1b: Grimout\n|move|p2a: Slither Wing|Lunge|p1a: Farigiraf\n|-supereffective|p1a: Farigiraf\n|-damage|p1a: Farigiraf|2\/100\n|-unboost|p1a: Farigiraf|atk|1\n|-damage|p2a: Slither Wing|8\/100|[from] item: Rocky Helmet|[of] p1a: Farigiraf\n|\n|upkeep\n|\n|t:|1683407761\n|switch|p1b: Cabreiroa|Ting-Lu, L50|100\/100\n|-ability|p1b: Cabreiroa|Vessel of Ruin\n|turn|3\n|\n|t:|1683407771\n|move|p2b: Indeedee|Follow Me|p2b: Indeedee\n|-singleturn|p2b: Indeedee|move: Follow Me\n|move|p1b: Cabreiroa|Fissure|p2b: Indeedee\n|-damage|p2b: Indeedee|0 fnt\n|faint|p2b: Indeedee\n|-ohko\n|move|p1a: Farigiraf|Dazzling Gleam|p2a: Slither Wing\n|-supereffective|p2a: Slither Wing\n|-damage|p2a: Slither Wing|0 fnt\n|faint|p2a: Slither Wing\n|-end|p2a: Slither Wing|Protosynthesis|[silent]\n|\n|upkeep\n|\n|t:|1683407778\n|switch|p2b: Armarouge|Armarouge, L50, F|100\/100\n|switch|p2a: Murkrow|Murkrow, L50, F|100\/100\n|turn|4\n|inactive|mickyraiden has 30 seconds left.\n|inactive|UltimoRyu has 30 seconds left.\n|inactive|UltimoRyu has 20 seconds left.\n|inactive|UltimoRyu has 15 seconds left.\n|inactive|UltimoRyu has 10 seconds left.\n|inactive|UltimoRyu has 5 seconds left.\n|\n|t:|1683407832\n|move|p2b: Armarouge|Protect|p2b: Armarouge\n|-singleturn|p2b: Armarouge|Protect\n|move|p1b: Cabreiroa|Ruination|p2b: Armarouge\n|-activate|p2b: Armarouge|move: Protect\n|move|p1a: Farigiraf|Dazzling Gleam|p2b: Armarouge|[spread] p2a\n|-activate|p2b: Armarouge|move: Protect\n|-supereffective|p2a: Murkrow\n|-damage|p2a: Murkrow|77\/100\n|move|p2a: Murkrow|Foul Play|p1a: Farigiraf\n|-supereffective|p1a: Farigiraf\n|-damage|p1a: Farigiraf|0 fnt\n|-damage|p2a: Murkrow|60\/100|[from] item: Rocky Helmet|[of] p1a: Farigiraf\n|faint|p1a: Farigiraf\n|\n|upkeep\n|\n|t:|1683407849\n|switch|p1a: Pawmot|Pawmot, L50, M|100\/100\n|turn|5\n|inactive|UltimoRyu has 30 seconds left.\n|\n|t:|1683407880\n|-terastallize|p2b: Armarouge|Grass\n|move|p1b: Cabreiroa|Stomping Tantrum|p2b: Armarouge\n|-resisted|p2b: Armarouge\n|-damage|p2b: Armarouge|87\/100\n|move|p2b: Armarouge|Expanding Force|p1b: Cabreiroa|[spread] p1a\n|-immune|p1b: Cabreiroa\n|-supereffective|p1a: Pawmot\n|-damage|p1a: Pawmot|0 fnt\n|faint|p1a: Pawmot\n|-damage|p2b: Armarouge|77\/100|[from] item: Life Orb\n|move|p2a: Murkrow|Foul Play|p1b: Cabreiroa\n|-resisted|p1b: Cabreiroa\n|-damage|p1b: Cabreiroa|94\/100\n|\n|-fieldend|move: Trick Room\n|-fieldend|move: Psychic Terrain\n|upkeep\n|turn|6\n|inactive|UltimoRyu has 30 seconds left.\n|\n|t:|1683407914\n|move|p2a: Murkrow|Sunny Day|p2a: Murkrow\n|-weather|SunnyDay\n|move|p2b: Armarouge|Armor Cannon|p1b: Cabreiroa\n|-damage|p1b: Cabreiroa|36\/100\n|-unboost|p2b: Armarouge|def|1\n|-unboost|p2b: Armarouge|spd|1\n|-enditem|p1b: Cabreiroa|Sitrus Berry|[eat]\n|-heal|p1b: Cabreiroa|61\/100|[from] item: Sitrus Berry\n|-damage|p2b: Armarouge|68\/100|[from] item: Life Orb\n|move|p1b: Cabreiroa|Fissure|p2b: Armarouge\n|-damage|p2b: Armarouge|0 fnt\n|faint|p2b: Armarouge\n|-ohko\n|\n|-weather|SunnyDay|[upkeep]\n|upkeep\n|turn|7\n|\n|t:|1683407935\n|move|p2a: Murkrow|Foul Play|p1b: Cabreiroa\n|-resisted|p1b: Cabreiroa\n|-damage|p1b: Cabreiroa|55\/100\n|move|p1b: Cabreiroa|Ruination|p2a: Murkrow\n|-damage|p2a: Murkrow|30\/100\n|\n|-weather|SunnyDay|[upkeep]\n|upkeep\n|turn|8\n|\n|t:|1683407944\n|move|p2a: Murkrow|Foul Play|p1b: Cabreiroa\n|-resisted|p1b: Cabreiroa\n|-damage|p1b: Cabreiroa|49\/100\n|move|p1b: Cabreiroa|Ruination|p2a: Murkrow\n|-damage|p2a: Murkrow|15\/100\n|\n|-weather|SunnyDay|[upkeep]\n|upkeep\n|turn|9\n|\n|t:|1683407953\n|move|p1b: Cabreiroa|Protect|p1b: Cabreiroa\n|-singleturn|p1b: Cabreiroa|Protect\n|move|p2a: Murkrow|Foul Play|p1b: Cabreiroa\n|-activate|p1b: Cabreiroa|move: Protect\n|\n|-weather|SunnyDay|[upkeep]\n|-sideend|p1: mickyraiden|Reflect\n|upkeep\n|turn|10\n|\n|t:|1683407963\n|move|p2a: Murkrow|Foul Play|p1b: Cabreiroa\n|-resisted|p1b: Cabreiroa\n|-damage|p1b: Cabreiroa|39\/100\n|move|p1b: Cabreiroa|Ruination|p2a: Murkrow\n|-damage|p2a: Murkrow|8\/100\n|\n|-weather|none\n|upkeep\n|turn|11\n|\n|t:|1683407971\n|move|p1b: Cabreiroa|Protect|p1b: Cabreiroa\n|-singleturn|p1b: Cabreiroa|Protect\n|move|p2a: Murkrow|Foul Play|p1b: Cabreiroa\n|-activate|p1b: Cabreiroa|move: Protect\n|\n|upkeep\n|turn|12\n|\n|t:|1683407979\n|move|p2a: Murkrow|Foul Play|p1b: Cabreiroa\n|-resisted|p1b: Cabreiroa\n|-damage|p1b: Cabreiroa|29\/100\n|move|p1b: Cabreiroa|Ruination|p2a: Murkrow\n|-damage|p2a: Murkrow|4\/100\n|\n|upkeep\n|turn|13\n|\n|t:|1683407989\n|move|p1b: Cabreiroa|Protect|p1b: Cabreiroa\n|-singleturn|p1b: Cabreiroa|Protect\n|move|p2a: Murkrow|Foul Play|p1b: Cabreiroa\n|-activate|p1b: Cabreiroa|move: Protect\n|\n|upkeep\n|turn|14\n|\n|t:|1683407996\n|move|p2a: Murkrow|Foul Play|p1b: Cabreiroa\n|-resisted|p1b: Cabreiroa\n|-damage|p1b: Cabreiroa|19\/100\n|move|p1b: Cabreiroa|Ruination|p2a: Murkrow\n|-damage|p2a: Murkrow|2\/100\n|\n|upkeep\n|turn|15\n|\n|t:|1683408005\n|move|p1b: Cabreiroa|Protect|p1b: Cabreiroa\n|-singleturn|p1b: Cabreiroa|Protect\n|move|p2a: Murkrow|Foul Play|p1b: Cabreiroa\n|-activate|p1b: Cabreiroa|move: Protect\n|\n|upkeep\n|turn|16\n|\n|t:|1683408013\n|move|p2a: Murkrow|Foul Play|p1b: Cabreiroa\n|-resisted|p1b: Cabreiroa\n|-damage|p1b: Cabreiroa|9\/100\n|move|p1b: Cabreiroa|Ruination|p2a: Murkrow\n|-damage|p2a: Murkrow|2\/100\n|\n|upkeep\n|turn|17\n|\n|t:|1683408021\n|move|p1b: Cabreiroa|Protect|p1b: Cabreiroa\n|-singleturn|p1b: Cabreiroa|Protect\n|move|p2a: Murkrow|Tailwind|p2a: Murkrow\n|-sidestart|p2: UltimoRyu|move: Tailwind\n|\n|upkeep\n|turn|18\n|\n|t:|1683408030\n|-terastallize|p1b: Cabreiroa|Ghost\n|move|p1b: Cabreiroa|Protect|p1b: Cabreiroa\n|-singleturn|p1b: Cabreiroa|Protect\n|move|p2a: Murkrow|Foul Play|p1b: Cabreiroa\n|-activate|p1b: Cabreiroa|move: Protect\n|\n|upkeep\n|turn|19\n|\n|t:|1683408038\n|move|p1b: Cabreiroa|Protect||[still]\n|-fail|p1b: Cabreiroa\n|move|p2a: Murkrow|Foul Play|p1b: Cabreiroa\n|-supereffective|p1b: Cabreiroa\n|-damage|p1b: Cabreiroa|0 fnt\n|faint|p1b: Cabreiroa\n|\n|win|UltimoRyu\n|raw|mickyraiden's rating: 1185 → 1160<\/strong> (-25 for losing)\n|raw|UltimoRyu's rating: 1190 → 1215<\/strong> (+25 for winning)\n|c|\u2606UltimoRyu|Gg\n|l|\u2606mickyraiden\n","uploadtime":1683408168,"views":10,"p1id":"mickyraiden","p2id":"ultimoryu","formatid":"gen9vgc2023regulationc","rating":1160,"private":0,"password":""}