{"id":"gen9vgc2023regulationc-1858786834","p1":"megagenger2023","p2":"K33P CALM","format":"[Gen 9] VGC 2023 Regulation C","log":"|j|\u2606megagenger2023\n|j|\u2606K33P CALM\n|t:|1683361024\n|gametype|doubles\n|player|p1|megagenger2023|101|1624\n|player|p2|K33P CALM|dawn|1567\n|teamsize|p1|6\n|teamsize|p2|6\n|gen|9\n|tier|[Gen 9] VGC 2023 Regulation C\n|rated|\n|rule|Species Clause: Limit one of each Pok\u00e9mon\n|rule|Item Clause: Limit one of each item\n|clearpoke\n|poke|p1|Flutter Mane, L50|\n|poke|p1|Azumarill, L50, F|\n|poke|p1|Ting-Lu, L50|\n|poke|p1|Gothitelle, L50, F|\n|poke|p1|Arcanine, L50, F|\n|poke|p1|Amoonguss, L50, F|\n|poke|p2|Torkoal, L50, F|\n|poke|p2|Dragonite, L50, M|\n|poke|p2|Great Tusk, L50|\n|poke|p2|Lilligant, L50, F|\n|poke|p2|Flutter Mane, L50|\n|poke|p2|Chien-Pao, L50|\n|teampreview|4\n|inactive|Battle timer is ON: inactive players will automatically lose when time's up. (requested by megagenger2023)\nK33P CALM has agreed to open team sheets.\n|inactive|megagenger2023 has 60 seconds left.\n|inactive|K33P CALM has 60 seconds left.\n|\n|t:|1683361082\n|start\n|switch|p1a: Flutter Mane|Flutter Mane, L50|100\/100\n|switch|p1b: Arcanine|Arcanine, L50, F|100\/100\n|switch|p2a: Torkoal|Torkoal, L50, F|100\/100\n|switch|p2b: Lilligant|Lilligant, L50, F|100\/100\n|-ability|p1b: Arcanine|Intimidate|boost\n|-unboost|p2a: Torkoal|atk|1\n|-unboost|p2b: Lilligant|atk|1\n|-weather|SunnyDay|[from] ability: Drought|[of] p2a: Torkoal\n|-activate|p1a: Flutter Mane|ability: Protosynthesis\n|-start|p1a: Flutter Mane|protosynthesisspe\n|turn|1\n|\n|t:|1683361096\n|-terastallize|p2a: Torkoal|Fire\n|move|p1a: Flutter Mane|Protect|p1a: Flutter Mane\n|-singleturn|p1a: Flutter Mane|Protect\n|move|p2b: Lilligant|After You|p2a: Torkoal\n|-activate|p2a: Torkoal|move: After You\n|move|p2a: Torkoal|Eruption|p1a: Flutter Mane|[spread] p1b\n|-activate|p1a: Flutter Mane|move: Protect\n|-resisted|p1b: Arcanine\n|-damage|p1b: Arcanine|35\/100\n|move|p1b: Arcanine|Flare Blitz|p2b: Lilligant\n|-supereffective|p2b: Lilligant\n|-enditem|p2b: Lilligant|Focus Sash\n|-damage|p2b: Lilligant|1\/100\n|-status|p2b: Lilligant|brn\n|-damage|p1b: Arcanine|10\/100|[from] Recoil\n|-enditem|p1b: Arcanine|Aguav Berry|[eat]\n|-heal|p1b: Arcanine|44\/100|[from] item: Aguav Berry\n|\n|-weather|SunnyDay|[upkeep]\n|-damage|p2b: Lilligant|0 fnt|[from] brn\n|faint|p2b: Lilligant\n|upkeep\n|\n|t:|1683361112\n|switch|p2b: Flutter Mane|Flutter Mane, L50|100\/100\n|-activate|p2b: Flutter Mane|ability: Protosynthesis\n|-start|p2b: Flutter Mane|protosynthesisspe\n|turn|2\n|\n|t:|1683361137\n|switch|p1b: Ting-Lu|Ting-Lu, L50|100\/100\n|-ability|p1b: Ting-Lu|Vessel of Ruin\n|-terastallize|p1a: Flutter Mane|Water\n|move|p2b: Flutter Mane|Shadow Ball|p1b: Ting-Lu\n|-resisted|p1b: Ting-Lu\n|-damage|p1b: Ting-Lu|88\/100\n|move|p1a: Flutter Mane|Perish Song|p1a: Flutter Mane\n|-start|p1a: Flutter Mane|perish3|[silent]\n|-start|p1b: Ting-Lu|perish3|[silent]\n|-start|p2a: Torkoal|perish3|[silent]\n|-start|p2b: Flutter Mane|perish3|[silent]\n|-fieldactivate|move: Perish Song\n|move|p2a: Torkoal|Overheat|p1a: Flutter Mane\n|-resisted|p1a: Flutter Mane\n|-damage|p1a: Flutter Mane|61\/100\n|-unboost|p2a: Torkoal|spa|2\n|\n|-weather|SunnyDay|[upkeep]\n|-heal|p1a: Flutter Mane|67\/100|[from] item: Leftovers\n|-start|p2b: Flutter Mane|perish3\n|-start|p1a: Flutter Mane|perish3\n|-start|p1b: Ting-Lu|perish3\n|-start|p2a: Torkoal|perish3\n|upkeep\n|turn|3\n|j| Suckmyapple\n|inactive|megagenger2023 has 30 seconds left.\n|\n|t:|1683361169\n|switch|p1b: Gothitelle|Gothitelle, L50, F|100\/100\n|move|p2b: Flutter Mane|Shadow Ball|p1a: Flutter Mane\n|-damage|p1a: Flutter Mane|18\/100\n|-unboost|p1a: Flutter Mane|spd|1\n|move|p1a: Flutter Mane|Moonblast|p2a: Torkoal\n|-resisted|p2a: Torkoal\n|-damage|p2a: Torkoal|72\/100\n|move|p2a: Torkoal|Overheat|p1a: Flutter Mane\n|-resisted|p1a: Flutter Mane\n|-damage|p1a: Flutter Mane|0 fnt\n|-unboost|p2a: Torkoal|spa|2\n|faint|p1a: Flutter Mane\n|-end|p1a: Flutter Mane|Protosynthesis|[silent]\n|\n|-weather|SunnyDay|[upkeep]\n|-start|p2b: Flutter Mane|perish2\n|-start|p2a: Torkoal|perish2\n|upkeep\n|\n|t:|1683361192\n|switch|p1a: Ting-Lu|Ting-Lu, L50|88\/100\n|-ability|p1a: Ting-Lu|Vessel of Ruin\n|turn|4\n|l| Suckmyapple\n|inactive|megagenger2023 has 30 seconds left.\n|\n|t:|1683361226\n|-end|p2b: Flutter Mane|Protosynthesis|[silent]\n|switch|p2b: Great Tusk|Great Tusk, L50|100\/100\n|-activate|p2b: Great Tusk|ability: Protosynthesis\n|-start|p2b: Great Tusk|protosynthesisatk\n|move|p1b: Gothitelle|Psychic|p2b: Great Tusk\n|-supereffective|p2b: Great Tusk\n|-damage|p2b: Great Tusk|27\/100\n|move|p1a: Ting-Lu|Heavy Slam|p2b: Great Tusk\n|-damage|p2b: Great Tusk|16\/100\n|move|p2a: Torkoal|Overheat|p1b: Gothitelle\n|-damage|p1b: Gothitelle|73\/100\n|-unboost|p2a: Torkoal|spa|2\n|\n|-weather|SunnyDay|[upkeep]\n|-start|p2a: Torkoal|perish1\n|upkeep\n|turn|5\n|\n|t:|1683361250\n|move|p1b: Gothitelle|Protect|p1b: Gothitelle\n|-singleturn|p1b: Gothitelle|Protect\n|move|p2b: Great Tusk|Close Combat|p1a: Ting-Lu\n|-supereffective|p1a: Ting-Lu\n|-damage|p1a: Ting-Lu|0 fnt\n|-unboost|p2b: Great Tusk|def|1\n|-unboost|p2b: Great Tusk|spd|1\n|faint|p1a: Ting-Lu\n|move|p2a: Torkoal|Overheat|p1b: Gothitelle\n|-activate|p1b: Gothitelle|move: Protect\n|\n|-weather|none\n|-end|p2b: Great Tusk|Protosynthesis\n|-start|p2a: Torkoal|perish0\n|faint|p2a: Torkoal\n|upkeep\n|\n|t:|1683361258\n|switch|p1a: Arcanine|Arcanine, L50, F|44\/100\n|switch|p2a: Flutter Mane|Flutter Mane, L50|100\/100\n|-ability|p1a: Arcanine|Intimidate|boost\n|-unboost|p2a: Flutter Mane|atk|1\n|-unboost|p2b: Great Tusk|atk|1\n|turn|6\n|\n|t:|1683361276\n|move|p1a: Arcanine|Extreme Speed|p2b: Great Tusk\n|-damage|p2b: Great Tusk|0 fnt\n|faint|p2b: Great Tusk\n|-end|p2b: Great Tusk|Protosynthesis|[silent]\n|move|p2a: Flutter Mane|Shadow Ball|p1b: Gothitelle\n|-supereffective|p1b: Gothitelle\n|-enditem|p1b: Gothitelle|Kasib Berry|[eat]\n|-enditem|p1b: Gothitelle|Kasib Berry|[weaken]\n|-damage|p1b: Gothitelle|29\/100\n|move|p1b: Gothitelle|Psychic|p2a: Flutter Mane\n|-damage|p2a: Flutter Mane|75\/100\n|\n|upkeep\n|turn|7\n|\n|t:|1683361291\n|move|p1a: Arcanine|Protect|p1a: Arcanine\n|-singleturn|p1a: Arcanine|Protect\n|move|p2a: Flutter Mane|Shadow Ball|p1a: Arcanine\n|-activate|p1a: Arcanine|move: Protect\n|move|p1b: Gothitelle|Psychic|p2a: Flutter Mane\n|-crit|p2a: Flutter Mane\n|-damage|p2a: Flutter Mane|33\/100\n|\n|upkeep\n|turn|8\n|\n|t:|1683361307\n|move|p2a: Flutter Mane|Shadow Ball|p1a: Arcanine\n|-damage|p1a: Arcanine|0 fnt\n|faint|p1a: Arcanine\n|move|p1b: Gothitelle|Psychic|p2a: Flutter Mane\n|-damage|p2a: Flutter Mane|5\/100\n|\n|upkeep\n|turn|9\n|\n|t:|1683361314\n|move|p2a: Flutter Mane|Shadow Ball|p1b: Gothitelle\n|-supereffective|p1b: Gothitelle\n|-crit|p1b: Gothitelle\n|-damage|p1b: Gothitelle|0 fnt\n|faint|p1b: Gothitelle\n|\n|win|K33P CALM\n|raw|megagenger2023's rating: 1624 → 1601<\/strong> (-23 for losing)\n|raw|K33P CALM's rating: 1567 → 1590<\/strong> (+23 for winning)\n|l|\u2606megagenger2023\n","uploadtime":1683361364,"views":16,"p1id":"megagenger2023","p2id":"k33pcalm","formatid":"gen9vgc2023regulationc","rating":1590,"private":0,"password":""}