{"id":"gen9vgc2023regulationc-1848920740","p1":"The Penguinari","p2":"PR0J3CT Nub","format":"[Gen 9] VGC 2023 Regulation C","log":"|j|\u2606The Penguinari\n|j|\u2606PR0J3CT Nub\n|t:|1682126330\n|gametype|doubles\n|player|p1|The Penguinari|grimsley|1136\n|player|p2|PR0J3CT Nub|guitarist-gen4|1068\n|teamsize|p1|6\n|teamsize|p2|6\n|gen|9\n|tier|[Gen 9] VGC 2023 Regulation C\n|rated|\n|rule|Species Clause: Limit one of each Pok\u00e9mon\n|rule|Item Clause: Limit one of each item\n|clearpoke\n|poke|p1|Iron Bundle, L50|\n|poke|p1|Amoonguss, L50, M|\n|poke|p1|Chi-Yu, L50|\n|poke|p1|Corviknight, L50, M|\n|poke|p1|Flutter Mane, L50|\n|poke|p1|Iron Hands, L50|\n|poke|p2|Tyranitar, L50, F|\n|poke|p2|Flutter Mane, L50|\n|poke|p2|Palafin, L50, F|\n|poke|p2|Arcanine, L50, M|\n|poke|p2|Corviknight, L50, M|\n|poke|p2|Gastrodon, L50, F|\n|teampreview|4\n|inactive|Battle timer is ON: inactive players will automatically lose when time's up. (requested by PR0J3CT Nub)\nThe Penguinari has agreed to open team sheets.\n|inactive|The Penguinari has 60 seconds left.\n|inactive|PR0J3CT Nub has 60 seconds left.\n|\n|t:|1682126382\n|start\n|switch|p1a: Corviknight|Corviknight, L50, M|100\/100\n|switch|p1b: Iron Bundle|Iron Bundle, L50|100\/100\n|switch|p2a: Corviknight|Corviknight, L50, M|100\/100\n|switch|p2b: Tyranitar|Tyranitar, L50, F|100\/100\n|-weather|Sandstorm|[from] ability: Sand Stream|[of] p2b: Tyranitar\n|-enditem|p1b: Iron Bundle|Booster Energy\n|-activate|p1b: Iron Bundle|ability: Quark Drive|[fromitem]\n|-start|p1b: Iron Bundle|quarkdrivespe\n|turn|1\n|inactive|The Penguinari has 30 seconds left.\n|\n|t:|1682126411\n|switch|p2b: Palafin|Palafin, L50, F|100\/100\n|move|p1b: Iron Bundle|Protect|p1b: Iron Bundle\n|-singleturn|p1b: Iron Bundle|Protect\n|move|p2a: Corviknight|Brave Bird|p1b: Iron Bundle\n|-activate|p1b: Iron Bundle|move: Protect\n|move|p1a: Corviknight|Tailwind|p1a: Corviknight\n|-sidestart|p1: The Penguinari|move: Tailwind\n|\n|-weather|Sandstorm|[upkeep]\n|-damage|p1b: Iron Bundle|94\/100|[from] Sandstorm\n|-damage|p2b: Palafin|94\/100|[from] Sandstorm\n|upkeep\n|turn|2\n|inactive|The Penguinari has 30 seconds left.\n|inactive|The Penguinari has 20 seconds left.\n|\n|t:|1682126446\n|move|p2b: Palafin|Protect|p2b: Palafin\n|-singleturn|p2b: Palafin|Protect\n|move|p1b: Iron Bundle|Freeze-Dry|p2b: Palafin\n|-activate|p2b: Palafin|move: Protect\n|move|p1a: Corviknight|Bulk Up|p1a: Corviknight\n|-boost|p1a: Corviknight|atk|1\n|-boost|p1a: Corviknight|def|1\n|move|p2a: Corviknight|Brave Bird|p1b: Iron Bundle\n|-damage|p1b: Iron Bundle|48\/100\n|-damage|p2a: Corviknight|90\/100|[from] Recoil\n|\n|-weather|Sandstorm|[upkeep]\n|-damage|p1b: Iron Bundle|42\/100|[from] Sandstorm\n|-damage|p2b: Palafin|88\/100|[from] Sandstorm\n|-heal|p2a: Corviknight|96\/100|[from] item: Leftovers\n|upkeep\n|turn|3\n|\n|t:|1682126471\n|detailschange|p2b: Palafin|Palafin-Hero, L50, F\n|switch|p2b: Flutter Mane|Flutter Mane, L50, shiny|100\/100\n|move|p1b: Iron Bundle|Freeze-Dry|p2b: Flutter Mane\n|-damage|p2b: Flutter Mane|71\/100\n|move|p1a: Corviknight|Brave Bird|p2b: Flutter Mane\n|-damage|p2b: Flutter Mane|0 fnt\n|faint|p2b: Flutter Mane\n|-end|p2b: Flutter Mane|Protosynthesis|[silent]\n|-damage|p1a: Corviknight|82\/100|[from] Recoil\n|move|p2a: Corviknight|Brave Bird|p1b: Iron Bundle\n|-damage|p1b: Iron Bundle|0 fnt\n|faint|p1b: Iron Bundle\n|-end|p1b: Iron Bundle|Quark Drive|[silent]\n|-damage|p2a: Corviknight|86\/100|[from] Recoil\n|\n|-weather|Sandstorm|[upkeep]\n|-heal|p2a: Corviknight|92\/100|[from] item: Leftovers\n|upkeep\n|\n|t:|1682126487\n|switch|p1b: Flutter Mane|Flutter Mane, L50|100\/100\n|switch|p2b: Palafin|Palafin-Hero, L50, F|88\/100\n|-activate|p2b: Palafin|ability: Zero to Hero\n|turn|4\n|\n|t:|1682126506\n|move|p2b: Palafin|Protect|p2b: Palafin\n|-singleturn|p2b: Palafin|Protect\n|move|p1b: Flutter Mane|Thunderbolt|p2a: Corviknight\n|-supereffective|p2a: Corviknight\n|-damage|p2a: Corviknight|19\/100\n|move|p1a: Corviknight|Brave Bird|p2b: Palafin\n|-activate|p2b: Palafin|move: Protect\n|move|p2a: Corviknight|Iron Head|p1b: Flutter Mane\n|-supereffective|p1b: Flutter Mane\n|-damage|p1b: Flutter Mane|12\/100\n|\n|-weather|Sandstorm|[upkeep]\n|-damage|p1b: Flutter Mane|7\/100|[from] Sandstorm\n|-damage|p2b: Palafin|82\/100|[from] Sandstorm\n|-heal|p2a: Corviknight|25\/100|[from] item: Leftovers\n|-sideend|p1: The Penguinari|move: Tailwind\n|upkeep\n|turn|5\n|\n|t:|1682126525\n|move|p2b: Palafin|Protect|p2b: Palafin\n|-singleturn|p2b: Palafin|Protect\n|move|p2a: Corviknight|Protect|p2a: Corviknight\n|-singleturn|p2a: Corviknight|Protect\n|move|p1b: Flutter Mane|Thunderbolt|p2a: Corviknight\n|-activate|p2a: Corviknight|move: Protect\n|move|p1a: Corviknight|Brave Bird|p2b: Palafin\n|-activate|p2b: Palafin|move: Protect\n|\n|-weather|none\n|-heal|p2a: Corviknight|31\/100|[from] item: Leftovers\n|upkeep\n|turn|6\n|\n|t:|1682126550\n|move|p2b: Palafin|Jet Punch|p1b: Flutter Mane\n|-damage|p1b: Flutter Mane|0 fnt\n|faint|p1b: Flutter Mane\n|-end|p1b: Flutter Mane|Protosynthesis|[silent]\n|move|p2a: Corviknight|Roost|p2a: Corviknight\n|-heal|p2a: Corviknight|81\/100\n|-singleturn|p2a: Corviknight|move: Roost\n|move|p1a: Corviknight|Brave Bird|p2b: Palafin\n|-damage|p2b: Palafin|22\/100\n|-damage|p1a: Corviknight|62\/100|[from] Recoil\n|\n|-heal|p2a: Corviknight|87\/100|[from] item: Leftovers\n|upkeep\n|\n|t:|1682126560\n|switch|p1b: Chi-Yu|Chi-Yu, L50|100\/100\n|-ability|p1b: Chi-Yu|Beads of Ruin\n|turn|7\n|\n|t:|1682126573\n|-terastallize|p2a: Corviknight|Fire\n|move|p1b: Chi-Yu|Protect|p1b: Chi-Yu\n|-singleturn|p1b: Chi-Yu|Protect\n|move|p2b: Palafin|Protect|p2b: Palafin\n|-singleturn|p2b: Palafin|Protect\n|move|p2a: Corviknight|Brave Bird|p1b: Chi-Yu\n|-activate|p1b: Chi-Yu|move: Protect\n|move|p1a: Corviknight|Brave Bird|p2b: Palafin\n|-activate|p2b: Palafin|move: Protect\n|\n|-heal|p2a: Corviknight|93\/100|[from] item: Leftovers\n|upkeep\n|turn|8\n|inactive|The Penguinari has 30 seconds left.\n|inactive|The Penguinari has 20 seconds left.\n|inactive|The Penguinari has 15 seconds left.\n|\n|t:|1682126616\n|move|p1b: Chi-Yu|Protect|p1b: Chi-Yu\n|-singleturn|p1b: Chi-Yu|Protect\n|move|p2b: Palafin|Jet Punch|p1b: Chi-Yu\n|-activate|p1b: Chi-Yu|move: Protect\n|move|p2a: Corviknight|Brave Bird|p1b: Chi-Yu\n|-activate|p1b: Chi-Yu|move: Protect\n|move|p1a: Corviknight|Brave Bird|p2a: Corviknight\n|-damage|p2a: Corviknight|44\/100\n|-damage|p1a: Corviknight|46\/100|[from] Recoil\n|\n|-heal|p2a: Corviknight|50\/100|[from] item: Leftovers\n|upkeep\n|turn|9\n|\n|t:|1682126638\n|move|p2b: Palafin|Jet Punch|p1b: Chi-Yu\n|-supereffective|p1b: Chi-Yu\n|-enditem|p1b: Chi-Yu|Focus Sash\n|-damage|p1b: Chi-Yu|1\/100\n|move|p1b: Chi-Yu|Dark Pulse|p2a: Corviknight\n|-damage|p2a: Corviknight|1\/100\n|move|p2a: Corviknight|Roost|p2a: Corviknight\n|-heal|p2a: Corviknight|51\/100\n|move|p1a: Corviknight|Brave Bird|p2b: Palafin\n|-damage|p2b: Palafin|0 fnt\n|faint|p2b: Palafin\n|-damage|p1a: Corviknight|40\/100|[from] Recoil\n|\n|-heal|p2a: Corviknight|57\/100|[from] item: Leftovers\n|upkeep\n|\n|t:|1682126652\n|switch|p2b: Tyranitar|Tyranitar, L50, F|100\/100\n|-weather|Sandstorm|[from] ability: Sand Stream|[of] p2b: Tyranitar\n|turn|10\n|\n|t:|1682126668\n|move|p1b: Chi-Yu|Overheat|p2b: Tyranitar\n|-resisted|p2b: Tyranitar\n|-damage|p2b: Tyranitar|84\/100\n|-unboost|p1b: Chi-Yu|spa|2\n|move|p2a: Corviknight|Brave Bird|p1a: Corviknight\n|-resisted|p1a: Corviknight\n|-damage|p1a: Corviknight|29\/100\n|-damage|p2a: Corviknight|54\/100|[from] Recoil\n|move|p1a: Corviknight|Roost|p1a: Corviknight\n|-heal|p1a: Corviknight|80\/100\n|-singleturn|p1a: Corviknight|move: Roost\n|move|p2b: Tyranitar|Rock Slide|p1a: Corviknight|[spread] p1a,p1b\n|-resisted|p1a: Corviknight\n|-supereffective|p1b: Chi-Yu\n|-damage|p1a: Corviknight|72\/100\n|-damage|p1b: Chi-Yu|0 fnt\n|faint|p1b: Chi-Yu\n|\n|-weather|Sandstorm|[upkeep]\n|-damage|p2a: Corviknight|48\/100|[from] Sandstorm\n|-heal|p2a: Corviknight|54\/100|[from] item: Leftovers\n|upkeep\n|turn|11\n|inactive|PR0J3CT Nub has 30 seconds left.\n|\n|t:|1682126695\n|move|p2a: Corviknight|Roost|p2a: Corviknight\n|-heal|p2a: Corviknight|100\/100\n|move|p1a: Corviknight|Bulk Up|p1a: Corviknight\n|-boost|p1a: Corviknight|atk|1\n|-boost|p1a: Corviknight|def|1\n|move|p2b: Tyranitar|Rock Slide|p1a: Corviknight\n|-crit|p1a: Corviknight\n|-damage|p1a: Corviknight|30\/100\n|\n|-weather|Sandstorm|[upkeep]\n|-damage|p2a: Corviknight|95\/100|[from] Sandstorm\n|-heal|p2a: Corviknight|100\/100|[from] item: Leftovers\n|upkeep\n|turn|12\n|\n|t:|1682126710\n|move|p2a: Corviknight|Brave Bird|p1a: Corviknight\n|-resisted|p1a: Corviknight\n|-damage|p1a: Corviknight|22\/100\n|-damage|p2a: Corviknight|98\/100|[from] Recoil\n|move|p1a: Corviknight|Roost|p1a: Corviknight\n|-heal|p1a: Corviknight|73\/100\n|-singleturn|p1a: Corviknight|move: Roost\n|move|p2b: Tyranitar|Rock Slide|p1a: Corviknight\n|-resisted|p1a: Corviknight\n|-damage|p1a: Corviknight|65\/100\n|\n|-weather|Sandstorm|[upkeep]\n|-damage|p2a: Corviknight|92\/100|[from] Sandstorm\n|-heal|p2a: Corviknight|98\/100|[from] item: Leftovers\n|upkeep\n|turn|13\n|\n|t:|1682126734\n|move|p2a: Corviknight|Brave Bird|p1a: Corviknight\n|-resisted|p1a: Corviknight\n|-damage|p1a: Corviknight|58\/100\n|-damage|p2a: Corviknight|96\/100|[from] Recoil\n|move|p1a: Corviknight|Roost|p1a: Corviknight\n|-heal|p1a: Corviknight|100\/100\n|-singleturn|p1a: Corviknight|move: Roost\n|move|p2b: Tyranitar|Crunch|p1a: Corviknight\n|-damage|p1a: Corviknight|84\/100\n|\n|-weather|Sandstorm|[upkeep]\n|-damage|p2a: Corviknight|90\/100|[from] Sandstorm\n|-heal|p2a: Corviknight|96\/100|[from] item: Leftovers\n|upkeep\n|turn|14\n|\n|t:|1682126755\n|move|p2a: Corviknight|Iron Head|p1a: Corviknight\n|-resisted|p1a: Corviknight\n|-damage|p1a: Corviknight|79\/100\n|move|p1a: Corviknight|Bulk Up|p1a: Corviknight\n|-boost|p1a: Corviknight|atk|1\n|-boost|p1a: Corviknight|def|1\n|move|p2b: Tyranitar|Crunch|p1a: Corviknight\n|-damage|p1a: Corviknight|65\/100\n|\n|-weather|none\n|-heal|p2a: Corviknight|100\/100|[from] item: Leftovers\n|upkeep\n|turn|15\n|\n|t:|1682126773\n|move|p2a: Corviknight|Iron Head|p1a: Corviknight\n|-resisted|p1a: Corviknight\n|-damage|p1a: Corviknight|61\/100\n|move|p1a: Corviknight|Roost|p1a: Corviknight\n|-heal|p1a: Corviknight|100\/100\n|-singleturn|p1a: Corviknight|move: Roost\n|move|p2b: Tyranitar|Crunch|p1a: Corviknight\n|-damage|p1a: Corviknight|87\/100\n|\n|upkeep\n|turn|16\n|inactive|The Penguinari has 30 seconds left.\n|\n|t:|1682126799\n|move|p2a: Corviknight|Iron Head|p1a: Corviknight\n|-resisted|p1a: Corviknight\n|-damage|p1a: Corviknight|82\/100\n|move|p1a: Corviknight|Bulk Up|p1a: Corviknight\n|-boost|p1a: Corviknight|atk|1\n|-boost|p1a: Corviknight|def|1\n|move|p2b: Tyranitar|Crunch|p1a: Corviknight\n|-damage|p1a: Corviknight|72\/100\n|\n|upkeep\n|turn|17\n|\n|t:|1682126812\n|move|p2a: Corviknight|Brave Bird|p1a: Corviknight\n|-resisted|p1a: Corviknight\n|-damage|p1a: Corviknight|67\/100\n|-damage|p2a: Corviknight|99\/100|[from] Recoil\n|move|p1a: Corviknight|Roost|p1a: Corviknight\n|-heal|p1a: Corviknight|100\/100\n|-singleturn|p1a: Corviknight|move: Roost\n|move|p2b: Tyranitar|Low Kick|p1a: Corviknight\n|-supereffective|p1a: Corviknight\n|-damage|p1a: Corviknight|87\/100\n|\n|-heal|p2a: Corviknight|100\/100|[from] item: Leftovers\n|upkeep\n|turn|18\n|\n|t:|1682126829\n|move|p2a: Corviknight|Brave Bird|p1a: Corviknight\n|-resisted|p1a: Corviknight\n|-damage|p1a: Corviknight|81\/100\n|-damage|p2a: Corviknight|99\/100|[from] Recoil\n|move|p1a: Corviknight|Bulk Up|p1a: Corviknight\n|-boost|p1a: Corviknight|atk|1\n|-boost|p1a: Corviknight|def|1\n|move|p2b: Tyranitar|Tera Blast|p1a: Corviknight\n|-resisted|p1a: Corviknight\n|-damage|p1a: Corviknight|73\/100\n|\n|-heal|p2a: Corviknight|100\/100|[from] item: Leftovers\n|upkeep\n|turn|19\n|-message|PR0J3CT Nub forfeited.\n|\n|win|The Penguinari\n|raw|The Penguinari's rating: 1136 → 1156<\/strong> (+20 for winning)\n|raw|PR0J3CT Nub's rating: 1068 → 1052<\/strong> (-16 for losing)\n|l|\u2606PR0J3CT Nub\n","uploadtime":1682126846,"views":13,"p1id":"thepenguinari","p2id":"pr0j3ctnub","formatid":"gen9vgc2023regulationc","rating":1052,"private":0,"password":""}