{"id":"gen9vgc2023regulationc-1853128108","p1":"jotapeloafrutado","p2":"Myst9th","format":"[Gen 9] VGC 2023 Regulation C","log":"|j|\u2606jotapeloafrutado\n|j|\u2606Myst9th\n|t:|1682638553\n|gametype|doubles\n|player|p1|jotapeloafrutado|hiker-gen4|1046\n|player|p2|Myst9th|rocketgrunt|1023\n|teamsize|p1|6\n|teamsize|p2|6\n|gen|9\n|tier|[Gen 9] VGC 2023 Regulation C\n|rated|\n|rule|Species Clause: Limit one of each Pok\u00e9mon\n|rule|Item Clause: Limit one of each item\n|clearpoke\n|poke|p1|Ting-Lu, L50|\n|poke|p1|Amoonguss, L50, F|\n|poke|p1|Garganacl, L50, M|\n|poke|p1|Arcanine, L50, F|\n|poke|p1|Roaring Moon, L50|\n|poke|p1|Iron Bundle, L50|\n|poke|p2|Ting-Lu, L50|\n|poke|p2|Amoonguss, L50, F|\n|poke|p2|Flutter Mane, L50|\n|poke|p2|Arcanine, L50, F|\n|poke|p2|Palafin, L50, F|\n|poke|p2|Iron Bundle, L50|\n|teampreview|4\nMyst9th rejected open team sheets.\n|inactive|Battle timer is ON: inactive players will automatically lose when time's up. (requested by Myst9th)\n|inactive|jotapeloafrutado also wants the timer to be on.\n|\n|t:|1682638577\n|start\n|switch|p1a: Garganacl|Garganacl, L50, M|100\/100\n|switch|p1b: Arcanine|Arcanine, L50, F|100\/100\n|switch|p2a: yep|Ting-Lu, L50|100\/100\n|switch|p2b: Amoonguss|Amoonguss, L50, F|100\/100\n|-ability|p1b: Arcanine|Intimidate|boost\n|-unboost|p2a: yep|atk|1\n|-unboost|p2b: Amoonguss|atk|1\n|-ability|p2a: yep|Vessel of Ruin\n|turn|1\n|inactive|jotapeloafrutado has 30 seconds left.\n|\n|t:|1682638604\n|switch|p1b: Amoonguss|Amoonguss, L50, F|100\/100\n|-terastallize|p1a: Garganacl|Ghost\n|move|p2b: Amoonguss|Rage Powder|p2b: Amoonguss\n|-singleturn|p2b: Amoonguss|move: Rage Powder\n|move|p2a: yep|Fissure|p1b: Amoonguss\n|-damage|p1b: Amoonguss|0 fnt\n|faint|p1b: Amoonguss\n|-ohko\n|move|p1a: Garganacl|Salt Cure|p2b: Amoonguss\n|-damage|p2b: Amoonguss|88\/100\n|-start|p2b: Amoonguss|Salt Cure\n|\n|-heal|p2b: Amoonguss|94\/100|[from] item: Black Sludge\n|-damage|p2b: Amoonguss|82\/100|[from] Salt Cure\n|upkeep\n|c|\u2606jotapeloafrutado|lame as fuck\n|\n|t:|1682638628\n|switch|p1b: Ting-Lu|Ting-Lu, L50|100\/100\n|-ability|p1b: Ting-Lu|Vessel of Ruin\n|turn|2\n|\n|t:|1682638641\n|move|p2b: Amoonguss|Rage Powder|p2b: Amoonguss\n|-singleturn|p2b: Amoonguss|move: Rage Powder\n|move|p1b: Ting-Lu|Heavy Slam|p2b: Amoonguss\n|-damage|p2b: Amoonguss|53\/100\n|move|p2a: yep|Fissure|p1a: Garganacl|[miss]\n|-miss|p2a: yep|p1a: Garganacl\n|move|p1a: Garganacl|Salt Cure|p2b: Amoonguss\n|-damage|p2b: Amoonguss|41\/100\n|\n|-heal|p2b: Amoonguss|47\/100|[from] item: Black Sludge\n|-damage|p2b: Amoonguss|34\/100|[from] Salt Cure\n|upkeep\n|turn|3\n|\n|t:|1682638664\n|move|p2b: Amoonguss|Rage Powder|p2b: Amoonguss\n|-singleturn|p2b: Amoonguss|move: Rage Powder\n|move|p1b: Ting-Lu|Heavy Slam|p2b: Amoonguss\n|-damage|p2b: Amoonguss|1\/100\n|move|p2a: yep|Fissure|p1a: Garganacl|[miss]\n|-miss|p2a: yep|p1a: Garganacl\n|move|p1a: Garganacl|Stealth Rock|p2a: yep\n|-sidestart|p2: Myst9th|move: Stealth Rock\n|\n|-heal|p2b: Amoonguss|7\/100|[from] item: Black Sludge\n|-damage|p2b: Amoonguss|0 fnt|[from] Salt Cure\n|faint|p2b: Amoonguss\n|upkeep\n|\n|t:|1682638679\n|switch|p2b: Flutter Mane|Flutter Mane, L50|100\/100\n|-damage|p2b: Flutter Mane|88\/100|[from] Stealth Rock\n|-enditem|p2b: Flutter Mane|Booster Energy\n|-activate|p2b: Flutter Mane|ability: Protosynthesis|[fromitem]\n|-start|p2b: Flutter Mane|protosynthesisspa\n|turn|4\n|\n|t:|1682638692\n|move|p2b: Flutter Mane|Shadow Ball|p1a: Garganacl\n|-supereffective|p1a: Garganacl\n|-damage|p1a: Garganacl|72\/100\n|-unboost|p1a: Garganacl|spd|1\n|move|p1b: Ting-Lu|Heavy Slam|p2b: Flutter Mane\n|-supereffective|p2b: Flutter Mane\n|-damage|p2b: Flutter Mane|0 fnt\n|faint|p2b: Flutter Mane\n|-end|p2b: Flutter Mane|Protosynthesis|[silent]\n|move|p2a: yep|Fissure|p1b: Ting-Lu|[miss]\n|-miss|p2a: yep|p1b: Ting-Lu\n|move|p1a: Garganacl|Salt Cure|p2a: yep\n|-resisted|p2a: yep\n|-damage|p2a: yep|97\/100\n|-start|p2a: yep|Salt Cure\n|\n|-heal|p1a: Garganacl|77\/100|[from] item: Leftovers\n|-damage|p2a: yep|84\/100|[from] Salt Cure\n|upkeep\n|\n|t:|1682638703\n|switch|p2b: Iron Bundle|Iron Bundle, L50|100\/100\n|-damage|p2b: Iron Bundle|75\/100|[from] Stealth Rock\n|turn|5\n|\n|t:|1682638722\n|move|p2b: Iron Bundle|Freeze-Dry|p1b: Ting-Lu\n|-supereffective|p1b: Ting-Lu\n|-damage|p1b: Ting-Lu|73\/100\n|move|p1b: Ting-Lu|Ruination|p2a: yep\n|-damage|p2a: yep|42\/100\n|move|p2a: yep|Fissure|p1a: Garganacl\n|-damage|p1a: Garganacl|0 fnt\n|faint|p1a: Garganacl\n|-ohko\n|\n|-damage|p2a: yep|30\/100|[from] Salt Cure\n|upkeep\n|\n|t:|1682638734\n|switch|p1a: Arcanine|Arcanine, L50, F|100\/100\n|-ability|p1a: Arcanine|Intimidate|boost\n|-unboost|p2a: yep|atk|1\n|-unboost|p2b: Iron Bundle|atk|1\n|turn|6\n|\n|t:|1682638748\n|move|p2b: Iron Bundle|Hydro Pump|p1a: Arcanine\n|-supereffective|p1a: Arcanine\n|-damage|p1a: Arcanine|2\/100\n|-enditem|p1a: Arcanine|Iapapa Berry|[eat]\n|-heal|p1a: Arcanine|35\/100|[from] item: Iapapa Berry\n|move|p1a: Arcanine|Flare Blitz|p2b: Iron Bundle\n|-damage|p2b: Iron Bundle|14\/100\n|-damage|p1a: Arcanine|21\/100|[from] Recoil\n|move|p1b: Ting-Lu|Stomping Tantrum|p2a: yep\n|-damage|p2a: yep|13\/100\n|move|p2a: yep|Fissure|p1b: Ting-Lu|[miss]\n|-miss|p2a: yep|p1b: Ting-Lu\n|\n|-damage|p2a: yep|1\/100|[from] Salt Cure\n|upkeep\n|turn|7\n|\n|t:|1682638770\n|move|p1a: Arcanine|Extreme Speed|p2b: Iron Bundle\n|-damage|p2b: Iron Bundle|0 fnt\n|faint|p2b: Iron Bundle\n|-end|p2b: Iron Bundle|Quark Drive|[silent]\n|move|p1b: Ting-Lu|Stomping Tantrum|p2a: yep\n|-damage|p2a: yep|0 fnt\n|faint|p2a: yep\n|\n|win|jotapeloafrutado\n|raw|jotapeloafrutado's rating: 1046 → 1077<\/strong> (+31 for winning)\n|raw|Myst9th's rating: 1023 → 1010<\/strong> (-13 for losing)\n","uploadtime":1682638620,"views":7,"p1id":"jotapeloafrutado","p2id":"myst9th","formatid":"gen9vgc2023regulationc","rating":1010,"private":0,"password":""}