{"id":"gen9vgc2023regulationc-1858620806","p1":"arcaninesrules","p2":"Thicc Juicy Boi","format":"[Gen 9] VGC 2023 Regulation C","log":"|j|\u2606arcaninesrules\n|j|\u2606Thicc Juicy Boi\n|t:|1683333348\n|gametype|doubles\n|player|p1|arcaninesrules|266|1147\n|player|p2|Thicc Juicy Boi|rood|1243\n|teamsize|p1|6\n|teamsize|p2|6\n|gen|9\n|tier|[Gen 9] VGC 2023 Regulation C\n|rated|\n|rule|Species Clause: Limit one of each Pok\u00e9mon\n|rule|Item Clause: Limit one of each item\n|clearpoke\n|poke|p1|Chi-Yu, L50|\n|poke|p1|Flutter Mane, L50|\n|poke|p1|Chien-Pao, L50|\n|poke|p1|Gyarados, L50, M|\n|poke|p1|Amoonguss, L50, M|\n|poke|p1|Iron Hands, L50|\n|poke|p2|Annihilape, L50, F|\n|poke|p2|Maushold-Four, L50|\n|poke|p2|Tatsugiri, L50, F|\n|poke|p2|Dondozo, L50, M|\n|poke|p2|Flutter Mane, L50|\n|poke|p2|Iron Bundle, L50|\n|teampreview|4\narcaninesrules has agreed to open team sheets.\n|inactive|Battle timer is ON: inactive players will automatically lose when time's up. (requested by arcaninesrules)\n|\n|t:|1683333373\n|start\n|switch|p1a: Iron Hands|Iron Hands, L50|100\/100\n|switch|p1b: Amoonguss|Amoonguss, L50, M|100\/100\n|switch|p2a: Annihilape|Annihilape, L50, F|100\/100\n|switch|p2b: Maushold|Maushold-Four, L50|100\/100\n|turn|1\n|\n|t:|1683333385\n|move|p1a: Iron Hands|Fake Out|p2b: Maushold\n|-damage|p2b: Maushold|78\/100\n|move|p2a: Annihilape|Final Gambit|p1a: Iron Hands\n|-damage|p1a: Iron Hands|14\/100\n|faint|p2a: Annihilape\n|cant|p2b: Maushold|flinch\n|move|p1b: Amoonguss|Spore|p2b: Maushold\n|-status|p2b: Maushold|slp|[from] move: Spore\n|\n|upkeep\n|\n|t:|1683333399\n|switch|p2a: Dondozo|Dondozo, L50, M|100\/100\n|turn|2\n|\n|t:|1683333410\n|-terastallize|p1b: Amoonguss|Water\n|cant|p2b: Maushold|slp\n|move|p1a: Iron Hands|Volt Switch|p2a: Dondozo\n|-supereffective|p2a: Dondozo\n|-damage|p2a: Dondozo|76\/100\n|\n|t:|1683333415\n|-end|p1a: Iron Hands|Quark Drive|[silent]\n|switch|p1a: Flutter Mane|Flutter Mane, L50|100\/100|[from] Volt Switch\n|-enditem|p1a: Flutter Mane|Booster Energy\n|-activate|p1a: Flutter Mane|ability: Protosynthesis|[fromitem]\n|-start|p1a: Flutter Mane|protosynthesisspe\n|move|p2a: Dondozo|Substitute|p2a: Dondozo\n|-start|p2a: Dondozo|Substitute\n|-damage|p2a: Dondozo|51\/100\n|move|p1b: Amoonguss|Clear Smog|p2a: Dondozo\n|-activate|p2a: Dondozo|move: Substitute|[damage]\n|\n|-heal|p2a: Dondozo|57\/100|[from] item: Leftovers\n|upkeep\n|turn|3\n|\n|t:|1683333444\n|switch|p2b: Tatsugiri|Tatsugiri, L50, F|100\/100\n|-activate|p2b: Tatsugiri|ability: Commander|[of] p2a: Dondozo\n|-boost|p2a: Dondozo|atk|2\n|-boost|p2a: Dondozo|spa|2\n|-boost|p2a: Dondozo|spe|2\n|-boost|p2a: Dondozo|def|2\n|-boost|p2a: Dondozo|spd|2\n|move|p1b: Amoonguss|Rage Powder|p1b: Amoonguss\n|-singleturn|p1b: Amoonguss|move: Rage Powder\n|move|p1a: Flutter Mane|Thunderbolt|p2a: Dondozo\n|-supereffective|p2a: Dondozo\n|-end|p2a: Dondozo|Substitute\n|move|p2a: Dondozo|Earthquake|p1b: Amoonguss|[spread] p1a,p1b\n|-miss|p2a: Dondozo|p2b: Tatsugiri\n|-damage|p1a: Flutter Mane|19\/100\n|-damage|p1b: Amoonguss|66\/100\n|\n|-heal|p2a: Dondozo|63\/100|[from] item: Leftovers\n|-heal|p1b: Amoonguss|72\/100|[from] item: Leftovers\n|upkeep\n|turn|4\n|inactive|Thicc Juicy Boi has 30 seconds left.\n|\n|t:|1683333473\n|-terastallize|p2a: Dondozo|Steel\n|move|p1a: Flutter Mane|Protect|p1a: Flutter Mane\n|-singleturn|p1a: Flutter Mane|Protect\n|move|p2a: Dondozo|Earthquake|p1a: Flutter Mane|[spread] p1b\n|-miss|p2a: Dondozo|p2b: Tatsugiri\n|-activate|p1a: Flutter Mane|move: Protect\n|-damage|p1b: Amoonguss|35\/100\n|move|p1b: Amoonguss|Clear Smog|p2a: Dondozo\n|-immune|p2a: Dondozo\n|\n|-heal|p2a: Dondozo|70\/100|[from] item: Leftovers\n|-heal|p1b: Amoonguss|41\/100|[from] item: Leftovers\n|upkeep\n|turn|5\n|\n|t:|1683333488\n|move|p1a: Flutter Mane|Shadow Ball|p2a: Dondozo\n|-damage|p2a: Dondozo|52\/100\n|move|p2a: Dondozo|Earthquake|p1b: Amoonguss|[spread] p1a,p1b\n|-miss|p2a: Dondozo|p2b: Tatsugiri\n|-damage|p1a: Flutter Mane|0 fnt\n|-damage|p1b: Amoonguss|5\/100\n|faint|p1a: Flutter Mane\n|-end|p1a: Flutter Mane|Protosynthesis|[silent]\n|move|p1b: Amoonguss|Spore|p2a: Dondozo\n|-status|p2a: Dondozo|slp|[from] move: Spore\n|\n|-heal|p2a: Dondozo|58\/100 slp|[from] item: Leftovers\n|-heal|p1b: Amoonguss|11\/100|[from] item: Leftovers\n|upkeep\n|\n|t:|1683333495\n|switch|p1a: Chi-Yu|Chi-Yu, L50|100\/100\n|-ability|p1a: Chi-Yu|Beads of Ruin\n|turn|6\n|\n|t:|1683333502\n|cant|p2a: Dondozo|slp\n|move|p1a: Chi-Yu|Heat Wave|p2a: Dondozo|[spread] p2a\n|-miss|p1a: Chi-Yu|p2b: Tatsugiri\n|-supereffective|p2a: Dondozo\n|-damage|p2a: Dondozo|0 fnt\n|faint|p2a: Dondozo\n|-damage|p1a: Chi-Yu|90\/100|[from] item: Life Orb\n|move|p1b: Amoonguss|Spore|p2b: Tatsugiri\n|-status|p2b: Tatsugiri|slp|[from] move: Spore\n|\n|-heal|p1b: Amoonguss|17\/100|[from] item: Leftovers\n|upkeep\n|\n|t:|1683333509\n|switch|p2a: Maushold|Maushold-Four, L50|78\/100 slp\n|turn|7\n|\n|t:|1683333518\n|switch|p1b: Iron Hands|Iron Hands, L50|14\/100\n|cant|p2a: Maushold|slp\n|move|p1a: Chi-Yu|Dark Pulse|p2a: Maushold\n|-damage|p2a: Maushold|0 fnt\n|faint|p2a: Maushold\n|-damage|p1a: Chi-Yu|80\/100|[from] item: Life Orb\n|cant|p2b: Tatsugiri|slp\n|\n|upkeep\n|turn|8\n|\n|t:|1683333529\n|move|p1b: Iron Hands|Fake Out|p2b: Tatsugiri\n|-damage|p2b: Tatsugiri|75\/100 slp\n|move|p1a: Chi-Yu|Dark Pulse|p2b: Tatsugiri\n|-damage|p2b: Tatsugiri|0 fnt\n|faint|p2b: Tatsugiri\n|-damage|p1a: Chi-Yu|70\/100|[from] item: Life Orb\n|\n|win|arcaninesrules\n|raw|arcaninesrules's rating: 1147 → 1179<\/strong> (+32 for winning)\n|raw|Thicc Juicy Boi's rating: 1243 → 1211<\/strong> (-32 for losing)\n|l|\u2606Thicc Juicy Boi\n","uploadtime":1683335585,"views":9,"p1id":"arcaninesrules","p2id":"thiccjuicyboi","formatid":"gen9vgc2023regulationc","rating":1179,"private":0,"password":""}