{"id":"gen9vgc2023regulationc-1846891276","p1":"Spammm","p2":"Succetti97","format":"[Gen 9] VGC 2023 Regulation C","log":"|j|\u2606Spammm\n|j|\u2606Succetti97\n|t:|1681896758\n|gametype|doubles\n|player|p1|Spammm|ninjaboy|1327\n|player|p2|Succetti97|unknown|1243\n|teamsize|p1|6\n|teamsize|p2|6\n|gen|9\n|tier|[Gen 9] VGC 2023 Regulation C\n|rated|\n|rule|Species Clause: Limit one of each Pok\u00e9mon\n|rule|Item Clause: Limit one of each item\n|clearpoke\n|poke|p1|Iron Valiant, L50|\n|poke|p1|Iron Hands, L50|\n|poke|p1|Palafin, L50, M|\n|poke|p1|Pelipper, L50, F|\n|poke|p1|Tsareena, L50, F|\n|poke|p1|Chien-Pao, L50|\n|poke|p2|Palafin, L50, M|\n|poke|p2|Amoonguss, L50, M|\n|poke|p2|Iron Hands, L50|\n|poke|p2|Chien-Pao, L50|\n|poke|p2|Flutter Mane, L50|\n|poke|p2|Chi-Yu, L50|\n|teampreview|4\n|\n|t:|1681896797\n|start\n|switch|p1a: Iron Mike|Iron Hands, L50|100\/100\n|switch|p1b: Thuperman|Palafin, L50, M|100\/100\n|switch|p2a: Palafin|Palafin, L50, M|100\/100\n|switch|p2b: Chi-Yu|Chi-Yu, L50|100\/100\n|-ability|p2b: Chi-Yu|Beads of Ruin\n|turn|1\n|\n|t:|1681896826\n|detailschange|p1b: Thuperman|Palafin-Hero, L50, M\n|switch|p1b: Wet Wet|Pelipper, L50, F|100\/100\n|-weather|RainDance|[from] ability: Drizzle|[of] p1b: Wet Wet\n|detailschange|p2a: Palafin|Palafin-Hero, L50, M\n|switch|p2a: Flutter Mane|Flutter Mane, L50|100\/100\n|-enditem|p2a: Flutter Mane|Booster Energy\n|-activate|p2a: Flutter Mane|ability: Protosynthesis|[fromitem]\n|-start|p2a: Flutter Mane|protosynthesisspe\n|-terastallize|p1a: Iron Mike|Fire\n|move|p2b: Chi-Yu|Protect|p2b: Chi-Yu\n|-singleturn|p2b: Chi-Yu|Protect\n|move|p1a: Iron Mike|Fire Punch|p2a: Flutter Mane\n|-damage|p2a: Flutter Mane|50\/100\n|\n|-weather|RainDance|[upkeep]\n|upkeep\n|turn|2\n|\n|t:|1681896854\n|move|p2a: Flutter Mane|Thunderbolt|p1b: Wet Wet\n|-supereffective|p1b: Wet Wet\n|-damage|p1b: Wet Wet|0 fnt\n|faint|p1b: Wet Wet\n|move|p2b: Chi-Yu|Dark Pulse|p1a: Iron Mike\n|-damage|p1a: Iron Mike|57\/100\n|-damage|p2b: Chi-Yu|90\/100|[from] item: Life Orb\n|move|p1a: Iron Mike|Drain Punch|p2b: Chi-Yu\n|-supereffective|p2b: Chi-Yu\n|-damage|p2b: Chi-Yu|0 fnt\n|-heal|p1a: Iron Mike|82\/100|[from] drain|[of] p2b: Chi-Yu\n|faint|p2b: Chi-Yu\n|\n|-weather|RainDance|[upkeep]\n|upkeep\n|\n|t:|1681896865\n|switch|p2b: Palafin|Palafin-Hero, L50, M|100\/100\n|switch|p1b: Thuperman|Palafin-Hero, L50, M|100\/100\n|-activate|p1b: Thuperman|ability: Zero to Hero\n|-activate|p2b: Palafin|ability: Zero to Hero\n|turn|3\n|\n|t:|1681896884\n|-end|p1a: Iron Mike|Quark Drive|[silent]\n|switch|p1a: Thotiana|Tsareena, L50, F|100\/100\n|move|p1b: Thuperman|Jet Punch|p2a: Flutter Mane\n|-damage|p2a: Flutter Mane|0 fnt\n|faint|p2a: Flutter Mane\n|-end|p2a: Flutter Mane|Protosynthesis|[silent]\n|move|p2b: Palafin|Wave Crash|p1a: Thotiana\n|-resisted|p1a: Thotiana\n|-damage|p1a: Thotiana|35\/100\n|-damage|p2b: Palafin|82\/100|[from] Recoil\n|\n|-weather|RainDance|[upkeep]\n|upkeep\n|\n|t:|1681896889\n|switch|p2a: Amoonguss|Amoonguss, L50, M|100\/100\n|turn|4\n|\n|t:|1681896901\n|move|p2b: Palafin|Protect|p2b: Palafin\n|-singleturn|p2b: Palafin|Protect\n|move|p1a: Thotiana|Protect|p1a: Thotiana\n|-singleturn|p1a: Thotiana|Protect\n|move|p1b: Thuperman|Bulk Up|p1b: Thuperman\n|-boost|p1b: Thuperman|atk|1\n|-boost|p1b: Thuperman|def|1\n|move|p2a: Amoonguss|Pollen Puff|p1a: Thotiana\n|-activate|p1a: Thotiana|move: Protect\n|\n|-weather|RainDance|[upkeep]\n|upkeep\n|turn|5\n|\n|t:|1681896933\n|move|p1b: Thuperman|Bulk Up|p1b: Thuperman\n|-boost|p1b: Thuperman|atk|1\n|-boost|p1b: Thuperman|def|1\n|move|p2b: Palafin|Wave Crash|p1a: Thotiana\n|-resisted|p1a: Thotiana\n|-damage|p1a: Thotiana|0 fnt\n|faint|p1a: Thotiana\n|-damage|p2b: Palafin|72\/100|[from] Recoil\n|move|p2a: Amoonguss|Pollen Puff|p2b: Palafin\n|-heal|p2b: Palafin|100\/100\n|\n|-weather|RainDance|[upkeep]\n|upkeep\n|\n|t:|1681896938\n|switch|p1a: Iron Mike|Iron Hands, L50, tera:Fire|82\/100\n|turn|6\n|\n|t:|1681896955\n|move|p1a: Iron Mike|Fake Out|p2b: Palafin\n|-damage|p2b: Palafin|86\/100\n|move|p1b: Thuperman|Wave Crash|p2a: Amoonguss\n|-resisted|p2a: Amoonguss\n|-damage|p2a: Amoonguss|19\/100\n|-enditem|p2a: Amoonguss|Sitrus Berry|[eat]\n|-heal|p2a: Amoonguss|44\/100|[from] item: Sitrus Berry\n|-damage|p1b: Thuperman|72\/100|[from] Recoil\n|cant|p2b: Palafin|flinch\n|move|p2a: Amoonguss|Spore|p1b: Thuperman\n|-activate|p1b: Thuperman|item: Safety Goggles|Spore\n|\n|-weather|RainDance|[upkeep]\n|upkeep\n|turn|7\n|\n|t:|1681896976\n|move|p2a: Amoonguss|Rage Powder|p2a: Amoonguss\n|-singleturn|p2a: Amoonguss|move: Rage Powder\n|move|p1b: Thuperman|Wave Crash|p2b: Palafin\n|-resisted|p2b: Palafin\n|-damage|p2b: Palafin|0 fnt\n|faint|p2b: Palafin\n|-damage|p1b: Thuperman|44\/100|[from] Recoil\n|move|p1a: Iron Mike|Thunder Punch|p2a: Amoonguss\n|-resisted|p2a: Amoonguss\n|-damage|p2a: Amoonguss|28\/100\n|\n|-weather|RainDance|[upkeep]\n|upkeep\n|turn|8\n|-message|Succetti97 forfeited.\n|\n|win|Spammm\n|raw|Spammm's rating: 1327 → 1342<\/strong> (+15 for winning)\n|raw|Succetti97's rating: 1243 → 1224<\/strong> (-19 for losing)\n|l|\u2606Succetti97\n|l|\u2606Spammm\n|j|\u2606Spammm\n|player|p1|Spammm|ninjaboy\n|l|\u2606Spammm\n|player|p1|\n|j|\u2606Spammm\n|player|p1|Spammm|ninjaboy\n","uploadtime":1681896996,"views":11,"p1id":"spammm","p2id":"succetti97","formatid":"gen9vgc2023regulationc","rating":1224,"private":0,"password":""}