{"id":"gen9vgc2023regulationc-1854085184","p1":"JFACKE","p2":"qiin5","format":"[Gen 9] VGC 2023 Regulation C","log":"|j|\u2606JFACKE\n|j|\u2606qiin5\n|t:|1682766567\n|gametype|doubles\n|player|p1|JFACKE|ethan|\n|player|p2|qiin5|policeman|\n|teamsize|p1|6\n|teamsize|p2|6\n|gen|9\n|tier|[Gen 9] VGC 2023 Regulation C\n|rule|Species Clause: Limit one of each Pok\u00e9mon\n|rule|Item Clause: Limit one of each item\n|clearpoke\n|poke|p1|Dondozo, L50, F|\n|poke|p1|Tatsugiri-Droopy, L50, F|\n|poke|p1|Abomasnow, L50, F|\n|poke|p1|Iron Bundle, L50|\n|poke|p1|Chien-Pao, L50|\n|poke|p1|Flutter Mane, L50|\n|poke|p2|Amoonguss, L50, F|\n|poke|p2|Arcanine, L50, M|\n|poke|p2|Palafin, L50, M|\n|poke|p2|Ting-Lu, L50|\n|poke|p2|Flutter Mane, L50|\n|poke|p2|Baxcalibur, L50, F|\n|teampreview|4\nqiin5 has agreed to open team sheets.\nJFACKE has agreed to open team sheets.\n|\n|t:|1682766662\n|start\n|switch|p1a: \u53cc\u51b0\u51bb|Abomasnow, L50, F, shiny|100\/100\n|switch|p1b: \u9e21\u54e5|Iron Bundle, L50, shiny|100\/100\n|switch|p2a: Ting-Lu|Ting-Lu, L50|100\/100\n|switch|p2b: Baxcalibur|Baxcalibur, L50, F|100\/100\n|-weather|Snow|[from] ability: Snow Warning|[of] p1a: \u53cc\u51b0\u51bb\n|-ability|p2a: Ting-Lu|Vessel of Ruin\n|-enditem|p1b: \u9e21\u54e5|Booster Energy\n|-activate|p1b: \u9e21\u54e5|ability: Quark Drive|[fromitem]\n|-start|p1b: \u9e21\u54e5|quarkdrivespe\n|turn|1\n|\n|t:|1682766694\n|-terastallize|p2a: Ting-Lu|Steel\n|move|p1b: \u9e21\u54e5|Protect|p1b: \u9e21\u54e5\n|-singleturn|p1b: \u9e21\u54e5|Protect\n|move|p2b: Baxcalibur|Glaive Rush|p1b: \u9e21\u54e5\n|-activate|p1b: \u9e21\u54e5|move: Protect\n|move|p1a: \u53cc\u51b0\u51bb|Blizzard|p2b: Baxcalibur|[spread] p2a,p2b\n|-resisted|p2a: Ting-Lu\n|-damage|p2a: Ting-Lu|95\/100\n|-damage|p2b: Baxcalibur|76\/100\n|move|p2a: Ting-Lu|Heavy Slam|p1b: \u9e21\u54e5\n|-activate|p1b: \u9e21\u54e5|move: Protect\n|\n|-weather|Snow|[upkeep]\n|upkeep\n|turn|2\n|\n|t:|1682766728\n|move|p2b: Baxcalibur|Protect|p2b: Baxcalibur\n|-singleturn|p2b: Baxcalibur|Protect\n|move|p1b: \u9e21\u54e5|Blizzard|p2b: Baxcalibur|[spread] p2a\n|-activate|p2b: Baxcalibur|move: Protect\n|-resisted|p2a: Ting-Lu\n|-damage|p2a: Ting-Lu|88\/100\n|move|p1a: \u53cc\u51b0\u51bb|Earth Power|p2a: Ting-Lu\n|-supereffective|p2a: Ting-Lu\n|-damage|p2a: Ting-Lu|72\/100\n|move|p2a: Ting-Lu|Ruination|p1b: \u9e21\u54e5\n|-damage|p1b: \u9e21\u54e5|51\/100\n|\n|-weather|Snow|[upkeep]\n|upkeep\n|turn|3\n|\n|t:|1682766752\n|move|p1b: \u9e21\u54e5|Protect|p1b: \u9e21\u54e5\n|-singleturn|p1b: \u9e21\u54e5|Protect\n|move|p2b: Baxcalibur|Icicle Crash|p1a: \u53cc\u51b0\u51bb\n|-damage|p1a: \u53cc\u51b0\u51bb|64\/100\n|cant|p1a: \u53cc\u51b0\u51bb|flinch\n|move|p2a: Ting-Lu|Heavy Slam|p1b: \u9e21\u54e5\n|-activate|p1b: \u9e21\u54e5|move: Protect\n|\n|-weather|Snow|[upkeep]\n|upkeep\n|turn|4\n|\n|t:|1682766768\n|move|p2b: Baxcalibur|Protect|p2b: Baxcalibur\n|-singleturn|p2b: Baxcalibur|Protect\n|move|p1b: \u9e21\u54e5|Hydro Pump|p2b: Baxcalibur\n|-activate|p2b: Baxcalibur|move: Protect\n|move|p1a: \u53cc\u51b0\u51bb|Giga Drain|p2b: Baxcalibur\n|-activate|p2b: Baxcalibur|move: Protect\n|move|p2a: Ting-Lu|Heavy Slam|p1b: \u9e21\u54e5\n|-damage|p1b: \u9e21\u54e5|17\/100\n|\n|-weather|Snow|[upkeep]\n|upkeep\n|turn|5\n|\n|t:|1682766782\n|move|p1b: \u9e21\u54e5|Hydro Pump|p2b: Baxcalibur\n|-resisted|p2b: Baxcalibur\n|-damage|p2b: Baxcalibur|59\/100\n|move|p2b: Baxcalibur|Icicle Crash|p1a: \u53cc\u51b0\u51bb\n|-damage|p1a: \u53cc\u51b0\u51bb|27\/100\n|move|p1a: \u53cc\u51b0\u51bb|Giga Drain|p2b: Baxcalibur\n|-resisted|p2b: Baxcalibur\n|-damage|p2b: Baxcalibur|47\/100\n|-heal|p1a: \u53cc\u51b0\u51bb|34\/100|[from] drain|[of] p2b: Baxcalibur\n|move|p2a: Ting-Lu|Heavy Slam|p1b: \u9e21\u54e5\n|-damage|p1b: \u9e21\u54e5|0 fnt\n|faint|p1b: \u9e21\u54e5\n|-end|p1b: \u9e21\u54e5|Quark Drive|[silent]\n|\n|-weather|none\n|upkeep\n|\n|t:|1682766792\n|switch|p1b: \u7b54\u8fa9|Dondozo, L50, F, shiny|100\/100\n|turn|6\n|\n|t:|1682766808\n|switch|p1a: \u4eb2\u5144\u5f1f|Tatsugiri-Droopy, L50, F, shiny|100\/100\n|-activate|p1a: \u4eb2\u5144\u5f1f|ability: Commander|[of] p1b: \u7b54\u8fa9\n|-boost|p1b: \u7b54\u8fa9|atk|2\n|-boost|p1b: \u7b54\u8fa9|spa|2\n|-boost|p1b: \u7b54\u8fa9|spe|2\n|-boost|p1b: \u7b54\u8fa9|def|2\n|-boost|p1b: \u7b54\u8fa9|spd|2\n|move|p2b: Baxcalibur|Protect|p2b: Baxcalibur\n|-singleturn|p2b: Baxcalibur|Protect\n|move|p1b: \u7b54\u8fa9|Earthquake|p2b: Baxcalibur|[spread] p2a\n|-miss|p1b: \u7b54\u8fa9|p1a: \u4eb2\u5144\u5f1f\n|-activate|p2b: Baxcalibur|move: Protect\n|-supereffective|p2a: Ting-Lu\n|-damage|p2a: Ting-Lu|23\/100\n|move|p2a: Ting-Lu|Ruination|p1b: \u7b54\u8fa9\n|-damage|p1b: \u7b54\u8fa9|51\/100\n|\n|upkeep\n|turn|7\n|\n|t:|1682766827\n|switch|p2b: Amoonguss|Amoonguss, L50, F|100\/100\n|move|p1b: \u7b54\u8fa9|Earthquake|p2a: Ting-Lu|[spread] p2a,p2b\n|-miss|p1b: \u7b54\u8fa9|p1a: \u4eb2\u5144\u5f1f\n|-supereffective|p2a: Ting-Lu\n|-damage|p2a: Ting-Lu|0 fnt\n|-damage|p2b: Amoonguss|61\/100\n|faint|p2a: Ting-Lu\n|\n|upkeep\n|\n|t:|1682766844\n|switch|p2a: Flutter Mane|Flutter Mane, L50|100\/100\n|turn|8\n|\n|t:|1682766866\n|switch|p2b: Baxcalibur|Baxcalibur, L50, F|47\/100\n|-terastallize|p1b: \u7b54\u8fa9|Fire\n|move|p2a: Flutter Mane|Shadow Ball|p1b: \u7b54\u8fa9\n|-damage|p1b: \u7b54\u8fa9|20\/100\n|move|p1b: \u7b54\u8fa9|Tera Blast|p2b: Baxcalibur\n|-damage|p2b: Baxcalibur|0 fnt\n|faint|p2b: Baxcalibur\n|\n|upkeep\n|\n|t:|1682766875\n|switch|p2b: Amoonguss|Amoonguss, L50, F|95\/100\n|turn|9\n|\n|t:|1682766883\n|move|p2a: Flutter Mane|Shadow Ball|p1b: \u7b54\u8fa9\n|-damage|p1b: \u7b54\u8fa9|0 fnt\n|faint|p1b: \u7b54\u8fa9\n|move|p2b: Amoonguss|Spore|p1a: \u4eb2\u5144\u5f1f\n|-status|p1a: \u4eb2\u5144\u5f1f|slp|[from] move: Spore\n|\n|upkeep\n|\n|t:|1682766886\n|switch|p1b: \u53cc\u51b0\u51bb|Abomasnow, L50, F, shiny|34\/100\n|-weather|Snow|[from] ability: Snow Warning|[of] p1b: \u53cc\u51b0\u51bb\n|turn|10\n|\n|t:|1682766903\n|cant|p1a: \u4eb2\u5144\u5f1f|slp\n|move|p2a: Flutter Mane|Shadow Ball|p1b: \u53cc\u51b0\u51bb\n|-damage|p1b: \u53cc\u51b0\u51bb|0 fnt\n|faint|p1b: \u53cc\u51b0\u51bb\n|move|p2b: Amoonguss|Pollen Puff|p1a: \u4eb2\u5144\u5f1f\n|-damage|p1a: \u4eb2\u5144\u5f1f|75\/100 slp\n|\n|-weather|Snow|[upkeep]\n|upkeep\n|turn|11\n|\n|t:|1682766912\n|cant|p1a: \u4eb2\u5144\u5f1f|slp\n|move|p2a: Flutter Mane|Shadow Ball|p1a: \u4eb2\u5144\u5f1f\n|-damage|p1a: \u4eb2\u5144\u5f1f|0 fnt\n|faint|p1a: \u4eb2\u5144\u5f1f\n|\n|win|qiin5\n","uploadtime":1682766917,"views":16,"p1id":"jfacke","p2id":"qiin5","formatid":"gen9vgc2023regulationc","rating":0,"private":0,"password":""}