{"id":"gen9vgc2023regulationc-1853174382","p1":"Hd70","p2":"fairynanbawan","format":"[Gen 9] VGC 2023 Regulation C","log":"|j|\u2606Hd70\n|j|\u2606fairynanbawan\n|t:|1682644329\n|gametype|doubles\n|player|p1|Hd70|266|1309\n|player|p2|fairynanbawan|skierf|1411\n|teamsize|p1|6\n|teamsize|p2|6\n|gen|9\n|tier|[Gen 9] VGC 2023 Regulation C\n|rated|\n|rule|Species Clause: Limit one of each Pok\u00e9mon\n|rule|Item Clause: Limit one of each item\n|clearpoke\n|poke|p1|Grafaiai, L50, F|\n|poke|p1|Flutter Mane, L50|\n|poke|p1|Scream Tail, L50|\n|poke|p1|Gothitelle, L50, M|\n|poke|p1|Ting-Lu, L50|\n|poke|p1|Salamence, L50, F|\n|poke|p2|Dachsbun, L50, F|\n|poke|p2|Chi-Yu, L50|\n|poke|p2|Flutter Mane, L50|\n|poke|p2|Gyarados, L50, M|\n|poke|p2|Amoonguss, L50, M|\n|poke|p2|Ting-Lu, L50|\n|teampreview|4\nfairynanbawan rejected open team sheets.\n|\n|t:|1682644386\n|start\n|switch|p1a: Grafaiai|Grafaiai, L50, F|100\/100\n|switch|p1b: Scream Tail|Scream Tail, L50|100\/100\n|switch|p2a: Hotdog|Chi-Yu, L50|100\/100\n|switch|p2b: Nikita|Flutter Mane, L50|100\/100\n|-ability|p2a: Hotdog|Beads of Ruin\n|-enditem|p2b: Nikita|Booster Energy\n|-activate|p2b: Nikita|ability: Protosynthesis|[fromitem]\n|-start|p2b: Nikita|protosynthesisspa\n|-enditem|p1b: Scream Tail|Booster Energy\n|-activate|p1b: Scream Tail|ability: Protosynthesis|[fromitem]\n|-start|p1b: Scream Tail|protosynthesisspe\n|turn|1\n|\n|t:|1682644425\n|move|p1a: Grafaiai|Protect|p1a: Grafaiai\n|-singleturn|p1a: Grafaiai|Protect\n|move|p1b: Scream Tail|Protect|p1b: Scream Tail\n|-singleturn|p1b: Scream Tail|Protect\n|move|p2a: Hotdog|Dark Pulse|p1a: Grafaiai\n|-activate|p1a: Grafaiai|move: Protect\n|move|p2b: Nikita|Moonblast|p1a: Grafaiai\n|-activate|p1a: Grafaiai|move: Protect\n|\n|upkeep\n|turn|2\n|\n|t:|1682644442\n|move|p1a: Grafaiai|Encore|p2b: Nikita\n|-start|p2b: Nikita|Encore\n|move|p1b: Scream Tail|Disable|p2b: Nikita\n|-start|p2b: Nikita|Disable|Moonblast\n|move|p2a: Hotdog|Dark Pulse|p1b: Scream Tail\n|-damage|p1b: Scream Tail|51\/100\n|cant|p2b: Nikita|Disable|Moonblast\n|\n|upkeep\n|turn|3\n|\n|t:|1682644455\n|switch|p2a: Scooby-Doo|Ting-Lu, L50|100\/100\n|-ability|p2a: Scooby-Doo|Vessel of Ruin\n|-end|p2b: Nikita|Protosynthesis|[silent]\n|switch|p2b: AirBud|Gyarados, L50, M|100\/100\n|-ability|p2b: AirBud|Intimidate|boost\n|-unboost|p1a: Grafaiai|atk|1\n|-unboost|p1b: Scream Tail|atk|1\n|move|p1a: Grafaiai|Parting Shot|p2b: AirBud\n|-unboost|p2b: AirBud|atk|1\n|-unboost|p2b: AirBud|spa|1\n|\n|t:|1682644465\n|switch|p1a: Gothitelle|Gothitelle, L50, M|100\/100|[from] Parting Shot\n|move|p1b: Scream Tail|Perish Song|p1b: Scream Tail\n|-start|p1a: Gothitelle|perish3|[silent]\n|-start|p1b: Scream Tail|perish3|[silent]\n|-start|p2a: Scooby-Doo|perish3|[silent]\n|-start|p2b: AirBud|perish3|[silent]\n|-fieldactivate|move: Perish Song\n|\n|-start|p1b: Scream Tail|perish3\n|-start|p2b: AirBud|perish3\n|-start|p1a: Gothitelle|perish3\n|-start|p2a: Scooby-Doo|perish3\n|upkeep\n|turn|4\n|\n|t:|1682644486\n|-end|p1b: Scream Tail|Protosynthesis|[silent]\n|switch|p1b: Grafaiai|Grafaiai, L50, F|100\/100\n|-terastallize|p2b: AirBud|Steel\n|move|p1a: Gothitelle|Fake Out|p2a: Scooby-Doo\n|-damage|p2a: Scooby-Doo|97\/100\n|move|p2b: AirBud|Iron Head|p1b: Grafaiai\n|-damage|p1b: Grafaiai|56\/100\n|cant|p2a: Scooby-Doo|flinch\n|\n|-start|p2b: AirBud|perish2\n|-start|p1a: Gothitelle|perish2\n|-start|p2a: Scooby-Doo|perish2\n|upkeep\n|turn|5\n|\n|t:|1682644502\n|move|p1b: Grafaiai|Protect|p1b: Grafaiai\n|-singleturn|p1b: Grafaiai|Protect\n|move|p1a: Gothitelle|Protect|p1a: Gothitelle\n|-singleturn|p1a: Gothitelle|Protect\n|move|p2b: AirBud|Iron Head|p1b: Grafaiai\n|-activate|p1b: Grafaiai|move: Protect\n|move|p2a: Scooby-Doo|Stomping Tantrum|p1b: Grafaiai\n|-activate|p1b: Grafaiai|move: Protect\n|\n|-start|p2b: AirBud|perish1\n|-start|p1a: Gothitelle|perish1\n|-start|p2a: Scooby-Doo|perish1\n|upkeep\n|turn|6\n|\n|t:|1682644521\n|switch|p1a: Scream Tail|Scream Tail, L50|51\/100\n|move|p1b: Grafaiai|Parting Shot|p2b: AirBud\n|-unboost|p2b: AirBud|atk|1\n|-unboost|p2b: AirBud|spa|1\n|\n|t:|1682644526\n|switch|p1b: Gothitelle|Gothitelle, L50, M|100\/100|[from] Parting Shot\n|move|p2b: AirBud|Iron Head|p1a: Scream Tail\n|-supereffective|p1a: Scream Tail\n|-damage|p1a: Scream Tail|17\/100\n|move|p2a: Scooby-Doo|Stomping Tantrum|p1b: Gothitelle\n|-damage|p1b: Gothitelle|66\/100\n|\n|-heal|p1b: Gothitelle|72\/100|[from] item: Leftovers\n|-start|p2b: AirBud|perish0\n|-start|p2a: Scooby-Doo|perish0\n|upkeep\n|faint|p2b: AirBud\n|faint|p2a: Scooby-Doo\n|\n|t:|1682644533\n|switch|p2b: Hotdog|Chi-Yu, L50|100\/100\n|switch|p2a: Nikita|Flutter Mane, L50|100\/100\n|-ability|p2b: Hotdog|Beads of Ruin\n|turn|7\n|\n|t:|1682644572\n|move|p1b: Gothitelle|Fake Out|p2b: Hotdog\n|-damage|p2b: Hotdog|91\/100\n|cant|p2b: Hotdog|flinch\n|move|p2a: Nikita|Shadow Ball|p1b: Gothitelle\n|-supereffective|p1b: Gothitelle\n|-damage|p1b: Gothitelle|0 fnt\n|faint|p1b: Gothitelle\n|move|p1a: Scream Tail|Perish Song|p1a: Scream Tail\n|-start|p1a: Scream Tail|perish3|[silent]\n|-start|p2a: Nikita|perish3|[silent]\n|-start|p2b: Hotdog|perish3|[silent]\n|-fieldactivate|move: Perish Song\n|\n|-start|p2b: Hotdog|perish3\n|-start|p2a: Nikita|perish3\n|-start|p1a: Scream Tail|perish3\n|upkeep\n|\n|t:|1682644586\n|switch|p1b: Ting-Lu|Ting-Lu, L50|100\/100\n|-ability|p1b: Ting-Lu|Vessel of Ruin\n|turn|8\n|\n|t:|1682644611\n|move|p1a: Scream Tail|Protect|p1a: Scream Tail\n|-singleturn|p1a: Scream Tail|Protect\n|move|p1b: Ting-Lu|Protect|p1b: Ting-Lu\n|-singleturn|p1b: Ting-Lu|Protect\n|move|p2b: Hotdog|Heat Wave|p1b: Ting-Lu|[spread] \n|-activate|p1a: Scream Tail|move: Protect\n|-activate|p1b: Ting-Lu|move: Protect\n|move|p2a: Nikita|Moonblast|p1b: Ting-Lu\n|-activate|p1b: Ting-Lu|move: Protect\n|\n|-start|p2b: Hotdog|perish2\n|-start|p2a: Nikita|perish2\n|-start|p1a: Scream Tail|perish2\n|upkeep\n|turn|9\n|-message|fairynanbawan forfeited.\n|\n|win|Hd70\n|raw|Hd70's rating: 1309 → 1335<\/strong> (+26 for winning)\n|raw|fairynanbawan's rating: 1411 → 1385<\/strong> (-26 for losing)\n|l|\u2606Hd70\n|c|\u2606fairynanbawan|hm\n","uploadtime":1682644915,"views":17,"p1id":"hd70","p2id":"fairynanbawan","formatid":"gen9vgc2023regulationc","rating":1335,"private":0,"password":""}