{"id":"gen9vgc2023regulationc-1851172127","p1":"birIkiUc","p2":"doedel1104","format":"[Gen 9] VGC 2023 Regulation C","log":"|j|\u2606birIkiUc\n|j|\u2606doedel1104\n|t:|1682420623\n|gametype|doubles\n|player|p1|birIkiUc|bugcatcher-gen4dp|1102\n|player|p2|doedel1104|265|1150\n|teamsize|p1|6\n|teamsize|p2|6\n|gen|9\n|tier|[Gen 9] VGC 2023 Regulation C\n|rated|\n|rule|Species Clause: Limit one of each Pok\u00e9mon\n|rule|Item Clause: Limit one of each item\n|clearpoke\n|poke|p1|Baxcalibur, L50, M|\n|poke|p1|Amoonguss, L50, F|\n|poke|p1|Ting-Lu, L50|\n|poke|p1|Arcanine, L50, M|\n|poke|p1|Palafin, L50, M|\n|poke|p1|Flutter Mane, L50|\n|poke|p2|Indeedee-F, L50, F|\n|poke|p2|Armarouge, L50, F|\n|poke|p2|Torkoal, L50, M|\n|poke|p2|Hatterene, L50, F|\n|poke|p2|Kingambit, L50, M|\n|poke|p2|Annihilape, L50, M|\n|teampreview|4\n|inactive|Battle timer is ON: inactive players will automatically lose when time's up. (requested by birIkiUc)\n|inactive|doedel1104 also wants the timer to be on.\ndoedel1104 rejected open team sheets.\n|c|\u2606doedel1104|Gl hf \u2764\ufe0f\n|\n|t:|1682420652\n|start\n|switch|p1a: Flutter Mane|Flutter Mane, L50|100\/100\n|switch|p1b: Palafin|Palafin, L50, M|100\/100\n|switch|p2a: Indeedee|Indeedee-F, L50, F|100\/100\n|switch|p2b: Armarouge|Armarouge, L50, F|100\/100\n|-fieldstart|move: Psychic Terrain|[from] ability: Psychic Surge|[of] p2a: Indeedee\n|-enditem|p2a: Indeedee|Psychic Seed\n|-boost|p2a: Indeedee|spd|1|[from] item: Psychic Seed\n|turn|1\n|inactive|birIkiUc has 30 seconds left.\n|inactive|doedel1104 has 30 seconds left.\n|\n|t:|1682420683\n|-terastallize|p2a: Indeedee|Grass\n|move|p2a: Indeedee|Follow Me|p2a: Indeedee\n|-singleturn|p2a: Indeedee|move: Follow Me\n|move|p1a: Flutter Mane|Shadow Ball|p2a: Indeedee\n|-damage|p2a: Indeedee|69\/100\n|-unboost|p2a: Indeedee|spd|1\n|-damage|p1a: Flutter Mane|91\/100|[from] item: Life Orb\n|move|p1b: Palafin|Wave Crash|p2a: Indeedee\n|-resisted|p2a: Indeedee\n|-damage|p2a: Indeedee|45\/100\n|-damage|p1b: Palafin|94\/100|[from] Recoil\n|move|p2b: Armarouge|Trick Room|p2b: Armarouge\n|-fieldstart|move: Trick Room|[of] p2b: Armarouge\n|\n|upkeep\n|turn|2\n|inactive|birIkiUc has 30 seconds left.\n|inactive|birIkiUc has 20 seconds left.\n|inactive|birIkiUc has 15 seconds left.\n|\n|t:|1682420724\n|detailschange|p1b: Palafin|Palafin-Hero, L50, M\n|switch|p1b: Arcanine|Arcanine, L50, M|100\/100\n|-ability|p1b: Arcanine|Intimidate|boost\n|-unboost|p2a: Indeedee|atk|1\n|-unboost|p2b: Armarouge|atk|1\n|move|p2a: Indeedee|Helping Hand|p2b: Armarouge\n|-singleturn|p2b: Armarouge|Helping Hand|[of] p2a: Indeedee\n|move|p1a: Flutter Mane|Protect|p1a: Flutter Mane\n|-singleturn|p1a: Flutter Mane|Protect\n|move|p2b: Armarouge|Expanding Force|p1b: Arcanine|[spread] p1b\n|-activate|p1a: Flutter Mane|move: Protect\n|-damage|p1b: Arcanine|10\/100\n|\n|upkeep\n|turn|3\n|inactive|birIkiUc has 30 seconds left.\n|inactive|birIkiUc has 20 seconds left.\n|\n|t:|1682420763\n|move|p2b: Armarouge|Expanding Force|p1b: Arcanine|[spread] p1a,p1b\n|-damage|p1a: Flutter Mane|23\/100\n|-damage|p1b: Arcanine|0 fnt\n|faint|p1b: Arcanine\n|move|p2a: Indeedee|Dazzling Gleam|p1a: Flutter Mane\n|-damage|p1a: Flutter Mane|7\/100\n|move|p1a: Flutter Mane|Shadow Ball|p2b: Armarouge\n|-supereffective|p2b: Armarouge\n|-crit|p2b: Armarouge\n|-damage|p2b: Armarouge|0 fnt\n|faint|p2b: Armarouge\n|-damage|p1a: Flutter Mane|0 fnt|[from] item: Life Orb\n|faint|p1a: Flutter Mane\n|-end|p1a: Flutter Mane|Protosynthesis|[silent]\n|\n|upkeep\n|c|\u2606doedel1104|Life orb lil\n|inactive|doedel1104 has 30 seconds left.\n|\n|t:|1682420788\n|switch|p2b: Torkoal|Torkoal, L50, M|100\/100\n|switch|p1b: Palafin|Palafin-Hero, L50, M|94\/100\n|switch|p1a: Ting-Lu|Ting-Lu, L50|100\/100\n|-weather|SunnyDay|[from] ability: Drought|[of] p2b: Torkoal\n|-ability|p1a: Ting-Lu|Vessel of Ruin\n|-activate|p1b: Palafin|ability: Zero to Hero\n|turn|4\n|inactive|birIkiUc has 30 seconds left.\n|inactive|birIkiUc has 20 seconds left.\n|\n|t:|1682420827\n|move|p2a: Indeedee|Helping Hand|p2b: Torkoal\n|-singleturn|p2b: Torkoal|Helping Hand|[of] p2a: Indeedee\n|move|p2b: Torkoal|Eruption|p1a: Ting-Lu|[spread] p1a,p1b\n|-resisted|p1b: Palafin\n|-damage|p1a: Ting-Lu|57\/100\n|-damage|p1b: Palafin|45\/100\n|move|p1a: Ting-Lu|Fissure|p2a: Indeedee\n|-damage|p2a: Indeedee|0 fnt\n|faint|p2a: Indeedee\n|-ohko\n|move|p1b: Palafin|Wave Crash|p2b: Torkoal\n|-supereffective|p2b: Torkoal\n|-damage|p2b: Torkoal|35\/100\n|-damage|p1b: Palafin|26\/100|[from] Recoil\n|\n|-weather|SunnyDay|[upkeep]\n|upkeep\n|\n|t:|1682420843\n|switch|p2a: Annihilape|Annihilape, L50, M|100\/100\n|turn|5\n|\n|t:|1682420858\n|move|p1b: Palafin|Protect|p1b: Palafin\n|-singleturn|p1b: Palafin|Protect\n|move|p2b: Torkoal|Eruption|p1b: Palafin|[spread] p1a\n|-activate|p1b: Palafin|move: Protect\n|-damage|p1a: Ting-Lu|46\/100\n|move|p1a: Ting-Lu|Stomping Tantrum|p2b: Torkoal\n|-supereffective|p2b: Torkoal\n|-damage|p2b: Torkoal|0 fnt\n|faint|p2b: Torkoal\n|move|p2a: Annihilape|Close Combat|p1a: Ting-Lu\n|-supereffective|p1a: Ting-Lu\n|-damage|p1a: Ting-Lu|0 fnt\n|-unboost|p2a: Annihilape|def|1\n|-unboost|p2a: Annihilape|spd|1\n|faint|p1a: Ting-Lu\n|\n|-weather|SunnyDay|[upkeep]\n|-fieldend|move: Trick Room\n|-fieldend|move: Psychic Terrain\n|upkeep\n|turn|6\n|inactive|birIkiUc has 30 seconds left.\n|\n|t:|1682420891\n|-terastallize|p1b: Palafin|Water\n|move|p2a: Annihilape|Close Combat|p1b: Palafin\n|-damage|p1b: Palafin|0 fnt\n|-unboost|p2a: Annihilape|def|1\n|-unboost|p2a: Annihilape|spd|1\n|faint|p1b: Palafin\n|\n|win|doedel1104\n|raw|birIkiUc's rating: 1102 → 1080<\/strong> (-22 for losing)\n|raw|doedel1104's rating: 1150 → 1172<\/strong> (+22 for winning)\n","uploadtime":1682420902,"views":13,"p1id":"birikiuc","p2id":"doedel1104","formatid":"gen9vgc2023regulationc","rating":1080,"private":0,"password":""}