{"id":"gen9vgc2023regulationc-1853520769","p1":"Eldegoss32","p2":"kiyonamivgc","format":"[Gen 9] VGC 2023 Regulation C","log":"|j|\u2606Eldegoss32\n|j|\u2606kiyonamivgc\n|t:|1682692997\n|gametype|doubles\n|player|p1|Eldegoss32|acetrainerf|\n|player|p2|kiyonamivgc|lucas|\n|teamsize|p1|6\n|teamsize|p2|6\n|gen|9\n|tier|[Gen 9] VGC 2023 Regulation C\n|rated|Tournament battle\n|rule|Species Clause: Limit one of each Pok\u00e9mon\n|rule|Item Clause: Limit one of each item\n|clearpoke\n|poke|p1|Haxorus, L50, M|\n|poke|p1|Talonflame, L50, M|\n|poke|p1|Palafin, L50, F|\n|poke|p1|Great Tusk, L50|\n|poke|p1|Kingambit, L50, M|\n|poke|p1|Flutter Mane, L50|\n|poke|p2|Ceruledge, L50, M|\n|poke|p2|Ting-Lu, L50|\n|poke|p2|Gyarados, L50, M|\n|poke|p2|Amoonguss, L50, F|\n|poke|p2|Iron Bundle, L50|\n|poke|p2|Flutter Mane, L50|\n|teampreview|4\n|raw| Open Team Sheet for Eldegoss32<\/summary>Haxorus @ Choice Band Ability: Mold Breaker Level: 50 Tera Type: Ground - Earthquake - Outrage - Rock Slide - Close Combat Talonflame @ Covert Cloak Ability: Gale Wings Level: 50 Tera Type: Flying - Brave Bird - Flare Blitz - Will-O-Wisp - Tailwind Palafin @ Mystic Water Ability: Zero to Hero Level: 50 Tera Type: Water - Jet Punch - Wave Crash - Close Combat - Protect Great Tusk @ Life Orb Ability: Protosynthesis Level: 50 Hidden Power: Fighting Tera Type: Ground - Earthquake - Close Combat - Headlong Rush - Protect Kingambit @ Assault Vest Ability: Defiant Level: 50 Tera Type: Flying - Tera Blast - Kowtow Cleave - Sucker Punch - Iron Head Flutter Mane @ Choice Specs Ability: Protosynthesis Level: 50 Tera Type: Fairy - Moonblast - Dazzling Gleam - Shadow Ball - Thunderbolt <\/details><\/div> Open Team Sheet for kiyonamivgc<\/summary>Ceruledge @ Clear Amulet Ability: Flash Fire Level: 50 Tera Type: Grass - Bitter Blade - Shadow Sneak - Bulk Up - Protect Ting-Lu @ Assault Vest Ability: Vessel of Ruin Level: 50 Tera Type: Water - Rock Tomb - Heavy Slam - Stomping Tantrum - Fissure Gyarados @ Safety Goggles Ability: Intimidate Level: 50 Tera Type: Water - Taunt - Thunder Wave - Waterfall - Protect Amoonguss @ Sitrus Berry Ability: Effect Spore Level: 50 Tera Type: Grass - Pollen Puff - Rage Powder - Spore - Protect Iron Bundle @ Booster Energy Ability: Quark Drive Level: 50 Tera Type: Ice - Freeze-Dry - Icy Wind - Encore - Protect Flutter Mane @ Choice Specs Ability: Protosynthesis Level: 50 Tera Type: Fairy - Moonblast - Dazzling Gleam - Thunderbolt - Shadow Ball <\/details><\/div>\n|\n|t:|1682693091\n|start\n|switch|p1a: Talonflame|Talonflame, L50, M|100\/100\n|switch|p1b: Flutter Mane|Flutter Mane, L50|100\/100\n|switch|p2a: Amoonguss|Amoonguss, L50, F|100\/100\n|switch|p2b: Iron Bundle|Iron Bundle, L50|100\/100\n|-enditem|p2b: Iron Bundle|Booster Energy\n|-activate|p2b: Iron Bundle|ability: Quark Drive|[fromitem]\n|-start|p2b: Iron Bundle|quarkdrivespe\n|turn|1\n|\n|t:|1682693152\n|-end|p2b: Iron Bundle|Quark Drive|[silent]\n|switch|p2b: Gyarados|Gyarados, L50, M|100\/100\n|-ability|p2b: Gyarados|Intimidate|boost\n|-unboost|p1a: Talonflame|atk|1\n|-unboost|p1b: Flutter Mane|atk|1\n|-terastallize|p1b: Flutter Mane|Fairy\n|move|p1a: Talonflame|Tailwind|p1a: Talonflame\n|-sidestart|p1: Eldegoss32|move: Tailwind\n|move|p1b: Flutter Mane|Dazzling Gleam|p2b: Gyarados|[spread] p2a,p2b\n|-resisted|p2a: Amoonguss\n|-damage|p2a: Amoonguss|68\/100\n|-damage|p2b: Gyarados|43\/100\n|move|p2a: Amoonguss|Spore|p1b: Flutter Mane\n|-status|p1b: Flutter Mane|slp|[from] move: Spore\n|\n|upkeep\n|turn|2\n|\n|t:|1682693186\n|switch|p1a: Great Tusk|Great Tusk, L50|100\/100\n|cant|p1b: Flutter Mane|slp\n|move|p2b: Gyarados|Waterfall|p1a: Great Tusk\n|-supereffective|p1a: Great Tusk\n|-damage|p1a: Great Tusk|49\/100\n|move|p2a: Amoonguss|Pollen Puff|p2b: Gyarados\n|-heal|p2b: Gyarados|93\/100\n|\n|upkeep\n|turn|3\n|\n|t:|1682693203\n|cant|p1b: Flutter Mane|slp\n|move|p1a: Great Tusk|Headlong Rush|p2a: Amoonguss\n|-damage|p2a: Amoonguss|0 fnt\n|-unboost|p1a: Great Tusk|def|1\n|-unboost|p1a: Great Tusk|spd|1\n|-status|p1a: Great Tusk|slp|[from] ability: Effect Spore|[of] p2a: Amoonguss\n|faint|p2a: Amoonguss\n|-damage|p1a: Great Tusk|39\/100 slp|[from] item: Life Orb\n|move|p2b: Gyarados|Waterfall|p1a: Great Tusk\n|-supereffective|p1a: Great Tusk\n|-damage|p1a: Great Tusk|0 fnt\n|faint|p1a: Great Tusk\n|-end|p1a: Great Tusk|Protosynthesis|[silent]\n|\n|upkeep\n|\n|t:|1682693228\n|switch|p1a: Kingambit|Kingambit, L50, M|100\/100\n|switch|p2a: Ceruledge|Ceruledge, L50, M|100\/100\n|turn|4\n|\n|t:|1682693244\n|move|p2b: Gyarados|Protect|p2b: Gyarados\n|-singleturn|p2b: Gyarados|Protect\n|move|p2a: Ceruledge|Protect|p2a: Ceruledge\n|-singleturn|p2a: Ceruledge|Protect\n|-curestatus|p1b: Flutter Mane|slp|[msg]\n|move|p1b: Flutter Mane|Dazzling Gleam|p2a: Ceruledge|[spread] \n|-activate|p2a: Ceruledge|move: Protect\n|-activate|p2b: Gyarados|move: Protect\n|move|p1a: Kingambit|Kowtow Cleave|p2a: Ceruledge\n|-activate|p2a: Ceruledge|move: Protect\n|\n|-sideend|p1: Eldegoss32|move: Tailwind\n|upkeep\n|turn|5\n|\n|t:|1682693259\n|-terastallize|p2a: Ceruledge|Grass\n|move|p1b: Flutter Mane|Dazzling Gleam|p2a: Ceruledge|[spread] p2a,p2b\n|-damage|p2a: Ceruledge|38\/100\n|-damage|p2b: Gyarados|40\/100\n|move|p2b: Gyarados|Thunder Wave|p1b: Flutter Mane\n|-status|p1b: Flutter Mane|par\n|move|p2a: Ceruledge|Bitter Blade|p1a: Kingambit\n|-supereffective|p1a: Kingambit\n|-damage|p1a: Kingambit|16\/100\n|-heal|p2a: Ceruledge|80\/100|[from] drain|[of] p1a: Kingambit\n|move|p1a: Kingambit|Kowtow Cleave|p2a: Ceruledge\n|-damage|p2a: Ceruledge|27\/100\n|\n|upkeep\n|turn|6\n|\n|t:|1682693290\n|move|p2a: Ceruledge|Protect|p2a: Ceruledge\n|-singleturn|p2a: Ceruledge|Protect\n|move|p1a: Kingambit|Sucker Punch||[still]\n|-fail|p1a: Kingambit\n|move|p2b: Gyarados|Waterfall|p1a: Kingambit\n|-damage|p1a: Kingambit|0 fnt\n|faint|p1a: Kingambit\n|move|p1b: Flutter Mane|Dazzling Gleam|p2b: Gyarados|[spread] p2b\n|-activate|p2a: Ceruledge|move: Protect\n|-damage|p2b: Gyarados|0 fnt\n|faint|p2b: Gyarados\n|\n|upkeep\n|\n|t:|1682693302\n|switch|p2b: Iron Bundle|Iron Bundle, L50|100\/100\n|switch|p1a: Talonflame|Talonflame, L50, M|100\/100\n|turn|7\n|\n|t:|1682693311\n|move|p1a: Talonflame|Brave Bird|p2a: Ceruledge\n|-supereffective|p2a: Ceruledge\n|-damage|p2a: Ceruledge|0 fnt\n|faint|p2a: Ceruledge\n|-damage|p1a: Talonflame|90\/100|[from] Recoil\n|move|p2b: Iron Bundle|Icy Wind|p1a: Talonflame|[spread] p1a,p1b\n|-crit|p1a: Talonflame\n|-damage|p1a: Talonflame|43\/100\n|-damage|p1b: Flutter Mane|83\/100 par\n|-unboost|p1b: Flutter Mane|spe|1\n|move|p1b: Flutter Mane|Dazzling Gleam|p2b: Iron Bundle\n|-damage|p2b: Iron Bundle|0 fnt\n|faint|p2b: Iron Bundle\n|-end|p2b: Iron Bundle|Quark Drive|[silent]\n|\n|win|Eldegoss32\n|n|\u2606Eldegoss32|eldegoss32\n|n|\u2606kiyonamivgc|kiyonamivgc\n","uploadtime":1682693312,"views":8,"p1id":"eldegoss32","p2id":"kiyonamivgc","formatid":"gen9vgc2023regulationc","rating":0,"private":0,"password":""}