{"id":"gen9vgc2023regulationc-1859303402","p1":"marcelobg","p2":"ruking511","format":"[Gen 9] VGC 2023 Regulation C","log":"|j|\u2606marcelobg\n|j|\u2606ruking511\n|t:|1683431310\n|gametype|doubles\n|player|p1|marcelobg|2|1346\n|player|p2|ruking511|ninjaboy|1361\n|teamsize|p1|6\n|teamsize|p2|6\n|gen|9\n|tier|[Gen 9] VGC 2023 Regulation C\n|rated|\n|rule|Species Clause: Limit one of each Pok\u00e9mon\n|rule|Item Clause: Limit one of each item\n|clearpoke\n|poke|p1|Great Tusk, L50|\n|poke|p1|Iron Bundle, L50|\n|poke|p1|Amoonguss, L50, M|\n|poke|p1|Talonflame, L50, M|\n|poke|p1|Flutter Mane, L50|\n|poke|p1|Iron Hands, L50|\n|poke|p2|Medicham, L50, M|\n|poke|p2|Annihilape, L50, M|\n|poke|p2|Maushold, L50|\n|poke|p2|Ceruledge, L50, M|\n|poke|p2|Tropius, L50, M|\n|poke|p2|Iron Hands, L50|\n|teampreview|4\n|inactive|Battle timer is ON: inactive players will automatically lose when time's up. (requested by ruking511)\n|inactive|marcelobg has 60 seconds left.\n|inactive|ruking511 has 60 seconds left.\n|inactive|marcelobg has 30 seconds left.\n|inactive|marcelobg has 20 seconds left.\n|inactive|marcelobg has 15 seconds left.\n|inactive|marcelobg has 10 seconds left.\n|inactive|marcelobg has 5 seconds left.\n|\n|t:|1683431398\n|start\n|switch|p1a: Flutter Mane|Flutter Mane, L50|100\/100\n|switch|p1b: Great Tusk|Great Tusk, L50|100\/100\n|switch|p2a: Annihilape|Annihilape, L50, M|100\/100\n|switch|p2b: Maushold|Maushold, L50|100\/100\n|turn|1\n|inactive|marcelobg has 30 seconds left.\n|inactive|ruking511 has 30 seconds left.\n|inactive|marcelobg has 20 seconds left.\n|\n|t:|1683431436\n|-terastallize|p1a: Flutter Mane|Fairy\n|move|p1a: Flutter Mane|Moonblast|p2b: Maushold\n|-damage|p2b: Maushold|0 fnt\n|faint|p2b: Maushold\n|-damage|p1a: Flutter Mane|91\/100|[from] item: Life Orb\n|move|p1b: Great Tusk|Headlong Rush|p2a: Annihilape\n|-damage|p2a: Annihilape|40\/100\n|-unboost|p1b: Great Tusk|def|1\n|-unboost|p1b: Great Tusk|spd|1\n|move|p2a: Annihilape|Rage Fist|p1a: Flutter Mane\n|-damage|p1a: Flutter Mane|28\/100\n|\n|-heal|p2a: Annihilape|46\/100|[from] item: Leftovers\n|upkeep\n|\n|t:|1683431453\n|switch|p2b: Iron Hands|Iron Hands, L50|100\/100\n|turn|2\n|\n|t:|1683431471\n|-end|p1b: Great Tusk|Protosynthesis|[silent]\n|switch|p1b: Amoonguss|Amoonguss, L50, M, shiny|100\/100\n|-terastallize|p2a: Annihilape|Fire\n|move|p1a: Flutter Mane|Protect|p1a: Flutter Mane\n|-singleturn|p1a: Flutter Mane|Protect\n|move|p2b: Iron Hands|Fake Out|p1b: Amoonguss\n|-crit|p1b: Amoonguss\n|-damage|p1b: Amoonguss|81\/100\n|-damage|p2b: Iron Hands|84\/100|[from] item: Rocky Helmet|[of] p1b: Amoonguss\n|move|p2a: Annihilape|Rage Fist|p1a: Flutter Mane\n|-activate|p1a: Flutter Mane|move: Protect\n|\n|-heal|p2a: Annihilape|52\/100|[from] item: Leftovers\n|upkeep\n|turn|3\n|\n|t:|1683431496\n|move|p1b: Amoonguss|Rage Powder|p1b: Amoonguss\n|-singleturn|p1b: Amoonguss|move: Rage Powder\n|move|p1a: Flutter Mane|Shadow Ball|p2a: Annihilape\n|-damage|p2a: Annihilape|10\/100\n|-damage|p1a: Flutter Mane|18\/100|[from] item: Life Orb\n|move|p2a: Annihilape|Rage Fist|p1b: Amoonguss\n|-damage|p1b: Amoonguss|33\/100\n|-damage|p2a: Annihilape|0 fnt|[from] item: Rocky Helmet|[of] p1b: Amoonguss\n|faint|p2a: Annihilape\n|move|p2b: Iron Hands|Wild Charge|p1b: Amoonguss\n|-resisted|p1b: Amoonguss\n|-damage|p1b: Amoonguss|11\/100\n|-damage|p2b: Iron Hands|68\/100|[from] item: Rocky Helmet|[of] p1b: Amoonguss\n|-damage|p2b: Iron Hands|63\/100|[from] Recoil\n|\n|upkeep\n|\n|t:|1683431509\n|switch|p2a: Tropius|Tropius, L50, M|100\/100\n|turn|4\n|inactive|marcelobg has 30 seconds left.\n|\n|t:|1683431538\n|switch|p1b: Iron Bundle|Iron Bundle, L50|100\/100\n|-enditem|p1b: Iron Bundle|Booster Energy\n|-activate|p1b: Iron Bundle|ability: Quark Drive|[fromitem]\n|-start|p1b: Iron Bundle|quarkdrivespe\n|move|p1a: Flutter Mane|Moonblast|p2b: Iron Hands\n|-supereffective|p2b: Iron Hands\n|-damage|p2b: Iron Hands|0 fnt\n|faint|p2b: Iron Hands\n|-end|p2b: Iron Hands|Quark Drive|[silent]\n|-damage|p1a: Flutter Mane|8\/100|[from] item: Life Orb\n|move|p2a: Tropius|Air Slash|p1a: Flutter Mane\n|-damage|p1a: Flutter Mane|0 fnt\n|faint|p1a: Flutter Mane\n|-end|p1a: Flutter Mane|Protosynthesis|[silent]\n|\n|upkeep\n|\n|t:|1683431552\n|switch|p1a: Amoonguss|Amoonguss, L50, M, shiny|45\/100\n|turn|5\n|\n|t:|1683431561\n|move|p1b: Iron Bundle|Freeze-Dry|p2a: Tropius\n|-supereffective|p2a: Tropius\n|-damage|p2a: Tropius|0 fnt\n|faint|p2a: Tropius\n|\n|win|marcelobg\n|raw|marcelobg's rating: 1346 → 1367<\/strong> (+21 for winning)\n|raw|ruking511's rating: 1361 → 1340<\/strong> (-21 for losing)\n|l|\u2606ruking511\n","uploadtime":1683431569,"views":11,"p1id":"marcelobg","p2id":"ruking511","formatid":"gen9vgc2023regulationc","rating":1340,"private":0,"password":""}