{"id":"gen9vgc2023regulationc-1848368505","p1":"bebra22","p2":"Roswall Rigel","format":"[Gen 9] VGC 2023 Regulation C","log":"|j|\u2606bebra22\n|j|\u2606Roswall Rigel\n|t:|1682067858\n|gametype|doubles\n|player|p1|bebra22|102|1063\n|player|p2|Roswall Rigel|101|1135\n|teamsize|p1|6\n|teamsize|p2|6\n|gen|9\n|tier|[Gen 9] VGC 2023 Regulation C\n|rated|\n|rule|Species Clause: Limit one of each Pok\u00e9mon\n|rule|Item Clause: Limit one of each item\n|clearpoke\n|poke|p1|Lucario, L50, F|\n|poke|p1|Maushold-Four, L50|\n|poke|p1|Flutter Mane, L50|\n|poke|p1|Chi-Yu, L50|\n|poke|p1|Ting-Lu, L50|\n|poke|p1|Appletun, L50, F|\n|poke|p2|Ting-Lu, L50|\n|poke|p2|Palafin, L50, F|\n|poke|p2|Flutter Mane, L50|\n|poke|p2|Baxcalibur, L50, M|\n|poke|p2|Arcanine, L50, F|\n|poke|p2|Amoonguss, L50, M|\n|teampreview|4\nRoswall Rigel has agreed to open team sheets.\n|inactive|Battle timer is ON: inactive players will automatically lose when time's up. (requested by bebra22)\n|\n|t:|1682067891\n|start\n|switch|p1a: Appletun|Appletun, L50, F|100\/100\n|switch|p1b: Ting-Lu|Ting-Lu, L50|100\/100\n|switch|p2a: Flutter Mane|Flutter Mane, L50|100\/100\n|switch|p2b: Baxcalibur|Baxcalibur, L50, M|100\/100\n|-ability|p1b: Ting-Lu|Vessel of Ruin\n|-enditem|p2a: Flutter Mane|Booster Energy\n|-activate|p2a: Flutter Mane|ability: Protosynthesis|[fromitem]\n|-start|p2a: Flutter Mane|protosynthesisspa\n|turn|1\n|inactive|bebra22 has 30 seconds left.\n|inactive|bebra22 has 20 seconds left.\n|inactive|bebra22 has 15 seconds left.\n|\n|t:|1682067936\n|-terastallize|p2a: Flutter Mane|Fairy\n|-terastallize|p1a: Appletun|Steel\n|move|p2a: Flutter Mane|Dazzling Gleam|p1b: Ting-Lu|[spread] p1a,p1b\n|-resisted|p1a: Appletun\n|-supereffective|p1b: Ting-Lu\n|-damage|p1a: Appletun|84\/100\n|-damage|p1b: Ting-Lu|61\/100\n|move|p2b: Baxcalibur|Icicle Spear|p1b: Ting-Lu\n|-supereffective|p1b: Ting-Lu\n|-damage|p1b: Ting-Lu|42\/100\n|-supereffective|p1b: Ting-Lu\n|-crit|p1b: Ting-Lu\n|-damage|p1b: Ting-Lu|13\/100\n|-supereffective|p1b: Ting-Lu\n|-damage|p1b: Ting-Lu|0 fnt\n|faint|p1b: Ting-Lu\n|-hitcount|p1: Ting-Lu|3\n|move|p1a: Appletun|Leech Seed|p2b: Baxcalibur\n|-start|p2b: Baxcalibur|move: Leech Seed\n|\n|-heal|p1a: Appletun|90\/100|[from] item: Leftovers\n|-damage|p2b: Baxcalibur|88\/100|[from] Leech Seed|[of] p1a: Appletun\n|-heal|p1a: Appletun|100\/100|[silent]\n|upkeep\n|\n|t:|1682067958\n|switch|p1b: Flutter Mane|Flutter Mane, L50|100\/100\n|turn|2\n|\n|t:|1682067971\n|switch|p2b: Amoonguss|Amoonguss, L50, M|100\/100\n|move|p2a: Flutter Mane|Protect|p2a: Flutter Mane\n|-singleturn|p2a: Flutter Mane|Protect\n|move|p1b: Flutter Mane|Moonblast|p2b: Amoonguss\n|-resisted|p2b: Amoonguss\n|-damage|p2b: Amoonguss|82\/100\n|-unboost|p2b: Amoonguss|spa|1\n|move|p1a: Appletun|Leech Seed|p2a: Flutter Mane\n|-activate|p2a: Flutter Mane|move: Protect\n|\n|upkeep\n|turn|3\n|\n|t:|1682067992\n|switch|p1a: Chi-Yu|Chi-Yu, L50|100\/100\n|-ability|p1a: Chi-Yu|Beads of Ruin\n|move|p1b: Flutter Mane|Protect|p1b: Flutter Mane\n|-singleturn|p1b: Flutter Mane|Protect\n|move|p2b: Amoonguss|Rage Powder|p2b: Amoonguss\n|-singleturn|p2b: Amoonguss|move: Rage Powder\n|move|p2a: Flutter Mane|Shadow Ball|p1b: Flutter Mane\n|-activate|p1b: Flutter Mane|move: Protect\n|\n|upkeep\n|turn|4\n|\n|t:|1682068017\n|move|p2b: Amoonguss|Rage Powder|p2b: Amoonguss\n|-singleturn|p2b: Amoonguss|move: Rage Powder\n|move|p1b: Flutter Mane|Icy Wind|p2b: Amoonguss|[spread] p2a,p2b\n|-supereffective|p2b: Amoonguss\n|-damage|p2a: Flutter Mane|84\/100\n|-damage|p2b: Amoonguss|52\/100\n|-unboost|p2a: Flutter Mane|spe|1\n|-unboost|p2b: Amoonguss|spe|1\n|move|p1a: Chi-Yu|Heat Wave|p2a: Flutter Mane|[spread] p2a,p2b\n|-supereffective|p2b: Amoonguss\n|-damage|p2a: Flutter Mane|39\/100\n|-damage|p2b: Amoonguss|0 fnt\n|faint|p2b: Amoonguss\n|move|p2a: Flutter Mane|Dazzling Gleam|p1a: Chi-Yu|[spread] p1a,p1b\n|-damage|p1a: Chi-Yu|38\/100\n|-damage|p1b: Flutter Mane|25\/100\n|\n|upkeep\n|\n|t:|1682068030\n|switch|p2b: Baxcalibur|Baxcalibur, L50, M|88\/100\n|turn|5\n|\n|t:|1682068040\n|move|p2b: Baxcalibur|Ice Shard|p1b: Flutter Mane\n|-damage|p1b: Flutter Mane|0 fnt\n|faint|p1b: Flutter Mane\n|-end|p1b: Flutter Mane|Protosynthesis|[silent]\n|move|p1a: Chi-Yu|Heat Wave|p2a: Flutter Mane|[spread] p2a,p2b\n|-damage|p2a: Flutter Mane|0 fnt\n|-damage|p2b: Baxcalibur|46\/100\n|-ability|p2b: Baxcalibur|Thermal Exchange|boost\n|-boost|p2b: Baxcalibur|atk|1\n|faint|p2a: Flutter Mane\n|-end|p2a: Flutter Mane|Protosynthesis|[silent]\n|\n|upkeep\n|\n|t:|1682068048\n|switch|p1b: Appletun|Appletun, L50, F, tera:Steel|100\/100\n|switch|p2a: Arcanine|Arcanine, L50, F|100\/100\n|-ability|p2a: Arcanine|Intimidate|boost\n|-unboost|p1a: Chi-Yu|atk|1\n|-unboost|p1b: Appletun|atk|1\n|turn|6\n|\n|t:|1682068063\n|move|p2b: Baxcalibur|Ice Shard|p1a: Chi-Yu\n|-resisted|p1a: Chi-Yu\n|-damage|p1a: Chi-Yu|6\/100\n|move|p1a: Chi-Yu|Dark Pulse|p2b: Baxcalibur\n|-damage|p2b: Baxcalibur|0 fnt\n|faint|p2b: Baxcalibur\n|move|p2a: Arcanine|Flare Blitz|p1a: Chi-Yu\n|-resisted|p1a: Chi-Yu\n|-damage|p1a: Chi-Yu|0 fnt\n|faint|p1a: Chi-Yu\n|-damage|p2a: Arcanine|99\/100|[from] Recoil\n|move|p1b: Appletun|Leech Seed|p2a: Arcanine\n|-start|p2a: Arcanine|move: Leech Seed\n|\n|-damage|p2a: Arcanine|87\/100|[from] Leech Seed|[of] p1b: Appletun\n|upkeep\n|turn|7\n|\n|t:|1682068081\n|move|p2a: Arcanine|Flare Blitz|p1b: Appletun\n|-supereffective|p1b: Appletun\n|-damage|p1b: Appletun|61\/100\n|-damage|p2a: Arcanine|73\/100|[from] Recoil\n|move|p1b: Appletun|Recover|p1b: Appletun\n|-heal|p1b: Appletun|100\/100\n|\n|-damage|p2a: Arcanine|61\/100|[from] Leech Seed|[of] p1b: Appletun\n|upkeep\n|turn|8\n|\n|t:|1682068092\n|move|p2a: Arcanine|Flare Blitz|p1b: Appletun\n|-supereffective|p1b: Appletun\n|-damage|p1b: Appletun|59\/100\n|-damage|p2a: Arcanine|46\/100|[from] Recoil\n|move|p1b: Appletun|Recover|p1b: Appletun\n|-heal|p1b: Appletun|100\/100\n|\n|-damage|p2a: Arcanine|33\/100|[from] Leech Seed|[of] p1b: Appletun\n|upkeep\n|turn|9\n|\n|t:|1682068099\n|move|p2a: Arcanine|Howl|p2a: Arcanine\n|-boost|p2a: Arcanine|atk|1\n|move|p1b: Appletun|Recover||[still]\n|-fail|p1b: Appletun|heal\n|\n|-damage|p2a: Arcanine|21\/100|[from] Leech Seed|[of] p1b: Appletun\n|upkeep\n|turn|10\n|\n|t:|1682068105\n|move|p1b: Appletun|Protect|p1b: Appletun\n|-singleturn|p1b: Appletun|Protect\n|move|p2a: Arcanine|Howl|p2a: Arcanine\n|-boost|p2a: Arcanine|atk|1\n|\n|-damage|p2a: Arcanine|9\/100|[from] Leech Seed|[of] p1b: Appletun\n|upkeep\n|turn|11\n|\n|t:|1682068113\n|move|p2a: Arcanine|Flare Blitz|p1b: Appletun\n|-supereffective|p1b: Appletun\n|-damage|p1b: Appletun|28\/100\n|-damage|p2a: Arcanine|0 fnt|[from] Recoil\n|faint|p2a: Arcanine\n|\n|win|bebra22\n|raw|bebra22's rating: 1063 → 1100<\/strong> (+37 for winning)\n|raw|Roswall Rigel's rating: 1135 → 1105<\/strong> (-30 for losing)\n","uploadtime":1682068117,"views":11,"p1id":"bebra22","p2id":"roswallrigel","formatid":"gen9vgc2023regulationc","rating":1100,"private":0,"password":""}