{"id":"gen9vgc2023regulationc-1852111431","p1":"nrainey90","p2":"Rickinch","format":"[Gen 9] VGC 2023 Regulation C","log":"|j|\u2606nrainey90\n|j|\u2606Rickinch\n|t:|1682525052\n|gametype|doubles\n|player|p1|nrainey90|2|1057\n|player|p2|Rickinch|101|1109\n|teamsize|p1|6\n|teamsize|p2|6\n|gen|9\n|tier|[Gen 9] VGC 2023 Regulation C\n|rated|\n|rule|Species Clause: Limit one of each Pok\u00e9mon\n|rule|Item Clause: Limit one of each item\n|clearpoke\n|poke|p1|Wo-Chien, L50|\n|poke|p1|Garganacl, L50, M|\n|poke|p1|Glimmora, L50, F|\n|poke|p1|Dondozo, L50, F|\n|poke|p1|Tatsugiri, L50, F|\n|poke|p1|Flutter Mane, L50|\n|poke|p2|Gyarados, L50, M|\n|poke|p2|Chi-Yu, L50|\n|poke|p2|Pelipper, L50, M|\n|poke|p2|Palafin, L50, M|\n|poke|p2|Amoonguss, L50, M|\n|poke|p2|Sandy Shocks, L50|\n|teampreview|4\n|\n|t:|1682525104\n|start\n|switch|p1a: Wo-Chien|Wo-Chien, L50|100\/100\n|switch|p1b: Glimmora|Glimmora, L50, F|100\/100\n|switch|p2a: Gyarados|Gyarados, L50, M|100\/100\n|switch|p2b: Chi-Yu|Chi-Yu, L50|100\/100\n|-ability|p2b: Chi-Yu|Beads of Ruin\n|-ability|p2a: Gyarados|Intimidate|boost\n|-unboost|p1a: Wo-Chien|atk|1\n|-unboost|p1b: Glimmora|atk|1\n|-ability|p1a: Wo-Chien|Tablets of Ruin\n|turn|1\n|\n|t:|1682525157\n|-terastallize|p1a: Wo-Chien|Water\n|move|p2b: Chi-Yu|Psychic|p1b: Glimmora\n|-supereffective|p1b: Glimmora\n|-damage|p1b: Glimmora|3\/100\n|move|p1b: Glimmora|Mortal Spin|p2b: Chi-Yu|[spread] p2a,p2b\n|-damage|p2a: Gyarados|98\/100\n|-damage|p2b: Chi-Yu|97\/100\n|-status|p2a: Gyarados|psn\n|-status|p2b: Chi-Yu|psn\n|move|p2a: Gyarados|Fire Blast|p1a: Wo-Chien\n|-resisted|p1a: Wo-Chien\n|-damage|p1a: Wo-Chien|85\/100\n|-damage|p2a: Gyarados|88\/100 psn|[from] item: Life Orb\n|move|p1a: Wo-Chien|Leech Seed|p2b: Chi-Yu\n|-start|p2b: Chi-Yu|move: Leech Seed\n|\n|-damage|p2b: Chi-Yu|85\/100 psn|[from] Leech Seed|[of] p1a: Wo-Chien\n|-heal|p1a: Wo-Chien|96\/100|[silent]\n|-damage|p2b: Chi-Yu|73\/100 psn|[from] psn\n|-damage|p2a: Gyarados|76\/100 psn|[from] psn\n|upkeep\n|turn|2\n|\n|t:|1682525221\n|move|p2b: Chi-Yu|Psychic|p1b: Glimmora\n|-supereffective|p1b: Glimmora\n|-damage|p1b: Glimmora|0 fnt\n|faint|p1b: Glimmora\n|move|p2a: Gyarados|Thunder|p1a: Wo-Chien\n|-supereffective|p1a: Wo-Chien\n|-damage|p1a: Wo-Chien|33\/100\n|-damage|p2a: Gyarados|66\/100 psn|[from] item: Life Orb\n|move|p1a: Wo-Chien|Giga Drain|p2a: Gyarados\n|-damage|p2a: Gyarados|30\/100 psn\n|-heal|p1a: Wo-Chien|54\/100|[from] drain|[of] p2a: Gyarados\n|\n|-damage|p2b: Chi-Yu|61\/100 psn|[from] Leech Seed|[of] p1a: Wo-Chien\n|-heal|p1a: Wo-Chien|65\/100|[silent]\n|-damage|p2b: Chi-Yu|49\/100 psn|[from] psn\n|-damage|p2a: Gyarados|18\/100 psn|[from] psn\n|upkeep\n|\n|t:|1682525245\n|switch|p1b: Dondozo|Dondozo, L50, F|100\/100\n|turn|3\n|\n|t:|1682525267\n|move|p1b: Dondozo|Protect|p1b: Dondozo\n|-singleturn|p1b: Dondozo|Protect\n|move|p2b: Chi-Yu|Psychic|p1a: Wo-Chien\n|-damage|p1a: Wo-Chien|34\/100\n|move|p2a: Gyarados|Thunder|p1b: Dondozo\n|-activate|p1b: Dondozo|move: Protect\n|move|p1a: Wo-Chien|Giga Drain|p2a: Gyarados\n|-damage|p2a: Gyarados|0 fnt\n|-heal|p1a: Wo-Chien|44\/100|[from] drain|[of] p2a: Gyarados\n|faint|p2a: Gyarados\n|\n|-damage|p2b: Chi-Yu|36\/100 psn|[from] Leech Seed|[of] p1a: Wo-Chien\n|-heal|p1a: Wo-Chien|55\/100|[silent]\n|-damage|p2b: Chi-Yu|24\/100 psn|[from] psn\n|upkeep\n|\n|t:|1682525283\n|switch|p2a: Amoonguss|Amoonguss, L50, M|100\/100\n|turn|4\n|\n|t:|1682525318\n|switch|p2b: Sandy Shocks|Sandy Shocks, L50|100\/100\n|-enditem|p2b: Sandy Shocks|Booster Energy\n|-activate|p2b: Sandy Shocks|ability: Protosynthesis|[fromitem]\n|-start|p2b: Sandy Shocks|protosynthesisspa\n|switch|p1a: Tatsugiri|Tatsugiri, L50, F|100\/100\n|-activate|p1a: Tatsugiri|ability: Commander|[of] p1b: Dondozo\n|-boost|p1b: Dondozo|atk|2\n|-boost|p1b: Dondozo|spa|2\n|-boost|p1b: Dondozo|spe|2\n|-boost|p1b: Dondozo|def|2\n|-boost|p1b: Dondozo|spd|2\n|move|p1b: Dondozo|Order Up|p2a: Amoonguss\n|-damage|p2a: Amoonguss|71\/100\n|-boost|p1b: Dondozo|atk|1\n|move|p2a: Amoonguss|Spore|p1b: Dondozo\n|-status|p1b: Dondozo|slp|[from] move: Spore\n|\n|-heal|p2a: Amoonguss|77\/100|[from] item: Leftovers\n|upkeep\n|turn|5\n|\n|t:|1682525348\n|switch|p2a: Chi-Yu|Chi-Yu, L50|24\/100 psn\n|-ability|p2a: Chi-Yu|Beads of Ruin\n|-terastallize|p2b: Sandy Shocks|Electric\n|move|p2b: Sandy Shocks|Thunder|p1b: Dondozo|[miss]\n|-miss|p2b: Sandy Shocks|p1b: Dondozo\n|cant|p1b: Dondozo|slp\n|\n|-damage|p2a: Chi-Yu|12\/100 psn|[from] psn\n|upkeep\n|turn|6\n|\n|t:|1682525379\n|move|p2a: Chi-Yu|Dark Pulse|p1b: Dondozo\n|-damage|p1b: Dondozo|78\/100 slp\n|move|p2b: Sandy Shocks|Thunder|p1b: Dondozo\n|-supereffective|p1b: Dondozo\n|-damage|p1b: Dondozo|0 fnt\n|faint|p1b: Dondozo\n|\n|-damage|p2a: Chi-Yu|0 fnt|[from] psn\n|faint|p2a: Chi-Yu\n|upkeep\n|\n|t:|1682525392\n|switch|p2a: Amoonguss|Amoonguss, L50, M|100\/100\n|switch|p1b: Wo-Chien|Wo-Chien, L50, tera:Water|55\/100\n|-ability|p1b: Wo-Chien|Tablets of Ruin\n|turn|7\n|\n|t:|1682525412\n|move|p1a: Tatsugiri|Icy Wind|p2a: Amoonguss|[spread] p2a,p2b\n|-supereffective|p2a: Amoonguss\n|-damage|p2a: Amoonguss|77\/100\n|-damage|p2b: Sandy Shocks|86\/100\n|-unboost|p2a: Amoonguss|spe|1\n|-unboost|p2b: Sandy Shocks|spe|1\n|move|p1b: Wo-Chien|Giga Drain|p2b: Sandy Shocks\n|-damage|p2b: Sandy Shocks|59\/100\n|-heal|p1b: Wo-Chien|71\/100|[from] drain|[of] p2b: Sandy Shocks\n|move|p2b: Sandy Shocks|Earth Power|p1a: Tatsugiri\n|-damage|p1a: Tatsugiri|14\/100\n|move|p2a: Amoonguss|Spore|p1b: Wo-Chien\n|-status|p1b: Wo-Chien|slp|[from] move: Spore\n|\n|-heal|p2a: Amoonguss|83\/100|[from] item: Leftovers\n|upkeep\n|turn|8\n|\n|t:|1682525436\n|move|p1a: Tatsugiri|Muddy Water|p2b: Sandy Shocks|[spread] p2a,p2b\n|-resisted|p2a: Amoonguss\n|-damage|p2a: Amoonguss|69\/100\n|-damage|p2b: Sandy Shocks|25\/100\n|-unboost|p2b: Sandy Shocks|accuracy|1\n|cant|p1b: Wo-Chien|slp\n|move|p2b: Sandy Shocks|Thunder|p1b: Wo-Chien\n|-supereffective|p1b: Wo-Chien\n|-damage|p1b: Wo-Chien|0 fnt\n|faint|p1b: Wo-Chien\n|move|p2a: Amoonguss|Pollen Puff|p2b: Sandy Shocks\n|-heal|p2b: Sandy Shocks|75\/100\n|\n|-heal|p2a: Amoonguss|75\/100|[from] item: Leftovers\n|upkeep\n|turn|9\n|l|\u2606nrainey90\n|player|p1|\n|inactive|Battle timer is ON: inactive players will automatically lose when time's up. (requested by Rickinch)\n|inactive|nrainey90 has 30 seconds to reconnect!\n|inactive|nrainey90 has 20 seconds to reconnect!\n|inactive|nrainey90 has 15 seconds to reconnect!\n|inactive|nrainey90 has 10 seconds to reconnect!\n|inactive|nrainey90 has 5 seconds to reconnect!\n|-message|nrainey90 lost due to inactivity.\n|\n|win|Rickinch\n|raw|nrainey90's rating: 1057 → 1041<\/strong> (-16 for losing)\n|raw|Rickinch's rating: 1109 → 1130<\/strong> (+21 for winning)\n","uploadtime":1682527760,"views":19,"p1id":"nrainey90","p2id":"rickinch","formatid":"gen9vgc2023regulationc","rating":1041,"private":0,"password":""}