{"id":"gen9vgc2023regulationc-1854316485","p1":"Accidental","p2":"Dackt","format":"[Gen 9] VGC 2023 Regulation C","log":"|j|\u2606Accidental\n|j|\u2606Dackt\n|t:|1682796198\n|gametype|doubles\n|player|p1|Accidental|ingo|\n|player|p2|Dackt|psychic|\n|teamsize|p1|6\n|teamsize|p2|6\n|gen|9\n|tier|[Gen 9] VGC 2023 Regulation C\n|rule|Species Clause: Limit one of each Pok\u00e9mon\n|rule|Item Clause: Limit one of each item\n|clearpoke\n|poke|p1|Palafin, L50, M|\n|poke|p1|Arcanine, L50, M|\n|poke|p1|Grimmsnarl, L50, M|\n|poke|p1|Foongus, L50, F|\n|poke|p1|Roaring Moon, L50|\n|poke|p1|Rotom-Mow, L50|\n|poke|p2|Garchomp, L50, M|\n|poke|p2|Iron Hands, L50|\n|poke|p2|Staraptor, L50, F|\n|poke|p2|Indeedee-F, L50, F|\n|poke|p2|Armarouge, L50, M|\n|poke|p2|Azumarill, L50, F|\n|teampreview|4\n|inactive|Battle timer is ON: inactive players will automatically lose when time's up. (requested by Dackt)\n|inactiveoff|Battle timer is now OFF.\nDackt rejected open team sheets.\n|c|\u2606Accidental|G3\n|j| sexy_Loki\n|l|\u2606Accidental\n|player|p1|\n|j| Wiliat9\n|j|\u2606Accidental\n|player|p1|Accidental|ingo\n|c|\u2606Dackt|glhf\n|l| sexy_Loki\n|\n|t:|1682797563\n|start\n|switch|p1a: FOGUS|Foongus, L50, F|100\/100\n|switch|p1b: I AM HERE|Palafin, L50, M|100\/100\n|switch|p2a: Garchomp|Garchomp, L50, M|100\/100\n|switch|p2b: Staraptor|Staraptor, L50, F|100\/100\n|-ability|p2b: Staraptor|Intimidate|boost\n|-unboost|p1a: FOGUS|atk|1\n|-unboost|p1b: I AM HERE|atk|1\n|turn|1\n|j| sexy_Loki\n|j| Grookey Supremacy\n|\n|t:|1682797612\n|detailschange|p1b: I AM HERE|Palafin-Hero, L50, M\n|switch|p1b: Rotom|Rotom-Mow, L50|100\/100\n|-terastallize|p1a: FOGUS|Dark\n|move|p2a: Garchomp|Dragon Claw|p1b: Rotom\n|-damage|p1b: Rotom|46\/100\n|-damage|p2a: Garchomp|91\/100|[from] item: Life Orb\n|move|p2b: Staraptor|Brave Bird|p1a: FOGUS\n|-damage|p1a: FOGUS|30\/100\n|-damage|p2b: Staraptor|75\/100|[from] Recoil\n|move|p1a: FOGUS|Spore|p2a: Garchomp\n|-status|p2a: Garchomp|slp|[from] move: Spore\n|\n|upkeep\n|turn|2\n|\n|t:|1682797651\n|move|p1a: FOGUS|Rage Powder|p1a: FOGUS\n|-singleturn|p1a: FOGUS|move: Rage Powder\n|cant|p2a: Garchomp|slp\n|move|p2b: Staraptor|Brave Bird|p1a: FOGUS\n|-damage|p1a: FOGUS|0 fnt\n|faint|p1a: FOGUS\n|-damage|p2b: Staraptor|64\/100|[from] Recoil\n|move|p1b: Rotom|Volt Switch|p2b: Staraptor\n|-supereffective|p2b: Staraptor\n|-damage|p2b: Staraptor|0 fnt\n|faint|p2b: Staraptor\n|\n|t:|1682797663\n|switch|p1b: I AM HERE|Palafin-Hero, L50, M|100\/100|[from] Volt Switch\n|-activate|p1b: I AM HERE|ability: Zero to Hero\n|\n|upkeep\n|\n|t:|1682797666\n|switch|p2b: Azumarill|Azumarill, L50, F|100\/100\n|switch|p1a: BLOODWING|Roaring Moon, L50|100\/100\n|-enditem|p1a: BLOODWING|Booster Energy\n|-activate|p1a: BLOODWING|ability: Protosynthesis|[fromitem]\n|-start|p1a: BLOODWING|protosynthesisspe\n|turn|3\n|l| sexy_Loki\n|\n|t:|1682797690\n|move|p1a: BLOODWING|Protect|p1a: BLOODWING\n|-singleturn|p1a: BLOODWING|Protect\n|-curestatus|p2a: Garchomp|slp|[msg]\n|move|p2a: Garchomp|Dragon Claw|p1b: I AM HERE\n|-crit|p1b: I AM HERE\n|-damage|p1b: I AM HERE|20\/100\n|-damage|p2a: Garchomp|81\/100|[from] item: Life Orb\n|move|p1b: I AM HERE|Wave Crash|p2a: Garchomp\n|-damage|p2a: Garchomp|3\/100\n|-damage|p1b: I AM HERE|8\/100|[from] ability: Rough Skin|[of] p2a: Garchomp\n|-damage|p1b: I AM HERE|0 fnt|[from] Recoil\n|faint|p1b: I AM HERE\n|move|p2b: Azumarill|Play Rough|p1a: BLOODWING\n|-activate|p1a: BLOODWING|move: Protect\n|\n|upkeep\n|c|\u2606Dackt|o\n|c|\u2606Accidental|O\n|c|\u2606Accidental|Man\n|\n|t:|1682797714\n|switch|p1b: Rotom|Rotom-Mow, L50|46\/100\n|turn|4\n|\n|t:|1682797748\n|move|p2b: Azumarill|Protect|p2b: Azumarill\n|-singleturn|p2b: Azumarill|Protect\n|move|p1a: BLOODWING|Breaking Swipe|p2a: Garchomp|[spread] p2a\n|-activate|p2b: Azumarill|move: Protect\n|-supereffective|p2a: Garchomp\n|-crit|p2a: Garchomp\n|-damage|p2a: Garchomp|0 fnt\n|-damage|p1a: BLOODWING|88\/100|[from] ability: Rough Skin|[of] p2a: Garchomp\n|faint|p2a: Garchomp\n|move|p1b: Rotom|Volt Switch|p2b: Azumarill\n|-activate|p2b: Azumarill|move: Protect\n|\n|upkeep\n|c|\u2606Accidental|O ok\n|\n|t:|1682797758\n|switch|p2a: Armarouge|Armarouge, L50, M|100\/100\n|turn|5\n|\n|t:|1682797828\n|-terastallize|p2a: Armarouge|Fairy\n|move|p1b: Rotom|Protect|p1b: Rotom\n|-singleturn|p1b: Rotom|Protect\n|move|p2b: Azumarill|Aqua Jet|p2a: Armarouge\n|-damage|p2a: Armarouge|92\/100\n|-ability|p2a: Armarouge|Weak Armor|boost\n|-unboost|p2a: Armarouge|def|1\n|-boost|p2a: Armarouge|spe|2\n|move|p1a: BLOODWING|Throat Chop|p2a: Armarouge\n|-resisted|p2a: Armarouge\n|-damage|p2a: Armarouge|60\/100\n|-start|p2a: Armarouge|Throat Chop|[silent]\n|-ability|p2a: Armarouge|Weak Armor|boost\n|-unboost|p2a: Armarouge|def|1\n|-boost|p2a: Armarouge|spe|2\n|move|p2a: Armarouge|Tera Blast|p1b: Rotom\n|-activate|p1b: Rotom|move: Protect\n|\n|upkeep\n|turn|6\n|\n|t:|1682797867\n|move|p1a: BLOODWING|Protect|p1a: BLOODWING\n|-singleturn|p1a: BLOODWING|Protect\n|move|p2a: Armarouge|Tera Blast|p1b: Rotom\n|-damage|p1b: Rotom|3\/100\n|move|p1b: Rotom|Leaf Storm|p2a: Armarouge\n|-damage|p2a: Armarouge|4\/100\n|-unboost|p1b: Rotom|spa|2\n|move|p2b: Azumarill|Play Rough|p1a: BLOODWING\n|-activate|p1a: BLOODWING|move: Protect\n|\n|-end|p2a: Armarouge|Throat Chop|[silent]\n|upkeep\n|turn|7\n|\n|t:|1682797899\n|move|p2b: Azumarill|Aqua Jet|p1b: Rotom\n|-resisted|p1b: Rotom\n|-damage|p1b: Rotom|0 fnt\n|faint|p1b: Rotom\n|move|p2a: Armarouge|Tera Blast|p1a: BLOODWING\n|-supereffective|p1a: BLOODWING\n|-damage|p1a: BLOODWING|0 fnt\n|faint|p1a: BLOODWING\n|-end|p1a: BLOODWING|Protosynthesis|[silent]\n|\n|win|Dackt\n|c|\u2606Accidental|Gg\n|c|\u2606Dackt|gg\n|c|\u2606Accidental|Unfort crit\n","uploadtime":1682797911,"views":20,"p1id":"accidental","p2id":"dackt","formatid":"gen9vgc2023regulationc","rating":0,"private":0,"password":""}