{"id":"gen9vgc2023regulationc-1850020212","p1":"Shit tier pro","p2":"Igetnotrout","format":"[Gen 9] VGC 2023 Regulation C","log":"|j|\u2606Shit tier pro\n|j|\u2606Igetnotrout\n|t:|1682278681\n|gametype|doubles\n|player|p1|Shit tier pro|101|1048\n|player|p2|Igetnotrout|fisherman|1122\n|teamsize|p1|6\n|teamsize|p2|6\n|gen|9\n|tier|[Gen 9] VGC 2023 Regulation C\n|rated|\n|rule|Species Clause: Limit one of each Pok\u00e9mon\n|rule|Item Clause: Limit one of each item\n|clearpoke\n|poke|p1|Palafin, L50, F|\n|poke|p1|Arboliva, L50, F|\n|poke|p1|Tauros-Paldea-Blaze, L50, M|\n|poke|p1|Salamence, L50, M|\n|poke|p1|Grimmsnarl, L50, M|\n|poke|p1|Garganacl, L50, F|\n|poke|p2|Bruxish, L50, F|\n|poke|p2|Flutter Mane, L50|\n|poke|p2|Murkrow, L50, F|\n|poke|p2|Scream Tail, L50|\n|poke|p2|Ting-Lu, L50|\n|poke|p2|Revavroom, L50, M|\n|teampreview|4\n|j| lastduck\nShit tier pro has agreed to open team sheets.\n|c|\u2606Shit tier pro|I just played this team\n|inactive|Battle timer is ON: inactive players will automatically lose when time's up. (requested by Igetnotrout)\n|c|\u2606Igetnotrout|mine?\n|c|\u2606Shit tier pro|unless you're the same guy\n|c|\u2606Shit tier pro|yeah\n|c|\u2606Igetnotrout|did you loose?\n|c|\u2606Shit tier pro|absolutely lol\n|c|\u2606Shit tier pro|was not expecting that shit\n|c|\u2606Igetnotrout|maybe it was me hah\n|inactive|Shit tier pro has 60 seconds left.\n|c|\u2606Shit tier pro|haha wow\n|c|\u2606Igetnotrout|same strats, flutter and brux\n|inactive|Shit tier pro has 30 seconds left.\n|c|\u2606Igetnotrout|and then murkrow and steel poison\n|\n|t:|1682278761\n|start\n|switch|p1a: Garganacl|Garganacl, L50, F|100\/100\n|switch|p1b: Salamence|Salamence, L50, M|100\/100\n|switch|p2a: Flutter Mane|Flutter Mane, L50|100\/100\n|switch|p2b: Bruxish|Bruxish, L50, F|100\/100\n|-ability|p1b: Salamence|Intimidate|boost\n|-unboost|p2a: Flutter Mane|atk|1\n|-unboost|p2b: Bruxish|atk|1\n|turn|1\n|l| lastduck\n|inactive|Igetnotrout has 30 seconds left.\n|c|\u2606Shit tier pro|yeah idk how to counter that\n|inactive|Igetnotrout has 20 seconds left.\n|c|\u2606Shit tier pro|dazzling gleam at plus two smokes my two mons\n|inactive|Igetnotrout has 15 seconds left.\n|inactive|Igetnotrout has 10 seconds left.\n|\n|t:|1682278807\n|-terastallize|p2a: Flutter Mane|Fire\n|move|p1a: Garganacl|Wide Guard|p1a: Garganacl\n|-singleturn|p1a: Garganacl|Wide Guard\n|move|p2b: Bruxish|Aqua Jet|p2a: Flutter Mane\n|-supereffective|p2a: Flutter Mane\n|-damage|p2a: Flutter Mane|48\/100\n|-enditem|p2a: Flutter Mane|Weakness Policy\n|-boost|p2a: Flutter Mane|atk|2|[from] item: Weakness Policy\n|-boost|p2a: Flutter Mane|spa|2|[from] item: Weakness Policy\n|move|p2a: Flutter Mane|Hex|p1b: Salamence\n|-damage|p1b: Salamence|12\/100\n|move|p1b: Salamence|Dragon Dance|p1b: Salamence\n|-boost|p1b: Salamence|atk|1\n|-boost|p1b: Salamence|spe|1\n|\n|upkeep\n|turn|2\n|\n|t:|1682278832\n|-terastallize|p1a: Garganacl|Grass\n|move|p1b: Salamence|Protect|p1b: Salamence\n|-singleturn|p1b: Salamence|Protect\n|move|p2b: Bruxish|Aqua Jet|p1b: Salamence\n|-activate|p1b: Salamence|move: Protect\n|move|p2a: Flutter Mane|Hex|p1a: Garganacl\n|-crit|p1a: Garganacl\n|-damage|p1a: Garganacl|65\/100\n|move|p1a: Garganacl|Salt Cure|p2a: Flutter Mane\n|-supereffective|p2a: Flutter Mane\n|-damage|p2a: Flutter Mane|0 fnt\n|faint|p2a: Flutter Mane\n|-end|p2a: Flutter Mane|Protosynthesis|[silent]\n|\n|upkeep\n|\n|t:|1682278845\n|switch|p2a: Murkrow|Murkrow, L50, F|100\/100\n|turn|3\n|\n|t:|1682278860\n|move|p2a: Murkrow|Tailwind|p2a: Murkrow\n|-sidestart|p2: Igetnotrout|move: Tailwind\n|move|p1b: Salamence|Dual Wingbeat|p2b: Bruxish\n|-damage|p2b: Bruxish|59\/100\n|-damage|p2b: Bruxish|16\/100\n|-hitcount|p2b: Bruxish|2\n|-enditem|p2b: Bruxish|Eject Button\n|\n|t:|1682278866\n|switch|p2b: Revavroom|Revavroom, L50, M|100\/100\n|move|p1a: Garganacl|Recover|p1a: Garganacl\n|-heal|p1a: Garganacl|100\/100\n|\n|upkeep\n|turn|4\n|\n|t:|1682278889\n|move|p2a: Murkrow|Protect|p2a: Murkrow\n|-singleturn|p2a: Murkrow|Protect\n|move|p2b: Revavroom|Poison Gas|p1b: Salamence|[spread] p1b\n|-miss|p2b: Revavroom|p1a: Garganacl\n|-status|p1b: Salamence|psn\n|move|p1b: Salamence|Dual Wingbeat|p2a: Murkrow\n|-activate|p2a: Murkrow|move: Protect\n|move|p1a: Garganacl|Salt Cure|p2b: Revavroom\n|-resisted|p2b: Revavroom\n|-damage|p2b: Revavroom|91\/100\n|-start|p2b: Revavroom|Salt Cure\n|\n|-damage|p1b: Salamence|0 fnt|[from] psn\n|faint|p1b: Salamence\n|-damage|p2b: Revavroom|67\/100|[from] Salt Cure\n|upkeep\n|\n|t:|1682278899\n|switch|p1b: Palafin|Palafin, L50, F|100\/100\n|turn|5\n|\n|t:|1682278914\n|switch|p2a: Bruxish|Bruxish, L50, F|16\/100\n|detailschange|p1b: Palafin|Palafin-Hero, L50, F\n|switch|p1b: Arboliva|Arboliva, L50, F|100\/100\n|move|p2b: Revavroom|Spin Out|p1a: Garganacl\n|-damage|p1a: Garganacl|68\/100\n|-unboost|p2b: Revavroom|spe|2\n|-enditem|p2b: Revavroom|White Herb\n|-clearnegativeboost|p2b: Revavroom|[silent]\n|move|p1a: Garganacl|Block|p2b: Revavroom\n|-activate|p2b: Revavroom|trapped\n|\n|-damage|p2b: Revavroom|42\/100|[from] Salt Cure\n|upkeep\n|turn|6\n|inactive|Igetnotrout has 30 seconds left.\n|inactive|Igetnotrout has 20 seconds left.\n|inactive|Igetnotrout has 15 seconds left.\n|\n|t:|1682278955\n|move|p2b: Revavroom|Spin Out|p1a: Garganacl\n|-damage|p1a: Garganacl|35\/100\n|-unboost|p2b: Revavroom|spe|2\n|move|p2a: Bruxish|Wave Crash|p1a: Garganacl\n|-resisted|p1a: Garganacl\n|-damage|p1a: Garganacl|17\/100\n|-enditem|p1a: Garganacl|Luminous Moss\n|-boost|p1a: Garganacl|spd|1|[from] item: Luminous Moss\n|-damage|p2a: Bruxish|9\/100|[from] Recoil\n|move|p1b: Arboliva|Strength Sap|p2a: Bruxish\n|-unboost|p2a: Bruxish|atk|1\n|move|p1a: Garganacl|Recover|p1a: Garganacl\n|-heal|p1a: Garganacl|68\/100\n|\n|-damage|p2b: Revavroom|18\/100|[from] Salt Cure\n|-sideend|p2: Igetnotrout|move: Tailwind\n|upkeep\n|turn|7\n|c|\u2606Shit tier pro|not so easily beat this time\n|inactive|Shit tier pro has 30 seconds left.\n|inactive|Igetnotrout has 30 seconds left.\n|inactive|Shit tier pro has 20 seconds left.\n|inactive|Igetnotrout has 20 seconds left.\n|c|\u2606Igetnotrout|indeed\n|inactive|Igetnotrout has 15 seconds left.\n|inactive|Igetnotrout has 10 seconds left.\n|\n|t:|1682279003\n|move|p2b: Revavroom|Protect|p2b: Revavroom\n|-singleturn|p2b: Revavroom|Protect\n|move|p2a: Bruxish|Aqua Jet|p1a: Garganacl\n|-resisted|p1a: Garganacl\n|-damage|p1a: Garganacl|64\/100\n|move|p1b: Arboliva|Pollen Puff|p1a: Garganacl\n|-heal|p1a: Garganacl|100\/100\n|move|p1a: Garganacl|Salt Cure|p2a: Bruxish\n|-damage|p2a: Bruxish|0 fnt\n|faint|p2a: Bruxish\n|\n|-damage|p2b: Revavroom|0 fnt|[from] Salt Cure\n|faint|p2b: Revavroom\n|upkeep\n|c|\u2606Shit tier pro|tera grass block garg is rough\n|\n|t:|1682279018\n|switch|p2b: Murkrow|Murkrow, L50, F|100\/100\n|turn|8\n|c|\u2606Shit tier pro|plus luminous moss for the water type moves that it baits\n|c|\u2606Igetnotrout|gg, I dont have any attacks\n|c|\u2606Shit tier pro|gg man\n|inactive|Igetnotrout has 30 seconds left.\n|-message|Igetnotrout forfeited.\n|\n|win|Shit tier pro\n|raw|Shit tier pro's rating: 1048 → 1088<\/strong> (+40 for winning)\n|raw|Igetnotrout's rating: 1122 → 1092<\/strong> (-30 for losing)\n|l|\u2606Igetnotrout\n|c|\u2606Shit tier pro|gl next match\n","uploadtime":1682279050,"views":13,"p1id":"shittierpro","p2id":"igetnotrout","formatid":"gen9vgc2023regulationc","rating":1088,"private":0,"password":""}