{"id":"gen9vgc2023regulationc-1847423067","p1":"battlerealm","p2":"Kiryae","format":"[Gen 9] VGC 2023 Regulation C","log":"|j|\u2606battlerealm\n|j|\u2606Kiryae\n|t:|1681953323\n|gametype|doubles\n|player|p1|battlerealm|102|1173\n|player|p2|Kiryae|170|1244\n|teamsize|p1|6\n|teamsize|p2|6\n|gen|9\n|tier|[Gen 9] VGC 2023 Regulation C\n|rated|\n|rule|Species Clause: Limit one of each Pok\u00e9mon\n|rule|Item Clause: Limit one of each item\n|clearpoke\n|poke|p1|Palafin, L50, M|\n|poke|p1|Chien-Pao, L50|\n|poke|p1|Iron Moth, L50|\n|poke|p1|Farigiraf, L50, F|\n|poke|p1|Flutter Mane, L50|\n|poke|p1|Scizor, L50, M|\n|poke|p2|Gholdengo, L50|\n|poke|p2|Arcanine, L50, M|\n|poke|p2|Palafin, L50, F|\n|poke|p2|Roaring Moon, L50|\n|poke|p2|Amoonguss, L50, F|\n|poke|p2|Ting-Lu, L50|\n|teampreview|4\n|inactive|Battle timer is ON: inactive players will automatically lose when time's up. (requested by Kiryae)\n|inactive|battlerealm has 60 seconds left.\n|inactive|Kiryae has 60 seconds left.\n|\n|t:|1681953377\n|start\n|switch|p1a: Iron Moth|Iron Moth, L50|100\/100\n|switch|p1b: Flutter Mane|Flutter Mane, L50|100\/100\n|switch|p2a: Arcanine|Arcanine, L50, M|100\/100\n|switch|p2b: Roaring Moon|Roaring Moon, L50|100\/100\n|-ability|p2a: Arcanine|Intimidate|boost\n|-unboost|p1a: Iron Moth|atk|1\n|-unboost|p1b: Flutter Mane|atk|1\n|-enditem|p2b: Roaring Moon|Booster Energy\n|-activate|p2b: Roaring Moon|ability: Protosynthesis|[fromitem]\n|-start|p2b: Roaring Moon|protosynthesisatk\n|-enditem|p1a: Iron Moth|Booster Energy\n|-activate|p1a: Iron Moth|ability: Quark Drive|[fromitem]\n|-start|p1a: Iron Moth|quarkdrivespa\n|turn|1\n|inactive|battlerealm has 30 seconds left.\n|inactive|Kiryae has 30 seconds left.\n|inactive|battlerealm has 20 seconds left.\n|\n|t:|1681953412\n|-terastallize|p1b: Flutter Mane|Fairy\n|move|p2b: Roaring Moon|Protect|p2b: Roaring Moon\n|-singleturn|p2b: Roaring Moon|Protect\n|move|p1b: Flutter Mane|Dazzling Gleam|p2b: Roaring Moon|[spread] p2a\n|-activate|p2b: Roaring Moon|move: Protect\n|-resisted|p2a: Arcanine\n|-damage|p2a: Arcanine|66\/100\n|move|p2a: Arcanine|Howl|p2a: Arcanine|[spread] p2a,p2b\n|-boost|p2a: Arcanine|atk|1\n|-boost|p2b: Roaring Moon|atk|1\n|move|p1a: Iron Moth|Acid Spray|p2a: Arcanine\n|-damage|p2a: Arcanine|32\/100\n|-unboost|p2a: Arcanine|spd|2\n|\n|upkeep\n|turn|2\n|inactive|battlerealm has 30 seconds left.\n|inactive|battlerealm has 20 seconds left.\n|j| SundaeLuvr378\n|inactive|battlerealm has 15 seconds left.\n|inactive|battlerealm has 10 seconds left.\n|\n|t:|1681953457\n|switch|p2a: Ting-Lu|Ting-Lu, L50|100\/100\n|-ability|p2a: Ting-Lu|Vessel of Ruin\n|-terastallize|p2b: Roaring Moon|Flying\n|move|p1b: Flutter Mane|Dazzling Gleam|p2a: Ting-Lu|[spread] p2a,p2b\n|-supereffective|p2a: Ting-Lu\n|-damage|p2a: Ting-Lu|61\/100\n|-damage|p2b: Roaring Moon|53\/100\n|move|p2b: Roaring Moon|Acrobatics|p1b: Flutter Mane\n|-damage|p1b: Flutter Mane|0 fnt\n|faint|p1b: Flutter Mane\n|-end|p1b: Flutter Mane|Protosynthesis|[silent]\n|move|p1a: Iron Moth|Heat Wave|p2a: Ting-Lu|[spread] p2a,p2b\n|-damage|p2a: Ting-Lu|43\/100\n|-damage|p2b: Roaring Moon|15\/100\n|\n|upkeep\n|\n|t:|1681953477\n|switch|p1b: Chien-Pao|Chien-Pao, L50|100\/100\n|-ability|p1b: Chien-Pao|Sword of Ruin\n|turn|3\n|l|\u2606battlerealm\n|inactive|battlerealm disconnected and has a minute to reconnect!\n|player|p1|\n|inactive|battlerealm has 30 seconds left.\n|j|\u2606battlerealm\n|inactive|battlerealm reconnected and has 30 seconds left.\n|player|p1|battlerealm|102\n|inactive|battlerealm has 20 seconds left.\n|\n|t:|1681953515\n|-end|p2b: Roaring Moon|Protosynthesis|[silent]\n|switch|p2b: Amoonguss|Amoonguss, L50, F|100\/100\n|switch|p2a: Arcanine|Arcanine, L50, M|32\/100\n|-ability|p2a: Arcanine|Intimidate|boost\n|-unboost|p1a: Iron Moth|atk|1\n|-unboost|p1b: Chien-Pao|atk|1\n|move|p1b: Chien-Pao|Sacred Sword|p2b: Amoonguss\n|-resisted|p2b: Amoonguss\n|-damage|p2b: Amoonguss|89\/100\n|move|p1a: Iron Moth|Energy Ball|p2a: Arcanine\n|-resisted|p2a: Arcanine\n|-damage|p2a: Arcanine|7\/100\n|\n|upkeep\n|turn|4\n|inactive|battlerealm has 30 seconds left.\n|inactive|Kiryae has 30 seconds left.\n|\n|t:|1681953545\n|switch|p1b: Farigiraf|Farigiraf, L50, F|100\/100\n|move|p2a: Arcanine|Extreme Speed||[still]\n|cant|p1b: Farigiraf|ability: Armor Tail|Extreme Speed|[of] p2a: Arcanine\n|move|p1a: Iron Moth|Heat Wave|p2a: Arcanine|[spread] p2a,p2b\n|-resisted|p2a: Arcanine\n|-supereffective|p2b: Amoonguss\n|-damage|p2a: Arcanine|0 fnt\n|-damage|p2b: Amoonguss|1\/100\n|-enditem|p2b: Amoonguss|Sitrus Berry|[eat]\n|-heal|p2b: Amoonguss|26\/100|[from] item: Sitrus Berry\n|faint|p2a: Arcanine\n|move|p2b: Amoonguss|Spore|p1b: Farigiraf\n|-status|p1b: Farigiraf|slp|[from] move: Spore\n|\n|upkeep\n|\n|t:|1681953558\n|switch|p2a: Roaring Moon|Roaring Moon, L50, tera:Flying|15\/100\n|turn|5\n|\n|t:|1681953569\n|move|p2a: Roaring Moon|Acrobatics|p1a: Iron Moth\n|-damage|p1a: Iron Moth|21\/100\n|move|p1a: Iron Moth|Heat Wave|p2a: Roaring Moon|[spread] p2a,p2b\n|-supereffective|p2b: Amoonguss\n|-damage|p2a: Roaring Moon|0 fnt\n|-damage|p2b: Amoonguss|0 fnt\n|faint|p2a: Roaring Moon\n|-end|p2a: Roaring Moon|Protosynthesis|[silent]\n|faint|p2b: Amoonguss\n|cant|p1b: Farigiraf|slp\n|\n|upkeep\n|-message|Kiryae forfeited.\n|\n|win|battlerealm\n|raw|battlerealm's rating: 1173 → 1203<\/strong> (+30 for winning)\n|raw|Kiryae's rating: 1244 → 1214<\/strong> (-30 for losing)\n","uploadtime":1681953581,"views":11,"p1id":"battlerealm","p2id":"kiryae","formatid":"gen9vgc2023regulationc","rating":1203,"private":0,"password":""}