{"id":"gen9vgc2023regulationc-1864394041","p1":"GetDududunsparced","p2":"JMBVCJ","format":"[Gen 9] VGC 2023 Regulation C","log":"|j|\u2606GetDududunsparced\n|j|\u2606JMBVCJ\n|t:|1684162659\n|gametype|doubles\n|player|p1|GetDududunsparced|cynthia|1165\n|player|p2|JMBVCJ|clerk|1151\n|teamsize|p1|6\n|teamsize|p2|6\n|gen|9\n|tier|[Gen 9] VGC 2023 Regulation C\n|rated|\n|rule|Species Clause: Limit one of each Pok\u00e9mon\n|rule|Item Clause: Limit one of each item\n|clearpoke\n|poke|p1|Dudunsparce-*, L50, M|\n|poke|p1|Oranguru, L50, F|\n|poke|p1|Iron Hands, L50|\n|poke|p1|Bronzong, L50|\n|poke|p1|Torkoal, L50, M|\n|poke|p1|Ting-Lu, L50|\n|poke|p2|Pincurchin, L50, F|\n|poke|p2|Hawlucha, L50, F|\n|poke|p2|Iron Hands, L50|\n|poke|p2|Iron Jugulis, L50|\n|poke|p2|Gholdengo, L50|\n|poke|p2|Dudunsparce-*, L50, F|\n|teampreview|4\n|c|\u2606GetDududunsparced|YOOOOOOOOOOOOOOOOOOOOOOOOOOOOOO\n|c|\u2606JMBVCJ|NICE LOL\n|j| djeluminia\n|c|\u2606GetDududunsparced|HAHHAHAHA\n|c|\u2606GetDududunsparced|SPECATOR\n|c|\u2606GetDududunsparced|Wait\n|c|\u2606GetDududunsparced|Don't do timer\n|c|\u2606GetDududunsparced|I wanna send the link to one of my friends\n|l| djeluminia\n|c|\u2606GetDududunsparced|Who also uses Duduns\n|c|\u2606GetDududunsparced|OH\n|c|\u2606GetDududunsparced|NM\n|c|\u2606GetDududunsparced|HAHHAHA\n|c|\u2606GetDududunsparced|I am ready\n|\n|t:|1684162739\n|start\n|switch|p1a: Oranguru|Oranguru, L50, F|100\/100\n|switch|p1b: Dudunsparce|Dudunsparce, L50, M|100\/100\n|switch|p2a: Pincurchin|Pincurchin, L50, F|100\/100\n|switch|p2b: Iron Hands|Iron Hands, L50|100\/100\n|-fieldstart|move: Electric Terrain|[from] ability: Electric Surge|[of] p2a: Pincurchin\n|-activate|p2b: Iron Hands|ability: Quark Drive\n|-start|p2b: Iron Hands|quarkdrivedef\n|turn|1\n|\n|t:|1684162763\n|move|p1b: Dudunsparce|Protect|p1b: Dudunsparce\n|-singleturn|p1b: Dudunsparce|Protect\n|move|p2b: Iron Hands|Fake Out|p1a: Oranguru\n|-damage|p1a: Oranguru|90\/100\n|move|p2a: Pincurchin|Poison Jab|p1b: Dudunsparce\n|-activate|p1b: Dudunsparce|move: Protect\n|cant|p1a: Oranguru|flinch\n|\n|upkeep\n|turn|2\n|\n|t:|1684162815\n|-terastallize|p1b: Dudunsparce|Rock\n|move|p2b: Iron Hands|Drain Punch|p1b: Dudunsparce\n|-supereffective|p1b: Dudunsparce\n|-damage|p1b: Dudunsparce|35\/100\n|-enditem|p1b: Dudunsparce|Weakness Policy\n|-boost|p1b: Dudunsparce|atk|2|[from] item: Weakness Policy\n|-boost|p1b: Dudunsparce|spa|2|[from] item: Weakness Policy\n|-activate|p1a: Oranguru|ability: Symbiosis|Wide Lens|[of] p1b: Dudunsparce\n|move|p1b: Dudunsparce|Rock Slide|p2a: Pincurchin|[spread] p2a,p2b\n|-resisted|p2b: Iron Hands\n|-damage|p2a: Pincurchin|30\/100\n|-damage|p2b: Iron Hands|90\/100\n|move|p2a: Pincurchin|Poison Jab|p1b: Dudunsparce\n|-resisted|p1b: Dudunsparce\n|-damage|p1b: Dudunsparce|22\/100\n|move|p1a: Oranguru|Trick Room|p1a: Oranguru\n|-fieldstart|move: Trick Room|[of] p1a: Oranguru\n|\n|upkeep\n|turn|3\n|\n|t:|1684162852\n|move|p2a: Pincurchin|Wild Charge|p1b: Dudunsparce\n|-crit|p1b: Dudunsparce\n|-damage|p1b: Dudunsparce|0 fnt\n|faint|p1b: Dudunsparce\n|-damage|p2a: Pincurchin|19\/100|[from] Recoil\n|move|p1a: Oranguru|Instruct|p1: Dudunsparce|[notarget]\n|-fail|p1a: Oranguru\n|move|p2b: Iron Hands|Drain Punch|p1a: Oranguru\n|-damage|p1a: Oranguru|60\/100\n|-heal|p2b: Iron Hands|100\/100|[from] drain|[of] p1a: Oranguru\n|\n|upkeep\n|\n|t:|1684162864\n|switch|p1b: Torkoal|Torkoal, L50, M|100\/100\n|-weather|SunnyDay|[from] ability: Drought|[of] p1b: Torkoal\n|turn|4\n|c|\u2606GetDududunsparced|I hate how Iron Hands was slower\n|c|\u2606GetDududunsparced|But so be it\n|\n|t:|1684162885\n|move|p1b: Torkoal|Eruption|p2a: Pincurchin|[spread] p2a,p2b\n|-damage|p2a: Pincurchin|0 fnt\n|-damage|p2b: Iron Hands|47\/100\n|faint|p2a: Pincurchin\n|move|p1a: Oranguru|Instruct|p1b: Torkoal\n|-singleturn|p1b: Torkoal|move: Instruct|[of] p1a: Oranguru\n|move|p1b: Torkoal|Eruption|p2b: Iron Hands\n|-damage|p2b: Iron Hands|0 fnt\n|faint|p2b: Iron Hands\n|-end|p2b: Iron Hands|Quark Drive|[silent]\n|\n|-weather|SunnyDay|[upkeep]\n|upkeep\n|\n|t:|1684162897\n|switch|p2a: Gholdengo|Gholdengo, L50|100\/100\n|switch|p2b: Dudunsparce|Dudunsparce, L50, F|100\/100\n|turn|5\n|\n|t:|1684162928\n|-terastallize|p2b: Dudunsparce|Poison\n|move|p1b: Torkoal|Eruption|p2b: Dudunsparce|[spread] p2a,p2b\n|-supereffective|p2a: Gholdengo\n|-damage|p2a: Gholdengo|0 fnt\n|-damage|p2b: Dudunsparce|16\/100\n|faint|p2a: Gholdengo\n|move|p1a: Oranguru|Instruct|p1b: Torkoal\n|-singleturn|p1b: Torkoal|move: Instruct|[of] p1a: Oranguru\n|move|p1b: Torkoal|Eruption|p2b: Dudunsparce\n|-damage|p2b: Dudunsparce|0 fnt\n|faint|p2b: Dudunsparce\n|\n|win|GetDududunsparced\n|raw|GetDududunsparced's rating: 1165 → 1189<\/strong> (+24 for winning)\n|raw|JMBVCJ's rating: 1151 → 1127<\/strong> (-24 for losing)\n|c|\u2606GetDududunsparced|gg\n|c|\u2606JMBVCJ|GG!\n|l|\u2606JMBVCJ\n","uploadtime":1684162950,"views":4,"p1id":"getdududunsparced","p2id":"jmbvcj","formatid":"gen9vgc2023regulationc","rating":1127,"private":0,"password":""}