{"id":"gen9vgc2023regulationc-1849928803","p1":"PeekayW","p2":"Galcyon","format":"[Gen 9] VGC 2023 Regulation C","log":"|j|\u2606PeekayW\n|j|\u2606Galcyon\n|t:|1682269118\n|gametype|doubles\n|player|p1|PeekayW|169|1295\n|player|p2|Galcyon|gambler|1221\n|teamsize|p1|6\n|teamsize|p2|6\n|gen|9\n|tier|[Gen 9] VGC 2023 Regulation C\n|rated|\n|rule|Species Clause: Limit one of each Pok\u00e9mon\n|rule|Item Clause: Limit one of each item\n|clearpoke\n|poke|p1|Scizor, L50, F|\n|poke|p1|Flutter Mane, L50|\n|poke|p1|Rotom-Wash, L50|\n|poke|p1|Arcanine, L50, M|\n|poke|p1|Chien-Pao, L50|\n|poke|p1|Great Tusk, L50|\n|poke|p2|Scizor, L50, F|\n|poke|p2|Dragapult, L50, F|\n|poke|p2|Sandy Shocks, L50|\n|poke|p2|Chi-Yu, L50|\n|poke|p2|Azumarill, L50, M|\n|poke|p2|Abomasnow, L50, M|\n|teampreview|4\nPeekayW has agreed to open team sheets.\n|inactive|Battle timer is ON: inactive players will automatically lose when time's up. (requested by PeekayW)\n|\n|t:|1682269162\n|start\n|switch|p1a: Arcanine|Arcanine, L50, M|100\/100\n|switch|p1b: Great Tusk|Great Tusk, L50|100\/100\n|switch|p2a: Azumarill|Azumarill, L50, M|100\/100\n|switch|p2b: Chi-Yu|Chi-Yu, L50|100\/100\n|-ability|p2b: Chi-Yu|Beads of Ruin\n|-ability|p1a: Arcanine|Intimidate|boost\n|-unboost|p2a: Azumarill|atk|1\n|-unboost|p2b: Chi-Yu|atk|1\n|turn|1\n|\n|t:|1682269187\n|switch|p1a: Rotom|Rotom-Wash, L50|100\/100\n|move|p2b: Chi-Yu|Protect|p2b: Chi-Yu\n|-singleturn|p2b: Chi-Yu|Protect\n|move|p1b: Great Tusk|Earthquake|p2a: Azumarill|[spread] p2a\n|-activate|p2b: Chi-Yu|move: Protect\n|-immune|p1a: Rotom|[from] ability: Levitate\n|-damage|p2a: Azumarill|56\/100\n|move|p2a: Azumarill|Waterfall|p1b: Great Tusk\n|-supereffective|p1b: Great Tusk\n|-damage|p1b: Great Tusk|50\/100\n|\n|upkeep\n|turn|2\n|\n|t:|1682269209\n|-terastallize|p2b: Chi-Yu|Water\n|move|p1b: Great Tusk|Earthquake|p2a: Azumarill|[spread] p2a,p2b\n|-immune|p1a: Rotom|[from] ability: Levitate\n|-damage|p2a: Azumarill|11\/100\n|-damage|p2b: Chi-Yu|52\/100\n|move|p2b: Chi-Yu|Dark Pulse|p1a: Rotom\n|-damage|p1a: Rotom|41\/100\n|cant|p1a: Rotom|flinch\n|move|p2a: Azumarill|Waterfall|p1b: Great Tusk\n|-supereffective|p1b: Great Tusk\n|-damage|p1b: Great Tusk|0 fnt\n|faint|p1b: Great Tusk\n|-end|p1b: Great Tusk|Protosynthesis|[silent]\n|\n|-heal|p1a: Rotom|46\/100|[from] item: Leftovers\n|upkeep\n|\n|t:|1682269223\n|switch|p1b: Scizor|Scizor, L50, F|100\/100\n|turn|3\n|\n|t:|1682269239\n|-terastallize|p1b: Scizor|Water\n|move|p2a: Azumarill|Aqua Jet|p1a: Rotom\n|-resisted|p1a: Rotom\n|-damage|p1a: Rotom|39\/100\n|move|p1b: Scizor|Bullet Punch|p2a: Azumarill\n|-damage|p2a: Azumarill|0 fnt\n|faint|p2a: Azumarill\n|move|p2b: Chi-Yu|Heat Wave|p1b: Scizor|[spread] p1a,p1b\n|-resisted|p1a: Rotom\n|-resisted|p1b: Scizor\n|-damage|p1a: Rotom|14\/100\n|-damage|p1b: Scizor|71\/100\n|move|p1a: Rotom|Thunderbolt|p2b: Chi-Yu\n|-supereffective|p2b: Chi-Yu\n|-damage|p2b: Chi-Yu|0 fnt\n|faint|p2b: Chi-Yu\n|\n|-heal|p1a: Rotom|20\/100|[from] item: Leftovers\n|upkeep\n|\n|t:|1682269262\n|switch|p2b: Scizor|Scizor, L50, F|100\/100\n|switch|p2a: Sandy Shocks|Sandy Shocks, L50|100\/100\n|-enditem|p2a: Sandy Shocks|Booster Energy\n|-activate|p2a: Sandy Shocks|ability: Protosynthesis|[fromitem]\n|-start|p2a: Sandy Shocks|protosynthesisspe\n|turn|4\n|\n|t:|1682269272\n|switch|p1b: Arcanine|Arcanine, L50, M|100\/100\n|-ability|p1b: Arcanine|Intimidate|boost\n|-unboost|p2a: Sandy Shocks|atk|1\n|-unboost|p2b: Scizor|atk|1\n|move|p1a: Rotom|Protect|p1a: Rotom\n|-singleturn|p1a: Rotom|Protect\n|move|p2b: Scizor|Bullet Punch|p1a: Rotom\n|-activate|p1a: Rotom|move: Protect\n|move|p2a: Sandy Shocks|Thunderbolt|p1b: Arcanine\n|-damage|p1b: Arcanine|71\/100\n|-status|p1b: Arcanine|par\n|\n|-heal|p1a: Rotom|25\/100|[from] item: Leftovers\n|upkeep\n|turn|5\n|\n|t:|1682269290\n|switch|p1a: Scizor|Scizor, L50, F, tera:Water|71\/100\n|move|p2b: Scizor|Bullet Punch|p1a: Scizor\n|-resisted|p1a: Scizor\n|-damage|p1a: Scizor|55\/100\n|-damage|p2b: Scizor|91\/100|[from] item: Life Orb\n|move|p2a: Sandy Shocks|Earth Power|p1b: Arcanine\n|-supereffective|p1b: Arcanine\n|-damage|p1b: Arcanine|16\/100 par\n|move|p1b: Arcanine|Flare Blitz|p2b: Scizor\n|-supereffective|p2b: Scizor\n|-damage|p2b: Scizor|0 fnt\n|faint|p2b: Scizor\n|-damage|p1b: Arcanine|0 fnt|[from] Recoil\n|faint|p1b: Arcanine\n|\n|upkeep\n|\n|t:|1682269304\n|switch|p1b: Rotom|Rotom-Wash, L50|25\/100\n|turn|6\n|\n|t:|1682269313\n|move|p1b: Rotom|Protect|p1b: Rotom\n|-singleturn|p1b: Rotom|Protect\n|move|p2a: Sandy Shocks|Thunderbolt|p1b: Rotom\n|-activate|p1b: Rotom|move: Protect\n|move|p1a: Scizor|Close Combat|p2a: Sandy Shocks\n|-damage|p2a: Sandy Shocks|48\/100\n|-unboost|p1a: Scizor|def|1\n|-unboost|p1a: Scizor|spd|1\n|\n|-heal|p1b: Rotom|31\/100|[from] item: Leftovers\n|upkeep\n|turn|7\n|\n|t:|1682269330\n|move|p1a: Scizor|Bullet Punch|p2a: Sandy Shocks\n|-resisted|p2a: Sandy Shocks\n|-damage|p2a: Sandy Shocks|29\/100\n|move|p2a: Sandy Shocks|Thunderbolt|p1a: Scizor\n|-supereffective|p1a: Scizor\n|-damage|p1a: Scizor|0 fnt\n|faint|p1a: Scizor\n|move|p1b: Rotom|Hydro Pump|p2a: Sandy Shocks\n|-supereffective|p2a: Sandy Shocks\n|-damage|p2a: Sandy Shocks|0 fnt\n|faint|p2a: Sandy Shocks\n|-end|p2a: Sandy Shocks|Protosynthesis|[silent]\n|\n|win|PeekayW\n|raw|PeekayW's rating: 1295 → 1315<\/strong> (+20 for winning)\n|raw|Galcyon's rating: 1221 → 1201<\/strong> (-20 for losing)\n|l|\u2606Galcyon\n","uploadtime":1682269342,"views":14,"p1id":"peekayw","p2id":"galcyon","formatid":"gen9vgc2023regulationc","rating":1201,"private":0,"password":""}