{"id":"gen9vgc2023regulationc-1856870169","p1":"DanielP4l4d1n0","p2":"RitmanTesting1","format":"[Gen 9] VGC 2023 Regulation C","log":"|j|\u2606DanielP4l4d1n0\n|j|\u2606RitmanTesting1\n|t:|1683121235\n|gametype|doubles\n|player|p1|DanielP4l4d1n0|will|1409\n|player|p2|RitmanTesting1|byron|1336\n|teamsize|p1|6\n|teamsize|p2|6\n|gen|9\n|tier|[Gen 9] VGC 2023 Regulation C\n|rated|\n|rule|Species Clause: Limit one of each Pok\u00e9mon\n|rule|Item Clause: Limit one of each item\n|clearpoke\n|poke|p1|Ting-Lu, L50|\n|poke|p1|Ceruledge, L50, F|\n|poke|p1|Flutter Mane, L50|\n|poke|p1|Amoonguss, L50, M|\n|poke|p1|Gyarados, L50, F|\n|poke|p1|Iron Bundle, L50|\n|poke|p2|Chien-Pao, L50|\n|poke|p2|Flutter Mane, L50|\n|poke|p2|Amoonguss, L50, F|\n|poke|p2|Iron Hands, L50|\n|poke|p2|Palafin, L50, M|\n|poke|p2|Pelipper, L50, M|\n|teampreview|4\n|inactive|Battle timer is ON: inactive players will automatically lose when time's up. (requested by RitmanTesting1)\nDanielP4l4d1n0 has agreed to open team sheets.\nRitmanTesting1 has agreed to open team sheets.\n|inactive|DanielP4l4d1n0 has 60 seconds left.\n|\n|t:|1683121273\n|start\n|switch|p1a: Flutter Mane|Flutter Mane, L50|100\/100\n|switch|p1b: Gyarados|Gyarados, L50, F|100\/100\n|switch|p2a: Iron Hands|Iron Hands, L50|100\/100\n|switch|p2b: Palafin|Palafin, L50, M|100\/100\n|-ability|p1b: Gyarados|Intimidate|boost\n|-unboost|p2a: Iron Hands|atk|1\n|-unboost|p2b: Palafin|atk|1\n|turn|1\n|\n|t:|1683121297\n|detailschange|p2b: Palafin|Palafin-Hero, L50, M\n|switch|p2b: Pelipper|Pelipper, L50, M|100\/100\n|-weather|RainDance|[from] ability: Drizzle|[of] p2b: Pelipper\n|switch|p1b: Amoonguss|Amoonguss, L50, M|100\/100\n|-terastallize|p2a: Iron Hands|Poison\n|move|p1a: Flutter Mane|Moonblast|p2b: Pelipper\n|-damage|p2b: Pelipper|14\/100\n|-unboost|p2b: Pelipper|spa|1\n|move|p2a: Iron Hands|Volt Switch|p1b: Amoonguss\n|-resisted|p1b: Amoonguss\n|-damage|p1b: Amoonguss|95\/100\n|\n|t:|1683121311\n|-end|p2a: Iron Hands|Quark Drive|[silent]\n|switch|p2a: Chien-Pao|Chien-Pao, L50|100\/100|[from] Volt Switch\n|-ability|p2a: Chien-Pao|Sword of Ruin\n|\n|-weather|RainDance|[upkeep]\n|upkeep\n|turn|2\n|inactive|DanielP4l4d1n0 has 30 seconds left.\n|\n|t:|1683121343\n|-end|p1a: Flutter Mane|Protosynthesis|[silent]\n|switch|p1a: Gyarados|Gyarados, L50, F|100\/100\n|-ability|p1a: Gyarados|Intimidate|boost\n|-unboost|p2a: Chien-Pao|atk|1\n|-unboost|p2b: Pelipper|atk|1\n|-terastallize|p1b: Amoonguss|Steel\n|move|p2b: Pelipper|Wide Guard|p2b: Pelipper\n|-singleturn|p2b: Pelipper|Wide Guard\n|move|p2a: Chien-Pao|Ice Spinner|p1b: Amoonguss\n|-resisted|p1b: Amoonguss\n|-damage|p1b: Amoonguss|80\/100\n|move|p1b: Amoonguss|Pollen Puff|p2a: Chien-Pao\n|-supereffective|p2a: Chien-Pao\n|-damage|p2a: Chien-Pao|41\/100\n|\n|-weather|RainDance|[upkeep]\n|upkeep\n|turn|3\n|\n|t:|1683121363\n|switch|p2a: Iron Hands|Iron Hands, L50, tera:Poison|100\/100\n|move|p1b: Amoonguss|Protect|p1b: Amoonguss\n|-singleturn|p1b: Amoonguss|Protect\n|move|p1a: Gyarados|Waterfall|p2a: Iron Hands\n|-damage|p2a: Iron Hands|68\/100\n|move|p2b: Pelipper|Tailwind|p2b: Pelipper\n|-sidestart|p2: RitmanTesting1|move: Tailwind\n|\n|-weather|RainDance|[upkeep]\n|upkeep\n|turn|4\n|\n|t:|1683121384\n|switch|p1b: Flutter Mane|Flutter Mane, L50|100\/100\n|move|p2b: Pelipper|Chilling Water|p1b: Flutter Mane\n|-damage|p1b: Flutter Mane|85\/100\n|-unboost|p1b: Flutter Mane|atk|1\n|move|p2a: Iron Hands|Drain Punch|p1b: Flutter Mane\n|-immune|p1b: Flutter Mane\n|move|p1a: Gyarados|Waterfall|p2b: Pelipper\n|-resisted|p2b: Pelipper\n|-damage|p2b: Pelipper|0 fnt\n|faint|p2b: Pelipper\n|\n|-weather|RainDance|[upkeep]\n|upkeep\n|\n|t:|1683121392\n|switch|p2b: Palafin|Palafin-Hero, L50, M|100\/100\n|-activate|p2b: Palafin|ability: Zero to Hero\n|turn|5\n|\n|t:|1683121411\n|-end|p1b: Flutter Mane|Protosynthesis|[silent]\n|switch|p1b: Iron Bundle|Iron Bundle, L50|100\/100\n|-enditem|p1b: Iron Bundle|Booster Energy\n|-activate|p1b: Iron Bundle|ability: Quark Drive|[fromitem]\n|-start|p1b: Iron Bundle|quarkdrivespe\n|switch|p1a: Amoonguss|Amoonguss, L50, M, tera:Steel|100\/100\n|move|p2b: Palafin|Jet Punch|p1b: Iron Bundle\n|-resisted|p1b: Iron Bundle\n|-damage|p1b: Iron Bundle|60\/100\n|move|p2a: Iron Hands|Volt Switch|p1a: Amoonguss\n|-damage|p1a: Amoonguss|90\/100\n|\n|t:|1683121421\n|-end|p2a: Iron Hands|Quark Drive|[silent]\n|switch|p2a: Chien-Pao|Chien-Pao, L50|41\/100|[from] Volt Switch\n|-ability|p2a: Chien-Pao|Sword of Ruin\n|\n|-weather|RainDance|[upkeep]\n|upkeep\n|turn|6\n|\n|t:|1683121434\n|switch|p2b: Iron Hands|Iron Hands, L50, tera:Poison|68\/100\n|move|p1b: Iron Bundle|Protect|p1b: Iron Bundle\n|-singleturn|p1b: Iron Bundle|Protect\n|move|p1a: Amoonguss|Protect|p1a: Amoonguss\n|-singleturn|p1a: Amoonguss|Protect\n|move|p2a: Chien-Pao|Sacred Sword|p1b: Iron Bundle\n|-activate|p1b: Iron Bundle|move: Protect\n|\n|-weather|RainDance|[upkeep]\n|-sideend|p2: RitmanTesting1|move: Tailwind\n|upkeep\n|turn|7\n|\n|t:|1683121455\n|-end|p1b: Iron Bundle|Quark Drive|[silent]\n|switch|p1b: Gyarados|Gyarados, L50, F|100\/100\n|-ability|p1b: Gyarados|Intimidate|boost\n|-unboost|p2a: Chien-Pao|atk|1\n|-unboost|p2b: Iron Hands|atk|1\n|move|p2a: Chien-Pao|Sacred Sword|p1a: Amoonguss\n|-supereffective|p1a: Amoonguss\n|-damage|p1a: Amoonguss|43\/100\n|move|p2b: Iron Hands|Drain Punch|p1a: Amoonguss\n|-supereffective|p1a: Amoonguss\n|-damage|p1a: Amoonguss|0 fnt\n|-heal|p2b: Iron Hands|87\/100|[from] drain|[of] p1a: Amoonguss\n|faint|p1a: Amoonguss\n|\n|-weather|RainDance|[upkeep]\n|upkeep\n|\n|t:|1683121469\n|switch|p1a: Flutter Mane|Flutter Mane, L50|85\/100\n|turn|8\n|\n|t:|1683121482\n|switch|p2a: Palafin|Palafin-Hero, L50, M|100\/100\n|move|p1a: Flutter Mane|Dazzling Gleam|p2a: Palafin|[spread] p2a,p2b\n|-resisted|p2b: Iron Hands\n|-damage|p2a: Palafin|55\/100\n|-damage|p2b: Iron Hands|72\/100\n|move|p1b: Gyarados|Waterfall|p2b: Iron Hands\n|-crit|p2b: Iron Hands\n|-damage|p2b: Iron Hands|26\/100\n|move|p2b: Iron Hands|Wild Charge|p1b: Gyarados\n|-supereffective|p1b: Gyarados\n|-damage|p1b: Gyarados|0 fnt\n|faint|p1b: Gyarados\n|-damage|p2b: Iron Hands|5\/100|[from] Recoil\n|\n|-weather|none\n|upkeep\n|\n|t:|1683121495\n|switch|p1b: Iron Bundle|Iron Bundle, L50|60\/100\n|turn|9\n|\n|t:|1683121518\n|-end|p2b: Iron Hands|Quark Drive|[silent]\n|switch|p2b: Chien-Pao|Chien-Pao, L50|41\/100\n|-ability|p2b: Chien-Pao|Sword of Ruin\n|move|p2a: Palafin|Jet Punch|p1a: Flutter Mane\n|-damage|p1a: Flutter Mane|0 fnt\n|faint|p1a: Flutter Mane\n|-end|p1a: Flutter Mane|Protosynthesis|[silent]\n|move|p1b: Iron Bundle|Freeze-Dry|p2a: Palafin\n|-supereffective|p2a: Palafin\n|-damage|p2a: Palafin|0 fnt\n|faint|p2a: Palafin\n|\n|upkeep\n|\n|t:|1683121527\n|switch|p2a: Iron Hands|Iron Hands, L50, tera:Poison|5\/100\n|turn|10\n|\n|t:|1683121530\n|move|p1b: Iron Bundle|Protect|p1b: Iron Bundle\n|-singleturn|p1b: Iron Bundle|Protect\n|move|p2b: Chien-Pao|Sacred Sword|p1b: Iron Bundle\n|-activate|p1b: Iron Bundle|move: Protect\n|move|p2a: Iron Hands|Drain Punch|p1b: Iron Bundle\n|-activate|p1b: Iron Bundle|move: Protect\n|\n|upkeep\n|turn|11\n|-message|DanielP4l4d1n0 forfeited.\n|\n|win|RitmanTesting1\n|raw|DanielP4l4d1n0's rating: 1409 → 1385<\/strong> (-24 for losing)\n|raw|RitmanTesting1's rating: 1336 → 1360<\/strong> (+24 for winning)\n|l|\u2606DanielP4l4d1n0\n|c|\u2606RitmanTesting1|protect for leftovers recovery?\n","uploadtime":1683121546,"views":6,"p1id":"danielp4l4d1n0","p2id":"ritmantesting1","formatid":"gen9vgc2023regulationc","rating":1360,"private":0,"password":""}