{"id":"gen9vgc2023regulationc-1846024525","p1":"pixie plague","p2":"shortround526","format":"[Gen 9] VGC 2023 Regulation C","log":"|j|\u2606pixie plague\n|j|\u2606shortround526\n|t:|1681793262\n|gametype|doubles\n|player|p1|pixie plague|169|1081\n|player|p2|shortround526|crasherwake|1136\n|teamsize|p1|6\n|teamsize|p2|6\n|gen|9\n|tier|[Gen 9] VGC 2023 Regulation C\n|rated|\n|rule|Species Clause: Limit one of each Pok\u00e9mon\n|rule|Item Clause: Limit one of each item\n|clearpoke\n|poke|p1|Indeedee-F, L50, F|\n|poke|p1|Hatterene, L50, F|\n|poke|p1|Kingambit, L50, M|\n|poke|p1|Torkoal, L50, F|\n|poke|p1|Oranguru, L50, M|\n|poke|p1|Iron Hands, L50|\n|poke|p2|Arcanine, L50, F|\n|poke|p2|Ting-Lu, L50|\n|poke|p2|Palafin, L50, F|\n|poke|p2|Flutter Mane, L50|\n|poke|p2|Amoonguss, L50, F|\n|poke|p2|Ceruledge, L50, F|\n|teampreview|4\n|\n|t:|1681793308\n|start\n|switch|p1a: Kingambit|Kingambit, L50, M|100\/100\n|switch|p1b: Indeedee|Indeedee-F, L50, F|100\/100\n|switch|p2a: Ting-Lu|Ting-Lu, L50|100\/100\n|switch|p2b: Palafin|Palafin, L50, F|100\/100\n|-fieldstart|move: Psychic Terrain|[from] ability: Psychic Surge|[of] p1b: Indeedee\n|-enditem|p1b: Indeedee|Psychic Seed\n|-boost|p1b: Indeedee|spd|1|[from] item: Psychic Seed\n|-ability|p2a: Ting-Lu|Vessel of Ruin\n|turn|1\n|\n|t:|1681793332\n|detailschange|p2b: Palafin|Palafin-Hero, L50, F\n|switch|p2b: Arcanine|Arcanine, L50, F|100\/100\n|-ability|p2b: Arcanine|Intimidate|boost\n|-unboost|p1a: Kingambit|atk|1\n|-ability|p1a: Kingambit|Defiant|boost\n|-boost|p1a: Kingambit|atk|2\n|-enditem|p2b: Arcanine|Mirror Herb\n|-boost|p2b: Arcanine|atk|2|[from] item: Mirror Herb\n|-unboost|p1b: Indeedee|atk|1\n|move|p2a: Ting-Lu|Earthquake|p1b: Indeedee|[spread] p2b,p1a,p1b\n|-supereffective|p2b: Arcanine\n|-supereffective|p1a: Kingambit\n|-damage|p2b: Arcanine|0 fnt\n|-damage|p1a: Kingambit|44\/100\n|-damage|p1b: Indeedee|59\/100\n|faint|p2b: Arcanine\n|move|p1a: Kingambit|Swords Dance|p1a: Kingambit\n|-boost|p1a: Kingambit|atk|2\n|move|p1b: Indeedee|Trick Room|p1b: Indeedee\n|-fieldstart|move: Trick Room|[of] p1b: Indeedee\n|\n|upkeep\n|\n|t:|1681793343\n|switch|p2b: Amoonguss|Amoonguss, L50, F|100\/100\n|turn|2\n|\n|t:|1681793367\n|move|p1b: Indeedee|Helping Hand|p1a: Kingambit\n|-singleturn|p1a: Kingambit|Helping Hand|[of] p1b: Indeedee\n|move|p2b: Amoonguss|Rage Powder|p2b: Amoonguss\n|-singleturn|p2b: Amoonguss|move: Rage Powder\n|move|p1a: Kingambit|Low Kick|p2a: Ting-Lu\n|-supereffective|p2a: Ting-Lu\n|-damage|p2a: Ting-Lu|0 fnt\n|faint|p2a: Ting-Lu\n|\n|upkeep\n|\n|t:|1681793375\n|switch|p2a: Palafin|Palafin-Hero, L50, F|100\/100\n|-activate|p2a: Palafin|ability: Zero to Hero\n|turn|3\n|inactive|Battle timer is ON: inactive players will automatically lose when time's up. (requested by shortround526)\n|\n|t:|1681793401\n|move|p2a: Palafin|Protect|p2a: Palafin\n|-singleturn|p2a: Palafin|Protect\n|move|p1b: Indeedee|Follow Me|p1b: Indeedee\n|-singleturn|p1b: Indeedee|move: Follow Me\n|move|p1a: Kingambit|Kowtow Cleave|p2a: Palafin\n|-activate|p2a: Palafin|move: Protect\n|move|p2b: Amoonguss|Spore|p1b: Indeedee\n|-status|p1b: Indeedee|slp|[from] move: Spore\n|\n|upkeep\n|turn|4\n|\n|t:|1681793417\n|-terastallize|p2a: Palafin|Water\n|cant|p1b: Indeedee|slp\n|move|p1a: Kingambit|Kowtow Cleave|p2a: Palafin\n|-damage|p2a: Palafin|0 fnt\n|faint|p2a: Palafin\n|move|p2b: Amoonguss|Pollen Puff|p1b: Indeedee\n|-supereffective|p1b: Indeedee\n|-damage|p1b: Indeedee|38\/100 slp\n|\n|upkeep\n|turn|5\n|-message|shortround526 forfeited.\n|\n|win|pixie plague\n|raw|pixie plague's rating: 1081 → 1113<\/strong> (+32 for winning)\n|raw|shortround526's rating: 1136 → 1107<\/strong> (-29 for losing)\n|l|\u2606shortround526\n","uploadtime":1681793432,"views":4,"p1id":"pixieplague","p2id":"shortround526","formatid":"gen9vgc2023regulationc","rating":1107,"private":0,"password":""}