{"id":"gen9vgc2023regulationc-1848552240","p1":"kookui","p2":"trashy pup","format":"[Gen 9] VGC 2023 Regulation C","log":"|j|\u2606kookui\n|j|\u2606trashy pup\n|t:|1682089421\n|gametype|doubles\n|player|p1|kookui|265|1189\n|player|p2|trashy pup|fisherman-gen4|1169\n|teamsize|p1|6\n|teamsize|p2|6\n|gen|9\n|tier|[Gen 9] VGC 2023 Regulation C\n|rated|\n|rule|Species Clause: Limit one of each Pok\u00e9mon\n|rule|Item Clause: Limit one of each item\n|clearpoke\n|poke|p1|Gyarados, L50, F|\n|poke|p1|Annihilape, L50, M|\n|poke|p1|Tsareena, L50, F|\n|poke|p1|Scream Tail, L50|\n|poke|p1|Amoonguss, L50, M|\n|poke|p1|Ting-Lu, L50|\n|poke|p2|Iron Jugulis, L50|\n|poke|p2|Roaring Moon, L50|\n|poke|p2|Gyarados, L50, M|\n|poke|p2|Maushold-Four, L50|\n|poke|p2|Chi-Yu, L50|\n|poke|p2|Flutter Mane, L50|\n|teampreview|4\n|\n|t:|1682089466\n|start\n|switch|p1a: Shenron|Gyarados, L50, F|100\/100\n|switch|p1b: Majin Buu|Scream Tail, L50, shiny|100\/100\n|switch|p2a: Iron Jugulis|Iron Jugulis, L50|100\/100\n|switch|p2b: Chi-Yu|Chi-Yu, L50|100\/100\n|-ability|p2b: Chi-Yu|Beads of Ruin\n|-ability|p1a: Shenron|Intimidate|boost\n|-unboost|p2a: Iron Jugulis|atk|1\n|-unboost|p2b: Chi-Yu|atk|1\n|-enditem|p2a: Iron Jugulis|Booster Energy\n|-activate|p2a: Iron Jugulis|ability: Quark Drive|[fromitem]\n|-start|p2a: Iron Jugulis|quarkdrivespe\n|-enditem|p1b: Majin Buu|Booster Energy\n|-activate|p1b: Majin Buu|ability: Protosynthesis|[fromitem]\n|-start|p1b: Majin Buu|protosynthesisspe\n|turn|1\n|\n|t:|1682089487\n|move|p2b: Chi-Yu|Protect|p2b: Chi-Yu\n|-singleturn|p2b: Chi-Yu|Protect\n|move|p2a: Iron Jugulis|Flash Cannon|p1b: Majin Buu\n|-supereffective|p1b: Majin Buu\n|-damage|p1b: Majin Buu|51\/100\n|move|p1b: Majin Buu|Thunder Wave|p2a: Iron Jugulis\n|-status|p2a: Iron Jugulis|par\n|move|p1a: Shenron|Thunder Wave|p2b: Chi-Yu\n|-activate|p2b: Chi-Yu|move: Protect\n|\n|upkeep\n|turn|2\n|\n|t:|1682089512\n|-terastallize|p2b: Chi-Yu|Grass\n|move|p1b: Majin Buu|Light Screen|p1b: Majin Buu\n|-sidestart|p1: kookui|move: Light Screen\n|move|p2b: Chi-Yu|Heat Wave|p1a: Shenron|[spread] p1a,p1b\n|-resisted|p1a: Shenron\n|-crit|p1a: Shenron\n|-damage|p1a: Shenron|70\/100\n|-damage|p1b: Majin Buu|25\/100\n|-status|p1a: Shenron|brn\n|-damage|p2b: Chi-Yu|91\/100|[from] item: Life Orb\n|move|p2a: Iron Jugulis|Flash Cannon|p1b: Majin Buu\n|-supereffective|p1b: Majin Buu\n|-damage|p1b: Majin Buu|0 fnt\n|faint|p1b: Majin Buu\n|-end|p1b: Majin Buu|Protosynthesis|[silent]\n|move|p1a: Shenron|Thunder Wave|p2b: Chi-Yu|[miss]\n|-miss|p1a: Shenron|p2b: Chi-Yu\n|\n|-damage|p1a: Shenron|64\/100 brn|[from] brn\n|upkeep\n|\n|t:|1682089531\n|switch|p1b: Broly|Annihilape, L50, M|100\/100\n|turn|3\n|\n|t:|1682089537\n|-terastallize|p1b: Broly|Fire\n|move|p2b: Chi-Yu|Protect|p2b: Chi-Yu\n|-singleturn|p2b: Chi-Yu|Protect\n|move|p2a: Iron Jugulis|Air Slash|p1b: Broly\n|-damage|p1b: Broly|75\/100\n|cant|p1b: Broly|flinch\n|move|p1a: Shenron|Thunder Wave|p2b: Chi-Yu\n|-activate|p2b: Chi-Yu|move: Protect\n|\n|-damage|p1a: Shenron|58\/100 brn|[from] brn\n|upkeep\n|turn|4\n|\n|t:|1682089556\n|switch|p2b: Maushold|Maushold-Four, L50|100\/100\n|move|p2a: Iron Jugulis|Tailwind|p2a: Iron Jugulis\n|-sidestart|p2: trashy pup|move: Tailwind\n|move|p1b: Broly|Bulk Up|p1b: Broly\n|-boost|p1b: Broly|atk|1\n|-boost|p1b: Broly|def|1\n|move|p1a: Shenron|Thunder Wave|p2b: Maushold\n|-status|p2b: Maushold|par\n|\n|-damage|p1a: Shenron|52\/100 brn|[from] brn\n|upkeep\n|turn|5\n|\n|t:|1682089573\n|cant|p2b: Maushold|par\n|move|p2a: Iron Jugulis|Dark Pulse|p1b: Broly\n|-damage|p1b: Broly|56\/100\n|move|p1b: Broly|Drain Punch|p2b: Maushold\n|-supereffective|p2b: Maushold\n|-damage|p2b: Maushold|0 fnt\n|-heal|p1b: Broly|97\/100|[from] drain|[of] p2b: Maushold\n|faint|p2b: Maushold\n|move|p1a: Shenron|Taunt|p2a: Iron Jugulis\n|-start|p2a: Iron Jugulis|move: Taunt\n|\n|-damage|p1a: Shenron|46\/100 brn|[from] brn\n|upkeep\n|-enditem|p1a: Shenron|Sitrus Berry|[eat]\n|-heal|p1a: Shenron|71\/100 brn|[from] item: Sitrus Berry\n|\n|t:|1682089586\n|switch|p2b: Chi-Yu|Chi-Yu, L50, tera:Grass|91\/100\n|-ability|p2b: Chi-Yu|Beads of Ruin\n|turn|6\n|\n|t:|1682089607\n|-end|p2a: Iron Jugulis|Quark Drive|[silent]\n|switch|p2a: Flutter Mane|Flutter Mane, L50|100\/100\n|move|p2b: Chi-Yu|Protect|p2b: Chi-Yu\n|-singleturn|p2b: Chi-Yu|Protect\n|move|p1b: Broly|Bulk Up|p1b: Broly\n|-boost|p1b: Broly|atk|1\n|-boost|p1b: Broly|def|1\n|move|p1a: Shenron|Thunder Wave|p2b: Chi-Yu\n|-activate|p2b: Chi-Yu|move: Protect\n|\n|-damage|p1a: Shenron|65\/100 brn|[from] brn\n|-sideend|p1: kookui|move: Light Screen\n|upkeep\n|turn|7\n|\n|t:|1682089638\n|move|p1a: Shenron|Protect|p1a: Shenron\n|-singleturn|p1a: Shenron|Protect\n|move|p2a: Flutter Mane|Shadow Ball|p1b: Broly\n|-damage|p1b: Broly|38\/100\n|move|p2b: Chi-Yu|Dark Pulse|p1b: Broly\n|-damage|p1b: Broly|0 fnt\n|faint|p1b: Broly\n|-damage|p2b: Chi-Yu|82\/100|[from] item: Life Orb\n|\n|-damage|p1a: Shenron|59\/100 brn|[from] brn\n|-sideend|p2: trashy pup|move: Tailwind\n|upkeep\n|-message|kookui forfeited.\n|\n|win|trashy pup\n|raw|kookui's rating: 1189 → 1163<\/strong> (-26 for losing)\n|raw|trashy pup's rating: 1169 → 1195<\/strong> (+26 for winning)\n|l|\u2606kookui\n|c|\u2606trashy pup|gg\n","uploadtime":1682089670,"views":8,"p1id":"kookui","p2id":"trashypup","formatid":"gen9vgc2023regulationc","rating":1163,"private":0,"password":""}