{"id":"gen9vgc2023regulationc-1857790348","p1":"seismattersCORNER","p2":"Solerma","format":"[Gen 9] VGC 2023 Regulation C","log":"|j|\u2606seismattersCORNER\n|j|\u2606Solerma\n|t:|1683232033\n|gametype|doubles\n|player|p1|seismattersCORNER|emmet|1119\n|player|p2|Solerma|backpacker|1020\n|teamsize|p1|6\n|teamsize|p2|6\n|gen|9\n|tier|[Gen 9] VGC 2023 Regulation C\n|rated|\n|rule|Species Clause: Limit one of each Pok\u00e9mon\n|rule|Item Clause: Limit one of each item\n|clearpoke\n|poke|p1|Palafin, L50, F|\n|poke|p1|Arcanine, L50, F|\n|poke|p1|Amoonguss, L50, M|\n|poke|p1|Flutter Mane, L50|\n|poke|p1|Baxcalibur, L50, M|\n|poke|p1|Kingambit, L50, F|\n|poke|p2|Chien-Pao, L50|\n|poke|p2|Gholdengo, L50|\n|poke|p2|Arcanine, L50, M|\n|poke|p2|Palafin, L50, F|\n|poke|p2|Flutter Mane, L50|\n|poke|p2|Amoonguss, L50, F|\n|teampreview|4\nseismattersCORNER has agreed to open team sheets.\n|inactive|Battle timer is ON: inactive players will automatically lose when time's up. (requested by seismattersCORNER)\nSolerma has agreed to open team sheets.\n|inactive|seismattersCORNER has 60 seconds left.\n|inactive|Solerma has 60 seconds left.\n|\n|t:|1683232084\n|start\n|switch|p1a: Kingambit|Kingambit, L50, F|100\/100\n|switch|p1b: Palafin|Palafin, L50, F, shiny|100\/100\n|switch|p2a: Palafin|Palafin, L50, F|100\/100\n|switch|p2b: Arcanine|Arcanine, L50, M|100\/100\n|-ability|p2b: Arcanine|Intimidate|boost\n|-unboost|p1a: Kingambit|atk|1\n|-ability|p1a: Kingambit|Defiant|boost\n|-boost|p1a: Kingambit|atk|2\n|-unboost|p1b: Palafin|atk|1\n|turn|1\n|inactive|Solerma has 30 seconds left.\n|inactive|Solerma has 20 seconds left.\n|inactive|Solerma has 15 seconds left.\n|\n|t:|1683232127\n|detailschange|p2a: Palafin|Palafin-Hero, L50, F\n|switch|p2a: Amoonguss|Amoonguss, L50, F|100\/100\n|detailschange|p1b: Palafin|Palafin-Hero, L50, F, shiny\n|switch|p1b: Arcanine|Arcanine, L50, F|100\/100\n|-ability|p1b: Arcanine|Intimidate|boost\n|-unboost|p2a: Amoonguss|atk|1\n|-unboost|p2b: Arcanine|atk|1\n|-terastallize|p1a: Kingambit|Dark\n|move|p2b: Arcanine|Protect|p2b: Arcanine\n|-singleturn|p2b: Arcanine|Protect\n|move|p1a: Kingambit|Kowtow Cleave|p2b: Arcanine\n|-activate|p2b: Arcanine|move: Protect\n|\n|upkeep\n|turn|2\n|inactive|seismattersCORNER has 30 seconds left.\n|inactive|seismattersCORNER has 20 seconds left.\n|inactive|seismattersCORNER has 15 seconds left.\n|\n|t:|1683232169\n|switch|p1b: Palafin|Palafin-Hero, L50, F, shiny|100\/100\n|-activate|p1b: Palafin|ability: Zero to Hero\n|switch|p2a: Palafin|Palafin-Hero, L50, F|100\/100\n|-activate|p2a: Palafin|ability: Zero to Hero\n|move|p2b: Arcanine|Will-O-Wisp|p1a: Kingambit\n|-status|p1a: Kingambit|brn\n|-enditem|p1a: Kingambit|Lum Berry|[eat]\n|-curestatus|p1a: Kingambit|brn|[msg]\n|move|p1a: Kingambit|Kowtow Cleave|p2b: Arcanine\n|-damage|p2b: Arcanine|0 fnt\n|faint|p2b: Arcanine\n|\n|upkeep\n|\n|t:|1683232185\n|switch|p2b: Amoonguss|Amoonguss, L50, F|100\/100\n|turn|3\n|\n|t:|1683232196\n|switch|p1b: Arcanine|Arcanine, L50, F|100\/100\n|-ability|p1b: Arcanine|Intimidate|boost\n|-unboost|p2a: Palafin|atk|1\n|-unboost|p2b: Amoonguss|atk|1\n|move|p1a: Kingambit|Protect|p1a: Kingambit\n|-singleturn|p1a: Kingambit|Protect\n|move|p2a: Palafin|Wave Crash|p1b: Arcanine\n|-supereffective|p1b: Arcanine\n|-damage|p1b: Arcanine|0 fnt\n|faint|p1b: Arcanine\n|-damage|p2a: Palafin|66\/100|[from] Recoil\n|move|p2b: Amoonguss|Spore|p1a: Kingambit\n|-activate|p1a: Kingambit|move: Protect\n|\n|upkeep\n|\n|t:|1683232209\n|switch|p1b: Baxcalibur|Baxcalibur, L50, M|100\/100\n|turn|4\n|inactive|seismattersCORNER has 30 seconds left.\n|\n|t:|1683232235\n|move|p2b: Amoonguss|Protect|p2b: Amoonguss\n|-singleturn|p2b: Amoonguss|Protect\n|move|p2a: Palafin|Haze|p2a: Palafin\n|-clearallboost\n|move|p1b: Baxcalibur|Glaive Rush|p2a: Palafin\n|-damage|p2a: Palafin|6\/100\n|-singlemove|p1b: Baxcalibur|Glaive Rush|[silent]\n|move|p1a: Kingambit|Kowtow Cleave|p2b: Amoonguss\n|-activate|p2b: Amoonguss|move: Protect\n|\n|upkeep\n|turn|5\n|inactive|Solerma has 30 seconds left.\n|\n|t:|1683232261\n|move|p1b: Baxcalibur|Protect|p1b: Baxcalibur\n|-singleturn|p1b: Baxcalibur|Protect\n|move|p1a: Kingambit|Protect|p1a: Kingambit\n|-singleturn|p1a: Kingambit|Protect\n|move|p2a: Palafin|Jet Punch|p1b: Baxcalibur\n|-activate|p1b: Baxcalibur|move: Protect\n|move|p2b: Amoonguss|Spore|p1b: Baxcalibur\n|-activate|p1b: Baxcalibur|move: Protect\n|\n|upkeep\n|turn|6\n|inactive|seismattersCORNER has 30 seconds left.\n|\n|t:|1683232288\n|move|p2a: Palafin|Jet Punch|p1b: Baxcalibur\n|-resisted|p1b: Baxcalibur\n|-damage|p1b: Baxcalibur|79\/100\n|move|p1b: Baxcalibur|Icicle Crash|p2b: Amoonguss|[miss]\n|-miss|p1b: Baxcalibur|p2b: Amoonguss\n|move|p1a: Kingambit|Kowtow Cleave|p2b: Amoonguss\n|-damage|p2b: Amoonguss|47\/100\n|move|p2b: Amoonguss|Spore|p1a: Kingambit\n|-status|p1a: Kingambit|slp|[from] move: Spore\n|\n|upkeep\n|turn|7\n|inactive|seismattersCORNER has 30 seconds left.\n|inactive|Solerma has 30 seconds left.\n|inactive|Solerma has 20 seconds left.\n|\n|t:|1683232325\n|move|p2a: Palafin|Protect|p2a: Palafin\n|-singleturn|p2a: Palafin|Protect\n|move|p1b: Baxcalibur|Glaive Rush|p2b: Amoonguss\n|-damage|p2b: Amoonguss|0 fnt\n|-singlemove|p1b: Baxcalibur|Glaive Rush|[silent]\n|faint|p2b: Amoonguss\n|cant|p1a: Kingambit|slp\n|\n|upkeep\n|\n|t:|1683232331\n|switch|p2b: Chien-Pao|Chien-Pao, L50|100\/100\n|-ability|p2b: Chien-Pao|Sword of Ruin\n|turn|8\n|\n|t:|1683232344\n|move|p1b: Baxcalibur|Protect|p1b: Baxcalibur\n|-singleturn|p1b: Baxcalibur|Protect\n|move|p2a: Palafin|Jet Punch|p1a: Kingambit\n|-damage|p1a: Kingambit|49\/100 slp\n|move|p2b: Chien-Pao|Sacred Sword|p1b: Baxcalibur\n|-activate|p1b: Baxcalibur|move: Protect\n|-curestatus|p1a: Kingambit|slp|[msg]\n|move|p1a: Kingambit|Kowtow Cleave|p2b: Chien-Pao\n|-resisted|p2b: Chien-Pao\n|-damage|p2b: Chien-Pao|56\/100\n|\n|upkeep\n|turn|9\n|\n|t:|1683232369\n|switch|p1b: Palafin|Palafin-Hero, L50, F, shiny|100\/100\n|move|p2a: Palafin|Jet Punch|p1b: Palafin\n|-resisted|p1b: Palafin\n|-crit|p1b: Palafin\n|-damage|p1b: Palafin|56\/100\n|move|p1a: Kingambit|Sucker Punch||[still]\n|-fail|p1a: Kingambit\n|move|p2b: Chien-Pao|Sacred Sword|p1b: Palafin\n|-damage|p1b: Palafin|20\/100\n|\n|upkeep\n|turn|10\n|inactive|seismattersCORNER has 30 seconds left.\n|\n|t:|1683232398\n|move|p1b: Palafin|Protect|p1b: Palafin\n|-singleturn|p1b: Palafin|Protect\n|move|p1a: Kingambit|Protect|p1a: Kingambit\n|-singleturn|p1a: Kingambit|Protect\n|move|p2b: Chien-Pao|Sucker Punch||[still]\n|-fail|p2b: Chien-Pao\n|move|p2a: Palafin|Jet Punch|p1a: Kingambit\n|-activate|p1a: Kingambit|move: Protect\n|\n|upkeep\n|turn|11\n|\n|t:|1683232410\n|switch|p1a: Baxcalibur|Baxcalibur, L50, M|79\/100\n|move|p2b: Chien-Pao|Sucker Punch|p1b: Palafin\n|-damage|p1b: Palafin|0 fnt\n|faint|p1b: Palafin\n|move|p2a: Palafin|Jet Punch|p1a: Baxcalibur\n|-resisted|p1a: Baxcalibur\n|-damage|p1a: Baxcalibur|48\/100\n|\n|upkeep\n|\n|t:|1683232416\n|switch|p1b: Kingambit|Kingambit, L50, F, tera:Dark|49\/100\n|turn|12\n|\n|t:|1683232435\n|move|p1a: Baxcalibur|Protect|p1a: Baxcalibur\n|-singleturn|p1a: Baxcalibur|Protect\n|move|p1b: Kingambit|Protect|p1b: Kingambit\n|-singleturn|p1b: Kingambit|Protect\n|move|p2a: Palafin|Jet Punch|p1b: Kingambit\n|-activate|p1b: Kingambit|move: Protect\n|move|p2b: Chien-Pao|Sacred Sword|p1a: Baxcalibur\n|-activate|p1a: Baxcalibur|move: Protect\n|\n|upkeep\n|turn|13\n|\n|t:|1683232445\n|move|p2a: Palafin|Jet Punch|p1b: Kingambit\n|-damage|p1b: Kingambit|2\/100\n|move|p1a: Baxcalibur|Ice Shard|p2a: Palafin\n|-resisted|p2a: Palafin\n|-damage|p2a: Palafin|0 fnt\n|faint|p2a: Palafin\n|move|p2b: Chien-Pao|Sacred Sword|p1a: Baxcalibur\n|-supereffective|p1a: Baxcalibur\n|-damage|p1a: Baxcalibur|0 fnt\n|faint|p1a: Baxcalibur\n|move|p1b: Kingambit|Kowtow Cleave|p2b: Chien-Pao\n|-resisted|p2b: Chien-Pao\n|-damage|p2b: Chien-Pao|8\/100\n|\n|upkeep\n|turn|14\n|\n|t:|1683232465\n|move|p2b: Chien-Pao|Sucker Punch|p1b: Kingambit\n|-resisted|p1b: Kingambit\n|-damage|p1b: Kingambit|0 fnt\n|faint|p1b: Kingambit\n|\n|win|Solerma\n|raw|seismattersCORNER's rating: 1119 → 1087<\/strong> (-32 for losing)\n|raw|Solerma's rating: 1020 → 1067<\/strong> (+47 for winning)\n|c|\u2606Solerma|gggg\n|l|\u2606Solerma\n","uploadtime":1683232473,"views":10,"p1id":"seismatterscorner","p2id":"solerma","formatid":"gen9vgc2023regulationc","rating":1067,"private":0,"password":""}