{"id":"gen9vgc2023regulationc-1859334589","p1":"ShadyTigers","p2":"KKKMOTO","format":"[Gen 9] VGC 2023 Regulation C","log":"|j|\u2606ShadyTigers\n|j|\u2606KKKMOTO\n|t:|1683437433\n|gametype|doubles\n|player|p1|ShadyTigers|102|1230\n|player|p2|KKKMOTO|101|1134\n|teamsize|p1|6\n|teamsize|p2|6\n|gen|9\n|tier|[Gen 9] VGC 2023 Regulation C\n|rated|\n|rule|Species Clause: Limit one of each Pok\u00e9mon\n|rule|Item Clause: Limit one of each item\n|clearpoke\n|poke|p1|Roaring Moon, L50|\n|poke|p1|Iron Bundle, L50|\n|poke|p1|Arcanine, L50, M|\n|poke|p1|Amoonguss, L50, F|\n|poke|p1|Tyranitar, L50, M|\n|poke|p1|Palafin, L50, F|\n|poke|p2|Garchomp, L50, M|\n|poke|p2|Chi-Yu, L50|\n|poke|p2|Amoonguss, L50, F|\n|poke|p2|Krookodile, L50, M|\n|poke|p2|Hippowdon, L50, M|\n|poke|p2|Flutter Mane, L50|\n|teampreview|4\n|inactive|Battle timer is ON: inactive players will automatically lose when time's up. (requested by KKKMOTO)\n|\n|t:|1683437461\n|start\n|switch|p1a: Iron Bundle|Iron Bundle, L50|100\/100\n|switch|p1b: Palafin|Palafin, L50, F|100\/100\n|switch|p2a: Amoonguss|Amoonguss, L50, F|100\/100\n|switch|p2b: Garchomp|Garchomp, L50, M|100\/100\n|turn|1\n|\n|t:|1683437486\n|detailschange|p1b: Palafin|Palafin-Hero, L50, F\n|switch|p1b: Roaring Moon|Roaring Moon, L50|100\/100\n|-enditem|p1b: Roaring Moon|Booster Energy\n|-activate|p1b: Roaring Moon|ability: Protosynthesis|[fromitem]\n|-start|p1b: Roaring Moon|protosynthesisspe\n|-terastallize|p2b: Garchomp|Fire\n|move|p1a: Iron Bundle|Icy Wind|p2b: Garchomp|[spread] p2a,p2b\n|-supereffective|p2a: Amoonguss\n|-resisted|p2b: Garchomp\n|-damage|p2a: Amoonguss|71\/100\n|-damage|p2b: Garchomp|91\/100\n|-unboost|p2a: Amoonguss|spe|1\n|-unboost|p2b: Garchomp|spe|1\n|move|p2b: Garchomp|Earthquake|p1b: Roaring Moon|[spread] p2a,p1a,p1b\n|-crit|p1b: Roaring Moon\n|-damage|p2a: Amoonguss|24\/100\n|-damage|p1a: Iron Bundle|30\/100\n|-damage|p1b: Roaring Moon|10\/100\n|move|p2a: Amoonguss|Spore|p1a: Iron Bundle\n|-status|p1a: Iron Bundle|slp|[from] move: Spore\n|\n|upkeep\n|turn|2\n|\n|t:|1683437509\n|-end|p1a: Iron Bundle|Quark Drive|[silent]\n|switch|p1a: Palafin|Palafin-Hero, L50, F|100\/100\n|-activate|p1a: Palafin|ability: Zero to Hero\n|switch|p2a: Krookodile|Krookodile, L50, M|100\/100\n|-ability|p2a: Krookodile|Intimidate|boost\n|-unboost|p1a: Palafin|atk|1\n|-unboost|p1b: Roaring Moon|atk|1\n|move|p1b: Roaring Moon|Acrobatics|p2b: Garchomp\n|-damage|p2b: Garchomp|66\/100\n|move|p2b: Garchomp|Earthquake|p1b: Roaring Moon|[spread] p2a,p1a,p1b\n|-damage|p2a: Krookodile|23\/100\n|-damage|p1a: Palafin|54\/100\n|-damage|p1b: Roaring Moon|0 fnt\n|faint|p1b: Roaring Moon\n|-end|p1b: Roaring Moon|Protosynthesis|[silent]\n|\n|upkeep\n|\n|t:|1683437516\n|switch|p1b: Iron Bundle|Iron Bundle, L50|30\/100 slp\n|turn|3\n|\n|t:|1683437531\n|switch|p2a: Amoonguss|Amoonguss, L50, F|58\/100\n|move|p1a: Palafin|Protect|p1a: Palafin\n|-singleturn|p1a: Palafin|Protect\n|cant|p1b: Iron Bundle|slp\n|move|p2b: Garchomp|Earthquake|p1b: Iron Bundle|[spread] p2a,p1b\n|-activate|p1a: Palafin|move: Protect\n|-damage|p2a: Amoonguss|7\/100\n|-damage|p1b: Iron Bundle|0 fnt\n|faint|p1b: Iron Bundle\n|-end|p1b: Iron Bundle|Quark Drive|[silent]\n|\n|upkeep\n|\n|t:|1683437535\n|switch|p1b: Tyranitar|Tyranitar, L50, M|100\/100\n|-weather|Sandstorm|[from] ability: Sand Stream|[of] p1b: Tyranitar\n|turn|4\n|\n|t:|1683437546\n|switch|p2b: Krookodile|Krookodile, L50, M|23\/100\n|-ability|p2b: Krookodile|Intimidate|boost\n|-unboost|p1a: Palafin|atk|1\n|-unboost|p1b: Tyranitar|atk|1\n|-terastallize|p1a: Palafin|Water\n|move|p1a: Palafin|Jet Punch|p2b: Krookodile\n|-supereffective|p2b: Krookodile\n|-damage|p2b: Krookodile|0 fnt\n|faint|p2b: Krookodile\n|move|p1b: Tyranitar|Crunch|p2a: Amoonguss\n|-damage|p2a: Amoonguss|0 fnt\n|faint|p2a: Amoonguss\n|\n|-weather|Sandstorm|[upkeep]\n|-damage|p1a: Palafin|48\/100|[from] Sandstorm\n|upkeep\n|\n|t:|1683437558\n|switch|p2b: Flutter Mane|Flutter Mane, L50|100\/100\n|switch|p2a: Garchomp|Garchomp, L50, M, tera:Fire|66\/100\n|turn|5\n|\n|t:|1683437573\n|move|p1a: Palafin|Jet Punch|p2a: Garchomp|[miss]\n|-miss|p1a: Palafin|p2a: Garchomp\n|move|p2b: Flutter Mane|Dazzling Gleam|p1a: Palafin|[spread] p1a,p1b\n|-supereffective|p1b: Tyranitar\n|-damage|p1a: Palafin|6\/100\n|-damage|p1b: Tyranitar|63\/100\n|move|p2a: Garchomp|Earthquake|p1b: Tyranitar|[spread] p2b,p1a,p1b\n|-crit|p1a: Palafin\n|-supereffective|p1b: Tyranitar\n|-damage|p2b: Flutter Mane|0 fnt\n|-damage|p1a: Palafin|0 fnt\n|-damage|p1b: Tyranitar|0 fnt\n|faint|p2b: Flutter Mane\n|-end|p2b: Flutter Mane|Protosynthesis|[silent]\n|faint|p1a: Palafin\n|faint|p1b: Tyranitar\n|\n|win|KKKMOTO\n|raw|ShadyTigers's rating: 1230 → 1198<\/strong> (-32 for losing)\n|raw|KKKMOTO's rating: 1134 → 1166<\/strong> (+32 for winning)\n|l|\u2606ShadyTigers\n","uploadtime":1683437604,"views":7,"p1id":"shadytigers","p2id":"kkkmoto","formatid":"gen9vgc2023regulationc","rating":1166,"private":0,"password":""}