{"id":"gen9vgc2023regulationc-1849459810","p1":"lepparyn","p2":"AlexanderB0399","format":"[Gen 9] VGC 2023 Regulation C","log":"|j|\u2606lepparyn\n|j|\u2606AlexanderB0399\n|t:|1682200966\n|gametype|doubles\n|player|p1|lepparyn|caitlin|1327\n|player|p2|AlexanderB0399|alder|1355\n|teamsize|p1|6\n|teamsize|p2|6\n|gen|9\n|tier|[Gen 9] VGC 2023 Regulation C\n|rated|\n|rule|Species Clause: Limit one of each Pok\u00e9mon\n|rule|Item Clause: Limit one of each item\n|clearpoke\n|poke|p1|Ting-Lu, L50|\n|poke|p1|Amoonguss, L50, M|\n|poke|p1|Palafin, L50, M|\n|poke|p1|Rotom-Heat, L50|\n|poke|p1|Tinkaton, L50, F|\n|poke|p1|Baxcalibur, L50, M|\n|poke|p2|Palafin, L50, M|\n|poke|p2|Chien-Pao, L50|\n|poke|p2|Dragapult, L50, M|\n|poke|p2|Amoonguss, L50, F|\n|poke|p2|Arcanine, L50, F|\n|poke|p2|Flutter Mane, L50|\n|teampreview|4\n|\n|t:|1682201028\n|start\n|switch|p1a: Cop Disliker|Ting-Lu, L50|100\/100\n|switch|p1b: John Maoist|Palafin, L50, M|100\/100\n|switch|p2a: Mimi|Flutter Mane, L50|100\/100\n|switch|p2b: Dozo|Palafin, L50, M|100\/100\n|-ability|p1a: Cop Disliker|Vessel of Ruin\n|-enditem|p2a: Mimi|Booster Energy\n|-activate|p2a: Mimi|ability: Protosynthesis|[fromitem]\n|-start|p2a: Mimi|protosynthesisspa\n|turn|1\n|inactive|Battle timer is ON: inactive players will automatically lose when time's up. (requested by AlexanderB0399)\n|\n|t:|1682201053\n|detailschange|p1b: John Maoist|Palafin-Hero, L50, M\n|switch|p1b: Chibi-Roto|Rotom-Heat, L50|100\/100\n|detailschange|p2b: Dozo|Palafin-Hero, L50, M\n|switch|p2b: WoChien|Amoonguss, L50, F|100\/100\n|-terastallize|p1a: Cop Disliker|Poison\n|move|p2a: Mimi|Protect|p2a: Mimi\n|-singleturn|p2a: Mimi|Protect\n|move|p1a: Cop Disliker|Earthquake|p2a: Mimi|[spread] p2b\n|-activate|p2a: Mimi|move: Protect\n|-immune|p1b: Chibi-Roto|[from] ability: Levitate\n|-damage|p2b: WoChien|67\/100\n|\n|upkeep\n|turn|2\n|inactive|AlexanderB0399 has 30 seconds left.\n|\n|t:|1682201087\n|move|p2b: WoChien|Protect|p2b: WoChien\n|-singleturn|p2b: WoChien|Protect\n|move|p2a: Mimi|Shadow Ball|p1b: Chibi-Roto\n|-damage|p1b: Chibi-Roto|57\/100\n|move|p1b: Chibi-Roto|Overheat|p2b: WoChien\n|-activate|p2b: WoChien|move: Protect\n|move|p1a: Cop Disliker|Heavy Slam|p2a: Mimi\n|-supereffective|p2a: Mimi\n|-damage|p2a: Mimi|0 fnt\n|faint|p2a: Mimi\n|-end|p2a: Mimi|Protosynthesis|[silent]\n|\n|upkeep\n|\n|t:|1682201102\n|switch|p2a: Dozo|Palafin-Hero, L50, M|100\/100\n|-activate|p2a: Dozo|ability: Zero to Hero\n|turn|3\n|\n|t:|1682201120\n|switch|p1a: Palafin's Friend|Amoonguss, L50, M|100\/100\n|move|p1b: Chibi-Roto|Protect|p1b: Chibi-Roto\n|-singleturn|p1b: Chibi-Roto|Protect\n|move|p2a: Dozo|Jet Punch|p1b: Chibi-Roto\n|-activate|p1b: Chibi-Roto|move: Protect\n|move|p2b: WoChien|Spore|p1a: Palafin's Friend\n|-immune|p1a: Palafin's Friend\n|\n|upkeep\n|turn|4\n|inactive|lepparyn has 30 seconds left.\n|\n|t:|1682201150\n|switch|p2b: ChiYu|Arcanine, L50, F|100\/100\n|-ability|p2b: ChiYu|Intimidate|boost\n|-unboost|p1a: Palafin's Friend|atk|1\n|-unboost|p1b: Chibi-Roto|atk|1\n|move|p2a: Dozo|Protect|p2a: Dozo\n|-singleturn|p2a: Dozo|Protect\n|move|p1a: Palafin's Friend|Rage Powder|p1a: Palafin's Friend\n|-singleturn|p1a: Palafin's Friend|move: Rage Powder\n|move|p1b: Chibi-Roto|Overheat|p2b: ChiYu\n|-resisted|p2b: ChiYu\n|-damage|p2b: ChiYu|70\/100\n|-unboost|p1b: Chibi-Roto|spa|2\n|\n|upkeep\n|turn|5\n|inactive|AlexanderB0399 has 30 seconds left.\n|\n|t:|1682201177\n|switch|p1b: Cop Disliker|Ting-Lu, L50, tera:Poison|100\/100\n|-ability|p1b: Cop Disliker|Vessel of Ruin\n|move|p1a: Palafin's Friend|Protect|p1a: Palafin's Friend\n|-singleturn|p1a: Palafin's Friend|Protect\n|move|p2b: ChiYu|Flare Blitz|p1a: Palafin's Friend\n|-activate|p1a: Palafin's Friend|move: Protect\n|move|p2a: Dozo|Wave Crash|p1a: Palafin's Friend\n|-activate|p1a: Palafin's Friend|move: Protect\n|\n|upkeep\n|turn|6\n|\n|t:|1682201200\n|switch|p1a: Chibi-Roto|Rotom-Heat, L50|57\/100\n|-terastallize|p2a: Dozo|Water\n|move|p2b: ChiYu|Flare Blitz|p1a: Chibi-Roto\n|-resisted|p1a: Chibi-Roto\n|-damage|p1a: Chibi-Roto|32\/100\n|-damage|p2b: ChiYu|64\/100|[from] Recoil\n|move|p2a: Dozo|Wave Crash|p1a: Chibi-Roto\n|-supereffective|p1a: Chibi-Roto\n|-damage|p1a: Chibi-Roto|0 fnt\n|faint|p1a: Chibi-Roto\n|-damage|p2a: Dozo|92\/100|[from] Recoil\n|move|p1b: Cop Disliker|Earthquake|p2a: Dozo|[spread] p2a,p2b\n|-supereffective|p2b: ChiYu\n|-damage|p2a: Dozo|59\/100\n|-damage|p2b: ChiYu|0 fnt\n|faint|p2b: ChiYu\n|\n|upkeep\n|\n|t:|1682201216\n|switch|p2b: WoChien|Amoonguss, L50, F|100\/100\n|switch|p1a: Palafin's Friend|Amoonguss, L50, M|100\/100\n|turn|7\n|\n|t:|1682201233\n|switch|p1b: John Maoist|Palafin-Hero, L50, M|100\/100\n|-activate|p1b: John Maoist|ability: Zero to Hero\n|move|p2a: Dozo|Wave Crash|p1b: John Maoist\n|-resisted|p1b: John Maoist\n|-crit|p1b: John Maoist\n|-damage|p1b: John Maoist|0 fnt\n|faint|p1b: John Maoist\n|-damage|p2a: Dozo|31\/100|[from] Recoil\n|move|p1a: Palafin's Friend|Pollen Puff|p1: John Maoist|[notarget]\n|-fail|p1a: Palafin's Friend\n|move|p2b: WoChien|Pollen Puff|p2a: Dozo\n|-heal|p2a: Dozo|81\/100\n|\n|upkeep\n|\n|t:|1682201251\n|switch|p1b: Cop Disliker|Ting-Lu, L50, tera:Poison|100\/100\n|-ability|p1b: Cop Disliker|Vessel of Ruin\n|turn|8\n|\n|t:|1682201257\n|move|p1b: Cop Disliker|Protect|p1b: Cop Disliker\n|-singleturn|p1b: Cop Disliker|Protect\n|move|p2a: Dozo|Wave Crash|p1b: Cop Disliker\n|-activate|p1b: Cop Disliker|move: Protect\n|move|p1a: Palafin's Friend|Spore|p2a: Dozo\n|-status|p2a: Dozo|slp|[from] move: Spore\n|move|p2b: WoChien|Pollen Puff|p2a: Dozo\n|-heal|p2a: Dozo|100\/100 slp\n|\n|upkeep\n|turn|9\n|inactive|lepparyn has 30 seconds left.\n|\n|t:|1682201287\n|move|p2b: WoChien|Protect|p2b: WoChien\n|-singleturn|p2b: WoChien|Protect\n|cant|p2a: Dozo|slp\n|move|p1b: Cop Disliker|Heavy Slam|p2b: WoChien\n|-activate|p2b: WoChien|move: Protect\n|move|p1a: Palafin's Friend|Pollen Puff|p2b: WoChien\n|-activate|p2b: WoChien|move: Protect\n|\n|upkeep\n|turn|10\n|\n|t:|1682201302\n|move|p1b: Cop Disliker|Protect|p1b: Cop Disliker\n|-singleturn|p1b: Cop Disliker|Protect\n|-curestatus|p2a: Dozo|slp|[msg]\n|move|p2a: Dozo|Wave Crash|p1b: Cop Disliker\n|-activate|p1b: Cop Disliker|move: Protect\n|move|p1a: Palafin's Friend|Spore|p2a: Dozo\n|-status|p2a: Dozo|slp|[from] move: Spore\n|move|p2b: WoChien|Spore|p1b: Cop Disliker\n|-activate|p1b: Cop Disliker|move: Protect\n|\n|upkeep\n|turn|11\n|\n|t:|1682201316\n|cant|p2a: Dozo|slp\n|move|p1b: Cop Disliker|Heavy Slam|p2b: WoChien\n|-damage|p2b: WoChien|69\/100\n|move|p1a: Palafin's Friend|Pollen Puff|p2b: WoChien\n|-damage|p2b: WoChien|58\/100\n|move|p2b: WoChien|Spore|p1b: Cop Disliker\n|-status|p1b: Cop Disliker|slp|[from] move: Spore\n|\n|upkeep\n|turn|12\n|\n|t:|1682201332\n|move|p1a: Palafin's Friend|Rage Powder|p1a: Palafin's Friend\n|-singleturn|p1a: Palafin's Friend|move: Rage Powder\n|cant|p2a: Dozo|slp\n|cant|p1b: Cop Disliker|slp\n|move|p2b: WoChien|Pollen Puff|p1a: Palafin's Friend\n|-damage|p1a: Palafin's Friend|89\/100\n|\n|upkeep\n|turn|13\n|\n|t:|1682201343\n|move|p1a: Palafin's Friend|Rage Powder|p1a: Palafin's Friend\n|-singleturn|p1a: Palafin's Friend|move: Rage Powder\n|-curestatus|p2a: Dozo|slp|[msg]\n|move|p2a: Dozo|Wave Crash|p1a: Palafin's Friend\n|-resisted|p1a: Palafin's Friend\n|-crit|p1a: Palafin's Friend\n|-damage|p1a: Palafin's Friend|13\/100\n|-damage|p2a: Dozo|84\/100|[from] item: Rocky Helmet|[of] p1a: Palafin's Friend\n|-damage|p2a: Dozo|56\/100|[from] Recoil\n|-curestatus|p1b: Cop Disliker|slp|[msg]\n|move|p1b: Cop Disliker|Heavy Slam|p2b: WoChien\n|-damage|p2b: WoChien|25\/100\n|-enditem|p2b: WoChien|Sitrus Berry|[eat]\n|-heal|p2b: WoChien|50\/100|[from] item: Sitrus Berry\n|move|p2b: WoChien|Spore|p1b: Cop Disliker\n|-status|p1b: Cop Disliker|slp|[from] move: Spore\n|\n|upkeep\n|turn|14\n|\n|t:|1682201366\n|cant|p1b: Cop Disliker|slp\n|move|p2a: Dozo|Wave Crash|p1b: Cop Disliker\n|-damage|p1b: Cop Disliker|20\/100 slp\n|-damage|p2a: Dozo|25\/100|[from] Recoil\n|move|p1a: Palafin's Friend|Spore|p2a: Dozo\n|-status|p2a: Dozo|slp|[from] move: Spore\n|move|p2b: WoChien|Pollen Puff|p2a: Dozo\n|-heal|p2a: Dozo|75\/100 slp\n|\n|-heal|p1b: Cop Disliker|27\/100 slp|[from] item: Leftovers\n|upkeep\n|turn|15\n|\n|t:|1682201387\n|cant|p2a: Dozo|slp\n|cant|p1b: Cop Disliker|slp\n|move|p1a: Palafin's Friend|Pollen Puff|p1b: Cop Disliker\n|-heal|p1b: Cop Disliker|77\/100 slp\n|move|p2b: WoChien|Pollen Puff|p1a: Palafin's Friend\n|-damage|p1a: Palafin's Friend|0 fnt\n|faint|p1a: Palafin's Friend\n|\n|-heal|p1b: Cop Disliker|83\/100 slp|[from] item: Leftovers\n|upkeep\n|turn|16\n|\n|t:|1682201410\n|cant|p2a: Dozo|slp\n|-curestatus|p1b: Cop Disliker|slp|[msg]\n|move|p1b: Cop Disliker|Earthquake|p2b: WoChien|[spread] p2a,p2b\n|-damage|p2a: Dozo|41\/100 slp\n|-damage|p2b: WoChien|21\/100\n|move|p2b: WoChien|Spore|p1b: Cop Disliker\n|-status|p1b: Cop Disliker|slp|[from] move: Spore\n|\n|-heal|p1b: Cop Disliker|89\/100 slp|[from] item: Leftovers\n|upkeep\n|turn|17\n|\n|t:|1682201423\n|-curestatus|p2a: Dozo|slp|[msg]\n|move|p2a: Dozo|Wave Crash|p1b: Cop Disliker\n|-damage|p1b: Cop Disliker|12\/100 slp\n|-damage|p2a: Dozo|11\/100|[from] Recoil\n|cant|p1b: Cop Disliker|slp\n|move|p2b: WoChien|Pollen Puff|p2a: Dozo\n|-heal|p2a: Dozo|61\/100\n|\n|-heal|p1b: Cop Disliker|18\/100 slp|[from] item: Leftovers\n|upkeep\n|turn|18\n|n|!lepparyn|lepparyn\n|inactive|lepparyn has 30 seconds left.\n|\n|t:|1682201458\n|-curestatus|p1b: Cop Disliker|slp|[msg]\n|move|p1b: Cop Disliker|Protect|p1b: Cop Disliker\n|-singleturn|p1b: Cop Disliker|Protect\n|move|p2a: Dozo|Wave Crash|p1b: Cop Disliker\n|-activate|p1b: Cop Disliker|move: Protect\n|move|p2b: WoChien|Pollen Puff|p2a: Dozo\n|-heal|p2a: Dozo|100\/100\n|\n|-heal|p1b: Cop Disliker|24\/100|[from] item: Leftovers\n|upkeep\n|turn|19\n|\n|t:|1682201470\n|move|p1b: Cop Disliker|Protect||[still]\n|-fail|p1b: Cop Disliker\n|move|p2a: Dozo|Wave Crash|p1b: Cop Disliker\n|-damage|p1b: Cop Disliker|0 fnt\n|faint|p1b: Cop Disliker\n|-damage|p2a: Dozo|91\/100|[from] Recoil\n|\n|win|AlexanderB0399\n|raw|lepparyn's rating: 1327 → 1309<\/strong> (-18 for losing)\n|raw|AlexanderB0399's rating: 1355 → 1373<\/strong> (+18 for winning)\n","uploadtime":1682201437,"views":7,"p1id":"lepparyn","p2id":"alexanderb0399","formatid":"gen9vgc2023regulationc","rating":1309,"private":0,"password":""}