{"id":"gen9vgc2023regulationc-1855391737","p1":"FuryCutta","p2":"haha you rage quit","format":"[Gen 9] VGC 2023 Regulation C","log":"|j|\u2606FuryCutta\n|j|\u2606haha you rage quit\n|t:|1682946729\n|gametype|doubles\n|player|p1|FuryCutta|266|1386\n|player|p2|haha you rage quit|pokemaniac|1427\n|teamsize|p1|6\n|teamsize|p2|6\n|gen|9\n|tier|[Gen 9] VGC 2023 Regulation C\n|rated|\n|rule|Species Clause: Limit one of each Pok\u00e9mon\n|rule|Item Clause: Limit one of each item\n|clearpoke\n|poke|p1|Maushold, L50|\n|poke|p1|Annihilape, L50, F|\n|poke|p1|Iron Bundle, L50|\n|poke|p1|Dragapult, L50, M|\n|poke|p1|Gholdengo, L50|\n|poke|p1|Scream Tail, L50|\n|poke|p2|Dondozo, L50, M|\n|poke|p2|Tatsugiri-Droopy, L50, M|\n|poke|p2|Torkoal, L50, M|\n|poke|p2|Flutter Mane, L50|\n|poke|p2|Kingambit, L50, M|\n|poke|p2|Indeedee-F, L50, F|\n|teampreview|4\n|inactive|Battle timer is ON: inactive players will automatically lose when time's up. (requested by FuryCutta)\n|j| SerialThrill\n|inactive|FuryCutta has 60 seconds left.\n|inactive|haha you rage quit has 60 seconds left.\n|\n|t:|1682946775\n|start\n|switch|p1a: Annihilape|Annihilape, L50, F|100\/100\n|switch|p1b: Scream Tail|Scream Tail, L50|100\/100\n|switch|p2a: Flutter Mane|Flutter Mane, L50, shiny|100\/100\n|switch|p2b: Indeedee|Indeedee-F, L50, F, shiny|100\/100\n|-fieldstart|move: Psychic Terrain|[from] ability: Psychic Surge|[of] p2b: Indeedee\n|-enditem|p2b: Indeedee|Psychic Seed\n|-boost|p2b: Indeedee|spd|1|[from] item: Psychic Seed\n|-enditem|p1b: Scream Tail|Booster Energy\n|-activate|p1b: Scream Tail|ability: Protosynthesis|[fromitem]\n|-start|p1b: Scream Tail|protosynthesisspe\n|turn|1\n|\n|t:|1682946799\n|-terastallize|p1a: Annihilape|Water\n|move|p1b: Scream Tail|Thunder Wave|p2b: Indeedee\n|-status|p2b: Indeedee|par\n|move|p2a: Flutter Mane|Shadow Ball|p1a: Annihilape\n|-damage|p1a: Annihilape|46\/100\n|-enditem|p1a: Annihilape|Sitrus Berry|[eat]\n|-heal|p1a: Annihilape|71\/100|[from] item: Sitrus Berry\n|move|p1a: Annihilape|Rage Fist|p2a: Flutter Mane\n|-supereffective|p2a: Flutter Mane\n|-damage|p2a: Flutter Mane|0 fnt\n|faint|p2a: Flutter Mane\n|-end|p2a: Flutter Mane|Protosynthesis|[silent]\n|move|p2b: Indeedee|Trick Room|p2b: Indeedee\n|-fieldstart|move: Trick Room|[of] p2b: Indeedee\n|\n|upkeep\n|\n|t:|1682946817\n|switch|p2a: Kingambit|Kingambit, L50, M, shiny|100\/100\n|turn|2\n|\n|t:|1682946840\n|-terastallize|p2a: Kingambit|Flying\n|move|p1a: Annihilape|Protect|p1a: Annihilape\n|-singleturn|p1a: Annihilape|Protect\n|cant|p2b: Indeedee|par\n|move|p2a: Kingambit|Swords Dance|p2a: Kingambit\n|-boost|p2a: Kingambit|atk|2\n|move|p1b: Scream Tail|Play Rough|p2a: Kingambit\n|-damage|p2a: Kingambit|84\/100\n|\n|upkeep\n|turn|3\n|\n|t:|1682946861\n|move|p2b: Indeedee|Follow Me|p2b: Indeedee\n|-singleturn|p2b: Indeedee|move: Follow Me\n|move|p2a: Kingambit|Kowtow Cleave|p1a: Annihilape\n|-damage|p1a: Annihilape|0 fnt\n|faint|p1a: Annihilape\n|move|p1b: Scream Tail|Thunder Wave|p2b: Indeedee\n|-fail|p2b: Indeedee|par\n|\n|upkeep\n|\n|t:|1682946870\n|switch|p1a: Iron Bundle|Iron Bundle, L50|100\/100\n|turn|4\n|\n|t:|1682946881\n|move|p1a: Iron Bundle|Protect|p1a: Iron Bundle\n|-singleturn|p1a: Iron Bundle|Protect\n|move|p2b: Indeedee|Follow Me|p2b: Indeedee\n|-singleturn|p2b: Indeedee|move: Follow Me\n|move|p2a: Kingambit|Kowtow Cleave|p1b: Scream Tail\n|-damage|p1b: Scream Tail|25\/100\n|move|p1b: Scream Tail|Disable|p2b: Indeedee\n|-start|p2b: Indeedee|Disable|Follow Me\n|\n|upkeep\n|turn|5\n|\n|t:|1682946906\n|move|p2b: Indeedee|Heal Pulse|p2a: Kingambit\n|-heal|p2a: Kingambit|100\/100\n|move|p2a: Kingambit|Kowtow Cleave|p1a: Iron Bundle\n|-enditem|p1a: Iron Bundle|Focus Sash\n|-damage|p1a: Iron Bundle|1\/100\n|move|p1a: Iron Bundle|Freeze-Dry|p2a: Kingambit\n|-supereffective|p2a: Kingambit\n|-damage|p2a: Kingambit|37\/100\n|move|p1b: Scream Tail|Disable|p2a: Kingambit\n|-start|p2a: Kingambit|Disable|Kowtow Cleave\n|\n|-fieldend|move: Trick Room\n|-fieldend|move: Psychic Terrain\n|upkeep\n|turn|6\n|inactive|FuryCutta has 30 seconds left.\n|\n|t:|1682946939\n|move|p2a: Kingambit|Sucker Punch||[still]\n|-fail|p2a: Kingambit\n|move|p1b: Scream Tail|Play Rough|p2a: Kingambit\n|-damage|p2a: Kingambit|20\/100\n|move|p1a: Iron Bundle|Encore|p2a: Kingambit\n|-start|p2a: Kingambit|Encore\n|move|p2b: Indeedee|Trick Room|p2b: Indeedee\n|-fieldstart|move: Trick Room|[of] p2b: Indeedee\n|\n|upkeep\n|turn|7\n|inactive|haha you rage quit has 30 seconds left.\n|\n|t:|1682946965\n|-end|p1a: Iron Bundle|Quark Drive|[silent]\n|switch|p1a: Gholdengo|Gholdengo, L50|100\/100\n|move|p2a: Kingambit|Sucker Punch|p1b: Scream Tail\n|-damage|p1b: Scream Tail|0 fnt\n|faint|p1b: Scream Tail\n|-end|p1b: Scream Tail|Protosynthesis|[silent]\n|cant|p2b: Indeedee|par\n|\n|upkeep\n|\n|t:|1682946970\n|switch|p1b: Iron Bundle|Iron Bundle, L50|1\/100\n|turn|8\n|\n|t:|1682946980\n|move|p1b: Iron Bundle|Protect|p1b: Iron Bundle\n|-singleturn|p1b: Iron Bundle|Protect\n|move|p2a: Kingambit|Sucker Punch|p1a: Gholdengo\n|-supereffective|p1a: Gholdengo\n|-damage|p1a: Gholdengo|0 fnt\n|faint|p1a: Gholdengo\n|move|p2b: Indeedee|Dazzling Gleam|p1b: Iron Bundle\n|-activate|p1b: Iron Bundle|move: Protect\n|\n|-end|p2b: Indeedee|Disable\n|upkeep\n|turn|9\n|-message|FuryCutta forfeited.\n|\n|win|haha you rage quit\n|raw|FuryCutta's rating: 1386 → 1368<\/strong> (-18 for losing)\n|raw|haha you rage quit's rating: 1427 → 1445<\/strong> (+18 for winning)\n|l|\u2606FuryCutta\n","uploadtime":1682946997,"views":16,"p1id":"furycutta","p2id":"hahayouragequit","formatid":"gen9vgc2023regulationc","rating":1368,"private":0,"password":""}