{"id":"gen9vgc2023regulationc-1845928998","p1":"NHoff","p2":"Kiriziio","format":"[Gen 9] VGC 2023 Regulation C","log":"|j|\u2606NHoff\n|j|\u2606Kiriziio\n|t:|1681780396\n|gametype|doubles\n|player|p1|NHoff|102|1121\n|player|p2|Kiriziio|lance|1219\n|teamsize|p1|6\n|teamsize|p2|6\n|gen|9\n|tier|[Gen 9] VGC 2023 Regulation C\n|rated|\n|rule|Species Clause: Limit one of each Pok\u00e9mon\n|rule|Item Clause: Limit one of each item\n|clearpoke\n|poke|p1|Palafin, L50, F|\n|poke|p1|Talonflame, L50, F|\n|poke|p1|Flutter Mane, L50|\n|poke|p1|Arcanine, L50, F|\n|poke|p1|Amoonguss, L50, M|\n|poke|p1|Garganacl, L50, F|\n|poke|p2|Dondozo, L50, M|\n|poke|p2|Tatsugiri-Stretchy, L50, F|\n|poke|p2|Chi-Yu, L50|\n|poke|p2|Flutter Mane, L50|\n|poke|p2|Dragonite, L50, F|\n|poke|p2|Glimmora, L50, F|\n|teampreview|4\n|\n|t:|1681780445\n|start\n|switch|p1a: Amoonguss|Amoonguss, L50, M|100\/100\n|switch|p1b: Palafin|Palafin, L50, F|100\/100\n|switch|p2a: Glimmora|Glimmora, L50, F|100\/100\n|switch|p2b: Tatsugiri|Tatsugiri-Stretchy, L50, F|100\/100\n|turn|1\n|\n|t:|1681780464\n|move|p1b: Palafin|Protect|p1b: Palafin\n|-singleturn|p1b: Palafin|Protect\n|move|p2a: Glimmora|Toxic|p1b: Palafin\n|-activate|p1b: Palafin|move: Protect\n|move|p2b: Tatsugiri|Muddy Water|p1a: Amoonguss|[spread] p1a\n|-activate|p1b: Palafin|move: Protect\n|-resisted|p1a: Amoonguss\n|-damage|p1a: Amoonguss|79\/100\n|move|p1a: Amoonguss|Spore|p2a: Glimmora\n|-status|p2a: Glimmora|slp|[from] move: Spore\n|\n|upkeep\n|turn|2\n|\n|t:|1681780482\n|detailschange|p1b: Palafin|Palafin-Hero, L50, F\n|switch|p1b: Flutter Mane|Flutter Mane, L50|100\/100\n|cant|p2a: Glimmora|slp\n|move|p2b: Tatsugiri|Muddy Water|p1a: Amoonguss|[spread] p1a,p1b\n|-resisted|p1a: Amoonguss\n|-damage|p1a: Amoonguss|56\/100\n|-damage|p1b: Flutter Mane|47\/100\n|-unboost|p1b: Flutter Mane|accuracy|1\n|move|p1a: Amoonguss|Spore|p2b: Tatsugiri\n|-status|p2b: Tatsugiri|slp|[from] move: Spore\n|\n|upkeep\n|turn|3\n|\n|t:|1681780499\n|move|p1b: Flutter Mane|Shadow Ball|p2a: Glimmora\n|-damage|p2a: Glimmora|19\/100 slp\n|cant|p2a: Glimmora|slp\n|cant|p2b: Tatsugiri|slp\n|move|p1a: Amoonguss|Pollen Puff|p1b: Flutter Mane\n|-heal|p1b: Flutter Mane|97\/100\n|\n|upkeep\n|turn|4\n|\n|t:|1681780513\n|switch|p2a: Chi-Yu|Chi-Yu, L50|100\/100\n|-ability|p2a: Chi-Yu|Beads of Ruin\n|move|p1b: Flutter Mane|Shadow Ball|p2a: Chi-Yu\n|-resisted|p2a: Chi-Yu\n|-damage|p2a: Chi-Yu|67\/100\n|-curestatus|p2b: Tatsugiri|slp|[msg]\n|move|p2b: Tatsugiri|Muddy Water|p1b: Flutter Mane|[spread] p1a,p1b\n|-resisted|p1a: Amoonguss\n|-damage|p1a: Amoonguss|23\/100\n|-damage|p1b: Flutter Mane|21\/100\n|-unboost|p1a: Amoonguss|accuracy|1\n|-enditem|p1a: Amoonguss|Sitrus Berry|[eat]\n|-heal|p1a: Amoonguss|48\/100|[from] item: Sitrus Berry\n|move|p1a: Amoonguss|Pollen Puff|p1b: Flutter Mane|[miss]\n|-miss|p1a: Amoonguss|p1b: Flutter Mane\n|\n|upkeep\n|turn|5\n|\n|t:|1681780534\n|-end|p1b: Flutter Mane|Protosynthesis|[silent]\n|switch|p1b: Palafin|Palafin-Hero, L50, F|100\/100\n|-activate|p1b: Palafin|ability: Zero to Hero\n|move|p2a: Chi-Yu|Flamethrower|p1b: Palafin\n|-resisted|p1b: Palafin\n|-damage|p1b: Palafin|67\/100\n|-status|p1b: Palafin|brn\n|move|p2b: Tatsugiri|Muddy Water|p1a: Amoonguss|[spread] p1a,p1b\n|-resisted|p1a: Amoonguss\n|-resisted|p1b: Palafin\n|-damage|p1a: Amoonguss|18\/100\n|-damage|p1b: Palafin|28\/100 brn\n|-unboost|p1b: Palafin|accuracy|1\n|move|p1a: Amoonguss|Spore|p2b: Tatsugiri\n|-status|p2b: Tatsugiri|slp|[from] move: Spore\n|\n|-damage|p1b: Palafin|22\/100 brn|[from] brn\n|upkeep\n|turn|6\n|\n|t:|1681780554\n|switch|p2a: Glimmora|Glimmora, L50, F|19\/100 slp\n|-terastallize|p1b: Palafin|Water\n|move|p1b: Palafin|Jet Punch|p2b: Tatsugiri\n|-activate|p2b: Tatsugiri|ability: Storm Drain\n|-ability|p2b: Tatsugiri|Storm Drain|boost\n|-boost|p2b: Tatsugiri|spa|1\n|cant|p2b: Tatsugiri|slp\n|move|p1a: Amoonguss|Pollen Puff|p1b: Palafin\n|-heal|p1b: Palafin|72\/100 brn\n|\n|-damage|p1b: Palafin|66\/100 brn|[from] brn\n|upkeep\n|turn|7\n|\n|t:|1681780574\n|switch|p1b: Flutter Mane|Flutter Mane, L50|21\/100\n|switch|p1a: Garganacl|Garganacl, L50, F|100\/100\n|-curestatus|p2a: Glimmora|slp|[msg]\n|move|p2a: Glimmora|Spiky Shield|p2a: Glimmora\n|-singleturn|p2a: Glimmora|move: Protect\n|cant|p2b: Tatsugiri|slp\n|\n|upkeep\n|turn|8\n|\n|t:|1681780588\n|move|p1b: Flutter Mane|Shadow Ball|p2a: Glimmora\n|-damage|p2a: Glimmora|0 fnt\n|faint|p2a: Glimmora\n|cant|p2b: Tatsugiri|slp\n|move|p1a: Garganacl|Substitute|p1a: Garganacl\n|-start|p1a: Garganacl|Substitute\n|-damage|p1a: Garganacl|76\/100\n|\n|-heal|p1a: Garganacl|82\/100|[from] item: Leftovers\n|upkeep\n|\n|t:|1681780599\n|switch|p2a: Chi-Yu|Chi-Yu, L50|67\/100\n|-ability|p2a: Chi-Yu|Beads of Ruin\n|turn|9\n|\n|t:|1681780606\n|-end|p1b: Flutter Mane|Protosynthesis|[silent]\n|switch|p1b: Palafin|Palafin-Hero, L50, F, tera:Water|66\/100 brn\n|move|p2a: Chi-Yu|Protect|p2a: Chi-Yu\n|-singleturn|p2a: Chi-Yu|Protect\n|-curestatus|p2b: Tatsugiri|slp|[msg]\n|move|p2b: Tatsugiri|Muddy Water|p1a: Garganacl|[spread] p1a,p1b\n|-supereffective|p1a: Garganacl\n|-end|p1a: Garganacl|Substitute\n|-resisted|p1b: Palafin\n|-damage|p1b: Palafin|6\/100 brn\n|-unboost|p1b: Palafin|accuracy|1\n|move|p1a: Garganacl|Salt Cure|p2a: Chi-Yu\n|-activate|p2a: Chi-Yu|move: Protect\n|\n|-heal|p1a: Garganacl|87\/100|[from] item: Leftovers\n|-damage|p1b: Palafin|0 fnt|[from] brn\n|faint|p1b: Palafin\n|upkeep\n|\n|t:|1681780622\n|switch|p1b: Flutter Mane|Flutter Mane, L50|21\/100\n|turn|10\n|\n|t:|1681780635\n|-terastallize|p2a: Chi-Yu|Grass\n|move|p1b: Flutter Mane|Moonblast|p2b: Tatsugiri\n|-supereffective|p2b: Tatsugiri\n|-damage|p2b: Tatsugiri|0 fnt\n|faint|p2b: Tatsugiri\n|move|p2a: Chi-Yu|Dark Pulse|p1b: Flutter Mane\n|-damage|p1b: Flutter Mane|0 fnt\n|faint|p1b: Flutter Mane\n|-end|p1b: Flutter Mane|Protosynthesis|[silent]\n|move|p1a: Garganacl|Salt Cure|p2a: Chi-Yu\n|-damage|p2a: Chi-Yu|48\/100\n|\n|-heal|p1a: Garganacl|93\/100|[from] item: Leftovers\n|upkeep\n|\n|t:|1681780647\n|switch|p1b: Amoonguss|Amoonguss, L50, M|51\/100\n|switch|p2b: Dondozo|Dondozo, L50, M|100\/100\n|turn|11\n|\n|t:|1681780667\n|move|p2a: Chi-Yu|Tera Blast|p1a: Garganacl\n|-supereffective|p1a: Garganacl\n|-damage|p1a: Garganacl|9\/100\n|move|p2b: Dondozo|Wave Crash|p1a: Garganacl\n|-supereffective|p1a: Garganacl\n|-damage|p1a: Garganacl|0 fnt\n|faint|p1a: Garganacl\n|-damage|p2b: Dondozo|98\/100|[from] Recoil\n|move|p1b: Amoonguss|Spore|p2b: Dondozo\n|-status|p2b: Dondozo|slp|[from] move: Spore\n|\n|upkeep\n|turn|12\n|\n|t:|1681780679\n|move|p2a: Chi-Yu|Flamethrower|p1b: Amoonguss\n|-supereffective|p1b: Amoonguss\n|-damage|p1b: Amoonguss|0 fnt\n|faint|p1b: Amoonguss\n|\n|win|Kiriziio\n|raw|NHoff's rating: 1121 → 1101<\/strong> (-20 for losing)\n|raw|Kiriziio's rating: 1192 → 1212<\/strong> (+20 for winning)\n|l|\u2606NHoff\n","uploadtime":1681780688,"views":11,"p1id":"nhoff","p2id":"kiriziio","formatid":"gen9vgc2023regulationc","rating":1101,"private":0,"password":""}