{"id":"gen9vgc2023regulationc-1857739164","p1":"Marc0S0l0","p2":"donde_esta_waldo","format":"[Gen 9] VGC 2023 Regulation C","log":"|j|\u2606Marc0S0l0\n|j|\u2606donde_esta_waldo\n|t:|1683227168\n|gametype|doubles\n|player|p1|Marc0S0l0|benga|1055\n|player|p2|donde_esta_waldo|red|1112\n|teamsize|p1|6\n|teamsize|p2|6\n|gen|9\n|tier|[Gen 9] VGC 2023 Regulation C\n|rated|\n|rule|Species Clause: Limit one of each Pok\u00e9mon\n|rule|Item Clause: Limit one of each item\n|clearpoke\n|poke|p1|Pelipper, L50, M|\n|poke|p1|Palafin, L50, F|\n|poke|p1|Gholdengo, L50|\n|poke|p1|Flutter Mane, L50|\n|poke|p1|Maushold-Four, L50|\n|poke|p1|Dragonite, L50, F|\n|poke|p2|Tatsugiri, L50, M|\n|poke|p2|Dondozo, L50, F|\n|poke|p2|Ting-Lu, L50|\n|poke|p2|Sandy Shocks, L50|\n|poke|p2|Flutter Mane, L50|\n|poke|p2|Chi-Yu, L50|\n|teampreview|4\n|inactive|Battle timer is ON: inactive players will automatically lose when time's up. (requested by Marc0S0l0)\n|\n|t:|1683227193\n|start\n|switch|p1a: Pelipper|Pelipper, L50, M, shiny|100\/100\n|switch|p1b: Palafin|Palafin, L50, F, shiny|100\/100\n|switch|p2a: Flutter Mane|Flutter Mane, L50|100\/100\n|switch|p2b: Chi-Yu|Chi-Yu, L50|100\/100\n|-ability|p2b: Chi-Yu|Beads of Ruin\n|-weather|RainDance|[from] ability: Drizzle|[of] p1a: Pelipper\n|turn|1\n|\n|t:|1683227209\n|move|p2b: Chi-Yu|Dark Pulse|p1a: Pelipper\n|-damage|p1a: Pelipper|12\/100\n|move|p2a: Flutter Mane|Thunder Wave|p1b: Palafin|[miss]\n|-miss|p2a: Flutter Mane|p1b: Palafin\n|move|p1b: Palafin|Flip Turn|p2b: Chi-Yu\n|-supereffective|p2b: Chi-Yu\n|-crit|p2b: Chi-Yu\n|-damage|p2b: Chi-Yu|0 fnt\n|faint|p2b: Chi-Yu\n|-damage|p1b: Palafin|91\/100|[from] item: Life Orb\n|\n|t:|1683227223\n|detailschange|p1b: Palafin|Palafin-Hero, L50, F, shiny\n|switch|p1b: Flutter Mane|Flutter Mane, L50|100\/100|[from] Flip Turn\n|cant|p1a: Pelipper|flinch\n|\n|-weather|RainDance|[upkeep]\n|upkeep\n|\n|t:|1683227231\n|switch|p2b: Dondozo|Dondozo, L50, F|100\/100\n|turn|2\n|\n|t:|1683227243\n|-end|p2a: Flutter Mane|Protosynthesis|[silent]\n|switch|p2a: Tatsugiri|Tatsugiri, L50, M|100\/100\n|-activate|p2a: Tatsugiri|ability: Commander|[of] p2b: Dondozo\n|-boost|p2b: Dondozo|atk|2\n|-boost|p2b: Dondozo|spa|2\n|-boost|p2b: Dondozo|spe|2\n|-boost|p2b: Dondozo|def|2\n|-boost|p2b: Dondozo|spd|2\n|move|p1b: Flutter Mane|Dark Pulse|p2b: Dondozo\n|-damage|p2b: Dondozo|86\/100\n|cant|p2b: Dondozo|flinch\n|move|p1a: Pelipper|Tailwind|p1a: Pelipper\n|-sidestart|p1: Marc0S0l0|move: Tailwind\n|\n|-weather|RainDance|[upkeep]\n|-status|p2a: Tatsugiri|tox|[from] item: Toxic Orb\n|upkeep\n|turn|3\n|inactive|Marc0S0l0 has 30 seconds left.\n|\n|t:|1683227268\n|move|p1b: Flutter Mane|Shadow Ball|p2b: Dondozo\n|-damage|p2b: Dondozo|65\/100\n|move|p1a: Pelipper|Hurricane|p2b: Dondozo\n|-damage|p2b: Dondozo|48\/100\n|-start|p2b: Dondozo|confusion\n|-enditem|p2b: Dondozo|Lum Berry|[eat]\n|-end|p2b: Dondozo|confusion\n|move|p2b: Dondozo|Liquidation|p1b: Flutter Mane\n|-damage|p1b: Flutter Mane|0 fnt\n|faint|p1b: Flutter Mane\n|-end|p1b: Flutter Mane|Protosynthesis|[silent]\n|\n|-weather|RainDance|[upkeep]\n|-damage|p2a: Tatsugiri|95\/100 tox|[from] psn\n|upkeep\n|\n|t:|1683227286\n|switch|p1b: Dragonite|Dragonite, L50, F, shiny|100\/100\n|turn|4\n|\n|t:|1683227304\n|-terastallize|p1b: Dragonite|Normal\n|-terastallize|p2b: Dondozo|Dragon\n|move|p1a: Pelipper|Protect|p1a: Pelipper\n|-singleturn|p1a: Pelipper|Protect\n|move|p1b: Dragonite|Extreme Speed|p2b: Dondozo\n|-damage|p2b: Dondozo|29\/100\n|move|p2b: Dondozo|Rest|p2b: Dondozo\n|-status|p2b: Dondozo|slp|[from] move: Rest\n|-heal|p2b: Dondozo|100\/100 slp|[silent]\n|\n|-weather|RainDance|[upkeep]\n|-damage|p2a: Tatsugiri|83\/100 tox|[from] psn\n|upkeep\n|turn|5\n|inactive|donde_esta_waldo has 30 seconds left.\n|inactive|donde_esta_waldo has 20 seconds left.\n|inactive|donde_esta_waldo has 15 seconds left.\n|inactive|donde_esta_waldo has 10 seconds left.\n|\n|t:|1683227350\n|switch|p1b: Palafin|Palafin-Hero, L50, F, shiny|91\/100\n|-activate|p1b: Palafin|ability: Zero to Hero\n|move|p1a: Pelipper|Hurricane|p2b: Dondozo\n|-damage|p2b: Dondozo|83\/100 slp\n|cant|p2b: Dondozo|slp\n|\n|-weather|RainDance|[upkeep]\n|-damage|p2a: Tatsugiri|66\/100 tox|[from] psn\n|-sideend|p1: Marc0S0l0|move: Tailwind\n|upkeep\n|turn|6\n|\n|t:|1683227366\n|switch|p1b: Dragonite|Dragonite, L50, F, shiny, tera:Normal|100\/100\n|cant|p2b: Dondozo|slp\n|move|p1a: Pelipper|Tailwind|p1a: Pelipper\n|-sidestart|p1: Marc0S0l0|move: Tailwind\n|\n|-weather|RainDance|[upkeep]\n|-damage|p2a: Tatsugiri|43\/100 tox|[from] psn\n|upkeep\n|turn|7\n|\n|t:|1683227379\n|move|p1b: Dragonite|Outrage|p2b: Dondozo\n|-supereffective|p2b: Dondozo\n|-crit|p2b: Dondozo\n|-damage|p2b: Dondozo|0 fnt\n|faint|p2b: Dondozo\n|move|p1a: Pelipper|Hurricane|p2a: Tatsugiri\n|-damage|p2a: Tatsugiri|0 fnt\n|faint|p2a: Tatsugiri\n|\n|-weather|RainDance|[upkeep]\n|upkeep\n|\n|t:|1683227384\n|switch|p2a: Flutter Mane|Flutter Mane, L50|100\/100\n|turn|8\n|\n|t:|1683227396\n|move|p1a: Pelipper|Protect|p1a: Pelipper\n|-singleturn|p1a: Pelipper|Protect\n|move|p1b: Dragonite|Outrage|p2a: Flutter Mane|[from]lockedmove\n|-immune|p2a: Flutter Mane\n|move|p2a: Flutter Mane|Calm Mind|p2a: Flutter Mane\n|-boost|p2a: Flutter Mane|spa|1\n|-boost|p2a: Flutter Mane|spd|1\n|\n|-weather|none\n|upkeep\n|turn|9\n|\n|t:|1683227414\n|switch|p1b: Palafin|Palafin-Hero, L50, F, shiny|91\/100\n|move|p1a: Pelipper|Protect||[still]\n|-fail|p1a: Pelipper\n|move|p2a: Flutter Mane|Thunder Wave|p1b: Palafin\n|-status|p1b: Palafin|par\n|\n|-sideend|p1: Marc0S0l0|move: Tailwind\n|upkeep\n|turn|10\n|\n|t:|1683227429\n|switch|p1a: Dragonite|Dragonite, L50, F, shiny, tera:Normal|100\/100\n|cant|p1b: Palafin|par\n|move|p2a: Flutter Mane|Draining Kiss|p1b: Palafin\n|-damage|p1b: Palafin|52\/100 par\n|\n|upkeep\n|turn|11\n|\n|t:|1683227443\n|switch|p1b: Pelipper|Pelipper, L50, M, shiny|12\/100\n|-weather|RainDance|[from] ability: Drizzle|[of] p1b: Pelipper\n|move|p1a: Dragonite|Extreme Speed|p2a: Flutter Mane\n|-immune|p2a: Flutter Mane\n|move|p2a: Flutter Mane|Thunder Wave|p1a: Dragonite\n|-status|p1a: Dragonite|par\n|\n|-weather|RainDance|[upkeep]\n|upkeep\n|turn|12\n|\n|t:|1683227458\n|switch|p1a: Palafin|Palafin-Hero, L50, F, shiny|52\/100 par\n|move|p2a: Flutter Mane|Draining Kiss|p1b: Pelipper\n|-damage|p1b: Pelipper|0 fnt\n|faint|p1b: Pelipper\n|\n|-weather|RainDance|[upkeep]\n|upkeep\n|\n|t:|1683227466\n|switch|p1b: Dragonite|Dragonite, L50, F, shiny, tera:Normal|100\/100 par\n|turn|13\n|\n|t:|1683227476\n|cant|p1a: Palafin|par\n|move|p2a: Flutter Mane|Draining Kiss|p1a: Palafin\n|-damage|p1a: Palafin|12\/100 par\n|move|p1b: Dragonite|Earthquake|p2a: Flutter Mane|[spread] p1a,p2a\n|-damage|p1a: Palafin|0 fnt\n|-damage|p2a: Flutter Mane|48\/100\n|faint|p1a: Palafin\n|\n|-weather|RainDance|[upkeep]\n|upkeep\n|turn|14\n|\n|t:|1683227487\n|move|p2a: Flutter Mane|Draining Kiss|p1b: Dragonite\n|-damage|p1b: Dragonite|79\/100 par\n|-heal|p2a: Flutter Mane|64\/100|[from] drain|[of] p1b: Dragonite\n|cant|p1b: Dragonite|par\n|\n|-weather|RainDance|[upkeep]\n|upkeep\n|turn|15\n|\n|t:|1683227495\n|move|p2a: Flutter Mane|Draining Kiss|p1b: Dragonite\n|-crit|p1b: Dragonite\n|-damage|p1b: Dragonite|17\/100 par\n|-heal|p2a: Flutter Mane|100\/100|[from] drain|[of] p1b: Dragonite\n|move|p1b: Dragonite|Earthquake|p2a: Flutter Mane\n|-damage|p2a: Flutter Mane|29\/100\n|\n|-weather|RainDance|[upkeep]\n|upkeep\n|turn|16\n|\n|t:|1683227504\n|move|p2a: Flutter Mane|Draining Kiss|p1b: Dragonite\n|-damage|p1b: Dragonite|0 fnt\n|-heal|p2a: Flutter Mane|42\/100|[from] drain|[of] p1b: Dragonite\n|faint|p1b: Dragonite\n|\n|win|donde_esta_waldo\n|raw|Marc0S0l0's rating: 1055 → 1040<\/strong> (-15 for losing)\n|raw|donde_esta_waldo's rating: 1112 → 1133<\/strong> (+21 for winning)\n|l|\u2606Marc0S0l0\n","uploadtime":1683227542,"views":18,"p1id":"marc0s0l0","p2id":"dondeestawaldo","formatid":"gen9vgc2023regulationc","rating":1040,"private":0,"password":""}