{"id":"gen9vgc2023regulationc-1847511393","p1":"Superbian","p2":"buggahz349","format":"[Gen 9] VGC 2023 Regulation C","log":"|j|\u2606Superbian\n|j|\u2606buggahz349\n|t:|1681964978\n|gametype|doubles\n|player|p1|Superbian|veteran|\n|player|p2|buggahz349|n|\n|teamsize|p1|6\n|teamsize|p2|6\n|gen|9\n|tier|[Gen 9] VGC 2023 Regulation C\n|rated|Tournament battle\n|rule|Species Clause: Limit one of each Pok\u00e9mon\n|rule|Item Clause: Limit one of each item\n|clearpoke\n|poke|p1|Annihilape, L50, F|\n|poke|p1|Maushold-Four, L50|\n|poke|p1|Arcanine, L50, M|\n|poke|p1|Iron Bundle, L50|\n|poke|p1|Gholdengo, L50|\n|poke|p1|Roaring Moon, L50|\n|poke|p2|Sylveon, L50, F|\n|poke|p2|Gothitelle, L50, M|\n|poke|p2|Garganacl, L50, F|\n|poke|p2|Glimmora, L50, F|\n|poke|p2|Iron Hands, L50|\n|poke|p2|Mimikyu, L50, F|\n|teampreview|4\n|raw| Open Team Sheet for Superbian<\/summary>Annihilape @ Leftovers Ability: Defiant Level: 50 Tera Type: Water - Rage Fist - Drain Punch - Bulk Up - Protect Maushold (Maushold-Four) @ Safety Goggles Ability: Friend Guard Level: 50 Tera Type: Ghost - Beat Up - Follow Me - Taunt - Protect Arcanine @ Assault Vest Ability: Intimidate Level: 50 Tera Type: Grass - Close Combat - Snarl - Flare Blitz - Extreme Speed Iron Bundle @ Covert Cloak Ability: Quark Drive Level: 50 Tera Type: Ghost - Icy Wind - Freeze-Dry - Encore - Protect Gholdengo @ Sitrus Berry Ability: Good as Gold Level: 50 Tera Type: Water - Make It Rain - Shadow Ball - Nasty Plot - Protect Roaring Moon @ Booster Energy Ability: Protosynthesis Level: 50 Tera Type: Flying - Acrobatics - Breaking Swipe - Tailwind - Protect <\/details><\/div> Open Team Sheet for buggahz349<\/summary>Sylveon @ Choice Specs Ability: Pixilate Level: 50 Shiny: Yes Tera Type: Fairy - Hyper Voice - Hyper Beam - Psyshock - Quick Attack Gothitelle @ Safety Goggles Ability: Shadow Tag Level: 50 Shiny: Yes Tera Type: Fairy - Fake Out - Trick Room - Psyshock - Protect Garganacl @ Leftovers Ability: Purifying Salt Level: 50 Shiny: Yes Tera Type: Flying - Salt Cure - Protect - Recover - Wide Guard Glimmora @ Expert Belt Ability: Toxic Debris Level: 50 Shiny: Yes Tera Type: Grass - Energy Ball - Power Gem - Sludge Bomb - Spiky Shield Iron Hands @ Assault Vest Ability: Quark Drive Level: 50 Shiny: Yes Tera Type: Fire - Fake Out - Wild Charge - Drain Punch - Volt Switch Mimikyu @ Life Orb Ability: Disguise Level: 50 Shiny: Yes Tera Type: Fairy - Trick Room - Taunt - Play Rough - Shadow Claw <\/details><\/div>\n|j|%Bright Size\n|j| hl498\n|j| Tempest brute\n|inactive|Battle timer is ON: inactive players will automatically lose when time's up. (requested by buggahz349)\n|c| hl498|Ladies and gentlemen\n|j|%Borghi\n|\n|t:|1681965004\n|start\n|switch|p1a: Gholdengo|Gholdengo, L50|100\/100\n|switch|p1b: Maushold|Maushold-Four, L50|100\/100\n|switch|p2a: Iron Hands|Iron Hands, L50, shiny|100\/100\n|switch|p2b: Mimikyu|Mimikyu, L50, F, shiny|100\/100\n|turn|1\n|c| hl498|It is now Grand finals\n|j| rv100\n|j| Tameryn\n|j| WeirdPolyCouple\n|j| Spider-Who\n|l| Spider-Who\n|\n|t:|1681965022\n|-terastallize|p1b: Maushold|Ghost\n|move|p2a: Iron Hands|Fake Out|p1b: Maushold\n|-immune|p1b: Maushold\n|move|p1b: Maushold|Taunt|p2b: Mimikyu\n|-start|p2b: Mimikyu|move: Taunt\n|move|p1a: Gholdengo|Nasty Plot|p1a: Gholdengo\n|-boost|p1a: Gholdengo|spa|2\n|cant|p2b: Mimikyu|move: Taunt|Trick Room\n|\n|upkeep\n|turn|2\n|\n|t:|1681965036\n|move|p1b: Maushold|Beat Up|p2b: Mimikyu\n|-activate|p2b: Mimikyu|ability: Disguise\n|-damage|p2b: Mimikyu|100\/100\n|detailschange|p2b: Mimikyu|Mimikyu-Busted, L50, F, shiny\n|-damage|p2b: Mimikyu|88\/100|[from] pokemon: Mimikyu-Busted\n|-crit|p2b: Mimikyu\n|-damage|p2b: Mimikyu|83\/100\n|-damage|p2b: Mimikyu|80\/100\n|-damage|p2b: Mimikyu|76\/100\n|-hitcount|p2b: Mimikyu|4\n|move|p1a: Gholdengo|Shadow Ball|p2b: Mimikyu\n|-supereffective|p2b: Mimikyu\n|-crit|p2b: Mimikyu\n|-damage|p2b: Mimikyu|0 fnt\n|faint|p2b: Mimikyu\n|move|p2a: Iron Hands|Wild Charge|p1a: Gholdengo\n|-damage|p1a: Gholdengo|58\/100\n|-damage|p2a: Iron Hands|92\/100|[from] Recoil\n|\n|upkeep\n|\n|t:|1681965040\n|switch|p2b: Glimmora|Glimmora, L50, F, shiny|100\/100\n|turn|3\n|j| ZeroPokemonWonder\n|\n|t:|1681965055\n|move|p2b: Glimmora|Spiky Shield|p2b: Glimmora\n|-singleturn|p2b: Glimmora|move: Protect\n|move|p1b: Maushold|Follow Me|p1b: Maushold\n|-singleturn|p1b: Maushold|move: Follow Me\n|move|p1a: Gholdengo|Make It Rain|p2b: Glimmora|[spread] p2a\n|-activate|p2b: Glimmora|move: Protect\n|-resisted|p2a: Iron Hands\n|-damage|p2a: Iron Hands|68\/100\n|-unboost|p1a: Gholdengo|spa|1\n|move|p2a: Iron Hands|Wild Charge|p1b: Maushold\n|-damage|p1b: Maushold|32\/100\n|-damage|p2a: Iron Hands|55\/100|[from] Recoil\n|\n|upkeep\n|turn|4\n|inactive|buggahz349 has 30 seconds left.\n|\n|t:|1681965083\n|move|p1b: Maushold|Follow Me|p1b: Maushold\n|-singleturn|p1b: Maushold|move: Follow Me\n|move|p1a: Gholdengo|Make It Rain|p2b: Glimmora|[spread] p2a,p2b\n|-resisted|p2a: Iron Hands\n|-supereffective|p2b: Glimmora\n|-damage|p2a: Iron Hands|36\/100\n|-damage|p2b: Glimmora|0 fnt\n|-unboost|p1a: Gholdengo|spa|1\n|faint|p2b: Glimmora\n|move|p2a: Iron Hands|Wild Charge|p1b: Maushold\n|-damage|p1b: Maushold|0 fnt\n|faint|p1b: Maushold\n|-damage|p2a: Iron Hands|31\/100|[from] Recoil\n|\n|upkeep\n|c| rv100|3v2\n|inactive|Superbian has 30 seconds left.\n|\n|t:|1681965109\n|switch|p1b: Annihilape|Annihilape, L50, F|100\/100\n|switch|p2b: Garganacl|Garganacl, L50, F, shiny|100\/100\n|turn|5\n|c| Tempest brute|more like gargancl cs the world\n|c| Tempest brute|*v\n|l|%Bright Size\n|c| Tempest brute|*vs\n|c| rv100|lol\n|inactive|buggahz349 has 30 seconds left.\n|j|%Bright Size\n|\n|t:|1681965142\n|-terastallize|p2b: Garganacl|Flying\n|move|p1a: Gholdengo|Protect|p1a: Gholdengo\n|-singleturn|p1a: Gholdengo|Protect\n|move|p1b: Annihilape|Bulk Up|p1b: Annihilape\n|-boost|p1b: Annihilape|atk|1\n|-boost|p1b: Annihilape|def|1\n|move|p2a: Iron Hands|Wild Charge|p1a: Gholdengo\n|-activate|p1a: Gholdengo|move: Protect\n|move|p2b: Garganacl|Salt Cure|p1b: Annihilape\n|-resisted|p1b: Annihilape\n|-damage|p1b: Annihilape|96\/100\n|-start|p1b: Annihilape|Salt Cure\n|\n|-heal|p1b: Annihilape|100\/100|[from] item: Leftovers\n|-damage|p1b: Annihilape|88\/100|[from] Salt Cure\n|upkeep\n|turn|6\n|\n|t:|1681965163\n|move|p1b: Annihilape|Rage Fist|p2a: Iron Hands\n|-damage|p2a: Iron Hands|0 fnt\n|faint|p2a: Iron Hands\n|-end|p2a: Iron Hands|Quark Drive|[silent]\n|move|p1a: Gholdengo|Shadow Ball|p2b: Garganacl\n|-damage|p2b: Garganacl|83\/100\n|-unboost|p2b: Garganacl|spd|1\n|move|p2b: Garganacl|Salt Cure|p1a: Gholdengo\n|-resisted|p1a: Gholdengo\n|-damage|p1a: Gholdengo|50\/100\n|-start|p1a: Gholdengo|Salt Cure\n|-enditem|p1a: Gholdengo|Sitrus Berry|[eat]\n|-heal|p1a: Gholdengo|75\/100|[from] item: Sitrus Berry\n|\n|-heal|p1b: Annihilape|94\/100|[from] item: Leftovers\n|-heal|p2b: Garganacl|88\/100|[from] item: Leftovers\n|-damage|p1b: Annihilape|82\/100|[from] Salt Cure\n|-damage|p1a: Gholdengo|50\/100|[from] Salt Cure\n|upkeep\n|turn|7\n|\n|t:|1681965180\n|switch|p1a: Iron Bundle|Iron Bundle, L50|100\/100\n|move|p1b: Annihilape|Rage Fist|p2b: Garganacl\n|-crit|p2b: Garganacl\n|-damage|p2b: Garganacl|62\/100\n|move|p2b: Garganacl|Salt Cure|p1a: Iron Bundle\n|-supereffective|p1a: Iron Bundle\n|-damage|p1a: Iron Bundle|68\/100\n|\n|-heal|p1b: Annihilape|88\/100|[from] item: Leftovers\n|-heal|p2b: Garganacl|68\/100|[from] item: Leftovers\n|-damage|p1b: Annihilape|75\/100|[from] Salt Cure\n|upkeep\n|turn|8\n|c| hl498|can garganci do it\n|\n|t:|1681965195\n|move|p2b: Garganacl|Protect|p2b: Garganacl\n|-singleturn|p2b: Garganacl|Protect\n|move|p1a: Iron Bundle|Encore|p2b: Garganacl\n|-activate|p2b: Garganacl|move: Protect\n|move|p1b: Annihilape|Rage Fist|p2b: Garganacl\n|-activate|p2b: Garganacl|move: Protect\n|\n|-heal|p1b: Annihilape|82\/100|[from] item: Leftovers\n|-heal|p2b: Garganacl|73\/100|[from] item: Leftovers\n|-damage|p1b: Annihilape|69\/100|[from] Salt Cure\n|upkeep\n|turn|9\n|c|\u2606buggahz349|gg\n|c|\u2606Superbian|gg\n|inactive|buggahz349 has 30 seconds left.\n|c|\u2606buggahz349|didnt see covert cloak\n|-message|buggahz349 forfeited.\n|\n|win|Superbian\n|n|\u2606Superbian|superbian\n|n|\u2606buggahz349|buggahz349\n|n| hl498|hl498\n|n| Tempest brute|tempestbrute\n|n| Borghi|borghi\n|n| rv100|rv100\n|n| Tameryn|tameryn\n|n| WeirdPolyCouple|weirdpolycouple\n|n| ZeroPokemonWonder|zeropokemonwonder\n|n| Bright Size|brightsize\n","uploadtime":1681965224,"views":6,"p1id":"superbian","p2id":"buggahz349","formatid":"gen9vgc2023regulationc","rating":0,"private":0,"password":""}