{"id":"gen9vgc2023regulationc-1851064506","p1":"panth413","p2":"gfgdgdrgdgrg","format":"[Gen 9] VGC 2023 Regulation C","log":"|j|\u2606panth413\n|j|\u2606gfgdgdrgdgrg\n|t:|1682402841\n|gametype|doubles\n|player|p1|panth413|265|1200\n|player|p2|gfgdgdrgdgrg|whitney-gen2|1179\n|teamsize|p1|6\n|teamsize|p2|6\n|gen|9\n|tier|[Gen 9] VGC 2023 Regulation C\n|rated|\n|rule|Species Clause: Limit one of each Pok\u00e9mon\n|rule|Item Clause: Limit one of each item\n|clearpoke\n|poke|p1|Tyranitar, L50, F|\n|poke|p1|Lycanroc, L50, M|\n|poke|p1|Amoonguss, L50, F|\n|poke|p1|Garchomp, L50, M|\n|poke|p1|Iron Bundle, L50|\n|poke|p1|Talonflame, L50, M|\n|poke|p2|Lilligant, L50, F|\n|poke|p2|Torkoal, L50, M|\n|poke|p2|Flutter Mane, L50|\n|poke|p2|Chi-Yu, L50|\n|poke|p2|Great Tusk, L50|\n|poke|p2|Dragonite, L50, F|\n|teampreview|4\n|inactive|Battle timer is ON: inactive players will automatically lose when time's up. (requested by gfgdgdrgdgrg)\n|inactive|panth413 has 60 seconds left.\n|\n|t:|1682402881\n|start\n|switch|p1a: Talonflame|Talonflame, L50, M|100\/100\n|switch|p1b: Garchomp|Garchomp, L50, M|100\/100\n|switch|p2a: Lilligant|Lilligant, L50, F|100\/100\n|switch|p2b: Torkoal|Torkoal, L50, M|100\/100\n|-weather|SunnyDay|[from] ability: Drought|[of] p2b: Torkoal\n|turn|1\n|\n|t:|1682402898\n|switch|p1b: Tyranitar|Tyranitar, L50, F|100\/100\n|-weather|Sandstorm|[from] ability: Sand Stream|[of] p1b: Tyranitar\n|move|p1a: Talonflame|Brave Bird|p2a: Lilligant\n|-supereffective|p2a: Lilligant\n|-damage|p2a: Lilligant|0 fnt\n|faint|p2a: Lilligant\n|-damage|p1a: Talonflame|70\/100|[from] Recoil\n|move|p2b: Torkoal|Eruption|p1b: Tyranitar|[spread] p1a,p1b\n|-resisted|p1a: Talonflame\n|-crit|p1a: Talonflame\n|-resisted|p1b: Tyranitar\n|-damage|p1a: Talonflame|2\/100\n|-damage|p1b: Tyranitar|89\/100\n|\n|-weather|Sandstorm|[upkeep]\n|-damage|p2b: Torkoal|94\/100|[from] Sandstorm\n|upkeep\n|\n|t:|1682402919\n|switch|p2a: Flutter Mane|Flutter Mane, L50|100\/100\n|-enditem|p2a: Flutter Mane|Booster Energy\n|-activate|p2a: Flutter Mane|ability: Protosynthesis|[fromitem]\n|-start|p2a: Flutter Mane|protosynthesisspa\n|turn|2\n|\n|t:|1682402939\n|switch|p2b: Dragonite|Dragonite, L50, F|100\/100\n|-terastallize|p2a: Flutter Mane|Fairy\n|-terastallize|p1b: Tyranitar|Flying\n|move|p1a: Talonflame|Tailwind|p1a: Talonflame\n|-sidestart|p1: panth413|move: Tailwind\n|move|p2a: Flutter Mane|Dazzling Gleam|p1a: Talonflame|[spread] p1a,p1b\n|-resisted|p1a: Talonflame\n|-damage|p1a: Talonflame|0 fnt\n|-damage|p1b: Tyranitar|57\/100\n|faint|p1a: Talonflame\n|move|p1b: Tyranitar|Rock Slide|p2a: Flutter Mane|[spread] p2a,p2b\n|-supereffective|p2b: Dragonite\n|-damage|p2a: Flutter Mane|50\/100\n|-damage|p2b: Dragonite|41\/100\n|\n|-weather|Sandstorm|[upkeep]\n|-damage|p2a: Flutter Mane|44\/100|[from] Sandstorm\n|-damage|p1b: Tyranitar|51\/100|[from] Sandstorm\n|-damage|p2b: Dragonite|35\/100|[from] Sandstorm\n|upkeep\n|\n|t:|1682402957\n|switch|p1a: Iron Bundle|Iron Bundle, L50|100\/100\n|-enditem|p1a: Iron Bundle|Booster Energy\n|-activate|p1a: Iron Bundle|ability: Quark Drive|[fromitem]\n|-start|p1a: Iron Bundle|quarkdrivespe\n|turn|3\n|\n|t:|1682402972\n|-end|p2a: Flutter Mane|Protosynthesis|[silent]\n|switch|p2a: Torkoal|Torkoal, L50, M|94\/100\n|-weather|SunnyDay|[from] ability: Drought|[of] p2a: Torkoal\n|move|p2b: Dragonite|Extreme Speed|p1a: Iron Bundle\n|-damage|p1a: Iron Bundle|62\/100\n|move|p1a: Iron Bundle|Icy Wind|p2b: Dragonite|[spread] p2a,p2b\n|-resisted|p2a: Torkoal\n|-supereffective|p2b: Dragonite\n|-damage|p2a: Torkoal|81\/100\n|-damage|p2b: Dragonite|0 fnt\n|-unboost|p2a: Torkoal|spe|1\n|faint|p2b: Dragonite\n|move|p1b: Tyranitar|Tera Blast|p2a: Torkoal\n|-damage|p2a: Torkoal|48\/100\n|\n|-weather|SunnyDay|[upkeep]\n|upkeep\n|\n|t:|1682402987\n|switch|p2b: Flutter Mane|Flutter Mane, L50, tera:Fairy|44\/100\n|-activate|p2b: Flutter Mane|ability: Protosynthesis\n|-start|p2b: Flutter Mane|protosynthesisspa\n|turn|4\n|\n|t:|1682403002\n|move|p2b: Flutter Mane|Protect|p2b: Flutter Mane\n|-singleturn|p2b: Flutter Mane|Protect\n|move|p1a: Iron Bundle|Icy Wind|p2b: Flutter Mane|[spread] p2a\n|-activate|p2b: Flutter Mane|move: Protect\n|-resisted|p2a: Torkoal\n|-damage|p2a: Torkoal|34\/100\n|-unboost|p2a: Torkoal|spe|1\n|move|p1b: Tyranitar|Assurance|p2a: Torkoal\n|-damage|p2a: Torkoal|0 fnt\n|faint|p2a: Torkoal\n|\n|-weather|SunnyDay|[upkeep]\n|upkeep\n|turn|5\n|-message|gfgdgdrgdgrg forfeited.\n|\n|win|panth413\n|raw|panth413's rating: 1200 → 1223<\/strong> (+23 for winning)\n|raw|gfgdgdrgdgrg's rating: 1179 → 1156<\/strong> (-23 for losing)\n|l|\u2606gfgdgdrgdgrg\n","uploadtime":1682403015,"views":14,"p1id":"panth413","p2id":"gfgdgdrgdgrg","formatid":"gen9vgc2023regulationc","rating":1156,"private":0,"password":""}