{"id":"gen9vgc2023regulationc-1847155834","p1":"Julicitos","p2":"KenJay^^","format":"[Gen 9] VGC 2023 Regulation C","log":"|j|\u2606Julicitos\n|j|\u2606KenJay^^\n|t:|1681923642\n|gametype|doubles\n|player|p1|Julicitos|266|1076\n|player|p2|KenJay^^|102|1012\n|teamsize|p1|6\n|teamsize|p2|6\n|gen|9\n|tier|[Gen 9] VGC 2023 Regulation C\n|rated|\n|rule|Species Clause: Limit one of each Pok\u00e9mon\n|rule|Item Clause: Limit one of each item\n|clearpoke\n|poke|p1|Indeedee-F, L50, F|\n|poke|p1|Hatterene, L50, F|\n|poke|p1|Hariyama, L50, M|\n|poke|p1|Gastrodon, L50, F|\n|poke|p1|Oranguru, L50, F|\n|poke|p1|Dondozo, L50, F|\n|poke|p2|Ting-Lu, L50|\n|poke|p2|Staraptor, L50, M|\n|poke|p2|Iron Treads, L50|\n|poke|p2|Glimmora, L50, M|\n|poke|p2|Kilowattrel, L50, F|\n|poke|p2|Kingambit, L50, F|\n|teampreview|4\n|\n|t:|1681923667\n|start\n|switch|p1a: Gastrodon|Gastrodon, L50, F|100\/100\n|switch|p1b: Dondozo|Dondozo, L50, F|100\/100\n|switch|p2a: Ting-Lu|Ting-Lu, L50|100\/100\n|switch|p2b: Kilowattrel|Kilowattrel, L50, F|100\/100\n|-ability|p2a: Ting-Lu|Vessel of Ruin\n|turn|1\n|\n|t:|1681923710\n|move|p2a: Ting-Lu|Protect|p2a: Ting-Lu\n|-singleturn|p2a: Ting-Lu|Protect\n|move|p2b: Kilowattrel|Volt Switch|p1b: Dondozo\n|-supereffective|p1b: Dondozo\n|-damage|p1b: Dondozo|68\/100\n|\n|t:|1681923716\n|switch|p2b: Staraptor|Staraptor, L50, M|100\/100|[from] Volt Switch\n|-ability|p2b: Staraptor|Intimidate|boost\n|-unboost|p1a: Gastrodon|atk|1\n|-fail|p1b: Dondozo|unboost|Attack|[from] ability: Oblivious|[of] p1b: Dondozo\n|move|p1b: Dondozo|Surf|p2a: Ting-Lu|[spread] p2b\n|-activate|p2a: Ting-Lu|move: Protect\n|-ability|p1a: Gastrodon|Storm Drain|boost\n|-boost|p1a: Gastrodon|spa|1\n|-damage|p2b: Staraptor|81\/100\n|move|p1a: Gastrodon|Muddy Water|p2b: Staraptor|[spread] p2b\n|-activate|p2a: Ting-Lu|move: Protect\n|-damage|p2b: Staraptor|28\/100\n|-enditem|p2b: Staraptor|Sitrus Berry|[eat]\n|-heal|p2b: Staraptor|53\/100|[from] item: Sitrus Berry\n|\n|upkeep\n|turn|2\n|\n|t:|1681923743\n|-terastallize|p2a: Ting-Lu|Water\n|move|p2b: Staraptor|Brave Bird|p1b: Dondozo\n|-damage|p1b: Dondozo|31\/100\n|-damage|p2b: Staraptor|34\/100|[from] Recoil\n|move|p2a: Ting-Lu|Stomping Tantrum|p1a: Gastrodon\n|-damage|p1a: Gastrodon|62\/100\n|move|p1b: Dondozo|Surf|p2b: Staraptor|[spread] p2a,p2b\n|-ability|p1a: Gastrodon|Storm Drain|boost\n|-boost|p1a: Gastrodon|spa|1\n|-resisted|p2a: Ting-Lu\n|-damage|p2a: Ting-Lu|96\/100\n|-damage|p2b: Staraptor|12\/100\n|move|p1a: Gastrodon|Muddy Water|p2a: Ting-Lu|[spread] p2a,p2b\n|-resisted|p2a: Ting-Lu\n|-damage|p2a: Ting-Lu|79\/100\n|-damage|p2b: Staraptor|0 fnt\n|faint|p2b: Staraptor\n|\n|-heal|p2a: Ting-Lu|85\/100|[from] item: Leftovers\n|upkeep\n|\n|t:|1681923763\n|switch|p2b: Kilowattrel|Kilowattrel, L50, F|100\/100\n|turn|3\n|\n|t:|1681923790\n|move|p2b: Kilowattrel|Thunderbolt|p1b: Dondozo\n|-supereffective|p1b: Dondozo\n|-damage|p1b: Dondozo|0 fnt\n|faint|p1b: Dondozo\n|move|p2a: Ting-Lu|Stomping Tantrum|p1a: Gastrodon\n|-damage|p1a: Gastrodon|23\/100\n|-enditem|p1a: Gastrodon|Sitrus Berry|[eat]\n|-heal|p1a: Gastrodon|48\/100|[from] item: Sitrus Berry\n|move|p1a: Gastrodon|Muddy Water|p2a: Ting-Lu|[spread] p2a,p2b\n|-resisted|p2a: Ting-Lu\n|-damage|p2a: Ting-Lu|68\/100\n|-damage|p2b: Kilowattrel|24\/100\n|\n|-heal|p2a: Ting-Lu|74\/100|[from] item: Leftovers\n|upkeep\n|\n|t:|1681923802\n|switch|p1b: Hariyama|Hariyama, L50, M|100\/100\n|turn|4\n|\n|t:|1681923816\n|move|p1b: Hariyama|Fake Out|p2a: Ting-Lu\n|-damage|p2a: Ting-Lu|65\/100\n|move|p2b: Kilowattrel|Air Slash|p1b: Hariyama\n|-supereffective|p1b: Hariyama\n|-damage|p1b: Hariyama|42\/100\n|cant|p2a: Ting-Lu|flinch\n|move|p1a: Gastrodon|Recover|p1a: Gastrodon\n|-heal|p1a: Gastrodon|98\/100\n|\n|-heal|p2a: Ting-Lu|71\/100|[from] item: Leftovers\n|-status|p1b: Hariyama|brn|[from] item: Flame Orb\n|upkeep\n|turn|5\n|\n|t:|1681923837\n|move|p1b: Hariyama|Protect|p1b: Hariyama\n|-singleturn|p1b: Hariyama|Protect\n|move|p2b: Kilowattrel|Air Slash|p1b: Hariyama\n|-activate|p1b: Hariyama|move: Protect\n|move|p2a: Ting-Lu|Stomping Tantrum|p1a: Gastrodon\n|-damage|p1a: Gastrodon|22\/100\n|move|p1a: Gastrodon|Muddy Water|p2b: Kilowattrel|[spread] p2a,p2b\n|-resisted|p2a: Ting-Lu\n|-damage|p2a: Ting-Lu|55\/100\n|-damage|p2b: Kilowattrel|0 fnt\n|-unboost|p2a: Ting-Lu|accuracy|1\n|faint|p2b: Kilowattrel\n|\n|-heal|p2a: Ting-Lu|61\/100|[from] item: Leftovers\n|-damage|p1b: Hariyama|36\/100 brn|[from] brn\n|upkeep\n|\n|t:|1681923854\n|switch|p2b: Kingambit|Kingambit, L50, F|100\/100\n|turn|6\n|\n|t:|1681923882\n|move|p1b: Hariyama|Close Combat|p2a: Ting-Lu\n|-crit|p2a: Ting-Lu\n|-damage|p2a: Ting-Lu|0 fnt\n|-unboost|p1b: Hariyama|def|1\n|-unboost|p1b: Hariyama|spd|1\n|faint|p2a: Ting-Lu\n|move|p2b: Kingambit|Iron Head|p1b: Hariyama\n|-damage|p1b: Hariyama|0 fnt\n|faint|p1b: Hariyama\n|move|p1a: Gastrodon|Recover|p1a: Gastrodon\n|-heal|p1a: Gastrodon|72\/100\n|\n|upkeep\n|\n|t:|1681923894\n|switch|p1b: Oranguru|Oranguru, L50, F|100\/100\n|turn|7\n|\n|t:|1681923904\n|-terastallize|p1b: Oranguru|Normal\n|move|p1a: Gastrodon|Protect|p1a: Gastrodon\n|-singleturn|p1a: Gastrodon|Protect\n|move|p2b: Kingambit|Kowtow Cleave|p1a: Gastrodon\n|-activate|p1a: Gastrodon|move: Protect\n|move|p1b: Oranguru|Trick Room|p1b: Oranguru\n|-fieldstart|move: Trick Room|[of] p1b: Oranguru\n|\n|upkeep\n|turn|8\n|\n|t:|1681923924\n|move|p2b: Kingambit|Sucker Punch|p1a: Gastrodon\n|-damage|p1a: Gastrodon|28\/100\n|move|p1a: Gastrodon|Earth Power|p2b: Kingambit\n|-supereffective|p2b: Kingambit\n|-damage|p2b: Kingambit|0 fnt\n|faint|p2b: Kingambit\n|\n|win|Julicitos\n|raw|Julicitos's rating: 1076 → 1099<\/strong> (+23 for winning)\n|raw|KenJay^^'s rating: 1012 → 1002<\/strong> (-10 for losing)\n","uploadtime":1681923959,"views":17,"p1id":"julicitos","p2id":"kenjay","formatid":"gen9vgc2023regulationc","rating":1002,"private":0,"password":""}