{"id":"gen9vgc2023regulationc-1847037941","p1":"Joull","p2":"lluisorellana13","format":"[Gen 9] VGC 2023 Regulation C","log":"|j|\u2606Joull\n|j|\u2606lluisorellana13\n|t:|1681913859\n|gametype|doubles\n|player|p1|Joull|lance-gen3|1086\n|player|p2|lluisorellana13|265|1013\n|teamsize|p1|6\n|teamsize|p2|6\n|gen|9\n|tier|[Gen 9] VGC 2023 Regulation C\n|rated|\n|rule|Species Clause: Limit one of each Pok\u00e9mon\n|rule|Item Clause: Limit one of each item\n|clearpoke\n|poke|p1|Arcanine, L50, M|\n|poke|p1|Lucario, L50, M|\n|poke|p1|Palafin, L50, F|\n|poke|p1|Flutter Mane, L50|\n|poke|p1|Chien-Pao, L50|\n|poke|p1|Amoonguss, L50, M|\n|poke|p2|Indeedee-F, L50, F|\n|poke|p2|Armarouge, L50, F|\n|poke|p2|Torkoal, L50, M|\n|poke|p2|Hatterene, L50, F|\n|poke|p2|Kingambit, L50, M|\n|poke|p2|Hariyama, L50, M|\n|teampreview|4\n|inactive|Battle timer is ON: inactive players will automatically lose when time's up. (requested by lluisorellana13)\n|\n|t:|1681913880\n|start\n|switch|p1a: Poes|Chien-Pao, L50|100\/100\n|switch|p1b: Flipper|Palafin, L50, F|100\/100\n|switch|p2a: Indeedee|Indeedee-F, L50, F|100\/100\n|switch|p2b: Hatterene|Hatterene, L50, F|100\/100\n|-ability|p1a: Poes|Sword of Ruin\n|-fieldstart|move: Psychic Terrain|[from] ability: Psychic Surge|[of] p2a: Indeedee\n|-enditem|p2a: Indeedee|Psychic Seed\n|-boost|p2a: Indeedee|spd|1|[from] item: Psychic Seed\n|turn|1\n|\n|t:|1681913897\n|move|p2b: Hatterene|Protect|p2b: Hatterene\n|-singleturn|p2b: Hatterene|Protect\n|move|p1a: Poes|Ice Spinner|p2a: Indeedee\n|-damage|p2a: Indeedee|46\/100\n|-fieldend|move: Psychic Terrain\n|move|p1b: Flipper|Wave Crash|p2a: Indeedee\n|-damage|p2a: Indeedee|0 fnt\n|faint|p2a: Indeedee\n|-damage|p1b: Flipper|85\/100|[from] Recoil\n|\n|upkeep\n|\n|t:|1681913912\n|switch|p2a: Torkoal|Torkoal, L50, M|100\/100\n|-weather|SunnyDay|[from] ability: Drought|[of] p2a: Torkoal\n|turn|2\n|\n|t:|1681913931\n|detailschange|p1b: Flipper|Palafin-Hero, L50, F\n|switch|p1b: Trix|Flutter Mane, L50|100\/100\n|-activate|p1b: Trix|ability: Protosynthesis\n|-start|p1b: Trix|protosynthesisspa\n|move|p1a: Poes|Throat Chop|p2b: Hatterene\n|-damage|p2b: Hatterene|47\/100\n|-start|p2b: Hatterene|Throat Chop|[silent]\n|move|p2a: Torkoal|Flamethrower|p1a: Poes\n|-supereffective|p1a: Poes\n|-enditem|p1a: Poes|Focus Sash\n|-damage|p1a: Poes|1\/100\n|move|p2b: Hatterene|Trick Room|p2b: Hatterene\n|-fieldstart|move: Trick Room|[of] p2b: Hatterene\n|\n|-weather|SunnyDay|[upkeep]\n|upkeep\n|turn|3\n|\n|t:|1681913950\n|move|p2b: Hatterene|Protect|p2b: Hatterene\n|-singleturn|p2b: Hatterene|Protect\n|move|p1b: Trix|Protect|p1b: Trix\n|-singleturn|p1b: Trix|Protect\n|move|p1a: Poes|Sucker Punch|p2a: Torkoal\n|-damage|p2a: Torkoal|66\/100\n|move|p2a: Torkoal|Eruption|p1a: Poes|[spread] p1a\n|-activate|p1b: Trix|move: Protect\n|-supereffective|p1a: Poes\n|-damage|p1a: Poes|0 fnt\n|faint|p1a: Poes\n|\n|-weather|SunnyDay|[upkeep]\n|-end|p2b: Hatterene|Throat Chop|[silent]\n|upkeep\n|\n|t:|1681913962\n|switch|p1a: Flipper|Palafin-Hero, L50, F|85\/100\n|-activate|p1a: Flipper|ability: Zero to Hero\n|turn|4\n|\n|t:|1681913974\n|switch|p2a: Kingambit|Kingambit, L50, M|100\/100\n|-terastallize|p1a: Flipper|Water\n|move|p1a: Flipper|Jet Punch|p2a: Kingambit\n|-damage|p2a: Kingambit|79\/100\n|move|p2b: Hatterene|Psychic|p1b: Trix\n|-damage|p1b: Trix|43\/100\n|-unboost|p1b: Trix|spd|1\n|-damage|p2b: Hatterene|38\/100|[from] item: Life Orb\n|move|p1b: Trix|Shadow Ball|p2b: Hatterene\n|-supereffective|p2b: Hatterene\n|-damage|p2b: Hatterene|0 fnt\n|faint|p2b: Hatterene\n|\n|-weather|SunnyDay|[upkeep]\n|upkeep\n|\n|t:|1681913984\n|switch|p2b: Torkoal|Torkoal, L50, M|66\/100\n|turn|5\n|\n|t:|1681913992\n|move|p1b: Trix|Protect|p1b: Trix\n|-singleturn|p1b: Trix|Protect\n|move|p1a: Flipper|Protect|p1a: Flipper\n|-singleturn|p1a: Flipper|Protect\n|move|p2a: Kingambit|Sucker Punch||[still]\n|-fail|p2a: Kingambit\n|move|p2b: Torkoal|Earth Power|p1b: Trix\n|-activate|p1b: Trix|move: Protect\n|\n|-weather|SunnyDay|[upkeep]\n|upkeep\n|turn|6\n|inactive|Joull has 30 seconds left.\n|\n|t:|1681914023\n|move|p2a: Kingambit|Sucker Punch|p1a: Flipper\n|-damage|p1a: Flipper|40\/100\n|move|p1a: Flipper|Jet Punch|p2b: Torkoal\n|-supereffective|p2b: Torkoal\n|-damage|p2b: Torkoal|28\/100\n|move|p2b: Torkoal|Flamethrower|p1b: Trix\n|-damage|p1b: Trix|0 fnt\n|faint|p1b: Trix\n|-end|p1b: Trix|Protosynthesis|[silent]\n|\n|-weather|none\n|-fieldend|move: Trick Room\n|upkeep\n|\n|t:|1681914033\n|switch|p1b: Vox|Lucario, L50, M|100\/100\n|turn|7\n|\n|t:|1681914049\n|move|p1a: Flipper|Jet Punch|p2b: Torkoal\n|-supereffective|p2b: Torkoal\n|-damage|p2b: Torkoal|0 fnt\n|faint|p2b: Torkoal\n|move|p1b: Vox|Vacuum Wave|p2a: Kingambit\n|-supereffective|p2a: Kingambit\n|-damage|p2a: Kingambit|0 fnt\n|faint|p2a: Kingambit\n|-damage|p1b: Vox|91\/100|[from] item: Life Orb\n|\n|win|Joull\n|raw|Joull's rating: 1086 → 1107<\/strong> (+21 for winning)\n|raw|lluisorellana13's rating: 1013 → 1004<\/strong> (-9 for losing)\n|l|\u2606lluisorellana13\n","uploadtime":1681914062,"views":5,"p1id":"joull","p2id":"lluisorellana13","formatid":"gen9vgc2023regulationc","rating":1004,"private":0,"password":""}