{"id":"gen9vgc2023regulationc-1859809663","p1":"pablodrinksbeer","p2":"ImprovedBore","format":"[Gen 9] VGC 2023 Regulation C","log":"|j|\u2606pablodrinksbeer\n|j|\u2606ImprovedBore\n|t:|1683566373\n|gametype|doubles\n|player|p1|pablodrinksbeer|1|1410\n|player|p2|ImprovedBore|gambler|1340\n|teamsize|p1|6\n|teamsize|p2|6\n|gen|9\n|tier|[Gen 9] VGC 2023 Regulation C\n|rated|\n|rule|Species Clause: Limit one of each Pok\u00e9mon\n|rule|Item Clause: Limit one of each item\n|clearpoke\n|poke|p1|Heracross, L50, F|\n|poke|p1|Murkrow, L50, F|\n|poke|p1|Great Tusk, L50|\n|poke|p1|Flutter Mane, L50|\n|poke|p1|Chi-Yu, L50|\n|poke|p1|Chien-Pao, L50|\n|poke|p2|Lycanroc-Dusk, L50, M|\n|poke|p2|Tyranitar, L50, M|\n|poke|p2|Arcanine, L50, M|\n|poke|p2|Corviknight, L50, F|\n|poke|p2|Gholdengo, L50|\n|poke|p2|Amoonguss, L50, F|\n|teampreview|4\n|inactive|Battle timer is ON: inactive players will automatically lose when time's up. (requested by pablodrinksbeer)\n|inactive|pablodrinksbeer has 60 seconds left.\n|inactive|ImprovedBore has 60 seconds left.\nImprovedBore has agreed to open team sheets.\n|inactive|ImprovedBore has 30 seconds left.\n|\n|t:|1683566441\n|start\n|switch|p1a: Heracross|Heracross, L50, F|100\/100\n|switch|p1b: Chi-Yu|Chi-Yu, L50|100\/100\n|switch|p2a: Corviknight|Corviknight, L50, F|100\/100\n|switch|p2b: Lycanroc|Lycanroc-Dusk, L50, M|100\/100\n|-ability|p1b: Chi-Yu|Beads of Ruin\n|turn|1\n|inactive|pablodrinksbeer has 30 seconds left.\n|\n|t:|1683566473\n|-terastallize|p1b: Chi-Yu|Ghost\n|move|p2b: Lycanroc|Protect|p2b: Lycanroc\n|-singleturn|p2b: Lycanroc|Protect\n|move|p1b: Chi-Yu|Heat Wave|p2a: Corviknight|[spread] p2a\n|-activate|p2b: Lycanroc|move: Protect\n|-supereffective|p2a: Corviknight\n|-damage|p2a: Corviknight|0 fnt\n|faint|p2a: Corviknight\n|-damage|p1b: Chi-Yu|90\/100|[from] item: Life Orb\n|move|p1a: Heracross|Close Combat|p2b: Lycanroc\n|-activate|p2b: Lycanroc|move: Protect\n|\n|upkeep\n|\n|t:|1683566489\n|switch|p2a: Arcanine|Arcanine, L50, M|100\/100\n|-ability|p2a: Arcanine|Intimidate|boost\n|-fail|p1a: Heracross|unboost|[from] item: Clear Amulet|[of] p1a: Heracross\n|-unboost|p1b: Chi-Yu|atk|1\n|turn|2\n|\n|t:|1683566509\n|move|p1a: Heracross|Protect|p1a: Heracross\n|-singleturn|p1a: Heracross|Protect\n|move|p1b: Chi-Yu|Dark Pulse|p2b: Lycanroc\n|-enditem|p2b: Lycanroc|Focus Sash\n|-damage|p2b: Lycanroc|1\/100\n|-damage|p1b: Chi-Yu|80\/100|[from] item: Life Orb\n|move|p2a: Arcanine|Flare Blitz|p1b: Chi-Yu\n|-damage|p1b: Chi-Yu|4\/100\n|-damage|p2a: Arcanine|84\/100|[from] Recoil\n|move|p2b: Lycanroc|Rock Slide|p1b: Chi-Yu|[spread] p1b\n|-activate|p1a: Heracross|move: Protect\n|-damage|p1b: Chi-Yu|0 fnt\n|faint|p1b: Chi-Yu\n|\n|upkeep\n|\n|t:|1683566529\n|switch|p1b: Murkrow|Murkrow, L50, F|100\/100\n|turn|3\n|\n|t:|1683566551\n|-terastallize|p2a: Arcanine|Flying\n|move|p2b: Lycanroc|Accelerock|p1b: Murkrow\n|-supereffective|p1b: Murkrow\n|-damage|p1b: Murkrow|21\/100\n|move|p1b: Murkrow|Tailwind|p1b: Murkrow\n|-sidestart|p1: pablodrinksbeer|move: Tailwind\n|move|p1a: Heracross|Close Combat|p2a: Arcanine\n|-resisted|p2a: Arcanine\n|-damage|p2a: Arcanine|53\/100\n|-unboost|p1a: Heracross|def|1\n|-unboost|p1a: Heracross|spd|1\n|move|p2a: Arcanine|Flare Blitz|p1a: Heracross\n|-supereffective|p1a: Heracross\n|-damage|p1a: Heracross|0 fnt\n|faint|p1a: Heracross\n|-damage|p2a: Arcanine|27\/100|[from] Recoil\n|\n|upkeep\n|\n|t:|1683566567\n|switch|p1a: Chien-Pao|Chien-Pao, L50|100\/100\n|-ability|p1a: Chien-Pao|Sword of Ruin\n|turn|4\n|\n|t:|1683566579\n|move|p2b: Lycanroc|Protect|p2b: Lycanroc\n|-singleturn|p2b: Lycanroc|Protect\n|move|p1a: Chien-Pao|Sucker Punch||[still]\n|-fail|p1a: Chien-Pao\n|move|p1b: Murkrow|Foul Play|p2a: Arcanine\n|-damage|p2a: Arcanine|0 fnt\n|faint|p2a: Arcanine\n|\n|upkeep\n|\n|t:|1683566588\n|switch|p2a: Tyranitar|Tyranitar, L50, M|100\/100\n|-weather|Sandstorm|[from] ability: Sand Stream|[of] p2a: Tyranitar\n|turn|5\n|\n|t:|1683566602\n|move|p1b: Murkrow|Sunny Day|p1b: Murkrow\n|-weather|SunnyDay\n|move|p1a: Chien-Pao|Sacred Sword|p2a: Tyranitar\n|-supereffective|p2a: Tyranitar\n|-damage|p2a: Tyranitar|0 fnt\n|faint|p2a: Tyranitar\n|move|p2b: Lycanroc|Rock Slide|p1b: Murkrow|[spread] p1a,p1b\n|-supereffective|p1a: Chien-Pao\n|-supereffective|p1b: Murkrow\n|-damage|p1a: Chien-Pao|11\/100\n|-damage|p1b: Murkrow|0 fnt\n|faint|p1b: Murkrow\n|\n|-weather|SunnyDay|[upkeep]\n|upkeep\n|turn|6\n|\n|t:|1683566613\n|move|p2b: Lycanroc|Protect|p2b: Lycanroc\n|-singleturn|p2b: Lycanroc|Protect\n|move|p1a: Chien-Pao|Sucker Punch||[still]\n|-fail|p1a: Chien-Pao\n|\n|-weather|SunnyDay|[upkeep]\n|-sideend|p1: pablodrinksbeer|move: Tailwind\n|upkeep\n|turn|7\n|inactive|ImprovedBore has 30 seconds left.\n|\n|t:|1683566639\n|move|p2b: Lycanroc|Protect||[still]\n|-fail|p2b: Lycanroc\n|move|p1a: Chien-Pao|Sucker Punch||[still]\n|-fail|p1a: Chien-Pao\n|\n|-weather|SunnyDay|[upkeep]\n|upkeep\n|turn|8\n|\n|t:|1683566650\n|move|p2b: Lycanroc|Protect|p2b: Lycanroc\n|-singleturn|p2b: Lycanroc|Protect\n|move|p1a: Chien-Pao|Sucker Punch||[still]\n|-fail|p1a: Chien-Pao\n|\n|-weather|SunnyDay|[upkeep]\n|upkeep\n|turn|9\n|inactive|ImprovedBore has 30 seconds left.\n|inactive|ImprovedBore has 20 seconds left.\n|\n|t:|1683566689\n|move|p2b: Lycanroc|Accelerock|p1a: Chien-Pao\n|-supereffective|p1a: Chien-Pao\n|-damage|p1a: Chien-Pao|0 fnt\n|faint|p1a: Chien-Pao\n|\n|win|ImprovedBore\n|raw|pablodrinksbeer's rating: 1410 → 1386<\/strong> (-24 for losing)\n|raw|ImprovedBore's rating: 1340 → 1364<\/strong> (+24 for winning)\n","uploadtime":1683566699,"views":6,"p1id":"pablodrinksbeer","p2id":"improvedbore","formatid":"gen9vgc2023regulationc","rating":1364,"private":0,"password":""}