{"id":"gen9vgc2023regulationc-1859407940","p1":"Gengarone","p2":"ML Lacius","format":"[Gen 9] VGC 2023 Regulation C","log":"|j|\u2606Gengarone\n|j|\u2606ML Lacius\n|t:|1683460818\n|gametype|doubles\n|player|p1|Gengarone|giovanni-gen3|1204\n|player|p2|ML Lacius|101|1248\n|teamsize|p1|6\n|teamsize|p2|6\n|gen|9\n|tier|[Gen 9] VGC 2023 Regulation C\n|rated|\n|rule|Species Clause: Limit one of each Pok\u00e9mon\n|rule|Item Clause: Limit one of each item\n|clearpoke\n|poke|p1|Sableye, L50, M|\n|poke|p1|Torkoal, L50, M|\n|poke|p1|Flutter Mane, L50|\n|poke|p1|Garganacl, L50, M|\n|poke|p1|Annihilape, L50, M|\n|poke|p1|Gyarados, L50, F|\n|poke|p2|Iron Valiant, L50|\n|poke|p2|Baxcalibur, L50, M|\n|poke|p2|Rotom-Wash, L50|\n|poke|p2|Corviknight, L50, M|\n|poke|p2|Arcanine, L50, F|\n|poke|p2|Ting-Lu, L50|\n|teampreview|4\n|inactive|Battle timer is ON: inactive players will automatically lose when time's up. (requested by Gengarone)\nGengarone rejected open team sheets.\n|\n|t:|1683460882\n|start\n|switch|p1a: Sableye|Sableye, L50, M|100\/100\n|switch|p1b: Flutter Mane|Flutter Mane, L50|100\/100\n|switch|p2a: Arcanine|Arcanine, L50, F|100\/100\n|switch|p2b: Ting-Lu|Ting-Lu, L50|100\/100\n|-ability|p2a: Arcanine|Intimidate|boost\n|-unboost|p1a: Sableye|atk|1\n|-unboost|p1b: Flutter Mane|atk|1\n|-ability|p2b: Ting-Lu|Vessel of Ruin\n|turn|1\n|\n|t:|1683460903\n|switch|p2b: Rotom|Rotom-Wash, L50|100\/100\n|move|p1a: Sableye|Fake Out|p2b: Rotom\n|-crit|p2b: Rotom\n|-damage|p2b: Rotom|87\/100\n|move|p1b: Flutter Mane|Power Gem|p2a: Arcanine\n|-supereffective|p2a: Arcanine\n|-damage|p2a: Arcanine|4\/100\n|move|p2a: Arcanine|Flare Blitz|p1b: Flutter Mane\n|-damage|p1b: Flutter Mane|0 fnt\n|faint|p1b: Flutter Mane\n|-end|p1b: Flutter Mane|Protosynthesis|[silent]\n|-damage|p2a: Arcanine|0 fnt|[from] Recoil\n|faint|p2a: Arcanine\n|\n|upkeep\n|\n|t:|1683460919\n|switch|p1b: Garganacl|Garganacl, L50, M|100\/100\n|switch|p2a: Corviknight|Corviknight, L50, M|100\/100\n|turn|2\n|\n|t:|1683460944\n|-terastallize|p1b: Garganacl|Ghost\n|move|p1a: Sableye|Thunder Wave|p2a: Corviknight\n|-status|p2a: Corviknight|par\n|move|p2b: Rotom|Will-O-Wisp|p1b: Garganacl\n|-immune|p1b: Garganacl|[from] ability: Purifying Salt\n|move|p1b: Garganacl|Salt Cure|p2a: Corviknight\n|-damage|p2a: Corviknight|88\/100 par\n|-start|p2a: Corviknight|Salt Cure\n|cant|p2a: Corviknight|par\n|\n|-heal|p2a: Corviknight|94\/100 par|[from] item: Leftovers\n|-damage|p2a: Corviknight|69\/100 par|[from] Salt Cure\n|upkeep\n|turn|3\n|\n|t:|1683460963\n|move|p1a: Sableye|Encore|p2b: Rotom\n|-start|p2b: Rotom|Encore\n|move|p2b: Rotom|Will-O-Wisp|p1a: Sableye\n|-status|p1a: Sableye|brn\n|move|p1b: Garganacl|Salt Cure|p2b: Rotom\n|-damage|p2b: Rotom|71\/100\n|-start|p2b: Rotom|Salt Cure\n|cant|p2a: Corviknight|par\n|\n|-heal|p2a: Corviknight|75\/100 par|[from] item: Leftovers\n|-damage|p1a: Sableye|95\/100 brn|[from] brn\n|-damage|p2b: Rotom|46\/100|[from] Salt Cure\n|-damage|p2a: Corviknight|50\/100 par|[from] Salt Cure\n|upkeep\n|-enditem|p2b: Rotom|Sitrus Berry|[eat]\n|-heal|p2b: Rotom|71\/100|[from] item: Sitrus Berry\n|turn|4\n|inactive|Gengarone has 30 seconds left.\n|\n|t:|1683460997\n|switch|p2b: Ting-Lu|Ting-Lu, L50|100\/100\n|-ability|p2b: Ting-Lu|Vessel of Ruin\n|switch|p1a: Gyarados|Gyarados, L50, F|100\/100\n|-ability|p1a: Gyarados|Intimidate|boost\n|-ability|p2a: Corviknight|Mirror Armor\n|-unboost|p1a: Gyarados|atk|1\n|-unboost|p2b: Ting-Lu|atk|1\n|move|p1b: Garganacl|Salt Cure|p2b: Ting-Lu\n|-resisted|p2b: Ting-Lu\n|-crit|p2b: Ting-Lu\n|-damage|p2b: Ting-Lu|94\/100\n|-start|p2b: Ting-Lu|Salt Cure\n|move|p2a: Corviknight|Bulk Up|p2a: Corviknight\n|-boost|p2a: Corviknight|atk|1\n|-boost|p2a: Corviknight|def|1\n|\n|-heal|p2a: Corviknight|56\/100 par|[from] item: Leftovers\n|-damage|p2b: Ting-Lu|81\/100|[from] Salt Cure\n|-damage|p2a: Corviknight|32\/100 par|[from] Salt Cure\n|upkeep\n|turn|5\n|inactive|Gengarone has 30 seconds left.\n|inactive|ML Lacius has 30 seconds left.\n|\n|t:|1683461028\n|switch|p1b: Sableye|Sableye, L50, M|95\/100 brn\n|move|p1a: Gyarados|Dragon Dance|p1a: Gyarados\n|-boost|p1a: Gyarados|atk|1\n|-boost|p1a: Gyarados|spe|1\n|move|p2b: Ting-Lu|Throat Chop|p1b: Sableye\n|-damage|p1b: Sableye|65\/100 brn\n|-start|p1b: Sableye|Throat Chop|[silent]\n|move|p2a: Corviknight|Roost|p2a: Corviknight\n|-heal|p2a: Corviknight|82\/100 par\n|-singleturn|p2a: Corviknight|move: Roost\n|\n|-heal|p2a: Corviknight|87\/100 par|[from] item: Leftovers\n|-damage|p1b: Sableye|60\/100 brn|[from] brn\n|-damage|p2b: Ting-Lu|69\/100|[from] Salt Cure\n|-damage|p2a: Corviknight|63\/100 par|[from] Salt Cure\n|upkeep\n|turn|6\n|inactive|ML Lacius has 30 seconds left.\n|\n|t:|1683461055\n|move|p1b: Sableye|Encore|p2a: Corviknight\n|-start|p2a: Corviknight|Encore\n|move|p1a: Gyarados|Dragon Dance|p1a: Gyarados\n|-boost|p1a: Gyarados|atk|1\n|-boost|p1a: Gyarados|spe|1\n|move|p2b: Ting-Lu|Rock Slide|p1b: Sableye|[spread] p1a,p1b\n|-supereffective|p1a: Gyarados\n|-damage|p1a: Gyarados|66\/100\n|-damage|p1b: Sableye|47\/100 brn\n|cant|p2a: Corviknight|par\n|\n|-heal|p2a: Corviknight|68\/100 par|[from] item: Leftovers\n|-damage|p1b: Sableye|41\/100 brn|[from] brn\n|-damage|p2b: Ting-Lu|57\/100|[from] Salt Cure\n|-damage|p2a: Corviknight|44\/100 par|[from] Salt Cure\n|-end|p1b: Sableye|Throat Chop|[silent]\n|upkeep\n|turn|7\n|inactive|Gengarone has 30 seconds left.\n|inactive|ML Lacius has 30 seconds left.\n|\n|t:|1683461084\n|switch|p2b: Rotom|Rotom-Wash, L50|71\/100\n|move|p1b: Sableye|Taunt|p2a: Corviknight\n|-start|p2a: Corviknight|move: Taunt\n|move|p1a: Gyarados|Waterfall|p2b: Rotom\n|-resisted|p2b: Rotom\n|-damage|p2b: Rotom|27\/100\n|-damage|p1a: Gyarados|56\/100|[from] item: Life Orb\n|cant|p2a: Corviknight|move: Taunt|Roost\n|\n|-heal|p2a: Corviknight|49\/100 par|[from] item: Leftovers\n|-damage|p1b: Sableye|36\/100 brn|[from] brn\n|-damage|p2a: Corviknight|25\/100 par|[from] Salt Cure\n|upkeep\n|turn|8\n|inactive|Gengarone has 30 seconds left.\n|\n|t:|1683461113\n|switch|p2a: Ting-Lu|Ting-Lu, L50|57\/100\n|-ability|p2a: Ting-Lu|Vessel of Ruin\n|move|p1b: Sableye|Taunt|p2b: Rotom\n|-start|p2b: Rotom|move: Taunt\n|move|p1a: Gyarados|Waterfall|p2b: Rotom\n|-resisted|p2b: Rotom\n|-damage|p2b: Rotom|0 fnt\n|faint|p2b: Rotom\n|-damage|p1a: Gyarados|46\/100|[from] item: Life Orb\n|\n|-damage|p1b: Sableye|30\/100 brn|[from] brn\n|upkeep\n|\n|t:|1683461126\n|switch|p2b: Corviknight|Corviknight, L50, M|25\/100 par\n|turn|9\n|\n|t:|1683461133\n|switch|p1b: Garganacl|Garganacl, L50, M, tera:Ghost|100\/100\n|move|p1a: Gyarados|Waterfall|p2a: Ting-Lu\n|-supereffective|p2a: Ting-Lu\n|-crit|p2a: Ting-Lu\n|-damage|p2a: Ting-Lu|0 fnt\n|faint|p2a: Ting-Lu\n|-damage|p1a: Gyarados|36\/100|[from] item: Life Orb\n|move|p2b: Corviknight|Taunt|p1b: Garganacl\n|-start|p1b: Garganacl|move: Taunt\n|\n|-heal|p2b: Corviknight|30\/100 par|[from] item: Leftovers\n|upkeep\n|turn|10\n|\n|t:|1683461149\n|move|p1a: Gyarados|Ice Fang|p2b: Corviknight\n|-damage|p2b: Corviknight|0 fnt\n|faint|p2b: Corviknight\n|-damage|p1a: Gyarados|26\/100|[from] item: Life Orb\n|\n|win|Gengarone\n|raw|Gengarone's rating: 1204 → 1232<\/strong> (+28 for winning)\n|raw|ML Lacius's rating: 1248 → 1220<\/strong> (-28 for losing)\n|l|\u2606Gengarone\n","uploadtime":1683462209,"views":13,"p1id":"gengarone","p2id":"mllacius","formatid":"gen9vgc2023regulationc","rating":1220,"private":0,"password":""}