{"id":"gen9vgc2023regulationc-1849996124","p1":"thebrosofpokes","p2":"cyan_vg","format":"[Gen 9] VGC 2023 Regulation C","log":"|j|\u2606thebrosofpokes\n|j|\u2606cyan_vg\n|t:|1682276206\n|gametype|doubles\n|player|p1|thebrosofpokes|265|\n|player|p2|cyan_vg|169|\n|teamsize|p1|6\n|teamsize|p2|6\n|gen|9\n|tier|[Gen 9] VGC 2023 Regulation C\n|rule|Species Clause: Limit one of each Pok\u00e9mon\n|rule|Item Clause: Limit one of each item\n|clearpoke\n|poke|p1|Arcanine, L50, F|\n|poke|p1|Amoonguss, L50, F|\n|poke|p1|Palafin, L50, F|\n|poke|p1|Flutter Mane, L50|\n|poke|p1|Kingambit, L50, F|\n|poke|p1|Dragonite, L50, F|\n|poke|p2|Palafin, L50, F|\n|poke|p2|Arcanine, L50, F|\n|poke|p2|Amoonguss, L50, F|\n|poke|p2|Flutter Mane, L50|\n|poke|p2|Chien-Pao, L50|\n|poke|p2|Dragonite, L50, F|\n|teampreview|4\n|c|\u2606cyan_vg|\/log cyan_vg made this room public.\n|c|\u2606thebrosofpokes|g1\n|j| templevgc\n|j| JeanMarc\n|j| baaaaat_\n|j| Svenvgc\n|j| mayday juneday\n|j| DisneyLando\ncyan_vg has agreed to open team sheets.\n|j| sempr9\n|j| InkVG\n|j| duckpond\n|j| rkd272\nthebrosofpokes has agreed to open team sheets.\n|j| Kiyonamivgc\n|l| Kiyonamivgc\n|j| pairingoffsocks\n|j| pokeway96\n|l| rkd272\n|l| pairingoffsocks\n|j| FREEDOMFIGHTER28\n|j| rkd272\n|c|\u2606thebrosofpokes|glhf gamer!\n|c|\u2606cyan_vg|glhf\n|j| Pachi123\n|j| ice me up\n|j| rollacostavgc\n|j| benjinotnice\n|\n|t:|1682276448\n|start\n|switch|p1a: Kingambit|Kingambit, L50, F, shiny|100\/100\n|switch|p1b: Arcanine|Arcanine, L50, F, shiny|100\/100\n|switch|p2a: Flutter Mane|Flutter Mane, L50|100\/100\n|switch|p2b: Palafin|Palafin, L50, F|100\/100\n|-ability|p1b: Arcanine|Intimidate|boost\n|-unboost|p2a: Flutter Mane|atk|1\n|-unboost|p2b: Palafin|atk|1\n|turn|1\n|\n|t:|1682276496\n|-terastallize|p2b: Palafin|Water\n|move|p1a: Kingambit|Protect|p1a: Kingambit\n|-singleturn|p1a: Kingambit|Protect\n|move|p2a: Flutter Mane|Moonblast|p1a: Kingambit\n|-activate|p1a: Kingambit|move: Protect\n|move|p1b: Arcanine|Flare Blitz|p2a: Flutter Mane\n|-damage|p2a: Flutter Mane|28\/100\n|-damage|p1b: Arcanine|83\/100|[from] Recoil\n|move|p2b: Palafin|Wave Crash|p1a: Kingambit\n|-activate|p1a: Kingambit|move: Protect\n|\n|upkeep\n|turn|2\n|j| skoda fabia scam\n|l| rollacostavgc\n|j| StrawberryPawmot\n|\n|t:|1682276573\n|-end|p2a: Flutter Mane|Protosynthesis|[silent]\n|switch|p2a: Arcanine|Arcanine, L50, F|100\/100\n|-ability|p2a: Arcanine|Intimidate|boost\n|-unboost|p1a: Kingambit|atk|1\n|-ability|p1a: Kingambit|Defiant|boost\n|-boost|p1a: Kingambit|atk|2\n|-unboost|p1b: Arcanine|atk|1\n|move|p1a: Kingambit|Sucker Punch||[still]\n|-fail|p1a: Kingambit\n|move|p1b: Arcanine|Will-O-Wisp|p2b: Palafin\n|-status|p2b: Palafin|brn\n|move|p2b: Palafin|Wave Crash|p1b: Arcanine\n|-supereffective|p1b: Arcanine\n|-damage|p1b: Arcanine|33\/100\n|-damage|p2b: Palafin|85\/100 brn|[from] Recoil\n|\n|-damage|p2b: Palafin|79\/100 brn|[from] brn\n|upkeep\n|turn|3\n|j| Pd0nZ\n|\n|t:|1682276637\n|switch|p1b: Amoonguss|Amoonguss, L50, F, shiny|100\/100\n|detailschange|p2b: Palafin|Palafin-Hero, L50, F, tera:Water\n|switch|p2b: Amoonguss|Amoonguss, L50, F|100\/100\n|-terastallize|p1a: Kingambit|Dark\n|move|p2a: Arcanine|Flare Blitz|p1a: Kingambit\n|-damage|p1a: Kingambit|66\/100\n|-damage|p2a: Arcanine|89\/100|[from] Recoil\n|move|p1a: Kingambit|Kowtow Cleave|p2a: Arcanine\n|-damage|p2a: Arcanine|0 fnt\n|faint|p2a: Arcanine\n|\n|upkeep\n|\n|t:|1682276648\n|switch|p2a: Flutter Mane|Flutter Mane, L50|28\/100\n|turn|4\n|\n|t:|1682276691\n|move|p1a: Kingambit|Protect|p1a: Kingambit\n|-singleturn|p1a: Kingambit|Protect\n|move|p2a: Flutter Mane|Dazzling Gleam|p1b: Amoonguss|[spread] p1b\n|-activate|p1a: Kingambit|move: Protect\n|-resisted|p1b: Amoonguss\n|-damage|p1b: Amoonguss|84\/100\n|move|p1b: Amoonguss|Spore|p2a: Flutter Mane\n|-status|p2a: Flutter Mane|slp|[from] move: Spore\n|move|p2b: Amoonguss|Pollen Puff|p2a: Flutter Mane\n|-heal|p2a: Flutter Mane|78\/100 slp\n|\n|upkeep\n|turn|5\n|j| rollacostavgc\n|\n|t:|1682276715\n|cant|p2a: Flutter Mane|slp\n|move|p1a: Kingambit|Kowtow Cleave|p2a: Flutter Mane\n|-damage|p2a: Flutter Mane|0 fnt\n|faint|p2a: Flutter Mane\n|-end|p2a: Flutter Mane|Protosynthesis|[silent]\n|move|p1b: Amoonguss|Pollen Puff|p1a: Kingambit\n|-heal|p1a: Kingambit|100\/100\n|move|p2b: Amoonguss|Pollen Puff|p1b: Amoonguss\n|-damage|p1b: Amoonguss|69\/100\n|\n|upkeep\n|-message|cyan_vg forfeited.\n|\n|win|thebrosofpokes\n|l| InkVG\n|l| pokeway96\n|l| Pd0nZ\n|l| Pachi123\n|l| sempr9\n|j| Pd0nZ\n|l| ice me up\n|j| abhayfive\n|l| rkd272\n|j| Open Teamsheet\n|j| ice me up\n|j| Tekagt\n|j| vinrod gredelin\n|l| skoda fabia scam\n|n| Closed Teamsheet|openteamsheet\n|l| vinrod gredelin\n|l| Closed Teamsheet\n|l| Pd0nZ\n|l| StrawberryPawmot\n|l| duckpond\n|l| ice me up\n|j| M1y\n|l| abhayfive\n|j| whyisitbad\n|l| whyisitbad\n|l|\u2606cyan_vg\n|j| JMOdri\n|l| JeanMarc\n|l| rollacostavgc\n","uploadtime":1682277116,"views":19,"p1id":"thebrosofpokes","p2id":"cyanvg","formatid":"gen9vgc2023regulationc","rating":0,"private":0,"password":""}