{"id":"gen9vgc2023regulationc-1857877292","p1":"littleh4ck","p2":"Quilava 1121","format":"[Gen 9] VGC 2023 Regulation C","log":"|j|\u2606littleh4ck\n|j|\u2606Quilava 1121\n|t:|1683242006\n|gametype|doubles\n|player|p1|littleh4ck|larry|1131\n|player|p2|Quilava 1121|cynthia|1026\n|teamsize|p1|6\n|teamsize|p2|6\n|gen|9\n|tier|[Gen 9] VGC 2023 Regulation C\n|rated|\n|rule|Species Clause: Limit one of each Pok\u00e9mon\n|rule|Item Clause: Limit one of each item\n|clearpoke\n|poke|p1|Kingambit, L50, M|\n|poke|p1|Chien-Pao, L50|\n|poke|p1|Flutter Mane, L50|\n|poke|p1|Amoonguss, L50, M|\n|poke|p1|Dondozo, L50, F|\n|poke|p1|Iron Hands, L50|\n|poke|p2|Ting-Lu, L50|\n|poke|p2|Skeledirge, L50, M|\n|poke|p2|Roaring Moon, L50|\n|poke|p2|Flutter Mane, L50|\n|poke|p2|Dragonite, L50, F|\n|poke|p2|Gholdengo, L50|\n|teampreview|4\nlittleh4ck has agreed to open team sheets.\nQuilava 1121 rejected open team sheets.\n|c|\u2606littleh4ck|sketch\n|c|\u2606Quilava 1121|No\n|c|\u2606littleh4ck|youre gonna wish you had it on lol\n|c|\u2606Quilava 1121|Ok\n|\n|t:|1683242060\n|start\n|switch|p1a: Kingambit|Kingambit, L50, M|100\/100\n|switch|p1b: Amoonguss|Amoonguss, L50, M|100\/100\n|switch|p2a: Ting-Lu|Ting-Lu, L50|100\/100\n|switch|p2b: Roaring Moon|Roaring Moon, L50, shiny|100\/100\n|-ability|p2a: Ting-Lu|Vessel of Ruin\n|-enditem|p2b: Roaring Moon|Booster Energy\n|-activate|p2b: Roaring Moon|ability: Protosynthesis|[fromitem]\n|-start|p2b: Roaring Moon|protosynthesisatk\n|turn|1\n|\n|t:|1683242087\n|move|p1a: Kingambit|Protect|p1a: Kingambit\n|-singleturn|p1a: Kingambit|Protect\n|move|p2b: Roaring Moon|Tailwind|p2b: Roaring Moon\n|-sidestart|p2: Quilava 1121|move: Tailwind\n|move|p1b: Amoonguss|Spore|p2a: Ting-Lu\n|-status|p2a: Ting-Lu|slp|[from] move: Spore\n|cant|p2a: Ting-Lu|slp\n|\n|upkeep\n|turn|2\n|\n|t:|1683242113\n|switch|p1b: Chien-Pao|Chien-Pao, L50|100\/100\n|-ability|p1b: Chien-Pao|Sword of Ruin\n|-terastallize|p2b: Roaring Moon|Flying\n|-terastallize|p1a: Kingambit|Dark\n|move|p2b: Roaring Moon|Acrobatics|p1b: Chien-Pao\n|-enditem|p1b: Chien-Pao|Focus Sash\n|-damage|p1b: Chien-Pao|1\/100\n|-curestatus|p2a: Ting-Lu|slp|[msg]\n|move|p2a: Ting-Lu|Stealth Rock|p1b: Chien-Pao\n|-sidestart|p1: littleh4ck|move: Stealth Rock\n|move|p1a: Kingambit|Kowtow Cleave|p2b: Roaring Moon\n|-damage|p2b: Roaring Moon|0 fnt\n|faint|p2b: Roaring Moon\n|-end|p2b: Roaring Moon|Protosynthesis|[silent]\n|\n|upkeep\n|\n|t:|1683242131\n|switch|p2b: Flutter Mane|Flutter Mane, L50|100\/100\n|turn|3\n|\n|t:|1683242144\n|move|p2b: Flutter Mane|Protect|p2b: Flutter Mane\n|-singleturn|p2b: Flutter Mane|Protect\n|move|p1b: Chien-Pao|Protect|p1b: Chien-Pao\n|-singleturn|p1b: Chien-Pao|Protect\n|move|p1a: Kingambit|Sucker Punch||[still]\n|-fail|p1a: Kingambit\n|move|p2a: Ting-Lu|Earthquake|p1a: Kingambit|[spread] p1a\n|-activate|p2b: Flutter Mane|move: Protect\n|-activate|p1b: Chien-Pao|move: Protect\n|-damage|p1a: Kingambit|72\/100\n|\n|upkeep\n|turn|4\n|\n|t:|1683242163\n|move|p1a: Kingambit|Sucker Punch|p2b: Flutter Mane\n|-enditem|p2b: Flutter Mane|Focus Sash\n|-damage|p2b: Flutter Mane|1\/100\n|move|p2b: Flutter Mane|Dazzling Gleam|p1b: Chien-Pao|[spread] p1a,p1b\n|-supereffective|p1a: Kingambit\n|-supereffective|p1b: Chien-Pao\n|-damage|p1a: Kingambit|18\/100\n|-damage|p1b: Chien-Pao|0 fnt\n|faint|p1b: Chien-Pao\n|move|p2a: Ting-Lu|Whirlwind|p1a: Kingambit\n|drag|p1a: Amoonguss|Amoonguss, L50, M|100\/100\n|-damage|p1a: Amoonguss|88\/100|[from] Stealth Rock\n|\n|-sideend|p2: Quilava 1121|move: Tailwind\n|upkeep\n|\n|t:|1683242176\n|switch|p1b: Dondozo|Dondozo, L50, F|100\/100\n|-damage|p1b: Dondozo|88\/100|[from] Stealth Rock\n|turn|5\n|\n|t:|1683242201\n|move|p2b: Flutter Mane|Protect|p2b: Flutter Mane\n|-singleturn|p2b: Flutter Mane|Protect\n|move|p2a: Ting-Lu|Ruination|p1b: Dondozo\n|-damage|p1b: Dondozo|44\/100\n|move|p1b: Dondozo|Substitute|p1b: Dondozo\n|-start|p1b: Dondozo|Substitute\n|-damage|p1b: Dondozo|20\/100\n|move|p1a: Amoonguss|Spore|p2a: Ting-Lu\n|-status|p2a: Ting-Lu|slp|[from] move: Spore\n|\n|-heal|p1b: Dondozo|26\/100|[from] item: Leftovers\n|upkeep\n|turn|6\n|\n|t:|1683242227\n|move|p1a: Amoonguss|Protect|p1a: Amoonguss\n|-singleturn|p1a: Amoonguss|Protect\n|move|p2b: Flutter Mane|Shadow Ball|p1a: Amoonguss\n|-activate|p1a: Amoonguss|move: Protect\n|move|p1b: Dondozo|Earthquake|p2b: Flutter Mane|[spread] p2a,p2b\n|-activate|p1a: Amoonguss|move: Protect\n|-damage|p2a: Ting-Lu|90\/100 slp\n|-damage|p2b: Flutter Mane|0 fnt\n|faint|p2b: Flutter Mane\n|-end|p2b: Flutter Mane|Protosynthesis|[silent]\n|cant|p2a: Ting-Lu|slp\n|\n|-heal|p2a: Ting-Lu|96\/100 slp|[from] item: Leftovers\n|-heal|p1b: Dondozo|32\/100|[from] item: Leftovers\n|upkeep\n|\n|t:|1683242241\n|switch|p2b: Dragonite|Dragonite, L50, F, shiny|100\/100\n|turn|7\n|\n|t:|1683242252\n|move|p2b: Dragonite|Extreme Speed|p1b: Dondozo\n|-end|p1b: Dondozo|Substitute\n|-damage|p2b: Dragonite|91\/100|[from] item: Life Orb\n|move|p1a: Amoonguss|Rage Powder|p1a: Amoonguss\n|-singleturn|p1a: Amoonguss|move: Rage Powder\n|-curestatus|p2a: Ting-Lu|slp|[msg]\n|move|p2a: Ting-Lu|Earthquake|p1a: Amoonguss|[spread] p1a,p1b\n|-immune|p2b: Dragonite\n|-damage|p1a: Amoonguss|63\/100\n|-damage|p1b: Dondozo|15\/100\n|move|p1b: Dondozo|Fissure|p2a: Ting-Lu|[miss]\n|-miss|p1b: Dondozo|p2a: Ting-Lu\n|\n|-heal|p2a: Ting-Lu|100\/100|[from] item: Leftovers\n|-heal|p1b: Dondozo|21\/100|[from] item: Leftovers\n|upkeep\n|turn|8\n|\n|t:|1683242274\n|move|p2b: Dragonite|Extreme Speed|p1a: Amoonguss\n|-damage|p1a: Amoonguss|29\/100\n|-damage|p2b: Dragonite|75\/100|[from] item: Rocky Helmet|[of] p1a: Amoonguss\n|-damage|p2b: Dragonite|65\/100|[from] item: Life Orb\n|move|p2a: Ting-Lu|Earthquake|p1a: Amoonguss|[spread] p1a,p1b\n|-immune|p2b: Dragonite\n|-damage|p1a: Amoonguss|6\/100\n|-damage|p1b: Dondozo|3\/100\n|move|p1b: Dondozo|Wave Crash|p2a: Ting-Lu\n|-supereffective|p2a: Ting-Lu\n|-damage|p2a: Ting-Lu|52\/100\n|-damage|p1b: Dondozo|0 fnt|[from] Recoil\n|faint|p1b: Dondozo\n|move|p1a: Amoonguss|Pollen Puff|p1: Dondozo|[notarget]\n|-fail|p1a: Amoonguss\n|\n|-heal|p2a: Ting-Lu|59\/100|[from] item: Leftovers\n|upkeep\n|\n|t:|1683242285\n|switch|p1b: Kingambit|Kingambit, L50, M, tera:Dark|18\/100\n|-damage|p1b: Kingambit|5\/100|[from] Stealth Rock\n|turn|9\n|\n|t:|1683242311\n|move|p1b: Kingambit|Protect|p1b: Kingambit\n|-singleturn|p1b: Kingambit|Protect\n|move|p2b: Dragonite|Roost|p2b: Dragonite\n|-heal|p2b: Dragonite|100\/100\n|-singleturn|p2b: Dragonite|move: Roost\n|move|p2a: Ting-Lu|Earthquake|p1b: Kingambit|[spread] p2b,p1a\n|-activate|p1b: Kingambit|move: Protect\n|-damage|p2b: Dragonite|85\/100\n|-damage|p1a: Amoonguss|0 fnt\n|faint|p1a: Amoonguss\n|\n|-heal|p2a: Ting-Lu|65\/100|[from] item: Leftovers\n|upkeep\n|turn|10\n|-message|littleh4ck forfeited.\n|\n|win|Quilava 1121\n|raw|littleh4ck's rating: 1131 → 1099<\/strong> (-32 for losing)\n|raw|Quilava 1121's rating: 1026 → 1073<\/strong> (+47 for winning)\n|c|\u2606littleh4ck|gg ik when ive lost\n|c|\u2606littleh4ck|have a good night\n","uploadtime":1683242336,"views":9,"p1id":"littleh4ck","p2id":"quilava1121","formatid":"gen9vgc2023regulationc","rating":1073,"private":0,"password":""}