{"id":"gen9vgc2023regulationc-1855775652","p1":"CbuttyVGC","p2":"HappyMuffinTime","format":"[Gen 9] VGC 2023 Regulation C","log":"|j|\u2606CbuttyVGC\n|j|\u2606HappyMuffinTime\n|t:|1682982750\n|gametype|doubles\n|player|p1|CbuttyVGC|acetrainer-gen4dp|1312\n|player|p2|HappyMuffinTime|cynthia|1399\n|teamsize|p1|6\n|teamsize|p2|6\n|gen|9\n|tier|[Gen 9] VGC 2023 Regulation C\n|rated|\n|rule|Species Clause: Limit one of each Pok\u00e9mon\n|rule|Item Clause: Limit one of each item\n|clearpoke\n|poke|p1|Ting-Lu, L50|\n|poke|p1|Farigiraf, L50, F|\n|poke|p1|Flutter Mane, L50|\n|poke|p1|Amoonguss, L50, M|\n|poke|p1|Crabominable, L50, F|\n|poke|p1|Arcanine, L50, M|\n|poke|p2|Dachsbun, L50, M|\n|poke|p2|Chi-Yu, L50|\n|poke|p2|Flutter Mane, L50|\n|poke|p2|Iron Hands, L50|\n|poke|p2|Palafin, L50, F|\n|poke|p2|Amoonguss, L50, M|\n|teampreview|4\n|inactive|Battle timer is ON: inactive players will automatically lose when time's up. (requested by CbuttyVGC)\n|inactive|CbuttyVGC has 60 seconds left.\n|\n|t:|1682982788\n|start\n|switch|p1a: Farigiraf|Farigiraf, L50, F, shiny|100\/100\n|switch|p1b: Ting-Lu|Ting-Lu, L50|100\/100\n|switch|p2a: Dachsbun|Dachsbun, L50, M|100\/100\n|switch|p2b: Chi-Yu|Chi-Yu, L50|100\/100\n|-ability|p2b: Chi-Yu|Beads of Ruin\n|-ability|p1b: Ting-Lu|Vessel of Ruin\n|turn|1\n|inactive|HappyMuffinTime has 30 seconds left.\n|inactive|HappyMuffinTime has 20 seconds left.\n|inactive|HappyMuffinTime has 15 seconds left.\n|\n|t:|1682982829\n|-terastallize|p2b: Chi-Yu|Grass\n|move|p2b: Chi-Yu|Lava Plume|p1b: Ting-Lu|[spread] p1a,p1b\n|-ability|p2a: Dachsbun|Well-Baked Body|boost\n|-boost|p2a: Dachsbun|def|2\n|-damage|p1a: Farigiraf|69\/100\n|-damage|p1b: Ting-Lu|87\/100\n|move|p2a: Dachsbun|Body Press|p1b: Ting-Lu\n|-supereffective|p1b: Ting-Lu\n|-damage|p1b: Ting-Lu|37\/100\n|move|p1b: Ting-Lu|Stomping Tantrum|p2b: Chi-Yu\n|-resisted|p2b: Chi-Yu\n|-damage|p2b: Chi-Yu|67\/100\n|move|p1a: Farigiraf|Trick Room|p1a: Farigiraf\n|-fieldstart|move: Trick Room|[of] p1a: Farigiraf\n|\n|upkeep\n|turn|2\n|l|\u2606CbuttyVGC\n|inactive|CbuttyVGC disconnected and has a minute to reconnect!\n|player|p1|\n|j|\u2606CbuttyVGC\n|inactive|CbuttyVGC reconnected and has 45 seconds left.\n|player|p1|CbuttyVGC|acetrainer-gen4dp\n|\n|t:|1682982852\n|-terastallize|p1b: Ting-Lu|Water\n|move|p1b: Ting-Lu|Fissure|p2a: Dachsbun|[miss]\n|-miss|p1b: Ting-Lu|p2a: Dachsbun\n|move|p1a: Farigiraf|Hyper Voice|p2a: Dachsbun|[spread] p2a,p2b\n|-damage|p2a: Dachsbun|63\/100\n|-damage|p2b: Chi-Yu|40\/100\n|-enditem|p1a: Farigiraf|Throat Spray\n|-boost|p1a: Farigiraf|spa|1|[from] item: Throat Spray\n|move|p2a: Dachsbun|Yawn|p1b: Ting-Lu\n|-start|p1b: Ting-Lu|move: Yawn|[of] p2a: Dachsbun\n|move|p2b: Chi-Yu|Lava Plume|p1b: Ting-Lu|[spread] p1a,p1b\n|-ability|p2a: Dachsbun|Well-Baked Body|boost\n|-boost|p2a: Dachsbun|def|2\n|-resisted|p1b: Ting-Lu\n|-damage|p1a: Farigiraf|41\/100\n|-damage|p1b: Ting-Lu|29\/100\n|\n|-heal|p2a: Dachsbun|69\/100|[from] item: Leftovers\n|upkeep\n|turn|3\n|inactive|CbuttyVGC has 30 seconds left.\n|\n|t:|1682982886\n|switch|p1b: Crabominable|Crabominable, L50, F, shiny|100\/100\n|move|p1a: Farigiraf|Hyper Voice|p2b: Chi-Yu|[spread] p2a,p2b\n|-damage|p2a: Dachsbun|0 fnt\n|-damage|p2b: Chi-Yu|0 fnt\n|faint|p2a: Dachsbun\n|faint|p2b: Chi-Yu\n|\n|upkeep\n|\n|t:|1682982893\n|switch|p2a: Flutter Mane|Flutter Mane, L50|100\/100\n|switch|p2b: Iron Hands|Iron Hands, L50|100\/100\n|turn|4\n|\n|t:|1682982906\n|move|p1b: Crabominable|Protect|p1b: Crabominable\n|-singleturn|p1b: Crabominable|Protect\n|move|p2a: Flutter Mane|Protect|p2a: Flutter Mane\n|-singleturn|p2a: Flutter Mane|Protect\n|move|p1a: Farigiraf|Psychic|p2b: Iron Hands\n|-supereffective|p2b: Iron Hands\n|-damage|p2b: Iron Hands|20\/100\n|move|p2b: Iron Hands|Drain Punch|p1a: Farigiraf\n|-damage|p1a: Farigiraf|0 fnt\n|-heal|p2b: Iron Hands|37\/100|[from] drain|[of] p1a: Farigiraf\n|faint|p1a: Farigiraf\n|\n|upkeep\n|\n|t:|1682982918\n|switch|p1a: Ting-Lu|Ting-Lu, L50, tera:Water|29\/100\n|-ability|p1a: Ting-Lu|Vessel of Ruin\n|turn|5\n|\n|t:|1682982929\n|move|p1a: Ting-Lu|Stomping Tantrum|p2b: Iron Hands\n|-supereffective|p2b: Iron Hands\n|-damage|p2b: Iron Hands|0 fnt\n|faint|p2b: Iron Hands\n|-end|p2b: Iron Hands|Quark Drive|[silent]\n|move|p1b: Crabominable|Ice Hammer|p2a: Flutter Mane|[miss]\n|-miss|p1b: Crabominable|p2a: Flutter Mane\n|move|p2a: Flutter Mane|Dazzling Gleam|p1b: Crabominable|[spread] p1a,p1b\n|-supereffective|p1b: Crabominable\n|-damage|p1a: Ting-Lu|17\/100\n|-damage|p1b: Crabominable|43\/100\n|\n|-fieldend|move: Trick Room\n|upkeep\n|turn|6\n|\n|t:|1682982938\n|move|p2a: Flutter Mane|Dazzling Gleam|p1a: Ting-Lu|[spread] p1a,p1b\n|-supereffective|p1b: Crabominable\n|-damage|p1a: Ting-Lu|5\/100\n|-damage|p1b: Crabominable|0 fnt\n|faint|p1b: Crabominable\n|move|p1a: Ting-Lu|Heavy Slam|p2a: Flutter Mane\n|-supereffective|p2a: Flutter Mane\n|-enditem|p2a: Flutter Mane|Focus Sash\n|-damage|p2a: Flutter Mane|1\/100\n|\n|upkeep\n|\n|t:|1682982941\n|switch|p1b: Arcanine|Arcanine, L50, M, shiny|100\/100\n|-ability|p1b: Arcanine|Intimidate|boost\n|-unboost|p2a: Flutter Mane|atk|1\n|turn|7\n|-message|HappyMuffinTime forfeited.\n|\n|win|CbuttyVGC\n|raw|CbuttyVGC's rating: 1312 → 1337<\/strong> (+25 for winning)\n|raw|HappyMuffinTime's rating: 1399 → 1374<\/strong> (-25 for losing)\n|l|\u2606HappyMuffinTime\n","uploadtime":1682982951,"views":17,"p1id":"cbuttyvgc","p2id":"happymuffintime","formatid":"gen9vgc2023regulationc","rating":1337,"private":0,"password":""}