{"id":"gen9vgc2023regulationc-1857005647","p1":"SwampCorner","p2":"Kb019","format":"[Gen 9] VGC 2023 Regulation C","log":"|j|\u2606SwampCorner\n|j|\u2606Kb019\n|t:|1683135867\n|gametype|doubles\n|player|p1|SwampCorner|boarder|1474\n|player|p2|Kb019|102|1423\n|teamsize|p1|6\n|teamsize|p2|6\n|gen|9\n|tier|[Gen 9] VGC 2023 Regulation C\n|rated|\n|rule|Species Clause: Limit one of each Pok\u00e9mon\n|rule|Item Clause: Limit one of each item\n|clearpoke\n|poke|p1|Scream Tail, L50|\n|poke|p1|Ceruledge, L50, F|\n|poke|p1|Ting-Lu, L50|\n|poke|p1|Iron Hands, L50|\n|poke|p1|Arcanine, L50, M|\n|poke|p1|Flutter Mane, L50|\n|poke|p2|Flutter Mane, L50|\n|poke|p2|Amoonguss, L50, M|\n|poke|p2|Dondozo, L50, M|\n|poke|p2|Klefki, L50, F|\n|poke|p2|Glimmora, L50, F|\n|poke|p2|Tatsugiri-Stretchy, L50, M|\n|teampreview|4\nSwampCorner has agreed to open team sheets.\n|c|\u2606SwampCorner|glhf\n|inactive|Battle timer is ON: inactive players will automatically lose when time's up. (requested by Kb019)\n|\n|t:|1683135902\n|start\n|switch|p1a: Ceruledge|Ceruledge, L50, F|100\/100\n|switch|p1b: Scream Tail|Scream Tail, L50|100\/100\n|switch|p2a: Glimmora|Glimmora, L50, F|100\/100\n|switch|p2b: Klefki|Klefki, L50, F|100\/100\n|-enditem|p1b: Scream Tail|Booster Energy\n|-activate|p1b: Scream Tail|ability: Protosynthesis|[fromitem]\n|-start|p1b: Scream Tail|protosynthesisspe\n|turn|1\n|inactive|SwampCorner has 30 seconds left.\n|\n|t:|1683135928\n|-terastallize|p1a: Ceruledge|Grass\n|-terastallize|p2b: Klefki|Water\n|move|p2b: Klefki|Reflect|p2b: Klefki\n|-sidestart|p2: Kb019|Reflect\n|move|p1b: Scream Tail|Misty Terrain|p1b: Scream Tail\n|-fieldstart|move: Misty Terrain\n|move|p2a: Glimmora|Mortal Spin|p1b: Scream Tail|[spread] p1a,p1b\n|-supereffective|p1a: Ceruledge\n|-supereffective|p1b: Scream Tail\n|-damage|p1a: Ceruledge|91\/100\n|-damage|p1b: Scream Tail|94\/100\n|move|p1a: Ceruledge|Tera Blast|p2a: Glimmora\n|-damage|p2a: Glimmora|75\/100\n|-activate|p2a: Glimmora|ability: Toxic Debris\n|-sidestart|p1: SwampCorner|move: Toxic Spikes\n|\n|upkeep\n|turn|2\n|inactive|Kb019 has 30 seconds left.\n|\n|t:|1683135959\n|move|p2b: Klefki|Light Screen|p2b: Klefki\n|-sidestart|p2: Kb019|move: Light Screen\n|move|p1b: Scream Tail|Encore|p2a: Glimmora\n|-start|p2a: Glimmora|Encore\n|move|p2a: Glimmora|Mortal Spin|p1a: Ceruledge|[spread] p1a,p1b\n|-supereffective|p1a: Ceruledge\n|-supereffective|p1b: Scream Tail\n|-damage|p1a: Ceruledge|81\/100\n|-damage|p1b: Scream Tail|88\/100\n|move|p1a: Ceruledge|Tera Blast|p2b: Klefki\n|-supereffective|p2b: Klefki\n|-damage|p2b: Klefki|51\/100\n|\n|upkeep\n|turn|3\n|\n|t:|1683135975\n|switch|p2a: Amoonguss|Amoonguss, L50, M|100\/100\n|move|p1b: Scream Tail|Howl|p1b: Scream Tail|[spread] p1a,p1b\n|-boost|p1a: Ceruledge|atk|1\n|-boost|p1b: Scream Tail|atk|1\n|move|p1a: Ceruledge|Bitter Blade|p2a: Amoonguss\n|-supereffective|p2a: Amoonguss\n|-damage|p2a: Amoonguss|28\/100\n|-heal|p1a: Ceruledge|100\/100|[from] drain|[of] p2a: Amoonguss\n|-enditem|p2a: Amoonguss|Sitrus Berry|[eat]\n|-heal|p2a: Amoonguss|53\/100|[from] item: Sitrus Berry\n|move|p2b: Klefki|Dazzling Gleam|p1a: Ceruledge|[spread] p1a,p1b\n|-damage|p1a: Ceruledge|91\/100\n|-damage|p1b: Scream Tail|75\/100\n|\n|upkeep\n|turn|4\n|\n|t:|1683135993\n|switch|p2a: Glimmora|Glimmora, L50, F|75\/100\n|move|p1b: Scream Tail|Encore|p2b: Klefki\n|-start|p2b: Klefki|Encore\n|move|p1a: Ceruledge|Bitter Blade|p2a: Glimmora\n|-resisted|p2a: Glimmora\n|-damage|p2a: Glimmora|49\/100\n|-heal|p1a: Ceruledge|100\/100|[from] drain|[of] p2a: Glimmora\n|-activate|p2a: Glimmora|ability: Toxic Debris\n|-sidestart|p1: SwampCorner|move: Toxic Spikes\n|move|p2b: Klefki|Dazzling Gleam|p1a: Ceruledge|[spread] p1a,p1b\n|-damage|p1a: Ceruledge|90\/100\n|-damage|p1b: Scream Tail|63\/100\n|\n|upkeep\n|turn|5\n|\n|t:|1683136009\n|move|p1b: Scream Tail|Howl|p1b: Scream Tail|[spread] p1a,p1b\n|-boost|p1a: Ceruledge|atk|1\n|-boost|p1b: Scream Tail|atk|1\n|move|p2a: Glimmora|Power Gem|p1b: Scream Tail\n|-damage|p1b: Scream Tail|31\/100\n|move|p1a: Ceruledge|Tera Blast|p2a: Glimmora\n|-damage|p2a: Glimmora|0 fnt\n|faint|p2a: Glimmora\n|move|p2b: Klefki|Dazzling Gleam|p1a: Ceruledge|[spread] p1a,p1b\n|-damage|p1a: Ceruledge|80\/100\n|-damage|p1b: Scream Tail|17\/100\n|\n|-fieldend|Misty Terrain\n|upkeep\n|\n|t:|1683136023\n|switch|p2a: Flutter Mane|Flutter Mane, L50|100\/100\n|-enditem|p2a: Flutter Mane|Booster Energy\n|-activate|p2a: Flutter Mane|ability: Protosynthesis|[fromitem]\n|-start|p2a: Flutter Mane|protosynthesisspe\n|turn|6\n|\n|t:|1683136036\n|move|p2a: Flutter Mane|Moonblast|p1b: Scream Tail\n|-damage|p1b: Scream Tail|0 fnt\n|faint|p1b: Scream Tail\n|-end|p1b: Scream Tail|Protosynthesis|[silent]\n|move|p1a: Ceruledge|Bitter Blade|p2a: Flutter Mane\n|-damage|p2a: Flutter Mane|0 fnt\n|-heal|p1a: Ceruledge|100\/100|[from] drain|[of] p2a: Flutter Mane\n|faint|p2a: Flutter Mane\n|-end|p2a: Flutter Mane|Protosynthesis|[silent]\n|move|p2b: Klefki|Dazzling Gleam|p1a: Ceruledge\n|-damage|p1a: Ceruledge|85\/100\n|\n|-end|p2b: Klefki|Encore\n|upkeep\n|-message|Kb019 forfeited.\n|\n|win|SwampCorner\n|raw|SwampCorner's rating: 1474 → 1491<\/strong> (+17 for winning)\n|raw|Kb019's rating: 1423 → 1406<\/strong> (-17 for losing)\n|l|\u2606Kb019\n","uploadtime":1683136086,"views":30,"p1id":"swampcorner","p2id":"kb019","formatid":"gen9vgc2023regulationc","rating":1406,"private":0,"password":""}