{"id":"gen9vgc2023regulationc-1856031092","p1":"HelpVGC","p2":"MagmaWolf404","format":"[Gen 9] VGC 2023 Regulation C","log":"|j|\u2606HelpVGC\n|j|\u2606MagmaWolf404\n|t:|1683020192\n|gametype|doubles\n|player|p1|HelpVGC|265|1132\n|player|p2|MagmaWolf404|iris-gen5bw2|1104\n|teamsize|p1|6\n|teamsize|p2|6\n|gen|9\n|tier|[Gen 9] VGC 2023 Regulation C\n|rated|\n|rule|Species Clause: Limit one of each Pok\u00e9mon\n|rule|Item Clause: Limit one of each item\n|clearpoke\n|poke|p1|Iron Hands, L50|\n|poke|p1|Chien-Pao, L50|\n|poke|p1|Sandy Shocks, L50|\n|poke|p1|Espathra, L50, F|\n|poke|p1|Dragonite, L50, F|\n|poke|p1|Chi-Yu, L50|\n|poke|p2|Tinkaton, L50, F|\n|poke|p2|Talonflame, L50, M|\n|poke|p2|Arcanine, L50, M|\n|poke|p2|Flutter Mane, L50|\n|poke|p2|Hydreigon, L50, M|\n|poke|p2|Palafin, L50, M|\n|teampreview|4\n|\n|t:|1683020220\n|start\n|switch|p1a: Dragonite|Dragonite, L50, F|100\/100\n|switch|p1b: Iron Hands|Iron Hands, L50|100\/100\n|switch|p2a: Tinkaton|Tinkaton, L50, F|100\/100\n|switch|p2b: Palafin|Palafin, L50, M|100\/100\n|-ability|p2a: Tinkaton|Mold Breaker\n|turn|1\n|\n|t:|1683020237\n|detailschange|p2b: Palafin|Palafin-Hero, L50, M\n|switch|p2b: Arcanine|Arcanine, L50, M|100\/100\n|-ability|p2b: Arcanine|Intimidate|boost\n|-fail|p1a: Dragonite|unboost|Attack|[from] ability: Inner Focus|[of] p1a: Dragonite\n|-unboost|p1b: Iron Hands|atk|1\n|move|p2a: Tinkaton|Fake Out|p1a: Dragonite\n|-damage|p1a: Dragonite|88\/100\n|move|p1b: Iron Hands|Fake Out|p2a: Tinkaton\n|-resisted|p2a: Tinkaton\n|-damage|p2a: Tinkaton|93\/100\n|cant|p1a: Dragonite|flinch\n|\n|upkeep\n|turn|2\n|\n|t:|1683020259\n|move|p1a: Dragonite|Protect|p1a: Dragonite\n|-singleturn|p1a: Dragonite|Protect\n|move|p2b: Arcanine|Flare Blitz|p1b: Iron Hands\n|-damage|p1b: Iron Hands|66\/100\n|-status|p1b: Iron Hands|brn\n|-damage|p2b: Arcanine|87\/100|[from] Recoil\n|move|p2a: Tinkaton|Play Rough|p1a: Dragonite\n|-activate|p1a: Dragonite|move: Protect\n|move|p1b: Iron Hands|Volt Switch|p2b: Arcanine\n|-damage|p2b: Arcanine|73\/100\n|\n|t:|1683020272\n|-end|p1b: Iron Hands|Quark Drive|[silent]\n|switch|p1b: Chien-Pao|Chien-Pao, L50|100\/100|[from] Volt Switch\n|-ability|p1b: Chien-Pao|Sword of Ruin\n|\n|upkeep\n|turn|3\n|\n|t:|1683020294\n|move|p1a: Dragonite|Extreme Speed|p2a: Tinkaton\n|-resisted|p2a: Tinkaton\n|-damage|p2a: Tinkaton|69\/100\n|move|p1b: Chien-Pao|Sacred Sword|p2a: Tinkaton\n|-damage|p2a: Tinkaton|18\/100\n|move|p2b: Arcanine|Will-O-Wisp|p1a: Dragonite\n|-status|p1a: Dragonite|brn\n|-enditem|p1a: Dragonite|Lum Berry|[eat]\n|-curestatus|p1a: Dragonite|brn|[msg]\n|move|p2a: Tinkaton|Gigaton Hammer|p1b: Chien-Pao\n|-supereffective|p1b: Chien-Pao\n|-enditem|p1b: Chien-Pao|Focus Sash\n|-damage|p1b: Chien-Pao|1\/100\n|\n|upkeep\n|turn|4\n|\n|t:|1683020317\n|switch|p2a: Palafin|Palafin-Hero, L50, M|100\/100\n|-activate|p2a: Palafin|ability: Zero to Hero\n|move|p1b: Chien-Pao|Protect|p1b: Chien-Pao\n|-singleturn|p1b: Chien-Pao|Protect\n|move|p1a: Dragonite|Extreme Speed|p2a: Palafin\n|-damage|p2a: Palafin|67\/100\n|move|p2b: Arcanine|Flare Blitz|p1b: Chien-Pao\n|-activate|p1b: Chien-Pao|move: Protect\n|\n|upkeep\n|turn|5\n|\n|t:|1683020344\n|switch|p1b: Iron Hands|Iron Hands, L50|66\/100 brn\n|switch|p2b: Tinkaton|Tinkaton, L50, F|18\/100\n|-ability|p2b: Tinkaton|Mold Breaker\n|move|p2a: Palafin|Jet Punch|p1b: Iron Hands\n|-damage|p1b: Iron Hands|42\/100 brn\n|move|p1a: Dragonite|Dragon Claw|p2a: Palafin\n|-damage|p2a: Palafin|32\/100\n|-enditem|p2a: Palafin|Sitrus Berry|[eat]\n|-heal|p2a: Palafin|57\/100|[from] item: Sitrus Berry\n|\n|-damage|p1b: Iron Hands|36\/100 brn|[from] brn\n|upkeep\n|turn|6\n|\n|t:|1683020371\n|-terastallize|p2a: Palafin|Water\n|move|p2b: Tinkaton|Fake Out|p1a: Dragonite\n|-damage|p1a: Dragonite|76\/100\n|cant|p1a: Dragonite|flinch\n|move|p2a: Palafin|Wave Crash|p1b: Iron Hands\n|-damage|p1b: Iron Hands|0 fnt\n|faint|p1b: Iron Hands\n|-end|p1b: Iron Hands|Quark Drive|[silent]\n|-damage|p2a: Palafin|43\/100|[from] Recoil\n|\n|upkeep\n|\n|t:|1683020383\n|switch|p1b: Chien-Pao|Chien-Pao, L50|1\/100\n|-ability|p1b: Chien-Pao|Sword of Ruin\n|turn|7\n|\n|t:|1683020397\n|move|p1b: Chien-Pao|Protect|p1b: Chien-Pao\n|-singleturn|p1b: Chien-Pao|Protect\n|move|p1a: Dragonite|Extreme Speed|p2b: Tinkaton\n|-resisted|p2b: Tinkaton\n|-damage|p2b: Tinkaton|0 fnt\n|faint|p2b: Tinkaton\n|move|p2a: Palafin|Jet Punch|p1b: Chien-Pao\n|-activate|p1b: Chien-Pao|move: Protect\n|\n|upkeep\n|\n|t:|1683020407\n|switch|p2b: Arcanine|Arcanine, L50, M|73\/100\n|-ability|p2b: Arcanine|Intimidate|boost\n|-fail|p1a: Dragonite|unboost|Attack|[from] ability: Inner Focus|[of] p1a: Dragonite\n|-unboost|p1b: Chien-Pao|atk|1\n|turn|8\n|\n|t:|1683020417\n|move|p1a: Dragonite|Extreme Speed|p2a: Palafin\n|-damage|p2a: Palafin|10\/100\n|move|p1b: Chien-Pao|Ice Shard|p2a: Palafin\n|-resisted|p2a: Palafin\n|-damage|p2a: Palafin|1\/100\n|move|p2a: Palafin|Jet Punch|p1b: Chien-Pao\n|-crit|p1b: Chien-Pao\n|-damage|p1b: Chien-Pao|0 fnt\n|faint|p1b: Chien-Pao\n|move|p2b: Arcanine|Wild Charge|p1a: Dragonite\n|-damage|p1a: Dragonite|45\/100\n|-damage|p2b: Arcanine|66\/100|[from] Recoil\n|\n|upkeep\n|\n|t:|1683020431\n|switch|p1b: Chi-Yu|Chi-Yu, L50|100\/100\n|-ability|p1b: Chi-Yu|Beads of Ruin\n|turn|9\n|\n|t:|1683020440\n|move|p1a: Dragonite|Extreme Speed|p2a: Palafin\n|-damage|p2a: Palafin|0 fnt\n|faint|p2a: Palafin\n|move|p1b: Chi-Yu|Nasty Plot|p1b: Chi-Yu\n|-boost|p1b: Chi-Yu|spa|2\n|move|p2b: Arcanine|Wild Charge|p1a: Dragonite\n|-damage|p1a: Dragonite|17\/100\n|-damage|p2b: Arcanine|60\/100|[from] Recoil\n|\n|upkeep\n|\n|t:|1683020451\n|switch|p2a: Flutter Mane|Flutter Mane, L50|100\/100\n|-enditem|p2a: Flutter Mane|Booster Energy\n|-activate|p2a: Flutter Mane|ability: Protosynthesis|[fromitem]\n|-start|p2a: Flutter Mane|protosynthesisspe\n|turn|10\n|\n|t:|1683020462\n|-terastallize|p1b: Chi-Yu|Fire\n|move|p1a: Dragonite|Protect|p1a: Dragonite\n|-singleturn|p1a: Dragonite|Protect\n|move|p2a: Flutter Mane|Dazzling Gleam|p1a: Dragonite|[spread] p1b\n|-activate|p1a: Dragonite|move: Protect\n|-resisted|p1b: Chi-Yu\n|-damage|p1b: Chi-Yu|84\/100\n|move|p1b: Chi-Yu|Heat Wave|p2b: Arcanine|[spread] p2b\n|-miss|p1b: Chi-Yu|p2a: Flutter Mane\n|-resisted|p2b: Arcanine\n|-damage|p2b: Arcanine|0 fnt\n|faint|p2b: Arcanine\n|\n|upkeep\n|turn|11\n|\n|t:|1683020480\n|move|p2a: Flutter Mane|Shadow Ball|p1b: Chi-Yu\n|-damage|p1b: Chi-Yu|40\/100\n|move|p1b: Chi-Yu|Dark Pulse|p2a: Flutter Mane\n|-damage|p2a: Flutter Mane|0 fnt\n|faint|p2a: Flutter Mane\n|-end|p2a: Flutter Mane|Protosynthesis|[silent]\n|\n|win|HelpVGC\n|raw|HelpVGC's rating: 1132 → 1155<\/strong> (+23 for winning)\n|raw|MagmaWolf404's rating: 1104 → 1081<\/strong> (-23 for losing)\n|l|\u2606MagmaWolf404\n","uploadtime":1683020668,"views":11,"p1id":"helpvgc","p2id":"magmawolf404","formatid":"gen9vgc2023regulationc","rating":1081,"private":0,"password":""}