{"id":"gen9vgc2023regulationc-1859892308","p1":"Yukiler","p2":"WHITEWOLF081","format":"[Gen 9] VGC 2023 Regulation C","log":"|j|\u2606Yukiler\n|j|\u2606WHITEWOLF081\n|t:|1683573356\n|gametype|doubles\n|player|p1|Yukiler|170|1137\n|player|p2|WHITEWOLF081|265|1159\n|teamsize|p1|6\n|teamsize|p2|6\n|gen|9\n|tier|[Gen 9] VGC 2023 Regulation C\n|rated|\n|rule|Species Clause: Limit one of each Pok\u00e9mon\n|rule|Item Clause: Limit one of each item\n|clearpoke\n|poke|p1|Dragapult, L50, F|\n|poke|p1|Chien-Pao, L50|\n|poke|p1|Arcanine, L50, F|\n|poke|p1|Palafin, L50, M|\n|poke|p1|Amoonguss, L50, F|\n|poke|p1|Flutter Mane, L50|\n|poke|p2|Torkoal, L50, M|\n|poke|p2|Grimmsnarl, L50, M|\n|poke|p2|Flutter Mane, L50|\n|poke|p2|Arcanine, L50, F|\n|poke|p2|Lilligant, L50, F|\n|poke|p2|Ting-Lu, L50|\n|teampreview|4\n|\n|t:|1683573387\n|start\n|switch|p1a: Chien-Pao|Chien-Pao, L50|100\/100\n|switch|p1b: Palafin|Palafin, L50, M|100\/100\n|switch|p2a: Torkoal|Torkoal, L50, M|100\/100\n|switch|p2b: Grimmsnarl|Grimmsnarl, L50, M, shiny|100\/100\n|-ability|p1a: Chien-Pao|Sword of Ruin\n|-weather|SunnyDay|[from] ability: Drought|[of] p2a: Torkoal\n|turn|1\n|inactive|Battle timer is ON: inactive players will automatically lose when time's up. (requested by WHITEWOLF081)\n|\n|t:|1683573430\n|detailschange|p1b: Palafin|Palafin-Hero, L50, M\n|switch|p1b: Flutter Mane|Flutter Mane, L50|100\/100\n|-activate|p1b: Flutter Mane|ability: Protosynthesis\n|-start|p1b: Flutter Mane|protosynthesisspa\n|move|p2b: Grimmsnarl|Reflect|p2b: Grimmsnarl\n|-sidestart|p2: WHITEWOLF081|Reflect\n|move|p1a: Chien-Pao|Sacred Sword|p2b: Grimmsnarl\n|-damage|p2b: Grimmsnarl|68\/100\n|move|p2a: Torkoal|Overheat|p1b: Flutter Mane\n|-damage|p1b: Flutter Mane|45\/100\n|-unboost|p2a: Torkoal|spa|2\n|-enditem|p2a: Torkoal|Eject Pack\n|\n|t:|1683573446\n|switch|p2a: Arcanine|Arcanine, L50, F|100\/100\n|-ability|p2a: Arcanine|Intimidate|boost\n|-unboost|p1a: Chien-Pao|atk|1\n|-unboost|p1b: Flutter Mane|atk|1\n|\n|-weather|SunnyDay|[upkeep]\n|upkeep\n|turn|2\n|inactive|Yukiler has 30 seconds left.\n|\n|t:|1683573475\n|move|p2b: Grimmsnarl|Light Screen|p2b: Grimmsnarl\n|-sidestart|p2: WHITEWOLF081|move: Light Screen\n|move|p1a: Chien-Pao|Ice Spinner|p2b: Grimmsnarl\n|-damage|p2b: Grimmsnarl|40\/100\n|move|p1b: Flutter Mane|Dazzling Gleam|p2b: Grimmsnarl|[spread] p2a,p2b\n|-resisted|p2a: Arcanine\n|-supereffective|p2b: Grimmsnarl\n|-damage|p2a: Arcanine|84\/100\n|-damage|p2b: Grimmsnarl|0 fnt\n|faint|p2b: Grimmsnarl\n|move|p2a: Arcanine|Flare Blitz|p1b: Flutter Mane\n|-damage|p1b: Flutter Mane|0 fnt\n|faint|p1b: Flutter Mane\n|-end|p1b: Flutter Mane|Protosynthesis|[silent]\n|-damage|p2a: Arcanine|70\/100|[from] Recoil\n|\n|-weather|SunnyDay|[upkeep]\n|upkeep\n|\n|t:|1683573489\n|switch|p1b: Palafin|Palafin-Hero, L50, M|100\/100\n|switch|p2b: Flutter Mane|Flutter Mane, L50|100\/100\n|-activate|p2b: Flutter Mane|ability: Protosynthesis\n|-start|p2b: Flutter Mane|protosynthesisspe\n|-activate|p1b: Palafin|ability: Zero to Hero\n|turn|3\n|\n|t:|1683573505\n|-terastallize|p1b: Palafin|Water\n|move|p1a: Chien-Pao|Sucker Punch|p2b: Flutter Mane\n|-damage|p2b: Flutter Mane|53\/100\n|move|p1b: Palafin|Jet Punch|p2a: Arcanine\n|-supereffective|p2a: Arcanine\n|-crit|p2a: Arcanine\n|-damage|p2a: Arcanine|0 fnt\n|faint|p2a: Arcanine\n|move|p2b: Flutter Mane|Thunderbolt|p1b: Palafin\n|-supereffective|p1b: Palafin\n|-damage|p1b: Palafin|0 fnt\n|faint|p1b: Palafin\n|\n|-weather|SunnyDay|[upkeep]\n|upkeep\n|\n|t:|1683573516\n|switch|p2a: Torkoal|Torkoal, L50, M|100\/100\n|switch|p1b: Amoonguss|Amoonguss, L50, F|100\/100\n|turn|4\n|\n|t:|1683573534\n|move|p1a: Chien-Pao|Sucker Punch|p2b: Flutter Mane\n|-damage|p2b: Flutter Mane|6\/100\n|move|p2b: Flutter Mane|Thunderbolt|p1a: Chien-Pao\n|-damage|p1a: Chien-Pao|16\/100\n|move|p1b: Amoonguss|Spore|p2a: Torkoal\n|-status|p2a: Torkoal|slp|[from] move: Spore\n|cant|p2a: Torkoal|slp\n|\n|-weather|SunnyDay|[upkeep]\n|upkeep\n|turn|5\n|\n|t:|1683573554\n|move|p1a: Chien-Pao|Sucker Punch|p2b: Flutter Mane\n|-damage|p2b: Flutter Mane|0 fnt\n|faint|p2b: Flutter Mane\n|-end|p2b: Flutter Mane|Protosynthesis|[silent]\n|move|p1b: Amoonguss|Pollen Puff|p1a: Chien-Pao\n|-heal|p1a: Chien-Pao|66\/100\n|cant|p2a: Torkoal|slp\n|\n|-weather|none\n|upkeep\n|turn|6\n|\n|t:|1683573570\n|-terastallize|p2a: Torkoal|Fire\n|move|p1a: Chien-Pao|Sacred Sword|p2a: Torkoal\n|-damage|p2a: Torkoal|90\/100 slp\n|move|p1b: Amoonguss|Pollen Puff|p2a: Torkoal\n|-resisted|p2a: Torkoal\n|-damage|p2a: Torkoal|82\/100 slp\n|-curestatus|p2a: Torkoal|slp|[msg]\n|move|p2a: Torkoal|Overheat|p1b: Amoonguss|[miss]\n|-miss|p2a: Torkoal|p1b: Amoonguss\n|\n|upkeep\n|turn|7\n|\n|t:|1683573587\n|move|p1a: Chien-Pao|Sucker Punch|p2a: Torkoal\n|-damage|p2a: Torkoal|70\/100\n|move|p1b: Amoonguss|Spore|p2a: Torkoal\n|-status|p2a: Torkoal|slp|[from] move: Spore\n|cant|p2a: Torkoal|slp\n|\n|upkeep\n|turn|8\n|\n|t:|1683573605\n|move|p1a: Chien-Pao|Ice Spinner|p2a: Torkoal\n|-resisted|p2a: Torkoal\n|-damage|p2a: Torkoal|63\/100 slp\n|move|p1b: Amoonguss|Pollen Puff|p2a: Torkoal\n|-resisted|p2a: Torkoal\n|-damage|p2a: Torkoal|55\/100 slp\n|-curestatus|p2a: Torkoal|slp|[msg]\n|move|p2a: Torkoal|Overheat|p1b: Amoonguss\n|-supereffective|p1b: Amoonguss\n|-damage|p1b: Amoonguss|0 fnt\n|-unboost|p2a: Torkoal|spa|2\n|faint|p1b: Amoonguss\n|\n|-sideend|p2: WHITEWOLF081|Reflect\n|upkeep\n|turn|9\n|\n|t:|1683573621\n|move|p1a: Chien-Pao|Sacred Sword|p2a: Torkoal\n|-damage|p2a: Torkoal|38\/100\n|move|p2a: Torkoal|Overheat|p1a: Chien-Pao\n|-supereffective|p1a: Chien-Pao\n|-damage|p1a: Chien-Pao|0 fnt\n|-unboost|p2a: Torkoal|spa|2\n|faint|p1a: Chien-Pao\n|\n|win|WHITEWOLF081\n|raw|Yukiler's rating: 1137 → 1114<\/strong> (-23 for losing)\n|raw|WHITEWOLF081's rating: 1159 → 1182<\/strong> (+23 for winning)\n|l|\u2606Yukiler\n","uploadtime":1683573637,"views":11,"p1id":"yukiler","p2id":"whitewolf081","formatid":"gen9vgc2023regulationc","rating":1114,"private":0,"password":""}