{"id":"gen9vgc2023regulationc-1853032815","p1":"RodriCapi","p2":"katokunvgc","format":"[Gen 9] VGC 2023 Regulation C","log":"|j|\u2606RodriCapi\n|j|\u2606katokunvgc\n|t:|1682627651\n|gametype|doubles\n|player|p1|RodriCapi|2|1315\n|player|p2|katokunvgc|red|1349\n|teamsize|p1|6\n|teamsize|p2|6\n|gen|9\n|tier|[Gen 9] VGC 2023 Regulation C\n|rated|\n|rule|Species Clause: Limit one of each Pok\u00e9mon\n|rule|Item Clause: Limit one of each item\n|clearpoke\n|poke|p1|Amoonguss, L50, M|\n|poke|p1|Grimmsnarl, L50, M|\n|poke|p1|Gholdengo, L50|\n|poke|p1|Flutter Mane, L50|\n|poke|p1|Iron Bundle, L50|\n|poke|p1|Chi-Yu, L50|\n|poke|p2|Dragapult, L50, M|\n|poke|p2|Sylveon, L50, F|\n|poke|p2|Chien-Pao, L50|\n|poke|p2|Scizor, L50, F|\n|poke|p2|Palafin, L50, F|\n|poke|p2|Talonflame, L50, F|\n|teampreview|4\n|inactive|Battle timer is ON: inactive players will automatically lose when time's up. (requested by katokunvgc)\n|inactive|RodriCapi has 60 seconds left.\n|inactive|katokunvgc has 60 seconds left.\n|\n|t:|1682627692\n|start\n|switch|p1a: Grimmsnarl|Grimmsnarl, L50, M|100\/100\n|switch|p1b: Flutter Mane|Flutter Mane, L50|100\/100\n|switch|p2a: Dragapult|Dragapult, L50, M|100\/100\n|switch|p2b: Talonflame|Talonflame, L50, F|100\/100\n|turn|1\n|inactive|RodriCapi has 30 seconds left.\n|inactive|RodriCapi has 20 seconds left.\n|inactive|RodriCapi has 15 seconds left.\n|inactive|RodriCapi has 10 seconds left.\n|\n|t:|1682627742\n|-end|p1b: Flutter Mane|Protosynthesis|[silent]\n|switch|p1b: Gholdengo|Gholdengo, L50|100\/100\n|-terastallize|p2a: Dragapult|Steel\n|move|p2b: Talonflame|Tailwind|p2b: Talonflame\n|-sidestart|p2: katokunvgc|move: Tailwind\n|move|p1a: Grimmsnarl|Reflect|p1a: Grimmsnarl\n|-sidestart|p1: RodriCapi|Reflect\n|move|p2a: Dragapult|Tera Blast|p1a: Grimmsnarl\n|-supereffective|p1a: Grimmsnarl\n|-damage|p1a: Grimmsnarl|56\/100\n|\n|upkeep\n|turn|2\n|inactive|RodriCapi has 30 seconds left.\n|inactive|katokunvgc has 30 seconds left.\n|\n|t:|1682627773\n|move|p1b: Gholdengo|Protect|p1b: Gholdengo\n|-singleturn|p1b: Gholdengo|Protect\n|move|p1a: Grimmsnarl|Parting Shot|p2b: Talonflame\n|-unboost|p2b: Talonflame|atk|1\n|-unboost|p2b: Talonflame|spa|1\n|\n|t:|1682627779\n|switch|p1a: Flutter Mane|Flutter Mane, L50|100\/100|[from] Parting Shot\n|move|p2a: Dragapult|Astonish|p1b: Gholdengo\n|-activate|p1b: Gholdengo|move: Protect\n|move|p2b: Talonflame|Flare Blitz|p1b: Gholdengo\n|-activate|p1b: Gholdengo|move: Protect\n|\n|upkeep\n|turn|3\n|inactive|RodriCapi has 30 seconds left.\n|\n|t:|1682627813\n|switch|p2b: Scizor|Scizor, L50, F|100\/100\n|-terastallize|p1b: Gholdengo|Water\n|move|p2a: Dragapult|Tera Blast|p1a: Flutter Mane\n|-supereffective|p1a: Flutter Mane\n|-damage|p1a: Flutter Mane|30\/100\n|move|p1a: Flutter Mane|Dazzling Gleam|p2b: Scizor|[spread] p2a,p2b\n|-resisted|p2a: Dragapult\n|-resisted|p2b: Scizor\n|-damage|p2a: Dragapult|69\/100\n|-damage|p2b: Scizor|73\/100\n|move|p1b: Gholdengo|Nasty Plot|p1b: Gholdengo\n|-boost|p1b: Gholdengo|spa|2\n|\n|upkeep\n|turn|4\n|inactive|katokunvgc has 30 seconds left.\n|\n|t:|1682627839\n|-end|p1a: Flutter Mane|Protosynthesis|[silent]\n|switch|p1a: Amoonguss|Amoonguss, L50, M|100\/100\n|move|p1b: Gholdengo|Protect|p1b: Gholdengo\n|-singleturn|p1b: Gholdengo|Protect\n|move|p2b: Scizor|Bullet Punch|p1a: Amoonguss\n|-damage|p1a: Amoonguss|83\/100\n|move|p2a: Dragapult|Dragon Darts|p1a: Amoonguss\n|-damage|p1a: Amoonguss|68\/100\n|-anim|p2a: Dragapult|Dragon Darts|p1a: Amoonguss\n|-damage|p1a: Amoonguss|54\/100\n|\n|-sideend|p2: katokunvgc|move: Tailwind\n|upkeep\n|turn|5\n|inactive|katokunvgc has 30 seconds left.\n|inactive|katokunvgc has 20 seconds left.\n|inactive|katokunvgc has 15 seconds left.\n|\n|t:|1682627881\n|move|p2a: Dragapult|Protect|p2a: Dragapult\n|-singleturn|p2a: Dragapult|Protect\n|move|p1a: Amoonguss|Rage Powder|p1a: Amoonguss\n|-singleturn|p1a: Amoonguss|move: Rage Powder\n|move|p1b: Gholdengo|Shadow Ball|p2a: Dragapult\n|-activate|p2a: Dragapult|move: Protect\n|move|p2b: Scizor|Pounce|p1a: Amoonguss\n|-damage|p1a: Amoonguss|30\/100\n|-unboost|p1a: Amoonguss|spe|1\n|-enditem|p1a: Amoonguss|Sitrus Berry|[eat]\n|-heal|p1a: Amoonguss|56\/100|[from] item: Sitrus Berry\n|\n|upkeep\n|turn|6\n|\n|t:|1682627899\n|move|p1a: Amoonguss|Protect|p1a: Amoonguss\n|-singleturn|p1a: Amoonguss|Protect\n|move|p2a: Dragapult|Dragon Darts|p1b: Gholdengo\n|-damage|p1b: Gholdengo|85\/100\n|-anim|p2a: Dragapult|Dragon Darts|p1b: Gholdengo\n|-damage|p1b: Gholdengo|69\/100\n|move|p1b: Gholdengo|Nasty Plot|p1b: Gholdengo\n|-boost|p1b: Gholdengo|spa|2\n|move|p2b: Scizor|Swords Dance|p2b: Scizor\n|-boost|p2b: Scizor|atk|2\n|\n|-heal|p1b: Gholdengo|75\/100|[from] item: Leftovers\n|upkeep\n|turn|7\n|inactive|katokunvgc has 30 seconds left.\n|\n|t:|1682627932\n|move|p1a: Amoonguss|Rage Powder|p1a: Amoonguss\n|-singleturn|p1a: Amoonguss|move: Rage Powder\n|move|p2a: Dragapult|Dragon Darts|p1a: Amoonguss\n|-damage|p1a: Amoonguss|43\/100\n|-anim|p2a: Dragapult|Dragon Darts|p1a: Amoonguss\n|-damage|p1a: Amoonguss|29\/100\n|move|p1b: Gholdengo|Make It Rain|p2b: Scizor|[spread] p2a,p2b\n|-resisted|p2a: Dragapult\n|-resisted|p2b: Scizor\n|-damage|p2a: Dragapult|0 fnt\n|-damage|p2b: Scizor|0 fnt\n|-unboost|p1b: Gholdengo|spa|1\n|faint|p2a: Dragapult\n|faint|p2b: Scizor\n|\n|-heal|p1b: Gholdengo|81\/100|[from] item: Leftovers\n|upkeep\n|\n|t:|1682627948\n|switch|p2a: Talonflame|Talonflame, L50, F|100\/100\n|switch|p2b: Chien-Pao|Chien-Pao, L50|100\/100\n|-ability|p2b: Chien-Pao|Sword of Ruin\n|turn|8\n|inactive|katokunvgc has 30 seconds left.\n|\n|t:|1682627981\n|move|p1a: Amoonguss|Rage Powder|p1a: Amoonguss\n|-singleturn|p1a: Amoonguss|move: Rage Powder\n|move|p2b: Chien-Pao|Sucker Punch||[still]\n|-fail|p2b: Chien-Pao\n|move|p2a: Talonflame|Brave Bird|p1a: Amoonguss\n|-supereffective|p1a: Amoonguss\n|-damage|p1a: Amoonguss|0 fnt\n|faint|p1a: Amoonguss\n|-damage|p2a: Talonflame|87\/100|[from] Recoil\n|move|p1b: Gholdengo|Make It Rain|p2b: Chien-Pao|[spread] p2a,p2b\n|-resisted|p2a: Talonflame\n|-supereffective|p2b: Chien-Pao\n|-damage|p2a: Talonflame|0 fnt\n|-enditem|p2b: Chien-Pao|Focus Sash\n|-damage|p2b: Chien-Pao|1\/100\n|-unboost|p1b: Gholdengo|spa|1\n|faint|p2a: Talonflame\n|\n|-heal|p1b: Gholdengo|88\/100|[from] item: Leftovers\n|-sideend|p1: RodriCapi|Reflect\n|upkeep\n|-message|katokunvgc forfeited.\n|\n|win|RodriCapi\n|raw|RodriCapi's rating: 1315 → 1337<\/strong> (+22 for winning)\n|raw|katokunvgc's rating: 1349 → 1327<\/strong> (-22 for losing)\n|l|\u2606katokunvgc\n","uploadtime":1682628009,"views":7,"p1id":"rodricapi","p2id":"katokunvgc","formatid":"gen9vgc2023regulationc","rating":1327,"private":0,"password":""}