{"id":"gen9vgc2023regulationc-1844861446","p1":"Ricardo Randorez","p2":"TPmoRf","format":"[Gen 9] VGC 2023 Regulation C","log":"|j|\u2606Ricardo Randorez\n|j|\u2606TPmoRf\n|t:|1681657625\n|gametype|doubles\n|player|p1|Ricardo Randorez|169|1112\n|player|p2|TPmoRf|170|1038\n|teamsize|p1|6\n|teamsize|p2|6\n|gen|9\n|tier|[Gen 9] VGC 2023 Regulation C\n|rated|\n|rule|Species Clause: Limit one of each Pok\u00e9mon\n|rule|Item Clause: Limit one of each item\n|clearpoke\n|poke|p1|Flutter Mane, L50|\n|poke|p1|Chi-Yu, L50|\n|poke|p1|Iron Bundle, L50|\n|poke|p1|Amoonguss, L50, M|\n|poke|p1|Palafin, L50, M|\n|poke|p1|Iron Hands, L50|\n|poke|p2|Baxcalibur, L50, M|\n|poke|p2|Cetitan, L50, M|\n|poke|p2|Abomasnow, L50, M|\n|poke|p2|Chien-Pao, L50|\n|poke|p2|Rotom-Heat, L50|\n|poke|p2|Bellibolt, L50, M|\n|teampreview|4\n|\n|t:|1681657646\n|start\n|switch|p1a: bundle of bitches|Iron Bundle, L50|100\/100\n|switch|p1b: flutter ya mane|Flutter Mane, L50|100\/100\n|switch|p2a: Abomasnow|Abomasnow, L50, M|100\/100\n|switch|p2b: Cetitan|Cetitan, L50, M|100\/100\n|-weather|Snow|[from] ability: Snow Warning|[of] p2a: Abomasnow\n|-enditem|p1a: bundle of bitches|Booster Energy\n|-activate|p1a: bundle of bitches|ability: Quark Drive|[fromitem]\n|-start|p1a: bundle of bitches|quarkdrivespe\n|turn|1\n|inactive|Battle timer is ON: inactive players will automatically lose when time's up. (requested by Ricardo Randorez)\n|inactive|Ricardo Randorez has 60 seconds left.\n|\n|t:|1681657699\n|move|p1a: bundle of bitches|Icy Wind|p2b: Cetitan|[spread] p2a\n|-miss|p1a: bundle of bitches|p2b: Cetitan\n|-damage|p2a: Abomasnow|78\/100\n|-unboost|p2a: Abomasnow|spe|1\n|move|p2b: Cetitan|Yawn|p1a: bundle of bitches\n|-start|p1a: bundle of bitches|move: Yawn|[of] p2b: Cetitan\n|move|p1b: flutter ya mane|Shadow Ball|p2b: Cetitan\n|-damage|p2b: Cetitan|29\/100\n|move|p2a: Abomasnow|Aurora Veil|p2a: Abomasnow\n|-sidestart|p2: TPmoRf|move: Aurora Veil\n|\n|-weather|Snow|[upkeep]\n|-heal|p2b: Cetitan|35\/100|[from] item: Leftovers\n|upkeep\n|turn|2\n|c|\u2606Ricardo Randorez|Really it missed\n|\n|t:|1681657722\n|move|p1a: bundle of bitches|Icy Wind|p2b: Cetitan|[spread] p2a,p2b\n|-resisted|p2b: Cetitan\n|-damage|p2a: Abomasnow|63\/100\n|-damage|p2b: Cetitan|28\/100\n|-unboost|p2a: Abomasnow|spe|1\n|-unboost|p2b: Cetitan|spe|1\n|move|p1b: flutter ya mane|Shadow Ball|p2a: Abomasnow\n|-damage|p2a: Abomasnow|21\/100\n|-unboost|p2a: Abomasnow|spd|1\n|move|p2b: Cetitan|Ice Spinner|p1b: flutter ya mane\n|-damage|p1b: flutter ya mane|5\/100\n|move|p2a: Abomasnow|Giga Drain|p1a: bundle of bitches\n|-supereffective|p1a: bundle of bitches\n|-damage|p1a: bundle of bitches|0 fnt\n|-heal|p2a: Abomasnow|55\/100|[from] drain|[of] p1a: bundle of bitches\n|faint|p1a: bundle of bitches\n|-end|p1a: bundle of bitches|Quark Drive|[silent]\n|\n|-weather|Snow|[upkeep]\n|-heal|p2b: Cetitan|34\/100|[from] item: Leftovers\n|upkeep\n|\n|t:|1681657743\n|switch|p1a: LOVE BETRAYAL|Chi-Yu, L50|100\/100\n|-ability|p1a: LOVE BETRAYAL|Beads of Ruin\n|turn|3\n|\n|t:|1681657758\n|switch|p2b: Bellibolt|Bellibolt, L50, M|100\/100\n|move|p1b: flutter ya mane|Shadow Ball|p2b: Bellibolt\n|-damage|p2b: Bellibolt|46\/100\n|-start|p2b: Bellibolt|Charge|Shadow Ball|[from] ability: Electromorphosis\n|move|p1a: LOVE BETRAYAL|Nasty Plot|p1a: LOVE BETRAYAL\n|-boost|p1a: LOVE BETRAYAL|spa|2\n|move|p2a: Abomasnow|Icy Wind|p1a: LOVE BETRAYAL|[spread] p1a,p1b\n|-resisted|p1a: LOVE BETRAYAL\n|-crit|p1b: flutter ya mane\n|-damage|p1a: LOVE BETRAYAL|89\/100\n|-damage|p1b: flutter ya mane|0 fnt\n|-unboost|p1a: LOVE BETRAYAL|spe|1\n|faint|p1b: flutter ya mane\n|-end|p1b: flutter ya mane|Protosynthesis|[silent]\n|\n|-weather|Snow|[upkeep]\n|upkeep\n|\n|t:|1681657776\n|switch|p1b: catch these hands|Iron Hands, L50|100\/100\n|turn|4\n|\n|t:|1681657785\n|move|p1b: catch these hands|Fake Out|p2b: Bellibolt\n|-damage|p2b: Bellibolt|37\/100\n|-start|p2b: Bellibolt|Charge|Fake Out|[from] ability: Electromorphosis\n|move|p1a: LOVE BETRAYAL|Heat Wave|p2a: Abomasnow|[spread] p2a,p2b\n|-supereffective|p2a: Abomasnow\n|-damage|p2a: Abomasnow|0 fnt\n|-damage|p2b: Bellibolt|0 fnt\n|faint|p2a: Abomasnow\n|faint|p2b: Bellibolt\n|\n|-weather|Snow|[upkeep]\n|upkeep\n|\n|t:|1681657797\n|switch|p2a: Cetitan|Cetitan, L50, M|34\/100\n|switch|p2b: Chien-Pao|Chien-Pao, L50|100\/100\n|-ability|p2b: Chien-Pao|Sword of Ruin\n|turn|5\n|inactive|TPmoRf has 30 seconds left.\n|inactive|Ricardo Randorez has 30 seconds left.\n|inactive|TPmoRf has 20 seconds left.\n|inactive|Ricardo Randorez has 20 seconds left.\n|inactive|TPmoRf has 15 seconds left.\n|inactive|Ricardo Randorez has 15 seconds left.\n|\n|t:|1681657842\n|-terastallize|p2a: Cetitan|Water\n|move|p1a: LOVE BETRAYAL|Protect|p1a: LOVE BETRAYAL\n|-singleturn|p1a: LOVE BETRAYAL|Protect\n|move|p2a: Cetitan|Earthquake|p1a: LOVE BETRAYAL|[spread] p2b,p1b\n|-activate|p1a: LOVE BETRAYAL|move: Protect\n|-supereffective|p1b: catch these hands\n|-damage|p2b: Chien-Pao|83\/100\n|-damage|p1b: catch these hands|56\/100\n|move|p2b: Chien-Pao|Sacred Sword|p1a: LOVE BETRAYAL\n|-activate|p1a: LOVE BETRAYAL|move: Protect\n|move|p1b: catch these hands|Drain Punch|p2a: Cetitan\n|-damage|p2a: Cetitan|0 fnt\n|-heal|p1b: catch these hands|73\/100|[from] drain|[of] p2a: Cetitan\n|faint|p2a: Cetitan\n|\n|-weather|none\n|-sideend|p2: TPmoRf|move: Aurora Veil\n|upkeep\n|turn|6\n|\n|t:|1681657867\n|move|p2b: Chien-Pao|Sacred Sword|p1a: LOVE BETRAYAL\n|-supereffective|p1a: LOVE BETRAYAL\n|-damage|p1a: LOVE BETRAYAL|0 fnt\n|faint|p1a: LOVE BETRAYAL\n|move|p1b: catch these hands|Drain Punch|p2b: Chien-Pao\n|-supereffective|p2b: Chien-Pao\n|-damage|p2b: Chien-Pao|0 fnt\n|-heal|p1b: catch these hands|98\/100|[from] drain|[of] p2b: Chien-Pao\n|faint|p2b: Chien-Pao\n|\n|win|Ricardo Randorez\n|raw|Ricardo Randorez's rating: 1112 → 1132<\/strong> (+20 for winning)\n|raw|TPmoRf's rating: 1038 → 1026<\/strong> (-12 for losing)\n|l|\u2606TPmoRf\n","uploadtime":1681657879,"views":15,"p1id":"ricardorandorez","p2id":"tpmorf","formatid":"gen9vgc2023regulationc","rating":1026,"private":0,"password":""}