{"id":"gen9vgc2023regulationc-1851606610","p1":"b(R)2","p2":"punishmant","format":"[Gen 9] VGC 2023 Regulation C","log":"|j|\u2606b(R)2\n|j|\u2606punishmant\n|t:|1682460526\n|gametype|doubles\n|player|p1|b(R)2|169|1245\n|player|p2|punishmant|102|1179\n|teamsize|p1|6\n|teamsize|p2|6\n|gen|9\n|tier|[Gen 9] VGC 2023 Regulation C\n|rated|\n|rule|Species Clause: Limit one of each Pok\u00e9mon\n|rule|Item Clause: Limit one of each item\n|clearpoke\n|poke|p1|Glimmora, L50, M|\n|poke|p1|Tyranitar, L50, F|\n|poke|p1|Amoonguss, L50, F|\n|poke|p1|Ting-Lu, L50|\n|poke|p1|Gholdengo, L50|\n|poke|p1|Great Tusk, L50|\n|poke|p2|Roaring Moon, L50|\n|poke|p2|Gyarados, L50, F|\n|poke|p2|Ting-Lu, L50|\n|poke|p2|Volcarona, L50, F|\n|poke|p2|Flutter Mane, L50|\n|poke|p2|Scizor, L50, F|\n|teampreview|4\n|inactive|Battle timer is ON: inactive players will automatically lose when time's up. (requested by punishmant)\nb(R)2 rejected open team sheets.\n|inactive|punishmant has 60 seconds left.\n|inactive|punishmant has 30 seconds left.\n|inactive|punishmant has 20 seconds left.\n|inactive|punishmant has 15 seconds left.\n|inactive|punishmant has 10 seconds left.\n|inactive|punishmant has 5 seconds left.\n|\n|t:|1682460616\n|start\n|switch|p1a: Glimmora|Glimmora, L50, M|100\/100\n|switch|p1b: Tyranitar|Tyranitar, L50, F|100\/100\n|switch|p2a: Roaring Moon|Roaring Moon, L50|100\/100\n|switch|p2b: Gyarados|Gyarados, L50, F|100\/100\n|-weather|Sandstorm|[from] ability: Sand Stream|[of] p1b: Tyranitar\n|-ability|p2b: Gyarados|Intimidate|boost\n|-unboost|p1a: Glimmora|atk|1\n|-unboost|p1b: Tyranitar|atk|1\n|-enditem|p2a: Roaring Moon|Booster Energy\n|-activate|p2a: Roaring Moon|ability: Protosynthesis|[fromitem]\n|-start|p2a: Roaring Moon|protosynthesisspe\n|turn|1\n|inactive|b(R)2 has 30 seconds left.\n|\n|t:|1682460643\n|move|p2a: Roaring Moon|Throat Chop|p1a: Glimmora\n|-damage|p1a: Glimmora|59\/100\n|-start|p1a: Glimmora|Throat Chop|[silent]\n|-activate|p1a: Glimmora|ability: Toxic Debris\n|-sidestart|p2: punishmant|move: Toxic Spikes\n|move|p1b: Tyranitar|Dragon Dance|p1b: Tyranitar\n|-boost|p1b: Tyranitar|atk|1\n|-boost|p1b: Tyranitar|spe|1\n|move|p2b: Gyarados|Icy Wind|p1b: Tyranitar|[spread] p1a,p1b\n|-damage|p1a: Glimmora|56\/100\n|-damage|p1b: Tyranitar|98\/100\n|-unboost|p1a: Glimmora|spe|1\n|-unboost|p1b: Tyranitar|spe|1\n|move|p1a: Glimmora|Mortal Spin|p2a: Roaring Moon|[spread] p2a,p2b\n|-damage|p2a: Roaring Moon|97\/100\n|-damage|p2b: Gyarados|97\/100\n|-status|p2a: Roaring Moon|psn\n|-status|p2b: Gyarados|psn\n|\n|-weather|Sandstorm|[upkeep]\n|-damage|p2a: Roaring Moon|91\/100 psn|[from] Sandstorm\n|-heal|p1b: Tyranitar|100\/100|[from] item: Leftovers\n|-damage|p2a: Roaring Moon|78\/100 psn|[from] psn\n|-damage|p2b: Gyarados|85\/100 psn|[from] psn\n|upkeep\n|turn|2\n|inactive|b(R)2 has 30 seconds left.\n|inactive|b(R)2 has 20 seconds left.\n|inactive|b(R)2 has 15 seconds left.\n|\n|t:|1682460683\n|move|p2a: Roaring Moon|Tailwind|p2a: Roaring Moon\n|-sidestart|p2: punishmant|move: Tailwind\n|move|p2b: Gyarados|Waterfall|p1b: Tyranitar\n|-supereffective|p1b: Tyranitar\n|-damage|p1b: Tyranitar|33\/100\n|cant|p1b: Tyranitar|flinch\n|move|p1a: Glimmora|Venoshock|p2a: Roaring Moon\n|-damage|p2a: Roaring Moon|0 fnt\n|faint|p2a: Roaring Moon\n|-end|p2a: Roaring Moon|Protosynthesis|[silent]\n|\n|-weather|Sandstorm|[upkeep]\n|-heal|p1b: Tyranitar|39\/100|[from] item: Leftovers\n|-damage|p2b: Gyarados|72\/100 psn|[from] psn\n|-end|p1a: Glimmora|Throat Chop|[silent]\n|upkeep\n|\n|t:|1682460700\n|switch|p2a: Ting-Lu|Ting-Lu, L50|100\/100\n|-status|p2a: Ting-Lu|psn\n|-ability|p2a: Ting-Lu|Vessel of Ruin\n|turn|3\n|inactive|b(R)2 has 30 seconds left.\n|\n|t:|1682460726\n|move|p1b: Tyranitar|Protect|p1b: Tyranitar\n|-singleturn|p1b: Tyranitar|Protect\n|move|p2b: Gyarados|Waterfall|p1b: Tyranitar\n|-activate|p1b: Tyranitar|move: Protect\n|move|p2a: Ting-Lu|Stomping Tantrum|p1a: Glimmora\n|-supereffective|p1a: Glimmora\n|-damage|p1a: Glimmora|0 fnt\n|-activate|p1a: Glimmora|ability: Toxic Debris\n|-sidestart|p2: punishmant|move: Toxic Spikes\n|faint|p1a: Glimmora\n|\n|-weather|Sandstorm|[upkeep]\n|-heal|p1b: Tyranitar|45\/100|[from] item: Leftovers\n|-damage|p2b: Gyarados|60\/100 psn|[from] psn\n|-damage|p2a: Ting-Lu|88\/100 psn|[from] psn\n|upkeep\n|\n|t:|1682460740\n|switch|p1a: Amoonguss|Amoonguss, L50, F|100\/100\n|turn|4\n|inactive|punishmant has 30 seconds left.\n|inactive|punishmant has 20 seconds left.\n|\n|t:|1682460779\n|-terastallize|p1b: Tyranitar|Flying\n|move|p1a: Amoonguss|Rage Powder|p1a: Amoonguss\n|-singleturn|p1a: Amoonguss|move: Rage Powder\n|move|p2b: Gyarados|Taunt|p1a: Amoonguss\n|-start|p1a: Amoonguss|move: Taunt\n|move|p2a: Ting-Lu|Stomping Tantrum|p1a: Amoonguss\n|-damage|p1a: Amoonguss|76\/100\n|-damage|p2a: Ting-Lu|72\/100 psn|[from] item: Rocky Helmet|[of] p1a: Amoonguss\n|move|p1b: Tyranitar|Dragon Dance|p1b: Tyranitar\n|-boost|p1b: Tyranitar|atk|1\n|-boost|p1b: Tyranitar|spe|1\n|\n|-weather|Sandstorm|[upkeep]\n|-damage|p1b: Tyranitar|39\/100|[from] Sandstorm\n|-damage|p1a: Amoonguss|70\/100|[from] Sandstorm\n|-heal|p1b: Tyranitar|45\/100|[from] item: Leftovers\n|-damage|p2b: Gyarados|48\/100 psn|[from] psn\n|-damage|p2a: Ting-Lu|60\/100 psn|[from] psn\n|upkeep\n|turn|5\n|\n|t:|1682460797\n|switch|p1a: Ting-Lu|Ting-Lu, L50|100\/100\n|-ability|p1a: Ting-Lu|Vessel of Ruin\n|move|p1b: Tyranitar|Protect|p1b: Tyranitar\n|-singleturn|p1b: Tyranitar|Protect\n|move|p2b: Gyarados|Icy Wind|p1a: Ting-Lu|[spread] p1a\n|-activate|p1b: Tyranitar|move: Protect\n|-supereffective|p1a: Ting-Lu\n|-damage|p1a: Ting-Lu|95\/100\n|-unboost|p1a: Ting-Lu|spe|1\n|move|p2a: Ting-Lu|Ruination|p1a: Ting-Lu\n|-damage|p1a: Ting-Lu|48\/100\n|\n|-weather|none\n|-heal|p1b: Tyranitar|51\/100|[from] item: Leftovers\n|-damage|p2b: Gyarados|36\/100 psn|[from] psn\n|-damage|p2a: Ting-Lu|48\/100 psn|[from] psn\n|-sideend|p2: punishmant|move: Tailwind\n|upkeep\n|-enditem|p2a: Ting-Lu|Sitrus Berry|[eat]\n|-heal|p2a: Ting-Lu|72\/100 psn|[from] item: Sitrus Berry\n|turn|6\n|\n|t:|1682460822\n|move|p1b: Tyranitar|Rock Slide|p2b: Gyarados|[spread] p2a,p2b\n|-resisted|p2a: Ting-Lu\n|-supereffective|p2b: Gyarados\n|-damage|p2a: Ting-Lu|61\/100 psn\n|-damage|p2b: Gyarados|0 fnt\n|faint|p2b: Gyarados\n|cant|p2a: Ting-Lu|flinch\n|move|p1a: Ting-Lu|Stomping Tantrum|p2a: Ting-Lu\n|-damage|p2a: Ting-Lu|41\/100 psn\n|\n|-heal|p1b: Tyranitar|57\/100|[from] item: Leftovers\n|-damage|p2a: Ting-Lu|29\/100 psn|[from] psn\n|upkeep\n|\n|t:|1682460829\n|switch|p2b: Volcarona|Volcarona, L50, F|100\/100\n|-status|p2b: Volcarona|tox\n|turn|7\n|\n|t:|1682460844\n|-terastallize|p2b: Volcarona|Grass\n|move|p1b: Tyranitar|Rock Slide|p2b: Volcarona|[spread] p2a,p2b\n|-resisted|p2a: Ting-Lu\n|-damage|p2a: Ting-Lu|18\/100 psn\n|-damage|p2b: Volcarona|62\/100 tox\n|cant|p2b: Volcarona|flinch\n|cant|p2a: Ting-Lu|flinch\n|move|p1a: Ting-Lu|Stomping Tantrum|p2b: Volcarona\n|-resisted|p2b: Volcarona\n|-damage|p2b: Volcarona|47\/100 tox\n|\n|-heal|p1b: Tyranitar|62\/100|[from] item: Leftovers\n|-heal|p2b: Volcarona|53\/100 tox|[from] item: Leftovers\n|-damage|p2b: Volcarona|47\/100 tox|[from] psn\n|-damage|p2a: Ting-Lu|6\/100 psn|[from] psn\n|upkeep\n|turn|8\n|\n|t:|1682460860\n|move|p1b: Tyranitar|Rock Slide|p2a: Ting-Lu|[spread] p2a,p2b\n|-resisted|p2a: Ting-Lu\n|-damage|p2a: Ting-Lu|0 fnt\n|-damage|p2b: Volcarona|3\/100 tox\n|faint|p2a: Ting-Lu\n|move|p2b: Volcarona|Heat Wave|p1b: Tyranitar|[spread] p1b\n|-miss|p2b: Volcarona|p1a: Ting-Lu\n|-damage|p1b: Tyranitar|39\/100\n|move|p1a: Ting-Lu|Stomping Tantrum|p2b: Volcarona\n|-resisted|p2b: Volcarona\n|-damage|p2b: Volcarona|0 fnt\n|faint|p2b: Volcarona\n|\n|win|b(R)2\n|raw|b(R)2's rating: 1245 → 1265<\/strong> (+20 for winning)\n|raw|punishmant's rating: 1179 → 1159<\/strong> (-20 for losing)\n|l|\u2606punishmant\n","uploadtime":1682460873,"views":15,"p1id":"br2","p2id":"punishmant","formatid":"gen9vgc2023regulationc","rating":1159,"private":0,"password":""}