{"id":"gen9vgc2023regulationc-1847133653","p1":"Abugbog","p2":"sptea","format":"[Gen 9] VGC 2023 Regulation C","log":"|j|\u2606Abugbog\n|j|\u2606sptea\n|t:|1681921837\n|gametype|doubles\n|player|p1|Abugbog|169|1087\n|player|p2|sptea|n|1021\n|teamsize|p1|6\n|teamsize|p2|6\n|gen|9\n|tier|[Gen 9] VGC 2023 Regulation C\n|rated|\n|rule|Species Clause: Limit one of each Pok\u00e9mon\n|rule|Item Clause: Limit one of each item\n|clearpoke\n|poke|p1|Wo-Chien, L50|\n|poke|p1|Palafin, L50, M|\n|poke|p1|Garganacl, L50, M|\n|poke|p1|Pelipper, L50, M|\n|poke|p1|Grimmsnarl, L50, M|\n|poke|p1|Arcanine, L50, M|\n|poke|p2|Tsareena, L50, F|\n|poke|p2|Arboliva, L50, M|\n|poke|p2|Arcanine, L50, F|\n|poke|p2|Gastrodon, L50, F|\n|poke|p2|Dedenne, L50, M|\n|poke|p2|Grimmsnarl, L50, M|\n|teampreview|4\nsptea rejected open team sheets.\n|\n|t:|1681921893\n|start\n|switch|p1a: Wo-Chien|Wo-Chien, L50|100\/100\n|switch|p1b: Arcanine|Arcanine, L50, M, shiny|100\/100\n|switch|p2a: Arcanine|Arcanine, L50, F|100\/100\n|switch|p2b: Dedenne|Dedenne, L50, M|100\/100\n|-ability|p1b: Arcanine|Intimidate|boost\n|-unboost|p2a: Arcanine|atk|1\n|-unboost|p2b: Dedenne|atk|1\n|-ability|p2a: Arcanine|Intimidate|boost\n|-unboost|p1a: Wo-Chien|atk|1\n|-unboost|p1b: Arcanine|atk|1\n|-ability|p1a: Wo-Chien|Tablets of Ruin\n|turn|1\n|\n|t:|1681921926\n|switch|p1b: Garganacl|Garganacl, L50, M, shiny|100\/100\n|move|p2b: Dedenne|Dazzling Gleam|p1b: Garganacl|[spread] p1a,p1b\n|-supereffective|p1a: Wo-Chien\n|-crit|p1a: Wo-Chien\n|-damage|p1a: Wo-Chien|50\/100\n|-damage|p1b: Garganacl|85\/100\n|-enditem|p1a: Wo-Chien|Sitrus Berry|[eat]\n|-heal|p1a: Wo-Chien|75\/100|[from] item: Sitrus Berry\n|move|p2a: Arcanine|Heat Wave|p1b: Garganacl|[spread] p1a,p1b\n|-supereffective|p1a: Wo-Chien\n|-resisted|p1b: Garganacl\n|-damage|p1a: Wo-Chien|38\/100\n|-damage|p1b: Garganacl|75\/100\n|move|p1a: Wo-Chien|Leech Seed|p2b: Dedenne\n|-start|p2b: Dedenne|move: Leech Seed\n|\n|-heal|p1b: Garganacl|81\/100|[from] item: Leftovers\n|-damage|p2b: Dedenne|89\/100|[from] Leech Seed|[of] p1a: Wo-Chien\n|-heal|p1a: Wo-Chien|47\/100|[silent]\n|upkeep\n|turn|2\n|\n|t:|1681921956\n|move|p1b: Garganacl|Wide Guard|p1b: Garganacl\n|-singleturn|p1b: Garganacl|Wide Guard\n|move|p2b: Dedenne|Dazzling Gleam|p1a: Wo-Chien|[spread] \n|-activate|p1a: Wo-Chien|move: Wide Guard\n|-activate|p1b: Garganacl|move: Wide Guard\n|move|p2a: Arcanine|Heat Wave|p1b: Garganacl|[spread] \n|-activate|p1a: Wo-Chien|move: Wide Guard\n|-activate|p1b: Garganacl|move: Wide Guard\n|move|p1a: Wo-Chien|Leech Seed|p2a: Arcanine\n|-start|p2a: Arcanine|move: Leech Seed\n|\n|-heal|p1b: Garganacl|87\/100|[from] item: Leftovers\n|-damage|p2b: Dedenne|77\/100|[from] Leech Seed|[of] p1a: Wo-Chien\n|-heal|p1a: Wo-Chien|56\/100|[silent]\n|-damage|p2a: Arcanine|88\/100|[from] Leech Seed|[of] p1a: Wo-Chien\n|-heal|p1a: Wo-Chien|67\/100|[silent]\n|upkeep\n|turn|3\n|c|\u2606sptea|ah shit\n|c|\u2606sptea|nice play\n|\n|t:|1681921996\n|switch|p2a: Grimmsnarl|Grimmsnarl, L50, M|100\/100\n|move|p1b: Garganacl|Wide Guard|p1b: Garganacl\n|-singleturn|p1b: Garganacl|Wide Guard\n|move|p2b: Dedenne|Volt Switch|p1b: Garganacl\n|-damage|p1b: Garganacl|69\/100\n|\n|t:|1681922006\n|switch|p2b: Arcanine|Arcanine, L50, F|88\/100|[from] Volt Switch\n|-ability|p2b: Arcanine|Intimidate|boost\n|-unboost|p1a: Wo-Chien|atk|1\n|-unboost|p1b: Garganacl|atk|1\n|move|p1a: Wo-Chien|Pollen Puff|p2b: Arcanine\n|-resisted|p2b: Arcanine\n|-damage|p2b: Arcanine|77\/100\n|\n|-heal|p2b: Arcanine|83\/100|[from] item: Leftovers\n|-heal|p1b: Garganacl|75\/100|[from] item: Leftovers\n|upkeep\n|turn|4\n|\n|t:|1681922031\n|-terastallize|p1a: Wo-Chien|Water\n|move|p2a: Grimmsnarl|Fake Out|p1b: Garganacl\n|-resisted|p1b: Garganacl\n|-damage|p1b: Garganacl|70\/100\n|move|p2b: Arcanine|Heat Wave|p1a: Wo-Chien|[spread] p1a\n|-miss|p2b: Arcanine|p1b: Garganacl\n|-resisted|p1a: Wo-Chien\n|-damage|p1a: Wo-Chien|57\/100\n|move|p1a: Wo-Chien|Pollen Puff|p1b: Garganacl\n|-heal|p1b: Garganacl|100\/100\n|cant|p1b: Garganacl|flinch\n|\n|-heal|p2b: Arcanine|89\/100|[from] item: Leftovers\n|upkeep\n|turn|5\n|\n|t:|1681922055\n|switch|p2b: Dedenne|Dedenne, L50, M|77\/100\n|move|p2a: Grimmsnarl|Taunt|p1b: Garganacl\n|-start|p1b: Garganacl|move: Taunt\n|move|p1a: Wo-Chien|Leech Seed|p2b: Dedenne\n|-start|p2b: Dedenne|move: Leech Seed\n|move|p1b: Garganacl|Salt Cure|p2a: Grimmsnarl\n|-damage|p2a: Grimmsnarl|92\/100\n|-start|p2a: Grimmsnarl|Salt Cure\n|\n|-damage|p2b: Dedenne|65\/100|[from] Leech Seed|[of] p1a: Wo-Chien\n|-heal|p1a: Wo-Chien|66\/100|[silent]\n|-damage|p2a: Grimmsnarl|79\/100|[from] Salt Cure\n|upkeep\n|turn|6\n|\n|t:|1681922074\n|move|p2a: Grimmsnarl|Taunt|p1a: Wo-Chien\n|-start|p1a: Wo-Chien|move: Taunt\n|move|p2b: Dedenne|Nuzzle|p1a: Wo-Chien\n|-supereffective|p1a: Wo-Chien\n|-damage|p1a: Wo-Chien|59\/100\n|-status|p1a: Wo-Chien|par\n|move|p1b: Garganacl|Salt Cure|p2b: Dedenne\n|-damage|p2b: Dedenne|48\/100\n|-start|p2b: Dedenne|Salt Cure\n|-enditem|p2b: Dedenne|Sitrus Berry|[eat]\n|-heal|p2b: Dedenne|72\/100|[from] item: Sitrus Berry\n|-heal|p2b: Dedenne|100\/100|[from] ability: Cheek Pouch\n|cant|p1a: Wo-Chien|move: Taunt|Leech Seed\n|\n|-damage|p2b: Dedenne|89\/100|[from] Leech Seed|[of] p1a: Wo-Chien\n|-heal|p1a: Wo-Chien|68\/100 par|[silent]\n|-damage|p2b: Dedenne|77\/100|[from] Salt Cure\n|-damage|p2a: Grimmsnarl|67\/100|[from] Salt Cure\n|upkeep\n|turn|7\n|\n|t:|1681922107\n|switch|p2a: Arcanine|Arcanine, L50, F|89\/100\n|-ability|p2a: Arcanine|Intimidate|boost\n|-unboost|p1a: Wo-Chien|atk|1\n|-unboost|p1b: Garganacl|atk|1\n|switch|p1a: Grimmsnarl|Grimmsnarl, L50, M|100\/100\n|move|p2b: Dedenne|Volt Switch|p1a: Grimmsnarl\n|-damage|p1a: Grimmsnarl|77\/100\n|\n|t:|1681922120\n|switch|p2b: Gastrodon|Gastrodon, L50, F|100\/100|[from] Volt Switch\n|move|p1b: Garganacl|Salt Cure|p2a: Arcanine\n|-supereffective|p2a: Arcanine\n|-damage|p2a: Arcanine|72\/100\n|-start|p2a: Arcanine|Salt Cure\n|\n|-heal|p2a: Arcanine|79\/100|[from] item: Leftovers\n|-damage|p2a: Arcanine|66\/100|[from] Salt Cure\n|-end|p1b: Garganacl|move: Taunt\n|upkeep\n|turn|8\n|\n|t:|1681922145\n|move|p1a: Grimmsnarl|Light Screen|p1a: Grimmsnarl\n|-sidestart|p1: Abugbog|move: Light Screen\n|move|p2a: Arcanine|Heat Wave|p1b: Garganacl|[spread] p1a\n|-miss|p2a: Arcanine|p1b: Garganacl\n|-damage|p1a: Grimmsnarl|57\/100\n|move|p2b: Gastrodon|Hydro Pump|p1b: Garganacl\n|-supereffective|p1b: Garganacl\n|-damage|p1b: Garganacl|56\/100\n|move|p1b: Garganacl|Salt Cure|p2b: Gastrodon\n|-resisted|p2b: Gastrodon\n|-damage|p2b: Gastrodon|96\/100\n|-start|p2b: Gastrodon|Salt Cure\n|\n|-heal|p2a: Arcanine|72\/100|[from] item: Leftovers\n|-heal|p1b: Garganacl|62\/100|[from] item: Leftovers\n|-damage|p2a: Arcanine|60\/100|[from] Salt Cure\n|-damage|p2b: Gastrodon|72\/100|[from] Salt Cure\n|upkeep\n|turn|9\n|\n|t:|1681922170\n|switch|p2a: Dedenne|Dedenne, L50, M|77\/100\n|switch|p2b: Grimmsnarl|Grimmsnarl, L50, M|67\/100\n|move|p1a: Grimmsnarl|Parting Shot|p2b: Grimmsnarl\n|-hint|Since gen 7, Dark is immune to Prankster moves.\n|-immune|p2b: Grimmsnarl\n|move|p1b: Garganacl|Recover|p1b: Garganacl\n|-heal|p1b: Garganacl|100\/100\n|\n|upkeep\n|turn|10\n|inactive|Battle timer is ON: inactive players will automatically lose when time's up. (requested by Abugbog)\n|\n|t:|1681922228\n|move|p2b: Grimmsnarl|Fake Out|p1b: Garganacl\n|-resisted|p1b: Garganacl\n|-damage|p1b: Garganacl|96\/100\n|move|p1a: Grimmsnarl|Parting Shot|p2a: Dedenne\n|-unboost|p2a: Dedenne|atk|1\n|-unboost|p2a: Dedenne|spa|1\n|\n|t:|1681922238\n|switch|p1a: Wo-Chien|Wo-Chien, L50, tera:Water|68\/100 par|[from] Parting Shot\n|-ability|p1a: Wo-Chien|Tablets of Ruin\n|move|p2a: Dedenne|Dazzling Gleam|p1b: Garganacl|[spread] p1a,p1b\n|-damage|p1a: Wo-Chien|61\/100 par\n|-damage|p1b: Garganacl|89\/100\n|cant|p1b: Garganacl|flinch\n|\n|-heal|p1b: Garganacl|95\/100|[from] item: Leftovers\n|upkeep\n|turn|11\n|\n|t:|1681922257\n|switch|p2b: Gastrodon|Gastrodon, L50, F|72\/100\n|move|p2a: Dedenne|Discharge|p1b: Garganacl|[spread] p1a,p1b\n|-immune|p2b: Gastrodon\n|-supereffective|p1a: Wo-Chien\n|-damage|p1a: Wo-Chien|47\/100 par\n|-damage|p1b: Garganacl|88\/100\n|move|p1b: Garganacl|Salt Cure|p2b: Gastrodon\n|-resisted|p2b: Gastrodon\n|-damage|p2b: Gastrodon|69\/100\n|-start|p2b: Gastrodon|Salt Cure\n|cant|p1a: Wo-Chien|par\n|\n|-heal|p1b: Garganacl|94\/100|[from] item: Leftovers\n|-damage|p2b: Gastrodon|44\/100|[from] Salt Cure\n|upkeep\n|turn|12\n|inactive|sptea has 30 seconds left.\n|\n|t:|1681922290\n|move|p2a: Dedenne|Volt Switch|p1a: Wo-Chien\n|-supereffective|p1a: Wo-Chien\n|-damage|p1a: Wo-Chien|30\/100 par\n|\n|t:|1681922294\n|switch|p2a: Arcanine|Arcanine, L50, F|60\/100|[from] Volt Switch\n|-ability|p2a: Arcanine|Intimidate|boost\n|-unboost|p1a: Wo-Chien|atk|1\n|-unboost|p1b: Garganacl|atk|1\n|move|p2b: Gastrodon|Earth Power|p1b: Garganacl\n|-supereffective|p1b: Garganacl\n|-damage|p1b: Garganacl|55\/100\n|move|p1b: Garganacl|Salt Cure|p2a: Arcanine\n|-supereffective|p2a: Arcanine\n|-damage|p2a: Arcanine|53\/100\n|-start|p2a: Arcanine|Salt Cure\n|move|p1a: Wo-Chien|Giga Drain|p2b: Gastrodon\n|-supereffective|p2b: Gastrodon\n|-damage|p2b: Gastrodon|0 fnt\n|-heal|p1a: Wo-Chien|55\/100 par|[from] drain|[of] p2b: Gastrodon\n|faint|p2b: Gastrodon\n|\n|-heal|p2a: Arcanine|59\/100|[from] item: Leftovers\n|-heal|p1b: Garganacl|61\/100|[from] item: Leftovers\n|-damage|p2a: Arcanine|47\/100|[from] Salt Cure\n|upkeep\n|\n|t:|1681922298\n|switch|p2b: Dedenne|Dedenne, L50, M|77\/100\n|turn|13\n|inactive|Abugbog has 30 seconds left.\n|inactive|Abugbog has 20 seconds left.\n|inactive|Abugbog has 15 seconds left.\n|\n|t:|1681922343\n|switch|p2a: Grimmsnarl|Grimmsnarl, L50, M|67\/100\n|move|p2b: Dedenne|Volt Switch|p1a: Wo-Chien\n|-supereffective|p1a: Wo-Chien\n|-damage|p1a: Wo-Chien|30\/100 par\n|\n|t:|1681922352\n|switch|p2b: Arcanine|Arcanine, L50, F|47\/100|[from] Volt Switch\n|-ability|p2b: Arcanine|Intimidate|boost\n|-unboost|p1a: Wo-Chien|atk|1\n|-unboost|p1b: Garganacl|atk|1\n|move|p1b: Garganacl|Salt Cure|p2b: Arcanine\n|-supereffective|p2b: Arcanine\n|-damage|p2b: Arcanine|39\/100\n|-start|p2b: Arcanine|Salt Cure\n|cant|p1a: Wo-Chien|par\n|\n|-heal|p2b: Arcanine|45\/100|[from] item: Leftovers\n|-heal|p1b: Garganacl|67\/100|[from] item: Leftovers\n|-damage|p2b: Arcanine|33\/100|[from] Salt Cure\n|upkeep\n|turn|14\n|inactive|Abugbog has 30 seconds left.\n|inactive|Abugbog has 20 seconds left.\n|\n|t:|1681922388\n|move|p2b: Arcanine|Extreme Speed|p1a: Wo-Chien\n|-damage|p1a: Wo-Chien|19\/100 par\n|move|p2a: Grimmsnarl|Spirit Break|p1a: Wo-Chien\n|-damage|p1a: Wo-Chien|0 fnt\n|faint|p1a: Wo-Chien\n|move|p1b: Garganacl|Salt Cure|p2b: Arcanine\n|-supereffective|p2b: Arcanine\n|-damage|p2b: Arcanine|23\/100\n|\n|-heal|p2b: Arcanine|29\/100|[from] item: Leftovers\n|-heal|p1b: Garganacl|72\/100|[from] item: Leftovers\n|-damage|p2b: Arcanine|17\/100|[from] Salt Cure\n|upkeep\n|\n|t:|1681922407\n|switch|p1a: Grimmsnarl|Grimmsnarl, L50, M|57\/100\n|turn|15\n|\n|t:|1681922419\n|switch|p2b: Dedenne|Dedenne, L50, M|77\/100\n|move|p2a: Grimmsnarl|Light Screen|p2a: Grimmsnarl\n|-sidestart|p2: sptea|move: Light Screen\n|move|p1a: Grimmsnarl|Spirit Break|p2a: Grimmsnarl\n|-supereffective|p2a: Grimmsnarl\n|-damage|p2a: Grimmsnarl|0 fnt\n|faint|p2a: Grimmsnarl\n|move|p1b: Garganacl|Salt Cure|p2b: Dedenne\n|-crit|p2b: Dedenne\n|-damage|p2b: Dedenne|34\/100\n|-start|p2b: Dedenne|Salt Cure\n|\n|-heal|p1b: Garganacl|78\/100|[from] item: Leftovers\n|-damage|p2b: Dedenne|22\/100|[from] Salt Cure\n|-sideend|p1: Abugbog|move: Light Screen\n|upkeep\n|\n|t:|1681922422\n|switch|p2a: Arcanine|Arcanine, L50, F|17\/100\n|-ability|p2a: Arcanine|Intimidate|boost\n|-unboost|p1a: Grimmsnarl|atk|1\n|-unboost|p1b: Garganacl|atk|1\n|turn|16\n|c|\u2606sptea|gg\n|\n|t:|1681922446\n|move|p2b: Dedenne|Dazzling Gleam|p1b: Garganacl|[spread] p1a,p1b\n|-supereffective|p1a: Grimmsnarl\n|-damage|p1a: Grimmsnarl|19\/100\n|-damage|p1b: Garganacl|63\/100\n|move|p2a: Arcanine|Heat Wave|p1b: Garganacl|[spread] p1a\n|-miss|p2a: Arcanine|p1b: Garganacl\n|-damage|p1a: Grimmsnarl|0 fnt\n|faint|p1a: Grimmsnarl\n|move|p1b: Garganacl|Salt Cure|p2a: Arcanine\n|-supereffective|p2a: Arcanine\n|-damage|p2a: Arcanine|9\/100\n|-start|p2a: Arcanine|Salt Cure\n|\n|-heal|p2a: Arcanine|15\/100|[from] item: Leftovers\n|-heal|p1b: Garganacl|69\/100|[from] item: Leftovers\n|-damage|p2b: Dedenne|10\/100|[from] Salt Cure\n|-damage|p2a: Arcanine|3\/100|[from] Salt Cure\n|upkeep\n|\n|t:|1681922464\n|switch|p1a: Arcanine|Arcanine, L50, M, shiny|100\/100\n|-ability|p1a: Arcanine|Intimidate|boost\n|-unboost|p2a: Arcanine|atk|1\n|-unboost|p2b: Dedenne|atk|1\n|turn|17\n|\n|t:|1681922476\n|move|p1a: Arcanine|Protect|p1a: Arcanine\n|-singleturn|p1a: Arcanine|Protect\n|move|p1b: Garganacl|Protect|p1b: Garganacl\n|-singleturn|p1b: Garganacl|Protect\n|move|p2b: Dedenne|Discharge|p1a: Arcanine|[spread] p2a\n|-activate|p1a: Arcanine|move: Protect\n|-activate|p1b: Garganacl|move: Protect\n|-damage|p2a: Arcanine|0 fnt\n|faint|p2a: Arcanine\n|\n|-heal|p1b: Garganacl|75\/100|[from] item: Leftovers\n|-damage|p2b: Dedenne|0 fnt|[from] Salt Cure\n|faint|p2b: Dedenne\n|\n|win|Abugbog\n|upkeep\n|raw|Abugbog's rating: 1087 → 1109<\/strong> (+22 for winning)\n|raw|sptea's rating: 1021 → 1010<\/strong> (-11 for losing)\n|c|\u2606Abugbog|Ggs\n|l|\u2606sptea\n","uploadtime":1681922495,"views":8,"p1id":"abugbog","p2id":"sptea","formatid":"gen9vgc2023regulationc","rating":1010,"private":0,"password":""}