{"id":"gen9vgc2023regulationc-1847552551","p1":"Tenseigt","p2":"Silver33534","format":"[Gen 9] VGC 2023 Regulation C","log":"|j|\u2606Tenseigt\n|j|\u2606Silver33534\n|t:|1681972179\n|gametype|doubles\n|player|p1|Tenseigt|scientist|1187\n|player|p2|Silver33534|gambler|1160\n|teamsize|p1|6\n|teamsize|p2|6\n|gen|9\n|tier|[Gen 9] VGC 2023 Regulation C\n|rated|\n|rule|Species Clause: Limit one of each Pok\u00e9mon\n|rule|Item Clause: Limit one of each item\n|clearpoke\n|poke|p1|Indeedee-F, L50, F|\n|poke|p1|Iron Hands, L50|\n|poke|p1|Corviknight, L50, F|\n|poke|p1|Gyarados, L50, F|\n|poke|p1|Flutter Mane, L50|\n|poke|p1|Amoonguss, L50, F|\n|poke|p2|Ceruledge, L50, F|\n|poke|p2|Brute Bonnet, L50|\n|poke|p2|Flutter Mane, L50|\n|poke|p2|Iron Bundle, L50|\n|poke|p2|Gastrodon-East, L50, M|\n|poke|p2|Garchomp, L50, F|\n|teampreview|4\n|inactive|Battle timer is ON: inactive players will automatically lose when time's up. (requested by Tenseigt)\nTenseigt has agreed to open team sheets.\nSilver33534 has agreed to open team sheets.\n|inactive|Tenseigt has 60 seconds left.\n|inactive|Silver33534 has 60 seconds left.\n|\n|t:|1681972238\n|start\n|switch|p1a: Indeedee|Indeedee-F, L50, F, shiny|100\/100\n|switch|p1b: Flutter Mane|Flutter Mane, L50|100\/100\n|switch|p2a: Iron Bundle|Iron Bundle, L50|100\/100\n|switch|p2b: Ceruledge|Ceruledge, L50, F|100\/100\n|-fieldstart|move: Psychic Terrain|[from] ability: Psychic Surge|[of] p1a: Indeedee\n|turn|1\n|inactive|Tenseigt has 30 seconds left.\n|\n|t:|1681972268\n|move|p2b: Ceruledge|Protect|p2b: Ceruledge\n|-singleturn|p2b: Ceruledge|Protect\n|move|p2a: Iron Bundle|Taunt|p1a: Indeedee\n|-start|p1a: Indeedee|move: Taunt\n|move|p1b: Flutter Mane|Moonblast|p2b: Ceruledge\n|-activate|p2b: Ceruledge|move: Protect\n|cant|p1a: Indeedee|move: Taunt|Trick Room\n|\n|upkeep\n|turn|2\n|\n|t:|1681972286\n|move|p2a: Iron Bundle|Encore|p1b: Flutter Mane\n|-start|p1b: Flutter Mane|Encore\n|move|p1b: Flutter Mane|Moonblast|p2a: Iron Bundle\n|-damage|p2a: Iron Bundle|18\/100\n|move|p2b: Ceruledge|Swords Dance|p2b: Ceruledge\n|-boost|p2b: Ceruledge|atk|2\n|move|p1a: Indeedee|Psychic|p2a: Iron Bundle\n|-damage|p2a: Iron Bundle|0 fnt\n|faint|p2a: Iron Bundle\n|-end|p2a: Iron Bundle|Quark Drive|[silent]\n|\n|upkeep\n|\n|t:|1681972296\n|switch|p2a: Flutter Mane|Flutter Mane, L50|100\/100\n|turn|3\n|\n|t:|1681972323\n|move|p2b: Ceruledge|Shadow Sneak|p1b: Flutter Mane\n|-activate|p1b: Flutter Mane|move: Psychic Terrain\n|move|p1b: Flutter Mane|Moonblast|p2b: Ceruledge\n|-resisted|p2b: Ceruledge\n|-damage|p2b: Ceruledge|75\/100\n|move|p2a: Flutter Mane|Shadow Ball|p1b: Flutter Mane\n|-supereffective|p1b: Flutter Mane\n|-damage|p1b: Flutter Mane|0 fnt\n|faint|p1b: Flutter Mane\n|-end|p1b: Flutter Mane|Protosynthesis|[silent]\n|-damage|p2a: Flutter Mane|90\/100|[from] item: Life Orb\n|move|p1a: Indeedee|Psychic|p2b: Ceruledge\n|-damage|p2b: Ceruledge|34\/100\n|\n|-end|p1a: Indeedee|move: Taunt\n|upkeep\n|\n|t:|1681972336\n|switch|p1b: Corviknight|Corviknight, L50, F|100\/100\n|turn|4\n|inactive|Silver33534 has 30 seconds left.\n|\n|t:|1681972365\n|-terastallize|p2b: Ceruledge|Grass\n|move|p1a: Indeedee|Helping Hand|p1b: Corviknight\n|-singleturn|p1b: Corviknight|Helping Hand|[of] p1a: Indeedee\n|move|p2a: Flutter Mane|Shadow Ball|p1b: Corviknight\n|-damage|p1b: Corviknight|52\/100\n|-damage|p2a: Flutter Mane|80\/100|[from] item: Life Orb\n|move|p2b: Ceruledge|Bitter Blade|p1b: Corviknight\n|-supereffective|p1b: Corviknight\n|-damage|p1b: Corviknight|0 fnt\n|-heal|p2b: Ceruledge|64\/100|[from] drain|[of] p1b: Corviknight\n|-damage|p2b: Ceruledge|48\/100|[from] item: Rocky Helmet|[of] p1b: Corviknight\n|faint|p1b: Corviknight\n|\n|upkeep\n|\n|t:|1681972381\n|switch|p1b: Gyarados|Gyarados, L50, F|100\/100\n|-ability|p1b: Gyarados|Intimidate|boost\n|-unboost|p2a: Flutter Mane|atk|1\n|-fail|p2b: Ceruledge|unboost|[from] item: Clear Amulet|[of] p2b: Ceruledge\n|turn|5\n|\n|t:|1681972399\n|-terastallize|p1b: Gyarados|Flying\n|move|p1a: Indeedee|Follow Me|p1a: Indeedee\n|-singleturn|p1a: Indeedee|move: Follow Me\n|move|p2a: Flutter Mane|Moonblast|p1a: Indeedee\n|-damage|p1a: Indeedee|39\/100\n|-enditem|p1a: Indeedee|Sitrus Berry|[eat]\n|-heal|p1a: Indeedee|64\/100|[from] item: Sitrus Berry\n|-damage|p2a: Flutter Mane|70\/100|[from] item: Life Orb\n|move|p2b: Ceruledge|Bitter Blade|p1a: Indeedee\n|-damage|p1a: Indeedee|0 fnt\n|-heal|p2b: Ceruledge|80\/100|[from] drain|[of] p1a: Indeedee\n|faint|p1a: Indeedee\n|move|p1b: Gyarados|Tera Blast|p2b: Ceruledge\n|-supereffective|p2b: Ceruledge\n|-damage|p2b: Ceruledge|0 fnt\n|faint|p2b: Ceruledge\n|\n|-fieldend|move: Psychic Terrain\n|upkeep\n|\n|t:|1681972405\n|switch|p2b: Gastrodon|Gastrodon-East, L50, M|100\/100\n|turn|6\n|\n|t:|1681972425\n|move|p2a: Flutter Mane|Moonblast|p1b: Gyarados\n|-damage|p1b: Gyarados|39\/100\n|-damage|p2a: Flutter Mane|60\/100|[from] item: Life Orb\n|move|p1b: Gyarados|Dragon Dance|p1b: Gyarados\n|-boost|p1b: Gyarados|atk|1\n|-boost|p1b: Gyarados|spe|1\n|move|p2b: Gastrodon|Icy Wind|p1b: Gyarados\n|-supereffective|p1b: Gyarados\n|-damage|p1b: Gyarados|10\/100\n|-unboost|p1b: Gyarados|spe|1\n|\n|-heal|p1b: Gyarados|16\/100|[from] item: Leftovers\n|upkeep\n|turn|7\n|\n|t:|1681972438\n|move|p2a: Flutter Mane|Moonblast|p1b: Gyarados\n|-damage|p1b: Gyarados|0 fnt\n|faint|p1b: Gyarados\n|-damage|p2a: Flutter Mane|50\/100|[from] item: Life Orb\n|\n|win|Silver33534\n|raw|Tenseigt's rating: 1187 → 1160<\/strong> (-27 for losing)\n|raw|Silver33534's rating: 1160 → 1187<\/strong> (+27 for winning)\n|l|\u2606Tenseigt\n","uploadtime":1681972450,"views":11,"p1id":"tenseigt","p2id":"silver33534","formatid":"gen9vgc2023regulationc","rating":1160,"private":0,"password":""}