{"id":"gen9vgc2023regulationc-1858655435","p1":"Raphaelcoelho15","p2":"MilyMystic","format":"[Gen 9] VGC 2023 Regulation C","log":"|j|\u2606Raphaelcoelho15\n|j|\u2606MilyMystic\n|t:|1683338084\n|gametype|doubles\n|player|p1|Raphaelcoelho15|blaine|\n|player|p2|MilyMystic|pokemonrangerf|\n|teamsize|p1|6\n|teamsize|p2|6\n|gen|9\n|tier|[Gen 9] VGC 2023 Regulation C\n|rule|Species Clause: Limit one of each Pok\u00e9mon\n|rule|Item Clause: Limit one of each item\n|clearpoke\n|poke|p1|Arcanine, L50, F|\n|poke|p1|Amoonguss, L50, F|\n|poke|p1|Palafin, L50, F|\n|poke|p1|Ting-Lu, L50|\n|poke|p1|Flutter Mane, L50|\n|poke|p1|Dragonite, L50, M|\n|poke|p2|Ting-Lu, L50|\n|poke|p2|Roaring Moon, L50|\n|poke|p2|Wo-Chien, L50|\n|poke|p2|Amoonguss, L50, F|\n|poke|p2|Indeedee-F, L50, F|\n|poke|p2|Iron Bundle, L50|\n|teampreview|4\n|\n|t:|1683338119\n|start\n|switch|p1a: Palafin|Palafin, L50, F|100\/100\n|switch|p1b: Flutter Mane|Flutter Mane, L50|100\/100\n|switch|p2a: Indeedee|Indeedee-F, L50, F|100\/100\n|switch|p2b: Wo-Chien|Wo-Chien, L50|100\/100\n|-fieldstart|move: Psychic Terrain|[from] ability: Psychic Surge|[of] p2a: Indeedee\n|-enditem|p2a: Indeedee|Psychic Seed\n|-boost|p2a: Indeedee|spd|1|[from] item: Psychic Seed\n|-ability|p2b: Wo-Chien|Tablets of Ruin\n|-enditem|p1b: Flutter Mane|Booster Energy\n|-activate|p1b: Flutter Mane|ability: Protosynthesis|[fromitem]\n|-start|p1b: Flutter Mane|protosynthesisspa\n|turn|1\n|\n|t:|1683338173\n|detailschange|p1a: Palafin|Palafin-Hero, L50, F\n|switch|p1a: Amoonguss|Amoonguss, L50, F|100\/100\n|-terastallize|p2b: Wo-Chien|Water\n|move|p2a: Indeedee|Follow Me|p2a: Indeedee\n|-singleturn|p2a: Indeedee|move: Follow Me\n|move|p1b: Flutter Mane|Moonblast|p2a: Indeedee\n|-damage|p2a: Indeedee|59\/100\n|move|p2b: Wo-Chien|Leech Seed|p1b: Flutter Mane\n|-start|p1b: Flutter Mane|move: Leech Seed\n|\n|-damage|p1b: Flutter Mane|89\/100|[from] Leech Seed|[of] p2b: Wo-Chien\n|upkeep\n|turn|2\n|\n|t:|1683338206\n|switch|p2a: Ting-Lu|Ting-Lu, L50|100\/100\n|-ability|p2a: Ting-Lu|Vessel of Ruin\n|move|p1b: Flutter Mane|Moonblast|p2b: Wo-Chien\n|-damage|p2b: Wo-Chien|66\/100\n|move|p2b: Wo-Chien|Ruination|p1a: Amoonguss\n|-damage|p1a: Amoonguss|50\/100\n|-enditem|p1a: Amoonguss|Sitrus Berry|[eat]\n|-heal|p1a: Amoonguss|75\/100|[from] item: Sitrus Berry\n|move|p1a: Amoonguss|Spore|p2b: Wo-Chien\n|-status|p2b: Wo-Chien|slp|[from] move: Spore\n|\n|-damage|p1b: Flutter Mane|77\/100|[from] Leech Seed|[of] p2b: Wo-Chien\n|-heal|p2b: Wo-Chien|76\/100 slp|[silent]\n|upkeep\n|turn|3\n|\n|t:|1683338233\n|switch|p2b: Indeedee|Indeedee-F, L50, F|59\/100\n|move|p1b: Flutter Mane|Moonblast|p2a: Ting-Lu\n|-supereffective|p2a: Ting-Lu\n|-enditem|p2a: Ting-Lu|Roseli Berry|[eat]\n|-enditem|p2a: Ting-Lu|Roseli Berry|[weaken]\n|-damage|p2a: Ting-Lu|68\/100\n|-unboost|p2a: Ting-Lu|spa|1\n|move|p2a: Ting-Lu|Heavy Slam|p1b: Flutter Mane\n|-supereffective|p1b: Flutter Mane\n|-damage|p1b: Flutter Mane|0 fnt\n|faint|p1b: Flutter Mane\n|-end|p1b: Flutter Mane|Protosynthesis|[silent]\n|move|p1a: Amoonguss|Spore|p2a: Ting-Lu\n|-status|p2a: Ting-Lu|slp|[from] move: Spore\n|\n|upkeep\n|\n|t:|1683338251\n|switch|p1b: Palafin|Palafin-Hero, L50, F|100\/100\n|-activate|p1b: Palafin|ability: Zero to Hero\n|turn|4\n|\n|t:|1683338269\n|switch|p2a: Iron Bundle|Iron Bundle, L50|100\/100\n|-enditem|p2a: Iron Bundle|Booster Energy\n|-activate|p2a: Iron Bundle|ability: Quark Drive|[fromitem]\n|-start|p2a: Iron Bundle|quarkdrivespa\n|move|p2b: Indeedee|Follow Me|p2b: Indeedee\n|-singleturn|p2b: Indeedee|move: Follow Me\n|move|p1b: Palafin|Substitute|p1b: Palafin\n|-start|p1b: Palafin|Substitute\n|-damage|p1b: Palafin|76\/100\n|move|p1a: Amoonguss|Pollen Puff|p2b: Indeedee\n|-supereffective|p2b: Indeedee\n|-damage|p2b: Indeedee|26\/100\n|\n|upkeep\n|turn|5\n|\n|t:|1683338312\n|move|p1b: Palafin|Protect|p1b: Palafin\n|-singleturn|p1b: Palafin|Protect\n|move|p2b: Indeedee|Follow Me|p2b: Indeedee\n|-singleturn|p2b: Indeedee|move: Follow Me\n|move|p2a: Iron Bundle|Encore|p1b: Palafin\n|-activate|p1b: Palafin|move: Protect\n|move|p1a: Amoonguss|Pollen Puff|p2b: Indeedee\n|-supereffective|p2b: Indeedee\n|-damage|p2b: Indeedee|0 fnt\n|faint|p2b: Indeedee\n|\n|-fieldend|move: Psychic Terrain\n|upkeep\n|\n|t:|1683338327\n|switch|p2b: Wo-Chien|Wo-Chien, L50, tera:Water|76\/100 slp\n|-ability|p2b: Wo-Chien|Tablets of Ruin\n|turn|6\n|\n|t:|1683338346\n|switch|p1b: Dragonite|Dragonite, L50, M|100\/100\n|move|p2a: Iron Bundle|Freeze-Dry|p1b: Dragonite\n|-supereffective|p1b: Dragonite\n|-damage|p1b: Dragonite|7\/100\n|cant|p2b: Wo-Chien|slp\n|move|p1a: Amoonguss|Pollen Puff|p1b: Dragonite\n|-heal|p1b: Dragonite|57\/100\n|\n|upkeep\n|turn|7\n|\n|t:|1683338401\n|move|p1b: Dragonite|Protect|p1b: Dragonite\n|-singleturn|p1b: Dragonite|Protect\n|move|p2a: Iron Bundle|Freeze-Dry|p1b: Dragonite\n|-activate|p1b: Dragonite|move: Protect\n|cant|p2b: Wo-Chien|slp\n|move|p1a: Amoonguss|Spore|p2a: Iron Bundle\n|-status|p2a: Iron Bundle|slp|[from] move: Spore\n|\n|upkeep\n|turn|8\n|\n|t:|1683338426\n|-end|p2a: Iron Bundle|Quark Drive|[silent]\n|switch|p2a: Ting-Lu|Ting-Lu, L50|68\/100 slp\n|-ability|p2a: Ting-Lu|Vessel of Ruin\n|move|p1b: Dragonite|Extreme Speed|p2b: Wo-Chien\n|-damage|p2b: Wo-Chien|60\/100 slp\n|cant|p2b: Wo-Chien|slp\n|move|p1a: Amoonguss|Pollen Puff|p1b: Dragonite\n|-heal|p1b: Dragonite|100\/100\n|\n|upkeep\n|turn|9\n|\n|t:|1683338469\n|move|p1b: Dragonite|Ice Spinner|p2a: Ting-Lu\n|-supereffective|p2a: Ting-Lu\n|-damage|p2a: Ting-Lu|39\/100 slp\n|-curestatus|p2b: Wo-Chien|slp|[msg]\n|move|p2b: Wo-Chien|Leech Seed|p1b: Dragonite|[miss]\n|-miss|p2b: Wo-Chien|p1b: Dragonite\n|cant|p2a: Ting-Lu|slp\n|move|p1a: Amoonguss|Pollen Puff|p2a: Ting-Lu\n|-supereffective|p2a: Ting-Lu\n|-damage|p2a: Ting-Lu|18\/100 slp\n|\n|upkeep\n|turn|10\n|\n|t:|1683338495\n|move|p1b: Dragonite|Ice Spinner|p2a: Ting-Lu\n|-supereffective|p2a: Ting-Lu\n|-damage|p2a: Ting-Lu|0 fnt\n|faint|p2a: Ting-Lu\n|move|p2b: Wo-Chien|Leech Seed|p1b: Dragonite\n|-start|p1b: Dragonite|move: Leech Seed\n|move|p1a: Amoonguss|Spore|p2b: Wo-Chien\n|-status|p2b: Wo-Chien|slp|[from] move: Spore\n|\n|-damage|p1b: Dragonite|88\/100|[from] Leech Seed|[of] p2b: Wo-Chien\n|-heal|p2b: Wo-Chien|72\/100 slp|[silent]\n|upkeep\n|\n|t:|1683338508\n|switch|p2a: Iron Bundle|Iron Bundle, L50|100\/100 slp\n|turn|11\n|\n|t:|1683338526\n|-terastallize|p1b: Dragonite|Dragon\n|move|p1b: Dragonite|Protect|p1b: Dragonite\n|-singleturn|p1b: Dragonite|Protect\n|cant|p2a: Iron Bundle|slp\n|cant|p2b: Wo-Chien|slp\n|move|p1a: Amoonguss|Pollen Puff|p1b: Dragonite\n|-activate|p1b: Dragonite|move: Protect\n|\n|-damage|p1b: Dragonite|76\/100|[from] Leech Seed|[of] p2b: Wo-Chien\n|-heal|p2b: Wo-Chien|85\/100 slp|[silent]\n|upkeep\n|turn|12\n|\n|t:|1683338562\n|cant|p2a: Iron Bundle|slp\n|move|p1b: Dragonite|Tera Blast|p2a: Iron Bundle\n|-damage|p2a: Iron Bundle|46\/100 slp\n|-curestatus|p2b: Wo-Chien|slp|[msg]\n|move|p2b: Wo-Chien|Ruination|p1a: Amoonguss\n|-damage|p1a: Amoonguss|38\/100\n|move|p1a: Amoonguss|Pollen Puff|p2a: Iron Bundle\n|-damage|p2a: Iron Bundle|10\/100 slp\n|\n|-damage|p1b: Dragonite|63\/100|[from] Leech Seed|[of] p2b: Wo-Chien\n|-heal|p2b: Wo-Chien|97\/100|[silent]\n|upkeep\n|turn|13\n|\n|t:|1683338587\n|cant|p2a: Iron Bundle|slp\n|move|p1b: Dragonite|Extreme Speed|p2a: Iron Bundle\n|-damage|p2a: Iron Bundle|0 fnt\n|faint|p2a: Iron Bundle\n|-end|p2a: Iron Bundle|Quark Drive|[silent]\n|move|p2b: Wo-Chien|Body Press|p1b: Dragonite\n|-damage|p1b: Dragonite|37\/100\n|move|p1a: Amoonguss|Pollen Puff|p1b: Dragonite\n|-heal|p1b: Dragonite|87\/100\n|\n|-damage|p1b: Dragonite|75\/100|[from] Leech Seed|[of] p2b: Wo-Chien\n|-heal|p2b: Wo-Chien|100\/100|[silent]\n|upkeep\n|turn|14\n|\n|t:|1683338623\n|move|p1b: Dragonite|Tera Blast|p2b: Wo-Chien\n|-damage|p2b: Wo-Chien|65\/100\n|move|p2b: Wo-Chien|Ruination|p1a: Amoonguss\n|-damage|p1a: Amoonguss|19\/100\n|move|p1a: Amoonguss|Spore|p2b: Wo-Chien\n|-status|p2b: Wo-Chien|slp|[from] move: Spore\n|\n|-damage|p1b: Dragonite|62\/100|[from] Leech Seed|[of] p2b: Wo-Chien\n|-heal|p2b: Wo-Chien|78\/100 slp|[silent]\n|upkeep\n|turn|15\n|\n|t:|1683338643\n|move|p1b: Dragonite|Tera Blast|p2b: Wo-Chien\n|-damage|p2b: Wo-Chien|42\/100 slp\n|cant|p2b: Wo-Chien|slp\n|move|p1a: Amoonguss|Pollen Puff|p2b: Wo-Chien\n|-damage|p2b: Wo-Chien|29\/100 slp\n|\n|-damage|p1b: Dragonite|50\/100|[from] Leech Seed|[of] p2b: Wo-Chien\n|-heal|p2b: Wo-Chien|41\/100 slp|[silent]\n|upkeep\n|turn|16\n|\n|t:|1683338660\n|move|p1b: Dragonite|Tera Blast|p2b: Wo-Chien\n|-damage|p2b: Wo-Chien|11\/100 slp\n|-curestatus|p2b: Wo-Chien|slp|[msg]\n|move|p2b: Wo-Chien|Body Press|p1a: Amoonguss\n|-resisted|p1a: Amoonguss\n|-damage|p1a: Amoonguss|10\/100\n|move|p1a: Amoonguss|Pollen Puff|p2b: Wo-Chien\n|-damage|p2b: Wo-Chien|0 fnt\n|faint|p2b: Wo-Chien\n|\n|win|Raphaelcoelho15\n|l|\u2606MilyMystic\n","uploadtime":1683338693,"views":11,"p1id":"raphaelcoelho15","p2id":"milymystic","formatid":"gen9vgc2023regulationc","rating":0,"private":0,"password":""}