{"id":"gen9vgc2023regulationc-1849504375","p1":"PR0J3CT Nub","p2":"Pizzarcato","format":"[Gen 9] VGC 2023 Regulation C","log":"|j|\u2606PR0J3CT Nub\n|j|\u2606Pizzarcato\n|t:|1682206363\n|gametype|doubles\n|player|p1|PR0J3CT Nub|266|1188\n|player|p2|Pizzarcato|workerice|1102\n|teamsize|p1|6\n|teamsize|p2|6\n|gen|9\n|tier|[Gen 9] VGC 2023 Regulation C\n|rated|\n|rule|Species Clause: Limit one of each Pok\u00e9mon\n|rule|Item Clause: Limit one of each item\n|clearpoke\n|poke|p1|Tyranitar, L50, F|\n|poke|p1|Flutter Mane, L50|\n|poke|p1|Palafin, L50, M|\n|poke|p1|Arcanine, L50, F|\n|poke|p1|Corviknight, L50, F|\n|poke|p1|Gastrodon, L50, M|\n|poke|p2|Amoonguss, L50, M|\n|poke|p2|Talonflame, L50, F|\n|poke|p2|Wo-Chien, L50|\n|poke|p2|Great Tusk, L50|\n|poke|p2|Rotom-Wash, L50|\n|poke|p2|Cloyster, L50, F|\n|teampreview|4\n|inactive|Battle timer is ON: inactive players will automatically lose when time's up. (requested by PR0J3CT Nub)\n|c|\u2606Pizzarcato|GLHF\n|inactive|PR0J3CT Nub has 60 seconds left.\n|inactive|Pizzarcato has 60 seconds left.\n|c|\u2606PR0J3CT Nub|U2\n|\n|t:|1682206405\n|start\n|switch|p1a: Corviknight|Corviknight, L50, F|100\/100\n|switch|p1b: Arcanine|Arcanine, L50, F|100\/100\n|switch|p2a: Rotom|Rotom-Wash, L50|100\/100\n|switch|p2b: Talonflame|Talonflame, L50, F, shiny|100\/100\n|-ability|p1b: Arcanine|Intimidate|boost\n|-unboost|p2a: Rotom|atk|1\n|-unboost|p2b: Talonflame|atk|1\n|turn|1\n|inactive|Pizzarcato has 30 seconds left.\n|\n|t:|1682206434\n|switch|p1b: Gastrodon|Gastrodon, L50, M|100\/100\n|move|p2b: Talonflame|Tailwind|p2b: Talonflame\n|-sidestart|p2: Pizzarcato|move: Tailwind\n|move|p2a: Rotom|Trick|p1a: Corviknight\n|-activate|p2a: Rotom|move: Trick|[of] p1a: Corviknight\n|-item|p1a: Corviknight|Choice Specs|[from] move: Trick\n|-item|p2a: Rotom|Leftovers|[from] move: Trick\n|move|p1a: Corviknight|Bulk Up|p1a: Corviknight\n|-boost|p1a: Corviknight|atk|1\n|-boost|p1a: Corviknight|def|1\n|\n|upkeep\n|turn|2\n|\n|t:|1682206456\n|switch|p1a: Arcanine|Arcanine, L50, F|100\/100\n|-ability|p1a: Arcanine|Intimidate|boost\n|-unboost|p2a: Rotom|atk|1\n|-unboost|p2b: Talonflame|atk|1\n|move|p2b: Talonflame|Taunt|p1b: Gastrodon\n|-start|p1b: Gastrodon|move: Taunt\n|move|p2a: Rotom|Volt Switch|p1a: Arcanine\n|-damage|p1a: Arcanine|82\/100\n|\n|t:|1682206469\n|switch|p2a: Amoonguss|Amoonguss, L50, M|100\/100|[from] Volt Switch\n|move|p1b: Gastrodon|Ice Beam|p2a: Amoonguss\n|-supereffective|p2a: Amoonguss\n|-damage|p2a: Amoonguss|68\/100\n|\n|upkeep\n|turn|3\n|inactive|Pizzarcato has 30 seconds left.\n|\n|t:|1682206496\n|switch|p2b: Rotom|Rotom-Wash, L50|100\/100\n|-terastallize|p1a: Arcanine|Grass\n|-terastallize|p2a: Amoonguss|Water\n|move|p1a: Arcanine|Flare Blitz|p2a: Amoonguss\n|-resisted|p2a: Amoonguss\n|-damage|p2a: Amoonguss|49\/100\n|-enditem|p2a: Amoonguss|Sitrus Berry|[eat]\n|-heal|p2a: Amoonguss|74\/100|[from] item: Sitrus Berry\n|-damage|p1a: Arcanine|74\/100|[from] Recoil\n|move|p2a: Amoonguss|Spore|p1a: Arcanine\n|-immune|p1a: Arcanine\n|move|p1b: Gastrodon|Ice Beam|p2a: Amoonguss\n|-resisted|p2a: Amoonguss\n|-damage|p2a: Amoonguss|66\/100\n|\n|upkeep\n|turn|4\n|inactive|PR0J3CT Nub has 30 seconds left.\n|\n|t:|1682206526\n|move|p2a: Amoonguss|Rage Powder|p2a: Amoonguss\n|-singleturn|p2a: Amoonguss|move: Rage Powder\n|move|p2b: Rotom|Volt Switch|p1a: Arcanine\n|-resisted|p1a: Arcanine\n|-damage|p1a: Arcanine|64\/100\n|\n|t:|1682206530\n|switch|p2b: Talonflame|Talonflame, L50, F, shiny|100\/100|[from] Volt Switch\n|move|p1a: Arcanine|Snarl|p2b: Talonflame|[spread] p2a,p2b\n|-crit|p2a: Amoonguss\n|-damage|p2a: Amoonguss|55\/100\n|-damage|p2b: Talonflame|90\/100\n|-unboost|p2a: Amoonguss|spa|1\n|move|p1b: Gastrodon|Ice Beam|p2a: Amoonguss\n|-resisted|p2a: Amoonguss\n|-damage|p2a: Amoonguss|47\/100\n|\n|-end|p1b: Gastrodon|move: Taunt\n|-sideend|p2: Pizzarcato|move: Tailwind\n|upkeep\n|turn|5\n|inactive|Pizzarcato has 30 seconds left.\n|\n|t:|1682206557\n|move|p2b: Talonflame|Will-O-Wisp|p1a: Arcanine\n|-status|p1a: Arcanine|brn\n|move|p1a: Arcanine|Will-O-Wisp|p2a: Amoonguss|[miss]\n|-miss|p1a: Arcanine|p2a: Amoonguss\n|move|p1b: Gastrodon|Earth Power|p2a: Amoonguss\n|-damage|p2a: Amoonguss|22\/100\n|move|p2a: Amoonguss|Spore|p1b: Gastrodon\n|-status|p1b: Gastrodon|slp|[from] move: Spore\n|\n|-damage|p1a: Arcanine|58\/100 brn|[from] brn\n|upkeep\n|turn|6\n|inactive|PR0J3CT Nub has 30 seconds left.\n|\n|t:|1682206586\n|switch|p2a: Rotom|Rotom-Wash, L50|100\/100\n|move|p2b: Talonflame|Tailwind|p2b: Talonflame\n|-sidestart|p2: Pizzarcato|move: Tailwind\n|move|p1a: Arcanine|Morning Sun|p1a: Arcanine\n|-heal|p1a: Arcanine|100\/100 brn\n|cant|p1b: Gastrodon|slp\n|\n|-damage|p1a: Arcanine|94\/100 brn|[from] brn\n|upkeep\n|turn|7\n|\n|t:|1682206603\n|switch|p2a: Great Tusk|Great Tusk, L50|100\/100\n|move|p2b: Talonflame|Brave Bird|p1a: Arcanine\n|-supereffective|p1a: Arcanine\n|-damage|p1a: Arcanine|17\/100 brn\n|-damage|p2b: Talonflame|62\/100|[from] Recoil\n|move|p1a: Arcanine|Will-O-Wisp|p2a: Great Tusk\n|-status|p2a: Great Tusk|brn\n|-curestatus|p1b: Gastrodon|slp|[msg]\n|move|p1b: Gastrodon|Earth Power|p2a: Great Tusk\n|-damage|p2a: Great Tusk|53\/100 brn\n|\n|-damage|p2a: Great Tusk|48\/100 brn|[from] brn\n|-damage|p1a: Arcanine|11\/100 brn|[from] brn\n|upkeep\n|turn|8\n|\n|t:|1682206620\n|-end|p2a: Great Tusk|Protosynthesis|[silent]\n|switch|p2a: Amoonguss|Amoonguss, L50, M, tera:Water|55\/100\n|switch|p1b: Corviknight|Corviknight, L50, F|100\/100\n|move|p2b: Talonflame|Taunt|p1a: Arcanine\n|-start|p1a: Arcanine|move: Taunt\n|move|p1a: Arcanine|Flare Blitz|p2a: Amoonguss\n|-resisted|p2a: Amoonguss\n|-damage|p2a: Amoonguss|46\/100\n|-damage|p1a: Arcanine|8\/100 brn|[from] Recoil\n|\n|-damage|p1a: Arcanine|2\/100 brn|[from] brn\n|upkeep\n|turn|9\n|\n|t:|1682206645\n|switch|p1a: Gastrodon|Gastrodon, L50, M|100\/100\n|move|p2b: Talonflame|Will-O-Wisp|p1b: Corviknight|[miss]\n|-miss|p2b: Talonflame|p1b: Corviknight\n|move|p2a: Amoonguss|Pollen Puff|p2b: Talonflame\n|-heal|p2b: Talonflame|100\/100\n|move|p1b: Corviknight|Brave Bird|p2a: Amoonguss\n|-damage|p2a: Amoonguss|8\/100\n|-damage|p1b: Corviknight|87\/100|[from] Recoil\n|\n|-sideend|p2: Pizzarcato|move: Tailwind\n|upkeep\n|turn|10\n|\n|t:|1682206663\n|switch|p2a: Rotom|Rotom-Wash, L50|100\/100\n|move|p2b: Talonflame|Will-O-Wisp|p1b: Corviknight\n|-status|p1b: Corviknight|brn\n|move|p1b: Corviknight|Brave Bird|p2a: Rotom\n|-resisted|p2a: Rotom\n|-damage|p2a: Rotom|91\/100\n|-damage|p1b: Corviknight|84\/100 brn|[from] Recoil\n|move|p1a: Gastrodon|Ice Beam|p2a: Rotom\n|-resisted|p2a: Rotom\n|-damage|p2a: Rotom|81\/100\n|\n|-heal|p2a: Rotom|87\/100|[from] item: Leftovers\n|-damage|p1b: Corviknight|78\/100 brn|[from] brn\n|upkeep\n|turn|11\n|inactive|PR0J3CT Nub has 30 seconds left.\n|inactive|Pizzarcato has 30 seconds left.\n|\n|t:|1682206691\n|move|p2b: Talonflame|Tailwind|p2b: Talonflame\n|-sidestart|p2: Pizzarcato|move: Tailwind\n|move|p2a: Rotom|Thunderbolt|p1b: Corviknight\n|-supereffective|p1b: Corviknight\n|-damage|p1b: Corviknight|22\/100 brn\n|move|p1b: Corviknight|Brave Bird|p2b: Talonflame\n|-damage|p2b: Talonflame|75\/100\n|-damage|p1b: Corviknight|14\/100 brn|[from] Recoil\n|move|p1a: Gastrodon|Ice Beam|p2a: Rotom\n|-resisted|p2a: Rotom\n|-damage|p2a: Rotom|77\/100\n|\n|-heal|p2a: Rotom|83\/100|[from] item: Leftovers\n|-damage|p1b: Corviknight|8\/100 brn|[from] brn\n|upkeep\n|turn|12\n|\n|t:|1682206713\n|move|p2b: Talonflame|Brave Bird|p1a: Gastrodon\n|-damage|p1a: Gastrodon|68\/100\n|-damage|p2b: Talonflame|62\/100|[from] Recoil\n|move|p2a: Rotom|Volt Switch|p1b: Corviknight\n|-supereffective|p1b: Corviknight\n|-damage|p1b: Corviknight|0 fnt\n|faint|p1b: Corviknight\n|\n|t:|1682206716\n|switch|p2a: Amoonguss|Amoonguss, L50, M, tera:Water|41\/100|[from] Volt Switch\n|move|p1a: Gastrodon|Ice Beam|p2a: Amoonguss\n|-resisted|p2a: Amoonguss\n|-damage|p2a: Amoonguss|33\/100\n|\n|upkeep\n|\n|t:|1682206728\n|switch|p1b: Flutter Mane|Flutter Mane, L50, shiny|100\/100\n|turn|13\n|inactive|Pizzarcato has 30 seconds left.\n|\n|t:|1682206755\n|switch|p2a: Rotom|Rotom-Wash, L50|83\/100\n|move|p2b: Talonflame|Brave Bird|p1b: Flutter Mane\n|-damage|p1b: Flutter Mane|55\/100\n|-damage|p2b: Talonflame|49\/100|[from] Recoil\n|move|p1b: Flutter Mane|Dazzling Gleam|p2b: Talonflame|[spread] p2a,p2b\n|-resisted|p2b: Talonflame\n|-crit|p2b: Talonflame\n|-damage|p2a: Rotom|35\/100\n|-damage|p2b: Talonflame|8\/100\n|move|p1a: Gastrodon|Ice Beam|p2a: Rotom\n|-resisted|p2a: Rotom\n|-damage|p2a: Rotom|26\/100\n|\n|-heal|p2a: Rotom|32\/100|[from] item: Leftovers\n|upkeep\n|turn|14\n|\n|t:|1682206773\n|-end|p1b: Flutter Mane|Protosynthesis|[silent]\n|switch|p1b: Arcanine|Arcanine, L50, F, tera:Grass|2\/100 brn\n|-ability|p1b: Arcanine|Intimidate|boost\n|-unboost|p2a: Rotom|atk|1\n|-unboost|p2b: Talonflame|atk|1\n|move|p2b: Talonflame|Brave Bird|p1b: Arcanine\n|-supereffective|p1b: Arcanine\n|-damage|p1b: Arcanine|0 fnt\n|faint|p1b: Arcanine\n|-damage|p2b: Talonflame|7\/100|[from] Recoil\n|move|p2a: Rotom|Hydro Pump|p1a: Gastrodon\n|-ability|p1a: Gastrodon|Storm Drain|boost\n|-boost|p1a: Gastrodon|spa|1\n|move|p1a: Gastrodon|Recover|p1a: Gastrodon\n|-heal|p1a: Gastrodon|100\/100\n|\n|-heal|p2a: Rotom|37\/100|[from] item: Leftovers\n|-sideend|p2: Pizzarcato|move: Tailwind\n|upkeep\n|\n|t:|1682206788\n|switch|p1b: Flutter Mane|Flutter Mane, L50, shiny|55\/100\n|turn|15\n|inactive|Pizzarcato has 30 seconds left.\n|\n|t:|1682206820\n|move|p2b: Talonflame|Tailwind|p2b: Talonflame\n|-sidestart|p2: Pizzarcato|move: Tailwind\n|move|p2a: Rotom|Thunderbolt|p1b: Flutter Mane\n|-damage|p1b: Flutter Mane|26\/100\n|move|p1b: Flutter Mane|Shadow Ball|p2a: Rotom\n|-damage|p2a: Rotom|0 fnt\n|faint|p2a: Rotom\n|move|p1a: Gastrodon|Ice Beam|p2b: Talonflame\n|-damage|p2b: Talonflame|0 fnt\n|faint|p2b: Talonflame\n|\n|upkeep\n|\n|t:|1682206824\n|switch|p2b: Great Tusk|Great Tusk, L50|48\/100 brn\n|switch|p2a: Amoonguss|Amoonguss, L50, M, tera:Water|66\/100\n|turn|16\n|\n|t:|1682206840\n|move|p2b: Great Tusk|Headlong Rush|p1b: Flutter Mane\n|-damage|p1b: Flutter Mane|0 fnt\n|-unboost|p2b: Great Tusk|def|1\n|-unboost|p2b: Great Tusk|spd|1\n|faint|p1b: Flutter Mane\n|-end|p1b: Flutter Mane|Protosynthesis|[silent]\n|move|p2a: Amoonguss|Pollen Puff|p2b: Great Tusk\n|-heal|p2b: Great Tusk|97\/100 brn\n|move|p1a: Gastrodon|Ice Beam|p2b: Great Tusk\n|-supereffective|p2b: Great Tusk\n|-damage|p2b: Great Tusk|0 fnt\n|faint|p2b: Great Tusk\n|-end|p2b: Great Tusk|Protosynthesis|[silent]\n|\n|upkeep\n|turn|17\n|\n|t:|1682206857\n|move|p1a: Gastrodon|Protect|p1a: Gastrodon\n|-singleturn|p1a: Gastrodon|Protect\n|move|p2a: Amoonguss|Spore|p1a: Gastrodon\n|-activate|p1a: Gastrodon|move: Protect\n|\n|upkeep\n|turn|18\n|\n|t:|1682206866\n|move|p2a: Amoonguss|Protect|p2a: Amoonguss\n|-singleturn|p2a: Amoonguss|Protect\n|move|p1a: Gastrodon|Earth Power|p2a: Amoonguss\n|-activate|p2a: Amoonguss|move: Protect\n|\n|-sideend|p2: Pizzarcato|move: Tailwind\n|upkeep\n|turn|19\n|\n|t:|1682206874\n|move|p1a: Gastrodon|Earth Power|p2a: Amoonguss\n|-crit|p2a: Amoonguss\n|-damage|p2a: Amoonguss|13\/100\n|move|p2a: Amoonguss|Spore|p1a: Gastrodon\n|-status|p1a: Gastrodon|slp|[from] move: Spore\n|\n|upkeep\n|turn|20\n|\n|t:|1682206880\n|cant|p1a: Gastrodon|slp\n|move|p2a: Amoonguss|Pollen Puff|p1a: Gastrodon\n|-damage|p1a: Gastrodon|85\/100 slp\n|\n|upkeep\n|turn|21\n|c|\u2606Pizzarcato|GG\n|\n|t:|1682206886\n|cant|p1a: Gastrodon|slp\n|move|p2a: Amoonguss|Pollen Puff|p1a: Gastrodon\n|-damage|p1a: Gastrodon|70\/100 slp\n|\n|upkeep\n|turn|22\n|c|\u2606PR0J3CT Nub|Ggs\n|c|\u2606PR0J3CT Nub|well played, got me on the edge lol\n|\n|t:|1682206902\n|-curestatus|p1a: Gastrodon|slp|[msg]\n|move|p1a: Gastrodon|Earth Power|p2a: Amoonguss\n|-damage|p2a: Amoonguss|0 fnt\n|faint|p2a: Amoonguss\n|\n|win|PR0J3CT Nub\n|raw|PR0J3CT Nub's rating: 1188 → 1207<\/strong> (+19 for winning)\n|raw|Pizzarcato's rating: 1102 → 1083<\/strong> (-19 for losing)\n|l|\u2606Pizzarcato\n","uploadtime":1682207194,"views":5,"p1id":"pr0j3ctnub","p2id":"pizzarcato","formatid":"gen9vgc2023regulationc","rating":1083,"private":0,"password":""}