{"id":"gen9vgc2023regulationc-1852733620","p1":"WestyLiam","p2":"Idk544","format":"[Gen 9] VGC 2023 Regulation C","log":"|j|\u2606WestyLiam\n|j|\u2606Idk544\n|t:|1682601439\n|gametype|doubles\n|player|p1|WestyLiam|hugh|1211\n|player|p2|Idk544|silver|1288\n|teamsize|p1|6\n|teamsize|p2|6\n|gen|9\n|tier|[Gen 9] VGC 2023 Regulation C\n|rated|\n|rule|Species Clause: Limit one of each Pok\u00e9mon\n|rule|Item Clause: Limit one of each item\n|clearpoke\n|poke|p1|Gothitelle, L50, M|\n|poke|p1|Flutter Mane, L50|\n|poke|p1|Palafin, L50, M|\n|poke|p1|Scream Tail, L50|\n|poke|p1|Arcanine, L50, M|\n|poke|p1|Amoonguss, L50, M|\n|poke|p2|Orthworm, L50, M|\n|poke|p2|Iron Hands, L50|\n|poke|p2|Flutter Mane, L50|\n|poke|p2|Gholdengo, L50|\n|poke|p2|Gyarados, L50, M|\n|poke|p2|Ting-Lu, L50|\n|teampreview|4\n|inactive|Battle timer is ON: inactive players will automatically lose when time's up. (requested by WestyLiam)\n|inactive|Idk544 has 60 seconds left.\n|\n|t:|1682601481\n|start\n|switch|p1a: Scream Tail|Scream Tail, L50|100\/100\n|switch|p1b: Palafin|Palafin, L50, M|100\/100\n|switch|p2a: Orthworm|Orthworm, L50, M|100\/100\n|switch|p2b: Flutter Mane|Flutter Mane, L50|100\/100\n|-enditem|p1a: Scream Tail|Booster Energy\n|-activate|p1a: Scream Tail|ability: Protosynthesis|[fromitem]\n|-start|p1a: Scream Tail|protosynthesisspe\n|turn|1\n|inactive|WestyLiam has 30 seconds left.\n|\n|t:|1682601508\n|-end|p2b: Flutter Mane|Protosynthesis|[silent]\n|switch|p2b: Gyarados|Gyarados, L50, M|100\/100\n|-ability|p2b: Gyarados|Intimidate|boost\n|-unboost|p1a: Scream Tail|atk|1\n|-unboost|p1b: Palafin|atk|1\n|detailschange|p1b: Palafin|Palafin-Hero, L50, M\n|switch|p1b: Gothitelle|Gothitelle, L50, M|100\/100\n|move|p1a: Scream Tail|Perish Song|p1a: Scream Tail\n|-start|p1a: Scream Tail|perish3|[silent]\n|-start|p1b: Gothitelle|perish3|[silent]\n|-start|p2a: Orthworm|perish3|[silent]\n|-start|p2b: Gyarados|perish3|[silent]\n|-fieldactivate|move: Perish Song\n|move|p2a: Orthworm|Shed Tail|p2a: Orthworm\n|-start|p2a: Orthworm|Substitute|[from] move: Shed Tail\n|-damage|p2a: Orthworm|50\/100\n|-enditem|p2a: Orthworm|Sitrus Berry|[eat]\n|-heal|p2a: Orthworm|75\/100|[from] item: Sitrus Berry\n|\n|t:|1682601529\n|switch|p2a: Gholdengo|Gholdengo, L50|100\/100|[from] Shed Tail\n|\n|-start|p1a: Scream Tail|perish3\n|-start|p2b: Gyarados|perish3\n|-start|p1b: Gothitelle|perish3\n|upkeep\n|turn|2\n|inactive|WestyLiam has 30 seconds left.\n|\n|t:|1682601554\n|move|p1b: Gothitelle|Fake Out|p2b: Gyarados\n|-damage|p2b: Gyarados|93\/100\n|move|p1a: Scream Tail|Perish Song|p1a: Scream Tail\n|-immune|p2a: Gholdengo|[from] ability: Good as Gold\n|move|p2a: Gholdengo|Nasty Plot|p2a: Gholdengo\n|-boost|p2a: Gholdengo|spa|2\n|cant|p2b: Gyarados|flinch\n|\n|-start|p1a: Scream Tail|perish2\n|-start|p2b: Gyarados|perish2\n|-start|p1b: Gothitelle|perish2\n|upkeep\n|turn|3\n|\n|t:|1682601575\n|move|p1a: Scream Tail|Protect|p1a: Scream Tail\n|-singleturn|p1a: Scream Tail|Protect\n|move|p1b: Gothitelle|Protect|p1b: Gothitelle\n|-singleturn|p1b: Gothitelle|Protect\n|move|p2a: Gholdengo|Shadow Ball|p1b: Gothitelle\n|-activate|p1b: Gothitelle|move: Protect\n|move|p2b: Gyarados|Waterfall|p1a: Scream Tail\n|-activate|p1a: Scream Tail|move: Protect\n|\n|-start|p1a: Scream Tail|perish1\n|-start|p2b: Gyarados|perish1\n|-start|p1b: Gothitelle|perish1\n|upkeep\n|turn|4\n|inactive|Idk544 has 30 seconds left.\n|\n|t:|1682601604\n|-end|p1a: Scream Tail|Protosynthesis|[silent]\n|switch|p1a: Flutter Mane|Flutter Mane, L50|100\/100\n|switch|p1b: Palafin|Palafin-Hero, L50, M|100\/100\n|-activate|p1b: Palafin|ability: Zero to Hero\n|move|p2a: Gholdengo|Shadow Ball|p1b: Palafin\n|-damage|p1b: Palafin|0 fnt\n|faint|p1b: Palafin\n|move|p2b: Gyarados|Waterfall|p1a: Flutter Mane\n|-damage|p1a: Flutter Mane|3\/100\n|\n|-start|p2b: Gyarados|perish0\n|upkeep\n|faint|p2b: Gyarados\n|\n|t:|1682601622\n|switch|p1b: Gothitelle|Gothitelle, L50, M|100\/100\n|switch|p2b: Orthworm|Orthworm, L50, M|75\/100\n|turn|5\n|\n|t:|1682601641\n|move|p2b: Orthworm|Protect|p2b: Orthworm\n|-singleturn|p2b: Orthworm|Protect\n|move|p1a: Flutter Mane|Shadow Ball|p2a: Gholdengo\n|-supereffective|p2a: Gholdengo\n|-crit|p2a: Gholdengo\n|-end|p2a: Gholdengo|Substitute\n|move|p2a: Gholdengo|Make It Rain|p1a: Flutter Mane|[spread] p1a,p1b\n|-supereffective|p1a: Flutter Mane\n|-damage|p1a: Flutter Mane|0 fnt\n|-damage|p1b: Gothitelle|32\/100\n|-unboost|p2a: Gholdengo|spa|1\n|-enditem|p1b: Gothitelle|Sitrus Berry|[eat]\n|-heal|p1b: Gothitelle|57\/100|[from] item: Sitrus Berry\n|faint|p1a: Flutter Mane\n|-end|p1a: Flutter Mane|Protosynthesis|[silent]\n|move|p1b: Gothitelle|Heal Pulse|p1: Flutter Mane|[notarget]\n|-fail|p1b: Gothitelle\n|\n|upkeep\n|\n|t:|1682601656\n|switch|p1a: Scream Tail|Scream Tail, L50|100\/100\n|turn|6\n|\n|t:|1682601666\n|move|p1a: Scream Tail|Disable|p2a: Gholdengo\n|-immune|p2a: Gholdengo|[from] ability: Good as Gold\n|move|p2a: Gholdengo|Shadow Ball|p1b: Gothitelle\n|-supereffective|p1b: Gothitelle\n|-damage|p1b: Gothitelle|0 fnt\n|faint|p1b: Gothitelle\n|move|p2b: Orthworm|Shed Tail|p2b: Orthworm\n|-start|p2b: Orthworm|Substitute|[from] move: Shed Tail\n|-damage|p2b: Orthworm|25\/100\n|-message|WestyLiam forfeited.\n|\n|win|Idk544\n|raw|WestyLiam's rating: 1211 → 1191<\/strong> (-20 for losing)\n|raw|Idk544's rating: 1288 → 1308<\/strong> (+20 for winning)\n|l|\u2606WestyLiam\n","uploadtime":1682601679,"views":12,"p1id":"westyliam","p2id":"idk544","formatid":"gen9vgc2023regulationc","rating":1191,"private":0,"password":""}