{"id":"gen9vgc2023regulationc-1855849803","p1":"goosemaid","p2":"aquatic_poyo123","format":"[Gen 9] VGC 2023 Regulation C","log":"|j|\u2606goosemaid\n|j|\u2606aquatic_poyo123\n|t:|1682991578\n|gametype|doubles\n|player|p1|goosemaid|benga|1037\n|player|p2|aquatic_poyo123|officeworker|1052\n|teamsize|p1|6\n|teamsize|p2|6\n|gen|9\n|tier|[Gen 9] VGC 2023 Regulation C\n|rated|\n|rule|Species Clause: Limit one of each Pok\u00e9mon\n|rule|Item Clause: Limit one of each item\n|clearpoke\n|poke|p1|Orthworm, L50, M|\n|poke|p1|Corviknight, L50, F|\n|poke|p1|Meowscarada, L50, F|\n|poke|p1|Rotom-Wash, L50|\n|poke|p1|Chien-Pao, L50|\n|poke|p1|Flutter Mane, L50|\n|poke|p2|Torkoal, L50, M|\n|poke|p2|Armarouge, L50, F|\n|poke|p2|Indeedee-F, L50, F|\n|poke|p2|Brute Bonnet, L50|\n|poke|p2|Tauros-Paldea-Blaze, L50, M|\n|poke|p2|Gengar, L50, M|\n|teampreview|4\n|\n|t:|1682991596\n|start\n|switch|p1a: Orthworm|Orthworm, L50, M|100\/100\n|switch|p1b: Corviknight|Corviknight, L50, F, shiny|100\/100\n|switch|p2a: Armarouge|Armarouge, L50, F|100\/100\n|switch|p2b: Indeedee|Indeedee-F, L50, F|100\/100\n|-fieldstart|move: Psychic Terrain|[from] ability: Psychic Surge|[of] p2b: Indeedee\n|turn|1\n|\n|t:|1682991615\n|move|p2b: Indeedee|Protect|p2b: Indeedee\n|-singleturn|p2b: Indeedee|Protect\n|move|p1b: Corviknight|Taunt|p2b: Indeedee\n|-activate|p2b: Indeedee|move: Protect\n|move|p2a: Armarouge|Lava Plume|p1b: Corviknight|[spread] p1a,p1b\n|-activate|p2b: Indeedee|move: Protect\n|-supereffective|p1a: Orthworm\n|-supereffective|p1b: Corviknight\n|-damage|p1a: Orthworm|0 fnt\n|-damage|p1b: Corviknight|27\/100\n|faint|p1a: Orthworm\n|\n|upkeep\n|\n|t:|1682991628\n|switch|p1a: Chien-Pao|Chien-Pao, L50|100\/100\n|-ability|p1a: Chien-Pao|Sword of Ruin\n|turn|2\n|\n|t:|1682991635\n|move|p1a: Chien-Pao|Throat Chop|p2a: Armarouge\n|-supereffective|p2a: Armarouge\n|-damage|p2a: Armarouge|6\/100\n|-start|p2a: Armarouge|Throat Chop|[silent]\n|move|p1b: Corviknight|Taunt|p2b: Indeedee\n|-start|p2b: Indeedee|move: Taunt\n|move|p2a: Armarouge|Lava Plume|p1a: Chien-Pao|[spread] p2b,p1a,p1b\n|-supereffective|p1a: Chien-Pao\n|-supereffective|p1b: Corviknight\n|-damage|p2b: Indeedee|78\/100\n|-damage|p1a: Chien-Pao|2\/100\n|-damage|p1b: Corviknight|0 fnt\n|faint|p1b: Corviknight\n|move|p2b: Indeedee|Psyshock|p1a: Chien-Pao\n|-immune|p1a: Chien-Pao\n|\n|upkeep\n|\n|t:|1682991646\n|switch|p1b: Flutter Mane|Flutter Mane, L50|100\/100\n|turn|3\n|\n|t:|1682991660\n|move|p1a: Chien-Pao|Throat Chop|p2b: Indeedee\n|-supereffective|p2b: Indeedee\n|-damage|p2b: Indeedee|0 fnt\n|faint|p2b: Indeedee\n|move|p1b: Flutter Mane|Moonblast|p2a: Armarouge\n|-resisted|p2a: Armarouge\n|-damage|p2a: Armarouge|0 fnt\n|faint|p2a: Armarouge\n|\n|upkeep\n|\n|t:|1682991666\n|switch|p2a: Gengar|Gengar, L50, M|100\/100\n|switch|p2b: Tauros|Tauros-Paldea-Blaze, L50, M|100\/100\n|-item|p2a: Gengar|Air Balloon\n|-ability|p2b: Tauros|Intimidate|boost\n|-unboost|p1a: Chien-Pao|atk|1\n|-unboost|p1b: Flutter Mane|atk|1\n|turn|4\n|\n|t:|1682991681\n|move|p1a: Chien-Pao|Throat Chop|p2a: Gengar\n|-supereffective|p2a: Gengar\n|-damage|p2a: Gengar|0 fnt\n|-enditem|p2a: Gengar|Air Balloon\n|faint|p2a: Gengar\n|move|p1b: Flutter Mane|Moonblast|p2b: Tauros\n|-damage|p2b: Tauros|32\/100\n|move|p2b: Tauros|Iron Head|p1a: Chien-Pao\n|-supereffective|p1a: Chien-Pao\n|-damage|p1a: Chien-Pao|0 fnt\n|faint|p1a: Chien-Pao\n|\n|upkeep\n|turn|5\n|\n|t:|1682991693\n|-terastallize|p2b: Tauros|Steel\n|move|p1b: Flutter Mane|Moonblast|p2b: Tauros\n|-resisted|p2b: Tauros\n|-damage|p2b: Tauros|0 fnt\n|faint|p2b: Tauros\n|\n|win|goosemaid\n|raw|goosemaid's rating: 1037 → 1073<\/strong> (+36 for winning)\n|raw|aquatic_poyo123's rating: 1052 → 1033<\/strong> (-19 for losing)\n|l|\u2606aquatic_poyo123\n","uploadtime":1682991700,"views":19,"p1id":"goosemaid","p2id":"aquaticpoyo123","formatid":"gen9vgc2023regulationc","rating":1033,"private":0,"password":""}