{"id":"gen9vgc2023regulationc-1850385024","p1":"Evlers","p2":"smasta1","format":"[Gen 9] VGC 2023 Regulation C","log":"|j|\u2606Evlers\n|j|\u2606smasta1\n|t:|1682328757\n|gametype|doubles\n|player|p1|Evlers|cynthia-gen7|1234\n|player|p2|smasta1|169|1175\n|teamsize|p1|6\n|teamsize|p2|4\n|gen|9\n|tier|[Gen 9] VGC 2023 Regulation C\n|rated|\n|rule|Species Clause: Limit one of each Pok\u00e9mon\n|rule|Item Clause: Limit one of each item\n|clearpoke\n|poke|p1|Chien-Pao, L50|\n|poke|p1|Flutter Mane, L50|\n|poke|p1|Palafin, L50, M|\n|poke|p1|Arcanine, L50, M|\n|poke|p1|Amoonguss, L50, F|\n|poke|p1|Dragapult, L50, M|\n|poke|p2|Armarouge, L50, F|\n|poke|p2|Ceruledge, L50, F|\n|poke|p2|Ting-Lu, L50|\n|poke|p2|Amoonguss, L50, F|\n|teampreview|4\n|inactive|Battle timer is ON: inactive players will automatically lose when time's up. (requested by smasta1)\nEvlers has agreed to open team sheets.\n|inactive|Evlers has 60 seconds left.\n|\n|t:|1682328798\n|start\n|switch|p1a: Palafin|Palafin, L50, M|100\/100\n|switch|p1b: Chien-Pao|Chien-Pao, L50|100\/100\n|switch|p2a: Armarouge|Armarouge, L50, F|100\/100\n|switch|p2b: Ceruledge|Ceruledge, L50, F|100\/100\n|-ability|p1b: Chien-Pao|Sword of Ruin\n|turn|1\n|inactive|Evlers has 30 seconds left.\n|\n|t:|1682328831\n|detailschange|p1a: Palafin|Palafin-Hero, L50, M\n|switch|p1a: Arcanine|Arcanine, L50, M, shiny|100\/100\n|-ability|p1a: Arcanine|Intimidate|boost\n|-unboost|p2a: Armarouge|atk|1\n|-fail|p2b: Ceruledge|unboost|[from] item: Clear Amulet|[of] p2b: Ceruledge\n|-terastallize|p2b: Ceruledge|Grass\n|move|p1b: Chien-Pao|Sucker Punch|p2a: Armarouge\n|-supereffective|p2a: Armarouge\n|-damage|p2a: Armarouge|4\/100\n|-ability|p2a: Armarouge|Weak Armor|boost\n|-unboost|p2a: Armarouge|def|1\n|-boost|p2a: Armarouge|spe|2\n|move|p2a: Armarouge|Lava Plume|p1b: Chien-Pao|[spread] p1a,p1b\n|-start|p2b: Ceruledge|ability: Flash Fire\n|-resisted|p1a: Arcanine\n|-supereffective|p1b: Chien-Pao\n|-damage|p1a: Arcanine|82\/100\n|-enditem|p1b: Chien-Pao|Focus Sash\n|-damage|p1b: Chien-Pao|1\/100\n|move|p2b: Ceruledge|Bulk Up|p2b: Ceruledge\n|-boost|p2b: Ceruledge|atk|1\n|-boost|p2b: Ceruledge|def|1\n|\n|upkeep\n|turn|2\n|inactive|Evlers has 30 seconds left.\n|inactive|smasta1 has 30 seconds left.\n|\n|t:|1682328859\n|move|p1a: Arcanine|Extreme Speed|p2a: Armarouge\n|-damage|p2a: Armarouge|0 fnt\n|faint|p2a: Armarouge\n|move|p2b: Ceruledge|Shadow Sneak|p1b: Chien-Pao\n|-resisted|p1b: Chien-Pao\n|-damage|p1b: Chien-Pao|0 fnt\n|faint|p1b: Chien-Pao\n|\n|upkeep\n|\n|t:|1682328871\n|switch|p1b: Dragapult|Dragapult, L50, M, shiny|100\/100\n|switch|p2a: Amoonguss|Amoonguss, L50, F|100\/100\n|turn|3\n|\n|t:|1682328893\n|move|p2b: Ceruledge|Protect|p2b: Ceruledge\n|-singleturn|p2b: Ceruledge|Protect\n|move|p1a: Arcanine|Extreme Speed|p2b: Ceruledge\n|-activate|p2b: Ceruledge|move: Protect\n|move|p1b: Dragapult|U-turn|p2b: Ceruledge\n|-activate|p2b: Ceruledge|move: Protect\n|move|p2a: Amoonguss|Spore|p1b: Dragapult\n|-status|p1b: Dragapult|slp|[from] move: Spore\n|\n|upkeep\n|turn|4\n|inactive|Evlers has 30 seconds left.\n|\n|t:|1682328922\n|switch|p1b: Palafin|Palafin-Hero, L50, M|100\/100\n|-activate|p1b: Palafin|ability: Zero to Hero\n|move|p1a: Arcanine|Extreme Speed|p2b: Ceruledge\n|-damage|p2b: Ceruledge|83\/100\n|move|p2b: Ceruledge|Bitter Blade|p1a: Arcanine\n|-resisted|p1a: Arcanine\n|-damage|p1a: Arcanine|26\/100\n|-heal|p2b: Ceruledge|100\/100|[from] drain|[of] p1a: Arcanine\n|move|p2a: Amoonguss|Spore|p1a: Arcanine\n|-activate|p1a: Arcanine|item: Safety Goggles|Spore\n|\n|upkeep\n|turn|5\n|inactive|smasta1 has 30 seconds left.\n|\n|t:|1682328950\n|-terastallize|p1b: Palafin|Water\n|move|p2b: Ceruledge|Protect|p2b: Ceruledge\n|-singleturn|p2b: Ceruledge|Protect\n|move|p1a: Arcanine|Extreme Speed|p2b: Ceruledge\n|-activate|p2b: Ceruledge|move: Protect\n|move|p1b: Palafin|Wave Crash|p2b: Ceruledge\n|-activate|p2b: Ceruledge|move: Protect\n|move|p2a: Amoonguss|Spore|p1b: Palafin\n|-status|p1b: Palafin|slp|[from] move: Spore\n|\n|upkeep\n|turn|6\n|\n|t:|1682328974\n|move|p2a: Amoonguss|Protect|p2a: Amoonguss\n|-singleturn|p2a: Amoonguss|Protect\n|move|p1a: Arcanine|Extreme Speed|p2b: Ceruledge\n|-damage|p2b: Ceruledge|82\/100\n|cant|p1b: Palafin|slp\n|move|p2b: Ceruledge|Bitter Blade|p1a: Arcanine\n|-resisted|p1a: Arcanine\n|-damage|p1a: Arcanine|0 fnt\n|-heal|p2b: Ceruledge|96\/100|[from] drain|[of] p1a: Arcanine\n|faint|p1a: Arcanine\n|\n|upkeep\n|\n|t:|1682328984\n|switch|p1a: Dragapult|Dragapult, L50, M, shiny|100\/100 slp\n|turn|7\n|\n|t:|1682328998\n|move|p2a: Amoonguss|Rage Powder|p2a: Amoonguss\n|-singleturn|p2a: Amoonguss|move: Rage Powder\n|cant|p1a: Dragapult|slp\n|cant|p1b: Palafin|slp\n|move|p2b: Ceruledge|Bitter Blade|p1b: Palafin\n|-resisted|p1b: Palafin\n|-damage|p1b: Palafin|53\/100 slp\n|-heal|p2b: Ceruledge|100\/100|[from] drain|[of] p1b: Palafin\n|\n|upkeep\n|turn|8\n|\n|t:|1682329014\n|move|p2a: Amoonguss|Rage Powder|p2a: Amoonguss\n|-singleturn|p2a: Amoonguss|move: Rage Powder\n|cant|p1a: Dragapult|slp\n|cant|p1b: Palafin|slp\n|move|p2b: Ceruledge|Bulk Up|p2b: Ceruledge\n|-boost|p2b: Ceruledge|atk|1\n|-boost|p2b: Ceruledge|def|1\n|\n|upkeep\n|turn|9\n|\n|t:|1682329034\n|move|p2a: Amoonguss|Rage Powder|p2a: Amoonguss\n|-singleturn|p2a: Amoonguss|move: Rage Powder\n|cant|p1a: Dragapult|slp\n|-curestatus|p1b: Palafin|slp|[msg]\n|move|p1b: Palafin|Haze|p1b: Palafin\n|-clearallboost\n|move|p2b: Ceruledge|Bitter Blade|p1a: Dragapult\n|-resisted|p1a: Dragapult\n|-damage|p1a: Dragapult|48\/100 slp\n|\n|upkeep\n|turn|10\n|\n|t:|1682329048\n|move|p2b: Ceruledge|Protect|p2b: Ceruledge\n|-singleturn|p2b: Ceruledge|Protect\n|-curestatus|p1a: Dragapult|slp|[msg]\n|move|p1a: Dragapult|U-turn|p2b: Ceruledge\n|-activate|p2b: Ceruledge|move: Protect\n|move|p1b: Palafin|Wave Crash|p2b: Ceruledge\n|-activate|p2b: Ceruledge|move: Protect\n|move|p2a: Amoonguss|Spore|p1b: Palafin\n|-status|p1b: Palafin|slp|[from] move: Spore\n|\n|upkeep\n|turn|11\n|\n|t:|1682329069\n|move|p2a: Amoonguss|Rage Powder|p2a: Amoonguss\n|-singleturn|p2a: Amoonguss|move: Rage Powder\n|move|p1a: Dragapult|U-turn|p2a: Amoonguss\n|-damage|p2a: Amoonguss|73\/100\n|cant|p1b: Palafin|slp\n|move|p2b: Ceruledge|Bulk Up|p2b: Ceruledge\n|-boost|p2b: Ceruledge|atk|1\n|-boost|p2b: Ceruledge|def|1\n|\n|upkeep\n|turn|12\n|\n|t:|1682329089\n|switch|p2a: Ting-Lu|Ting-Lu, L50|100\/100\n|-ability|p2a: Ting-Lu|Vessel of Ruin\n|move|p2b: Ceruledge|Shadow Sneak|p1a: Dragapult\n|-supereffective|p1a: Dragapult\n|-damage|p1a: Dragapult|0 fnt\n|faint|p1a: Dragapult\n|-curestatus|p1b: Palafin|slp|[msg]\n|move|p1b: Palafin|Wave Crash|p2b: Ceruledge\n|-resisted|p2b: Ceruledge\n|-damage|p2b: Ceruledge|53\/100\n|-damage|p1b: Palafin|39\/100|[from] Recoil\n|\n|upkeep\n|turn|13\n|\n|t:|1682329110\n|move|p1b: Palafin|Wave Crash|p2b: Ceruledge\n|-resisted|p2b: Ceruledge\n|-damage|p2b: Ceruledge|6\/100\n|-damage|p1b: Palafin|25\/100|[from] Recoil\n|move|p2b: Ceruledge|Bitter Blade|p1b: Palafin\n|-resisted|p1b: Palafin\n|-damage|p1b: Palafin|0 fnt\n|-heal|p2b: Ceruledge|20\/100|[from] drain|[of] p1b: Palafin\n|faint|p1b: Palafin\n|\n|win|smasta1\n|raw|Evlers's rating: 1234 → 1205<\/strong> (-29 for losing)\n|raw|smasta1's rating: 1175 → 1204<\/strong> (+29 for winning)\n","uploadtime":1682329118,"views":28,"p1id":"evlers","p2id":"smasta1","formatid":"gen9vgc2023regulationc","rating":1204,"private":0,"password":""}