{"id":"gen9vgc2023regulationc-1847444973","p1":"xxdemoliconxx","p2":"Treeckoguy1","format":"[Gen 9] VGC 2023 Regulation C","log":"|j|\u2606xxdemoliconxx\n|j|\u2606Treeckoguy1\n|t:|1681955937\n|gametype|doubles\n|player|p1|xxdemoliconxx|lucas|1364\n|player|p2|Treeckoguy1|265|1458\n|teamsize|p1|6\n|teamsize|p2|6\n|gen|9\n|tier|[Gen 9] VGC 2023 Regulation C\n|rated|\n|rule|Species Clause: Limit one of each Pok\u00e9mon\n|rule|Item Clause: Limit one of each item\n|clearpoke\n|poke|p1|Flutter Mane, L50|\n|poke|p1|Amoonguss, L50, F|\n|poke|p1|Ting-Lu, L50|\n|poke|p1|Arcanine, L50, F|\n|poke|p1|Palafin, L50, F|\n|poke|p1|Baxcalibur, L50, M|\n|poke|p2|Chien-Pao, L50|\n|poke|p2|Abomasnow, L50, M|\n|poke|p2|Avalugg, L50, M|\n|poke|p2|Frosmoth, L50, F|\n|poke|p2|Baxcalibur, L50, M|\n|poke|p2|Iron Bundle, L50|\n|teampreview|4\n|\n|t:|1681956004\n|start\n|switch|p1a: Ting-Lu|Ting-Lu, L50|100\/100\n|switch|p1b: Baxcalibur|Baxcalibur, L50, M|100\/100\n|switch|p2a: Iron Bundle|Iron Bundle, L50|100\/100\n|switch|p2b: Abomasnow|Abomasnow, L50, M|100\/100\n|-weather|Snow|[from] ability: Snow Warning|[of] p2b: Abomasnow\n|-ability|p1a: Ting-Lu|Vessel of Ruin\n|-enditem|p2a: Iron Bundle|Booster Energy\n|-activate|p2a: Iron Bundle|ability: Quark Drive|[fromitem]\n|-start|p2a: Iron Bundle|quarkdrivespe\n|turn|1\n|\n|t:|1681956073\n|-terastallize|p1a: Ting-Lu|Poison\n|move|p2a: Iron Bundle|Protect|p2a: Iron Bundle\n|-singleturn|p2a: Iron Bundle|Protect\n|move|p1b: Baxcalibur|Protect|p1b: Baxcalibur\n|-singleturn|p1b: Baxcalibur|Protect\n|move|p2b: Abomasnow|Aurora Veil|p2b: Abomasnow\n|-sidestart|p2: Treeckoguy1|move: Aurora Veil\n|move|p1a: Ting-Lu|Heavy Slam|p2a: Iron Bundle\n|-activate|p2a: Iron Bundle|move: Protect\n|\n|-weather|Snow|[upkeep]\n|upkeep\n|turn|2\n|\n|t:|1681956111\n|move|p2a: Iron Bundle|Encore|p1b: Baxcalibur\n|-start|p1b: Baxcalibur|Encore\n|move|p1b: Baxcalibur|Protect||[still]\n|-fail|p1b: Baxcalibur\n|move|p2b: Abomasnow|Earth Power|p1a: Ting-Lu\n|-supereffective|p1a: Ting-Lu\n|-damage|p1a: Ting-Lu|82\/100\n|move|p1a: Ting-Lu|Heavy Slam|p2a: Iron Bundle\n|-damage|p2a: Iron Bundle|82\/100\n|\n|-weather|Snow|[upkeep]\n|upkeep\n|turn|3\n|\n|t:|1681956133\n|switch|p1b: Arcanine|Arcanine, L50, F|100\/100\n|-ability|p1b: Arcanine|Intimidate|boost\n|-unboost|p2a: Iron Bundle|atk|1\n|-unboost|p2b: Abomasnow|atk|1\n|move|p2a: Iron Bundle|Hydro Pump|p1b: Arcanine\n|-supereffective|p1b: Arcanine\n|-damage|p1b: Arcanine|23\/100\n|move|p2b: Abomasnow|Blizzard|p1a: Ting-Lu|[spread] p1a,p1b\n|-resisted|p1b: Arcanine\n|-damage|p1a: Ting-Lu|69\/100\n|-damage|p1b: Arcanine|8\/100\n|move|p1a: Ting-Lu|Stone Edge|p2a: Iron Bundle\n|-supereffective|p2a: Iron Bundle\n|-crit|p2a: Iron Bundle\n|-damage|p2a: Iron Bundle|4\/100\n|\n|-weather|Snow|[upkeep]\n|upkeep\n|turn|4\n|\n|t:|1681956154\n|move|p2a: Iron Bundle|Protect|p2a: Iron Bundle\n|-singleturn|p2a: Iron Bundle|Protect\n|move|p1b: Arcanine|Protect|p1b: Arcanine\n|-singleturn|p1b: Arcanine|Protect\n|move|p2b: Abomasnow|Blizzard|p1a: Ting-Lu|[spread] p1a\n|-activate|p1b: Arcanine|move: Protect\n|-damage|p1a: Ting-Lu|56\/100\n|move|p1a: Ting-Lu|Ruination|p2b: Abomasnow\n|-damage|p2b: Abomasnow|51\/100\n|\n|-weather|Snow|[upkeep]\n|upkeep\n|turn|5\n|j| cb-sooner\n|\n|t:|1681956176\n|-end|p2a: Iron Bundle|Quark Drive|[silent]\n|switch|p2a: Avalugg|Avalugg, L50, M|100\/100\n|switch|p1b: Baxcalibur|Baxcalibur, L50, M|100\/100\n|move|p2b: Abomasnow|Blizzard|p1a: Ting-Lu|[spread] p1a,p1b\n|-damage|p1a: Ting-Lu|44\/100\n|-damage|p1b: Baxcalibur|74\/100\n|move|p1a: Ting-Lu|Stomping Tantrum|p2a: Avalugg\n|-damage|p2a: Avalugg|94\/100\n|\n|-weather|none\n|-sideend|p2: Treeckoguy1|move: Aurora Veil\n|upkeep\n|turn|6\n|j| Jard13255\n|\n|t:|1681956197\n|switch|p2b: Iron Bundle|Iron Bundle, L50|4\/100\n|move|p1b: Baxcalibur|Glaive Rush|p2b: Iron Bundle\n|-damage|p2b: Iron Bundle|0 fnt\n|-singlemove|p1b: Baxcalibur|Glaive Rush|[silent]\n|faint|p2b: Iron Bundle\n|-end|p2b: Iron Bundle|Quark Drive|[silent]\n|move|p1a: Ting-Lu|Ruination|p2a: Avalugg\n|-damage|p2a: Avalugg|47\/100\n|move|p2a: Avalugg|Body Press|p1b: Baxcalibur\n|-supereffective|p1b: Baxcalibur\n|-damage|p1b: Baxcalibur|0 fnt\n|faint|p1b: Baxcalibur\n|\n|upkeep\n|\n|t:|1681956208\n|switch|p2b: Abomasnow|Abomasnow, L50, M|51\/100\n|switch|p1b: Flutter Mane|Flutter Mane, L50|100\/100\n|-weather|Snow|[from] ability: Snow Warning|[of] p2b: Abomasnow\n|turn|7\n|\n|t:|1681956230\n|switch|p1a: Arcanine|Arcanine, L50, F|8\/100\n|-ability|p1a: Arcanine|Intimidate|boost\n|-unboost|p2a: Avalugg|atk|1\n|-unboost|p2b: Abomasnow|atk|1\n|move|p2a: Avalugg|Wide Guard|p2a: Avalugg\n|-singleturn|p2a: Avalugg|Wide Guard\n|move|p1b: Flutter Mane|Dazzling Gleam|p2b: Abomasnow|[spread] \n|-activate|p2a: Avalugg|move: Wide Guard\n|-activate|p2b: Abomasnow|move: Wide Guard\n|move|p2b: Abomasnow|Blizzard|p1a: Arcanine|[spread] p1a,p1b\n|-resisted|p1a: Arcanine\n|-damage|p1a: Arcanine|0 fnt\n|-damage|p1b: Flutter Mane|62\/100\n|faint|p1a: Arcanine\n|\n|-weather|Snow|[upkeep]\n|upkeep\n|\n|t:|1681956237\n|switch|p1a: Ting-Lu|Ting-Lu, L50, tera:Poison|44\/100\n|-ability|p1a: Ting-Lu|Vessel of Ruin\n|turn|8\n|\n|t:|1681956253\n|move|p1b: Flutter Mane|Dazzling Gleam|p2a: Avalugg|[spread] p2a,p2b\n|-damage|p2a: Avalugg|0 fnt\n|-damage|p2b: Abomasnow|11\/100\n|faint|p2a: Avalugg\n|move|p2b: Abomasnow|Blizzard|p1b: Flutter Mane|[spread] p1a,p1b\n|-damage|p1a: Ting-Lu|32\/100\n|-damage|p1b: Flutter Mane|36\/100\n|move|p1a: Ting-Lu|Heavy Slam|p2b: Abomasnow\n|-supereffective|p2b: Abomasnow\n|-damage|p2b: Abomasnow|0 fnt\n|faint|p2b: Abomasnow\n|\n|-weather|Snow|[upkeep]\n|upkeep\n|\n|t:|1681956257\n|switch|p2b: Baxcalibur|Baxcalibur, L50, M|100\/100\n|turn|9\n|\n|t:|1681956271\n|-terastallize|p2b: Baxcalibur|Poison\n|move|p1b: Flutter Mane|Dazzling Gleam|p2b: Baxcalibur\n|-resisted|p2b: Baxcalibur\n|-damage|p2b: Baxcalibur|77\/100\n|move|p2b: Baxcalibur|Earthquake|p1a: Ting-Lu|[spread] p1a,p1b\n|-supereffective|p1a: Ting-Lu\n|-damage|p1a: Ting-Lu|0 fnt\n|-damage|p1b: Flutter Mane|0 fnt\n|faint|p1a: Ting-Lu\n|faint|p1b: Flutter Mane\n|-end|p1b: Flutter Mane|Protosynthesis|[silent]\n|\n|win|Treeckoguy1\n|raw|xxdemoliconxx's rating: 1364 → 1349<\/strong> (-15 for losing)\n|raw|Treeckoguy1's rating: 1458 → 1473<\/strong> (+15 for winning)\n|l|\u2606xxdemoliconxx\n|l| cb-sooner\n|l| Jard13255\n","uploadtime":1681957620,"views":2,"p1id":"xxdemoliconxx","p2id":"treeckoguy1","formatid":"gen9vgc2023regulationc","rating":1349,"private":0,"password":""}