{"id":"gen9vgc2023regulationc-1849376112","p1":"Esspecialy","p2":"Chicaino 2","format":"[Gen 9] VGC 2023 Regulation C","log":"|j|\u2606Esspecialy\n|j|\u2606Chicaino 2\n|t:|1682191604\n|gametype|doubles\n|player|p1|Esspecialy|burglar|1301\n|player|p2|Chicaino 2|gambler|1279\n|teamsize|p1|6\n|teamsize|p2|6\n|gen|9\n|tier|[Gen 9] VGC 2023 Regulation C\n|rated|\n|rule|Species Clause: Limit one of each Pok\u00e9mon\n|rule|Item Clause: Limit one of each item\n|clearpoke\n|poke|p1|Wo-Chien, L50|\n|poke|p1|Chi-Yu, L50|\n|poke|p1|Gholdengo, L50|\n|poke|p1|Maushold, L50|\n|poke|p1|Chien-Pao, L50|\n|poke|p1|Dragonite, L50, M|\n|poke|p2|Breloom, L50, F|\n|poke|p2|Garchomp, L50, F|\n|poke|p2|Hydreigon, L50, F|\n|poke|p2|Arcanine, L50, M|\n|poke|p2|Gholdengo, L50|\n|poke|p2|Murkrow, L50, F|\n|teampreview|4\n|c|\u2606Esspecialy|this looks like a s1 team\n|\n|t:|1682191641\n|start\n|switch|p1a: Chi-Who?|Chi-Yu, L50|100\/100\n|switch|p1b: Chien-Poo|Chien-Pao, L50|100\/100\n|switch|p2a: Arcanine|Arcanine, L50, M|100\/100\n|switch|p2b: Murkrow|Murkrow, L50, F|100\/100\n|-ability|p1a: Chi-Who?|Beads of Ruin\n|-ability|p1b: Chien-Poo|Sword of Ruin\n|-ability|p2a: Arcanine|Intimidate|boost\n|-unboost|p1a: Chi-Who?|atk|1\n|-unboost|p1b: Chien-Poo|atk|1\n|turn|1\n|\n|t:|1682191666\n|move|p2b: Murkrow|Tailwind|p2b: Murkrow\n|-sidestart|p2: Chicaino 2|move: Tailwind\n|move|p2a: Arcanine|Flare Blitz|p1b: Chien-Poo\n|-supereffective|p1b: Chien-Poo\n|-enditem|p1b: Chien-Poo|Focus Sash\n|-damage|p1b: Chien-Poo|1\/100\n|-status|p1b: Chien-Poo|brn\n|-damage|p2a: Arcanine|75\/100|[from] Recoil\n|move|p1a: Chi-Who?|Dark Pulse|p2a: Arcanine\n|-damage|p2a: Arcanine|19\/100\n|-enditem|p2a: Arcanine|Sitrus Berry|[eat]\n|-heal|p2a: Arcanine|44\/100|[from] item: Sitrus Berry\n|move|p1b: Chien-Poo|Ice Spinner|p2b: Murkrow\n|-supereffective|p2b: Murkrow\n|-damage|p2b: Murkrow|60\/100\n|\n|-damage|p1b: Chien-Poo|0 fnt|[from] brn\n|faint|p1b: Chien-Poo\n|upkeep\n|\n|t:|1682191685\n|switch|p1b: Mausmaus|Maushold, L50|100\/100\n|turn|2\n|\n|t:|1682191700\n|move|p1b: Mausmaus|Protect|p1b: Mausmaus\n|-singleturn|p1b: Mausmaus|Protect\n|move|p2b: Murkrow|Taunt|p1b: Mausmaus\n|-activate|p1b: Mausmaus|move: Protect\n|move|p2a: Arcanine|Flare Blitz|p1b: Mausmaus\n|-activate|p1b: Mausmaus|move: Protect\n|move|p1a: Chi-Who?|Dark Pulse|p2a: Arcanine\n|-damage|p2a: Arcanine|0 fnt\n|faint|p2a: Arcanine\n|\n|upkeep\n|\n|t:|1682191706\n|switch|p2a: Garchomp|Garchomp, L50, F|100\/100\n|turn|3\n|\n|t:|1682191717\n|move|p2b: Murkrow|Taunt|p1b: Mausmaus\n|-start|p1b: Mausmaus|move: Taunt\n|move|p2a: Garchomp|Earthquake|p1b: Mausmaus|[spread] p1a,p1b\n|-immune|p2b: Murkrow\n|-supereffective|p1a: Chi-Who?\n|-damage|p1a: Chi-Who?|15\/100\n|-damage|p1b: Mausmaus|38\/100\n|move|p1a: Chi-Who?|Dark Pulse|p2a: Garchomp\n|-damage|p2a: Garchomp|33\/100\n|move|p1b: Mausmaus|Population Bomb|p2b: Murkrow\n|-damage|p2b: Murkrow|51\/100\n|-damage|p2b: Murkrow|44\/100\n|-damage|p2b: Murkrow|35\/100\n|-damage|p2b: Murkrow|27\/100\n|-damage|p2b: Murkrow|19\/100\n|-damage|p2b: Murkrow|11\/100\n|-crit|p2b: Murkrow\n|-damage|p2b: Murkrow|0 fnt\n|faint|p2b: Murkrow\n|-hitcount|p2: Murkrow|7\n|\n|upkeep\n|\n|t:|1682191731\n|switch|p2b: Breloom|Breloom, L50, F|100\/100\n|turn|4\n|\n|t:|1682191743\n|switch|p1a: Salamance|Dragonite, L50, M, shiny|100\/100\n|move|p2b: Breloom|Mach Punch|p1b: Mausmaus\n|-supereffective|p1b: Mausmaus\n|-damage|p1b: Mausmaus|0 fnt\n|faint|p1b: Mausmaus\n|move|p2a: Garchomp|Dragon Claw|p1a: Salamance\n|-supereffective|p1a: Salamance\n|-damage|p1a: Salamance|53\/100\n|\n|-sideend|p2: Chicaino 2|move: Tailwind\n|upkeep\n|\n|t:|1682191748\n|switch|p1b: Chi-Who?|Chi-Yu, L50|15\/100\n|-ability|p1b: Chi-Who?|Beads of Ruin\n|turn|5\n|\n|t:|1682191764\n|-terastallize|p1b: Chi-Who?|Ghost\n|move|p1a: Salamance|Extreme Speed|p2a: Garchomp\n|-damage|p2a: Garchomp|0 fnt\n|-damage|p1a: Salamance|41\/100|[from] ability: Rough Skin|[of] p2a: Garchomp\n|faint|p2a: Garchomp\n|move|p2b: Breloom|Mach Punch|p1b: Chi-Who?\n|-immune|p1b: Chi-Who?\n|move|p1b: Chi-Who?|Heat Wave|p2b: Breloom\n|-supereffective|p2b: Breloom\n|-enditem|p2b: Breloom|Focus Sash\n|-damage|p2b: Breloom|1\/100\n|\n|upkeep\n|turn|6\n|\n|t:|1682191775\n|move|p1a: Salamance|Extreme Speed|p2b: Breloom\n|-damage|p2b: Breloom|0 fnt\n|faint|p2b: Breloom\n|\n|win|Esspecialy\n|raw|Esspecialy's rating: 1301 → 1320<\/strong> (+19 for winning)\n|raw|Chicaino 2's rating: 1279 → 1256<\/strong> (-23 for losing)\n","uploadtime":1682191778,"views":14,"p1id":"esspecialy","p2id":"chicaino2","formatid":"gen9vgc2023regulationc","rating":1256,"private":0,"password":""}