{"id":"gen9vgc2023regulationc-1861795496","p1":"Soooma","p2":"Charlisito","format":"[Gen 9] VGC 2023 Regulation C","log":"|j|\u2606Soooma\n|j|\u2606Charlisito\n|t:|1683809471\n|gametype|doubles\n|player|p1|Soooma|101|1308\n|player|p2|Charlisito|170|1360\n|teamsize|p1|6\n|teamsize|p2|6\n|gen|9\n|tier|[Gen 9] VGC 2023 Regulation C\n|rated|\n|rule|Species Clause: Limit one of each Pok\u00e9mon\n|rule|Item Clause: Limit one of each item\n|clearpoke\n|poke|p1|Staraptor, L50, M|\n|poke|p1|Great Tusk, L50|\n|poke|p1|Talonflame, L50, M|\n|poke|p1|Chi-Yu, L50|\n|poke|p1|Flutter Mane, L50|\n|poke|p1|Annihilape, L50, M|\n|poke|p2|Bellibolt, L50, F|\n|poke|p2|Palafin, L50, M|\n|poke|p2|Arcanine, L50, M|\n|poke|p2|Amoonguss, L50, M|\n|poke|p2|Flutter Mane, L50|\n|poke|p2|Ting-Lu, L50|\n|teampreview|4\n|inactive|Battle timer is ON: inactive players will automatically lose when time's up. (requested by Soooma)\n|\n|t:|1683809499\n|start\n|switch|p1a: Talonflame|Talonflame, L50, M|100\/100\n|switch|p1b: Great Tusk|Great Tusk, L50|100\/100\n|switch|p2a: Bellibolt|Bellibolt, L50, F|100\/100\n|switch|p2b: Palafin|Palafin, L50, M|100\/100\n|turn|1\n|inactive|Soooma has 30 seconds left.\n|\n|t:|1683809532\n|detailschange|p2b: Palafin|Palafin-Hero, L50, M\n|switch|p2b: Arcanine|Arcanine, L50, M|100\/100\n|-ability|p2b: Arcanine|Intimidate|boost\n|-unboost|p1a: Talonflame|atk|1\n|-unboost|p1b: Great Tusk|atk|1\n|-terastallize|p2a: Bellibolt|Grass\n|move|p1a: Talonflame|Tailwind|p1a: Talonflame\n|-sidestart|p1: Soooma|move: Tailwind\n|move|p1b: Great Tusk|Headlong Rush|p2b: Arcanine\n|-supereffective|p2b: Arcanine\n|-damage|p2b: Arcanine|9\/100\n|-unboost|p1b: Great Tusk|def|1\n|-unboost|p1b: Great Tusk|spd|1\n|move|p2a: Bellibolt|Volt Switch|p1a: Talonflame\n|-supereffective|p1a: Talonflame\n|-damage|p1a: Talonflame|34\/100\n|\n|t:|1683809547\n|switch|p2a: Palafin|Palafin-Hero, L50, M|100\/100|[from] Volt Switch\n|-activate|p2a: Palafin|ability: Zero to Hero\n|\n|upkeep\n|turn|2\n|\n|t:|1683809558\n|move|p2b: Arcanine|Extreme Speed|p1b: Great Tusk\n|-damage|p1b: Great Tusk|75\/100\n|move|p2a: Palafin|Jet Punch|p1b: Great Tusk\n|-supereffective|p1b: Great Tusk\n|-damage|p1b: Great Tusk|0 fnt\n|faint|p1b: Great Tusk\n|-end|p1b: Great Tusk|Protosynthesis|[silent]\n|move|p1a: Talonflame|Brave Bird|p2b: Arcanine\n|-crit|p2b: Arcanine\n|-damage|p2b: Arcanine|0 fnt\n|faint|p2b: Arcanine\n|-damage|p1a: Talonflame|31\/100|[from] Recoil\n|\n|upkeep\n|\n|t:|1683809575\n|switch|p2b: Flutter Mane|Flutter Mane, L50|100\/100\n|switch|p1b: Annihilape|Annihilape, L50, M|100\/100\n|-enditem|p2b: Flutter Mane|Booster Energy\n|-activate|p2b: Flutter Mane|ability: Protosynthesis|[fromitem]\n|-start|p2b: Flutter Mane|protosynthesisspa\n|turn|3\n|inactive|Charlisito has 30 seconds left.\n|\n|t:|1683809603\n|-terastallize|p1b: Annihilape|Steel\n|move|p2b: Flutter Mane|Protect|p2b: Flutter Mane\n|-singleturn|p2b: Flutter Mane|Protect\n|move|p2a: Palafin|Jet Punch|p1a: Talonflame\n|-supereffective|p1a: Talonflame\n|-damage|p1a: Talonflame|0 fnt\n|faint|p1a: Talonflame\n|move|p1b: Annihilape|Rage Fist|p2b: Flutter Mane\n|-activate|p2b: Flutter Mane|move: Protect\n|\n|upkeep\n|\n|t:|1683809614\n|switch|p1a: Staraptor|Staraptor, L50, M|100\/100\n|turn|4\n|\n|t:|1683809622\n|move|p2a: Palafin|Protect|p2a: Palafin\n|-singleturn|p2a: Palafin|Protect\n|move|p1a: Staraptor|Brave Bird|p2a: Palafin\n|-activate|p2a: Palafin|move: Protect\n|move|p1b: Annihilape|Rage Fist|p2b: Flutter Mane\n|-supereffective|p2b: Flutter Mane\n|-damage|p2b: Flutter Mane|6\/100\n|move|p2b: Flutter Mane|Moonblast|p1a: Staraptor\n|-damage|p1a: Staraptor|0 fnt\n|faint|p1a: Staraptor\n|\n|-sideend|p1: Soooma|move: Tailwind\n|upkeep\n|turn|5\n|-message|Soooma forfeited.\n|\n|win|Charlisito\n|raw|Soooma's rating: 1308 → 1291<\/strong> (-17 for losing)\n|raw|Charlisito's rating: 1360 → 1377<\/strong> (+17 for winning)\n|player|p1|Soooma|101\n","uploadtime":1683809647,"views":15,"p1id":"soooma","p2id":"charlisito","formatid":"gen9vgc2023regulationc","rating":1291,"private":0,"password":""}