{"id":"gen9vgc2023regulationc-1854355275","p1":"mgthrn","p2":"Otark","format":"[Gen 9] VGC 2023 Regulation C","log":"|j|\u2606mgthrn\n|j|\u2606Otark\n|t:|1682800692\n|gametype|doubles\n|player|p1|mgthrn|#stt4toxicboys|\n|player|p2|Otark|lucas|\n|teamsize|p1|6\n|teamsize|p2|6\n|gen|9\n|tier|[Gen 9] VGC 2023 Regulation C\n|rule|Species Clause: Limit one of each Pok\u00e9mon\n|rule|Item Clause: Limit one of each item\n|clearpoke\n|poke|p1|Ting-Lu, L50|\n|poke|p1|Maushold-Four, L50|\n|poke|p1|Annihilape, L50, M|\n|poke|p1|Dragonite, L50, M|\n|poke|p1|Chien-Pao, L50|\n|poke|p1|Flutter Mane, L50|\n|poke|p2|Palafin, L50, F|\n|poke|p2|Flutter Mane, L50|\n|poke|p2|Arcanine, L50, M|\n|poke|p2|Ting-Lu, L50|\n|poke|p2|Amoonguss, L50, F|\n|poke|p2|Kingambit, L50, M|\n|teampreview|4\n|c|\u2606Otark|g1\nOtark has agreed to open team sheets.\n|c|\u2606mgthrn|g1\nmgthrn has agreed to open team sheets.\n|c|\u2606mgthrn|tu peux chall pour les autres stp ?\n|c|\u2606Otark|Yes\n|c|\u2606Otark|J'ai chall la 2\u00e8me l\u00e0\n|c|\u2606mgthrn|hf\n|j| Masskeauuu\n|j| crowlignt\n|j| joaofelixsimp\n|c|\u2606Otark|gl hf\n|l| joaofelixsimp\n|j| MarioReLSD\n|j| joaofelixsimp\n|j| Tricepso\n|j| fifou slayer\n|\n|t:|1682800936\n|start\n|switch|p1a: Flutter Mane|Flutter Mane, L50|100\/100\n|switch|p1b: Maushold|Maushold-Four, L50|100\/100\n|switch|p2a: Amoonguss|Amoonguss, L50, F|100\/100\n|switch|p2b: Palafin|Palafin, L50, F|100\/100\n|turn|1\n|\n|t:|1682800955\n|detailschange|p2b: Palafin|Palafin-Hero, L50, F\n|switch|p2b: Kingambit|Kingambit, L50, M|100\/100\n|move|p1a: Flutter Mane|Substitute|p1a: Flutter Mane\n|-start|p1a: Flutter Mane|Substitute\n|-damage|p1a: Flutter Mane|76\/100\n|move|p1b: Maushold|Super Fang|p2a: Amoonguss\n|-damage|p2a: Amoonguss|51\/100\n|-damage|p1b: Maushold|84\/100|[from] item: Rocky Helmet|[of] p2a: Amoonguss\n|move|p2a: Amoonguss|Spore||[still]\n|-fail|p2a: Amoonguss\n|\n|upkeep\n|turn|2\n|j| Heika\n|c| Heika|damn duel de tboys\n|\n|t:|1682800993\n|move|p1b: Maushold|Follow Me|p1b: Maushold\n|-singleturn|p1b: Maushold|move: Follow Me\n|move|p2a: Amoonguss|Rage Powder|p2a: Amoonguss\n|-singleturn|p2a: Amoonguss|move: Rage Powder\n|move|p1a: Flutter Mane|Shadow Ball|p2a: Amoonguss\n|-damage|p2a: Amoonguss|9\/100\n|-damage|p1a: Flutter Mane|67\/100|[from] item: Life Orb\n|move|p2b: Kingambit|Kowtow Cleave|p1b: Maushold\n|-crit|p1b: Maushold\n|-damage|p1b: Maushold|0 fnt\n|faint|p1b: Maushold\n|\n|upkeep\n|\n|t:|1682801015\n|switch|p1b: Dragonite|Dragonite, L50, M|100\/100\n|turn|3\n|\n|t:|1682801044\n|-terastallize|p1a: Flutter Mane|Fairy\n|move|p2a: Amoonguss|Protect|p2a: Amoonguss\n|-singleturn|p2a: Amoonguss|Protect\n|move|p1b: Dragonite|Extreme Speed|p2a: Amoonguss\n|-activate|p2a: Amoonguss|move: Protect\n|move|p2b: Kingambit|Sucker Punch||[still]\n|-fail|p2b: Kingambit\n|move|p1a: Flutter Mane|Moonblast|p2b: Kingambit\n|-damage|p2b: Kingambit|25\/100\n|-damage|p1a: Flutter Mane|57\/100|[from] item: Life Orb\n|\n|upkeep\n|turn|4\n|\n|t:|1682801097\n|switch|p2a: Flutter Mane|Flutter Mane, L50|100\/100\n|-enditem|p2a: Flutter Mane|Booster Energy\n|-activate|p2a: Flutter Mane|ability: Protosynthesis|[fromitem]\n|-start|p2a: Flutter Mane|protosynthesisspa\n|move|p1b: Dragonite|Extreme Speed|p2a: Flutter Mane\n|-immune|p2a: Flutter Mane\n|move|p2b: Kingambit|Sucker Punch|p1a: Flutter Mane\n|-resisted|p1a: Flutter Mane\n|-end|p1a: Flutter Mane|Substitute\n|move|p1a: Flutter Mane|Moonblast|p2b: Kingambit\n|-crit|p2b: Kingambit\n|-damage|p2b: Kingambit|0 fnt\n|faint|p2b: Kingambit\n|-damage|p1a: Flutter Mane|48\/100|[from] item: Life Orb\n|\n|upkeep\n|\n|t:|1682801122\n|switch|p2b: Palafin|Palafin-Hero, L50, F|100\/100\n|-activate|p2b: Palafin|ability: Zero to Hero\n|turn|5\n|\n|t:|1682801182\n|-terastallize|p2a: Flutter Mane|Fairy\n|move|p1b: Dragonite|Extreme Speed|p2b: Palafin\n|-damage|p2b: Palafin|72\/100\n|move|p2b: Palafin|Jet Punch|p1a: Flutter Mane\n|-damage|p1a: Flutter Mane|0 fnt\n|faint|p1a: Flutter Mane\n|-end|p1a: Flutter Mane|Protosynthesis|[silent]\n|move|p2a: Flutter Mane|Moonblast|p1b: Dragonite\n|-supereffective|p1b: Dragonite\n|-damage|p1b: Dragonite|0 fnt\n|faint|p1b: Dragonite\n|\n|upkeep\n|j| Herv Zero to Hero\n|\n|t:|1682801189\n|switch|p1b: Chien-Pao|Chien-Pao, L50|100\/100\n|-ability|p1b: Chien-Pao|Sword of Ruin\n|turn|6\n|j| RoiDadadou\n|\n|t:|1682801200\n|move|p1b: Chien-Pao|Throat Chop|p2b: Palafin\n|-damage|p2b: Palafin|27\/100\n|-start|p2b: Palafin|Throat Chop|[silent]\n|move|p2a: Flutter Mane|Moonblast|p1b: Chien-Pao\n|-supereffective|p1b: Chien-Pao\n|-enditem|p1b: Chien-Pao|Focus Sash\n|-damage|p1b: Chien-Pao|1\/100\n|-unboost|p1b: Chien-Pao|spa|1\n|move|p2b: Palafin|Wave Crash|p1b: Chien-Pao\n|-damage|p1b: Chien-Pao|0 fnt\n|faint|p1b: Chien-Pao\n|-damage|p2b: Palafin|27\/100|[from] Recoil\n|\n|win|Otark\n|c|\u2606Otark|gg\n|l| Tricepso\n|c|\u2606mgthrn|gg\n|j| Astreau\n|l| Astreau\n|l| crowlignt\n|l| Masskeauuu\n|l| RoiDadadou\n|j| AzZoCcX\n|j| Gelbel3c\n|l| Gelbel3c\n|l| fifou slayer\n|l| Heika\n|l| joaofelixsimp\n|l|\u2606mgthrn\n|l| MarioReLSD\n","uploadtime":1682801210,"views":21,"p1id":"mgthrn","p2id":"otark","formatid":"gen9vgc2023regulationc","rating":0,"private":0,"password":""}