{"id":"gen9vgc2023regulationc-1855143318","p1":"thrillcorner","p2":"a9vv","format":"[Gen 9] VGC 2023 Regulation C","log":"|j|\u2606thrillcorner\n|j|\u2606a9vv\n|t:|1682906568\n|gametype|doubles\n|player|p1|thrillcorner|red-masters2|1128\n|player|p2|a9vv|265|1202\n|teamsize|p1|6\n|teamsize|p2|6\n|gen|9\n|tier|[Gen 9] VGC 2023 Regulation C\n|rated|\n|rule|Species Clause: Limit one of each Pok\u00e9mon\n|rule|Item Clause: Limit one of each item\n|clearpoke\n|poke|p1|Arcanine, L50, F|\n|poke|p1|Amoonguss, L50, M|\n|poke|p1|Kingambit, L50, F|\n|poke|p1|Flutter Mane, L50|\n|poke|p1|Ting-Lu, L50|\n|poke|p1|Palafin, L50, M|\n|poke|p2|Amoonguss, L50, F|\n|poke|p2|Flutter Mane, L50|\n|poke|p2|Iron Bundle, L50|\n|poke|p2|Chien-Pao, L50|\n|poke|p2|Great Tusk, L50|\n|poke|p2|Arcanine, L50, F|\n|teampreview|4\n|\n|t:|1682906627\n|start\n|switch|p1a: Willow|Flutter Mane, L50|100\/100\n|switch|p1b: Blueshido|Kingambit, L50, F, shiny|100\/100\n|switch|p2a: Iron Bundle|Iron Bundle, L50|100\/100\n|switch|p2b: Flutter Mane|Flutter Mane, L50|100\/100\n|-enditem|p2a: Iron Bundle|Booster Energy\n|-activate|p2a: Iron Bundle|ability: Quark Drive|[fromitem]\n|-start|p2a: Iron Bundle|quarkdrivespe\n|turn|1\n|\n|t:|1682906656\n|-end|p1a: Willow|Protosynthesis|[silent]\n|switch|p1a: Spordyceps|Amoonguss, L50, M|100\/100\n|move|p2a: Iron Bundle|Hydro Pump|p1a: Spordyceps\n|-resisted|p1a: Spordyceps\n|-damage|p1a: Spordyceps|76\/100\n|move|p2b: Flutter Mane|Shadow Ball|p1a: Spordyceps\n|-damage|p1a: Spordyceps|41\/100\n|-enditem|p1a: Spordyceps|Sitrus Berry|[eat]\n|-heal|p1a: Spordyceps|66\/100|[from] item: Sitrus Berry\n|move|p1b: Blueshido|Swords Dance|p1b: Blueshido\n|-boost|p1b: Blueshido|atk|2\n|\n|upkeep\n|turn|2\n|\n|t:|1682906680\n|move|p1a: Spordyceps|Protect|p1a: Spordyceps\n|-singleturn|p1a: Spordyceps|Protect\n|move|p1b: Blueshido|Sucker Punch|p2a: Iron Bundle\n|-damage|p2a: Iron Bundle|0 fnt\n|faint|p2a: Iron Bundle\n|-end|p2a: Iron Bundle|Quark Drive|[silent]\n|move|p2b: Flutter Mane|Mystical Fire|p1b: Blueshido\n|-supereffective|p1b: Blueshido\n|-damage|p1b: Blueshido|44\/100\n|-unboost|p1b: Blueshido|spa|1\n|-ability|p1b: Blueshido|Defiant|boost\n|-boost|p1b: Blueshido|atk|2\n|\n|upkeep\n|\n|t:|1682906694\n|switch|p2a: Great Tusk|Great Tusk, L50|100\/100\n|turn|3\n|\n|t:|1682906740\n|-terastallize|p2b: Flutter Mane|Fairy\n|move|p1b: Blueshido|Protect|p1b: Blueshido\n|-singleturn|p1b: Blueshido|Protect\n|move|p2b: Flutter Mane|Dazzling Gleam|p1a: Spordyceps|[spread] p1a\n|-activate|p1b: Blueshido|move: Protect\n|-resisted|p1a: Spordyceps\n|-damage|p1a: Spordyceps|48\/100\n|move|p2a: Great Tusk|Ice Spinner|p1a: Spordyceps\n|-supereffective|p1a: Spordyceps\n|-damage|p1a: Spordyceps|0 fnt\n|faint|p1a: Spordyceps\n|\n|upkeep\n|\n|t:|1682906753\n|switch|p1a: Ripley|Arcanine, L50, F|100\/100\n|-ability|p1a: Ripley|Intimidate|boost\n|-unboost|p2a: Great Tusk|atk|1\n|-unboost|p2b: Flutter Mane|atk|1\n|turn|4\n|\n|t:|1682906767\n|-end|p2a: Great Tusk|Protosynthesis|[silent]\n|switch|p2a: Amoonguss|Amoonguss, L50, F|100\/100\n|move|p1b: Blueshido|Sucker Punch|p2b: Flutter Mane\n|-resisted|p2b: Flutter Mane\n|-enditem|p2b: Flutter Mane|Focus Sash\n|-damage|p2b: Flutter Mane|1\/100\n|move|p2b: Flutter Mane|Mystical Fire|p1b: Blueshido\n|-supereffective|p1b: Blueshido\n|-crit|p1b: Blueshido\n|-damage|p1b: Blueshido|0 fnt\n|faint|p1b: Blueshido\n|move|p1a: Ripley|Will-O-Wisp|p2a: Amoonguss\n|-status|p2a: Amoonguss|brn\n|\n|-damage|p2a: Amoonguss|95\/100 brn|[from] brn\n|upkeep\n|\n|t:|1682906781\n|switch|p1b: Willow|Flutter Mane, L50|100\/100\n|turn|5\n|\n|t:|1682906801\n|-terastallize|p1b: Willow|Fairy\n|move|p2b: Flutter Mane|Shadow Ball|p1a: Ripley\n|-damage|p1a: Ripley|59\/100\n|move|p1b: Willow|Dazzling Gleam|p2a: Amoonguss|[spread] p2a,p2b\n|-resisted|p2a: Amoonguss\n|-crit|p2b: Flutter Mane\n|-damage|p2a: Amoonguss|69\/100 brn\n|-damage|p2b: Flutter Mane|0 fnt\n|faint|p2b: Flutter Mane\n|-end|p2b: Flutter Mane|Protosynthesis|[silent]\n|move|p1a: Ripley|Flare Blitz|p2a: Amoonguss\n|-supereffective|p2a: Amoonguss\n|-damage|p2a: Amoonguss|0 fnt\n|faint|p2a: Amoonguss\n|-damage|p1a: Ripley|33\/100|[from] Recoil\n|\n|upkeep\n|\n|t:|1682906818\n|switch|p2b: Great Tusk|Great Tusk, L50|100\/100\n|turn|6\n|\n|t:|1682906835\n|move|p1b: Willow|Dazzling Gleam|p2b: Great Tusk\n|-supereffective|p2b: Great Tusk\n|-damage|p2b: Great Tusk|0 fnt\n|faint|p2b: Great Tusk\n|-end|p2b: Great Tusk|Protosynthesis|[silent]\n|\n|win|thrillcorner\n|raw|thrillcorner's rating: 1128 → 1158<\/strong> (+30 for winning)\n|raw|a9vv's rating: 1202 → 1172<\/strong> (-30 for losing)\n|c|\u2606thrillcorner|gg\n|l|\u2606a9vv\n","uploadtime":1682906845,"views":33,"p1id":"thrillcorner","p2id":"a9vv","formatid":"gen9vgc2023regulationc","rating":1158,"private":0,"password":""}