{"id":"gen9vgc2023regulationc-1849317022","p1":"Geradifdorudini","p2":"RIP Shorter","format":"[Gen 9] VGC 2023 Regulation C","log":"|j|\u2606Geradifdorudini\n|j|\u2606RIP Shorter\n|t:|1682185176\n|gametype|doubles\n|player|p1|Geradifdorudini|skyla|1128\n|player|p2|RIP Shorter|az|1111\n|teamsize|p1|6\n|teamsize|p2|6\n|gen|9\n|tier|[Gen 9] VGC 2023 Regulation C\n|rated|\n|rule|Species Clause: Limit one of each Pok\u00e9mon\n|rule|Item Clause: Limit one of each item\n|clearpoke\n|poke|p1|Chien-Pao, L50|\n|poke|p1|Dragapult, L50, F|\n|poke|p1|Volcarona, L50, M|\n|poke|p1|Flutter Mane, L50|\n|poke|p1|Azumarill, L50, F|\n|poke|p1|Amoonguss, L50, M|\n|poke|p2|Torkoal, L50, F|\n|poke|p2|Indeedee-F, L50, F|\n|poke|p2|Hatterene, L50, F|\n|poke|p2|Arboliva, L50, M|\n|poke|p2|Oranguru, L50, F|\n|poke|p2|Great Tusk, L50|\n|teampreview|4\n|inactive|Battle timer is ON: inactive players will automatically lose when time's up. (requested by RIP Shorter)\n|inactive|RIP Shorter has 60 seconds left.\nGeradifdorudini rejected open team sheets.\n|\n|t:|1682185219\n|start\n|switch|p1a: Flutter Mane|Flutter Mane, L50|100\/100\n|switch|p1b: Volcarona|Volcarona, L50, M|100\/100\n|switch|p2a: Arboliva|Arboliva, L50, M|100\/100\n|switch|p2b: Oranguru|Oranguru, L50, F|100\/100\n|-enditem|p1a: Flutter Mane|Booster Energy\n|-activate|p1a: Flutter Mane|ability: Protosynthesis|[fromitem]\n|-start|p1a: Flutter Mane|protosynthesisspe\n|turn|1\n|inactive|RIP Shorter has 30 seconds left.\n|inactive|RIP Shorter has 20 seconds left.\n|\n|t:|1682185257\n|move|p1a: Flutter Mane|Protect|p1a: Flutter Mane\n|-singleturn|p1a: Flutter Mane|Protect\n|move|p2a: Arboliva|Protect|p2a: Arboliva\n|-singleturn|p2a: Arboliva|Protect\n|move|p1b: Volcarona|Quiver Dance|p1b: Volcarona\n|-boost|p1b: Volcarona|spa|1\n|-boost|p1b: Volcarona|spd|1\n|-boost|p1b: Volcarona|spe|1\n|move|p2b: Oranguru|Trick Room|p2b: Oranguru\n|-fieldstart|move: Trick Room|[of] p2b: Oranguru\n|\n|upkeep\n|turn|2\n|\n|t:|1682185276\n|move|p2a: Arboliva|Energy Ball|p1a: Flutter Mane\n|-damage|p1a: Flutter Mane|44\/100\n|-damage|p2a: Arboliva|91\/100|[from] item: Life Orb\n|move|p2b: Oranguru|Yawn|p1b: Volcarona\n|-start|p1b: Volcarona|move: Yawn|[of] p2b: Oranguru\n|move|p1b: Volcarona|Heat Wave|p2a: Arboliva|[spread] p2a\n|-miss|p1b: Volcarona|p2b: Oranguru\n|-supereffective|p2a: Arboliva\n|-damage|p2a: Arboliva|3\/100\n|-status|p2a: Arboliva|brn\n|-fieldstart|move: Grassy Terrain|[from] ability: Seed Sower|[of] p2a: Arboliva\n|move|p1a: Flutter Mane|Dazzling Gleam|p2b: Oranguru|[spread] p2a,p2b\n|-damage|p2a: Arboliva|0 fnt\n|-damage|p2b: Oranguru|78\/100\n|faint|p2a: Arboliva\n|\n|-heal|p2b: Oranguru|84\/100|[from] Grassy Terrain\n|-heal|p1a: Flutter Mane|50\/100|[from] Grassy Terrain\n|upkeep\n|\n|t:|1682185298\n|switch|p2a: Torkoal|Torkoal, L50, F|100\/100\n|-weather|SunnyDay|[from] ability: Drought|[of] p2a: Torkoal\n|turn|3\n|\n|t:|1682185317\n|-terastallize|p2a: Torkoal|Fire\n|-terastallize|p1b: Volcarona|Water\n|move|p1a: Flutter Mane|Protect|p1a: Flutter Mane\n|-singleturn|p1a: Flutter Mane|Protect\n|move|p2a: Torkoal|Eruption|p1b: Volcarona|[spread] p1b\n|-activate|p1a: Flutter Mane|move: Protect\n|-resisted|p1b: Volcarona\n|-damage|p1b: Volcarona|67\/100\n|move|p2b: Oranguru|Instruct|p2a: Torkoal\n|-singleturn|p2a: Torkoal|move: Instruct|[of] p2b: Oranguru\n|move|p2a: Torkoal|Eruption|p1a: Flutter Mane|[spread] p1b\n|-activate|p1a: Flutter Mane|move: Protect\n|-resisted|p1b: Volcarona\n|-damage|p1b: Volcarona|31\/100\n|move|p1b: Volcarona|Heat Wave|p2a: Torkoal|[spread] p2a,p2b\n|-resisted|p2a: Torkoal\n|-damage|p2a: Torkoal|53\/100\n|-damage|p2b: Oranguru|35\/100\n|-status|p2b: Oranguru|brn\n|\n|-weather|SunnyDay|[upkeep]\n|-heal|p2a: Torkoal|59\/100|[from] Grassy Terrain\n|-heal|p2b: Oranguru|41\/100 brn|[from] Grassy Terrain\n|-heal|p1b: Volcarona|37\/100|[from] Grassy Terrain\n|-heal|p1b: Volcarona|43\/100|[from] item: Leftovers\n|-heal|p1a: Flutter Mane|56\/100|[from] Grassy Terrain\n|-damage|p2b: Oranguru|35\/100 brn|[from] brn\n|-end|p1b: Volcarona|move: Yawn|[silent]\n|-status|p1b: Volcarona|slp\n|upkeep\n|turn|4\n|inactive|Geradifdorudini has 30 seconds left.\n|inactive|RIP Shorter has 30 seconds left.\n|inactive|Geradifdorudini has 20 seconds left.\n|inactive|RIP Shorter has 20 seconds left.\n|inactive|Geradifdorudini has 15 seconds left.\n|\n|t:|1682185361\n|cant|p1b: Volcarona|slp\n|move|p2a: Torkoal|Eruption|p1b: Volcarona|[spread] p1a,p1b\n|-resisted|p1b: Volcarona\n|-damage|p1a: Flutter Mane|0 fnt\n|-damage|p1b: Volcarona|24\/100 slp\n|faint|p1a: Flutter Mane\n|-end|p1a: Flutter Mane|Protosynthesis|[silent]\n|move|p2b: Oranguru|Instruct|p2a: Torkoal\n|-singleturn|p2a: Torkoal|move: Instruct|[of] p2b: Oranguru\n|move|p2a: Torkoal|Eruption|p1b: Volcarona\n|-resisted|p1b: Volcarona\n|-damage|p1b: Volcarona|0 fnt\n|faint|p1b: Volcarona\n|\n|-weather|SunnyDay|[upkeep]\n|-heal|p2a: Torkoal|65\/100|[from] Grassy Terrain\n|-heal|p2b: Oranguru|41\/100 brn|[from] Grassy Terrain\n|-damage|p2b: Oranguru|35\/100 brn|[from] brn\n|upkeep\n|\n|t:|1682185367\n|switch|p1b: Chien-Pao|Chien-Pao, L50|100\/100\n|switch|p1a: Dragapult|Dragapult, L50, F|100\/100\n|-ability|p1b: Chien-Pao|Sword of Ruin\n|turn|5\n|\n|t:|1682185385\n|move|p1b: Chien-Pao|Protect|p1b: Chien-Pao\n|-singleturn|p1b: Chien-Pao|Protect\n|move|p1a: Dragapult|Protect|p1a: Dragapult\n|-singleturn|p1a: Dragapult|Protect\n|move|p2a: Torkoal|Eruption|p1b: Chien-Pao|[spread] \n|-activate|p1a: Dragapult|move: Protect\n|-activate|p1b: Chien-Pao|move: Protect\n|move|p2b: Oranguru|Instruct|p2a: Torkoal\n|-singleturn|p2a: Torkoal|move: Instruct|[of] p2b: Oranguru\n|move|p2a: Torkoal|Eruption|p1a: Dragapult|[spread] \n|-activate|p1a: Dragapult|move: Protect\n|-activate|p1b: Chien-Pao|move: Protect\n|\n|-weather|SunnyDay|[upkeep]\n|-heal|p2a: Torkoal|72\/100|[from] Grassy Terrain\n|-heal|p2b: Oranguru|41\/100 brn|[from] Grassy Terrain\n|-damage|p2b: Oranguru|35\/100 brn|[from] brn\n|-fieldend|move: Trick Room\n|upkeep\n|turn|6\n|inactive|Geradifdorudini has 30 seconds left.\n|\n|t:|1682185416\n|move|p1a: Dragapult|Dragon Darts|p2b: Oranguru\n|-damage|p2b: Oranguru|0 fnt\n|-anim|p1a: Dragapult|Dragon Darts|p2a: Torkoal\n|-damage|p2a: Torkoal|37\/100\n|faint|p2b: Oranguru\n|-damage|p1a: Dragapult|91\/100|[from] item: Life Orb\n|move|p1b: Chien-Pao|Sacred Sword|p2a: Torkoal\n|-damage|p2a: Torkoal|7\/100\n|move|p2a: Torkoal|Eruption|p1b: Chien-Pao|[spread] p1a,p1b\n|-resisted|p1a: Dragapult\n|-supereffective|p1b: Chien-Pao\n|-damage|p1a: Dragapult|86\/100\n|-damage|p1b: Chien-Pao|72\/100\n|\n|-weather|SunnyDay|[upkeep]\n|-heal|p1a: Dragapult|92\/100|[from] Grassy Terrain\n|-heal|p1b: Chien-Pao|78\/100|[from] Grassy Terrain\n|-heal|p2a: Torkoal|13\/100|[from] Grassy Terrain\n|-fieldend|move: Grassy Terrain\n|upkeep\n|\n|t:|1682185421\n|switch|p2b: Hatterene|Hatterene, L50, F|100\/100\n|turn|7\n|inactive|Geradifdorudini has 30 seconds left.\n|\n|t:|1682185452\n|move|p1a: Dragapult|Phantom Force||[still]\n|-prepare|p1a: Dragapult|Phantom Force\n|move|p1b: Chien-Pao|Ice Spinner|p2b: Hatterene\n|-damage|p2b: Hatterene|42\/100\n|move|p2b: Hatterene|Dazzling Gleam|p1b: Chien-Pao|[spread] p1b\n|-miss|p2b: Hatterene|p1a: Dragapult\n|-supereffective|p1b: Chien-Pao\n|-damage|p1b: Chien-Pao|0 fnt\n|faint|p1b: Chien-Pao\n|move|p2a: Torkoal|Heat Wave|p1a: Dragapult|[miss]\n|-miss|p2a: Torkoal|p1a: Dragapult\n|\n|-weather|none\n|upkeep\n|turn|8\n|\n|t:|1682185473\n|move|p1a: Dragapult|Phantom Force|p2b: Hatterene|[from]lockedmove\n|-supereffective|p2b: Hatterene\n|-damage|p2b: Hatterene|0 fnt\n|faint|p2b: Hatterene\n|-damage|p1a: Dragapult|82\/100|[from] item: Life Orb\n|move|p2a: Torkoal|Earth Power|p1a: Dragapult\n|-damage|p1a: Dragapult|46\/100\n|\n|upkeep\n|turn|9\n|-message|RIP Shorter forfeited.\n|\n|win|Geradifdorudini\n|raw|Geradifdorudini's rating: 1128 → 1152<\/strong> (+24 for winning)\n|raw|RIP Shorter's rating: 1111 → 1087<\/strong> (-24 for losing)\n|l|\u2606RIP Shorter\n","uploadtime":1682185490,"views":4,"p1id":"geradifdorudini","p2id":"ripshorter","formatid":"gen9vgc2023regulationc","rating":1087,"private":0,"password":""}