{"id":"gen9vgc2023regulationc-1864232969","p1":"aiihop","p2":"NoDynaNoParty","format":"[Gen 9] VGC 2023 Regulation C","log":"|j|\u2606aiihop\n|j|\u2606NoDynaNoParty\n|t:|1684141511\n|gametype|doubles\n|player|p1|aiihop|170|\n|player|p2|NoDynaNoParty|teamrocket|\n|teamsize|p1|6\n|teamsize|p2|6\n|gen|9\n|tier|[Gen 9] VGC 2023 Regulation C\n|rated|Tournament battle\n|rule|Species Clause: Limit one of each Pok\u00e9mon\n|rule|Item Clause: Limit one of each item\n|clearpoke\n|poke|p1|Wo-Chien, L50|\n|poke|p1|Glimmora, L50, F|\n|poke|p1|Gastrodon, L50, F|\n|poke|p1|Talonflame, L50, F|\n|poke|p1|Iron Bundle, L50|\n|poke|p1|Iron Valiant, L50|\n|poke|p2|Annihilape, L50, M|\n|poke|p2|Maushold-Four, L50|\n|poke|p2|Arcanine, L50, M|\n|poke|p2|Iron Bundle, L50|\n|poke|p2|Roaring Moon, L50|\n|poke|p2|Gholdengo, L50|\n|teampreview|4\nNoDynaNoParty has agreed to open team sheets.\n|j| WallyTryHard\n|l| WallyTryHard\naiihop has agreed to open team sheets.\n|j| yungwasser\n|inactive|Battle timer is ON: inactive players will automatically lose when time's up. (requested by NoDynaNoParty)\n|\n|t:|1684141608\n|start\n|switch|p1a: Wo-Chien|Wo-Chien, L50|100\/100\n|switch|p1b: Glimmora|Glimmora, L50, F|100\/100\n|switch|p2a: Gholdengo|Gholdengo, L50|100\/100\n|switch|p2b: Maushold|Maushold-Four, L50|100\/100\n|-ability|p1a: Wo-Chien|Tablets of Ruin\n|turn|1\n|inactive|aiihop has 30 seconds left.\n|inactive|NoDynaNoParty has 30 seconds left.\n|\n|t:|1684141640\n|move|p2b: Maushold|Follow Me|p2b: Maushold\n|-singleturn|p2b: Maushold|move: Follow Me\n|move|p1b: Glimmora|Power Gem|p2b: Maushold\n|-damage|p2b: Maushold|59\/100\n|move|p2a: Gholdengo|Nasty Plot|p2a: Gholdengo\n|-boost|p2a: Gholdengo|spa|2\n|move|p1a: Wo-Chien|Leech Seed|p2b: Maushold\n|-start|p2b: Maushold|move: Leech Seed\n|\n|-damage|p2b: Maushold|47\/100|[from] Leech Seed|[of] p1a: Wo-Chien\n|upkeep\n|turn|2\n|\n|t:|1684141660\n|switch|p2b: Iron Bundle|Iron Bundle, L50|100\/100\n|move|p1b: Glimmora|Earth Power|p2a: Gholdengo\n|-supereffective|p2a: Gholdengo\n|-damage|p2a: Gholdengo|50\/100\n|-unboost|p2a: Gholdengo|spd|1\n|move|p2a: Gholdengo|Nasty Plot|p2a: Gholdengo\n|-boost|p2a: Gholdengo|spa|2\n|move|p1a: Wo-Chien|Foul Play|p2a: Gholdengo\n|-supereffective|p2a: Gholdengo\n|-damage|p2a: Gholdengo|22\/100\n|\n|-heal|p2a: Gholdengo|29\/100|[from] item: Leftovers\n|upkeep\n|turn|3\n|j| galnaxo\n|inactive|aiihop has 30 seconds left.\n|inactive|NoDynaNoParty has 30 seconds left.\n|inactive|NoDynaNoParty has 20 seconds left.\n|j| jaydee97\n|inactive|NoDynaNoParty has 15 seconds left.\n|\n|t:|1684141702\n|move|p1a: Wo-Chien|Protect|p1a: Wo-Chien\n|-singleturn|p1a: Wo-Chien|Protect\n|move|p2b: Iron Bundle|Icy Wind|p1a: Wo-Chien|[spread] p1b\n|-activate|p1a: Wo-Chien|move: Protect\n|-damage|p1b: Glimmora|89\/100\n|-unboost|p1b: Glimmora|spe|1\n|move|p2a: Gholdengo|Make It Rain|p1b: Glimmora|[spread] p1b\n|-activate|p1a: Wo-Chien|move: Protect\n|-supereffective|p1b: Glimmora\n|-damage|p1b: Glimmora|0 fnt\n|-unboost|p2a: Gholdengo|spa|1\n|faint|p1b: Glimmora\n|\n|-heal|p2a: Gholdengo|35\/100|[from] item: Leftovers\n|upkeep\n|l| jaydee97\n|\n|t:|1684141723\n|switch|p1b: Gastrodon|Gastrodon, L50, F|100\/100\n|turn|4\n|inactive|aiihop has 30 seconds left.\n|\n|t:|1684141749\n|move|p2a: Gholdengo|Protect|p2a: Gholdengo\n|-singleturn|p2a: Gholdengo|Protect\n|move|p2b: Iron Bundle|Encore|p1a: Wo-Chien\n|-start|p1a: Wo-Chien|Encore\n|move|p1a: Wo-Chien|Protect|p1a: Wo-Chien\n|-singleturn|p1a: Wo-Chien|Protect\n|move|p1b: Gastrodon|Muddy Water|p2a: Gholdengo|[spread] \n|-activate|p2a: Gholdengo|move: Protect\n|-miss|p1b: Gastrodon|p2b: Iron Bundle\n|\n|-heal|p2a: Gholdengo|41\/100|[from] item: Leftovers\n|upkeep\n|turn|5\n|\n|t:|1684141774\n|move|p1a: Wo-Chien|Protect|p1a: Wo-Chien\n|-singleturn|p1a: Wo-Chien|Protect\n|move|p2b: Iron Bundle|Freeze-Dry|p1b: Gastrodon\n|-supereffective|p1b: Gastrodon\n|-damage|p1b: Gastrodon|1\/100\n|move|p2a: Gholdengo|Shadow Ball|p1b: Gastrodon\n|-damage|p1b: Gastrodon|0 fnt\n|faint|p1b: Gastrodon\n|\n|-heal|p2a: Gholdengo|47\/100|[from] item: Leftovers\n|upkeep\n|\n|t:|1684141785\n|switch|p1b: Iron Bundle|Iron Bundle, L50|100\/100\n|-enditem|p1b: Iron Bundle|Booster Energy\n|-activate|p1b: Iron Bundle|ability: Quark Drive|[fromitem]\n|-start|p1b: Iron Bundle|quarkdrivespe\n|turn|6\n|inactive|NoDynaNoParty has 30 seconds left.\n|\n|t:|1684141812\n|-terastallize|p1b: Iron Bundle|Ghost\n|move|p1a: Wo-Chien|Protect||[still]\n|-fail|p1a: Wo-Chien\n|move|p1b: Iron Bundle|Freeze-Dry|p2b: Iron Bundle\n|-damage|p2b: Iron Bundle|40\/100\n|move|p2b: Iron Bundle|Freeze-Dry|p1b: Iron Bundle\n|-damage|p1b: Iron Bundle|46\/100\n|move|p2a: Gholdengo|Make It Rain|p1b: Iron Bundle|[spread] p1a,p1b\n|-damage|p1a: Wo-Chien|24\/100\n|-damage|p1b: Iron Bundle|0 fnt\n|-unboost|p2a: Gholdengo|spa|1\n|faint|p1b: Iron Bundle\n|-end|p1b: Iron Bundle|Quark Drive|[silent]\n|\n|-heal|p2a: Gholdengo|54\/100|[from] item: Leftovers\n|-heal|p1a: Wo-Chien|30\/100|[from] item: Leftovers\n|-end|p1a: Wo-Chien|Encore\n|upkeep\n|turn|7\n|\n|t:|1684141830\n|move|p1a: Wo-Chien|Protect|p1a: Wo-Chien\n|-singleturn|p1a: Wo-Chien|Protect\n|move|p2b: Iron Bundle|Encore|p1a: Wo-Chien\n|-activate|p1a: Wo-Chien|move: Protect\n|move|p2a: Gholdengo|Shadow Ball|p1a: Wo-Chien\n|-activate|p1a: Wo-Chien|move: Protect\n|\n|-heal|p2a: Gholdengo|60\/100|[from] item: Leftovers\n|-heal|p1a: Wo-Chien|36\/100|[from] item: Leftovers\n|upkeep\n|turn|8\n|\n|t:|1684141841\n|move|p2b: Iron Bundle|Encore|p1a: Wo-Chien\n|-start|p1a: Wo-Chien|Encore\n|move|p2a: Gholdengo|Make It Rain|p1a: Wo-Chien\n|-damage|p1a: Wo-Chien|0 fnt\n|-unboost|p2a: Gholdengo|spa|1\n|faint|p1a: Wo-Chien\n|\n|win|NoDynaNoParty\n|n|\u2606aiihop|aiihop\n|n|\u2606NoDynaNoParty|nodynanoparty\n|n| yungwasser|yungwasser\n|n| galnaxo|galnaxo\n|c|\u2606aiihop|gg\n|c|\u2606NoDynaNoParty|gg\n|l|\u2606aiihop\n|l| galnaxo\n|l| yungwasser\n","uploadtime":1684142610,"views":18,"p1id":"aiihop","p2id":"nodynanoparty","formatid":"gen9vgc2023regulationc","rating":0,"private":0,"password":""}