{"id":"gen9vgc2023regulationc-1851270635","p1":"metalgymleader","p2":"Gogopokeranger","format":"[Gen 9] VGC 2023 Regulation C","log":"|j|\u2606metalgymleader\n|j|\u2606Gogopokeranger\n|t:|1682431368\n|gametype|doubles\n|player|p1|metalgymleader|colress|1009\n|player|p2|Gogopokeranger|lucian|1089\n|teamsize|p1|6\n|teamsize|p2|6\n|gen|9\n|tier|[Gen 9] VGC 2023 Regulation C\n|rated|\n|rule|Species Clause: Limit one of each Pok\u00e9mon\n|rule|Item Clause: Limit one of each item\n|clearpoke\n|poke|p1|Annihilape, L50, M|\n|poke|p1|Kingambit, L50, M|\n|poke|p1|Iron Treads, L50|\n|poke|p1|Gholdengo, L50|\n|poke|p1|Klefki, L50, F|\n|poke|p1|Corviknight, L50, F|\n|poke|p2|Garganacl, L50, F|\n|poke|p2|Breloom, L50, M|\n|poke|p2|Chi-Yu, L50|\n|poke|p2|Dachsbun, L50, M|\n|poke|p2|Flutter Mane, L50|\n|poke|p2|Gengar, L50, F|\n|teampreview|4\n|inactive|Battle timer is ON: inactive players will automatically lose when time's up. (requested by Gogopokeranger)\nGogopokeranger rejected open team sheets.\n|\n|t:|1682431395\n|start\n|switch|p1a: Klefki|Klefki, L50, F, shiny|100\/100\n|switch|p1b: Annihilape|Annihilape, L50, M, shiny|100\/100\n|switch|p2a: Breloom|Breloom, L50, M|100\/100\n|switch|p2b: Garganacl|Garganacl, L50, F|100\/100\n|turn|1\n|\n|t:|1682431419\n|move|p1a: Klefki|Light Screen|p1a: Klefki\n|-sidestart|p1: metalgymleader|move: Light Screen\n|move|p1b: Annihilape|Final Gambit|p2b: Garganacl\n|-damage|p2b: Garganacl|0 fnt\n|faint|p1b: Annihilape\n|faint|p2b: Garganacl\n|move|p2a: Breloom|Leech Seed|p1a: Klefki\n|-start|p1a: Klefki|move: Leech Seed\n|\n|-damage|p1a: Klefki|88\/100|[from] Leech Seed|[of] p2a: Breloom\n|-status|p2a: Breloom|tox|[from] item: Toxic Orb\n|upkeep\n|c|\u2606Gogopokeranger|Suicide monkey strats man, always depressing\n|inactive|Gogopokeranger has 30 seconds left.\n|c|\u2606Gogopokeranger|Now it\u2019s 3v3, yaaaaay\n|\n|t:|1682431451\n|switch|p1b: Corviknight|Corviknight, L50, F, shiny|100\/100\n|switch|p2b: Chi-Yu|Chi-Yu, L50|100\/100\n|-ability|p2b: Chi-Yu|Beads of Ruin\n|turn|2\n|\n|t:|1682431474\n|switch|p2a: Dachsbun|Dachsbun, L50, M|100\/100\n|-terastallize|p1b: Corviknight|Fire\n|move|p1a: Klefki|Reflect|p1a: Klefki\n|-sidestart|p1: metalgymleader|Reflect\n|move|p2b: Chi-Yu|Lava Plume|p1a: Klefki|[spread] p1a,p1b\n|-ability|p2a: Dachsbun|Well-Baked Body|boost\n|-boost|p2a: Dachsbun|def|2\n|-supereffective|p1a: Klefki\n|-resisted|p1b: Corviknight\n|-damage|p1a: Klefki|32\/100\n|-damage|p1b: Corviknight|88\/100\n|move|p1b: Corviknight|Tailwind|p1b: Corviknight\n|-sidestart|p1: metalgymleader|move: Tailwind\n|\n|-damage|p1a: Klefki|20\/100|[from] Leech Seed|[of] p2a: Dachsbun\n|upkeep\n|turn|3\n|\n|t:|1682431494\n|-terastallize|p2a: Dachsbun|Steel\n|move|p2b: Chi-Yu|Lava Plume|p1a: Klefki|[spread] p1a,p1b\n|-ability|p2a: Dachsbun|Well-Baked Body|boost\n|-boost|p2a: Dachsbun|def|2\n|-supereffective|p1a: Klefki\n|-resisted|p1b: Corviknight\n|-damage|p1a: Klefki|0 fnt\n|-damage|p1b: Corviknight|75\/100\n|faint|p1a: Klefki\n|move|p1b: Corviknight|Bulk Up|p1b: Corviknight\n|-boost|p1b: Corviknight|atk|1\n|-boost|p1b: Corviknight|def|1\n|move|p2a: Dachsbun|Mud-Slap|p1b: Corviknight\n|-supereffective|p1b: Corviknight\n|-damage|p1b: Corviknight|71\/100\n|-ability|p1b: Corviknight|Mirror Armor\n|-unboost|p2a: Dachsbun|accuracy|1\n|\n|upkeep\n|\n|t:|1682431510\n|switch|p1a: Gholdengo|Gholdengo, L50|100\/100\n|turn|4\n|\n|t:|1682431534\n|switch|p2b: Breloom|Breloom, L50, M|100\/100 tox\n|move|p1a: Gholdengo|Nasty Plot|p1a: Gholdengo\n|-boost|p1a: Gholdengo|spa|2\n|move|p1b: Corviknight|Brave Bird|p2a: Dachsbun\n|-resisted|p2a: Dachsbun\n|-damage|p2a: Dachsbun|91\/100\n|-damage|p1b: Corviknight|69\/100|[from] Recoil\n|move|p2a: Dachsbun|Crunch|p1a: Gholdengo\n|-supereffective|p1a: Gholdengo\n|-damage|p1a: Gholdengo|76\/100\n|\n|upkeep\n|turn|5\n|inactive|Gogopokeranger has 30 seconds left.\n|\n|t:|1682431560\n|move|p2b: Breloom|Protect|p2b: Breloom\n|-singleturn|p2b: Breloom|Protect\n|move|p1a: Gholdengo|Make It Rain|p2b: Breloom|[spread] p2a\n|-activate|p2b: Breloom|move: Protect\n|-resisted|p2a: Dachsbun\n|-damage|p2a: Dachsbun|44\/100\n|-unboost|p1a: Gholdengo|spa|1\n|move|p1b: Corviknight|Bulk Up|p1b: Corviknight\n|-boost|p1b: Corviknight|atk|1\n|-boost|p1b: Corviknight|def|1\n|move|p2a: Dachsbun|Crunch|p1a: Gholdengo\n|-supereffective|p1a: Gholdengo\n|-damage|p1a: Gholdengo|50\/100\n|\n|-sideend|p1: metalgymleader|move: Tailwind\n|upkeep\n|turn|6\n|\n|t:|1682431584\n|move|p1a: Gholdengo|Recover|p1a: Gholdengo\n|-heal|p1a: Gholdengo|99\/100\n|move|p2a: Dachsbun|Crunch|p1a: Gholdengo|[miss]\n|-miss|p2a: Dachsbun|p1a: Gholdengo\n|move|p1b: Corviknight|Brave Bird|p2b: Breloom\n|-supereffective|p2b: Breloom\n|-damage|p2b: Breloom|0 fnt\n|faint|p2b: Breloom\n|-damage|p1b: Corviknight|44\/100|[from] Recoil\n|-enditem|p1b: Corviknight|Sitrus Berry|[eat]\n|-heal|p1b: Corviknight|69\/100|[from] item: Sitrus Berry\n|\n|upkeep\n|\n|t:|1682431591\n|switch|p2b: Chi-Yu|Chi-Yu, L50|100\/100\n|-ability|p2b: Chi-Yu|Beads of Ruin\n|turn|7\n|\n|t:|1682431609\n|move|p2b: Chi-Yu|Lava Plume|p1b: Corviknight|[spread] p1a,p1b\n|-ability|p2a: Dachsbun|Well-Baked Body|boost\n|-boost|p2a: Dachsbun|def|2\n|-supereffective|p1a: Gholdengo\n|-resisted|p1b: Corviknight\n|-damage|p1a: Gholdengo|33\/100\n|-damage|p1b: Corviknight|57\/100\n|move|p1a: Gholdengo|Make It Rain|p2a: Dachsbun|[spread] p2a,p2b\n|-resisted|p2a: Dachsbun\n|-resisted|p2b: Chi-Yu\n|-damage|p2a: Dachsbun|0 fnt\n|-damage|p2b: Chi-Yu|51\/100\n|-unboost|p1a: Gholdengo|spa|1\n|faint|p2a: Dachsbun\n|move|p1b: Corviknight|Brave Bird|p2b: Chi-Yu\n|-damage|p2b: Chi-Yu|0 fnt\n|faint|p2b: Chi-Yu\n|-damage|p1b: Corviknight|46\/100|[from] Recoil\n|\n|win|metalgymleader\n|raw|metalgymleader's rating: 1009 → 1056<\/strong> (+47 for winning)\n|raw|Gogopokeranger's rating: 1089 → 1060<\/strong> (-29 for losing)\n","uploadtime":1682431765,"views":18,"p1id":"metalgymleader","p2id":"gogopokeranger","formatid":"gen9vgc2023regulationc","rating":1056,"private":0,"password":""}