{"id":"gen9vgc2023regulationc-1846692146","p1":"The_Chauffeur","p2":"haviy","format":"[Gen 9] VGC 2023 Regulation C","log":"|j|\u2606The_Chauffeur\n|j|\u2606haviy\n|t:|1681866504\n|gametype|doubles\n|player|p1|The_Chauffeur|waiter-gen4|1515\n|player|p2|haviy|steven|1473\n|teamsize|p1|6\n|teamsize|p2|6\n|gen|9\n|tier|[Gen 9] VGC 2023 Regulation C\n|rated|\n|rule|Species Clause: Limit one of each Pok\u00e9mon\n|rule|Item Clause: Limit one of each item\n|clearpoke\n|poke|p1|Dragonite, L50, F|\n|poke|p1|Garchomp, L50, F|\n|poke|p1|Scream Tail, L50|\n|poke|p1|Corviknight, L50, M|\n|poke|p1|Gholdengo, L50|\n|poke|p1|Tyranitar, L50, M|\n|poke|p2|Chien-Pao, L50|\n|poke|p2|Tatsugiri, L50, M|\n|poke|p2|Dondozo, L50, M|\n|poke|p2|Flutter Mane, L50|\n|poke|p2|Chi-Yu, L50|\n|poke|p2|Brute Bonnet, L50|\n|teampreview|4\n|inactive|Battle timer is ON: inactive players will automatically lose when time's up. (requested by haviy)\n|inactive|The_Chauffeur has 60 seconds left.\n|\n|t:|1681866570\n|start\n|switch|p1a: Beholder|Scream Tail, L50|100\/100\n|switch|p1b: Tarrasque|Tyranitar, L50, M|100\/100\n|switch|p2a: Chien-Pao|Chien-Pao, L50|100\/100\n|switch|p2b: Dondozo|Dondozo, L50, M, shiny|100\/100\n|-ability|p2a: Chien-Pao|Sword of Ruin\n|-weather|Sandstorm|[from] ability: Sand Stream|[of] p1b: Tarrasque\n|-enditem|p1a: Beholder|Booster Energy\n|-activate|p1a: Beholder|ability: Protosynthesis|[fromitem]\n|-start|p1a: Beholder|protosynthesisspe\n|turn|1\n|inactive|The_Chauffeur has 30 seconds left.\n|\n|t:|1681866598\n|switch|p2a: Tatsugiri|Tatsugiri, L50, M, shiny|100\/100\n|-activate|p2a: Tatsugiri|ability: Commander|[of] p2b: Dondozo\n|-boost|p2b: Dondozo|atk|2\n|-boost|p2b: Dondozo|spa|2\n|-boost|p2b: Dondozo|spe|2\n|-boost|p2b: Dondozo|def|2\n|-boost|p2b: Dondozo|spd|2\n|-terastallize|p1a: Beholder|Grass\n|move|p1a: Beholder|Thunder Wave|p2a: Tatsugiri|[miss]\n|-miss|p1a: Beholder|p2a: Tatsugiri\n|move|p2b: Dondozo|Earthquake|p1a: Beholder|[spread] p1a,p1b\n|-miss|p2b: Dondozo|p2a: Tatsugiri\n|-resisted|p1a: Beholder\n|-supereffective|p1b: Tarrasque\n|-damage|p1a: Beholder|83\/100\n|-damage|p1b: Tarrasque|17\/100\n|-enditem|p1b: Tarrasque|Weakness Policy\n|-boost|p1b: Tarrasque|atk|2|[from] item: Weakness Policy\n|-boost|p1b: Tarrasque|spa|2|[from] item: Weakness Policy\n|move|p1b: Tarrasque|Rock Slide|p2a: Tatsugiri|[spread] \n|-miss|p1b: Tarrasque|p2a: Tatsugiri\n|-miss|p1b: Tarrasque|p2b: Dondozo\n|\n|-weather|Sandstorm|[upkeep]\n|-damage|p1a: Beholder|77\/100|[from] Sandstorm\n|-damage|p2a: Tatsugiri|94\/100|[from] Sandstorm\n|-damage|p2b: Dondozo|94\/100|[from] Sandstorm\n|-heal|p2b: Dondozo|100\/100|[from] item: Leftovers\n|upkeep\n|turn|2\n|inactive|haviy has 30 seconds left.\n|inactive|haviy has 20 seconds left.\n|inactive|haviy has 15 seconds left.\n|\n|t:|1681866641\n|move|p1b: Tarrasque|Protect|p1b: Tarrasque\n|-singleturn|p1b: Tarrasque|Protect\n|move|p1a: Beholder|Encore|p2b: Dondozo\n|-start|p2b: Dondozo|Encore\n|move|p2b: Dondozo|Earthquake|p1a: Beholder|[spread] p1a\n|-miss|p2b: Dondozo|p2a: Tatsugiri\n|-activate|p1b: Tarrasque|move: Protect\n|-resisted|p1a: Beholder\n|-crit|p1a: Beholder\n|-damage|p1a: Beholder|48\/100\n|\n|-weather|Sandstorm|[upkeep]\n|-damage|p1a: Beholder|43\/100|[from] Sandstorm\n|-damage|p2a: Tatsugiri|88\/100|[from] Sandstorm\n|-damage|p2b: Dondozo|94\/100|[from] Sandstorm\n|-heal|p2b: Dondozo|100\/100|[from] item: Leftovers\n|upkeep\n|turn|3\n|\n|t:|1681866661\n|move|p1a: Beholder|Disable|p2b: Dondozo\n|-start|p2b: Dondozo|Disable|Earthquake\n|cant|p2b: Dondozo|Disable|Earthquake\n|move|p1b: Tarrasque|Dragon Dance|p1b: Tarrasque\n|-boost|p1b: Tarrasque|atk|1\n|-boost|p1b: Tarrasque|spe|1\n|\n|-weather|Sandstorm|[upkeep]\n|-damage|p1a: Beholder|37\/100|[from] Sandstorm\n|-damage|p2a: Tatsugiri|82\/100|[from] Sandstorm\n|-damage|p2b: Dondozo|94\/100|[from] Sandstorm\n|-heal|p2b: Dondozo|100\/100|[from] item: Leftovers\n|upkeep\n|turn|4\n|\n|t:|1681866672\n|move|p1a: Beholder|Thunder Wave|p2b: Dondozo\n|-status|p2b: Dondozo|par\n|move|p1b: Tarrasque|Rock Slide|p2a: Tatsugiri|[spread] p2b\n|-miss|p1b: Tarrasque|p2a: Tatsugiri\n|-damage|p2b: Dondozo|78\/100 par\n|cant|p2b: Dondozo|flinch\n|\n|-weather|Sandstorm|[upkeep]\n|-damage|p1a: Beholder|31\/100|[from] Sandstorm\n|-damage|p2a: Tatsugiri|75\/100|[from] Sandstorm\n|-damage|p2b: Dondozo|72\/100 par|[from] Sandstorm\n|-heal|p2b: Dondozo|78\/100 par|[from] item: Leftovers\n|-end|p2b: Dondozo|Encore\n|upkeep\n|turn|5\n|inactive|The_Chauffeur has 30 seconds left.\n|inactive|The_Chauffeur has 20 seconds left.\n|inactive|The_Chauffeur has 15 seconds left.\n|inactive|The_Chauffeur has 10 seconds left.\n|inactive|The_Chauffeur has 5 seconds left.\n|\n|t:|1681866725\n|move|p1a: Beholder|Encore|p2b: Dondozo\n|-start|p2b: Dondozo|Encore\n|move|p1b: Tarrasque|Rock Slide|p2a: Tatsugiri|[spread] p2b\n|-miss|p1b: Tarrasque|p2a: Tatsugiri\n|-damage|p2b: Dondozo|53\/100 par\n|cant|p2b: Dondozo|Disable|Earthquake\n|\n|-weather|none\n|-heal|p2b: Dondozo|59\/100 par|[from] item: Leftovers\n|upkeep\n|turn|6\n|\n|t:|1681866745\n|move|p1a: Beholder|Dazzling Gleam|p2a: Tatsugiri|[spread] p2b\n|-miss|p1a: Beholder|p2a: Tatsugiri\n|-damage|p2b: Dondozo|50\/100 par\n|move|p1b: Tarrasque|Dragon Dance|p1b: Tarrasque\n|-boost|p1b: Tarrasque|atk|1\n|-boost|p1b: Tarrasque|spe|1\n|-activate|p2b: Dondozo|move: Struggle\n|move|p2b: Dondozo|Struggle|p1a: Beholder\n|-damage|p1a: Beholder|5\/100\n|-damage|p2b: Dondozo|25\/100 par|[from] recoil\n|\n|-heal|p2b: Dondozo|31\/100 par|[from] item: Leftovers\n|-end|p2b: Dondozo|Disable\n|upkeep\n|turn|7\n|\n|t:|1681866760\n|move|p1a: Beholder|Disable||[still]\n|-fail|p1a: Beholder\n|move|p1b: Tarrasque|Rock Slide|p2b: Dondozo|[spread] p2b\n|-miss|p1b: Tarrasque|p2a: Tatsugiri\n|-damage|p2b: Dondozo|2\/100 par\n|cant|p2b: Dondozo|flinch\n|\n|-heal|p2b: Dondozo|8\/100 par|[from] item: Leftovers\n|-end|p2b: Dondozo|Encore\n|upkeep\n|turn|8\n|\n|t:|1681866771\n|move|p1a: Beholder|Dazzling Gleam|p2a: Tatsugiri|[spread] p2b\n|-miss|p1a: Beholder|p2a: Tatsugiri\n|-damage|p2b: Dondozo|0 fnt\n|faint|p2b: Dondozo\n|move|p1b: Tarrasque|Rock Slide|p2a: Tatsugiri\n|-damage|p2a: Tatsugiri|0 fnt\n|faint|p2a: Tatsugiri\n|\n|upkeep\n|\n|t:|1681866780\n|switch|p2a: Chien-Pao|Chien-Pao, L50|100\/100\n|switch|p2b: Chi-Yu|Chi-Yu, L50|100\/100\n|-ability|p2a: Chien-Pao|Sword of Ruin\n|-ability|p2b: Chi-Yu|Beads of Ruin\n|turn|9\n|\n|t:|1681866804\n|move|p1b: Tarrasque|Protect|p1b: Tarrasque\n|-singleturn|p1b: Tarrasque|Protect\n|move|p2a: Chien-Pao|Ice Shard|p1b: Tarrasque\n|-activate|p1b: Tarrasque|move: Protect\n|move|p1a: Beholder|Thunder Wave|p2b: Chi-Yu\n|-status|p2b: Chi-Yu|par\n|cant|p2b: Chi-Yu|par\n|\n|upkeep\n|turn|10\n|\n|t:|1681866825\n|move|p2a: Chien-Pao|Ice Shard|p1b: Tarrasque\n|-damage|p1b: Tarrasque|0 fnt\n|faint|p1b: Tarrasque\n|move|p1a: Beholder|Dazzling Gleam|p2b: Chi-Yu|[spread] p2a,p2b\n|-supereffective|p2a: Chien-Pao\n|-damage|p2a: Chien-Pao|27\/100\n|-damage|p2b: Chi-Yu|83\/100 par\n|move|p2b: Chi-Yu|Heat Wave|p1a: Beholder\n|-supereffective|p1a: Beholder\n|-damage|p1a: Beholder|0 fnt\n|faint|p1a: Beholder\n|-end|p1a: Beholder|Protosynthesis|[silent]\n|-damage|p2b: Chi-Yu|74\/100 par|[from] item: Life Orb\n|\n|upkeep\n|\n|t:|1681866834\n|switch|p1a: Mimic|Gholdengo, L50|100\/100\n|switch|p1b: Roc|Corviknight, L50, M|100\/100\n|turn|11\n|\n|t:|1681866850\n|move|p1a: Mimic|Make It Rain|p2b: Chi-Yu|[spread] p2a,p2b\n|-supereffective|p2a: Chien-Pao\n|-resisted|p2b: Chi-Yu\n|-damage|p2a: Chien-Pao|0 fnt\n|-damage|p2b: Chi-Yu|49\/100 par\n|-unboost|p1a: Mimic|spa|1\n|faint|p2a: Chien-Pao\n|move|p1b: Roc|Brave Bird|p2b: Chi-Yu\n|-damage|p2b: Chi-Yu|0 fnt\n|faint|p2b: Chi-Yu\n|-damage|p1b: Roc|90\/100|[from] Recoil\n|\n|win|The_Chauffeur\n|raw|The_Chauffeur's rating: 1515 → 1533<\/strong> (+18 for winning)\n|raw|haviy's rating: 1473 → 1455<\/strong> (-18 for losing)\n","uploadtime":1681866863,"views":14,"p1id":"thechauffeur","p2id":"haviy","formatid":"gen9vgc2023regulationc","rating":1455,"private":0,"password":""}