{"id":"gen9vgc2023regulationc-1862266543","p1":"Angelo Neres","p2":"thrillcorner","format":"[Gen 9] VGC 2023 Regulation C","log":"|j|\u2606Angelo Neres\n|j|\u2606thrillcorner\n|t:|1683857219\n|gametype|doubles\n|player|p1|Angelo Neres|265|1315\n|player|p2|thrillcorner|red-masters2|1404\n|teamsize|p1|6\n|teamsize|p2|6\n|gen|9\n|tier|[Gen 9] VGC 2023 Regulation C\n|rated|\n|rule|Species Clause: Limit one of each Pok\u00e9mon\n|rule|Item Clause: Limit one of each item\n|clearpoke\n|poke|p1|Flutter Mane, L50|\n|poke|p1|Talonflame, L50, M|\n|poke|p1|Amoonguss, L50, M|\n|poke|p1|Great Tusk, L50|\n|poke|p1|Gholdengo, L50|\n|poke|p1|Kingambit, L50, F|\n|poke|p2|Arcanine, L50, F|\n|poke|p2|Amoonguss, L50, M|\n|poke|p2|Flutter Mane, L50|\n|poke|p2|Kingambit, L50, F|\n|poke|p2|Iron Bundle, L50|\n|poke|p2|Baxcalibur, L50, F|\n|teampreview|4\n|inactive|Battle timer is ON: inactive players will automatically lose when time's up. (requested by Angelo Neres)\nthrillcorner has agreed to open team sheets.\n|inactive|Angelo Neres has 60 seconds left.\n|inactive|thrillcorner has 60 seconds left.\n|\n|t:|1683857279\n|start\n|switch|p1a: Talonflame|Talonflame, L50, M|100\/100\n|switch|p1b: Great Tusk|Great Tusk, L50|100\/100\n|switch|p2a: Ripley|Arcanine, L50, F|100\/100\n|switch|p2b: Willow|Flutter Mane, L50|100\/100\n|-ability|p2a: Ripley|Intimidate|boost\n|-unboost|p1a: Talonflame|atk|1\n|-unboost|p1b: Great Tusk|atk|1\n|turn|1\n|inactive|thrillcorner has 30 seconds left.\n|\n|t:|1683857307\n|-end|p2b: Willow|Protosynthesis|[silent]\n|switch|p2b: Baxcalibur|Baxcalibur, L50, F|100\/100\n|-terastallize|p2a: Ripley|Flying\n|move|p1b: Great Tusk|Protect|p1b: Great Tusk\n|-singleturn|p1b: Great Tusk|Protect\n|move|p1a: Talonflame|Tailwind|p1a: Talonflame\n|-sidestart|p1: Angelo Neres|move: Tailwind\n|move|p2a: Ripley|Will-O-Wisp|p1b: Great Tusk\n|-activate|p1b: Great Tusk|move: Protect\n|\n|upkeep\n|turn|2\n|\n|t:|1683857332\n|move|p1a: Talonflame|Taunt|p2a: Ripley\n|-start|p2a: Ripley|move: Taunt\n|move|p1b: Great Tusk|Close Combat|p2b: Baxcalibur\n|-supereffective|p2b: Baxcalibur\n|-damage|p2b: Baxcalibur|25\/100\n|-unboost|p1b: Great Tusk|def|1\n|-unboost|p1b: Great Tusk|spd|1\n|cant|p2a: Ripley|move: Taunt|Howl\n|move|p2b: Baxcalibur|Glaive Rush|p1b: Great Tusk\n|-damage|p1b: Great Tusk|17\/100\n|-singlemove|p2b: Baxcalibur|Glaive Rush|[silent]\n|\n|upkeep\n|turn|3\n|inactive|Angelo Neres has 30 seconds left.\n|inactive|Angelo Neres has 20 seconds left.\n|\n|t:|1683857369\n|-end|p1b: Great Tusk|Protosynthesis|[silent]\n|switch|p1b: Gholdengo|Gholdengo, L50|100\/100\n|switch|p2b: Willow|Flutter Mane, L50|100\/100\n|move|p2a: Ripley|Extreme Speed|p1b: Gholdengo\n|-immune|p1b: Gholdengo\n|move|p1a: Talonflame|Will-O-Wisp|p2a: Ripley\n|-status|p2a: Ripley|brn\n|\n|-damage|p2a: Ripley|94\/100 brn|[from] brn\n|upkeep\n|turn|4\n|\n|t:|1683857390\n|-end|p2b: Willow|Protosynthesis|[silent]\n|switch|p2b: Spordyceps|Amoonguss, L50, M|100\/100\n|move|p2a: Ripley|Extreme Speed|p1a: Talonflame\n|-damage|p1a: Talonflame|87\/100\n|move|p1a: Talonflame|Air Slash|p2a: Ripley\n|-crit|p2a: Ripley\n|-damage|p2a: Ripley|50\/100 brn\n|move|p1b: Gholdengo|Make It Rain|p2a: Ripley|[spread] p2a,p2b\n|-damage|p2a: Ripley|0 fnt\n|-damage|p2b: Spordyceps|49\/100\n|-unboost|p1b: Gholdengo|spa|1\n|-enditem|p2b: Spordyceps|Sitrus Berry|[eat]\n|-heal|p2b: Spordyceps|74\/100|[from] item: Sitrus Berry\n|faint|p2a: Ripley\n|-damage|p1b: Gholdengo|91\/100|[from] item: Life Orb\n|\n|-sideend|p1: Angelo Neres|move: Tailwind\n|upkeep\n|\n|t:|1683857408\n|switch|p2a: Willow|Flutter Mane, L50|100\/100\n|turn|5\n|inactive|Angelo Neres has 30 seconds left.\n|inactive|Angelo Neres has 20 seconds left.\n|inactive|Angelo Neres has 15 seconds left.\n|inactive|Angelo Neres has 10 seconds left.\n|\n|t:|1683857454\n|move|p1b: Gholdengo|Protect|p1b: Gholdengo\n|-singleturn|p1b: Gholdengo|Protect\n|move|p2a: Willow|Shadow Ball|p1b: Gholdengo\n|-activate|p1b: Gholdengo|move: Protect\n|move|p1a: Talonflame|Tailwind|p1a: Talonflame\n|-sidestart|p1: Angelo Neres|move: Tailwind\n|move|p2b: Spordyceps|Pollen Puff|p2a: Willow\n|-immune|p2a: Willow\n|\n|upkeep\n|turn|6\n|inactive|thrillcorner has 30 seconds left.\n|\n|t:|1683857480\n|move|p1a: Talonflame|Air Slash|p2a: Willow\n|-damage|p2a: Willow|73\/100\n|move|p1b: Gholdengo|Make It Rain|p2b: Spordyceps|[spread] p2a,p2b\n|-supereffective|p2a: Willow\n|-damage|p2a: Willow|0 fnt\n|-damage|p2b: Spordyceps|35\/100\n|-unboost|p1b: Gholdengo|spa|1\n|faint|p2a: Willow\n|-end|p2a: Willow|Protosynthesis|[silent]\n|-damage|p1b: Gholdengo|81\/100|[from] item: Life Orb\n|move|p2b: Spordyceps|Pollen Puff|p2: Willow|[notarget]\n|-fail|p2b: Spordyceps\n|\n|upkeep\n|-message|thrillcorner forfeited.\n|\n|win|Angelo Neres\n|raw|Angelo Neres's rating: 1315 → 1340<\/strong> (+25 for winning)\n|raw|thrillcorner's rating: 1404 → 1379<\/strong> (-25 for losing)\n","uploadtime":1683857493,"views":46,"p1id":"angeloneres","p2id":"thrillcorner","formatid":"gen9vgc2023regulationc","rating":1340,"private":0,"password":""}