{"id":"gen9vgc2023regulationc-1852218289","p1":"Hadrian1917","p2":"CookieCons","format":"[Gen 9] VGC 2023 Regulation C","log":"|j|\u2606Hadrian1917\n|j|\u2606CookieCons\n|t:|1682533902\n|gametype|doubles\n|player|p1|Hadrian1917|brock|1092\n|player|p2|CookieCons|101|1037\n|teamsize|p1|6\n|teamsize|p2|6\n|gen|9\n|tier|[Gen 9] VGC 2023 Regulation C\n|rated|\n|rule|Species Clause: Limit one of each Pok\u00e9mon\n|rule|Item Clause: Limit one of each item\n|clearpoke\n|poke|p1|Flutter Mane, L50|\n|poke|p1|Arcanine, L50, F|\n|poke|p1|Baxcalibur, L50, F|\n|poke|p1|Ting-Lu, L50|\n|poke|p1|Gyarados, L50, M|\n|poke|p1|Amoonguss, L50, M|\n|poke|p2|Lycanroc-Midnight, L50, M|\n|poke|p2|Mimikyu, L50, M|\n|poke|p2|Tsareena, L50, F|\n|poke|p2|Umbreon, L50, M|\n|poke|p2|Great Tusk, L50|\n|poke|p2|Iron Bundle, L50|\n|teampreview|4\n|j| EV4Ever\n|inactive|Battle timer is ON: inactive players will automatically lose when time's up. (requested by CookieCons)\n|inactive|Hadrian1917 has 60 seconds left.\n|\n|t:|1682533966\n|start\n|switch|p1a: Baxcalibur|Baxcalibur, L50, F|100\/100\n|switch|p1b: Arcanine|Arcanine, L50, F|100\/100\n|switch|p2a: Lycanroc|Lycanroc-Midnight, L50, M|100\/100\n|switch|p2b: Tsareena|Tsareena, L50, F|100\/100\n|-ability|p1b: Arcanine|Intimidate|boost\n|-unboost|p2a: Lycanroc|atk|1\n|-unboost|p2b: Tsareena|atk|1\n|turn|1\n|inactive|Hadrian1917 has 30 seconds left.\n|inactive|CookieCons has 30 seconds left.\n|inactive|CookieCons has 20 seconds left.\n|\n|t:|1682534002\n|switch|p2b: Iron Bundle|Iron Bundle, L50|100\/100\n|move|p1a: Baxcalibur|Protect|p1a: Baxcalibur\n|-singleturn|p1a: Baxcalibur|Protect\n|move|p1b: Arcanine|Howl|p1b: Arcanine|[spread] p1a,p1b\n|-boost|p1a: Baxcalibur|atk|1\n|-boost|p1b: Arcanine|atk|1\n|move|p2a: Lycanroc|Rock Slide|p1a: Baxcalibur|[spread] p1b\n|-activate|p1a: Baxcalibur|move: Protect\n|-supereffective|p1b: Arcanine\n|-damage|p1b: Arcanine|63\/100\n|\n|upkeep\n|turn|2\n|inactive|Hadrian1917 has 30 seconds left.\n|inactive|CookieCons has 30 seconds left.\n|inactive|CookieCons has 20 seconds left.\n|inactive|CookieCons has 15 seconds left.\n|\n|t:|1682534047\n|switch|p1b: Gyarados|Gyarados, L50, M|100\/100\n|-ability|p1b: Gyarados|Intimidate|boost\n|-unboost|p2a: Lycanroc|atk|1\n|-unboost|p2b: Iron Bundle|atk|1\n|move|p2b: Iron Bundle|Protect|p2b: Iron Bundle\n|-singleturn|p2b: Iron Bundle|Protect\n|move|p1a: Baxcalibur|Icicle Crash|p2b: Iron Bundle\n|-activate|p2b: Iron Bundle|move: Protect\n|move|p2a: Lycanroc|Roar|p1a: Baxcalibur\n|drag|p1a: Flutter Mane|Flutter Mane, L50|100\/100\n|\n|upkeep\n|turn|3\n|inactive|CookieCons has 30 seconds left.\n|\n|t:|1682534079\n|-terastallize|p2b: Iron Bundle|Water\n|move|p2a: Lycanroc|Protect|p2a: Lycanroc\n|-singleturn|p2a: Lycanroc|Protect\n|move|p2b: Iron Bundle|Hydro Pump|p1a: Flutter Mane\n|-damage|p1a: Flutter Mane|29\/100\n|move|p1a: Flutter Mane|Thunderbolt|p2b: Iron Bundle\n|-supereffective|p2b: Iron Bundle\n|-damage|p2b: Iron Bundle|0 fnt\n|faint|p2b: Iron Bundle\n|-end|p2b: Iron Bundle|Quark Drive|[silent]\n|move|p1b: Gyarados|Taunt|p2a: Lycanroc\n|-activate|p2a: Lycanroc|move: Protect\n|\n|upkeep\n|\n|t:|1682534098\n|switch|p2b: Tsareena|Tsareena, L50, F|100\/100\n|turn|4\n|inactive|Hadrian1917 has 30 seconds left.\n|inactive|CookieCons has 30 seconds left.\n|\n|t:|1682534130\n|-end|p1a: Flutter Mane|Protosynthesis|[silent]\n|switch|p1a: Arcanine|Arcanine, L50, F|63\/100\n|-ability|p1a: Arcanine|Intimidate|boost\n|-unboost|p2a: Lycanroc|atk|1\n|-unboost|p2b: Tsareena|atk|1\n|move|p2a: Lycanroc|Stone Edge|p1a: Arcanine\n|-supereffective|p1a: Arcanine\n|-crit|p1a: Arcanine\n|-damage|p1a: Arcanine|0 fnt\n|faint|p1a: Arcanine\n|move|p1b: Gyarados|Thunder Wave|p2b: Tsareena\n|-status|p2b: Tsareena|par\n|move|p2b: Tsareena|Rapid Spin|p1b: Gyarados\n|-damage|p1b: Gyarados|89\/100\n|-boost|p2b: Tsareena|spe|1\n|\n|upkeep\n|\n|t:|1682534148\n|switch|p1a: Baxcalibur|Baxcalibur, L50, F|100\/100\n|turn|5\n|\n|t:|1682534159\n|switch|p2b: Great Tusk|Great Tusk, L50|100\/100\n|-enditem|p2b: Great Tusk|Booster Energy\n|-activate|p2b: Great Tusk|ability: Protosynthesis|[fromitem]\n|-start|p2b: Great Tusk|protosynthesisatk\n|move|p2a: Lycanroc|Stone Edge|p1a: Baxcalibur\n|-supereffective|p1a: Baxcalibur\n|-damage|p1a: Baxcalibur|64\/100\n|move|p1a: Baxcalibur|Glaive Rush|p2a: Lycanroc\n|-damage|p2a: Lycanroc|13\/100\n|-singlemove|p1a: Baxcalibur|Glaive Rush|[silent]\n|move|p1b: Gyarados|Waterfall|p2a: Lycanroc\n|-supereffective|p2a: Lycanroc\n|-crit|p2a: Lycanroc\n|-damage|p2a: Lycanroc|0 fnt\n|faint|p2a: Lycanroc\n|\n|upkeep\n|\n|t:|1682534172\n|switch|p2a: Tsareena|Tsareena, L50, F|100\/100 par\n|turn|6\n|inactive|CookieCons has 30 seconds left.\n|inactive|CookieCons has 20 seconds left.\n|inactive|CookieCons has 15 seconds left.\n|\n|t:|1682534214\n|move|p1a: Baxcalibur|Protect|p1a: Baxcalibur\n|-singleturn|p1a: Baxcalibur|Protect\n|move|p1b: Gyarados|Thunder Wave|p2b: Great Tusk\n|-immune|p2b: Great Tusk\n|move|p2b: Great Tusk|Close Combat|p1b: Gyarados\n|-resisted|p1b: Gyarados\n|-damage|p1b: Gyarados|50\/100\n|-unboost|p2b: Great Tusk|def|1\n|-unboost|p2b: Great Tusk|spd|1\n|-enditem|p1b: Gyarados|Sitrus Berry|[eat]\n|-heal|p1b: Gyarados|75\/100|[from] item: Sitrus Berry\n|move|p2a: Tsareena|Power Whip|p1b: Gyarados\n|-damage|p1b: Gyarados|15\/100\n|\n|upkeep\n|turn|7\n|inactive|Hadrian1917 has 30 seconds left.\n|\n|t:|1682534249\n|move|p2b: Great Tusk|Protect|p2b: Great Tusk\n|-singleturn|p2b: Great Tusk|Protect\n|move|p1b: Gyarados|Protect|p1b: Gyarados\n|-singleturn|p1b: Gyarados|Protect\n|move|p1a: Baxcalibur|Icicle Crash|p2b: Great Tusk\n|-activate|p2b: Great Tusk|move: Protect\n|cant|p2a: Tsareena|par\n|\n|upkeep\n|turn|8\n|\n|t:|1682534266\n|move|p1a: Baxcalibur|Icicle Crash|p2a: Tsareena\n|-supereffective|p2a: Tsareena\n|-damage|p2a: Tsareena|7\/100 par\n|move|p1b: Gyarados|Waterfall|p2b: Great Tusk\n|-supereffective|p2b: Great Tusk\n|-damage|p2b: Great Tusk|32\/100\n|move|p2b: Great Tusk|Close Combat|p1a: Baxcalibur\n|-supereffective|p1a: Baxcalibur\n|-damage|p1a: Baxcalibur|0 fnt\n|-unboost|p2b: Great Tusk|def|1\n|-unboost|p2b: Great Tusk|spd|1\n|faint|p1a: Baxcalibur\n|cant|p2a: Tsareena|flinch\n|\n|upkeep\n|\n|t:|1682534278\n|switch|p1a: Flutter Mane|Flutter Mane, L50|29\/100\n|turn|9\n|c|\u2606Hadrian1917|:-)\n|\n|t:|1682534296\n|move|p2b: Great Tusk|Protect|p2b: Great Tusk\n|-singleturn|p2b: Great Tusk|Protect\n|move|p1a: Flutter Mane|Dazzling Gleam|p2b: Great Tusk|[spread] p2a\n|-activate|p2b: Great Tusk|move: Protect\n|-damage|p2a: Tsareena|0 fnt\n|faint|p2a: Tsareena\n|move|p1b: Gyarados|Waterfall|p2b: Great Tusk\n|-activate|p2b: Great Tusk|move: Protect\n|\n|upkeep\n|turn|10\n|c|\u2606CookieCons|gg\n|\n|t:|1682534308\n|move|p1a: Flutter Mane|Dazzling Gleam|p2b: Great Tusk\n|-supereffective|p2b: Great Tusk\n|-damage|p2b: Great Tusk|0 fnt\n|faint|p2b: Great Tusk\n|-end|p2b: Great Tusk|Protosynthesis|[silent]\n|\n|win|Hadrian1917\n|raw|Hadrian1917's rating: 1092 → 1114<\/strong> (+22 for winning)\n|raw|CookieCons's rating: 1037 → 1024<\/strong> (-13 for losing)\n","uploadtime":1682534314,"views":13,"p1id":"hadrian1917","p2id":"cookiecons","formatid":"gen9vgc2023regulationc","rating":1024,"private":0,"password":""}