{"id":"gen9vgc2023regulationc-1853089966","p1":"Auraen","p2":"Jbenn","format":"[Gen 9] VGC 2023 Regulation C","log":"|j|\u2606Auraen\n|j|\u2606Jbenn\n|t:|1682633903\n|gametype|doubles\n|player|p1|Auraen|flannery|1438\n|player|p2|Jbenn|steven|1514\n|teamsize|p1|6\n|teamsize|p2|6\n|gen|9\n|tier|[Gen 9] VGC 2023 Regulation C\n|rated|\n|rule|Species Clause: Limit one of each Pok\u00e9mon\n|rule|Item Clause: Limit one of each item\n|clearpoke\n|poke|p1|Chi-Yu, L50|\n|poke|p1|Flutter Mane, L50|\n|poke|p1|Tauros-Paldea-Aqua, L50, M|\n|poke|p1|Tyranitar, L50, M|\n|poke|p1|Glimmora, L50, F|\n|poke|p1|Amoonguss, L50, F|\n|poke|p2|Roaring Moon, L50|\n|poke|p2|Great Tusk, L50|\n|poke|p2|Gholdengo, L50|\n|poke|p2|Hariyama, L50, F|\n|poke|p2|Mimikyu, L50, M|\n|poke|p2|Gyarados, L50, M|\n|teampreview|4\nJbenn has agreed to open team sheets.\nAuraen has agreed to open team sheets.\n|inactive|Battle timer is ON: inactive players will automatically lose when time's up. (requested by Auraen)\n|inactive|Auraen has 60 seconds left.\n|\n|t:|1682633979\n|start\n|switch|p1a: Tyranitar|Tyranitar, L50, M|100\/100\n|switch|p1b: Glimmora|Glimmora, L50, F|100\/100\n|switch|p2a: Yokozuna|Hariyama, L50, F, shiny|100\/100\n|switch|p2b: Casper|Mimikyu, L50, M|100\/100\n|-weather|Sandstorm|[from] ability: Sand Stream|[of] p1a: Tyranitar\n|turn|1\n|inactive|Jbenn has 30 seconds left.\n|inactive|Jbenn has 20 seconds left.\n|\n|t:|1682634017\n|switch|p1a: Tauros|Tauros-Paldea-Aqua, L50, M|100\/100\n|-ability|p1a: Tauros|Intimidate|boost\n|-unboost|p2a: Yokozuna|atk|1\n|-unboost|p2b: Casper|atk|1\n|move|p1b: Glimmora|Mortal Spin|p2a: Yokozuna|[spread] p2a,p2b\n|-damage|p2a: Yokozuna|96\/100\n|-activate|p2b: Casper|ability: Disguise\n|-damage|p2b: Casper|100\/100\n|-status|p2a: Yokozuna|psn\n|-status|p2b: Casper|psn\n|detailschange|p2b: Casper|Mimikyu-Busted, L50, M\n|-damage|p2b: Casper|88\/100 psn|[from] pokemon: Mimikyu-Busted\n|move|p2a: Yokozuna|Close Combat|p1a: Tauros\n|-damage|p1a: Tauros|64\/100\n|-unboost|p2a: Yokozuna|def|1\n|-unboost|p2a: Yokozuna|spd|1\n|move|p2b: Casper|Trick Room|p2b: Casper\n|-fieldstart|move: Trick Room|[of] p2b: Casper\n|\n|-weather|Sandstorm|[upkeep]\n|-damage|p2a: Yokozuna|90\/100 psn|[from] Sandstorm\n|-damage|p2b: Casper|82\/100 psn|[from] Sandstorm\n|-damage|p2a: Yokozuna|78\/100 psn|[from] psn\n|-damage|p2b: Casper|69\/100 psn|[from] psn\n|upkeep\n|turn|2\n|inactive|Auraen has 30 seconds left.\n|inactive|Jbenn has 30 seconds left.\n|inactive|Auraen has 20 seconds left.\n|\n|t:|1682634053\n|move|p1a: Tauros|Protect|p1a: Tauros\n|-singleturn|p1a: Tauros|Protect\n|move|p2a: Yokozuna|Iron Head|p1b: Glimmora\n|-supereffective|p1b: Glimmora\n|-damage|p1b: Glimmora|71\/100\n|-activate|p1b: Glimmora|ability: Toxic Debris\n|-sidestart|p2: Jbenn|move: Toxic Spikes\n|cant|p1b: Glimmora|flinch\n|move|p2b: Casper|Play Rough|p1a: Tauros\n|-activate|p1a: Tauros|move: Protect\n|\n|-weather|Sandstorm|[upkeep]\n|-damage|p2a: Yokozuna|72\/100 psn|[from] Sandstorm\n|-damage|p2b: Casper|63\/100 psn|[from] Sandstorm\n|-damage|p2a: Yokozuna|60\/100 psn|[from] psn\n|-damage|p2b: Casper|50\/100 psn|[from] psn\n|upkeep\n|-enditem|p2b: Casper|Sitrus Berry|[eat]\n|-heal|p2b: Casper|75\/100 psn|[from] item: Sitrus Berry\n|turn|3\n|inactive|Auraen has 30 seconds left.\n|inactive|Jbenn has 30 seconds left.\n|\n|t:|1682634087\n|switch|p2a: 50 Cent|Gholdengo, L50|100\/100\n|-terastallize|p1a: Tauros|Water\n|move|p1a: Tauros|Aqua Jet|p2a: 50 Cent\n|-damage|p2a: 50 Cent|80\/100\n|move|p1b: Glimmora|Sludge Bomb|p2a: 50 Cent\n|-immune|p2a: 50 Cent\n|move|p2b: Casper|Play Rough|p1a: Tauros\n|-damage|p1a: Tauros|42\/100\n|\n|-weather|Sandstorm|[upkeep]\n|-damage|p2b: Casper|69\/100 psn|[from] Sandstorm\n|-heal|p2a: 50 Cent|86\/100|[from] item: Leftovers\n|-damage|p2b: Casper|57\/100 psn|[from] psn\n|upkeep\n|turn|4\n|\n|t:|1682634111\n|move|p1a: Tauros|Protect|p1a: Tauros\n|-singleturn|p1a: Tauros|Protect\n|move|p1b: Glimmora|Earth Power|p2a: 50 Cent\n|-supereffective|p2a: 50 Cent\n|-damage|p2a: 50 Cent|30\/100\n|move|p2a: 50 Cent|Make It Rain|p1b: Glimmora|[spread] p1b\n|-activate|p1a: Tauros|move: Protect\n|-supereffective|p1b: Glimmora\n|-damage|p1b: Glimmora|24\/100\n|-unboost|p2a: 50 Cent|spa|1\n|move|p2b: Casper|Play Rough|p1a: Tauros\n|-activate|p1a: Tauros|move: Protect\n|\n|-weather|Sandstorm|[upkeep]\n|-damage|p2b: Casper|50\/100 psn|[from] Sandstorm\n|-heal|p2a: 50 Cent|36\/100|[from] item: Leftovers\n|-damage|p2b: Casper|38\/100 psn|[from] psn\n|upkeep\n|turn|5\n|inactive|Auraen has 30 seconds left.\n|inactive|Jbenn has 30 seconds left.\n|\n|t:|1682634140\n|switch|p2a: Haku|Gyarados, L50, M, shiny|100\/100\n|-ability|p2a: Haku|Intimidate|boost\n|-unboost|p1a: Tauros|atk|1\n|-unboost|p1b: Glimmora|atk|1\n|move|p1a: Tauros|Aqua Jet|p2b: Casper\n|-damage|p2b: Casper|19\/100 psn\n|move|p1b: Glimmora|Earth Power|p2a: Haku\n|-immune|p2a: Haku\n|move|p2b: Casper|Curse|p1a: Tauros\n|-start|p1a: Tauros|Curse|[of] p2b: Casper\n|-damage|p2b: Casper|0 fnt\n|faint|p2b: Casper\n|\n|-weather|none\n|-damage|p1a: Tauros|17\/100|[from] Curse\n|-fieldend|move: Trick Room\n|upkeep\n|\n|t:|1682634156\n|switch|p2b: 50 Cent|Gholdengo, L50|36\/100\n|turn|6\n|\n|t:|1682634172\n|move|p2b: 50 Cent|Protect|p2b: 50 Cent\n|-singleturn|p2b: 50 Cent|Protect\n|move|p1a: Tauros|Aqua Jet|p2b: 50 Cent\n|-activate|p2b: 50 Cent|move: Protect\n|move|p2a: Haku|Waterfall|p1b: Glimmora\n|-supereffective|p1b: Glimmora\n|-damage|p1b: Glimmora|0 fnt\n|-activate|p1b: Glimmora|ability: Toxic Debris\n|-sidestart|p2: Jbenn|move: Toxic Spikes\n|faint|p1b: Glimmora\n|\n|-heal|p2b: 50 Cent|42\/100|[from] item: Leftovers\n|-damage|p1a: Tauros|0 fnt|[from] Curse\n|faint|p1a: Tauros\n|upkeep\n|\n|t:|1682634185\n|switch|p1a: Tyranitar|Tyranitar, L50, M|100\/100\n|switch|p1b: Chi-Yu|Chi-Yu, L50|100\/100\n|-ability|p1b: Chi-Yu|Beads of Ruin\n|-weather|Sandstorm|[from] ability: Sand Stream|[of] p1a: Tyranitar\n|turn|7\n|inactive|Jbenn has 30 seconds left.\n|inactive|Jbenn has 20 seconds left.\n|inactive|Jbenn has 15 seconds left.\n|inactive|Jbenn has 10 seconds left.\n|\n|t:|1682634231\n|move|p1b: Chi-Yu|Protect|p1b: Chi-Yu\n|-singleturn|p1b: Chi-Yu|Protect\n|move|p2a: Haku|Thunder Wave|p1b: Chi-Yu\n|-activate|p1b: Chi-Yu|move: Protect\n|move|p2b: 50 Cent|Make It Rain|p1a: Tyranitar|[spread] p1a\n|-activate|p1b: Chi-Yu|move: Protect\n|-supereffective|p1a: Tyranitar\n|-damage|p1a: Tyranitar|24\/100\n|-unboost|p2b: 50 Cent|spa|1\n|move|p1a: Tyranitar|Rock Slide|p2a: Haku|[spread] p2a,p2b\n|-supereffective|p2a: Haku\n|-resisted|p2b: 50 Cent\n|-damage|p2a: Haku|48\/100\n|-damage|p2b: 50 Cent|28\/100\n|\n|-weather|Sandstorm|[upkeep]\n|-damage|p1b: Chi-Yu|94\/100|[from] Sandstorm\n|-damage|p2a: Haku|42\/100|[from] Sandstorm\n|-heal|p2b: 50 Cent|34\/100|[from] item: Leftovers\n|upkeep\n|turn|8\n|inactive|Jbenn has 30 seconds left.\n|inactive|Jbenn has 20 seconds left.\n|inactive|Jbenn has 15 seconds left.\n|inactive|Jbenn has 10 seconds left.\n|\n|t:|1682634281\n|move|p1a: Tyranitar|Protect|p1a: Tyranitar\n|-singleturn|p1a: Tyranitar|Protect\n|move|p1b: Chi-Yu|Dark Pulse|p2a: Haku\n|-crit|p2a: Haku\n|-damage|p2a: Haku|0 fnt\n|faint|p2a: Haku\n|move|p2b: 50 Cent|Make It Rain|p1b: Chi-Yu|[spread] p1b\n|-activate|p1a: Tyranitar|move: Protect\n|-resisted|p1b: Chi-Yu\n|-damage|p1b: Chi-Yu|79\/100\n|-unboost|p2b: 50 Cent|spa|1\n|\n|-weather|Sandstorm|[upkeep]\n|-damage|p1b: Chi-Yu|73\/100|[from] Sandstorm\n|-heal|p2b: 50 Cent|40\/100|[from] item: Leftovers\n|upkeep\n|\n|t:|1682634295\n|switch|p2a: Yokozuna|Hariyama, L50, F, shiny|60\/100 psn\n|turn|9\n|inactive|Jbenn has 30 seconds left.\n|inactive|Jbenn has 20 seconds left.\n|\n|t:|1682634331\n|move|p1b: Chi-Yu|Protect|p1b: Chi-Yu\n|-singleturn|p1b: Chi-Yu|Protect\n|move|p2b: 50 Cent|Make It Rain|p1b: Chi-Yu|[spread] p1a\n|-activate|p1b: Chi-Yu|move: Protect\n|-supereffective|p1a: Tyranitar\n|-damage|p1a: Tyranitar|0 fnt\n|-unboost|p2b: 50 Cent|spa|1\n|faint|p1a: Tyranitar\n|move|p2a: Yokozuna|Iron Head|p1b: Chi-Yu\n|-activate|p1b: Chi-Yu|move: Protect\n|\n|-weather|Sandstorm|[upkeep]\n|-damage|p1b: Chi-Yu|66\/100|[from] Sandstorm\n|-damage|p2a: Yokozuna|54\/100 psn|[from] Sandstorm\n|-heal|p2b: 50 Cent|46\/100|[from] item: Leftovers\n|-damage|p2a: Yokozuna|42\/100 psn|[from] psn\n|upkeep\n|turn|10\n|\n|t:|1682634348\n|-terastallize|p2b: 50 Cent|Water\n|move|p1b: Chi-Yu|Dark Pulse|p2a: Yokozuna\n|-resisted|p2a: Yokozuna\n|-damage|p2a: Yokozuna|17\/100 psn\n|move|p2b: 50 Cent|Nasty Plot|p2b: 50 Cent\n|-boost|p2b: 50 Cent|spa|2\n|move|p2a: Yokozuna|Close Combat|p1b: Chi-Yu\n|-supereffective|p1b: Chi-Yu\n|-damage|p1b: Chi-Yu|0 fnt\n|-unboost|p2a: Yokozuna|def|1\n|-unboost|p2a: Yokozuna|spd|1\n|faint|p1b: Chi-Yu\n|\n|win|Jbenn\n|raw|Auraen's rating: 1438 → 1422<\/strong> (-16 for losing)\n|raw|Jbenn's rating: 1514 → 1530<\/strong> (+16 for winning)\n|l|\u2606Auraen\n","uploadtime":1682634360,"views":12,"p1id":"auraen","p2id":"jbenn","formatid":"gen9vgc2023regulationc","rating":1422,"private":0,"password":""}