{"id":"gen9vgc2023regulationc-1846384068","p1":"BTBFHYCB","p2":"5wamp","format":"[Gen 9] VGC 2023 Regulation C","log":"|j|\u2606BTBFHYCB\n|j|\u26065wamp\n|t:|1681836543\n|gametype|doubles\n|player|p1|BTBFHYCB|101|1272\n|player|p2|5wamp|boarder|1337\n|teamsize|p1|6\n|teamsize|p2|6\n|gen|9\n|tier|[Gen 9] VGC 2023 Regulation C\n|rated|\n|rule|Species Clause: Limit one of each Pok\u00e9mon\n|rule|Item Clause: Limit one of each item\n|clearpoke\n|poke|p1|Baxcalibur, L50, F|\n|poke|p1|Palafin, L50, M|\n|poke|p1|Amoonguss, L50, M|\n|poke|p1|Ting-Lu, L50|\n|poke|p1|Arcanine, L50, M|\n|poke|p1|Flutter Mane, L50|\n|poke|p2|Hawlucha, L50, M|\n|poke|p2|Indeedee-F, L50, F|\n|poke|p2|Flutter Mane, L50|\n|poke|p2|Iron Bundle, L50|\n|poke|p2|Dondozo, L50, M|\n|poke|p2|Tatsugiri, L50, F|\n|teampreview|4\n5wamp rejected open team sheets.\n|c|\u26065wamp|glhf\n|inactive|Battle timer is ON: inactive players will automatically lose when time's up. (requested by 5wamp)\n|\n|t:|1681836583\n|start\n|switch|p1a: Arcanine|Arcanine, L50, M|100\/100\n|switch|p1b: Palafin|Palafin, L50, M|100\/100\n|switch|p2a: But|Indeedee-F, L50, F|100\/100\n|switch|p2b: I apologise|Hawlucha, L50, M|100\/100\n|-ability|p1a: Arcanine|Intimidate|boost\n|-unboost|p2a: But|atk|1\n|-unboost|p2b: I apologise|atk|1\n|-fieldstart|move: Psychic Terrain|[from] ability: Psychic Surge|[of] p2a: But\n|-enditem|p2b: I apologise|Psychic Seed\n|-boost|p2b: I apologise|spd|1|[from] item: Psychic Seed\n|turn|1\n|inactive|BTBFHYCB has 30 seconds left.\n|inactive|BTBFHYCB has 20 seconds left.\n|inactive|BTBFHYCB has 15 seconds left.\n|inactive|BTBFHYCB has 10 seconds left.\n|\n|t:|1681836629\n|switch|p1a: Flutter Mane|Flutter Mane, L50|100\/100\n|move|p2a: But|Follow Me|p2a: But\n|-singleturn|p2a: But|move: Follow Me\n|move|p2b: I apologise|Swords Dance|p2b: I apologise\n|-boost|p2b: I apologise|atk|2\n|move|p1b: Palafin|Drain Punch|p2a: But\n|-damage|p2a: But|81\/100\n|\n|upkeep\n|turn|2\n|inactive|BTBFHYCB has 30 seconds left.\n|\n|t:|1681836657\n|detailschange|p1b: Palafin|Palafin-Hero, L50, M\n|switch|p1b: Arcanine|Arcanine, L50, M|100\/100\n|-ability|p1b: Arcanine|Intimidate|boost\n|-unboost|p2a: But|atk|1\n|-unboost|p2b: I apologise|atk|1\n|-terastallize|p1a: Flutter Mane|Fairy\n|move|p2a: But|Helping Hand|p2b: I apologise\n|-singleturn|p2b: I apologise|Helping Hand|[of] p2a: But\n|move|p2b: I apologise|Acrobatics|p1a: Flutter Mane\n|-damage|p1a: Flutter Mane|0 fnt\n|faint|p1a: Flutter Mane\n|-end|p1a: Flutter Mane|Protosynthesis|[silent]\n|\n|upkeep\n|\n|t:|1681836678\n|switch|p1a: Palafin|Palafin-Hero, L50, M|100\/100\n|-activate|p1a: Palafin|ability: Zero to Hero\n|turn|3\n|\n|t:|1681836698\n|move|p2a: But|Follow Me|p2a: But\n|-singleturn|p2a: But|move: Follow Me\n|move|p2b: I apologise|Swords Dance|p2b: I apologise\n|-boost|p2b: I apologise|atk|2\n|move|p1b: Arcanine|Flare Blitz|p2a: But\n|-damage|p2a: But|21\/100\n|-damage|p1b: Arcanine|80\/100|[from] Recoil\n|move|p1a: Palafin|Bulk Up|p1a: Palafin\n|-boost|p1a: Palafin|atk|1\n|-boost|p1a: Palafin|def|1\n|\n|upkeep\n|turn|4\n|\n|t:|1681836721\n|switch|p1b: Amoonguss|Amoonguss, L50, M|100\/100\n|move|p2a: But|Follow Me|p2a: But\n|-singleturn|p2a: But|move: Follow Me\n|move|p2b: I apologise|Acrobatics|p1b: Amoonguss\n|-supereffective|p1b: Amoonguss\n|-damage|p1b: Amoonguss|0 fnt\n|faint|p1b: Amoonguss\n|move|p1a: Palafin|Wave Crash|p2a: But\n|-damage|p2a: But|0 fnt\n|faint|p2a: But\n|-damage|p1a: Palafin|95\/100|[from] Recoil\n|\n|-heal|p1a: Palafin|100\/100|[from] item: Leftovers\n|upkeep\n|\n|t:|1681836737\n|switch|p2a: Not be|Iron Bundle, L50|100\/100\n|switch|p1b: Arcanine|Arcanine, L50, M|80\/100\n|-ability|p1b: Arcanine|Intimidate|boost\n|-unboost|p2a: Not be|atk|1\n|-unboost|p2b: I apologise|atk|1\n|-enditem|p2a: Not be|Booster Energy\n|-activate|p2a: Not be|ability: Quark Drive|[fromitem]\n|-start|p2a: Not be|quarkdrivespe\n|turn|5\n|\n|t:|1681836754\n|move|p2b: I apologise|Protect|p2b: I apologise\n|-singleturn|p2b: I apologise|Protect\n|move|p1b: Arcanine|Protect|p1b: Arcanine\n|-singleturn|p1b: Arcanine|Protect\n|move|p2a: Not be|Freeze-Dry|p1a: Palafin\n|-supereffective|p1a: Palafin\n|-damage|p1a: Palafin|25\/100\n|move|p1a: Palafin|Drain Punch|p2a: Not be\n|-supereffective|p2a: Not be\n|-damage|p2a: Not be|0 fnt\n|-heal|p1a: Palafin|57\/100|[from] drain|[of] p2a: Not be\n|faint|p2a: Not be\n|-end|p2a: Not be|Quark Drive|[silent]\n|\n|-heal|p1a: Palafin|63\/100|[from] item: Leftovers\n|-fieldend|move: Psychic Terrain\n|upkeep\n|\n|t:|1681836763\n|switch|p2a: I Will|Flutter Mane, L50|100\/100\n|turn|6\n|\n|t:|1681836776\n|-terastallize|p2b: I apologise|Flying\n|move|p1a: Palafin|Jet Punch|p2b: I apologise\n|-damage|p2b: I apologise|24\/100\n|move|p2b: I apologise|Acrobatics|p1a: Palafin\n|-damage|p1a: Palafin|1\/100\n|move|p2a: I Will|Power Gem|p1b: Arcanine\n|-supereffective|p1b: Arcanine\n|-damage|p1b: Arcanine|0 fnt\n|faint|p1b: Arcanine\n|\n|-heal|p1a: Palafin|7\/100|[from] item: Leftovers\n|upkeep\n|turn|7\n|-message|BTBFHYCB forfeited.\n|\n|win|5wamp\n|raw|BTBFHYCB's rating: 1272 → 1252<\/strong> (-20 for losing)\n|raw|5wamp's rating: 1337 → 1353<\/strong> (+16 for winning)\n|l|\u2606BTBFHYCB\n","uploadtime":1681836791,"views":10,"p1id":"btbfhycb","p2id":"5wamp","formatid":"gen9vgc2023regulationc","rating":1252,"private":0,"password":""}