{"id":"gen9vgc2023regulationc-1853152516","p1":"Mommy Kuvira","p2":"AGSilver935","format":"[Gen 9] VGC 2023 Regulation C","log":"|j|\u2606Mommy Kuvira\n|j|\u2606AGSilver935\n|t:|1682641578\n|gametype|doubles\n|player|p1|Mommy Kuvira|cynthia-gen4|\n|player|p2|AGSilver935|brock-masters|\n|teamsize|p1|6\n|teamsize|p2|6\n|gen|9\n|tier|[Gen 9] VGC 2023 Regulation C\n|rule|Species Clause: Limit one of each Pok\u00e9mon\n|rule|Item Clause: Limit one of each item\n|clearpoke\n|poke|p1|Arcanine, L50, F|\n|poke|p1|Amoonguss, L50, M|\n|poke|p1|Palafin, L50, F|\n|poke|p1|Flutter Mane, L50|\n|poke|p1|Kingambit, L50, F|\n|poke|p1|Iron Hands, L50|\n|poke|p2|Iron Hands, L50|\n|poke|p2|Flutter Mane, L50|\n|poke|p2|Chi-Yu, L50|\n|poke|p2|Iron Bundle, L50|\n|poke|p2|Amoonguss, L50, F|\n|poke|p2|Stonjourner, L50, F|\n|teampreview|4\nAGSilver935 has agreed to open team sheets.\nMommy Kuvira has agreed to open team sheets.\n|c|\u2606Mommy Kuvira|people and their bundle\n|c|\u2606Mommy Kuvira|might take longer, I'm juggling an orre\n|c|\u2606Mommy Kuvira|G1\n|c|\u2606AGSilver935|No worries, so we are both preoccupied with another thing lol\n|\n|t:|1682641798\n|start\n|switch|p1a: Puncak Jaya|Iron Hands, L50|100\/100\n|switch|p1b: Elbrus|Amoonguss, L50, M|100\/100\n|switch|p2a: Flutter Mane|Flutter Mane, L50|100\/100\n|switch|p2b: Chi-Yu|Chi-Yu, L50|100\/100\n|-ability|p2b: Chi-Yu|Beads of Ruin\n|turn|1\n|\n|t:|1682641860\n|move|p1a: Puncak Jaya|Protect|p1a: Puncak Jaya\n|-singleturn|p1a: Puncak Jaya|Protect\n|move|p1b: Elbrus|Protect|p1b: Elbrus\n|-singleturn|p1b: Elbrus|Protect\n|move|p2b: Chi-Yu|Overheat|p1b: Elbrus\n|-activate|p1b: Elbrus|move: Protect\n|move|p2a: Flutter Mane|Shadow Ball|p1b: Elbrus\n|-activate|p1b: Elbrus|move: Protect\n|\n|upkeep\n|turn|2\n|\n|t:|1682641909\n|switch|p1b: Pinatubo|Arcanine, L50, F|100\/100\n|-ability|p1b: Pinatubo|Intimidate|boost\n|-unboost|p2a: Flutter Mane|atk|1\n|-unboost|p2b: Chi-Yu|atk|1\n|-terastallize|p1a: Puncak Jaya|Fire\n|move|p2b: Chi-Yu|Overheat|p1b: Pinatubo\n|-resisted|p1b: Pinatubo\n|-damage|p1b: Pinatubo|43\/100\n|-unboost|p2b: Chi-Yu|spa|2\n|-enditem|p1b: Pinatubo|Sitrus Berry|[eat]\n|-heal|p1b: Pinatubo|68\/100|[from] item: Sitrus Berry\n|move|p2a: Flutter Mane|Shadow Ball|p1b: Pinatubo\n|-damage|p1b: Pinatubo|0 fnt\n|faint|p1b: Pinatubo\n|-damage|p2a: Flutter Mane|91\/100|[from] item: Life Orb\n|move|p1a: Puncak Jaya|Swords Dance|p1a: Puncak Jaya\n|-boost|p1a: Puncak Jaya|atk|2\n|\n|upkeep\n|\n|t:|1682641939\n|switch|p1b: Elbrus|Amoonguss, L50, M|100\/100\n|turn|3\n|\n|t:|1682641973\n|switch|p2b: Amoonguss|Amoonguss, L50, F|100\/100\n|move|p1b: Elbrus|Protect|p1b: Elbrus\n|-singleturn|p1b: Elbrus|Protect\n|move|p2a: Flutter Mane|Shadow Ball|p1a: Puncak Jaya\n|-damage|p1a: Puncak Jaya|61\/100\n|-damage|p2a: Flutter Mane|81\/100|[from] item: Life Orb\n|move|p1a: Puncak Jaya|Thunder Punch|p2a: Flutter Mane\n|-damage|p2a: Flutter Mane|0 fnt\n|faint|p2a: Flutter Mane\n|-end|p2a: Flutter Mane|Protosynthesis|[silent]\n|\n|upkeep\n|\n|t:|1682642002\n|switch|p2a: Chi-Yu|Chi-Yu, L50|100\/100\n|-ability|p2a: Chi-Yu|Beads of Ruin\n|turn|4\n|\n|t:|1682642066\n|move|p1b: Elbrus|Rage Powder|p1b: Elbrus\n|-singleturn|p1b: Elbrus|move: Rage Powder\n|move|p2a: Chi-Yu|Dark Pulse|p1b: Elbrus\n|-damage|p1b: Elbrus|44\/100\n|move|p1a: Puncak Jaya|Drain Punch|p2a: Chi-Yu\n|-supereffective|p2a: Chi-Yu\n|-damage|p2a: Chi-Yu|0 fnt\n|-heal|p1a: Puncak Jaya|91\/100|[from] drain|[of] p2a: Chi-Yu\n|faint|p2a: Chi-Yu\n|move|p2b: Amoonguss|Pollen Puff|p2: Chi-Yu|[notarget]\n|-fail|p2b: Amoonguss\n|\n|upkeep\n|\n|t:|1682642076\n|switch|p2a: Iron Bundle|Iron Bundle, L50|100\/100\n|-enditem|p2a: Iron Bundle|Booster Energy\n|-activate|p2a: Iron Bundle|ability: Quark Drive|[fromitem]\n|-start|p2a: Iron Bundle|quarkdrivespe\n|turn|5\n|\n|t:|1682642100\n|-terastallize|p2a: Iron Bundle|Ghost\n|move|p1b: Elbrus|Rage Powder|p1b: Elbrus\n|-singleturn|p1b: Elbrus|move: Rage Powder\n|move|p2a: Iron Bundle|Freeze-Dry|p1b: Elbrus\n|-supereffective|p1b: Elbrus\n|-damage|p1b: Elbrus|0 fnt\n|faint|p1b: Elbrus\n|move|p1a: Puncak Jaya|Drain Punch|p2a: Iron Bundle\n|-immune|p2a: Iron Bundle\n|move|p2b: Amoonguss|Pollen Puff|p2a: Iron Bundle\n|-immune|p2a: Iron Bundle\n|\n|upkeep\n|c|\u2606Mommy Kuvira|wai you didn't use tera\n|c|\u2606Mommy Kuvira|wtf\n|\n|t:|1682642111\n|switch|p1b: Denali|Flutter Mane, L50|100\/100\n|-enditem|p1b: Denali|Booster Energy\n|-activate|p1b: Denali|ability: Protosynthesis|[fromitem]\n|-start|p1b: Denali|protosynthesisspa\n|turn|6\n|c|\u2606AGSilver935|Yup! :)\n|c|\u2606Mommy Kuvira|this is what I get for playing orre\n|\n|t:|1682642160\n|move|p2a: Iron Bundle|Protect|p2a: Iron Bundle\n|-singleturn|p2a: Iron Bundle|Protect\n|move|p1b: Denali|Protect|p1b: Denali\n|-singleturn|p1b: Denali|Protect\n|move|p1a: Puncak Jaya|Swords Dance|p1a: Puncak Jaya\n|-boost|p1a: Puncak Jaya|atk|2\n|move|p2b: Amoonguss|Spore|p1b: Denali\n|-activate|p1b: Denali|move: Protect\n|\n|upkeep\n|turn|7\n|\n|t:|1682642185\n|move|p1a: Puncak Jaya|Protect|p1a: Puncak Jaya\n|-singleturn|p1a: Puncak Jaya|Protect\n|move|p2b: Amoonguss|Rage Powder|p2b: Amoonguss\n|-singleturn|p2b: Amoonguss|move: Rage Powder\n|move|p2a: Iron Bundle|Hydro Pump|p1a: Puncak Jaya\n|-activate|p1a: Puncak Jaya|move: Protect\n|move|p1b: Denali|Shadow Ball|p2b: Amoonguss\n|-damage|p2b: Amoonguss|56\/100\n|\n|upkeep\n|turn|8\n|\n|t:|1682642222\n|move|p2b: Amoonguss|Rage Powder|p2b: Amoonguss\n|-singleturn|p2b: Amoonguss|move: Rage Powder\n|move|p2a: Iron Bundle|Hydro Pump|p1a: Puncak Jaya\n|-supereffective|p1a: Puncak Jaya\n|-damage|p1a: Puncak Jaya|18\/100\n|move|p1b: Denali|Shadow Ball|p2b: Amoonguss\n|-damage|p2b: Amoonguss|9\/100\n|-unboost|p2b: Amoonguss|spd|1\n|-enditem|p2b: Amoonguss|Sitrus Berry|[eat]\n|-heal|p2b: Amoonguss|34\/100|[from] item: Sitrus Berry\n|move|p1a: Puncak Jaya|Drain Punch|p2b: Amoonguss\n|-resisted|p2b: Amoonguss\n|-damage|p2b: Amoonguss|0 fnt\n|-heal|p1a: Puncak Jaya|33\/100|[from] drain|[of] p2b: Amoonguss\n|faint|p2b: Amoonguss\n|\n|upkeep\n|turn|9\n|c|\u2606Mommy Kuvira|gg\n|c|\u2606Mommy Kuvira|i didn't expect to survive that\n|c|\u2606AGSilver935|Geez, Hands too big T_T\n|c|\u2606AGSilver935|gg\n|\n|t:|1682642256\n|move|p2a: Iron Bundle|Hydro Pump|p1a: Puncak Jaya|[miss]\n|-miss|p2a: Iron Bundle|p1a: Puncak Jaya\n|move|p1b: Denali|Shadow Ball|p2a: Iron Bundle\n|-supereffective|p2a: Iron Bundle\n|-damage|p2a: Iron Bundle|0 fnt\n|faint|p2a: Iron Bundle\n|-end|p2a: Iron Bundle|Quark Drive|[silent]\n|\n|win|Mommy Kuvira\n","uploadtime":1682642265,"views":12,"p1id":"mommykuvira","p2id":"agsilver935","formatid":"gen9vgc2023regulationc","rating":0,"private":0,"password":""}