{"id":"gen9vgc2023regulationc-1845251448","p1":"dotcubus","p2":"Koopacomander3","format":"[Gen 9] VGC 2023 Regulation C","log":"|j|\u2606dotcubus\n|j|\u2606Koopacomander3\n|t:|1681702278\n|gametype|doubles\n|player|p1|dotcubus|marley|1135\n|player|p2|Koopacomander3|barry|1068\n|teamsize|p1|6\n|teamsize|p2|6\n|gen|9\n|tier|[Gen 9] VGC 2023 Regulation C\n|rated|\n|rule|Species Clause: Limit one of each Pok\u00e9mon\n|rule|Item Clause: Limit one of each item\n|clearpoke\n|poke|p1|Ting-Lu, L50|\n|poke|p1|Dondozo, L50, F|\n|poke|p1|Dragonite, L50, F|\n|poke|p1|Iron Bundle, L50|\n|poke|p1|Gholdengo, L50|\n|poke|p1|Flutter Mane, L50|\n|poke|p2|Ting-Lu, L50|\n|poke|p2|Brute Bonnet, L50|\n|poke|p2|Torkoal, L50, F|\n|poke|p2|Armarouge, L50, M|\n|poke|p2|Indeedee-F, L50, F|\n|poke|p2|Dragonite, L50, F|\n|teampreview|4\n|inactive|Battle timer is ON: inactive players will automatically lose when time's up. (requested by Koopacomander3)\n|inactive|dotcubus has 60 seconds left.\n|\n|t:|1681702317\n|start\n|switch|p1a: Gholdengo|Gholdengo, L50|100\/100\n|switch|p1b: Ting-Lu|Ting-Lu, L50|100\/100\n|switch|p2a: Ting-Lu|Ting-Lu, L50|100\/100\n|switch|p2b: Dragonite|Dragonite, L50, F|100\/100\n|-ability|p1b: Ting-Lu|Vessel of Ruin\n|-ability|p2a: Ting-Lu|Vessel of Ruin\n|turn|1\n|inactive|Koopacomander3 has 30 seconds left.\n|\n|t:|1681702349\n|switch|p2b: Indeedee|Indeedee-F, L50, F|100\/100\n|-fieldstart|move: Psychic Terrain|[from] ability: Psychic Surge|[of] p2b: Indeedee\n|move|p1a: Gholdengo|Trick|p2b: Indeedee\n|-activate|p1a: Gholdengo|move: Trick|[of] p2b: Indeedee\n|-item|p2b: Indeedee|Choice Specs|[from] move: Trick\n|-item|p1a: Gholdengo|Aguav Berry|[from] move: Trick\n|move|p1b: Ting-Lu|Stealth Rock|p2a: Ting-Lu\n|-sidestart|p2: Koopacomander3|move: Stealth Rock\n|move|p2a: Ting-Lu|Fissure|p1a: Gholdengo|[miss]\n|-miss|p2a: Ting-Lu|p1a: Gholdengo\n|\n|upkeep\n|turn|2\n|inactive|Koopacomander3 has 30 seconds left.\n|inactive|Koopacomander3 has 20 seconds left.\n|\n|t:|1681702386\n|switch|p1b: Dondozo|Dondozo, L50, F|100\/100\n|move|p1a: Gholdengo|Shadow Ball|p2b: Indeedee\n|-immune|p2b: Indeedee\n|move|p2a: Ting-Lu|Stomping Tantrum|p1a: Gholdengo\n|-supereffective|p1a: Gholdengo\n|-damage|p1a: Gholdengo|0 fnt\n|faint|p1a: Gholdengo\n|move|p2b: Indeedee|Trick Room|p2b: Indeedee\n|-fieldstart|move: Trick Room|[of] p2b: Indeedee\n|\n|upkeep\n|\n|t:|1681702395\n|switch|p1a: Dragonite|Dragonite, L50, F|100\/100\n|turn|3\n|\n|t:|1681702413\n|switch|p2b: Dragonite|Dragonite, L50, F|100\/100\n|-damage|p2b: Dragonite|76\/100|[from] Stealth Rock\n|-terastallize|p1a: Dragonite|Flying\n|move|p1b: Dondozo|Liquidation|p2a: Ting-Lu\n|-supereffective|p2a: Ting-Lu\n|-damage|p2a: Ting-Lu|64\/100\n|move|p2a: Ting-Lu|Fissure|p1b: Dondozo|[miss]\n|-miss|p2a: Ting-Lu|p1b: Dondozo\n|move|p1a: Dragonite|Tera Blast|p2b: Dragonite\n|-damage|p2b: Dragonite|0 fnt\n|faint|p2b: Dragonite\n|\n|upkeep\n|\n|t:|1681702429\n|switch|p2b: Armarouge|Armarouge, L50, M|100\/100\n|-damage|p2b: Armarouge|76\/100|[from] Stealth Rock\n|turn|4\n|\n|t:|1681702446\n|-terastallize|p2b: Armarouge|Psychic\n|move|p1b: Dondozo|Liquidation|p2a: Ting-Lu\n|-supereffective|p2a: Ting-Lu\n|-damage|p2a: Ting-Lu|30\/100\n|-unboost|p2a: Ting-Lu|def|1\n|move|p2a: Ting-Lu|Stomping Tantrum|p1b: Dondozo\n|-damage|p1b: Dondozo|63\/100\n|move|p2b: Armarouge|Expanding Force|p1a: Dragonite|[spread] p1a,p1b\n|-damage|p1a: Dragonite|65\/100\n|-damage|p1b: Dondozo|8\/100\n|move|p1a: Dragonite|Tera Blast|p2b: Armarouge\n|-damage|p2b: Armarouge|0 fnt\n|faint|p2b: Armarouge\n|\n|-heal|p1b: Dondozo|15\/100|[from] item: Leftovers\n|upkeep\n|\n|t:|1681702464\n|switch|p2b: Indeedee|Indeedee-F, L50, F|100\/100\n|-damage|p2b: Indeedee|88\/100|[from] Stealth Rock\n|turn|5\n|\n|t:|1681702472\n|move|p1b: Dondozo|Liquidation|p2a: Ting-Lu\n|-supereffective|p2a: Ting-Lu\n|-damage|p2a: Ting-Lu|0 fnt\n|faint|p2a: Ting-Lu\n|move|p2b: Indeedee|Dazzling Gleam|p1b: Dondozo|[spread] p1a,p1b\n|-damage|p1a: Dragonite|43\/100\n|-damage|p1b: Dondozo|0 fnt\n|faint|p1b: Dondozo\n|move|p1a: Dragonite|Tera Blast|p2b: Indeedee\n|-damage|p2b: Indeedee|0 fnt\n|faint|p2b: Indeedee\n|\n|win|dotcubus\n|raw|dotcubus's rating: 1135 → 1155<\/strong> (+20 for winning)\n|raw|Koopacomander3's rating: 1068 → 1052<\/strong> (-16 for losing)\n|l|\u2606Koopacomander3\n","uploadtime":1681702561,"views":8,"p1id":"dotcubus","p2id":"koopacomander3","formatid":"gen9vgc2023regulationc","rating":1052,"private":0,"password":""}