{"id":"gen9vgc2023regulationc-1849706058","p1":"lagodude","p2":"Siusky","format":"[Gen 9] VGC 2023 Regulation C","log":"|j|\u2606lagodude\n|j|\u2606Siusky\n|t:|1682236223\n|gametype|doubles\n|player|p1|lagodude|266|1228\n|player|p2|Siusky|benga|1195\n|teamsize|p1|6\n|teamsize|p2|6\n|gen|9\n|tier|[Gen 9] VGC 2023 Regulation C\n|rated|\n|rule|Species Clause: Limit one of each Pok\u00e9mon\n|rule|Item Clause: Limit one of each item\n|clearpoke\n|poke|p1|Chi-Yu, L50|\n|poke|p1|Dachsbun, L50, F|\n|poke|p1|Ceruledge, L50, F|\n|poke|p1|Torkoal, L50, F|\n|poke|p1|Talonflame, L50, M|\n|poke|p1|Garchomp, L50, F|\n|poke|p2|Ting-Lu, L50|\n|poke|p2|Flutter Mane, L50|\n|poke|p2|Chi-Yu, L50|\n|poke|p2|Dragapult, L50, M|\n|poke|p2|Amoonguss, L50, F|\n|poke|p2|Tauros-Paldea-Aqua, L50, M|\n|teampreview|4\n|inactive|Battle timer is ON: inactive players will automatically lose when time's up. (requested by lagodude)\nlagodude has agreed to open team sheets.\n|inactive|lagodude has 60 seconds left.\n|\n|t:|1682236258\n|start\n|switch|p1a: Talonflame|Talonflame, L50, M|100\/100\n|switch|p1b: Chi-Yu|Chi-Yu, L50|100\/100\n|switch|p2a: Tauros|Tauros-Paldea-Aqua, L50, M|100\/100\n|switch|p2b: Dragapult|Dragapult, L50, M|100\/100\n|-ability|p2a: Tauros|Intimidate|boost\n|-unboost|p1a: Talonflame|atk|1\n|-unboost|p1b: Chi-Yu|atk|1\n|-ability|p1b: Chi-Yu|Beads of Ruin\n|turn|1\n|\n|t:|1682236275\n|switch|p2a: Ting-Lu|Ting-Lu, L50|100\/100\n|-ability|p2a: Ting-Lu|Vessel of Ruin\n|move|p1b: Chi-Yu|Protect|p1b: Chi-Yu\n|-singleturn|p1b: Chi-Yu|Protect\n|move|p1a: Talonflame|Tailwind|p1a: Talonflame\n|-sidestart|p1: lagodude|move: Tailwind\n|move|p2b: Dragapult|Dragon Darts|p1a: Talonflame\n|-damage|p1a: Talonflame|53\/100\n|-anim|p2b: Dragapult|Dragon Darts|p1a: Talonflame\n|-damage|p1a: Talonflame|8\/100\n|\n|upkeep\n|turn|2\n|\n|t:|1682236292\n|move|p1a: Talonflame|Will-O-Wisp|p2a: Ting-Lu\n|-status|p2a: Ting-Lu|brn\n|move|p1b: Chi-Yu|Dark Pulse|p2b: Dragapult\n|-supereffective|p2b: Dragapult\n|-damage|p2b: Dragapult|0 fnt\n|faint|p2b: Dragapult\n|move|p2a: Ting-Lu|Stomping Tantrum|p1b: Chi-Yu\n|-supereffective|p1b: Chi-Yu\n|-damage|p1b: Chi-Yu|47\/100\n|-enditem|p1b: Chi-Yu|Sitrus Berry|[eat]\n|-heal|p1b: Chi-Yu|71\/100|[from] item: Sitrus Berry\n|\n|-damage|p2a: Ting-Lu|94\/100 brn|[from] brn\n|upkeep\n|\n|t:|1682236299\n|switch|p2b: Tauros|Tauros-Paldea-Aqua, L50, M|100\/100\n|-ability|p2b: Tauros|Intimidate|boost\n|-unboost|p1a: Talonflame|atk|1\n|-unboost|p1b: Chi-Yu|atk|1\n|turn|3\n|\n|t:|1682236314\n|switch|p1b: Torkoal|Torkoal, L50, F|100\/100\n|-weather|SunnyDay|[from] ability: Drought|[of] p1b: Torkoal\n|move|p2b: Tauros|Aqua Jet|p1a: Talonflame\n|-supereffective|p1a: Talonflame\n|-damage|p1a: Talonflame|0 fnt\n|faint|p1a: Talonflame\n|move|p2a: Ting-Lu|Stomping Tantrum|p1b: Torkoal\n|-supereffective|p1b: Torkoal\n|-damage|p1b: Torkoal|64\/100\n|\n|-weather|SunnyDay|[upkeep]\n|-damage|p2a: Ting-Lu|88\/100 brn|[from] brn\n|upkeep\n|\n|t:|1682236325\n|switch|p1a: Ceruledge|Ceruledge, L50, F|100\/100\n|turn|4\n|\n|t:|1682236338\n|switch|p2b: Amoonguss|Amoonguss, L50, F|100\/100\n|-terastallize|p1a: Ceruledge|Grass\n|move|p1a: Ceruledge|Solar Blade||[still]\n|-prepare|p1a: Ceruledge|Solar Blade\n|-anim|p1a: Ceruledge|Solar Blade|p2a: Ting-Lu\n|-supereffective|p2a: Ting-Lu\n|-damage|p2a: Ting-Lu|5\/100 brn\n|move|p1b: Torkoal|Solar Beam||[still]\n|-prepare|p1b: Torkoal|Solar Beam\n|-anim|p1b: Torkoal|Solar Beam|p2b: Amoonguss\n|-resisted|p2b: Amoonguss\n|-damage|p2b: Amoonguss|95\/100\n|move|p2a: Ting-Lu|Fissure|p1a: Ceruledge\n|-damage|p1a: Ceruledge|0 fnt\n|faint|p1a: Ceruledge\n|-ohko\n|\n|-weather|SunnyDay|[upkeep]\n|-heal|p2b: Amoonguss|100\/100|[from] item: Leftovers\n|-damage|p2a: Ting-Lu|0 fnt|[from] brn\n|faint|p2a: Ting-Lu\n|-sideend|p1: lagodude|move: Tailwind\n|upkeep\n|c|\u2606lagodude|so fucking gay\n|\n|t:|1682236358\n|switch|p1a: Chi-Yu|Chi-Yu, L50|71\/100\n|switch|p2a: Tauros|Tauros-Paldea-Aqua, L50, M|100\/100\n|-ability|p2a: Tauros|Intimidate|boost\n|-unboost|p1a: Chi-Yu|atk|1\n|-unboost|p1b: Torkoal|atk|1\n|-ability|p1a: Chi-Yu|Beads of Ruin\n|turn|5\n|\n|t:|1682236368\n|-terastallize|p2b: Amoonguss|Water\n|move|p1a: Chi-Yu|Protect|p1a: Chi-Yu\n|-singleturn|p1a: Chi-Yu|Protect\n|move|p2a: Tauros|Close Combat|p1a: Chi-Yu\n|-activate|p1a: Chi-Yu|move: Protect\n|move|p2b: Amoonguss|Spore|p1b: Torkoal\n|-status|p1b: Torkoal|slp|[from] move: Spore\n|cant|p1b: Torkoal|slp\n|\n|-weather|SunnyDay|[upkeep]\n|upkeep\n|turn|6\n|inactive|Siusky has 30 seconds left.\n|inactive|Siusky has 20 seconds left.\n|inactive|Siusky has 15 seconds left.\n|inactive|Siusky has 10 seconds left.\n|inactive|Siusky has 5 seconds left.\n|\n|t:|1682236423\n|move|p2a: Tauros|Aqua Jet|p1b: Torkoal\n|-supereffective|p1b: Torkoal\n|-damage|p1b: Torkoal|50\/100 slp\n|move|p1a: Chi-Yu|Dark Pulse|p2a: Tauros\n|-resisted|p2a: Tauros\n|-damage|p2a: Tauros|56\/100\n|move|p2b: Amoonguss|Clear Smog|p1a: Chi-Yu\n|-damage|p1a: Chi-Yu|52\/100\n|-clearboost|p1a: Chi-Yu\n|-curestatus|p1b: Torkoal|slp|[msg]\n|move|p1b: Torkoal|Solar Beam||[still]\n|-prepare|p1b: Torkoal|Solar Beam\n|-anim|p1b: Torkoal|Solar Beam|p2a: Tauros\n|-supereffective|p2a: Tauros\n|-crit|p2a: Tauros\n|-damage|p2a: Tauros|0 fnt\n|faint|p2a: Tauros\n|\n|-weather|SunnyDay|[upkeep]\n|upkeep\n|turn|7\n|\n|t:|1682236448\n|move|p1a: Chi-Yu|Dark Pulse|p2b: Amoonguss\n|-damage|p2b: Amoonguss|46\/100\n|move|p2b: Amoonguss|Spore|p1a: Chi-Yu\n|-status|p1a: Chi-Yu|slp|[from] move: Spore\n|move|p1b: Torkoal|Solar Beam||[still]\n|-prepare|p1b: Torkoal|Solar Beam\n|-anim|p1b: Torkoal|Solar Beam|p2b: Amoonguss\n|-supereffective|p2b: Amoonguss\n|-damage|p2b: Amoonguss|0 fnt\n|faint|p2b: Amoonguss\n|\n|win|lagodude\n|raw|lagodude's rating: 1228 → 1251<\/strong> (+23 for winning)\n|raw|Siusky's rating: 1195 → 1172<\/strong> (-23 for losing)\n","uploadtime":1682236355,"views":10,"p1id":"lagodude","p2id":"siusky","formatid":"gen9vgc2023regulationc","rating":1172,"private":0,"password":""}