{"id":"gen9vgc2023regulationc-1859512406","p1":"inikka","p2":"zippLapZapper","format":"[Gen 9] VGC 2023 Regulation C","log":"|j|\u2606inikka\n|j|\u2606zippLapZapper\n|t:|1683533348\n|gametype|doubles\n|player|p1|inikka|pokemaniac|1482\n|player|p2|zippLapZapper|hilbert-wonderlauncher|1414\n|teamsize|p1|6\n|teamsize|p2|6\n|gen|9\n|tier|[Gen 9] VGC 2023 Regulation C\n|rated|\n|rule|Species Clause: Limit one of each Pok\u00e9mon\n|rule|Item Clause: Limit one of each item\n|clearpoke\n|poke|p1|Annihilape, L50, F|\n|poke|p1|Baxcalibur, L50, F|\n|poke|p1|Chi-Yu, L50|\n|poke|p1|Gholdengo, L50|\n|poke|p1|Iron Jugulis, L50|\n|poke|p1|Rotom-Wash, L50|\n|poke|p2|Garchomp, L50, M|\n|poke|p2|Talonflame, L50, M|\n|poke|p2|Flutter Mane, L50|\n|poke|p2|Iron Bundle, L50|\n|poke|p2|Chien-Pao, L50|\n|poke|p2|Tyranitar, L50, M|\n|teampreview|4\nzippLapZapper has agreed to open team sheets.\n|inactive|Battle timer is ON: inactive players will automatically lose when time's up. (requested by zippLapZapper)\ninikka has agreed to open team sheets.\n|\n|t:|1683533406\n|start\n|switch|p1a: Rotom|Rotom-Wash, L50|100\/100\n|switch|p1b: Iron Jugulis|Iron Jugulis, L50|100\/100\n|switch|p2a: Talonflame|Talonflame, L50, M|100\/100\n|switch|p2b: Flutter Mane|Flutter Mane, L50|100\/100\n|-enditem|p1b: Iron Jugulis|Booster Energy\n|-activate|p1b: Iron Jugulis|ability: Quark Drive|[fromitem]\n|-start|p1b: Iron Jugulis|quarkdrivespe\n|turn|1\n|inactive|inikka has 30 seconds left.\n|inactive|zippLapZapper has 30 seconds left.\n|inactive|inikka has 20 seconds left.\n|\n|t:|1683533442\n|-terastallize|p2b: Flutter Mane|Fairy\n|move|p2a: Talonflame|Tailwind|p2a: Talonflame\n|-sidestart|p2: zippLapZapper|move: Tailwind\n|move|p2b: Flutter Mane|Dazzling Gleam|p1b: Iron Jugulis|[spread] p1a,p1b\n|-supereffective|p1b: Iron Jugulis\n|-damage|p1a: Rotom|24\/100\n|-damage|p1b: Iron Jugulis|0 fnt\n|faint|p1b: Iron Jugulis\n|-end|p1b: Iron Jugulis|Quark Drive|[silent]\n|move|p1a: Rotom|Thunderbolt|p2b: Flutter Mane\n|-damage|p2b: Flutter Mane|44\/100\n|\n|upkeep\n|\n|t:|1683533455\n|switch|p1b: Baxcalibur|Baxcalibur, L50, F|100\/100\n|turn|2\n|inactive|inikka has 30 seconds left.\n|inactive|zippLapZapper has 30 seconds left.\n|inactive|inikka has 20 seconds left.\n|inactive|inikka has 15 seconds left.\n|\n|t:|1683533503\n|move|p2a: Talonflame|Brave Bird|p1b: Baxcalibur\n|-damage|p1b: Baxcalibur|68\/100\n|-damage|p2a: Talonflame|88\/100|[from] Recoil\n|move|p1b: Baxcalibur|Ice Shard|p2b: Flutter Mane\n|-damage|p2b: Flutter Mane|0 fnt\n|faint|p2b: Flutter Mane\n|-end|p2b: Flutter Mane|Protosynthesis|[silent]\n|move|p1a: Rotom|Thunderbolt|p2a: Talonflame\n|-supereffective|p2a: Talonflame\n|-damage|p2a: Talonflame|0 fnt\n|faint|p2a: Talonflame\n|\n|upkeep\n|\n|t:|1683533510\n|switch|p2a: Garchomp|Garchomp, L50, M|100\/100\n|switch|p2b: Tyranitar|Tyranitar, L50, M|100\/100\n|-weather|Sandstorm|[from] ability: Sand Stream|[of] p2b: Tyranitar\n|turn|3\n|\n|t:|1683533523\n|-terastallize|p1b: Baxcalibur|Ground\n|move|p2a: Garchomp|Protect|p2a: Garchomp\n|-singleturn|p2a: Garchomp|Protect\n|move|p2b: Tyranitar|Rock Slide|p1a: Rotom|[spread] p1a,p1b\n|-resisted|p1b: Baxcalibur\n|-damage|p1a: Rotom|0 fnt\n|-damage|p1b: Baxcalibur|55\/100\n|faint|p1a: Rotom\n|cant|p1b: Baxcalibur|flinch\n|\n|-weather|Sandstorm|[upkeep]\n|upkeep\n|\n|t:|1683533526\n|switch|p1a: Gholdengo|Gholdengo, L50|100\/100\n|turn|4\n|\n|t:|1683533548\n|move|p2a: Garchomp|Stomping Tantrum|p1a: Gholdengo\n|-supereffective|p1a: Gholdengo\n|-damage|p1a: Gholdengo|34\/100\n|-enditem|p1a: Gholdengo|Weakness Policy\n|-boost|p1a: Gholdengo|atk|2|[from] item: Weakness Policy\n|-boost|p1a: Gholdengo|spa|2|[from] item: Weakness Policy\n|move|p2b: Tyranitar|Assurance|p1a: Gholdengo\n|-supereffective|p1a: Gholdengo\n|-damage|p1a: Gholdengo|0 fnt\n|faint|p1a: Gholdengo\n|move|p1b: Baxcalibur|Icicle Crash|p2a: Garchomp\n|-supereffective|p2a: Garchomp\n|-damage|p2a: Garchomp|0 fnt\n|faint|p2a: Garchomp\n|\n|-weather|Sandstorm|[upkeep]\n|-sideend|p2: zippLapZapper|move: Tailwind\n|upkeep\n|turn|5\n|\n|t:|1683533566\n|move|p1b: Baxcalibur|Earthquake|p2b: Tyranitar\n|-supereffective|p2b: Tyranitar\n|-damage|p2b: Tyranitar|0 fnt\n|faint|p2b: Tyranitar\n|\n|win|inikka\n|raw|inikka's rating: 1482 → 1498<\/strong> (+16 for winning)\n|raw|zippLapZapper's rating: 1414 → 1398<\/strong> (-16 for losing)\n","uploadtime":1683533574,"views":14,"p1id":"inikka","p2id":"zipplapzapper","formatid":"gen9vgc2023regulationc","rating":1398,"private":0,"password":""}