{"id":"gen9vgc2023regulationc-1864211771","p1":"unimulticorn","p2":"Schwede1","format":"[Gen 9] VGC 2023 Regulation C","log":"|j|\u2606unimulticorn\n|j|\u2606Schwede1\n|t:|1684137611\n|gametype|doubles\n|player|p1|unimulticorn|caitlin|1110\n|player|p2|Schwede1|101|1064\n|teamsize|p1|4\n|teamsize|p2|6\n|gen|9\n|tier|[Gen 9] VGC 2023 Regulation C\n|rated|\n|rule|Species Clause: Limit one of each Pok\u00e9mon\n|rule|Item Clause: Limit one of each item\n|clearpoke\n|poke|p1|Starly, L50, F|\n|poke|p1|Iron Hands, L50|\n|poke|p1|Indeedee-F, L50, F|\n|poke|p1|Maushold-Four, L50|\n|poke|p2|Drednaw, L50, M|\n|poke|p2|Pelipper, L50, F|\n|poke|p2|Toxicroak, L50, F|\n|poke|p2|Iron Hands, L50|\n|poke|p2|Gengar, L50, M|\n|poke|p2|Scizor, L50, M|\n|teampreview|4\n|inactive|Battle timer is ON: inactive players will automatically lose when time's up. (requested by Schwede1)\n|inactive|unimulticorn also wants the timer to be on.\n|inactive|Schwede1 has 60 seconds left.\n|\n|t:|1684137642\n|start\n|switch|p1a: Iron Hands|Iron Hands, L50|100\/100\n|switch|p1b: Indeedee|Indeedee-F, L50, F|100\/100\n|switch|p2a: Pelipper|Pelipper, L50, F|100\/100\n|switch|p2b: Scizor|Scizor, L50, M, shiny|100\/100\n|-weather|RainDance|[from] ability: Drizzle|[of] p2a: Pelipper\n|turn|1\n|inactive|unimulticorn has 30 seconds left.\n|\n|t:|1684137673\n|move|p1a: Iron Hands|Fake Out|p2a: Pelipper\n|-damage|p2a: Pelipper|83\/100\n|move|p2b: Scizor|U-turn|p1b: Indeedee\n|-supereffective|p1b: Indeedee\n|-damage|p1b: Indeedee|0 fnt\n|faint|p1b: Indeedee\n|\n|t:|1684137685\n|switch|p2b: Drednaw|Drednaw, L50, M|100\/100|[from] U-turn\n|cant|p2a: Pelipper|flinch\n|\n|-weather|RainDance|[upkeep]\n|upkeep\n|\n|t:|1684137693\n|switch|p1b: Starly|Starly, L50, F|100\/100\n|turn|2\n|\n|t:|1684137705\n|move|p2b: Drednaw|Rock Slide|p1a: Iron Hands|[spread] p1a,p1b\n|-resisted|p1a: Iron Hands\n|-supereffective|p1b: Starly\n|-damage|p1a: Iron Hands|91\/100\n|-enditem|p1b: Starly|Focus Sash\n|-damage|p1b: Starly|1\/100\n|move|p1b: Starly|Endeavor|p2b: Drednaw\n|-damage|p2b: Drednaw|1\/100\n|move|p2a: Pelipper|Hurricane|p1a: Iron Hands\n|-damage|p1a: Iron Hands|46\/100\n|-enditem|p1a: Iron Hands|Sitrus Berry|[eat]\n|-heal|p1a: Iron Hands|71\/100|[from] item: Sitrus Berry\n|move|p1a: Iron Hands|Thunder Punch|p2a: Pelipper\n|-supereffective|p2a: Pelipper\n|-damage|p2a: Pelipper|0 fnt\n|faint|p2a: Pelipper\n|\n|-weather|RainDance|[upkeep]\n|upkeep\n|\n|t:|1684137723\n|switch|p2a: Gengar|Gengar, L50, M|100\/100\n|turn|3\n|\n|t:|1684137739\n|move|p1b: Starly|Quick Attack|p2b: Drednaw\n|-resisted|p2b: Drednaw\n|-damage|p2b: Drednaw|0 fnt\n|faint|p2b: Drednaw\n|move|p2a: Gengar|Dazzling Gleam|p1b: Starly|[spread] p1a,p1b\n|-supereffective|p1a: Iron Hands\n|-damage|p1a: Iron Hands|29\/100\n|-damage|p1b: Starly|0 fnt\n|faint|p1b: Starly\n|move|p1a: Iron Hands|Thunder Punch|p2a: Gengar\n|-damage|p2a: Gengar|14\/100\n|\n|-weather|RainDance|[upkeep]\n|upkeep\n|\n|t:|1684137752\n|switch|p2b: Scizor|Scizor, L50, M, shiny|100\/100\n|switch|p1b: Maushold|Maushold-Four, L50|100\/100\n|turn|4\n|inactive|unimulticorn has 30 seconds left.\n|\n|t:|1684137780\n|move|p2b: Scizor|Bullet Punch|p1b: Maushold\n|-damage|p1b: Maushold|41\/100\n|move|p1b: Maushold|Crunch|p2a: Gengar\n|-supereffective|p2a: Gengar\n|-damage|p2a: Gengar|0 fnt\n|-start|p1b: Maushold|Disable|Crunch|[from] ability: Cursed Body|[of] p2a: Gengar\n|faint|p2a: Gengar\n|move|p1a: Iron Hands|Thunder Punch|p2b: Scizor\n|-damage|p2b: Scizor|53\/100\n|\n|-weather|RainDance|[upkeep]\n|-heal|p2b: Scizor|59\/100|[from] item: Leftovers\n|upkeep\n|turn|5\n|\n|t:|1684137804\n|move|p1b: Maushold|Population Bomb|p2b: Scizor\n|-resisted|p2b: Scizor\n|-damage|p2b: Scizor|54\/100\n|-resisted|p2b: Scizor\n|-damage|p2b: Scizor|49\/100\n|-resisted|p2b: Scizor\n|-damage|p2b: Scizor|43\/100\n|-resisted|p2b: Scizor\n|-damage|p2b: Scizor|38\/100\n|-resisted|p2b: Scizor\n|-damage|p2b: Scizor|33\/100\n|-resisted|p2b: Scizor\n|-damage|p2b: Scizor|27\/100\n|-resisted|p2b: Scizor\n|-damage|p2b: Scizor|22\/100\n|-resisted|p2b: Scizor\n|-damage|p2b: Scizor|16\/100\n|-resisted|p2b: Scizor\n|-damage|p2b: Scizor|11\/100\n|-resisted|p2b: Scizor\n|-damage|p2b: Scizor|5\/100\n|-hitcount|p2b: Scizor|10\n|move|p2b: Scizor|U-turn|p1a: Iron Hands\n|-resisted|p1a: Iron Hands\n|-damage|p1a: Iron Hands|15\/100\n|move|p1a: Iron Hands|Drain Punch|p2b: Scizor\n|-damage|p2b: Scizor|0 fnt\n|-heal|p1a: Iron Hands|17\/100|[from] drain|[of] p2b: Scizor\n|faint|p2b: Scizor\n|\n|win|unimulticorn\n|raw|unimulticorn's rating: 1110 → 1132<\/strong> (+22 for winning)\n|raw|Schwede1's rating: 1064 → 1047<\/strong> (-17 for losing)\n|l|\u2606Schwede1\n","uploadtime":1684137857,"views":27,"p1id":"unimulticorn","p2id":"schwede1","formatid":"gen9vgc2023regulationc","rating":1047,"private":0,"password":""}