{"id":"gen9vgc2023regulationc-1862185966","p1":"Catv470","p2":"TrainerMaskYT","format":"[Gen 9] VGC 2023 Regulation C","log":"|j|\u2606Catv470\n|j|\u2606TrainerMaskYT\n|t:|1683846798\n|gametype|doubles\n|player|p1|Catv470|1|1051\n|player|p2|TrainerMaskYT|blackbelt-gen4dp|1154\n|teamsize|p1|6\n|teamsize|p2|6\n|gen|9\n|tier|[Gen 9] VGC 2023 Regulation C\n|rated|\n|rule|Species Clause: Limit one of each Pok\u00e9mon\n|rule|Item Clause: Limit one of each item\n|clearpoke\n|poke|p1|Chien-Pao, L50|\n|poke|p1|Dragonite, L50, F|\n|poke|p1|Farigiraf, L50, M|\n|poke|p1|Gyarados, L50, M|\n|poke|p1|Flutter Mane, L50|\n|poke|p1|Roaring Moon, L50|\n|poke|p2|Flutter Mane, L50|\n|poke|p2|Roaring Moon, L50|\n|poke|p2|Chien-Pao, L50|\n|poke|p2|Torkoal, L50, M|\n|poke|p2|Iron Hands, L50|\n|poke|p2|Amoonguss, L50, F|\n|teampreview|4\n|inactive|Battle timer is ON: inactive players will automatically lose when time's up. (requested by Catv470)\nCatv470 has agreed to open team sheets.\n|inactive|Catv470 has 60 seconds left.\n|inactive|TrainerMaskYT has 60 seconds left.\n|\n|t:|1683846857\n|start\n|switch|p1a: !|Chien-Pao, L50|100\/100\n|switch|p1b: huh|Dragonite, L50, F, shiny|100\/100\n|switch|p2a: Torkoal|Torkoal, L50, M|100\/100\n|switch|p2b: Iron Hands|Iron Hands, L50|100\/100\n|-ability|p1a: !|Sword of Ruin\n|-weather|SunnyDay|[from] ability: Drought|[of] p2a: Torkoal\n|turn|1\n|inactive|Catv470 has 30 seconds left.\n|inactive|Catv470 has 20 seconds left.\n|inactive|TrainerMaskYT has 30 seconds left.\n|inactive|Catv470 has 15 seconds left.\n|inactive|Catv470 has 10 seconds left.\n|inactive|Catv470 has 5 seconds left.\n|\n|t:|1683846912\n|move|p2b: Iron Hands|Fake Out|p1b: huh\n|-damage|p1b: huh|91\/100\n|cant|p1b: huh|flinch\n|move|p1a: !|Icy Wind|p2b: Iron Hands|[spread] p2a,p2b\n|-resisted|p2a: Torkoal\n|-damage|p2a: Torkoal|90\/100\n|-damage|p2b: Iron Hands|88\/100\n|-unboost|p2a: Torkoal|spe|1\n|-enditem|p2a: Torkoal|Eject Pack\n|-unboost|p2b: Iron Hands|spe|1\n|-damage|p1a: !|91\/100|[from] item: Life Orb\n|\n|t:|1683846931\n|switch|p2a: Roaring Moon|Roaring Moon, L50|100\/100\n|-activate|p2a: Roaring Moon|ability: Protosynthesis\n|-start|p2a: Roaring Moon|protosynthesisatk\n|\n|-weather|SunnyDay|[upkeep]\n|upkeep\n|turn|2\n|inactive|Catv470 has 30 seconds left.\n|\n|t:|1683846966\n|switch|p1b: salt|Roaring Moon, L50|100\/100\n|-activate|p1b: salt|ability: Protosynthesis\n|-start|p1b: salt|protosynthesisatk\n|-terastallize|p2a: Roaring Moon|Flying\n|move|p1a: !|Sacred Sword|p2a: Roaring Moon\n|-resisted|p2a: Roaring Moon\n|-damage|p2a: Roaring Moon|75\/100\n|-damage|p1a: !|81\/100|[from] item: Life Orb\n|move|p2a: Roaring Moon|Dragon Dance|p2a: Roaring Moon\n|-boost|p2a: Roaring Moon|atk|1\n|-boost|p2a: Roaring Moon|spe|1\n|move|p2b: Iron Hands|Drain Punch|p1a: !\n|-supereffective|p1a: !\n|-damage|p1a: !|0 fnt\n|-heal|p2b: Iron Hands|100\/100|[from] drain|[of] p1a: !\n|faint|p1a: !\n|\n|-weather|SunnyDay|[upkeep]\n|upkeep\n|\n|t:|1683846985\n|switch|p1a: flying worm|Gyarados, L50, M|100\/100\n|-ability|p1a: flying worm|Intimidate|boost\n|-unboost|p2a: Roaring Moon|atk|1\n|-unboost|p2b: Iron Hands|atk|1\n|turn|3\n|\n|t:|1683847005\n|move|p2a: Roaring Moon|Acrobatics|p1a: flying worm\n|-damage|p1a: flying worm|56\/100\n|move|p1b: salt|Tailwind|p1b: salt\n|-sidestart|p1: Catv470|move: Tailwind\n|move|p1a: flying worm|Thunder Wave|p2a: Roaring Moon\n|-status|p2a: Roaring Moon|par\n|move|p2b: Iron Hands|Volt Switch|p1b: salt\n|-resisted|p1b: salt\n|-damage|p1b: salt|94\/100\n|\n|t:|1683847015\n|-end|p2b: Iron Hands|Quark Drive|[silent]\n|switch|p2b: Chien-Pao|Chien-Pao, L50|100\/100|[from] Volt Switch\n|-ability|p2b: Chien-Pao|Sword of Ruin\n|\n|-weather|SunnyDay|[upkeep]\n|upkeep\n|turn|4\n|\n|t:|1683847029\n|-terastallize|p1b: salt|Dragon\n|move|p1a: flying worm|Protect|p1a: flying worm\n|-singleturn|p1a: flying worm|Protect\n|move|p1b: salt|Acrobatics|p2b: Chien-Pao\n|-damage|p2b: Chien-Pao|64\/100\n|move|p2b: Chien-Pao|Ice Spinner|p1b: salt\n|-supereffective|p1b: salt\n|-damage|p1b: salt|0 fnt\n|faint|p1b: salt\n|-end|p1b: salt|Protosynthesis|[silent]\n|move|p2a: Roaring Moon|Acrobatics|p1a: flying worm\n|-activate|p1a: flying worm|move: Protect\n|\n|-weather|SunnyDay|[upkeep]\n|upkeep\n|\n|t:|1683847037\n|switch|p1b: huh|Dragonite, L50, F, shiny|91\/100\n|turn|5\n|\n|t:|1683847051\n|move|p1a: flying worm|Waterfall|p2b: Chien-Pao\n|-damage|p2b: Chien-Pao|37\/100\n|move|p1b: huh|Earthquake|p2b: Chien-Pao|[spread] p2b\n|-immune|p1a: flying worm\n|-immune|p2a: Roaring Moon\n|-damage|p2b: Chien-Pao|0 fnt\n|faint|p2b: Chien-Pao\n|move|p2a: Roaring Moon|Dragon Dance|p2a: Roaring Moon\n|-boost|p2a: Roaring Moon|atk|1\n|-boost|p2a: Roaring Moon|spe|1\n|\n|-weather|none\n|-end|p2a: Roaring Moon|Protosynthesis\n|upkeep\n|-enditem|p2a: Roaring Moon|Booster Energy\n|-activate|p2a: Roaring Moon|ability: Protosynthesis|[fromitem]\n|-start|p2a: Roaring Moon|protosynthesisatk\n|\n|t:|1683847065\n|switch|p2b: Iron Hands|Iron Hands, L50|100\/100\n|turn|6\n|-message|Catv470 forfeited.\n|\n|win|TrainerMaskYT\n|raw|Catv470's rating: 1051 → 1038<\/strong> (-13 for losing)\n|raw|TrainerMaskYT's rating: 1154 → 1172<\/strong> (+18 for winning)\n","uploadtime":1683847078,"views":7,"p1id":"catv470","p2id":"trainermaskyt","formatid":"gen9vgc2023regulationc","rating":1038,"private":0,"password":""}