{"id":"gen9vgc2023regulationc-1853506742","p1":"SDcupl","p2":"Matutinha","format":"[Gen 9] VGC 2023 Regulation C","log":"|j|\u2606SDcupl\n|j|\u2606Matutinha\n|t:|1682691773\n|gametype|doubles\n|player|p1|SDcupl|dawn-masters|1617\n|player|p2|Matutinha|102|1771\n|teamsize|p1|6\n|teamsize|p2|6\n|gen|9\n|tier|[Gen 9] VGC 2023 Regulation C\n|rated|\n|rule|Species Clause: Limit one of each Pok\u00e9mon\n|rule|Item Clause: Limit one of each item\n|clearpoke\n|poke|p1|Chi-Yu, L50|\n|poke|p1|Flutter Mane, L50|\n|poke|p1|Gothitelle, L50, F|\n|poke|p1|Iron Hands, L50|\n|poke|p1|Chien-Pao, L50|\n|poke|p1|Dragonite, L50, M|\n|poke|p2|Sandy Shocks, L50|\n|poke|p2|Espathra, L50, F|\n|poke|p2|Tyranitar, L50, M|\n|poke|p2|Lycanroc, L50, M|\n|poke|p2|Flutter Mane, L50|\n|poke|p2|Amoonguss, L50, M|\n|teampreview|4\n|inactive|Battle timer is ON: inactive players will automatically lose when time's up. (requested by Matutinha)\n|j| Rabbihorn\n|inactive|SDcupl has 60 seconds left.\n|\n|t:|1682691832\n|start\n|switch|p1a: Flutter Mane|Flutter Mane, L50|100\/100\n|switch|p1b: Gothitelle|Gothitelle, L50, F|100\/100\n|switch|p2a: Tyranitar|Tyranitar, L50, M|100\/100\n|switch|p2b: Lycanroc|Lycanroc, L50, M|100\/100\n|-weather|Sandstorm|[from] ability: Sand Stream|[of] p2a: Tyranitar\n|turn|1\n|j| efrgebgf\n|\n|t:|1682691854\n|move|p1b: Gothitelle|Fake Out|p2a: Tyranitar\n|-resisted|p2a: Tyranitar\n|-damage|p2a: Tyranitar|98\/100\n|move|p2b: Lycanroc|Rock Slide|p1a: Flutter Mane|[spread] p1a,p1b\n|-damage|p1a: Flutter Mane|10\/100\n|-damage|p1b: Gothitelle|63\/100\n|move|p1a: Flutter Mane|Perish Song|p1a: Flutter Mane\n|-start|p1a: Flutter Mane|perish3|[silent]\n|-start|p1b: Gothitelle|perish3|[silent]\n|-start|p2a: Tyranitar|perish3|[silent]\n|-start|p2b: Lycanroc|perish3|[silent]\n|-fieldactivate|move: Perish Song\n|cant|p2a: Tyranitar|flinch\n|\n|-weather|Sandstorm|[upkeep]\n|-damage|p1a: Flutter Mane|4\/100|[from] Sandstorm\n|-damage|p1b: Gothitelle|56\/100|[from] Sandstorm\n|-start|p2b: Lycanroc|perish3\n|-start|p1a: Flutter Mane|perish3\n|-start|p2a: Tyranitar|perish3\n|-start|p1b: Gothitelle|perish3\n|upkeep\n|turn|2\n|j| Winnethepooh\n|\n|t:|1682691875\n|-end|p1a: Flutter Mane|Protosynthesis|[silent]\n|switch|p1a: Iron Hands|Iron Hands, L50|100\/100\n|move|p1b: Gothitelle|Protect|p1b: Gothitelle\n|-singleturn|p1b: Gothitelle|Protect\n|move|p2b: Lycanroc|Rock Slide|p1a: Iron Hands|[spread] p1a\n|-activate|p1b: Gothitelle|move: Protect\n|-resisted|p1a: Iron Hands\n|-damage|p1a: Iron Hands|87\/100\n|move|p2a: Tyranitar|Rock Slide|p1b: Gothitelle|[spread] p1a\n|-activate|p1b: Gothitelle|move: Protect\n|-resisted|p1a: Iron Hands\n|-damage|p1a: Iron Hands|76\/100\n|\n|-weather|Sandstorm|[upkeep]\n|-damage|p1b: Gothitelle|50\/100|[from] Sandstorm\n|-damage|p1a: Iron Hands|70\/100|[from] Sandstorm\n|-enditem|p1b: Gothitelle|Sitrus Berry|[eat]\n|-heal|p1b: Gothitelle|75\/100|[from] item: Sitrus Berry\n|-start|p2b: Lycanroc|perish2\n|-start|p2a: Tyranitar|perish2\n|-start|p1b: Gothitelle|perish2\n|upkeep\n|turn|3\n|l| Winnethepooh\n|inactive|SDcupl has 30 seconds left.\n|\n|t:|1682691906\n|-terastallize|p2a: Tyranitar|Ghost\n|move|p1a: Iron Hands|Fake Out|p2a: Tyranitar\n|-immune|p2a: Tyranitar\n|move|p2b: Lycanroc|Rock Slide|p1a: Iron Hands|[spread] p1a,p1b\n|-resisted|p1a: Iron Hands\n|-damage|p1a: Iron Hands|57\/100\n|-damage|p1b: Gothitelle|34\/100\n|move|p2a: Tyranitar|Crunch|p1b: Gothitelle\n|-supereffective|p1b: Gothitelle\n|-damage|p1b: Gothitelle|0 fnt\n|faint|p1b: Gothitelle\n|\n|-weather|Sandstorm|[upkeep]\n|-damage|p2a: Tyranitar|92\/100|[from] Sandstorm\n|-damage|p1a: Iron Hands|51\/100|[from] Sandstorm\n|-start|p2b: Lycanroc|perish1\n|-start|p2a: Tyranitar|perish1\n|upkeep\n|j| Winnethepooh\n|j| Withoutexcuse\n|inactive|SDcupl has 30 seconds left.\n|\n|t:|1682691932\n|switch|p1b: Chi-Yu|Chi-Yu, L50|100\/100\n|-ability|p1b: Chi-Yu|Beads of Ruin\n|turn|4\n|\n|t:|1682691948\n|switch|p2a: Amoonguss|Amoonguss, L50, M|100\/100\n|-terastallize|p1b: Chi-Yu|Fire\n|move|p2b: Lycanroc|Rock Slide|p1a: Iron Hands|[spread] p1a,p1b\n|-resisted|p1a: Iron Hands\n|-supereffective|p1b: Chi-Yu\n|-damage|p1a: Iron Hands|37\/100\n|-damage|p1b: Chi-Yu|0 fnt\n|faint|p1b: Chi-Yu\n|move|p1a: Iron Hands|Drain Punch|p2b: Lycanroc\n|-supereffective|p2b: Lycanroc\n|-damage|p2b: Lycanroc|0 fnt\n|-heal|p1a: Iron Hands|68\/100|[from] drain|[of] p2b: Lycanroc\n|faint|p2b: Lycanroc\n|\n|-weather|Sandstorm|[upkeep]\n|-damage|p1a: Iron Hands|62\/100|[from] Sandstorm\n|-damage|p2a: Amoonguss|95\/100|[from] Sandstorm\n|upkeep\n|l| Winnethepooh\n|\n|t:|1682691969\n|switch|p2b: Flutter Mane|Flutter Mane, L50|100\/100\n|switch|p1b: Flutter Mane|Flutter Mane, L50|4\/100\n|-enditem|p2b: Flutter Mane|Booster Energy\n|-activate|p2b: Flutter Mane|ability: Protosynthesis|[fromitem]\n|-start|p2b: Flutter Mane|protosynthesisspe\n|turn|5\n|l|\u2606SDcupl\n|inactive|SDcupl disconnected and has a minute to reconnect!\n|player|p1|\n|j| Winnethepooh\n|inactive|SDcupl has 30 seconds left.\n|inactive|Matutinha has 30 seconds left.\n|inactive|SDcupl has 20 seconds left.\n|inactive|SDcupl has 15 seconds left.\n|inactive|SDcupl has 10 seconds left.\n|inactive|SDcupl has 5 seconds left.\n|-message|SDcupl lost due to inactivity.\n|\n|win|Matutinha\n|raw|SDcupl's rating: 1617 → 1605<\/strong> (-12 for losing)\n|raw|Matutinha's rating: 1771 → 1783<\/strong> (+12 for winning)\n|l|\u2606Matutinha\n","uploadtime":1682692047,"views":10,"p1id":"sdcupl","p2id":"matutinha","formatid":"gen9vgc2023regulationc","rating":1605,"private":0,"password":""}