{"id":"gen9vgc2023regulationc-1848295990","p1":"Peter Panshrew","p2":"Eternafan 1234","format":"[Gen 9] VGC 2023 Regulation C","log":"|j|\u2606Peter Panshrew\n|j|\u2606Eternafan 1234\n|t:|1682055516\n|gametype|doubles\n|player|p1|Peter Panshrew|101|\n|player|p2|Eternafan 1234|266|\n|teamsize|p1|6\n|teamsize|p2|6\n|gen|9\n|tier|[Gen 9] VGC 2023 Regulation C\n|rated|Tournament battle\n|rule|Species Clause: Limit one of each Pok\u00e9mon\n|rule|Item Clause: Limit one of each item\n|clearpoke\n|poke|p1|Corviknight, L50, M|\n|poke|p1|Glimmora, L50, M|\n|poke|p1|Annihilape, L50, F|\n|poke|p1|Roaring Moon, L50|\n|poke|p1|Maushold, L50|\n|poke|p1|Palafin, L50, M|\n|poke|p2|Chi-Yu, L50|\n|poke|p2|Gholdengo, L50|\n|poke|p2|Chien-Pao, L50|\n|poke|p2|Dragapult, L50, M|\n|poke|p2|Arcanine, L50, M|\n|poke|p2|Amoonguss, L50, M|\n|teampreview|4\n|raw| Open Team Sheet for Peter Panshrew<\/summary>Corviknight @ Leftovers Ability: Mirror Armor Level: 50 Tera Type: Water - Bulk Up - Roost - Iron Head - Brave Bird Glimmora @ Choice Scarf Ability: Toxic Debris Level: 50 Shiny: Yes Tera Type: Grass - Earth Power - Power Gem - Sludge Bomb - Energy Ball Annihilape @ Sitrus Berry Ability: Defiant Level: 50 Tera Type: Fire - Protect - Bulk Up - Rage Fist - Drain Punch Roaring Moon @ Booster Energy Ability: Protosynthesis Level: 50 Tera Type: Fire - Protect - Dragon Dance - Acrobatics - Throat Chop Maushold @ Safety Goggles Ability: Friend Guard Level: 50 Tera Type: Ghost - Protect - Follow Me - Beat Up - Encore Palafin @ Eject Pack Ability: Zero to Hero Level: 50 Tera Type: Water - Haze - Close Combat - Wave Crash - Jet Punch <\/details><\/div> Open Team Sheet for Eternafan 1234<\/summary>Chi-Yu @ Covert Cloak Ability: Beads of Ruin Level: 50 Tera Type: Flying - Taunt - Heat Wave - Dark Pulse - Protect Gholdengo @ Choice Scarf Ability: Good as Gold Level: 50 Tera Type: Steel - Make It Rain - Shadow Ball - Thunderbolt - Dazzling Gleam Chien-Pao @ Focus Sash Ability: Sword of Ruin Level: 50 Tera Type: Dark - Sacred Sword - Ice Spinner - Sucker Punch - Protect Dragapult @ Choice Band Ability: Clear Body Level: 50 Tera Type: Dark - Dragon Darts - Phantom Force - Sucker Punch - U-turn Arcanine @ Safety Goggles Ability: Intimidate Level: 50 Tera Type: Fire - Snarl - Will-O-Wisp - Flare Blitz - Protect Amoonguss @ Sitrus Berry Ability: Regenerator Level: 50 Tera Type: Water - Spore - Rage Powder - Protect - Pollen Puff <\/details><\/div>\n|inactive|Battle timer is ON: inactive players will automatically lose when time's up. (requested by Eternafan 1234)\n|c|\u2606Eternafan 1234|glhf\n|c|\u2606Peter Panshrew|you too\n|inactive|Peter Panshrew has 60 seconds left.\n|inactive|Eternafan 1234 has 60 seconds left.\n|inactive|Eternafan 1234 has 30 seconds left.\n|inactive|Eternafan 1234 has 20 seconds left.\n|inactive|Eternafan 1234 has 15 seconds left.\n|inactive|Eternafan 1234 has 10 seconds left.\n|\n|t:|1682055600\n|start\n|switch|p1a: Annihilape|Annihilape, L50, F|100\/100\n|switch|p1b: Maushold|Maushold, L50|100\/100\n|switch|p2a: Chi-Yu|Chi-Yu, L50|100\/100\n|switch|p2b: Amoonguss|Amoonguss, L50, M|100\/100\n|-ability|p2a: Chi-Yu|Beads of Ruin\n|turn|1\n|inactive|Peter Panshrew has 30 seconds left.\n|inactive|Eternafan 1234 has 30 seconds left.\n|\n|t:|1682055627\n|-terastallize|p1a: Annihilape|Fire\n|move|p2b: Amoonguss|Protect|p2b: Amoonguss\n|-singleturn|p2b: Amoonguss|Protect\n|move|p1b: Maushold|Follow Me|p1b: Maushold\n|-singleturn|p1b: Maushold|move: Follow Me\n|move|p2a: Chi-Yu|Heat Wave|p1b: Maushold|[spread] p1b\n|-miss|p2a: Chi-Yu|p1a: Annihilape\n|-damage|p1b: Maushold|37\/100\n|move|p1a: Annihilape|Bulk Up|p1a: Annihilape\n|-boost|p1a: Annihilape|atk|1\n|-boost|p1a: Annihilape|def|1\n|\n|upkeep\n|turn|2\n|\n|t:|1682055644\n|move|p2a: Chi-Yu|Dark Pulse|p1a: Annihilape\n|-damage|p1a: Annihilape|71\/100\n|move|p1b: Maushold|Beat Up|p1a: Annihilape\n|-damage|p1a: Annihilape|70\/100\n|-damage|p1a: Annihilape|69\/100\n|-damage|p1a: Annihilape|67\/100\n|-damage|p1a: Annihilape|66\/100\n|-hitcount|p1a: Annihilape|4\n|cant|p1a: Annihilape|flinch\n|move|p2b: Amoonguss|Spore|p1a: Annihilape\n|-status|p1a: Annihilape|slp|[from] move: Spore\n|\n|upkeep\n|turn|3\n|j| himothy23\n|l| himothy23\n|c|\u2606Peter Panshrew|sad\n|j| marioman6444\n|inactive|Eternafan 1234 has 30 seconds left.\n|\n|t:|1682055674\n|switch|p2b: Gholdengo|Gholdengo, L50|100\/100\n|move|p1b: Maushold|Protect|p1b: Maushold\n|-singleturn|p1b: Maushold|Protect\n|move|p2a: Chi-Yu|Dark Pulse|p1b: Maushold\n|-activate|p1b: Maushold|move: Protect\n|cant|p1a: Annihilape|slp\n|\n|upkeep\n|turn|4\n|\n|t:|1682055692\n|move|p1b: Maushold|Follow Me|p1b: Maushold\n|-singleturn|p1b: Maushold|move: Follow Me\n|move|p2b: Gholdengo|Shadow Ball|p1b: Maushold\n|-immune|p1b: Maushold\n|move|p2a: Chi-Yu|Heat Wave|p1a: Annihilape|[spread] p1a,p1b\n|-resisted|p1a: Annihilape\n|-damage|p1a: Annihilape|54\/100 slp\n|-damage|p1b: Maushold|0 fnt\n|faint|p1b: Maushold\n|cant|p1a: Annihilape|slp\n|\n|upkeep\n|\n|t:|1682055698\n|switch|p1b: Palafin|Palafin, L50, M|100\/100\n|turn|5\n|c|\u2606Eternafan 1234|im so carried im so sorry lol\n|c|\u2606Peter Panshrew|np\n|\n|t:|1682055718\n|move|p2b: Gholdengo|Shadow Ball|p1a: Annihilape\n|-damage|p1a: Annihilape|13\/100 slp\n|-enditem|p1a: Annihilape|Sitrus Berry|[eat]\n|-heal|p1a: Annihilape|38\/100 slp|[from] item: Sitrus Berry\n|move|p2a: Chi-Yu|Dark Pulse|p1a: Annihilape\n|-damage|p1a: Annihilape|1\/100 slp\n|move|p1b: Palafin|Wave Crash|p2a: Chi-Yu\n|-supereffective|p2a: Chi-Yu\n|-damage|p2a: Chi-Yu|0 fnt\n|faint|p2a: Chi-Yu\n|-damage|p1b: Palafin|80\/100|[from] Recoil\n|-curestatus|p1a: Annihilape|slp|[msg]\n|cant|p1a: Annihilape|flinch\n|\n|upkeep\n|c|\u2606Peter Panshrew|:<\n|c| marioman6444|WOW\n|c|\u2606Eternafan 1234|LOL\n|\n|t:|1682055741\n|switch|p2a: Dragapult|Dragapult, L50, M|100\/100\n|turn|6\n|c|\u2606Peter Panshrew|it was all going well until this\n|\n|t:|1682055747\n|switch|p2b: Amoonguss|Amoonguss, L50, M|100\/100\n|detailschange|p1b: Palafin|Palafin-Hero, L50, M\n|switch|p1b: Corviknight|Corviknight, L50, M|100\/100\n|move|p1a: Annihilape|Protect|p1a: Annihilape\n|-singleturn|p1a: Annihilape|Protect\n|move|p2a: Dragapult|Dragon Darts|p1b: Corviknight\n|-resisted|p1b: Corviknight\n|-damage|p1b: Corviknight|87\/100\n|-anim|p2a: Dragapult|Dragon Darts|p1b: Corviknight\n|-resisted|p1b: Corviknight\n|-damage|p1b: Corviknight|74\/100\n|\n|-heal|p1b: Corviknight|79\/100|[from] item: Leftovers\n|upkeep\n|turn|7\n|\n|t:|1682055766\n|switch|p1a: Palafin|Palafin-Hero, L50, M|80\/100\n|-activate|p1a: Palafin|ability: Zero to Hero\n|move|p2a: Dragapult|Dragon Darts|p1a: Palafin\n|-damage|p1a: Palafin|46\/100\n|-anim|p2a: Dragapult|Dragon Darts|p1b: Corviknight\n|-resisted|p1b: Corviknight\n|-damage|p1b: Corviknight|65\/100\n|move|p1b: Corviknight|Bulk Up|p1b: Corviknight\n|-boost|p1b: Corviknight|atk|1\n|-boost|p1b: Corviknight|def|1\n|move|p2b: Amoonguss|Spore|p1b: Corviknight\n|-status|p1b: Corviknight|slp|[from] move: Spore\n|\n|-heal|p1b: Corviknight|71\/100 slp|[from] item: Leftovers\n|upkeep\n|turn|8\n|inactive|Eternafan 1234 has 30 seconds left.\n|inactive|Eternafan 1234 has 20 seconds left.\n|inactive|Eternafan 1234 has 15 seconds left.\n|\n|t:|1682055811\n|switch|p1a: Annihilape|Annihilape, L50, F, tera:Fire|1\/100\n|move|p2a: Dragapult|Dragon Darts|p1a: Annihilape\n|-damage|p1a: Annihilape|0 fnt\n|-anim|p2a: Dragapult|Dragon Darts|p1b: Corviknight\n|-resisted|p1b: Corviknight\n|-crit|p1b: Corviknight\n|-damage|p1b: Corviknight|50\/100 slp\n|faint|p1a: Annihilape\n|cant|p1b: Corviknight|slp\n|move|p2b: Amoonguss|Pollen Puff|p1b: Corviknight\n|-resisted|p1b: Corviknight\n|-damage|p1b: Corviknight|47\/100 slp\n|\n|-heal|p1b: Corviknight|52\/100 slp|[from] item: Leftovers\n|upkeep\n|\n|t:|1682055816\n|switch|p1a: Palafin|Palafin-Hero, L50, M|46\/100\n|turn|9\n|inactive|Eternafan 1234 has 30 seconds left.\n|\n|t:|1682055846\n|move|p2b: Amoonguss|Rage Powder|p2b: Amoonguss\n|-singleturn|p2b: Amoonguss|move: Rage Powder\n|move|p2a: Dragapult|Dragon Darts|p1a: Palafin\n|-damage|p1a: Palafin|14\/100\n|-anim|p2a: Dragapult|Dragon Darts|p1b: Corviknight\n|-resisted|p1b: Corviknight\n|-damage|p1b: Corviknight|43\/100 slp\n|move|p1a: Palafin|Wave Crash|p2b: Amoonguss\n|-resisted|p2b: Amoonguss\n|-damage|p2b: Amoonguss|60\/100\n|-damage|p1a: Palafin|0 fnt|[from] Recoil\n|faint|p1a: Palafin\n|cant|p1b: Corviknight|slp\n|\n|-heal|p1b: Corviknight|49\/100 slp|[from] item: Leftovers\n|upkeep\n|turn|10\n|-message|Peter Panshrew forfeited.\n|\n|win|Eternafan 1234\n|n|\u2606Peter Panshrew|peterpanshrew\n|n|\u2606Eternafan 1234|eternafan1234\n|n| marioman6444|marioman6444\n","uploadtime":1682055855,"views":5,"p1id":"peterpanshrew","p2id":"eternafan1234","formatid":"gen9vgc2023regulationc","rating":0,"private":0,"password":""}