{"id":"gen9vgc2023regulationc-1846779014","p1":"ChossyVGC","p2":"SoggyWaffles35","format":"[Gen 9] VGC 2023 Regulation C","log":"|j|\u2606ChossyVGC\n|j|\u2606SoggyWaffles35\n|t:|1681877929\n|gametype|doubles\n|player|p1|ChossyVGC|veteran|1096\n|player|p2|SoggyWaffles35|265|1053\n|teamsize|p1|6\n|teamsize|p2|6\n|gen|9\n|tier|[Gen 9] VGC 2023 Regulation C\n|rated|\n|rule|Species Clause: Limit one of each Pok\u00e9mon\n|rule|Item Clause: Limit one of each item\n|clearpoke\n|poke|p1|Bronzong, L50|\n|poke|p1|Kingambit, L50, M|\n|poke|p1|Lycanroc-Midnight, L50, M|\n|poke|p1|Blissey, L50, F|\n|poke|p1|Dondozo, L50, F|\n|poke|p1|Tatsugiri, L50, M|\n|poke|p2|Orthworm, L50, M|\n|poke|p2|Ting-Lu, L50|\n|poke|p2|Chien-Pao, L50|\n|poke|p2|Dragonite, L50, M|\n|poke|p2|Gyarados, L50, M|\n|poke|p2|Flutter Mane, L50|\n|teampreview|4\nSoggyWaffles35 has agreed to open team sheets.\nChossyVGC rejected open team sheets.\n|c|\u2606SoggyWaffles35|damn\n|c|\u2606SoggyWaffles35|ofc\n|inactive|Battle timer is ON: inactive players will automatically lose when time's up. (requested by ChossyVGC)\n|\n|t:|1681877983\n|start\n|switch|p1a: Lycanroc|Lycanroc-Midnight, L50, M|100\/100\n|switch|p1b: Bronzong|Bronzong, L50|100\/100\n|switch|p2a: Orthworm|Orthworm, L50, M|100\/100\n|switch|p2b: Ting-Lu|Ting-Lu, L50|100\/100\n|-ability|p2b: Ting-Lu|Vessel of Ruin\n|turn|1\n|c|\u2606ChossyVGC|can't give away my secrets ;)\n|c|\u2606SoggyWaffles35|ig\n|inactive|SoggyWaffles35 has 30 seconds left.\n|inactive|SoggyWaffles35 has 20 seconds left.\n|inactive|SoggyWaffles35 has 15 seconds left.\n|inactive|SoggyWaffles35 has 10 seconds left.\n|inactive|SoggyWaffles35 has 5 seconds left.\n|\n|t:|1681878034\n|-terastallize|p1b: Bronzong|Flying\n|move|p1a: Lycanroc|Taunt|p2a: Orthworm\n|-start|p2a: Orthworm|move: Taunt\n|move|p2a: Orthworm|Body Press|p1a: Lycanroc\n|-supereffective|p1a: Lycanroc\n|-damage|p1a: Lycanroc|28\/100\n|move|p2b: Ting-Lu|Payback|p1b: Bronzong\n|-damage|p1b: Bronzong|78\/100\n|move|p1b: Bronzong|Skill Swap|p1a: Lycanroc\n|-activate|p1b: Bronzong|move: Skill Swap|||[of] p1a: Lycanroc\n|\n|upkeep\n|turn|2\n|\n|t:|1681878055\n|switch|p1a: Dondozo|Dondozo, L50, F|100\/100\n|move|p2a: Orthworm|Heavy Slam|p1a: Dondozo\n|-resisted|p1a: Dondozo\n|-damage|p1a: Dondozo|97\/100\n|move|p2b: Ting-Lu|Rock Slide|p1b: Bronzong|[spread] p1a,p1b\n|-supereffective|p1b: Bronzong\n|-damage|p1a: Dondozo|86\/100\n|-damage|p1b: Bronzong|44\/100\n|move|p1b: Bronzong|Skill Swap|p1a: Dondozo\n|-activate|p1b: Bronzong|move: Skill Swap|||[of] p1a: Dondozo\n|\n|upkeep\n|turn|3\n|inactive|SoggyWaffles35 has 30 seconds left.\n|inactive|SoggyWaffles35 has 20 seconds left.\n|inactive|SoggyWaffles35 has 15 seconds left.\n|inactive|SoggyWaffles35 has 10 seconds left.\n|\n|t:|1681878101\n|move|p2a: Orthworm|Body Press|p1b: Bronzong\n|-resisted|p1b: Bronzong\n|-damage|p1b: Bronzong|31\/100\n|move|p2b: Ting-Lu|Rock Slide|p1b: Bronzong|[spread] p1a,p1b\n|-supereffective|p1b: Bronzong\n|-damage|p1a: Dondozo|74\/100\n|-damage|p1b: Bronzong|0 fnt\n|faint|p1b: Bronzong\n|cant|p1a: Dondozo|flinch\n|\n|-end|p2a: Orthworm|move: Taunt\n|upkeep\n|\n|t:|1681878114\n|switch|p1b: Tatsugiri|Tatsugiri, L50, M|100\/100\n|-activate|p1b: Tatsugiri|ability: Commander|[of] p1a: Dondozo\n|-boost|p1a: Dondozo|atk|2\n|-boost|p1a: Dondozo|spa|2\n|-boost|p1a: Dondozo|spe|2\n|-boost|p1a: Dondozo|def|2\n|-boost|p1a: Dondozo|spd|2\n|turn|4\n|inactive|SoggyWaffles35 has 30 seconds left.\n|\n|t:|1681878147\n|-terastallize|p2b: Ting-Lu|Water\n|move|p1a: Dondozo|Fissure|p2b: Ting-Lu\n|-damage|p2b: Ting-Lu|0 fnt\n|faint|p2b: Ting-Lu\n|-ohko\n|move|p2a: Orthworm|Body Press|p1a: Dondozo\n|-damage|p1a: Dondozo|66\/100\n|\n|upkeep\n|\n|t:|1681878158\n|switch|p2b: Chien-Pao|Chien-Pao, L50|100\/100\n|-ability|p2b: Chien-Pao|Sword of Ruin\n|turn|5\n|\n|t:|1681878169\n|switch|p2a: Dragonite|Dragonite, L50, M|100\/100\n|move|p2b: Chien-Pao|Haze|p2b: Chien-Pao\n|-clearallboost\n|move|p1a: Dondozo|Fissure|p2b: Chien-Pao\n|-enditem|p2b: Chien-Pao|Focus Sash\n|-damage|p2b: Chien-Pao|1\/100\n|\n|upkeep\n|turn|6\n|\n|t:|1681878193\n|move|p2a: Dragonite|Extreme Speed|p1a: Dondozo\n|-damage|p1a: Dondozo|47\/100\n|move|p2b: Chien-Pao|Sacred Sword|p1a: Dondozo\n|-damage|p1a: Dondozo|23\/100\n|move|p1a: Dondozo|Fissure|p2b: Chien-Pao\n|-damage|p2b: Chien-Pao|0 fnt\n|faint|p2b: Chien-Pao\n|-ohko\n|\n|upkeep\n|\n|t:|1681878201\n|switch|p2b: Orthworm|Orthworm, L50, M|100\/100\n|turn|7\n|inactive|SoggyWaffles35 has 30 seconds left.\n|\n|t:|1681878236\n|move|p2a: Dragonite|Extreme Speed|p1a: Dondozo\n|-damage|p1a: Dondozo|6\/100\n|move|p2b: Orthworm|Body Press|p1a: Dondozo\n|-damage|p1a: Dondozo|0 fnt\n|faint|p1a: Dondozo\n|\n|upkeep\n|\n|t:|1681878243\n|switch|p1a: Lycanroc|Lycanroc-Midnight, L50, M|28\/100\n|turn|8\n|\n|t:|1681878261\n|move|p1a: Lycanroc|Protect|p1a: Lycanroc\n|-singleturn|p1a: Lycanroc|Protect\n|move|p2a: Dragonite|Extreme Speed|p1a: Lycanroc\n|-activate|p1a: Lycanroc|move: Protect\n|move|p1b: Tatsugiri|Icy Wind|p2a: Dragonite|[spread] p2a,p2b\n|-supereffective|p2a: Dragonite\n|-resisted|p2b: Orthworm\n|-damage|p2a: Dragonite|75\/100\n|-damage|p2b: Orthworm|94\/100\n|-unboost|p2a: Dragonite|spe|1\n|-unboost|p2b: Orthworm|spe|1\n|move|p2b: Orthworm|Heavy Slam|p1b: Tatsugiri\n|-resisted|p1b: Tatsugiri\n|-damage|p1b: Tatsugiri|73\/100\n|\n|upkeep\n|turn|9\n|inactive|ChossyVGC has 30 seconds left.\n|\n|t:|1681878289\n|move|p1b: Tatsugiri|Icy Wind|p2b: Orthworm|[spread] p2a,p2b\n|-supereffective|p2a: Dragonite\n|-resisted|p2b: Orthworm\n|-damage|p2a: Dragonite|21\/100\n|-damage|p2b: Orthworm|87\/100\n|-unboost|p2a: Dragonite|spe|1\n|-unboost|p2b: Orthworm|spe|1\n|move|p1a: Lycanroc|Charm|p2a: Dragonite\n|-unboost|p2a: Dragonite|atk|2\n|move|p2a: Dragonite|Earthquake|p1b: Tatsugiri|[spread] p1a,p1b\n|-heal|p2b: Orthworm|100\/100|[from] ability: Earth Eater|[of] p2a: Dragonite\n|-supereffective|p1a: Lycanroc\n|-damage|p1a: Lycanroc|0 fnt\n|-damage|p1b: Tatsugiri|53\/100\n|faint|p1a: Lycanroc\n|move|p2b: Orthworm|Body Press|p1b: Tatsugiri\n|-damage|p1b: Tatsugiri|14\/100\n|\n|upkeep\n|turn|10\n|c|\u2606ChossyVGC|gg\n|\n|t:|1681878308\n|move|p2a: Dragonite|Extreme Speed|p1b: Tatsugiri\n|-damage|p1b: Tatsugiri|0 fnt\n|faint|p1b: Tatsugiri\n|\n|win|SoggyWaffles35\n|raw|ChossyVGC's rating: 1096 → 1069<\/strong> (-27 for losing)\n|raw|SoggyWaffles35's rating: 1053 → 1089<\/strong> (+36 for winning)\n|l|\u2606ChossyVGC\n|c|\u2606SoggyWaffles35|This is why I hate gimmicks\n|c|\u2606SoggyWaffles35|gg\n","uploadtime":1681878318,"views":9,"p1id":"chossyvgc","p2id":"soggywaffles35","formatid":"gen9vgc2023regulationc","rating":1069,"private":0,"password":""}