{"id":"gen9vgc2023regulationc-1861521744","p1":"NickNoName","p2":"SoupCircle","format":"[Gen 9] VGC 2023 Regulation C","log":"|j|\u2606NickNoName\n|j|\u2606SoupCircle\n|t:|1683768258\n|gametype|doubles\n|player|p1|NickNoName|265|1088\n|player|p2|SoupCircle|rosa|1018\n|teamsize|p1|6\n|teamsize|p2|6\n|gen|9\n|tier|[Gen 9] VGC 2023 Regulation C\n|rated|\n|rule|Species Clause: Limit one of each Pok\u00e9mon\n|rule|Item Clause: Limit one of each item\n|clearpoke\n|poke|p1|Iron Bundle, L50|\n|poke|p1|Pincurchin, L50, F|\n|poke|p1|Abomasnow, L50, F|\n|poke|p1|Sandy Shocks, L50|\n|poke|p1|Flutter Mane, L50|\n|poke|p1|Chi-Yu, L50|\n|poke|p2|Iron Bundle, L50|\n|poke|p2|Armarouge, L50, M|\n|poke|p2|Indeedee-F, L50, F|\n|poke|p2|Sudowoodo, L50, M|\n|poke|p2|Amoonguss, L50, F|\n|poke|p2|Bronzong, L50|\n|teampreview|4\n|\n|t:|1683768269\n|start\n|switch|p1a: Flutter Mane|Flutter Mane, L50, shiny|100\/100\n|switch|p1b: Chi-Yu|Chi-Yu, L50|100\/100\n|switch|p2a: Amoonguss|Amoonguss, L50, F|100\/100\n|switch|p2b: Bronzong|Bronzong, L50|100\/100\n|-ability|p1b: Chi-Yu|Beads of Ruin\n|-enditem|p1a: Flutter Mane|Booster Energy\n|-activate|p1a: Flutter Mane|ability: Protosynthesis|[fromitem]\n|-start|p1a: Flutter Mane|protosynthesisspe\n|turn|1\n|inactive|Battle timer is ON: inactive players will automatically lose when time's up. (requested by SoupCircle)\n|\n|t:|1683768286\n|move|p2a: Amoonguss|Protect|p2a: Amoonguss\n|-singleturn|p2a: Amoonguss|Protect\n|move|p1a: Flutter Mane|Imprison|p1a: Flutter Mane\n|-start|p1a: Flutter Mane|move: Imprison\n|move|p1b: Chi-Yu|Heat Wave|p2a: Amoonguss|[spread] p2b\n|-activate|p2a: Amoonguss|move: Protect\n|-supereffective|p2b: Bronzong\n|-damage|p2b: Bronzong|63\/100\n|cant|p2b: Bronzong|move: Imprison|Trick Room\n|\n|upkeep\n|turn|2\n|inactive|NickNoName has 30 seconds left.\n|\n|t:|1683768319\n|-end|p1a: Flutter Mane|Protosynthesis|[silent]\n|switch|p1a: Abomasnow|Abomasnow, L50, F|100\/100\n|-weather|Snow|[from] ability: Snow Warning|[of] p1a: Abomasnow\n|-terastallize|p2a: Amoonguss|Water\n|move|p1b: Chi-Yu|Heat Wave|p2b: Bronzong|[spread] p2a,p2b\n|-resisted|p2a: Amoonguss\n|-supereffective|p2b: Bronzong\n|-damage|p2a: Amoonguss|82\/100\n|-damage|p2b: Bronzong|27\/100\n|-enditem|p2a: Amoonguss|Eject Button\n|\n|t:|1683768332\n|switch|p2a: Iron Bundle|Iron Bundle, L50|100\/100\n|move|p2b: Bronzong|Gyro Ball|p1a: Abomasnow\n|-supereffective|p1a: Abomasnow\n|-damage|p1a: Abomasnow|75\/100\n|\n|-weather|Snow|[upkeep]\n|upkeep\n|turn|3\n|\n|t:|1683768355\n|move|p1b: Chi-Yu|Protect|p1b: Chi-Yu\n|-singleturn|p1b: Chi-Yu|Protect\n|move|p2a: Iron Bundle|Hydro Pump|p1b: Chi-Yu\n|-activate|p1b: Chi-Yu|move: Protect\n|move|p1a: Abomasnow|Leaf Storm|p2a: Iron Bundle\n|-supereffective|p2a: Iron Bundle\n|-damage|p2a: Iron Bundle|0 fnt\n|-unboost|p1a: Abomasnow|spa|2\n|faint|p2a: Iron Bundle\n|-end|p2a: Iron Bundle|Quark Drive|[silent]\n|move|p2b: Bronzong|Trick Room|p2b: Bronzong\n|-fieldstart|move: Trick Room|[of] p2b: Bronzong\n|\n|-weather|Snow|[upkeep]\n|upkeep\n|\n|t:|1683768371\n|switch|p2a: Amoonguss|Amoonguss, L50, F, tera:Water|100\/100\n|turn|4\n|\n|t:|1683768384\n|move|p2b: Bronzong|Gravity|p2b: Bronzong\n|-fieldstart|move: Gravity\n|move|p2a: Amoonguss|Spore|p1b: Chi-Yu\n|-activate|p1b: Chi-Yu|item: Safety Goggles|Spore\n|move|p1a: Abomasnow|Aurora Veil|p1a: Abomasnow\n|-sidestart|p1: NickNoName|move: Aurora Veil\n|move|p1b: Chi-Yu|Dark Pulse|p2a: Amoonguss\n|-damage|p2a: Amoonguss|54\/100\n|\n|-weather|Snow|[upkeep]\n|upkeep\n|turn|5\n|inactive|SoupCircle has 30 seconds left.\n|\n|t:|1683768414\n|move|p2b: Bronzong|Hypnosis|p1b: Chi-Yu\n|-status|p1b: Chi-Yu|slp|[from] move: Hypnosis\n|move|p2a: Amoonguss|Pollen Puff|p1a: Abomasnow\n|-supereffective|p1a: Abomasnow\n|-damage|p1a: Abomasnow|43\/100\n|move|p1a: Abomasnow|Blizzard|p2b: Bronzong|[spread] p2a,p2b\n|-resisted|p2a: Amoonguss\n|-resisted|p2b: Bronzong\n|-damage|p2a: Amoonguss|46\/100\n|-damage|p2b: Bronzong|19\/100\n|cant|p1b: Chi-Yu|slp\n|\n|-weather|Snow|[upkeep]\n|upkeep\n|turn|6\n|\n|t:|1683768436\n|switch|p2a: Sudowoodo|Sudowoodo, L50, M|100\/100\n|switch|p1a: Flutter Mane|Flutter Mane, L50, shiny|100\/100\n|move|p2b: Bronzong|Hypnosis|p1a: Flutter Mane\n|-status|p1a: Flutter Mane|slp|[from] move: Hypnosis\n|cant|p1b: Chi-Yu|slp\n|\n|-weather|none\n|upkeep\n|turn|7\n|inactive|SoupCircle has 30 seconds left.\n|\n|t:|1683768461\n|move|p2b: Bronzong|Gyro Ball|p1a: Flutter Mane\n|-supereffective|p1a: Flutter Mane\n|-damage|p1a: Flutter Mane|25\/100 slp\n|move|p2a: Sudowoodo|Head Smash|p1a: Flutter Mane\n|-damage|p1a: Flutter Mane|0 fnt\n|faint|p1a: Flutter Mane\n|-end|p1a: Flutter Mane|Protosynthesis|[silent]\n|-damage|p2a: Sudowoodo|91\/100|[from] item: Life Orb\n|cant|p1b: Chi-Yu|slp\n|\n|-fieldend|move: Trick Room\n|upkeep\n|\n|t:|1683768475\n|switch|p1a: Abomasnow|Abomasnow, L50, F|43\/100\n|-weather|Snow|[from] ability: Snow Warning|[of] p1a: Abomasnow\n|turn|8\n|\n|t:|1683768497\n|switch|p2a: Amoonguss|Amoonguss, L50, F, tera:Water|79\/100\n|-curestatus|p1b: Chi-Yu|slp|[msg]\n|move|p1b: Chi-Yu|Dark Pulse|p2b: Bronzong\n|-supereffective|p2b: Bronzong\n|-damage|p2b: Bronzong|0 fnt\n|faint|p2b: Bronzong\n|move|p1a: Abomasnow|Blizzard|p2a: Amoonguss\n|-resisted|p2a: Amoonguss\n|-damage|p2a: Amoonguss|55\/100\n|\n|-weather|Snow|[upkeep]\n|-fieldend|move: Gravity\n|upkeep\n|\n|t:|1683768511\n|switch|p2b: Sudowoodo|Sudowoodo, L50, M|91\/100\n|turn|9\n|\n|t:|1683768524\n|-terastallize|p1b: Chi-Yu|Grass\n|move|p2a: Amoonguss|Rage Powder|p2a: Amoonguss\n|-singleturn|p2a: Amoonguss|move: Rage Powder\n|move|p1b: Chi-Yu|Tera Blast|p2b: Sudowoodo\n|-supereffective|p2b: Sudowoodo\n|-damage|p2b: Sudowoodo|0 fnt\n|faint|p2b: Sudowoodo\n|move|p1a: Abomasnow|Leaf Storm|p2a: Amoonguss\n|-supereffective|p2a: Amoonguss\n|-damage|p2a: Amoonguss|0 fnt\n|-unboost|p1a: Abomasnow|spa|2\n|faint|p2a: Amoonguss\n|\n|win|NickNoName\n|raw|NickNoName's rating: 1088 → 1109<\/strong> (+21 for winning)\n|raw|SoupCircle's rating: 1018 → 1008<\/strong> (-10 for losing)\n|l|\u2606SoupCircle\n","uploadtime":1683768539,"views":10,"p1id":"nicknoname","p2id":"soupcircle","formatid":"gen9vgc2023regulationc","rating":1008,"private":0,"password":""}