{"id":"gen9vgc2023regulationc-1848215227","p1":"Kiriziozar","p2":"Maikou46","format":"[Gen 9] VGC 2023 Regulation C","log":"|j|\u2606Kiriziozar\n|j|\u203dMaikou46\n|t:|1682043498\n|gametype|doubles\n|player|p1|Kiriziozar|lance|1000\n|player|p2|Maikou46|ingo|1000\n|teamsize|p1|6\n|teamsize|p2|6\n|gen|9\n|tier|[Gen 9] VGC 2023 Regulation C\n|rated|\n|rule|Species Clause: Limit one of each Pok\u00e9mon\n|rule|Item Clause: Limit one of each item\n|clearpoke\n|poke|p1|Dondozo, L50, F|\n|poke|p1|Tatsugiri-Stretchy, L50, F|\n|poke|p1|Chi-Yu, L50|\n|poke|p1|Flutter Mane, L50|\n|poke|p1|Dragonite, L50, M|\n|poke|p1|Glimmora, L50, F|\n|poke|p2|Sylveon, L50, M|\n|poke|p2|Raichu, L50, F|\n|poke|p2|Klefki, L50, F|\n|poke|p2|Iron Valiant, L50|\n|poke|p2|Dragapult, L50, M|\n|poke|p2|Scream Tail, L50|\n|teampreview|4\n|inactive|Battle timer is ON: inactive players will automatically lose when time's up. (requested by Maikou46)\n|inactive|Kiriziozar has 60 seconds left.\n|\n|t:|1682043544\n|start\n|switch|p1a: Glimmora|Glimmora, L50, F|100\/100\n|switch|p1b: Dondozo|Dondozo, L50, F|100\/100\n|switch|p2a: Raichu|Raichu, L50, F|100\/100\n|switch|p2b: Sylveon|Sylveon, L50, M|100\/100\n|turn|1\n|\n|t:|1682043562\n|move|p2b: Sylveon|Protect|p2b: Sylveon\n|-singleturn|p2b: Sylveon|Protect\n|move|p2a: Raichu|Nuzzle|p1b: Dondozo\n|-supereffective|p1b: Dondozo\n|-damage|p1b: Dondozo|93\/100\n|-status|p1b: Dondozo|par\n|move|p1a: Glimmora|Toxic|p2b: Sylveon\n|-activate|p2b: Sylveon|move: Protect\n|move|p1b: Dondozo|Yawn|p2b: Sylveon\n|-activate|p2b: Sylveon|move: Protect\n|\n|upkeep\n|turn|2\n|inactive|Maikou46 has 30 seconds left.\n|\n|t:|1682043588\n|switch|p2b: Dragapult|Dragapult, L50, M|100\/100\n|move|p1b: Dondozo|Protect|p1b: Dondozo\n|-singleturn|p1b: Dondozo|Protect\n|move|p2a: Raichu|Volt Switch|p1b: Dondozo\n|-activate|p1b: Dondozo|move: Protect\n|move|p1a: Glimmora|Toxic|p2b: Dragapult\n|-status|p2b: Dragapult|tox\n|\n|-damage|p2b: Dragapult|94\/100 tox|[from] psn\n|upkeep\n|turn|3\n|inactive|Maikou46 has 30 seconds left.\n|\n|t:|1682043621\n|move|p2b: Dragapult|Dragon Darts|p1a: Glimmora\n|-damage|p1a: Glimmora|72\/100\n|-activate|p1a: Glimmora|ability: Toxic Debris\n|-sidestart|p2: Maikou46|move: Toxic Spikes\n|-anim|p2b: Dragapult|Dragon Darts|p1b: Dondozo\n|-damage|p1b: Dondozo|78\/100 par\n|move|p2a: Raichu|Volt Switch|p1b: Dondozo\n|-supereffective|p1b: Dondozo\n|-damage|p1b: Dondozo|50\/100 par\n|-enditem|p1b: Dondozo|Sitrus Berry|[eat]\n|-heal|p1b: Dondozo|75\/100 par|[from] item: Sitrus Berry\n|\n|t:|1682043632\n|switch|p2a: Iron Valiant|Iron Valiant, L50|100\/100|[from] Volt Switch\n|-enditem|p2a: Iron Valiant|Booster Energy\n|-activate|p2a: Iron Valiant|ability: Quark Drive|[fromitem]\n|-start|p2a: Iron Valiant|quarkdrivespe\n|-status|p2a: Iron Valiant|psn\n|move|p1a: Glimmora|Toxic||[still]\n|-fail|p1a: Glimmora\n|move|p1b: Dondozo|Wave Crash|p2a: Iron Valiant\n|-damage|p2a: Iron Valiant|46\/100 psn\n|-damage|p1b: Dondozo|65\/100 par|[from] Recoil\n|\n|-damage|p2a: Iron Valiant|34\/100 psn|[from] psn\n|-damage|p2b: Dragapult|82\/100 tox|[from] psn\n|upkeep\n|turn|4\n|\n|t:|1682043656\n|move|p1a: Glimmora|Spiky Shield|p1a: Glimmora\n|-singleturn|p1a: Glimmora|move: Protect\n|move|p1b: Dondozo|Protect|p1b: Dondozo\n|-singleturn|p1b: Dondozo|Protect\n|move|p2a: Iron Valiant|Spirit Break|p1b: Dondozo\n|-activate|p1b: Dondozo|move: Protect\n|move|p2b: Dragapult|Phantom Force||[still]\n|-prepare|p2b: Dragapult|Phantom Force\n|\n|-damage|p2a: Iron Valiant|22\/100 psn|[from] psn\n|-damage|p2b: Dragapult|64\/100 tox|[from] psn\n|upkeep\n|turn|5\n|\n|t:|1682043681\n|move|p2a: Iron Valiant|Spirit Break|p1b: Dondozo\n|-damage|p1b: Dondozo|40\/100 par\n|-unboost|p1b: Dondozo|spa|1\n|move|p2b: Dragapult|Phantom Force|p1a: Glimmora|[from]lockedmove\n|-damage|p1a: Glimmora|24\/100\n|-activate|p1a: Glimmora|ability: Toxic Debris\n|-sidestart|p2: Maikou46|move: Toxic Spikes\n|move|p1a: Glimmora|Earth Power|p2a: Iron Valiant\n|-damage|p2a: Iron Valiant|0 fnt\n|faint|p2a: Iron Valiant\n|-end|p2a: Iron Valiant|Quark Drive|[silent]\n|move|p1b: Dondozo|Wave Crash|p2b: Dragapult\n|-resisted|p2b: Dragapult\n|-damage|p2b: Dragapult|35\/100 tox\n|-damage|p1b: Dondozo|34\/100 par|[from] Recoil\n|\n|-damage|p2b: Dragapult|11\/100 tox|[from] psn\n|upkeep\n|\n|t:|1682043705\n|switch|p2a: Sylveon|Sylveon, L50, M|100\/100\n|-status|p2a: Sylveon|tox\n|turn|6\n|\n|t:|1682043712\n|move|p1a: Glimmora|Spiky Shield|p1a: Glimmora\n|-singleturn|p1a: Glimmora|move: Protect\n|move|p1b: Dondozo|Protect|p1b: Dondozo\n|-singleturn|p1b: Dondozo|Protect\n|move|p2b: Dragapult|Dragon Darts|p1a: Glimmora\n|-activate|p1b: Dondozo|move: Protect\n|move|p2a: Sylveon|Hyper Voice|p1a: Glimmora|[spread] \n|-activate|p1a: Glimmora|move: Protect\n|-activate|p1b: Dondozo|move: Protect\n|\n|-damage|p2b: Dragapult|0 fnt|[from] psn\n|faint|p2b: Dragapult\n|-damage|p2a: Sylveon|95\/100 tox|[from] psn\n|upkeep\n|\n|t:|1682043715\n|switch|p2b: Raichu|Raichu, L50, F|100\/100\n|-status|p2b: Raichu|tox\n|turn|7\n|\n|t:|1682043734\n|move|p2b: Raichu|Fake Out|p1a: Glimmora\n|-resisted|p1a: Glimmora\n|-damage|p1a: Glimmora|19\/100\n|cant|p1a: Glimmora|flinch\n|move|p2a: Sylveon|Hyper Voice|p1b: Dondozo|[spread] p1a,p1b\n|-resisted|p1a: Glimmora\n|-damage|p1a: Glimmora|0 fnt\n|-damage|p1b: Dondozo|6\/100 par\n|faint|p1a: Glimmora\n|move|p1b: Dondozo|Bulldoze|p2a: Sylveon|[spread] p2a,p2b\n|-supereffective|p2b: Raichu\n|-damage|p2a: Sylveon|82\/100 tox\n|-damage|p2b: Raichu|67\/100 tox\n|-unboost|p2a: Sylveon|spe|1\n|-unboost|p2b: Raichu|spe|1\n|\n|-damage|p2b: Raichu|61\/100 tox|[from] psn\n|-damage|p2a: Sylveon|70\/100 tox|[from] psn\n|upkeep\n|\n|t:|1682043750\n|switch|p1a: Chi-Yu|Chi-Yu, L50|100\/100\n|-ability|p1a: Chi-Yu|Beads of Ruin\n|turn|8\n|\n|t:|1682043763\n|-terastallize|p2a: Sylveon|Water\n|move|p1a: Chi-Yu|Protect|p1a: Chi-Yu\n|-singleturn|p1a: Chi-Yu|Protect\n|move|p1b: Dondozo|Protect|p1b: Dondozo\n|-singleturn|p1b: Dondozo|Protect\n|move|p2b: Raichu|Volt Switch|p1b: Dondozo\n|-activate|p1b: Dondozo|move: Protect\n|move|p2a: Sylveon|Tera Blast|p1a: Chi-Yu\n|-activate|p1a: Chi-Yu|move: Protect\n|\n|-damage|p2b: Raichu|49\/100 tox|[from] psn\n|-damage|p2a: Sylveon|52\/100 tox|[from] psn\n|upkeep\n|turn|9\n|\n|t:|1682043782\n|move|p1a: Chi-Yu|Dark Pulse|p2a: Sylveon\n|-damage|p2a: Sylveon|9\/100 tox\n|-enditem|p2a: Sylveon|Sitrus Berry|[eat]\n|-heal|p2a: Sylveon|34\/100 tox|[from] item: Sitrus Berry\n|move|p2b: Raichu|Volt Switch|p1b: Dondozo\n|-supereffective|p1b: Dondozo\n|-damage|p1b: Dondozo|0 fnt\n|faint|p1b: Dondozo\n|move|p2a: Sylveon|Tera Blast|p1a: Chi-Yu\n|-supereffective|p1a: Chi-Yu\n|-damage|p1a: Chi-Yu|17\/100\n|\n|-damage|p2b: Raichu|31\/100 tox|[from] psn\n|-damage|p2a: Sylveon|10\/100 tox|[from] psn\n|upkeep\n|\n|t:|1682043793\n|switch|p1b: Flutter Mane|Flutter Mane, L50|100\/100\n|-enditem|p1b: Flutter Mane|Booster Energy\n|-activate|p1b: Flutter Mane|ability: Protosynthesis|[fromitem]\n|-start|p1b: Flutter Mane|protosynthesisspe\n|turn|10\n|\n|t:|1682043802\n|move|p1b: Flutter Mane|Protect|p1b: Flutter Mane\n|-singleturn|p1b: Flutter Mane|Protect\n|move|p1a: Chi-Yu|Protect|p1a: Chi-Yu\n|-singleturn|p1a: Chi-Yu|Protect\n|move|p2a: Sylveon|Quick Attack|p1b: Flutter Mane\n|-activate|p1b: Flutter Mane|move: Protect\n|move|p2b: Raichu|Volt Switch|p1a: Chi-Yu\n|-activate|p1a: Chi-Yu|move: Protect\n|\n|-damage|p2b: Raichu|7\/100 tox|[from] psn\n|-damage|p2a: Sylveon|0 fnt|[from] psn\n|faint|p2a: Sylveon\n|upkeep\n|turn|11\n|\n|t:|1682043814\n|-terastallize|p1b: Flutter Mane|Steel\n|move|p1b: Flutter Mane|Moonblast|p2b: Raichu\n|-damage|p2b: Raichu|0 fnt\n|faint|p2b: Raichu\n|\n|win|Kiriziozar\n|raw|Kiriziozar's rating: 1000 → 1040<\/strong> (+40 for winning)\n|raw|Maikou46's rating: 1000 → 1000<\/strong> (+0 for losing)\n","uploadtime":1682043820,"views":13,"p1id":"kiriziozar","p2id":"maikou46","formatid":"gen9vgc2023regulationc","rating":1000,"private":0,"password":""}