{"id":"gen9vgc2023regulationc-1857455119","p1":"tadano-reol","p2":"Sepiglax","format":"[Gen 9] VGC 2023 Regulation C","log":"|j|\u2606tadano-reol\n|j|\u2606Sepiglax\n|t:|1683195888\n|gametype|doubles\n|player|p1|tadano-reol|red|1149\n|player|p2|Sepiglax|ingo|1051\n|teamsize|p1|6\n|teamsize|p2|6\n|gen|9\n|tier|[Gen 9] VGC 2023 Regulation C\n|rated|\n|rule|Species Clause: Limit one of each Pok\u00e9mon\n|rule|Item Clause: Limit one of each item\n|clearpoke\n|poke|p1|Armarouge, L50, M|\n|poke|p1|Indeedee-F, L50, F|\n|poke|p1|Roaring Moon, L50|\n|poke|p1|Corviknight, L50, F|\n|poke|p1|Garchomp, L50, F|\n|poke|p1|Flutter Mane, L50|\n|poke|p2|Spidops, L50, F|\n|poke|p2|Salazzle, L50, F|\n|poke|p2|Sandy Shocks, L50|\n|poke|p2|Toedscruel, L50, M|\n|poke|p2|Garganacl, L50, M|\n|poke|p2|Chi-Yu, L50|\n|teampreview|4\n|inactive|Battle timer is ON: inactive players will automatically lose when time's up. (requested by Sepiglax)\n|inactive|tadano-reol has 60 seconds left.\n|\n|t:|1683195930\n|start\n|switch|p1a: Garchomp|Garchomp, L50, F|100\/100\n|switch|p1b: Roaring Moon|Roaring Moon, L50, shiny|100\/100\n|switch|p2a: Spidops|Spidops, L50, F|100\/100\n|switch|p2b: Toedscruel|Toedscruel, L50, M|100\/100\n|-enditem|p1b: Roaring Moon|Booster Energy\n|-activate|p1b: Roaring Moon|ability: Protosynthesis|[fromitem]\n|-start|p1b: Roaring Moon|protosynthesisspe\n|turn|1\n|\n|t:|1683195950\n|-terastallize|p1b: Roaring Moon|Flying\n|move|p1b: Roaring Moon|Acrobatics|p2b: Toedscruel\n|-supereffective|p2b: Toedscruel\n|-damage|p2b: Toedscruel|0 fnt\n|faint|p2b: Toedscruel\n|move|p1a: Garchomp|Earthquake|p2a: Spidops|[spread] p2a\n|-immune|p1b: Roaring Moon\n|-resisted|p2a: Spidops\n|-damage|p2a: Spidops|77\/100\n|move|p2a: Spidops|Block|p1b: Roaring Moon\n|-activate|p1b: Roaring Moon|trapped\n|\n|upkeep\n|\n|t:|1683195965\n|switch|p2b: Salazzle|Salazzle, L50, F|100\/100\n|turn|2\n|\n|t:|1683195987\n|move|p2b: Salazzle|Protect|p2b: Salazzle\n|-singleturn|p2b: Salazzle|Protect\n|move|p1b: Roaring Moon|Tailwind|p1b: Roaring Moon\n|-sidestart|p1: tadano-reol|move: Tailwind\n|move|p1a: Garchomp|Earthquake|p2a: Spidops|[spread] p2a\n|-activate|p2b: Salazzle|move: Protect\n|-immune|p1b: Roaring Moon\n|-resisted|p2a: Spidops\n|-damage|p2a: Spidops|53\/100\n|move|p2a: Spidops|Counter|p1a: Garchomp\n|-damage|p1a: Garchomp|64\/100\n|-damage|p2a: Spidops|41\/100|[from] ability: Rough Skin|[of] p1a: Garchomp\n|\n|upkeep\n|turn|3\n|inactive|Sepiglax has 30 seconds left.\n|\n|t:|1683196020\n|move|p2a: Spidops|Silk Trap|p2a: Spidops\n|-singleturn|p2a: Spidops|Protect\n|move|p1b: Roaring Moon|Acrobatics|p2a: Spidops\n|-activate|p2a: Spidops|move: Protect\n|-unboost|p1b: Roaring Moon|spe|1\n|move|p1a: Garchomp|Earthquake|p2a: Spidops|[spread] p2b\n|-activate|p2a: Spidops|move: Protect\n|-immune|p1b: Roaring Moon\n|-supereffective|p2b: Salazzle\n|-damage|p2b: Salazzle|0 fnt\n|faint|p2b: Salazzle\n|\n|upkeep\n|\n|t:|1683196032\n|switch|p2b: Garganacl|Garganacl, L50, M|100\/100\n|turn|4\n|j| hisanory\n|inactive|Sepiglax has 30 seconds left.\n|\n|t:|1683196063\n|move|p1a: Garchomp|Earthquake|p2a: Spidops|[spread] p2a,p2b\n|-immune|p1b: Roaring Moon\n|-resisted|p2a: Spidops\n|-supereffective|p2b: Garganacl\n|-damage|p2a: Spidops|15\/100\n|-damage|p2b: Garganacl|56\/100\n|move|p1b: Roaring Moon|Acrobatics|p2a: Spidops\n|-supereffective|p2a: Spidops\n|-crit|p2a: Spidops\n|-damage|p2a: Spidops|0 fnt\n|faint|p2a: Spidops\n|move|p2b: Garganacl|Salt Cure|p1b: Roaring Moon\n|-supereffective|p1b: Roaring Moon\n|-damage|p1b: Roaring Moon|67\/100\n|-start|p1b: Roaring Moon|Salt Cure\n|\n|-heal|p2b: Garganacl|62\/100|[from] item: Leftovers\n|-damage|p1b: Roaring Moon|55\/100|[from] Salt Cure\n|upkeep\n|turn|5\n|\n|t:|1683196079\n|-end|p1b: Roaring Moon|Protosynthesis|[silent]\n|switch|p1b: Corviknight|Corviknight, L50, F|100\/100\n|move|p2b: Garganacl|Protect|p2b: Garganacl\n|-singleturn|p2b: Garganacl|Protect\n|move|p1a: Garchomp|Earthquake|p2b: Garganacl|[spread] \n|-activate|p2b: Garganacl|move: Protect\n|-immune|p1b: Corviknight\n|\n|-heal|p2b: Garganacl|68\/100|[from] item: Leftovers\n|-sideend|p1: tadano-reol|move: Tailwind\n|upkeep\n|turn|6\n|\n|t:|1683196096\n|-terastallize|p2b: Garganacl|Grass\n|move|p1a: Garchomp|Earthquake|p2b: Garganacl|[spread] p2b\n|-immune|p1b: Corviknight\n|-resisted|p2b: Garganacl\n|-damage|p2b: Garganacl|56\/100\n|move|p1b: Corviknight|Iron Head|p2b: Garganacl\n|-damage|p2b: Garganacl|40\/100\n|move|p2b: Garganacl|Salt Cure|p1a: Garchomp\n|-resisted|p1a: Garchomp\n|-damage|p1a: Garchomp|57\/100\n|-start|p1a: Garchomp|Salt Cure\n|\n|-heal|p2b: Garganacl|45\/100|[from] item: Leftovers\n|-damage|p1a: Garchomp|45\/100|[from] Salt Cure\n|upkeep\n|turn|7\n|\n|t:|1683196110\n|switch|p1a: Roaring Moon|Roaring Moon, L50, shiny, tera:Flying|55\/100\n|move|p2b: Garganacl|Protect|p2b: Garganacl\n|-singleturn|p2b: Garganacl|Protect\n|move|p1b: Corviknight|Brave Bird|p2b: Garganacl\n|-activate|p2b: Garganacl|move: Protect\n|\n|-heal|p2b: Garganacl|51\/100|[from] item: Leftovers\n|upkeep\n|turn|8\n|\n|t:|1683196121\n|move|p1a: Roaring Moon|Acrobatics|p2b: Garganacl\n|-supereffective|p2b: Garganacl\n|-damage|p2b: Garganacl|0 fnt\n|faint|p2b: Garganacl\n|\n|win|tadano-reol\n|raw|tadano-reol's rating: 1149 → 1167<\/strong> (+18 for winning)\n|raw|Sepiglax's rating: 1051 → 1038<\/strong> (-13 for losing)\n","uploadtime":1683196128,"views":14,"p1id":"tadanoreol","p2id":"sepiglax","formatid":"gen9vgc2023regulationc","rating":1038,"private":0,"password":""}