{"id":"gen9vgc2023regulationc-1860882688","p1":"ZeerRanger","p2":"windowsstartup","format":"[Gen 9] VGC 2023 Regulation C","log":"|j|\u2606ZeerRanger\n|j|\u2606windowsstartup\n|t:|1683690019\n|gametype|doubles\n|player|p1|ZeerRanger|1|1252\n|player|p2|windowsstartup|102|1222\n|teamsize|p1|6\n|teamsize|p2|6\n|gen|9\n|tier|[Gen 9] VGC 2023 Regulation C\n|rated|\n|rule|Species Clause: Limit one of each Pok\u00e9mon\n|rule|Item Clause: Limit one of each item\n|clearpoke\n|poke|p1|Stonjourner, L50, F|\n|poke|p1|Kingambit, L50, M|\n|poke|p1|Arcanine, L50, F|\n|poke|p1|Palafin, L50, M|\n|poke|p1|Amoonguss, L50, F|\n|poke|p1|Flutter Mane, L50|\n|poke|p2|Torkoal, L50, M|\n|poke|p2|Lilligant, L50, F|\n|poke|p2|Great Tusk, L50|\n|poke|p2|Flutter Mane, L50|\n|poke|p2|Talonflame, L50, M|\n|poke|p2|Chien-Pao, L50|\n|teampreview|4\n|inactive|Battle timer is ON: inactive players will automatically lose when time's up. (requested by windowsstartup)\nwindowsstartup has agreed to open team sheets.\nZeerRanger has agreed to open team sheets.\n|inactive|ZeerRanger has 60 seconds left.\n|inactive|windowsstartup has 60 seconds left.\n|inactive|ZeerRanger has 30 seconds left.\n|\n|t:|1683690092\n|start\n|switch|p1a: Stonjourner|Stonjourner, L50, F|100\/100\n|switch|p1b: Arcanine|Arcanine, L50, F|100\/100\n|switch|p2a: Talonflame|Talonflame, L50, M|100\/100\n|switch|p2b: Flutter Mane|Flutter Mane, L50|100\/100\n|-ability|p1b: Arcanine|Intimidate|boost\n|-unboost|p2a: Talonflame|atk|1\n|-unboost|p2b: Flutter Mane|atk|1\n|turn|1\n|\n|t:|1683690116\n|move|p2a: Talonflame|Tailwind|p2a: Talonflame\n|-sidestart|p2: windowsstartup|move: Tailwind\n|move|p2b: Flutter Mane|Power Gem|p1b: Arcanine\n|-supereffective|p1b: Arcanine\n|-damage|p1b: Arcanine|0 fnt\n|faint|p1b: Arcanine\n|move|p1a: Stonjourner|Rock Slide|p2b: Flutter Mane|[spread] p2b\n|-miss|p1a: Stonjourner|p2a: Talonflame\n|-crit|p2b: Flutter Mane\n|-damage|p2b: Flutter Mane|10\/100\n|\n|upkeep\n|\n|t:|1683690130\n|switch|p1b: Kingambit|Kingambit, L50, M|100\/100\n|turn|2\n|\n|t:|1683690137\n|-end|p2b: Flutter Mane|Protosynthesis|[silent]\n|switch|p2b: Torkoal|Torkoal, L50, M|100\/100\n|-weather|SunnyDay|[from] ability: Drought|[of] p2b: Torkoal\n|move|p1b: Kingambit|Protect|p1b: Kingambit\n|-singleturn|p1b: Kingambit|Protect\n|move|p2a: Talonflame|Will-O-Wisp|p1b: Kingambit\n|-activate|p1b: Kingambit|move: Protect\n|move|p1a: Stonjourner|Rock Slide|p2b: Torkoal|[spread] p2a,p2b\n|-supereffective|p2a: Talonflame\n|-supereffective|p2b: Torkoal\n|-damage|p2a: Talonflame|0 fnt\n|-damage|p2b: Torkoal|48\/100\n|faint|p2a: Talonflame\n|\n|-weather|SunnyDay|[upkeep]\n|upkeep\n|\n|t:|1683690145\n|switch|p2a: Chien-Pao|Chien-Pao, L50|100\/100\n|-ability|p2a: Chien-Pao|Sword of Ruin\n|turn|3\n|\n|t:|1683690163\n|switch|p1b: Flutter Mane|Flutter Mane, L50|100\/100\n|-activate|p1b: Flutter Mane|ability: Protosynthesis\n|-start|p1b: Flutter Mane|protosynthesisspe\n|move|p2a: Chien-Pao|Sacred Sword|p1a: Stonjourner\n|-supereffective|p1a: Stonjourner\n|-damage|p1a: Stonjourner|39\/100\n|move|p1a: Stonjourner|Rock Slide|p2b: Torkoal|[spread] p2b\n|-miss|p1a: Stonjourner|p2a: Chien-Pao\n|-supereffective|p2b: Torkoal\n|-damage|p2b: Torkoal|0 fnt\n|faint|p2b: Torkoal\n|\n|-weather|SunnyDay|[upkeep]\n|upkeep\n|\n|t:|1683690173\n|switch|p2b: Flutter Mane|Flutter Mane, L50|10\/100\n|-activate|p2b: Flutter Mane|ability: Protosynthesis\n|-start|p2b: Flutter Mane|protosynthesisspa\n|turn|4\n|\n|t:|1683690186\n|-terastallize|p2b: Flutter Mane|Fairy\n|-terastallize|p1b: Flutter Mane|Fairy\n|move|p2a: Chien-Pao|Sucker Punch|p1b: Flutter Mane\n|-resisted|p1b: Flutter Mane\n|-damage|p1b: Flutter Mane|55\/100\n|move|p2b: Flutter Mane|Dazzling Gleam|p1a: Stonjourner|[spread] p1a,p1b\n|-damage|p1a: Stonjourner|0 fnt\n|-damage|p1b: Flutter Mane|0 fnt\n|faint|p1a: Stonjourner\n|faint|p1b: Flutter Mane\n|-end|p1b: Flutter Mane|Protosynthesis|[silent]\n|\n|-weather|SunnyDay|[upkeep]\n|-sideend|p2: windowsstartup|move: Tailwind\n|upkeep\n|\n|t:|1683690199\n|switch|p1b: Kingambit|Kingambit, L50, M|100\/100\n|turn|5\n|\n|t:|1683690204\n|move|p1b: Kingambit|Sucker Punch|p2b: Flutter Mane\n|-resisted|p2b: Flutter Mane\n|-damage|p2b: Flutter Mane|0 fnt\n|faint|p2b: Flutter Mane\n|-end|p2b: Flutter Mane|Protosynthesis|[silent]\n|move|p2a: Chien-Pao|Sacred Sword|p1b: Kingambit\n|-supereffective|p1b: Kingambit\n|-damage|p1b: Kingambit|0 fnt\n|faint|p1b: Kingambit\n|\n|win|windowsstartup\n|raw|ZeerRanger's rating: 1252 → 1225<\/strong> (-27 for losing)\n|raw|windowsstartup's rating: 1222 → 1249<\/strong> (+27 for winning)\n","uploadtime":1683690211,"views":29,"p1id":"zeerranger","p2id":"windowsstartup","formatid":"gen9vgc2023regulationc","rating":1225,"private":0,"password":""}