{"id":"gen9vgc2023regulationc-1851503566","p1":"eljulius","p2":"FlopperWilly","format":"[Gen 9] VGC 2023 Regulation C","log":"|j|\u2606eljulius\n|j|\u2606FlopperWilly\n|t:|1682450604\n|gametype|doubles\n|player|p1|eljulius|170|\n|player|p2|FlopperWilly|clown|\n|teamsize|p1|6\n|teamsize|p2|6\n|gen|9\n|tier|[Gen 9] VGC 2023 Regulation C\n|rule|Species Clause: Limit one of each Pok\u00e9mon\n|rule|Item Clause: Limit one of each item\n|clearpoke\n|poke|p1|Breloom, L50, M|\n|poke|p1|Murkrow, L50, M|\n|poke|p1|Abomasnow, L50, M|\n|poke|p1|Beartic, L50, M|\n|poke|p1|Bisharp, L50, F|\n|poke|p1|Gholdengo, L50|\n|poke|p2|Amoonguss, L50, F|\n|poke|p2|Flutter Mane, L50|\n|poke|p2|Palafin, L50, F|\n|poke|p2|Ting-Lu, L50|\n|poke|p2|Iron Hands, L50|\n|poke|p2|Arcanine, L50, F|\n|teampreview|4\n|inactive|Battle timer is ON: inactive players will automatically lose when time's up. (requested by FlopperWilly)\nFlopperWilly has agreed to open team sheets.\n|inactive|FlopperWilly has 60 seconds left.\n|\n|t:|1682450659\n|start\n|switch|p1a: Abomasnow|Abomasnow, L50, M|100\/100\n|switch|p1b: Beartic|Beartic, L50, M|100\/100\n|switch|p2a: Amoonguss|Amoonguss, L50, F|100\/100\n|switch|p2b: Arcanine|Arcanine, L50, F, shiny|100\/100\n|-ability|p2b: Arcanine|Intimidate|boost\n|-unboost|p1a: Abomasnow|atk|1\n|-unboost|p1b: Beartic|atk|1\n|-weather|Snow|[from] ability: Snow Warning|[of] p1a: Abomasnow\n|turn|1\n|\n|t:|1682450683\n|-terastallize|p1a: Abomasnow|Water\n|-terastallize|p2a: Amoonguss|Water\n|move|p2b: Arcanine|Protect|p2b: Arcanine\n|-singleturn|p2b: Arcanine|Protect\n|move|p1b: Beartic|Icicle Crash|p2a: Amoonguss\n|-resisted|p2a: Amoonguss\n|-damage|p2a: Amoonguss|81\/100\n|move|p1a: Abomasnow|Chilling Water|p2b: Arcanine\n|-activate|p2b: Arcanine|move: Protect\n|move|p2a: Amoonguss|Spore|p1b: Beartic\n|-status|p1b: Beartic|slp|[from] move: Spore\n|\n|-weather|Snow|[upkeep]\n|upkeep\n|turn|2\n|inactive|eljulius has 30 seconds left.\n|\n|t:|1682450711\n|switch|p1b: Breloom|Breloom, L50, M|100\/100\n|switch|p2b: Iron Hands|Iron Hands, L50|100\/100\n|move|p1a: Abomasnow|Energy Ball|p2a: Amoonguss\n|-supereffective|p2a: Amoonguss\n|-damage|p2a: Amoonguss|12\/100\n|-enditem|p2a: Amoonguss|Sitrus Berry|[eat]\n|-heal|p2a: Amoonguss|37\/100|[from] item: Sitrus Berry\n|move|p2a: Amoonguss|Spore|p1a: Abomasnow\n|-status|p1a: Abomasnow|slp|[from] move: Spore\n|\n|-weather|Snow|[upkeep]\n|upkeep\n|turn|3\n|\n|t:|1682450724\n|move|p2a: Amoonguss|Protect|p2a: Amoonguss\n|-singleturn|p2a: Amoonguss|Protect\n|move|p2b: Iron Hands|Fake Out|p1b: Breloom\n|-damage|p1b: Breloom|75\/100\n|cant|p1b: Breloom|flinch\n|cant|p1a: Abomasnow|slp\n|\n|-weather|Snow|[upkeep]\n|upkeep\n|turn|4\n|inactive|FlopperWilly has 30 seconds left.\n|\n|t:|1682450750\n|switch|p2a: Arcanine|Arcanine, L50, F, shiny|100\/100\n|-ability|p2a: Arcanine|Intimidate|boost\n|-unboost|p1a: Abomasnow|atk|1\n|-unboost|p1b: Breloom|atk|1\n|move|p1b: Breloom|Bullet Seed|p2a: Arcanine\n|-resisted|p2a: Arcanine\n|-damage|p2a: Arcanine|92\/100\n|-resisted|p2a: Arcanine\n|-damage|p2a: Arcanine|84\/100\n|-resisted|p2a: Arcanine\n|-damage|p2a: Arcanine|75\/100\n|-resisted|p2a: Arcanine\n|-damage|p2a: Arcanine|66\/100\n|-hitcount|p2a: Arcanine|4\n|-damage|p1b: Breloom|66\/100|[from] item: Life Orb\n|cant|p1a: Abomasnow|slp\n|move|p2b: Iron Hands|Drain Punch|p1b: Breloom\n|-damage|p1b: Breloom|0 fnt\n|faint|p1b: Breloom\n|\n|-weather|Snow|[upkeep]\n|upkeep\n|\n|t:|1682450765\n|switch|p1b: Beartic|Beartic, L50, M|100\/100 slp\n|turn|5\n|\n|t:|1682450775\n|move|p2a: Arcanine|Protect|p2a: Arcanine\n|-singleturn|p2a: Arcanine|Protect\n|cant|p1b: Beartic|slp\n|cant|p1a: Abomasnow|slp\n|move|p2b: Iron Hands|Drain Punch|p1b: Beartic\n|-supereffective|p1b: Beartic\n|-damage|p1b: Beartic|35\/100 slp\n|\n|-weather|none\n|upkeep\n|turn|6\n|\n|t:|1682450789\n|switch|p2a: Amoonguss|Amoonguss, L50, F, tera:Water|70\/100\n|-curestatus|p1a: Abomasnow|slp|[msg]\n|move|p1a: Abomasnow|Chilling Water|p2a: Amoonguss\n|-resisted|p2a: Amoonguss\n|-crit|p2a: Amoonguss\n|-damage|p2a: Amoonguss|53\/100\n|-unboost|p2a: Amoonguss|atk|1\n|move|p2b: Iron Hands|Drain Punch|p1b: Beartic\n|-supereffective|p1b: Beartic\n|-damage|p1b: Beartic|0 fnt\n|faint|p1b: Beartic\n|\n|upkeep\n|\n|t:|1682450792\n|switch|p1b: Gholdengo|Gholdengo, L50|100\/100\n|turn|7\n|\n|t:|1682450810\n|move|p2a: Amoonguss|Protect|p2a: Amoonguss\n|-singleturn|p2a: Amoonguss|Protect\n|move|p1b: Gholdengo|Shadow Ball|p2b: Iron Hands\n|-damage|p2b: Iron Hands|78\/100\n|move|p1a: Abomasnow|Energy Ball|p2a: Amoonguss\n|-activate|p2a: Amoonguss|move: Protect\n|move|p2b: Iron Hands|Wild Charge|p1a: Abomasnow\n|-supereffective|p1a: Abomasnow\n|-damage|p1a: Abomasnow|0 fnt\n|faint|p1a: Abomasnow\n|-damage|p2b: Iron Hands|57\/100|[from] Recoil\n|\n|upkeep\n|turn|8\n|\n|t:|1682450827\n|switch|p2a: Arcanine|Arcanine, L50, F, shiny|66\/100\n|-ability|p2a: Arcanine|Intimidate|boost\n|-unboost|p1b: Gholdengo|atk|1\n|move|p1b: Gholdengo|Shadow Ball|p2b: Iron Hands\n|-damage|p2b: Iron Hands|36\/100\n|move|p2b: Iron Hands|Volt Switch|p1b: Gholdengo\n|-damage|p1b: Gholdengo|84\/100\n|\n|t:|1682450834\n|-end|p2b: Iron Hands|Quark Drive|[silent]\n|switch|p2b: Amoonguss|Amoonguss, L50, F, tera:Water|86\/100|[from] Volt Switch\n|\n|upkeep\n|turn|9\n|inactive|eljulius has 30 seconds left.\n|\n|t:|1682450862\n|move|p1b: Gholdengo|Shadow Ball|p2a: Arcanine\n|-damage|p2a: Arcanine|28\/100\n|-unboost|p2a: Arcanine|spd|1\n|move|p2a: Arcanine|Flare Blitz|p1b: Gholdengo\n|-supereffective|p1b: Gholdengo\n|-damage|p1b: Gholdengo|0 fnt\n|faint|p1b: Gholdengo\n|-damage|p2a: Arcanine|5\/100|[from] Recoil\n|\n|win|FlopperWilly\n|c|\u2606FlopperWilly|GG\n|c|\u2606eljulius|Y la sleep Claude\n|c|\u2606FlopperWilly|Hay de eso aqu\u00ed?\n|c|\u2606FlopperWilly|Si es VGC\n|l|\u2606FlopperWilly\n|j|\u2606FlopperWilly\n|player|p2|FlopperWilly|clown\n","uploadtime":1682450928,"views":5,"p1id":"eljulius","p2id":"flopperwilly","formatid":"gen9vgc2023regulationc","rating":0,"private":0,"password":""}