{"id":"gen9vgc2023regulationc-1863210579","p1":"LithliyaOmorose","p2":"Marioipod13","format":"[Gen 9] VGC 2023 Regulation C","log":"|j|\u2606LithliyaOmorose\n|j|\u203dMarioipod13\n|t:|1683988791\n|gametype|doubles\n|player|p1|LithliyaOmorose|clerkf|1027\n|player|p2|Marioipod13|may-gen3rs|1011\n|teamsize|p1|6\n|teamsize|p2|6\n|gen|9\n|tier|[Gen 9] VGC 2023 Regulation C\n|rated|\n|rule|Species Clause: Limit one of each Pok\u00e9mon\n|rule|Item Clause: Limit one of each item\n|clearpoke\n|poke|p1|Iron Valiant, L50|\n|poke|p1|Scovillain, L50, M|\n|poke|p1|Houndoom, L50, F|\n|poke|p1|Leafeon, L50, F|\n|poke|p1|Krookodile, L50, F|\n|poke|p1|Tropius, L50, M|\n|poke|p2|Ting-Lu, L50|\n|poke|p2|Annihilape, L50, F|\n|poke|p2|Roaring Moon, L50|\n|poke|p2|Baxcalibur, L50, F|\n|poke|p2|Armarouge, L50, M|\n|poke|p2|Cloyster, L50, F|\n|teampreview|4\n|inactive|Battle timer is ON: inactive players will automatically lose when time's up. (requested by LithliyaOmorose)\nMarioipod13 has agreed to open team sheets.\n|\n|t:|1683988811\n|start\n|switch|p1a: Scovillain|Scovillain, L50, M|100\/100\n|switch|p1b: Houndoom|Houndoom, L50, F|100\/100\n|switch|p2a: Baxcalibur|Baxcalibur, L50, F|100\/100\n|switch|p2b: Armarouge|Armarouge, L50, M|100\/100\n|turn|1\n|\n|t:|1683988834\n|-terastallize|p2a: Baxcalibur|Fire\n|move|p1b: Houndoom|Snarl|p2b: Armarouge|[spread] p2a,p2b\n|-supereffective|p2b: Armarouge\n|-damage|p2a: Baxcalibur|80\/100\n|-damage|p2b: Armarouge|47\/100\n|-unboost|p2a: Baxcalibur|spa|1\n|-unboost|p2b: Armarouge|spa|1\n|move|p2a: Baxcalibur|Dragon Dance|p2a: Baxcalibur\n|-boost|p2a: Baxcalibur|atk|1\n|-boost|p2a: Baxcalibur|spe|1\n|move|p2b: Armarouge|Focus Blast|p1b: Houndoom\n|-supereffective|p1b: Houndoom\n|-damage|p1b: Houndoom|27\/100\n|move|p1a: Scovillain|Sunny Day|p1a: Scovillain\n|-weather|SunnyDay\n|\n|-weather|SunnyDay|[upkeep]\n|-ability|p1a: Scovillain|Moody|boost\n|-boost|p1a: Scovillain|spa|2\n|-unboost|p1a: Scovillain|spe|1\n|upkeep\n|turn|2\n|inactive|LithliyaOmorose has 30 seconds left.\n|\n|t:|1683988863\n|move|p2a: Baxcalibur|Glaive Rush|p1b: Houndoom\n|-damage|p1b: Houndoom|0 fnt\n|-singlemove|p2a: Baxcalibur|Glaive Rush|[silent]\n|faint|p1b: Houndoom\n|move|p2b: Armarouge|Lava Plume|p1a: Scovillain|[spread] p2a,p1a\n|-resisted|p2a: Baxcalibur\n|-damage|p2a: Baxcalibur|49\/100\n|-damage|p1a: Scovillain|66\/100\n|-ability|p2a: Baxcalibur|Thermal Exchange|boost\n|-boost|p2a: Baxcalibur|atk|1\n|move|p1a: Scovillain|Stomping Tantrum|p2a: Baxcalibur\n|-supereffective|p2a: Baxcalibur\n|-damage|p2a: Baxcalibur|0 fnt\n|faint|p2a: Baxcalibur\n|\n|-weather|SunnyDay|[upkeep]\n|-ability|p1a: Scovillain|Moody|boost\n|-boost|p1a: Scovillain|spd|2\n|-unboost|p1a: Scovillain|atk|1\n|upkeep\n|\n|t:|1683988880\n|switch|p1b: Tropius|Tropius, L50, M|100\/100\n|switch|p2a: Annihilape|Annihilape, L50, F|100\/100\n|turn|3\n|\n|t:|1683988893\n|move|p2b: Armarouge|Armor Cannon|p1b: Tropius\n|-supereffective|p1b: Tropius\n|-damage|p1b: Tropius|15\/100\n|-unboost|p2b: Armarouge|def|1\n|-unboost|p2b: Armarouge|spd|1\n|-enditem|p1b: Tropius|Sitrus Berry|[eat]\n|-heal|p1b: Tropius|40\/100|[from] item: Sitrus Berry\n|move|p2a: Annihilape|Bulk Up|p2a: Annihilape\n|-boost|p2a: Annihilape|atk|1\n|-boost|p2a: Annihilape|def|1\n|move|p1b: Tropius|Leech Seed|p2a: Annihilape\n|-start|p2a: Annihilape|move: Leech Seed\n|move|p1a: Scovillain|Stomping Tantrum|p2b: Armarouge\n|-supereffective|p2b: Armarouge\n|-damage|p2b: Armarouge|6\/100\n|-ability|p2b: Armarouge|Weak Armor|boost\n|-unboost|p2b: Armarouge|def|1\n|-boost|p2b: Armarouge|spe|2\n|\n|-weather|SunnyDay|[upkeep]\n|-damage|p2a: Annihilape|88\/100|[from] Leech Seed|[of] p1b: Tropius\n|-heal|p1b: Tropius|53\/100|[silent]\n|-item|p1b: Tropius|Sitrus Berry|[from] ability: Harvest\n|-ability|p1a: Scovillain|Moody|boost\n|-boost|p1a: Scovillain|spa|2\n|-unboost|p1a: Scovillain|spd|1\n|upkeep\n|turn|4\n|inactive|LithliyaOmorose has 30 seconds left.\n|inactive|Marioipod13 has 30 seconds left.\n|inactive|LithliyaOmorose has 20 seconds left.\n|\n|t:|1683988930\n|move|p2b: Armarouge|Armor Cannon|p1b: Tropius\n|-supereffective|p1b: Tropius\n|-damage|p1b: Tropius|0 fnt\n|-unboost|p2b: Armarouge|def|1\n|-unboost|p2b: Armarouge|spd|1\n|faint|p1b: Tropius\n|move|p2a: Annihilape|Drain Punch|p1a: Scovillain\n|-damage|p1a: Scovillain|0 fnt\n|-heal|p2a: Annihilape|100\/100|[from] drain|[of] p1a: Scovillain\n|faint|p1a: Scovillain\n|\n|-weather|SunnyDay|[upkeep]\n|upkeep\n|\n|t:|1683988942\n|switch|p1b: Krookodile|Krookodile, L50, F|100\/100\n|turn|5\n|\n|t:|1683988956\n|move|p2b: Armarouge|Armor Cannon|p1b: Krookodile\n|-damage|p1b: Krookodile|17\/100\n|-unboost|p2b: Armarouge|def|1\n|-unboost|p2b: Armarouge|spd|1\n|move|p1b: Krookodile|Earthquake|p2a: Annihilape|[spread] p2a,p2b\n|-supereffective|p2b: Armarouge\n|-damage|p2a: Annihilape|75\/100\n|-damage|p2b: Armarouge|0 fnt\n|faint|p2b: Armarouge\n|-ability|p1b: Krookodile|Moxie|boost\n|-boost|p1b: Krookodile|atk|1\n|move|p2a: Annihilape|Drain Punch|p1b: Krookodile\n|-supereffective|p1b: Krookodile\n|-damage|p1b: Krookodile|0 fnt\n|-heal|p2a: Annihilape|82\/100|[from] drain|[of] p1b: Krookodile\n|faint|p1b: Krookodile\n|\n|win|Marioipod13\n|raw|LithliyaOmorose's rating: 1027 → 1012<\/strong> (-15 for losing)\n|raw|Marioipod13's rating: 1011 → 1051<\/strong> (+40 for winning)\n","uploadtime":1683988969,"views":5,"p1id":"lithliyaomorose","p2id":"marioipod13","formatid":"gen9vgc2023regulationc","rating":1012,"private":0,"password":""}