{"id":"gen9vgc2023regulationc-1845048018","p1":"DaWoblefet","p2":"Ab0ve5029","format":"[Gen 9] VGC 2023 Regulation C","log":"|j|\u2606DaWoblefet\n|j|\u2606Ab0ve5029\n|t:|1681677690\n|gametype|doubles\n|player|p1|DaWoblefet|#dawoblefet|\n|player|p2|Ab0ve5029|n|\n|teamsize|p1|6\n|teamsize|p2|6\n|gen|9\n|tier|[Gen 9] VGC 2023 Regulation C\n|rated|Tournament battle\n|rule|Species Clause: Limit one of each Pok\u00e9mon\n|rule|Item Clause: Limit one of each item\n|clearpoke\n|poke|p1|Arcanine, L50, F|\n|poke|p1|Baxcalibur, L50, M|\n|poke|p1|Flutter Mane, L50|\n|poke|p1|Palafin, L50, F|\n|poke|p1|Amoonguss, L50, M|\n|poke|p1|Ting-Lu, L50|\n|poke|p2|Chien-Pao, L50|\n|poke|p2|Kingambit, L50, F|\n|poke|p2|Palafin, L50, M|\n|poke|p2|Flutter Mane, L50|\n|poke|p2|Arcanine, L50, M|\n|poke|p2|Amoonguss, L50, F|\n|teampreview|4\n|raw| Open Team Sheet for DaWoblefet<\/summary>Arcanine @ Safety Goggles Ability: Intimidate Level: 50 Tera Type: Flying - Flare Blitz - Extreme Speed - Will-O-Wisp - Protect Baxcalibur @ Clear Amulet Ability: Thermal Exchange Level: 50 Tera Type: Poison - Glaive Rush - Icicle Crash - Ice Shard - Protect Flutter Mane @ Choice Specs Ability: Protosynthesis Level: 50 Shiny: Yes Tera Type: Fairy - Moonblast - Shadow Ball - Dazzling Gleam - Power Gem Palafin @ Mystic Water Ability: Zero to Hero Level: 50 Shiny: Yes Tera Type: Water - Wave Crash - Jet Punch - Substitute - Protect Amoonguss @ Sitrus Berry Ability: Regenerator Level: 50 Tera Type: Water - Rage Powder - Spore - Pollen Puff - Clear Smog Ting-Lu @ Assault Vest Ability: Vessel of Ruin Level: 50 Tera Type: Poison - Stomping Tantrum - Ruination - Heavy Slam - Stone Edge <\/details><\/div> Open Team Sheet for Ab0ve5029<\/summary>Astrumy (Chien-Pao) @ Focus Sash Ability: Sword of Ruin Level: 50 Tera Type: Ghost - Ice Spinner - Throat Chop - Sacred Sword - Protect hancec (Kingambit) @ Lum Berry Ability: Defiant Level: 50 Tera Type: Dark - Kowtow Cleave - Sucker Punch - Swords Dance - Protect Above (Palafin) @ Mystic Water Ability: Zero to Hero Level: 50 Tera Type: Water - Wave Crash - Jet Punch - Haze - Protect RulingWillB (Flutter Mane) @ Booster Energy Ability: Protosynthesis Level: 50 Tera Type: Grass - Shadow Ball - Dazzling Gleam - Energy Ball - Protect CaLdAbOoS (Arcanine) @ Safety Goggles Ability: Intimidate Level: 50 Tera Type: Water - Flare Blitz - Extreme Speed - Will-O-Wisp - Protect Whynus (Amoonguss) @ Sitrus Berry Ability: Regenerator Level: 50 Tera Type: Water - Pollen Puff - Spore - Rage Powder - Protect <\/details><\/div>\n|c|\u2606Ab0ve5029|glhf\n|j| CoolSpot_VGC\n|c|\u2606DaWoblefet|gl hf\n|j| fyfyy\n|j|+HamstermaniaCZ\n|j|%Therazer456\n|j|+TheLoanRanger\n|j| Veteran T\n|\n|t:|1681677749\n|start\n|switch|p1a: Flutter Mane|Flutter Mane, L50, shiny|100\/100\n|switch|p1b: Palafin|Palafin, L50, F, shiny|100\/100\n|switch|p2a: hancec|Kingambit, L50, F|100\/100\n|switch|p2b: Whynus|Amoonguss, L50, F|100\/100\n|turn|1\n|j| Radoovak\n|j| DaGreedent+\n|inactive|Battle timer is ON: inactive players will automatically lose when time's up. (requested by DaWoblefet)\n|\n|t:|1681677795\n|-end|p1a: Flutter Mane|Protosynthesis|[silent]\n|switch|p1a: Amoonguss|Amoonguss, L50, M|100\/100\n|detailschange|p1b: Palafin|Palafin-Hero, L50, F, shiny\n|switch|p1b: Arcanine|Arcanine, L50, F|100\/100\n|-ability|p1b: Arcanine|Intimidate|boost\n|-unboost|p2a: hancec|atk|1\n|-ability|p2a: hancec|Defiant|boost\n|-boost|p2a: hancec|atk|2\n|-unboost|p2b: Whynus|atk|1\n|move|p2a: hancec|Kowtow Cleave|p1b: Arcanine\n|-damage|p1b: Arcanine|27\/100\n|move|p2b: Whynus|Spore|p1a: Amoonguss\n|-immune|p1a: Amoonguss\n|\n|upkeep\n|turn|2\n|j| AtomX7VGC\n|inactive|Ab0ve5029 has 30 seconds left.\n|inactive|Ab0ve5029 has 20 seconds left.\n|inactive|Ab0ve5029 has 15 seconds left.\n|inactive|Ab0ve5029 has 10 seconds left.\n|\n|t:|1681677845\n|move|p1b: Arcanine|Flare Blitz|p2a: hancec\n|-supereffective|p2a: hancec\n|-damage|p2a: hancec|25\/100\n|-damage|p1b: Arcanine|1\/100|[from] Recoil\n|move|p2a: hancec|Kowtow Cleave|p1b: Arcanine\n|-damage|p1b: Arcanine|0 fnt\n|faint|p1b: Arcanine\n|move|p2b: Whynus|Pollen Puff|p2a: hancec\n|-heal|p2a: hancec|75\/100\n|move|p1a: Amoonguss|Spore|p2b: Whynus\n|-immune|p2b: Whynus\n|\n|upkeep\n|\n|t:|1681677852\n|switch|p1b: Palafin|Palafin-Hero, L50, F, shiny|100\/100\n|-activate|p1b: Palafin|ability: Zero to Hero\n|turn|3\n|inactive|Ab0ve5029 has 30 seconds left.\n|\n|t:|1681677885\n|move|p2a: hancec|Protect|p2a: hancec\n|-singleturn|p2a: hancec|Protect\n|move|p1b: Palafin|Substitute|p1b: Palafin\n|-start|p1b: Palafin|Substitute\n|-damage|p1b: Palafin|75\/100\n|move|p1a: Amoonguss|Spore|p2a: hancec\n|-activate|p2a: hancec|move: Protect\n|move|p2b: Whynus|Spore||[still]\n|-fail|p2b: Whynus\n|\n|upkeep\n|turn|4\n|c|\u2606Ab0ve5029|oh fuck\n|\n|t:|1681677898\n|move|p1b: Palafin|Protect|p1b: Palafin\n|-singleturn|p1b: Palafin|Protect\n|move|p2b: Whynus|Rage Powder|p2b: Whynus\n|-singleturn|p2b: Whynus|move: Rage Powder\n|move|p2a: hancec|Kowtow Cleave|p1b: Palafin\n|-activate|p1b: Palafin|move: Protect\n|move|p1a: Amoonguss|Spore|p2a: hancec\n|-status|p2a: hancec|slp|[from] move: Spore\n|-enditem|p2a: hancec|Lum Berry|[eat]\n|-curestatus|p2a: hancec|slp|[msg]\n|\n|upkeep\n|turn|5\n|c|+TheLoanRanger|hey, thats not a very nice word\n|c|\u2606Ab0ve5029|mb mb\n|j| MasterofMetapods5\n|l| MasterofMetapods5\n|\n|t:|1681677918\n|move|p1b: Palafin|Wave Crash|p2a: hancec\n|-damage|p2a: hancec|0 fnt\n|faint|p2a: hancec\n|-damage|p1b: Palafin|50\/100|[from] Recoil\n|move|p2b: Whynus|Spore||[still]\n|-fail|p2b: Whynus\n|move|p1a: Amoonguss|Spore|p2b: Whynus\n|-immune|p2b: Whynus\n|\n|upkeep\n|\n|t:|1681677925\n|switch|p2a: Astrumy|Chien-Pao, L50|100\/100\n|-ability|p2a: Astrumy|Sword of Ruin\n|turn|6\n|inactive|DaWoblefet has 30 seconds left.\n|inactive|Ab0ve5029 has 30 seconds left.\n|\n|t:|1681677956\n|move|p2b: Whynus|Rage Powder|p2b: Whynus\n|-singleturn|p2b: Whynus|move: Rage Powder\n|move|p1b: Palafin|Jet Punch|p2b: Whynus\n|-resisted|p2b: Whynus\n|-damage|p2b: Whynus|73\/100\n|move|p2a: Astrumy|Ice Spinner|p1a: Amoonguss\n|-supereffective|p1a: Amoonguss\n|-damage|p1a: Amoonguss|13\/100\n|-enditem|p1a: Amoonguss|Sitrus Berry|[eat]\n|-heal|p1a: Amoonguss|38\/100|[from] item: Sitrus Berry\n|move|p1a: Amoonguss|Spore|p2a: Astrumy\n|-status|p2a: Astrumy|slp|[from] move: Spore\n|\n|upkeep\n|turn|7\n|l| Radoovak\n|\n|t:|1681677978\n|-terastallize|p1b: Palafin|Water\n|move|p2b: Whynus|Rage Powder|p2b: Whynus\n|-singleturn|p2b: Whynus|move: Rage Powder\n|cant|p2a: Astrumy|slp\n|move|p1b: Palafin|Wave Crash|p2b: Whynus\n|-resisted|p2b: Whynus\n|-damage|p2b: Whynus|6\/100\n|-enditem|p2b: Whynus|Sitrus Berry|[eat]\n|-heal|p2b: Whynus|31\/100|[from] item: Sitrus Berry\n|-damage|p1b: Palafin|26\/100|[from] Recoil\n|move|p1a: Amoonguss|Pollen Puff|p1b: Palafin\n|-heal|p1b: Palafin|76\/100\n|\n|upkeep\n|turn|8\n|j| volcaronavgc\n|inactive|Ab0ve5029 has 30 seconds left.\n|\n|t:|1681678005\n|move|p1b: Palafin|Jet Punch|p2a: Astrumy\n|-damage|p2a: Astrumy|5\/100 slp\n|cant|p2a: Astrumy|slp\n|move|p1a: Amoonguss|Pollen Puff|p2a: Astrumy\n|-supereffective|p2a: Astrumy\n|-damage|p2a: Astrumy|0 fnt\n|faint|p2a: Astrumy\n|move|p2b: Whynus|Spore||[still]\n|-fail|p2b: Whynus\n|\n|upkeep\n|\n|t:|1681678009\n|switch|p2a: RulingWillB|Flutter Mane, L50|100\/100\n|-enditem|p2a: RulingWillB|Booster Energy\n|-activate|p2a: RulingWillB|ability: Protosynthesis|[fromitem]\n|-start|p2a: RulingWillB|protosynthesisspa\n|turn|9\n|inactive|Ab0ve5029 has 30 seconds left.\n|inactive|Ab0ve5029 has 20 seconds left.\n|inactive|Ab0ve5029 has 15 seconds left.\n|inactive|Ab0ve5029 has 10 seconds left.\n|\n|t:|1681678058\n|-terastallize|p2a: RulingWillB|Grass\n|move|p2b: Whynus|Protect|p2b: Whynus\n|-singleturn|p2b: Whynus|Protect\n|move|p1b: Palafin|Jet Punch|p2b: Whynus\n|-activate|p2b: Whynus|move: Protect\n|move|p2a: RulingWillB|Shadow Ball|p1a: Amoonguss\n|-damage|p1a: Amoonguss|0 fnt\n|faint|p1a: Amoonguss\n|\n|upkeep\n|\n|t:|1681678065\n|switch|p1a: Flutter Mane|Flutter Mane, L50, shiny|100\/100\n|turn|10\n|\n|t:|1681678079\n|move|p2b: Whynus|Rage Powder|p2b: Whynus\n|-singleturn|p2b: Whynus|move: Rage Powder\n|move|p1b: Palafin|Jet Punch|p2b: Whynus\n|-resisted|p2b: Whynus\n|-damage|p2b: Whynus|5\/100\n|move|p1a: Flutter Mane|Moonblast|p2b: Whynus\n|-resisted|p2b: Whynus\n|-damage|p2b: Whynus|0 fnt\n|faint|p2b: Whynus\n|move|p2a: RulingWillB|Shadow Ball|p1a: Flutter Mane\n|-supereffective|p1a: Flutter Mane\n|-damage|p1a: Flutter Mane|0 fnt\n|faint|p1a: Flutter Mane\n|-end|p1a: Flutter Mane|Protosynthesis|[silent]\n|\n|upkeep\n|turn|11\n|\n|t:|1681678091\n|move|p2a: RulingWillB|Energy Ball|p1b: Palafin\n|-supereffective|p1b: Palafin\n|-end|p1b: Palafin|Substitute\n|move|p1b: Palafin|Wave Crash|p2a: RulingWillB\n|-resisted|p2a: RulingWillB\n|-damage|p2a: RulingWillB|17\/100\n|-damage|p1b: Palafin|57\/100|[from] Recoil\n|\n|upkeep\n|turn|12\n|\n|t:|1681678097\n|move|p1b: Palafin|Jet Punch|p2a: RulingWillB\n|-resisted|p2a: RulingWillB\n|-damage|p2a: RulingWillB|0 fnt\n|faint|p2a: RulingWillB\n|-end|p2a: RulingWillB|Protosynthesis|[silent]\n|\n|win|DaWoblefet\n|n|\u2606DaWoblefet|dawoblefet\n|n|\u2606Ab0ve5029|ab0ve5029\n|n| CoolSpot_VGC|coolspotvgc\n|n| fyfyy|fyfyy\n|n| HamstermaniaCZ|hamstermaniacz\n|n| Therazer456|therazer456\n|n| TheLoanRanger|theloanranger\n|n| Veteran T|veterant\n|n| DaGreedent+|dagreedent\n|n| AtomX7VGC|atomx7vgc\n|n| volcaronavgc|volcaronavgc\n|c|\u2606Ab0ve5029|gg\n|c|\u2606DaWoblefet|gg\n|l| TheLoanRanger\n|l| Therazer456\n|l| DaGreedent+\n|l| CoolSpot_VGC\n","uploadtime":1681678098,"views":5,"p1id":"dawoblefet","p2id":"ab0ve5029","formatid":"gen9vgc2023regulationc","rating":0,"private":0,"password":""}