{"id":"gen9vgc2023regulationc-1852971995","p1":"JasonvK","p2":"Jbenn","format":"[Gen 9] VGC 2023 Regulation C","log":"|j|\u2606JasonvK\n|j|\u2606Jbenn\n|t:|1682621811\n|gametype|doubles\n|player|p1|JasonvK|dawn|1531\n|player|p2|Jbenn|steven|1542\n|teamsize|p1|6\n|teamsize|p2|6\n|gen|9\n|tier|[Gen 9] VGC 2023 Regulation C\n|rated|\n|rule|Species Clause: Limit one of each Pok\u00e9mon\n|rule|Item Clause: Limit one of each item\n|clearpoke\n|poke|p1|Chien-Pao, L50|\n|poke|p1|Kingambit, L50, F|\n|poke|p1|Dragapult, L50, M|\n|poke|p1|Arcanine, L50, M|\n|poke|p1|Palafin, L50, M|\n|poke|p1|Amoonguss, L50, M|\n|poke|p2|Roaring Moon, L50|\n|poke|p2|Great Tusk, L50|\n|poke|p2|Gholdengo, L50|\n|poke|p2|Hariyama, L50, F|\n|poke|p2|Mimikyu, L50, F|\n|poke|p2|Gyarados, L50, M|\n|teampreview|4\nJbenn has agreed to open team sheets.\n|\n|t:|1682621853\n|start\n|switch|p1a: Palafin|Palafin, L50, M|100\/100\n|switch|p1b: Dragapult|Dragapult, L50, M|100\/100\n|switch|p2a: Smaug|Roaring Moon, L50|100\/100\n|switch|p2b: Casper|Mimikyu, L50, F|100\/100\n|-enditem|p2a: Smaug|Booster Energy\n|-activate|p2a: Smaug|ability: Protosynthesis|[fromitem]\n|-start|p2a: Smaug|protosynthesisspe\n|turn|1\n|\n|t:|1682621870\n|detailschange|p1a: Palafin|Palafin-Hero, L50, M\n|switch|p1a: Arcanine|Arcanine, L50, M|100\/100\n|-ability|p1a: Arcanine|Intimidate|boost\n|-unboost|p2a: Smaug|atk|1\n|-unboost|p2b: Casper|atk|1\n|switch|p2b: Haku|Gyarados, L50, M, shiny|100\/100\n|-ability|p2b: Haku|Intimidate|boost\n|-unboost|p1a: Arcanine|atk|1\n|-fail|p1b: Dragapult|unboost|[from] ability: Clear Body|[of] p1b: Dragapult\n|move|p2a: Smaug|Jaw Lock|p1b: Dragapult\n|-supereffective|p1b: Dragapult\n|-damage|p1b: Dragapult|26\/100\n|-activate|p2a: Smaug|trapped\n|move|p1b: Dragapult|Will-O-Wisp|p2a: Smaug\n|-status|p2a: Smaug|brn\n|\n|-damage|p2a: Smaug|94\/100 brn|[from] brn\n|upkeep\n|turn|2\n|j| RoderickVE\n|\n|t:|1682621908\n|-terastallize|p1a: Arcanine|Water\n|move|p2a: Smaug|Jaw Lock|p1b: Dragapult\n|-supereffective|p1b: Dragapult\n|-damage|p1b: Dragapult|0 fnt\n|faint|p1b: Dragapult\n|move|p1a: Arcanine|Will-O-Wisp|p2b: Haku\n|-status|p2b: Haku|brn\n|-enditem|p2b: Haku|Lum Berry|[eat]\n|-curestatus|p2b: Haku|brn|[msg]\n|move|p2b: Haku|Thunder Wave|p1a: Arcanine|[miss]\n|-miss|p2b: Haku|p1a: Arcanine\n|\n|-damage|p2a: Smaug|88\/100 brn|[from] brn\n|upkeep\n|\n|t:|1682621927\n|switch|p1b: Palafin|Palafin-Hero, L50, M|100\/100\n|-activate|p1b: Palafin|ability: Zero to Hero\n|turn|3\n|\n|t:|1682621967\n|switch|p1b: Amoonguss|Amoonguss, L50, M|100\/100\n|switch|p2b: Casper|Mimikyu, L50, F|100\/100\n|move|p2a: Smaug|Protect|p2a: Smaug\n|-singleturn|p2a: Smaug|Protect\n|move|p1a: Arcanine|Will-O-Wisp|p2b: Casper\n|-status|p2b: Casper|brn\n|\n|-damage|p2a: Smaug|82\/100 brn|[from] brn\n|-damage|p2b: Casper|94\/100 brn|[from] brn\n|upkeep\n|turn|4\n|\n|t:|1682621991\n|move|p2a: Smaug|Acrobatics|p1b: Amoonguss\n|-supereffective|p1b: Amoonguss\n|-damage|p1b: Amoonguss|72\/100\n|move|p2b: Casper|Curse|p1b: Amoonguss\n|-start|p1b: Amoonguss|Curse|[of] p2b: Casper\n|-damage|p2b: Casper|44\/100 brn\n|-enditem|p2b: Casper|Sitrus Berry|[eat]\n|-heal|p2b: Casper|69\/100 brn|[from] item: Sitrus Berry\n|move|p1a: Arcanine|Howl|p1a: Arcanine|[spread] p1a,p1b\n|-boost|p1a: Arcanine|atk|1\n|-boost|p1b: Amoonguss|atk|1\n|move|p1b: Amoonguss|Pollen Puff|p2b: Casper\n|-activate|p2b: Casper|ability: Disguise\n|-damage|p2b: Casper|69\/100 brn\n|detailschange|p2b: Casper|Mimikyu-Busted, L50, F\n|-damage|p2b: Casper|57\/100 brn|[from] pokemon: Mimikyu-Busted\n|\n|-damage|p2a: Smaug|76\/100 brn|[from] brn\n|-damage|p2b: Casper|50\/100 brn|[from] brn\n|-damage|p1b: Amoonguss|48\/100|[from] Curse\n|upkeep\n|-enditem|p1b: Amoonguss|Sitrus Berry|[eat]\n|-heal|p1b: Amoonguss|72\/100|[from] item: Sitrus Berry\n|turn|5\n|\n|t:|1682622020\n|switch|p1b: Palafin|Palafin-Hero, L50, M|100\/100\n|move|p2a: Smaug|Tailwind|p2a: Smaug\n|-sidestart|p2: Jbenn|move: Tailwind\n|move|p2b: Casper|Curse|p1b: Palafin\n|-start|p1b: Palafin|Curse|[of] p2b: Casper\n|-damage|p2b: Casper|0 fnt\n|faint|p2b: Casper\n|move|p1a: Arcanine|Howl|p1a: Arcanine|[spread] p1a,p1b\n|-boost|p1a: Arcanine|atk|1\n|-boost|p1b: Palafin|atk|1\n|\n|-damage|p2a: Smaug|70\/100 brn|[from] brn\n|-damage|p1b: Palafin|76\/100|[from] Curse\n|upkeep\n|\n|t:|1682622032\n|switch|p2b: Haku|Gyarados, L50, M, shiny|100\/100\n|-ability|p2b: Haku|Intimidate|boost\n|-unboost|p1a: Arcanine|atk|1\n|-unboost|p1b: Palafin|atk|1\n|turn|6\n|\n|t:|1682622051\n|switch|p2b: 50 Cent|Gholdengo, L50|100\/100\n|switch|p1b: Amoonguss|Amoonguss, L50, M|100\/100\n|move|p2a: Smaug|Jaw Lock|p1b: Amoonguss\n|-damage|p1b: Amoonguss|86\/100\n|-activate|p2a: Smaug|trapped\n|-activate|p1b: Amoonguss|trapped\n|move|p1a: Arcanine|Will-O-Wisp|p2b: 50 Cent\n|-immune|p2b: 50 Cent|[from] ability: Good as Gold\n|\n|-damage|p2a: Smaug|64\/100 brn|[from] brn\n|upkeep\n|turn|7\n|\n|t:|1682622074\n|-terastallize|p2b: 50 Cent|Water\n|move|p2a: Smaug|Acrobatics|p1b: Amoonguss\n|-supereffective|p1b: Amoonguss\n|-damage|p1b: Amoonguss|60\/100\n|move|p2b: 50 Cent|Nasty Plot|p2b: 50 Cent\n|-boost|p2b: 50 Cent|spa|2\n|move|p1a: Arcanine|Flare Blitz|p2b: 50 Cent\n|-resisted|p2b: 50 Cent\n|-damage|p2b: 50 Cent|78\/100\n|-damage|p1a: Arcanine|93\/100|[from] Recoil\n|move|p1b: Amoonguss|Spore||[still]\n|-fail|p1b: Amoonguss\n|\n|-heal|p2b: 50 Cent|84\/100|[from] item: Leftovers\n|-damage|p2a: Smaug|58\/100 brn|[from] brn\n|upkeep\n|turn|8\n|\n|t:|1682622104\n|move|p2a: Smaug|Protect|p2a: Smaug\n|-singleturn|p2a: Smaug|Protect\n|move|p2b: 50 Cent|Thunderbolt|p1a: Arcanine\n|-supereffective|p1a: Arcanine\n|-damage|p1a: Arcanine|0 fnt\n|faint|p1a: Arcanine\n|move|p1b: Amoonguss|Pollen Puff|p1: Arcanine|[notarget]\n|-fail|p1b: Amoonguss\n|\n|-heal|p2b: 50 Cent|90\/100|[from] item: Leftovers\n|-damage|p2a: Smaug|52\/100 brn|[from] brn\n|-sideend|p2: Jbenn|move: Tailwind\n|upkeep\n|j| Faboss16\n|-message|JasonvK forfeited.\n|\n|win|Jbenn\n|raw|JasonvK's rating: 1531 → 1512<\/strong> (-19 for losing)\n|raw|Jbenn's rating: 1542 → 1561<\/strong> (+19 for winning)\n|l|\u2606JasonvK\n|l| Faboss16\n","uploadtime":1682622118,"views":11,"p1id":"jasonvk","p2id":"jbenn","formatid":"gen9vgc2023regulationc","rating":1512,"private":0,"password":""}