{"id":"gen9vgc2023regulationc-1857094780","p1":"Bradnoah1","p2":"Phelon","format":"[Gen 9] VGC 2023 Regulation C","log":"|j|\u2606Bradnoah1\n|j|\u2606Phelon\n|t:|1683145231\n|gametype|doubles\n|player|p1|Bradnoah1|ghetsis|1229\n|player|p2|Phelon|burglar|1221\n|teamsize|p1|6\n|teamsize|p2|6\n|gen|9\n|tier|[Gen 9] VGC 2023 Regulation C\n|rated|\n|rule|Species Clause: Limit one of each Pok\u00e9mon\n|rule|Item Clause: Limit one of each item\n|clearpoke\n|poke|p1|Annihilape, L50, F|\n|poke|p1|Tatsugiri, L50, F|\n|poke|p1|Dondozo, L50, F|\n|poke|p1|Flamigo, L50, M|\n|poke|p1|Cetitan, L50, F|\n|poke|p1|Maushold-Four, L50|\n|poke|p2|Flutter Mane, L50|\n|poke|p2|Amoonguss, L50, F|\n|poke|p2|Iron Jugulis, L50|\n|poke|p2|Iron Hands, L50|\n|poke|p2|Palafin, L50, F|\n|poke|p2|Arcanine, L50, F|\n|teampreview|4\n|inactive|Battle timer is ON: inactive players will automatically lose when time's up. (requested by Bradnoah1)\nBradnoah1 rejected open team sheets.\n|\n|t:|1683145254\n|start\n|switch|p1a: Multiply|Maushold-Four, L50, shiny|100\/100\n|switch|p1b: MOOOOOOOO|Cetitan, L50, F, shiny|100\/100\n|switch|p2a: Iron Jugulis|Iron Jugulis, L50, shiny|100\/100\n|switch|p2b: Flutter Mane|Flutter Mane, L50|100\/100\n|-enditem|p2a: Iron Jugulis|Booster Energy\n|-activate|p2a: Iron Jugulis|ability: Quark Drive|[fromitem]\n|-start|p2a: Iron Jugulis|quarkdrivespe\n|turn|1\n|\n|t:|1683145260\n|move|p1a: Multiply|Follow Me|p1a: Multiply\n|-singleturn|p1a: Multiply|move: Follow Me\n|move|p2a: Iron Jugulis|Air Slash|p1a: Multiply\n|-crit|p1a: Multiply\n|-damage|p1a: Multiply|21\/100\n|move|p2b: Flutter Mane|Power Gem|p1a: Multiply\n|-damage|p1a: Multiply|0 fnt\n|faint|p1a: Multiply\n|move|p1b: MOOOOOOOO|Belly Drum|p1b: MOOOOOOOO\n|-damage|p1b: MOOOOOOOO|50\/100\n|-setboost|p1b: MOOOOOOOO|atk|6|[from] move: Belly Drum\n|-enditem|p1b: MOOOOOOOO|Sitrus Berry|[eat]\n|-heal|p1b: MOOOOOOOO|75\/100|[from] item: Sitrus Berry\n|\n|upkeep\n|\n|t:|1683145270\n|switch|p1a: Tall Birb|Flamigo, L50, M|100\/100\n|-copyboost|p1a: Tall Birb|p1b: MOOOOOOOO|[from] ability: Costar\n|turn|2\n|\n|t:|1683145283\n|-terastallize|p2a: Iron Jugulis|Steel\n|move|p1b: MOOOOOOOO|Ice Shard|p2a: Iron Jugulis\n|-resisted|p2a: Iron Jugulis\n|-damage|p2a: Iron Jugulis|59\/100\n|move|p2a: Iron Jugulis|Air Slash|p1b: MOOOOOOOO\n|-damage|p1b: MOOOOOOOO|35\/100\n|move|p2b: Flutter Mane|Power Gem|p1b: MOOOOOOOO\n|-supereffective|p1b: MOOOOOOOO\n|-damage|p1b: MOOOOOOOO|0 fnt\n|faint|p1b: MOOOOOOOO\n|move|p1a: Tall Birb|Liquidation|p2b: Flutter Mane\n|-damage|p2b: Flutter Mane|0 fnt\n|faint|p2b: Flutter Mane\n|-end|p2b: Flutter Mane|Protosynthesis|[silent]\n|\n|upkeep\n|\n|t:|1683145296\n|switch|p2b: Iron Hands|Iron Hands, L50|100\/100\n|switch|p1b: MONKE|Annihilape, L50, F|100\/100\n|turn|3\n|\n|t:|1683145309\n|move|p2a: Iron Jugulis|Air Slash|p1a: Tall Birb\n|-supereffective|p1a: Tall Birb\n|-damage|p1a: Tall Birb|24\/100\n|move|p1b: MONKE|Drain Punch|p2a: Iron Jugulis\n|-supereffective|p2a: Iron Jugulis\n|-damage|p2a: Iron Jugulis|0 fnt\n|faint|p2a: Iron Jugulis\n|-end|p2a: Iron Jugulis|Quark Drive|[silent]\n|move|p1a: Tall Birb|Brave Bird|p2b: Iron Hands\n|-damage|p2b: Iron Hands|0 fnt\n|faint|p2b: Iron Hands\n|-end|p2b: Iron Hands|Quark Drive|[silent]\n|-damage|p1a: Tall Birb|0 fnt|[from] Recoil\n|faint|p1a: Tall Birb\n|\n|upkeep\n|\n|t:|1683145316\n|switch|p2a: Amoonguss|Amoonguss, L50, F|100\/100\n|turn|4\n|\n|t:|1683145321\n|move|p1b: MONKE|Drain Punch|p2a: Amoonguss\n|-resisted|p2a: Amoonguss\n|-damage|p2a: Amoonguss|87\/100\n|-damage|p1b: MONKE|84\/100|[from] item: Rocky Helmet|[of] p2a: Amoonguss\n|move|p2a: Amoonguss|Spore|p1b: MONKE\n|-status|p1b: MONKE|slp|[from] move: Spore\n|\n|upkeep\n|turn|5\n|\n|t:|1683145327\n|cant|p1b: MONKE|slp\n|move|p2a: Amoonguss|Pollen Puff|p1b: MONKE\n|-resisted|p1b: MONKE\n|-damage|p1b: MONKE|79\/100 slp\n|\n|upkeep\n|turn|6\n|\n|t:|1683145332\n|-terastallize|p1b: MONKE|Fighting\n|cant|p1b: MONKE|slp\n|move|p2a: Amoonguss|Pollen Puff|p1b: MONKE\n|-resisted|p1b: MONKE\n|-damage|p1b: MONKE|70\/100 slp\n|\n|upkeep\n|turn|7\n|\n|t:|1683145336\n|-curestatus|p1b: MONKE|slp|[msg]\n|move|p1b: MONKE|Drain Punch|p2a: Amoonguss\n|-resisted|p2a: Amoonguss\n|-damage|p2a: Amoonguss|66\/100\n|-heal|p1b: MONKE|82\/100|[from] drain|[of] p2a: Amoonguss\n|-damage|p1b: MONKE|66\/100|[from] item: Rocky Helmet|[of] p2a: Amoonguss\n|move|p2a: Amoonguss|Spore|p1b: MONKE\n|-status|p1b: MONKE|slp|[from] move: Spore\n|\n|upkeep\n|turn|8\n|\n|t:|1683145344\n|cant|p1b: MONKE|slp\n|move|p2a: Amoonguss|Clear Smog|p1b: MONKE\n|-damage|p1b: MONKE|49\/100 slp\n|-clearboost|p1b: MONKE\n|\n|upkeep\n|turn|9\n|\n|t:|1683145349\n|cant|p1b: MONKE|slp\n|move|p2a: Amoonguss|Clear Smog|p1b: MONKE\n|-damage|p1b: MONKE|31\/100 slp\n|-clearboost|p1b: MONKE\n|\n|upkeep\n|turn|10\n|\n|t:|1683145356\n|cant|p1b: MONKE|slp\n|move|p2a: Amoonguss|Spore|p1b: MONKE\n|-fail|p1b: MONKE|slp\n|\n|upkeep\n|turn|11\n|\n|t:|1683145364\n|-curestatus|p1b: MONKE|slp|[msg]\n|move|p1b: MONKE|Drain Punch|p2a: Amoonguss\n|-resisted|p2a: Amoonguss\n|-damage|p2a: Amoonguss|43\/100\n|-heal|p1b: MONKE|45\/100|[from] drain|[of] p2a: Amoonguss\n|-damage|p1b: MONKE|29\/100|[from] item: Rocky Helmet|[of] p2a: Amoonguss\n|move|p2a: Amoonguss|Spore|p1b: MONKE\n|-status|p1b: MONKE|slp|[from] move: Spore\n|\n|upkeep\n|turn|12\n|-message|Bradnoah1 forfeited.\n|\n|win|Phelon\n|raw|Bradnoah1's rating: 1229 → 1203<\/strong> (-26 for losing)\n|raw|Phelon's rating: 1221 → 1247<\/strong> (+26 for winning)\n|l|\u2606Bradnoah1\n","uploadtime":1683145376,"views":13,"p1id":"bradnoah1","p2id":"phelon","formatid":"gen9vgc2023regulationc","rating":1203,"private":0,"password":""}