{"id":"gen9vgc2023regulationc-1856920995","p1":"Goodersskills","p2":"ShyDude","format":"[Gen 9] VGC 2023 Regulation C","log":"|j|\u2606Goodersskills\n|j|\u2606ShyDude\n|t:|1683125914\n|gametype|doubles\n|player|p1|Goodersskills|aromalady|1254\n|player|p2|ShyDude|cynthia|1329\n|teamsize|p1|6\n|teamsize|p2|6\n|gen|9\n|tier|[Gen 9] VGC 2023 Regulation C\n|rated|\n|rule|Species Clause: Limit one of each Pok\u00e9mon\n|rule|Item Clause: Limit one of each item\n|clearpoke\n|poke|p1|Indeedee-F, L50, F|\n|poke|p1|Amoonguss, L50, F|\n|poke|p1|Iron Hands, L50|\n|poke|p1|Flamigo, L50, M|\n|poke|p1|Armarouge, L50, M|\n|poke|p1|Iron Bundle, L50|\n|poke|p2|Chi-Yu, L50|\n|poke|p2|Dachsbun, L50, M|\n|poke|p2|Dondozo, L50, M|\n|poke|p2|Tatsugiri-Droopy, L50, F|\n|poke|p2|Amoonguss, L50, M|\n|poke|p2|Glimmora, L50, M|\n|teampreview|4\n|\n|t:|1683125948\n|start\n|switch|p1a: Iron Hands|Iron Hands, L50|100\/100\n|switch|p1b: Indeedee|Indeedee-F, L50, F|100\/100\n|switch|p2a: Chi-Yu|Chi-Yu, L50|100\/100\n|switch|p2b: Dondozo|Dondozo, L50, M|100\/100\n|-ability|p2a: Chi-Yu|Beads of Ruin\n|-fieldstart|move: Psychic Terrain|[from] ability: Psychic Surge|[of] p1b: Indeedee\n|turn|1\n|\n|t:|1683125983\n|move|p1b: Indeedee|Protect|p1b: Indeedee\n|-singleturn|p1b: Indeedee|Protect\n|move|p2a: Chi-Yu|Heat Wave|p1a: Iron Hands|[spread] p1a\n|-activate|p1b: Indeedee|move: Protect\n|-damage|p1a: Iron Hands|54\/100\n|move|p2b: Dondozo|Liquidation|p1b: Indeedee\n|-activate|p1b: Indeedee|move: Protect\n|move|p1a: Iron Hands|Belly Drum|p1a: Iron Hands\n|-damage|p1a: Iron Hands|4\/100\n|-setboost|p1a: Iron Hands|atk|6|[from] move: Belly Drum\n|-enditem|p1a: Iron Hands|Sitrus Berry|[eat]\n|-heal|p1a: Iron Hands|29\/100|[from] item: Sitrus Berry\n|\n|upkeep\n|turn|2\n|\n|t:|1683125999\n|move|p1a: Iron Hands|Detect|p1a: Iron Hands\n|-singleturn|p1a: Iron Hands|Protect\n|move|p2a: Chi-Yu|Heat Wave|p1b: Indeedee|[spread] p1b\n|-activate|p1a: Iron Hands|move: Protect\n|-damage|p1b: Indeedee|53\/100\n|-status|p1b: Indeedee|brn\n|move|p2b: Dondozo|Liquidation|p1b: Indeedee\n|-damage|p1b: Indeedee|15\/100 brn\n|-unboost|p1b: Indeedee|def|1\n|move|p1b: Indeedee|Trick Room|p1b: Indeedee\n|-fieldstart|move: Trick Room|[of] p1b: Indeedee\n|\n|-damage|p1b: Indeedee|9\/100 brn|[from] brn\n|upkeep\n|turn|3\n|\n|t:|1683126027\n|move|p1b: Indeedee|Follow Me|p1b: Indeedee\n|-singleturn|p1b: Indeedee|move: Follow Me\n|move|p1a: Iron Hands|Drain Punch|p2a: Chi-Yu\n|-supereffective|p2a: Chi-Yu\n|-damage|p2a: Chi-Yu|0 fnt\n|-heal|p1a: Iron Hands|55\/100|[from] drain|[of] p2a: Chi-Yu\n|faint|p2a: Chi-Yu\n|move|p2b: Dondozo|Liquidation|p1b: Indeedee\n|-damage|p1b: Indeedee|0 fnt\n|faint|p1b: Indeedee\n|\n|upkeep\n|\n|t:|1683126037\n|switch|p1b: Amoonguss|Amoonguss, L50, F|100\/100\n|switch|p2a: Tatsugiri|Tatsugiri-Droopy, L50, F|100\/100\n|-activate|p2a: Tatsugiri|ability: Commander|[of] p2b: Dondozo\n|-boost|p2b: Dondozo|atk|2\n|-boost|p2b: Dondozo|spa|2\n|-boost|p2b: Dondozo|spe|2\n|-boost|p2b: Dondozo|def|2\n|-boost|p2b: Dondozo|spd|2\n|turn|4\n|\n|t:|1683126053\n|-terastallize|p2b: Dondozo|Flying\n|move|p1b: Amoonguss|Pollen Puff|p1a: Iron Hands\n|-heal|p1a: Iron Hands|100\/100\n|move|p1a: Iron Hands|Drain Punch|p2b: Dondozo\n|-resisted|p2b: Dondozo\n|-damage|p2b: Dondozo|94\/100\n|move|p2b: Dondozo|Tera Blast|p1b: Amoonguss\n|-supereffective|p1b: Amoonguss\n|-enditem|p1b: Amoonguss|Focus Sash\n|-damage|p1b: Amoonguss|1\/100\n|\n|-heal|p2b: Dondozo|99\/100|[from] item: Leftovers\n|upkeep\n|turn|5\n|\n|t:|1683126068\n|move|p1b: Amoonguss|Spore|p2b: Dondozo\n|-status|p2b: Dondozo|slp|[from] move: Spore\n|move|p1a: Iron Hands|Thunder Punch|p2b: Dondozo\n|-supereffective|p2b: Dondozo\n|-damage|p2b: Dondozo|74\/100 slp\n|cant|p2b: Dondozo|slp\n|\n|-heal|p2b: Dondozo|81\/100 slp|[from] item: Leftovers\n|-fieldend|move: Psychic Terrain\n|upkeep\n|turn|6\n|\n|t:|1683126086\n|switch|p1b: Flamigo|Flamigo, L50, M|100\/100\n|-copyboost|p1b: Flamigo|p1a: Iron Hands|[from] ability: Costar\n|move|p1a: Iron Hands|Thunder Punch|p2b: Dondozo\n|-supereffective|p2b: Dondozo\n|-damage|p2b: Dondozo|57\/100 slp\n|cant|p2b: Dondozo|slp\n|\n|-heal|p2b: Dondozo|63\/100 slp|[from] item: Leftovers\n|-fieldend|move: Trick Room\n|upkeep\n|turn|7\n|\n|t:|1683126105\n|-terastallize|p1b: Flamigo|Flying\n|move|p1b: Flamigo|Brave Bird|p2b: Dondozo\n|-damage|p2b: Dondozo|38\/100 slp\n|-damage|p1b: Flamigo|87\/100|[from] Recoil\n|cant|p2b: Dondozo|slp\n|move|p1a: Iron Hands|Thunder Punch|p2b: Dondozo\n|-supereffective|p2b: Dondozo\n|-damage|p2b: Dondozo|11\/100 slp\n|\n|-heal|p2b: Dondozo|18\/100 slp|[from] item: Leftovers\n|upkeep\n|turn|8\n|\n|t:|1683126116\n|-curestatus|p2b: Dondozo|slp|[msg]\n|move|p2b: Dondozo|Protect|p2b: Dondozo\n|-singleturn|p2b: Dondozo|Protect\n|move|p1b: Flamigo|Brave Bird|p2b: Dondozo\n|-activate|p2b: Dondozo|move: Protect\n|move|p1a: Iron Hands|Thunder Punch|p2b: Dondozo\n|-activate|p2b: Dondozo|move: Protect\n|\n|-heal|p2b: Dondozo|24\/100|[from] item: Leftovers\n|upkeep\n|turn|9\n|\n|t:|1683126136\n|move|p1b: Flamigo|Brave Bird|p2b: Dondozo\n|-damage|p2b: Dondozo|0 fnt\n|faint|p2b: Dondozo\n|-damage|p1b: Flamigo|75\/100|[from] Recoil\n|move|p1a: Iron Hands|Thunder Punch|p2a: Tatsugiri\n|-crit|p2a: Tatsugiri\n|-enditem|p2a: Tatsugiri|Focus Sash\n|-damage|p2a: Tatsugiri|1\/100\n|-status|p2a: Tatsugiri|par\n|\n|upkeep\n|\n|t:|1683126139\n|switch|p2b: Dachsbun|Dachsbun, L50, M|100\/100\n|turn|10\n|\n|t:|1683126165\n|switch|p1b: Amoonguss|Amoonguss, L50, F|34\/100\n|move|p2a: Tatsugiri|Protect|p2a: Tatsugiri\n|-singleturn|p2a: Tatsugiri|Protect\n|move|p1a: Iron Hands|Detect|p1a: Iron Hands\n|-singleturn|p1a: Iron Hands|Protect\n|move|p2b: Dachsbun|Yawn|p1b: Amoonguss\n|-start|p1b: Amoonguss|move: Yawn|[of] p2b: Dachsbun\n|\n|upkeep\n|turn|11\n|\n|t:|1683126190\n|move|p1b: Amoonguss|Rage Powder|p1b: Amoonguss\n|-singleturn|p1b: Amoonguss|move: Rage Powder\n|move|p2b: Dachsbun|Body Press|p1b: Amoonguss\n|-resisted|p1b: Amoonguss\n|-damage|p1b: Amoonguss|26\/100\n|move|p2a: Tatsugiri|Muddy Water|p1a: Iron Hands|[spread] p1a,p1b\n|-crit|p1a: Iron Hands\n|-resisted|p1b: Amoonguss\n|-damage|p1a: Iron Hands|55\/100\n|-damage|p1b: Amoonguss|10\/100\n|-unboost|p1a: Iron Hands|accuracy|1\n|-unboost|p1b: Amoonguss|accuracy|1\n|move|p1a: Iron Hands|Thunder Punch|p2b: Dachsbun\n|-damage|p2b: Dachsbun|0 fnt\n|faint|p2b: Dachsbun\n|\n|-end|p1b: Amoonguss|move: Yawn|[silent]\n|-status|p1b: Amoonguss|slp\n|upkeep\n|turn|12\n|\n|t:|1683126210\n|move|p2a: Tatsugiri|Muddy Water|p1a: Iron Hands|[spread] p1a,p1b\n|-resisted|p1b: Amoonguss\n|-damage|p1a: Iron Hands|25\/100\n|-damage|p1b: Amoonguss|0 fnt\n|faint|p1b: Amoonguss\n|move|p1a: Iron Hands|Drain Punch|p2a: Tatsugiri\n|-damage|p2a: Tatsugiri|0 fnt\n|-heal|p1a: Iron Hands|25\/100|[from] drain|[of] p2a: Tatsugiri\n|faint|p2a: Tatsugiri\n|\n|win|Goodersskills\n|raw|Goodersskills's rating: 1254 → 1284<\/strong> (+30 for winning)\n|raw|ShyDude's rating: 1329 → 1305<\/strong> (-24 for losing)\n|l|\u2606ShyDude\n|j|\u2606ShyDude\n|player|p2|ShyDude|cynthia\n","uploadtime":1683126226,"views":13,"p1id":"goodersskills","p2id":"shydude","formatid":"gen9vgc2023regulationc","rating":1284,"private":0,"password":""}