{"id":"gen9vgc2023regulationc-1847031243","p1":"RamXCore","p2":"MrEggPie","format":"[Gen 9] VGC 2023 Regulation C","log":"|j|\u2606RamXCore\n|j|\u2606MrEggPie\n|t:|1681913287\n|gametype|doubles\n|player|p1|RamXCore|266|\n|player|p2|MrEggPie|clay|\n|teamsize|p1|6\n|teamsize|p2|6\n|gen|9\n|tier|[Gen 9] VGC 2023 Regulation C\n|rule|Species Clause: Limit one of each Pok\u00e9mon\n|rule|Item Clause: Limit one of each item\n|clearpoke\n|poke|p1|Gholdengo, L50|\n|poke|p1|Grimmsnarl, L50, M|\n|poke|p1|Flutter Mane, L50|\n|poke|p1|Chi-Yu, L50|\n|poke|p1|Iron Bundle, L50|\n|poke|p1|Amoonguss, L50, M|\n|poke|p2|Iron Jugulis, L50|\n|poke|p2|Amoonguss, L50, M|\n|poke|p2|Chi-Yu, L50|\n|poke|p2|Palafin, L50, M|\n|poke|p2|Flutter Mane, L50|\n|poke|p2|Iron Hands, L50|\n|teampreview|4\n|inactive|Battle timer is ON: inactive players will automatically lose when time's up. (requested by RamXCore)\nRamXCore has agreed to open team sheets.\n|inactive|MrEggPie has 60 seconds left.\n|inactive|MrEggPie has 30 seconds left.\n|inactive|MrEggPie has 20 seconds left.\n|\n|t:|1681913378\n|start\n|switch|p1a: Grimmsnarl|Grimmsnarl, L50, M, shiny|100\/100\n|switch|p1b: Gholdengo|Gholdengo, L50|100\/100\n|switch|p2a: Iron Jugulis|Iron Jugulis, L50|100\/100\n|switch|p2b: Iron Hands|Iron Hands, L50|100\/100\n|-enditem|p2a: Iron Jugulis|Booster Energy\n|-activate|p2a: Iron Jugulis|ability: Quark Drive|[fromitem]\n|-start|p2a: Iron Jugulis|quarkdrivespe\n|turn|1\n|inactive|RamXCore has 30 seconds left.\n|inactive|MrEggPie has 30 seconds left.\n|\n|t:|1681913408\n|move|p1b: Gholdengo|Protect|p1b: Gholdengo\n|-singleturn|p1b: Gholdengo|Protect\n|move|p2b: Iron Hands|Fake Out|p1a: Grimmsnarl\n|-damage|p1a: Grimmsnarl|84\/100\n|cant|p1a: Grimmsnarl|flinch\n|move|p2a: Iron Jugulis|Tailwind|p2a: Iron Jugulis\n|-sidestart|p2: MrEggPie|move: Tailwind\n|\n|upkeep\n|turn|2\n|\n|t:|1681913432\n|-terastallize|p1b: Gholdengo|Water\n|move|p1a: Grimmsnarl|Reflect|p1a: Grimmsnarl\n|-sidestart|p1: RamXCore|Reflect\n|move|p2a: Iron Jugulis|Snarl|p1b: Gholdengo|[spread] p1a,p1b\n|-resisted|p1a: Grimmsnarl\n|-damage|p1a: Grimmsnarl|80\/100\n|-damage|p1b: Gholdengo|81\/100\n|-unboost|p1a: Grimmsnarl|spa|1\n|-unboost|p1b: Gholdengo|spa|1\n|move|p2b: Iron Hands|Volt Switch|p1b: Gholdengo\n|-supereffective|p1b: Gholdengo\n|-damage|p1b: Gholdengo|54\/100\n|\n|t:|1681913446\n|-end|p2b: Iron Hands|Quark Drive|[silent]\n|switch|p2b: Flutter Mane|Flutter Mane, L50|100\/100|[from] Volt Switch\n|move|p1b: Gholdengo|Nasty Plot|p1b: Gholdengo\n|-boost|p1b: Gholdengo|spa|2\n|\n|-heal|p1b: Gholdengo|60\/100|[from] item: Leftovers\n|upkeep\n|turn|3\n|inactive|MrEggPie has 30 seconds left.\n|\n|t:|1681913480\n|move|p1a: Grimmsnarl|Light Screen|p1a: Grimmsnarl\n|-sidestart|p1: RamXCore|move: Light Screen\n|move|p2a: Iron Jugulis|Air Slash|p1b: Gholdengo\n|-damage|p1b: Gholdengo|35\/100\n|move|p2b: Flutter Mane|Dazzling Gleam|p1b: Gholdengo|[spread] p1a,p1b\n|-supereffective|p1a: Grimmsnarl\n|-damage|p1a: Grimmsnarl|35\/100\n|-damage|p1b: Gholdengo|6\/100\n|-damage|p2b: Flutter Mane|91\/100|[from] item: Life Orb\n|move|p1b: Gholdengo|Make It Rain|p2b: Flutter Mane|[spread] p2a,p2b\n|-supereffective|p2b: Flutter Mane\n|-damage|p2a: Iron Jugulis|2\/100\n|-damage|p2b: Flutter Mane|0 fnt\n|-unboost|p1b: Gholdengo|spa|1\n|faint|p2b: Flutter Mane\n|-end|p2b: Flutter Mane|Protosynthesis|[silent]\n|\n|-heal|p1b: Gholdengo|12\/100|[from] item: Leftovers\n|upkeep\n|\n|t:|1681913499\n|switch|p2b: Chi-Yu|Chi-Yu, L50|100\/100\n|-ability|p2b: Chi-Yu|Beads of Ruin\n|turn|4\n|\n|t:|1681913509\n|move|p1b: Gholdengo|Protect|p1b: Gholdengo\n|-singleturn|p1b: Gholdengo|Protect\n|move|p2a: Iron Jugulis|Air Slash|p1a: Grimmsnarl\n|-damage|p1a: Grimmsnarl|8\/100\n|move|p2b: Chi-Yu|Heat Wave|p1a: Grimmsnarl|[spread] p1a\n|-activate|p1b: Gholdengo|move: Protect\n|-damage|p1a: Grimmsnarl|0 fnt\n|faint|p1a: Grimmsnarl\n|\n|-heal|p1b: Gholdengo|19\/100|[from] item: Leftovers\n|-sideend|p2: MrEggPie|move: Tailwind\n|upkeep\n|\n|t:|1681913522\n|switch|p1a: Chi-Yu|Chi-Yu, L50|100\/100\n|-ability|p1a: Chi-Yu|Beads of Ruin\n|turn|5\n|inactive|MrEggPie has 30 seconds left.\n|\n|t:|1681913557\n|move|p2a: Iron Jugulis|Snarl|p1b: Gholdengo|[spread] p1a,p1b\n|-resisted|p1a: Chi-Yu\n|-damage|p1a: Chi-Yu|93\/100\n|-damage|p1b: Gholdengo|2\/100\n|-unboost|p1a: Chi-Yu|spa|1\n|-unboost|p1b: Gholdengo|spa|1\n|move|p1a: Chi-Yu|Heat Wave|p2a: Iron Jugulis|[spread] p2a,p2b\n|-resisted|p2b: Chi-Yu\n|-damage|p2a: Iron Jugulis|0 fnt\n|-damage|p2b: Chi-Yu|88\/100\n|faint|p2a: Iron Jugulis\n|-end|p2a: Iron Jugulis|Quark Drive|[silent]\n|move|p2b: Chi-Yu|Heat Wave|p1b: Gholdengo|[spread] p1a,p1b\n|-resisted|p1a: Chi-Yu\n|-resisted|p1b: Gholdengo\n|-damage|p1a: Chi-Yu|75\/100\n|-damage|p1b: Gholdengo|0 fnt\n|faint|p1b: Gholdengo\n|\n|upkeep\n|\n|t:|1681913574\n|switch|p2a: Iron Hands|Iron Hands, L50|100\/100\n|switch|p1b: Flutter Mane|Flutter Mane, L50|100\/100\n|turn|6\n|\n|t:|1681913584\n|move|p2a: Iron Hands|Fake Out|p1a: Chi-Yu\n|-damage|p1a: Chi-Yu|61\/100\n|cant|p1a: Chi-Yu|flinch\n|move|p1b: Flutter Mane|Dazzling Gleam|p2a: Iron Hands|[spread] p2a,p2b\n|-supereffective|p2a: Iron Hands\n|-damage|p2a: Iron Hands|30\/100\n|-damage|p2b: Chi-Yu|36\/100\n|move|p2b: Chi-Yu|Heat Wave|p1b: Flutter Mane|[spread] p1a,p1b\n|-resisted|p1a: Chi-Yu\n|-damage|p1a: Chi-Yu|44\/100\n|-damage|p1b: Flutter Mane|50\/100\n|\n|upkeep\n|turn|7\n|inactive|MrEggPie has 30 seconds left.\n|inactive|MrEggPie has 20 seconds left.\n|\n|t:|1681913620\n|move|p1a: Chi-Yu|Heat Wave|p2b: Chi-Yu|[spread] p2b\n|-miss|p1a: Chi-Yu|p2a: Iron Hands\n|-resisted|p2b: Chi-Yu\n|-damage|p2b: Chi-Yu|23\/100\n|move|p1b: Flutter Mane|Dazzling Gleam|p2a: Iron Hands|[spread] p2a,p2b\n|-supereffective|p2a: Iron Hands\n|-crit|p2b: Chi-Yu\n|-damage|p2a: Iron Hands|0 fnt\n|-damage|p2b: Chi-Yu|0 fnt\n|faint|p2a: Iron Hands\n|-end|p2a: Iron Hands|Quark Drive|[silent]\n|faint|p2b: Chi-Yu\n|\n|win|RamXCore\n|c|\u2606RamXCore|GG\n|l|\u2606MrEggPie\n","uploadtime":1681913817,"views":6,"p1id":"ramxcore","p2id":"mreggpie","formatid":"gen9vgc2023regulationc","rating":0,"private":0,"password":""}