{"id":"gen9vgc2023regulationc-1850703599","p1":"Meatheadjr","p2":"PiccoloRuiz","format":"[Gen 9] VGC 2023 Regulation C","log":"|j|\u2606Meatheadjr\n|j|\u2606PiccoloRuiz\n|t:|1682360495\n|gametype|doubles\n|player|p1|Meatheadjr|2|1238\n|player|p2|PiccoloRuiz|valerie|1217\n|teamsize|p1|6\n|teamsize|p2|6\n|gen|9\n|tier|[Gen 9] VGC 2023 Regulation C\n|rated|\n|rule|Species Clause: Limit one of each Pok\u00e9mon\n|rule|Item Clause: Limit one of each item\n|clearpoke\n|poke|p1|Ting-Lu, L50|\n|poke|p1|Dragonite, L50, F|\n|poke|p1|Iron Valiant, L50|\n|poke|p1|Arcanine, L50, M|\n|poke|p1|Flutter Mane, L50|\n|poke|p1|Meowscarada, L50, M|\n|poke|p2|Flutter Mane, L50|\n|poke|p2|Amoonguss, L50, F|\n|poke|p2|Gyarados, L50, F|\n|poke|p2|Arcanine, L50, F|\n|poke|p2|Ting-Lu, L50|\n|poke|p2|Baxcalibur, L50, F|\n|teampreview|4\n|inactive|Battle timer is ON: inactive players will automatically lose when time's up. (requested by PiccoloRuiz)\n|inactive|Meatheadjr has 60 seconds left.\n|inactive|Meatheadjr has 30 seconds left.\n|\n|t:|1682360563\n|start\n|switch|p1a: Ting-Lu|Ting-Lu, L50|100\/100\n|switch|p1b: Arcanine|Arcanine, L50, M|100\/100\n|switch|p2a: Ting-Lu|Ting-Lu, L50|100\/100\n|switch|p2b: Bianca|Gyarados, L50, F, shiny|100\/100\n|-ability|p1b: Arcanine|Intimidate|boost\n|-unboost|p2a: Ting-Lu|atk|1\n|-unboost|p2b: Bianca|atk|1\n|-ability|p2b: Bianca|Intimidate|boost\n|-unboost|p1a: Ting-Lu|atk|1\n|-unboost|p1b: Arcanine|atk|1\n|-ability|p2a: Ting-Lu|Vessel of Ruin\n|-ability|p1a: Ting-Lu|Vessel of Ruin\n|turn|1\n|\n|t:|1682360580\n|switch|p2b: Raja|Arcanine, L50, F|100\/100\n|-ability|p2b: Raja|Intimidate|boost\n|-unboost|p1a: Ting-Lu|atk|1\n|-unboost|p1b: Arcanine|atk|1\n|-terastallize|p1a: Ting-Lu|Poison\n|move|p1b: Arcanine|Will-O-Wisp|p2b: Raja|[miss]\n|-miss|p1b: Arcanine|p2b: Raja\n|move|p2a: Ting-Lu|Fissure|p1b: Arcanine|[miss]\n|-miss|p2a: Ting-Lu|p1b: Arcanine\n|move|p1a: Ting-Lu|Fissure|p2a: Ting-Lu|[miss]\n|-miss|p1a: Ting-Lu|p2a: Ting-Lu\n|\n|upkeep\n|turn|2\n|\n|t:|1682360603\n|move|p1b: Arcanine|Helping Hand|p1a: Ting-Lu\n|-singleturn|p1a: Ting-Lu|Helping Hand|[of] p1b: Arcanine\n|move|p2b: Raja|Howl|p2b: Raja|[spread] p2a,p2b\n|-boost|p2a: Ting-Lu|atk|1\n|-boost|p2b: Raja|atk|1\n|move|p2a: Ting-Lu|Stomping Tantrum|p1a: Ting-Lu\n|-supereffective|p1a: Ting-Lu\n|-damage|p1a: Ting-Lu|42\/100\n|move|p1a: Ting-Lu|Stomping Tantrum|p2b: Raja\n|-supereffective|p2b: Raja\n|-damage|p2b: Raja|8\/100\n|\n|upkeep\n|turn|3\n|\n|t:|1682360619\n|switch|p2b: Bianca|Gyarados, L50, F, shiny|100\/100\n|-ability|p2b: Bianca|Intimidate|boost\n|-unboost|p1a: Ting-Lu|atk|1\n|-unboost|p1b: Arcanine|atk|1\n|move|p1b: Arcanine|Snarl|p2b: Bianca|[spread] p2b\n|-miss|p1b: Arcanine|p2a: Ting-Lu\n|-damage|p2b: Bianca|95\/100\n|-unboost|p2b: Bianca|spa|1\n|move|p2a: Ting-Lu|Stomping Tantrum|p1a: Ting-Lu\n|-supereffective|p1a: Ting-Lu\n|-damage|p1a: Ting-Lu|10\/100\n|move|p1a: Ting-Lu|Fissure|p2a: Ting-Lu|[miss]\n|-miss|p1a: Ting-Lu|p2a: Ting-Lu\n|\n|upkeep\n|turn|4\n|inactive|Meatheadjr has 30 seconds left.\n|\n|t:|1682360648\n|move|p1b: Arcanine|Snarl|p2b: Bianca|[spread] p2b\n|-miss|p1b: Arcanine|p2a: Ting-Lu\n|-damage|p2b: Bianca|90\/100\n|-unboost|p2b: Bianca|spa|1\n|move|p2b: Bianca|Taunt|p1b: Arcanine\n|-start|p1b: Arcanine|move: Taunt\n|move|p2a: Ting-Lu|Stomping Tantrum|p1a: Ting-Lu\n|-supereffective|p1a: Ting-Lu\n|-damage|p1a: Ting-Lu|0 fnt\n|faint|p1a: Ting-Lu\n|\n|upkeep\n|\n|t:|1682360659\n|switch|p1a: Flutter Mane|Flutter Mane, L50|100\/100\n|-enditem|p1a: Flutter Mane|Booster Energy\n|-activate|p1a: Flutter Mane|ability: Protosynthesis|[fromitem]\n|-start|p1a: Flutter Mane|protosynthesisspe\n|turn|5\n|\n|t:|1682360671\n|move|p1a: Flutter Mane|Moonblast|p2a: Ting-Lu\n|-supereffective|p2a: Ting-Lu\n|-crit|p2a: Ting-Lu\n|-damage|p2a: Ting-Lu|44\/100\n|move|p1b: Arcanine|Snarl|p2b: Bianca|[spread] p2a,p2b\n|-resisted|p2a: Ting-Lu\n|-damage|p2a: Ting-Lu|43\/100\n|-damage|p2b: Bianca|85\/100\n|-unboost|p2a: Ting-Lu|spa|1\n|-unboost|p2b: Bianca|spa|1\n|move|p2b: Bianca|Waterfall|p1a: Flutter Mane\n|-damage|p1a: Flutter Mane|24\/100\n|move|p2a: Ting-Lu|Heavy Slam|p1a: Flutter Mane\n|-supereffective|p1a: Flutter Mane\n|-damage|p1a: Flutter Mane|0 fnt\n|faint|p1a: Flutter Mane\n|-end|p1a: Flutter Mane|Protosynthesis|[silent]\n|\n|upkeep\n|\n|t:|1682360678\n|switch|p1a: Dragonite|Dragonite, L50, F|100\/100\n|turn|6\n|\n|t:|1682360701\n|move|p1a: Dragonite|Extreme Speed|p2a: Ting-Lu\n|-damage|p2a: Ting-Lu|18\/100\n|move|p1b: Arcanine|Flare Blitz|p2a: Ting-Lu\n|-damage|p2a: Ting-Lu|6\/100\n|-damage|p1b: Arcanine|96\/100|[from] Recoil\n|move|p2b: Bianca|Waterfall|p1a: Dragonite\n|-resisted|p1a: Dragonite\n|-damage|p1a: Dragonite|93\/100\n|move|p2a: Ting-Lu|Ruination|p1a: Dragonite\n|-damage|p1a: Dragonite|47\/100\n|\n|upkeep\n|turn|7\n|\n|t:|1682360718\n|move|p1a: Dragonite|Extreme Speed|p2b: Bianca\n|-damage|p2b: Bianca|40\/100\n|-enditem|p2b: Bianca|Sitrus Berry|[eat]\n|-heal|p2b: Bianca|65\/100|[from] item: Sitrus Berry\n|move|p1b: Arcanine|Flare Blitz|p2a: Ting-Lu\n|-damage|p2a: Ting-Lu|0 fnt\n|faint|p2a: Ting-Lu\n|-damage|p1b: Arcanine|93\/100|[from] Recoil\n|move|p2b: Bianca|Waterfall|p1b: Arcanine\n|-supereffective|p1b: Arcanine\n|-damage|p1b: Arcanine|35\/100\n|-enditem|p1b: Arcanine|Sitrus Berry|[eat]\n|-heal|p1b: Arcanine|59\/100|[from] item: Sitrus Berry\n|\n|-end|p1b: Arcanine|move: Taunt\n|upkeep\n|\n|t:|1682360731\n|switch|p2a: Flutter Mane|Flutter Mane, L50|100\/100\n|-enditem|p2a: Flutter Mane|Booster Energy\n|-activate|p2a: Flutter Mane|ability: Protosynthesis|[fromitem]\n|-start|p2a: Flutter Mane|protosynthesisspa\n|turn|8\n|\n|t:|1682360743\n|switch|p2b: Raja|Arcanine, L50, F|8\/100\n|-ability|p2b: Raja|Intimidate|boost\n|-unboost|p1a: Dragonite|atk|1\n|-unboost|p1b: Arcanine|atk|1\n|move|p1a: Dragonite|Extreme Speed|p2b: Raja\n|-damage|p2b: Raja|0 fnt\n|faint|p2b: Raja\n|move|p2a: Flutter Mane|Moonblast|p1a: Dragonite\n|-supereffective|p1a: Dragonite\n|-damage|p1a: Dragonite|0 fnt\n|faint|p1a: Dragonite\n|move|p1b: Arcanine|Flare Blitz|p2a: Flutter Mane\n|-damage|p2a: Flutter Mane|74\/100\n|-damage|p1b: Arcanine|52\/100|[from] Recoil\n|\n|upkeep\n|\n|t:|1682360756\n|switch|p2b: Bianca|Gyarados, L50, F, shiny|65\/100\n|-ability|p2b: Bianca|Intimidate|boost\n|-unboost|p1b: Arcanine|atk|1\n|turn|9\n|\n|t:|1682360762\n|move|p2a: Flutter Mane|Shadow Ball|p1b: Arcanine\n|-damage|p1b: Arcanine|5\/100\n|move|p1b: Arcanine|Flare Blitz|p2a: Flutter Mane\n|-damage|p2a: Flutter Mane|53\/100\n|-damage|p1b: Arcanine|0 fnt|[from] Recoil\n|faint|p1b: Arcanine\n|\n|win|PiccoloRuiz\n|raw|Meatheadjr's rating: 1238 → 1210<\/strong> (-28 for losing)\n|raw|PiccoloRuiz's rating: 1198 → 1226<\/strong> (+28 for winning)\n|l|\u2606Meatheadjr\n","uploadtime":1682362312,"views":12,"p1id":"meatheadjr","p2id":"piccoloruiz","formatid":"gen9vgc2023regulationc","rating":1210,"private":0,"password":""}