{"id":"gen9vgc2023regulationc-1848916004","p1":"Terry kloak","p2":"limbus company","format":"[Gen 9] VGC 2023 Regulation C","log":"|j|\u2606Terry kloak\n|j|\u2606limbus company\n|t:|1682125721\n|gametype|doubles\n|player|p1|Terry kloak|gentleman-gen4|1527\n|player|p2|limbus company|unknownf|1544\n|teamsize|p1|6\n|teamsize|p2|6\n|gen|9\n|tier|[Gen 9] VGC 2023 Regulation C\n|rated|\n|rule|Species Clause: Limit one of each Pok\u00e9mon\n|rule|Item Clause: Limit one of each item\n|clearpoke\n|poke|p1|Ceruledge, L50, F|\n|poke|p1|Orthworm, L50, F|\n|poke|p1|Ting-Lu, L50|\n|poke|p1|Dragonite, L50, F|\n|poke|p1|Iron Bundle, L50|\n|poke|p1|Grimmsnarl, L50, M|\n|poke|p2|Iron Hands, L50|\n|poke|p2|Corviknight, L50, M|\n|poke|p2|Gyarados, L50, M|\n|poke|p2|Garchomp, L50, M|\n|poke|p2|Flutter Mane, L50|\n|poke|p2|Amoonguss, L50, F|\n|teampreview|4\nlimbus company has agreed to open team sheets.\nTerry kloak has agreed to open team sheets.\n|\n|t:|1682125792\n|start\n|switch|p1a: Ting-Lu|Ting-Lu, L50|100\/100\n|switch|p1b: Orthworm|Orthworm, L50, F|100\/100\n|switch|p2a: Amonguss|Amoonguss, L50, F|100\/100\n|switch|p2b: Gyarados|Gyarados, L50, M|100\/100\n|-ability|p2b: Gyarados|Intimidate|boost\n|-unboost|p1a: Ting-Lu|atk|1\n|-unboost|p1b: Orthworm|atk|1\n|-ability|p1a: Ting-Lu|Vessel of Ruin\n|turn|1\n|\n|t:|1682125827\n|move|p1b: Orthworm|Protect|p1b: Orthworm\n|-singleturn|p1b: Orthworm|Protect\n|move|p2b: Gyarados|Taunt|p1b: Orthworm\n|-activate|p1b: Orthworm|move: Protect\n|move|p1a: Ting-Lu|Ruination|p2b: Gyarados\n|-damage|p2b: Gyarados|51\/100\n|move|p2a: Amonguss|Spore|p1a: Ting-Lu\n|-status|p1a: Ting-Lu|slp|[from] move: Spore\n|\n|-heal|p2b: Gyarados|57\/100|[from] item: Leftovers\n|upkeep\n|turn|2\n|\n|t:|1682125843\n|switch|p1b: Iron Bundle|Iron Bundle, L50|100\/100\n|-enditem|p1b: Iron Bundle|Booster Energy\n|-activate|p1b: Iron Bundle|ability: Quark Drive|[fromitem]\n|-start|p1b: Iron Bundle|quarkdrivespe\n|move|p2b: Gyarados|Taunt|p1b: Iron Bundle\n|-start|p1b: Iron Bundle|move: Taunt\n|cant|p1a: Ting-Lu|slp\n|move|p2a: Amonguss|Pollen Puff|p2b: Gyarados\n|-heal|p2b: Gyarados|100\/100\n|\n|upkeep\n|turn|3\n|\n|t:|1682125870\n|-end|p1b: Iron Bundle|Quark Drive|[silent]\n|switch|p1b: Orthworm|Orthworm, L50, F|100\/100\n|move|p2a: Amonguss|Rage Powder|p2a: Amonguss\n|-singleturn|p2a: Amonguss|move: Rage Powder\n|move|p2b: Gyarados|Thunder Wave|p1b: Orthworm\n|-status|p1b: Orthworm|par\n|cant|p1a: Ting-Lu|slp\n|\n|upkeep\n|turn|4\n|\n|t:|1682125892\n|move|p2b: Gyarados|Taunt|p1b: Orthworm\n|-start|p1b: Orthworm|move: Taunt\n|-curestatus|p1a: Ting-Lu|slp|[msg]\n|move|p1a: Ting-Lu|Ruination|p2a: Amonguss\n|-damage|p2a: Amonguss|51\/100\n|move|p2a: Amonguss|Pollen Puff|p1a: Ting-Lu\n|-supereffective|p1a: Ting-Lu\n|-damage|p1a: Ting-Lu|88\/100\n|move|p1b: Orthworm|Iron Head|p2a: Amonguss\n|-damage|p2a: Amonguss|31\/100\n|-damage|p1b: Orthworm|84\/100 par|[from] item: Rocky Helmet|[of] p2a: Amonguss\n|\n|upkeep\n|turn|5\n|\n|t:|1682125909\n|switch|p2a: Iron Hands|Iron Hands, L50|100\/100\n|move|p2b: Gyarados|Waterfall|p1a: Ting-Lu\n|-supereffective|p1a: Ting-Lu\n|-damage|p1a: Ting-Lu|39\/100\n|move|p1a: Ting-Lu|Earthquake|p2b: Gyarados|[spread] p2a\n|-heal|p1b: Orthworm|100\/100 par|[from] ability: Earth Eater|[of] p1a: Ting-Lu\n|-immune|p2b: Gyarados\n|-supereffective|p2a: Iron Hands\n|-damage|p2a: Iron Hands|68\/100\n|move|p1b: Orthworm|Iron Head|p2a: Iron Hands\n|-resisted|p2a: Iron Hands\n|-damage|p2a: Iron Hands|60\/100\n|\n|upkeep\n|turn|6\n|\n|t:|1682125943\n|switch|p1b: Ceruledge|Ceruledge, L50, F|100\/100\n|move|p2b: Gyarados|Waterfall|p1a: Ting-Lu\n|-supereffective|p1a: Ting-Lu\n|-damage|p1a: Ting-Lu|0 fnt\n|faint|p1a: Ting-Lu\n|move|p2a: Iron Hands|Drain Punch|p1b: Ceruledge\n|-immune|p1b: Ceruledge\n|\n|upkeep\n|\n|t:|1682125953\n|switch|p1a: Iron Bundle|Iron Bundle, L50|100\/100\n|turn|7\n|\n|t:|1682125982\n|-terastallize|p2b: Gyarados|Grass\n|move|p1a: Iron Bundle|Encore|p2b: Gyarados\n|-start|p2b: Gyarados|Encore\n|move|p1b: Ceruledge|Bulk Up|p1b: Ceruledge\n|-boost|p1b: Ceruledge|atk|1\n|-boost|p1b: Ceruledge|def|1\n|move|p2b: Gyarados|Waterfall|p1b: Ceruledge\n|-supereffective|p1b: Ceruledge\n|-damage|p1b: Ceruledge|24\/100\n|move|p2a: Iron Hands|Wild Charge|p1a: Iron Bundle\n|-supereffective|p1a: Iron Bundle\n|-crit|p1a: Iron Bundle\n|-damage|p1a: Iron Bundle|0 fnt\n|faint|p1a: Iron Bundle\n|-end|p1a: Iron Bundle|Quark Drive|[silent]\n|-damage|p2a: Iron Hands|46\/100|[from] Recoil\n|\n|-heal|p1b: Ceruledge|30\/100|[from] item: Leftovers\n|upkeep\n|\n|t:|1682126001\n|switch|p1a: Orthworm|Orthworm, L50, F|100\/100 par\n|turn|8\n|\n|t:|1682126007\n|-terastallize|p1b: Ceruledge|Grass\n|cant|p1a: Orthworm|par\n|move|p1b: Ceruledge|Bitter Blade|p2b: Gyarados\n|-supereffective|p2b: Gyarados\n|-damage|p2b: Gyarados|0 fnt\n|-heal|p1b: Ceruledge|90\/100|[from] drain|[of] p2b: Gyarados\n|faint|p2b: Gyarados\n|move|p2a: Iron Hands|Drain Punch|p1a: Orthworm\n|-supereffective|p1a: Orthworm\n|-damage|p1a: Orthworm|47\/100 par\n|-heal|p2a: Iron Hands|66\/100|[from] drain|[of] p1a: Orthworm\n|-enditem|p1a: Orthworm|Sitrus Berry|[eat]\n|-heal|p1a: Orthworm|71\/100 par|[from] item: Sitrus Berry\n|\n|-heal|p1b: Ceruledge|96\/100|[from] item: Leftovers\n|upkeep\n|\n|t:|1682126019\n|switch|p2b: Amonguss|Amoonguss, L50, F|64\/100\n|turn|9\n|\n|t:|1682126029\n|move|p1b: Ceruledge|Bitter Blade|p2b: Amonguss\n|-supereffective|p2b: Amonguss\n|-damage|p2b: Amonguss|0 fnt\n|-heal|p1b: Ceruledge|100\/100|[from] drain|[of] p2b: Amonguss\n|-damage|p1b: Ceruledge|84\/100|[from] item: Rocky Helmet|[of] p2b: Amonguss\n|faint|p2b: Amonguss\n|move|p2a: Iron Hands|Drain Punch|p1a: Orthworm\n|-supereffective|p1a: Orthworm\n|-damage|p1a: Orthworm|15\/100 par\n|-heal|p2a: Iron Hands|87\/100|[from] drain|[of] p1a: Orthworm\n|move|p1a: Orthworm|Body Press|p2a: Iron Hands\n|-damage|p2a: Iron Hands|64\/100\n|\n|-heal|p1b: Ceruledge|90\/100|[from] item: Leftovers\n|upkeep\n|\n|t:|1682126032\n|switch|p2b: Flutter Mane|Flutter Mane, L50|100\/100\n|turn|10\n|\n|t:|1682126048\n|cant|p1a: Orthworm|par\n|move|p2b: Flutter Mane|Moonblast|p1b: Ceruledge\n|-damage|p1b: Ceruledge|34\/100\n|-unboost|p1b: Ceruledge|spa|1\n|move|p1b: Ceruledge|Bitter Blade|p2b: Flutter Mane\n|-damage|p2b: Flutter Mane|0 fnt\n|-heal|p1b: Ceruledge|83\/100|[from] drain|[of] p2b: Flutter Mane\n|faint|p2b: Flutter Mane\n|-end|p2b: Flutter Mane|Protosynthesis|[silent]\n|move|p2a: Iron Hands|Drain Punch|p1b: Ceruledge\n|-damage|p1b: Ceruledge|48\/100\n|-heal|p2a: Iron Hands|77\/100|[from] drain|[of] p1b: Ceruledge\n|\n|-heal|p1b: Ceruledge|54\/100|[from] item: Leftovers\n|upkeep\n|turn|11\n|-message|limbus company forfeited.\n|\n|win|Terry kloak\n|raw|Terry kloak's rating: 1527 → 1548<\/strong> (+21 for winning)\n|raw|limbus company's rating: 1544 → 1523<\/strong> (-21 for losing)\n|l|\u2606limbus company\n","uploadtime":1682126071,"views":10,"p1id":"terrykloak","p2id":"limbuscompany","formatid":"gen9vgc2023regulationc","rating":1523,"private":0,"password":""}