{"id":"gen9vgc2023regulationc-1847592157","p1":"Curtweezy","p2":"Biscottaro","format":"[Gen 9] VGC 2023 Regulation C","log":"|j|\u2606Curtweezy\n|j|\u2606Biscottaro\n|t:|1681978732\n|gametype|doubles\n|player|p1|Curtweezy|harlequin|1206\n|player|p2|Biscottaro|wattson|1252\n|teamsize|p1|6\n|teamsize|p2|6\n|gen|9\n|tier|[Gen 9] VGC 2023 Regulation C\n|rated|\n|rule|Species Clause: Limit one of each Pok\u00e9mon\n|rule|Item Clause: Limit one of each item\n|clearpoke\n|poke|p1|Dragapult, L50, F|\n|poke|p1|Flutter Mane, L50|\n|poke|p1|Chien-Pao, L50|\n|poke|p1|Gyarados, L50, M|\n|poke|p1|Chi-Yu, L50|\n|poke|p1|Amoonguss, L50, F|\n|poke|p2|Flutter Mane, L50|\n|poke|p2|Amoonguss, L50, M|\n|poke|p2|Arcanine, L50, M|\n|poke|p2|Palafin, L50, M|\n|poke|p2|Kingambit, L50, F|\n|poke|p2|Chien-Pao, L50|\n|teampreview|4\nBiscottaro has agreed to open team sheets.\n|\n|t:|1681978773\n|start\n|switch|p1a: Gyarados|Gyarados, L50, M|100\/100\n|switch|p1b: Dragapult|Dragapult, L50, F|100\/100\n|switch|p2a: Kingambit|Kingambit, L50, F|100\/100\n|switch|p2b: Palafin|Palafin, L50, M|100\/100\n|-ability|p1a: Gyarados|Intimidate|boost\n|-unboost|p2a: Kingambit|atk|1\n|-ability|p2a: Kingambit|Defiant|boost\n|-boost|p2a: Kingambit|atk|2\n|-unboost|p2b: Palafin|atk|1\n|turn|1\n|\n|t:|1681978803\n|detailschange|p2b: Palafin|Palafin-Hero, L50, M\n|switch|p2b: Amoonguss|Amoonguss, L50, M|100\/100\n|-terastallize|p1b: Dragapult|Steel\n|move|p1b: Dragapult|Dragon Darts|p2a: Kingambit\n|-resisted|p2a: Kingambit\n|-damage|p2a: Kingambit|87\/100\n|-anim|p1b: Dragapult|Dragon Darts|p2b: Amoonguss\n|-damage|p2b: Amoonguss|66\/100\n|move|p1a: Gyarados|Thunder Wave|p2a: Kingambit\n|-status|p2a: Kingambit|par\n|move|p2a: Kingambit|Kowtow Cleave|p1b: Dragapult\n|-damage|p1b: Dragapult|7\/100\n|\n|upkeep\n|turn|2\n|\n|t:|1681978829\n|move|p2b: Amoonguss|Protect|p2b: Amoonguss\n|-singleturn|p2b: Amoonguss|Protect\n|move|p1b: Dragapult|Dragon Darts|p2a: Kingambit\n|-resisted|p2a: Kingambit\n|-damage|p2a: Kingambit|74\/100 par\n|-anim|p1b: Dragapult|Dragon Darts|p2a: Kingambit\n|-resisted|p2a: Kingambit\n|-damage|p2a: Kingambit|59\/100 par\n|move|p1a: Gyarados|Taunt|p2b: Amoonguss\n|-activate|p2b: Amoonguss|move: Protect\n|cant|p2a: Kingambit|par\n|\n|upkeep\n|turn|3\n|\n|t:|1681978848\n|cant|p2a: Kingambit|par\n|move|p1b: Dragapult|Dragon Darts|p2a: Kingambit\n|-resisted|p2a: Kingambit\n|-damage|p2a: Kingambit|44\/100 par\n|-anim|p1b: Dragapult|Dragon Darts|p2b: Amoonguss\n|-damage|p2b: Amoonguss|28\/100\n|-enditem|p2b: Amoonguss|Sitrus Berry|[eat]\n|-heal|p2b: Amoonguss|52\/100|[from] item: Sitrus Berry\n|move|p1a: Gyarados|Taunt|p2b: Amoonguss\n|-start|p2b: Amoonguss|move: Taunt\n|move|p2b: Amoonguss|Pollen Puff|p2a: Kingambit\n|-heal|p2a: Kingambit|94\/100 par\n|\n|upkeep\n|turn|4\n|\n|t:|1681978868\n|switch|p1b: Chien-Pao|Chien-Pao, L50|100\/100\n|-ability|p1b: Chien-Pao|Sword of Ruin\n|switch|p2b: Arcanine|Arcanine, L50, M|100\/100\n|-ability|p2b: Arcanine|Intimidate|boost\n|-unboost|p1a: Gyarados|atk|1\n|-unboost|p1b: Chien-Pao|atk|1\n|move|p2a: Kingambit|Sucker Punch||[still]\n|-fail|p2a: Kingambit\n|move|p1a: Gyarados|Waterfall|p2a: Kingambit\n|-damage|p2a: Kingambit|65\/100 par\n|\n|upkeep\n|turn|5\n|\n|t:|1681978894\n|switch|p2a: Amoonguss|Amoonguss, L50, M|85\/100\n|move|p1b: Chien-Pao|Sacred Sword|p2a: Amoonguss\n|-resisted|p2a: Amoonguss\n|-damage|p2a: Amoonguss|73\/100\n|move|p2b: Arcanine|Will-O-Wisp|p1b: Chien-Pao|[miss]\n|-miss|p2b: Arcanine|p1b: Chien-Pao\n|move|p1a: Gyarados|Thunder Wave|p2b: Arcanine\n|-status|p2b: Arcanine|par\n|\n|upkeep\n|turn|6\n|\n|t:|1681978918\n|switch|p2a: Kingambit|Kingambit, L50, F|65\/100 par\n|move|p1b: Chien-Pao|Protect|p1b: Chien-Pao\n|-singleturn|p1b: Chien-Pao|Protect\n|move|p1a: Gyarados|Waterfall|p2b: Arcanine\n|-supereffective|p2b: Arcanine\n|-damage|p2b: Arcanine|17\/100 par\n|cant|p2b: Arcanine|flinch\n|\n|upkeep\n|turn|7\n|\n|t:|1681978934\n|-terastallize|p2a: Kingambit|Fire\n|cant|p2b: Arcanine|par\n|move|p1b: Chien-Pao|Sacred Sword|p2a: Kingambit\n|-damage|p2a: Kingambit|43\/100 par\n|move|p1a: Gyarados|Waterfall|p2b: Arcanine\n|-supereffective|p2b: Arcanine\n|-damage|p2b: Arcanine|0 fnt\n|faint|p2b: Arcanine\n|move|p2a: Kingambit|Low Kick|p1b: Chien-Pao\n|-supereffective|p1b: Chien-Pao\n|-enditem|p1b: Chien-Pao|Focus Sash\n|-damage|p1b: Chien-Pao|1\/100\n|\n|upkeep\n|\n|t:|1681978947\n|switch|p2b: Palafin|Palafin-Hero, L50, M|100\/100\n|-activate|p2b: Palafin|ability: Zero to Hero\n|turn|8\n|\n|t:|1681978961\n|switch|p2a: Amoonguss|Amoonguss, L50, M|100\/100\n|move|p1b: Chien-Pao|Sucker Punch||[still]\n|-fail|p1b: Chien-Pao\n|move|p2b: Palafin|Bulk Up|p2b: Palafin\n|-boost|p2b: Palafin|atk|1\n|-boost|p2b: Palafin|def|1\n|move|p1a: Gyarados|Thunder Wave|p2b: Palafin\n|-status|p2b: Palafin|par\n|\n|upkeep\n|turn|9\n|\n|t:|1681978991\n|move|p1b: Chien-Pao|Protect|p1b: Chien-Pao\n|-singleturn|p1b: Chien-Pao|Protect\n|move|p2b: Palafin|Jet Punch|p1b: Chien-Pao\n|-activate|p1b: Chien-Pao|move: Protect\n|move|p1a: Gyarados|Taunt|p2a: Amoonguss\n|-start|p2a: Amoonguss|move: Taunt\n|move|p2a: Amoonguss|Pollen Puff|p2b: Palafin\n|-immune|p2b: Palafin\n|\n|upkeep\n|turn|10\n|\n|t:|1681979027\n|switch|p1a: Dragapult|Dragapult, L50, F, tera:Steel|7\/100\n|move|p1b: Chien-Pao|Sucker Punch|p2b: Palafin\n|-damage|p2b: Palafin|81\/100 par\n|cant|p2b: Palafin|par\n|move|p2a: Amoonguss|Pollen Puff|p1b: Chien-Pao\n|-supereffective|p1b: Chien-Pao\n|-damage|p1b: Chien-Pao|0 fnt\n|faint|p1b: Chien-Pao\n|\n|upkeep\n|\n|t:|1681979041\n|switch|p1b: Gyarados|Gyarados, L50, M|100\/100\n|-ability|p1b: Gyarados|Intimidate|boost\n|-unboost|p2a: Amoonguss|atk|1\n|-unboost|p2b: Palafin|atk|1\n|turn|11\n|c|\u2606Biscottaro|Wow\n|c|\u2606Biscottaro|Good para\n|\n|t:|1681979059\n|move|p2b: Palafin|Jet Punch|p1a: Dragapult\n|-crit|p1a: Dragapult\n|-damage|p1a: Dragapult|0 fnt\n|faint|p1a: Dragapult\n|move|p1b: Gyarados|Thunder Wave|p2a: Amoonguss\n|-status|p2a: Amoonguss|par\n|move|p2a: Amoonguss|Pollen Puff|p2b: Palafin\n|-heal|p2b: Palafin|100\/100 par\n|\n|-end|p2a: Amoonguss|move: Taunt\n|upkeep\n|\n|t:|1681979071\n|switch|p1a: Flutter Mane|Flutter Mane, L50|100\/100\n|-enditem|p1a: Flutter Mane|Booster Energy\n|-activate|p1a: Flutter Mane|ability: Protosynthesis|[fromitem]\n|-start|p1a: Flutter Mane|protosynthesisspa\n|turn|12\n|\n|t:|1681979102\n|move|p1a: Flutter Mane|Hex|p2b: Palafin\n|-damage|p2b: Palafin|13\/100 par\n|move|p1b: Gyarados|Taunt|p2a: Amoonguss\n|-start|p2a: Amoonguss|move: Taunt\n|move|p2b: Palafin|Wave Crash|p1a: Flutter Mane\n|-crit|p1a: Flutter Mane\n|-damage|p1a: Flutter Mane|0 fnt\n|faint|p1a: Flutter Mane\n|-end|p1a: Flutter Mane|Protosynthesis|[silent]\n|-damage|p2b: Palafin|0 fnt|[from] Recoil\n|faint|p2b: Palafin\n|move|p2a: Amoonguss|Pollen Puff|p2: Palafin|[notarget]\n|-fail|p2a: Amoonguss\n|\n|upkeep\n|\n|t:|1681979108\n|switch|p2b: Kingambit|Kingambit, L50, F, tera:Fire|43\/100 par\n|turn|13\n|\n|t:|1681979145\n|move|p2b: Kingambit|Sucker Punch|p1b: Gyarados\n|-damage|p1b: Gyarados|56\/100\n|move|p1b: Gyarados|Waterfall|p2b: Kingambit\n|-supereffective|p2b: Kingambit\n|-damage|p2b: Kingambit|0 fnt\n|faint|p2b: Kingambit\n|cant|p2a: Amoonguss|par\n|\n|upkeep\n|turn|14\n|\n|t:|1681979164\n|move|p1b: Gyarados|Waterfall|p2a: Amoonguss\n|-resisted|p2a: Amoonguss\n|-damage|p2a: Amoonguss|79\/100 par\n|cant|p2a: Amoonguss|par\n|\n|-end|p2a: Amoonguss|move: Taunt\n|upkeep\n|turn|15\n|\n|t:|1681979173\n|move|p1b: Gyarados|Taunt|p2a: Amoonguss\n|-start|p2a: Amoonguss|move: Taunt\n|cant|p2a: Amoonguss|par\n|\n|upkeep\n|turn|16\n|\n|t:|1681979185\n|move|p1b: Gyarados|Waterfall|p2a: Amoonguss\n|-resisted|p2a: Amoonguss\n|-damage|p2a: Amoonguss|57\/100 par\n|move|p2a: Amoonguss|Pollen Puff|p1b: Gyarados\n|-resisted|p1b: Gyarados\n|-damage|p1b: Gyarados|47\/100\n|-enditem|p1b: Gyarados|Sitrus Berry|[eat]\n|-heal|p1b: Gyarados|71\/100|[from] item: Sitrus Berry\n|\n|upkeep\n|turn|17\n|\n|t:|1681979204\n|move|p1b: Gyarados|Waterfall|p2a: Amoonguss\n|-resisted|p2a: Amoonguss\n|-damage|p2a: Amoonguss|37\/100 par\n|move|p2a: Amoonguss|Pollen Puff|p1b: Gyarados\n|-resisted|p1b: Gyarados\n|-damage|p1b: Gyarados|62\/100\n|\n|-end|p2a: Amoonguss|move: Taunt\n|upkeep\n|turn|18\n|\n|t:|1681979215\n|move|p1b: Gyarados|Taunt|p2a: Amoonguss\n|-start|p2a: Amoonguss|move: Taunt\n|move|p2a: Amoonguss|Pollen Puff|p1b: Gyarados\n|-resisted|p1b: Gyarados\n|-damage|p1b: Gyarados|54\/100\n|\n|upkeep\n|turn|19\n|\n|t:|1681979224\n|move|p1b: Gyarados|Waterfall|p2a: Amoonguss\n|-resisted|p2a: Amoonguss\n|-damage|p2a: Amoonguss|17\/100 par\n|move|p2a: Amoonguss|Pollen Puff|p1b: Gyarados\n|-resisted|p1b: Gyarados\n|-damage|p1b: Gyarados|45\/100\n|\n|upkeep\n|turn|20\n|\n|t:|1681979232\n|move|p1b: Gyarados|Waterfall|p2a: Amoonguss\n|-resisted|p2a: Amoonguss\n|-damage|p2a: Amoonguss|0 fnt\n|faint|p2a: Amoonguss\n|\n|win|Curtweezy\n|raw|Curtweezy's rating: 1206 → 1234<\/strong> (+28 for winning)\n|raw|Biscottaro's rating: 1252 → 1224<\/strong> (-28 for losing)\n|l|\u2606Biscottaro\n","uploadtime":1681979247,"views":7,"p1id":"curtweezy","p2id":"biscottaro","formatid":"gen9vgc2023regulationc","rating":1224,"private":0,"password":""}