{"id":"gen9vgc2023regulationc-1850584175","p1":"littlerootlessons","p2":"abhinavamp","format":"[Gen 9] VGC 2023 Regulation C","log":"|j|\u2606littlerootlessons\n|j|\u2606abhinavamp\n|t:|1682350671\n|gametype|doubles\n|player|p1|littlerootlessons|102|1062\n|player|p2|abhinavamp|hilbert|1053\n|teamsize|p1|6\n|teamsize|p2|6\n|gen|9\n|tier|[Gen 9] VGC 2023 Regulation C\n|rated|\n|rule|Species Clause: Limit one of each Pok\u00e9mon\n|rule|Item Clause: Limit one of each item\n|clearpoke\n|poke|p1|Scizor, L50, F|\n|poke|p1|Azumarill, L50, F|\n|poke|p1|Kilowattrel, L50, F|\n|poke|p1|Garchomp, L50, F|\n|poke|p1|Amoonguss, L50, F|\n|poke|p1|Arcanine, L50, F|\n|poke|p2|Gothitelle, L50, F|\n|poke|p2|Scream Tail, L50|\n|poke|p2|Flutter Mane, L50|\n|poke|p2|Arcanine, L50, M|\n|poke|p2|Palafin, L50, M|\n|poke|p2|Amoonguss, L50, M|\n|teampreview|4\n|inactive|Battle timer is ON: inactive players will automatically lose when time's up. (requested by abhinavamp)\nabhinavamp has agreed to open team sheets.\n|\n|t:|1682350706\n|start\n|switch|p1a: Amoonguss|Amoonguss, L50, F|100\/100\n|switch|p1b: Azumarill|Azumarill, L50, F|100\/100\n|switch|p2a: Scream Tail|Scream Tail, L50|100\/100\n|switch|p2b: Palafin|Palafin, L50, M|100\/100\n|-enditem|p2a: Scream Tail|Booster Energy\n|-activate|p2a: Scream Tail|ability: Protosynthesis|[fromitem]\n|-start|p2a: Scream Tail|protosynthesisspe\n|turn|1\n|\n|t:|1682350730\n|detailschange|p2b: Palafin|Palafin-Hero, L50, M\n|switch|p2b: Gothitelle|Gothitelle, L50, F|100\/100\n|move|p2a: Scream Tail|Perish Song|p2a: Scream Tail\n|-start|p1a: Amoonguss|perish3|[silent]\n|-start|p1b: Azumarill|perish3|[silent]\n|-start|p2a: Scream Tail|perish3|[silent]\n|-start|p2b: Gothitelle|perish3|[silent]\n|-fieldactivate|move: Perish Song\n|move|p1b: Azumarill|Belly Drum|p1b: Azumarill\n|-damage|p1b: Azumarill|50\/100\n|-setboost|p1b: Azumarill|atk|6|[from] move: Belly Drum\n|-enditem|p1b: Azumarill|Sitrus Berry|[eat]\n|-heal|p1b: Azumarill|75\/100|[from] item: Sitrus Berry\n|move|p1a: Amoonguss|Spore|p2b: Gothitelle\n|-status|p2b: Gothitelle|slp|[from] move: Spore\n|\n|-start|p2a: Scream Tail|perish3\n|-start|p2b: Gothitelle|perish3\n|-start|p1b: Azumarill|perish3\n|-start|p1a: Amoonguss|perish3\n|upkeep\n|turn|2\n|inactive|abhinavamp has 30 seconds left.\n|\n|t:|1682350758\n|cant|p2b: Gothitelle|slp\n|move|p1b: Azumarill|Aqua Jet|p2b: Gothitelle\n|-damage|p2b: Gothitelle|6\/100 slp\n|-enditem|p2b: Gothitelle|Sitrus Berry|[eat]\n|-heal|p2b: Gothitelle|30\/100 slp|[from] item: Sitrus Berry\n|move|p2a: Scream Tail|Disable|p1a: Amoonguss\n|-start|p1a: Amoonguss|Disable|Spore\n|move|p1a: Amoonguss|Pollen Puff|p2b: Gothitelle\n|-supereffective|p2b: Gothitelle\n|-damage|p2b: Gothitelle|3\/100 slp\n|\n|-start|p2a: Scream Tail|perish2\n|-start|p2b: Gothitelle|perish2\n|-start|p1b: Azumarill|perish2\n|-start|p1a: Amoonguss|perish2\n|upkeep\n|turn|3\n|\n|t:|1682350780\n|move|p2a: Scream Tail|Protect|p2a: Scream Tail\n|-singleturn|p2a: Scream Tail|Protect\n|move|p1b: Azumarill|Aqua Jet|p2a: Scream Tail\n|-activate|p2a: Scream Tail|move: Protect\n|-curestatus|p2b: Gothitelle|slp|[msg]\n|move|p2b: Gothitelle|Psychic|p1a: Amoonguss\n|-supereffective|p1a: Amoonguss\n|-damage|p1a: Amoonguss|62\/100\n|move|p1a: Amoonguss|Pollen Puff|p2b: Gothitelle\n|-supereffective|p2b: Gothitelle\n|-damage|p2b: Gothitelle|0 fnt\n|faint|p2b: Gothitelle\n|\n|-start|p2a: Scream Tail|perish1\n|-start|p1b: Azumarill|perish1\n|-start|p1a: Amoonguss|perish1\n|upkeep\n|\n|t:|1682350799\n|switch|p2b: Arcanine|Arcanine, L50, M|100\/100\n|-ability|p2b: Arcanine|Intimidate|boost\n|-unboost|p1a: Amoonguss|atk|1\n|-unboost|p1b: Azumarill|atk|1\n|turn|4\n|inactive|littlerootlessons has 30 seconds left.\n|\n|t:|1682350831\n|-end|p2a: Scream Tail|Protosynthesis|[silent]\n|switch|p2a: Palafin|Palafin-Hero, L50, M|100\/100\n|-activate|p2a: Palafin|ability: Zero to Hero\n|switch|p1a: Kilowattrel|Kilowattrel, L50, F|100\/100\n|move|p2b: Arcanine|Protect|p2b: Arcanine\n|-singleturn|p2b: Arcanine|Protect\n|move|p1b: Azumarill|Aqua Jet|p2b: Arcanine\n|-activate|p2b: Arcanine|move: Protect\n|\n|-start|p1b: Azumarill|perish0\n|faint|p1b: Azumarill\n|upkeep\n|\n|t:|1682350841\n|switch|p1b: Amoonguss|Amoonguss, L50, F|96\/100\n|turn|5\n|inactive|abhinavamp has 30 seconds left.\n|\n|t:|1682350868\n|move|p2a: Palafin|Protect|p2a: Palafin\n|-singleturn|p2a: Palafin|Protect\n|move|p1b: Amoonguss|Protect|p1b: Amoonguss\n|-singleturn|p1b: Amoonguss|Protect\n|move|p1a: Kilowattrel|Thunderbolt|p2a: Palafin\n|-activate|p2a: Palafin|move: Protect\n|move|p2b: Arcanine|Flare Blitz|p1a: Kilowattrel\n|-enditem|p1a: Kilowattrel|Focus Sash\n|-damage|p1a: Kilowattrel|1\/100\n|-damage|p2b: Arcanine|73\/100|[from] Recoil\n|\n|upkeep\n|turn|6\n|\n|t:|1682350886\n|-terastallize|p2a: Palafin|Water\n|move|p2b: Arcanine|Extreme Speed|p1a: Kilowattrel\n|-damage|p1a: Kilowattrel|0 fnt\n|faint|p1a: Kilowattrel\n|move|p1b: Amoonguss|Rage Powder|p1b: Amoonguss\n|-singleturn|p1b: Amoonguss|move: Rage Powder\n|move|p2a: Palafin|Wave Crash|p1b: Amoonguss\n|-resisted|p1b: Amoonguss\n|-damage|p1b: Amoonguss|24\/100\n|-damage|p2a: Palafin|84\/100|[from] item: Rocky Helmet|[of] p1b: Amoonguss\n|-damage|p2a: Palafin|58\/100|[from] Recoil\n|\n|upkeep\n|\n|t:|1682350895\n|switch|p1a: Scizor|Scizor, L50, F|100\/100\n|turn|7\n|\n|t:|1682350918\n|-terastallize|p1a: Scizor|Water\n|move|p1b: Amoonguss|Protect|p1b: Amoonguss\n|-singleturn|p1b: Amoonguss|Protect\n|move|p2a: Palafin|Jet Punch|p1b: Amoonguss\n|-activate|p1b: Amoonguss|move: Protect\n|move|p2b: Arcanine|Flare Blitz|p1a: Scizor\n|-resisted|p1a: Scizor\n|-damage|p1a: Scizor|71\/100\n|-damage|p2b: Arcanine|63\/100|[from] Recoil\n|move|p1a: Scizor|Trailblaze|p2a: Palafin\n|-supereffective|p2a: Palafin\n|-damage|p2a: Palafin|7\/100\n|-boost|p1a: Scizor|spe|1\n|\n|upkeep\n|turn|8\n|c|\u2606abhinavamp|gg\n|inactive|littlerootlessons has 30 seconds left.\n|inactive|abhinavamp has 30 seconds left.\n|\n|t:|1682350952\n|move|p1b: Amoonguss|Protect||[still]\n|-fail|p1b: Amoonguss\n|move|p2b: Arcanine|Will-O-Wisp|p1a: Scizor\n|-status|p1a: Scizor|brn\n|move|p1a: Scizor|Trailblaze|p2a: Palafin\n|-supereffective|p2a: Palafin\n|-damage|p2a: Palafin|0 fnt\n|-boost|p1a: Scizor|spe|1\n|faint|p2a: Palafin\n|\n|-damage|p1a: Scizor|65\/100 brn|[from] brn\n|upkeep\n|\n|t:|1682350964\n|switch|p2a: Scream Tail|Scream Tail, L50|100\/100\n|turn|9\n|\n|t:|1682350978\n|move|p2a: Scream Tail|Protect|p2a: Scream Tail\n|-singleturn|p2a: Scream Tail|Protect\n|move|p2b: Arcanine|Extreme Speed|p1b: Amoonguss\n|-damage|p1b: Amoonguss|0 fnt\n|-damage|p2b: Arcanine|46\/100|[from] item: Rocky Helmet|[of] p1b: Amoonguss\n|faint|p1b: Amoonguss\n|move|p1a: Scizor|Tera Blast|p2b: Arcanine\n|-supereffective|p2b: Arcanine\n|-damage|p2b: Arcanine|0 fnt\n|faint|p2b: Arcanine\n|\n|-damage|p1a: Scizor|59\/100 brn|[from] brn\n|upkeep\n|turn|10\n|\n|t:|1682350997\n|move|p1a: Scizor|Bullet Punch|p2a: Scream Tail\n|-supereffective|p2a: Scream Tail\n|-damage|p2a: Scream Tail|69\/100\n|move|p2a: Scream Tail|Disable|p1a: Scizor\n|-start|p1a: Scizor|Disable|Bullet Punch\n|\n|-damage|p1a: Scizor|52\/100 brn|[from] brn\n|upkeep\n|turn|11\n|\n|t:|1682351015\n|move|p2a: Scream Tail|Protect|p2a: Scream Tail\n|-singleturn|p2a: Scream Tail|Protect\n|move|p1a: Scizor|Tera Blast|p2a: Scream Tail\n|-activate|p2a: Scream Tail|move: Protect\n|\n|-damage|p1a: Scizor|46\/100 brn|[from] brn\n|upkeep\n|turn|12\n|\n|t:|1682351023\n|move|p1a: Scizor|Tera Blast|p2a: Scream Tail\n|-damage|p2a: Scream Tail|52\/100\n|move|p2a: Scream Tail|Play Rough|p1a: Scizor\n|-damage|p1a: Scizor|24\/100 brn\n|\n|-damage|p1a: Scizor|17\/100 brn|[from] brn\n|upkeep\n|turn|13\n|\n|t:|1682351033\n|move|p2a: Scream Tail|Protect|p2a: Scream Tail\n|-singleturn|p2a: Scream Tail|Protect\n|move|p1a: Scizor|Tera Blast|p2a: Scream Tail\n|-activate|p2a: Scream Tail|move: Protect\n|\n|-damage|p1a: Scizor|11\/100 brn|[from] brn\n|upkeep\n|turn|14\n|\n|t:|1682351040\n|move|p1a: Scizor|Tera Blast|p2a: Scream Tail\n|-damage|p2a: Scream Tail|33\/100\n|move|p2a: Scream Tail|Play Rough|p1a: Scizor\n|-damage|p1a: Scizor|0 fnt\n|faint|p1a: Scizor\n|\n|win|abhinavamp\n|raw|littlerootlessons's rating: 1062 → 1042<\/strong> (-20 for losing)\n|raw|abhinavamp's rating: 1053 → 1086<\/strong> (+33 for winning)\n|l|\u2606abhinavamp\n","uploadtime":1682351063,"views":28,"p1id":"littlerootlessons","p2id":"abhinavamp","formatid":"gen9vgc2023regulationc","rating":1042,"private":0,"password":""}