{"id":"gen9vgc2023regulationc-1862917783","p1":"Terry kloak","p2":"AndrwApple","format":"[Gen 9] VGC 2023 Regulation C","log":"|j|\u2606Terry kloak\n|j|\u2606AndrwApple\n|t:|1683938187\n|gametype|doubles\n|player|p1|Terry kloak|gentleman-gen4|1541\n|player|p2|AndrwApple|jasmine-masters2|1674\n|teamsize|p1|6\n|teamsize|p2|6\n|gen|9\n|tier|[Gen 9] VGC 2023 Regulation C\n|rated|\n|rule|Species Clause: Limit one of each Pok\u00e9mon\n|rule|Item Clause: Limit one of each item\n|clearpoke\n|poke|p1|Ceruledge, L50, F|\n|poke|p1|Orthworm, L50, M|\n|poke|p1|Ting-Lu, L50|\n|poke|p1|Dragonite, L50, M|\n|poke|p1|Iron Bundle, L50|\n|poke|p1|Gothitelle, L50, M|\n|poke|p2|Baxcalibur, L50, F|\n|poke|p2|Iron Bundle, L50|\n|poke|p2|Flutter Mane, L50|\n|poke|p2|Annihilape, L50, M|\n|poke|p2|Arcanine, L50, M|\n|poke|p2|Abomasnow, L50, F|\n|teampreview|4\nTerry kloak has agreed to open team sheets.\n|inactive|Battle timer is ON: inactive players will automatically lose when time's up. (requested by Terry kloak)\nAndrwApple has agreed to open team sheets.\n|c|\u2606AndrwApple|Gohf\n|c|\u2606AndrwApple|Glhf*\n|inactive|Terry kloak has 60 seconds left.\n|inactive|Terry kloak has 30 seconds left.\n|inactive|Terry kloak has 20 seconds left.\n|\n|t:|1683938265\n|start\n|switch|p1a: Gothitelle|Gothitelle, L50, M|100\/100\n|switch|p1b: Orthworm|Orthworm, L50, M|100\/100\n|switch|p2a: Eskimo|Iron Bundle, L50|100\/100\n|switch|p2b: Santa|Abomasnow, L50, F|100\/100\n|-weather|Snow|[from] ability: Snow Warning|[of] p2b: Santa\n|turn|1\n|\n|t:|1683938278\n|move|p1a: Gothitelle|Fake Out|p2a: Eskimo\n|-damage|p2a: Eskimo|96\/100\n|cant|p2a: Eskimo|flinch\n|move|p2b: Santa|Aurora Veil|p2b: Santa\n|-sidestart|p2: AndrwApple|move: Aurora Veil\n|move|p1b: Orthworm|Shed Tail|p1b: Orthworm\n|-start|p1b: Orthworm|Substitute|[from] move: Shed Tail\n|-damage|p1b: Orthworm|50\/100\n|-enditem|p1b: Orthworm|Sitrus Berry|[eat]\n|-heal|p1b: Orthworm|75\/100|[from] item: Sitrus Berry\n|\n|t:|1683938289\n|switch|p1b: Iron Bundle|Iron Bundle, L50|100\/100|[from] Shed Tail\n|-enditem|p1b: Iron Bundle|Booster Energy\n|-activate|p1b: Iron Bundle|ability: Quark Drive|[fromitem]\n|-start|p1b: Iron Bundle|quarkdrivespe\n|\n|-weather|Snow|[upkeep]\n|upkeep\n|turn|2\n|\n|t:|1683938299\n|move|p1b: Iron Bundle|Encore|p2b: Santa\n|-start|p2b: Santa|Encore\n|move|p2a: Eskimo|Blizzard|p1a: Gothitelle|[spread] p1a,p1b\n|-resisted|p1b: Iron Bundle\n|-activate|p1b: Iron Bundle|move: Substitute|[damage]\n|-damage|p1a: Gothitelle|54\/100\n|move|p2b: Santa|Aurora Veil||[still]\n|-fail|p2b: Santa\n|move|p1a: Gothitelle|Psychic|p2a: Eskimo\n|-damage|p2a: Eskimo|59\/100\n|\n|-weather|Snow|[upkeep]\n|upkeep\n|turn|3\n|inactive|Terry kloak has 30 seconds left.\n|inactive|Terry kloak has 20 seconds left.\n|inactive|Terry kloak has 15 seconds left.\n|\n|t:|1683938341\n|-terastallize|p2a: Eskimo|Ice\n|move|p1b: Iron Bundle|Freeze-Dry|p2a: Eskimo\n|-resisted|p2a: Eskimo\n|-damage|p2a: Eskimo|35\/100\n|move|p2a: Eskimo|Blizzard|p1a: Gothitelle|[spread] p1a,p1b\n|-resisted|p1b: Iron Bundle\n|-end|p1b: Iron Bundle|Substitute\n|-damage|p1a: Gothitelle|0 fnt\n|faint|p1a: Gothitelle\n|move|p2b: Santa|Aurora Veil||[still]\n|-fail|p2b: Santa\n|\n|-weather|Snow|[upkeep]\n|upkeep\n|\n|t:|1683938356\n|switch|p1a: Ceruledge|Ceruledge, L50, F|100\/100\n|turn|4\n|\n|t:|1683938362\n|switch|p2b: He's Back|Baxcalibur, L50, F|100\/100\n|move|p1b: Iron Bundle|Chilling Water|p2a: Eskimo\n|-damage|p2a: Eskimo|0 fnt\n|faint|p2a: Eskimo\n|-end|p2a: Eskimo|Quark Drive|[silent]\n|move|p1a: Ceruledge|Bulk Up|p1a: Ceruledge\n|-boost|p1a: Ceruledge|atk|1\n|-boost|p1a: Ceruledge|def|1\n|\n|-weather|Snow|[upkeep]\n|upkeep\n|j| ElBoyC\n|\n|t:|1683938368\n|switch|p2a: Annihilape|Annihilape, L50, M, shiny|100\/100\n|turn|5\n|\n|t:|1683938379\n|move|p1b: Iron Bundle|Chilling Water|p2b: He's Back\n|-resisted|p2b: He's Back\n|-damage|p2b: He's Back|96\/100\n|-unboost|p2b: He's Back|atk|1\n|move|p2a: Annihilape|Bulk Up|p2a: Annihilape\n|-boost|p2a: Annihilape|atk|1\n|-boost|p2a: Annihilape|def|1\n|move|p1a: Ceruledge|Bulk Up|p1a: Ceruledge\n|-boost|p1a: Ceruledge|atk|1\n|-boost|p1a: Ceruledge|def|1\n|move|p2b: He's Back|Earthquake|p1a: Ceruledge|[spread] p2a,p1a,p1b\n|-supereffective|p1a: Ceruledge\n|-damage|p2a: Annihilape|92\/100\n|-damage|p1a: Ceruledge|75\/100\n|-damage|p1b: Iron Bundle|83\/100\n|\n|-weather|none\n|-heal|p1a: Ceruledge|81\/100|[from] item: Leftovers\n|upkeep\n|turn|6\n|\n|t:|1683938397\n|move|p1b: Iron Bundle|Encore|p2a: Annihilape\n|-start|p2a: Annihilape|Encore\n|move|p2a: Annihilape|Bulk Up|p2a: Annihilape\n|-boost|p2a: Annihilape|atk|1\n|-boost|p2a: Annihilape|def|1\n|move|p1a: Ceruledge|Bulk Up|p1a: Ceruledge\n|-boost|p1a: Ceruledge|atk|1\n|-boost|p1a: Ceruledge|def|1\n|move|p2b: He's Back|Earthquake|p1a: Ceruledge|[spread] p2a,p1a,p1b\n|-supereffective|p1a: Ceruledge\n|-damage|p2a: Annihilape|86\/100\n|-damage|p1a: Ceruledge|62\/100\n|-damage|p1b: Iron Bundle|57\/100\n|\n|-heal|p1a: Ceruledge|68\/100|[from] item: Leftovers\n|upkeep\n|turn|7\n|\n|t:|1683938417\n|move|p1b: Iron Bundle|Freeze-Dry|p2a: Annihilape\n|-damage|p2a: Annihilape|65\/100\n|move|p2a: Annihilape|Bulk Up|p2a: Annihilape\n|-boost|p2a: Annihilape|atk|1\n|-boost|p2a: Annihilape|def|1\n|move|p1a: Ceruledge|Bitter Blade|p2a: Annihilape\n|-damage|p2a: Annihilape|35\/100\n|-heal|p1a: Ceruledge|87\/100|[from] drain|[of] p2a: Annihilape\n|-enditem|p2a: Annihilape|Sitrus Berry|[eat]\n|-heal|p2a: Annihilape|60\/100|[from] item: Sitrus Berry\n|move|p2b: He's Back|Glaive Rush|p1b: Iron Bundle\n|-damage|p1b: Iron Bundle|0 fnt\n|-singlemove|p2b: He's Back|Glaive Rush|[silent]\n|faint|p1b: Iron Bundle\n|-end|p1b: Iron Bundle|Quark Drive|[silent]\n|\n|-heal|p1a: Ceruledge|93\/100|[from] item: Leftovers\n|upkeep\n|c|\u2606AndrwApple|True u had the funny button\n|\n|t:|1683938435\n|switch|p1b: Orthworm|Orthworm, L50, M|75\/100\n|turn|8\n|\n|t:|1683938440\n|switch|p2b: Santa|Abomasnow, L50, F|100\/100\n|-weather|Snow|[from] ability: Snow Warning|[of] p2b: Santa\n|move|p2a: Annihilape|Bulk Up|p2a: Annihilape\n|-boost|p2a: Annihilape|atk|1\n|-boost|p2a: Annihilape|def|1\n|move|p1a: Ceruledge|Bitter Blade|p2a: Annihilape\n|-damage|p2a: Annihilape|38\/100\n|-heal|p1a: Ceruledge|100\/100|[from] drain|[of] p2a: Annihilape\n|move|p1b: Orthworm|Body Press|p2b: Santa\n|-supereffective|p2b: Santa\n|-damage|p2b: Santa|65\/100\n|\n|-weather|Snow|[upkeep]\n|-end|p2a: Annihilape|Encore\n|-sideend|p2: AndrwApple|move: Aurora Veil\n|upkeep\n|turn|9\n|\n|t:|1683938462\n|move|p2a: Annihilape|Protect|p2a: Annihilape\n|-singleturn|p2a: Annihilape|Protect\n|move|p1a: Ceruledge|Bitter Blade|p2a: Annihilape\n|-activate|p2a: Annihilape|move: Protect\n|move|p2b: Santa|Aurora Veil|p2b: Santa\n|-sidestart|p2: AndrwApple|move: Aurora Veil\n|move|p1b: Orthworm|Iron Head|p2a: Annihilape\n|-activate|p2a: Annihilape|move: Protect\n|\n|-weather|Snow|[upkeep]\n|upkeep\n|turn|10\n|l| ElBoyC\n|\n|t:|1683938483\n|-terastallize|p1b: Orthworm|Poison\n|move|p2b: Santa|Helping Hand|p2a: Annihilape\n|-singleturn|p2a: Annihilape|Helping Hand|[of] p2b: Santa\n|move|p1a: Ceruledge|Protect|p1a: Ceruledge\n|-singleturn|p1a: Ceruledge|Protect\n|move|p2a: Annihilape|Rage Fist|p1a: Ceruledge\n|-activate|p1a: Ceruledge|move: Protect\n|move|p1b: Orthworm|Iron Head|p2a: Annihilape\n|-crit|p2a: Annihilape\n|-damage|p2a: Annihilape|2\/100\n|\n|-weather|Snow|[upkeep]\n|upkeep\n|turn|11\n|\n|t:|1683938501\n|move|p1a: Ceruledge|Shadow Sneak|p2a: Annihilape\n|-supereffective|p2a: Annihilape\n|-damage|p2a: Annihilape|0 fnt\n|faint|p2a: Annihilape\n|move|p2b: Santa|Blizzard|p1b: Orthworm|[spread] p1a,p1b\n|-resisted|p1a: Ceruledge\n|-damage|p1a: Ceruledge|85\/100\n|-damage|p1b: Orthworm|29\/100\n|move|p1b: Orthworm|Body Press|p2b: Santa\n|-supereffective|p2b: Santa\n|-damage|p2b: Santa|33\/100\n|\n|-weather|Snow|[upkeep]\n|-heal|p1a: Ceruledge|91\/100|[from] item: Leftovers\n|upkeep\n|\n|t:|1683938502\n|switch|p2a: He's Back|Baxcalibur, L50, F|96\/100\n|turn|12\n|j| Pokeway96\n|c|\u2606AndrwApple|Oh u had sneak\n|\n|t:|1683938519\n|move|p2b: Santa|Helping Hand|p2a: He's Back\n|-singleturn|p2a: He's Back|Helping Hand|[of] p2b: Santa\n|move|p1a: Ceruledge|Bitter Blade|p2b: Santa\n|-supereffective|p2b: Santa\n|-damage|p2b: Santa|0 fnt\n|-heal|p1a: Ceruledge|100\/100|[from] drain|[of] p2b: Santa\n|faint|p2b: Santa\n|move|p2a: He's Back|Glaive Rush|p1a: Ceruledge\n|-damage|p1a: Ceruledge|45\/100\n|-singlemove|p2a: He's Back|Glaive Rush|[silent]\n|move|p1b: Orthworm|Body Press|p2a: He's Back\n|-supereffective|p2a: He's Back\n|-damage|p2a: He's Back|49\/100\n|\n|-weather|none\n|-heal|p1a: Ceruledge|51\/100|[from] item: Leftovers\n|upkeep\n|turn|13\n|c|\u2606AndrwApple|How unfortunate\n|c|\u2606AndrwApple|Gg\n|-message|AndrwApple forfeited.\n|\n|win|Terry kloak\n|raw|Terry kloak's rating: 1541 → 1568<\/strong> (+27 for winning)\n|raw|AndrwApple's rating: 1674 → 1647<\/strong> (-27 for losing)\n|l|\u2606AndrwApple\n|l| Pokeway96\n|l|\u2606Terry kloak\n|j|\u2606Terry kloak\n|player|p1|Terry kloak|gentleman-gen4\n","uploadtime":1683938672,"views":12,"p1id":"terrykloak","p2id":"andrwapple","formatid":"gen9vgc2023regulationc","rating":1568,"private":0,"password":""}