{"id":"gen9vgc2023regulationc-1857117742","p1":"Dr.T23","p2":"alessrierai","format":"[Gen 9] VGC 2023 Regulation C","log":"|j|\u2606Dr.T23\n|j|\u2606alessrierai\n|t:|1683147558\n|gametype|doubles\n|player|p1|Dr.T23|266|1149\n|player|p2|alessrierai|linebacker|1226\n|teamsize|p1|6\n|teamsize|p2|6\n|gen|9\n|tier|[Gen 9] VGC 2023 Regulation C\n|rated|\n|rule|Species Clause: Limit one of each Pok\u00e9mon\n|rule|Item Clause: Limit one of each item\n|clearpoke\n|poke|p1|Scream Tail, L50|\n|poke|p1|Slither Wing, L50|\n|poke|p1|Iron Thorns, L50|\n|poke|p1|Torkoal, L50, M|\n|poke|p1|Pawmot, L50, M|\n|poke|p1|Dragapult, L50, M|\n|poke|p2|Baxcalibur, L50, M|\n|poke|p2|Chi-Yu, L50|\n|poke|p2|Abomasnow, L50, F|\n|poke|p2|Palafin, L50, M|\n|poke|p2|Flutter Mane, L50|\n|poke|p2|Scizor, L50, F|\n|teampreview|4\n|inactive|Battle timer is ON: inactive players will automatically lose when time's up. (requested by alessrierai)\n|inactive|alessrierai has 60 seconds left.\n|inactive|alessrierai has 30 seconds left.\n|inactive|alessrierai has 20 seconds left.\n|inactive|alessrierai has 15 seconds left.\n|inactive|alessrierai has 10 seconds left.\n|\n|t:|1683147642\n|start\n|switch|p1a: Dragapult|Dragapult, L50, M|100\/100\n|switch|p1b: Slither Wing|Slither Wing, L50|100\/100\n|switch|p2a: Palafin|Palafin, L50, M|100\/100\n|switch|p2b: Chi-Yu|Chi-Yu, L50|100\/100\n|-ability|p2b: Chi-Yu|Beads of Ruin\n|turn|1\n|inactive|alessrierai has 30 seconds left.\n|inactive|alessrierai has 20 seconds left.\n|\n|t:|1683147679\n|switch|p1a: Torkoal|Torkoal, L50, M|100\/100\n|-weather|SunnyDay|[from] ability: Drought|[of] p1a: Torkoal\n|-activate|p1b: Slither Wing|ability: Protosynthesis\n|-start|p1b: Slither Wing|protosynthesisatk\n|detailschange|p2a: Palafin|Palafin-Hero, L50, M\n|switch|p2a: Abomasnow|Abomasnow, L50, F|100\/100\n|-weather|Snow|[from] ability: Snow Warning|[of] p2a: Abomasnow\n|-end|p1b: Slither Wing|Protosynthesis\n|-terastallize|p2b: Chi-Yu|Ghost\n|-terastallize|p1b: Slither Wing|Bug\n|move|p1b: Slither Wing|First Impression|p2b: Chi-Yu\n|-resisted|p2b: Chi-Yu\n|-damage|p2b: Chi-Yu|33\/100\n|-damage|p1b: Slither Wing|91\/100|[from] item: Life Orb\n|move|p2b: Chi-Yu|Will-O-Wisp|p1a: Torkoal\n|-immune|p1a: Torkoal\n|\n|-weather|Snow|[upkeep]\n|upkeep\n|turn|2\n|inactive|Dr.T23 has 30 seconds left.\n|inactive|alessrierai has 30 seconds left.\n|inactive|alessrierai has 20 seconds left.\n|\n|t:|1683147715\n|switch|p1a: Pawmot|Pawmot, L50, M|100\/100\n|move|p2b: Chi-Yu|Heat Wave|p1a: Pawmot|[spread] p1b\n|-miss|p2b: Chi-Yu|p1a: Pawmot\n|-supereffective|p1b: Slither Wing\n|-damage|p1b: Slither Wing|5\/100\n|move|p1b: Slither Wing|Flare Blitz|p2a: Abomasnow\n|-supereffective|p2a: Abomasnow\n|-damage|p2a: Abomasnow|0 fnt\n|faint|p2a: Abomasnow\n|-damage|p1b: Slither Wing|0 fnt|[from] Recoil\n|faint|p1b: Slither Wing\n|-end|p1b: Slither Wing|Protosynthesis|[silent]\n|\n|-weather|Snow|[upkeep]\n|upkeep\n|\n|t:|1683147734\n|switch|p1b: Dragapult|Dragapult, L50, M|100\/100\n|switch|p2a: Flutter Mane|Flutter Mane, L50|100\/100\n|-enditem|p2a: Flutter Mane|Booster Energy\n|-activate|p2a: Flutter Mane|ability: Protosynthesis|[fromitem]\n|-start|p2a: Flutter Mane|protosynthesisspa\n|turn|3\n|\n|t:|1683147759\n|move|p2b: Chi-Yu|Protect|p2b: Chi-Yu\n|-singleturn|p2b: Chi-Yu|Protect\n|move|p1b: Dragapult|Shadow Ball|p2b: Chi-Yu\n|-activate|p2b: Chi-Yu|move: Protect\n|move|p2a: Flutter Mane|Dazzling Gleam|p1b: Dragapult|[spread] p1a,p1b\n|-supereffective|p1a: Pawmot\n|-supereffective|p1b: Dragapult\n|-enditem|p1a: Pawmot|Focus Sash\n|-damage|p1a: Pawmot|1\/100\n|-damage|p1b: Dragapult|0 fnt\n|faint|p1b: Dragapult\n|move|p1a: Pawmot|Volt Switch|p2a: Flutter Mane\n|-damage|p2a: Flutter Mane|75\/100\n|\n|t:|1683147773\n|switch|p1a: Torkoal|Torkoal, L50, M|100\/100|[from] Volt Switch\n|-weather|SunnyDay|[from] ability: Drought|[of] p1a: Torkoal\n|\n|-weather|SunnyDay|[upkeep]\n|upkeep\n|\n|t:|1683147780\n|switch|p1b: Pawmot|Pawmot, L50, M|1\/100\n|turn|4\n|\n|t:|1683147800\n|move|p2a: Flutter Mane|Dazzling Gleam|p1b: Pawmot|[spread] p1a,p1b\n|-resisted|p1a: Torkoal\n|-supereffective|p1b: Pawmot\n|-damage|p1a: Torkoal|75\/100\n|-damage|p1b: Pawmot|0 fnt\n|faint|p1b: Pawmot\n|move|p2b: Chi-Yu|Dark Pulse|p1a: Torkoal\n|-damage|p1a: Torkoal|19\/100\n|move|p1a: Torkoal|Flamethrower|p2b: Chi-Yu\n|-damage|p2b: Chi-Yu|0 fnt\n|faint|p2b: Chi-Yu\n|\n|-weather|SunnyDay|[upkeep]\n|upkeep\n|\n|t:|1683147813\n|switch|p2b: Palafin|Palafin-Hero, L50, M|100\/100\n|-activate|p2b: Palafin|ability: Zero to Hero\n|turn|5\n|-message|Dr.T23 forfeited.\n|\n|win|alessrierai\n|raw|Dr.T23's rating: 1149 → 1129<\/strong> (-20 for losing)\n|raw|alessrierai's rating: 1226 → 1246<\/strong> (+20 for winning)\n|l|\u2606Dr.T23\n","uploadtime":1683147830,"views":6,"p1id":"drt23","p2id":"alessrierai","formatid":"gen9vgc2023regulationc","rating":1129,"private":0,"password":""}