{"id":"gen9vgc2023regulationc-1851739120","p1":"GAPDHD","p2":"jeffman323","format":"[Gen 9] VGC 2023 Regulation C","log":"|j|\u2606GAPDHD\n|j|\u2606jeffman323\n|t:|1682476449\n|gametype|doubles\n|player|p1|GAPDHD|ruinmaniac|1622\n|player|p2|jeffman323|steven|1578\n|teamsize|p1|6\n|teamsize|p2|6\n|gen|9\n|tier|[Gen 9] VGC 2023 Regulation C\n|rated|\n|rule|Species Clause: Limit one of each Pok\u00e9mon\n|rule|Item Clause: Limit one of each item\n|clearpoke\n|poke|p1|Dondozo, L50, F|\n|poke|p1|Tatsugiri, L50, F|\n|poke|p1|Glimmora, L50, M|\n|poke|p1|Klefki, L50, M|\n|poke|p1|Gothitelle, L50, M|\n|poke|p1|Meowscarada, L50, M|\n|poke|p2|Hatterene, L50, F|\n|poke|p2|Azumarill, L50, F|\n|poke|p2|Torkoal, L50, F|\n|poke|p2|Kingambit, L50, M|\n|poke|p2|Iron Hands, L50|\n|poke|p2|Stantler, L50, M|\n|teampreview|4\nGAPDHD has agreed to open team sheets.\njeffman323 has agreed to open team sheets.\n|\n|t:|1682476488\n|start\n|switch|p1a: Klefki|Klefki, L50, M|100\/100\n|switch|p1b: Glimmora|Glimmora, L50, M|100\/100\n|switch|p2a: Iron Hands|Iron Hands, L50|100\/100\n|switch|p2b: Hatterene|Hatterene, L50, F|100\/100\n|turn|1\n|j| Pr0xsome\n|\n|t:|1682476505\n|move|p2a: Iron Hands|Fake Out|p1a: Klefki\n|-resisted|p1a: Klefki\n|-damage|p1a: Klefki|91\/100\n|cant|p1a: Klefki|flinch\n|move|p1b: Glimmora|Mortal Spin|p2b: Hatterene|[spread] p2a,p2b\n|-supereffective|p2b: Hatterene\n|-damage|p2a: Iron Hands|98\/100\n|-damage|p2b: Hatterene|90\/100\n|-status|p2a: Iron Hands|psn\n|-status|p2b: Hatterene|psn\n|move|p2b: Hatterene|Trick Room|p2b: Hatterene\n|-fieldstart|move: Trick Room|[of] p2b: Hatterene\n|\n|-damage|p2b: Hatterene|77\/100 psn|[from] psn\n|-damage|p2a: Iron Hands|86\/100 psn|[from] psn\n|upkeep\n|turn|2\n|\n|t:|1682476529\n|move|p1a: Klefki|Light Screen|p1a: Klefki\n|-sidestart|p1: GAPDHD|move: Light Screen\n|move|p2b: Hatterene|Dazzling Gleam|p1b: Glimmora|[spread] p1a,p1b\n|-resisted|p1a: Klefki\n|-resisted|p1b: Glimmora\n|-damage|p1a: Klefki|81\/100\n|-damage|p1b: Glimmora|92\/100\n|move|p2a: Iron Hands|Earthquake|p1b: Glimmora|[spread] p2b,p1a,p1b\n|-supereffective|p1a: Klefki\n|-supereffective|p1b: Glimmora\n|-damage|p2b: Hatterene|44\/100 psn\n|-damage|p1a: Klefki|3\/100\n|-damage|p1b: Glimmora|0 fnt\n|-activate|p1b: Glimmora|ability: Toxic Debris\n|-sidestart|p2: jeffman323|move: Toxic Spikes\n|faint|p1b: Glimmora\n|\n|-damage|p2b: Hatterene|32\/100 psn|[from] psn\n|-damage|p2a: Iron Hands|73\/100 psn|[from] psn\n|upkeep\n|\n|t:|1682476542\n|switch|p1b: Dondozo|Dondozo, L50, F|100\/100\n|turn|3\n|\n|t:|1682476558\n|move|p2b: Hatterene|Protect|p2b: Hatterene\n|-singleturn|p2b: Hatterene|Protect\n|move|p1b: Dondozo|Protect|p1b: Dondozo\n|-singleturn|p1b: Dondozo|Protect\n|move|p1a: Klefki|Reflect|p1a: Klefki\n|-sidestart|p1: GAPDHD|Reflect\n|move|p2a: Iron Hands|Earthquake|p1a: Klefki|[spread] p1a\n|-activate|p2b: Hatterene|move: Protect\n|-activate|p1b: Dondozo|move: Protect\n|-supereffective|p1a: Klefki\n|-damage|p1a: Klefki|0 fnt\n|faint|p1a: Klefki\n|\n|-damage|p2b: Hatterene|19\/100 psn|[from] psn\n|-damage|p2a: Iron Hands|61\/100 psn|[from] psn\n|upkeep\n|\n|t:|1682476565\n|switch|p1a: Tatsugiri|Tatsugiri, L50, F|100\/100\n|-activate|p1a: Tatsugiri|ability: Commander|[of] p1b: Dondozo\n|-boost|p1b: Dondozo|atk|2\n|-boost|p1b: Dondozo|spa|2\n|-boost|p1b: Dondozo|spe|2\n|-boost|p1b: Dondozo|def|2\n|-boost|p1b: Dondozo|spd|2\n|turn|4\n|\n|t:|1682476578\n|move|p2b: Hatterene|Psychic|p1b: Dondozo\n|-damage|p1b: Dondozo|85\/100\n|-unboost|p1b: Dondozo|spd|1\n|move|p2a: Iron Hands|Thunder Punch|p1b: Dondozo\n|-supereffective|p1b: Dondozo\n|-damage|p1b: Dondozo|65\/100\n|move|p1b: Dondozo|Earthquake|p2b: Hatterene|[spread] p2a,p2b\n|-miss|p1b: Dondozo|p1a: Tatsugiri\n|-supereffective|p2a: Iron Hands\n|-damage|p2a: Iron Hands|7\/100 psn\n|-damage|p2b: Hatterene|0 fnt\n|faint|p2b: Hatterene\n|\n|-heal|p1b: Dondozo|71\/100|[from] item: Leftovers\n|-damage|p2a: Iron Hands|0 fnt|[from] psn\n|faint|p2a: Iron Hands\n|-end|p2a: Iron Hands|Quark Drive|[silent]\n|upkeep\n|\n|t:|1682476586\n|switch|p2b: Torkoal|Torkoal, L50, F|100\/100\n|switch|p2a: Kingambit|Kingambit, L50, M|100\/100\n|-status|p2b: Torkoal|psn\n|-weather|SunnyDay|[from] ability: Drought|[of] p2b: Torkoal\n|turn|5\n|j| Piccolo Ruiz\n|\n|t:|1682476610\n|move|p2b: Torkoal|Protect|p2b: Torkoal\n|-singleturn|p2b: Torkoal|Protect\n|move|p1b: Dondozo|Protect|p1b: Dondozo\n|-singleturn|p1b: Dondozo|Protect\n|move|p2a: Kingambit|Iron Head|p1b: Dondozo\n|-activate|p1b: Dondozo|move: Protect\n|\n|-weather|SunnyDay|[upkeep]\n|-heal|p1b: Dondozo|76\/100|[from] item: Leftovers\n|-damage|p2b: Torkoal|88\/100 psn|[from] psn\n|-fieldend|move: Trick Room\n|upkeep\n|turn|6\n|\n|t:|1682476643\n|-terastallize|p1b: Dondozo|Steel\n|-terastallize|p2a: Kingambit|Flying\n|move|p1b: Dondozo|Earthquake|p2b: Torkoal|[spread] p2b\n|-miss|p1b: Dondozo|p1a: Tatsugiri\n|-immune|p2a: Kingambit\n|-supereffective|p2b: Torkoal\n|-damage|p2b: Torkoal|23\/100 psn\n|move|p2a: Kingambit|Kowtow Cleave|p1b: Dondozo\n|-damage|p1b: Dondozo|66\/100\n|move|p2b: Torkoal|Heat Wave|p1b: Dondozo|[spread] p1b\n|-miss|p2b: Torkoal|p1a: Tatsugiri\n|-supereffective|p1b: Dondozo\n|-damage|p1b: Dondozo|22\/100\n|\n|-weather|SunnyDay|[upkeep]\n|-heal|p1b: Dondozo|28\/100|[from] item: Leftovers\n|-damage|p2b: Torkoal|10\/100 psn|[from] psn\n|upkeep\n|turn|7\n|\n|t:|1682476669\n|move|p1b: Dondozo|Order Up|p2b: Torkoal\n|-damage|p2b: Torkoal|0 fnt\n|faint|p2b: Torkoal\n|-boost|p1b: Dondozo|atk|1\n|move|p2a: Kingambit|Kowtow Cleave|p1b: Dondozo\n|-damage|p1b: Dondozo|16\/100\n|\n|-weather|SunnyDay|[upkeep]\n|-heal|p1b: Dondozo|22\/100|[from] item: Leftovers\n|upkeep\n|turn|8\n|\n|t:|1682476678\n|move|p1b: Dondozo|Protect|p1b: Dondozo\n|-singleturn|p1b: Dondozo|Protect\n|move|p2a: Kingambit|Kowtow Cleave|p1b: Dondozo\n|-activate|p1b: Dondozo|move: Protect\n|\n|-weather|SunnyDay|[upkeep]\n|-heal|p1b: Dondozo|28\/100|[from] item: Leftovers\n|upkeep\n|turn|9\n|\n|t:|1682476682\n|move|p1b: Dondozo|Order Up|p2a: Kingambit\n|-damage|p2a: Kingambit|58\/100\n|-boost|p1b: Dondozo|atk|1\n|move|p2a: Kingambit|Kowtow Cleave|p1b: Dondozo\n|-damage|p1b: Dondozo|17\/100\n|\n|-weather|none\n|-heal|p1b: Dondozo|22\/100|[from] item: Leftovers\n|-sideend|p1: GAPDHD|move: Light Screen\n|upkeep\n|turn|10\n|\n|t:|1682476698\n|move|p1b: Dondozo|Order Up|p2a: Kingambit\n|-damage|p2a: Kingambit|7\/100\n|-boost|p1b: Dondozo|atk|1\n|move|p2a: Kingambit|Kowtow Cleave|p1b: Dondozo\n|-damage|p1b: Dondozo|12\/100\n|\n|-heal|p1b: Dondozo|18\/100|[from] item: Leftovers\n|-sideend|p1: GAPDHD|Reflect\n|upkeep\n|turn|11\n|\n|t:|1682476707\n|move|p1b: Dondozo|Protect|p1b: Dondozo\n|-singleturn|p1b: Dondozo|Protect\n|move|p2a: Kingambit|Sucker Punch||[still]\n|-fail|p2a: Kingambit\n|\n|-heal|p1b: Dondozo|24\/100|[from] item: Leftovers\n|upkeep\n|turn|12\n|\n|t:|1682476710\n|move|p2a: Kingambit|Sucker Punch|p1b: Dondozo\n|-damage|p1b: Dondozo|9\/100\n|move|p1b: Dondozo|Order Up|p2a: Kingambit\n|-damage|p2a: Kingambit|0 fnt\n|faint|p2a: Kingambit\n|\n|win|GAPDHD\n|raw|GAPDHD's rating: 1622 → 1639<\/strong> (+17 for winning)\n|raw|jeffman323's rating: 1578 → 1561<\/strong> (-17 for losing)\n","uploadtime":1682476712,"views":10,"p1id":"gapdhd","p2id":"jeffman323","formatid":"gen9vgc2023regulationc","rating":1561,"private":0,"password":""}