{"id":"gen9vgc2023regulationc-1847547014","p1":"Trace282","p2":"GB Seraphix","format":"[Gen 9] VGC 2023 Regulation C","log":"|j|\u2606Trace282\n|j|\u2606GB Seraphix\n|t:|1681971163\n|gametype|doubles\n|player|p1|Trace282|101|1151\n|player|p2|GB Seraphix|rosa|1190\n|teamsize|p1|6\n|teamsize|p2|6\n|gen|9\n|tier|[Gen 9] VGC 2023 Regulation C\n|rated|\n|rule|Species Clause: Limit one of each Pok\u00e9mon\n|rule|Item Clause: Limit one of each item\n|clearpoke\n|poke|p1|Torkoal, L50, M|\n|poke|p1|Scream Tail, L50|\n|poke|p1|Chi-Yu, L50|\n|poke|p1|Palafin, L50, M|\n|poke|p1|Amoonguss, L50, F|\n|poke|p1|Iron Hands, L50|\n|poke|p2|Chi-Yu, L50|\n|poke|p2|Dachsbun, L50, F|\n|poke|p2|Flutter Mane, L50|\n|poke|p2|Baxcalibur, L50, M|\n|poke|p2|Amoonguss, L50, M|\n|poke|p2|Rotom-Wash, L50|\n|teampreview|4\n|\n|t:|1681971211\n|start\n|switch|p1a: Scream Tail|Scream Tail, L50|100\/100\n|switch|p1b: Iron Hands|Iron Hands, L50|100\/100\n|switch|p2a: Nemo|Chi-Yu, L50|100\/100\n|switch|p2b: BB|Flutter Mane, L50|100\/100\n|-ability|p2a: Nemo|Beads of Ruin\n|-enditem|p2b: BB|Booster Energy\n|-activate|p2b: BB|ability: Protosynthesis|[fromitem]\n|-start|p2b: BB|protosynthesisspe\n|-enditem|p1b: Iron Hands|Booster Energy\n|-activate|p1b: Iron Hands|ability: Quark Drive|[fromitem]\n|-start|p1b: Iron Hands|quarkdriveatk\n|turn|1\n|\n|t:|1681971250\n|-end|p2b: BB|Protosynthesis|[silent]\n|switch|p2b: Kiryu|Baxcalibur, L50, M|100\/100\n|-terastallize|p2a: Nemo|Ghost\n|move|p1b: Iron Hands|Fake Out|p2a: Nemo\n|-immune|p2a: Nemo\n|move|p2a: Nemo|Lava Plume|p1a: Scream Tail|[spread] p2b,p1a,p1b\n|-damage|p2b: Kiryu|74\/100\n|-damage|p1a: Scream Tail|77\/100\n|-damage|p1b: Iron Hands|73\/100\n|-status|p1b: Iron Hands|brn\n|-ability|p2b: Kiryu|Thermal Exchange|boost\n|-boost|p2b: Kiryu|atk|1\n|move|p1a: Scream Tail|Trick Room|p1a: Scream Tail\n|-fieldstart|move: Trick Room|[of] p1a: Scream Tail\n|\n|-damage|p1b: Iron Hands|67\/100 brn|[from] brn\n|upkeep\n|turn|2\n|\n|t:|1681971278\n|switch|p2a: Hanabishi|Rotom-Wash, L50|100\/100\n|move|p1b: Iron Hands|Drain Punch|p2b: Kiryu\n|-supereffective|p2b: Kiryu\n|-damage|p2b: Kiryu|35\/100\n|-heal|p1b: Iron Hands|84\/100 brn|[from] drain|[of] p2b: Kiryu\n|move|p2b: Kiryu|Stomping Tantrum|p1b: Iron Hands\n|-supereffective|p1b: Iron Hands\n|-damage|p1b: Iron Hands|26\/100 brn\n|move|p1a: Scream Tail|Reflect|p1a: Scream Tail\n|-sidestart|p1: Trace282|Reflect\n|\n|-damage|p1b: Iron Hands|20\/100 brn|[from] brn\n|upkeep\n|turn|3\n|\n|t:|1681971307\n|switch|p2b: BB|Flutter Mane, L50|100\/100\n|move|p1b: Iron Hands|Drain Punch|p2b: BB\n|-immune|p2b: BB\n|move|p2a: Hanabishi|Will-O-Wisp|p1a: Scream Tail\n|-status|p1a: Scream Tail|brn\n|move|p1a: Scream Tail|Light Screen|p1a: Scream Tail\n|-sidestart|p1: Trace282|move: Light Screen\n|\n|-damage|p1b: Iron Hands|14\/100 brn|[from] brn\n|-damage|p1a: Scream Tail|71\/100 brn|[from] brn\n|upkeep\n|turn|4\n|\n|t:|1681971325\n|move|p2a: Hanabishi|Protect|p2a: Hanabishi\n|-singleturn|p2a: Hanabishi|Protect\n|move|p2b: BB|Protect|p2b: BB\n|-singleturn|p2b: BB|Protect\n|move|p1b: Iron Hands|Thunder Punch|p2b: BB\n|-activate|p2b: BB|move: Protect\n|move|p1a: Scream Tail|Dazzling Gleam|p2b: BB|[spread] \n|-activate|p2a: Hanabishi|move: Protect\n|-activate|p2b: BB|move: Protect\n|\n|-damage|p1b: Iron Hands|8\/100 brn|[from] brn\n|-damage|p1a: Scream Tail|65\/100 brn|[from] brn\n|upkeep\n|turn|5\n|\n|t:|1681971352\n|move|p2b: BB|Protect||[still]\n|-fail|p2b: BB\n|move|p1b: Iron Hands|Drain Punch|p2b: BB\n|-immune|p2b: BB\n|move|p2a: Hanabishi|Hydro Pump|p1b: Iron Hands|[miss]\n|-miss|p2a: Hanabishi|p1b: Iron Hands\n|move|p1a: Scream Tail|Dazzling Gleam|p2a: Hanabishi|[spread] p2a,p2b\n|-damage|p2a: Hanabishi|83\/100\n|-damage|p2b: BB|86\/100\n|\n|-damage|p1b: Iron Hands|2\/100 brn|[from] brn\n|-damage|p1a: Scream Tail|60\/100 brn|[from] brn\n|-fieldend|move: Trick Room\n|upkeep\n|turn|6\n|\n|t:|1681971380\n|move|p2b: BB|Shadow Ball|p1a: Scream Tail\n|-supereffective|p1a: Scream Tail\n|-damage|p1a: Scream Tail|24\/100 brn\n|move|p2a: Hanabishi|Thunderbolt|p1b: Iron Hands\n|-resisted|p1b: Iron Hands\n|-damage|p1b: Iron Hands|0 fnt\n|faint|p1b: Iron Hands\n|-end|p1b: Iron Hands|Quark Drive|[silent]\n|move|p1a: Scream Tail|Trick Room|p1a: Scream Tail\n|-fieldstart|move: Trick Room|[of] p1a: Scream Tail\n|\n|-damage|p1a: Scream Tail|19\/100 brn|[from] brn\n|upkeep\n|\n|t:|1681971390\n|switch|p1b: Torkoal|Torkoal, L50, M|100\/100\n|-weather|SunnyDay|[from] ability: Drought|[of] p1b: Torkoal\n|-activate|p1a: Scream Tail|ability: Protosynthesis\n|-start|p1a: Scream Tail|protosynthesisspd\n|-activate|p2b: BB|ability: Protosynthesis\n|-start|p2b: BB|protosynthesisspe\n|turn|7\n|\n|t:|1681971406\n|-end|p2b: BB|Protosynthesis|[silent]\n|switch|p2b: Nemo|Chi-Yu, L50, tera:Ghost|100\/100\n|-ability|p2b: Nemo|Beads of Ruin\n|-terastallize|p1b: Torkoal|Fire\n|move|p1b: Torkoal|Eruption|p2b: Nemo|[spread] p2a,p2b\n|-resisted|p2a: Hanabishi\n|-damage|p2a: Hanabishi|0 fnt\n|-damage|p2b: Nemo|0 fnt\n|faint|p2a: Hanabishi\n|faint|p2b: Nemo\n|move|p1a: Scream Tail|Dazzling Gleam|p2: Hanabishi|[notarget]\n|-fail|p1a: Scream Tail\n|\n|-weather|SunnyDay|[upkeep]\n|-damage|p1a: Scream Tail|13\/100 brn|[from] brn\n|upkeep\n|\n|t:|1681971420\n|switch|p2a: BB|Flutter Mane, L50|86\/100\n|switch|p2b: Kiryu|Baxcalibur, L50, M|35\/100\n|-activate|p2a: BB|ability: Protosynthesis\n|-start|p2a: BB|protosynthesisspe\n|turn|8\n|\n|t:|1681971435\n|move|p2a: BB|Protect|p2a: BB\n|-singleturn|p2a: BB|Protect\n|move|p2b: Kiryu|Ice Shard|p1b: Torkoal\n|-resisted|p1b: Torkoal\n|-damage|p1b: Torkoal|94\/100\n|move|p1b: Torkoal|Eruption|p2a: BB|[spread] p2b\n|-activate|p2a: BB|move: Protect\n|-damage|p2b: Kiryu|0 fnt\n|faint|p2b: Kiryu\n|move|p1a: Scream Tail|Dazzling Gleam|p2a: BB\n|-activate|p2a: BB|move: Protect\n|\n|-weather|SunnyDay|[upkeep]\n|-damage|p1a: Scream Tail|7\/100 brn|[from] brn\n|upkeep\n|turn|9\n|\n|t:|1681971451\n|move|p1b: Torkoal|Eruption|p2a: BB\n|-damage|p2a: BB|0 fnt\n|faint|p2a: BB\n|-end|p2a: BB|Protosynthesis|[silent]\n|\n|win|Trace282\n|raw|Trace282's rating: 1151 → 1179<\/strong> (+28 for winning)\n|raw|GB Seraphix's rating: 1190 → 1162<\/strong> (-28 for losing)\n","uploadtime":1681971457,"views":8,"p1id":"trace282","p2id":"gbseraphix","formatid":"gen9vgc2023regulationc","rating":1162,"private":0,"password":""}