{"id":"gen9vgc2023regulationc-1847079266","p1":"ggDev","p2":"BadBadLarry","format":"[Gen 9] VGC 2023 Regulation C","log":"|j|\u2606ggDev\n|j|\u2606BadBadLarry\n|t:|1681917354\n|gametype|doubles\n|player|p1|ggDev|cheryl|1100\n|player|p2|BadBadLarry|101|1158\n|teamsize|p1|6\n|teamsize|p2|6\n|gen|9\n|tier|[Gen 9] VGC 2023 Regulation C\n|rated|\n|rule|Species Clause: Limit one of each Pok\u00e9mon\n|rule|Item Clause: Limit one of each item\n|clearpoke\n|poke|p1|Dragonite, L50, F|\n|poke|p1|Chien-Pao, L50|\n|poke|p1|Chi-Yu, L50|\n|poke|p1|Indeedee-F, L50, F|\n|poke|p1|Torkoal, L50, F|\n|poke|p1|Eelektross, L50, M|\n|poke|p2|Tyranitar, L50, M|\n|poke|p2|Houndstone, L50, M|\n|poke|p2|Scizor, L50, M|\n|poke|p2|Great Tusk, L50|\n|poke|p2|Garchomp, L50, F|\n|poke|p2|Magnezone, L50|\n|teampreview|4\n|inactive|Battle timer is ON: inactive players will automatically lose when time's up. (requested by ggDev)\n|\n|t:|1681917378\n|start\n|switch|p1a: Dragonite|Dragonite, L50, F, shiny|100\/100\n|switch|p1b: Chien-Pao|Chien-Pao, L50|100\/100\n|switch|p2a: Tyranitar|Tyranitar, L50, M|100\/100\n|switch|p2b: Houndstone|Houndstone, L50, M|100\/100\n|-ability|p1b: Chien-Pao|Sword of Ruin\n|-weather|Sandstorm|[from] ability: Sand Stream|[of] p2a: Tyranitar\n|turn|1\n|\n|t:|1681917400\n|-terastallize|p1a: Dragonite|Normal\n|move|p1b: Chien-Pao|Protect|p1b: Chien-Pao\n|-singleturn|p1b: Chien-Pao|Protect\n|move|p1a: Dragonite|Extreme Speed|p2a: Tyranitar\n|-resisted|p2a: Tyranitar\n|-damage|p2a: Tyranitar|61\/100\n|move|p2b: Houndstone|Will-O-Wisp|p1b: Chien-Pao\n|-activate|p1b: Chien-Pao|move: Protect\n|move|p2a: Tyranitar|Rock Slide|p1a: Dragonite|[spread] p1a\n|-activate|p1b: Chien-Pao|move: Protect\n|-damage|p1a: Dragonite|56\/100\n|\n|-weather|Sandstorm|[upkeep]\n|-damage|p1b: Chien-Pao|95\/100|[from] Sandstorm\n|-damage|p1a: Dragonite|50\/100|[from] Sandstorm\n|upkeep\n|turn|2\n|\n|t:|1681917419\n|move|p1a: Dragonite|Extreme Speed|p2a: Tyranitar\n|-resisted|p2a: Tyranitar\n|-damage|p2a: Tyranitar|21\/100\n|move|p2b: Houndstone|Will-O-Wisp|p1b: Chien-Pao|[miss]\n|-miss|p2b: Houndstone|p1b: Chien-Pao\n|move|p1b: Chien-Pao|Sacred Sword|p2a: Tyranitar\n|-supereffective|p2a: Tyranitar\n|-damage|p2a: Tyranitar|0 fnt\n|faint|p2a: Tyranitar\n|\n|-weather|Sandstorm|[upkeep]\n|-damage|p1b: Chien-Pao|89\/100|[from] Sandstorm\n|-damage|p1a: Dragonite|44\/100|[from] Sandstorm\n|upkeep\n|\n|t:|1681917425\n|switch|p2a: Scizor|Scizor, L50, M|100\/100\n|turn|3\n|\n|t:|1681917434\n|move|p1a: Dragonite|Extreme Speed|p2a: Scizor\n|-resisted|p2a: Scizor\n|-damage|p2a: Scizor|68\/100\n|move|p1b: Chien-Pao|Sucker Punch||[still]\n|-fail|p1b: Chien-Pao\n|move|p2b: Houndstone|Will-O-Wisp|p1b: Chien-Pao\n|-status|p1b: Chien-Pao|brn\n|move|p2a: Scizor|Swords Dance|p2a: Scizor\n|-boost|p2a: Scizor|atk|2\n|\n|-weather|Sandstorm|[upkeep]\n|-damage|p1b: Chien-Pao|83\/100 brn|[from] Sandstorm\n|-damage|p1a: Dragonite|39\/100|[from] Sandstorm\n|-damage|p1b: Chien-Pao|77\/100 brn|[from] brn\n|upkeep\n|turn|4\n|\n|t:|1681917450\n|move|p2a: Scizor|Protect|p2a: Scizor\n|-singleturn|p2a: Scizor|Protect\n|move|p1a: Dragonite|Extreme Speed|p2a: Scizor\n|-activate|p2a: Scizor|move: Protect\n|move|p1b: Chien-Pao|Sucker Punch||[still]\n|-fail|p1b: Chien-Pao\n|move|p2b: Houndstone|Will-O-Wisp|p1a: Dragonite\n|-status|p1a: Dragonite|brn\n|\n|-weather|Sandstorm|[upkeep]\n|-damage|p1b: Chien-Pao|71\/100 brn|[from] Sandstorm\n|-damage|p1a: Dragonite|33\/100 brn|[from] Sandstorm\n|-damage|p1b: Chien-Pao|66\/100 brn|[from] brn\n|-damage|p1a: Dragonite|27\/100 brn|[from] brn\n|upkeep\n|turn|5\n|inactive|ggDev has 30 seconds left.\n|\n|t:|1681917484\n|move|p1a: Dragonite|Extreme Speed|p2a: Scizor\n|-resisted|p2a: Scizor\n|-damage|p2a: Scizor|51\/100\n|move|p1b: Chien-Pao|Sucker Punch||[still]\n|-fail|p1b: Chien-Pao\n|move|p2b: Houndstone|Disable|p1b: Chien-Pao\n|-start|p1b: Chien-Pao|Disable|Sucker Punch\n|move|p2a: Scizor|Swords Dance|p2a: Scizor\n|-boost|p2a: Scizor|atk|2\n|\n|-weather|none\n|-damage|p1b: Chien-Pao|60\/100 brn|[from] brn\n|-damage|p1a: Dragonite|21\/100 brn|[from] brn\n|upkeep\n|turn|6\n|-message|ggDev forfeited.\n|\n|win|BadBadLarry\n|raw|ggDev's rating: 1100 → 1079<\/strong> (-21 for losing)\n|raw|BadBadLarry's rating: 1158 → 1179<\/strong> (+21 for winning)\n|l|\u2606ggDev\n","uploadtime":1681917508,"views":7,"p1id":"ggdev","p2id":"badbadlarry","formatid":"gen9vgc2023regulationc","rating":1079,"private":0,"password":""}