{"id":"gen9vgc2023regulationc-1860552561","p1":"Kenos ck","p2":"elevn","format":"[Gen 9] VGC 2023 Regulation C","log":"|j|\u2606Kenos ck\n|j|\u2606elevn\n|t:|1683653926\n|gametype|doubles\n|player|p1|Kenos ck|ingo-hisui|1170\n|player|p2|elevn|caitlin|1226\n|teamsize|p1|6\n|teamsize|p2|6\n|gen|9\n|tier|[Gen 9] VGC 2023 Regulation C\n|rated|\n|rule|Species Clause: Limit one of each Pok\u00e9mon\n|rule|Item Clause: Limit one of each item\n|clearpoke\n|poke|p1|Iron Moth, L50|\n|poke|p1|Grimmsnarl, L50, M|\n|poke|p1|Kingambit, L50, F|\n|poke|p1|Garganacl, L50, M|\n|poke|p1|Corviknight, L50, M|\n|poke|p1|Ting-Lu, L50|\n|poke|p2|Roaring Moon, L50|\n|poke|p2|Gholdengo, L50|\n|poke|p2|Iron Bundle, L50|\n|poke|p2|Iron Hands, L50|\n|poke|p2|Maushold-Four, L50|\n|poke|p2|Arcanine, L50, F|\n|teampreview|4\n|inactive|Battle timer is ON: inactive players will automatically lose when time's up. (requested by elevn)\n|c|\u2606elevn|that is an ou team motherfucker\n|inactive|Kenos ck has 60 seconds left.\n|inactive|elevn has 60 seconds left.\n|\n|t:|1683653969\n|start\n|switch|p1a: Grimmsnarl|Grimmsnarl, L50, M|100\/100\n|switch|p1b: Kingambit|Kingambit, L50, F|100\/100\n|switch|p2a: Iron Hands|Iron Hands, L50|100\/100\n|switch|p2b: Arcanine|Arcanine, L50, F|100\/100\n|-ability|p2b: Arcanine|Intimidate|boost\n|-unboost|p1a: Grimmsnarl|atk|1\n|-unboost|p1b: Kingambit|atk|1\n|-ability|p1b: Kingambit|Defiant|boost\n|-boost|p1b: Kingambit|atk|2\n|turn|1\n|\n|t:|1683653984\n|-terastallize|p1b: Kingambit|Dark\n|move|p2a: Iron Hands|Fake Out|p1a: Grimmsnarl\n|-damage|p1a: Grimmsnarl|84\/100\n|cant|p1a: Grimmsnarl|flinch\n|move|p1b: Kingambit|Sucker Punch||[still]\n|-fail|p1b: Kingambit\n|move|p2b: Arcanine|Will-O-Wisp|p1b: Kingambit\n|-status|p1b: Kingambit|brn\n|\n|-damage|p1b: Kingambit|95\/100 brn|[from] brn\n|upkeep\n|turn|2\n|\n|t:|1683654005\n|move|p1a: Grimmsnarl|Thunder Wave|p2b: Arcanine\n|-status|p2b: Arcanine|par\n|move|p2a: Iron Hands|Close Combat|p1b: Kingambit\n|-supereffective|p1b: Kingambit\n|-damage|p1b: Kingambit|4\/100 brn\n|-unboost|p2a: Iron Hands|def|1\n|-unboost|p2a: Iron Hands|spd|1\n|move|p1b: Kingambit|Swords Dance|p1b: Kingambit\n|-boost|p1b: Kingambit|atk|2\n|move|p2b: Arcanine|Flare Blitz|p1a: Grimmsnarl\n|-damage|p1a: Grimmsnarl|26\/100\n|-damage|p2b: Arcanine|81\/100 par|[from] Recoil\n|\n|-damage|p1b: Kingambit|0 fnt|[from] brn\n|faint|p1b: Kingambit\n|upkeep\n|c|\u2606Kenos ck|Yeah looks like I choose the wrong team :\/\n|inactive|Kenos ck has 30 seconds left.\n|\n|t:|1683654034\n|switch|p1b: Garganacl|Garganacl, L50, M|100\/100\n|turn|3\n|\n|t:|1683654046\n|move|p1a: Grimmsnarl|Parting Shot|p2a: Iron Hands\n|-unboost|p2a: Iron Hands|atk|1\n|-unboost|p2a: Iron Hands|spa|1\n|\n|t:|1683654049\n|switch|p1a: Iron Moth|Iron Moth, L50|100\/100|[from] Parting Shot\n|-enditem|p1a: Iron Moth|Booster Energy\n|-activate|p1a: Iron Moth|ability: Quark Drive|[fromitem]\n|-start|p1a: Iron Moth|quarkdrivespe\n|move|p2a: Iron Hands|Close Combat|p1b: Garganacl\n|-supereffective|p1b: Garganacl\n|-damage|p1b: Garganacl|50\/100\n|-unboost|p2a: Iron Hands|def|1\n|-unboost|p2a: Iron Hands|spd|1\n|move|p2b: Arcanine|Flare Blitz|p1a: Iron Moth\n|-resisted|p1a: Iron Moth\n|-damage|p1a: Iron Moth|71\/100\n|-damage|p2b: Arcanine|73\/100 par|[from] Recoil\n|move|p1b: Garganacl|Salt Cure|p2b: Arcanine\n|-supereffective|p2b: Arcanine\n|-damage|p2b: Arcanine|44\/100 par\n|-start|p2b: Arcanine|Salt Cure\n|-enditem|p2b: Arcanine|Sitrus Berry|[eat]\n|-heal|p2b: Arcanine|69\/100 par|[from] item: Sitrus Berry\n|\n|-heal|p1b: Garganacl|56\/100|[from] item: Leftovers\n|-damage|p2b: Arcanine|57\/100 par|[from] Salt Cure\n|upkeep\n|turn|4\n|c|\u2606elevn|kinda fire though\n|\n|t:|1683654065\n|move|p1a: Iron Moth|Heat Wave|p2a: Iron Hands|[spread] p2a,p2b\n|-resisted|p2b: Arcanine\n|-damage|p2a: Iron Hands|68\/100\n|-damage|p2b: Arcanine|43\/100 par\n|move|p2a: Iron Hands|Close Combat|p1b: Garganacl\n|-supereffective|p1b: Garganacl\n|-damage|p1b: Garganacl|4\/100\n|-unboost|p2a: Iron Hands|def|1\n|-unboost|p2a: Iron Hands|spd|1\n|move|p2b: Arcanine|Snarl|p1b: Garganacl|[spread] p1a,p1b\n|-damage|p1a: Iron Moth|62\/100\n|-damage|p1b: Garganacl|0 fnt\n|-unboost|p1a: Iron Moth|spa|1\n|faint|p1b: Garganacl\n|\n|-damage|p2b: Arcanine|31\/100 par|[from] Salt Cure\n|upkeep\n|\n|t:|1683654068\n|switch|p1b: Grimmsnarl|Grimmsnarl, L50, M|26\/100\n|turn|5\n|\n|t:|1683654083\n|move|p2b: Arcanine|Extreme Speed|p1b: Grimmsnarl\n|-damage|p1b: Grimmsnarl|1\/100\n|move|p1b: Grimmsnarl|Reflect|p1b: Grimmsnarl\n|-sidestart|p1: Kenos ck|Reflect\n|move|p1a: Iron Moth|Sludge Wave|p2b: Arcanine|[spread] p1b,p2a,p2b\n|-supereffective|p1b: Grimmsnarl\n|-crit|p1b: Grimmsnarl\n|-damage|p1b: Grimmsnarl|0 fnt\n|-damage|p2a: Iron Hands|42\/100\n|-damage|p2b: Arcanine|12\/100 par\n|faint|p1b: Grimmsnarl\n|move|p2a: Iron Hands|Volt Switch|p1a: Iron Moth\n|-damage|p1a: Iron Moth|53\/100\n|\n|t:|1683654091\n|-end|p2a: Iron Hands|Quark Drive|[silent]\n|switch|p2a: Iron Bundle|Iron Bundle, L50|100\/100|[from] Volt Switch\n|\n|-damage|p2b: Arcanine|0 fnt|[from] Salt Cure\n|faint|p2b: Arcanine\n|upkeep\n|\n|t:|1683654095\n|switch|p2b: Roaring Moon|Roaring Moon, L50|100\/100\n|-enditem|p2b: Roaring Moon|Booster Energy\n|-activate|p2b: Roaring Moon|ability: Protosynthesis|[fromitem]\n|-start|p2b: Roaring Moon|protosynthesisatk\n|turn|6\n|c|\u2606Kenos ck|Well, gg i guess\n|c|\u2606elevn|gg champion\n|\n|t:|1683654111\n|move|p1a: Iron Moth|Energy Ball|p2a: Iron Bundle\n|-supereffective|p2a: Iron Bundle\n|-damage|p2a: Iron Bundle|23\/100\n|move|p2a: Iron Bundle|Icy Wind|p1a: Iron Moth\n|-resisted|p1a: Iron Moth\n|-damage|p1a: Iron Moth|39\/100\n|-unboost|p1a: Iron Moth|spe|1\n|move|p2b: Roaring Moon|Jaw Lock|p1a: Iron Moth\n|-crit|p1a: Iron Moth\n|-damage|p1a: Iron Moth|0 fnt\n|faint|p1a: Iron Moth\n|-end|p1a: Iron Moth|Quark Drive|[silent]\n|\n|win|elevn\n|raw|Kenos ck's rating: 1170 → 1149<\/strong> (-21 for losing)\n|raw|elevn's rating: 1226 → 1247<\/strong> (+21 for winning)\n","uploadtime":1683653953,"views":8,"p1id":"kenosck","p2id":"elevn","formatid":"gen9vgc2023regulationc","rating":1149,"private":0,"password":""}