{"id":"gen9vgc2023regulationc-1849502497","p1":"panth413","p2":"pekrar","format":"[Gen 9] VGC 2023 Regulation C","log":"|j|\u2606panth413\n|j|\u2606pekrar\n|t:|1682206127\n|gametype|doubles\n|player|p1|panth413|169|1097\n|player|p2|pekrar|1|1089\n|teamsize|p1|6\n|teamsize|p2|6\n|gen|9\n|tier|[Gen 9] VGC 2023 Regulation C\n|rated|\n|rule|Species Clause: Limit one of each Pok\u00e9mon\n|rule|Item Clause: Limit one of each item\n|clearpoke\n|poke|p1|Tyranitar, L50, M|\n|poke|p1|Lycanroc, L50, F|\n|poke|p1|Scizor, L50, F|\n|poke|p1|Garchomp, L50, M|\n|poke|p1|Iron Bundle, L50|\n|poke|p1|Talonflame, L50, F|\n|poke|p2|Iron Bundle, L50|\n|poke|p2|Chi-Yu, L50|\n|poke|p2|Amoonguss, L50, M|\n|poke|p2|Flutter Mane, L50|\n|poke|p2|Dondozo, L50, M|\n|poke|p2|Tatsugiri-Stretchy, L50, M|\n|teampreview|4\n|inactive|Battle timer is ON: inactive players will automatically lose when time's up. (requested by panth413)\n|\n|t:|1682206158\n|start\n|switch|p1a: Tyranitar|Tyranitar, L50, M|100\/100\n|switch|p1b: Lycanroc|Lycanroc, L50, F|100\/100\n|switch|p2a: Iron Bundle|Iron Bundle, L50|100\/100\n|switch|p2b: Dondozo|Dondozo, L50, M|100\/100\n|-weather|Sandstorm|[from] ability: Sand Stream|[of] p1a: Tyranitar\n|-enditem|p2a: Iron Bundle|Booster Energy\n|-activate|p2a: Iron Bundle|ability: Quark Drive|[fromitem]\n|-start|p2a: Iron Bundle|quarkdrivespe\n|turn|1\n|\n|t:|1682206181\n|move|p1b: Lycanroc|Rock Slide|p2a: Iron Bundle|[spread] p2a,p2b\n|-supereffective|p2a: Iron Bundle\n|-damage|p2a: Iron Bundle|32\/100\n|-damage|p2b: Dondozo|81\/100\n|move|p2a: Iron Bundle|Icy Wind|p1a: Tyranitar|[spread] p1a,p1b\n|-damage|p1a: Tyranitar|93\/100\n|-damage|p1b: Lycanroc|77\/100\n|-unboost|p1a: Tyranitar|spe|1\n|-unboost|p1b: Lycanroc|spe|1\n|move|p2b: Dondozo|Wave Crash|p1b: Lycanroc\n|-supereffective|p1b: Lycanroc\n|-damage|p1b: Lycanroc|0 fnt\n|faint|p1b: Lycanroc\n|-damage|p2b: Dondozo|65\/100|[from] Recoil\n|move|p1a: Tyranitar|Rock Slide|p2a: Iron Bundle|[spread] p2a\n|-miss|p1a: Tyranitar|p2b: Dondozo\n|-supereffective|p2a: Iron Bundle\n|-damage|p2a: Iron Bundle|0 fnt\n|faint|p2a: Iron Bundle\n|-end|p2a: Iron Bundle|Quark Drive|[silent]\n|\n|-weather|Sandstorm|[upkeep]\n|-damage|p2b: Dondozo|59\/100|[from] Sandstorm\n|-heal|p2b: Dondozo|65\/100|[from] item: Leftovers\n|upkeep\n|inactive|pekrar has 30 seconds left.\n|\n|t:|1682206206\n|switch|p2a: Tatsugiri|Tatsugiri-Stretchy, L50, M|100\/100\n|switch|p1b: Iron Bundle|Iron Bundle, L50|100\/100\n|-activate|p2a: Tatsugiri|ability: Commander|[of] p2b: Dondozo\n|-boost|p2b: Dondozo|atk|2\n|-boost|p2b: Dondozo|spa|2\n|-boost|p2b: Dondozo|spe|2\n|-boost|p2b: Dondozo|def|2\n|-boost|p2b: Dondozo|spd|2\n|-enditem|p1b: Iron Bundle|Booster Energy\n|-activate|p1b: Iron Bundle|ability: Quark Drive|[fromitem]\n|-start|p1b: Iron Bundle|quarkdrivespe\n|turn|2\n|\n|t:|1682206222\n|switch|p1a: Talonflame|Talonflame, L50, F|100\/100\n|move|p1b: Iron Bundle|Freeze-Dry|p2b: Dondozo\n|-supereffective|p2b: Dondozo\n|-damage|p2b: Dondozo|30\/100\n|move|p2b: Dondozo|Wave Crash|p1a: Talonflame\n|-supereffective|p1a: Talonflame\n|-damage|p1a: Talonflame|0 fnt\n|faint|p1a: Talonflame\n|-damage|p2b: Dondozo|9\/100|[from] Recoil\n|\n|-weather|Sandstorm|[upkeep]\n|-damage|p1b: Iron Bundle|94\/100|[from] Sandstorm\n|-damage|p2a: Tatsugiri|95\/100|[from] Sandstorm\n|-damage|p2b: Dondozo|3\/100|[from] Sandstorm\n|-heal|p2b: Dondozo|9\/100|[from] item: Leftovers\n|upkeep\n|\n|t:|1682206235\n|switch|p1a: Tyranitar|Tyranitar, L50, M|93\/100\n|turn|3\n|\n|t:|1682206242\n|move|p1b: Iron Bundle|Protect|p1b: Iron Bundle\n|-singleturn|p1b: Iron Bundle|Protect\n|move|p2b: Dondozo|Protect|p2b: Dondozo\n|-singleturn|p2b: Dondozo|Protect\n|move|p1a: Tyranitar|Low Kick|p2b: Dondozo\n|-activate|p2b: Dondozo|move: Protect\n|\n|-weather|Sandstorm|[upkeep]\n|-damage|p1b: Iron Bundle|88\/100|[from] Sandstorm\n|-damage|p2a: Tatsugiri|89\/100|[from] Sandstorm\n|-damage|p2b: Dondozo|3\/100|[from] Sandstorm\n|-heal|p2b: Dondozo|9\/100|[from] item: Leftovers\n|upkeep\n|turn|4\n|\n|t:|1682206255\n|move|p1b: Iron Bundle|Freeze-Dry|p2b: Dondozo\n|-supereffective|p2b: Dondozo\n|-damage|p2b: Dondozo|0 fnt\n|faint|p2b: Dondozo\n|move|p1a: Tyranitar|Ice Punch|p2a: Tatsugiri\n|-damage|p2a: Tatsugiri|52\/100\n|\n|-weather|Sandstorm|[upkeep]\n|-damage|p1b: Iron Bundle|82\/100|[from] Sandstorm\n|-damage|p2a: Tatsugiri|46\/100|[from] Sandstorm\n|upkeep\n|\n|t:|1682206257\n|switch|p2b: Flutter Mane|Flutter Mane, L50|100\/100\n|turn|5\n|inactive|panth413 has 30 seconds left.\n|inactive|panth413 has 20 seconds left.\n|\n|t:|1682206294\n|-terastallize|p1b: Iron Bundle|Ice\n|move|p2b: Flutter Mane|Protect|p2b: Flutter Mane\n|-singleturn|p2b: Flutter Mane|Protect\n|move|p1b: Iron Bundle|Icy Wind|p2b: Flutter Mane|[spread] p2a\n|-activate|p2b: Flutter Mane|move: Protect\n|-damage|p2a: Tatsugiri|14\/100\n|-unboost|p2a: Tatsugiri|spe|1\n|move|p2a: Tatsugiri|Muddy Water|p1a: Tyranitar|[spread] p1a,p1b\n|-supereffective|p1a: Tyranitar\n|-damage|p1a: Tyranitar|74\/100\n|-damage|p1b: Iron Bundle|30\/100\n|-unboost|p1b: Iron Bundle|accuracy|1\n|move|p1a: Tyranitar|Rock Slide|p2b: Flutter Mane|[spread] p2a\n|-activate|p2b: Flutter Mane|move: Protect\n|-damage|p2a: Tatsugiri|0 fnt\n|faint|p2a: Tatsugiri\n|\n|-weather|none\n|upkeep\n|turn|6\n|inactive|pekrar has 30 seconds left.\n|\n|t:|1682206321\n|-terastallize|p2b: Flutter Mane|Fairy\n|move|p1b: Iron Bundle|Encore|p2b: Flutter Mane\n|-start|p2b: Flutter Mane|Encore\n|move|p2b: Flutter Mane|Protect||[still]\n|-fail|p2b: Flutter Mane\n|move|p1a: Tyranitar|Ice Punch|p2b: Flutter Mane\n|-damage|p2b: Flutter Mane|31\/100\n|\n|upkeep\n|turn|7\n|\n|t:|1682206335\n|move|p2b: Flutter Mane|Protect|p2b: Flutter Mane\n|-singleturn|p2b: Flutter Mane|Protect\n|move|p1b: Iron Bundle|Freeze-Dry|p2b: Flutter Mane\n|-activate|p2b: Flutter Mane|move: Protect\n|move|p1a: Tyranitar|Ice Punch|p2b: Flutter Mane\n|-activate|p2b: Flutter Mane|move: Protect\n|\n|upkeep\n|turn|8\n|-message|pekrar forfeited.\n|\n|win|panth413\n|raw|panth413's rating: 1097 → 1122<\/strong> (+25 for winning)\n|raw|pekrar's rating: 1089 → 1066<\/strong> (-23 for losing)\n|l|\u2606pekrar\n","uploadtime":1682206346,"views":8,"p1id":"panth413","p2id":"pekrar","formatid":"gen9vgc2023regulationc","rating":1066,"private":0,"password":""}