{"id":"gen9vgc2023regulationc-1849237510","p1":"rallpalacios12","p2":"Charlisito","format":"[Gen 9] VGC 2023 Regulation C","log":"|j|\u2606rallpalacios12\n|j|\u2606Charlisito\n|t:|1682176354\n|gametype|doubles\n|player|p1|rallpalacios12|101|1092\n|player|p2|Charlisito|101|1068\n|teamsize|p1|6\n|teamsize|p2|6\n|gen|9\n|tier|[Gen 9] VGC 2023 Regulation C\n|rated|\n|rule|Species Clause: Limit one of each Pok\u00e9mon\n|rule|Item Clause: Limit one of each item\n|clearpoke\n|poke|p1|Volcarona, L50, M|\n|poke|p1|Oricorio-Pom-Pom, L50, M|\n|poke|p1|Quaquaval, L50, M|\n|poke|p1|Flutter Mane, L50|\n|poke|p1|Grimmsnarl, L50, M|\n|poke|p1|Lilligant, L50, F|\n|poke|p2|Palafin, L50, M|\n|poke|p2|Arcanine, L50, M|\n|poke|p2|Amoonguss, L50, M|\n|poke|p2|Flutter Mane, L50|\n|poke|p2|Ting-Lu, L50|\n|poke|p2|Slither Wing, L50|\n|teampreview|4\n|inactive|Battle timer is ON: inactive players will automatically lose when time's up. (requested by rallpalacios12)\n|inactive|rallpalacios12 has 60 seconds left.\n|inactive|Charlisito has 60 seconds left.\n|\n|t:|1682176405\n|start\n|switch|p1a: Volcarona|Volcarona, L50, M|100\/100\n|switch|p1b: Lilligant|Lilligant, L50, F|100\/100\n|switch|p2a: Palafin|Palafin, L50, M|100\/100\n|switch|p2b: Amoonguss|Amoonguss, L50, M|100\/100\n|turn|1\n|inactive|rallpalacios12 has 30 seconds left.\n|\n|t:|1682176433\n|detailschange|p2a: Palafin|Palafin-Hero, L50, M\n|switch|p2a: Arcanine|Arcanine, L50, M|100\/100\n|-ability|p2a: Arcanine|Intimidate|boost\n|-unboost|p1a: Volcarona|atk|1\n|-unboost|p1b: Lilligant|atk|1\n|move|p2b: Amoonguss|Protect|p2b: Amoonguss\n|-singleturn|p2b: Amoonguss|Protect\n|move|p1a: Volcarona|Fiery Dance|p2b: Amoonguss\n|-activate|p2b: Amoonguss|move: Protect\n|move|p1b: Lilligant|Quiver Dance|p1b: Lilligant\n|-boost|p1b: Lilligant|spa|1\n|-boost|p1b: Lilligant|spd|1\n|-boost|p1b: Lilligant|spe|1\n|\n|upkeep\n|turn|2\n|inactive|rallpalacios12 has 30 seconds left.\n|inactive|Charlisito has 30 seconds left.\n|inactive|rallpalacios12 has 20 seconds left.\n|inactive|Charlisito has 20 seconds left.\n|inactive|rallpalacios12 has 15 seconds left.\n|inactive|Charlisito has 15 seconds left.\n|inactive|rallpalacios12 has 10 seconds left.\n|inactive|Charlisito has 10 seconds left.\n|\n|t:|1682176480\n|switch|p1a: Oricorio|Oricorio-Pom-Pom, L50, M|100\/100\n|switch|p2b: Ting-Lu|Ting-Lu, L50|100\/100\n|-ability|p2b: Ting-Lu|Vessel of Ruin\n|-terastallize|p1b: Lilligant|Fire\n|move|p1b: Lilligant|Quiver Dance|p1b: Lilligant\n|-boost|p1b: Lilligant|spa|1\n|-boost|p1b: Lilligant|spd|1\n|-boost|p1b: Lilligant|spe|1\n|-activate|p1a: Oricorio|ability: Dancer\n|move|p1a: Oricorio|Quiver Dance|p1a: Oricorio|[from]ability: Dancer\n|-boost|p1a: Oricorio|spa|1\n|-boost|p1a: Oricorio|spd|1\n|-boost|p1a: Oricorio|spe|1\n|move|p2a: Arcanine|Flare Blitz|p1b: Lilligant\n|-resisted|p1b: Lilligant\n|-damage|p1b: Lilligant|67\/100\n|-damage|p2a: Arcanine|91\/100|[from] Recoil\n|\n|upkeep\n|turn|3\n|l|\u2606Charlisito\n|inactive|Charlisito disconnected and has a minute to reconnect!\n|player|p2|\n|inactive|Charlisito has 30 seconds left.\n|inactive|rallpalacios12 has 30 seconds left.\n|inactive|Charlisito has 20 seconds left.\n|inactive|Charlisito has 15 seconds left.\n|j|\u2606Charlisito\n|inactive|Charlisito reconnected and has 15 seconds left.\n|player|p2|Charlisito|101\n|inactive|Charlisito has 10 seconds left.\n|\n|t:|1682176526\n|move|p1b: Lilligant|Sleep Powder|p2a: Arcanine\n|-activate|p2a: Arcanine|item: Safety Goggles|Sleep Powder\n|move|p1a: Oricorio|Revelation Dance|p2a: Arcanine\n|-damage|p2a: Arcanine|42\/100\n|move|p2a: Arcanine|Flare Blitz|p1a: Oricorio\n|-damage|p1a: Oricorio|18\/100\n|-damage|p2a: Arcanine|21\/100|[from] Recoil\n|move|p2b: Ting-Lu|Stomping Tantrum|p1b: Lilligant\n|-supereffective|p1b: Lilligant\n|-damage|p1b: Lilligant|0 fnt\n|faint|p1b: Lilligant\n|\n|upkeep\n|\n|t:|1682176542\n|switch|p1b: Quaquaval|Quaquaval, L50, M|100\/100\n|turn|4\n|\n|t:|1682176558\n|switch|p2b: Amoonguss|Amoonguss, L50, M|100\/100\n|move|p1a: Oricorio|Protect|p1a: Oricorio\n|-singleturn|p1a: Oricorio|Protect\n|move|p2a: Arcanine|Extreme Speed|p1a: Oricorio\n|-activate|p1a: Oricorio|move: Protect\n|move|p1b: Quaquaval|Aqua Step|p2a: Arcanine\n|-supereffective|p2a: Arcanine\n|-damage|p2a: Arcanine|0 fnt\n|-boost|p1b: Quaquaval|spe|1\n|faint|p2a: Arcanine\n|-ability|p1b: Quaquaval|Moxie|boost\n|-boost|p1b: Quaquaval|atk|1\n|-activate|p1a: Oricorio|ability: Dancer\n|move|p1a: Oricorio|Aqua Step|p2b: Amoonguss|[from]ability: Dancer\n|-resisted|p2b: Amoonguss\n|-damage|p2b: Amoonguss|96\/100\n|-boost|p1a: Oricorio|spe|1\n|-status|p1a: Oricorio|slp|[from] ability: Effect Spore|[of] p2b: Amoonguss\n|\n|upkeep\n|\n|t:|1682176571\n|switch|p2a: Palafin|Palafin-Hero, L50, M|100\/100\n|-activate|p2a: Palafin|ability: Zero to Hero\n|turn|5\n|\n|t:|1682176586\n|-terastallize|p2a: Palafin|Water\n|cant|p1a: Oricorio|slp\n|move|p1b: Quaquaval|Ice Spinner|p2b: Amoonguss\n|-supereffective|p2b: Amoonguss\n|-damage|p2b: Amoonguss|26\/100\n|-status|p1b: Quaquaval|slp|[from] ability: Effect Spore|[of] p2b: Amoonguss\n|-enditem|p2b: Amoonguss|Sitrus Berry|[eat]\n|-heal|p2b: Amoonguss|51\/100|[from] item: Sitrus Berry\n|move|p2a: Palafin|Wave Crash|p1b: Quaquaval\n|-resisted|p1b: Quaquaval\n|-damage|p1b: Quaquaval|13\/100 slp\n|-damage|p2a: Palafin|77\/100|[from] Recoil\n|move|p2b: Amoonguss|Spore|p1b: Quaquaval\n|-fail|p1b: Quaquaval|slp\n|\n|upkeep\n|turn|6\n|\n|t:|1682176606\n|cant|p1b: Quaquaval|slp\n|move|p2a: Palafin|Jet Punch|p1a: Oricorio\n|-damage|p1a: Oricorio|0 fnt\n|faint|p1a: Oricorio\n|move|p2b: Amoonguss|Pollen Puff|p1b: Quaquaval\n|-resisted|p1b: Quaquaval\n|-damage|p1b: Quaquaval|6\/100 slp\n|\n|upkeep\n|\n|t:|1682176609\n|switch|p1a: Volcarona|Volcarona, L50, M|100\/100\n|turn|7\n|-message|rallpalacios12 forfeited.\n|\n|win|Charlisito\n|raw|rallpalacios12's rating: 1092 → 1067<\/strong> (-25 for losing)\n|raw|Charlisito's rating: 1068 → 1100<\/strong> (+32 for winning)\n|l|\u2606rallpalacios12\n","uploadtime":1682176625,"views":4,"p1id":"rallpalacios12","p2id":"charlisito","formatid":"gen9vgc2023regulationc","rating":1067,"private":0,"password":""}