{"id":"gen9vgc2023regulationc-1863597307","p1":"GigaChad_Hammer","p2":"mence x vgc","format":"[Gen 9] VGC 2023 Regulation C","log":"|j|\u2606GigaChad_Hammer\n|j|\u2606mence x vgc\n|t:|1684040393\n|gametype|doubles\n|player|p1|GigaChad_Hammer|hiker-gen4|1207\n|player|p2|mence x vgc|janine|1323\n|teamsize|p1|6\n|teamsize|p2|6\n|gen|9\n|tier|[Gen 9] VGC 2023 Regulation C\n|rated|\n|rule|Species Clause: Limit one of each Pok\u00e9mon\n|rule|Item Clause: Limit one of each item\n|clearpoke\n|poke|p1|Talonflame, L50, F|\n|poke|p1|Murkrow, L50, F|\n|poke|p1|Baxcalibur, L50, M|\n|poke|p1|Brute Bonnet, L50|\n|poke|p1|Chien-Pao, L50|\n|poke|p1|Armarouge, L50, M|\n|poke|p2|Amoonguss, L50, F|\n|poke|p2|Gyarados, L50, F|\n|poke|p2|Kingambit, L50, F|\n|poke|p2|Baxcalibur, L50, M|\n|poke|p2|Flutter Mane, L50|\n|poke|p2|Chi-Yu, L50|\n|teampreview|4\nmence x vgc has agreed to open team sheets.\nGigaChad_Hammer rejected open team sheets.\n|\n|t:|1684040491\n|start\n|switch|p1a: Talonflame|Talonflame, L50, F|100\/100\n|switch|p1b: Chien-Pao|Chien-Pao, L50|100\/100\n|switch|p2a: Baxcalibur|Baxcalibur, L50, M|100\/100\n|switch|p2b: Flutter Mane|Flutter Mane, L50, shiny|100\/100\n|-ability|p1b: Chien-Pao|Sword of Ruin\n|-enditem|p2b: Flutter Mane|Booster Energy\n|-activate|p2b: Flutter Mane|ability: Protosynthesis|[fromitem]\n|-start|p2b: Flutter Mane|protosynthesisspe\n|turn|1\n|inactive|Battle timer is ON: inactive players will automatically lose when time's up. (requested by mence x vgc)\n|\n|t:|1684040538\n|move|p1a: Talonflame|Tailwind|p1a: Talonflame\n|-sidestart|p1: GigaChad_Hammer|move: Tailwind\n|move|p2a: Baxcalibur|Ice Shard|p1a: Talonflame\n|-damage|p1a: Talonflame|59\/100\n|move|p1b: Chien-Pao|Sacred Sword|p2a: Baxcalibur\n|-supereffective|p2a: Baxcalibur\n|-damage|p2a: Baxcalibur|33\/100\n|move|p2b: Flutter Mane|Dazzling Gleam|p1a: Talonflame|[spread] p1a,p1b\n|-resisted|p1a: Talonflame\n|-supereffective|p1b: Chien-Pao\n|-damage|p1a: Talonflame|38\/100\n|-enditem|p1b: Chien-Pao|Focus Sash\n|-damage|p1b: Chien-Pao|1\/100\n|-enditem|p1a: Talonflame|Sitrus Berry|[eat]\n|-heal|p1a: Talonflame|63\/100|[from] item: Sitrus Berry\n|\n|upkeep\n|turn|2\n|inactive|GigaChad_Hammer has 30 seconds left.\n|inactive|mence x vgc has 30 seconds left.\n|\n|t:|1684040568\n|move|p1b: Chien-Pao|Sucker Punch|p2b: Flutter Mane\n|-damage|p2b: Flutter Mane|7\/100\n|move|p2a: Baxcalibur|Ice Shard|p1b: Chien-Pao\n|-resisted|p1b: Chien-Pao\n|-damage|p1b: Chien-Pao|0 fnt\n|faint|p1b: Chien-Pao\n|move|p1a: Talonflame|Flare Blitz|p2b: Flutter Mane\n|-damage|p2b: Flutter Mane|0 fnt\n|faint|p2b: Flutter Mane\n|-end|p2b: Flutter Mane|Protosynthesis|[silent]\n|-damage|p1a: Talonflame|61\/100|[from] Recoil\n|\n|upkeep\n|\n|t:|1684040598\n|switch|p1b: Brute Bonnet|Brute Bonnet, L50|100\/100\n|switch|p2b: Gyarados|Gyarados, L50, F, shiny|100\/100\n|-ability|p2b: Gyarados|Intimidate|boost\n|-unboost|p1a: Talonflame|atk|1\n|-unboost|p1b: Brute Bonnet|atk|1\n|-enditem|p1b: Brute Bonnet|Booster Energy\n|-activate|p1b: Brute Bonnet|ability: Protosynthesis|[fromitem]\n|-start|p1b: Brute Bonnet|protosynthesisatk\n|turn|3\n|inactive|mence x vgc has 30 seconds left.\n|inactive|mence x vgc has 20 seconds left.\n|inactive|mence x vgc has 15 seconds left.\n|inactive|mence x vgc has 10 seconds left.\n|inactive|mence x vgc has 5 seconds left.\n|\n|t:|1684040648\n|-terastallize|p1b: Brute Bonnet|Water\n|move|p2b: Gyarados|Helping Hand|p2a: Baxcalibur\n|-singleturn|p2a: Baxcalibur|Helping Hand|[of] p2b: Gyarados\n|move|p2a: Baxcalibur|Ice Shard|p1a: Talonflame\n|-damage|p1a: Talonflame|11\/100\n|move|p1a: Talonflame|Will-O-Wisp|p2b: Gyarados\n|-status|p2b: Gyarados|brn\n|-enditem|p2b: Gyarados|Lum Berry|[eat]\n|-curestatus|p2b: Gyarados|brn|[msg]\n|move|p1b: Brute Bonnet|Spore|p2a: Baxcalibur\n|-status|p2a: Baxcalibur|slp|[from] move: Spore\n|\n|upkeep\n|turn|4\n|inactive|GigaChad_Hammer has 30 seconds left.\n|inactive|mence x vgc has 30 seconds left.\n|inactive|mence x vgc has 20 seconds left.\n|inactive|mence x vgc has 15 seconds left.\n|\n|t:|1684040689\n|switch|p1a: Baxcalibur|Baxcalibur, L50, M|100\/100\n|cant|p2a: Baxcalibur|slp\n|move|p1b: Brute Bonnet|Spore|p2b: Gyarados\n|-status|p2b: Gyarados|slp|[from] move: Spore\n|cant|p2b: Gyarados|slp\n|\n|-sideend|p1: GigaChad_Hammer|move: Tailwind\n|upkeep\n|turn|5\n|\n|t:|1684040703\n|-end|p1b: Brute Bonnet|Protosynthesis|[silent]\n|switch|p1b: Talonflame|Talonflame, L50, F|11\/100\n|move|p1a: Baxcalibur|Glaive Rush|p2a: Baxcalibur\n|-supereffective|p2a: Baxcalibur\n|-damage|p2a: Baxcalibur|0 fnt\n|-singlemove|p1a: Baxcalibur|Glaive Rush|[silent]\n|faint|p2a: Baxcalibur\n|cant|p2b: Gyarados|slp\n|\n|upkeep\n|\n|t:|1684040709\n|switch|p2a: Kingambit|Kingambit, L50, F, shiny|100\/100\n|turn|6\n|inactive|GigaChad_Hammer has 30 seconds left.\n|inactive|mence x vgc has 30 seconds left.\n|inactive|mence x vgc has 20 seconds left.\n|inactive|mence x vgc has 15 seconds left.\n|\n|t:|1684040763\n|move|p1b: Talonflame|Tailwind|p1b: Talonflame\n|-sidestart|p1: GigaChad_Hammer|move: Tailwind\n|move|p1a: Baxcalibur|Earthquake|p2b: Gyarados|[spread] p2a\n|-immune|p1b: Talonflame\n|-immune|p2b: Gyarados\n|-supereffective|p2a: Kingambit\n|-crit|p2a: Kingambit\n|-damage|p2a: Kingambit|31\/100\n|-curestatus|p2b: Gyarados|slp|[msg]\n|move|p2b: Gyarados|Waterfall|p1b: Talonflame\n|-supereffective|p1b: Talonflame\n|-damage|p1b: Talonflame|0 fnt\n|faint|p1b: Talonflame\n|move|p2a: Kingambit|Swords Dance|p2a: Kingambit\n|-boost|p2a: Kingambit|atk|2\n|\n|upkeep\n|inactive|GigaChad_Hammer has 30 seconds left.\n|inactive|GigaChad_Hammer has 20 seconds left.\n|inactive|GigaChad_Hammer has 15 seconds left.\n|inactive|GigaChad_Hammer has 10 seconds left.\n|inactive|GigaChad_Hammer has 5 seconds left.\n|\n|t:|1684040818\n|switch|p1b: Brute Bonnet|Brute Bonnet, L50, tera:Water|100\/100\n|turn|7\n|\n|t:|1684040835\n|move|p2a: Kingambit|Protect|p2a: Kingambit\n|-singleturn|p2a: Kingambit|Protect\n|move|p1b: Brute Bonnet|Rage Powder|p1b: Brute Bonnet\n|-singleturn|p1b: Brute Bonnet|move: Rage Powder\n|move|p1a: Baxcalibur|Icicle Crash|p2b: Gyarados\n|-damage|p2b: Gyarados|57\/100\n|move|p2b: Gyarados|Taunt|p1b: Brute Bonnet\n|-start|p1b: Brute Bonnet|move: Taunt\n|\n|upkeep\n|turn|8\n|inactive|GigaChad_Hammer has 30 seconds left.\n|inactive|GigaChad_Hammer has 20 seconds left.\n|inactive|GigaChad_Hammer has 15 seconds left.\n|inactive|GigaChad_Hammer has 10 seconds left.\n|\n|t:|1684040881\n|-terastallize|p2a: Kingambit|Dark\n|move|p2b: Gyarados|Helping Hand|p2a: Kingambit\n|-singleturn|p2a: Kingambit|Helping Hand|[of] p2b: Gyarados\n|move|p2a: Kingambit|Sucker Punch|p1a: Baxcalibur\n|-damage|p1a: Baxcalibur|0 fnt\n|faint|p1a: Baxcalibur\n|move|p1b: Brute Bonnet|Seed Bomb|p2a: Kingambit\n|-damage|p2a: Kingambit|0 fnt\n|faint|p2a: Kingambit\n|\n|upkeep\n|turn|9\n|\n|t:|1684040897\n|move|p1b: Brute Bonnet|Seed Bomb|p2b: Gyarados\n|-damage|p2b: Gyarados|18\/100\n|move|p2b: Gyarados|Thunder Wave|p1b: Brute Bonnet\n|-status|p1b: Brute Bonnet|par\n|\n|-sideend|p1: GigaChad_Hammer|move: Tailwind\n|upkeep\n|turn|10\n|\n|t:|1684040905\n|move|p2b: Gyarados|Waterfall|p1b: Brute Bonnet\n|-resisted|p1b: Brute Bonnet\n|-damage|p1b: Brute Bonnet|88\/100 par\n|move|p1b: Brute Bonnet|Seed Bomb|p2b: Gyarados\n|-damage|p2b: Gyarados|0 fnt\n|faint|p2b: Gyarados\n|\n|win|GigaChad_Hammer\n|raw|GigaChad_Hammer's rating: 1207 → 1240<\/strong> (+33 for winning)\n|raw|mence x vgc's rating: 1323 → 1297<\/strong> (-26 for losing)\n","uploadtime":1684040915,"views":12,"p1id":"gigachadhammer","p2id":"mencexvgc","formatid":"gen9vgc2023regulationc","rating":1240,"private":0,"password":""}