{"id":"gen9vgc2023regulationc-1846592933","p1":"Rin Itachi","p2":"Hadrian1917","format":"[Gen 9] VGC 2023 Regulation C","log":"|j|\u2606Rin Itachi\n|j|\u2606Hadrian1917\n|t:|1681855098\n|gametype|doubles\n|player|p1|Rin Itachi|marley|1244\n|player|p2|Hadrian1917|brock|1311\n|teamsize|p1|6\n|teamsize|p2|6\n|gen|9\n|tier|[Gen 9] VGC 2023 Regulation C\n|rated|\n|rule|Species Clause: Limit one of each Pok\u00e9mon\n|rule|Item Clause: Limit one of each item\n|clearpoke\n|poke|p1|Talonflame, L50, F|\n|poke|p1|Great Tusk, L50|\n|poke|p1|Chi-Yu, L50|\n|poke|p1|Flutter Mane, L50|\n|poke|p1|Gyarados, L50, M|\n|poke|p1|Indeedee-F, L50, F|\n|poke|p2|Flutter Mane, L50|\n|poke|p2|Arcanine, L50, M|\n|poke|p2|Baxcalibur, L50, M|\n|poke|p2|Ting-Lu, L50|\n|poke|p2|Gyarados, L50, F|\n|poke|p2|Amoonguss, L50, F|\n|teampreview|4\n|\n|t:|1681855153\n|start\n|switch|p1a: Itachi Rin|Flutter Mane, L50|100\/100\n|switch|p1b: Gyarados|Gyarados, L50, M|100\/100\n|switch|p2a: Arcanine|Arcanine, L50, M|100\/100\n|switch|p2b: Baxcalibur|Baxcalibur, L50, M|100\/100\n|-ability|p2a: Arcanine|Intimidate|boost\n|-unboost|p1a: Itachi Rin|atk|1\n|-unboost|p1b: Gyarados|atk|1\n|-ability|p1b: Gyarados|Intimidate|boost\n|-unboost|p2a: Arcanine|atk|1\n|-fail|p2b: Baxcalibur|unboost|[from] item: Clear Amulet|[of] p2b: Baxcalibur\n|-enditem|p1a: Itachi Rin|Booster Energy\n|-activate|p1a: Itachi Rin|ability: Protosynthesis|[fromitem]\n|-start|p1a: Itachi Rin|protosynthesisspa\n|turn|1\n|inactive|Battle timer is ON: inactive players will automatically lose when time's up. (requested by Hadrian1917)\n|\n|t:|1681855177\n|switch|p1b: Indeedee|Indeedee-F, L50, F|100\/100\n|-fieldstart|move: Psychic Terrain|[from] ability: Psychic Surge|[of] p1b: Indeedee\n|-enditem|p1b: Indeedee|Psychic Seed\n|-boost|p1b: Indeedee|spd|1|[from] item: Psychic Seed\n|-terastallize|p2b: Baxcalibur|Poison\n|move|p1a: Itachi Rin|Protect|p1a: Itachi Rin\n|-singleturn|p1a: Itachi Rin|Protect\n|move|p2a: Arcanine|Howl|p2a: Arcanine|[spread] p2a,p2b\n|-boost|p2a: Arcanine|atk|1\n|-boost|p2b: Baxcalibur|atk|1\n|move|p2b: Baxcalibur|Icicle Crash|p1b: Indeedee\n|-damage|p1b: Indeedee|30\/100\n|\n|upkeep\n|turn|2\n|\n|t:|1681855201\n|move|p1b: Indeedee|Follow Me|p1b: Indeedee\n|-singleturn|p1b: Indeedee|move: Follow Me\n|move|p1a: Itachi Rin|Substitute|p1a: Itachi Rin\n|-start|p1a: Itachi Rin|Substitute\n|-damage|p1a: Itachi Rin|76\/100\n|move|p2a: Arcanine|Howl|p2a: Arcanine|[spread] p2a,p2b\n|-boost|p2a: Arcanine|atk|1\n|-boost|p2b: Baxcalibur|atk|1\n|move|p2b: Baxcalibur|Icicle Crash|p1b: Indeedee\n|-damage|p1b: Indeedee|0 fnt\n|faint|p1b: Indeedee\n|\n|upkeep\n|\n|t:|1681855215\n|switch|p1b: Great Tusk|Great Tusk, L50|100\/100\n|turn|3\n|\n|t:|1681855235\n|switch|p2a: Gyarados|Gyarados, L50, F|100\/100\n|-ability|p2a: Gyarados|Intimidate|boost\n|-immune|p1a: Itachi Rin\n|-fail|p1b: Great Tusk|unboost|[from] item: Clear Amulet|[of] p1b: Great Tusk\n|-terastallize|p1b: Great Tusk|Ground\n|move|p1a: Itachi Rin|Protect|p1a: Itachi Rin\n|-singleturn|p1a: Itachi Rin|Protect\n|move|p1b: Great Tusk|Earthquake|p2a: Gyarados|[spread] p2b\n|-activate|p1a: Itachi Rin|move: Protect\n|-immune|p2a: Gyarados\n|-supereffective|p2b: Baxcalibur\n|-damage|p2b: Baxcalibur|16\/100\n|move|p2b: Baxcalibur|Icicle Crash|p1b: Great Tusk\n|-supereffective|p1b: Great Tusk\n|-damage|p1b: Great Tusk|0 fnt\n|faint|p1b: Great Tusk\n|-end|p1b: Great Tusk|Protosynthesis|[silent]\n|\n|upkeep\n|\n|t:|1681855251\n|switch|p1b: Gyarados|Gyarados, L50, M|100\/100\n|-ability|p1b: Gyarados|Intimidate|boost\n|-unboost|p2a: Gyarados|atk|1\n|-fail|p2b: Baxcalibur|unboost|[from] item: Clear Amulet|[of] p2b: Baxcalibur\n|turn|4\n|\n|t:|1681855265\n|switch|p2a: Arcanine|Arcanine, L50, M|100\/100\n|-ability|p2a: Arcanine|Intimidate|boost\n|-immune|p1a: Itachi Rin\n|-unboost|p1b: Gyarados|atk|1\n|move|p1a: Itachi Rin|Shadow Ball|p2b: Baxcalibur\n|-damage|p2b: Baxcalibur|0 fnt\n|faint|p2b: Baxcalibur\n|move|p1b: Gyarados|Thunder Wave|p2a: Arcanine\n|-status|p2a: Arcanine|par\n|\n|upkeep\n|\n|t:|1681855279\n|switch|p2b: Gyarados|Gyarados, L50, F|100\/100\n|-ability|p2b: Gyarados|Intimidate|boost\n|-immune|p1a: Itachi Rin\n|-unboost|p1b: Gyarados|atk|1\n|turn|5\n|\n|t:|1681855289\n|move|p1a: Itachi Rin|Protect|p1a: Itachi Rin\n|-singleturn|p1a: Itachi Rin|Protect\n|move|p2b: Gyarados|Protect|p2b: Gyarados\n|-singleturn|p2b: Gyarados|Protect\n|move|p1b: Gyarados|Thunder Wave|p2b: Gyarados\n|-activate|p2b: Gyarados|move: Protect\n|cant|p2a: Arcanine|par\n|\n|-fieldend|move: Psychic Terrain\n|upkeep\n|turn|6\n|\n|t:|1681855308\n|move|p1a: Itachi Rin|Moonblast|p2b: Gyarados\n|-damage|p2b: Gyarados|53\/100\n|-unboost|p2b: Gyarados|spa|1\n|move|p1b: Gyarados|Thunder Wave|p2b: Gyarados\n|-status|p2b: Gyarados|par\n|move|p2a: Arcanine|Will-O-Wisp|p1b: Gyarados\n|-status|p1b: Gyarados|brn\n|move|p2b: Gyarados|Waterfall|p1a: Itachi Rin\n|-end|p1a: Itachi Rin|Substitute\n|\n|-damage|p1b: Gyarados|95\/100 brn|[from] brn\n|upkeep\n|turn|7\n|\n|t:|1681855333\n|move|p1a: Itachi Rin|Substitute|p1a: Itachi Rin\n|-start|p1a: Itachi Rin|Substitute\n|-damage|p1a: Itachi Rin|51\/100\n|move|p1b: Gyarados|Iron Head|p2a: Arcanine\n|-resisted|p2a: Arcanine\n|-damage|p2a: Arcanine|97\/100 par\n|move|p2a: Arcanine|Flare Blitz|p1b: Gyarados\n|-resisted|p1b: Gyarados\n|-damage|p1b: Gyarados|69\/100 brn\n|-damage|p2a: Arcanine|89\/100 par|[from] Recoil\n|move|p2b: Gyarados|Waterfall|p1b: Gyarados\n|-resisted|p1b: Gyarados\n|-damage|p1b: Gyarados|51\/100 brn\n|\n|-damage|p1b: Gyarados|45\/100 brn|[from] brn\n|upkeep\n|turn|8\n|\n|t:|1681855351\n|move|p1a: Itachi Rin|Shadow Ball|p2a: Arcanine\n|-damage|p2a: Arcanine|33\/100 par\n|-unboost|p2a: Arcanine|spd|1\n|move|p1b: Gyarados|Waterfall|p2a: Arcanine\n|-supereffective|p2a: Arcanine\n|-damage|p2a: Arcanine|18\/100 par\n|move|p2a: Arcanine|Flare Blitz|p1a: Itachi Rin\n|-end|p1a: Itachi Rin|Substitute\n|-damage|p2a: Arcanine|11\/100 par|[from] Recoil|[of] p1a: Itachi Rin\n|move|p2b: Gyarados|Waterfall|p1a: Itachi Rin\n|-damage|p1a: Itachi Rin|0 fnt\n|faint|p1a: Itachi Rin\n|-end|p1a: Itachi Rin|Protosynthesis|[silent]\n|\n|-damage|p1b: Gyarados|39\/100 brn|[from] brn\n|upkeep\n|turn|9\n|-message|Rin Itachi forfeited.\n|\n|win|Hadrian1917\n|raw|Rin Itachi's rating: 1244 → 1224<\/strong> (-20 for losing)\n|raw|Hadrian1917's rating: 1311 → 1327<\/strong> (+16 for winning)\n|l|\u2606Rin Itachi\n","uploadtime":1681855373,"views":9,"p1id":"rinitachi","p2id":"hadrian1917","formatid":"gen9vgc2023regulationc","rating":1224,"private":0,"password":""}