{"id":"gen9vgc2023regulationc-1855255461","p1":"kanotakekanotake","p2":"mtcoronettrainer","format":"[Gen 9] VGC 2023 Regulation C","log":"|j|\u2606kanotakekanotake\n|j|\u2606mtcoronettrainer\n|t:|1682923937\n|gametype|doubles\n|player|p1|kanotakekanotake|smasher|1493\n|player|p2|mtcoronettrainer|102|1394\n|teamsize|p1|6\n|teamsize|p2|6\n|gen|9\n|tier|[Gen 9] VGC 2023 Regulation C\n|rated|\n|rule|Species Clause: Limit one of each Pok\u00e9mon\n|rule|Item Clause: Limit one of each item\n|clearpoke\n|poke|p1|Amoonguss, L50, F|\n|poke|p1|Iron Hands, L50|\n|poke|p1|Garganacl, L50, F|\n|poke|p1|Grimmsnarl, L50, M|\n|poke|p1|Gyarados, L50, M|\n|poke|p1|Flutter Mane, L50|\n|poke|p2|Palafin, L50, M|\n|poke|p2|Amoonguss, L50, F|\n|poke|p2|Ting-Lu, L50|\n|poke|p2|Flutter Mane, L50|\n|poke|p2|Baxcalibur, L50, M|\n|poke|p2|Arcanine, L50, F|\n|teampreview|4\n|inactive|Battle timer is ON: inactive players will automatically lose when time's up. (requested by mtcoronettrainer)\n|\n|t:|1682923986\n|start\n|switch|p1a: Iron Hands|Iron Hands, L50|100\/100\n|switch|p1b: Garganacl|Garganacl, L50, F, shiny|100\/100\n|switch|p2a: Flutter Mane|Flutter Mane, L50, shiny|100\/100\n|switch|p2b: Palafin|Palafin, L50, M, shiny|100\/100\n|turn|1\n|inactive|mtcoronettrainer has 30 seconds left.\n|\n|t:|1682924020\n|detailschange|p2b: Palafin|Palafin-Hero, L50, M, shiny\n|switch|p2b: Amoonguss|Amoonguss, L50, F, shiny|100\/100\n|-terastallize|p2a: Flutter Mane|Fairy\n|-terastallize|p1b: Garganacl|Poison\n|move|p2a: Flutter Mane|Moonblast|p1b: Garganacl\n|-resisted|p1b: Garganacl\n|-damage|p1b: Garganacl|62\/100\n|-unboost|p1b: Garganacl|spa|1\n|move|p1a: Iron Hands|Heavy Slam|p2a: Flutter Mane\n|-supereffective|p2a: Flutter Mane\n|-damage|p2a: Flutter Mane|0 fnt\n|faint|p2a: Flutter Mane\n|-end|p2a: Flutter Mane|Protosynthesis|[silent]\n|move|p1b: Garganacl|Salt Cure|p2b: Amoonguss\n|-damage|p2b: Amoonguss|89\/100\n|-start|p2b: Amoonguss|Salt Cure\n|\n|-heal|p1b: Garganacl|68\/100|[from] item: Leftovers\n|-damage|p2b: Amoonguss|77\/100|[from] Salt Cure\n|upkeep\n|inactive|mtcoronettrainer has 30 seconds left.\n|\n|t:|1682924050\n|switch|p2a: Palafin|Palafin-Hero, L50, M, shiny|100\/100\n|-activate|p2a: Palafin|ability: Zero to Hero\n|turn|2\n|\n|t:|1682924059\n|-end|p1a: Iron Hands|Quark Drive|[silent]\n|switch|p1a: Gyarados|Gyarados, L50, M, shiny|100\/100\n|-ability|p1a: Gyarados|Intimidate|boost\n|-unboost|p2a: Palafin|atk|1\n|-unboost|p2b: Amoonguss|atk|1\n|move|p2a: Palafin|Protect|p2a: Palafin\n|-singleturn|p2a: Palafin|Protect\n|move|p1b: Garganacl|Salt Cure|p2a: Palafin\n|-activate|p2a: Palafin|move: Protect\n|move|p2b: Amoonguss|Spore|p1a: Gyarados\n|-status|p1a: Gyarados|slp|[from] move: Spore\n|\n|-heal|p1b: Garganacl|73\/100|[from] item: Leftovers\n|-damage|p2b: Amoonguss|65\/100|[from] Salt Cure\n|upkeep\n|turn|3\n|inactive|mtcoronettrainer has 30 seconds left.\n|inactive|mtcoronettrainer has 20 seconds left.\n|\n|t:|1682924099\n|cant|p1a: Gyarados|slp\n|move|p2a: Palafin|Wave Crash|p1b: Garganacl\n|-crit|p1b: Garganacl\n|-damage|p1b: Garganacl|0 fnt\n|faint|p1b: Garganacl\n|-damage|p2a: Palafin|76\/100|[from] Recoil\n|move|p2b: Amoonguss|Pollen Puff|p2a: Palafin\n|-heal|p2a: Palafin|100\/100\n|\n|-damage|p2b: Amoonguss|53\/100|[from] Salt Cure\n|upkeep\n|\n|t:|1682924122\n|switch|p1b: Iron Hands|Iron Hands, L50|100\/100\n|turn|4\n|\n|t:|1682924136\n|switch|p2b: Baxcalibur|Baxcalibur, L50, M, shiny|100\/100\n|move|p2a: Palafin|Protect|p2a: Palafin\n|-singleturn|p2a: Palafin|Protect\n|move|p1b: Iron Hands|Fake Out|p2b: Baxcalibur\n|-damage|p2b: Baxcalibur|86\/100\n|cant|p1a: Gyarados|slp\n|\n|upkeep\n|turn|5\n|inactive|mtcoronettrainer has 30 seconds left.\n|\n|t:|1682924166\n|switch|p1a: Flutter Mane|Flutter Mane, L50|100\/100\n|-enditem|p1a: Flutter Mane|Booster Energy\n|-activate|p1a: Flutter Mane|ability: Protosynthesis|[fromitem]\n|-start|p1a: Flutter Mane|protosynthesisspe\n|switch|p2a: Amoonguss|Amoonguss, L50, F, shiny|86\/100\n|move|p2b: Baxcalibur|Protect|p2b: Baxcalibur\n|-singleturn|p2b: Baxcalibur|Protect\n|move|p1b: Iron Hands|Drain Punch|p2b: Baxcalibur\n|-activate|p2b: Baxcalibur|move: Protect\n|\n|upkeep\n|turn|6\n|\n|t:|1682924187\n|move|p2a: Amoonguss|Rage Powder|p2a: Amoonguss\n|-singleturn|p2a: Amoonguss|move: Rage Powder\n|move|p1a: Flutter Mane|Substitute|p1a: Flutter Mane\n|-start|p1a: Flutter Mane|Substitute\n|-damage|p1a: Flutter Mane|76\/100\n|move|p2b: Baxcalibur|Icicle Crash|p1b: Iron Hands\n|-damage|p1b: Iron Hands|63\/100\n|cant|p1b: Iron Hands|flinch\n|\n|upkeep\n|turn|7\n|\n|t:|1682924201\n|move|p1a: Flutter Mane|Protect|p1a: Flutter Mane\n|-singleturn|p1a: Flutter Mane|Protect\n|move|p2b: Baxcalibur|Protect|p2b: Baxcalibur\n|-singleturn|p2b: Baxcalibur|Protect\n|move|p1b: Iron Hands|Drain Punch|p2b: Baxcalibur\n|-activate|p2b: Baxcalibur|move: Protect\n|move|p2a: Amoonguss|Spore|p1b: Iron Hands\n|-status|p1b: Iron Hands|slp|[from] move: Spore\n|\n|upkeep\n|turn|8\n|\n|t:|1682924226\n|move|p1a: Flutter Mane|Shadow Ball|p2a: Amoonguss\n|-damage|p2a: Amoonguss|53\/100\n|-unboost|p2a: Amoonguss|spd|1\n|move|p2b: Baxcalibur|Icicle Crash|p1a: Flutter Mane\n|-end|p1a: Flutter Mane|Substitute\n|cant|p1b: Iron Hands|slp\n|move|p2a: Amoonguss|Pollen Puff|p2b: Baxcalibur\n|-heal|p2b: Baxcalibur|100\/100\n|\n|upkeep\n|turn|9\n|inactive|mtcoronettrainer has 30 seconds left.\n|\n|t:|1682924255\n|move|p1a: Flutter Mane|Protect|p1a: Flutter Mane\n|-singleturn|p1a: Flutter Mane|Protect\n|move|p2b: Baxcalibur|Protect|p2b: Baxcalibur\n|-singleturn|p2b: Baxcalibur|Protect\n|-curestatus|p1b: Iron Hands|slp|[msg]\n|move|p1b: Iron Hands|Volt Switch|p2a: Amoonguss\n|-resisted|p2a: Amoonguss\n|-damage|p2a: Amoonguss|44\/100\n|-enditem|p2a: Amoonguss|Sitrus Berry|[eat]\n|-heal|p2a: Amoonguss|69\/100|[from] item: Sitrus Berry\n|\n|t:|1682924267\n|-end|p1b: Iron Hands|Quark Drive|[silent]\n|switch|p1b: Gyarados|Gyarados, L50, M, shiny|100\/100 slp|[from] Volt Switch\n|-ability|p1b: Gyarados|Intimidate|boost\n|-unboost|p2a: Amoonguss|atk|1\n|-fail|p2b: Baxcalibur|unboost|[from] item: Clear Amulet|[of] p2b: Baxcalibur\n|move|p2a: Amoonguss|Spore|p1a: Flutter Mane\n|-activate|p1a: Flutter Mane|move: Protect\n|\n|upkeep\n|turn|10\n|inactive|kanotakekanotake has 30 seconds left.\n|\n|t:|1682924292\n|move|p1a: Flutter Mane|Substitute|p1a: Flutter Mane\n|-start|p1a: Flutter Mane|Substitute\n|-damage|p1a: Flutter Mane|51\/100\n|cant|p1b: Gyarados|slp\n|move|p2b: Baxcalibur|Glaive Rush|p1b: Gyarados\n|-damage|p1b: Gyarados|28\/100 slp\n|-singlemove|p2b: Baxcalibur|Glaive Rush|[silent]\n|move|p2a: Amoonguss|Spore||[still]\n|-fail|p2a: Amoonguss\n|\n|upkeep\n|turn|11\n|j| CapnBrunchy\n|\n|t:|1682924312\n|move|p2a: Amoonguss|Rage Powder|p2a: Amoonguss\n|-singleturn|p2a: Amoonguss|move: Rage Powder\n|move|p2b: Baxcalibur|Ice Shard|p1b: Gyarados\n|-damage|p1b: Gyarados|0 fnt\n|faint|p1b: Gyarados\n|move|p1a: Flutter Mane|Shadow Ball|p2a: Amoonguss\n|-damage|p2a: Amoonguss|24\/100\n|-unboost|p2a: Amoonguss|spd|1\n|\n|upkeep\n|\n|t:|1682924323\n|switch|p1b: Iron Hands|Iron Hands, L50|63\/100\n|turn|12\n|\n|t:|1682924341\n|switch|p2a: Palafin|Palafin-Hero, L50, M, shiny|100\/100\n|move|p2b: Baxcalibur|Protect|p2b: Baxcalibur\n|-singleturn|p2b: Baxcalibur|Protect\n|move|p1a: Flutter Mane|Shadow Ball|p2a: Palafin\n|-damage|p2a: Palafin|63\/100\n|move|p1b: Iron Hands|Drain Punch|p2b: Baxcalibur\n|-activate|p2b: Baxcalibur|move: Protect\n|\n|upkeep\n|turn|13\n|\n|t:|1682924364\n|move|p1a: Flutter Mane|Shadow Ball|p2b: Baxcalibur\n|-damage|p2b: Baxcalibur|64\/100\n|move|p2a: Palafin|Wave Crash|p1b: Iron Hands\n|-damage|p1b: Iron Hands|0 fnt\n|faint|p1b: Iron Hands\n|-end|p1b: Iron Hands|Quark Drive|[silent]\n|-damage|p2a: Palafin|40\/100|[from] Recoil\n|move|p2b: Baxcalibur|Icicle Crash|p1a: Flutter Mane\n|-end|p1a: Flutter Mane|Substitute\n|\n|upkeep\n|turn|14\n|\n|t:|1682924378\n|move|p2a: Palafin|Jet Punch|p1a: Flutter Mane\n|-damage|p1a: Flutter Mane|0 fnt\n|faint|p1a: Flutter Mane\n|-end|p1a: Flutter Mane|Protosynthesis|[silent]\n|\n|win|mtcoronettrainer\n|raw|kanotakekanotake's rating: 1467 → 1443<\/strong> (-24 for losing)\n|raw|mtcoronettrainer's rating: 1394 → 1418<\/strong> (+24 for winning)\n|l|\u2606mtcoronettrainer\n","uploadtime":1682924388,"views":25,"p1id":"kanotakekanotake","p2id":"mtcoronettrainer","formatid":"gen9vgc2023regulationc","rating":1418,"private":0,"password":""}