{"id":"gen9vgc2023regulationc-1862840639","p1":"KDotWE","p2":"adrpen","format":"[Gen 9] VGC 2023 Regulation C","log":"|j|\u2606KDotWE\n|j|\u2606adrpen\n|t:|1683927956\n|gametype|doubles\n|player|p1|KDotWE|clair|1060\n|player|p2|adrpen|boarder|1145\n|teamsize|p1|6\n|teamsize|p2|6\n|gen|9\n|tier|[Gen 9] VGC 2023 Regulation C\n|rated|\n|rule|Species Clause: Limit one of each Pok\u00e9mon\n|rule|Item Clause: Limit one of each item\n|clearpoke\n|poke|p1|Arcanine, L50, M|\n|poke|p1|Tyranitar, L50, F|\n|poke|p1|Scizor, L50, M|\n|poke|p1|Tauros-Paldea-Aqua, L50, M|\n|poke|p1|Ting-Lu, L50|\n|poke|p1|Amoonguss, L50, F|\n|poke|p2|Amoonguss, L50, M|\n|poke|p2|Palafin, L50, M|\n|poke|p2|Iron Hands, L50|\n|poke|p2|Arcanine, L50, M|\n|poke|p2|Flutter Mane, L50|\n|poke|p2|Dragonite, L50, M|\n|teampreview|4\n|inactive|Battle timer is ON: inactive players will automatically lose when time's up. (requested by adrpen)\n|inactive|adrpen has 60 seconds left.\nKDotWE rejected open team sheets.\n|inactive|adrpen has 30 seconds left.\n|inactive|adrpen has 20 seconds left.\n|\n|t:|1683928029\n|start\n|switch|p1a: Tyranitar|Tyranitar, L50, F|100\/100\n|switch|p1b: Amoonguss|Amoonguss, L50, F|100\/100\n|switch|p2a: Palafin|Palafin, L50, M, shiny|100\/100\n|switch|p2b: Iron Hands|Iron Hands, L50, shiny|100\/100\n|-weather|Sandstorm|[from] ability: Sand Stream|[of] p1a: Tyranitar\n|turn|1\n|inactive|adrpen has 30 seconds left.\n|\n|t:|1683928057\n|detailschange|p2a: Palafin|Palafin-Hero, L50, M, shiny\n|switch|p2a: Arcanine|Arcanine, L50, M|100\/100\n|-ability|p2a: Arcanine|Intimidate|boost\n|-unboost|p1a: Tyranitar|atk|1\n|-unboost|p1b: Amoonguss|atk|1\n|move|p2b: Iron Hands|Fake Out|p1b: Amoonguss\n|-damage|p1b: Amoonguss|89\/100\n|move|p1a: Tyranitar|Stomping Tantrum|p2b: Iron Hands\n|-supereffective|p2b: Iron Hands\n|-damage|p2b: Iron Hands|72\/100\n|cant|p1b: Amoonguss|flinch\n|\n|-weather|Sandstorm|[upkeep]\n|-damage|p2a: Arcanine|94\/100|[from] Sandstorm\n|-damage|p2b: Iron Hands|66\/100|[from] Sandstorm\n|-damage|p1b: Amoonguss|83\/100|[from] Sandstorm\n|-heal|p1b: Amoonguss|89\/100|[from] item: Leftovers\n|upkeep\n|turn|2\n|\n|t:|1683928079\n|switch|p1b: Arcanine|Arcanine, L50, M|100\/100\n|-ability|p1b: Arcanine|Intimidate|boost\n|-unboost|p2a: Arcanine|atk|1\n|-unboost|p2b: Iron Hands|atk|1\n|move|p2a: Arcanine|Howl|p2a: Arcanine|[spread] p2a,p2b\n|-boost|p2a: Arcanine|atk|1\n|-boost|p2b: Iron Hands|atk|1\n|move|p1a: Tyranitar|Rock Slide|p2a: Arcanine|[spread] p2a,p2b\n|-supereffective|p2a: Arcanine\n|-resisted|p2b: Iron Hands\n|-damage|p2a: Arcanine|52\/100\n|-damage|p2b: Iron Hands|59\/100\n|cant|p2b: Iron Hands|flinch\n|\n|-weather|Sandstorm|[upkeep]\n|-damage|p1b: Arcanine|94\/100|[from] Sandstorm\n|-damage|p2a: Arcanine|46\/100|[from] Sandstorm\n|-damage|p2b: Iron Hands|53\/100|[from] Sandstorm\n|-enditem|p2a: Arcanine|Sitrus Berry|[eat]\n|-heal|p2a: Arcanine|71\/100|[from] item: Sitrus Berry\n|upkeep\n|turn|3\n|inactive|adrpen has 30 seconds left.\n|\n|t:|1683928109\n|-end|p2b: Iron Hands|Quark Drive|[silent]\n|switch|p2b: Palafin|Palafin-Hero, L50, M, shiny|100\/100\n|-activate|p2b: Palafin|ability: Zero to Hero\n|move|p1b: Arcanine|Extreme Speed|p2a: Arcanine\n|-damage|p2a: Arcanine|45\/100\n|move|p2a: Arcanine|Howl|p2a: Arcanine|[spread] p2a,p2b\n|-boost|p2a: Arcanine|atk|1\n|-boost|p2b: Palafin|atk|1\n|move|p1a: Tyranitar|Rock Slide|p2b: Palafin|[spread] p2a,p2b\n|-supereffective|p2a: Arcanine\n|-damage|p2a: Arcanine|4\/100\n|-damage|p2b: Palafin|81\/100\n|\n|-weather|Sandstorm|[upkeep]\n|-damage|p1b: Arcanine|88\/100|[from] Sandstorm\n|-damage|p2a: Arcanine|0 fnt|[from] Sandstorm\n|faint|p2a: Arcanine\n|upkeep\n|\n|t:|1683928125\n|switch|p2a: Iron Hands|Iron Hands, L50, shiny|53\/100\n|turn|4\n|inactive|adrpen has 30 seconds left.\n|inactive|adrpen has 20 seconds left.\n|inactive|adrpen has 15 seconds left.\n|\n|t:|1683928168\n|move|p2b: Palafin|Jet Punch|p1a: Tyranitar\n|-supereffective|p1a: Tyranitar\n|-damage|p1a: Tyranitar|0 fnt\n|faint|p1a: Tyranitar\n|move|p1b: Arcanine|Wild Charge|p2b: Palafin\n|-supereffective|p2b: Palafin\n|-damage|p2b: Palafin|27\/100\n|-damage|p1b: Arcanine|72\/100|[from] Recoil\n|move|p2a: Iron Hands|Drain Punch|p1b: Arcanine\n|-damage|p1b: Arcanine|19\/100\n|-heal|p2a: Iron Hands|71\/100|[from] drain|[of] p1b: Arcanine\n|-enditem|p1b: Arcanine|Aguav Berry|[eat]\n|-heal|p1b: Arcanine|52\/100|[from] item: Aguav Berry\n|\n|-weather|Sandstorm|[upkeep]\n|-damage|p1b: Arcanine|46\/100|[from] Sandstorm\n|-damage|p2a: Iron Hands|65\/100|[from] Sandstorm\n|upkeep\n|inactive|KDotWE has 30 seconds left.\n|\n|t:|1683928197\n|switch|p1a: Amoonguss|Amoonguss, L50, F|89\/100\n|turn|5\n|\n|t:|1683928218\n|move|p1a: Amoonguss|Rage Powder|p1a: Amoonguss\n|-singleturn|p1a: Amoonguss|move: Rage Powder\n|move|p2b: Palafin|Jet Punch|p1b: Arcanine\n|-supereffective|p1b: Arcanine\n|-damage|p1b: Arcanine|0 fnt\n|faint|p1b: Arcanine\n|move|p2a: Iron Hands|Heavy Slam|p1a: Amoonguss\n|-damage|p1a: Amoonguss|57\/100\n|-status|p2a: Iron Hands|slp|[from] ability: Effect Spore|[of] p1a: Amoonguss\n|\n|-weather|none\n|-heal|p1a: Amoonguss|63\/100|[from] item: Leftovers\n|upkeep\n|\n|t:|1683928230\n|switch|p1b: Scizor|Scizor, L50, M|100\/100\n|turn|6\n|\n|t:|1683928255\n|move|p2b: Palafin|Protect|p2b: Palafin\n|-singleturn|p2b: Palafin|Protect\n|move|p1b: Scizor|Protect|p1b: Scizor\n|-singleturn|p1b: Scizor|Protect\n|cant|p2a: Iron Hands|slp\n|move|p1a: Amoonguss|Energy Ball|p2b: Palafin\n|-activate|p2b: Palafin|move: Protect\n|\n|-heal|p1a: Amoonguss|69\/100|[from] item: Leftovers\n|upkeep\n|turn|7\n|\n|t:|1683928272\n|switch|p2b: Dragonite|Dragonite, L50, M|100\/100\n|move|p1b: Scizor|Aerial Ace|p2a: Iron Hands\n|-damage|p2a: Iron Hands|42\/100 slp\n|-curestatus|p2a: Iron Hands|slp|[msg]\n|move|p2a: Iron Hands|Drain Punch|p1b: Scizor\n|-damage|p1b: Scizor|60\/100\n|-heal|p2a: Iron Hands|57\/100|[from] drain|[of] p1b: Scizor\n|move|p1a: Amoonguss|Energy Ball|p2b: Dragonite\n|-resisted|p2b: Dragonite\n|-damage|p2b: Dragonite|98\/100\n|\n|-heal|p1a: Amoonguss|75\/100|[from] item: Leftovers\n|upkeep\n|turn|8\n|-message|KDotWE forfeited.\n|\n|win|adrpen\n|raw|KDotWE's rating: 1060 → 1046<\/strong> (-14 for losing)\n|raw|adrpen's rating: 1145 → 1164<\/strong> (+19 for winning)\n|l|\u2606KDotWE\n","uploadtime":1683928300,"views":9,"p1id":"kdotwe","p2id":"adrpen","formatid":"gen9vgc2023regulationc","rating":1046,"private":0,"password":""}