{"id":"gen9vgc2023regulationc-1851510586","p1":"tukeydukey","p2":"ultimatex888","format":"[Gen 9] VGC 2023 Regulation C","log":"|j|\u2606tukeydukey\n|j|\u2606ultimatex888\n|t:|1682451236\n|gametype|doubles\n|player|p1|tukeydukey|elesa|1372\n|player|p2|ultimatex888|2|1312\n|teamsize|p1|6\n|teamsize|p2|6\n|gen|9\n|tier|[Gen 9] VGC 2023 Regulation C\n|rated|\n|rule|Species Clause: Limit one of each Pok\u00e9mon\n|rule|Item Clause: Limit one of each item\n|clearpoke\n|poke|p1|Garganacl, L50, M|\n|poke|p1|Dondozo, L50, M|\n|poke|p1|Tatsugiri, L50, F|\n|poke|p1|Ting-Lu, L50|\n|poke|p1|Flutter Mane, L50|\n|poke|p1|Dragonite, L50, M|\n|poke|p2|Palafin, L50, M|\n|poke|p2|Chien-Pao, L50|\n|poke|p2|Dragapult, L50, M|\n|poke|p2|Amoonguss, L50, M|\n|poke|p2|Arcanine, L50, F|\n|poke|p2|Flutter Mane, L50|\n|teampreview|4\n|inactive|Battle timer is ON: inactive players will automatically lose when time's up. (requested by tukeydukey)\n|j| Ston3dge\n|inactive|tukeydukey has 60 seconds left.\n|inactive|ultimatex888 has 60 seconds left.\n|inactive|ultimatex888 has 30 seconds left.\nultimatex888 has agreed to open team sheets.\n|inactive|ultimatex888 has 20 seconds left.\n|\n|t:|1682451330\n|start\n|switch|p1a: Garganacl|Garganacl, L50, M|100\/100\n|switch|p1b: Ting-Lu|Ting-Lu, L50|100\/100\n|switch|p2a: Palafin|Palafin, L50, M|100\/100\n|switch|p2b: Amoonguss|Amoonguss, L50, M|100\/100\n|-ability|p1b: Ting-Lu|Vessel of Ruin\n|turn|1\n|\n|t:|1682451350\n|move|p2a: Palafin|Protect|p2a: Palafin\n|-singleturn|p2a: Palafin|Protect\n|move|p1b: Ting-Lu|Spikes|p2a: Palafin\n|-sidestart|p2: ultimatex888|Spikes\n|move|p1a: Garganacl|Stealth Rock|p2a: Palafin\n|-sidestart|p2: ultimatex888|move: Stealth Rock\n|move|p2b: Amoonguss|Spore|p1b: Ting-Lu\n|-activate|p1b: Ting-Lu|item: Safety Goggles|Spore\n|\n|upkeep\n|turn|2\n|\n|t:|1682451368\n|detailschange|p2a: Palafin|Palafin-Hero, L50, M\n|switch|p2a: Dragapult|Dragapult, L50, M|100\/100\n|-damage|p2a: Dragapult|88\/100|[from] Spikes\n|-damage|p2a: Dragapult|75\/100|[from] Stealth Rock\n|move|p2b: Amoonguss|Rage Powder|p2b: Amoonguss\n|-singleturn|p2b: Amoonguss|move: Rage Powder\n|move|p1b: Ting-Lu|Spikes|p2a: Dragapult\n|-sidestart|p2: ultimatex888|Spikes\n|move|p1a: Garganacl|Salt Cure|p2b: Amoonguss\n|-damage|p2b: Amoonguss|89\/100\n|-start|p2b: Amoonguss|Salt Cure\n|\n|-damage|p2b: Amoonguss|77\/100|[from] Salt Cure\n|upkeep\n|turn|3\n|\n|t:|1682451390\n|move|p2a: Dragapult|Dragon Darts|p1b: Ting-Lu\n|-damage|p1b: Ting-Lu|82\/100\n|-anim|p2a: Dragapult|Dragon Darts|p1a: Garganacl\n|-damage|p1a: Garganacl|72\/100\n|move|p1b: Ting-Lu|Ruination|p2b: Amoonguss\n|-damage|p2b: Amoonguss|39\/100\n|-enditem|p2b: Amoonguss|Sitrus Berry|[eat]\n|-heal|p2b: Amoonguss|64\/100|[from] item: Sitrus Berry\n|move|p1a: Garganacl|Salt Cure|p2a: Dragapult\n|-damage|p2a: Dragapult|56\/100\n|-start|p2a: Dragapult|Salt Cure\n|move|p2b: Amoonguss|Pollen Puff|p2a: Dragapult\n|-heal|p2a: Dragapult|100\/100\n|\n|-damage|p2a: Dragapult|88\/100|[from] Salt Cure\n|-damage|p2b: Amoonguss|51\/100|[from] Salt Cure\n|upkeep\n|turn|4\n|\n|t:|1682451410\n|move|p2b: Amoonguss|Rage Powder|p2b: Amoonguss\n|-singleturn|p2b: Amoonguss|move: Rage Powder\n|move|p2a: Dragapult|Dragon Darts|p1b: Ting-Lu\n|-damage|p1b: Ting-Lu|65\/100\n|-anim|p2a: Dragapult|Dragon Darts|p1a: Garganacl\n|-damage|p1a: Garganacl|45\/100\n|-enditem|p1a: Garganacl|Sitrus Berry|[eat]\n|-heal|p1a: Garganacl|69\/100|[from] item: Sitrus Berry\n|move|p1b: Ting-Lu|Spikes|p2b: Amoonguss\n|-sidestart|p2: ultimatex888|Spikes\n|move|p1a: Garganacl|Recover|p1a: Garganacl\n|-heal|p1a: Garganacl|100\/100\n|\n|-damage|p2a: Dragapult|75\/100|[from] Salt Cure\n|-damage|p2b: Amoonguss|39\/100|[from] Salt Cure\n|upkeep\n|turn|5\n|\n|t:|1682451429\n|switch|p2b: Chien-Pao|Chien-Pao, L50|100\/100\n|-damage|p2b: Chien-Pao|75\/100|[from] Spikes\n|-damage|p2b: Chien-Pao|50\/100|[from] Stealth Rock\n|-ability|p2b: Chien-Pao|Sword of Ruin\n|move|p2a: Dragapult|Dragon Darts|p1b: Ting-Lu\n|-damage|p1b: Ting-Lu|39\/100\n|-anim|p2a: Dragapult|Dragon Darts|p1a: Garganacl\n|-damage|p1a: Garganacl|67\/100\n|move|p1b: Ting-Lu|Heavy Slam|p2a: Dragapult\n|-damage|p2a: Dragapult|20\/100\n|move|p1a: Garganacl|Salt Cure|p2b: Chien-Pao\n|-supereffective|p2b: Chien-Pao\n|-damage|p2b: Chien-Pao|12\/100\n|-start|p2b: Chien-Pao|Salt Cure\n|\n|-damage|p2a: Dragapult|7\/100|[from] Salt Cure\n|-damage|p2b: Chien-Pao|0 fnt|[from] Salt Cure\n|faint|p2b: Chien-Pao\n|upkeep\n|\n|t:|1682451449\n|switch|p2b: Amoonguss|Amoonguss, L50, M|72\/100\n|-damage|p2b: Amoonguss|47\/100|[from] Spikes\n|-damage|p2b: Amoonguss|35\/100|[from] Stealth Rock\n|turn|6\n|\n|t:|1682451459\n|move|p2b: Amoonguss|Protect|p2b: Amoonguss\n|-singleturn|p2b: Amoonguss|Protect\n|move|p2a: Dragapult|Dragon Darts|p1b: Ting-Lu\n|-damage|p1b: Ting-Lu|22\/100\n|-anim|p2a: Dragapult|Dragon Darts|p1a: Garganacl\n|-damage|p1a: Garganacl|41\/100\n|move|p1b: Ting-Lu|Ruination|p2b: Amoonguss\n|-activate|p2b: Amoonguss|move: Protect\n|move|p1a: Garganacl|Salt Cure|p2b: Amoonguss\n|-activate|p2b: Amoonguss|move: Protect\n|\n|-damage|p2a: Dragapult|0 fnt|[from] Salt Cure\n|faint|p2a: Dragapult\n|upkeep\n|\n|t:|1682451469\n|switch|p2a: Palafin|Palafin-Hero, L50, M|100\/100\n|-damage|p2a: Palafin|75\/100|[from] Spikes\n|-damage|p2a: Palafin|63\/100|[from] Stealth Rock\n|-activate|p2a: Palafin|ability: Zero to Hero\n|turn|7\n|\n|t:|1682451493\n|-terastallize|p2a: Palafin|Water\n|move|p1a: Garganacl|Protect|p1a: Garganacl\n|-singleturn|p1a: Garganacl|Protect\n|move|p2a: Palafin|Jet Punch|p1a: Garganacl\n|-activate|p1a: Garganacl|move: Protect\n|move|p1b: Ting-Lu|Heavy Slam|p2b: Amoonguss\n|-damage|p2b: Amoonguss|10\/100\n|move|p2b: Amoonguss|Pollen Puff|p2a: Palafin\n|-heal|p2a: Palafin|100\/100\n|\n|upkeep\n|turn|8\n|\n|t:|1682451513\n|switch|p1a: Dragonite|Dragonite, L50, M|100\/100\n|move|p2b: Amoonguss|Protect|p2b: Amoonguss\n|-singleturn|p2b: Amoonguss|Protect\n|move|p2a: Palafin|Jet Punch|p1a: Dragonite\n|-resisted|p1a: Dragonite\n|-damage|p1a: Dragonite|84\/100\n|move|p1b: Ting-Lu|Ruination|p2a: Palafin\n|-damage|p2a: Palafin|50\/100\n|\n|upkeep\n|turn|9\n|\n|t:|1682451537\n|move|p1a: Dragonite|Extreme Speed|p2b: Amoonguss\n|-damage|p2b: Amoonguss|0 fnt\n|faint|p2b: Amoonguss\n|move|p2a: Palafin|Wave Crash|p1a: Dragonite\n|-resisted|p1a: Dragonite\n|-damage|p1a: Dragonite|28\/100\n|-damage|p2a: Palafin|33\/100|[from] Recoil\n|move|p1b: Ting-Lu|Ruination|p2a: Palafin|[miss]\n|-miss|p1b: Ting-Lu|p2a: Palafin\n|\n|upkeep\n|turn|10\n|\n|t:|1682451550\n|move|p1a: Dragonite|Extreme Speed|p2a: Palafin\n|-damage|p2a: Palafin|6\/100\n|move|p2a: Palafin|Jet Punch|p1a: Dragonite\n|-resisted|p1a: Dragonite\n|-damage|p1a: Dragonite|0 fnt\n|faint|p1a: Dragonite\n|move|p1b: Ting-Lu|Heavy Slam|p2a: Palafin\n|-resisted|p2a: Palafin\n|-damage|p2a: Palafin|0 fnt\n|faint|p2a: Palafin\n|\n|win|tukeydukey\n|raw|tukeydukey's rating: 1372 → 1389<\/strong> (+17 for winning)\n|raw|ultimatex888's rating: 1312 → 1295<\/strong> (-17 for losing)\n|l|\u2606ultimatex888\n","uploadtime":1682451561,"views":15,"p1id":"tukeydukey","p2id":"ultimatex888","formatid":"gen9vgc2023regulationc","rating":1295,"private":0,"password":""}