{"id":"gen9vgc2023regulationc-1844969325","p1":"efebos","p2":"TheLoanRanger","format":"[Gen 9] VGC 2023 Regulation C","log":"|j|\u2606efebos\n|j|\u2606TheLoanRanger\n|t:|1681669346\n|gametype|doubles\n|player|p1|efebos|nessa|\n|player|p2|TheLoanRanger|gardenia|\n|teamsize|p1|6\n|teamsize|p2|6\n|gen|9\n|tier|[Gen 9] VGC 2023 Regulation C\n|rated|Tournament battle\n|rule|Species Clause: Limit one of each Pok\u00e9mon\n|rule|Item Clause: Limit one of each item\n|clearpoke\n|poke|p1|Amoonguss, L50, F|\n|poke|p1|Pelipper, L50, F|\n|poke|p1|Palafin, L50, M|\n|poke|p1|Barraskewda, L50, M|\n|poke|p1|Chien-Pao, L50|\n|poke|p1|Gholdengo, L50|\n|poke|p2|Meowscarada, L50, F|\n|poke|p2|Kilowattrel, L50, M|\n|poke|p2|Flutter Mane, L50|\n|poke|p2|Arcanine, L50, M|\n|poke|p2|Glimmora, L50, M|\n|poke|p2|Palafin, L50, F|\n|teampreview|4\n|raw| Open Team Sheet for efebos<\/summary>Amoonguss @ Rocky Helmet Ability: Regenerator Level: 50 Tera Type: Fire - Rage Powder - Spore - Pollen Puff - Protect Pelipper @ Damp Rock Ability: Drizzle Level: 50 Tera Type: Flying - Hurricane - Quick Attack - Wide Guard - Helping Hand Palafin @ Mystic Water Ability: Zero to Hero Level: 50 Tera Type: Water - Jet Punch - Wave Crash - Ice Punch - Protect Barraskewda @ Focus Sash Ability: Swift Swim Level: 50 Tera Type: Electric - Liquidation - Close Combat - Tera Blast - Protect Chien-Pao @ Life Orb Ability: Sword of Ruin Level: 50 Tera Type: Ghost - Ice Spinner - Sacred Sword - Haze - Protect Gholdengo @ Choice Specs Ability: Good as Gold Level: 50 Tera Type: Steel - Make It Rain - Thunder - Shadow Ball - Trick <\/details><\/div> Open Team Sheet for TheLoanRanger<\/summary>Meowscarada @ Choice Band Ability: Protean Level: 50 Tera Type: Grass - Flower Trick - Knock Off - Sucker Punch - U-turn Kilowattrel @ Focus Sash Ability: Competitive Level: 50 Tera Type: Grass - Thunderbolt - Air Slash - Tailwind - Protect Flutter Mane @ Booster Energy Ability: Protosynthesis Level: 50 Tera Type: Fairy - Moonblast - Dazzling Gleam - Shadow Ball - Protect Arcanine @ Safety Goggles Ability: Intimidate Level: 50 Tera Type: Water - Flare Blitz - Close Combat - Will-O-Wisp - Protect Glimmora @ Assault Vest Ability: Toxic Debris Level: 50 Tera Type: Grass - Power Gem - Sludge Bomb - Earth Power - Energy Ball Palafin @ Mystic Water Ability: Zero to Hero Level: 50 Tera Type: Water - Jet Punch - Wave Crash - Haze - Protect <\/details><\/div>\n|j| Famyos\n|j| kiyonamivgc\n|j| Sadgirl23\n|\n|t:|1681669403\n|start\n|switch|p1a: Gholdengo|Gholdengo, L50|100\/100\n|switch|p1b: Palafin|Palafin, L50, M|100\/100\n|switch|p2a: Kilowattrel|Kilowattrel, L50, M|100\/100\n|switch|p2b: Arcanine|Arcanine, L50, M|100\/100\n|-ability|p2b: Arcanine|Intimidate|boost\n|-unboost|p1a: Gholdengo|atk|1\n|-unboost|p1b: Palafin|atk|1\n|turn|1\n|\n|t:|1681669440\n|detailschange|p1b: Palafin|Palafin-Hero, L50, M\n|switch|p1b: Pelipper|Pelipper, L50, F|100\/100\n|-weather|RainDance|[from] ability: Drizzle|[of] p1b: Pelipper\n|-terastallize|p2b: Arcanine|Water\n|move|p2a: Kilowattrel|Thunderbolt|p1a: Gholdengo\n|-damage|p1a: Gholdengo|54\/100\n|-status|p1a: Gholdengo|par\n|move|p2b: Arcanine|Flare Blitz|p1a: Gholdengo\n|-supereffective|p1a: Gholdengo\n|-damage|p1a: Gholdengo|11\/100 par\n|-damage|p2b: Arcanine|88\/100|[from] Recoil\n|move|p1a: Gholdengo|Thunder|p2a: Kilowattrel\n|-enditem|p2a: Kilowattrel|Focus Sash\n|-damage|p2a: Kilowattrel|1\/100\n|\n|-weather|RainDance|[upkeep]\n|upkeep\n|turn|2\n|\n|t:|1681669472\n|switch|p2a: Palafin|Palafin, L50, F|100\/100\n|move|p1b: Pelipper|Quick Attack|p2a: Palafin\n|-damage|p2a: Palafin|95\/100\n|move|p2b: Arcanine|Flare Blitz|p1a: Gholdengo\n|-supereffective|p1a: Gholdengo\n|-damage|p1a: Gholdengo|0 fnt\n|faint|p1a: Gholdengo\n|-damage|p2b: Arcanine|85\/100|[from] Recoil\n|\n|-weather|RainDance|[upkeep]\n|upkeep\n|\n|t:|1681669490\n|switch|p1a: Palafin|Palafin-Hero, L50, M|100\/100\n|-activate|p1a: Palafin|ability: Zero to Hero\n|turn|3\n|\n|t:|1681669551\n|detailschange|p2a: Palafin|Palafin-Hero, L50, F\n|switch|p2a: Kilowattrel|Kilowattrel, L50, M|1\/100\n|-terastallize|p1a: Palafin|Water\n|move|p1b: Pelipper|Helping Hand|p1a: Palafin\n|-singleturn|p1a: Palafin|Helping Hand|[of] p1b: Pelipper\n|move|p1a: Palafin|Wave Crash|p2b: Arcanine\n|-resisted|p2b: Arcanine\n|-damage|p2b: Arcanine|0 fnt\n|faint|p2b: Arcanine\n|-damage|p1a: Palafin|73\/100|[from] Recoil\n|\n|-weather|RainDance|[upkeep]\n|upkeep\n|\n|t:|1681669569\n|switch|p2b: Meowscarada|Meowscarada, L50, F|100\/100\n|turn|4\n|\n|t:|1681669613\n|switch|p2a: Palafin|Palafin-Hero, L50, F|95\/100\n|-activate|p2a: Palafin|ability: Zero to Hero\n|move|p1a: Palafin|Protect|p1a: Palafin\n|-singleturn|p1a: Palafin|Protect\n|move|p1b: Pelipper|Quick Attack|p2a: Palafin\n|-damage|p2a: Palafin|89\/100\n|move|p2b: Meowscarada|Knock Off|p1b: Pelipper\n|-start|p2b: Meowscarada|typechange|Dark|[from] ability: Protean\n|-damage|p1b: Pelipper|44\/100\n|-enditem|p1b: Pelipper|Damp Rock|[from] move: Knock Off|[of] p2b: Meowscarada\n|\n|-weather|RainDance|[upkeep]\n|upkeep\n|turn|5\n|\n|t:|1681669628\n|switch|p2b: Kilowattrel|Kilowattrel, L50, M|1\/100\n|move|p1a: Palafin|Jet Punch|p2b: Kilowattrel\n|-damage|p2b: Kilowattrel|0 fnt\n|faint|p2b: Kilowattrel\n|move|p1b: Pelipper|Quick Attack|p2a: Palafin\n|-damage|p2a: Palafin|84\/100\n|move|p2a: Palafin|Wave Crash|p1b: Pelipper\n|-resisted|p1b: Pelipper\n|-damage|p1b: Pelipper|0 fnt\n|faint|p1b: Pelipper\n|-damage|p2a: Palafin|71\/100|[from] Recoil\n|\n|-weather|RainDance|[upkeep]\n|upkeep\n|\n|t:|1681669632\n|switch|p2b: Meowscarada|Meowscarada, L50, F|100\/100\n|switch|p1b: Amoonguss|Amoonguss, L50, F|100\/100\n|turn|6\n|\n|t:|1681669659\n|move|p1a: Palafin|Protect|p1a: Palafin\n|-singleturn|p1a: Palafin|Protect\n|move|p2b: Meowscarada|Knock Off|p1b: Amoonguss\n|-start|p2b: Meowscarada|typechange|Dark|[from] ability: Protean\n|-damage|p1b: Amoonguss|53\/100\n|-damage|p2b: Meowscarada|84\/100|[from] item: Rocky Helmet|[of] p1b: Amoonguss\n|-enditem|p1b: Amoonguss|Rocky Helmet|[from] move: Knock Off|[of] p2b: Meowscarada\n|move|p2a: Palafin|Wave Crash|p1b: Amoonguss\n|-resisted|p1b: Amoonguss\n|-damage|p1b: Amoonguss|3\/100\n|-damage|p2a: Palafin|51\/100|[from] Recoil\n|move|p1b: Amoonguss|Pollen Puff|p2b: Meowscarada\n|-supereffective|p2b: Meowscarada\n|-damage|p2b: Meowscarada|21\/100\n|\n|-weather|RainDance|[upkeep]\n|upkeep\n|turn|7\n|j| FunneeMonkee\n|\n|t:|1681669680\n|move|p1b: Amoonguss|Rage Powder|p1b: Amoonguss\n|-singleturn|p1b: Amoonguss|move: Rage Powder\n|move|p2a: Palafin|Jet Punch|p1b: Amoonguss\n|-resisted|p1b: Amoonguss\n|-damage|p1b: Amoonguss|0 fnt\n|faint|p1b: Amoonguss\n|move|p1a: Palafin|Jet Punch|p2b: Meowscarada\n|-damage|p2b: Meowscarada|0 fnt\n|faint|p2b: Meowscarada\n|\n|-weather|RainDance|[upkeep]\n|upkeep\n|turn|8\n|l| Famyos\n|\n|t:|1681669689\n|move|p2a: Palafin|Protect|p2a: Palafin\n|-singleturn|p2a: Palafin|Protect\n|move|p1a: Palafin|Wave Crash|p2a: Palafin\n|-activate|p2a: Palafin|move: Protect\n|\n|-weather|none\n|upkeep\n|turn|9\n|\n|t:|1681669705\n|move|p2a: Palafin|Jet Punch|p1a: Palafin\n|-resisted|p1a: Palafin\n|-damage|p1a: Palafin|52\/100\n|move|p1a: Palafin|Wave Crash|p2a: Palafin\n|-resisted|p2a: Palafin\n|-damage|p2a: Palafin|0 fnt\n|faint|p2a: Palafin\n|-damage|p1a: Palafin|36\/100|[from] Recoil\n|\n|win|efebos\n|n|\u2606efebos|efebos\n|n|\u2606TheLoanRanger|theloanranger\n|n| kiyonamivgc|kiyonamivgc\n|n| Sadgirl23|sadgirl23\n|n| FunneeMonkee|funneemonkee\n","uploadtime":1681669706,"views":11,"p1id":"efebos","p2id":"theloanranger","formatid":"gen9vgc2023regulationc","rating":0,"private":0,"password":""}