{"id":"gen9vgc2023regulationc-1853462930","p1":"RangerCiano","p2":"ParadoxOfParadox","format":"[Gen 9] VGC 2023 Regulation C","log":"|j|\u2606RangerCiano\n|j|\u2606ParadoxOfParadox\n|t:|1682687716\n|gametype|doubles\n|player|p1|RangerCiano|169|1165\n|player|p2|ParadoxOfParadox|acetrainercouple|1136\n|teamsize|p1|6\n|teamsize|p2|6\n|gen|9\n|tier|[Gen 9] VGC 2023 Regulation C\n|rated|\n|rule|Species Clause: Limit one of each Pok\u00e9mon\n|rule|Item Clause: Limit one of each item\n|clearpoke\n|poke|p1|Roaring Moon, L50|\n|poke|p1|Tatsugiri, L50, M|\n|poke|p1|Tyranitar, L50, F|\n|poke|p1|Wo-Chien, L50|\n|poke|p1|Talonflame, L50, M|\n|poke|p1|Flutter Mane, L50|\n|poke|p2|Arcanine, L50, F|\n|poke|p2|Gyarados, L50, M|\n|poke|p2|Salamence, L50, M|\n|poke|p2|Krookodile, L50, F|\n|poke|p2|Luxray, L50, F|\n|poke|p2|Tauros-Paldea-Aqua, L50, M|\n|teampreview|4\nParadoxOfParadox rejected open team sheets.\n|inactive|Battle timer is ON: inactive players will automatically lose when time's up. (requested by ParadoxOfParadox)\n|inactive|RangerCiano has 60 seconds left.\n|\n|t:|1682687802\n|start\n|switch|p1a: Tyranitar|Tyranitar, L50, F|100\/100\n|switch|p1b: Flutter Mane|Flutter Mane, L50|100\/100\n|switch|p2a: Gyarados|Gyarados, L50, M|100\/100\n|switch|p2b: Luxray|Luxray, L50, F|100\/100\n|-ability|p2a: Gyarados|Intimidate|boost\n|-unboost|p1a: Tyranitar|atk|1\n|-unboost|p1b: Flutter Mane|atk|1\n|-weather|Sandstorm|[from] ability: Sand Stream|[of] p1a: Tyranitar\n|-ability|p2b: Luxray|Intimidate|boost\n|-unboost|p1a: Tyranitar|atk|1\n|-unboost|p1b: Flutter Mane|atk|1\n|turn|1\n|\n|t:|1682687826\n|switch|p1a: Wo-Chien|Wo-Chien, L50|100\/100\n|-ability|p1a: Wo-Chien|Tablets of Ruin\n|move|p2a: Gyarados|Protect|p2a: Gyarados\n|-singleturn|p2a: Gyarados|Protect\n|move|p1b: Flutter Mane|Dazzling Gleam|p2a: Gyarados|[spread] p2b\n|-activate|p2a: Gyarados|move: Protect\n|-damage|p2b: Luxray|57\/100\n|move|p2b: Luxray|Thunder Wave|p1b: Flutter Mane\n|-status|p1b: Flutter Mane|par\n|\n|-weather|Sandstorm|[upkeep]\n|-damage|p2a: Gyarados|95\/100|[from] Sandstorm\n|-damage|p1b: Flutter Mane|94\/100 par|[from] Sandstorm\n|-damage|p1a: Wo-Chien|95\/100|[from] Sandstorm\n|-damage|p2b: Luxray|51\/100|[from] Sandstorm\n|-heal|p1a: Wo-Chien|100\/100|[from] item: Leftovers\n|upkeep\n|turn|2\n|inactive|RangerCiano has 30 seconds left.\n|inactive|ParadoxOfParadox has 30 seconds left.\n|\n|t:|1682687861\n|-terastallize|p1b: Flutter Mane|Grass\n|move|p2a: Gyarados|Waterfall|p1b: Flutter Mane\n|-resisted|p1b: Flutter Mane\n|-damage|p1b: Flutter Mane|60\/100 par\n|cant|p1b: Flutter Mane|par\n|move|p1a: Wo-Chien|Leech Seed|p2a: Gyarados\n|-start|p2a: Gyarados|move: Leech Seed\n|move|p2b: Luxray|Thunder Wave|p1a: Wo-Chien\n|-status|p1a: Wo-Chien|par\n|\n|-weather|Sandstorm|[upkeep]\n|-damage|p2a: Gyarados|89\/100|[from] Sandstorm\n|-damage|p1b: Flutter Mane|54\/100 par|[from] Sandstorm\n|-damage|p2b: Luxray|45\/100|[from] Sandstorm\n|-damage|p1a: Wo-Chien|95\/100 par|[from] Sandstorm\n|-heal|p1a: Wo-Chien|100\/100 par|[from] item: Leftovers\n|-damage|p2a: Gyarados|76\/100|[from] Leech Seed|[of] p1a: Wo-Chien\n|upkeep\n|turn|3\n|\n|t:|1682687884\n|switch|p2a: Arcanine|Arcanine, L50, F|100\/100\n|-ability|p2a: Arcanine|Intimidate|boost\n|-unboost|p1a: Wo-Chien|atk|1\n|-unboost|p1b: Flutter Mane|atk|1\n|move|p1b: Flutter Mane|Dazzling Gleam|p2a: Arcanine|[spread] p2a,p2b\n|-resisted|p2a: Arcanine\n|-crit|p2a: Arcanine\n|-damage|p2a: Arcanine|70\/100\n|-damage|p2b: Luxray|6\/100\n|move|p2b: Luxray|Trailblaze|p1b: Flutter Mane\n|-resisted|p1b: Flutter Mane\n|-damage|p1b: Flutter Mane|43\/100 par\n|-boost|p2b: Luxray|spe|1\n|move|p1a: Wo-Chien|Leech Seed|p2b: Luxray\n|-start|p2b: Luxray|move: Leech Seed\n|\n|-weather|Sandstorm|[upkeep]\n|-damage|p2b: Luxray|0 fnt|[from] Sandstorm\n|-damage|p1b: Flutter Mane|37\/100 par|[from] Sandstorm\n|-damage|p1a: Wo-Chien|95\/100 par|[from] Sandstorm\n|faint|p2b: Luxray\n|-heal|p1a: Wo-Chien|100\/100 par|[from] item: Leftovers\n|upkeep\n|\n|t:|1682687896\n|switch|p2b: Tauros|Tauros-Paldea-Aqua, L50, M|100\/100\n|-ability|p2b: Tauros|Intimidate|boost\n|-unboost|p1a: Wo-Chien|atk|1\n|-unboost|p1b: Flutter Mane|atk|1\n|turn|4\n|\n|t:|1682687915\n|-end|p1b: Flutter Mane|Protosynthesis|[silent]\n|switch|p1b: Tatsugiri|Tatsugiri, L50, M|100\/100\n|-terastallize|p2b: Tauros|Fighting\n|move|p2b: Tauros|Close Combat|p1a: Wo-Chien\n|-supereffective|p1a: Wo-Chien\n|-damage|p1a: Wo-Chien|0 fnt\n|-unboost|p2b: Tauros|def|1\n|-unboost|p2b: Tauros|spd|1\n|faint|p1a: Wo-Chien\n|move|p2a: Arcanine|Flare Blitz|p1b: Tatsugiri\n|-resisted|p1b: Tatsugiri\n|-damage|p1b: Tatsugiri|86\/100\n|-damage|p2a: Arcanine|65\/100|[from] Recoil\n|\n|-weather|Sandstorm|[upkeep]\n|-damage|p2b: Tauros|94\/100|[from] Sandstorm\n|-damage|p1b: Tatsugiri|81\/100|[from] Sandstorm\n|upkeep\n|inactive|RangerCiano has 30 seconds left.\n|\n|t:|1682687946\n|switch|p1a: Flutter Mane|Flutter Mane, L50, tera:Grass|37\/100 par\n|turn|5\n|\n|t:|1682687960\n|switch|p2b: Gyarados|Gyarados, L50, M|76\/100\n|-ability|p2b: Gyarados|Intimidate|boost\n|-unboost|p1a: Flutter Mane|atk|1\n|-unboost|p1b: Tatsugiri|atk|1\n|move|p2a: Arcanine|Protect|p2a: Arcanine\n|-singleturn|p2a: Arcanine|Protect\n|move|p1b: Tatsugiri|Muddy Water|p2a: Arcanine|[spread] \n|-activate|p2a: Arcanine|move: Protect\n|-miss|p1b: Tatsugiri|p2b: Gyarados\n|move|p1a: Flutter Mane|Dazzling Gleam|p2b: Gyarados|[spread] p2b\n|-activate|p2a: Arcanine|move: Protect\n|-damage|p2b: Gyarados|32\/100\n|\n|-weather|none\n|upkeep\n|turn|6\n|\n|t:|1682687982\n|move|p2b: Gyarados|Protect|p2b: Gyarados\n|-singleturn|p2b: Gyarados|Protect\n|move|p2a: Arcanine|Extreme Speed|p1a: Flutter Mane\n|-damage|p1a: Flutter Mane|0 fnt\n|faint|p1a: Flutter Mane\n|-end|p1a: Flutter Mane|Protosynthesis|[silent]\n|move|p1b: Tatsugiri|Muddy Water|p2a: Arcanine|[spread] \n|-activate|p2b: Gyarados|move: Protect\n|-miss|p1b: Tatsugiri|p2a: Arcanine\n|\n|upkeep\n|\n|t:|1682687992\n|switch|p1a: Tyranitar|Tyranitar, L50, F|100\/100\n|-weather|Sandstorm|[from] ability: Sand Stream|[of] p1a: Tyranitar\n|turn|7\n|\n|t:|1682688006\n|move|p2a: Arcanine|Protect|p2a: Arcanine\n|-singleturn|p2a: Arcanine|Protect\n|move|p2b: Gyarados|Earthquake|p1a: Tyranitar|[spread] p1a,p1b\n|-activate|p2a: Arcanine|move: Protect\n|-supereffective|p1a: Tyranitar\n|-damage|p1a: Tyranitar|59\/100\n|-damage|p1b: Tatsugiri|52\/100\n|move|p1b: Tatsugiri|Muddy Water|p2b: Gyarados|[spread] p2b\n|-activate|p2a: Arcanine|move: Protect\n|-resisted|p2b: Gyarados\n|-damage|p2b: Gyarados|18\/100\n|move|p1a: Tyranitar|Rock Slide|p2b: Gyarados|[spread] p2b\n|-activate|p2a: Arcanine|move: Protect\n|-supereffective|p2b: Gyarados\n|-damage|p2b: Gyarados|0 fnt\n|faint|p2b: Gyarados\n|\n|-weather|Sandstorm|[upkeep]\n|-damage|p1b: Tatsugiri|46\/100|[from] Sandstorm\n|-enditem|p1b: Tatsugiri|Sitrus Berry|[eat]\n|-heal|p1b: Tatsugiri|71\/100|[from] item: Sitrus Berry\n|upkeep\n|\n|t:|1682688012\n|switch|p2b: Tauros|Tauros-Paldea-Aqua, L50, M, tera:Fighting|94\/100\n|-ability|p2b: Tauros|Intimidate|boost\n|-unboost|p1a: Tyranitar|atk|1\n|-unboost|p1b: Tatsugiri|atk|1\n|turn|8\n|inactive|RangerCiano has 30 seconds left.\n|\n|t:|1682688037\n|move|p2a: Arcanine|Extreme Speed|p1b: Tatsugiri\n|-damage|p1b: Tatsugiri|44\/100\n|move|p2b: Tauros|Close Combat|p1a: Tyranitar\n|-supereffective|p1a: Tyranitar\n|-damage|p1a: Tyranitar|0 fnt\n|-unboost|p2b: Tauros|def|1\n|-unboost|p2b: Tauros|spd|1\n|faint|p1a: Tyranitar\n|move|p1b: Tatsugiri|Muddy Water|p2a: Arcanine|[spread] p2a,p2b\n|-supereffective|p2a: Arcanine\n|-damage|p2a: Arcanine|7\/100\n|-damage|p2b: Tauros|18\/100\n|-unboost|p2a: Arcanine|accuracy|1\n|\n|-weather|Sandstorm|[upkeep]\n|-damage|p2b: Tauros|12\/100|[from] Sandstorm\n|-damage|p1b: Tatsugiri|38\/100|[from] Sandstorm\n|upkeep\n|turn|9\n|\n|t:|1682688054\n|move|p2a: Arcanine|Extreme Speed|p1b: Tatsugiri|[miss]\n|-miss|p2a: Arcanine|p1b: Tatsugiri\n|move|p2b: Tauros|Close Combat|p1b: Tatsugiri\n|-damage|p1b: Tatsugiri|0 fnt\n|-unboost|p2b: Tauros|def|1\n|-unboost|p2b: Tauros|spd|1\n|faint|p1b: Tatsugiri\n|\n|win|ParadoxOfParadox\n|raw|RangerCiano's rating: 1165 → 1138<\/strong> (-27 for losing)\n|raw|ParadoxOfParadox's rating: 1136 → 1163<\/strong> (+27 for winning)\n","uploadtime":1682688061,"views":14,"p1id":"rangerciano","p2id":"paradoxofparadox","formatid":"gen9vgc2023regulationc","rating":1138,"private":0,"password":""}