{"id":"gen9vgc2023regulationc-1859178804","p1":"TrendanBrendan","p2":"grad_and_sad","format":"[Gen 9] VGC 2023 Regulation C","log":"|j|\u2606TrendanBrendan\n|j|\u2606grad_and_sad\n|t:|1683414213\n|gametype|doubles\n|player|p1|TrendanBrendan|101|1150\n|player|p2|grad_and_sad|265|1037\n|teamsize|p1|6\n|teamsize|p2|6\n|gen|9\n|tier|[Gen 9] VGC 2023 Regulation C\n|rated|\n|rule|Species Clause: Limit one of each Pok\u00e9mon\n|rule|Item Clause: Limit one of each item\n|clearpoke\n|poke|p1|Corviknight, L50, F|\n|poke|p1|Amoonguss, L50, F|\n|poke|p1|Arcanine, L50, M|\n|poke|p1|Palafin, L50, F|\n|poke|p1|Flutter Mane, L50|\n|poke|p1|Ting-Lu, L50|\n|poke|p2|Wo-Chien, L50|\n|poke|p2|Iron Bundle, L50|\n|poke|p2|Ting-Lu, L50|\n|poke|p2|Volcarona, L50, F|\n|poke|p2|Garganacl, L50, F|\n|poke|p2|Annihilape, L50, M|\n|teampreview|4\nTrendanBrendan has agreed to open team sheets.\n|inactive|Battle timer is ON: inactive players will automatically lose when time's up. (requested by grad_and_sad)\n|\n|t:|1683414261\n|start\n|switch|p1a: Brieze|Palafin, L50, F, shiny|100\/100\n|switch|p1b: Wispa|Flutter Mane, L50|100\/100\n|switch|p2a: Garganacl|Garganacl, L50, F|100\/100\n|switch|p2b: Iron Bundle|Iron Bundle, L50|100\/100\n|turn|1\n|inactive|TrendanBrendan has 30 seconds left.\n|inactive|grad_and_sad has 30 seconds left.\n|\n|t:|1683414298\n|-terastallize|p1a: Brieze|Water\n|-terastallize|p2a: Garganacl|Ghost\n|move|p2b: Iron Bundle|Freeze-Dry|p1a: Brieze\n|-supereffective|p1a: Brieze\n|-damage|p1a: Brieze|19\/100\n|move|p1b: Wispa|Moonblast|p2a: Garganacl\n|-damage|p2a: Garganacl|46\/100\n|move|p1a: Brieze|Wave Crash|p2a: Garganacl\n|-damage|p2a: Garganacl|1\/100\n|-damage|p1a: Brieze|3\/100|[from] Recoil\n|move|p2a: Garganacl|Salt Cure|p1b: Wispa\n|-damage|p1b: Wispa|79\/100\n|-start|p1b: Wispa|Salt Cure\n|\n|-damage|p1b: Wispa|67\/100|[from] Salt Cure\n|upkeep\n|turn|2\n|\n|t:|1683414320\n|move|p2a: Garganacl|Protect|p2a: Garganacl\n|-singleturn|p2a: Garganacl|Protect\n|move|p1a: Brieze|Jet Punch|p2a: Garganacl\n|-activate|p2a: Garganacl|move: Protect\n|move|p2b: Iron Bundle|Icy Wind|p1b: Wispa|[spread] p1a,p1b\n|-resisted|p1a: Brieze\n|-damage|p1a: Brieze|0 fnt\n|-damage|p1b: Wispa|48\/100\n|-unboost|p1b: Wispa|spe|1\n|faint|p1a: Brieze\n|move|p1b: Wispa|Moonblast|p2b: Iron Bundle\n|-enditem|p2b: Iron Bundle|Focus Sash\n|-damage|p2b: Iron Bundle|1\/100\n|-unboost|p2b: Iron Bundle|spa|1\n|\n|-damage|p1b: Wispa|36\/100|[from] Salt Cure\n|upkeep\n|\n|t:|1683414338\n|switch|p1a: Corviknight|Corviknight, L50, F, shiny|100\/100\n|turn|3\n|\n|t:|1683414356\n|-end|p1b: Wispa|Protosynthesis|[silent]\n|switch|p1b: Gillie|Amoonguss, L50, F|100\/100\n|move|p2b: Iron Bundle|Icy Wind|p1b: Gillie|[spread] p1a,p1b\n|-supereffective|p1b: Gillie\n|-damage|p1a: Corviknight|88\/100\n|-damage|p1b: Gillie|79\/100\n|-ability|p1a: Corviknight|Mirror Armor\n|-unboost|p2b: Iron Bundle|spe|1\n|-unboost|p1b: Gillie|spe|1\n|move|p1a: Corviknight|Iron Head|p2a: Garganacl\n|-damage|p2a: Garganacl|0 fnt\n|faint|p2a: Garganacl\n|\n|upkeep\n|\n|t:|1683414373\n|switch|p2a: Ting-Lu|Ting-Lu, L50|100\/100\n|-ability|p2a: Ting-Lu|Vessel of Ruin\n|turn|4\n|\n|t:|1683414396\n|move|p2b: Iron Bundle|Hydro Pump|p1a: Corviknight\n|-damage|p1a: Corviknight|61\/100\n|move|p1a: Corviknight|Bulk Up|p1a: Corviknight\n|-boost|p1a: Corviknight|atk|1\n|-boost|p1a: Corviknight|def|1\n|move|p2a: Ting-Lu|Ruination|p1a: Corviknight\n|-damage|p1a: Corviknight|31\/100\n|move|p1b: Gillie|Spore|p2a: Ting-Lu\n|-status|p2a: Ting-Lu|slp|[from] move: Spore\n|\n|upkeep\n|turn|5\n|inactive|grad_and_sad has 30 seconds left.\n|\n|t:|1683414426\n|move|p2b: Iron Bundle|Freeze-Dry|p1a: Corviknight\n|-crit|p1a: Corviknight\n|-damage|p1a: Corviknight|0 fnt\n|faint|p1a: Corviknight\n|cant|p2a: Ting-Lu|slp\n|move|p1b: Gillie|Pollen Puff|p1: Corviknight|[notarget]\n|-fail|p1b: Gillie\n|\n|upkeep\n|\n|t:|1683414429\n|switch|p1a: Wispa|Flutter Mane, L50|36\/100\n|turn|6\n|\n|t:|1683414444\n|move|p1a: Wispa|Moonblast|p2a: Ting-Lu\n|-supereffective|p2a: Ting-Lu\n|-damage|p2a: Ting-Lu|48\/100 slp\n|-unboost|p2a: Ting-Lu|spa|1\n|move|p2b: Iron Bundle|Icy Wind|p1b: Gillie|[spread] p1a,p1b\n|-supereffective|p1b: Gillie\n|-damage|p1a: Wispa|27\/100\n|-damage|p1b: Gillie|64\/100\n|-unboost|p1a: Wispa|spe|1\n|-unboost|p1b: Gillie|spe|1\n|cant|p2a: Ting-Lu|slp\n|move|p1b: Gillie|Pollen Puff|p1a: Wispa\n|-heal|p1a: Wispa|77\/100\n|\n|upkeep\n|turn|7\n|inactive|grad_and_sad has 30 seconds left.\n|\n|t:|1683414471\n|move|p2b: Iron Bundle|Hydro Pump|p1a: Wispa\n|-damage|p1a: Wispa|53\/100\n|move|p1a: Wispa|Moonblast|p2a: Ting-Lu\n|-supereffective|p2a: Ting-Lu\n|-damage|p2a: Ting-Lu|0 fnt\n|faint|p2a: Ting-Lu\n|move|p1b: Gillie|Pollen Puff|p2b: Iron Bundle\n|-damage|p2b: Iron Bundle|0 fnt\n|faint|p2b: Iron Bundle\n|-end|p2b: Iron Bundle|Quark Drive|[silent]\n|\n|upkeep\n|\n|t:|1683414486\n|switch|p2a: Annihilape|Annihilape, L50, M|100\/100\n|turn|8\n|\n|t:|1683414500\n|move|p1b: Gillie|Rage Powder|p1b: Gillie\n|-singleturn|p1b: Gillie|move: Rage Powder\n|move|p1a: Wispa|Moonblast|p2a: Annihilape\n|-supereffective|p2a: Annihilape\n|-damage|p2a: Annihilape|0 fnt\n|faint|p2a: Annihilape\n|\n|win|TrendanBrendan\n|raw|TrendanBrendan's rating: 1150 → 1167<\/strong> (+17 for winning)\n|raw|grad_and_sad's rating: 1037 → 1026<\/strong> (-11 for losing)\n|c|\u2606TrendanBrendan|ggwp\n|l|\u2606grad_and_sad\n","uploadtime":1683414510,"views":11,"p1id":"trendanbrendan","p2id":"gradandsad","formatid":"gen9vgc2023regulationc","rating":1026,"private":0,"password":""}