{"id":"gen9vgc2023regulationc-1851268564","p1":"gorilnx","p2":"NirosVess","format":"[Gen 9] VGC 2023 Regulation C","log":"|j|\u2606gorilnx\n|j|\u2606NirosVess\n|t:|1682431189\n|gametype|doubles\n|player|p1|gorilnx|dawn-gen4pt|1136\n|player|p2|NirosVess|169|1034\n|teamsize|p1|6\n|teamsize|p2|6\n|gen|9\n|tier|[Gen 9] VGC 2023 Regulation C\n|rated|\n|rule|Species Clause: Limit one of each Pok\u00e9mon\n|rule|Item Clause: Limit one of each item\n|clearpoke\n|poke|p1|Palafin, L50, M|\n|poke|p1|Amoonguss, L50, M|\n|poke|p1|Flutter Mane, L50|\n|poke|p1|Arcanine, L50, M|\n|poke|p1|Ting-Lu, L50|\n|poke|p1|Baxcalibur, L50, M|\n|poke|p2|Ting-Lu, L50|\n|poke|p2|Arcanine, L50, F|\n|poke|p2|Amoonguss, L50, F|\n|poke|p2|Garganacl, L50, F|\n|poke|p2|Gyarados, L50, M|\n|poke|p2|Annihilape, L50, F|\n|teampreview|4\n|inactive|Battle timer is ON: inactive players will automatically lose when time's up. (requested by gorilnx)\n|\n|t:|1682431214\n|start\n|switch|p1a: Palafin|Palafin, L50, M|100\/100\n|switch|p1b: Amoonguss|Amoonguss, L50, M|100\/100\n|switch|p2a: Ting-Lu|Ting-Lu, L50|100\/100\n|switch|p2b: Annihilape|Annihilape, L50, F|100\/100\n|-ability|p2a: Ting-Lu|Vessel of Ruin\n|turn|1\n|inactive|NirosVess has 30 seconds left.\n|\n|t:|1682431243\n|detailschange|p1a: Palafin|Palafin-Hero, L50, M\n|switch|p1a: Arcanine|Arcanine, L50, M|100\/100\n|-ability|p1a: Arcanine|Intimidate|boost\n|-unboost|p2a: Ting-Lu|atk|1\n|-unboost|p2b: Annihilape|atk|1\n|-ability|p2b: Annihilape|Defiant|boost\n|-boost|p2b: Annihilape|atk|2\n|move|p2b: Annihilape|Bulk Up|p2b: Annihilape\n|-boost|p2b: Annihilape|atk|1\n|-boost|p2b: Annihilape|def|1\n|move|p2a: Ting-Lu|Ruination|p1b: Amoonguss\n|-damage|p1b: Amoonguss|51\/100\n|move|p1b: Amoonguss|Spore|p2b: Annihilape\n|-status|p2b: Annihilape|slp|[from] move: Spore\n|\n|upkeep\n|turn|2\n|inactive|NirosVess has 30 seconds left.\n|\n|t:|1682431274\n|switch|p2a: Gyarados|Gyarados, L50, M|100\/100\n|move|p1b: Amoonguss|Rage Powder|p1b: Amoonguss\n|-singleturn|p1b: Amoonguss|move: Rage Powder\n|move|p1a: Arcanine|Will-O-Wisp|p2a: Gyarados\n|-status|p2a: Gyarados|brn\n|cant|p2b: Annihilape|slp\n|\n|-damage|p2a: Gyarados|95\/100 brn|[from] brn\n|upkeep\n|turn|3\n|inactive|NirosVess has 30 seconds left.\n|\n|t:|1682431299\n|move|p1b: Amoonguss|Rage Powder|p1b: Amoonguss\n|-singleturn|p1b: Amoonguss|move: Rage Powder\n|move|p2a: Gyarados|Waterfall|p1b: Amoonguss\n|-resisted|p1b: Amoonguss\n|-damage|p1b: Amoonguss|43\/100\n|-enditem|p1b: Amoonguss|Sitrus Berry|[eat]\n|-heal|p1b: Amoonguss|67\/100|[from] item: Sitrus Berry\n|move|p1a: Arcanine|Flare Blitz|p2b: Annihilape\n|-crit|p2b: Annihilape\n|-damage|p2b: Annihilape|16\/100 slp\n|-damage|p1a: Arcanine|70\/100|[from] Recoil\n|-curestatus|p2b: Annihilape|slp|[msg]\n|move|p2b: Annihilape|Drain Punch|p1b: Amoonguss\n|-resisted|p1b: Amoonguss\n|-damage|p1b: Amoonguss|42\/100\n|-heal|p2b: Annihilape|29\/100|[from] drain|[of] p1b: Amoonguss\n|\n|-heal|p2b: Annihilape|35\/100|[from] item: Leftovers\n|-damage|p2a: Gyarados|89\/100 brn|[from] brn\n|upkeep\n|turn|4\n|inactive|NirosVess has 30 seconds left.\n|inactive|NirosVess has 20 seconds left.\n|inactive|NirosVess has 15 seconds left.\n|inactive|NirosVess has 10 seconds left.\n|\n|t:|1682431345\n|switch|p2b: Amoonguss|Amoonguss, L50, F|100\/100\n|move|p1b: Amoonguss|Rage Powder|p1b: Amoonguss\n|-singleturn|p1b: Amoonguss|move: Rage Powder\n|move|p2a: Gyarados|Dragon Dance|p2a: Gyarados\n|-boost|p2a: Gyarados|atk|1\n|-boost|p2a: Gyarados|spe|1\n|move|p1a: Arcanine|Flare Blitz|p2b: Amoonguss\n|-supereffective|p2b: Amoonguss\n|-damage|p2b: Amoonguss|10\/100\n|-status|p2b: Amoonguss|brn\n|-damage|p1a: Arcanine|36\/100|[from] Recoil\n|\n|-damage|p2a: Gyarados|83\/100 brn|[from] brn\n|-damage|p2b: Amoonguss|4\/100 brn|[from] brn\n|upkeep\n|turn|5\n|inactive|gorilnx has 30 seconds left.\n|\n|t:|1682431371\n|move|p1a: Arcanine|Extreme Speed|p2a: Gyarados\n|-damage|p2a: Gyarados|51\/100 brn\n|move|p2b: Amoonguss|Rage Powder|p2b: Amoonguss\n|-singleturn|p2b: Amoonguss|move: Rage Powder\n|move|p2a: Gyarados|Waterfall|p1a: Arcanine\n|-supereffective|p1a: Arcanine\n|-damage|p1a: Arcanine|0 fnt\n|faint|p1a: Arcanine\n|-ability|p2a: Gyarados|Moxie|boost\n|-boost|p2a: Gyarados|atk|1\n|move|p1b: Amoonguss|Pollen Puff|p1: Arcanine|[notarget]\n|-fail|p1b: Amoonguss\n|\n|-damage|p2a: Gyarados|46\/100 brn|[from] brn\n|-damage|p2b: Amoonguss|0 fnt|[from] brn\n|faint|p2b: Amoonguss\n|upkeep\n|\n|t:|1682431392\n|switch|p1a: Flutter Mane|Flutter Mane, L50|100\/100\n|switch|p2b: Ting-Lu|Ting-Lu, L50|100\/100\n|-ability|p2b: Ting-Lu|Vessel of Ruin\n|-enditem|p1a: Flutter Mane|Booster Energy\n|-activate|p1a: Flutter Mane|ability: Protosynthesis|[fromitem]\n|-start|p1a: Flutter Mane|protosynthesisspe\n|turn|6\n|inactive|gorilnx has 30 seconds left.\n|inactive|NirosVess has 30 seconds left.\n|\n|t:|1682431420\n|move|p1b: Amoonguss|Rage Powder|p1b: Amoonguss\n|-singleturn|p1b: Amoonguss|move: Rage Powder\n|move|p1a: Flutter Mane|Moonblast|p2a: Gyarados\n|-damage|p2a: Gyarados|3\/100 brn\n|move|p2a: Gyarados|Iron Head|p1b: Amoonguss\n|-damage|p1b: Amoonguss|20\/100\n|move|p2b: Ting-Lu|Heavy Slam|p1b: Amoonguss\n|-damage|p1b: Amoonguss|0 fnt\n|faint|p1b: Amoonguss\n|\n|-damage|p2a: Gyarados|0 fnt|[from] brn\n|faint|p2a: Gyarados\n|upkeep\n|\n|t:|1682431432\n|switch|p2a: Annihilape|Annihilape, L50, F|35\/100\n|switch|p1b: Palafin|Palafin-Hero, L50, M|100\/100\n|-activate|p1b: Palafin|ability: Zero to Hero\n|turn|7\n|inactive|NirosVess has 30 seconds left.\n|\n|t:|1682431462\n|-terastallize|p1a: Flutter Mane|Fairy\n|-terastallize|p2b: Ting-Lu|Poison\n|move|p1a: Flutter Mane|Shadow Ball|p2a: Annihilape\n|-supereffective|p2a: Annihilape\n|-damage|p2a: Annihilape|0 fnt\n|faint|p2a: Annihilape\n|move|p1b: Palafin|Wave Crash|p2b: Ting-Lu\n|-damage|p2b: Ting-Lu|50\/100\n|-damage|p1b: Palafin|79\/100|[from] Recoil\n|move|p2b: Ting-Lu|Heavy Slam|p1a: Flutter Mane\n|-supereffective|p1a: Flutter Mane\n|-damage|p1a: Flutter Mane|0 fnt\n|faint|p1a: Flutter Mane\n|-end|p1a: Flutter Mane|Protosynthesis|[silent]\n|\n|upkeep\n|turn|8\n|inactive|NirosVess has 30 seconds left.\n|\n|t:|1682431491\n|move|p1b: Palafin|Wave Crash|p2b: Ting-Lu\n|-damage|p2b: Ting-Lu|0 fnt\n|faint|p2b: Ting-Lu\n|-damage|p1b: Palafin|58\/100|[from] Recoil\n|\n|win|gorilnx\n|raw|gorilnx's rating: 1136 → 1154<\/strong> (+18 for winning)\n|raw|NirosVess's rating: 1034 → 1023<\/strong> (-11 for losing)\n|l|\u2606NirosVess\n","uploadtime":1682431499,"views":11,"p1id":"gorilnx","p2id":"nirosvess","formatid":"gen9vgc2023regulationc","rating":1023,"private":0,"password":""}