{"id":"gen9vgc2023regulationc-1844826299","p1":"CaliberChamp","p2":"valintino","format":"[Gen 9] VGC 2023 Regulation C","log":"|j|\u2606CaliberChamp\n|j|\u2606valintino\n|t:|1681653308\n|gametype|doubles\n|player|p1|CaliberChamp|red-masters|1293\n|player|p2|valintino|265|1319\n|teamsize|p1|6\n|teamsize|p2|6\n|gen|9\n|tier|[Gen 9] VGC 2023 Regulation C\n|rated|\n|rule|Species Clause: Limit one of each Pok\u00e9mon\n|rule|Item Clause: Limit one of each item\n|clearpoke\n|poke|p1|Quaquaval, L50, F|\n|poke|p1|Cyclizar, L50, M|\n|poke|p1|Armarouge, L50, M|\n|poke|p1|Ceruledge, L50, F|\n|poke|p1|Iron Bundle, L50|\n|poke|p1|Iron Valiant, L50|\n|poke|p2|Gothitelle, L50, M|\n|poke|p2|Scream Tail, L50|\n|poke|p2|Armarouge, L50, F|\n|poke|p2|Sableye, L50, F|\n|poke|p2|Indeedee-F, L50, F|\n|poke|p2|Ceruledge, L50, F|\n|teampreview|4\n|\n|t:|1681653363\n|start\n|switch|p1a: Armarouge|Armarouge, L50, M|100\/100\n|switch|p1b: Ceruledge|Ceruledge, L50, F|100\/100\n|switch|p2a: Ceruledge|Ceruledge, L50, F|100\/100\n|switch|p2b: Sableye|Sableye, L50, F|100\/100\n|turn|1\n|inactive|Battle timer is ON: inactive players will automatically lose when time's up. (requested by CaliberChamp)\n|l|\u2606valintino\n|inactive|valintino disconnected and has a minute to reconnect!\n|player|p2|\n|j|\u2606valintino\n|inactive|valintino reconnected and has 80 seconds left.\n|player|p2|valintino|265\n|inactive|CaliberChamp has 60 seconds left.\n|\n|t:|1681653402\n|move|p2a: Ceruledge|Protect|p2a: Ceruledge\n|-singleturn|p2a: Ceruledge|Protect\n|move|p2b: Sableye|Reflect|p2b: Sableye\n|-sidestart|p2: valintino|Reflect\n|move|p1b: Ceruledge|Bitter Blade|p2b: Sableye\n|-damage|p2b: Sableye|49\/100\n|move|p1a: Armarouge|Lava Plume|p2b: Sableye|[spread] p2b\n|-activate|p2a: Ceruledge|move: Protect\n|-start|p1b: Ceruledge|ability: Flash Fire\n|-crit|p2b: Sableye\n|-damage|p2b: Sableye|6\/100\n|\n|upkeep\n|turn|2\n|inactive|valintino has 30 seconds left.\n|\n|t:|1681653433\n|move|p1a: Armarouge|Helping Hand|p1b: Ceruledge\n|-singleturn|p1b: Ceruledge|Helping Hand|[of] p1a: Armarouge\n|move|p1b: Ceruledge|Shadow Sneak|p2b: Sableye\n|-damage|p2b: Sableye|0 fnt\n|faint|p2b: Sableye\n|move|p2a: Ceruledge|Bulk Up|p2a: Ceruledge\n|-boost|p2a: Ceruledge|atk|1\n|-boost|p2a: Ceruledge|def|1\n|\n|upkeep\n|\n|t:|1681653442\n|switch|p2b: Indeedee|Indeedee-F, L50, F|100\/100\n|-fieldstart|move: Psychic Terrain|[from] ability: Psychic Surge|[of] p2b: Indeedee\n|turn|3\n|\n|t:|1681653463\n|move|p1a: Armarouge|Helping Hand|p1b: Ceruledge\n|-singleturn|p1b: Ceruledge|Helping Hand|[of] p1a: Armarouge\n|move|p2b: Indeedee|Follow Me|p2b: Indeedee\n|-singleturn|p2b: Indeedee|move: Follow Me\n|move|p2a: Ceruledge|Bulk Up|p2a: Ceruledge\n|-boost|p2a: Ceruledge|atk|1\n|-boost|p2a: Ceruledge|def|1\n|move|p1b: Ceruledge|Bitter Blade|p2b: Indeedee\n|-damage|p2b: Indeedee|25\/100\n|\n|upkeep\n|turn|4\n|inactive|valintino has 30 seconds left.\n|\n|t:|1681653495\n|switch|p2b: Armarouge|Armarouge, L50, F|100\/100\n|move|p1a: Armarouge|Helping Hand|p1b: Ceruledge\n|-singleturn|p1b: Ceruledge|Helping Hand|[of] p1a: Armarouge\n|move|p2a: Ceruledge|Bulk Up|p2a: Ceruledge\n|-boost|p2a: Ceruledge|atk|1\n|-boost|p2a: Ceruledge|def|1\n|move|p1b: Ceruledge|Bitter Blade|p2b: Armarouge\n|-start|p2b: Armarouge|ability: Flash Fire\n|\n|upkeep\n|turn|5\n|\n|t:|1681653519\n|-terastallize|p1b: Ceruledge|Grass\n|move|p1a: Armarouge|Wide Guard|p1a: Armarouge\n|-singleturn|p1a: Armarouge|Wide Guard\n|move|p2a: Ceruledge|Bulk Up|p2a: Ceruledge\n|-boost|p2a: Ceruledge|atk|1\n|-boost|p2a: Ceruledge|def|1\n|move|p1b: Ceruledge|Bulk Up|p1b: Ceruledge\n|-boost|p1b: Ceruledge|atk|1\n|-boost|p1b: Ceruledge|def|1\n|move|p2b: Armarouge|Trick Room|p2b: Armarouge\n|-fieldstart|move: Trick Room|[of] p2b: Armarouge\n|\n|upkeep\n|turn|6\n|inactive|valintino has 30 seconds left.\n|inactive|valintino has 20 seconds left.\n|\n|t:|1681653555\n|move|p1a: Armarouge|Wide Guard|p1a: Armarouge\n|-singleturn|p1a: Armarouge|Wide Guard\n|move|p2b: Armarouge|Expanding Force|p1a: Armarouge|[spread] \n|-activate|p1a: Armarouge|move: Wide Guard\n|-activate|p1b: Ceruledge|move: Wide Guard\n|move|p1b: Ceruledge|Bulk Up|p1b: Ceruledge\n|-boost|p1b: Ceruledge|atk|1\n|-boost|p1b: Ceruledge|def|1\n|move|p2a: Ceruledge|Bulk Up|p2a: Ceruledge\n|-boost|p2a: Ceruledge|atk|1\n|-boost|p2a: Ceruledge|def|1\n|\n|upkeep\n|turn|7\n|\n|t:|1681653574\n|move|p1a: Armarouge|Wide Guard|p1a: Armarouge\n|-singleturn|p1a: Armarouge|Wide Guard\n|move|p2b: Armarouge|Expanding Force|p1a: Armarouge|[spread] \n|-activate|p1a: Armarouge|move: Wide Guard\n|-activate|p1b: Ceruledge|move: Wide Guard\n|move|p1b: Ceruledge|Bulk Up|p1b: Ceruledge\n|-boost|p1b: Ceruledge|atk|1\n|-boost|p1b: Ceruledge|def|1\n|move|p2a: Ceruledge|Bulk Up|p2a: Ceruledge\n|-boost|p2a: Ceruledge|atk|1\n|-boost|p2a: Ceruledge|def|1\n|\n|-fieldend|move: Psychic Terrain\n|upkeep\n|turn|8\n|inactive|CaliberChamp has 30 seconds left.\n|inactive|valintino has 30 seconds left.\n|inactive|CaliberChamp has 20 seconds left.\n|inactive|CaliberChamp has 15 seconds left.\n|inactive|valintino has 20 seconds left.\n|\n|t:|1681653616\n|-terastallize|p2a: Ceruledge|Steel\n|move|p1a: Armarouge|Helping Hand|p1b: Ceruledge\n|-singleturn|p1b: Ceruledge|Helping Hand|[of] p1a: Armarouge\n|move|p2b: Armarouge|Protect|p2b: Armarouge\n|-singleturn|p2b: Armarouge|Protect\n|move|p1b: Ceruledge|Shadow Sneak|p2b: Armarouge\n|-activate|p2b: Armarouge|move: Protect\n|move|p2a: Ceruledge|Shadow Sneak|p1a: Armarouge\n|-supereffective|p1a: Armarouge\n|-damage|p1a: Armarouge|0 fnt\n|faint|p1a: Armarouge\n|\n|-sideend|p2: valintino|Reflect\n|upkeep\n|inactive|CaliberChamp has 30 seconds left.\n|inactive|CaliberChamp has 20 seconds left.\n|inactive|CaliberChamp has 15 seconds left.\n|inactive|CaliberChamp has 10 seconds left.\n|\n|t:|1681653664\n|switch|p1a: Delibundle|Iron Bundle, L50|100\/100\n|turn|9\n|inactive|valintino has 30 seconds left.\n|\n|t:|1681653690\n|-end|p2b: Armarouge|ability: Flash Fire|[silent]\n|switch|p2b: Indeedee|Indeedee-F, L50, F|25\/100\n|-fieldstart|move: Psychic Terrain|[from] ability: Psychic Surge|[of] p2b: Indeedee\n|move|p1a: Delibundle|Protect|p1a: Delibundle\n|-singleturn|p1a: Delibundle|Protect\n|move|p1b: Ceruledge|Shadow Sneak|p2b: Indeedee\n|-activate|p2b: Indeedee|move: Psychic Terrain\n|move|p2a: Ceruledge|Bitter Blade|p1a: Delibundle\n|-activate|p1a: Delibundle|move: Protect\n|\n|-fieldend|move: Trick Room\n|upkeep\n|turn|10\n|inactive|CaliberChamp has 30 seconds left.\n|\n|t:|1681653717\n|move|p2b: Indeedee|Follow Me|p2b: Indeedee\n|-singleturn|p2b: Indeedee|move: Follow Me\n|move|p1a: Delibundle|Encore|p2b: Indeedee\n|-start|p2b: Indeedee|Encore\n|move|p2a: Ceruledge|Bitter Blade|p1a: Delibundle\n|-enditem|p1a: Delibundle|Focus Sash\n|-damage|p1a: Delibundle|1\/100\n|move|p1b: Ceruledge|Bitter Blade|p2b: Indeedee\n|-damage|p2b: Indeedee|0 fnt\n|faint|p2b: Indeedee\n|\n|upkeep\n|\n|t:|1681653726\n|switch|p2b: Armarouge|Armarouge, L50, F|100\/100\n|turn|11\n|inactive|CaliberChamp has 30 seconds left.\n|inactive|valintino has 30 seconds left.\n|inactive|CaliberChamp has 20 seconds left.\n|\n|t:|1681653766\n|move|p1b: Ceruledge|Protect|p1b: Ceruledge\n|-singleturn|p1b: Ceruledge|Protect\n|move|p1a: Delibundle|Encore|p2a: Ceruledge\n|-start|p2a: Ceruledge|Encore\n|move|p2a: Ceruledge|Bitter Blade|p1a: Delibundle\n|-damage|p1a: Delibundle|0 fnt\n|faint|p1a: Delibundle\n|-end|p1a: Delibundle|Quark Drive|[silent]\n|move|p2b: Armarouge|Trick Room|p2b: Armarouge\n|-fieldstart|move: Trick Room|[of] p2b: Armarouge\n|\n|upkeep\n|\n|t:|1681653784\n|switch|p1a: Galiant|Iron Valiant, L50|100\/100\n|-enditem|p1a: Galiant|Booster Energy\n|-activate|p1a: Galiant|ability: Quark Drive|[fromitem]\n|-start|p1a: Galiant|quarkdrivespe\n|turn|12\n|\n|t:|1681653802\n|move|p1a: Galiant|Protect|p1a: Galiant\n|-singleturn|p1a: Galiant|Protect\n|move|p2b: Armarouge|Expanding Force|p1b: Ceruledge|[spread] p1b\n|-activate|p1a: Galiant|move: Protect\n|-damage|p1b: Ceruledge|15\/100\n|-damage|p2b: Armarouge|91\/100|[from] item: Life Orb\n|move|p1b: Ceruledge|Bulk Up|p1b: Ceruledge\n|-boost|p1b: Ceruledge|atk|1\n|-boost|p1b: Ceruledge|def|1\n|move|p2a: Ceruledge|Bitter Blade|p1a: Galiant\n|-activate|p1a: Galiant|move: Protect\n|\n|upkeep\n|turn|13\n|\n|t:|1681653827\n|move|p1b: Ceruledge|Protect|p1b: Ceruledge\n|-singleturn|p1b: Ceruledge|Protect\n|move|p2b: Armarouge|Expanding Force|p1b: Ceruledge|[spread] p1a\n|-activate|p1b: Ceruledge|move: Protect\n|-supereffective|p1a: Galiant\n|-damage|p1a: Galiant|0 fnt\n|faint|p1a: Galiant\n|-end|p1a: Galiant|Quark Drive|[silent]\n|-damage|p2b: Armarouge|81\/100|[from] item: Life Orb\n|move|p2a: Ceruledge|Bitter Blade|p1b: Ceruledge\n|-activate|p1b: Ceruledge|move: Protect\n|\n|-end|p2a: Ceruledge|Encore\n|-fieldend|move: Psychic Terrain\n|upkeep\n|turn|14\n|\n|t:|1681653845\n|move|p2b: Armarouge|Protect|p2b: Armarouge\n|-singleturn|p2b: Armarouge|Protect\n|move|p1b: Ceruledge|Shadow Sneak|p2b: Armarouge\n|-activate|p2b: Armarouge|move: Protect\n|move|p2a: Ceruledge|Shadow Sneak|p1b: Ceruledge\n|-damage|p1b: Ceruledge|0 fnt\n|faint|p1b: Ceruledge\n|\n|win|valintino\n|raw|CaliberChamp's rating: 1293 → 1270<\/strong> (-23 for losing)\n|raw|valintino's rating: 1319 → 1338<\/strong> (+19 for winning)\n","uploadtime":1681653859,"views":13,"p1id":"caliberchamp","p2id":"valintino","formatid":"gen9vgc2023regulationc","rating":1270,"private":0,"password":""}