{"id":"gen9vgc2023regulationc-1853442488","p1":"Tszechuan","p2":"KiryaeTest","format":"[Gen 9] VGC 2023 Regulation C","log":"|j|\u2606Tszechuan\n|j|\u2606KiryaeTest\n|t:|1682685618\n|gametype|doubles\n|player|p1|Tszechuan|265|1183\n|player|p2|KiryaeTest|2|1132\n|teamsize|p1|6\n|teamsize|p2|6\n|gen|9\n|tier|[Gen 9] VGC 2023 Regulation C\n|rated|\n|rule|Species Clause: Limit one of each Pok\u00e9mon\n|rule|Item Clause: Limit one of each item\n|clearpoke\n|poke|p1|Scream Tail, L50|\n|poke|p1|Flutter Mane, L50|\n|poke|p1|Gothitelle, L50, F|\n|poke|p1|Arcanine, L50, M|\n|poke|p1|Amoonguss, L50, M|\n|poke|p1|Palafin, L50, F|\n|poke|p2|Murkrow, L50, F|\n|poke|p2|Roaring Moon, L50|\n|poke|p2|Flutter Mane, L50|\n|poke|p2|Arcanine, L50, M|\n|poke|p2|Amoonguss, L50, F|\n|poke|p2|Palafin, L50, F|\n|teampreview|4\nTszechuan has agreed to open team sheets.\n|inactive|Battle timer is ON: inactive players will automatically lose when time's up. (requested by Tszechuan)\n|inactive|Tszechuan has 60 seconds left.\n|inactive|KiryaeTest has 60 seconds left.\n|\n|t:|1682685675\n|start\n|switch|p1a: Scream Tail|Scream Tail, L50|100\/100\n|switch|p1b: Palafin|Palafin, L50, F|100\/100\n|switch|p2a: Murkrow|Murkrow, L50, F|100\/100\n|switch|p2b: Flutter Mane|Flutter Mane, L50|100\/100\n|-enditem|p1a: Scream Tail|Booster Energy\n|-activate|p1a: Scream Tail|ability: Protosynthesis|[fromitem]\n|-start|p1a: Scream Tail|protosynthesisspe\n|turn|1\n|\n|t:|1682685695\n|-terastallize|p1b: Palafin|Water\n|move|p1b: Palafin|Jet Punch|p2b: Flutter Mane\n|-damage|p2b: Flutter Mane|40\/100\n|move|p2a: Murkrow|Tailwind|p2a: Murkrow\n|-sidestart|p2: KiryaeTest|move: Tailwind\n|move|p2b: Flutter Mane|Shadow Ball|p1b: Palafin\n|-damage|p1b: Palafin|18\/100\n|move|p1a: Scream Tail|Play Rough|p2b: Flutter Mane\n|-damage|p2b: Flutter Mane|4\/100\n|\n|upkeep\n|turn|2\n|\n|t:|1682685720\n|-end|p2b: Flutter Mane|Protosynthesis|[silent]\n|switch|p2b: Arcanine|Arcanine, L50, M|100\/100\n|-ability|p2b: Arcanine|Intimidate|boost\n|-unboost|p1a: Scream Tail|atk|1\n|-unboost|p1b: Palafin|atk|1\n|move|p1b: Palafin|Protect|p1b: Palafin\n|-singleturn|p1b: Palafin|Protect\n|move|p2a: Murkrow|Taunt|p1a: Scream Tail\n|-start|p1a: Scream Tail|move: Taunt\n|move|p1a: Scream Tail|Play Rough|p2a: Murkrow\n|-supereffective|p2a: Murkrow\n|-damage|p2a: Murkrow|68\/100\n|\n|upkeep\n|turn|3\n|inactive|Tszechuan has 30 seconds left.\n|inactive|KiryaeTest has 30 seconds left.\n|\n|t:|1682685746\n|-end|p1a: Scream Tail|Protosynthesis|[silent]\n|switch|p1a: Amoonguss|Amoonguss, L50, M|100\/100\n|switch|p2a: Roaring Moon|Roaring Moon, L50|100\/100\n|-enditem|p2a: Roaring Moon|Booster Energy\n|-activate|p2a: Roaring Moon|ability: Protosynthesis|[fromitem]\n|-start|p2a: Roaring Moon|protosynthesisatk\n|detailschange|p1b: Palafin|Palafin-Hero, L50, F, tera:Water\n|switch|p1b: Gothitelle|Gothitelle, L50, F|100\/100\n|move|p2b: Arcanine|Howl|p2b: Arcanine|[spread] p2a,p2b\n|-boost|p2a: Roaring Moon|atk|1\n|-boost|p2b: Arcanine|atk|1\n|\n|upkeep\n|turn|4\n|inactive|Tszechuan has 30 seconds left.\n|inactive|KiryaeTest has 30 seconds left.\n|inactive|KiryaeTest has 20 seconds left.\n|inactive|KiryaeTest has 15 seconds left.\n|inactive|KiryaeTest has 10 seconds left.\n|inactive|KiryaeTest has 5 seconds left.\n|\n|t:|1682685799\n|switch|p1a: Scream Tail|Scream Tail, L50|100\/100\n|move|p1b: Gothitelle|Fake Out|p2a: Roaring Moon\n|-damage|p2a: Roaring Moon|95\/100\n|cant|p2a: Roaring Moon|flinch\n|move|p2b: Arcanine|Flare Blitz|p1a: Scream Tail\n|-damage|p1a: Scream Tail|40\/100\n|-damage|p2b: Arcanine|77\/100|[from] Recoil\n|\n|-sideend|p2: KiryaeTest|move: Tailwind\n|upkeep\n|turn|5\n|inactive|Tszechuan has 30 seconds left.\n|inactive|KiryaeTest has 30 seconds left.\n|\n|t:|1682685827\n|move|p1a: Scream Tail|Play Rough|p2a: Roaring Moon\n|-supereffective|p2a: Roaring Moon\n|-damage|p2a: Roaring Moon|3\/100\n|-unboost|p2a: Roaring Moon|atk|1\n|move|p2a: Roaring Moon|Acrobatics|p1a: Scream Tail\n|-damage|p1a: Scream Tail|1\/100\n|move|p2b: Arcanine|Flare Blitz|p1b: Gothitelle\n|-crit|p1b: Gothitelle\n|-damage|p1b: Gothitelle|0 fnt\n|faint|p1b: Gothitelle\n|-damage|p2b: Arcanine|48\/100|[from] Recoil\n|\n|upkeep\n|\n|t:|1682685842\n|switch|p1b: Palafin|Palafin-Hero, L50, F, tera:Water|18\/100\n|-activate|p1b: Palafin|ability: Zero to Hero\n|turn|6\n|inactive|Tszechuan has 30 seconds left.\n|inactive|Tszechuan has 20 seconds left.\n|inactive|Tszechuan has 15 seconds left.\n|inactive|Tszechuan has 10 seconds left.\n|inactive|Tszechuan has 5 seconds left.\n|\n|t:|1682685892\n|move|p2a: Roaring Moon|Protect|p2a: Roaring Moon\n|-singleturn|p2a: Roaring Moon|Protect\n|move|p1b: Palafin|Protect|p1b: Palafin\n|-singleturn|p1b: Palafin|Protect\n|move|p1a: Scream Tail|Play Rough|p2a: Roaring Moon\n|-activate|p2a: Roaring Moon|move: Protect\n|move|p2b: Arcanine|Flare Blitz|p1b: Palafin\n|-activate|p1b: Palafin|move: Protect\n|\n|upkeep\n|turn|7\n|\n|t:|1682685911\n|-end|p2a: Roaring Moon|Protosynthesis|[silent]\n|switch|p2a: Flutter Mane|Flutter Mane, L50|4\/100\n|move|p2b: Arcanine|Protect|p2b: Arcanine\n|-singleturn|p2b: Arcanine|Protect\n|move|p1b: Palafin|Jet Punch|p2b: Arcanine\n|-activate|p2b: Arcanine|move: Protect\n|move|p1a: Scream Tail|Play Rough|p2a: Flutter Mane|[miss]\n|-miss|p1a: Scream Tail|p2a: Flutter Mane\n|\n|upkeep\n|turn|8\n|inactive|KiryaeTest has 30 seconds left.\n|inactive|Tszechuan has 30 seconds left.\n|inactive|KiryaeTest has 20 seconds left.\n|inactive|KiryaeTest has 15 seconds left.\n|\n|t:|1682685952\n|switch|p2b: Murkrow|Murkrow, L50, F|68\/100\n|move|p1a: Scream Tail|Protect|p1a: Scream Tail\n|-singleturn|p1a: Scream Tail|Protect\n|move|p1b: Palafin|Protect|p1b: Palafin\n|-singleturn|p1b: Palafin|Protect\n|move|p2a: Flutter Mane|Dazzling Gleam|p1b: Palafin|[spread] \n|-activate|p1a: Scream Tail|move: Protect\n|-activate|p1b: Palafin|move: Protect\n|\n|upkeep\n|turn|9\n|inactive|KiryaeTest has 30 seconds left.\n|inactive|KiryaeTest has 20 seconds left.\n|inactive|KiryaeTest has 15 seconds left.\n|inactive|KiryaeTest has 10 seconds left.\n|\n|t:|1682685997\n|-end|p2a: Flutter Mane|Protosynthesis|[silent]\n|switch|p2a: Arcanine|Arcanine, L50, M|48\/100\n|-ability|p2a: Arcanine|Intimidate|boost\n|-unboost|p1a: Scream Tail|atk|1\n|-unboost|p1b: Palafin|atk|1\n|move|p1b: Palafin|Jet Punch|p2a: Arcanine\n|-supereffective|p2a: Arcanine\n|-damage|p2a: Arcanine|0 fnt\n|faint|p2a: Arcanine\n|move|p2b: Murkrow|Sunny Day|p2b: Murkrow\n|-weather|SunnyDay\n|-activate|p1a: Scream Tail|ability: Protosynthesis\n|-start|p1a: Scream Tail|protosynthesisspe\n|move|p1a: Scream Tail|Play Rough|p2b: Murkrow\n|-supereffective|p2b: Murkrow\n|-damage|p2b: Murkrow|38\/100\n|\n|-weather|SunnyDay|[upkeep]\n|upkeep\n|\n|t:|1682686013\n|switch|p2a: Roaring Moon|Roaring Moon, L50|3\/100\n|-activate|p2a: Roaring Moon|ability: Protosynthesis\n|-start|p2a: Roaring Moon|protosynthesisatk\n|turn|10\n|inactive|Tszechuan has 30 seconds left.\n|inactive|Tszechuan has 20 seconds left.\n|\n|t:|1682686048\n|move|p2a: Roaring Moon|Protect|p2a: Roaring Moon\n|-singleturn|p2a: Roaring Moon|Protect\n|move|p1b: Palafin|Jet Punch|p2a: Roaring Moon\n|-activate|p2a: Roaring Moon|move: Protect\n|move|p1a: Scream Tail|Play Rough|p2a: Roaring Moon\n|-activate|p2a: Roaring Moon|move: Protect\n|move|p2b: Murkrow|Brave Bird|p1b: Palafin\n|-damage|p1b: Palafin|0 fnt\n|faint|p1b: Palafin\n|-damage|p2b: Murkrow|31\/100|[from] Recoil\n|\n|-weather|SunnyDay|[upkeep]\n|upkeep\n|\n|t:|1682686051\n|switch|p1b: Amoonguss|Amoonguss, L50, M|100\/100\n|turn|11\n|\n|t:|1682686074\n|-end|p2a: Roaring Moon|Protosynthesis|[silent]\n|switch|p2a: Flutter Mane|Flutter Mane, L50|4\/100\n|-activate|p2a: Flutter Mane|ability: Protosynthesis\n|-start|p2a: Flutter Mane|protosynthesisspa\n|move|p1b: Amoonguss|Rage Powder|p1b: Amoonguss\n|-singleturn|p1b: Amoonguss|move: Rage Powder\n|move|p2b: Murkrow|Tailwind|p2b: Murkrow\n|-sidestart|p2: KiryaeTest|move: Tailwind\n|move|p1a: Scream Tail|Play Rough|p2a: Flutter Mane|[miss]\n|-miss|p1a: Scream Tail|p2a: Flutter Mane\n|\n|-weather|SunnyDay|[upkeep]\n|upkeep\n|turn|12\n|\n|t:|1682686093\n|move|p1a: Scream Tail|Protect|p1a: Scream Tail\n|-singleturn|p1a: Scream Tail|Protect\n|move|p2b: Murkrow|Taunt|p1a: Scream Tail\n|-activate|p1a: Scream Tail|move: Protect\n|move|p2a: Flutter Mane|Dazzling Gleam|p1b: Amoonguss|[spread] p1b\n|-activate|p1a: Scream Tail|move: Protect\n|-resisted|p1b: Amoonguss\n|-damage|p1b: Amoonguss|80\/100\n|move|p1b: Amoonguss|Pollen Puff|p2a: Flutter Mane\n|-resisted|p2a: Flutter Mane\n|-damage|p2a: Flutter Mane|0 fnt\n|faint|p2a: Flutter Mane\n|-end|p2a: Flutter Mane|Protosynthesis|[silent]\n|\n|-weather|SunnyDay|[upkeep]\n|upkeep\n|\n|t:|1682686109\n|switch|p2a: Roaring Moon|Roaring Moon, L50|3\/100\n|-activate|p2a: Roaring Moon|ability: Protosynthesis\n|-start|p2a: Roaring Moon|protosynthesisatk\n|turn|13\n|inactive|Tszechuan has 30 seconds left.\n|inactive|KiryaeTest has 30 seconds left.\n|inactive|Tszechuan has 20 seconds left.\n|inactive|Tszechuan has 15 seconds left.\n|inactive|KiryaeTest has 20 seconds left.\n|\n|t:|1682686152\n|move|p1b: Amoonguss|Rage Powder|p1b: Amoonguss\n|-singleturn|p1b: Amoonguss|move: Rage Powder\n|move|p2a: Roaring Moon|Acrobatics|p1b: Amoonguss\n|-supereffective|p1b: Amoonguss\n|-damage|p1b: Amoonguss|0 fnt\n|faint|p1b: Amoonguss\n|move|p1a: Scream Tail|Play Rough|p2a: Roaring Moon\n|-supereffective|p2a: Roaring Moon\n|-damage|p2a: Roaring Moon|0 fnt\n|faint|p2a: Roaring Moon\n|-end|p2a: Roaring Moon|Protosynthesis|[silent]\n|move|p2b: Murkrow|Brave Bird|p1a: Scream Tail\n|-damage|p1a: Scream Tail|0 fnt\n|faint|p1a: Scream Tail\n|-end|p1a: Scream Tail|Protosynthesis|[silent]\n|-damage|p2b: Murkrow|30\/100|[from] Recoil\n|\n|win|KiryaeTest\n|raw|Tszechuan's rating: 1183 → 1154<\/strong> (-29 for losing)\n|raw|KiryaeTest's rating: 1132 → 1161<\/strong> (+29 for winning)\n|l|\u2606Tszechuan\n","uploadtime":1682686221,"views":8,"p1id":"tszechuan","p2id":"kiryaetest","formatid":"gen9vgc2023regulationc","rating":1154,"private":0,"password":""}