{"id":"gen9vgc2023regulationc-1855828575","p1":"TheTealSpheal","p2":"Sa7tia","format":"[Gen 9] VGC 2023 Regulation C","log":"|j|\u2606TheTealSpheal\n|j|\u2606Sa7tia\n|t:|1682989005\n|gametype|doubles\n|player|p1|TheTealSpheal|fisherman|1234\n|player|p2|Sa7tia|pokemonranger-gen4|1221\n|teamsize|p1|6\n|teamsize|p2|6\n|gen|9\n|tier|[Gen 9] VGC 2023 Regulation C\n|rated|\n|rule|Species Clause: Limit one of each Pok\u00e9mon\n|rule|Item Clause: Limit one of each item\n|clearpoke\n|poke|p1|Iron Hands, L50|\n|poke|p1|Flutter Mane, L50|\n|poke|p1|Talonflame, L50, F|\n|poke|p1|Indeedee-F, L50, F|\n|poke|p1|Chi-Yu, L50|\n|poke|p1|Garchomp, L50, M|\n|poke|p2|Scream Tail, L50|\n|poke|p2|Baxcalibur, L50, M|\n|poke|p2|Indeedee-F, L50, F|\n|poke|p2|Dragapult, L50, M|\n|poke|p2|Meowscarada, L50, M|\n|poke|p2|Armarouge, L50, M|\n|teampreview|4\n|inactive|Battle timer is ON: inactive players will automatically lose when time's up. (requested by Sa7tia)\n|inactive|TheTealSpheal has 60 seconds left.\n|inactive|TheTealSpheal has 30 seconds left.\n|inactive|TheTealSpheal has 20 seconds left.\n|\n|t:|1682989076\n|start\n|switch|p1a: Indeedee|Indeedee-F, L50, F|100\/100\n|switch|p1b: Chi-Yu|Chi-Yu, L50|100\/100\n|switch|p2a: Scream Tail|Scream Tail, L50|100\/100\n|switch|p2b: Dragapult|Dragapult, L50, M|100\/100\n|-ability|p1b: Chi-Yu|Beads of Ruin\n|-fieldstart|move: Psychic Terrain|[from] ability: Psychic Surge|[of] p1a: Indeedee\n|-enditem|p1a: Indeedee|Psychic Seed\n|-boost|p1a: Indeedee|spd|1|[from] item: Psychic Seed\n|-enditem|p2a: Scream Tail|Booster Energy\n|-activate|p2a: Scream Tail|ability: Protosynthesis|[fromitem]\n|-start|p2a: Scream Tail|protosynthesisspe\n|turn|1\n|inactive|TheTealSpheal has 30 seconds left.\n|inactive|TheTealSpheal has 20 seconds left.\n|\n|t:|1682989115\n|move|p2b: Dragapult|Protect|p2b: Dragapult\n|-singleturn|p2b: Dragapult|Protect\n|move|p1a: Indeedee|Follow Me|p1a: Indeedee\n|-singleturn|p1a: Indeedee|move: Follow Me\n|move|p1b: Chi-Yu|Heat Wave|p2b: Dragapult|[spread] p2a\n|-activate|p2b: Dragapult|move: Protect\n|-damage|p2a: Scream Tail|62\/100\n|move|p2a: Scream Tail|Howl|p2a: Scream Tail|[spread] p2a,p2b\n|-boost|p2a: Scream Tail|atk|1\n|-boost|p2b: Dragapult|atk|1\n|\n|upkeep\n|turn|2\n|inactive|TheTealSpheal has 30 seconds left.\n|inactive|TheTealSpheal has 20 seconds left.\n|inactive|TheTealSpheal has 15 seconds left.\n|\n|t:|1682989159\n|-terastallize|p2b: Dragapult|Fire\n|move|p1a: Indeedee|Follow Me|p1a: Indeedee\n|-singleturn|p1a: Indeedee|move: Follow Me\n|move|p1b: Chi-Yu|Heat Wave|p2b: Dragapult|[spread] p2a,p2b\n|-resisted|p2b: Dragapult\n|-damage|p2a: Scream Tail|28\/100\n|-damage|p2b: Dragapult|59\/100\n|move|p2a: Scream Tail|Howl|p2a: Scream Tail|[spread] p2a,p2b\n|-boost|p2a: Scream Tail|atk|1\n|-boost|p2b: Dragapult|atk|1\n|move|p2b: Dragapult|Dragon Darts|p1a: Indeedee\n|-damage|p1a: Indeedee|14\/100\n|-anim|p2b: Dragapult|Dragon Darts|p1a: Indeedee\n|-damage|p1a: Indeedee|0 fnt\n|faint|p1a: Indeedee\n|-damage|p2b: Dragapult|49\/100|[from] item: Life Orb\n|\n|upkeep\n|inactive|TheTealSpheal has 30 seconds left.\n|inactive|TheTealSpheal has 20 seconds left.\n|inactive|TheTealSpheal has 15 seconds left.\n|inactive|TheTealSpheal has 10 seconds left.\n|inactive|TheTealSpheal has 5 seconds left.\n|\n|t:|1682989214\n|switch|p1a: Iron Hands|Iron Hands, L50|100\/100\n|turn|3\n|inactive|TheTealSpheal has 30 seconds left.\n|inactive|TheTealSpheal has 20 seconds left.\n|inactive|TheTealSpheal has 15 seconds left.\n|inactive|TheTealSpheal has 10 seconds left.\n|inactive|Sa7tia has 30 seconds left.\n|inactive|TheTealSpheal has 5 seconds left.\n|\n|t:|1682989269\n|move|p1a: Iron Hands|Fake Out|p2b: Dragapult\n|-activate|p2b: Dragapult|move: Psychic Terrain\n|move|p1b: Chi-Yu|Heat Wave|p2a: Scream Tail|[spread] p2a,p2b\n|-resisted|p2b: Dragapult\n|-damage|p2a: Scream Tail|0 fnt\n|-damage|p2b: Dragapult|12\/100\n|faint|p2a: Scream Tail\n|-end|p2a: Scream Tail|Protosynthesis|[silent]\n|move|p2b: Dragapult|Dragon Darts|p1a: Iron Hands\n|-damage|p1a: Iron Hands|60\/100\n|-anim|p2b: Dragapult|Dragon Darts|p1b: Chi-Yu\n|-damage|p1b: Chi-Yu|2\/100\n|-damage|p2b: Dragapult|2\/100|[from] item: Life Orb\n|\n|upkeep\n|\n|t:|1682989287\n|switch|p2a: Armarouge|Armarouge, L50, M|100\/100\n|turn|4\n|\n|t:|1682989308\n|move|p2b: Dragapult|Protect|p2b: Dragapult\n|-singleturn|p2b: Dragapult|Protect\n|move|p1b: Chi-Yu|Heat Wave|p2a: Armarouge|[spread] \n|-activate|p2b: Dragapult|move: Protect\n|-start|p2a: Armarouge|ability: Flash Fire\n|move|p2a: Armarouge|Expanding Force|p1a: Iron Hands|[spread] p1a\n|-immune|p1b: Chi-Yu\n|-supereffective|p1a: Iron Hands\n|-damage|p1a: Iron Hands|0 fnt\n|faint|p1a: Iron Hands\n|-end|p1a: Iron Hands|Quark Drive|[silent]\n|\n|upkeep\n|\n|t:|1682989330\n|switch|p1a: Flutter Mane|Flutter Mane, L50|100\/100\n|turn|5\n|inactive|Sa7tia has 30 seconds left.\n|inactive|Sa7tia has 20 seconds left.\n|\n|t:|1682989368\n|switch|p2b: Indeedee|Indeedee-F, L50, F|100\/100\n|-terastallize|p1a: Flutter Mane|Fairy\n|move|p1b: Chi-Yu|Heat Wave|p2b: Indeedee|[spread] p2b\n|-immune|p2a: Armarouge|[from] ability: Flash Fire\n|-damage|p2b: Indeedee|60\/100\n|move|p1a: Flutter Mane|Shadow Ball|p2a: Armarouge\n|-supereffective|p2a: Armarouge\n|-damage|p2a: Armarouge|0 fnt\n|faint|p2a: Armarouge\n|-damage|p1a: Flutter Mane|91\/100|[from] item: Life Orb\n|\n|-fieldend|move: Psychic Terrain\n|upkeep\n|\n|t:|1682989379\n|switch|p2a: Dragapult|Dragapult, L50, M, tera:Fire|2\/100\n|turn|6\n|\n|t:|1682989390\n|move|p1b: Chi-Yu|Heat Wave|p2b: Indeedee|[spread] p2a,p2b\n|-resisted|p2a: Dragapult\n|-damage|p2a: Dragapult|0 fnt\n|-damage|p2b: Indeedee|20\/100\n|faint|p2a: Dragapult\n|move|p1a: Flutter Mane|Dazzling Gleam|p2b: Indeedee\n|-damage|p2b: Indeedee|0 fnt\n|faint|p2b: Indeedee\n|-damage|p1a: Flutter Mane|81\/100|[from] item: Life Orb\n|\n|win|TheTealSpheal\n|raw|TheTealSpheal's rating: 1234 → 1258<\/strong> (+24 for winning)\n|raw|Sa7tia's rating: 1221 → 1197<\/strong> (-24 for losing)\n","uploadtime":1682989394,"views":31,"p1id":"thetealspheal","p2id":"sa7tia","formatid":"gen9vgc2023regulationc","rating":1197,"private":0,"password":""}