{"id":"gen9vgc2023regulationc-1845789637","p1":"Alexp","p2":"shucklesrevenge95","format":"[Gen 9] VGC 2023 Regulation C","log":"|j|\u2606Alexp\n|j|\u2606shucklesrevenge95\n|t:|1681764764\n|gametype|doubles\n|player|p1|Alexp|li|1200\n|player|p2|shucklesrevenge95|barry|1208\n|teamsize|p1|6\n|teamsize|p2|6\n|gen|9\n|tier|[Gen 9] VGC 2023 Regulation C\n|rated|\n|rule|Species Clause: Limit one of each Pok\u00e9mon\n|rule|Item Clause: Limit one of each item\n|clearpoke\n|poke|p1|Ting-Lu, L50|\n|poke|p1|Breloom, L50, M|\n|poke|p1|Gastrodon, L50, F|\n|poke|p1|Hippowdon, L50, F|\n|poke|p1|Houndstone, L50, F|\n|poke|p1|Rabsca, L50, F|\n|poke|p2|Hawlucha, L50, F|\n|poke|p2|Flutter Mane, L50|\n|poke|p2|Chi-Yu, L50|\n|poke|p2|Grimmsnarl, L50, M|\n|poke|p2|Kingambit, L50, F|\n|poke|p2|Ting-Lu, L50|\n|teampreview|4\n|inactive|Battle timer is ON: inactive players will automatically lose when time's up. (requested by Alexp)\n|\n|t:|1681764802\n|start\n|switch|p1a: Hippowdon|Hippowdon, L50, F, shiny|100\/100\n|switch|p1b: Houndstone|Houndstone, L50, F|100\/100\n|switch|p2a: Hawlucha|Hawlucha, L50, F|100\/100\n|switch|p2b: Grimmsnarl|Grimmsnarl, L50, M|100\/100\n|-weather|Sandstorm|[from] ability: Sand Stream|[of] p1a: Hippowdon\n|turn|1\n|\n|t:|1681764819\n|-terastallize|p2a: Hawlucha|Flying\n|move|p2b: Grimmsnarl|Swagger|p2a: Hawlucha\n|-boost|p2a: Hawlucha|atk|2\n|-start|p2a: Hawlucha|confusion\n|-enditem|p2a: Hawlucha|Lum Berry|[eat]\n|-end|p2a: Hawlucha|confusion\n|move|p2a: Hawlucha|Acrobatics|p1b: Houndstone\n|-damage|p1b: Houndstone|0 fnt\n|faint|p1b: Houndstone\n|move|p1a: Hippowdon|Yawn|p2b: Grimmsnarl\n|-start|p2b: Grimmsnarl|move: Yawn|[of] p1a: Hippowdon\n|\n|-weather|Sandstorm|[upkeep]\n|-damage|p2a: Hawlucha|95\/100|[from] Sandstorm\n|-damage|p2b: Grimmsnarl|95\/100|[from] Sandstorm\n|upkeep\n|\n|t:|1681764838\n|switch|p1b: Rabsca|Rabsca, L50, F, shiny|100\/100\n|turn|2\n|\n|t:|1681764850\n|switch|p2b: Flutter Mane|Flutter Mane, L50|100\/100\n|-terastallize|p1b: Rabsca|Rock\n|move|p2a: Hawlucha|Acrobatics|p1b: Rabsca\n|-resisted|p1b: Rabsca\n|-damage|p1b: Rabsca|29\/100\n|move|p1a: Hippowdon|Ice Fang|p2a: Hawlucha\n|-supereffective|p2a: Hawlucha\n|-damage|p2a: Hawlucha|48\/100\n|move|p1b: Rabsca|Weather Ball|p2a: Hawlucha\n|-supereffective|p2a: Hawlucha\n|-damage|p2a: Hawlucha|0 fnt\n|faint|p2a: Hawlucha\n|\n|-weather|Sandstorm|[upkeep]\n|-damage|p2b: Flutter Mane|94\/100|[from] Sandstorm\n|upkeep\n|\n|t:|1681764866\n|switch|p2a: Grimmsnarl|Grimmsnarl, L50, M|95\/100\n|turn|3\n|\n|t:|1681764879\n|move|p2a: Grimmsnarl|Reflect|p2a: Grimmsnarl\n|-sidestart|p2: shucklesrevenge95|Reflect\n|move|p2b: Flutter Mane|Dazzling Gleam|p1a: Hippowdon|[spread] p1a,p1b\n|-damage|p1a: Hippowdon|57\/100\n|-damage|p1b: Rabsca|0 fnt\n|faint|p1b: Rabsca\n|move|p1a: Hippowdon|Stomping Tantrum|p2b: Flutter Mane\n|-damage|p2b: Flutter Mane|52\/100\n|\n|-weather|Sandstorm|[upkeep]\n|-damage|p2b: Flutter Mane|46\/100|[from] Sandstorm\n|-damage|p2a: Grimmsnarl|89\/100|[from] Sandstorm\n|upkeep\n|\n|t:|1681764891\n|switch|p1b: Breloom|Breloom, L50, M, shiny|100\/100\n|turn|4\n|\n|t:|1681764903\n|move|p1b: Breloom|Protect|p1b: Breloom\n|-singleturn|p1b: Breloom|Protect\n|move|p2b: Flutter Mane|Dazzling Gleam|p1b: Breloom|[spread] p1a\n|-activate|p1b: Breloom|move: Protect\n|-damage|p1a: Hippowdon|13\/100\n|move|p2a: Grimmsnarl|Spirit Break|p1a: Hippowdon\n|-damage|p1a: Hippowdon|0 fnt\n|faint|p1a: Hippowdon\n|\n|-weather|Sandstorm|[upkeep]\n|-damage|p2b: Flutter Mane|40\/100|[from] Sandstorm\n|-damage|p1b: Breloom|95\/100|[from] Sandstorm\n|-damage|p2a: Grimmsnarl|83\/100|[from] Sandstorm\n|upkeep\n|turn|5\n|\n|t:|1681764918\n|move|p2b: Flutter Mane|Dazzling Gleam|p1b: Breloom\n|-supereffective|p1b: Breloom\n|-damage|p1b: Breloom|0 fnt\n|faint|p1b: Breloom\n|\n|win|shucklesrevenge95\n|raw|Alexp's rating: 1200 → 1176<\/strong> (-24 for losing)\n|raw|shucklesrevenge95's rating: 1208 → 1232<\/strong> (+24 for winning)\n|l|\u2606Alexp\n","uploadtime":1681764931,"views":12,"p1id":"alexp","p2id":"shucklesrevenge95","formatid":"gen9vgc2023regulationc","rating":1176,"private":0,"password":""}