{"id":"gen9vgc2023regulationc-1861884639","p1":"revocolombia","p2":"bohemiian","format":"[Gen 9] VGC 2023 Regulation C","log":"|j|\u2606revocolombia\n|j|\u2606bohemiian\n|t:|1683817824\n|gametype|doubles\n|player|p1|revocolombia|pokemonranger-gen4|1387\n|player|p2|bohemiian|clown|1311\n|teamsize|p1|6\n|teamsize|p2|6\n|gen|9\n|tier|[Gen 9] VGC 2023 Regulation C\n|rated|\n|rule|Species Clause: Limit one of each Pok\u00e9mon\n|rule|Item Clause: Limit one of each item\n|clearpoke\n|poke|p1|Flutter Mane, L50|\n|poke|p1|Great Tusk, L50|\n|poke|p1|Gholdengo, L50|\n|poke|p1|Chien-Pao, L50|\n|poke|p1|Murkrow, L50, M|\n|poke|p1|Baxcalibur, L50, F|\n|poke|p2|Rotom-Heat, L50|\n|poke|p2|Gastrodon, L50, M|\n|poke|p2|Wo-Chien, L50|\n|poke|p2|Flutter Mane, L50|\n|poke|p2|Iron Bundle, L50|\n|poke|p2|Chi-Yu, L50|\n|teampreview|4\n|inactive|Battle timer is ON: inactive players will automatically lose when time's up. (requested by bohemiian)\n|inactive|bohemiian has 60 seconds left.\n|\n|t:|1683817867\n|start\n|switch|p1a: Great Tusk|Great Tusk, L50|100\/100\n|switch|p1b: Murkrow|Murkrow, L50, M|100\/100\n|switch|p2a: Rotom|Rotom-Heat, L50|100\/100\n|switch|p2b: Chi-Yu|Chi-Yu, L50|100\/100\n|-ability|p2b: Chi-Yu|Beads of Ruin\n|turn|1\n|inactive|revocolombia has 30 seconds left.\n|inactive|bohemiian has 30 seconds left.\n|\n|t:|1683817901\n|switch|p1b: Baxcalibur|Baxcalibur, L50, F|100\/100\n|-terastallize|p2b: Chi-Yu|Flying\n|-terastallize|p1a: Great Tusk|Fire\n|move|p2b: Chi-Yu|Tera Blast|p1a: Great Tusk\n|-damage|p1a: Great Tusk|16\/100\n|move|p1a: Great Tusk|Rock Slide|p2a: Rotom|[spread] p2a\n|-miss|p1a: Great Tusk|p2b: Chi-Yu\n|-supereffective|p2a: Rotom\n|-damage|p2a: Rotom|55\/100\n|move|p2a: Rotom|Thunder Wave|p1b: Baxcalibur\n|-status|p1b: Baxcalibur|par\n|\n|upkeep\n|turn|2\n|inactive|bohemiian has 30 seconds left.\n|inactive|bohemiian has 20 seconds left.\n|\n|t:|1683817936\n|switch|p2b: Wo-Chien|Wo-Chien, L50|100\/100\n|-ability|p2b: Wo-Chien|Tablets of Ruin\n|move|p1a: Great Tusk|Protect|p1a: Great Tusk\n|-singleturn|p1a: Great Tusk|Protect\n|move|p2a: Rotom|Discharge|p1a: Great Tusk|[spread] p2b,p1b\n|-activate|p1a: Great Tusk|move: Protect\n|-resisted|p2b: Wo-Chien\n|-resisted|p1b: Baxcalibur\n|-damage|p2b: Wo-Chien|94\/100\n|-damage|p1b: Baxcalibur|89\/100 par\n|-status|p2b: Wo-Chien|par\n|move|p1b: Baxcalibur|Glaive Rush|p2b: Wo-Chien\n|-damage|p2b: Wo-Chien|24\/100 par\n|-singlemove|p1b: Baxcalibur|Glaive Rush|[silent]\n|-damage|p1b: Baxcalibur|79\/100 par|[from] item: Life Orb\n|\n|-heal|p2b: Wo-Chien|31\/100 par|[from] item: Leftovers\n|upkeep\n|turn|3\n|inactive|revocolombia has 30 seconds left.\n|\n|t:|1683817963\n|cant|p1b: Baxcalibur|par\n|move|p1a: Great Tusk|Rock Slide|p2a: Rotom|[spread] p2a,p2b\n|-supereffective|p2a: Rotom\n|-damage|p2a: Rotom|16\/100\n|-damage|p2b: Wo-Chien|15\/100 par\n|cant|p2a: Rotom|flinch\n|move|p2b: Wo-Chien|Leech Seed|p1b: Baxcalibur\n|-start|p1b: Baxcalibur|move: Leech Seed\n|\n|-heal|p2b: Wo-Chien|21\/100 par|[from] item: Leftovers\n|-damage|p1b: Baxcalibur|67\/100 par|[from] Leech Seed|[of] p2b: Wo-Chien\n|-heal|p2b: Wo-Chien|33\/100 par|[silent]\n|upkeep\n|turn|4\n|\n|t:|1683817984\n|move|p1a: Great Tusk|Rock Slide|p2a: Rotom|[spread] p2a,p2b\n|-supereffective|p2a: Rotom\n|-damage|p2a: Rotom|0 fnt\n|-damage|p2b: Wo-Chien|18\/100 par\n|faint|p2a: Rotom\n|move|p1b: Baxcalibur|Glaive Rush|p2b: Wo-Chien\n|-damage|p2b: Wo-Chien|0 fnt\n|-singlemove|p1b: Baxcalibur|Glaive Rush|[silent]\n|faint|p2b: Wo-Chien\n|-damage|p1b: Baxcalibur|57\/100 par|[from] item: Life Orb\n|\n|upkeep\n|\n|t:|1683817994\n|switch|p2a: Iron Bundle|Iron Bundle, L50|100\/100\n|switch|p2b: Chi-Yu|Chi-Yu, L50, tera:Flying|100\/100\n|-ability|p2b: Chi-Yu|Beads of Ruin\n|-enditem|p2a: Iron Bundle|Booster Energy\n|-activate|p2a: Iron Bundle|ability: Quark Drive|[fromitem]\n|-start|p2a: Iron Bundle|quarkdrivespe\n|turn|5\n|inactive|bohemiian has 30 seconds left.\n|\n|t:|1683818027\n|move|p1a: Great Tusk|Protect|p1a: Great Tusk\n|-singleturn|p1a: Great Tusk|Protect\n|cant|p1b: Baxcalibur|par\n|move|p2a: Iron Bundle|Icy Wind|p1a: Great Tusk|[spread] p1b\n|-activate|p1a: Great Tusk|move: Protect\n|-damage|p1b: Baxcalibur|27\/100 par\n|-unboost|p1b: Baxcalibur|spe|1\n|move|p2b: Chi-Yu|Dark Pulse|p1b: Baxcalibur\n|-damage|p1b: Baxcalibur|0 fnt\n|faint|p1b: Baxcalibur\n|\n|upkeep\n|\n|t:|1683818042\n|switch|p1b: Murkrow|Murkrow, L50, M|100\/100\n|turn|6\n|\n|t:|1683818054\n|move|p1b: Murkrow|Tailwind|p1b: Murkrow\n|-sidestart|p1: revocolombia|move: Tailwind\n|move|p2a: Iron Bundle|Icy Wind|p1a: Great Tusk|[spread] p1a,p1b\n|-resisted|p1a: Great Tusk\n|-supereffective|p1b: Murkrow\n|-damage|p1a: Great Tusk|0 fnt\n|-damage|p1b: Murkrow|50\/100\n|-unboost|p1b: Murkrow|spe|1\n|faint|p1a: Great Tusk\n|-end|p1a: Great Tusk|Protosynthesis|[silent]\n|move|p2b: Chi-Yu|Dark Pulse|p1b: Murkrow\n|-resisted|p1b: Murkrow\n|-damage|p1b: Murkrow|20\/100\n|\n|upkeep\n|\n|t:|1683818066\n|switch|p1a: Gholdengo|Gholdengo, L50|100\/100\n|turn|7\n|\n|t:|1683818082\n|move|p1b: Murkrow|Taunt|p2a: Iron Bundle\n|-start|p2a: Iron Bundle|move: Taunt\n|move|p2a: Iron Bundle|Icy Wind|p1b: Murkrow|[spread] p1a,p1b\n|-resisted|p1a: Gholdengo\n|-supereffective|p1b: Murkrow\n|-damage|p1a: Gholdengo|86\/100\n|-damage|p1b: Murkrow|0 fnt\n|-unboost|p1a: Gholdengo|spe|1\n|faint|p1b: Murkrow\n|move|p2b: Chi-Yu|Dark Pulse|p1a: Gholdengo\n|-supereffective|p1a: Gholdengo\n|-damage|p1a: Gholdengo|0 fnt\n|faint|p1a: Gholdengo\n|\n|win|bohemiian\n|raw|revocolombia's rating: 1387 → 1363<\/strong> (-24 for losing)\n|raw|bohemiian's rating: 1311 → 1335<\/strong> (+24 for winning)\n|c|\u2606bohemiian|gg\n|l|\u2606bohemiian\n","uploadtime":1683818108,"views":7,"p1id":"revocolombia","p2id":"bohemiian","formatid":"gen9vgc2023regulationc","rating":1335,"private":0,"password":""}