{"id":"gen9vgc2023regulationc-1856538339","p1":"bigkarpfan8001","p2":"TinaBelcher3","format":"[Gen 9] VGC 2023 Regulation C","log":"|j|\u2606bigkarpfan8001\n|j|\u2606TinaBelcher3\n|t:|1683073169\n|gametype|doubles\n|player|p1|bigkarpfan8001|fisherman-gen4|1080\n|player|p2|TinaBelcher3|266|1043\n|teamsize|p1|6\n|teamsize|p2|6\n|gen|9\n|tier|[Gen 9] VGC 2023 Regulation C\n|rated|\n|rule|Species Clause: Limit one of each Pok\u00e9mon\n|rule|Item Clause: Limit one of each item\n|clearpoke\n|poke|p1|Arboliva, L50, F|\n|poke|p1|Gyarados, L50, F|\n|poke|p1|Ceruledge, L50, M|\n|poke|p1|Kingambit, L50, F|\n|poke|p1|Talonflame, L50, F|\n|poke|p1|Arcanine, L50, F|\n|poke|p2|Pawmot, L50, F|\n|poke|p2|Rabsca, L50, F|\n|poke|p2|Talonflame, L50, M|\n|poke|p2|Tatsugiri-Droopy, L50, M|\n|poke|p2|Dondozo, L50, F|\n|poke|p2|Murkrow, L50, F|\n|teampreview|4\n|inactive|Battle timer is ON: inactive players will automatically lose when time's up. (requested by TinaBelcher3)\n|inactive|TinaBelcher3 has 60 seconds left.\n|\n|t:|1683073215\n|start\n|switch|p1a: Arboliva|Arboliva, L50, F|100\/100\n|switch|p1b: Gyarados|Gyarados, L50, F|100\/100\n|switch|p2a: Pawmot|Pawmot, L50, F|100\/100\n|switch|p2b: Talonflame|Talonflame, L50, M|100\/100\n|-ability|p1b: Gyarados|Intimidate|boost\n|-unboost|p2a: Pawmot|atk|1\n|-unboost|p2b: Talonflame|atk|1\n|turn|1\n|\n|t:|1683073233\n|switch|p1b: Ceruledge|Ceruledge, L50, M|100\/100\n|move|p2a: Pawmot|Fake Out|p1b: Ceruledge\n|-immune|p1b: Ceruledge\n|move|p2b: Talonflame|Tailwind|p2b: Talonflame\n|-sidestart|p2: TinaBelcher3|move: Tailwind\n|move|p1a: Arboliva|Strength Sap|p2a: Pawmot\n|-unboost|p2a: Pawmot|atk|1\n|\n|upkeep\n|turn|2\n|inactive|TinaBelcher3 has 30 seconds left.\n|\n|t:|1683073265\n|switch|p2a: Tatsugiri|Tatsugiri-Droopy, L50, M|100\/100\n|move|p2b: Talonflame|Acrobatics|p1a: Arboliva\n|-supereffective|p1a: Arboliva\n|-crit|p1a: Arboliva\n|-damage|p1a: Arboliva|51\/100\n|-fieldstart|move: Grassy Terrain|[from] ability: Seed Sower|[of] p1a: Arboliva\n|move|p1b: Ceruledge|Bulk Up|p1b: Ceruledge\n|-boost|p1b: Ceruledge|atk|1\n|-boost|p1b: Ceruledge|def|1\n|move|p1a: Arboliva|Leech Seed|p2b: Talonflame\n|-start|p2b: Talonflame|move: Leech Seed\n|\n|-heal|p1a: Arboliva|57\/100|[from] Grassy Terrain\n|-heal|p1a: Arboliva|63\/100|[from] item: Leftovers\n|-damage|p2b: Talonflame|88\/100|[from] Leech Seed|[of] p1a: Arboliva\n|-heal|p1a: Arboliva|73\/100|[silent]\n|upkeep\n|turn|3\n|inactive|TinaBelcher3 has 30 seconds left.\n|\n|t:|1683073292\n|-terastallize|p1b: Ceruledge|Grass\n|move|p1a: Arboliva|Helping Hand|p1b: Ceruledge\n|-singleturn|p1b: Ceruledge|Helping Hand|[of] p1a: Arboliva\n|move|p2a: Tatsugiri|Muddy Water|p1a: Arboliva|[spread] p1a,p1b\n|-resisted|p1a: Arboliva\n|-resisted|p1b: Ceruledge\n|-damage|p1a: Arboliva|59\/100\n|-damage|p1b: Ceruledge|82\/100\n|move|p2b: Talonflame|Flare Blitz|p1a: Arboliva\n|-supereffective|p1a: Arboliva\n|-damage|p1a: Arboliva|13\/100\n|-damage|p2b: Talonflame|70\/100|[from] Recoil\n|move|p1b: Ceruledge|Tera Blast|p2b: Talonflame\n|-resisted|p2b: Talonflame\n|-damage|p2b: Talonflame|24\/100\n|\n|-heal|p1b: Ceruledge|88\/100|[from] Grassy Terrain\n|-heal|p1a: Arboliva|19\/100|[from] Grassy Terrain\n|-heal|p1a: Arboliva|25\/100|[from] item: Leftovers\n|-damage|p2b: Talonflame|12\/100|[from] Leech Seed|[of] p1a: Arboliva\n|-heal|p1a: Arboliva|35\/100|[silent]\n|upkeep\n|turn|4\n|inactive|TinaBelcher3 has 30 seconds left.\n|inactive|TinaBelcher3 has 20 seconds left.\n|inactive|TinaBelcher3 has 15 seconds left.\n|inactive|TinaBelcher3 has 10 seconds left.\n|\n|t:|1683073338\n|switch|p1a: Gyarados|Gyarados, L50, F|100\/100\n|-ability|p1a: Gyarados|Intimidate|boost\n|-unboost|p2a: Tatsugiri|atk|1\n|-unboost|p2b: Talonflame|atk|1\n|move|p2a: Tatsugiri|Muddy Water|p1a: Gyarados|[spread] p1b\n|-miss|p2a: Tatsugiri|p1a: Gyarados\n|-resisted|p1b: Ceruledge\n|-crit|p1b: Ceruledge\n|-damage|p1b: Ceruledge|63\/100\n|move|p2b: Talonflame|Flare Blitz|p1a: Gyarados\n|-resisted|p1a: Gyarados\n|-damage|p1a: Gyarados|86\/100\n|-damage|p2b: Talonflame|6\/100|[from] Recoil\n|move|p1b: Ceruledge|Tera Blast|p2a: Tatsugiri\n|-damage|p2a: Tatsugiri|0 fnt\n|faint|p2a: Tatsugiri\n|\n|-heal|p1b: Ceruledge|68\/100|[from] Grassy Terrain\n|-damage|p2b: Talonflame|0 fnt|[from] Leech Seed|[of] p1a: Gyarados\n|-heal|p1a: Gyarados|91\/100|[silent]\n|faint|p2b: Talonflame\n|-sideend|p2: TinaBelcher3|move: Tailwind\n|upkeep\n|\n|t:|1683073360\n|switch|p2b: Pawmot|Pawmot, L50, F|100\/100\n|switch|p2a: Rabsca|Rabsca, L50, F, shiny|100\/100\n|turn|5\n|\n|t:|1683073375\n|move|p2b: Pawmot|Fake Out|p1a: Gyarados\n|-enditem|p2b: Pawmot|Normal Gem|[from] gem\n|-damage|p1a: Gyarados|69\/100\n|move|p1a: Gyarados|Waterfall|p2a: Rabsca\n|-damage|p2a: Rabsca|47\/100\n|move|p1b: Ceruledge|Bitter Blade|p2a: Rabsca\n|-supereffective|p2a: Rabsca\n|-damage|p2a: Rabsca|0 fnt\n|-heal|p1b: Ceruledge|93\/100|[from] drain|[of] p2a: Rabsca\n|faint|p2a: Rabsca\n|\n|-heal|p1b: Ceruledge|99\/100|[from] Grassy Terrain\n|upkeep\n|turn|6\n|-message|TinaBelcher3 forfeited.\n|\n|win|bigkarpfan8001\n|raw|bigkarpfan8001's rating: 1080 → 1105<\/strong> (+25 for winning)\n|raw|TinaBelcher3's rating: 1043 → 1028<\/strong> (-15 for losing)\n|l|\u2606TinaBelcher3\n","uploadtime":1683073393,"views":15,"p1id":"bigkarpfan8001","p2id":"tinabelcher3","formatid":"gen9vgc2023regulationc","rating":1028,"private":0,"password":""}