{"id":"gen9vgc2023regulationc-1863144044","p1":"warbucks69","p2":"SeveralNonSense","format":"[Gen 9] VGC 2023 Regulation C","log":"|j|\u2606warbucks69\n|j|\u2606SeveralNonSense\n|t:|1683978845\n|gametype|doubles\n|player|p1|warbucks69|fisherman-gen4|1086\n|player|p2|SeveralNonSense|guitarist|1080\n|teamsize|p1|6\n|teamsize|p2|6\n|gen|9\n|tier|[Gen 9] VGC 2023 Regulation C\n|rated|\n|rule|Species Clause: Limit one of each Pok\u00e9mon\n|rule|Item Clause: Limit one of each item\n|clearpoke\n|poke|p1|Scizor, L50, M|\n|poke|p1|Iron Treads, L50|\n|poke|p1|Sylveon, L50, M|\n|poke|p1|Arcanine, L50, M|\n|poke|p1|Amoonguss, L50, F|\n|poke|p1|Gastrodon, L50, F|\n|poke|p2|Iron Bundle, L50|\n|poke|p2|Arcanine, L50, F|\n|poke|p2|Iron Hands, L50|\n|poke|p2|Gholdengo, L50|\n|poke|p2|Roaring Moon, L50|\n|poke|p2|Clodsire, L50, M|\n|teampreview|4\n|inactive|Battle timer is ON: inactive players will automatically lose when time's up. (requested by warbucks69)\n|inactive|warbucks69 has 60 seconds left.\n|\n|t:|1683978896\n|start\n|switch|p1a: Sylveon|Sylveon, L50, M, shiny|100\/100\n|switch|p1b: Arcanine|Arcanine, L50, M, shiny|100\/100\n|switch|p2a: Iron Bundle|Iron Bundle, L50|100\/100\n|switch|p2b: Gholdengo|Gholdengo, L50|100\/100\n|-ability|p1b: Arcanine|Intimidate|boost\n|-unboost|p2a: Iron Bundle|atk|1\n|-unboost|p2b: Gholdengo|atk|1\n|turn|1\n|inactive|warbucks69 has 30 seconds left.\n|\n|t:|1683978930\n|switch|p1a: Amoonguss|Amoonguss, L50, F, shiny|100\/100\n|-terastallize|p2b: Gholdengo|Water\n|move|p2a: Iron Bundle|Icy Wind|p1b: Arcanine|[spread] p1a\n|-miss|p2a: Iron Bundle|p1b: Arcanine\n|-supereffective|p1a: Amoonguss\n|-damage|p1a: Amoonguss|68\/100\n|-unboost|p1a: Amoonguss|spe|1\n|move|p1b: Arcanine|Flare Blitz|p2b: Gholdengo\n|-resisted|p2b: Gholdengo\n|-damage|p2b: Gholdengo|72\/100\n|-damage|p1b: Arcanine|93\/100|[from] Recoil\n|move|p2b: Gholdengo|Make It Rain|p1a: Amoonguss|[spread] p1a,p1b\n|-resisted|p1b: Arcanine\n|-damage|p1a: Amoonguss|13\/100\n|-damage|p1b: Arcanine|58\/100\n|-unboost|p2b: Gholdengo|spa|1\n|-enditem|p1a: Amoonguss|Sitrus Berry|[eat]\n|-heal|p1a: Amoonguss|38\/100|[from] item: Sitrus Berry\n|\n|upkeep\n|turn|2\n|inactive|warbucks69 has 30 seconds left.\n|\n|t:|1683978959\n|switch|p2b: Iron Hands|Iron Hands, L50|100\/100\n|switch|p1a: Gastrodon|Gastrodon, L50, F, shiny|100\/100\n|-terastallize|p1b: Arcanine|Dark\n|move|p2a: Iron Bundle|Hydro Pump|p1a: Gastrodon\n|-activate|p1a: Gastrodon|ability: Storm Drain\n|-ability|p1a: Gastrodon|Storm Drain|boost\n|-boost|p1a: Gastrodon|spa|1\n|move|p1b: Arcanine|Snarl|p2a: Iron Bundle|[spread] p2a,p2b\n|-resisted|p2b: Iron Hands\n|-damage|p2a: Iron Bundle|72\/100\n|-damage|p2b: Iron Hands|94\/100\n|-unboost|p2a: Iron Bundle|spa|1\n|-unboost|p2b: Iron Hands|spa|1\n|\n|-heal|p2b: Iron Hands|99\/100|[from] item: Leftovers\n|upkeep\n|turn|3\n|inactive|warbucks69 has 30 seconds left.\n|\n|t:|1683978989\n|move|p2a: Iron Bundle|Freeze-Dry|p1a: Gastrodon\n|-supereffective|p1a: Gastrodon\n|-damage|p1a: Gastrodon|18\/100\n|move|p1b: Arcanine|Will-O-Wisp|p2b: Iron Hands|[miss]\n|-miss|p1b: Arcanine|p2b: Iron Hands\n|move|p2b: Iron Hands|Swords Dance|p2b: Iron Hands\n|-boost|p2b: Iron Hands|atk|2\n|move|p1a: Gastrodon|Earth Power|p2a: Iron Bundle\n|-damage|p2a: Iron Bundle|0 fnt\n|faint|p2a: Iron Bundle\n|-end|p2a: Iron Bundle|Quark Drive|[silent]\n|\n|-heal|p2b: Iron Hands|100\/100|[from] item: Leftovers\n|upkeep\n|\n|t:|1683978997\n|switch|p2a: Roaring Moon|Roaring Moon, L50|100\/100\n|-enditem|p2a: Roaring Moon|Booster Energy\n|-activate|p2a: Roaring Moon|ability: Protosynthesis|[fromitem]\n|-start|p2a: Roaring Moon|protosynthesisatk\n|turn|4\n|\n|t:|1683979017\n|move|p2a: Roaring Moon|Acrobatics|p1b: Arcanine\n|-damage|p1b: Arcanine|1\/100\n|move|p1b: Arcanine|Will-O-Wisp|p2b: Iron Hands\n|-status|p2b: Iron Hands|brn\n|move|p2b: Iron Hands|Drain Punch|p1a: Gastrodon\n|-damage|p1a: Gastrodon|0 fnt\n|faint|p1a: Gastrodon\n|\n|-damage|p2b: Iron Hands|94\/100 brn|[from] brn\n|upkeep\n|\n|t:|1683979031\n|switch|p1a: Sylveon|Sylveon, L50, M, shiny|100\/100\n|turn|5\n|\n|t:|1683979045\n|move|p2a: Roaring Moon|Throat Chop|p1a: Sylveon\n|-resisted|p1a: Sylveon\n|-crit|p1a: Sylveon\n|-damage|p1a: Sylveon|44\/100\n|-start|p1a: Sylveon|Throat Chop|[silent]\n|move|p1b: Arcanine|Will-O-Wisp|p2a: Roaring Moon\n|-status|p2a: Roaring Moon|brn\n|cant|p1a: Sylveon|move: Throat Chop\n|move|p2b: Iron Hands|Swords Dance|p2b: Iron Hands\n|-boost|p2b: Iron Hands|atk|2\n|\n|-heal|p2b: Iron Hands|100\/100 brn|[from] item: Leftovers\n|-damage|p2a: Roaring Moon|94\/100 brn|[from] brn\n|-damage|p2b: Iron Hands|94\/100 brn|[from] brn\n|upkeep\n|turn|6\n|inactive|warbucks69 has 30 seconds left.\n|\n|t:|1683979075\n|switch|p1a: Amoonguss|Amoonguss, L50, F, shiny|71\/100\n|move|p2a: Roaring Moon|Acrobatics|p1a: Amoonguss\n|-supereffective|p1a: Amoonguss\n|-damage|p1a: Amoonguss|26\/100\n|move|p1b: Arcanine|Snarl|p2a: Roaring Moon|[spread] p2a,p2b\n|-resisted|p2a: Roaring Moon\n|-resisted|p2b: Iron Hands\n|-damage|p2a: Roaring Moon|88\/100 brn\n|-damage|p2b: Iron Hands|88\/100 brn\n|-unboost|p2a: Roaring Moon|spa|1\n|-unboost|p2b: Iron Hands|spa|1\n|move|p2b: Iron Hands|Wild Charge|p1a: Amoonguss\n|-resisted|p1a: Amoonguss\n|-damage|p1a: Amoonguss|0 fnt\n|faint|p1a: Amoonguss\n|-damage|p2b: Iron Hands|83\/100 brn|[from] Recoil\n|\n|-heal|p2b: Iron Hands|89\/100 brn|[from] item: Leftovers\n|-damage|p2a: Roaring Moon|82\/100 brn|[from] brn\n|-damage|p2b: Iron Hands|83\/100 brn|[from] brn\n|upkeep\n|\n|t:|1683979096\n|switch|p1a: Sylveon|Sylveon, L50, M, shiny|44\/100\n|turn|7\n|\n|t:|1683979107\n|move|p2b: Iron Hands|Detect|p2b: Iron Hands\n|-singleturn|p2b: Iron Hands|Protect\n|move|p2a: Roaring Moon|Throat Chop|p1a: Sylveon\n|-resisted|p1a: Sylveon\n|-damage|p1a: Sylveon|24\/100\n|-start|p1a: Sylveon|Throat Chop|[silent]\n|move|p1b: Arcanine|Flare Blitz|p2a: Roaring Moon\n|-resisted|p2a: Roaring Moon\n|-damage|p2a: Roaring Moon|50\/100 brn\n|-damage|p1b: Arcanine|0 fnt|[from] Recoil\n|faint|p1b: Arcanine\n|move|p1a: Sylveon|Calm Mind|p1a: Sylveon\n|-boost|p1a: Sylveon|spa|1\n|-boost|p1a: Sylveon|spd|1\n|\n|-heal|p2b: Iron Hands|89\/100 brn|[from] item: Leftovers\n|-damage|p2a: Roaring Moon|44\/100 brn|[from] brn\n|-damage|p2b: Iron Hands|83\/100 brn|[from] brn\n|upkeep\n|turn|8\n|-message|warbucks69 forfeited.\n|\n|win|SeveralNonSense\n|raw|warbucks69's rating: 1086 → 1063<\/strong> (-23 for losing)\n|raw|SeveralNonSense's rating: 1080 → 1108<\/strong> (+28 for winning)\n|l|\u2606warbucks69\n","uploadtime":1683979140,"views":11,"p1id":"warbucks69","p2id":"severalnonsense","formatid":"gen9vgc2023regulationc","rating":1063,"private":0,"password":""}