{"id":"gen9vgc2023regulationc-1847005394","p1":"hancec","p2":"Gazamie","format":"[Gen 9] VGC 2023 Regulation C","log":"|j|\u2606hancec\n|j|\u2606Gazamie\n|t:|1681910964\n|gametype|doubles\n|player|p1|hancec|gentleman-gen4dp|1410\n|player|p2|Gazamie|2|1445\n|teamsize|p1|6\n|teamsize|p2|6\n|gen|9\n|tier|[Gen 9] VGC 2023 Regulation C\n|rated|\n|rule|Species Clause: Limit one of each Pok\u00e9mon\n|rule|Item Clause: Limit one of each item\n|clearpoke\n|poke|p1|Murkrow, L50, F|\n|poke|p1|Iron Bundle, L50|\n|poke|p1|Chi-Yu, L50|\n|poke|p1|Gholdengo, L50|\n|poke|p1|Great Tusk, L50|\n|poke|p1|Brute Bonnet, L50|\n|poke|p2|Gholdengo, L50|\n|poke|p2|Indeedee-F, L50, F|\n|poke|p2|Armarouge, L50, F|\n|poke|p2|Dragonite, L50, M|\n|poke|p2|Chien-Pao, L50|\n|poke|p2|Torkoal, L50, M|\n|teampreview|4\nhancec has agreed to open team sheets.\n|\n|t:|1681911006\n|start\n|switch|p1a: Matsuemon|Murkrow, L50, F, shiny|100\/100\n|switch|p1b: Inosuke|Great Tusk, L50|100\/100\n|switch|p2a: Indeedee|Indeedee-F, L50, F|100\/100\n|switch|p2b: Armarouge|Armarouge, L50, F|100\/100\n|-fieldstart|move: Psychic Terrain|[from] ability: Psychic Surge|[of] p2a: Indeedee\n|-enditem|p2a: Indeedee|Psychic Seed\n|-boost|p2a: Indeedee|spd|1|[from] item: Psychic Seed\n|turn|1\n|\n|t:|1681911036\n|-terastallize|p2b: Armarouge|Grass\n|move|p1a: Matsuemon|Brave Bird|p2b: Armarouge\n|-supereffective|p2b: Armarouge\n|-damage|p2b: Armarouge|3\/100\n|-damage|p1a: Matsuemon|55\/100|[from] Recoil\n|move|p1b: Inosuke|Earthquake|p2b: Armarouge|[spread] p2a,p2b\n|-immune|p1a: Matsuemon\n|-resisted|p2b: Armarouge\n|-damage|p2a: Indeedee|58\/100\n|-damage|p2b: Armarouge|0 fnt\n|faint|p2b: Armarouge\n|move|p2a: Indeedee|Trick Room|p2a: Indeedee\n|-fieldstart|move: Trick Room|[of] p2a: Indeedee\n|\n|upkeep\n|\n|t:|1681911051\n|switch|p2b: Gholdengo|Gholdengo, L50|100\/100\n|turn|2\n|\n|t:|1681911074\n|switch|p1a: Tanjiro|Chi-Yu, L50|100\/100\n|-ability|p1a: Tanjiro|Beads of Ruin\n|move|p1b: Inosuke|Protect|p1b: Inosuke\n|-singleturn|p1b: Inosuke|Protect\n|move|p2b: Gholdengo|Make It Rain|p1b: Inosuke|[spread] p1a\n|-activate|p1b: Inosuke|move: Protect\n|-resisted|p1a: Tanjiro\n|-crit|p1a: Tanjiro\n|-damage|p1a: Tanjiro|35\/100\n|-unboost|p2b: Gholdengo|spa|1\n|move|p2a: Indeedee|Psychic|p1b: Inosuke\n|-activate|p1b: Inosuke|move: Protect\n|\n|upkeep\n|turn|3\n|\n|t:|1681911100\n|-end|p1b: Inosuke|Protosynthesis|[silent]\n|switch|p1b: Zenitsu|Gholdengo, L50|100\/100\n|move|p1a: Tanjiro|Protect|p1a: Tanjiro\n|-singleturn|p1a: Tanjiro|Protect\n|move|p2a: Indeedee|Follow Me|p2a: Indeedee\n|-singleturn|p2a: Indeedee|move: Follow Me\n|move|p2b: Gholdengo|Make It Rain|p1a: Tanjiro|[spread] p1b\n|-activate|p1a: Tanjiro|move: Protect\n|-resisted|p1b: Zenitsu\n|-damage|p1b: Zenitsu|62\/100\n|-unboost|p2b: Gholdengo|spa|1\n|\n|upkeep\n|turn|4\n|j| THUNDERSND77\n|\n|t:|1681911119\n|-terastallize|p1b: Zenitsu|Steel\n|move|p2b: Gholdengo|Make It Rain|p1a: Tanjiro|[spread] p1a,p1b\n|-resisted|p1a: Tanjiro\n|-resisted|p1b: Zenitsu\n|-damage|p1a: Tanjiro|14\/100\n|-damage|p1b: Zenitsu|30\/100\n|-unboost|p2b: Gholdengo|spa|1\n|move|p2a: Indeedee|Psychic|p1b: Zenitsu\n|-resisted|p1b: Zenitsu\n|-damage|p1b: Zenitsu|0 fnt\n|faint|p1b: Zenitsu\n|move|p1a: Tanjiro|Heat Wave|p2a: Indeedee|[spread] p2a,p2b\n|-supereffective|p2b: Gholdengo\n|-damage|p2a: Indeedee|27\/100\n|-damage|p2b: Gholdengo|7\/100\n|\n|upkeep\n|\n|t:|1681911130\n|switch|p1b: Inosuke|Great Tusk, L50|100\/100\n|turn|5\n|\n|t:|1681911138\n|move|p1b: Inosuke|Protect|p1b: Inosuke\n|-singleturn|p1b: Inosuke|Protect\n|move|p1a: Tanjiro|Protect|p1a: Tanjiro\n|-singleturn|p1a: Tanjiro|Protect\n|move|p2b: Gholdengo|Make It Rain|p1b: Inosuke|[spread] \n|-activate|p1a: Tanjiro|move: Protect\n|-activate|p1b: Inosuke|move: Protect\n|move|p2a: Indeedee|Psychic|p1b: Inosuke\n|-activate|p1b: Inosuke|move: Protect\n|\n|-fieldend|move: Trick Room\n|-fieldend|move: Psychic Terrain\n|upkeep\n|turn|6\n|\n|t:|1681911157\n|switch|p1a: Matsuemon|Murkrow, L50, F, shiny|55\/100\n|move|p1b: Inosuke|Earthquake|p2a: Indeedee|[spread] p2a,p2b\n|-immune|p1a: Matsuemon\n|-supereffective|p2b: Gholdengo\n|-damage|p2a: Indeedee|0 fnt\n|-damage|p2b: Gholdengo|0 fnt\n|faint|p2a: Indeedee\n|faint|p2b: Gholdengo\n|\n|upkeep\n|\n|t:|1681911166\n|switch|p2b: Dragonite|Dragonite, L50, M|100\/100\n|turn|7\n|j| EstoyFuerisimaVGC\n|\n|t:|1681911195\n|move|p1a: Matsuemon|Tailwind|p1a: Matsuemon\n|-sidestart|p1: hancec|move: Tailwind\n|move|p1b: Inosuke|Close Combat|p2b: Dragonite\n|-resisted|p2b: Dragonite\n|-damage|p2b: Dragonite|84\/100\n|-unboost|p1b: Inosuke|def|1\n|-unboost|p1b: Inosuke|spd|1\n|move|p2b: Dragonite|Dragon Claw|p1b: Inosuke\n|-damage|p1b: Inosuke|17\/100\n|\n|upkeep\n|turn|8\n|\n|t:|1681911207\n|move|p1a: Matsuemon|Brave Bird|p2b: Dragonite\n|-damage|p2b: Dragonite|38\/100\n|-damage|p1a: Matsuemon|33\/100|[from] Recoil\n|move|p1b: Inosuke|Close Combat|p2b: Dragonite\n|-resisted|p2b: Dragonite\n|-crit|p2b: Dragonite\n|-damage|p2b: Dragonite|0 fnt\n|-unboost|p1b: Inosuke|def|1\n|-unboost|p1b: Inosuke|spd|1\n|faint|p2b: Dragonite\n|\n|win|hancec\n|raw|hancec's rating: 1410 → 1432<\/strong> (+22 for winning)\n|raw|Gazamie's rating: 1445 → 1423<\/strong> (-22 for losing)\n","uploadtime":1681911212,"views":16,"p1id":"hancec","p2id":"gazamie","formatid":"gen9vgc2023regulationc","rating":1423,"private":0,"password":""}