{"id":"gen9vgc2023regulationc-1851808261","p1":"metropegao","p2":"ArnavChawla","format":"[Gen 9] VGC 2023 Regulation C","log":"|j|\u2606metropegao\n|j|\u2606ArnavChawla\n|t:|1682487395\n|gametype|doubles\n|player|p1|metropegao|1|\n|player|p2|ArnavChawla|ingo|\n|teamsize|p1|6\n|teamsize|p2|6\n|gen|9\n|tier|[Gen 9] VGC 2023 Regulation C\n|rated|Tournament battle\n|rule|Species Clause: Limit one of each Pok\u00e9mon\n|rule|Item Clause: Limit one of each item\n|clearpoke\n|poke|p1|Orthworm, L50, M|\n|poke|p1|Dragonite, L50, M|\n|poke|p1|Ting-Lu, L50|\n|poke|p1|Gyarados, L50, F|\n|poke|p1|Flutter Mane, L50|\n|poke|p1|Chien-Pao, L50|\n|poke|p2|Ting-Lu, L50|\n|poke|p2|Arcanine, L50, F|\n|poke|p2|Chien-Pao, L50|\n|poke|p2|Amoonguss, L50, M|\n|poke|p2|Kingambit, L50, F|\n|poke|p2|Flutter Mane, L50|\n|teampreview|4\n|raw| Open Team Sheet for metropegao<\/summary>Orthworm @ Sitrus Berry Ability: Earth Eater Level: 50 Tera Type: Fire - Shed Tail - Body Press - Iron Defense - Heavy Slam Dragonite @ Lum Berry Ability: Multiscale Level: 50 Tera Type: Flying - Dragon Dance - Tera Blast - Earthquake - Extreme Speed Ting-Lu @ Choice Band Ability: Vessel of Ruin Level: 50 Tera Type: Water - Earthquake - Rock Slide - Throat Chop - Bulldoze Gyarados @ Safety Goggles Ability: Intimidate Level: 50 Tera Type: Water - Taunt - Thunder Wave - Waterfall - Bulldoze Flutter Mane @ Choice Specs Ability: Protosynthesis Level: 50 Tera Type: Fairy - Hex - Dazzling Gleam - Moonblast - Icy Wind Chien-Pao @ Focus Sash Ability: Sword of Ruin Level: 50 Tera Type: Dark - Ice Spinner - Sucker Punch - Haze - Protect <\/details><\/div> Open Team Sheet for ArnavChawla<\/summary>Ting-Lu @ Leftovers Ability: Vessel of Ruin Level: 50 Tera Type: Water - Body Press - Protect - Heavy Slam - Ruination Arcanine @ Safety Goggles Ability: Intimidate Level: 50 Tera Type: Grass - Flare Blitz - Will-O-Wisp - Protect - Extreme Speed Chien-Pao @ Focus Sash Ability: Sword of Ruin Level: 50 Tera Type: Ghost - Icicle Crash - Sacred Sword - Sucker Punch - Protect Amoonguss @ Rocky Helmet Ability: Regenerator Level: 50 Tera Type: Fire - Pollen Puff - Rage Powder - Protect - Spore Kingambit @ Assault Vest Ability: Defiant Level: 50 Tera Type: Fairy - Kowtow Cleave - Sucker Punch - Tera Blast - Iron Head Flutter Mane @ Choice Specs Ability: Protosynthesis Level: 50 Tera Type: Fairy - Shadow Ball - Dazzling Gleam - Psyshock - Thunderbolt <\/details><\/div>\n|inactive|Battle timer is ON: inactive players will automatically lose when time's up. (requested by metropegao)\n|inactive|ArnavChawla also wants the timer to be on.\n|j| Wottl3y\n|inactive|metropegao has 60 seconds left.\n|\n|t:|1682487445\n|start\n|switch|p1a: Dragonite|Dragonite, L50, M|100\/100\n|switch|p1b: Orthworm|Orthworm, L50, M|100\/100\n|switch|p2a: Arcanine|Arcanine, L50, F|100\/100\n|switch|p2b: Kingambit|Kingambit, L50, F|100\/100\n|-ability|p2a: Arcanine|Intimidate|boost\n|-unboost|p1a: Dragonite|atk|1\n|-unboost|p1b: Orthworm|atk|1\n|turn|1\n|inactive|metropegao has 30 seconds left.\n|\n|t:|1682487478\n|switch|p2b: Flutter Mane|Flutter Mane, L50|100\/100\n|-terastallize|p1b: Orthworm|Fire\n|move|p1a: Dragonite|Earthquake|p2a: Arcanine|[spread] p2a,p2b\n|-immune|p1b: Orthworm|[from] ability: Earth Eater\n|-supereffective|p2a: Arcanine\n|-damage|p2a: Arcanine|65\/100\n|-damage|p2b: Flutter Mane|72\/100\n|move|p2a: Arcanine|Will-O-Wisp|p1b: Orthworm|[miss]\n|-miss|p2a: Arcanine|p1b: Orthworm\n|move|p1b: Orthworm|Iron Defense|p1b: Orthworm\n|-boost|p1b: Orthworm|def|2\n|\n|upkeep\n|turn|2\n|\n|t:|1682487495\n|move|p2b: Flutter Mane|Shadow Ball|p1b: Orthworm\n|-damage|p1b: Orthworm|21\/100\n|-unboost|p1b: Orthworm|spd|1\n|-enditem|p1b: Orthworm|Sitrus Berry|[eat]\n|-heal|p1b: Orthworm|46\/100|[from] item: Sitrus Berry\n|move|p1a: Dragonite|Dragon Dance|p1a: Dragonite\n|-boost|p1a: Dragonite|atk|1\n|-boost|p1a: Dragonite|spe|1\n|move|p2a: Arcanine|Will-O-Wisp|p1a: Dragonite\n|-status|p1a: Dragonite|brn\n|-enditem|p1a: Dragonite|Lum Berry|[eat]\n|-curestatus|p1a: Dragonite|brn|[msg]\n|move|p1b: Orthworm|Heavy Slam|p2b: Flutter Mane\n|-supereffective|p2b: Flutter Mane\n|-damage|p2b: Flutter Mane|0 fnt\n|faint|p2b: Flutter Mane\n|-end|p2b: Flutter Mane|Protosynthesis|[silent]\n|\n|upkeep\n|\n|t:|1682487508\n|switch|p2b: Kingambit|Kingambit, L50, F|100\/100\n|turn|3\n|\n|t:|1682487530\n|-terastallize|p2b: Kingambit|Fairy\n|move|p1a: Dragonite|Dragon Dance|p1a: Dragonite\n|-boost|p1a: Dragonite|atk|1\n|-boost|p1a: Dragonite|spe|1\n|move|p2a: Arcanine|Will-O-Wisp|p1a: Dragonite\n|-status|p1a: Dragonite|brn\n|move|p1b: Orthworm|Body Press|p2a: Arcanine\n|-damage|p2a: Arcanine|7\/100\n|move|p2b: Kingambit|Kowtow Cleave|p1b: Orthworm\n|-damage|p1b: Orthworm|28\/100\n|\n|-damage|p1a: Dragonite|95\/100 brn|[from] brn\n|upkeep\n|turn|4\n|\n|t:|1682487546\n|move|p2a: Arcanine|Extreme Speed|p1b: Orthworm\n|-damage|p1b: Orthworm|20\/100\n|move|p2b: Kingambit|Sucker Punch||[still]\n|-fail|p2b: Kingambit\n|move|p1a: Dragonite|Earthquake|p2a: Arcanine|[spread] p2a,p2b\n|-heal|p1b: Orthworm|45\/100|[from] ability: Earth Eater|[of] p1a: Dragonite\n|-supereffective|p2a: Arcanine\n|-damage|p2a: Arcanine|0 fnt\n|-damage|p2b: Kingambit|86\/100\n|faint|p2a: Arcanine\n|move|p1b: Orthworm|Iron Defense|p1b: Orthworm\n|-boost|p1b: Orthworm|def|2\n|\n|-damage|p1a: Dragonite|89\/100 brn|[from] brn\n|upkeep\n|\n|t:|1682487550\n|switch|p2a: Ting-Lu|Ting-Lu, L50|100\/100\n|-ability|p2a: Ting-Lu|Vessel of Ruin\n|turn|5\n|\n|t:|1682487568\n|move|p2b: Kingambit|Sucker Punch|p1b: Orthworm\n|-damage|p1b: Orthworm|35\/100\n|move|p1a: Dragonite|Earthquake|p2a: Ting-Lu|[spread] p2a,p2b\n|-heal|p1b: Orthworm|60\/100|[from] ability: Earth Eater|[of] p1a: Dragonite\n|-damage|p2a: Ting-Lu|91\/100\n|-damage|p2b: Kingambit|72\/100\n|move|p1b: Orthworm|Body Press|p2a: Ting-Lu\n|-supereffective|p2a: Ting-Lu\n|-damage|p2a: Ting-Lu|2\/100\n|move|p2a: Ting-Lu|Body Press|p1b: Orthworm\n|-damage|p1b: Orthworm|53\/100\n|\n|-heal|p2a: Ting-Lu|8\/100|[from] item: Leftovers\n|-damage|p1a: Dragonite|83\/100 brn|[from] brn\n|upkeep\n|turn|6\n|-message|ArnavChawla forfeited.\n|\n|win|metropegao\n|n|\u2606metropegao|metropegao\n|n|\u2606ArnavChawla|arnavchawla\n|n| Wottl3y|wottl3y\n|l|\u2606ArnavChawla\n","uploadtime":1682487582,"views":23,"p1id":"metropegao","p2id":"arnavchawla","formatid":"gen9vgc2023regulationc","rating":0,"private":0,"password":""}