{"id":"gen9vgc2023regulationc-1857179049","p1":"WeirdPolyCouple","p2":"VGC world","format":"[Gen 9] VGC 2023 Regulation C","log":"|j|\u2606WeirdPolyCouple\n|j|\u2606VGC world\n|t:|1683154563\n|gametype|doubles\n|player|p1|WeirdPolyCouple|doubleteam|1146\n|player|p2|VGC world|jupiter|1108\n|teamsize|p1|6\n|teamsize|p2|6\n|gen|9\n|tier|[Gen 9] VGC 2023 Regulation C\n|rated|\n|rule|Species Clause: Limit one of each Pok\u00e9mon\n|rule|Item Clause: Limit one of each item\n|clearpoke\n|poke|p1|Scream Tail, L50|\n|poke|p1|Baxcalibur, L50, F|\n|poke|p1|Iron Hands, L50|\n|poke|p1|Dragonite, L50, F|\n|poke|p1|Kingambit, L50, F|\n|poke|p1|Chien-Pao, L50|\n|poke|p2|Annihilape, L50, F|\n|poke|p2|Maushold-Four, L50|\n|poke|p2|Flutter Mane, L50|\n|poke|p2|Gyarados, L50, M|\n|poke|p2|Amoonguss, L50, M|\n|poke|p2|Iron Bundle, L50|\n|teampreview|4\nWeirdPolyCouple has agreed to open team sheets.\nVGC world has agreed to open team sheets.\n|j| fheopjgaoijfaofjo\n|inactive|Battle timer is ON: inactive players will automatically lose when time's up. (requested by WeirdPolyCouple)\n|\n|t:|1683154647\n|start\n|switch|p1a: Doom|Scream Tail, L50|100\/100\n|switch|p1b: Demise|Baxcalibur, L50, F|100\/100\n|switch|p2a: Gyarados|Gyarados, L50, M, shiny|100\/100\n|switch|p2b: Amoonguss|Amoonguss, L50, M|100\/100\n|-ability|p2a: Gyarados|Intimidate|boost\n|-unboost|p1a: Doom|atk|1\n|-fail|p1b: Demise|unboost|[from] item: Clear Amulet|[of] p1b: Demise\n|-enditem|p1a: Doom|Booster Energy\n|-activate|p1a: Doom|ability: Protosynthesis|[fromitem]\n|-start|p1a: Doom|protosynthesisspe\n|turn|1\n|inactive|WeirdPolyCouple has 30 seconds left.\n|inactive|VGC world has 30 seconds left.\n|inactive|WeirdPolyCouple has 20 seconds left.\n|inactive|WeirdPolyCouple has 15 seconds left.\n|inactive|VGC world has 20 seconds left.\n|inactive|VGC world has 15 seconds left.\n|inactive|VGC world has 10 seconds left.\n|\n|t:|1683154698\n|move|p1a: Doom|Howl|p1a: Doom|[spread] p1a,p1b\n|-boost|p1a: Doom|atk|1\n|-boost|p1b: Demise|atk|1\n|move|p2a: Gyarados|Thunder Wave|p1b: Demise\n|-status|p1b: Demise|par\n|move|p1b: Demise|Dragon Dance|p1b: Demise\n|-boost|p1b: Demise|atk|1\n|-boost|p1b: Demise|spe|1\n|move|p2b: Amoonguss|Spore|p1a: Doom\n|-status|p1a: Doom|slp|[from] move: Spore\n|\n|upkeep\n|turn|2\n|inactive|VGC world has 30 seconds left.\n|\n|t:|1683154732\n|switch|p2a: Flutter Mane|Flutter Mane, L50|100\/100\n|move|p1b: Demise|Ice Shard|p2b: Amoonguss\n|-supereffective|p2b: Amoonguss\n|-damage|p2b: Amoonguss|43\/100\n|-enditem|p2b: Amoonguss|Sitrus Berry|[eat]\n|-heal|p2b: Amoonguss|67\/100|[from] item: Sitrus Berry\n|cant|p1a: Doom|slp\n|move|p2b: Amoonguss|Pollen Puff|p1b: Demise\n|-damage|p1b: Demise|86\/100 par\n|\n|upkeep\n|turn|3\n|inactive|WeirdPolyCouple has 30 seconds left.\n|inactive|VGC world has 30 seconds left.\n|inactive|WeirdPolyCouple has 20 seconds left.\n|inactive|WeirdPolyCouple has 15 seconds left.\n|inactive|VGC world has 20 seconds left.\n|inactive|WeirdPolyCouple has 10 seconds left.\n|\n|t:|1683154777\n|-terastallize|p1b: Demise|Poison\n|move|p2b: Amoonguss|Rage Powder|p2b: Amoonguss\n|-singleturn|p2b: Amoonguss|move: Rage Powder\n|cant|p1a: Doom|slp\n|move|p2a: Flutter Mane|Shadow Ball|p1a: Doom\n|-supereffective|p1a: Doom\n|-damage|p1a: Doom|0 fnt\n|faint|p1a: Doom\n|-end|p1a: Doom|Protosynthesis|[silent]\n|move|p1b: Demise|Dragon Dance|p1b: Demise\n|-boost|p1b: Demise|atk|1\n|-boost|p1b: Demise|spe|1\n|\n|upkeep\n|\n|t:|1683154792\n|switch|p1a: Defacation|Chien-Pao, L50|100\/100\n|-ability|p1a: Defacation|Sword of Ruin\n|turn|4\n|\n|t:|1683154807\n|move|p2b: Amoonguss|Rage Powder|p2b: Amoonguss\n|-singleturn|p2b: Amoonguss|move: Rage Powder\n|move|p1a: Defacation|Sucker Punch||[still]\n|-fail|p1a: Defacation\n|move|p1b: Demise|Ice Shard|p2b: Amoonguss\n|-supereffective|p2b: Amoonguss\n|-damage|p2b: Amoonguss|0 fnt\n|faint|p2b: Amoonguss\n|move|p2a: Flutter Mane|Shadow Ball|p1b: Demise\n|-damage|p1b: Demise|34\/100 par\n|\n|upkeep\n|\n|t:|1683154824\n|switch|p2b: Gyarados|Gyarados, L50, M, shiny|100\/100\n|-ability|p2b: Gyarados|Intimidate|boost\n|-unboost|p1a: Defacation|atk|1\n|-fail|p1b: Demise|unboost|[from] item: Clear Amulet|[of] p1b: Demise\n|turn|5\n|inactive|WeirdPolyCouple has 30 seconds left.\n|inactive|VGC world has 30 seconds left.\n|inactive|WeirdPolyCouple has 20 seconds left.\n|\n|t:|1683154859\n|-end|p2a: Flutter Mane|Protosynthesis|[silent]\n|switch|p2a: Annihilape|Annihilape, L50, F, shiny|100\/100\n|move|p1a: Defacation|Sucker Punch||[still]\n|-fail|p1a: Defacation\n|cant|p1b: Demise|par\n|move|p2b: Gyarados|Thunder Wave|p1a: Defacation\n|-status|p1a: Defacation|par\n|\n|upkeep\n|turn|6\n|inactive|WeirdPolyCouple has 30 seconds left.\n|\n|t:|1683154891\n|cant|p1b: Demise|par\n|move|p2b: Gyarados|Waterfall|p1b: Demise\n|-damage|p1b: Demise|2\/100 par\n|move|p2a: Annihilape|Rage Fist|p1b: Demise\n|-damage|p1b: Demise|0 fnt\n|faint|p1b: Demise\n|move|p1a: Defacation|Ice Spinner|p2b: Gyarados\n|-damage|p2b: Gyarados|58\/100\n|\n|upkeep\n|\n|t:|1683154901\n|switch|p1b: Destruction|Kingambit, L50, F|100\/100\n|turn|7\n|inactive|WeirdPolyCouple has 30 seconds left.\n|inactive|WeirdPolyCouple has 20 seconds left.\n|inactive|WeirdPolyCouple has 15 seconds left.\n|inactive|WeirdPolyCouple has 10 seconds left.\n|\n|t:|1683154948\n|move|p1a: Defacation|Sucker Punch||[still]\n|-fail|p1a: Defacation\n|move|p1b: Destruction|Sucker Punch||[still]\n|-fail|p1b: Destruction\n|move|p2b: Gyarados|Thunder Wave|p1b: Destruction\n|-status|p1b: Destruction|par\n|move|p2a: Annihilape|Bulk Up|p2a: Annihilape\n|-boost|p2a: Annihilape|atk|1\n|-boost|p2a: Annihilape|def|1\n|\n|upkeep\n|turn|8\n|-message|WeirdPolyCouple forfeited.\n|\n|win|VGC world\n|raw|WeirdPolyCouple's rating: 1146 → 1118<\/strong> (-28 for losing)\n|raw|VGC world's rating: 1108 → 1136<\/strong> (+28 for winning)\n|l|\u2606WeirdPolyCouple\n","uploadtime":1683154963,"views":9,"p1id":"weirdpolycouple","p2id":"vgcworld","formatid":"gen9vgc2023regulationc","rating":1118,"private":0,"password":""}