{"id":"gen9vgc2023regulationc-1856990419","p1":"SurpriseAttacks","p2":"Wild Barge","format":"[Gen 9] VGC 2023 Regulation C","log":"|j|\u2606SurpriseAttacks\n|j|\u2606Wild Barge\n|t:|1683134178\n|gametype|doubles\n|player|p1|SurpriseAttacks|gentleman-gen4|\n|player|p2|Wild Barge|marlon|\n|teamsize|p1|6\n|teamsize|p2|6\n|gen|9\n|tier|[Gen 9] VGC 2023 Regulation C\n|rated|Tournament battle\n|rule|Species Clause: Limit one of each Pok\u00e9mon\n|rule|Item Clause: Limit one of each item\n|clearpoke\n|poke|p1|Baxcalibur, L50, M|\n|poke|p1|Brute Bonnet, L50|\n|poke|p1|Gyarados, L50, M|\n|poke|p1|Flutter Mane, L50|\n|poke|p1|Rotom-Heat, L50|\n|poke|p1|Garganacl, L50, F|\n|poke|p2|Spiritomb, L50, F|\n|poke|p2|Iron Hands, L50|\n|poke|p2|Brute Bonnet, L50|\n|poke|p2|Torkoal, L50, F|\n|poke|p2|Indeedee-F, L50, F|\n|poke|p2|Armarouge, L50, F|\n|teampreview|4\n|raw| Open Team Sheet for SurpriseAttacks<\/summary>Baxcalibur (M) @ Life Orb Ability: Thermal Exchange Level: 50 Tera Type: Water - Glaive Rush - Icicle Spear - Ice Shard - Protect Brute Bonnet @ Loaded Dice Ability: Protosynthesis Level: 50 Tera Type: Water - Bullet Seed - Crunch - Spore - Taunt Gyarados (M) @ Lum Berry Ability: Intimidate Level: 50 Tera Type: Steel - Waterfall - Iron Head - Thunder Wave - Helping Hand Flutter Mane @ Booster Energy Ability: Protosynthesis Level: 50 Tera Type: Fairy - Moonblast - Hex - Substitute - Protect Rotom (Rotom-Heat) @ Safety Goggles Ability: Levitate Level: 50 Tera Type: Water - Overheat - Thunderbolt - Nasty Plot - Protect Garganacl (F) @ Assault Vest Ability: Purifying Salt Level: 50 Tera Type: Flying - Heavy Slam - Fissure - Rock Slide - Stomping Tantrum <\/details><\/div> Open Team Sheet for Wild Barge<\/summary>Orbit (Spiritomb) @ Iron Ball Ability: Infiltrator Level: 50 Shiny: Yes Tera Type: Poison - Snarl - Helping Hand - Trick Room - Taunt Everybody Clap (Iron Hands) @ Assault Vest Ability: Quark Drive Level: 50 Tera Type: Grass - Wild Charge - Close Combat - Volt Switch - Fake Out Imposter x2 (Brute Bonnet) @ Loaded Dice Ability: Protosynthesis Level: 50 Tera Type: Water - Bullet Seed - Sucker Punch - Spore - Crunch Alt+F4 (Torkoal) @ Choice Specs Ability: Drought Level: 50 Shiny: Yes Tera Type: Fire - Eruption - Earth Power - Solar Beam - Sludge Bomb Hairrrrrrr (Indeedee-F) (F) @ Safety Goggles Ability: Psychic Surge Level: 50 Tera Type: Fairy - Psychic - Protect - Trick Room - Follow Me What? (Armarouge) @ Life Orb Ability: Flash Fire Level: 50 Tera Type: Psychic - Expanding Force - Armor Cannon - Protect - Trick Room <\/details><\/div>\n|\n|t:|1683134209\n|start\n|switch|p1a: Brute Bonnet|Brute Bonnet, L50|100\/100\n|switch|p1b: Flutter Mane|Flutter Mane, L50|100\/100\n|switch|p2a: Hairrrrrrr|Indeedee-F, L50, F|100\/100\n|switch|p2b: What?|Armarouge, L50, F|100\/100\n|-fieldstart|move: Psychic Terrain|[from] ability: Psychic Surge|[of] p2a: Hairrrrrrr\n|-enditem|p1b: Flutter Mane|Booster Energy\n|-activate|p1b: Flutter Mane|ability: Protosynthesis|[fromitem]\n|-start|p1b: Flutter Mane|protosynthesisspa\n|turn|1\n|\n|t:|1683134240\n|move|p2a: Hairrrrrrr|Follow Me|p2a: Hairrrrrrr\n|-singleturn|p2a: Hairrrrrrr|move: Follow Me\n|move|p1b: Flutter Mane|Substitute|p1b: Flutter Mane\n|-start|p1b: Flutter Mane|Substitute\n|-damage|p1b: Flutter Mane|76\/100\n|move|p1a: Brute Bonnet|Taunt|p2a: Hairrrrrrr\n|-start|p2a: Hairrrrrrr|move: Taunt\n|move|p2b: What?|Armor Cannon|p1a: Brute Bonnet\n|-supereffective|p1a: Brute Bonnet\n|-damage|p1a: Brute Bonnet|0 fnt\n|-unboost|p2b: What?|def|1\n|-unboost|p2b: What?|spd|1\n|faint|p1a: Brute Bonnet\n|-end|p1a: Brute Bonnet|Protosynthesis|[silent]\n|-damage|p2b: What?|91\/100|[from] item: Life Orb\n|\n|upkeep\n|\n|t:|1683134262\n|switch|p1a: Rotom|Rotom-Heat, L50|100\/100\n|turn|2\n|\n|t:|1683134279\n|switch|p2a: Imposter x2|Brute Bonnet, L50|100\/100\n|switch|p2b: Alt+F4|Torkoal, L50, F, shiny|100\/100\n|-weather|SunnyDay|[from] ability: Drought|[of] p2b: Alt+F4\n|-activate|p2a: Imposter x2|ability: Protosynthesis\n|-start|p2a: Imposter x2|protosynthesisatk\n|move|p1b: Flutter Mane|Moonblast|p2b: Alt+F4\n|-resisted|p2b: Alt+F4\n|-damage|p2b: Alt+F4|56\/100\n|-unboost|p2b: Alt+F4|spa|1\n|move|p1a: Rotom|Thunderbolt|p2b: Alt+F4\n|-damage|p2b: Alt+F4|2\/100\n|\n|-weather|SunnyDay|[upkeep]\n|upkeep\n|turn|3\n|\n|t:|1683134303\n|move|p1b: Flutter Mane|Moonblast|p2b: Alt+F4\n|-resisted|p2b: Alt+F4\n|-damage|p2b: Alt+F4|0 fnt\n|faint|p2b: Alt+F4\n|move|p1a: Rotom|Overheat|p2a: Imposter x2\n|-supereffective|p2a: Imposter x2\n|-damage|p2a: Imposter x2|0 fnt\n|-unboost|p1a: Rotom|spa|2\n|faint|p2a: Imposter x2\n|-end|p2a: Imposter x2|Protosynthesis|[silent]\n|\n|-weather|SunnyDay|[upkeep]\n|upkeep\n|\n|t:|1683134310\n|switch|p2a: Hairrrrrrr|Indeedee-F, L50, F|100\/100\n|switch|p2b: What?|Armarouge, L50, F|91\/100\n|turn|4\n|\n|t:|1683134331\n|-terastallize|p1b: Flutter Mane|Fairy\n|move|p2a: Hairrrrrrr|Protect|p2a: Hairrrrrrr\n|-singleturn|p2a: Hairrrrrrr|Protect\n|move|p1b: Flutter Mane|Moonblast|p2a: Hairrrrrrr\n|-activate|p2a: Hairrrrrrr|move: Protect\n|move|p1a: Rotom|Overheat|p2a: Hairrrrrrr\n|-activate|p2a: Hairrrrrrr|move: Protect\n|move|p2b: What?|Expanding Force|p1a: Rotom|[spread] p1a,p1b\n|-end|p1b: Flutter Mane|Substitute\n|-damage|p1a: Rotom|3\/100\n|-damage|p2b: What?|81\/100|[from] item: Life Orb\n|\n|-weather|SunnyDay|[upkeep]\n|upkeep\n|turn|5\n|\n|t:|1683134345\n|move|p2a: Hairrrrrrr|Follow Me|p2a: Hairrrrrrr\n|-singleturn|p2a: Hairrrrrrr|move: Follow Me\n|move|p1b: Flutter Mane|Moonblast|p2a: Hairrrrrrr\n|-damage|p2a: Hairrrrrrr|15\/100\n|-unboost|p2a: Hairrrrrrr|spa|1\n|move|p1a: Rotom|Overheat|p2a: Hairrrrrrr\n|-damage|p2a: Hairrrrrrr|0 fnt\n|-unboost|p1a: Rotom|spa|2\n|faint|p2a: Hairrrrrrr\n|move|p2b: What?|Expanding Force|p1b: Flutter Mane|[spread] p1a,p1b\n|-damage|p1a: Rotom|0 fnt\n|-damage|p1b: Flutter Mane|0 fnt\n|faint|p1a: Rotom\n|faint|p1b: Flutter Mane\n|-end|p1b: Flutter Mane|Protosynthesis|[silent]\n|-damage|p2b: What?|71\/100|[from] item: Life Orb\n|\n|-weather|SunnyDay|[upkeep]\n|-fieldend|move: Psychic Terrain\n|upkeep\n|\n|t:|1683134354\n|switch|p1b: Baxcalibur|Baxcalibur, L50, M|100\/100\n|turn|6\n|\n|t:|1683134362\n|move|p1b: Baxcalibur|Glaive Rush|p2b: What?\n|-damage|p2b: What?|0 fnt\n|-singlemove|p1b: Baxcalibur|Glaive Rush|[silent]\n|faint|p2b: What?\n|-damage|p1b: Baxcalibur|91\/100|[from] item: Life Orb\n|\n|win|SurpriseAttacks\n|n|\u2606SurpriseAttacks|surpriseattacks\n|n|\u2606Wild Barge|wildbarge\n|c|\u2606Wild Barge|gg\n|l|\u2606Wild Barge\n","uploadtime":1683134406,"views":13,"p1id":"surpriseattacks","p2id":"wildbarge","formatid":"gen9vgc2023regulationc","rating":0,"private":0,"password":""}