{"id":"gen9vgc2023regulationc-1846886985","p1":"xiaoyang2004","p2":"moth.o","format":"[Gen 9] VGC 2023 Regulation C","log":"|j|\u2606xiaoyang2004\n|j|\u2606moth.o\n|t:|1681896105\n|gametype|doubles\n|player|p1|xiaoyang2004|lyra|1288\n|player|p2|moth.o|roxie|1210\n|teamsize|p1|6\n|teamsize|p2|6\n|gen|9\n|tier|[Gen 9] VGC 2023 Regulation C\n|rated|\n|rule|Species Clause: Limit one of each Pok\u00e9mon\n|rule|Item Clause: Limit one of each item\n|clearpoke\n|poke|p1|Chi-Yu, L50|\n|poke|p1|Flutter Mane, L50|\n|poke|p1|Iron Bundle, L50|\n|poke|p1|Gholdengo, L50|\n|poke|p1|Talonflame, L50, M|\n|poke|p1|Amoonguss, L50, M|\n|poke|p2|Chi-Yu, L50|\n|poke|p2|Iron Jugulis, L50|\n|poke|p2|Palafin, L50, M|\n|poke|p2|Great Tusk, L50|\n|poke|p2|Gholdengo, L50|\n|poke|p2|Glimmora, L50, F|\n|teampreview|4\n|\n|t:|1681896151\n|start\n|switch|p1a: Iron Bundle|Iron Bundle, L50, shiny|100\/100\n|switch|p1b: Chi-Yu|Chi-Yu, L50|100\/100\n|switch|p2a: Glimmora|Glimmora, L50, F, shiny|100\/100\n|switch|p2b: Iron Jugulis|Iron Jugulis, L50|100\/100\n|-ability|p1b: Chi-Yu|Beads of Ruin\n|-enditem|p1a: Iron Bundle|Booster Energy\n|-activate|p1a: Iron Bundle|ability: Quark Drive|[fromitem]\n|-start|p1a: Iron Bundle|quarkdrivespe\n|-enditem|p2b: Iron Jugulis|Booster Energy\n|-activate|p2b: Iron Jugulis|ability: Quark Drive|[fromitem]\n|-start|p2b: Iron Jugulis|quarkdrivespe\n|turn|1\n|\n|t:|1681896170\n|move|p2a: Glimmora|Spiky Shield|p2a: Glimmora\n|-singleturn|p2a: Glimmora|move: Protect\n|move|p1a: Iron Bundle|Icy Wind|p2a: Glimmora|[spread] p2b\n|-activate|p2a: Glimmora|move: Protect\n|-supereffective|p2b: Iron Jugulis\n|-damage|p2b: Iron Jugulis|33\/100\n|-unboost|p2b: Iron Jugulis|spe|1\n|move|p2b: Iron Jugulis|Tailwind|p2b: Iron Jugulis\n|-sidestart|p2: moth.o|move: Tailwind\n|move|p1b: Chi-Yu|Heat Wave|p2b: Iron Jugulis|[spread] p2b\n|-activate|p2a: Glimmora|move: Protect\n|-damage|p2b: Iron Jugulis|0 fnt\n|faint|p2b: Iron Jugulis\n|-end|p2b: Iron Jugulis|Quark Drive|[silent]\n|\n|upkeep\n|\n|t:|1681896187\n|switch|p2b: Empapao|Palafin, L50, M, shiny|100\/100\n|turn|2\n|\n|t:|1681896215\n|move|p2b: Empapao|Protect|p2b: Empapao\n|-singleturn|p2b: Empapao|Protect\n|move|p1a: Iron Bundle|Icy Wind|p2b: Empapao|[spread] p2a\n|-activate|p2b: Empapao|move: Protect\n|-damage|p2a: Glimmora|70\/100\n|-unboost|p2a: Glimmora|spe|1\n|move|p1b: Chi-Yu|Heat Wave|p2a: Glimmora|[spread] p2a\n|-activate|p2b: Empapao|move: Protect\n|-resisted|p2a: Glimmora\n|-damage|p2a: Glimmora|30\/100\n|move|p2a: Glimmora|Power Gem|p1a: Iron Bundle\n|-supereffective|p1a: Iron Bundle\n|-damage|p1a: Iron Bundle|0 fnt\n|faint|p1a: Iron Bundle\n|-end|p1a: Iron Bundle|Quark Drive|[silent]\n|-damage|p2a: Glimmora|20\/100|[from] item: Life Orb\n|\n|upkeep\n|\n|t:|1681896231\n|switch|p1a: Gholdengo|Gholdengo, L50|100\/100\n|turn|3\n|\n|t:|1681896263\n|-terastallize|p2b: Empapao|Water\n|-terastallize|p1b: Chi-Yu|Ghost\n|move|p2b: Empapao|Jet Punch|p1b: Chi-Yu\n|-damage|p1b: Chi-Yu|53\/100\n|move|p1a: Gholdengo|Shadow Ball|p2a: Glimmora\n|-damage|p2a: Glimmora|0 fnt\n|faint|p2a: Glimmora\n|move|p1b: Chi-Yu|Heat Wave|p2b: Empapao\n|-resisted|p2b: Empapao\n|-damage|p2b: Empapao|43\/100\n|\n|upkeep\n|\n|t:|1681896276\n|switch|p2a: Gholdengo|Gholdengo, L50|100\/100\n|turn|4\n|\n|t:|1681896289\n|move|p2b: Empapao|Jet Punch|p1a: Gholdengo\n|-damage|p1a: Gholdengo|66\/100\n|move|p2a: Gholdengo|Shadow Ball|p1b: Chi-Yu\n|-supereffective|p1b: Chi-Yu\n|-damage|p1b: Chi-Yu|0 fnt\n|faint|p1b: Chi-Yu\n|move|p1a: Gholdengo|Shadow Ball|p2a: Gholdengo\n|-supereffective|p2a: Gholdengo\n|-damage|p2a: Gholdengo|21\/100\n|\n|-sideend|p2: moth.o|move: Tailwind\n|upkeep\n|\n|t:|1681896299\n|switch|p1b: Flutter Mane|Flutter Mane, L50, shiny|100\/100\n|turn|5\n|\n|t:|1681896309\n|move|p2b: Empapao|Jet Punch|p1b: Flutter Mane\n|-damage|p1b: Flutter Mane|32\/100\n|move|p1a: Gholdengo|Shadow Ball|p2a: Gholdengo\n|-supereffective|p2a: Gholdengo\n|-damage|p2a: Gholdengo|0 fnt\n|faint|p2a: Gholdengo\n|move|p1b: Flutter Mane|Dazzling Gleam|p2b: Empapao\n|-damage|p2b: Empapao|0 fnt\n|faint|p2b: Empapao\n|\n|win|xiaoyang2004\n|raw|xiaoyang2004's rating: 1288 → 1307<\/strong> (+19 for winning)\n|raw|moth.o's rating: 1210 → 1191<\/strong> (-19 for losing)\n|l|\u2606moth.o\n","uploadtime":1681896330,"views":13,"p1id":"xiaoyang2004","p2id":"motho","formatid":"gen9vgc2023regulationc","rating":1191,"private":0,"password":""}