{"id":"gen9vgc2023regulationc-1844935223","p1":"Nas101","p2":"Pokebet","format":"[Gen 9] VGC 2023 Regulation C","log":"|j|\u2606Nas101\n|j|\u2606Pokebet\n|t:|1681665805\n|gametype|doubles\n|player|p1|Nas101|170|1082\n|player|p2|Pokebet|flint|1119\n|teamsize|p1|6\n|teamsize|p2|6\n|gen|9\n|tier|[Gen 9] VGC 2023 Regulation C\n|rated|\n|rule|Species Clause: Limit one of each Pok\u00e9mon\n|rule|Item Clause: Limit one of each item\n|clearpoke\n|poke|p1|Iron Moth, L50|\n|poke|p1|Flutter Mane, L50|\n|poke|p1|Kingambit, L50, M|\n|poke|p1|Glimmora, L50, F|\n|poke|p1|Amoonguss, L50, F|\n|poke|p1|Chi-Yu, L50|\n|poke|p2|Gholdengo, L50|\n|poke|p2|Palafin, L50, M|\n|poke|p2|Amoonguss, L50, M|\n|poke|p2|Arcanine, L50, F|\n|poke|p2|Ting-Lu, L50|\n|poke|p2|Kingambit, L50, F|\n|teampreview|4\n|inactive|Battle timer is ON: inactive players will automatically lose when time's up. (requested by Nas101)\n|\n|t:|1681665828\n|start\n|switch|p1a: Iron Moth|Iron Moth, L50|100\/100\n|switch|p1b: Flutter Mane|Flutter Mane, L50|100\/100\n|switch|p2a: Palafin|Palafin, L50, M|100\/100\n|switch|p2b: Ting-Lu|Ting-Lu, L50|100\/100\n|-ability|p2b: Ting-Lu|Vessel of Ruin\n|-enditem|p1a: Iron Moth|Booster Energy\n|-activate|p1a: Iron Moth|ability: Quark Drive|[fromitem]\n|-start|p1a: Iron Moth|quarkdrivespe\n|turn|1\n|\n|t:|1681665844\n|detailschange|p2a: Palafin|Palafin-Hero, L50, M\n|switch|p2a: Amoonguss|Amoonguss, L50, M|100\/100\n|move|p1a: Iron Moth|Energy Ball|p2b: Ting-Lu\n|-supereffective|p2b: Ting-Lu\n|-damage|p2b: Ting-Lu|76\/100\n|move|p1b: Flutter Mane|Dazzling Gleam|p2a: Amoonguss|[spread] p2a,p2b\n|-resisted|p2a: Amoonguss\n|-supereffective|p2b: Ting-Lu\n|-damage|p2a: Amoonguss|88\/100\n|-damage|p2b: Ting-Lu|44\/100\n|-damage|p1b: Flutter Mane|91\/100|[from] item: Life Orb\n|move|p2b: Ting-Lu|Heavy Slam|p1b: Flutter Mane\n|-supereffective|p1b: Flutter Mane\n|-damage|p1b: Flutter Mane|0 fnt\n|faint|p1b: Flutter Mane\n|-end|p1b: Flutter Mane|Protosynthesis|[silent]\n|\n|upkeep\n|\n|t:|1681665851\n|switch|p1b: Chi-Yu|Chi-Yu, L50|100\/100\n|-ability|p1b: Chi-Yu|Beads of Ruin\n|turn|2\n|\n|t:|1681665873\n|-terastallize|p2a: Amoonguss|Water\n|move|p1a: Iron Moth|Heat Wave|p2b: Ting-Lu|[spread] p2a,p2b\n|-resisted|p2a: Amoonguss\n|-damage|p2a: Amoonguss|74\/100\n|-damage|p2b: Ting-Lu|28\/100\n|move|p1b: Chi-Yu|Heat Wave|p2a: Amoonguss|[spread] p2a,p2b\n|-resisted|p2a: Amoonguss\n|-damage|p2a: Amoonguss|58\/100\n|-damage|p2b: Ting-Lu|8\/100\n|move|p2b: Ting-Lu|Stomping Tantrum|p1b: Chi-Yu\n|-supereffective|p1b: Chi-Yu\n|-damage|p1b: Chi-Yu|0 fnt\n|faint|p1b: Chi-Yu\n|move|p2a: Amoonguss|Spore|p1a: Iron Moth\n|-status|p1a: Iron Moth|slp|[from] move: Spore\n|\n|upkeep\n|\n|t:|1681665877\n|switch|p1b: Amoonguss|Amoonguss, L50, F|100\/100\n|turn|3\n|\n|t:|1681665895\n|move|p1b: Amoonguss|Rage Powder|p1b: Amoonguss\n|-singleturn|p1b: Amoonguss|move: Rage Powder\n|cant|p1a: Iron Moth|slp\n|move|p2b: Ting-Lu|Stomping Tantrum|p1b: Amoonguss\n|-damage|p1b: Amoonguss|67\/100\n|-damage|p2b: Ting-Lu|0 fnt|[from] item: Rocky Helmet|[of] p1b: Amoonguss\n|faint|p2b: Ting-Lu\n|move|p2a: Amoonguss|Pollen Puff|p1b: Amoonguss\n|-damage|p1b: Amoonguss|54\/100\n|\n|upkeep\n|\n|t:|1681665908\n|switch|p2b: Gholdengo|Gholdengo, L50|100\/100\n|turn|4\n|\n|t:|1681665933\n|-curestatus|p1a: Iron Moth|slp|[msg]\n|move|p1a: Iron Moth|Heat Wave|p2b: Gholdengo|[spread] p2a,p2b\n|-resisted|p2a: Amoonguss\n|-supereffective|p2b: Gholdengo\n|-damage|p2a: Amoonguss|41\/100\n|-damage|p2b: Gholdengo|29\/100\n|move|p2b: Gholdengo|Make It Rain|p1a: Iron Moth|[spread] p1a,p1b\n|-resisted|p1a: Iron Moth\n|-damage|p1a: Iron Moth|79\/100\n|-damage|p1b: Amoonguss|23\/100\n|-unboost|p2b: Gholdengo|spa|1\n|move|p2a: Amoonguss|Pollen Puff|p2b: Gholdengo\n|-heal|p2b: Gholdengo|79\/100\n|move|p1b: Amoonguss|Pollen Puff|p1a: Iron Moth\n|-heal|p1a: Iron Moth|100\/100\n|\n|-heal|p2b: Gholdengo|85\/100|[from] item: Leftovers\n|upkeep\n|turn|5\n|inactive|Nas101 has 30 seconds left.\n|inactive|Pokebet has 30 seconds left.\n|inactive|Pokebet has 20 seconds left.\n|\n|t:|1681665969\n|move|p1a: Iron Moth|Heat Wave|p2a: Amoonguss|[spread] p2a,p2b\n|-resisted|p2a: Amoonguss\n|-crit|p2a: Amoonguss\n|-supereffective|p2b: Gholdengo\n|-damage|p2a: Amoonguss|18\/100\n|-damage|p2b: Gholdengo|16\/100\n|move|p2b: Gholdengo|Make It Rain|p1a: Iron Moth|[spread] p1a,p1b\n|-resisted|p1a: Iron Moth\n|-damage|p1a: Iron Moth|87\/100\n|-damage|p1b: Amoonguss|2\/100\n|-unboost|p2b: Gholdengo|spa|1\n|move|p2a: Amoonguss|Pollen Puff|p2b: Gholdengo\n|-heal|p2b: Gholdengo|66\/100\n|move|p1b: Amoonguss|Spore|p2a: Amoonguss\n|-status|p2a: Amoonguss|slp|[from] move: Spore\n|\n|-heal|p2b: Gholdengo|72\/100|[from] item: Leftovers\n|upkeep\n|turn|6\n|\n|t:|1681665987\n|switch|p2a: Palafin|Palafin-Hero, L50, M|100\/100\n|-activate|p2a: Palafin|ability: Zero to Hero\n|move|p2b: Gholdengo|Protect|p2b: Gholdengo\n|-singleturn|p2b: Gholdengo|Protect\n|move|p1a: Iron Moth|Heat Wave|p2a: Palafin|[spread] p2a\n|-activate|p2b: Gholdengo|move: Protect\n|-resisted|p2a: Palafin\n|-damage|p2a: Palafin|86\/100\n|move|p1b: Amoonguss|Pollen Puff|p2a: Palafin\n|-damage|p2a: Palafin|68\/100\n|\n|-heal|p2b: Gholdengo|79\/100|[from] item: Leftovers\n|upkeep\n|turn|7\n|\n|t:|1681666001\n|switch|p2b: Amoonguss|Amoonguss, L50, M, tera:Water|52\/100 slp\n|-terastallize|p1a: Iron Moth|Ghost\n|move|p2a: Palafin|Jet Punch|p1b: Amoonguss\n|-resisted|p1b: Amoonguss\n|-damage|p1b: Amoonguss|0 fnt\n|-damage|p2a: Palafin|52\/100|[from] item: Rocky Helmet|[of] p1b: Amoonguss\n|-status|p2a: Palafin|slp|[from] ability: Effect Spore|[of] p1b: Amoonguss\n|faint|p1b: Amoonguss\n|move|p1a: Iron Moth|Energy Ball|p2a: Palafin\n|-supereffective|p2a: Palafin\n|-damage|p2a: Palafin|0 fnt\n|faint|p2a: Palafin\n|\n|upkeep\n|\n|t:|1681666007\n|switch|p2a: Gholdengo|Gholdengo, L50|79\/100\n|turn|8\n|\n|t:|1681666017\n|move|p2a: Gholdengo|Protect|p2a: Gholdengo\n|-singleturn|p2a: Gholdengo|Protect\n|move|p1a: Iron Moth|Heat Wave|p2a: Gholdengo|[spread] p2b\n|-activate|p2a: Gholdengo|move: Protect\n|-resisted|p2b: Amoonguss\n|-damage|p2b: Amoonguss|36\/100 slp\n|cant|p2b: Amoonguss|slp\n|\n|-heal|p2a: Gholdengo|85\/100|[from] item: Leftovers\n|upkeep\n|turn|9\n|\n|t:|1681666027\n|move|p1a: Iron Moth|Heat Wave|p2b: Amoonguss|[spread] p2a,p2b\n|-supereffective|p2a: Gholdengo\n|-resisted|p2b: Amoonguss\n|-damage|p2a: Gholdengo|12\/100\n|-damage|p2b: Amoonguss|20\/100 slp\n|move|p2a: Gholdengo|Shadow Ball|p1a: Iron Moth\n|-supereffective|p1a: Iron Moth\n|-damage|p1a: Iron Moth|6\/100\n|-curestatus|p2b: Amoonguss|slp|[msg]\n|move|p2b: Amoonguss|Spore|p1a: Iron Moth\n|-status|p1a: Iron Moth|slp|[from] move: Spore\n|\n|-heal|p2a: Gholdengo|18\/100|[from] item: Leftovers\n|upkeep\n|turn|10\n|\n|t:|1681666040\n|cant|p1a: Iron Moth|slp\n|move|p2a: Gholdengo|Shadow Ball|p1a: Iron Moth\n|-supereffective|p1a: Iron Moth\n|-damage|p1a: Iron Moth|0 fnt\n|faint|p1a: Iron Moth\n|-end|p1a: Iron Moth|Quark Drive|[silent]\n|\n|win|Pokebet\n|raw|Nas101's rating: 1082 → 1062<\/strong> (-20 for losing)\n|raw|Pokebet's rating: 1119 → 1141<\/strong> (+22 for winning)\n|l|\u2606Nas101\n","uploadtime":1681666050,"views":15,"p1id":"nas101","p2id":"pokebet","formatid":"gen9vgc2023regulationc","rating":1062,"private":0,"password":""}