{"id":"gen9vgc2023regulationc-1845880033","p1":"Flytrapin","p2":"Ricardo Randorez","format":"[Gen 9] VGC 2023 Regulation C","log":"|j|\u2606Flytrapin\n|j|\u2606Ricardo Randorez\n|t:|1681774681\n|gametype|doubles\n|player|p1|Flytrapin|alder|1133\n|player|p2|Ricardo Randorez|169|1153\n|teamsize|p1|6\n|teamsize|p2|6\n|gen|9\n|tier|[Gen 9] VGC 2023 Regulation C\n|rated|\n|rule|Species Clause: Limit one of each Pok\u00e9mon\n|rule|Item Clause: Limit one of each item\n|clearpoke\n|poke|p1|Armarouge, L50, F|\n|poke|p1|Iron Bundle, L50|\n|poke|p1|Indeedee-F, L50, F|\n|poke|p1|Chi-Yu, L50|\n|poke|p1|Meowscarada, L50, F|\n|poke|p1|Tauros-Paldea-Blaze, L50, M|\n|poke|p2|Arcanine, L50, F|\n|poke|p2|Gyarados, L50, M|\n|poke|p2|Flutter Mane, L50|\n|poke|p2|Volcarona, L50, M|\n|poke|p2|Dragonite, L50, F|\n|poke|p2|Ting-Lu, L50|\n|teampreview|4\n|inactive|Battle timer is ON: inactive players will automatically lose when time's up. (requested by Flytrapin)\n|inactive|Ricardo Randorez has 60 seconds left.\n|\n|t:|1681774722\n|start\n|switch|p1a: Armarouge|Armarouge, L50, F|100\/100\n|switch|p1b: Iron Bundle|Iron Bundle, L50|100\/100\n|switch|p2a: Arcanine|Arcanine, L50, F|100\/100\n|switch|p2b: Volcarona|Volcarona, L50, M|100\/100\n|-ability|p2a: Arcanine|Intimidate|boost\n|-unboost|p1a: Armarouge|atk|1\n|-unboost|p1b: Iron Bundle|atk|1\n|-enditem|p1b: Iron Bundle|Booster Energy\n|-activate|p1b: Iron Bundle|ability: Quark Drive|[fromitem]\n|-start|p1b: Iron Bundle|quarkdrivespe\n|turn|1\n|\n|t:|1681774739\n|move|p1b: Iron Bundle|Flip Turn|p1a: Armarouge\n|-supereffective|p1a: Armarouge\n|-damage|p1a: Armarouge|75\/100\n|-ability|p1a: Armarouge|Weak Armor|boost\n|-unboost|p1a: Armarouge|def|1\n|-boost|p1a: Armarouge|spe|2\n|-enditem|p1a: Armarouge|Weakness Policy\n|-boost|p1a: Armarouge|atk|2|[from] item: Weakness Policy\n|-boost|p1a: Armarouge|spa|2|[from] item: Weakness Policy\n|\n|t:|1681774750\n|-end|p1b: Iron Bundle|Quark Drive|[silent]\n|switch|p1b: Indeedee|Indeedee-F, L50, F|100\/100|[from] Flip Turn\n|-fieldstart|move: Psychic Terrain|[from] ability: Psychic Surge|[of] p1b: Indeedee\n|move|p1a: Armarouge|Expanding Force|p2a: Arcanine|[spread] p2a,p2b\n|-damage|p2a: Arcanine|0 fnt\n|-damage|p2b: Volcarona|6\/100\n|faint|p2a: Arcanine\n|move|p2b: Volcarona|Struggle Bug|p1a: Armarouge|[spread] p1a,p1b\n|-supereffective|p1b: Indeedee\n|-damage|p1a: Armarouge|55\/100\n|-damage|p1b: Indeedee|67\/100\n|-unboost|p1a: Armarouge|spa|1\n|-unboost|p1b: Indeedee|spa|1\n|\n|upkeep\n|\n|t:|1681774767\n|switch|p2a: Ting-Lu|Ting-Lu, L50|100\/100\n|-ability|p2a: Ting-Lu|Vessel of Ruin\n|turn|2\n|\n|t:|1681774782\n|-terastallize|p1a: Armarouge|Grass\n|move|p2b: Volcarona|Protect|p2b: Volcarona\n|-singleturn|p2b: Volcarona|Protect\n|move|p1a: Armarouge|Tera Blast|p2a: Ting-Lu\n|-supereffective|p2a: Ting-Lu\n|-damage|p2a: Ting-Lu|54\/100\n|move|p1b: Indeedee|Psych Up|p1a: Armarouge\n|-copyboost|p1b: Indeedee|p1a: Armarouge|[from] move: Psych Up\n|move|p2a: Ting-Lu|Throat Chop|p1a: Armarouge\n|-damage|p1a: Armarouge|0 fnt\n|faint|p1a: Armarouge\n|\n|upkeep\n|\n|t:|1681774800\n|switch|p1a: Iron Bundle|Iron Bundle, L50|100\/100\n|turn|3\n|\n|t:|1681774821\n|move|p1b: Indeedee|Baton Pass|p1b: Indeedee\n|\n|t:|1681774827\n|switch|p1b: Chi-Yu|Chi-Yu, L50|100\/100|[from] Baton Pass\n|-ability|p1b: Chi-Yu|Beads of Ruin\n|move|p1a: Iron Bundle|Flip Turn|p2b: Volcarona\n|-supereffective|p2b: Volcarona\n|-crit|p2b: Volcarona\n|-damage|p2b: Volcarona|0 fnt\n|-damage|p1a: Iron Bundle|84\/100|[from] item: Rocky Helmet|[of] p2b: Volcarona\n|faint|p2b: Volcarona\n|\n|t:|1681774836\n|-end|p1a: Iron Bundle|Quark Drive|[silent]\n|switch|p1a: Indeedee|Indeedee-F, L50, F|67\/100|[from] Flip Turn\n|move|p2a: Ting-Lu|Throat Chop|p1b: Chi-Yu\n|-resisted|p1b: Chi-Yu\n|-damage|p1b: Chi-Yu|55\/100\n|-start|p1b: Chi-Yu|Throat Chop|[silent]\n|\n|upkeep\n|\n|t:|1681774844\n|switch|p2b: Gyarados|Gyarados, L50, M|100\/100\n|turn|4\n|inactive|Flytrapin has 30 seconds left.\n|\n|t:|1681774878\n|-terastallize|p2a: Ting-Lu|Fire\n|move|p1b: Chi-Yu|Will-O-Wisp|p2b: Gyarados|[miss]\n|-miss|p1b: Chi-Yu|p2b: Gyarados\n|move|p2b: Gyarados|Waterfall|p1b: Chi-Yu\n|-supereffective|p1b: Chi-Yu\n|-crit|p1b: Chi-Yu\n|-damage|p1b: Chi-Yu|0 fnt\n|faint|p1b: Chi-Yu\n|-ability|p2b: Gyarados|Moxie|boost\n|-boost|p2b: Gyarados|atk|1\n|move|p1a: Indeedee|Psych Up|p1: Chi-Yu|[notarget]\n|-fail|p1a: Indeedee\n|move|p2a: Ting-Lu|Stomping Tantrum|p1a: Indeedee\n|-damage|p1a: Indeedee|29\/100\n|\n|upkeep\n|\n|t:|1681774885\n|switch|p1b: Iron Bundle|Iron Bundle, L50|84\/100\n|turn|5\n|\n|t:|1681774902\n|move|p1b: Iron Bundle|Freeze-Dry|p2b: Gyarados\n|-supereffective|p2b: Gyarados\n|-damage|p2b: Gyarados|5\/100\n|move|p2b: Gyarados|Dragon Dance|p2b: Gyarados\n|-boost|p2b: Gyarados|atk|1\n|-boost|p2b: Gyarados|spe|1\n|move|p1a: Indeedee|Draining Kiss|p2b: Gyarados\n|-damage|p2b: Gyarados|0 fnt\n|-heal|p1a: Indeedee|33\/100|[from] drain|[of] p2b: Gyarados\n|faint|p2b: Gyarados\n|move|p2a: Ting-Lu|Snarl|p1a: Indeedee|[spread] p1a,p1b\n|-supereffective|p1a: Indeedee\n|-damage|p1a: Indeedee|16\/100\n|-damage|p1b: Iron Bundle|68\/100\n|-unboost|p1a: Indeedee|spa|1\n|-unboost|p1b: Iron Bundle|spa|1\n|\n|upkeep\n|turn|6\n|\n|t:|1681774919\n|move|p1b: Iron Bundle|Flip Turn|p2a: Ting-Lu\n|-supereffective|p2a: Ting-Lu\n|-damage|p2a: Ting-Lu|37\/100\n|move|p1a: Indeedee|Draining Kiss|p2a: Ting-Lu\n|-resisted|p2a: Ting-Lu\n|-damage|p2a: Ting-Lu|36\/100\n|-heal|p1a: Indeedee|17\/100|[from] drain|[of] p2a: Ting-Lu\n|move|p2a: Ting-Lu|Snarl|p1b: Iron Bundle|[spread] p1a,p1b\n|-supereffective|p1a: Indeedee\n|-damage|p1a: Indeedee|0 fnt\n|-damage|p1b: Iron Bundle|51\/100\n|-unboost|p1b: Iron Bundle|spa|1\n|faint|p1a: Indeedee\n|\n|upkeep\n|turn|7\n|\n|t:|1681774935\n|move|p1b: Iron Bundle|Hydro Pump|p2a: Ting-Lu\n|-supereffective|p2a: Ting-Lu\n|-damage|p2a: Ting-Lu|15\/100\n|move|p2a: Ting-Lu|Stomping Tantrum|p1b: Iron Bundle\n|-damage|p1b: Iron Bundle|9\/100\n|\n|upkeep\n|turn|8\n|\n|t:|1681774944\n|move|p1b: Iron Bundle|Flip Turn|p2a: Ting-Lu\n|-supereffective|p2a: Ting-Lu\n|-damage|p2a: Ting-Lu|0 fnt\n|faint|p2a: Ting-Lu\n|\n|win|Flytrapin\n|raw|Flytrapin's rating: 1133 → 1159<\/strong> (+26 for winning)\n|raw|Ricardo Randorez's rating: 1153 → 1127<\/strong> (-26 for losing)\n|l|\u2606Flytrapin\n","uploadtime":1681774951,"views":7,"p1id":"flytrapin","p2id":"ricardorandorez","formatid":"gen9vgc2023regulationc","rating":1127,"private":0,"password":""}