{"id":"gen9vgc2023regulationc-1854523745","p1":"Eletrofly","p2":"Coco4dayz","format":"[Gen 9] VGC 2023 Regulation C","log":"|j|\u2606Eletrofly\n|j|\u2606Coco4dayz\n|t:|1682822042\n|gametype|doubles\n|player|p1|Eletrofly|hilbert-wonderlauncher|\n|player|p2|Coco4dayz|boarder|\n|teamsize|p1|6\n|teamsize|p2|6\n|gen|9\n|tier|[Gen 9] VGC 2023 Regulation C\n|rule|Species Clause: Limit one of each Pok\u00e9mon\n|rule|Item Clause: Limit one of each item\n|clearpoke\n|poke|p1|Chi-Yu, L50|\n|poke|p1|Flutter Mane, L50|\n|poke|p1|Iron Bundle, L50|\n|poke|p1|Annihilape, L50, F|\n|poke|p1|Maushold, L50|\n|poke|p1|Dragonite, L50, M|\n|poke|p2|Amoonguss, L50, F|\n|poke|p2|Chien-Pao, L50|\n|poke|p2|Dragonite, L50, F|\n|poke|p2|Flutter Mane, L50|\n|poke|p2|Chi-Yu, L50|\n|poke|p2|Gastrodon-East, L50, F|\n|teampreview|4\n|inactive|Battle timer is ON: inactive players will automatically lose when time's up. (requested by Coco4dayz)\n|c|\u2606Eletrofly|glhf\nEletrofly has agreed to open team sheets.\n|inactive|Eletrofly has 60 seconds left.\n|\n|t:|1682822079\n|start\n|switch|p1a: Annihilape|Annihilape, L50, F|100\/100\n|switch|p1b: Maushold|Maushold, L50|100\/100\n|switch|p2a: Chien-Pao|Chien-Pao, L50|100\/100\n|switch|p2b: Dragonite|Dragonite, L50, F|100\/100\n|-ability|p2a: Chien-Pao|Sword of Ruin\n|turn|1\n|inactive|Coco4dayz has 30 seconds left.\n|\n|t:|1682822105\n|-terastallize|p1b: Maushold|Ghost\n|-terastallize|p2b: Dragonite|Normal\n|move|p2b: Dragonite|Extreme Speed|p1b: Maushold\n|-immune|p1b: Maushold\n|move|p2a: Chien-Pao|Ice Spinner|p1a: Annihilape\n|-damage|p1a: Annihilape|63\/100\n|move|p1b: Maushold|Beat Up|p1a: Annihilape\n|-crit|p1a: Annihilape\n|-damage|p1a: Annihilape|58\/100\n|-damage|p1a: Annihilape|56\/100\n|-damage|p1a: Annihilape|53\/100\n|-damage|p1a: Annihilape|50\/100\n|-hitcount|p1a: Annihilape|4\n|move|p1a: Annihilape|Rage Fist|p2b: Dragonite\n|-immune|p2b: Dragonite\n|\n|-heal|p1a: Annihilape|56\/100|[from] item: Leftovers\n|upkeep\n|turn|2\n|\n|t:|1682822126\n|switch|p2b: Gastrodon|Gastrodon-East, L50, F|100\/100\n|move|p1b: Maushold|Follow Me|p1b: Maushold\n|-singleturn|p1b: Maushold|move: Follow Me\n|move|p2a: Chien-Pao|Ice Spinner|p1b: Maushold\n|-damage|p1b: Maushold|33\/100\n|move|p1a: Annihilape|Drain Punch|p2a: Chien-Pao\n|-supereffective|p2a: Chien-Pao\n|-enditem|p2a: Chien-Pao|Focus Sash\n|-damage|p2a: Chien-Pao|1\/100\n|-heal|p1a: Annihilape|93\/100|[from] drain|[of] p2a: Chien-Pao\n|\n|-heal|p1a: Annihilape|99\/100|[from] item: Leftovers\n|upkeep\n|turn|3\n|\n|t:|1682822141\n|move|p1b: Maushold|Follow Me|p1b: Maushold\n|-singleturn|p1b: Maushold|move: Follow Me\n|move|p2a: Chien-Pao|Ice Spinner|p1b: Maushold\n|-damage|p1b: Maushold|0 fnt\n|faint|p1b: Maushold\n|move|p1a: Annihilape|Rage Fist|p2b: Gastrodon\n|-damage|p2b: Gastrodon|0 fnt\n|faint|p2b: Gastrodon\n|\n|-heal|p1a: Annihilape|100\/100|[from] item: Leftovers\n|upkeep\n|\n|t:|1682822160\n|switch|p1b: Iron Bundle|Iron Bundle, L50|100\/100\n|switch|p2b: Flutter Mane|Flutter Mane, L50, shiny|100\/100\n|-enditem|p1b: Iron Bundle|Booster Energy\n|-activate|p1b: Iron Bundle|ability: Quark Drive|[fromitem]\n|-start|p1b: Iron Bundle|quarkdrivespe\n|turn|4\n|\n|t:|1682822170\n|move|p1a: Annihilape|Protect|p1a: Annihilape\n|-singleturn|p1a: Annihilape|Protect\n|move|p2a: Chien-Pao|Sucker Punch|p1b: Iron Bundle\n|-damage|p1b: Iron Bundle|40\/100\n|move|p1b: Iron Bundle|Icy Wind|p2a: Chien-Pao|[spread] p2a,p2b\n|-resisted|p2a: Chien-Pao\n|-damage|p2a: Chien-Pao|0 fnt\n|-damage|p2b: Flutter Mane|80\/100\n|-unboost|p2b: Flutter Mane|spe|1\n|faint|p2a: Chien-Pao\n|move|p2b: Flutter Mane|Dazzling Gleam|p1a: Annihilape|[spread] p1b\n|-activate|p1a: Annihilape|move: Protect\n|-crit|p1b: Iron Bundle\n|-damage|p1b: Iron Bundle|0 fnt\n|faint|p1b: Iron Bundle\n|-end|p1b: Iron Bundle|Quark Drive|[silent]\n|\n|upkeep\n|\n|t:|1682822180\n|switch|p1b: Chi-Yu|Chi-Yu, L50|100\/100\n|switch|p2a: Dragonite|Dragonite, L50, F, tera:Normal|100\/100\n|-ability|p1b: Chi-Yu|Beads of Ruin\n|turn|5\n|\n|t:|1682822189\n|move|p1b: Chi-Yu|Protect|p1b: Chi-Yu\n|-singleturn|p1b: Chi-Yu|Protect\n|move|p2a: Dragonite|Extreme Speed|p1b: Chi-Yu\n|-activate|p1b: Chi-Yu|move: Protect\n|move|p2b: Flutter Mane|Dazzling Gleam|p1a: Annihilape|[spread] p1a\n|-activate|p1b: Chi-Yu|move: Protect\n|-supereffective|p1a: Annihilape\n|-damage|p1a: Annihilape|0 fnt\n|faint|p1a: Annihilape\n|\n|upkeep\n|turn|6\n|\n|t:|1682822201\n|move|p2a: Dragonite|Extreme Speed|p1b: Chi-Yu\n|-damage|p1b: Chi-Yu|0 fnt\n|faint|p1b: Chi-Yu\n|\n|win|Coco4dayz\n|c|\u2606Eletrofly|gg\n|c|\u2606Coco4dayz|gg\n|l|\u2606Eletrofly\n","uploadtime":1682822225,"views":9,"p1id":"eletrofly","p2id":"coco4dayz","formatid":"gen9vgc2023regulationc","rating":0,"private":0,"password":""}