{"id":"gen9vgc2023regulationc-1854883148","p1":"Betty23333","p2":"tomato233","format":"[Gen 9] VGC 2023 Regulation C","log":"|j|\u2606Betty23333\n|j|\u2606tomato233\n|t:|1682876783\n|gametype|doubles\n|player|p1|Betty23333|lass-gen4dp|\n|player|p2|tomato233|hilbert|\n|teamsize|p1|6\n|teamsize|p2|6\n|gen|9\n|tier|[Gen 9] VGC 2023 Regulation C\n|rule|Species Clause: Limit one of each Pok\u00e9mon\n|rule|Item Clause: Limit one of each item\n|clearpoke\n|poke|p1|Azumarill, L50, F|\n|poke|p1|Oranguru, L50, F|\n|poke|p1|Dragonite, L50, M|\n|poke|p1|Arcanine, L50, M|\n|poke|p1|Sableye, L50, F|\n|poke|p1|Kingambit, L50, M|\n|poke|p2|Palafin, L50, F|\n|poke|p2|Blissey, L50, F|\n|poke|p2|Ceruledge, L50, M|\n|poke|p2|Garganacl, L50, F|\n|poke|p2|Chi-Yu, L50|\n|poke|p2|Toxapex, L50, F|\n|teampreview|4\n|\n|t:|1682876813\n|start\n|switch|p1a: Azumarill|Azumarill, L50, F|100\/100\n|switch|p1b: Sableye|Sableye, L50, F|100\/100\n|switch|p2a: Palafin|Palafin, L50, F|100\/100\n|switch|p2b: Chi-Yu|Chi-Yu, L50|100\/100\n|-ability|p2b: Chi-Yu|Beads of Ruin\n|turn|1\n|\n|t:|1682876845\n|switch|p2b: Toxapex|Toxapex, L50, F|100\/100\n|-terastallize|p1a: Azumarill|Water\n|move|p2a: Palafin|Jet Punch|p1b: Sableye\n|-damage|p1b: Sableye|51\/100\n|move|p1b: Sableye|Trick|p2b: Toxapex\n|-activate|p1b: Sableye|move: Trick|[of] p2b: Toxapex\n|-item|p2b: Toxapex|Toxic Orb|[from] move: Trick\n|-item|p1b: Sableye|Black Sludge|[from] move: Trick\n|move|p1a: Azumarill|Liquidation|p2b: Toxapex\n|-resisted|p2b: Toxapex\n|-damage|p2b: Toxapex|67\/100\n|-unboost|p2b: Toxapex|def|1\n|-damage|p1a: Azumarill|91\/100|[from] item: Life Orb\n|\n|-damage|p1b: Sableye|39\/100|[from] item: Black Sludge\n|upkeep\n|turn|2\n|\n|t:|1682876892\n|detailschange|p2a: Palafin|Palafin-Hero, L50, F\n|switch|p2a: Garganacl|Garganacl, L50, F|100\/100\n|move|p1b: Sableye|Encore||[still]\n|-fail|p1b: Sableye\n|move|p1a: Azumarill|Belly Drum|p1a: Azumarill\n|-damage|p1a: Azumarill|41\/100\n|-setboost|p1a: Azumarill|atk|6|[from] move: Belly Drum\n|move|p2b: Toxapex|Recover|p2b: Toxapex\n|-heal|p2b: Toxapex|100\/100\n|\n|-damage|p1b: Sableye|27\/100|[from] item: Black Sludge\n|upkeep\n|turn|3\n|\n|t:|1682876928\n|move|p2b: Toxapex|Wide Guard|p2b: Toxapex\n|-singleturn|p2b: Toxapex|Wide Guard\n|move|p1b: Sableye|Encore|p2b: Toxapex\n|-start|p2b: Toxapex|Encore\n|move|p1a: Azumarill|Liquidation|p2a: Garganacl\n|-supereffective|p2a: Garganacl\n|-damage|p2a: Garganacl|0 fnt\n|faint|p2a: Garganacl\n|-damage|p1a: Azumarill|31\/100|[from] item: Life Orb\n|\n|-damage|p1b: Sableye|15\/100|[from] item: Black Sludge\n|upkeep\n|\n|t:|1682876952\n|switch|p2a: Palafin|Palafin-Hero, L50, F|100\/100\n|-activate|p2a: Palafin|ability: Zero to Hero\n|turn|4\n|\n|t:|1682876971\n|move|p2b: Toxapex|Wide Guard|p2b: Toxapex\n|-singleturn|p2b: Toxapex|Wide Guard\n|move|p1b: Sableye|Encore||[still]\n|-fail|p1b: Sableye\n|move|p2a: Palafin|Haze|p2a: Palafin\n|-clearallboost\n|move|p1a: Azumarill|Liquidation|p2a: Palafin\n|-resisted|p2a: Palafin\n|-damage|p2a: Palafin|56\/100\n|-damage|p1a: Azumarill|21\/100|[from] item: Life Orb\n|\n|-damage|p1b: Sableye|2\/100|[from] item: Black Sludge\n|upkeep\n|turn|5\n|\n|t:|1682877008\n|move|p2b: Toxapex|Wide Guard|p2b: Toxapex\n|-singleturn|p2b: Toxapex|Wide Guard\n|move|p1b: Sableye|Taunt|p2b: Toxapex\n|-start|p2b: Toxapex|move: Taunt\n|move|p2a: Palafin|Haze|p2a: Palafin\n|-clearallboost\n|move|p1a: Azumarill|Superpower|p2a: Palafin\n|-damage|p2a: Palafin|0 fnt\n|-unboost|p1a: Azumarill|atk|1\n|-unboost|p1a: Azumarill|def|1\n|faint|p2a: Palafin\n|-damage|p1a: Azumarill|12\/100|[from] item: Life Orb\n|\n|-damage|p1b: Sableye|0 fnt|[from] item: Black Sludge\n|faint|p1b: Sableye\n|upkeep\n|\n|t:|1682877030\n|switch|p2a: Chi-Yu|Chi-Yu, L50|100\/100\n|switch|p1b: Oranguru|Oranguru, L50, F|100\/100\n|-ability|p2a: Chi-Yu|Beads of Ruin\n|turn|6\n|\n|t:|1682877051\n|move|p2a: Chi-Yu|Heat Wave|p1b: Oranguru|[spread] p1a,p1b\n|-resisted|p1a: Azumarill\n|-damage|p1a: Azumarill|0 fnt\n|-damage|p1b: Oranguru|39\/100\n|faint|p1a: Azumarill\n|move|p1b: Oranguru|Instruct|p1: Azumarill|[notarget]\n|-fail|p1b: Oranguru\n|-activate|p2b: Toxapex|move: Struggle\n|move|p2b: Toxapex|Struggle|p1b: Oranguru\n|-damage|p1b: Oranguru|33\/100\n|-damage|p2b: Toxapex|76\/100|[from] recoil\n|\n|-end|p2b: Toxapex|Encore\n|upkeep\n|\n|t:|1682877054\n|switch|p1a: Dragonite|Dragonite, L50, M|100\/100\n|turn|7\n|\n|t:|1682877073\n|-terastallize|p2a: Chi-Yu|Fire\n|move|p2a: Chi-Yu|Heat Wave|p1b: Oranguru|[spread] p1a\n|-miss|p2a: Chi-Yu|p1b: Oranguru\n|-resisted|p1a: Dragonite\n|-damage|p1a: Dragonite|74\/100\n|move|p1a: Dragonite|Hydro Pump|p2a: Chi-Yu\n|-supereffective|p2a: Chi-Yu\n|-damage|p2a: Chi-Yu|36\/100\n|move|p1b: Oranguru|Instruct|p1a: Dragonite\n|-singleturn|p1a: Dragonite|move: Instruct|[of] p1b: Oranguru\n|move|p1a: Dragonite|Hydro Pump|p2a: Chi-Yu\n|-supereffective|p2a: Chi-Yu\n|-damage|p2a: Chi-Yu|0 fnt\n|faint|p2a: Chi-Yu\n|-activate|p2b: Toxapex|move: Struggle\n|move|p2b: Toxapex|Struggle|p1b: Oranguru\n|-damage|p1b: Oranguru|27\/100\n|-damage|p2b: Toxapex|51\/100|[from] recoil\n|\n|upkeep\n|turn|8\n|\n|t:|1682877095\n|move|p1a: Dragonite|Encore||[still]\n|-fail|p1a: Dragonite\n|move|p1b: Oranguru|Taunt||[still]\n|-fail|p1b: Oranguru\n|-activate|p2b: Toxapex|move: Struggle\n|move|p2b: Toxapex|Struggle|p1a: Dragonite\n|-damage|p1a: Dragonite|69\/100\n|-damage|p2b: Toxapex|26\/100|[from] recoil\n|\n|-end|p2b: Toxapex|move: Taunt\n|upkeep\n|turn|9\n|\n|t:|1682877115\n|move|p2b: Toxapex|Baneful Bunker|p2b: Toxapex\n|-singleturn|p2b: Toxapex|move: Protect\n|move|p1a: Dragonite|Extreme Speed|p2b: Toxapex\n|-activate|p2b: Toxapex|move: Protect\n|-status|p1a: Dragonite|psn\n|move|p1b: Oranguru|Instruct|p1a: Dragonite\n|-singleturn|p1a: Dragonite|move: Instruct|[of] p1b: Oranguru\n|move|p1a: Dragonite|Extreme Speed|p2b: Toxapex\n|-activate|p2b: Toxapex|move: Protect\n|\n|-damage|p1a: Dragonite|57\/100 psn|[from] psn\n|upkeep\n|turn|10\n|\n|t:|1682877140\n|move|p1a: Dragonite|Extreme Speed|p2b: Toxapex\n|-damage|p2b: Toxapex|9\/100\n|move|p1b: Oranguru|Instruct|p1a: Dragonite\n|-singleturn|p1a: Dragonite|move: Instruct|[of] p1b: Oranguru\n|move|p1a: Dragonite|Extreme Speed|p2b: Toxapex\n|-damage|p2b: Toxapex|0 fnt\n|faint|p2b: Toxapex\n|\n|win|Betty23333\n","uploadtime":1682877148,"views":9,"p1id":"betty23333","p2id":"tomato233","formatid":"gen9vgc2023regulationc","rating":0,"private":0,"password":""}