{"id":"gen9vgc2023regulationc-1847808667","p1":"AleCiva01","p2":"teripand","format":"[Gen 9] VGC 2023 Regulation C","log":"|j|\u2606AleCiva01\n|j|\u2606teripand\n|t:|1682003729\n|gametype|doubles\n|player|p1|AleCiva01|169|\n|player|p2|teripand|265|\n|teamsize|p1|6\n|teamsize|p2|6\n|gen|9\n|tier|[Gen 9] VGC 2023 Regulation C\n|rated|Tournament battle\n|rule|Species Clause: Limit one of each Pok\u00e9mon\n|rule|Item Clause: Limit one of each item\n|clearpoke\n|poke|p1|Flutter Mane, L50|\n|poke|p1|Ting-Lu, L50|\n|poke|p1|Arcanine, L50, M|\n|poke|p1|Palafin, L50, M|\n|poke|p1|Amoonguss, L50, F|\n|poke|p1|Kingambit, L50, F|\n|poke|p2|Gyarados, L50, M|\n|poke|p2|Hippowdon, L50, F|\n|poke|p2|Wo-Chien, L50|\n|poke|p2|Garganacl, L50, F|\n|poke|p2|Gholdengo, L50|\n|poke|p2|Glimmora, L50, F|\n|teampreview|4\n|raw| Open Team Sheet for AleCiva01<\/summary>Flutter Mane @ Choice Specs Ability: Protosynthesis Level: 50 Tera Type: Water - Moonblast - Dazzling Gleam - Shadow Ball - Power Gem Ting-Lu @ Assault Vest Ability: Vessel of Ruin Level: 50 Tera Type: Flying - Stomping Tantrum - Heavy Slam - Ruination - Fissure Arcanine @ Safety Goggles Ability: Intimidate Level: 50 Tera Type: Water - Flare Blitz - Extreme Speed - Will-O-Wisp - Protect Palafin @ Mystic Water Ability: Zero to Hero Level: 50 Tera Type: Water - Wave Crash - Jet Punch - Haze - Protect Amoonguss @ Sitrus Berry Ability: Regenerator Level: 50 Shiny: Yes Tera Type: Water - Rage Powder - Spore - Pollen Puff - Protect Kingambit @ Lum Berry Ability: Defiant Level: 50 Tera Type: Dark - Sucker Punch - Kowtow Cleave - Swords Dance - Protect <\/details><\/div> Open Team Sheet for teripand<\/summary>Gyarados @ Safety Goggles Ability: Intimidate Level: 50 Tera Type: Ground - Waterfall - Taunt - Whirlpool - Protect Hippowdon @ Sitrus Berry Ability: Sand Stream Level: 50 Tera Type: Steel - Yawn - Slack Off - Protect - Stomping Tantrum Wo-Chien @ Aguav Berry Ability: Tablets of Ruin Level: 50 Tera Type: Water - Leech Seed - Protect - Pollen Puff - Foul Play Garganacl @ Leftovers Ability: Purifying Salt Level: 50 Tera Type: Poison - Salt Cure - Protect - Recover - Wide Guard Gholdengo @ Choice Specs Ability: Good as Gold Level: 50 Tera Type: Flying - Make It Rain - Flash Cannon - Shadow Ball - Tera Blast Glimmora @ Assault Vest Ability: Toxic Debris Level: 50 Tera Type: Grass - Mortal Spin - Earth Power - Sludge Bomb - Power Gem <\/details><\/div>\n|j| ROBERT5239423942\n|j| chicagolocaltop16\n|\n|t:|1682003781\n|start\n|switch|p1a: Ting-Lu|Ting-Lu, L50|100\/100\n|switch|p1b: Palafin|Palafin, L50, M|100\/100\n|switch|p2a: Garganacl|Garganacl, L50, F|100\/100\n|switch|p2b: Wo-Chien|Wo-Chien, L50|100\/100\n|-ability|p2b: Wo-Chien|Tablets of Ruin\n|-ability|p1a: Ting-Lu|Vessel of Ruin\n|turn|1\n|\n|t:|1682003795\n|detailschange|p1b: Palafin|Palafin-Hero, L50, M\n|switch|p1b: Flutter Mane|Flutter Mane, L50|100\/100\n|switch|p2a: Gyarados|Gyarados, L50, M|100\/100\n|-ability|p2a: Gyarados|Intimidate|boost\n|-unboost|p1a: Ting-Lu|atk|1\n|-unboost|p1b: Flutter Mane|atk|1\n|move|p2b: Wo-Chien|Leech Seed|p1a: Ting-Lu\n|-start|p1a: Ting-Lu|move: Leech Seed\n|move|p1a: Ting-Lu|Fissure|p2a: Gyarados\n|-immune|p2a: Gyarados\n|\n|-damage|p1a: Ting-Lu|88\/100|[from] Leech Seed|[of] p2b: Wo-Chien\n|upkeep\n|turn|2\n|j| DesertGardener\n|\n|t:|1682003820\n|-end|p1b: Flutter Mane|Protosynthesis|[silent]\n|switch|p1b: Amoonguss|Amoonguss, L50, F, shiny|100\/100\n|switch|p2a: Garganacl|Garganacl, L50, F|100\/100\n|move|p2b: Wo-Chien|Protect|p2b: Wo-Chien\n|-singleturn|p2b: Wo-Chien|Protect\n|move|p1a: Ting-Lu|Stomping Tantrum|p2b: Wo-Chien\n|-activate|p2b: Wo-Chien|move: Protect\n|\n|-damage|p1a: Ting-Lu|76\/100|[from] Leech Seed|[of] p2b: Wo-Chien\n|upkeep\n|turn|3\n|j| BambiVSGodzilla\n|\n|t:|1682003840\n|switch|p2b: Gyarados|Gyarados, L50, M|100\/100\n|-ability|p2b: Gyarados|Intimidate|boost\n|-unboost|p1a: Ting-Lu|atk|1\n|-unboost|p1b: Amoonguss|atk|1\n|switch|p1a: Flutter Mane|Flutter Mane, L50|100\/100\n|move|p2a: Garganacl|Salt Cure|p1a: Flutter Mane\n|-damage|p1a: Flutter Mane|76\/100\n|-start|p1a: Flutter Mane|Salt Cure\n|move|p1b: Amoonguss|Pollen Puff|p2b: Gyarados\n|-resisted|p2b: Gyarados\n|-damage|p2b: Gyarados|92\/100\n|\n|-damage|p1a: Flutter Mane|64\/100|[from] Salt Cure\n|upkeep\n|turn|4\n|\n|t:|1682003861\n|switch|p2b: Hippowdon|Hippowdon, L50, F|100\/100\n|-weather|Sandstorm|[from] ability: Sand Stream|[of] p2b: Hippowdon\n|move|p1a: Flutter Mane|Moonblast|p2b: Hippowdon\n|-damage|p2b: Hippowdon|45\/100\n|-enditem|p2b: Hippowdon|Sitrus Berry|[eat]\n|-heal|p2b: Hippowdon|69\/100|[from] item: Sitrus Berry\n|move|p2a: Garganacl|Salt Cure|p1b: Amoonguss\n|-damage|p1b: Amoonguss|90\/100\n|-start|p1b: Amoonguss|Salt Cure\n|move|p1b: Amoonguss|Pollen Puff|p1a: Flutter Mane\n|-heal|p1a: Flutter Mane|100\/100\n|\n|-weather|Sandstorm|[upkeep]\n|-damage|p1a: Flutter Mane|95\/100|[from] Sandstorm\n|-damage|p1b: Amoonguss|84\/100|[from] Sandstorm\n|-damage|p1a: Flutter Mane|83\/100|[from] Salt Cure\n|-damage|p1b: Amoonguss|71\/100|[from] Salt Cure\n|upkeep\n|turn|5\n|j| Des Weswolfs\n|j| Topperlecat\n|\n|t:|1682003883\n|switch|p1b: Ting-Lu|Ting-Lu, L50|76\/100\n|-ability|p1b: Ting-Lu|Vessel of Ruin\n|move|p1a: Flutter Mane|Moonblast|p2b: Hippowdon\n|-damage|p2b: Hippowdon|27\/100\n|move|p2b: Hippowdon|Yawn|p1b: Ting-Lu\n|-start|p1b: Ting-Lu|move: Yawn|[of] p2b: Hippowdon\n|move|p2a: Garganacl|Salt Cure|p1a: Flutter Mane\n|-damage|p1a: Flutter Mane|59\/100\n|\n|-weather|Sandstorm|[upkeep]\n|-damage|p1a: Flutter Mane|53\/100|[from] Sandstorm\n|-damage|p1a: Flutter Mane|41\/100|[from] Salt Cure\n|upkeep\n|turn|6\n|\n|t:|1682003906\n|-end|p1a: Flutter Mane|Protosynthesis|[silent]\n|switch|p1a: Amoonguss|Amoonguss, L50, F, shiny|100\/100\n|switch|p1b: Palafin|Palafin-Hero, L50, M|100\/100\n|-activate|p1b: Palafin|ability: Zero to Hero\n|move|p2b: Hippowdon|Slack Off|p2b: Hippowdon\n|-heal|p2b: Hippowdon|78\/100\n|move|p2a: Garganacl|Salt Cure|p1a: Amoonguss\n|-damage|p1a: Amoonguss|90\/100\n|-start|p1a: Amoonguss|Salt Cure\n|\n|-weather|Sandstorm|[upkeep]\n|-damage|p1b: Palafin|95\/100|[from] Sandstorm\n|-damage|p1a: Amoonguss|84\/100|[from] Sandstorm\n|-damage|p1a: Amoonguss|71\/100|[from] Salt Cure\n|upkeep\n|turn|7\n|\n|t:|1682003926\n|switch|p2b: Gyarados|Gyarados, L50, M|92\/100\n|-ability|p2b: Gyarados|Intimidate|boost\n|-unboost|p1a: Amoonguss|atk|1\n|-unboost|p1b: Palafin|atk|1\n|switch|p1a: Flutter Mane|Flutter Mane, L50|41\/100\n|-terastallize|p1b: Palafin|Water\n|-terastallize|p2a: Garganacl|Poison\n|move|p1b: Palafin|Wave Crash|p2b: Gyarados\n|-resisted|p2b: Gyarados\n|-damage|p2b: Gyarados|43\/100\n|-damage|p1b: Palafin|80\/100|[from] Recoil\n|move|p2a: Garganacl|Salt Cure|p1b: Palafin\n|-damage|p1b: Palafin|66\/100\n|-start|p1b: Palafin|Salt Cure\n|\n|-weather|Sandstorm|[upkeep]\n|-damage|p1a: Flutter Mane|36\/100|[from] Sandstorm\n|-damage|p1b: Palafin|60\/100|[from] Sandstorm\n|-damage|p2a: Garganacl|95\/100|[from] Sandstorm\n|-heal|p2a: Garganacl|100\/100|[from] item: Leftovers\n|-damage|p1b: Palafin|35\/100|[from] Salt Cure\n|upkeep\n|turn|8\n|j| Privnoval016\n|\n|t:|1682003951\n|switch|p1b: Ting-Lu|Ting-Lu, L50|76\/100\n|-ability|p1b: Ting-Lu|Vessel of Ruin\n|move|p2b: Gyarados|Protect|p2b: Gyarados\n|-singleturn|p2b: Gyarados|Protect\n|move|p1a: Flutter Mane|Moonblast|p2b: Gyarados\n|-activate|p2b: Gyarados|move: Protect\n|move|p2a: Garganacl|Salt Cure|p1a: Flutter Mane\n|-damage|p1a: Flutter Mane|11\/100\n|-start|p1a: Flutter Mane|Salt Cure\n|\n|-weather|none\n|-damage|p1a: Flutter Mane|0 fnt|[from] Salt Cure\n|faint|p1a: Flutter Mane\n|-end|p1a: Flutter Mane|Protosynthesis|[silent]\n|upkeep\n|l| DesertGardener\n|l| Privnoval016\n|\n|t:|1682003962\n|switch|p1a: Amoonguss|Amoonguss, L50, F, shiny|100\/100\n|turn|9\n|j| peppapigfan867\n|\n|t:|1682003980\n|move|p2b: Gyarados|Whirlpool|p1a: Amoonguss\n|-resisted|p1a: Amoonguss\n|-damage|p1a: Amoonguss|98\/100\n|-activate|p1a: Amoonguss|move: Whirlpool|[of] p2b: Gyarados\n|move|p1b: Ting-Lu|Stomping Tantrum|p2a: Garganacl\n|-supereffective|p2a: Garganacl\n|-damage|p2a: Garganacl|50\/100\n|move|p2a: Garganacl|Salt Cure|p1a: Amoonguss\n|-damage|p1a: Amoonguss|85\/100\n|-start|p1a: Amoonguss|Salt Cure\n|move|p1a: Amoonguss|Pollen Puff|p1b: Ting-Lu\n|-heal|p1b: Ting-Lu|100\/100\n|\n|-heal|p2a: Garganacl|56\/100|[from] item: Leftovers\n|-damage|p1a: Amoonguss|73\/100|[from] Salt Cure\n|-damage|p1a: Amoonguss|61\/100|[from] move: Whirlpool|[partiallytrapped]\n|upkeep\n|turn|10\n|j| rina slaywayama\n|l| peppapigfan867\n|\n|t:|1682004001\n|move|p2b: Gyarados|Waterfall|p1b: Ting-Lu\n|-supereffective|p1b: Ting-Lu\n|-damage|p1b: Ting-Lu|43\/100\n|move|p1b: Ting-Lu|Stomping Tantrum|p2a: Garganacl\n|-supereffective|p2a: Garganacl\n|-damage|p2a: Garganacl|7\/100\n|move|p2a: Garganacl|Recover|p2a: Garganacl\n|-heal|p2a: Garganacl|57\/100\n|move|p1a: Amoonguss|Pollen Puff|p2a: Garganacl\n|-resisted|p2a: Garganacl\n|-damage|p2a: Garganacl|52\/100\n|\n|-heal|p2a: Garganacl|58\/100|[from] item: Leftovers\n|-damage|p1a: Amoonguss|49\/100|[from] Salt Cure\n|-damage|p1a: Amoonguss|36\/100|[from] move: Whirlpool|[partiallytrapped]\n|upkeep\n|-enditem|p1a: Amoonguss|Sitrus Berry|[eat]\n|-heal|p1a: Amoonguss|61\/100|[from] item: Sitrus Berry\n|turn|11\n|l| rina slaywayama\n|l| Topperlecat\n|\n|t:|1682004028\n|switch|p1b: Palafin|Palafin-Hero, L50, M, tera:Water|35\/100\n|switch|p2a: Hippowdon|Hippowdon, L50, F|78\/100\n|-weather|Sandstorm|[from] ability: Sand Stream|[of] p2a: Hippowdon\n|move|p2b: Gyarados|Taunt|p1a: Amoonguss\n|-start|p1a: Amoonguss|move: Taunt\n|move|p1a: Amoonguss|Pollen Puff|p1b: Palafin\n|-heal|p1b: Palafin|85\/100\n|\n|-weather|Sandstorm|[upkeep]\n|-damage|p1b: Palafin|79\/100|[from] Sandstorm\n|-damage|p1a: Amoonguss|56\/100|[from] Sandstorm\n|-damage|p1a: Amoonguss|43\/100|[from] Salt Cure\n|-damage|p1a: Amoonguss|31\/100|[from] move: Whirlpool|[partiallytrapped]\n|upkeep\n|turn|12\n|j| Ultrabook 1000\n|j| peppapigfan867\n|\n|t:|1682004053\n|switch|p2b: Wo-Chien|Wo-Chien, L50|100\/100\n|-ability|p2b: Wo-Chien|Tablets of Ruin\n|move|p1b: Palafin|Jet Punch|p2a: Hippowdon\n|-supereffective|p2a: Hippowdon\n|-damage|p2a: Hippowdon|3\/100\n|move|p2a: Hippowdon|Yawn|p1a: Amoonguss\n|-start|p1a: Amoonguss|move: Yawn|[of] p2a: Hippowdon\n|move|p1a: Amoonguss|Pollen Puff|p1b: Palafin\n|-heal|p1b: Palafin|100\/100\n|\n|-weather|Sandstorm|[upkeep]\n|-damage|p1b: Palafin|95\/100|[from] Sandstorm\n|-damage|p2b: Wo-Chien|95\/100|[from] Sandstorm\n|-damage|p1a: Amoonguss|25\/100|[from] Sandstorm\n|-damage|p1a: Amoonguss|13\/100|[from] Salt Cure\n|-end|p1a: Amoonguss|Whirlpool|[partiallytrapped]|[silent]\n|upkeep\n|turn|13\n|l| BambiVSGodzilla\n|\n|t:|1682004075\n|switch|p2a: Gyarados|Gyarados, L50, M|43\/100\n|-ability|p2a: Gyarados|Intimidate|boost\n|-unboost|p1a: Amoonguss|atk|1\n|-unboost|p1b: Palafin|atk|1\n|switch|p1a: Ting-Lu|Ting-Lu, L50|43\/100\n|-ability|p1a: Ting-Lu|Vessel of Ruin\n|move|p1b: Palafin|Protect|p1b: Palafin\n|-singleturn|p1b: Palafin|Protect\n|move|p2b: Wo-Chien|Leech Seed|p1b: Palafin\n|-activate|p1b: Palafin|move: Protect\n|\n|-weather|Sandstorm|[upkeep]\n|-damage|p1b: Palafin|89\/100|[from] Sandstorm\n|-damage|p2b: Wo-Chien|89\/100|[from] Sandstorm\n|upkeep\n|turn|14\n|j| Alolcam\n|\n|t:|1682004097\n|move|p1b: Palafin|Wave Crash|p2a: Gyarados\n|-resisted|p2a: Gyarados\n|-damage|p2a: Gyarados|9\/100\n|-damage|p1b: Palafin|78\/100|[from] Recoil\n|move|p2a: Gyarados|Waterfall|p1a: Ting-Lu\n|-supereffective|p1a: Ting-Lu\n|-damage|p1a: Ting-Lu|0 fnt\n|faint|p1a: Ting-Lu\n|move|p2b: Wo-Chien|Leech Seed|p1b: Palafin\n|-start|p1b: Palafin|move: Leech Seed\n|\n|-weather|Sandstorm|[upkeep]\n|-damage|p1b: Palafin|72\/100|[from] Sandstorm\n|-damage|p2b: Wo-Chien|83\/100|[from] Sandstorm\n|-damage|p1b: Palafin|60\/100|[from] Leech Seed|[of] p2b: Wo-Chien\n|-heal|p2b: Wo-Chien|96\/100|[silent]\n|upkeep\n|\n|t:|1682004107\n|switch|p1a: Amoonguss|Amoonguss, L50, F, shiny|46\/100\n|turn|15\n|\n|t:|1682004129\n|move|p2a: Gyarados|Protect|p2a: Gyarados\n|-singleturn|p2a: Gyarados|Protect\n|move|p1b: Palafin|Jet Punch|p2a: Gyarados\n|-activate|p2a: Gyarados|move: Protect\n|move|p2b: Wo-Chien|Foul Play|p1b: Palafin\n|-damage|p1b: Palafin|18\/100\n|move|p1a: Amoonguss|Pollen Puff|p1b: Palafin\n|-heal|p1b: Palafin|68\/100\n|\n|-weather|none\n|-damage|p1b: Palafin|55\/100|[from] Leech Seed|[of] p2b: Wo-Chien\n|-heal|p2b: Wo-Chien|100\/100|[silent]\n|upkeep\n|turn|16\n|\n|t:|1682004148\n|switch|p2a: Hippowdon|Hippowdon, L50, F|3\/100\n|-weather|Sandstorm|[from] ability: Sand Stream|[of] p2a: Hippowdon\n|move|p1b: Palafin|Wave Crash|p2b: Wo-Chien\n|-resisted|p2b: Wo-Chien\n|-damage|p2b: Wo-Chien|78\/100\n|-damage|p1b: Palafin|48\/100|[from] Recoil\n|move|p2b: Wo-Chien|Foul Play|p1a: Amoonguss\n|-damage|p1a: Amoonguss|28\/100\n|move|p1a: Amoonguss|Pollen Puff|p2b: Wo-Chien\n|-supereffective|p2b: Wo-Chien\n|-damage|p2b: Wo-Chien|28\/100\n|\n|-weather|Sandstorm|[upkeep]\n|-damage|p1b: Palafin|42\/100|[from] Sandstorm\n|-damage|p2b: Wo-Chien|22\/100|[from] Sandstorm\n|-damage|p1a: Amoonguss|22\/100|[from] Sandstorm\n|-enditem|p2b: Wo-Chien|Aguav Berry|[eat]\n|-heal|p2b: Wo-Chien|55\/100|[from] item: Aguav Berry\n|-damage|p1b: Palafin|30\/100|[from] Leech Seed|[of] p2b: Wo-Chien\n|-heal|p2b: Wo-Chien|68\/100|[silent]\n|upkeep\n|turn|17\n|\n|t:|1682004180\n|move|p1b: Palafin|Haze|p1b: Palafin\n|-clearallboost\n|move|p2b: Wo-Chien|Foul Play|p1a: Amoonguss\n|-damage|p1a: Amoonguss|5\/100\n|move|p2a: Hippowdon|Stomping Tantrum|p1a: Amoonguss\n|-damage|p1a: Amoonguss|0 fnt\n|faint|p1a: Amoonguss\n|\n|-weather|Sandstorm|[upkeep]\n|-damage|p1b: Palafin|24\/100|[from] Sandstorm\n|-damage|p2b: Wo-Chien|62\/100|[from] Sandstorm\n|-damage|p1b: Palafin|11\/100|[from] Leech Seed|[of] p2b: Wo-Chien\n|-heal|p2b: Wo-Chien|75\/100|[silent]\n|upkeep\n|turn|18\n|c|\u2606teripand|gg\n|\n|t:|1682004198\n|move|p1b: Palafin|Jet Punch|p2a: Hippowdon\n|-supereffective|p2a: Hippowdon\n|-damage|p2a: Hippowdon|0 fnt\n|faint|p2a: Hippowdon\n|move|p2b: Wo-Chien|Foul Play|p1b: Palafin\n|-damage|p1b: Palafin|0 fnt\n|faint|p1b: Palafin\n|\n|win|teripand\n|n|\u2606AleCiva01|aleciva01\n|n|\u2606teripand|teripand\n|n| ROBERT5239423942|robert5239423942\n|n| chicagolocaltop16|chicagolocaltop16\n|n| Des Weswolfs|desweswolfs\n|n| Ultrabook 1000|ultrabook1000\n|n| peppapigfan867|peppapigfan867\n|n| Alolcam|alolcam\n","uploadtime":1682004199,"views":7,"p1id":"aleciva01","p2id":"teripand","formatid":"gen9vgc2023regulationc","rating":0,"private":0,"password":""}