{"id":"gen9vgc2023regulationc-1853131534","p1":"VeeGey","p2":"Jadeyen","format":"[Gen 9] VGC 2023 Regulation C","log":"|j|\u2606VeeGey\n|j|\u2606Jadeyen\n|t:|1682638983\n|gametype|doubles\n|player|p1|VeeGey|1|1031\n|player|p2|Jadeyen|dawn-gen4pt|1014\n|teamsize|p1|6\n|teamsize|p2|6\n|gen|9\n|tier|[Gen 9] VGC 2023 Regulation C\n|rated|\n|rule|Species Clause: Limit one of each Pok\u00e9mon\n|rule|Item Clause: Limit one of each item\n|clearpoke\n|poke|p1|Scovillain, L50, M|\n|poke|p1|Dragapult, L50, M|\n|poke|p1|Barraskewda, L50, F|\n|poke|p1|Corvisquire, L50, F|\n|poke|p1|Golduck, L50, M|\n|poke|p1|Pelipper, L50, F|\n|poke|p2|Ceruledge, L50, M|\n|poke|p2|Meowscarada, L50, F|\n|poke|p2|Quaquaval, L50, F|\n|poke|p2|Chien-Pao, L50|\n|poke|p2|Garchomp, L50, F|\n|poke|p2|Blissey, L50, F|\n|teampreview|4\n|inactive|Battle timer is ON: inactive players will automatically lose when time's up. (requested by Jadeyen)\n|inactive|VeeGey also wants the timer to be on.\n|inactive|Jadeyen has 60 seconds left.\n|\n|t:|1682639021\n|start\n|switch|p1a: Corvisquire|Corvisquire, L50, F|100\/100\n|switch|p1b: Scovillain|Scovillain, L50, M|100\/100\n|switch|p2a: Chien-Pao|Chien-Pao, L50|100\/100\n|switch|p2b: Meowscarada|Meowscarada, L50, F|100\/100\n|-ability|p2a: Chien-Pao|Sword of Ruin\n|turn|1\n|inactive|Jadeyen has 30 seconds left.\n|inactive|VeeGey has 30 seconds left.\n|\n|t:|1682639057\n|switch|p1a: Golduck|Golduck, L50, M, shiny|100\/100\n|move|p1b: Scovillain|Flamethrower|p2a: Chien-Pao\n|-supereffective|p2a: Chien-Pao\n|-enditem|p2a: Chien-Pao|Focus Sash\n|-damage|p2a: Chien-Pao|1\/100\n|move|p2a: Chien-Pao|Ice Spinner|p1a: Golduck\n|-resisted|p1a: Golduck\n|-damage|p1a: Golduck|64\/100\n|move|p2b: Meowscarada|Play Rough|p1b: Scovillain\n|-start|p2b: Meowscarada|typechange|Fairy|[from] ability: Protean\n|-resisted|p1b: Scovillain\n|-damage|p1b: Scovillain|37\/100\n|\n|upkeep\n|turn|2\n|\n|t:|1682639080\n|switch|p1b: Pelipper|Pelipper, L50, F|100\/100\n|-weather|RainDance|[from] ability: Drizzle|[of] p1b: Pelipper\n|move|p1a: Golduck|Surf|p2a: Chien-Pao|[spread] p1b,p2a,p2b\n|-resisted|p1b: Pelipper\n|-damage|p1b: Pelipper|72\/100\n|-damage|p2a: Chien-Pao|0 fnt\n|-damage|p2b: Meowscarada|19\/100\n|faint|p2a: Chien-Pao\n|-damage|p1a: Golduck|54\/100|[from] item: Life Orb\n|move|p2b: Meowscarada|Play Rough|p1b: Pelipper\n|-damage|p1b: Pelipper|11\/100\n|\n|-weather|RainDance|[upkeep]\n|upkeep\n|\n|t:|1682639094\n|switch|p2a: Blissey|Blissey, L50, F|100\/100\n|turn|3\n|inactive|VeeGey has 30 seconds left.\n|inactive|VeeGey has 20 seconds left.\n|\n|t:|1682639131\n|move|p2a: Blissey|Helping Hand|p2b: Meowscarada\n|-singleturn|p2b: Meowscarada|Helping Hand|[of] p2a: Blissey\n|move|p1b: Pelipper|Wide Guard|p1b: Pelipper\n|-singleturn|p1b: Pelipper|Wide Guard\n|move|p1a: Golduck|Surf|p2b: Meowscarada|[spread] p2a,p2b\n|-activate|p1b: Pelipper|move: Wide Guard\n|-damage|p2a: Blissey|73\/100\n|-damage|p2b: Meowscarada|0 fnt\n|faint|p2b: Meowscarada\n|-damage|p1a: Golduck|45\/100|[from] item: Life Orb\n|\n|-weather|RainDance|[upkeep]\n|upkeep\n|\n|t:|1682639142\n|switch|p2b: Quaquaval|Quaquaval, L50, F|100\/100\n|turn|4\n|inactive|VeeGey has 30 seconds left.\n|\n|t:|1682639172\n|move|p1a: Golduck|Surf|p2a: Blissey|[spread] p1b,p2a,p2b\n|-resisted|p1b: Pelipper\n|-resisted|p2b: Quaquaval\n|-damage|p1b: Pelipper|0 fnt\n|-damage|p2a: Blissey|43\/100\n|-damage|p2b: Quaquaval|68\/100\n|faint|p1b: Pelipper\n|-damage|p1a: Golduck|35\/100|[from] item: Life Orb\n|move|p2b: Quaquaval|Ice Spinner|p1a: Golduck\n|-resisted|p1a: Golduck\n|-damage|p1a: Golduck|17\/100\n|move|p2a: Blissey|Thunderbolt|p1a: Golduck\n|-supereffective|p1a: Golduck\n|-damage|p1a: Golduck|0 fnt\n|faint|p1a: Golduck\n|\n|-weather|RainDance|[upkeep]\n|upkeep\n|\n|t:|1682639175\n|switch|p1a: Scovillain|Scovillain, L50, M|37\/100\n|switch|p1b: Corvisquire|Corvisquire, L50, F|100\/100\n|turn|5\n|inactive|Jadeyen has 30 seconds left.\n|\n|t:|1682639204\n|-terastallize|p1b: Corvisquire|Flying\n|move|p2a: Blissey|Helping Hand|p2b: Quaquaval\n|-singleturn|p2b: Quaquaval|Helping Hand|[of] p2a: Blissey\n|move|p1a: Scovillain|Spicy Extract|p1b: Corvisquire\n|-fail|p1b: Corvisquire|unboost|Defense|[from] ability: Big Pecks|[of] p1b: Corvisquire\n|-boost|p1b: Corvisquire|atk|2\n|move|p2b: Quaquaval|Ice Spinner|p1a: Scovillain\n|-damage|p1a: Scovillain|0 fnt\n|faint|p1a: Scovillain\n|-ability|p2b: Quaquaval|Moxie|boost\n|-boost|p2b: Quaquaval|atk|1\n|move|p1b: Corvisquire|Brave Bird|p2b: Quaquaval\n|-supereffective|p2b: Quaquaval\n|-crit|p2b: Quaquaval\n|-damage|p2b: Quaquaval|0 fnt\n|faint|p2b: Quaquaval\n|-damage|p1b: Corvisquire|75\/100|[from] Recoil\n|\n|-weather|RainDance|[upkeep]\n|upkeep\n|turn|6\n|\n|t:|1682639224\n|-terastallize|p2a: Blissey|Electric\n|move|p1b: Corvisquire|Brave Bird|p2a: Blissey\n|-resisted|p2a: Blissey\n|-damage|p2a: Blissey|0 fnt\n|faint|p2a: Blissey\n|-damage|p1b: Corvisquire|44\/100|[from] Recoil\n|\n|win|VeeGey\n|raw|VeeGey's rating: 1031 → 1065<\/strong> (+34 for winning)\n|raw|Jadeyen's rating: 1014 → 1002<\/strong> (-12 for losing)\n|l|\u2606Jadeyen\n","uploadtime":1682639306,"views":8,"p1id":"veegey","p2id":"jadeyen","formatid":"gen9vgc2023regulationc","rating":1002,"private":0,"password":""}