{"id":"gen9vgc2023regulationc-1847796661","p1":"cyborgdyl","p2":"Vengeful potato","format":"[Gen 9] VGC 2023 Regulation C","log":"|j|\u2606cyborgdyl\n|j|\u2606Vengeful potato\n|t:|1682002736\n|gametype|doubles\n|player|p1|cyborgdyl|2|1115\n|player|p2|Vengeful potato|swimmer-gen4|1144\n|teamsize|p1|6\n|teamsize|p2|6\n|gen|9\n|tier|[Gen 9] VGC 2023 Regulation C\n|rated|\n|rule|Species Clause: Limit one of each Pok\u00e9mon\n|rule|Item Clause: Limit one of each item\n|clearpoke\n|poke|p1|Arcanine, L50, M|\n|poke|p1|Brute Bonnet, L50|\n|poke|p1|Palafin, L50, M|\n|poke|p1|Gholdengo, L50|\n|poke|p1|Dragonite, L50, M|\n|poke|p1|Talonflame, L50, M|\n|poke|p2|Dudunsparce-*, L50, M|\n|poke|p2|Gholdengo, L50|\n|poke|p2|Iron Valiant, L50|\n|poke|p2|Roaring Moon, L50|\n|poke|p2|Rotom-Wash, L50|\n|poke|p2|Amoonguss, L50, F|\n|teampreview|4\n|inactive|Battle timer is ON: inactive players will automatically lose when time's up. (requested by cyborgdyl)\n|\n|t:|1682002778\n|start\n|switch|p1a: Palafin|Palafin, L50, M|100\/100\n|switch|p1b: Brute Bonnet|Brute Bonnet, L50|100\/100\n|switch|p2a: Dudunsparce|Dudunsparce, L50, M|100\/100\n|switch|p2b: Roaring Moon|Roaring Moon, L50|100\/100\n|turn|1\n|\n|t:|1682002801\n|-terastallize|p1b: Brute Bonnet|Fairy\n|move|p1b: Brute Bonnet|Rage Powder|p1b: Brute Bonnet\n|-singleturn|p1b: Brute Bonnet|move: Rage Powder\n|move|p1a: Palafin|Jet Punch|p2a: Dudunsparce\n|-damage|p2a: Dudunsparce|78\/100\n|move|p2b: Roaring Moon|U-turn|p1b: Brute Bonnet\n|-resisted|p1b: Brute Bonnet\n|-damage|p1b: Brute Bonnet|91\/100\n|\n|t:|1682002810\n|-end|p2b: Roaring Moon|Protosynthesis|[silent]\n|switch|p2b: Gholdengo|Gholdengo, L50|100\/100|[from] U-turn\n|move|p2a: Dudunsparce|Glare|p1b: Brute Bonnet\n|-status|p1b: Brute Bonnet|par\n|\n|upkeep\n|turn|2\n|\n|t:|1682002832\n|detailschange|p1a: Palafin|Palafin-Hero, L50, M\n|switch|p1a: Dragonite|Dragonite, L50, M|100\/100\n|move|p1b: Brute Bonnet|Sucker Punch|p2b: Gholdengo\n|-supereffective|p2b: Gholdengo\n|-damage|p2b: Gholdengo|36\/100\n|move|p2a: Dudunsparce|Glare|p1a: Dragonite\n|-status|p1a: Dragonite|par\n|move|p2b: Gholdengo|Make It Rain|p1b: Brute Bonnet|[spread] p1a,p1b\n|-supereffective|p1b: Brute Bonnet\n|-damage|p1a: Dragonite|27\/100 par\n|-damage|p1b: Brute Bonnet|0 fnt\n|-unboost|p2b: Gholdengo|spa|1\n|faint|p1b: Brute Bonnet\n|-end|p1b: Brute Bonnet|Protosynthesis|[silent]\n|\n|upkeep\n|\n|t:|1682002846\n|switch|p1b: Palafin|Palafin-Hero, L50, M|100\/100\n|-activate|p1b: Palafin|ability: Zero to Hero\n|turn|3\n|\n|t:|1682002856\n|switch|p2b: Rotom|Rotom-Wash, L50, shiny|100\/100\n|move|p1b: Palafin|Jet Punch|p2b: Rotom\n|-resisted|p2b: Rotom\n|-damage|p2b: Rotom|77\/100\n|move|p2a: Dudunsparce|Glare|p1b: Palafin\n|-status|p1b: Palafin|par\n|move|p1a: Dragonite|Dragon Claw|p2a: Dudunsparce\n|-damage|p2a: Dudunsparce|34\/100\n|-enditem|p2a: Dudunsparce|Sitrus Berry|[eat]\n|-heal|p2a: Dudunsparce|59\/100|[from] item: Sitrus Berry\n|\n|upkeep\n|turn|4\n|\n|t:|1682002875\n|cant|p1b: Palafin|par\n|cant|p1a: Dragonite|par\n|move|p2b: Rotom|Volt Switch|p1b: Palafin\n|-supereffective|p1b: Palafin\n|-damage|p1b: Palafin|48\/100 par\n|\n|t:|1682002893\n|switch|p2b: Roaring Moon|Roaring Moon, L50|100\/100|[from] Volt Switch\n|move|p2a: Dudunsparce|Rock Slide|p1b: Palafin|[spread] p1a,p1b\n|-supereffective|p1a: Dragonite\n|-crit|p1b: Palafin\n|-damage|p1a: Dragonite|0 fnt\n|-damage|p1b: Palafin|29\/100 par\n|faint|p1a: Dragonite\n|\n|upkeep\n|c|\u2606cyborgdyl|LYUKLY\n|\n|t:|1682002901\n|switch|p1a: Gholdengo|Gholdengo, L50|100\/100\n|turn|5\n|\n|t:|1682002913\n|cant|p1b: Palafin|par\n|move|p2b: Roaring Moon|Throat Chop|p1a: Gholdengo\n|-supereffective|p1a: Gholdengo\n|-damage|p1a: Gholdengo|23\/100\n|-start|p1a: Gholdengo|Throat Chop|[silent]\n|move|p2a: Dudunsparce|Rock Slide|p1b: Palafin|[spread] p1a,p1b\n|-resisted|p1a: Gholdengo\n|-damage|p1a: Gholdengo|18\/100\n|-damage|p1b: Palafin|16\/100 par\n|cant|p1a: Gholdengo|flinch\n|\n|upkeep\n|turn|6\n|inactive|cyborgdyl has 30 seconds left.\n|inactive|cyborgdyl has 20 seconds left.\n|inactive|cyborgdyl has 15 seconds left.\n|c|\u2606cyborgdyl|WHY What did i do to to divive for this\n|inactive|cyborgdyl has 10 seconds left.\n|\n|t:|1682002962\n|move|p1a: Gholdengo|Protect|p1a: Gholdengo\n|-singleturn|p1a: Gholdengo|Protect\n|move|p1b: Palafin|Protect|p1b: Palafin\n|-singleturn|p1b: Palafin|Protect\n|move|p2b: Roaring Moon|Throat Chop|p1a: Gholdengo\n|-activate|p1a: Gholdengo|move: Protect\n|move|p2a: Dudunsparce|Rock Slide|p1a: Gholdengo|[spread] \n|-activate|p1a: Gholdengo|move: Protect\n|-activate|p1b: Palafin|move: Protect\n|\n|-end|p1a: Gholdengo|Throat Chop|[silent]\n|upkeep\n|turn|7\n|\n|t:|1682002986\n|move|p2b: Roaring Moon|Throat Chop|p1a: Gholdengo\n|-supereffective|p1a: Gholdengo\n|-damage|p1a: Gholdengo|0 fnt\n|faint|p1a: Gholdengo\n|move|p2a: Dudunsparce|Rock Slide|p1b: Palafin\n|-damage|p1b: Palafin|0 fnt\n|faint|p1b: Palafin\n|\n|win|Vengeful potato\n|raw|cyborgdyl's rating: 1115 → 1092<\/strong> (-23 for losing)\n|raw|Vengeful potato's rating: 1144 → 1167<\/strong> (+23 for winning)\n|c|\u2606Vengeful potato|Ggs\n","uploadtime":1682002997,"views":5,"p1id":"cyborgdyl","p2id":"vengefulpotato","formatid":"gen9vgc2023regulationc","rating":1092,"private":0,"password":""}