{"id":"gen9vgc2023regulationc-1863457291","p1":"Eagrill","p2":"Specs Hex Pex","format":"[Gen 9] VGC 2023 Regulation C","log":"|j|\u2606Eagrill\n|j|\u2606Specs Hex Pex\n|t:|1684019826\n|gametype|doubles\n|player|p1|Eagrill|169|\n|player|p2|Specs Hex Pex|lady|\n|teamsize|p1|6\n|teamsize|p2|6\n|gen|9\n|tier|[Gen 9] VGC 2023 Regulation C\n|rule|Species Clause: Limit one of each Pok\u00e9mon\n|rule|Item Clause: Limit one of each item\n|clearpoke\n|poke|p1|Iron Hands, L50|\n|poke|p1|Indeedee, L50, M|\n|poke|p1|Corviknight, L50, F|\n|poke|p1|Garchomp, L50, F|\n|poke|p1|Coalossal, L50, M|\n|poke|p1|Barraskewda, L50, M|\n|poke|p2|Medicham, L50, F|\n|poke|p2|Qwilfish, L50, M|\n|poke|p2|Chien-Pao, L50|\n|poke|p2|Talonflame, L50, F|\n|poke|p2|Rabsca, L50, F|\n|poke|p2|Forretress, L50, M|\n|teampreview|4\n|inactive|Battle timer is ON: inactive players will automatically lose when time's up. (requested by Eagrill)\n|inactiveoff|Battle timer is now OFF.\n|j| jayballester\n|\n|t:|1684019855\n|start\n|switch|p1a: Garchomp|Garchomp, L50, F|100\/100\n|switch|p1b: Coalossal|Coalossal, L50, M|100\/100\n|switch|p2a: Talonflame|Talonflame, L50, F|100\/100\n|switch|p2b: Chien-Pao|Chien-Pao, L50|100\/100\n|-ability|p2b: Chien-Pao|Sword of Ruin\n|turn|1\n|j| Jstardude\n|\n|t:|1684019903\n|switch|p1a: Corviknight|Corviknight, L50, F|100\/100\n|-terastallize|p2b: Chien-Pao|Poison\n|move|p2a: Talonflame|Tailwind|p2a: Talonflame\n|-sidestart|p2: Specs Hex Pex|move: Tailwind\n|move|p2b: Chien-Pao|Ice Spinner|p1a: Corviknight\n|-damage|p1a: Corviknight|50\/100\n|-damage|p2b: Chien-Pao|91\/100|[from] item: Life Orb\n|move|p1b: Coalossal|Power Gem|p2a: Talonflame\n|-supereffective|p2a: Talonflame\n|-damage|p2a: Talonflame|0 fnt\n|faint|p2a: Talonflame\n|\n|-heal|p1a: Corviknight|56\/100|[from] item: Leftovers\n|upkeep\n|j| LiluziHit\n|\n|t:|1684019927\n|switch|p2a: Medicham|Medicham, L50, F|100\/100\n|turn|2\n|\n|t:|1684019963\n|move|p1a: Corviknight|Protect|p1a: Corviknight\n|-singleturn|p1a: Corviknight|Protect\n|move|p1b: Coalossal|Protect|p1b: Coalossal\n|-singleturn|p1b: Coalossal|Protect\n|move|p2b: Chien-Pao|Sacred Sword|p1b: Coalossal\n|-activate|p1b: Coalossal|move: Protect\n|move|p2a: Medicham|Close Combat|p1a: Corviknight\n|-activate|p1a: Corviknight|move: Protect\n|\n|-heal|p1a: Corviknight|62\/100|[from] item: Leftovers\n|upkeep\n|turn|3\n|\n|t:|1684020008\n|-terastallize|p1b: Coalossal|Grass\n|move|p2b: Chien-Pao|Ice Spinner|p1a: Corviknight\n|-damage|p1a: Corviknight|18\/100\n|-damage|p2b: Chien-Pao|82\/100|[from] item: Life Orb\n|move|p2a: Medicham|Close Combat|p1b: Coalossal\n|-damage|p1b: Coalossal|26\/100\n|-unboost|p2a: Medicham|def|1\n|-unboost|p2a: Medicham|spd|1\n|move|p1a: Corviknight|Brave Bird|p2a: Medicham\n|-supereffective|p2a: Medicham\n|-crit|p2a: Medicham\n|-damage|p2a: Medicham|0 fnt\n|faint|p2a: Medicham\n|-damage|p1a: Corviknight|0 fnt|[from] Recoil\n|faint|p1a: Corviknight\n|move|p1b: Coalossal|Flamethrower|p2b: Chien-Pao\n|-damage|p2b: Chien-Pao|29\/100\n|\n|upkeep\n|\n|t:|1684020025\n|switch|p2a: Qwilfish|Qwilfish, L50, M|100\/100\n|switch|p1a: Iron Hands|Iron Hands, L50|100\/100\n|-ability|p2a: Qwilfish|Intimidate|boost\n|-unboost|p1a: Iron Hands|atk|1\n|-unboost|p1b: Coalossal|atk|1\n|turn|4\n|\n|t:|1684020048\n|move|p1a: Iron Hands|Fake Out|p2b: Chien-Pao\n|-damage|p2b: Chien-Pao|16\/100\n|cant|p2b: Chien-Pao|flinch\n|move|p2a: Qwilfish|Poison Jab|p1a: Iron Hands\n|-damage|p1a: Iron Hands|73\/100\n|move|p1b: Coalossal|Power Gem|p2a: Qwilfish\n|-damage|p2a: Qwilfish|32\/100\n|\n|-sideend|p2: Specs Hex Pex|move: Tailwind\n|upkeep\n|turn|5\n|\n|t:|1684020074\n|move|p2b: Chien-Pao|Ice Spinner|p1a: Iron Hands\n|-damage|p1a: Iron Hands|26\/100\n|-damage|p2b: Chien-Pao|7\/100|[from] item: Life Orb\n|move|p2a: Qwilfish|Poison Jab|p1a: Iron Hands\n|-damage|p1a: Iron Hands|0 fnt\n|faint|p1a: Iron Hands\n|-end|p1a: Iron Hands|Quark Drive|[silent]\n|move|p1b: Coalossal|Power Gem|p2b: Chien-Pao\n|-damage|p2b: Chien-Pao|0 fnt\n|faint|p2b: Chien-Pao\n|\n|upkeep\n|\n|t:|1684020082\n|switch|p1a: Garchomp|Garchomp, L50, F|100\/100\n|turn|6\n|\n|t:|1684020087\n|move|p1a: Garchomp|Outrage|p2a: Qwilfish\n|-damage|p2a: Qwilfish|0 fnt\n|faint|p2a: Qwilfish\n|-damage|p1a: Garchomp|91\/100|[from] item: Life Orb\n|\n|win|Eagrill\n|c|\u2606Eagrill|gg\n|c|\u2606Specs Hex Pex|Ggs\n|l| LiluziHit\n","uploadtime":1684020095,"views":7,"p1id":"eagrill","p2id":"specshexpex","formatid":"gen9vgc2023regulationc","rating":0,"private":0,"password":""}