{"id":"gen9vgc2023regulationc-1856373135","p1":"Flutterhawk","p2":"LSUBossdaddy","format":"[Gen 9] VGC 2023 Regulation C","log":"|j|\u2606Flutterhawk\n|j|\u2606LSUBossdaddy\n|t:|1683055258\n|gametype|doubles\n|player|p1|Flutterhawk|preschoolerf|1101\n|player|p2|LSUBossdaddy|cyclistf|1061\n|teamsize|p1|6\n|teamsize|p2|6\n|gen|9\n|tier|[Gen 9] VGC 2023 Regulation C\n|rated|\n|rule|Species Clause: Limit one of each Pok\u00e9mon\n|rule|Item Clause: Limit one of each item\n|clearpoke\n|poke|p1|Flutter Mane, L50|\n|poke|p1|Palafin, L50, F|\n|poke|p1|Dragapult, L50, F|\n|poke|p1|Arcanine, L50, F|\n|poke|p1|Chien-Pao, L50|\n|poke|p1|Brute Bonnet, L50|\n|poke|p2|Abomasnow, L50, F|\n|poke|p2|Iron Bundle, L50|\n|poke|p2|Medicham, L50, M|\n|poke|p2|Roaring Moon, L50|\n|poke|p2|Vivillon, L50, M|\n|poke|p2|Arcanine, L50, F|\n|teampreview|4\nLSUBossdaddy has agreed to open team sheets.\n|inactive|Battle timer is ON: inactive players will automatically lose when time's up. (requested by LSUBossdaddy)\n|inactive|Flutterhawk has 60 seconds left.\n|\n|t:|1683055353\n|start\n|switch|p1a: Fluttershy|Flutter Mane, L50|100\/100\n|switch|p1b: Lockheed|Dragapult, L50, F|100\/100\n|switch|p2a: Abomasnow|Abomasnow, L50, F|100\/100\n|switch|p2b: Iron Bundle|Iron Bundle, L50|100\/100\n|-weather|Snow|[from] ability: Snow Warning|[of] p2a: Abomasnow\n|-enditem|p2b: Iron Bundle|Booster Energy\n|-activate|p2b: Iron Bundle|ability: Quark Drive|[fromitem]\n|-start|p2b: Iron Bundle|quarkdrivespe\n|turn|1\n|inactive|Flutterhawk has 30 seconds left.\n|inactive|LSUBossdaddy has 30 seconds left.\n|inactive|Flutterhawk has 20 seconds left.\n|inactive|Flutterhawk has 15 seconds left.\n|inactive|Flutterhawk has 10 seconds left.\n|inactive|Flutterhawk has 5 seconds left.\n|\n|t:|1683055404\n|-terastallize|p1b: Lockheed|Poison\n|move|p2b: Iron Bundle|Aurora Veil|p2b: Iron Bundle\n|-sidestart|p2: LSUBossdaddy|move: Aurora Veil\n|move|p1b: Lockheed|Tera Blast|p2a: Abomasnow\n|-supereffective|p2a: Abomasnow\n|-damage|p2a: Abomasnow|61\/100\n|move|p1a: Fluttershy|Moonblast|p2b: Iron Bundle\n|-damage|p2b: Iron Bundle|26\/100\n|move|p2a: Abomasnow|Blizzard|p1b: Lockheed|[spread] p1a,p1b\n|-damage|p1a: Fluttershy|49\/100\n|-damage|p1b: Lockheed|21\/100\n|-status|p1b: Lockheed|frz\n|\n|-weather|Snow|[upkeep]\n|upkeep\n|turn|2\n|inactive|Flutterhawk has 30 seconds left.\n|\n|t:|1683055436\n|move|p2b: Iron Bundle|Blizzard|p1a: Fluttershy|[spread] p1a,p1b\n|-damage|p1a: Fluttershy|14\/100\n|-damage|p1b: Lockheed|0 fnt\n|-status|p1a: Fluttershy|frz\n|faint|p1b: Lockheed\n|-curestatus|p1a: Fluttershy|frz|[msg]\n|move|p1a: Fluttershy|Moonblast|p2b: Iron Bundle\n|-damage|p2b: Iron Bundle|0 fnt\n|faint|p2b: Iron Bundle\n|-end|p2b: Iron Bundle|Quark Drive|[silent]\n|move|p2a: Abomasnow|Blizzard|p1a: Fluttershy\n|-damage|p1a: Fluttershy|0 fnt\n|faint|p1a: Fluttershy\n|-end|p1a: Fluttershy|Protosynthesis|[silent]\n|\n|-weather|Snow|[upkeep]\n|upkeep\n|\n|t:|1683055457\n|switch|p1b: Shiitake|Brute Bonnet, L50|100\/100\n|switch|p2b: Roaring Moon|Roaring Moon, L50|100\/100\n|switch|p1a: Cashew|Arcanine, L50, F|100\/100\n|-ability|p1a: Cashew|Intimidate|boost\n|-unboost|p2a: Abomasnow|atk|1\n|-unboost|p2b: Roaring Moon|atk|1\n|turn|3\n|inactive|Flutterhawk has 30 seconds left.\n|inactive|LSUBossdaddy has 30 seconds left.\n|inactive|LSUBossdaddy has 20 seconds left.\n|\n|t:|1683055494\n|-end|p2b: Roaring Moon|Protosynthesis|[silent]\n|switch|p2b: Medicham|Medicham, L50, M|100\/100\n|move|p1a: Cashew|Flare Blitz|p2a: Abomasnow\n|-supereffective|p2a: Abomasnow\n|-damage|p2a: Abomasnow|0 fnt\n|faint|p2a: Abomasnow\n|-damage|p1a: Cashew|80\/100|[from] Recoil\n|move|p1b: Shiitake|Spore|p2b: Medicham\n|-status|p2b: Medicham|slp|[from] move: Spore\n|\n|-weather|Snow|[upkeep]\n|upkeep\n|\n|t:|1683055505\n|switch|p2a: Roaring Moon|Roaring Moon, L50|100\/100\n|turn|4\n|\n|t:|1683055528\n|cant|p2b: Medicham|slp\n|move|p2a: Roaring Moon|X-Scissor|p1b: Shiitake\n|-supereffective|p1b: Shiitake\n|-damage|p1b: Shiitake|5\/100\n|move|p1a: Cashew|Howl|p1a: Cashew|[spread] p1a,p1b\n|-boost|p1a: Cashew|atk|1\n|-boost|p1b: Shiitake|atk|1\n|move|p1b: Shiitake|Spore|p2a: Roaring Moon\n|-status|p2a: Roaring Moon|slp|[from] move: Spore\n|\n|-weather|Snow|[upkeep]\n|upkeep\n|turn|5\n|inactive|Flutterhawk has 30 seconds left.\n|inactive|LSUBossdaddy has 30 seconds left.\n|\n|t:|1683055555\n|cant|p2a: Roaring Moon|slp\n|move|p1a: Cashew|Flare Blitz|p2b: Medicham\n|-damage|p2b: Medicham|16\/100 slp\n|-damage|p1a: Cashew|56\/100|[from] Recoil\n|move|p1b: Shiitake|Bullet Seed|p2b: Medicham\n|-damage|p2b: Medicham|0 fnt\n|faint|p2b: Medicham\n|-hitcount|p2: Medicham|1\n|\n|-weather|none\n|-sideend|p2: LSUBossdaddy|move: Aurora Veil\n|upkeep\n|turn|6\n|\n|t:|1683055577\n|move|p1a: Cashew|Extreme Speed|p2a: Roaring Moon\n|-damage|p2a: Roaring Moon|53\/100 slp\n|cant|p2a: Roaring Moon|slp\n|move|p1b: Shiitake|Bullet Seed|p2a: Roaring Moon\n|-resisted|p2a: Roaring Moon\n|-damage|p2a: Roaring Moon|42\/100 slp\n|-resisted|p2a: Roaring Moon\n|-crit|p2a: Roaring Moon\n|-damage|p2a: Roaring Moon|22\/100 slp\n|-resisted|p2a: Roaring Moon\n|-damage|p2a: Roaring Moon|10\/100 slp\n|-resisted|p2a: Roaring Moon\n|-damage|p2a: Roaring Moon|0 fnt\n|faint|p2a: Roaring Moon\n|-end|p2a: Roaring Moon|Protosynthesis|[silent]\n|-hitcount|p2: Roaring Moon|4\n|\n|win|Flutterhawk\n|raw|Flutterhawk's rating: 1101 → 1123<\/strong> (+22 for winning)\n|raw|LSUBossdaddy's rating: 1061 → 1044<\/strong> (-17 for losing)\n","uploadtime":1683055595,"views":18,"p1id":"flutterhawk","p2id":"lsubossdaddy","formatid":"gen9vgc2023regulationc","rating":1044,"private":0,"password":""}