{"id":"gen9vgc2023regulationc-1858582537","p1":"Mathisegonn","p2":"Verdas1128","format":"[Gen 9] VGC 2023 Regulation C","log":"|j|\u2606Mathisegonn\n|j|\u2606Verdas1128\n|t:|1683328244\n|gametype|doubles\n|player|p1|Mathisegonn|blackbelt|1118\n|player|p2|Verdas1128|caitlin|1120\n|teamsize|p1|6\n|teamsize|p2|6\n|gen|9\n|tier|[Gen 9] VGC 2023 Regulation C\n|rated|\n|rule|Species Clause: Limit one of each Pok\u00e9mon\n|rule|Item Clause: Limit one of each item\n|clearpoke\n|poke|p1|Palafin, L50, M|\n|poke|p1|Flutter Mane, L50|\n|poke|p1|Arcanine, L50, F|\n|poke|p1|Amoonguss, L50, M|\n|poke|p1|Ting-Lu, L50|\n|poke|p1|Roaring Moon, L50|\n|poke|p2|Chi-Yu, L50|\n|poke|p2|Iron Hands, L50|\n|poke|p2|Flutter Mane, L50|\n|poke|p2|Amoonguss, L50, M|\n|poke|p2|Corviknight, L50, F|\n|poke|p2|Iron Bundle, L50|\n|teampreview|4\n|\n|t:|1683328283\n|start\n|switch|p1a: Ting-Lu|Ting-Lu, L50|100\/100\n|switch|p1b: Arcanine|Arcanine, L50, F|100\/100\n|switch|p2a: Iron Bundle|Iron Bundle, L50, shiny|100\/100\n|switch|p2b: Iron Hands|Iron Hands, L50, shiny|100\/100\n|-ability|p1b: Arcanine|Intimidate|boost\n|-unboost|p2a: Iron Bundle|atk|1\n|-unboost|p2b: Iron Hands|atk|1\n|-ability|p1a: Ting-Lu|Vessel of Ruin\n|-enditem|p2a: Iron Bundle|Booster Energy\n|-activate|p2a: Iron Bundle|ability: Quark Drive|[fromitem]\n|-start|p2a: Iron Bundle|quarkdrivespe\n|turn|1\n|\n|t:|1683328347\n|-terastallize|p1b: Arcanine|Grass\n|move|p2a: Iron Bundle|Hydro Pump|p1a: Ting-Lu\n|-supereffective|p1a: Ting-Lu\n|-damage|p1a: Ting-Lu|64\/100\n|move|p1b: Arcanine|Will-O-Wisp|p2b: Iron Hands\n|-status|p2b: Iron Hands|brn\n|move|p2b: Iron Hands|Swords Dance|p2b: Iron Hands\n|-boost|p2b: Iron Hands|atk|2\n|move|p1a: Ting-Lu|Stomping Tantrum|p2a: Iron Bundle\n|-damage|p2a: Iron Bundle|61\/100\n|\n|-damage|p2b: Iron Hands|94\/100 brn|[from] brn\n|upkeep\n|turn|2\n|\n|t:|1683328372\n|move|p1b: Arcanine|Extreme Speed|p2a: Iron Bundle\n|-damage|p2a: Iron Bundle|36\/100\n|move|p2a: Iron Bundle|Icy Wind|p1b: Arcanine|[spread] p1a,p1b\n|-supereffective|p1a: Ting-Lu\n|-supereffective|p1b: Arcanine\n|-damage|p1a: Ting-Lu|49\/100\n|-damage|p1b: Arcanine|67\/100\n|-unboost|p1a: Ting-Lu|spe|1\n|-unboost|p1b: Arcanine|spe|1\n|move|p2b: Iron Hands|Drain Punch|p1a: Ting-Lu\n|-supereffective|p1a: Ting-Lu\n|-damage|p1a: Ting-Lu|10\/100\n|-heal|p2b: Iron Hands|100\/100 brn|[from] drain|[of] p1a: Ting-Lu\n|move|p1a: Ting-Lu|Stomping Tantrum|p2a: Iron Bundle\n|-damage|p2a: Iron Bundle|0 fnt\n|faint|p2a: Iron Bundle\n|-end|p2a: Iron Bundle|Quark Drive|[silent]\n|\n|-damage|p2b: Iron Hands|94\/100 brn|[from] brn\n|upkeep\n|\n|t:|1683328387\n|switch|p2a: Corviknight|Corviknight, L50, F, shiny|100\/100\n|turn|3\n|\n|t:|1683328405\n|-terastallize|p2a: Corviknight|Fire\n|move|p2a: Corviknight|Brave Bird|p1b: Arcanine\n|-supereffective|p1b: Arcanine\n|-damage|p1b: Arcanine|0 fnt\n|faint|p1b: Arcanine\n|-damage|p2a: Corviknight|78\/100|[from] Recoil\n|move|p2b: Iron Hands|Swords Dance|p2b: Iron Hands\n|-boost|p2b: Iron Hands|atk|2\n|move|p1a: Ting-Lu|Ruination|p2b: Iron Hands\n|-damage|p2b: Iron Hands|48\/100 brn\n|-enditem|p2b: Iron Hands|Sitrus Berry|[eat]\n|-heal|p2b: Iron Hands|72\/100 brn|[from] item: Sitrus Berry\n|\n|-damage|p2b: Iron Hands|66\/100 brn|[from] brn\n|upkeep\n|\n|t:|1683328431\n|switch|p1b: Flutter Mane|Flutter Mane, L50|100\/100\n|turn|4\n|\n|t:|1683328440\n|move|p1b: Flutter Mane|Dazzling Gleam|p2a: Corviknight|[spread] p2a,p2b\n|-resisted|p2a: Corviknight\n|-supereffective|p2b: Iron Hands\n|-damage|p2a: Corviknight|59\/100\n|-damage|p2b: Iron Hands|9\/100 brn\n|move|p2a: Corviknight|Iron Head|p1b: Flutter Mane\n|-supereffective|p1b: Flutter Mane\n|-damage|p1b: Flutter Mane|0 fnt\n|faint|p1b: Flutter Mane\n|-end|p1b: Flutter Mane|Protosynthesis|[silent]\n|move|p2b: Iron Hands|Drain Punch|p1a: Ting-Lu\n|-supereffective|p1a: Ting-Lu\n|-damage|p1a: Ting-Lu|0 fnt\n|-heal|p2b: Iron Hands|15\/100 brn|[from] drain|[of] p1a: Ting-Lu\n|faint|p1a: Ting-Lu\n|\n|-damage|p2b: Iron Hands|8\/100 brn|[from] brn\n|upkeep\n|\n|t:|1683328457\n|switch|p1b: Roaring Moon|Roaring Moon, L50|100\/100\n|-enditem|p1b: Roaring Moon|Booster Energy\n|-activate|p1b: Roaring Moon|ability: Protosynthesis|[fromitem]\n|-start|p1b: Roaring Moon|protosynthesisatk\n|turn|5\n|\n|t:|1683328466\n|move|p1b: Roaring Moon|Protect|p1b: Roaring Moon\n|-singleturn|p1b: Roaring Moon|Protect\n|move|p2a: Corviknight|Brave Bird|p1b: Roaring Moon\n|-activate|p1b: Roaring Moon|move: Protect\n|move|p2b: Iron Hands|Thunder Punch|p1b: Roaring Moon\n|-activate|p1b: Roaring Moon|move: Protect\n|\n|-damage|p2b: Iron Hands|2\/100 brn|[from] brn\n|upkeep\n|turn|6\n|\n|t:|1683328514\n|move|p1b: Roaring Moon|Protect|p1b: Roaring Moon\n|-singleturn|p1b: Roaring Moon|Protect\n|move|p2a: Corviknight|Brave Bird|p1b: Roaring Moon\n|-activate|p1b: Roaring Moon|move: Protect\n|move|p2b: Iron Hands|Thunder Punch|p1b: Roaring Moon\n|-activate|p1b: Roaring Moon|move: Protect\n|\n|-damage|p2b: Iron Hands|0 fnt|[from] brn\n|faint|p2b: Iron Hands\n|-end|p2b: Iron Hands|Quark Drive|[silent]\n|upkeep\n|\n|t:|1683328519\n|switch|p2b: Amoonguss|Amoonguss, L50, M, shiny|100\/100\n|turn|7\n|\n|t:|1683328533\n|move|p2b: Amoonguss|Rage Powder|p2b: Amoonguss\n|-singleturn|p2b: Amoonguss|move: Rage Powder\n|move|p1b: Roaring Moon|Acrobatics|p2b: Amoonguss\n|-supereffective|p2b: Amoonguss\n|-damage|p2b: Amoonguss|17\/100\n|-damage|p1b: Roaring Moon|84\/100|[from] item: Rocky Helmet|[of] p2b: Amoonguss\n|move|p2a: Corviknight|Roost|p2a: Corviknight\n|-heal|p2a: Corviknight|100\/100\n|\n|upkeep\n|turn|8\n|\n|t:|1683328550\n|move|p1b: Roaring Moon|Acrobatics|p2b: Amoonguss\n|-supereffective|p2b: Amoonguss\n|-damage|p2b: Amoonguss|0 fnt\n|-damage|p1b: Roaring Moon|68\/100|[from] item: Rocky Helmet|[of] p2b: Amoonguss\n|faint|p2b: Amoonguss\n|move|p2a: Corviknight|Brave Bird|p1b: Roaring Moon\n|-damage|p1b: Roaring Moon|4\/100\n|-damage|p2a: Corviknight|79\/100|[from] Recoil\n|\n|upkeep\n|turn|9\n|c|\u2606Verdas1128|ggwp\n|\n|t:|1683328580\n|move|p1b: Roaring Moon|Throat Chop|p2a: Corviknight\n|-damage|p2a: Corviknight|25\/100\n|-start|p2a: Corviknight|Throat Chop|[silent]\n|move|p2a: Corviknight|Brave Bird|p1b: Roaring Moon\n|-damage|p1b: Roaring Moon|0 fnt\n|faint|p1b: Roaring Moon\n|-end|p1b: Roaring Moon|Protosynthesis|[silent]\n|-damage|p2a: Corviknight|24\/100|[from] Recoil\n|\n|win|Verdas1128\n|raw|Mathisegonn's rating: 1118 → 1093<\/strong> (-25 for losing)\n|raw|Verdas1128's rating: 1120 → 1145<\/strong> (+25 for winning)\n|l|\u2606Mathisegonn\n","uploadtime":1683328594,"views":4,"p1id":"mathisegonn","p2id":"verdas1128","formatid":"gen9vgc2023regulationc","rating":1093,"private":0,"password":""}