{"id":"gen9vgc2023regulationc-1860448946","p1":"kitsuneInk","p2":"hysaaron","format":"[Gen 9] VGC 2023 Regulation C","log":"|j|\u2606kitsuneInk\n|j|\u2606hysaaron\n|t:|1683645184\n|gametype|doubles\n|player|p1|kitsuneInk|n-masters3|1081\n|player|p2|hysaaron|265|1133\n|teamsize|p1|6\n|teamsize|p2|6\n|gen|9\n|tier|[Gen 9] VGC 2023 Regulation C\n|rated|\n|rule|Species Clause: Limit one of each Pok\u00e9mon\n|rule|Item Clause: Limit one of each item\n|clearpoke\n|poke|p1|Sylveon, L50, F|\n|poke|p1|Ceruledge, L50, M|\n|poke|p1|Maushold, L50|\n|poke|p1|Annihilape, L50, F|\n|poke|p1|Iron Hands, L50|\n|poke|p1|Lycanroc-Dusk, L50, F|\n|poke|p2|Flutter Mane, L50|\n|poke|p2|Amoonguss, L50, F|\n|poke|p2|Ting-Lu, L50|\n|poke|p2|Arcanine, L50, M|\n|poke|p2|Palafin, L50, M|\n|poke|p2|Dragonite, L50, F|\n|teampreview|4\n|inactive|Battle timer is ON: inactive players will automatically lose when time's up. (requested by hysaaron)\n|\n|t:|1683645216\n|start\n|switch|p1a: When you miss|Annihilape, L50, F|100\/100\n|switch|p1b: 1 2 3 4 5 6 7 8...|Maushold, L50|100\/100\n|switch|p2a: Palafin|Palafin, L50, M|100\/100\n|switch|p2b: Flutter Mane|Flutter Mane, L50|100\/100\n|turn|1\n|inactive|hysaaron has 30 seconds left.\n|inactive|hysaaron has 20 seconds left.\n|inactive|hysaaron has 15 seconds left.\n|\n|t:|1683645260\n|detailschange|p2a: Palafin|Palafin-Hero, L50, M\n|switch|p2a: Amoonguss|Amoonguss, L50, F, shiny|100\/100\n|-terastallize|p2b: Flutter Mane|Steel\n|-terastallize|p1a: When you miss|Fire\n|move|p1b: 1 2 3 4 5 6 7 8...|Beat Up|p1a: When you miss\n|-damage|p1a: When you miss|95\/100\n|-damage|p1a: When you miss|90\/100\n|-damage|p1a: When you miss|83\/100\n|-damage|p1a: When you miss|77\/100\n|-hitcount|p1a: When you miss|4\n|move|p2b: Flutter Mane|Shadow Ball|p1a: When you miss\n|-damage|p1a: When you miss|22\/100\n|move|p1a: When you miss|Rage Fist|p2b: Flutter Mane\n|-damage|p2b: Flutter Mane|0 fnt\n|faint|p2b: Flutter Mane\n|-end|p2b: Flutter Mane|Protosynthesis|[silent]\n|\n|-heal|p1a: When you miss|28\/100|[from] item: Leftovers\n|upkeep\n|inactive|hysaaron has 30 seconds left.\n|\n|t:|1683645290\n|switch|p2b: Dragonite|Dragonite, L50, F|100\/100\n|turn|2\n|inactive|hysaaron has 30 seconds left.\n|\n|t:|1683645324\n|move|p2b: Dragonite|Extreme Speed|p1a: When you miss\n|-damage|p1a: When you miss|0 fnt\n|faint|p1a: When you miss\n|move|p2a: Amoonguss|Rage Powder|p2a: Amoonguss\n|-singleturn|p2a: Amoonguss|move: Rage Powder\n|move|p1b: 1 2 3 4 5 6 7 8...|Population Bomb|p2a: Amoonguss\n|-damage|p2a: Amoonguss|92\/100\n|-damage|p1b: 1 2 3 4 5 6 7 8...|84\/100|[from] item: Rocky Helmet|[of] p2a: Amoonguss\n|-damage|p2a: Amoonguss|84\/100\n|-damage|p1b: 1 2 3 4 5 6 7 8...|68\/100|[from] item: Rocky Helmet|[of] p2a: Amoonguss\n|-damage|p2a: Amoonguss|75\/100\n|-damage|p1b: 1 2 3 4 5 6 7 8...|52\/100|[from] item: Rocky Helmet|[of] p2a: Amoonguss\n|-damage|p2a: Amoonguss|67\/100\n|-damage|p1b: 1 2 3 4 5 6 7 8...|36\/100|[from] item: Rocky Helmet|[of] p2a: Amoonguss\n|-damage|p2a: Amoonguss|58\/100\n|-damage|p1b: 1 2 3 4 5 6 7 8...|20\/100|[from] item: Rocky Helmet|[of] p2a: Amoonguss\n|-damage|p2a: Amoonguss|49\/100\n|-damage|p1b: 1 2 3 4 5 6 7 8...|4\/100|[from] item: Rocky Helmet|[of] p2a: Amoonguss\n|-damage|p2a: Amoonguss|41\/100\n|-damage|p1b: 1 2 3 4 5 6 7 8...|0 fnt|[from] item: Rocky Helmet|[of] p2a: Amoonguss\n|faint|p1b: 1 2 3 4 5 6 7 8...\n|-hitcount|p2a: Amoonguss|7\n|\n|upkeep\n|inactive|kitsuneInk has 30 seconds left.\n|inactive|kitsuneInk has 20 seconds left.\n|inactive|kitsuneInk has 15 seconds left.\n|inactive|kitsuneInk has 10 seconds left.\n|inactive|kitsuneInk has 5 seconds left.\n|l|\u2606hysaaron\n|inactive|hysaaron disconnected and has a minute to reconnect!\n|player|p2|\n|\n|t:|1683645379\n|switch|p1b: Blood hound|Lycanroc-Dusk, L50, F|100\/100\n|switch|p1a: AED|Iron Hands, L50|100\/100\n|-enditem|p1a: AED|Booster Energy\n|-activate|p1a: AED|ability: Quark Drive|[fromitem]\n|-start|p1a: AED|quarkdriveatk\n|turn|3\n|inactive|hysaaron has 30 seconds left.\n|j|\u2606hysaaron\n|inactive|hysaaron reconnected and has 25 seconds left.\n|player|p2|hysaaron|265\n|inactive|hysaaron has 20 seconds left.\n|inactive|hysaaron has 15 seconds left.\n|inactive|hysaaron has 10 seconds left.\n|\n|t:|1683645428\n|move|p1b: Blood hound|Protect|p1b: Blood hound\n|-singleturn|p1b: Blood hound|Protect\n|move|p1a: AED|Fake Out|p2b: Dragonite\n|-damage|p2b: Dragonite|91\/100\n|cant|p2b: Dragonite|flinch\n|move|p2a: Amoonguss|Spore|p1a: AED\n|-status|p1a: AED|slp|[from] move: Spore\n|\n|upkeep\n|turn|4\n|\n|t:|1683645448\n|move|p1b: Blood hound|Accelerock|p2a: Amoonguss\n|-damage|p2a: Amoonguss|13\/100\n|-damage|p1b: Blood hound|84\/100|[from] item: Rocky Helmet|[of] p2a: Amoonguss\n|-damage|p1b: Blood hound|74\/100|[from] item: Life Orb\n|move|p2b: Dragonite|Low Kick|p1b: Blood hound\n|-supereffective|p1b: Blood hound\n|-damage|p1b: Blood hound|0 fnt\n|faint|p1b: Blood hound\n|cant|p1a: AED|slp\n|move|p2a: Amoonguss|Pollen Puff|p2b: Dragonite\n|-heal|p2b: Dragonite|100\/100\n|\n|upkeep\n|turn|5\n|inactive|hysaaron has 30 seconds left.\n|inactive|hysaaron has 20 seconds left.\n|inactive|hysaaron has 15 seconds left.\n|inactive|hysaaron has 10 seconds left.\n|\n|t:|1683645493\n|switch|p2a: Palafin|Palafin-Hero, L50, M|100\/100\n|-activate|p2a: Palafin|ability: Zero to Hero\n|move|p2b: Dragonite|Low Kick|p1a: AED\n|-damage|p1a: AED|72\/100 slp\n|cant|p1a: AED|slp\n|\n|upkeep\n|turn|6\n|\n|t:|1683645505\n|move|p2a: Palafin|Wave Crash|p1a: AED\n|-damage|p1a: AED|5\/100 slp\n|-damage|p2a: Palafin|73\/100|[from] Recoil\n|move|p2b: Dragonite|Low Kick|p1a: AED\n|-damage|p1a: AED|0 fnt\n|faint|p1a: AED\n|-end|p1a: AED|Quark Drive|[silent]\n|\n|win|hysaaron\n|raw|kitsuneInk's rating: 1081 → 1062<\/strong> (-19 for losing)\n|raw|hysaaron's rating: 1133 → 1154<\/strong> (+21 for winning)\n","uploadtime":1683645515,"views":5,"p1id":"kitsuneink","p2id":"hysaaron","formatid":"gen9vgc2023regulationc","rating":1062,"private":0,"password":""}