{"id":"gen9vgc2023regulationc-1859241713","p1":"Cdogp","p2":"thunderlour","format":"[Gen 9] VGC 2023 Regulation C","log":"|j|\u2606Cdogp\n|j|\u2606thunderlour\n|t:|1683422702\n|gametype|doubles\n|player|p1|Cdogp|wattson|\n|player|p2|thunderlour|lucas-gen4pt|\n|teamsize|p1|6\n|teamsize|p2|6\n|gen|9\n|tier|[Gen 9] VGC 2023 Regulation C\n|rated|Tournament battle\n|rule|Species Clause: Limit one of each Pok\u00e9mon\n|rule|Item Clause: Limit one of each item\n|clearpoke\n|poke|p1|Kingambit, L50, M|\n|poke|p1|Flutter Mane, L50|\n|poke|p1|Chi-Yu, L50|\n|poke|p1|Amoonguss, L50, M|\n|poke|p1|Dragonite, L50, F|\n|poke|p1|Arcanine, L50, M|\n|poke|p2|Annihilape, L50, F|\n|poke|p2|Garchomp, L50, M|\n|poke|p2|Flutter Mane, L50|\n|poke|p2|Tyranitar, L50, F|\n|poke|p2|Roaring Moon, L50|\n|poke|p2|Gyarados, L50, M|\n|teampreview|4\n|raw| Open Team Sheet for Cdogp<\/summary>Kingambit @ Assault Vest Ability: Defiant Level: 50 Shiny: Yes Tera Type: Flying - Kowtow Cleave - Iron Head - Sucker Punch - Tera Blast Flutter Mane @ Booster Energy Ability: Protosynthesis Level: 50 Tera Type: Fairy - Moonblast - Dazzling Gleam - Shadow Ball - Protect Chi-Yu @ Life Orb Ability: Beads of Ruin Level: 50 Tera Type: Fire - Dark Pulse - Heat Wave - Overheat - Protect Amoonguss @ Mental Herb Ability: Regenerator Level: 50 Tera Type: Water - Spore - Rage Powder - Pollen Puff - Protect Dragonite @ Lum Berry Ability: Inner Focus Level: 50 Tera Type: Normal - Extreme Speed - Ice Spinner - Low Kick - Dragon Claw Arcanine @ Safety Goggles Ability: Intimidate Level: 50 Tera Type: Water - Flare Blitz - Extreme Speed - Will-O-Wisp - Protect <\/details><\/div> Open Team Sheet for thunderlour<\/summary>Annihilape @ Sitrus Berry Ability: Defiant Level: 50 Tera Type: Fire - Drain Punch - Bulk Up - Rage Fist - Protect Garchomp @ Choice Band Ability: Sand Veil Level: 50 Tera Type: Steel - Earthquake - Iron Head - Rock Slide - Liquidation Flutter Mane @ Leftovers Ability: Protosynthesis Level: 50 Tera Type: Water - Moonblast - Protect - Substitute - Shadow Ball Tyranitar @ Assault Vest Ability: Sand Stream Level: 50 Tera Type: Flying - Rock Slide - Low Kick - Tera Blast - Crunch Roaring Moon @ Booster Energy Ability: Protosynthesis Level: 50 Tera Type: Flying - Acrobatics - Brick Break - Tailwind - Protect Gyarados @ Mago Berry Ability: Intimidate Level: 50 Tera Type: Grass - Waterfall - Thunder Wave - Protect - Taunt <\/details><\/div>\n|inactive|Battle timer is ON: inactive players will automatically lose when time's up. (requested by Cdogp)\n|j| Radio Free C-Side\n|inactive|thunderlour has 60 seconds left.\n|inactive|thunderlour has 30 seconds left.\n|inactive|thunderlour has 20 seconds left.\n|\n|t:|1683422774\n|start\n|switch|p1a: Kingambit|Kingambit, L50, M, shiny|100\/100\n|switch|p1b: Flutter Mane|Flutter Mane, L50|100\/100\n|switch|p2a: Roaring Moon|Roaring Moon, L50|100\/100\n|switch|p2b: Gyarados|Gyarados, L50, M|100\/100\n|-ability|p2b: Gyarados|Intimidate|boost\n|-unboost|p1a: Kingambit|atk|1\n|-ability|p1a: Kingambit|Defiant|boost\n|-boost|p1a: Kingambit|atk|2\n|-unboost|p1b: Flutter Mane|atk|1\n|-enditem|p1b: Flutter Mane|Booster Energy\n|-activate|p1b: Flutter Mane|ability: Protosynthesis|[fromitem]\n|-start|p1b: Flutter Mane|protosynthesisspe\n|-enditem|p2a: Roaring Moon|Booster Energy\n|-activate|p2a: Roaring Moon|ability: Protosynthesis|[fromitem]\n|-start|p2a: Roaring Moon|protosynthesisspe\n|turn|1\n|j|%Borghi\n|\n|t:|1683422792\n|-terastallize|p1b: Flutter Mane|Fairy\n|move|p2a: Roaring Moon|Protect|p2a: Roaring Moon\n|-singleturn|p2a: Roaring Moon|Protect\n|move|p1a: Kingambit|Sucker Punch||[still]\n|-fail|p1a: Kingambit\n|move|p1b: Flutter Mane|Dazzling Gleam|p2a: Roaring Moon|[spread] p2b\n|-activate|p2a: Roaring Moon|move: Protect\n|-damage|p2b: Gyarados|69\/100\n|move|p2b: Gyarados|Thunder Wave|p1b: Flutter Mane\n|-status|p1b: Flutter Mane|par\n|\n|upkeep\n|turn|2\n|\n|t:|1683422815\n|move|p2a: Roaring Moon|Brick Break|p1a: Kingambit\n|-supereffective|p1a: Kingambit\n|-damage|p1a: Kingambit|20\/100\n|move|p1b: Flutter Mane|Dazzling Gleam|p2b: Gyarados|[spread] p2a,p2b\n|-supereffective|p2a: Roaring Moon\n|-damage|p2a: Roaring Moon|0 fnt\n|-damage|p2b: Gyarados|34\/100\n|faint|p2a: Roaring Moon\n|-end|p2a: Roaring Moon|Protosynthesis|[silent]\n|move|p2b: Gyarados|Waterfall|p1b: Flutter Mane\n|-damage|p1b: Flutter Mane|24\/100 par\n|move|p1a: Kingambit|Iron Head|p2b: Gyarados\n|-resisted|p2b: Gyarados\n|-damage|p2b: Gyarados|0 fnt\n|faint|p2b: Gyarados\n|\n|upkeep\n|\n|t:|1683422818\n|switch|p2a: Tyranitar|Tyranitar, L50, F|100\/100\n|switch|p2b: Garchomp|Garchomp, L50, M|100\/100\n|-weather|Sandstorm|[from] ability: Sand Stream|[of] p2a: Tyranitar\n|turn|3\n|j| PalafinPunch18\n|\n|t:|1683422838\n|move|p1a: Kingambit|Sucker Punch|p2b: Garchomp\n|-damage|p2b: Garchomp|37\/100\n|move|p2b: Garchomp|Rock Slide|p1a: Kingambit|[spread] p1a\n|-miss|p2b: Garchomp|p1b: Flutter Mane\n|-resisted|p1a: Kingambit\n|-damage|p1a: Kingambit|8\/100\n|move|p1b: Flutter Mane|Moonblast|p2a: Tyranitar\n|-supereffective|p2a: Tyranitar\n|-damage|p2a: Tyranitar|46\/100\n|-unboost|p2a: Tyranitar|spa|1\n|move|p2a: Tyranitar|Rock Slide|p1a: Kingambit|[spread] p1a,p1b\n|-resisted|p1a: Kingambit\n|-damage|p1a: Kingambit|0 fnt\n|-damage|p1b: Flutter Mane|0 fnt\n|faint|p1a: Kingambit\n|faint|p1b: Flutter Mane\n|-end|p1b: Flutter Mane|Protosynthesis|[silent]\n|\n|-weather|Sandstorm|[upkeep]\n|upkeep\n|\n|t:|1683422841\n|switch|p1b: Dragonite|Dragonite, L50, F|100\/100\n|switch|p1a: Arcanine|Arcanine, L50, M|100\/100\n|-ability|p1a: Arcanine|Intimidate|boost\n|-unboost|p2a: Tyranitar|atk|1\n|-unboost|p2b: Garchomp|atk|1\n|turn|4\n|\n|t:|1683422852\n|-terastallize|p2b: Garchomp|Steel\n|move|p1a: Arcanine|Extreme Speed|p2b: Garchomp|[miss]\n|-miss|p1a: Arcanine|p2b: Garchomp\n|move|p1b: Dragonite|Extreme Speed|p2b: Garchomp\n|-resisted|p2b: Garchomp\n|-damage|p2b: Garchomp|21\/100\n|move|p2b: Garchomp|Rock Slide|p1a: Arcanine|[spread] p1a,p1b\n|-supereffective|p1a: Arcanine\n|-supereffective|p1b: Dragonite\n|-damage|p1a: Arcanine|58\/100\n|-damage|p1b: Dragonite|62\/100\n|move|p2a: Tyranitar|Rock Slide|p1b: Dragonite|[spread] p1a,p1b\n|-supereffective|p1a: Arcanine\n|-supereffective|p1b: Dragonite\n|-damage|p1a: Arcanine|15\/100\n|-damage|p1b: Dragonite|27\/100\n|\n|-weather|Sandstorm|[upkeep]\n|-damage|p1b: Dragonite|22\/100|[from] Sandstorm\n|upkeep\n|turn|5\n|\n|t:|1683422867\n|move|p1a: Arcanine|Extreme Speed|p2b: Garchomp\n|-resisted|p2b: Garchomp\n|-damage|p2b: Garchomp|9\/100\n|move|p1b: Dragonite|Extreme Speed|p2b: Garchomp\n|-resisted|p2b: Garchomp\n|-damage|p2b: Garchomp|0 fnt\n|faint|p2b: Garchomp\n|move|p2a: Tyranitar|Rock Slide|p1a: Arcanine|[spread] p1a,p1b\n|-supereffective|p1a: Arcanine\n|-supereffective|p1b: Dragonite\n|-crit|p1b: Dragonite\n|-damage|p1a: Arcanine|0 fnt\n|-damage|p1b: Dragonite|0 fnt\n|faint|p1a: Arcanine\n|faint|p1b: Dragonite\n|\n|win|thunderlour\n|n|\u2606Cdogp|cdogp\n|n|\u2606thunderlour|thunderlour\n|n| Radio Free C-Side|radiofreecside\n|n| Borghi|borghi\n|n| PalafinPunch18|palafinpunch18\n","uploadtime":1683422868,"views":5,"p1id":"cdogp","p2id":"thunderlour","formatid":"gen9vgc2023regulationc","rating":0,"private":0,"password":""}