{"id":"gen9vgc2023regulationc-1861962470","p1":"SwampCorner","p2":"johandk","format":"[Gen 9] VGC 2023 Regulation C","log":"|j|\u2606SwampCorner\n|j|\u2606johandk\n|t:|1683824470\n|gametype|doubles\n|player|p1|SwampCorner|boarder|1336\n|player|p2|johandk|1|1410\n|teamsize|p1|6\n|teamsize|p2|6\n|gen|9\n|tier|[Gen 9] VGC 2023 Regulation C\n|rated|\n|rule|Species Clause: Limit one of each Pok\u00e9mon\n|rule|Item Clause: Limit one of each item\n|clearpoke\n|poke|p1|Armarouge, L50, F|\n|poke|p1|Indeedee-F, L50, F|\n|poke|p1|Hatterene, L50, F|\n|poke|p1|Iron Hands, L50|\n|poke|p1|Kingambit, L50, M|\n|poke|p1|Torkoal, L50, F|\n|poke|p2|Flutter Mane, L50|\n|poke|p2|Scream Tail, L50|\n|poke|p2|Chien-Pao, L50|\n|poke|p2|Gyarados, L50, F|\n|poke|p2|Ceruledge, L50, M|\n|poke|p2|Gastrodon-East, L50, F|\n|teampreview|4\nSwampCorner has agreed to open team sheets.\n|c|\u2606SwampCorner|glhf\n|inactive|Battle timer is ON: inactive players will automatically lose when time's up. (requested by johandk)\n|\n|t:|1683824506\n|start\n|switch|p1a: Indeedee|Indeedee-F, L50, F|100\/100\n|switch|p1b: Hatterene|Hatterene, L50, F|100\/100\n|switch|p2a: Chien-Pao|Chien-Pao, L50|100\/100\n|switch|p2b: Scream Tail|Scream Tail, L50|100\/100\n|-ability|p2a: Chien-Pao|Sword of Ruin\n|-fieldstart|move: Psychic Terrain|[from] ability: Psychic Surge|[of] p1a: Indeedee\n|-enditem|p1a: Indeedee|Psychic Seed\n|-boost|p1a: Indeedee|spd|1|[from] item: Psychic Seed\n|-enditem|p2b: Scream Tail|Booster Energy\n|-activate|p2b: Scream Tail|ability: Protosynthesis|[fromitem]\n|-start|p2b: Scream Tail|protosynthesisspe\n|turn|1\n|inactive|johandk has 30 seconds left.\n|inactive|johandk has 20 seconds left.\n|inactive|johandk has 15 seconds left.\n|\n|t:|1683824548\n|move|p1a: Indeedee|Follow Me|p1a: Indeedee\n|-singleturn|p1a: Indeedee|move: Follow Me\n|move|p2b: Scream Tail|Thunder Wave|p1a: Indeedee\n|-status|p1a: Indeedee|par\n|move|p2a: Chien-Pao|Ice Spinner|p1a: Indeedee\n|-damage|p1a: Indeedee|50\/100 par\n|-fieldend|move: Psychic Terrain\n|move|p1b: Hatterene|Trick Room|p1b: Hatterene\n|-fieldstart|move: Trick Room|[of] p1b: Hatterene\n|\n|upkeep\n|turn|2\n|inactive|johandk has 30 seconds left.\n|\n|t:|1683824575\n|move|p1a: Indeedee|Follow Me|p1a: Indeedee\n|-singleturn|p1a: Indeedee|move: Follow Me\n|move|p2a: Chien-Pao|Sucker Punch||[still]\n|-fail|p2a: Chien-Pao\n|move|p1b: Hatterene|Dazzling Gleam|p2a: Chien-Pao|[spread] p2a,p2b\n|-supereffective|p2a: Chien-Pao\n|-enditem|p2a: Chien-Pao|Focus Sash\n|-damage|p2a: Chien-Pao|1\/100\n|-damage|p2b: Scream Tail|67\/100\n|-damage|p1b: Hatterene|91\/100|[from] item: Life Orb\n|move|p2b: Scream Tail|Disable|p1a: Indeedee\n|-start|p1a: Indeedee|Disable|Follow Me\n|\n|upkeep\n|turn|3\n|\n|t:|1683824595\n|-end|p2b: Scream Tail|Protosynthesis|[silent]\n|switch|p2b: Ceruledge|Ceruledge, L50, M, shiny|100\/100\n|move|p2a: Chien-Pao|Sucker Punch||[still]\n|-fail|p2a: Chien-Pao\n|move|p1b: Hatterene|Trick Room|p1b: Hatterene\n|-fieldend|move: Trick Room\n|cant|p1a: Indeedee|par\n|\n|upkeep\n|turn|4\n|\n|t:|1683824615\n|move|p2a: Chien-Pao|Ice Spinner|p1a: Indeedee\n|-damage|p1a: Indeedee|0 fnt\n|faint|p1a: Indeedee\n|move|p2b: Ceruledge|Bulk Up|p2b: Ceruledge\n|-boost|p2b: Ceruledge|atk|1\n|-boost|p2b: Ceruledge|def|1\n|move|p1b: Hatterene|Trick Room|p1b: Hatterene\n|-fieldstart|move: Trick Room|[of] p1b: Hatterene\n|\n|upkeep\n|\n|t:|1683824628\n|switch|p1a: Armarouge|Armarouge, L50, F|100\/100\n|turn|5\n|\n|t:|1683824643\n|-terastallize|p1a: Armarouge|Grass\n|move|p2a: Chien-Pao|Sucker Punch|p1a: Armarouge\n|-damage|p1a: Armarouge|60\/100\n|move|p1b: Hatterene|Dazzling Gleam|p2a: Chien-Pao|[spread] p2a,p2b\n|-supereffective|p2a: Chien-Pao\n|-resisted|p2b: Ceruledge\n|-damage|p2a: Chien-Pao|0 fnt\n|-damage|p2b: Ceruledge|79\/100\n|faint|p2a: Chien-Pao\n|-damage|p1b: Hatterene|81\/100|[from] item: Life Orb\n|move|p1a: Armarouge|Expanding Force|p2b: Ceruledge\n|-damage|p2b: Ceruledge|32\/100\n|move|p2b: Ceruledge|Bitter Blade|p1b: Hatterene\n|-damage|p1b: Hatterene|15\/100\n|-heal|p2b: Ceruledge|62\/100|[from] drain|[of] p1b: Hatterene\n|\n|upkeep\n|\n|t:|1683824663\n|switch|p2a: Gastrodon|Gastrodon-East, L50, F|100\/100\n|turn|6\n|\n|t:|1683824687\n|switch|p1b: Kingambit|Kingambit, L50, M|100\/100\n|move|p2b: Ceruledge|Shadow Sneak|p1a: Armarouge\n|-damage|p1a: Armarouge|33\/100\n|move|p2a: Gastrodon|Icy Wind|p1b: Kingambit|[spread] p1a,p1b\n|-supereffective|p1a: Armarouge\n|-resisted|p1b: Kingambit\n|-damage|p1a: Armarouge|14\/100\n|-damage|p1b: Kingambit|96\/100\n|-unboost|p1a: Armarouge|spe|1\n|-unboost|p1b: Kingambit|spe|1\n|-ability|p1b: Kingambit|Defiant|boost\n|-boost|p1b: Kingambit|atk|2\n|move|p1a: Armarouge|Expanding Force|p2b: Ceruledge\n|-damage|p2b: Ceruledge|15\/100\n|\n|upkeep\n|turn|7\n|inactive|SwampCorner has 30 seconds left.\n|inactive|SwampCorner has 20 seconds left.\n|\n|t:|1683824726\n|move|p2b: Ceruledge|Protect|p2b: Ceruledge\n|-singleturn|p2b: Ceruledge|Protect\n|move|p1b: Kingambit|Sucker Punch||[still]\n|-fail|p1b: Kingambit\n|move|p1a: Armarouge|Expanding Force|p2a: Gastrodon\n|-damage|p2a: Gastrodon|60\/100\n|move|p2a: Gastrodon|Yawn|p1b: Kingambit\n|-start|p1b: Kingambit|move: Yawn|[of] p2a: Gastrodon\n|\n|-heal|p2a: Gastrodon|66\/100|[from] item: Leftovers\n|upkeep\n|turn|8\n|\n|t:|1683824747\n|switch|p2b: Scream Tail|Scream Tail, L50|67\/100\n|move|p1b: Kingambit|Kowtow Cleave|p2a: Gastrodon\n|-damage|p2a: Gastrodon|0 fnt\n|faint|p2a: Gastrodon\n|move|p1a: Armarouge|Expanding Force|p2b: Scream Tail\n|-resisted|p2b: Scream Tail\n|-damage|p2b: Scream Tail|50\/100\n|\n|-end|p1b: Kingambit|move: Yawn|[silent]\n|-status|p1b: Kingambit|slp\n|-fieldend|move: Trick Room\n|upkeep\n|\n|t:|1683824759\n|switch|p2a: Ceruledge|Ceruledge, L50, M, shiny|15\/100\n|turn|9\n|\n|t:|1683824767\n|move|p2b: Scream Tail|Disable|p1a: Armarouge\n|-start|p1a: Armarouge|Disable|Expanding Force\n|move|p2a: Ceruledge|Bitter Blade|p1b: Kingambit\n|-supereffective|p1b: Kingambit\n|-damage|p1b: Kingambit|32\/100 slp\n|-heal|p2a: Ceruledge|52\/100|[from] drain|[of] p1b: Kingambit\n|cant|p1b: Kingambit|slp\n|move|p1a: Armarouge|Trick Room|p1a: Armarouge\n|-fieldstart|move: Trick Room|[of] p1a: Armarouge\n|\n|upkeep\n|turn|10\n|inactive|johandk has 30 seconds left.\n|\n|t:|1683824794\n|cant|p1b: Kingambit|slp\n|move|p1a: Armarouge|Armor Cannon|p2b: Scream Tail\n|-damage|p2b: Scream Tail|0 fnt\n|-unboost|p1a: Armarouge|def|1\n|-unboost|p1a: Armarouge|spd|1\n|faint|p2b: Scream Tail\n|-end|p2b: Scream Tail|Protosynthesis|[silent]\n|move|p2a: Ceruledge|Bitter Blade|p1b: Kingambit\n|-supereffective|p1b: Kingambit\n|-damage|p1b: Kingambit|0 fnt\n|-heal|p2a: Ceruledge|70\/100|[from] drain|[of] p1b: Kingambit\n|faint|p1b: Kingambit\n|\n|upkeep\n|\n|t:|1683824803\n|switch|p1b: Hatterene|Hatterene, L50, F|15\/100\n|turn|11\n|\n|t:|1683824814\n|move|p2a: Ceruledge|Shadow Sneak|p1b: Hatterene\n|-supereffective|p1b: Hatterene\n|-damage|p1b: Hatterene|0 fnt\n|faint|p1b: Hatterene\n|move|p1a: Armarouge|Disable|p2a: Ceruledge\n|-start|p2a: Ceruledge|Disable|Shadow Sneak\n|\n|upkeep\n|turn|12\n|\n|t:|1683824827\n|move|p2a: Ceruledge|Protect|p2a: Ceruledge\n|-singleturn|p2a: Ceruledge|Protect\n|move|p1a: Armarouge|Armor Cannon|p2a: Ceruledge\n|-activate|p2a: Ceruledge|move: Protect\n|\n|-end|p1a: Armarouge|Disable\n|upkeep\n|turn|13\n|\n|t:|1683824843\n|move|p1a: Armarouge|Expanding Force|p2a: Ceruledge\n|-damage|p2a: Ceruledge|15\/100\n|move|p2a: Ceruledge|Bulk Up|p2a: Ceruledge\n|-boost|p2a: Ceruledge|atk|1\n|-boost|p2a: Ceruledge|def|1\n|\n|-fieldend|move: Trick Room\n|upkeep\n|turn|14\n|\n|t:|1683824851\n|move|p2a: Ceruledge|Protect|p2a: Ceruledge\n|-singleturn|p2a: Ceruledge|Protect\n|move|p1a: Armarouge|Expanding Force|p2a: Ceruledge\n|-activate|p2a: Ceruledge|move: Protect\n|\n|upkeep\n|turn|15\n|\n|t:|1683824862\n|move|p2a: Ceruledge|Protect|p2a: Ceruledge\n|-singleturn|p2a: Ceruledge|Protect\n|move|p1a: Armarouge|Expanding Force|p2a: Ceruledge\n|-activate|p2a: Ceruledge|move: Protect\n|\n|-end|p2a: Ceruledge|Disable\n|upkeep\n|turn|16\n|\n|t:|1683824872\n|move|p2a: Ceruledge|Shadow Sneak|p1a: Armarouge\n|-damage|p1a: Armarouge|0 fnt\n|faint|p1a: Armarouge\n|\n|win|johandk\n|raw|SwampCorner's rating: 1336 → 1320<\/strong> (-16 for losing)\n|raw|johandk's rating: 1410 → 1426<\/strong> (+16 for winning)\n|l|\u2606SwampCorner\n","uploadtime":1683824886,"views":14,"p1id":"swampcorner","p2id":"johandk","formatid":"gen9vgc2023regulationc","rating":1320,"private":0,"password":""}