{"id":"gen9vgc2023regulationc-1864253448","p1":"yuki \u266a","p2":"IamMx3","format":"[Gen 9] VGC 2023 Regulation C","log":"|j|\u2606yuki \u266a\n|j|\u2606IamMx3\n|t:|1684145136\n|gametype|doubles\n|player|p1|yuki \u266a|n|\n|player|p2|IamMx3|palmer|\n|teamsize|p1|6\n|teamsize|p2|6\n|gen|9\n|tier|[Gen 9] VGC 2023 Regulation C\n|rule|Tera Type Preview: Tera Types are shown at Team Preview\n|rule|Species Clause: Limit one of each Pok\u00e9mon\n|rule|Item Clause: Limit one of each item\n|clearpoke\n|poke|p1|Torkoal, L50, F|\n|poke|p1|Lilligant, L50, F|\n|poke|p1|Flutter Mane, L50|\n|poke|p1|Gothitelle, L50, F|\n|poke|p1|Orthworm, L50, M|\n|poke|p1|Eelektross, L50, F|\n|poke|p2|Murkrow, L50, F|\n|poke|p2|Chi-Yu, L50|\n|poke|p2|Great Tusk, L50|\n|poke|p2|Iron Bundle, L50|\n|poke|p2|Medicham, L50, F|\n|poke|p2|Abomasnow, L50, M|\n|teampreview|4\n|raw|yuki \u266a's Tera Types: \/ \/ \/ \/ \/ \n|raw|IamMx3's Tera Types: \/ \/ \/ \/ \/ \n|c|\u2606yuki \u266a|g1\nyuki \u266a rejected open team sheets.\n|c|\u2606IamMx3|glhf!\n|c|\u2606yuki \u266a|glhf\n|\n|t:|1684145299\n|start\n|switch|p1a: Gothitelle|Gothitelle, L50, F|100\/100\n|switch|p1b: Torkoal|Torkoal, L50, F|100\/100\n|switch|p2a: Chi-Yu|Chi-Yu, L50|100\/100\n|switch|p2b: Murkrow|Murkrow, L50, F|100\/100\n|-ability|p2a: Chi-Yu|Beads of Ruin\n|-weather|SunnyDay|[from] ability: Drought|[of] p1b: Torkoal\n|turn|1\n|\n|t:|1684145324\n|move|p1a: Gothitelle|Fake Out|p2a: Chi-Yu\n|-damage|p2a: Chi-Yu|93\/100\n|move|p2b: Murkrow|Taunt|p1a: Gothitelle\n|-start|p1a: Gothitelle|move: Taunt\n|cant|p2a: Chi-Yu|flinch\n|move|p1b: Torkoal|Eruption|p2b: Murkrow|[spread] p2a,p2b\n|-resisted|p2a: Chi-Yu\n|-damage|p2a: Chi-Yu|47\/100\n|-damage|p2b: Murkrow|0 fnt\n|faint|p2b: Murkrow\n|\n|-weather|SunnyDay|[upkeep]\n|upkeep\n|\n|t:|1684145354\n|switch|p2b: Iron Bundle|Iron Bundle, L50|100\/100\n|-enditem|p2b: Iron Bundle|Booster Energy\n|-activate|p2b: Iron Bundle|ability: Quark Drive|[fromitem]\n|-start|p2b: Iron Bundle|quarkdrivespe\n|turn|2\n|\n|t:|1684145375\n|switch|p1b: Flutter Mane|Flutter Mane, L50|100\/100\n|-activate|p1b: Flutter Mane|ability: Protosynthesis\n|-start|p1b: Flutter Mane|protosynthesisspe\n|move|p2b: Iron Bundle|Freeze-Dry|p1b: Flutter Mane\n|-damage|p1b: Flutter Mane|52\/100\n|move|p2a: Chi-Yu|Dark Pulse|p1b: Flutter Mane\n|-damage|p1b: Flutter Mane|0 fnt\n|faint|p1b: Flutter Mane\n|-end|p1b: Flutter Mane|Protosynthesis|[silent]\n|move|p1a: Gothitelle|Psychic|p2b: Iron Bundle\n|-damage|p2b: Iron Bundle|26\/100\n|\n|-weather|SunnyDay|[upkeep]\n|upkeep\n|\n|t:|1684145388\n|switch|p1b: Lilligant|Lilligant, L50, F, shiny|100\/100\n|turn|3\n|\n|t:|1684145406\n|switch|p1a: Torkoal|Torkoal, L50, F|100\/100\n|-terastallize|p1b: Lilligant|Water\n|-terastallize|p2a: Chi-Yu|Grass\n|move|p1b: Lilligant|Sleep Powder|p2b: Iron Bundle\n|-status|p2b: Iron Bundle|slp|[from] move: Sleep Powder\n|cant|p2b: Iron Bundle|slp\n|move|p2a: Chi-Yu|Dark Pulse|p1b: Lilligant\n|-damage|p1b: Lilligant|0 fnt\n|faint|p1b: Lilligant\n|\n|-weather|SunnyDay|[upkeep]\n|upkeep\n|\n|t:|1684145417\n|switch|p1b: Gothitelle|Gothitelle, L50, F|100\/100\n|turn|4\n|\n|t:|1684145426\n|cant|p2b: Iron Bundle|slp\n|move|p2a: Chi-Yu|Dark Pulse|p1a: Torkoal\n|-damage|p1a: Torkoal|0 fnt\n|faint|p1a: Torkoal\n|move|p1b: Gothitelle|Trick Room|p1b: Gothitelle\n|-fieldstart|move: Trick Room|[of] p1b: Gothitelle\n|\n|-weather|SunnyDay|[upkeep]\n|upkeep\n|turn|5\n|-message|yuki \u266a forfeited.\n|\n|win|IamMx3\n|c|\u2606yuki \u266a|gg\n|c|\u2606IamMx3|gg\n|j|@trace\n|l|\u2606yuki \u266a\n|l|@trace\n","uploadtime":1684145740,"views":22,"p1id":"yuki","p2id":"iammx3","formatid":"gen9vgc2023regulationc","rating":0,"private":0,"password":""}