{"id":"gen9vgc2023regulationc-1852331823","p1":"SorcererBadgerTG","p2":"not_avu","format":"[Gen 9] VGC 2023 Regulation C","log":"|j|\u2606SorcererBadgerTG\n|j|\u2606not_avu\n|t:|1682544902\n|gametype|doubles\n|player|p1|SorcererBadgerTG|169|1123\n|player|p2|not_avu|roxie|1018\n|teamsize|p1|6\n|teamsize|p2|6\n|gen|9\n|tier|[Gen 9] VGC 2023 Regulation C\n|rated|\n|rule|Species Clause: Limit one of each Pok\u00e9mon\n|rule|Item Clause: Limit one of each item\n|clearpoke\n|poke|p1|Kingambit, L50, F|\n|poke|p1|Slither Wing, L50|\n|poke|p1|Amoonguss, L50, M|\n|poke|p1|Palafin, L50, M|\n|poke|p1|Gholdengo, L50|\n|poke|p1|Murkrow, L50, M|\n|poke|p2|Flutter Mane, L50|\n|poke|p2|Chi-Yu, L50|\n|poke|p2|Rotom-Wash, L50|\n|poke|p2|Kingambit, L50, M|\n|poke|p2|Iron Jugulis, L50|\n|poke|p2|Maushold-Four, L50|\n|teampreview|4\n|inactive|Battle timer is ON: inactive players will automatically lose when time's up. (requested by SorcererBadgerTG)\n|inactive|not_avu also wants the timer to be on.\nSorcererBadgerTG has agreed to open team sheets.\n|inactive|SorcererBadgerTG has 60 seconds left.\nnot_avu has agreed to open team sheets.\n|inactive|SorcererBadgerTG has 30 seconds left.\n|inactive|SorcererBadgerTG has 20 seconds left.\n|inactive|SorcererBadgerTG has 15 seconds left.\n|inactive|SorcererBadgerTG has 10 seconds left.\n|\n|t:|1682544986\n|start\n|switch|p1a: Murkrow|Murkrow, L50, M|100\/100\n|switch|p1b: Slither Wing|Slither Wing, L50|100\/100\n|switch|p2a: The now now|Iron Jugulis, L50|100\/100\n|switch|p2b: Strange Timez|Maushold-Four, L50|100\/100\n|-enditem|p2a: The now now|Booster Energy\n|-activate|p2a: The now now|ability: Quark Drive|[fromitem]\n|-start|p2a: The now now|quarkdrivespe\n|turn|1\n|inactive|SorcererBadgerTG has 30 seconds left.\n|inactive|SorcererBadgerTG has 20 seconds left.\n|inactive|SorcererBadgerTG has 15 seconds left.\n|inactive|SorcererBadgerTG has 10 seconds left.\n|\n|t:|1682545033\n|-terastallize|p1b: Slither Wing|Fairy\n|move|p2b: Strange Timez|Helping Hand|p2a: The now now\n|-singleturn|p2a: The now now|Helping Hand|[of] p2b: Strange Timez\n|move|p1a: Murkrow|Tailwind|p1a: Murkrow\n|-sidestart|p1: SorcererBadgerTG|move: Tailwind\n|move|p2a: The now now|Air Slash|p1b: Slither Wing\n|-damage|p1b: Slither Wing|50\/100\n|cant|p1b: Slither Wing|flinch\n|\n|upkeep\n|turn|2\n|inactive|SorcererBadgerTG has 30 seconds left.\n|\n|t:|1682545065\n|-end|p1b: Slither Wing|Protosynthesis|[silent]\n|switch|p1b: Kingambit|Kingambit, L50, F|100\/100\n|switch|p1a: Goldstein|Gholdengo, L50|100\/100\n|move|p2b: Strange Timez|Helping Hand|p2a: The now now\n|-singleturn|p2a: The now now|Helping Hand|[of] p2b: Strange Timez\n|move|p2a: The now now|Air Slash|p1b: Kingambit\n|-resisted|p1b: Kingambit\n|-damage|p1b: Kingambit|80\/100\n|\n|upkeep\n|turn|3\n|inactive|SorcererBadgerTG has 30 seconds left.\n|\n|t:|1682545095\n|switch|p1b: Murkrow|Murkrow, L50, M|100\/100\n|move|p2b: Strange Timez|Follow Me|p2b: Strange Timez\n|-singleturn|p2b: Strange Timez|move: Follow Me\n|move|p2a: The now now|Tailwind|p2a: The now now\n|-sidestart|p2: not_avu|move: Tailwind\n|move|p1a: Goldstein|Make It Rain|p2b: Strange Timez|[spread] p2a,p2b\n|-damage|p2a: The now now|46\/100\n|-damage|p2b: Strange Timez|12\/100\n|-unboost|p1a: Goldstein|spa|1\n|\n|upkeep\n|turn|4\n|\n|t:|1682545112\n|move|p2b: Strange Timez|Helping Hand|p2a: The now now\n|-singleturn|p2a: The now now|Helping Hand|[of] p2b: Strange Timez\n|move|p1b: Murkrow|Haze|p1b: Murkrow\n|-clearallboost\n|move|p2a: The now now|Earth Power|p1a: Goldstein\n|-supereffective|p1a: Goldstein\n|-damage|p1a: Goldstein|32\/100\n|move|p1a: Goldstein|Make It Rain|p2b: Strange Timez|[spread] p2a,p2b\n|-damage|p2a: The now now|0 fnt\n|-damage|p2b: Strange Timez|0 fnt\n|-unboost|p1a: Goldstein|spa|1\n|faint|p2a: The now now\n|-end|p2a: The now now|Quark Drive|[silent]\n|faint|p2b: Strange Timez\n|\n|-sideend|p1: SorcererBadgerTG|move: Tailwind\n|upkeep\n|\n|t:|1682545127\n|switch|p2b: Cracker Island|Chi-Yu, L50|100\/100\n|switch|p2a: Plastic Beach|Rotom-Wash, L50|100\/100\n|-ability|p2b: Cracker Island|Beads of Ruin\n|turn|5\n|inactive|SorcererBadgerTG has 30 seconds left.\n|\n|t:|1682545161\n|-terastallize|p2b: Cracker Island|Fire\n|move|p1b: Murkrow|Tailwind|p1b: Murkrow\n|-sidestart|p1: SorcererBadgerTG|move: Tailwind\n|move|p2b: Cracker Island|Heat Wave|p1a: Goldstein|[spread] p1a,p1b\n|-supereffective|p1a: Goldstein\n|-damage|p1a: Goldstein|0 fnt\n|-damage|p1b: Murkrow|0 fnt\n|faint|p1a: Goldstein\n|faint|p1b: Murkrow\n|move|p2a: Plastic Beach|Will-O-Wisp|p1: Goldstein|[notarget]\n|-fail|p2a: Plastic Beach\n|\n|upkeep\n|\n|t:|1682545175\n|switch|p1a: Kingambit|Kingambit, L50, F|80\/100\n|switch|p1b: Slither Wing|Slither Wing, L50, tera:Fairy|50\/100\n|turn|6\n|inactive|SorcererBadgerTG has 30 seconds left.\n|\n|t:|1682545209\n|move|p1a: Kingambit|Protect|p1a: Kingambit\n|-singleturn|p1a: Kingambit|Protect\n|move|p2b: Cracker Island|Heat Wave|p1b: Slither Wing|[spread] p1b\n|-activate|p1a: Kingambit|move: Protect\n|-damage|p1b: Slither Wing|0 fnt\n|faint|p1b: Slither Wing\n|-end|p1b: Slither Wing|Protosynthesis|[silent]\n|move|p2a: Plastic Beach|Thunderbolt|p1a: Kingambit\n|-activate|p1a: Kingambit|move: Protect\n|\n|-sideend|p2: not_avu|move: Tailwind\n|upkeep\n|turn|7\n|\n|t:|1682545229\n|move|p1a: Kingambit|Sucker Punch|p2b: Cracker Island\n|-damage|p2b: Cracker Island|29\/100\n|move|p2b: Cracker Island|Heat Wave|p1a: Kingambit|[miss]\n|-miss|p2b: Cracker Island|p1a: Kingambit\n|move|p2a: Plastic Beach|Thunderbolt|p1a: Kingambit\n|-damage|p1a: Kingambit|33\/100\n|-status|p1a: Kingambit|par\n|\n|upkeep\n|turn|8\n|\n|t:|1682545244\n|cant|p1a: Kingambit|par\n|move|p2b: Cracker Island|Heat Wave|p1a: Kingambit\n|-supereffective|p1a: Kingambit\n|-damage|p1a: Kingambit|0 fnt\n|faint|p1a: Kingambit\n|\n|win|not_avu\n|raw|SorcererBadgerTG's rating: 1123 → 1091<\/strong> (-32 for losing)\n|raw|not_avu's rating: 1018 → 1066<\/strong> (+48 for winning)\n|c|\u2606not_avu|gg\n","uploadtime":1682545262,"views":12,"p1id":"sorcererbadgertg","p2id":"notavu","formatid":"gen9vgc2023regulationc","rating":1066,"private":0,"password":""}