{"id":"gen9vgc2023regulationc-1858591438","p1":"Vengeful potato","p2":"schisch","format":"[Gen 9] VGC 2023 Regulation C","log":"|j|\u2606Vengeful potato\n|j|\u2606schisch\n|t:|1683329372\n|gametype|doubles\n|player|p1|Vengeful potato|swimmer-gen4|1256\n|player|p2|schisch|266|1351\n|teamsize|p1|6\n|teamsize|p2|6\n|gen|9\n|tier|[Gen 9] VGC 2023 Regulation C\n|rated|\n|rule|Species Clause: Limit one of each Pok\u00e9mon\n|rule|Item Clause: Limit one of each item\n|clearpoke\n|poke|p1|Dudunsparce-*, L50, M|\n|poke|p1|Hariyama, L50, M|\n|poke|p1|Gengar, L50, F|\n|poke|p1|Corviknight, L50, M|\n|poke|p1|Rotom-Wash, L50|\n|poke|p1|Ting-Lu, L50|\n|poke|p2|Mimikyu, L50, M|\n|poke|p2|Kingambit, L50, M|\n|poke|p2|Armarouge, L50, F|\n|poke|p2|Indeedee-F, L50, F|\n|poke|p2|Amoonguss, L50, F|\n|poke|p2|Gastrodon, L50, M|\n|teampreview|4\n|inactive|Battle timer is ON: inactive players will automatically lose when time's up. (requested by schisch)\n|inactive|schisch has 60 seconds left.\n|\n|t:|1683329432\n|start\n|switch|p1a: Double Trouble|Dudunsparce, L50, M|100\/100\n|switch|p1b: Deer Park|Ting-Lu, L50|100\/100\n|switch|p2a: Indeedee|Indeedee-F, L50, F|100\/100\n|switch|p2b: Amoonguss|Amoonguss, L50, F|100\/100\n|-ability|p1b: Deer Park|Vessel of Ruin\n|-fieldstart|move: Psychic Terrain|[from] ability: Psychic Surge|[of] p2a: Indeedee\n|-enditem|p2a: Indeedee|Psychic Seed\n|-boost|p2a: Indeedee|spd|1|[from] item: Psychic Seed\n|turn|1\n|inactive|schisch has 30 seconds left.\n|\n|t:|1683329461\n|move|p1a: Double Trouble|Rock Slide|p2a: Indeedee|[spread] p2a,p2b\n|-damage|p2a: Indeedee|88\/100\n|-damage|p2b: Amoonguss|90\/100\n|move|p1b: Deer Park|Throat Chop|p2a: Indeedee\n|-supereffective|p2a: Indeedee\n|-damage|p2a: Indeedee|16\/100\n|-start|p2a: Indeedee|Throat Chop|[silent]\n|move|p2b: Amoonguss|Spore|p1b: Deer Park\n|-status|p1b: Deer Park|slp|[from] move: Spore\n|cant|p2a: Indeedee|flinch\n|\n|-heal|p2b: Amoonguss|96\/100|[from] item: Leftovers\n|upkeep\n|turn|2\n|\n|t:|1683329483\n|move|p1a: Double Trouble|Rock Slide|p2a: Indeedee|[spread] p2a,p2b\n|-crit|p2b: Amoonguss\n|-damage|p2a: Indeedee|2\/100\n|-damage|p2b: Amoonguss|78\/100\n|cant|p1b: Deer Park|slp\n|move|p2b: Amoonguss|Spore|p1a: Double Trouble\n|-status|p1a: Double Trouble|slp|[from] move: Spore\n|cant|p2a: Indeedee|flinch\n|\n|-heal|p2b: Amoonguss|84\/100|[from] item: Leftovers\n|-end|p2a: Indeedee|Throat Chop|[silent]\n|upkeep\n|turn|3\n|\n|t:|1683329498\n|cant|p1a: Double Trouble|slp\n|-curestatus|p1b: Deer Park|slp|[msg]\n|move|p1b: Deer Park|Rock Slide|p2a: Indeedee|[spread] p2a,p2b\n|-damage|p2a: Indeedee|0 fnt\n|-damage|p2b: Amoonguss|70\/100\n|faint|p2a: Indeedee\n|move|p2b: Amoonguss|Pollen Puff|p1b: Deer Park\n|-supereffective|p1b: Deer Park\n|-damage|p1b: Deer Park|84\/100\n|\n|-heal|p2b: Amoonguss|76\/100|[from] item: Leftovers\n|upkeep\n|\n|t:|1683329514\n|switch|p2a: Gastrodon|Gastrodon, L50, M|100\/100\n|turn|4\n|\n|t:|1683329528\n|switch|p1b: Polished|Corviknight, L50, M, shiny|100\/100\n|cant|p1a: Double Trouble|slp\n|move|p2a: Gastrodon|Muddy Water|p1b: Polished|[spread] p1a,p1b\n|-damage|p1a: Double Trouble|76\/100 slp\n|-damage|p1b: Polished|81\/100\n|-unboost|p1a: Double Trouble|accuracy|1\n|move|p2b: Amoonguss|Spore|p1b: Polished\n|-status|p1b: Polished|slp|[from] move: Spore\n|\n|-heal|p2b: Amoonguss|82\/100|[from] item: Leftovers\n|upkeep\n|turn|5\n|\n|t:|1683329544\n|switch|p2b: Armarouge|Armarouge, L50, F|100\/100\n|-curestatus|p1a: Double Trouble|slp|[msg]\n|move|p1a: Double Trouble|Glare|p2a: Gastrodon\n|-status|p2a: Gastrodon|par\n|cant|p1b: Polished|slp\n|move|p2a: Gastrodon|Muddy Water|p1a: Double Trouble|[spread] p1a,p1b\n|-damage|p1a: Double Trouble|53\/100\n|-damage|p1b: Polished|62\/100 slp\n|\n|-fieldend|move: Psychic Terrain\n|upkeep\n|turn|6\n|inactive|Vengeful potato has 30 seconds left.\n|inactive|schisch has 30 seconds left.\n|\n|t:|1683329577\n|switch|p1b: Status Enjoyer|Gengar, L50, F, shiny|100\/100\n|move|p1a: Double Trouble|Rock Slide|p2b: Armarouge|[spread] p2a,p2b\n|-resisted|p2a: Gastrodon\n|-supereffective|p2b: Armarouge\n|-damage|p2a: Gastrodon|95\/100 par\n|-damage|p2b: Armarouge|72\/100\n|cant|p2b: Armarouge|flinch\n|cant|p2a: Gastrodon|flinch\n|\n|upkeep\n|turn|7\n|\n|t:|1683329598\n|move|p1b: Status Enjoyer|Sludge Bomb|p2b: Armarouge\n|-damage|p2b: Armarouge|19\/100\n|-status|p2b: Armarouge|psn\n|move|p1a: Double Trouble|Rock Slide|p2a: Gastrodon|[spread] p2b\n|-miss|p1a: Double Trouble|p2a: Gastrodon\n|-supereffective|p2b: Armarouge\n|-damage|p2b: Armarouge|0 fnt\n|faint|p2b: Armarouge\n|move|p2a: Gastrodon|Earth Power|p1b: Status Enjoyer\n|-supereffective|p1b: Status Enjoyer\n|-damage|p1b: Status Enjoyer|9\/100\n|-enditem|p1b: Status Enjoyer|Wiki Berry|[eat]\n|-heal|p1b: Status Enjoyer|42\/100|[from] item: Wiki Berry\n|\n|upkeep\n|-message|schisch forfeited.\n|\n|win|Vengeful potato\n|raw|Vengeful potato's rating: 1256 → 1288<\/strong> (+32 for winning)\n|raw|schisch's rating: 1351 → 1326<\/strong> (-25 for losing)\n|l|\u2606schisch\n","uploadtime":1683329616,"views":3,"p1id":"vengefulpotato","p2id":"schisch","formatid":"gen9vgc2023regulationc","rating":1288,"private":0,"password":""}