{"id":"gen9vgc2023regulationc-1863813921","p1":"bydybsyve","p2":"Immagamer","format":"[Gen 9] VGC 2023 Regulation C","log":"|j|\u2606bydybsyve\n|j|\u203dImmagamer\n|t:|1684080959\n|gametype|doubles\n|player|p1|bydybsyve|waitress|1000\n|player|p2|Immagamer|lucas|1033\n|teamsize|p1|6\n|teamsize|p2|6\n|gen|9\n|tier|[Gen 9] VGC 2023 Regulation C\n|rated|\n|rule|Species Clause: Limit one of each Pok\u00e9mon\n|rule|Item Clause: Limit one of each item\n|clearpoke\n|poke|p1|Flutter Mane, L50|\n|poke|p1|Chi-Yu, L50|\n|poke|p1|Gyarados, L50, F|\n|poke|p1|Wo-Chien, L50|\n|poke|p1|Glimmora, L50, M|\n|poke|p1|Corviknight, L50, F|\n|poke|p2|Iron Hands, L50|\n|poke|p2|Bronzong, L50|\n|poke|p2|Maushold, L50|\n|poke|p2|Volcarona, L50, M|\n|poke|p2|Indeedee-F, L50, F|\n|poke|p2|Espeon, L50, F|\n|teampreview|4\n|inactive|Battle timer is ON: inactive players will automatically lose when time's up. (requested by Immagamer)\n|\n|t:|1684080982\n|start\n|switch|p1a: Chi-Yu|Chi-Yu, L50|100\/100\n|switch|p1b: Glimmora|Glimmora, L50, M|100\/100\n|switch|p2a: Maushold|Maushold, L50|100\/100\n|switch|p2b: Volcarona|Volcarona, L50, M|100\/100\n|-ability|p1a: Chi-Yu|Beads of Ruin\n|turn|1\n|\n|t:|1684080992\n|-terastallize|p2b: Volcarona|Fire\n|move|p2a: Maushold|Follow Me|p2a: Maushold\n|-singleturn|p2a: Maushold|move: Follow Me\n|move|p2b: Volcarona|Quiver Dance|p2b: Volcarona\n|-boost|p2b: Volcarona|spa|1\n|-boost|p2b: Volcarona|spd|1\n|-boost|p2b: Volcarona|spe|1\n|move|p1b: Glimmora|Power Gem|p2a: Maushold\n|-damage|p2a: Maushold|29\/100\n|move|p1a: Chi-Yu|Nasty Plot|p1a: Chi-Yu\n|-boost|p1a: Chi-Yu|spa|2\n|\n|upkeep\n|turn|2\n|inactive|Immagamer has 30 seconds left.\n|\n|t:|1684081021\n|move|p2a: Maushold|Follow Me|p2a: Maushold\n|-singleturn|p2a: Maushold|move: Follow Me\n|move|p2b: Volcarona|Bug Buzz|p1a: Chi-Yu\n|-damage|p1a: Chi-Yu|39\/100\n|move|p1b: Glimmora|Power Gem|p2a: Maushold\n|-damage|p2a: Maushold|0 fnt\n|faint|p2a: Maushold\n|move|p1a: Chi-Yu|Heat Wave|p2b: Volcarona|[miss]\n|-miss|p1a: Chi-Yu|p2b: Volcarona\n|\n|upkeep\n|\n|t:|1684081034\n|switch|p2a: Indeedee|Indeedee-F, L50, F|100\/100\n|-fieldstart|move: Psychic Terrain|[from] ability: Psychic Surge|[of] p2a: Indeedee\n|-enditem|p2a: Indeedee|Psychic Seed\n|-boost|p2a: Indeedee|spd|1|[from] item: Psychic Seed\n|turn|3\n|\n|t:|1684081049\n|move|p1a: Chi-Yu|Protect|p1a: Chi-Yu\n|-singleturn|p1a: Chi-Yu|Protect\n|move|p2a: Indeedee|Follow Me|p2a: Indeedee\n|-singleturn|p2a: Indeedee|move: Follow Me\n|move|p2b: Volcarona|Quiver Dance|p2b: Volcarona\n|-boost|p2b: Volcarona|spa|1\n|-boost|p2b: Volcarona|spd|1\n|-boost|p2b: Volcarona|spe|1\n|move|p1b: Glimmora|Mortal Spin|p2b: Volcarona|[spread] p2a,p2b\n|-damage|p2a: Indeedee|95\/100\n|-damage|p2b: Volcarona|92\/100\n|-status|p2a: Indeedee|psn\n|-status|p2b: Volcarona|psn\n|\n|-damage|p2b: Volcarona|80\/100 psn|[from] psn\n|-damage|p2a: Indeedee|83\/100 psn|[from] psn\n|upkeep\n|turn|4\n|\n|t:|1684081068\n|switch|p1a: Corviknight|Corviknight, L50, F|100\/100\n|move|p2a: Indeedee|Follow Me|p2a: Indeedee\n|-singleturn|p2a: Indeedee|move: Follow Me\n|move|p2b: Volcarona|Heat Wave|p1a: Corviknight|[spread] p1a,p1b\n|-supereffective|p1a: Corviknight\n|-resisted|p1b: Glimmora\n|-damage|p1a: Corviknight|0 fnt\n|-damage|p1b: Glimmora|23\/100\n|-status|p1b: Glimmora|brn\n|faint|p1a: Corviknight\n|move|p1b: Glimmora|Power Gem|p2a: Indeedee\n|-damage|p2a: Indeedee|54\/100 psn\n|\n|-damage|p2b: Volcarona|68\/100 psn|[from] psn\n|-damage|p2a: Indeedee|42\/100 psn|[from] psn\n|-damage|p1b: Glimmora|18\/100 brn|[from] brn\n|upkeep\n|\n|t:|1684081077\n|switch|p1a: Wo-Chien|Wo-Chien, L50|100\/100\n|-ability|p1a: Wo-Chien|Tablets of Ruin\n|turn|5\n|\n|t:|1684081086\n|-terastallize|p1a: Wo-Chien|Fairy\n|move|p2a: Indeedee|Follow Me|p2a: Indeedee\n|-singleturn|p2a: Indeedee|move: Follow Me\n|move|p2b: Volcarona|Heat Wave|p1a: Wo-Chien|[spread] p1a,p1b\n|-resisted|p1b: Glimmora\n|-damage|p1a: Wo-Chien|34\/100\n|-damage|p1b: Glimmora|0 fnt\n|faint|p1b: Glimmora\n|move|p1a: Wo-Chien|Leech Seed|p2a: Indeedee\n|-start|p2a: Indeedee|move: Leech Seed\n|\n|-heal|p1a: Wo-Chien|40\/100|[from] item: Leftovers\n|-damage|p2a: Indeedee|29\/100 psn|[from] Leech Seed|[of] p1a: Wo-Chien\n|-heal|p1a: Wo-Chien|52\/100|[silent]\n|-damage|p2b: Volcarona|55\/100 psn|[from] psn\n|-damage|p2a: Indeedee|17\/100 psn|[from] psn\n|upkeep\n|\n|t:|1684081088\n|switch|p1b: Chi-Yu|Chi-Yu, L50|39\/100\n|-ability|p1b: Chi-Yu|Beads of Ruin\n|turn|6\n|\n|t:|1684081098\n|move|p2a: Indeedee|Follow Me|p2a: Indeedee\n|-singleturn|p2a: Indeedee|move: Follow Me\n|move|p2b: Volcarona|Heat Wave|p1b: Chi-Yu|[spread] p1b\n|-miss|p2b: Volcarona|p1a: Wo-Chien\n|-resisted|p1b: Chi-Yu\n|-damage|p1b: Chi-Yu|0 fnt\n|faint|p1b: Chi-Yu\n|move|p1a: Wo-Chien|Pollen Puff|p2a: Indeedee\n|-supereffective|p2a: Indeedee\n|-damage|p2a: Indeedee|0 fnt\n|faint|p2a: Indeedee\n|\n|-heal|p1a: Wo-Chien|57\/100|[from] item: Leftovers\n|-damage|p2b: Volcarona|43\/100 psn|[from] psn\n|upkeep\n|\n|t:|1684081105\n|switch|p2a: Espeon|Espeon, L50, F|100\/100\n|turn|7\n|\n|t:|1684081111\n|move|p2b: Volcarona|Heat Wave|p1a: Wo-Chien\n|-damage|p1a: Wo-Chien|0 fnt\n|faint|p1a: Wo-Chien\n|\n|win|Immagamer\n|raw|bydybsyve's rating: 1000 → 1000<\/strong> (+0 for losing)\n|raw|Immagamer's rating: 1033 → 1065<\/strong> (+32 for winning)\n","uploadtime":1684081116,"views":8,"p1id":"bydybsyve","p2id":"immagamer","formatid":"gen9vgc2023regulationc","rating":1000,"private":0,"password":""}