{"id":"gen9vgc2023regulationc-1846349111","p1":"bronzongbroomsvgc","p2":"Breloom3912","format":"[Gen 9] VGC 2023 Regulation C","log":"|j|\u2606bronzongbroomsvgc\n|j|\u2606Breloom3912\n|t:|1681833701\n|gametype|doubles\n|player|p1|bronzongbroomsvgc|265|1321\n|player|p2|Breloom3912|thorton|1379\n|teamsize|p1|6\n|teamsize|p2|6\n|gen|9\n|tier|[Gen 9] VGC 2023 Regulation C\n|rated|\n|rule|Species Clause: Limit one of each Pok\u00e9mon\n|rule|Item Clause: Limit one of each item\n|clearpoke\n|poke|p1|Goodra, L50, F|\n|poke|p1|Wo-Chien, L50|\n|poke|p1|Pelipper, L50, M|\n|poke|p1|Corviknight, L50, F|\n|poke|p1|Tatsugiri-Droopy, L50, M|\n|poke|p1|Dondozo, L50, M|\n|poke|p2|Talonflame, L50, M|\n|poke|p2|Garchomp, L50, M|\n|poke|p2|Iron Bundle, L50|\n|poke|p2|Chien-Pao, L50|\n|poke|p2|Arcanine, L50, F|\n|poke|p2|Brute Bonnet, L50|\n|teampreview|4\n|inactive|Battle timer is ON: inactive players will automatically lose when time's up. (requested by Breloom3912)\nBreloom3912 has agreed to open team sheets.\nbronzongbroomsvgc has agreed to open team sheets.\n|inactive|Breloom3912 has 60 seconds left.\n|\n|t:|1681833739\n|start\n|switch|p1a: Goodra|Goodra, L50, F|100\/100\n|switch|p1b: Wo-Chien|Wo-Chien, L50|100\/100\n|switch|p2a: Iron Bundle|Iron Bundle, L50|100\/100\n|switch|p2b: Brute Bonnet|Brute Bonnet, L50|100\/100\n|-ability|p1b: Wo-Chien|Tablets of Ruin\n|-enditem|p2a: Iron Bundle|Booster Energy\n|-activate|p2a: Iron Bundle|ability: Quark Drive|[fromitem]\n|-start|p2a: Iron Bundle|quarkdrivespe\n|turn|1\n|inactive|bronzongbroomsvgc has 30 seconds left.\n|inactive|Breloom3912 has 30 seconds left.\n|\n|t:|1681833771\n|move|p2a: Iron Bundle|Freeze-Dry|p1b: Wo-Chien\n|-supereffective|p1b: Wo-Chien\n|-damage|p1b: Wo-Chien|50\/100\n|move|p1a: Goodra|Acid Armor|p1a: Goodra\n|-boost|p1a: Goodra|def|2\n|move|p1b: Wo-Chien|Leech Seed|p2a: Iron Bundle\n|-start|p2a: Iron Bundle|move: Leech Seed\n|move|p2b: Brute Bonnet|Spore|p1a: Goodra\n|-status|p1a: Goodra|slp|[from] move: Spore\n|\n|-heal|p1b: Wo-Chien|57\/100|[from] item: Leftovers\n|-damage|p2a: Iron Bundle|88\/100|[from] Leech Seed|[of] p1b: Wo-Chien\n|-heal|p1b: Wo-Chien|65\/100|[silent]\n|upkeep\n|turn|2\n|j| neueneiehhh\n|\n|t:|1681833790\n|-terastallize|p2a: Iron Bundle|Ice\n|move|p2a: Iron Bundle|Freeze-Dry|p1a: Goodra\n|-supereffective|p1a: Goodra\n|-damage|p1a: Goodra|36\/100 slp\n|-enditem|p1a: Goodra|Sitrus Berry|[eat]\n|-heal|p1a: Goodra|60\/100 slp|[from] item: Sitrus Berry\n|cant|p1a: Goodra|slp\n|move|p1b: Wo-Chien|Pollen Puff|p2b: Brute Bonnet\n|-supereffective|p2b: Brute Bonnet\n|-crit|p2b: Brute Bonnet\n|-damage|p2b: Brute Bonnet|2\/100\n|move|p2b: Brute Bonnet|Bullet Seed|p1b: Wo-Chien\n|-resisted|p1b: Wo-Chien\n|-damage|p1b: Wo-Chien|61\/100\n|-resisted|p1b: Wo-Chien\n|-damage|p1b: Wo-Chien|57\/100\n|-resisted|p1b: Wo-Chien\n|-damage|p1b: Wo-Chien|53\/100\n|-resisted|p1b: Wo-Chien\n|-damage|p1b: Wo-Chien|49\/100\n|-resisted|p1b: Wo-Chien\n|-damage|p1b: Wo-Chien|45\/100\n|-hitcount|p1b: Wo-Chien|5\n|\n|-heal|p1b: Wo-Chien|51\/100|[from] item: Leftovers\n|-damage|p2a: Iron Bundle|76\/100|[from] Leech Seed|[of] p1b: Wo-Chien\n|-heal|p1b: Wo-Chien|59\/100|[silent]\n|upkeep\n|turn|3\n|inactive|bronzongbroomsvgc has 30 seconds left.\n|inactive|Breloom3912 has 30 seconds left.\n|\n|t:|1681833820\n|move|p1b: Wo-Chien|Protect|p1b: Wo-Chien\n|-singleturn|p1b: Wo-Chien|Protect\n|move|p2b: Brute Bonnet|Sucker Punch||[still]\n|-fail|p2b: Brute Bonnet\n|move|p2a: Iron Bundle|Freeze-Dry|p1b: Wo-Chien\n|-activate|p1b: Wo-Chien|move: Protect\n|-curestatus|p1a: Goodra|slp|[msg]\n|move|p1a: Goodra|Rest|p1a: Goodra\n|-status|p1a: Goodra|slp|[from] move: Rest\n|-heal|p1a: Goodra|100\/100 slp|[silent]\n|\n|-heal|p1b: Wo-Chien|66\/100|[from] item: Leftovers\n|-damage|p2a: Iron Bundle|64\/100|[from] Leech Seed|[of] p1b: Wo-Chien\n|-heal|p1b: Wo-Chien|74\/100|[silent]\n|upkeep\n|turn|4\n|\n|t:|1681833838\n|move|p2b: Brute Bonnet|Sucker Punch|p1a: Goodra\n|-damage|p1a: Goodra|86\/100 slp\n|move|p2a: Iron Bundle|Freeze-Dry|p1a: Goodra\n|-supereffective|p1a: Goodra\n|-damage|p1a: Goodra|27\/100 slp\n|cant|p1a: Goodra|slp\n|move|p1b: Wo-Chien|Ruination|p2a: Iron Bundle\n|-damage|p2a: Iron Bundle|33\/100\n|\n|-heal|p1b: Wo-Chien|80\/100|[from] item: Leftovers\n|-damage|p2a: Iron Bundle|20\/100|[from] Leech Seed|[of] p1b: Wo-Chien\n|-heal|p1b: Wo-Chien|89\/100|[silent]\n|upkeep\n|turn|5\n|\n|t:|1681833859\n|move|p2a: Iron Bundle|Freeze-Dry|p1a: Goodra\n|-supereffective|p1a: Goodra\n|-damage|p1a: Goodra|0 fnt\n|faint|p1a: Goodra\n|move|p1b: Wo-Chien|Pollen Puff|p1: Goodra|[notarget]\n|-fail|p1b: Wo-Chien\n|move|p2b: Brute Bonnet|Bullet Seed|p1b: Wo-Chien\n|-resisted|p1b: Wo-Chien\n|-damage|p1b: Wo-Chien|84\/100\n|-resisted|p1b: Wo-Chien\n|-damage|p1b: Wo-Chien|80\/100\n|-resisted|p1b: Wo-Chien\n|-damage|p1b: Wo-Chien|75\/100\n|-resisted|p1b: Wo-Chien\n|-damage|p1b: Wo-Chien|71\/100\n|-resisted|p1b: Wo-Chien\n|-damage|p1b: Wo-Chien|67\/100\n|-hitcount|p1b: Wo-Chien|5\n|\n|-heal|p1b: Wo-Chien|73\/100|[from] item: Leftovers\n|-damage|p2a: Iron Bundle|8\/100|[from] Leech Seed|[of] p1b: Wo-Chien\n|-heal|p1b: Wo-Chien|82\/100|[silent]\n|upkeep\n|\n|t:|1681833871\n|switch|p1a: Dondozo|Dondozo, L50, M|100\/100\n|turn|6\n|\n|t:|1681833879\n|-end|p2a: Iron Bundle|Quark Drive|[silent]\n|switch|p2a: Chien-Pao|Chien-Pao, L50|100\/100\n|-ability|p2a: Chien-Pao|Sword of Ruin\n|move|p1a: Dondozo|Protect|p1a: Dondozo\n|-singleturn|p1a: Dondozo|Protect\n|move|p1b: Wo-Chien|Pollen Puff|p2b: Brute Bonnet\n|-supereffective|p2b: Brute Bonnet\n|-crit|p2b: Brute Bonnet\n|-damage|p2b: Brute Bonnet|0 fnt\n|faint|p2b: Brute Bonnet\n|-end|p2b: Brute Bonnet|Protosynthesis|[silent]\n|\n|-heal|p1b: Wo-Chien|88\/100|[from] item: Leftovers\n|upkeep\n|\n|t:|1681833885\n|switch|p2b: Iron Bundle|Iron Bundle, L50, tera:Ice|8\/100\n|turn|7\n|\n|t:|1681833898\n|move|p1a: Dondozo|Protect|p1a: Dondozo\n|-singleturn|p1a: Dondozo|Protect\n|move|p2b: Iron Bundle|Freeze-Dry|p1a: Dondozo\n|-activate|p1a: Dondozo|move: Protect\n|move|p2a: Chien-Pao|Ice Spinner|p1b: Wo-Chien\n|-supereffective|p1b: Wo-Chien\n|-damage|p1b: Wo-Chien|22\/100\n|move|p1b: Wo-Chien|Leech Seed|p2b: Iron Bundle\n|-start|p2b: Iron Bundle|move: Leech Seed\n|\n|-heal|p1b: Wo-Chien|29\/100|[from] item: Leftovers\n|-damage|p2b: Iron Bundle|0 fnt|[from] Leech Seed|[of] p1b: Wo-Chien\n|-heal|p1b: Wo-Chien|34\/100|[silent]\n|faint|p2b: Iron Bundle\n|-end|p2b: Iron Bundle|Quark Drive|[silent]\n|upkeep\n|\n|t:|1681833906\n|switch|p2b: Garchomp|Garchomp, L50, M|100\/100\n|turn|8\n|\n|t:|1681833914\n|switch|p1b: Tatsugiri|Tatsugiri-Droopy, L50, M, shiny|100\/100\n|-activate|p1b: Tatsugiri|ability: Commander|[of] p1a: Dondozo\n|-boost|p1a: Dondozo|atk|2\n|-boost|p1a: Dondozo|spa|2\n|-boost|p1a: Dondozo|spe|2\n|-boost|p1a: Dondozo|def|2\n|-boost|p1a: Dondozo|spd|2\n|-terastallize|p1a: Dondozo|Water\n|move|p2b: Garchomp|Rock Slide|p1a: Dondozo|[spread] p1a\n|-miss|p2b: Garchomp|p1b: Tatsugiri\n|-damage|p1a: Dondozo|90\/100\n|move|p2a: Chien-Pao|Throat Chop|p1a: Dondozo\n|-damage|p1a: Dondozo|68\/100\n|-start|p1a: Dondozo|Throat Chop|[silent]\n|cant|p1a: Dondozo|flinch\n|\n|upkeep\n|turn|9\n|\n|t:|1681833932\n|move|p2b: Garchomp|Rock Slide|p1a: Dondozo|[spread] p1a\n|-miss|p2b: Garchomp|p1b: Tatsugiri\n|-damage|p1a: Dondozo|58\/100\n|move|p2a: Chien-Pao|Throat Chop|p1a: Dondozo\n|-damage|p1a: Dondozo|37\/100\n|cant|p1a: Dondozo|flinch\n|\n|-end|p1a: Dondozo|Throat Chop|[silent]\n|upkeep\n|turn|10\n|\n|t:|1681833942\n|move|p2b: Garchomp|Rock Slide|p1b: Tatsugiri|[spread] p1a\n|-miss|p2b: Garchomp|p1b: Tatsugiri\n|-damage|p1a: Dondozo|27\/100\n|move|p2a: Chien-Pao|Throat Chop|p1a: Dondozo\n|-damage|p1a: Dondozo|6\/100\n|-start|p1a: Dondozo|Throat Chop|[silent]\n|cant|p1a: Dondozo|flinch\n|\n|upkeep\n|turn|11\n|c|\u2606bronzongbroomsvgc|man\n|c|\u2606Breloom3912|Sorry\n|\n|t:|1681833961\n|move|p2a: Chien-Pao|Sucker Punch|p1a: Dondozo\n|-damage|p1a: Dondozo|0 fnt\n|faint|p1a: Dondozo\n|move|p2b: Garchomp|Rock Slide|p1b: Tatsugiri|[miss]\n|-miss|p2b: Garchomp|p1b: Tatsugiri\n|\n|upkeep\n|c|\u2606Breloom3912|rng is rng\n|\n|t:|1681833967\n|switch|p1a: Wo-Chien|Wo-Chien, L50|34\/100\n|-ability|p1a: Wo-Chien|Tablets of Ruin\n|turn|12\n|\n|t:|1681833989\n|move|p1a: Wo-Chien|Protect|p1a: Wo-Chien\n|-singleturn|p1a: Wo-Chien|Protect\n|move|p2a: Chien-Pao|Sucker Punch|p1b: Tatsugiri\n|-damage|p1b: Tatsugiri|37\/100\n|move|p2b: Garchomp|Rock Slide|p1b: Tatsugiri|[spread] p1b\n|-activate|p1a: Wo-Chien|move: Protect\n|-damage|p1b: Tatsugiri|0 fnt\n|faint|p1b: Tatsugiri\n|\n|-heal|p1a: Wo-Chien|40\/100|[from] item: Leftovers\n|upkeep\n|turn|13\n|\n|t:|1681834004\n|move|p2b: Garchomp|Rock Slide|p1a: Wo-Chien\n|-damage|p1a: Wo-Chien|18\/100\n|move|p2a: Chien-Pao|Ice Spinner|p1a: Wo-Chien\n|-supereffective|p1a: Wo-Chien\n|-damage|p1a: Wo-Chien|0 fnt\n|faint|p1a: Wo-Chien\n|\n|win|Breloom3912\n|raw|bronzongbroomsvgc's rating: 1321 → 1304<\/strong> (-17 for losing)\n|raw|Breloom3912's rating: 1379 → 1396<\/strong> (+17 for winning)\n|l|\u2606bronzongbroomsvgc\n","uploadtime":1681834011,"views":13,"p1id":"bronzongbroomsvgc","p2id":"breloom3912","formatid":"gen9vgc2023regulationc","rating":1304,"private":0,"password":""}