{"id":"gen9vgc2023regulationc-1855383987","p1":"zjwf","p2":"768\u53f7\u6b66\u58ebmax","format":"[Gen 9] VGC 2023 Regulation C","log":"|j|\u2606zjwf\n|j|\u2606768\u53f7\u6b66\u58ebmax\n|t:|1682945840\n|gametype|doubles\n|player|p1|zjwf|irida|\n|player|p2|768\u53f7\u6b66\u58ebmax|guzma|\n|teamsize|p1|6\n|teamsize|p2|6\n|gen|9\n|tier|[Gen 9] VGC 2023 Regulation C\n|rule|Species Clause: Limit one of each Pok\u00e9mon\n|rule|Item Clause: Limit one of each item\n|clearpoke\n|poke|p1|Gholdengo, L50|\n|poke|p1|Iron Bundle, L50|\n|poke|p1|Iron Hands, L50|\n|poke|p1|Baxcalibur, L50, M|\n|poke|p1|Volcarona, L50, M|\n|poke|p1|Kingambit, L50, F|\n|poke|p2|Tyranitar, L50, M|\n|poke|p2|Lycanroc, L50, M|\n|poke|p2|Indeedee-F, L50, F|\n|poke|p2|Ting-Lu, L50|\n|poke|p2|Annihilape, L50, M|\n|poke|p2|Flutter Mane, L50|\n|teampreview|4\nzjwf has agreed to open team sheets.\n768\u53f7\u6b66\u58ebmax has agreed to open team sheets.\n|\n|t:|1682945984\n|start\n|switch|p1a: \u94c1\u6bd2\u86fe\u722c\u5730\u7fc5\u662f\u4ec0\u4e48\u4e1c\u897f|Volcarona, L50, M|100\/100\n|switch|p1b: \u65e0\u4ea7\u8005\u90fd\u8054\u5408\u8d77\u6765|Gholdengo, L50|100\/100\n|switch|p2a: Tyranitar|Tyranitar, L50, M, shiny|100\/100\n|switch|p2b: Lycanroc|Lycanroc, L50, M|100\/100\n|-weather|Sandstorm|[from] ability: Sand Stream|[of] p2a: Tyranitar\n|turn|1\n|inactive|Battle timer is ON: inactive players will automatically lose when time's up. (requested by zjwf)\n|inactive|768\u53f7\u6b66\u58ebmax has 60 seconds left.\n|\n|t:|1682946022\n|-terastallize|p1a: \u94c1\u6bd2\u86fe\u722c\u5730\u7fc5\u662f\u4ec0\u4e48\u4e1c\u897f|Water\n|move|p1a: \u94c1\u6bd2\u86fe\u722c\u5730\u7fc5\u662f\u4ec0\u4e48\u4e1c\u897f|Rage Powder|p1a: \u94c1\u6bd2\u86fe\u722c\u5730\u7fc5\u662f\u4ec0\u4e48\u4e1c\u897f\n|-singleturn|p1a: \u94c1\u6bd2\u86fe\u722c\u5730\u7fc5\u662f\u4ec0\u4e48\u4e1c\u897f|move: Rage Powder\n|move|p2b: Lycanroc|Rock Slide|p1a: \u94c1\u6bd2\u86fe\u722c\u5730\u7fc5\u662f\u4ec0\u4e48\u4e1c\u897f|[spread] p1a,p1b\n|-resisted|p1b: \u65e0\u4ea7\u8005\u90fd\u8054\u5408\u8d77\u6765\n|-damage|p1a: \u94c1\u6bd2\u86fe\u722c\u5730\u7fc5\u662f\u4ec0\u4e48\u4e1c\u897f|73\/100\n|-damage|p1b: \u65e0\u4ea7\u8005\u90fd\u8054\u5408\u8d77\u6765|84\/100\n|move|p1b: \u65e0\u4ea7\u8005\u90fd\u8054\u5408\u8d77\u6765|Make It Rain|p2b: Lycanroc|[spread] p2a,p2b\n|-supereffective|p2a: Tyranitar\n|-supereffective|p2b: Lycanroc\n|-damage|p2a: Tyranitar|15\/100\n|-enditem|p2b: Lycanroc|Focus Sash\n|-damage|p2b: Lycanroc|1\/100\n|-unboost|p1b: \u65e0\u4ea7\u8005\u90fd\u8054\u5408\u8d77\u6765|spa|1\n|-damage|p1b: \u65e0\u4ea7\u8005\u90fd\u8054\u5408\u8d77\u6765|75\/100|[from] item: Life Orb\n|move|p2a: Tyranitar|Assurance|p1a: \u94c1\u6bd2\u86fe\u722c\u5730\u7fc5\u662f\u4ec0\u4e48\u4e1c\u897f\n|-damage|p1a: \u94c1\u6bd2\u86fe\u722c\u5730\u7fc5\u662f\u4ec0\u4e48\u4e1c\u897f|0 fnt\n|faint|p1a: \u94c1\u6bd2\u86fe\u722c\u5730\u7fc5\u662f\u4ec0\u4e48\u4e1c\u897f\n|\n|-weather|Sandstorm|[upkeep]\n|upkeep\n|\n|t:|1682946042\n|switch|p1a: \u51bb\u98ce100%|Iron Bundle, L50|100\/100\n|-enditem|p1a: \u51bb\u98ce100%|Booster Energy\n|-activate|p1a: \u51bb\u98ce100%|ability: Quark Drive|[fromitem]\n|-start|p1a: \u51bb\u98ce100%|quarkdrivespe\n|turn|2\n|inactive|768\u53f7\u6b66\u58ebmax has 30 seconds left.\n|inactive|768\u53f7\u6b66\u58ebmax has 20 seconds left.\n|\n|t:|1682946078\n|move|p1a: \u51bb\u98ce100%|Protect|p1a: \u51bb\u98ce100%\n|-singleturn|p1a: \u51bb\u98ce100%|Protect\n|move|p2b: Lycanroc|Rock Slide|p1a: \u51bb\u98ce100%|[spread] p1b\n|-activate|p1a: \u51bb\u98ce100%|move: Protect\n|-resisted|p1b: \u65e0\u4ea7\u8005\u90fd\u8054\u5408\u8d77\u6765\n|-damage|p1b: \u65e0\u4ea7\u8005\u90fd\u8054\u5408\u8d77\u6765|60\/100\n|move|p1b: \u65e0\u4ea7\u8005\u90fd\u8054\u5408\u8d77\u6765|Make It Rain|p2a: Tyranitar|[spread] p2a,p2b\n|-supereffective|p2a: Tyranitar\n|-supereffective|p2b: Lycanroc\n|-damage|p2a: Tyranitar|0 fnt\n|-damage|p2b: Lycanroc|0 fnt\n|-unboost|p1b: \u65e0\u4ea7\u8005\u90fd\u8054\u5408\u8d77\u6765|spa|1\n|faint|p2a: Tyranitar\n|faint|p2b: Lycanroc\n|-damage|p1b: \u65e0\u4ea7\u8005\u90fd\u8054\u5408\u8d77\u6765|50\/100|[from] item: Life Orb\n|\n|-weather|Sandstorm|[upkeep]\n|-damage|p1a: \u51bb\u98ce100%|94\/100|[from] Sandstorm\n|upkeep\n|\n|t:|1682946095\n|switch|p2b: Ting-Lu|Ting-Lu, L50|100\/100\n|switch|p2a: Flutter Mane|Flutter Mane, L50, shiny|100\/100\n|-ability|p2b: Ting-Lu|Vessel of Ruin\n|-enditem|p2a: Flutter Mane|Booster Energy\n|-activate|p2a: Flutter Mane|ability: Protosynthesis|[fromitem]\n|-start|p2a: Flutter Mane|protosynthesisspe\n|turn|3\n|\n|t:|1682946112\n|move|p2a: Flutter Mane|Protect|p2a: Flutter Mane\n|-singleturn|p2a: Flutter Mane|Protect\n|move|p1a: \u51bb\u98ce100%|Icy Wind|p2a: Flutter Mane|[spread] p2b\n|-activate|p2a: Flutter Mane|move: Protect\n|-supereffective|p2b: Ting-Lu\n|-crit|p2b: Ting-Lu\n|-damage|p2b: Ting-Lu|80\/100\n|-unboost|p2b: Ting-Lu|spe|1\n|move|p1b: \u65e0\u4ea7\u8005\u90fd\u8054\u5408\u8d77\u6765|Make It Rain|p2b: Ting-Lu|[spread] p2b\n|-activate|p2a: Flutter Mane|move: Protect\n|-damage|p2b: Ting-Lu|70\/100\n|-unboost|p1b: \u65e0\u4ea7\u8005\u90fd\u8054\u5408\u8d77\u6765|spa|1\n|-damage|p1b: \u65e0\u4ea7\u8005\u90fd\u8054\u5408\u8d77\u6765|41\/100|[from] item: Life Orb\n|move|p2b: Ting-Lu|Stomping Tantrum|p1b: \u65e0\u4ea7\u8005\u90fd\u8054\u5408\u8d77\u6765\n|-supereffective|p1b: \u65e0\u4ea7\u8005\u90fd\u8054\u5408\u8d77\u6765\n|-damage|p1b: \u65e0\u4ea7\u8005\u90fd\u8054\u5408\u8d77\u6765|0 fnt\n|faint|p1b: \u65e0\u4ea7\u8005\u90fd\u8054\u5408\u8d77\u6765\n|\n|-weather|Sandstorm|[upkeep]\n|-damage|p1a: \u51bb\u98ce100%|88\/100|[from] Sandstorm\n|-damage|p2a: Flutter Mane|95\/100|[from] Sandstorm\n|upkeep\n|\n|t:|1682946115\n|switch|p1b: \u70c8\u54ac\u9646\u9ca8\uff0c\u8bf7\u597d\u597d\u5730\u770b\u7740\u6211|Baxcalibur, L50, M|100\/100\n|turn|4\n|inactive|768\u53f7\u6b66\u58ebmax has 30 seconds left.\n|inactive|zjwf has 30 seconds left.\n|inactive|768\u53f7\u6b66\u58ebmax has 20 seconds left.\n|inactive|zjwf has 20 seconds left.\n|\n|t:|1682946164\n|-terastallize|p2a: Flutter Mane|Fairy\n|move|p1a: \u51bb\u98ce100%|Icy Wind|p2b: Ting-Lu|[spread] p2a,p2b\n|-supereffective|p2b: Ting-Lu\n|-damage|p2a: Flutter Mane|82\/100\n|-damage|p2b: Ting-Lu|57\/100\n|-unboost|p2a: Flutter Mane|spe|1\n|-unboost|p2b: Ting-Lu|spe|1\n|move|p2a: Flutter Mane|Dazzling Gleam|p1a: \u51bb\u98ce100%|[spread] p1a,p1b\n|-supereffective|p1b: \u70c8\u54ac\u9646\u9ca8\uff0c\u8bf7\u597d\u597d\u5730\u770b\u7740\u6211\n|-damage|p1a: \u51bb\u98ce100%|20\/100\n|-damage|p1b: \u70c8\u54ac\u9646\u9ca8\uff0c\u8bf7\u597d\u597d\u5730\u770b\u7740\u6211|40\/100\n|move|p1b: \u70c8\u54ac\u9646\u9ca8\uff0c\u8bf7\u597d\u597d\u5730\u770b\u7740\u6211|Dragon Dance|p1b: \u70c8\u54ac\u9646\u9ca8\uff0c\u8bf7\u597d\u597d\u5730\u770b\u7740\u6211\n|-boost|p1b: \u70c8\u54ac\u9646\u9ca8\uff0c\u8bf7\u597d\u597d\u5730\u770b\u7740\u6211|atk|1\n|-boost|p1b: \u70c8\u54ac\u9646\u9ca8\uff0c\u8bf7\u597d\u597d\u5730\u770b\u7740\u6211|spe|1\n|move|p2b: Ting-Lu|Stomping Tantrum|p1b: \u70c8\u54ac\u9646\u9ca8\uff0c\u8bf7\u597d\u597d\u5730\u770b\u7740\u6211\n|-damage|p1b: \u70c8\u54ac\u9646\u9ca8\uff0c\u8bf7\u597d\u597d\u5730\u770b\u7740\u6211|8\/100\n|\n|-weather|Sandstorm|[upkeep]\n|-damage|p1a: \u51bb\u98ce100%|14\/100|[from] Sandstorm\n|-damage|p1b: \u70c8\u54ac\u9646\u9ca8\uff0c\u8bf7\u597d\u597d\u5730\u770b\u7740\u6211|2\/100|[from] Sandstorm\n|-damage|p2a: Flutter Mane|76\/100|[from] Sandstorm\n|upkeep\n|turn|5\n|inactive|zjwf has 30 seconds left.\n|\n|t:|1682946191\n|move|p2a: Flutter Mane|Protect|p2a: Flutter Mane\n|-singleturn|p2a: Flutter Mane|Protect\n|move|p1a: \u51bb\u98ce100%|Freeze-Dry|p2a: Flutter Mane\n|-activate|p2a: Flutter Mane|move: Protect\n|move|p1b: \u70c8\u54ac\u9646\u9ca8\uff0c\u8bf7\u597d\u597d\u5730\u770b\u7740\u6211|Icicle Spear|p2b: Ting-Lu\n|-supereffective|p2b: Ting-Lu\n|-damage|p2b: Ting-Lu|31\/100\n|-supereffective|p2b: Ting-Lu\n|-damage|p2b: Ting-Lu|5\/100\n|-supereffective|p2b: Ting-Lu\n|-damage|p2b: Ting-Lu|0 fnt\n|faint|p2b: Ting-Lu\n|-hitcount|p2: Ting-Lu|3\n|\n|-weather|none\n|upkeep\n|turn|6\n|\n|t:|1682946211\n|move|p1a: \u51bb\u98ce100%|Icy Wind|p2a: Flutter Mane\n|-damage|p2a: Flutter Mane|47\/100\n|-unboost|p2a: Flutter Mane|spe|1\n|move|p1b: \u70c8\u54ac\u9646\u9ca8\uff0c\u8bf7\u597d\u597d\u5730\u770b\u7740\u6211|Icicle Spear|p2a: Flutter Mane\n|-damage|p2a: Flutter Mane|8\/100\n|-damage|p2a: Flutter Mane|0 fnt\n|faint|p2a: Flutter Mane\n|-end|p2a: Flutter Mane|Protosynthesis|[silent]\n|-hitcount|p2: Flutter Mane|2\n|\n|win|zjwf\n|l|\u2606zjwf\n|l|\u2606768\u53f7\u6b66\u58ebmax\n|j|\u2606zjwf\n|player|p1|zjwf|irida\n","uploadtime":1682946221,"views":24,"p1id":"zjwf","p2id":"768max","formatid":"gen9vgc2023regulationc","rating":0,"private":0,"password":""}