{"id":"gen9vgc2023regulationc-1863876131","p1":"FrootLoops007","p2":"Mogomomo","format":"[Gen 9] VGC 2023 Regulation C","log":"|j|\u2606FrootLoops007\n|j|\u2606Mogomomo\n|t:|1684088295\n|gametype|doubles\n|player|p1|FrootLoops007|roughneck-gen4|\n|player|p2|Mogomomo|crasherwake|\n|teamsize|p1|6\n|teamsize|p2|6\n|gen|9\n|tier|[Gen 9] VGC 2023 Regulation C\n|rule|Tera Type Preview: Tera Types are shown at Team Preview\n|rule|Species Clause: Limit one of each Pok\u00e9mon\n|rule|Item Clause: Limit one of each item\n|clearpoke\n|poke|p1|Orthworm, L50, M|\n|poke|p1|Tinkaton, L50, F|\n|poke|p1|Dragonite, L50, F|\n|poke|p1|Volcarona, L50, M|\n|poke|p1|Oricorio-Sensu, L50, F|\n|poke|p1|Murkrow, L50, F|\n|poke|p2|Flutter Mane, L50|\n|poke|p2|Breloom, L50, M|\n|poke|p2|Kingambit, L50, F|\n|poke|p2|Rotom-Wash, L50|\n|poke|p2|Meditite, L50, F|\n|poke|p2|Salazzle, L50, F|\n|teampreview|4\n|raw|FrootLoops007's Tera Types: \/ \/ \/ \/ \/ \n|raw|Mogomomo's Tera Types: \/ \/ \/ \/ \/ \n|inactive|Battle timer is ON: inactive players will automatically lose when time's up. (requested by FrootLoops007)\nMogomomo rejected open team sheets.\n|inactiveoff|Battle timer is now OFF.\n|c|\u2606Mogomomo|turn the timer off til games start pls btw\n|c|\u2606Mogomomo|g1\n|c|\u2606Mogomomo|gl hf!\n|j| Bananacrazy111\n|j| winteredsoul\n|c| Bananacrazy111|mogomomo\n|c| winteredsoul|yoooo meditite based\n|j| Ciq108\n|c| Ciq108|May the winner win\n|\n|t:|1684088509\n|start\n|switch|p1a: Volcarona|Volcarona, L50, M|100\/100\n|switch|p1b: Oricorio|Oricorio-Sensu, L50, F|100\/100\n|switch|p2a: Meditite|Meditite, L50, F|100\/100\n|switch|p2b: Rotom|Rotom-Wash, L50|100\/100\n|turn|1\n|c| Bananacrazy111|in\n|\n|t:|1684088568\n|-terastallize|p1a: Volcarona|Grass\n|move|p1a: Volcarona|Quiver Dance|p1a: Volcarona\n|-boost|p1a: Volcarona|spa|1\n|-boost|p1a: Volcarona|spd|1\n|-boost|p1a: Volcarona|spe|1\n|-activate|p1b: Oricorio|ability: Dancer\n|move|p1b: Oricorio|Quiver Dance|p1b: Oricorio|[from]ability: Dancer\n|-boost|p1b: Oricorio|spa|1\n|-boost|p1b: Oricorio|spd|1\n|-boost|p1b: Oricorio|spe|1\n|move|p1b: Oricorio|Revelation Dance|p2a: Meditite\n|-supereffective|p2a: Meditite\n|-enditem|p2a: Meditite|Focus Sash\n|-damage|p2a: Meditite|1\/100\n|move|p2b: Rotom|Hydro Pump|p1a: Volcarona\n|-resisted|p1a: Volcarona\n|-damage|p1a: Volcarona|87\/100\n|move|p2a: Meditite|Trick Room|p2a: Meditite\n|-fieldstart|move: Trick Room|[of] p2a: Meditite\n|\n|-heal|p1a: Volcarona|93\/100|[from] item: Leftovers\n|upkeep\n|turn|2\n|l| Ciq108\n|\n|t:|1684088606\n|switch|p2b: Kingambit|Kingambit, L50, F|100\/100\n|move|p2a: Meditite|Skill Swap|p2b: Kingambit\n|-activate|p2a: Meditite|move: Skill Swap|||[of] p2b: Kingambit\n|move|p1b: Oricorio|Revelation Dance|p2b: Kingambit\n|-resisted|p2b: Kingambit\n|-damage|p2b: Kingambit|82\/100\n|move|p1a: Volcarona|Struggle Bug|p2a: Meditite|[spread] p2a,p2b\n|-damage|p2a: Meditite|0 fnt\n|-damage|p2b: Kingambit|66\/100\n|-unboost|p2b: Kingambit|spa|1\n|faint|p2a: Meditite\n|\n|-heal|p1a: Volcarona|98\/100|[from] item: Leftovers\n|upkeep\n|\n|t:|1684088618\n|switch|p2a: Rotom|Rotom-Wash, L50|100\/100\n|turn|3\n|\n|t:|1684088638\n|move|p1b: Oricorio|Protect|p1b: Oricorio\n|-singleturn|p1b: Oricorio|Protect\n|move|p2b: Kingambit|Kowtow Cleave|p1a: Volcarona\n|-damage|p1a: Volcarona|3\/100\n|move|p2a: Rotom|Thunderbolt|p1b: Oricorio\n|-activate|p1b: Oricorio|move: Protect\n|move|p1a: Volcarona|Fiery Dance|p2b: Kingambit\n|-supereffective|p2b: Kingambit\n|-damage|p2b: Kingambit|0 fnt\n|faint|p2b: Kingambit\n|-activate|p1b: Oricorio|ability: Dancer\n|move|p1b: Oricorio|Fiery Dance|p2a: Rotom|[from]ability: Dancer\n|-resisted|p2a: Rotom\n|-damage|p2a: Rotom|81\/100\n|-boost|p1b: Oricorio|spa|1\n|\n|-heal|p1a: Volcarona|8\/100|[from] item: Leftovers\n|upkeep\n|\n|t:|1684088645\n|switch|p2b: Salazzle|Salazzle, L50, F|100\/100\n|turn|4\n|\n|t:|1684088683\n|move|p2a: Rotom|Thunderbolt|p1b: Oricorio\n|-supereffective|p1b: Oricorio\n|-crit|p1b: Oricorio\n|-enditem|p1b: Oricorio|Focus Sash\n|-damage|p1b: Oricorio|1\/100\n|move|p2b: Salazzle|Heat Wave|p1b: Oricorio|[spread] p1a,p1b\n|-supereffective|p1a: Volcarona\n|-damage|p1a: Volcarona|0 fnt\n|-damage|p1b: Oricorio|0 fnt\n|faint|p1a: Volcarona\n|faint|p1b: Oricorio\n|\n|upkeep\n|\n|t:|1684088695\n|switch|p1b: Orthworm|Orthworm, L50, M|100\/100\n|switch|p1a: Tinkaton|Tinkaton, L50, F|100\/100\n|-ability|p1a: Tinkaton|Mold Breaker\n|turn|5\n|j| Feyette\n|\n|t:|1684088717\n|-terastallize|p2b: Salazzle|Ghost\n|move|p1a: Tinkaton|Fake Out|p2b: Salazzle\n|-immune|p2b: Salazzle\n|move|p1b: Orthworm|Iron Defense|p1b: Orthworm\n|-boost|p1b: Orthworm|def|2\n|move|p2a: Rotom|Hydro Pump|p1b: Orthworm\n|-damage|p1b: Orthworm|51\/100\n|move|p2b: Salazzle|Heat Wave|p1b: Orthworm|[spread] p1a,p1b\n|-supereffective|p1a: Tinkaton\n|-supereffective|p1b: Orthworm\n|-damage|p1a: Tinkaton|3\/100\n|-damage|p1b: Orthworm|0 fnt\n|-enditem|p1a: Tinkaton|Aguav Berry|[eat]\n|-heal|p1a: Tinkaton|36\/100|[from] item: Aguav Berry\n|faint|p1b: Orthworm\n|\n|-fieldend|move: Trick Room\n|upkeep\n|turn|6\n|\n|t:|1684088735\n|move|p2b: Salazzle|Heat Wave|p1a: Tinkaton\n|-supereffective|p1a: Tinkaton\n|-damage|p1a: Tinkaton|0 fnt\n|faint|p1a: Tinkaton\n|\n|win|Mogomomo\n|c|\u2606Mogomomo|gg\n|l| winteredsoul\n|l| Bananacrazy111\n|l|\u2606FrootLoops007\n","uploadtime":1684089199,"views":4,"p1id":"frootloops007","p2id":"mogomomo","formatid":"gen9vgc2023regulationc","rating":0,"private":0,"password":""}