{"id":"gen9vgc2023regulationc-1850487957","p1":"Adsheesh","p2":"Jasmeat2983","format":"[Gen 9] VGC 2023 Regulation C","log":"|j|\u2606Adsheesh\n|j|\u2606Jasmeat2983\n|t:|1682342226\n|gametype|doubles\n|player|p1|Adsheesh|ingo|1242\n|player|p2|Jasmeat2983|blue|1253\n|teamsize|p1|6\n|teamsize|p2|6\n|gen|9\n|tier|[Gen 9] VGC 2023 Regulation C\n|rated|\n|rule|Species Clause: Limit one of each Pok\u00e9mon\n|rule|Item Clause: Limit one of each item\n|clearpoke\n|poke|p1|Annihilape, L50, F|\n|poke|p1|Maushold-Four, L50|\n|poke|p1|Kingambit, L50, M|\n|poke|p1|Chien-Pao, L50|\n|poke|p1|Dragonite, L50, M|\n|poke|p1|Gholdengo, L50|\n|poke|p2|Tyranitar, L50, M|\n|poke|p2|Lycanroc, L50, M|\n|poke|p2|Indeedee-F, L50, F|\n|poke|p2|Iron Bundle, L50|\n|poke|p2|Dondozo, L50, F|\n|poke|p2|Tatsugiri, L50, F|\n|teampreview|4\n|inactive|Battle timer is ON: inactive players will automatically lose when time's up. (requested by Jasmeat2983)\nAdsheesh rejected open team sheets.\n|inactive|Jasmeat2983 has 60 seconds left.\n|inactive|Jasmeat2983 has 30 seconds left.\n|inactive|Jasmeat2983 has 20 seconds left.\n|inactive|Jasmeat2983 has 15 seconds left.\n|inactive|Jasmeat2983 has 10 seconds left.\n|inactive|Jasmeat2983 has 5 seconds left.\n|\n|t:|1682342315\n|start\n|switch|p1a: Annihilape|Annihilape, L50, F|100\/100\n|switch|p1b: Maushold|Maushold-Four, L50|100\/100\n|switch|p2a: Tyranitar|Tyranitar, L50, M|100\/100\n|switch|p2b: Dondozo|Dondozo, L50, F|100\/100\n|-weather|Sandstorm|[from] ability: Sand Stream|[of] p2a: Tyranitar\n|turn|1\n|\n|t:|1682342331\n|-terastallize|p2a: Tyranitar|Flying\n|move|p2a: Tyranitar|Tera Blast|p1a: Annihilape\n|-supereffective|p1a: Annihilape\n|-damage|p1a: Annihilape|31\/100\n|-enditem|p1a: Annihilape|Sitrus Berry|[eat]\n|-heal|p1a: Annihilape|56\/100|[from] item: Sitrus Berry\n|move|p1b: Maushold|Beat Up|p1a: Annihilape\n|-damage|p1a: Annihilape|54\/100\n|-damage|p1a: Annihilape|52\/100\n|-damage|p1a: Annihilape|50\/100\n|-damage|p1a: Annihilape|49\/100\n|-hitcount|p1a: Annihilape|4\n|move|p1a: Annihilape|Rage Fist|p2b: Dondozo\n|-damage|p2b: Dondozo|19\/100\n|move|p2b: Dondozo|Earthquake|p1a: Annihilape|[spread] p1a,p1b\n|-immune|p2a: Tyranitar\n|-damage|p1a: Annihilape|37\/100\n|-damage|p1b: Maushold|78\/100\n|\n|-weather|Sandstorm|[upkeep]\n|-damage|p2a: Tyranitar|95\/100|[from] Sandstorm\n|-damage|p1a: Annihilape|31\/100|[from] Sandstorm\n|-damage|p2b: Dondozo|13\/100|[from] Sandstorm\n|-heal|p2b: Dondozo|19\/100|[from] item: Leftovers\n|upkeep\n|turn|2\n|inactive|Jasmeat2983 has 30 seconds left.\n|\n|t:|1682342360\n|move|p1b: Maushold|Follow Me|p1b: Maushold\n|-singleturn|p1b: Maushold|move: Follow Me\n|move|p2a: Tyranitar|Tera Blast|p1b: Maushold\n|-damage|p1b: Maushold|20\/100\n|move|p1a: Annihilape|Rage Fist|p2a: Tyranitar\n|-damage|p2a: Tyranitar|0 fnt\n|faint|p2a: Tyranitar\n|move|p2b: Dondozo|Earthquake|p1a: Annihilape|[spread] p1a,p1b\n|-damage|p1a: Annihilape|19\/100\n|-damage|p1b: Maushold|0 fnt\n|faint|p1b: Maushold\n|\n|-weather|Sandstorm|[upkeep]\n|-damage|p1a: Annihilape|13\/100|[from] Sandstorm\n|-damage|p2b: Dondozo|13\/100|[from] Sandstorm\n|-heal|p2b: Dondozo|19\/100|[from] item: Leftovers\n|upkeep\n|\n|t:|1682342380\n|switch|p1b: Chien-Pao|Chien-Pao, L50|100\/100\n|switch|p2a: Lycanroc|Lycanroc, L50, M|100\/100\n|-ability|p1b: Chien-Pao|Sword of Ruin\n|turn|3\n|inactive|Jasmeat2983 has 30 seconds left.\n|\n|t:|1682342407\n|switch|p2b: Indeedee|Indeedee-F, L50, F|100\/100\n|-fieldstart|move: Psychic Terrain|[from] ability: Psychic Surge|[of] p2b: Indeedee\n|move|p1a: Annihilape|Protect|p1a: Annihilape\n|-singleturn|p1a: Annihilape|Protect\n|move|p2a: Lycanroc|Rock Slide|p1a: Annihilape|[spread] p1b\n|-activate|p1a: Annihilape|move: Protect\n|-supereffective|p1b: Chien-Pao\n|-damage|p1b: Chien-Pao|23\/100\n|move|p1b: Chien-Pao|Sacred Sword|p2b: Indeedee\n|-damage|p2b: Indeedee|66\/100\n|\n|-weather|Sandstorm|[upkeep]\n|-damage|p1b: Chien-Pao|17\/100|[from] Sandstorm\n|-damage|p1a: Annihilape|6\/100|[from] Sandstorm\n|upkeep\n|turn|4\n|inactive|Jasmeat2983 has 30 seconds left.\n|\n|t:|1682342435\n|move|p2a: Lycanroc|Rock Slide|p1a: Annihilape|[spread] p1a,p1b\n|-resisted|p1a: Annihilape\n|-supereffective|p1b: Chien-Pao\n|-damage|p1a: Annihilape|0 fnt\n|-damage|p1b: Chien-Pao|0 fnt\n|faint|p1a: Annihilape\n|faint|p1b: Chien-Pao\n|move|p2b: Indeedee|Reflect|p2b: Indeedee\n|-sidestart|p2: Jasmeat2983|Reflect\n|\n|-weather|Sandstorm|[upkeep]\n|upkeep\n|\n|t:|1682342444\n|switch|p1b: Gholdengo|Gholdengo, L50|100\/100\n|turn|5\n|inactive|Jasmeat2983 has 30 seconds left.\n|\n|t:|1682342471\n|move|p2b: Indeedee|Helping Hand|p2a: Lycanroc\n|-singleturn|p2a: Lycanroc|Helping Hand|[of] p2b: Indeedee\n|move|p2a: Lycanroc|Bulldoze|p1b: Gholdengo|[spread] p2b,p1b\n|-supereffective|p1b: Gholdengo\n|-damage|p2b: Indeedee|51\/100\n|-damage|p1b: Gholdengo|56\/100\n|-unboost|p2b: Indeedee|spe|1\n|-unboost|p1b: Gholdengo|spe|1\n|move|p1b: Gholdengo|Nasty Plot|p1b: Gholdengo\n|-boost|p1b: Gholdengo|spa|2\n|\n|-weather|none\n|-heal|p1b: Gholdengo|62\/100|[from] item: Leftovers\n|upkeep\n|turn|6\n|\n|t:|1682342489\n|move|p2b: Indeedee|Helping Hand|p2a: Lycanroc\n|-singleturn|p2a: Lycanroc|Helping Hand|[of] p2b: Indeedee\n|move|p2a: Lycanroc|Bulldoze|p1b: Gholdengo|[spread] p2b,p1b\n|-supereffective|p1b: Gholdengo\n|-damage|p2b: Indeedee|37\/100\n|-damage|p1b: Gholdengo|21\/100\n|-unboost|p2b: Indeedee|spe|1\n|-unboost|p1b: Gholdengo|spe|1\n|move|p1b: Gholdengo|Make It Rain|p2a: Lycanroc|[spread] p2a,p2b\n|-supereffective|p2a: Lycanroc\n|-enditem|p2a: Lycanroc|Focus Sash\n|-damage|p2a: Lycanroc|1\/100\n|-damage|p2b: Indeedee|0 fnt\n|-unboost|p1b: Gholdengo|spa|1\n|faint|p2b: Indeedee\n|\n|-heal|p1b: Gholdengo|27\/100|[from] item: Leftovers\n|upkeep\n|\n|t:|1682342505\n|switch|p2b: Dondozo|Dondozo, L50, F|19\/100\n|turn|7\n|\n|t:|1682342523\n|move|p1b: Gholdengo|Protect|p1b: Gholdengo\n|-singleturn|p1b: Gholdengo|Protect\n|move|p2b: Dondozo|Protect|p2b: Dondozo\n|-singleturn|p2b: Dondozo|Protect\n|move|p2a: Lycanroc|Bulldoze|p1b: Gholdengo|[spread] \n|-activate|p2b: Dondozo|move: Protect\n|-activate|p1b: Gholdengo|move: Protect\n|\n|-heal|p1b: Gholdengo|33\/100|[from] item: Leftovers\n|-heal|p2b: Dondozo|25\/100|[from] item: Leftovers\n|-fieldend|move: Psychic Terrain\n|upkeep\n|turn|8\n|inactive|Jasmeat2983 has 30 seconds left.\n|c|\u2606Adsheesh|ggs\n|inactive|Jasmeat2983 has 20 seconds left.\n|inactive|Jasmeat2983 has 15 seconds left.\n|\n|t:|1682342566\n|move|p2b: Dondozo|Protect||[still]\n|-fail|p2b: Dondozo\n|move|p2a: Lycanroc|Bulldoze|p1b: Gholdengo|[spread] p2b,p1b\n|-supereffective|p1b: Gholdengo\n|-damage|p2b: Dondozo|20\/100\n|-damage|p1b: Gholdengo|2\/100\n|-unboost|p2b: Dondozo|spe|1\n|-unboost|p1b: Gholdengo|spe|1\n|move|p1b: Gholdengo|Make It Rain|p2a: Lycanroc|[spread] p2a,p2b\n|-supereffective|p2a: Lycanroc\n|-resisted|p2b: Dondozo\n|-damage|p2a: Lycanroc|0 fnt\n|-damage|p2b: Dondozo|4\/100\n|-unboost|p1b: Gholdengo|spa|1\n|faint|p2a: Lycanroc\n|\n|-heal|p1b: Gholdengo|8\/100|[from] item: Leftovers\n|-heal|p2b: Dondozo|11\/100|[from] item: Leftovers\n|-sideend|p2: Jasmeat2983|Reflect\n|upkeep\n|turn|9\n|\n|t:|1682342587\n|move|p1b: Gholdengo|Shadow Ball|p2b: Dondozo\n|-damage|p2b: Dondozo|0 fnt\n|faint|p2b: Dondozo\n|\n|win|Adsheesh\n|raw|Adsheesh's rating: 1242 → 1268<\/strong> (+26 for winning)\n|raw|Jasmeat2983's rating: 1253 → 1227<\/strong> (-26 for losing)\n","uploadtime":1682342593,"views":23,"p1id":"adsheesh","p2id":"jasmeat2983","formatid":"gen9vgc2023regulationc","rating":1227,"private":0,"password":""}