{"id":"gen9vgc2023regulationc-1860585661","p1":"zippLapZapper","p2":"mauvellous","format":"[Gen 9] VGC 2023 Regulation C","log":"|j|\u2606zippLapZapper\n|j|\u2606mauvellous\n|t:|1683656694\n|gametype|doubles\n|player|p1|zippLapZapper|hilbert-wonderlauncher|\n|player|p2|mauvellous|lady|\n|teamsize|p1|6\n|teamsize|p2|6\n|gen|9\n|tier|[Gen 9] VGC 2023 Regulation C\n|rule|Species Clause: Limit one of each Pok\u00e9mon\n|rule|Item Clause: Limit one of each item\n|clearpoke\n|poke|p1|Garchomp, L50, F|\n|poke|p1|Talonflame, L50, M|\n|poke|p1|Flutter Mane, L50|\n|poke|p1|Iron Bundle, L50|\n|poke|p1|Chien-Pao, L50|\n|poke|p1|Tyranitar, L50, M|\n|poke|p2|Scream Tail, L50|\n|poke|p2|Scizor, L50, M|\n|poke|p2|Palafin, L50, M|\n|poke|p2|Chi-Yu, L50|\n|poke|p2|Flutter Mane, L50|\n|poke|p2|Glimmora, L50, F|\n|teampreview|4\n|inactive|Battle timer is ON: inactive players will automatically lose when time's up. (requested by mauvellous)\nmauvellous has agreed to open team sheets.\nzippLapZapper has agreed to open team sheets.\n|inactive|zippLapZapper has 60 seconds left.\n|inactive|mauvellous has 60 seconds left.\n|\n|t:|1683656754\n|start\n|switch|p1a: Talonflame|Talonflame, L50, M|100\/100\n|switch|p1b: Garchomp|Garchomp, L50, F|100\/100\n|switch|p2a: Scream Tail|Scream Tail, L50, shiny|100\/100\n|switch|p2b: Scizor|Scizor, L50, M, shiny|100\/100\n|-enditem|p2a: Scream Tail|Booster Energy\n|-activate|p2a: Scream Tail|ability: Protosynthesis|[fromitem]\n|-start|p2a: Scream Tail|protosynthesisspe\n|turn|1\n|inactive|zippLapZapper has 30 seconds left.\n|\n|t:|1683656786\n|-terastallize|p1b: Garchomp|Steel\n|move|p2b: Scizor|Protect|p2b: Scizor\n|-singleturn|p2b: Scizor|Protect\n|move|p2a: Scream Tail|Thunder Wave|p1a: Talonflame\n|-status|p1a: Talonflame|par\n|move|p1b: Garchomp|Earthquake|p2a: Scream Tail|[spread] p2a\n|-activate|p2b: Scizor|move: Protect\n|-immune|p1a: Talonflame\n|-damage|p2a: Scream Tail|73\/100\n|move|p1a: Talonflame|Taunt|p2b: Scizor\n|-activate|p2b: Scizor|move: Protect\n|\n|upkeep\n|turn|2\n|\n|t:|1683656803\n|move|p2a: Scream Tail|Thunder Wave|p1b: Garchomp\n|-status|p1b: Garchomp|par\n|move|p1a: Talonflame|Taunt|p2b: Scizor\n|-start|p2b: Scizor|move: Taunt\n|cant|p2b: Scizor|move: Taunt|Swords Dance\n|cant|p1b: Garchomp|par\n|\n|upkeep\n|turn|3\n|\n|t:|1683656825\n|cant|p1a: Talonflame|par\n|move|p2a: Scream Tail|Howl|p2a: Scream Tail|[spread] p2a,p2b\n|-boost|p2a: Scream Tail|atk|1\n|-boost|p2b: Scizor|atk|1\n|move|p2b: Scizor|Pounce|p1a: Talonflame\n|-resisted|p1a: Talonflame\n|-damage|p1a: Talonflame|80\/100 par\n|-unboost|p1a: Talonflame|spe|1\n|move|p1b: Garchomp|Earthquake|p2b: Scizor|[spread] p2a,p2b\n|-immune|p1a: Talonflame\n|-damage|p2a: Scream Tail|46\/100\n|-damage|p2b: Scizor|64\/100\n|\n|upkeep\n|turn|4\n|\n|t:|1683656845\n|move|p2a: Scream Tail|Howl|p2a: Scream Tail|[spread] p2a,p2b\n|-boost|p2a: Scream Tail|atk|1\n|-boost|p2b: Scizor|atk|1\n|move|p2b: Scizor|Pounce|p1a: Talonflame\n|-resisted|p1a: Talonflame\n|-damage|p1a: Talonflame|51\/100 par\n|-unboost|p1a: Talonflame|spe|1\n|cant|p1b: Garchomp|par\n|move|p1a: Talonflame|Tailwind|p1a: Talonflame\n|-sidestart|p1: zippLapZapper|move: Tailwind\n|\n|-end|p2b: Scizor|move: Taunt\n|upkeep\n|turn|5\n|\n|t:|1683656863\n|move|p2b: Scizor|Protect|p2b: Scizor\n|-singleturn|p2b: Scizor|Protect\n|move|p2a: Scream Tail|Howl|p2a: Scream Tail|[spread] p2a,p2b\n|-boost|p2a: Scream Tail|atk|1\n|-boost|p2b: Scizor|atk|1\n|move|p1b: Garchomp|Earthquake|p2a: Scream Tail|[spread] p2a\n|-activate|p2b: Scizor|move: Protect\n|-immune|p1a: Talonflame\n|-damage|p2a: Scream Tail|20\/100\n|cant|p1a: Talonflame|par\n|\n|upkeep\n|turn|6\n|\n|t:|1683656887\n|move|p2a: Scream Tail|Sunny Day|p2a: Scream Tail\n|-weather|SunnyDay\n|cant|p1b: Garchomp|par\n|move|p1a: Talonflame|Will-O-Wisp|p2b: Scizor\n|-status|p2b: Scizor|brn\n|move|p2b: Scizor|Pounce|p1a: Talonflame\n|-resisted|p1a: Talonflame\n|-damage|p1a: Talonflame|33\/100 par\n|-unboost|p1a: Talonflame|spe|1\n|\n|-weather|SunnyDay|[upkeep]\n|-damage|p2b: Scizor|58\/100 brn|[from] brn\n|upkeep\n|turn|7\n|\n|t:|1683656906\n|move|p2b: Scizor|Bullet Punch|p1b: Garchomp\n|-resisted|p1b: Garchomp\n|-damage|p1b: Garchomp|80\/100 par\n|-damage|p2b: Scizor|46\/100 brn|[from] ability: Rough Skin|[of] p1b: Garchomp\n|move|p2a: Scream Tail|Howl|p2a: Scream Tail|[spread] p2a,p2b\n|-boost|p2a: Scream Tail|atk|1\n|-boost|p2b: Scizor|atk|1\n|move|p1b: Garchomp|Earthquake|p2b: Scizor|[spread] p2a,p2b\n|-immune|p1a: Talonflame\n|-damage|p2a: Scream Tail|0 fnt\n|-damage|p2b: Scizor|7\/100 brn\n|faint|p2a: Scream Tail\n|-end|p2a: Scream Tail|Protosynthesis|[silent]\n|cant|p1a: Talonflame|par\n|\n|-weather|SunnyDay|[upkeep]\n|-damage|p2b: Scizor|1\/100 brn|[from] brn\n|-sideend|p1: zippLapZapper|move: Tailwind\n|upkeep\n|\n|t:|1683656922\n|switch|p2a: Chi-Yu|Chi-Yu, L50|100\/100\n|-ability|p2a: Chi-Yu|Beads of Ruin\n|-item|p2a: Chi-Yu|Air Balloon\n|turn|8\n|c|\u2606zippLapZapper|these paras are brutal haha\n|\n|t:|1683656933\n|cant|p1b: Garchomp|par\n|move|p2b: Scizor|Bullet Punch|p1a: Talonflame\n|-resisted|p1a: Talonflame\n|-damage|p1a: Talonflame|0 fnt\n|faint|p1a: Talonflame\n|move|p2a: Chi-Yu|Heat Wave|p1b: Garchomp\n|-supereffective|p1b: Garchomp\n|-damage|p1b: Garchomp|0 fnt\n|faint|p1b: Garchomp\n|\n|-weather|SunnyDay|[upkeep]\n|-damage|p2b: Scizor|0 fnt|[from] brn\n|faint|p2b: Scizor\n|upkeep\n|\n|t:|1683656943\n|switch|p1a: Tyranitar|Tyranitar, L50, M|100\/100\n|switch|p1b: Iron Bundle|Iron Bundle, L50|100\/100\n|switch|p2b: Flutter Mane|Flutter Mane, L50, shiny|100\/100\n|-activate|p2b: Flutter Mane|ability: Protosynthesis\n|-start|p2b: Flutter Mane|protosynthesisspe\n|-weather|Sandstorm|[from] ability: Sand Stream|[of] p1a: Tyranitar\n|-end|p2b: Flutter Mane|Protosynthesis\n|-enditem|p1b: Iron Bundle|Booster Energy\n|-activate|p1b: Iron Bundle|ability: Quark Drive|[fromitem]\n|-start|p1b: Iron Bundle|quarkdrivespe\n|turn|9\n|inactive|mauvellous has 30 seconds left.\n|inactive|mauvellous has 20 seconds left.\n|inactive|mauvellous has 15 seconds left.\n|\n|t:|1683656985\n|-terastallize|p2b: Flutter Mane|Water\n|move|p2a: Chi-Yu|Protect|p2a: Chi-Yu\n|-singleturn|p2a: Chi-Yu|Protect\n|move|p1b: Iron Bundle|Icy Wind|p2b: Flutter Mane|[spread] p2b\n|-activate|p2a: Chi-Yu|move: Protect\n|-resisted|p2b: Flutter Mane\n|-damage|p2b: Flutter Mane|89\/100\n|-unboost|p2b: Flutter Mane|spe|1\n|move|p2b: Flutter Mane|Dazzling Gleam|p1a: Tyranitar|[spread] p1a,p1b\n|-supereffective|p1a: Tyranitar\n|-damage|p1a: Tyranitar|55\/100\n|-damage|p1b: Iron Bundle|0 fnt\n|faint|p1b: Iron Bundle\n|-end|p1b: Iron Bundle|Quark Drive|[silent]\n|move|p1a: Tyranitar|Assurance|p2b: Flutter Mane\n|-damage|p2b: Flutter Mane|0 fnt\n|faint|p2b: Flutter Mane\n|-end|p2b: Flutter Mane|Protosynthesis|[silent]\n|\n|-weather|Sandstorm|[upkeep]\n|-damage|p2a: Chi-Yu|94\/100|[from] Sandstorm\n|upkeep\n|turn|10\n|\n|t:|1683657004\n|move|p2a: Chi-Yu|Dark Pulse|p1a: Tyranitar\n|-resisted|p1a: Tyranitar\n|-damage|p1a: Tyranitar|42\/100\n|move|p1a: Tyranitar|Rock Slide|p2a: Chi-Yu\n|-supereffective|p2a: Chi-Yu\n|-crit|p2a: Chi-Yu\n|-damage|p2a: Chi-Yu|0 fnt\n|-enditem|p2a: Chi-Yu|Air Balloon\n|faint|p2a: Chi-Yu\n|\n|win|zippLapZapper\n|c|\u2606zippLapZapper|gg\n|c|\u2606mauvellous|gg\n|l|\u2606mauvellous\n","uploadtime":1683657015,"views":18,"p1id":"zipplapzapper","p2id":"mauvellous","formatid":"gen9vgc2023regulationc","rating":0,"private":0,"password":""}