{"id":"gen9vgc2023regulationc-1845038078","p1":"Diesnir","p2":"RushXCalibur","format":"[Gen 9] VGC 2023 Regulation C","log":"|j|\u2606Diesnir\n|j|\u2606RushXCalibur\n|t:|1681676649\n|gametype|doubles\n|player|p1|Diesnir|265|1108\n|player|p2|RushXCalibur|drayden|1083\n|teamsize|p1|6\n|teamsize|p2|6\n|gen|9\n|tier|[Gen 9] VGC 2023 Regulation C\n|rated|\n|rule|Species Clause: Limit one of each Pok\u00e9mon\n|rule|Item Clause: Limit one of each item\n|clearpoke\n|poke|p1|Palafin, L50, F|\n|poke|p1|Flutter Mane, L50|\n|poke|p1|Arcanine, L50, M|\n|poke|p1|Amoonguss, L50, F|\n|poke|p1|Ting-Lu, L50|\n|poke|p1|Roaring Moon, L50|\n|poke|p2|Palafin, L50, F|\n|poke|p2|Scizor, L50, F|\n|poke|p2|Pelipper, L50, F|\n|poke|p2|Iron Jugulis, L50|\n|poke|p2|Kingambit, L50, F|\n|poke|p2|Brute Bonnet, L50|\n|teampreview|4\n|inactive|Battle timer is ON: inactive players will automatically lose when time's up. (requested by Diesnir)\n|inactive|Diesnir has 60 seconds left.\n|\n|t:|1681676684\n|start\n|switch|p1a: Palafin|Palafin, L50, F|100\/100\n|switch|p1b: Flutter Mane|Flutter Mane, L50|100\/100\n|switch|p2a: Kingambit|Kingambit, L50, F|100\/100\n|switch|p2b: Iron Jugulis|Iron Jugulis, L50|100\/100\n|-enditem|p2b: Iron Jugulis|Booster Energy\n|-activate|p2b: Iron Jugulis|ability: Quark Drive|[fromitem]\n|-start|p2b: Iron Jugulis|quarkdrivespe\n|turn|1\n|inactive|Diesnir has 30 seconds left.\n|\n|t:|1681676714\n|move|p1a: Palafin|Protect|p1a: Palafin\n|-singleturn|p1a: Palafin|Protect\n|move|p2b: Iron Jugulis|Tailwind|p2b: Iron Jugulis\n|-sidestart|p2: RushXCalibur|move: Tailwind\n|move|p1b: Flutter Mane|Moonblast|p2b: Iron Jugulis\n|-supereffective|p2b: Iron Jugulis\n|-damage|p2b: Iron Jugulis|0 fnt\n|faint|p2b: Iron Jugulis\n|-end|p2b: Iron Jugulis|Quark Drive|[silent]\n|move|p2a: Kingambit|Iron Head|p1b: Flutter Mane\n|-supereffective|p1b: Flutter Mane\n|-damage|p1b: Flutter Mane|0 fnt\n|faint|p1b: Flutter Mane\n|-end|p1b: Flutter Mane|Protosynthesis|[silent]\n|\n|upkeep\n|\n|t:|1681676729\n|switch|p1b: Roaring Moon|Roaring Moon, L50|100\/100\n|switch|p2b: Brute Bonnet|Brute Bonnet, L50|100\/100\n|-enditem|p1b: Roaring Moon|Booster Energy\n|-activate|p1b: Roaring Moon|ability: Protosynthesis|[fromitem]\n|-start|p1b: Roaring Moon|protosynthesisatk\n|turn|2\n|\n|t:|1681676747\n|detailschange|p1a: Palafin|Palafin-Hero, L50, F\n|switch|p1a: Arcanine|Arcanine, L50, M|100\/100\n|-ability|p1a: Arcanine|Intimidate|boost\n|-unboost|p2a: Kingambit|atk|1\n|-ability|p2a: Kingambit|Defiant|boost\n|-boost|p2a: Kingambit|atk|2\n|-unboost|p2b: Brute Bonnet|atk|1\n|move|p1b: Roaring Moon|Protect|p1b: Roaring Moon\n|-singleturn|p1b: Roaring Moon|Protect\n|move|p2b: Brute Bonnet|Sucker Punch||[still]\n|-fail|p2b: Brute Bonnet\n|move|p2a: Kingambit|Assurance|p1b: Roaring Moon\n|-activate|p1b: Roaring Moon|move: Protect\n|\n|upkeep\n|turn|3\n|inactive|Diesnir has 30 seconds left.\n|\n|t:|1681676773\n|-terastallize|p1b: Roaring Moon|Flying\n|-terastallize|p2a: Kingambit|Flying\n|move|p2b: Brute Bonnet|Rage Powder|p2b: Brute Bonnet\n|-singleturn|p2b: Brute Bonnet|move: Rage Powder\n|move|p1b: Roaring Moon|Acrobatics|p2b: Brute Bonnet\n|-supereffective|p2b: Brute Bonnet\n|-damage|p2b: Brute Bonnet|0 fnt\n|faint|p2b: Brute Bonnet\n|-end|p2b: Brute Bonnet|Protosynthesis|[silent]\n|move|p2a: Kingambit|Tera Blast|p1b: Roaring Moon\n|-damage|p1b: Roaring Moon|17\/100\n|move|p1a: Arcanine|Flare Blitz|p2a: Kingambit\n|-damage|p2a: Kingambit|69\/100\n|-damage|p1a: Arcanine|90\/100|[from] Recoil\n|\n|upkeep\n|\n|t:|1681676780\n|switch|p2b: Scizor|Scizor, L50, F|100\/100\n|turn|4\n|inactive|RushXCalibur has 30 seconds left.\n|\n|t:|1681676807\n|move|p1b: Roaring Moon|Protect|p1b: Roaring Moon\n|-singleturn|p1b: Roaring Moon|Protect\n|move|p1a: Arcanine|Protect|p1a: Arcanine\n|-singleturn|p1a: Arcanine|Protect\n|move|p2b: Scizor|Feint|p1a: Arcanine\n|-activate|p1a: Arcanine|move: Feint\n|-damage|p1a: Arcanine|65\/100\n|-damage|p2b: Scizor|91\/100|[from] item: Life Orb\n|move|p2a: Kingambit|Tera Blast|p1a: Arcanine\n|-damage|p1a: Arcanine|0 fnt\n|faint|p1a: Arcanine\n|\n|-sideend|p2: RushXCalibur|move: Tailwind\n|upkeep\n|\n|t:|1681676822\n|switch|p1a: Palafin|Palafin-Hero, L50, F|100\/100\n|-activate|p1a: Palafin|ability: Zero to Hero\n|turn|5\n|\n|t:|1681676836\n|move|p2b: Scizor|Bullet Punch|p1b: Roaring Moon\n|-damage|p1b: Roaring Moon|0 fnt\n|faint|p1b: Roaring Moon\n|-end|p1b: Roaring Moon|Protosynthesis|[silent]\n|-damage|p2b: Scizor|81\/100|[from] item: Life Orb\n|move|p1a: Palafin|Wave Crash|p2b: Scizor\n|-damage|p2b: Scizor|0 fnt\n|faint|p2b: Scizor\n|-damage|p1a: Palafin|74\/100|[from] Recoil\n|move|p2a: Kingambit|Tera Blast|p1a: Palafin\n|-damage|p1a: Palafin|0 fnt\n|faint|p1a: Palafin\n|\n|win|RushXCalibur\n|raw|Diesnir's rating: 1108 → 1081<\/strong> (-27 for losing)\n|raw|RushXCalibur's rating: 1083 → 1113<\/strong> (+30 for winning)\n|l|\u2606Diesnir\n","uploadtime":1681676859,"views":12,"p1id":"diesnir","p2id":"rushxcalibur","formatid":"gen9vgc2023regulationc","rating":1081,"private":0,"password":""}