{"id":"gen9vgc2023regulationc-1851951533","p1":"Drew timme","p2":"Ayabe0119","format":"[Gen 9] VGC 2023 Regulation C","log":"|j|\u2606Drew timme\n|j|\u2606Ayabe0119\n|t:|1682510231\n|gametype|doubles\n|player|p1|Drew timme|2|1468\n|player|p2|Ayabe0119|170|1631\n|teamsize|p1|6\n|teamsize|p2|6\n|gen|9\n|tier|[Gen 9] VGC 2023 Regulation C\n|rated|\n|rule|Species Clause: Limit one of each Pok\u00e9mon\n|rule|Item Clause: Limit one of each item\n|clearpoke\n|poke|p1|Flutter Mane, L50|\n|poke|p1|Iron Bundle, L50|\n|poke|p1|Amoonguss, L50, F|\n|poke|p1|Chi-Yu, L50|\n|poke|p1|Talonflame, L50, F|\n|poke|p1|Great Tusk, L50|\n|poke|p2|Glimmora, L50, M|\n|poke|p2|Dragonite, L50, M|\n|poke|p2|Dondozo, L50, M|\n|poke|p2|Tatsugiri, L50, F|\n|poke|p2|Chi-Yu, L50|\n|poke|p2|Iron Bundle, L50|\n|teampreview|4\nAyabe0119 has agreed to open team sheets.\n|inactive|Battle timer is ON: inactive players will automatically lose when time's up. (requested by Drew timme)\n|\n|t:|1682510270\n|start\n|switch|p1a: Iron Bundle|Iron Bundle, L50|100\/100\n|switch|p1b: Flutter Mane|Flutter Mane, L50|100\/100\n|switch|p2a: Iron Bundle|Iron Bundle, L50, shiny|100\/100\n|switch|p2b: Dondozo|Dondozo, L50, M|100\/100\n|-enditem|p2a: Iron Bundle|Booster Energy\n|-activate|p2a: Iron Bundle|ability: Quark Drive|[fromitem]\n|-start|p2a: Iron Bundle|quarkdrivespe\n|-enditem|p1a: Iron Bundle|Booster Energy\n|-activate|p1a: Iron Bundle|ability: Quark Drive|[fromitem]\n|-start|p1a: Iron Bundle|quarkdrivespe\n|turn|1\n|inactive|Ayabe0119 has 30 seconds left.\n|inactive|Ayabe0119 has 20 seconds left.\n|inactive|Ayabe0119 has 15 seconds left.\n|\n|t:|1682510311\n|move|p1a: Iron Bundle|Protect|p1a: Iron Bundle\n|-singleturn|p1a: Iron Bundle|Protect\n|move|p2a: Iron Bundle|Freeze-Dry|p1b: Flutter Mane\n|-damage|p1b: Flutter Mane|70\/100\n|-status|p1b: Flutter Mane|frz\n|cant|p1b: Flutter Mane|frz\n|move|p2b: Dondozo|Wave Crash|p1b: Flutter Mane\n|-damage|p1b: Flutter Mane|0 fnt\n|faint|p1b: Flutter Mane\n|-end|p1b: Flutter Mane|Protosynthesis|[silent]\n|-damage|p2b: Dondozo|85\/100|[from] Recoil\n|\n|-heal|p2b: Dondozo|91\/100|[from] item: Leftovers\n|upkeep\n|\n|t:|1682510328\n|switch|p1b: Chi-Yu|Chi-Yu, L50|100\/100\n|-ability|p1b: Chi-Yu|Beads of Ruin\n|turn|2\n|inactive|Ayabe0119 has 30 seconds left.\n|inactive|Ayabe0119 has 20 seconds left.\n|inactive|Ayabe0119 has 15 seconds left.\n|\n|t:|1682510370\n|-terastallize|p1b: Chi-Yu|Grass\n|move|p2b: Dondozo|Protect|p2b: Dondozo\n|-singleturn|p2b: Dondozo|Protect\n|move|p2a: Iron Bundle|Hydro Pump|p1b: Chi-Yu\n|-resisted|p1b: Chi-Yu\n|-damage|p1b: Chi-Yu|83\/100\n|move|p1a: Iron Bundle|Freeze-Dry|p2b: Dondozo\n|-activate|p2b: Dondozo|move: Protect\n|move|p1b: Chi-Yu|Tera Blast|p2a: Iron Bundle\n|-supereffective|p2a: Iron Bundle\n|-damage|p2a: Iron Bundle|0 fnt\n|faint|p2a: Iron Bundle\n|-end|p2a: Iron Bundle|Quark Drive|[silent]\n|\n|-heal|p2b: Dondozo|97\/100|[from] item: Leftovers\n|upkeep\n|inactive|Ayabe0119 has 30 seconds left.\n|\n|t:|1682510399\n|switch|p2a: Tatsugiri|Tatsugiri, L50, F|100\/100\n|-activate|p2a: Tatsugiri|ability: Commander|[of] p2b: Dondozo\n|-boost|p2b: Dondozo|atk|2\n|-boost|p2b: Dondozo|spa|2\n|-boost|p2b: Dondozo|spe|2\n|-boost|p2b: Dondozo|def|2\n|-boost|p2b: Dondozo|spd|2\n|turn|3\n|\n|t:|1682510409\n|switch|p1b: Amoonguss|Amoonguss, L50, F|100\/100\n|move|p1a: Iron Bundle|Protect|p1a: Iron Bundle\n|-singleturn|p1a: Iron Bundle|Protect\n|move|p2b: Dondozo|Earthquake|p1b: Amoonguss|[spread] p1b\n|-miss|p2b: Dondozo|p2a: Tatsugiri\n|-activate|p1a: Iron Bundle|move: Protect\n|-damage|p1b: Amoonguss|65\/100\n|\n|-heal|p2b: Dondozo|100\/100|[from] item: Leftovers\n|upkeep\n|turn|4\n|\n|t:|1682510425\n|move|p1a: Iron Bundle|Freeze-Dry|p2b: Dondozo\n|-supereffective|p2b: Dondozo\n|-damage|p2b: Dondozo|73\/100\n|move|p2b: Dondozo|Earthquake|p1b: Amoonguss|[spread] p1a,p1b\n|-miss|p2b: Dondozo|p2a: Tatsugiri\n|-damage|p1a: Iron Bundle|52\/100\n|-damage|p1b: Amoonguss|32\/100\n|-enditem|p1b: Amoonguss|Sitrus Berry|[eat]\n|-heal|p1b: Amoonguss|57\/100|[from] item: Sitrus Berry\n|move|p1b: Amoonguss|Spore|p2b: Dondozo\n|-status|p2b: Dondozo|slp|[from] move: Spore\n|\n|-heal|p2b: Dondozo|79\/100 slp|[from] item: Leftovers\n|upkeep\n|turn|5\n|\n|t:|1682510442\n|switch|p1b: Chi-Yu|Chi-Yu, L50, tera:Grass|83\/100\n|-ability|p1b: Chi-Yu|Beads of Ruin\n|move|p1a: Iron Bundle|Freeze-Dry|p2b: Dondozo\n|-supereffective|p2b: Dondozo\n|-damage|p2b: Dondozo|41\/100 slp\n|cant|p2b: Dondozo|slp\n|\n|-heal|p2b: Dondozo|47\/100 slp|[from] item: Leftovers\n|upkeep\n|turn|6\n|\n|t:|1682510457\n|-end|p1a: Iron Bundle|Quark Drive|[silent]\n|switch|p1a: Amoonguss|Amoonguss, L50, F|90\/100\n|cant|p2b: Dondozo|slp\n|move|p1b: Chi-Yu|Tera Blast|p2b: Dondozo\n|-supereffective|p2b: Dondozo\n|-damage|p2b: Dondozo|2\/100 slp\n|\n|-heal|p2b: Dondozo|8\/100 slp|[from] item: Leftovers\n|upkeep\n|turn|7\n|\n|t:|1682510474\n|cant|p2b: Dondozo|slp\n|move|p1b: Chi-Yu|Snarl|p2a: Tatsugiri|[spread] p2b\n|-miss|p1b: Chi-Yu|p2a: Tatsugiri\n|-damage|p2b: Dondozo|0 fnt\n|faint|p2b: Dondozo\n|move|p1a: Amoonguss|Spore|p2a: Tatsugiri\n|-status|p2a: Tatsugiri|slp|[from] move: Spore\n|\n|upkeep\n|\n|t:|1682510476\n|switch|p2b: Chi-Yu|Chi-Yu, L50|100\/100\n|-ability|p2b: Chi-Yu|Beads of Ruin\n|turn|8\n|\n|t:|1682510493\n|move|p1a: Amoonguss|Protect|p1a: Amoonguss\n|-singleturn|p1a: Amoonguss|Protect\n|cant|p2a: Tatsugiri|slp\n|move|p2a: Tatsugiri|Sleep Talk|p2a: Tatsugiri\n|move|p2a: Tatsugiri|Draco Meteor|p1a: Amoonguss|[from]move: Sleep Talk\n|-activate|p1a: Amoonguss|move: Protect\n|move|p2b: Chi-Yu|Heat Wave|p1a: Amoonguss|[spread] p1b\n|-activate|p1a: Amoonguss|move: Protect\n|-supereffective|p1b: Chi-Yu\n|-damage|p1b: Chi-Yu|34\/100\n|move|p1b: Chi-Yu|Snarl|p2b: Chi-Yu|[spread] p2a,p2b\n|-resisted|p2b: Chi-Yu\n|-damage|p2a: Tatsugiri|67\/100 slp\n|-damage|p2b: Chi-Yu|90\/100\n|-unboost|p2a: Tatsugiri|spa|1\n|-unboost|p2b: Chi-Yu|spa|1\n|\n|upkeep\n|turn|9\n|\n|t:|1682510516\n|cant|p2a: Tatsugiri|slp\n|move|p2a: Tatsugiri|Sleep Talk|p2a: Tatsugiri\n|move|p2a: Tatsugiri|Icy Wind|p1a: Amoonguss|[from]move: Sleep Talk|[spread] p1a,p1b\n|-supereffective|p1a: Amoonguss\n|-supereffective|p1b: Chi-Yu\n|-damage|p1a: Amoonguss|69\/100\n|-damage|p1b: Chi-Yu|24\/100\n|-unboost|p1a: Amoonguss|spe|1\n|-unboost|p1b: Chi-Yu|spe|1\n|move|p2b: Chi-Yu|Heat Wave|p1b: Chi-Yu|[spread] p1a,p1b\n|-supereffective|p1a: Amoonguss\n|-supereffective|p1b: Chi-Yu\n|-damage|p1a: Amoonguss|20\/100\n|-damage|p1b: Chi-Yu|0 fnt\n|faint|p1b: Chi-Yu\n|move|p1a: Amoonguss|Spore|p2b: Chi-Yu\n|-status|p2b: Chi-Yu|slp|[from] move: Spore\n|\n|upkeep\n|\n|t:|1682510532\n|switch|p1b: Iron Bundle|Iron Bundle, L50|52\/100\n|turn|10\n|\n|t:|1682510543\n|-terastallize|p2b: Chi-Yu|Ghost\n|cant|p2b: Chi-Yu|slp\n|-curestatus|p2a: Tatsugiri|slp|[msg]\n|move|p2a: Tatsugiri|Sleep Talk||[still]\n|-fail|p2a: Tatsugiri\n|move|p1b: Iron Bundle|Freeze-Dry|p2a: Tatsugiri\n|-supereffective|p2a: Tatsugiri\n|-damage|p2a: Tatsugiri|0 fnt\n|faint|p2a: Tatsugiri\n|move|p1a: Amoonguss|Pollen Puff|p1b: Iron Bundle\n|-heal|p1b: Iron Bundle|100\/100\n|\n|upkeep\n|turn|11\n|\n|t:|1682510568\n|move|p1b: Iron Bundle|Freeze-Dry|p2b: Chi-Yu\n|-damage|p2b: Chi-Yu|52\/100 slp\n|cant|p2b: Chi-Yu|slp\n|move|p1a: Amoonguss|Pollen Puff|p2b: Chi-Yu\n|-resisted|p2b: Chi-Yu\n|-damage|p2b: Chi-Yu|42\/100 slp\n|\n|upkeep\n|turn|12\n|\n|t:|1682510583\n|move|p1b: Iron Bundle|Hydro Pump|p2b: Chi-Yu\n|-damage|p2b: Chi-Yu|0 fnt\n|faint|p2b: Chi-Yu\n|\n|win|Drew timme\n|raw|Drew timme's rating: 1468 → 1497<\/strong> (+29 for winning)\n|raw|Ayabe0119's rating: 1631 → 1602<\/strong> (-29 for losing)\n|l|\u2606Ayabe0119\n","uploadtime":1682510610,"views":7,"p1id":"drewtimme","p2id":"ayabe0119","formatid":"gen9vgc2023regulationc","rating":1497,"private":0,"password":""}