{"id":"gen9vgc2023regulationc-1854316120","p1":"Dackt","p2":"Accidental","format":"[Gen 9] VGC 2023 Regulation C","log":"|j|\u2606Dackt\n|j|\u2606Accidental\n|t:|1682796157\n|gametype|doubles\n|player|p1|Dackt|psychic|\n|player|p2|Accidental|ingo|\n|teamsize|p1|6\n|teamsize|p2|6\n|gen|9\n|tier|[Gen 9] VGC 2023 Regulation C\n|rule|Species Clause: Limit one of each Pok\u00e9mon\n|rule|Item Clause: Limit one of each item\n|clearpoke\n|poke|p1|Garchomp, L50, M|\n|poke|p1|Iron Hands, L50|\n|poke|p1|Staraptor, L50, M|\n|poke|p1|Indeedee-F, L50, F|\n|poke|p1|Armarouge, L50, M|\n|poke|p1|Azumarill, L50, M|\n|poke|p2|Palafin, L50, F|\n|poke|p2|Arcanine, L50, F|\n|poke|p2|Grimmsnarl, L50, M|\n|poke|p2|Foongus, L50, F|\n|poke|p2|Roaring Moon, L50|\n|poke|p2|Rotom-Mow, L50|\n|teampreview|4\n|inactive|Battle timer is ON: inactive players will automatically lose when time's up. (requested by Dackt)\n|c|\u2606Accidental|Glhf\n|c|\u2606Accidental|G1\n|c|\u2606Dackt|glhf\n|inactiveoff|Battle timer is now OFF.\n|c|\u2606Dackt|foongus o boi\nDackt rejected open team sheets.\n|\n|t:|1682796274\n|start\n|switch|p1a: Iron Hands|Iron Hands, L50|100\/100\n|switch|p1b: Indeedee|Indeedee-F, L50, F|100\/100\n|switch|p2a: I AM HERE|Palafin, L50, F|100\/100\n|switch|p2b: GOBLIN DEEZ|Grimmsnarl, L50, M|100\/100\n|-fieldstart|move: Psychic Terrain|[from] ability: Psychic Surge|[of] p1b: Indeedee\n|turn|1\n|j| Wiliat9\n|c| Wiliat9|not da uni showdown\n|c|\u2606Accidental|Get used to it\n|\n|t:|1682796307\n|detailschange|p2a: I AM HERE|Palafin-Hero, L50, F\n|switch|p2a: BORF|Arcanine, L50, F|100\/100\n|-ability|p2a: BORF|Intimidate|boost\n|-fail|p1a: Iron Hands|unboost|[from] item: Clear Amulet|[of] p1a: Iron Hands\n|-unboost|p1b: Indeedee|atk|1\n|move|p2b: GOBLIN DEEZ|Reflect|p2b: GOBLIN DEEZ\n|-sidestart|p2: Accidental|Reflect\n|move|p1b: Indeedee|Dazzling Gleam|p2b: GOBLIN DEEZ|[spread] p2a,p2b\n|-resisted|p2a: BORF\n|-supereffective|p2b: GOBLIN DEEZ\n|-damage|p2a: BORF|94\/100\n|-damage|p2b: GOBLIN DEEZ|80\/100\n|move|p1a: Iron Hands|Swords Dance|p1a: Iron Hands\n|-boost|p1a: Iron Hands|atk|2\n|\n|upkeep\n|turn|2\n|c|\u2606Accidental|The league is literally half uni\n|c| Wiliat9|excellent\n|c|\u2606Dackt|ye\n|j| sexy_Loki\n|\n|t:|1682796347\n|switch|p1b: Azumarill|Azumarill, L50, M|100\/100\n|-terastallize|p1a: Iron Hands|Fire\n|move|p2a: BORF|Will-O-Wisp|p1a: Iron Hands\n|-immune|p1a: Iron Hands\n|move|p2b: GOBLIN DEEZ|Spirit Break|p1a: Iron Hands\n|-resisted|p1a: Iron Hands\n|-damage|p1a: Iron Hands|89\/100\n|move|p1a: Iron Hands|Swords Dance|p1a: Iron Hands\n|-boost|p1a: Iron Hands|atk|2\n|\n|upkeep\n|turn|3\n|\n|t:|1682796384\n|move|p2a: BORF|Will-O-Wisp|p1b: Azumarill\n|-status|p1b: Azumarill|brn\n|move|p2b: GOBLIN DEEZ|Spirit Break|p1b: Azumarill\n|-damage|p1b: Azumarill|74\/100 brn\n|-unboost|p1b: Azumarill|spa|1\n|move|p1b: Azumarill|Encore|p2a: BORF\n|-start|p2a: BORF|Encore\n|move|p1a: Iron Hands|Substitute|p1a: Iron Hands\n|-start|p1a: Iron Hands|Substitute\n|-damage|p1a: Iron Hands|64\/100\n|\n|-damage|p1b: Azumarill|69\/100 brn|[from] brn\n|upkeep\n|turn|4\n|\n|t:|1682796414\n|switch|p2a: BLOODWING|Roaring Moon, L50|100\/100\n|-enditem|p2a: BLOODWING|Booster Energy\n|-activate|p2a: BLOODWING|ability: Protosynthesis|[fromitem]\n|-start|p2a: BLOODWING|protosynthesisspe\n|move|p1b: Azumarill|Protect|p1b: Azumarill\n|-singleturn|p1b: Azumarill|Protect\n|move|p2b: GOBLIN DEEZ|Assurance|p1a: Iron Hands\n|-activate|p1a: Iron Hands|move: Substitute|[damage]\n|move|p1a: Iron Hands|Drain Punch|p2b: GOBLIN DEEZ\n|-damage|p2b: GOBLIN DEEZ|0 fnt\n|-heal|p1a: Iron Hands|98\/100|[from] drain|[of] p2b: GOBLIN DEEZ\n|faint|p2b: GOBLIN DEEZ\n|\n|-damage|p1b: Azumarill|63\/100 brn|[from] brn\n|upkeep\n|c|\u2606Dackt|gn\n|\n|t:|1682796426\n|switch|p2b: I AM HERE|Palafin-Hero, L50, F|100\/100\n|-activate|p2b: I AM HERE|ability: Zero to Hero\n|turn|5\n|\n|t:|1682796446\n|move|p2a: BLOODWING|Throat Chop|p1a: Iron Hands\n|-end|p1a: Iron Hands|Substitute\n|move|p2b: I AM HERE|Wave Crash|p1a: Iron Hands\n|-supereffective|p1a: Iron Hands\n|-damage|p1a: Iron Hands|0 fnt\n|faint|p1a: Iron Hands\n|-end|p1a: Iron Hands|Quark Drive|[silent]\n|-damage|p2b: I AM HERE|57\/100|[from] Recoil\n|move|p1b: Azumarill|Encore|p2a: BLOODWING\n|-start|p2a: BLOODWING|Encore\n|\n|-damage|p1b: Azumarill|57\/100 brn|[from] brn\n|-sideend|p2: Accidental|Reflect\n|-fieldend|move: Psychic Terrain\n|upkeep\n|j| Grookey Supremacy\n|c|\u2606Dackt|o\n|\n|t:|1682796477\n|switch|p1a: Armarouge|Armarouge, L50, M|100\/100\n|turn|6\n|\n|t:|1682796498\n|switch|p1a: Indeedee|Indeedee-F, L50, F|100\/100\n|-fieldstart|move: Psychic Terrain|[from] ability: Psychic Surge|[of] p1a: Indeedee\n|move|p2a: BLOODWING|Throat Chop|p1a: Indeedee\n|-supereffective|p1a: Indeedee\n|-enditem|p1a: Indeedee|Colbur Berry|[eat]\n|-enditem|p1a: Indeedee|Colbur Berry|[weaken]\n|-damage|p1a: Indeedee|58\/100\n|-start|p1a: Indeedee|Throat Chop|[silent]\n|move|p2b: I AM HERE|Wave Crash|p1a: Indeedee\n|-damage|p1a: Indeedee|0 fnt\n|faint|p1a: Indeedee\n|-damage|p2b: I AM HERE|37\/100|[from] Recoil\n|move|p1b: Azumarill|Play Rough|p2a: BLOODWING|[miss]\n|-miss|p1b: Azumarill|p2a: BLOODWING\n|\n|-damage|p1b: Azumarill|51\/100 brn|[from] brn\n|upkeep\n|c|\u2606Accidental|L\n|\n|t:|1682796514\n|switch|p1a: Armarouge|Armarouge, L50, M|100\/100\n|turn|7\n|c| sexy_Loki|Tragic\n|c|\u2606Dackt|hm\n|l| sexy_Loki\n|j| sexy_Loki\n|c|\u2606Dackt|that mighta lost me the round\n|c|\u2606Accidental|Depends\n|c| sexy_Loki|Does indeed depend\n|c|\u2606Accidental|Just play it out i suppose\n|j| Bakonlikescufant\n|\n|t:|1682796693\n|-terastallize|p2a: BLOODWING|Fairy\n|move|p2b: I AM HERE|Protect|p2b: I AM HERE\n|-singleturn|p2b: I AM HERE|Protect\n|move|p2a: BLOODWING|Throat Chop|p1a: Armarouge\n|-supereffective|p1a: Armarouge\n|-damage|p1a: Armarouge|19\/100\n|-start|p1a: Armarouge|Throat Chop|[silent]\n|-ability|p1a: Armarouge|Weak Armor|boost\n|-unboost|p1a: Armarouge|def|1\n|-boost|p1a: Armarouge|spe|2\n|-enditem|p1a: Armarouge|Weakness Policy\n|-boost|p1a: Armarouge|atk|2|[from] item: Weakness Policy\n|-boost|p1a: Armarouge|spa|2|[from] item: Weakness Policy\n|move|p1a: Armarouge|Tera Blast|p2b: I AM HERE\n|-activate|p2b: I AM HERE|move: Protect\n|move|p1b: Azumarill|Play Rough|p2a: BLOODWING\n|-damage|p2a: BLOODWING|87\/100\n|\n|-damage|p1b: Azumarill|45\/100 brn|[from] brn\n|upkeep\n|-enditem|p1b: Azumarill|Sitrus Berry|[eat]\n|-heal|p1b: Azumarill|70\/100 brn|[from] item: Sitrus Berry\n|turn|8\n|\n|t:|1682796714\n|switch|p2b: BORF|Arcanine, L50, F|94\/100\n|-ability|p2b: BORF|Intimidate|boost\n|-unboost|p1a: Armarouge|atk|1\n|-unboost|p1b: Azumarill|atk|1\n|move|p1b: Azumarill|Aqua Jet|p1a: Armarouge\n|-supereffective|p1a: Armarouge\n|-damage|p1a: Armarouge|11\/100\n|-ability|p1a: Armarouge|Weak Armor|boost\n|-unboost|p1a: Armarouge|def|1\n|-boost|p1a: Armarouge|spe|2\n|move|p1a: Armarouge|Expanding Force|p2a: BLOODWING|[spread] p2a,p2b\n|-damage|p2a: BLOODWING|0 fnt\n|-damage|p2b: BORF|0 fnt\n|faint|p2a: BLOODWING\n|-end|p2a: BLOODWING|Protosynthesis|[silent]\n|faint|p2b: BORF\n|\n|-damage|p1b: Azumarill|64\/100 brn|[from] brn\n|-end|p1a: Armarouge|Throat Chop|[silent]\n|upkeep\n|c| Wiliat9|ey yo\n|\n|t:|1682796726\n|switch|p2b: I AM HERE|Palafin-Hero, L50, F|37\/100\n|turn|9\n|\n|t:|1682796740\n|move|p2b: I AM HERE|Protect|p2b: I AM HERE\n|-singleturn|p2b: I AM HERE|Protect\n|move|p1a: Armarouge|Expanding Force|p2b: I AM HERE\n|-activate|p2b: I AM HERE|move: Protect\n|move|p1b: Azumarill|Play Rough|p2b: I AM HERE\n|-activate|p2b: I AM HERE|move: Protect\n|\n|-damage|p1b: Azumarill|58\/100 brn|[from] brn\n|upkeep\n|turn|10\n|\n|t:|1682796746\n|move|p2b: I AM HERE|Protect||[still]\n|-fail|p2b: I AM HERE\n|move|p1a: Armarouge|Expanding Force|p2b: I AM HERE\n|-damage|p2b: I AM HERE|0 fnt\n|faint|p2b: I AM HERE\n|\n|win|Dackt\n|c|\u2606Dackt|gr\n|c|\u2606Accidental|Gr\n","uploadtime":1682796753,"views":20,"p1id":"dackt","p2id":"accidental","formatid":"gen9vgc2023regulationc","rating":0,"private":0,"password":""}