{"id":"gen9vgc2023regulationc-1845480374","p1":"sadasd213","p2":"GB Seraphix","format":"[Gen 9] VGC 2023 Regulation C","log":"|j|\u2606sadasd213\n|j|\u2606GB Seraphix\n|t:|1681737897\n|gametype|doubles\n|player|p1|sadasd213|102|1171\n|player|p2|GB Seraphix|rosa|1224\n|teamsize|p1|6\n|teamsize|p2|6\n|gen|9\n|tier|[Gen 9] VGC 2023 Regulation C\n|rated|\n|rule|Species Clause: Limit one of each Pok\u00e9mon\n|rule|Item Clause: Limit one of each item\n|clearpoke\n|poke|p1|Grimmsnarl, L50, M|\n|poke|p1|Sylveon, L50, M|\n|poke|p1|Kingambit, L50, F|\n|poke|p1|Volcarona, L50, F|\n|poke|p1|Garganacl, L50, F|\n|poke|p1|Amoonguss, L50, M|\n|poke|p2|Maushold, L50|\n|poke|p2|Annihilape, L50, M|\n|poke|p2|Amoonguss, L50, M|\n|poke|p2|Gholdengo, L50|\n|poke|p2|Ting-Lu, L50|\n|poke|p2|Gyarados, L50, M|\n|teampreview|4\n|\n|t:|1681737965\n|start\n|switch|p1a: Grimmsnarl|Grimmsnarl, L50, M|100\/100\n|switch|p1b: Sylveon|Sylveon, L50, M|100\/100\n|switch|p2a: Maushold|Maushold, L50|100\/100\n|switch|p2b: Gholdengo|Gholdengo, L50|100\/100\n|turn|1\n|\n|t:|1681737998\n|move|p2a: Maushold|Protect|p2a: Maushold\n|-singleturn|p2a: Maushold|Protect\n|move|p1a: Grimmsnarl|Light Screen|p1a: Grimmsnarl\n|-sidestart|p1: sadasd213|move: Light Screen\n|move|p2b: Gholdengo|Make It Rain|p1b: Sylveon|[spread] p1a,p1b\n|-supereffective|p1a: Grimmsnarl\n|-supereffective|p1b: Sylveon\n|-damage|p1a: Grimmsnarl|15\/100\n|-damage|p1b: Sylveon|23\/100\n|-unboost|p2b: Gholdengo|spa|1\n|move|p1b: Sylveon|Hyper Voice|p2a: Maushold|[spread] p2b\n|-activate|p2a: Maushold|move: Protect\n|-resisted|p2b: Gholdengo\n|-damage|p2b: Gholdengo|85\/100\n|-enditem|p1b: Sylveon|Throat Spray\n|-boost|p1b: Sylveon|spa|1|[from] item: Throat Spray\n|\n|upkeep\n|turn|2\n|\n|t:|1681738026\n|switch|p2a: Amoonguss|Amoonguss, L50, M|100\/100\n|switch|p1a: Garganacl|Garganacl, L50, F|100\/100\n|move|p1b: Sylveon|Protect|p1b: Sylveon\n|-singleturn|p1b: Sylveon|Protect\n|move|p2b: Gholdengo|Make It Rain|p1a: Garganacl|[spread] p1a\n|-activate|p1b: Sylveon|move: Protect\n|-supereffective|p1a: Garganacl\n|-damage|p1a: Garganacl|48\/100\n|-unboost|p2b: Gholdengo|spa|1\n|\n|-heal|p1a: Garganacl|54\/100|[from] item: Leftovers\n|upkeep\n|turn|3\n|\n|t:|1681738055\n|switch|p2b: Ting-Lu|Ting-Lu, L50|100\/100\n|-ability|p2b: Ting-Lu|Vessel of Ruin\n|switch|p1b: Amoonguss|Amoonguss, L50, M|100\/100\n|move|p1a: Garganacl|Salt Cure|p2b: Ting-Lu\n|-resisted|p2b: Ting-Lu\n|-damage|p2b: Ting-Lu|97\/100\n|-start|p2b: Ting-Lu|Salt Cure\n|move|p2a: Amoonguss|Spore|p1b: Amoonguss\n|-immune|p1b: Amoonguss\n|\n|-heal|p1a: Garganacl|60\/100|[from] item: Leftovers\n|-damage|p2b: Ting-Lu|84\/100|[from] Salt Cure\n|upkeep\n|turn|4\n|\n|t:|1681738089\n|switch|p2a: Gholdengo|Gholdengo, L50|85\/100\n|move|p2b: Ting-Lu|Ruination|p1b: Amoonguss\n|-damage|p1b: Amoonguss|51\/100\n|move|p1a: Garganacl|Iron Defense|p1a: Garganacl\n|-boost|p1a: Garganacl|def|2\n|move|p1b: Amoonguss|Pollen Puff|p1a: Garganacl\n|-heal|p1a: Garganacl|100\/100\n|\n|-damage|p2b: Ting-Lu|72\/100|[from] Salt Cure\n|upkeep\n|turn|5\n|\n|t:|1681738131\n|switch|p1b: Grimmsnarl|Grimmsnarl, L50, M|15\/100\n|-terastallize|p1a: Garganacl|Flying\n|move|p2a: Gholdengo|Make It Rain|p1a: Garganacl|[spread] p1a,p1b\n|-supereffective|p1b: Grimmsnarl\n|-damage|p1a: Garganacl|72\/100\n|-damage|p1b: Grimmsnarl|0 fnt\n|-unboost|p2a: Gholdengo|spa|1\n|faint|p1b: Grimmsnarl\n|move|p2b: Ting-Lu|Stomping Tantrum|p1a: Garganacl\n|-immune|p1a: Garganacl\n|move|p1a: Garganacl|Salt Cure|p2a: Gholdengo\n|-resisted|p2a: Gholdengo\n|-damage|p2a: Gholdengo|78\/100\n|-start|p2a: Gholdengo|Salt Cure\n|\n|-heal|p1a: Garganacl|78\/100|[from] item: Leftovers\n|-damage|p2a: Gholdengo|53\/100|[from] Salt Cure\n|-damage|p2b: Ting-Lu|60\/100|[from] Salt Cure\n|upkeep\n|\n|t:|1681738156\n|switch|p1b: Amoonguss|Amoonguss, L50, M|84\/100\n|turn|6\n|\n|t:|1681738170\n|switch|p2a: Amoonguss|Amoonguss, L50, M|100\/100\n|move|p2b: Ting-Lu|Fissure|p1b: Amoonguss\n|-damage|p1b: Amoonguss|0 fnt\n|faint|p1b: Amoonguss\n|-ohko\n|move|p1a: Garganacl|Body Press|p2b: Ting-Lu\n|-supereffective|p2b: Ting-Lu\n|-damage|p2b: Ting-Lu|4\/100\n|\n|-heal|p1a: Garganacl|84\/100|[from] item: Leftovers\n|-damage|p2b: Ting-Lu|0 fnt|[from] Salt Cure\n|faint|p2b: Ting-Lu\n|upkeep\n|\n|t:|1681738193\n|switch|p2b: Gholdengo|Gholdengo, L50|53\/100\n|switch|p1b: Sylveon|Sylveon, L50, M|23\/100\n|turn|7\n|\n|t:|1681738203\n|move|p1b: Sylveon|Protect|p1b: Sylveon\n|-singleturn|p1b: Sylveon|Protect\n|move|p2a: Amoonguss|Rage Powder|p2a: Amoonguss\n|-singleturn|p2a: Amoonguss|move: Rage Powder\n|move|p2b: Gholdengo|Make It Rain|p1a: Garganacl|[spread] p1a\n|-activate|p1b: Sylveon|move: Protect\n|-crit|p1a: Garganacl\n|-damage|p1a: Garganacl|0 fnt\n|-unboost|p2b: Gholdengo|spa|1\n|faint|p1a: Garganacl\n|\n|upkeep\n|turn|8\n|-message|sadasd213 forfeited.\n|\n|win|GB Seraphix\n|raw|sadasd213's rating: 1171 → 1150<\/strong> (-21 for losing)\n|raw|GB Seraphix's rating: 1224 → 1245<\/strong> (+21 for winning)\n","uploadtime":1681738223,"views":9,"p1id":"sadasd213","p2id":"gbseraphix","formatid":"gen9vgc2023regulationc","rating":1150,"private":0,"password":""}