{"id":"gen9vgc2023regulationc-1848420513","p1":"Khonsou","p2":"Kaibar","format":"[Gen 9] VGC 2023 Regulation C","log":"|j|\u2606Khonsou\n|j|\u2606Kaibar\n|t:|1682075736\n|gametype|doubles\n|player|p1|Khonsou|rocketgrunt|1097\n|player|p2|Kaibar|blackbelt-gen4dp|1173\n|teamsize|p1|4\n|teamsize|p2|6\n|gen|9\n|tier|[Gen 9] VGC 2023 Regulation C\n|rated|\n|rule|Species Clause: Limit one of each Pok\u00e9mon\n|rule|Item Clause: Limit one of each item\n|clearpoke\n|poke|p1|Vivillon-Monsoon, L50, M|\n|poke|p1|Ting-Lu, L50|\n|poke|p1|Gyarados, L50, M|\n|poke|p1|Ceruledge, L50, M|\n|poke|p2|Arcanine, L50, F|\n|poke|p2|Amoonguss, L50, F|\n|poke|p2|Kingambit, L50, F|\n|poke|p2|Flutter Mane, L50|\n|poke|p2|Dragonite, L50, F|\n|poke|p2|Palafin, L50, M|\n|teampreview|4\nKaibar has agreed to open team sheets.\n|inactive|Battle timer is ON: inactive players will automatically lose when time's up. (requested by Khonsou)\n|\n|t:|1682075775\n|start\n|switch|p1a: Vivillon|Vivillon-Monsoon, L50, M, shiny|100\/100\n|switch|p1b: Ting-Lu|Ting-Lu, L50|100\/100\n|switch|p2a: Windy|Arcanine, L50, F, shiny|100\/100\n|switch|p2b: Kingambit|Kingambit, L50, F|100\/100\n|-ability|p2a: Windy|Intimidate|boost\n|-unboost|p1a: Vivillon|atk|1\n|-unboost|p1b: Ting-Lu|atk|1\n|-ability|p1b: Ting-Lu|Vessel of Ruin\n|turn|1\n|inactive|Kaibar has 30 seconds left.\n|\n|t:|1682075808\n|switch|p1b: Ceruledge|Ceruledge, L50, M|100\/100\n|move|p1a: Vivillon|Tailwind|p1a: Vivillon\n|-sidestart|p1: Khonsou|move: Tailwind\n|move|p2a: Windy|Howl|p2a: Windy|[spread] p2a,p2b\n|-boost|p2a: Windy|atk|1\n|-boost|p2b: Kingambit|atk|1\n|move|p2b: Kingambit|Swords Dance|p2b: Kingambit\n|-boost|p2b: Kingambit|atk|2\n|\n|upkeep\n|turn|2\n|\n|t:|1682075830\n|switch|p1b: Gyarados|Gyarados, L50, M, shiny|100\/100\n|-ability|p1b: Gyarados|Intimidate|boost\n|-unboost|p2a: Windy|atk|1\n|-unboost|p2b: Kingambit|atk|1\n|-ability|p2b: Kingambit|Defiant|boost\n|-boost|p2b: Kingambit|atk|2\n|move|p2b: Kingambit|Sucker Punch||[still]\n|-fail|p2b: Kingambit\n|move|p1a: Vivillon|Sleep Powder|p2b: Kingambit|[miss]\n|-miss|p1a: Vivillon|p2b: Kingambit\n|move|p2a: Windy|Flare Blitz|p1a: Vivillon\n|-supereffective|p1a: Vivillon\n|-enditem|p1a: Vivillon|Focus Sash\n|-damage|p1a: Vivillon|1\/100\n|-status|p1a: Vivillon|brn\n|-damage|p2a: Windy|70\/100|[from] Recoil\n|\n|-damage|p1a: Vivillon|0 fnt|[from] brn\n|faint|p1a: Vivillon\n|upkeep\n|\n|t:|1682075851\n|switch|p1a: Ting-Lu|Ting-Lu, L50|100\/100\n|-ability|p1a: Ting-Lu|Vessel of Ruin\n|turn|3\n|\n|t:|1682075864\n|-terastallize|p2b: Kingambit|Dark\n|move|p1b: Gyarados|Protect|p1b: Gyarados\n|-singleturn|p1b: Gyarados|Protect\n|move|p2b: Kingambit|Sucker Punch||[still]\n|-fail|p2b: Kingambit\n|move|p1a: Ting-Lu|Earthquake|p2b: Kingambit|[spread] p2a,p2b\n|-activate|p1b: Gyarados|move: Protect\n|-supereffective|p2a: Windy\n|-crit|p2a: Windy\n|-damage|p2a: Windy|0 fnt\n|-damage|p2b: Kingambit|74\/100\n|faint|p2a: Windy\n|\n|upkeep\n|\n|t:|1682075882\n|switch|p2a: Flutter Mane|Flutter Mane, L50|100\/100\n|-enditem|p2a: Flutter Mane|Booster Energy\n|-activate|p2a: Flutter Mane|ability: Protosynthesis|[fromitem]\n|-start|p2a: Flutter Mane|protosynthesisspa\n|turn|4\n|\n|t:|1682075899\n|move|p2b: Kingambit|Sucker Punch||[still]\n|-fail|p2b: Kingambit\n|move|p1b: Gyarados|Taunt|p2b: Kingambit\n|-start|p2b: Kingambit|move: Taunt\n|move|p1a: Ting-Lu|Earthquake|p2a: Flutter Mane|[spread] p2a,p2b\n|-immune|p1b: Gyarados\n|-crit|p2a: Flutter Mane\n|-damage|p2a: Flutter Mane|0 fnt\n|-damage|p2b: Kingambit|47\/100\n|faint|p2a: Flutter Mane\n|-end|p2a: Flutter Mane|Protosynthesis|[silent]\n|\n|-sideend|p1: Khonsou|move: Tailwind\n|upkeep\n|\n|t:|1682075910\n|switch|p2a: Amoonguss|Amoonguss, L50, F|100\/100\n|turn|5\n|inactive|Khonsou has 30 seconds left.\n|\n|t:|1682075942\n|-terastallize|p1a: Ting-Lu|Steel\n|move|p1b: Gyarados|Protect|p1b: Gyarados\n|-singleturn|p1b: Gyarados|Protect\n|move|p1a: Ting-Lu|Heavy Slam|p2b: Kingambit\n|-damage|p2b: Kingambit|6\/100\n|move|p2b: Kingambit|Kowtow Cleave|p1a: Ting-Lu\n|-damage|p1a: Ting-Lu|0 fnt\n|faint|p1a: Ting-Lu\n|move|p2a: Amoonguss|Pollen Puff|p2b: Kingambit\n|-heal|p2b: Kingambit|56\/100\n|\n|upkeep\n|\n|t:|1682075951\n|switch|p1a: Ceruledge|Ceruledge, L50, M|100\/100\n|turn|6\n|\n|t:|1682075968\n|move|p2b: Kingambit|Sucker Punch||[still]\n|-fail|p2b: Kingambit\n|move|p1a: Ceruledge|Bulk Up|p1a: Ceruledge\n|-boost|p1a: Ceruledge|atk|1\n|-boost|p1a: Ceruledge|def|1\n|move|p1b: Gyarados|Waterfall|p2b: Kingambit\n|-damage|p2b: Kingambit|22\/100\n|move|p2a: Amoonguss|Pollen Puff|p2b: Kingambit\n|-heal|p2b: Kingambit|72\/100\n|\n|upkeep\n|turn|7\n|inactive|Khonsou has 30 seconds left.\n|\n|t:|1682075993\n|move|p1a: Ceruledge|Protect|p1a: Ceruledge\n|-singleturn|p1a: Ceruledge|Protect\n|move|p2b: Kingambit|Sucker Punch||[still]\n|-fail|p2b: Kingambit\n|move|p1b: Gyarados|Taunt|p2a: Amoonguss\n|-start|p2a: Amoonguss|move: Taunt\n|move|p2a: Amoonguss|Pollen Puff|p2b: Kingambit\n|-heal|p2b: Kingambit|100\/100\n|\n|-end|p2b: Kingambit|move: Taunt\n|upkeep\n|turn|8\n|\n|t:|1682076011\n|move|p1a: Ceruledge|Bulk Up|p1a: Ceruledge\n|-boost|p1a: Ceruledge|atk|1\n|-boost|p1a: Ceruledge|def|1\n|move|p1b: Gyarados|Waterfall|p2b: Kingambit\n|-damage|p2b: Kingambit|65\/100\n|move|p2b: Kingambit|Kowtow Cleave|p1a: Ceruledge\n|-supereffective|p1a: Ceruledge\n|-damage|p1a: Ceruledge|0 fnt\n|faint|p1a: Ceruledge\n|move|p2a: Amoonguss|Clear Smog|p1b: Gyarados\n|-damage|p1b: Gyarados|85\/100\n|-clearboost|p1b: Gyarados\n|\n|upkeep\n|turn|9\n|\n|t:|1682076027\n|move|p1b: Gyarados|Waterfall|p2b: Kingambit\n|-damage|p2b: Kingambit|32\/100\n|move|p2b: Kingambit|Kowtow Cleave|p1b: Gyarados\n|-damage|p1b: Gyarados|0 fnt\n|faint|p1b: Gyarados\n|\n|win|Kaibar\n|raw|Khonsou's rating: 1097 → 1078<\/strong> (-19 for losing)\n|raw|Kaibar's rating: 1173 → 1193<\/strong> (+20 for winning)\n","uploadtime":1682076032,"views":12,"p1id":"khonsou","p2id":"kaibar","formatid":"gen9vgc2023regulationc","rating":1078,"private":0,"password":""}