{"id":"gen9vgc2023regulationc-1855454156","p1":"john0627","p2":"iamdole","format":"[Gen 9] VGC 2023 Regulation C","log":"|j|\u2606john0627\n|j|\u2606iamdole\n|t:|1682952925\n|gametype|doubles\n|player|p1|john0627|169|1227\n|player|p2|iamdole|101|1210\n|teamsize|p1|6\n|teamsize|p2|6\n|gen|9\n|tier|[Gen 9] VGC 2023 Regulation C\n|rated|\n|rule|Species Clause: Limit one of each Pok\u00e9mon\n|rule|Item Clause: Limit one of each item\n|clearpoke\n|poke|p1|Clawitzer, L50, F|\n|poke|p1|Annihilape, L50, F|\n|poke|p1|Arcanine, L50, F|\n|poke|p1|Iron Hands, L50|\n|poke|p1|Roaring Moon, L50|\n|poke|p1|Maushold, L50|\n|poke|p2|Kingambit, L50, F|\n|poke|p2|Farigiraf, L50, M|\n|poke|p2|Azumarill, L50, F|\n|poke|p2|Great Tusk, L50|\n|poke|p2|Corviknight, L50, F|\n|poke|p2|Tyranitar, L50, F|\n|teampreview|4\n|inactive|Battle timer is ON: inactive players will automatically lose when time's up. (requested by iamdole)\n|\n|t:|1682952963\n|start\n|switch|p1a: Clawitzer|Clawitzer, L50, F|100\/100\n|switch|p1b: Maushold|Maushold, L50|100\/100\n|switch|p2a: Farigiraf|Farigiraf, L50, M|100\/100\n|switch|p2b: Corviknight|Corviknight, L50, F|100\/100\n|turn|1\n|\n|t:|1682952985\n|move|p1b: Maushold|Super Fang|p2a: Farigiraf\n|-damage|p2a: Farigiraf|51\/100\n|move|p2b: Corviknight|Brave Bird|p1b: Maushold\n|-damage|p1b: Maushold|50\/100\n|-damage|p2b: Corviknight|86\/100|[from] Recoil\n|move|p1a: Clawitzer|Dark Pulse|p2a: Farigiraf\n|-supereffective|p2a: Farigiraf\n|-damage|p2a: Farigiraf|0 fnt\n|faint|p2a: Farigiraf\n|\n|upkeep\n|\n|t:|1682953001\n|switch|p2a: Kingambit|Kingambit, L50, F|100\/100\n|turn|2\n|\n|t:|1682953014\n|move|p1b: Maushold|Protect|p1b: Maushold\n|-singleturn|p1b: Maushold|Protect\n|move|p2b: Corviknight|Iron Head|p1a: Clawitzer\n|-resisted|p1a: Clawitzer\n|-damage|p1a: Clawitzer|90\/100\n|cant|p1a: Clawitzer|flinch\n|move|p2a: Kingambit|Brick Break|p1b: Maushold\n|-activate|p1b: Maushold|move: Protect\n|\n|upkeep\n|turn|3\n|\n|t:|1682953031\n|switch|p1b: Annihilape|Annihilape, L50, F|100\/100\n|move|p2b: Corviknight|U-turn|p1a: Clawitzer\n|-damage|p1a: Clawitzer|74\/100\n|\n|t:|1682953038\n|switch|p2b: Azumarill|Azumarill, L50, F|100\/100|[from] U-turn\n|move|p1a: Clawitzer|Aura Sphere|p2a: Kingambit\n|-supereffective|p2a: Kingambit\n|-damage|p2a: Kingambit|0 fnt\n|faint|p2a: Kingambit\n|\n|upkeep\n|\n|t:|1682953047\n|switch|p2a: Corviknight|Corviknight, L50, F|86\/100\n|turn|4\n|inactive|john0627 has 30 seconds left.\n|inactive|iamdole has 30 seconds left.\n|\n|t:|1682953077\n|-terastallize|p2b: Azumarill|Water\n|move|p1b: Annihilape|Protect|p1b: Annihilape\n|-singleturn|p1b: Annihilape|Protect\n|move|p2a: Corviknight|Iron Head|p1b: Annihilape\n|-activate|p1b: Annihilape|move: Protect\n|move|p1a: Clawitzer|Water Pulse|p2a: Corviknight\n|-damage|p2a: Corviknight|33\/100\n|move|p2b: Azumarill|Aqua Tail|p1b: Annihilape\n|-activate|p1b: Annihilape|move: Protect\n|\n|upkeep\n|turn|5\n|\n|t:|1682953102\n|move|p1b: Annihilape|Rage Fist|p2b: Azumarill\n|-damage|p2b: Azumarill|74\/100\n|move|p2a: Corviknight|Iron Head|p1b: Annihilape\n|-damage|p1b: Annihilape|76\/100\n|move|p1a: Clawitzer|Water Pulse|p2a: Corviknight\n|-damage|p2a: Corviknight|0 fnt\n|faint|p2a: Corviknight\n|move|p2b: Azumarill|Aqua Tail|p1b: Annihilape\n|-damage|p1b: Annihilape|5\/100\n|\n|-heal|p1b: Annihilape|11\/100|[from] item: Leftovers\n|upkeep\n|turn|6\n|\n|t:|1682953125\n|move|p1b: Annihilape|Protect|p1b: Annihilape\n|-singleturn|p1b: Annihilape|Protect\n|move|p2b: Azumarill|Aqua Jet|p1b: Annihilape\n|-activate|p1b: Annihilape|move: Protect\n|move|p1a: Clawitzer|Water Pulse|p2b: Azumarill\n|-resisted|p2b: Azumarill\n|-damage|p2b: Azumarill|50\/100\n|\n|-heal|p1b: Annihilape|17\/100|[from] item: Leftovers\n|upkeep\n|turn|7\n|inactive|john0627 has 30 seconds left.\n|\n|t:|1682953152\n|-terastallize|p1a: Clawitzer|Dragon\n|move|p2b: Azumarill|Aqua Jet|p1b: Annihilape\n|-damage|p1b: Annihilape|0 fnt\n|faint|p1b: Annihilape\n|move|p1a: Clawitzer|Dragon Pulse|p2b: Azumarill\n|-damage|p2b: Azumarill|0 fnt\n|faint|p2b: Azumarill\n|\n|win|john0627\n|raw|john0627's rating: 1227 → 1251<\/strong> (+24 for winning)\n|raw|iamdole's rating: 1210 → 1186<\/strong> (-24 for losing)\n|l|\u2606iamdole\n","uploadtime":1682953165,"views":18,"p1id":"john0627","p2id":"iamdole","formatid":"gen9vgc2023regulationc","rating":1186,"private":0,"password":""}