{"id":"gen9vgc2023regulationc-1856862264","p1":"Nauticles","p2":"Blastoise Farted","format":"[Gen 9] VGC 2023 Regulation C","log":"|j|\u2606Nauticles\n|j|\u2606Blastoise Farted\n|t:|1683120475\n|gametype|doubles\n|player|p1|Nauticles|102|1036\n|player|p2|Blastoise Farted|pokefan-gen4|1008\n|teamsize|p1|6\n|teamsize|p2|5\n|gen|9\n|tier|[Gen 9] VGC 2023 Regulation C\n|rated|\n|rule|Species Clause: Limit one of each Pok\u00e9mon\n|rule|Item Clause: Limit one of each item\n|clearpoke\n|poke|p1|Armarouge, L50, F|\n|poke|p1|Indeedee-F, L50, F|\n|poke|p1|Chi-Yu, L50|\n|poke|p1|Flutter Mane, L50|\n|poke|p1|Bisharp, L50, M|\n|poke|p1|Palafin, L50, M|\n|poke|p2|Dragapult, L50, F|\n|poke|p2|Grimmsnarl, L50, M|\n|poke|p2|Garganacl, L50, F|\n|poke|p2|Hatterene, L50, F|\n|poke|p2|Oranguru, L50, M|\n|teampreview|4\n|\n|t:|1683120503\n|start\n|switch|p1a: Palafin|Palafin, L50, M|100\/100\n|switch|p1b: Armarouge|Armarouge, L50, F|100\/100\n|switch|p2a: Grimmsnarl|Grimmsnarl, L50, M|100\/100\n|switch|p2b: Garganacl|Garganacl, L50, F, shiny|100\/100\n|turn|1\n|\n|t:|1683120524\n|move|p2a: Grimmsnarl|Fake Out|p1b: Armarouge\n|-damage|p1b: Armarouge|88\/100\n|-ability|p1b: Armarouge|Weak Armor|boost\n|-unboost|p1b: Armarouge|def|1\n|-boost|p1b: Armarouge|spe|2\n|cant|p1b: Armarouge|flinch\n|move|p1a: Palafin|Flip Turn|p1b: Armarouge\n|-supereffective|p1b: Armarouge\n|-damage|p1b: Armarouge|10\/100\n|-ability|p1b: Armarouge|Weak Armor|boost\n|-unboost|p1b: Armarouge|def|1\n|-boost|p1b: Armarouge|spe|2\n|-enditem|p1b: Armarouge|Weakness Policy\n|-boost|p1b: Armarouge|atk|2|[from] item: Weakness Policy\n|-boost|p1b: Armarouge|spa|2|[from] item: Weakness Policy\n|\n|t:|1683120532\n|detailschange|p1a: Palafin|Palafin-Hero, L50, M\n|switch|p1a: Indeedee|Indeedee-F, L50, F|100\/100|[from] Flip Turn\n|-fieldstart|move: Psychic Terrain|[from] ability: Psychic Surge|[of] p1a: Indeedee\n|move|p2b: Garganacl|Iron Defense|p2b: Garganacl\n|-boost|p2b: Garganacl|def|2\n|\n|upkeep\n|turn|2\n|\n|t:|1683120553\n|move|p1b: Armarouge|Protect|p1b: Armarouge\n|-singleturn|p1b: Armarouge|Protect\n|move|p2b: Garganacl|Protect|p2b: Garganacl\n|-singleturn|p2b: Garganacl|Protect\n|move|p2a: Grimmsnarl|Parting Shot|p1b: Armarouge\n|-activate|p1b: Armarouge|move: Psychic Terrain\n|move|p1a: Indeedee|Psych Up|p1b: Armarouge\n|-copyboost|p1a: Indeedee|p1b: Armarouge|[from] move: Psych Up\n|\n|upkeep\n|turn|3\n|\n|t:|1683120570\n|move|p2a: Grimmsnarl|Light Screen|p2a: Grimmsnarl\n|-sidestart|p2: Blastoise Farted|move: Light Screen\n|move|p1a: Indeedee|Dazzling Gleam|p2a: Grimmsnarl|[spread] p2a,p2b\n|-supereffective|p2a: Grimmsnarl\n|-damage|p2a: Grimmsnarl|64\/100\n|-damage|p2b: Garganacl|86\/100\n|-enditem|p2b: Garganacl|Eject Button\n|-enditem|p2a: Grimmsnarl|Red Card|[of] p1a: Indeedee\n|drag|p1a: Flutter Mane|Flutter Mane, L50|100\/100\n|-enditem|p1a: Flutter Mane|Booster Energy\n|-activate|p1a: Flutter Mane|ability: Protosynthesis|[fromitem]\n|-start|p1a: Flutter Mane|protosynthesisspe\n|\n|t:|1683120583\n|switch|p2b: Oranguru|Oranguru, L50, M|100\/100\n|move|p1b: Armarouge|Heat Wave|p2b: Oranguru|[spread] p2a,p2b\n|-damage|p2a: Grimmsnarl|16\/100\n|-damage|p2b: Oranguru|59\/100\n|\n|-heal|p2b: Oranguru|65\/100|[from] item: Leftovers\n|upkeep\n|turn|4\n|\n|t:|1683120603\n|move|p2a: Grimmsnarl|Reflect|p2a: Grimmsnarl\n|-sidestart|p2: Blastoise Farted|Reflect\n|move|p1b: Armarouge|Heat Wave|p2a: Grimmsnarl|[spread] p2a,p2b\n|-damage|p2a: Grimmsnarl|0 fnt\n|-damage|p2b: Oranguru|24\/100\n|faint|p2a: Grimmsnarl\n|move|p1a: Flutter Mane|Dazzling Gleam|p2b: Oranguru\n|-damage|p2b: Oranguru|2\/100\n|move|p2b: Oranguru|Trick Room|p2b: Oranguru\n|-fieldstart|move: Trick Room|[of] p2b: Oranguru\n|\n|-heal|p2b: Oranguru|8\/100|[from] item: Leftovers\n|upkeep\n|\n|t:|1683120617\n|switch|p2a: Hatterene|Hatterene, L50, F, shiny|100\/100\n|turn|5\n|\n|t:|1683120634\n|-terastallize|p2a: Hatterene|Fighting\n|move|p2a: Hatterene|Calm Mind|p2a: Hatterene\n|-boost|p2a: Hatterene|spa|1\n|-boost|p2a: Hatterene|spd|1\n|move|p2b: Oranguru|Instruct|p2a: Hatterene\n|-singleturn|p2a: Hatterene|move: Instruct|[of] p2b: Oranguru\n|move|p2a: Hatterene|Calm Mind|p2a: Hatterene\n|-boost|p2a: Hatterene|spa|1\n|-boost|p2a: Hatterene|spd|1\n|move|p1a: Flutter Mane|Dazzling Gleam|p2a: Hatterene|[spread] p2a,p2b\n|-supereffective|p2a: Hatterene\n|-crit|p2b: Oranguru\n|-damage|p2a: Hatterene|78\/100\n|-damage|p2b: Oranguru|0 fnt\n|faint|p2b: Oranguru\n|move|p1b: Armarouge|Heat Wave|p2a: Hatterene\n|-damage|p2a: Hatterene|44\/100\n|\n|upkeep\n|\n|t:|1683120652\n|switch|p2b: Garganacl|Garganacl, L50, F, shiny|86\/100\n|turn|6\n|\n|t:|1683120664\n|move|p1b: Armarouge|Protect|p1b: Armarouge\n|-singleturn|p1b: Armarouge|Protect\n|move|p2a: Hatterene|Draining Kiss|p1b: Armarouge\n|-activate|p1b: Armarouge|move: Protect\n|move|p2b: Garganacl|Salt Cure|p1a: Flutter Mane\n|-damage|p1a: Flutter Mane|68\/100\n|-start|p1a: Flutter Mane|Salt Cure\n|move|p1a: Flutter Mane|Dazzling Gleam|p2b: Garganacl|[spread] p2a,p2b\n|-supereffective|p2a: Hatterene\n|-damage|p2a: Hatterene|22\/100\n|-damage|p2b: Garganacl|72\/100\n|\n|-damage|p1a: Flutter Mane|56\/100|[from] Salt Cure\n|upkeep\n|turn|7\n|\n|t:|1683120687\n|move|p2a: Hatterene|Draining Kiss|p1a: Flutter Mane\n|-damage|p1a: Flutter Mane|7\/100\n|-heal|p2a: Hatterene|51\/100|[from] drain|[of] p1a: Flutter Mane\n|move|p2b: Garganacl|Salt Cure|p1b: Armarouge\n|-supereffective|p1b: Armarouge\n|-damage|p1b: Armarouge|0 fnt\n|faint|p1b: Armarouge\n|move|p1a: Flutter Mane|Dazzling Gleam|p2b: Garganacl|[spread] p2a,p2b\n|-supereffective|p2a: Hatterene\n|-damage|p2a: Hatterene|29\/100\n|-damage|p2b: Garganacl|58\/100\n|\n|-damage|p1a: Flutter Mane|0 fnt|[from] Salt Cure\n|faint|p1a: Flutter Mane\n|-end|p1a: Flutter Mane|Protosynthesis|[silent]\n|-sideend|p2: Blastoise Farted|move: Light Screen\n|upkeep\n|\n|t:|1683120695\n|switch|p1b: Indeedee|Indeedee-F, L50, F|100\/100\n|switch|p1a: Palafin|Palafin-Hero, L50, M|100\/100\n|-activate|p1a: Palafin|ability: Zero to Hero\n|turn|8\n|\n|t:|1683120716\n|move|p2a: Hatterene|Charm|p1a: Palafin\n|-unboost|p1a: Palafin|atk|2\n|move|p2b: Garganacl|Salt Cure|p1a: Palafin\n|-damage|p1a: Palafin|84\/100\n|-start|p1a: Palafin|Salt Cure\n|move|p1b: Indeedee|Dazzling Gleam|p2a: Hatterene|[spread] p2a,p2b\n|-supereffective|p2a: Hatterene\n|-damage|p2a: Hatterene|11\/100\n|-damage|p2b: Garganacl|46\/100\n|move|p1a: Palafin|Close Combat|p2a: Hatterene\n|-damage|p2a: Hatterene|0 fnt\n|-unboost|p1a: Palafin|def|1\n|-unboost|p1a: Palafin|spd|1\n|faint|p2a: Hatterene\n|\n|-damage|p1a: Palafin|60\/100|[from] Salt Cure\n|-sideend|p2: Blastoise Farted|Reflect\n|-fieldend|move: Trick Room\n|-fieldend|move: Psychic Terrain\n|upkeep\n|turn|9\n|\n|t:|1683120738\n|-terastallize|p1b: Indeedee|Fairy\n|move|p1a: Palafin|Close Combat|p2b: Garganacl\n|-supereffective|p2b: Garganacl\n|-damage|p2b: Garganacl|10\/100\n|-unboost|p1a: Palafin|def|1\n|-unboost|p1a: Palafin|spd|1\n|move|p1b: Indeedee|Dazzling Gleam|p2b: Garganacl\n|-damage|p2b: Garganacl|0 fnt\n|faint|p2b: Garganacl\n|\n|win|Nauticles\n|raw|Nauticles's rating: 1036 → 1068<\/strong> (+32 for winning)\n|raw|Blastoise Farted's rating: 1008 → 1000<\/strong> (-8 for losing)\n","uploadtime":1683120743,"views":7,"p1id":"nauticles","p2id":"blastoisefarted","formatid":"gen9vgc2023regulationc","rating":1000,"private":0,"password":""}