{"id":"gen9vgc2023regulationc-1858441038","p1":"taterstotz","p2":"cotita97","format":"[Gen 9] VGC 2023 Regulation C","log":"|j|\u2606taterstotz\n|j|\u2606cotita97\n|t:|1683312590\n|gametype|doubles\n|player|p1|taterstotz|2|1124\n|player|p2|cotita97|cynthia-gen4|1040\n|teamsize|p1|6\n|teamsize|p2|6\n|gen|9\n|tier|[Gen 9] VGC 2023 Regulation C\n|rated|\n|rule|Species Clause: Limit one of each Pok\u00e9mon\n|rule|Item Clause: Limit one of each item\n|clearpoke\n|poke|p1|Grafaiai, L50, M|\n|poke|p1|Slaking, L50, F|\n|poke|p1|Maushold, L50|\n|poke|p1|Annihilape, L50, M|\n|poke|p1|Ting-Lu, L50|\n|poke|p1|Chien-Pao, L50|\n|poke|p2|Garganacl, L50, M|\n|poke|p2|Scream Tail, L50|\n|poke|p2|Gothitelle, L50, F|\n|poke|p2|Rotom-Wash, L50|\n|poke|p2|Corviknight, L50, F|\n|poke|p2|Muk, L50, F|\n|teampreview|4\ntaterstotz has agreed to open team sheets.\n|inactive|Battle timer is ON: inactive players will automatically lose when time's up. (requested by taterstotz)\n|\n|t:|1683312621\n|start\n|switch|p1a: Maushold|Maushold, L50|100\/100\n|switch|p1b: Annihilape|Annihilape, L50, M|100\/100\n|switch|p2a: Gothitelle|Gothitelle, L50, F|100\/100\n|switch|p2b: Rotom|Rotom-Wash, L50|100\/100\n|turn|1\n|\n|t:|1683312636\n|-terastallize|p2a: Gothitelle|Dark\n|move|p1a: Maushold|Protect|p1a: Maushold\n|-singleturn|p1a: Maushold|Protect\n|move|p1b: Annihilape|Protect|p1b: Annihilape\n|-singleturn|p1b: Annihilape|Protect\n|move|p2a: Gothitelle|Fake Out|p1a: Maushold\n|-activate|p1a: Maushold|move: Protect\n|move|p2b: Rotom|Trick|p1b: Annihilape\n|-activate|p1b: Annihilape|move: Protect\n|\n|upkeep\n|turn|2\n|\n|t:|1683312651\n|move|p2a: Gothitelle|Protect|p2a: Gothitelle\n|-singleturn|p2a: Gothitelle|Protect\n|move|p1a: Maushold|Follow Me|p1a: Maushold\n|-singleturn|p1a: Maushold|move: Follow Me\n|move|p1b: Annihilape|Bulk Up|p1b: Annihilape\n|-boost|p1b: Annihilape|atk|1\n|-boost|p1b: Annihilape|def|1\n|move|p2b: Rotom|Trick|p1a: Maushold\n|-activate|p2b: Rotom|move: Trick|[of] p1a: Maushold\n|-item|p1a: Maushold|Choice Specs|[from] move: Trick\n|-item|p2b: Rotom|Safety Goggles|[from] move: Trick\n|\n|upkeep\n|turn|3\n|\n|t:|1683312666\n|move|p1a: Maushold|Follow Me|p1a: Maushold\n|-singleturn|p1a: Maushold|move: Follow Me\n|move|p1b: Annihilape|Drain Punch|p2a: Gothitelle\n|-supereffective|p2a: Gothitelle\n|-damage|p2a: Gothitelle|0 fnt\n|faint|p2a: Gothitelle\n|move|p2b: Rotom|Will-O-Wisp|p1a: Maushold\n|-status|p1a: Maushold|brn\n|\n|-damage|p1a: Maushold|95\/100 brn|[from] brn\n|upkeep\n|\n|t:|1683312677\n|switch|p2a: Scream Tail|Scream Tail, L50|100\/100\n|turn|4\n|\n|t:|1683312694\n|move|p1a: Maushold|Follow Me|p1a: Maushold\n|-singleturn|p1a: Maushold|move: Follow Me\n|move|p2a: Scream Tail|Disable|p1a: Maushold\n|-start|p1a: Maushold|Disable|Follow Me\n|move|p1b: Annihilape|Drain Punch|p2b: Rotom\n|-damage|p2b: Rotom|39\/100\n|move|p2b: Rotom|Volt Switch|p1a: Maushold\n|-damage|p1a: Maushold|62\/100 brn\n|\n|t:|1683312703\n|switch|p2b: Corviknight|Corviknight, L50, F|100\/100|[from] Volt Switch\n|\n|-damage|p1a: Maushold|56\/100 brn|[from] brn\n|upkeep\n|turn|5\n|\n|t:|1683312712\n|switch|p1a: Grafaiai|Grafaiai, L50, M|100\/100\n|move|p1b: Annihilape|Protect|p1b: Annihilape\n|-singleturn|p1b: Annihilape|Protect\n|move|p2a: Scream Tail|Substitute|p2a: Scream Tail\n|-start|p2a: Scream Tail|Substitute\n|-damage|p2a: Scream Tail|75\/100\n|move|p2b: Corviknight|Brave Bird|p1b: Annihilape\n|-activate|p1b: Annihilape|move: Protect\n|\n|-heal|p2a: Scream Tail|81\/100|[from] item: Leftovers\n|upkeep\n|turn|6\n|\n|t:|1683312730\n|move|p1a: Grafaiai|Encore|p2a: Scream Tail\n|-start|p2a: Scream Tail|Encore\n|move|p2a: Scream Tail|Substitute|p2a: Scream Tail\n|-fail|p2a: Scream Tail|move: Substitute\n|move|p1b: Annihilape|Bulk Up|p1b: Annihilape\n|-boost|p1b: Annihilape|atk|1\n|-boost|p1b: Annihilape|def|1\n|move|p2b: Corviknight|Brave Bird|p1b: Annihilape\n|-supereffective|p1b: Annihilape\n|-damage|p1b: Annihilape|65\/100\n|-damage|p2b: Corviknight|88\/100|[from] Recoil\n|\n|-heal|p2a: Scream Tail|87\/100|[from] item: Leftovers\n|-heal|p1b: Annihilape|71\/100|[from] item: Leftovers\n|upkeep\n|turn|7\n|\n|t:|1683312750\n|switch|p1a: Maushold|Maushold, L50|56\/100 brn\n|move|p2a: Scream Tail|Substitute|p2a: Scream Tail\n|-fail|p2a: Scream Tail|move: Substitute\n|move|p1b: Annihilape|Rage Fist|p2b: Corviknight\n|-damage|p2b: Corviknight|19\/100\n|-damage|p1b: Annihilape|54\/100|[from] item: Rocky Helmet|[of] p2b: Corviknight\n|move|p2b: Corviknight|Brave Bird|p1a: Maushold\n|-damage|p1a: Maushold|11\/100 brn\n|-damage|p2b: Corviknight|7\/100|[from] Recoil\n|\n|-heal|p2a: Scream Tail|93\/100|[from] item: Leftovers\n|-heal|p1b: Annihilape|60\/100|[from] item: Leftovers\n|-damage|p1a: Maushold|5\/100 brn|[from] brn\n|upkeep\n|turn|8\n|\n|t:|1683312768\n|switch|p1a: Grafaiai|Grafaiai, L50, M|100\/100\n|switch|p2b: Rotom|Rotom-Wash, L50|39\/100\n|move|p2a: Scream Tail|Substitute|p2a: Scream Tail\n|-fail|p2a: Scream Tail|move: Substitute\n|move|p1b: Annihilape|Drain Punch|p2b: Rotom\n|-damage|p2b: Rotom|0 fnt\n|-heal|p1b: Annihilape|74\/100|[from] drain|[of] p2b: Rotom\n|faint|p2b: Rotom\n|\n|-heal|p2a: Scream Tail|99\/100|[from] item: Leftovers\n|-heal|p1b: Annihilape|80\/100|[from] item: Leftovers\n|-end|p2a: Scream Tail|Encore\n|upkeep\n|\n|t:|1683312784\n|switch|p2b: Corviknight|Corviknight, L50, F|7\/100\n|turn|9\n|\n|t:|1683312791\n|move|p1a: Grafaiai|Encore|p2a: Scream Tail\n|-start|p2a: Scream Tail|Encore\n|move|p2a: Scream Tail|Substitute|p2a: Scream Tail\n|-fail|p2a: Scream Tail|move: Substitute\n|move|p1b: Annihilape|Drain Punch|p2b: Corviknight\n|-damage|p2b: Corviknight|0 fnt\n|-heal|p1b: Annihilape|83\/100|[from] drain|[of] p2b: Corviknight\n|-damage|p1b: Annihilape|66\/100|[from] item: Rocky Helmet|[of] p2b: Corviknight\n|faint|p2b: Corviknight\n|\n|-heal|p2a: Scream Tail|100\/100|[from] item: Leftovers\n|-heal|p1b: Annihilape|72\/100|[from] item: Leftovers\n|upkeep\n|turn|10\n|-message|cotita97 forfeited.\n|\n|win|taterstotz\n|raw|taterstotz's rating: 1124 → 1143<\/strong> (+19 for winning)\n|raw|cotita97's rating: 1040 → 1028<\/strong> (-12 for losing)\n|l|\u2606cotita97\n","uploadtime":1683312861,"views":13,"p1id":"taterstotz","p2id":"cotita97","formatid":"gen9vgc2023regulationc","rating":1028,"private":0,"password":""}