{"id":"gen9vgc2023regulationc-1852605418","p1":"madurum","p2":"nose1490","format":"[Gen 9] VGC 2023 Regulation C","log":"|j|\u2606madurum\n|j|\u2606nose1490\n|t:|1682584054\n|gametype|doubles\n|player|p1|madurum|gentleman|1132\n|player|p2|nose1490|byron|1165\n|teamsize|p1|6\n|teamsize|p2|6\n|gen|9\n|tier|[Gen 9] VGC 2023 Regulation C\n|rated|\n|rule|Species Clause: Limit one of each Pok\u00e9mon\n|rule|Item Clause: Limit one of each item\n|clearpoke\n|poke|p1|Ting-Lu, L50|\n|poke|p1|Abomasnow, L50, F|\n|poke|p1|Flutter Mane, L50|\n|poke|p1|Iron Hands, L50|\n|poke|p1|Bronzong, L50|\n|poke|p1|Arcanine, L50, F|\n|poke|p2|Tyranitar, L50, M|\n|poke|p2|Magnezone, L50|\n|poke|p2|Scizor, L50, M|\n|poke|p2|Avalugg, L50, M|\n|poke|p2|Glimmora, L50, M|\n|poke|p2|Skeledirge, L50, M|\n|teampreview|4\n|inactive|Battle timer is ON: inactive players will automatically lose when time's up. (requested by madurum)\n|inactive|nose1490 also wants the timer to be on.\n|\n|t:|1682584084\n|start\n|switch|p1a: Arcanine|Arcanine, L50, F, shiny|100\/100\n|switch|p1b: Bronzong|Bronzong, L50, shiny|100\/100\n|switch|p2a: Skeledirge|Skeledirge, L50, M|100\/100\n|switch|p2b: Scizor|Scizor, L50, M|100\/100\n|-ability|p1a: Arcanine|Intimidate|boost\n|-unboost|p2a: Skeledirge|atk|1\n|-unboost|p2b: Scizor|atk|1\n|turn|1\n|\n|t:|1682584103\n|switch|p2b: Tyranitar|Tyranitar, L50, M|100\/100\n|-weather|Sandstorm|[from] ability: Sand Stream|[of] p2b: Tyranitar\n|-terastallize|p1b: Bronzong|Fire\n|move|p1a: Arcanine|Will-O-Wisp|p2b: Tyranitar\n|-status|p2b: Tyranitar|brn\n|move|p2a: Skeledirge|Torch Song|p1b: Bronzong\n|-resisted|p1b: Bronzong\n|-damage|p1b: Bronzong|90\/100\n|-boost|p2a: Skeledirge|spa|1\n|-enditem|p1a: Arcanine|Mirror Herb\n|-boost|p1a: Arcanine|spa|1|[from] item: Mirror Herb\n|move|p1b: Bronzong|Trick Room|p1b: Bronzong\n|-fieldstart|move: Trick Room|[of] p1b: Bronzong\n|\n|-weather|Sandstorm|[upkeep]\n|-damage|p2a: Skeledirge|94\/100|[from] Sandstorm\n|-damage|p1a: Arcanine|95\/100|[from] Sandstorm\n|-heal|p2a: Skeledirge|100\/100|[from] item: Leftovers\n|-damage|p2b: Tyranitar|95\/100 brn|[from] brn\n|upkeep\n|turn|2\n|inactive|madurum has 30 seconds left.\n|\n|t:|1682584135\n|switch|p1a: Ting-Lu|Ting-Lu, L50|100\/100\n|-ability|p1a: Ting-Lu|Vessel of Ruin\n|move|p1b: Bronzong|Safeguard|p1b: Bronzong\n|-sidestart|p1: madurum|Safeguard\n|move|p2b: Tyranitar|Rock Slide|p1b: Bronzong|[spread] p1a,p1b\n|-resisted|p1a: Ting-Lu\n|-supereffective|p1b: Bronzong\n|-damage|p1a: Ting-Lu|97\/100\n|-damage|p1b: Bronzong|68\/100\n|move|p2a: Skeledirge|Torch Song|p1b: Bronzong\n|-resisted|p1b: Bronzong\n|-crit|p1b: Bronzong\n|-damage|p1b: Bronzong|50\/100\n|-boost|p2a: Skeledirge|spa|1\n|\n|-weather|Sandstorm|[upkeep]\n|-damage|p2a: Skeledirge|94\/100|[from] Sandstorm\n|-heal|p2a: Skeledirge|100\/100|[from] item: Leftovers\n|-damage|p2b: Tyranitar|89\/100 brn|[from] brn\n|upkeep\n|turn|3\n|inactive|madurum has 30 seconds left.\n|\n|t:|1682584163\n|switch|p2b: Avalugg|Avalugg, L50, M|100\/100\n|move|p2a: Skeledirge|Protect|p2a: Skeledirge\n|-singleturn|p2a: Skeledirge|Protect\n|move|p1b: Bronzong|Gyro Ball|p2b: Avalugg\n|-supereffective|p2b: Avalugg\n|-damage|p2b: Avalugg|89\/100\n|move|p1a: Ting-Lu|Earthquake|p2b: Avalugg|[spread] p2b\n|-activate|p2a: Skeledirge|move: Protect\n|-immune|p1b: Bronzong|[from] ability: Levitate\n|-damage|p2b: Avalugg|67\/100\n|\n|-weather|Sandstorm|[upkeep]\n|-damage|p2a: Skeledirge|94\/100|[from] Sandstorm\n|-heal|p2a: Skeledirge|100\/100|[from] item: Leftovers\n|upkeep\n|turn|4\n|inactive|nose1490 has 30 seconds left.\n|\n|t:|1682584189\n|-terastallize|p2a: Skeledirge|Normal\n|move|p1b: Bronzong|Gyro Ball|p2a: Skeledirge\n|-damage|p2a: Skeledirge|83\/100\n|move|p1a: Ting-Lu|Earthquake|p2b: Avalugg|[spread] p2a,p2b\n|-immune|p1b: Bronzong|[from] ability: Levitate\n|-damage|p2a: Skeledirge|38\/100\n|-damage|p2b: Avalugg|42\/100\n|move|p2b: Avalugg|Recover|p2b: Avalugg\n|-heal|p2b: Avalugg|92\/100\n|move|p2a: Skeledirge|Torch Song|p1b: Bronzong\n|-resisted|p1b: Bronzong\n|-damage|p1b: Bronzong|35\/100\n|-boost|p2a: Skeledirge|spa|1\n|\n|-weather|Sandstorm|[upkeep]\n|-damage|p2a: Skeledirge|32\/100|[from] Sandstorm\n|-heal|p2a: Skeledirge|38\/100|[from] item: Leftovers\n|upkeep\n|turn|5\n|\n|t:|1682584214\n|move|p1b: Bronzong|Protect|p1b: Bronzong\n|-singleturn|p1b: Bronzong|Protect\n|move|p2a: Skeledirge|Protect|p2a: Skeledirge\n|-singleturn|p2a: Skeledirge|Protect\n|move|p1a: Ting-Lu|Earthquake|p2b: Avalugg|[spread] p2b\n|-activate|p1b: Bronzong|move: Protect\n|-activate|p2a: Skeledirge|move: Protect\n|-damage|p2b: Avalugg|70\/100\n|move|p2b: Avalugg|Body Press|p1a: Ting-Lu\n|-supereffective|p1a: Ting-Lu\n|-damage|p1a: Ting-Lu|49\/100\n|\n|-weather|none\n|-heal|p2a: Skeledirge|45\/100|[from] item: Leftovers\n|-fieldend|move: Trick Room\n|upkeep\n|turn|6\n|\n|t:|1682584234\n|move|p2a: Skeledirge|Slack Off|p2a: Skeledirge\n|-heal|p2a: Skeledirge|95\/100\n|move|p2b: Avalugg|Ice Spinner|p1a: Ting-Lu\n|-supereffective|p1a: Ting-Lu\n|-damage|p1a: Ting-Lu|9\/100\n|move|p1a: Ting-Lu|Earthquake|p2b: Avalugg|[spread] p2a,p2b\n|-immune|p1b: Bronzong|[from] ability: Levitate\n|-damage|p2a: Skeledirge|51\/100\n|-damage|p2b: Avalugg|47\/100\n|move|p1b: Bronzong|Trick Room|p1b: Bronzong\n|-fieldstart|move: Trick Room|[of] p1b: Bronzong\n|\n|-heal|p2a: Skeledirge|57\/100|[from] item: Leftovers\n|-sideend|p1: madurum|Safeguard\n|upkeep\n|turn|7\n|inactive|madurum has 30 seconds left.\n|\n|t:|1682584259\n|move|p2a: Skeledirge|Protect|p2a: Skeledirge\n|-singleturn|p2a: Skeledirge|Protect\n|move|p1b: Bronzong|Gyro Ball|p2b: Avalugg\n|-supereffective|p2b: Avalugg\n|-damage|p2b: Avalugg|37\/100\n|move|p1a: Ting-Lu|Earthquake|p2a: Skeledirge|[spread] p2b\n|-activate|p2a: Skeledirge|move: Protect\n|-immune|p1b: Bronzong|[from] ability: Levitate\n|-damage|p2b: Avalugg|14\/100\n|move|p2b: Avalugg|Recover|p2b: Avalugg\n|-heal|p2b: Avalugg|64\/100\n|\n|-heal|p2a: Skeledirge|63\/100|[from] item: Leftovers\n|upkeep\n|turn|8\n|\n|t:|1682584272\n|move|p1b: Bronzong|Gyro Ball|p2a: Skeledirge\n|-damage|p2a: Skeledirge|47\/100\n|move|p1a: Ting-Lu|Earthquake|p2b: Avalugg|[spread] p2a,p2b\n|-immune|p1b: Bronzong|[from] ability: Levitate\n|-damage|p2a: Skeledirge|0 fnt\n|-damage|p2b: Avalugg|43\/100\n|faint|p2a: Skeledirge\n|move|p2b: Avalugg|Recover|p2b: Avalugg\n|-heal|p2b: Avalugg|93\/100\n|\n|upkeep\n|c|\u2606madurum|zzz\n|\n|t:|1682584286\n|switch|p2a: Scizor|Scizor, L50, M|100\/100\n|turn|9\n|\n|t:|1682584303\n|move|p1b: Bronzong|Protect|p1b: Bronzong\n|-singleturn|p1b: Bronzong|Protect\n|move|p2a: Scizor|Protect|p2a: Scizor\n|-singleturn|p2a: Scizor|Protect\n|move|p1a: Ting-Lu|Earthquake|p2a: Scizor|[spread] p2b\n|-activate|p1b: Bronzong|move: Protect\n|-activate|p2a: Scizor|move: Protect\n|-damage|p2b: Avalugg|69\/100\n|move|p2b: Avalugg|Body Press|p1b: Bronzong\n|-activate|p1b: Bronzong|move: Protect\n|\n|upkeep\n|turn|10\n|\n|t:|1682584334\n|move|p2a: Scizor|Bullet Punch|p1a: Ting-Lu\n|-damage|p1a: Ting-Lu|0 fnt\n|faint|p1a: Ting-Lu\n|-damage|p2a: Scizor|91\/100|[from] item: Life Orb\n|move|p1b: Bronzong|Gyro Ball|p2a: Scizor\n|-resisted|p2a: Scizor\n|-damage|p2a: Scizor|84\/100\n|move|p2b: Avalugg|Body Press|p1b: Bronzong\n|-damage|p1b: Bronzong|1\/100\n|\n|-fieldend|move: Trick Room\n|upkeep\n|\n|t:|1682584338\n|switch|p1a: Arcanine|Arcanine, L50, F, shiny|95\/100\n|-ability|p1a: Arcanine|Intimidate|boost\n|-unboost|p2a: Scizor|atk|1\n|-unboost|p2b: Avalugg|atk|1\n|turn|11\n|\n|t:|1682584350\n|switch|p2a: Tyranitar|Tyranitar, L50, M|89\/100 brn\n|-weather|Sandstorm|[from] ability: Sand Stream|[of] p2a: Tyranitar\n|move|p1b: Bronzong|Protect|p1b: Bronzong\n|-singleturn|p1b: Bronzong|Protect\n|move|p1a: Arcanine|Will-O-Wisp|p2a: Tyranitar\n|-fail|p2a: Tyranitar|brn\n|move|p2b: Avalugg|Body Press|p1a: Arcanine\n|-damage|p1a: Arcanine|53\/100\n|\n|-weather|Sandstorm|[upkeep]\n|-damage|p1a: Arcanine|47\/100|[from] Sandstorm\n|-damage|p2a: Tyranitar|83\/100 brn|[from] brn\n|upkeep\n|turn|12\n|inactive|madurum has 30 seconds left.\n|inactive|madurum has 20 seconds left.\n|\n|t:|1682584392\n|move|p1a: Arcanine|Flare Blitz|p2b: Avalugg\n|-supereffective|p2b: Avalugg\n|-damage|p2b: Avalugg|21\/100\n|-damage|p1a: Arcanine|30\/100|[from] Recoil\n|move|p2a: Tyranitar|Rock Slide|p1a: Arcanine|[spread] p1a,p1b\n|-supereffective|p1a: Arcanine\n|-supereffective|p1b: Bronzong\n|-damage|p1a: Arcanine|0 fnt\n|-damage|p1b: Bronzong|0 fnt\n|faint|p1a: Arcanine\n|faint|p1b: Bronzong\n|move|p2b: Avalugg|Recover|p2b: Avalugg\n|-heal|p2b: Avalugg|71\/100\n|\n|-weather|Sandstorm|[upkeep]\n|-damage|p2a: Tyranitar|77\/100 brn|[from] brn\n|upkeep\n|\n|t:|1682584399\n|switch|p1b: Flutter Mane|Flutter Mane, L50, shiny|100\/100\n|turn|13\n|\n|t:|1682584411\n|move|p1b: Flutter Mane|Moonblast|p2a: Tyranitar\n|-supereffective|p2a: Tyranitar\n|-damage|p2a: Tyranitar|6\/100 brn\n|-enditem|p2a: Tyranitar|Weakness Policy\n|-boost|p2a: Tyranitar|atk|2|[from] item: Weakness Policy\n|-boost|p2a: Tyranitar|spa|2|[from] item: Weakness Policy\n|move|p2a: Tyranitar|Crunch|p1b: Flutter Mane\n|-damage|p1b: Flutter Mane|40\/100\n|move|p2b: Avalugg|Heavy Slam|p1b: Flutter Mane\n|-supereffective|p1b: Flutter Mane\n|-damage|p1b: Flutter Mane|0 fnt\n|faint|p1b: Flutter Mane\n|-end|p1b: Flutter Mane|Protosynthesis|[silent]\n|\n|win|nose1490\n|raw|madurum's rating: 1132 → 1109<\/strong> (-23 for losing)\n|raw|nose1490's rating: 1165 → 1188<\/strong> (+23 for winning)\n|l|\u2606madurum\n","uploadtime":1682584421,"views":12,"p1id":"madurum","p2id":"nose1490","formatid":"gen9vgc2023regulationc","rating":1109,"private":0,"password":""}