{"id":"gen9vgc2023regulationc-1850092113","p1":"Roadies","p2":"1og0ut","format":"[Gen 9] VGC 2023 Regulation C","log":"|j|\u2606Roadies\n|j|\u26061og0ut\n|t:|1682286318\n|gametype|doubles\n|player|p1|Roadies|elaine|1109\n|player|p2|1og0ut|cheren|1069\n|teamsize|p1|6\n|teamsize|p2|6\n|gen|9\n|tier|[Gen 9] VGC 2023 Regulation C\n|rated|\n|rule|Species Clause: Limit one of each Pok\u00e9mon\n|rule|Item Clause: Limit one of each item\n|clearpoke\n|poke|p1|Maushold-Four, L50|\n|poke|p1|Hatterene, L50, F|\n|poke|p1|Kingambit, L50, M|\n|poke|p1|Dragonite, L50, M|\n|poke|p1|Annihilape, L50, M|\n|poke|p1|Amoonguss, L50, M|\n|poke|p2|Mimikyu, L50, F|\n|poke|p2|Iron Hands, L50|\n|poke|p2|Hatterene, L50, F|\n|poke|p2|Torkoal, L50, M|\n|poke|p2|Clodsire, L50, F|\n|poke|p2|Garganacl, L50, F|\n|teampreview|4\n|inactive|Battle timer is ON: inactive players will automatically lose when time's up. (requested by 1og0ut)\n|\n|t:|1682286396\n|start\n|switch|p1a: Sussy Baka|Amoonguss, L50, M|100\/100\n|switch|p1b: Daddy|Kingambit, L50, M|100\/100\n|switch|p2a: Pin|Mimikyu, L50, F|100\/100\n|switch|p2b: Canyon|Torkoal, L50, M|100\/100\n|-weather|SunnyDay|[from] ability: Drought|[of] p2b: Canyon\n|turn|1\n|\n|t:|1682286419\n|switch|p1a: Brother|Dragonite, L50, M|100\/100\n|-terastallize|p1b: Daddy|Fire\n|-terastallize|p2b: Canyon|Steel\n|move|p1b: Daddy|Swords Dance|p1b: Daddy\n|-boost|p1b: Daddy|atk|2\n|move|p2b: Canyon|Eruption|p1b: Daddy|[spread] p1a,p1b\n|-resisted|p1a: Brother\n|-resisted|p1b: Daddy\n|-damage|p1a: Brother|78\/100\n|-damage|p1b: Daddy|61\/100\n|move|p2a: Pin|Trick Room|p2a: Pin\n|-fieldstart|move: Trick Room|[of] p2a: Pin\n|\n|-weather|SunnyDay|[upkeep]\n|upkeep\n|turn|2\n|inactive|Roadies has 30 seconds left.\n|inactive|Roadies has 20 seconds left.\n|inactive|Roadies has 15 seconds left.\n|\n|t:|1682286462\n|move|p2b: Canyon|Earth Power|p1b: Daddy\n|-supereffective|p1b: Daddy\n|-damage|p1b: Daddy|15\/100\n|move|p1b: Daddy|Iron Head|p2a: Pin\n|-activate|p2a: Pin|ability: Disguise\n|-damage|p2a: Pin|100\/100\n|detailschange|p2a: Pin|Mimikyu-Busted, L50, F\n|-damage|p2a: Pin|88\/100|[from] pokemon: Mimikyu-Busted\n|move|p2a: Pin|Swords Dance|p2a: Pin\n|-boost|p2a: Pin|atk|2\n|move|p1a: Brother|Fire Punch|p2b: Canyon\n|-supereffective|p2b: Canyon\n|-damage|p2b: Canyon|30\/100\n|\n|-weather|SunnyDay|[upkeep]\n|upkeep\n|turn|3\n|inactive|Roadies has 30 seconds left.\n|inactive|Roadies has 20 seconds left.\n|inactive|Roadies has 15 seconds left.\n|\n|t:|1682286504\n|move|p1a: Brother|Extreme Speed|p2b: Canyon\n|-resisted|p2b: Canyon\n|-damage|p2b: Canyon|17\/100\n|move|p1b: Daddy|Sucker Punch|p2a: Pin\n|-crit|p2a: Pin\n|-damage|p2a: Pin|0 fnt\n|faint|p2a: Pin\n|move|p2b: Canyon|Eruption|p1a: Brother|[spread] p1a,p1b\n|-resisted|p1a: Brother\n|-resisted|p1b: Daddy\n|-damage|p1a: Brother|70\/100\n|-damage|p1b: Daddy|8\/100\n|\n|-weather|SunnyDay|[upkeep]\n|upkeep\n|\n|t:|1682286516\n|switch|p2a: Garganacl|Garganacl, L50, F|100\/100\n|turn|4\n|inactive|Roadies has 30 seconds left.\n|inactive|Roadies has 20 seconds left.\n|inactive|Roadies has 15 seconds left.\n|inactive|Roadies has 10 seconds left.\n|inactive|Roadies has 5 seconds left.\n|\n|t:|1682286567\n|move|p1b: Daddy|Sucker Punch|p2b: Canyon\n|-damage|p2b: Canyon|0 fnt\n|faint|p2b: Canyon\n|move|p2a: Garganacl|Stealth Rock|p1b: Daddy\n|-sidestart|p1: Roadies|move: Stealth Rock\n|move|p1a: Brother|Dragon Dance|p1a: Brother\n|-boost|p1a: Brother|atk|1\n|-boost|p1a: Brother|spe|1\n|\n|-weather|SunnyDay|[upkeep]\n|upkeep\n|\n|t:|1682286575\n|switch|p2b: rips|Hatterene, L50, F|100\/100\n|turn|5\n|\n|t:|1682286593\n|move|p1a: Brother|Extreme Speed|p2b: rips\n|-damage|p2b: rips|50\/100\n|move|p1b: Daddy|Sucker Punch|p2b: rips\n|-damage|p2b: rips|0 fnt\n|faint|p2b: rips\n|move|p2a: Garganacl|Rock Slide|p1b: Daddy|[spread] p1a,p1b\n|-supereffective|p1a: Brother\n|-supereffective|p1b: Daddy\n|-damage|p1a: Brother|23\/100\n|-damage|p1b: Daddy|0 fnt\n|faint|p1b: Daddy\n|\n|-weather|none\n|-fieldend|move: Trick Room\n|upkeep\n|\n|t:|1682286602\n|switch|p1b: Sussy Baka|Amoonguss, L50, M|100\/100\n|-damage|p1b: Sussy Baka|88\/100|[from] Stealth Rock\n|turn|6\n|\n|t:|1682286617\n|move|p1a: Brother|Outrage|p2a: Garganacl\n|-damage|p2a: Garganacl|34\/100\n|move|p1b: Sussy Baka|Spore|p2a: Garganacl\n|-immune|p2a: Garganacl|[from] ability: Purifying Salt\n|move|p2a: Garganacl|Rock Slide|p1b: Sussy Baka|[spread] p1a,p1b\n|-supereffective|p1a: Brother\n|-damage|p1a: Brother|0 fnt\n|-damage|p1b: Sussy Baka|67\/100\n|faint|p1a: Brother\n|\n|-heal|p1b: Sussy Baka|73\/100|[from] item: Black Sludge\n|-heal|p2a: Garganacl|40\/100|[from] item: Leftovers\n|upkeep\n|\n|t:|1682286627\n|switch|p1a: Pet mice|Maushold-Four, L50|100\/100\n|-damage|p1a: Pet mice|88\/100|[from] Stealth Rock\n|turn|7\n|inactive|Roadies has 30 seconds left.\n|\n|t:|1682286655\n|move|p1a: Pet mice|Tidy Up|p1a: Pet mice\n|-sideend|p1: Roadies|Stealth Rock\n|-activate|p1a: Pet mice|move: Tidy Up\n|-boost|p1a: Pet mice|atk|1\n|-boost|p1a: Pet mice|spe|1\n|move|p1b: Sussy Baka|Sludge Bomb|p2a: Garganacl\n|-resisted|p2a: Garganacl\n|-damage|p2a: Garganacl|24\/100\n|move|p2a: Garganacl|Salt Cure|p1b: Sussy Baka\n|-damage|p1b: Sussy Baka|58\/100\n|-start|p1b: Sussy Baka|Salt Cure\n|\n|-heal|p1b: Sussy Baka|64\/100|[from] item: Black Sludge\n|-heal|p2a: Garganacl|31\/100|[from] item: Leftovers\n|-damage|p1b: Sussy Baka|52\/100|[from] Salt Cure\n|upkeep\n|turn|8\n|inactive|Roadies has 30 seconds left.\n|\n|t:|1682286681\n|move|p1a: Pet mice|Tidy Up|p1a: Pet mice\n|-boost|p1a: Pet mice|atk|1\n|-boost|p1a: Pet mice|spe|1\n|move|p1b: Sussy Baka|Sludge Bomb|p2a: Garganacl\n|-resisted|p2a: Garganacl\n|-damage|p2a: Garganacl|15\/100\n|move|p2a: Garganacl|Rock Slide|p1b: Sussy Baka|[spread] p1a,p1b\n|-damage|p1a: Pet mice|56\/100\n|-damage|p1b: Sussy Baka|33\/100\n|\n|-heal|p1b: Sussy Baka|39\/100|[from] item: Black Sludge\n|-heal|p2a: Garganacl|21\/100|[from] item: Leftovers\n|-damage|p1b: Sussy Baka|26\/100|[from] Salt Cure\n|upkeep\n|turn|9\n|\n|t:|1682286697\n|move|p1a: Pet mice|Population Bomb|p2a: Garganacl\n|-resisted|p2a: Garganacl\n|-damage|p2a: Garganacl|14\/100\n|-resisted|p2a: Garganacl\n|-crit|p2a: Garganacl\n|-damage|p2a: Garganacl|2\/100\n|-resisted|p2a: Garganacl\n|-damage|p2a: Garganacl|0 fnt\n|faint|p2a: Garganacl\n|-hitcount|p2: Garganacl|3\n|\n|win|Roadies\n|raw|Roadies's rating: 1109 → 1131<\/strong> (+22 for winning)\n|raw|1og0ut's rating: 1069 → 1051<\/strong> (-18 for losing)\n|l|\u26061og0ut\n","uploadtime":1682286729,"views":5,"p1id":"roadies","p2id":"1og0ut","formatid":"gen9vgc2023regulationc","rating":1051,"private":0,"password":""}