{"id":"gen9vgc2023regulationc-1852714541","p1":"kyleeto","p2":"Reduxlemon","format":"[Gen 9] VGC 2023 Regulation C","log":"|j|\u2606kyleeto\n|j|\u2606Reduxlemon\n|t:|1682599537\n|gametype|doubles\n|player|p1|kyleeto|bugcatcher-gen4dp|1202\n|player|p2|Reduxlemon|red|1217\n|teamsize|p1|6\n|teamsize|p2|6\n|gen|9\n|tier|[Gen 9] VGC 2023 Regulation C\n|rated|\n|rule|Species Clause: Limit one of each Pok\u00e9mon\n|rule|Item Clause: Limit one of each item\n|clearpoke\n|poke|p1|Chien-Pao, L50|\n|poke|p1|Dragonite, L50, F|\n|poke|p1|Maushold-Four, L50|\n|poke|p1|Farigiraf, L50, M|\n|poke|p1|Annihilape, L50, F|\n|poke|p1|Scizor, L50, M|\n|poke|p2|Roaring Moon, L50|\n|poke|p2|Iron Bundle, L50|\n|poke|p2|Flutter Mane, L50|\n|poke|p2|Amoonguss, L50, M|\n|poke|p2|Palafin, L50, M|\n|poke|p2|Ting-Lu, L50|\n|teampreview|4\nkyleeto rejected open team sheets.\n|inactive|Battle timer is ON: inactive players will automatically lose when time's up. (requested by kyleeto)\n|inactive|Reduxlemon has 60 seconds left.\n|\n|t:|1682599652\n|start\n|switch|p1a: Farigiraf|Farigiraf, L50, M|100\/100\n|switch|p1b: Scizor|Scizor, L50, M|100\/100\n|switch|p2a: Flutter Mane|Flutter Mane, L50|100\/100\n|switch|p2b: Palafin|Palafin, L50, M, shiny|100\/100\n|turn|1\n|\n|t:|1682599676\n|-end|p2a: Flutter Mane|Protosynthesis|[silent]\n|switch|p2a: Amoonguss|Amoonguss, L50, M, shiny|100\/100\n|detailschange|p2b: Palafin|Palafin-Hero, L50, M, shiny\n|switch|p2b: Roaring Moon|Roaring Moon, L50|100\/100\n|-enditem|p2b: Roaring Moon|Booster Energy\n|-activate|p2b: Roaring Moon|ability: Protosynthesis|[fromitem]\n|-start|p2b: Roaring Moon|protosynthesisatk\n|move|p1b: Scizor|Protect|p1b: Scizor\n|-singleturn|p1b: Scizor|Protect\n|move|p1a: Farigiraf|Psychic|p2b: Roaring Moon\n|-immune|p2b: Roaring Moon\n|\n|upkeep\n|turn|2\n|\n|t:|1682599696\n|-terastallize|p1a: Farigiraf|Fairy\n|move|p2a: Amoonguss|Rage Powder|p2a: Amoonguss\n|-singleturn|p2a: Amoonguss|move: Rage Powder\n|move|p2b: Roaring Moon|Throat Chop|p1a: Farigiraf\n|-resisted|p1a: Farigiraf\n|-damage|p1a: Farigiraf|67\/100\n|-start|p1a: Farigiraf|Throat Chop|[silent]\n|move|p1b: Scizor|Close Combat|p2a: Amoonguss\n|-resisted|p2a: Amoonguss\n|-damage|p2a: Amoonguss|83\/100\n|-unboost|p1b: Scizor|def|1\n|-unboost|p1b: Scizor|spd|1\n|-damage|p1b: Scizor|91\/100|[from] item: Life Orb\n|move|p1a: Farigiraf|Psychic|p2a: Amoonguss\n|-supereffective|p2a: Amoonguss\n|-damage|p2a: Amoonguss|4\/100\n|-enditem|p2a: Amoonguss|Sitrus Berry|[eat]\n|-heal|p2a: Amoonguss|29\/100|[from] item: Sitrus Berry\n|\n|upkeep\n|turn|3\n|inactive|Reduxlemon has 30 seconds left.\n|\n|t:|1682599724\n|-terastallize|p2b: Roaring Moon|Flying\n|move|p1b: Scizor|Protect|p1b: Scizor\n|-singleturn|p1b: Scizor|Protect\n|move|p2a: Amoonguss|Protect|p2a: Amoonguss\n|-singleturn|p2a: Amoonguss|Protect\n|move|p2b: Roaring Moon|Acrobatics|p1b: Scizor\n|-activate|p1b: Scizor|move: Protect\n|move|p1a: Farigiraf|Psychic|p2a: Amoonguss\n|-activate|p2a: Amoonguss|move: Protect\n|\n|-end|p1a: Farigiraf|Throat Chop|[silent]\n|upkeep\n|turn|4\n|inactive|kyleeto has 30 seconds left.\n|\n|t:|1682599749\n|switch|p1b: Dragonite|Dragonite, L50, F|100\/100\n|move|p2b: Roaring Moon|Acrobatics|p1b: Dragonite\n|-damage|p1b: Dragonite|61\/100\n|move|p1a: Farigiraf|Psychic|p2a: Amoonguss\n|-supereffective|p2a: Amoonguss\n|-damage|p2a: Amoonguss|0 fnt\n|faint|p2a: Amoonguss\n|\n|upkeep\n|inactive|Reduxlemon has 30 seconds left.\n|inactive|Reduxlemon has 20 seconds left.\n|inactive|Reduxlemon has 15 seconds left.\n|inactive|Reduxlemon has 10 seconds left.\n|\n|t:|1682599797\n|switch|p2a: Palafin|Palafin-Hero, L50, M, shiny|100\/100\n|-activate|p2a: Palafin|ability: Zero to Hero\n|turn|5\n|\n|t:|1682599809\n|move|p2a: Palafin|Protect|p2a: Palafin\n|-singleturn|p2a: Palafin|Protect\n|move|p1b: Dragonite|Extreme Speed|p2a: Palafin\n|-activate|p2a: Palafin|move: Protect\n|move|p2b: Roaring Moon|Dragon Dance|p2b: Roaring Moon\n|-boost|p2b: Roaring Moon|atk|1\n|-boost|p2b: Roaring Moon|spe|1\n|move|p1a: Farigiraf|Psychic|p2a: Palafin\n|-activate|p2a: Palafin|move: Protect\n|\n|upkeep\n|turn|6\n|\n|t:|1682599826\n|move|p1b: Dragonite|Extreme Speed|p2a: Palafin\n|-damage|p2a: Palafin|70\/100\n|move|p2a: Palafin|Jet Punch||[still]\n|cant|p1a: Farigiraf|ability: Armor Tail|Jet Punch|[of] p2a: Palafin\n|move|p2b: Roaring Moon|Acrobatics|p1b: Dragonite\n|-damage|p1b: Dragonite|0 fnt\n|faint|p1b: Dragonite\n|move|p1a: Farigiraf|Psychic|p2a: Palafin\n|-damage|p2a: Palafin|27\/100\n|\n|upkeep\n|\n|t:|1682599838\n|switch|p1b: Scizor|Scizor, L50, M|91\/100\n|turn|7\n|\n|t:|1682599846\n|move|p2a: Palafin|Protect|p2a: Palafin\n|-singleturn|p2a: Palafin|Protect\n|move|p1b: Scizor|Bullet Punch|p2b: Roaring Moon\n|-damage|p2b: Roaring Moon|62\/100\n|-damage|p1b: Scizor|82\/100|[from] item: Life Orb\n|move|p2b: Roaring Moon|Acrobatics|p1a: Farigiraf\n|-damage|p1a: Farigiraf|0 fnt\n|faint|p1a: Farigiraf\n|\n|upkeep\n|\n|t:|1682599855\n|switch|p1a: Chien-Pao|Chien-Pao, L50|100\/100\n|-ability|p1a: Chien-Pao|Sword of Ruin\n|turn|8\n|\n|t:|1682599879\n|move|p1a: Chien-Pao|Sucker Punch|p2b: Roaring Moon\n|-damage|p2b: Roaring Moon|12\/100\n|move|p2a: Palafin|Jet Punch|p1a: Chien-Pao\n|-damage|p1a: Chien-Pao|31\/100\n|move|p2b: Roaring Moon|Acrobatics|p1b: Scizor\n|-damage|p1b: Scizor|0 fnt\n|faint|p1b: Scizor\n|\n|upkeep\n|turn|9\n|\n|t:|1682599895\n|move|p2b: Roaring Moon|Protect|p2b: Roaring Moon\n|-singleturn|p2b: Roaring Moon|Protect\n|move|p1a: Chien-Pao|Sucker Punch|p2a: Palafin\n|-damage|p2a: Palafin|0 fnt\n|faint|p2a: Palafin\n|\n|upkeep\n|\n|t:|1682599902\n|switch|p2a: Flutter Mane|Flutter Mane, L50|100\/100\n|turn|10\n|\n|t:|1682599914\n|move|p1a: Chien-Pao|Sucker Punch|p2b: Roaring Moon\n|-damage|p2b: Roaring Moon|0 fnt\n|faint|p2b: Roaring Moon\n|-end|p2b: Roaring Moon|Protosynthesis|[silent]\n|move|p2a: Flutter Mane|Moonblast|p1a: Chien-Pao\n|-supereffective|p1a: Chien-Pao\n|-damage|p1a: Chien-Pao|0 fnt\n|faint|p1a: Chien-Pao\n|\n|win|Reduxlemon\n|raw|kyleeto's rating: 1202 → 1178<\/strong> (-24 for losing)\n|raw|Reduxlemon's rating: 1217 → 1241<\/strong> (+24 for winning)\n|l|\u2606kyleeto\n","uploadtime":1682599926,"views":16,"p1id":"kyleeto","p2id":"reduxlemon","formatid":"gen9vgc2023regulationc","rating":1178,"private":0,"password":""}