{"id":"gen9vgc2023regulationc-1849516474","p1":"OnHoldWithTheIRS","p2":"jingeno","format":"[Gen 9] VGC 2023 Regulation C","log":"|j|\u2606OnHoldWithTheIRS\n|j|\u2606jingeno\n|t:|1682207830\n|gametype|doubles\n|player|p1|OnHoldWithTheIRS|clerk|1188\n|player|p2|jingeno|1|1153\n|teamsize|p1|6\n|teamsize|p2|6\n|gen|9\n|tier|[Gen 9] VGC 2023 Regulation C\n|rated|\n|rule|Species Clause: Limit one of each Pok\u00e9mon\n|rule|Item Clause: Limit one of each item\n|clearpoke\n|poke|p1|Baxcalibur, L50, F|\n|poke|p1|Sandy Shocks, L50|\n|poke|p1|Klefki, L50, M|\n|poke|p1|Armarouge, L50, M|\n|poke|p1|Rotom-Wash, L50|\n|poke|p1|Meowscarada, L50, F|\n|poke|p2|Ting-Lu, L50|\n|poke|p2|Corviknight, L50, M|\n|poke|p2|Scream Tail, L50|\n|poke|p2|Kingambit, L50, F|\n|poke|p2|Flutter Mane, L50|\n|poke|p2|Gyarados, L50, F|\n|teampreview|4\nOnHoldWithTheIRS has agreed to open team sheets.\n|inactive|Battle timer is ON: inactive players will automatically lose when time's up. (requested by jingeno)\n|\n|t:|1682207961\n|start\n|switch|p1a: Sandy Shocks|Sandy Shocks, L50|100\/100\n|switch|p1b: Klefki|Klefki, L50, M|100\/100\n|switch|p2a: Ting-Lu|Ting-Lu, L50|100\/100\n|switch|p2b: Corviknight|Corviknight, L50, M|100\/100\n|-ability|p2a: Ting-Lu|Vessel of Ruin\n|turn|1\n|inactive|OnHoldWithTheIRS has 30 seconds left.\n|inactive|OnHoldWithTheIRS has 20 seconds left.\n|\n|t:|1682208001\n|move|p1b: Klefki|Reflect|p1b: Klefki\n|-sidestart|p1: OnHoldWithTheIRS|Reflect\n|move|p1a: Sandy Shocks|Volt Switch|p2b: Corviknight\n|-supereffective|p2b: Corviknight\n|-damage|p2b: Corviknight|59\/100\n|\n|t:|1682208007\n|-end|p1a: Sandy Shocks|Protosynthesis|[silent]\n|switch|p1a: Rotom|Rotom-Wash, L50|100\/100|[from] Volt Switch\n|move|p2b: Corviknight|Body Press|p1a: Rotom\n|-damage|p1a: Rotom|84\/100\n|move|p2a: Ting-Lu|Earthquake|p1b: Klefki|[spread] p1b\n|-immune|p2b: Corviknight\n|-immune|p1a: Rotom|[from] ability: Levitate\n|-supereffective|p1b: Klefki\n|-damage|p1b: Klefki|49\/100\n|\n|upkeep\n|turn|2\n|inactive|jingeno has 30 seconds left.\n|inactive|jingeno has 20 seconds left.\n|inactive|jingeno has 15 seconds left.\n|\n|t:|1682208052\n|-terastallize|p2b: Corviknight|Dragon\n|move|p1b: Klefki|Thunder Wave|p2b: Corviknight\n|-status|p2b: Corviknight|par\n|-enditem|p2b: Corviknight|Lum Berry|[eat]\n|-curestatus|p2b: Corviknight|par|[msg]\n|move|p1a: Rotom|Will-O-Wisp|p2a: Ting-Lu\n|-status|p2a: Ting-Lu|brn\n|move|p2b: Corviknight|Roost|p2b: Corviknight\n|-heal|p2b: Corviknight|100\/100\n|move|p2a: Ting-Lu|Earthquake|p1b: Klefki|[spread] p2b,p1b\n|-immune|p1a: Rotom|[from] ability: Levitate\n|-supereffective|p1b: Klefki\n|-damage|p2b: Corviknight|88\/100\n|-damage|p1b: Klefki|23\/100\n|\n|-damage|p2a: Ting-Lu|94\/100 brn|[from] brn\n|upkeep\n|turn|3\n|inactive|OnHoldWithTheIRS has 30 seconds left.\n|\n|t:|1682208080\n|move|p1b: Klefki|Rest|p1b: Klefki\n|-status|p1b: Klefki|slp|[from] move: Rest\n|-heal|p1b: Klefki|100\/100 slp|[silent]\n|-enditem|p1b: Klefki|Chesto Berry|[eat]\n|-curestatus|p1b: Klefki|slp|[msg]\n|move|p1a: Rotom|Will-O-Wisp|p2b: Corviknight\n|-status|p2b: Corviknight|brn\n|move|p2b: Corviknight|Bulk Up|p2b: Corviknight\n|-boost|p2b: Corviknight|atk|1\n|-boost|p2b: Corviknight|def|1\n|move|p2a: Ting-Lu|Earthquake|p1b: Klefki|[spread] p2b,p1b\n|-immune|p1a: Rotom|[from] ability: Levitate\n|-supereffective|p1b: Klefki\n|-damage|p2b: Corviknight|79\/100 brn\n|-damage|p1b: Klefki|74\/100\n|\n|-heal|p2a: Ting-Lu|100\/100 brn|[from] item: Leftovers\n|-damage|p2b: Corviknight|73\/100 brn|[from] brn\n|-damage|p2a: Ting-Lu|94\/100 brn|[from] brn\n|upkeep\n|turn|4\n|inactive|OnHoldWithTheIRS has 30 seconds left.\n|inactive|OnHoldWithTheIRS has 20 seconds left.\n|inactive|OnHoldWithTheIRS has 15 seconds left.\n|inactive|OnHoldWithTheIRS has 10 seconds left.\n|\n|t:|1682208129\n|switch|p1a: Baxcalibur|Baxcalibur, L50, F|100\/100\n|move|p1b: Klefki|Dazzling Gleam|p2b: Corviknight|[spread] p2a,p2b\n|-supereffective|p2a: Ting-Lu\n|-supereffective|p2b: Corviknight\n|-damage|p2a: Ting-Lu|74\/100 brn\n|-damage|p2b: Corviknight|49\/100 brn\n|move|p2b: Corviknight|Roost|p2b: Corviknight\n|-heal|p2b: Corviknight|99\/100 brn\n|move|p2a: Ting-Lu|Earthquake|p1a: Baxcalibur|[spread] p2b,p1a,p1b\n|-supereffective|p1b: Klefki\n|-damage|p2b: Corviknight|90\/100 brn\n|-damage|p1a: Baxcalibur|90\/100\n|-damage|p1b: Klefki|45\/100\n|\n|-heal|p2a: Ting-Lu|80\/100 brn|[from] item: Leftovers\n|-damage|p2b: Corviknight|84\/100 brn|[from] brn\n|-damage|p2a: Ting-Lu|74\/100 brn|[from] brn\n|upkeep\n|turn|5\n|inactive|OnHoldWithTheIRS has 30 seconds left.\n|inactive|jingeno has 30 seconds left.\n|\n|t:|1682208159\n|move|p1a: Baxcalibur|Icicle Spear|p2b: Corviknight\n|-supereffective|p2b: Corviknight\n|-damage|p2b: Corviknight|70\/100 brn\n|-supereffective|p2b: Corviknight\n|-damage|p2b: Corviknight|55\/100 brn\n|-supereffective|p2b: Corviknight\n|-damage|p2b: Corviknight|40\/100 brn\n|-supereffective|p2b: Corviknight\n|-damage|p2b: Corviknight|25\/100 brn\n|-supereffective|p2b: Corviknight\n|-damage|p2b: Corviknight|11\/100 brn\n|-hitcount|p2b: Corviknight|5\n|move|p1b: Klefki|Dazzling Gleam|p2b: Corviknight|[spread] p2a,p2b\n|-supereffective|p2a: Ting-Lu\n|-supereffective|p2b: Corviknight\n|-damage|p2a: Ting-Lu|53\/100 brn\n|-damage|p2b: Corviknight|0 fnt\n|faint|p2b: Corviknight\n|move|p2a: Ting-Lu|Rock Slide|p1b: Klefki|[spread] p1a,p1b\n|-supereffective|p1a: Baxcalibur\n|-resisted|p1b: Klefki\n|-damage|p1a: Baxcalibur|78\/100\n|-damage|p1b: Klefki|42\/100\n|\n|-heal|p2a: Ting-Lu|59\/100 brn|[from] item: Leftovers\n|-damage|p2a: Ting-Lu|53\/100 brn|[from] brn\n|-sideend|p1: OnHoldWithTheIRS|Reflect\n|upkeep\n|inactive|jingeno has 30 seconds left.\n|\n|t:|1682208185\n|switch|p2b: Scream Tail|Scream Tail, L50|100\/100\n|-enditem|p2b: Scream Tail|Booster Energy\n|-activate|p2b: Scream Tail|ability: Protosynthesis|[fromitem]\n|-start|p2b: Scream Tail|protosynthesisspe\n|turn|6\n|\n|t:|1682208209\n|move|p1b: Klefki|Reflect|p1b: Klefki\n|-sidestart|p1: OnHoldWithTheIRS|Reflect\n|move|p2b: Scream Tail|Encore|p1b: Klefki\n|-start|p1b: Klefki|Encore\n|move|p1a: Baxcalibur|Icicle Spear|p2a: Ting-Lu\n|-supereffective|p2a: Ting-Lu\n|-crit|p2a: Ting-Lu\n|-damage|p2a: Ting-Lu|28\/100 brn\n|-supereffective|p2a: Ting-Lu\n|-damage|p2a: Ting-Lu|11\/100 brn\n|-supereffective|p2a: Ting-Lu\n|-damage|p2a: Ting-Lu|0 fnt\n|faint|p2a: Ting-Lu\n|-hitcount|p2: Ting-Lu|3\n|\n|upkeep\n|\n|t:|1682208219\n|switch|p2a: Kingambit|Kingambit, L50, F|100\/100\n|turn|7\n|inactive|OnHoldWithTheIRS has 30 seconds left.\n|inactive|OnHoldWithTheIRS has 20 seconds left.\n|\n|t:|1682208254\n|switch|p1b: Rotom|Rotom-Wash, L50|84\/100\n|move|p2b: Scream Tail|Disable|p1a: Baxcalibur\n|-start|p1a: Baxcalibur|Disable|Icicle Spear\n|cant|p1a: Baxcalibur|Disable|Icicle Spear\n|move|p2a: Kingambit|Swords Dance|p2a: Kingambit\n|-boost|p2a: Kingambit|atk|2\n|\n|upkeep\n|turn|8\n|\n|t:|1682208275\n|switch|p1a: Klefki|Klefki, L50, M|42\/100\n|move|p2a: Kingambit|Protect|p2a: Kingambit\n|-singleturn|p2a: Kingambit|Protect\n|move|p2b: Scream Tail|Howl|p2b: Scream Tail|[spread] p2a,p2b\n|-boost|p2a: Kingambit|atk|1\n|-boost|p2b: Scream Tail|atk|1\n|move|p1b: Rotom|Will-O-Wisp|p2a: Kingambit\n|-activate|p2a: Kingambit|move: Protect\n|\n|upkeep\n|turn|9\n|\n|t:|1682208293\n|move|p1a: Klefki|Thunder Wave|p2b: Scream Tail\n|-status|p2b: Scream Tail|par\n|cant|p2b: Scream Tail|par\n|move|p1b: Rotom|Thunderbolt|p2a: Kingambit\n|-damage|p2a: Kingambit|63\/100\n|move|p2a: Kingambit|Kowtow Cleave|p1b: Rotom\n|-damage|p1b: Rotom|0 fnt\n|faint|p1b: Rotom\n|\n|upkeep\n|\n|t:|1682208306\n|switch|p1b: Sandy Shocks|Sandy Shocks, L50|100\/100\n|turn|10\n|\n|t:|1682208324\n|move|p2a: Kingambit|Protect|p2a: Kingambit\n|-singleturn|p2a: Kingambit|Protect\n|move|p1b: Sandy Shocks|Earth Power|p2a: Kingambit\n|-activate|p2a: Kingambit|move: Protect\n|move|p2b: Scream Tail|Howl|p2b: Scream Tail|[spread] p2a,p2b\n|-boost|p2a: Kingambit|atk|1\n|-boost|p2b: Scream Tail|atk|1\n|move|p1a: Klefki|Dazzling Gleam|p2a: Kingambit|[spread] p2b\n|-activate|p2a: Kingambit|move: Protect\n|-damage|p2b: Scream Tail|88\/100 par\n|\n|-sideend|p1: OnHoldWithTheIRS|Reflect\n|upkeep\n|turn|11\n|inactive|OnHoldWithTheIRS has 30 seconds left.\n|inactive|OnHoldWithTheIRS has 20 seconds left.\n|\n|t:|1682208362\n|move|p1a: Klefki|Reflect|p1a: Klefki\n|-sidestart|p1: OnHoldWithTheIRS|Reflect\n|move|p2a: Kingambit|Sucker Punch|p1b: Sandy Shocks\n|-damage|p1b: Sandy Shocks|15\/100\n|move|p1b: Sandy Shocks|Earth Power|p2a: Kingambit\n|-supereffective|p2a: Kingambit\n|-damage|p2a: Kingambit|0 fnt\n|faint|p2a: Kingambit\n|move|p2b: Scream Tail|Encore|p1a: Klefki\n|-start|p1a: Klefki|Encore\n|\n|upkeep\n|turn|12\n|\n|t:|1682208381\n|switch|p1a: Baxcalibur|Baxcalibur, L50, F|78\/100\n|move|p1b: Sandy Shocks|Volt Switch|p2b: Scream Tail\n|-damage|p2b: Scream Tail|64\/100 par\n|\n|t:|1682208390\n|-end|p1b: Sandy Shocks|Protosynthesis|[silent]\n|switch|p1b: Klefki|Klefki, L50, M|42\/100|[from] Volt Switch\n|move|p2b: Scream Tail|Play Rough|p1b: Klefki|[miss]\n|-miss|p2b: Scream Tail|p1b: Klefki\n|\n|upkeep\n|turn|13\n|\n|t:|1682208397\n|move|p2b: Scream Tail|Play Rough|p1a: Baxcalibur\n|-supereffective|p1a: Baxcalibur\n|-damage|p1a: Baxcalibur|20\/100\n|move|p1a: Baxcalibur|Icicle Spear|p2b: Scream Tail\n|-damage|p2b: Scream Tail|53\/100 par\n|-damage|p2b: Scream Tail|41\/100 par\n|-damage|p2b: Scream Tail|28\/100 par\n|-damage|p2b: Scream Tail|15\/100 par\n|-hitcount|p2b: Scream Tail|4\n|move|p1b: Klefki|Dazzling Gleam|p2b: Scream Tail\n|-damage|p2b: Scream Tail|0 fnt\n|faint|p2b: Scream Tail\n|-end|p2b: Scream Tail|Protosynthesis|[silent]\n|\n|win|OnHoldWithTheIRS\n|raw|OnHoldWithTheIRS's rating: 1188 → 1210<\/strong> (+22 for winning)\n|raw|jingeno's rating: 1153 → 1131<\/strong> (-22 for losing)\n|c|\u2606OnHoldWithTheIRS|gg\n|l|\u2606jingeno\n","uploadtime":1682208446,"views":4,"p1id":"onholdwiththeirs","p2id":"jingeno","formatid":"gen9vgc2023regulationc","rating":1131,"private":0,"password":""}