{"id":"gen9vgc2023regulationc-1849956747","p1":"trex0928","p2":"TheNutmeg33","format":"[Gen 9] VGC 2023 Regulation C","log":"|j|\u2606trex0928\n|j|\u2606TheNutmeg33\n|t:|1682272075\n|gametype|doubles\n|player|p1|trex0928|170|1454\n|player|p2|TheNutmeg33|266|1367\n|teamsize|p1|6\n|teamsize|p2|6\n|gen|9\n|tier|[Gen 9] VGC 2023 Regulation C\n|rated|\n|rule|Species Clause: Limit one of each Pok\u00e9mon\n|rule|Item Clause: Limit one of each item\n|clearpoke\n|poke|p1|Garchomp, L50, F|\n|poke|p1|Talonflame, L50, F|\n|poke|p1|Chi-Yu, L50|\n|poke|p1|Kingambit, L50, M|\n|poke|p1|Flutter Mane, L50|\n|poke|p1|Gyarados, L50, F|\n|poke|p2|Iron Hands, L50|\n|poke|p2|Flutter Mane, L50|\n|poke|p2|Palafin, L50, F|\n|poke|p2|Roaring Moon, L50|\n|poke|p2|Amoonguss, L50, M|\n|poke|p2|Arcanine, L50, F|\n|teampreview|4\n|inactive|Battle timer is ON: inactive players will automatically lose when time's up. (requested by trex0928)\n|inactive|trex0928 has 60 seconds left.\n|\n|t:|1682272118\n|start\n|switch|p1a: Gyarados|Gyarados, L50, F|100\/100\n|switch|p1b: Garchomp|Garchomp, L50, F|100\/100\n|switch|p2a: Roaring Moon|Roaring Moon, L50|100\/100\n|switch|p2b: Palafin|Palafin, L50, F|100\/100\n|-ability|p1a: Gyarados|Intimidate|boost\n|-unboost|p2a: Roaring Moon|atk|1\n|-unboost|p2b: Palafin|atk|1\n|-enditem|p2a: Roaring Moon|Booster Energy\n|-activate|p2a: Roaring Moon|ability: Protosynthesis|[fromitem]\n|-start|p2a: Roaring Moon|protosynthesisspe\n|turn|1\n|\n|t:|1682272146\n|detailschange|p2b: Palafin|Palafin-Hero, L50, F\n|switch|p2b: Arcanine|Arcanine, L50, F, shiny|100\/100\n|-ability|p2b: Arcanine|Intimidate|boost\n|-unboost|p1a: Gyarados|atk|1\n|-unboost|p1b: Garchomp|atk|1\n|-terastallize|p2a: Roaring Moon|Flying\n|move|p2a: Roaring Moon|Taunt|p1a: Gyarados\n|-start|p1a: Gyarados|move: Taunt\n|move|p1b: Garchomp|Earthquake|p2a: Roaring Moon|[spread] p2b\n|-immune|p1a: Gyarados\n|-immune|p2a: Roaring Moon\n|-supereffective|p2b: Arcanine\n|-damage|p2b: Arcanine|49\/100\n|cant|p1a: Gyarados|move: Taunt|Thunder Wave\n|\n|upkeep\n|turn|2\n|\n|t:|1682272168\n|switch|p1b: Flutter Mane|Flutter Mane, L50|100\/100\n|move|p2a: Roaring Moon|Acrobatics|p1b: Flutter Mane\n|-damage|p1b: Flutter Mane|34\/100\n|move|p2b: Arcanine|Howl|p2b: Arcanine|[spread] p2a,p2b\n|-boost|p2a: Roaring Moon|atk|1\n|-boost|p2b: Arcanine|atk|1\n|move|p1a: Gyarados|Waterfall|p2b: Arcanine\n|-supereffective|p2b: Arcanine\n|-damage|p2b: Arcanine|0 fnt\n|faint|p2b: Arcanine\n|\n|upkeep\n|\n|t:|1682272179\n|switch|p2b: Palafin|Palafin-Hero, L50, F|100\/100\n|-activate|p2b: Palafin|ability: Zero to Hero\n|turn|3\n|\n|t:|1682272192\n|-end|p1b: Flutter Mane|Protosynthesis|[silent]\n|switch|p1b: Garchomp|Garchomp, L50, F|100\/100\n|switch|p1a: Kingambit|Kingambit, L50, M|100\/100\n|move|p2b: Palafin|Jet Punch|p1b: Garchomp\n|-damage|p1b: Garchomp|50\/100\n|-damage|p2b: Palafin|88\/100|[from] ability: Rough Skin|[of] p1b: Garchomp\n|move|p2a: Roaring Moon|Jaw Lock|p1a: Kingambit\n|-resisted|p1a: Kingambit\n|-damage|p1a: Kingambit|83\/100\n|-activate|p2a: Roaring Moon|trapped\n|-activate|p1a: Kingambit|trapped\n|\n|upkeep\n|turn|4\n|\n|t:|1682272215\n|switch|p1b: Gyarados|Gyarados, L50, F|100\/100\n|-ability|p1b: Gyarados|Intimidate|boost\n|-unboost|p2a: Roaring Moon|atk|1\n|-unboost|p2b: Palafin|atk|1\n|move|p2a: Roaring Moon|Acrobatics|p1b: Gyarados\n|-damage|p1b: Gyarados|58\/100\n|move|p2b: Palafin|Drain Punch|p1a: Kingambit\n|-supereffective|p1a: Kingambit\n|-damage|p1a: Kingambit|10\/100\n|-heal|p2b: Palafin|100\/100|[from] drain|[of] p1a: Kingambit\n|move|p1a: Kingambit|Kowtow Cleave|p2b: Palafin\n|-damage|p2b: Palafin|58\/100\n|\n|upkeep\n|turn|5\n|inactive|trex0928 has 30 seconds left.\n|inactive|TheNutmeg33 has 30 seconds left.\n|\n|t:|1682272243\n|switch|p1b: Garchomp|Garchomp, L50, F|50\/100\n|move|p2b: Palafin|Jet Punch|p1a: Kingambit\n|-damage|p1a: Kingambit|0 fnt\n|faint|p1a: Kingambit\n|move|p2a: Roaring Moon|Taunt|p1b: Garchomp\n|-start|p1b: Garchomp|move: Taunt\n|\n|upkeep\n|\n|t:|1682272248\n|switch|p1a: Gyarados|Gyarados, L50, F|58\/100\n|-ability|p1a: Gyarados|Intimidate|boost\n|-unboost|p2a: Roaring Moon|atk|1\n|-unboost|p2b: Palafin|atk|1\n|turn|6\n|inactive|TheNutmeg33 has 30 seconds left.\n|\n|t:|1682272281\n|move|p2a: Roaring Moon|Taunt|p1a: Gyarados\n|-start|p1a: Gyarados|move: Taunt\n|move|p1b: Garchomp|Rock Slide|p2b: Palafin|[spread] p2a,p2b\n|-supereffective|p2a: Roaring Moon\n|-damage|p2a: Roaring Moon|42\/100\n|-damage|p2b: Palafin|41\/100\n|move|p2b: Palafin|Wave Crash|p1b: Garchomp\n|-damage|p1b: Garchomp|5\/100\n|-damage|p2b: Palafin|29\/100|[from] ability: Rough Skin|[of] p1b: Garchomp\n|-damage|p2b: Palafin|16\/100|[from] Recoil\n|move|p1a: Gyarados|Waterfall|p2a: Roaring Moon\n|-damage|p2a: Roaring Moon|0 fnt\n|faint|p2a: Roaring Moon\n|-end|p2a: Roaring Moon|Protosynthesis|[silent]\n|\n|upkeep\n|\n|t:|1682272295\n|switch|p2a: Flutter Mane|Flutter Mane, L50|100\/100\n|turn|7\n|\n|t:|1682272311\n|move|p2b: Palafin|Jet Punch|p1b: Garchomp\n|-damage|p1b: Garchomp|0 fnt\n|-damage|p2b: Palafin|4\/100|[from] ability: Rough Skin|[of] p1b: Garchomp\n|faint|p1b: Garchomp\n|move|p2a: Flutter Mane|Moonblast|p1a: Gyarados\n|-damage|p1a: Gyarados|8\/100\n|-unboost|p1a: Gyarados|spa|1\n|-enditem|p1a: Gyarados|Sitrus Berry|[eat]\n|-heal|p1a: Gyarados|33\/100|[from] item: Sitrus Berry\n|-damage|p2a: Flutter Mane|91\/100|[from] item: Life Orb\n|move|p1a: Gyarados|Waterfall|p2b: Palafin\n|-resisted|p2b: Palafin\n|-damage|p2b: Palafin|0 fnt\n|faint|p2b: Palafin\n|\n|upkeep\n|\n|t:|1682272315\n|switch|p1b: Flutter Mane|Flutter Mane, L50|34\/100\n|turn|8\n|\n|t:|1682272327\n|-terastallize|p1b: Flutter Mane|Fairy\n|move|p2a: Flutter Mane|Dazzling Gleam|p1a: Gyarados|[spread] p1a,p1b\n|-crit|p1b: Flutter Mane\n|-damage|p1a: Gyarados|0 fnt\n|-damage|p1b: Flutter Mane|0 fnt\n|faint|p1a: Gyarados\n|faint|p1b: Flutter Mane\n|-end|p1b: Flutter Mane|Protosynthesis|[silent]\n|-damage|p2a: Flutter Mane|81\/100|[from] item: Life Orb\n|\n|win|TheNutmeg33\n|raw|trex0928's rating: 1454 → 1429<\/strong> (-25 for losing)\n|raw|TheNutmeg33's rating: 1367 → 1392<\/strong> (+25 for winning)\n","uploadtime":1682272342,"views":10,"p1id":"trex0928","p2id":"thenutmeg33","formatid":"gen9vgc2023regulationc","rating":1392,"private":0,"password":""}