{"id":"gen9vgc2023regulationc-1857021417","p1":"ghostshape","p2":"SR1906","format":"[Gen 9] VGC 2023 Regulation C","log":"|j|\u2606ghostshape\n|j|\u2606SR1906\n|t:|1683137620\n|gametype|doubles\n|player|p1|ghostshape|1|1081\n|player|p2|SR1906|blue-gen2|1031\n|teamsize|p1|6\n|teamsize|p2|6\n|gen|9\n|tier|[Gen 9] VGC 2023 Regulation C\n|rated|\n|rule|Species Clause: Limit one of each Pok\u00e9mon\n|rule|Item Clause: Limit one of each item\n|clearpoke\n|poke|p1|Dragonite, L50, F|\n|poke|p1|Sableye, L50, F|\n|poke|p1|Torkoal, L50, M|\n|poke|p1|Chi-Yu, L50|\n|poke|p1|Iron Bundle, L50|\n|poke|p1|Gholdengo, L50|\n|poke|p2|Medicham, L50, F|\n|poke|p2|Lycanroc-Midnight, L50, M|\n|poke|p2|Dondozo, L50, F|\n|poke|p2|Tatsugiri, L50, M|\n|poke|p2|Gholdengo, L50|\n|poke|p2|Annihilape, L50, F|\n|teampreview|4\n|inactive|Battle timer is ON: inactive players will automatically lose when time's up. (requested by SR1906)\n|\n|t:|1683137662\n|start\n|switch|p1a: Gholdengo|Gholdengo, L50|100\/100\n|switch|p1b: Torkoal|Torkoal, L50, M|100\/100\n|switch|p2a: Medicham|Medicham, L50, F|100\/100\n|switch|p2b: Lycanroc|Lycanroc-Midnight, L50, M|100\/100\n|-weather|SunnyDay|[from] ability: Drought|[of] p1b: Torkoal\n|turn|1\n|\n|t:|1683137684\n|-terastallize|p1b: Torkoal|Grass\n|move|p1a: Gholdengo|Protect|p1a: Gholdengo\n|-singleturn|p1a: Gholdengo|Protect\n|move|p2a: Medicham|Skill Swap|p2b: Lycanroc\n|-activate|p2a: Medicham|move: Skill Swap|||[of] p2b: Lycanroc\n|move|p2b: Lycanroc|Bulk Up|p2b: Lycanroc\n|-boost|p2b: Lycanroc|atk|1\n|-boost|p2b: Lycanroc|def|1\n|move|p1b: Torkoal|Solar Beam||[still]\n|-prepare|p1b: Torkoal|Solar Beam\n|-anim|p1b: Torkoal|Solar Beam|p2b: Lycanroc\n|-supereffective|p2b: Lycanroc\n|-enditem|p2b: Lycanroc|Focus Sash\n|-damage|p2b: Lycanroc|1\/100\n|\n|-weather|SunnyDay|[upkeep]\n|upkeep\n|turn|2\n|inactive|SR1906 has 30 seconds left.\n|\n|t:|1683137711\n|switch|p2b: Dondozo|Dondozo, L50, F|100\/100\n|move|p2a: Medicham|Skill Swap|p2b: Dondozo\n|-activate|p2a: Medicham|move: Skill Swap|||[of] p2b: Dondozo\n|move|p1a: Gholdengo|Make It Rain|p2b: Dondozo|[spread] p2a,p2b\n|-resisted|p2b: Dondozo\n|-damage|p2a: Medicham|43\/100\n|-damage|p2b: Dondozo|90\/100\n|-unboost|p1a: Gholdengo|spa|1\n|move|p1b: Torkoal|Eruption|p2b: Dondozo|[spread] p2a,p2b\n|-resisted|p2b: Dondozo\n|-damage|p2a: Medicham|0 fnt\n|-damage|p2b: Dondozo|67\/100\n|faint|p2a: Medicham\n|\n|-weather|SunnyDay|[upkeep]\n|upkeep\n|\n|t:|1683137729\n|switch|p2a: Tatsugiri|Tatsugiri, L50, M|100\/100\n|-activate|p2a: Tatsugiri|ability: Commander|[of] p2b: Dondozo\n|-boost|p2b: Dondozo|atk|2\n|-boost|p2b: Dondozo|spa|2\n|-boost|p2b: Dondozo|spe|2\n|-boost|p2b: Dondozo|def|2\n|-boost|p2b: Dondozo|spd|2\n|turn|3\n|\n|t:|1683137741\n|move|p2b: Dondozo|Fissure|p1b: Torkoal\n|-damage|p1b: Torkoal|0 fnt\n|faint|p1b: Torkoal\n|-ohko\n|move|p1a: Gholdengo|Nasty Plot|p1a: Gholdengo\n|-boost|p1a: Gholdengo|spa|2\n|\n|-weather|SunnyDay|[upkeep]\n|upkeep\n|\n|t:|1683137746\n|switch|p1b: Iron Bundle|Iron Bundle, L50|100\/100\n|-enditem|p1b: Iron Bundle|Booster Energy\n|-activate|p1b: Iron Bundle|ability: Quark Drive|[fromitem]\n|-start|p1b: Iron Bundle|quarkdrivespe\n|turn|4\n|\n|t:|1683137756\n|move|p1b: Iron Bundle|Freeze-Dry|p2b: Dondozo\n|-supereffective|p2b: Dondozo\n|-damage|p2b: Dondozo|48\/100\n|move|p2b: Dondozo|Fissure|p1b: Iron Bundle\n|-damage|p1b: Iron Bundle|0 fnt\n|faint|p1b: Iron Bundle\n|-end|p1b: Iron Bundle|Quark Drive|[silent]\n|-ohko\n|move|p1a: Gholdengo|Nasty Plot|p1a: Gholdengo\n|-boost|p1a: Gholdengo|spa|2\n|\n|-weather|SunnyDay|[upkeep]\n|upkeep\n|\n|t:|1683137768\n|switch|p1b: Chi-Yu|Chi-Yu, L50|100\/100\n|-ability|p1b: Chi-Yu|Beads of Ruin\n|turn|5\n|\n|t:|1683137778\n|move|p1b: Chi-Yu|Dark Pulse|p2b: Dondozo\n|-damage|p2b: Dondozo|32\/100\n|move|p2b: Dondozo|Fissure|p1a: Gholdengo\n|-damage|p1a: Gholdengo|0 fnt\n|faint|p1a: Gholdengo\n|-ohko\n|\n|-weather|none\n|upkeep\n|turn|6\n|\n|t:|1683137789\n|move|p1b: Chi-Yu|Protect|p1b: Chi-Yu\n|-singleturn|p1b: Chi-Yu|Protect\n|move|p2b: Dondozo|Fissure|p1b: Chi-Yu\n|-activate|p1b: Chi-Yu|move: Protect\n|\n|upkeep\n|turn|7\n|c|\u2606ghostshape|very troll team\n|c|\u2606ghostshape|funny tho\n|c|\u2606ghostshape|gg\n|-message|ghostshape forfeited.\n|\n|win|SR1906\n|raw|ghostshape's rating: 1081 → 1056<\/strong> (-25 for losing)\n|raw|SR1906's rating: 1031 → 1071<\/strong> (+40 for winning)\n|l|\u2606ghostshape\n","uploadtime":1683137828,"views":18,"p1id":"ghostshape","p2id":"sr1906","formatid":"gen9vgc2023regulationc","rating":1056,"private":0,"password":""}