{"id":"gen9vgc2023regulationc-1855026873","p1":"SpeedyLinguine","p2":"krazyk7","format":"[Gen 9] VGC 2023 Regulation C","log":"|j|\u2606SpeedyLinguine\n|j|\u2606krazyk7\n|t:|1682892492\n|gametype|doubles\n|player|p1|SpeedyLinguine|hoopster|1219\n|player|p2|krazyk7|unknown|1229\n|teamsize|p1|6\n|teamsize|p2|6\n|gen|9\n|tier|[Gen 9] VGC 2023 Regulation C\n|rated|\n|rule|Species Clause: Limit one of each Pok\u00e9mon\n|rule|Item Clause: Limit one of each item\n|clearpoke\n|poke|p1|Pelipper, L50, F|\n|poke|p1|Amoonguss, L50, M|\n|poke|p1|Flutter Mane, L50|\n|poke|p1|Floatzel, L50, F|\n|poke|p1|Iron Hands, L50|\n|poke|p1|Gholdengo, L50|\n|poke|p2|Iron Bundle, L50|\n|poke|p2|Ting-Lu, L50|\n|poke|p2|Chi-Yu, L50|\n|poke|p2|Annihilape, L50, M|\n|poke|p2|Flutter Mane, L50|\n|poke|p2|Amoonguss, L50, F|\n|teampreview|4\nSpeedyLinguine has agreed to open team sheets.\n|\n|t:|1682892526\n|start\n|switch|p1a: El Nadador|Floatzel, L50, F|100\/100\n|switch|p1b: Immovable object|Amoonguss, L50, M|100\/100\n|switch|p2a: Annihilape|Annihilape, L50, M|100\/100\n|switch|p2b: Flutter Mane|Flutter Mane, L50|100\/100\n|turn|1\n|\n|t:|1682892546\n|switch|p1b: The Jordan of VGC|Pelipper, L50, F|100\/100\n|-weather|RainDance|[from] ability: Drizzle|[of] p1b: The Jordan of VGC\n|move|p2b: Flutter Mane|Protect|p2b: Flutter Mane\n|-singleturn|p2b: Flutter Mane|Protect\n|move|p1a: El Nadador|Wave Crash|p2b: Flutter Mane\n|-activate|p2b: Flutter Mane|move: Protect\n|move|p2a: Annihilape|Taunt|p1b: The Jordan of VGC\n|-start|p1b: The Jordan of VGC|move: Taunt\n|\n|-weather|RainDance|[upkeep]\n|upkeep\n|turn|2\n|\n|t:|1682892564\n|move|p2a: Annihilape|Protect|p2a: Annihilape\n|-singleturn|p2a: Annihilape|Protect\n|move|p1a: El Nadador|Wave Crash|p2a: Annihilape\n|-activate|p2a: Annihilape|move: Protect\n|move|p2b: Flutter Mane|Thunderbolt|p1a: El Nadador\n|-supereffective|p1a: El Nadador\n|-damage|p1a: El Nadador|0 fnt\n|faint|p1a: El Nadador\n|move|p1b: The Jordan of VGC|Hurricane|p2b: Flutter Mane\n|-damage|p2b: Flutter Mane|60\/100\n|\n|-weather|RainDance|[upkeep]\n|upkeep\n|\n|t:|1682892567\n|switch|p1a: Unstoppable Force|Gholdengo, L50|100\/100\n|turn|3\n|inactive|Battle timer is ON: inactive players will automatically lose when time's up. (requested by SpeedyLinguine)\n|\n|t:|1682892585\n|-terastallize|p1a: Unstoppable Force|Steel\n|move|p2b: Flutter Mane|Shadow Ball|p1a: Unstoppable Force\n|-damage|p1a: Unstoppable Force|52\/100\n|move|p1a: Unstoppable Force|Make It Rain|p2a: Annihilape|[spread] p2a,p2b\n|-supereffective|p2b: Flutter Mane\n|-damage|p2a: Annihilape|28\/100\n|-damage|p2b: Flutter Mane|0 fnt\n|-unboost|p1a: Unstoppable Force|spa|1\n|faint|p2b: Flutter Mane\n|-end|p2b: Flutter Mane|Protosynthesis|[silent]\n|move|p2a: Annihilape|Rage Fist|p1a: Unstoppable Force\n|-damage|p1a: Unstoppable Force|0 fnt\n|faint|p1a: Unstoppable Force\n|move|p1b: The Jordan of VGC|Hurricane|p2a: Annihilape\n|-supereffective|p2a: Annihilape\n|-damage|p2a: Annihilape|0 fnt\n|faint|p2a: Annihilape\n|\n|-weather|RainDance|[upkeep]\n|-end|p1b: The Jordan of VGC|move: Taunt\n|upkeep\n|\n|t:|1682892604\n|switch|p2b: Iron Bundle|Iron Bundle, L50|100\/100\n|switch|p2a: Ting-Lu|Ting-Lu, L50|100\/100\n|switch|p1a: Immovable object|Amoonguss, L50, M|100\/100\n|-ability|p2a: Ting-Lu|Vessel of Ruin\n|-enditem|p2b: Iron Bundle|Booster Energy\n|-activate|p2b: Iron Bundle|ability: Quark Drive|[fromitem]\n|-start|p2b: Iron Bundle|quarkdrivespe\n|turn|4\n|\n|t:|1682892617\n|move|p1b: The Jordan of VGC|Protect|p1b: The Jordan of VGC\n|-singleturn|p1b: The Jordan of VGC|Protect\n|move|p2b: Iron Bundle|Freeze-Dry|p1b: The Jordan of VGC\n|-activate|p1b: The Jordan of VGC|move: Protect\n|move|p2a: Ting-Lu|Fissure|p1a: Immovable object|[miss]\n|-miss|p2a: Ting-Lu|p1a: Immovable object\n|move|p1a: Immovable object|Spore|p2b: Iron Bundle\n|-status|p2b: Iron Bundle|slp|[from] move: Spore\n|\n|-weather|RainDance|[upkeep]\n|upkeep\n|turn|5\n|\n|t:|1682892629\n|cant|p2b: Iron Bundle|slp\n|move|p1b: The Jordan of VGC|Hurricane|p2b: Iron Bundle\n|-damage|p2b: Iron Bundle|43\/100 slp\n|move|p2a: Ting-Lu|Fissure|p1a: Immovable object\n|-damage|p1a: Immovable object|0 fnt\n|faint|p1a: Immovable object\n|-ohko\n|\n|-weather|RainDance|[upkeep]\n|upkeep\n|turn|6\n|\n|t:|1682892647\n|-terastallize|p2a: Ting-Lu|Dark\n|-curestatus|p2b: Iron Bundle|slp|[msg]\n|move|p2b: Iron Bundle|Protect|p2b: Iron Bundle\n|-singleturn|p2b: Iron Bundle|Protect\n|move|p1b: The Jordan of VGC|Hurricane|p2b: Iron Bundle\n|-activate|p2b: Iron Bundle|move: Protect\n|move|p2a: Ting-Lu|Ruination|p1b: The Jordan of VGC\n|-damage|p1b: The Jordan of VGC|50\/100\n|\n|-weather|RainDance|[upkeep]\n|upkeep\n|turn|7\n|\n|t:|1682892661\n|move|p2b: Iron Bundle|Freeze-Dry|p1b: The Jordan of VGC\n|-supereffective|p1b: The Jordan of VGC\n|-damage|p1b: The Jordan of VGC|0 fnt\n|faint|p1b: The Jordan of VGC\n|\n|win|krazyk7\n|raw|SpeedyLinguine's rating: 1219 → 1195<\/strong> (-24 for losing)\n|raw|krazyk7's rating: 1229 → 1253<\/strong> (+24 for winning)\n","uploadtime":1682892663,"views":15,"p1id":"speedylinguine","p2id":"krazyk7","formatid":"gen9vgc2023regulationc","rating":1195,"private":0,"password":""}