{"id":"gen9vgc2023regulationc-1844851384","p1":"Ctucuttu","p2":"bobbbererere","format":"[Gen 9] VGC 2023 Regulation C","log":"|j|\u2606Ctucuttu\n|j|\u2606bobbbererere\n|t:|1681656449\n|gametype|doubles\n|player|p1|Ctucuttu|102|1000\n|player|p2|bobbbererere|colress|1000\n|teamsize|p1|6\n|teamsize|p2|6\n|gen|9\n|tier|[Gen 9] VGC 2023 Regulation C\n|rated|\n|rule|Species Clause: Limit one of each Pok\u00e9mon\n|rule|Item Clause: Limit one of each item\n|clearpoke\n|poke|p1|Salamence, L50, M|\n|poke|p1|Palafin, L50, M|\n|poke|p1|Garganacl, L50, M|\n|poke|p1|Pelipper, L50, F|\n|poke|p1|Iron Bundle, L50|\n|poke|p1|Magnezone, L50|\n|poke|p2|Flutter Mane, L50|\n|poke|p2|Annihilape, L50, F|\n|poke|p2|Maushold-Four, L50|\n|poke|p2|Chien-Pao, L50|\n|poke|p2|Roaring Moon, L50|\n|poke|p2|Murkrow, L50, M|\n|teampreview|4\n|\n|t:|1681656485\n|start\n|switch|p1a: Pelipper|Pelipper, L50, F|100\/100\n|switch|p1b: Palafin|Palafin, L50, M|100\/100\n|switch|p2a: purple|Murkrow, L50, M, shiny|100\/100\n|switch|p2b: Ruiner|Chien-Pao, L50|100\/100\n|-ability|p2b: Ruiner|Sword of Ruin\n|-weather|RainDance|[from] ability: Drizzle|[of] p1a: Pelipper\n|turn|1\n|\n|t:|1681656520\n|move|p2a: purple|Tailwind|p2a: purple\n|-sidestart|p2: bobbbererere|move: Tailwind\n|move|p2b: Ruiner|Crunch|p1b: Palafin\n|-damage|p1b: Palafin|30\/100\n|move|p1b: Palafin|Flip Turn|p2b: Ruiner\n|-damage|p2b: Ruiner|31\/100\n|\n|t:|1681656533\n|detailschange|p1b: Palafin|Palafin-Hero, L50, M\n|switch|p1b: Iron Bundle|Iron Bundle, L50|100\/100|[from] Flip Turn\n|move|p1a: Pelipper|Tailwind|p1a: Pelipper\n|-sidestart|p1: Ctucuttu|move: Tailwind\n|\n|-weather|RainDance|[upkeep]\n|upkeep\n|turn|2\n|\n|t:|1681656572\n|switch|p2a: Annoying|Maushold-Four, L50|100\/100\n|-terastallize|p2b: Ruiner|Fighting\n|move|p1b: Iron Bundle|Hydro Pump|p2b: Ruiner\n|-damage|p2b: Ruiner|0 fnt\n|faint|p2b: Ruiner\n|move|p1a: Pelipper|Hydro Pump|p2a: Annoying|[miss]\n|-miss|p1a: Pelipper|p2a: Annoying\n|\n|-weather|RainDance|[upkeep]\n|upkeep\n|\n|t:|1681656588\n|switch|p2b: grumpy|Flutter Mane, L50|100\/100\n|turn|3\n|\n|t:|1681656620\n|move|p2a: Annoying|Follow Me|p2a: Annoying\n|-singleturn|p2a: Annoying|move: Follow Me\n|move|p1b: Iron Bundle|Hydro Pump|p2a: Annoying|[miss]\n|-miss|p1b: Iron Bundle|p2a: Annoying\n|move|p2b: grumpy|Moonblast|p1b: Iron Bundle\n|-enditem|p1b: Iron Bundle|Focus Sash\n|-damage|p1b: Iron Bundle|1\/100\n|move|p1a: Pelipper|Hurricane|p2a: Annoying\n|-damage|p2a: Annoying|54\/100\n|\n|-weather|RainDance|[upkeep]\n|upkeep\n|turn|4\n|\n|t:|1681656676\n|move|p2a: Annoying|Follow Me|p2a: Annoying\n|-singleturn|p2a: Annoying|move: Follow Me\n|move|p1b: Iron Bundle|Hydro Pump|p2a: Annoying\n|-damage|p2a: Annoying|0 fnt\n|faint|p2a: Annoying\n|move|p2b: grumpy|Moonblast|p1b: Iron Bundle\n|-damage|p1b: Iron Bundle|0 fnt\n|faint|p1b: Iron Bundle\n|-end|p1b: Iron Bundle|Quark Drive|[silent]\n|move|p1a: Pelipper|Hurricane|p2b: grumpy\n|-damage|p2b: grumpy|60\/100\n|\n|-weather|RainDance|[upkeep]\n|-sideend|p2: bobbbererere|move: Tailwind\n|-sideend|p1: Ctucuttu|move: Tailwind\n|upkeep\n|\n|t:|1681656692\n|switch|p1b: Palafin|Palafin-Hero, L50, M|30\/100\n|switch|p2a: purple|Murkrow, L50, M, shiny|100\/100\n|-activate|p1b: Palafin|ability: Zero to Hero\n|turn|5\n|\n|t:|1681656720\n|move|p1b: Palafin|Jet Punch|p2b: grumpy\n|-damage|p2b: grumpy|0 fnt\n|faint|p2b: grumpy\n|-end|p2b: grumpy|Protosynthesis|[silent]\n|move|p2a: purple|Tailwind|p2a: purple\n|-sidestart|p2: bobbbererere|move: Tailwind\n|move|p1a: Pelipper|Tailwind|p1a: Pelipper\n|-sidestart|p1: Ctucuttu|move: Tailwind\n|\n|-weather|RainDance|[upkeep]\n|upkeep\n|turn|6\n|\n|t:|1681656738\n|move|p1b: Palafin|Jet Punch|p2a: purple\n|-damage|p2a: purple|0 fnt\n|faint|p2a: purple\n|\n|win|Ctucuttu\n|raw|Ctucuttu's rating: 1000 → 1040<\/strong> (+40 for winning)\n|raw|bobbbererere's rating: 1000 → 1000<\/strong> (+0 for losing)\n|l|\u2606bobbbererere\n","uploadtime":1681656753,"views":17,"p1id":"ctucuttu","p2id":"bobbbererere","formatid":"gen9vgc2023regulationc","rating":1000,"private":0,"password":""}