{"id":"gen9vgc2023regulationc-1853046052","p1":"Null66","p2":"Yarrack","format":"[Gen 9] VGC 2023 Regulation C","log":"|j|\u2606Null66\n|j|\u2606Yarrack\n|t:|1682629012\n|gametype|doubles\n|player|p1|Null66|winona|1346\n|player|p2|Yarrack|youngster-gen4dp|1377\n|teamsize|p1|6\n|teamsize|p2|6\n|gen|9\n|tier|[Gen 9] VGC 2023 Regulation C\n|rated|\n|rule|Species Clause: Limit one of each Pok\u00e9mon\n|rule|Item Clause: Limit one of each item\n|clearpoke\n|poke|p1|Dragonite, L50, M|\n|poke|p1|Scizor, L50, F|\n|poke|p1|Chi-Yu, L50|\n|poke|p1|Iron Bundle, L50|\n|poke|p1|Ting-Lu, L50|\n|poke|p1|Gyarados, L50, M|\n|poke|p2|Flamigo, L50, F|\n|poke|p2|Chien-Pao, L50|\n|poke|p2|Amoonguss, L50, F|\n|poke|p2|Dragonite, L50, F|\n|poke|p2|Kingambit, L50, M|\n|poke|p2|Gengar, L50, M|\n|teampreview|4\n|inactive|Battle timer is ON: inactive players will automatically lose when time's up. (requested by Yarrack)\n|inactive|Null66 also wants the timer to be on.\n|inactive|Null66 has 60 seconds left.\n|\n|t:|1682629044\n|start\n|switch|p1a: Scizor|Scizor, L50, F, shiny|100\/100\n|switch|p1b: Chi-Yu|Chi-Yu, L50|100\/100\n|switch|p2a: Dragonite|Dragonite, L50, F|100\/100\n|switch|p2b: Chien-Pao|Chien-Pao, L50|100\/100\n|-ability|p2b: Chien-Pao|Sword of Ruin\n|-ability|p1b: Chi-Yu|Beads of Ruin\n|turn|1\n|inactive|Null66 has 30 seconds left.\n|\n|t:|1682629079\n|switch|p1b: Ting-Lu|Ting-Lu, L50|100\/100\n|-ability|p1b: Ting-Lu|Vessel of Ruin\n|-terastallize|p2a: Dragonite|Normal\n|move|p2b: Chien-Pao|Protect|p2b: Chien-Pao\n|-singleturn|p2b: Chien-Pao|Protect\n|move|p2a: Dragonite|Extreme Speed|p1b: Ting-Lu\n|-damage|p1b: Ting-Lu|47\/100\n|move|p1a: Scizor|Close Combat|p2b: Chien-Pao\n|-activate|p2b: Chien-Pao|move: Protect\n|\n|upkeep\n|turn|2\n|inactive|Null66 has 30 seconds left.\n|\n|t:|1682629113\n|switch|p2b: Amoonguss|Amoonguss, L50, F|100\/100\n|switch|p1b: Iron Bundle|Iron Bundle, L50, shiny|100\/100\n|-enditem|p1b: Iron Bundle|Booster Energy\n|-activate|p1b: Iron Bundle|ability: Quark Drive|[fromitem]\n|-start|p1b: Iron Bundle|quarkdrivespe\n|move|p2a: Dragonite|Extreme Speed|p1b: Iron Bundle\n|-damage|p1b: Iron Bundle|14\/100\n|move|p1a: Scizor|Swords Dance|p1a: Scizor\n|-boost|p1a: Scizor|atk|2\n|\n|upkeep\n|turn|3\n|\n|t:|1682629137\n|-terastallize|p1b: Iron Bundle|Ghost\n|move|p2a: Dragonite|Extreme Speed|p1b: Iron Bundle\n|-immune|p1b: Iron Bundle\n|move|p1b: Iron Bundle|Icy Wind|p2a: Dragonite|[spread] p2a,p2b\n|-supereffective|p2b: Amoonguss\n|-damage|p2a: Dragonite|82\/100\n|-damage|p2b: Amoonguss|59\/100\n|-unboost|p2a: Dragonite|spe|1\n|-unboost|p2b: Amoonguss|spe|1\n|move|p1a: Scizor|Pounce|p2b: Amoonguss\n|-damage|p2b: Amoonguss|6\/100\n|-unboost|p2b: Amoonguss|spe|1\n|-enditem|p2b: Amoonguss|Sitrus Berry|[eat]\n|-heal|p2b: Amoonguss|30\/100|[from] item: Sitrus Berry\n|move|p2b: Amoonguss|Spore|p1a: Scizor\n|-status|p1a: Scizor|slp|[from] move: Spore\n|\n|upkeep\n|turn|4\n|inactive|Null66 has 30 seconds left.\n|inactive|Null66 has 20 seconds left.\n|\n|t:|1682629173\n|switch|p2b: Kingambit|Kingambit, L50, M|100\/100\n|move|p2a: Dragonite|Extreme Speed|p1a: Scizor\n|-resisted|p1a: Scizor\n|-damage|p1a: Scizor|65\/100 slp\n|cant|p1a: Scizor|slp\n|move|p1b: Iron Bundle|Icy Wind|p2b: Kingambit|[spread] p2a,p2b\n|-resisted|p2b: Kingambit\n|-damage|p2a: Dragonite|65\/100\n|-damage|p2b: Kingambit|91\/100\n|-unboost|p2a: Dragonite|spe|1\n|-unboost|p2b: Kingambit|spe|1\n|-ability|p2b: Kingambit|Defiant|boost\n|-boost|p2b: Kingambit|atk|2\n|\n|upkeep\n|turn|5\n|inactive|Null66 has 30 seconds left.\n|\n|t:|1682629203\n|-end|p1b: Iron Bundle|Quark Drive|[silent]\n|switch|p1b: Chi-Yu|Chi-Yu, L50|100\/100\n|-ability|p1b: Chi-Yu|Beads of Ruin\n|move|p2a: Dragonite|Extreme Speed|p1a: Scizor\n|-resisted|p1a: Scizor\n|-damage|p1a: Scizor|24\/100 slp\n|move|p2b: Kingambit|Sucker Punch|p1a: Scizor\n|-damage|p1a: Scizor|0 fnt\n|faint|p1a: Scizor\n|\n|upkeep\n|\n|t:|1682629218\n|switch|p1a: Iron Bundle|Iron Bundle, L50, shiny, tera:Ghost|14\/100\n|turn|6\n|\n|t:|1682629229\n|switch|p2b: Chien-Pao|Chien-Pao, L50|100\/100\n|-ability|p2b: Chien-Pao|Sword of Ruin\n|move|p2a: Dragonite|Extreme Speed|p1b: Chi-Yu\n|-enditem|p1b: Chi-Yu|Focus Sash\n|-damage|p1b: Chi-Yu|1\/100\n|move|p1a: Iron Bundle|Hydro Pump|p2b: Chien-Pao|[miss]\n|-miss|p1a: Iron Bundle|p2b: Chien-Pao\n|move|p1b: Chi-Yu|Heat Wave|p2a: Dragonite|[spread] p2a,p2b\n|-supereffective|p2b: Chien-Pao\n|-damage|p2a: Dragonite|22\/100\n|-damage|p2b: Chien-Pao|0 fnt\n|faint|p2b: Chien-Pao\n|\n|upkeep\n|\n|t:|1682629240\n|switch|p2b: Kingambit|Kingambit, L50, M|91\/100\n|turn|7\n|inactive|Null66 has 30 seconds left.\n|\n|t:|1682629265\n|-end|p1a: Iron Bundle|Quark Drive|[silent]\n|switch|p1a: Ting-Lu|Ting-Lu, L50|47\/100\n|-ability|p1a: Ting-Lu|Vessel of Ruin\n|move|p1b: Chi-Yu|Protect|p1b: Chi-Yu\n|-singleturn|p1b: Chi-Yu|Protect\n|move|p2a: Dragonite|Extreme Speed|p1b: Chi-Yu\n|-activate|p1b: Chi-Yu|move: Protect\n|move|p2b: Kingambit|Sucker Punch||[still]\n|-fail|p2b: Kingambit\n|\n|upkeep\n|turn|8\n|inactive|Yarrack has 30 seconds left.\n|\n|t:|1682629294\n|move|p2a: Dragonite|Extreme Speed|p1a: Ting-Lu\n|-damage|p1a: Ting-Lu|7\/100\n|move|p2b: Kingambit|Sucker Punch|p1b: Chi-Yu\n|-resisted|p1b: Chi-Yu\n|-crit|p1b: Chi-Yu\n|-damage|p1b: Chi-Yu|0 fnt\n|faint|p1b: Chi-Yu\n|move|p1a: Ting-Lu|Stomping Tantrum|p2b: Kingambit\n|-supereffective|p2b: Kingambit\n|-damage|p2b: Kingambit|34\/100\n|\n|upkeep\n|\n|t:|1682629303\n|switch|p1b: Iron Bundle|Iron Bundle, L50, shiny, tera:Ghost|14\/100\n|turn|9\n|inactive|Yarrack has 30 seconds left.\n|\n|t:|1682629331\n|move|p2b: Kingambit|Sucker Punch|p1b: Iron Bundle\n|-supereffective|p1b: Iron Bundle\n|-crit|p1b: Iron Bundle\n|-damage|p1b: Iron Bundle|0 fnt\n|faint|p1b: Iron Bundle\n|-end|p1b: Iron Bundle|Quark Drive|[silent]\n|move|p1a: Ting-Lu|Rock Slide|p2b: Kingambit|[spread] p2a,p2b\n|-resisted|p2b: Kingambit\n|-damage|p2a: Dragonite|4\/100\n|-damage|p2b: Kingambit|27\/100\n|-activate|p2a: Dragonite|move: Struggle\n|move|p2a: Dragonite|Struggle|p1a: Ting-Lu\n|-damage|p1a: Ting-Lu|0 fnt\n|faint|p1a: Ting-Lu\n|-damage|p2a: Dragonite|0 fnt|[from] recoil\n|faint|p2a: Dragonite\n|\n|win|Yarrack\n|raw|Null66's rating: 1346 → 1329<\/strong> (-17 for losing)\n|raw|Yarrack's rating: 1402 → 1419<\/strong> (+17 for winning)\n","uploadtime":1682629338,"views":17,"p1id":"null66","p2id":"yarrack","formatid":"gen9vgc2023regulationc","rating":1329,"private":0,"password":""}