{"id":"gen9vgc2023regulationc-1862172931","p1":"pokemonmasteernico","p2":"titahornofresco","format":"[Gen 9] VGC 2023 Regulation C","log":"|j|\u2606pokemonmasteernico\n|j|\u2606titahornofresco\n|t:|1683845163\n|gametype|doubles\n|player|p1|pokemonmasteernico|veteran|\n|player|p2|titahornofresco|unknown|\n|teamsize|p1|6\n|teamsize|p2|6\n|gen|9\n|tier|[Gen 9] VGC 2023 Regulation C\n|rule|Species Clause: Limit one of each Pok\u00e9mon\n|rule|Item Clause: Limit one of each item\n|clearpoke\n|poke|p1|Palafin, L50, F|\n|poke|p1|Flutter Mane, L50|\n|poke|p1|Amoonguss, L50, M|\n|poke|p1|Arcanine, L50, M|\n|poke|p1|Chien-Pao, L50|\n|poke|p1|Iron Hands, L50|\n|poke|p2|Chien-Pao, L50|\n|poke|p2|Iron Hands, L50|\n|poke|p2|Palafin, L50, M|\n|poke|p2|Amoonguss, L50, M|\n|poke|p2|Dragonite, L50, M|\n|poke|p2|Pelipper, L50, F|\n|teampreview|4\ntitahornofresco has agreed to open team sheets.\npokemonmasteernico has agreed to open team sheets.\n|\n|t:|1683845300\n|start\n|switch|p1a: Palafin|Palafin, L50, F|100\/100\n|switch|p1b: Arcanine|Arcanine, L50, M|100\/100\n|switch|p2a: Palafin|Palafin, L50, M|100\/100\n|switch|p2b: Chien-Pao|Chien-Pao, L50|100\/100\n|-ability|p2b: Chien-Pao|Sword of Ruin\n|-ability|p1b: Arcanine|Intimidate|boost\n|-unboost|p2a: Palafin|atk|1\n|-unboost|p2b: Chien-Pao|atk|1\n|turn|1\n|\n|t:|1683845335\n|detailschange|p2a: Palafin|Palafin-Hero, L50, M\n|switch|p2a: Dragonite|Dragonite, L50, M, shiny|100\/100\n|-terastallize|p1b: Arcanine|Water\n|move|p2b: Chien-Pao|Protect|p2b: Chien-Pao\n|-singleturn|p2b: Chien-Pao|Protect\n|move|p1a: Palafin|Jet Punch|p2b: Chien-Pao\n|-activate|p2b: Chien-Pao|move: Protect\n|move|p1b: Arcanine|Will-O-Wisp|p2b: Chien-Pao\n|-activate|p2b: Chien-Pao|move: Protect\n|\n|upkeep\n|turn|2\n|\n|t:|1683845390\n|detailschange|p1a: Palafin|Palafin-Hero, L50, F\n|switch|p1a: Flutter Mane|Flutter Mane, L50|100\/100\n|move|p1b: Arcanine|Protect|p1b: Arcanine\n|-singleturn|p1b: Arcanine|Protect\n|move|p2b: Chien-Pao|Ice Spinner|p1a: Flutter Mane\n|-damage|p1a: Flutter Mane|17\/100\n|move|p2a: Dragonite|Outrage|p1b: Arcanine\n|-activate|p1b: Arcanine|move: Protect\n|\n|upkeep\n|turn|3\n|\n|t:|1683845434\n|move|p2b: Chien-Pao|Sucker Punch|p1a: Flutter Mane\n|-damage|p1a: Flutter Mane|0 fnt\n|faint|p1a: Flutter Mane\n|-end|p1a: Flutter Mane|Protosynthesis|[silent]\n|move|p2a: Dragonite|Outrage|p1b: Arcanine\n|-damage|p1b: Arcanine|0 fnt\n|faint|p1b: Arcanine\n|\n|upkeep\n|\n|t:|1683845443\n|switch|p1a: Palafin|Palafin-Hero, L50, F|100\/100\n|switch|p1b: Iron Hands|Iron Hands, L50|100\/100\n|-activate|p1a: Palafin|ability: Zero to Hero\n|turn|4\n|\n|t:|1683845472\n|switch|p2b: Amoonguss|Amoonguss, L50, M, shiny|100\/100\n|move|p1a: Palafin|Jet Punch|p2a: Dragonite\n|-resisted|p2a: Dragonite\n|-damage|p2a: Dragonite|88\/100\n|move|p2a: Dragonite|Outrage|p1b: Iron Hands|[from]lockedmove\n|-damage|p1b: Iron Hands|26\/100\n|move|p1b: Iron Hands|Wild Charge|p2b: Amoonguss\n|-resisted|p2b: Amoonguss\n|-damage|p2b: Amoonguss|83\/100\n|-damage|p1b: Iron Hands|22\/100|[from] Recoil\n|\n|upkeep\n|turn|5\n|\n|t:|1683845503\n|move|p2a: Dragonite|Outrage|p1b: Iron Hands|[from]lockedmove\n|-damage|p1b: Iron Hands|0 fnt\n|faint|p1b: Iron Hands\n|-end|p1b: Iron Hands|Quark Drive|[silent]\n|-start|p2a: Dragonite|confusion|[fatigue]\n|move|p1a: Palafin|Wave Crash|p2b: Amoonguss\n|-resisted|p2b: Amoonguss\n|-damage|p2b: Amoonguss|46\/100\n|-enditem|p2b: Amoonguss|Sitrus Berry|[eat]\n|-heal|p2b: Amoonguss|71\/100|[from] item: Sitrus Berry\n|-damage|p1a: Palafin|88\/100|[from] Recoil\n|move|p2b: Amoonguss|Pollen Puff|p2a: Dragonite\n|-heal|p2a: Dragonite|100\/100\n|\n|upkeep\n|turn|6\n|\n|t:|1683845525\n|switch|p2a: Palafin|Palafin-Hero, L50, M|100\/100\n|-activate|p2a: Palafin|ability: Zero to Hero\n|move|p1a: Palafin|Wave Crash|p2a: Palafin\n|-resisted|p2a: Palafin\n|-damage|p2a: Palafin|60\/100\n|-damage|p1a: Palafin|74\/100|[from] Recoil\n|move|p2b: Amoonguss|Spore|p1a: Palafin\n|-status|p1a: Palafin|slp|[from] move: Spore\n|\n|upkeep\n|turn|7\n|\n|t:|1683845540\n|cant|p1a: Palafin|slp\n|move|p2a: Palafin|Substitute|p2a: Palafin\n|-start|p2a: Palafin|Substitute\n|-damage|p2a: Palafin|35\/100\n|move|p2b: Amoonguss|Pollen Puff|p2a: Palafin\n|-heal|p2a: Palafin|85\/100\n|\n|upkeep\n|turn|8\n|\n|t:|1683845571\n|switch|p2b: Chien-Pao|Chien-Pao, L50|100\/100\n|-ability|p2b: Chien-Pao|Sword of Ruin\n|-terastallize|p2a: Palafin|Water\n|move|p2a: Palafin|Wave Crash|p1a: Palafin\n|-resisted|p1a: Palafin\n|-damage|p1a: Palafin|3\/100 slp\n|-damage|p2a: Palafin|62\/100|[from] Recoil\n|-curestatus|p1a: Palafin|slp|[msg]\n|move|p1a: Palafin|Haze|p1a: Palafin\n|-clearallboost\n|\n|upkeep\n|turn|9\n|\n|t:|1683845585\n|move|p1a: Palafin|Protect|p1a: Palafin\n|-singleturn|p1a: Palafin|Protect\n|move|p2b: Chien-Pao|Sucker Punch||[still]\n|-fail|p2b: Chien-Pao\n|move|p2a: Palafin|Jet Punch|p1a: Palafin\n|-activate|p1a: Palafin|move: Protect\n|\n|upkeep\n|turn|10\n|\n|t:|1683845595\n|move|p2b: Chien-Pao|Sucker Punch|p1a: Palafin\n|-damage|p1a: Palafin|0 fnt\n|faint|p1a: Palafin\n|\n|win|titahornofresco\n","uploadtime":1683845601,"views":15,"p1id":"pokemonmasteernico","p2id":"titahornofresco","formatid":"gen9vgc2023regulationc","rating":0,"private":0,"password":""}