{"id":"gen9vgc2023regulationc-1863633179","p1":"Mess in Distress","p2":"VGCTrainerisback","format":"[Gen 9] VGC 2023 Regulation C","log":"|j|\u2606Mess in Distress\n|j|\u2606VGCTrainerisback\n|t:|1684047754\n|gametype|doubles\n|player|p1|Mess in Distress|iono|1692\n|player|p2|VGCTrainerisback|1|1813\n|teamsize|p1|6\n|teamsize|p2|6\n|gen|9\n|tier|[Gen 9] VGC 2023 Regulation C\n|rated|\n|rule|Species Clause: Limit one of each Pok\u00e9mon\n|rule|Item Clause: Limit one of each item\n|clearpoke\n|poke|p1|Dondozo, L50, M|\n|poke|p1|Tatsugiri-Droopy, L50, M|\n|poke|p1|Flutter Mane, L50|\n|poke|p1|Dragonite, L50, F|\n|poke|p1|Iron Hands, L50|\n|poke|p1|Chi-Yu, L50|\n|poke|p2|Gothitelle, L50, F|\n|poke|p2|Flutter Mane, L50|\n|poke|p2|Iron Hands, L50|\n|poke|p2|Chien-Pao, L50|\n|poke|p2|Amoonguss, L50, M|\n|poke|p2|Dragonite, L50, M|\n|teampreview|4\nVGCTrainerisback has agreed to open team sheets.\n|inactive|Battle timer is ON: inactive players will automatically lose when time's up. (requested by VGCTrainerisback)\n|\n|t:|1684047783\n|start\n|switch|p1a: Dondozo|Dondozo, L50, M, shiny|100\/100\n|switch|p1b: Dragonite|Dragonite, L50, F|100\/100\n|switch|p2a: Gothitelle|Gothitelle, L50, F|100\/100\n|switch|p2b: Flutter Mane|Flutter Mane, L50|100\/100\n|turn|1\n|j| Crystal RRR\n|\n|t:|1684047803\n|move|p2a: Gothitelle|Fake Out|p1b: Dragonite\n|-damage|p1b: Dragonite|98\/100\n|move|p2b: Flutter Mane|Moonblast|p1b: Dragonite\n|-supereffective|p1b: Dragonite\n|-damage|p1b: Dragonite|0 fnt\n|faint|p1b: Dragonite\n|-damage|p2b: Flutter Mane|91\/100|[from] item: Life Orb\n|move|p1a: Dondozo|Heavy Slam|p2b: Flutter Mane\n|-supereffective|p2b: Flutter Mane\n|-damage|p2b: Flutter Mane|0 fnt\n|faint|p2b: Flutter Mane\n|-end|p2b: Flutter Mane|Protosynthesis|[silent]\n|\n|upkeep\n|\n|t:|1684047814\n|switch|p2b: Iron Hands|Iron Hands, L50, shiny|100\/100\n|switch|p1b: Flutter Mane|Flutter Mane, L50, shiny|100\/100\n|turn|2\n|\n|t:|1684047833\n|-end|p2b: Iron Hands|Quark Drive|[silent]\n|switch|p2b: Amoonguss|Amoonguss, L50, M, shiny|100\/100\n|-terastallize|p2a: Gothitelle|Grass\n|move|p1b: Flutter Mane|Protect|p1b: Flutter Mane\n|-singleturn|p1b: Flutter Mane|Protect\n|move|p1a: Dondozo|Yawn|p2b: Amoonguss\n|-start|p2b: Amoonguss|move: Yawn|[of] p1a: Dondozo\n|move|p2a: Gothitelle|Trick Room|p2a: Gothitelle\n|-fieldstart|move: Trick Room|[of] p2a: Gothitelle\n|\n|upkeep\n|turn|3\n|\n|t:|1684047857\n|move|p2b: Amoonguss|Spore|p1a: Dondozo\n|-status|p1a: Dondozo|slp|[from] move: Spore\n|cant|p1a: Dondozo|slp\n|move|p2a: Gothitelle|Psychic|p1b: Flutter Mane\n|-damage|p1b: Flutter Mane|70\/100\n|-unboost|p1b: Flutter Mane|spd|1\n|move|p1b: Flutter Mane|Moonblast|p2b: Amoonguss\n|-resisted|p2b: Amoonguss\n|-crit|p2b: Amoonguss\n|-damage|p2b: Amoonguss|59\/100\n|-unboost|p2b: Amoonguss|spa|1\n|-damage|p1b: Flutter Mane|60\/100|[from] item: Life Orb\n|\n|-end|p2b: Amoonguss|move: Yawn|[silent]\n|-status|p2b: Amoonguss|slp\n|upkeep\n|turn|4\n|\n|t:|1684047870\n|-end|p1b: Flutter Mane|Protosynthesis|[silent]\n|switch|p1b: Chi-Yu|Chi-Yu, L50|100\/100\n|-ability|p1b: Chi-Yu|Beads of Ruin\n|cant|p2b: Amoonguss|slp\n|cant|p1a: Dondozo|slp\n|move|p2a: Gothitelle|Psychic|p1b: Chi-Yu\n|-immune|p1b: Chi-Yu\n|\n|upkeep\n|turn|5\n|\n|t:|1684047883\n|switch|p2a: Iron Hands|Iron Hands, L50, shiny|100\/100\n|-curestatus|p2b: Amoonguss|slp|[msg]\n|move|p2b: Amoonguss|Spore|p1b: Chi-Yu\n|-status|p1b: Chi-Yu|slp|[from] move: Spore\n|cant|p1a: Dondozo|slp\n|cant|p1b: Chi-Yu|slp\n|\n|upkeep\n|turn|6\n|\n|t:|1684047900\n|switch|p2b: Gothitelle|Gothitelle, L50, F, tera:Grass|100\/100\n|switch|p1b: Flutter Mane|Flutter Mane, L50, shiny|60\/100\n|-curestatus|p1a: Dondozo|slp|[msg]\n|move|p1a: Dondozo|Yawn|p2a: Iron Hands\n|-start|p2a: Iron Hands|move: Yawn|[of] p1a: Dondozo\n|move|p2a: Iron Hands|Drain Punch|p1b: Flutter Mane\n|-immune|p1b: Flutter Mane\n|\n|-fieldend|move: Trick Room\n|upkeep\n|turn|7\n|inactive|Mess in Distress has 30 seconds left.\n|inactive|Mess in Distress has 20 seconds left.\n|inactive|Mess in Distress has 15 seconds left.\n|\n|t:|1684047944\n|-end|p2a: Iron Hands|Quark Drive|[silent]\n|switch|p2a: Amoonguss|Amoonguss, L50, M, shiny|93\/100\n|move|p1b: Flutter Mane|Moonblast|p2b: Gothitelle\n|-damage|p2b: Gothitelle|54\/100\n|-unboost|p2b: Gothitelle|spa|1\n|-damage|p1b: Flutter Mane|50\/100|[from] item: Life Orb\n|move|p1a: Dondozo|Yawn|p2b: Gothitelle\n|-start|p2b: Gothitelle|move: Yawn|[of] p1a: Dondozo\n|move|p2b: Gothitelle|Trick Room|p2b: Gothitelle\n|-fieldstart|move: Trick Room|[of] p2b: Gothitelle\n|\n|upkeep\n|turn|8\n|\n|t:|1684047967\n|move|p2a: Amoonguss|Spore|p1a: Dondozo\n|-status|p1a: Dondozo|slp|[from] move: Spore\n|cant|p1a: Dondozo|slp\n|move|p2b: Gothitelle|Psychic|p1b: Flutter Mane\n|-damage|p1b: Flutter Mane|29\/100\n|move|p1b: Flutter Mane|Moonblast|p2b: Gothitelle\n|-damage|p2b: Gothitelle|10\/100\n|-enditem|p2b: Gothitelle|Sitrus Berry|[eat]\n|-heal|p2b: Gothitelle|34\/100|[from] item: Sitrus Berry\n|-damage|p1b: Flutter Mane|19\/100|[from] item: Life Orb\n|\n|-end|p2b: Gothitelle|move: Yawn|[silent]\n|-status|p2b: Gothitelle|slp\n|upkeep\n|turn|9\n|\n|t:|1684047984\n|move|p1b: Flutter Mane|Protect|p1b: Flutter Mane\n|-singleturn|p1b: Flutter Mane|Protect\n|move|p2a: Amoonguss|Pollen Puff|p2b: Gothitelle\n|-heal|p2b: Gothitelle|84\/100 slp\n|cant|p1a: Dondozo|slp\n|cant|p2b: Gothitelle|slp\n|\n|upkeep\n|turn|10\n|\n|t:|1684048000\n|switch|p2b: Iron Hands|Iron Hands, L50, shiny|100\/100\n|-end|p1b: Flutter Mane|Protosynthesis|[silent]\n|switch|p1b: Chi-Yu|Chi-Yu, L50|100\/100 slp\n|-ability|p1b: Chi-Yu|Beads of Ruin\n|move|p2a: Amoonguss|Clear Smog|p1b: Chi-Yu\n|-damage|p1b: Chi-Yu|85\/100 slp\n|-clearboost|p1b: Chi-Yu\n|cant|p1a: Dondozo|slp\n|\n|upkeep\n|turn|11\n|\n|t:|1684048015\n|switch|p2a: Gothitelle|Gothitelle, L50, F, tera:Grass|84\/100 slp\n|-terastallize|p1b: Chi-Yu|Water\n|-curestatus|p1a: Dondozo|slp|[msg]\n|move|p1a: Dondozo|Yawn|p2b: Iron Hands\n|-start|p2b: Iron Hands|move: Yawn|[of] p1a: Dondozo\n|move|p2b: Iron Hands|Drain Punch|p1b: Chi-Yu\n|-damage|p1b: Chi-Yu|24\/100 slp\n|-curestatus|p1b: Chi-Yu|slp|[msg]\n|move|p1b: Chi-Yu|Heat Wave|p2b: Iron Hands|[spread] p2a,p2b\n|-supereffective|p2a: Gothitelle\n|-damage|p2a: Gothitelle|8\/100 slp\n|-damage|p2b: Iron Hands|57\/100\n|\n|-fieldend|move: Trick Room\n|upkeep\n|turn|12\n|inactive|VGCTrainerisback has 30 seconds left.\n|\n|t:|1684048043\n|move|p1b: Chi-Yu|Heat Wave|p2a: Gothitelle|[spread] p2a,p2b\n|-supereffective|p2a: Gothitelle\n|-damage|p2a: Gothitelle|0 fnt\n|-damage|p2b: Iron Hands|17\/100\n|faint|p2a: Gothitelle\n|move|p2b: Iron Hands|Drain Punch|p1b: Chi-Yu\n|-crit|p1b: Chi-Yu\n|-damage|p1b: Chi-Yu|0 fnt\n|-heal|p2b: Iron Hands|24\/100|[from] drain|[of] p1b: Chi-Yu\n|faint|p1b: Chi-Yu\n|move|p1a: Dondozo|Wave Crash|p2b: Iron Hands\n|-damage|p2b: Iron Hands|0 fnt\n|faint|p2b: Iron Hands\n|-end|p2b: Iron Hands|Quark Drive|[silent]\n|-damage|p1a: Dondozo|92\/100|[from] Recoil\n|\n|-heal|p1a: Dondozo|98\/100|[from] item: Leftovers\n|upkeep\n|\n|t:|1684048049\n|switch|p1b: Flutter Mane|Flutter Mane, L50, shiny|19\/100\n|switch|p2b: Amoonguss|Amoonguss, L50, M, shiny|100\/100\n|turn|13\n|\n|t:|1684048067\n|move|p1b: Flutter Mane|Shadow Ball|p2b: Amoonguss\n|-damage|p2b: Amoonguss|53\/100\n|-damage|p1b: Flutter Mane|9\/100|[from] item: Life Orb\n|move|p1a: Dondozo|Yawn|p2b: Amoonguss\n|-start|p2b: Amoonguss|move: Yawn|[of] p1a: Dondozo\n|move|p2b: Amoonguss|Spore|p1a: Dondozo\n|-status|p1a: Dondozo|slp|[from] move: Spore\n|\n|-heal|p1a: Dondozo|100\/100 slp|[from] item: Leftovers\n|upkeep\n|turn|14\n|\n|t:|1684048075\n|move|p1b: Flutter Mane|Protect|p1b: Flutter Mane\n|-singleturn|p1b: Flutter Mane|Protect\n|cant|p1a: Dondozo|slp\n|move|p2b: Amoonguss|Pollen Puff|p1a: Dondozo\n|-damage|p1a: Dondozo|86\/100 slp\n|\n|-heal|p1a: Dondozo|92\/100 slp|[from] item: Leftovers\n|-end|p2b: Amoonguss|move: Yawn|[silent]\n|-status|p2b: Amoonguss|slp\n|upkeep\n|turn|15\n|\n|t:|1684048079\n|move|p1b: Flutter Mane|Shadow Ball|p2b: Amoonguss\n|-damage|p2b: Amoonguss|8\/100 slp\n|-enditem|p2b: Amoonguss|Wiki Berry|[eat]\n|-heal|p2b: Amoonguss|42\/100 slp|[from] item: Wiki Berry\n|-damage|p1b: Flutter Mane|0 fnt|[from] item: Life Orb\n|faint|p1b: Flutter Mane\n|-end|p1b: Flutter Mane|Protosynthesis|[silent]\n|cant|p1a: Dondozo|slp\n|cant|p2b: Amoonguss|slp\n|\n|-heal|p1a: Dondozo|99\/100 slp|[from] item: Leftovers\n|upkeep\n|turn|16\n|\n|t:|1684048083\n|-curestatus|p1a: Dondozo|slp|[msg]\n|move|p1a: Dondozo|Heavy Slam|p2b: Amoonguss\n|-damage|p2b: Amoonguss|8\/100 slp\n|-curestatus|p2b: Amoonguss|slp|[msg]\n|move|p2b: Amoonguss|Pollen Puff|p1a: Dondozo\n|-damage|p1a: Dondozo|83\/100\n|\n|-heal|p1a: Dondozo|89\/100|[from] item: Leftovers\n|upkeep\n|turn|17\n|\n|t:|1684048087\n|move|p1a: Dondozo|Heavy Slam|p2b: Amoonguss\n|-damage|p2b: Amoonguss|0 fnt\n|faint|p2b: Amoonguss\n|\n|win|Mess in Distress\n|raw|Mess in Distress's rating: 1692 → 1719<\/strong> (+27 for winning)\n|raw|VGCTrainerisback's rating: 1813 → 1786<\/strong> (-27 for losing)\n","uploadtime":1684048093,"views":4,"p1id":"messindistress","p2id":"vgctrainerisback","formatid":"gen9vgc2023regulationc","rating":1719,"private":0,"password":""}