{"id":"gen9vgc2023regulationc-1859800196","p1":"Jerichowalls","p2":"littensalt","format":"[Gen 9] VGC 2023 Regulation C","log":"|j|\u2606Jerichowalls\n|j|\u2606littensalt\n|t:|1683565591\n|gametype|doubles\n|player|p1|Jerichowalls|265|1028\n|player|p2|littensalt|hugh|1048\n|teamsize|p1|6\n|teamsize|p2|6\n|gen|9\n|tier|[Gen 9] VGC 2023 Regulation C\n|rated|\n|rule|Species Clause: Limit one of each Pok\u00e9mon\n|rule|Item Clause: Limit one of each item\n|clearpoke\n|poke|p1|Garchomp, L50, M|\n|poke|p1|Espathra, L50, F|\n|poke|p1|Palafin, L50, M|\n|poke|p1|Skeledirge, L50, M|\n|poke|p1|Maushold-Four, L50|\n|poke|p1|Chien-Pao, L50|\n|poke|p2|Indeedee-F, L50, F|\n|poke|p2|Armarouge, L50, F|\n|poke|p2|Gholdengo, L50|\n|poke|p2|Murkrow, L50, F|\n|poke|p2|Meowscarada, L50, M|\n|poke|p2|Great Tusk, L50|\n|teampreview|4\n|inactive|Battle timer is ON: inactive players will automatically lose when time's up. (requested by Jerichowalls)\n|inactive|littensalt has 60 seconds left.\n|\n|t:|1683565624\n|start\n|switch|p1a: Espathra|Espathra, L50, F|100\/100\n|switch|p1b: Palafin|Palafin, L50, M|100\/100\n|switch|p2a: Indeedee|Indeedee-F, L50, F|100\/100\n|switch|p2b: Armarouge|Armarouge, L50, F|100\/100\n|-fieldstart|move: Psychic Terrain|[from] ability: Psychic Surge|[of] p2a: Indeedee\n|-enditem|p2a: Indeedee|Psychic Seed\n|-boost|p2a: Indeedee|spd|1|[from] item: Psychic Seed\n|turn|1\n|\n|t:|1683565637\n|move|p2b: Armarouge|Protect|p2b: Armarouge\n|-singleturn|p2b: Armarouge|Protect\n|move|p1b: Palafin|Flip Turn|p2b: Armarouge\n|-activate|p2b: Armarouge|move: Protect\n|move|p1a: Espathra|Shadow Ball|p2b: Armarouge\n|-activate|p2b: Armarouge|move: Protect\n|move|p2a: Indeedee|Trick Room|p2a: Indeedee\n|-fieldstart|move: Trick Room|[of] p2a: Indeedee\n|\n|-ability|p1a: Espathra|Speed Boost|boost\n|-boost|p1a: Espathra|spe|1\n|upkeep\n|turn|2\n|\n|t:|1683565660\n|move|p2a: Indeedee|Helping Hand|p2b: Armarouge\n|-singleturn|p2b: Armarouge|Helping Hand|[of] p2a: Indeedee\n|move|p1a: Espathra|Protect|p1a: Espathra\n|-singleturn|p1a: Espathra|Protect\n|move|p2b: Armarouge|Expanding Force|p1b: Palafin|[spread] p1b\n|-activate|p1a: Espathra|move: Protect\n|-damage|p1b: Palafin|0 fnt\n|faint|p1b: Palafin\n|-damage|p2b: Armarouge|91\/100|[from] item: Life Orb\n|\n|-ability|p1a: Espathra|Speed Boost|boost\n|-boost|p1a: Espathra|spe|1\n|upkeep\n|\n|t:|1683565672\n|switch|p1b: Skeledirge|Skeledirge, L50, M|100\/100\n|turn|3\n|\n|t:|1683565684\n|move|p2a: Indeedee|Helping Hand|p2b: Armarouge\n|-singleturn|p2b: Armarouge|Helping Hand|[of] p2a: Indeedee\n|move|p2b: Armarouge|Expanding Force|p1a: Espathra|[spread] p1a,p1b\n|-resisted|p1a: Espathra\n|-damage|p1a: Espathra|29\/100\n|-damage|p1b: Skeledirge|6\/100\n|-damage|p2b: Armarouge|81\/100|[from] item: Life Orb\n|move|p1b: Skeledirge|Torch Song|p2a: Indeedee\n|-damage|p2a: Indeedee|70\/100\n|-boost|p1b: Skeledirge|spa|1\n|move|p1a: Espathra|Shadow Ball|p2b: Armarouge\n|-supereffective|p2b: Armarouge\n|-damage|p2b: Armarouge|20\/100\n|\n|-heal|p1b: Skeledirge|12\/100|[from] item: Leftovers\n|-ability|p1a: Espathra|Speed Boost|boost\n|-boost|p1a: Espathra|spe|1\n|upkeep\n|turn|4\n|\n|t:|1683565700\n|move|p2a: Indeedee|Helping Hand|p2b: Armarouge\n|-singleturn|p2b: Armarouge|Helping Hand|[of] p2a: Indeedee\n|move|p1b: Skeledirge|Protect|p1b: Skeledirge\n|-singleturn|p1b: Skeledirge|Protect\n|move|p1a: Espathra|Protect|p1a: Espathra\n|-singleturn|p1a: Espathra|Protect\n|move|p2b: Armarouge|Expanding Force|p1b: Skeledirge|[spread] \n|-activate|p1a: Espathra|move: Protect\n|-activate|p1b: Skeledirge|move: Protect\n|\n|-heal|p1b: Skeledirge|18\/100|[from] item: Leftovers\n|-ability|p1a: Espathra|Speed Boost|boost\n|-boost|p1a: Espathra|spe|1\n|upkeep\n|turn|5\n|\n|t:|1683565720\n|move|p2a: Indeedee|Helping Hand|p2b: Armarouge\n|-singleturn|p2b: Armarouge|Helping Hand|[of] p2a: Indeedee\n|move|p1b: Skeledirge|Protect||[still]\n|-fail|p1b: Skeledirge\n|move|p1a: Espathra|Protect||[still]\n|-fail|p1a: Espathra\n|move|p2b: Armarouge|Expanding Force|p1b: Skeledirge|[spread] p1a,p1b\n|-resisted|p1a: Espathra\n|-damage|p1a: Espathra|0 fnt\n|-damage|p1b: Skeledirge|0 fnt\n|faint|p1a: Espathra\n|faint|p1b: Skeledirge\n|-damage|p2b: Armarouge|10\/100|[from] item: Life Orb\n|\n|-fieldend|move: Trick Room\n|-fieldend|move: Psychic Terrain\n|upkeep\n|\n|t:|1683565729\n|switch|p1b: Chien-Pao|Chien-Pao, L50|100\/100\n|-ability|p1b: Chien-Pao|Sword of Ruin\n|turn|6\n|\n|t:|1683565738\n|move|p2a: Indeedee|Follow Me|p2a: Indeedee\n|-singleturn|p2a: Indeedee|move: Follow Me\n|move|p1b: Chien-Pao|Crunch|p2a: Indeedee\n|-supereffective|p2a: Indeedee\n|-crit|p2a: Indeedee\n|-damage|p2a: Indeedee|0 fnt\n|faint|p2a: Indeedee\n|-damage|p1b: Chien-Pao|91\/100|[from] item: Life Orb\n|move|p2b: Armarouge|Armor Cannon|p1b: Chien-Pao\n|-supereffective|p1b: Chien-Pao\n|-damage|p1b: Chien-Pao|0 fnt\n|-unboost|p2b: Armarouge|def|1\n|-unboost|p2b: Armarouge|spd|1\n|faint|p1b: Chien-Pao\n|-damage|p2b: Armarouge|0 fnt|[from] item: Life Orb\n|faint|p2b: Armarouge\n|\n|win|littensalt\n|raw|Jerichowalls's rating: 1028 → 1015<\/strong> (-13 for losing)\n|raw|littensalt's rating: 1048 → 1079<\/strong> (+31 for winning)\n|l|\u2606Jerichowalls\n|c|\u2606littensalt|gg\n","uploadtime":1683565758,"views":6,"p1id":"jerichowalls","p2id":"littensalt","formatid":"gen9vgc2023regulationc","rating":1015,"private":0,"password":""}