{"id":"gen9vgc2023regulationc-1851322098","p1":"WoJiaoReaction","p2":"mhigham11","format":"[Gen 9] VGC 2023 Regulation C","log":"|j|\u2606WoJiaoReaction\n|j|\u2606mhigham11\n|t:|1682435695\n|gametype|doubles\n|player|p1|WoJiaoReaction|firebreather|1091\n|player|p2|mhigham11|102|1087\n|teamsize|p1|6\n|teamsize|p2|6\n|gen|9\n|tier|[Gen 9] VGC 2023 Regulation C\n|rated|\n|rule|Species Clause: Limit one of each Pok\u00e9mon\n|rule|Item Clause: Limit one of each item\n|clearpoke\n|poke|p1|Skeledirge, L50, F|\n|poke|p1|Wo-Chien, L50|\n|poke|p1|Flutter Mane, L50|\n|poke|p1|Dragonite, L50, F|\n|poke|p1|Glimmora, L50, M|\n|poke|p1|Palafin, L50, M|\n|poke|p2|Espathra, L50, M|\n|poke|p2|Sandy Shocks, L50|\n|poke|p2|Flutter Mane, L50|\n|poke|p2|Chi-Yu, L50|\n|poke|p2|Ting-Lu, L50|\n|poke|p2|Dragonite, L50, M|\n|teampreview|4\nmhigham11 rejected open team sheets.\n|\n|t:|1682435747\n|start\n|switch|p1a: Glimmora|Glimmora, L50, M|100\/100\n|switch|p1b: Palafin|Palafin, L50, M|100\/100\n|switch|p2a: Espathra|Espathra, L50, M|100\/100\n|switch|p2b: Sandy Shocks|Sandy Shocks, L50|100\/100\n|-enditem|p2b: Sandy Shocks|Booster Energy\n|-activate|p2b: Sandy Shocks|ability: Protosynthesis|[fromitem]\n|-start|p2b: Sandy Shocks|protosynthesisspa\n|turn|1\n|inactive|Battle timer is ON: inactive players will automatically lose when time's up. (requested by mhigham11)\n|\n|t:|1682435795\n|detailschange|p1b: Palafin|Palafin-Hero, L50, M\n|switch|p1b: Dragonite|Dragonite, L50, F|100\/100\n|-terastallize|p1a: Glimmora|Grass\n|move|p2a: Espathra|Protect|p2a: Espathra\n|-singleturn|p2a: Espathra|Protect\n|move|p2b: Sandy Shocks|Gravity|p2b: Sandy Shocks\n|-fieldstart|move: Gravity\n|move|p1a: Glimmora|Earth Power|p2b: Sandy Shocks\n|-supereffective|p2b: Sandy Shocks\n|-damage|p2b: Sandy Shocks|22\/100\n|\n|-ability|p2a: Espathra|Speed Boost|boost\n|-boost|p2a: Espathra|spe|1\n|upkeep\n|turn|2\n|inactive|WoJiaoReaction has 30 seconds left.\n|inactive|WoJiaoReaction has 20 seconds left.\n|inactive|WoJiaoReaction has 15 seconds left.\n|\n|t:|1682435836\n|move|p2b: Sandy Shocks|Protect|p2b: Sandy Shocks\n|-singleturn|p2b: Sandy Shocks|Protect\n|move|p1b: Dragonite|Extreme Speed|p2a: Espathra\n|-damage|p2a: Espathra|60\/100\n|move|p2a: Espathra|Hypnosis|p1b: Dragonite\n|-status|p1b: Dragonite|slp|[from] move: Hypnosis\n|move|p1a: Glimmora|Power Gem|p2a: Espathra\n|-damage|p2a: Espathra|0 fnt\n|faint|p2a: Espathra\n|\n|upkeep\n|\n|t:|1682435849\n|switch|p2a: Chi-Yu|Chi-Yu, L50|100\/100\n|-ability|p2a: Chi-Yu|Beads of Ruin\n|turn|3\n|\n|t:|1682435864\n|move|p1a: Glimmora|Spiky Shield|p1a: Glimmora\n|-singleturn|p1a: Glimmora|move: Protect\n|move|p2b: Sandy Shocks|Thunderbolt|p1b: Dragonite\n|-damage|p1b: Dragonite|77\/100 slp\n|move|p2a: Chi-Yu|Heat Wave|p1a: Glimmora|[spread] p1b\n|-activate|p1a: Glimmora|move: Protect\n|-resisted|p1b: Dragonite\n|-damage|p1b: Dragonite|57\/100 slp\n|-damage|p2a: Chi-Yu|90\/100|[from] item: Life Orb\n|cant|p1b: Dragonite|slp\n|\n|upkeep\n|turn|4\n|inactive|WoJiaoReaction has 30 seconds left.\n|\n|t:|1682435897\n|cant|p1b: Dragonite|slp\n|move|p2b: Sandy Shocks|Thunderbolt|p1b: Dragonite\n|-damage|p1b: Dragonite|12\/100 slp\n|move|p2a: Chi-Yu|Heat Wave|p1a: Glimmora|[spread] p1a,p1b\n|-supereffective|p1a: Glimmora\n|-resisted|p1b: Dragonite\n|-enditem|p1a: Glimmora|Focus Sash\n|-damage|p1a: Glimmora|1\/100\n|-damage|p1b: Dragonite|0 fnt\n|faint|p1b: Dragonite\n|-damage|p2a: Chi-Yu|80\/100|[from] item: Life Orb\n|move|p1a: Glimmora|Mortal Spin|p2b: Sandy Shocks|[spread] p2a,p2b\n|-resisted|p2b: Sandy Shocks\n|-damage|p2a: Chi-Yu|74\/100\n|-damage|p2b: Sandy Shocks|20\/100\n|-status|p2a: Chi-Yu|psn\n|-status|p2b: Sandy Shocks|psn\n|\n|-damage|p2b: Sandy Shocks|7\/100 psn|[from] psn\n|-damage|p2a: Chi-Yu|61\/100 psn|[from] psn\n|upkeep\n|\n|t:|1682435919\n|switch|p1b: Palafin|Palafin-Hero, L50, M|100\/100\n|-activate|p1b: Palafin|ability: Zero to Hero\n|turn|5\n|\n|t:|1682435937\n|move|p2a: Chi-Yu|Protect|p2a: Chi-Yu\n|-singleturn|p2a: Chi-Yu|Protect\n|move|p1a: Glimmora|Spiky Shield|p1a: Glimmora\n|-singleturn|p1a: Glimmora|move: Protect\n|move|p1b: Palafin|Protect|p1b: Palafin\n|-singleturn|p1b: Palafin|Protect\n|move|p2b: Sandy Shocks|Thunderbolt|p1b: Palafin\n|-activate|p1b: Palafin|move: Protect\n|\n|-damage|p2b: Sandy Shocks|0 fnt|[from] psn\n|faint|p2b: Sandy Shocks\n|-end|p2b: Sandy Shocks|Protosynthesis|[silent]\n|-damage|p2a: Chi-Yu|49\/100 psn|[from] psn\n|-fieldend|move: Gravity\n|upkeep\n|\n|t:|1682435949\n|switch|p2b: Flutter Mane|Flutter Mane, L50|100\/100\n|turn|6\n|\n|t:|1682435972\n|-terastallize|p2a: Chi-Yu|Dark\n|move|p1b: Palafin|Jet Punch|p2a: Chi-Yu\n|-damage|p2a: Chi-Yu|0 fnt\n|faint|p2a: Chi-Yu\n|move|p2b: Flutter Mane|Dazzling Gleam|p1a: Glimmora|[spread] p1a,p1b\n|-damage|p1a: Glimmora|0 fnt\n|-damage|p1b: Palafin|74\/100\n|faint|p1a: Glimmora\n|\n|upkeep\n|\n|t:|1682435983\n|switch|p1a: Wo-Chien|Wo-Chien, L50|100\/100\n|-ability|p1a: Wo-Chien|Tablets of Ruin\n|turn|7\n|\n|t:|1682435999\n|move|p1b: Palafin|Jet Punch|p2b: Flutter Mane\n|-damage|p2b: Flutter Mane|40\/100\n|move|p2b: Flutter Mane|Dazzling Gleam|p1a: Wo-Chien|[spread] p1a,p1b\n|-supereffective|p1a: Wo-Chien\n|-damage|p1a: Wo-Chien|66\/100\n|-damage|p1b: Palafin|44\/100\n|move|p1a: Wo-Chien|Pollen Puff|p1b: Palafin\n|-heal|p1b: Palafin|94\/100\n|\n|-heal|p1a: Wo-Chien|72\/100|[from] item: Leftovers\n|upkeep\n|turn|8\n|-message|mhigham11 forfeited.\n|\n|win|WoJiaoReaction\n|raw|WoJiaoReaction's rating: 1091 → 1117<\/strong> (+26 for winning)\n|raw|mhigham11's rating: 1087 → 1064<\/strong> (-23 for losing)\n|l|\u2606mhigham11\n","uploadtime":1682436019,"views":11,"p1id":"wojiaoreaction","p2id":"mhigham11","formatid":"gen9vgc2023regulationc","rating":1064,"private":0,"password":""}