{"id":"gen9vgc2023regulationc-1857386126","p1":"GB Seraphix","p2":"Nomadik","format":"[Gen 9] VGC 2023 Regulation C","log":"|j|\u2606GB Seraphix\n|j|\u2606Nomadik\n|t:|1683184529\n|gametype|doubles\n|player|p1|GB Seraphix|rosa|1150\n|player|p2|Nomadik|battlegirl|1225\n|teamsize|p1|6\n|teamsize|p2|6\n|gen|9\n|tier|[Gen 9] VGC 2023 Regulation C\n|rated|\n|rule|Species Clause: Limit one of each Pok\u00e9mon\n|rule|Item Clause: Limit one of each item\n|clearpoke\n|poke|p1|Lurantis, L50, F|\n|poke|p1|Hatterene, L50, F|\n|poke|p1|Torkoal, L50, M|\n|poke|p1|Indeedee-F, L50, F|\n|poke|p1|Oranguru, L50, M|\n|poke|p1|Hariyama, L50, M|\n|poke|p2|Baxcalibur, L50, F|\n|poke|p2|Tauros-Paldea-Aqua, L50, M|\n|poke|p2|Flutter Mane, L50|\n|poke|p2|Armarouge, L50, F|\n|poke|p2|Kingambit, L50, M|\n|poke|p2|Amoonguss, L50, F|\n|teampreview|4\n|inactive|Battle timer is ON: inactive players will automatically lose when time's up. (requested by GB Seraphix)\n|\n|t:|1683184579\n|start\n|switch|p1a: Sambalilo|Hatterene, L50, F|100\/100\n|switch|p1b: Ganryu|Hariyama, L50, M|100\/100\n|switch|p2a: Armarouge|Armarouge, L50, F|100\/100\n|switch|p2b: Tauros|Tauros-Paldea-Aqua, L50, M|100\/100\n|-ability|p2b: Tauros|Intimidate|boost\n|-unboost|p1a: Sambalilo|atk|1\n|-unboost|p1b: Ganryu|atk|1\n|turn|1\n|\n|t:|1683184600\n|move|p1b: Ganryu|Fake Out|p2a: Armarouge\n|-damage|p2a: Armarouge|92\/100\n|move|p2b: Tauros|Raging Bull|p1a: Sambalilo\n|-damage|p1a: Sambalilo|55\/100\n|cant|p2a: Armarouge|flinch\n|move|p1a: Sambalilo|Trick Room|p1a: Sambalilo\n|-fieldstart|move: Trick Room|[of] p1a: Sambalilo\n|\n|-status|p1b: Ganryu|brn|[from] item: Flame Orb\n|upkeep\n|turn|2\n|\n|t:|1683184617\n|move|p2b: Tauros|Protect|p2b: Tauros\n|-singleturn|p2b: Tauros|Protect\n|move|p1a: Sambalilo|Psychic|p2b: Tauros\n|-activate|p2b: Tauros|move: Protect\n|move|p1b: Ganryu|Knock Off|p2a: Armarouge\n|-supereffective|p2a: Armarouge\n|-damage|p2a: Armarouge|27\/100\n|-enditem|p2a: Armarouge|Life Orb|[from] move: Knock Off|[of] p1b: Ganryu\n|move|p2a: Armarouge|Expanding Force|p1b: Ganryu\n|-supereffective|p1b: Ganryu\n|-damage|p1b: Ganryu|19\/100 brn\n|\n|-damage|p1b: Ganryu|13\/100 brn|[from] brn\n|upkeep\n|turn|3\n|inactive|Nomadik has 30 seconds left.\n|inactive|Nomadik has 20 seconds left.\n|\n|t:|1683184657\n|switch|p1a: Preggy|Indeedee-F, L50, F|100\/100\n|-fieldstart|move: Psychic Terrain|[from] ability: Psychic Surge|[of] p1a: Preggy\n|-enditem|p1a: Preggy|Psychic Seed\n|-boost|p1a: Preggy|spd|1|[from] item: Psychic Seed\n|-enditem|p2b: Tauros|Mirror Herb\n|-boost|p2b: Tauros|spd|1|[from] item: Mirror Herb\n|switch|p2b: Kingambit|Kingambit, L50, M|100\/100\n|move|p1b: Ganryu|Knock Off|p2a: Armarouge\n|-supereffective|p2a: Armarouge\n|-damage|p2a: Armarouge|0 fnt\n|faint|p2a: Armarouge\n|\n|-damage|p1b: Ganryu|7\/100 brn|[from] brn\n|upkeep\n|\n|t:|1683184669\n|switch|p2a: Amoonguss|Amoonguss, L50, F|100\/100\n|turn|4\n|\n|t:|1683184689\n|switch|p1a: Sambalilo|Hatterene, L50, F|55\/100\n|move|p2a: Amoonguss|Rage Powder|p2a: Amoonguss\n|-singleturn|p2a: Amoonguss|move: Rage Powder\n|move|p1b: Ganryu|Close Combat|p2a: Amoonguss\n|-resisted|p2a: Amoonguss\n|-damage|p2a: Amoonguss|76\/100\n|-unboost|p1b: Ganryu|def|1\n|-unboost|p1b: Ganryu|spd|1\n|move|p2b: Kingambit|Kowtow Cleave|p1a: Sambalilo\n|-damage|p1a: Sambalilo|0 fnt\n|faint|p1a: Sambalilo\n|\n|-damage|p1b: Ganryu|1\/100 brn|[from] brn\n|upkeep\n|\n|t:|1683184703\n|switch|p1a: Preggy|Indeedee-F, L50, F|100\/100\n|turn|5\n|\n|t:|1683184717\n|move|p2a: Amoonguss|Rage Powder|p2a: Amoonguss\n|-singleturn|p2a: Amoonguss|move: Rage Powder\n|move|p1a: Preggy|Follow Me|p1a: Preggy\n|-singleturn|p1a: Preggy|move: Follow Me\n|move|p1b: Ganryu|Knock Off|p2a: Amoonguss\n|-damage|p2a: Amoonguss|47\/100\n|-enditem|p2a: Amoonguss|Covert Cloak|[from] move: Knock Off|[of] p1b: Ganryu\n|move|p2b: Kingambit|Kowtow Cleave|p1a: Preggy\n|-supereffective|p1a: Preggy\n|-damage|p1a: Preggy|4\/100\n|\n|-damage|p1b: Ganryu|0 fnt|[from] brn\n|faint|p1b: Ganryu\n|-fieldend|move: Trick Room\n|upkeep\n|\n|t:|1683184729\n|switch|p1b: Pawikan|Torkoal, L50, M|100\/100\n|-weather|SunnyDay|[from] ability: Drought|[of] p1b: Pawikan\n|turn|6\n|inactive|Nomadik has 30 seconds left.\n|\n|t:|1683184755\n|-terastallize|p2b: Kingambit|Flying\n|-terastallize|p1b: Pawikan|Fire\n|move|p1a: Preggy|Follow Me|p1a: Preggy\n|-singleturn|p1a: Preggy|move: Follow Me\n|move|p2b: Kingambit|Kowtow Cleave|p1a: Preggy\n|-supereffective|p1a: Preggy\n|-damage|p1a: Preggy|0 fnt\n|faint|p1a: Preggy\n|move|p2a: Amoonguss|Spore|p1b: Pawikan\n|-status|p1b: Pawikan|slp|[from] move: Spore\n|cant|p1b: Pawikan|slp\n|\n|-weather|SunnyDay|[upkeep]\n|upkeep\n|turn|7\n|-message|GB Seraphix forfeited.\n|\n|win|Nomadik\n|raw|GB Seraphix's rating: 1150 → 1130<\/strong> (-20 for losing)\n|raw|Nomadik's rating: 1225 → 1245<\/strong> (+20 for winning)\n","uploadtime":1683184772,"views":8,"p1id":"gbseraphix","p2id":"nomadik","formatid":"gen9vgc2023regulationc","rating":1130,"private":0,"password":""}