{"id":"gen9vgc2023regulationc-1855979130","p1":"Testostyronne","p2":"k58462312","format":"[Gen 9] VGC 2023 Regulation C","log":"|j|\u2606Testostyronne\n|j|\u2606k58462312\n|t:|1683011086\n|gametype|doubles\n|player|p1|Testostyronne|2|1346\n|player|p2|k58462312|riley|1321\n|teamsize|p1|6\n|teamsize|p2|6\n|gen|9\n|tier|[Gen 9] VGC 2023 Regulation C\n|rated|\n|rule|Species Clause: Limit one of each Pok\u00e9mon\n|rule|Item Clause: Limit one of each item\n|clearpoke\n|poke|p1|Rotom-Wash, L50|\n|poke|p1|Flutter Mane, L50|\n|poke|p1|Great Tusk, L50|\n|poke|p1|Kingambit, L50, F|\n|poke|p1|Jumpluff, L50, F|\n|poke|p1|Torkoal, L50, M|\n|poke|p2|Scizor, L50, F|\n|poke|p2|Abomasnow, L50, M|\n|poke|p2|Iron Bundle, L50|\n|poke|p2|Garchomp, L50, M|\n|poke|p2|Talonflame, L50, M|\n|poke|p2|Chien-Pao, L50|\n|teampreview|4\n|\n|t:|1683011122\n|start\n|switch|p1a: Kingambit|Kingambit, L50, F|100\/100\n|switch|p1b: Great Tusk|Great Tusk, L50|100\/100\n|switch|p2a: Iron Bundle|Iron Bundle, L50|100\/100\n|switch|p2b: Talonflame|Talonflame, L50, M|100\/100\n|-enditem|p2a: Iron Bundle|Booster Energy\n|-activate|p2a: Iron Bundle|ability: Quark Drive|[fromitem]\n|-start|p2a: Iron Bundle|quarkdrivespe\n|turn|1\n|\n|t:|1683011158\n|move|p2a: Iron Bundle|Protect|p2a: Iron Bundle\n|-singleturn|p2a: Iron Bundle|Protect\n|move|p1b: Great Tusk|Rock Slide|p2a: Iron Bundle|[spread] p2b\n|-activate|p2a: Iron Bundle|move: Protect\n|-supereffective|p2b: Talonflame\n|-damage|p2b: Talonflame|0 fnt\n|faint|p2b: Talonflame\n|move|p1a: Kingambit|Kowtow Cleave|p2a: Iron Bundle\n|-activate|p2a: Iron Bundle|move: Protect\n|\n|upkeep\n|\n|t:|1683011171\n|switch|p2b: Abomasnow|Abomasnow, L50, M|100\/100\n|-weather|Snow|[from] ability: Snow Warning|[of] p2b: Abomasnow\n|turn|2\n|\n|t:|1683011191\n|-end|p1b: Great Tusk|Protosynthesis|[silent]\n|switch|p1b: Torkoal|Torkoal, L50, M|100\/100\n|-weather|SunnyDay|[from] ability: Drought|[of] p1b: Torkoal\n|-terastallize|p2b: Abomasnow|Water\n|move|p2a: Iron Bundle|Blizzard|p1b: Torkoal|[spread] p1a,p1b\n|-resisted|p1a: Kingambit\n|-resisted|p1b: Torkoal\n|-damage|p1a: Kingambit|82\/100\n|-damage|p1b: Torkoal|74\/100\n|move|p2b: Abomasnow|Blizzard|p1b: Torkoal|[spread] p1a\n|-miss|p2b: Abomasnow|p1b: Torkoal\n|-resisted|p1a: Kingambit\n|-damage|p1a: Kingambit|63\/100\n|move|p1a: Kingambit|Kowtow Cleave|p2a: Iron Bundle\n|-damage|p2a: Iron Bundle|29\/100\n|\n|-weather|SunnyDay|[upkeep]\n|upkeep\n|turn|3\n|\n|t:|1683011222\n|switch|p2b: Scizor|Scizor, L50, F|100\/100\n|switch|p1b: Jumpluff|Jumpluff, L50, F|100\/100\n|move|p1a: Kingambit|Sucker Punch|p2a: Iron Bundle\n|-damage|p2a: Iron Bundle|0 fnt\n|faint|p2a: Iron Bundle\n|-end|p2a: Iron Bundle|Quark Drive|[silent]\n|\n|-weather|SunnyDay|[upkeep]\n|upkeep\n|\n|t:|1683011234\n|switch|p2a: Abomasnow|Abomasnow, L50, M, tera:Water|100\/100\n|-weather|Snow|[from] ability: Snow Warning|[of] p2a: Abomasnow\n|turn|4\n|\n|t:|1683011270\n|move|p1a: Kingambit|Sucker Punch|p2a: Abomasnow\n|-damage|p2a: Abomasnow|40\/100\n|move|p1b: Jumpluff|Leaf Storm|p2a: Abomasnow\n|-supereffective|p2a: Abomasnow\n|-damage|p2a: Abomasnow|0 fnt\n|-unboost|p1b: Jumpluff|spa|2\n|faint|p2a: Abomasnow\n|move|p2b: Scizor|Pounce|p1a: Kingambit\n|-damage|p1a: Kingambit|31\/100\n|-unboost|p1a: Kingambit|spe|1\n|-ability|p1a: Kingambit|Defiant|boost\n|-boost|p1a: Kingambit|atk|2\n|\n|-weather|Snow|[upkeep]\n|upkeep\n|turn|5\n|\n|t:|1683011307\n|move|p1a: Kingambit|Protect|p1a: Kingambit\n|-singleturn|p1a: Kingambit|Protect\n|move|p1b: Jumpluff|Sleep Powder|p2b: Scizor\n|-status|p2b: Scizor|slp|[from] move: Sleep Powder\n|cant|p2b: Scizor|slp\n|\n|-weather|Snow|[upkeep]\n|upkeep\n|turn|6\n|\n|t:|1683011324\n|move|p1b: Jumpluff|Rage Powder|p1b: Jumpluff\n|-singleturn|p1b: Jumpluff|move: Rage Powder\n|cant|p2b: Scizor|slp\n|move|p1a: Kingambit|Kowtow Cleave|p2b: Scizor\n|-damage|p2b: Scizor|0 fnt\n|faint|p2b: Scizor\n|\n|win|Testostyronne\n|raw|Testostyronne's rating: 1346 → 1365<\/strong> (+19 for winning)\n|raw|k58462312's rating: 1321 → 1302<\/strong> (-19 for losing)\n","uploadtime":1683011355,"views":21,"p1id":"testostyronne","p2id":"k58462312","formatid":"gen9vgc2023regulationc","rating":1302,"private":0,"password":""}