{"id":"gen9vgc2023regulationc-1851889616","p1":"eheueheu","p2":"Flytrapin","format":"[Gen 9] VGC 2023 Regulation C","log":"|j|\u2606eheueheu\n|j|\u2606Flytrapin\n|t:|1682501301\n|gametype|doubles\n|player|p1|eheueheu|larry|1101\n|player|p2|Flytrapin|alder|1000\n|teamsize|p1|6\n|teamsize|p2|6\n|gen|9\n|tier|[Gen 9] VGC 2023 Regulation C\n|rated|\n|rule|Species Clause: Limit one of each Pok\u00e9mon\n|rule|Item Clause: Limit one of each item\n|clearpoke\n|poke|p1|Ting-Lu, L50|\n|poke|p1|Flutter Mane, L50|\n|poke|p1|Chi-Yu, L50|\n|poke|p1|Torkoal, L50, M|\n|poke|p1|Great Tusk, L50|\n|poke|p1|Leafeon, L50, M|\n|poke|p2|Flutter Mane, L50|\n|poke|p2|Ceruledge, L50, F|\n|poke|p2|Toedscruel, L50, M|\n|poke|p2|Sableye, L50, F|\n|poke|p2|Baxcalibur, L50, M|\n|poke|p2|Iron Bundle, L50|\n|teampreview|4\n|inactive|Battle timer is ON: inactive players will automatically lose when time's up. (requested by Flytrapin)\neheueheu has agreed to open team sheets.\n|inactive|Flytrapin has 60 seconds left.\n|inactive|eheueheu has 60 seconds left.\n|\n|t:|1682501340\n|start\n|switch|p1a: bowl moose|Ting-Lu, L50|100\/100\n|switch|p1b: flap flap|Flutter Mane, L50|100\/100\n|switch|p2a: Sableye|Sableye, L50, F|100\/100\n|switch|p2b: Toedscruel|Toedscruel, L50, M|100\/100\n|-ability|p1a: bowl moose|Vessel of Ruin\n|turn|1\n|inactive|Flytrapin has 30 seconds left.\n|\n|t:|1682501369\n|move|p2a: Sableye|Skill Swap|p2b: Toedscruel\n|-activate|p2a: Sableye|move: Skill Swap|||[of] p2b: Toedscruel\n|move|p2b: Toedscruel|Spore|p1b: flap flap\n|-status|p1b: flap flap|slp|[from] move: Spore\n|cant|p1b: flap flap|slp\n|move|p1a: bowl moose|Fissure|p2b: Toedscruel|[miss]\n|-miss|p1a: bowl moose|p2b: Toedscruel\n|\n|upkeep\n|turn|2\n|inactive|eheueheu has 30 seconds left.\n|inactive|eheueheu has 20 seconds left.\n|inactive|eheueheu has 15 seconds left.\n|inactive|eheueheu has 10 seconds left.\n|inactive|eheueheu has 5 seconds left.\n|\n|t:|1682501424\n|move|p2b: Toedscruel|Leech Seed|p1b: flap flap\n|-start|p1b: flap flap|move: Leech Seed\n|cant|p1b: flap flap|slp\n|move|p1a: bowl moose|Fissure|p2a: Sableye|[miss]\n|-miss|p1a: bowl moose|p2a: Sableye\n|move|p2a: Sableye|Will-O-Wisp|p1a: bowl moose\n|-status|p1a: bowl moose|brn\n|\n|-damage|p1b: flap flap|88\/100 slp|[from] Leech Seed|[of] p2b: Toedscruel\n|-damage|p1a: bowl moose|95\/100 brn|[from] brn\n|upkeep\n|turn|3\n|inactive|eheueheu has 30 seconds left.\n|inactive|Flytrapin has 30 seconds left.\n|inactive|eheueheu has 20 seconds left.\n|inactive|Flytrapin has 20 seconds left.\n|inactive|eheueheu has 15 seconds left.\n|inactive|eheueheu has 10 seconds left.\n|inactive|eheueheu has 5 seconds left.\n|\n|t:|1682501477\n|-curestatus|p1b: flap flap|slp|[msg]\n|move|p1b: flap flap|Moonblast|p2b: Toedscruel\n|-damage|p2b: Toedscruel|65\/100\n|move|p2b: Toedscruel|Knock Off|p1b: flap flap\n|-damage|p1b: flap flap|53\/100\n|-enditem|p1b: flap flap|Choice Specs|[from] move: Knock Off|[of] p2b: Toedscruel\n|move|p1a: bowl moose|Fissure|p2a: Sableye\n|-enditem|p2a: Sableye|Focus Sash\n|-damage|p2a: Sableye|1\/100\n|move|p2a: Sableye|Skill Swap|p1a: bowl moose\n|-activate|p2a: Sableye|move: Skill Swap|Vessel of Ruin|Mycelium Might|[of] p1a: bowl moose\n|-ability|p2a: Sableye|Vessel of Ruin\n|\n|-heal|p2b: Toedscruel|71\/100|[from] item: Leftovers\n|-damage|p1b: flap flap|40\/100|[from] Leech Seed|[of] p2b: Toedscruel\n|-heal|p2b: Toedscruel|79\/100|[silent]\n|-damage|p1a: bowl moose|89\/100 brn|[from] brn\n|upkeep\n|turn|4\n|inactive|Flytrapin has 30 seconds left.\n|\n|t:|1682501505\n|move|p2b: Toedscruel|Spore|p1b: flap flap\n|-status|p1b: flap flap|slp|[from] move: Spore\n|cant|p1b: flap flap|slp\n|move|p2a: Sableye|Snarl|p1b: flap flap|[spread] p1a,p1b\n|-resisted|p1a: bowl moose\n|-damage|p1a: bowl moose|86\/100 brn\n|-damage|p1b: flap flap|30\/100 slp\n|-unboost|p1a: bowl moose|spa|1\n|-unboost|p1b: flap flap|spa|1\n|move|p1a: bowl moose|Fissure|p2b: Toedscruel|[miss]\n|-miss|p1a: bowl moose|p2b: Toedscruel\n|\n|-heal|p2b: Toedscruel|85\/100|[from] item: Leftovers\n|-damage|p1b: flap flap|18\/100 slp|[from] Leech Seed|[of] p2b: Toedscruel\n|-heal|p2b: Toedscruel|94\/100|[silent]\n|-damage|p1a: bowl moose|80\/100 brn|[from] brn\n|upkeep\n|turn|5\n|\n|t:|1682501521\n|-curestatus|p1b: flap flap|slp|[msg]\n|move|p1b: flap flap|Dazzling Gleam|p2b: Toedscruel|[spread] p2a,p2b\n|-supereffective|p2a: Sableye\n|-damage|p2a: Sableye|0 fnt\n|-damage|p2b: Toedscruel|84\/100\n|faint|p2a: Sableye\n|move|p2b: Toedscruel|Knock Off|p1a: bowl moose\n|-resisted|p1a: bowl moose\n|-damage|p1a: bowl moose|76\/100 brn\n|-enditem|p1a: bowl moose|Assault Vest|[from] move: Knock Off|[of] p2b: Toedscruel\n|move|p1a: bowl moose|Fissure|p2b: Toedscruel|[miss]\n|-miss|p1a: bowl moose|p2b: Toedscruel\n|\n|-heal|p2b: Toedscruel|90\/100|[from] item: Leftovers\n|-damage|p1b: flap flap|6\/100|[from] Leech Seed|[of] p2b: Toedscruel\n|-heal|p2b: Toedscruel|98\/100|[silent]\n|-damage|p1a: bowl moose|70\/100 brn|[from] brn\n|upkeep\n|\n|t:|1682501534\n|switch|p2a: Flutter Mane|Flutter Mane, L50|100\/100\n|-enditem|p2a: Flutter Mane|Booster Energy\n|-activate|p2a: Flutter Mane|ability: Protosynthesis|[fromitem]\n|-start|p2a: Flutter Mane|protosynthesisspe\n|turn|6\n|\n|t:|1682501544\n|move|p2b: Toedscruel|Spore|p1b: flap flap\n|-status|p1b: flap flap|slp|[from] move: Spore\n|move|p2a: Flutter Mane|Dazzling Gleam|p1a: bowl moose|[spread] p1a,p1b\n|-supereffective|p1a: bowl moose\n|-damage|p1a: bowl moose|26\/100 brn\n|-damage|p1b: flap flap|0 fnt\n|faint|p1b: flap flap\n|-end|p1b: flap flap|Protosynthesis|[silent]\n|move|p1a: bowl moose|Fissure|p2b: Toedscruel|[miss]\n|-miss|p1a: bowl moose|p2b: Toedscruel\n|\n|-heal|p2b: Toedscruel|100\/100|[from] item: Leftovers\n|-damage|p1a: bowl moose|20\/100 brn|[from] brn\n|upkeep\n|\n|t:|1682501549\n|switch|p1b: built diff?|Great Tusk, L50|100\/100\n|turn|7\n|\n|t:|1682501572\n|-terastallize|p1b: built diff?|Steel\n|move|p2a: Flutter Mane|Moonblast|p1b: built diff?\n|-resisted|p1b: built diff?\n|-damage|p1b: built diff?|68\/100\n|move|p2b: Toedscruel|Earth Power|p1a: bowl moose\n|-damage|p1a: bowl moose|3\/100 brn\n|move|p1b: built diff?|Iron Head|p2a: Flutter Mane\n|-supereffective|p2a: Flutter Mane\n|-damage|p2a: Flutter Mane|0 fnt\n|faint|p2a: Flutter Mane\n|-end|p2a: Flutter Mane|Protosynthesis|[silent]\n|move|p1a: bowl moose|Fissure|p2b: Toedscruel\n|-damage|p2b: Toedscruel|0 fnt\n|faint|p2b: Toedscruel\n|-ohko\n|\n|-damage|p1a: bowl moose|0 fnt|[from] brn\n|faint|p1a: bowl moose\n|upkeep\n|inactive|eheueheu has 30 seconds left.\n|inactive|eheueheu has 20 seconds left.\n|inactive|eheueheu has 15 seconds left.\n|inactive|eheueheu has 10 seconds left.\n|inactive|eheueheu has 5 seconds left.\n|\n|t:|1682501627\n|switch|p2b: Ceruledge|Ceruledge, L50, F|100\/100\n|switch|p1a: feesh|Chi-Yu, L50|100\/100\n|-ability|p1a: feesh|Beads of Ruin\n|turn|8\n|\n|t:|1682501641\n|move|p1a: feesh|Dark Pulse|p2b: Ceruledge\n|-supereffective|p2b: Ceruledge\n|-damage|p2b: Ceruledge|0 fnt\n|faint|p2b: Ceruledge\n|\n|win|eheueheu\n|raw|eheueheu's rating: 1101 → 1119<\/strong> (+18 for winning)\n|raw|Flytrapin's rating: 1000 → 1000<\/strong> (+0 for losing)\n|l|\u2606Flytrapin\n","uploadtime":1682501648,"views":13,"p1id":"eheueheu","p2id":"flytrapin","formatid":"gen9vgc2023regulationc","rating":1000,"private":0,"password":""}