{"id":"gen9vgc2023regulationc-1845968869","p1":"Fangripper","p2":"Probotwo","format":"[Gen 9] VGC 2023 Regulation C","log":"|j|\u2606Fangripper\n|j|\u2606Probotwo\n|t:|1681785234\n|gametype|doubles\n|player|p1|Fangripper|veteran|1100\n|player|p2|Probotwo|266|1066\n|teamsize|p1|6\n|teamsize|p2|6\n|gen|9\n|tier|[Gen 9] VGC 2023 Regulation C\n|rated|\n|rule|Species Clause: Limit one of each Pok\u00e9mon\n|rule|Item Clause: Limit one of each item\n|clearpoke\n|poke|p1|Flutter Mane, L50|\n|poke|p1|Annihilape, L50, M|\n|poke|p1|Amoonguss, L50, M|\n|poke|p1|Gyarados, L50, F|\n|poke|p1|Ting-Lu, L50|\n|poke|p1|Chi-Yu, L50|\n|poke|p2|Abomasnow, L50, M|\n|poke|p2|Iron Bundle, L50|\n|poke|p2|Talonflame, L50, F|\n|poke|p2|Ting-Lu, L50|\n|poke|p2|Maushold-Four, L50|\n|poke|p2|Annihilape, L50, M|\n|teampreview|4\n|\n|t:|1681785327\n|start\n|switch|p1a: Gyarados|Gyarados, L50, F|100\/100\n|switch|p1b: Flutter Mane|Flutter Mane, L50|100\/100\n|switch|p2a: Talonflame|Talonflame, L50, F|100\/100\n|switch|p2b: Abomasnow|Abomasnow, L50, M|100\/100\n|-weather|Snow|[from] ability: Snow Warning|[of] p2b: Abomasnow\n|-ability|p1a: Gyarados|Intimidate|boost\n|-unboost|p2a: Talonflame|atk|1\n|-unboost|p2b: Abomasnow|atk|1\n|turn|1\n|\n|t:|1681785393\n|move|p2a: Talonflame|Brave Bird|p1b: Flutter Mane\n|-damage|p1b: Flutter Mane|36\/100\n|-damage|p2a: Talonflame|82\/100|[from] Recoil\n|move|p1b: Flutter Mane|Dazzling Gleam|p2b: Abomasnow|[spread] p2a,p2b\n|-resisted|p2a: Talonflame\n|-damage|p2a: Talonflame|47\/100\n|-damage|p2b: Abomasnow|46\/100\n|move|p2b: Abomasnow|Blizzard|p1b: Flutter Mane|[spread] p1a,p1b\n|-damage|p1a: Gyarados|78\/100\n|-damage|p1b: Flutter Mane|0 fnt\n|faint|p1b: Flutter Mane\n|-end|p1b: Flutter Mane|Protosynthesis|[silent]\n|move|p1a: Gyarados|Waterfall|p2a: Talonflame\n|-supereffective|p2a: Talonflame\n|-damage|p2a: Talonflame|0 fnt\n|faint|p2a: Talonflame\n|\n|-weather|Snow|[upkeep]\n|upkeep\n|\n|t:|1681785419\n|switch|p1b: Amoonguss|Amoonguss, L50, M|100\/100\n|switch|p2a: Iron Bundle|Iron Bundle, L50|100\/100\n|-enditem|p2a: Iron Bundle|Booster Energy\n|-activate|p2a: Iron Bundle|ability: Quark Drive|[fromitem]\n|-start|p2a: Iron Bundle|quarkdrivespe\n|turn|2\n|\n|t:|1681785464\n|switch|p2b: Annihilape|Annihilape, L50, M|100\/100\n|move|p1b: Amoonguss|Rage Powder|p1b: Amoonguss\n|-singleturn|p1b: Amoonguss|move: Rage Powder\n|move|p2a: Iron Bundle|Aurora Veil|p2a: Iron Bundle\n|-sidestart|p2: Probotwo|move: Aurora Veil\n|move|p1a: Gyarados|Thunder Wave|p2a: Iron Bundle|[miss]\n|-miss|p1a: Gyarados|p2a: Iron Bundle\n|\n|-weather|Snow|[upkeep]\n|upkeep\n|turn|3\n|\n|t:|1681785504\n|move|p2a: Iron Bundle|Icy Wind|p1a: Gyarados|[spread] p1a,p1b\n|-supereffective|p1b: Amoonguss\n|-damage|p1a: Gyarados|65\/100\n|-damage|p1b: Amoonguss|73\/100\n|-unboost|p1a: Gyarados|spe|1\n|-unboost|p1b: Amoonguss|spe|1\n|move|p2b: Annihilape|Bulk Up|p2b: Annihilape\n|-boost|p2b: Annihilape|atk|1\n|-boost|p2b: Annihilape|def|1\n|move|p1a: Gyarados|Thunder Wave|p2b: Annihilape\n|-status|p2b: Annihilape|par\n|move|p1b: Amoonguss|Spore|p2a: Iron Bundle\n|-status|p2a: Iron Bundle|slp|[from] move: Spore\n|\n|-weather|Snow|[upkeep]\n|upkeep\n|turn|4\n|\n|t:|1681785544\n|switch|p1b: Annihilape|Annihilape, L50, M|100\/100\n|cant|p2a: Iron Bundle|slp\n|move|p2b: Annihilape|Bulk Up|p2b: Annihilape\n|-boost|p2b: Annihilape|atk|1\n|-boost|p2b: Annihilape|def|1\n|move|p1a: Gyarados|Taunt|p2b: Annihilape\n|-start|p2b: Annihilape|move: Taunt\n|\n|-weather|Snow|[upkeep]\n|upkeep\n|turn|5\n|\n|t:|1681785597\n|cant|p2a: Iron Bundle|slp\n|move|p1b: Annihilape|Bulk Up|p1b: Annihilape\n|-boost|p1b: Annihilape|atk|1\n|-boost|p1b: Annihilape|def|1\n|move|p2b: Annihilape|Rage Fist|p1a: Gyarados\n|-damage|p1a: Gyarados|26\/100\n|move|p1a: Gyarados|Waterfall|p2b: Annihilape\n|-damage|p2b: Annihilape|88\/100 par\n|\n|-weather|none\n|upkeep\n|turn|6\n|\n|t:|1681785621\n|-terastallize|p2b: Annihilape|Ghost\n|-curestatus|p2a: Iron Bundle|slp|[msg]\n|move|p2a: Iron Bundle|Freeze-Dry|p2b: Annihilape\n|-damage|p2b: Annihilape|69\/100 par\n|move|p1b: Annihilape|Drain Punch|p2a: Iron Bundle\n|-supereffective|p2a: Iron Bundle\n|-damage|p2a: Iron Bundle|30\/100\n|move|p2b: Annihilape|Rage Fist|p1b: Annihilape\n|-supereffective|p1b: Annihilape\n|-damage|p1b: Annihilape|0 fnt\n|faint|p1b: Annihilape\n|move|p1a: Gyarados|Waterfall|p2a: Iron Bundle\n|-resisted|p2a: Iron Bundle\n|-damage|p2a: Iron Bundle|17\/100\n|\n|-sideend|p2: Probotwo|move: Aurora Veil\n|upkeep\n|\n|t:|1681785641\n|switch|p1b: Amoonguss|Amoonguss, L50, M|100\/100\n|turn|7\n|\n|t:|1681785656\n|move|p1b: Amoonguss|Rage Powder|p1b: Amoonguss\n|-singleturn|p1b: Amoonguss|move: Rage Powder\n|move|p2a: Iron Bundle|Freeze-Dry|p1b: Amoonguss\n|-supereffective|p1b: Amoonguss\n|-damage|p1b: Amoonguss|52\/100\n|move|p2b: Annihilape|Rage Fist|p1b: Amoonguss\n|-damage|p1b: Amoonguss|0 fnt\n|faint|p1b: Amoonguss\n|move|p1a: Gyarados|Waterfall|p2a: Iron Bundle\n|-resisted|p2a: Iron Bundle\n|-damage|p2a: Iron Bundle|0 fnt\n|faint|p2a: Iron Bundle\n|-end|p2a: Iron Bundle|Quark Drive|[silent]\n|\n|-end|p2b: Annihilape|move: Taunt\n|upkeep\n|\n|t:|1681785673\n|switch|p2a: Abomasnow|Abomasnow, L50, M|46\/100\n|-weather|Snow|[from] ability: Snow Warning|[of] p2a: Abomasnow\n|turn|8\n|\n|t:|1681785681\n|-terastallize|p1a: Gyarados|Fairy\n|move|p2a: Abomasnow|Blizzard|p1a: Gyarados\n|-damage|p1a: Gyarados|0 fnt\n|faint|p1a: Gyarados\n|\n|win|Probotwo\n|raw|Fangripper's rating: 1100 → 1073<\/strong> (-27 for losing)\n|raw|Probotwo's rating: 1066 → 1099<\/strong> (+33 for winning)\n|l|\u2606Fangripper\n","uploadtime":1681785700,"views":5,"p1id":"fangripper","p2id":"probotwo","formatid":"gen9vgc2023regulationc","rating":1073,"private":0,"password":""}