{"id":"gen9vgc2023regulationc-1857440281","p1":"leoroop","p2":"WawtuhBottO","format":"[Gen 9] VGC 2023 Regulation C","log":"|j|\u2606leoroop\n|j|\u2606WawtuhBottO\n|t:|1683193534\n|gametype|doubles\n|player|p1|leoroop|backpacker|1158\n|player|p2|WawtuhBottO|pokekid|1139\n|teamsize|p1|6\n|teamsize|p2|6\n|gen|9\n|tier|[Gen 9] VGC 2023 Regulation C\n|rated|\n|rule|Species Clause: Limit one of each Pok\u00e9mon\n|rule|Item Clause: Limit one of each item\n|clearpoke\n|poke|p1|Gyarados, L50, M|\n|poke|p1|Amoonguss, L50, M|\n|poke|p1|Kingambit, L50, F|\n|poke|p1|Flutter Mane, L50|\n|poke|p1|Chi-Yu, L50|\n|poke|p1|Baxcalibur, L50, M|\n|poke|p2|Flutter Mane, L50|\n|poke|p2|Great Tusk, L50|\n|poke|p2|Dragonite, L50, F|\n|poke|p2|Chi-Yu, L50|\n|poke|p2|Iron Bundle, L50|\n|poke|p2|Medicham, L50, M|\n|teampreview|4\n|inactive|Battle timer is ON: inactive players will automatically lose when time's up. (requested by WawtuhBottO)\n|\n|t:|1683193598\n|start\n|switch|p1a: Gyarados|Gyarados, L50, M|100\/100\n|switch|p1b: Amoonguss|Amoonguss, L50, M|100\/100\n|switch|p2a: Medicham|Medicham, L50, M|100\/100\n|switch|p2b: Iron Bundle|Iron Bundle, L50|100\/100\n|-ability|p1a: Gyarados|Intimidate|boost\n|-unboost|p2a: Medicham|atk|1\n|-unboost|p2b: Iron Bundle|atk|1\n|turn|1\n|\n|t:|1683193612\n|move|p1a: Gyarados|Protect|p1a: Gyarados\n|-singleturn|p1a: Gyarados|Protect\n|move|p2a: Medicham|Fake Out|p1b: Amoonguss\n|-damage|p1b: Amoonguss|87\/100\n|-damage|p2a: Medicham|91\/100|[from] item: Life Orb\n|move|p2b: Iron Bundle|Freeze-Dry|p1a: Gyarados\n|-activate|p1a: Gyarados|move: Protect\n|cant|p1b: Amoonguss|flinch\n|\n|upkeep\n|turn|2\n|\n|t:|1683193628\n|move|p1b: Amoonguss|Rage Powder|p1b: Amoonguss\n|-singleturn|p1b: Amoonguss|move: Rage Powder\n|move|p2a: Medicham|Bullet Punch|p1b: Amoonguss\n|-damage|p1b: Amoonguss|74\/100\n|-damage|p2a: Medicham|81\/100|[from] item: Life Orb\n|move|p2b: Iron Bundle|Freeze-Dry|p1b: Amoonguss\n|-supereffective|p1b: Amoonguss\n|-damage|p1b: Amoonguss|16\/100\n|-enditem|p1b: Amoonguss|Sitrus Berry|[eat]\n|-heal|p1b: Amoonguss|41\/100|[from] item: Sitrus Berry\n|move|p1a: Gyarados|Thunder Wave|p2b: Iron Bundle\n|-status|p2b: Iron Bundle|par\n|\n|upkeep\n|turn|3\n|inactive|leoroop has 30 seconds left.\n|\n|t:|1683193661\n|switch|p1a: Chi-Yu|Chi-Yu, L50|100\/100\n|-ability|p1a: Chi-Yu|Beads of Ruin\n|move|p1b: Amoonguss|Protect|p1b: Amoonguss\n|-singleturn|p1b: Amoonguss|Protect\n|move|p2b: Iron Bundle|Freeze-Dry|p1a: Chi-Yu\n|-resisted|p1a: Chi-Yu\n|-damage|p1a: Chi-Yu|82\/100\n|move|p2a: Medicham|Close Combat|p1b: Amoonguss\n|-activate|p1b: Amoonguss|move: Protect\n|\n|upkeep\n|turn|4\n|inactive|leoroop has 30 seconds left.\n|inactive|WawtuhBottO has 30 seconds left.\n|\n|t:|1683193689\n|switch|p1b: Gyarados|Gyarados, L50, M|100\/100\n|-ability|p1b: Gyarados|Intimidate|boost\n|-unboost|p2a: Medicham|atk|1\n|-unboost|p2b: Iron Bundle|atk|1\n|-terastallize|p1a: Chi-Yu|Ghost\n|-terastallize|p2b: Iron Bundle|Flying\n|move|p1a: Chi-Yu|Heat Wave|p2b: Iron Bundle|[spread] p2a,p2b\n|-damage|p2a: Medicham|12\/100\n|-damage|p2b: Iron Bundle|0 fnt\n|faint|p2b: Iron Bundle\n|-end|p2b: Iron Bundle|Quark Drive|[silent]\n|move|p2a: Medicham|Close Combat|p1b: Gyarados\n|-resisted|p1b: Gyarados\n|-damage|p1b: Gyarados|75\/100\n|-unboost|p2a: Medicham|def|1\n|-unboost|p2a: Medicham|spd|1\n|-damage|p2a: Medicham|3\/100|[from] item: Life Orb\n|\n|upkeep\n|\n|t:|1683193706\n|switch|p2b: Flutter Mane|Flutter Mane, L50|100\/100\n|turn|5\n|\n|t:|1683193719\n|switch|p1a: Amoonguss|Amoonguss, L50, M|74\/100\n|move|p2b: Flutter Mane|Protect|p2b: Flutter Mane\n|-singleturn|p2b: Flutter Mane|Protect\n|move|p2a: Medicham|Bullet Punch|p1a: Amoonguss\n|-crit|p1a: Amoonguss\n|-damage|p1a: Amoonguss|46\/100\n|-damage|p2a: Medicham|0 fnt|[from] item: Life Orb\n|faint|p2a: Medicham\n|move|p1b: Gyarados|Thunder Wave|p2b: Flutter Mane\n|-activate|p2b: Flutter Mane|move: Protect\n|\n|upkeep\n|\n|t:|1683193728\n|switch|p2a: Chi-Yu|Chi-Yu, L50|100\/100\n|-ability|p2a: Chi-Yu|Beads of Ruin\n|turn|6\n|\n|t:|1683193743\n|move|p1a: Amoonguss|Protect|p1a: Amoonguss\n|-singleturn|p1a: Amoonguss|Protect\n|move|p2b: Flutter Mane|Shadow Ball|p1b: Gyarados\n|-damage|p1b: Gyarados|26\/100\n|move|p2a: Chi-Yu|Heat Wave|p1b: Gyarados|[spread] p1b\n|-activate|p1a: Amoonguss|move: Protect\n|-resisted|p1b: Gyarados\n|-damage|p1b: Gyarados|6\/100\n|-status|p1b: Gyarados|brn\n|move|p1b: Gyarados|Thunder Wave|p2a: Chi-Yu\n|-status|p2a: Chi-Yu|par\n|\n|-damage|p1b: Gyarados|0 fnt|[from] brn\n|faint|p1b: Gyarados\n|upkeep\n|\n|t:|1683193761\n|switch|p1b: Chi-Yu|Chi-Yu, L50, tera:Ghost|82\/100\n|-ability|p1b: Chi-Yu|Beads of Ruin\n|turn|7\n|\n|t:|1683193775\n|move|p2b: Flutter Mane|Protect|p2b: Flutter Mane\n|-singleturn|p2b: Flutter Mane|Protect\n|move|p1a: Amoonguss|Rage Powder|p1a: Amoonguss\n|-singleturn|p1a: Amoonguss|move: Rage Powder\n|move|p1b: Chi-Yu|Snarl|p2b: Flutter Mane|[spread] p2a\n|-activate|p2b: Flutter Mane|move: Protect\n|-resisted|p2a: Chi-Yu\n|-damage|p2a: Chi-Yu|89\/100 par\n|-unboost|p2a: Chi-Yu|spa|1\n|cant|p2a: Chi-Yu|par\n|\n|upkeep\n|turn|8\n|\n|t:|1683193792\n|switch|p1a: Flutter Mane|Flutter Mane, L50, shiny|100\/100\n|-enditem|p1a: Flutter Mane|Booster Energy\n|-activate|p1a: Flutter Mane|ability: Protosynthesis|[fromitem]\n|-start|p1a: Flutter Mane|protosynthesisspe\n|move|p1b: Chi-Yu|Snarl|p2b: Flutter Mane|[spread] p2a,p2b\n|-resisted|p2a: Chi-Yu\n|-damage|p2a: Chi-Yu|78\/100 par\n|-damage|p2b: Flutter Mane|68\/100\n|-unboost|p2a: Chi-Yu|spa|1\n|-unboost|p2b: Flutter Mane|spa|1\n|move|p2b: Flutter Mane|Shadow Ball|p1b: Chi-Yu\n|-supereffective|p1b: Chi-Yu\n|-crit|p1b: Chi-Yu\n|-damage|p1b: Chi-Yu|0 fnt\n|faint|p1b: Chi-Yu\n|move|p2a: Chi-Yu|Heat Wave|p1a: Flutter Mane\n|-damage|p1a: Flutter Mane|78\/100\n|\n|upkeep\n|inactive|leoroop has 30 seconds left.\n|\n|t:|1683193817\n|switch|p1b: Amoonguss|Amoonguss, L50, M|79\/100\n|turn|9\n|inactive|leoroop has 30 seconds left.\n|\n|t:|1683193843\n|move|p1a: Flutter Mane|Hex|p2b: Flutter Mane\n|-supereffective|p2b: Flutter Mane\n|-damage|p2b: Flutter Mane|0 fnt\n|faint|p2b: Flutter Mane\n|-end|p2b: Flutter Mane|Protosynthesis|[silent]\n|move|p2a: Chi-Yu|Overheat|p1a: Flutter Mane\n|-damage|p1a: Flutter Mane|44\/100\n|-unboost|p2a: Chi-Yu|spa|2\n|move|p1b: Amoonguss|Pollen Puff|p1a: Flutter Mane\n|-heal|p1a: Flutter Mane|94\/100\n|\n|upkeep\n|turn|10\n|-message|WawtuhBottO forfeited.\n|\n|win|leoroop\n|raw|leoroop's rating: 1158 → 1182<\/strong> (+24 for winning)\n|raw|WawtuhBottO's rating: 1139 → 1115<\/strong> (-24 for losing)\n|l|\u2606WawtuhBottO\n","uploadtime":1683193861,"views":14,"p1id":"leoroop","p2id":"wawtuhbotto","formatid":"gen9vgc2023regulationc","rating":1115,"private":0,"password":""}