{"id":"gen9vgc2023regulationc-1845320291","p1":"ZedRiverVGC","p2":"Gjuj","format":"[Gen 9] VGC 2023 Regulation C","log":"|j|\u2606ZedRiverVGC\n|j|\u2606Gjuj\n|t:|1681714274\n|gametype|doubles\n|player|p1|ZedRiverVGC|harlequin|1050\n|player|p2|Gjuj|veteran|1083\n|teamsize|p1|6\n|teamsize|p2|6\n|gen|9\n|tier|[Gen 9] VGC 2023 Regulation C\n|rated|\n|rule|Species Clause: Limit one of each Pok\u00e9mon\n|rule|Item Clause: Limit one of each item\n|clearpoke\n|poke|p1|Flutter Mane, L50|\n|poke|p1|Arcanine, L50, F|\n|poke|p1|Chien-Pao, L50|\n|poke|p1|Dragonite, L50, F|\n|poke|p1|Amoonguss, L50, M|\n|poke|p1|Kingambit, L50, M|\n|poke|p2|Dragapult, L50, F|\n|poke|p2|Tyranitar, L50, F|\n|poke|p2|Ting-Lu, L50|\n|poke|p2|Orthworm, L50, M|\n|poke|p2|Gastrodon, L50, F|\n|poke|p2|Talonflame, L50, F|\n|teampreview|4\nZedRiverVGC has agreed to open team sheets.\n|\n|t:|1681714333\n|start\n|switch|p1a: Amoonguss|Amoonguss, L50, M|100\/100\n|switch|p1b: Flutter Mane|Flutter Mane, L50|100\/100\n|switch|p2a: Gastrodon|Gastrodon, L50, F|100\/100\n|switch|p2b: Talonflame|Talonflame, L50, F|100\/100\n|turn|1\n|\n|t:|1681714359\n|move|p1a: Amoonguss|Rage Powder|p1a: Amoonguss\n|-singleturn|p1a: Amoonguss|move: Rage Powder\n|move|p2b: Talonflame|Tailwind|p2b: Talonflame\n|-sidestart|p2: Gjuj|move: Tailwind\n|move|p1b: Flutter Mane|Power Gem|p2b: Talonflame\n|-supereffective|p2b: Talonflame\n|-damage|p2b: Talonflame|0 fnt\n|faint|p2b: Talonflame\n|move|p2a: Gastrodon|Muddy Water|p1a: Amoonguss|[spread] p1a,p1b\n|-resisted|p1a: Amoonguss\n|-damage|p1a: Amoonguss|91\/100\n|-damage|p1b: Flutter Mane|77\/100\n|\n|upkeep\n|\n|t:|1681714373\n|switch|p2b: Tyranitar|Tyranitar, L50, F|100\/100\n|-weather|Sandstorm|[from] ability: Sand Stream|[of] p2b: Tyranitar\n|turn|2\n|\n|t:|1681714406\n|-end|p1b: Flutter Mane|Protosynthesis|[silent]\n|switch|p1b: Kingambit|Kingambit, L50, M|100\/100\n|-terastallize|p2b: Tyranitar|Fire\n|move|p2b: Tyranitar|Fire Punch|p1a: Amoonguss\n|-supereffective|p1a: Amoonguss\n|-damage|p1a: Amoonguss|23\/100\n|-enditem|p1a: Amoonguss|Aguav Berry|[eat]\n|-heal|p1a: Amoonguss|56\/100|[from] item: Aguav Berry\n|move|p2a: Gastrodon|Muddy Water|p1b: Kingambit|[spread] \n|-miss|p2a: Gastrodon|p1a: Amoonguss\n|-miss|p2a: Gastrodon|p1b: Kingambit\n|move|p1a: Amoonguss|Spore|p2b: Tyranitar\n|-status|p2b: Tyranitar|slp|[from] move: Spore\n|\n|-weather|Sandstorm|[upkeep]\n|-damage|p2b: Tyranitar|95\/100 slp|[from] Sandstorm\n|-damage|p1a: Amoonguss|50\/100|[from] Sandstorm\n|upkeep\n|turn|3\n|\n|t:|1681714437\n|cant|p2b: Tyranitar|slp\n|move|p2a: Gastrodon|Yawn|p1b: Kingambit\n|-start|p1b: Kingambit|move: Yawn|[of] p2a: Gastrodon\n|move|p1b: Kingambit|Assurance|p2b: Tyranitar\n|-damage|p2b: Tyranitar|60\/100 slp\n|move|p1a: Amoonguss|Spore|p2a: Gastrodon\n|-status|p2a: Gastrodon|slp|[from] move: Spore\n|\n|-weather|Sandstorm|[upkeep]\n|-damage|p2b: Tyranitar|55\/100 slp|[from] Sandstorm\n|-damage|p1a: Amoonguss|44\/100|[from] Sandstorm\n|upkeep\n|turn|4\n|inactive|Battle timer is ON: inactive players will automatically lose when time's up. (requested by Gjuj)\n|\n|t:|1681714465\n|switch|p1a: Flutter Mane|Flutter Mane, L50|77\/100\n|cant|p2a: Gastrodon|slp\n|move|p1b: Kingambit|Sucker Punch||[still]\n|-fail|p1b: Kingambit\n|-curestatus|p2b: Tyranitar|slp|[msg]\n|move|p2b: Tyranitar|Dragon Dance|p2b: Tyranitar\n|-boost|p2b: Tyranitar|atk|1\n|-boost|p2b: Tyranitar|spe|1\n|\n|-weather|Sandstorm|[upkeep]\n|-damage|p2b: Tyranitar|49\/100|[from] Sandstorm\n|-damage|p1a: Flutter Mane|71\/100|[from] Sandstorm\n|-end|p1b: Kingambit|move: Yawn|[silent]\n|-status|p1b: Kingambit|slp\n|-sideend|p2: Gjuj|move: Tailwind\n|upkeep\n|turn|5\n|\n|t:|1681714488\n|cant|p1b: Kingambit|slp\n|move|p1a: Flutter Mane|Shadow Ball|p2b: Tyranitar\n|-damage|p2b: Tyranitar|0 fnt\n|faint|p2b: Tyranitar\n|cant|p2a: Gastrodon|slp\n|\n|-weather|Sandstorm|[upkeep]\n|-damage|p1a: Flutter Mane|65\/100|[from] Sandstorm\n|upkeep\n|\n|t:|1681714499\n|switch|p2b: Orthworm|Orthworm, L50, M|100\/100\n|turn|6\n|\n|t:|1681714511\n|move|p1a: Flutter Mane|Shadow Ball|p2a: Gastrodon\n|-damage|p2a: Gastrodon|54\/100 slp\n|-unboost|p2a: Gastrodon|spd|1\n|move|p2b: Orthworm|Iron Defense|p2b: Orthworm\n|-boost|p2b: Orthworm|def|2\n|cant|p1b: Kingambit|slp\n|cant|p2a: Gastrodon|slp\n|\n|-weather|none\n|-heal|p2a: Gastrodon|60\/100 slp|[from] item: Leftovers\n|upkeep\n|turn|7\n|\n|t:|1681714531\n|-end|p1b: Kingambit|fallenundefined|[silent]\n|switch|p1b: Amoonguss|Amoonguss, L50, M|44\/100\n|move|p1a: Flutter Mane|Shadow Ball|p2a: Gastrodon\n|-damage|p2a: Gastrodon|0 fnt\n|faint|p2a: Gastrodon\n|move|p2b: Orthworm|Body Press|p1b: Amoonguss\n|-resisted|p1b: Amoonguss\n|-damage|p1b: Amoonguss|26\/100\n|-status|p2b: Orthworm|slp|[from] ability: Effect Spore|[of] p1b: Amoonguss\n|\n|upkeep\n|turn|8\n|-message|Gjuj forfeited.\n|\n|win|ZedRiverVGC\n|raw|ZedRiverVGC's rating: 1050 → 1086<\/strong> (+36 for winning)\n|raw|Gjuj's rating: 1083 → 1058<\/strong> (-25 for losing)\n|l|\u2606Gjuj\n|c|\u2606ZedRiverVGC|ggwp\n","uploadtime":1681715205,"views":65,"p1id":"zedrivervgc","p2id":"gjuj","formatid":"gen9vgc2023regulationc","rating":1058,"private":0,"password":""}