{"id":"gen9vgc2023regulationc-1849207849","p1":"NeverlandVGC","p2":"Kammala","format":"[Gen 9] VGC 2023 Regulation C","log":"|j|\u2606NeverlandVGC\n|j|\u2606Kammala\n|t:|1682172846\n|gametype|doubles\n|player|p1|NeverlandVGC|swimmerf-gen4dp|1338\n|player|p2|Kammala|2|1368\n|teamsize|p1|6\n|teamsize|p2|6\n|gen|9\n|tier|[Gen 9] VGC 2023 Regulation C\n|rated|\n|rule|Species Clause: Limit one of each Pok\u00e9mon\n|rule|Item Clause: Limit one of each item\n|clearpoke\n|poke|p1|Great Tusk, L50|\n|poke|p1|Talonflame, L50, F|\n|poke|p1|Scizor, L50, M|\n|poke|p1|Ting-Lu, L50|\n|poke|p1|Flutter Mane, L50|\n|poke|p1|Chien-Pao, L50|\n|poke|p2|Azumarill, L50, F|\n|poke|p2|Amoonguss, L50, F|\n|poke|p2|Tauros-Paldea-Blaze, L50, M|\n|poke|p2|Ting-Lu, L50|\n|poke|p2|Baxcalibur, L50, M|\n|poke|p2|Flutter Mane, L50|\n|teampreview|4\n|inactive|Battle timer is ON: inactive players will automatically lose when time's up. (requested by Kammala)\nKammala has agreed to open team sheets.\nNeverlandVGC has agreed to open team sheets.\n|inactive|NeverlandVGC has 60 seconds left.\n|inactive|Kammala has 60 seconds left.\n|\n|t:|1682172881\n|start\n|switch|p1a: Talonflame|Talonflame, L50, F|100\/100\n|switch|p1b: Scizor|Scizor, L50, M|100\/100\n|switch|p2a: Ting-Lu|Ting-Lu, L50|100\/100\n|switch|p2b: Tauros|Tauros-Paldea-Blaze, L50, M|100\/100\n|-ability|p2b: Tauros|Intimidate|boost\n|-unboost|p1a: Talonflame|atk|1\n|-fail|p1b: Scizor|unboost|[from] item: Clear Amulet|[of] p1b: Scizor\n|-ability|p2a: Ting-Lu|Vessel of Ruin\n|turn|1\n|inactive|NeverlandVGC has 30 seconds left.\n|inactive|Kammala has 30 seconds left.\n|inactive|NeverlandVGC has 20 seconds left.\n|inactive|Kammala has 20 seconds left.\n|inactive|NeverlandVGC has 15 seconds left.\n|inactive|Kammala has 15 seconds left.\n|inactive|NeverlandVGC has 10 seconds left.\n|inactive|NeverlandVGC has 5 seconds left.\n|\n|t:|1682172936\n|move|p2b: Tauros|Protect|p2b: Tauros\n|-singleturn|p2b: Tauros|Protect\n|move|p1a: Talonflame|Tailwind|p1a: Talonflame\n|-sidestart|p1: NeverlandVGC|move: Tailwind\n|move|p1b: Scizor|Pounce|p2b: Tauros\n|-activate|p2b: Tauros|move: Protect\n|move|p2a: Ting-Lu|Stealth Rock|p1b: Scizor\n|-sidestart|p1: NeverlandVGC|move: Stealth Rock\n|\n|upkeep\n|turn|2\n|inactive|NeverlandVGC has 30 seconds left.\n|inactive|Kammala has 30 seconds left.\n|\n|t:|1682172967\n|move|p1a: Talonflame|Protect|p1a: Talonflame\n|-singleturn|p1a: Talonflame|Protect\n|move|p1b: Scizor|Swords Dance|p1b: Scizor\n|-boost|p1b: Scizor|atk|2\n|move|p2b: Tauros|Will-O-Wisp|p1b: Scizor\n|-status|p1b: Scizor|brn\n|move|p2a: Ting-Lu|Ruination|p1b: Scizor\n|-damage|p1b: Scizor|50\/100 brn\n|\n|-damage|p1b: Scizor|45\/100 brn|[from] brn\n|upkeep\n|turn|3\n|\n|t:|1682172991\n|-terastallize|p1a: Talonflame|Flying\n|move|p1a: Talonflame|Brave Bird|p2b: Tauros\n|-supereffective|p2b: Tauros\n|-damage|p2b: Tauros|24\/100\n|-damage|p1a: Talonflame|70\/100|[from] Recoil\n|move|p1b: Scizor|Pounce|p2a: Ting-Lu\n|-supereffective|p2a: Ting-Lu\n|-damage|p2a: Ting-Lu|47\/100\n|-unboost|p2a: Ting-Lu|spe|1\n|move|p2b: Tauros|Close Combat|p1b: Scizor\n|-damage|p1b: Scizor|0 fnt\n|-unboost|p2b: Tauros|def|1\n|-unboost|p2b: Tauros|spd|1\n|faint|p1b: Scizor\n|move|p2a: Ting-Lu|Ruination|p1a: Talonflame\n|-damage|p1a: Talonflame|36\/100\n|\n|-heal|p2a: Ting-Lu|53\/100|[from] item: Leftovers\n|upkeep\n|\n|t:|1682172995\n|switch|p1b: Flutter Mane|Flutter Mane, L50|100\/100\n|-damage|p1b: Flutter Mane|88\/100|[from] Stealth Rock\n|-enditem|p1b: Flutter Mane|Booster Energy\n|-activate|p1b: Flutter Mane|ability: Protosynthesis|[fromitem]\n|-start|p1b: Flutter Mane|protosynthesisspe\n|turn|4\n|inactive|Kammala has 30 seconds left.\n|\n|t:|1682173023\n|move|p2a: Ting-Lu|Protect|p2a: Ting-Lu\n|-singleturn|p2a: Ting-Lu|Protect\n|move|p1b: Flutter Mane|Dazzling Gleam|p2a: Ting-Lu|[spread] p2b\n|-activate|p2a: Ting-Lu|move: Protect\n|-damage|p2b: Tauros|0 fnt\n|faint|p2b: Tauros\n|move|p1a: Talonflame|Brave Bird|p2a: Ting-Lu\n|-activate|p2a: Ting-Lu|move: Protect\n|\n|-heal|p2a: Ting-Lu|59\/100|[from] item: Leftovers\n|-sideend|p1: NeverlandVGC|move: Tailwind\n|upkeep\n|\n|t:|1682173036\n|switch|p2b: Azumarill|Azumarill, L50, F|100\/100\n|turn|5\n|inactive|NeverlandVGC has 30 seconds left.\n|\n|t:|1682173064\n|-terastallize|p2a: Ting-Lu|Poison\n|move|p2b: Azumarill|Aqua Jet|p1a: Talonflame\n|-damage|p1a: Talonflame|0 fnt\n|faint|p1a: Talonflame\n|move|p1b: Flutter Mane|Dazzling Gleam|p2b: Azumarill|[spread] p2a,p2b\n|-resisted|p2a: Ting-Lu\n|-damage|p2a: Ting-Lu|50\/100\n|-damage|p2b: Azumarill|85\/100\n|move|p2a: Ting-Lu|Heavy Slam|p1b: Flutter Mane\n|-supereffective|p1b: Flutter Mane\n|-damage|p1b: Flutter Mane|0 fnt\n|faint|p1b: Flutter Mane\n|-end|p1b: Flutter Mane|Protosynthesis|[silent]\n|\n|-heal|p2a: Ting-Lu|56\/100|[from] item: Leftovers\n|upkeep\n|\n|t:|1682173066\n|switch|p1b: Chien-Pao|Chien-Pao, L50|100\/100\n|-damage|p1b: Chien-Pao|76\/100|[from] Stealth Rock\n|-ability|p1b: Chien-Pao|Sword of Ruin\n|turn|6\n|\n|t:|1682173078\n|move|p1b: Chien-Pao|Ice Spinner|p2a: Ting-Lu\n|-damage|p2a: Ting-Lu|25\/100\n|move|p2b: Azumarill|Play Rough|p1b: Chien-Pao\n|-supereffective|p1b: Chien-Pao\n|-crit|p1b: Chien-Pao\n|-damage|p1b: Chien-Pao|0 fnt\n|faint|p1b: Chien-Pao\n|\n|win|Kammala\n|raw|NeverlandVGC's rating: 1316 → 1299<\/strong> (-17 for losing)\n|raw|Kammala's rating: 1368 → 1385<\/strong> (+17 for winning)\n","uploadtime":1682173085,"views":16,"p1id":"neverlandvgc","p2id":"kammala","formatid":"gen9vgc2023regulationc","rating":1299,"private":0,"password":""}