{"id":"gen9vgc2023regulationc-1849968161","p1":"nicolshz","p2":"starkhd","format":"[Gen 9] VGC 2023 Regulation C","log":"|j|\u2606nicolshz\n|j|\u2606starkhd\n|t:|1682273290\n|gametype|doubles\n|player|p1|nicolshz|170|1152\n|player|p2|starkhd|nate|1083\n|teamsize|p1|6\n|teamsize|p2|6\n|gen|9\n|tier|[Gen 9] VGC 2023 Regulation C\n|rated|\n|rule|Species Clause: Limit one of each Pok\u00e9mon\n|rule|Item Clause: Limit one of each item\n|clearpoke\n|poke|p1|Dragapult, L50, M|\n|poke|p1|Glimmora, L50, F|\n|poke|p1|Arcanine, L50, M|\n|poke|p1|Amoonguss, L50, M|\n|poke|p1|Chien-Pao, L50|\n|poke|p1|Iron Bundle, L50|\n|poke|p2|Dragonite, L50, F|\n|poke|p2|Chien-Pao, L50|\n|poke|p2|Flutter Mane, L50|\n|poke|p2|Arcanine, L50, F|\n|poke|p2|Amoonguss, L50, M|\n|poke|p2|Palafin, L50, M|\n|teampreview|4\nstarkhd rejected open team sheets.\n|\n|t:|1682273322\n|start\n|switch|p1a: Arcanine|Arcanine, L50, M|100\/100\n|switch|p1b: Iron Bundle|Iron Bundle, L50|100\/100\n|switch|p2a: Flutter Mane|Flutter Mane, L50, shiny|100\/100\n|switch|p2b: Palafin|Palafin, L50, M, shiny|100\/100\n|-ability|p1a: Arcanine|Intimidate|boost\n|-unboost|p2a: Flutter Mane|atk|1\n|-unboost|p2b: Palafin|atk|1\n|-enditem|p1b: Iron Bundle|Booster Energy\n|-activate|p1b: Iron Bundle|ability: Quark Drive|[fromitem]\n|-start|p1b: Iron Bundle|quarkdrivespe\n|-enditem|p2a: Flutter Mane|Booster Energy\n|-activate|p2a: Flutter Mane|ability: Protosynthesis|[fromitem]\n|-start|p2a: Flutter Mane|protosynthesisspa\n|turn|1\n|\n|t:|1682273348\n|-terastallize|p2b: Palafin|Water\n|move|p2b: Palafin|Jet Punch|p1a: Arcanine\n|-supereffective|p1a: Arcanine\n|-damage|p1a: Arcanine|49\/100\n|move|p1b: Iron Bundle|Freeze-Dry|p2b: Palafin\n|-supereffective|p2b: Palafin\n|-damage|p2b: Palafin|5\/100\n|move|p2a: Flutter Mane|Thunderbolt|p1b: Iron Bundle\n|-supereffective|p1b: Iron Bundle\n|-damage|p1b: Iron Bundle|0 fnt\n|faint|p1b: Iron Bundle\n|-end|p1b: Iron Bundle|Quark Drive|[silent]\n|move|p1a: Arcanine|Snarl|p2b: Palafin|[spread] p2a,p2b\n|-damage|p2a: Flutter Mane|92\/100\n|-damage|p2b: Palafin|0 fnt\n|-unboost|p2a: Flutter Mane|spa|1\n|faint|p2b: Palafin\n|\n|upkeep\n|\n|t:|1682273365\n|switch|p1b: Glimmora|Glimmora, L50, F|100\/100\n|switch|p2b: Amoonguss|Amoonguss, L50, M, shiny|100\/100\n|turn|2\n|\n|t:|1682273383\n|-terastallize|p1b: Glimmora|Grass\n|move|p2b: Amoonguss|Protect|p2b: Amoonguss\n|-singleturn|p2b: Amoonguss|Protect\n|move|p2a: Flutter Mane|Moonblast|p1a: Arcanine\n|-resisted|p1a: Arcanine\n|-damage|p1a: Arcanine|25\/100\n|move|p1b: Glimmora|Power Gem|p2b: Amoonguss\n|-activate|p2b: Amoonguss|move: Protect\n|move|p1a: Arcanine|Snarl|p2a: Flutter Mane|[spread] p2a\n|-activate|p2b: Amoonguss|move: Protect\n|-damage|p2a: Flutter Mane|85\/100\n|-unboost|p2a: Flutter Mane|spa|1\n|\n|upkeep\n|turn|3\n|\n|t:|1682273405\n|move|p2a: Flutter Mane|Thunderbolt|p1a: Arcanine\n|-damage|p1a: Arcanine|4\/100\n|-status|p1a: Arcanine|par\n|move|p1b: Glimmora|Power Gem|p2b: Amoonguss\n|-damage|p2b: Amoonguss|68\/100\n|move|p1a: Arcanine|Flare Blitz|p2b: Amoonguss\n|-supereffective|p2b: Amoonguss\n|-damage|p2b: Amoonguss|0 fnt\n|-damage|p1a: Arcanine|0 fnt|[from] item: Rocky Helmet|[of] p2b: Amoonguss\n|faint|p2b: Amoonguss\n|faint|p1a: Arcanine\n|\n|upkeep\n|\n|t:|1682273417\n|switch|p1a: Chien-Pao|Chien-Pao, L50|100\/100\n|switch|p2b: Chien-Pao|Chien-Pao, L50|100\/100\n|-ability|p1a: Chien-Pao|Sword of Ruin\n|-ability|p2b: Chien-Pao|Sword of Ruin\n|turn|4\n|\n|t:|1682273439\n|move|p1a: Chien-Pao|Sucker Punch|p2a: Flutter Mane\n|-damage|p2a: Flutter Mane|4\/100\n|move|p2b: Chien-Pao|Sacred Sword|p1a: Chien-Pao\n|-supereffective|p1a: Chien-Pao\n|-enditem|p1a: Chien-Pao|Focus Sash\n|-damage|p1a: Chien-Pao|1\/100\n|move|p2a: Flutter Mane|Moonblast|p1b: Glimmora\n|-damage|p1b: Glimmora|68\/100\n|-unboost|p1b: Glimmora|spa|1\n|move|p1b: Glimmora|Power Gem|p2a: Flutter Mane\n|-damage|p2a: Flutter Mane|0 fnt\n|faint|p2a: Flutter Mane\n|-end|p2a: Flutter Mane|Protosynthesis|[silent]\n|\n|upkeep\n|turn|5\n|\n|t:|1682273464\n|move|p1a: Chien-Pao|Ice Spinner|p2b: Chien-Pao\n|-resisted|p2b: Chien-Pao\n|-damage|p2b: Chien-Pao|73\/100\n|move|p2b: Chien-Pao|Ice Spinner|p1a: Chien-Pao\n|-resisted|p1a: Chien-Pao\n|-damage|p1a: Chien-Pao|0 fnt\n|faint|p1a: Chien-Pao\n|move|p1b: Glimmora|Sludge Bomb|p2b: Chien-Pao\n|-damage|p2b: Chien-Pao|27\/100\n|-status|p2b: Chien-Pao|psn\n|\n|-damage|p2b: Chien-Pao|15\/100 psn|[from] psn\n|upkeep\n|turn|6\n|\n|t:|1682273479\n|move|p2b: Chien-Pao|Ice Spinner|p1b: Glimmora\n|-supereffective|p1b: Glimmora\n|-crit|p1b: Glimmora\n|-damage|p1b: Glimmora|0 fnt\n|-activate|p1b: Glimmora|ability: Toxic Debris\n|-sidestart|p2: starkhd|move: Toxic Spikes\n|faint|p1b: Glimmora\n|\n|win|starkhd\n|raw|nicolshz's rating: 1152 → 1122<\/strong> (-30 for losing)\n|raw|starkhd's rating: 1083 → 1116<\/strong> (+33 for winning)\n|l|\u2606nicolshz\n","uploadtime":1682273489,"views":9,"p1id":"nicolshz","p2id":"starkhd","formatid":"gen9vgc2023regulationc","rating":1116,"private":0,"password":""}