{"id":"gen9vgc2023regulationc-1860498474","p1":"Reece924","p2":"Arcacagne","format":"[Gen 9] VGC 2023 Regulation C","log":"|j|\u2606Reece924\n|j|\u2606Arcacagne\n|t:|1683649408\n|gametype|doubles\n|player|p1|Reece924|2|1238\n|player|p2|Arcacagne|101|1310\n|teamsize|p1|6\n|teamsize|p2|6\n|gen|9\n|tier|[Gen 9] VGC 2023 Regulation C\n|rated|\n|rule|Species Clause: Limit one of each Pok\u00e9mon\n|rule|Item Clause: Limit one of each item\n|clearpoke\n|poke|p1|Farigiraf, L50, F|\n|poke|p1|Iron Hands, L50|\n|poke|p1|Baxcalibur, L50, F|\n|poke|p1|Garganacl, L50, M|\n|poke|p1|Abomasnow, L50, M|\n|poke|p1|Iron Moth, L50|\n|poke|p2|Flutter Mane, L50|\n|poke|p2|Chi-Yu, L50|\n|poke|p2|Amoonguss, L50, F|\n|poke|p2|Annihilape, L50, M|\n|poke|p2|Scream Tail, L50|\n|poke|p2|Iron Bundle, L50|\n|teampreview|4\n|\n|t:|1683649457\n|start\n|switch|p1a: Farigiraf|Farigiraf, L50, F|100\/100\n|switch|p1b: Iron Hands|Iron Hands, L50|100\/100\n|switch|p2a: Annihilape|Annihilape, L50, M|100\/100\n|switch|p2b: Scream Tail|Scream Tail, L50|100\/100\n|-enditem|p2b: Scream Tail|Booster Energy\n|-activate|p2b: Scream Tail|ability: Protosynthesis|[fromitem]\n|-start|p2b: Scream Tail|protosynthesisspe\n|turn|1\n|\n|t:|1683649477\n|-terastallize|p2a: Annihilape|Fire\n|move|p2b: Scream Tail|Protect|p2b: Scream Tail\n|-singleturn|p2b: Scream Tail|Protect\n|move|p1b: Iron Hands|Fake Out|p2b: Scream Tail\n|-activate|p2b: Scream Tail|move: Protect\n|move|p2a: Annihilape|Bulk Up|p2a: Annihilape\n|-boost|p2a: Annihilape|atk|1\n|-boost|p2a: Annihilape|def|1\n|move|p1a: Farigiraf|Trick Room|p1a: Farigiraf\n|-fieldstart|move: Trick Room|[of] p1a: Farigiraf\n|\n|upkeep\n|turn|2\n|\n|t:|1683649502\n|-end|p2b: Scream Tail|Protosynthesis|[silent]\n|switch|p2b: Amoonguss|Amoonguss, L50, F|100\/100\n|move|p1b: Iron Hands|Iron Head|p2b: Amoonguss\n|-damage|p2b: Amoonguss|73\/100\n|-damage|p1b: Iron Hands|84\/100|[from] item: Rocky Helmet|[of] p2b: Amoonguss\n|move|p1a: Farigiraf|Hyper Voice|p2b: Amoonguss|[spread] p2a,p2b\n|-damage|p2a: Annihilape|78\/100\n|-damage|p2b: Amoonguss|52\/100\n|-enditem|p1a: Farigiraf|Throat Spray\n|-boost|p1a: Farigiraf|spa|1|[from] item: Throat Spray\n|move|p2a: Annihilape|Bulk Up|p2a: Annihilape\n|-boost|p2a: Annihilape|atk|1\n|-boost|p2a: Annihilape|def|1\n|\n|upkeep\n|turn|3\n|\n|t:|1683649520\n|move|p2b: Amoonguss|Rage Powder|p2b: Amoonguss\n|-singleturn|p2b: Amoonguss|move: Rage Powder\n|move|p1b: Iron Hands|Drain Punch|p2b: Amoonguss\n|-resisted|p2b: Amoonguss\n|-damage|p2b: Amoonguss|33\/100\n|-heal|p1b: Iron Hands|92\/100|[from] drain|[of] p2b: Amoonguss\n|-damage|p1b: Iron Hands|76\/100|[from] item: Rocky Helmet|[of] p2b: Amoonguss\n|move|p1a: Farigiraf|Hyper Voice|p2a: Annihilape|[spread] p2a,p2b\n|-damage|p2a: Annihilape|43\/100\n|-damage|p2b: Amoonguss|0 fnt\n|-enditem|p2a: Annihilape|Sitrus Berry|[eat]\n|-heal|p2a: Annihilape|68\/100|[from] item: Sitrus Berry\n|faint|p2b: Amoonguss\n|move|p2a: Annihilape|Drain Punch|p1a: Farigiraf\n|-damage|p1a: Farigiraf|33\/100\n|-heal|p2a: Annihilape|100\/100|[from] drain|[of] p1a: Farigiraf\n|\n|upkeep\n|\n|t:|1683649539\n|switch|p2b: Scream Tail|Scream Tail, L50|100\/100\n|turn|4\n|\n|t:|1683649550\n|move|p2b: Scream Tail|Protect|p2b: Scream Tail\n|-singleturn|p2b: Scream Tail|Protect\n|move|p1b: Iron Hands|Iron Head|p2b: Scream Tail\n|-activate|p2b: Scream Tail|move: Protect\n|move|p1a: Farigiraf|Hyper Voice|p2b: Scream Tail|[spread] p2a\n|-activate|p2b: Scream Tail|move: Protect\n|-damage|p2a: Annihilape|65\/100\n|move|p2a: Annihilape|Drain Punch|p1a: Farigiraf\n|-crit|p1a: Farigiraf\n|-damage|p1a: Farigiraf|0 fnt\n|-heal|p2a: Annihilape|82\/100|[from] drain|[of] p1a: Farigiraf\n|faint|p1a: Farigiraf\n|\n|upkeep\n|\n|t:|1683649563\n|switch|p1a: Baxcalibur|Baxcalibur, L50, F|100\/100\n|turn|5\n|\n|t:|1683649577\n|-end|p2b: Scream Tail|Protosynthesis|[silent]\n|switch|p2b: Chi-Yu|Chi-Yu, L50|100\/100\n|-ability|p2b: Chi-Yu|Beads of Ruin\n|-terastallize|p1a: Baxcalibur|Ground\n|move|p1b: Iron Hands|Iron Head|p2b: Chi-Yu\n|-resisted|p2b: Chi-Yu\n|-damage|p2b: Chi-Yu|79\/100\n|move|p1a: Baxcalibur|Stomping Tantrum|p2a: Annihilape\n|-supereffective|p2a: Annihilape\n|-crit|p2a: Annihilape\n|-damage|p2a: Annihilape|0 fnt\n|faint|p2a: Annihilape\n|\n|-fieldend|move: Trick Room\n|upkeep\n|c|\u2606Arcacagne|perfect crit\n|\n|t:|1683649595\n|switch|p2a: Scream Tail|Scream Tail, L50|100\/100\n|turn|6\n|\n|t:|1683649614\n|move|p2a: Scream Tail|Disable|p1a: Baxcalibur\n|-start|p1a: Baxcalibur|Disable|Stomping Tantrum\n|move|p2b: Chi-Yu|Nasty Plot|p2b: Chi-Yu\n|-boost|p2b: Chi-Yu|spa|2\n|move|p1a: Baxcalibur|Icicle Spear|p2a: Scream Tail\n|-damage|p2a: Scream Tail|88\/100\n|-damage|p2a: Scream Tail|76\/100\n|-damage|p2a: Scream Tail|64\/100\n|-damage|p2a: Scream Tail|51\/100\n|-damage|p2a: Scream Tail|37\/100\n|-hitcount|p2a: Scream Tail|5\n|move|p1b: Iron Hands|Drain Punch|p2b: Chi-Yu\n|-supereffective|p2b: Chi-Yu\n|-damage|p2b: Chi-Yu|0 fnt\n|-heal|p1b: Iron Hands|99\/100|[from] drain|[of] p2b: Chi-Yu\n|faint|p2b: Chi-Yu\n|\n|upkeep\n|turn|7\n|-message|Arcacagne forfeited.\n|\n|win|Reece924\n|raw|Reece924's rating: 1238 → 1268<\/strong> (+30 for winning)\n|raw|Arcacagne's rating: 1310 → 1286<\/strong> (-24 for losing)\n","uploadtime":1683649636,"views":17,"p1id":"reece924","p2id":"arcacagne","formatid":"gen9vgc2023regulationc","rating":1268,"private":0,"password":""}