{"id":"gen9vgc2023regulationc-1851766707","p1":"BroDontFuckWithMe","p2":"GAPDHD","format":"[Gen 9] VGC 2023 Regulation C","log":"|j|\u2606BroDontFuckWithMe\n|j|\u2606GAPDHD\n|t:|1682480317\n|gametype|doubles\n|player|p1|BroDontFuckWithMe|265|1660\n|player|p2|GAPDHD|ruinmaniac|1626\n|teamsize|p1|6\n|teamsize|p2|6\n|gen|9\n|tier|[Gen 9] VGC 2023 Regulation C\n|rated|\n|rule|Species Clause: Limit one of each Pok\u00e9mon\n|rule|Item Clause: Limit one of each item\n|clearpoke\n|poke|p1|Great Tusk, L50|\n|poke|p1|Amoonguss, L50, M|\n|poke|p1|Tyranitar, L50, M|\n|poke|p1|Iron Bundle, L50|\n|poke|p1|Talonflame, L50, M|\n|poke|p1|Gholdengo, L50|\n|poke|p2|Dondozo, L50, F|\n|poke|p2|Tatsugiri, L50, F|\n|poke|p2|Glimmora, L50, M|\n|poke|p2|Klefki, L50, F|\n|poke|p2|Gothitelle, L50, M|\n|poke|p2|Meowscarada, L50, F|\n|teampreview|4\nGAPDHD has agreed to open team sheets.\nBroDontFuckWithMe has agreed to open team sheets.\n|inactive|Battle timer is ON: inactive players will automatically lose when time's up. (requested by BroDontFuckWithMe)\n|\n|t:|1682480344\n|start\n|switch|p1a: Iron Bundle|Iron Bundle, L50|100\/100\n|switch|p1b: Gholdengo|Gholdengo, L50|100\/100\n|switch|p2a: Meowscarada|Meowscarada, L50, F|100\/100\n|switch|p2b: Glimmora|Glimmora, L50, M|100\/100\n|-enditem|p1a: Iron Bundle|Booster Energy\n|-activate|p1a: Iron Bundle|ability: Quark Drive|[fromitem]\n|-start|p1a: Iron Bundle|quarkdrivespe\n|turn|1\n|\n|t:|1682480362\n|-terastallize|p2b: Glimmora|Water\n|-terastallize|p1b: Gholdengo|Water\n|move|p1a: Iron Bundle|Icy Wind|p2b: Glimmora|[spread] p2a,p2b\n|-supereffective|p2a: Meowscarada\n|-resisted|p2b: Glimmora\n|-damage|p2a: Meowscarada|36\/100\n|-damage|p2b: Glimmora|93\/100\n|-unboost|p2a: Meowscarada|spe|1\n|-unboost|p2b: Glimmora|spe|1\n|move|p2a: Meowscarada|Shadow Claw|p1b: Gholdengo\n|-start|p2a: Meowscarada|typechange|Ghost|[from] ability: Protean\n|-damage|p1b: Gholdengo|68\/100\n|move|p1b: Gholdengo|Make It Rain|p2b: Glimmora|[spread] p2a,p2b\n|-resisted|p2b: Glimmora\n|-damage|p2a: Meowscarada|0 fnt\n|-damage|p2b: Glimmora|72\/100\n|-unboost|p1b: Gholdengo|spa|1\n|faint|p2a: Meowscarada\n|move|p2b: Glimmora|Power Gem|p1a: Iron Bundle\n|-supereffective|p1a: Iron Bundle\n|-damage|p1a: Iron Bundle|0 fnt\n|faint|p1a: Iron Bundle\n|-end|p1a: Iron Bundle|Quark Drive|[silent]\n|\n|-heal|p1b: Gholdengo|74\/100|[from] item: Leftovers\n|upkeep\n|j| naughtygirl-chan\n|\n|t:|1682480385\n|switch|p1a: Amoonguss|Amoonguss, L50, M|100\/100\n|switch|p2a: Dondozo|Dondozo, L50, F|100\/100\n|turn|2\n|\n|t:|1682480397\n|move|p1b: Gholdengo|Protect|p1b: Gholdengo\n|-singleturn|p1b: Gholdengo|Protect\n|move|p2b: Glimmora|Sludge Bomb|p1a: Amoonguss\n|-damage|p1a: Amoonguss|59\/100\n|move|p2a: Dondozo|Substitute|p2a: Dondozo\n|-start|p2a: Dondozo|Substitute\n|-damage|p2a: Dondozo|76\/100\n|move|p1a: Amoonguss|Spore||[still]\n|-fail|p1a: Amoonguss\n|\n|-heal|p1b: Gholdengo|80\/100|[from] item: Leftovers\n|-heal|p2a: Dondozo|82\/100|[from] item: Leftovers\n|upkeep\n|turn|3\n|\n|t:|1682480410\n|switch|p1b: Great Tusk|Great Tusk, L50|100\/100\n|move|p2a: Dondozo|Protect|p2a: Dondozo\n|-singleturn|p2a: Dondozo|Protect\n|move|p2b: Glimmora|Sludge Bomb|p1a: Amoonguss\n|-damage|p1a: Amoonguss|18\/100\n|-enditem|p1a: Amoonguss|Sitrus Berry|[eat]\n|-heal|p1a: Amoonguss|43\/100|[from] item: Sitrus Berry\n|move|p1a: Amoonguss|Spore|p2b: Glimmora\n|-status|p2b: Glimmora|slp|[from] move: Spore\n|\n|-heal|p2a: Dondozo|87\/100|[from] item: Leftovers\n|upkeep\n|turn|4\n|\n|t:|1682480427\n|switch|p2b: Tatsugiri|Tatsugiri, L50, F|100\/100\n|-activate|p2b: Tatsugiri|ability: Commander|[of] p2a: Dondozo\n|-boost|p2a: Dondozo|atk|2\n|-boost|p2a: Dondozo|spa|2\n|-boost|p2a: Dondozo|spe|2\n|-boost|p2a: Dondozo|def|2\n|-boost|p2a: Dondozo|spd|2\n|move|p1b: Great Tusk|Headlong Rush|p2a: Dondozo\n|-activate|p2a: Dondozo|move: Substitute|[damage]\n|-unboost|p1b: Great Tusk|def|1\n|-unboost|p1b: Great Tusk|spd|1\n|move|p2a: Dondozo|Order Up|p1a: Amoonguss\n|-damage|p1a: Amoonguss|10\/100\n|-boost|p2a: Dondozo|atk|1\n|move|p1a: Amoonguss|Spore||[still]\n|-fail|p1a: Amoonguss\n|\n|-heal|p2a: Dondozo|93\/100|[from] item: Leftovers\n|upkeep\n|turn|5\n|\n|t:|1682480448\n|move|p1b: Great Tusk|Headlong Rush|p2a: Dondozo\n|-end|p2a: Dondozo|Substitute\n|-unboost|p1b: Great Tusk|def|1\n|-unboost|p1b: Great Tusk|spd|1\n|move|p2a: Dondozo|Earthquake|p1a: Amoonguss|[spread] p1a,p1b\n|-miss|p2a: Dondozo|p2b: Tatsugiri\n|-damage|p1a: Amoonguss|0 fnt\n|-damage|p1b: Great Tusk|62\/100\n|faint|p1a: Amoonguss\n|\n|-heal|p2a: Dondozo|99\/100|[from] item: Leftovers\n|upkeep\n|\n|t:|1682480450\n|switch|p1a: Gholdengo|Gholdengo, L50, tera:Water|80\/100\n|turn|6\n|\n|t:|1682480461\n|move|p1b: Great Tusk|Headlong Rush|p2a: Dondozo\n|-damage|p2a: Dondozo|76\/100\n|-unboost|p1b: Great Tusk|def|1\n|-unboost|p1b: Great Tusk|spd|1\n|move|p2a: Dondozo|Earthquake|p1b: Great Tusk|[spread] p1a,p1b\n|-miss|p2a: Dondozo|p2b: Tatsugiri\n|-damage|p1a: Gholdengo|27\/100\n|-damage|p1b: Great Tusk|23\/100\n|move|p1a: Gholdengo|Shadow Ball|p2a: Dondozo\n|-damage|p2a: Dondozo|54\/100\n|\n|-heal|p2a: Dondozo|60\/100|[from] item: Leftovers\n|-heal|p1a: Gholdengo|33\/100|[from] item: Leftovers\n|upkeep\n|turn|7\n|\n|t:|1682480473\n|move|p1b: Great Tusk|Headlong Rush|p2a: Dondozo\n|-damage|p2a: Dondozo|36\/100\n|-unboost|p1b: Great Tusk|def|1\n|-unboost|p1b: Great Tusk|spd|1\n|move|p2a: Dondozo|Earthquake|p1b: Great Tusk|[spread] p1a,p1b\n|-miss|p2a: Dondozo|p2b: Tatsugiri\n|-damage|p1a: Gholdengo|0 fnt\n|-damage|p1b: Great Tusk|0 fnt\n|faint|p1a: Gholdengo\n|faint|p1b: Great Tusk\n|-end|p1b: Great Tusk|Protosynthesis|[silent]\n|\n|win|GAPDHD\n|raw|BroDontFuckWithMe's rating: 1660 → 1638<\/strong> (-22 for losing)\n|raw|GAPDHD's rating: 1626 → 1648<\/strong> (+22 for winning)\n","uploadtime":1682480478,"views":13,"p1id":"brodontfuckwithme","p2id":"gapdhd","formatid":"gen9vgc2023regulationc","rating":1638,"private":0,"password":""}