{"id":"gen9vgc2023regulationc-1846587198","p1":"1crit","p2":"Rreeet","format":"[Gen 9] VGC 2023 Regulation C","log":"|j|\u26061crit\n|j|\u2606Rreeet\n|t:|1681854486\n|gametype|doubles\n|player|p1|1crit|iris-gen5bw2|1086\n|player|p2|Rreeet|170|1038\n|teamsize|p1|6\n|teamsize|p2|6\n|gen|9\n|tier|[Gen 9] VGC 2023 Regulation C\n|rated|\n|rule|Species Clause: Limit one of each Pok\u00e9mon\n|rule|Item Clause: Limit one of each item\n|clearpoke\n|poke|p1|Chi-Yu, L50|\n|poke|p1|Dachsbun, L50, M|\n|poke|p1|Dragonite, L50, F|\n|poke|p1|Chien-Pao, L50|\n|poke|p1|Azumarill, L50, F|\n|poke|p1|Flutter Mane, L50|\n|poke|p2|Braviary, L50, M|\n|poke|p2|Stonjourner, L50, M|\n|poke|p2|Bombirdier, L50, F|\n|poke|p2|Palafin, L50, F|\n|poke|p2|Flutter Mane, L50|\n|poke|p2|Pelipper, L50, M|\n|teampreview|4\n1crit rejected open team sheets.\n|inactive|Battle timer is ON: inactive players will automatically lose when time's up. (requested by Rreeet)\n|\n|t:|1681854534\n|start\n|switch|p1a: Flutter Mane|Flutter Mane, L50, shiny|100\/100\n|switch|p1b: Azumarill|Azumarill, L50, F|100\/100\n|switch|p2a: Braviary|Braviary, L50, M|100\/100\n|switch|p2b: Palafin|Palafin, L50, F|100\/100\n|-enditem|p1a: Flutter Mane|Booster Energy\n|-activate|p1a: Flutter Mane|ability: Protosynthesis|[fromitem]\n|-start|p1a: Flutter Mane|protosynthesisspe\n|turn|1\n|inactive|Rreeet has 30 seconds left.\n|\n|t:|1681854562\n|move|p1a: Flutter Mane|Dazzling Gleam|p2b: Palafin|[spread] p2a,p2b\n|-damage|p2a: Braviary|61\/100\n|-damage|p2b: Palafin|60\/100\n|move|p2a: Braviary|Sky Attack||[still]\n|-prepare|p2a: Braviary|Sky Attack\n|-enditem|p2a: Braviary|Power Herb\n|-anim|p2a: Braviary|Sky Attack|p1b: Azumarill\n|-damage|p1b: Azumarill|0 fnt\n|faint|p1b: Azumarill\n|move|p2b: Palafin|Wave Crash|p1a: Flutter Mane\n|-damage|p1a: Flutter Mane|0 fnt\n|faint|p1a: Flutter Mane\n|-end|p1a: Flutter Mane|Protosynthesis|[silent]\n|-damage|p2b: Palafin|37\/100|[from] Recoil\n|\n|upkeep\n|\n|t:|1681854577\n|switch|p1a: Dragonite|Dragonite, L50, F|100\/100\n|switch|p1b: Chien-Pao|Chien-Pao, L50|100\/100\n|-ability|p1b: Chien-Pao|Sword of Ruin\n|turn|2\n|inactive|1crit has 30 seconds left.\n|\n|t:|1681854603\n|detailschange|p2b: Palafin|Palafin-Hero, L50, F\n|switch|p2b: Pelipper|Pelipper, L50, M|100\/100\n|-weather|RainDance|[from] ability: Drizzle|[of] p2b: Pelipper\n|-terastallize|p1a: Dragonite|Flying\n|move|p1b: Chien-Pao|Protect|p1b: Chien-Pao\n|-singleturn|p1b: Chien-Pao|Protect\n|move|p2a: Braviary|Protect|p2a: Braviary\n|-singleturn|p2a: Braviary|Protect\n|move|p1a: Dragonite|Tera Blast|p2b: Pelipper\n|-damage|p2b: Pelipper|0 fnt\n|faint|p2b: Pelipper\n|\n|-weather|RainDance|[upkeep]\n|upkeep\n|\n|t:|1681854621\n|switch|p2b: Bombirdier|Bombirdier, L50, F|100\/100\n|turn|3\n|\n|t:|1681854642\n|-terastallize|p2b: Bombirdier|Rock\n|move|p1b: Chien-Pao|Ice Spinner|p2a: Braviary\n|-supereffective|p2a: Braviary\n|-damage|p2a: Braviary|0 fnt\n|faint|p2a: Braviary\n|move|p1a: Dragonite|Tera Blast|p2b: Bombirdier\n|-resisted|p2b: Bombirdier\n|-damage|p2b: Bombirdier|54\/100\n|move|p2b: Bombirdier|Rock Blast|p1a: Dragonite\n|-supereffective|p1a: Dragonite\n|-damage|p1a: Dragonite|75\/100\n|-supereffective|p1a: Dragonite\n|-damage|p1a: Dragonite|24\/100\n|-supereffective|p1a: Dragonite\n|-damage|p1a: Dragonite|0 fnt\n|faint|p1a: Dragonite\n|-hitcount|p1: Dragonite|3\n|\n|-weather|RainDance|[upkeep]\n|upkeep\n|\n|t:|1681854659\n|switch|p2a: Palafin|Palafin-Hero, L50, F|37\/100\n|-activate|p2a: Palafin|ability: Zero to Hero\n|turn|4\n|\n|t:|1681854670\n|move|p1b: Chien-Pao|Protect|p1b: Chien-Pao\n|-singleturn|p1b: Chien-Pao|Protect\n|move|p2a: Palafin|Jet Punch|p1b: Chien-Pao\n|-activate|p1b: Chien-Pao|move: Protect\n|move|p2b: Bombirdier|Sucker Punch||[still]\n|-fail|p2b: Bombirdier\n|\n|-weather|RainDance|[upkeep]\n|upkeep\n|turn|5\n|inactive|1crit has 30 seconds left.\n|\n|t:|1681854704\n|move|p1b: Chien-Pao|Sucker Punch|p2a: Palafin\n|-damage|p2a: Palafin|0 fnt\n|faint|p2a: Palafin\n|move|p2b: Bombirdier|Rock Blast|p1b: Chien-Pao\n|-supereffective|p1b: Chien-Pao\n|-damage|p1b: Chien-Pao|47\/100\n|-supereffective|p1b: Chien-Pao\n|-damage|p1b: Chien-Pao|0 fnt\n|faint|p1b: Chien-Pao\n|-hitcount|p1: Chien-Pao|2\n|\n|win|Rreeet\n|raw|1crit's rating: 1086 → 1060<\/strong> (-26 for losing)\n|raw|Rreeet's rating: 1038 → 1077<\/strong> (+39 for winning)\n|c|\u26061crit|gg\n|l|\u26061crit\n","uploadtime":1681854735,"views":8,"p1id":"1crit","p2id":"rreeet","formatid":"gen9vgc2023regulationc","rating":1060,"private":0,"password":""}