{"id":"gen9vgc2023regulationc-1850700275","p1":"Jli3112","p2":"Zer0x1","format":"[Gen 9] VGC 2023 Regulation C","log":"|j|\u2606Jli3112\n|j|\u2606Zer0x1\n|t:|1682360224\n|gametype|doubles\n|player|p1|Jli3112|boarder|1179\n|player|p2|Zer0x1|cynthia|1207\n|teamsize|p1|6\n|teamsize|p2|6\n|gen|9\n|tier|[Gen 9] VGC 2023 Regulation C\n|rated|\n|rule|Species Clause: Limit one of each Pok\u00e9mon\n|rule|Item Clause: Limit one of each item\n|clearpoke\n|poke|p1|Ting-Lu, L50|\n|poke|p1|Amoonguss, L50, M|\n|poke|p1|Arcanine, L50, M|\n|poke|p1|Flutter Mane, L50|\n|poke|p1|Torkoal, L50, F|\n|poke|p1|Palafin, L50, M|\n|poke|p2|Dachsbun, L50, F|\n|poke|p2|Chi-Yu, L50|\n|poke|p2|Flutter Mane, L50|\n|poke|p2|Dragonite, L50, M|\n|poke|p2|Chien-Pao, L50|\n|poke|p2|Gyarados, L50, M|\n|teampreview|4\n|inactive|Battle timer is ON: inactive players will automatically lose when time's up. (requested by Jli3112)\n|\n|t:|1682360231\n|start\n|switch|p1a: Torkoal|Torkoal, L50, F|100\/100\n|switch|p1b: Palafin|Palafin, L50, M|100\/100\n|switch|p2a: Dachsbun|Dachsbun, L50, F|100\/100\n|switch|p2b: Chi-Yu|Chi-Yu, L50|100\/100\n|-ability|p2b: Chi-Yu|Beads of Ruin\n|-weather|SunnyDay|[from] ability: Drought|[of] p1a: Torkoal\n|turn|1\n|\n|t:|1682360253\n|move|p2b: Chi-Yu|Lava Plume|p1b: Palafin|[spread] p1a,p1b\n|-ability|p2a: Dachsbun|Well-Baked Body|boost\n|-boost|p2a: Dachsbun|def|2\n|-resisted|p1a: Torkoal\n|-resisted|p1b: Palafin\n|-damage|p1a: Torkoal|68\/100\n|-damage|p1b: Palafin|44\/100\n|move|p1b: Palafin|Flip Turn|p2b: Chi-Yu\n|-supereffective|p2b: Chi-Yu\n|-damage|p2b: Chi-Yu|67\/100\n|\n|t:|1682360263\n|detailschange|p1b: Palafin|Palafin-Hero, L50, M\n|switch|p1b: Flutter Mane|Flutter Mane, L50|100\/100|[from] Flip Turn\n|-activate|p1b: Flutter Mane|ability: Protosynthesis\n|-start|p1b: Flutter Mane|protosynthesisspe\n|move|p2a: Dachsbun|Body Press|p1a: Torkoal\n|-damage|p1a: Torkoal|38\/100\n|move|p1a: Torkoal|Rock Slide|p2b: Chi-Yu|[spread] p2a,p2b\n|-supereffective|p2b: Chi-Yu\n|-damage|p2a: Dachsbun|96\/100\n|-damage|p2b: Chi-Yu|28\/100\n|\n|-weather|SunnyDay|[upkeep]\n|-heal|p2a: Dachsbun|100\/100|[from] item: Leftovers\n|upkeep\n|turn|2\n|inactive|Zer0x1 has 30 seconds left.\n|inactive|Zer0x1 has 20 seconds left.\n|\n|t:|1682360300\n|switch|p2b: Gyarados|Gyarados, L50, M|100\/100\n|-ability|p2b: Gyarados|Intimidate|boost\n|-unboost|p1a: Torkoal|atk|1\n|-unboost|p1b: Flutter Mane|atk|1\n|-terastallize|p1b: Flutter Mane|Fairy\n|move|p1a: Torkoal|Protect|p1a: Torkoal\n|-singleturn|p1a: Torkoal|Protect\n|move|p1b: Flutter Mane|Dazzling Gleam|p2b: Gyarados|[spread] p2a,p2b\n|-damage|p2a: Dachsbun|45\/100\n|-damage|p2b: Gyarados|48\/100\n|-damage|p1b: Flutter Mane|90\/100|[from] item: Life Orb\n|move|p2a: Dachsbun|Yawn|p1b: Flutter Mane\n|-start|p1b: Flutter Mane|move: Yawn|[of] p2a: Dachsbun\n|\n|-weather|SunnyDay|[upkeep]\n|-heal|p2a: Dachsbun|51\/100|[from] item: Leftovers\n|upkeep\n|turn|3\n|inactive|Jli3112 has 30 seconds left.\n|\n|t:|1682360326\n|-end|p1b: Flutter Mane|Protosynthesis|[silent]\n|switch|p1b: Ting-Lu|Ting-Lu, L50|100\/100\n|-ability|p1b: Ting-Lu|Vessel of Ruin\n|move|p2a: Dachsbun|Body Press|p1a: Torkoal\n|-damage|p1a: Torkoal|5\/100\n|move|p2b: Gyarados|Thunder Wave|p1b: Ting-Lu\n|-immune|p1b: Ting-Lu\n|move|p1a: Torkoal|Rock Slide|p2b: Gyarados|[spread] p2a,p2b\n|-supereffective|p2b: Gyarados\n|-damage|p2a: Dachsbun|47\/100\n|-damage|p2b: Gyarados|31\/100\n|\n|-weather|SunnyDay|[upkeep]\n|-heal|p2a: Dachsbun|54\/100|[from] item: Leftovers\n|upkeep\n|turn|4\n|inactive|Zer0x1 has 30 seconds left.\n|\n|t:|1682360353\n|move|p2b: Gyarados|Protect|p2b: Gyarados\n|-singleturn|p2b: Gyarados|Protect\n|move|p1a: Torkoal|Protect|p1a: Torkoal\n|-singleturn|p1a: Torkoal|Protect\n|move|p2a: Dachsbun|Wish|p2a: Dachsbun\n|move|p1b: Ting-Lu|Heavy Slam|p2a: Dachsbun\n|-supereffective|p2a: Dachsbun\n|-damage|p2a: Dachsbun|23\/100\n|\n|-weather|SunnyDay|[upkeep]\n|-heal|p2a: Dachsbun|29\/100|[from] item: Leftovers\n|upkeep\n|turn|5\n|\n|t:|1682360372\n|move|p2a: Dachsbun|Yawn|p1b: Ting-Lu\n|-start|p1b: Ting-Lu|move: Yawn|[of] p2a: Dachsbun\n|move|p2b: Gyarados|Waterfall|p1a: Torkoal\n|-supereffective|p1a: Torkoal\n|-damage|p1a: Torkoal|0 fnt\n|faint|p1a: Torkoal\n|move|p1b: Ting-Lu|Heavy Slam|p2a: Dachsbun\n|-supereffective|p2a: Dachsbun\n|-damage|p2a: Dachsbun|0 fnt\n|faint|p2a: Dachsbun\n|\n|-weather|none\n|upkeep\n|\n|t:|1682360387\n|switch|p2a: Flutter Mane|Flutter Mane, L50|100\/100\n|switch|p1a: Flutter Mane|Flutter Mane, L50, tera:Fairy|90\/100\n|-enditem|p2a: Flutter Mane|Booster Energy\n|-activate|p2a: Flutter Mane|ability: Protosynthesis|[fromitem]\n|-start|p2a: Flutter Mane|protosynthesisspe\n|turn|6\n|\n|t:|1682360400\n|switch|p1b: Palafin|Palafin-Hero, L50, M|44\/100\n|-activate|p1b: Palafin|ability: Zero to Hero\n|-terastallize|p2a: Flutter Mane|Fairy\n|move|p2a: Flutter Mane|Dazzling Gleam|p1a: Flutter Mane|[spread] p1a,p1b\n|-damage|p1a: Flutter Mane|47\/100\n|-damage|p1b: Palafin|0 fnt\n|faint|p1b: Palafin\n|move|p1a: Flutter Mane|Shadow Ball|p2a: Flutter Mane\n|-damage|p2a: Flutter Mane|43\/100\n|-damage|p1a: Flutter Mane|37\/100|[from] item: Life Orb\n|move|p2b: Gyarados|Thunder Wave|p1a: Flutter Mane\n|-status|p1a: Flutter Mane|par\n|\n|upkeep\n|\n|t:|1682360413\n|switch|p1b: Ting-Lu|Ting-Lu, L50|100\/100\n|-ability|p1b: Ting-Lu|Vessel of Ruin\n|turn|7\n|\n|t:|1682360426\n|cant|p1a: Flutter Mane|par\n|move|p2a: Flutter Mane|Dazzling Gleam|p1b: Ting-Lu|[spread] p1a,p1b\n|-supereffective|p1b: Ting-Lu\n|-damage|p1a: Flutter Mane|0 fnt\n|-damage|p1b: Ting-Lu|76\/100\n|faint|p1a: Flutter Mane\n|-end|p1a: Flutter Mane|Protosynthesis|[silent]\n|move|p2b: Gyarados|Waterfall|p1b: Ting-Lu\n|-supereffective|p1b: Ting-Lu\n|-damage|p1b: Ting-Lu|17\/100\n|move|p1b: Ting-Lu|Heavy Slam|p2a: Flutter Mane\n|-supereffective|p2a: Flutter Mane\n|-damage|p2a: Flutter Mane|0 fnt\n|faint|p2a: Flutter Mane\n|-end|p2a: Flutter Mane|Protosynthesis|[silent]\n|\n|upkeep\n|\n|t:|1682360435\n|switch|p2a: Chi-Yu|Chi-Yu, L50|28\/100\n|-ability|p2a: Chi-Yu|Beads of Ruin\n|turn|8\n|\n|t:|1682360441\n|move|p2a: Chi-Yu|Heat Wave|p1b: Ting-Lu\n|-damage|p1b: Ting-Lu|0 fnt\n|faint|p1b: Ting-Lu\n|\n|win|Zer0x1\n|raw|Jli3112's rating: 1179 → 1156<\/strong> (-23 for losing)\n|raw|Zer0x1's rating: 1207 → 1230<\/strong> (+23 for winning)\n","uploadtime":1682360447,"views":13,"p1id":"jli3112","p2id":"zer0x1","formatid":"gen9vgc2023regulationc","rating":1156,"private":0,"password":""}