{"id":"gen9vgc2023regulationc-1852017623","p1":"lin7482","p2":"Planthony","format":"[Gen 9] VGC 2023 Regulation C","log":"|j|\u2606lin7482\n|j|\u2606Planthony\n|t:|1682517108\n|gametype|doubles\n|player|p1|lin7482|101|1277\n|player|p2|Planthony|170|1325\n|teamsize|p1|6\n|teamsize|p2|6\n|gen|9\n|tier|[Gen 9] VGC 2023 Regulation C\n|rated|\n|rule|Species Clause: Limit one of each Pok\u00e9mon\n|rule|Item Clause: Limit one of each item\n|clearpoke\n|poke|p1|Dondozo, L50, M|\n|poke|p1|Tatsugiri, L50, M|\n|poke|p1|Arcanine, L50, M|\n|poke|p1|Flutter Mane, L50|\n|poke|p1|Ting-Lu, L50|\n|poke|p1|Maushold, L50|\n|poke|p2|Glimmora, L50, F|\n|poke|p2|Flutter Mane, L50|\n|poke|p2|Dondozo, L50, F|\n|poke|p2|Dragonite, L50, M|\n|poke|p2|Tatsugiri-Droopy, L50, F|\n|poke|p2|Chi-Yu, L50|\n|teampreview|4\n|\n|t:|1682517130\n|start\n|switch|p1a: Dondozo|Dondozo, L50, M|100\/100\n|switch|p1b: Ting-Lu|Ting-Lu, L50|100\/100\n|switch|p2a: Glimmora|Glimmora, L50, F, shiny|100\/100\n|switch|p2b: Dragonite|Dragonite, L50, M|100\/100\n|-ability|p1b: Ting-Lu|Vessel of Ruin\n|turn|1\n|\n|t:|1682517154\n|-terastallize|p2a: Glimmora|Grass\n|-terastallize|p1b: Ting-Lu|Poison\n|move|p2a: Glimmora|Mortal Spin|p1a: Dondozo|[spread] p1a,p1b\n|-crit|p1a: Dondozo\n|-resisted|p1b: Ting-Lu\n|-damage|p1a: Dondozo|96\/100\n|-damage|p1b: Ting-Lu|99\/100\n|-status|p1a: Dondozo|psn\n|move|p2b: Dragonite|Earthquake|p1b: Ting-Lu|[spread] p2a,p1a,p1b\n|-resisted|p2a: Glimmora\n|-supereffective|p1b: Ting-Lu\n|-damage|p2a: Glimmora|85\/100\n|-damage|p1a: Dondozo|79\/100 psn\n|-damage|p1b: Ting-Lu|69\/100\n|-activate|p2a: Glimmora|ability: Toxic Debris\n|-sidestart|p1: lin7482|move: Toxic Spikes\n|move|p1b: Ting-Lu|Stomping Tantrum|p2a: Glimmora\n|-resisted|p2a: Glimmora\n|-damage|p2a: Glimmora|70\/100\n|-activate|p2a: Glimmora|ability: Toxic Debris\n|-sidestart|p1: lin7482|move: Toxic Spikes\n|move|p1a: Dondozo|Yawn|p2b: Dragonite\n|-start|p2b: Dragonite|move: Yawn|[of] p1a: Dondozo\n|\n|-heal|p1a: Dondozo|85\/100 psn|[from] item: Leftovers\n|-damage|p1a: Dondozo|73\/100 psn|[from] psn\n|upkeep\n|turn|2\n|\n|t:|1682517186\n|switch|p2b: Dondozo|Dondozo, L50, F|100\/100\n|move|p2a: Glimmora|Energy Ball|p1a: Dondozo\n|-supereffective|p1a: Dondozo\n|-damage|p1a: Dondozo|23\/100 psn\n|move|p1b: Ting-Lu|Fissure|p2a: Glimmora|[miss]\n|-miss|p1b: Ting-Lu|p2a: Glimmora\n|move|p1a: Dondozo|Yawn|p2a: Glimmora\n|-start|p2a: Glimmora|move: Yawn|[of] p1a: Dondozo\n|\n|-heal|p1a: Dondozo|29\/100 psn|[from] item: Leftovers\n|-damage|p1a: Dondozo|17\/100 psn|[from] psn\n|upkeep\n|turn|3\n|\n|t:|1682517204\n|switch|p2a: Tatsugiri|Tatsugiri-Droopy, L50, F, shiny|100\/100\n|-activate|p2a: Tatsugiri|ability: Commander|[of] p2b: Dondozo\n|-boost|p2b: Dondozo|atk|2\n|-boost|p2b: Dondozo|spa|2\n|-boost|p2b: Dondozo|spe|2\n|-boost|p2b: Dondozo|def|2\n|-boost|p2b: Dondozo|spd|2\n|move|p2b: Dondozo|Earthquake|p1a: Dondozo|[spread] p1a,p1b\n|-miss|p2b: Dondozo|p2a: Tatsugiri\n|-supereffective|p1b: Ting-Lu\n|-damage|p1a: Dondozo|3\/100 psn\n|-damage|p1b: Ting-Lu|21\/100\n|move|p1b: Ting-Lu|Fissure|p2b: Dondozo\n|-damage|p2b: Dondozo|0 fnt\n|faint|p2b: Dondozo\n|-ohko\n|move|p1a: Dondozo|Fissure|p2a: Tatsugiri|[miss]\n|-miss|p1a: Dondozo|p2a: Tatsugiri\n|\n|-heal|p1a: Dondozo|9\/100 psn|[from] item: Leftovers\n|-damage|p1a: Dondozo|0 fnt|[from] psn\n|faint|p1a: Dondozo\n|upkeep\n|\n|t:|1682517224\n|switch|p2b: Dragonite|Dragonite, L50, M|100\/100\n|switch|p1a: Maushold|Maushold, L50|100\/100\n|-status|p1a: Maushold|tox\n|turn|4\n|\n|t:|1682517234\n|move|p2a: Tatsugiri|Draco Meteor|p1a: Maushold\n|-damage|p1a: Maushold|30\/100 tox\n|-unboost|p2a: Tatsugiri|spa|2\n|move|p1a: Maushold|Population Bomb|p2b: Dragonite\n|-damage|p2b: Dragonite|95\/100\n|-damage|p2b: Dragonite|84\/100\n|-damage|p2b: Dragonite|72\/100\n|-damage|p2b: Dragonite|62\/100\n|-crit|p2b: Dragonite\n|-damage|p2b: Dragonite|44\/100\n|-damage|p2b: Dragonite|34\/100\n|-damage|p2b: Dragonite|22\/100\n|-damage|p2b: Dragonite|11\/100\n|-damage|p2b: Dragonite|0 fnt\n|faint|p2b: Dragonite\n|-hitcount|p2: Dragonite|9\n|move|p1b: Ting-Lu|Fissure|p2a: Tatsugiri|[miss]\n|-miss|p1b: Ting-Lu|p2a: Tatsugiri\n|\n|-damage|p1a: Maushold|24\/100 tox|[from] psn\n|upkeep\n|\n|t:|1682517243\n|switch|p2b: Glimmora|Glimmora, L50, F, shiny, tera:Grass|70\/100\n|turn|5\n|\n|t:|1682517275\n|move|p2a: Tatsugiri|Draco Meteor|p1a: Maushold\n|-damage|p1a: Maushold|0 fnt\n|-unboost|p2a: Tatsugiri|spa|2\n|faint|p1a: Maushold\n|move|p2b: Glimmora|Energy Ball|p1b: Ting-Lu\n|-resisted|p1b: Ting-Lu\n|-damage|p1b: Ting-Lu|14\/100\n|move|p1b: Ting-Lu|Stomping Tantrum|p2a: Tatsugiri\n|-damage|p2a: Tatsugiri|0 fnt\n|faint|p2a: Tatsugiri\n|\n|upkeep\n|\n|t:|1682517285\n|switch|p1a: Flutter Mane|Flutter Mane, L50|100\/100\n|-status|p1a: Flutter Mane|tox\n|-enditem|p1a: Flutter Mane|Booster Energy\n|-activate|p1a: Flutter Mane|ability: Protosynthesis|[fromitem]\n|-start|p1a: Flutter Mane|protosynthesisspe\n|turn|6\n|\n|t:|1682517295\n|move|p1a: Flutter Mane|Mystical Fire|p2b: Glimmora\n|-supereffective|p2b: Glimmora\n|-damage|p2b: Glimmora|39\/100\n|-unboost|p2b: Glimmora|spa|1\n|move|p2b: Glimmora|Power Gem|p1a: Flutter Mane\n|-damage|p1a: Flutter Mane|76\/100 tox\n|move|p1b: Ting-Lu|Fissure|p2b: Glimmora\n|-damage|p2b: Glimmora|0 fnt\n|faint|p2b: Glimmora\n|-ohko\n|\n|win|lin7482\n|raw|lin7482's rating: 1277 → 1305<\/strong> (+28 for winning)\n|raw|Planthony's rating: 1325 → 1302<\/strong> (-23 for losing)\n|l|\u2606lin7482\n","uploadtime":1682517306,"views":10,"p1id":"lin7482","p2id":"planthony","formatid":"gen9vgc2023regulationc","rating":1302,"private":0,"password":""}