{"id":"gen9vgc2023regulationc-1851133203","p1":"Sharpievgc","p2":"suki126","format":"[Gen 9] VGC 2023 Regulation C","log":"|j|\u2606Sharpievgc\n|j|\u2606suki126\n|t:|1682414706\n|gametype|doubles\n|player|p1|Sharpievgc|nate|1735\n|player|p2|suki126|1|1660\n|teamsize|p1|6\n|teamsize|p2|6\n|gen|9\n|tier|[Gen 9] VGC 2023 Regulation C\n|rated|\n|rule|Species Clause: Limit one of each Pok\u00e9mon\n|rule|Item Clause: Limit one of each item\n|clearpoke\n|poke|p1|Armarouge, L50, F|\n|poke|p1|Iron Hands, L50|\n|poke|p1|Indeedee-F, L50, F|\n|poke|p1|Annihilape, L50, M|\n|poke|p1|Torkoal, L50, F|\n|poke|p1|Dragapult, L50, F|\n|poke|p2|Flutter Mane, L50|\n|poke|p2|Chi-Yu, L50|\n|poke|p2|Iron Bundle, L50|\n|poke|p2|Baxcalibur, L50, M|\n|poke|p2|Gyarados, L50, M|\n|poke|p2|Amoonguss, L50, F|\n|teampreview|4\n|inactive|Battle timer is ON: inactive players will automatically lose when time's up. (requested by suki126)\nSharpievgc has agreed to open team sheets.\n|\n|t:|1682414732\n|start\n|switch|p1a: Indeedee|Indeedee-F, L50, F|100\/100\n|switch|p1b: Armarouge|Armarouge, L50, F|100\/100\n|switch|p2a: Chi-Yu|Chi-Yu, L50|100\/100\n|switch|p2b: Flutter Mane|Flutter Mane, L50, shiny|100\/100\n|-ability|p2a: Chi-Yu|Beads of Ruin\n|-fieldstart|move: Psychic Terrain|[from] ability: Psychic Surge|[of] p1a: Indeedee\n|turn|1\n|\n|t:|1682414751\n|move|p1a: Indeedee|Follow Me|p1a: Indeedee\n|-singleturn|p1a: Indeedee|move: Follow Me\n|move|p2b: Flutter Mane|Dazzling Gleam|p1a: Indeedee|[spread] p1a,p1b\n|-resisted|p1b: Armarouge\n|-damage|p1a: Indeedee|54\/100\n|-damage|p1b: Armarouge|69\/100\n|-damage|p2b: Flutter Mane|91\/100|[from] item: Life Orb\n|move|p2a: Chi-Yu|Dark Pulse|p1a: Indeedee\n|-supereffective|p1a: Indeedee\n|-damage|p1a: Indeedee|0 fnt\n|faint|p1a: Indeedee\n|move|p1b: Armarouge|Trick Room|p1b: Armarouge\n|-fieldstart|move: Trick Room|[of] p1b: Armarouge\n|\n|upkeep\n|\n|t:|1682414761\n|switch|p1a: Torkoal|Torkoal, L50, F|100\/100\n|-weather|SunnyDay|[from] ability: Drought|[of] p1a: Torkoal\n|-activate|p2b: Flutter Mane|ability: Protosynthesis\n|-start|p2b: Flutter Mane|protosynthesisspa\n|turn|2\n|\n|t:|1682414780\n|-terastallize|p1a: Torkoal|Fire\n|move|p2b: Flutter Mane|Protect|p2b: Flutter Mane\n|-singleturn|p2b: Flutter Mane|Protect\n|move|p1a: Torkoal|Eruption|p2b: Flutter Mane|[spread] p2a\n|-activate|p2b: Flutter Mane|move: Protect\n|-resisted|p2a: Chi-Yu\n|-damage|p2a: Chi-Yu|39\/100\n|move|p1b: Armarouge|Armor Cannon|p2a: Chi-Yu\n|-resisted|p2a: Chi-Yu\n|-damage|p2a: Chi-Yu|0 fnt\n|-unboost|p1b: Armarouge|def|1\n|-unboost|p1b: Armarouge|spd|1\n|faint|p2a: Chi-Yu\n|\n|-weather|SunnyDay|[upkeep]\n|upkeep\n|\n|t:|1682414790\n|switch|p2a: Amoonguss|Amoonguss, L50, F|100\/100\n|turn|3\n|\n|t:|1682414803\n|-terastallize|p2a: Amoonguss|Water\n|move|p2b: Flutter Mane|Protect|p2b: Flutter Mane\n|-singleturn|p2b: Flutter Mane|Protect\n|move|p1a: Torkoal|Eruption|p2a: Amoonguss|[spread] p2a\n|-activate|p2b: Flutter Mane|move: Protect\n|-resisted|p2a: Amoonguss\n|-damage|p2a: Amoonguss|53\/100\n|move|p2a: Amoonguss|Spore|p1b: Armarouge\n|-status|p1b: Armarouge|slp|[from] move: Spore\n|cant|p1b: Armarouge|slp\n|\n|-weather|SunnyDay|[upkeep]\n|upkeep\n|turn|4\n|\n|t:|1682414818\n|move|p1a: Torkoal|Eruption|p2a: Amoonguss|[spread] p2a,p2b\n|-resisted|p2a: Amoonguss\n|-damage|p2a: Amoonguss|6\/100\n|-damage|p2b: Flutter Mane|0 fnt\n|-enditem|p2a: Amoonguss|Wiki Berry|[eat]\n|-heal|p2a: Amoonguss|39\/100|[from] item: Wiki Berry\n|faint|p2b: Flutter Mane\n|-end|p2b: Flutter Mane|Protosynthesis|[silent]\n|move|p2a: Amoonguss|Spore|p1a: Torkoal\n|-status|p1a: Torkoal|slp|[from] move: Spore\n|cant|p1b: Armarouge|slp\n|\n|-weather|SunnyDay|[upkeep]\n|upkeep\n|\n|t:|1682414821\n|switch|p2b: Baxcalibur|Baxcalibur, L50, M|100\/100\n|turn|5\n|\n|t:|1682414838\n|move|p2a: Amoonguss|Protect|p2a: Amoonguss\n|-singleturn|p2a: Amoonguss|Protect\n|cant|p1a: Torkoal|slp\n|cant|p1b: Armarouge|slp\n|move|p2b: Baxcalibur|Icicle Spear|p1b: Armarouge\n|-resisted|p1b: Armarouge\n|-damage|p1b: Armarouge|59\/100 slp\n|-resisted|p1b: Armarouge\n|-damage|p1b: Armarouge|47\/100 slp\n|-resisted|p1b: Armarouge\n|-damage|p1b: Armarouge|37\/100 slp\n|-resisted|p1b: Armarouge\n|-damage|p1b: Armarouge|28\/100 slp\n|-hitcount|p1b: Armarouge|4\n|\n|-weather|SunnyDay|[upkeep]\n|-fieldend|move: Trick Room\n|-fieldend|move: Psychic Terrain\n|upkeep\n|turn|6\n|\n|t:|1682414856\n|move|p2b: Baxcalibur|Icicle Spear|p1b: Armarouge\n|-resisted|p1b: Armarouge\n|-damage|p1b: Armarouge|17\/100 slp\n|-resisted|p1b: Armarouge\n|-damage|p1b: Armarouge|5\/100 slp\n|-resisted|p1b: Armarouge\n|-damage|p1b: Armarouge|0 fnt\n|faint|p1b: Armarouge\n|-hitcount|p1: Armarouge|3\n|move|p2a: Amoonguss|Pollen Puff|p1a: Torkoal\n|-resisted|p1a: Torkoal\n|-damage|p1a: Torkoal|88\/100 slp\n|cant|p1a: Torkoal|slp\n|\n|-weather|none\n|upkeep\n|j| bombart\n|\n|t:|1682414868\n|switch|p1b: Iron Hands|Iron Hands, L50|100\/100\n|-enditem|p1b: Iron Hands|Booster Energy\n|-activate|p1b: Iron Hands|ability: Quark Drive|[fromitem]\n|-start|p1b: Iron Hands|quarkdriveatk\n|turn|7\n|\n|t:|1682414883\n|move|p1b: Iron Hands|Protect|p1b: Iron Hands\n|-singleturn|p1b: Iron Hands|Protect\n|-curestatus|p1a: Torkoal|slp|[msg]\n|move|p1a: Torkoal|Protect|p1a: Torkoal\n|-singleturn|p1a: Torkoal|Protect\n|move|p2b: Baxcalibur|Glaive Rush|p1b: Iron Hands\n|-activate|p1b: Iron Hands|move: Protect\n|move|p2a: Amoonguss|Spore|p1b: Iron Hands\n|-activate|p1b: Iron Hands|move: Protect\n|\n|upkeep\n|turn|8\n|\n|t:|1682414896\n|move|p2b: Baxcalibur|Icicle Spear|p1b: Iron Hands\n|-damage|p1b: Iron Hands|90\/100\n|-damage|p1b: Iron Hands|80\/100\n|-damage|p1b: Iron Hands|69\/100\n|-damage|p1b: Iron Hands|58\/100\n|-hitcount|p1b: Iron Hands|4\n|move|p2a: Amoonguss|Spore|p1a: Torkoal\n|-status|p1a: Torkoal|slp|[from] move: Spore\n|move|p1b: Iron Hands|Wild Charge|p2a: Amoonguss\n|-supereffective|p2a: Amoonguss\n|-damage|p2a: Amoonguss|0 fnt\n|faint|p2a: Amoonguss\n|-damage|p1b: Iron Hands|50\/100|[from] Recoil\n|cant|p1a: Torkoal|slp\n|\n|upkeep\n|turn|9\n|inactive|Sharpievgc has 30 seconds left.\n|\n|t:|1682414924\n|move|p1b: Iron Hands|Protect|p1b: Iron Hands\n|-singleturn|p1b: Iron Hands|Protect\n|move|p2b: Baxcalibur|Icicle Spear|p1b: Iron Hands\n|-activate|p1b: Iron Hands|move: Protect\n|cant|p1a: Torkoal|slp\n|\n|upkeep\n|turn|10\n|\n|t:|1682414934\n|move|p2b: Baxcalibur|Icicle Spear|p1b: Iron Hands\n|-damage|p1b: Iron Hands|40\/100\n|-damage|p1b: Iron Hands|29\/100\n|-damage|p1b: Iron Hands|19\/100\n|-damage|p1b: Iron Hands|8\/100\n|-damage|p1b: Iron Hands|0 fnt\n|faint|p1b: Iron Hands\n|-end|p1b: Iron Hands|Quark Drive|[silent]\n|-hitcount|p1: Iron Hands|5\n|cant|p1a: Torkoal|slp\n|\n|upkeep\n|turn|11\n|\n|t:|1682414944\n|move|p2b: Baxcalibur|Icicle Spear|p1a: Torkoal\n|-resisted|p1a: Torkoal\n|-damage|p1a: Torkoal|83\/100 slp\n|-resisted|p1a: Torkoal\n|-damage|p1a: Torkoal|77\/100 slp\n|-resisted|p1a: Torkoal\n|-damage|p1a: Torkoal|71\/100 slp\n|-resisted|p1a: Torkoal\n|-damage|p1a: Torkoal|66\/100 slp\n|-resisted|p1a: Torkoal\n|-damage|p1a: Torkoal|61\/100 slp\n|-hitcount|p1a: Torkoal|5\n|-curestatus|p1a: Torkoal|slp|[msg]\n|move|p1a: Torkoal|Heat Wave|p2b: Baxcalibur\n|-damage|p2b: Baxcalibur|42\/100\n|-ability|p2b: Baxcalibur|Thermal Exchange|boost\n|-boost|p2b: Baxcalibur|atk|1\n|\n|upkeep\n|turn|12\n|\n|t:|1682414959\n|move|p2b: Baxcalibur|Glaive Rush|p1a: Torkoal\n|-damage|p1a: Torkoal|0 fnt\n|-singlemove|p2b: Baxcalibur|Glaive Rush|[silent]\n|faint|p1a: Torkoal\n|\n|win|suki126\n|raw|Sharpievgc's rating: 1735 → 1711<\/strong> (-24 for losing)\n|raw|suki126's rating: 1660 → 1684<\/strong> (+24 for winning)\n","uploadtime":1682414966,"views":13,"p1id":"sharpievgc","p2id":"suki126","formatid":"gen9vgc2023regulationc","rating":1684,"private":0,"password":""}