{"id":"gen9vgc2023regulationc-1849313796","p1":"z0gre","p2":"Topperlecat","format":"[Gen 9] VGC 2023 Regulation C","log":"|j|\u2606z0gre\n|j|\u2606Topperlecat\n|t:|1682184824\n|gametype|doubles\n|player|p1|z0gre|lucas|\n|player|p2|Topperlecat|n|\n|teamsize|p1|6\n|teamsize|p2|6\n|gen|9\n|tier|[Gen 9] VGC 2023 Regulation C\n|rule|Species Clause: Limit one of each Pok\u00e9mon\n|rule|Item Clause: Limit one of each item\n|clearpoke\n|poke|p1|Hippowdon, L50, M|\n|poke|p1|Lycanroc, L50, F|\n|poke|p1|Indeedee-F, L50, F|\n|poke|p1|Hawlucha, L50, M|\n|poke|p1|Palossand, L50, M|\n|poke|p1|Houndstone, L50, F|\n|poke|p2|Ting-Lu, L50|\n|poke|p2|Glimmora, L50, F|\n|poke|p2|Corviknight, L50, M|\n|poke|p2|Iron Hands, L50|\n|poke|p2|Arcanine, L50, M|\n|poke|p2|Klefki, L50, F|\n|teampreview|4\nTopperlecat has agreed to open team sheets.\n|inactive|Battle timer is ON: inactive players will automatically lose when time's up. (requested by z0gre)\n|\n|t:|1682184845\n|start\n|switch|p1a: Lycanroc|Lycanroc, L50, F, shiny|100\/100\n|switch|p1b: Hippowdon|Hippowdon, L50, M, shiny|100\/100\n|switch|p2a: hear me out|Klefki, L50, F|100\/100\n|switch|p2b: steel birb|Corviknight, L50, M|100\/100\n|-weather|Sandstorm|[from] ability: Sand Stream|[of] p1b: Hippowdon\n|turn|1\n|\n|t:|1682184859\n|move|p2a: hear me out|Reflect|p2a: hear me out\n|-sidestart|p2: Topperlecat|Reflect\n|move|p1a: Lycanroc|Rock Slide|p2a: hear me out|[spread] p2a,p2b\n|-resisted|p2a: hear me out\n|-damage|p2a: hear me out|90\/100\n|-damage|p2b: steel birb|87\/100\n|move|p2b: steel birb|Bulk Up|p2b: steel birb\n|-boost|p2b: steel birb|atk|1\n|-boost|p2b: steel birb|def|1\n|move|p1b: Hippowdon|Yawn|p2b: steel birb\n|-start|p2b: steel birb|move: Yawn|[of] p1b: Hippowdon\n|\n|-weather|Sandstorm|[upkeep]\n|upkeep\n|turn|2\n|\n|t:|1682184876\n|move|p1a: Lycanroc|Rock Slide|p2a: hear me out|[spread] p2a,p2b\n|-resisted|p2a: hear me out\n|-damage|p2a: hear me out|79\/100\n|-damage|p2b: steel birb|77\/100\n|move|p2a: hear me out|Foul Play|p1a: Lycanroc\n|-damage|p1a: Lycanroc|47\/100\n|move|p2b: steel birb|Iron Head|p1a: Lycanroc\n|-supereffective|p1a: Lycanroc\n|-damage|p1a: Lycanroc|0 fnt\n|faint|p1a: Lycanroc\n|move|p1b: Hippowdon|Stockpile|p1b: Hippowdon\n|-start|p1b: Hippowdon|stockpile1\n|-boost|p1b: Hippowdon|def|1\n|-boost|p1b: Hippowdon|spd|1\n|\n|-weather|Sandstorm|[upkeep]\n|-end|p2b: steel birb|move: Yawn|[silent]\n|-status|p2b: steel birb|slp\n|-enditem|p2b: steel birb|Lum Berry|[eat]\n|-curestatus|p2b: steel birb|slp|[msg]\n|upkeep\n|\n|t:|1682184883\n|switch|p1a: Indeedee|Indeedee-F, L50, F, shiny|100\/100\n|-fieldstart|move: Psychic Terrain|[from] ability: Psychic Surge|[of] p1a: Indeedee\n|turn|3\n|\n|t:|1682184897\n|move|p2a: hear me out|Light Screen|p2a: hear me out\n|-sidestart|p2: Topperlecat|move: Light Screen\n|move|p1a: Indeedee|Reflect|p1a: Indeedee\n|-sidestart|p1: z0gre|Reflect\n|move|p2b: steel birb|Brave Bird|p1b: Hippowdon\n|-damage|p1b: Hippowdon|82\/100\n|-damage|p2b: steel birb|71\/100|[from] Recoil\n|move|p1b: Hippowdon|Yawn|p2b: steel birb\n|-start|p2b: steel birb|move: Yawn|[of] p1b: Hippowdon\n|\n|-weather|Sandstorm|[upkeep]\n|-damage|p1a: Indeedee|94\/100|[from] Sandstorm\n|upkeep\n|turn|4\n|\n|t:|1682184917\n|switch|p2b: THE GOAT|Ting-Lu, L50|100\/100\n|-ability|p2b: THE GOAT|Vessel of Ruin\n|move|p1a: Indeedee|Light Screen|p1a: Indeedee\n|-sidestart|p1: z0gre|move: Light Screen\n|move|p2a: hear me out|Foul Play|p1a: Indeedee\n|-supereffective|p1a: Indeedee\n|-damage|p1a: Indeedee|81\/100\n|move|p1b: Hippowdon|Stockpile|p1b: Hippowdon\n|-start|p1b: Hippowdon|stockpile2\n|-boost|p1b: Hippowdon|def|1\n|-boost|p1b: Hippowdon|spd|1\n|\n|-weather|Sandstorm|[upkeep]\n|-damage|p1a: Indeedee|75\/100|[from] Sandstorm\n|upkeep\n|turn|5\n|\n|t:|1682184934\n|move|p1a: Indeedee|Draining Kiss|p2b: THE GOAT\n|-supereffective|p2b: THE GOAT\n|-damage|p2b: THE GOAT|93\/100\n|-heal|p1a: Indeedee|83\/100|[from] drain|[of] p2b: THE GOAT\n|move|p2a: hear me out|Foul Play|p1b: Hippowdon\n|-damage|p1b: Hippowdon|78\/100\n|move|p1b: Hippowdon|Stockpile|p1b: Hippowdon\n|-start|p1b: Hippowdon|stockpile3\n|-boost|p1b: Hippowdon|def|1\n|-boost|p1b: Hippowdon|spd|1\n|move|p2b: THE GOAT|Substitute|p2b: THE GOAT\n|-start|p2b: THE GOAT|Substitute\n|-damage|p2b: THE GOAT|68\/100\n|\n|-weather|Sandstorm|[upkeep]\n|-damage|p1a: Indeedee|77\/100|[from] Sandstorm\n|-heal|p2b: THE GOAT|74\/100|[from] item: Leftovers\n|upkeep\n|turn|6\n|inactive|Topperlecat has 30 seconds left.\n|\n|t:|1682184968\n|switch|p2a: big dog :)|Arcanine, L50, M|100\/100\n|-ability|p2a: big dog :)|Intimidate|boost\n|-unboost|p1a: Indeedee|atk|1\n|-unboost|p1b: Hippowdon|atk|1\n|move|p1a: Indeedee|Draining Kiss|p2b: THE GOAT\n|-supereffective|p2b: THE GOAT\n|-activate|p2b: THE GOAT|move: Substitute|[damage]\n|-heal|p1a: Indeedee|85\/100|[from] drain|[of] p2b: THE GOAT\n|move|p1b: Hippowdon|Fissure|p2a: big dog :)\n|-damage|p2a: big dog :)|0 fnt\n|faint|p2a: big dog :)\n|-ohko\n|move|p2b: THE GOAT|Ruination|p1b: Hippowdon\n|-damage|p1b: Hippowdon|39\/100\n|\n|-weather|Sandstorm|[upkeep]\n|-damage|p1a: Indeedee|79\/100|[from] Sandstorm\n|-heal|p2b: THE GOAT|80\/100|[from] item: Leftovers\n|upkeep\n|\n|t:|1682184985\n|switch|p2a: steel birb|Corviknight, L50, M|71\/100\n|turn|7\n|\n|t:|1682184993\n|move|p1a: Indeedee|Follow Me|p1a: Indeedee\n|-singleturn|p1a: Indeedee|move: Follow Me\n|move|p2a: steel birb|Bulk Up|p2a: steel birb\n|-boost|p2a: steel birb|atk|1\n|-boost|p2a: steel birb|def|1\n|move|p2b: THE GOAT|Payback|p1a: Indeedee\n|-supereffective|p1a: Indeedee\n|-damage|p1a: Indeedee|20\/100\n|move|p1b: Hippowdon|Yawn|p2a: steel birb\n|-start|p2a: steel birb|move: Yawn|[of] p1b: Hippowdon\n|\n|-weather|Sandstorm|[upkeep]\n|-damage|p1a: Indeedee|14\/100|[from] Sandstorm\n|-heal|p2b: THE GOAT|86\/100|[from] item: Leftovers\n|-fieldend|move: Psychic Terrain\n|upkeep\n|turn|8\n|\n|t:|1682185012\n|switch|p2a: hear me out|Klefki, L50, F|79\/100\n|move|p1a: Indeedee|Follow Me|p1a: Indeedee\n|-singleturn|p1a: Indeedee|move: Follow Me\n|move|p2b: THE GOAT|Payback|p1a: Indeedee\n|-supereffective|p1a: Indeedee\n|-damage|p1a: Indeedee|0 fnt\n|faint|p1a: Indeedee\n|move|p1b: Hippowdon|Slack Off|p1b: Hippowdon\n|-heal|p1b: Hippowdon|89\/100\n|\n|-weather|none\n|-heal|p2b: THE GOAT|92\/100|[from] item: Leftovers\n|-sideend|p2: Topperlecat|Reflect\n|upkeep\n|\n|t:|1682185020\n|switch|p1a: Houndstone|Houndstone, L50, F, shiny|100\/100\n|turn|9\n|\n|t:|1682185035\n|move|p1a: Houndstone|Protect|p1a: Houndstone\n|-singleturn|p1a: Houndstone|Protect\n|move|p2a: hear me out|Reflect|p2a: hear me out\n|-sidestart|p2: Topperlecat|Reflect\n|move|p2b: THE GOAT|Payback|p1a: Houndstone\n|-activate|p1a: Houndstone|move: Protect\n|move|p1b: Hippowdon|Fissure|p2a: hear me out\n|-damage|p2a: hear me out|0 fnt\n|faint|p2a: hear me out\n|-ohko\n|\n|-heal|p2b: THE GOAT|98\/100|[from] item: Leftovers\n|upkeep\n|\n|t:|1682185050\n|switch|p2a: steel birb|Corviknight, L50, M|71\/100\n|turn|10\n|\n|t:|1682185062\n|-terastallize|p1a: Houndstone|Ghost\n|move|p1a: Houndstone|Last Respects|p2a: steel birb\n|-damage|p2a: steel birb|25\/100\n|move|p2a: steel birb|Brave Bird|p1a: Houndstone\n|-damage|p1a: Houndstone|72\/100\n|-damage|p2a: steel birb|18\/100|[from] Recoil\n|move|p1b: Hippowdon|Yawn|p2a: steel birb\n|-start|p2a: steel birb|move: Yawn|[of] p1b: Hippowdon\n|move|p2b: THE GOAT|Payback|p1a: Houndstone\n|-supereffective|p1a: Houndstone\n|-damage|p1a: Houndstone|2\/100\n|\n|-heal|p2b: THE GOAT|100\/100|[from] item: Leftovers\n|-sideend|p1: z0gre|Reflect\n|-sideend|p2: Topperlecat|move: Light Screen\n|upkeep\n|turn|11\n|\n|t:|1682185080\n|move|p1a: Houndstone|Protect|p1a: Houndstone\n|-singleturn|p1a: Houndstone|Protect\n|move|p2a: steel birb|Roost|p2a: steel birb\n|-heal|p2a: steel birb|68\/100\n|-singleturn|p2a: steel birb|move: Roost\n|move|p2b: THE GOAT|Ruination|p1b: Hippowdon|[miss]\n|-miss|p2b: THE GOAT|p1b: Hippowdon\n|move|p1b: Hippowdon|Fissure|p2b: THE GOAT|[miss]\n|-miss|p1b: Hippowdon|p2b: THE GOAT\n|\n|-end|p2a: steel birb|move: Yawn|[silent]\n|-status|p2a: steel birb|slp\n|-sideend|p1: z0gre|move: Light Screen\n|upkeep\n|turn|12\n|\n|t:|1682185100\n|move|p1a: Houndstone|Last Respects|p2a: steel birb\n|-damage|p2a: steel birb|21\/100 slp\n|cant|p2a: steel birb|slp\n|move|p1b: Hippowdon|Fissure|p2b: THE GOAT|[miss]\n|-miss|p1b: Hippowdon|p2b: THE GOAT\n|move|p2b: THE GOAT|Stomping Tantrum|p1a: Houndstone\n|-damage|p1a: Houndstone|0 fnt\n|faint|p1a: Houndstone\n|\n|upkeep\n|turn|13\n|\n|t:|1682185114\n|cant|p2a: steel birb|slp\n|move|p1b: Hippowdon|Fissure|p2b: THE GOAT|[miss]\n|-miss|p1b: Hippowdon|p2b: THE GOAT\n|move|p2b: THE GOAT|Ruination|p1b: Hippowdon|[miss]\n|-miss|p2b: THE GOAT|p1b: Hippowdon\n|\n|upkeep\n|turn|14\n|\n|t:|1682185125\n|cant|p2a: steel birb|slp\n|move|p2b: THE GOAT|Stomping Tantrum|p1b: Hippowdon\n|-damage|p1b: Hippowdon|69\/100\n|move|p1b: Hippowdon|Fissure|p2b: THE GOAT|[miss]\n|-miss|p1b: Hippowdon|p2b: THE GOAT\n|\n|upkeep\n|turn|15\n|\n|t:|1682185139\n|-curestatus|p2a: steel birb|slp|[msg]\n|move|p2a: steel birb|Roost|p2a: steel birb\n|-heal|p2a: steel birb|71\/100\n|-singleturn|p2a: steel birb|move: Roost\n|move|p2b: THE GOAT|Ruination|p1b: Hippowdon\n|-damage|p1b: Hippowdon|35\/100\n|move|p1b: Hippowdon|Fissure|p2a: steel birb\n|-damage|p2a: steel birb|0 fnt\n|faint|p2a: steel birb\n|-ohko\n|\n|upkeep\n|turn|16\n|c|\u2606Topperlecat|Ur so lucky lol\n|\n|t:|1682185162\n|move|p1b: Hippowdon|Slack Off|p1b: Hippowdon\n|-heal|p1b: Hippowdon|85\/100\n|move|p2b: THE GOAT|Ruination|p1b: Hippowdon\n|-damage|p1b: Hippowdon|43\/100\n|\n|-sideend|p2: Topperlecat|Reflect\n|upkeep\n|turn|17\n|\n|t:|1682185178\n|move|p2b: THE GOAT|Ruination|p1b: Hippowdon\n|-damage|p1b: Hippowdon|22\/100\n|move|p1b: Hippowdon|Stockpile||[still]\n|-fail|p1b: Hippowdon\n|\n|upkeep\n|turn|18\n|\n|t:|1682185193\n|move|p2b: THE GOAT|Payback|p1b: Hippowdon\n|-damage|p1b: Hippowdon|15\/100\n|move|p1b: Hippowdon|Stockpile||[still]\n|-fail|p1b: Hippowdon\n|\n|upkeep\n|turn|19\n|\n|t:|1682185205\n|move|p2b: THE GOAT|Stomping Tantrum|p1b: Hippowdon\n|-damage|p1b: Hippowdon|5\/100\n|move|p1b: Hippowdon|Slack Off|p1b: Hippowdon\n|-heal|p1b: Hippowdon|55\/100\n|\n|upkeep\n|turn|20\n|\n|t:|1682185219\n|move|p1b: Hippowdon|Fissure|p2b: THE GOAT|[miss]\n|-miss|p1b: Hippowdon|p2b: THE GOAT\n|move|p2b: THE GOAT|Ruination|p1b: Hippowdon\n|-damage|p1b: Hippowdon|28\/100\n|\n|upkeep\n|turn|21\n|\n|t:|1682185228\n|move|p1b: Hippowdon|Stockpile||[still]\n|-fail|p1b: Hippowdon\n|move|p2b: THE GOAT|Stomping Tantrum|p1b: Hippowdon\n|-damage|p1b: Hippowdon|18\/100\n|\n|upkeep\n|turn|22\n|\n|t:|1682185235\n|move|p1b: Hippowdon|Slack Off|p1b: Hippowdon\n|-heal|p1b: Hippowdon|68\/100\n|move|p2b: THE GOAT|Stomping Tantrum|p1b: Hippowdon\n|-damage|p1b: Hippowdon|58\/100\n|\n|upkeep\n|turn|23\n|\n|t:|1682185242\n|move|p1b: Hippowdon|Stockpile||[still]\n|-fail|p1b: Hippowdon\n|move|p2b: THE GOAT|Ruination|p1b: Hippowdon\n|-damage|p1b: Hippowdon|29\/100\n|\n|upkeep\n|turn|24\n|\n|t:|1682185265\n|move|p2b: THE GOAT|Ruination|p1b: Hippowdon\n|-damage|p1b: Hippowdon|15\/100\n|move|p1b: Hippowdon|Yawn||[still]\n|-fail|p1b: Hippowdon\n|\n|upkeep\n|turn|25\n|\n|t:|1682185281\n|move|p2b: THE GOAT|Stomping Tantrum|p1b: Hippowdon\n|-damage|p1b: Hippowdon|5\/100\n|move|p1b: Hippowdon|Slack Off|p1b: Hippowdon\n|-heal|p1b: Hippowdon|55\/100\n|\n|upkeep\n|turn|26\n|\n|t:|1682185287\n|move|p1b: Hippowdon|Stockpile||[still]\n|-fail|p1b: Hippowdon\n|move|p2b: THE GOAT|Ruination|p1b: Hippowdon\n|-damage|p1b: Hippowdon|28\/100\n|\n|upkeep\n|turn|27\n|\n|t:|1682185294\n|move|p1b: Hippowdon|Stockpile||[still]\n|-fail|p1b: Hippowdon\n|move|p2b: THE GOAT|Stomping Tantrum|p1b: Hippowdon\n|-damage|p1b: Hippowdon|18\/100\n|\n|upkeep\n|turn|28\n|\n|t:|1682185305\n|move|p1b: Hippowdon|Slack Off|p1b: Hippowdon\n|-heal|p1b: Hippowdon|68\/100\n|move|p2b: THE GOAT|Substitute|p2b: THE GOAT\n|-fail|p2b: THE GOAT|move: Substitute\n|\n|upkeep\n|turn|29\n|\n|t:|1682185309\n|move|p2b: THE GOAT|Substitute|p2b: THE GOAT\n|-fail|p2b: THE GOAT|move: Substitute\n|move|p1b: Hippowdon|Stockpile||[still]\n|-fail|p1b: Hippowdon\n|\n|upkeep\n|turn|30\n|\n|t:|1682185319\n|move|p1b: Hippowdon|Stockpile||[still]\n|-fail|p1b: Hippowdon\n|move|p2b: THE GOAT|Ruination|p1b: Hippowdon\n|-damage|p1b: Hippowdon|34\/100\n|\n|upkeep\n|turn|31\n|\n|t:|1682185325\n|move|p1b: Hippowdon|Stockpile||[still]\n|-fail|p1b: Hippowdon\n|move|p2b: THE GOAT|Substitute|p2b: THE GOAT\n|-fail|p2b: THE GOAT|move: Substitute\n|\n|upkeep\n|turn|32\n|\n|t:|1682185332\n|move|p1b: Hippowdon|Stockpile||[still]\n|-fail|p1b: Hippowdon\n|move|p2b: THE GOAT|Payback|p1b: Hippowdon\n|-damage|p1b: Hippowdon|22\/100\n|\n|upkeep\n|turn|33\n|\n|t:|1682185339\n|move|p1b: Hippowdon|Stockpile||[still]\n|-fail|p1b: Hippowdon\n|move|p2b: THE GOAT|Payback|p1b: Hippowdon\n|-damage|p1b: Hippowdon|9\/100\n|\n|upkeep\n|turn|34\n|\n|t:|1682185345\n|move|p1b: Hippowdon|Slack Off|p1b: Hippowdon\n|-heal|p1b: Hippowdon|60\/100\n|move|p2b: THE GOAT|Substitute|p2b: THE GOAT\n|-fail|p2b: THE GOAT|move: Substitute\n|\n|upkeep\n|turn|35\n|\n|t:|1682185351\n|move|p1b: Hippowdon|Stockpile||[still]\n|-fail|p1b: Hippowdon\n|move|p2b: THE GOAT|Ruination|p1b: Hippowdon\n|-damage|p1b: Hippowdon|30\/100\n|\n|upkeep\n|turn|36\n|\n|t:|1682185358\n|move|p2b: THE GOAT|Payback|p1b: Hippowdon\n|-damage|p1b: Hippowdon|23\/100\n|move|p1b: Hippowdon|Stockpile||[still]\n|-fail|p1b: Hippowdon\n|\n|upkeep\n|turn|37\n|\n|t:|1682185368\n|move|p2b: THE GOAT|Payback|p1b: Hippowdon\n|-damage|p1b: Hippowdon|16\/100\n|move|p1b: Hippowdon|Stockpile||[still]\n|-fail|p1b: Hippowdon\n|\n|upkeep\n|turn|38\n|\n|t:|1682185376\n|move|p2b: THE GOAT|Payback|p1b: Hippowdon\n|-damage|p1b: Hippowdon|10\/100\n|move|p1b: Hippowdon|Stockpile||[still]\n|-fail|p1b: Hippowdon\n|\n|upkeep\n|turn|39\n|\n|t:|1682185384\n|move|p2b: THE GOAT|Stomping Tantrum|p1b: Hippowdon\n|-damage|p1b: Hippowdon|1\/100\n|move|p1b: Hippowdon|Slack Off|p1b: Hippowdon\n|-heal|p1b: Hippowdon|52\/100\n|\n|upkeep\n|turn|40\n|\n|t:|1682185395\n|move|p1b: Hippowdon|Yawn||[still]\n|-fail|p1b: Hippowdon\n|move|p2b: THE GOAT|Ruination|p1b: Hippowdon|[miss]\n|-miss|p2b: THE GOAT|p1b: Hippowdon\n|\n|upkeep\n|turn|41\n|\n|t:|1682185404\n|move|p1b: Hippowdon|Stockpile||[still]\n|-fail|p1b: Hippowdon\n|move|p2b: THE GOAT|Stomping Tantrum|p1b: Hippowdon\n|-damage|p1b: Hippowdon|34\/100\n|\n|upkeep\n|turn|42\n|\n|t:|1682185411\n|move|p2b: THE GOAT|Ruination|p1b: Hippowdon\n|-damage|p1b: Hippowdon|17\/100\n|move|p1b: Hippowdon|Stockpile||[still]\n|-fail|p1b: Hippowdon\n|\n|upkeep\n|turn|43\n|inactive|Topperlecat has 30 seconds left.\n|\n|t:|1682185418\n|move|p2b: THE GOAT|Stomping Tantrum|p1b: Hippowdon\n|-crit|p1b: Hippowdon\n|-damage|p1b: Hippowdon|0 fnt\n|faint|p1b: Hippowdon\n|\n|win|Topperlecat\n|inactive|Topperlecat has 30 seconds left this turn.\n|c|\u2606Topperlecat|gg\n|l|\u2606z0gre\n|l|\u2606Topperlecat\n|j|\u2606Topperlecat\n|player|p2|Topperlecat|n\n","uploadtime":1682185551,"views":8,"p1id":"z0gre","p2id":"topperlecat","formatid":"gen9vgc2023regulationc","rating":0,"private":0,"password":""}