{"id":"gen9vgc2023regulationc-1849052194","p1":"kolbalt","p2":"JKChenXj","format":"[Gen 9] VGC 2023 Regulation C","log":"|j|\u2606kolbalt\n|j|\u2606JKChenXj\n|t:|1682145863\n|gametype|doubles\n|player|p1|kolbalt|266|1065\n|player|p2|JKChenXj|ninjaboy|1021\n|teamsize|p1|6\n|teamsize|p2|6\n|gen|9\n|tier|[Gen 9] VGC 2023 Regulation C\n|rated|\n|rule|Species Clause: Limit one of each Pok\u00e9mon\n|rule|Item Clause: Limit one of each item\n|clearpoke\n|poke|p1|Palafin, L50, F|\n|poke|p1|Chien-Pao, L50|\n|poke|p1|Arcanine, L50, F|\n|poke|p1|Volcarona, L50, M|\n|poke|p1|Farigiraf, L50, F|\n|poke|p1|Iron Valiant, L50|\n|poke|p2|Amoonguss, L50, M|\n|poke|p2|Iron Bundle, L50|\n|poke|p2|Arcanine, L50, F|\n|poke|p2|Flutter Mane, L50|\n|poke|p2|Ting-Lu, L50|\n|poke|p2|Kingambit, L50, F|\n|teampreview|4\n|inactive|Battle timer is ON: inactive players will automatically lose when time's up. (requested by JKChenXj)\n|c|\u2606JKChenXj|quick bro\n|inactive|kolbalt has 60 seconds left.\n|\n|t:|1682145920\n|start\n|switch|p1a: Volcarona|Volcarona, L50, M|100\/100\n|switch|p1b: Palafin|Palafin, L50, F|100\/100\n|switch|p2a: Amoonguss|Amoonguss, L50, M|100\/100\n|switch|p2b: Iron Bundle|Iron Bundle, L50|100\/100\n|turn|1\n|inactive|kolbalt has 30 seconds left.\n|inactive|JKChenXj has 30 seconds left.\n|\n|t:|1682145953\n|move|p1b: Palafin|Protect|p1b: Palafin\n|-singleturn|p1b: Palafin|Protect\n|move|p2b: Iron Bundle|Freeze-Dry|p1b: Palafin\n|-activate|p1b: Palafin|move: Protect\n|move|p1a: Volcarona|Quiver Dance|p1a: Volcarona\n|-boost|p1a: Volcarona|spa|1\n|-boost|p1a: Volcarona|spd|1\n|-boost|p1a: Volcarona|spe|1\n|move|p2a: Amoonguss|Spore|p1a: Volcarona\n|-status|p1a: Volcarona|slp|[from] move: Spore\n|\n|upkeep\n|turn|2\n|c|\u2606JKChenXj|vol to bun\n|c|\u2606JKChenXj|gd move\n|inactive|kolbalt has 30 seconds left.\n|inactive|JKChenXj has 30 seconds left.\n|c|\u2606kolbalt|??\n|inactive|kolbalt has 20 seconds left.\n|inactive|JKChenXj has 20 seconds left.\n|inactive|kolbalt has 15 seconds left.\n|inactive|kolbalt has 10 seconds left.\n|inactive|kolbalt has 5 seconds left.\n|c|\u2606JKChenXj|quick\n|\n|t:|1682146006\n|detailschange|p1b: Palafin|Palafin-Hero, L50, F\n|switch|p1b: Iron Valiant|Iron Valiant, L50|100\/100\n|-enditem|p1b: Iron Valiant|Booster Energy\n|-activate|p1b: Iron Valiant|ability: Quark Drive|[fromitem]\n|-start|p1b: Iron Valiant|quarkdrivespe\n|cant|p1a: Volcarona|slp\n|move|p2b: Iron Bundle|Freeze-Dry|p1b: Iron Valiant\n|-damage|p1b: Iron Valiant|24\/100\n|-status|p1b: Iron Valiant|frz\n|move|p2a: Amoonguss|Spore|p1a: Volcarona\n|-fail|p1a: Volcarona|slp\n|\n|upkeep\n|turn|3\n|inactive|kolbalt has 30 seconds left.\n|inactive|JKChenXj has 30 seconds left.\n|\n|t:|1682146035\n|-curestatus|p1b: Iron Valiant|frz|[msg]\n|move|p1b: Iron Valiant|Psycho Cut|p2a: Amoonguss\n|-supereffective|p2a: Amoonguss\n|-damage|p2a: Amoonguss|45\/100\n|cant|p1a: Volcarona|slp\n|move|p2b: Iron Bundle|Icy Wind|p1a: Volcarona|[spread] p1a,p1b\n|-resisted|p1a: Volcarona\n|-damage|p1a: Volcarona|93\/100 slp\n|-damage|p1b: Iron Valiant|0 fnt\n|-unboost|p1a: Volcarona|spe|1\n|faint|p1b: Iron Valiant\n|-end|p1b: Iron Valiant|Quark Drive|[silent]\n|move|p2a: Amoonguss|Spore|p1a: Volcarona\n|-fail|p1a: Volcarona|slp\n|\n|-heal|p1a: Volcarona|99\/100 slp|[from] item: Leftovers\n|upkeep\n|inactive|kolbalt has 30 seconds left.\n|inactive|kolbalt has 20 seconds left.\n|\n|t:|1682146071\n|switch|p1b: Palafin|Palafin-Hero, L50, F|100\/100\n|-activate|p1b: Palafin|ability: Zero to Hero\n|turn|4\n|\n|t:|1682146084\n|-terastallize|p2b: Iron Bundle|Ice\n|move|p1b: Palafin|Protect|p1b: Palafin\n|-singleturn|p1b: Palafin|Protect\n|move|p2b: Iron Bundle|Freeze-Dry|p1b: Palafin\n|-activate|p1b: Palafin|move: Protect\n|-curestatus|p1a: Volcarona|slp|[msg]\n|move|p1a: Volcarona|Bug Buzz|p2a: Amoonguss\n|-damage|p2a: Amoonguss|2\/100\n|move|p2a: Amoonguss|Spore|p1a: Volcarona\n|-status|p1a: Volcarona|slp|[from] move: Spore\n|\n|-heal|p1a: Volcarona|100\/100 slp|[from] item: Leftovers\n|upkeep\n|turn|5\n|inactive|JKChenXj has 30 seconds left.\n|\n|t:|1682146115\n|switch|p1a: Chien-Pao|Chien-Pao, L50|100\/100\n|-ability|p1a: Chien-Pao|Sword of Ruin\n|-terastallize|p1b: Palafin|Water\n|move|p2b: Iron Bundle|Freeze-Dry|p1b: Palafin\n|-supereffective|p1b: Palafin\n|-damage|p1b: Palafin|0 fnt\n|faint|p1b: Palafin\n|move|p2a: Amoonguss|Spore|p1a: Chien-Pao\n|-status|p1a: Chien-Pao|slp|[from] move: Spore\n|\n|upkeep\n|\n|t:|1682146122\n|switch|p1b: Volcarona|Volcarona, L50, M|100\/100 slp\n|turn|6\n|\n|t:|1682146143\n|switch|p2a: Flutter Mane|Flutter Mane, L50|100\/100\n|-enditem|p2a: Flutter Mane|Booster Energy\n|-activate|p2a: Flutter Mane|ability: Protosynthesis|[fromitem]\n|-start|p2a: Flutter Mane|protosynthesisspe\n|move|p2b: Iron Bundle|Hydro Pump|p1b: Volcarona\n|-supereffective|p1b: Volcarona\n|-damage|p1b: Volcarona|0 fnt\n|faint|p1b: Volcarona\n|cant|p1a: Chien-Pao|slp\n|\n|upkeep\n|turn|7\n|n|!kolbalt|kolbalt\n|-message|kolbalt forfeited.\n|\n|win|JKChenXj\n|raw|kolbalt's rating: 1065 → 1043<\/strong> (-22 for losing)\n|raw|JKChenXj's rating: 1021 → 1062<\/strong> (+41 for winning)\n|l|!kolbalt\n","uploadtime":1682146159,"views":4,"p1id":"kolbalt","p2id":"jkchenxj","formatid":"gen9vgc2023regulationc","rating":1043,"private":0,"password":""}