{"id":"gen9vgc2023regulationc-1847533859","p1":"sks_fang","p2":"GB Seraphix","format":"[Gen 9] VGC 2023 Regulation C","log":"|j|\u2606sks_fang\n|j|\u2606GB Seraphix\n|t:|1681968745\n|gametype|doubles\n|player|p1|sks_fang|169|1085\n|player|p2|GB Seraphix|rosa|1188\n|teamsize|p1|6\n|teamsize|p2|6\n|gen|9\n|tier|[Gen 9] VGC 2023 Regulation C\n|rated|\n|rule|Species Clause: Limit one of each Pok\u00e9mon\n|rule|Item Clause: Limit one of each item\n|clearpoke\n|poke|p1|Wo-Chien, L50|\n|poke|p1|Chi-Yu, L50|\n|poke|p1|Tatsugiri-Droopy, L50, M|\n|poke|p1|Dondozo, L50, M|\n|poke|p1|Dragapult, L50, F|\n|poke|p1|Arcanine, L50, F|\n|poke|p2|Chi-Yu, L50|\n|poke|p2|Dachsbun, L50, F|\n|poke|p2|Flutter Mane, L50|\n|poke|p2|Baxcalibur, L50, M|\n|poke|p2|Amoonguss, L50, M|\n|poke|p2|Rotom-Wash, L50|\n|teampreview|4\n|inactive|Battle timer is ON: inactive players will automatically lose when time's up. (requested by sks_fang)\nsks_fang has agreed to open team sheets.\n|l|\u2606GB Seraphix\n|inactive|GB Seraphix disconnected and has a minute to reconnect!\n|player|p2|\n|j|\u2606GB Seraphix\n|inactive|GB Seraphix reconnected and has 70 seconds left.\n|player|p2|GB Seraphix|rosa\n|inactive|GB Seraphix has 60 seconds left.\n|\n|t:|1681968810\n|start\n|switch|p1a: Wo-Chien|Wo-Chien, L50|100\/100\n|switch|p1b: Chi-Yu|Chi-Yu, L50|100\/100\n|switch|p2a: Nemo|Chi-Yu, L50|100\/100\n|switch|p2b: Gardenia|Dachsbun, L50, F|100\/100\n|-ability|p2a: Nemo|Beads of Ruin\n|-ability|p1b: Chi-Yu|Beads of Ruin\n|-ability|p1a: Wo-Chien|Tablets of Ruin\n|turn|1\n|inactive|sks_fang has 30 seconds left.\n|inactive|sks_fang has 20 seconds left.\n|inactive|sks_fang has 15 seconds left.\n|inactive|sks_fang has 10 seconds left.\n|\n|t:|1681968857\n|move|p2a: Nemo|Lava Plume|p1a: Wo-Chien|[spread] p1a,p1b\n|-ability|p2b: Gardenia|Well-Baked Body|boost\n|-boost|p2b: Gardenia|def|2\n|-supereffective|p1a: Wo-Chien\n|-resisted|p1b: Chi-Yu\n|-damage|p1a: Wo-Chien|40\/100\n|-damage|p1b: Chi-Yu|83\/100\n|move|p1b: Chi-Yu|Dark Pulse|p2b: Gardenia\n|-resisted|p2b: Gardenia\n|-damage|p2b: Gardenia|63\/100\n|-damage|p1b: Chi-Yu|73\/100|[from] item: Life Orb\n|move|p2b: Gardenia|Body Press|p1a: Wo-Chien\n|-supereffective|p1a: Wo-Chien\n|-damage|p1a: Wo-Chien|0 fnt\n|faint|p1a: Wo-Chien\n|\n|-heal|p2b: Gardenia|69\/100|[from] item: Leftovers\n|upkeep\n|\n|t:|1681968871\n|switch|p1a: Tatsugiri|Tatsugiri-Droopy, L50, M|100\/100\n|turn|2\n|\n|t:|1681968896\n|switch|p2a: Hanabishi|Rotom-Wash, L50|100\/100\n|move|p1a: Tatsugiri|Muddy Water|p2a: Hanabishi|[spread] p2a,p2b\n|-resisted|p2a: Hanabishi\n|-damage|p2a: Hanabishi|77\/100\n|-damage|p2b: Gardenia|24\/100\n|move|p1b: Chi-Yu|Psychic|p2b: Gardenia\n|-damage|p2b: Gardenia|0 fnt\n|faint|p2b: Gardenia\n|-damage|p1b: Chi-Yu|63\/100|[from] item: Life Orb\n|\n|upkeep\n|\n|t:|1681968908\n|switch|p2b: Nemo|Chi-Yu, L50|100\/100\n|-ability|p2b: Nemo|Beads of Ruin\n|turn|3\n|\n|t:|1681968916\n|move|p2b: Nemo|Snarl|p1a: Tatsugiri|[spread] p1a,p1b\n|-resisted|p1b: Chi-Yu\n|-damage|p1a: Tatsugiri|61\/100\n|-damage|p1b: Chi-Yu|49\/100\n|-unboost|p1a: Tatsugiri|spa|1\n|-unboost|p1b: Chi-Yu|spa|1\n|move|p1a: Tatsugiri|Muddy Water|p2a: Hanabishi|[spread] p2a,p2b\n|-resisted|p2a: Hanabishi\n|-supereffective|p2b: Nemo\n|-damage|p2a: Hanabishi|62\/100\n|-damage|p2b: Nemo|51\/100\n|-unboost|p2a: Hanabishi|accuracy|1\n|move|p1b: Chi-Yu|Dark Pulse|p2a: Hanabishi\n|-damage|p2a: Hanabishi|12\/100\n|-enditem|p2a: Hanabishi|Sitrus Berry|[eat]\n|-heal|p2a: Hanabishi|37\/100|[from] item: Sitrus Berry\n|-damage|p1b: Chi-Yu|39\/100|[from] item: Life Orb\n|move|p2a: Hanabishi|Thunderbolt|p1a: Tatsugiri|[miss]\n|-miss|p2a: Hanabishi|p1a: Tatsugiri\n|\n|upkeep\n|turn|4\n|\n|t:|1681968940\n|move|p2b: Nemo|Snarl|p1b: Chi-Yu|[spread] p1a,p1b\n|-resisted|p1b: Chi-Yu\n|-damage|p1a: Tatsugiri|19\/100\n|-damage|p1b: Chi-Yu|27\/100\n|-unboost|p1a: Tatsugiri|spa|1\n|-unboost|p1b: Chi-Yu|spa|1\n|move|p1a: Tatsugiri|Muddy Water|p2b: Nemo|[spread] p2b\n|-miss|p1a: Tatsugiri|p2a: Hanabishi\n|-supereffective|p2b: Nemo\n|-damage|p2b: Nemo|13\/100\n|move|p1b: Chi-Yu|Overheat|p2a: Hanabishi\n|-resisted|p2a: Hanabishi\n|-damage|p2a: Hanabishi|4\/100\n|-unboost|p1b: Chi-Yu|spa|2\n|-damage|p1b: Chi-Yu|17\/100|[from] item: Life Orb\n|move|p2a: Hanabishi|Hydro Pump|p1b: Chi-Yu\n|-supereffective|p1b: Chi-Yu\n|-damage|p1b: Chi-Yu|0 fnt\n|faint|p1b: Chi-Yu\n|\n|upkeep\n|\n|t:|1681968944\n|switch|p1b: Dondozo|Dondozo, L50, M|100\/100\n|-activate|p1a: Tatsugiri|ability: Commander|[of] p1b: Dondozo\n|-boost|p1b: Dondozo|atk|2\n|-boost|p1b: Dondozo|spa|2\n|-boost|p1b: Dondozo|spe|2\n|-boost|p1b: Dondozo|def|2\n|-boost|p1b: Dondozo|spd|2\n|turn|5\n|\n|t:|1681968967\n|-terastallize|p1b: Dondozo|Grass\n|move|p2b: Nemo|Snarl|p1b: Dondozo|[spread] p1b\n|-miss|p2b: Nemo|p1a: Tatsugiri\n|-damage|p1b: Dondozo|86\/100\n|-unboost|p1b: Dondozo|spa|1\n|move|p2a: Hanabishi|Will-O-Wisp|p1b: Dondozo|[miss]\n|-miss|p2a: Hanabishi|p1b: Dondozo\n|move|p1b: Dondozo|Order Up|p2b: Nemo\n|-damage|p2b: Nemo|0 fnt\n|faint|p2b: Nemo\n|-boost|p1b: Dondozo|def|1\n|\n|-heal|p1b: Dondozo|93\/100|[from] item: Leftovers\n|upkeep\n|\n|t:|1681968981\n|switch|p2b: BB|Flutter Mane, L50|100\/100\n|-enditem|p2b: BB|Booster Energy\n|-activate|p2b: BB|ability: Protosynthesis|[fromitem]\n|-start|p2b: BB|protosynthesisspe\n|turn|6\n|\n|t:|1681968998\n|move|p2b: BB|Shadow Ball|p1b: Dondozo\n|-damage|p1b: Dondozo|72\/100\n|move|p2a: Hanabishi|Will-O-Wisp|p1b: Dondozo\n|-status|p1b: Dondozo|brn\n|move|p1b: Dondozo|Order Up|p2a: Hanabishi\n|-damage|p2a: Hanabishi|0 fnt\n|faint|p2a: Hanabishi\n|-boost|p1b: Dondozo|def|1\n|\n|-heal|p1b: Dondozo|79\/100 brn|[from] item: Leftovers\n|-damage|p1b: Dondozo|72\/100 brn|[from] brn\n|upkeep\n|turn|7\n|\n|t:|1681969016\n|move|p2b: BB|Shadow Ball|p1b: Dondozo\n|-damage|p1b: Dondozo|50\/100 brn\n|move|p1b: Dondozo|Rest|p1b: Dondozo\n|-status|p1b: Dondozo|slp|[from] move: Rest\n|-heal|p1b: Dondozo|100\/100 slp|[silent]\n|\n|upkeep\n|turn|8\n|\n|t:|1681969026\n|move|p2b: BB|Shadow Ball|p1b: Dondozo\n|-damage|p1b: Dondozo|81\/100 slp\n|cant|p1b: Dondozo|slp\n|\n|-heal|p1b: Dondozo|87\/100 slp|[from] item: Leftovers\n|upkeep\n|turn|9\n|\n|t:|1681969035\n|move|p2b: BB|Shadow Ball|p1b: Dondozo\n|-damage|p1b: Dondozo|66\/100 slp\n|cant|p1b: Dondozo|slp\n|\n|-heal|p1b: Dondozo|72\/100 slp|[from] item: Leftovers\n|upkeep\n|turn|10\n|\n|t:|1681969048\n|move|p2b: BB|Shadow Ball|p1b: Dondozo\n|-damage|p1b: Dondozo|51\/100 slp\n|-curestatus|p1b: Dondozo|slp|[msg]\n|move|p1b: Dondozo|Order Up|p2b: BB\n|-immune|p2b: BB\n|\n|-heal|p1b: Dondozo|57\/100|[from] item: Leftovers\n|upkeep\n|turn|11\n|\n|t:|1681969057\n|move|p2b: BB|Shadow Ball|p1b: Dondozo\n|-damage|p1b: Dondozo|37\/100\n|-unboost|p1b: Dondozo|spd|1\n|move|p1b: Dondozo|Rest|p1b: Dondozo\n|-status|p1b: Dondozo|slp|[from] move: Rest\n|-heal|p1b: Dondozo|100\/100 slp|[silent]\n|\n|upkeep\n|turn|12\n|\n|t:|1681969067\n|move|p2b: BB|Shadow Ball|p1b: Dondozo\n|-damage|p1b: Dondozo|70\/100 slp\n|-unboost|p1b: Dondozo|spd|1\n|cant|p1b: Dondozo|slp\n|\n|-heal|p1b: Dondozo|76\/100 slp|[from] item: Leftovers\n|upkeep\n|turn|13\n|\n|t:|1681969077\n|move|p2b: BB|Shadow Ball|p1b: Dondozo\n|-damage|p1b: Dondozo|34\/100 slp\n|cant|p1b: Dondozo|slp\n|\n|-heal|p1b: Dondozo|41\/100 slp|[from] item: Leftovers\n|upkeep\n|turn|14\n|\n|t:|1681969084\n|move|p2b: BB|Shadow Ball|p1b: Dondozo\n|-crit|p1b: Dondozo\n|-damage|p1b: Dondozo|0 fnt\n|faint|p1b: Dondozo\n|\n|upkeep\n|turn|15\n|l|\u2606GB Seraphix\n|inactive|GB Seraphix disconnected and has a minute to reconnect!\n|player|p2|\n|j|\u2606GB Seraphix\n|inactive|GB Seraphix reconnected and has 40 seconds left.\n|player|p2|GB Seraphix|rosa\n|\n|t:|1681969104\n|-terastallize|p2b: BB|Grass\n|move|p2b: BB|Moonblast|p1a: Tatsugiri\n|-supereffective|p1a: Tatsugiri\n|-damage|p1a: Tatsugiri|0 fnt\n|faint|p1a: Tatsugiri\n|\n|win|GB Seraphix\n|raw|sks_fang's rating: 1085 → 1069<\/strong> (-16 for losing)\n|raw|GB Seraphix's rating: 1188 → 1206<\/strong> (+18 for winning)\n","uploadtime":1681969113,"views":9,"p1id":"sksfang","p2id":"gbseraphix","formatid":"gen9vgc2023regulationc","rating":1069,"private":0,"password":""}