{"id":"gen9vgc2023regulationc-1857721495","p1":"thejordan103","p2":"FuratBang","format":"[Gen 9] VGC 2023 Regulation C","log":"|j|\u2606thejordan103\n|j|\u2606FuratBang\n|t:|1683225591\n|gametype|doubles\n|player|p1|thejordan103|1|\n|player|p2|FuratBang|crasherwake|\n|teamsize|p1|6\n|teamsize|p2|6\n|gen|9\n|tier|[Gen 9] VGC 2023 Regulation C\n|rule|Species Clause: Limit one of each Pok\u00e9mon\n|rule|Item Clause: Limit one of each item\n|clearpoke\n|poke|p1|Flutter Mane, L50|\n|poke|p1|Maushold, L50|\n|poke|p1|Scyther, L50, F|\n|poke|p1|Tauros-Paldea-Blaze, L50, M|\n|poke|p1|Oranguru, L50, F|\n|poke|p1|Copperajah, L50, M|\n|poke|p2|Flutter Mane, L50|\n|poke|p2|Volcarona, L50, M|\n|poke|p2|Flamigo, L50, F|\n|poke|p2|Dondozo, L50, F|\n|poke|p2|Tatsugiri, L50, F|\n|poke|p2|Krookodile, L50, F|\n|teampreview|4\n|c|\u2606thejordan103|alrighty, hope I can adjust\n|c|\u2606FuratBang|yeah\n|\n|t:|1683225632\n|start\n|switch|p1a: Sucaba|Scyther, L50, F|100\/100\n|switch|p1b: VBL|Oranguru, L50, F|100\/100\n|switch|p2a: Flutter Mane|Flutter Mane, L50|100\/100\n|switch|p2b: Tatsugiri|Tatsugiri, L50, F|100\/100\n|-enditem|p2a: Flutter Mane|Booster Energy\n|-activate|p2a: Flutter Mane|ability: Protosynthesis|[fromitem]\n|-start|p2a: Flutter Mane|protosynthesisspe\n|turn|1\n|\n|t:|1683225679\n|move|p2a: Flutter Mane|Shadow Ball|p1a: Sucaba\n|-damage|p1a: Sucaba|70\/100\n|move|p2b: Tatsugiri|Muddy Water|p1a: Sucaba|[spread] \n|-miss|p2b: Tatsugiri|p1a: Sucaba\n|-miss|p2b: Tatsugiri|p1b: VBL\n|move|p1a: Sucaba|Aerial Ace|p2a: Flutter Mane\n|-damage|p2a: Flutter Mane|28\/100\n|move|p1b: VBL|Psyshock|p2a: Flutter Mane\n|-damage|p2a: Flutter Mane|0 fnt\n|faint|p2a: Flutter Mane\n|-end|p2a: Flutter Mane|Protosynthesis|[silent]\n|\n|upkeep\n|c|\u2606thejordan103|LOL wow\n|c|\u2606FuratBang|fck\n|c|\u2606thejordan103|probably doesn't matter too much\n|c|\u2606thejordan103|unless it's like specs or something\n|c|\u2606FuratBang|mhm i mean accuracy drop\n|\n|t:|1683225721\n|switch|p2a: Volcarona|Volcarona, L50, M|100\/100\n|turn|2\n|\n|t:|1683225754\n|move|p2b: Tatsugiri|Muddy Water|p1a: Sucaba|[spread] p1a,p1b\n|-damage|p1a: Sucaba|41\/100\n|-damage|p1b: VBL|73\/100\n|-unboost|p1a: Sucaba|accuracy|1\n|move|p1a: Sucaba|Aerial Ace|p2a: Volcarona\n|-supereffective|p2a: Volcarona\n|-damage|p2a: Volcarona|0 fnt\n|faint|p2a: Volcarona\n|move|p1b: VBL|Psyshock|p2b: Tatsugiri\n|-damage|p2b: Tatsugiri|56\/100\n|\n|upkeep\n|\n|t:|1683225772\n|switch|p2a: Dondozo|Dondozo, L50, F|100\/100\n|-activate|p2b: Tatsugiri|ability: Commander|[of] p2a: Dondozo\n|-boost|p2a: Dondozo|atk|2\n|-boost|p2a: Dondozo|spa|2\n|-boost|p2a: Dondozo|spe|2\n|-boost|p2a: Dondozo|def|2\n|-boost|p2a: Dondozo|spd|2\n|-enditem|p1b: VBL|Mirror Herb\n|-boost|p1b: VBL|atk|2|[from] item: Mirror Herb\n|-boost|p1b: VBL|spa|2|[from] item: Mirror Herb\n|-boost|p1b: VBL|spe|2|[from] item: Mirror Herb\n|-boost|p1b: VBL|def|2|[from] item: Mirror Herb\n|-boost|p1b: VBL|spd|2|[from] item: Mirror Herb\n|turn|3\n|c|\u2606FuratBang|how i am slower\n|c|\u2606FuratBang|scarf scyther lol\n|c|\u2606thejordan103|scyther is naturally faster\n|c|\u2606thejordan103|168\n|c|\u2606FuratBang|oh lol mb\n|c|\u2606FuratBang|i thought he is 95\n|c|\u2606FuratBang|speed\n|\n|t:|1683225846\n|move|p1b: VBL|Skill Swap|p2a: Dondozo\n|-activate|p1b: VBL|move: Skill Swap|Oblivious|Inner Focus|[of] p2a: Dondozo\n|move|p1a: Sucaba|Swords Dance|p1a: Sucaba\n|-boost|p1a: Sucaba|atk|2\n|move|p2a: Dondozo|Substitute|p2a: Dondozo\n|-start|p2a: Dondozo|Substitute\n|-damage|p2a: Dondozo|76\/100\n|\n|-heal|p2a: Dondozo|82\/100|[from] item: Leftovers\n|upkeep\n|turn|4\n|c|\u2606thejordan103|oof\n|c|\u2606thejordan103|unaware would be gg\n|c|\u2606FuratBang|haha\n|\n|t:|1683225871\n|move|p1b: VBL|Thunderbolt|p2a: Dondozo\n|-supereffective|p2a: Dondozo\n|-end|p2a: Dondozo|Substitute\n|move|p1a: Sucaba|Aerial Ace|p2a: Dondozo\n|-damage|p2a: Dondozo|58\/100\n|move|p2a: Dondozo|Order Up|p1a: Sucaba\n|-damage|p1a: Sucaba|0 fnt\n|faint|p1a: Sucaba\n|-boost|p2a: Dondozo|atk|1\n|\n|-heal|p2a: Dondozo|64\/100|[from] item: Leftovers\n|upkeep\n|\n|t:|1683225881\n|switch|p1a: Lizzo|Flutter Mane, L50|100\/100\n|-enditem|p1a: Lizzo|Booster Energy\n|-activate|p1a: Lizzo|ability: Protosynthesis|[fromitem]\n|-start|p1a: Lizzo|protosynthesisspe\n|turn|5\n|\n|t:|1683225929\n|-terastallize|p1b: VBL|Electric\n|move|p1a: Lizzo|Thunderbolt|p2a: Dondozo\n|-supereffective|p2a: Dondozo\n|-damage|p2a: Dondozo|32\/100\n|move|p1b: VBL|Thunderbolt|p2a: Dondozo\n|-supereffective|p2a: Dondozo\n|-damage|p2a: Dondozo|0 fnt\n|faint|p2a: Dondozo\n|\n|upkeep\n|turn|6\n|\n|t:|1683225940\n|move|p1a: Lizzo|Moonblast|p2b: Tatsugiri\n|-supereffective|p2b: Tatsugiri\n|-damage|p2b: Tatsugiri|0 fnt\n|faint|p2b: Tatsugiri\n|\n|win|thejordan103\n|c|\u2606FuratBang|rip\n|c|\u2606FuratBang|ggs\n|c|\u2606thejordan103|ggs\n|c|\u2606thejordan103|anything else your build could try against mine?\n|c|\u2606FuratBang|oranguru kinda pain\n|c|\u2606thejordan103|is my build pretty unstoppable here?\n|c|\u2606FuratBang|uhm i had one more thing but would have come into play this game\n|c|\u2606FuratBang|would not*\n|c|\u2606thejordan103|I have sash encore Maushold to lock dozos that sub\/curse\/rest\/protect\n|c|\u2606FuratBang|yeah thought you probably have encore\n|c|\u2606FuratBang|i think oranguru scyther is hard to beat\n|c|\u2606FuratBang|because scythers tanks a lot\n|c|\u2606thejordan103|yeah I agree\n|c|\u2606thejordan103|so....I'm gonna win?\n|c|\u2606FuratBang|yeah i think your team is good\n","uploadtime":1683226111,"views":12,"p1id":"thejordan103","p2id":"furatbang","formatid":"gen9vgc2023regulationc","rating":0,"private":0,"password":""}