{"id":"gen9vgc2023regulationc-1855994024","p1":"malimmd","p2":"HEARSWHOS","format":"[Gen 9] VGC 2023 Regulation C","log":"|j|\u2606malimmd\n|j|\u2606HEARSWHOS\n|t:|1683013759\n|gametype|doubles\n|player|p1|malimmd|dawn|1148\n|player|p2|HEARSWHOS|dancer|1078\n|teamsize|p1|6\n|teamsize|p2|6\n|gen|9\n|tier|[Gen 9] VGC 2023 Regulation C\n|rated|\n|rule|Species Clause: Limit one of each Pok\u00e9mon\n|rule|Item Clause: Limit one of each item\n|clearpoke\n|poke|p1|Palafin, L50, M|\n|poke|p1|Amoonguss, L50, F|\n|poke|p1|Baxcalibur, L50, F|\n|poke|p1|Chi-Yu, L50|\n|poke|p1|Flutter Mane, L50|\n|poke|p1|Kingambit, L50, M|\n|poke|p2|Raichu, L50, M|\n|poke|p2|Oricorio-Sensu, L50, F|\n|poke|p2|Volcarona, L50, F|\n|poke|p2|Iron Moth, L50|\n|poke|p2|Azumarill, L50, M|\n|poke|p2|Scizor, L50, M|\n|teampreview|4\n|inactive|Battle timer is ON: inactive players will automatically lose when time's up. (requested by malimmd)\n|\n|t:|1683013788\n|start\n|switch|p1a: Palafin|Palafin, L50, M, shiny|100\/100\n|switch|p1b: Flutter Mane|Flutter Mane, L50|100\/100\n|switch|p2a: Iron Moth|Iron Moth, L50|100\/100\n|switch|p2b: Raichu|Raichu, L50, M|100\/100\n|turn|1\n|inactive|HEARSWHOS has 30 seconds left.\n|\n|t:|1683013815\n|-end|p2a: Iron Moth|Quark Drive|[silent]\n|switch|p2a: Scizor|Scizor, L50, M|100\/100\n|move|p2b: Raichu|Protect|p2b: Raichu\n|-singleturn|p2b: Raichu|Protect\n|move|p1a: Palafin|Protect|p1a: Palafin\n|-singleturn|p1a: Palafin|Protect\n|move|p1b: Flutter Mane|Shadow Ball|p2a: Scizor\n|-damage|p2a: Scizor|48\/100\n|\n|upkeep\n|turn|2\n|\n|t:|1683013836\n|-end|p1b: Flutter Mane|Protosynthesis|[silent]\n|switch|p1b: Kingambit|Kingambit, L50, M|100\/100\n|detailschange|p1a: Palafin|Palafin-Hero, L50, M, shiny\n|switch|p1a: Amoonguss|Amoonguss, L50, F, shiny|100\/100\n|move|p2b: Raichu|Feint|p1b: Kingambit\n|-resisted|p1b: Kingambit\n|-damage|p1b: Kingambit|98\/100\n|-damage|p2b: Raichu|91\/100|[from] item: Life Orb\n|move|p2a: Scizor|Bullet Punch|p1b: Kingambit\n|-resisted|p1b: Kingambit\n|-damage|p1b: Kingambit|83\/100\n|\n|upkeep\n|turn|3\n|inactive|HEARSWHOS has 30 seconds left.\n|\n|t:|1683013862\n|switch|p2a: Iron Moth|Iron Moth, L50|100\/100\n|move|p2b: Raichu|Protect|p2b: Raichu\n|-singleturn|p2b: Raichu|Protect\n|move|p1b: Kingambit|Kowtow Cleave|p2b: Raichu\n|-activate|p2b: Raichu|move: Protect\n|move|p1a: Amoonguss|Pollen Puff|p1b: Kingambit\n|-heal|p1b: Kingambit|100\/100\n|\n|upkeep\n|turn|4\n|inactive|HEARSWHOS has 30 seconds left.\n|\n|t:|1683013891\n|-terastallize|p2a: Iron Moth|Ground\n|-terastallize|p1b: Kingambit|Fire\n|move|p1a: Amoonguss|Protect|p1a: Amoonguss\n|-singleturn|p1a: Amoonguss|Protect\n|move|p2b: Raichu|Discharge|p1b: Kingambit|[spread] p1b\n|-activate|p1a: Amoonguss|move: Protect\n|-immune|p2a: Iron Moth\n|-damage|p1b: Kingambit|68\/100\n|-status|p1b: Kingambit|par\n|-damage|p2b: Raichu|81\/100|[from] item: Life Orb\n|move|p2a: Iron Moth|Heat Wave|p1a: Amoonguss|[spread] \n|-activate|p1a: Amoonguss|move: Protect\n|-miss|p2a: Iron Moth|p1b: Kingambit\n|move|p1b: Kingambit|Kowtow Cleave|p2a: Iron Moth\n|-enditem|p2a: Iron Moth|Focus Sash\n|-damage|p2a: Iron Moth|1\/100\n|\n|upkeep\n|turn|5\n|inactive|malimmd has 30 seconds left.\n|\n|t:|1683013916\n|cant|p1b: Kingambit|par\n|move|p2b: Raichu|Discharge|p1b: Kingambit|[spread] p1a,p1b\n|-immune|p2a: Iron Moth\n|-resisted|p1a: Amoonguss\n|-crit|p1b: Kingambit\n|-damage|p1a: Amoonguss|86\/100\n|-damage|p1b: Kingambit|21\/100 par\n|-status|p1a: Amoonguss|par\n|-damage|p2b: Raichu|72\/100|[from] item: Life Orb\n|move|p2a: Iron Moth|Discharge|p1a: Amoonguss|[spread] p1a,p1b\n|-ability|p2b: Raichu|Lightning Rod|boost\n|-boost|p2b: Raichu|spa|1\n|-resisted|p1a: Amoonguss\n|-damage|p1a: Amoonguss|78\/100 par\n|-damage|p1b: Kingambit|0 fnt\n|faint|p1b: Kingambit\n|move|p1a: Amoonguss|Spore|p2b: Raichu\n|-status|p2b: Raichu|slp|[from] move: Spore\n|\n|upkeep\n|\n|t:|1683013933\n|switch|p1b: Palafin|Palafin-Hero, L50, M, shiny|100\/100\n|-activate|p1b: Palafin|ability: Zero to Hero\n|turn|6\n|\n|t:|1683013950\n|-end|p2a: Iron Moth|Quark Drive|[silent]\n|switch|p2a: Azumarill|Azumarill, L50, M|100\/100\n|move|p1b: Palafin|Jet Punch|p2a: Azumarill\n|-resisted|p2a: Azumarill\n|-damage|p2a: Azumarill|76\/100\n|cant|p2b: Raichu|slp\n|cant|p1a: Amoonguss|par\n|\n|upkeep\n|turn|7\n|\n|t:|1683013965\n|switch|p2b: Iron Moth|Iron Moth, L50, tera:Ground|1\/100\n|move|p1b: Palafin|Jet Punch|p2b: Iron Moth\n|-supereffective|p2b: Iron Moth\n|-damage|p2b: Iron Moth|0 fnt\n|faint|p2b: Iron Moth\n|-end|p2b: Iron Moth|Quark Drive|[silent]\n|move|p2a: Azumarill|Play Rough|p1b: Palafin\n|-crit|p1b: Palafin\n|-damage|p1b: Palafin|27\/100\n|cant|p1a: Amoonguss|par\n|\n|upkeep\n|\n|t:|1683013983\n|switch|p2b: Scizor|Scizor, L50, M|48\/100\n|turn|8\n|\n|t:|1683013997\n|move|p1b: Palafin|Protect|p1b: Palafin\n|-singleturn|p1b: Palafin|Protect\n|move|p2b: Scizor|Bullet Punch|p1b: Palafin\n|-activate|p1b: Palafin|move: Protect\n|move|p2a: Azumarill|Ice Spinner|p1a: Amoonguss\n|-supereffective|p1a: Amoonguss\n|-damage|p1a: Amoonguss|25\/100 par\n|-enditem|p1a: Amoonguss|Sitrus Berry|[eat]\n|-heal|p1a: Amoonguss|50\/100 par|[from] item: Sitrus Berry\n|move|p1a: Amoonguss|Spore|p2a: Azumarill\n|-status|p2a: Azumarill|slp|[from] move: Spore\n|-enditem|p2a: Azumarill|Lum Berry|[eat]\n|-curestatus|p2a: Azumarill|slp|[msg]\n|\n|upkeep\n|turn|9\n|\n|t:|1683014020\n|move|p1b: Palafin|Jet Punch|p2b: Scizor\n|-damage|p2b: Scizor|0 fnt\n|faint|p2b: Scizor\n|move|p2a: Azumarill|Liquidation|p1b: Palafin\n|-resisted|p1b: Palafin\n|-damage|p1b: Palafin|5\/100\n|cant|p1a: Amoonguss|par\n|\n|upkeep\n|\n|t:|1683014026\n|switch|p2b: Raichu|Raichu, L50, M|72\/100 slp\n|turn|10\n|\n|t:|1683014036\n|-curestatus|p2b: Raichu|slp|[msg]\n|move|p2b: Raichu|Fake Out|p1b: Palafin\n|-damage|p1b: Palafin|0 fnt\n|faint|p1b: Palafin\n|-damage|p2b: Raichu|62\/100|[from] item: Life Orb\n|move|p2a: Azumarill|Ice Spinner|p1a: Amoonguss\n|-supereffective|p1a: Amoonguss\n|-damage|p1a: Amoonguss|0 fnt\n|faint|p1a: Amoonguss\n|\n|upkeep\n|\n|t:|1683014053\n|switch|p1b: Flutter Mane|Flutter Mane, L50|100\/100\n|turn|11\n|\n|t:|1683014064\n|move|p2b: Raichu|Feint|p1b: Flutter Mane\n|-immune|p1b: Flutter Mane\n|move|p1b: Flutter Mane|Moonblast|p2a: Azumarill\n|-damage|p2a: Azumarill|0 fnt\n|faint|p2a: Azumarill\n|\n|upkeep\n|turn|12\n|\n|t:|1683014070\n|move|p2b: Raichu|Discharge|p1b: Flutter Mane\n|-damage|p1b: Flutter Mane|61\/100\n|-damage|p2b: Raichu|53\/100|[from] item: Life Orb\n|move|p1b: Flutter Mane|Moonblast|p2b: Raichu\n|-damage|p2b: Raichu|0 fnt\n|faint|p2b: Raichu\n|\n|win|malimmd\n|raw|malimmd's rating: 1148 → 1168<\/strong> (+20 for winning)\n|raw|HEARSWHOS's rating: 1078 → 1061<\/strong> (-17 for losing)\n|l|\u2606HEARSWHOS\n","uploadtime":1683014080,"views":18,"p1id":"malimmd","p2id":"hearswhos","formatid":"gen9vgc2023regulationc","rating":1061,"private":0,"password":""}