{"id":"gen9vgc2023regulationc-1854631217","p1":"barbiedoll27","p2":"Nijiatw","format":"[Gen 9] VGC 2023 Regulation C","log":"|j|\u2606barbiedoll27\n|j|\u2606Nijiatw\n|t:|1682839610\n|gametype|doubles\n|player|p1|barbiedoll27|266|1083\n|player|p2|Nijiatw|fisherman-gen4|1132\n|teamsize|p1|6\n|teamsize|p2|6\n|gen|9\n|tier|[Gen 9] VGC 2023 Regulation C\n|rated|\n|rule|Species Clause: Limit one of each Pok\u00e9mon\n|rule|Item Clause: Limit one of each item\n|clearpoke\n|poke|p1|Amoonguss, L50, M|\n|poke|p1|Hydreigon, L50, M|\n|poke|p1|Corviknight, L50, F|\n|poke|p1|Iron Treads, L50|\n|poke|p1|Noivern, L50, M|\n|poke|p1|Arcanine, L50, F|\n|poke|p2|Palafin, L50, M|\n|poke|p2|Chien-Pao, L50|\n|poke|p2|Dragapult, L50, F|\n|poke|p2|Amoonguss, L50, M|\n|poke|p2|Arcanine, L50, M|\n|poke|p2|Flutter Mane, L50|\n|teampreview|4\n|inactive|Battle timer is ON: inactive players will automatically lose when time's up. (requested by Nijiatw)\n|\n|t:|1682839639\n|start\n|switch|p1a: Corviknight|Corviknight, L50, F|100\/100\n|switch|p1b: Iron Treads|Iron Treads, L50|100\/100\n|switch|p2a: Bundle|Chien-Pao, L50|100\/100\n|switch|p2b: Mimi|Flutter Mane, L50|100\/100\n|-ability|p2a: Bundle|Sword of Ruin\n|-enditem|p2b: Mimi|Booster Energy\n|-activate|p2b: Mimi|ability: Protosynthesis|[fromitem]\n|-start|p2b: Mimi|protosynthesisspa\n|turn|1\n|\n|t:|1682839657\n|move|p2a: Bundle|Sacred Sword|p1b: Iron Treads\n|-supereffective|p1b: Iron Treads\n|-damage|p1b: Iron Treads|22\/100\n|move|p1b: Iron Treads|Rock Slide|p2a: Bundle|[spread] p2b\n|-miss|p1b: Iron Treads|p2a: Bundle\n|-damage|p2b: Mimi|69\/100\n|move|p2b: Mimi|Thunderbolt|p1a: Corviknight\n|-supereffective|p1a: Corviknight\n|-damage|p1a: Corviknight|23\/100\n|-status|p1a: Corviknight|par\n|move|p1a: Corviknight|Tailwind|p1a: Corviknight\n|-sidestart|p1: barbiedoll27|move: Tailwind\n|\n|upkeep\n|turn|2\n|\n|t:|1682839681\n|move|p1b: Iron Treads|Iron Head|p2a: Bundle\n|-supereffective|p2a: Bundle\n|-enditem|p2a: Bundle|Focus Sash\n|-damage|p2a: Bundle|1\/100\n|cant|p2a: Bundle|flinch\n|move|p2b: Mimi|Dazzling Gleam|p1b: Iron Treads|[spread] p1a,p1b\n|-resisted|p1a: Corviknight\n|-resisted|p1b: Iron Treads\n|-damage|p1a: Corviknight|3\/100 par\n|-damage|p1b: Iron Treads|3\/100\n|cant|p1a: Corviknight|par\n|\n|upkeep\n|turn|3\n|\n|t:|1682839704\n|move|p2a: Bundle|Protect|p2a: Bundle\n|-singleturn|p2a: Bundle|Protect\n|move|p1b: Iron Treads|Iron Head|p2b: Mimi\n|-supereffective|p2b: Mimi\n|-damage|p2b: Mimi|0 fnt\n|faint|p2b: Mimi\n|-end|p2b: Mimi|Protosynthesis|[silent]\n|move|p1a: Corviknight|Roost|p1a: Corviknight\n|-heal|p1a: Corviknight|54\/100 par\n|-singleturn|p1a: Corviknight|move: Roost\n|\n|upkeep\n|\n|t:|1682839712\n|switch|p2b: ChiYu|Arcanine, L50, M|100\/100\n|-ability|p2b: ChiYu|Intimidate|boost\n|-ability|p1a: Corviknight|Mirror Armor\n|-unboost|p2b: ChiYu|atk|1\n|-unboost|p1b: Iron Treads|atk|1\n|turn|4\n|\n|t:|1682839732\n|switch|p1a: Hydreigon|Hydreigon, L50, M|100\/100\n|move|p2a: Bundle|Sucker Punch|p1b: Iron Treads\n|-damage|p1b: Iron Treads|0 fnt\n|faint|p1b: Iron Treads\n|-end|p1b: Iron Treads|Quark Drive|[silent]\n|move|p2b: ChiYu|Flare Blitz|p1a: Hydreigon\n|-resisted|p1a: Hydreigon\n|-damage|p1a: Hydreigon|76\/100\n|-damage|p2b: ChiYu|93\/100|[from] Recoil\n|\n|-sideend|p1: barbiedoll27|move: Tailwind\n|upkeep\n|\n|t:|1682839743\n|switch|p1b: Amoonguss|Amoonguss, L50, M|100\/100\n|turn|5\n|\n|t:|1682839755\n|move|p2a: Bundle|Protect|p2a: Bundle\n|-singleturn|p2a: Bundle|Protect\n|move|p2b: ChiYu|Protect|p2b: ChiYu\n|-singleturn|p2b: ChiYu|Protect\n|move|p1b: Amoonguss|Protect|p1b: Amoonguss\n|-singleturn|p1b: Amoonguss|Protect\n|move|p1a: Hydreigon|Dark Pulse|p2b: ChiYu\n|-activate|p2b: ChiYu|move: Protect\n|\n|upkeep\n|turn|6\n|\n|t:|1682839775\n|switch|p1a: Corviknight|Corviknight, L50, F|54\/100 par\n|move|p2a: Bundle|Sucker Punch||[still]\n|-fail|p2a: Bundle\n|move|p2b: ChiYu|Flare Blitz|p1b: Amoonguss\n|-supereffective|p1b: Amoonguss\n|-damage|p1b: Amoonguss|2\/100\n|-damage|p2b: ChiYu|56\/100|[from] Recoil\n|move|p1b: Amoonguss|Pollen Puff|p2a: Bundle\n|-supereffective|p2a: Bundle\n|-damage|p2a: Bundle|0 fnt\n|faint|p2a: Bundle\n|\n|-heal|p1b: Amoonguss|8\/100|[from] item: Leftovers\n|upkeep\n|\n|t:|1682839785\n|switch|p2a: Dnite|Dragapult, L50, F|100\/100\n|turn|7\n|\n|t:|1682839800\n|-terastallize|p2b: ChiYu|Flying\n|move|p1b: Amoonguss|Rage Powder|p1b: Amoonguss\n|-singleturn|p1b: Amoonguss|move: Rage Powder\n|move|p2a: Dnite|Dragon Darts|p1b: Amoonguss\n|-damage|p1b: Amoonguss|0 fnt\n|faint|p1b: Amoonguss\n|move|p2b: ChiYu|Flare Blitz|p1a: Corviknight\n|-supereffective|p1a: Corviknight\n|-damage|p1a: Corviknight|0 fnt\n|-damage|p2b: ChiYu|40\/100|[from] item: Rocky Helmet|[of] p1a: Corviknight\n|faint|p1a: Corviknight\n|-damage|p2b: ChiYu|22\/100|[from] Recoil\n|\n|upkeep\n|\n|t:|1682839815\n|switch|p1a: Hydreigon|Hydreigon, L50, M|76\/100\n|turn|8\n|\n|t:|1682839823\n|-terastallize|p1a: Hydreigon|Fairy\n|move|p2b: ChiYu|Extreme Speed|p1a: Hydreigon\n|-damage|p1a: Hydreigon|59\/100\n|move|p2a: Dnite|Dragon Darts|p1a: Hydreigon\n|-immune|p1a: Hydreigon\n|move|p1a: Hydreigon|Dark Pulse|p2a: Dnite\n|-supereffective|p2a: Dnite\n|-damage|p2a: Dnite|0 fnt\n|faint|p2a: Dnite\n|-damage|p1a: Hydreigon|50\/100|[from] item: Life Orb\n|\n|upkeep\n|turn|9\n|\n|t:|1682839836\n|move|p1a: Hydreigon|Protect|p1a: Hydreigon\n|-singleturn|p1a: Hydreigon|Protect\n|move|p2b: ChiYu|Flare Blitz|p1a: Hydreigon\n|-activate|p1a: Hydreigon|move: Protect\n|\n|upkeep\n|turn|10\n|\n|t:|1682839841\n|move|p1a: Hydreigon|Draco Meteor|p2b: ChiYu\n|-damage|p2b: ChiYu|0 fnt\n|-unboost|p1a: Hydreigon|spa|2\n|faint|p2b: ChiYu\n|-damage|p1a: Hydreigon|40\/100|[from] item: Life Orb\n|\n|win|barbiedoll27\n|raw|barbiedoll27's rating: 1083 → 1114<\/strong> (+31 for winning)\n|raw|Nijiatw's rating: 1132 → 1103<\/strong> (-29 for losing)\n","uploadtime":1682839849,"views":16,"p1id":"barbiedoll27","p2id":"nijiatw","formatid":"gen9vgc2023regulationc","rating":1103,"private":0,"password":""}