{"id":"gen9vgc2023regulationc-1846032320","p1":"onetwosri","p2":"LegalizedNukes","format":"[Gen 9] VGC 2023 Regulation C","log":"|j|\u2606onetwosri\n|j|\u2606LegalizedNukes\n|t:|1681794592\n|gametype|doubles\n|player|p1|onetwosri|1|1160\n|player|p2|LegalizedNukes|nita|1200\n|teamsize|p1|6\n|teamsize|p2|6\n|gen|9\n|tier|[Gen 9] VGC 2023 Regulation C\n|rated|\n|rule|Species Clause: Limit one of each Pok\u00e9mon\n|rule|Item Clause: Limit one of each item\n|clearpoke\n|poke|p1|Chi-Yu, L50|\n|poke|p1|Scream Tail, L50|\n|poke|p1|Gothitelle, L50, F|\n|poke|p1|Arboliva, L50, M|\n|poke|p1|Iron Hands, L50|\n|poke|p1|Gyarados, L50, M|\n|poke|p2|Ting-Lu, L50|\n|poke|p2|Bronzong, L50|\n|poke|p2|Armarouge, L50, F|\n|poke|p2|Indeedee-F, L50, F|\n|poke|p2|Hariyama, L50, M|\n|poke|p2|Hatterene, L50, F|\n|teampreview|4\n|inactive|Battle timer is ON: inactive players will automatically lose when time's up. (requested by LegalizedNukes)\n|inactive|onetwosri also wants the timer to be on.\nonetwosri has agreed to open team sheets.\n|inactive|onetwosri has 60 seconds left.\n|inactive|LegalizedNukes has 60 seconds left.\n|inactive|LegalizedNukes has 30 seconds left.\n|inactive|LegalizedNukes has 20 seconds left.\n|inactive|LegalizedNukes has 15 seconds left.\n|inactive|LegalizedNukes has 10 seconds left.\n|\n|t:|1681794677\n|start\n|switch|p1a: Chi-Yu|Chi-Yu, L50|100\/100\n|switch|p1b: Scream Tail|Scream Tail, L50|100\/100\n|switch|p2a: Ting-Lu|Ting-Lu, L50|100\/100\n|switch|p2b: Hatterene|Hatterene, L50, F|100\/100\n|-ability|p1a: Chi-Yu|Beads of Ruin\n|-ability|p2a: Ting-Lu|Vessel of Ruin\n|-enditem|p1b: Scream Tail|Booster Energy\n|-activate|p1b: Scream Tail|ability: Protosynthesis|[fromitem]\n|-start|p1b: Scream Tail|protosynthesisspe\n|turn|1\n|inactive|onetwosri has 30 seconds left.\n|inactive|onetwosri has 20 seconds left.\n|\n|t:|1681794713\n|switch|p1a: Gyarados|Gyarados, L50, M|100\/100\n|-ability|p1a: Gyarados|Intimidate|boost\n|-unboost|p2a: Ting-Lu|atk|1\n|-unboost|p2b: Hatterene|atk|1\n|move|p1b: Scream Tail|Perish Song|p1b: Scream Tail\n|-start|p1a: Gyarados|perish3|[silent]\n|-start|p1b: Scream Tail|perish3|[silent]\n|-start|p2a: Ting-Lu|perish3|[silent]\n|-start|p2b: Hatterene|perish3|[silent]\n|-fieldactivate|move: Perish Song\n|move|p2a: Ting-Lu|Stomping Tantrum|p1a: Gyarados\n|-immune|p1a: Gyarados\n|move|p2b: Hatterene|Trick Room|p2b: Hatterene\n|-fieldstart|move: Trick Room|[of] p2b: Hatterene\n|\n|-start|p2b: Hatterene|perish3\n|-start|p2a: Ting-Lu|perish3\n|-start|p1a: Gyarados|perish3\n|-start|p1b: Scream Tail|perish3\n|upkeep\n|turn|2\n|\n|t:|1681794737\n|switch|p1a: Gothitelle|Gothitelle, L50, F|100\/100\n|move|p1b: Scream Tail|Protect|p1b: Scream Tail\n|-singleturn|p1b: Scream Tail|Protect\n|move|p2b: Hatterene|Psychic|p1a: Gothitelle\n|-resisted|p1a: Gothitelle\n|-damage|p1a: Gothitelle|85\/100\n|move|p2a: Ting-Lu|Heavy Slam|p1b: Scream Tail\n|-activate|p1b: Scream Tail|move: Protect\n|\n|-start|p2b: Hatterene|perish2\n|-start|p2a: Ting-Lu|perish2\n|-start|p1b: Scream Tail|perish2\n|upkeep\n|turn|3\n|inactive|onetwosri has 30 seconds left.\n|\n|t:|1681794768\n|move|p1a: Gothitelle|Fake Out|p2a: Ting-Lu\n|-damage|p2a: Ting-Lu|97\/100\n|move|p2b: Hatterene|Dazzling Gleam|p1a: Gothitelle|[spread] p1a,p1b\n|-damage|p1a: Gothitelle|67\/100\n|-damage|p1b: Scream Tail|81\/100\n|cant|p2a: Ting-Lu|flinch\n|move|p1b: Scream Tail|Disable|p2a: Ting-Lu\n|-start|p2a: Ting-Lu|Disable|Heavy Slam\n|\n|-start|p2b: Hatterene|perish1\n|-start|p2a: Ting-Lu|perish1\n|-start|p1b: Scream Tail|perish1\n|upkeep\n|turn|4\n|\n|t:|1681794791\n|-end|p1b: Scream Tail|Protosynthesis|[silent]\n|switch|p1b: Gyarados|Gyarados, L50, M|100\/100\n|-ability|p1b: Gyarados|Intimidate|boost\n|-unboost|p2a: Ting-Lu|atk|1\n|-unboost|p2b: Hatterene|atk|1\n|move|p2b: Hatterene|Dazzling Gleam|p1b: Gyarados|[spread] p1a,p1b\n|-damage|p1a: Gothitelle|49\/100\n|-damage|p1b: Gyarados|75\/100\n|-enditem|p1a: Gothitelle|Sitrus Berry|[eat]\n|-heal|p1a: Gothitelle|74\/100|[from] item: Sitrus Berry\n|move|p2a: Ting-Lu|Fissure|p1b: Gyarados\n|-immune|p1b: Gyarados\n|move|p1a: Gothitelle|Trick Room|p1a: Gothitelle\n|-fieldend|move: Trick Room\n|\n|-start|p2a: Ting-Lu|perish0\n|-start|p2b: Hatterene|perish0\n|upkeep\n|faint|p2a: Ting-Lu\n|faint|p2b: Hatterene\n|\n|t:|1681794804\n|switch|p2a: Hariyama|Hariyama, L50, M|100\/100\n|switch|p2b: Armarouge|Armarouge, L50, F|100\/100\n|turn|5\n|\n|t:|1681794827\n|-terastallize|p2b: Armarouge|Grass\n|move|p1b: Gyarados|Protect|p1b: Gyarados\n|-singleturn|p1b: Gyarados|Protect\n|move|p2a: Hariyama|Fake Out|p1a: Gothitelle\n|-damage|p1a: Gothitelle|58\/100\n|move|p2b: Armarouge|Expanding Force|p1b: Gyarados\n|-activate|p1b: Gyarados|move: Protect\n|cant|p1a: Gothitelle|flinch\n|\n|-status|p2a: Hariyama|brn|[from] item: Flame Orb\n|upkeep\n|turn|6\n|inactive|onetwosri has 30 seconds left.\n|\n|t:|1681794856\n|-terastallize|p1b: Gyarados|Flying\n|move|p1b: Gyarados|Tera Blast|p2b: Armarouge\n|-supereffective|p2b: Armarouge\n|-damage|p2b: Armarouge|0 fnt\n|faint|p2b: Armarouge\n|move|p1a: Gothitelle|Psychic|p2a: Hariyama\n|-supereffective|p2a: Hariyama\n|-damage|p2a: Hariyama|48\/100 brn\n|move|p2a: Hariyama|Knock Off|p1a: Gothitelle\n|-supereffective|p1a: Gothitelle\n|-crit|p1a: Gothitelle\n|-damage|p1a: Gothitelle|0 fnt\n|faint|p1a: Gothitelle\n|\n|-damage|p2a: Hariyama|42\/100 brn|[from] brn\n|upkeep\n|\n|t:|1681794871\n|switch|p1a: Chi-Yu|Chi-Yu, L50|100\/100\n|-ability|p1a: Chi-Yu|Beads of Ruin\n|turn|7\n|\n|t:|1681794877\n|move|p1a: Chi-Yu|Overheat|p2a: Hariyama\n|-damage|p2a: Hariyama|0 fnt\n|-unboost|p1a: Chi-Yu|spa|2\n|faint|p2a: Hariyama\n|\n|win|onetwosri\n|raw|onetwosri's rating: 1160 → 1188<\/strong> (+28 for winning)\n|raw|LegalizedNukes's rating: 1200 → 1172<\/strong> (-28 for losing)\n","uploadtime":1681794881,"views":9,"p1id":"onetwosri","p2id":"legalizednukes","formatid":"gen9vgc2023regulationc","rating":1172,"private":0,"password":""}