{"id":"gen9vgc2023regulationc-1853241193","p1":"AceTrainerNite","p2":"Jbro316","format":"[Gen 9] VGC 2023 Regulation C","log":"|j|\u2606AceTrainerNite\n|j|\u2606Jbro316\n|t:|1682653470\n|gametype|doubles\n|player|p1|AceTrainerNite|benga|1123\n|player|p2|Jbro316|red|1162\n|teamsize|p1|6\n|teamsize|p2|5\n|gen|9\n|tier|[Gen 9] VGC 2023 Regulation C\n|rated|\n|rule|Species Clause: Limit one of each Pok\u00e9mon\n|rule|Item Clause: Limit one of each item\n|clearpoke\n|poke|p1|Bronzong, L50|\n|poke|p1|Ting-Lu, L50|\n|poke|p1|Bellibolt, L50, F|\n|poke|p1|Gyarados, L50, F|\n|poke|p1|Annihilape, L50, F|\n|poke|p1|Amoonguss, L50, F|\n|poke|p2|Ceruledge, L50, M|\n|poke|p2|Iron Bundle, L50|\n|poke|p2|Flutter Mane, L50|\n|poke|p2|Talonflame, L50, F|\n|poke|p2|Amoonguss, L50, F|\n|teampreview|4\n|inactive|Battle timer is ON: inactive players will automatically lose when time's up. (requested by Jbro316)\n|inactive|AceTrainerNite has 60 seconds left.\n|\n|t:|1682653504\n|start\n|switch|p1a: Bronzong|Bronzong, L50|100\/100\n|switch|p1b: Bellibolt|Bellibolt, L50, F|100\/100\n|switch|p2a: Iron Bundle|Iron Bundle, L50|100\/100\n|switch|p2b: Flutter Mane|Flutter Mane, L50|100\/100\n|turn|1\n|\n|t:|1682653526\n|-terastallize|p1a: Bronzong|Poison\n|move|p2b: Flutter Mane|Shadow Ball|p1a: Bronzong\n|-damage|p1a: Bronzong|71\/100\n|move|p2a: Iron Bundle|Hydro Pump|p1b: Bellibolt\n|-damage|p1b: Bellibolt|70\/100\n|-start|p1b: Bellibolt|Charge|Hydro Pump|[from] ability: Electromorphosis\n|move|p1b: Bellibolt|Thunderbolt|p2b: Flutter Mane\n|-damage|p2b: Flutter Mane|13\/100\n|-end|p1b: Bellibolt|Charge|[silent]\n|move|p1a: Bronzong|Trick Room|p1a: Bronzong\n|-fieldstart|move: Trick Room|[of] p1a: Bronzong\n|\n|upkeep\n|turn|2\n|\n|t:|1682653550\n|switch|p1a: Ting-Lu|Ting-Lu, L50|100\/100\n|-ability|p1a: Ting-Lu|Vessel of Ruin\n|move|p2b: Flutter Mane|Protect|p2b: Flutter Mane\n|-singleturn|p2b: Flutter Mane|Protect\n|move|p1b: Bellibolt|Parabolic Charge|p2b: Flutter Mane|[spread] p2a\n|-activate|p2b: Flutter Mane|move: Protect\n|-immune|p1a: Ting-Lu\n|-supereffective|p2a: Iron Bundle\n|-damage|p2a: Iron Bundle|58\/100\n|-heal|p1b: Bellibolt|86\/100|[from] drain|[of] p2a: Iron Bundle\n|move|p2a: Iron Bundle|Hydro Pump|p1a: Ting-Lu\n|-supereffective|p1a: Ting-Lu\n|-damage|p1a: Ting-Lu|40\/100\n|\n|upkeep\n|turn|3\n|inactive|AceTrainerNite has 30 seconds left.\n|inactive|Jbro316 has 30 seconds left.\n|\n|t:|1682653579\n|move|p1a: Ting-Lu|Throat Chop|p2a: Iron Bundle\n|-damage|p2a: Iron Bundle|0 fnt\n|faint|p2a: Iron Bundle\n|-end|p2a: Iron Bundle|Quark Drive|[silent]\n|move|p1b: Bellibolt|Parabolic Charge|p2b: Flutter Mane|[spread] p2b\n|-immune|p1a: Ting-Lu\n|-damage|p2b: Flutter Mane|0 fnt\n|-heal|p1b: Bellibolt|90\/100|[from] drain|[of] p2b: Flutter Mane\n|faint|p2b: Flutter Mane\n|-end|p2b: Flutter Mane|Protosynthesis|[silent]\n|\n|upkeep\n|\n|t:|1682653587\n|switch|p2a: Ceruledge|Ceruledge, L50, M|100\/100\n|switch|p2b: Talonflame|Talonflame, L50, F|100\/100\n|turn|4\n|\n|t:|1682653601\n|-terastallize|p2b: Talonflame|Fire\n|move|p1a: Ting-Lu|Throat Chop|p2a: Ceruledge\n|-supereffective|p2a: Ceruledge\n|-damage|p2a: Ceruledge|0 fnt\n|faint|p2a: Ceruledge\n|move|p1b: Bellibolt|Parabolic Charge|p2b: Talonflame|[spread] p2b\n|-immune|p1a: Ting-Lu\n|-damage|p2b: Talonflame|78\/100\n|-heal|p1b: Bellibolt|99\/100|[from] drain|[of] p2b: Talonflame\n|move|p2b: Talonflame|Will-O-Wisp|p1a: Ting-Lu|[miss]\n|-miss|p2b: Talonflame|p1a: Ting-Lu\n|\n|upkeep\n|turn|5\n|-message|Jbro316 forfeited.\n|\n|win|AceTrainerNite\n|raw|AceTrainerNite's rating: 1123 → 1151<\/strong> (+28 for winning)\n|raw|Jbro316's rating: 1162 → 1134<\/strong> (-28 for losing)\n|l|\u2606Jbro316\n","uploadtime":1682653618,"views":13,"p1id":"acetrainernite","p2id":"jbro316","formatid":"gen9vgc2023regulationc","rating":1134,"private":0,"password":""}