{"id":"gen9vgc2023regulationc-1856155441","p1":"JumpluffGoodCopium","p2":"TooTz","format":"[Gen 9] VGC 2023 Regulation C","log":"|j|\u2606JumpluffGoodCopium\n|j|\u2606TooTz\n|t:|1683035798\n|gametype|doubles\n|player|p1|JumpluffGoodCopium|dawn-gen4pt|1136\n|player|p2|TooTz|silver|1135\n|teamsize|p1|6\n|teamsize|p2|6\n|gen|9\n|tier|[Gen 9] VGC 2023 Regulation C\n|rated|\n|rule|Species Clause: Limit one of each Pok\u00e9mon\n|rule|Item Clause: Limit one of each item\n|clearpoke\n|poke|p1|Jumpluff, L50, M|\n|poke|p1|Torkoal, L50, M|\n|poke|p1|Flutter Mane, L50|\n|poke|p1|Amoonguss, L50, M|\n|poke|p1|Garganacl, L50, F|\n|poke|p1|Chi-Yu, L50|\n|poke|p2|Dragapult, L50, M|\n|poke|p2|Maushold, L50|\n|poke|p2|Rotom-Heat, L50|\n|poke|p2|Tatsugiri-Droopy, L50, F|\n|poke|p2|Murkrow, L50, M|\n|poke|p2|Gholdengo, L50|\n|teampreview|4\n|inactive|Battle timer is ON: inactive players will automatically lose when time's up. (requested by TooTz)\nJumpluffGoodCopium has agreed to open team sheets.\n|inactive|TooTz has 60 seconds left.\n|\n|t:|1683035840\n|start\n|switch|p1a: Jumpluff|Jumpluff, L50, M|100\/100\n|switch|p1b: Torkoal|Torkoal, L50, M|100\/100\n|switch|p2a: Maushold|Maushold, L50|100\/100\n|switch|p2b: Rotom|Rotom-Heat, L50, shiny|100\/100\n|-weather|SunnyDay|[from] ability: Drought|[of] p1b: Torkoal\n|turn|1\n|\n|t:|1683035856\n|move|p2b: Rotom|Protect|p2b: Rotom\n|-singleturn|p2b: Rotom|Protect\n|move|p1a: Jumpluff|Tailwind|p1a: Jumpluff\n|-sidestart|p1: JumpluffGoodCopium|move: Tailwind\n|move|p1b: Torkoal|Eruption|p2b: Rotom|[spread] p2a\n|-activate|p2b: Rotom|move: Protect\n|-damage|p2a: Maushold|19\/100\n|move|p2a: Maushold|Thunder Wave|p1b: Torkoal|[miss]\n|-miss|p2a: Maushold|p1b: Torkoal\n|\n|-weather|SunnyDay|[upkeep]\n|upkeep\n|turn|2\n|\n|t:|1683035876\n|move|p1a: Jumpluff|Helping Hand|p1b: Torkoal\n|-singleturn|p1b: Torkoal|Helping Hand|[of] p1a: Jumpluff\n|move|p2a: Maushold|Protect|p2a: Maushold\n|-singleturn|p2a: Maushold|Protect\n|move|p1b: Torkoal|Eruption|p2b: Rotom|[spread] p2b\n|-activate|p2a: Maushold|move: Protect\n|-resisted|p2b: Rotom\n|-damage|p2b: Rotom|56\/100\n|move|p2b: Rotom|Overheat|p1a: Jumpluff\n|-supereffective|p1a: Jumpluff\n|-damage|p1a: Jumpluff|0 fnt\n|-unboost|p2b: Rotom|spa|2\n|faint|p1a: Jumpluff\n|\n|-weather|SunnyDay|[upkeep]\n|upkeep\n|inactive|JumpluffGoodCopium has 30 seconds left.\n|\n|t:|1683035903\n|switch|p1a: Flutter Mane|Flutter Mane, L50|100\/100\n|-activate|p1a: Flutter Mane|ability: Protosynthesis\n|-start|p1a: Flutter Mane|protosynthesisspa\n|turn|3\n|inactive|TooTz has 30 seconds left.\n|\n|t:|1683035934\n|switch|p2b: Tatsugiri|Tatsugiri-Droopy, L50, F, shiny|100\/100\n|move|p1a: Flutter Mane|Substitute|p1a: Flutter Mane\n|-start|p1a: Flutter Mane|Substitute\n|-damage|p1a: Flutter Mane|76\/100\n|move|p1b: Torkoal|Eruption|p2a: Maushold|[spread] p2a,p2b\n|-resisted|p2b: Tatsugiri\n|-damage|p2a: Maushold|0 fnt\n|-damage|p2b: Tatsugiri|82\/100\n|faint|p2a: Maushold\n|\n|-weather|SunnyDay|[upkeep]\n|upkeep\n|\n|t:|1683035955\n|switch|p2a: Rotom|Rotom-Heat, L50, shiny|56\/100\n|turn|4\n|\n|t:|1683035969\n|-terastallize|p2b: Tatsugiri|Water\n|move|p2a: Rotom|Protect|p2a: Rotom\n|-singleturn|p2a: Rotom|Protect\n|move|p1a: Flutter Mane|Hex|p2a: Rotom\n|-activate|p2a: Rotom|move: Protect\n|move|p2b: Tatsugiri|Icy Wind|p1b: Torkoal|[spread] p1a,p1b\n|-crit|p1a: Flutter Mane\n|-activate|p1a: Flutter Mane|move: Substitute|[damage]\n|-resisted|p1b: Torkoal\n|-damage|p1b: Torkoal|89\/100\n|-unboost|p1b: Torkoal|spe|1\n|move|p1b: Torkoal|Eruption|p2b: Tatsugiri|[spread] p2b\n|-activate|p2a: Rotom|move: Protect\n|-resisted|p2b: Tatsugiri\n|-damage|p2b: Tatsugiri|40\/100\n|\n|-weather|SunnyDay|[upkeep]\n|-sideend|p1: JumpluffGoodCopium|move: Tailwind\n|upkeep\n|turn|5\n|inactive|TooTz has 30 seconds left.\n|\n|t:|1683035996\n|move|p2b: Tatsugiri|Icy Wind|p1b: Torkoal|[spread] p1b\n|-miss|p2b: Tatsugiri|p1a: Flutter Mane\n|-resisted|p1b: Torkoal\n|-damage|p1b: Torkoal|78\/100\n|-unboost|p1b: Torkoal|spe|1\n|move|p1a: Flutter Mane|Hex|p2a: Rotom\n|-damage|p2a: Rotom|2\/100\n|-enditem|p2a: Rotom|Sitrus Berry|[eat]\n|-heal|p2a: Rotom|27\/100|[from] item: Sitrus Berry\n|move|p2a: Rotom|Hex|p1a: Flutter Mane\n|-supereffective|p1a: Flutter Mane\n|-end|p1a: Flutter Mane|Substitute\n|move|p1b: Torkoal|Eruption|p2b: Tatsugiri|[spread] p2a,p2b\n|-resisted|p2a: Rotom\n|-resisted|p2b: Tatsugiri\n|-damage|p2a: Rotom|0 fnt\n|-damage|p2b: Tatsugiri|5\/100\n|faint|p2a: Rotom\n|\n|-weather|none\n|-end|p1a: Flutter Mane|Protosynthesis\n|upkeep\n|-enditem|p1a: Flutter Mane|Booster Energy\n|-activate|p1a: Flutter Mane|ability: Protosynthesis|[fromitem]\n|-start|p1a: Flutter Mane|protosynthesisspa\n|\n|t:|1683036016\n|switch|p2a: Gholdengo|Gholdengo, L50|100\/100\n|turn|6\n|\n|t:|1683036040\n|move|p1a: Flutter Mane|Protect|p1a: Flutter Mane\n|-singleturn|p1a: Flutter Mane|Protect\n|move|p2b: Tatsugiri|Icy Wind|p1b: Torkoal|[spread] p1b\n|-activate|p1a: Flutter Mane|move: Protect\n|-resisted|p1b: Torkoal\n|-damage|p1b: Torkoal|66\/100\n|-unboost|p1b: Torkoal|spe|1\n|move|p2a: Gholdengo|Hex|p1a: Flutter Mane\n|-activate|p1a: Flutter Mane|move: Protect\n|move|p1b: Torkoal|Eruption|p2a: Gholdengo|[spread] p2a,p2b\n|-supereffective|p2a: Gholdengo\n|-resisted|p2b: Tatsugiri\n|-damage|p2a: Gholdengo|21\/100\n|-damage|p2b: Tatsugiri|0 fnt\n|faint|p2b: Tatsugiri\n|\n|upkeep\n|turn|7\n|-message|TooTz forfeited.\n|\n|win|JumpluffGoodCopium\n|raw|JumpluffGoodCopium's rating: 1136 → 1161<\/strong> (+25 for winning)\n|raw|TooTz's rating: 1135 → 1110<\/strong> (-25 for losing)\n|l|\u2606TooTz\n","uploadtime":1683036060,"views":7,"p1id":"jumpluffgoodcopium","p2id":"tootz","formatid":"gen9vgc2023regulationc","rating":1110,"private":0,"password":""}