{"id":"gen9vgc2023regulationc-1846463220","p1":"Aygguan","p2":"riddlingcrib","format":"[Gen 9] VGC 2023 Regulation C","log":"|j|\u2606Aygguan\n|j|\u2606riddlingcrib\n|t:|1681842912\n|gametype|doubles\n|player|p1|Aygguan|169|1444\n|player|p2|riddlingcrib|2|1452\n|teamsize|p1|6\n|teamsize|p2|6\n|gen|9\n|tier|[Gen 9] VGC 2023 Regulation C\n|rated|\n|rule|Species Clause: Limit one of each Pok\u00e9mon\n|rule|Item Clause: Limit one of each item\n|clearpoke\n|poke|p1|Palafin, L50, M|\n|poke|p1|Chien-Pao, L50|\n|poke|p1|Dragapult, L50, F|\n|poke|p1|Amoonguss, L50, M|\n|poke|p1|Arcanine, L50, M|\n|poke|p1|Flutter Mane, L50|\n|poke|p2|Palafin, L50, F|\n|poke|p2|Iron Hands, L50|\n|poke|p2|Amoonguss, L50, M|\n|poke|p2|Arcanine, L50, F|\n|poke|p2|Chien-Pao, L50|\n|poke|p2|Dragonite, L50, M|\n|teampreview|4\n|inactive|Battle timer is ON: inactive players will automatically lose when time's up. (requested by Aygguan)\nriddlingcrib has agreed to open team sheets.\n|j| nik993\n|inactive|riddlingcrib has 60 seconds left.\n|\n|t:|1681842966\n|start\n|switch|p1a: ChiYu|Arcanine, L50, M|100\/100\n|switch|p1b: Dnite|Dragapult, L50, F|100\/100\n|switch|p2a: Iron Hands|Iron Hands, L50|100\/100\n|switch|p2b: Amoonguss|Amoonguss, L50, M|100\/100\n|-ability|p1a: ChiYu|Intimidate|boost\n|-unboost|p2a: Iron Hands|atk|1\n|-unboost|p2b: Amoonguss|atk|1\n|turn|1\n|\n|t:|1681842986\n|move|p2a: Iron Hands|Fake Out|p1a: ChiYu\n|-damage|p1a: ChiYu|90\/100\n|move|p1b: Dnite|Phantom Force||[still]\n|-prepare|p1b: Dnite|Phantom Force\n|cant|p1a: ChiYu|flinch\n|move|p2b: Amoonguss|Spore|p1b: Dnite|[miss]\n|-miss|p2b: Amoonguss|p1b: Dnite\n|\n|upkeep\n|turn|2\n|\n|t:|1681843000\n|-end|p2a: Iron Hands|Quark Drive|[silent]\n|switch|p2a: Arcanine|Arcanine, L50, F|100\/100\n|-ability|p2a: Arcanine|Intimidate|boost\n|-unboost|p1a: ChiYu|atk|1\n|-fail|p1b: Dnite|unboost|[from] ability: Clear Body|[of] p1b: Dnite\n|move|p1b: Dnite|Phantom Force|p2b: Amoonguss|[from]lockedmove\n|-damage|p2b: Amoonguss|47\/100\n|-damage|p1b: Dnite|84\/100|[from] item: Rocky Helmet|[of] p2b: Amoonguss\n|move|p1a: ChiYu|Will-O-Wisp|p2a: Arcanine\n|-immune|p2a: Arcanine\n|move|p2b: Amoonguss|Spore|p1b: Dnite\n|-status|p1b: Dnite|slp|[from] move: Spore\n|\n|upkeep\n|turn|3\n|\n|t:|1681843021\n|switch|p2b: Iron Hands|Iron Hands, L50|100\/100\n|cant|p1b: Dnite|slp\n|move|p1a: ChiYu|Will-O-Wisp|p2b: Iron Hands\n|-status|p2b: Iron Hands|brn\n|move|p2a: Arcanine|Howl|p2a: Arcanine|[spread] p2a,p2b\n|-boost|p2a: Arcanine|atk|1\n|-boost|p2b: Iron Hands|atk|1\n|\n|-damage|p2b: Iron Hands|94\/100 brn|[from] brn\n|upkeep\n|turn|4\n|\n|t:|1681843043\n|switch|p1a: Mimi|Flutter Mane, L50|100\/100\n|-enditem|p1a: Mimi|Booster Energy\n|-activate|p1a: Mimi|ability: Protosynthesis|[fromitem]\n|-start|p1a: Mimi|protosynthesisspa\n|cant|p1b: Dnite|slp\n|move|p2a: Arcanine|Howl|p2a: Arcanine|[spread] p2a,p2b\n|-boost|p2a: Arcanine|atk|1\n|-boost|p2b: Iron Hands|atk|1\n|move|p2b: Iron Hands|Wild Charge|p1a: Mimi\n|-damage|p1a: Mimi|25\/100\n|-damage|p2b: Iron Hands|83\/100 brn|[from] Recoil\n|\n|-damage|p2b: Iron Hands|77\/100 brn|[from] brn\n|upkeep\n|turn|5\n|inactive|Aygguan has 30 seconds left.\n|inactive|riddlingcrib has 30 seconds left.\n|inactive|riddlingcrib has 20 seconds left.\n|\n|t:|1681843083\n|-terastallize|p2b: Iron Hands|Fire\n|-curestatus|p1b: Dnite|slp|[msg]\n|move|p1b: Dnite|Phantom Force||[still]\n|-prepare|p1b: Dnite|Phantom Force\n|move|p1a: Mimi|Shadow Ball|p2a: Arcanine\n|-damage|p2a: Arcanine|60\/100\n|move|p2a: Arcanine|Flare Blitz|p1a: Mimi\n|-damage|p1a: Mimi|0 fnt\n|faint|p1a: Mimi\n|-end|p1a: Mimi|Protosynthesis|[silent]\n|-damage|p2a: Arcanine|54\/100|[from] Recoil\n|move|p2b: Iron Hands|Heavy Slam|p1b: Dnite|[miss]\n|-miss|p2b: Iron Hands|p1b: Dnite\n|\n|-damage|p2b: Iron Hands|71\/100 brn|[from] brn\n|upkeep\n|\n|t:|1681843094\n|switch|p1a: ChiYu|Arcanine, L50, M|90\/100\n|-ability|p1a: ChiYu|Intimidate|boost\n|-unboost|p2a: Arcanine|atk|1\n|-unboost|p2b: Iron Hands|atk|1\n|turn|6\n|\n|t:|1681843105\n|switch|p1a: Bundle|Chien-Pao, L50|100\/100\n|-ability|p1a: Bundle|Sword of Ruin\n|move|p1b: Dnite|Phantom Force|p2a: Arcanine|[from]lockedmove\n|-damage|p2a: Arcanine|0 fnt\n|faint|p2a: Arcanine\n|move|p2b: Iron Hands|Drain Punch|p1a: Bundle\n|-supereffective|p1a: Bundle\n|-crit|p1a: Bundle\n|-enditem|p1a: Bundle|Focus Sash\n|-damage|p1a: Bundle|1\/100\n|-heal|p2b: Iron Hands|100\/100 brn|[from] drain|[of] p1a: Bundle\n|\n|-damage|p2b: Iron Hands|94\/100 brn|[from] brn\n|upkeep\n|\n|t:|1681843119\n|switch|p2a: Chien-Pao|Chien-Pao, L50|100\/100\n|-ability|p2a: Chien-Pao|Sword of Ruin\n|turn|7\n|\n|t:|1681843134\n|switch|p1a: ChiYu|Arcanine, L50, M|90\/100\n|-ability|p1a: ChiYu|Intimidate|boost\n|-unboost|p2a: Chien-Pao|atk|1\n|-unboost|p2b: Iron Hands|atk|1\n|move|p2a: Chien-Pao|Sucker Punch|p1b: Dnite\n|-supereffective|p1b: Dnite\n|-damage|p1b: Dnite|0 fnt\n|faint|p1b: Dnite\n|move|p2b: Iron Hands|Drain Punch|p1a: ChiYu\n|-crit|p1a: ChiYu\n|-damage|p1a: ChiYu|42\/100\n|-heal|p2b: Iron Hands|100\/100 brn|[from] drain|[of] p1a: ChiYu\n|\n|-damage|p2b: Iron Hands|94\/100 brn|[from] brn\n|upkeep\n|\n|t:|1681843140\n|switch|p1b: Bundle|Chien-Pao, L50|1\/100\n|-ability|p1b: Bundle|Sword of Ruin\n|turn|8\n|\n|t:|1681843155\n|move|p1b: Bundle|Protect|p1b: Bundle\n|-singleturn|p1b: Bundle|Protect\n|move|p2a: Chien-Pao|Protect|p2a: Chien-Pao\n|-singleturn|p2a: Chien-Pao|Protect\n|move|p1a: ChiYu|Flare Blitz|p2a: Chien-Pao\n|-activate|p2a: Chien-Pao|move: Protect\n|move|p2b: Iron Hands|Drain Punch|p1a: ChiYu\n|-crit|p1a: ChiYu\n|-damage|p1a: ChiYu|0 fnt\n|-heal|p2b: Iron Hands|100\/100 brn|[from] drain|[of] p1a: ChiYu\n|faint|p1a: ChiYu\n|\n|-damage|p2b: Iron Hands|94\/100 brn|[from] brn\n|upkeep\n|turn|9\n|-message|Aygguan forfeited.\n|\n|win|riddlingcrib\n|raw|Aygguan's rating: 1444 → 1424<\/strong> (-20 for losing)\n|raw|riddlingcrib's rating: 1452 → 1472<\/strong> (+20 for winning)\n|l|\u2606Aygguan\n","uploadtime":1681843168,"views":8,"p1id":"aygguan","p2id":"riddlingcrib","formatid":"gen9vgc2023regulationc","rating":1424,"private":0,"password":""}