{"id":"gen9vgc2023regulationc-1845425891","p1":"Lighterl","p2":"azraisdabest","format":"[Gen 9] VGC 2023 Regulation C","log":"|j|\u2606Lighterl\n|j|\u2606azraisdabest\n|t:|1681731698\n|gametype|doubles\n|player|p1|Lighterl|170|1080\n|player|p2|azraisdabest|giovanni|1027\n|teamsize|p1|6\n|teamsize|p2|6\n|gen|9\n|tier|[Gen 9] VGC 2023 Regulation C\n|rated|\n|rule|Species Clause: Limit one of each Pok\u00e9mon\n|rule|Item Clause: Limit one of each item\n|clearpoke\n|poke|p1|Chien-Pao, L50|\n|poke|p1|Amoonguss, L50, F|\n|poke|p1|Flutter Mane, L50|\n|poke|p1|Ting-Lu, L50|\n|poke|p1|Garchomp, L50, M|\n|poke|p1|Arcanine, L50, M|\n|poke|p2|Garchomp, L50, F|\n|poke|p2|Orthworm, L50, M|\n|poke|p2|Hippowdon, L50, M|\n|poke|p2|Tinkaton, L50, F|\n|poke|p2|Toedscruel, L50, M|\n|poke|p2|Glimmora, L50, F|\n|teampreview|4\n|\n|t:|1681731732\n|start\n|switch|p1a: Arcanine|Arcanine, L50, M|100\/100\n|switch|p1b: Chien-Pao|Chien-Pao, L50|100\/100\n|switch|p2a: MotoMoto|Hippowdon, L50, M|100\/100\n|switch|p2b: Jordans|Toedscruel, L50, M|100\/100\n|-ability|p1b: Chien-Pao|Sword of Ruin\n|-ability|p1a: Arcanine|Intimidate|boost\n|-unboost|p2a: MotoMoto|atk|1\n|-unboost|p2b: Jordans|atk|1\n|-weather|Sandstorm|[from] ability: Sand Stream|[of] p2a: MotoMoto\n|turn|1\n|\n|t:|1681731779\n|switch|p1a: Amoonguss|Amoonguss, L50, F|100\/100\n|-terastallize|p1b: Chien-Pao|Flying\n|move|p1b: Chien-Pao|Ice Spinner|p2b: Jordans\n|-supereffective|p2b: Jordans\n|-damage|p2b: Jordans|0 fnt\n|faint|p2b: Jordans\n|move|p2a: MotoMoto|Earthquake|p1a: Amoonguss|[spread] p1a\n|-immune|p1b: Chien-Pao\n|-damage|p1a: Amoonguss|80\/100\n|\n|-weather|Sandstorm|[upkeep]\n|-damage|p1b: Chien-Pao|95\/100|[from] Sandstorm\n|-damage|p1a: Amoonguss|74\/100|[from] Sandstorm\n|upkeep\n|\n|t:|1681731801\n|switch|p2b: GawrGura|Garchomp, L50, F|100\/100\n|turn|2\n|\n|t:|1681731820\n|switch|p1b: Arcanine|Arcanine, L50, M|100\/100\n|-ability|p1b: Arcanine|Intimidate|boost\n|-unboost|p2a: MotoMoto|atk|1\n|-unboost|p2b: GawrGura|atk|1\n|move|p2a: MotoMoto|Earthquake|p1a: Amoonguss|[spread] p2b,p1a,p1b\n|-supereffective|p1b: Arcanine\n|-damage|p2b: GawrGura|87\/100\n|-damage|p1a: Amoonguss|62\/100\n|-damage|p1b: Arcanine|70\/100\n|move|p1a: Amoonguss|Spore|p2b: GawrGura\n|-status|p2b: GawrGura|slp|[from] move: Spore\n|cant|p2b: GawrGura|slp\n|\n|-weather|Sandstorm|[upkeep]\n|-damage|p1a: Amoonguss|56\/100|[from] Sandstorm\n|upkeep\n|turn|3\n|inactive|Battle timer is ON: inactive players will automatically lose when time's up. (requested by azraisdabest)\n|\n|t:|1681731868\n|switch|p2b: OrthwormJim|Orthworm, L50, M|100\/100\n|switch|p1b: Garchomp|Garchomp, L50, M|100\/100\n|move|p2a: MotoMoto|Earthquake|p1b: Garchomp|[spread] p1a,p1b\n|-immune|p2b: OrthwormJim|[from] ability: Earth Eater\n|-damage|p1a: Amoonguss|45\/100\n|-damage|p1b: Garchomp|85\/100\n|-enditem|p1a: Amoonguss|Sitrus Berry|[eat]\n|-heal|p1a: Amoonguss|70\/100|[from] item: Sitrus Berry\n|move|p1a: Amoonguss|Pollen Puff|p1b: Garchomp\n|-heal|p1b: Garchomp|100\/100\n|\n|-weather|Sandstorm|[upkeep]\n|-damage|p1a: Amoonguss|64\/100|[from] Sandstorm\n|upkeep\n|turn|4\n|inactive|Lighterl has 30 seconds left.\n|inactive|azraisdabest has 30 seconds left.\n|\n|t:|1681731902\n|switch|p1a: Arcanine|Arcanine, L50, M|70\/100\n|-ability|p1a: Arcanine|Intimidate|boost\n|-unboost|p2a: MotoMoto|atk|1\n|-unboost|p2b: OrthwormJim|atk|1\n|move|p1b: Garchomp|Protect|p1b: Garchomp\n|-singleturn|p1b: Garchomp|Protect\n|move|p2b: OrthwormJim|Iron Defense|p2b: OrthwormJim\n|-boost|p2b: OrthwormJim|def|2\n|move|p2a: MotoMoto|Bulldoze|p1a: Arcanine|[spread] p1a\n|-activate|p1b: Garchomp|move: Protect\n|-immune|p2b: OrthwormJim|[from] ability: Earth Eater\n|-supereffective|p1a: Arcanine\n|-damage|p1a: Arcanine|56\/100\n|-unboost|p1a: Arcanine|spe|1\n|\n|-weather|Sandstorm|[upkeep]\n|upkeep\n|turn|5\n|inactive|azraisdabest has 30 seconds left.\n|\n|t:|1681731933\n|switch|p1b: Chien-Pao|Chien-Pao, L50, tera:Flying|95\/100\n|-ability|p1b: Chien-Pao|Sword of Ruin\n|move|p2b: OrthwormJim|Iron Defense|p2b: OrthwormJim\n|-boost|p2b: OrthwormJim|def|2\n|move|p1a: Arcanine|Flare Blitz|p2b: OrthwormJim\n|-supereffective|p2b: OrthwormJim\n|-damage|p2b: OrthwormJim|62\/100\n|-status|p2b: OrthwormJim|brn\n|-damage|p1a: Arcanine|45\/100|[from] Recoil\n|move|p2a: MotoMoto|Earthquake|p1a: Arcanine|[spread] p1a\n|-heal|p2b: OrthwormJim|87\/100 brn|[from] ability: Earth Eater|[of] p2a: MotoMoto\n|-immune|p1b: Chien-Pao\n|-supereffective|p1a: Arcanine\n|-damage|p1a: Arcanine|13\/100\n|\n|-weather|none\n|-damage|p2b: OrthwormJim|81\/100 brn|[from] brn\n|upkeep\n|turn|6\n|\n|t:|1681731958\n|switch|p1a: Amoonguss|Amoonguss, L50, F|97\/100\n|move|p1b: Chien-Pao|Ruination|p2b: OrthwormJim\n|-damage|p2b: OrthwormJim|41\/100 brn\n|move|p2b: OrthwormJim|Iron Defense|p2b: OrthwormJim\n|-boost|p2b: OrthwormJim|def|2\n|move|p2a: MotoMoto|Earthquake|p1a: Amoonguss|[spread] p1a\n|-heal|p2b: OrthwormJim|65\/100 brn|[from] ability: Earth Eater|[of] p2a: MotoMoto\n|-immune|p1b: Chien-Pao\n|-damage|p1a: Amoonguss|85\/100\n|\n|-damage|p2b: OrthwormJim|59\/100 brn|[from] brn\n|upkeep\n|turn|7\n|inactive|Lighterl has 30 seconds left.\n|\n|t:|1681731987\n|move|p1b: Chien-Pao|Taunt|p2b: OrthwormJim\n|-start|p2b: OrthwormJim|move: Taunt\n|move|p2b: OrthwormJim|Body Press|p1a: Amoonguss\n|-resisted|p1a: Amoonguss\n|-damage|p1a: Amoonguss|57\/100\n|move|p2a: MotoMoto|Earthquake|p1a: Amoonguss|[spread] p1a\n|-heal|p2b: OrthwormJim|84\/100 brn|[from] ability: Earth Eater|[of] p2a: MotoMoto\n|-immune|p1b: Chien-Pao\n|-damage|p1a: Amoonguss|45\/100\n|move|p1a: Amoonguss|Pollen Puff|p2b: OrthwormJim\n|-resisted|p2b: OrthwormJim\n|-damage|p2b: OrthwormJim|75\/100 brn\n|\n|-damage|p2b: OrthwormJim|68\/100 brn|[from] brn\n|upkeep\n|turn|8\n|inactive|Lighterl has 30 seconds left.\n|\n|t:|1681732019\n|switch|p2a: GawrGura|Garchomp, L50, F|87\/100 slp\n|switch|p1a: Arcanine|Arcanine, L50, M|13\/100\n|-ability|p1a: Arcanine|Intimidate|boost\n|-unboost|p2a: GawrGura|atk|1\n|-unboost|p2b: OrthwormJim|atk|1\n|move|p1b: Chien-Pao|Ice Spinner|p2a: GawrGura\n|-supereffective|p2a: GawrGura\n|-damage|p2a: GawrGura|0 fnt\n|-damage|p1b: Chien-Pao|83\/100|[from] ability: Rough Skin|[of] p2a: GawrGura\n|-damage|p1b: Chien-Pao|66\/100|[from] item: Rocky Helmet|[of] p2a: GawrGura\n|faint|p2a: GawrGura\n|move|p2b: OrthwormJim|Body Press|p1a: Arcanine\n|-damage|p1a: Arcanine|0 fnt\n|faint|p1a: Arcanine\n|\n|-damage|p2b: OrthwormJim|62\/100 brn|[from] brn\n|upkeep\n|\n|t:|1681732036\n|switch|p2a: MotoMoto|Hippowdon, L50, M|100\/100\n|switch|p1a: Garchomp|Garchomp, L50, M|100\/100\n|-weather|Sandstorm|[from] ability: Sand Stream|[of] p2a: MotoMoto\n|turn|9\n|\n|t:|1681732046\n|move|p1a: Garchomp|Protect|p1a: Garchomp\n|-singleturn|p1a: Garchomp|Protect\n|move|p1b: Chien-Pao|Ice Spinner|p2a: MotoMoto\n|-supereffective|p2a: MotoMoto\n|-crit|p2a: MotoMoto\n|-damage|p2a: MotoMoto|19\/100\n|move|p2b: OrthwormJim|Body Press|p1b: Chien-Pao\n|-resisted|p1b: Chien-Pao\n|-damage|p1b: Chien-Pao|34\/100\n|move|p2a: MotoMoto|Earthquake|p1a: Garchomp|[spread] \n|-activate|p1a: Garchomp|move: Protect\n|-heal|p2b: OrthwormJim|87\/100 brn|[from] ability: Earth Eater|[of] p2a: MotoMoto\n|-immune|p1b: Chien-Pao\n|\n|-weather|Sandstorm|[upkeep]\n|-damage|p1b: Chien-Pao|28\/100|[from] Sandstorm\n|-heal|p2a: MotoMoto|25\/100|[from] item: Leftovers\n|-damage|p2b: OrthwormJim|81\/100 brn|[from] brn\n|-end|p2b: OrthwormJim|move: Taunt\n|upkeep\n|turn|10\n|inactive|Lighterl has 30 seconds left.\n|inactive|azraisdabest has 30 seconds left.\n|\n|t:|1681732076\n|move|p1b: Chien-Pao|Ice Spinner|p2a: MotoMoto\n|-supereffective|p2a: MotoMoto\n|-damage|p2a: MotoMoto|0 fnt\n|faint|p2a: MotoMoto\n|move|p1a: Garchomp|Iron Head|p2b: OrthwormJim\n|-resisted|p2b: OrthwormJim\n|-damage|p2b: OrthwormJim|76\/100 brn\n|move|p2b: OrthwormJim|Body Press|p1a: Garchomp\n|-damage|p1a: Garchomp|28\/100\n|-damage|p2b: OrthwormJim|64\/100 brn|[from] ability: Rough Skin|[of] p1a: Garchomp\n|\n|-weather|Sandstorm|[upkeep]\n|-damage|p1b: Chien-Pao|22\/100|[from] Sandstorm\n|-damage|p2b: OrthwormJim|58\/100 brn|[from] brn\n|upkeep\n|turn|11\n|\n|t:|1681732092\n|switch|p1a: Amoonguss|Amoonguss, L50, F|78\/100\n|move|p1b: Chien-Pao|Ruination|p2b: OrthwormJim\n|-damage|p2b: OrthwormJim|29\/100 brn\n|move|p2b: OrthwormJim|Body Press|p1b: Chien-Pao\n|-resisted|p1b: Chien-Pao\n|-damage|p1b: Chien-Pao|0 fnt\n|faint|p1b: Chien-Pao\n|\n|-weather|Sandstorm|[upkeep]\n|-damage|p1a: Amoonguss|72\/100|[from] Sandstorm\n|-damage|p2b: OrthwormJim|23\/100 brn|[from] brn\n|upkeep\n|\n|t:|1681732104\n|switch|p1b: Garchomp|Garchomp, L50, M|28\/100\n|turn|12\n|\n|t:|1681732110\n|move|p1b: Garchomp|Protect|p1b: Garchomp\n|-singleturn|p1b: Garchomp|Protect\n|move|p2b: OrthwormJim|Rest|p2b: OrthwormJim\n|-status|p2b: OrthwormJim|slp|[from] move: Rest\n|-heal|p2b: OrthwormJim|100\/100 slp|[silent]\n|-enditem|p2b: OrthwormJim|Chesto Berry|[eat]\n|-curestatus|p2b: OrthwormJim|slp|[msg]\n|move|p1a: Amoonguss|Pollen Puff|p2b: OrthwormJim\n|-resisted|p2b: OrthwormJim\n|-damage|p2b: OrthwormJim|91\/100\n|\n|-weather|Sandstorm|[upkeep]\n|-damage|p1a: Amoonguss|66\/100|[from] Sandstorm\n|upkeep\n|turn|13\n|\n|t:|1681732132\n|move|p1a: Amoonguss|Rage Powder|p1a: Amoonguss\n|-singleturn|p1a: Amoonguss|move: Rage Powder\n|move|p1b: Garchomp|Iron Head|p2b: OrthwormJim\n|-resisted|p2b: OrthwormJim\n|-damage|p2b: OrthwormJim|88\/100\n|move|p2b: OrthwormJim|Body Press|p1a: Amoonguss\n|-resisted|p1a: Amoonguss\n|-damage|p1a: Amoonguss|28\/100\n|\n|-weather|none\n|upkeep\n|turn|14\n|\n|t:|1681732144\n|move|p1b: Garchomp|Iron Head|p2b: OrthwormJim\n|-resisted|p2b: OrthwormJim\n|-damage|p2b: OrthwormJim|85\/100\n|cant|p2b: OrthwormJim|flinch\n|move|p1a: Amoonguss|Pollen Puff|p1b: Garchomp\n|-heal|p1b: Garchomp|78\/100\n|\n|upkeep\n|turn|15\n|\n|t:|1681732161\n|move|p1b: Garchomp|Protect|p1b: Garchomp\n|-singleturn|p1b: Garchomp|Protect\n|move|p2b: OrthwormJim|Body Press|p1a: Amoonguss\n|-resisted|p1a: Amoonguss\n|-damage|p1a: Amoonguss|0 fnt\n|faint|p1a: Amoonguss\n|\n|upkeep\n|turn|16\n|-message|Lighterl forfeited.\n|\n|win|azraisdabest\n|raw|Lighterl's rating: 1080 → 1055<\/strong> (-25 for losing)\n|raw|azraisdabest's rating: 1027 → 1068<\/strong> (+41 for winning)\n|l|\u2606Lighterl\n","uploadtime":1681732179,"views":12,"p1id":"lighterl","p2id":"azraisdabest","formatid":"gen9vgc2023regulationc","rating":1055,"private":0,"password":""}