{"id":"gen9vgc2023regulationc-1853157008","p1":"Pokebet","p2":"stardust_XX","format":"[Gen 9] VGC 2023 Regulation C","log":"|j|\u2606Pokebet\n|j|\u2606stardust_XX\n|t:|1682642143\n|gametype|doubles\n|player|p1|Pokebet|flint|1362\n|player|p2|stardust_XX|rosa|1324\n|teamsize|p1|6\n|teamsize|p2|6\n|gen|9\n|tier|[Gen 9] VGC 2023 Regulation C\n|rated|\n|rule|Species Clause: Limit one of each Pok\u00e9mon\n|rule|Item Clause: Limit one of each item\n|clearpoke\n|poke|p1|Gholdengo, L50|\n|poke|p1|Amoonguss, L50, F|\n|poke|p1|Chi-Yu, L50|\n|poke|p1|Flutter Mane, L50|\n|poke|p1|Roaring Moon, L50|\n|poke|p1|Tauros-Paldea-Aqua, L50, M|\n|poke|p2|Ting-Lu, L50|\n|poke|p2|Chien-Pao, L50|\n|poke|p2|Flutter Mane, L50|\n|poke|p2|Dragonite, L50, M|\n|poke|p2|Amoonguss, L50, M|\n|poke|p2|Iron Bundle, L50|\n|teampreview|4\nPokebet has agreed to open team sheets.\n|inactive|Battle timer is ON: inactive players will automatically lose when time's up. (requested by Pokebet)\n|\n|t:|1682642190\n|start\n|switch|p1a: Tauros|Tauros-Paldea-Aqua, L50, M|100\/100\n|switch|p1b: Flutter Mane|Flutter Mane, L50|100\/100\n|switch|p2a: Iron Bundle|Iron Bundle, L50|100\/100\n|switch|p2b: Flutter Mane|Flutter Mane, L50|100\/100\n|-ability|p1a: Tauros|Intimidate|boost\n|-unboost|p2a: Iron Bundle|atk|1\n|-unboost|p2b: Flutter Mane|atk|1\n|-enditem|p2a: Iron Bundle|Booster Energy\n|-activate|p2a: Iron Bundle|ability: Quark Drive|[fromitem]\n|-start|p2a: Iron Bundle|quarkdrivespe\n|turn|1\n|inactive|Pokebet has 30 seconds left.\n|inactive|stardust_XX has 30 seconds left.\n|inactive|Pokebet has 20 seconds left.\n|\n|t:|1682642229\n|switch|p1a: Gholdengo|Gholdengo, L50|100\/100\n|-terastallize|p2b: Flutter Mane|Fairy\n|move|p2a: Iron Bundle|Icy Wind|p1a: Gholdengo|[spread] p1a,p1b\n|-resisted|p1a: Gholdengo\n|-damage|p1a: Gholdengo|93\/100\n|-damage|p1b: Flutter Mane|85\/100\n|-unboost|p1a: Gholdengo|spe|1\n|-unboost|p1b: Flutter Mane|spe|1\n|move|p2b: Flutter Mane|Dazzling Gleam|p1b: Flutter Mane|[spread] p1a,p1b\n|-resisted|p1a: Gholdengo\n|-damage|p1a: Gholdengo|58\/100\n|-damage|p1b: Flutter Mane|33\/100\n|move|p1b: Flutter Mane|Dazzling Gleam|p2a: Iron Bundle|[spread] p2a,p2b\n|-damage|p2a: Iron Bundle|27\/100\n|-damage|p2b: Flutter Mane|55\/100\n|\n|upkeep\n|turn|2\n|\n|t:|1682642249\n|-end|p1b: Flutter Mane|Protosynthesis|[silent]\n|switch|p1b: Amoonguss|Amoonguss, L50, F|100\/100\n|move|p1a: Gholdengo|Protect|p1a: Gholdengo\n|-singleturn|p1a: Gholdengo|Protect\n|move|p2a: Iron Bundle|Freeze-Dry|p1a: Gholdengo\n|-activate|p1a: Gholdengo|move: Protect\n|move|p2b: Flutter Mane|Dazzling Gleam|p1a: Gholdengo|[spread] p1b\n|-activate|p1a: Gholdengo|move: Protect\n|-resisted|p1b: Amoonguss\n|-damage|p1b: Amoonguss|74\/100\n|\n|upkeep\n|turn|3\n|\n|t:|1682642267\n|-end|p2a: Iron Bundle|Quark Drive|[silent]\n|switch|p2a: Amoonguss|Amoonguss, L50, M|100\/100\n|move|p1b: Amoonguss|Protect|p1b: Amoonguss\n|-singleturn|p1b: Amoonguss|Protect\n|move|p2b: Flutter Mane|Dazzling Gleam|p1b: Amoonguss|[spread] p1a\n|-activate|p1b: Amoonguss|move: Protect\n|-resisted|p1a: Gholdengo\n|-damage|p1a: Gholdengo|28\/100\n|-enditem|p1a: Gholdengo|Sitrus Berry|[eat]\n|-heal|p1a: Gholdengo|53\/100|[from] item: Sitrus Berry\n|move|p1a: Gholdengo|Nasty Plot|p1a: Gholdengo\n|-boost|p1a: Gholdengo|spa|2\n|\n|upkeep\n|turn|4\n|inactive|stardust_XX has 30 seconds left.\n|\n|t:|1682642300\n|-end|p2b: Flutter Mane|Protosynthesis|[silent]\n|switch|p2b: Iron Bundle|Iron Bundle, L50|27\/100\n|move|p1a: Gholdengo|Nasty Plot|p1a: Gholdengo\n|-boost|p1a: Gholdengo|spa|2\n|move|p2a: Amoonguss|Pollen Puff|p2b: Iron Bundle\n|-heal|p2b: Iron Bundle|77\/100\n|move|p1b: Amoonguss|Pollen Puff|p1a: Gholdengo\n|-heal|p1a: Gholdengo|100\/100\n|\n|upkeep\n|turn|5\n|inactive|stardust_XX has 30 seconds left.\n|inactive|stardust_XX has 20 seconds left.\n|inactive|stardust_XX has 15 seconds left.\n|inactive|stardust_XX has 10 seconds left.\n|inactive|stardust_XX has 5 seconds left.\n|\n|t:|1682642351\n|move|p1b: Amoonguss|Rage Powder|p1b: Amoonguss\n|-singleturn|p1b: Amoonguss|move: Rage Powder\n|move|p2b: Iron Bundle|Encore|p1b: Amoonguss\n|-start|p1b: Amoonguss|Encore\n|move|p1a: Gholdengo|Make It Rain|p2a: Amoonguss|[spread] p2a,p2b\n|-damage|p2a: Amoonguss|0 fnt\n|-damage|p2b: Iron Bundle|0 fnt\n|-unboost|p1a: Gholdengo|spa|1\n|faint|p2a: Amoonguss\n|faint|p2b: Iron Bundle\n|-end|p2b: Iron Bundle|Quark Drive|[silent]\n|\n|upkeep\n|\n|t:|1682642362\n|switch|p2b: Flutter Mane|Flutter Mane, L50, tera:Fairy|55\/100\n|switch|p2a: Chien-Pao|Chien-Pao, L50|100\/100\n|-ability|p2a: Chien-Pao|Sword of Ruin\n|turn|6\n|-message|stardust_XX forfeited.\n|\n|win|Pokebet\n|raw|Pokebet's rating: 1362 → 1380<\/strong> (+18 for winning)\n|raw|stardust_XX's rating: 1324 → 1306<\/strong> (-18 for losing)\n|l|\u2606stardust_XX\n","uploadtime":1682642377,"views":7,"p1id":"pokebet","p2id":"stardustxx","formatid":"gen9vgc2023regulationc","rating":1306,"private":0,"password":""}