{"id":"gen9vgc2023regulationc-1864347563","p1":"Mike2811","p2":"Crackheadfred","format":"[Gen 9] VGC 2023 Regulation C","log":"|j|\u2606Mike2811\n|j|\u2606Crackheadfred\n|t:|1684158126\n|gametype|doubles\n|player|p1|Mike2811|2|1121\n|player|p2|Crackheadfred|266|1039\n|teamsize|p1|6\n|teamsize|p2|6\n|gen|9\n|tier|[Gen 9] VGC 2023 Regulation C\n|rated|\n|rule|Species Clause: Limit one of each Pok\u00e9mon\n|rule|Item Clause: Limit one of each item\n|clearpoke\n|poke|p1|Azumarill, L50, F|\n|poke|p1|Oranguru, L50, F|\n|poke|p1|Torkoal, L50, F|\n|poke|p1|Dragapult, L50, F|\n|poke|p1|Kingambit, L50, F|\n|poke|p1|Breloom, L50, M|\n|poke|p2|Drifblim, L50, F|\n|poke|p2|Gholdengo, L50|\n|poke|p2|Flutter Mane, L50|\n|poke|p2|Iron Hands, L50|\n|poke|p2|Tyranitar, L50, F|\n|poke|p2|Meowscarada, L50, M|\n|teampreview|4\n|inactive|Battle timer is ON: inactive players will automatically lose when time's up. (requested by Mike2811)\n|\n|t:|1684158153\n|start\n|switch|p1a: Oranguru|Oranguru, L50, F|100\/100\n|switch|p1b: Dragapult|Dragapult, L50, F|100\/100\n|switch|p2a: Iron Hands|Iron Hands, L50|100\/100\n|switch|p2b: Tyranitar|Tyranitar, L50, F|100\/100\n|-ability|p2b: Tyranitar|Unnerve\n|turn|1\n|\n|t:|1684158177\n|move|p2a: Iron Hands|Fake Out|p1a: Oranguru\n|-damage|p1a: Oranguru|83\/100\n|move|p1b: Dragapult|Dragon Darts|p2b: Tyranitar\n|-damage|p2b: Tyranitar|70\/100\n|-anim|p1b: Dragapult|Dragon Darts|p2a: Iron Hands\n|-damage|p2a: Iron Hands|78\/100\n|-damage|p1b: Dragapult|91\/100|[from] item: Life Orb\n|move|p2b: Tyranitar|Crunch|p1a: Oranguru\n|-supereffective|p1a: Oranguru\n|-damage|p1a: Oranguru|0 fnt\n|faint|p1a: Oranguru\n|\n|upkeep\n|\n|t:|1684158190\n|switch|p1a: Torkoal|Torkoal, L50, F|100\/100\n|-weather|SunnyDay|[from] ability: Drought|[of] p1a: Torkoal\n|turn|2\n|\n|t:|1684158210\n|-terastallize|p1b: Dragapult|Dragon\n|move|p1b: Dragapult|Dragon Darts|p2a: Iron Hands\n|-damage|p2a: Iron Hands|50\/100\n|-anim|p1b: Dragapult|Dragon Darts|p2b: Tyranitar\n|-damage|p2b: Tyranitar|32\/100\n|-damage|p1b: Dragapult|81\/100|[from] item: Life Orb\n|move|p2b: Tyranitar|Crunch|p1b: Dragapult\n|-crit|p1b: Dragapult\n|-damage|p1b: Dragapult|6\/100\n|move|p2a: Iron Hands|Close Combat|p1a: Torkoal\n|-damage|p1a: Torkoal|47\/100\n|-unboost|p2a: Iron Hands|def|1\n|-unboost|p2a: Iron Hands|spd|1\n|move|p1a: Torkoal|Heat Wave|p2a: Iron Hands|[spread] p2a,p2b\n|-resisted|p2b: Tyranitar\n|-damage|p2a: Iron Hands|1\/100\n|-damage|p2b: Tyranitar|9\/100\n|\n|-weather|SunnyDay|[upkeep]\n|upkeep\n|turn|3\n|inactive|Mike2811 has 30 seconds left.\n|\n|t:|1684158240\n|move|p1b: Dragapult|Dragon Darts|p2a: Iron Hands\n|-damage|p2a: Iron Hands|0 fnt\n|-anim|p1b: Dragapult|Dragon Darts|p2b: Tyranitar\n|-damage|p2b: Tyranitar|0 fnt\n|faint|p2a: Iron Hands\n|-end|p2a: Iron Hands|Quark Drive|[silent]\n|faint|p2b: Tyranitar\n|-damage|p1b: Dragapult|0 fnt|[from] item: Life Orb\n|faint|p1b: Dragapult\n|move|p1a: Torkoal|Eruption|p2: Iron Hands|[notarget]\n|-fail|p1a: Torkoal\n|\n|-weather|SunnyDay|[upkeep]\n|upkeep\n|\n|t:|1684158251\n|switch|p1b: Kingambit|Kingambit, L50, F|100\/100\n|switch|p2b: Gholdengo|Gholdengo, L50|100\/100\n|switch|p2a: Flutter Mane|Flutter Mane, L50|100\/100\n|-activate|p2a: Flutter Mane|ability: Protosynthesis\n|-start|p2a: Flutter Mane|protosynthesisspe\n|turn|4\n|inactive|Crackheadfred has 30 seconds left.\n|\n|t:|1684158278\n|-terastallize|p2b: Gholdengo|Fairy\n|move|p1b: Kingambit|Sucker Punch|p2a: Flutter Mane\n|-damage|p2a: Flutter Mane|7\/100\n|move|p2a: Flutter Mane|Dazzling Gleam|p1b: Kingambit|[spread] p1a,p1b\n|-resisted|p1a: Torkoal\n|-damage|p1a: Torkoal|27\/100\n|-damage|p1b: Kingambit|70\/100\n|move|p2b: Gholdengo|Dazzling Gleam|p1b: Kingambit|[spread] p1a,p1b\n|-resisted|p1a: Torkoal\n|-damage|p1a: Torkoal|7\/100\n|-damage|p1b: Kingambit|40\/100\n|move|p1a: Torkoal|Heat Wave|p2b: Gholdengo|[spread] p2a,p2b\n|-damage|p2a: Flutter Mane|0 fnt\n|-damage|p2b: Gholdengo|37\/100\n|faint|p2a: Flutter Mane\n|-end|p2a: Flutter Mane|Protosynthesis|[silent]\n|\n|-weather|SunnyDay|[upkeep]\n|upkeep\n|turn|5\n|\n|t:|1684158302\n|move|p1b: Kingambit|Sucker Punch|p2b: Gholdengo\n|-resisted|p2b: Gholdengo\n|-damage|p2b: Gholdengo|11\/100\n|move|p2b: Gholdengo|Dazzling Gleam|p1b: Kingambit|[spread] p1a,p1b\n|-resisted|p1a: Torkoal\n|-damage|p1a: Torkoal|0 fnt\n|-damage|p1b: Kingambit|7\/100\n|faint|p1a: Torkoal\n|\n|-weather|SunnyDay|[upkeep]\n|upkeep\n|turn|6\n|\n|t:|1684158312\n|move|p1b: Kingambit|Sucker Punch|p2b: Gholdengo\n|-resisted|p2b: Gholdengo\n|-damage|p2b: Gholdengo|0 fnt\n|faint|p2b: Gholdengo\n|\n|win|Mike2811\n|raw|Mike2811's rating: 1121 → 1140<\/strong> (+19 for winning)\n|raw|Crackheadfred's rating: 1039 → 1027<\/strong> (-12 for losing)\n|l|\u2606Crackheadfred\n","uploadtime":1684158318,"views":9,"p1id":"mike2811","p2id":"crackheadfred","formatid":"gen9vgc2023regulationc","rating":1027,"private":0,"password":""}