{"id":"gen9vgc2023regulationc-1848167593","p1":"Zeltink","p2":"Hi its joe","format":"[Gen 9] VGC 2023 Regulation C","log":"|j|\u2606Zeltink\n|j|\u2606Hi its joe\n|t:|1682037695\n|gametype|doubles\n|player|p1|Zeltink|ethan|1000\n|player|p2|Hi its joe|palmer|1033\n|teamsize|p1|6\n|teamsize|p2|6\n|gen|9\n|tier|[Gen 9] VGC 2023 Regulation C\n|rated|\n|rule|Species Clause: Limit one of each Pok\u00e9mon\n|rule|Item Clause: Limit one of each item\n|clearpoke\n|poke|p1|Dragonite, L50, F|\n|poke|p1|Lycanroc-Dusk, L50, M|\n|poke|p1|Arcanine, L50, F|\n|poke|p1|Dragapult, L50, F|\n|poke|p1|Palafin, L50, M|\n|poke|p1|Tyranitar, L50, F|\n|poke|p2|Corviknight, L50, F|\n|poke|p2|Great Tusk, L50|\n|poke|p2|Flutter Mane, L50|\n|poke|p2|Murkrow, L50, M|\n|poke|p2|Chi-Yu, L50|\n|poke|p2|Brute Bonnet, L50|\n|teampreview|4\n|inactive|Battle timer is ON: inactive players will automatically lose when time's up. (requested by Zeltink)\n|inactive|Hi its joe has 60 seconds left.\n|\n|t:|1682037755\n|start\n|switch|p1a: Palafin|Palafin, L50, M|100\/100\n|switch|p1b: Arcanine|Arcanine, L50, F|100\/100\n|switch|p2a: Corviknight|Corviknight, L50, F, shiny|100\/100\n|switch|p2b: Murkrow|Murkrow, L50, M, shiny|100\/100\n|-ability|p1b: Arcanine|Intimidate|boost\n|-ability|p2a: Corviknight|Mirror Armor\n|-unboost|p1b: Arcanine|atk|1\n|-unboost|p2b: Murkrow|atk|1\n|turn|1\n|inactive|Zeltink has 30 seconds left.\n|inactive|Hi its joe has 30 seconds left.\n|\n|t:|1682037785\n|detailschange|p1a: Palafin|Palafin-Hero, L50, M\n|switch|p1a: Tyranitar|Tyranitar, L50, F|100\/100\n|-weather|Sandstorm|[from] ability: Sand Stream|[of] p1a: Tyranitar\n|-terastallize|p2a: Corviknight|Fire\n|move|p2b: Murkrow|Tailwind|p2b: Murkrow\n|-sidestart|p2: Hi its joe|move: Tailwind\n|move|p2a: Corviknight|Brave Bird|p1b: Arcanine\n|-damage|p1b: Arcanine|16\/100\n|-damage|p2a: Corviknight|84\/100|[from] item: Rocky Helmet|[of] p1b: Arcanine\n|-damage|p2a: Corviknight|55\/100|[from] Recoil\n|move|p1b: Arcanine|Will-O-Wisp|p2a: Corviknight\n|-immune|p2a: Corviknight\n|\n|-weather|Sandstorm|[upkeep]\n|-damage|p2b: Murkrow|95\/100|[from] Sandstorm\n|-damage|p2a: Corviknight|49\/100|[from] Sandstorm\n|-damage|p1b: Arcanine|10\/100|[from] Sandstorm\n|upkeep\n|turn|2\n|inactive|Zeltink has 30 seconds left.\n|inactive|Hi its joe has 30 seconds left.\n|inactive|Hi its joe has 20 seconds left.\n|\n|t:|1682037822\n|switch|p2a: Great Tusk|Great Tusk, L50|100\/100\n|move|p1b: Arcanine|Extreme Speed|p2b: Murkrow\n|-damage|p2b: Murkrow|76\/100\n|move|p2b: Murkrow|Sunny Day|p2b: Murkrow\n|-weather|SunnyDay\n|-activate|p2a: Great Tusk|ability: Protosynthesis\n|-start|p2a: Great Tusk|protosynthesisatk\n|move|p1a: Tyranitar|Dragon Dance|p1a: Tyranitar\n|-boost|p1a: Tyranitar|atk|1\n|-boost|p1a: Tyranitar|spe|1\n|\n|-weather|SunnyDay|[upkeep]\n|upkeep\n|turn|3\n|inactive|Zeltink has 30 seconds left.\n|\n|t:|1682037855\n|-terastallize|p1a: Tyranitar|Flying\n|move|p2b: Murkrow|Haze|p2b: Murkrow\n|-clearallboost\n|move|p2a: Great Tusk|Earthquake|p1a: Tyranitar|[spread] p1b\n|-immune|p2b: Murkrow\n|-immune|p1a: Tyranitar\n|-supereffective|p1b: Arcanine\n|-damage|p1b: Arcanine|0 fnt\n|faint|p1b: Arcanine\n|move|p1a: Tyranitar|Dragon Dance|p1a: Tyranitar\n|-boost|p1a: Tyranitar|atk|1\n|-boost|p1a: Tyranitar|spe|1\n|\n|-weather|SunnyDay|[upkeep]\n|upkeep\n|\n|t:|1682037871\n|switch|p1b: Lycanroc|Lycanroc-Dusk, L50, M|100\/100\n|turn|4\n|\n|t:|1682037885\n|move|p2b: Murkrow|Haze|p2b: Murkrow\n|-clearallboost\n|move|p2a: Great Tusk|Earthquake|p1a: Tyranitar|[spread] p1b\n|-immune|p2b: Murkrow\n|-immune|p1a: Tyranitar\n|-supereffective|p1b: Lycanroc\n|-enditem|p1b: Lycanroc|Focus Sash\n|-damage|p1b: Lycanroc|1\/100\n|move|p1b: Lycanroc|Swords Dance|p1b: Lycanroc\n|-boost|p1b: Lycanroc|atk|2\n|move|p1a: Tyranitar|Rock Slide|p2a: Great Tusk|[spread] p2a,p2b\n|-resisted|p2a: Great Tusk\n|-supereffective|p2b: Murkrow\n|-damage|p2a: Great Tusk|95\/100\n|-damage|p2b: Murkrow|15\/100\n|\n|-weather|SunnyDay|[upkeep]\n|-sideend|p2: Hi its joe|move: Tailwind\n|upkeep\n|turn|5\n|inactive|Hi its joe has 30 seconds left.\n|\n|t:|1682037916\n|move|p1b: Lycanroc|Accelerock|p2b: Murkrow\n|-supereffective|p2b: Murkrow\n|-damage|p2b: Murkrow|0 fnt\n|faint|p2b: Murkrow\n|move|p2a: Great Tusk|Earthquake|p1b: Lycanroc|[spread] p1b\n|-immune|p1a: Tyranitar\n|-supereffective|p1b: Lycanroc\n|-damage|p1b: Lycanroc|0 fnt\n|faint|p1b: Lycanroc\n|move|p1a: Tyranitar|Dragon Dance|p1a: Tyranitar\n|-boost|p1a: Tyranitar|atk|1\n|-boost|p1a: Tyranitar|spe|1\n|\n|-weather|SunnyDay|[upkeep]\n|upkeep\n|inactive|Hi its joe has 30 seconds left.\n|\n|t:|1682037943\n|switch|p1b: Palafin|Palafin-Hero, L50, M|100\/100\n|switch|p2b: Corviknight|Corviknight, L50, F, shiny, tera:Fire|49\/100\n|-activate|p1b: Palafin|ability: Zero to Hero\n|turn|6\n|\n|t:|1682037960\n|move|p1b: Palafin|Jet Punch|p2a: Great Tusk\n|-supereffective|p2a: Great Tusk\n|-damage|p2a: Great Tusk|60\/100\n|move|p2a: Great Tusk|Earthquake|p1a: Tyranitar|[spread] p2b,p1b\n|-immune|p1a: Tyranitar\n|-supereffective|p2b: Corviknight\n|-damage|p2b: Corviknight|0 fnt\n|-damage|p1b: Palafin|47\/100\n|faint|p2b: Corviknight\n|move|p1a: Tyranitar|Rock Slide|p2a: Great Tusk\n|-resisted|p2a: Great Tusk\n|-damage|p2a: Great Tusk|49\/100\n|\n|-weather|none\n|-end|p2a: Great Tusk|Protosynthesis\n|upkeep\n|\n|t:|1682037971\n|switch|p2b: Flutter Mane|Flutter Mane, L50|100\/100\n|turn|7\n|\n|t:|1682037993\n|move|p1b: Palafin|Protect|p1b: Palafin\n|-singleturn|p1b: Palafin|Protect\n|move|p2a: Great Tusk|Earthquake|p1b: Palafin|[spread] p2b\n|-activate|p1b: Palafin|move: Protect\n|-immune|p1a: Tyranitar\n|-damage|p2b: Flutter Mane|27\/100\n|move|p2b: Flutter Mane|Moonblast|p1a: Tyranitar\n|-damage|p1a: Tyranitar|29\/100\n|move|p1a: Tyranitar|Crunch|p2b: Flutter Mane\n|-damage|p2b: Flutter Mane|0 fnt\n|faint|p2b: Flutter Mane\n|-end|p2b: Flutter Mane|Protosynthesis|[silent]\n|\n|upkeep\n|turn|8\n|-message|Hi its joe forfeited.\n|\n|win|Zeltink\n|raw|Zeltink's rating: 1000 → 1044<\/strong> (+44 for winning)\n|raw|Hi its joe's rating: 1033 → 1017<\/strong> (-16 for losing)\n|l|\u2606Hi its joe\n","uploadtime":1682038014,"views":9,"p1id":"zeltink","p2id":"hiitsjoe","formatid":"gen9vgc2023regulationc","rating":1017,"private":0,"password":""}