{"id":"gen9vgc2023regulationc-1863700356","p1":"MiiverseVGC","p2":"RedsilverFR","format":"[Gen 9] VGC 2023 Regulation C","log":"|j|\u2606MiiverseVGC\n|j|\u2606RedsilverFR\n|t:|1684063042\n|gametype|doubles\n|player|p1|MiiverseVGC|2|\n|player|p2|RedsilverFR|lucas|\n|teamsize|p1|6\n|teamsize|p2|6\n|gen|9\n|tier|[Gen 9] VGC 2023 Regulation C\n|rule|Species Clause: Limit one of each Pok\u00e9mon\n|rule|Item Clause: Limit one of each item\n|clearpoke\n|poke|p1|Flutter Mane, L50|\n|poke|p1|Chi-Yu, L50|\n|poke|p1|Ting-Lu, L50|\n|poke|p1|Dondozo, L50, F|\n|poke|p1|Glimmora, L50, F|\n|poke|p1|Dragonite, L50, F|\n|poke|p2|Murkrow, L50, F|\n|poke|p2|Garchomp, L50, F|\n|poke|p2|Amoonguss, L50, F|\n|poke|p2|Rotom-Wash, L50|\n|poke|p2|Arcanine, L50, F|\n|poke|p2|Flutter Mane, L50|\n|teampreview|4\nRedsilverFR has agreed to open team sheets.\n|c|\u2606RedsilverFR|G2\nMiiverseVGC has agreed to open team sheets.\n|c|\u2606RedsilverFR|Glhf\n|c|\u2606MiiverseVGC|you too!\n|j| baaaaat_\n|j| Sratsym\n|\n|t:|1684063765\n|start\n|switch|p1a: Dondozo|Dondozo, L50, F, shiny|100\/100\n|switch|p1b: Ting-Lu|Ting-Lu, L50|100\/100\n|switch|p2a: Bouhhh|Flutter Mane, L50|100\/100\n|switch|p2b: Fshhhhh|Amoonguss, L50, F, shiny|100\/100\n|-ability|p1b: Ting-Lu|Vessel of Ruin\n|turn|1\n|\n|t:|1684063803\n|move|p2a: Bouhhh|Moonblast|p1b: Ting-Lu\n|-supereffective|p1b: Ting-Lu\n|-damage|p1b: Ting-Lu|54\/100\n|-unboost|p1b: Ting-Lu|spa|1\n|move|p1b: Ting-Lu|Heavy Slam|p2a: Bouhhh\n|-supereffective|p2a: Bouhhh\n|-damage|p2a: Bouhhh|0 fnt\n|faint|p2a: Bouhhh\n|-end|p2a: Bouhhh|Protosynthesis|[silent]\n|move|p1a: Dondozo|Yawn|p2b: Fshhhhh\n|-start|p2b: Fshhhhh|move: Yawn|[of] p1a: Dondozo\n|move|p2b: Fshhhhh|Spore|p1a: Dondozo\n|-status|p1a: Dondozo|slp|[from] move: Spore\n|\n|upkeep\n|\n|t:|1684063812\n|switch|p2a: Grrrrrrr|Garchomp, L50, F|100\/100\n|turn|2\n|\n|t:|1684063839\n|switch|p2b: RhhhWoaf|Arcanine, L50, F|100\/100\n|-ability|p2b: RhhhWoaf|Intimidate|boost\n|-fail|p1a: Dondozo|unboost|Attack|[from] ability: Oblivious|[of] p1a: Dondozo\n|-unboost|p1b: Ting-Lu|atk|1\n|move|p2a: Grrrrrrr|Swords Dance|p2a: Grrrrrrr\n|-boost|p2a: Grrrrrrr|atk|2\n|move|p1b: Ting-Lu|Ruination|p2a: Grrrrrrr\n|-damage|p2a: Grrrrrrr|51\/100\n|cant|p1a: Dondozo|slp\n|\n|upkeep\n|turn|3\n|\n|t:|1684063873\n|switch|p2b: Fshhhhh|Amoonguss, L50, F, shiny|100\/100\n|move|p2a: Grrrrrrr|Dragon Claw|p1a: Dondozo\n|-damage|p1a: Dondozo|40\/100 slp\n|-damage|p2a: Grrrrrrr|41\/100|[from] item: Life Orb\n|move|p1b: Ting-Lu|Ruination|p2b: Fshhhhh\n|-damage|p2b: Fshhhhh|51\/100\n|cant|p1a: Dondozo|slp\n|\n|-heal|p1a: Dondozo|46\/100 slp|[from] item: Leftovers\n|upkeep\n|turn|4\n|\n|t:|1684063910\n|cant|p1a: Dondozo|slp\n|move|p2a: Grrrrrrr|Dragon Claw|p1a: Dondozo\n|-damage|p1a: Dondozo|0 fnt\n|faint|p1a: Dondozo\n|-damage|p2a: Grrrrrrr|31\/100|[from] item: Life Orb\n|move|p1b: Ting-Lu|Earthquake|p2a: Grrrrrrr|[spread] p2a,p2b\n|-damage|p2a: Grrrrrrr|8\/100\n|-damage|p2b: Fshhhhh|32\/100\n|move|p2b: Fshhhhh|Pollen Puff|p2a: Grrrrrrr\n|-heal|p2a: Grrrrrrr|57\/100\n|\n|upkeep\n|\n|t:|1684063924\n|switch|p1a: Chi-Yu|Chi-Yu, L50|100\/100\n|-ability|p1a: Chi-Yu|Beads of Ruin\n|turn|5\n|\n|t:|1684063948\n|switch|p1b: Flutter Mane|Flutter Mane, L50, shiny|100\/100\n|-terastallize|p1a: Chi-Yu|Grass\n|move|p2a: Grrrrrrr|Protect|p2a: Grrrrrrr\n|-singleturn|p2a: Grrrrrrr|Protect\n|move|p1a: Chi-Yu|Dark Pulse|p2a: Grrrrrrr\n|-activate|p2a: Grrrrrrr|move: Protect\n|move|p2b: Fshhhhh|Spore|p1b: Flutter Mane\n|-status|p1b: Flutter Mane|slp|[from] move: Spore\n|\n|upkeep\n|turn|6\n|\n|t:|1684063970\n|switch|p2a: RhhhWoaf|Arcanine, L50, F|100\/100\n|-ability|p2a: RhhhWoaf|Intimidate|boost\n|-unboost|p1a: Chi-Yu|atk|1\n|-unboost|p1b: Flutter Mane|atk|1\n|move|p2b: Fshhhhh|Protect|p2b: Fshhhhh\n|-singleturn|p2b: Fshhhhh|Protect\n|move|p1a: Chi-Yu|Dark Pulse|p2a: RhhhWoaf\n|-damage|p2a: RhhhWoaf|57\/100\n|cant|p1b: Flutter Mane|slp\n|\n|upkeep\n|turn|7\n|\n|t:|1684064002\n|move|p1a: Chi-Yu|Dark Pulse|p2b: Fshhhhh\n|-damage|p2b: Fshhhhh|0 fnt\n|faint|p2b: Fshhhhh\n|-curestatus|p1b: Flutter Mane|slp|[msg]\n|move|p1b: Flutter Mane|Hex|p2a: RhhhWoaf\n|-crit|p2a: RhhhWoaf\n|-damage|p2a: RhhhWoaf|0 fnt\n|faint|p2a: RhhhWoaf\n|\n|upkeep\n|c|\u2606RedsilverFR|Ggs\n|-message|RedsilverFR forfeited.\n|\n|win|MiiverseVGC\n|l|\u2606RedsilverFR\n|c|\u2606MiiverseVGC|ggs\n|l| baaaaat_\n","uploadtime":1684064051,"views":16,"p1id":"miiversevgc","p2id":"redsilverfr","formatid":"gen9vgc2023regulationc","rating":0,"private":0,"password":""}