{"id":"gen9vgc2023regulationc-1848606008","p1":"sauceconnoisseur","p2":"Kianianian","format":"[Gen 9] VGC 2023 Regulation C","log":"|j|\u2606sauceconnoisseur\n|j|\u2606Kianianian\n|t:|1682093913\n|gametype|doubles\n|player|p1|sauceconnoisseur|swimmer|1304\n|player|p2|Kianianian|lucas|1217\n|teamsize|p1|6\n|teamsize|p2|6\n|gen|9\n|tier|[Gen 9] VGC 2023 Regulation C\n|rated|\n|rule|Species Clause: Limit one of each Pok\u00e9mon\n|rule|Item Clause: Limit one of each item\n|clearpoke\n|poke|p1|Maushold, L50|\n|poke|p1|Annihilape, L50, M|\n|poke|p1|Amoonguss, L50, M|\n|poke|p1|Flutter Mane, L50|\n|poke|p1|Talonflame, L50, M|\n|poke|p1|Palafin, L50, F|\n|poke|p2|Espathra, L50, M|\n|poke|p2|Flutter Mane, L50|\n|poke|p2|Glimmora, L50, M|\n|poke|p2|Sandy Shocks, L50|\n|poke|p2|Maushold, L50|\n|poke|p2|Grimmsnarl, L50, M|\n|teampreview|4\n|inactive|Battle timer is ON: inactive players will automatically lose when time's up. (requested by Kianianian)\nsauceconnoisseur has agreed to open team sheets.\n|inactive|sauceconnoisseur has 60 seconds left.\n|\n|t:|1682093970\n|start\n|switch|p1a: Talonflame|Talonflame, L50, M|100\/100\n|switch|p1b: Palafin|Palafin, L50, F|100\/100\n|switch|p2a: Sandy Shocks|Sandy Shocks, L50|100\/100\n|switch|p2b: Espathra|Espathra, L50, M|100\/100\n|turn|1\n|inactive|sauceconnoisseur has 30 seconds left.\n|inactive|Kianianian has 30 seconds left.\n|inactive|Kianianian has 20 seconds left.\n|\n|t:|1682094006\n|detailschange|p1b: Palafin|Palafin-Hero, L50, F\n|switch|p1b: Amoonguss|Amoonguss, L50, M|100\/100\n|-terastallize|p1a: Talonflame|Grass\n|move|p1a: Talonflame|Taunt|p2a: Sandy Shocks\n|-start|p2a: Sandy Shocks|move: Taunt\n|cant|p2a: Sandy Shocks|move: Taunt|Gravity\n|move|p2b: Espathra|Hypnosis|p1b: Amoonguss|[miss]\n|-miss|p2b: Espathra|p1b: Amoonguss\n|\n|-ability|p2b: Espathra|Speed Boost|boost\n|-boost|p2b: Espathra|spe|1\n|upkeep\n|turn|2\n|\n|t:|1682094022\n|move|p1b: Amoonguss|Rage Powder|p1b: Amoonguss\n|-singleturn|p1b: Amoonguss|move: Rage Powder\n|move|p2b: Espathra|Hypnosis|p1b: Amoonguss\n|-status|p1b: Amoonguss|slp|[from] move: Hypnosis\n|move|p1a: Talonflame|Taunt|p2b: Espathra\n|-start|p2b: Espathra|move: Taunt\n|move|p2a: Sandy Shocks|Volt Switch|p1b: Amoonguss\n|-resisted|p1b: Amoonguss\n|-damage|p1b: Amoonguss|86\/100 slp\n|inactive|Kianianian has 30 seconds left.\n|\n|t:|1682094047\n|-end|p2a: Sandy Shocks|Protosynthesis|[silent]\n|switch|p2a: Flutter Mane|Flutter Mane, L50|100\/100|[from] Volt Switch\n|-enditem|p2a: Flutter Mane|Booster Energy\n|-activate|p2a: Flutter Mane|ability: Protosynthesis|[fromitem]\n|-start|p2a: Flutter Mane|protosynthesisspa\n|\n|-ability|p2b: Espathra|Speed Boost|boost\n|-boost|p2b: Espathra|spe|1\n|upkeep\n|turn|3\n|\n|t:|1682094069\n|move|p1a: Talonflame|Tailwind|p1a: Talonflame\n|-sidestart|p1: sauceconnoisseur|move: Tailwind\n|move|p2b: Espathra|Lumina Crash|p1a: Talonflame\n|-damage|p1a: Talonflame|51\/100\n|move|p2a: Flutter Mane|Hex|p1b: Amoonguss\n|-damage|p1b: Amoonguss|0 fnt\n|faint|p1b: Amoonguss\n|\n|-ability|p2b: Espathra|Speed Boost|boost\n|-boost|p2b: Espathra|spe|1\n|upkeep\n|inactive|sauceconnoisseur has 30 seconds left.\n|inactive|sauceconnoisseur has 20 seconds left.\n|inactive|sauceconnoisseur has 15 seconds left.\n|\n|t:|1682094113\n|switch|p1b: Mane 2.0|Flutter Mane, L50|100\/100\n|turn|4\n|inactive|Kianianian has 30 seconds left.\n|inactive|Kianianian has 20 seconds left.\n|inactive|Kianianian has 15 seconds left.\n|inactive|Kianianian has 10 seconds left.\n|\n|t:|1682094160\n|move|p2a: Flutter Mane|Protect|p2a: Flutter Mane\n|-singleturn|p2a: Flutter Mane|Protect\n|move|p2b: Espathra|Lumina Crash|p1b: Mane 2.0\n|-damage|p1b: Mane 2.0|68\/100\n|-unboost|p1b: Mane 2.0|spd|2\n|move|p1a: Talonflame|Brave Bird|p2b: Espathra\n|-damage|p2b: Espathra|36\/100\n|-damage|p1a: Talonflame|31\/100|[from] Recoil\n|move|p1b: Mane 2.0|Shadow Ball|p2b: Espathra\n|-supereffective|p2b: Espathra\n|-damage|p2b: Espathra|0 fnt\n|faint|p2b: Espathra\n|-damage|p1b: Mane 2.0|58\/100|[from] item: Life Orb\n|\n|upkeep\n|\n|t:|1682094172\n|switch|p2b: Maushold|Maushold, L50|100\/100\n|turn|5\n|\n|t:|1682094183\n|-terastallize|p2a: Flutter Mane|Fairy\n|move|p1b: Mane 2.0|Protect|p1b: Mane 2.0\n|-singleturn|p1b: Mane 2.0|Protect\n|move|p2b: Maushold|Follow Me|p2b: Maushold\n|-singleturn|p2b: Maushold|move: Follow Me\n|move|p1a: Talonflame|Taunt|p2b: Maushold\n|-start|p2b: Maushold|move: Taunt\n|move|p2a: Flutter Mane|Dazzling Gleam|p1a: Talonflame|[spread] p1a\n|-activate|p1b: Mane 2.0|move: Protect\n|-damage|p1a: Talonflame|0 fnt\n|faint|p1a: Talonflame\n|\n|upkeep\n|\n|t:|1682094186\n|switch|p1a: Palafin|Palafin-Hero, L50, F|100\/100\n|-activate|p1a: Palafin|ability: Zero to Hero\n|turn|6\n|inactive|sauceconnoisseur has 30 seconds left.\n|inactive|sauceconnoisseur has 20 seconds left.\n|\n|t:|1682094226\n|switch|p2b: Sandy Shocks|Sandy Shocks, L50|100\/100\n|move|p2a: Flutter Mane|Protect|p2a: Flutter Mane\n|-singleturn|p2a: Flutter Mane|Protect\n|move|p1b: Mane 2.0|Dazzling Gleam|p2a: Flutter Mane|[spread] p2b\n|-activate|p2a: Flutter Mane|move: Protect\n|-damage|p2b: Sandy Shocks|51\/100\n|-damage|p1b: Mane 2.0|49\/100|[from] item: Life Orb\n|move|p1a: Palafin|Wave Crash|p2a: Flutter Mane\n|-activate|p2a: Flutter Mane|move: Protect\n|\n|-sideend|p1: sauceconnoisseur|move: Tailwind\n|upkeep\n|turn|7\n|\n|t:|1682094250\n|move|p1a: Palafin|Protect|p1a: Palafin\n|-singleturn|p1a: Palafin|Protect\n|move|p2a: Flutter Mane|Dazzling Gleam|p1b: Mane 2.0|[spread] p1b\n|-activate|p1a: Palafin|move: Protect\n|-damage|p1b: Mane 2.0|0 fnt\n|faint|p1b: Mane 2.0\n|-end|p1b: Mane 2.0|Protosynthesis|[silent]\n|move|p2b: Sandy Shocks|Volt Switch|p1a: Palafin\n|-activate|p1a: Palafin|move: Protect\n|\n|upkeep\n|turn|8\n|\n|t:|1682094259\n|move|p1a: Palafin|Jet Punch|p2b: Sandy Shocks\n|-supereffective|p2b: Sandy Shocks\n|-damage|p2b: Sandy Shocks|0 fnt\n|faint|p2b: Sandy Shocks\n|-end|p2b: Sandy Shocks|Protosynthesis|[silent]\n|move|p2a: Flutter Mane|Dazzling Gleam|p1a: Palafin\n|-damage|p1a: Palafin|23\/100\n|\n|upkeep\n|\n|t:|1682094261\n|switch|p2b: Maushold|Maushold, L50|100\/100\n|turn|9\n|\n|t:|1682094266\n|move|p2b: Maushold|Follow Me|p2b: Maushold\n|-singleturn|p2b: Maushold|move: Follow Me\n|move|p1a: Palafin|Jet Punch|p2b: Maushold\n|-damage|p2b: Maushold|52\/100\n|move|p2a: Flutter Mane|Dazzling Gleam|p1a: Palafin\n|-damage|p1a: Palafin|0 fnt\n|faint|p1a: Palafin\n|\n|win|Kianianian\n|raw|sauceconnoisseur's rating: 1304 → 1279<\/strong> (-25 for losing)\n|raw|Kianianian's rating: 1217 → 1248<\/strong> (+31 for winning)\n|l|\u2606Kianianian\n","uploadtime":1682094276,"views":5,"p1id":"sauceconnoisseur","p2id":"kianianian","formatid":"gen9vgc2023regulationc","rating":1248,"private":0,"password":""}