{"id":"gen9vgc2023regulationc-1847046258","p1":"had sweep","p2":"leoroop","format":"[Gen 9] VGC 2023 Regulation C","log":"|j|\u203dhad sweep\n|j|\u2606leoroop\n|t:|1681914563\n|gametype|doubles\n|player|p1|had sweep|swimmer-gen4dp|1366\n|player|p2|leoroop|backpacker|1346\n|teamsize|p1|6\n|teamsize|p2|6\n|gen|9\n|tier|[Gen 9] VGC 2023 Regulation C\n|rated|\n|rule|Species Clause: Limit one of each Pok\u00e9mon\n|rule|Item Clause: Limit one of each item\n|clearpoke\n|poke|p1|Flutter Mane, L50|\n|poke|p1|Volcarona, L50, M|\n|poke|p1|Lilligant, L50, F|\n|poke|p1|Chi-Yu, L50|\n|poke|p1|Great Tusk, L50|\n|poke|p1|Torkoal, L50, F|\n|poke|p2|Indeedee-F, L50, F|\n|poke|p2|Hawlucha, L50, F|\n|poke|p2|Flutter Mane, L50|\n|poke|p2|Arcanine, L50, F|\n|poke|p2|Sandy Shocks, L50|\n|poke|p2|Tyranitar, L50, M|\n|teampreview|4\n|inactive|Battle timer is ON: inactive players will automatically lose when time's up. (requested by had sweep)\nhad sweep rejected open team sheets.\n|\n|t:|1681914593\n|start\n|switch|p1a: Great Tusk|Great Tusk, L50|100\/100\n|switch|p1b: Torkoal|Torkoal, L50, F|100\/100\n|switch|p2a: Hawlucha|Hawlucha, L50, F|100\/100\n|switch|p2b: Indeedee|Indeedee-F, L50, F|100\/100\n|-fieldstart|move: Psychic Terrain|[from] ability: Psychic Surge|[of] p2b: Indeedee\n|-enditem|p2a: Hawlucha|Psychic Seed\n|-boost|p2a: Hawlucha|spd|1|[from] item: Psychic Seed\n|-weather|SunnyDay|[from] ability: Drought|[of] p1b: Torkoal\n|-activate|p1a: Great Tusk|ability: Protosynthesis\n|-start|p1a: Great Tusk|protosynthesisatk\n|turn|1\n|\n|t:|1681914610\n|-terastallize|p2b: Indeedee|Fairy\n|move|p2a: Hawlucha|Protect|p2a: Hawlucha\n|-singleturn|p2a: Hawlucha|Protect\n|move|p1a: Great Tusk|Headlong Rush|p2b: Indeedee\n|-damage|p2b: Indeedee|34\/100\n|-unboost|p1a: Great Tusk|def|1\n|-unboost|p1a: Great Tusk|spd|1\n|move|p2b: Indeedee|Psychic|p1a: Great Tusk\n|-supereffective|p1a: Great Tusk\n|-damage|p1a: Great Tusk|0 fnt\n|faint|p1a: Great Tusk\n|-end|p1a: Great Tusk|Protosynthesis|[silent]\n|move|p1b: Torkoal|Heat Wave|p2a: Hawlucha|[spread] \n|-activate|p2a: Hawlucha|move: Protect\n|-miss|p1b: Torkoal|p2b: Indeedee\n|\n|-weather|SunnyDay|[upkeep]\n|upkeep\n|\n|t:|1681914625\n|switch|p1a: Volcarona|Volcarona, L50, M|100\/100\n|turn|2\n|\n|t:|1681914635\n|switch|p2b: Tyranitar|Tyranitar, L50, M|100\/100\n|-weather|Sandstorm|[from] ability: Sand Stream|[of] p2b: Tyranitar\n|move|p1a: Volcarona|Protect|p1a: Volcarona\n|-singleturn|p1a: Volcarona|Protect\n|move|p2a: Hawlucha|Acrobatics|p1a: Volcarona\n|-activate|p1a: Volcarona|move: Protect\n|move|p1b: Torkoal|Heat Wave|p2b: Tyranitar|[spread] p2a,p2b\n|-resisted|p2b: Tyranitar\n|-damage|p2a: Hawlucha|63\/100\n|-damage|p2b: Tyranitar|93\/100\n|\n|-weather|Sandstorm|[upkeep]\n|-damage|p2a: Hawlucha|58\/100|[from] Sandstorm\n|-damage|p1a: Volcarona|94\/100|[from] Sandstorm\n|-damage|p1b: Torkoal|94\/100|[from] Sandstorm\n|upkeep\n|turn|3\n|\n|t:|1681914651\n|switch|p1b: Lilligant|Lilligant, L50, F|100\/100\n|-terastallize|p1a: Volcarona|Water\n|move|p2a: Hawlucha|Acrobatics|p1a: Volcarona\n|-damage|p1a: Volcarona|43\/100\n|-damage|p2a: Hawlucha|41\/100|[from] item: Rocky Helmet|[of] p1a: Volcarona\n|move|p1a: Volcarona|Will-O-Wisp|p2b: Tyranitar|[miss]\n|-miss|p1a: Volcarona|p2b: Tyranitar\n|move|p2b: Tyranitar|Rock Slide|p1b: Lilligant|[spread] p1a,p1b\n|-damage|p1a: Volcarona|14\/100\n|-damage|p1b: Lilligant|55\/100\n|\n|-weather|Sandstorm|[upkeep]\n|-damage|p2a: Hawlucha|36\/100|[from] Sandstorm\n|-damage|p1b: Lilligant|49\/100|[from] Sandstorm\n|-damage|p1a: Volcarona|8\/100|[from] Sandstorm\n|upkeep\n|turn|4\n|\n|t:|1681914668\n|switch|p1a: Torkoal|Torkoal, L50, F|94\/100\n|-weather|SunnyDay|[from] ability: Drought|[of] p1a: Torkoal\n|move|p1b: Lilligant|Sleep Powder|p2a: Hawlucha\n|-status|p2a: Hawlucha|slp|[from] move: Sleep Powder\n|cant|p2a: Hawlucha|slp\n|move|p2b: Tyranitar|Rock Slide|p1a: Torkoal|[spread] p1a,p1b\n|-supereffective|p1a: Torkoal\n|-damage|p1a: Torkoal|49\/100\n|-damage|p1b: Lilligant|0 fnt\n|faint|p1b: Lilligant\n|\n|-weather|SunnyDay|[upkeep]\n|upkeep\n|\n|t:|1681914676\n|switch|p1b: Volcarona|Volcarona, L50, M, tera:Water|8\/100\n|turn|5\n|\n|t:|1681914685\n|switch|p2b: Arcanine|Arcanine, L50, F|100\/100\n|-ability|p2b: Arcanine|Intimidate|boost\n|-unboost|p1a: Torkoal|atk|1\n|-unboost|p1b: Volcarona|atk|1\n|cant|p2a: Hawlucha|slp\n|move|p1b: Volcarona|Fiery Dance|p2b: Arcanine\n|-resisted|p2b: Arcanine\n|-damage|p2b: Arcanine|76\/100\n|move|p1a: Torkoal|Heat Wave|p2b: Arcanine|[spread] p2a,p2b\n|-resisted|p2b: Arcanine\n|-damage|p2a: Hawlucha|0 fnt\n|-damage|p2b: Arcanine|49\/100\n|-enditem|p2b: Arcanine|Sitrus Berry|[eat]\n|-heal|p2b: Arcanine|73\/100|[from] item: Sitrus Berry\n|faint|p2a: Hawlucha\n|\n|-weather|SunnyDay|[upkeep]\n|-fieldend|move: Psychic Terrain\n|upkeep\n|-message|had sweep forfeited.\n|\n|win|leoroop\n|raw|had sweep's rating: 1366 → 1345<\/strong> (-21 for losing)\n|raw|leoroop's rating: 1346 → 1367<\/strong> (+21 for winning)\n|l|\u203dhad sweep\n","uploadtime":1681914706,"views":6,"p1id":"hadsweep","p2id":"leoroop","formatid":"gen9vgc2023regulationc","rating":1345,"private":0,"password":""}