{"id":"gen9vgc2023regulationc-1861488453","p1":"whorubuthi","p2":"Lelandvgc","format":"[Gen 9] VGC 2023 Regulation C","log":"|j|\u2606whorubuthi\n|j|\u2606Lelandvgc\n|t:|1683764074\n|gametype|doubles\n|player|p1|whorubuthi|266|1119\n|player|p2|Lelandvgc|2|1087\n|teamsize|p1|6\n|teamsize|p2|6\n|gen|9\n|tier|[Gen 9] VGC 2023 Regulation C\n|rated|\n|rule|Species Clause: Limit one of each Pok\u00e9mon\n|rule|Item Clause: Limit one of each item\n|clearpoke\n|poke|p1|Indeedee-F, L50, F|\n|poke|p1|Torkoal, L50, M|\n|poke|p1|Armarouge, L50, F|\n|poke|p1|Kingambit, L50, M|\n|poke|p1|Flutter Mane, L50|\n|poke|p1|Iron Bundle, L50|\n|poke|p2|Scream Tail, L50|\n|poke|p2|Gothitelle, L50, M|\n|poke|p2|Amoonguss, L50, M|\n|poke|p2|Flutter Mane, L50|\n|poke|p2|Ting-Lu, L50|\n|poke|p2|Arcanine, L50, M|\n|teampreview|4\n|inactive|Battle timer is ON: inactive players will automatically lose when time's up. (requested by Lelandvgc)\n|inactive|whorubuthi has 60 seconds left.\n|inactive|whorubuthi has 30 seconds left.\n|inactive|whorubuthi has 20 seconds left.\n|\n|t:|1683764161\n|start\n|switch|p1a: Indeedee|Indeedee-F, L50, F|100\/100\n|switch|p1b: Armarouge|Armarouge, L50, F|100\/100\n|switch|p2a: Scream Tail|Scream Tail, L50|100\/100\n|switch|p2b: Amoonguss|Amoonguss, L50, M|100\/100\n|-fieldstart|move: Psychic Terrain|[from] ability: Psychic Surge|[of] p1a: Indeedee\n|-enditem|p1a: Indeedee|Psychic Seed\n|-boost|p1a: Indeedee|spd|1|[from] item: Psychic Seed\n|-enditem|p2a: Scream Tail|Booster Energy\n|-activate|p2a: Scream Tail|ability: Protosynthesis|[fromitem]\n|-start|p2a: Scream Tail|protosynthesisspe\n|turn|1\n|inactive|whorubuthi has 30 seconds left.\n|\n|t:|1683764187\n|-terastallize|p2a: Scream Tail|Dark\n|-terastallize|p1b: Armarouge|Psychic\n|move|p1a: Indeedee|Follow Me|p1a: Indeedee\n|-singleturn|p1a: Indeedee|move: Follow Me\n|move|p2b: Amoonguss|Rage Powder|p2b: Amoonguss\n|-singleturn|p2b: Amoonguss|move: Rage Powder\n|move|p2a: Scream Tail|Perish Song|p2a: Scream Tail\n|-start|p1a: Indeedee|perish3|[silent]\n|-start|p1b: Armarouge|perish3|[silent]\n|-start|p2a: Scream Tail|perish3|[silent]\n|-start|p2b: Amoonguss|perish3|[silent]\n|-fieldactivate|move: Perish Song\n|move|p1b: Armarouge|Expanding Force|p2b: Amoonguss|[spread] p2b\n|-immune|p2a: Scream Tail\n|-supereffective|p2b: Amoonguss\n|-damage|p2b: Amoonguss|0 fnt\n|faint|p2b: Amoonguss\n|-damage|p1b: Armarouge|91\/100|[from] item: Life Orb\n|\n|-start|p2a: Scream Tail|perish3\n|-start|p1a: Indeedee|perish3\n|-start|p1b: Armarouge|perish3\n|upkeep\n|\n|t:|1683764209\n|switch|p2b: Ting-Lu|Ting-Lu, L50|100\/100\n|-ability|p2b: Ting-Lu|Vessel of Ruin\n|turn|2\n|\n|t:|1683764231\n|-end|p2a: Scream Tail|Protosynthesis|[silent]\n|switch|p2a: Gothitelle|Gothitelle, L50, M|100\/100\n|move|p1a: Indeedee|Dazzling Gleam|p2b: Ting-Lu|[spread] p2a,p2b\n|-supereffective|p2b: Ting-Lu\n|-damage|p2a: Gothitelle|91\/100\n|-damage|p2b: Ting-Lu|88\/100\n|move|p1b: Armarouge|Heat Wave|p2b: Ting-Lu|[spread] p2a,p2b\n|-damage|p2a: Gothitelle|58\/100\n|-damage|p2b: Ting-Lu|67\/100\n|-damage|p1b: Armarouge|81\/100|[from] item: Life Orb\n|move|p2b: Ting-Lu|Throat Chop|p1b: Armarouge\n|-supereffective|p1b: Armarouge\n|-crit|p1b: Armarouge\n|-damage|p1b: Armarouge|0 fnt\n|faint|p1b: Armarouge\n|\n|-heal|p2b: Ting-Lu|73\/100|[from] item: Leftovers\n|-start|p1a: Indeedee|perish2\n|upkeep\n|\n|t:|1683764237\n|switch|p1b: Kingambit|Kingambit, L50, M|100\/100\n|turn|3\n|\n|t:|1683764252\n|move|p2a: Gothitelle|Protect|p2a: Gothitelle\n|-singleturn|p2a: Gothitelle|Protect\n|move|p2b: Ting-Lu|Protect|p2b: Ting-Lu\n|-singleturn|p2b: Ting-Lu|Protect\n|move|p1a: Indeedee|Dazzling Gleam|p2a: Gothitelle|[spread] \n|-activate|p2a: Gothitelle|move: Protect\n|-activate|p2b: Ting-Lu|move: Protect\n|move|p1b: Kingambit|Kowtow Cleave|p2a: Gothitelle\n|-activate|p2a: Gothitelle|move: Protect\n|\n|-heal|p2b: Ting-Lu|79\/100|[from] item: Leftovers\n|-start|p1a: Indeedee|perish1\n|upkeep\n|turn|4\n|inactive|whorubuthi has 30 seconds left.\n|\n|t:|1683764281\n|switch|p2a: Scream Tail|Scream Tail, L50, tera:Dark|100\/100\n|move|p1a: Indeedee|Follow Me|p1a: Indeedee\n|-singleturn|p1a: Indeedee|move: Follow Me\n|move|p1b: Kingambit|Kowtow Cleave|p2a: Scream Tail\n|-resisted|p2a: Scream Tail\n|-damage|p2a: Scream Tail|80\/100\n|move|p2b: Ting-Lu|Earthquake|p1b: Kingambit|[spread] p2a,p1a,p1b\n|-supereffective|p1b: Kingambit\n|-damage|p2a: Scream Tail|59\/100\n|-damage|p1a: Indeedee|72\/100\n|-damage|p1b: Kingambit|58\/100\n|\n|-heal|p2b: Ting-Lu|85\/100|[from] item: Leftovers\n|-start|p1a: Indeedee|perish0\n|faint|p1a: Indeedee\n|upkeep\n|\n|t:|1683764287\n|switch|p1a: Torkoal|Torkoal, L50, M|100\/100\n|-weather|SunnyDay|[from] ability: Drought|[of] p1a: Torkoal\n|-activate|p2a: Scream Tail|ability: Protosynthesis\n|-start|p2a: Scream Tail|protosynthesisspe\n|turn|5\n|inactive|whorubuthi has 30 seconds left.\n|inactive|Lelandvgc has 30 seconds left.\n|\n|t:|1683764314\n|move|p2b: Ting-Lu|Protect|p2b: Ting-Lu\n|-singleturn|p2b: Ting-Lu|Protect\n|move|p2a: Scream Tail|Perish Song|p2a: Scream Tail\n|-start|p1a: Torkoal|perish3|[silent]\n|-start|p1b: Kingambit|perish3|[silent]\n|-start|p2a: Scream Tail|perish3|[silent]\n|-start|p2b: Ting-Lu|perish3|[silent]\n|-fieldactivate|move: Perish Song\n|move|p1b: Kingambit|Brick Break|p2a: Scream Tail\n|-supereffective|p2a: Scream Tail\n|-damage|p2a: Scream Tail|11\/100\n|move|p1a: Torkoal|Heat Wave|p2b: Ting-Lu|[spread] p2a\n|-activate|p2b: Ting-Lu|move: Protect\n|-damage|p2a: Scream Tail|0 fnt\n|faint|p2a: Scream Tail\n|-end|p2a: Scream Tail|Protosynthesis|[silent]\n|\n|-weather|SunnyDay|[upkeep]\n|-heal|p2b: Ting-Lu|91\/100|[from] item: Leftovers\n|-start|p1b: Kingambit|perish3\n|-start|p2b: Ting-Lu|perish3\n|-start|p1a: Torkoal|perish3\n|-fieldend|move: Psychic Terrain\n|upkeep\n|\n|t:|1683764332\n|switch|p2a: Gothitelle|Gothitelle, L50, M|58\/100\n|turn|6\n|\n|t:|1683764348\n|move|p2a: Gothitelle|Fake Out|p1b: Kingambit\n|-resisted|p1b: Kingambit\n|-damage|p1b: Kingambit|57\/100\n|cant|p1b: Kingambit|flinch\n|move|p2b: Ting-Lu|Throat Chop|p1a: Torkoal\n|-damage|p1a: Torkoal|73\/100\n|-start|p1a: Torkoal|Throat Chop|[silent]\n|move|p1a: Torkoal|Heat Wave|p2a: Gothitelle|[spread] p2a,p2b\n|-damage|p2a: Gothitelle|24\/100\n|-damage|p2b: Ting-Lu|68\/100\n|\n|-weather|SunnyDay|[upkeep]\n|-heal|p2b: Ting-Lu|74\/100|[from] item: Leftovers\n|-start|p1b: Kingambit|perish2\n|-start|p2b: Ting-Lu|perish2\n|-start|p1a: Torkoal|perish2\n|upkeep\n|turn|7\n|\n|t:|1683764370\n|move|p2a: Gothitelle|Protect|p2a: Gothitelle\n|-singleturn|p2a: Gothitelle|Protect\n|move|p2b: Ting-Lu|Protect|p2b: Ting-Lu\n|-singleturn|p2b: Ting-Lu|Protect\n|move|p1b: Kingambit|Iron Head|p2b: Ting-Lu\n|-activate|p2b: Ting-Lu|move: Protect\n|move|p1a: Torkoal|Heat Wave|p2a: Gothitelle|[spread] \n|-activate|p2a: Gothitelle|move: Protect\n|-activate|p2b: Ting-Lu|move: Protect\n|\n|-weather|SunnyDay|[upkeep]\n|-heal|p2b: Ting-Lu|80\/100|[from] item: Leftovers\n|-end|p1a: Torkoal|Throat Chop|[silent]\n|-start|p1b: Kingambit|perish1\n|-start|p2b: Ting-Lu|perish1\n|-start|p1a: Torkoal|perish1\n|upkeep\n|turn|8\n|inactive|whorubuthi has 30 seconds left.\n|inactive|whorubuthi has 20 seconds left.\n|inactive|whorubuthi has 15 seconds left.\n|\n|t:|1683764410\n|move|p2a: Gothitelle|Protect||[still]\n|-fail|p2a: Gothitelle\n|move|p1b: Kingambit|Kowtow Cleave|p2a: Gothitelle\n|-supereffective|p2a: Gothitelle\n|-damage|p2a: Gothitelle|0 fnt\n|faint|p2a: Gothitelle\n|move|p2b: Ting-Lu|Throat Chop|p1a: Torkoal\n|-damage|p1a: Torkoal|49\/100\n|-start|p1a: Torkoal|Throat Chop|[silent]\n|move|p1a: Torkoal|Heat Wave|p2b: Ting-Lu\n|-damage|p2b: Ting-Lu|44\/100\n|\n|-weather|SunnyDay|[upkeep]\n|-heal|p2b: Ting-Lu|50\/100|[from] item: Leftovers\n|-start|p1b: Kingambit|perish0\n|-start|p2b: Ting-Lu|perish0\n|-start|p1a: Torkoal|perish0\n|upkeep\n|faint|p1b: Kingambit\n|faint|p2b: Ting-Lu\n|faint|p1a: Torkoal\n|\n|win|whorubuthi\n|raw|whorubuthi's rating: 1119 → 1142<\/strong> (+23 for winning)\n|raw|Lelandvgc's rating: 1087 → 1066<\/strong> (-21 for losing)\n|c|\u2606whorubuthi|gg\n|c|\u2606whorubuthi|close\n|l|\u2606Lelandvgc\n","uploadtime":1683764440,"views":4,"p1id":"whorubuthi","p2id":"lelandvgc","formatid":"gen9vgc2023regulationc","rating":1066,"private":0,"password":""}