{"id":"gen9vgc2023regulationc-1849714910","p1":"Pikareem","p2":"QuinlanBuilds","format":"[Gen 9] VGC 2023 Regulation C","log":"|j|\u2606Pikareem\n|j|\u2606QuinlanBuilds\n|t:|1682238025\n|gametype|doubles\n|player|p1|Pikareem|steven|1242\n|player|p2|QuinlanBuilds|169|1321\n|teamsize|p1|6\n|teamsize|p2|6\n|gen|9\n|tier|[Gen 9] VGC 2023 Regulation C\n|rated|\n|rule|Species Clause: Limit one of each Pok\u00e9mon\n|rule|Item Clause: Limit one of each item\n|clearpoke\n|poke|p1|Abomasnow, L50, F|\n|poke|p1|Iron Bundle, L50|\n|poke|p1|Chi-Yu, L50|\n|poke|p1|Slither Wing, L50|\n|poke|p1|Flutter Mane, L50|\n|poke|p1|Corviknight, L50, M|\n|poke|p2|Tyranitar, L50, F|\n|poke|p2|Iron Bundle, L50|\n|poke|p2|Great Tusk, L50|\n|poke|p2|Talonflame, L50, M|\n|poke|p2|Gothitelle, L50, M|\n|poke|p2|Flutter Mane, L50|\n|teampreview|4\nPikareem has agreed to open team sheets.\n|inactive|Battle timer is ON: inactive players will automatically lose when time's up. (requested by QuinlanBuilds)\n|\n|t:|1682238069\n|start\n|switch|p1a: Abomasnow|Abomasnow, L50, F|100\/100\n|switch|p1b: Iron Bundle|Iron Bundle, L50|100\/100\n|switch|p2a: Tyranitar|Tyranitar, L50, F|100\/100\n|switch|p2b: Gothitelle|Gothitelle, L50, M|100\/100\n|-weather|Snow|[from] ability: Snow Warning|[of] p1a: Abomasnow\n|-weather|Sandstorm|[from] ability: Sand Stream|[of] p2a: Tyranitar\n|-enditem|p1b: Iron Bundle|Booster Energy\n|-activate|p1b: Iron Bundle|ability: Quark Drive|[fromitem]\n|-start|p1b: Iron Bundle|quarkdrivespe\n|turn|1\n|inactive|Pikareem has 30 seconds left.\n|inactive|Pikareem has 20 seconds left.\n|inactive|Pikareem has 15 seconds left.\n|\n|t:|1682238111\n|move|p1b: Iron Bundle|Protect|p1b: Iron Bundle\n|-singleturn|p1b: Iron Bundle|Protect\n|move|p2b: Gothitelle|Fake Out|p1b: Iron Bundle\n|-activate|p1b: Iron Bundle|move: Protect\n|move|p1a: Abomasnow|Energy Ball|p2a: Tyranitar\n|-supereffective|p2a: Tyranitar\n|-damage|p2a: Tyranitar|66\/100\n|move|p2a: Tyranitar|Rock Slide|p1a: Abomasnow|[spread] p1a\n|-activate|p1b: Iron Bundle|move: Protect\n|-supereffective|p1a: Abomasnow\n|-damage|p1a: Abomasnow|16\/100\n|\n|-weather|Sandstorm|[upkeep]\n|-damage|p1b: Iron Bundle|94\/100|[from] Sandstorm\n|-damage|p1a: Abomasnow|10\/100|[from] Sandstorm\n|-damage|p2b: Gothitelle|95\/100|[from] Sandstorm\n|upkeep\n|turn|2\n|inactive|QuinlanBuilds has 30 seconds left.\n|\n|t:|1682238145\n|-terastallize|p2a: Tyranitar|Flying\n|move|p1b: Iron Bundle|Hydro Pump|p2a: Tyranitar\n|-damage|p2a: Tyranitar|31\/100\n|move|p1a: Abomasnow|Energy Ball|p2b: Gothitelle\n|-damage|p2b: Gothitelle|64\/100\n|move|p2a: Tyranitar|Rock Slide|p1a: Abomasnow|[spread] p1a,p1b\n|-supereffective|p1a: Abomasnow\n|-supereffective|p1b: Iron Bundle\n|-damage|p1a: Abomasnow|0 fnt\n|-damage|p1b: Iron Bundle|21\/100\n|faint|p1a: Abomasnow\n|move|p2b: Gothitelle|Psychic|p1b: Iron Bundle\n|-damage|p1b: Iron Bundle|0 fnt\n|faint|p1b: Iron Bundle\n|-end|p1b: Iron Bundle|Quark Drive|[silent]\n|\n|-weather|Sandstorm|[upkeep]\n|-damage|p2a: Tyranitar|26\/100|[from] Sandstorm\n|-damage|p2b: Gothitelle|58\/100|[from] Sandstorm\n|upkeep\n|\n|t:|1682238153\n|switch|p1b: Corviknight|Corviknight, L50, M|100\/100\n|switch|p1a: Flutter Mane|Flutter Mane, L50|100\/100\n|turn|3\n|\n|t:|1682238173\n|-terastallize|p1a: Flutter Mane|Fairy\n|move|p1a: Flutter Mane|Dazzling Gleam|p2a: Tyranitar|[spread] p2a,p2b\n|-damage|p2a: Tyranitar|0 fnt\n|-damage|p2b: Gothitelle|13\/100\n|-enditem|p2b: Gothitelle|Sitrus Berry|[eat]\n|-heal|p2b: Gothitelle|38\/100|[from] item: Sitrus Berry\n|faint|p2a: Tyranitar\n|move|p1b: Corviknight|Tailwind|p1b: Corviknight\n|-sidestart|p1: Pikareem|move: Tailwind\n|move|p2b: Gothitelle|Thunder Wave|p1a: Flutter Mane\n|-status|p1a: Flutter Mane|par\n|\n|-weather|Sandstorm|[upkeep]\n|-damage|p1a: Flutter Mane|94\/100 par|[from] Sandstorm\n|-damage|p2b: Gothitelle|32\/100|[from] Sandstorm\n|upkeep\n|\n|t:|1682238193\n|switch|p2a: Talonflame|Talonflame, L50, M, shiny|100\/100\n|turn|4\n|\n|t:|1682238200\n|move|p2a: Talonflame|Tailwind|p2a: Talonflame\n|-sidestart|p2: QuinlanBuilds|move: Tailwind\n|move|p1b: Corviknight|Brave Bird|p2a: Talonflame\n|-damage|p2a: Talonflame|42\/100\n|-damage|p1b: Corviknight|84\/100|[from] Recoil\n|move|p1a: Flutter Mane|Dazzling Gleam|p2b: Gothitelle|[spread] p2a,p2b\n|-resisted|p2a: Talonflame\n|-crit|p2b: Gothitelle\n|-damage|p2a: Talonflame|0 fnt\n|-damage|p2b: Gothitelle|0 fnt\n|faint|p2a: Talonflame\n|faint|p2b: Gothitelle\n|\n|-weather|Sandstorm|[upkeep]\n|-damage|p1a: Flutter Mane|88\/100 par|[from] Sandstorm\n|upkeep\n|\n|t:|1682238210\n|switch|p2b: Great Tusk|Great Tusk, L50, shiny|100\/100\n|turn|5\n|\n|t:|1682238217\n|move|p2b: Great Tusk|Earthquake|p1a: Flutter Mane|[spread] p1a\n|-immune|p1b: Corviknight\n|-damage|p1a: Flutter Mane|0 fnt\n|faint|p1a: Flutter Mane\n|-end|p1a: Flutter Mane|Protosynthesis|[silent]\n|-damage|p2b: Great Tusk|91\/100|[from] item: Life Orb\n|move|p1b: Corviknight|Brave Bird|p2b: Great Tusk\n|-supereffective|p2b: Great Tusk\n|-damage|p2b: Great Tusk|20\/100\n|-damage|p1b: Corviknight|62\/100|[from] Recoil\n|\n|-weather|none\n|upkeep\n|turn|6\n|\n|t:|1682238240\n|move|p2b: Great Tusk|Close Combat|p1b: Corviknight\n|-damage|p1b: Corviknight|0 fnt\n|-unboost|p2b: Great Tusk|def|1\n|-unboost|p2b: Great Tusk|spd|1\n|faint|p1b: Corviknight\n|-damage|p2b: Great Tusk|11\/100|[from] item: Life Orb\n|\n|win|QuinlanBuilds\n|raw|Pikareem's rating: 1242 → 1223<\/strong> (-19 for losing)\n|raw|QuinlanBuilds's rating: 1321 → 1337<\/strong> (+16 for winning)\n","uploadtime":1682238252,"views":15,"p1id":"pikareem","p2id":"quinlanbuilds","formatid":"gen9vgc2023regulationc","rating":1223,"private":0,"password":""}