{"id":"gen9vgc2023regulationc-1848383989","p1":"MirtonVGC","p2":"HildaisViscous","format":"[Gen 9] VGC 2023 Regulation C","log":"|j|\u2606MirtonVGC\n|j|\u2606HildaisViscous\n|t:|1682070248\n|gametype|doubles\n|player|p1|MirtonVGC|101|1052\n|player|p2|HildaisViscous|hilda-wonderlauncher|1092\n|teamsize|p1|6\n|teamsize|p2|6\n|gen|9\n|tier|[Gen 9] VGC 2023 Regulation C\n|rated|\n|rule|Species Clause: Limit one of each Pok\u00e9mon\n|rule|Item Clause: Limit one of each item\n|clearpoke\n|poke|p1|Chien-Pao, L50|\n|poke|p1|Dragonite, L50, M|\n|poke|p1|Gyarados, L50, F|\n|poke|p1|Great Tusk, L50|\n|poke|p1|Flutter Mane, L50|\n|poke|p1|Kingambit, L50, M|\n|poke|p2|Garchomp, L50, F|\n|poke|p2|Salamence, L50, M|\n|poke|p2|Revavroom, L50, M|\n|poke|p2|Gyarados, L50, F|\n|poke|p2|Iron Valiant, L50|\n|poke|p2|Tinkaton, L50, F|\n|teampreview|4\n|\n|t:|1682070303\n|start\n|switch|p1a: Kingambit|Kingambit, L50, M|100\/100\n|switch|p1b: Chien-Pao|Chien-Pao, L50|100\/100\n|switch|p2a: Revavroom|Revavroom, L50, M|100\/100\n|switch|p2b: Iron Valiant|Iron Valiant, L50|100\/100\n|-ability|p1b: Chien-Pao|Sword of Ruin\n|-enditem|p2b: Iron Valiant|Booster Energy\n|-activate|p2b: Iron Valiant|ability: Quark Drive|[fromitem]\n|-start|p2b: Iron Valiant|quarkdrivespe\n|turn|1\n|\n|t:|1682070350\n|-terastallize|p1a: Kingambit|Water\n|move|p2b: Iron Valiant|Protect|p2b: Iron Valiant\n|-singleturn|p2b: Iron Valiant|Protect\n|move|p1b: Chien-Pao|Sucker Punch||[still]\n|-fail|p1b: Chien-Pao\n|move|p2a: Revavroom|Parting Shot|p1b: Chien-Pao\n|-unboost|p1b: Chien-Pao|atk|1\n|-unboost|p1b: Chien-Pao|spa|1\n|\n|t:|1682070361\n|switch|p2a: Tinkaton|Tinkaton, L50, F|100\/100|[from] Parting Shot\n|-ability|p2a: Tinkaton|Mold Breaker\n|move|p1a: Kingambit|Swords Dance|p1a: Kingambit\n|-boost|p1a: Kingambit|atk|2\n|\n|upkeep\n|turn|2\n|\n|t:|1682070384\n|switch|p1b: Gyarados|Gyarados, L50, F|100\/100\n|-ability|p1b: Gyarados|Intimidate|boost\n|-unboost|p2a: Tinkaton|atk|1\n|-unboost|p2b: Iron Valiant|atk|1\n|move|p2a: Tinkaton|Fake Out|p1a: Kingambit\n|-damage|p1a: Kingambit|97\/100\n|move|p2b: Iron Valiant|Moonblast|p1b: Gyarados\n|-damage|p1b: Gyarados|64\/100\n|-unboost|p1b: Gyarados|spa|1\n|cant|p1a: Kingambit|flinch\n|\n|upkeep\n|turn|3\n|\n|t:|1682070405\n|move|p2b: Iron Valiant|Thunderbolt|p1a: Kingambit\n|-supereffective|p1a: Kingambit\n|-damage|p1a: Kingambit|35\/100\n|-status|p1a: Kingambit|par\n|move|p2a: Tinkaton|Rock Slide|p1a: Kingambit|[spread] p1a,p1b\n|-supereffective|p1b: Gyarados\n|-damage|p1a: Kingambit|29\/100 par\n|-damage|p1b: Gyarados|50\/100\n|-enditem|p1b: Gyarados|Sitrus Berry|[eat]\n|-heal|p1b: Gyarados|75\/100|[from] item: Sitrus Berry\n|move|p1b: Gyarados|Thunder Wave|p2a: Tinkaton\n|-status|p2a: Tinkaton|par\n|cant|p1a: Kingambit|par\n|\n|upkeep\n|turn|4\n|\n|t:|1682070430\n|move|p2b: Iron Valiant|Thunderbolt|p1b: Gyarados\n|-supereffective|p1b: Gyarados\n|-damage|p1b: Gyarados|0 fnt\n|faint|p1b: Gyarados\n|move|p2a: Tinkaton|Rock Slide|p1a: Kingambit|[miss]\n|-miss|p2a: Tinkaton|p1a: Kingambit\n|move|p1a: Kingambit|Iron Head|p2b: Iron Valiant\n|-supereffective|p2b: Iron Valiant\n|-damage|p2b: Iron Valiant|0 fnt\n|faint|p2b: Iron Valiant\n|-end|p2b: Iron Valiant|Quark Drive|[silent]\n|\n|upkeep\n|\n|t:|1682070446\n|switch|p2b: Revavroom|Revavroom, L50, M|100\/100\n|switch|p1b: Chien-Pao|Chien-Pao, L50|100\/100\n|-ability|p1b: Chien-Pao|Sword of Ruin\n|turn|5\n|\n|t:|1682070467\n|move|p1b: Chien-Pao|Sacred Sword|p2a: Tinkaton\n|-damage|p2a: Tinkaton|53\/100 par\n|move|p2b: Revavroom|Gunk Shot|p1a: Kingambit\n|-damage|p1a: Kingambit|0 fnt\n|faint|p1a: Kingambit\n|cant|p2a: Tinkaton|par\n|\n|-heal|p2a: Tinkaton|59\/100 par|[from] item: Leftovers\n|upkeep\n|\n|t:|1682070479\n|switch|p1a: Flutter Mane|Flutter Mane, L50|100\/100\n|-enditem|p1a: Flutter Mane|Booster Energy\n|-activate|p1a: Flutter Mane|ability: Protosynthesis|[fromitem]\n|-start|p1a: Flutter Mane|protosynthesisspe\n|turn|6\n|\n|t:|1682070502\n|move|p1a: Flutter Mane|Shadow Ball|p2b: Revavroom\n|-damage|p2b: Revavroom|28\/100\n|-unboost|p2b: Revavroom|spd|1\n|move|p1b: Chien-Pao|Sacred Sword|p2b: Revavroom\n|-damage|p2b: Revavroom|0 fnt\n|faint|p2b: Revavroom\n|move|p2a: Tinkaton|Gigaton Hammer|p1b: Chien-Pao\n|-supereffective|p1b: Chien-Pao\n|-damage|p1b: Chien-Pao|18\/100\n|\n|-heal|p2a: Tinkaton|65\/100 par|[from] item: Leftovers\n|upkeep\n|\n|t:|1682070511\n|switch|p2b: Salamence|Salamence, L50, M|100\/100\n|-ability|p2b: Salamence|Intimidate|boost\n|-unboost|p1a: Flutter Mane|atk|1\n|-unboost|p1b: Chien-Pao|atk|1\n|turn|7\n|\n|t:|1682070524\n|move|p2b: Salamence|Protect|p2b: Salamence\n|-singleturn|p2b: Salamence|Protect\n|move|p1b: Chien-Pao|Sucker Punch|p2a: Tinkaton\n|-resisted|p2a: Tinkaton\n|-crit|p2a: Tinkaton\n|-damage|p2a: Tinkaton|29\/100 par\n|move|p1a: Flutter Mane|Moonblast|p2b: Salamence\n|-activate|p2b: Salamence|move: Protect\n|cant|p2a: Tinkaton|par\n|\n|-heal|p2a: Tinkaton|35\/100 par|[from] item: Leftovers\n|upkeep\n|turn|8\n|\n|t:|1682070556\n|-terastallize|p2b: Salamence|Fire\n|move|p1b: Chien-Pao|Sucker Punch|p2a: Tinkaton\n|-resisted|p2a: Tinkaton\n|-damage|p2a: Tinkaton|19\/100 par\n|move|p1a: Flutter Mane|Moonblast|p2b: Salamence\n|-resisted|p2b: Salamence\n|-damage|p2b: Salamence|65\/100\n|move|p2b: Salamence|Earthquake|p1a: Flutter Mane|[spread] p2a,p1a,p1b\n|-supereffective|p2a: Tinkaton\n|-damage|p2a: Tinkaton|0 fnt\n|-damage|p1a: Flutter Mane|13\/100\n|-damage|p1b: Chien-Pao|0 fnt\n|faint|p2a: Tinkaton\n|faint|p1b: Chien-Pao\n|\n|upkeep\n|turn|9\n|\n|t:|1682070573\n|move|p1a: Flutter Mane|Shadow Ball|p2b: Salamence\n|-damage|p2b: Salamence|7\/100\n|move|p2b: Salamence|Earthquake|p1a: Flutter Mane\n|-damage|p1a: Flutter Mane|0 fnt\n|faint|p1a: Flutter Mane\n|-end|p1a: Flutter Mane|Protosynthesis|[silent]\n|\n|win|HildaisViscous\n|raw|MirtonVGC's rating: 1052 → 1036<\/strong> (-16 for losing)\n|raw|HildaisViscous's rating: 1092 → 1115<\/strong> (+23 for winning)\n","uploadtime":1682070578,"views":13,"p1id":"mirtonvgc","p2id":"hildaisviscous","formatid":"gen9vgc2023regulationc","rating":1036,"private":0,"password":""}