{"id":"gen9vgc2023regulationc-1858077477","p1":"drewilliams10","p2":"SeveralNonSense","format":"[Gen 9] VGC 2023 Regulation C","log":"|j|\u2606drewilliams10\n|j|\u2606SeveralNonSense\n|t:|1683271760\n|gametype|doubles\n|player|p1|drewilliams10|dancer|1135\n|player|p2|SeveralNonSense|guitarist|1227\n|teamsize|p1|6\n|teamsize|p2|6\n|gen|9\n|tier|[Gen 9] VGC 2023 Regulation C\n|rated|\n|rule|Species Clause: Limit one of each Pok\u00e9mon\n|rule|Item Clause: Limit one of each item\n|clearpoke\n|poke|p1|Quaquaval, L50, F|\n|poke|p1|Chien-Pao, L50|\n|poke|p1|Talonflame, L50, F|\n|poke|p1|Flutter Mane, L50|\n|poke|p1|Baxcalibur, L50, M|\n|poke|p1|Garganacl, L50, M|\n|poke|p2|Iron Bundle, L50|\n|poke|p2|Arcanine, L50, M|\n|poke|p2|Iron Hands, L50|\n|poke|p2|Gholdengo, L50|\n|poke|p2|Roaring Moon, L50|\n|poke|p2|Clodsire, L50, M|\n|teampreview|4\n|\n|t:|1683271812\n|start\n|switch|p1a: Talonflame|Talonflame, L50, F|100\/100\n|switch|p1b: Quaquaval|Quaquaval, L50, F|100\/100\n|switch|p2a: Iron Bundle|Iron Bundle, L50|100\/100\n|switch|p2b: Iron Hands|Iron Hands, L50|100\/100\n|turn|1\n|\n|t:|1683271839\n|move|p1a: Talonflame|Protect|p1a: Talonflame\n|-singleturn|p1a: Talonflame|Protect\n|move|p1b: Quaquaval|Protect|p1b: Quaquaval\n|-singleturn|p1b: Quaquaval|Protect\n|move|p2a: Iron Bundle|Freeze-Dry|p1b: Quaquaval\n|-activate|p1b: Quaquaval|move: Protect\n|move|p2b: Iron Hands|Wild Charge|p1a: Talonflame\n|-activate|p1a: Talonflame|move: Protect\n|\n|upkeep\n|turn|2\n|\n|t:|1683271875\n|-terastallize|p1b: Quaquaval|Fire\n|move|p1a: Talonflame|Tailwind|p1a: Talonflame\n|-sidestart|p1: drewilliams10|move: Tailwind\n|move|p1b: Quaquaval|Aqua Step|p2b: Iron Hands\n|-damage|p2b: Iron Hands|73\/100\n|-boost|p1b: Quaquaval|spe|1\n|move|p2a: Iron Bundle|Hydro Pump|p1a: Talonflame\n|-supereffective|p1a: Talonflame\n|-damage|p1a: Talonflame|0 fnt\n|faint|p1a: Talonflame\n|move|p2b: Iron Hands|Wild Charge|p1b: Quaquaval\n|-damage|p1b: Quaquaval|39\/100\n|-damage|p2b: Iron Hands|63\/100|[from] Recoil\n|\n|-heal|p2b: Iron Hands|69\/100|[from] item: Leftovers\n|upkeep\n|\n|t:|1683271905\n|switch|p1a: Chien-Pao|Chien-Pao, L50|100\/100\n|-ability|p1a: Chien-Pao|Sword of Ruin\n|turn|3\n|\n|t:|1683271931\n|move|p1a: Chien-Pao|Protect|p1a: Chien-Pao\n|-singleturn|p1a: Chien-Pao|Protect\n|move|p1b: Quaquaval|Protect|p1b: Quaquaval\n|-singleturn|p1b: Quaquaval|Protect\n|move|p2a: Iron Bundle|Hydro Pump|p1b: Quaquaval\n|-activate|p1b: Quaquaval|move: Protect\n|move|p2b: Iron Hands|Swords Dance|p2b: Iron Hands\n|-boost|p2b: Iron Hands|atk|2\n|\n|-heal|p2b: Iron Hands|75\/100|[from] item: Leftovers\n|upkeep\n|turn|4\n|\n|t:|1683271956\n|move|p2b: Iron Hands|Detect|p2b: Iron Hands\n|-singleturn|p2b: Iron Hands|Protect\n|move|p1a: Chien-Pao|Sucker Punch|p2a: Iron Bundle\n|-damage|p2a: Iron Bundle|45\/100\n|move|p1b: Quaquaval|Aqua Step|p2a: Iron Bundle\n|-resisted|p2a: Iron Bundle\n|-damage|p2a: Iron Bundle|14\/100\n|-boost|p1b: Quaquaval|spe|1\n|move|p2a: Iron Bundle|Hydro Pump|p1b: Quaquaval\n|-supereffective|p1b: Quaquaval\n|-damage|p1b: Quaquaval|0 fnt\n|faint|p1b: Quaquaval\n|\n|-heal|p2b: Iron Hands|81\/100|[from] item: Leftovers\n|upkeep\n|\n|t:|1683271968\n|switch|p1b: Baxcalibur|Baxcalibur, L50, M|100\/100\n|turn|5\n|\n|t:|1683271994\n|move|p1a: Chien-Pao|Ice Spinner|p2b: Iron Hands\n|-damage|p2b: Iron Hands|44\/100\n|move|p1b: Baxcalibur|Glaive Rush|p2b: Iron Hands\n|-damage|p2b: Iron Hands|0 fnt\n|-singlemove|p1b: Baxcalibur|Glaive Rush|[silent]\n|faint|p2b: Iron Hands\n|-end|p2b: Iron Hands|Quark Drive|[silent]\n|move|p2a: Iron Bundle|Icy Wind|p1b: Baxcalibur|[spread] p1a,p1b\n|-resisted|p1a: Chien-Pao\n|-damage|p1a: Chien-Pao|84\/100\n|-damage|p1b: Baxcalibur|64\/100\n|-unboost|p1a: Chien-Pao|spe|1\n|-unboost|p1b: Baxcalibur|spe|1\n|\n|-sideend|p1: drewilliams10|move: Tailwind\n|upkeep\n|\n|t:|1683272007\n|switch|p2b: Gholdengo|Gholdengo, L50|100\/100\n|turn|6\n|\n|t:|1683272017\n|-terastallize|p2b: Gholdengo|Water\n|move|p1a: Chien-Pao|Protect|p1a: Chien-Pao\n|-singleturn|p1a: Chien-Pao|Protect\n|move|p2a: Iron Bundle|Freeze-Dry|p1b: Baxcalibur\n|-damage|p1b: Baxcalibur|0 fnt\n|faint|p1b: Baxcalibur\n|move|p2b: Gholdengo|Make It Rain|p1a: Chien-Pao\n|-activate|p1a: Chien-Pao|move: Protect\n|\n|upkeep\n|turn|7\n|\n|t:|1683272033\n|-end|p2a: Iron Bundle|Quark Drive|[silent]\n|switch|p2a: Roaring Moon|Roaring Moon, L50|100\/100\n|-enditem|p2a: Roaring Moon|Booster Energy\n|-activate|p2a: Roaring Moon|ability: Protosynthesis|[fromitem]\n|-start|p2a: Roaring Moon|protosynthesisatk\n|move|p1a: Chien-Pao|Sucker Punch||[still]\n|-fail|p1a: Chien-Pao\n|move|p2b: Gholdengo|Make It Rain|p1a: Chien-Pao\n|-supereffective|p1a: Chien-Pao\n|-damage|p1a: Chien-Pao|0 fnt\n|-unboost|p2b: Gholdengo|spa|1\n|faint|p1a: Chien-Pao\n|\n|win|SeveralNonSense\n|raw|drewilliams10's rating: 1135 → 1116<\/strong> (-19 for losing)\n|raw|SeveralNonSense's rating: 1227 → 1246<\/strong> (+19 for winning)\n|l|\u2606drewilliams10\n","uploadtime":1683272048,"views":5,"p1id":"drewilliams10","p2id":"severalnonsense","formatid":"gen9vgc2023regulationc","rating":1116,"private":0,"password":""}