{"id":"gen9vgc2023regulationc-1863526899","p1":"WEAK3NDS","p2":"Thast","format":"[Gen 9] VGC 2023 Regulation C","log":"|j|\u2606WEAK3NDS\n|j|\u2606Thast\n|t:|1684029587\n|gametype|doubles\n|player|p1|WEAK3NDS|hoopster|1074\n|player|p2|Thast|plasmagrunt-gen5bw|1134\n|teamsize|p1|6\n|teamsize|p2|6\n|gen|9\n|tier|[Gen 9] VGC 2023 Regulation C\n|rated|\n|rule|Species Clause: Limit one of each Pok\u00e9mon\n|rule|Item Clause: Limit one of each item\n|clearpoke\n|poke|p1|Hawlucha, L50, M|\n|poke|p1|Indeedee-F, L50, F|\n|poke|p1|Armarouge, L50, M|\n|poke|p1|Palafin, L50, F|\n|poke|p1|Sandy Shocks, L50|\n|poke|p1|Chien-Pao, L50|\n|poke|p2|Abomasnow, L50, M|\n|poke|p2|Cetitan, L50, F|\n|poke|p2|Iron Bundle, L50|\n|poke|p2|Avalugg, L50, M|\n|poke|p2|Eiscue, L50, M|\n|poke|p2|Rotom-Frost, L50|\n|teampreview|4\n|c|\u2606Thast|gl hf\n|\n|t:|1684029628\n|start\n|switch|p1a: C. Falcon|Hawlucha, L50, M, shiny|100\/100\n|switch|p1b: Mega Man|Armarouge, L50, M|100\/100\n|switch|p2a: Abomasnow|Abomasnow, L50, M, shiny|100\/100\n|switch|p2b: Iron Bundle|Iron Bundle, L50|100\/100\n|-weather|Snow|[from] ability: Snow Warning|[of] p2a: Abomasnow\n|-enditem|p2b: Iron Bundle|Booster Energy\n|-activate|p2b: Iron Bundle|ability: Quark Drive|[fromitem]\n|-start|p2b: Iron Bundle|quarkdrivespe\n|turn|1\n|\n|t:|1684029649\n|move|p2a: Abomasnow|Helping Hand|p2b: Iron Bundle\n|-singleturn|p2b: Iron Bundle|Helping Hand|[of] p2a: Abomasnow\n|move|p1b: Mega Man|Wide Guard|p1b: Mega Man\n|-singleturn|p1b: Mega Man|Wide Guard\n|move|p2b: Iron Bundle|Blizzard|p1b: Mega Man|[spread] \n|-activate|p1a: C. Falcon|move: Wide Guard\n|-activate|p1b: Mega Man|move: Wide Guard\n|move|p1a: C. Falcon|Swords Dance|p1a: C. Falcon\n|-boost|p1a: C. Falcon|atk|2\n|\n|-weather|Snow|[upkeep]\n|upkeep\n|turn|2\n|\n|t:|1684029669\n|switch|p1b: Isabelle|Indeedee-F, L50, F|100\/100\n|-fieldstart|move: Psychic Terrain|[from] ability: Psychic Surge|[of] p1b: Isabelle\n|-enditem|p1a: C. Falcon|Psychic Seed\n|-boost|p1a: C. Falcon|spd|1|[from] item: Psychic Seed\n|move|p1a: C. Falcon|Flying Press|p2b: Iron Bundle\n|-supereffective|p2b: Iron Bundle\n|-damage|p2b: Iron Bundle|0 fnt\n|faint|p2b: Iron Bundle\n|-end|p2b: Iron Bundle|Quark Drive|[silent]\n|move|p2a: Abomasnow|Icy Wind|p1b: Isabelle|[spread] p1a,p1b\n|-supereffective|p1a: C. Falcon\n|-damage|p1a: C. Falcon|72\/100\n|-damage|p1b: Isabelle|88\/100\n|-unboost|p1a: C. Falcon|spe|1\n|-unboost|p1b: Isabelle|spe|1\n|\n|-weather|Snow|[upkeep]\n|upkeep\n|\n|t:|1684029688\n|switch|p2b: Rotom|Rotom-Frost, L50|100\/100\n|turn|3\n|\n|t:|1684029703\n|move|p2a: Abomasnow|Protect|p2a: Abomasnow\n|-singleturn|p2a: Abomasnow|Protect\n|move|p2b: Rotom|Blizzard|p1b: Isabelle|[spread] p1a,p1b\n|-supereffective|p1a: C. Falcon\n|-damage|p1a: C. Falcon|0 fnt\n|-damage|p1b: Isabelle|55\/100\n|faint|p1a: C. Falcon\n|move|p1b: Isabelle|Heal Pulse|p1: C. Falcon|[notarget]\n|-fail|p1b: Isabelle\n|\n|-weather|Snow|[upkeep]\n|upkeep\n|\n|t:|1684029708\n|switch|p1a: Mega Man|Armarouge, L50, M|100\/100\n|turn|4\n|\n|t:|1684029732\n|switch|p2b: Eiscue|Eiscue, L50, M|100\/100\n|move|p1b: Isabelle|Follow Me|p1b: Isabelle\n|-singleturn|p1b: Isabelle|move: Follow Me\n|move|p1a: Mega Man|Expanding Force|p2a: Abomasnow|[spread] p2a,p2b\n|-damage|p2a: Abomasnow|43\/100\n|-damage|p2b: Eiscue|8\/100\n|-damage|p1a: Mega Man|91\/100|[from] item: Life Orb\n|move|p2a: Abomasnow|Leaf Storm|p1b: Isabelle\n|-damage|p1b: Isabelle|12\/100\n|-unboost|p2a: Abomasnow|spa|2\n|-enditem|p2a: Abomasnow|Eject Pack\n|\n|t:|1684029744\n|switch|p2a: Rotom|Rotom-Frost, L50|100\/100\n|\n|-weather|Snow|[upkeep]\n|upkeep\n|turn|5\n|\n|t:|1684029765\n|-terastallize|p2a: Rotom|Electric\n|move|p1b: Isabelle|Protect|p1b: Isabelle\n|-singleturn|p1b: Isabelle|Protect\n|move|p2a: Rotom|Thunderbolt|p1a: Mega Man\n|-crit|p1a: Mega Man\n|-damage|p1a: Mega Man|0 fnt\n|faint|p1a: Mega Man\n|move|p2b: Eiscue|Freeze-Dry|p1b: Isabelle\n|-activate|p1b: Isabelle|move: Protect\n|\n|-weather|none\n|upkeep\n|\n|t:|1684029774\n|switch|p1a: Corrin|Palafin, L50, F, shiny|100\/100\n|turn|6\n|-message|WEAK3NDS forfeited.\n|\n|win|Thast\n|raw|WEAK3NDS's rating: 1074 → 1057<\/strong> (-17 for losing)\n|raw|Thast's rating: 1134 → 1155<\/strong> (+21 for winning)\n|l|\u2606WEAK3NDS\n|c|\u2606Thast|gg wp\n","uploadtime":1684029786,"views":7,"p1id":"weak3nds","p2id":"thast","formatid":"gen9vgc2023regulationc","rating":1057,"private":0,"password":""}