{"id":"gen9vgc2023regulationc-1860659781","p1":"nijisanjifan","p2":"Pinpong","format":"[Gen 9] VGC 2023 Regulation C","log":"|j|\u2606nijisanjifan\n|j|\u2606Pinpong\n|t:|1683663466\n|gametype|doubles\n|player|p1|nijisanjifan|265|1177\n|player|p2|Pinpong|rood|1120\n|teamsize|p1|6\n|teamsize|p2|6\n|gen|9\n|tier|[Gen 9] VGC 2023 Regulation C\n|rated|\n|rule|Species Clause: Limit one of each Pok\u00e9mon\n|rule|Item Clause: Limit one of each item\n|clearpoke\n|poke|p1|Iron Thorns, L50|\n|poke|p1|Iron Valiant, L50|\n|poke|p1|Arcanine, L50, F|\n|poke|p1|Baxcalibur, L50, M|\n|poke|p1|Amoonguss, L50, F|\n|poke|p1|Azumarill, L50, M|\n|poke|p2|Roaring Moon, L50|\n|poke|p2|Talonflame, L50, F|\n|poke|p2|Flutter Mane, L50|\n|poke|p2|Sandy Shocks, L50|\n|poke|p2|Amoonguss, L50, F|\n|poke|p2|Quaquaval, L50, M|\n|teampreview|4\n|\n|t:|1683663514\n|start\n|switch|p1a: Iron Thorns|Iron Thorns, L50|100\/100\n|switch|p1b: Iron Valiant|Iron Valiant, L50|100\/100\n|switch|p2a: Talonflame|Talonflame, L50, F|100\/100\n|switch|p2b: Flutter Mane|Flutter Mane, L50|100\/100\n|-enditem|p1b: Iron Valiant|Booster Energy\n|-activate|p1b: Iron Valiant|ability: Quark Drive|[fromitem]\n|-start|p1b: Iron Valiant|quarkdrivespe\n|turn|1\n|j| Metal_390\n|\n|t:|1683663547\n|-end|p1b: Iron Valiant|Quark Drive|[silent]\n|switch|p1b: Arcanine|Arcanine, L50, F|100\/100\n|-ability|p1b: Arcanine|Intimidate|boost\n|-unboost|p2a: Talonflame|atk|1\n|-unboost|p2b: Flutter Mane|atk|1\n|move|p2b: Flutter Mane|Protect|p2b: Flutter Mane\n|-singleturn|p2b: Flutter Mane|Protect\n|move|p2a: Talonflame|Brave Bird|p1b: Arcanine\n|-damage|p1b: Arcanine|68\/100\n|-damage|p2a: Talonflame|87\/100|[from] Recoil\n|move|p1a: Iron Thorns|Wild Charge|p2b: Flutter Mane\n|-activate|p2b: Flutter Mane|move: Protect\n|\n|upkeep\n|turn|2\n|\n|t:|1683663584\n|move|p1b: Arcanine|Extreme Speed|p2a: Talonflame\n|-damage|p2a: Talonflame|56\/100\n|move|p2b: Flutter Mane|Dazzling Gleam|p1b: Arcanine|[spread] p1a,p1b\n|-resisted|p1b: Arcanine\n|-damage|p1a: Iron Thorns|51\/100\n|-damage|p1b: Arcanine|46\/100\n|-damage|p2b: Flutter Mane|90\/100|[from] item: Life Orb\n|move|p2a: Talonflame|Sunny Day|p2a: Talonflame\n|-weather|SunnyDay\n|-activate|p2b: Flutter Mane|ability: Protosynthesis\n|-start|p2b: Flutter Mane|protosynthesisspe\n|move|p1a: Iron Thorns|Wild Charge|p2b: Flutter Mane\n|-damage|p2b: Flutter Mane|0 fnt\n|faint|p2b: Flutter Mane\n|-end|p2b: Flutter Mane|Protosynthesis|[silent]\n|-damage|p1a: Iron Thorns|35\/100|[from] Recoil\n|\n|-weather|SunnyDay|[upkeep]\n|upkeep\n|\n|t:|1683663607\n|switch|p2b: Roaring Moon|Roaring Moon, L50|100\/100\n|-activate|p2b: Roaring Moon|ability: Protosynthesis\n|-start|p2b: Roaring Moon|protosynthesisatk\n|turn|3\n|\n|t:|1683663634\n|move|p2a: Talonflame|Tailwind|p2a: Talonflame\n|-sidestart|p2: Pinpong|move: Tailwind\n|move|p2b: Roaring Moon|Dragon Dance|p2b: Roaring Moon\n|-boost|p2b: Roaring Moon|atk|1\n|-boost|p2b: Roaring Moon|spe|1\n|move|p1a: Iron Thorns|Wild Charge|p2b: Roaring Moon\n|-resisted|p2b: Roaring Moon\n|-damage|p2b: Roaring Moon|69\/100\n|-damage|p1a: Iron Thorns|28\/100|[from] Recoil\n|move|p1b: Arcanine|Will-O-Wisp|p2b: Roaring Moon\n|-status|p2b: Roaring Moon|brn\n|\n|-weather|SunnyDay|[upkeep]\n|-damage|p2b: Roaring Moon|63\/100 brn|[from] brn\n|upkeep\n|turn|4\n|\n|t:|1683663667\n|switch|p1b: Iron Valiant|Iron Valiant, L50|100\/100\n|move|p2b: Roaring Moon|Dragon Claw|p1b: Iron Valiant\n|-immune|p1b: Iron Valiant\n|move|p2a: Talonflame|Flare Blitz|p1a: Iron Thorns\n|-resisted|p1a: Iron Thorns\n|-damage|p1a: Iron Thorns|5\/100\n|-status|p1a: Iron Thorns|brn\n|-damage|p2a: Talonflame|47\/100|[from] Recoil\n|move|p1a: Iron Thorns|Wild Charge|p2a: Talonflame\n|-supereffective|p2a: Talonflame\n|-damage|p2a: Talonflame|0 fnt\n|faint|p2a: Talonflame\n|-damage|p1a: Iron Thorns|0 fnt|[from] Recoil\n|faint|p1a: Iron Thorns\n|-end|p1a: Iron Thorns|Quark Drive|[silent]\n|\n|-weather|SunnyDay|[upkeep]\n|-damage|p2b: Roaring Moon|57\/100 brn|[from] brn\n|upkeep\n|\n|t:|1683663691\n|switch|p2a: Quaquaval|Quaquaval, L50, M|100\/100\n|switch|p1a: Baxcalibur|Baxcalibur, L50, M|100\/100\n|turn|5\n|\n|t:|1683663737\n|-terastallize|p2b: Roaring Moon|Dark\n|move|p1a: Baxcalibur|Protect|p1a: Baxcalibur\n|-singleturn|p1a: Baxcalibur|Protect\n|move|p2b: Roaring Moon|Zen Headbutt|p1b: Iron Valiant\n|-supereffective|p1b: Iron Valiant\n|-damage|p1b: Iron Valiant|21\/100\n|move|p2a: Quaquaval|Close Combat|p1a: Baxcalibur\n|-activate|p1a: Baxcalibur|move: Protect\n|move|p1b: Iron Valiant|Icy Wind|p2b: Roaring Moon|[spread] p2a,p2b\n|-resisted|p2a: Quaquaval\n|-damage|p2a: Quaquaval|90\/100\n|-damage|p2b: Roaring Moon|44\/100 brn\n|-unboost|p2b: Roaring Moon|spe|1\n|\n|-weather|SunnyDay|[upkeep]\n|-damage|p2b: Roaring Moon|38\/100 brn|[from] brn\n|upkeep\n|turn|6\n|\n|t:|1683663778\n|move|p2b: Roaring Moon|Dragon Claw|p1a: Baxcalibur\n|-supereffective|p1a: Baxcalibur\n|-damage|p1a: Baxcalibur|19\/100\n|move|p2a: Quaquaval|Aqua Cutter|p1b: Iron Valiant\n|-damage|p1b: Iron Valiant|0 fnt\n|faint|p1b: Iron Valiant\n|-end|p1b: Iron Valiant|Quark Drive|[silent]\n|-ability|p2a: Quaquaval|Moxie|boost\n|-boost|p2a: Quaquaval|atk|1\n|move|p1a: Baxcalibur|Icicle Spear|p2a: Quaquaval\n|-resisted|p2a: Quaquaval\n|-damage|p2a: Quaquaval|81\/100\n|-resisted|p2a: Quaquaval\n|-damage|p2a: Quaquaval|71\/100\n|-resisted|p2a: Quaquaval\n|-damage|p2a: Quaquaval|62\/100\n|-resisted|p2a: Quaquaval\n|-damage|p2a: Quaquaval|52\/100\n|-hitcount|p2a: Quaquaval|4\n|\n|-weather|none\n|-end|p2b: Roaring Moon|Protosynthesis\n|-damage|p2b: Roaring Moon|32\/100 brn|[from] brn\n|-sideend|p2: Pinpong|move: Tailwind\n|upkeep\n|-enditem|p2b: Roaring Moon|Booster Energy\n|-activate|p2b: Roaring Moon|ability: Protosynthesis|[fromitem]\n|-start|p2b: Roaring Moon|protosynthesisatk\n|\n|t:|1683663800\n|switch|p1b: Arcanine|Arcanine, L50, F|46\/100\n|-ability|p1b: Arcanine|Intimidate|boost\n|-unboost|p2a: Quaquaval|atk|1\n|-unboost|p2b: Roaring Moon|atk|1\n|turn|7\n|\n|t:|1683663815\n|move|p1b: Arcanine|Protect|p1b: Arcanine\n|-singleturn|p1b: Arcanine|Protect\n|move|p1a: Baxcalibur|Protect|p1a: Baxcalibur\n|-singleturn|p1a: Baxcalibur|Protect\n|move|p2a: Quaquaval|Aqua Jet|p1b: Arcanine\n|-activate|p1b: Arcanine|move: Protect\n|move|p2b: Roaring Moon|Dragon Claw|p1a: Baxcalibur\n|-activate|p1a: Baxcalibur|move: Protect\n|\n|-damage|p2b: Roaring Moon|25\/100 brn|[from] brn\n|upkeep\n|turn|8\n|\n|t:|1683663839\n|move|p1b: Arcanine|Extreme Speed|p2a: Quaquaval\n|-damage|p2a: Quaquaval|23\/100\n|move|p1a: Baxcalibur|Ice Shard|p2b: Roaring Moon\n|-damage|p2b: Roaring Moon|0 fnt\n|faint|p2b: Roaring Moon\n|-end|p2b: Roaring Moon|Protosynthesis|[silent]\n|move|p2a: Quaquaval|Aqua Cutter|p1b: Arcanine\n|-supereffective|p1b: Arcanine\n|-crit|p1b: Arcanine\n|-damage|p1b: Arcanine|0 fnt\n|faint|p1b: Arcanine\n|-ability|p2a: Quaquaval|Moxie|boost\n|-boost|p2a: Quaquaval|atk|1\n|\n|upkeep\n|turn|9\n|\n|t:|1683663857\n|move|p2a: Quaquaval|Aqua Jet|p1a: Baxcalibur\n|-resisted|p1a: Baxcalibur\n|-damage|p1a: Baxcalibur|7\/100\n|move|p1a: Baxcalibur|Icicle Spear|p2a: Quaquaval\n|-resisted|p2a: Quaquaval\n|-damage|p2a: Quaquaval|14\/100\n|-resisted|p2a: Quaquaval\n|-damage|p2a: Quaquaval|4\/100\n|-resisted|p2a: Quaquaval\n|-damage|p2a: Quaquaval|0 fnt\n|faint|p2a: Quaquaval\n|-hitcount|p2: Quaquaval|3\n|\n|win|nijisanjifan\n|raw|nijisanjifan's rating: 1177 → 1198<\/strong> (+21 for winning)\n|raw|Pinpong's rating: 1120 → 1099<\/strong> (-21 for losing)\n|l|\u2606Pinpong\n|l|\u2606nijisanjifan\n","uploadtime":1683663990,"views":13,"p1id":"nijisanjifan","p2id":"pinpong","formatid":"gen9vgc2023regulationc","rating":1099,"private":0,"password":""}