{"id":"gen9vgc2023regulationc-1851677917","p1":"FST Wolfgang","p2":"mugiwaraLux","format":"[Gen 9] VGC 2023 Regulation C","log":"|j|\u2606FST Wolfgang\n|j|\u2606mugiwaraLux\n|t:|1682468854\n|gametype|doubles\n|player|p1|FST Wolfgang|hilbert|1240\n|player|p2|mugiwaraLux|102|1275\n|teamsize|p1|6\n|teamsize|p2|6\n|gen|9\n|tier|[Gen 9] VGC 2023 Regulation C\n|rated|\n|rule|Species Clause: Limit one of each Pok\u00e9mon\n|rule|Item Clause: Limit one of each item\n|clearpoke\n|poke|p1|Gastrodon-East, L50, F|\n|poke|p1|Amoonguss, L50, F|\n|poke|p1|Gholdengo, L50|\n|poke|p1|Chi-Yu, L50|\n|poke|p1|Gyarados, L50, M|\n|poke|p1|Garchomp, L50, F|\n|poke|p2|Palafin, L50, M|\n|poke|p2|Amoonguss, L50, F|\n|poke|p2|Flutter Mane, L50|\n|poke|p2|Arcanine, L50, F|\n|poke|p2|Roaring Moon, L50|\n|poke|p2|Chien-Pao, L50|\n|teampreview|4\n|inactive|Battle timer is ON: inactive players will automatically lose when time's up. (requested by mugiwaraLux)\nmugiwaraLux has agreed to open team sheets.\n|inactive|FST Wolfgang has 60 seconds left.\n|inactive|mugiwaraLux has 60 seconds left.\n|inactive|FST Wolfgang has 30 seconds left.\n|inactive|FST Wolfgang has 20 seconds left.\n|inactive|FST Wolfgang has 15 seconds left.\n|inactive|FST Wolfgang has 10 seconds left.\n|\n|t:|1682468936\n|start\n|switch|p1a: Gholdengo|Gholdengo, L50|100\/100\n|switch|p1b: Gastrodon|Gastrodon-East, L50, F|100\/100\n|switch|p2a: Palafin|Palafin, L50, M|100\/100\n|switch|p2b: Amoonguss|Amoonguss, L50, F|100\/100\n|turn|1\n|\n|t:|1682468953\n|detailschange|p2a: Palafin|Palafin-Hero, L50, M\n|switch|p2a: ChiYu|Arcanine, L50, F|100\/100\n|-ability|p2a: ChiYu|Intimidate|boost\n|-unboost|p1a: Gholdengo|atk|1\n|-unboost|p1b: Gastrodon|atk|1\n|switch|p1b: Amoonguss|Amoonguss, L50, F|100\/100\n|move|p1a: Gholdengo|Trick|p2b: Amoonguss\n|-activate|p1a: Gholdengo|move: Trick|[of] p2b: Amoonguss\n|-item|p2b: Amoonguss|Choice Scarf|[from] move: Trick\n|-item|p1a: Gholdengo|Sitrus Berry|[from] move: Trick\n|move|p2b: Amoonguss|Spore|p1b: Amoonguss\n|-immune|p1b: Amoonguss\n|\n|upkeep\n|turn|2\n|inactive|FST Wolfgang has 30 seconds left.\n|inactive|FST Wolfgang has 20 seconds left.\n|\n|t:|1682468992\n|switch|p1a: Gastrodon|Gastrodon-East, L50, F|100\/100\n|move|p1b: Amoonguss|Protect|p1b: Amoonguss\n|-singleturn|p1b: Amoonguss|Protect\n|move|p2a: ChiYu|Flare Blitz|p1a: Gastrodon\n|-resisted|p1a: Gastrodon\n|-damage|p1a: Gastrodon|76\/100\n|-status|p1a: Gastrodon|brn\n|-damage|p2a: ChiYu|91\/100|[from] Recoil\n|move|p2b: Amoonguss|Spore|p1b: Amoonguss\n|-activate|p1b: Amoonguss|move: Protect\n|\n|-damage|p1a: Gastrodon|70\/100 brn|[from] brn\n|upkeep\n|turn|3\n|inactive|FST Wolfgang has 30 seconds left.\n|inactive|FST Wolfgang has 20 seconds left.\n|\n|t:|1682469030\n|move|p2a: ChiYu|Flare Blitz|p1b: Amoonguss\n|-supereffective|p1b: Amoonguss\n|-damage|p1b: Amoonguss|18\/100\n|-enditem|p1b: Amoonguss|Sitrus Berry|[eat]\n|-heal|p1b: Amoonguss|43\/100|[from] item: Sitrus Berry\n|-damage|p2a: ChiYu|61\/100|[from] Recoil\n|move|p2b: Amoonguss|Spore||[still]\n|-fail|p2b: Amoonguss\n|move|p1a: Gastrodon|Muddy Water|p2a: ChiYu|[spread] p2a,p2b\n|-supereffective|p2a: ChiYu\n|-resisted|p2b: Amoonguss\n|-damage|p2a: ChiYu|13\/100\n|-damage|p2b: Amoonguss|91\/100\n|-unboost|p2b: Amoonguss|accuracy|1\n|move|p1b: Amoonguss|Pollen Puff|p1a: Gastrodon\n|-heal|p1a: Gastrodon|100\/100 brn\n|\n|-damage|p1a: Gastrodon|95\/100 brn|[from] brn\n|upkeep\n|turn|4\n|inactive|FST Wolfgang has 30 seconds left.\n|inactive|mugiwaraLux has 30 seconds left.\n|\n|t:|1682469058\n|switch|p2b: Palafin|Palafin-Hero, L50, M|100\/100\n|-activate|p2b: Palafin|ability: Zero to Hero\n|move|p2a: ChiYu|Protect|p2a: ChiYu\n|-singleturn|p2a: ChiYu|Protect\n|move|p1b: Amoonguss|Protect|p1b: Amoonguss\n|-singleturn|p1b: Amoonguss|Protect\n|move|p1a: Gastrodon|Muddy Water|p2b: Palafin|[spread] p2b\n|-activate|p2a: ChiYu|move: Protect\n|-resisted|p2b: Palafin\n|-damage|p2b: Palafin|86\/100\n|\n|-damage|p1a: Gastrodon|89\/100 brn|[from] brn\n|upkeep\n|turn|5\n|inactive|FST Wolfgang has 30 seconds left.\n|inactive|FST Wolfgang has 20 seconds left.\n|inactive|FST Wolfgang has 15 seconds left.\n|inactive|FST Wolfgang has 10 seconds left.\n|\n|t:|1682469105\n|switch|p2a: Amoonguss|Amoonguss, L50, F|100\/100\n|move|p2b: Palafin|Protect|p2b: Palafin\n|-singleturn|p2b: Palafin|Protect\n|move|p1a: Gastrodon|Muddy Water|p2b: Palafin|[spread] p2a\n|-activate|p2b: Palafin|move: Protect\n|-resisted|p2a: Amoonguss\n|-damage|p2a: Amoonguss|89\/100\n|move|p1b: Amoonguss|Spore|p2b: Palafin\n|-activate|p2b: Palafin|move: Protect\n|\n|-damage|p1a: Gastrodon|83\/100 brn|[from] brn\n|upkeep\n|turn|6\n|inactive|mugiwaraLux has 30 seconds left.\n|inactive|mugiwaraLux has 20 seconds left.\n|\n|t:|1682469141\n|switch|p2b: Roaring Moon|Roaring Moon, L50|100\/100\n|-enditem|p2b: Roaring Moon|Booster Energy\n|-activate|p2b: Roaring Moon|ability: Protosynthesis|[fromitem]\n|-start|p2b: Roaring Moon|protosynthesisatk\n|move|p2a: Amoonguss|Pollen Puff|p1b: Amoonguss\n|-damage|p1b: Amoonguss|28\/100\n|move|p1a: Gastrodon|Ice Beam|p2a: Amoonguss\n|-supereffective|p2a: Amoonguss\n|-damage|p2a: Amoonguss|51\/100\n|move|p1b: Amoonguss|Spore|p2b: Roaring Moon\n|-status|p2b: Roaring Moon|slp|[from] move: Spore\n|\n|-damage|p1a: Gastrodon|77\/100 brn|[from] brn\n|upkeep\n|turn|7\n|inactive|FST Wolfgang has 30 seconds left.\n|\n|t:|1682469172\n|switch|p2a: ChiYu|Arcanine, L50, F|13\/100\n|-ability|p2a: ChiYu|Intimidate|boost\n|-unboost|p1a: Gastrodon|atk|1\n|-unboost|p1b: Amoonguss|atk|1\n|switch|p1b: Gholdengo|Gholdengo, L50|100\/100\n|cant|p2b: Roaring Moon|slp\n|move|p1a: Gastrodon|Earth Power|p2a: ChiYu\n|-supereffective|p2a: ChiYu\n|-damage|p2a: ChiYu|0 fnt\n|faint|p2a: ChiYu\n|\n|-damage|p1a: Gastrodon|71\/100 brn|[from] brn\n|upkeep\n|\n|t:|1682469177\n|switch|p2a: Amoonguss|Amoonguss, L50, F|84\/100\n|turn|8\n|\n|t:|1682469196\n|switch|p1b: Amoonguss|Amoonguss, L50, F|62\/100\n|cant|p2b: Roaring Moon|slp\n|move|p2a: Amoonguss|Pollen Puff|p1a: Gastrodon\n|-damage|p1a: Gastrodon|58\/100 brn\n|move|p1a: Gastrodon|Ice Beam|p2b: Roaring Moon\n|-supereffective|p2b: Roaring Moon\n|-damage|p2b: Roaring Moon|58\/100 slp\n|\n|-damage|p1a: Gastrodon|52\/100 brn|[from] brn\n|upkeep\n|turn|9\n|inactive|FST Wolfgang has 30 seconds left.\n|\n|t:|1682469224\n|-terastallize|p2b: Roaring Moon|Flying\n|cant|p2b: Roaring Moon|slp\n|move|p2a: Amoonguss|Pollen Puff|p2b: Roaring Moon\n|-heal|p2b: Roaring Moon|100\/100 slp\n|move|p1a: Gastrodon|Earth Power|p2b: Roaring Moon\n|-immune|p2b: Roaring Moon\n|move|p1b: Amoonguss|Pollen Puff|p1a: Gastrodon\n|-heal|p1a: Gastrodon|100\/100 brn\n|\n|-damage|p1a: Gastrodon|95\/100 brn|[from] brn\n|upkeep\n|turn|10\n|\n|t:|1682469248\n|switch|p1b: Gholdengo|Gholdengo, L50|100\/100\n|-curestatus|p2b: Roaring Moon|slp|[msg]\n|move|p2b: Roaring Moon|Throat Chop|p1b: Gholdengo\n|-supereffective|p1b: Gholdengo\n|-damage|p1b: Gholdengo|0 fnt\n|faint|p1b: Gholdengo\n|move|p2a: Amoonguss|Pollen Puff|p1a: Gastrodon\n|-damage|p1a: Gastrodon|83\/100 brn\n|move|p1a: Gastrodon|Ice Beam|p2a: Amoonguss\n|-supereffective|p2a: Amoonguss\n|-crit|p2a: Amoonguss\n|-damage|p2a: Amoonguss|29\/100\n|\n|-damage|p1a: Gastrodon|77\/100 brn|[from] brn\n|upkeep\n|\n|t:|1682469263\n|switch|p1b: Chi-Yu|Chi-Yu, L50|100\/100\n|-ability|p1b: Chi-Yu|Beads of Ruin\n|turn|11\n|\n|t:|1682469285\n|switch|p2a: Palafin|Palafin-Hero, L50, M|86\/100\n|-terastallize|p1b: Chi-Yu|Grass\n|move|p2b: Roaring Moon|Acrobatics|p1a: Gastrodon\n|-damage|p1a: Gastrodon|0 fnt\n|faint|p1a: Gastrodon\n|move|p1b: Chi-Yu|Overheat|p2b: Roaring Moon\n|-damage|p2b: Roaring Moon|15\/100\n|-unboost|p1b: Chi-Yu|spa|2\n|\n|upkeep\n|\n|t:|1682469295\n|switch|p1a: Amoonguss|Amoonguss, L50, F|95\/100\n|turn|12\n|\n|t:|1682469316\n|move|p1a: Amoonguss|Rage Powder|p1a: Amoonguss\n|-singleturn|p1a: Amoonguss|move: Rage Powder\n|move|p2b: Roaring Moon|Acrobatics|p1a: Amoonguss\n|-supereffective|p1a: Amoonguss\n|-damage|p1a: Amoonguss|0 fnt\n|faint|p1a: Amoonguss\n|move|p1b: Chi-Yu|Tera Blast|p2a: Palafin\n|-supereffective|p2a: Palafin\n|-damage|p2a: Palafin|33\/100\n|move|p2a: Palafin|Wave Crash|p1b: Chi-Yu\n|-resisted|p1b: Chi-Yu\n|-damage|p1b: Chi-Yu|30\/100\n|-damage|p2a: Palafin|17\/100|[from] Recoil\n|\n|upkeep\n|turn|13\n|c|\u2606mugiwaraLux|gg\n|-message|FST Wolfgang forfeited.\n|\n|win|mugiwaraLux\n|raw|FST Wolfgang's rating: 1240 → 1218<\/strong> (-22 for losing)\n|raw|mugiwaraLux's rating: 1275 → 1297<\/strong> (+22 for winning)\n|l|\u2606FST Wolfgang\n","uploadtime":1682469336,"views":18,"p1id":"fstwolfgang","p2id":"mugiwaralux","formatid":"gen9vgc2023regulationc","rating":1218,"private":0,"password":""}