{"id":"gen9vgc2023regulationc-1863396802","p1":"revocolombia","p2":"IcanBoogie","format":"[Gen 9] VGC 2023 Regulation C","log":"|j|\u2606revocolombia\n|j|\u2606IcanBoogie\n|t:|1684011710\n|gametype|doubles\n|player|p1|revocolombia|pokemonranger-gen4|1369\n|player|p2|IcanBoogie|bugcatcher-gen4dp|1346\n|teamsize|p1|6\n|teamsize|p2|6\n|gen|9\n|tier|[Gen 9] VGC 2023 Regulation C\n|rated|\n|rule|Species Clause: Limit one of each Pok\u00e9mon\n|rule|Item Clause: Limit one of each item\n|clearpoke\n|poke|p1|Flutter Mane, L50|\n|poke|p1|Annihilape, L50, F|\n|poke|p1|Dragonite, L50, F|\n|poke|p1|Chien-Pao, L50|\n|poke|p1|Murkrow, L50, F|\n|poke|p1|Gholdengo, L50|\n|poke|p2|Amoonguss, L50, F|\n|poke|p2|Iron Bundle, L50|\n|poke|p2|Chi-Yu, L50|\n|poke|p2|Iron Hands, L50|\n|poke|p2|Great Tusk, L50|\n|poke|p2|Flutter Mane, L50|\n|teampreview|4\n|inactive|Battle timer is ON: inactive players will automatically lose when time's up. (requested by IcanBoogie)\n|inactive|IcanBoogie has 60 seconds left.\n|\n|t:|1684011745\n|start\n|switch|p1a: Annihilape|Annihilape, L50, F, shiny|100\/100\n|switch|p1b: Murkrow|Murkrow, L50, F|100\/100\n|switch|p2a: Iron Hands|Iron Hands, L50|100\/100\n|switch|p2b: Chi-Yu|Chi-Yu, L50|100\/100\n|-ability|p2b: Chi-Yu|Beads of Ruin\n|turn|1\n|inactive|IcanBoogie has 30 seconds left.\n|inactive|IcanBoogie has 20 seconds left.\n|\n|t:|1684011781\n|-terastallize|p2b: Chi-Yu|Flying\n|-terastallize|p1a: Annihilape|Fire\n|move|p1b: Murkrow|Tailwind|p1b: Murkrow\n|-sidestart|p1: revocolombia|move: Tailwind\n|move|p1a: Annihilape|Drain Punch|p2b: Chi-Yu\n|-resisted|p2b: Chi-Yu\n|-damage|p2b: Chi-Yu|72\/100\n|move|p2b: Chi-Yu|Dark Pulse|p1a: Annihilape\n|-damage|p1a: Annihilape|48\/100\n|move|p2a: Iron Hands|Wild Charge|p1b: Murkrow\n|-supereffective|p1b: Murkrow\n|-damage|p1b: Murkrow|0 fnt\n|faint|p1b: Murkrow\n|-damage|p2a: Iron Hands|84\/100|[from] Recoil\n|\n|-heal|p1a: Annihilape|54\/100|[from] item: Leftovers\n|upkeep\n|\n|t:|1684011803\n|switch|p1b: Dragonite|Dragonite, L50, F|100\/100\n|turn|2\n|inactive|IcanBoogie has 30 seconds left.\n|\n|t:|1684011836\n|-end|p2a: Iron Hands|Quark Drive|[silent]\n|switch|p2a: Flutter Mane|Flutter Mane, L50|100\/100\n|move|p1b: Dragonite|Low Kick|p2a: Flutter Mane\n|-immune|p2a: Flutter Mane\n|move|p1a: Annihilape|Rage Fist|p2b: Chi-Yu\n|-damage|p2b: Chi-Yu|0 fnt\n|faint|p2b: Chi-Yu\n|\n|-heal|p1a: Annihilape|61\/100|[from] item: Leftovers\n|upkeep\n|\n|t:|1684011847\n|switch|p2b: Iron Hands|Iron Hands, L50|84\/100\n|turn|3\n|\n|t:|1684011860\n|move|p1a: Annihilape|Protect|p1a: Annihilape\n|-singleturn|p1a: Annihilape|Protect\n|move|p2b: Iron Hands|Fake Out|p1a: Annihilape\n|-activate|p1a: Annihilape|move: Protect\n|move|p1b: Dragonite|Dragon Dance|p1b: Dragonite\n|-boost|p1b: Dragonite|atk|1\n|-boost|p1b: Dragonite|spe|1\n|move|p2a: Flutter Mane|Shadow Ball|p1a: Annihilape\n|-activate|p1a: Annihilape|move: Protect\n|\n|-heal|p1a: Annihilape|67\/100|[from] item: Leftovers\n|upkeep\n|turn|4\n|inactive|IcanBoogie has 30 seconds left.\n|\n|t:|1684011891\n|move|p1b: Dragonite|Low Kick|p2b: Iron Hands\n|-damage|p2b: Iron Hands|40\/100\n|-enditem|p2b: Iron Hands|Sitrus Berry|[eat]\n|-heal|p2b: Iron Hands|65\/100|[from] item: Sitrus Berry\n|move|p1a: Annihilape|Rage Fist|p2a: Flutter Mane\n|-supereffective|p2a: Flutter Mane\n|-damage|p2a: Flutter Mane|0 fnt\n|faint|p2a: Flutter Mane\n|-end|p2a: Flutter Mane|Protosynthesis|[silent]\n|move|p2b: Iron Hands|Drain Punch|p1a: Annihilape\n|-damage|p1a: Annihilape|22\/100\n|-heal|p2b: Iron Hands|83\/100|[from] drain|[of] p1a: Annihilape\n|\n|-heal|p1a: Annihilape|28\/100|[from] item: Leftovers\n|-sideend|p1: revocolombia|move: Tailwind\n|upkeep\n|\n|t:|1684011904\n|switch|p2a: Great Tusk|Great Tusk, L50|100\/100\n|-enditem|p2a: Great Tusk|Booster Energy\n|-activate|p2a: Great Tusk|ability: Protosynthesis|[fromitem]\n|-start|p2a: Great Tusk|protosynthesisatk\n|turn|5\n|inactive|revocolombia has 30 seconds left.\n|\n|t:|1684011932\n|move|p1a: Annihilape|Protect|p1a: Annihilape\n|-singleturn|p1a: Annihilape|Protect\n|move|p1b: Dragonite|Low Kick|p2b: Iron Hands\n|-damage|p2b: Iron Hands|35\/100\n|move|p2a: Great Tusk|Ice Spinner|p1b: Dragonite\n|-supereffective|p1b: Dragonite\n|-damage|p1b: Dragonite|19\/100\n|move|p2b: Iron Hands|Drain Punch|p1a: Annihilape\n|-activate|p1a: Annihilape|move: Protect\n|\n|-heal|p1a: Annihilape|34\/100|[from] item: Leftovers\n|upkeep\n|turn|6\n|\n|t:|1684011955\n|move|p1b: Dragonite|Low Kick|p2b: Iron Hands\n|-crit|p2b: Iron Hands\n|-damage|p2b: Iron Hands|0 fnt\n|faint|p2b: Iron Hands\n|-end|p2b: Iron Hands|Quark Drive|[silent]\n|move|p2a: Great Tusk|Headlong Rush|p1a: Annihilape\n|-supereffective|p1a: Annihilape\n|-damage|p1a: Annihilape|0 fnt\n|-unboost|p2a: Great Tusk|def|1\n|-unboost|p2a: Great Tusk|spd|1\n|faint|p1a: Annihilape\n|\n|upkeep\n|\n|t:|1684011966\n|switch|p1a: Chien-Pao|Chien-Pao, L50|100\/100\n|-ability|p1a: Chien-Pao|Sword of Ruin\n|turn|7\n|\n|t:|1684011985\n|move|p1b: Dragonite|Low Kick|p2a: Great Tusk\n|-damage|p2a: Great Tusk|3\/100\n|move|p1a: Chien-Pao|Ice Spinner|p2a: Great Tusk\n|-supereffective|p2a: Great Tusk\n|-damage|p2a: Great Tusk|0 fnt\n|faint|p2a: Great Tusk\n|-end|p2a: Great Tusk|Protosynthesis|[silent]\n|\n|win|revocolombia\n|raw|revocolombia's rating: 1369 → 1388<\/strong> (+19 for winning)\n|raw|IcanBoogie's rating: 1346 → 1327<\/strong> (-19 for losing)\n|c|\u2606IcanBoogie|Gg\n","uploadtime":1684012002,"views":10,"p1id":"revocolombia","p2id":"icanboogie","formatid":"gen9vgc2023regulationc","rating":1327,"private":0,"password":""}