{"id":"gen9vgc2023regulationc-1848432046","p1":"Dr.Dedded","p2":"Inrentyrion","format":"[Gen 9] VGC 2023 Regulation C","log":"|j|\u2606Dr.Dedded\n|j|\u2606Inrentyrion\n|t:|1682077346\n|gametype|doubles\n|player|p1|Dr.Dedded|drayden|1227\n|player|p2|Inrentyrion|cynthia|1192\n|teamsize|p1|6\n|teamsize|p2|6\n|gen|9\n|tier|[Gen 9] VGC 2023 Regulation C\n|rated|\n|rule|Species Clause: Limit one of each Pok\u00e9mon\n|rule|Item Clause: Limit one of each item\n|clearpoke\n|poke|p1|Tyranitar, L50, F|\n|poke|p1|Cacturne, L50, M|\n|poke|p1|Hippowdon, L50, F|\n|poke|p1|Sandaconda, L50, F|\n|poke|p1|Houndstone, L50, M|\n|poke|p1|Iron Thorns, L50|\n|poke|p2|Chi-Yu, L50|\n|poke|p2|Flutter Mane, L50|\n|poke|p2|Tatsugiri, L50, M|\n|poke|p2|Gholdengo, L50|\n|poke|p2|Great Tusk, L50|\n|poke|p2|Dondozo, L50, F|\n|teampreview|4\n|inactive|Battle timer is ON: inactive players will automatically lose when time's up. (requested by Dr.Dedded)\n|\n|t:|1682077408\n|start\n|switch|p1a: Tyranitar|Tyranitar, L50, F|100\/100\n|switch|p1b: Cacturne|Cacturne, L50, M, shiny|100\/100\n|switch|p2a: Dondozo|Dondozo, L50, F, shiny|100\/100\n|switch|p2b: Flutter Mane|Flutter Mane, L50|100\/100\n|-weather|Sandstorm|[from] ability: Sand Stream|[of] p1a: Tyranitar\n|-enditem|p2b: Flutter Mane|Booster Energy\n|-activate|p2b: Flutter Mane|ability: Protosynthesis|[fromitem]\n|-start|p2b: Flutter Mane|protosynthesisspa\n|turn|1\n|inactive|Inrentyrion has 30 seconds left.\n|\n|t:|1682077435\n|-terastallize|p2a: Dondozo|Grass\n|move|p2b: Flutter Mane|Dazzling Gleam|p1b: Cacturne|[spread] p1a,p1b\n|-supereffective|p1a: Tyranitar\n|-supereffective|p1b: Cacturne\n|-damage|p1a: Tyranitar|67\/100\n|-damage|p1b: Cacturne|0 fnt\n|faint|p1b: Cacturne\n|move|p1a: Tyranitar|Rock Slide|p2b: Flutter Mane|[spread] p2a\n|-miss|p1a: Tyranitar|p2b: Flutter Mane\n|-damage|p2a: Dondozo|76\/100\n|move|p2a: Dondozo|Tera Blast|p1a: Tyranitar\n|-supereffective|p1a: Tyranitar\n|-damage|p1a: Tyranitar|8\/100\n|\n|-weather|Sandstorm|[upkeep]\n|-damage|p2b: Flutter Mane|95\/100|[from] Sandstorm\n|-damage|p2a: Dondozo|70\/100|[from] Sandstorm\n|-heal|p2a: Dondozo|76\/100|[from] item: Leftovers\n|upkeep\n|\n|t:|1682077451\n|switch|p1b: Houndstone|Houndstone, L50, M|100\/100\n|turn|2\n|\n|t:|1682077472\n|move|p2b: Flutter Mane|Protect|p2b: Flutter Mane\n|-singleturn|p2b: Flutter Mane|Protect\n|move|p1b: Houndstone|Last Respects|p2b: Flutter Mane\n|-activate|p2b: Flutter Mane|move: Protect\n|move|p1a: Tyranitar|Rock Slide|p2b: Flutter Mane|[spread] p2a\n|-activate|p2b: Flutter Mane|move: Protect\n|-damage|p2a: Dondozo|55\/100\n|cant|p2a: Dondozo|flinch\n|\n|-weather|Sandstorm|[upkeep]\n|-damage|p2b: Flutter Mane|89\/100|[from] Sandstorm\n|-damage|p2a: Dondozo|48\/100|[from] Sandstorm\n|-heal|p2a: Dondozo|55\/100|[from] item: Leftovers\n|upkeep\n|turn|3\n|inactive|Inrentyrion has 30 seconds left.\n|\n|t:|1682077497\n|move|p2b: Flutter Mane|Protect||[still]\n|-fail|p2b: Flutter Mane\n|move|p1b: Houndstone|Last Respects|p2b: Flutter Mane\n|-supereffective|p2b: Flutter Mane\n|-damage|p2b: Flutter Mane|0 fnt\n|faint|p2b: Flutter Mane\n|-end|p2b: Flutter Mane|Protosynthesis|[silent]\n|move|p1a: Tyranitar|Rock Slide|p2a: Dondozo\n|-damage|p2a: Dondozo|22\/100\n|cant|p2a: Dondozo|flinch\n|\n|-weather|Sandstorm|[upkeep]\n|-damage|p2a: Dondozo|16\/100|[from] Sandstorm\n|-heal|p2a: Dondozo|22\/100|[from] item: Leftovers\n|upkeep\n|\n|t:|1682077519\n|switch|p2b: Great Tusk|Great Tusk, L50|100\/100\n|turn|4\n|\n|t:|1682077537\n|-terastallize|p1a: Tyranitar|Flying\n|move|p1b: Houndstone|Last Respects|p2a: Dondozo\n|-damage|p2a: Dondozo|0 fnt\n|faint|p2a: Dondozo\n|move|p2b: Great Tusk|Headlong Rush|p1b: Houndstone\n|-enditem|p1b: Houndstone|Focus Sash\n|-damage|p1b: Houndstone|1\/100\n|-unboost|p2b: Great Tusk|def|1\n|-unboost|p2b: Great Tusk|spd|1\n|move|p1a: Tyranitar|Tera Blast|p2b: Great Tusk\n|-supereffective|p2b: Great Tusk\n|-damage|p2b: Great Tusk|0 fnt\n|faint|p2b: Great Tusk\n|-end|p2b: Great Tusk|Protosynthesis|[silent]\n|\n|-weather|Sandstorm|[upkeep]\n|-damage|p1a: Tyranitar|2\/100|[from] Sandstorm\n|upkeep\n|\n|t:|1682077556\n|switch|p2a: Gholdengo|Gholdengo, L50|100\/100\n|turn|5\n|\n|t:|1682077564\n|move|p1b: Houndstone|Last Respects|p2a: Gholdengo\n|-supereffective|p2a: Gholdengo\n|-damage|p2a: Gholdengo|0 fnt\n|faint|p2a: Gholdengo\n|\n|win|Dr.Dedded\n|raw|Dr.Dedded's rating: 1227 → 1249<\/strong> (+22 for winning)\n|raw|Inrentyrion's rating: 1192 → 1170<\/strong> (-22 for losing)\n|l|\u2606Inrentyrion\n","uploadtime":1682077585,"views":10,"p1id":"drdedded","p2id":"inrentyrion","formatid":"gen9vgc2023regulationc","rating":1170,"private":0,"password":""}