{"id":"gen9vgc2023regulationc-1858163848","p1":"testinglitch1","p2":"Mortipherus","format":"[Gen 9] VGC 2023 Regulation C","log":"|j|\u2606testinglitch1\n|j|\u2606Mortipherus\n|t:|1683285735\n|gametype|doubles\n|player|p1|testinglitch1|1|1229\n|player|p2|Mortipherus|hooligans|1223\n|teamsize|p1|6\n|teamsize|p2|6\n|gen|9\n|tier|[Gen 9] VGC 2023 Regulation C\n|rated|\n|rule|Species Clause: Limit one of each Pok\u00e9mon\n|rule|Item Clause: Limit one of each item\n|clearpoke\n|poke|p1|Annihilape, L50, F|\n|poke|p1|Corviknight, L50, M|\n|poke|p1|Gholdengo, L50|\n|poke|p1|Grimmsnarl, L50, M|\n|poke|p1|Iron Moth, L50|\n|poke|p1|Ting-Lu, L50|\n|poke|p2|Dondozo, L50, M|\n|poke|p2|Tatsugiri, L50, M|\n|poke|p2|Salamence, L50, F|\n|poke|p2|Amoonguss, L50, F|\n|poke|p2|Ceruledge, L50, M|\n|poke|p2|Iron Valiant, L50|\n|teampreview|4\n|inactive|Battle timer is ON: inactive players will automatically lose when time's up. (requested by Mortipherus)\n|\n|t:|1683285764\n|start\n|switch|p1a: Grimmsnarl|Grimmsnarl, L50, M|100\/100\n|switch|p1b: Gholdengo|Gholdengo, L50|100\/100\n|switch|p2a: Iron Valiant|Iron Valiant, L50|100\/100\n|switch|p2b: Salamence|Salamence, L50, F|100\/100\n|-ability|p2b: Salamence|Intimidate|boost\n|-unboost|p1a: Grimmsnarl|atk|1\n|-unboost|p1b: Gholdengo|atk|1\n|-enditem|p2a: Iron Valiant|Booster Energy\n|-activate|p2a: Iron Valiant|ability: Quark Drive|[fromitem]\n|-start|p2a: Iron Valiant|quarkdrivespe\n|turn|1\n|inactive|Mortipherus has 30 seconds left.\n|\n|t:|1683285792\n|-terastallize|p2a: Iron Valiant|Steel\n|move|p1b: Gholdengo|Protect|p1b: Gholdengo\n|-singleturn|p1b: Gholdengo|Protect\n|move|p1a: Grimmsnarl|Reflect|p1a: Grimmsnarl\n|-sidestart|p1: testinglitch1|Reflect\n|move|p2a: Iron Valiant|Moonblast|p1a: Grimmsnarl\n|-supereffective|p1a: Grimmsnarl\n|-damage|p1a: Grimmsnarl|16\/100\n|-unboost|p1a: Grimmsnarl|spa|1\n|move|p2b: Salamence|Tailwind|p2b: Salamence\n|-sidestart|p2: Mortipherus|move: Tailwind\n|\n|upkeep\n|turn|2\n|\n|t:|1683285816\n|-terastallize|p1b: Gholdengo|Water\n|move|p2a: Iron Valiant|Protect|p2a: Iron Valiant\n|-singleturn|p2a: Iron Valiant|Protect\n|move|p1a: Grimmsnarl|Light Screen|p1a: Grimmsnarl\n|-sidestart|p1: testinglitch1|move: Light Screen\n|move|p2b: Salamence|Dual Wingbeat|p1a: Grimmsnarl\n|-damage|p1a: Grimmsnarl|0 fnt\n|faint|p1a: Grimmsnarl\n|-hitcount|p1: Grimmsnarl|1\n|move|p1b: Gholdengo|Shadow Ball|p2a: Iron Valiant\n|-activate|p2a: Iron Valiant|move: Protect\n|\n|upkeep\n|\n|t:|1683285825\n|switch|p1a: Corviknight|Corviknight, L50, M|100\/100\n|turn|3\n|\n|t:|1683285838\n|move|p2a: Iron Valiant|Aura Sphere|p1a: Corviknight\n|-damage|p1a: Corviknight|78\/100\n|move|p2b: Salamence|Psychic Fangs|p1b: Gholdengo\n|-sideend|p1: testinglitch1|Reflect\n|-sideend|p1: testinglitch1|move: Light Screen\n|-damage|p1b: Gholdengo|74\/100\n|move|p1b: Gholdengo|Nasty Plot|p1b: Gholdengo\n|-boost|p1b: Gholdengo|spa|2\n|move|p1a: Corviknight|Tailwind|p1a: Corviknight\n|-sidestart|p1: testinglitch1|move: Tailwind\n|\n|-heal|p1b: Gholdengo|80\/100|[from] item: Leftovers\n|upkeep\n|turn|4\n|\n|t:|1683285856\n|move|p2a: Iron Valiant|Thunderbolt|p1b: Gholdengo\n|-supereffective|p1b: Gholdengo\n|-damage|p1b: Gholdengo|23\/100\n|move|p2b: Salamence|Dual Wingbeat|p1b: Gholdengo\n|-damage|p1b: Gholdengo|2\/100\n|-damage|p1b: Gholdengo|0 fnt\n|faint|p1b: Gholdengo\n|-hitcount|p1: Gholdengo|2\n|move|p1a: Corviknight|Iron Head|p2b: Salamence\n|-damage|p2b: Salamence|69\/100\n|\n|-sideend|p2: Mortipherus|move: Tailwind\n|upkeep\n|\n|t:|1683285863\n|switch|p1b: Annihilape|Annihilape, L50, F|100\/100\n|turn|5\n|\n|t:|1683285878\n|move|p2a: Iron Valiant|Protect|p2a: Iron Valiant\n|-singleturn|p2a: Iron Valiant|Protect\n|move|p1b: Annihilape|Bulk Up|p1b: Annihilape\n|-boost|p1b: Annihilape|atk|1\n|-boost|p1b: Annihilape|def|1\n|move|p1a: Corviknight|Brave Bird|p2b: Salamence\n|-damage|p2b: Salamence|20\/100\n|-damage|p1a: Corviknight|64\/100|[from] Recoil\n|move|p2b: Salamence|Tailwind|p2b: Salamence\n|-sidestart|p2: Mortipherus|move: Tailwind\n|\n|upkeep\n|turn|6\n|\n|t:|1683285896\n|move|p1b: Annihilape|Protect|p1b: Annihilape\n|-singleturn|p1b: Annihilape|Protect\n|move|p2a: Iron Valiant|Moonblast|p1b: Annihilape\n|-activate|p1b: Annihilape|move: Protect\n|move|p2b: Salamence|Dual Wingbeat|p1b: Annihilape\n|-activate|p1b: Annihilape|move: Protect\n|move|p1a: Corviknight|Roost|p1a: Corviknight\n|-heal|p1a: Corviknight|100\/100\n|-singleturn|p1a: Corviknight|move: Roost\n|\n|-sideend|p1: testinglitch1|move: Tailwind\n|upkeep\n|turn|7\n|\n|t:|1683285920\n|move|p2a: Iron Valiant|Moonblast|p1b: Annihilape\n|-supereffective|p1b: Annihilape\n|-damage|p1b: Annihilape|23\/100\n|-enditem|p1b: Annihilape|Sitrus Berry|[eat]\n|-heal|p1b: Annihilape|48\/100|[from] item: Sitrus Berry\n|move|p2b: Salamence|Dual Wingbeat|p1b: Annihilape\n|-supereffective|p1b: Annihilape\n|-damage|p1b: Annihilape|21\/100\n|-supereffective|p1b: Annihilape\n|-damage|p1b: Annihilape|0 fnt\n|faint|p1b: Annihilape\n|-hitcount|p1: Annihilape|2\n|move|p1a: Corviknight|Brave Bird|p2b: Salamence\n|-damage|p2b: Salamence|0 fnt\n|faint|p2b: Salamence\n|-damage|p1a: Corviknight|95\/100|[from] Recoil\n|\n|upkeep\n|\n|t:|1683285939\n|switch|p2b: Dondozo|Dondozo, L50, M|100\/100\n|turn|8\n|\n|t:|1683285950\n|move|p2a: Iron Valiant|Moonblast|p1a: Corviknight\n|-resisted|p1a: Corviknight\n|-damage|p1a: Corviknight|74\/100\n|move|p2b: Dondozo|Wave Crash|p1a: Corviknight\n|-damage|p1a: Corviknight|29\/100\n|-damage|p2b: Dondozo|87\/100|[from] Recoil\n|move|p1a: Corviknight|Brave Bird|p2b: Dondozo\n|-damage|p2b: Dondozo|58\/100\n|-damage|p1a: Corviknight|19\/100|[from] Recoil\n|\n|-sideend|p2: Mortipherus|move: Tailwind\n|upkeep\n|turn|9\n|\n|t:|1683285960\n|move|p2a: Iron Valiant|Thunderbolt|p1a: Corviknight\n|-supereffective|p1a: Corviknight\n|-damage|p1a: Corviknight|0 fnt\n|faint|p1a: Corviknight\n|\n|win|Mortipherus\n|raw|testinglitch1's rating: 1229 → 1204<\/strong> (-25 for losing)\n|raw|Mortipherus's rating: 1223 → 1248<\/strong> (+25 for winning)\n|l|\u2606testinglitch1\n","uploadtime":1683286004,"views":14,"p1id":"testinglitch1","p2id":"mortipherus","formatid":"gen9vgc2023regulationc","rating":1204,"private":0,"password":""}