{"id":"gen9vgc2023regulationc-1856421820","p1":"FroggyBomb13","p2":"SunriseArrow","format":"[Gen 9] VGC 2023 Regulation C","log":"|j|\u2606FroggyBomb13\n|j|\u2606SunriseArrow\n|t:|1683059908\n|gametype|doubles\n|player|p1|FroggyBomb13|pokemaniac|1198\n|player|p2|SunriseArrow|jasmine|1157\n|teamsize|p1|6\n|teamsize|p2|6\n|gen|9\n|tier|[Gen 9] VGC 2023 Regulation C\n|rated|\n|rule|Species Clause: Limit one of each Pok\u00e9mon\n|rule|Item Clause: Limit one of each item\n|clearpoke\n|poke|p1|Abomasnow, L50, F|\n|poke|p1|Bronzong, L50|\n|poke|p1|Ting-Lu, L50|\n|poke|p1|Gyarados, L50, F|\n|poke|p1|Chi-Yu, L50|\n|poke|p1|Iron Bundle, L50|\n|poke|p2|Talonflame, L50, M|\n|poke|p2|Flutter Mane, L50|\n|poke|p2|Great Tusk, L50|\n|poke|p2|Amoonguss, L50, M|\n|poke|p2|Iron Bundle, L50|\n|poke|p2|Arcanine, L50, F|\n|teampreview|4\nFroggyBomb13 has agreed to open team sheets.\n|\n|t:|1683059945\n|start\n|switch|p1a: Bronzong|Bronzong, L50|100\/100\n|switch|p1b: Gyarados|Gyarados, L50, F|100\/100\n|switch|p2a: Talonflame|Talonflame, L50, M|100\/100\n|switch|p2b: Great Tusk|Great Tusk, L50|100\/100\n|-ability|p1b: Gyarados|Intimidate|boost\n|-unboost|p2a: Talonflame|atk|1\n|-unboost|p2b: Great Tusk|atk|1\n|turn|1\n|\n|t:|1683059971\n|-end|p2b: Great Tusk|Protosynthesis|[silent]\n|switch|p2b: Iron Bundle|Iron Bundle, L50|100\/100\n|move|p2a: Talonflame|Taunt|p1a: Bronzong\n|-start|p1a: Bronzong|move: Taunt\n|move|p1b: Gyarados|Whirlpool|p2b: Iron Bundle\n|-resisted|p2b: Iron Bundle\n|-crit|p2b: Iron Bundle\n|-damage|p2b: Iron Bundle|90\/100\n|-activate|p2b: Iron Bundle|move: Whirlpool|[of] p1b: Gyarados\n|cant|p1a: Bronzong|move: Taunt|Trick Room\n|\n|-damage|p2b: Iron Bundle|78\/100|[from] move: Whirlpool|[partiallytrapped]\n|upkeep\n|turn|2\n|\n|t:|1683060016\n|switch|p1b: Abomasnow|Abomasnow, L50, F|100\/100\n|-weather|Snow|[from] ability: Snow Warning|[of] p1b: Abomasnow\n|move|p2b: Iron Bundle|Encore||[still]\n|-fail|p2b: Iron Bundle\n|move|p2a: Talonflame|Will-O-Wisp|p1b: Abomasnow|[miss]\n|-miss|p2a: Talonflame|p1b: Abomasnow\n|move|p1a: Bronzong|Body Press|p2b: Iron Bundle\n|-supereffective|p2b: Iron Bundle\n|-damage|p2b: Iron Bundle|41\/100\n|\n|-weather|Snow|[upkeep]\n|-end|p2b: Iron Bundle|Whirlpool|[partiallytrapped]|[silent]\n|upkeep\n|turn|3\n|\n|t:|1683060054\n|move|p2b: Iron Bundle|Encore|p1a: Bronzong\n|-start|p1a: Bronzong|Encore\n|move|p2a: Talonflame|Taunt|p1b: Abomasnow\n|-start|p1b: Abomasnow|move: Taunt\n|move|p1b: Abomasnow|Blizzard|p2a: Talonflame|[spread] p2a,p2b\n|-resisted|p2b: Iron Bundle\n|-damage|p2a: Talonflame|49\/100\n|-damage|p2b: Iron Bundle|19\/100\n|-damage|p1b: Abomasnow|91\/100|[from] item: Life Orb\n|move|p1a: Bronzong|Body Press|p2b: Iron Bundle\n|-supereffective|p2b: Iron Bundle\n|-damage|p2b: Iron Bundle|0 fnt\n|faint|p2b: Iron Bundle\n|-end|p2b: Iron Bundle|Quark Drive|[silent]\n|\n|-weather|Snow|[upkeep]\n|-end|p1a: Bronzong|move: Taunt\n|upkeep\n|\n|t:|1683060063\n|switch|p2b: Great Tusk|Great Tusk, L50|100\/100\n|turn|4\n|\n|t:|1683060075\n|switch|p1a: Gyarados|Gyarados, L50, F|100\/100\n|-ability|p1a: Gyarados|Intimidate|boost\n|-unboost|p2a: Talonflame|atk|1\n|-unboost|p2b: Great Tusk|atk|1\n|-terastallize|p1b: Abomasnow|Water\n|move|p2a: Talonflame|Tailwind|p2a: Talonflame\n|-sidestart|p2: SunriseArrow|move: Tailwind\n|move|p2b: Great Tusk|Close Combat|p1b: Abomasnow\n|-damage|p1b: Abomasnow|22\/100\n|-unboost|p2b: Great Tusk|def|1\n|-unboost|p2b: Great Tusk|spd|1\n|move|p1b: Abomasnow|Blizzard|p2b: Great Tusk|[spread] p2a,p2b\n|-supereffective|p2b: Great Tusk\n|-damage|p2a: Talonflame|0 fnt\n|-damage|p2b: Great Tusk|0 fnt\n|faint|p2a: Talonflame\n|faint|p2b: Great Tusk\n|-end|p2b: Great Tusk|Protosynthesis|[silent]\n|-damage|p1b: Abomasnow|13\/100|[from] item: Life Orb\n|\n|-weather|Snow|[upkeep]\n|upkeep\n|\n|t:|1683060080\n|switch|p2b: Arcanine|Arcanine, L50, F|100\/100\n|-ability|p2b: Arcanine|Intimidate|boost\n|-unboost|p1a: Gyarados|atk|1\n|-unboost|p1b: Abomasnow|atk|1\n|turn|5\n|-message|SunriseArrow forfeited.\n|\n|win|FroggyBomb13\n|raw|FroggyBomb13's rating: 1198 → 1220<\/strong> (+22 for winning)\n|raw|SunriseArrow's rating: 1157 → 1135<\/strong> (-22 for losing)\n|l|\u2606SunriseArrow\n","uploadtime":1683060102,"views":11,"p1id":"froggybomb13","p2id":"sunrisearrow","formatid":"gen9vgc2023regulationc","rating":1135,"private":0,"password":""}