{"id":"gen9vgc2023regulationc-1863900953","p1":"mathtass","p2":"coatesy92","format":"[Gen 9] VGC 2023 Regulation C","log":"|j|\u2606mathtass\n|j|\u2606coatesy92\n|t:|1684091174\n|gametype|doubles\n|player|p1|mathtass|101|1394\n|player|p2|coatesy92|steven|1316\n|teamsize|p1|6\n|teamsize|p2|6\n|gen|9\n|tier|[Gen 9] VGC 2023 Regulation C\n|rated|\n|rule|Species Clause: Limit one of each Pok\u00e9mon\n|rule|Item Clause: Limit one of each item\n|clearpoke\n|poke|p1|Palafin, L50, M|\n|poke|p1|Chien-Pao, L50|\n|poke|p1|Dragapult, L50, F|\n|poke|p1|Amoonguss, L50, F|\n|poke|p1|Arcanine, L50, M|\n|poke|p1|Flutter Mane, L50|\n|poke|p2|Breloom, L50, F|\n|poke|p2|Gyarados, L50, F|\n|poke|p2|Great Tusk, L50|\n|poke|p2|Bombirdier, L50, M|\n|poke|p2|Flutter Mane, L50|\n|poke|p2|Maushold-Four, L50|\n|teampreview|4\nmathtass has agreed to open team sheets.\n|\n|t:|1684091229\n|start\n|switch|p1a: Blair|Dragapult, L50, F, shiny|100\/100\n|switch|p1b: Poseidon|Palafin, L50, M, shiny|100\/100\n|switch|p2a: Bombirdier|Bombirdier, L50, M|100\/100\n|switch|p2b: Maushold|Maushold-Four, L50|100\/100\n|turn|1\n|\n|t:|1684091243\n|detailschange|p1b: Poseidon|Palafin-Hero, L50, M, shiny\n|switch|p1b: Dante|Chien-Pao, L50|100\/100\n|-ability|p1b: Dante|Sword of Ruin\n|-terastallize|p2a: Bombirdier|Rock\n|move|p2b: Maushold|Follow Me|p2b: Maushold\n|-singleturn|p2b: Maushold|move: Follow Me\n|move|p1a: Blair|Dragon Darts|p2b: Maushold\n|-damage|p2b: Maushold|39\/100\n|-anim|p1a: Blair|Dragon Darts|p2b: Maushold\n|-damage|p2b: Maushold|0 fnt\n|faint|p2b: Maushold\n|move|p2a: Bombirdier|Rock Slide|p1b: Dante|[spread] p1a,p1b\n|-supereffective|p1b: Dante\n|-damage|p1a: Blair|12\/100\n|-enditem|p1b: Dante|Focus Sash\n|-damage|p1b: Dante|1\/100\n|-damage|p2a: Bombirdier|91\/100|[from] item: Life Orb\n|\n|upkeep\n|\n|t:|1684091268\n|switch|p2b: Flutter Mane|Flutter Mane, L50|100\/100\n|-enditem|p2b: Flutter Mane|Booster Energy\n|-activate|p2b: Flutter Mane|ability: Protosynthesis|[fromitem]\n|-start|p2b: Flutter Mane|protosynthesisspe\n|turn|2\n|\n|t:|1684091285\n|move|p2b: Flutter Mane|Protect|p2b: Flutter Mane\n|-singleturn|p2b: Flutter Mane|Protect\n|move|p1b: Dante|Sucker Punch||[still]\n|-fail|p1b: Dante\n|move|p2a: Bombirdier|Sucker Punch||[still]\n|-fail|p2a: Bombirdier\n|move|p1a: Blair|Dragon Darts|p2a: Bombirdier\n|-damage|p2a: Bombirdier|32\/100\n|-anim|p1a: Blair|Dragon Darts|p2a: Bombirdier\n|-damage|p2a: Bombirdier|0 fnt\n|faint|p2a: Bombirdier\n|\n|upkeep\n|\n|t:|1684091296\n|switch|p2a: Gyarados|Gyarados, L50, F|100\/100\n|-ability|p2a: Gyarados|Intimidate|boost\n|-fail|p1a: Blair|unboost|[from] ability: Clear Body|[of] p1a: Blair\n|-unboost|p1b: Dante|atk|1\n|turn|3\n|\n|t:|1684091304\n|move|p1b: Dante|Sucker Punch|p2b: Flutter Mane\n|-damage|p2b: Flutter Mane|41\/100\n|move|p2b: Flutter Mane|Dazzling Gleam|p1a: Blair|[spread] p1a,p1b\n|-supereffective|p1a: Blair\n|-supereffective|p1b: Dante\n|-damage|p1a: Blair|0 fnt\n|-damage|p1b: Dante|0 fnt\n|faint|p1a: Blair\n|faint|p1b: Dante\n|move|p2a: Gyarados|Dragon Dance|p2a: Gyarados\n|-boost|p2a: Gyarados|atk|1\n|-boost|p2a: Gyarados|spe|1\n|\n|upkeep\n|\n|t:|1684091310\n|switch|p1a: Poseidon|Palafin-Hero, L50, M, shiny|100\/100\n|switch|p1b: LadyMane|Flutter Mane, L50, shiny|100\/100\n|-activate|p1a: Poseidon|ability: Zero to Hero\n|-enditem|p1b: LadyMane|Booster Energy\n|-activate|p1b: LadyMane|ability: Protosynthesis|[fromitem]\n|-start|p1b: LadyMane|protosynthesisspa\n|turn|4\n|\n|t:|1684091329\n|-terastallize|p1a: Poseidon|Water\n|move|p1b: LadyMane|Protect|p1b: LadyMane\n|-singleturn|p1b: LadyMane|Protect\n|move|p1a: Poseidon|Jet Punch|p2b: Flutter Mane\n|-damage|p2b: Flutter Mane|0 fnt\n|faint|p2b: Flutter Mane\n|-end|p2b: Flutter Mane|Protosynthesis|[silent]\n|move|p2a: Gyarados|Crunch|p1b: LadyMane\n|-activate|p1b: LadyMane|move: Protect\n|\n|upkeep\n|turn|5\n|-message|coatesy92 forfeited.\n|\n|win|mathtass\n|raw|mathtass's rating: 1394 → 1410<\/strong> (+16 for winning)\n|raw|coatesy92's rating: 1316 → 1300<\/strong> (-16 for losing)\n|l|\u2606coatesy92\n","uploadtime":1684091341,"views":6,"p1id":"mathtass","p2id":"coatesy92","formatid":"gen9vgc2023regulationc","rating":1300,"private":0,"password":""}