{"id":"gen9vgc2023regulationc-1862049834","p1":"DonPasic","p2":"Asbergerr","format":"[Gen 9] VGC 2023 Regulation C","log":"|j|\u2606DonPasic\n|j|\u2606Asbergerr\n|t:|1683832075\n|gametype|doubles\n|player|p1|DonPasic|cynthia-gen4|1329\n|player|p2|Asbergerr|1|1258\n|teamsize|p1|6\n|teamsize|p2|6\n|gen|9\n|tier|[Gen 9] VGC 2023 Regulation C\n|rated|\n|rule|Species Clause: Limit one of each Pok\u00e9mon\n|rule|Item Clause: Limit one of each item\n|clearpoke\n|poke|p1|Lilligant, L50, F|\n|poke|p1|Torkoal, L50, M|\n|poke|p1|Flutter Mane, L50|\n|poke|p1|Great Tusk, L50|\n|poke|p1|Wo-Chien, L50|\n|poke|p1|Indeedee-F, L50, F|\n|poke|p2|Gholdengo, L50|\n|poke|p2|Dragonite, L50, F|\n|poke|p2|Chien-Pao, L50|\n|poke|p2|Gardevoir, L50, F|\n|poke|p2|Brute Bonnet, L50|\n|poke|p2|Arcanine, L50, M|\n|teampreview|4\n|inactive|Battle timer is ON: inactive players will automatically lose when time's up. (requested by Asbergerr)\nAsbergerr has agreed to open team sheets.\n|\n|t:|1683832104\n|start\n|switch|p1a: Lilligant|Lilligant, L50, F|100\/100\n|switch|p1b: Torkoal|Torkoal, L50, M|100\/100\n|switch|p2a: Chien-Pao|Chien-Pao, L50|100\/100\n|switch|p2b: Brute Bonnet|Brute Bonnet, L50|100\/100\n|-ability|p2a: Chien-Pao|Sword of Ruin\n|-weather|SunnyDay|[from] ability: Drought|[of] p1b: Torkoal\n|-activate|p2b: Brute Bonnet|ability: Protosynthesis\n|-start|p2b: Brute Bonnet|protosynthesisatk\n|turn|1\n|inactive|DonPasic has 30 seconds left.\n|\n|t:|1683832129\n|move|p1a: Lilligant|After You|p1b: Torkoal\n|-activate|p1b: Torkoal|move: After You\n|move|p1b: Torkoal|Eruption|p2b: Brute Bonnet|[spread] p2a,p2b\n|-supereffective|p2a: Chien-Pao\n|-supereffective|p2b: Brute Bonnet\n|-enditem|p2a: Chien-Pao|Focus Sash\n|-damage|p2a: Chien-Pao|1\/100\n|-damage|p2b: Brute Bonnet|0 fnt\n|faint|p2b: Brute Bonnet\n|-end|p2b: Brute Bonnet|Protosynthesis|[silent]\n|move|p2a: Chien-Pao|Ice Spinner|p1a: Lilligant\n|-supereffective|p1a: Lilligant\n|-enditem|p1a: Lilligant|Focus Sash\n|-damage|p1a: Lilligant|1\/100\n|\n|-weather|SunnyDay|[upkeep]\n|upkeep\n|\n|t:|1683832149\n|switch|p2b: Dragonite|Dragonite, L50, F|100\/100\n|turn|2\n|\n|t:|1683832167\n|-terastallize|p2b: Dragonite|Flying\n|move|p2a: Chien-Pao|Sucker Punch||[still]\n|-fail|p2a: Chien-Pao\n|move|p1a: Lilligant|After You|p1b: Torkoal\n|-activate|p1b: Torkoal|move: After You\n|move|p1b: Torkoal|Eruption|p2b: Dragonite|[spread] p2a,p2b\n|-supereffective|p2a: Chien-Pao\n|-damage|p2a: Chien-Pao|0 fnt\n|-damage|p2b: Dragonite|59\/100\n|faint|p2a: Chien-Pao\n|move|p2b: Dragonite|Tera Blast|p1a: Lilligant\n|-supereffective|p1a: Lilligant\n|-damage|p1a: Lilligant|0 fnt\n|faint|p1a: Lilligant\n|\n|-weather|SunnyDay|[upkeep]\n|upkeep\n|\n|t:|1683832189\n|switch|p2a: Arcanine|Arcanine, L50, M, shiny|100\/100\n|switch|p1a: Wo-Chien|Wo-Chien, L50|100\/100\n|-ability|p2a: Arcanine|Intimidate|boost\n|-unboost|p1a: Wo-Chien|atk|1\n|-unboost|p1b: Torkoal|atk|1\n|-ability|p1a: Wo-Chien|Tablets of Ruin\n|turn|3\n|\n|t:|1683832208\n|-terastallize|p1a: Wo-Chien|Poison\n|move|p1b: Torkoal|Protect|p1b: Torkoal\n|-singleturn|p1b: Torkoal|Protect\n|move|p2a: Arcanine|Flare Blitz|p1a: Wo-Chien\n|-damage|p1a: Wo-Chien|52\/100\n|-damage|p2a: Arcanine|85\/100|[from] Recoil\n|move|p2b: Dragonite|Tera Blast|p1b: Torkoal\n|-activate|p1b: Torkoal|move: Protect\n|move|p1a: Wo-Chien|Leech Seed|p2b: Dragonite\n|-start|p2b: Dragonite|move: Leech Seed\n|\n|-weather|SunnyDay|[upkeep]\n|-heal|p1a: Wo-Chien|58\/100|[from] item: Leftovers\n|-damage|p2b: Dragonite|47\/100|[from] Leech Seed|[of] p1a: Wo-Chien\n|-heal|p1a: Wo-Chien|70\/100|[silent]\n|upkeep\n|turn|4\n|inactive|DonPasic has 30 seconds left.\n|\n|t:|1683832235\n|move|p2a: Arcanine|Flare Blitz|p1b: Torkoal\n|-resisted|p1b: Torkoal\n|-damage|p1b: Torkoal|78\/100\n|-damage|p2a: Arcanine|78\/100|[from] Recoil\n|move|p2b: Dragonite|Tera Blast|p1b: Torkoal\n|-damage|p1b: Torkoal|25\/100\n|move|p1a: Wo-Chien|Leech Seed|p2a: Arcanine\n|-start|p2a: Arcanine|move: Leech Seed\n|move|p1b: Torkoal|Eruption|p2b: Dragonite|[spread] p2a,p2b\n|-resisted|p2a: Arcanine\n|-damage|p2a: Arcanine|66\/100\n|-damage|p2b: Dragonite|26\/100\n|\n|-weather|SunnyDay|[upkeep]\n|-heal|p1a: Wo-Chien|77\/100|[from] item: Leftovers\n|-damage|p2a: Arcanine|53\/100|[from] Leech Seed|[of] p1a: Wo-Chien\n|-heal|p1a: Wo-Chien|89\/100|[silent]\n|-damage|p2b: Dragonite|14\/100|[from] Leech Seed|[of] p1a: Wo-Chien\n|-heal|p1a: Wo-Chien|100\/100|[silent]\n|upkeep\n|turn|5\n|inactive|DonPasic has 30 seconds left.\n|\n|t:|1683832268\n|move|p1b: Torkoal|Protect|p1b: Torkoal\n|-singleturn|p1b: Torkoal|Protect\n|move|p2a: Arcanine|Flare Blitz|p1a: Wo-Chien\n|-damage|p1a: Wo-Chien|54\/100\n|-damage|p2a: Arcanine|38\/100|[from] Recoil\n|move|p2b: Dragonite|Tera Blast|p1a: Wo-Chien\n|-damage|p1a: Wo-Chien|2\/100\n|move|p1a: Wo-Chien|Ruination|p2a: Arcanine\n|-damage|p2a: Arcanine|19\/100\n|\n|-weather|none\n|-heal|p1a: Wo-Chien|8\/100|[from] item: Leftovers\n|-damage|p2a: Arcanine|7\/100|[from] Leech Seed|[of] p1a: Wo-Chien\n|-heal|p1a: Wo-Chien|20\/100|[silent]\n|-damage|p2b: Dragonite|2\/100|[from] Leech Seed|[of] p1a: Wo-Chien\n|-heal|p1a: Wo-Chien|32\/100|[silent]\n|upkeep\n|turn|6\n|\n|t:|1683832293\n|move|p1a: Wo-Chien|Protect|p1a: Wo-Chien\n|-singleturn|p1a: Wo-Chien|Protect\n|move|p2a: Arcanine|Morning Sun|p2a: Arcanine\n|-heal|p2a: Arcanine|57\/100\n|move|p2b: Dragonite|Tera Blast|p1a: Wo-Chien\n|-activate|p1a: Wo-Chien|move: Protect\n|move|p1b: Torkoal|Earth Power|p2a: Arcanine\n|-supereffective|p2a: Arcanine\n|-damage|p2a: Arcanine|5\/100\n|\n|-heal|p1a: Wo-Chien|39\/100|[from] item: Leftovers\n|-damage|p2a: Arcanine|0 fnt|[from] Leech Seed|[of] p1a: Wo-Chien\n|-heal|p1a: Wo-Chien|43\/100|[silent]\n|faint|p2a: Arcanine\n|-damage|p2b: Dragonite|0 fnt|[from] Leech Seed|[of] p1a: Wo-Chien\n|-heal|p1a: Wo-Chien|44\/100|[silent]\n|faint|p2b: Dragonite\n|\n|win|DonPasic\n|upkeep\n|raw|DonPasic's rating: 1329 → 1345<\/strong> (+16 for winning)\n|raw|Asbergerr's rating: 1258 → 1238<\/strong> (-20 for losing)\n|l|\u2606Asbergerr\n","uploadtime":1683832324,"views":13,"p1id":"donpasic","p2id":"asbergerr","formatid":"gen9vgc2023regulationc","rating":1238,"private":0,"password":""}