{"id":"gen9vgc2023regulationc-1850842119","p1":"Gin06134","p2":"nastyman21","format":"[Gen 9] VGC 2023 Regulation C","log":"|j|\u203dGin06134\n|j|\u2606nastyman21\n|t:|1682373327\n|gametype|doubles\n|player|p1|Gin06134|red-gen1|1324\n|player|p2|nastyman21|gentleman|1288\n|teamsize|p1|6\n|teamsize|p2|6\n|gen|9\n|tier|[Gen 9] VGC 2023 Regulation C\n|rated|\n|rule|Species Clause: Limit one of each Pok\u00e9mon\n|rule|Item Clause: Limit one of each item\n|clearpoke\n|poke|p1|Ting-Lu, L50|\n|poke|p1|Palafin, L50, F|\n|poke|p1|Amoonguss, L50, M|\n|poke|p1|Arcanine, L50, F|\n|poke|p1|Roaring Moon, L50|\n|poke|p1|Flutter Mane, L50|\n|poke|p2|Ting-Lu, L50|\n|poke|p2|Iron Hands, L50|\n|poke|p2|Gholdengo, L50|\n|poke|p2|Flutter Mane, L50|\n|poke|p2|Armarouge, L50, F|\n|poke|p2|Amoonguss, L50, M|\n|teampreview|4\n|\n|t:|1682373379\n|start\n|switch|p1a: Flutter Mane|Flutter Mane, L50|100\/100\n|switch|p1b: Roaring Moon|Roaring Moon, L50|100\/100\n|switch|p2a: Iron Hands|Iron Hands, L50|100\/100\n|switch|p2b: Flutter Mane|Flutter Mane, L50|100\/100\n|turn|1\n|\n|t:|1682373396\n|-terastallize|p1b: Roaring Moon|Fire\n|move|p2a: Iron Hands|Fake Out|p1b: Roaring Moon\n|-damage|p1b: Roaring Moon|82\/100\n|move|p2b: Flutter Mane|Shadow Ball|p1a: Flutter Mane\n|-supereffective|p1a: Flutter Mane\n|-damage|p1a: Flutter Mane|6\/100\n|move|p1a: Flutter Mane|Moonblast|p2a: Iron Hands\n|-supereffective|p2a: Iron Hands\n|-damage|p2a: Iron Hands|26\/100\n|-damage|p1a: Flutter Mane|0 fnt|[from] item: Life Orb\n|faint|p1a: Flutter Mane\n|-end|p1a: Flutter Mane|Protosynthesis|[silent]\n|cant|p1b: Roaring Moon|flinch\n|\n|upkeep\n|\n|t:|1682373409\n|switch|p1a: Palafin|Palafin, L50, F|100\/100\n|turn|2\n|\n|t:|1682373424\n|move|p2b: Flutter Mane|Moonblast|p1a: Palafin\n|-damage|p1a: Palafin|59\/100\n|move|p1b: Roaring Moon|Dragon Dance|p1b: Roaring Moon\n|-boost|p1b: Roaring Moon|atk|1\n|-boost|p1b: Roaring Moon|spe|1\n|move|p1a: Palafin|Flip Turn|p2a: Iron Hands\n|-damage|p2a: Iron Hands|14\/100\n|\n|t:|1682373433\n|detailschange|p1a: Palafin|Palafin-Hero, L50, F\n|switch|p1a: Amoonguss|Amoonguss, L50, M|100\/100|[from] Flip Turn\n|move|p2a: Iron Hands|Drain Punch|p1b: Roaring Moon\n|-damage|p1b: Roaring Moon|35\/100\n|-heal|p2a: Iron Hands|33\/100|[from] drain|[of] p1b: Roaring Moon\n|\n|upkeep\n|turn|3\n|\n|t:|1682373449\n|move|p1b: Roaring Moon|Tera Blast|p2a: Iron Hands\n|-damage|p2a: Iron Hands|0 fnt\n|faint|p2a: Iron Hands\n|-end|p2a: Iron Hands|Quark Drive|[silent]\n|move|p2b: Flutter Mane|Shadow Ball|p1a: Amoonguss\n|-damage|p1a: Amoonguss|65\/100\n|-unboost|p1a: Amoonguss|spd|1\n|move|p1a: Amoonguss|Pollen Puff|p1b: Roaring Moon\n|-heal|p1b: Roaring Moon|85\/100\n|\n|upkeep\n|\n|t:|1682373462\n|switch|p2a: Armarouge|Armarouge, L50, F|100\/100\n|turn|4\n|\n|t:|1682373472\n|switch|p1a: Palafin|Palafin-Hero, L50, F|59\/100\n|-activate|p1a: Palafin|ability: Zero to Hero\n|-terastallize|p2a: Armarouge|Grass\n|move|p1b: Roaring Moon|Throat Chop|p2a: Armarouge\n|-damage|p2a: Armarouge|29\/100\n|-start|p2a: Armarouge|Throat Chop|[silent]\n|move|p2a: Armarouge|Psychic|p1b: Roaring Moon\n|-damage|p1b: Roaring Moon|40\/100\n|move|p2b: Flutter Mane|Shadow Ball|p1a: Palafin\n|-damage|p1a: Palafin|30\/100\n|\n|upkeep\n|turn|5\n|\n|t:|1682373504\n|switch|p2a: Amoonguss|Amoonguss, L50, M, shiny|100\/100\n|move|p1b: Roaring Moon|Throat Chop|p2a: Amoonguss\n|-damage|p2a: Amoonguss|50\/100\n|-start|p2a: Amoonguss|Throat Chop|[silent]\n|-enditem|p2a: Amoonguss|Sitrus Berry|[eat]\n|-heal|p2a: Amoonguss|75\/100|[from] item: Sitrus Berry\n|move|p2b: Flutter Mane|Shadow Ball|p1b: Roaring Moon\n|-damage|p1b: Roaring Moon|0 fnt\n|faint|p1b: Roaring Moon\n|-end|p1b: Roaring Moon|Protosynthesis|[silent]\n|move|p1a: Palafin|Wave Crash|p2b: Flutter Mane\n|-enditem|p2b: Flutter Mane|Focus Sash\n|-damage|p2b: Flutter Mane|1\/100\n|-damage|p1a: Palafin|7\/100|[from] Recoil\n|\n|upkeep\n|\n|t:|1682373518\n|switch|p1b: Amoonguss|Amoonguss, L50, M|98\/100\n|turn|6\n|\n|t:|1682373532\n|move|p2a: Amoonguss|Rage Powder|p2a: Amoonguss\n|-singleturn|p2a: Amoonguss|move: Rage Powder\n|move|p1a: Palafin|Jet Punch|p2a: Amoonguss\n|-resisted|p2a: Amoonguss\n|-damage|p2a: Amoonguss|58\/100\n|move|p2b: Flutter Mane|Shadow Ball|p1a: Palafin\n|-damage|p1a: Palafin|0 fnt\n|faint|p1a: Palafin\n|move|p1b: Amoonguss|Pollen Puff|p1: Palafin|[notarget]\n|-fail|p1b: Amoonguss\n|\n|-end|p2a: Amoonguss|Throat Chop|[silent]\n|upkeep\n|turn|7\n|c|\u2606nastyman21|gg\n|inactive|Battle timer is ON: inactive players will automatically lose when time's up. (requested by nastyman21)\n|inactive|Gin06134 has 60 seconds left.\n|inactive|Gin06134 has 30 seconds left.\n|inactive|Gin06134 has 20 seconds left.\n|inactive|Gin06134 has 15 seconds left.\n|inactive|Gin06134 has 10 seconds left.\n|inactive|Gin06134 has 5 seconds left.\n|c|\u2606nastyman21|ez\n|\n|t:|1682373691\n|move|p2a: Amoonguss|Rage Powder|p2a: Amoonguss\n|-singleturn|p2a: Amoonguss|move: Rage Powder\n|move|p2b: Flutter Mane|Shadow Ball|p1b: Amoonguss\n|-damage|p1b: Amoonguss|60\/100\n|move|p1b: Amoonguss|Pollen Puff|p2b: Flutter Mane\n|-resisted|p2b: Flutter Mane\n|-damage|p2b: Flutter Mane|0 fnt\n|faint|p2b: Flutter Mane\n|-end|p2b: Flutter Mane|Protosynthesis|[silent]\n|\n|upkeep\n|\n|t:|1682373699\n|switch|p2b: Armarouge|Armarouge, L50, F, tera:Grass|29\/100\n|turn|8\n|l|\u203dGin06134\n|inactive|Gin06134 disconnected and has a minute to reconnect!\n|player|p1|\n|inactive|Gin06134 has 30 seconds left.\n|inactive|Gin06134 has 20 seconds left.\n|inactive|Gin06134 has 15 seconds left.\n|inactive|Gin06134 has 10 seconds left.\n|inactive|Gin06134 has 5 seconds left.\n|-message|Gin06134 lost due to inactivity.\n|\n|win|nastyman21\n|raw|Gin06134's rating: 1305 → 1284<\/strong> (-21 for losing)\n|raw|nastyman21's rating: 1288 → 1314<\/strong> (+26 for winning)\n","uploadtime":1682373814,"views":6,"p1id":"gin06134","p2id":"nastyman21","formatid":"gen9vgc2023regulationc","rating":1284,"private":0,"password":""}