{"id":"gen9vgc2023regulationc-1845597626","p1":"SoutherlySoup","p2":"GoodUnity-YT","format":"[Gen 9] VGC 2023 Regulation C","log":"|j|\u2606SoutherlySoup\n|j|\u2606GoodUnity-YT\n|t:|1681748182\n|gametype|doubles\n|player|p1|SoutherlySoup|dawn|1000\n|player|p2|GoodUnity-YT|102|1013\n|teamsize|p1|6\n|teamsize|p2|6\n|gen|9\n|tier|[Gen 9] VGC 2023 Regulation C\n|rated|\n|rule|Species Clause: Limit one of each Pok\u00e9mon\n|rule|Item Clause: Limit one of each item\n|clearpoke\n|poke|p1|Amoonguss, L50, F|\n|poke|p1|Palafin, L50, F|\n|poke|p1|Baxcalibur, L50, F|\n|poke|p1|Dragonite, L50, F|\n|poke|p1|Chi-Yu, L50|\n|poke|p1|Flutter Mane, L50|\n|poke|p2|Torkoal, L50, M|\n|poke|p2|Lilligant, L50, F|\n|poke|p2|Flutter Mane, L50|\n|poke|p2|Chi-Yu, L50|\n|poke|p2|Iron Bundle, L50|\n|poke|p2|Dragonite, L50, F|\n|teampreview|4\n|inactive|Battle timer is ON: inactive players will automatically lose when time's up. (requested by SoutherlySoup)\nSoutherlySoup has agreed to open team sheets.\n|\n|t:|1681748207\n|start\n|switch|p1a: Torqoise|Palafin, L50, F|100\/100\n|switch|p1b: Sus|Amoonguss, L50, F, shiny|100\/100\n|switch|p2a: Chi-Yu|Chi-Yu, L50|100\/100\n|switch|p2b: Iron Bundle|Iron Bundle, L50|100\/100\n|-ability|p2a: Chi-Yu|Beads of Ruin\n|-enditem|p2b: Iron Bundle|Booster Energy\n|-activate|p2b: Iron Bundle|ability: Quark Drive|[fromitem]\n|-start|p2b: Iron Bundle|quarkdrivespe\n|turn|1\n|inactive|SoutherlySoup has 30 seconds left.\n|\n|t:|1681748234\n|detailschange|p1a: Torqoise|Palafin-Hero, L50, F\n|switch|p1a: Flutter Mane|Flutter Mane, L50|100\/100\n|-enditem|p1a: Flutter Mane|Booster Energy\n|-activate|p1a: Flutter Mane|ability: Protosynthesis|[fromitem]\n|-start|p1a: Flutter Mane|protosynthesisspe\n|move|p2b: Iron Bundle|Freeze-Dry|p1b: Sus\n|-supereffective|p1b: Sus\n|-damage|p1b: Sus|27\/100\n|-enditem|p1b: Sus|Sitrus Berry|[eat]\n|-heal|p1b: Sus|52\/100|[from] item: Sitrus Berry\n|move|p2a: Chi-Yu|Heat Wave|p1b: Sus|[spread] p1a,p1b\n|-supereffective|p1b: Sus\n|-damage|p1a: Flutter Mane|46\/100\n|-damage|p1b: Sus|0 fnt\n|faint|p1b: Sus\n|\n|upkeep\n|\n|t:|1681748253\n|switch|p1b: Chi-Yu|Chi-Yu, L50|100\/100\n|-ability|p1b: Chi-Yu|Beads of Ruin\n|turn|2\n|inactive|GoodUnity-YT has 30 seconds left.\n|inactive|GoodUnity-YT has 20 seconds left.\n|\n|t:|1681748292\n|-terastallize|p1a: Flutter Mane|Fairy\n|move|p2b: Iron Bundle|Icy Wind|p1b: Chi-Yu|[spread] p1a,p1b\n|-resisted|p1b: Chi-Yu\n|-damage|p1a: Flutter Mane|16\/100\n|-damage|p1b: Chi-Yu|89\/100\n|-unboost|p1a: Flutter Mane|spe|1\n|-unboost|p1b: Chi-Yu|spe|1\n|move|p1a: Flutter Mane|Moonblast|p2b: Iron Bundle\n|-damage|p2b: Iron Bundle|0 fnt\n|faint|p2b: Iron Bundle\n|-end|p2b: Iron Bundle|Quark Drive|[silent]\n|move|p2a: Chi-Yu|Heat Wave|p1b: Chi-Yu|[spread] p1b\n|-miss|p2a: Chi-Yu|p1a: Flutter Mane\n|-resisted|p1b: Chi-Yu\n|-damage|p1b: Chi-Yu|65\/100\n|move|p1b: Chi-Yu|Dark Pulse|p2a: Chi-Yu\n|-resisted|p2a: Chi-Yu\n|-damage|p2a: Chi-Yu|75\/100\n|\n|upkeep\n|\n|t:|1681748308\n|switch|p2b: Torkoal|Torkoal, L50, M|100\/100\n|-weather|SunnyDay|[from] ability: Drought|[of] p2b: Torkoal\n|turn|3\n|\n|t:|1681748330\n|move|p2b: Torkoal|Protect|p2b: Torkoal\n|-singleturn|p2b: Torkoal|Protect\n|move|p1a: Flutter Mane|Moonblast|p2a: Chi-Yu\n|-damage|p2a: Chi-Yu|0 fnt\n|faint|p2a: Chi-Yu\n|move|p1b: Chi-Yu|Dark Pulse|p2b: Torkoal\n|-activate|p2b: Torkoal|move: Protect\n|\n|-weather|SunnyDay|[upkeep]\n|upkeep\n|\n|t:|1681748339\n|switch|p2a: Lilligant|Lilligant, L50, F|100\/100\n|turn|4\n|\n|t:|1681748361\n|-terastallize|p2a: Lilligant|Water\n|move|p2a: Lilligant|After You|p2b: Torkoal\n|-activate|p2b: Torkoal|move: After You\n|move|p2b: Torkoal|Eruption|p1b: Chi-Yu|[spread] p1a,p1b\n|-resisted|p1b: Chi-Yu\n|-damage|p1a: Flutter Mane|0 fnt\n|-damage|p1b: Chi-Yu|32\/100\n|faint|p1a: Flutter Mane\n|-end|p1a: Flutter Mane|Protosynthesis|[silent]\n|move|p1b: Chi-Yu|Overheat|p2a: Lilligant\n|-resisted|p2a: Lilligant\n|-damage|p2a: Lilligant|6\/100\n|-unboost|p1b: Chi-Yu|spa|2\n|\n|-weather|SunnyDay|[upkeep]\n|upkeep\n|\n|t:|1681748376\n|switch|p1a: Torqoise|Palafin-Hero, L50, F|100\/100\n|-activate|p1a: Torqoise|ability: Zero to Hero\n|turn|5\n|\n|t:|1681748389\n|move|p2a: Lilligant|After You|p2b: Torkoal\n|-activate|p2b: Torkoal|move: After You\n|move|p2b: Torkoal|Eruption|p1b: Chi-Yu|[spread] p1a,p1b\n|-resisted|p1a: Torqoise\n|-resisted|p1b: Chi-Yu\n|-damage|p1a: Torqoise|61\/100\n|-damage|p1b: Chi-Yu|0 fnt\n|faint|p1b: Chi-Yu\n|move|p1a: Torqoise|Wave Crash|p2b: Torkoal\n|-supereffective|p2b: Torkoal\n|-damage|p2b: Torkoal|50\/100\n|-damage|p1a: Torqoise|47\/100|[from] Recoil\n|\n|-weather|SunnyDay|[upkeep]\n|upkeep\n|turn|6\n|\n|t:|1681748404\n|move|p1a: Torqoise|Jet Punch|p2a: Lilligant\n|-resisted|p2a: Lilligant\n|-damage|p2a: Lilligant|0 fnt\n|faint|p2a: Lilligant\n|move|p2b: Torkoal|Yawn|p1a: Torqoise\n|-start|p1a: Torqoise|move: Yawn|[of] p2b: Torkoal\n|\n|-weather|SunnyDay|[upkeep]\n|upkeep\n|turn|7\n|\n|t:|1681748411\n|move|p2b: Torkoal|Protect|p2b: Torkoal\n|-singleturn|p2b: Torkoal|Protect\n|move|p1a: Torqoise|Wave Crash|p2b: Torkoal\n|-activate|p2b: Torkoal|move: Protect\n|\n|-weather|none\n|-end|p1a: Torqoise|move: Yawn|[silent]\n|-status|p1a: Torqoise|slp\n|upkeep\n|turn|8\n|\n|t:|1681748414\n|cant|p1a: Torqoise|slp\n|move|p2b: Torkoal|Earth Power|p1a: Torqoise\n|-damage|p1a: Torqoise|29\/100 slp\n|\n|upkeep\n|turn|9\n|\n|t:|1681748420\n|cant|p1a: Torqoise|slp\n|move|p2b: Torkoal|Earth Power|p1a: Torqoise\n|-crit|p1a: Torqoise\n|-damage|p1a: Torqoise|3\/100 slp\n|\n|upkeep\n|turn|10\n|\n|t:|1681748422\n|-curestatus|p1a: Torqoise|slp|[msg]\n|move|p1a: Torqoise|Protect|p1a: Torqoise\n|-singleturn|p1a: Torqoise|Protect\n|move|p2b: Torkoal|Earth Power|p1a: Torqoise\n|-activate|p1a: Torqoise|move: Protect\n|\n|upkeep\n|turn|11\n|\n|t:|1681748427\n|move|p1a: Torqoise|Wave Crash|p2b: Torkoal\n|-supereffective|p2b: Torkoal\n|-damage|p2b: Torkoal|0 fnt\n|faint|p2b: Torkoal\n|-damage|p1a: Torqoise|0 fnt|[from] Recoil\n|faint|p1a: Torqoise\n|\n|win|SoutherlySoup\n|raw|SoutherlySoup's rating: 1000 → 1041<\/strong> (+41 for winning)\n|raw|GoodUnity-YT's rating: 1013 → 1001<\/strong> (-12 for losing)\n|l|\u2606GoodUnity-YT\n","uploadtime":1681748446,"views":13,"p1id":"southerlysoup","p2id":"goodunityyt","formatid":"gen9vgc2023regulationc","rating":1001,"private":0,"password":""}