{"id":"gen9vgc2023regulationc-1845572104","p1":"PacoTacoWT","p2":"SaberChrono","format":"[Gen 9] VGC 2023 Regulation C","log":"|j|\u2606PacoTacoWT\n|j|\u2606SaberChrono\n|t:|1681746049\n|gametype|doubles\n|player|p1|PacoTacoWT|flannery|1112\n|player|p2|SaberChrono|kimonogirl|1172\n|teamsize|p1|6\n|teamsize|p2|6\n|gen|9\n|tier|[Gen 9] VGC 2023 Regulation C\n|rated|\n|rule|Species Clause: Limit one of each Pok\u00e9mon\n|rule|Item Clause: Limit one of each item\n|clearpoke\n|poke|p1|Amoonguss, L50, M|\n|poke|p1|Iron Hands, L50|\n|poke|p1|Palafin, L50, M|\n|poke|p1|Flutter Mane, L50|\n|poke|p1|Chien-Pao, L50|\n|poke|p1|Corviknight, L50, M|\n|poke|p2|Talonflame, L50, M|\n|poke|p2|Scream Tail, L50|\n|poke|p2|Chien-Pao, L50|\n|poke|p2|Garchomp, L50, F|\n|poke|p2|Flutter Mane, L50|\n|poke|p2|Iron Hands, L50|\n|teampreview|4\n|inactive|Battle timer is ON: inactive players will automatically lose when time's up. (requested by SaberChrono)\nPacoTacoWT has agreed to open team sheets.\nSaberChrono rejected open team sheets.\n|inactive|PacoTacoWT has 60 seconds left.\n|inactive|SaberChrono has 60 seconds left.\n|inactive|PacoTacoWT has 30 seconds left.\n|inactive|PacoTacoWT has 20 seconds left.\n|\n|t:|1681746120\n|start\n|switch|p1a: Palafin|Palafin, L50, M|100\/100\n|switch|p1b: Iron Hands|Iron Hands, L50|100\/100\n|switch|p2a: Chien-Pao|Chien-Pao, L50|100\/100\n|switch|p2b: Iron Hands|Iron Hands, L50|100\/100\n|-ability|p2a: Chien-Pao|Sword of Ruin\n|turn|1\n|\n|t:|1681746139\n|switch|p2a: Scream Tail|Scream Tail, L50|100\/100\n|-enditem|p2a: Scream Tail|Booster Energy\n|-activate|p2a: Scream Tail|ability: Protosynthesis|[fromitem]\n|-start|p2a: Scream Tail|protosynthesisspd\n|detailschange|p1a: Palafin|Palafin-Hero, L50, M\n|switch|p1a: Amoonguss|Amoonguss, L50, M, shiny|100\/100\n|move|p1b: Iron Hands|Fake Out|p2a: Scream Tail\n|-crit|p2a: Scream Tail\n|-damage|p2a: Scream Tail|81\/100\n|move|p2b: Iron Hands|Wild Charge|p1a: Amoonguss\n|-resisted|p1a: Amoonguss\n|-damage|p1a: Amoonguss|75\/100\n|-damage|p2b: Iron Hands|95\/100|[from] Recoil\n|\n|upkeep\n|turn|2\n|inactive|PacoTacoWT has 30 seconds left.\n|inactive|PacoTacoWT has 20 seconds left.\n|\n|t:|1681746175\n|-end|p1b: Iron Hands|Quark Drive|[silent]\n|switch|p1b: Corviknight|Corviknight, L50, M|100\/100\n|-terastallize|p2b: Iron Hands|Grass\n|move|p2a: Scream Tail|Encore||[still]\n|-fail|p2a: Scream Tail\n|move|p2b: Iron Hands|Ice Punch|p1a: Amoonguss\n|-supereffective|p1a: Amoonguss\n|-damage|p1a: Amoonguss|27\/100\n|-enditem|p1a: Amoonguss|Sitrus Berry|[eat]\n|-heal|p1a: Amoonguss|52\/100|[from] item: Sitrus Berry\n|move|p1a: Amoonguss|Spore|p2a: Scream Tail\n|-status|p2a: Scream Tail|slp|[from] move: Spore\n|\n|upkeep\n|turn|3\n|inactive|PacoTacoWT has 30 seconds left.\n|\n|t:|1681746204\n|-end|p2a: Scream Tail|Protosynthesis|[silent]\n|switch|p2a: Chien-Pao|Chien-Pao, L50|100\/100\n|-ability|p2a: Chien-Pao|Sword of Ruin\n|switch|p1a: Iron Hands|Iron Hands, L50|100\/100\n|-terastallize|p1b: Corviknight|Dragon\n|move|p1b: Corviknight|Bulk Up|p1b: Corviknight\n|-boost|p1b: Corviknight|atk|1\n|-boost|p1b: Corviknight|def|1\n|move|p2b: Iron Hands|Ice Punch|p1a: Iron Hands\n|-damage|p1a: Iron Hands|74\/100\n|\n|upkeep\n|turn|4\n|inactive|PacoTacoWT has 30 seconds left.\n|inactive|SaberChrono has 30 seconds left.\n|\n|t:|1681746236\n|move|p1a: Iron Hands|Fake Out|p2a: Chien-Pao\n|-damage|p2a: Chien-Pao|79\/100\n|cant|p2a: Chien-Pao|flinch\n|move|p1b: Corviknight|Bulk Up|p1b: Corviknight\n|-boost|p1b: Corviknight|atk|1\n|-boost|p1b: Corviknight|def|1\n|move|p2b: Iron Hands|Ice Punch|p1b: Corviknight\n|-supereffective|p1b: Corviknight\n|-damage|p1b: Corviknight|72\/100\n|\n|upkeep\n|turn|5\n|inactive|PacoTacoWT has 30 seconds left.\n|\n|t:|1681746266\n|move|p2a: Chien-Pao|Ice Spinner|p1b: Corviknight\n|-supereffective|p1b: Corviknight\n|-damage|p1b: Corviknight|30\/100\n|move|p1b: Corviknight|Roost|p1b: Corviknight\n|-heal|p1b: Corviknight|80\/100\n|move|p1a: Iron Hands|Close Combat|p2a: Chien-Pao\n|-supereffective|p2a: Chien-Pao\n|-damage|p2a: Chien-Pao|0 fnt\n|-unboost|p1a: Iron Hands|def|1\n|-unboost|p1a: Iron Hands|spd|1\n|faint|p2a: Chien-Pao\n|move|p2b: Iron Hands|Ice Punch|p1b: Corviknight\n|-supereffective|p1b: Corviknight\n|-damage|p1b: Corviknight|58\/100\n|\n|upkeep\n|\n|t:|1681746275\n|switch|p2a: Scream Tail|Scream Tail, L50|81\/100 slp\n|turn|6\n|\n|t:|1681746289\n|cant|p2a: Scream Tail|slp\n|move|p1b: Corviknight|Iron Head|p2a: Scream Tail\n|-supereffective|p2a: Scream Tail\n|-damage|p2a: Scream Tail|0 fnt\n|faint|p2a: Scream Tail\n|-end|p2a: Scream Tail|Protosynthesis|[silent]\n|move|p1a: Iron Hands|Volt Switch|p2b: Iron Hands\n|-resisted|p2b: Iron Hands\n|-damage|p2b: Iron Hands|91\/100\n|-message|SaberChrono forfeited.\n|\n|win|PacoTacoWT\n|raw|PacoTacoWT's rating: 1112 → 1141<\/strong> (+29 for winning)\n|raw|SaberChrono's rating: 1172 → 1143<\/strong> (-29 for losing)\n|l|\u2606SaberChrono\n","uploadtime":1681746307,"views":22,"p1id":"pacotacowt","p2id":"saberchrono","formatid":"gen9vgc2023regulationc","rating":1141,"private":0,"password":""}