{"id":"gen9vgc2023regulationc-1847377918","p1":"deliciouslygood","p2":"Wolfelt","format":"[Gen 9] VGC 2023 Regulation C","log":"|j|\u2606deliciouslygood\n|j|\u2606Wolfelt\n|t:|1681947913\n|gametype|doubles\n|player|p1|deliciouslygood|170|\n|player|p2|Wolfelt|pokefan-gen4|\n|teamsize|p1|6\n|teamsize|p2|6\n|gen|9\n|tier|[Gen 9] VGC 2023 Regulation C\n|rule|Species Clause: Limit one of each Pok\u00e9mon\n|rule|Item Clause: Limit one of each item\n|clearpoke\n|poke|p1|Azumarill, L50, F|\n|poke|p1|Pawmot, L50, M|\n|poke|p1|Cyclizar, L50, F|\n|poke|p1|Iron Moth, L50|\n|poke|p1|Weavile, L50, M|\n|poke|p1|Meowscarada, L50, M|\n|poke|p2|Dondozo, L50, M|\n|poke|p2|Tatsugiri-Droopy, L50, M|\n|poke|p2|Pincurchin, L50, M|\n|poke|p2|Girafarig, L50, M|\n|poke|p2|Goodra, L50, M|\n|poke|p2|Revavroom, L50, M|\n|teampreview|4\n|j| dudeblake\n|\n|t:|1681948095\n|start\n|switch|p1a: tabasco|Iron Moth, L50|100\/100\n|switch|p1b: rotelle|Cyclizar, L50, F|100\/100\n|switch|p2a: vegeta|Pincurchin, L50, M|100\/100\n|switch|p2b: Beamr?hardlyknoher|Revavroom, L50, M|100\/100\n|-enditem|p1a: tabasco|Booster Energy\n|-activate|p1a: tabasco|ability: Quark Drive|[fromitem]\n|-start|p1a: tabasco|quarkdrivespe\n|turn|1\n|\n|t:|1681948147\n|move|p1a: tabasco|Protect|p1a: tabasco\n|-singleturn|p1a: tabasco|Protect\n|move|p2b: Beamr?hardlyknoher|Protect|p2b: Beamr?hardlyknoher\n|-singleturn|p2b: Beamr?hardlyknoher|Protect\n|move|p1b: rotelle|Overheat|p2b: Beamr?hardlyknoher\n|-activate|p2b: Beamr?hardlyknoher|move: Protect\n|move|p2a: vegeta|Rain Dance|p2a: vegeta\n|-weather|RainDance\n|\n|-weather|RainDance|[upkeep]\n|upkeep\n|turn|2\n|\n|t:|1681948205\n|switch|p2b: DonBOZO|Dondozo, L50, M|100\/100\n|move|p1a: tabasco|Fiery Dance|p2b: DonBOZO\n|-resisted|p2b: DonBOZO\n|-damage|p2b: DonBOZO|90\/100\n|move|p1b: rotelle|Overheat|p2b: DonBOZO|[miss]\n|-miss|p1b: rotelle|p2b: DonBOZO\n|move|p2a: vegeta|Acupressure|p2b: DonBOZO\n|-boost|p2b: DonBOZO|spe|2\n|\n|-weather|RainDance|[upkeep]\n|upkeep\n|turn|3\n|\n|t:|1681948229\n|-terastallize|p1a: tabasco|Grass\n|move|p1a: tabasco|Discharge|p2b: DonBOZO|[spread] p1b,p2b\n|-ability|p2a: vegeta|Lightning Rod|boost\n|-boost|p2a: vegeta|spa|1\n|-resisted|p1b: rotelle\n|-supereffective|p2b: DonBOZO\n|-damage|p1b: rotelle|86\/100\n|-damage|p2b: DonBOZO|53\/100\n|-status|p2b: DonBOZO|par\n|move|p1b: rotelle|Shed Tail|p1b: rotelle\n|-start|p1b: rotelle|Substitute|[from] move: Shed Tail\n|-damage|p1b: rotelle|36\/100\n|\n|t:|1681948242\n|switch|p1b: ice cream|Weavile, L50, M, shiny|100\/100|[from] Shed Tail\n|-ability|p1b: ice cream|Pressure\n|move|p2b: DonBOZO|Body Press|p1b: ice cream\n|-supereffective|p1b: ice cream\n|-end|p1b: ice cream|Substitute\n|move|p2a: vegeta|Acupressure|p2b: DonBOZO\n|-boost|p2b: DonBOZO|accuracy|2\n|\n|-weather|RainDance|[upkeep]\n|upkeep\n|turn|4\n|\n|t:|1681948302\n|switch|p2a: Beamr?hardlyknoher|Revavroom, L50, M|100\/100\n|move|p1a: tabasco|Air Slash|p2b: DonBOZO\n|-damage|p2b: DonBOZO|30\/100 par\n|move|p1b: ice cream|Swords Dance|p1b: ice cream\n|-boost|p1b: ice cream|atk|2\n|cant|p2b: DonBOZO|flinch\n|\n|-weather|RainDance|[upkeep]\n|upkeep\n|turn|5\n|j| cb-sooner\n|\n|t:|1681948362\n|move|p1a: tabasco|Fiery Dance|p2a: Beamr?hardlyknoher\n|-supereffective|p2a: Beamr?hardlyknoher\n|-damage|p2a: Beamr?hardlyknoher|54\/100\n|move|p1b: ice cream|Swords Dance|p1b: ice cream\n|-boost|p1b: ice cream|atk|2\n|move|p2a: Beamr?hardlyknoher|Poison Jab|p1a: tabasco\n|-supereffective|p1a: tabasco\n|-damage|p1a: tabasco|0 fnt\n|faint|p1a: tabasco\n|-end|p1a: tabasco|Quark Drive|[silent]\n|move|p2b: DonBOZO|Body Press|p1b: ice cream\n|-supereffective|p1b: ice cream\n|-damage|p1b: ice cream|0 fnt\n|faint|p1b: ice cream\n|\n|-weather|RainDance|[upkeep]\n|upkeep\n|l| cb-sooner\n|\n|t:|1681948381\n|switch|p1a: rotelle|Cyclizar, L50, F|69\/100\n|switch|p1b: hard boiled|Azumarill, L50, F|100\/100\n|turn|6\n|\n|t:|1681948399\n|move|p2a: Beamr?hardlyknoher|Spin Out|p1b: hard boiled\n|-damage|p1b: hard boiled|40\/100\n|-unboost|p2a: Beamr?hardlyknoher|spe|2\n|move|p1a: rotelle|Thunderbolt|p2b: DonBOZO\n|-supereffective|p2b: DonBOZO\n|-damage|p2b: DonBOZO|0 fnt\n|faint|p2b: DonBOZO\n|move|p1b: hard boiled|Belly Drum||[still]\n|-fail|p1b: hard boiled\n|\n|-weather|RainDance|[upkeep]\n|-heal|p1b: hard boiled|46\/100|[from] item: Leftovers\n|upkeep\n|\n|t:|1681948425\n|switch|p2b: vegeta|Pincurchin, L50, M|100\/100\n|turn|7\n|\n|t:|1681948447\n|move|p2a: Beamr?hardlyknoher|Protect|p2a: Beamr?hardlyknoher\n|-singleturn|p2a: Beamr?hardlyknoher|Protect\n|move|p1b: hard boiled|Protect|p1b: hard boiled\n|-singleturn|p1b: hard boiled|Protect\n|move|p1a: rotelle|Overheat|p2a: Beamr?hardlyknoher\n|-activate|p2a: Beamr?hardlyknoher|move: Protect\n|move|p2b: vegeta|Zing Zap|p1b: hard boiled\n|-activate|p1b: hard boiled|move: Protect\n|\n|-weather|RainDance|[upkeep]\n|-heal|p1b: hard boiled|52\/100|[from] item: Leftovers\n|upkeep\n|turn|8\n|\n|t:|1681948487\n|move|p1a: rotelle|Overheat|p2a: Beamr?hardlyknoher\n|-supereffective|p2a: Beamr?hardlyknoher\n|-damage|p2a: Beamr?hardlyknoher|21\/100\n|-unboost|p1a: rotelle|spa|2\n|-enditem|p2a: Beamr?hardlyknoher|Mago Berry|[eat]\n|-heal|p2a: Beamr?hardlyknoher|54\/100|[from] item: Mago Berry\n|move|p2a: Beamr?hardlyknoher|Poison Jab|p1b: hard boiled\n|-supereffective|p1b: hard boiled\n|-damage|p1b: hard boiled|0 fnt\n|faint|p1b: hard boiled\n|move|p2b: vegeta|Zing Zap|p1a: rotelle\n|-resisted|p1a: rotelle\n|-damage|p1a: rotelle|47\/100\n|-damage|p2b: vegeta|84\/100|[from] item: Rocky Helmet|[of] p1a: rotelle\n|\n|-weather|none\n|upkeep\n|turn|9\n|\n|t:|1681948511\n|move|p1a: rotelle|Draco Meteor|p2b: vegeta\n|-damage|p2b: vegeta|55\/100\n|-unboost|p1a: rotelle|spa|2\n|move|p2a: Beamr?hardlyknoher|Spin Out|p1a: rotelle\n|-damage|p1a: rotelle|0 fnt\n|-unboost|p2a: Beamr?hardlyknoher|spe|2\n|-damage|p2a: Beamr?hardlyknoher|38\/100|[from] item: Rocky Helmet|[of] p1a: rotelle\n|faint|p1a: rotelle\n|\n|win|Wolfelt\n|j| KlawfulGood\n|l| dudeblake\n|l|\u2606deliciouslygood\n","uploadtime":1681948543,"views":9,"p1id":"deliciouslygood","p2id":"wolfelt","formatid":"gen9vgc2023regulationc","rating":0,"private":0,"password":""}