{"id":"gen9vgc2023regulationc-1857959748","p1":"BranBoi","p2":"VeeGey","format":"[Gen 9] VGC 2023 Regulation C","log":"|j|\u2606BranBoi\n|j|\u2606VeeGey\n|t:|1683252533\n|gametype|doubles\n|player|p1|BranBoi|101|1113\n|player|p2|VeeGey|266|1000\n|teamsize|p1|6\n|teamsize|p2|6\n|gen|9\n|tier|[Gen 9] VGC 2023 Regulation C\n|rated|\n|rule|Species Clause: Limit one of each Pok\u00e9mon\n|rule|Item Clause: Limit one of each item\n|clearpoke\n|poke|p1|Flutter Mane, L50|\n|poke|p1|Amoonguss, L50, M|\n|poke|p1|Arcanine, L50, M|\n|poke|p1|Palafin, L50, M|\n|poke|p1|Ting-Lu, L50|\n|poke|p1|Baxcalibur, L50, F|\n|poke|p2|Wugtrio, L50, F|\n|poke|p2|Pelipper, L50, M|\n|poke|p2|Golduck, L50, F|\n|poke|p2|Indeedee-F, L50, F|\n|poke|p2|Mudsdale, L50, F|\n|poke|p2|Azumarill, L50, F|\n|teampreview|4\n|inactive|Battle timer is ON: inactive players will automatically lose when time's up. (requested by VeeGey)\n|inactive|VeeGey has 60 seconds left.\n|\n|t:|1683252573\n|start\n|switch|p1a: Baxcalibur|Baxcalibur, L50, F|100\/100\n|switch|p1b: Amoonguss|Amoonguss, L50, M|100\/100\n|switch|p2a: Wugtrio|Wugtrio, L50, F|100\/100\n|switch|p2b: Golduck|Golduck, L50, F|100\/100\n|turn|1\n|inactive|VeeGey has 30 seconds left.\n|inactive|VeeGey has 20 seconds left.\n|\n|t:|1683252612\n|switch|p2a: Pelipper|Pelipper, L50, M|100\/100\n|-weather|RainDance|[from] ability: Drizzle|[of] p2a: Pelipper\n|move|p2b: Golduck|Surf|p1b: Amoonguss|[spread] p2a,p1a,p1b\n|-resisted|p2a: Pelipper\n|-resisted|p1a: Baxcalibur\n|-resisted|p1b: Amoonguss\n|-damage|p2a: Pelipper|70\/100\n|-damage|p1a: Baxcalibur|71\/100\n|-damage|p1b: Amoonguss|77\/100\n|-damage|p2b: Golduck|91\/100|[from] item: Life Orb\n|move|p1a: Baxcalibur|Glaive Rush|p2b: Golduck\n|-damage|p2b: Golduck|0 fnt\n|-singlemove|p1a: Baxcalibur|Glaive Rush|[silent]\n|faint|p2b: Golduck\n|move|p1b: Amoonguss|Pollen Puff|p2a: Pelipper\n|-resisted|p2a: Pelipper\n|-damage|p2a: Pelipper|62\/100\n|\n|-weather|RainDance|[upkeep]\n|upkeep\n|\n|t:|1683252625\n|switch|p2b: Mudsdale|Mudsdale, L50, F|100\/100\n|turn|2\n|\n|t:|1683252637\n|-terastallize|p2b: Mudsdale|Normal\n|move|p1a: Baxcalibur|Protect|p1a: Baxcalibur\n|-singleturn|p1a: Baxcalibur|Protect\n|move|p2a: Pelipper|Hurricane|p1b: Amoonguss\n|-supereffective|p1b: Amoonguss\n|-crit|p1b: Amoonguss\n|-damage|p1b: Amoonguss|0 fnt\n|faint|p1b: Amoonguss\n|move|p2b: Mudsdale|Body Press|p1a: Baxcalibur\n|-activate|p1a: Baxcalibur|move: Protect\n|\n|-weather|RainDance|[upkeep]\n|upkeep\n|\n|t:|1683252648\n|switch|p1b: Arcanine|Arcanine, L50, M|100\/100\n|-ability|p1b: Arcanine|Intimidate|boost\n|-unboost|p2a: Pelipper|atk|1\n|-unboost|p2b: Mudsdale|atk|1\n|turn|3\n|\n|t:|1683252658\n|switch|p1b: Flutter Mane|Flutter Mane, L50|100\/100\n|-enditem|p1b: Flutter Mane|Booster Energy\n|-activate|p1b: Flutter Mane|ability: Protosynthesis|[fromitem]\n|-start|p1b: Flutter Mane|protosynthesisspe\n|move|p1a: Baxcalibur|Glaive Rush|p2b: Mudsdale\n|-damage|p2b: Mudsdale|49\/100\n|-singlemove|p1a: Baxcalibur|Glaive Rush|[silent]\n|-ability|p2b: Mudsdale|Stamina|boost\n|-boost|p2b: Mudsdale|def|1\n|move|p2a: Pelipper|Surf|p1b: Flutter Mane|[spread] p2b,p1a,p1b\n|-resisted|p1a: Baxcalibur\n|-damage|p2b: Mudsdale|23\/100\n|-damage|p1a: Baxcalibur|36\/100\n|-damage|p1b: Flutter Mane|66\/100\n|-ability|p2b: Mudsdale|Stamina|boost\n|-boost|p2b: Mudsdale|def|1\n|move|p2b: Mudsdale|Body Press|p1a: Baxcalibur\n|-supereffective|p1a: Baxcalibur\n|-damage|p1a: Baxcalibur|0 fnt\n|faint|p1a: Baxcalibur\n|\n|-weather|RainDance|[upkeep]\n|upkeep\n|\n|t:|1683252675\n|switch|p1a: Arcanine|Arcanine, L50, M|100\/100\n|-ability|p1a: Arcanine|Intimidate|boost\n|-unboost|p2a: Pelipper|atk|1\n|-unboost|p2b: Mudsdale|atk|1\n|turn|4\n|\n|t:|1683252683\n|move|p1b: Flutter Mane|Dazzling Gleam|p2b: Mudsdale|[spread] p2a,p2b\n|-damage|p2a: Pelipper|27\/100\n|-damage|p2b: Mudsdale|0 fnt\n|faint|p2b: Mudsdale\n|move|p1a: Arcanine|Flare Blitz|p2a: Pelipper\n|-resisted|p2a: Pelipper\n|-damage|p2a: Pelipper|11\/100\n|-damage|p1a: Arcanine|96\/100|[from] Recoil\n|move|p2a: Pelipper|Tailwind|p2a: Pelipper\n|-sidestart|p2: VeeGey|move: Tailwind\n|\n|-weather|RainDance|[upkeep]\n|upkeep\n|\n|t:|1683252684\n|switch|p2b: Wugtrio|Wugtrio, L50, F|100\/100\n|turn|5\n|\n|t:|1683252698\n|-terastallize|p1b: Flutter Mane|Fairy\n|move|p2b: Wugtrio|Triple Dive|p1b: Flutter Mane\n|-damage|p1b: Flutter Mane|2\/100\n|-damage|p1b: Flutter Mane|0 fnt\n|faint|p1b: Flutter Mane\n|-end|p1b: Flutter Mane|Protosynthesis|[silent]\n|-hitcount|p1: Flutter Mane|2\n|move|p2a: Pelipper|Surf|p1a: Arcanine|[spread] p2b,p1a\n|-resisted|p2b: Wugtrio\n|-supereffective|p1a: Arcanine\n|-damage|p2b: Wugtrio|68\/100\n|-damage|p1a: Arcanine|27\/100\n|move|p1a: Arcanine|Snarl|p2a: Pelipper|[spread] p2a,p2b\n|-damage|p2a: Pelipper|3\/100\n|-damage|p2b: Wugtrio|48\/100\n|-unboost|p2a: Pelipper|spa|1\n|-unboost|p2b: Wugtrio|spa|1\n|\n|-weather|RainDance|[upkeep]\n|upkeep\n|turn|6\n|-message|BranBoi forfeited.\n|\n|win|VeeGey\n|raw|BranBoi's rating: 1113 → 1080<\/strong> (-33 for losing)\n|raw|VeeGey's rating: 1000 → 1053<\/strong> (+53 for winning)\n|l|\u2606BranBoi\n","uploadtime":1683252715,"views":9,"p1id":"branboi","p2id":"veegey","formatid":"gen9vgc2023regulationc","rating":1053,"private":0,"password":""}