{"id":"gen9vgc2023regulationc-1848737553","p1":"exstraspaceDND","p2":"Reuselation","format":"[Gen 9] VGC 2023 Regulation C","log":"|j|\u2606exstraspaceDND\n|j|\u2606Reuselation\n|t:|1682105434\n|gametype|doubles\n|player|p1|exstraspaceDND|drayden|1078\n|player|p2|Reuselation|red|1145\n|teamsize|p1|6\n|teamsize|p2|6\n|gen|9\n|tier|[Gen 9] VGC 2023 Regulation C\n|rated|\n|rule|Species Clause: Limit one of each Pok\u00e9mon\n|rule|Item Clause: Limit one of each item\n|clearpoke\n|poke|p1|Iron Bundle, L50|\n|poke|p1|Garchomp, L50, F|\n|poke|p1|Rotom-Heat, L50|\n|poke|p1|Hydreigon, L50, M|\n|poke|p1|Jumpluff, L50, M|\n|poke|p1|Scizor, L50, F|\n|poke|p2|Pelipper, L50, M|\n|poke|p2|Palafin, L50, M|\n|poke|p2|Amoonguss, L50, F|\n|poke|p2|Iron Hands, L50|\n|poke|p2|Salamence, L50, M|\n|poke|p2|Chien-Pao, L50|\n|teampreview|4\nexstraspaceDND rejected open team sheets.\n|inactive|Battle timer is ON: inactive players will automatically lose when time's up. (requested by exstraspaceDND)\n|\n|t:|1682105476\n|start\n|switch|p1a: Scizor|Scizor, L50, F|100\/100\n|switch|p1b: Garchomp|Garchomp, L50, F|100\/100\n|switch|p2a: Iron Hands|Iron Hands, L50|100\/100\n|switch|p2b: Amoonguss|Amoonguss, L50, F|100\/100\n|turn|1\n|\n|t:|1682105499\n|-terastallize|p1b: Garchomp|Steel\n|move|p1b: Garchomp|Earthquake|p2b: Amoonguss|[spread] p1a,p2a,p2b\n|-supereffective|p2a: Iron Hands\n|-crit|p2b: Amoonguss\n|-damage|p1a: Scizor|54\/100\n|-damage|p2a: Iron Hands|43\/100\n|-damage|p2b: Amoonguss|48\/100\n|-enditem|p2b: Amoonguss|Sitrus Berry|[eat]\n|-heal|p2b: Amoonguss|73\/100|[from] item: Sitrus Berry\n|move|p2a: Iron Hands|Drain Punch|p1a: Scizor\n|-damage|p1a: Scizor|10\/100\n|-heal|p2a: Iron Hands|59\/100|[from] drain|[of] p1a: Scizor\n|move|p1a: Scizor|Aerial Ace|p2b: Amoonguss\n|-supereffective|p2b: Amoonguss\n|-damage|p2b: Amoonguss|0 fnt\n|faint|p2b: Amoonguss\n|\n|upkeep\n|\n|t:|1682105519\n|switch|p2b: Salamence|Salamence, L50, M|100\/100\n|-ability|p2b: Salamence|Intimidate|boost\n|-unboost|p1a: Scizor|atk|1\n|-unboost|p1b: Garchomp|atk|1\n|turn|2\n|\n|t:|1682105540\n|switch|p1a: Iron Bundle|Iron Bundle, L50|100\/100\n|-enditem|p1a: Iron Bundle|Booster Energy\n|-activate|p1a: Iron Bundle|ability: Quark Drive|[fromitem]\n|-start|p1a: Iron Bundle|quarkdrivespe\n|-terastallize|p2a: Iron Hands|Grass\n|move|p1b: Garchomp|Protect|p1b: Garchomp\n|-singleturn|p1b: Garchomp|Protect\n|move|p2b: Salamence|Tailwind|p2b: Salamence\n|-sidestart|p2: Reuselation|move: Tailwind\n|move|p2a: Iron Hands|Drain Punch|p1a: Iron Bundle\n|-supereffective|p1a: Iron Bundle\n|-damage|p1a: Iron Bundle|0 fnt\n|-heal|p2a: Iron Hands|87\/100|[from] drain|[of] p1a: Iron Bundle\n|faint|p1a: Iron Bundle\n|-end|p1a: Iron Bundle|Quark Drive|[silent]\n|\n|upkeep\n|\n|t:|1682105554\n|switch|p1a: Hydreigon|Hydreigon, L50, M|100\/100\n|turn|3\n|\n|t:|1682105566\n|move|p2b: Salamence|Hurricane|p1b: Garchomp\n|-resisted|p1b: Garchomp\n|-damage|p1b: Garchomp|71\/100\n|-damage|p2b: Salamence|91\/100|[from] item: Life Orb\n|move|p1a: Hydreigon|Draco Meteor|p2a: Iron Hands\n|-crit|p2a: Iron Hands\n|-damage|p2a: Iron Hands|36\/100\n|-unboost|p1a: Hydreigon|spa|2\n|move|p2a: Iron Hands|Drain Punch|p1a: Hydreigon\n|-supereffective|p1a: Hydreigon\n|-damage|p1a: Hydreigon|0 fnt\n|-heal|p2a: Iron Hands|71\/100|[from] drain|[of] p1a: Hydreigon\n|faint|p1a: Hydreigon\n|move|p1b: Garchomp|Outrage|p2a: Iron Hands\n|-damage|p2a: Iron Hands|40\/100\n|\n|upkeep\n|\n|t:|1682105584\n|switch|p1a: Scizor|Scizor, L50, F|10\/100\n|turn|4\n|\n|t:|1682105591\n|move|p1a: Scizor|Bullet Punch|p2a: Iron Hands\n|-damage|p2a: Iron Hands|8\/100\n|move|p2b: Salamence|Hurricane|p1a: Scizor\n|-damage|p1a: Scizor|0 fnt\n|faint|p1a: Scizor\n|-damage|p2b: Salamence|82\/100|[from] item: Life Orb\n|move|p2a: Iron Hands|Drain Punch|p1b: Garchomp\n|-supereffective|p1b: Garchomp\n|-damage|p1b: Garchomp|5\/100\n|-heal|p2a: Iron Hands|35\/100|[from] drain|[of] p1b: Garchomp\n|-damage|p2a: Iron Hands|22\/100|[from] ability: Rough Skin|[of] p1b: Garchomp\n|move|p1b: Garchomp|Outrage|p2a: Iron Hands|[from]lockedmove\n|-damage|p2a: Iron Hands|0 fnt\n|faint|p2a: Iron Hands\n|-end|p2a: Iron Hands|Quark Drive|[silent]\n|-start|p1b: Garchomp|confusion|[fatigue]\n|-enditem|p1b: Garchomp|Lum Berry|[eat]\n|-end|p1b: Garchomp|confusion\n|\n|upkeep\n|\n|t:|1682105613\n|switch|p2a: Chien-Pao|Chien-Pao, L50|100\/100\n|-ability|p2a: Chien-Pao|Sword of Ruin\n|turn|5\n|-message|exstraspaceDND forfeited.\n|\n|win|Reuselation\n|raw|exstraspaceDND's rating: 1078 → 1060<\/strong> (-18 for losing)\n|raw|Reuselation's rating: 1145 → 1165<\/strong> (+20 for winning)\n|l|\u2606exstraspaceDND\n","uploadtime":1682105623,"views":12,"p1id":"exstraspacednd","p2id":"reuselation","formatid":"gen9vgc2023regulationc","rating":1060,"private":0,"password":""}