{"id":"gen9vgc2023regulationc-1847185958","p1":"babiwi bewey\u2714\ufe0f","p2":"Cemposer","format":"[Gen 9] VGC 2023 Regulation C","log":"|j|\u2606babiwi bewey\u2714\ufe0f\n|j|\u2606Cemposer\n|t:|1681926100\n|gametype|doubles\n|player|p1|babiwi bewey\u2714\ufe0f|elesa-masters|1427\n|player|p2|Cemposer|grimsley|1377\n|teamsize|p1|6\n|teamsize|p2|6\n|gen|9\n|tier|[Gen 9] VGC 2023 Regulation C\n|rated|\n|rule|Species Clause: Limit one of each Pok\u00e9mon\n|rule|Item Clause: Limit one of each item\n|clearpoke\n|poke|p1|Flutter Mane, L50|\n|poke|p1|Kingambit, L50, M|\n|poke|p1|Brute Bonnet, L50|\n|poke|p1|Volcarona, L50, M|\n|poke|p1|Iron Bundle, L50|\n|poke|p1|Dragonite, L50, F|\n|poke|p2|Palafin, L50, M|\n|poke|p2|Chien-Pao, L50|\n|poke|p2|Dragapult, L50, M|\n|poke|p2|Amoonguss, L50, M|\n|poke|p2|Arcanine, L50, F|\n|poke|p2|Flutter Mane, L50|\n|teampreview|4\n|\n|t:|1681926175\n|start\n|switch|p1a: Brute Bonnet|Brute Bonnet, L50|100\/100\n|switch|p1b: Volcarona|Volcarona, L50, M|100\/100\n|switch|p2a: Palafin|Palafin, L50, M|100\/100\n|switch|p2b: Chien-Pao|Chien-Pao, L50|100\/100\n|-ability|p2b: Chien-Pao|Sword of Ruin\n|turn|1\n|inactive|Battle timer is ON: inactive players will automatically lose when time's up. (requested by Cemposer)\n|inactive|Cemposer has 60 seconds left.\n|\n|t:|1681926209\n|detailschange|p2a: Palafin|Palafin-Hero, L50, M\n|switch|p2a: Amoonguss|Amoonguss, L50, M|100\/100\n|-terastallize|p1b: Volcarona|Water\n|move|p1b: Volcarona|Rage Powder|p1b: Volcarona\n|-singleturn|p1b: Volcarona|move: Rage Powder\n|move|p2b: Chien-Pao|Ice Spinner|p1b: Volcarona\n|-resisted|p1b: Volcarona\n|-damage|p1b: Volcarona|71\/100\n|move|p1a: Brute Bonnet|Bullet Seed|p2b: Chien-Pao\n|-damage|p2b: Chien-Pao|81\/100\n|-damage|p2b: Chien-Pao|59\/100\n|-damage|p2b: Chien-Pao|40\/100\n|-damage|p2b: Chien-Pao|18\/100\n|-hitcount|p2b: Chien-Pao|4\n|\n|upkeep\n|turn|2\n|inactive|Cemposer has 30 seconds left.\n|inactive|Cemposer has 20 seconds left.\n|inactive|babiwi bewey\u2714\ufe0f has 30 seconds left.\n|inactive|Cemposer has 15 seconds left.\n|\n|t:|1681926254\n|move|p2b: Chien-Pao|Protect|p2b: Chien-Pao\n|-singleturn|p2b: Chien-Pao|Protect\n|move|p1b: Volcarona|Overheat|p2a: Amoonguss|[miss]\n|-miss|p1b: Volcarona|p2a: Amoonguss\n|move|p1a: Brute Bonnet|Bullet Seed|p2b: Chien-Pao\n|-activate|p2b: Chien-Pao|move: Protect\n|move|p2a: Amoonguss|Pollen Puff|p1a: Brute Bonnet\n|-supereffective|p1a: Brute Bonnet\n|-damage|p1a: Brute Bonnet|38\/100\n|\n|upkeep\n|turn|3\n|inactive|Cemposer has 30 seconds left.\n|inactive|Cemposer has 20 seconds left.\n|inactive|babiwi bewey\u2714\ufe0f has 30 seconds left.\n|inactive|Cemposer has 15 seconds left.\n|inactive|Cemposer has 10 seconds left.\n|inactive|babiwi bewey\u2714\ufe0f has 20 seconds left.\n|inactive|Cemposer has 5 seconds left.\n|inactive|babiwi bewey\u2714\ufe0f has 15 seconds left.\n|\n|t:|1681926309\n|move|p2b: Chien-Pao|Sacred Sword|p1a: Brute Bonnet\n|-supereffective|p1a: Brute Bonnet\n|-damage|p1a: Brute Bonnet|0 fnt\n|faint|p1a: Brute Bonnet\n|-end|p1a: Brute Bonnet|Protosynthesis|[silent]\n|move|p1b: Volcarona|Overheat|p2a: Amoonguss|[miss]\n|-miss|p1b: Volcarona|p2a: Amoonguss\n|move|p2a: Amoonguss|Spore|p1b: Volcarona\n|-status|p1b: Volcarona|slp|[from] move: Spore\n|\n|upkeep\n|\n|t:|1681926317\n|switch|p1a: Iron Bundle|Iron Bundle, L50|100\/100\n|-enditem|p1a: Iron Bundle|Booster Energy\n|-activate|p1a: Iron Bundle|ability: Quark Drive|[fromitem]\n|-start|p1a: Iron Bundle|quarkdrivespe\n|turn|4\n|inactive|Cemposer has 30 seconds left.\n|\n|t:|1681926351\n|move|p1a: Iron Bundle|Protect|p1a: Iron Bundle\n|-singleturn|p1a: Iron Bundle|Protect\n|move|p2b: Chien-Pao|Protect|p2b: Chien-Pao\n|-singleturn|p2b: Chien-Pao|Protect\n|cant|p1b: Volcarona|slp\n|move|p2a: Amoonguss|Spore|p1a: Iron Bundle\n|-activate|p1a: Iron Bundle|move: Protect\n|\n|upkeep\n|turn|5\n|\n|t:|1681926371\n|move|p1a: Iron Bundle|Freeze-Dry|p2a: Amoonguss\n|-supereffective|p2a: Amoonguss\n|-damage|p2a: Amoonguss|43\/100\n|-enditem|p2a: Amoonguss|Sitrus Berry|[eat]\n|-heal|p2a: Amoonguss|68\/100|[from] item: Sitrus Berry\n|move|p2b: Chien-Pao|Sacred Sword|p1a: Iron Bundle\n|-supereffective|p1a: Iron Bundle\n|-damage|p1a: Iron Bundle|4\/100\n|cant|p1b: Volcarona|slp\n|move|p2a: Amoonguss|Pollen Puff|p2b: Chien-Pao\n|-heal|p2b: Chien-Pao|68\/100\n|\n|upkeep\n|turn|6\n|inactive|Cemposer has 30 seconds left.\n|\n|t:|1681926401\n|switch|p2a: Palafin|Palafin-Hero, L50, M|100\/100\n|-activate|p2a: Palafin|ability: Zero to Hero\n|move|p1a: Iron Bundle|Protect|p1a: Iron Bundle\n|-singleturn|p1a: Iron Bundle|Protect\n|move|p2b: Chien-Pao|Protect|p2b: Chien-Pao\n|-singleturn|p2b: Chien-Pao|Protect\n|-curestatus|p1b: Volcarona|slp|[msg]\n|move|p1b: Volcarona|Overheat|p2a: Palafin\n|-resisted|p2a: Palafin\n|-damage|p2a: Palafin|71\/100\n|-unboost|p1b: Volcarona|spa|2\n|\n|upkeep\n|turn|7\n|inactive|babiwi bewey\u2714\ufe0f has 30 seconds left.\n|\n|t:|1681926426\n|-terastallize|p2a: Palafin|Water\n|move|p1b: Volcarona|Rage Powder|p1b: Volcarona\n|-singleturn|p1b: Volcarona|move: Rage Powder\n|move|p2b: Chien-Pao|Sucker Punch||[still]\n|-fail|p2b: Chien-Pao\n|move|p1a: Iron Bundle|Hydro Pump|p2b: Chien-Pao\n|-damage|p2b: Chien-Pao|0 fnt\n|faint|p2b: Chien-Pao\n|move|p2a: Palafin|Wave Crash|p1b: Volcarona\n|-resisted|p1b: Volcarona\n|-damage|p1b: Volcarona|0 fnt\n|faint|p1b: Volcarona\n|-damage|p2a: Palafin|49\/100|[from] Recoil\n|\n|upkeep\n|\n|t:|1681926442\n|switch|p2b: Amoonguss|Amoonguss, L50, M|100\/100\n|switch|p1b: Flutter Mane|Flutter Mane, L50|100\/100\n|turn|8\n|inactive|Cemposer has 30 seconds left.\n|\n|t:|1681926475\n|move|p2b: Amoonguss|Rage Powder|p2b: Amoonguss\n|-singleturn|p2b: Amoonguss|move: Rage Powder\n|move|p2a: Palafin|Jet Punch|p1b: Flutter Mane\n|-crit|p1b: Flutter Mane\n|-damage|p1b: Flutter Mane|0 fnt\n|faint|p1b: Flutter Mane\n|-end|p1b: Flutter Mane|Protosynthesis|[silent]\n|move|p1a: Iron Bundle|Freeze-Dry|p2b: Amoonguss\n|-supereffective|p2b: Amoonguss\n|-damage|p2b: Amoonguss|46\/100\n|\n|upkeep\n|turn|9\n|inactive|babiwi bewey\u2714\ufe0f has 30 seconds left.\n|\n|t:|1681926505\n|move|p2a: Palafin|Jet Punch|p1a: Iron Bundle\n|-resisted|p1a: Iron Bundle\n|-damage|p1a: Iron Bundle|0 fnt\n|faint|p1a: Iron Bundle\n|-end|p1a: Iron Bundle|Quark Drive|[silent]\n|\n|win|Cemposer\n|raw|babiwi bewey\u2714\ufe0f's rating: 1427 → 1404<\/strong> (-23 for losing)\n|raw|Cemposer's rating: 1377 → 1400<\/strong> (+23 for winning)\n|l|\u2606babiwi bewey\u2714\ufe0f\n","uploadtime":1681926541,"views":11,"p1id":"babiwibewey","p2id":"cemposer","formatid":"gen9vgc2023regulationc","rating":1400,"private":0,"password":""}