{"id":"gen9vgc2023regulationc-1846574871","p1":"dogson5","p2":"michisio","format":"[Gen 9] VGC 2023 Regulation C","log":"|j|\u2606dogson5\n|j|\u2606michisio\n|t:|1681853207\n|gametype|doubles\n|player|p1|dogson5|nate|1332\n|player|p2|michisio|102|1348\n|teamsize|p1|6\n|teamsize|p2|6\n|gen|9\n|tier|[Gen 9] VGC 2023 Regulation C\n|rated|\n|rule|Species Clause: Limit one of each Pok\u00e9mon\n|rule|Item Clause: Limit one of each item\n|clearpoke\n|poke|p1|Palafin, L50, M|\n|poke|p1|Flutter Mane, L50|\n|poke|p1|Arcanine, L50, F|\n|poke|p1|Amoonguss, L50, F|\n|poke|p1|Dragonite, L50, F|\n|poke|p1|Kingambit, L50, M|\n|poke|p2|Wo-Chien, L50|\n|poke|p2|Arcanine, L50, M|\n|poke|p2|Glimmora, L50, F|\n|poke|p2|Ting-Lu, L50|\n|poke|p2|Slowbro, L50, F|\n|poke|p2|Klefki, L50, M|\n|teampreview|4\n|\n|t:|1681853240\n|start\n|switch|p1a: Arcanine|Arcanine, L50, F|100\/100\n|switch|p1b: Kingambit|Kingambit, L50, M|100\/100\n|switch|p2a: Klefki|Klefki, L50, M|100\/100\n|switch|p2b: Glimmora|Glimmora, L50, F|100\/100\n|-ability|p1a: Arcanine|Intimidate|boost\n|-unboost|p2a: Klefki|atk|1\n|-unboost|p2b: Glimmora|atk|1\n|turn|1\n|\n|t:|1681853267\n|-terastallize|p1b: Kingambit|Dark\n|move|p2a: Klefki|Reflect|p2a: Klefki\n|-sidestart|p2: michisio|Reflect\n|move|p1a: Arcanine|Howl|p1a: Arcanine|[spread] p1a,p1b\n|-boost|p1a: Arcanine|atk|1\n|-boost|p1b: Kingambit|atk|1\n|move|p2b: Glimmora|Earth Power|p1b: Kingambit\n|-damage|p1b: Kingambit|67\/100\n|move|p1b: Kingambit|Kowtow Cleave|p2b: Glimmora\n|-damage|p2b: Glimmora|25\/100\n|-activate|p2b: Glimmora|ability: Toxic Debris\n|-sidestart|p1: dogson5|move: Toxic Spikes\n|\n|upkeep\n|turn|2\n|\n|t:|1681853297\n|switch|p2a: Wo-Chien|Wo-Chien, L50|100\/100\n|-ability|p2a: Wo-Chien|Tablets of Ruin\n|move|p1b: Kingambit|Sucker Punch|p2b: Glimmora\n|-crit|p2b: Glimmora\n|-damage|p2b: Glimmora|0 fnt\n|-activate|p2b: Glimmora|ability: Toxic Debris\n|-sidestart|p1: dogson5|move: Toxic Spikes\n|faint|p2b: Glimmora\n|move|p1a: Arcanine|Flare Blitz|p2a: Wo-Chien\n|-supereffective|p2a: Wo-Chien\n|-damage|p2a: Wo-Chien|42\/100\n|-damage|p1a: Arcanine|82\/100|[from] Recoil\n|\n|upkeep\n|\n|t:|1681853311\n|switch|p2b: Klefki|Klefki, L50, M|100\/100\n|turn|3\n|\n|t:|1681853335\n|-terastallize|p2a: Wo-Chien|Water\n|move|p1a: Arcanine|Flare Blitz|p2a: Wo-Chien\n|-resisted|p2a: Wo-Chien\n|-damage|p2a: Wo-Chien|27\/100\n|-damage|p1a: Arcanine|77\/100|[from] Recoil\n|move|p2b: Klefki|Dazzling Gleam|p1b: Kingambit|[spread] p1a,p1b\n|-resisted|p1a: Arcanine\n|-supereffective|p1b: Kingambit\n|-damage|p1a: Arcanine|68\/100\n|-damage|p1b: Kingambit|31\/100\n|move|p2a: Wo-Chien|Leech Seed|p1b: Kingambit\n|-start|p1b: Kingambit|move: Leech Seed\n|move|p1b: Kingambit|Kowtow Cleave|p2b: Klefki\n|-resisted|p2b: Klefki\n|-crit|p2b: Klefki\n|-damage|p2b: Klefki|36\/100\n|\n|-damage|p1b: Kingambit|19\/100|[from] Leech Seed|[of] p2a: Wo-Chien\n|-heal|p2a: Wo-Chien|44\/100|[silent]\n|upkeep\n|turn|4\n|\n|t:|1681853374\n|switch|p2b: Arcanine|Arcanine, L50, M|100\/100\n|-ability|p2b: Arcanine|Intimidate|boost\n|-unboost|p1a: Arcanine|atk|1\n|-unboost|p1b: Kingambit|atk|1\n|-ability|p1b: Kingambit|Defiant|boost\n|-boost|p1b: Kingambit|atk|2\n|move|p1a: Arcanine|Flare Blitz|p2b: Arcanine\n|-resisted|p2b: Arcanine\n|-damage|p2b: Arcanine|85\/100\n|-damage|p1a: Arcanine|63\/100|[from] Recoil\n|move|p2a: Wo-Chien|Giga Drain|p1b: Kingambit\n|-damage|p1b: Kingambit|0 fnt\n|-heal|p2a: Wo-Chien|57\/100|[from] drain|[of] p1b: Kingambit\n|faint|p1b: Kingambit\n|\n|upkeep\n|\n|t:|1681853389\n|switch|p1b: Amoonguss|Amoonguss, L50, F|100\/100\n|-sideend|p1: dogson5|move: Toxic Spikes|[of] p1b: Amoonguss\n|turn|5\n|\n|t:|1681853402\n|switch|p1a: Dragonite|Dragonite, L50, F|100\/100\n|move|p1b: Amoonguss|Protect|p1b: Amoonguss\n|-singleturn|p1b: Amoonguss|Protect\n|move|p2b: Arcanine|Flare Blitz|p1b: Amoonguss\n|-activate|p1b: Amoonguss|move: Protect\n|move|p2a: Wo-Chien|Leech Seed|p1a: Dragonite\n|-start|p1a: Dragonite|move: Leech Seed\n|\n|-damage|p1a: Dragonite|88\/100|[from] Leech Seed|[of] p2a: Wo-Chien\n|-heal|p2a: Wo-Chien|73\/100|[silent]\n|upkeep\n|turn|6\n|\n|t:|1681853420\n|move|p2b: Arcanine|Will-O-Wisp|p1a: Dragonite\n|-status|p1a: Dragonite|brn\n|move|p1a: Dragonite|Stomping Tantrum|p2b: Arcanine\n|-supereffective|p2b: Arcanine\n|-damage|p2b: Arcanine|68\/100\n|move|p2a: Wo-Chien|Ruination|p1b: Amoonguss\n|-damage|p1b: Amoonguss|51\/100\n|move|p1b: Amoonguss|Spore|p2a: Wo-Chien\n|-status|p2a: Wo-Chien|slp|[from] move: Spore\n|\n|-damage|p1a: Dragonite|76\/100 brn|[from] Leech Seed|[of] p2a: Wo-Chien\n|-heal|p2a: Wo-Chien|89\/100 slp|[silent]\n|-damage|p1a: Dragonite|70\/100 brn|[from] brn\n|upkeep\n|turn|7\n|\n|t:|1681853441\n|switch|p1a: Arcanine|Arcanine, L50, F|63\/100\n|-ability|p1a: Arcanine|Intimidate|boost\n|-unboost|p2a: Wo-Chien|atk|1\n|-unboost|p2b: Arcanine|atk|1\n|move|p1b: Amoonguss|Protect|p1b: Amoonguss\n|-singleturn|p1b: Amoonguss|Protect\n|move|p2b: Arcanine|Flare Blitz|p1b: Amoonguss\n|-activate|p1b: Amoonguss|move: Protect\n|cant|p2a: Wo-Chien|slp\n|\n|upkeep\n|turn|8\n|\n|t:|1681853459\n|switch|p2b: Klefki|Klefki, L50, M|36\/100\n|switch|p1b: Dragonite|Dragonite, L50, F|70\/100 brn\n|move|p1a: Arcanine|Howl|p1a: Arcanine|[spread] p1a,p1b\n|-boost|p1a: Arcanine|atk|1\n|-boost|p1b: Dragonite|atk|1\n|cant|p2a: Wo-Chien|slp\n|\n|-damage|p1b: Dragonite|65\/100 brn|[from] brn\n|-sideend|p2: michisio|Reflect\n|upkeep\n|turn|9\n|\n|t:|1681853475\n|move|p2b: Klefki|Reflect|p2b: Klefki\n|-sidestart|p2: michisio|Reflect\n|move|p1a: Arcanine|Howl|p1a: Arcanine|[spread] p1a,p1b\n|-boost|p1a: Arcanine|atk|1\n|-boost|p1b: Dragonite|atk|1\n|move|p1b: Dragonite|Stomping Tantrum|p2b: Klefki\n|-supereffective|p2b: Klefki\n|-damage|p2b: Klefki|8\/100\n|cant|p2a: Wo-Chien|slp\n|\n|-damage|p1b: Dragonite|59\/100 brn|[from] brn\n|upkeep\n|turn|10\n|\n|t:|1681853512\n|move|p2b: Klefki|Light Screen|p2b: Klefki\n|-sidestart|p2: michisio|move: Light Screen\n|move|p1a: Arcanine|Howl|p1a: Arcanine|[spread] p1a,p1b\n|-boost|p1a: Arcanine|atk|1\n|-boost|p1b: Dragonite|atk|1\n|move|p1b: Dragonite|Stomping Tantrum|p2b: Klefki\n|-supereffective|p2b: Klefki\n|-crit|p2b: Klefki\n|-damage|p2b: Klefki|0 fnt\n|faint|p2b: Klefki\n|-curestatus|p2a: Wo-Chien|slp|[msg]\n|move|p2a: Wo-Chien|Leech Seed|p1b: Dragonite\n|-start|p1b: Dragonite|move: Leech Seed\n|\n|-damage|p1b: Dragonite|47\/100 brn|[from] Leech Seed|[of] p2a: Wo-Chien\n|-heal|p2a: Wo-Chien|100\/100|[silent]\n|-damage|p1b: Dragonite|41\/100 brn|[from] brn\n|upkeep\n|\n|t:|1681853524\n|switch|p2b: Arcanine|Arcanine, L50, M|68\/100\n|-ability|p2b: Arcanine|Intimidate|boost\n|-unboost|p1a: Arcanine|atk|1\n|-unboost|p1b: Dragonite|atk|1\n|turn|11\n|-message|dogson5 forfeited.\n|\n|win|michisio\n|raw|dogson5's rating: 1332 → 1313<\/strong> (-19 for losing)\n|raw|michisio's rating: 1348 → 1367<\/strong> (+19 for winning)\n","uploadtime":1681853544,"views":9,"p1id":"dogson5","p2id":"michisio","formatid":"gen9vgc2023regulationc","rating":1313,"private":0,"password":""}