{"id":"gen9vgc2023regulationc-1851263707","p1":"3g only","p2":"howay025","format":"[Gen 9] VGC 2023 Regulation C","log":"|j|\u26063g only\n|j|\u2606howay025\n|t:|1682430739\n|gametype|doubles\n|player|p1|3g only|juan|1223\n|player|p2|howay025|cynthia-gen4|1188\n|teamsize|p1|6\n|teamsize|p2|6\n|gen|9\n|tier|[Gen 9] VGC 2023 Regulation C\n|rated|\n|rule|Species Clause: Limit one of each Pok\u00e9mon\n|rule|Item Clause: Limit one of each item\n|clearpoke\n|poke|p1|Torkoal, L50, M|\n|poke|p1|Jumpluff, L50, F|\n|poke|p1|Flutter Mane, L50|\n|poke|p1|Great Tusk, L50|\n|poke|p1|Chien-Pao, L50|\n|poke|p1|Kingambit, L50, M|\n|poke|p2|Amoonguss, L50, F|\n|poke|p2|Palafin, L50, F|\n|poke|p2|Flutter Mane, L50|\n|poke|p2|Arcanine, L50, M|\n|poke|p2|Dragonite, L50, F|\n|poke|p2|Ting-Lu, L50|\n|teampreview|4\n|\n|t:|1682430809\n|start\n|switch|p1a: Jumpluff|Jumpluff, L50, F|100\/100\n|switch|p1b: Chien-Pao|Chien-Pao, L50|100\/100\n|switch|p2a: Palafin|Palafin, L50, F|100\/100\n|switch|p2b: Arcanine|Arcanine, L50, M, shiny|100\/100\n|-ability|p1b: Chien-Pao|Sword of Ruin\n|-ability|p2b: Arcanine|Intimidate|boost\n|-unboost|p1a: Jumpluff|atk|1\n|-unboost|p1b: Chien-Pao|atk|1\n|turn|1\n|\n|t:|1682430828\n|switch|p1b: Torkoal|Torkoal, L50, M|100\/100\n|-weather|SunnyDay|[from] ability: Drought|[of] p1b: Torkoal\n|detailschange|p2a: Palafin|Palafin-Hero, L50, F\n|switch|p2a: Amoonguss|Amoonguss, L50, F|100\/100\n|move|p1a: Jumpluff|Sleep Powder|p2b: Arcanine\n|-activate|p2b: Arcanine|item: Safety Goggles|Sleep Powder\n|move|p2b: Arcanine|Flare Blitz|p1a: Jumpluff\n|-supereffective|p1a: Jumpluff\n|-damage|p1a: Jumpluff|0 fnt\n|faint|p1a: Jumpluff\n|-damage|p2b: Arcanine|69\/100|[from] Recoil\n|\n|-weather|SunnyDay|[upkeep]\n|upkeep\n|\n|t:|1682430843\n|switch|p1a: Great Tusk|Great Tusk, L50|100\/100\n|-activate|p1a: Great Tusk|ability: Protosynthesis\n|-start|p1a: Great Tusk|protosynthesisatk\n|turn|2\n|\n|t:|1682430884\n|switch|p2b: Dragonite|Dragonite, L50, F, shiny|100\/100\n|-terastallize|p2a: Amoonguss|Water\n|move|p1a: Great Tusk|Rock Slide|p2b: Dragonite|[spread] p2a,p2b\n|-supereffective|p2b: Dragonite\n|-damage|p2a: Amoonguss|79\/100\n|-damage|p2b: Dragonite|75\/100\n|move|p1b: Torkoal|Overheat|p2a: Amoonguss\n|-resisted|p2a: Amoonguss\n|-damage|p2a: Amoonguss|53\/100\n|-unboost|p1b: Torkoal|spa|2\n|-enditem|p1b: Torkoal|Eject Pack\n|\n|t:|1682430894\n|switch|p1b: Chien-Pao|Chien-Pao, L50|100\/100\n|-ability|p1b: Chien-Pao|Sword of Ruin\n|cant|p2a: Amoonguss|flinch\n|\n|-weather|SunnyDay|[upkeep]\n|upkeep\n|turn|3\n|\n|t:|1682430932\n|switch|p2b: Arcanine|Arcanine, L50, M, shiny|69\/100\n|-ability|p2b: Arcanine|Intimidate|boost\n|-unboost|p1a: Great Tusk|atk|1\n|-unboost|p1b: Chien-Pao|atk|1\n|move|p2a: Amoonguss|Protect|p2a: Amoonguss\n|-singleturn|p2a: Amoonguss|Protect\n|move|p1a: Great Tusk|Rock Slide|p2b: Arcanine|[spread] p2b\n|-activate|p2a: Amoonguss|move: Protect\n|-supereffective|p2b: Arcanine\n|-damage|p2b: Arcanine|19\/100\n|move|p1b: Chien-Pao|Taunt|p2a: Amoonguss\n|-activate|p2a: Amoonguss|move: Protect\n|\n|-weather|SunnyDay|[upkeep]\n|upkeep\n|turn|4\n|\n|t:|1682431059\n|switch|p2a: Palafin|Palafin-Hero, L50, F|100\/100\n|-activate|p2a: Palafin|ability: Zero to Hero\n|move|p2b: Arcanine|Protect|p2b: Arcanine\n|-singleturn|p2b: Arcanine|Protect\n|move|p1a: Great Tusk|Rock Slide|p2a: Palafin|[spread] p2a\n|-activate|p2b: Arcanine|move: Protect\n|-damage|p2a: Palafin|80\/100\n|move|p1b: Chien-Pao|Taunt|p2a: Palafin\n|-start|p2a: Palafin|move: Taunt\n|\n|-weather|SunnyDay|[upkeep]\n|upkeep\n|turn|5\n|\n|t:|1682431095\n|move|p2b: Arcanine|Extreme Speed|p1a: Great Tusk\n|-damage|p1a: Great Tusk|79\/100\n|move|p1b: Chien-Pao|Sucker Punch||[still]\n|-fail|p1b: Chien-Pao\n|move|p1a: Great Tusk|Rock Slide|p2b: Arcanine|[spread] p2a,p2b\n|-supereffective|p2b: Arcanine\n|-damage|p2a: Palafin|60\/100\n|-damage|p2b: Arcanine|0 fnt\n|faint|p2b: Arcanine\n|move|p2a: Palafin|Wave Crash|p1a: Great Tusk\n|-supereffective|p1a: Great Tusk\n|-damage|p1a: Great Tusk|0 fnt\n|faint|p1a: Great Tusk\n|-end|p1a: Great Tusk|Protosynthesis|[silent]\n|-damage|p2a: Palafin|37\/100|[from] Recoil\n|\n|-weather|none\n|upkeep\n|\n|t:|1682431117\n|switch|p2b: Dragonite|Dragonite, L50, F, shiny|75\/100\n|switch|p1a: Torkoal|Torkoal, L50, M|100\/100\n|-weather|SunnyDay|[from] ability: Drought|[of] p1a: Torkoal\n|turn|6\n|\n|t:|1682431133\n|move|p2b: Dragonite|Extreme Speed|p1b: Chien-Pao\n|-damage|p1b: Chien-Pao|56\/100\n|move|p2a: Palafin|Jet Punch|p1b: Chien-Pao\n|-damage|p1b: Chien-Pao|20\/100\n|move|p1b: Chien-Pao|Ice Spinner|p2b: Dragonite\n|-supereffective|p2b: Dragonite\n|-damage|p2b: Dragonite|0 fnt\n|faint|p2b: Dragonite\n|move|p1a: Torkoal|Yawn|p2a: Palafin\n|-start|p2a: Palafin|move: Yawn|[of] p1a: Torkoal\n|\n|-weather|SunnyDay|[upkeep]\n|-end|p2a: Palafin|move: Taunt\n|upkeep\n|\n|t:|1682431146\n|switch|p2b: Amoonguss|Amoonguss, L50, F, tera:Water|86\/100\n|turn|7\n|\n|t:|1682431164\n|move|p1b: Chien-Pao|Protect|p1b: Chien-Pao\n|-singleturn|p1b: Chien-Pao|Protect\n|move|p2a: Palafin|Wave Crash|p1a: Torkoal\n|-supereffective|p1a: Torkoal\n|-damage|p1a: Torkoal|2\/100\n|-damage|p2a: Palafin|9\/100|[from] Recoil\n|move|p1a: Torkoal|Yawn|p2b: Amoonguss\n|-start|p2b: Amoonguss|move: Yawn|[of] p1a: Torkoal\n|move|p2b: Amoonguss|Pollen Puff|p2a: Palafin\n|-heal|p2a: Palafin|59\/100\n|\n|-weather|SunnyDay|[upkeep]\n|-end|p2a: Palafin|move: Yawn|[silent]\n|-status|p2a: Palafin|slp\n|upkeep\n|turn|8\n|\n|t:|1682431201\n|cant|p2a: Palafin|slp\n|move|p1b: Chien-Pao|Ice Spinner|p2a: Palafin\n|-resisted|p2a: Palafin\n|-crit|p2a: Palafin\n|-damage|p2a: Palafin|26\/100 slp\n|move|p1a: Torkoal|Overheat|p2a: Palafin\n|-resisted|p2a: Palafin\n|-damage|p2a: Palafin|0 fnt\n|-unboost|p1a: Torkoal|spa|2\n|faint|p2a: Palafin\n|move|p2b: Amoonguss|Pollen Puff|p1b: Chien-Pao\n|-supereffective|p1b: Chien-Pao\n|-damage|p1b: Chien-Pao|0 fnt\n|faint|p1b: Chien-Pao\n|\n|-weather|SunnyDay|[upkeep]\n|-end|p2b: Amoonguss|move: Yawn|[silent]\n|-status|p2b: Amoonguss|slp\n|upkeep\n|turn|9\n|\n|t:|1682431287\n|cant|p2b: Amoonguss|slp\n|move|p1a: Torkoal|Overheat|p2b: Amoonguss\n|-resisted|p2b: Amoonguss\n|-damage|p2b: Amoonguss|72\/100 slp\n|-unboost|p1a: Torkoal|spa|2\n|\n|-weather|SunnyDay|[upkeep]\n|upkeep\n|turn|10\n|\n|t:|1682431303\n|move|p1a: Torkoal|Overheat|p2b: Amoonguss\n|-resisted|p2b: Amoonguss\n|-damage|p2b: Amoonguss|62\/100 slp\n|-unboost|p1a: Torkoal|spa|2\n|cant|p2b: Amoonguss|slp\n|\n|-weather|none\n|upkeep\n|turn|11\n|-message|3g only forfeited.\n|\n|win|howay025\n|raw|3g only's rating: 1223 → 1195<\/strong> (-28 for losing)\n|raw|howay025's rating: 1188 → 1216<\/strong> (+28 for winning)\n|l|\u26063g only\n","uploadtime":1682431316,"views":17,"p1id":"3gonly","p2id":"howay025","formatid":"gen9vgc2023regulationc","rating":1195,"private":0,"password":""}