{"id":"gen9vgc2023regulationc-1853447929","p1":"Inky Rain","p2":"Flowboat","format":"[Gen 9] VGC 2023 Regulation C","log":"|j|\u2606Inky Rain\n|j|\u2606Flowboat\n|t:|1682686193\n|gametype|doubles\n|player|p1|Inky Rain|1|1293\n|player|p2|Flowboat|guitarist-gen4|1265\n|teamsize|p1|6\n|teamsize|p2|6\n|gen|9\n|tier|[Gen 9] VGC 2023 Regulation C\n|rated|\n|rule|Species Clause: Limit one of each Pok\u00e9mon\n|rule|Item Clause: Limit one of each item\n|clearpoke\n|poke|p1|Spiritomb, L50, M|\n|poke|p1|Chi-Yu, L50|\n|poke|p1|Torkoal, L50, M|\n|poke|p1|Baxcalibur, L50, M|\n|poke|p1|Annihilape, L50, M|\n|poke|p1|Bronzong, L50|\n|poke|p2|Iron Bundle, L50|\n|poke|p2|Dragonite, L50, M|\n|poke|p2|Chien-Pao, L50|\n|poke|p2|Dragapult, L50, M|\n|poke|p2|Chi-Yu, L50|\n|poke|p2|Roaring Moon, L50|\n|teampreview|4\n|inactive|Battle timer is ON: inactive players will automatically lose when time's up. (requested by Inky Rain)\nInky Rain has agreed to open team sheets.\nFlowboat rejected open team sheets.\n|inactive|Inky Rain has 60 seconds left.\n|\n|t:|1682686254\n|start\n|switch|p1a: Tim|Spiritomb, L50, M, shiny|100\/100\n|switch|p1b: Jonathan|Annihilape, L50, M|100\/100\n|switch|p2a: Chi-Yu|Chi-Yu, L50|100\/100\n|switch|p2b: Dragapult|Dragapult, L50, M|100\/100\n|-ability|p2a: Chi-Yu|Beads of Ruin\n|-ability|p1a: Tim|Pressure\n|turn|1\n|inactive|Flowboat has 30 seconds left.\n|inactive|Inky Rain has 30 seconds left.\n|inactive|Flowboat has 20 seconds left.\n|\n|t:|1682686290\n|-terastallize|p2a: Chi-Yu|Fire\n|move|p2a: Chi-Yu|Heat Wave|p1a: Tim|[spread] p1a,p1b\n|-damage|p1a: Tim|27\/100\n|-damage|p1b: Jonathan|42\/100\n|move|p2b: Dragapult|Dragon Darts|p1b: Jonathan\n|-damage|p1b: Jonathan|10\/100\n|-anim|p2b: Dragapult|Dragon Darts|p1a: Tim\n|-damage|p1a: Tim|0 fnt\n|faint|p1a: Tim\n|-damage|p2b: Dragapult|91\/100|[from] item: Life Orb\n|move|p1b: Jonathan|U-turn|p2b: Dragapult\n|-resisted|p2b: Dragapult\n|-damage|p2b: Dragapult|78\/100\n|c|\u2606Inky Rain|scarf huh\n|c|\u2606Inky Rain|and this is why team sheet exists\n|\n|t:|1682686313\n|switch|p1b: Joey C|Chi-Yu, L50|100\/100|[from] U-turn\n|-ability|p1b: Joey C|Beads of Ruin\n|\n|upkeep\n|\n|t:|1682686317\n|switch|p1a: Joey B|Baxcalibur, L50, M|100\/100\n|turn|2\n|inactive|Flowboat has 30 seconds left.\n|\n|t:|1682686349\n|switch|p2a: Chien-Pao|Chien-Pao, L50|100\/100\n|-ability|p2a: Chien-Pao|Sword of Ruin\n|move|p1a: Joey B|Ice Shard|p2b: Dragapult\n|-supereffective|p2b: Dragapult\n|-damage|p2b: Dragapult|0 fnt\n|faint|p2b: Dragapult\n|move|p1b: Joey C|Dark Pulse|p2a: Chien-Pao\n|-resisted|p2a: Chien-Pao\n|-damage|p2a: Chien-Pao|39\/100\n|-damage|p1b: Joey C|91\/100|[from] item: Life Orb\n|\n|upkeep\n|\n|t:|1682686360\n|switch|p2b: Roaring Moon|Roaring Moon, L50|100\/100\n|-enditem|p2b: Roaring Moon|Booster Energy\n|-activate|p2b: Roaring Moon|ability: Protosynthesis|[fromitem]\n|-start|p2b: Roaring Moon|protosynthesisspe\n|turn|3\n|inactive|Inky Rain has 30 seconds left.\n|inactive|Inky Rain has 20 seconds left.\n|inactive|Inky Rain has 15 seconds left.\n|\n|t:|1682686402\n|-terastallize|p1a: Joey B|Poison\n|move|p2b: Roaring Moon|Protect|p2b: Roaring Moon\n|-singleturn|p2b: Roaring Moon|Protect\n|move|p2a: Chien-Pao|Sacred Sword|p1a: Joey B\n|-resisted|p1a: Joey B\n|-damage|p1a: Joey B|86\/100\n|move|p1b: Joey C|Heat Wave|p2a: Chien-Pao|[spread] p2a\n|-activate|p2b: Roaring Moon|move: Protect\n|-supereffective|p2a: Chien-Pao\n|-damage|p2a: Chien-Pao|0 fnt\n|faint|p2a: Chien-Pao\n|-damage|p1b: Joey C|81\/100|[from] item: Life Orb\n|move|p1a: Joey B|Glaive Rush|p2b: Roaring Moon\n|-activate|p2b: Roaring Moon|move: Protect\n|\n|-heal|p1a: Joey B|92\/100|[from] item: Leftovers\n|upkeep\n|\n|t:|1682686410\n|switch|p2a: Chi-Yu|Chi-Yu, L50, tera:Fire|100\/100\n|-ability|p2a: Chi-Yu|Beads of Ruin\n|turn|4\n|inactive|Flowboat has 30 seconds left.\n|\n|t:|1682686438\n|move|p1b: Joey C|Protect|p1b: Joey C\n|-singleturn|p1b: Joey C|Protect\n|move|p2b: Roaring Moon|Acrobatics|p1b: Joey C\n|-activate|p1b: Joey C|move: Protect\n|move|p2a: Chi-Yu|Psychic|p1a: Joey B\n|-supereffective|p1a: Joey B\n|-damage|p1a: Joey B|14\/100\n|-unboost|p1a: Joey B|spd|1\n|move|p1a: Joey B|Glaive Rush|p2a: Chi-Yu\n|-damage|p2a: Chi-Yu|0 fnt\n|-singlemove|p1a: Joey B|Glaive Rush|[silent]\n|faint|p2a: Chi-Yu\n|\n|-heal|p1a: Joey B|19\/100|[from] item: Leftovers\n|upkeep\n|turn|5\n|\n|t:|1682686462\n|move|p1a: Joey B|Protect|p1a: Joey B\n|-singleturn|p1a: Joey B|Protect\n|move|p2b: Roaring Moon|Earthquake|p1a: Joey B|[spread] p1b\n|-activate|p1a: Joey B|move: Protect\n|-supereffective|p1b: Joey C\n|-damage|p1b: Joey C|9\/100\n|move|p1b: Joey C|Tera Blast|p2b: Roaring Moon\n|-damage|p2b: Roaring Moon|49\/100\n|-damage|p1b: Joey C|0 fnt|[from] item: Life Orb\n|faint|p1b: Joey C\n|\n|-heal|p1a: Joey B|25\/100|[from] item: Leftovers\n|upkeep\n|\n|t:|1682686474\n|switch|p1b: Jonathan|Annihilape, L50, M|10\/100\n|turn|6\n|\n|t:|1682686481\n|move|p1a: Joey B|Ice Shard|p2b: Roaring Moon\n|-supereffective|p2b: Roaring Moon\n|-damage|p2b: Roaring Moon|0 fnt\n|faint|p2b: Roaring Moon\n|-end|p2b: Roaring Moon|Protosynthesis|[silent]\n|\n|win|Inky Rain\n|raw|Inky Rain's rating: 1293 → 1316<\/strong> (+23 for winning)\n|raw|Flowboat's rating: 1265 → 1242<\/strong> (-23 for losing)\n|c|\u2606Inky Rain|gg\n|l|\u2606Flowboat\n","uploadtime":1682686517,"views":14,"p1id":"inkyrain","p2id":"flowboat","formatid":"gen9vgc2023regulationc","rating":1242,"private":0,"password":""}