{"id":"gen9vgc2023regulationc-1855057812","p1":"Protecties","p2":"Grable","format":"[Gen 9] VGC 2023 Regulation C","log":"|j|\u2606Protecties\n|j|\u2606Grable\n|t:|1682896162\n|gametype|doubles\n|player|p1|Protecties|bugcatcher-gen4dp|1075\n|player|p2|Grable|170|1100\n|teamsize|p1|6\n|teamsize|p2|6\n|gen|9\n|tier|[Gen 9] VGC 2023 Regulation C\n|rated|\n|rule|Species Clause: Limit one of each Pok\u00e9mon\n|rule|Item Clause: Limit one of each item\n|clearpoke\n|poke|p1|Murkrow, L50, M|\n|poke|p1|Gholdengo, L50|\n|poke|p1|Hydreigon, L50, F|\n|poke|p1|Iron Moth, L50|\n|poke|p1|Palafin, L50, F|\n|poke|p1|Garchomp, L50, M|\n|poke|p2|Gyarados, L50, M|\n|poke|p2|Spiritomb, L50, F|\n|poke|p2|Chi-Yu, L50|\n|poke|p2|Magnezone, L50|\n|poke|p2|Glimmora, L50, M|\n|poke|p2|Garganacl, L50, M|\n|teampreview|4\n|inactive|Battle timer is ON: inactive players will automatically lose when time's up. (requested by Protecties)\n|inactive|Grable also wants the timer to be on.\n|inactive|Protecties has 60 seconds left.\n|inactive|Grable has 60 seconds left.\n|\n|t:|1682896204\n|start\n|switch|p1a: Murkrow|Murkrow, L50, M|100\/100\n|switch|p1b: Gholdengo|Gholdengo, L50|100\/100\n|switch|p2a: Spiritomb|Spiritomb, L50, F|100\/100\n|switch|p2b: Gyarados|Gyarados, L50, M|100\/100\n|-ability|p2b: Gyarados|Intimidate|boost\n|-unboost|p1a: Murkrow|atk|1\n|-unboost|p1b: Gholdengo|atk|1\n|turn|1\n|\n|t:|1682896226\n|-terastallize|p2b: Gyarados|Ground\n|move|p1a: Murkrow|Tailwind|p1a: Murkrow\n|-sidestart|p1: Protecties|move: Tailwind\n|move|p1b: Gholdengo|Power Gem|p2b: Gyarados\n|-resisted|p2b: Gyarados\n|-damage|p2b: Gyarados|86\/100\n|-damage|p1b: Gholdengo|91\/100|[from] item: Life Orb\n|move|p2b: Gyarados|Whirlpool|p1b: Gholdengo\n|-damage|p1b: Gholdengo|81\/100\n|-activate|p1b: Gholdengo|move: Whirlpool|[of] p2b: Gyarados\n|move|p2a: Spiritomb|Trick Room|p2a: Spiritomb\n|-fieldstart|move: Trick Room|[of] p2a: Spiritomb\n|\n|-damage|p1b: Gholdengo|65\/100|[from] move: Whirlpool|[partiallytrapped]\n|upkeep\n|turn|2\n|\n|t:|1682896248\n|move|p1a: Murkrow|Protect|p1a: Murkrow\n|-singleturn|p1a: Murkrow|Protect\n|move|p1b: Gholdengo|Protect|p1b: Gholdengo\n|-singleturn|p1b: Gholdengo|Protect\n|move|p2a: Spiritomb|Snarl|p1a: Murkrow|[spread] \n|-activate|p1a: Murkrow|move: Protect\n|-activate|p1b: Gholdengo|move: Protect\n|move|p2b: Gyarados|Whirlpool|p1a: Murkrow\n|-activate|p1a: Murkrow|move: Protect\n|\n|-damage|p1b: Gholdengo|48\/100|[from] move: Whirlpool|[partiallytrapped]\n|upkeep\n|turn|3\n|inactive|Protecties has 30 seconds left.\n|c|\u2606Grable|bet you have never seen this set before\n|inactive|Protecties has 20 seconds left.\n|\n|t:|1682896283\n|move|p2a: Spiritomb|Snarl|p1a: Murkrow|[spread] p1a,p1b\n|-resisted|p1a: Murkrow\n|-supereffective|p1b: Gholdengo\n|-damage|p1a: Murkrow|92\/100\n|-damage|p1b: Gholdengo|19\/100\n|-unboost|p1a: Murkrow|spa|1\n|-unboost|p1b: Gholdengo|spa|1\n|move|p2b: Gyarados|Whirlpool|p1a: Murkrow\n|-damage|p1a: Murkrow|83\/100\n|-activate|p1a: Murkrow|move: Whirlpool|[of] p2b: Gyarados\n|move|p1a: Murkrow|Foul Play|p2b: Gyarados\n|-damage|p2b: Gyarados|53\/100\n|move|p1b: Gholdengo|Make It Rain|p2b: Gyarados|[spread] p2a,p2b\n|-damage|p2a: Spiritomb|67\/100\n|-damage|p2b: Gyarados|22\/100\n|-unboost|p1b: Gholdengo|spa|1\n|-damage|p1b: Gholdengo|9\/100|[from] item: Life Orb\n|\n|-heal|p2a: Spiritomb|73\/100|[from] item: Leftovers\n|-damage|p1a: Murkrow|67\/100|[from] move: Whirlpool|[partiallytrapped]\n|-damage|p1b: Gholdengo|0 fnt|[from] move: Whirlpool|[partiallytrapped]\n|faint|p1b: Gholdengo\n|upkeep\n|inactive|Protecties has 30 seconds left.\n|\n|t:|1682896308\n|switch|p1b: Garchomp|Garchomp, L50, M|100\/100\n|turn|4\n|\n|t:|1682896321\n|switch|p2b: Garganacl|Garganacl, L50, M|100\/100\n|move|p1a: Murkrow|Protect|p1a: Murkrow\n|-singleturn|p1a: Murkrow|Protect\n|move|p1b: Garchomp|Protect|p1b: Garchomp\n|-singleturn|p1b: Garchomp|Protect\n|move|p2a: Spiritomb|Will-O-Wisp|p1b: Garchomp\n|-activate|p1b: Garchomp|move: Protect\n|\n|-heal|p2a: Spiritomb|79\/100|[from] item: Leftovers\n|-end|p1a: Murkrow|Whirlpool|[partiallytrapped]|[silent]\n|-sideend|p1: Protecties|move: Tailwind\n|upkeep\n|turn|5\n|\n|t:|1682896345\n|switch|p1b: Hydreigon|Hydreigon, L50, F|100\/100\n|move|p1a: Murkrow|Tailwind|p1a: Murkrow\n|-sidestart|p1: Protecties|move: Tailwind\n|move|p2a: Spiritomb|Will-O-Wisp|p1b: Hydreigon\n|-status|p1b: Hydreigon|brn\n|move|p2b: Garganacl|Iron Defense|p2b: Garganacl\n|-boost|p2b: Garganacl|def|2\n|\n|-heal|p2a: Spiritomb|85\/100|[from] item: Leftovers\n|-damage|p1b: Hydreigon|95\/100 brn|[from] brn\n|-fieldend|move: Trick Room\n|upkeep\n|turn|6\n|inactive|Protecties has 30 seconds left.\n|\n|t:|1682896373\n|move|p2a: Spiritomb|Protect|p2a: Spiritomb\n|-singleturn|p2a: Spiritomb|Protect\n|move|p1b: Hydreigon|Draco Meteor|p2b: Garganacl\n|-damage|p2b: Garganacl|28\/100\n|-unboost|p1b: Hydreigon|spa|2\n|move|p1a: Murkrow|Foul Play|p2a: Spiritomb\n|-activate|p2a: Spiritomb|move: Protect\n|move|p2b: Garganacl|Body Press|p1b: Hydreigon\n|-supereffective|p1b: Hydreigon\n|-damage|p1b: Hydreigon|0 fnt\n|faint|p1b: Hydreigon\n|\n|-heal|p2a: Spiritomb|90\/100|[from] item: Leftovers\n|upkeep\n|\n|t:|1682896389\n|switch|p1b: Garchomp|Garchomp, L50, M|100\/100\n|turn|7\n|\n|t:|1682896404\n|switch|p2b: Gyarados|Gyarados, L50, M, tera:Ground|22\/100\n|-ability|p2b: Gyarados|Intimidate|boost\n|-unboost|p1a: Murkrow|atk|1\n|-unboost|p1b: Garchomp|atk|1\n|move|p1b: Garchomp|Earthquake|p2a: Spiritomb|[spread] p2a,p2b\n|-immune|p1a: Murkrow\n|-damage|p2a: Spiritomb|65\/100\n|-damage|p2b: Gyarados|0 fnt\n|faint|p2b: Gyarados\n|move|p1a: Murkrow|Foul Play|p2a: Spiritomb\n|-damage|p2a: Spiritomb|39\/100\n|move|p2a: Spiritomb|Trick Room|p2a: Spiritomb\n|-fieldstart|move: Trick Room|[of] p2a: Spiritomb\n|\n|-heal|p2a: Spiritomb|45\/100|[from] item: Leftovers\n|upkeep\n|\n|t:|1682896417\n|switch|p2b: Chi-Yu|Chi-Yu, L50|100\/100\n|-ability|p2b: Chi-Yu|Beads of Ruin\n|turn|8\n|\n|t:|1682896430\n|move|p1a: Murkrow|Protect|p1a: Murkrow\n|-singleturn|p1a: Murkrow|Protect\n|move|p1b: Garchomp|Protect|p1b: Garchomp\n|-singleturn|p1b: Garchomp|Protect\n|move|p2a: Spiritomb|Will-O-Wisp|p1b: Garchomp\n|-activate|p1b: Garchomp|move: Protect\n|move|p2b: Chi-Yu|Dark Pulse|p1b: Garchomp\n|-activate|p1b: Garchomp|move: Protect\n|\n|-heal|p2a: Spiritomb|51\/100|[from] item: Leftovers\n|-sideend|p1: Protecties|move: Tailwind\n|upkeep\n|turn|9\n|\n|t:|1682896449\n|move|p1a: Murkrow|Tailwind|p1a: Murkrow\n|-sidestart|p1: Protecties|move: Tailwind\n|move|p2a: Spiritomb|Will-O-Wisp|p1b: Garchomp\n|-status|p1b: Garchomp|brn\n|move|p2b: Chi-Yu|Dark Pulse|p1b: Garchomp\n|-damage|p1b: Garchomp|38\/100 brn\n|-enditem|p1b: Garchomp|Sitrus Berry|[eat]\n|-heal|p1b: Garchomp|62\/100 brn|[from] item: Sitrus Berry\n|move|p1b: Garchomp|Earthquake|p2b: Chi-Yu|[spread] p2a,p2b\n|-immune|p1a: Murkrow\n|-supereffective|p2b: Chi-Yu\n|-damage|p2a: Spiritomb|37\/100\n|-damage|p2b: Chi-Yu|71\/100\n|\n|-heal|p2a: Spiritomb|43\/100|[from] item: Leftovers\n|-damage|p1b: Garchomp|56\/100 brn|[from] brn\n|upkeep\n|turn|10\n|-message|Protecties forfeited.\n|\n|win|Grable\n|raw|Protecties's rating: 1075 → 1055<\/strong> (-20 for losing)\n|raw|Grable's rating: 1100 → 1123<\/strong> (+23 for winning)\n|l|\u2606Protecties\n","uploadtime":1682896542,"views":8,"p1id":"protecties","p2id":"grable","formatid":"gen9vgc2023regulationc","rating":1055,"private":0,"password":""}