{"id":"gen9vgc2023regulationc-1855324015","p1":"TestingTheTalon","p2":"spokonta","format":"[Gen 9] VGC 2023 Regulation C","log":"|j|\u2606TestingTheTalon\n|j|\u2606spokonta\n|t:|1682937103\n|gametype|doubles\n|player|p1|TestingTheTalon|2|1461\n|player|p2|spokonta|170|1477\n|teamsize|p1|6\n|teamsize|p2|6\n|gen|9\n|tier|[Gen 9] VGC 2023 Regulation C\n|rated|\n|rule|Species Clause: Limit one of each Pok\u00e9mon\n|rule|Item Clause: Limit one of each item\n|clearpoke\n|poke|p1|Palafin, L50, M|\n|poke|p1|Baxcalibur, L50, M|\n|poke|p1|Arcanine, L50, F|\n|poke|p1|Flutter Mane, L50|\n|poke|p1|Corviknight, L50, F|\n|poke|p1|Amoonguss, L50, F|\n|poke|p2|Glimmora, L50, M|\n|poke|p2|Flutter Mane, L50|\n|poke|p2|Tatsugiri, L50, F|\n|poke|p2|Chi-Yu, L50|\n|poke|p2|Dragonite, L50, M|\n|poke|p2|Dondozo, L50, F|\n|teampreview|4\nTestingTheTalon has agreed to open team sheets.\n|j| pegin\n|c| pegin|um\n|c| pegin|you are NOT testing talon\n|inactive|Battle timer is ON: inactive players will automatically lose when time's up. (requested by spokonta)\n|l| pegin\n|inactive|TestingTheTalon has 60 seconds left.\n|\n|t:|1682937195\n|start\n|switch|p1a: Palafin|Palafin, L50, M|100\/100\n|switch|p1b: Baxcalibur|Baxcalibur, L50, M|100\/100\n|switch|p2a: Glimmora|Glimmora, L50, M, shiny|100\/100\n|switch|p2b: Chi-Yu|Chi-Yu, L50|100\/100\n|-ability|p2b: Chi-Yu|Beads of Ruin\n|turn|1\n|inactive|TestingTheTalon has 30 seconds left.\n|inactive|spokonta has 30 seconds left.\n|inactive|spokonta has 20 seconds left.\n|j| AshML\n|inactive|spokonta has 15 seconds left.\n|inactive|spokonta has 10 seconds left.\n|inactive|spokonta has 5 seconds left.\n|\n|t:|1682937245\n|-terastallize|p2b: Chi-Yu|Grass\n|-terastallize|p1b: Baxcalibur|Poison\n|move|p1a: Palafin|Protect|p1a: Palafin\n|-singleturn|p1a: Palafin|Protect\n|move|p2b: Chi-Yu|Tera Blast|p1a: Palafin\n|-activate|p1a: Palafin|move: Protect\n|move|p2a: Glimmora|Power Gem|p1b: Baxcalibur\n|-damage|p1b: Baxcalibur|50\/100\n|move|p1b: Baxcalibur|Glaive Rush|p2b: Chi-Yu\n|-enditem|p2b: Chi-Yu|Focus Sash\n|-damage|p2b: Chi-Yu|1\/100\n|-singlemove|p1b: Baxcalibur|Glaive Rush|[silent]\n|\n|upkeep\n|turn|2\n|inactive|TestingTheTalon has 30 seconds left.\n|inactive|TestingTheTalon has 20 seconds left.\n|inactive|TestingTheTalon has 15 seconds left.\n|inactive|TestingTheTalon has 10 seconds left.\n|\n|t:|1682937291\n|detailschange|p1a: Palafin|Palafin-Hero, L50, M\n|switch|p1a: Corviknight|Corviknight, L50, F|100\/100\n|move|p2b: Chi-Yu|Protect|p2b: Chi-Yu\n|-singleturn|p2b: Chi-Yu|Protect\n|move|p1b: Baxcalibur|Protect|p1b: Baxcalibur\n|-singleturn|p1b: Baxcalibur|Protect\n|move|p2a: Glimmora|Earth Power|p1b: Baxcalibur\n|-activate|p1b: Baxcalibur|move: Protect\n|\n|upkeep\n|turn|3\n|inactive|TestingTheTalon has 30 seconds left.\n|\n|t:|1682937326\n|switch|p1b: Flutter Mane|Flutter Mane, L50|100\/100\n|-enditem|p1b: Flutter Mane|Booster Energy\n|-activate|p1b: Flutter Mane|ability: Protosynthesis|[fromitem]\n|-start|p1b: Flutter Mane|protosynthesisspe\n|move|p2b: Chi-Yu|Flamethrower|p1a: Corviknight\n|-supereffective|p1a: Corviknight\n|-damage|p1a: Corviknight|2\/100\n|move|p2a: Glimmora|Power Gem|p1b: Flutter Mane\n|-crit|p1b: Flutter Mane\n|-damage|p1b: Flutter Mane|26\/100\n|move|p1a: Corviknight|Iron Head|p2a: Glimmora\n|-supereffective|p2a: Glimmora\n|-damage|p2a: Glimmora|43\/100\n|-activate|p2a: Glimmora|ability: Toxic Debris\n|-sidestart|p1: TestingTheTalon|move: Toxic Spikes\n|\n|upkeep\n|turn|4\n|inactive|TestingTheTalon has 30 seconds left.\n|\n|t:|1682937355\n|move|p2a: Glimmora|Spiky Shield|p2a: Glimmora\n|-singleturn|p2a: Glimmora|move: Protect\n|move|p1b: Flutter Mane|Shadow Ball|p2a: Glimmora\n|-activate|p2a: Glimmora|move: Protect\n|move|p2b: Chi-Yu|Flamethrower|p1a: Corviknight\n|-supereffective|p1a: Corviknight\n|-crit|p1a: Corviknight\n|-damage|p1a: Corviknight|0 fnt\n|faint|p1a: Corviknight\n|\n|upkeep\n|\n|t:|1682937362\n|switch|p1a: Palafin|Palafin-Hero, L50, M|100\/100\n|-status|p1a: Palafin|psn\n|-activate|p1a: Palafin|ability: Zero to Hero\n|turn|5\n|\n|t:|1682937384\n|switch|p2b: Dondozo|Dondozo, L50, F|100\/100\n|move|p1a: Palafin|Jet Punch|p2a: Glimmora\n|-supereffective|p2a: Glimmora\n|-damage|p2a: Glimmora|0 fnt\n|-activate|p2a: Glimmora|ability: Toxic Debris\n|-sidestart|p1: TestingTheTalon|move: Toxic Spikes\n|faint|p2a: Glimmora\n|move|p1b: Flutter Mane|Dazzling Gleam|p2b: Dondozo\n|-damage|p2b: Dondozo|73\/100\n|\n|-damage|p1a: Palafin|88\/100 psn|[from] psn\n|upkeep\n|\n|t:|1682937394\n|switch|p2a: Chi-Yu|Chi-Yu, L50, tera:Grass|1\/100\n|-ability|p2a: Chi-Yu|Beads of Ruin\n|turn|6\n|inactive|spokonta has 30 seconds left.\n|inactive|TestingTheTalon has 30 seconds left.\n|\n|t:|1682937426\n|switch|p1a: Baxcalibur|Baxcalibur, L50, M, tera:Poison|50\/100\n|-sideend|p1: TestingTheTalon|move: Toxic Spikes|[of] p1a: Baxcalibur\n|move|p1b: Flutter Mane|Protect|p1b: Flutter Mane\n|-singleturn|p1b: Flutter Mane|Protect\n|move|p2a: Chi-Yu|Protect|p2a: Chi-Yu\n|-singleturn|p2a: Chi-Yu|Protect\n|move|p2b: Dondozo|Wave Crash|p1b: Flutter Mane\n|-activate|p1b: Flutter Mane|move: Protect\n|\n|upkeep\n|turn|7\n|inactive|spokonta has 30 seconds left.\n|\n|t:|1682937456\n|switch|p2a: Tatsugiri|Tatsugiri, L50, F, shiny|100\/100\n|-activate|p2a: Tatsugiri|ability: Commander|[of] p2b: Dondozo\n|-boost|p2b: Dondozo|atk|2\n|-boost|p2b: Dondozo|spa|2\n|-boost|p2b: Dondozo|spe|2\n|-boost|p2b: Dondozo|def|2\n|-boost|p2b: Dondozo|spd|2\n|move|p1b: Flutter Mane|Dazzling Gleam|p2a: Tatsugiri|[spread] p2b\n|-miss|p1b: Flutter Mane|p2a: Tatsugiri\n|-damage|p2b: Dondozo|64\/100\n|move|p2b: Dondozo|Stomping Tantrum|p1b: Flutter Mane\n|-damage|p1b: Flutter Mane|0 fnt\n|faint|p1b: Flutter Mane\n|-end|p1b: Flutter Mane|Protosynthesis|[silent]\n|move|p1a: Baxcalibur|Glaive Rush|p2b: Dondozo\n|-damage|p2b: Dondozo|39\/100\n|-singlemove|p1a: Baxcalibur|Glaive Rush|[silent]\n|-enditem|p2b: Dondozo|Sitrus Berry|[eat]\n|-heal|p2b: Dondozo|64\/100|[from] item: Sitrus Berry\n|\n|upkeep\n|\n|t:|1682937473\n|switch|p1b: Palafin|Palafin-Hero, L50, M|88\/100 psn\n|turn|8\n|\n|t:|1682937480\n|move|p1a: Baxcalibur|Protect|p1a: Baxcalibur\n|-singleturn|p1a: Baxcalibur|Protect\n|move|p1b: Palafin|Haze|p1b: Palafin\n|-clearallboost\n|move|p2b: Dondozo|Stomping Tantrum|p1a: Baxcalibur\n|-activate|p1a: Baxcalibur|move: Protect\n|\n|-damage|p1b: Palafin|76\/100 psn|[from] psn\n|upkeep\n|turn|9\n|j| Shadow NRZM\n|l| Shadow NRZM\n|\n|t:|1682937504\n|move|p1b: Palafin|Wave Crash|p2b: Dondozo\n|-resisted|p2b: Dondozo\n|-damage|p2b: Dondozo|34\/100\n|-damage|p1b: Palafin|63\/100 psn|[from] Recoil\n|move|p1a: Baxcalibur|Icicle Crash|p2b: Dondozo\n|-resisted|p2b: Dondozo\n|-damage|p2b: Dondozo|18\/100\n|move|p2b: Dondozo|Stomping Tantrum|p1a: Baxcalibur\n|-supereffective|p1a: Baxcalibur\n|-damage|p1a: Baxcalibur|16\/100\n|\n|-damage|p1b: Palafin|51\/100 psn|[from] psn\n|upkeep\n|turn|10\n|\n|t:|1682937523\n|move|p2b: Dondozo|Protect|p2b: Dondozo\n|-singleturn|p2b: Dondozo|Protect\n|move|p1b: Palafin|Wave Crash|p2b: Dondozo\n|-activate|p2b: Dondozo|move: Protect\n|move|p1a: Baxcalibur|Glaive Rush|p2b: Dondozo\n|-activate|p2b: Dondozo|move: Protect\n|\n|-damage|p1b: Palafin|38\/100 psn|[from] psn\n|upkeep\n|turn|11\n|\n|t:|1682937538\n|move|p2b: Dondozo|Protect|p2b: Dondozo\n|-singleturn|p2b: Dondozo|Protect\n|move|p1b: Palafin|Wave Crash|p2b: Dondozo\n|-activate|p2b: Dondozo|move: Protect\n|move|p1a: Baxcalibur|Glaive Rush|p2b: Dondozo\n|-activate|p2b: Dondozo|move: Protect\n|\n|-damage|p1b: Palafin|26\/100 psn|[from] psn\n|upkeep\n|turn|12\n|\n|t:|1682937552\n|move|p2b: Dondozo|Protect||[still]\n|-fail|p2b: Dondozo\n|move|p1b: Palafin|Wave Crash|p2b: Dondozo\n|-resisted|p2b: Dondozo\n|-damage|p2b: Dondozo|0 fnt\n|faint|p2b: Dondozo\n|-damage|p1b: Palafin|18\/100 psn|[from] Recoil\n|move|p1a: Baxcalibur|Glaive Rush|p2a: Tatsugiri\n|-supereffective|p2a: Tatsugiri\n|-damage|p2a: Tatsugiri|0 fnt\n|-singlemove|p1a: Baxcalibur|Glaive Rush|[silent]\n|faint|p2a: Tatsugiri\n|\n|-damage|p1b: Palafin|6\/100 psn|[from] psn\n|upkeep\n|\n|t:|1682937564\n|switch|p2b: Chi-Yu|Chi-Yu, L50, tera:Grass|1\/100\n|-ability|p2b: Chi-Yu|Beads of Ruin\n|turn|13\n|\n|t:|1682937571\n|move|p2b: Chi-Yu|Protect|p2b: Chi-Yu\n|-singleturn|p2b: Chi-Yu|Protect\n|move|p1b: Palafin|Jet Punch|p2b: Chi-Yu\n|-activate|p2b: Chi-Yu|move: Protect\n|move|p1a: Baxcalibur|Ice Shard|p2b: Chi-Yu\n|-activate|p2b: Chi-Yu|move: Protect\n|\n|-damage|p1b: Palafin|0 fnt|[from] psn\n|faint|p1b: Palafin\n|upkeep\n|turn|14\n|\n|t:|1682937583\n|move|p1a: Baxcalibur|Ice Shard|p2b: Chi-Yu\n|-supereffective|p2b: Chi-Yu\n|-damage|p2b: Chi-Yu|0 fnt\n|faint|p2b: Chi-Yu\n|\n|win|TestingTheTalon\n|raw|TestingTheTalon's rating: 1461 → 1482<\/strong> (+21 for winning)\n|raw|spokonta's rating: 1477 → 1456<\/strong> (-21 for losing)\n","uploadtime":1682937590,"views":25,"p1id":"testingthetalon","p2id":"spokonta","formatid":"gen9vgc2023regulationc","rating":1456,"private":0,"password":""}