{"id":"gen9vgc2023regulationc-1862119619","p1":"garfieldslaya","p2":"bruser23","format":"[Gen 9] VGC 2023 Regulation C","log":"|j|\u2606garfieldslaya\n|j|\u2606bruser23\n|t:|1683838988\n|gametype|doubles\n|player|p1|garfieldslaya|jasmine|1180\n|player|p2|bruser23|1|1197\n|teamsize|p1|6\n|teamsize|p2|6\n|gen|9\n|tier|[Gen 9] VGC 2023 Regulation C\n|rated|\n|rule|Species Clause: Limit one of each Pok\u00e9mon\n|rule|Item Clause: Limit one of each item\n|clearpoke\n|poke|p1|Amoonguss, L50, F|\n|poke|p1|Flutter Mane, L50|\n|poke|p1|Arcanine, L50, F|\n|poke|p1|Baxcalibur, L50, M|\n|poke|p1|Ting-Lu, L50|\n|poke|p1|Rotom-Wash, L50|\n|poke|p2|Maushold, L50|\n|poke|p2|Orthworm, L50, M|\n|poke|p2|Dragonite, L50, M|\n|poke|p2|Grimmsnarl, L50, M|\n|poke|p2|Ting-Lu, L50|\n|poke|p2|Annihilape, L50, F|\n|teampreview|4\n|inactive|Battle timer is ON: inactive players will automatically lose when time's up. (requested by bruser23)\ngarfieldslaya has agreed to open team sheets.\nbruser23 rejected open team sheets.\n|c|\u2606bruser23|Fuck\n|c|\u2606bruser23|My bad\n|inactive|garfieldslaya has 60 seconds left.\n|c|\u2606bruser23|On phone\n|c|\u2606garfieldslaya|no worries\n|inactive|garfieldslaya has 30 seconds left.\n|\n|t:|1683839058\n|start\n|switch|p1a: Flutter Mane|Flutter Mane, L50|100\/100\n|switch|p1b: Amoonguss|Amoonguss, L50, F|100\/100\n|switch|p2a: Grimmsnarl|Grimmsnarl, L50, M|100\/100\n|switch|p2b: Orthworm|Orthworm, L50, M|100\/100\n|-enditem|p1a: Flutter Mane|Booster Energy\n|-activate|p1a: Flutter Mane|ability: Protosynthesis|[fromitem]\n|-start|p1a: Flutter Mane|protosynthesisspa\n|turn|1\n|inactive|garfieldslaya has 30 seconds left.\n|\n|t:|1683839088\n|move|p1a: Flutter Mane|Protect|p1a: Flutter Mane\n|-singleturn|p1a: Flutter Mane|Protect\n|move|p2a: Grimmsnarl|Light Screen|p2a: Grimmsnarl\n|-sidestart|p2: bruser23|move: Light Screen\n|move|p2b: Orthworm|Shed Tail|p2b: Orthworm\n|-start|p2b: Orthworm|Substitute|[from] move: Shed Tail\n|-damage|p2b: Orthworm|50\/100\n|-enditem|p2b: Orthworm|Sitrus Berry|[eat]\n|-heal|p2b: Orthworm|75\/100|[from] item: Sitrus Berry\n|\n|t:|1683839097\n|switch|p2b: Dragonite|Dragonite, L50, M|100\/100|[from] Shed Tail\n|move|p1b: Amoonguss|Spore||[still]\n|-fail|p1b: Amoonguss\n|\n|upkeep\n|turn|2\n|\n|t:|1683839116\n|-terastallize|p2b: Dragonite|Steel\n|-terastallize|p1b: Amoonguss|Water\n|move|p1b: Amoonguss|Rage Powder|p1b: Amoonguss\n|-singleturn|p1b: Amoonguss|move: Rage Powder\n|move|p2a: Grimmsnarl|Parting Shot|p1b: Amoonguss\n|-unboost|p1b: Amoonguss|atk|1\n|-unboost|p1b: Amoonguss|spa|1\n|\n|t:|1683839124\n|switch|p2a: Maushold|Maushold, L50|100\/100|[from] Parting Shot\n|move|p1a: Flutter Mane|Moonblast|p2b: Dragonite\n|-resisted|p2b: Dragonite\n|-activate|p2b: Dragonite|move: Substitute|[damage]\n|move|p2b: Dragonite|Dragon Dance|p2b: Dragonite\n|-boost|p2b: Dragonite|atk|1\n|-boost|p2b: Dragonite|spe|1\n|\n|upkeep\n|turn|3\n|inactive|bruser23 has 30 seconds left.\n|inactive|bruser23 has 20 seconds left.\n|inactive|bruser23 has 15 seconds left.\n|\n|t:|1683839166\n|-end|p1a: Flutter Mane|Protosynthesis|[silent]\n|switch|p1a: Ting-Lu|Ting-Lu, L50|100\/100\n|-ability|p1a: Ting-Lu|Vessel of Ruin\n|move|p2a: Maushold|Follow Me|p2a: Maushold\n|-singleturn|p2a: Maushold|move: Follow Me\n|move|p2b: Dragonite|Dragon Dance|p2b: Dragonite\n|-boost|p2b: Dragonite|atk|1\n|-boost|p2b: Dragonite|spe|1\n|move|p1b: Amoonguss|Spore|p2a: Maushold\n|-activate|p2a: Maushold|item: Safety Goggles|Spore\n|\n|upkeep\n|turn|4\n|inactive|garfieldslaya has 30 seconds left.\n|\n|t:|1683839195\n|move|p2b: Dragonite|Dragon Dance|p2b: Dragonite\n|-boost|p2b: Dragonite|atk|1\n|-boost|p2b: Dragonite|spe|1\n|move|p2a: Maushold|Encore|p1b: Amoonguss\n|-start|p1b: Amoonguss|Encore\n|move|p1a: Ting-Lu|Stomping Tantrum|p2b: Dragonite\n|-supereffective|p2b: Dragonite\n|-end|p2b: Dragonite|Substitute\n|move|p1b: Amoonguss|Spore|p2a: Maushold\n|-activate|p2a: Maushold|item: Safety Goggles|Spore\n|\n|upkeep\n|turn|5\n|\n|t:|1683839213\n|switch|p1b: Rotom|Rotom-Wash, L50|100\/100\n|move|p2a: Maushold|Follow Me|p2a: Maushold\n|-singleturn|p2a: Maushold|move: Follow Me\n|move|p2b: Dragonite|Rock Slide|p1b: Rotom|[spread] p1a\n|-miss|p2b: Dragonite|p1b: Rotom\n|-resisted|p1a: Ting-Lu\n|-damage|p1a: Ting-Lu|85\/100\n|move|p1a: Ting-Lu|Ruination|p2a: Maushold|[miss]\n|-miss|p1a: Ting-Lu|p2a: Maushold\n|\n|-heal|p1a: Ting-Lu|91\/100|[from] item: Leftovers\n|upkeep\n|turn|6\n|inactive|garfieldslaya has 30 seconds left.\n|\n|t:|1683839246\n|move|p2a: Maushold|Follow Me|p2a: Maushold\n|-singleturn|p2a: Maushold|move: Follow Me\n|move|p2b: Dragonite|Rock Slide|p1b: Rotom|[spread] p1a\n|-miss|p2b: Dragonite|p1b: Rotom\n|-resisted|p1a: Ting-Lu\n|-damage|p1a: Ting-Lu|78\/100\n|move|p1b: Rotom|Thunderbolt|p2a: Maushold\n|-damage|p2a: Maushold|78\/100\n|-status|p2a: Maushold|par\n|move|p1a: Ting-Lu|Stomping Tantrum|p2a: Maushold\n|-damage|p2a: Maushold|21\/100 par\n|\n|-heal|p1a: Ting-Lu|84\/100|[from] item: Leftovers\n|upkeep\n|turn|7\n|inactive|garfieldslaya has 30 seconds left.\n|\n|t:|1683839271\n|move|p2a: Maushold|Follow Me|p2a: Maushold\n|-singleturn|p2a: Maushold|move: Follow Me\n|move|p2b: Dragonite|Rock Slide|p1b: Rotom|[spread] p1a\n|-miss|p2b: Dragonite|p1b: Rotom\n|-resisted|p1a: Ting-Lu\n|-damage|p1a: Ting-Lu|70\/100\n|move|p1b: Rotom|Thunderbolt|p2a: Maushold\n|-damage|p2a: Maushold|0 fnt\n|faint|p2a: Maushold\n|cant|p1a: Ting-Lu|flinch\n|\n|-heal|p1a: Ting-Lu|76\/100|[from] item: Leftovers\n|upkeep\n|\n|t:|1683839293\n|switch|p2a: Orthworm|Orthworm, L50, M|75\/100\n|turn|8\n|\n|t:|1683839304\n|move|p2b: Dragonite|Protect|p2b: Dragonite\n|-singleturn|p2b: Dragonite|Protect\n|move|p1b: Rotom|Foul Play|p2b: Dragonite\n|-activate|p2b: Dragonite|move: Protect\n|move|p2a: Orthworm|Iron Defense|p2a: Orthworm\n|-boost|p2a: Orthworm|def|2\n|move|p1a: Ting-Lu|Stomping Tantrum|p2b: Dragonite\n|-activate|p2b: Dragonite|move: Protect\n|\n|-heal|p1a: Ting-Lu|83\/100|[from] item: Leftovers\n|-sideend|p2: bruser23|move: Light Screen\n|upkeep\n|turn|9\n|\n|t:|1683839329\n|move|p2b: Dragonite|Rock Slide|p1b: Rotom|[spread] p1a,p1b\n|-resisted|p1a: Ting-Lu\n|-damage|p1a: Ting-Lu|68\/100\n|-damage|p1b: Rotom|50\/100\n|cant|p1b: Rotom|flinch\n|move|p2a: Orthworm|Iron Defense|p2a: Orthworm\n|-boost|p2a: Orthworm|def|2\n|move|p1a: Ting-Lu|Stomping Tantrum|p2b: Dragonite\n|-supereffective|p2b: Dragonite\n|-damage|p2b: Dragonite|70\/100\n|\n|-heal|p1a: Ting-Lu|74\/100|[from] item: Leftovers\n|upkeep\n|turn|10\n|\n|t:|1683839352\n|switch|p1b: Amoonguss|Amoonguss, L50, F, tera:Water|100\/100\n|move|p2b: Dragonite|Rock Slide|p1a: Ting-Lu|[spread] p1a,p1b\n|-resisted|p1a: Ting-Lu\n|-damage|p1a: Ting-Lu|58\/100\n|-damage|p1b: Amoonguss|51\/100\n|move|p2a: Orthworm|Iron Defense|p2a: Orthworm\n|-boost|p2a: Orthworm|def|2\n|move|p1a: Ting-Lu|Stomping Tantrum|p2b: Dragonite\n|-supereffective|p2b: Dragonite\n|-damage|p2b: Dragonite|16\/100\n|\n|-heal|p1a: Ting-Lu|65\/100|[from] item: Leftovers\n|upkeep\n|turn|11\n|\n|t:|1683839376\n|move|p1b: Amoonguss|Rage Powder|p1b: Amoonguss\n|-singleturn|p1b: Amoonguss|move: Rage Powder\n|move|p2b: Dragonite|Earthquake|p1a: Ting-Lu|[spread] p1a,p1b\n|-heal|p2a: Orthworm|99\/100|[from] ability: Earth Eater|[of] p2b: Dragonite\n|-damage|p1a: Ting-Lu|23\/100\n|-damage|p1b: Amoonguss|0 fnt\n|faint|p1b: Amoonguss\n|move|p2a: Orthworm|Body Press|p1a: Ting-Lu\n|-supereffective|p1a: Ting-Lu\n|-damage|p1a: Ting-Lu|0 fnt\n|faint|p1a: Ting-Lu\n|\n|upkeep\n|\n|t:|1683839385\n|switch|p1a: Rotom|Rotom-Wash, L50|50\/100\n|switch|p1b: Flutter Mane|Flutter Mane, L50|100\/100\n|turn|12\n|\n|t:|1683839403\n|move|p2b: Dragonite|Rock Slide|p1b: Flutter Mane|[spread] p1a,p1b\n|-damage|p1a: Rotom|4\/100\n|-damage|p1b: Flutter Mane|0 fnt\n|faint|p1b: Flutter Mane\n|-end|p1b: Flutter Mane|Protosynthesis|[silent]\n|move|p1a: Rotom|Foul Play|p2b: Dragonite\n|-damage|p2b: Dragonite|0 fnt\n|faint|p2b: Dragonite\n|move|p2a: Orthworm|Body Press|p1a: Rotom\n|-damage|p1a: Rotom|0 fnt\n|faint|p1a: Rotom\n|\n|win|bruser23\n|raw|garfieldslaya's rating: 1180 → 1156<\/strong> (-24 for losing)\n|raw|bruser23's rating: 1197 → 1221<\/strong> (+24 for winning)\n","uploadtime":1683839415,"views":14,"p1id":"garfieldslaya","p2id":"bruser23","formatid":"gen9vgc2023regulationc","rating":1156,"private":0,"password":""}