{"id":"gen9vgc2023regulationc-1847353009","p1":"xlesvly","p2":"Sunaddicted","format":"[Gen 9] VGC 2023 Regulation C","log":"|j|\u2606xlesvly\n|j|\u2606Sunaddicted\n|t:|1681941545\n|gametype|doubles\n|player|p1|xlesvly|iris|1093\n|player|p2|Sunaddicted|2|1192\n|teamsize|p1|6\n|teamsize|p2|6\n|gen|9\n|tier|[Gen 9] VGC 2023 Regulation C\n|rated|\n|rule|Species Clause: Limit one of each Pok\u00e9mon\n|rule|Item Clause: Limit one of each item\n|clearpoke\n|poke|p1|Flutter Mane, L50|\n|poke|p1|Arcanine, L50, F|\n|poke|p1|Amoonguss, L50, M|\n|poke|p1|Palafin, L50, M|\n|poke|p1|Roaring Moon, L50|\n|poke|p1|Ting-Lu, L50|\n|poke|p2|Ting-Lu, L50|\n|poke|p2|Amoonguss, L50, F|\n|poke|p2|Arcanine, L50, F|\n|poke|p2|Palafin, L50, F|\n|poke|p2|Flutter Mane, L50|\n|poke|p2|Iron Hands, L50|\n|teampreview|4\n|\n|t:|1681941578\n|start\n|switch|p1a: Palafin|Palafin, L50, M|100\/100\n|switch|p1b: Ting-Lu|Ting-Lu, L50|100\/100\n|switch|p2a: Palafin|Palafin, L50, F|100\/100\n|switch|p2b: Iron Hands|Iron Hands, L50|100\/100\n|-ability|p1b: Ting-Lu|Vessel of Ruin\n|turn|1\n|\n|t:|1681941623\n|detailschange|p1a: Palafin|Palafin-Hero, L50, M\n|switch|p1a: Amoonguss|Amoonguss, L50, M|100\/100\n|move|p2a: Palafin|Jet Punch|p1b: Ting-Lu\n|-supereffective|p1b: Ting-Lu\n|-damage|p1b: Ting-Lu|65\/100\n|move|p2b: Iron Hands|Drain Punch|p1b: Ting-Lu\n|-supereffective|p1b: Ting-Lu\n|-damage|p1b: Ting-Lu|16\/100\n|move|p1b: Ting-Lu|Sand Tomb|p2b: Iron Hands\n|-supereffective|p2b: Iron Hands\n|-damage|p2b: Iron Hands|75\/100\n|-activate|p2b: Iron Hands|move: Sand Tomb|[of] p1b: Ting-Lu\n|\n|-damage|p2b: Iron Hands|63\/100|[from] move: Sand Tomb|[partiallytrapped]\n|upkeep\n|turn|2\n|\n|t:|1681941658\n|detailschange|p2a: Palafin|Palafin-Hero, L50, F\n|switch|p2a: Amoonguss|Amoonguss, L50, F|100\/100\n|move|p2b: Iron Hands|Drain Punch|p1b: Ting-Lu\n|-supereffective|p1b: Ting-Lu\n|-damage|p1b: Ting-Lu|0 fnt\n|-heal|p2b: Iron Hands|71\/100|[from] drain|[of] p1b: Ting-Lu\n|faint|p1b: Ting-Lu\n|move|p1a: Amoonguss|Pollen Puff|p1: Ting-Lu|[notarget]\n|-fail|p1a: Amoonguss\n|\n|-end|p2b: Iron Hands|Sand Tomb|[partiallytrapped]|[silent]\n|upkeep\n|inactive|Battle timer is ON: inactive players will automatically lose when time's up. (requested by Sunaddicted)\n|\n|t:|1681941671\n|switch|p1b: Arcanine|Arcanine, L50, F|100\/100\n|-ability|p1b: Arcanine|Intimidate|boost\n|-unboost|p2a: Amoonguss|atk|1\n|-unboost|p2b: Iron Hands|atk|1\n|turn|3\n|inactive|Sunaddicted has 30 seconds left.\n|inactive|Sunaddicted has 20 seconds left.\n|\n|t:|1681941707\n|move|p1b: Arcanine|Flare Blitz|p2a: Amoonguss\n|-supereffective|p2a: Amoonguss\n|-damage|p2a: Amoonguss|15\/100\n|-enditem|p2a: Amoonguss|Sitrus Berry|[eat]\n|-heal|p2a: Amoonguss|40\/100|[from] item: Sitrus Berry\n|-damage|p1b: Arcanine|69\/100|[from] Recoil\n|move|p2b: Iron Hands|Swords Dance|p2b: Iron Hands\n|-boost|p2b: Iron Hands|atk|2\n|move|p2a: Amoonguss|Pollen Puff|p2b: Iron Hands\n|-heal|p2b: Iron Hands|100\/100\n|move|p1a: Amoonguss|Spore|p2b: Iron Hands\n|-activate|p2b: Iron Hands|item: Safety Goggles|Spore\n|\n|upkeep\n|turn|4\n|\n|t:|1681941731\n|switch|p2a: Arcanine|Arcanine, L50, F|100\/100\n|-ability|p2a: Arcanine|Intimidate|boost\n|-unboost|p1a: Amoonguss|atk|1\n|-unboost|p1b: Arcanine|atk|1\n|move|p1b: Arcanine|Will-O-Wisp|p2b: Iron Hands\n|-status|p2b: Iron Hands|brn\n|move|p2b: Iron Hands|Drain Punch|p1b: Arcanine\n|-damage|p1b: Arcanine|39\/100\n|move|p1a: Amoonguss|Pollen Puff|p1b: Arcanine\n|-heal|p1b: Arcanine|88\/100\n|\n|-damage|p2b: Iron Hands|95\/100 brn|[from] brn\n|upkeep\n|turn|5\n|inactive|xlesvly has 30 seconds left.\n|inactive|Sunaddicted has 30 seconds left.\n|inactive|xlesvly has 20 seconds left.\n|\n|t:|1681941770\n|-terastallize|p1a: Amoonguss|Water\n|move|p2a: Arcanine|Flare Blitz|p1a: Amoonguss\n|-resisted|p1a: Amoonguss\n|-damage|p1a: Amoonguss|81\/100\n|-damage|p2a: Arcanine|93\/100|[from] Recoil\n|move|p1b: Arcanine|Flare Blitz|p2b: Iron Hands\n|-damage|p2b: Iron Hands|74\/100 brn\n|-damage|p1b: Arcanine|80\/100|[from] Recoil\n|move|p2b: Iron Hands|Drain Punch|p1a: Amoonguss\n|-damage|p1a: Amoonguss|56\/100\n|-heal|p2b: Iron Hands|86\/100 brn|[from] drain|[of] p1a: Amoonguss\n|move|p1a: Amoonguss|Pollen Puff|p1b: Arcanine\n|-heal|p1b: Arcanine|100\/100\n|\n|-damage|p2b: Iron Hands|80\/100 brn|[from] brn\n|upkeep\n|turn|6\n|inactive|xlesvly has 30 seconds left.\n|inactive|Sunaddicted has 30 seconds left.\n|\n|t:|1681941801\n|move|p2a: Arcanine|Protect|p2a: Arcanine\n|-singleturn|p2a: Arcanine|Protect\n|move|p1b: Arcanine|Flare Blitz|p2b: Iron Hands\n|-damage|p2b: Iron Hands|57\/100 brn\n|-damage|p1b: Arcanine|91\/100|[from] Recoil\n|move|p2b: Iron Hands|Swords Dance|p2b: Iron Hands\n|-boost|p2b: Iron Hands|atk|2\n|move|p1a: Amoonguss|Spore|p2a: Arcanine\n|-activate|p2a: Arcanine|move: Protect\n|\n|-damage|p2b: Iron Hands|51\/100 brn|[from] brn\n|upkeep\n|turn|7\n|\n|t:|1681941824\n|switch|p2a: Amoonguss|Amoonguss, L50, F|73\/100\n|move|p1a: Amoonguss|Protect|p1a: Amoonguss\n|-singleturn|p1a: Amoonguss|Protect\n|move|p1b: Arcanine|Flare Blitz|p2b: Iron Hands\n|-damage|p2b: Iron Hands|31\/100 brn\n|-damage|p1b: Arcanine|83\/100|[from] Recoil\n|move|p2b: Iron Hands|Drain Punch|p1b: Arcanine\n|-damage|p1b: Arcanine|31\/100\n|-heal|p2b: Iron Hands|53\/100 brn|[from] drain|[of] p1b: Arcanine\n|\n|-damage|p2b: Iron Hands|47\/100 brn|[from] brn\n|upkeep\n|turn|8\n|\n|t:|1681941847\n|move|p2a: Amoonguss|Protect|p2a: Amoonguss\n|-singleturn|p2a: Amoonguss|Protect\n|move|p1a: Amoonguss|Rage Powder|p1a: Amoonguss\n|-singleturn|p1a: Amoonguss|move: Rage Powder\n|move|p1b: Arcanine|Flare Blitz|p2a: Amoonguss\n|-activate|p2a: Amoonguss|move: Protect\n|move|p2b: Iron Hands|Drain Punch|p1b: Arcanine\n|-damage|p1b: Arcanine|0 fnt\n|-heal|p2b: Iron Hands|60\/100 brn|[from] drain|[of] p1b: Arcanine\n|faint|p1b: Arcanine\n|\n|-damage|p2b: Iron Hands|54\/100 brn|[from] brn\n|upkeep\n|\n|t:|1681941859\n|switch|p1b: Palafin|Palafin-Hero, L50, M|100\/100\n|-activate|p1b: Palafin|ability: Zero to Hero\n|turn|9\n|\n|t:|1681941872\n|move|p1a: Amoonguss|Protect|p1a: Amoonguss\n|-singleturn|p1a: Amoonguss|Protect\n|move|p2a: Amoonguss|Rage Powder|p2a: Amoonguss\n|-singleturn|p2a: Amoonguss|move: Rage Powder\n|move|p1b: Palafin|Wave Crash|p2a: Amoonguss\n|-resisted|p2a: Amoonguss\n|-damage|p2a: Amoonguss|34\/100\n|-damage|p1b: Palafin|86\/100|[from] Recoil\n|move|p2b: Iron Hands|Thunder Punch|p1b: Palafin\n|-supereffective|p1b: Palafin\n|-damage|p1b: Palafin|0 fnt\n|faint|p1b: Palafin\n|\n|-damage|p2b: Iron Hands|48\/100 brn|[from] brn\n|upkeep\n|turn|10\n|-message|xlesvly forfeited.\n|\n|win|Sunaddicted\n|raw|xlesvly's rating: 1093 → 1076<\/strong> (-17 for losing)\n|raw|Sunaddicted's rating: 1192 → 1210<\/strong> (+18 for winning)\n|l|\u2606xlesvly\n","uploadtime":1681941894,"views":6,"p1id":"xlesvly","p2id":"sunaddicted","formatid":"gen9vgc2023regulationc","rating":1076,"private":0,"password":""}