{"id":"gen9vgc2023regulationc-1846685043","p1":"anotherworldVGC","p2":"gohan92","format":"[Gen 9] VGC 2023 Regulation C","log":"|j|\u2606anotherworldVGC\n|j|\u2606gohan92\n|t:|1681865652\n|gametype|doubles\n|player|p1|anotherworldVGC|2|1443\n|player|p2|gohan92|2|1445\n|teamsize|p1|6\n|teamsize|p2|6\n|gen|9\n|tier|[Gen 9] VGC 2023 Regulation C\n|rated|\n|rule|Species Clause: Limit one of each Pok\u00e9mon\n|rule|Item Clause: Limit one of each item\n|clearpoke\n|poke|p1|Arcanine, L50, F|\n|poke|p1|Palafin, L50, F|\n|poke|p1|Flutter Mane, L50|\n|poke|p1|Baxcalibur, L50, F|\n|poke|p1|Amoonguss, L50, F|\n|poke|p1|Ting-Lu, L50|\n|poke|p2|Palafin, L50, M|\n|poke|p2|Chi-Yu, L50|\n|poke|p2|Flutter Mane, L50|\n|poke|p2|Iron Bundle, L50|\n|poke|p2|Arcanine, L50, M|\n|poke|p2|Amoonguss, L50, M|\n|teampreview|4\n|\n|t:|1681865683\n|start\n|switch|p1a: Ting-Lu|Ting-Lu, L50|100\/100\n|switch|p1b: Palafin|Palafin, L50, F, shiny|100\/100\n|switch|p2a: Chi-Yu|Chi-Yu, L50|100\/100\n|switch|p2b: Palafin|Palafin, L50, M|100\/100\n|-ability|p2a: Chi-Yu|Beads of Ruin\n|-ability|p1a: Ting-Lu|Vessel of Ruin\n|turn|1\n|\n|t:|1681865706\n|detailschange|p2b: Palafin|Palafin-Hero, L50, M\n|switch|p2b: Arcanine|Arcanine, L50, M|100\/100\n|-ability|p2b: Arcanine|Intimidate|boost\n|-unboost|p1a: Ting-Lu|atk|1\n|-unboost|p1b: Palafin|atk|1\n|detailschange|p1b: Palafin|Palafin-Hero, L50, F, shiny\n|switch|p1b: Arcanine|Arcanine, L50, F, shiny|100\/100\n|-ability|p1b: Arcanine|Intimidate|boost\n|-unboost|p2a: Chi-Yu|atk|1\n|-unboost|p2b: Arcanine|atk|1\n|-terastallize|p2a: Chi-Yu|Water\n|-terastallize|p1a: Ting-Lu|Water\n|move|p2a: Chi-Yu|Tera Blast|p1a: Ting-Lu\n|-resisted|p1a: Ting-Lu\n|-damage|p1a: Ting-Lu|87\/100\n|move|p1a: Ting-Lu|Stomping Tantrum|p2a: Chi-Yu\n|-crit|p2a: Chi-Yu\n|-damage|p2a: Chi-Yu|35\/100\n|\n|upkeep\n|turn|2\n|\n|t:|1681865747\n|switch|p1b: Palafin|Palafin-Hero, L50, F, shiny|100\/100\n|-activate|p1b: Palafin|ability: Zero to Hero\n|move|p2a: Chi-Yu|Tera Blast|p1b: Palafin\n|-resisted|p1b: Palafin\n|-damage|p1b: Palafin|75\/100\n|move|p2b: Arcanine|Will-O-Wisp|p1a: Ting-Lu\n|-status|p1a: Ting-Lu|brn\n|move|p1a: Ting-Lu|Stomping Tantrum|p2b: Arcanine\n|-supereffective|p2b: Arcanine\n|-damage|p2b: Arcanine|74\/100\n|\n|-damage|p1a: Ting-Lu|80\/100 brn|[from] brn\n|upkeep\n|turn|3\n|\n|t:|1681865778\n|switch|p2a: Palafin|Palafin-Hero, L50, M|100\/100\n|-activate|p2a: Palafin|ability: Zero to Hero\n|switch|p2b: Iron Bundle|Iron Bundle, L50|100\/100\n|switch|p1a: Amoonguss|Amoonguss, L50, F, shiny|100\/100\n|move|p1b: Palafin|Protect||[still]\n|-fail|p1b: Palafin\n|\n|upkeep\n|turn|4\n|\n|t:|1681865806\n|switch|p2a: Arcanine|Arcanine, L50, M|74\/100\n|-ability|p2a: Arcanine|Intimidate|boost\n|-unboost|p1a: Amoonguss|atk|1\n|-unboost|p1b: Palafin|atk|1\n|move|p2b: Iron Bundle|Protect|p2b: Iron Bundle\n|-singleturn|p2b: Iron Bundle|Protect\n|move|p1b: Palafin|Protect|p1b: Palafin\n|-singleturn|p1b: Palafin|Protect\n|move|p1a: Amoonguss|Spore|p2b: Iron Bundle\n|-activate|p2b: Iron Bundle|move: Protect\n|\n|upkeep\n|turn|5\n|\n|t:|1681865830\n|switch|p1b: Ting-Lu|Ting-Lu, L50, tera:Water|80\/100 brn\n|-ability|p1b: Ting-Lu|Vessel of Ruin\n|move|p2b: Iron Bundle|Freeze-Dry|p1a: Amoonguss\n|-supereffective|p1a: Amoonguss\n|-damage|p1a: Amoonguss|48\/100\n|-enditem|p1a: Amoonguss|Sitrus Berry|[eat]\n|-heal|p1a: Amoonguss|73\/100|[from] item: Sitrus Berry\n|move|p2a: Arcanine|Flare Blitz|p1a: Amoonguss\n|-supereffective|p1a: Amoonguss\n|-damage|p1a: Amoonguss|10\/100\n|-damage|p2a: Arcanine|50\/100|[from] Recoil\n|move|p1a: Amoonguss|Spore|p2b: Iron Bundle\n|-status|p2b: Iron Bundle|slp|[from] move: Spore\n|\n|-damage|p1b: Ting-Lu|74\/100 brn|[from] brn\n|upkeep\n|turn|6\n|\n|t:|1681865859\n|switch|p1a: Arcanine|Arcanine, L50, F, shiny|100\/100\n|-ability|p1a: Arcanine|Intimidate|boost\n|-unboost|p2a: Arcanine|atk|1\n|-unboost|p2b: Iron Bundle|atk|1\n|cant|p2b: Iron Bundle|slp\n|move|p2a: Arcanine|Will-O-Wisp|p1a: Arcanine\n|-immune|p1a: Arcanine\n|move|p1b: Ting-Lu|Ruination|p2b: Iron Bundle\n|-damage|p2b: Iron Bundle|51\/100 slp\n|\n|-damage|p1b: Ting-Lu|68\/100 brn|[from] brn\n|upkeep\n|turn|7\n|\n|t:|1681865885\n|move|p2a: Arcanine|Protect|p2a: Arcanine\n|-singleturn|p2a: Arcanine|Protect\n|-curestatus|p2b: Iron Bundle|slp|[msg]\n|move|p2b: Iron Bundle|Hydro Pump|p1a: Arcanine\n|-supereffective|p1a: Arcanine\n|-damage|p1a: Arcanine|8\/100\n|move|p1a: Arcanine|Flare Blitz|p2b: Iron Bundle\n|-damage|p2b: Iron Bundle|0 fnt\n|faint|p2b: Iron Bundle\n|-end|p2b: Iron Bundle|Quark Drive|[silent]\n|-damage|p1a: Arcanine|0 fnt|[from] Recoil\n|faint|p1a: Arcanine\n|move|p1b: Ting-Lu|Stomping Tantrum|p2a: Arcanine\n|-activate|p2a: Arcanine|move: Protect\n|\n|-damage|p1b: Ting-Lu|62\/100 brn|[from] brn\n|upkeep\n|\n|t:|1681865908\n|switch|p2b: Chi-Yu|Chi-Yu, L50, tera:Water|35\/100\n|switch|p1a: Palafin|Palafin-Hero, L50, F, shiny|75\/100\n|-ability|p2b: Chi-Yu|Beads of Ruin\n|turn|8\n|\n|t:|1681865936\n|switch|p2a: Palafin|Palafin-Hero, L50, M|100\/100\n|switch|p1b: Amoonguss|Amoonguss, L50, F, shiny|43\/100\n|move|p1a: Palafin|Jet Punch|p2a: Palafin\n|-resisted|p2a: Palafin\n|-damage|p2a: Palafin|78\/100\n|move|p2b: Chi-Yu|Dark Pulse|p1a: Palafin\n|-damage|p1a: Palafin|3\/100\n|\n|upkeep\n|turn|9\n|\n|t:|1681865950\n|move|p1a: Palafin|Protect|p1a: Palafin\n|-singleturn|p1a: Palafin|Protect\n|move|p2a: Palafin|Jet Punch|p1a: Palafin\n|-activate|p1a: Palafin|move: Protect\n|move|p2b: Chi-Yu|Dark Pulse|p1b: Amoonguss\n|-damage|p1b: Amoonguss|0 fnt\n|faint|p1b: Amoonguss\n|\n|upkeep\n|\n|t:|1681865954\n|switch|p1b: Ting-Lu|Ting-Lu, L50, tera:Water|62\/100 brn\n|-ability|p1b: Ting-Lu|Vessel of Ruin\n|turn|10\n|-message|anotherworldVGC forfeited.\n|\n|win|gohan92\n|raw|anotherworldVGC's rating: 1443 → 1423<\/strong> (-20 for losing)\n|raw|gohan92's rating: 1445 → 1465<\/strong> (+20 for winning)\n|l|\u2606anotherworldVGC\n","uploadtime":1681865965,"views":13,"p1id":"anotherworldvgc","p2id":"gohan92","formatid":"gen9vgc2023regulationc","rating":1423,"private":0,"password":""}