{"id":"gen9vgc2023regulationc-1851366052","p1":"mythical weavile","p2":"Rue1","format":"[Gen 9] VGC 2023 Regulation C","log":"|j|\u2606mythical weavile\n|j|\u2606Rue1\n|t:|1682439309\n|gametype|doubles\n|player|p1|mythical weavile|169|1388\n|player|p2|Rue1|pokekid|1378\n|teamsize|p1|6\n|teamsize|p2|6\n|gen|9\n|tier|[Gen 9] VGC 2023 Regulation C\n|rated|\n|rule|Species Clause: Limit one of each Pok\u00e9mon\n|rule|Item Clause: Limit one of each item\n|clearpoke\n|poke|p1|Dondozo, L50, F|\n|poke|p1|Tatsugiri, L50, M|\n|poke|p1|Flutter Mane, L50|\n|poke|p1|Glimmora, L50, M|\n|poke|p1|Chi-Yu, L50|\n|poke|p1|Iron Bundle, L50|\n|poke|p2|Annihilape, L50, M|\n|poke|p2|Maushold-Four, L50|\n|poke|p2|Sableye, L50, M|\n|poke|p2|Wo-Chien, L50|\n|poke|p2|Baxcalibur, L50, F|\n|poke|p2|Gyarados, L50, M|\n|teampreview|4\n|inactive|Battle timer is ON: inactive players will automatically lose when time's up. (requested by mythical weavile)\n|inactive|mythical weavile has 60 seconds left.\n|\n|t:|1682439367\n|start\n|switch|p1a: Flutter Mane|Flutter Mane, L50|100\/100\n|switch|p1b: Glimmora|Glimmora, L50, M|100\/100\n|switch|p2a: Sableye|Sableye, L50, M|100\/100\n|switch|p2b: Annihilape|Annihilape, L50, M|100\/100\n|turn|1\n|\n|t:|1682439386\n|-terastallize|p2b: Annihilape|Water\n|move|p2a: Sableye|Light Screen|p2a: Sableye\n|-sidestart|p2: Rue1|move: Light Screen\n|move|p1a: Flutter Mane|Dazzling Gleam|p2a: Sableye|[spread] p2a,p2b\n|-supereffective|p2a: Sableye\n|-damage|p2a: Sableye|31\/100\n|-damage|p2b: Annihilape|77\/100\n|move|p1b: Glimmora|Mortal Spin|p2a: Sableye|[spread] p2a,p2b\n|-resisted|p2a: Sableye\n|-damage|p2a: Sableye|29\/100\n|-damage|p2b: Annihilape|73\/100\n|-status|p2a: Sableye|psn\n|-status|p2b: Annihilape|psn\n|move|p2b: Annihilape|Rage Fist|p1a: Flutter Mane\n|-supereffective|p1a: Flutter Mane\n|-damage|p1a: Flutter Mane|0 fnt\n|faint|p1a: Flutter Mane\n|-end|p1a: Flutter Mane|Protosynthesis|[silent]\n|\n|-damage|p2b: Annihilape|61\/100 psn|[from] psn\n|-damage|p2a: Sableye|16\/100 psn|[from] psn\n|upkeep\n|\n|t:|1682439403\n|switch|p1a: Dondozo|Dondozo, L50, F|100\/100\n|turn|2\n|inactive|mythical weavile has 30 seconds left.\n|inactive|Rue1 has 30 seconds left.\n|inactive|Rue1 has 20 seconds left.\n|inactive|mythical weavile has 20 seconds left.\n|\n|t:|1682439447\n|switch|p1b: Tatsugiri|Tatsugiri, L50, M|100\/100\n|-activate|p1b: Tatsugiri|ability: Commander|[of] p1a: Dondozo\n|-boost|p1a: Dondozo|atk|2\n|-boost|p1a: Dondozo|spa|2\n|-boost|p1a: Dondozo|spe|2\n|-boost|p1a: Dondozo|def|2\n|-boost|p1a: Dondozo|spd|2\n|-terastallize|p1a: Dondozo|Grass\n|move|p2a: Sableye|Reflect|p2a: Sableye\n|-sidestart|p2: Rue1|Reflect\n|move|p1a: Dondozo|Tera Blast|p2b: Annihilape\n|-supereffective|p2b: Annihilape\n|-damage|p2b: Annihilape|0 fnt\n|faint|p2b: Annihilape\n|\n|-damage|p2a: Sableye|4\/100 psn|[from] psn\n|upkeep\n|inactive|Rue1 has 30 seconds left.\n|\n|t:|1682439478\n|switch|p2b: Gyarados|Gyarados, L50, M|100\/100\n|-ability|p2b: Gyarados|Intimidate|boost\n|-unboost|p1a: Dondozo|atk|1\n|-unboost|p1b: Tatsugiri|atk|1\n|turn|3\n|\n|t:|1682439495\n|switch|p2a: Wo-Chien|Wo-Chien, L50|100\/100\n|-ability|p2a: Wo-Chien|Tablets of Ruin\n|move|p1a: Dondozo|Wave Crash|p2b: Gyarados\n|-resisted|p2b: Gyarados\n|-damage|p2b: Gyarados|84\/100\n|-damage|p1a: Dondozo|84\/100|[from] item: Rocky Helmet|[of] p2b: Gyarados\n|-damage|p1a: Dondozo|79\/100|[from] Recoil\n|move|p2b: Gyarados|Thunder Wave|p1a: Dondozo\n|-status|p1a: Dondozo|par\n|\n|-heal|p1a: Dondozo|85\/100 par|[from] item: Leftovers\n|upkeep\n|turn|4\n|inactive|Rue1 has 30 seconds left.\n|\n|t:|1682439522\n|move|p2b: Gyarados|Iron Head|p1a: Dondozo\n|-damage|p1a: Dondozo|79\/100 par\n|move|p2a: Wo-Chien|Foul Play|p1a: Dondozo\n|-damage|p1a: Dondozo|66\/100 par\n|move|p1a: Dondozo|Wave Crash|p2b: Gyarados\n|-resisted|p2b: Gyarados\n|-damage|p2b: Gyarados|67\/100\n|-damage|p1a: Dondozo|49\/100 par|[from] item: Rocky Helmet|[of] p2b: Gyarados\n|-damage|p1a: Dondozo|44\/100 par|[from] Recoil\n|\n|-heal|p1a: Dondozo|50\/100 par|[from] item: Leftovers\n|upkeep\n|turn|5\n|\n|t:|1682439542\n|move|p1a: Dondozo|Protect|p1a: Dondozo\n|-singleturn|p1a: Dondozo|Protect\n|move|p2b: Gyarados|Iron Head|p1a: Dondozo\n|-activate|p1a: Dondozo|move: Protect\n|move|p2a: Wo-Chien|Pollen Puff|p2b: Gyarados\n|-heal|p2b: Gyarados|100\/100\n|\n|-heal|p1a: Dondozo|57\/100 par|[from] item: Leftovers\n|upkeep\n|turn|6\n|inactive|Rue1 has 30 seconds left.\n|\n|t:|1682439570\n|move|p2b: Gyarados|Iron Head|p1a: Dondozo\n|-damage|p1a: Dondozo|50\/100 par\n|move|p2a: Wo-Chien|Pollen Puff|p1a: Dondozo\n|-supereffective|p1a: Dondozo\n|-damage|p1a: Dondozo|32\/100 par\n|move|p1a: Dondozo|Wave Crash|p2b: Gyarados\n|-resisted|p2b: Gyarados\n|-damage|p2b: Gyarados|84\/100\n|-damage|p1a: Dondozo|16\/100 par|[from] item: Rocky Helmet|[of] p2b: Gyarados\n|-damage|p1a: Dondozo|11\/100 par|[from] Recoil\n|\n|-heal|p1a: Dondozo|17\/100 par|[from] item: Leftovers\n|upkeep\n|turn|7\n|\n|t:|1682439586\n|switch|p2b: Sableye|Sableye, L50, M|4\/100 psn\n|move|p1a: Dondozo|Protect|p1a: Dondozo\n|-singleturn|p1a: Dondozo|Protect\n|move|p2a: Wo-Chien|Pollen Puff|p2b: Sableye\n|-heal|p2b: Sableye|54\/100 psn\n|\n|-heal|p1a: Dondozo|23\/100 par|[from] item: Leftovers\n|-damage|p2b: Sableye|42\/100 psn|[from] psn\n|upkeep\n|turn|8\n|\n|t:|1682439609\n|move|p2b: Sableye|Encore|p1a: Dondozo\n|-start|p1a: Dondozo|Encore\n|move|p2a: Wo-Chien|Pollen Puff|p2b: Sableye\n|-heal|p2b: Sableye|92\/100 psn\n|move|p1a: Dondozo|Protect||[still]\n|-fail|p1a: Dondozo\n|\n|-heal|p1a: Dondozo|29\/100 par|[from] item: Leftovers\n|-damage|p2b: Sableye|79\/100 psn|[from] psn\n|-sideend|p2: Rue1|move: Light Screen\n|upkeep\n|turn|9\n|inactive|Rue1 has 30 seconds left.\n|inactive|Rue1 has 20 seconds left.\n|\n|t:|1682439646\n|cant|p1a: Dondozo|par\n|move|p2b: Sableye|Light Screen|p2b: Sableye\n|-sidestart|p2: Rue1|move: Light Screen\n|move|p2a: Wo-Chien|Pollen Puff|p2b: Sableye\n|-heal|p2b: Sableye|100\/100 psn\n|\n|-heal|p1a: Dondozo|35\/100 par|[from] item: Leftovers\n|-damage|p2b: Sableye|88\/100 psn|[from] psn\n|-sideend|p2: Rue1|Reflect\n|upkeep\n|turn|10\n|inactive|Rue1 has 30 seconds left.\n|\n|t:|1682439672\n|move|p1a: Dondozo|Protect|p1a: Dondozo\n|-singleturn|p1a: Dondozo|Protect\n|move|p2b: Sableye|Disable|p1a: Dondozo\n|-activate|p1a: Dondozo|move: Protect\n|move|p2a: Wo-Chien|Pollen Puff|p1a: Dondozo\n|-activate|p1a: Dondozo|move: Protect\n|\n|-heal|p1a: Dondozo|42\/100 par|[from] item: Leftovers\n|-damage|p2b: Sableye|76\/100 psn|[from] psn\n|-end|p1a: Dondozo|Encore\n|upkeep\n|turn|11\n|\n|t:|1682439692\n|move|p2b: Sableye|Encore|p1a: Dondozo\n|-start|p1a: Dondozo|Encore\n|move|p2a: Wo-Chien|Pollen Puff|p2b: Sableye\n|-heal|p2b: Sableye|100\/100 psn\n|cant|p1a: Dondozo|par\n|\n|-heal|p1a: Dondozo|48\/100 par|[from] item: Leftovers\n|-damage|p2b: Sableye|88\/100 psn|[from] psn\n|upkeep\n|turn|12\n|\n|t:|1682439710\n|move|p1a: Dondozo|Protect|p1a: Dondozo\n|-singleturn|p1a: Dondozo|Protect\n|move|p2b: Sableye|Disable|p1a: Dondozo\n|-activate|p1a: Dondozo|move: Protect\n|move|p2a: Wo-Chien|Pollen Puff|p2b: Sableye\n|-heal|p2b: Sableye|100\/100 psn\n|\n|-heal|p1a: Dondozo|54\/100 par|[from] item: Leftovers\n|-damage|p2b: Sableye|88\/100 psn|[from] psn\n|upkeep\n|turn|13\n|\n|t:|1682439725\n|cant|p1a: Dondozo|par\n|move|p2b: Sableye|Disable|p1a: Dondozo\n|-start|p1a: Dondozo|Disable|Protect\n|move|p2a: Wo-Chien|Pollen Puff|p2b: Sableye\n|-heal|p2b: Sableye|100\/100 psn\n|\n|-heal|p1a: Dondozo|60\/100 par|[from] item: Leftovers\n|-damage|p2b: Sableye|88\/100 psn|[from] psn\n|-end|p1a: Dondozo|Encore\n|upkeep\n|turn|14\n|inactive|Rue1 has 30 seconds left.\n|\n|t:|1682439750\n|switch|p2b: Gyarados|Gyarados, L50, M|84\/100\n|-ability|p2b: Gyarados|Intimidate|boost\n|-unboost|p1a: Dondozo|atk|1\n|-unboost|p1b: Tatsugiri|atk|1\n|move|p2a: Wo-Chien|Pollen Puff|p1a: Dondozo\n|-supereffective|p1a: Dondozo\n|-damage|p1a: Dondozo|40\/100 par\n|move|p1a: Dondozo|Wave Crash|p2b: Gyarados\n|-resisted|p2b: Gyarados\n|-damage|p2b: Gyarados|67\/100\n|-damage|p1a: Dondozo|24\/100 par|[from] item: Rocky Helmet|[of] p2b: Gyarados\n|-damage|p1a: Dondozo|19\/100 par|[from] Recoil\n|\n|-heal|p1a: Dondozo|25\/100 par|[from] item: Leftovers\n|upkeep\n|turn|15\n|\n|t:|1682439766\n|move|p2b: Gyarados|Iron Head|p1a: Dondozo\n|-damage|p1a: Dondozo|19\/100 par\n|move|p2a: Wo-Chien|Pollen Puff|p2b: Gyarados\n|-heal|p2b: Gyarados|100\/100\n|cant|p1a: Dondozo|par\n|\n|-heal|p1a: Dondozo|25\/100 par|[from] item: Leftovers\n|upkeep\n|turn|16\n|\n|t:|1682439785\n|move|p2b: Gyarados|Iron Head|p1a: Dondozo\n|-damage|p1a: Dondozo|19\/100 par\n|move|p2a: Wo-Chien|Pollen Puff|p1a: Dondozo\n|-supereffective|p1a: Dondozo\n|-damage|p1a: Dondozo|0 fnt\n|faint|p1a: Dondozo\n|\n|-sideend|p2: Rue1|move: Light Screen\n|upkeep\n|\n|t:|1682439792\n|switch|p1a: Glimmora|Glimmora, L50, M|100\/100\n|turn|17\n|\n|t:|1682439809\n|switch|p2b: Sableye|Sableye, L50, M|88\/100 psn\n|move|p1b: Tatsugiri|Icy Wind|p2b: Sableye|[spread] p2a,p2b\n|-supereffective|p2a: Wo-Chien\n|-damage|p2a: Wo-Chien|89\/100\n|-damage|p2b: Sableye|74\/100 psn\n|-unboost|p2a: Wo-Chien|spe|1\n|-unboost|p2b: Sableye|spe|1\n|move|p1a: Glimmora|Mortal Spin|p2a: Wo-Chien|[spread] p2a,p2b\n|-supereffective|p2a: Wo-Chien\n|-resisted|p2b: Sableye\n|-damage|p2a: Wo-Chien|85\/100\n|-damage|p2b: Sableye|72\/100 psn\n|-status|p2a: Wo-Chien|psn\n|move|p2a: Wo-Chien|Snarl|p1a: Glimmora|[spread] p1a,p1b\n|-damage|p1a: Glimmora|89\/100\n|-damage|p1b: Tatsugiri|83\/100\n|-unboost|p1a: Glimmora|spa|1\n|-unboost|p1b: Tatsugiri|spa|1\n|\n|-damage|p2a: Wo-Chien|72\/100 psn|[from] psn\n|-damage|p2b: Sableye|60\/100 psn|[from] psn\n|upkeep\n|turn|18\n|inactive|Rue1 has 30 seconds left.\n|\n|t:|1682439834\n|move|p2b: Sableye|Light Screen|p2b: Sableye\n|-sidestart|p2: Rue1|move: Light Screen\n|move|p1b: Tatsugiri|Icy Wind|p2a: Wo-Chien|[spread] p2a\n|-miss|p1b: Tatsugiri|p2b: Sableye\n|-supereffective|p2a: Wo-Chien\n|-damage|p2a: Wo-Chien|67\/100 psn\n|-unboost|p2a: Wo-Chien|spe|1\n|move|p1a: Glimmora|Sludge Bomb|p2a: Wo-Chien\n|-supereffective|p2a: Wo-Chien\n|-damage|p2a: Wo-Chien|46\/100 psn\n|move|p2a: Wo-Chien|Snarl|p1b: Tatsugiri|[spread] p1a,p1b\n|-damage|p1a: Glimmora|78\/100\n|-damage|p1b: Tatsugiri|66\/100\n|-unboost|p1a: Glimmora|spa|1\n|-unboost|p1b: Tatsugiri|spa|1\n|\n|-damage|p2b: Sableye|48\/100 psn|[from] psn\n|-damage|p2a: Wo-Chien|33\/100 psn|[from] psn\n|upkeep\n|turn|19\n|inactive|Rue1 has 30 seconds left.\n|inactive|Rue1 has 20 seconds left.\n|inactive|mythical weavile has 30 seconds left.\n|\n|t:|1682439863\n|move|p2b: Sableye|Disable|p1a: Glimmora\n|-start|p1a: Glimmora|Disable|Sludge Bomb\n|move|p1b: Tatsugiri|Icy Wind|p2b: Sableye|[spread] p2a,p2b\n|-supereffective|p2a: Wo-Chien\n|-damage|p2a: Wo-Chien|29\/100 psn\n|-damage|p2b: Sableye|44\/100 psn\n|-unboost|p2a: Wo-Chien|spe|1\n|-unboost|p2b: Sableye|spe|1\n|move|p1a: Glimmora|Earth Power|p2b: Sableye\n|-damage|p2b: Sableye|32\/100 psn\n|move|p2a: Wo-Chien|Giga Drain|p1a: Glimmora\n|-damage|p1a: Glimmora|58\/100\n|-heal|p2a: Wo-Chien|39\/100 psn|[from] drain|[of] p1a: Glimmora\n|\n|-damage|p2a: Wo-Chien|27\/100 psn|[from] psn\n|-damage|p2b: Sableye|20\/100 psn|[from] psn\n|upkeep\n|turn|20\n|inactive|Rue1 has 20 seconds left this turn.\n|inactive|Rue1 has 15 seconds left.\n|inactive|Rue1 has 10 seconds left.\n|inactive|Rue1 has 5 seconds left.\n|-message|Rue1 lost due to inactivity.\n|\n|win|mythical weavile\n|raw|mythical weavile's rating: 1388 → 1407<\/strong> (+19 for winning)\n|raw|Rue1's rating: 1378 → 1359<\/strong> (-19 for losing)\n","uploadtime":1682439889,"views":17,"p1id":"mythicalweavile","p2id":"rue1","formatid":"gen9vgc2023regulationc","rating":1359,"private":0,"password":""}