{"id":"gen9vgc2023regulationc-1857149456","p1":"Fillocarletti","p2":"Lionel1990ss","format":"[Gen 9] VGC 2023 Regulation C","log":"|j|\u2606Fillocarletti\n|j|\u2606Lionel1990ss\n|t:|1683151025\n|gametype|doubles\n|player|p1|Fillocarletti|1|1265\n|player|p2|Lionel1990ss|acetrainer-gen4dp|1221\n|teamsize|p1|6\n|teamsize|p2|6\n|gen|9\n|tier|[Gen 9] VGC 2023 Regulation C\n|rated|\n|rule|Species Clause: Limit one of each Pok\u00e9mon\n|rule|Item Clause: Limit one of each item\n|clearpoke\n|poke|p1|Talonflame, L50, F|\n|poke|p1|Great Tusk, L50|\n|poke|p1|Iron Bundle, L50|\n|poke|p1|Flutter Mane, L50|\n|poke|p1|Chi-Yu, L50|\n|poke|p1|Kingambit, L50, M|\n|poke|p2|Iron Hands, L50|\n|poke|p2|Chien-Pao, L50|\n|poke|p2|Amoonguss, L50, F|\n|poke|p2|Flutter Mane, L50|\n|poke|p2|Chi-Yu, L50|\n|poke|p2|Palafin, L50, M|\n|teampreview|4\n|\n|t:|1683151053\n|start\n|switch|p1a: Great Tusk|Great Tusk, L50|100\/100\n|switch|p1b: Talonflame|Talonflame, L50, F|100\/100\n|switch|p2a: Palafin|Palafin, L50, M, shiny|100\/100\n|switch|p2b: Iron Hands|Iron Hands, L50|100\/100\n|turn|1\n|\n|t:|1683151082\n|-terastallize|p1b: Talonflame|Ghost\n|-terastallize|p2a: Palafin|Water\n|move|p2b: Iron Hands|Fake Out|p1b: Talonflame\n|-immune|p1b: Talonflame\n|move|p1b: Talonflame|Tailwind|p1b: Talonflame\n|-sidestart|p1: Fillocarletti|move: Tailwind\n|move|p2a: Palafin|Jet Punch|p1b: Talonflame\n|-damage|p1b: Talonflame|54\/100\n|move|p1a: Great Tusk|Earthquake|p2b: Iron Hands|[spread] p1b,p2a,p2b\n|-supereffective|p2b: Iron Hands\n|-damage|p1b: Talonflame|0 fnt\n|-damage|p2a: Palafin|42\/100\n|-damage|p2b: Iron Hands|29\/100\n|faint|p1b: Talonflame\n|-damage|p1a: Great Tusk|91\/100|[from] item: Life Orb\n|\n|upkeep\n|\n|t:|1683151100\n|switch|p1b: Flutter Mane|Flutter Mane, L50|100\/100\n|turn|2\n|\n|t:|1683151132\n|detailschange|p2a: Palafin|Palafin-Hero, L50, M, shiny, tera:Water\n|switch|p2a: Flutter Mane|Flutter Mane, L50|100\/100\n|-enditem|p2a: Flutter Mane|Booster Energy\n|-activate|p2a: Flutter Mane|ability: Protosynthesis|[fromitem]\n|-start|p2a: Flutter Mane|protosynthesisspe\n|move|p1a: Great Tusk|Protect|p1a: Great Tusk\n|-singleturn|p1a: Great Tusk|Protect\n|move|p1b: Flutter Mane|Dazzling Gleam|p2b: Iron Hands|[spread] p2a,p2b\n|-supereffective|p2b: Iron Hands\n|-damage|p2a: Flutter Mane|58\/100\n|-damage|p2b: Iron Hands|0 fnt\n|faint|p2b: Iron Hands\n|-end|p2b: Iron Hands|Quark Drive|[silent]\n|\n|upkeep\n|\n|t:|1683151149\n|switch|p2b: Palafin|Palafin-Hero, L50, M, shiny, tera:Water|42\/100\n|-activate|p2b: Palafin|ability: Zero to Hero\n|turn|3\n|\n|t:|1683151158\n|-end|p1b: Flutter Mane|Protosynthesis|[silent]\n|switch|p1b: Iron Bundle|Iron Bundle, L50|100\/100\n|-enditem|p1b: Iron Bundle|Booster Energy\n|-activate|p1b: Iron Bundle|ability: Quark Drive|[fromitem]\n|-start|p1b: Iron Bundle|quarkdrivespe\n|move|p2a: Flutter Mane|Protect|p2a: Flutter Mane\n|-singleturn|p2a: Flutter Mane|Protect\n|move|p2b: Palafin|Jet Punch|p1a: Great Tusk\n|-supereffective|p1a: Great Tusk\n|-damage|p1a: Great Tusk|3\/100\n|move|p1a: Great Tusk|Headlong Rush|p2a: Flutter Mane\n|-activate|p2a: Flutter Mane|move: Protect\n|\n|upkeep\n|turn|4\n|\n|t:|1683151182\n|move|p2b: Palafin|Jet Punch|p1b: Iron Bundle\n|-resisted|p1b: Iron Bundle\n|-damage|p1b: Iron Bundle|67\/100\n|move|p1b: Iron Bundle|Freeze-Dry|p2b: Palafin\n|-supereffective|p2b: Palafin\n|-damage|p2b: Palafin|0 fnt\n|faint|p2b: Palafin\n|move|p2a: Flutter Mane|Shadow Ball|p1b: Iron Bundle\n|-damage|p1b: Iron Bundle|0 fnt\n|faint|p1b: Iron Bundle\n|-end|p1b: Iron Bundle|Quark Drive|[silent]\n|move|p1a: Great Tusk|Headlong Rush|p2a: Flutter Mane\n|-damage|p2a: Flutter Mane|0 fnt\n|-unboost|p1a: Great Tusk|def|1\n|-unboost|p1a: Great Tusk|spd|1\n|faint|p2a: Flutter Mane\n|-end|p2a: Flutter Mane|Protosynthesis|[silent]\n|-damage|p1a: Great Tusk|0 fnt|[from] item: Life Orb\n|faint|p1a: Great Tusk\n|-end|p1a: Great Tusk|Protosynthesis|[silent]\n|\n|-sideend|p1: Fillocarletti|move: Tailwind\n|upkeep\n|\n|t:|1683151198\n|switch|p1a: Flutter Mane|Flutter Mane, L50|100\/100\n|switch|p2b: Chi-Yu|Chi-Yu, L50|100\/100\n|-ability|p2b: Chi-Yu|Beads of Ruin\n|turn|5\n|\n|t:|1683151217\n|move|p2b: Chi-Yu|Dark Pulse|p1a: Flutter Mane\n|-damage|p1a: Flutter Mane|43\/100\n|move|p1a: Flutter Mane|Moonblast|p2b: Chi-Yu\n|-damage|p2b: Chi-Yu|9\/100\n|\n|upkeep\n|turn|6\n|\n|t:|1683151226\n|move|p2b: Chi-Yu|Dark Pulse|p1a: Flutter Mane\n|-damage|p1a: Flutter Mane|0 fnt\n|faint|p1a: Flutter Mane\n|-end|p1a: Flutter Mane|Protosynthesis|[silent]\n|\n|win|Lionel1990ss\n|raw|Fillocarletti's rating: 1265 → 1237<\/strong> (-28 for losing)\n|raw|Lionel1990ss's rating: 1221 → 1249<\/strong> (+28 for winning)\n|l|\u2606Fillocarletti\n","uploadtime":1683151325,"views":5,"p1id":"fillocarletti","p2id":"lionel1990ss","formatid":"gen9vgc2023regulationc","rating":1237,"private":0,"password":""}