{"id":"gen9vgc2023regulationc-1857237755","p1":"19402u","p2":"MaxYoo","format":"[Gen 9] VGC 2023 Regulation C","log":"|j|\u260619402u\n|j|\u2606MaxYoo\n|t:|1683161851\n|gametype|doubles\n|player|p1|19402u|265|1484\n|player|p2|MaxYoo|2|1357\n|teamsize|p1|6\n|teamsize|p2|6\n|gen|9\n|tier|[Gen 9] VGC 2023 Regulation C\n|rated|\n|rule|Species Clause: Limit one of each Pok\u00e9mon\n|rule|Item Clause: Limit one of each item\n|clearpoke\n|poke|p1|Dragonite, L50, M|\n|poke|p1|Chi-Yu, L50|\n|poke|p1|Iron Bundle, L50|\n|poke|p1|Iron Hands, L50|\n|poke|p1|Amoonguss, L50, F|\n|poke|p1|Ting-Lu, L50|\n|poke|p2|Torkoal, L50, F|\n|poke|p2|Roaring Moon, L50|\n|poke|p2|Jumpluff, L50, F|\n|poke|p2|Flutter Mane, L50|\n|poke|p2|Iron Hands, L50|\n|poke|p2|Arcanine, L50, F|\n|teampreview|4\n19402u has agreed to open team sheets.\nMaxYoo has agreed to open team sheets.\n|\n|t:|1683161965\n|start\n|switch|p1a: Chi-Yu|Chi-Yu, L50|100\/100\n|switch|p1b: Iron Bundle|Iron Bundle, L50, shiny|100\/100\n|switch|p2a: Torkoal|Torkoal, L50, F|100\/100\n|switch|p2b: Flutter Mane|Flutter Mane, L50|100\/100\n|-ability|p1a: Chi-Yu|Beads of Ruin\n|-weather|SunnyDay|[from] ability: Drought|[of] p2a: Torkoal\n|-activate|p2b: Flutter Mane|ability: Protosynthesis\n|-start|p2b: Flutter Mane|protosynthesisspa\n|-enditem|p1b: Iron Bundle|Booster Energy\n|-activate|p1b: Iron Bundle|ability: Quark Drive|[fromitem]\n|-start|p1b: Iron Bundle|quarkdrivespe\n|turn|1\n|\n|t:|1683162001\n|move|p2a: Torkoal|Protect|p2a: Torkoal\n|-singleturn|p2a: Torkoal|Protect\n|move|p1b: Iron Bundle|Icy Wind|p2a: Torkoal|[spread] p2b\n|-activate|p2a: Torkoal|move: Protect\n|-damage|p2b: Flutter Mane|75\/100\n|-unboost|p2b: Flutter Mane|spe|1\n|move|p1a: Chi-Yu|Overheat|p2b: Flutter Mane\n|-damage|p2b: Flutter Mane|0 fnt\n|-unboost|p1a: Chi-Yu|spa|2\n|faint|p2b: Flutter Mane\n|-end|p2b: Flutter Mane|Protosynthesis|[silent]\n|\n|-weather|SunnyDay|[upkeep]\n|upkeep\n|\n|t:|1683162016\n|switch|p2b: Jumpluff|Jumpluff, L50, F|100\/100\n|turn|2\n|\n|t:|1683162030\n|move|p1b: Iron Bundle|Protect|p1b: Iron Bundle\n|-singleturn|p1b: Iron Bundle|Protect\n|move|p2b: Jumpluff|Tailwind|p2b: Jumpluff\n|-sidestart|p2: MaxYoo|move: Tailwind\n|move|p1a: Chi-Yu|Heat Wave|p2a: Torkoal|[spread] p2a,p2b\n|-resisted|p2a: Torkoal\n|-supereffective|p2b: Jumpluff\n|-damage|p2a: Torkoal|73\/100\n|-damage|p2b: Jumpluff|25\/100\n|move|p2a: Torkoal|Heat Wave|p1a: Chi-Yu|[spread] p1a\n|-activate|p1b: Iron Bundle|move: Protect\n|-resisted|p1a: Chi-Yu\n|-damage|p1a: Chi-Yu|71\/100\n|\n|-weather|SunnyDay|[upkeep]\n|upkeep\n|turn|3\n|\n|t:|1683162050\n|-end|p1b: Iron Bundle|Quark Drive|[silent]\n|switch|p1b: Ting-Lu|Ting-Lu, L50|100\/100\n|-ability|p1b: Ting-Lu|Vessel of Ruin\n|move|p2b: Jumpluff|Sleep Powder|p1b: Ting-Lu|[miss]\n|-miss|p2b: Jumpluff|p1b: Ting-Lu\n|move|p1a: Chi-Yu|Heat Wave|p2b: Jumpluff|[spread] p2a,p2b\n|-resisted|p2a: Torkoal\n|-supereffective|p2b: Jumpluff\n|-damage|p2a: Torkoal|53\/100\n|-damage|p2b: Jumpluff|0 fnt\n|faint|p2b: Jumpluff\n|move|p2a: Torkoal|Body Press|p1a: Chi-Yu\n|-supereffective|p1a: Chi-Yu\n|-damage|p1a: Chi-Yu|0 fnt\n|faint|p1a: Chi-Yu\n|\n|-weather|SunnyDay|[upkeep]\n|upkeep\n|\n|t:|1683162070\n|switch|p2b: Roaring Moon|Roaring Moon, L50|100\/100\n|switch|p1a: Iron Hands|Iron Hands, L50, shiny|100\/100\n|-activate|p2b: Roaring Moon|ability: Protosynthesis\n|-start|p2b: Roaring Moon|protosynthesisatk\n|turn|4\n|\n|t:|1683162079\n|move|p2b: Roaring Moon|Protect|p2b: Roaring Moon\n|-singleturn|p2b: Roaring Moon|Protect\n|move|p2a: Torkoal|Protect|p2a: Torkoal\n|-singleturn|p2a: Torkoal|Protect\n|move|p1a: Iron Hands|Fake Out|p2b: Roaring Moon\n|-activate|p2b: Roaring Moon|move: Protect\n|move|p1b: Ting-Lu|Stomping Tantrum|p2a: Torkoal\n|-activate|p2a: Torkoal|move: Protect\n|\n|-weather|SunnyDay|[upkeep]\n|upkeep\n|turn|5\n|\n|t:|1683162113\n|-terastallize|p2b: Roaring Moon|Ground\n|move|p2b: Roaring Moon|Rock Slide|p1a: Iron Hands|[spread] p1b\n|-miss|p2b: Roaring Moon|p1a: Iron Hands\n|-resisted|p1b: Ting-Lu\n|-damage|p1b: Ting-Lu|92\/100\n|move|p1a: Iron Hands|Drain Punch|p2b: Roaring Moon\n|-damage|p2b: Roaring Moon|46\/100\n|move|p2a: Torkoal|Heat Wave|p1b: Ting-Lu|[spread] p1a,p1b\n|-crit|p1b: Ting-Lu\n|-damage|p1a: Iron Hands|71\/100\n|-damage|p1b: Ting-Lu|66\/100\n|move|p1b: Ting-Lu|Stomping Tantrum|p2a: Torkoal\n|-supereffective|p2a: Torkoal\n|-damage|p2a: Torkoal|0 fnt\n|faint|p2a: Torkoal\n|\n|-weather|none\n|-end|p2b: Roaring Moon|Protosynthesis\n|-sideend|p2: MaxYoo|move: Tailwind\n|upkeep\n|turn|6\n|\n|t:|1683162133\n|move|p2b: Roaring Moon|Earthquake|p1b: Ting-Lu|[spread] p1a,p1b\n|-supereffective|p1a: Iron Hands\n|-damage|p1a: Iron Hands|17\/100\n|-damage|p1b: Ting-Lu|44\/100\n|move|p1a: Iron Hands|Drain Punch|p2b: Roaring Moon\n|-damage|p2b: Roaring Moon|0 fnt\n|-heal|p1a: Iron Hands|33\/100|[from] drain|[of] p2b: Roaring Moon\n|faint|p2b: Roaring Moon\n|-end|p2b: Roaring Moon|Protosynthesis|[silent]\n|\n|win|19402u\n|raw|19402u's rating: 1484 → 1497<\/strong> (+13 for winning)\n|raw|MaxYoo's rating: 1357 → 1344<\/strong> (-13 for losing)\n","uploadtime":1683162139,"views":10,"p1id":"19402u","p2id":"maxyoo","formatid":"gen9vgc2023regulationc","rating":1344,"private":0,"password":""}