{"id":"gen9vgc2023regulationc-1862230086","p1":"ivanthrash","p2":"SorcererBadgerTG","format":"[Gen 9] VGC 2023 Regulation C","log":"|j|\u2606ivanthrash\n|j|\u2606SorcererBadgerTG\n|t:|1683852398\n|gametype|doubles\n|player|p1|ivanthrash|102|1195\n|player|p2|SorcererBadgerTG|1|1133\n|teamsize|p1|6\n|teamsize|p2|6\n|gen|9\n|tier|[Gen 9] VGC 2023 Regulation C\n|rated|\n|rule|Species Clause: Limit one of each Pok\u00e9mon\n|rule|Item Clause: Limit one of each item\n|clearpoke\n|poke|p1|Gyarados, L50, M|\n|poke|p1|Orthworm, L50, F|\n|poke|p1|Rotom-Wash, L50|\n|poke|p1|Amoonguss, L50, M|\n|poke|p1|Chi-Yu, L50|\n|poke|p1|Volcarona, L50, M|\n|poke|p2|Murkrow, L50, F|\n|poke|p2|Flutter Mane, L50|\n|poke|p2|Chien-Pao, L50|\n|poke|p2|Baxcalibur, L50, M|\n|poke|p2|Kingambit, L50, M|\n|poke|p2|Gholdengo, L50|\n|teampreview|4\n|\n|t:|1683852449\n|start\n|switch|p1a: Orthworm|Orthworm, L50, F|100\/100\n|switch|p1b: Chi-Yu|Chi-Yu, L50|100\/100\n|switch|p2a: Hiii-Power|Baxcalibur, L50, M|100\/100\n|switch|p2b: Ice Cat|Chien-Pao, L50|100\/100\n|-ability|p2b: Ice Cat|Sword of Ruin\n|-ability|p1b: Chi-Yu|Beads of Ruin\n|turn|1\n|\n|t:|1683852477\n|switch|p1b: Volcarona|Volcarona, L50, M|100\/100\n|-terastallize|p2b: Ice Cat|Ghost\n|-terastallize|p1a: Orthworm|Fire\n|move|p2b: Ice Cat|Taunt|p1a: Orthworm\n|-start|p1a: Orthworm|move: Taunt\n|move|p2a: Hiii-Power|Glaive Rush|p1b: Volcarona\n|-damage|p1b: Volcarona|10\/100\n|-singlemove|p2a: Hiii-Power|Glaive Rush|[silent]\n|cant|p1a: Orthworm|move: Taunt|Iron Defense\n|\n|-heal|p1b: Volcarona|16\/100|[from] item: Leftovers\n|upkeep\n|turn|2\n|\n|t:|1683852502\n|move|p1b: Volcarona|Protect|p1b: Volcarona\n|-singleturn|p1b: Volcarona|Protect\n|move|p2b: Ice Cat|Sucker Punch|p1a: Orthworm\n|-damage|p1a: Orthworm|67\/100\n|move|p2a: Hiii-Power|Ice Shard|p1b: Volcarona\n|-activate|p1b: Volcarona|move: Protect\n|move|p1a: Orthworm|Body Press|p2a: Hiii-Power\n|-supereffective|p2a: Hiii-Power\n|-damage|p2a: Hiii-Power|46\/100\n|\n|-heal|p1b: Volcarona|22\/100|[from] item: Leftovers\n|upkeep\n|turn|3\n|\n|t:|1683852526\n|switch|p1b: Chi-Yu|Chi-Yu, L50|100\/100\n|-ability|p1b: Chi-Yu|Beads of Ruin\n|move|p2b: Ice Cat|Sucker Punch|p1a: Orthworm\n|-damage|p1a: Orthworm|36\/100\n|-enditem|p1a: Orthworm|Sitrus Berry|[eat]\n|-heal|p1a: Orthworm|60\/100|[from] item: Sitrus Berry\n|move|p2a: Hiii-Power|Ice Shard|p1b: Chi-Yu\n|-resisted|p1b: Chi-Yu\n|-crit|p1b: Chi-Yu\n|-damage|p1b: Chi-Yu|67\/100\n|move|p1a: Orthworm|Body Press|p2a: Hiii-Power\n|-supereffective|p2a: Hiii-Power\n|-damage|p2a: Hiii-Power|0 fnt\n|faint|p2a: Hiii-Power\n|\n|-end|p1a: Orthworm|move: Taunt\n|upkeep\n|\n|t:|1683852551\n|switch|p2a: Thorkell|Kingambit, L50, M|100\/100\n|turn|4\n|\n|t:|1683852582\n|switch|p1b: Rotom|Rotom-Wash, L50|100\/100\n|move|p2a: Thorkell|Protect|p2a: Thorkell\n|-singleturn|p2a: Thorkell|Protect\n|move|p2b: Ice Cat|Taunt|p1a: Orthworm\n|-start|p1a: Orthworm|move: Taunt\n|cant|p1a: Orthworm|move: Taunt|Shed Tail\n|\n|upkeep\n|turn|5\n|\n|t:|1683852604\n|move|p2b: Ice Cat|Taunt|p1b: Rotom\n|-start|p1b: Rotom|move: Taunt\n|cant|p1b: Rotom|move: Taunt|Will-O-Wisp\n|move|p1a: Orthworm|Body Press|p2a: Thorkell\n|-supereffective|p2a: Thorkell\n|-damage|p2a: Thorkell|0 fnt\n|faint|p2a: Thorkell\n|\n|upkeep\n|\n|t:|1683852610\n|switch|p2a: STAR PLATINUM|Flutter Mane, L50|100\/100\n|turn|6\n|\n|t:|1683852643\n|move|p2b: Ice Cat|Sucker Punch|p1a: Orthworm\n|-damage|p1a: Orthworm|24\/100\n|move|p2a: STAR PLATINUM|Dazzling Gleam|p1b: Rotom|[spread] p1a,p1b\n|-resisted|p1a: Orthworm\n|-damage|p1a: Orthworm|0 fnt\n|-damage|p1b: Rotom|51\/100\n|faint|p1a: Orthworm\n|move|p1b: Rotom|Thunderbolt|p2b: Ice Cat\n|-damage|p2b: Ice Cat|41\/100\n|\n|upkeep\n|\n|t:|1683852660\n|switch|p1a: Chi-Yu|Chi-Yu, L50|67\/100\n|-ability|p1a: Chi-Yu|Beads of Ruin\n|turn|7\n|\n|t:|1683852681\n|move|p2b: Ice Cat|Sucker Punch|p1a: Chi-Yu\n|-resisted|p1a: Chi-Yu\n|-damage|p1a: Chi-Yu|38\/100\n|move|p1a: Chi-Yu|Heat Wave|p2a: STAR PLATINUM|[spread] p2b\n|-miss|p1a: Chi-Yu|p2a: STAR PLATINUM\n|-damage|p2b: Ice Cat|0 fnt\n|faint|p2b: Ice Cat\n|move|p2a: STAR PLATINUM|Dazzling Gleam|p1a: Chi-Yu|[spread] p1a,p1b\n|-damage|p1a: Chi-Yu|0 fnt\n|-damage|p1b: Rotom|0 fnt\n|faint|p1a: Chi-Yu\n|faint|p1b: Rotom\n|\n|upkeep\n|\n|t:|1683852712\n|switch|p1b: Volcarona|Volcarona, L50, M|22\/100\n|turn|8\n|\n|t:|1683852716\n|move|p2a: STAR PLATINUM|Dazzling Gleam|p1b: Volcarona\n|-resisted|p1b: Volcarona\n|-damage|p1b: Volcarona|0 fnt\n|faint|p1b: Volcarona\n|\n|win|SorcererBadgerTG\n|raw|ivanthrash's rating: 1195 → 1166<\/strong> (-29 for losing)\n|raw|SorcererBadgerTG's rating: 1133 → 1162<\/strong> (+29 for winning)\n|l|\u2606ivanthrash\n","uploadtime":1683852728,"views":8,"p1id":"ivanthrash","p2id":"sorcererbadgertg","formatid":"gen9vgc2023regulationc","rating":1162,"private":0,"password":""}