{"id":"gen9vgc2023regulationc-1862110974","p1":"MrZiuken","p2":"IeroTenparansu","format":"[Gen 9] VGC 2023 Regulation C","log":"|j|\u2606MrZiuken\n|j|\u2606IeroTenparansu\n|t:|1683838076\n|gametype|doubles\n|player|p1|MrZiuken|wally|1314\n|player|p2|IeroTenparansu|madame-gen4dp|1320\n|teamsize|p1|6\n|teamsize|p2|6\n|gen|9\n|tier|[Gen 9] VGC 2023 Regulation C\n|rated|\n|rule|Species Clause: Limit one of each Pok\u00e9mon\n|rule|Item Clause: Limit one of each item\n|clearpoke\n|poke|p1|Annihilape, L50, F|\n|poke|p1|Maushold, L50|\n|poke|p1|Iron Bundle, L50|\n|poke|p1|Dragonite, L50, M|\n|poke|p1|Flutter Mane, L50|\n|poke|p1|Chi-Yu, L50|\n|poke|p2|Dondozo, L50, M|\n|poke|p2|Tatsugiri, L50, F|\n|poke|p2|Chi-Yu, L50|\n|poke|p2|Iron Bundle, L50|\n|poke|p2|Flutter Mane, L50|\n|poke|p2|Glimmora, L50, M|\n|teampreview|4\n|j| Nigeriane 4TW\nMrZiuken has agreed to open team sheets.\nIeroTenparansu has agreed to open team sheets.\n|\n|t:|1683838224\n|start\n|switch|p1a: Flutter Mane|Flutter Mane, L50|100\/100\n|switch|p1b: Chi-Yu|Chi-Yu, L50|100\/100\n|switch|p2a: Chi-Yu|Chi-Yu, L50|100\/100\n|switch|p2b: Glimmora|Glimmora, L50, M, shiny|100\/100\n|-ability|p1b: Chi-Yu|Beads of Ruin\n|-ability|p2a: Chi-Yu|Beads of Ruin\n|turn|1\n|\n|t:|1683838275\n|move|p2a: Chi-Yu|Protect|p2a: Chi-Yu\n|-singleturn|p2a: Chi-Yu|Protect\n|move|p1b: Chi-Yu|Heat Wave|p2b: Glimmora|[spread] p2b\n|-activate|p2a: Chi-Yu|move: Protect\n|-resisted|p2b: Glimmora\n|-damage|p2b: Glimmora|83\/100\n|move|p1a: Flutter Mane|Moonblast|p2a: Chi-Yu\n|-activate|p2a: Chi-Yu|move: Protect\n|move|p2b: Glimmora|Power Gem|p1b: Chi-Yu\n|-supereffective|p1b: Chi-Yu\n|-damage|p1b: Chi-Yu|23\/100\n|\n|upkeep\n|turn|2\n|\n|t:|1683838296\n|move|p1b: Chi-Yu|Heat Wave|p2a: Chi-Yu|[spread] p2a,p2b\n|-resisted|p2a: Chi-Yu\n|-resisted|p2b: Glimmora\n|-damage|p2a: Chi-Yu|78\/100\n|-damage|p2b: Glimmora|64\/100\n|move|p1a: Flutter Mane|Moonblast|p2a: Chi-Yu\n|-damage|p2a: Chi-Yu|20\/100\n|move|p2a: Chi-Yu|Dark Pulse|p1a: Flutter Mane\n|-damage|p1a: Flutter Mane|38\/100\n|move|p2b: Glimmora|Mortal Spin|p1b: Chi-Yu|[spread] p1a,p1b\n|-damage|p1a: Flutter Mane|29\/100\n|-damage|p1b: Chi-Yu|17\/100\n|-status|p1a: Flutter Mane|psn\n|-status|p1b: Chi-Yu|psn\n|\n|-damage|p1b: Chi-Yu|5\/100 psn|[from] psn\n|-damage|p1a: Flutter Mane|17\/100 psn|[from] psn\n|upkeep\n|turn|3\n|\n|t:|1683838317\n|move|p2a: Chi-Yu|Protect|p2a: Chi-Yu\n|-singleturn|p2a: Chi-Yu|Protect\n|move|p1b: Chi-Yu|Heat Wave|p2a: Chi-Yu|[spread] p2b\n|-activate|p2a: Chi-Yu|move: Protect\n|-resisted|p2b: Glimmora\n|-damage|p2b: Glimmora|45\/100\n|-status|p2b: Glimmora|brn\n|move|p1a: Flutter Mane|Shadow Ball|p2b: Glimmora\n|-crit|p2b: Glimmora\n|-damage|p2b: Glimmora|0 fnt\n|faint|p2b: Glimmora\n|\n|-damage|p1b: Chi-Yu|0 fnt|[from] psn\n|faint|p1b: Chi-Yu\n|-damage|p1a: Flutter Mane|4\/100 psn|[from] psn\n|upkeep\n|\n|t:|1683838332\n|switch|p1b: Iron Bundle|Iron Bundle, L50|100\/100\n|switch|p2b: Dondozo|Dondozo, L50, M|100\/100\n|-enditem|p1b: Iron Bundle|Booster Energy\n|-activate|p1b: Iron Bundle|ability: Quark Drive|[fromitem]\n|-start|p1b: Iron Bundle|quarkdrivespe\n|turn|4\n|\n|t:|1683838371\n|move|p2b: Dondozo|Protect|p2b: Dondozo\n|-singleturn|p2b: Dondozo|Protect\n|move|p1b: Iron Bundle|Freeze-Dry|p2b: Dondozo\n|-activate|p2b: Dondozo|move: Protect\n|move|p1a: Flutter Mane|Dazzling Gleam|p2a: Chi-Yu|[spread] p2a\n|-activate|p2b: Dondozo|move: Protect\n|-damage|p2a: Chi-Yu|0 fnt\n|faint|p2a: Chi-Yu\n|\n|-damage|p1a: Flutter Mane|0 fnt|[from] psn\n|faint|p1a: Flutter Mane\n|-end|p1a: Flutter Mane|Protosynthesis|[silent]\n|upkeep\n|\n|t:|1683838384\n|switch|p1a: Maushold|Maushold, L50|100\/100\n|switch|p2a: Tatsugiri|Tatsugiri, L50, F|100\/100\n|-activate|p2a: Tatsugiri|ability: Commander|[of] p2b: Dondozo\n|-boost|p2b: Dondozo|atk|2\n|-boost|p2b: Dondozo|spa|2\n|-boost|p2b: Dondozo|spe|2\n|-boost|p2b: Dondozo|def|2\n|-boost|p2b: Dondozo|spd|2\n|turn|5\n|\n|t:|1683838414\n|-terastallize|p2b: Dondozo|Grass\n|move|p1b: Iron Bundle|Protect|p1b: Iron Bundle\n|-singleturn|p1b: Iron Bundle|Protect\n|move|p1a: Maushold|Protect|p1a: Maushold\n|-singleturn|p1a: Maushold|Protect\n|move|p2b: Dondozo|Earthquake|p1b: Iron Bundle|[spread] \n|-miss|p2b: Dondozo|p2a: Tatsugiri\n|-activate|p1a: Maushold|move: Protect\n|-activate|p1b: Iron Bundle|move: Protect\n|\n|upkeep\n|turn|6\n|\n|t:|1683838432\n|move|p1a: Maushold|Helping Hand|p1b: Iron Bundle\n|-singleturn|p1b: Iron Bundle|Helping Hand|[of] p1a: Maushold\n|move|p1b: Iron Bundle|Freeze-Dry|p2b: Dondozo\n|-supereffective|p2b: Dondozo\n|-damage|p2b: Dondozo|54\/100\n|move|p2b: Dondozo|Earthquake|p1a: Maushold|[spread] p1a,p1b\n|-miss|p2b: Dondozo|p2a: Tatsugiri\n|-damage|p1a: Maushold|54\/100\n|-damage|p1b: Iron Bundle|64\/100\n|\n|-heal|p2b: Dondozo|61\/100|[from] item: Leftovers\n|upkeep\n|turn|7\n|\n|t:|1683838463\n|move|p1a: Maushold|Helping Hand|p1b: Iron Bundle\n|-singleturn|p1b: Iron Bundle|Helping Hand|[of] p1a: Maushold\n|move|p2b: Dondozo|Protect|p2b: Dondozo\n|-singleturn|p2b: Dondozo|Protect\n|move|p1b: Iron Bundle|Freeze-Dry|p2b: Dondozo\n|-activate|p2b: Dondozo|move: Protect\n|\n|-heal|p2b: Dondozo|67\/100|[from] item: Leftovers\n|upkeep\n|turn|8\n|\n|t:|1683838476\n|move|p1a: Maushold|Helping Hand|p1b: Iron Bundle\n|-singleturn|p1b: Iron Bundle|Helping Hand|[of] p1a: Maushold\n|move|p1b: Iron Bundle|Freeze-Dry|p2b: Dondozo\n|-supereffective|p2b: Dondozo\n|-damage|p2b: Dondozo|24\/100\n|move|p2b: Dondozo|Earthquake|p1a: Maushold|[spread] p1a,p1b\n|-miss|p2b: Dondozo|p2a: Tatsugiri\n|-damage|p1a: Maushold|2\/100\n|-damage|p1b: Iron Bundle|28\/100\n|\n|-heal|p2b: Dondozo|31\/100|[from] item: Leftovers\n|upkeep\n|turn|9\n|\n|t:|1683838490\n|move|p1a: Maushold|Helping Hand|p1b: Iron Bundle\n|-singleturn|p1b: Iron Bundle|Helping Hand|[of] p1a: Maushold\n|move|p2b: Dondozo|Protect|p2b: Dondozo\n|-singleturn|p2b: Dondozo|Protect\n|move|p1b: Iron Bundle|Freeze-Dry|p2b: Dondozo\n|-activate|p2b: Dondozo|move: Protect\n|\n|-heal|p2b: Dondozo|37\/100|[from] item: Leftovers\n|upkeep\n|turn|10\n|\n|t:|1683838516\n|move|p1a: Maushold|Helping Hand|p1b: Iron Bundle\n|-singleturn|p1b: Iron Bundle|Helping Hand|[of] p1a: Maushold\n|move|p1b: Iron Bundle|Freeze-Dry|p2b: Dondozo\n|-supereffective|p2b: Dondozo\n|-damage|p2b: Dondozo|0 fnt\n|faint|p2b: Dondozo\n|\n|upkeep\n|turn|11\n|\n|t:|1683838532\n|move|p1a: Maushold|Follow Me|p1a: Maushold\n|-singleturn|p1a: Maushold|move: Follow Me\n|move|p1b: Iron Bundle|Freeze-Dry|p2a: Tatsugiri\n|-supereffective|p2a: Tatsugiri\n|-damage|p2a: Tatsugiri|0 fnt\n|faint|p2a: Tatsugiri\n|\n|win|MrZiuken\n|raw|MrZiuken's rating: 1314 → 1334<\/strong> (+20 for winning)\n|raw|IeroTenparansu's rating: 1320 → 1300<\/strong> (-20 for losing)\n","uploadtime":1683838538,"views":8,"p1id":"mrziuken","p2id":"ierotenparansu","formatid":"gen9vgc2023regulationc","rating":1300,"private":0,"password":""}