{"id":"gen9vgc2023regulationc-1859825904","p1":"horsseeeeeeaaaa","p2":"Pokemonst3r","format":"[Gen 9] VGC 2023 Regulation C","log":"|j|\u2606horsseeeeeeaaaa\n|j|\u2606Pokemonst3r\n|t:|1683567731\n|gametype|doubles\n|player|p1|horsseeeeeeaaaa|cynthia-gen4|1518\n|player|p2|Pokemonst3r|red|1513\n|teamsize|p1|6\n|teamsize|p2|6\n|gen|9\n|tier|[Gen 9] VGC 2023 Regulation C\n|rated|\n|rule|Species Clause: Limit one of each Pok\u00e9mon\n|rule|Item Clause: Limit one of each item\n|clearpoke\n|poke|p1|Chien-Pao, L50|\n|poke|p1|Amoonguss, L50, F|\n|poke|p1|Flutter Mane, L50|\n|poke|p1|Palafin, L50, M|\n|poke|p1|Arcanine, L50, F|\n|poke|p1|Dragonite, L50, F|\n|poke|p2|Ting-Lu, L50|\n|poke|p2|Corviknight, L50, M|\n|poke|p2|Annihilape, L50, F|\n|poke|p2|Grimmsnarl, L50, M|\n|poke|p2|Iron Moth, L50|\n|poke|p2|Gholdengo, L50|\n|teampreview|4\n|inactive|Battle timer is ON: inactive players will automatically lose when time's up. (requested by Pokemonst3r)\n|inactive|horsseeeeeeaaaa has 60 seconds left.\n|\n|t:|1683567761\n|start\n|switch|p1a: Amoonguss|Amoonguss, L50, F, shiny|100\/100\n|switch|p1b: Palafin|Palafin, L50, M|100\/100\n|switch|p2a: Iron Moth|Iron Moth, L50|100\/100\n|switch|p2b: Grimmsnarl|Grimmsnarl, L50, M|100\/100\n|-enditem|p2a: Iron Moth|Booster Energy\n|-activate|p2a: Iron Moth|ability: Quark Drive|[fromitem]\n|-start|p2a: Iron Moth|quarkdrivespe\n|turn|1\n|\n|t:|1683567775\n|detailschange|p1b: Palafin|Palafin-Hero, L50, M\n|switch|p1b: Arcanine|Arcanine, L50, F, shiny|100\/100\n|-ability|p1b: Arcanine|Intimidate|boost\n|-unboost|p2a: Iron Moth|atk|1\n|-unboost|p2b: Grimmsnarl|atk|1\n|move|p2a: Iron Moth|Protect|p2a: Iron Moth\n|-singleturn|p2a: Iron Moth|Protect\n|move|p1a: Amoonguss|Protect|p1a: Amoonguss\n|-singleturn|p1a: Amoonguss|Protect\n|move|p2b: Grimmsnarl|Fake Out|p1a: Amoonguss\n|-activate|p1a: Amoonguss|move: Protect\n|\n|upkeep\n|turn|2\n|inactive|horsseeeeeeaaaa has 30 seconds left.\n|j| EnrolledAgent\n|inactive|horsseeeeeeaaaa has 20 seconds left.\n|\n|t:|1683567812\n|switch|p1a: Palafin|Palafin-Hero, L50, M|100\/100\n|-activate|p1a: Palafin|ability: Zero to Hero\n|move|p2b: Grimmsnarl|Reflect|p2b: Grimmsnarl\n|-sidestart|p2: Pokemonst3r|Reflect\n|move|p2a: Iron Moth|Fiery Dance|p1a: Palafin\n|-resisted|p1a: Palafin\n|-damage|p1a: Palafin|82\/100\n|-boost|p2a: Iron Moth|spa|1\n|move|p1b: Arcanine|Will-O-Wisp|p2b: Grimmsnarl\n|-status|p2b: Grimmsnarl|brn\n|\n|-damage|p2b: Grimmsnarl|95\/100 brn|[from] brn\n|upkeep\n|turn|3\n|inactive|Pokemonst3r has 30 seconds left.\n|\n|t:|1683567838\n|-terastallize|p2a: Iron Moth|Grass\n|move|p1a: Palafin|Protect|p1a: Palafin\n|-singleturn|p1a: Palafin|Protect\n|move|p2a: Iron Moth|Energy Ball|p1a: Palafin\n|-activate|p1a: Palafin|move: Protect\n|move|p1b: Arcanine|Snarl|p2b: Grimmsnarl|[spread] p2a,p2b\n|-resisted|p2b: Grimmsnarl\n|-damage|p2a: Iron Moth|92\/100\n|-damage|p2b: Grimmsnarl|93\/100 brn\n|-unboost|p2a: Iron Moth|spa|1\n|-unboost|p2b: Grimmsnarl|spa|1\n|move|p2b: Grimmsnarl|Spirit Break|p1b: Arcanine\n|-resisted|p1b: Arcanine\n|-damage|p1b: Arcanine|95\/100\n|-unboost|p1b: Arcanine|spa|1\n|\n|-damage|p2b: Grimmsnarl|87\/100 brn|[from] brn\n|upkeep\n|turn|4\n|inactive|horsseeeeeeaaaa has 30 seconds left.\n|\n|t:|1683567865\n|switch|p1a: Amoonguss|Amoonguss, L50, F, shiny|100\/100\n|switch|p2b: Corviknight|Corviknight, L50, M|100\/100\n|move|p2a: Iron Moth|Sludge Wave|p1a: Amoonguss|[spread] p1a,p1b\n|-immune|p2b: Corviknight\n|-damage|p1a: Amoonguss|73\/100\n|-damage|p1b: Arcanine|57\/100\n|move|p1b: Arcanine|Flare Blitz|p2a: Iron Moth\n|-supereffective|p2a: Iron Moth\n|-damage|p2a: Iron Moth|0 fnt\n|faint|p2a: Iron Moth\n|-end|p2a: Iron Moth|Quark Drive|[silent]\n|-damage|p1b: Arcanine|31\/100|[from] Recoil\n|\n|upkeep\n|inactive|Pokemonst3r has 30 seconds left.\n|\n|t:|1683567891\n|switch|p2a: Grimmsnarl|Grimmsnarl, L50, M|87\/100 brn\n|turn|5\n|\n|t:|1683567899\n|switch|p1a: Palafin|Palafin-Hero, L50, M|82\/100\n|move|p2a: Grimmsnarl|Fake Out|p1a: Palafin\n|-damage|p1a: Palafin|76\/100\n|move|p1b: Arcanine|Will-O-Wisp|p2b: Corviknight\n|-status|p2b: Corviknight|brn\n|-enditem|p2b: Corviknight|Lum Berry|[eat]\n|-curestatus|p2b: Corviknight|brn|[msg]\n|move|p2b: Corviknight|Brave Bird|p1b: Arcanine\n|-crit|p1b: Arcanine\n|-damage|p1b: Arcanine|0 fnt\n|faint|p1b: Arcanine\n|-damage|p2b: Corviknight|91\/100|[from] Recoil\n|\n|-damage|p2a: Grimmsnarl|81\/100 brn|[from] brn\n|upkeep\n|\n|t:|1683567913\n|switch|p1b: Amoonguss|Amoonguss, L50, F, shiny|100\/100\n|turn|6\n|\n|t:|1683567934\n|switch|p2a: Annihilape|Annihilape, L50, F|100\/100\n|switch|p1b: Chien-Pao|Chien-Pao, L50|100\/100\n|-ability|p1b: Chien-Pao|Sword of Ruin\n|-terastallize|p1a: Palafin|Water\n|move|p1a: Palafin|Wave Crash|p2b: Corviknight\n|-damage|p2b: Corviknight|6\/100\n|-damage|p1a: Palafin|49\/100|[from] Recoil\n|move|p2b: Corviknight|Brave Bird|p1b: Chien-Pao\n|-damage|p1b: Chien-Pao|50\/100\n|-damage|p2b: Corviknight|0 fnt|[from] Recoil\n|faint|p2b: Corviknight\n|\n|upkeep\n|\n|t:|1683567949\n|switch|p2b: Grimmsnarl|Grimmsnarl, L50, M|81\/100 brn\n|turn|7\n|\n|t:|1683567956\n|switch|p1b: Amoonguss|Amoonguss, L50, F, shiny|100\/100\n|move|p1a: Palafin|Protect|p1a: Palafin\n|-singleturn|p1a: Palafin|Protect\n|move|p2b: Grimmsnarl|Fake Out|p1b: Amoonguss\n|-damage|p1b: Amoonguss|95\/100\n|move|p2a: Annihilape|Bulk Up|p2a: Annihilape\n|-boost|p2a: Annihilape|atk|1\n|-boost|p2a: Annihilape|def|1\n|\n|-damage|p2b: Grimmsnarl|75\/100 brn|[from] brn\n|upkeep\n|turn|8\n|\n|t:|1683567977\n|move|p1b: Amoonguss|Rage Powder|p1b: Amoonguss\n|-singleturn|p1b: Amoonguss|move: Rage Powder\n|move|p2b: Grimmsnarl|Light Screen|p2b: Grimmsnarl\n|-sidestart|p2: Pokemonst3r|move: Light Screen\n|move|p1a: Palafin|Wave Crash|p2a: Annihilape\n|-damage|p2a: Annihilape|43\/100\n|-enditem|p2a: Annihilape|Sitrus Berry|[eat]\n|-heal|p2a: Annihilape|68\/100|[from] item: Sitrus Berry\n|-damage|p1a: Palafin|29\/100|[from] Recoil\n|move|p2a: Annihilape|Rage Fist|p1b: Amoonguss\n|-damage|p1b: Amoonguss|35\/100\n|-enditem|p1b: Amoonguss|Sitrus Berry|[eat]\n|-heal|p1b: Amoonguss|60\/100|[from] item: Sitrus Berry\n|\n|-damage|p2b: Grimmsnarl|69\/100 brn|[from] brn\n|upkeep\n|turn|9\n|\n|t:|1683568001\n|move|p1b: Amoonguss|Rage Powder|p1b: Amoonguss\n|-singleturn|p1b: Amoonguss|move: Rage Powder\n|move|p1a: Palafin|Wave Crash|p2a: Annihilape\n|-damage|p2a: Annihilape|19\/100\n|-damage|p1a: Palafin|12\/100|[from] Recoil\n|move|p2a: Annihilape|Rage Fist|p1b: Amoonguss\n|-damage|p1b: Amoonguss|0 fnt\n|faint|p1b: Amoonguss\n|move|p2b: Grimmsnarl|Spirit Break|p1a: Palafin\n|-damage|p1a: Palafin|0 fnt\n|faint|p1a: Palafin\n|\n|-damage|p2b: Grimmsnarl|63\/100 brn|[from] brn\n|-sideend|p2: Pokemonst3r|Reflect\n|upkeep\n|\n|t:|1683568022\n|switch|p1b: Chien-Pao|Chien-Pao, L50|50\/100\n|-ability|p1b: Chien-Pao|Sword of Ruin\n|turn|10\n|\n|t:|1683568032\n|move|p2a: Annihilape|Protect|p2a: Annihilape\n|-singleturn|p2a: Annihilape|Protect\n|move|p2b: Grimmsnarl|Reflect|p2b: Grimmsnarl\n|-sidestart|p2: Pokemonst3r|Reflect\n|move|p1b: Chien-Pao|Ice Spinner|p2b: Grimmsnarl\n|-damage|p2b: Grimmsnarl|20\/100 brn\n|-damage|p1b: Chien-Pao|40\/100|[from] item: Life Orb\n|\n|-damage|p2b: Grimmsnarl|14\/100 brn|[from] brn\n|upkeep\n|turn|11\n|inactive|horsseeeeeeaaaa has 30 seconds left.\n|\n|t:|1683568060\n|move|p1b: Chien-Pao|Throat Chop|p2a: Annihilape\n|-damage|p2a: Annihilape|0 fnt\n|faint|p2a: Annihilape\n|-damage|p1b: Chien-Pao|31\/100|[from] item: Life Orb\n|move|p2b: Grimmsnarl|Spirit Break|p1b: Chien-Pao\n|-supereffective|p1b: Chien-Pao\n|-damage|p1b: Chien-Pao|0 fnt\n|faint|p1b: Chien-Pao\n|\n|win|Pokemonst3r\n|raw|horsseeeeeeaaaa's rating: 1518 → 1498<\/strong> (-20 for losing)\n|raw|Pokemonst3r's rating: 1513 → 1533<\/strong> (+20 for winning)\n|l|\u2606Pokemonst3r\n|l|\u2606horsseeeeeeaaaa\n","uploadtime":1683568112,"views":14,"p1id":"horsseeeeeeaaaa","p2id":"pokemonst3r","formatid":"gen9vgc2023regulationc","rating":1498,"private":0,"password":""}