{"id":"gen9vgc2023regulationc-1845979477","p1":"gora91098","p2":"Mashu2021","format":"[Gen 9] VGC 2023 Regulation C","log":"|j|\u2606gora91098\n|j|\u2606Mashu2021\n|t:|1681786621\n|gametype|doubles\n|player|p1|gora91098|266|1212\n|player|p2|Mashu2021|cynthia-gen4|1248\n|teamsize|p1|6\n|teamsize|p2|6\n|gen|9\n|tier|[Gen 9] VGC 2023 Regulation C\n|rated|\n|rule|Species Clause: Limit one of each Pok\u00e9mon\n|rule|Item Clause: Limit one of each item\n|clearpoke\n|poke|p1|Garchomp, L50, M|\n|poke|p1|Gyarados, L50, F|\n|poke|p1|Amoonguss, L50, M|\n|poke|p1|Corviknight, L50, M|\n|poke|p1|Chien-Pao, L50|\n|poke|p1|Flutter Mane, L50|\n|poke|p2|Orthworm, L50, F|\n|poke|p2|Ting-Lu, L50|\n|poke|p2|Gyarados, L50, M|\n|poke|p2|Dragonite, L50, F|\n|poke|p2|Iron Bundle, L50|\n|poke|p2|Flutter Mane, L50|\n|teampreview|4\n|inactive|Battle timer is ON: inactive players will automatically lose when time's up. (requested by Mashu2021)\n|\n|t:|1681786674\n|start\n|switch|p1a: Corviknight|Corviknight, L50, M|100\/100\n|switch|p1b: Chien-Pao|Chien-Pao, L50|100\/100\n|switch|p2a: Orthworm|Orthworm, L50, F|100\/100\n|switch|p2b: Ting-Lu|Ting-Lu, L50|100\/100\n|-ability|p1b: Chien-Pao|Sword of Ruin\n|-ability|p2b: Ting-Lu|Vessel of Ruin\n|turn|1\n|inactive|gora91098 has 30 seconds left.\n|inactive|Mashu2021 has 30 seconds left.\n|inactive|gora91098 has 20 seconds left.\n|inactive|Mashu2021 has 20 seconds left.\n|\n|t:|1681786713\n|move|p1b: Chien-Pao|Protect|p1b: Chien-Pao\n|-singleturn|p1b: Chien-Pao|Protect\n|move|p1a: Corviknight|Tailwind|p1a: Corviknight\n|-sidestart|p1: gora91098|move: Tailwind\n|move|p2a: Orthworm|Body Press|p1b: Chien-Pao\n|-activate|p1b: Chien-Pao|move: Protect\n|move|p2b: Ting-Lu|Heavy Slam|p1b: Chien-Pao\n|-activate|p1b: Chien-Pao|move: Protect\n|\n|upkeep\n|turn|2\n|\n|t:|1681786734\n|-terastallize|p2a: Orthworm|Fire\n|move|p1b: Chien-Pao|Sacred Sword|p2a: Orthworm\n|-damage|p2a: Orthworm|74\/100\n|move|p1a: Corviknight|U-turn|p2b: Ting-Lu\n|-supereffective|p2b: Ting-Lu\n|-damage|p2b: Ting-Lu|56\/100\n|-damage|p1a: Corviknight|91\/100|[from] item: Life Orb\n|\n|t:|1681786748\n|switch|p1a: Amoonguss|Amoonguss, L50, M|100\/100|[from] U-turn\n|move|p2a: Orthworm|Heavy Slam|p1b: Chien-Pao\n|-supereffective|p1b: Chien-Pao\n|-damage|p1b: Chien-Pao|46\/100\n|move|p2b: Ting-Lu|Earthquake|p1a: Amoonguss|[spread] p1a,p1b\n|-heal|p2a: Orthworm|99\/100|[from] ability: Earth Eater|[of] p2b: Ting-Lu\n|-damage|p1a: Amoonguss|63\/100\n|-damage|p1b: Chien-Pao|0 fnt\n|faint|p1b: Chien-Pao\n|\n|upkeep\n|\n|t:|1681786768\n|switch|p1b: Flutter Mane|Flutter Mane, L50|100\/100\n|-enditem|p1b: Flutter Mane|Booster Energy\n|-activate|p1b: Flutter Mane|ability: Protosynthesis|[fromitem]\n|-start|p1b: Flutter Mane|protosynthesisspa\n|turn|3\n|inactive|gora91098 has 30 seconds left.\n|inactive|gora91098 has 20 seconds left.\n|inactive|gora91098 has 15 seconds left.\n|inactive|gora91098 has 10 seconds left.\n|inactive|gora91098 has 5 seconds left.\n|\n|t:|1681786822\n|move|p1b: Flutter Mane|Protect|p1b: Flutter Mane\n|-singleturn|p1b: Flutter Mane|Protect\n|move|p1a: Amoonguss|Spore|p2b: Ting-Lu\n|-status|p2b: Ting-Lu|slp|[from] move: Spore\n|move|p2a: Orthworm|Heavy Slam|p1b: Flutter Mane\n|-activate|p1b: Flutter Mane|move: Protect\n|cant|p2b: Ting-Lu|slp\n|\n|upkeep\n|turn|4\n|inactive|gora91098 has 30 seconds left.\n|\n|t:|1681786855\n|move|p1b: Flutter Mane|Shadow Ball|p2a: Orthworm\n|-damage|p2a: Orthworm|51\/100\n|move|p1a: Amoonguss|Spore|p2a: Orthworm\n|-status|p2a: Orthworm|slp|[from] move: Spore\n|cant|p2a: Orthworm|slp\n|cant|p2b: Ting-Lu|slp\n|\n|-sideend|p1: gora91098|move: Tailwind\n|upkeep\n|turn|5\n|inactive|gora91098 has 30 seconds left.\n|inactive|gora91098 has 20 seconds left.\n|inactive|gora91098 has 15 seconds left.\n|\n|t:|1681786895\n|-terastallize|p1b: Flutter Mane|Fairy\n|move|p1a: Amoonguss|Rage Powder|p1a: Amoonguss\n|-singleturn|p1a: Amoonguss|move: Rage Powder\n|move|p1b: Flutter Mane|Dazzling Gleam|p2b: Ting-Lu|[spread] p2a,p2b\n|-resisted|p2a: Orthworm\n|-supereffective|p2b: Ting-Lu\n|-damage|p2a: Orthworm|24\/100 slp\n|-damage|p2b: Ting-Lu|18\/100 slp\n|-enditem|p2a: Orthworm|Sitrus Berry|[eat]\n|-heal|p2a: Orthworm|49\/100 slp|[from] item: Sitrus Berry\n|-curestatus|p2a: Orthworm|slp|[msg]\n|move|p2a: Orthworm|Heavy Slam|p1a: Amoonguss\n|-damage|p1a: Amoonguss|32\/100\n|cant|p2b: Ting-Lu|slp\n|\n|upkeep\n|turn|6\n|inactive|gora91098 has 30 seconds left.\n|\n|t:|1681786928\n|switch|p1a: Corviknight|Corviknight, L50, M|91\/100\n|move|p1b: Flutter Mane|Protect|p1b: Flutter Mane\n|-singleturn|p1b: Flutter Mane|Protect\n|move|p2a: Orthworm|Protect|p2a: Orthworm\n|-singleturn|p2a: Orthworm|Protect\n|-curestatus|p2b: Ting-Lu|slp|[msg]\n|move|p2b: Ting-Lu|Earthquake|p1b: Flutter Mane|[spread] \n|-activate|p2a: Orthworm|move: Protect\n|-activate|p1b: Flutter Mane|move: Protect\n|-immune|p1a: Corviknight\n|\n|upkeep\n|turn|7\n|inactive|gora91098 has 30 seconds left.\n|inactive|gora91098 has 20 seconds left.\n|\n|t:|1681786964\n|move|p1b: Flutter Mane|Shadow Ball|p2a: Orthworm\n|-damage|p2a: Orthworm|2\/100\n|move|p1a: Corviknight|U-turn|p2a: Orthworm\n|-resisted|p2a: Orthworm\n|-damage|p2a: Orthworm|0 fnt\n|faint|p2a: Orthworm\n|-damage|p1a: Corviknight|81\/100|[from] item: Life Orb\n|\n|t:|1681786972\n|switch|p1a: Amoonguss|Amoonguss, L50, M|65\/100|[from] U-turn\n|move|p2b: Ting-Lu|Earthquake|p1b: Flutter Mane|[spread] p1a,p1b\n|-damage|p1a: Amoonguss|38\/100\n|-damage|p1b: Flutter Mane|46\/100\n|\n|upkeep\n|inactive|Mashu2021 has 30 seconds left.\n|\n|t:|1681787000\n|switch|p2a: Gyarados|Gyarados, L50, M|100\/100\n|-ability|p2a: Gyarados|Intimidate|boost\n|-unboost|p1a: Amoonguss|atk|1\n|-unboost|p1b: Flutter Mane|atk|1\n|turn|8\n|inactive|gora91098 has 30 seconds left.\n|inactive|gora91098 has 20 seconds left.\n|inactive|gora91098 has 15 seconds left.\n|inactive|gora91098 has 10 seconds left.\n|inactive|gora91098 has 5 seconds left.\n|\n|t:|1681787051\n|move|p1b: Flutter Mane|Thunderbolt|p2a: Gyarados\n|-supereffective|p2a: Gyarados\n|-damage|p2a: Gyarados|9\/100\n|-enditem|p2a: Gyarados|Figy Berry|[eat]\n|-heal|p2a: Gyarados|43\/100|[from] item: Figy Berry\n|move|p2a: Gyarados|Taunt|p1a: Amoonguss\n|-start|p1a: Amoonguss|move: Taunt\n|move|p2b: Ting-Lu|Heavy Slam|p1b: Flutter Mane\n|-supereffective|p1b: Flutter Mane\n|-damage|p1b: Flutter Mane|0 fnt\n|faint|p1b: Flutter Mane\n|-end|p1b: Flutter Mane|Protosynthesis|[silent]\n|move|p1a: Amoonguss|Pollen Puff|p1: Flutter Mane|[notarget]\n|-fail|p1a: Amoonguss\n|\n|upkeep\n|\n|t:|1681787063\n|switch|p1b: Corviknight|Corviknight, L50, M|81\/100\n|turn|9\n|inactive|gora91098 has 30 seconds left.\n|\n|t:|1681787089\n|move|p2a: Gyarados|Taunt|p1b: Corviknight\n|-start|p1b: Corviknight|move: Taunt\n|move|p1b: Corviknight|Iron Head|p2a: Gyarados\n|-resisted|p2a: Gyarados\n|-damage|p2a: Gyarados|23\/100\n|-damage|p1b: Corviknight|72\/100|[from] item: Life Orb\n|move|p2b: Ting-Lu|Heavy Slam|p1a: Amoonguss\n|-damage|p1a: Amoonguss|6\/100\n|-enditem|p1a: Amoonguss|Wiki Berry|[eat]\n|-heal|p1a: Amoonguss|39\/100|[from] item: Wiki Berry\n|move|p1a: Amoonguss|Pollen Puff|p2b: Ting-Lu\n|-supereffective|p2b: Ting-Lu\n|-damage|p2b: Ting-Lu|3\/100\n|\n|upkeep\n|turn|10\n|inactive|gora91098 has 30 seconds left.\n|inactive|Mashu2021 has 30 seconds left.\n|inactive|Mashu2021 has 20 seconds left.\n|\n|t:|1681787126\n|move|p2a: Gyarados|Waterfall|p1a: Amoonguss\n|-resisted|p1a: Amoonguss\n|-damage|p1a: Amoonguss|27\/100\n|move|p1b: Corviknight|Brave Bird|p2a: Gyarados\n|-damage|p2a: Gyarados|0 fnt\n|faint|p2a: Gyarados\n|-damage|p1b: Corviknight|64\/100|[from] Recoil\n|-damage|p1b: Corviknight|54\/100|[from] item: Life Orb\n|move|p2b: Ting-Lu|Heavy Slam|p1a: Amoonguss\n|-damage|p1a: Amoonguss|0 fnt\n|faint|p1a: Amoonguss\n|\n|upkeep\n|\n|t:|1681787139\n|switch|p2a: Dragonite|Dragonite, L50, F|100\/100\n|turn|11\n|inactive|gora91098 has 30 seconds left.\n|\n|t:|1681787156\n|move|p2a: Dragonite|Outrage|p1b: Corviknight\n|-resisted|p1b: Corviknight\n|-damage|p1b: Corviknight|5\/100\n|move|p1b: Corviknight|Brave Bird|p2a: Dragonite\n|-damage|p2a: Dragonite|63\/100\n|-damage|p1b: Corviknight|0 fnt|[from] Recoil\n|faint|p1b: Corviknight\n|\n|win|Mashu2021\n|inactive|gora91098 has 25 seconds left this turn.\n|raw|gora91098's rating: 1212 → 1190<\/strong> (-22 for losing)\n|raw|Mashu2021's rating: 1248 → 1270<\/strong> (+22 for winning)\n|l|\u2606gora91098\n","uploadtime":1681787169,"views":6,"p1id":"gora91098","p2id":"mashu2021","formatid":"gen9vgc2023regulationc","rating":1190,"private":0,"password":""}