{"id":"gen9vgc2023regulationc-1863832578","p1":"bennoVGC","p2":"Inferno prodigy","format":"[Gen 9] VGC 2023 Regulation C","log":"|j|\u2606bennoVGC\n|j|\u2606Inferno prodigy\n|t:|1684083176\n|gametype|doubles\n|player|p1|bennoVGC|265|\n|player|p2|Inferno prodigy|266|\n|teamsize|p1|6\n|teamsize|p2|6\n|gen|9\n|tier|[Gen 9] VGC 2023 Regulation C\n|rule|Species Clause: Limit one of each Pok\u00e9mon\n|rule|Item Clause: Limit one of each item\n|clearpoke\n|poke|p1|Palafin, L50, M|\n|poke|p1|Arcanine, L50, M|\n|poke|p1|Flutter Mane, L50|\n|poke|p1|Amoonguss, L50, M|\n|poke|p1|Pawmot, L50, M|\n|poke|p1|Ting-Lu, L50|\n|poke|p2|Orthworm, L50, F|\n|poke|p2|Ting-Lu, L50|\n|poke|p2|Dragonite, L50, M|\n|poke|p2|Gyarados, L50, F|\n|poke|p2|Flutter Mane, L50|\n|poke|p2|Chien-Pao, L50|\n|teampreview|4\n|c|\u2606bennoVGC|g3\nbennoVGC has agreed to open team sheets.\n|\n|t:|1684083853\n|start\n|switch|p1a: Flutter Mane|Flutter Mane, L50, shiny|100\/100\n|switch|p1b: Pawmot|Pawmot, L50, M, shiny|100\/100\n|switch|p2a: Flutter Mane|Flutter Mane, L50|100\/100\n|switch|p2b: Orthworm|Orthworm, L50, F|100\/100\n|-enditem|p2a: Flutter Mane|Booster Energy\n|-activate|p2a: Flutter Mane|ability: Protosynthesis|[fromitem]\n|-start|p2a: Flutter Mane|protosynthesisspa\n|turn|1\n|\n|t:|1684083883\n|move|p1a: Flutter Mane|Shadow Ball|p2a: Flutter Mane\n|-supereffective|p2a: Flutter Mane\n|-damage|p2a: Flutter Mane|0 fnt\n|faint|p2a: Flutter Mane\n|-end|p2a: Flutter Mane|Protosynthesis|[silent]\n|move|p1b: Pawmot|Close Combat|p2b: Orthworm\n|-supereffective|p2b: Orthworm\n|-damage|p2b: Orthworm|23\/100\n|-unboost|p1b: Pawmot|def|1\n|-unboost|p1b: Pawmot|spd|1\n|-enditem|p2b: Orthworm|Sitrus Berry|[eat]\n|-heal|p2b: Orthworm|48\/100|[from] item: Sitrus Berry\n|move|p2b: Orthworm|Heavy Slam|p1a: Flutter Mane\n|-supereffective|p1a: Flutter Mane\n|-damage|p1a: Flutter Mane|0 fnt\n|faint|p1a: Flutter Mane\n|-end|p1a: Flutter Mane|Protosynthesis|[silent]\n|\n|upkeep\n|\n|t:|1684083896\n|switch|p1a: Palafin|Palafin, L50, M, shiny|100\/100\n|switch|p2a: Ting-Lu|Ting-Lu, L50|100\/100\n|-ability|p2a: Ting-Lu|Vessel of Ruin\n|turn|2\n|\n|t:|1684083941\n|detailschange|p1a: Palafin|Palafin-Hero, L50, M, shiny\n|switch|p1a: Arcanine|Arcanine, L50, M, shiny|100\/100\n|-ability|p1a: Arcanine|Intimidate|boost\n|-unboost|p2a: Ting-Lu|atk|1\n|-unboost|p2b: Orthworm|atk|1\n|switch|p2b: Gyarados|Gyarados, L50, F|100\/100\n|-ability|p2b: Gyarados|Intimidate|boost\n|-unboost|p1a: Arcanine|atk|1\n|-unboost|p1b: Pawmot|atk|1\n|move|p1b: Pawmot|Close Combat|p2b: Gyarados\n|-resisted|p2b: Gyarados\n|-damage|p2b: Gyarados|83\/100\n|-unboost|p1b: Pawmot|def|1\n|-unboost|p1b: Pawmot|spd|1\n|move|p2a: Ting-Lu|Earthquake|p1b: Pawmot|[spread] p1a,p1b\n|-immune|p2b: Gyarados\n|-supereffective|p1a: Arcanine\n|-supereffective|p1b: Pawmot\n|-damage|p1a: Arcanine|27\/100\n|-enditem|p1b: Pawmot|Focus Sash\n|-damage|p1b: Pawmot|1\/100\n|\n|upkeep\n|turn|3\n|\n|t:|1684083985\n|switch|p2b: Orthworm|Orthworm, L50, F|48\/100\n|-terastallize|p2a: Ting-Lu|Water\n|move|p1a: Arcanine|Protect|p1a: Arcanine\n|-singleturn|p1a: Arcanine|Protect\n|move|p1b: Pawmot|Revival Blessing|p1b: Pawmot\n|\n|t:|1684083991\n|-heal|p1: Flutter Mane|50\/100|[from] move: Revival Blessing\n|move|p2a: Ting-Lu|Earthquake|p1a: Arcanine|[spread] p1b\n|-activate|p1a: Arcanine|move: Protect\n|-heal|p2b: Orthworm|73\/100|[from] ability: Earth Eater|[of] p2a: Ting-Lu\n|-supereffective|p1b: Pawmot\n|-damage|p1b: Pawmot|0 fnt\n|faint|p1b: Pawmot\n|\n|upkeep\n|\n|t:|1684084003\n|switch|p1b: Palafin|Palafin-Hero, L50, M, shiny|100\/100\n|-activate|p1b: Palafin|ability: Zero to Hero\n|turn|4\n|\n|t:|1684084013\n|switch|p2a: Gyarados|Gyarados, L50, F|83\/100\n|-ability|p2a: Gyarados|Intimidate|boost\n|-unboost|p1a: Arcanine|atk|1\n|-unboost|p1b: Palafin|atk|1\n|-terastallize|p1b: Palafin|Water\n|move|p1a: Arcanine|Will-O-Wisp|p2a: Gyarados\n|-status|p2a: Gyarados|brn\n|move|p1b: Palafin|Wave Crash|p2b: Orthworm\n|-damage|p2b: Orthworm|23\/100\n|-damage|p1b: Palafin|86\/100|[from] Recoil\n|move|p2b: Orthworm|Body Press|p1a: Arcanine\n|-damage|p1a: Arcanine|0 fnt\n|faint|p1a: Arcanine\n|\n|-damage|p2a: Gyarados|77\/100 brn|[from] brn\n|upkeep\n|\n|t:|1684084025\n|switch|p1a: Flutter Mane|Flutter Mane, L50, shiny|50\/100\n|turn|5\n|\n|t:|1684084048\n|move|p1a: Flutter Mane|Thunderbolt|p2a: Gyarados\n|-supereffective|p2a: Gyarados\n|-damage|p2a: Gyarados|0 fnt\n|faint|p2a: Gyarados\n|move|p1b: Palafin|Wave Crash|p2b: Orthworm\n|-damage|p2b: Orthworm|0 fnt\n|faint|p2b: Orthworm\n|-damage|p1b: Palafin|79\/100|[from] Recoil\n|\n|upkeep\n|\n|t:|1684084052\n|switch|p2b: Ting-Lu|Ting-Lu, L50, tera:Water|100\/100\n|-ability|p2b: Ting-Lu|Vessel of Ruin\n|turn|6\n|\n|t:|1684084064\n|move|p1a: Flutter Mane|Thunderbolt|p2b: Ting-Lu\n|-supereffective|p2b: Ting-Lu\n|-damage|p2b: Ting-Lu|54\/100\n|move|p1b: Palafin|Wave Crash|p2b: Ting-Lu\n|-resisted|p2b: Ting-Lu\n|-damage|p2b: Ting-Lu|31\/100\n|-damage|p1b: Palafin|69\/100|[from] Recoil\n|move|p2b: Ting-Lu|Earthquake|p1a: Flutter Mane|[spread] p1a,p1b\n|-damage|p1a: Flutter Mane|0 fnt\n|-damage|p1b: Palafin|21\/100\n|faint|p1a: Flutter Mane\n|-end|p1a: Flutter Mane|Protosynthesis|[silent]\n|\n|upkeep\n|turn|7\n|\n|t:|1684084094\n|move|p1b: Palafin|Wave Crash|p2b: Ting-Lu\n|-resisted|p2b: Ting-Lu\n|-damage|p2b: Ting-Lu|6\/100\n|-damage|p1b: Palafin|11\/100|[from] Recoil\n|move|p2b: Ting-Lu|Earthquake|p1b: Palafin\n|-damage|p1b: Palafin|0 fnt\n|faint|p1b: Palafin\n|\n|win|Inferno prodigy\n|c|\u2606bennoVGC|ggs\n|c|\u2606bennoVGC|crazy setr\n|c|\u2606Inferno prodigy|Fg\n|c|\u2606Inferno prodigy|gg\n|c|\u2606Inferno prodigy|close game\n","uploadtime":1684084157,"views":15,"p1id":"bennovgc","p2id":"infernoprodigy","formatid":"gen9vgc2023regulationc","rating":0,"private":0,"password":""}