{"id":"gen9vgc2023regulationc-1852908012","p1":"mythical weavile","p2":"Pantsuit","format":"[Gen 9] VGC 2023 Regulation C","log":"|j|\u2606mythical weavile\n|j|\u2606Pantsuit\n|t:|1682616368\n|gametype|doubles\n|player|p1|mythical weavile|1|1384\n|player|p2|Pantsuit|102|1360\n|teamsize|p1|6\n|teamsize|p2|6\n|gen|9\n|tier|[Gen 9] VGC 2023 Regulation C\n|rated|\n|rule|Species Clause: Limit one of each Pok\u00e9mon\n|rule|Item Clause: Limit one of each item\n|clearpoke\n|poke|p1|Dondozo, L50, F|\n|poke|p1|Tatsugiri, L50, M|\n|poke|p1|Iron Hands, L50|\n|poke|p1|Iron Bundle, L50|\n|poke|p1|Chi-Yu, L50|\n|poke|p1|Flutter Mane, L50|\n|poke|p2|Gholdengo, L50|\n|poke|p2|Wo-Chien, L50|\n|poke|p2|Iron Bundle, L50|\n|poke|p2|Dragapult, L50, M|\n|poke|p2|Hippowdon, L50, M|\n|poke|p2|Glimmora, L50, F|\n|teampreview|4\n|inactive|Battle timer is ON: inactive players will automatically lose when time's up. (requested by mythical weavile)\nPantsuit has agreed to open team sheets.\nmythical weavile has agreed to open team sheets.\n|inactive|mythical weavile has 60 seconds left.\n|inactive|Pantsuit has 60 seconds left.\n|inactive|mythical weavile has 30 seconds left.\n|\n|t:|1682616439\n|start\n|switch|p1a: Chi-Yu|Chi-Yu, L50|100\/100\n|switch|p1b: Flutter Mane|Flutter Mane, L50|100\/100\n|switch|p2a: Glimmora|Glimmora, L50, F|100\/100\n|switch|p2b: Hippowdon|Hippowdon, L50, M|100\/100\n|-ability|p1a: Chi-Yu|Beads of Ruin\n|-weather|Sandstorm|[from] ability: Sand Stream|[of] p2b: Hippowdon\n|turn|1\n|inactive|mythical weavile has 30 seconds left.\n|inactive|Pantsuit has 30 seconds left.\n|inactive|mythical weavile has 20 seconds left.\n|inactive|Pantsuit has 20 seconds left.\n|inactive|mythical weavile has 15 seconds left.\n|inactive|Pantsuit has 15 seconds left.\n|inactive|mythical weavile has 10 seconds left.\n|inactive|Pantsuit has 10 seconds left.\n|inactive|Pantsuit has 5 seconds left.\n|\n|t:|1682616494\n|move|p1a: Chi-Yu|Protect|p1a: Chi-Yu\n|-singleturn|p1a: Chi-Yu|Protect\n|move|p1b: Flutter Mane|Shadow Ball|p2a: Glimmora\n|-damage|p2a: Glimmora|61\/100\n|move|p2a: Glimmora|Power Gem|p1a: Chi-Yu\n|-activate|p1a: Chi-Yu|move: Protect\n|move|p2b: Hippowdon|Yawn|p1a: Chi-Yu\n|-activate|p1a: Chi-Yu|move: Protect\n|\n|-weather|Sandstorm|[upkeep]\n|-damage|p1b: Flutter Mane|95\/100|[from] Sandstorm\n|-damage|p1a: Chi-Yu|94\/100|[from] Sandstorm\n|upkeep\n|turn|2\n|\n|t:|1682616518\n|move|p1b: Flutter Mane|Shadow Ball|p2a: Glimmora\n|-damage|p2a: Glimmora|19\/100\n|-unboost|p2a: Glimmora|spd|1\n|move|p1a: Chi-Yu|Heat Wave|p2a: Glimmora|[spread] p2a,p2b\n|-resisted|p2a: Glimmora\n|-damage|p2a: Glimmora|2\/100\n|-damage|p2b: Hippowdon|61\/100\n|-status|p2a: Glimmora|brn\n|move|p2a: Glimmora|Power Gem|p1a: Chi-Yu\n|-supereffective|p1a: Chi-Yu\n|-damage|p1a: Chi-Yu|20\/100\n|move|p2b: Hippowdon|Sand Tomb|p1b: Flutter Mane\n|-damage|p1b: Flutter Mane|72\/100\n|-activate|p1b: Flutter Mane|move: Sand Tomb|[of] p2b: Hippowdon\n|\n|-weather|Sandstorm|[upkeep]\n|-damage|p1b: Flutter Mane|66\/100|[from] Sandstorm\n|-damage|p1a: Chi-Yu|13\/100|[from] Sandstorm\n|-damage|p2a: Glimmora|0 fnt|[from] brn\n|faint|p2a: Glimmora\n|-damage|p1b: Flutter Mane|54\/100|[from] move: Sand Tomb|[partiallytrapped]\n|upkeep\n|\n|t:|1682616540\n|switch|p2a: Iron Bundle|Iron Bundle, L50|100\/100\n|-enditem|p2a: Iron Bundle|Booster Energy\n|-activate|p2a: Iron Bundle|ability: Quark Drive|[fromitem]\n|-start|p2a: Iron Bundle|quarkdrivespe\n|turn|3\n|\n|t:|1682616554\n|move|p2a: Iron Bundle|Protect|p2a: Iron Bundle\n|-singleturn|p2a: Iron Bundle|Protect\n|move|p1a: Chi-Yu|Protect|p1a: Chi-Yu\n|-singleturn|p1a: Chi-Yu|Protect\n|move|p1b: Flutter Mane|Shadow Ball|p2a: Iron Bundle\n|-activate|p2a: Iron Bundle|move: Protect\n|move|p2b: Hippowdon|Sand Tomb|p1b: Flutter Mane\n|-damage|p1b: Flutter Mane|33\/100\n|\n|-weather|Sandstorm|[upkeep]\n|-damage|p2a: Iron Bundle|95\/100|[from] Sandstorm\n|-damage|p1b: Flutter Mane|27\/100|[from] Sandstorm\n|-damage|p1a: Chi-Yu|7\/100|[from] Sandstorm\n|-damage|p1b: Flutter Mane|15\/100|[from] move: Sand Tomb|[partiallytrapped]\n|upkeep\n|turn|4\n|\n|t:|1682616573\n|move|p2a: Iron Bundle|Icy Wind|p1b: Flutter Mane|[spread] p1a,p1b\n|-resisted|p1a: Chi-Yu\n|-damage|p1a: Chi-Yu|0 fnt\n|-damage|p1b: Flutter Mane|0 fnt\n|faint|p1a: Chi-Yu\n|faint|p1b: Flutter Mane\n|-end|p1b: Flutter Mane|Protosynthesis|[silent]\n|move|p2b: Hippowdon|Stealth Rock|p1: Chi-Yu\n|-sidestart|p1: mythical weavile|move: Stealth Rock\n|\n|-weather|Sandstorm|[upkeep]\n|-damage|p2a: Iron Bundle|89\/100|[from] Sandstorm\n|upkeep\n|\n|t:|1682616578\n|switch|p1b: Tatsugiri|Tatsugiri, L50, M|100\/100\n|switch|p1a: Dondozo|Dondozo, L50, F|100\/100\n|-activate|p1b: Tatsugiri|ability: Commander|[of] p1a: Dondozo\n|-boost|p1a: Dondozo|atk|2\n|-boost|p1a: Dondozo|spa|2\n|-boost|p1a: Dondozo|spe|2\n|-boost|p1a: Dondozo|def|2\n|-boost|p1a: Dondozo|spd|2\n|-damage|p1a: Dondozo|88\/100|[from] Stealth Rock\n|turn|5\n|\n|t:|1682616593\n|switch|p2b: Dragapult|Dragapult, L50, M|100\/100\n|-terastallize|p1a: Dondozo|Grass\n|move|p2a: Iron Bundle|Protect|p2a: Iron Bundle\n|-singleturn|p2a: Iron Bundle|Protect\n|move|p1a: Dondozo|Tera Blast|p2a: Iron Bundle\n|-activate|p2a: Iron Bundle|move: Protect\n|\n|-weather|none\n|-heal|p1a: Dondozo|94\/100|[from] item: Leftovers\n|upkeep\n|turn|6\n|\n|t:|1682616606\n|move|p2a: Iron Bundle|Encore|p1a: Dondozo\n|-start|p1a: Dondozo|Encore\n|move|p2b: Dragapult|Disable|p1a: Dondozo\n|-start|p1a: Dondozo|Disable|Tera Blast\n|cant|p1a: Dondozo|Disable|Tera Blast\n|\n|-heal|p1a: Dondozo|100\/100|[from] item: Leftovers\n|upkeep\n|turn|7\n|\n|t:|1682616618\n|move|p2a: Iron Bundle|Freeze-Dry|p1a: Dondozo\n|-supereffective|p1a: Dondozo\n|-damage|p1a: Dondozo|70\/100\n|move|p2b: Dragapult|Dragon Darts|p1a: Dondozo\n|-damage|p1a: Dondozo|60\/100\n|-anim|p2b: Dragapult|Dragon Darts|p1a: Dondozo\n|-damage|p1a: Dondozo|47\/100\n|-damage|p2b: Dragapult|91\/100|[from] item: Life Orb\n|-activate|p1a: Dondozo|move: Struggle\n|move|p1a: Dondozo|Struggle|p2b: Dragapult\n|-crit|p2b: Dragapult\n|-damage|p2b: Dragapult|33\/100\n|-damage|p1a: Dondozo|22\/100|[from] recoil\n|\n|-heal|p1a: Dondozo|28\/100|[from] item: Leftovers\n|upkeep\n|turn|8\n|\n|t:|1682616634\n|move|p2a: Iron Bundle|Freeze-Dry|p1a: Dondozo\n|-supereffective|p1a: Dondozo\n|-damage|p1a: Dondozo|0 fnt\n|faint|p1a: Dondozo\n|move|p2b: Dragapult|Dragon Darts|p1b: Tatsugiri\n|-supereffective|p1b: Tatsugiri\n|-damage|p1b: Tatsugiri|0 fnt\n|faint|p1b: Tatsugiri\n|-damage|p2b: Dragapult|24\/100|[from] item: Life Orb\n|\n|win|Pantsuit\n|raw|mythical weavile's rating: 1384 → 1363<\/strong> (-21 for losing)\n|raw|Pantsuit's rating: 1360 → 1381<\/strong> (+21 for winning)\n","uploadtime":1682616640,"views":5,"p1id":"mythicalweavile","p2id":"pantsuit","formatid":"gen9vgc2023regulationc","rating":1363,"private":0,"password":""}