{"id":"gen9vgc2023regulationc-1855822704","p1":"vargalicious","p2":"Sbradyb","format":"[Gen 9] VGC 2023 Regulation C","log":"|j|\u2606vargalicious\n|j|\u2606Sbradyb\n|t:|1682988300\n|gametype|doubles\n|player|p1|vargalicious|darach-caitlin|1447\n|player|p2|Sbradyb|266|1355\n|teamsize|p1|6\n|teamsize|p2|6\n|gen|9\n|tier|[Gen 9] VGC 2023 Regulation C\n|rated|\n|rule|Species Clause: Limit one of each Pok\u00e9mon\n|rule|Item Clause: Limit one of each item\n|clearpoke\n|poke|p1|Ting-Lu, L50|\n|poke|p1|Sableye, L50, M|\n|poke|p1|Ceruledge, L50, F|\n|poke|p1|Corviknight, L50, F|\n|poke|p1|Palafin, L50, M|\n|poke|p1|Iron Hands, L50|\n|poke|p2|Maushold, L50|\n|poke|p2|Flutter Mane, L50|\n|poke|p2|Gholdengo, L50|\n|poke|p2|Chi-Yu, L50|\n|poke|p2|Gyarados, L50, M|\n|poke|p2|Wo-Chien, L50|\n|teampreview|4\n|inactive|Battle timer is ON: inactive players will automatically lose when time's up. (requested by Sbradyb)\n|inactive|Sbradyb has 60 seconds left.\n|inactive|Sbradyb has 30 seconds left.\n|\n|t:|1682988375\n|start\n|switch|p1a: Sponge Bob|Sableye, L50, M, shiny|100\/100\n|switch|p1b: Plankton|Ceruledge, L50, F, shiny|100\/100\n|switch|p2a: Chi-Yu|Chi-Yu, L50|100\/100\n|switch|p2b: Maushold|Maushold, L50|100\/100\n|-ability|p2a: Chi-Yu|Beads of Ruin\n|turn|1\n|\n|t:|1682988395\n|-terastallize|p1b: Plankton|Steel\n|move|p2b: Maushold|Protect|p2b: Maushold\n|-singleturn|p2b: Maushold|Protect\n|move|p1a: Sponge Bob|Light Screen|p1a: Sponge Bob\n|-sidestart|p1: vargalicious|move: Light Screen\n|move|p2a: Chi-Yu|Nasty Plot|p2a: Chi-Yu\n|-boost|p2a: Chi-Yu|spa|2\n|move|p1b: Plankton|Bulk Up|p1b: Plankton\n|-boost|p1b: Plankton|atk|1\n|-boost|p1b: Plankton|def|1\n|\n|upkeep\n|turn|2\n|\n|t:|1682988417\n|move|p2b: Maushold|Follow Me|p2b: Maushold\n|-singleturn|p2b: Maushold|move: Follow Me\n|move|p1a: Sponge Bob|Encore|p2b: Maushold\n|-start|p2b: Maushold|Encore\n|move|p2a: Chi-Yu|Dark Pulse|p1a: Sponge Bob\n|-damage|p1a: Sponge Bob|27\/100\n|move|p1b: Plankton|Bulk Up|p1b: Plankton\n|-boost|p1b: Plankton|atk|1\n|-boost|p1b: Plankton|def|1\n|\n|upkeep\n|turn|3\n|\n|t:|1682988436\n|switch|p2b: Gyarados|Gyarados, L50, M|100\/100\n|-ability|p2b: Gyarados|Intimidate|boost\n|-unboost|p1a: Sponge Bob|atk|1\n|-unboost|p1b: Plankton|atk|1\n|switch|p1a: Squidward|Ting-Lu, L50|100\/100\n|-ability|p1a: Squidward|Vessel of Ruin\n|move|p2a: Chi-Yu|Dark Pulse|p1b: Plankton\n|-damage|p1b: Plankton|54\/100\n|move|p1b: Plankton|Bitter Blade|p2b: Gyarados\n|-resisted|p2b: Gyarados\n|-damage|p2b: Gyarados|74\/100\n|-heal|p1b: Plankton|68\/100|[from] drain|[of] p2b: Gyarados\n|\n|-heal|p1b: Plankton|75\/100|[from] item: Leftovers\n|upkeep\n|turn|4\n|inactive|Sbradyb has 30 seconds left.\n|\n|t:|1682988466\n|move|p2a: Chi-Yu|Protect|p2a: Chi-Yu\n|-singleturn|p2a: Chi-Yu|Protect\n|move|p1b: Plankton|Bulk Up|p1b: Plankton\n|-boost|p1b: Plankton|atk|1\n|-boost|p1b: Plankton|def|1\n|move|p2b: Gyarados|Waterfall|p1a: Squidward\n|-supereffective|p1a: Squidward\n|-damage|p1a: Squidward|64\/100\n|move|p1a: Squidward|Fissure|p2a: Chi-Yu\n|-activate|p2a: Chi-Yu|move: Protect\n|\n|-heal|p1b: Plankton|81\/100|[from] item: Leftovers\n|upkeep\n|turn|5\n|inactive|vargalicious has 30 seconds left.\n|\n|t:|1682988492\n|move|p2a: Chi-Yu|Dark Pulse|p1b: Plankton\n|-damage|p1b: Plankton|33\/100\n|move|p1b: Plankton|Bulk Up|p1b: Plankton\n|-boost|p1b: Plankton|atk|1\n|-boost|p1b: Plankton|def|1\n|move|p2b: Gyarados|Thunder Wave|p1b: Plankton|[miss]\n|-miss|p2b: Gyarados|p1b: Plankton\n|move|p1a: Squidward|Stomping Tantrum|p2a: Chi-Yu\n|-supereffective|p2a: Chi-Yu\n|-damage|p2a: Chi-Yu|35\/100\n|\n|-heal|p2a: Chi-Yu|42\/100|[from] item: Leftovers\n|-heal|p1b: Plankton|39\/100|[from] item: Leftovers\n|upkeep\n|turn|6\n|\n|t:|1682988510\n|move|p1b: Plankton|Protect|p1b: Plankton\n|-singleturn|p1b: Plankton|Protect\n|move|p2a: Chi-Yu|Dark Pulse|p1b: Plankton\n|-activate|p1b: Plankton|move: Protect\n|move|p2b: Gyarados|Waterfall|p1a: Squidward\n|-supereffective|p1a: Squidward\n|-damage|p1a: Squidward|31\/100\n|move|p1a: Squidward|Ruination|p2b: Gyarados\n|-damage|p2b: Gyarados|37\/100\n|\n|-heal|p2a: Chi-Yu|48\/100|[from] item: Leftovers\n|-heal|p1b: Plankton|45\/100|[from] item: Leftovers\n|upkeep\n|turn|7\n|inactive|Sbradyb has 30 seconds left.\n|\n|t:|1682988538\n|switch|p2b: Wo-Chien|Wo-Chien, L50|100\/100\n|-ability|p2b: Wo-Chien|Tablets of Ruin\n|move|p2a: Chi-Yu|Dark Pulse|p1b: Plankton\n|-damage|p1b: Plankton|0 fnt\n|faint|p1b: Plankton\n|move|p1a: Squidward|Stomping Tantrum|p2a: Chi-Yu\n|-supereffective|p2a: Chi-Yu\n|-damage|p2a: Chi-Yu|0 fnt\n|faint|p2a: Chi-Yu\n|\n|upkeep\n|\n|t:|1682988549\n|switch|p2a: Gyarados|Gyarados, L50, M|37\/100\n|switch|p1b: Patrick Star|Iron Hands, L50, shiny|100\/100\n|-ability|p2a: Gyarados|Intimidate|boost\n|-unboost|p1a: Squidward|atk|1\n|-unboost|p1b: Patrick Star|atk|1\n|turn|8\n|inactive|Sbradyb has 30 seconds left.\n|\n|t:|1682988577\n|switch|p2a: Maushold|Maushold, L50|100\/100\n|switch|p1a: Sponge Bob|Sableye, L50, M, shiny|27\/100\n|move|p2b: Wo-Chien|Leech Seed|p1a: Sponge Bob\n|-start|p1a: Sponge Bob|move: Leech Seed\n|move|p1b: Patrick Star|Swords Dance|p1b: Patrick Star\n|-boost|p1b: Patrick Star|atk|2\n|\n|-damage|p1a: Sponge Bob|15\/100|[from] Leech Seed|[of] p2b: Wo-Chien\n|-sideend|p1: vargalicious|move: Light Screen\n|upkeep\n|turn|9\n|inactive|vargalicious has 30 seconds left.\n|inactive|Sbradyb has 30 seconds left.\n|inactive|Sbradyb has 20 seconds left.\n|\n|t:|1682988617\n|-terastallize|p2a: Maushold|Ghost\n|move|p2a: Maushold|Follow Me|p2a: Maushold\n|-singleturn|p2a: Maushold|move: Follow Me\n|move|p1a: Sponge Bob|Reflect|p1a: Sponge Bob\n|-sidestart|p1: vargalicious|Reflect\n|move|p2b: Wo-Chien|Leech Seed|p1b: Patrick Star\n|-start|p1b: Patrick Star|move: Leech Seed\n|move|p1b: Patrick Star|Swords Dance|p1b: Patrick Star\n|-boost|p1b: Patrick Star|atk|2\n|\n|-damage|p1b: Patrick Star|88\/100|[from] Leech Seed|[of] p2b: Wo-Chien\n|-damage|p1a: Sponge Bob|2\/100|[from] Leech Seed|[of] p2b: Wo-Chien\n|upkeep\n|turn|10\n|\n|t:|1682988637\n|move|p2a: Maushold|Protect|p2a: Maushold\n|-singleturn|p2a: Maushold|Protect\n|move|p2b: Wo-Chien|Protect|p2b: Wo-Chien\n|-singleturn|p2b: Wo-Chien|Protect\n|move|p1a: Sponge Bob|Disable|p2a: Maushold\n|-activate|p2a: Maushold|move: Protect\n|move|p1b: Patrick Star|Wild Charge|p2a: Maushold\n|-activate|p2a: Maushold|move: Protect\n|\n|-damage|p1b: Patrick Star|75\/100|[from] Leech Seed|[of] p2b: Wo-Chien\n|-damage|p1a: Sponge Bob|0 fnt|[from] Leech Seed|[of] p2b: Wo-Chien\n|faint|p1a: Sponge Bob\n|upkeep\n|\n|t:|1682988639\n|switch|p1a: Squidward|Ting-Lu, L50|31\/100\n|-ability|p1a: Squidward|Vessel of Ruin\n|turn|11\n|\n|t:|1682988663\n|move|p2a: Maushold|Super Fang|p1b: Patrick Star\n|-damage|p1b: Patrick Star|38\/100\n|-enditem|p1b: Patrick Star|Sitrus Berry|[eat]\n|-heal|p1b: Patrick Star|63\/100|[from] item: Sitrus Berry\n|move|p2b: Wo-Chien|Giga Drain|p1a: Squidward\n|-supereffective|p1a: Squidward\n|-damage|p1a: Squidward|12\/100\n|move|p1b: Patrick Star|Wild Charge|p2a: Maushold\n|-damage|p2a: Maushold|2\/100\n|-damage|p1b: Patrick Star|44\/100|[from] Recoil\n|move|p1a: Squidward|Ruination|p2b: Wo-Chien\n|-damage|p2b: Wo-Chien|51\/100\n|\n|-damage|p1b: Patrick Star|32\/100|[from] Leech Seed|[of] p2b: Wo-Chien\n|-heal|p2b: Wo-Chien|66\/100|[silent]\n|upkeep\n|turn|12\n|inactive|Sbradyb has 30 seconds left.\n|inactive|Sbradyb has 20 seconds left.\n|inactive|Sbradyb has 15 seconds left.\n|inactive|Sbradyb has 10 seconds left.\n|inactive|Sbradyb has 5 seconds left.\n|\n|t:|1682988717\n|move|p2a: Maushold|Feint|p1a: Squidward\n|-damage|p1a: Squidward|10\/100\n|move|p2b: Wo-Chien|Giga Drain|p1a: Squidward\n|-supereffective|p1a: Squidward\n|-damage|p1a: Squidward|0 fnt\n|-heal|p2b: Wo-Chien|72\/100|[from] drain|[of] p1a: Squidward\n|faint|p1a: Squidward\n|move|p1b: Patrick Star|Drain Punch|p2b: Wo-Chien\n|-supereffective|p2b: Wo-Chien\n|-damage|p2b: Wo-Chien|0 fnt\n|-heal|p1b: Patrick Star|61\/100|[from] drain|[of] p2b: Wo-Chien\n|faint|p2b: Wo-Chien\n|\n|upkeep\n|\n|t:|1682988726\n|switch|p2b: Gyarados|Gyarados, L50, M|37\/100\n|-ability|p2b: Gyarados|Intimidate|boost\n|-unboost|p1b: Patrick Star|atk|1\n|turn|13\n|\n|t:|1682988745\n|move|p2b: Gyarados|Protect|p2b: Gyarados\n|-singleturn|p2b: Gyarados|Protect\n|move|p2a: Maushold|Super Fang|p1b: Patrick Star\n|-damage|p1b: Patrick Star|31\/100\n|move|p1b: Patrick Star|Wild Charge|p2b: Gyarados\n|-activate|p2b: Gyarados|move: Protect\n|\n|-damage|p1b: Patrick Star|19\/100|[from] Leech Seed|[of] p2b: Gyarados\n|-heal|p2b: Gyarados|51\/100|[silent]\n|upkeep\n|turn|14\n|-message|vargalicious forfeited.\n|\n|win|Sbradyb\n|raw|vargalicious's rating: 1447 → 1422<\/strong> (-25 for losing)\n|raw|Sbradyb's rating: 1355 → 1380<\/strong> (+25 for winning)\n|l|\u2606vargalicious\n","uploadtime":1682988816,"views":12,"p1id":"vargalicious","p2id":"sbradyb","formatid":"gen9vgc2023regulationc","rating":1380,"private":0,"password":""}