{"id":"gen9vgc2023regulationc-1857181187","p1":"rudyxkam","p2":"jacobomega","format":"[Gen 9] VGC 2023 Regulation C","log":"|j|\u2606rudyxkam\n|j|\u2606jacobomega\n|t:|1683154828\n|gametype|doubles\n|player|p1|rudyxkam|gardenia|1142\n|player|p2|jacobomega|265|1129\n|teamsize|p1|6\n|teamsize|p2|6\n|gen|9\n|tier|[Gen 9] VGC 2023 Regulation C\n|rated|\n|rule|Species Clause: Limit one of each Pok\u00e9mon\n|rule|Item Clause: Limit one of each item\n|clearpoke\n|poke|p1|Gyarados, L50, F|\n|poke|p1|Talonflame, L50, M|\n|poke|p1|Baxcalibur, L50, F|\n|poke|p1|Corviknight, L50, M|\n|poke|p1|Ting-Lu, L50|\n|poke|p1|Flutter Mane, L50|\n|poke|p2|Jumpluff, L50, F|\n|poke|p2|Torkoal, L50, M|\n|poke|p2|Great Tusk, L50|\n|poke|p2|Flutter Mane, L50|\n|poke|p2|Brute Bonnet, L50|\n|poke|p2|Chien-Pao, L50|\n|teampreview|4\n|inactive|Battle timer is ON: inactive players will automatically lose when time's up. (requested by rudyxkam)\n|c|\u2606rudyxkam|glhf!\nrudyxkam has agreed to open team sheets.\njacobomega has agreed to open team sheets.\n|inactive|rudyxkam has 60 seconds left.\n|inactive|jacobomega has 60 seconds left.\n|inactive|rudyxkam has 30 seconds left.\n|\n|t:|1683154889\n|start\n|switch|p1a: T. Gojira|Baxcalibur, L50, F, shiny|100\/100\n|switch|p1b: Shobijin|Flutter Mane, L50, shiny|100\/100\n|switch|p2a: Jumpluff|Jumpluff, L50, F|100\/100\n|switch|p2b: Torkoal|Torkoal, L50, M|100\/100\n|-weather|SunnyDay|[from] ability: Drought|[of] p2b: Torkoal\n|-activate|p1b: Shobijin|ability: Protosynthesis\n|-start|p1b: Shobijin|protosynthesisspe\n|turn|1\n|inactive|rudyxkam has 30 seconds left.\n|inactive|jacobomega has 30 seconds left.\n|inactive|jacobomega has 20 seconds left.\n|inactive|jacobomega has 15 seconds left.\n|inactive|rudyxkam has 20 seconds left.\n|inactive|jacobomega has 10 seconds left.\n|inactive|rudyxkam has 15 seconds left.\n|\n|t:|1683154942\n|move|p1a: T. Gojira|Protect|p1a: T. Gojira\n|-singleturn|p1a: T. Gojira|Protect\n|move|p2a: Jumpluff|Tailwind|p2a: Jumpluff\n|-sidestart|p2: jacobomega|move: Tailwind\n|move|p1b: Shobijin|Moonblast|p2a: Jumpluff\n|-damage|p2a: Jumpluff|21\/100\n|move|p2b: Torkoal|Overheat|p1a: T. Gojira\n|-activate|p1a: T. Gojira|move: Protect\n|\n|-weather|SunnyDay|[upkeep]\n|upkeep\n|turn|2\n|\n|t:|1683154962\n|switch|p1a: Manda|Gyarados, L50, F, shiny|100\/100\n|-ability|p1a: Manda|Intimidate|boost\n|-unboost|p2a: Jumpluff|atk|1\n|-unboost|p2b: Torkoal|atk|1\n|-enditem|p2b: Torkoal|Eject Pack\n|\n|t:|1683154977\n|switch|p2b: Chien-Pao|Chien-Pao, L50|100\/100\n|-ability|p2b: Chien-Pao|Sword of Ruin\n|move|p2a: Jumpluff|Strength Sap|p1a: Manda\n|-unboost|p1a: Manda|atk|1\n|-heal|p2a: Jumpluff|100\/100\n|move|p1b: Shobijin|Moonblast|p2a: Jumpluff\n|-damage|p2a: Jumpluff|22\/100\n|\n|-weather|SunnyDay|[upkeep]\n|upkeep\n|turn|3\n|inactive|rudyxkam has 30 seconds left.\n|inactive|jacobomega has 30 seconds left.\n|inactive|rudyxkam has 20 seconds left.\n|inactive|jacobomega has 20 seconds left.\n|inactive|rudyxkam has 15 seconds left.\n|\n|t:|1683155021\n|-terastallize|p1b: Shobijin|Steel\n|move|p2a: Jumpluff|Leaf Storm|p1a: Manda\n|-damage|p1a: Manda|79\/100\n|-unboost|p2a: Jumpluff|spa|2\n|move|p2b: Chien-Pao|Crunch|p1b: Shobijin\n|-damage|p1b: Shobijin|0 fnt\n|faint|p1b: Shobijin\n|-end|p1b: Shobijin|Protosynthesis|[silent]\n|-damage|p2b: Chien-Pao|91\/100|[from] item: Life Orb\n|move|p1a: Manda|Waterfall|p2b: Chien-Pao\n|-damage|p2b: Chien-Pao|77\/100\n|\n|-weather|SunnyDay|[upkeep]\n|upkeep\n|\n|t:|1683155036\n|switch|p1b: Gigan|Corviknight, L50, M, shiny|100\/100\n|turn|4\n|inactive|jacobomega has 30 seconds left.\n|\n|t:|1683155068\n|move|p1a: Manda|Helping Hand|p1b: Gigan\n|-singleturn|p1b: Gigan|Helping Hand|[of] p1a: Manda\n|move|p2a: Jumpluff|Strength Sap|p1a: Manda\n|-unboost|p1a: Manda|atk|1\n|-heal|p2a: Jumpluff|77\/100\n|move|p2b: Chien-Pao|Ice Spinner|p1b: Gigan\n|-damage|p1b: Gigan|53\/100\n|-damage|p2b: Chien-Pao|67\/100|[from] item: Life Orb\n|move|p1b: Gigan|Brave Bird|p2a: Jumpluff\n|-supereffective|p2a: Jumpluff\n|-damage|p2a: Jumpluff|0 fnt\n|faint|p2a: Jumpluff\n|-damage|p1b: Gigan|31\/100|[from] Recoil\n|\n|-weather|SunnyDay|[upkeep]\n|-sideend|p2: jacobomega|move: Tailwind\n|upkeep\n|\n|t:|1683155089\n|switch|p2a: Great Tusk|Great Tusk, L50|100\/100\n|-activate|p2a: Great Tusk|ability: Protosynthesis\n|-start|p2a: Great Tusk|protosynthesisatk\n|turn|5\n|inactive|jacobomega has 30 seconds left.\n|inactive|jacobomega has 20 seconds left.\n|inactive|jacobomega has 15 seconds left.\n|inactive|jacobomega has 10 seconds left.\n|\n|t:|1683155135\n|switch|p1a: T. Gojira|Baxcalibur, L50, F, shiny|100\/100\n|move|p2b: Chien-Pao|Crunch|p1a: T. Gojira\n|-damage|p1a: T. Gojira|42\/100\n|-damage|p2b: Chien-Pao|57\/100|[from] item: Life Orb\n|move|p2a: Great Tusk|Close Combat|p1b: Gigan\n|-damage|p1b: Gigan|0 fnt\n|-unboost|p2a: Great Tusk|def|1\n|-unboost|p2a: Great Tusk|spd|1\n|faint|p1b: Gigan\n|\n|-weather|none\n|-end|p2a: Great Tusk|Protosynthesis\n|upkeep\n|\n|t:|1683155142\n|switch|p1b: Manda|Gyarados, L50, F, shiny|79\/100\n|-ability|p1b: Manda|Intimidate|boost\n|-unboost|p2a: Great Tusk|atk|1\n|-unboost|p2b: Chien-Pao|atk|1\n|turn|6\n|inactive|jacobomega has 30 seconds left.\n|\n|t:|1683155169\n|move|p1a: T. Gojira|Protect|p1a: T. Gojira\n|-singleturn|p1a: T. Gojira|Protect\n|move|p2b: Chien-Pao|Sacred Sword|p1a: T. Gojira\n|-activate|p1a: T. Gojira|move: Protect\n|move|p2a: Great Tusk|Knock Off|p1b: Manda\n|-damage|p1b: Manda|41\/100\n|-enditem|p1b: Manda|Sitrus Berry|[from] move: Knock Off|[of] p2a: Great Tusk\n|move|p1b: Manda|Waterfall|p2a: Great Tusk\n|-supereffective|p2a: Great Tusk\n|-damage|p2a: Great Tusk|6\/100\n|\n|upkeep\n|turn|7\n|\n|t:|1683155194\n|move|p2a: Great Tusk|Protect|p2a: Great Tusk\n|-singleturn|p2a: Great Tusk|Protect\n|move|p1a: T. Gojira|Protect|p1a: T. Gojira\n|-singleturn|p1a: T. Gojira|Protect\n|move|p2b: Chien-Pao|Sacred Sword|p1a: T. Gojira\n|-activate|p1a: T. Gojira|move: Protect\n|move|p1b: Manda|Waterfall|p2a: Great Tusk\n|-activate|p2a: Great Tusk|move: Protect\n|\n|upkeep\n|turn|8\n|c|\u2606rudyxkam|gg!\n|-message|rudyxkam forfeited.\n|\n|win|jacobomega\n|raw|rudyxkam's rating: 1142 → 1116<\/strong> (-26 for losing)\n|raw|jacobomega's rating: 1129 → 1155<\/strong> (+26 for winning)\n","uploadtime":1683155214,"views":10,"p1id":"rudyxkam","p2id":"jacobomega","formatid":"gen9vgc2023regulationc","rating":1116,"private":0,"password":""}