{"id":"gen9vgc2023regulationc-1863476929","p1":"The_AG_Is_Real","p2":"SeveralNonSense","format":"[Gen 9] VGC 2023 Regulation C","log":"|j|\u2606The_AG_Is_Real\n|j|\u2606SeveralNonSense\n|t:|1684022572\n|gametype|doubles\n|player|p1|The_AG_Is_Real|candice|1080\n|player|p2|SeveralNonSense|guitarist|1113\n|teamsize|p1|6\n|teamsize|p2|6\n|gen|9\n|tier|[Gen 9] VGC 2023 Regulation C\n|rated|\n|rule|Species Clause: Limit one of each Pok\u00e9mon\n|rule|Item Clause: Limit one of each item\n|clearpoke\n|poke|p1|Toxtricity, L50, F|\n|poke|p1|Crabominable, L50, F|\n|poke|p1|Indeedee-F, L50, F|\n|poke|p1|Hatterene, L50, F|\n|poke|p1|Kingambit, L50, M|\n|poke|p1|Torkoal, L50, F|\n|poke|p2|Iron Bundle, L50|\n|poke|p2|Iron Hands, L50|\n|poke|p2|Gholdengo, L50|\n|poke|p2|Roaring Moon, L50|\n|poke|p2|Clodsire, L50, M|\n|poke|p2|Skeledirge, L50, M|\n|teampreview|4\n|inactive|Battle timer is ON: inactive players will automatically lose when time's up. (requested by The_AG_Is_Real)\n|\n|t:|1684022590\n|start\n|switch|p1a: Hatterene|Hatterene, L50, F|100\/100\n|switch|p1b: Indeedee|Indeedee-F, L50, F|100\/100\n|switch|p2a: Iron Bundle|Iron Bundle, L50|100\/100\n|switch|p2b: Skeledirge|Skeledirge, L50, M|100\/100\n|-fieldstart|move: Psychic Terrain|[from] ability: Psychic Surge|[of] p1b: Indeedee\n|-enditem|p1b: Indeedee|Psychic Seed\n|-boost|p1b: Indeedee|spd|1|[from] item: Psychic Seed\n|turn|1\n|\n|t:|1684022610\n|move|p1b: Indeedee|Follow Me|p1b: Indeedee\n|-singleturn|p1b: Indeedee|move: Follow Me\n|move|p2a: Iron Bundle|Icy Wind|p1a: Hatterene|[spread] p1a,p1b\n|-crit|p1b: Indeedee\n|-damage|p1a: Hatterene|78\/100\n|-damage|p1b: Indeedee|78\/100\n|-unboost|p1b: Indeedee|spe|1\n|move|p2b: Skeledirge|Torch Song|p1b: Indeedee\n|-damage|p1b: Indeedee|56\/100\n|-boost|p2b: Skeledirge|spa|1\n|move|p1a: Hatterene|Trick Room|p1a: Hatterene\n|-fieldstart|move: Trick Room|[of] p1a: Hatterene\n|\n|upkeep\n|turn|2\n|\n|t:|1684022633\n|-end|p2a: Iron Bundle|Quark Drive|[silent]\n|switch|p2a: Iron Hands|Iron Hands, L50|100\/100\n|move|p1a: Hatterene|Mystical Fire|p2a: Iron Hands\n|-damage|p2a: Iron Hands|72\/100\n|-unboost|p2a: Iron Hands|spa|1\n|move|p1b: Indeedee|Dazzling Gleam|p2a: Iron Hands|[spread] p2a,p2b\n|-supereffective|p2a: Iron Hands\n|-resisted|p2b: Skeledirge\n|-damage|p2a: Iron Hands|49\/100\n|-damage|p2b: Skeledirge|95\/100\n|move|p2b: Skeledirge|Torch Song|p1b: Indeedee\n|-damage|p1b: Indeedee|26\/100\n|-boost|p2b: Skeledirge|spa|1\n|\n|-heal|p2a: Iron Hands|55\/100|[from] item: Leftovers\n|upkeep\n|turn|3\n|inactive|The_AG_Is_Real has 30 seconds left.\n|\n|t:|1684022664\n|move|p1b: Indeedee|Follow Me|p1b: Indeedee\n|-singleturn|p1b: Indeedee|move: Follow Me\n|move|p1a: Hatterene|Psychic|p2a: Iron Hands\n|-supereffective|p2a: Iron Hands\n|-damage|p2a: Iron Hands|0 fnt\n|faint|p2a: Iron Hands\n|-end|p2a: Iron Hands|Quark Drive|[silent]\n|move|p2b: Skeledirge|Will-O-Wisp|p1b: Indeedee\n|-status|p1b: Indeedee|brn\n|\n|-damage|p1b: Indeedee|20\/100 brn|[from] brn\n|upkeep\n|\n|t:|1684022672\n|switch|p2a: Roaring Moon|Roaring Moon, L50|100\/100\n|-enditem|p2a: Roaring Moon|Booster Energy\n|-activate|p2a: Roaring Moon|ability: Protosynthesis|[fromitem]\n|-start|p2a: Roaring Moon|protosynthesisatk\n|turn|4\n|\n|t:|1684022684\n|move|p1b: Indeedee|Follow Me|p1b: Indeedee\n|-singleturn|p1b: Indeedee|move: Follow Me\n|move|p1a: Hatterene|Dazzling Gleam|p2b: Skeledirge|[spread] p2a,p2b\n|-supereffective|p2a: Roaring Moon\n|-resisted|p2b: Skeledirge\n|-damage|p2a: Roaring Moon|0 fnt\n|-damage|p2b: Skeledirge|82\/100\n|faint|p2a: Roaring Moon\n|-end|p2a: Roaring Moon|Protosynthesis|[silent]\n|move|p2b: Skeledirge|Torch Song|p1b: Indeedee\n|-damage|p1b: Indeedee|0 fnt\n|-boost|p2b: Skeledirge|spa|1\n|faint|p1b: Indeedee\n|\n|upkeep\n|\n|t:|1684022690\n|switch|p1b: Crabominable|Crabominable, L50, F|100\/100\n|switch|p2a: Iron Bundle|Iron Bundle, L50|100\/100\n|turn|5\n|\n|t:|1684022704\n|-terastallize|p1b: Crabominable|Fire\n|move|p2a: Iron Bundle|Protect|p2a: Iron Bundle\n|-singleturn|p2a: Iron Bundle|Protect\n|move|p1b: Crabominable|Crabhammer|p2b: Skeledirge|[miss]\n|-miss|p1b: Crabominable|p2b: Skeledirge\n|move|p1a: Hatterene|Mystical Fire|p2a: Iron Bundle\n|-activate|p2a: Iron Bundle|move: Protect\n|move|p2b: Skeledirge|Torch Song|p1b: Crabominable\n|-resisted|p1b: Crabominable\n|-damage|p1b: Crabominable|56\/100\n|-boost|p2b: Skeledirge|spa|1\n|\n|-fieldend|move: Trick Room\n|-fieldend|move: Psychic Terrain\n|upkeep\n|turn|6\n|\n|t:|1684022716\n|move|p2a: Iron Bundle|Hydro Pump|p1b: Crabominable\n|-supereffective|p1b: Crabominable\n|-damage|p1b: Crabominable|0 fnt\n|faint|p1b: Crabominable\n|move|p2b: Skeledirge|Will-O-Wisp|p1a: Hatterene\n|-status|p1a: Hatterene|brn\n|move|p1a: Hatterene|Trick Room|p1a: Hatterene\n|-fieldstart|move: Trick Room|[of] p1a: Hatterene\n|\n|-damage|p1a: Hatterene|72\/100 brn|[from] brn\n|upkeep\n|\n|t:|1684022719\n|switch|p1b: Torkoal|Torkoal, L50, F|100\/100\n|turn|7\n|\n|t:|1684022734\n|move|p2a: Iron Bundle|Protect|p2a: Iron Bundle\n|-singleturn|p2a: Iron Bundle|Protect\n|move|p1b: Torkoal|Eruption|p2b: Skeledirge|[spread] p2b\n|-activate|p2a: Iron Bundle|move: Protect\n|-resisted|p2b: Skeledirge\n|-damage|p2b: Skeledirge|62\/100\n|move|p1a: Hatterene|Psychic|p2a: Iron Bundle\n|-activate|p2a: Iron Bundle|move: Protect\n|move|p2b: Skeledirge|Torch Song|p1b: Torkoal\n|-resisted|p1b: Torkoal\n|-damage|p1b: Torkoal|45\/100\n|-boost|p2b: Skeledirge|spa|1\n|\n|-damage|p1a: Hatterene|66\/100 brn|[from] brn\n|upkeep\n|turn|8\n|\n|t:|1684022750\n|-terastallize|p2a: Iron Bundle|Water\n|move|p1b: Torkoal|Clear Smog|p2b: Skeledirge\n|-resisted|p2b: Skeledirge\n|-damage|p2b: Skeledirge|57\/100\n|-clearboost|p2b: Skeledirge\n|move|p1a: Hatterene|Psychic|p2a: Iron Bundle\n|-enditem|p2a: Iron Bundle|Focus Sash\n|-damage|p2a: Iron Bundle|1\/100\n|move|p2b: Skeledirge|Torch Song|p1b: Torkoal\n|-resisted|p1b: Torkoal\n|-crit|p1b: Torkoal\n|-damage|p1b: Torkoal|13\/100\n|-boost|p2b: Skeledirge|spa|1\n|move|p2a: Iron Bundle|Hydro Pump|p1b: Torkoal\n|-supereffective|p1b: Torkoal\n|-damage|p1b: Torkoal|0 fnt\n|faint|p1b: Torkoal\n|\n|-damage|p1a: Hatterene|60\/100 brn|[from] brn\n|upkeep\n|turn|9\n|\n|t:|1684022765\n|move|p2a: Iron Bundle|Protect|p2a: Iron Bundle\n|-singleturn|p2a: Iron Bundle|Protect\n|move|p1a: Hatterene|Dazzling Gleam|p2b: Skeledirge|[spread] p2b\n|-activate|p2a: Iron Bundle|move: Protect\n|-resisted|p2b: Skeledirge\n|-damage|p2b: Skeledirge|44\/100\n|move|p2b: Skeledirge|Torch Song|p1a: Hatterene\n|-damage|p1a: Hatterene|10\/100 brn\n|-boost|p2b: Skeledirge|spa|1\n|\n|-damage|p1a: Hatterene|4\/100 brn|[from] brn\n|upkeep\n|turn|10\n|-message|The_AG_Is_Real forfeited.\n|\n|win|SeveralNonSense\n|raw|The_AG_Is_Real's rating: 1080 → 1060<\/strong> (-20 for losing)\n|raw|SeveralNonSense's rating: 1113 → 1136<\/strong> (+23 for winning)\n|l|\u2606The_AG_Is_Real\n","uploadtime":1684022796,"views":9,"p1id":"theagisreal","p2id":"severalnonsense","formatid":"gen9vgc2023regulationc","rating":1060,"private":0,"password":""}