{"id":"gen9vgc2023regulationc-1857691271","p1":"LeadTheRise","p2":"DrSilv3r","format":"[Gen 9] VGC 2023 Regulation C","log":"|j|\u2606LeadTheRise\n|j|\u2606DrSilv3r\n|t:|1683222589\n|gametype|doubles\n|player|p1|LeadTheRise|265|1057\n|player|p2|DrSilv3r|169|1088\n|teamsize|p1|6\n|teamsize|p2|6\n|gen|9\n|tier|[Gen 9] VGC 2023 Regulation C\n|rated|\n|rule|Species Clause: Limit one of each Pok\u00e9mon\n|rule|Item Clause: Limit one of each item\n|clearpoke\n|poke|p1|Armarouge, L50, F|\n|poke|p1|Iron Hands, L50|\n|poke|p1|Chien-Pao, L50|\n|poke|p1|Ting-Lu, L50|\n|poke|p1|Indeedee-F, L50, F|\n|poke|p1|Amoonguss, L50, M|\n|poke|p2|Rotom-Wash, L50|\n|poke|p2|Ceruledge, L50, M|\n|poke|p2|Ting-Lu, L50|\n|poke|p2|Annihilape, L50, M|\n|poke|p2|Maushold-Four, L50|\n|poke|p2|Amoonguss, L50, M|\n|teampreview|4\n|inactive|Battle timer is ON: inactive players will automatically lose when time's up. (requested by LeadTheRise)\nLeadTheRise has agreed to open team sheets.\n|inactive|LeadTheRise has 60 seconds left.\n|inactive|DrSilv3r has 60 seconds left.\n|inactive|LeadTheRise has 30 seconds left.\n|\n|t:|1683222659\n|start\n|switch|p1a: Armarouge|Armarouge, L50, F|100\/100\n|switch|p1b: Indeedee|Indeedee-F, L50, F|100\/100\n|switch|p2a: Maushold|Maushold-Four, L50|100\/100\n|switch|p2b: Annihilape|Annihilape, L50, M, shiny|100\/100\n|-fieldstart|move: Psychic Terrain|[from] ability: Psychic Surge|[of] p1b: Indeedee\n|turn|1\n|inactive|LeadTheRise has 30 seconds left.\n|inactive|DrSilv3r has 30 seconds left.\n|inactive|LeadTheRise has 20 seconds left.\n|inactive|LeadTheRise has 15 seconds left.\n|\n|t:|1683222702\n|-terastallize|p2b: Annihilape|Water\n|move|p1b: Indeedee|Follow Me|p1b: Indeedee\n|-singleturn|p1b: Indeedee|move: Follow Me\n|move|p2a: Maushold|Taunt|p1b: Indeedee\n|-start|p1b: Indeedee|move: Taunt\n|move|p2b: Annihilape|Bulk Up|p2b: Annihilape\n|-boost|p2b: Annihilape|atk|1\n|-boost|p2b: Annihilape|def|1\n|move|p1a: Armarouge|Expanding Force|p2b: Annihilape|[spread] p2a,p2b\n|-damage|p2a: Maushold|28\/100\n|-damage|p2b: Annihilape|60\/100\n|\n|-heal|p2b: Annihilape|66\/100|[from] item: Leftovers\n|upkeep\n|turn|2\n|inactive|LeadTheRise has 30 seconds left.\n|inactive|DrSilv3r has 30 seconds left.\n|inactive|LeadTheRise has 20 seconds left.\n|inactive|LeadTheRise has 15 seconds left.\n|inactive|LeadTheRise has 10 seconds left.\n|\n|t:|1683222747\n|switch|p1b: Amoonguss|Amoonguss, L50, M|100\/100\n|move|p2a: Maushold|Beat Up|p2b: Annihilape\n|-damage|p2b: Annihilape|65\/100\n|-damage|p2b: Annihilape|63\/100\n|-damage|p2b: Annihilape|62\/100\n|-damage|p2b: Annihilape|60\/100\n|-hitcount|p2b: Annihilape|4\n|move|p2b: Annihilape|Rage Fist|p1a: Armarouge\n|-supereffective|p1a: Armarouge\n|-damage|p1a: Armarouge|0 fnt\n|faint|p1a: Armarouge\n|\n|-heal|p2b: Annihilape|66\/100|[from] item: Leftovers\n|upkeep\n|inactive|LeadTheRise has 30 seconds left.\n|inactive|LeadTheRise has 20 seconds left.\n|\n|t:|1683222786\n|switch|p1a: Indeedee|Indeedee-F, L50, F|100\/100\n|turn|3\n|\n|t:|1683222798\n|move|p2b: Annihilape|Protect|p2b: Annihilape\n|-singleturn|p2b: Annihilape|Protect\n|move|p1a: Indeedee|Follow Me|p1a: Indeedee\n|-singleturn|p1a: Indeedee|move: Follow Me\n|move|p2a: Maushold|Taunt|p1a: Indeedee\n|-start|p1a: Indeedee|move: Taunt\n|move|p1b: Amoonguss|Clear Smog|p2b: Annihilape\n|-activate|p2b: Annihilape|move: Protect\n|\n|-heal|p2b: Annihilape|73\/100|[from] item: Leftovers\n|upkeep\n|turn|4\n|inactive|LeadTheRise has 30 seconds left.\n|\n|t:|1683222831\n|move|p2a: Maushold|Beat Up|p2b: Annihilape\n|-damage|p2b: Annihilape|72\/100\n|-damage|p2b: Annihilape|70\/100\n|-damage|p2b: Annihilape|69\/100\n|-damage|p2b: Annihilape|67\/100\n|-hitcount|p2b: Annihilape|4\n|move|p2b: Annihilape|Rage Fist|p1b: Amoonguss\n|-damage|p1b: Amoonguss|0 fnt\n|faint|p1b: Amoonguss\n|move|p1a: Indeedee|Dazzling Gleam|p2b: Annihilape|[spread] p2a,p2b\n|-damage|p2a: Maushold|12\/100\n|-damage|p2b: Annihilape|60\/100\n|\n|-heal|p2b: Annihilape|66\/100|[from] item: Leftovers\n|upkeep\n|\n|t:|1683222843\n|switch|p1b: Chien-Pao|Chien-Pao, L50|100\/100\n|-ability|p1b: Chien-Pao|Sword of Ruin\n|turn|5\n|\n|t:|1683222866\n|move|p1b: Chien-Pao|Protect|p1b: Chien-Pao\n|-singleturn|p1b: Chien-Pao|Protect\n|move|p2a: Maushold|Follow Me|p2a: Maushold\n|-singleturn|p2a: Maushold|move: Follow Me\n|move|p2b: Annihilape|Drain Punch|p1b: Chien-Pao\n|-activate|p1b: Chien-Pao|move: Protect\n|move|p1a: Indeedee|Dazzling Gleam|p2b: Annihilape|[spread] p2a,p2b\n|-damage|p2a: Maushold|0 fnt\n|-damage|p2b: Annihilape|58\/100\n|faint|p2a: Maushold\n|\n|-heal|p2b: Annihilape|64\/100|[from] item: Leftovers\n|-fieldend|move: Psychic Terrain\n|upkeep\n|\n|t:|1683222878\n|switch|p2a: Ceruledge|Ceruledge, L50, M, shiny|100\/100\n|turn|6\n|inactive|LeadTheRise has 30 seconds left.\n|inactive|LeadTheRise has 20 seconds left.\n|inactive|LeadTheRise has 15 seconds left.\n|inactive|LeadTheRise has 10 seconds left.\n|\n|t:|1683222927\n|-terastallize|p1b: Chien-Pao|Fire\n|move|p1b: Chien-Pao|Sucker Punch|p2b: Annihilape\n|-damage|p2b: Annihilape|34\/100\n|move|p2b: Annihilape|Drain Punch|p1b: Chien-Pao\n|-damage|p1b: Chien-Pao|25\/100\n|-heal|p2b: Annihilape|63\/100|[from] drain|[of] p1b: Chien-Pao\n|move|p2a: Ceruledge|Bitter Blade|p1b: Chien-Pao\n|-resisted|p1b: Chien-Pao\n|-damage|p1b: Chien-Pao|0 fnt\n|faint|p1b: Chien-Pao\n|move|p1a: Indeedee|Dazzling Gleam|p2a: Ceruledge|[spread] p2a,p2b\n|-resisted|p2a: Ceruledge\n|-damage|p2a: Ceruledge|94\/100\n|-damage|p2b: Annihilape|51\/100\n|\n|-heal|p2b: Annihilape|58\/100|[from] item: Leftovers\n|-end|p1a: Indeedee|move: Taunt\n|upkeep\n|turn|7\n|-message|LeadTheRise forfeited.\n|\n|win|DrSilv3r\n|raw|LeadTheRise's rating: 1057 → 1040<\/strong> (-17 for losing)\n|raw|DrSilv3r's rating: 1088 → 1112<\/strong> (+24 for winning)\n|l|\u2606LeadTheRise\n","uploadtime":1683222970,"views":10,"p1id":"leadtherise","p2id":"drsilv3r","formatid":"gen9vgc2023regulationc","rating":1040,"private":0,"password":""}