{"id":"gen9vgc2023regulationc-1859152418","p1":"Arcacagne","p2":"trick room meta","format":"[Gen 9] VGC 2023 Regulation C","log":"|j|\u2606Arcacagne\n|j|\u2606trick room meta\n|t:|1683410827\n|gametype|doubles\n|player|p1|Arcacagne|170|1327\n|player|p2|trick room meta|170|1260\n|teamsize|p1|6\n|teamsize|p2|6\n|gen|9\n|tier|[Gen 9] VGC 2023 Regulation C\n|rated|\n|rule|Species Clause: Limit one of each Pok\u00e9mon\n|rule|Item Clause: Limit one of each item\n|clearpoke\n|poke|p1|Abomasnow, L50, F|\n|poke|p1|Iron Bundle, L50|\n|poke|p1|Rotom-Heat, L50|\n|poke|p1|Amoonguss, L50, M|\n|poke|p1|Iron Hands, L50|\n|poke|p1|Ting-Lu, L50|\n|poke|p2|Ceruledge, L50, F|\n|poke|p2|Maushold, L50|\n|poke|p2|Gyarados, L50, M|\n|poke|p2|Tsareena, L50, F|\n|poke|p2|Flutter Mane, L50|\n|poke|p2|Dragonite, L50, M|\n|teampreview|4\n|\n|t:|1683410856\n|start\n|switch|p1a: Abomasnow|Abomasnow, L50, F|100\/100\n|switch|p1b: Iron Hands|Iron Hands, L50|100\/100\n|switch|p2a: Ceruledge|Ceruledge, L50, F|100\/100\n|switch|p2b: Maushold|Maushold, L50|100\/100\n|-weather|Snow|[from] ability: Snow Warning|[of] p1a: Abomasnow\n|turn|1\n|\n|t:|1683410876\n|-terastallize|p1a: Abomasnow|Water\n|move|p2b: Maushold|Protect|p2b: Maushold\n|-singleturn|p2b: Maushold|Protect\n|move|p2a: Ceruledge|Bulk Up|p2a: Ceruledge\n|-boost|p2a: Ceruledge|atk|1\n|-boost|p2a: Ceruledge|def|1\n|move|p1a: Abomasnow|Aurora Veil|p1a: Abomasnow\n|-sidestart|p1: Arcacagne|move: Aurora Veil\n|move|p1b: Iron Hands|Volt Switch|p2a: Ceruledge\n|-damage|p2a: Ceruledge|92\/100\n|\n|t:|1683410887\n|-end|p1b: Iron Hands|Quark Drive|[silent]\n|switch|p1b: Iron Bundle|Iron Bundle, L50|100\/100|[from] Volt Switch\n|-enditem|p1b: Iron Bundle|Booster Energy\n|-activate|p1b: Iron Bundle|ability: Quark Drive|[fromitem]\n|-start|p1b: Iron Bundle|quarkdrivespe\n|\n|-weather|Snow|[upkeep]\n|upkeep\n|turn|2\n|\n|t:|1683410905\n|move|p2b: Maushold|Follow Me|p2b: Maushold\n|-singleturn|p2b: Maushold|move: Follow Me\n|move|p1b: Iron Bundle|Hydro Pump|p2b: Maushold|[miss]\n|-miss|p1b: Iron Bundle|p2b: Maushold\n|move|p2a: Ceruledge|Bitter Blade|p1b: Iron Bundle\n|-damage|p1b: Iron Bundle|67\/100\n|-heal|p2a: Ceruledge|100\/100|[from] drain|[of] p1b: Iron Bundle\n|move|p1a: Abomasnow|Blizzard|p2a: Ceruledge|[spread] p2a,p2b\n|-resisted|p2a: Ceruledge\n|-damage|p2a: Ceruledge|88\/100\n|-damage|p2b: Maushold|69\/100\n|-status|p2b: Maushold|frz\n|\n|-weather|Snow|[upkeep]\n|upkeep\n|turn|3\n|inactive|Battle timer is ON: inactive players will automatically lose when time's up. (requested by Arcacagne)\n|\n|t:|1683410940\n|cant|p2b: Maushold|frz\n|move|p2a: Ceruledge|Protect|p2a: Ceruledge\n|-singleturn|p2a: Ceruledge|Protect\n|move|p1b: Iron Bundle|Hydro Pump|p2a: Ceruledge\n|-activate|p2a: Ceruledge|move: Protect\n|move|p1a: Abomasnow|Blizzard|p2b: Maushold|[spread] p2b\n|-activate|p2a: Ceruledge|move: Protect\n|-damage|p2b: Maushold|38\/100 frz\n|\n|-weather|Snow|[upkeep]\n|upkeep\n|turn|4\n|\n|t:|1683410959\n|cant|p2b: Maushold|frz\n|move|p2a: Ceruledge|Shadow Sneak|p1b: Iron Bundle\n|-damage|p1b: Iron Bundle|52\/100\n|move|p1b: Iron Bundle|Hydro Pump|p2a: Ceruledge\n|-supereffective|p2a: Ceruledge\n|-damage|p2a: Ceruledge|23\/100\n|move|p1a: Abomasnow|Blizzard|p2a: Ceruledge|[spread] p2a,p2b\n|-resisted|p2a: Ceruledge\n|-damage|p2a: Ceruledge|11\/100\n|-damage|p2b: Maushold|6\/100 frz\n|\n|-weather|Snow|[upkeep]\n|upkeep\n|turn|5\n|\n|t:|1683410973\n|move|p1b: Iron Bundle|Protect|p1b: Iron Bundle\n|-singleturn|p1b: Iron Bundle|Protect\n|cant|p2b: Maushold|frz\n|move|p2a: Ceruledge|Protect|p2a: Ceruledge\n|-singleturn|p2a: Ceruledge|Protect\n|move|p1a: Abomasnow|Blizzard|p2a: Ceruledge|[spread] p2b\n|-activate|p2a: Ceruledge|move: Protect\n|-damage|p2b: Maushold|0 fnt\n|faint|p2b: Maushold\n|\n|-weather|none\n|upkeep\n|\n|t:|1683410986\n|switch|p2b: Flutter Mane|Flutter Mane, L50|100\/100\n|turn|6\n|\n|t:|1683411005\n|-end|p1b: Iron Bundle|Quark Drive|[silent]\n|switch|p1b: Ting-Lu|Ting-Lu, L50|100\/100\n|-ability|p1b: Ting-Lu|Vessel of Ruin\n|-terastallize|p2b: Flutter Mane|Fairy\n|move|p2a: Ceruledge|Protect||[still]\n|-fail|p2a: Ceruledge\n|move|p2b: Flutter Mane|Dazzling Gleam|p1a: Abomasnow|[spread] p1a,p1b\n|-supereffective|p1b: Ting-Lu\n|-damage|p1a: Abomasnow|69\/100\n|-damage|p1b: Ting-Lu|47\/100\n|move|p1a: Abomasnow|Blizzard|p2a: Ceruledge|[spread] p2a,p2b\n|-resisted|p2a: Ceruledge\n|-damage|p2a: Ceruledge|0 fnt\n|-damage|p2b: Flutter Mane|77\/100\n|faint|p2a: Ceruledge\n|\n|upkeep\n|\n|t:|1683411019\n|switch|p2a: Gyarados|Gyarados, L50, M|100\/100\n|-ability|p2a: Gyarados|Intimidate|boost\n|-unboost|p1a: Abomasnow|atk|1\n|-fail|p1b: Ting-Lu|unboost|[from] item: Clear Amulet|[of] p1b: Ting-Lu\n|turn|7\n|inactive|Arcacagne has 30 seconds left.\n|\n|t:|1683411049\n|switch|p1a: Iron Hands|Iron Hands, L50|100\/100\n|move|p1b: Ting-Lu|Protect|p1b: Ting-Lu\n|-singleturn|p1b: Ting-Lu|Protect\n|move|p2b: Flutter Mane|Dazzling Gleam|p1b: Ting-Lu|[spread] p1a\n|-activate|p1b: Ting-Lu|move: Protect\n|-supereffective|p1a: Iron Hands\n|-damage|p1a: Iron Hands|68\/100\n|move|p2a: Gyarados|Waterfall|p1a: Iron Hands\n|-damage|p1a: Iron Hands|49\/100\n|\n|upkeep\n|turn|8\n|\n|t:|1683411067\n|switch|p1b: Iron Bundle|Iron Bundle, L50|52\/100\n|move|p2b: Flutter Mane|Dazzling Gleam|p1a: Iron Hands|[spread] p1a,p1b\n|-supereffective|p1a: Iron Hands\n|-damage|p1a: Iron Hands|7\/100\n|-damage|p1b: Iron Bundle|0 fnt\n|faint|p1b: Iron Bundle\n|-end|p1b: Iron Bundle|Quark Drive|[silent]\n|move|p2a: Gyarados|Waterfall|p1a: Iron Hands\n|-damage|p1a: Iron Hands|0 fnt\n|faint|p1a: Iron Hands\n|-end|p1a: Iron Hands|Quark Drive|[silent]\n|\n|-sideend|p1: Arcacagne|move: Aurora Veil\n|upkeep\n|c|\u2606Arcacagne|fake out on mane man\n|inactive|Arcacagne has 30 seconds left.\n|\n|t:|1683411093\n|switch|p1b: Ting-Lu|Ting-Lu, L50|47\/100\n|switch|p1a: Abomasnow|Abomasnow, L50, F, tera:Water|69\/100\n|-weather|Snow|[from] ability: Snow Warning|[of] p1a: Abomasnow\n|-ability|p1b: Ting-Lu|Vessel of Ruin\n|turn|9\n|c|\u2606trick room meta|yup\n|c|\u2606trick room meta|that was the play\n|\n|t:|1683411111\n|move|p1b: Ting-Lu|Protect|p1b: Ting-Lu\n|-singleturn|p1b: Ting-Lu|Protect\n|move|p2b: Flutter Mane|Dazzling Gleam|p1a: Abomasnow|[spread] p1a\n|-activate|p1b: Ting-Lu|move: Protect\n|-damage|p1a: Abomasnow|17\/100\n|move|p2a: Gyarados|Waterfall|p1a: Abomasnow\n|-resisted|p1a: Abomasnow\n|-damage|p1a: Abomasnow|0 fnt\n|faint|p1a: Abomasnow\n|\n|-weather|Snow|[upkeep]\n|upkeep\n|turn|10\n|c|\u2606Arcacagne|and you should protect\n|c|\u2606Arcacagne|because of that\n|c|\u2606Arcacagne|non sense\n|\n|t:|1683411133\n|move|p2b: Flutter Mane|Dazzling Gleam|p1b: Ting-Lu\n|-supereffective|p1b: Ting-Lu\n|-damage|p1b: Ting-Lu|0 fnt\n|faint|p1b: Ting-Lu\n|\n|win|trick room meta\n|raw|Arcacagne's rating: 1327 → 1303<\/strong> (-24 for losing)\n|raw|trick room meta's rating: 1260 → 1290<\/strong> (+30 for winning)\n|c|\u2606trick room meta|specs homie\n|c|\u2606trick room meta|gg\n|c|\u2606Arcacagne|ok gg\n|l|\u2606Arcacagne\n","uploadtime":1683411146,"views":15,"p1id":"arcacagne","p2id":"trickroommeta","formatid":"gen9vgc2023regulationc","rating":1290,"private":0,"password":""}