{"id":"gen9vgc2023regulationc-1846003069","p1":"I LOVE STONJOURNER","p2":"HitFissureThenLose","format":"[Gen 9] VGC 2023 Regulation C","log":"|j|\u2606I LOVE STONJOURNER\n|j|\u2606HitFissureThenLose\n|t:|1681789846\n|gametype|doubles\n|player|p1|I LOVE STONJOURNER|cyrus|\n|player|p2|HitFissureThenLose|red|\n|teamsize|p1|6\n|teamsize|p2|6\n|gen|9\n|tier|[Gen 9] VGC 2023 Regulation C\n|rule|Species Clause: Limit one of each Pok\u00e9mon\n|rule|Item Clause: Limit one of each item\n|clearpoke\n|poke|p1|Palafin, L50, M|\n|poke|p1|Arcanine, L50, M|\n|poke|p1|Amoonguss, L50, F|\n|poke|p1|Flutter Mane, L50|\n|poke|p1|Baxcalibur, L50, F|\n|poke|p1|Ting-Lu, L50|\n|poke|p2|Toxapex, L50, F|\n|poke|p2|Ting-Lu, L50|\n|poke|p2|Grimmsnarl, L50, M|\n|poke|p2|Corviknight, L50, F|\n|poke|p2|Chi-Yu, L50|\n|poke|p2|Wo-Chien, L50|\n|teampreview|4\nHitFissureThenLose has agreed to open team sheets.\nI LOVE STONJOURNER has agreed to open team sheets.\n|\n|t:|1681789925\n|start\n|switch|p1a: Baxcalibur|Baxcalibur, L50, F|100\/100\n|switch|p1b: Palafin|Palafin, L50, M|100\/100\n|switch|p2a: Grimmsnarl|Grimmsnarl, L50, M|100\/100\n|switch|p2b: Toxapex|Toxapex, L50, F|100\/100\n|turn|1\n|\n|t:|1681789960\n|-terastallize|p1b: Palafin|Water\n|move|p2a: Grimmsnarl|Reflect|p2a: Grimmsnarl\n|-sidestart|p2: HitFissureThenLose|Reflect\n|move|p1b: Palafin|Wave Crash|p2a: Grimmsnarl\n|-damage|p2a: Grimmsnarl|53\/100\n|-damage|p1b: Palafin|83\/100|[from] Recoil\n|move|p1a: Baxcalibur|Icicle Crash|p2a: Grimmsnarl\n|-damage|p2a: Grimmsnarl|19\/100\n|move|p2b: Toxapex|Infestation|p1b: Palafin\n|-damage|p1b: Palafin|79\/100\n|-activate|p1b: Palafin|move: Infestation|[of] p2b: Toxapex\n|\n|-damage|p1b: Palafin|67\/100|[from] move: Infestation|[partiallytrapped]\n|upkeep\n|turn|2\n|\n|t:|1681789981\n|switch|p2a: Wo-Chien|Wo-Chien, L50|100\/100\n|-ability|p2a: Wo-Chien|Tablets of Ruin\n|move|p1b: Palafin|Protect|p1b: Palafin\n|-singleturn|p1b: Palafin|Protect\n|move|p1a: Baxcalibur|Icicle Crash|p2a: Wo-Chien\n|-supereffective|p2a: Wo-Chien\n|-damage|p2a: Wo-Chien|57\/100\n|move|p2b: Toxapex|Infestation|p1a: Baxcalibur\n|-damage|p1a: Baxcalibur|97\/100\n|-activate|p1a: Baxcalibur|move: Infestation|[of] p2b: Toxapex\n|\n|-damage|p1b: Palafin|54\/100|[from] move: Infestation|[partiallytrapped]\n|-damage|p1a: Baxcalibur|85\/100|[from] move: Infestation|[partiallytrapped]\n|upkeep\n|turn|3\n|\n|t:|1681790007\n|move|p1b: Palafin|Substitute|p1b: Palafin\n|-start|p1b: Palafin|Substitute\n|-end|p1b: Palafin|Infestation|[partiallytrapped]|[silent]\n|-damage|p1b: Palafin|29\/100\n|move|p1a: Baxcalibur|Glaive Rush|p2b: Toxapex\n|-damage|p2b: Toxapex|72\/100\n|-singlemove|p1a: Baxcalibur|Glaive Rush|[silent]\n|move|p2a: Wo-Chien|Leech Seed||[still]\n|-fail|p2a: Wo-Chien\n|move|p2b: Toxapex|Toxic|p1a: Baxcalibur\n|-status|p1a: Baxcalibur|tox\n|\n|-heal|p2b: Toxapex|78\/100|[from] item: Leftovers\n|-damage|p1a: Baxcalibur|79\/100 tox|[from] psn\n|-damage|p1a: Baxcalibur|67\/100 tox|[from] move: Infestation|[partiallytrapped]\n|upkeep\n|turn|4\n|\n|t:|1681790053\n|move|p1b: Palafin|Wave Crash|p2a: Wo-Chien\n|-resisted|p2a: Wo-Chien\n|-damage|p2a: Wo-Chien|41\/100\n|-enditem|p2a: Wo-Chien|Sitrus Berry|[eat]\n|-heal|p2a: Wo-Chien|66\/100|[from] item: Sitrus Berry\n|-damage|p1b: Palafin|24\/100|[from] Recoil\n|move|p1a: Baxcalibur|Icicle Crash|p2a: Wo-Chien\n|-supereffective|p2a: Wo-Chien\n|-damage|p2a: Wo-Chien|18\/100\n|move|p2a: Wo-Chien|Leech Seed|p1a: Baxcalibur\n|-start|p1a: Baxcalibur|move: Leech Seed\n|move|p2b: Toxapex|Recover|p2b: Toxapex\n|-heal|p2b: Toxapex|100\/100\n|\n|-damage|p1a: Baxcalibur|55\/100 tox|[from] Leech Seed|[of] p2a: Wo-Chien\n|-heal|p2a: Wo-Chien|32\/100|[silent]\n|-damage|p1a: Baxcalibur|43\/100 tox|[from] psn\n|-damage|p1a: Baxcalibur|31\/100 tox|[from] move: Infestation|[partiallytrapped]\n|upkeep\n|turn|5\n|\n|t:|1681790090\n|detailschange|p1b: Palafin|Palafin-Hero, L50, M, tera:Water\n|switch|p1b: Flutter Mane|Flutter Mane, L50|100\/100\n|move|p2a: Wo-Chien|Protect|p2a: Wo-Chien\n|-singleturn|p2a: Wo-Chien|Protect\n|move|p2b: Toxapex|Baneful Bunker|p2b: Toxapex\n|-singleturn|p2b: Toxapex|move: Protect\n|move|p1a: Baxcalibur|Icicle Crash|p2b: Toxapex\n|-activate|p2b: Toxapex|move: Protect\n|\n|-damage|p1a: Baxcalibur|19\/100 tox|[from] Leech Seed|[of] p2a: Wo-Chien\n|-heal|p2a: Wo-Chien|45\/100|[silent]\n|-damage|p1a: Baxcalibur|2\/100 tox|[from] psn\n|-damage|p1a: Baxcalibur|0 fnt|[from] move: Infestation|[partiallytrapped]\n|faint|p1a: Baxcalibur\n|upkeep\n|\n|t:|1681790106\n|switch|p1a: Amoonguss|Amoonguss, L50, F|100\/100\n|turn|6\n|\n|t:|1681790124\n|switch|p2a: Corviknight|Corviknight, L50, F|100\/100\n|move|p1b: Flutter Mane|Moonblast|p2a: Corviknight\n|-resisted|p2a: Corviknight\n|-damage|p2a: Corviknight|68\/100\n|move|p2b: Toxapex|Infestation|p1a: Amoonguss\n|-damage|p1a: Amoonguss|98\/100\n|-activate|p1a: Amoonguss|move: Infestation|[of] p2b: Toxapex\n|move|p1a: Amoonguss|Spore|p2b: Toxapex\n|-status|p2b: Toxapex|slp|[from] move: Spore\n|\n|-damage|p1a: Amoonguss|85\/100|[from] move: Infestation|[partiallytrapped]\n|upkeep\n|turn|7\n|\n|t:|1681790169\n|cant|p2b: Toxapex|slp\n|move|p1b: Flutter Mane|Moonblast|p2a: Corviknight\n|-resisted|p2a: Corviknight\n|-damage|p2a: Corviknight|33\/100\n|move|p2a: Corviknight|Brave Bird|p1b: Flutter Mane\n|-damage|p1b: Flutter Mane|28\/100\n|-damage|p2a: Corviknight|16\/100|[from] Recoil\n|move|p1a: Amoonguss|Pollen Puff|p1b: Flutter Mane\n|-heal|p1b: Flutter Mane|78\/100\n|\n|-damage|p1a: Amoonguss|73\/100|[from] move: Infestation|[partiallytrapped]\n|upkeep\n|turn|8\n|\n|t:|1681790214\n|switch|p2a: Wo-Chien|Wo-Chien, L50|45\/100\n|-ability|p2a: Wo-Chien|Tablets of Ruin\n|move|p1b: Flutter Mane|Moonblast|p2a: Wo-Chien\n|-supereffective|p2a: Wo-Chien\n|-damage|p2a: Wo-Chien|0 fnt\n|faint|p2a: Wo-Chien\n|-curestatus|p2b: Toxapex|slp|[msg]\n|move|p2b: Toxapex|Toxic|p1b: Flutter Mane\n|-status|p1b: Flutter Mane|tox\n|move|p1a: Amoonguss|Spore|p2b: Toxapex\n|-status|p2b: Toxapex|slp|[from] move: Spore\n|\n|-damage|p1b: Flutter Mane|73\/100 tox|[from] psn\n|-damage|p1a: Amoonguss|61\/100|[from] move: Infestation|[partiallytrapped]\n|-sideend|p2: HitFissureThenLose|Reflect\n|upkeep\n|\n|t:|1681790216\n|switch|p2a: Grimmsnarl|Grimmsnarl, L50, M|19\/100\n|turn|9\n|\n|t:|1681790237\n|move|p2a: Grimmsnarl|Light Screen|p2a: Grimmsnarl\n|-sidestart|p2: HitFissureThenLose|move: Light Screen\n|move|p1b: Flutter Mane|Moonblast|p2a: Grimmsnarl\n|-supereffective|p2a: Grimmsnarl\n|-damage|p2a: Grimmsnarl|0 fnt\n|faint|p2a: Grimmsnarl\n|cant|p2b: Toxapex|slp\n|move|p1a: Amoonguss|Pollen Puff|p1b: Flutter Mane\n|-heal|p1b: Flutter Mane|100\/100 tox\n|\n|-damage|p1b: Flutter Mane|89\/100 tox|[from] psn\n|-damage|p1a: Amoonguss|48\/100|[from] move: Infestation|[partiallytrapped]\n|upkeep\n|\n|t:|1681790240\n|switch|p2a: Corviknight|Corviknight, L50, F|16\/100\n|turn|10\n|\n|t:|1681790260\n|-end|p1b: Flutter Mane|Protosynthesis|[silent]\n|switch|p1b: Palafin|Palafin-Hero, L50, M, tera:Water|24\/100\n|-activate|p1b: Palafin|ability: Zero to Hero\n|-terastallize|p2a: Corviknight|Fire\n|move|p1a: Amoonguss|Rage Powder|p1a: Amoonguss\n|-singleturn|p1a: Amoonguss|move: Rage Powder\n|move|p2a: Corviknight|Iron Head|p1b: Palafin\n|-resisted|p1b: Palafin\n|-damage|p1b: Palafin|8\/100\n|cant|p2b: Toxapex|slp\n|\n|-damage|p1a: Amoonguss|36\/100|[from] move: Infestation|[partiallytrapped]\n|upkeep\n|turn|11\n|\n|t:|1681790284\n|move|p1b: Palafin|Jet Punch|p2a: Corviknight\n|-supereffective|p2a: Corviknight\n|-damage|p2a: Corviknight|0 fnt\n|faint|p2a: Corviknight\n|-curestatus|p2b: Toxapex|slp|[msg]\n|move|p2b: Toxapex|Toxic|p1b: Palafin\n|-status|p1b: Palafin|tox\n|move|p1a: Amoonguss|Pollen Puff|p1b: Palafin\n|-heal|p1b: Palafin|58\/100 tox\n|\n|-damage|p1b: Palafin|52\/100 tox|[from] psn\n|-end|p1a: Amoonguss|Infestation|[partiallytrapped]\n|upkeep\n|turn|12\n|\n|t:|1681790302\n|switch|p1a: Flutter Mane|Flutter Mane, L50|89\/100 tox\n|move|p1b: Palafin|Wave Crash|p2b: Toxapex\n|-resisted|p2b: Toxapex\n|-damage|p2b: Toxapex|58\/100\n|-damage|p1b: Palafin|40\/100 tox|[from] Recoil\n|move|p2b: Toxapex|Infestation|p1b: Palafin\n|-damage|p1b: Palafin|36\/100 tox\n|-activate|p1b: Palafin|move: Infestation|[of] p2b: Toxapex\n|\n|-heal|p2b: Toxapex|64\/100|[from] item: Leftovers\n|-damage|p1a: Flutter Mane|84\/100 tox|[from] psn\n|-damage|p1b: Palafin|24\/100 tox|[from] psn\n|-damage|p1b: Palafin|12\/100 tox|[from] move: Infestation|[partiallytrapped]\n|upkeep\n|turn|13\n|\n|t:|1681790318\n|move|p2b: Toxapex|Baneful Bunker|p2b: Toxapex\n|-singleturn|p2b: Toxapex|move: Protect\n|move|p1a: Flutter Mane|Thunderbolt|p2b: Toxapex\n|-activate|p2b: Toxapex|move: Protect\n|move|p1b: Palafin|Wave Crash|p2b: Toxapex\n|-activate|p2b: Toxapex|move: Protect\n|\n|-heal|p2b: Toxapex|69\/100|[from] item: Leftovers\n|-damage|p1a: Flutter Mane|73\/100 tox|[from] psn\n|-damage|p1b: Palafin|0 fnt|[from] psn\n|faint|p1b: Palafin\n|upkeep\n|\n|t:|1681790321\n|switch|p1b: Amoonguss|Amoonguss, L50, F|69\/100\n|turn|14\n|\n|t:|1681790324\n|move|p1a: Flutter Mane|Thunderbolt|p2b: Toxapex\n|-supereffective|p2b: Toxapex\n|-damage|p2b: Toxapex|21\/100\n|move|p2b: Toxapex|Recover|p2b: Toxapex\n|-heal|p2b: Toxapex|71\/100\n|move|p1b: Amoonguss|Spore|p2b: Toxapex\n|-status|p2b: Toxapex|slp|[from] move: Spore\n|\n|-heal|p2b: Toxapex|77\/100 slp|[from] item: Leftovers\n|-damage|p1a: Flutter Mane|56\/100 tox|[from] psn\n|upkeep\n|turn|15\n|\n|t:|1681790338\n|move|p1a: Flutter Mane|Thunderbolt|p2b: Toxapex\n|-supereffective|p2b: Toxapex\n|-crit|p2b: Toxapex\n|-damage|p2b: Toxapex|0 fnt\n|faint|p2b: Toxapex\n|\n|win|I LOVE STONJOURNER\n|c|\u2606I LOVE STONJOURNER|gg\n|c|\u2606HitFissureThenLose|gg\n|l|\u2606HitFissureThenLose\n","uploadtime":1681790851,"views":8,"p1id":"ilovestonjourner","p2id":"hitfissurethenlose","formatid":"gen9vgc2023regulationc","rating":0,"private":0,"password":""}