{"id":"gen9vgc2023regulationc-1863161456","p1":"qouwaadiesr","p2":"CAUSEIMJP","format":"[Gen 9] VGC 2023 Regulation C","log":"|j|\u2606qouwaadiesr\n|j|\u2606CAUSEIMJP\n|t:|1683981810\n|gametype|doubles\n|player|p1|qouwaadiesr|lucas|1152\n|player|p2|CAUSEIMJP|265|1052\n|teamsize|p1|6\n|teamsize|p2|6\n|gen|9\n|tier|[Gen 9] VGC 2023 Regulation C\n|rated|\n|rule|Species Clause: Limit one of each Pok\u00e9mon\n|rule|Item Clause: Limit one of each item\n|clearpoke\n|poke|p1|Garchomp, L50, F|\n|poke|p1|Tyranitar, L50, F|\n|poke|p1|Lycanroc, L50, F|\n|poke|p1|Corviknight, L50, M|\n|poke|p1|Flutter Mane, L50|\n|poke|p1|Noivern, L50, F|\n|poke|p2|Riolu, L50, F|\n|poke|p2|Salamence, L50, F|\n|poke|p2|Flutter Mane, L50|\n|poke|p2|Farigiraf, L50, M|\n|poke|p2|Amoonguss, L50, F|\n|poke|p2|Salazzle, L50, F|\n|teampreview|4\n|inactive|Battle timer is ON: inactive players will automatically lose when time's up. (requested by qouwaadiesr)\nqouwaadiesr has agreed to open team sheets.\nCAUSEIMJP has agreed to open team sheets.\n|inactive|qouwaadiesr has 60 seconds left.\n|inactive|CAUSEIMJP has 60 seconds left.\n|inactive|qouwaadiesr has 30 seconds left.\n|inactive|CAUSEIMJP has 30 seconds left.\n|inactive|qouwaadiesr has 20 seconds left.\n|inactive|qouwaadiesr has 15 seconds left.\n|\n|t:|1683981887\n|start\n|switch|p1a: Noivern|Noivern, L50, F|100\/100\n|switch|p1b: Garchomp|Garchomp, L50, F|100\/100\n|switch|p2a: Riolu|Riolu, L50, F|100\/100\n|switch|p2b: Salamence|Salamence, L50, F|100\/100\n|-ability|p2b: Salamence|Intimidate|boost\n|-unboost|p1a: Noivern|atk|1\n|-unboost|p1b: Garchomp|atk|1\n|-item|p2a: Riolu|Focus Sash|[from] ability: Frisk|[of] p1a: Noivern|[identify]\n|-item|p2b: Salamence|Choice Scarf|[from] ability: Frisk|[of] p1a: Noivern|[identify]\n|turn|1\n|inactive|qouwaadiesr has 30 seconds left.\n|inactive|qouwaadiesr has 20 seconds left.\n|inactive|qouwaadiesr has 15 seconds left.\n|inactive|qouwaadiesr has 10 seconds left.\n|inactive|qouwaadiesr has 5 seconds left.\n|\n|t:|1683981939\n|-terastallize|p1a: Noivern|Normal\n|move|p1b: Garchomp|Protect|p1b: Garchomp\n|-singleturn|p1b: Garchomp|Protect\n|move|p2a: Riolu|Howl|p2a: Riolu|[spread] p2a,p2b\n|-boost|p2a: Riolu|atk|1\n|-boost|p2b: Salamence|atk|1\n|move|p2b: Salamence|Rock Slide|p1b: Garchomp|[spread] p1a\n|-activate|p1b: Garchomp|move: Protect\n|-damage|p1a: Noivern|60\/100\n|cant|p1a: Noivern|flinch\n|\n|upkeep\n|turn|2\n|\n|t:|1683981959\n|move|p2a: Riolu|Howl|p2a: Riolu|[spread] p2a,p2b\n|-boost|p2a: Riolu|atk|1\n|-boost|p2b: Salamence|atk|1\n|move|p2b: Salamence|Rock Slide|p1a: Noivern|[spread] p1a\n|-miss|p2b: Salamence|p1b: Garchomp\n|-damage|p1a: Noivern|7\/100\n|cant|p1a: Noivern|flinch\n|move|p1b: Garchomp|Dragon Claw|p2b: Salamence\n|-supereffective|p2b: Salamence\n|-damage|p2b: Salamence|36\/100\n|\n|upkeep\n|turn|3\n|inactive|CAUSEIMJP has 30 seconds left.\n|\n|t:|1683981990\n|move|p1a: Noivern|Protect|p1a: Noivern\n|-singleturn|p1a: Noivern|Protect\n|move|p2a: Riolu|Howl|p2a: Riolu|[spread] p2a,p2b\n|-boost|p2a: Riolu|atk|1\n|-boost|p2b: Salamence|atk|1\n|move|p2b: Salamence|Rock Slide|p1b: Garchomp|[spread] p1b\n|-activate|p1a: Noivern|move: Protect\n|-resisted|p1b: Garchomp\n|-damage|p1b: Garchomp|75\/100\n|cant|p1b: Garchomp|flinch\n|\n|upkeep\n|turn|4\n|inactive|CAUSEIMJP has 30 seconds left.\n|\n|t:|1683982016\n|switch|p1a: Tyranitar|Tyranitar, L50, F|100\/100\n|-weather|Sandstorm|[from] ability: Sand Stream|[of] p1a: Tyranitar\n|move|p2a: Riolu|Sunny Day|p2a: Riolu\n|-weather|SunnyDay\n|move|p2b: Salamence|Rock Slide|p1b: Garchomp|[spread] p1a,p1b\n|-resisted|p1b: Garchomp\n|-damage|p1a: Tyranitar|69\/100\n|-damage|p1b: Garchomp|52\/100\n|move|p1b: Garchomp|Dragon Claw|p2b: Salamence\n|-supereffective|p2b: Salamence\n|-damage|p2b: Salamence|0 fnt\n|faint|p2b: Salamence\n|\n|-weather|SunnyDay|[upkeep]\n|upkeep\n|\n|t:|1683982027\n|switch|p2b: Flutter Mane|Flutter Mane, L50|100\/100\n|-activate|p2b: Flutter Mane|ability: Protosynthesis\n|-start|p2b: Flutter Mane|protosynthesisspa\n|turn|5\n|inactive|qouwaadiesr has 30 seconds left.\n|\n|t:|1683982058\n|switch|p1a: Corviknight|Corviknight, L50, M|100\/100\n|move|p1b: Garchomp|Protect|p1b: Garchomp\n|-singleturn|p1b: Garchomp|Protect\n|move|p2b: Flutter Mane|Dazzling Gleam|p1b: Garchomp|[spread] p1a\n|-activate|p1b: Garchomp|move: Protect\n|-resisted|p1a: Corviknight\n|-crit|p1a: Corviknight\n|-damage|p1a: Corviknight|59\/100\n|move|p2a: Riolu|Low Kick|p1a: Corviknight\n|-damage|p1a: Corviknight|15\/100\n|-enditem|p1a: Corviknight|Sitrus Berry|[eat]\n|-heal|p1a: Corviknight|40\/100|[from] item: Sitrus Berry\n|\n|-weather|SunnyDay|[upkeep]\n|upkeep\n|turn|6\n|\n|t:|1683982078\n|switch|p1b: Tyranitar|Tyranitar, L50, F|69\/100\n|-weather|Sandstorm|[from] ability: Sand Stream|[of] p1b: Tyranitar\n|-end|p2b: Flutter Mane|Protosynthesis\n|move|p2a: Riolu|Detect|p2a: Riolu\n|-singleturn|p2a: Riolu|Protect\n|move|p2b: Flutter Mane|Dazzling Gleam|p1b: Tyranitar|[spread] p1a,p1b\n|-resisted|p1a: Corviknight\n|-supereffective|p1b: Tyranitar\n|-damage|p1a: Corviknight|19\/100\n|-damage|p1b: Tyranitar|31\/100\n|move|p1a: Corviknight|Tailwind|p1a: Corviknight\n|-sidestart|p1: qouwaadiesr|move: Tailwind\n|\n|-weather|Sandstorm|[upkeep]\n|-damage|p2b: Flutter Mane|95\/100|[from] Sandstorm\n|-damage|p2a: Riolu|94\/100|[from] Sandstorm\n|upkeep\n|turn|7\n|inactive|qouwaadiesr has 30 seconds left.\n|\n|t:|1683982109\n|move|p2a: Riolu|Sunny Day|p2a: Riolu\n|-weather|SunnyDay\n|-activate|p2b: Flutter Mane|ability: Protosynthesis\n|-start|p2b: Flutter Mane|protosynthesisspa\n|move|p1a: Corviknight|Drill Peck|p2b: Flutter Mane\n|-damage|p2b: Flutter Mane|59\/100\n|move|p2b: Flutter Mane|Dazzling Gleam|p1b: Tyranitar|[spread] p1a,p1b\n|-resisted|p1a: Corviknight\n|-supereffective|p1b: Tyranitar\n|-damage|p1a: Corviknight|0 fnt\n|-damage|p1b: Tyranitar|0 fnt\n|faint|p1a: Corviknight\n|faint|p1b: Tyranitar\n|\n|-weather|SunnyDay|[upkeep]\n|upkeep\n|\n|t:|1683982117\n|switch|p1a: Garchomp|Garchomp, L50, F|52\/100\n|switch|p1b: Noivern|Noivern, L50, F, tera:Normal|7\/100\n|-item|p2a: Riolu|Focus Sash|[from] ability: Frisk|[of] p1b: Noivern|[identify]\n|-item|p2b: Flutter Mane|Choice Specs|[from] ability: Frisk|[of] p1b: Noivern|[identify]\n|turn|8\n|\n|t:|1683982138\n|-terastallize|p2b: Flutter Mane|Fairy\n|move|p2a: Riolu|Detect|p2a: Riolu\n|-singleturn|p2a: Riolu|Protect\n|move|p1b: Noivern|Hurricane|p2b: Flutter Mane|[miss]\n|-miss|p1b: Noivern|p2b: Flutter Mane\n|move|p1a: Garchomp|Iron Head|p2b: Flutter Mane\n|-supereffective|p2b: Flutter Mane\n|-damage|p2b: Flutter Mane|0 fnt\n|faint|p2b: Flutter Mane\n|-end|p2b: Flutter Mane|Protosynthesis|[silent]\n|\n|-weather|SunnyDay|[upkeep]\n|upkeep\n|\n|t:|1683982149\n|switch|p2b: Salazzle|Salazzle, L50, F, shiny|100\/100\n|turn|9\n|\n|t:|1683982159\n|move|p1b: Noivern|Protect|p1b: Noivern\n|-singleturn|p1b: Noivern|Protect\n|move|p2b: Salazzle|Fake Out|p1b: Noivern\n|-activate|p1b: Noivern|move: Protect\n|move|p1a: Garchomp|Earthquake|p2b: Salazzle|[spread] p2a,p2b\n|-activate|p1b: Noivern|move: Protect\n|-supereffective|p2b: Salazzle\n|-damage|p2a: Riolu|0 fnt\n|-damage|p2b: Salazzle|0 fnt\n|faint|p2a: Riolu\n|faint|p2b: Salazzle\n|\n|win|qouwaadiesr\n|raw|qouwaadiesr's rating: 1152 → 1170<\/strong> (+18 for winning)\n|raw|CAUSEIMJP's rating: 1052 → 1039<\/strong> (-13 for losing)\n","uploadtime":1683982178,"views":14,"p1id":"qouwaadiesr","p2id":"causeimjp","formatid":"gen9vgc2023regulationc","rating":1039,"private":0,"password":""}