{"id":"gen9vgc2023regulationc-1858223258","p1":"XJ09","p2":"Draxolotl","format":"[Gen 9] VGC 2023 Regulation C","log":"|j|\u2606XJ09\n|j|\u2606Draxolotl\n|t:|1683292725\n|gametype|doubles\n|player|p1|XJ09|cynthia|1301\n|player|p2|Draxolotl|iris-gen5bw2|1290\n|teamsize|p1|6\n|teamsize|p2|6\n|gen|9\n|tier|[Gen 9] VGC 2023 Regulation C\n|rated|\n|rule|Species Clause: Limit one of each Pok\u00e9mon\n|rule|Item Clause: Limit one of each item\n|clearpoke\n|poke|p1|Roaring Moon, L50|\n|poke|p1|Garganacl, L50, F|\n|poke|p1|Ting-Lu, L50|\n|poke|p1|Gyarados, L50, F|\n|poke|p1|Annihilape, L50, F|\n|poke|p1|Grimmsnarl, L50, M|\n|poke|p2|Flutter Mane, L50|\n|poke|p2|Chien-Pao, L50|\n|poke|p2|Ceruledge, L50, F|\n|poke|p2|Gastrodon, L50, M|\n|poke|p2|Scizor, L50, F|\n|poke|p2|Amoonguss, L50, F|\n|teampreview|4\n|inactive|Battle timer is ON: inactive players will automatically lose when time's up. (requested by Draxolotl)\n|inactive|Draxolotl has 60 seconds left.\n|\n|t:|1683292764\n|start\n|switch|p1a: Grimmsnarl|Grimmsnarl, L50, M|100\/100\n|switch|p1b: Ting-Lu|Ting-Lu, L50|100\/100\n|switch|p2a: Flutter Mane|Flutter Mane, L50|100\/100\n|switch|p2b: Amoonguss|Amoonguss, L50, F|100\/100\n|-ability|p1b: Ting-Lu|Vessel of Ruin\n|turn|1\n|inactive|XJ09 has 30 seconds left.\n|\n|t:|1683292791\n|-terastallize|p2a: Flutter Mane|Fairy\n|-terastallize|p1b: Ting-Lu|Grass\n|move|p1a: Grimmsnarl|Parting Shot|p2a: Flutter Mane\n|-unboost|p2a: Flutter Mane|atk|1\n|-unboost|p2a: Flutter Mane|spa|1\n|\n|t:|1683292800\n|switch|p1a: Gyarados|Gyarados, L50, F|100\/100|[from] Parting Shot\n|-ability|p1a: Gyarados|Intimidate|boost\n|-unboost|p2a: Flutter Mane|atk|1\n|-unboost|p2b: Amoonguss|atk|1\n|move|p2a: Flutter Mane|Moonblast|p1b: Ting-Lu\n|-damage|p1b: Ting-Lu|74\/100\n|move|p1b: Ting-Lu|Fissure|p2b: Amoonguss|[miss]\n|-miss|p1b: Ting-Lu|p2b: Amoonguss\n|move|p2b: Amoonguss|Spore|p1a: Gyarados\n|-status|p1a: Gyarados|slp|[from] move: Spore\n|\n|upkeep\n|turn|2\n|inactive|XJ09 has 30 seconds left.\n|inactive|Draxolotl has 30 seconds left.\n|\n|t:|1683292834\n|-end|p2a: Flutter Mane|Protosynthesis|[silent]\n|switch|p2a: Chien-Pao|Chien-Pao, L50|100\/100\n|-ability|p2a: Chien-Pao|Sword of Ruin\n|cant|p1a: Gyarados|slp\n|move|p1b: Ting-Lu|Stomping Tantrum|p2a: Chien-Pao\n|-damage|p2a: Chien-Pao|11\/100\n|move|p2b: Amoonguss|Pollen Puff|p1b: Ting-Lu\n|-supereffective|p1b: Ting-Lu\n|-damage|p1b: Ting-Lu|58\/100\n|\n|upkeep\n|turn|3\n|inactive|XJ09 has 30 seconds left.\n|\n|t:|1683292861\n|cant|p1a: Gyarados|slp\n|move|p2a: Chien-Pao|Ice Spinner|p1b: Ting-Lu\n|-supereffective|p1b: Ting-Lu\n|-damage|p1b: Ting-Lu|7\/100\n|move|p1b: Ting-Lu|Fissure|p2b: Amoonguss|[miss]\n|-miss|p1b: Ting-Lu|p2b: Amoonguss\n|move|p2b: Amoonguss|Pollen Puff|p2a: Chien-Pao\n|-heal|p2a: Chien-Pao|61\/100\n|\n|upkeep\n|turn|4\n|\n|t:|1683292883\n|move|p2a: Chien-Pao|Protect|p2a: Chien-Pao\n|-singleturn|p2a: Chien-Pao|Protect\n|-curestatus|p1a: Gyarados|slp|[msg]\n|move|p1a: Gyarados|Waterfall|p2a: Chien-Pao\n|-activate|p2a: Chien-Pao|move: Protect\n|move|p1b: Ting-Lu|Fissure|p2b: Amoonguss\n|-damage|p2b: Amoonguss|0 fnt\n|faint|p2b: Amoonguss\n|-ohko\n|\n|upkeep\n|\n|t:|1683292893\n|switch|p2b: Scizor|Scizor, L50, F|100\/100\n|turn|5\n|\n|t:|1683292915\n|move|p2a: Chien-Pao|Sucker Punch|p1a: Gyarados\n|-damage|p1a: Gyarados|31\/100\n|move|p2b: Scizor|Bullet Punch|p1b: Ting-Lu\n|-damage|p1b: Ting-Lu|0 fnt\n|faint|p1b: Ting-Lu\n|-damage|p2b: Scizor|91\/100|[from] item: Life Orb\n|move|p1a: Gyarados|Waterfall|p2a: Chien-Pao\n|-damage|p2a: Chien-Pao|0 fnt\n|faint|p2a: Chien-Pao\n|\n|upkeep\n|inactive|XJ09 has 30 seconds left.\n|\n|t:|1683292941\n|switch|p2a: Flutter Mane|Flutter Mane, L50, tera:Fairy|100\/100\n|switch|p1b: Grimmsnarl|Grimmsnarl, L50, M|100\/100\n|turn|6\n|inactive|Draxolotl has 30 seconds left.\n|\n|t:|1683292970\n|switch|p1a: Annihilape|Annihilape, L50, F|100\/100\n|move|p2b: Scizor|Bullet Punch|p1b: Grimmsnarl\n|-supereffective|p1b: Grimmsnarl\n|-damage|p1b: Grimmsnarl|19\/100\n|-damage|p2b: Scizor|81\/100|[from] item: Life Orb\n|move|p1b: Grimmsnarl|Parting Shot|p2a: Flutter Mane\n|-unboost|p2a: Flutter Mane|atk|1\n|-unboost|p2a: Flutter Mane|spa|1\n|\n|t:|1683292980\n|switch|p1b: Gyarados|Gyarados, L50, F|31\/100|[from] Parting Shot\n|-ability|p1b: Gyarados|Intimidate|boost\n|-unboost|p2a: Flutter Mane|atk|1\n|-unboost|p2b: Scizor|atk|1\n|move|p2a: Flutter Mane|Dazzling Gleam|p1b: Gyarados|[spread] p1a,p1b\n|-supereffective|p1a: Annihilape\n|-damage|p1a: Annihilape|47\/100\n|-damage|p1b: Gyarados|0 fnt\n|-enditem|p1a: Annihilape|Sitrus Berry|[eat]\n|-heal|p1a: Annihilape|72\/100|[from] item: Sitrus Berry\n|faint|p1b: Gyarados\n|\n|upkeep\n|\n|t:|1683292996\n|switch|p1b: Grimmsnarl|Grimmsnarl, L50, M|19\/100\n|turn|7\n|\n|t:|1683293011\n|move|p2b: Scizor|Bullet Punch|p1b: Grimmsnarl\n|-supereffective|p1b: Grimmsnarl\n|-damage|p1b: Grimmsnarl|0 fnt\n|faint|p1b: Grimmsnarl\n|-damage|p2b: Scizor|71\/100|[from] item: Life Orb\n|move|p2a: Flutter Mane|Dazzling Gleam|p1a: Annihilape\n|-supereffective|p1a: Annihilape\n|-damage|p1a: Annihilape|0 fnt\n|faint|p1a: Annihilape\n|\n|win|Draxolotl\n|raw|XJ09's rating: 1301 → 1280<\/strong> (-21 for losing)\n|raw|Draxolotl's rating: 1290 → 1316<\/strong> (+26 for winning)\n|c|\u2606Draxolotl|gg wp\n|c|\u2606XJ09|Gg\n|l|\u2606Draxolotl\n","uploadtime":1683293040,"views":10,"p1id":"xj09","p2id":"draxolotl","formatid":"gen9vgc2023regulationc","rating":1280,"private":0,"password":""}