{"id":"gen9vgc2023regulationc-1844886399","p1":"WillieDangerously","p2":"Toedscruel World","format":"[Gen 9] VGC 2023 Regulation C","log":"|j|\u2606WillieDangerously\n|j|\u2606Toedscruel World\n|t:|1681660479\n|gametype|doubles\n|player|p1|WillieDangerously|psychic-gen4|1341\n|player|p2|Toedscruel World|burglar|1358\n|teamsize|p1|6\n|teamsize|p2|6\n|gen|9\n|tier|[Gen 9] VGC 2023 Regulation C\n|rated|\n|rule|Species Clause: Limit one of each Pok\u00e9mon\n|rule|Item Clause: Limit one of each item\n|clearpoke\n|poke|p1|Corviknight, L50, F|\n|poke|p1|Tyranitar, L50, M|\n|poke|p1|Houndstone, L50, M|\n|poke|p1|Amoonguss, L50, F|\n|poke|p1|Iron Bundle, L50|\n|poke|p1|Arcanine, L50, F|\n|poke|p2|Torkoal, L50, M|\n|poke|p2|Ting-Lu, L50|\n|poke|p2|Bronzong, L50|\n|poke|p2|Flutter Mane, L50|\n|poke|p2|Lilligant, L50, F|\n|poke|p2|Chi-Yu, L50|\n|teampreview|4\nWillieDangerously has agreed to open team sheets.\nToedscruel World has agreed to open team sheets.\n|\n|t:|1681660528\n|start\n|switch|p1a: Iron Bundle|Iron Bundle, L50|100\/100\n|switch|p1b: Arcanine|Arcanine, L50, F|100\/100\n|switch|p2a: Ting-Lu|Ting-Lu, L50|100\/100\n|switch|p2b: Bronzong|Bronzong, L50, shiny|100\/100\n|-ability|p1b: Arcanine|Intimidate|boost\n|-unboost|p2a: Ting-Lu|atk|1\n|-unboost|p2b: Bronzong|atk|1\n|-ability|p2a: Ting-Lu|Vessel of Ruin\n|-enditem|p1a: Iron Bundle|Booster Energy\n|-activate|p1a: Iron Bundle|ability: Quark Drive|[fromitem]\n|-start|p1a: Iron Bundle|quarkdrivespe\n|turn|1\n|\n|t:|1681660584\n|-terastallize|p2b: Bronzong|Fire\n|move|p1a: Iron Bundle|Hydro Pump|p2a: Ting-Lu|[miss]\n|-miss|p1a: Iron Bundle|p2a: Ting-Lu\n|move|p1b: Arcanine|Snarl|p2a: Ting-Lu|[spread] p2a,p2b\n|-resisted|p2a: Ting-Lu\n|-damage|p2a: Ting-Lu|99\/100\n|-damage|p2b: Bronzong|94\/100\n|-unboost|p2a: Ting-Lu|spa|1\n|-unboost|p2b: Bronzong|spa|1\n|-enditem|p1b: Arcanine|Throat Spray\n|-boost|p1b: Arcanine|spa|1|[from] item: Throat Spray\n|move|p2a: Ting-Lu|Earthquake|p1b: Arcanine|[spread] p1a,p1b\n|-immune|p2b: Bronzong|[from] ability: Levitate\n|-supereffective|p1b: Arcanine\n|-damage|p1a: Iron Bundle|75\/100\n|-damage|p1b: Arcanine|51\/100\n|move|p2b: Bronzong|Trick Room|p2b: Bronzong\n|-fieldstart|move: Trick Room|[of] p2b: Bronzong\n|\n|upkeep\n|turn|2\n|\n|t:|1681660613\n|-end|p1a: Iron Bundle|Quark Drive|[silent]\n|switch|p1a: Corviknight|Corviknight, L50, F|100\/100\n|move|p1b: Arcanine|Protect|p1b: Arcanine\n|-singleturn|p1b: Arcanine|Protect\n|move|p2b: Bronzong|Gyro Ball|p1a: Corviknight\n|-resisted|p1a: Corviknight\n|-damage|p1a: Corviknight|94\/100\n|move|p2a: Ting-Lu|Earthquake|p1b: Arcanine|[spread] \n|-activate|p1b: Arcanine|move: Protect\n|-immune|p2b: Bronzong|[from] ability: Levitate\n|-immune|p1a: Corviknight\n|\n|-heal|p1a: Corviknight|99\/100|[from] item: Leftovers\n|upkeep\n|turn|3\n|\n|t:|1681660648\n|switch|p1b: Iron Bundle|Iron Bundle, L50|75\/100\n|move|p2b: Bronzong|Iron Defense|p2b: Bronzong\n|-boost|p2b: Bronzong|def|2\n|move|p2a: Ting-Lu|Rock Slide|p1a: Corviknight|[spread] p1a,p1b\n|-supereffective|p1b: Iron Bundle\n|-damage|p1a: Corviknight|88\/100\n|-damage|p1b: Iron Bundle|52\/100\n|move|p1a: Corviknight|Brave Bird|p2a: Ting-Lu\n|-damage|p2a: Ting-Lu|70\/100\n|-damage|p1a: Corviknight|76\/100|[from] Recoil\n|\n|-heal|p1a: Corviknight|82\/100|[from] item: Leftovers\n|upkeep\n|turn|4\n|\n|t:|1681660680\n|move|p1b: Iron Bundle|Protect|p1b: Iron Bundle\n|-singleturn|p1b: Iron Bundle|Protect\n|move|p2b: Bronzong|Gyro Ball|p1b: Iron Bundle\n|-activate|p1b: Iron Bundle|move: Protect\n|move|p2a: Ting-Lu|Rock Slide|p1a: Corviknight|[spread] p1a\n|-activate|p1b: Iron Bundle|move: Protect\n|-damage|p1a: Corviknight|72\/100\n|move|p1a: Corviknight|Brave Bird|p2a: Ting-Lu\n|-damage|p2a: Ting-Lu|43\/100\n|-damage|p1a: Corviknight|61\/100|[from] Recoil\n|\n|-heal|p1a: Corviknight|67\/100|[from] item: Leftovers\n|upkeep\n|turn|5\n|inactive|Battle timer is ON: inactive players will automatically lose when time's up. (requested by Toedscruel World)\n|\n|t:|1681660741\n|switch|p1a: Tyranitar|Tyranitar, L50, M|100\/100\n|-weather|Sandstorm|[from] ability: Sand Stream|[of] p1a: Tyranitar\n|-terastallize|p1b: Iron Bundle|Water\n|move|p2b: Bronzong|Body Press|p1b: Iron Bundle\n|-damage|p1b: Iron Bundle|0 fnt\n|faint|p1b: Iron Bundle\n|-end|p1b: Iron Bundle|Quark Drive|[silent]\n|move|p2a: Ting-Lu|Rock Slide|p1a: Tyranitar|[miss]\n|-miss|p2a: Ting-Lu|p1a: Tyranitar\n|\n|-weather|Sandstorm|[upkeep]\n|-fieldend|move: Trick Room\n|upkeep\n|\n|t:|1681660765\n|switch|p1b: Corviknight|Corviknight, L50, F|67\/100\n|turn|6\n|\n|t:|1681660779\n|move|p1b: Corviknight|Iron Head|p2b: Bronzong\n|-resisted|p2b: Bronzong\n|-damage|p2b: Bronzong|87\/100\n|move|p1a: Tyranitar|Rock Slide|p2a: Ting-Lu|[spread] p2a,p2b\n|-resisted|p2a: Ting-Lu\n|-crit|p2a: Ting-Lu\n|-supereffective|p2b: Bronzong\n|-damage|p2a: Ting-Lu|29\/100\n|-damage|p2b: Bronzong|63\/100\n|move|p2a: Ting-Lu|Ruination|p1b: Corviknight\n|-damage|p1b: Corviknight|34\/100\n|move|p2b: Bronzong|Body Press|p1a: Tyranitar\n|-supereffective|p1a: Tyranitar\n|-damage|p1a: Tyranitar|0 fnt\n|faint|p1a: Tyranitar\n|\n|-weather|Sandstorm|[upkeep]\n|-heal|p1b: Corviknight|40\/100|[from] item: Leftovers\n|upkeep\n|\n|t:|1681660792\n|switch|p1a: Arcanine|Arcanine, L50, F|51\/100\n|-ability|p1a: Arcanine|Intimidate|boost\n|-unboost|p2a: Ting-Lu|atk|1\n|-unboost|p2b: Bronzong|atk|1\n|turn|7\n|\n|t:|1681660818\n|move|p1b: Corviknight|Protect|p1b: Corviknight\n|-singleturn|p1b: Corviknight|Protect\n|move|p1a: Arcanine|Howl|p1a: Arcanine|[spread] p1a,p1b\n|-boost|p1a: Arcanine|atk|1\n|-boost|p1b: Corviknight|atk|1\n|move|p2a: Ting-Lu|Ruination|p1a: Arcanine\n|-damage|p1a: Arcanine|26\/100\n|move|p2b: Bronzong|Trick Room|p2b: Bronzong\n|-fieldstart|move: Trick Room|[of] p2b: Bronzong\n|\n|-weather|Sandstorm|[upkeep]\n|-damage|p1a: Arcanine|20\/100|[from] Sandstorm\n|-heal|p1b: Corviknight|45\/100|[from] item: Leftovers\n|upkeep\n|turn|8\n|\n|t:|1681660837\n|move|p1a: Arcanine|Protect|p1a: Arcanine\n|-singleturn|p1a: Arcanine|Protect\n|move|p2b: Bronzong|Body Press|p1b: Corviknight\n|-damage|p1b: Corviknight|0 fnt\n|faint|p1b: Corviknight\n|move|p2a: Ting-Lu|Rock Slide|p1a: Arcanine\n|-activate|p1a: Arcanine|move: Protect\n|\n|-weather|Sandstorm|[upkeep]\n|-damage|p1a: Arcanine|14\/100|[from] Sandstorm\n|upkeep\n|turn|9\n|-message|WillieDangerously forfeited.\n|\n|win|Toedscruel World\n|raw|WillieDangerously's rating: 1341 → 1322<\/strong> (-19 for losing)\n|raw|Toedscruel World's rating: 1358 → 1377<\/strong> (+19 for winning)\n","uploadtime":1681660845,"views":20,"p1id":"williedangerously","p2id":"toedscruelworld","formatid":"gen9vgc2023regulationc","rating":1322,"private":0,"password":""}