{"id":"gen9vgc2023regulationc-1846656502","p1":"Nucleartoad","p2":"Forrest611","format":"[Gen 9] VGC 2023 Regulation C","log":"|j|\u2606Nucleartoad\n|j|\u2606Forrest611\n|t:|1681862304\n|gametype|doubles\n|player|p1|Nucleartoad|janine|1080\n|player|p2|Forrest611|fisherman-gen4|1140\n|teamsize|p1|6\n|teamsize|p2|6\n|gen|9\n|tier|[Gen 9] VGC 2023 Regulation C\n|rated|\n|rule|Species Clause: Limit one of each Pok\u00e9mon\n|rule|Item Clause: Limit one of each item\n|clearpoke\n|poke|p1|Annihilape, L50, F|\n|poke|p1|Numel, L50, F|\n|poke|p1|Oranguru, L50, F|\n|poke|p1|Slowbro, L50, F|\n|poke|p1|Tsareena, L50, F|\n|poke|p1|Gastrodon, L50, F|\n|poke|p2|Riolu, L50, M|\n|poke|p2|Lokix, L50, M|\n|poke|p2|Annihilape, L50, M|\n|poke|p2|Kingambit, L50, F|\n|poke|p2|Iron Moth, L50|\n|poke|p2|Quaquaval, L50, F|\n|teampreview|4\n|inactive|Battle timer is ON: inactive players will automatically lose when time's up. (requested by Nucleartoad)\n|\n|t:|1681862336\n|start\n|switch|p1a: Annihilape|Annihilape, L50, F|100\/100\n|switch|p1b: Oranguru|Oranguru, L50, F|100\/100\n|switch|p2a: Annihilape|Annihilape, L50, M|100\/100\n|switch|p2b: Riolu|Riolu, L50, M|100\/100\n|turn|1\n|\n|t:|1681862358\n|move|p2b: Riolu|Howl|p2b: Riolu|[spread] p2a,p2b\n|-boost|p2a: Annihilape|atk|1\n|-boost|p2b: Riolu|atk|1\n|move|p1a: Annihilape|Shadow Claw|p2a: Annihilape\n|-supereffective|p2a: Annihilape\n|-damage|p2a: Annihilape|40\/100\n|move|p2a: Annihilape|Bulk Up|p2a: Annihilape\n|-boost|p2a: Annihilape|atk|1\n|-boost|p2a: Annihilape|def|1\n|move|p1b: Oranguru|Instruct|p1a: Annihilape\n|-singleturn|p1a: Annihilape|move: Instruct|[of] p1b: Oranguru\n|move|p1a: Annihilape|Shadow Claw|p2a: Annihilape\n|-supereffective|p2a: Annihilape\n|-damage|p2a: Annihilape|1\/100\n|\n|-heal|p2a: Annihilape|7\/100|[from] item: Leftovers\n|upkeep\n|turn|2\n|\n|t:|1681862383\n|move|p2a: Annihilape|Protect|p2a: Annihilape\n|-singleturn|p2a: Annihilape|Protect\n|move|p2b: Riolu|Howl|p2b: Riolu|[spread] p2a,p2b\n|-boost|p2a: Annihilape|atk|1\n|-boost|p2b: Riolu|atk|1\n|move|p1a: Annihilape|Shadow Claw|p2a: Annihilape\n|-activate|p2a: Annihilape|move: Protect\n|move|p1b: Oranguru|Trick Room|p1b: Oranguru\n|-fieldstart|move: Trick Room|[of] p1b: Oranguru\n|\n|-heal|p2a: Annihilape|13\/100|[from] item: Leftovers\n|upkeep\n|turn|3\n|\n|t:|1681862404\n|move|p2b: Riolu|Helping Hand|p2a: Annihilape\n|-singleturn|p2a: Annihilape|Helping Hand|[of] p2b: Riolu\n|move|p1b: Oranguru|Instruct|p1a: Annihilape\n|-singleturn|p1a: Annihilape|move: Instruct|[of] p1b: Oranguru\n|move|p1a: Annihilape|Shadow Claw|p2a: Annihilape\n|-supereffective|p2a: Annihilape\n|-damage|p2a: Annihilape|0 fnt\n|faint|p2a: Annihilape\n|move|p1a: Annihilape|Shadow Claw|p2b: Riolu\n|-damage|p2b: Riolu|51\/100\n|\n|upkeep\n|\n|t:|1681862412\n|switch|p2a: Lokix|Lokix, L50, M|100\/100\n|turn|4\n|inactive|Nucleartoad has 30 seconds left.\n|inactive|Nucleartoad has 20 seconds left.\n|inactive|Nucleartoad has 15 seconds left.\n|inactive|Nucleartoad has 10 seconds left.\n|\n|t:|1681862460\n|switch|p1a: Numel|Numel, L50, F|100\/100\n|-terastallize|p2a: Lokix|Bug\n|move|p2b: Riolu|Helping Hand|p2a: Lokix\n|-singleturn|p2a: Lokix|Helping Hand|[of] p2b: Riolu\n|move|p2a: Lokix|First Impression|p1a: Numel\n|-resisted|p1a: Numel\n|-damage|p1a: Numel|0 fnt\n|faint|p1a: Numel\n|-damage|p2a: Lokix|91\/100|[from] item: Life Orb\n|move|p1b: Oranguru|Bulldoze|p2b: Riolu|[spread] p2a,p2b\n|-resisted|p2a: Lokix\n|-damage|p2a: Lokix|85\/100\n|-damage|p2b: Riolu|40\/100\n|-unboost|p2a: Lokix|spe|1\n|-unboost|p2b: Riolu|spe|1\n|\n|upkeep\n|\n|t:|1681862478\n|switch|p1a: Tsareena|Tsareena, L50, F|100\/100\n|turn|5\n|\n|t:|1681862500\n|-terastallize|p1a: Tsareena|Fairy\n|move|p2b: Riolu|Howl|p2b: Riolu|[spread] p2a,p2b\n|-boost|p2a: Lokix|atk|1\n|-boost|p2b: Riolu|atk|1\n|move|p1b: Oranguru|Psychic Terrain|p1b: Oranguru\n|-fieldstart|move: Psychic Terrain\n|move|p1a: Tsareena|Play Rough|p2a: Lokix\n|-damage|p2a: Lokix|5\/100\n|move|p2a: Lokix|Axe Kick|p1b: Oranguru\n|-damage|p1b: Oranguru|30\/100\n|-damage|p2a: Lokix|0 fnt|[from] item: Life Orb\n|faint|p2a: Lokix\n|\n|upkeep\n|\n|t:|1681862512\n|switch|p2a: Kingambit|Kingambit, L50, F|100\/100\n|turn|6\n|\n|t:|1681862523\n|move|p2b: Riolu|Howl|p2b: Riolu|[spread] p2a,p2b\n|-boost|p2a: Kingambit|atk|1\n|-boost|p2b: Riolu|atk|1\n|move|p1b: Oranguru|Instruct|p1a: Tsareena\n|-singleturn|p1a: Tsareena|move: Instruct|[of] p1b: Oranguru\n|move|p1a: Tsareena|Play Rough|p2a: Kingambit\n|-damage|p2a: Kingambit|61\/100\n|move|p2a: Kingambit|Iron Head|p1a: Tsareena\n|-supereffective|p1a: Tsareena\n|-damage|p1a: Tsareena|0 fnt\n|faint|p1a: Tsareena\n|\n|-fieldend|move: Trick Room\n|upkeep\n|\n|t:|1681862537\n|switch|p1a: Annihilape|Annihilape, L50, F|100\/100\n|turn|7\n|\n|t:|1681862551\n|move|p2a: Kingambit|Sucker Punch|p1a: Annihilape\n|-activate|p1a: Annihilape|move: Psychic Terrain\n|move|p2b: Riolu|Bullet Punch|p1a: Annihilape\n|-activate|p1a: Annihilape|move: Psychic Terrain\n|move|p1a: Annihilape|Close Combat|p2a: Kingambit\n|-supereffective|p2a: Kingambit\n|-damage|p2a: Kingambit|0 fnt\n|-unboost|p1a: Annihilape|def|1\n|-unboost|p1a: Annihilape|spd|1\n|faint|p2a: Kingambit\n|move|p1b: Oranguru|Instruct|p1a: Annihilape\n|-singleturn|p1a: Annihilape|move: Instruct|[of] p1b: Oranguru\n|move|p1a: Annihilape|Close Combat|p2b: Riolu\n|-damage|p2b: Riolu|0 fnt\n|-unboost|p1a: Annihilape|def|1\n|-unboost|p1a: Annihilape|spd|1\n|faint|p2b: Riolu\n|\n|win|Nucleartoad\n|raw|Nucleartoad's rating: 1080 → 1113<\/strong> (+33 for winning)\n|raw|Forrest611's rating: 1140 → 1111<\/strong> (-29 for losing)\n|l|\u2606Forrest611\n|c|\u2606Nucleartoad|Gg\n","uploadtime":1681862569,"views":14,"p1id":"nucleartoad","p2id":"forrest611","formatid":"gen9vgc2023regulationc","rating":1111,"private":0,"password":""}