{"id":"gen9vgc2023regulationc-1849527348","p1":"Trickroomm","p2":"OnHoldWithTheIRS","format":"[Gen 9] VGC 2023 Regulation C","log":"|j|\u2606Trickroomm\n|j|\u2606OnHoldWithTheIRS\n|t:|1682209169\n|gametype|doubles\n|player|p1|Trickroomm|bugcatcher-gen4dp|1290\n|player|p2|OnHoldWithTheIRS|clerk|1230\n|teamsize|p1|6\n|teamsize|p2|6\n|gen|9\n|tier|[Gen 9] VGC 2023 Regulation C\n|rated|\n|rule|Species Clause: Limit one of each Pok\u00e9mon\n|rule|Item Clause: Limit one of each item\n|clearpoke\n|poke|p1|Tauros-Paldea-Aqua, L50, M|\n|poke|p1|Tyranitar, L50, F|\n|poke|p1|Chi-Yu, L50|\n|poke|p1|Flutter Mane, L50|\n|poke|p1|Amoonguss, L50, M|\n|poke|p1|Kingambit, L50, F|\n|poke|p2|Baxcalibur, L50, M|\n|poke|p2|Sandy Shocks, L50|\n|poke|p2|Klefki, L50, M|\n|poke|p2|Armarouge, L50, F|\n|poke|p2|Rotom-Wash, L50|\n|poke|p2|Meowscarada, L50, M|\n|teampreview|4\nOnHoldWithTheIRS has agreed to open team sheets.\n|inactive|Battle timer is ON: inactive players will automatically lose when time's up. (requested by Trickroomm)\n|inactive|OnHoldWithTheIRS has 60 seconds left.\n|\n|t:|1682209257\n|start\n|switch|p1a: Amoonguss|Amoonguss, L50, M|100\/100\n|switch|p1b: Tyranitar|Tyranitar, L50, F|100\/100\n|switch|p2a: Klefki|Klefki, L50, M|100\/100\n|switch|p2b: Sandy Shocks|Sandy Shocks, L50|100\/100\n|-weather|Sandstorm|[from] ability: Sand Stream|[of] p1b: Tyranitar\n|turn|1\n|inactive|Trickroomm has 30 seconds left.\n|inactive|OnHoldWithTheIRS has 30 seconds left.\n|inactive|Trickroomm has 20 seconds left.\n|inactive|OnHoldWithTheIRS has 20 seconds left.\n|inactive|Trickroomm has 15 seconds left.\n|inactive|OnHoldWithTheIRS has 15 seconds left.\n|\n|t:|1682209301\n|move|p1a: Amoonguss|Rage Powder|p1a: Amoonguss\n|-singleturn|p1a: Amoonguss|move: Rage Powder\n|move|p2a: Klefki|Thunder Wave|p1a: Amoonguss\n|-status|p1a: Amoonguss|par\n|move|p2b: Sandy Shocks|Earth Power|p1a: Amoonguss\n|-damage|p1a: Amoonguss|65\/100 par\n|move|p1b: Tyranitar|Rock Slide|p2b: Sandy Shocks|[spread] p2a,p2b\n|-resisted|p2a: Klefki\n|-resisted|p2b: Sandy Shocks\n|-damage|p2a: Klefki|73\/100\n|-damage|p2b: Sandy Shocks|78\/100\n|\n|-weather|Sandstorm|[upkeep]\n|-damage|p1a: Amoonguss|59\/100 par|[from] Sandstorm\n|upkeep\n|turn|2\n|inactive|OnHoldWithTheIRS has 30 seconds left.\n|\n|t:|1682209336\n|-terastallize|p1b: Tyranitar|Flying\n|move|p2a: Klefki|Reflect|p2a: Klefki\n|-sidestart|p2: OnHoldWithTheIRS|Reflect\n|move|p2b: Sandy Shocks|Earth Power|p1b: Tyranitar\n|-immune|p1b: Tyranitar\n|move|p1b: Tyranitar|Rock Slide|p2b: Sandy Shocks|[spread] p2a,p2b\n|-resisted|p2a: Klefki\n|-resisted|p2b: Sandy Shocks\n|-damage|p2a: Klefki|56\/100\n|-damage|p2b: Sandy Shocks|63\/100\n|move|p1a: Amoonguss|Spore|p2b: Sandy Shocks\n|-status|p2b: Sandy Shocks|slp|[from] move: Spore\n|\n|-weather|Sandstorm|[upkeep]\n|-damage|p1b: Tyranitar|95\/100|[from] Sandstorm\n|-damage|p1a: Amoonguss|53\/100 par|[from] Sandstorm\n|upkeep\n|turn|3\n|\n|t:|1682209355\n|move|p2a: Klefki|Thunder Wave|p1b: Tyranitar\n|-status|p1b: Tyranitar|par\n|cant|p2b: Sandy Shocks|slp\n|move|p1b: Tyranitar|Rock Slide|p2a: Klefki|[spread] p2a,p2b\n|-resisted|p2a: Klefki\n|-resisted|p2b: Sandy Shocks\n|-damage|p2a: Klefki|38\/100\n|-damage|p2b: Sandy Shocks|48\/100 slp\n|move|p1a: Amoonguss|Spore|p2a: Klefki\n|-status|p2a: Klefki|slp|[from] move: Spore\n|-enditem|p2a: Klefki|Chesto Berry|[eat]\n|-curestatus|p2a: Klefki|slp|[msg]\n|\n|-weather|Sandstorm|[upkeep]\n|-damage|p1b: Tyranitar|89\/100 par|[from] Sandstorm\n|-damage|p1a: Amoonguss|47\/100 par|[from] Sandstorm\n|-enditem|p1a: Amoonguss|Sitrus Berry|[eat]\n|-heal|p1a: Amoonguss|72\/100 par|[from] item: Sitrus Berry\n|upkeep\n|turn|4\n|inactive|OnHoldWithTheIRS has 30 seconds left.\n|inactive|OnHoldWithTheIRS has 20 seconds left.\n|inactive|OnHoldWithTheIRS has 15 seconds left.\n|inactive|OnHoldWithTheIRS has 10 seconds left.\n|\n|t:|1682209402\n|move|p1a: Amoonguss|Rage Powder|p1a: Amoonguss\n|-singleturn|p1a: Amoonguss|move: Rage Powder\n|move|p2a: Klefki|Rest|p2a: Klefki\n|-status|p2a: Klefki|slp|[from] move: Rest\n|-heal|p2a: Klefki|100\/100 slp|[silent]\n|cant|p2b: Sandy Shocks|slp\n|move|p1b: Tyranitar|Rock Slide|p2a: Klefki|[spread] p2a,p2b\n|-resisted|p2a: Klefki\n|-resisted|p2b: Sandy Shocks\n|-damage|p2a: Klefki|83\/100 slp\n|-damage|p2b: Sandy Shocks|34\/100 slp\n|\n|-weather|Sandstorm|[upkeep]\n|-damage|p1b: Tyranitar|83\/100 par|[from] Sandstorm\n|-damage|p1a: Amoonguss|66\/100 par|[from] Sandstorm\n|upkeep\n|turn|5\n|inactive|OnHoldWithTheIRS has 30 seconds left.\n|\n|t:|1682209435\n|move|p1a: Amoonguss|Rage Powder|p1a: Amoonguss\n|-singleturn|p1a: Amoonguss|move: Rage Powder\n|cant|p2a: Klefki|slp\n|-curestatus|p2b: Sandy Shocks|slp|[msg]\n|move|p2b: Sandy Shocks|Thunderbolt|p1a: Amoonguss\n|-resisted|p1a: Amoonguss\n|-damage|p1a: Amoonguss|47\/100 par\n|move|p1b: Tyranitar|Rock Slide|p2b: Sandy Shocks|[spread] p2b\n|-miss|p1b: Tyranitar|p2a: Klefki\n|-resisted|p2b: Sandy Shocks\n|-damage|p2b: Sandy Shocks|20\/100\n|\n|-weather|none\n|upkeep\n|turn|6\n|\n|t:|1682209457\n|move|p1a: Amoonguss|Rage Powder|p1a: Amoonguss\n|-singleturn|p1a: Amoonguss|move: Rage Powder\n|move|p2b: Sandy Shocks|Thunderbolt|p1a: Amoonguss\n|-resisted|p1a: Amoonguss\n|-damage|p1a: Amoonguss|29\/100 par\n|cant|p2a: Klefki|slp\n|move|p1b: Tyranitar|Rock Slide|p2b: Sandy Shocks|[spread] p2a,p2b\n|-resisted|p2a: Klefki\n|-resisted|p2b: Sandy Shocks\n|-crit|p2b: Sandy Shocks\n|-damage|p2a: Klefki|66\/100 slp\n|-damage|p2b: Sandy Shocks|0 fnt\n|faint|p2b: Sandy Shocks\n|-end|p2b: Sandy Shocks|Protosynthesis|[silent]\n|\n|-sideend|p2: OnHoldWithTheIRS|Reflect\n|upkeep\n|\n|t:|1682209470\n|switch|p2b: Armarouge|Armarouge, L50, F|100\/100\n|turn|7\n|\n|t:|1682209481\n|-terastallize|p2b: Armarouge|Grass\n|cant|p1a: Amoonguss|par\n|-curestatus|p2a: Klefki|slp|[msg]\n|move|p2a: Klefki|Reflect|p2a: Klefki\n|-sidestart|p2: OnHoldWithTheIRS|Reflect\n|move|p2b: Armarouge|Calm Mind|p2b: Armarouge\n|-boost|p2b: Armarouge|spa|1\n|-boost|p2b: Armarouge|spd|1\n|move|p1b: Tyranitar|Rock Slide|p2a: Klefki|[spread] p2a,p2b\n|-resisted|p2a: Klefki\n|-crit|p2a: Klefki\n|-damage|p2a: Klefki|24\/100\n|-damage|p2b: Armarouge|77\/100\n|\n|-heal|p2b: Armarouge|83\/100|[from] item: Leftovers\n|upkeep\n|turn|8\n|inactive|OnHoldWithTheIRS has 30 seconds left.\n|\n|t:|1682209515\n|move|p2b: Armarouge|Heat Wave|p1a: Amoonguss|[spread] p1a,p1b\n|-supereffective|p1a: Amoonguss\n|-damage|p1a: Amoonguss|0 fnt\n|-damage|p1b: Tyranitar|42\/100 par\n|faint|p1a: Amoonguss\n|move|p2a: Klefki|Dazzling Gleam|p1b: Tyranitar\n|-damage|p1b: Tyranitar|21\/100 par\n|cant|p1b: Tyranitar|par\n|\n|-heal|p2b: Armarouge|90\/100|[from] item: Leftovers\n|upkeep\n|\n|t:|1682209540\n|switch|p1a: Flutter Mane|Flutter Mane, L50|100\/100\n|-enditem|p1a: Flutter Mane|Booster Energy\n|-activate|p1a: Flutter Mane|ability: Protosynthesis|[fromitem]\n|-start|p1a: Flutter Mane|protosynthesisspe\n|turn|9\n|\n|t:|1682209559\n|move|p2a: Klefki|Thunder Wave|p1a: Flutter Mane\n|-status|p1a: Flutter Mane|par\n|move|p1a: Flutter Mane|Moonblast|p2b: Armarouge\n|-damage|p2b: Armarouge|55\/100\n|-unboost|p2b: Armarouge|spa|1\n|move|p2b: Armarouge|Heat Wave|p1b: Tyranitar|[spread] p1a,p1b\n|-damage|p1a: Flutter Mane|70\/100 par\n|-damage|p1b: Tyranitar|0 fnt\n|faint|p1b: Tyranitar\n|\n|-heal|p2b: Armarouge|61\/100|[from] item: Leftovers\n|upkeep\n|\n|t:|1682209569\n|switch|p1b: Tauros|Tauros-Paldea-Aqua, L50, M|100\/100\n|-ability|p1b: Tauros|Intimidate|boost\n|-unboost|p2a: Klefki|atk|1\n|-unboost|p2b: Armarouge|atk|1\n|turn|10\n|inactive|OnHoldWithTheIRS has 30 seconds left.\n|inactive|OnHoldWithTheIRS has 20 seconds left.\n|\n|t:|1682209607\n|move|p2b: Armarouge|Protect|p2b: Armarouge\n|-singleturn|p2b: Armarouge|Protect\n|move|p1b: Tauros|Aqua Jet|p2a: Klefki\n|-damage|p2a: Klefki|12\/100\n|move|p2a: Klefki|Thunder Wave|p1b: Tauros\n|-status|p1b: Tauros|par\n|move|p1a: Flutter Mane|Dazzling Gleam|p2a: Klefki|[spread] p2a\n|-activate|p2b: Armarouge|move: Protect\n|-resisted|p2a: Klefki\n|-damage|p2a: Klefki|0 fnt\n|faint|p2a: Klefki\n|\n|-heal|p2b: Armarouge|67\/100|[from] item: Leftovers\n|upkeep\n|\n|t:|1682209621\n|switch|p2a: Rotom|Rotom-Wash, L50|100\/100\n|turn|11\n|\n|t:|1682209643\n|move|p1a: Flutter Mane|Shadow Ball|p2b: Armarouge\n|-damage|p2b: Armarouge|37\/100\n|move|p2a: Rotom|Thunderbolt|p1b: Tauros\n|-supereffective|p1b: Tauros\n|-damage|p1b: Tauros|1\/100 par\n|move|p2b: Armarouge|Calm Mind|p2b: Armarouge\n|-boost|p2b: Armarouge|spa|1\n|-boost|p2b: Armarouge|spd|1\n|move|p1b: Tauros|Raging Bull|p2b: Armarouge\n|-sideend|p2: OnHoldWithTheIRS|Reflect\n|-resisted|p2b: Armarouge\n|-damage|p2b: Armarouge|21\/100\n|\n|-heal|p2b: Armarouge|27\/100|[from] item: Leftovers\n|upkeep\n|turn|12\n|inactive|OnHoldWithTheIRS has 30 seconds left.\n|\n|t:|1682209670\n|move|p2b: Armarouge|Protect|p2b: Armarouge\n|-singleturn|p2b: Armarouge|Protect\n|move|p1b: Tauros|Aqua Jet|p2b: Armarouge\n|-activate|p2b: Armarouge|move: Protect\n|move|p1a: Flutter Mane|Dazzling Gleam|p2a: Rotom|[spread] p2a\n|-activate|p2b: Armarouge|move: Protect\n|-damage|p2a: Rotom|72\/100\n|move|p2a: Rotom|Thunderbolt|p1b: Tauros\n|-supereffective|p1b: Tauros\n|-damage|p1b: Tauros|0 fnt\n|faint|p1b: Tauros\n|\n|-heal|p2b: Armarouge|33\/100|[from] item: Leftovers\n|upkeep\n|turn|13\n|\n|t:|1682209686\n|move|p1a: Flutter Mane|Dazzling Gleam|p2b: Armarouge|[spread] p2a,p2b\n|-damage|p2a: Rotom|42\/100\n|-damage|p2b: Armarouge|19\/100\n|-enditem|p2a: Rotom|Sitrus Berry|[eat]\n|-heal|p2a: Rotom|67\/100|[from] item: Sitrus Berry\n|move|p2a: Rotom|Thunderbolt|p1a: Flutter Mane\n|-damage|p1a: Flutter Mane|34\/100 par\n|move|p2b: Armarouge|Psychic|p1a: Flutter Mane\n|-damage|p1a: Flutter Mane|0 fnt\n|faint|p1a: Flutter Mane\n|-end|p1a: Flutter Mane|Protosynthesis|[silent]\n|\n|win|OnHoldWithTheIRS\n|raw|Trickroomm's rating: 1290 → 1261<\/strong> (-29 for losing)\n|raw|OnHoldWithTheIRS's rating: 1230 → 1259<\/strong> (+29 for winning)\n|l|\u2606Trickroomm\n|c|\u2606OnHoldWithTheIRS|gg\n","uploadtime":1682209703,"views":4,"p1id":"trickroomm","p2id":"onholdwiththeirs","formatid":"gen9vgc2023regulationc","rating":1259,"private":0,"password":""}