{"id":"gen9vgc2023regulationc-1849099686","p1":"i lika da pizza","p2":"gbfgfgr5","format":"[Gen 9] VGC 2023 Regulation C","log":"|j|\u2606i lika da pizza\n|j|\u2606gbfgfgr5\n|t:|1682155240\n|gametype|doubles\n|player|p1|i lika da pizza|170|1071\n|player|p2|gbfgfgr5|102|1159\n|teamsize|p1|6\n|teamsize|p2|6\n|gen|9\n|tier|[Gen 9] VGC 2023 Regulation C\n|rated|\n|rule|Species Clause: Limit one of each Pok\u00e9mon\n|rule|Item Clause: Limit one of each item\n|clearpoke\n|poke|p1|Corviknight, L50, F|\n|poke|p1|Great Tusk, L50|\n|poke|p1|Flutter Mane, L50|\n|poke|p1|Chi-Yu, L50|\n|poke|p1|Murkrow, L50, F|\n|poke|p1|Gyarados, L50, F|\n|poke|p2|Torkoal, L50, F|\n|poke|p2|Chi-Yu, L50|\n|poke|p2|Bronzong, L50|\n|poke|p2|Gastrodon, L50, M|\n|poke|p2|Grimmsnarl, L50, M|\n|poke|p2|Skeledirge, L50, M|\n|teampreview|4\n|inactive|Battle timer is ON: inactive players will automatically lose when time's up. (requested by gbfgfgr5)\n|inactive|i lika da pizza has 60 seconds left.\n|\n|t:|1682155300\n|start\n|switch|p1a: Great Tusk|Great Tusk, L50|100\/100\n|switch|p1b: Gyarados|Gyarados, L50, F|100\/100\n|switch|p2a: Bronzong|Bronzong, L50|100\/100\n|switch|p2b: Grimmsnarl|Grimmsnarl, L50, M|100\/100\n|-ability|p1b: Gyarados|Intimidate|boost\n|-unboost|p2a: Bronzong|atk|1\n|-unboost|p2b: Grimmsnarl|atk|1\n|turn|1\n|inactive|i lika da pizza has 30 seconds left.\n|inactive|i lika da pizza has 20 seconds left.\n|inactive|i lika da pizza has 15 seconds left.\n|inactive|i lika da pizza has 10 seconds left.\n|\n|t:|1682155348\n|-end|p1a: Great Tusk|Protosynthesis|[silent]\n|switch|p1a: Murkrow|Murkrow, L50, F|100\/100\n|move|p2b: Grimmsnarl|Fake Out|p1b: Gyarados\n|-damage|p1b: Gyarados|89\/100\n|cant|p1b: Gyarados|flinch\n|move|p2a: Bronzong|Trick Room|p2a: Bronzong\n|-fieldstart|move: Trick Room|[of] p2a: Bronzong\n|\n|upkeep\n|turn|2\n|inactive|i lika da pizza has 30 seconds left.\n|inactive|gbfgfgr5 has 30 seconds left.\n|\n|t:|1682155385\n|switch|p1b: Flutter Mane|Flutter Mane, L50|100\/100\n|move|p1a: Murkrow|Sunny Day|p1a: Murkrow\n|-weather|SunnyDay\n|-activate|p1b: Flutter Mane|ability: Protosynthesis\n|-start|p1b: Flutter Mane|protosynthesisspe\n|move|p2a: Bronzong|Body Press|p1a: Murkrow\n|-damage|p1a: Murkrow|75\/100\n|move|p2b: Grimmsnarl|Spirit Break|p1a: Murkrow\n|-supereffective|p1a: Murkrow\n|-damage|p1a: Murkrow|24\/100\n|-unboost|p1a: Murkrow|spa|1\n|\n|-weather|SunnyDay|[upkeep]\n|upkeep\n|turn|3\n|\n|t:|1682155409\n|move|p2b: Grimmsnarl|Sucker Punch|p1b: Flutter Mane\n|-damage|p1b: Flutter Mane|50\/100\n|move|p2a: Bronzong|Iron Head|p1b: Flutter Mane\n|-supereffective|p1b: Flutter Mane\n|-damage|p1b: Flutter Mane|0 fnt\n|faint|p1b: Flutter Mane\n|-end|p1b: Flutter Mane|Protosynthesis|[silent]\n|move|p1a: Murkrow|Foul Play|p2b: Grimmsnarl\n|-resisted|p2b: Grimmsnarl\n|-damage|p2b: Grimmsnarl|92\/100\n|\n|-weather|SunnyDay|[upkeep]\n|upkeep\n|\n|t:|1682155419\n|switch|p1b: Gyarados|Gyarados, L50, F|89\/100\n|-ability|p1b: Gyarados|Intimidate|boost\n|-unboost|p2a: Bronzong|atk|1\n|-unboost|p2b: Grimmsnarl|atk|1\n|turn|4\n|\n|t:|1682155432\n|move|p2b: Grimmsnarl|Trick|p1b: Gyarados\n|-activate|p2b: Grimmsnarl|move: Trick|[of] p1b: Gyarados\n|-item|p1b: Gyarados|Lagging Tail|[from] move: Trick\n|-item|p2b: Grimmsnarl|Sitrus Berry|[from] move: Trick\n|move|p2a: Bronzong|Iron Head|p1b: Gyarados\n|-resisted|p1b: Gyarados\n|-damage|p1b: Gyarados|81\/100\n|move|p1b: Gyarados|Waterfall|p2a: Bronzong\n|-damage|p2a: Bronzong|87\/100\n|move|p1a: Murkrow|Foul Play|p2a: Bronzong\n|-supereffective|p2a: Bronzong\n|-damage|p2a: Bronzong|65\/100\n|\n|-weather|SunnyDay|[upkeep]\n|upkeep\n|turn|5\n|\n|t:|1682155456\n|switch|p2b: Skeledirge|Skeledirge, L50, M|100\/100\n|move|p2a: Bronzong|Body Press|p1a: Murkrow\n|-damage|p1a: Murkrow|0 fnt\n|faint|p1a: Murkrow\n|move|p1b: Gyarados|Waterfall|p2b: Skeledirge\n|-supereffective|p2b: Skeledirge\n|-damage|p2b: Skeledirge|63\/100\n|\n|-weather|SunnyDay|[upkeep]\n|-heal|p2b: Skeledirge|69\/100|[from] item: Leftovers\n|-fieldend|move: Trick Room\n|upkeep\n|\n|t:|1682155467\n|switch|p1a: Great Tusk|Great Tusk, L50|100\/100\n|-activate|p1a: Great Tusk|ability: Protosynthesis\n|-start|p1a: Great Tusk|protosynthesisatk\n|turn|6\n|\n|t:|1682155485\n|switch|p2a: Grimmsnarl|Grimmsnarl, L50, M|92\/100\n|move|p2b: Skeledirge|Protect|p2b: Skeledirge\n|-singleturn|p2b: Skeledirge|Protect\n|move|p1a: Great Tusk|Earthquake|p2a: Grimmsnarl|[spread] p2a\n|-activate|p2b: Skeledirge|move: Protect\n|-immune|p1b: Gyarados\n|-damage|p2a: Grimmsnarl|36\/100\n|-enditem|p2a: Grimmsnarl|Sitrus Berry|[eat]\n|-heal|p2a: Grimmsnarl|61\/100|[from] item: Sitrus Berry\n|move|p1b: Gyarados|Taunt|p2a: Grimmsnarl\n|-start|p2a: Grimmsnarl|move: Taunt\n|\n|-weather|none\n|-end|p1a: Great Tusk|Protosynthesis\n|-heal|p2b: Skeledirge|74\/100|[from] item: Leftovers\n|upkeep\n|turn|7\n|\n|t:|1682155510\n|-terastallize|p1a: Great Tusk|Ground\n|move|p2a: Grimmsnarl|Fake Out|p1a: Great Tusk\n|-damage|p1a: Great Tusk|89\/100\n|cant|p1a: Great Tusk|flinch\n|move|p2b: Skeledirge|Encore|p1b: Gyarados\n|-start|p1b: Gyarados|Encore\n|move|p1b: Gyarados|Taunt||[still]\n|-fail|p1b: Gyarados\n|\n|-heal|p2b: Skeledirge|80\/100|[from] item: Leftovers\n|upkeep\n|turn|8\n|inactive|i lika da pizza has 30 seconds left.\n|\n|t:|1682155538\n|switch|p2a: Bronzong|Bronzong, L50|65\/100\n|move|p2b: Skeledirge|Protect|p2b: Skeledirge\n|-singleturn|p2b: Skeledirge|Protect\n|move|p1a: Great Tusk|Earthquake|p2a: Bronzong|[spread] \n|-activate|p2b: Skeledirge|move: Protect\n|-immune|p1b: Gyarados\n|-immune|p2a: Bronzong|[from] ability: Levitate\n|move|p1b: Gyarados|Taunt|p2b: Skeledirge\n|-activate|p2b: Skeledirge|move: Protect\n|\n|-heal|p2b: Skeledirge|86\/100|[from] item: Leftovers\n|upkeep\n|turn|9\n|inactive|gbfgfgr5 has 30 seconds left.\n|\n|t:|1682155567\n|-terastallize|p2b: Skeledirge|Fairy\n|move|p1a: Great Tusk|Earthquake|p2b: Skeledirge|[spread] p2b\n|-immune|p1b: Gyarados\n|-immune|p2a: Bronzong|[from] ability: Levitate\n|-damage|p2b: Skeledirge|44\/100\n|move|p2b: Skeledirge|Torch Song|p1a: Great Tusk\n|-damage|p1a: Great Tusk|29\/100\n|-boost|p2b: Skeledirge|spa|1\n|move|p2a: Bronzong|Body Press|p1a: Great Tusk\n|-damage|p1a: Great Tusk|8\/100\n|move|p1b: Gyarados|Taunt|p2a: Bronzong\n|-start|p2a: Bronzong|move: Taunt\n|\n|-heal|p2b: Skeledirge|50\/100|[from] item: Leftovers\n|-end|p1b: Gyarados|Encore\n|upkeep\n|turn|10\n|inactive|i lika da pizza has 30 seconds left.\n|\n|t:|1682155594\n|switch|p2b: Torkoal|Torkoal, L50, F|100\/100\n|-weather|SunnyDay|[from] ability: Drought|[of] p2b: Torkoal\n|-activate|p1a: Great Tusk|ability: Protosynthesis\n|-start|p1a: Great Tusk|protosynthesisatk\n|move|p1a: Great Tusk|Earthquake|p2b: Torkoal|[spread] p2b\n|-immune|p1b: Gyarados\n|-immune|p2a: Bronzong|[from] ability: Levitate\n|-supereffective|p2b: Torkoal\n|-damage|p2b: Torkoal|5\/100\n|move|p2a: Bronzong|Body Press|p1a: Great Tusk\n|-damage|p1a: Great Tusk|0 fnt\n|faint|p1a: Great Tusk\n|-end|p1a: Great Tusk|Protosynthesis|[silent]\n|move|p1b: Gyarados|Waterfall|p2a: Bronzong\n|-damage|p2a: Bronzong|49\/100\n|\n|-weather|SunnyDay|[upkeep]\n|upkeep\n|turn|11\n|\n|t:|1682155612\n|switch|p2b: Grimmsnarl|Grimmsnarl, L50, M|61\/100\n|move|p2a: Bronzong|Iron Head|p1b: Gyarados\n|-resisted|p1b: Gyarados\n|-damage|p1b: Gyarados|68\/100\n|move|p1b: Gyarados|Waterfall|p2a: Bronzong\n|-damage|p2a: Bronzong|35\/100\n|\n|-weather|SunnyDay|[upkeep]\n|upkeep\n|turn|12\n|-message|i lika da pizza forfeited.\n|\n|win|gbfgfgr5\n|raw|i lika da pizza's rating: 1071 → 1055<\/strong> (-16 for losing)\n|raw|gbfgfgr5's rating: 1159 → 1178<\/strong> (+19 for winning)\n|l|\u2606i lika da pizza\n","uploadtime":1682155624,"views":9,"p1id":"ilikadapizza","p2id":"gbfgfgr5","formatid":"gen9vgc2023regulationc","rating":1055,"private":0,"password":""}