{"id":"gen9vgc2023regulationc-1845725880","p1":"shucklesrevenge95","p2":"techromancer","format":"[Gen 9] VGC 2023 Regulation C","log":"|j|\u2606shucklesrevenge95\n|j|\u2606techromancer\n|t:|1681758899\n|gametype|doubles\n|player|p1|shucklesrevenge95|barry|1173\n|player|p2|techromancer|ethan|1082\n|teamsize|p1|6\n|teamsize|p2|6\n|gen|9\n|tier|[Gen 9] VGC 2023 Regulation C\n|rated|\n|rule|Species Clause: Limit one of each Pok\u00e9mon\n|rule|Item Clause: Limit one of each item\n|clearpoke\n|poke|p1|Hawlucha, L50, F|\n|poke|p1|Flutter Mane, L50|\n|poke|p1|Chi-Yu, L50|\n|poke|p1|Grimmsnarl, L50, M|\n|poke|p1|Kingambit, L50, M|\n|poke|p1|Ting-Lu, L50|\n|poke|p2|Grimmsnarl, L50, M|\n|poke|p2|Slaking, L50, M|\n|poke|p2|Chien-Pao, L50|\n|poke|p2|Chi-Yu, L50|\n|poke|p2|Roaring Moon, L50|\n|poke|p2|Flutter Mane, L50|\n|teampreview|4\n|inactive|Battle timer is ON: inactive players will automatically lose when time's up. (requested by techromancer)\n|\n|t:|1681758926\n|start\n|switch|p1a: Flutter Mane|Flutter Mane, L50|100\/100\n|switch|p1b: Chi-Yu|Chi-Yu, L50|100\/100\n|switch|p2a: Grimmsnarl|Grimmsnarl, L50, M|100\/100\n|switch|p2b: Slaking|Slaking, L50, M|100\/100\n|-ability|p1b: Chi-Yu|Beads of Ruin\n|turn|1\n|\n|t:|1681758947\n|-terastallize|p1a: Flutter Mane|Fairy\n|move|p2a: Grimmsnarl|Sucker Punch|p1a: Flutter Mane\n|-resisted|p1a: Flutter Mane\n|-damage|p1a: Flutter Mane|58\/100\n|move|p1b: Chi-Yu|Overheat|p2b: Slaking|[miss]\n|-miss|p1b: Chi-Yu|p2b: Slaking\n|move|p1a: Flutter Mane|Moonblast|p2b: Slaking\n|-damage|p2b: Slaking|0 fnt\n|faint|p2b: Slaking\n|\n|upkeep\n|\n|t:|1681758960\n|switch|p2b: Chien-Pao|Chien-Pao, L50|100\/100\n|-ability|p2b: Chien-Pao|Sword of Ruin\n|turn|2\n|\n|t:|1681758982\n|-terastallize|p2b: Chien-Pao|Ghost\n|move|p2b: Chien-Pao|Sucker Punch|p1a: Flutter Mane\n|-resisted|p1a: Flutter Mane\n|-damage|p1a: Flutter Mane|0 fnt\n|faint|p1a: Flutter Mane\n|-end|p1a: Flutter Mane|Protosynthesis|[silent]\n|-damage|p2b: Chien-Pao|91\/100|[from] item: Life Orb\n|move|p1b: Chi-Yu|Overheat|p2b: Chien-Pao\n|-damage|p2b: Chien-Pao|0 fnt\n|-unboost|p1b: Chi-Yu|spa|2\n|faint|p2b: Chien-Pao\n|move|p2a: Grimmsnarl|Spirit Break|p1b: Chi-Yu\n|-damage|p1b: Chi-Yu|36\/100\n|-unboost|p1b: Chi-Yu|spa|1\n|\n|upkeep\n|\n|t:|1681758997\n|switch|p1a: Ting-Lu|Ting-Lu, L50|100\/100\n|switch|p2b: Roaring Moon|Roaring Moon, L50|100\/100\n|-ability|p1a: Ting-Lu|Vessel of Ruin\n|turn|3\n|\n|t:|1681759007\n|switch|p1b: Kingambit|Kingambit, L50, M|100\/100\n|move|p2b: Roaring Moon|Scale Shot|p1a: Ting-Lu\n|-damage|p1a: Ting-Lu|91\/100\n|-damage|p1a: Ting-Lu|83\/100\n|-damage|p1a: Ting-Lu|74\/100\n|-damage|p1a: Ting-Lu|64\/100\n|-damage|p1a: Ting-Lu|57\/100\n|-hitcount|p1a: Ting-Lu|5\n|-unboost|p2b: Roaring Moon|def|1\n|-boost|p2b: Roaring Moon|spe|1\n|move|p2a: Grimmsnarl|Spirit Break|p1a: Ting-Lu\n|-supereffective|p1a: Ting-Lu\n|-damage|p1a: Ting-Lu|7\/100\n|-unboost|p1a: Ting-Lu|spa|1\n|move|p1a: Ting-Lu|Fissure|p2a: Grimmsnarl|[miss]\n|-miss|p1a: Ting-Lu|p2a: Grimmsnarl\n|\n|upkeep\n|turn|4\n|inactive|shucklesrevenge95 has 30 seconds left.\n|\n|t:|1681759038\n|move|p2b: Roaring Moon|Protect|p2b: Roaring Moon\n|-singleturn|p2b: Roaring Moon|Protect\n|move|p2a: Grimmsnarl|Brick Break|p1b: Kingambit\n|-supereffective|p1b: Kingambit\n|-damage|p1b: Kingambit|14\/100\n|move|p1b: Kingambit|Iron Head|p2b: Roaring Moon\n|-activate|p2b: Roaring Moon|move: Protect\n|move|p1a: Ting-Lu|Stomping Tantrum|p2a: Grimmsnarl\n|-damage|p2a: Grimmsnarl|5\/100\n|-enditem|p2a: Grimmsnarl|Red Card|[of] p1a: Ting-Lu\n|drag|p1a: Chi-Yu|Chi-Yu, L50|36\/100\n|-ability|p1a: Chi-Yu|Beads of Ruin\n|\n|upkeep\n|turn|5\n|inactive|shucklesrevenge95 has 30 seconds left.\n|inactive|shucklesrevenge95 has 20 seconds left.\n|\n|t:|1681759074\n|move|p2a: Grimmsnarl|Sucker Punch|p1b: Kingambit\n|-resisted|p1b: Kingambit\n|-damage|p1b: Kingambit|0 fnt\n|faint|p1b: Kingambit\n|move|p2b: Roaring Moon|Scale Shot|p1a: Chi-Yu\n|-damage|p1a: Chi-Yu|16\/100\n|-damage|p1a: Chi-Yu|0 fnt\n|faint|p1a: Chi-Yu\n|-hitcount|p1: Chi-Yu|2\n|-unboost|p2b: Roaring Moon|def|1\n|-boost|p2b: Roaring Moon|spe|1\n|\n|upkeep\n|\n|t:|1681759087\n|switch|p1b: Ting-Lu|Ting-Lu, L50|7\/100\n|-ability|p1b: Ting-Lu|Vessel of Ruin\n|turn|6\n|\n|t:|1681759095\n|move|p2b: Roaring Moon|Scale Shot|p1b: Ting-Lu\n|-damage|p1b: Ting-Lu|0 fnt\n|faint|p1b: Ting-Lu\n|-hitcount|p1: Ting-Lu|1\n|\n|win|techromancer\n|raw|shucklesrevenge95's rating: 1173 → 1142<\/strong> (-31 for losing)\n|raw|techromancer's rating: 1082 → 1117<\/strong> (+35 for winning)\n|l|\u2606techromancer\n","uploadtime":1681759108,"views":13,"p1id":"shucklesrevenge95","p2id":"techromancer","formatid":"gen9vgc2023regulationc","rating":1117,"private":0,"password":""}