{"id":"gen9vgc2023regulationc-1861968914","p1":"as-fly-as-sly","p2":"Heaven64","format":"[Gen 9] VGC 2023 Regulation C","log":"|j|\u2606as-fly-as-sly\n|j|\u2606Heaven64\n|t:|1683825030\n|gametype|doubles\n|player|p1|as-fly-as-sly|volkner|\n|player|p2|Heaven64|leaf-masters|\n|teamsize|p1|6\n|teamsize|p2|6\n|gen|9\n|tier|[Gen 9] VGC 2023 Regulation C\n|rule|Species Clause: Limit one of each Pok\u00e9mon\n|rule|Item Clause: Limit one of each item\n|clearpoke\n|poke|p1|Gardevoir, L50, M|\n|poke|p1|Magneton, L50|\n|poke|p1|Hippowdon, L50, F|\n|poke|p1|Chi-Yu, L50|\n|poke|p1|Salamence, L50, M|\n|poke|p1|Crabominable, L50, M|\n|poke|p2|Iron Jugulis, L50|\n|poke|p2|Klefki, L50, M|\n|poke|p2|Iron Thorns, L50|\n|poke|p2|Pelipper, L50, F|\n|poke|p2|Krookodile, L50, M|\n|poke|p2|Floatzel, L50, F|\n|teampreview|4\n|c|\u2606as-fly-as-sly|g1\nas-fly-as-sly rejected open team sheets.\n|c|\u2606Heaven64|good luck !\n|c|\u2606as-fly-as-sly|hf\n|\n|t:|1683825137\n|start\n|switch|p1a: Ace|Chi-Yu, L50|100\/100\n|switch|p1b: Kaido|Salamence, L50, M|100\/100\n|switch|p2a: Black Mesa|Iron Jugulis, L50|100\/100\n|switch|p2b: Abstergo|Krookodile, L50, M, shiny|100\/100\n|-ability|p1b: Kaido|Intimidate|boost\n|-unboost|p2a: Black Mesa|atk|1\n|-unboost|p2b: Abstergo|atk|1\n|-ability|p1a: Ace|Beads of Ruin\n|-ability|p2b: Abstergo|Intimidate|boost\n|-unboost|p1a: Ace|atk|1\n|-unboost|p1b: Kaido|atk|1\n|-enditem|p2a: Black Mesa|Booster Energy\n|-activate|p2a: Black Mesa|ability: Quark Drive|[fromitem]\n|-start|p2a: Black Mesa|quarkdrivespe\n|turn|1\n|\n|t:|1683825188\n|switch|p2b: Umbrella|Pelipper, L50, F|100\/100\n|-weather|RainDance|[from] ability: Drizzle|[of] p2b: Umbrella\n|move|p2a: Black Mesa|Tailwind|p2a: Black Mesa\n|-sidestart|p2: Heaven64|move: Tailwind\n|move|p1b: Kaido|Tailwind|p1b: Kaido\n|-sidestart|p1: as-fly-as-sly|move: Tailwind\n|move|p1a: Ace|Flamethrower|p2a: Black Mesa\n|-damage|p2a: Black Mesa|65\/100\n|\n|-weather|RainDance|[upkeep]\n|upkeep\n|turn|2\n|\n|t:|1683825264\n|switch|p2b: Abstergo|Krookodile, L50, M, shiny|100\/100\n|-ability|p2b: Abstergo|Intimidate|boost\n|-unboost|p1a: Ace|atk|1\n|-unboost|p1b: Kaido|atk|1\n|move|p2a: Black Mesa|Protect|p2a: Black Mesa\n|-singleturn|p2a: Black Mesa|Protect\n|move|p1b: Kaido|Hurricane|p2a: Black Mesa\n|-activate|p2a: Black Mesa|move: Protect\n|move|p1a: Ace|Dark Pulse|p2b: Abstergo\n|-resisted|p2b: Abstergo\n|-damage|p2b: Abstergo|63\/100\n|\n|-weather|RainDance|[upkeep]\n|upkeep\n|turn|3\n|\n|t:|1683825299\n|-terastallize|p1a: Ace|Grass\n|move|p2a: Black Mesa|Hurricane|p1b: Kaido\n|-damage|p1b: Kaido|20\/100\n|move|p1b: Kaido|Hurricane|p2a: Black Mesa\n|-damage|p2a: Black Mesa|0 fnt\n|faint|p2a: Black Mesa\n|-end|p2a: Black Mesa|Quark Drive|[silent]\n|move|p1a: Ace|Tera Blast|p2b: Abstergo\n|-supereffective|p2b: Abstergo\n|-damage|p2b: Abstergo|0 fnt\n|faint|p2b: Abstergo\n|\n|-weather|RainDance|[upkeep]\n|upkeep\n|\n|t:|1683825310\n|switch|p2a: Umbrella|Pelipper, L50, F|100\/100\n|switch|p2b: Rhine|Floatzel, L50, F|100\/100\n|turn|4\n|\n|t:|1683825345\n|switch|p1b: Mr. 0|Hippowdon, L50, F|100\/100\n|-weather|Sandstorm|[from] ability: Sand Stream|[of] p1b: Mr. 0\n|move|p2b: Rhine|Protect|p2b: Rhine\n|-singleturn|p2b: Rhine|Protect\n|move|p1a: Ace|Tera Blast|p2b: Rhine\n|-activate|p2b: Rhine|move: Protect\n|move|p2a: Umbrella|Hurricane|p1b: Mr. 0|[miss]\n|-miss|p2a: Umbrella|p1b: Mr. 0\n|\n|-weather|Sandstorm|[upkeep]\n|-damage|p2b: Rhine|94\/100|[from] Sandstorm\n|-damage|p1a: Ace|95\/100|[from] Sandstorm\n|-damage|p2a: Umbrella|95\/100|[from] Sandstorm\n|-sideend|p1: as-fly-as-sly|move: Tailwind\n|-sideend|p2: Heaven64|move: Tailwind\n|upkeep\n|turn|5\n|\n|t:|1683825376\n|switch|p1b: Kaido|Salamence, L50, M|20\/100\n|-ability|p1b: Kaido|Intimidate|boost\n|-unboost|p2a: Umbrella|atk|1\n|-fail|p2b: Rhine|unboost|[from] item: Clear Amulet|[of] p2b: Rhine\n|move|p2a: Umbrella|Helping Hand|p2b: Rhine\n|-singleturn|p2b: Rhine|Helping Hand|[of] p2a: Umbrella\n|move|p2b: Rhine|Ice Spinner|p1a: Ace\n|-supereffective|p1a: Ace\n|-damage|p1a: Ace|0 fnt\n|faint|p1a: Ace\n|\n|-weather|Sandstorm|[upkeep]\n|-damage|p2b: Rhine|88\/100|[from] Sandstorm\n|-damage|p1b: Kaido|14\/100|[from] Sandstorm\n|-damage|p2a: Umbrella|89\/100|[from] Sandstorm\n|upkeep\n|\n|t:|1683825389\n|switch|p1a: Kidd|Magneton, L50, shiny|100\/100\n|turn|6\n|\n|t:|1683825412\n|move|p2b: Rhine|Protect|p2b: Rhine\n|-singleturn|p2b: Rhine|Protect\n|move|p2a: Umbrella|Protect|p2a: Umbrella\n|-singleturn|p2a: Umbrella|Protect\n|move|p1b: Kaido|Tailwind|p1b: Kaido\n|-sidestart|p1: as-fly-as-sly|move: Tailwind\n|move|p1a: Kidd|Thunderbolt|p2a: Umbrella\n|-activate|p2a: Umbrella|move: Protect\n|\n|-weather|Sandstorm|[upkeep]\n|-damage|p1b: Kaido|7\/100|[from] Sandstorm\n|-damage|p2b: Rhine|82\/100|[from] Sandstorm\n|-damage|p2a: Umbrella|83\/100|[from] Sandstorm\n|upkeep\n|turn|7\n|\n|t:|1683825425\n|-terastallize|p2a: Umbrella|Ground\n|move|p1b: Kaido|Hurricane|p2b: Rhine\n|-damage|p2b: Rhine|0 fnt\n|faint|p2b: Rhine\n|move|p1a: Kidd|Thunderbolt|p2a: Umbrella\n|-immune|p2a: Umbrella\n|move|p2a: Umbrella|Hydro Pump|p1a: Kidd\n|-damage|p1a: Kidd|62\/100\n|\n|-weather|Sandstorm|[upkeep]\n|-damage|p1b: Kaido|1\/100|[from] Sandstorm\n|upkeep\n|turn|8\n|\n|t:|1683825440\n|move|p2a: Umbrella|Protect|p2a: Umbrella\n|-singleturn|p2a: Umbrella|Protect\n|move|p1b: Kaido|Hydro Pump|p2a: Umbrella\n|-activate|p2a: Umbrella|move: Protect\n|move|p1a: Kidd|Flash Cannon|p2a: Umbrella\n|-activate|p2a: Umbrella|move: Protect\n|\n|-weather|none\n|upkeep\n|turn|9\n|\n|t:|1683825452\n|move|p1b: Kaido|Hydro Pump|p2a: Umbrella\n|-supereffective|p2a: Umbrella\n|-damage|p2a: Umbrella|0 fnt\n|faint|p2a: Umbrella\n|\n|win|as-fly-as-sly\n|c|\u2606as-fly-as-sly|gg\n","uploadtime":1683825465,"views":32,"p1id":"asflyassly","p2id":"heaven64","formatid":"gen9vgc2023regulationc","rating":0,"private":0,"password":""}