{"id":"gen9vgc2023regulationc-1860111001","p1":"zgrzgr","p2":"BlongBlong","format":"[Gen 9] VGC 2023 Regulation C","log":"|j|\u2606zgrzgr\n|j|\u2606BlongBlong\n|t:|1683596463\n|gametype|doubles\n|player|p1|zgrzgr|101|\n|player|p2|BlongBlong|2|\n|teamsize|p1|6\n|teamsize|p2|6\n|gen|9\n|tier|[Gen 9] VGC 2023 Regulation C\n|rated|Tournament battle\n|rule|Species Clause: Limit one of each Pok\u00e9mon\n|rule|Item Clause: Limit one of each item\n|clearpoke\n|poke|p1|Flutter Mane, L50|\n|poke|p1|Chi-Yu, L50|\n|poke|p1|Murkrow, L50, F|\n|poke|p1|Brute Bonnet, L50|\n|poke|p1|Iron Bundle, L50|\n|poke|p1|Great Tusk, L50|\n|poke|p2|Toxapex, L50, F|\n|poke|p2|Wo-Chien, L50|\n|poke|p2|Ting-Lu, L50|\n|poke|p2|Grimmsnarl, L50, M|\n|poke|p2|Corviknight, L50, F|\n|poke|p2|Chi-Yu, L50|\n|teampreview|4\n|inactive|Battle timer is ON: inactive players will automatically lose when time's up. (requested by zgrzgr)\n|inactive|BlongBlong also wants the timer to be on.\nzgrzgr has agreed to open team sheets.\nBlongBlong has agreed to open team sheets.\n|inactive|zgrzgr has 60 seconds left.\n|c|\u2606zgrzgr|oh i'm not ready for this\n|inactive|zgrzgr has 30 seconds left.\n|inactive|zgrzgr has 20 seconds left.\n|inactive|zgrzgr has 15 seconds left.\n|\n|t:|1683596542\n|start\n|switch|p1a: Iron Bundle|Iron Bundle, L50|100\/100\n|switch|p1b: Brute Bonnet|Brute Bonnet, L50|100\/100\n|switch|p2a: Grimmsnarl|Grimmsnarl, L50, M|100\/100\n|switch|p2b: Toxapex|Toxapex, L50, F|100\/100\n|-enditem|p1a: Iron Bundle|Booster Energy\n|-activate|p1a: Iron Bundle|ability: Quark Drive|[fromitem]\n|-start|p1a: Iron Bundle|quarkdrivespe\n|turn|1\n|inactive|zgrzgr has 30 seconds left.\n|\n|t:|1683596568\n|move|p2a: Grimmsnarl|Light Screen|p2a: Grimmsnarl\n|-sidestart|p2: BlongBlong|move: Light Screen\n|move|p1a: Iron Bundle|Encore|p2a: Grimmsnarl\n|-start|p2a: Grimmsnarl|Encore\n|move|p1b: Brute Bonnet|Spore|p2b: Toxapex\n|-status|p2b: Toxapex|slp|[from] move: Spore\n|cant|p2b: Toxapex|slp\n|\n|upkeep\n|turn|2\n|\n|t:|1683596582\n|switch|p2a: Corviknight|Corviknight, L50, F|100\/100\n|move|p1a: Iron Bundle|Freeze-Dry|p2b: Toxapex\n|-supereffective|p2b: Toxapex\n|-damage|p2b: Toxapex|69\/100 slp\n|move|p1b: Brute Bonnet|Spore|p2a: Corviknight\n|-activate|p2a: Corviknight|item: Safety Goggles|Spore\n|cant|p2b: Toxapex|slp\n|\n|-heal|p2b: Toxapex|75\/100 slp|[from] item: Black Sludge\n|upkeep\n|turn|3\n|inactive|zgrzgr has 30 seconds left.\n|\n|t:|1683596613\n|-terastallize|p1b: Brute Bonnet|Water\n|move|p1a: Iron Bundle|Freeze-Dry|p2b: Toxapex\n|-supereffective|p2b: Toxapex\n|-damage|p2b: Toxapex|47\/100 slp\n|move|p1b: Brute Bonnet|Bullet Seed|p2b: Toxapex\n|-damage|p2b: Toxapex|37\/100 slp\n|-damage|p2b: Toxapex|27\/100 slp\n|-damage|p2b: Toxapex|18\/100 slp\n|-damage|p2b: Toxapex|8\/100 slp\n|-damage|p2b: Toxapex|0 fnt\n|faint|p2b: Toxapex\n|-hitcount|p2: Toxapex|5\n|move|p2a: Corviknight|Iron Defense|p2a: Corviknight\n|-boost|p2a: Corviknight|def|2\n|\n|upkeep\n|\n|t:|1683596626\n|switch|p2b: Grimmsnarl|Grimmsnarl, L50, M|100\/100\n|turn|4\n|\n|t:|1683596645\n|move|p2b: Grimmsnarl|Reflect|p2b: Grimmsnarl\n|-sidestart|p2: BlongBlong|Reflect\n|move|p1a: Iron Bundle|Encore|p2a: Corviknight\n|-start|p2a: Corviknight|Encore\n|move|p1b: Brute Bonnet|Spore|p2b: Grimmsnarl\n|-status|p2b: Grimmsnarl|slp|[from] move: Spore\n|move|p2a: Corviknight|Iron Defense|p2a: Corviknight\n|-boost|p2a: Corviknight|def|2\n|\n|upkeep\n|turn|5\n|j| SlushiW\n|\n|t:|1683596662\n|cant|p2b: Grimmsnarl|slp\n|move|p1a: Iron Bundle|Freeze-Dry|p2b: Grimmsnarl\n|-damage|p2b: Grimmsnarl|82\/100 slp\n|move|p1b: Brute Bonnet|Bullet Seed|p2b: Grimmsnarl\n|-damage|p2b: Grimmsnarl|72\/100 slp\n|-damage|p2b: Grimmsnarl|62\/100 slp\n|-damage|p2b: Grimmsnarl|51\/100 slp\n|-damage|p2b: Grimmsnarl|42\/100 slp\n|-damage|p2b: Grimmsnarl|32\/100 slp\n|-hitcount|p2b: Grimmsnarl|5\n|move|p2a: Corviknight|Iron Defense|p2a: Corviknight\n|-boost|p2a: Corviknight|def|2\n|\n|upkeep\n|turn|6\n|\n|t:|1683596678\n|cant|p2b: Grimmsnarl|slp\n|move|p1a: Iron Bundle|Freeze-Dry|p2b: Grimmsnarl\n|-damage|p2b: Grimmsnarl|14\/100 slp\n|move|p1b: Brute Bonnet|Bullet Seed|p2b: Grimmsnarl\n|-crit|p2b: Grimmsnarl\n|-damage|p2b: Grimmsnarl|0 fnt\n|faint|p2b: Grimmsnarl\n|-hitcount|p2: Grimmsnarl|1\n|move|p2a: Corviknight|Iron Defense|p2a: Corviknight\n|-boost|p2a: Corviknight|def|0\n|\n|-end|p2a: Corviknight|Encore\n|upkeep\n|\n|t:|1683596680\n|switch|p2b: Ting-Lu|Ting-Lu, L50|100\/100\n|-ability|p2b: Ting-Lu|Vessel of Ruin\n|turn|7\n|\n|t:|1683596696\n|move|p1a: Iron Bundle|Encore|p2a: Corviknight\n|-start|p2a: Corviknight|Encore\n|move|p1b: Brute Bonnet|Spore|p2b: Ting-Lu\n|-status|p2b: Ting-Lu|slp|[from] move: Spore\n|move|p2a: Corviknight|Iron Defense|p2a: Corviknight\n|-boost|p2a: Corviknight|def|0\n|cant|p2b: Ting-Lu|slp\n|\n|upkeep\n|turn|8\n|\n|t:|1683596706\n|move|p1a: Iron Bundle|Freeze-Dry|p2b: Ting-Lu\n|-supereffective|p2b: Ting-Lu\n|-damage|p2b: Ting-Lu|87\/100 slp\n|move|p1b: Brute Bonnet|Bullet Seed|p2b: Ting-Lu\n|-supereffective|p2b: Ting-Lu\n|-damage|p2b: Ting-Lu|76\/100 slp\n|-supereffective|p2b: Ting-Lu\n|-damage|p2b: Ting-Lu|66\/100 slp\n|-supereffective|p2b: Ting-Lu\n|-damage|p2b: Ting-Lu|54\/100 slp\n|-supereffective|p2b: Ting-Lu\n|-damage|p2b: Ting-Lu|42\/100 slp\n|-hitcount|p2b: Ting-Lu|4\n|move|p2a: Corviknight|Iron Defense|p2a: Corviknight\n|-boost|p2a: Corviknight|def|0\n|cant|p2b: Ting-Lu|slp\n|\n|-sideend|p2: BlongBlong|move: Light Screen\n|upkeep\n|turn|9\n|\n|t:|1683596725\n|-terastallize|p2b: Ting-Lu|Ghost\n|move|p1a: Iron Bundle|Freeze-Dry|p2b: Ting-Lu\n|-damage|p2b: Ting-Lu|32\/100 slp\n|move|p1b: Brute Bonnet|Bullet Seed|p2b: Ting-Lu\n|-damage|p2b: Ting-Lu|25\/100 slp\n|-damage|p2b: Ting-Lu|20\/100 slp\n|-damage|p2b: Ting-Lu|14\/100 slp\n|-damage|p2b: Ting-Lu|8\/100 slp\n|-hitcount|p2b: Ting-Lu|4\n|move|p2a: Corviknight|Iron Defense|p2a: Corviknight\n|-boost|p2a: Corviknight|def|0\n|-curestatus|p2b: Ting-Lu|slp|[msg]\n|move|p2b: Ting-Lu|Fissure|p1a: Iron Bundle|[miss]\n|-miss|p2b: Ting-Lu|p1a: Iron Bundle\n|\n|-end|p2a: Corviknight|Encore\n|upkeep\n|turn|10\n|\n|t:|1683596744\n|move|p1a: Iron Bundle|Encore|p2a: Corviknight\n|-start|p2a: Corviknight|Encore\n|move|p1b: Brute Bonnet|Spore|p2b: Ting-Lu\n|-status|p2b: Ting-Lu|slp|[from] move: Spore\n|move|p2a: Corviknight|Iron Defense|p2a: Corviknight\n|-boost|p2a: Corviknight|def|0\n|cant|p2b: Ting-Lu|slp\n|\n|upkeep\n|turn|11\n|c|\u2606BlongBlong|Gg\n|c|\u2606BlongBlong|needed that hit\n|c|\u2606zgrzgr|gg\n|-message|BlongBlong forfeited.\n|\n|win|zgrzgr\n|n|\u2606zgrzgr|zgrzgr\n|n|\u2606BlongBlong|blongblong\n|n| SlushiW|slushiw\n|l|\u2606BlongBlong\n","uploadtime":1683596770,"views":9,"p1id":"zgrzgr","p2id":"blongblong","formatid":"gen9vgc2023regulationc","rating":0,"private":0,"password":""}