{"id":"gen9vgc2023regulationc-1859675311","p1":"jrjddud","p2":"oliverfakemawn","format":"[Gen 9] VGC 2023 Regulation C","log":"|j|\u2606jrjddud\n|j|\u2606oliverfakemawn\n|t:|1683555070\n|gametype|doubles\n|player|p1|jrjddud|170|1000\n|player|p2|oliverfakemawn|2|1090\n|teamsize|p1|6\n|teamsize|p2|6\n|gen|9\n|tier|[Gen 9] VGC 2023 Regulation C\n|rated|\n|rule|Species Clause: Limit one of each Pok\u00e9mon\n|rule|Item Clause: Limit one of each item\n|clearpoke\n|poke|p1|Slaking, L50, F|\n|poke|p1|Torkoal, L50, M|\n|poke|p1|Oranguru, L50, M|\n|poke|p1|Sableye, L50, F|\n|poke|p1|Roaring Moon, L50|\n|poke|p1|Brute Bonnet, L50|\n|poke|p2|Rotom-Heat, L50|\n|poke|p2|Eelektross, L50, M|\n|poke|p2|Pawmot, L50, F|\n|poke|p2|Kilowattrel, L50, F|\n|poke|p2|Ampharos, L50, F|\n|poke|p2|Toxtricity, L50, F|\n|teampreview|4\n|inactive|Battle timer is ON: inactive players will automatically lose when time's up. (requested by jrjddud)\n|\n|t:|1683555098\n|start\n|switch|p1a: Slaking|Slaking, L50, F|100\/100\n|switch|p1b: Sableye|Sableye, L50, F|100\/100\n|switch|p2a: Ampharos|Ampharos, L50, F|100\/100\n|switch|p2b: Rotom|Rotom-Heat, L50|100\/100\n|turn|1\n|\n|t:|1683555111\n|move|p1b: Sableye|Skill Swap|p1a: Slaking\n|-activate|p1b: Sableye|move: Skill Swap|||[of] p1a: Slaking\n|move|p1a: Slaking|Amnesia|p1a: Slaking\n|-boost|p1a: Slaking|spd|2\n|move|p2b: Rotom|Will-O-Wisp|p1a: Slaking\n|-status|p1a: Slaking|brn\n|move|p2a: Ampharos|Reflect|p2a: Ampharos\n|-sidestart|p2: oliverfakemawn|Reflect\n|\n|-damage|p1a: Slaking|94\/100 brn|[from] brn\n|upkeep\n|turn|2\n|\n|t:|1683555127\n|move|p1a: Slaking|Amnesia|p1a: Slaking\n|-boost|p1a: Slaking|spd|2\n|move|p2b: Rotom|Overheat|p1a: Slaking\n|-damage|p1a: Slaking|82\/100 brn\n|-unboost|p2b: Rotom|spa|2\n|move|p2a: Ampharos|Thunderbolt|p1a: Slaking\n|-damage|p1a: Slaking|73\/100 brn\n|cant|p1b: Sableye|ability: Truant\n|\n|-heal|p1a: Slaking|79\/100 brn|[from] item: Leftovers\n|-damage|p1a: Slaking|73\/100 brn|[from] brn\n|upkeep\n|turn|3\n|\n|t:|1683555149\n|switch|p2b: Eelektross|Eelektross, L50, M|100\/100\n|move|p1a: Slaking|Curse|p1a: Slaking\n|-unboost|p1a: Slaking|spe|1\n|-boost|p1a: Slaking|atk|1\n|-boost|p1a: Slaking|def|1\n|move|p2a: Ampharos|Dazzling Gleam|p1b: Sableye|[spread] p1a,p1b\n|-supereffective|p1b: Sableye\n|-damage|p1a: Slaking|69\/100 brn\n|-damage|p1b: Sableye|59\/100\n|-enditem|p1b: Sableye|Eject Button\n|\n|t:|1683555160\n|switch|p1b: Oranguru|Oranguru, L50, M|100\/100\n|\n|-heal|p1a: Slaking|75\/100 brn|[from] item: Leftovers\n|-damage|p1a: Slaking|69\/100 brn|[from] brn\n|upkeep\n|turn|4\n|\n|t:|1683555173\n|move|p1a: Slaking|Curse|p1a: Slaking\n|-unboost|p1a: Slaking|spe|1\n|-boost|p1a: Slaking|atk|1\n|-boost|p1a: Slaking|def|1\n|move|p2a: Ampharos|Thunderbolt|p1a: Slaking\n|-damage|p1a: Slaking|60\/100 brn\n|move|p2b: Eelektross|Liquidation|p1a: Slaking\n|-damage|p1a: Slaking|51\/100 brn\n|move|p1b: Oranguru|Trick Room|p1b: Oranguru\n|-fieldstart|move: Trick Room|[of] p1b: Oranguru\n|\n|-heal|p1a: Slaking|57\/100 brn|[from] item: Leftovers\n|-damage|p1a: Slaking|51\/100 brn|[from] brn\n|upkeep\n|turn|5\n|\n|t:|1683555193\n|switch|p1b: Torkoal|Torkoal, L50, M|100\/100\n|-weather|SunnyDay|[from] ability: Drought|[of] p1b: Torkoal\n|move|p1a: Slaking|Curse|p1a: Slaking\n|-unboost|p1a: Slaking|spe|1\n|-boost|p1a: Slaking|atk|1\n|-boost|p1a: Slaking|def|1\n|move|p2b: Eelektross|Liquidation|p1a: Slaking\n|-damage|p1a: Slaking|47\/100 brn\n|move|p2a: Ampharos|Thunderbolt|p1a: Slaking\n|-damage|p1a: Slaking|37\/100 brn\n|\n|-weather|SunnyDay|[upkeep]\n|-heal|p1a: Slaking|44\/100 brn|[from] item: Leftovers\n|-damage|p1a: Slaking|37\/100 brn|[from] brn\n|upkeep\n|turn|6\n|\n|t:|1683555213\n|-terastallize|p1b: Torkoal|Fire\n|move|p1a: Slaking|Curse|p1a: Slaking\n|-unboost|p1a: Slaking|spe|1\n|-boost|p1a: Slaking|atk|1\n|-boost|p1a: Slaking|def|1\n|move|p1b: Torkoal|Eruption|p2a: Ampharos|[spread] p2a,p2b\n|-damage|p2a: Ampharos|0 fnt\n|-damage|p2b: Eelektross|10\/100\n|faint|p2a: Ampharos\n|move|p2b: Eelektross|Giga Drain|p1a: Slaking\n|-damage|p1a: Slaking|33\/100 brn\n|-heal|p2b: Eelektross|14\/100|[from] drain|[of] p1a: Slaking\n|\n|-weather|SunnyDay|[upkeep]\n|-heal|p1a: Slaking|39\/100 brn|[from] item: Leftovers\n|-damage|p1a: Slaking|33\/100 brn|[from] brn\n|upkeep\n|-message|oliverfakemawn forfeited.\n|\n|win|jrjddud\n|raw|jrjddud's rating: 1000 → 1050<\/strong> (+50 for winning)\n|raw|oliverfakemawn's rating: 1090 → 1061<\/strong> (-29 for losing)\n|l|\u2606oliverfakemawn\n","uploadtime":1683555236,"views":8,"p1id":"jrjddud","p2id":"oliverfakemawn","formatid":"gen9vgc2023regulationc","rating":1050,"private":0,"password":""}