{"id":"gen9vgc2023regulationc-1845928807","p1":"wesleihas","p2":"GS \u00a6 Leelep","format":"[Gen 9] VGC 2023 Regulation C","log":"|j|\u2606wesleihas\n|j|\u2606GS \u00a6 Leelep\n|t:|1681780372\n|gametype|doubles\n|player|p1|wesleihas|170|\n|player|p2|GS \u00a6 Leelep|riley|\n|teamsize|p1|6\n|teamsize|p2|6\n|gen|9\n|tier|[Gen 9] VGC 2023 Regulation C\n|rule|Species Clause: Limit one of each Pok\u00e9mon\n|rule|Item Clause: Limit one of each item\n|clearpoke\n|poke|p1|Ting-Lu, L50|\n|poke|p1|Corviknight, L50, M|\n|poke|p1|Scream Tail, L50|\n|poke|p1|Kingambit, L50, M|\n|poke|p1|Flutter Mane, L50|\n|poke|p1|Gyarados, L50, M|\n|poke|p2|Chien-Pao, L50|\n|poke|p2|Amoonguss, L50, F|\n|poke|p2|Volcarona, L50, F|\n|poke|p2|Dragapult, L50, M|\n|poke|p2|Ting-Lu, L50|\n|poke|p2|Dragonite, L50, M|\n|teampreview|4\nGS \u00a6 Leelep has agreed to open team sheets.\n|c|\u2606wesleihas|g3\nwesleihas has agreed to open team sheets.\n|\n|t:|1681781029\n|start\n|switch|p1a: Ting-Lu|Ting-Lu, L50|100\/100\n|switch|p1b: Gyarados|Gyarados, L50, M, shiny|100\/100\n|switch|p2a: Chien-Pao|Chien-Pao, L50|100\/100\n|switch|p2b: Dragonite|Dragonite, L50, M|100\/100\n|-ability|p2a: Chien-Pao|Sword of Ruin\n|-ability|p1b: Gyarados|Intimidate|boost\n|-unboost|p2a: Chien-Pao|atk|1\n|-unboost|p2b: Dragonite|atk|1\n|-ability|p1a: Ting-Lu|Vessel of Ruin\n|turn|1\n|\n|t:|1681781079\n|-terastallize|p2b: Dragonite|Normal\n|-terastallize|p1a: Ting-Lu|Poison\n|move|p2b: Dragonite|Extreme Speed|p1b: Gyarados\n|-damage|p1b: Gyarados|26\/100\n|-enditem|p1b: Gyarados|Sitrus Berry|[eat]\n|-heal|p1b: Gyarados|51\/100|[from] item: Sitrus Berry\n|move|p2a: Chien-Pao|Ice Spinner|p1b: Gyarados\n|-crit|p1b: Gyarados\n|-damage|p1b: Gyarados|0 fnt\n|faint|p1b: Gyarados\n|move|p1a: Ting-Lu|Rock Slide|p2a: Chien-Pao|[spread] p2a,p2b\n|-supereffective|p2a: Chien-Pao\n|-damage|p2a: Chien-Pao|51\/100\n|-damage|p2b: Dragonite|89\/100\n|\n|upkeep\n|\n|t:|1681781099\n|switch|p1b: Corviknight|Corviknight, L50, M|100\/100\n|turn|2\n|\n|t:|1681781110\n|switch|p2b: Amoonguss|Amoonguss, L50, F, shiny|100\/100\n|move|p2a: Chien-Pao|Protect|p2a: Chien-Pao\n|-singleturn|p2a: Chien-Pao|Protect\n|move|p1b: Corviknight|Bulk Up|p1b: Corviknight\n|-boost|p1b: Corviknight|atk|1\n|-boost|p1b: Corviknight|def|1\n|move|p1a: Ting-Lu|Earthquake|p2a: Chien-Pao|[spread] p2b\n|-activate|p2a: Chien-Pao|move: Protect\n|-immune|p1b: Corviknight\n|-damage|p2b: Amoonguss|59\/100\n|\n|upkeep\n|turn|3\n|\n|t:|1681781128\n|move|p1a: Ting-Lu|Protect|p1a: Ting-Lu\n|-singleturn|p1a: Ting-Lu|Protect\n|move|p2b: Amoonguss|Rage Powder|p2b: Amoonguss\n|-singleturn|p2b: Amoonguss|move: Rage Powder\n|move|p2a: Chien-Pao|Sacred Sword|p1b: Corviknight\n|-damage|p1b: Corviknight|81\/100\n|move|p1b: Corviknight|Brave Bird|p2b: Amoonguss\n|-supereffective|p2b: Amoonguss\n|-damage|p2b: Amoonguss|0 fnt\n|faint|p2b: Amoonguss\n|-damage|p1b: Corviknight|60\/100|[from] Recoil\n|\n|upkeep\n|\n|t:|1681781140\n|switch|p2b: Volcarona|Volcarona, L50, F, shiny|100\/100\n|turn|4\n|\n|t:|1681781161\n|switch|p2a: Dragonite|Dragonite, L50, M, tera:Normal|89\/100\n|switch|p1b: Kingambit|Kingambit, L50, M|100\/100\n|move|p2b: Volcarona|Protect|p2b: Volcarona\n|-singleturn|p2b: Volcarona|Protect\n|move|p1a: Ting-Lu|Rock Slide|p2b: Volcarona|[spread] \n|-activate|p2b: Volcarona|move: Protect\n|-miss|p1a: Ting-Lu|p2a: Dragonite\n|\n|upkeep\n|turn|5\n|\n|t:|1681781208\n|switch|p2b: Chien-Pao|Chien-Pao, L50|51\/100\n|-ability|p2b: Chien-Pao|Sword of Ruin\n|move|p2a: Dragonite|Extreme Speed|p1a: Ting-Lu\n|-damage|p1a: Ting-Lu|52\/100\n|move|p1b: Kingambit|Kowtow Cleave|p2b: Chien-Pao\n|-resisted|p2b: Chien-Pao\n|-damage|p2b: Chien-Pao|11\/100\n|move|p1a: Ting-Lu|Rock Slide|p2a: Dragonite|[spread] p2a,p2b\n|-supereffective|p2b: Chien-Pao\n|-damage|p2a: Dragonite|64\/100\n|-damage|p2b: Chien-Pao|0 fnt\n|faint|p2b: Chien-Pao\n|\n|-heal|p1a: Ting-Lu|58\/100|[from] item: Leftovers\n|upkeep\n|\n|t:|1681781219\n|switch|p2b: Volcarona|Volcarona, L50, F, shiny|100\/100\n|turn|6\n|\n|t:|1681781232\n|move|p2b: Volcarona|Protect|p2b: Volcarona\n|-singleturn|p2b: Volcarona|Protect\n|move|p1b: Kingambit|Protect|p1b: Kingambit\n|-singleturn|p1b: Kingambit|Protect\n|move|p2a: Dragonite|Extreme Speed|p1a: Ting-Lu\n|-damage|p1a: Ting-Lu|18\/100\n|move|p1a: Ting-Lu|Earthquake|p2b: Volcarona|[spread] p2a\n|-activate|p1b: Kingambit|move: Protect\n|-activate|p2b: Volcarona|move: Protect\n|-damage|p2a: Dragonite|30\/100\n|\n|-heal|p1a: Ting-Lu|24\/100|[from] item: Leftovers\n|upkeep\n|turn|7\n|\n|t:|1681781269\n|switch|p1a: Corviknight|Corviknight, L50, M|60\/100\n|move|p2a: Dragonite|Extreme Speed|p1a: Corviknight\n|-resisted|p1a: Corviknight\n|-damage|p1a: Corviknight|37\/100\n|move|p1b: Kingambit|Sucker Punch||[still]\n|-fail|p1b: Kingambit\n|move|p2b: Volcarona|Will-O-Wisp|p1b: Kingambit|[miss]\n|-miss|p2b: Volcarona|p1b: Kingambit\n|\n|upkeep\n|turn|8\n|\n|t:|1681781293\n|move|p2a: Dragonite|Extreme Speed|p1b: Kingambit\n|-resisted|p1b: Kingambit\n|-damage|p1b: Kingambit|74\/100\n|move|p2b: Volcarona|Overheat|p1a: Corviknight\n|-supereffective|p1a: Corviknight\n|-damage|p1a: Corviknight|0 fnt\n|-unboost|p2b: Volcarona|spa|2\n|faint|p1a: Corviknight\n|move|p1b: Kingambit|Kowtow Cleave|p2b: Volcarona\n|-damage|p2b: Volcarona|26\/100\n|\n|upkeep\n|\n|t:|1681781304\n|switch|p1a: Ting-Lu|Ting-Lu, L50, tera:Poison|24\/100\n|-ability|p1a: Ting-Lu|Vessel of Ruin\n|turn|9\n|\n|t:|1681781321\n|move|p1a: Ting-Lu|Protect|p1a: Ting-Lu\n|-singleturn|p1a: Ting-Lu|Protect\n|move|p2a: Dragonite|Extreme Speed|p1a: Ting-Lu\n|-activate|p1a: Ting-Lu|move: Protect\n|move|p2b: Volcarona|Will-O-Wisp|p1b: Kingambit\n|-status|p1b: Kingambit|brn\n|move|p1b: Kingambit|Kowtow Cleave|p2a: Dragonite\n|-damage|p2a: Dragonite|0 fnt\n|faint|p2a: Dragonite\n|\n|-heal|p1a: Ting-Lu|30\/100|[from] item: Leftovers\n|-damage|p1b: Kingambit|69\/100 brn|[from] brn\n|upkeep\n|turn|10\n|\n|t:|1681781341\n|move|p1b: Kingambit|Sucker Punch|p2b: Volcarona\n|-damage|p2b: Volcarona|0 fnt\n|faint|p2b: Volcarona\n|\n|win|wesleihas\n|c|\u2606GS \u00a6 Leelep|gg\n","uploadtime":1681781347,"views":11,"p1id":"wesleihas","p2id":"gsleelep","formatid":"gen9vgc2023regulationc","rating":0,"private":0,"password":""}