{"id":"gen9vgc2023regulationc-1858494706","p1":"therealrumpleman","p2":"Dummy_Yamage","format":"[Gen 9] VGC 2023 Regulation C","log":"|j|\u2606therealrumpleman\n|j|\u2606Dummy_Yamage\n|t:|1683317973\n|gametype|doubles\n|player|p1|therealrumpleman|koga|1374\n|player|p2|Dummy_Yamage|265|1449\n|teamsize|p1|6\n|teamsize|p2|6\n|gen|9\n|tier|[Gen 9] VGC 2023 Regulation C\n|rated|\n|rule|Species Clause: Limit one of each Pok\u00e9mon\n|rule|Item Clause: Limit one of each item\n|clearpoke\n|poke|p1|Rotom-Wash, L50|\n|poke|p1|Chien-Pao, L50|\n|poke|p1|Flutter Mane, L50|\n|poke|p1|Amoonguss, L50, M|\n|poke|p1|Talonflame, L50, M|\n|poke|p1|Great Tusk, L50|\n|poke|p2|Dondozo, L50, M|\n|poke|p2|Tatsugiri, L50, F|\n|poke|p2|Pelipper, L50, M|\n|poke|p2|Glimmora, L50, M|\n|poke|p2|Wo-Chien, L50|\n|poke|p2|Dragonite, L50, F|\n|teampreview|4\n|inactive|Battle timer is ON: inactive players will automatically lose when time's up. (requested by therealrumpleman)\ntherealrumpleman rejected open team sheets.\n|\n|t:|1683318063\n|start\n|switch|p1a: Rotom|Rotom-Wash, L50|100\/100\n|switch|p1b: Flutter Mane|Flutter Mane, L50|100\/100\n|switch|p2a: Pelipper|Pelipper, L50, M|100\/100\n|switch|p2b: Dondozo|Dondozo, L50, M|100\/100\n|-weather|RainDance|[from] ability: Drizzle|[of] p2a: Pelipper\n|turn|1\n|\n|t:|1683318080\n|switch|p2a: Tatsugiri|Tatsugiri, L50, F|100\/100\n|-activate|p2a: Tatsugiri|ability: Commander|[of] p2b: Dondozo\n|-boost|p2b: Dondozo|atk|2\n|-boost|p2b: Dondozo|spa|2\n|-boost|p2b: Dondozo|spe|2\n|-boost|p2b: Dondozo|def|2\n|-boost|p2b: Dondozo|spd|2\n|-terastallize|p2b: Dondozo|Water\n|move|p1b: Flutter Mane|Thunderbolt|p2a: Tatsugiri|[miss]\n|-miss|p1b: Flutter Mane|p2a: Tatsugiri\n|move|p2b: Dondozo|Surf|p1a: Rotom|[spread] p1a,p1b\n|-miss|p2b: Dondozo|p2a: Tatsugiri\n|-resisted|p1a: Rotom\n|-damage|p1a: Rotom|41\/100\n|-damage|p1b: Flutter Mane|0 fnt\n|faint|p1b: Flutter Mane\n|-end|p1b: Flutter Mane|Protosynthesis|[silent]\n|-damage|p2b: Dondozo|91\/100|[from] item: Life Orb\n|move|p1a: Rotom|Will-O-Wisp|p2b: Dondozo\n|-status|p2b: Dondozo|brn\n|\n|-weather|RainDance|[upkeep]\n|-damage|p2b: Dondozo|85\/100 brn|[from] brn\n|upkeep\n|\n|t:|1683318087\n|switch|p1b: Chien-Pao|Chien-Pao, L50|100\/100\n|-ability|p1b: Chien-Pao|Sword of Ruin\n|turn|2\n|c|\u2606Dummy_Yamage|Lol\n|inactive|therealrumpleman has 30 seconds left.\n|inactive|Dummy_Yamage has 30 seconds left.\n|c|\u2606Dummy_Yamage|Fuck\n|c|\u2606Dummy_Yamage|haze\n|inactive|Dummy_Yamage has 20 seconds left.\n|\n|t:|1683318125\n|-terastallize|p1a: Rotom|Electric\n|move|p1b: Chien-Pao|Haze|p1b: Chien-Pao\n|-clearallboost\n|move|p1a: Rotom|Thunderbolt|p2b: Dondozo\n|-supereffective|p2b: Dondozo\n|-damage|p2b: Dondozo|0 fnt\n|faint|p2b: Dondozo\n|\n|-weather|RainDance|[upkeep]\n|upkeep\n|\n|t:|1683318137\n|switch|p2b: Dragonite|Dragonite, L50, F|100\/100\n|turn|3\n|\n|t:|1683318157\n|move|p1a: Rotom|Protect|p1a: Rotom\n|-singleturn|p1a: Rotom|Protect\n|move|p2b: Dragonite|Extreme Speed|p1b: Chien-Pao\n|-crit|p1b: Chien-Pao\n|-damage|p1b: Chien-Pao|4\/100\n|move|p2a: Tatsugiri|Muddy Water|p1b: Chien-Pao|[spread] p1b\n|-activate|p1a: Rotom|move: Protect\n|-damage|p1b: Chien-Pao|0 fnt\n|faint|p1b: Chien-Pao\n|\n|-weather|RainDance|[upkeep]\n|upkeep\n|\n|t:|1683318167\n|switch|p1b: Great Tusk|Great Tusk, L50|100\/100\n|turn|4\n|c|\u2606Dummy_Yamage|Gg\n|\n|t:|1683318183\n|move|p2b: Dragonite|Extreme Speed|p1a: Rotom\n|-damage|p1a: Rotom|0 fnt\n|faint|p1a: Rotom\n|move|p2a: Tatsugiri|Muddy Water|p1b: Great Tusk|[miss]\n|-miss|p2a: Tatsugiri|p1b: Great Tusk\n|move|p1b: Great Tusk|Rock Slide|p2a: Tatsugiri|[spread] p2a,p2b\n|-supereffective|p2b: Dragonite\n|-damage|p2a: Tatsugiri|57\/100\n|-damage|p2b: Dragonite|53\/100\n|\n|-weather|RainDance|[upkeep]\n|upkeep\n|turn|5\n|c|\u2606therealrumpleman|gg\n|inactive|therealrumpleman has 30 seconds left.\n|c|\u2606therealrumpleman|I am unsure if the crit mattered or not lol\n|\n|t:|1683318211\n|move|p2b: Dragonite|Extreme Speed|p1b: Great Tusk\n|-damage|p1b: Great Tusk|66\/100\n|move|p2a: Tatsugiri|Muddy Water|p1b: Great Tusk\n|-supereffective|p1b: Great Tusk\n|-damage|p1b: Great Tusk|0 fnt\n|faint|p1b: Great Tusk\n|-end|p1b: Great Tusk|Protosynthesis|[silent]\n|\n|win|Dummy_Yamage\n|raw|therealrumpleman's rating: 1374 → 1358<\/strong> (-16 for losing)\n|raw|Dummy_Yamage's rating: 1449 → 1465<\/strong> (+16 for winning)\n","uploadtime":1683318218,"views":6,"p1id":"therealrumpleman","p2id":"dummyyamage","formatid":"gen9vgc2023regulationc","rating":1358,"private":0,"password":""}