{"id":"gen9vgc2023regulationc-1862234417","p1":"BigBoofles","p2":"RonJohn","format":"[Gen 9] VGC 2023 Regulation C","log":"|j|\u2606BigBoofles\n|j|\u2606RonJohn\n|t:|1683852942\n|gametype|doubles\n|player|p1|BigBoofles|2|1221\n|player|p2|RonJohn|2|1199\n|teamsize|p1|6\n|teamsize|p2|6\n|gen|9\n|tier|[Gen 9] VGC 2023 Regulation C\n|rated|\n|rule|Species Clause: Limit one of each Pok\u00e9mon\n|rule|Item Clause: Limit one of each item\n|clearpoke\n|poke|p1|Clodsire, L50, F|\n|poke|p1|Garganacl, L50, F|\n|poke|p1|Gyarados, L50, F|\n|poke|p1|Pawmot, L50, M|\n|poke|p1|Salazzle, L50, F|\n|poke|p1|Blissey, L50, F|\n|poke|p2|Flutter Mane, L50|\n|poke|p2|Orthworm, L50, F|\n|poke|p2|Dragonite, L50, F|\n|poke|p2|Amoonguss, L50, F|\n|poke|p2|Gyarados, L50, M|\n|poke|p2|Ting-Lu, L50|\n|teampreview|4\nBigBoofles has agreed to open team sheets.\nRonJohn has agreed to open team sheets.\n|\n|t:|1683852995\n|start\n|switch|p1a: Sin probably|Garganacl, L50, F|100\/100\n|switch|p1b: marry me?|Gyarados, L50, F|100\/100\n|switch|p2a: Gyarados|Gyarados, L50, M|100\/100\n|switch|p2b: Ting-Lu|Ting-Lu, L50|100\/100\n|-ability|p2a: Gyarados|Intimidate|boost\n|-unboost|p1a: Sin probably|atk|1\n|-unboost|p1b: marry me?|atk|1\n|-ability|p1b: marry me?|Intimidate|boost\n|-unboost|p2a: Gyarados|atk|1\n|-unboost|p2b: Ting-Lu|atk|1\n|-ability|p2b: Ting-Lu|Vessel of Ruin\n|turn|1\n|\n|t:|1683853023\n|move|p2a: Gyarados|Taunt|p1a: Sin probably\n|-start|p1a: Sin probably|move: Taunt\n|move|p1b: marry me?|Waterfall|p2b: Ting-Lu\n|-supereffective|p2b: Ting-Lu\n|-damage|p2b: Ting-Lu|73\/100\n|cant|p2b: Ting-Lu|flinch\n|move|p1a: Sin probably|Salt Cure|p2a: Gyarados\n|-supereffective|p2a: Gyarados\n|-damage|p2a: Gyarados|82\/100\n|-start|p2a: Gyarados|Salt Cure\n|\n|-damage|p2a: Gyarados|57\/100|[from] Salt Cure\n|upkeep\n|turn|2\n|\n|t:|1683853046\n|switch|p2a: Orthworm|Orthworm, L50, F|100\/100\n|switch|p1a: slapslapslap|Salazzle, L50, F|100\/100\n|-item|p1a: slapslapslap|Air Balloon\n|move|p1b: marry me?|Waterfall|p2b: Ting-Lu\n|-supereffective|p2b: Ting-Lu\n|-damage|p2b: Ting-Lu|42\/100\n|move|p2b: Ting-Lu|Earthquake|p1a: slapslapslap|[spread] \n|-immune|p2a: Orthworm|[from] ability: Earth Eater\n|-immune|p1a: slapslapslap\n|-immune|p1b: marry me?\n|\n|upkeep\n|turn|3\n|\n|t:|1683853076\n|move|p1a: slapslapslap|Overheat|p2a: Orthworm\n|-supereffective|p2a: Orthworm\n|-damage|p2a: Orthworm|0 fnt\n|-unboost|p1a: slapslapslap|spa|2\n|faint|p2a: Orthworm\n|move|p1b: marry me?|Waterfall|p2b: Ting-Lu\n|-supereffective|p2b: Ting-Lu\n|-damage|p2b: Ting-Lu|14\/100\n|move|p2b: Ting-Lu|Ruination|p1a: slapslapslap\n|-damage|p1a: slapslapslap|50\/100\n|-enditem|p1a: slapslapslap|Air Balloon\n|\n|upkeep\n|\n|t:|1683853097\n|switch|p2a: Gyarados|Gyarados, L50, M|57\/100\n|-ability|p2a: Gyarados|Intimidate|boost\n|-unboost|p1a: slapslapslap|atk|1\n|-unboost|p1b: marry me?|atk|1\n|turn|4\n|\n|t:|1683853115\n|move|p1a: slapslapslap|Protect|p1a: slapslapslap\n|-singleturn|p1a: slapslapslap|Protect\n|move|p2a: Gyarados|Thunder Wave|p1b: marry me?\n|-status|p1b: marry me?|par\n|move|p2b: Ting-Lu|Earthquake|p1b: marry me?|[spread] \n|-activate|p1a: slapslapslap|move: Protect\n|-immune|p2a: Gyarados\n|-immune|p1b: marry me?\n|move|p1b: marry me?|Waterfall|p2b: Ting-Lu\n|-supereffective|p2b: Ting-Lu\n|-damage|p2b: Ting-Lu|0 fnt\n|faint|p2b: Ting-Lu\n|\n|upkeep\n|\n|t:|1683853131\n|switch|p2b: Dragonite|Dragonite, L50, F|100\/100\n|turn|5\n|\n|t:|1683853150\n|move|p1a: slapslapslap|Sludge Bomb|p2a: Gyarados\n|-damage|p2a: Gyarados|34\/100\n|-status|p2a: Gyarados|psn\n|move|p2b: Dragonite|Dragon Dance|p2b: Dragonite\n|-boost|p2b: Dragonite|atk|1\n|-boost|p2b: Dragonite|spe|1\n|move|p2a: Gyarados|Thunder Wave|p1a: slapslapslap\n|-status|p1a: slapslapslap|par\n|move|p1b: marry me?|Tera Blast|p2b: Dragonite\n|-damage|p2b: Dragonite|94\/100\n|\n|-damage|p2a: Gyarados|22\/100 psn|[from] psn\n|upkeep\n|turn|6\n|\n|t:|1683853196\n|-terastallize|p2b: Dragonite|Normal\n|move|p2b: Dragonite|Extreme Speed|p1b: marry me?\n|-damage|p1b: marry me?|40\/100 par\n|move|p2a: Gyarados|Taunt|p1a: slapslapslap\n|-start|p1a: slapslapslap|move: Taunt\n|move|p1a: slapslapslap|Sludge Bomb|p2b: Dragonite\n|-damage|p2b: Dragonite|70\/100\n|-status|p2b: Dragonite|psn\n|-enditem|p2b: Dragonite|Lum Berry|[eat]\n|-curestatus|p2b: Dragonite|psn|[msg]\n|move|p1b: marry me?|Taunt|p2b: Dragonite\n|-start|p2b: Dragonite|move: Taunt\n|\n|-damage|p2a: Gyarados|9\/100 psn|[from] psn\n|upkeep\n|turn|7\n|\n|t:|1683853231\n|move|p2b: Dragonite|Ice Spinner|p1b: marry me?\n|-damage|p1b: marry me?|1\/100 par\n|move|p2a: Gyarados|Waterfall|p1a: slapslapslap\n|-supereffective|p1a: slapslapslap\n|-damage|p1a: slapslapslap|0 fnt\n|faint|p1a: slapslapslap\n|move|p1b: marry me?|Waterfall|p2b: Dragonite\n|-damage|p2b: Dragonite|49\/100\n|\n|-damage|p2a: Gyarados|0 fnt|[from] psn\n|faint|p2a: Gyarados\n|upkeep\n|\n|t:|1683853243\n|switch|p1a: pawmesan|Pawmot, L50, M|100\/100\n|turn|8\n|\n|t:|1683853256\n|move|p2b: Dragonite|Extreme Speed|p1b: marry me?\n|-damage|p1b: marry me?|0 fnt\n|faint|p1b: marry me?\n|move|p1a: pawmesan|Close Combat|p2b: Dragonite\n|-supereffective|p2b: Dragonite\n|-damage|p2b: Dragonite|0 fnt\n|-unboost|p1a: pawmesan|def|1\n|-unboost|p1a: pawmesan|spd|1\n|faint|p2b: Dragonite\n|\n|win|BigBoofles\n|raw|BigBoofles's rating: 1221 → 1244<\/strong> (+23 for winning)\n|raw|RonJohn's rating: 1199 → 1176<\/strong> (-23 for losing)\n|c|\u2606BigBoofles|gg\n|l|\u2606BigBoofles\n|c|\u2606RonJohn|gg\n","uploadtime":1683853271,"views":30,"p1id":"bigboofles","p2id":"ronjohn","formatid":"gen9vgc2023regulationc","rating":1176,"private":0,"password":""}