{"id":"gen9vgc2023regulationc-1848018960","p1":"MLJP","p2":"TacoIsBad","format":"[Gen 9] VGC 2023 Regulation C","log":"|j|\u2606MLJP\n|j|\u2606TacoIsBad\n|t:|1682021214\n|gametype|doubles\n|player|p1|MLJP|1|1169\n|player|p2|TacoIsBad|1|1251\n|teamsize|p1|6\n|teamsize|p2|6\n|gen|9\n|tier|[Gen 9] VGC 2023 Regulation C\n|rated|\n|rule|Species Clause: Limit one of each Pok\u00e9mon\n|rule|Item Clause: Limit one of each item\n|clearpoke\n|poke|p1|Pelipper, L50, F|\n|poke|p1|Dondozo, L50, M|\n|poke|p1|Tatsugiri, L50, F|\n|poke|p1|Dragonite, L50, M|\n|poke|p1|Drednaw, L50, F|\n|poke|p1|Chien-Pao, L50|\n|poke|p2|Roaring Moon, L50|\n|poke|p2|Flutter Mane, L50|\n|poke|p2|Ting-Lu, L50|\n|poke|p2|Arcanine, L50, M|\n|poke|p2|Amoonguss, L50, M|\n|poke|p2|Palafin, L50, M|\n|teampreview|4\n|inactive|Battle timer is ON: inactive players will automatically lose when time's up. (requested by MLJP)\n|\n|t:|1682021243\n|start\n|switch|p1a: Pelipper|Pelipper, L50, F|100\/100\n|switch|p1b: Drednaw|Drednaw, L50, F|100\/100\n|switch|p2a: Flutter Mane|Flutter Mane, L50|100\/100\n|switch|p2b: Amoonguss|Amoonguss, L50, M, shiny|100\/100\n|-weather|RainDance|[from] ability: Drizzle|[of] p1a: Pelipper\n|turn|1\n|inactive|MLJP has 30 seconds left.\n|inactive|TacoIsBad has 30 seconds left.\n|inactive|TacoIsBad has 20 seconds left.\n|inactive|TacoIsBad has 15 seconds left.\n|inactive|TacoIsBad has 10 seconds left.\n|\n|t:|1682021289\n|-terastallize|p2b: Amoonguss|Water\n|move|p2b: Amoonguss|Rage Powder|p2b: Amoonguss\n|-singleturn|p2b: Amoonguss|move: Rage Powder\n|move|p1b: Drednaw|Rock Slide|p2a: Flutter Mane|[spread] p2a,p2b\n|-damage|p2a: Flutter Mane|36\/100\n|-damage|p2b: Amoonguss|69\/100\n|cant|p2a: Flutter Mane|flinch\n|move|p1a: Pelipper|Hurricane|p2b: Amoonguss\n|-crit|p2b: Amoonguss\n|-damage|p2b: Amoonguss|4\/100\n|-enditem|p2b: Amoonguss|Sitrus Berry|[eat]\n|-heal|p2b: Amoonguss|29\/100|[from] item: Sitrus Berry\n|\n|-weather|RainDance|[upkeep]\n|upkeep\n|turn|2\n|\n|t:|1682021313\n|-end|p2a: Flutter Mane|Protosynthesis|[silent]\n|switch|p2a: Arcanine|Arcanine, L50, M|100\/100\n|-ability|p2a: Arcanine|Intimidate|boost\n|-unboost|p1a: Pelipper|atk|1\n|-unboost|p1b: Drednaw|atk|1\n|move|p2b: Amoonguss|Protect|p2b: Amoonguss\n|-singleturn|p2b: Amoonguss|Protect\n|move|p1b: Drednaw|Rock Slide|p2a: Arcanine|[spread] \n|-activate|p2b: Amoonguss|move: Protect\n|-miss|p1b: Drednaw|p2a: Arcanine\n|move|p1a: Pelipper|Hurricane|p2b: Amoonguss\n|-activate|p2b: Amoonguss|move: Protect\n|\n|-weather|RainDance|[upkeep]\n|upkeep\n|turn|3\n|inactive|TacoIsBad has 30 seconds left.\n|inactive|TacoIsBad has 20 seconds left.\n|\n|t:|1682021349\n|switch|p2b: Flutter Mane|Flutter Mane, L50|36\/100\n|move|p2a: Arcanine|Protect|p2a: Arcanine\n|-singleturn|p2a: Arcanine|Protect\n|move|p1b: Drednaw|Rock Slide|p2a: Arcanine|[spread] p2b\n|-activate|p2a: Arcanine|move: Protect\n|-damage|p2b: Flutter Mane|0 fnt\n|faint|p2b: Flutter Mane\n|-end|p2b: Flutter Mane|Protosynthesis|[silent]\n|move|p1a: Pelipper|Hydro Pump|p2a: Arcanine\n|-activate|p2a: Arcanine|move: Protect\n|\n|-weather|RainDance|[upkeep]\n|upkeep\n|\n|t:|1682021362\n|switch|p2b: Amoonguss|Amoonguss, L50, M, shiny, tera:Water|62\/100\n|turn|4\n|\n|t:|1682021379\n|switch|p2a: Roaring Moon|Roaring Moon, L50|100\/100\n|-enditem|p2a: Roaring Moon|Booster Energy\n|-activate|p2a: Roaring Moon|ability: Protosynthesis|[fromitem]\n|-start|p2a: Roaring Moon|protosynthesisatk\n|move|p1b: Drednaw|Rock Slide|p2a: Roaring Moon|[spread] p2a\n|-miss|p1b: Drednaw|p2b: Amoonguss\n|-damage|p2a: Roaring Moon|67\/100\n|move|p1a: Pelipper|Hurricane|p2b: Amoonguss\n|-damage|p2b: Amoonguss|16\/100\n|move|p2b: Amoonguss|Spore|p1b: Drednaw\n|-status|p1b: Drednaw|slp|[from] move: Spore\n|\n|-weather|RainDance|[upkeep]\n|upkeep\n|turn|5\n|inactive|TacoIsBad has 30 seconds left.\n|inactive|MLJP has 30 seconds left.\n|inactive|TacoIsBad has 20 seconds left.\n|inactive|TacoIsBad has 15 seconds left.\n|\n|t:|1682021424\n|move|p1a: Pelipper|Protect|p1a: Pelipper\n|-singleturn|p1a: Pelipper|Protect\n|cant|p1b: Drednaw|slp\n|move|p2a: Roaring Moon|Dragon Dance|p2a: Roaring Moon\n|-boost|p2a: Roaring Moon|atk|1\n|-boost|p2a: Roaring Moon|spe|1\n|move|p2b: Amoonguss|Pollen Puff|p2a: Roaring Moon\n|-heal|p2a: Roaring Moon|100\/100\n|\n|-weather|RainDance|[upkeep]\n|upkeep\n|turn|6\n|inactive|TacoIsBad has 30 seconds left.\n|\n|t:|1682021452\n|move|p2b: Amoonguss|Protect|p2b: Amoonguss\n|-singleturn|p2b: Amoonguss|Protect\n|cant|p1b: Drednaw|slp\n|move|p2a: Roaring Moon|Throat Chop|p1b: Drednaw\n|-damage|p1b: Drednaw|0 fnt\n|faint|p1b: Drednaw\n|move|p1a: Pelipper|Hurricane|p2b: Amoonguss\n|-activate|p2b: Amoonguss|move: Protect\n|\n|-weather|RainDance|[upkeep]\n|upkeep\n|\n|t:|1682021458\n|switch|p1b: Dondozo|Dondozo, L50, M|100\/100\n|turn|7\n|inactive|TacoIsBad has 30 seconds left.\n|\n|t:|1682021492\n|switch|p1a: Tatsugiri|Tatsugiri, L50, F|100\/100\n|-activate|p1a: Tatsugiri|ability: Commander|[of] p1b: Dondozo\n|-boost|p1b: Dondozo|atk|2\n|-boost|p1b: Dondozo|spa|2\n|-boost|p1b: Dondozo|spe|2\n|-boost|p1b: Dondozo|def|2\n|-boost|p1b: Dondozo|spd|2\n|switch|p2b: Arcanine|Arcanine, L50, M|100\/100\n|-ability|p2b: Arcanine|Intimidate|boost\n|-unboost|p1a: Tatsugiri|atk|1\n|-unboost|p1b: Dondozo|atk|1\n|-terastallize|p1b: Dondozo|Water\n|move|p2a: Roaring Moon|Protect|p2a: Roaring Moon\n|-singleturn|p2a: Roaring Moon|Protect\n|move|p1b: Dondozo|Surf|p2a: Roaring Moon|[spread] p2b\n|-miss|p1b: Dondozo|p1a: Tatsugiri\n|-activate|p2a: Roaring Moon|move: Protect\n|-supereffective|p2b: Arcanine\n|-damage|p2b: Arcanine|0 fnt\n|faint|p2b: Arcanine\n|-damage|p1b: Dondozo|91\/100|[from] item: Life Orb\n|\n|-weather|RainDance|[upkeep]\n|upkeep\n|\n|t:|1682021509\n|switch|p2b: Amoonguss|Amoonguss, L50, M, shiny, tera:Water|49\/100\n|turn|8\n|\n|t:|1682021528\n|move|p2a: Roaring Moon|Throat Chop|p1b: Dondozo\n|-damage|p1b: Dondozo|66\/100\n|-start|p1b: Dondozo|Throat Chop|[silent]\n|move|p1b: Dondozo|Surf|p2a: Roaring Moon|[spread] p2a,p2b\n|-miss|p1b: Dondozo|p1a: Tatsugiri\n|-resisted|p2a: Roaring Moon\n|-resisted|p2b: Amoonguss\n|-damage|p2a: Roaring Moon|48\/100\n|-damage|p2b: Amoonguss|0 fnt\n|faint|p2b: Amoonguss\n|-damage|p1b: Dondozo|57\/100|[from] item: Life Orb\n|\n|-weather|none\n|upkeep\n|turn|9\n|inactive|TacoIsBad has 30 seconds left.\n|\n|t:|1682021557\n|move|p2a: Roaring Moon|Acrobatics|p1b: Dondozo\n|-damage|p1b: Dondozo|34\/100\n|move|p1b: Dondozo|Surf|p2a: Roaring Moon|[spread] p2a\n|-miss|p1b: Dondozo|p1a: Tatsugiri\n|-resisted|p2a: Roaring Moon\n|-damage|p2a: Roaring Moon|14\/100\n|-damage|p1b: Dondozo|24\/100|[from] item: Life Orb\n|\n|-end|p1b: Dondozo|Throat Chop|[silent]\n|upkeep\n|turn|10\n|\n|t:|1682021570\n|move|p2a: Roaring Moon|Throat Chop|p1b: Dondozo\n|-damage|p1b: Dondozo|0 fnt\n|faint|p1b: Dondozo\n|\n|upkeep\n|\n|t:|1682021573\n|switch|p1b: Pelipper|Pelipper, L50, F|100\/100\n|-weather|RainDance|[from] ability: Drizzle|[of] p1b: Pelipper\n|turn|11\n|\n|t:|1682021581\n|move|p2a: Roaring Moon|Protect|p2a: Roaring Moon\n|-singleturn|p2a: Roaring Moon|Protect\n|move|p1a: Tatsugiri|Icy Wind|p2a: Roaring Moon\n|-activate|p2a: Roaring Moon|move: Protect\n|move|p1b: Pelipper|Tailwind|p1b: Pelipper\n|-sidestart|p1: MLJP|move: Tailwind\n|\n|-weather|RainDance|[upkeep]\n|upkeep\n|turn|12\n|c|\u2606MLJP|gg\n|\n|t:|1682021597\n|move|p1a: Tatsugiri|Icy Wind|p2a: Roaring Moon\n|-supereffective|p2a: Roaring Moon\n|-crit|p2a: Roaring Moon\n|-damage|p2a: Roaring Moon|0 fnt\n|faint|p2a: Roaring Moon\n|-end|p2a: Roaring Moon|Protosynthesis|[silent]\n|\n|win|MLJP\n|raw|MLJP's rating: 1169 → 1200<\/strong> (+31 for winning)\n|raw|TacoIsBad's rating: 1251 → 1220<\/strong> (-31 for losing)\n|l|\u2606MLJP\n","uploadtime":1682021610,"views":11,"p1id":"mljp","p2id":"tacoisbad","formatid":"gen9vgc2023regulationc","rating":1200,"private":0,"password":""}