{"id":"gen9vgc2023regulationc-1862473156","p1":"HoodWNKD","p2":"KiwiTheAce","format":"[Gen 9] VGC 2023 Regulation C","log":"|j|\u2606HoodWNKD\n|j|\u2606KiwiTheAce\n|t:|1683891387\n|gametype|doubles\n|player|p1|HoodWNKD|juan|1262\n|player|p2|KiwiTheAce|shadowtriad|1201\n|teamsize|p1|6\n|teamsize|p2|6\n|gen|9\n|tier|[Gen 9] VGC 2023 Regulation C\n|rated|\n|rule|Species Clause: Limit one of each Pok\u00e9mon\n|rule|Item Clause: Limit one of each item\n|clearpoke\n|poke|p1|Gyarados, L50, M|\n|poke|p1|Amoonguss, L50, F|\n|poke|p1|Iron Hands, L50|\n|poke|p1|Gholdengo, L50|\n|poke|p1|Baxcalibur, L50, M|\n|poke|p1|Chi-Yu, L50|\n|poke|p2|Maushold, L50|\n|poke|p2|Annihilape, L50, F|\n|poke|p2|Chi-Yu, L50|\n|poke|p2|Flutter Mane, L50|\n|poke|p2|Gothitelle, L50, F|\n|poke|p2|Gyarados, L50, M|\n|teampreview|4\nHoodWNKD has agreed to open team sheets.\n|\n|t:|1683891430\n|start\n|switch|p1a: Chi-Yu|Chi-Yu, L50|100\/100\n|switch|p1b: Iron Hands|Iron Hands, L50|100\/100\n|switch|p2a: orphanage|Maushold, L50|100\/100\n|switch|p2b: Black Dahlia|Annihilape, L50, F|100\/100\n|-ability|p1a: Chi-Yu|Beads of Ruin\n|turn|1\n|\n|t:|1683891474\n|move|p1b: Iron Hands|Fake Out|p2a: orphanage\n|-damage|p2a: orphanage|82\/100\n|move|p1a: Chi-Yu|Dark Pulse|p2b: Black Dahlia\n|-damage|p2b: Black Dahlia|64\/100\n|cant|p2a: orphanage|flinch\n|move|p2b: Black Dahlia|Drain Punch|p1a: Chi-Yu\n|-supereffective|p1a: Chi-Yu\n|-damage|p1a: Chi-Yu|8\/100\n|-heal|p2b: Black Dahlia|93\/100|[from] drain|[of] p1a: Chi-Yu\n|\n|-heal|p2b: Black Dahlia|99\/100|[from] item: Leftovers\n|upkeep\n|turn|2\n|\n|t:|1683891505\n|move|p1a: Chi-Yu|Heat Wave|p2b: Black Dahlia|[spread] p2a,p2b\n|-damage|p2a: orphanage|13\/100\n|-damage|p2b: Black Dahlia|67\/100\n|move|p2a: orphanage|Beat Up|p2b: Black Dahlia\n|-damage|p2b: Black Dahlia|65\/100\n|-damage|p2b: Black Dahlia|63\/100\n|-damage|p2b: Black Dahlia|61\/100\n|-damage|p2b: Black Dahlia|60\/100\n|-hitcount|p2b: Black Dahlia|4\n|move|p2b: Black Dahlia|Rage Fist|p1b: Iron Hands\n|-damage|p1b: Iron Hands|12\/100\n|move|p1b: Iron Hands|Close Combat|p2a: orphanage\n|-supereffective|p2a: orphanage\n|-damage|p2a: orphanage|0 fnt\n|-unboost|p1b: Iron Hands|def|1\n|-unboost|p1b: Iron Hands|spd|1\n|faint|p2a: orphanage\n|\n|-heal|p2b: Black Dahlia|66\/100|[from] item: Leftovers\n|upkeep\n|\n|t:|1683891526\n|switch|p2a: Chapeltown Rag|Flutter Mane, L50|100\/100\n|turn|3\n|\n|t:|1683891541\n|move|p2a: Chapeltown Rag|Dazzling Gleam|p1a: Chi-Yu|[spread] p1a,p1b\n|-supereffective|p1b: Iron Hands\n|-damage|p1a: Chi-Yu|0 fnt\n|-damage|p1b: Iron Hands|0 fnt\n|faint|p1a: Chi-Yu\n|faint|p1b: Iron Hands\n|-end|p1b: Iron Hands|Quark Drive|[silent]\n|move|p2b: Black Dahlia|Bulk Up|p2b: Black Dahlia\n|-boost|p2b: Black Dahlia|atk|1\n|-boost|p2b: Black Dahlia|def|1\n|\n|-heal|p2b: Black Dahlia|72\/100|[from] item: Leftovers\n|upkeep\n|\n|t:|1683891543\n|switch|p1a: Gholdengo|Gholdengo, L50|100\/100\n|switch|p1b: Baxcalibur|Baxcalibur, L50, M|100\/100\n|turn|4\n|\n|t:|1683891572\n|-terastallize|p1a: Gholdengo|Water\n|move|p2a: Chapeltown Rag|Shadow Ball|p1a: Gholdengo\n|-damage|p1a: Gholdengo|54\/100\n|move|p2b: Black Dahlia|Drain Punch|p1b: Baxcalibur\n|-supereffective|p1b: Baxcalibur\n|-crit|p1b: Baxcalibur\n|-damage|p1b: Baxcalibur|0 fnt\n|-heal|p2b: Black Dahlia|100\/100|[from] drain|[of] p1b: Baxcalibur\n|faint|p1b: Baxcalibur\n|move|p1a: Gholdengo|Shadow Ball|p2b: Black Dahlia\n|-supereffective|p2b: Black Dahlia\n|-damage|p2b: Black Dahlia|22\/100\n|\n|-heal|p2b: Black Dahlia|28\/100|[from] item: Leftovers\n|-heal|p1a: Gholdengo|60\/100|[from] item: Leftovers\n|upkeep\n|turn|5\n|c|\u2606HoodWNKD|gg\n|\n|t:|1683891594\n|move|p2a: Chapeltown Rag|Shadow Ball|p1a: Gholdengo\n|-damage|p1a: Gholdengo|6\/100\n|move|p2b: Black Dahlia|Rage Fist|p1a: Gholdengo\n|-damage|p1a: Gholdengo|0 fnt\n|faint|p1a: Gholdengo\n|\n|win|KiwiTheAce\n|raw|HoodWNKD's rating: 1262 → 1233<\/strong> (-29 for losing)\n|raw|KiwiTheAce's rating: 1201 → 1230<\/strong> (+29 for winning)\n|c|\u2606KiwiTheAce|GG\n","uploadtime":1683891609,"views":12,"p1id":"hoodwnkd","p2id":"kiwitheace","formatid":"gen9vgc2023regulationc","rating":1230,"private":0,"password":""}