{"id":"gen9vgc2023regulationc-1861547497","p1":"Lefties Chi-Yu","p2":"airport gamer","format":"[Gen 9] VGC 2023 Regulation C","log":"|j|\u2606Lefties Chi-Yu\n|j|\u2606airport gamer\n|t:|1683771579\n|gametype|doubles\n|player|p1|Lefties Chi-Yu|acetrainer-gen6xy|\n|player|p2|airport gamer|crasherwake|\n|teamsize|p1|6\n|teamsize|p2|6\n|gen|9\n|tier|[Gen 9] VGC 2023 Regulation C\n|rule|Species Clause: Limit one of each Pok\u00e9mon\n|rule|Item Clause: Limit one of each item\n|clearpoke\n|poke|p1|Arcanine, L50, M|\n|poke|p1|Amoonguss, L50, M|\n|poke|p1|Dragonite, L50, M|\n|poke|p1|Kingambit, L50, M|\n|poke|p1|Flutter Mane, L50|\n|poke|p1|Iron Bundle, L50|\n|poke|p2|Garganacl, L50, M|\n|poke|p2|Arcanine, L50, M|\n|poke|p2|Palafin, L50, M|\n|poke|p2|Amoonguss, L50, F|\n|poke|p2|Flutter Mane, L50|\n|poke|p2|Dragonite, L50, M|\n|teampreview|4\nairport gamer has agreed to open team sheets.\nLefties Chi-Yu has agreed to open team sheets.\n|\n|t:|1683771598\n|start\n|switch|p1a: Kingambit|Kingambit, L50, M|100\/100\n|switch|p1b: Dragonite|Dragonite, L50, M|100\/100\n|switch|p2a: Garganacl|Garganacl, L50, M|100\/100\n|switch|p2b: Amoonguss|Amoonguss, L50, F|100\/100\n|turn|1\n|\n|t:|1683771632\n|-terastallize|p1b: Dragonite|Flying\n|move|p1b: Dragonite|Tera Blast|p2b: Amoonguss\n|-supereffective|p2b: Amoonguss\n|-damage|p2b: Amoonguss|0 fnt\n|faint|p2b: Amoonguss\n|move|p1a: Kingambit|Swords Dance|p1a: Kingambit\n|-boost|p1a: Kingambit|atk|2\n|move|p2a: Garganacl|Salt Cure|p1a: Kingambit\n|-resisted|p1a: Kingambit\n|-damage|p1a: Kingambit|95\/100\n|-start|p1a: Kingambit|Salt Cure\n|\n|-damage|p1a: Kingambit|70\/100|[from] Salt Cure\n|upkeep\n|\n|t:|1683771646\n|switch|p2b: Palafin|Palafin, L50, M|100\/100\n|turn|2\n|\n|t:|1683771658\n|move|p2b: Palafin|Protect|p2b: Palafin\n|-singleturn|p2b: Palafin|Protect\n|move|p1b: Dragonite|Low Kick|p2a: Garganacl\n|-supereffective|p2a: Garganacl\n|-damage|p2a: Garganacl|39\/100\n|move|p1a: Kingambit|Kowtow Cleave|p2b: Palafin\n|-activate|p2b: Palafin|move: Protect\n|move|p2a: Garganacl|Salt Cure|p1b: Dragonite\n|-supereffective|p1b: Dragonite\n|-damage|p1b: Dragonite|84\/100\n|-start|p1b: Dragonite|Salt Cure\n|\n|-heal|p2a: Garganacl|44\/100|[from] item: Leftovers\n|-damage|p1b: Dragonite|72\/100|[from] Salt Cure\n|-damage|p1a: Kingambit|45\/100|[from] Salt Cure\n|upkeep\n|turn|3\n|\n|t:|1683771734\n|-terastallize|p2a: Garganacl|Water\n|move|p2b: Palafin|Jet Punch|p1a: Kingambit\n|-damage|p1a: Kingambit|24\/100\n|move|p1b: Dragonite|Tera Blast|p2b: Palafin\n|-damage|p2b: Palafin|26\/100\n|move|p1a: Kingambit|Kowtow Cleave|p2a: Garganacl\n|-damage|p2a: Garganacl|0 fnt\n|faint|p2a: Garganacl\n|\n|-damage|p1b: Dragonite|60\/100|[from] Salt Cure\n|-damage|p1a: Kingambit|0 fnt|[from] Salt Cure\n|faint|p1a: Kingambit\n|upkeep\n|c|\u2606airport gamer|Wait I didn't mean to do that\n|c|\u2606airport gamer|I meant to click haze\n|\n|t:|1683771765\n|switch|p1a: Iron Bundle|Iron Bundle, L50|100\/100\n|switch|p2a: Flutter Mane|Flutter Mane, L50|100\/100\n|-enditem|p1a: Iron Bundle|Booster Energy\n|-activate|p1a: Iron Bundle|ability: Quark Drive|[fromitem]\n|-start|p1a: Iron Bundle|quarkdrivespe\n|-enditem|p2a: Flutter Mane|Booster Energy\n|-activate|p2a: Flutter Mane|ability: Protosynthesis|[fromitem]\n|-start|p2a: Flutter Mane|protosynthesisspa\n|turn|4\n|c|\u2606Lefties Chi-Yu|doesnt change the turn tho right\n|c|\u2606Lefties Chi-Yu|if anythig that was better\n|c|\u2606Lefties Chi-Yu|oh wait no\n|c|\u2606Lefties Chi-Yu|kowtow roll\n|c|\u2606airport gamer|Garg lives and gets recover off then gambit dies next turn\n|c|\u2606airport gamer|My excuse is it's been a day\n|\n|t:|1683771844\n|move|p1b: Dragonite|Extreme Speed|p2b: Palafin\n|-damage|p2b: Palafin|0 fnt\n|faint|p2b: Palafin\n|move|p1a: Iron Bundle|Hydro Pump|p2a: Flutter Mane\n|-damage|p2a: Flutter Mane|42\/100\n|move|p2a: Flutter Mane|Moonblast|p1a: Iron Bundle\n|-damage|p1a: Iron Bundle|0 fnt\n|faint|p1a: Iron Bundle\n|-end|p1a: Iron Bundle|Quark Drive|[silent]\n|\n|-damage|p1b: Dragonite|48\/100|[from] Salt Cure\n|upkeep\n|\n|t:|1683771850\n|switch|p1a: Amoonguss|Amoonguss, L50, M|100\/100\n|turn|5\n|c|\u2606Lefties Chi-Yu|wait u might win\n|\n|t:|1683771889\n|move|p2a: Flutter Mane|Moonblast|p1b: Dragonite\n|-damage|p1b: Dragonite|7\/100\n|-unboost|p1b: Dragonite|spa|1\n|move|p1b: Dragonite|Tera Blast|p2a: Flutter Mane\n|-damage|p2a: Flutter Mane|0 fnt\n|faint|p2a: Flutter Mane\n|-end|p2a: Flutter Mane|Protosynthesis|[silent]\n|\n|win|Lefties Chi-Yu\n|c|\u2606Lefties Chi-Yu|av dnite goated nvm\n|c|\u2606airport gamer|I also didn't think tera blast could one shot amoongus\n|c|\u2606Lefties Chi-Yu|its a roll\n|c|\u2606airport gamer|So a lot of mistakes by me\n|c|\u2606Lefties Chi-Yu|yeah that one felt winnable\n|c|\u2606Lefties Chi-Yu|for u\n|l|\u2606airport gamer\n|c|\u2606Lefties Chi-Yu|i think i always rage powder there\n","uploadtime":1683771961,"views":17,"p1id":"leftieschiyu","p2id":"airportgamer","formatid":"gen9vgc2023regulationc","rating":0,"private":0,"password":""}