{"id":"gen9vgc2023regulationc-1851234807","p1":"LaJamieRey","p2":"Xenith_Shadow","format":"[Gen 9] VGC 2023 Regulation C","log":"|j|\u2606LaJamieRey\n|j|\u2606Xenith_Shadow\n|t:|1682427985\n|gametype|doubles\n|player|p1|LaJamieRey|caitlin|1104\n|player|p2|Xenith_Shadow|twins|1151\n|teamsize|p1|6\n|teamsize|p2|6\n|gen|9\n|tier|[Gen 9] VGC 2023 Regulation C\n|rated|\n|rule|Species Clause: Limit one of each Pok\u00e9mon\n|rule|Item Clause: Limit one of each item\n|clearpoke\n|poke|p1|Mimikyu, L50, M|\n|poke|p1|Gastrodon, L50, F|\n|poke|p1|Barraskewda, L50, M|\n|poke|p1|Kilowattrel, L50, M|\n|poke|p1|Gholdengo, L50|\n|poke|p1|Baxcalibur, L50, M|\n|poke|p2|Tyranitar, L50, F|\n|poke|p2|Toedscruel, L50, M|\n|poke|p2|Espathra, L50, F|\n|poke|p2|Lycanroc, L50, F|\n|poke|p2|Rotom-Wash, L50|\n|poke|p2|Arcanine, L50, F|\n|teampreview|4\n|\n|t:|1682428034\n|start\n|switch|p1a: Barraskewda|Barraskewda, L50, M|100\/100\n|switch|p1b: Baxcalibur|Baxcalibur, L50, M|100\/100\n|switch|p2a: Toedscruel|Toedscruel, L50, M|100\/100\n|switch|p2b: Espathra|Espathra, L50, F|100\/100\n|turn|1\n|\n|t:|1682428056\n|-terastallize|p2a: Toedscruel|Steel\n|move|p1b: Baxcalibur|Ice Shard|p2a: Toedscruel\n|-resisted|p2a: Toedscruel\n|-damage|p2a: Toedscruel|88\/100\n|-damage|p1b: Baxcalibur|90\/100|[from] item: Life Orb\n|move|p1a: Barraskewda|Throat Chop|p2b: Espathra\n|-supereffective|p2b: Espathra\n|-damage|p2b: Espathra|8\/100\n|-start|p2b: Espathra|Throat Chop|[silent]\n|-enditem|p2b: Espathra|Wiki Berry|[eat]\n|-heal|p2b: Espathra|40\/100|[from] item: Wiki Berry\n|move|p2b: Espathra|Skill Swap|p2a: Toedscruel\n|-activate|p2b: Espathra|move: Skill Swap|||[of] p2a: Toedscruel\n|move|p2a: Toedscruel|Spore|p1b: Baxcalibur\n|-status|p1b: Baxcalibur|slp|[from] move: Spore\n|\n|-heal|p2a: Toedscruel|94\/100|[from] item: Leftovers\n|-ability|p2a: Toedscruel|Speed Boost|boost\n|-boost|p2a: Toedscruel|spe|1\n|upkeep\n|turn|2\n|\n|t:|1682428086\n|move|p2a: Toedscruel|Spore|p1a: Barraskewda\n|-status|p1a: Barraskewda|slp|[from] move: Spore\n|cant|p1a: Barraskewda|slp\n|move|p2b: Espathra|Lumina Crash|p1b: Baxcalibur\n|-damage|p1b: Baxcalibur|62\/100 slp\n|-unboost|p1b: Baxcalibur|spd|2\n|cant|p1b: Baxcalibur|slp\n|\n|-heal|p2a: Toedscruel|99\/100|[from] item: Leftovers\n|-end|p2b: Espathra|Throat Chop|[silent]\n|-ability|p2a: Toedscruel|Speed Boost|boost\n|-boost|p2a: Toedscruel|spe|1\n|upkeep\n|turn|3\n|\n|t:|1682428110\n|move|p2a: Toedscruel|Hex|p1b: Baxcalibur\n|-damage|p1b: Baxcalibur|22\/100 slp\n|cant|p1a: Barraskewda|slp\n|move|p2b: Espathra|Lumina Crash|p1b: Baxcalibur\n|-damage|p1b: Baxcalibur|0 fnt\n|faint|p1b: Baxcalibur\n|\n|-heal|p2a: Toedscruel|100\/100|[from] item: Leftovers\n|-ability|p2a: Toedscruel|Speed Boost|boost\n|-boost|p2a: Toedscruel|spe|1\n|upkeep\n|\n|t:|1682428127\n|switch|p1b: Gastrodon|Gastrodon, L50, F|100\/100\n|turn|4\n|inactive|Battle timer is ON: inactive players will automatically lose when time's up. (requested by LaJamieRey)\n|\n|t:|1682428138\n|move|p2a: Toedscruel|Spore|p1b: Gastrodon\n|-status|p1b: Gastrodon|slp|[from] move: Spore\n|cant|p1a: Barraskewda|slp\n|move|p2b: Espathra|Lumina Crash|p1a: Barraskewda\n|-damage|p1a: Barraskewda|8\/100 slp\n|-unboost|p1a: Barraskewda|spd|2\n|cant|p1b: Gastrodon|slp\n|\n|-ability|p2a: Toedscruel|Speed Boost|boost\n|-boost|p2a: Toedscruel|spe|1\n|upkeep\n|turn|5\n|\n|t:|1682428157\n|move|p2a: Toedscruel|Hex|p1a: Barraskewda\n|-damage|p1a: Barraskewda|0 fnt\n|faint|p1a: Barraskewda\n|move|p2b: Espathra|Energy Ball|p1b: Gastrodon\n|-supereffective|p1b: Gastrodon\n|-enditem|p1b: Gastrodon|Rindo Berry|[eat]\n|-enditem|p1b: Gastrodon|Rindo Berry|[weaken]\n|-damage|p1b: Gastrodon|35\/100 slp\n|cant|p1b: Gastrodon|slp\n|\n|-ability|p2a: Toedscruel|Speed Boost|boost\n|-boost|p2a: Toedscruel|spe|1\n|upkeep\n|-message|LaJamieRey forfeited.\n|\n|win|Xenith_Shadow\n|raw|LaJamieRey's rating: 1104 → 1082<\/strong> (-22 for losing)\n|raw|Xenith_Shadow's rating: 1151 → 1173<\/strong> (+22 for winning)\n|l|\u2606LaJamieRey\n","uploadtime":1682428173,"views":12,"p1id":"lajamierey","p2id":"xenithshadow","formatid":"gen9vgc2023regulationc","rating":1082,"private":0,"password":""}