{"id":"gen9vgc2023regulationc-1845485908","p1":"ayu73","p2":"JustRadAlex","format":"[Gen 9] VGC 2023 Regulation C","log":"|j|\u2606ayu73\n|j|\u2606JustRadAlex\n|t:|1681738446\n|gametype|doubles\n|player|p1|ayu73|benga|1145\n|player|p2|JustRadAlex|archer|1045\n|teamsize|p1|6\n|teamsize|p2|6\n|gen|9\n|tier|[Gen 9] VGC 2023 Regulation C\n|rated|\n|rule|Species Clause: Limit one of each Pok\u00e9mon\n|rule|Item Clause: Limit one of each item\n|clearpoke\n|poke|p1|Coalossal, L50, M|\n|poke|p1|Dragapult, L50, M|\n|poke|p1|Lumineon, L50, F|\n|poke|p1|Flutter Mane, L50|\n|poke|p1|Iron Moth, L50|\n|poke|p1|Pawmot, L50, M|\n|poke|p2|Ceruledge, L50, M|\n|poke|p2|Garganacl, L50, M|\n|poke|p2|Amoonguss, L50, F|\n|poke|p2|Grimmsnarl, L50, M|\n|poke|p2|Rotom-Wash, L50|\n|poke|p2|Palafin, L50, M|\n|teampreview|4\n|inactive|Battle timer is ON: inactive players will automatically lose when time's up. (requested by ayu73)\n|inactive|ayu73 has 60 seconds left.\n|\n|t:|1681738477\n|start\n|switch|p1a: Real The Chumbeque|Coalossal, L50, M|100\/100\n|switch|p1b: El Matador\u00e9|Dragapult, L50, M, shiny|100\/100\n|switch|p2a: TrickSnarl|Grimmsnarl, L50, M, shiny|100\/100\n|switch|p2b: Wishy Washy|Rotom-Wash, L50|100\/100\n|turn|1\n|\n|t:|1681738496\n|move|p2b: Wishy Washy|Protect|p2b: Wishy Washy\n|-singleturn|p2b: Wishy Washy|Protect\n|move|p2a: TrickSnarl|Thunder Wave|p1b: El Matador\u00e9|[miss]\n|-miss|p2a: TrickSnarl|p1b: El Matador\u00e9\n|move|p1b: El Matador\u00e9|Surf|p2a: TrickSnarl|[spread] p1a,p2a\n|-activate|p2b: Wishy Washy|move: Protect\n|-supereffective|p1a: Real The Chumbeque\n|-damage|p1a: Real The Chumbeque|53\/100\n|-damage|p2a: TrickSnarl|89\/100\n|-ability|p1a: Real The Chumbeque|Steam Engine|boost\n|-boost|p1a: Real The Chumbeque|spe|6\n|-enditem|p1a: Real The Chumbeque|Weakness Policy\n|-boost|p1a: Real The Chumbeque|atk|2|[from] item: Weakness Policy\n|-boost|p1a: Real The Chumbeque|spa|2|[from] item: Weakness Policy\n|move|p1a: Real The Chumbeque|Explosion|p2a: TrickSnarl|[spread] p2a\n|-activate|p2b: Wishy Washy|move: Protect\n|-immune|p1b: El Matador\u00e9\n|-damage|p2a: TrickSnarl|0 fnt\n|faint|p1a: Real The Chumbeque\n|faint|p2a: TrickSnarl\n|\n|upkeep\n|inactive|JustRadAlex has 30 seconds left.\n|\n|t:|1681738522\n|switch|p1a: pe\u2019|Lumineon, L50, F|100\/100\n|switch|p2a: Pyramid Scheme|Garganacl, L50, M, shiny|100\/100\n|turn|2\n|\n|t:|1681738541\n|switch|p1a: pikachu der beti|Pawmot, L50, M, shiny|100\/100\n|move|p1b: El Matador\u00e9|Surf|p2a: Pyramid Scheme|[spread] p1a,p2a,p2b\n|-supereffective|p2a: Pyramid Scheme\n|-resisted|p2b: Wishy Washy\n|-damage|p1a: pikachu der beti|84\/100\n|-damage|p2a: Pyramid Scheme|80\/100\n|-damage|p2b: Wishy Washy|92\/100\n|move|p2b: Wishy Washy|Thunderbolt|p1a: pikachu der beti\n|-heal|p1a: pikachu der beti|100\/100|[from] ability: Volt Absorb|[of] p2b: Wishy Washy\n|move|p2a: Pyramid Scheme|Recover|p2a: Pyramid Scheme\n|-heal|p2a: Pyramid Scheme|100\/100\n|\n|upkeep\n|turn|3\n|inactive|ayu73 has 30 seconds left.\n|inactive|JustRadAlex has 30 seconds left.\n|\n|t:|1681738567\n|-terastallize|p1b: El Matador\u00e9|Steel\n|-terastallize|p2a: Pyramid Scheme|Ghost\n|move|p1a: pikachu der beti|Fake Out|p2a: Pyramid Scheme\n|-immune|p2a: Pyramid Scheme\n|move|p1b: El Matador\u00e9|Tera Blast|p2a: Pyramid Scheme\n|-damage|p2a: Pyramid Scheme|80\/100\n|move|p2b: Wishy Washy|Will-O-Wisp|p1a: pikachu der beti|[miss]\n|-miss|p2b: Wishy Washy|p1a: pikachu der beti\n|move|p2a: Pyramid Scheme|Salt Cure|p1b: El Matador\u00e9\n|-resisted|p1b: El Matador\u00e9\n|-damage|p1b: El Matador\u00e9|90\/100\n|-start|p1b: El Matador\u00e9|Salt Cure\n|\n|-heal|p2a: Pyramid Scheme|86\/100|[from] item: Leftovers\n|-damage|p1b: El Matador\u00e9|65\/100|[from] Salt Cure\n|upkeep\n|turn|4\n|inactive|JustRadAlex has 30 seconds left.\n|\n|t:|1681738600\n|switch|p1b: pe\u2019|Lumineon, L50, F|100\/100\n|switch|p2a: Blues|Ceruledge, L50, M|100\/100\n|move|p1a: pikachu der beti|Double Shock|p2a: Blues\n|-damage|p2a: Blues|30\/100\n|-start|p1a: pikachu der beti|typechange|???\/Fighting|[from] move: Double Shock\n|move|p2b: Wishy Washy|Hydro Pump|p1b: pe\u2019\n|-activate|p1b: pe\u2019|ability: Storm Drain\n|-ability|p1b: pe\u2019|Storm Drain|boost\n|-boost|p1b: pe\u2019|spa|1\n|\n|upkeep\n|turn|5\n|inactive|JustRadAlex has 30 seconds left.\n|\n|t:|1681738627\n|switch|p1a: El Matador\u00e9|Dragapult, L50, M, shiny, tera:Steel|65\/100\n|switch|p2a: Pyramid Scheme|Garganacl, L50, M, shiny, tera:Ghost|86\/100\n|move|p1b: pe\u2019|Protect|p1b: pe\u2019\n|-singleturn|p1b: pe\u2019|Protect\n|move|p2b: Wishy Washy|Thunderbolt|p1b: pe\u2019\n|-activate|p1b: pe\u2019|move: Protect\n|\n|-heal|p2a: Pyramid Scheme|91\/100|[from] item: Leftovers\n|upkeep\n|turn|6\n|\n|t:|1681738647\n|move|p1b: pe\u2019|Helping Hand|p1a: El Matador\u00e9\n|-singleturn|p1a: El Matador\u00e9|Helping Hand|[of] p1b: pe\u2019\n|move|p1a: El Matador\u00e9|Dragon Darts|p2a: Pyramid Scheme\n|-damage|p2a: Pyramid Scheme|69\/100\n|-anim|p1a: El Matador\u00e9|Dragon Darts|p2b: Wishy Washy\n|-damage|p2b: Wishy Washy|46\/100\n|move|p2b: Wishy Washy|Thunderbolt|p1b: pe\u2019\n|-supereffective|p1b: pe\u2019\n|-damage|p1b: pe\u2019|0 fnt\n|faint|p1b: pe\u2019\n|move|p2a: Pyramid Scheme|Earthquake|p1a: El Matador\u00e9|[spread] p1a\n|-immune|p2b: Wishy Washy|[from] ability: Levitate\n|-supereffective|p1a: El Matador\u00e9\n|-crit|p1a: El Matador\u00e9\n|-damage|p1a: El Matador\u00e9|0 fnt\n|faint|p1a: El Matador\u00e9\n|\n|-heal|p2a: Pyramid Scheme|75\/100|[from] item: Leftovers\n|upkeep\n|\n|t:|1681738653\n|switch|p1b: pikachu der beti|Pawmot, L50, M, shiny|100\/100\n|turn|7\n|-message|ayu73 forfeited.\n|\n|win|JustRadAlex\n|raw|ayu73's rating: 1145 → 1113<\/strong> (-32 for losing)\n|raw|JustRadAlex's rating: 1045 → 1088<\/strong> (+43 for winning)\n|l|\u2606ayu73\n","uploadtime":1681738674,"views":11,"p1id":"ayu73","p2id":"justradalex","formatid":"gen9vgc2023regulationc","rating":1088,"private":0,"password":""}