{"id":"gen9vgc2023regulationc-1855140269","p1":"elmismisimo_CTM27","p2":"T8XICIDAD","format":"[Gen 9] VGC 2023 Regulation C","log":"|j|\u2606elmismisimo_CTM27\n|j|\u2606T8XICIDAD\n|t:|1682906185\n|gametype|doubles\n|player|p1|elmismisimo_CTM27|steven|1067\n|player|p2|T8XICIDAD|clair|1078\n|teamsize|p1|6\n|teamsize|p2|6\n|gen|9\n|tier|[Gen 9] VGC 2023 Regulation C\n|rated|\n|rule|Species Clause: Limit one of each Pok\u00e9mon\n|rule|Item Clause: Limit one of each item\n|clearpoke\n|poke|p1|Hatterene, L50, F|\n|poke|p1|Mudsdale, L50, M|\n|poke|p1|Arboliva, L50, M|\n|poke|p1|Indeedee-F, L50, F|\n|poke|p1|Gyarados, L50, F|\n|poke|p1|Amoonguss, L50, M|\n|poke|p2|Amoonguss, L50, M|\n|poke|p2|Palafin, L50, F|\n|poke|p2|Arcanine, L50, M|\n|poke|p2|Flutter Mane, L50|\n|poke|p2|Ting-Lu, L50|\n|poke|p2|Kingambit, L50, M|\n|teampreview|4\n|\n|t:|1682906247\n|start\n|switch|p1a: Hatterene|Hatterene, L50, F, shiny|100\/100\n|switch|p1b: Mudsdale|Mudsdale, L50, M, shiny|100\/100\n|switch|p2a: Kingambit|Kingambit, L50, M|100\/100\n|switch|p2b: Arcanine|Arcanine, L50, M|100\/100\n|-ability|p2b: Arcanine|Intimidate|boost\n|-unboost|p1a: Hatterene|atk|1\n|-unboost|p1b: Mudsdale|atk|1\n|turn|1\n|\n|t:|1682906265\n|-terastallize|p1a: Hatterene|Psychic\n|move|p2b: Arcanine|Will-O-Wisp|p1b: Mudsdale\n|-status|p1b: Mudsdale|brn\n|move|p2a: Kingambit|Swords Dance|p2a: Kingambit\n|-boost|p2a: Kingambit|atk|2\n|move|p1b: Mudsdale|Body Press|p2a: Kingambit\n|-supereffective|p2a: Kingambit\n|-damage|p2a: Kingambit|56\/100\n|move|p1a: Hatterene|Trick Room|p1a: Hatterene\n|-fieldstart|move: Trick Room|[of] p1a: Hatterene\n|\n|-damage|p1b: Mudsdale|94\/100 brn|[from] brn\n|upkeep\n|turn|2\n|\n|t:|1682906298\n|switch|p1b: Arboliva|Arboliva, L50, M|100\/100\n|switch|p2b: Amoonguss|Amoonguss, L50, M|100\/100\n|move|p2a: Kingambit|Sucker Punch||[still]\n|-fail|p2a: Kingambit\n|move|p1a: Hatterene|Calm Mind|p1a: Hatterene\n|-boost|p1a: Hatterene|spa|1\n|-boost|p1a: Hatterene|spd|1\n|\n|upkeep\n|turn|3\n|\n|t:|1682906314\n|move|p2b: Amoonguss|Protect|p2b: Amoonguss\n|-singleturn|p2b: Amoonguss|Protect\n|move|p1a: Hatterene|Calm Mind|p1a: Hatterene\n|-boost|p1a: Hatterene|spa|1\n|-boost|p1a: Hatterene|spd|1\n|move|p1b: Arboliva|Strength Sap|p2a: Kingambit\n|-unboost|p2a: Kingambit|atk|1\n|-ability|p2a: Kingambit|Defiant|boost\n|-boost|p2a: Kingambit|atk|2\n|move|p2a: Kingambit|Kowtow Cleave|p1a: Hatterene\n|-supereffective|p1a: Hatterene\n|-crit|p1a: Hatterene\n|-damage|p1a: Hatterene|0 fnt\n|faint|p1a: Hatterene\n|\n|upkeep\n|\n|t:|1682906326\n|switch|p1a: Mudsdale|Mudsdale, L50, M, shiny|94\/100 brn\n|turn|4\n|\n|t:|1682906341\n|move|p2b: Amoonguss|Pollen Puff|p2a: Kingambit\n|-heal|p2a: Kingambit|100\/100\n|move|p1a: Mudsdale|High Horsepower|p2a: Kingambit\n|-supereffective|p2a: Kingambit\n|-damage|p2a: Kingambit|40\/100\n|move|p1b: Arboliva|Energy Ball|p2a: Kingambit\n|-resisted|p2a: Kingambit\n|-damage|p2a: Kingambit|19\/100\n|move|p2a: Kingambit|Kowtow Cleave|p1b: Arboliva\n|-damage|p1b: Arboliva|0 fnt\n|-fieldstart|move: Grassy Terrain|[from] ability: Seed Sower|[of] p1b: Arboliva\n|faint|p1b: Arboliva\n|\n|-heal|p1a: Mudsdale|100\/100 brn|[from] Grassy Terrain\n|-heal|p2a: Kingambit|25\/100|[from] Grassy Terrain\n|-damage|p1a: Mudsdale|94\/100 brn|[from] brn\n|upkeep\n|\n|t:|1682906344\n|switch|p1b: Gyarados|Gyarados, L50, F, shiny|100\/100\n|-ability|p1b: Gyarados|Intimidate|boost\n|-unboost|p2a: Kingambit|atk|1\n|-ability|p2a: Kingambit|Defiant|boost\n|-boost|p2a: Kingambit|atk|2\n|-unboost|p2b: Amoonguss|atk|1\n|turn|5\n|\n|t:|1682906374\n|-terastallize|p2a: Kingambit|Dark\n|move|p2b: Amoonguss|Pollen Puff|p2a: Kingambit\n|-heal|p2a: Kingambit|75\/100\n|move|p1a: Mudsdale|High Horsepower|p2b: Amoonguss\n|-damage|p2b: Amoonguss|69\/100\n|-damage|p1a: Mudsdale|78\/100 brn|[from] item: Rocky Helmet|[of] p2b: Amoonguss\n|move|p2a: Kingambit|Kowtow Cleave|p1b: Gyarados\n|-enditem|p1b: Gyarados|Focus Sash\n|-damage|p1b: Gyarados|1\/100\n|move|p1b: Gyarados|Earthquake|p2b: Amoonguss|[spread] p1a,p2a,p2b\n|-damage|p1a: Mudsdale|67\/100 brn\n|-damage|p2a: Kingambit|65\/100\n|-damage|p2b: Amoonguss|58\/100\n|-ability|p1a: Mudsdale|Stamina|boost\n|-boost|p1a: Mudsdale|def|1\n|\n|-heal|p2b: Amoonguss|63\/100|[from] Grassy Terrain\n|-heal|p1a: Mudsdale|73\/100 brn|[from] Grassy Terrain\n|-heal|p2a: Kingambit|71\/100|[from] Grassy Terrain\n|-damage|p1a: Mudsdale|67\/100 brn|[from] brn\n|-fieldend|move: Trick Room\n|upkeep\n|turn|6\n|\n|t:|1682906410\n|move|p2b: Amoonguss|Rage Powder|p2b: Amoonguss\n|-singleturn|p2b: Amoonguss|move: Rage Powder\n|move|p2a: Kingambit|Sucker Punch|p1b: Gyarados\n|-damage|p1b: Gyarados|0 fnt\n|faint|p1b: Gyarados\n|move|p1a: Mudsdale|High Horsepower|p2b: Amoonguss\n|-damage|p2b: Amoonguss|31\/100\n|-damage|p1a: Mudsdale|51\/100 brn|[from] item: Rocky Helmet|[of] p2b: Amoonguss\n|\n|-heal|p2a: Kingambit|76\/100|[from] Grassy Terrain\n|-heal|p1a: Mudsdale|57\/100 brn|[from] Grassy Terrain\n|-heal|p2b: Amoonguss|37\/100|[from] Grassy Terrain\n|-damage|p1a: Mudsdale|51\/100 brn|[from] brn\n|upkeep\n|turn|7\n|\n|t:|1682906425\n|switch|p2b: Flutter Mane|Flutter Mane, L50|100\/100\n|-enditem|p2b: Flutter Mane|Booster Energy\n|-activate|p2b: Flutter Mane|ability: Protosynthesis|[fromitem]\n|-start|p2b: Flutter Mane|protosynthesisspe\n|move|p2a: Kingambit|Swords Dance|p2a: Kingambit\n|-boost|p2a: Kingambit|atk|2\n|move|p1a: Mudsdale|High Horsepower|p2b: Flutter Mane\n|-damage|p2b: Flutter Mane|40\/100\n|\n|-heal|p2b: Flutter Mane|47\/100|[from] Grassy Terrain\n|-heal|p2a: Kingambit|82\/100|[from] Grassy Terrain\n|-heal|p1a: Mudsdale|57\/100 brn|[from] Grassy Terrain\n|-damage|p1a: Mudsdale|51\/100 brn|[from] brn\n|upkeep\n|turn|8\n|\n|t:|1682906447\n|move|p2b: Flutter Mane|Shadow Ball|p1a: Mudsdale\n|-damage|p1a: Mudsdale|11\/100 brn\n|-ability|p1a: Mudsdale|Stamina|boost\n|-boost|p1a: Mudsdale|def|1\n|move|p2a: Kingambit|Kowtow Cleave|p1a: Mudsdale\n|-damage|p1a: Mudsdale|0 fnt\n|faint|p1a: Mudsdale\n|\n|win|T8XICIDAD\n|raw|elmismisimo_CTM27's rating: 1067 → 1048<\/strong> (-19 for losing)\n|raw|T8XICIDAD's rating: 1078 → 1105<\/strong> (+27 for winning)\n|l|\u2606elmismisimo_CTM27\n","uploadtime":1682906458,"views":12,"p1id":"elmismisimoctm27","p2id":"t8xicidad","formatid":"gen9vgc2023regulationc","rating":1048,"private":0,"password":""}