{"id":"gen9vgc2023regulationc-1845779361","p1":"uhoh I poopd","p2":"PinoPeno","format":"[Gen 9] VGC 2023 Regulation C","log":"|j|\u2606uhoh I poopd\n|j|\u2606PinoPeno\n|t:|1681763787\n|gametype|doubles\n|player|p1|uhoh I poopd|colress|1260\n|player|p2|PinoPeno|265|1169\n|teamsize|p1|6\n|teamsize|p2|6\n|gen|9\n|tier|[Gen 9] VGC 2023 Regulation C\n|rated|\n|rule|Species Clause: Limit one of each Pok\u00e9mon\n|rule|Item Clause: Limit one of each item\n|clearpoke\n|poke|p1|Masquerain, L50, M|\n|poke|p1|Coalossal, L50, M|\n|poke|p1|Ting-Lu, L50|\n|poke|p1|Amoonguss, L50, M|\n|poke|p1|Arcanine, L50, M|\n|poke|p1|Palafin, L50, M|\n|poke|p2|Palafin, L50, M|\n|poke|p2|Chien-Pao, L50|\n|poke|p2|Dragapult, L50, F|\n|poke|p2|Amoonguss, L50, M|\n|poke|p2|Arcanine, L50, M|\n|poke|p2|Flutter Mane, L50|\n|teampreview|4\nPinoPeno has agreed to open team sheets.\n|inactive|Battle timer is ON: inactive players will automatically lose when time's up. (requested by uhoh I poopd)\n|inactive|PinoPeno has 60 seconds left.\n|\n|t:|1681763891\n|start\n|switch|p1a: de Havilland|Masquerain, L50, M|100\/100\n|switch|p1b: Armavee|Coalossal, L50, M|100\/100\n|switch|p2a: Palafin|Palafin, L50, M|100\/100\n|switch|p2b: Arcanine|Arcanine, L50, M|100\/100\n|-ability|p2b: Arcanine|Intimidate|boost\n|-unboost|p1a: de Havilland|atk|1\n|-unboost|p1b: Armavee|atk|1\n|-ability|p1a: de Havilland|Intimidate|boost\n|-unboost|p2a: Palafin|atk|1\n|-unboost|p2b: Arcanine|atk|1\n|turn|1\n|\n|t:|1681763914\n|detailschange|p2a: Palafin|Palafin-Hero, L50, M\n|switch|p2a: Dragapult|Dragapult, L50, F|100\/100\n|move|p1a: de Havilland|Aqua Jet|p1b: Armavee\n|-supereffective|p1b: Armavee\n|-damage|p1b: Armavee|88\/100\n|-ability|p1b: Armavee|Steam Engine|boost\n|-boost|p1b: Armavee|spe|6\n|-enditem|p1b: Armavee|Weakness Policy\n|-boost|p1b: Armavee|atk|2|[from] item: Weakness Policy\n|-boost|p1b: Armavee|spa|2|[from] item: Weakness Policy\n|move|p1b: Armavee|Power Gem|p2b: Arcanine\n|-supereffective|p2b: Arcanine\n|-damage|p2b: Arcanine|0 fnt\n|faint|p2b: Arcanine\n|\n|upkeep\n|\n|t:|1681763933\n|switch|p2b: Palafin|Palafin-Hero, L50, M|100\/100\n|-activate|p2b: Palafin|ability: Zero to Hero\n|turn|2\n|\n|t:|1681763945\n|switch|p1a: Toad|Amoonguss, L50, M|100\/100\n|-terastallize|p1b: Armavee|Grass\n|move|p1b: Armavee|Tera Blast|p2b: Palafin\n|-supereffective|p2b: Palafin\n|-damage|p2b: Palafin|0 fnt\n|faint|p2b: Palafin\n|move|p2a: Dragapult|Phantom Force||[still]\n|-prepare|p2a: Dragapult|Phantom Force\n|\n|upkeep\n|\n|t:|1681763954\n|switch|p2b: Chien-Pao|Chien-Pao, L50|100\/100\n|-ability|p2b: Chien-Pao|Sword of Ruin\n|turn|3\n|\n|t:|1681763963\n|move|p1a: Toad|Rage Powder|p1a: Toad\n|-singleturn|p1a: Toad|move: Rage Powder\n|move|p1b: Armavee|Power Gem|p2b: Chien-Pao\n|-supereffective|p2b: Chien-Pao\n|-crit|p2b: Chien-Pao\n|-enditem|p2b: Chien-Pao|Focus Sash\n|-damage|p2b: Chien-Pao|1\/100\n|move|p2a: Dragapult|Phantom Force|p1a: Toad|[from]lockedmove\n|-damage|p1a: Toad|16\/100\n|-enditem|p1a: Toad|Iapapa Berry|[eat]\n|-heal|p1a: Toad|49\/100|[from] item: Iapapa Berry\n|move|p2b: Chien-Pao|Ice Spinner|p1a: Toad\n|-supereffective|p1a: Toad\n|-damage|p1a: Toad|0 fnt\n|faint|p1a: Toad\n|\n|upkeep\n|\n|t:|1681763968\n|switch|p1a: de Havilland|Masquerain, L50, M|100\/100\n|-ability|p1a: de Havilland|Intimidate|boost\n|-fail|p2a: Dragapult|unboost|[from] ability: Clear Body|[of] p2a: Dragapult\n|-unboost|p2b: Chien-Pao|atk|1\n|turn|4\n|\n|t:|1681763987\n|move|p1a: de Havilland|Aqua Jet|p2b: Chien-Pao\n|-damage|p2b: Chien-Pao|0 fnt\n|faint|p2b: Chien-Pao\n|move|p1b: Armavee|Power Gem|p2a: Dragapult\n|-damage|p2a: Dragapult|14\/100\n|move|p2a: Dragapult|Phantom Force||[still]\n|-prepare|p2a: Dragapult|Phantom Force\n|\n|upkeep\n|turn|5\n|\n|t:|1681763999\n|move|p1b: Armavee|Protect|p1b: Armavee\n|-singleturn|p1b: Armavee|Protect\n|move|p2a: Dragapult|Phantom Force|p1b: Armavee|[from]lockedmove\n|-activate|p1b: Armavee|move: Phantom Force|[broken]\n|-damage|p1b: Armavee|31\/100\n|move|p1a: de Havilland|Struggle Bug|p2a: Dragapult\n|-resisted|p2a: Dragapult\n|-damage|p2a: Dragapult|3\/100\n|\n|upkeep\n|turn|6\n|\n|t:|1681764009\n|move|p1a: de Havilland|Aqua Jet|p2a: Dragapult\n|-resisted|p2a: Dragapult\n|-crit|p2a: Dragapult\n|-damage|p2a: Dragapult|0 fnt\n|faint|p2a: Dragapult\n|\n|win|uhoh I poopd\n|raw|uhoh I poopd's rating: 1260 → 1279<\/strong> (+19 for winning)\n|raw|PinoPeno's rating: 1169 → 1150<\/strong> (-19 for losing)\n|c|\u2606uhoh I poopd|Gg\n|l|\u2606PinoPeno\n","uploadtime":1681764026,"views":7,"p1id":"uhohipoopd","p2id":"pinopeno","formatid":"gen9vgc2023regulationc","rating":1150,"private":0,"password":""}