{"id":"gen9vgc2023regulationc-1845802234","p1":"Tuxmux","p2":"Fat Wartortle","format":"[Gen 9] VGC 2023 Regulation C","log":"|j|\u2606Tuxmux\n|j|\u2606Fat Wartortle\n|t:|1681766019\n|gametype|doubles\n|player|p1|Tuxmux|dawn-masters3|1111\n|player|p2|Fat Wartortle|nate|1076\n|teamsize|p1|6\n|teamsize|p2|6\n|gen|9\n|tier|[Gen 9] VGC 2023 Regulation C\n|rated|\n|rule|Species Clause: Limit one of each Pok\u00e9mon\n|rule|Item Clause: Limit one of each item\n|clearpoke\n|poke|p1|Chi-Yu, L50|\n|poke|p1|Gholdengo, L50|\n|poke|p1|Hariyama, L50, M|\n|poke|p1|Talonflame, L50, F|\n|poke|p1|Meowscarada, L50, M|\n|poke|p1|Vivillon, L50, F|\n|poke|p2|Sableye, L50, F|\n|poke|p2|Amoonguss, L50, M|\n|poke|p2|Arcanine, L50, M|\n|poke|p2|Gothitelle, L50, F|\n|poke|p2|Gyarados, L50, F|\n|poke|p2|Great Tusk, L50|\n|teampreview|4\n|\n|t:|1681766068\n|start\n|switch|p1a: Talonflame|Talonflame, L50, F|100\/100\n|switch|p1b: Gholdengo|Gholdengo, L50|100\/100\n|switch|p2a: Sableye|Sableye, L50, F|100\/100\n|switch|p2b: Arcanine|Arcanine, L50, M|100\/100\n|-ability|p2b: Arcanine|Intimidate|boost\n|-unboost|p1a: Talonflame|atk|1\n|-unboost|p1b: Gholdengo|atk|1\n|turn|1\n|inactive|Battle timer is ON: inactive players will automatically lose when time's up. (requested by Fat Wartortle)\n|\n|t:|1681766084\n|move|p1b: Gholdengo|Protect|p1b: Gholdengo\n|-singleturn|p1b: Gholdengo|Protect\n|move|p1a: Talonflame|Tailwind|p1a: Talonflame\n|-sidestart|p1: Tuxmux|move: Tailwind\n|move|p2a: Sableye|Skill Swap|p2b: Arcanine\n|-activate|p2a: Sableye|move: Skill Swap|||[of] p2b: Arcanine\n|-ability|p2a: Sableye|Intimidate|boost\n|-unboost|p1a: Talonflame|atk|1\n|-unboost|p1b: Gholdengo|atk|1\n|move|p2b: Arcanine|Flare Blitz|p1b: Gholdengo\n|-activate|p1b: Gholdengo|move: Protect\n|\n|upkeep\n|turn|2\n|\n|t:|1681766104\n|switch|p1a: Chi-Yu|Chi-Yu, L50|100\/100\n|-ability|p1a: Chi-Yu|Beads of Ruin\n|-terastallize|p1b: Gholdengo|Steel\n|move|p1b: Gholdengo|Make It Rain|p2a: Sableye|[spread] p2a,p2b\n|-resisted|p2b: Arcanine\n|-enditem|p2a: Sableye|Focus Sash\n|-damage|p2a: Sableye|1\/100\n|-damage|p2b: Arcanine|33\/100\n|-unboost|p1b: Gholdengo|spa|1\n|-damage|p1b: Gholdengo|91\/100|[from] item: Life Orb\n|move|p2b: Arcanine|Flare Blitz|p1b: Gholdengo\n|-supereffective|p1b: Gholdengo\n|-damage|p1b: Gholdengo|0 fnt\n|faint|p1b: Gholdengo\n|-damage|p2b: Arcanine|9\/100|[from] Recoil\n|move|p2a: Sableye|Encore||[still]\n|-fail|p2a: Sableye\n|\n|upkeep\n|\n|t:|1681766121\n|switch|p1b: Vivillon|Vivillon, L50, F|100\/100\n|turn|3\n|\n|t:|1681766144\n|move|p1b: Vivillon|Protect|p1b: Vivillon\n|-singleturn|p1b: Vivillon|Protect\n|move|p1a: Chi-Yu|Heat Wave|p2a: Sableye|[spread] p2a,p2b\n|-resisted|p2b: Arcanine\n|-crit|p2b: Arcanine\n|-damage|p2a: Sableye|0 fnt\n|-damage|p2b: Arcanine|0 fnt\n|faint|p2a: Sableye\n|faint|p2b: Arcanine\n|\n|upkeep\n|\n|t:|1681766149\n|switch|p2b: Amoonguss|Amoonguss, L50, M|100\/100\n|switch|p2a: Great Tusk|Great Tusk, L50|100\/100\n|turn|4\n|inactive|Fat Wartortle has 30 seconds left.\n|\n|t:|1681766174\n|move|p2b: Amoonguss|Rage Powder|p2b: Amoonguss\n|-singleturn|p2b: Amoonguss|move: Rage Powder\n|move|p1a: Chi-Yu|Overheat|p2b: Amoonguss\n|-supereffective|p2b: Amoonguss\n|-damage|p2b: Amoonguss|0 fnt\n|-unboost|p1a: Chi-Yu|spa|2\n|faint|p2b: Amoonguss\n|move|p1b: Vivillon|Sleep Powder|p2a: Great Tusk\n|-status|p2a: Great Tusk|slp|[from] move: Sleep Powder\n|cant|p2a: Great Tusk|slp\n|\n|-sideend|p1: Tuxmux|move: Tailwind\n|upkeep\n|turn|5\n|-message|Fat Wartortle forfeited.\n|\n|win|Tuxmux\n|raw|Tuxmux's rating: 1111 → 1133<\/strong> (+22 for winning)\n|raw|Fat Wartortle's rating: 1076 → 1057<\/strong> (-19 for losing)\n|l|\u2606Fat Wartortle\n","uploadtime":1681766189,"views":7,"p1id":"tuxmux","p2id":"fatwartortle","formatid":"gen9vgc2023regulationc","rating":1057,"private":0,"password":""}