{"id":"gen9vgc2023regulationc-1849911580","p1":"Insertable194","p2":"Royalpooppi","format":"[Gen 9] VGC 2023 Regulation C","log":"|j|\u2606Insertable194\n|j|\u2606Royalpooppi\n|t:|1682267288\n|gametype|doubles\n|player|p1|Insertable194|hilbert-wonderlauncher|1414\n|player|p2|Royalpooppi|266|1421\n|teamsize|p1|6\n|teamsize|p2|6\n|gen|9\n|tier|[Gen 9] VGC 2023 Regulation C\n|rated|\n|rule|Species Clause: Limit one of each Pok\u00e9mon\n|rule|Item Clause: Limit one of each item\n|clearpoke\n|poke|p1|Ting-Lu, L50|\n|poke|p1|Palafin, L50, F|\n|poke|p1|Amoonguss, L50, F|\n|poke|p1|Arcanine, L50, M|\n|poke|p1|Flutter Mane, L50|\n|poke|p1|Iron Hands, L50|\n|poke|p2|Frosmoth, L50, M|\n|poke|p2|Abomasnow, L50, M|\n|poke|p2|Arcanine, L50, M|\n|poke|p2|Azumarill, L50, M|\n|poke|p2|Chien-Pao, L50|\n|poke|p2|Great Tusk, L50|\n|teampreview|4\nInsertable194 has agreed to open team sheets.\n|inactive|Battle timer is ON: inactive players will automatically lose when time's up. (requested by Insertable194)\n|j| Therazer456\n|inactive|Insertable194 has 60 seconds left.\n|\n|t:|1682267328\n|start\n|switch|p1a: Arcanine|Arcanine, L50, M|100\/100\n|switch|p1b: Palafin|Palafin, L50, F, shiny|100\/100\n|switch|p2a: Frosmoth|Frosmoth, L50, M, shiny|100\/100\n|switch|p2b: Abomasnow|Abomasnow, L50, M, shiny|100\/100\n|-ability|p1a: Arcanine|Intimidate|boost\n|-unboost|p2a: Frosmoth|atk|1\n|-unboost|p2b: Abomasnow|atk|1\n|-weather|Snow|[from] ability: Snow Warning|[of] p2b: Abomasnow\n|turn|1\n|\n|t:|1682267347\n|-terastallize|p2a: Frosmoth|Water\n|move|p2b: Abomasnow|Protect|p2b: Abomasnow\n|-singleturn|p2b: Abomasnow|Protect\n|move|p1a: Arcanine|Flare Blitz|p2b: Abomasnow\n|-activate|p2b: Abomasnow|move: Protect\n|move|p1b: Palafin|Taunt|p2a: Frosmoth\n|-start|p2a: Frosmoth|move: Taunt\n|move|p2a: Frosmoth|Tera Blast|p1a: Arcanine\n|-supereffective|p1a: Arcanine\n|-damage|p1a: Arcanine|17\/100\n|-enditem|p1a: Arcanine|Figy Berry|[eat]\n|-heal|p1a: Arcanine|50\/100|[from] item: Figy Berry\n|\n|-weather|Snow|[upkeep]\n|upkeep\n|turn|2\n|inactive|Insertable194 has 30 seconds left.\n|l| Therazer456\n|\n|t:|1682267378\n|detailschange|p1b: Palafin|Palafin-Hero, L50, F, shiny\n|switch|p1b: Iron Hands|Iron Hands, L50|100\/100\n|move|p1a: Arcanine|Flare Blitz|p2b: Abomasnow\n|-supereffective|p2b: Abomasnow\n|-enditem|p2b: Abomasnow|Focus Sash\n|-damage|p2b: Abomasnow|1\/100\n|-damage|p1a: Arcanine|17\/100|[from] Recoil\n|move|p2a: Frosmoth|Blizzard|p1b: Iron Hands|[spread] p1a,p1b\n|-resisted|p1a: Arcanine\n|-damage|p1a: Arcanine|0 fnt\n|-damage|p1b: Iron Hands|66\/100\n|-status|p1b: Iron Hands|frz\n|faint|p1a: Arcanine\n|move|p2b: Abomasnow|Blizzard|p1b: Iron Hands\n|-damage|p1b: Iron Hands|28\/100 frz\n|\n|-weather|Snow|[upkeep]\n|upkeep\n|\n|t:|1682267390\n|switch|p1a: Flutter Mane|Flutter Mane, L50|100\/100\n|turn|3\n|\n|t:|1682267411\n|-terastallize|p1b: Iron Hands|Fire\n|move|p2b: Abomasnow|Protect|p2b: Abomasnow\n|-singleturn|p2b: Abomasnow|Protect\n|move|p1a: Flutter Mane|Dazzling Gleam|p2a: Frosmoth|[spread] p2a\n|-activate|p2b: Abomasnow|move: Protect\n|-damage|p2a: Frosmoth|84\/100\n|move|p2a: Frosmoth|Blizzard|p1a: Flutter Mane|[spread] p1a,p1b\n|-resisted|p1b: Iron Hands\n|-damage|p1a: Flutter Mane|63\/100\n|-damage|p1b: Iron Hands|9\/100 frz\n|cant|p1b: Iron Hands|frz\n|\n|-weather|Snow|[upkeep]\n|-end|p2a: Frosmoth|move: Taunt\n|upkeep\n|turn|4\n|\n|t:|1682267425\n|-end|p1b: Iron Hands|Quark Drive|[silent]\n|switch|p1b: Palafin|Palafin-Hero, L50, F, shiny|100\/100\n|-activate|p1b: Palafin|ability: Zero to Hero\n|move|p1a: Flutter Mane|Dazzling Gleam|p2b: Abomasnow|[spread] p2a,p2b\n|-damage|p2a: Frosmoth|69\/100\n|-damage|p2b: Abomasnow|0 fnt\n|faint|p2b: Abomasnow\n|move|p2a: Frosmoth|Blizzard|p1a: Flutter Mane|[spread] p1a,p1b\n|-resisted|p1b: Palafin\n|-crit|p1b: Palafin\n|-damage|p1a: Flutter Mane|26\/100\n|-damage|p1b: Palafin|69\/100\n|\n|-weather|Snow|[upkeep]\n|upkeep\n|\n|t:|1682267448\n|switch|p2b: Elon tusk|Great Tusk, L50, shiny|100\/100\n|turn|5\n|\n|t:|1682267467\n|-end|p1a: Flutter Mane|Protosynthesis|[silent]\n|switch|p1a: Iron Hands|Iron Hands, L50, tera:Fire|9\/100 frz\n|move|p1b: Palafin|Protect|p1b: Palafin\n|-singleturn|p1b: Palafin|Protect\n|move|p2b: Elon tusk|Headlong Rush|p1a: Iron Hands\n|-supereffective|p1a: Iron Hands\n|-damage|p1a: Iron Hands|0 fnt\n|-unboost|p2b: Elon tusk|def|1\n|-unboost|p2b: Elon tusk|spd|1\n|faint|p1a: Iron Hands\n|-end|p1a: Iron Hands|Quark Drive|[silent]\n|move|p2a: Frosmoth|Bug Buzz|p1b: Palafin\n|-activate|p1b: Palafin|move: Protect\n|\n|-weather|none\n|upkeep\n|\n|t:|1682267471\n|switch|p1a: Flutter Mane|Flutter Mane, L50|26\/100\n|turn|6\n|\n|t:|1682267478\n|move|p1b: Palafin|Jet Punch|p2b: Elon tusk\n|-supereffective|p2b: Elon tusk\n|-damage|p2b: Elon tusk|0 fnt\n|faint|p2b: Elon tusk\n|-end|p2b: Elon tusk|Protosynthesis|[silent]\n|move|p1a: Flutter Mane|Thunderbolt|p2a: Frosmoth\n|-supereffective|p2a: Frosmoth\n|-damage|p2a: Frosmoth|37\/100\n|move|p2a: Frosmoth|Bug Buzz|p1b: Palafin\n|-damage|p1b: Palafin|18\/100\n|\n|upkeep\n|\n|t:|1682267481\n|switch|p2b: Chien-Pao|Chien-Pao, L50|100\/100\n|-ability|p2b: Chien-Pao|Sword of Ruin\n|turn|7\n|j| Tyraninator2000\n|\n|t:|1682267493\n|move|p2b: Chien-Pao|Sucker Punch|p1a: Flutter Mane\n|-damage|p1a: Flutter Mane|0 fnt\n|faint|p1a: Flutter Mane\n|-end|p1a: Flutter Mane|Protosynthesis|[silent]\n|move|p1b: Palafin|Jet Punch|p2b: Chien-Pao\n|-damage|p2b: Chien-Pao|40\/100\n|move|p2a: Frosmoth|Bug Buzz|p1b: Palafin\n|-damage|p1b: Palafin|0 fnt\n|faint|p1b: Palafin\n|\n|win|Royalpooppi\n|raw|Insertable194's rating: 1414 → 1394<\/strong> (-20 for losing)\n|raw|Royalpooppi's rating: 1421 → 1441<\/strong> (+20 for winning)\n","uploadtime":1682267497,"views":12,"p1id":"insertable194","p2id":"royalpooppi","formatid":"gen9vgc2023regulationc","rating":1394,"private":0,"password":""}