{"id":"gen9vgc2023regulationc-1861605949","p1":"Frost314","p2":"2knight","format":"[Gen 9] VGC 2023 Regulation C","log":"|j|\u2606Frost314\n|j|\u26062knight\n|t:|1683780270\n|gametype|doubles\n|player|p1|Frost314|backers|1015\n|player|p2|2knight|brock|1050\n|teamsize|p1|4\n|teamsize|p2|6\n|gen|9\n|tier|[Gen 9] VGC 2023 Regulation C\n|rated|\n|rule|Species Clause: Limit one of each Pok\u00e9mon\n|rule|Item Clause: Limit one of each item\n|clearpoke\n|poke|p1|Pachirisu, L50, F|\n|poke|p1|Pincurchin, L50, M|\n|poke|p1|Bronzong, L50|\n|poke|p1|Iron Treads, L50|\n|poke|p2|Wo-Chien, L50|\n|poke|p2|Ting-Lu, L50|\n|poke|p2|Mimikyu, L50, F|\n|poke|p2|Torkoal, L50, M|\n|poke|p2|Bellibolt, L50, M|\n|poke|p2|Abomasnow, L50, M|\n|teampreview|4\n|inactive|Battle timer is ON: inactive players will automatically lose when time's up. (requested by 2knight)\n|inactive|Frost314 also wants the timer to be on.\n2knight has agreed to open team sheets.\n|inactive|2knight has 60 seconds left.\nFrost314 rejected open team sheets.\n|inactive|2knight has 30 seconds left.\n|inactive|2knight has 20 seconds left.\n|inactive|2knight has 15 seconds left.\n|inactive|2knight has 10 seconds left.\n|\n|t:|1683780350\n|start\n|switch|p1a: Pincurchin|Pincurchin, L50, M|100\/100\n|switch|p1b: Bronzong|Bronzong, L50|100\/100\n|switch|p2a: Wo-Chien|Wo-Chien, L50|100\/100\n|switch|p2b: Abomasnow|Abomasnow, L50, M, shiny|100\/100\n|-ability|p2a: Wo-Chien|Tablets of Ruin\n|-weather|Snow|[from] ability: Snow Warning|[of] p2b: Abomasnow\n|-fieldstart|move: Electric Terrain|[from] ability: Electric Surge|[of] p1a: Pincurchin\n|turn|1\n|inactive|Frost314 has 30 seconds left.\n|\n|t:|1683780383\n|move|p2a: Wo-Chien|Leech Seed|p1b: Bronzong\n|-start|p1b: Bronzong|move: Leech Seed\n|move|p2b: Abomasnow|Aurora Veil|p2b: Abomasnow\n|-sidestart|p2: 2knight|move: Aurora Veil\n|move|p1b: Bronzong|Gravity|p1b: Bronzong\n|-fieldstart|move: Gravity\n|move|p1a: Pincurchin|Poison Jab|p2a: Wo-Chien\n|-supereffective|p2a: Wo-Chien\n|-damage|p2a: Wo-Chien|85\/100\n|-status|p2a: Wo-Chien|psn\n|\n|-weather|Snow|[upkeep]\n|-heal|p2a: Wo-Chien|91\/100 psn|[from] item: Leftovers\n|-damage|p1b: Bronzong|88\/100|[from] Leech Seed|[of] p2a: Wo-Chien\n|-heal|p2a: Wo-Chien|100\/100 psn|[silent]\n|-damage|p2a: Wo-Chien|88\/100 psn|[from] psn\n|upkeep\n|turn|2\n|inactive|2knight has 30 seconds left.\n|\n|t:|1683780409\n|switch|p1b: Pachirisu|Pachirisu, L50, F|100\/100\n|-enditem|p1b: Pachirisu|Electric Seed\n|-boost|p1b: Pachirisu|def|1|[from] item: Electric Seed\n|move|p1a: Pincurchin|Sucker Punch|p2b: Abomasnow\n|-damage|p2b: Abomasnow|93\/100\n|move|p2a: Wo-Chien|Leech Seed|p1a: Pincurchin\n|-start|p1a: Pincurchin|move: Leech Seed\n|move|p2b: Abomasnow|Chilling Water|p1a: Pincurchin\n|-damage|p1a: Pincurchin|87\/100\n|-unboost|p1a: Pincurchin|atk|1\n|\n|-weather|Snow|[upkeep]\n|-heal|p2a: Wo-Chien|94\/100 psn|[from] item: Leftovers\n|-damage|p1a: Pincurchin|74\/100|[from] Leech Seed|[of] p2a: Wo-Chien\n|-heal|p2a: Wo-Chien|100\/100 psn|[silent]\n|-damage|p2a: Wo-Chien|88\/100 psn|[from] psn\n|upkeep\n|turn|3\n|inactive|2knight has 30 seconds left.\n|\n|t:|1683780441\n|move|p1b: Pachirisu|Defense Curl|p1b: Pachirisu\n|-boost|p1b: Pachirisu|def|1\n|move|p2a: Wo-Chien|Leech Seed|p1b: Pachirisu\n|-start|p1b: Pachirisu|move: Leech Seed\n|move|p2b: Abomasnow|Blizzard|p1b: Pachirisu|[spread] p1a,p1b\n|-damage|p1a: Pincurchin|43\/100\n|-damage|p1b: Pachirisu|65\/100\n|-status|p1a: Pincurchin|frz\n|cant|p1a: Pincurchin|frz\n|\n|-weather|Snow|[upkeep]\n|-heal|p2a: Wo-Chien|94\/100 psn|[from] item: Leftovers\n|-damage|p1b: Pachirisu|53\/100|[from] Leech Seed|[of] p2a: Wo-Chien\n|-heal|p2a: Wo-Chien|100\/100 psn|[silent]\n|-damage|p1a: Pincurchin|31\/100 frz|[from] Leech Seed|[of] p2a: Wo-Chien\n|-damage|p2a: Wo-Chien|88\/100 psn|[from] psn\n|upkeep\n|turn|4\n|\n|t:|1683780455\n|move|p1b: Pachirisu|Rollout|p2a: Wo-Chien\n|-damage|p2a: Wo-Chien|85\/100 psn\n|move|p2a: Wo-Chien|Mud-Slap|p1b: Pachirisu\n|-supereffective|p1b: Pachirisu\n|-damage|p1b: Pachirisu|43\/100\n|-unboost|p1b: Pachirisu|accuracy|1\n|move|p2b: Abomasnow|Blizzard|p1b: Pachirisu|[spread] p1a,p1b\n|-crit|p1a: Pincurchin\n|-damage|p1a: Pincurchin|0 fnt\n|-damage|p1b: Pachirisu|8\/100\n|faint|p1a: Pincurchin\n|\n|-weather|Snow|[upkeep]\n|-heal|p2a: Wo-Chien|91\/100 psn|[from] item: Leftovers\n|-damage|p1b: Pachirisu|0 fnt|[from] Leech Seed|[of] p2a: Wo-Chien\n|-heal|p2a: Wo-Chien|98\/100 psn|[silent]\n|faint|p1b: Pachirisu\n|-damage|p2a: Wo-Chien|86\/100 psn|[from] psn\n|upkeep\n|\n|t:|1683780466\n|switch|p1b: Iron Treads|Iron Treads, L50|100\/100\n|switch|p1a: Bronzong|Bronzong, L50|88\/100\n|-activate|p1b: Iron Treads|ability: Quark Drive\n|-start|p1b: Iron Treads|quarkdrivespe\n|turn|5\n|inactive|Frost314 has 30 seconds left.\n|\n|t:|1683780491\n|-terastallize|p2b: Abomasnow|Water\n|move|p1b: Iron Treads|Volt Switch|p2a: Wo-Chien\n|-resisted|p2a: Wo-Chien\n|-damage|p2a: Wo-Chien|82\/100 psn\n|move|p2a: Wo-Chien|Leech Seed|p1b: Iron Treads\n|-start|p1b: Iron Treads|move: Leech Seed\n|move|p2b: Abomasnow|Chilling Water|p1b: Iron Treads\n|-supereffective|p1b: Iron Treads\n|-damage|p1b: Iron Treads|42\/100\n|-unboost|p1b: Iron Treads|atk|1\n|move|p1a: Bronzong|Gyro Ball|p2b: Abomasnow\n|-resisted|p2b: Abomasnow\n|-damage|p2b: Abomasnow|88\/100\n|\n|-weather|none\n|-heal|p2a: Wo-Chien|88\/100 psn|[from] item: Leftovers\n|-heal|p1a: Bronzong|94\/100|[from] item: Leftovers\n|-damage|p1b: Iron Treads|29\/100|[from] Leech Seed|[of] p2a: Wo-Chien\n|-heal|p2a: Wo-Chien|100\/100 psn|[silent]\n|-damage|p2a: Wo-Chien|88\/100 psn|[from] psn\n|-fieldend|move: Gravity\n|-fieldend|move: Electric Terrain\n|-end|p1b: Iron Treads|Quark Drive\n|upkeep\n|-enditem|p1b: Iron Treads|Booster Energy\n|-activate|p1b: Iron Treads|ability: Quark Drive|[fromitem]\n|-start|p1b: Iron Treads|quarkdrivespe\n|turn|6\n|inactive|2knight has 30 seconds left.\n|\n|t:|1683780518\n|move|p1b: Iron Treads|Volt Switch|p2b: Abomasnow\n|-supereffective|p2b: Abomasnow\n|-damage|p2b: Abomasnow|76\/100\n|move|p2a: Wo-Chien|Leech Seed|p1a: Bronzong\n|-start|p1a: Bronzong|move: Leech Seed\n|move|p2b: Abomasnow|Giga Drain|p1b: Iron Treads\n|-damage|p1b: Iron Treads|0 fnt\n|-heal|p2b: Abomasnow|93\/100|[from] drain|[of] p1b: Iron Treads\n|faint|p1b: Iron Treads\n|-end|p1b: Iron Treads|Quark Drive|[silent]\n|move|p1a: Bronzong|Gyro Ball|p2a: Wo-Chien\n|-damage|p2a: Wo-Chien|82\/100 psn\n|\n|-heal|p2a: Wo-Chien|88\/100 psn|[from] item: Leftovers\n|-heal|p1a: Bronzong|99\/100|[from] item: Leftovers\n|-damage|p1a: Bronzong|88\/100|[from] Leech Seed|[of] p2a: Wo-Chien\n|-heal|p2a: Wo-Chien|100\/100 psn|[silent]\n|-damage|p2a: Wo-Chien|88\/100 psn|[from] psn\n|upkeep\n|turn|7\n|\n|t:|1683780535\n|switch|p2b: Mimikyu|Mimikyu, L50, F, shiny|100\/100\n|move|p2a: Wo-Chien|Substitute|p2a: Wo-Chien\n|-start|p2a: Wo-Chien|Substitute\n|-damage|p2a: Wo-Chien|64\/100 psn\n|move|p1a: Bronzong|Gyro Ball|p2a: Wo-Chien\n|-activate|p2a: Wo-Chien|move: Substitute|[damage]\n|\n|-heal|p2a: Wo-Chien|70\/100 psn|[from] item: Leftovers\n|-heal|p1a: Bronzong|94\/100|[from] item: Leftovers\n|-damage|p1a: Bronzong|82\/100|[from] Leech Seed|[of] p2a: Wo-Chien\n|-heal|p2a: Wo-Chien|82\/100 psn|[silent]\n|-damage|p2a: Wo-Chien|70\/100 psn|[from] psn\n|upkeep\n|turn|8\n|\n|t:|1683780550\n|-terastallize|p1a: Bronzong|Steel\n|move|p2b: Mimikyu|Will-O-Wisp|p1a: Bronzong\n|-status|p1a: Bronzong|brn\n|move|p2a: Wo-Chien|Mud-Slap|p1a: Bronzong\n|-immune|p1a: Bronzong|[from] ability: Levitate\n|move|p1a: Bronzong|Gyro Ball|p2a: Wo-Chien\n|-activate|p2a: Wo-Chien|move: Substitute|[damage]\n|\n|-heal|p2a: Wo-Chien|76\/100 psn|[from] item: Leftovers\n|-heal|p1a: Bronzong|87\/100 brn|[from] item: Leftovers\n|-damage|p1a: Bronzong|75\/100 brn|[from] Leech Seed|[of] p2a: Wo-Chien\n|-heal|p2a: Wo-Chien|89\/100 psn|[silent]\n|-damage|p2a: Wo-Chien|77\/100 psn|[from] psn\n|-damage|p1a: Bronzong|69\/100 brn|[from] brn\n|-sideend|p2: 2knight|move: Aurora Veil\n|upkeep\n|turn|9\n|\n|t:|1683780569\n|move|p2b: Mimikyu|Shadow Sneak|p1a: Bronzong\n|-damage|p1a: Bronzong|57\/100 brn\n|move|p2a: Wo-Chien|Snarl|p1a: Bronzong\n|-damage|p1a: Bronzong|45\/100 brn\n|-unboost|p1a: Bronzong|spa|1\n|move|p1a: Bronzong|Gyro Ball|p2b: Mimikyu\n|-activate|p2b: Mimikyu|ability: Disguise\n|-damage|p2b: Mimikyu|100\/100\n|detailschange|p2b: Mimikyu|Mimikyu-Busted, L50, F, shiny\n|-damage|p2b: Mimikyu|88\/100|[from] pokemon: Mimikyu-Busted\n|\n|-heal|p2a: Wo-Chien|83\/100 psn|[from] item: Leftovers\n|-heal|p1a: Bronzong|50\/100 brn|[from] item: Leftovers\n|-damage|p1a: Bronzong|38\/100 brn|[from] Leech Seed|[of] p2a: Wo-Chien\n|-heal|p2a: Wo-Chien|96\/100 psn|[silent]\n|-damage|p2a: Wo-Chien|84\/100 psn|[from] psn\n|-damage|p1a: Bronzong|33\/100 brn|[from] brn\n|upkeep\n|turn|10\n|\n|t:|1683780582\n|move|p2b: Mimikyu|Shadow Sneak|p1a: Bronzong\n|-damage|p1a: Bronzong|21\/100 brn\n|move|p2a: Wo-Chien|Snarl|p1a: Bronzong\n|-damage|p1a: Bronzong|8\/100 brn\n|-unboost|p1a: Bronzong|spa|1\n|move|p1a: Bronzong|Gyro Ball|p2b: Mimikyu\n|-supereffective|p2b: Mimikyu\n|-damage|p2b: Mimikyu|64\/100\n|\n|-heal|p2a: Wo-Chien|90\/100 psn|[from] item: Leftovers\n|-heal|p1a: Bronzong|14\/100 brn|[from] item: Leftovers\n|-damage|p1a: Bronzong|2\/100 brn|[from] Leech Seed|[of] p2a: Wo-Chien\n|-heal|p2a: Wo-Chien|100\/100 psn|[silent]\n|-damage|p2a: Wo-Chien|88\/100 psn|[from] psn\n|-damage|p1a: Bronzong|0 fnt|[from] brn\n|faint|p1a: Bronzong\n|\n|win|2knight\n|upkeep\n|raw|Frost314's rating: 1015 → 1004<\/strong> (-11 for losing)\n|raw|2knight's rating: 1050 → 1079<\/strong> (+29 for winning)\n|l|\u2606Frost314\n","uploadtime":1683780601,"views":18,"p1id":"frost314","p2id":"2knight","formatid":"gen9vgc2023regulationc","rating":1004,"private":0,"password":""}