{"id":"gen9vgc2023regulationc-1864109296","p1":"Asuka_Hikaru","p2":"qiin5","format":"[Gen 9] VGC 2023 Regulation C","log":"|j|\u2606Asuka_Hikaru\n|j|\u2606qiin5\n|t:|1684118705\n|gametype|doubles\n|player|p1|Asuka_Hikaru|1|1677\n|player|p2|qiin5|policeman|1754\n|teamsize|p1|6\n|teamsize|p2|6\n|gen|9\n|tier|[Gen 9] VGC 2023 Regulation C\n|rated|\n|rule|Species Clause: Limit one of each Pok\u00e9mon\n|rule|Item Clause: Limit one of each item\n|clearpoke\n|poke|p1|Dondozo, L50, M|\n|poke|p1|Ting-Lu, L50|\n|poke|p1|Iron Bundle, L50|\n|poke|p1|Chi-Yu, L50|\n|poke|p1|Flutter Mane, L50|\n|poke|p1|Dragonite, L50, M|\n|poke|p2|Annihilape, L50, M|\n|poke|p2|Maushold-Four, L50|\n|poke|p2|Ting-Lu, L50|\n|poke|p2|Chien-Pao, L50|\n|poke|p2|Dragapult, L50, M|\n|poke|p2|Gyarados, L50, F|\n|teampreview|4\n|\n|t:|1684118736\n|start\n|switch|p1a: Flutter Mane|Flutter Mane, L50|100\/100\n|switch|p1b: Chi-Yu|Chi-Yu, L50|100\/100\n|switch|p2a: Dragapult|Dragapult, L50, M|100\/100\n|switch|p2b: Chien-Pao|Chien-Pao, L50|100\/100\n|-ability|p1b: Chi-Yu|Beads of Ruin\n|-ability|p2b: Chien-Pao|Sword of Ruin\n|turn|1\n|inactive|Battle timer is ON: inactive players will automatically lose when time's up. (requested by qiin5)\n|inactive|Asuka_Hikaru has 60 seconds left.\n|\n|t:|1684118773\n|-terastallize|p2b: Chien-Pao|Dark\n|move|p2b: Chien-Pao|Sucker Punch|p1a: Flutter Mane\n|-damage|p1a: Flutter Mane|0 fnt\n|faint|p1a: Flutter Mane\n|-end|p1a: Flutter Mane|Protosynthesis|[silent]\n|move|p1b: Chi-Yu|Dark Pulse|p2a: Dragapult\n|-supereffective|p2a: Dragapult\n|-damage|p2a: Dragapult|0 fnt\n|faint|p2a: Dragapult\n|\n|upkeep\n|\n|t:|1684118789\n|switch|p2a: Annihilape|Annihilape, L50, M|100\/100\n|switch|p1a: Dragonite|Dragonite, L50, M, shiny|100\/100\n|turn|2\n|\n|t:|1684118804\n|switch|p1b: Dondozo|Dondozo, L50, M|100\/100\n|-terastallize|p1a: Dragonite|Flying\n|move|p2b: Chien-Pao|Protect|p2b: Chien-Pao\n|-singleturn|p2b: Chien-Pao|Protect\n|move|p2a: Annihilape|Drain Punch|p1b: Dondozo\n|-damage|p1b: Dondozo|73\/100\n|move|p1a: Dragonite|Tera Blast|p2b: Chien-Pao\n|-activate|p2b: Chien-Pao|move: Protect\n|\n|-heal|p1b: Dondozo|79\/100|[from] item: Leftovers\n|upkeep\n|turn|3\n|\n|t:|1684118822\n|move|p2b: Chien-Pao|Ice Spinner|p1a: Dragonite\n|-supereffective|p1a: Dragonite\n|-damage|p1a: Dragonite|52\/100\n|move|p2a: Annihilape|Rage Fist|p1a: Dragonite\n|-damage|p1a: Dragonite|20\/100\n|move|p1a: Dragonite|Tera Blast|p2b: Chien-Pao\n|-damage|p2b: Chien-Pao|21\/100\n|move|p1b: Dondozo|Wave Crash|p2b: Chien-Pao\n|-damage|p2b: Chien-Pao|0 fnt\n|faint|p2b: Chien-Pao\n|-damage|p1b: Dondozo|75\/100|[from] Recoil\n|\n|-heal|p1b: Dondozo|81\/100|[from] item: Leftovers\n|upkeep\n|\n|t:|1684118826\n|switch|p2b: Maushold|Maushold-Four, L50|100\/100\n|turn|4\n|inactive|Asuka_Hikaru has 30 seconds left.\n|\n|t:|1684118852\n|move|p1a: Dragonite|Extreme Speed|p2b: Maushold\n|-damage|p2b: Maushold|62\/100\n|move|p2b: Maushold|Super Fang|p1a: Dragonite\n|-damage|p1a: Dragonite|11\/100\n|move|p2a: Annihilape|Drain Punch|p1a: Dragonite\n|-resisted|p1a: Dragonite\n|-damage|p1a: Dragonite|0 fnt\n|faint|p1a: Dragonite\n|move|p1b: Dondozo|Curse|p1b: Dondozo\n|-unboost|p1b: Dondozo|spe|1\n|-boost|p1b: Dondozo|atk|1\n|-boost|p1b: Dondozo|def|1\n|\n|-heal|p1b: Dondozo|88\/100|[from] item: Leftovers\n|upkeep\n|\n|t:|1684118868\n|switch|p1a: Chi-Yu|Chi-Yu, L50|100\/100\n|-ability|p1a: Chi-Yu|Beads of Ruin\n|turn|5\n|\n|t:|1684118885\n|move|p2a: Annihilape|Protect|p2a: Annihilape\n|-singleturn|p2a: Annihilape|Protect\n|move|p1a: Chi-Yu|Heat Wave|p2b: Maushold|[spread] p2b\n|-activate|p2a: Annihilape|move: Protect\n|-damage|p2b: Maushold|16\/100\n|move|p2b: Maushold|Super Fang|p1a: Chi-Yu\n|-damage|p1a: Chi-Yu|51\/100\n|move|p1b: Dondozo|Wave Crash|p2a: Annihilape\n|-activate|p2a: Annihilape|move: Protect\n|\n|-heal|p1b: Dondozo|94\/100|[from] item: Leftovers\n|upkeep\n|turn|6\n|\n|t:|1684118904\n|move|p2b: Maushold|Protect|p2b: Maushold\n|-singleturn|p2b: Maushold|Protect\n|move|p1a: Chi-Yu|Heat Wave|p2b: Maushold|[spread] p2a\n|-activate|p2b: Maushold|move: Protect\n|-damage|p2a: Annihilape|66\/100\n|move|p2a: Annihilape|Drain Punch|p1a: Chi-Yu\n|-supereffective|p1a: Chi-Yu\n|-damage|p1a: Chi-Yu|0 fnt\n|-heal|p2a: Annihilape|83\/100|[from] drain|[of] p1a: Chi-Yu\n|faint|p1a: Chi-Yu\n|move|p1b: Dondozo|Wave Crash|p2a: Annihilape\n|-damage|p2a: Annihilape|33\/100\n|-damage|p1b: Dondozo|80\/100|[from] Recoil\n|\n|-heal|p2a: Annihilape|39\/100|[from] item: Leftovers\n|-heal|p1b: Dondozo|86\/100|[from] item: Leftovers\n|upkeep\n|turn|7\n|j| VGCTrainerisback\n|\n|t:|1684118922\n|move|p2a: Annihilape|Protect|p2a: Annihilape\n|-singleturn|p2a: Annihilape|Protect\n|move|p2b: Maushold|Super Fang|p1b: Dondozo\n|-damage|p1b: Dondozo|44\/100\n|move|p1b: Dondozo|Wave Crash|p2b: Maushold\n|-crit|p2b: Maushold\n|-damage|p2b: Maushold|0 fnt\n|faint|p2b: Maushold\n|-damage|p1b: Dondozo|40\/100|[from] Recoil\n|\n|-heal|p2a: Annihilape|45\/100|[from] item: Leftovers\n|-heal|p1b: Dondozo|46\/100|[from] item: Leftovers\n|upkeep\n|turn|8\n|\n|t:|1684118942\n|move|p2a: Annihilape|Rage Fist|p1b: Dondozo\n|-damage|p1b: Dondozo|22\/100\n|move|p1b: Dondozo|Wave Crash|p2a: Annihilape\n|-damage|p2a: Annihilape|0 fnt\n|faint|p2a: Annihilape\n|-damage|p1b: Dondozo|9\/100|[from] Recoil\n|\n|win|Asuka_Hikaru\n|raw|Asuka_Hikaru's rating: 1677 → 1701<\/strong> (+24 for winning)\n|raw|qiin5's rating: 1754 → 1730<\/strong> (-24 for losing)\n|j| nickfang7\n|l|\u2606qiin5\n","uploadtime":1684118958,"views":11,"p1id":"asukahikaru","p2id":"qiin5","formatid":"gen9vgc2023regulationc","rating":1701,"private":0,"password":""}