{"id":"gen9vgc2023regulationc-1852473935","p1":"kim0626","p2":"Kraven Morhed","format":"[Gen 9] VGC 2023 Regulation C","log":"|j|\u2606kim0626\n|j|\u2606Kraven Morhed\n|t:|1682562157\n|gametype|doubles\n|player|p1|kim0626|266|1125\n|player|p2|Kraven Morhed|2|1096\n|teamsize|p1|6\n|teamsize|p2|6\n|gen|9\n|tier|[Gen 9] VGC 2023 Regulation C\n|rated|\n|rule|Species Clause: Limit one of each Pok\u00e9mon\n|rule|Item Clause: Limit one of each item\n|clearpoke\n|poke|p1|Eelektross, L50, M|\n|poke|p1|Flutter Mane, L50|\n|poke|p1|Ting-Lu, L50|\n|poke|p1|Meowscarada, L50, F|\n|poke|p1|Salamence, L50, M|\n|poke|p1|Maushold-Four, L50|\n|poke|p2|Wo-Chien, L50|\n|poke|p2|Sylveon, L50, M|\n|poke|p2|Indeedee-F, L50, F|\n|poke|p2|Torkoal, L50, F|\n|poke|p2|Pelipper, L50, F|\n|poke|p2|Bronzong, L50|\n|teampreview|4\n|inactive|Battle timer is ON: inactive players will automatically lose when time's up. (requested by Kraven Morhed)\n|inactive|Kraven Morhed has 60 seconds left.\n|\n|t:|1682562198\n|start\n|switch|p1a: Maushold|Maushold-Four, L50|100\/100\n|switch|p1b: Ting-Lu|Ting-Lu, L50|100\/100\n|switch|p2a: Sylveon|Sylveon, L50, M|100\/100\n|switch|p2b: Indeedee|Indeedee-F, L50, F|100\/100\n|-fieldstart|move: Psychic Terrain|[from] ability: Psychic Surge|[of] p2b: Indeedee\n|-ability|p1b: Ting-Lu|Vessel of Ruin\n|turn|1\n|inactive|Kraven Morhed has 30 seconds left.\n|\n|t:|1682562228\n|switch|p2b: Wo-Chien|Wo-Chien, L50|100\/100\n|-ability|p2b: Wo-Chien|Tablets of Ruin\n|move|p1a: Maushold|Taunt|p2b: Wo-Chien\n|-start|p2b: Wo-Chien|move: Taunt\n|move|p2a: Sylveon|Hyper Voice|p1b: Ting-Lu|[spread] p1a,p1b\n|-supereffective|p1b: Ting-Lu\n|-crit|p1b: Ting-Lu\n|-damage|p1a: Maushold|62\/100\n|-damage|p1b: Ting-Lu|66\/100\n|-enditem|p2a: Sylveon|Throat Spray\n|-boost|p2a: Sylveon|spa|1|[from] item: Throat Spray\n|move|p1b: Ting-Lu|Heavy Slam|p2a: Sylveon\n|-supereffective|p2a: Sylveon\n|-damage|p2a: Sylveon|20\/100\n|\n|upkeep\n|turn|2\n|inactive|kim0626 has 30 seconds left.\n|inactive|Kraven Morhed has 30 seconds left.\n|inactive|Kraven Morhed has 20 seconds left.\n|inactive|Kraven Morhed has 15 seconds left.\n|inactive|Kraven Morhed has 10 seconds left.\n|inactive|Kraven Morhed has 5 seconds left.\n|\n|t:|1682562280\n|-terastallize|p1b: Ting-Lu|Water\n|move|p1a: Maushold|Protect|p1a: Maushold\n|-singleturn|p1a: Maushold|Protect\n|move|p2a: Sylveon|Protect|p2a: Sylveon\n|-singleturn|p2a: Sylveon|Protect\n|move|p2b: Wo-Chien|Dark Pulse|p1a: Maushold\n|-activate|p1a: Maushold|move: Protect\n|move|p1b: Ting-Lu|Earthquake|p2a: Sylveon|[spread] p2b\n|-activate|p1a: Maushold|move: Protect\n|-activate|p2a: Sylveon|move: Protect\n|-resisted|p2b: Wo-Chien\n|-damage|p2b: Wo-Chien|88\/100\n|\n|-heal|p2b: Wo-Chien|94\/100|[from] item: Leftovers\n|upkeep\n|turn|3\n|inactive|Kraven Morhed has 30 seconds left.\n|inactive|Kraven Morhed has 20 seconds left.\n|inactive|Kraven Morhed has 15 seconds left.\n|\n|t:|1682562323\n|switch|p2a: Bronzong|Bronzong, L50|100\/100\n|move|p1a: Maushold|Super Fang|p2b: Wo-Chien\n|-damage|p2b: Wo-Chien|47\/100\n|move|p2b: Wo-Chien|Energy Ball|p1a: Maushold\n|-damage|p1a: Maushold|22\/100\n|-enditem|p1a: Maushold|Sitrus Berry|[eat]\n|-heal|p1a: Maushold|47\/100|[from] item: Sitrus Berry\n|move|p1b: Ting-Lu|Heavy Slam|p2a: Bronzong\n|-resisted|p2a: Bronzong\n|-damage|p2a: Bronzong|91\/100\n|\n|-heal|p2b: Wo-Chien|54\/100|[from] item: Leftovers\n|-end|p2b: Wo-Chien|move: Taunt\n|upkeep\n|turn|4\n|inactive|Kraven Morhed has 30 seconds left.\n|inactive|Kraven Morhed has 20 seconds left.\n|inactive|Kraven Morhed has 15 seconds left.\n|inactive|Kraven Morhed has 10 seconds left.\n|inactive|Kraven Morhed has 5 seconds left.\n|\n|t:|1682562374\n|switch|p1a: Eelektross|Eelektross, L50, M|100\/100\n|-terastallize|p2a: Bronzong|Electric\n|move|p2b: Wo-Chien|Energy Ball|p1a: Eelektross\n|-damage|p1a: Eelektross|73\/100\n|move|p1b: Ting-Lu|Fissure|p2b: Wo-Chien\n|-damage|p2b: Wo-Chien|0 fnt\n|faint|p2b: Wo-Chien\n|-ohko\n|move|p2a: Bronzong|Tera Blast|p1b: Ting-Lu\n|-supereffective|p1b: Ting-Lu\n|-damage|p1b: Ting-Lu|40\/100\n|\n|-heal|p1a: Eelektross|80\/100|[from] item: Leftovers\n|upkeep\n|\n|t:|1682562398\n|switch|p2b: Sylveon|Sylveon, L50, M|20\/100\n|turn|5\n|\n|t:|1682562417\n|move|p2b: Sylveon|Hyper Voice|p1a: Eelektross|[spread] p1a,p1b\n|-damage|p1a: Eelektross|55\/100\n|-damage|p1b: Ting-Lu|23\/100\n|move|p1a: Eelektross|Stomping Tantrum|p2b: Sylveon\n|-damage|p2b: Sylveon|0 fnt\n|faint|p2b: Sylveon\n|move|p1b: Ting-Lu|Earthquake|p2a: Bronzong|[spread] \n|-immune|p1a: Eelektross|[from] ability: Levitate\n|-immune|p2a: Bronzong|[from] ability: Levitate\n|move|p2a: Bronzong|Tera Blast|p1b: Ting-Lu\n|-supereffective|p1b: Ting-Lu\n|-damage|p1b: Ting-Lu|0 fnt\n|faint|p1b: Ting-Lu\n|\n|-heal|p1a: Eelektross|61\/100|[from] item: Leftovers\n|-fieldend|move: Psychic Terrain\n|upkeep\n|\n|t:|1682562435\n|switch|p2b: Indeedee|Indeedee-F, L50, F|100\/100\n|switch|p1b: Flutter Mane|Flutter Mane, L50|100\/100\n|-fieldstart|move: Psychic Terrain|[from] ability: Psychic Surge|[of] p2b: Indeedee\n|turn|6\n|inactive|Kraven Morhed has 30 seconds left.\n|\n|t:|1682562463\n|move|p1b: Flutter Mane|Protect|p1b: Flutter Mane\n|-singleturn|p1b: Flutter Mane|Protect\n|move|p1a: Eelektross|Zap Cannon|p2b: Indeedee|[miss]\n|-miss|p1a: Eelektross|p2b: Indeedee\n|move|p2a: Bronzong|Flash Cannon|p1b: Flutter Mane\n|-activate|p1b: Flutter Mane|move: Protect\n|move|p2b: Indeedee|Trick Room|p2b: Indeedee\n|-fieldstart|move: Trick Room|[of] p2b: Indeedee\n|\n|-heal|p1a: Eelektross|67\/100|[from] item: Leftovers\n|upkeep\n|turn|7\n|\n|t:|1682562488\n|move|p2a: Bronzong|Flash Cannon|p1b: Flutter Mane\n|-supereffective|p1b: Flutter Mane\n|-damage|p1b: Flutter Mane|31\/100\n|move|p1a: Eelektross|Zap Cannon|p2b: Indeedee\n|-damage|p2b: Indeedee|56\/100\n|-status|p2b: Indeedee|par\n|cant|p2b: Indeedee|par\n|move|p1b: Flutter Mane|Moonblast|p2a: Bronzong\n|-damage|p2a: Bronzong|42\/100\n|\n|-heal|p1a: Eelektross|73\/100|[from] item: Leftovers\n|upkeep\n|turn|8\n|\n|t:|1682562513\n|move|p2a: Bronzong|Flash Cannon|p1b: Flutter Mane\n|-supereffective|p1b: Flutter Mane\n|-damage|p1b: Flutter Mane|0 fnt\n|faint|p1b: Flutter Mane\n|-end|p1b: Flutter Mane|Protosynthesis|[silent]\n|move|p2b: Indeedee|Psychic|p1a: Eelektross\n|-damage|p1a: Eelektross|30\/100\n|move|p1a: Eelektross|Drain Punch|p2b: Indeedee\n|-damage|p2b: Indeedee|28\/100 par\n|-heal|p1a: Eelektross|43\/100|[from] drain|[of] p2b: Indeedee\n|\n|-heal|p1a: Eelektross|49\/100|[from] item: Leftovers\n|upkeep\n|\n|t:|1682562520\n|switch|p1b: Maushold|Maushold-Four, L50|47\/100\n|turn|9\n|\n|t:|1682562543\n|move|p1b: Maushold|Follow Me|p1b: Maushold\n|-singleturn|p1b: Maushold|move: Follow Me\n|cant|p2b: Indeedee|par\n|move|p2a: Bronzong|Psychic|p1b: Maushold\n|-damage|p1b: Maushold|0 fnt\n|faint|p1b: Maushold\n|move|p1a: Eelektross|Drain Punch|p2b: Indeedee\n|-damage|p2b: Indeedee|0 fnt\n|-heal|p1a: Eelektross|62\/100|[from] drain|[of] p2b: Indeedee\n|faint|p2b: Indeedee\n|\n|-heal|p1a: Eelektross|68\/100|[from] item: Leftovers\n|upkeep\n|turn|10\n|\n|t:|1682562565\n|move|p1a: Eelektross|Protect|p1a: Eelektross\n|-singleturn|p1a: Eelektross|Protect\n|move|p2a: Bronzong|Psychic|p1a: Eelektross\n|-activate|p1a: Eelektross|move: Protect\n|\n|-heal|p1a: Eelektross|74\/100|[from] item: Leftovers\n|-fieldend|move: Trick Room\n|-fieldend|move: Psychic Terrain\n|upkeep\n|turn|11\n|\n|t:|1682562589\n|move|p1a: Eelektross|Drain Punch|p2a: Bronzong\n|-damage|p2a: Bronzong|25\/100\n|-heal|p1a: Eelektross|83\/100|[from] drain|[of] p2a: Bronzong\n|-enditem|p2a: Bronzong|Aguav Berry|[eat]\n|-heal|p2a: Bronzong|58\/100|[from] item: Aguav Berry\n|move|p2a: Bronzong|Trick Room|p2a: Bronzong\n|-fieldstart|move: Trick Room|[of] p2a: Bronzong\n|\n|-heal|p1a: Eelektross|89\/100|[from] item: Leftovers\n|upkeep\n|turn|12\n|\n|t:|1682562605\n|move|p2a: Bronzong|Psychic|p1a: Eelektross\n|-damage|p1a: Eelektross|54\/100\n|move|p1a: Eelektross|Drain Punch|p2a: Bronzong\n|-damage|p2a: Bronzong|40\/100\n|-heal|p1a: Eelektross|62\/100|[from] drain|[of] p2a: Bronzong\n|\n|-heal|p1a: Eelektross|69\/100|[from] item: Leftovers\n|upkeep\n|turn|13\n|\n|t:|1682562616\n|move|p1a: Eelektross|Protect|p1a: Eelektross\n|-singleturn|p1a: Eelektross|Protect\n|move|p2a: Bronzong|Psychic|p1a: Eelektross\n|-activate|p1a: Eelektross|move: Protect\n|\n|-heal|p1a: Eelektross|75\/100|[from] item: Leftovers\n|upkeep\n|turn|14\n|\n|t:|1682562625\n|move|p2a: Bronzong|Psychic|p1a: Eelektross\n|-damage|p1a: Eelektross|43\/100\n|-unboost|p1a: Eelektross|spd|1\n|move|p1a: Eelektross|Drain Punch|p2a: Bronzong\n|-damage|p2a: Bronzong|23\/100\n|-heal|p1a: Eelektross|51\/100|[from] drain|[of] p2a: Bronzong\n|\n|-heal|p1a: Eelektross|57\/100|[from] item: Leftovers\n|upkeep\n|turn|15\n|\n|t:|1682562639\n|move|p1a: Eelektross|Protect|p1a: Eelektross\n|-singleturn|p1a: Eelektross|Protect\n|move|p2a: Bronzong|Psychic|p1a: Eelektross\n|-activate|p1a: Eelektross|move: Protect\n|\n|-heal|p1a: Eelektross|64\/100|[from] item: Leftovers\n|-fieldend|move: Trick Room\n|upkeep\n|turn|16\n|\n|t:|1682562648\n|move|p1a: Eelektross|Drain Punch|p2a: Bronzong\n|-damage|p2a: Bronzong|5\/100\n|-heal|p1a: Eelektross|72\/100|[from] drain|[of] p2a: Bronzong\n|move|p2a: Bronzong|Psychic|p1a: Eelektross\n|-damage|p1a: Eelektross|23\/100\n|\n|-heal|p1a: Eelektross|29\/100|[from] item: Leftovers\n|upkeep\n|turn|17\n|inactive|Kraven Morhed has 30 seconds left.\n|\n|t:|1682562663\n|move|p1a: Eelektross|Drain Punch|p2a: Bronzong\n|-damage|p2a: Bronzong|0 fnt\n|-heal|p1a: Eelektross|31\/100|[from] drain|[of] p2a: Bronzong\n|faint|p2a: Bronzong\n|\n|win|kim0626\n|inactive|Kraven Morhed has 25 seconds left this turn.\n|raw|kim0626's rating: 1125 → 1148<\/strong> (+23 for winning)\n|raw|Kraven Morhed's rating: 1096 → 1074<\/strong> (-22 for losing)\n|l|\u2606Kraven Morhed\n","uploadtime":1682562954,"views":10,"p1id":"kim0626","p2id":"kravenmorhed","formatid":"gen9vgc2023regulationc","rating":1074,"private":0,"password":""}