{"id":"gen9vgc2023regulationc-1857225322","p1":"gorlaf1","p2":"PokeVoltClub","format":"[Gen 9] VGC 2023 Regulation C","log":"|j|\u2606gorlaf1\n|j|\u2606PokeVoltClub\n|t:|1683160266\n|gametype|doubles\n|player|p1|gorlaf1|169|1040\n|player|p2|PokeVoltClub|elesa|1136\n|teamsize|p1|6\n|teamsize|p2|6\n|gen|9\n|tier|[Gen 9] VGC 2023 Regulation C\n|rated|\n|rule|Species Clause: Limit one of each Pok\u00e9mon\n|rule|Item Clause: Limit one of each item\n|clearpoke\n|poke|p1|Dachsbun, L50, M|\n|poke|p1|Kilowattrel, L50, M|\n|poke|p1|Garchomp, L50, F|\n|poke|p1|Clodsire, L50, M|\n|poke|p1|Maushold, L50|\n|poke|p1|Chi-Yu, L50|\n|poke|p2|Bellibolt, L50, F|\n|poke|p2|Gastrodon, L50, M|\n|poke|p2|Iron Treads, L50|\n|poke|p2|Mimikyu, L50, M|\n|poke|p2|Chi-Yu, L50|\n|poke|p2|Dragonite, L50, F|\n|teampreview|4\n|\n|t:|1683160321\n|start\n|switch|p1a: The Morrigan|Garchomp, L50, F, shiny|100\/100\n|switch|p1b: Maushold|Maushold, L50|100\/100\n|switch|p2a: Bellibolt|Bellibolt, L50, F|100\/100\n|switch|p2b: Gastrodon|Gastrodon, L50, M|100\/100\n|turn|1\n|\n|t:|1683160354\n|-terastallize|p2a: Bellibolt|Flying\n|move|p1b: Maushold|Population Bomb|p2b: Gastrodon\n|-damage|p2b: Gastrodon|91\/100\n|-hitcount|p2b: Gastrodon|1\n|move|p1a: The Morrigan|Earthquake|p2a: Bellibolt|[spread] p1b,p2b\n|-immune|p2a: Bellibolt\n|-damage|p1b: Maushold|38\/100\n|-damage|p2b: Gastrodon|57\/100\n|move|p2a: Bellibolt|Muddy Water|p1a: The Morrigan|[spread] p1a,p1b\n|-damage|p1a: The Morrigan|81\/100\n|-damage|p1b: Maushold|13\/100\n|move|p2b: Gastrodon|Muddy Water|p1b: Maushold|[spread] p1a,p1b\n|-crit|p1b: Maushold\n|-damage|p1a: The Morrigan|54\/100\n|-damage|p1b: Maushold|0 fnt\n|faint|p1b: Maushold\n|\n|upkeep\n|\n|t:|1683160370\n|switch|p1b: Chi-Yu|Chi-Yu, L50|100\/100\n|-ability|p1b: Chi-Yu|Beads of Ruin\n|turn|2\n|\n|t:|1683160390\n|move|p1b: Chi-Yu|Heat Wave|p2a: Bellibolt|[spread] p2a,p2b\n|-resisted|p2b: Gastrodon\n|-damage|p2a: Bellibolt|69\/100\n|-damage|p2b: Gastrodon|33\/100\n|-status|p2a: Bellibolt|brn\n|-start|p2a: Bellibolt|Charge|Heat Wave|[from] ability: Electromorphosis\n|move|p1a: The Morrigan|Poison Jab|p2a: Bellibolt\n|-damage|p2a: Bellibolt|50\/100 brn\n|-start|p2a: Bellibolt|Charge|Poison Jab|[from] ability: Electromorphosis\n|move|p2a: Bellibolt|Muddy Water|p1b: Chi-Yu|[spread] p1a,p1b\n|-supereffective|p1b: Chi-Yu\n|-crit|p1b: Chi-Yu\n|-damage|p1a: The Morrigan|28\/100\n|-damage|p1b: Chi-Yu|34\/100\n|move|p2b: Gastrodon|Muddy Water|p1a: The Morrigan|[spread] p1a\n|-miss|p2b: Gastrodon|p1b: Chi-Yu\n|-damage|p1a: The Morrigan|0 fnt\n|faint|p1a: The Morrigan\n|\n|-damage|p2a: Bellibolt|44\/100 brn|[from] brn\n|upkeep\n|\n|t:|1683160408\n|switch|p1a: C\u00fa Chulainn|Dachsbun, L50, M|100\/100\n|turn|3\n|\n|t:|1683160420\n|move|p1b: Chi-Yu|Heat Wave|p2b: Gastrodon|[spread] p2b\n|-miss|p1b: Chi-Yu|p2a: Bellibolt\n|-resisted|p2b: Gastrodon\n|-damage|p2b: Gastrodon|8\/100\n|move|p1a: C\u00fa Chulainn|Body Press|p2a: Bellibolt\n|-resisted|p2a: Bellibolt\n|-damage|p2a: Bellibolt|33\/100 brn\n|-start|p2a: Bellibolt|Charge|Body Press|[from] ability: Electromorphosis\n|move|p2a: Bellibolt|Parabolic Charge|p1b: Chi-Yu|[spread] p1a,p1b\n|-immune|p2b: Gastrodon\n|-damage|p1a: C\u00fa Chulainn|58\/100\n|-heal|p2a: Bellibolt|50\/100 brn|[from] drain|[of] p1a: C\u00fa Chulainn\n|-damage|p1b: Chi-Yu|0 fnt\n|-heal|p2a: Bellibolt|60\/100 brn|[from] drain|[of] p1b: Chi-Yu\n|faint|p1b: Chi-Yu\n|-end|p2a: Bellibolt|Charge|[silent]\n|move|p2b: Gastrodon|Recover|p2b: Gastrodon\n|-heal|p2b: Gastrodon|59\/100\n|\n|-damage|p2a: Bellibolt|54\/100 brn|[from] brn\n|upkeep\n|turn|4\n|\n|t:|1683160445\n|move|p1a: C\u00fa Chulainn|Snarl|p2a: Bellibolt|[spread] p2a,p2b\n|-damage|p2a: Bellibolt|51\/100 brn\n|-damage|p2b: Gastrodon|53\/100\n|-unboost|p2a: Bellibolt|spa|1\n|-start|p2a: Bellibolt|Charge|Snarl|[from] ability: Electromorphosis\n|move|p2a: Bellibolt|Muddy Water|p1a: C\u00fa Chulainn\n|-damage|p1a: C\u00fa Chulainn|44\/100\n|move|p2b: Gastrodon|Muddy Water|p1a: C\u00fa Chulainn\n|-damage|p1a: C\u00fa Chulainn|17\/100\n|\n|-damage|p2a: Bellibolt|45\/100 brn|[from] brn\n|upkeep\n|turn|5\n|\n|t:|1683160460\n|move|p1a: C\u00fa Chulainn|Snarl|p2a: Bellibolt|[spread] p2a,p2b\n|-damage|p2a: Bellibolt|42\/100 brn\n|-damage|p2b: Gastrodon|47\/100\n|-unboost|p2a: Bellibolt|spa|1\n|-start|p2a: Bellibolt|Charge|Snarl|[from] ability: Electromorphosis\n|move|p2a: Bellibolt|Muddy Water|p1a: C\u00fa Chulainn\n|-damage|p1a: C\u00fa Chulainn|5\/100\n|move|p2b: Gastrodon|Muddy Water|p1a: C\u00fa Chulainn\n|-damage|p1a: C\u00fa Chulainn|0 fnt\n|faint|p1a: C\u00fa Chulainn\n|\n|win|PokeVoltClub\n|raw|gorlaf1's rating: 1040 → 1028<\/strong> (-12 for losing)\n|raw|PokeVoltClub's rating: 1136 → 1154<\/strong> (+18 for winning)\n","uploadtime":1683160476,"views":14,"p1id":"gorlaf1","p2id":"pokevoltclub","formatid":"gen9vgc2023regulationc","rating":1028,"private":0,"password":""}