{"id":"gen9vgc2023regulationc-1861935830","p1":"Drewby39","p2":"gGusto","format":"[Gen 9] VGC 2023 Regulation C","log":"|j|\u2606Drewby39\n|j|\u2606gGusto\n|t:|1683822206\n|gametype|doubles\n|player|p1|Drewby39|rood|1425\n|player|p2|gGusto|palmer|1422\n|teamsize|p1|6\n|teamsize|p2|6\n|gen|9\n|tier|[Gen 9] VGC 2023 Regulation C\n|rated|\n|rule|Species Clause: Limit one of each Pok\u00e9mon\n|rule|Item Clause: Limit one of each item\n|clearpoke\n|poke|p1|Grimmsnarl, L50, M|\n|poke|p1|Iron Hands, L50|\n|poke|p1|Baxcalibur, L50, M|\n|poke|p1|Amoonguss, L50, F|\n|poke|p1|Gyarados, L50, M|\n|poke|p1|Flutter Mane, L50|\n|poke|p2|Flutter Mane, L50|\n|poke|p2|Arcanine, L50, M|\n|poke|p2|Amoonguss, L50, M|\n|poke|p2|Palafin, L50, M|\n|poke|p2|Ting-Lu, L50|\n|poke|p2|Baxcalibur, L50, M|\n|teampreview|4\n|inactive|Battle timer is ON: inactive players will automatically lose when time's up. (requested by gGusto)\ngGusto has agreed to open team sheets.\nDrewby39 has agreed to open team sheets.\n|inactive|Drewby39 has 60 seconds left.\n|inactive|gGusto has 60 seconds left.\n|\n|t:|1683822260\n|start\n|switch|p1a: Grimmsnarl|Grimmsnarl, L50, M|100\/100\n|switch|p1b: Iron Hands|Iron Hands, L50|100\/100\n|switch|p2a: Arcanine|Arcanine, L50, M|100\/100\n|switch|p2b: Flutter Mane|Flutter Mane, L50|100\/100\n|-ability|p2a: Arcanine|Intimidate|boost\n|-unboost|p1a: Grimmsnarl|atk|1\n|-unboost|p1b: Iron Hands|atk|1\n|turn|1\n|inactive|gGusto has 30 seconds left.\n|\n|t:|1683822292\n|switch|p2a: Amoonguss|Amoonguss, L50, M|100\/100\n|move|p1b: Iron Hands|Protect|p1b: Iron Hands\n|-singleturn|p1b: Iron Hands|Protect\n|move|p2b: Flutter Mane|Moonblast|p1b: Iron Hands\n|-activate|p1b: Iron Hands|move: Protect\n|move|p1a: Grimmsnarl|Spirit Break|p2b: Flutter Mane\n|-damage|p2b: Flutter Mane|73\/100\n|-unboost|p2b: Flutter Mane|spa|1\n|\n|upkeep\n|turn|2\n|\n|t:|1683822312\n|-end|p2b: Flutter Mane|Protosynthesis|[silent]\n|switch|p2b: Arcanine|Arcanine, L50, M|100\/100\n|-ability|p2b: Arcanine|Intimidate|boost\n|-unboost|p1a: Grimmsnarl|atk|1\n|-unboost|p1b: Iron Hands|atk|1\n|-terastallize|p1b: Iron Hands|Grass\n|move|p1a: Grimmsnarl|Parting Shot|p2b: Arcanine\n|-unboost|p2b: Arcanine|atk|1\n|-unboost|p2b: Arcanine|spa|1\n|\n|t:|1683822324\n|switch|p1a: Amoonguss|Amoonguss, L50, F|100\/100|[from] Parting Shot\n|move|p1b: Iron Hands|Swords Dance|p1b: Iron Hands\n|-boost|p1b: Iron Hands|atk|2\n|move|p2a: Amoonguss|Spore|p1a: Amoonguss\n|-immune|p1a: Amoonguss\n|\n|upkeep\n|turn|3\n|\n|t:|1683822350\n|switch|p1a: Grimmsnarl|Grimmsnarl, L50, M|100\/100\n|move|p1b: Iron Hands|Protect|p1b: Iron Hands\n|-singleturn|p1b: Iron Hands|Protect\n|move|p2b: Arcanine|Flare Blitz|p1b: Iron Hands\n|-activate|p1b: Iron Hands|move: Protect\n|move|p2a: Amoonguss|Pollen Puff|p1b: Iron Hands\n|-activate|p1b: Iron Hands|move: Protect\n|\n|upkeep\n|turn|4\n|inactive|Drewby39 has 30 seconds left.\n|\n|t:|1683822381\n|switch|p2b: Ting-Lu|Ting-Lu, L50|100\/100\n|-ability|p2b: Ting-Lu|Vessel of Ruin\n|move|p1a: Grimmsnarl|Reflect|p1a: Grimmsnarl\n|-sidestart|p1: Drewby39|Reflect\n|move|p1b: Iron Hands|Swords Dance|p1b: Iron Hands\n|-boost|p1b: Iron Hands|atk|2\n|move|p2a: Amoonguss|Clear Smog|p1b: Iron Hands\n|-supereffective|p1b: Iron Hands\n|-damage|p1b: Iron Hands|85\/100\n|-clearboost|p1b: Iron Hands\n|\n|upkeep\n|turn|5\n|inactive|gGusto has 30 seconds left.\n|\n|t:|1683822409\n|move|p1a: Grimmsnarl|Spirit Break|p2b: Ting-Lu\n|-supereffective|p2b: Ting-Lu\n|-damage|p2b: Ting-Lu|66\/100\n|-unboost|p2b: Ting-Lu|spa|1\n|move|p1b: Iron Hands|Drain Punch|p2b: Ting-Lu\n|-supereffective|p2b: Ting-Lu\n|-damage|p2b: Ting-Lu|17\/100\n|-heal|p1b: Iron Hands|100\/100|[from] drain|[of] p2b: Ting-Lu\n|move|p2b: Ting-Lu|Ruination|p1b: Iron Hands\n|-damage|p1b: Iron Hands|50\/100\n|-enditem|p1b: Iron Hands|Sitrus Berry|[eat]\n|-heal|p1b: Iron Hands|75\/100|[from] item: Sitrus Berry\n|move|p2a: Amoonguss|Pollen Puff|p2b: Ting-Lu\n|-heal|p2b: Ting-Lu|67\/100\n|\n|upkeep\n|turn|6\n|inactive|Drewby39 has 30 seconds left.\n|\n|t:|1683822438\n|switch|p2a: Arcanine|Arcanine, L50, M|100\/100\n|-ability|p2a: Arcanine|Intimidate|boost\n|-unboost|p1a: Grimmsnarl|atk|1\n|-unboost|p1b: Iron Hands|atk|1\n|-terastallize|p2b: Ting-Lu|Poison\n|move|p1a: Grimmsnarl|Parting Shot|p2a: Arcanine\n|-unboost|p2a: Arcanine|atk|1\n|-unboost|p2a: Arcanine|spa|1\n|\n|t:|1683822451\n|switch|p1a: Amoonguss|Amoonguss, L50, F|100\/100|[from] Parting Shot\n|move|p1b: Iron Hands|Swords Dance|p1b: Iron Hands\n|-boost|p1b: Iron Hands|atk|2\n|move|p2b: Ting-Lu|Ruination|p1a: Amoonguss\n|-damage|p1a: Amoonguss|51\/100\n|\n|upkeep\n|turn|7\n|\n|t:|1683822474\n|switch|p2a: Amoonguss|Amoonguss, L50, M|100\/100\n|move|p1a: Amoonguss|Rage Powder|p1a: Amoonguss\n|-singleturn|p1a: Amoonguss|move: Rage Powder\n|move|p1b: Iron Hands|Drain Punch|p2a: Amoonguss\n|-resisted|p2a: Amoonguss\n|-damage|p2a: Amoonguss|79\/100\n|-heal|p1b: Iron Hands|85\/100|[from] drain|[of] p2a: Amoonguss\n|move|p2b: Ting-Lu|Ruination|p1a: Amoonguss\n|-damage|p1a: Amoonguss|26\/100\n|\n|upkeep\n|turn|8\n|inactive|Drewby39 has 30 seconds left.\n|\n|t:|1683822501\n|switch|p2b: Arcanine|Arcanine, L50, M|100\/100\n|-ability|p2b: Arcanine|Intimidate|boost\n|-unboost|p1a: Amoonguss|atk|1\n|-unboost|p1b: Iron Hands|atk|1\n|switch|p1a: Grimmsnarl|Grimmsnarl, L50, M|100\/100\n|move|p1b: Iron Hands|Wild Charge|p2b: Arcanine\n|-damage|p2b: Arcanine|52\/100\n|-damage|p1b: Iron Hands|75\/100|[from] Recoil\n|move|p2a: Amoonguss|Pollen Puff|p2b: Arcanine\n|-heal|p2b: Arcanine|100\/100\n|\n|upkeep\n|turn|9\n|inactive|Drewby39 has 30 seconds left.\n|\n|t:|1683822536\n|move|p2b: Arcanine|Howl|p2b: Arcanine|[spread] p2a,p2b\n|-boost|p2a: Amoonguss|atk|1\n|-boost|p2b: Arcanine|atk|1\n|move|p1a: Grimmsnarl|Spirit Break|p2a: Amoonguss\n|-resisted|p2a: Amoonguss\n|-damage|p2a: Amoonguss|68\/100\n|-unboost|p2a: Amoonguss|spa|1\n|move|p1b: Iron Hands|Drain Punch|p2b: Arcanine\n|-damage|p2b: Arcanine|59\/100\n|-heal|p1b: Iron Hands|93\/100|[from] drain|[of] p2b: Arcanine\n|move|p2a: Amoonguss|Clear Smog|p1b: Iron Hands\n|-supereffective|p1b: Iron Hands\n|-damage|p1b: Iron Hands|77\/100\n|-clearboost|p1b: Iron Hands\n|\n|upkeep\n|turn|10\n|inactive|Drewby39 has 30 seconds left.\n|inactive|gGusto has 30 seconds left.\n|\n|t:|1683822569\n|switch|p2b: Ting-Lu|Ting-Lu, L50, tera:Poison|67\/100\n|-ability|p2b: Ting-Lu|Vessel of Ruin\n|move|p1a: Grimmsnarl|Spirit Break|p2b: Ting-Lu\n|-resisted|p2b: Ting-Lu\n|-damage|p2b: Ting-Lu|58\/100\n|-unboost|p2b: Ting-Lu|spa|1\n|move|p1b: Iron Hands|Wild Charge|p2b: Ting-Lu\n|-damage|p2b: Ting-Lu|31\/100\n|-damage|p1b: Iron Hands|70\/100|[from] Recoil\n|move|p2a: Amoonguss|Pollen Puff|p2b: Ting-Lu\n|-heal|p2b: Ting-Lu|81\/100\n|\n|upkeep\n|turn|11\n|\n|t:|1683822595\n|switch|p2b: Arcanine|Arcanine, L50, M|59\/100\n|-ability|p2b: Arcanine|Intimidate|boost\n|-unboost|p1a: Grimmsnarl|atk|1\n|-unboost|p1b: Iron Hands|atk|1\n|move|p1a: Grimmsnarl|Spirit Break|p2a: Amoonguss\n|-resisted|p2a: Amoonguss\n|-damage|p2a: Amoonguss|60\/100\n|-unboost|p2a: Amoonguss|spa|1\n|move|p1b: Iron Hands|Swords Dance|p1b: Iron Hands\n|-boost|p1b: Iron Hands|atk|2\n|move|p2a: Amoonguss|Pollen Puff|p2b: Arcanine\n|-heal|p2b: Arcanine|100\/100\n|\n|-sideend|p1: Drewby39|Reflect\n|upkeep\n|turn|12\n|\n|t:|1683822619\n|move|p2b: Arcanine|Protect|p2b: Arcanine\n|-singleturn|p2b: Arcanine|Protect\n|move|p1a: Grimmsnarl|Spirit Break|p2b: Arcanine\n|-activate|p2b: Arcanine|move: Protect\n|move|p1b: Iron Hands|Drain Punch|p2b: Arcanine\n|-activate|p2b: Arcanine|move: Protect\n|move|p2a: Amoonguss|Spore|p1a: Grimmsnarl\n|-status|p1a: Grimmsnarl|slp|[from] move: Spore\n|\n|upkeep\n|turn|13\n|\n|t:|1683822634\n|switch|p2a: Ting-Lu|Ting-Lu, L50, tera:Poison|81\/100\n|-ability|p2a: Ting-Lu|Vessel of Ruin\n|move|p2b: Arcanine|Flare Blitz|p1b: Iron Hands\n|-supereffective|p1b: Iron Hands\n|-damage|p1b: Iron Hands|0 fnt\n|faint|p1b: Iron Hands\n|-end|p1b: Iron Hands|Quark Drive|[silent]\n|-damage|p2b: Arcanine|73\/100|[from] Recoil\n|cant|p1a: Grimmsnarl|slp\n|\n|upkeep\n|-message|Drewby39 forfeited.\n|\n|win|gGusto\n|raw|Drewby39's rating: 1425 → 1405<\/strong> (-20 for losing)\n|raw|gGusto's rating: 1422 → 1442<\/strong> (+20 for winning)\n|l|\u2606Drewby39\n|c|\u2606gGusto|wow\n","uploadtime":1683822655,"views":11,"p1id":"drewby39","p2id":"ggusto","formatid":"gen9vgc2023regulationc","rating":1405,"private":0,"password":""}