{"id":"gen9vgc2023regulationc-1846211268","p1":"gankyburner","p2":"abcfedg","format":"[Gen 9] VGC 2023 Regulation C","log":"|j|\u2606gankyburner\n|j|\u2606abcfedg\n|t:|1681821670\n|gametype|doubles\n|player|p1|gankyburner|266|1327\n|player|p2|abcfedg|youngn|1419\n|teamsize|p1|6\n|teamsize|p2|6\n|gen|9\n|tier|[Gen 9] VGC 2023 Regulation C\n|rated|\n|rule|Species Clause: Limit one of each Pok\u00e9mon\n|rule|Item Clause: Limit one of each item\n|clearpoke\n|poke|p1|Murkrow, L50, F|\n|poke|p1|Tyranitar, L50, M|\n|poke|p1|Houndstone, L50, F|\n|poke|p1|Chi-Yu, L50|\n|poke|p1|Corviknight, L50, M|\n|poke|p1|Gastrodon, L50, M|\n|poke|p2|Annihilape, L50, F|\n|poke|p2|Gyarados, L50, F|\n|poke|p2|Amoonguss, L50, F|\n|poke|p2|Zoroark, L50, M|\n|poke|p2|Dragonite, L50, M|\n|poke|p2|Flutter Mane, L50|\n|teampreview|4\n|inactive|Battle timer is ON: inactive players will automatically lose when time's up. (requested by abcfedg)\n|\n|t:|1681821685\n|start\n|switch|p1a: C'mon C'mon|Murkrow, L50, F|100\/100\n|switch|p1b: B.H. Sun|Chi-Yu, L50|100\/100\n|switch|p2a: Annihilape|Annihilape, L50, F|100\/100\n|switch|p2b: Gyarados|Gyarados, L50, F|100\/100\n|-ability|p1b: B.H. Sun|Beads of Ruin\n|-ability|p2b: Gyarados|Intimidate|boost\n|-unboost|p1a: C'mon C'mon|atk|1\n|-unboost|p1b: B.H. Sun|atk|1\n|turn|1\n|\n|t:|1681821703\n|-terastallize|p1b: B.H. Sun|Water\n|move|p1a: C'mon C'mon|Sunny Day|p1a: C'mon C'mon\n|-weather|SunnyDay\n|move|p1b: B.H. Sun|Overheat|p2a: Annihilape\n|-damage|p2a: Annihilape|0 fnt\n|-unboost|p1b: B.H. Sun|spa|2\n|faint|p2a: Annihilape\n|-damage|p1b: B.H. Sun|90\/100|[from] item: Life Orb\n|move|p2b: Gyarados|Waterfall|p1b: B.H. Sun\n|-resisted|p1b: B.H. Sun\n|-damage|p1b: B.H. Sun|74\/100\n|\n|-weather|SunnyDay|[upkeep]\n|upkeep\n|\n|t:|1681821711\n|switch|p2a: Dragonite|Dragonite, L50, M|100\/100\n|turn|2\n|\n|t:|1681821723\n|switch|p2b: Amoonguss|Amoonguss, L50, F|100\/100\n|-terastallize|p2a: Dragonite|Flying\n|move|p1a: C'mon C'mon|Haze|p1a: C'mon C'mon\n|-clearallboost\n|move|p1b: B.H. Sun|Snarl|p2a: Dragonite|[spread] p2a,p2b\n|-damage|p2a: Dragonite|83\/100\n|-damage|p2b: Amoonguss|68\/100\n|-unboost|p2a: Dragonite|spa|1\n|-damage|p1b: B.H. Sun|64\/100|[from] item: Life Orb\n|move|p2a: Dragonite|Tera Blast|p1b: B.H. Sun\n|-damage|p1b: B.H. Sun|0 fnt\n|faint|p1b: B.H. Sun\n|\n|-weather|SunnyDay|[upkeep]\n|upkeep\n|\n|t:|1681821735\n|switch|p1b: Godzilla|Tyranitar, L50, M, shiny|100\/100\n|-weather|Sandstorm|[from] ability: Sand Stream|[of] p1b: Godzilla\n|turn|3\n|\n|t:|1681821746\n|switch|p2a: Gyarados|Gyarados, L50, F|100\/100\n|-ability|p2a: Gyarados|Intimidate|boost\n|-unboost|p1a: C'mon C'mon|atk|1\n|-unboost|p1b: Godzilla|atk|1\n|move|p1a: C'mon C'mon|Tailwind|p1a: C'mon C'mon\n|-sidestart|p1: gankyburner|move: Tailwind\n|move|p1b: Godzilla|Rock Slide|p2a: Gyarados|[spread] p2a,p2b\n|-supereffective|p2a: Gyarados\n|-crit|p2a: Gyarados\n|-damage|p2a: Gyarados|0 fnt\n|-damage|p2b: Amoonguss|48\/100\n|faint|p2a: Gyarados\n|move|p2b: Amoonguss|Spore|p1b: Godzilla\n|-status|p1b: Godzilla|slp|[from] move: Spore\n|\n|-weather|Sandstorm|[upkeep]\n|-damage|p1a: C'mon C'mon|94\/100|[from] Sandstorm\n|-damage|p2b: Amoonguss|43\/100|[from] Sandstorm\n|upkeep\n|\n|t:|1681821755\n|switch|p2a: Dragonite|Dragonite, L50, M, tera:Flying|83\/100\n|turn|4\n|\n|t:|1681821768\n|move|p1a: C'mon C'mon|Foul Play|p2a: Dragonite\n|-damage|p2a: Dragonite|27\/100\n|cant|p1b: Godzilla|slp\n|move|p2a: Dragonite|Tera Blast|p1a: C'mon C'mon\n|-damage|p1a: C'mon C'mon|4\/100\n|move|p2b: Amoonguss|Pollen Puff|p2a: Dragonite\n|-heal|p2a: Dragonite|77\/100\n|\n|-weather|Sandstorm|[upkeep]\n|-damage|p1a: C'mon C'mon|0 fnt|[from] Sandstorm\n|-damage|p2a: Dragonite|71\/100|[from] Sandstorm\n|-damage|p2b: Amoonguss|37\/100|[from] Sandstorm\n|faint|p1a: C'mon C'mon\n|upkeep\n|\n|t:|1681821781\n|switch|p1a: Dragula|Houndstone, L50, F, shiny|100\/100\n|turn|5\n|\n|t:|1681821789\n|move|p1a: Dragula|Last Respects|p2b: Amoonguss\n|-crit|p2b: Amoonguss\n|-damage|p2b: Amoonguss|0 fnt\n|faint|p2b: Amoonguss\n|-curestatus|p1b: Godzilla|slp|[msg]\n|move|p1b: Godzilla|Rock Slide|p2a: Dragonite\n|-supereffective|p2a: Dragonite\n|-damage|p2a: Dragonite|16\/100\n|cant|p2a: Dragonite|flinch\n|\n|-weather|Sandstorm|[upkeep]\n|-damage|p2a: Dragonite|10\/100|[from] Sandstorm\n|upkeep\n|turn|6\n|-message|abcfedg forfeited.\n|\n|win|gankyburner\n|raw|gankyburner's rating: 1327 → 1352<\/strong> (+25 for winning)\n|raw|abcfedg's rating: 1419 → 1394<\/strong> (-25 for losing)\n|l|\u2606abcfedg\n","uploadtime":1681821803,"views":9,"p1id":"gankyburner","p2id":"abcfedg","formatid":"gen9vgc2023regulationc","rating":1352,"private":0,"password":""}