{"id":"gen9vgc2023regulationc-1854909050","p1":"YourManDan","p2":"Kirozvizo","format":"[Gen 9] VGC 2023 Regulation C","log":"|j|\u2606YourManDan\n|j|\u2606Kirozvizo\n|t:|1682879649\n|gametype|doubles\n|player|p1|YourManDan|lucas-gen4pt|1098\n|player|p2|Kirozvizo|lance|1000\n|teamsize|p1|6\n|teamsize|p2|6\n|gen|9\n|tier|[Gen 9] VGC 2023 Regulation C\n|rated|\n|rule|Species Clause: Limit one of each Pok\u00e9mon\n|rule|Item Clause: Limit one of each item\n|clearpoke\n|poke|p1|Flutter Mane, L50|\n|poke|p1|Chi-Yu, L50|\n|poke|p1|Amoonguss, L50, F|\n|poke|p1|Iron Bundle, L50|\n|poke|p1|Arcanine, L50, F|\n|poke|p1|Dragonite, L50, M|\n|poke|p2|Dondozo, L50, F|\n|poke|p2|Tatsugiri-Stretchy, L50, F|\n|poke|p2|Chi-Yu, L50|\n|poke|p2|Flutter Mane, L50|\n|poke|p2|Dragonite, L50, F|\n|poke|p2|Glimmora, L50, F|\n|teampreview|4\n|\n|t:|1682879677\n|start\n|switch|p1a: Flutter Mane|Flutter Mane, L50|100\/100\n|switch|p1b: Iron Bundle|Iron Bundle, L50|100\/100\n|switch|p2a: Glimmora|Glimmora, L50, F|100\/100\n|switch|p2b: Dondozo|Dondozo, L50, F|100\/100\n|-enditem|p1b: Iron Bundle|Booster Energy\n|-activate|p1b: Iron Bundle|ability: Quark Drive|[fromitem]\n|-start|p1b: Iron Bundle|quarkdrivespe\n|turn|1\n|\n|t:|1682879706\n|move|p2a: Glimmora|Spiky Shield|p2a: Glimmora\n|-singleturn|p2a: Glimmora|move: Protect\n|move|p1b: Iron Bundle|Freeze-Dry|p2b: Dondozo\n|-supereffective|p2b: Dondozo\n|-damage|p2b: Dondozo|55\/100\n|move|p1a: Flutter Mane|Moonblast|p2b: Dondozo\n|-damage|p2b: Dondozo|4\/100\n|-enditem|p2b: Dondozo|Sitrus Berry|[eat]\n|-heal|p2b: Dondozo|29\/100|[from] item: Sitrus Berry\n|move|p2b: Dondozo|Bulldoze|p1b: Iron Bundle|[spread] p1a,p1b\n|-activate|p2a: Glimmora|move: Protect\n|-damage|p1a: Flutter Mane|78\/100\n|-damage|p1b: Iron Bundle|88\/100\n|-unboost|p1a: Flutter Mane|spe|1\n|-unboost|p1b: Iron Bundle|spe|1\n|\n|upkeep\n|turn|2\n|\n|t:|1682879726\n|move|p2b: Dondozo|Protect|p2b: Dondozo\n|-singleturn|p2b: Dondozo|Protect\n|move|p1b: Iron Bundle|Hydro Pump|p2a: Glimmora\n|-supereffective|p2a: Glimmora\n|-enditem|p2a: Glimmora|Focus Sash\n|-damage|p2a: Glimmora|1\/100\n|move|p2a: Glimmora|Toxic|p1a: Flutter Mane\n|-status|p1a: Flutter Mane|tox\n|move|p1a: Flutter Mane|Moonblast|p2b: Dondozo\n|-activate|p2b: Dondozo|move: Protect\n|\n|-damage|p1a: Flutter Mane|71\/100 tox|[from] psn\n|upkeep\n|turn|3\n|\n|t:|1682879745\n|move|p2b: Dondozo|Protect|p2b: Dondozo\n|-singleturn|p2b: Dondozo|Protect\n|move|p1b: Iron Bundle|Icy Wind|p2b: Dondozo|[spread] p2a\n|-activate|p2b: Dondozo|move: Protect\n|-damage|p2a: Glimmora|0 fnt\n|faint|p2a: Glimmora\n|move|p1a: Flutter Mane|Moonblast|p2b: Dondozo\n|-activate|p2b: Dondozo|move: Protect\n|\n|-damage|p1a: Flutter Mane|59\/100 tox|[from] psn\n|upkeep\n|\n|t:|1682879755\n|switch|p2a: Flutter Mane|Flutter Mane, L50|100\/100\n|-enditem|p2a: Flutter Mane|Booster Energy\n|-activate|p2a: Flutter Mane|ability: Protosynthesis|[fromitem]\n|-start|p2a: Flutter Mane|protosynthesisspe\n|turn|4\n|\n|t:|1682879764\n|move|p2a: Flutter Mane|Protect|p2a: Flutter Mane\n|-singleturn|p2a: Flutter Mane|Protect\n|move|p1b: Iron Bundle|Icy Wind|p2a: Flutter Mane|[spread] p2b\n|-activate|p2a: Flutter Mane|move: Protect\n|-resisted|p2b: Dondozo\n|-damage|p2b: Dondozo|23\/100\n|-unboost|p2b: Dondozo|spe|1\n|move|p1a: Flutter Mane|Moonblast|p2b: Dondozo\n|-damage|p2b: Dondozo|0 fnt\n|faint|p2b: Dondozo\n|\n|-damage|p1a: Flutter Mane|41\/100 tox|[from] psn\n|upkeep\n|\n|t:|1682879775\n|switch|p2b: Dragonite|Dragonite, L50, F|100\/100\n|turn|5\n|\n|t:|1682879787\n|-terastallize|p2b: Dragonite|Normal\n|move|p2b: Dragonite|Extreme Speed|p1b: Iron Bundle\n|-damage|p1b: Iron Bundle|33\/100\n|move|p2a: Flutter Mane|Hex|p1a: Flutter Mane\n|-supereffective|p1a: Flutter Mane\n|-damage|p1a: Flutter Mane|0 fnt\n|faint|p1a: Flutter Mane\n|-end|p1a: Flutter Mane|Protosynthesis|[silent]\n|move|p1b: Iron Bundle|Icy Wind|p2b: Dragonite|[spread] p2b\n|-miss|p1b: Iron Bundle|p2a: Flutter Mane\n|-damage|p2b: Dragonite|91\/100\n|-unboost|p2b: Dragonite|spe|1\n|\n|upkeep\n|\n|t:|1682879801\n|switch|p1a: Chi-Yu|Chi-Yu, L50|100\/100\n|-ability|p1a: Chi-Yu|Beads of Ruin\n|turn|6\n|\n|t:|1682879811\n|-terastallize|p1a: Chi-Yu|Fire\n|move|p2b: Dragonite|Extreme Speed|p1b: Iron Bundle\n|-damage|p1b: Iron Bundle|0 fnt\n|faint|p1b: Iron Bundle\n|-end|p1b: Iron Bundle|Quark Drive|[silent]\n|move|p2a: Flutter Mane|Moonblast|p1a: Chi-Yu\n|-resisted|p1a: Chi-Yu\n|-damage|p1a: Chi-Yu|71\/100\n|move|p1a: Chi-Yu|Heat Wave|p2b: Dragonite|[spread] p2a,p2b\n|-damage|p2a: Flutter Mane|32\/100\n|-damage|p2b: Dragonite|28\/100\n|\n|upkeep\n|\n|t:|1682879822\n|switch|p1b: Amoonguss|Amoonguss, L50, F|100\/100\n|turn|7\n|\n|t:|1682879832\n|move|p2a: Flutter Mane|Protect|p2a: Flutter Mane\n|-singleturn|p2a: Flutter Mane|Protect\n|move|p2b: Dragonite|Extreme Speed|p1a: Chi-Yu\n|-damage|p1a: Chi-Yu|0 fnt\n|faint|p1a: Chi-Yu\n|move|p1b: Amoonguss|Rage Powder|p1b: Amoonguss\n|-singleturn|p1b: Amoonguss|move: Rage Powder\n|\n|upkeep\n|turn|8\n|inactive|Battle timer is ON: inactive players will automatically lose when time's up. (requested by Kirozvizo)\n|\n|t:|1682879852\n|move|p2a: Flutter Mane|Substitute|p2a: Flutter Mane\n|-start|p2a: Flutter Mane|Substitute\n|-damage|p2a: Flutter Mane|7\/100\n|move|p2b: Dragonite|Aerial Ace|p1b: Amoonguss\n|-supereffective|p1b: Amoonguss\n|-crit|p1b: Amoonguss\n|-damage|p1b: Amoonguss|0 fnt\n|faint|p1b: Amoonguss\n|\n|win|Kirozvizo\n|raw|YourManDan's rating: 1098 → 1067<\/strong> (-31 for losing)\n|raw|Kirozvizo's rating: 1000 → 1051<\/strong> (+51 for winning)\n|l|\u2606YourManDan\n","uploadtime":1682879861,"views":4,"p1id":"yourmandan","p2id":"kirozvizo","formatid":"gen9vgc2023regulationc","rating":1051,"private":0,"password":""}