{"id":"gen9vgc2023regulationc-1857152304","p1":"bravadomercenary","p2":"SGR7","format":"[Gen 9] VGC 2023 Regulation C","log":"|j|\u2606bravadomercenary\n|j|\u2606SGR7\n|t:|1683151356\n|gametype|doubles\n|player|p1|bravadomercenary|102|1055\n|player|p2|SGR7|169|1000\n|teamsize|p1|6\n|teamsize|p2|6\n|gen|9\n|tier|[Gen 9] VGC 2023 Regulation C\n|rated|\n|rule|Species Clause: Limit one of each Pok\u00e9mon\n|rule|Item Clause: Limit one of each item\n|clearpoke\n|poke|p1|Armarouge, L50, M|\n|poke|p1|Indeedee-F, L50, F|\n|poke|p1|Annihilape, L50, M|\n|poke|p1|Maushold, L50|\n|poke|p1|Palafin, L50, M|\n|poke|p1|Flutter Mane, L50|\n|poke|p2|Coalossal, L50, F|\n|poke|p2|Palafin, L50, M|\n|poke|p2|Meowscarada, L50, F|\n|poke|p2|Maushold, L50|\n|poke|p2|Cetitan, L50, M|\n|poke|p2|Drifblim, L50, M|\n|teampreview|4\n|inactive|Battle timer is ON: inactive players will automatically lose when time's up. (requested by bravadomercenary)\n|inactive|bravadomercenary has 60 seconds left.\n|inactive|SGR7 has 60 seconds left.\nSGR7 rejected open team sheets.\n|\n|t:|1683151413\n|start\n|switch|p1a: Indeedee|Indeedee-F, L50, F, shiny|100\/100\n|switch|p1b: Armarouge|Armarouge, L50, M, shiny|100\/100\n|switch|p2a: Coalossal|Coalossal, L50, F|100\/100\n|switch|p2b: Palafin|Palafin, L50, M|100\/100\n|-fieldstart|move: Psychic Terrain|[from] ability: Psychic Surge|[of] p1a: Indeedee\n|turn|1\n|\n|t:|1683151433\n|-terastallize|p1b: Armarouge|Grass\n|move|p1a: Indeedee|Follow Me|p1a: Indeedee\n|-singleturn|p1a: Indeedee|move: Follow Me\n|move|p2b: Palafin|Flip Turn|p1a: Indeedee\n|-damage|p1a: Indeedee|84\/100\n|\n|t:|1683151440\n|detailschange|p2b: Palafin|Palafin-Hero, L50, M\n|switch|p2b: Drifblim|Drifblim, L50, M|100\/100|[from] Flip Turn\n|move|p1b: Armarouge|Expanding Force|p2b: Drifblim|[spread] p2a,p2b\n|-damage|p2a: Coalossal|40\/100\n|-damage|p2b: Drifblim|32\/100\n|-damage|p1b: Armarouge|91\/100|[from] item: Life Orb\n|move|p2a: Coalossal|Earthquake|p1a: Indeedee|[spread] p1a,p1b\n|-immune|p2b: Drifblim\n|-resisted|p1b: Armarouge\n|-damage|p1a: Indeedee|67\/100\n|-damage|p1b: Armarouge|82\/100\n|\n|-status|p2b: Drifblim|brn|[from] item: Flame Orb\n|upkeep\n|turn|2\n|inactive|bravadomercenary has 30 seconds left.\n|inactive|SGR7 has 30 seconds left.\n|inactive|bravadomercenary has 20 seconds left.\n|inactive|SGR7 has 20 seconds left.\n|inactive|bravadomercenary has 15 seconds left.\n|\n|t:|1683151482\n|switch|p2b: Meowscarada|Meowscarada, L50, F|100\/100\n|move|p1a: Indeedee|Helping Hand|p1b: Armarouge\n|-singleturn|p1b: Armarouge|Helping Hand|[of] p1a: Indeedee\n|move|p1b: Armarouge|Expanding Force|p2a: Coalossal|[spread] p2a\n|-immune|p2b: Meowscarada\n|-crit|p2a: Coalossal\n|-damage|p2a: Coalossal|0 fnt\n|faint|p2a: Coalossal\n|-damage|p1b: Armarouge|73\/100|[from] item: Life Orb\n|\n|upkeep\n|\n|t:|1683151494\n|switch|p2a: Palafin|Palafin-Hero, L50, M|100\/100\n|-activate|p2a: Palafin|ability: Zero to Hero\n|turn|3\n|\n|t:|1683151508\n|move|p1a: Indeedee|Follow Me|p1a: Indeedee\n|-singleturn|p1a: Indeedee|move: Follow Me\n|move|p2a: Palafin|Jet Punch|p1a: Indeedee\n|-activate|p1a: Indeedee|move: Psychic Terrain\n|move|p2b: Meowscarada|Acrobatics|p1a: Indeedee\n|-start|p2b: Meowscarada|typechange|Flying|[from] ability: Protean\n|-damage|p1a: Indeedee|14\/100\n|move|p1b: Armarouge|Armor Cannon|p2b: Meowscarada\n|-damage|p2b: Meowscarada|0 fnt\n|-unboost|p1b: Armarouge|def|1\n|-unboost|p1b: Armarouge|spd|1\n|faint|p2b: Meowscarada\n|-damage|p1b: Armarouge|63\/100|[from] item: Life Orb\n|\n|upkeep\n|inactive|SGR7 has 30 seconds left.\n|\n|t:|1683151538\n|switch|p2b: Drifblim|Drifblim, L50, M|32\/100 brn\n|turn|4\n|\n|t:|1683151557\n|move|p1a: Indeedee|Follow Me|p1a: Indeedee\n|-singleturn|p1a: Indeedee|move: Follow Me\n|move|p2a: Palafin|Flip Turn|p1a: Indeedee\n|-damage|p1a: Indeedee|0 fnt\n|faint|p1a: Indeedee\n|move|p2b: Drifblim|Will-O-Wisp|p1b: Armarouge\n|-start|p1b: Armarouge|ability: Flash Fire\n|move|p1b: Armarouge|Energy Ball|p2a: Palafin\n|-supereffective|p2a: Palafin\n|-crit|p2a: Palafin\n|-damage|p2a: Palafin|0 fnt\n|faint|p2a: Palafin\n|-damage|p1b: Armarouge|53\/100|[from] item: Life Orb\n|\n|-damage|p2b: Drifblim|26\/100 brn|[from] brn\n|upkeep\n|\n|t:|1683151563\n|switch|p1a: Flutter Mane|Flutter Mane, L50|100\/100\n|turn|5\n|\n|t:|1683151579\n|move|p1a: Flutter Mane|Shadow Ball|p2b: Drifblim\n|-supereffective|p2b: Drifblim\n|-damage|p2b: Drifblim|0 fnt\n|faint|p2b: Drifblim\n|\n|win|bravadomercenary\n|raw|bravadomercenary's rating: 1055 → 1082<\/strong> (+27 for winning)\n|raw|SGR7's rating: 1000 → 1000<\/strong> (+0 for losing)\n","uploadtime":1683151586,"views":4,"p1id":"bravadomercenary","p2id":"sgr7","formatid":"gen9vgc2023regulationc","rating":1000,"private":0,"password":""}