{"id":"gen9vgc2023regulationc-1863220867","p1":"Godofredo Davis","p2":"Icefanngs","format":"[Gen 9] VGC 2023 Regulation C","log":"|j|\u2606Godofredo Davis\n|j|\u2606Icefanngs\n|t:|1683990105\n|gametype|doubles\n|player|p1|Godofredo Davis|lucas|1104\n|player|p2|Icefanngs|2|1090\n|teamsize|p1|6\n|teamsize|p2|6\n|gen|9\n|tier|[Gen 9] VGC 2023 Regulation C\n|rated|\n|rule|Species Clause: Limit one of each Pok\u00e9mon\n|rule|Item Clause: Limit one of each item\n|clearpoke\n|poke|p1|Salamence, L50, M|\n|poke|p1|Iron Bundle, L50|\n|poke|p1|Volcarona, L50, M|\n|poke|p1|Annihilape, L50, F|\n|poke|p1|Clodsire, L50, M|\n|poke|p1|Meowscarada, L50, M|\n|poke|p2|Vaporeon, L50, F|\n|poke|p2|Jolteon, L50, M|\n|poke|p2|Flareon, L50, M|\n|poke|p2|Sylveon, L50, F|\n|poke|p2|Umbreon, L50, M|\n|poke|p2|Espeon, L50, F|\n|teampreview|4\n|inactive|Battle timer is ON: inactive players will automatically lose when time's up. (requested by Godofredo Davis)\n|inactive|Icefanngs has 60 seconds left.\n|inactive|Icefanngs has 30 seconds left.\n|inactive|Icefanngs has 20 seconds left.\n|inactive|Icefanngs has 15 seconds left.\n|\n|t:|1683990211\n|start\n|switch|p1a: Salamence|Salamence, L50, M|100\/100\n|switch|p1b: Aicy|Iron Bundle, L50|100\/100\n|switch|p2a: Umbreon|Umbreon, L50, M|100\/100\n|switch|p2b: Espeon|Espeon, L50, F|100\/100\n|-ability|p1a: Salamence|Intimidate|boost\n|-fail|p2a: Umbreon|unboost|Attack|[from] ability: Inner Focus|[of] p2a: Umbreon\n|-unboost|p2b: Espeon|atk|1\n|-enditem|p1b: Aicy|Booster Energy\n|-activate|p1b: Aicy|ability: Quark Drive|[fromitem]\n|-start|p1b: Aicy|quarkdrivespe\n|turn|1\n|inactive|Godofredo Davis has 30 seconds left.\n|\n|t:|1683990238\n|-terastallize|p1a: Salamence|Fire\n|move|p2b: Espeon|Protect|p2b: Espeon\n|-singleturn|p2b: Espeon|Protect\n|move|p1b: Aicy|Freeze-Dry|p2b: Espeon\n|-activate|p2b: Espeon|move: Protect\n|move|p1a: Salamence|Dragon Dance|p1a: Salamence\n|-boost|p1a: Salamence|atk|1\n|-boost|p1a: Salamence|spe|1\n|move|p2a: Umbreon|Thunder Wave|p1b: Aicy\n|-status|p1b: Aicy|par\n|\n|upkeep\n|turn|2\n|\n|t:|1683990252\n|move|p1a: Salamence|Iron Head|p2a: Umbreon\n|-damage|p2a: Umbreon|74\/100\n|move|p2b: Espeon|Substitute|p2b: Espeon\n|-start|p2b: Espeon|Substitute\n|-damage|p2b: Espeon|76\/100\n|move|p1b: Aicy|Freeze-Dry|p2b: Espeon\n|-end|p2b: Espeon|Substitute\n|move|p2a: Umbreon|Thunder Wave|p1a: Salamence\n|-status|p1a: Salamence|par\n|\n|-heal|p2b: Espeon|82\/100|[from] item: Leftovers\n|upkeep\n|turn|3\n|\n|t:|1683990267\n|move|p2b: Espeon|Substitute|p2b: Espeon\n|-start|p2b: Espeon|Substitute\n|-damage|p2b: Espeon|57\/100\n|move|p1b: Aicy|Freeze-Dry|p2a: Umbreon\n|-damage|p2a: Umbreon|49\/100\n|-enditem|p2a: Umbreon|Sitrus Berry|[eat]\n|-heal|p2a: Umbreon|73\/100|[from] item: Sitrus Berry\n|move|p1a: Salamence|Dragon Claw|p2b: Espeon\n|-end|p2b: Espeon|Substitute\n|move|p2a: Umbreon|Foul Play|p1a: Salamence\n|-crit|p1a: Salamence\n|-damage|p1a: Salamence|0 fnt\n|faint|p1a: Salamence\n|\n|-heal|p2b: Espeon|63\/100|[from] item: Leftovers\n|upkeep\n|inactive|Godofredo Davis has 30 seconds left.\n|\n|t:|1683990300\n|switch|p1a: Mister M|Meowscarada, L50, M|100\/100\n|turn|4\n|\n|t:|1683990313\n|move|p2b: Espeon|Protect|p2b: Espeon\n|-singleturn|p2b: Espeon|Protect\n|move|p1a: Mister M|Flower Trick|p2b: Espeon\n|-start|p1a: Mister M|typechange|Grass|[from] ability: Protean\n|-activate|p2b: Espeon|move: Protect\n|move|p1b: Aicy|Freeze-Dry|p2b: Espeon\n|-activate|p2b: Espeon|move: Protect\n|move|p2a: Umbreon|Thunder Wave|p1a: Mister M\n|-status|p1a: Mister M|par\n|\n|-heal|p2b: Espeon|68\/100|[from] item: Leftovers\n|upkeep\n|turn|5\n|\n|t:|1683990332\n|move|p2b: Espeon|Substitute|p2b: Espeon\n|-start|p2b: Espeon|Substitute\n|-damage|p2b: Espeon|44\/100\n|move|p1b: Aicy|Freeze-Dry|p2b: Espeon\n|-end|p2b: Espeon|Substitute\n|move|p1a: Mister M|Flower Trick|p2b: Espeon\n|-crit|p2b: Espeon\n|-damage|p2b: Espeon|0 fnt\n|faint|p2b: Espeon\n|move|p2a: Umbreon|Foul Play|p1a: Mister M\n|-damage|p1a: Mister M|31\/100 par\n|\n|upkeep\n|inactive|Icefanngs has 30 seconds left.\n|\n|t:|1683990358\n|switch|p2b: Jolteon|Jolteon, L50, M|100\/100\n|turn|6\n|\n|t:|1683990364\n|-terastallize|p2b: Jolteon|Normal\n|move|p2a: Umbreon|Helping Hand|p2b: Jolteon\n|-singleturn|p2b: Jolteon|Helping Hand|[of] p2a: Umbreon\n|move|p2b: Jolteon|Hyper Voice|p1b: Aicy|[spread] p1a,p1b\n|-damage|p1a: Mister M|0 fnt\n|-damage|p1b: Aicy|0 fnt\n|faint|p1a: Mister M\n|faint|p1b: Aicy\n|-end|p1b: Aicy|Quark Drive|[silent]\n|-damage|p2b: Jolteon|90\/100|[from] item: Life Orb\n|\n|upkeep\n|\n|t:|1683990369\n|switch|p1b: Tsunade|Annihilape, L50, F|100\/100\n|turn|7\n|\n|t:|1683990389\n|move|p2b: Jolteon|Volt Switch|p1b: Tsunade\n|-damage|p1b: Tsunade|70\/100\n|-damage|p2b: Jolteon|80\/100|[from] item: Life Orb\n|\n|t:|1683990392\n|switch|p2b: Sylveon|Sylveon, L50, F|100\/100|[from] Volt Switch\n|move|p1b: Tsunade|Bulk Up|p1b: Tsunade\n|-boost|p1b: Tsunade|atk|1\n|-boost|p1b: Tsunade|def|1\n|move|p2a: Umbreon|Thunder Wave|p1b: Tsunade\n|-status|p1b: Tsunade|par\n|\n|-heal|p1b: Tsunade|76\/100 par|[from] item: Leftovers\n|upkeep\n|turn|8\n|\n|t:|1683990412\n|move|p2a: Umbreon|Foul Play|p1b: Tsunade\n|-damage|p1b: Tsunade|37\/100 par\n|move|p2b: Sylveon|Double-Edge|p1b: Tsunade\n|-supereffective|p1b: Tsunade\n|-damage|p1b: Tsunade|0 fnt\n|faint|p1b: Tsunade\n|-damage|p2b: Sylveon|85\/100|[from] Recoil\n|\n|win|Icefanngs\n|raw|Godofredo Davis's rating: 1136 → 1108<\/strong> (-28 for losing)\n|raw|Icefanngs's rating: 1090 → 1120<\/strong> (+30 for winning)\n|c|\u2606Icefanngs|Gg\n|l|\u2606Godofredo Davis\n","uploadtime":1683990430,"views":4,"p1id":"godofredodavis","p2id":"icefanngs","formatid":"gen9vgc2023regulationc","rating":1108,"private":0,"password":""}