{"id":"gen9vgc2023regulationc-1849476166","p1":"keyma","p2":"jchemmy","format":"[Gen 9] VGC 2023 Regulation C","log":"|j|\u2606keyma\n|j|\u2606jchemmy\n|t:|1682202910\n|gametype|doubles\n|player|p1|keyma|ethan|1268\n|player|p2|jchemmy|brock|1293\n|teamsize|p1|6\n|teamsize|p2|6\n|gen|9\n|tier|[Gen 9] VGC 2023 Regulation C\n|rated|\n|rule|Species Clause: Limit one of each Pok\u00e9mon\n|rule|Item Clause: Limit one of each item\n|clearpoke\n|poke|p1|Garganacl, L50, M|\n|poke|p1|Amoonguss, L50, M|\n|poke|p1|Ting-Lu, L50|\n|poke|p1|Arcanine, L50, F|\n|poke|p1|Roaring Moon, L50|\n|poke|p1|Iron Bundle, L50|\n|poke|p2|Arcanine, L50, M|\n|poke|p2|Palafin, L50, F|\n|poke|p2|Flutter Mane, L50|\n|poke|p2|Ting-Lu, L50|\n|poke|p2|Amoonguss, L50, M|\n|poke|p2|Baxcalibur, L50, F|\n|teampreview|4\n|inactive|Battle timer is ON: inactive players will automatically lose when time's up. (requested by jchemmy)\n|j| QtPolpetta\njchemmy has agreed to open team sheets.\n|inactive|keyma has 60 seconds left.\n|inactive|jchemmy has 60 seconds left.\n|\n|t:|1682202973\n|start\n|switch|p1a: Garganacl|Garganacl, L50, M|100\/100\n|switch|p1b: Arcanine|Arcanine, L50, F|100\/100\n|switch|p2a: Palafin|Palafin, L50, F|100\/100\n|switch|p2b: Baxcalibur|Baxcalibur, L50, F|100\/100\n|-ability|p1b: Arcanine|Intimidate|boost\n|-unboost|p2a: Palafin|atk|1\n|-fail|p2b: Baxcalibur|unboost|[from] item: Clear Amulet|[of] p2b: Baxcalibur\n|turn|1\n|inactive|keyma has 30 seconds left.\n|inactive|keyma has 20 seconds left.\n|inactive|keyma has 15 seconds left.\n|inactive|keyma has 10 seconds left.\n|\n|t:|1682203018\n|detailschange|p2a: Palafin|Palafin-Hero, L50, F\n|switch|p2a: Arcanine|Arcanine, L50, M|100\/100\n|-ability|p2a: Arcanine|Intimidate|boost\n|-unboost|p1a: Garganacl|atk|1\n|-unboost|p1b: Arcanine|atk|1\n|-terastallize|p1a: Garganacl|Ghost\n|move|p1b: Arcanine|Will-O-Wisp|p2b: Baxcalibur\n|-immune|p2b: Baxcalibur|[from] ability: Thermal Exchange\n|move|p2b: Baxcalibur|Glaive Rush|p1b: Arcanine\n|-damage|p1b: Arcanine|34\/100\n|-singlemove|p2b: Baxcalibur|Glaive Rush|[silent]\n|move|p1a: Garganacl|Salt Cure|p2a: Arcanine\n|-supereffective|p2a: Arcanine\n|-damage|p2a: Arcanine|81\/100\n|-start|p2a: Arcanine|Salt Cure\n|\n|-damage|p2a: Arcanine|69\/100|[from] Salt Cure\n|upkeep\n|turn|2\n|inactive|keyma has 30 seconds left.\n|\n|t:|1682203052\n|switch|p2a: Flutter Mane|Flutter Mane, L50|100\/100\n|move|p1b: Arcanine|Protect|p1b: Arcanine\n|-singleturn|p1b: Arcanine|Protect\n|move|p2b: Baxcalibur|Protect|p2b: Baxcalibur\n|-singleturn|p2b: Baxcalibur|Protect\n|move|p1a: Garganacl|Salt Cure|p2b: Baxcalibur\n|-activate|p2b: Baxcalibur|move: Protect\n|\n|upkeep\n|turn|3\n|inactive|keyma has 30 seconds left.\n|\n|t:|1682203080\n|move|p1a: Garganacl|Protect|p1a: Garganacl\n|-singleturn|p1a: Garganacl|Protect\n|move|p1b: Arcanine|Extreme Speed|p2a: Flutter Mane\n|-immune|p2a: Flutter Mane\n|move|p2a: Flutter Mane|Shadow Ball|p1a: Garganacl\n|-activate|p1a: Garganacl|move: Protect\n|move|p2b: Baxcalibur|Glaive Rush|p1a: Garganacl\n|-activate|p1a: Garganacl|move: Protect\n|\n|upkeep\n|turn|4\n|inactive|keyma has 30 seconds left.\n|inactive|keyma has 20 seconds left.\n|inactive|keyma has 15 seconds left.\n|inactive|keyma has 10 seconds left.\n|\n|t:|1682203129\n|move|p2a: Flutter Mane|Shadow Ball|p1a: Garganacl\n|-supereffective|p1a: Garganacl\n|-damage|p1a: Garganacl|62\/100\n|move|p1b: Arcanine|Flare Blitz|p2a: Flutter Mane\n|-damage|p2a: Flutter Mane|49\/100\n|-damage|p1b: Arcanine|22\/100|[from] Recoil\n|-enditem|p1b: Arcanine|Iapapa Berry|[eat]\n|-heal|p1b: Arcanine|55\/100|[from] item: Iapapa Berry\n|move|p2b: Baxcalibur|Glaive Rush|p1b: Arcanine\n|-damage|p1b: Arcanine|0 fnt\n|-singlemove|p2b: Baxcalibur|Glaive Rush|[silent]\n|faint|p1b: Arcanine\n|move|p1a: Garganacl|Salt Cure|p2a: Flutter Mane\n|-damage|p2a: Flutter Mane|35\/100\n|-start|p2a: Flutter Mane|Salt Cure\n|\n|-heal|p1a: Garganacl|68\/100|[from] item: Leftovers\n|-damage|p2a: Flutter Mane|23\/100|[from] Salt Cure\n|upkeep\n|\n|t:|1682203154\n|switch|p1b: Amoonguss|Amoonguss, L50, M|100\/100\n|turn|5\n|\n|t:|1682203175\n|-end|p2a: Flutter Mane|Protosynthesis|[silent]\n|switch|p2a: Arcanine|Arcanine, L50, M|69\/100\n|-ability|p2a: Arcanine|Intimidate|boost\n|-unboost|p1a: Garganacl|atk|1\n|-unboost|p1b: Amoonguss|atk|1\n|move|p2b: Baxcalibur|Protect|p2b: Baxcalibur\n|-singleturn|p2b: Baxcalibur|Protect\n|move|p1a: Garganacl|Salt Cure|p2b: Baxcalibur\n|-activate|p2b: Baxcalibur|move: Protect\n|move|p1b: Amoonguss|Spore|p2a: Arcanine\n|-activate|p2a: Arcanine|item: Safety Goggles|Spore\n|\n|-heal|p1a: Garganacl|73\/100|[from] item: Leftovers\n|upkeep\n|turn|6\n|\n|t:|1682203198\n|move|p1b: Amoonguss|Protect|p1b: Amoonguss\n|-singleturn|p1b: Amoonguss|Protect\n|move|p2a: Arcanine|Flare Blitz|p1b: Amoonguss\n|-activate|p1b: Amoonguss|move: Protect\n|move|p2b: Baxcalibur|Icicle Crash|p1b: Amoonguss\n|-activate|p1b: Amoonguss|move: Protect\n|move|p1a: Garganacl|Salt Cure|p2a: Arcanine\n|-supereffective|p2a: Arcanine\n|-damage|p2a: Arcanine|52\/100\n|-start|p2a: Arcanine|Salt Cure\n|\n|-heal|p1a: Garganacl|79\/100|[from] item: Leftovers\n|-damage|p2a: Arcanine|40\/100|[from] Salt Cure\n|upkeep\n|turn|7\n|inactive|keyma has 30 seconds left.\n|\n|t:|1682203229\n|move|p2a: Arcanine|Flare Blitz|p1b: Amoonguss\n|-supereffective|p1b: Amoonguss\n|-damage|p1b: Amoonguss|24\/100\n|-enditem|p1b: Amoonguss|Sitrus Berry|[eat]\n|-heal|p1b: Amoonguss|48\/100|[from] item: Sitrus Berry\n|-damage|p2a: Arcanine|11\/100|[from] Recoil\n|move|p2b: Baxcalibur|Icicle Crash|p1b: Amoonguss\n|-supereffective|p1b: Amoonguss\n|-damage|p1b: Amoonguss|0 fnt\n|faint|p1b: Amoonguss\n|move|p1a: Garganacl|Salt Cure|p2b: Baxcalibur\n|-supereffective|p2b: Baxcalibur\n|-damage|p2b: Baxcalibur|87\/100\n|-start|p2b: Baxcalibur|Salt Cure\n|\n|-heal|p1a: Garganacl|85\/100|[from] item: Leftovers\n|-damage|p2a: Arcanine|0 fnt|[from] Salt Cure\n|faint|p2a: Arcanine\n|-damage|p2b: Baxcalibur|75\/100|[from] Salt Cure\n|upkeep\n|\n|t:|1682203246\n|switch|p2a: Flutter Mane|Flutter Mane, L50|23\/100\n|switch|p1b: Roaring Moon|Roaring Moon, L50|100\/100\n|-enditem|p1b: Roaring Moon|Booster Energy\n|-activate|p1b: Roaring Moon|ability: Protosynthesis|[fromitem]\n|-start|p1b: Roaring Moon|protosynthesisatk\n|turn|8\n|\n|t:|1682203260\n|switch|p2b: Palafin|Palafin-Hero, L50, F|100\/100\n|-activate|p2b: Palafin|ability: Zero to Hero\n|move|p1b: Roaring Moon|Protect|p1b: Roaring Moon\n|-singleturn|p1b: Roaring Moon|Protect\n|move|p2a: Flutter Mane|Dazzling Gleam|p1a: Garganacl|[spread] p1a\n|-activate|p1b: Roaring Moon|move: Protect\n|-damage|p1a: Garganacl|57\/100\n|move|p1a: Garganacl|Salt Cure|p2a: Flutter Mane\n|-damage|p2a: Flutter Mane|12\/100\n|-start|p2a: Flutter Mane|Salt Cure\n|\n|-heal|p1a: Garganacl|63\/100|[from] item: Leftovers\n|-damage|p2a: Flutter Mane|0 fnt|[from] Salt Cure\n|faint|p2a: Flutter Mane\n|-end|p2a: Flutter Mane|Protosynthesis|[silent]\n|upkeep\n|\n|t:|1682203266\n|switch|p2a: Baxcalibur|Baxcalibur, L50, F|75\/100\n|turn|9\n|inactive|keyma has 30 seconds left.\n|inactive|keyma has 20 seconds left.\n|\n|t:|1682203301\n|-terastallize|p2a: Baxcalibur|Water\n|move|p2b: Palafin|Protect|p2b: Palafin\n|-singleturn|p2b: Palafin|Protect\n|move|p1a: Garganacl|Protect|p1a: Garganacl\n|-singleturn|p1a: Garganacl|Protect\n|move|p1b: Roaring Moon|Acrobatics|p2a: Baxcalibur\n|-damage|p2a: Baxcalibur|32\/100\n|move|p2a: Baxcalibur|Icicle Crash|p1b: Roaring Moon\n|-supereffective|p1b: Roaring Moon\n|-damage|p1b: Roaring Moon|4\/100\n|\n|-heal|p1a: Garganacl|69\/100|[from] item: Leftovers\n|upkeep\n|turn|10\n|\n|t:|1682203325\n|move|p1b: Roaring Moon|Protect|p1b: Roaring Moon\n|-singleturn|p1b: Roaring Moon|Protect\n|move|p2a: Baxcalibur|Ice Shard|p1b: Roaring Moon\n|-activate|p1b: Roaring Moon|move: Protect\n|move|p2b: Palafin|Wave Crash|p1a: Garganacl\n|-crit|p1a: Garganacl\n|-damage|p1a: Garganacl|0 fnt\n|faint|p1a: Garganacl\n|-damage|p2b: Palafin|78\/100|[from] Recoil\n|\n|upkeep\n|turn|11\n|c|\u2606keyma|nice crit\n|-message|keyma forfeited.\n|\n|win|jchemmy\n|raw|keyma's rating: 1268 → 1245<\/strong> (-23 for losing)\n|raw|jchemmy's rating: 1293 → 1316<\/strong> (+23 for winning)\n|l|\u2606keyma\n|c|\u2606jchemmy|tx I think I win either way tho\n","uploadtime":1682203359,"views":6,"p1id":"keyma","p2id":"jchemmy","formatid":"gen9vgc2023regulationc","rating":1245,"private":0,"password":""}