{"id":"gen9vgc2023regulationc-1854559259","p1":"XZacLee","p2":"zessozessozesso","format":"[Gen 9] VGC 2023 Regulation C","log":"|j|\u2606XZacLee\n|j|\u2606zessozessozesso\n|t:|1682826926\n|gametype|doubles\n|player|p1|XZacLee|larry|1467\n|player|p2|zessozessozesso|265|1534\n|teamsize|p1|6\n|teamsize|p2|6\n|gen|9\n|tier|[Gen 9] VGC 2023 Regulation C\n|rated|\n|rule|Species Clause: Limit one of each Pok\u00e9mon\n|rule|Item Clause: Limit one of each item\n|clearpoke\n|poke|p1|Gholdengo, L50|\n|poke|p1|Gyarados, L50, M|\n|poke|p1|Great Tusk, L50|\n|poke|p1|Murkrow, L50, F|\n|poke|p1|Flutter Mane, L50|\n|poke|p1|Chi-Yu, L50|\n|poke|p2|Flutter Mane, L50|\n|poke|p2|Ting-Lu, L50|\n|poke|p2|Iron Bundle, L50|\n|poke|p2|Palafin, L50, M|\n|poke|p2|Arcanine, L50, F|\n|poke|p2|Amoonguss, L50, M|\n|teampreview|4\n|inactive|Battle timer is ON: inactive players will automatically lose when time's up. (requested by zessozessozesso)\nXZacLee has agreed to open team sheets.\n|inactive|XZacLee has 60 seconds left.\n|inactive|zessozessozesso has 60 seconds left.\nzessozessozesso has agreed to open team sheets.\n|\n|t:|1682826983\n|start\n|switch|p1a: Chi-Yu|Chi-Yu, L50|100\/100\n|switch|p1b: Murkrow|Murkrow, L50, F|100\/100\n|switch|p2a: Arcanine|Arcanine, L50, F|100\/100\n|switch|p2b: Iron Bundle|Iron Bundle, L50|100\/100\n|-ability|p1a: Chi-Yu|Beads of Ruin\n|-ability|p2a: Arcanine|Intimidate|boost\n|-unboost|p1a: Chi-Yu|atk|1\n|-unboost|p1b: Murkrow|atk|1\n|-enditem|p2b: Iron Bundle|Booster Energy\n|-activate|p2b: Iron Bundle|ability: Quark Drive|[fromitem]\n|-start|p2b: Iron Bundle|quarkdrivespe\n|turn|1\n|j| soso_1410\n|inactive|zessozessozesso has 30 seconds left.\n|\n|t:|1682827012\n|move|p2b: Iron Bundle|Protect|p2b: Iron Bundle\n|-singleturn|p2b: Iron Bundle|Protect\n|move|p1b: Murkrow|Tailwind|p1b: Murkrow\n|-sidestart|p1: XZacLee|move: Tailwind\n|move|p1a: Chi-Yu|Dark Pulse|p2b: Iron Bundle\n|-activate|p2b: Iron Bundle|move: Protect\n|move|p2a: Arcanine|Flare Blitz|p1a: Chi-Yu\n|-resisted|p1a: Chi-Yu\n|-damage|p1a: Chi-Yu|64\/100\n|-damage|p2a: Arcanine|92\/100|[from] Recoil\n|\n|upkeep\n|turn|2\n|inactive|zessozessozesso has 30 seconds left.\n|inactive|zessozessozesso has 20 seconds left.\n|\n|t:|1682827050\n|move|p1a: Chi-Yu|Dark Pulse|p2b: Iron Bundle\n|-damage|p2b: Iron Bundle|0 fnt\n|faint|p2b: Iron Bundle\n|-end|p2b: Iron Bundle|Quark Drive|[silent]\n|-damage|p1a: Chi-Yu|54\/100|[from] item: Life Orb\n|move|p1b: Murkrow|Foul Play|p2a: Arcanine\n|-damage|p2a: Arcanine|56\/100\n|move|p2a: Arcanine|Flare Blitz|p1b: Murkrow\n|-damage|p1b: Murkrow|50\/100\n|-damage|p2a: Arcanine|41\/100|[from] Recoil\n|\n|upkeep\n|\n|t:|1682827054\n|switch|p2b: Amoonguss|Amoonguss, L50, M|100\/100\n|turn|3\n|inactive|zessozessozesso has 30 seconds left.\n|\n|t:|1682827087\n|-terastallize|p2b: Amoonguss|Water\n|move|p1b: Murkrow|Sunny Day|p1b: Murkrow\n|-weather|SunnyDay\n|move|p1a: Chi-Yu|Heat Wave|p2a: Arcanine|[spread] p2a,p2b\n|-resisted|p2a: Arcanine\n|-resisted|p2b: Amoonguss\n|-damage|p2a: Arcanine|0 fnt\n|-damage|p2b: Amoonguss|58\/100\n|faint|p2a: Arcanine\n|-damage|p1a: Chi-Yu|44\/100|[from] item: Life Orb\n|move|p2b: Amoonguss|Pollen Puff|p2: Arcanine|[notarget]\n|-fail|p2b: Amoonguss\n|\n|-weather|SunnyDay|[upkeep]\n|upkeep\n|\n|t:|1682827094\n|switch|p2a: Flutter Mane|Flutter Mane, L50|100\/100\n|-activate|p2a: Flutter Mane|ability: Protosynthesis\n|-start|p2a: Flutter Mane|protosynthesisspa\n|turn|4\n|\n|t:|1682827110\n|move|p2b: Amoonguss|Protect|p2b: Amoonguss\n|-singleturn|p2b: Amoonguss|Protect\n|move|p1a: Chi-Yu|Heat Wave|p2a: Flutter Mane|[spread] p2a\n|-activate|p2b: Amoonguss|move: Protect\n|-damage|p2a: Flutter Mane|0 fnt\n|faint|p2a: Flutter Mane\n|-end|p2a: Flutter Mane|Protosynthesis|[silent]\n|-damage|p1a: Chi-Yu|34\/100|[from] item: Life Orb\n|move|p1b: Murkrow|Foul Play|p2b: Amoonguss\n|-activate|p2b: Amoonguss|move: Protect\n|\n|-weather|SunnyDay|[upkeep]\n|-sideend|p1: XZacLee|move: Tailwind\n|upkeep\n|turn|5\n|-message|zessozessozesso forfeited.\n|\n|win|XZacLee\n|raw|XZacLee's rating: 1467 → 1491<\/strong> (+24 for winning)\n|raw|zessozessozesso's rating: 1534 → 1510<\/strong> (-24 for losing)\n|l|\u2606zessozessozesso\n","uploadtime":1682827123,"views":12,"p1id":"xzaclee","p2id":"zessozessozesso","formatid":"gen9vgc2023regulationc","rating":1491,"private":0,"password":""}