{"id":"gen9vgc2023regulationc-1849732400","p1":"Pokebet","p2":"Tas87","format":"[Gen 9] VGC 2023 Regulation C","log":"|j|\u2606Pokebet\n|j|\u2606Tas87\n|t:|1682241519\n|gametype|doubles\n|player|p1|Pokebet|2|1264\n|player|p2|Tas87|170|1216\n|teamsize|p1|6\n|teamsize|p2|6\n|gen|9\n|tier|[Gen 9] VGC 2023 Regulation C\n|rated|\n|rule|Species Clause: Limit one of each Pok\u00e9mon\n|rule|Item Clause: Limit one of each item\n|clearpoke\n|poke|p1|Iron Hands, L50|\n|poke|p1|Flutter Mane, L50|\n|poke|p1|Amoonguss, L50, M|\n|poke|p1|Arcanine, L50, F|\n|poke|p1|Palafin, L50, F|\n|poke|p1|Garganacl, L50, F|\n|poke|p2|Kilowattrel, L50, M|\n|poke|p2|Garchomp, L50, F|\n|poke|p2|Tyranitar, L50, M|\n|poke|p2|Medicham, L50, F|\n|poke|p2|Orthworm, L50, F|\n|poke|p2|Chien-Pao, L50|\n|teampreview|4\n|inactive|Battle timer is ON: inactive players will automatically lose when time's up. (requested by Tas87)\nPokebet has agreed to open team sheets.\n|inactive|Pokebet has 60 seconds left.\n|\n|t:|1682241584\n|start\n|switch|p1a: Palafin|Palafin, L50, F|100\/100\n|switch|p1b: Flutter Mane|Flutter Mane, L50|100\/100\n|switch|p2a: Garchomp|Garchomp, L50, F|100\/100\n|switch|p2b: Kilowattrel|Kilowattrel, L50, M|100\/100\n|turn|1\n|inactive|Pokebet has 30 seconds left.\n|inactive|Tas87 has 30 seconds left.\n|\n|t:|1682241613\n|detailschange|p1a: Palafin|Palafin-Hero, L50, F\n|switch|p1a: Iron Hands|Iron Hands, L50|100\/100\n|move|p1b: Flutter Mane|Dazzling Gleam|p2b: Kilowattrel|[spread] p2a,p2b\n|-supereffective|p2a: Garchomp\n|-damage|p2a: Garchomp|6\/100\n|-damage|p2b: Kilowattrel|22\/100\n|-damage|p1b: Flutter Mane|91\/100|[from] item: Life Orb\n|move|p2b: Kilowattrel|Tailwind|p2b: Kilowattrel\n|-sidestart|p2: Tas87|move: Tailwind\n|move|p2a: Garchomp|Earthquake|p1b: Flutter Mane|[spread] p1a,p1b\n|-immune|p2b: Kilowattrel\n|-supereffective|p1a: Iron Hands\n|-damage|p1a: Iron Hands|51\/100\n|-damage|p1b: Flutter Mane|11\/100\n|\n|upkeep\n|turn|2\n|inactive|Pokebet has 30 seconds left.\n|inactive|Pokebet has 20 seconds left.\n|inactive|Pokebet has 15 seconds left.\n|\n|t:|1682241655\n|-end|p1b: Flutter Mane|Protosynthesis|[silent]\n|switch|p1b: Palafin|Palafin-Hero, L50, F|100\/100\n|-activate|p1b: Palafin|ability: Zero to Hero\n|-terastallize|p1a: Iron Hands|Grass\n|move|p2a: Garchomp|Protect|p2a: Garchomp\n|-singleturn|p2a: Garchomp|Protect\n|move|p1a: Iron Hands|Fake Out|p2b: Kilowattrel\n|-damage|p2b: Kilowattrel|0 fnt\n|faint|p2b: Kilowattrel\n|\n|upkeep\n|\n|t:|1682241667\n|switch|p2b: Tyranitar|Tyranitar, L50, M|100\/100\n|-weather|Sandstorm|[from] ability: Sand Stream|[of] p2b: Tyranitar\n|turn|3\n|\n|t:|1682241690\n|switch|p2a: Orthworm|Orthworm, L50, F, shiny|100\/100\n|-terastallize|p2b: Tyranitar|Flying\n|move|p1b: Palafin|Protect|p1b: Palafin\n|-singleturn|p1b: Palafin|Protect\n|move|p2b: Tyranitar|Rock Slide|p1b: Palafin|[spread] p1a\n|-activate|p1b: Palafin|move: Protect\n|-damage|p1a: Iron Hands|32\/100\n|cant|p1a: Iron Hands|flinch\n|\n|-weather|Sandstorm|[upkeep]\n|-damage|p2b: Tyranitar|95\/100|[from] Sandstorm\n|-damage|p1b: Palafin|95\/100|[from] Sandstorm\n|-damage|p1a: Iron Hands|26\/100|[from] Sandstorm\n|upkeep\n|turn|4\n|inactive|Pokebet has 30 seconds left.\n|inactive|Pokebet has 20 seconds left.\n|\n|t:|1682241728\n|-end|p1a: Iron Hands|Quark Drive|[silent]\n|switch|p1a: Amoonguss|Amoonguss, L50, M|100\/100\n|move|p2a: Orthworm|Shed Tail|p2a: Orthworm\n|-start|p2a: Orthworm|Substitute|[from] move: Shed Tail\n|-damage|p2a: Orthworm|50\/100\n|-enditem|p2a: Orthworm|Sitrus Berry|[eat]\n|-heal|p2a: Orthworm|75\/100|[from] item: Sitrus Berry\n|\n|t:|1682241738\n|switch|p2a: Garchomp|Garchomp, L50, F|6\/100|[from] Shed Tail\n|move|p2b: Tyranitar|Rock Slide|p1a: Amoonguss|[spread] p1b\n|-miss|p2b: Tyranitar|p1a: Amoonguss\n|-damage|p1b: Palafin|65\/100\n|move|p1b: Palafin|Wave Crash|p2a: Garchomp|[miss]\n|-miss|p1b: Palafin|p2a: Garchomp\n|\n|-weather|Sandstorm|[upkeep]\n|-damage|p2b: Tyranitar|89\/100|[from] Sandstorm\n|-damage|p1b: Palafin|60\/100|[from] Sandstorm\n|-damage|p1a: Amoonguss|95\/100|[from] Sandstorm\n|-sideend|p2: Tas87|move: Tailwind\n|upkeep\n|turn|5\n|inactive|Pokebet has 30 seconds left.\n|inactive|Pokebet has 20 seconds left.\n|\n|t:|1682241777\n|move|p1a: Amoonguss|Protect|p1a: Amoonguss\n|-singleturn|p1a: Amoonguss|Protect\n|move|p2a: Garchomp|Earthquake|p1a: Amoonguss|[spread] p1b\n|-activate|p1a: Amoonguss|move: Protect\n|-immune|p2b: Tyranitar\n|-damage|p1b: Palafin|29\/100\n|move|p1b: Palafin|Wave Crash|p2a: Garchomp|[miss]\n|-miss|p1b: Palafin|p2a: Garchomp\n|move|p2b: Tyranitar|Tera Blast|p1a: Amoonguss\n|-activate|p1a: Amoonguss|move: Protect\n|\n|-weather|Sandstorm|[upkeep]\n|-damage|p1b: Palafin|23\/100|[from] Sandstorm\n|-damage|p2b: Tyranitar|83\/100|[from] Sandstorm\n|-damage|p1a: Amoonguss|89\/100|[from] Sandstorm\n|upkeep\n|turn|6\n|inactive|Pokebet has 30 seconds left.\n|inactive|Pokebet has 20 seconds left.\n|inactive|Pokebet has 15 seconds left.\n|\n|t:|1682241819\n|move|p1b: Palafin|Protect|p1b: Palafin\n|-singleturn|p1b: Palafin|Protect\n|move|p2a: Garchomp|Earthquake|p1a: Amoonguss|[spread] p1a\n|-activate|p1b: Palafin|move: Protect\n|-immune|p2b: Tyranitar\n|-damage|p1a: Amoonguss|57\/100\n|move|p2b: Tyranitar|Tera Blast|p1a: Amoonguss\n|-supereffective|p1a: Amoonguss\n|-damage|p1a: Amoonguss|0 fnt\n|faint|p1a: Amoonguss\n|\n|-weather|Sandstorm|[upkeep]\n|-damage|p1b: Palafin|17\/100|[from] Sandstorm\n|-damage|p2b: Tyranitar|77\/100|[from] Sandstorm\n|upkeep\n|\n|t:|1682241844\n|switch|p1a: Iron Hands|Iron Hands, L50, tera:Grass|26\/100\n|turn|7\n|inactive|Pokebet has 30 seconds left.\n|inactive|Pokebet has 20 seconds left.\n|inactive|Pokebet has 15 seconds left.\n|\n|t:|1682241887\n|switch|p2b: Orthworm|Orthworm, L50, F, shiny|75\/100\n|move|p1a: Iron Hands|Fake Out|p2b: Orthworm\n|-resisted|p2b: Orthworm\n|-damage|p2b: Orthworm|71\/100\n|move|p1b: Palafin|Jet Punch|p2a: Garchomp\n|-end|p2a: Garchomp|Substitute\n|move|p2a: Garchomp|Earthquake|p1b: Palafin|[spread] p1a,p1b\n|-heal|p2b: Orthworm|95\/100|[from] ability: Earth Eater|[of] p2a: Garchomp\n|-resisted|p1a: Iron Hands\n|-crit|p1a: Iron Hands\n|-damage|p1a: Iron Hands|9\/100\n|-damage|p1b: Palafin|0 fnt\n|faint|p1b: Palafin\n|\n|-weather|none\n|upkeep\n|\n|t:|1682241907\n|switch|p1b: Flutter Mane|Flutter Mane, L50|11\/100\n|turn|8\n|\n|t:|1682241927\n|move|p1b: Flutter Mane|Dazzling Gleam|p2b: Orthworm|[spread] p2a,p2b\n|-supereffective|p2a: Garchomp\n|-resisted|p2b: Orthworm\n|-damage|p2a: Garchomp|0 fnt\n|-damage|p2b: Orthworm|65\/100\n|faint|p2a: Garchomp\n|-damage|p1b: Flutter Mane|1\/100|[from] item: Life Orb\n|move|p2b: Orthworm|Heavy Slam|p1b: Flutter Mane\n|-supereffective|p1b: Flutter Mane\n|-damage|p1b: Flutter Mane|0 fnt\n|faint|p1b: Flutter Mane\n|-end|p1b: Flutter Mane|Protosynthesis|[silent]\n|move|p1a: Iron Hands|Drain Punch|p2b: Orthworm\n|-supereffective|p2b: Orthworm\n|-damage|p2b: Orthworm|15\/100\n|-heal|p1a: Iron Hands|26\/100|[from] drain|[of] p2b: Orthworm\n|\n|upkeep\n|\n|t:|1682241936\n|switch|p2a: Tyranitar|Tyranitar, L50, M, tera:Flying|77\/100\n|-weather|Sandstorm|[from] ability: Sand Stream|[of] p2a: Tyranitar\n|turn|9\n|\n|t:|1682241952\n|move|p2b: Orthworm|Body Press|p1a: Iron Hands\n|-damage|p1a: Iron Hands|5\/100\n|move|p2a: Tyranitar|Tera Blast|p1a: Iron Hands\n|-supereffective|p1a: Iron Hands\n|-damage|p1a: Iron Hands|0 fnt\n|faint|p1a: Iron Hands\n|-end|p1a: Iron Hands|Quark Drive|[silent]\n|\n|win|Tas87\n|raw|Pokebet's rating: 1264 → 1236<\/strong> (-28 for losing)\n|raw|Tas87's rating: 1216 → 1244<\/strong> (+28 for winning)\n|l|\u2606Tas87\n","uploadtime":1682241973,"views":14,"p1id":"pokebet","p2id":"tas87","formatid":"gen9vgc2023regulationc","rating":1236,"private":0,"password":""}