{"id":"gen9vgc2023regulationc-1862780357","p1":"Shiny ZYGARDE COME","p2":"RelcityYT","format":"[Gen 9] VGC 2023 Regulation C","log":"|j|\u2606Shiny ZYGARDE COME\n|j|\u2606RelcityYT\n|t:|1683921178\n|gametype|doubles\n|player|p1|Shiny ZYGARDE COME|170|1069\n|player|p2|RelcityYT|266|1000\n|teamsize|p1|6\n|teamsize|p2|6\n|gen|9\n|tier|[Gen 9] VGC 2023 Regulation C\n|rated|\n|rule|Species Clause: Limit one of each Pok\u00e9mon\n|rule|Item Clause: Limit one of each item\n|clearpoke\n|poke|p1|Amoonguss, L50, M|\n|poke|p1|Dragapult, L50, M|\n|poke|p1|Dragonite, L50, M|\n|poke|p1|Chien-Pao, L50|\n|poke|p1|Tatsugiri, L50, F|\n|poke|p1|Dondozo, L50, M|\n|poke|p2|Flutter Mane, L50|\n|poke|p2|Torkoal, L50, F|\n|poke|p2|Bronzong, L50|\n|poke|p2|Indeedee-F, L50, F|\n|poke|p2|Dragonite, L50, F|\n|poke|p2|Hatterene, L50, F|\n|teampreview|4\nShiny ZYGARDE COME rejected open team sheets.\n|\n|t:|1683921206\n|start\n|switch|p1a: Amoonguss|Amoonguss, L50, M|100\/100\n|switch|p1b: Dragonite|Dragonite, L50, M|100\/100\n|switch|p2a: Bronzong|Bronzong, L50|100\/100\n|switch|p2b: Hatterene|Hatterene, L50, F|100\/100\n|turn|1\n|inactive|Battle timer is ON: inactive players will automatically lose when time's up. (requested by Shiny ZYGARDE COME)\n|\n|t:|1683921225\n|move|p2b: Hatterene|Protect|p2b: Hatterene\n|-singleturn|p2b: Hatterene|Protect\n|move|p1b: Dragonite|Dragon Dance|p1b: Dragonite\n|-boost|p1b: Dragonite|atk|1\n|-boost|p1b: Dragonite|spe|1\n|move|p1a: Amoonguss|Spore|p2a: Bronzong\n|-status|p2a: Bronzong|slp|[from] move: Spore\n|cant|p2a: Bronzong|slp\n|\n|upkeep\n|turn|2\n|\n|t:|1683921248\n|move|p1b: Dragonite|Dragon Dance|p1b: Dragonite\n|-boost|p1b: Dragonite|atk|1\n|-boost|p1b: Dragonite|spe|1\n|move|p1a: Amoonguss|Pollen Puff|p1b: Dragonite\n|-immune|p1b: Dragonite\n|move|p2b: Hatterene|Psychic|p1a: Amoonguss\n|-supereffective|p1a: Amoonguss\n|-damage|p1a: Amoonguss|0 fnt\n|faint|p1a: Amoonguss\n|-damage|p2b: Hatterene|91\/100|[from] item: Life Orb\n|cant|p2a: Bronzong|slp\n|\n|upkeep\n|\n|t:|1683921268\n|switch|p1a: Tatsugiri|Tatsugiri, L50, F|100\/100\n|turn|3\n|\n|t:|1683921276\n|move|p1a: Tatsugiri|Endure|p1a: Tatsugiri\n|-singleturn|p1a: Tatsugiri|move: Endure\n|move|p1b: Dragonite|Extreme Speed|p2b: Hatterene\n|-crit|p2b: Hatterene\n|-damage|p2b: Hatterene|0 fnt\n|faint|p2b: Hatterene\n|-curestatus|p2a: Bronzong|slp|[msg]\n|move|p2a: Bronzong|Trick Room|p2a: Bronzong\n|-fieldstart|move: Trick Room|[of] p2a: Bronzong\n|\n|-status|p1a: Tatsugiri|tox|[from] item: Toxic Orb\n|upkeep\n|\n|t:|1683921284\n|switch|p2b: Torkoal|Torkoal, L50, F|100\/100\n|-weather|SunnyDay|[from] ability: Drought|[of] p2b: Torkoal\n|turn|4\n|\n|t:|1683921309\n|switch|p1a: Dondozo|Dondozo, L50, M|100\/100\n|move|p1b: Dragonite|Extreme Speed|p2b: Torkoal\n|-damage|p2b: Torkoal|57\/100\n|move|p2b: Torkoal|Earth Power|p1a: Dondozo\n|-damage|p1a: Dondozo|81\/100\n|move|p2a: Bronzong|Iron Defense|p2a: Bronzong\n|-boost|p2a: Bronzong|def|2\n|\n|-weather|SunnyDay|[upkeep]\n|-heal|p1a: Dondozo|87\/100|[from] item: Leftovers\n|upkeep\n|turn|5\n|\n|t:|1683921332\n|move|p1a: Dondozo|Protect|p1a: Dondozo\n|-singleturn|p1a: Dondozo|Protect\n|move|p2b: Torkoal|Earth Power|p1a: Dondozo\n|-activate|p1a: Dondozo|move: Protect\n|move|p2a: Bronzong|Body Press|p1a: Dondozo\n|-activate|p1a: Dondozo|move: Protect\n|move|p1b: Dragonite|Dragon Claw|p2b: Torkoal\n|-damage|p2b: Torkoal|0 fnt\n|faint|p2b: Torkoal\n|\n|-weather|SunnyDay|[upkeep]\n|-heal|p1a: Dondozo|93\/100|[from] item: Leftovers\n|upkeep\n|\n|t:|1683921337\n|switch|p2b: Flutter Mane|Flutter Mane, L50|100\/100\n|-activate|p2b: Flutter Mane|ability: Protosynthesis\n|-start|p2b: Flutter Mane|protosynthesisspa\n|turn|6\n|\n|t:|1683921358\n|switch|p1b: Tatsugiri|Tatsugiri, L50, F|100\/100 tox\n|-activate|p1b: Tatsugiri|ability: Commander|[of] p1a: Dondozo\n|-boost|p1a: Dondozo|atk|2\n|-boost|p1a: Dondozo|spa|2\n|-boost|p1a: Dondozo|spe|2\n|-boost|p1a: Dondozo|def|2\n|-boost|p1a: Dondozo|spd|2\n|move|p1a: Dondozo|Wave Crash|p2b: Flutter Mane\n|-damage|p2b: Flutter Mane|16\/100\n|-damage|p1a: Dondozo|75\/100|[from] Recoil\n|move|p2b: Flutter Mane|Dazzling Gleam|p1a: Dondozo|[spread] p1a\n|-miss|p2b: Flutter Mane|p1b: Tatsugiri\n|-damage|p1a: Dondozo|50\/100\n|move|p2a: Bronzong|Trick Room|p2a: Bronzong\n|-fieldend|move: Trick Room\n|\n|-weather|SunnyDay|[upkeep]\n|-heal|p1a: Dondozo|56\/100|[from] item: Leftovers\n|-damage|p1b: Tatsugiri|94\/100 tox|[from] psn\n|upkeep\n|turn|7\n|\n|t:|1683921381\n|move|p2b: Flutter Mane|Dazzling Gleam|p1b: Tatsugiri|[spread] p1a\n|-miss|p2b: Flutter Mane|p1b: Tatsugiri\n|-damage|p1a: Dondozo|30\/100\n|move|p1a: Dondozo|Rock Slide|p2a: Bronzong|[spread] p2a,p2b\n|-resisted|p2a: Bronzong\n|-crit|p2a: Bronzong\n|-damage|p2a: Bronzong|78\/100\n|-damage|p2b: Flutter Mane|0 fnt\n|faint|p2b: Flutter Mane\n|-end|p2b: Flutter Mane|Protosynthesis|[silent]\n|cant|p2a: Bronzong|flinch\n|\n|-weather|SunnyDay|[upkeep]\n|-heal|p1a: Dondozo|36\/100|[from] item: Leftovers\n|-damage|p1b: Tatsugiri|82\/100 tox|[from] psn\n|upkeep\n|turn|8\n|\n|t:|1683921401\n|move|p1a: Dondozo|Order Up|p2a: Bronzong\n|-resisted|p2a: Bronzong\n|-damage|p2a: Bronzong|54\/100\n|-boost|p1a: Dondozo|atk|1\n|move|p2a: Bronzong|Trick Room|p2a: Bronzong\n|-fieldstart|move: Trick Room|[of] p2a: Bronzong\n|\n|-weather|SunnyDay|[upkeep]\n|-heal|p1a: Dondozo|43\/100|[from] item: Leftovers\n|-damage|p1b: Tatsugiri|63\/100 tox|[from] psn\n|upkeep\n|turn|9\n|\n|t:|1683921417\n|move|p1a: Dondozo|Protect|p1a: Dondozo\n|-singleturn|p1a: Dondozo|Protect\n|move|p2a: Bronzong|Body Press|p1a: Dondozo\n|-activate|p1a: Dondozo|move: Protect\n|\n|-weather|SunnyDay|[upkeep]\n|-heal|p1a: Dondozo|49\/100|[from] item: Leftovers\n|-damage|p1b: Tatsugiri|38\/100 tox|[from] psn\n|upkeep\n|turn|10\n|\n|t:|1683921426\n|move|p2a: Bronzong|Body Press|p1a: Dondozo\n|-damage|p1a: Dondozo|39\/100\n|move|p1a: Dondozo|Wave Crash|p2a: Bronzong\n|-damage|p2a: Bronzong|0 fnt\n|faint|p2a: Bronzong\n|-damage|p1a: Dondozo|28\/100|[from] Recoil\n|\n|win|Shiny ZYGARDE COME\n|raw|Shiny ZYGARDE COME's rating: 1069 → 1093<\/strong> (+24 for winning)\n|raw|RelcityYT's rating: 1000 → 1000<\/strong> (+0 for losing)\n|c|\u2606RelcityYT|Gg\n|c|\u2606Shiny ZYGARDE COME|gg\n|l|\u2606Shiny ZYGARDE COME\n","uploadtime":1683922297,"views":12,"p1id":"shinyzygardecome","p2id":"relcityyt","formatid":"gen9vgc2023regulationc","rating":1000,"private":0,"password":""}