{"id":"gen9vgc2023regulationc-1855403420","p1":"Seal00","p2":"agopago","format":"[Gen 9] VGC 2023 Regulation C","log":"|j|\u2606Seal00\n|j|\u2606agopago\n|t:|1682948003\n|gametype|doubles\n|player|p1|Seal00|169|1172\n|player|p2|agopago|1|1175\n|teamsize|p1|6\n|teamsize|p2|6\n|gen|9\n|tier|[Gen 9] VGC 2023 Regulation C\n|rated|\n|rule|Species Clause: Limit one of each Pok\u00e9mon\n|rule|Item Clause: Limit one of each item\n|clearpoke\n|poke|p1|Abomasnow, L50, F|\n|poke|p1|Iron Bundle, L50|\n|poke|p1|Baxcalibur, L50, M|\n|poke|p1|Arcanine, L50, F|\n|poke|p1|Amoonguss, L50, M|\n|poke|p1|Flutter Mane, L50|\n|poke|p2|Iron Bundle, L50|\n|poke|p2|Flutter Mane, L50|\n|poke|p2|Abomasnow, L50, M|\n|poke|p2|Annihilape, L50, F|\n|poke|p2|Ting-Lu, L50|\n|poke|p2|Amoonguss, L50, M|\n|teampreview|4\n|\n|t:|1682948024\n|start\n|switch|p1a: Mocio|Abomasnow, L50, F|100\/100\n|switch|p1b: Iron Bundle|Iron Bundle, L50|100\/100\n|switch|p2a: Iron Bundle|Iron Bundle, L50|100\/100\n|switch|p2b: Flutter Mane|Flutter Mane, L50, shiny|100\/100\n|-weather|Snow|[from] ability: Snow Warning|[of] p1a: Mocio\n|-enditem|p2a: Iron Bundle|Booster Energy\n|-activate|p2a: Iron Bundle|ability: Quark Drive|[fromitem]\n|-start|p2a: Iron Bundle|quarkdrivespe\n|-enditem|p1b: Iron Bundle|Booster Energy\n|-activate|p1b: Iron Bundle|ability: Quark Drive|[fromitem]\n|-start|p1b: Iron Bundle|quarkdrivespe\n|turn|1\n|\n|t:|1682948046\n|-terastallize|p2b: Flutter Mane|Fairy\n|move|p1b: Iron Bundle|Aurora Veil|p1b: Iron Bundle\n|-sidestart|p1: Seal00|move: Aurora Veil\n|move|p2a: Iron Bundle|Icy Wind|p1a: Mocio|[spread] p1a,p1b\n|-resisted|p1b: Iron Bundle\n|-damage|p1a: Mocio|90\/100\n|-damage|p1b: Iron Bundle|95\/100\n|-unboost|p1a: Mocio|spe|1\n|-unboost|p1b: Iron Bundle|spe|1\n|move|p2b: Flutter Mane|Dazzling Gleam|p1b: Iron Bundle|[spread] p1a,p1b\n|-crit|p1b: Iron Bundle\n|-damage|p1a: Mocio|53\/100\n|-damage|p1b: Iron Bundle|0 fnt\n|faint|p1b: Iron Bundle\n|-end|p1b: Iron Bundle|Quark Drive|[silent]\n|move|p1a: Mocio|Energy Ball|p2a: Iron Bundle\n|-supereffective|p2a: Iron Bundle\n|-damage|p2a: Iron Bundle|0 fnt\n|faint|p2a: Iron Bundle\n|-end|p2a: Iron Bundle|Quark Drive|[silent]\n|\n|-weather|Snow|[upkeep]\n|upkeep\n|\n|t:|1682948066\n|switch|p1b: Flutter Mane|Flutter Mane, L50|100\/100\n|switch|p2a: Annihilape|Annihilape, L50, F|100\/100\n|turn|2\n|\n|t:|1682948109\n|-terastallize|p1b: Flutter Mane|Fairy\n|move|p2b: Flutter Mane|Dazzling Gleam|p1a: Mocio|[spread] p1a,p1b\n|-damage|p1a: Mocio|21\/100\n|-damage|p1b: Flutter Mane|58\/100\n|move|p1b: Flutter Mane|Dazzling Gleam|p2b: Flutter Mane|[spread] p2a,p2b\n|-supereffective|p2a: Annihilape\n|-damage|p2a: Annihilape|25\/100\n|-damage|p2b: Flutter Mane|35\/100\n|move|p2a: Annihilape|Rage Fist|p1b: Flutter Mane\n|-damage|p1b: Flutter Mane|6\/100\n|move|p1a: Mocio|Blizzard|p2b: Flutter Mane|[spread] p2a,p2b\n|-damage|p2a: Annihilape|8\/100\n|-damage|p2b: Flutter Mane|3\/100\n|\n|-weather|Snow|[upkeep]\n|upkeep\n|turn|3\n|\n|t:|1682948141\n|move|p2b: Flutter Mane|Dazzling Gleam|p1b: Flutter Mane|[spread] p1a,p1b\n|-damage|p1a: Mocio|0 fnt\n|-damage|p1b: Flutter Mane|0 fnt\n|faint|p1a: Mocio\n|faint|p1b: Flutter Mane\n|-end|p1b: Flutter Mane|Protosynthesis|[silent]\n|move|p2a: Annihilape|Rage Fist|p1: Mocio|[notarget]\n|-fail|p2a: Annihilape\n|\n|-weather|Snow|[upkeep]\n|upkeep\n|\n|t:|1682948146\n|switch|p1a: Baxcalibur|Baxcalibur, L50, M|100\/100\n|turn|4\n|\n|t:|1682948168\n|move|p1a: Baxcalibur|Ice Shard|p2a: Annihilape\n|-damage|p2a: Annihilape|0 fnt\n|faint|p2a: Annihilape\n|move|p2b: Flutter Mane|Dazzling Gleam|p1a: Baxcalibur\n|-supereffective|p1a: Baxcalibur\n|-damage|p1a: Baxcalibur|33\/100\n|\n|-weather|Snow|[upkeep]\n|upkeep\n|\n|t:|1682948176\n|switch|p2a: Ting-Lu|Ting-Lu, L50|100\/100\n|-ability|p2a: Ting-Lu|Vessel of Ruin\n|turn|5\n|\n|t:|1682948185\n|move|p1a: Baxcalibur|Ice Shard|p2b: Flutter Mane\n|-damage|p2b: Flutter Mane|0 fnt\n|faint|p2b: Flutter Mane\n|-end|p2b: Flutter Mane|Protosynthesis|[silent]\n|move|p2a: Ting-Lu|Snarl|p1a: Baxcalibur\n|-damage|p1a: Baxcalibur|28\/100\n|-unboost|p1a: Baxcalibur|spa|1\n|\n|-weather|none\n|-sideend|p1: Seal00|move: Aurora Veil\n|upkeep\n|turn|6\n|\n|t:|1682948197\n|move|p2a: Ting-Lu|Protect|p2a: Ting-Lu\n|-singleturn|p2a: Ting-Lu|Protect\n|move|p1a: Baxcalibur|Icicle Crash|p2a: Ting-Lu\n|-activate|p2a: Ting-Lu|move: Protect\n|\n|upkeep\n|turn|7\n|\n|t:|1682948227\n|move|p1a: Baxcalibur|Icicle Crash|p2a: Ting-Lu\n|-supereffective|p2a: Ting-Lu\n|-damage|p2a: Ting-Lu|43\/100\n|-enditem|p2a: Ting-Lu|Sitrus Berry|[eat]\n|-heal|p2a: Ting-Lu|68\/100|[from] item: Sitrus Berry\n|move|p2a: Ting-Lu|Fissure|p1a: Baxcalibur|[miss]\n|-miss|p2a: Ting-Lu|p1a: Baxcalibur\n|\n|upkeep\n|turn|8\n|\n|t:|1682948238\n|move|p2a: Ting-Lu|Protect|p2a: Ting-Lu\n|-singleturn|p2a: Ting-Lu|Protect\n|move|p1a: Baxcalibur|Icicle Crash|p2a: Ting-Lu\n|-activate|p2a: Ting-Lu|move: Protect\n|\n|upkeep\n|turn|9\n|\n|t:|1682948245\n|move|p1a: Baxcalibur|Icicle Crash|p2a: Ting-Lu|[miss]\n|-miss|p1a: Baxcalibur|p2a: Ting-Lu\n|move|p2a: Ting-Lu|Snarl|p1a: Baxcalibur\n|-crit|p1a: Baxcalibur\n|-damage|p1a: Baxcalibur|16\/100\n|-unboost|p1a: Baxcalibur|spa|1\n|\n|upkeep\n|turn|10\n|\n|t:|1682948252\n|move|p1a: Baxcalibur|Icicle Crash|p2a: Ting-Lu|[miss]\n|-miss|p1a: Baxcalibur|p2a: Ting-Lu\n|move|p2a: Ting-Lu|Snarl|p1a: Baxcalibur\n|-damage|p1a: Baxcalibur|9\/100\n|-unboost|p1a: Baxcalibur|spa|1\n|\n|upkeep\n|turn|11\n|\n|t:|1682948258\n|move|p1a: Baxcalibur|Icicle Crash|p2a: Ting-Lu\n|-supereffective|p2a: Ting-Lu\n|-damage|p2a: Ting-Lu|13\/100\n|move|p2a: Ting-Lu|Snarl|p1a: Baxcalibur\n|-damage|p1a: Baxcalibur|1\/100\n|-unboost|p1a: Baxcalibur|spa|1\n|\n|upkeep\n|turn|12\n|\n|t:|1682948267\n|move|p2a: Ting-Lu|Protect|p2a: Ting-Lu\n|-singleturn|p2a: Ting-Lu|Protect\n|move|p1a: Baxcalibur|Ice Shard|p2a: Ting-Lu\n|-activate|p2a: Ting-Lu|move: Protect\n|\n|upkeep\n|turn|13\n|\n|t:|1682948272\n|move|p1a: Baxcalibur|Ice Shard|p2a: Ting-Lu\n|-supereffective|p2a: Ting-Lu\n|-damage|p2a: Ting-Lu|0 fnt\n|faint|p2a: Ting-Lu\n|\n|win|Seal00\n|raw|Seal00's rating: 1172 → 1197<\/strong> (+25 for winning)\n|raw|agopago's rating: 1175 → 1150<\/strong> (-25 for losing)\n|l|\u2606agopago\n","uploadtime":1682948280,"views":15,"p1id":"seal00","p2id":"agopago","formatid":"gen9vgc2023regulationc","rating":1150,"private":0,"password":""}