{"id":"gen9vgc2023regulationc-1863614960","p1":"Waffles101","p2":"XinBluQAQ","format":"[Gen 9] VGC 2023 Regulation C","log":"|j|\u2606Waffles101\n|j|\u2606XinBluQAQ\n|t:|1684043741\n|gametype|doubles\n|player|p1|Waffles101|aromalady|1438\n|player|p2|XinBluQAQ|shadowtriad|1355\n|teamsize|p1|6\n|teamsize|p2|6\n|gen|9\n|tier|[Gen 9] VGC 2023 Regulation C\n|rated|\n|rule|Species Clause: Limit one of each Pok\u00e9mon\n|rule|Item Clause: Limit one of each item\n|clearpoke\n|poke|p1|Houndstone, L50, M|\n|poke|p1|Lycanroc, L50, F|\n|poke|p1|Rotom-Wash, L50|\n|poke|p1|Tyranitar, L50, F|\n|poke|p1|Gyarados, L50, F|\n|poke|p1|Garchomp, L50, M|\n|poke|p2|Iron Bundle, L50|\n|poke|p2|Dondozo, L50, M|\n|poke|p2|Tatsugiri, L50, M|\n|poke|p2|Glimmora, L50, F|\n|poke|p2|Dragonite, L50, F|\n|poke|p2|Chi-Yu, L50|\n|teampreview|4\n|j| bean_0408\nWaffles101 has agreed to open team sheets.\n|\n|t:|1684043799\n|start\n|switch|p1a: Houndstone|Houndstone, L50, M|100\/100\n|switch|p1b: Tyranitar|Tyranitar, L50, F|100\/100\n|switch|p2a: Glimmora|Glimmora, L50, F|100\/100\n|switch|p2b: Dondozo|Dondozo, L50, M|100\/100\n|-weather|Sandstorm|[from] ability: Sand Stream|[of] p1b: Tyranitar\n|turn|1\n|\n|t:|1684043814\n|switch|p1b: Lycanroc|Lycanroc, L50, F|100\/100\n|-terastallize|p2b: Dondozo|Grass\n|move|p1a: Houndstone|Will-O-Wisp|p2b: Dondozo\n|-status|p2b: Dondozo|brn\n|move|p2a: Glimmora|Mortal Spin|p1a: Houndstone|[spread] p1a,p1b\n|-resisted|p1a: Houndstone\n|-resisted|p1b: Lycanroc\n|-damage|p1a: Houndstone|98\/100\n|-damage|p1b: Lycanroc|96\/100\n|-status|p1a: Houndstone|psn\n|-enditem|p1a: Houndstone|Lum Berry|[eat]\n|-curestatus|p1a: Houndstone|psn|[msg]\n|-status|p1b: Lycanroc|psn\n|move|p2b: Dondozo|Wave Crash|p1a: Houndstone\n|-damage|p1a: Houndstone|72\/100\n|-damage|p2b: Dondozo|94\/100 brn|[from] Recoil\n|\n|-weather|Sandstorm|[upkeep]\n|-damage|p2b: Dondozo|88\/100 brn|[from] Sandstorm\n|-heal|p2b: Dondozo|94\/100 brn|[from] item: Leftovers\n|-damage|p1b: Lycanroc|84\/100 psn|[from] psn\n|-damage|p2b: Dondozo|88\/100 brn|[from] brn\n|upkeep\n|turn|2\n|\n|t:|1684043844\n|switch|p1a: Gyarados|Gyarados, L50, F|100\/100\n|-ability|p1a: Gyarados|Intimidate|boost\n|-unboost|p2a: Glimmora|atk|1\n|-unboost|p2b: Dondozo|atk|1\n|move|p1b: Lycanroc|Rock Slide|p2a: Glimmora|[spread] p2a,p2b\n|-damage|p2a: Glimmora|74\/100\n|-damage|p2b: Dondozo|69\/100 brn\n|-activate|p2a: Glimmora|ability: Toxic Debris\n|-sidestart|p1: Waffles101|move: Toxic Spikes\n|cant|p2a: Glimmora|flinch\n|move|p2b: Dondozo|Wave Crash|p1a: Gyarados\n|-resisted|p1a: Gyarados\n|-damage|p1a: Gyarados|93\/100\n|-damage|p2b: Dondozo|67\/100 brn|[from] Recoil\n|\n|-weather|Sandstorm|[upkeep]\n|-damage|p1a: Gyarados|87\/100|[from] Sandstorm\n|-damage|p2b: Dondozo|60\/100 brn|[from] Sandstorm\n|-heal|p2b: Dondozo|67\/100 brn|[from] item: Leftovers\n|-damage|p1b: Lycanroc|72\/100 psn|[from] psn\n|-damage|p2b: Dondozo|60\/100 brn|[from] brn\n|upkeep\n|turn|3\n|\n|t:|1684043859\n|move|p1b: Lycanroc|Rock Slide|p2b: Dondozo|[spread] p2a,p2b\n|-damage|p2a: Glimmora|44\/100\n|-damage|p2b: Dondozo|43\/100 brn\n|-activate|p2a: Glimmora|ability: Toxic Debris\n|-sidestart|p1: Waffles101|move: Toxic Spikes\n|move|p2a: Glimmora|Mortal Spin|p1a: Gyarados|[spread] p1a,p1b\n|-resisted|p1b: Lycanroc\n|-damage|p1a: Gyarados|84\/100\n|-damage|p1b: Lycanroc|70\/100 psn\n|-status|p1a: Gyarados|psn\n|move|p1a: Gyarados|Waterfall|p2a: Glimmora\n|-supereffective|p2a: Glimmora\n|-damage|p2a: Glimmora|0 fnt\n|faint|p2a: Glimmora\n|move|p2b: Dondozo|Wave Crash|p1b: Lycanroc\n|-supereffective|p1b: Lycanroc\n|-damage|p1b: Lycanroc|12\/100 psn\n|-damage|p2b: Dondozo|30\/100 brn|[from] Recoil\n|\n|-weather|Sandstorm|[upkeep]\n|-damage|p1a: Gyarados|78\/100 psn|[from] Sandstorm\n|-damage|p2b: Dondozo|24\/100 brn|[from] Sandstorm\n|-heal|p2b: Dondozo|30\/100 brn|[from] item: Leftovers\n|-damage|p1b: Lycanroc|0 fnt|[from] psn\n|faint|p1b: Lycanroc\n|-damage|p1a: Gyarados|65\/100 psn|[from] psn\n|-damage|p2b: Dondozo|24\/100 brn|[from] brn\n|upkeep\n|\n|t:|1684043877\n|switch|p1b: Houndstone|Houndstone, L50, M|72\/100\n|switch|p2a: Iron Bundle|Iron Bundle, L50|100\/100\n|-status|p1b: Houndstone|tox\n|-enditem|p2a: Iron Bundle|Booster Energy\n|-activate|p2a: Iron Bundle|ability: Quark Drive|[fromitem]\n|-start|p2a: Iron Bundle|quarkdrivespe\n|turn|4\n|\n|t:|1684043889\n|move|p2a: Iron Bundle|Protect|p2a: Iron Bundle\n|-singleturn|p2a: Iron Bundle|Protect\n|move|p1b: Houndstone|Ally Switch|p1b: Houndstone\n|swap|p1b: Houndstone|0|[from] move: Ally Switch\n|move|p1b: Gyarados|Thunder Wave|p2a: Iron Bundle\n|-activate|p2a: Iron Bundle|move: Protect\n|move|p2b: Dondozo|Earthquake|p1b: Gyarados|[spread] p1a\n|-activate|p2a: Iron Bundle|move: Protect\n|-immune|p1b: Gyarados\n|-damage|p1a: Houndstone|65\/100 tox\n|\n|-weather|Sandstorm|[upkeep]\n|-damage|p2a: Iron Bundle|95\/100|[from] Sandstorm\n|-damage|p1b: Gyarados|59\/100 psn|[from] Sandstorm\n|-damage|p2b: Dondozo|18\/100 brn|[from] Sandstorm\n|-heal|p2b: Dondozo|24\/100 brn|[from] item: Leftovers\n|-damage|p1a: Houndstone|59\/100 tox|[from] psn\n|-damage|p1b: Gyarados|47\/100 psn|[from] psn\n|-damage|p2b: Dondozo|18\/100 brn|[from] brn\n|upkeep\n|-enditem|p1b: Gyarados|Sitrus Berry|[eat]\n|-heal|p1b: Gyarados|72\/100 psn|[from] item: Sitrus Berry\n|turn|5\n|\n|t:|1684043909\n|-terastallize|p1b: Gyarados|Steel\n|move|p2a: Iron Bundle|Freeze-Dry|p1b: Gyarados\n|-resisted|p1b: Gyarados\n|-damage|p1b: Gyarados|60\/100 psn\n|move|p1a: Houndstone|Last Respects|p2a: Iron Bundle\n|-damage|p2a: Iron Bundle|42\/100\n|move|p1b: Gyarados|Thunder Wave|p2a: Iron Bundle\n|-status|p2a: Iron Bundle|par\n|move|p2b: Dondozo|Wave Crash|p1b: Gyarados\n|-damage|p1b: Gyarados|41\/100 psn\n|-damage|p2b: Dondozo|12\/100 brn|[from] Recoil\n|\n|-weather|none\n|-heal|p2b: Dondozo|18\/100 brn|[from] item: Leftovers\n|-damage|p1a: Houndstone|47\/100 tox|[from] psn\n|-damage|p1b: Gyarados|29\/100 psn|[from] psn\n|-damage|p2b: Dondozo|12\/100 brn|[from] brn\n|upkeep\n|turn|6\n|\n|t:|1684043926\n|switch|p1b: Tyranitar|Tyranitar, L50, F|100\/100\n|-status|p1b: Tyranitar|tox\n|-weather|Sandstorm|[from] ability: Sand Stream|[of] p1b: Tyranitar\n|move|p1a: Houndstone|Last Respects|p2a: Iron Bundle\n|-damage|p2a: Iron Bundle|0 fnt\n|faint|p2a: Iron Bundle\n|-end|p2a: Iron Bundle|Quark Drive|[silent]\n|move|p2b: Dondozo|Earthquake|p1b: Tyranitar|[spread] p1a,p1b\n|-supereffective|p1b: Tyranitar\n|-damage|p1a: Houndstone|39\/100 tox\n|-damage|p1b: Tyranitar|89\/100 tox\n|\n|-weather|Sandstorm|[upkeep]\n|-damage|p2b: Dondozo|6\/100 brn|[from] Sandstorm\n|-heal|p2b: Dondozo|12\/100 brn|[from] item: Leftovers\n|-damage|p1a: Houndstone|22\/100 tox|[from] psn\n|-damage|p1b: Tyranitar|83\/100 tox|[from] psn\n|-damage|p2b: Dondozo|6\/100 brn|[from] brn\n|upkeep\n|\n|t:|1684043935\n|switch|p2a: Dragonite|Dragonite, L50, F|100\/100\n|turn|7\n|\n|t:|1684043947\n|move|p1a: Houndstone|Will-O-Wisp|p2a: Dragonite\n|-status|p2a: Dragonite|brn\n|-enditem|p2a: Dragonite|Lum Berry|[eat]\n|-curestatus|p2a: Dragonite|brn|[msg]\n|move|p2a: Dragonite|Earthquake|p1a: Houndstone|[spread] p2b,p1a,p1b\n|-resisted|p2b: Dondozo\n|-supereffective|p1b: Tyranitar\n|-damage|p2b: Dondozo|0 fnt\n|-damage|p1a: Houndstone|0 fnt\n|-damage|p1b: Tyranitar|38\/100 tox\n|faint|p2b: Dondozo\n|faint|p1a: Houndstone\n|move|p1b: Tyranitar|Rock Slide|p2a: Dragonite\n|-supereffective|p2a: Dragonite\n|-damage|p2a: Dragonite|61\/100\n|\n|-weather|Sandstorm|[upkeep]\n|-damage|p2a: Dragonite|55\/100|[from] Sandstorm\n|-damage|p1b: Tyranitar|26\/100 tox|[from] psn\n|upkeep\n|\n|t:|1684043958\n|switch|p1a: Gyarados|Gyarados, L50, F, tera:Steel|29\/100 psn\n|-ability|p1a: Gyarados|Intimidate|boost\n|-unboost|p2a: Dragonite|atk|1\n|turn|8\n|\n|t:|1684043970\n|move|p2a: Dragonite|Low Kick|p1b: Tyranitar\n|-supereffective|p1b: Tyranitar\n|-damage|p1b: Tyranitar|0 fnt\n|faint|p1b: Tyranitar\n|move|p1a: Gyarados|Thunder Wave|p2a: Dragonite\n|-status|p2a: Dragonite|par\n|\n|-weather|Sandstorm|[upkeep]\n|-damage|p2a: Dragonite|50\/100 par|[from] Sandstorm\n|-damage|p1a: Gyarados|16\/100 psn|[from] psn\n|upkeep\n|turn|9\n|\n|t:|1684043975\n|move|p1a: Gyarados|Waterfall|p2a: Dragonite\n|-resisted|p2a: Dragonite\n|-damage|p2a: Dragonite|32\/100 par\n|move|p2a: Dragonite|Low Kick|p1a: Gyarados\n|-supereffective|p1a: Gyarados\n|-damage|p1a: Gyarados|0 fnt\n|faint|p1a: Gyarados\n|\n|win|XinBluQAQ\n|raw|Waffles101's rating: 1438 → 1413<\/strong> (-25 for losing)\n|raw|XinBluQAQ's rating: 1355 → 1380<\/strong> (+25 for winning)\n","uploadtime":1684043980,"views":13,"p1id":"waffles101","p2id":"xinbluqaq","formatid":"gen9vgc2023regulationc","rating":1380,"private":0,"password":""}