{"id":"gen9vgc2023regulationc-1855293213","p1":"UltimoRyu","p2":"teambuilder44","format":"[Gen 9] VGC 2023 Regulation C","log":"|j|\u2606UltimoRyu\n|j|\u2606teambuilder44\n|t:|1682931523\n|gametype|doubles\n|player|p1|UltimoRyu|crasherwake|1072\n|player|p2|teambuilder44|169|1149\n|teamsize|p1|6\n|teamsize|p2|6\n|gen|9\n|tier|[Gen 9] VGC 2023 Regulation C\n|rated|\n|rule|Species Clause: Limit one of each Pok\u00e9mon\n|rule|Item Clause: Limit one of each item\n|clearpoke\n|poke|p1|Garchomp, L50, F|\n|poke|p1|Rotom-Wash, L50|\n|poke|p1|Iron Bundle, L50|\n|poke|p1|Gyarados, L50, F|\n|poke|p1|Slither Wing, L50|\n|poke|p1|Gardevoir, L50, F|\n|poke|p2|Grafaiai, L50, F|\n|poke|p2|Chi-Yu, L50|\n|poke|p2|Ampharos, L50, F|\n|poke|p2|Amoonguss, L50, M|\n|poke|p2|Ting-Lu, L50|\n|poke|p2|Goodra, L50, F|\n|teampreview|4\n|\n|t:|1682931566\n|start\n|switch|p1a: Rotom|Rotom-Wash, L50|100\/100\n|switch|p1b: Slither Wing|Slither Wing, L50|100\/100\n|switch|p2a: Ting-Lu|Ting-Lu, L50|100\/100\n|switch|p2b: Ampharos|Ampharos, L50, F|100\/100\n|-ability|p2a: Ting-Lu|Vessel of Ruin\n|turn|1\n|\n|t:|1682931606\n|-terastallize|p2b: Ampharos|Fairy\n|move|p1a: Rotom|Discharge|p2b: Ampharos|[spread] p1b,p2b\n|-immune|p2a: Ting-Lu\n|-damage|p1b: Slither Wing|81\/100\n|-damage|p2b: Ampharos|79\/100\n|move|p1b: Slither Wing|U-turn|p2a: Ting-Lu\n|-supereffective|p2a: Ting-Lu\n|-damage|p2a: Ting-Lu|25\/100\n|\n|t:|1682931618\n|-end|p1b: Slither Wing|Protosynthesis|[silent]\n|switch|p1b: Garchomp|Garchomp, L50, F|100\/100|[from] U-turn\n|move|p2b: Ampharos|Dazzling Gleam|p1a: Rotom|[spread] p1a,p1b\n|-supereffective|p1b: Garchomp\n|-damage|p1a: Rotom|64\/100\n|-damage|p1b: Garchomp|52\/100\n|move|p2a: Ting-Lu|Stomping Tantrum|p1b: Garchomp\n|-damage|p1b: Garchomp|19\/100\n|-damage|p2a: Ting-Lu|13\/100|[from] ability: Rough Skin|[of] p1b: Garchomp\n|\n|upkeep\n|turn|2\n|\n|t:|1682931641\n|move|p1b: Garchomp|Earthquake|p2a: Ting-Lu|[spread] p2a,p2b\n|-immune|p1a: Rotom|[from] ability: Levitate\n|-damage|p2a: Ting-Lu|0 fnt\n|-damage|p2b: Ampharos|39\/100\n|faint|p2a: Ting-Lu\n|move|p1a: Rotom|Discharge|p2b: Ampharos|[spread] p2b\n|-immune|p1b: Garchomp\n|-damage|p2b: Ampharos|10\/100\n|-status|p2b: Ampharos|par\n|move|p2b: Ampharos|Dazzling Gleam|p1a: Rotom|[spread] p1a,p1b\n|-supereffective|p1b: Garchomp\n|-damage|p1a: Rotom|15\/100\n|-damage|p1b: Garchomp|0 fnt\n|faint|p1b: Garchomp\n|\n|upkeep\n|\n|t:|1682931665\n|switch|p1b: Gyarados|Gyarados, L50, F|100\/100\n|switch|p2a: Goodra|Goodra, L50, F|100\/100\n|-ability|p1b: Gyarados|Intimidate|boost\n|-unboost|p2a: Goodra|atk|1\n|-unboost|p2b: Ampharos|atk|1\n|turn|3\n|\n|t:|1682931692\n|-terastallize|p1b: Gyarados|Ground\n|move|p1b: Gyarados|Dragon Dance|p1b: Gyarados\n|-boost|p1b: Gyarados|atk|1\n|-boost|p1b: Gyarados|spe|1\n|move|p1a: Rotom|Discharge|p2b: Ampharos|[spread] p2a,p2b\n|-immune|p1b: Gyarados\n|-resisted|p2a: Goodra\n|-damage|p2a: Goodra|91\/100\n|-damage|p2b: Ampharos|0 fnt\n|faint|p2b: Ampharos\n|move|p2a: Goodra|Thunderbolt|p1b: Gyarados\n|-immune|p1b: Gyarados\n|\n|upkeep\n|\n|t:|1682931700\n|switch|p2b: Amoonguss|Amoonguss, L50, M|100\/100\n|turn|4\n|\n|t:|1682931728\n|move|p1b: Gyarados|Earthquake|p2b: Amoonguss|[spread] p2a,p2b\n|-immune|p1a: Rotom|[from] ability: Levitate\n|-crit|p2b: Amoonguss\n|-damage|p2a: Goodra|31\/100\n|-damage|p2b: Amoonguss|22\/100\n|-enditem|p2a: Goodra|Sitrus Berry|[eat]\n|-heal|p2a: Goodra|56\/100|[from] item: Sitrus Berry\n|-enditem|p2b: Amoonguss|Figy Berry|[eat]\n|-heal|p2b: Amoonguss|55\/100|[from] item: Figy Berry\n|-start|p2b: Amoonguss|confusion\n|move|p1a: Rotom|Discharge|p2a: Goodra|[spread] p2a,p2b\n|-immune|p1b: Gyarados\n|-resisted|p2a: Goodra\n|-resisted|p2b: Amoonguss\n|-damage|p2a: Goodra|47\/100\n|-damage|p2b: Amoonguss|45\/100\n|move|p2a: Goodra|Muddy Water|p1b: Gyarados|[spread] p1a,p1b\n|-resisted|p1a: Rotom\n|-supereffective|p1b: Gyarados\n|-damage|p1a: Rotom|2\/100\n|-damage|p1b: Gyarados|60\/100\n|-activate|p2b: Amoonguss|confusion\n|move|p2b: Amoonguss|Spore|p1b: Gyarados\n|-status|p1b: Gyarados|slp|[from] move: Spore\n|\n|upkeep\n|turn|5\n|\n|t:|1682931762\n|cant|p1b: Gyarados|slp\n|move|p1a: Rotom|Discharge|p2b: Amoonguss|[spread] p2a,p2b\n|-immune|p1b: Gyarados\n|-resisted|p2a: Goodra\n|-resisted|p2b: Amoonguss\n|-damage|p2a: Goodra|38\/100\n|-damage|p2b: Amoonguss|35\/100\n|move|p2a: Goodra|Muddy Water|p1b: Gyarados|[spread] \n|-miss|p2a: Goodra|p1a: Rotom\n|-miss|p2a: Goodra|p1b: Gyarados\n|-activate|p2b: Amoonguss|confusion\n|-damage|p2b: Amoonguss|29\/100|[from] confusion\n|\n|upkeep\n|turn|6\n|\n|t:|1682931779\n|-curestatus|p1b: Gyarados|slp|[msg]\n|move|p1b: Gyarados|Earthquake|p2a: Goodra|[spread] p2a,p2b\n|-immune|p1a: Rotom|[from] ability: Levitate\n|-damage|p2a: Goodra|0 fnt\n|-damage|p2b: Amoonguss|0 fnt\n|faint|p2a: Goodra\n|faint|p2b: Amoonguss\n|\n|win|UltimoRyu\n|raw|UltimoRyu's rating: 1072 → 1108<\/strong> (+36 for winning)\n|raw|teambuilder44's rating: 1149 → 1119<\/strong> (-30 for losing)\n","uploadtime":1682931790,"views":26,"p1id":"ultimoryu","p2id":"teambuilder44","formatid":"gen9vgc2023regulationc","rating":1108,"private":0,"password":""}