{"id":"gen9vgc2023regulationc-1847931144","p1":"Jalapeppah","p2":"niteogard149","format":"[Gen 9] VGC 2023 Regulation C","log":"|j|\u2606Jalapeppah\n|j|\u2606niteogard149\n|t:|1682013651\n|gametype|doubles\n|player|p1|Jalapeppah|flint|1198\n|player|p2|niteogard149|2|1174\n|teamsize|p1|6\n|teamsize|p2|6\n|gen|9\n|tier|[Gen 9] VGC 2023 Regulation C\n|rated|\n|rule|Species Clause: Limit one of each Pok\u00e9mon\n|rule|Item Clause: Limit one of each item\n|clearpoke\n|poke|p1|Tyranitar, L50, F|\n|poke|p1|Lycanroc, L50, M|\n|poke|p1|Flutter Mane, L50|\n|poke|p1|Chi-Yu, L50|\n|poke|p1|Gastrodon-East, L50, M|\n|poke|p1|Salamence, L50, F|\n|poke|p2|Tatsugiri, L50, M|\n|poke|p2|Glimmora, L50, M|\n|poke|p2|Iron Bundle, L50|\n|poke|p2|Dondozo, L50, M|\n|poke|p2|Chi-Yu, L50|\n|poke|p2|Flutter Mane, L50|\n|teampreview|4\n|inactive|Battle timer is ON: inactive players will automatically lose when time's up. (requested by Jalapeppah)\n|inactive|niteogard149 has 60 seconds left.\n|\n|t:|1682013715\n|start\n|switch|p1a: Flutter Mane|Flutter Mane, L50|100\/100\n|switch|p1b: Salamence|Salamence, L50, F|100\/100\n|switch|p2a: Glimmora|Glimmora, L50, M, shiny|100\/100\n|switch|p2b: Dondozo|Dondozo, L50, M, shiny|100\/100\n|-ability|p1b: Salamence|Intimidate|boost\n|-unboost|p2a: Glimmora|atk|1\n|-unboost|p2b: Dondozo|atk|1\n|-enditem|p1a: Flutter Mane|Booster Energy\n|-activate|p1a: Flutter Mane|ability: Protosynthesis|[fromitem]\n|-start|p1a: Flutter Mane|protosynthesisspa\n|turn|1\n|\n|t:|1682013733\n|move|p2b: Dondozo|Protect|p2b: Dondozo\n|-singleturn|p2b: Dondozo|Protect\n|move|p1a: Flutter Mane|Shadow Ball|p2a: Glimmora\n|-damage|p2a: Glimmora|64\/100\n|move|p1b: Salamence|Tailwind|p1b: Salamence\n|-sidestart|p1: Jalapeppah|move: Tailwind\n|move|p2a: Glimmora|Mortal Spin|p1b: Salamence|[spread] p1a,p1b\n|-damage|p1a: Flutter Mane|96\/100\n|-damage|p1b: Salamence|97\/100\n|-status|p1a: Flutter Mane|psn\n|-status|p1b: Salamence|psn\n|\n|-damage|p1a: Flutter Mane|83\/100 psn|[from] psn\n|-damage|p1b: Salamence|85\/100 psn|[from] psn\n|upkeep\n|turn|2\n|\n|t:|1682013753\n|switch|p1b: Gastrodon|Gastrodon-East, L50, M|100\/100\n|move|p1a: Flutter Mane|Shadow Ball|p2a: Glimmora\n|-damage|p2a: Glimmora|27\/100\n|move|p2a: Glimmora|Mortal Spin|p1a: Flutter Mane|[spread] p1a,p1b\n|-crit|p1a: Flutter Mane\n|-resisted|p1b: Gastrodon\n|-damage|p1a: Flutter Mane|71\/100 psn\n|-damage|p1b: Gastrodon|99\/100\n|-status|p1b: Gastrodon|psn\n|move|p2b: Dondozo|Substitute|p2b: Dondozo\n|-start|p2b: Dondozo|Substitute\n|-damage|p2b: Dondozo|76\/100\n|\n|-heal|p1b: Gastrodon|100\/100 psn|[from] item: Leftovers\n|-heal|p2b: Dondozo|82\/100|[from] item: Leftovers\n|-damage|p1a: Flutter Mane|59\/100 psn|[from] psn\n|-damage|p1b: Gastrodon|88\/100 psn|[from] psn\n|upkeep\n|turn|3\n|inactive|niteogard149 has 30 seconds left.\n|\n|t:|1682013784\n|move|p2b: Dondozo|Protect|p2b: Dondozo\n|-singleturn|p2b: Dondozo|Protect\n|move|p1a: Flutter Mane|Shadow Ball|p2a: Glimmora\n|-crit|p2a: Glimmora\n|-damage|p2a: Glimmora|0 fnt\n|faint|p2a: Glimmora\n|move|p1b: Gastrodon|Earth Power|p2b: Dondozo\n|-activate|p2b: Dondozo|move: Protect\n|\n|-heal|p1b: Gastrodon|94\/100 psn|[from] item: Leftovers\n|-heal|p2b: Dondozo|88\/100|[from] item: Leftovers\n|-damage|p1a: Flutter Mane|47\/100 psn|[from] psn\n|-damage|p1b: Gastrodon|82\/100 psn|[from] psn\n|upkeep\n|\n|t:|1682013797\n|switch|p2a: Tatsugiri|Tatsugiri, L50, M, shiny|100\/100\n|-activate|p2a: Tatsugiri|ability: Commander|[of] p2b: Dondozo\n|-boost|p2b: Dondozo|atk|2\n|-boost|p2b: Dondozo|spa|2\n|-boost|p2b: Dondozo|spe|2\n|-boost|p2b: Dondozo|def|2\n|-boost|p2b: Dondozo|spd|2\n|turn|4\n|\n|t:|1682013812\n|-terastallize|p2b: Dondozo|Flying\n|move|p1a: Flutter Mane|Moonblast|p2b: Dondozo\n|-end|p2b: Dondozo|Substitute\n|move|p2b: Dondozo|Tera Blast|p1b: Gastrodon\n|-damage|p1b: Gastrodon|37\/100 psn\n|move|p1b: Gastrodon|Clear Smog|p2b: Dondozo\n|-damage|p2b: Dondozo|82\/100\n|-clearboost|p2b: Dondozo\n|\n|-heal|p1b: Gastrodon|43\/100 psn|[from] item: Leftovers\n|-heal|p2b: Dondozo|88\/100|[from] item: Leftovers\n|-damage|p1a: Flutter Mane|35\/100 psn|[from] psn\n|-damage|p1b: Gastrodon|31\/100 psn|[from] psn\n|-sideend|p1: Jalapeppah|move: Tailwind\n|upkeep\n|turn|5\n|\n|t:|1682013832\n|switch|p1b: Salamence|Salamence, L50, F|85\/100 psn\n|-ability|p1b: Salamence|Intimidate|boost\n|-unboost|p2a: Tatsugiri|atk|1\n|-unboost|p2b: Dondozo|atk|1\n|move|p1a: Flutter Mane|Moonblast|p2b: Dondozo\n|-damage|p2b: Dondozo|26\/100\n|move|p2b: Dondozo|Tera Blast|p1b: Salamence\n|-damage|p1b: Salamence|57\/100 psn\n|\n|-heal|p2b: Dondozo|32\/100|[from] item: Leftovers\n|-damage|p1a: Flutter Mane|22\/100 psn|[from] psn\n|-damage|p1b: Salamence|44\/100 psn|[from] psn\n|upkeep\n|turn|6\n|\n|t:|1682013847\n|-end|p1a: Flutter Mane|Protosynthesis|[silent]\n|switch|p1a: Ttar|Tyranitar, L50, F|100\/100\n|-weather|Sandstorm|[from] ability: Sand Stream|[of] p1a: Ttar\n|move|p2b: Dondozo|Protect|p2b: Dondozo\n|-singleturn|p2b: Dondozo|Protect\n|move|p1b: Salamence|Tailwind|p1b: Salamence\n|-sidestart|p1: Jalapeppah|move: Tailwind\n|\n|-weather|Sandstorm|[upkeep]\n|-damage|p1b: Salamence|39\/100 psn|[from] Sandstorm\n|-damage|p2a: Tatsugiri|94\/100|[from] Sandstorm\n|-damage|p2b: Dondozo|26\/100|[from] Sandstorm\n|-heal|p2b: Dondozo|32\/100|[from] item: Leftovers\n|-damage|p1b: Salamence|26\/100 psn|[from] psn\n|upkeep\n|turn|7\n|\n|t:|1682013863\n|move|p1b: Salamence|Dual Wingbeat|p2b: Dondozo\n|-damage|p2b: Dondozo|18\/100\n|-damage|p2b: Dondozo|4\/100\n|-hitcount|p2b: Dondozo|2\n|move|p1a: Ttar|Rock Slide|p2a: Tatsugiri|[spread] p2b\n|-miss|p1a: Ttar|p2a: Tatsugiri\n|-supereffective|p2b: Dondozo\n|-damage|p2b: Dondozo|0 fnt\n|faint|p2b: Dondozo\n|\n|-weather|Sandstorm|[upkeep]\n|-damage|p1b: Salamence|20\/100 psn|[from] Sandstorm\n|-damage|p2a: Tatsugiri|88\/100|[from] Sandstorm\n|-damage|p1b: Salamence|8\/100 psn|[from] psn\n|upkeep\n|\n|t:|1682013875\n|switch|p2b: Flutter Mane|Flutter Mane, L50, shiny|100\/100\n|turn|8\n|\n|t:|1682013903\n|move|p1b: Salamence|Iron Head|p2b: Flutter Mane\n|-supereffective|p2b: Flutter Mane\n|-damage|p2b: Flutter Mane|13\/100\n|move|p2a: Tatsugiri|Icy Wind|p1a: Ttar|[spread] p1a\n|-miss|p2a: Tatsugiri|p1b: Salamence\n|-damage|p1a: Ttar|94\/100\n|-unboost|p1a: Ttar|spe|1\n|move|p2b: Flutter Mane|Dazzling Gleam|p1b: Salamence|[spread] p1a,p1b\n|-supereffective|p1a: Ttar\n|-supereffective|p1b: Salamence\n|-damage|p1a: Ttar|60\/100\n|-damage|p1b: Salamence|0 fnt\n|faint|p1b: Salamence\n|move|p1a: Ttar|Rock Slide|p2b: Flutter Mane|[spread] p2a,p2b\n|-damage|p2a: Tatsugiri|28\/100\n|-damage|p2b: Flutter Mane|0 fnt\n|faint|p2b: Flutter Mane\n|-end|p2b: Flutter Mane|Protosynthesis|[silent]\n|\n|-weather|Sandstorm|[upkeep]\n|-damage|p2a: Tatsugiri|22\/100|[from] Sandstorm\n|upkeep\n|l|\u2606niteogard149\n|inactive|niteogard149 disconnected and has a minute to reconnect!\n|player|p2|\n|\n|t:|1682013918\n|switch|p1b: Flutter Mane|Flutter Mane, L50|22\/100 psn\n|turn|9\n|inactive|niteogard149 has 30 seconds left.\n|inactive|niteogard149 has 20 seconds left.\n|inactive|niteogard149 has 15 seconds left.\n|inactive|niteogard149 has 10 seconds left.\n|inactive|niteogard149 has 5 seconds left.\n|-message|niteogard149 lost due to inactivity.\n|\n|win|Jalapeppah\n|raw|Jalapeppah's rating: 1198 → 1221<\/strong> (+23 for winning)\n|raw|niteogard149's rating: 1174 → 1151<\/strong> (-23 for losing)\n","uploadtime":1682013978,"views":13,"p1id":"jalapeppah","p2id":"niteogard149","formatid":"gen9vgc2023regulationc","rating":1151,"private":0,"password":""}