{"id":"gen9vgc2023regulationc-1863529342","p1":"inferiorelmo","p2":"Thast","format":"[Gen 9] VGC 2023 Regulation C","log":"|j|\u2606inferiorelmo\n|j|\u2606Thast\n|t:|1684029927\n|gametype|doubles\n|player|p1|inferiorelmo|169|1057\n|player|p2|Thast|plasmagrunt-gen5bw|1155\n|teamsize|p1|6\n|teamsize|p2|6\n|gen|9\n|tier|[Gen 9] VGC 2023 Regulation C\n|rated|\n|rule|Species Clause: Limit one of each Pok\u00e9mon\n|rule|Item Clause: Limit one of each item\n|clearpoke\n|poke|p1|Torkoal, L50, F|\n|poke|p1|Leafeon, L50, M|\n|poke|p1|Gyarados, L50, F|\n|poke|p1|Gastrodon-East, L50, M|\n|poke|p1|Ceruledge, L50, M|\n|poke|p1|Dragonite, L50, F|\n|poke|p2|Abomasnow, L50, M|\n|poke|p2|Cetitan, L50, F|\n|poke|p2|Iron Bundle, L50|\n|poke|p2|Avalugg, L50, M|\n|poke|p2|Eiscue, L50, M|\n|poke|p2|Rotom-Frost, L50|\n|teampreview|4\n|\n|t:|1684029947\n|start\n|switch|p1a: Gyarados|Gyarados, L50, F|100\/100\n|switch|p1b: Ceruledge|Ceruledge, L50, M|100\/100\n|switch|p2a: Eiscue|Eiscue, L50, M|100\/100\n|switch|p2b: Rotom|Rotom-Frost, L50|100\/100\n|-ability|p1a: Gyarados|Intimidate|boost\n|-unboost|p2a: Eiscue|atk|1\n|-unboost|p2b: Rotom|atk|1\n|turn|1\n|c|\u2606Thast|gl hf !\n|c|\u2606inferiorelmo|glhf\n|\n|t:|1684029980\n|switch|p1a: Gastrodon|Gastrodon-East, L50, M|100\/100\n|move|p2b: Rotom|Thunderbolt|p1b: Ceruledge\n|-damage|p1b: Ceruledge|72\/100\n|move|p1b: Ceruledge|Bitter Blade|p2a: Eiscue\n|-activate|p2a: Eiscue|ability: Ice Face\n|-damage|p2a: Eiscue|100\/100\n|-damage|p1b: Ceruledge|56\/100|[from] item: Rocky Helmet|[of] p2a: Eiscue\n|detailschange|p2a: Eiscue|Eiscue-Noice, L50, M\n|move|p2a: Eiscue|Soak|p1a: Gastrodon\n|-activate|p1a: Gastrodon|ability: Storm Drain\n|-ability|p1a: Gastrodon|Storm Drain|boost\n|-boost|p1a: Gastrodon|spa|1\n|\n|upkeep\n|turn|2\n|\n|t:|1684030020\n|move|p2b: Rotom|Thunderbolt|p1b: Ceruledge\n|-damage|p1b: Ceruledge|23\/100\n|move|p2a: Eiscue|Snowscape|p2a: Eiscue\n|-weather|Snow\n|-activate|p2a: Eiscue|ability: Ice Face\n|detailschange|p2a: Eiscue|Eiscue, L50, M\n|move|p1b: Ceruledge|Bitter Blade|p2a: Eiscue\n|-activate|p2a: Eiscue|ability: Ice Face\n|-damage|p2a: Eiscue|100\/100\n|-damage|p1b: Ceruledge|6\/100|[from] item: Rocky Helmet|[of] p2a: Eiscue\n|detailschange|p2a: Eiscue|Eiscue-Noice, L50, M\n|move|p1a: Gastrodon|Chilling Water|p2b: Rotom\n|-damage|p2b: Rotom|62\/100\n|-unboost|p2b: Rotom|atk|1\n|\n|-weather|Snow|[upkeep]\n|upkeep\n|turn|3\n|\n|t:|1684030044\n|switch|p1b: Torkoal|Torkoal, L50, F|100\/100\n|-weather|SunnyDay|[from] ability: Drought|[of] p1b: Torkoal\n|move|p2b: Rotom|Thunderbolt|p1b: Torkoal\n|-damage|p1b: Torkoal|42\/100\n|move|p2a: Eiscue|Freeze-Dry|p1a: Gastrodon\n|-supereffective|p1a: Gastrodon\n|-damage|p1a: Gastrodon|12\/100\n|move|p1a: Gastrodon|Chilling Water|p2b: Rotom\n|-damage|p2b: Rotom|42\/100\n|-unboost|p2b: Rotom|atk|1\n|\n|-weather|SunnyDay|[upkeep]\n|-heal|p1a: Gastrodon|18\/100|[from] item: Leftovers\n|upkeep\n|turn|4\n|\n|t:|1684030073\n|move|p1a: Gastrodon|Protect|p1a: Gastrodon\n|-singleturn|p1a: Gastrodon|Protect\n|move|p1b: Torkoal|Protect|p1b: Torkoal\n|-singleturn|p1b: Torkoal|Protect\n|move|p2b: Rotom|Thunderbolt|p1b: Torkoal\n|-activate|p1b: Torkoal|move: Protect\n|move|p2a: Eiscue|Snowscape|p2a: Eiscue\n|-weather|Snow\n|-activate|p2a: Eiscue|ability: Ice Face\n|detailschange|p2a: Eiscue|Eiscue, L50, M\n|\n|-weather|Snow|[upkeep]\n|-heal|p1a: Gastrodon|24\/100|[from] item: Leftovers\n|upkeep\n|turn|5\n|\n|t:|1684030094\n|switch|p1a: Gyarados|Gyarados, L50, F|100\/100\n|-ability|p1a: Gyarados|Intimidate|boost\n|-unboost|p2a: Eiscue|atk|1\n|-unboost|p2b: Rotom|atk|1\n|switch|p1b: Ceruledge|Ceruledge, L50, M|6\/100\n|move|p2b: Rotom|Thunderbolt|p1b: Ceruledge\n|-damage|p1b: Ceruledge|0 fnt\n|faint|p1b: Ceruledge\n|move|p2a: Eiscue|Freeze-Dry|p1a: Gyarados\n|-supereffective|p1a: Gyarados\n|-damage|p1a: Gyarados|17\/100\n|-status|p1a: Gyarados|frz\n|-enditem|p1a: Gyarados|Sitrus Berry|[eat]\n|-heal|p1a: Gyarados|42\/100 frz|[from] item: Sitrus Berry\n|\n|-weather|Snow|[upkeep]\n|upkeep\n|\n|t:|1684030111\n|switch|p1b: Torkoal|Torkoal, L50, F|42\/100\n|-weather|SunnyDay|[from] ability: Drought|[of] p1b: Torkoal\n|turn|6\n|-message|inferiorelmo forfeited.\n|\n|win|Thast\n|raw|inferiorelmo's rating: 1057 → 1044<\/strong> (-13 for losing)\n|raw|Thast's rating: 1155 → 1173<\/strong> (+18 for winning)\n|l|\u2606inferiorelmo\n|c|\u2606Thast|gg wp\n","uploadtime":1684030202,"views":8,"p1id":"inferiorelmo","p2id":"thast","formatid":"gen9vgc2023regulationc","rating":1044,"private":0,"password":""}