{"id":"gen9vgc2023regulationc-1858613125","p1":"marioman6444","p2":"bubafulbo","format":"[Gen 9] VGC 2023 Regulation C","log":"|j|\u2606marioman6444\n|j|\u2606bubafulbo\n|t:|1683332287\n|gametype|doubles\n|player|p1|marioman6444|hoopster|1216\n|player|p2|bubafulbo|cynthia-gen4|1192\n|teamsize|p1|6\n|teamsize|p2|6\n|gen|9\n|tier|[Gen 9] VGC 2023 Regulation C\n|rated|\n|rule|Species Clause: Limit one of each Pok\u00e9mon\n|rule|Item Clause: Limit one of each item\n|clearpoke\n|poke|p1|Flutter Mane, L50|\n|poke|p1|Chi-Yu, L50|\n|poke|p1|Talonflame, L50, M|\n|poke|p1|Torkoal, L50, F|\n|poke|p1|Great Tusk, L50|\n|poke|p1|Jumpluff, L50, F|\n|poke|p2|Arcanine, L50, F|\n|poke|p2|Sableye, L50, F|\n|poke|p2|Ceruledge, L50, F|\n|poke|p2|Flutter Mane, L50|\n|poke|p2|Ting-Lu, L50|\n|poke|p2|Amoonguss, L50, M|\n|teampreview|4\n|inactive|Battle timer is ON: inactive players will automatically lose when time's up. (requested by marioman6444)\n|inactive|marioman6444 has 60 seconds left.\n|inactive|bubafulbo has 60 seconds left.\n|\n|t:|1683332341\n|start\n|switch|p1a: Torkoal|Torkoal, L50, F|100\/100\n|switch|p1b: Great Tusk|Great Tusk, L50|100\/100\n|switch|p2a: Sableye|Sableye, L50, F|100\/100\n|switch|p2b: Ceruledge|Ceruledge, L50, F|100\/100\n|-weather|SunnyDay|[from] ability: Drought|[of] p1a: Torkoal\n|-activate|p1b: Great Tusk|ability: Protosynthesis\n|-start|p1b: Great Tusk|protosynthesisatk\n|turn|1\n|inactive|marioman6444 has 30 seconds left.\n|\n|t:|1683332373\n|-terastallize|p2b: Ceruledge|Grass\n|move|p1a: Torkoal|Protect|p1a: Torkoal\n|-singleturn|p1a: Torkoal|Protect\n|move|p2a: Sableye|Reflect|p2a: Sableye\n|-sidestart|p2: bubafulbo|Reflect\n|move|p1b: Great Tusk|Earthquake|p2a: Sableye|[spread] p2a,p2b\n|-activate|p1a: Torkoal|move: Protect\n|-resisted|p2b: Ceruledge\n|-damage|p2a: Sableye|54\/100\n|-damage|p2b: Ceruledge|82\/100\n|move|p2b: Ceruledge|Bulk Up|p2b: Ceruledge\n|-boost|p2b: Ceruledge|atk|1\n|-boost|p2b: Ceruledge|def|1\n|\n|-weather|SunnyDay|[upkeep]\n|upkeep\n|turn|2\n|\n|t:|1683332387\n|-end|p1b: Great Tusk|Protosynthesis|[silent]\n|switch|p1b: Jumpluff|Jumpluff, L50, F|100\/100\n|move|p2a: Sableye|Disable||[still]\n|-fail|p2a: Sableye\n|move|p2b: Ceruledge|Bulk Up|p2b: Ceruledge\n|-boost|p2b: Ceruledge|atk|1\n|-boost|p2b: Ceruledge|def|1\n|move|p1a: Torkoal|Clear Smog|p2b: Ceruledge\n|-supereffective|p2b: Ceruledge\n|-damage|p2b: Ceruledge|59\/100\n|-clearboost|p2b: Ceruledge\n|\n|-weather|SunnyDay|[upkeep]\n|upkeep\n|turn|3\n|\n|t:|1683332409\n|move|p2a: Sableye|Light Screen|p2a: Sableye\n|-sidestart|p2: bubafulbo|move: Light Screen\n|move|p1b: Jumpluff|Encore|p2b: Ceruledge\n|-start|p2b: Ceruledge|Encore\n|move|p2b: Ceruledge|Bulk Up|p2b: Ceruledge\n|-boost|p2b: Ceruledge|atk|1\n|-boost|p2b: Ceruledge|def|1\n|move|p1a: Torkoal|Overheat|p2a: Sableye\n|-damage|p2a: Sableye|10\/100\n|-unboost|p1a: Torkoal|spa|2\n|-enditem|p1a: Torkoal|Eject Pack\n|\n|t:|1683332426\n|switch|p1a: Great Tusk|Great Tusk, L50|100\/100\n|-activate|p1a: Great Tusk|ability: Protosynthesis\n|-start|p1a: Great Tusk|protosynthesisatk\n|\n|-weather|SunnyDay|[upkeep]\n|upkeep\n|turn|4\n|\n|t:|1683332445\n|move|p2a: Sableye|Encore||[still]\n|-fail|p2a: Sableye\n|move|p1b: Jumpluff|Tailwind|p1b: Jumpluff\n|-sidestart|p1: marioman6444|move: Tailwind\n|move|p1a: Great Tusk|Close Combat|p2b: Ceruledge\n|-damage|p2b: Ceruledge|20\/100\n|-unboost|p1a: Great Tusk|def|1\n|-unboost|p1a: Great Tusk|spd|1\n|move|p2b: Ceruledge|Bulk Up|p2b: Ceruledge\n|-boost|p2b: Ceruledge|atk|1\n|-boost|p2b: Ceruledge|def|1\n|\n|-weather|SunnyDay|[upkeep]\n|upkeep\n|turn|5\n|\n|t:|1683332461\n|move|p2a: Sableye|Disable|p1a: Great Tusk\n|-start|p1a: Great Tusk|Disable|Close Combat\n|move|p1b: Jumpluff|U-turn|p2a: Sableye\n|-damage|p2a: Sableye|0 fnt\n|faint|p2a: Sableye\n|\n|t:|1683332471\n|switch|p1b: Chi-Yu|Chi-Yu, L50|100\/100|[from] U-turn\n|-ability|p1b: Chi-Yu|Beads of Ruin\n|cant|p1a: Great Tusk|Disable|Close Combat\n|move|p2b: Ceruledge|Bulk Up|p2b: Ceruledge\n|-boost|p2b: Ceruledge|atk|1\n|-boost|p2b: Ceruledge|def|1\n|\n|-weather|none\n|-end|p1a: Great Tusk|Protosynthesis\n|-end|p2b: Ceruledge|Encore\n|upkeep\n|\n|t:|1683332486\n|switch|p2a: Ting-Lu|Ting-Lu, L50|100\/100\n|-ability|p2a: Ting-Lu|Vessel of Ruin\n|turn|6\n|\n|t:|1683332506\n|-end|p1a: Great Tusk|Protosynthesis|[silent]\n|switch|p1a: Torkoal|Torkoal, L50, F|100\/100\n|-weather|SunnyDay|[from] ability: Drought|[of] p1a: Torkoal\n|move|p2b: Ceruledge|Shadow Sneak|p1a: Torkoal\n|-damage|p1a: Torkoal|56\/100\n|move|p1b: Chi-Yu|Dark Pulse|p2b: Ceruledge\n|-damage|p2b: Ceruledge|0 fnt\n|faint|p2b: Ceruledge\n|move|p2a: Ting-Lu|Stomping Tantrum|p1b: Chi-Yu\n|-supereffective|p1b: Chi-Yu\n|-damage|p1b: Chi-Yu|12\/100\n|\n|-weather|SunnyDay|[upkeep]\n|upkeep\n|\n|t:|1683332514\n|switch|p2b: Flutter Mane|Flutter Mane, L50|100\/100\n|-activate|p2b: Flutter Mane|ability: Protosynthesis\n|-start|p2b: Flutter Mane|protosynthesisspe\n|turn|7\n|inactive|marioman6444 has 30 seconds left.\n|inactive|marioman6444 has 20 seconds left.\n|inactive|marioman6444 has 15 seconds left.\n|\n|t:|1683332556\n|switch|p1b: Jumpluff|Jumpluff, L50, F|100\/100\n|move|p2b: Flutter Mane|Protect|p2b: Flutter Mane\n|-singleturn|p2b: Flutter Mane|Protect\n|move|p2a: Ting-Lu|Stomping Tantrum|p1a: Torkoal\n|-supereffective|p1a: Torkoal\n|-damage|p1a: Torkoal|0 fnt\n|faint|p1a: Torkoal\n|\n|-weather|SunnyDay|[upkeep]\n|-sideend|p1: marioman6444|move: Tailwind\n|upkeep\n|\n|t:|1683332569\n|switch|p1a: Great Tusk|Great Tusk, L50|100\/100\n|-activate|p1a: Great Tusk|ability: Protosynthesis\n|-start|p1a: Great Tusk|protosynthesisatk\n|turn|8\n|\n|t:|1683332589\n|-terastallize|p1a: Great Tusk|Ground\n|move|p1b: Jumpluff|Encore|p2b: Flutter Mane\n|-start|p2b: Flutter Mane|Encore\n|move|p2b: Flutter Mane|Protect|p2b: Flutter Mane\n|-singleturn|p2b: Flutter Mane|Protect\n|move|p1a: Great Tusk|Earthquake|p2a: Ting-Lu|[spread] p2a\n|-activate|p2b: Flutter Mane|move: Protect\n|-immune|p1b: Jumpluff\n|-damage|p2a: Ting-Lu|73\/100\n|move|p2a: Ting-Lu|Stomping Tantrum|p1a: Great Tusk\n|-damage|p1a: Great Tusk|70\/100\n|\n|-weather|SunnyDay|[upkeep]\n|-sideend|p2: bubafulbo|Reflect\n|upkeep\n|turn|9\n|-message|bubafulbo forfeited.\n|\n|win|marioman6444\n|raw|marioman6444's rating: 1216 → 1239<\/strong> (+23 for winning)\n|raw|bubafulbo's rating: 1192 → 1169<\/strong> (-23 for losing)\n|l|\u2606bubafulbo\n|c|\u2606marioman6444|Gg\n","uploadtime":1683332612,"views":9,"p1id":"marioman6444","p2id":"bubafulbo","formatid":"gen9vgc2023regulationc","rating":1169,"private":0,"password":""}