{"id":"gen9vgc2023regulationc-1847299000","p1":"acidmineral","p2":"Abugbog","format":"[Gen 9] VGC 2023 Regulation C","log":"|j|\u2606acidmineral\n|j|\u2606Abugbog\n|t:|1681936016\n|gametype|doubles\n|player|p1|acidmineral|170|1127\n|player|p2|Abugbog|2|1107\n|teamsize|p1|6\n|teamsize|p2|6\n|gen|9\n|tier|[Gen 9] VGC 2023 Regulation C\n|rated|\n|rule|Species Clause: Limit one of each Pok\u00e9mon\n|rule|Item Clause: Limit one of each item\n|clearpoke\n|poke|p1|Hawlucha, L50, F|\n|poke|p1|Torkoal, L50, F|\n|poke|p1|Scovillain, L50, F|\n|poke|p1|Flutter Mane, L50|\n|poke|p1|Roaring Moon, L50|\n|poke|p1|Azumarill, L50, F|\n|poke|p2|Chi-Yu, L50|\n|poke|p2|Flutter Mane, L50|\n|poke|p2|Talonflame, L50, M|\n|poke|p2|Great Tusk, L50|\n|poke|p2|Torkoal, L50, M|\n|poke|p2|Lilligant, L50, F|\n|teampreview|4\n|inactive|Battle timer is ON: inactive players will automatically lose when time's up. (requested by acidmineral)\n|inactive|Abugbog has 60 seconds left.\n|\n|t:|1681936077\n|start\n|switch|p1a: Torkoal|Torkoal, L50, F|100\/100\n|switch|p1b: Scovillain|Scovillain, L50, F|100\/100\n|switch|p2a: Torkoal|Torkoal, L50, M|100\/100\n|switch|p2b: Lilligant|Lilligant, L50, F|100\/100\n|-weather|SunnyDay|[from] ability: Drought|[of] p1a: Torkoal\n|turn|1\n|\n|t:|1681936097\n|-terastallize|p2a: Torkoal|Fire\n|move|p1b: Scovillain|Protect|p1b: Scovillain\n|-singleturn|p1b: Scovillain|Protect\n|move|p2b: Lilligant|After You|p2a: Torkoal\n|-activate|p2a: Torkoal|move: After You\n|move|p2a: Torkoal|Eruption|p1a: Torkoal|[spread] p1a\n|-activate|p1b: Scovillain|move: Protect\n|-resisted|p1a: Torkoal\n|-damage|p1a: Torkoal|25\/100\n|move|p1a: Torkoal|Yawn|p2a: Torkoal\n|-start|p2a: Torkoal|move: Yawn|[of] p1a: Torkoal\n|\n|-weather|SunnyDay|[upkeep]\n|upkeep\n|turn|2\n|inactive|acidmineral has 30 seconds left.\n|inactive|Abugbog has 30 seconds left.\n|\n|t:|1681936128\n|switch|p2a: Chi-Yu|Chi-Yu, L50|100\/100\n|-ability|p2a: Chi-Yu|Beads of Ruin\n|move|p1a: Torkoal|Protect|p1a: Torkoal\n|-singleturn|p1a: Torkoal|Protect\n|move|p2b: Lilligant|Sleep Powder|p1a: Torkoal\n|-activate|p1a: Torkoal|move: Protect\n|move|p1b: Scovillain|Overheat|p2b: Lilligant\n|-supereffective|p2b: Lilligant\n|-damage|p2b: Lilligant|0 fnt\n|-unboost|p1b: Scovillain|spa|2\n|faint|p2b: Lilligant\n|-damage|p1b: Scovillain|90\/100|[from] item: Life Orb\n|\n|-weather|SunnyDay|[upkeep]\n|upkeep\n|\n|t:|1681936152\n|switch|p2b: Flutter Mane|Flutter Mane, L50|100\/100\n|-activate|p2b: Flutter Mane|ability: Protosynthesis\n|-start|p2b: Flutter Mane|protosynthesisspe\n|turn|3\n|\n|t:|1681936173\n|move|p2b: Flutter Mane|Dazzling Gleam|p1a: Torkoal|[spread] p1a,p1b\n|-resisted|p1a: Torkoal\n|-resisted|p1b: Scovillain\n|-damage|p1a: Torkoal|0 fnt\n|-damage|p1b: Scovillain|56\/100\n|faint|p1a: Torkoal\n|move|p2a: Chi-Yu|Heat Wave|p1b: Scovillain\n|-damage|p1b: Scovillain|0 fnt\n|faint|p1b: Scovillain\n|\n|-weather|SunnyDay|[upkeep]\n|upkeep\n|\n|t:|1681936182\n|switch|p1b: Hawlucha|Hawlucha, L50, F|100\/100\n|switch|p1a: Azumarill|Azumarill, L50, F|100\/100\n|turn|4\n|\n|t:|1681936199\n|-terastallize|p1a: Azumarill|Water\n|move|p1a: Azumarill|Aqua Jet|p2b: Flutter Mane\n|-damage|p2b: Flutter Mane|65\/100\n|move|p2b: Flutter Mane|Dazzling Gleam|p1b: Hawlucha|[spread] p1a,p1b\n|-supereffective|p1b: Hawlucha\n|-damage|p1a: Azumarill|57\/100\n|-damage|p1b: Hawlucha|0 fnt\n|faint|p1b: Hawlucha\n|move|p2a: Chi-Yu|Heat Wave|p1a: Azumarill\n|-resisted|p1a: Azumarill\n|-damage|p1a: Azumarill|7\/100\n|-enditem|p1a: Azumarill|Sitrus Berry|[eat]\n|-heal|p1a: Azumarill|32\/100|[from] item: Sitrus Berry\n|\n|-weather|SunnyDay|[upkeep]\n|upkeep\n|turn|5\n|-message|acidmineral forfeited.\n|\n|win|Abugbog\n|raw|acidmineral's rating: 1127 → 1101<\/strong> (-26 for losing)\n|raw|Abugbog's rating: 1107 → 1133<\/strong> (+26 for winning)\n|l|\u2606acidmineral\n","uploadtime":1681936218,"views":6,"p1id":"acidmineral","p2id":"abugbog","formatid":"gen9vgc2023regulationc","rating":1101,"private":0,"password":""}