{"id":"gen9vgc2023regulationc-1851687479","p1":"Can'tStopFalling","p2":"mugiwaraLux","format":"[Gen 9] VGC 2023 Regulation C","log":"|j|\u2606Can'tStopFalling\n|j|\u2606mugiwaraLux\n|t:|1682470017\n|gametype|doubles\n|player|p1|Can'tStopFalling|parasollady|1273\n|player|p2|mugiwaraLux|102|1276\n|teamsize|p1|6\n|teamsize|p2|6\n|gen|9\n|tier|[Gen 9] VGC 2023 Regulation C\n|rated|\n|rule|Species Clause: Limit one of each Pok\u00e9mon\n|rule|Item Clause: Limit one of each item\n|clearpoke\n|poke|p1|Palafin, L50, M|\n|poke|p1|Amoonguss, L50, M|\n|poke|p1|Arcanine, L50, M|\n|poke|p1|Flutter Mane, L50|\n|poke|p1|Stonjourner, L50, F|\n|poke|p1|Farigiraf, L50, F|\n|poke|p2|Palafin, L50, F|\n|poke|p2|Amoonguss, L50, M|\n|poke|p2|Flutter Mane, L50|\n|poke|p2|Arcanine, L50, M|\n|poke|p2|Roaring Moon, L50|\n|poke|p2|Chien-Pao, L50|\n|teampreview|4\n|inactive|Battle timer is ON: inactive players will automatically lose when time's up. (requested by mugiwaraLux)\nmugiwaraLux has agreed to open team sheets.\n|\n|t:|1682470042\n|start\n|switch|p1a: Mango|Palafin, L50, M|100\/100\n|switch|p1b: Banana|Arcanine, L50, M|100\/100\n|switch|p2a: ChiYu|Arcanine, L50, M|100\/100\n|switch|p2b: Amoonguss|Amoonguss, L50, M|100\/100\n|-ability|p1b: Banana|Intimidate|boost\n|-unboost|p2a: ChiYu|atk|1\n|-unboost|p2b: Amoonguss|atk|1\n|-ability|p2a: ChiYu|Intimidate|boost\n|-unboost|p1a: Mango|atk|1\n|-unboost|p1b: Banana|atk|1\n|turn|1\n|\n|t:|1682470055\n|move|p1b: Banana|Howl|p1b: Banana|[spread] p1a,p1b\n|-boost|p1a: Mango|atk|1\n|-boost|p1b: Banana|atk|1\n|move|p1a: Mango|Wave Crash|p2a: ChiYu\n|-supereffective|p2a: ChiYu\n|-crit|p2a: ChiYu\n|-damage|p2a: ChiYu|0 fnt\n|faint|p2a: ChiYu\n|-damage|p1a: Mango|69\/100|[from] Recoil\n|move|p2b: Amoonguss|Spore|p1a: Mango\n|-status|p1a: Mango|slp|[from] move: Spore\n|\n|upkeep\n|\n|t:|1682470067\n|switch|p2a: Roaring Moon|Roaring Moon, L50|100\/100\n|-enditem|p2a: Roaring Moon|Booster Energy\n|-activate|p2a: Roaring Moon|ability: Protosynthesis|[fromitem]\n|-start|p2a: Roaring Moon|protosynthesisatk\n|turn|2\n|\n|t:|1682470074\n|detailschange|p1a: Mango|Palafin-Hero, L50, M\n|switch|p1a: Orange|Amoonguss, L50, M|100\/100\n|switch|p2b: Palafin|Palafin, L50, F|100\/100\n|move|p2a: Roaring Moon|Protect|p2a: Roaring Moon\n|-singleturn|p2a: Roaring Moon|Protect\n|move|p1b: Banana|Will-O-Wisp|p2a: Roaring Moon\n|-activate|p2a: Roaring Moon|move: Protect\n|\n|upkeep\n|turn|3\n|\n|t:|1682470100\n|move|p2a: Roaring Moon|Dragon Dance|p2a: Roaring Moon\n|-boost|p2a: Roaring Moon|atk|1\n|-boost|p2a: Roaring Moon|spe|1\n|move|p2b: Palafin|Wave Crash|p1b: Banana\n|-supereffective|p1b: Banana\n|-damage|p1b: Banana|0 fnt\n|faint|p1b: Banana\n|-damage|p2b: Palafin|66\/100|[from] Recoil\n|move|p1a: Orange|Spore|p2a: Roaring Moon\n|-status|p2a: Roaring Moon|slp|[from] move: Spore\n|\n|upkeep\n|\n|t:|1682470116\n|switch|p1b: Passionfruit|Flutter Mane, L50|100\/100\n|-enditem|p1b: Passionfruit|Booster Energy\n|-activate|p1b: Passionfruit|ability: Protosynthesis|[fromitem]\n|-start|p1b: Passionfruit|protosynthesisspa\n|turn|4\n|\n|t:|1682470124\n|detailschange|p2b: Palafin|Palafin-Hero, L50, F\n|switch|p2b: Amoonguss|Amoonguss, L50, M|100\/100\n|-terastallize|p2a: Roaring Moon|Flying\n|-terastallize|p1b: Passionfruit|Fairy\n|move|p1a: Orange|Rage Powder|p1a: Orange\n|-singleturn|p1a: Orange|move: Rage Powder\n|cant|p2a: Roaring Moon|slp\n|move|p1b: Passionfruit|Dazzling Gleam|p2b: Amoonguss|[spread] p2a,p2b\n|-resisted|p2b: Amoonguss\n|-damage|p2a: Roaring Moon|56\/100 slp\n|-damage|p2b: Amoonguss|79\/100\n|\n|upkeep\n|turn|5\n|inactive|Can'tStopFalling has 30 seconds left.\n|\n|t:|1682470152\n|switch|p1a: Mango|Palafin-Hero, L50, M|69\/100 slp\n|-activate|p1a: Mango|ability: Zero to Hero\n|cant|p2a: Roaring Moon|slp\n|move|p1b: Passionfruit|Moonblast|p2a: Roaring Moon\n|-damage|p2a: Roaring Moon|0 fnt\n|faint|p2a: Roaring Moon\n|-end|p2a: Roaring Moon|Protosynthesis|[silent]\n|move|p2b: Amoonguss|Spore|p1b: Passionfruit\n|-status|p1b: Passionfruit|slp|[from] move: Spore\n|\n|upkeep\n|\n|t:|1682470159\n|switch|p2a: Palafin|Palafin-Hero, L50, F|66\/100\n|-activate|p2a: Palafin|ability: Zero to Hero\n|turn|6\n|\n|t:|1682470169\n|cant|p1b: Passionfruit|slp\n|cant|p1a: Mango|slp\n|move|p2a: Palafin|Wave Crash|p1b: Passionfruit\n|-damage|p1b: Passionfruit|0 fnt\n|faint|p1b: Passionfruit\n|-end|p1b: Passionfruit|Protosynthesis|[silent]\n|-damage|p2a: Palafin|41\/100|[from] Recoil\n|move|p2b: Amoonguss|Pollen Puff|p2a: Palafin\n|-heal|p2a: Palafin|91\/100\n|\n|upkeep\n|\n|t:|1682470171\n|switch|p1b: Orange|Amoonguss, L50, M|100\/100\n|turn|7\n|\n|t:|1682470178\n|-curestatus|p1a: Mango|slp|[msg]\n|move|p1a: Mango|Protect|p1a: Mango\n|-singleturn|p1a: Mango|Protect\n|move|p2a: Palafin|Wave Crash|p1b: Orange\n|-resisted|p1b: Orange\n|-damage|p1b: Orange|61\/100\n|-damage|p2a: Palafin|75\/100|[from] Recoil\n|move|p2b: Amoonguss|Pollen Puff|p1b: Orange\n|-damage|p1b: Orange|47\/100\n|-enditem|p1b: Orange|Sitrus Berry|[eat]\n|-heal|p1b: Orange|72\/100|[from] item: Sitrus Berry\n|move|p1b: Orange|Spore|p2a: Palafin\n|-status|p2a: Palafin|slp|[from] move: Spore\n|\n|upkeep\n|turn|8\n|\n|t:|1682470198\n|cant|p2a: Palafin|slp\n|move|p1a: Mango|Wave Crash|p2a: Palafin\n|-resisted|p2a: Palafin\n|-damage|p2a: Palafin|29\/100 slp\n|-damage|p1a: Mango|56\/100|[from] Recoil\n|move|p2b: Amoonguss|Spore|p1a: Mango\n|-status|p1a: Mango|slp|[from] move: Spore\n|move|p1b: Orange|Pollen Puff|p1a: Mango\n|-heal|p1a: Mango|100\/100 slp\n|\n|upkeep\n|turn|9\n|\n|t:|1682470218\n|cant|p2a: Palafin|slp\n|cant|p1a: Mango|slp\n|move|p2b: Amoonguss|Pollen Puff|p2a: Palafin\n|-heal|p2a: Palafin|78\/100 slp\n|move|p1b: Orange|Pollen Puff|p2b: Amoonguss\n|-damage|p2b: Amoonguss|66\/100\n|\n|upkeep\n|turn|10\n|\n|t:|1682470231\n|cant|p2a: Palafin|slp\n|cant|p1a: Mango|slp\n|move|p2b: Amoonguss|Pollen Puff|p2a: Palafin\n|-heal|p2a: Palafin|100\/100 slp\n|move|p1b: Orange|Pollen Puff|p2b: Amoonguss\n|-damage|p2b: Amoonguss|51\/100\n|\n|upkeep\n|turn|11\n|\n|t:|1682470248\n|-curestatus|p2a: Palafin|slp|[msg]\n|move|p2a: Palafin|Wave Crash|p1b: Orange\n|-resisted|p1b: Orange\n|-damage|p1b: Orange|31\/100\n|-damage|p2a: Palafin|84\/100|[from] Recoil\n|-curestatus|p1a: Mango|slp|[msg]\n|move|p1a: Mango|Wave Crash|p2b: Amoonguss\n|-resisted|p2b: Amoonguss\n|-damage|p2b: Amoonguss|5\/100\n|-enditem|p2b: Amoonguss|Sitrus Berry|[eat]\n|-heal|p2b: Amoonguss|29\/100|[from] item: Sitrus Berry\n|-damage|p1a: Mango|84\/100|[from] Recoil\n|move|p2b: Amoonguss|Pollen Puff|p1b: Orange\n|-damage|p1b: Orange|15\/100\n|move|p1b: Orange|Pollen Puff|p1a: Mango\n|-heal|p1a: Mango|100\/100\n|\n|upkeep\n|turn|12\n|inactive|mugiwaraLux has 30 seconds left.\n|\n|t:|1682470278\n|move|p2b: Amoonguss|Protect|p2b: Amoonguss\n|-singleturn|p2b: Amoonguss|Protect\n|move|p1b: Orange|Protect|p1b: Orange\n|-singleturn|p1b: Orange|Protect\n|move|p2a: Palafin|Wave Crash|p1b: Orange\n|-activate|p1b: Orange|move: Protect\n|move|p1a: Mango|Wave Crash|p2b: Amoonguss\n|-activate|p2b: Amoonguss|move: Protect\n|\n|upkeep\n|turn|13\n|\n|t:|1682470291\n|move|p2b: Amoonguss|Protect|p2b: Amoonguss\n|-singleturn|p2b: Amoonguss|Protect\n|move|p2a: Palafin|Wave Crash|p1b: Orange\n|-resisted|p1b: Orange\n|-damage|p1b: Orange|0 fnt\n|faint|p1b: Orange\n|-damage|p2a: Palafin|78\/100|[from] Recoil\n|move|p1a: Mango|Wave Crash|p2b: Amoonguss\n|-activate|p2b: Amoonguss|move: Protect\n|\n|upkeep\n|turn|14\n|\n|t:|1682470301\n|move|p2a: Palafin|Wave Crash|p1a: Mango\n|-resisted|p1a: Mango\n|-damage|p1a: Mango|58\/100\n|-damage|p2a: Palafin|63\/100|[from] Recoil\n|move|p1a: Mango|Wave Crash|p2b: Amoonguss\n|-resisted|p2b: Amoonguss\n|-damage|p2b: Amoonguss|0 fnt\n|faint|p2b: Amoonguss\n|-damage|p1a: Mango|47\/100|[from] Recoil\n|\n|upkeep\n|turn|15\n|inactive|Can'tStopFalling has 30 seconds left.\n|\n|t:|1682470330\n|move|p1a: Mango|Jet Punch|p2a: Palafin\n|-resisted|p2a: Palafin\n|-damage|p2a: Palafin|40\/100\n|move|p2a: Palafin|Wave Crash|p1a: Mango\n|-resisted|p1a: Mango\n|-damage|p1a: Mango|5\/100\n|-damage|p2a: Palafin|24\/100|[from] Recoil\n|\n|upkeep\n|turn|16\n|\n|t:|1682470339\n|move|p2a: Palafin|Jet Punch|p1a: Mango\n|-resisted|p1a: Mango\n|-damage|p1a: Mango|0 fnt\n|faint|p1a: Mango\n|\n|win|mugiwaraLux\n|raw|Can'tStopFalling's rating: 1273 → 1248<\/strong> (-25 for losing)\n|raw|mugiwaraLux's rating: 1276 → 1301<\/strong> (+25 for winning)\n|l|\u2606Can'tStopFalling\n","uploadtime":1682470344,"views":11,"p1id":"cantstopfalling","p2id":"mugiwaralux","formatid":"gen9vgc2023regulationc","rating":1248,"private":0,"password":""}