{"id":"gen9vgc2023regulationc-1861405474","p1":"jscoot12","p2":"Pokeball_300","format":"[Gen 9] VGC 2023 Regulation C","log":"|j|\u2606jscoot12\n|j|\u2606Pokeball_300\n|t:|1683754136\n|gametype|doubles\n|player|p1|jscoot12|101|1275\n|player|p2|Pokeball_300|chuck|1198\n|teamsize|p1|6\n|teamsize|p2|6\n|gen|9\n|tier|[Gen 9] VGC 2023 Regulation C\n|rated|\n|rule|Species Clause: Limit one of each Pok\u00e9mon\n|rule|Item Clause: Limit one of each item\n|clearpoke\n|poke|p1|Orthworm, L50, M|\n|poke|p1|Gyarados, L50, F|\n|poke|p1|Dragonite, L50, F|\n|poke|p1|Flutter Mane, L50|\n|poke|p1|Ting-Lu, L50|\n|poke|p1|Ceruledge, L50, F|\n|poke|p2|Lilligant, L50, F|\n|poke|p2|Roaring Moon, L50|\n|poke|p2|Flutter Mane, L50|\n|poke|p2|Great Tusk, L50|\n|poke|p2|Torkoal, L50, F|\n|poke|p2|Chien-Pao, L50|\n|teampreview|4\n|inactive|Battle timer is ON: inactive players will automatically lose when time's up. (requested by Pokeball_300)\njscoot12 has agreed to open team sheets.\n|inactive|jscoot12 has 60 seconds left.\nPokeball_300 has agreed to open team sheets.\n|\n|t:|1683754188\n|start\n|switch|p1a: Ceruledge|Ceruledge, L50, F|100\/100\n|switch|p1b: Gyarados|Gyarados, L50, F|100\/100\n|switch|p2a: Torkoal|Torkoal, L50, F, shiny|100\/100\n|switch|p2b: Chien-Pao|Chien-Pao, L50|100\/100\n|-ability|p2b: Chien-Pao|Sword of Ruin\n|-ability|p1b: Gyarados|Intimidate|boost\n|-unboost|p2a: Torkoal|atk|1\n|-unboost|p2b: Chien-Pao|atk|1\n|-weather|SunnyDay|[from] ability: Drought|[of] p2a: Torkoal\n|turn|1\n|inactive|jscoot12 has 30 seconds left.\n|inactive|Pokeball_300 has 30 seconds left.\n|inactive|Pokeball_300 has 20 seconds left.\n|inactive|Pokeball_300 has 15 seconds left.\n|inactive|Pokeball_300 has 10 seconds left.\n|\n|t:|1683754234\n|move|p1a: Ceruledge|Protect|p1a: Ceruledge\n|-singleturn|p1a: Ceruledge|Protect\n|move|p2b: Chien-Pao|Sucker Punch||[still]\n|-fail|p2b: Chien-Pao\n|move|p1b: Gyarados|Bulldoze|p2b: Chien-Pao|[spread] p2a,p2b\n|-activate|p1a: Ceruledge|move: Protect\n|-supereffective|p2a: Torkoal\n|-damage|p2a: Torkoal|79\/100\n|-damage|p2b: Chien-Pao|84\/100\n|-unboost|p2a: Torkoal|spe|1\n|-unboost|p2b: Chien-Pao|spe|1\n|move|p2a: Torkoal|Heat Wave|p1b: Gyarados|[spread] p1b\n|-activate|p1a: Ceruledge|move: Protect\n|-resisted|p1b: Gyarados\n|-damage|p1b: Gyarados|76\/100\n|\n|-weather|SunnyDay|[upkeep]\n|upkeep\n|turn|2\n|\n|t:|1683754255\n|-terastallize|p1a: Ceruledge|Grass\n|move|p2b: Chien-Pao|Sucker Punch|p1a: Ceruledge\n|-damage|p1a: Ceruledge|38\/100\n|move|p1a: Ceruledge|Bitter Blade|p2b: Chien-Pao\n|-supereffective|p2b: Chien-Pao\n|-damage|p2b: Chien-Pao|0 fnt\n|-heal|p1a: Ceruledge|82\/100|[from] drain|[of] p2b: Chien-Pao\n|faint|p2b: Chien-Pao\n|move|p1b: Gyarados|Waterfall|p2a: Torkoal\n|-supereffective|p2a: Torkoal\n|-damage|p2a: Torkoal|57\/100\n|move|p2a: Torkoal|Heat Wave|p1b: Gyarados|[spread] p1b\n|-start|p1a: Ceruledge|ability: Flash Fire\n|-resisted|p1b: Gyarados\n|-damage|p1b: Gyarados|53\/100\n|\n|-weather|SunnyDay|[upkeep]\n|upkeep\n|\n|t:|1683754276\n|switch|p2b: Great Tusk|Great Tusk, L50|100\/100\n|-activate|p2b: Great Tusk|ability: Protosynthesis\n|-start|p2b: Great Tusk|protosynthesisatk\n|turn|3\n|\n|t:|1683754292\n|move|p1a: Ceruledge|Protect|p1a: Ceruledge\n|-singleturn|p1a: Ceruledge|Protect\n|move|p2b: Great Tusk|Close Combat|p1a: Ceruledge\n|-activate|p1a: Ceruledge|move: Protect\n|move|p1b: Gyarados|Bulldoze|p2a: Torkoal|[spread] p2a,p2b\n|-activate|p1a: Ceruledge|move: Protect\n|-supereffective|p2a: Torkoal\n|-damage|p2a: Torkoal|39\/100\n|-damage|p2b: Great Tusk|92\/100\n|-unboost|p2a: Torkoal|spe|1\n|-unboost|p2b: Great Tusk|spe|1\n|move|p2a: Torkoal|Heat Wave|p1b: Gyarados|[spread] p1b\n|-activate|p1a: Ceruledge|move: Protect\n|-resisted|p1b: Gyarados\n|-damage|p1b: Gyarados|27\/100\n|\n|-weather|SunnyDay|[upkeep]\n|upkeep\n|turn|4\n|inactive|jscoot12 has 30 seconds left.\n|inactive|jscoot12 has 20 seconds left.\n|\n|t:|1683754331\n|move|p1a: Ceruledge|Bitter Blade|p2b: Great Tusk\n|-damage|p2b: Great Tusk|17\/100\n|-heal|p1a: Ceruledge|100\/100|[from] drain|[of] p2b: Great Tusk\n|move|p1b: Gyarados|Waterfall|p2b: Great Tusk\n|-supereffective|p2b: Great Tusk\n|-damage|p2b: Great Tusk|0 fnt\n|faint|p2b: Great Tusk\n|-end|p2b: Great Tusk|Protosynthesis|[silent]\n|move|p2a: Torkoal|Heat Wave|p1b: Gyarados|[spread] p1b\n|-immune|p1a: Ceruledge|[from] ability: Flash Fire\n|-resisted|p1b: Gyarados\n|-damage|p1b: Gyarados|4\/100\n|\n|-weather|SunnyDay|[upkeep]\n|upkeep\n|\n|t:|1683754338\n|switch|p2b: Lilligant|Lilligant, L50, F, shiny|100\/100\n|turn|5\n|-message|Pokeball_300 forfeited.\n|\n|win|jscoot12\n|raw|jscoot12's rating: 1275 → 1295<\/strong> (+20 for winning)\n|raw|Pokeball_300's rating: 1198 → 1178<\/strong> (-20 for losing)\n|l|\u2606Pokeball_300\n","uploadtime":1683754421,"views":9,"p1id":"jscoot12","p2id":"pokeball300","formatid":"gen9vgc2023regulationc","rating":1178,"private":0,"password":""}