{"id":"gen9vgc2023regulationc-1854921376","p1":"Oorko","p2":"haha you rage quit","format":"[Gen 9] VGC 2023 Regulation C","log":"|j|\u2606Oorko\n|j|\u2606haha you rage quit\n|t:|1682880987\n|gametype|doubles\n|player|p1|Oorko|dragontamer|1105\n|player|p2|haha you rage quit|pokemaniac|1164\n|teamsize|p1|6\n|teamsize|p2|6\n|gen|9\n|tier|[Gen 9] VGC 2023 Regulation C\n|rated|\n|rule|Species Clause: Limit one of each Pok\u00e9mon\n|rule|Item Clause: Limit one of each item\n|clearpoke\n|poke|p1|Scizor, L50, M|\n|poke|p1|Chien-Pao, L50|\n|poke|p1|Gyarados, L50, M|\n|poke|p1|Garchomp, L50, M|\n|poke|p1|Wo-Chien, L50|\n|poke|p1|Iron Bundle, L50|\n|poke|p2|Pelipper, L50, M|\n|poke|p2|Indeedee-F, L50, F|\n|poke|p2|Armarouge, L50, M|\n|poke|p2|Gastrodon, L50, M|\n|poke|p2|Hatterene, L50, F|\n|poke|p2|Kingambit, L50, M|\n|teampreview|4\n|inactive|Battle timer is ON: inactive players will automatically lose when time's up. (requested by Oorko)\n|inactive|Oorko has 60 seconds left.\n|inactive|haha you rage quit has 60 seconds left.\n|\n|t:|1682881034\n|start\n|switch|p1a: Chien-Pao|Chien-Pao, L50|100\/100\n|switch|p1b: Scizor|Scizor, L50, M|100\/100\n|switch|p2a: Armarouge|Armarouge, L50, M|100\/100\n|switch|p2b: Hatterene|Hatterene, L50, F|100\/100\n|-ability|p1a: Chien-Pao|Sword of Ruin\n|turn|1\n|\n|t:|1682881059\n|-terastallize|p1b: Scizor|Water\n|-terastallize|p2a: Armarouge|Grass\n|move|p2b: Hatterene|Protect|p2b: Hatterene\n|-singleturn|p2b: Hatterene|Protect\n|move|p1a: Chien-Pao|Ice Spinner|p2b: Hatterene\n|-activate|p2b: Hatterene|move: Protect\n|move|p1b: Scizor|Tera Blast|p2a: Armarouge\n|-resisted|p2a: Armarouge\n|-damage|p2a: Armarouge|58\/100\n|move|p2a: Armarouge|Trick Room|p2a: Armarouge\n|-fieldstart|move: Trick Room|[of] p2a: Armarouge\n|\n|upkeep\n|turn|2\n|inactive|haha you rage quit has 30 seconds left.\n|inactive|haha you rage quit has 20 seconds left.\n|\n|t:|1682881098\n|switch|p2a: Indeedee|Indeedee-F, L50, F, shiny|100\/100\n|-fieldstart|move: Psychic Terrain|[from] ability: Psychic Surge|[of] p2a: Indeedee\n|-enditem|p2a: Indeedee|Psychic Seed\n|-boost|p2a: Indeedee|spd|1|[from] item: Psychic Seed\n|switch|p1b: Wo-Chien|Wo-Chien, L50|100\/100\n|-ability|p1b: Wo-Chien|Tablets of Ruin\n|move|p1a: Chien-Pao|Protect|p1a: Chien-Pao\n|-singleturn|p1a: Chien-Pao|Protect\n|move|p2b: Hatterene|Dazzling Gleam|p1b: Wo-Chien|[spread] p1b\n|-activate|p1a: Chien-Pao|move: Protect\n|-supereffective|p1b: Wo-Chien\n|-damage|p1b: Wo-Chien|38\/100\n|-damage|p2b: Hatterene|91\/100|[from] item: Life Orb\n|\n|-heal|p1b: Wo-Chien|44\/100|[from] item: Leftovers\n|upkeep\n|turn|3\n|inactive|Oorko has 30 seconds left.\n|\n|t:|1682881125\n|switch|p1a: Scizor|Scizor, L50, M, tera:Water|100\/100\n|move|p2b: Hatterene|Dazzling Gleam|p1b: Wo-Chien|[spread] p1a,p1b\n|-supereffective|p1b: Wo-Chien\n|-damage|p1a: Scizor|39\/100\n|-damage|p1b: Wo-Chien|0 fnt\n|faint|p1b: Wo-Chien\n|-damage|p2b: Hatterene|81\/100|[from] item: Life Orb\n|move|p2a: Indeedee|Dazzling Gleam|p1a: Scizor\n|-damage|p1a: Scizor|16\/100\n|\n|upkeep\n|inactive|Oorko has 30 seconds left.\n|inactive|Oorko has 20 seconds left.\n|inactive|Oorko has 15 seconds left.\n|inactive|Oorko has 10 seconds left.\n|inactive|Oorko has 5 seconds left.\n|\n|t:|1682881181\n|switch|p1b: Chien-Pao|Chien-Pao, L50|100\/100\n|-ability|p1b: Chien-Pao|Sword of Ruin\n|turn|4\n|inactive|Oorko has 30 seconds left.\n|inactive|Oorko has 20 seconds left.\n|inactive|Oorko has 15 seconds left.\n|inactive|Oorko has 10 seconds left.\n|inactive|Oorko has 5 seconds left.\n|\n|t:|1682881236\n|move|p1b: Chien-Pao|Sucker Punch|p2a: Indeedee\n|-activate|p2a: Indeedee|move: Psychic Terrain\n|move|p2b: Hatterene|Dazzling Gleam|p1a: Scizor|[spread] p1a,p1b\n|-supereffective|p1b: Chien-Pao\n|-damage|p1a: Scizor|0 fnt\n|-enditem|p1b: Chien-Pao|Focus Sash\n|-damage|p1b: Chien-Pao|1\/100\n|faint|p1a: Scizor\n|-damage|p2b: Hatterene|71\/100|[from] item: Life Orb\n|move|p2a: Indeedee|Dazzling Gleam|p1b: Chien-Pao\n|-supereffective|p1b: Chien-Pao\n|-damage|p1b: Chien-Pao|0 fnt\n|faint|p1b: Chien-Pao\n|\n|upkeep\n|inactive|Oorko has 30 seconds left.\n|inactive|Oorko has 20 seconds left.\n|inactive|Oorko has 15 seconds left.\n|inactive|Oorko has 10 seconds left.\n|inactive|Oorko has 5 seconds left.\n|\n|t:|1682881291\n|switch|p1a: Garchomp|Garchomp, L50, M|100\/100\n|turn|5\n|inactive|Oorko has 30 seconds left.\n|inactive|Oorko has 20 seconds left.\n|inactive|Oorko has 15 seconds left.\n|inactive|Oorko has 10 seconds left.\n|inactive|Oorko has 5 seconds left.\n|\n|t:|1682881346\n|move|p2b: Hatterene|Dazzling Gleam|p1a: Garchomp\n|-supereffective|p1a: Garchomp\n|-damage|p1a: Garchomp|0 fnt\n|faint|p1a: Garchomp\n|-damage|p2b: Hatterene|61\/100|[from] item: Life Orb\n|\n|win|haha you rage quit\n|raw|Oorko's rating: 1075 → 1059<\/strong> (-16 for losing)\n|raw|haha you rage quit's rating: 1164 → 1183<\/strong> (+19 for winning)\n","uploadtime":1682881353,"views":5,"p1id":"oorko","p2id":"hahayouragequit","formatid":"gen9vgc2023regulationc","rating":1059,"private":0,"password":""}