{"id":"gen9vgc2023regulationc-1851299369","p1":"picleopa","p2":"Nijiatw","format":"[Gen 9] VGC 2023 Regulation C","log":"|j|\u2606picleopa\n|j|\u2606Nijiatw\n|t:|1682433818\n|gametype|doubles\n|player|p1|picleopa|giovanni|1116\n|player|p2|Nijiatw|fisherman-gen4|1084\n|teamsize|p1|6\n|teamsize|p2|6\n|gen|9\n|tier|[Gen 9] VGC 2023 Regulation C\n|rated|\n|rule|Species Clause: Limit one of each Pok\u00e9mon\n|rule|Item Clause: Limit one of each item\n|clearpoke\n|poke|p1|Lilligant, L50, F|\n|poke|p1|Torkoal, L50, F|\n|poke|p1|Annihilape, L50, F|\n|poke|p1|Flutter Mane, L50|\n|poke|p1|Chi-Yu, L50|\n|poke|p1|Talonflame, L50, F|\n|poke|p2|Iron Hands, L50|\n|poke|p2|Amoonguss, L50, F|\n|poke|p2|Pelipper, L50, F|\n|poke|p2|Palafin, L50, F|\n|poke|p2|Baxcalibur, L50, F|\n|poke|p2|Flutter Mane, L50|\n|teampreview|4\n|inactive|Battle timer is ON: inactive players will automatically lose when time's up. (requested by Nijiatw)\n|inactive|picleopa also wants the timer to be on.\n|\n|t:|1682433834\n|start\n|switch|p1a: Torkoal|Torkoal, L50, F|100\/100\n|switch|p1b: Lilligant|Lilligant, L50, F|100\/100\n|switch|p2a: Palafin|Palafin, L50, F|100\/100\n|switch|p2b: Baxcalibur|Baxcalibur, L50, F|100\/100\n|-weather|SunnyDay|[from] ability: Drought|[of] p1a: Torkoal\n|turn|1\n|inactive|picleopa has 30 seconds left.\n|\n|t:|1682433862\n|detailschange|p2a: Palafin|Palafin-Hero, L50, F\n|switch|p2a: Pelipper|Pelipper, L50, F|100\/100\n|-weather|RainDance|[from] ability: Drizzle|[of] p2a: Pelipper\n|move|p1b: Lilligant|Sleep Powder|p2a: Pelipper\n|-status|p2a: Pelipper|slp|[from] move: Sleep Powder\n|move|p2b: Baxcalibur|Icicle Crash|p1b: Lilligant\n|-supereffective|p1b: Lilligant\n|-enditem|p1b: Lilligant|Focus Sash\n|-damage|p1b: Lilligant|1\/100\n|move|p1a: Torkoal|Body Press|p2b: Baxcalibur\n|-supereffective|p2b: Baxcalibur\n|-damage|p2b: Baxcalibur|49\/100\n|\n|-weather|RainDance|[upkeep]\n|upkeep\n|turn|2\n|\n|t:|1682433883\n|move|p1b: Lilligant|Protect|p1b: Lilligant\n|-singleturn|p1b: Lilligant|Protect\n|move|p2b: Baxcalibur|Ice Shard|p1b: Lilligant\n|-activate|p1b: Lilligant|move: Protect\n|cant|p2a: Pelipper|slp\n|move|p1a: Torkoal|Body Press|p2b: Baxcalibur\n|-supereffective|p2b: Baxcalibur\n|-damage|p2b: Baxcalibur|4\/100\n|\n|-weather|RainDance|[upkeep]\n|upkeep\n|turn|3\n|\n|t:|1682433903\n|switch|p1b: Annihilape|Annihilape, L50, F|100\/100\n|move|p2b: Baxcalibur|Ice Shard|p1b: Annihilape\n|-damage|p1b: Annihilape|74\/100\n|cant|p2a: Pelipper|slp\n|move|p1a: Torkoal|Body Press|p2b: Baxcalibur\n|-supereffective|p2b: Baxcalibur\n|-damage|p2b: Baxcalibur|0 fnt\n|faint|p2b: Baxcalibur\n|\n|-weather|RainDance|[upkeep]\n|-heal|p1b: Annihilape|80\/100|[from] item: Leftovers\n|upkeep\n|\n|t:|1682433911\n|switch|p2b: Palafin|Palafin-Hero, L50, F|100\/100\n|-activate|p2b: Palafin|ability: Zero to Hero\n|turn|4\n|\n|t:|1682433925\n|-terastallize|p2b: Palafin|Water\n|move|p2b: Palafin|Wave Crash|p1b: Annihilape\n|-damage|p1b: Annihilape|0 fnt\n|faint|p1b: Annihilape\n|-damage|p2b: Palafin|73\/100|[from] Recoil\n|-curestatus|p2a: Pelipper|slp|[msg]\n|move|p2a: Pelipper|Hurricane|p1a: Torkoal\n|-damage|p1a: Torkoal|52\/100\n|move|p1a: Torkoal|Will-O-Wisp|p2b: Palafin\n|-status|p2b: Palafin|brn\n|\n|-weather|RainDance|[upkeep]\n|-damage|p2b: Palafin|67\/100 brn|[from] brn\n|upkeep\n|\n|t:|1682433937\n|switch|p1b: Lilligant|Lilligant, L50, F|1\/100\n|turn|5\n|\n|t:|1682433948\n|switch|p1a: Flutter Mane|Flutter Mane, L50|100\/100\n|move|p1b: Lilligant|Protect|p1b: Lilligant\n|-singleturn|p1b: Lilligant|Protect\n|move|p2b: Palafin|Jet Punch|p1b: Lilligant\n|-activate|p1b: Lilligant|move: Protect\n|move|p2a: Pelipper|Hydro Pump|p1a: Flutter Mane\n|-damage|p1a: Flutter Mane|31\/100\n|\n|-weather|none\n|-damage|p2b: Palafin|61\/100 brn|[from] brn\n|upkeep\n|turn|6\n|\n|t:|1682433966\n|switch|p1b: Torkoal|Torkoal, L50, F|52\/100\n|-weather|SunnyDay|[from] ability: Drought|[of] p1b: Torkoal\n|-activate|p1a: Flutter Mane|ability: Protosynthesis\n|-start|p1a: Flutter Mane|protosynthesisspe\n|switch|p2a: Flutter Mane|Flutter Mane, L50|100\/100\n|-activate|p2a: Flutter Mane|ability: Protosynthesis\n|-start|p2a: Flutter Mane|protosynthesisspa\n|-terastallize|p1a: Flutter Mane|Water\n|move|p2b: Palafin|Jet Punch|p1a: Flutter Mane\n|-resisted|p1a: Flutter Mane\n|-damage|p1a: Flutter Mane|19\/100\n|move|p1a: Flutter Mane|Thunderbolt|p2a: Flutter Mane\n|-damage|p2a: Flutter Mane|64\/100\n|\n|-weather|SunnyDay|[upkeep]\n|-damage|p2b: Palafin|56\/100 brn|[from] brn\n|upkeep\n|turn|7\n|inactive|Nijiatw has 30 seconds left.\n|\n|t:|1682433999\n|switch|p1b: Lilligant|Lilligant, L50, F|1\/100\n|move|p2b: Palafin|Protect|p2b: Palafin\n|-singleturn|p2b: Palafin|Protect\n|move|p1a: Flutter Mane|Thunderbolt|p2b: Palafin\n|-activate|p2b: Palafin|move: Protect\n|move|p2a: Flutter Mane|Dazzling Gleam|p1a: Flutter Mane|[spread] p1a,p1b\n|-damage|p1a: Flutter Mane|0 fnt\n|-damage|p1b: Lilligant|0 fnt\n|faint|p1a: Flutter Mane\n|-end|p1a: Flutter Mane|Protosynthesis|[silent]\n|faint|p1b: Lilligant\n|\n|-weather|SunnyDay|[upkeep]\n|-damage|p2b: Palafin|50\/100 brn|[from] brn\n|upkeep\n|\n|t:|1682434007\n|switch|p1b: Torkoal|Torkoal, L50, F|52\/100\n|turn|8\n|\n|t:|1682434014\n|move|p2a: Flutter Mane|Moonblast|p1b: Torkoal\n|-resisted|p1b: Torkoal\n|-crit|p1b: Torkoal\n|-damage|p1b: Torkoal|10\/100\n|-enditem|p1b: Torkoal|Sitrus Berry|[eat]\n|-heal|p1b: Torkoal|35\/100|[from] item: Sitrus Berry\n|move|p2b: Palafin|Wave Crash|p1b: Torkoal\n|-supereffective|p1b: Torkoal\n|-damage|p1b: Torkoal|0 fnt\n|faint|p1b: Torkoal\n|-damage|p2b: Palafin|41\/100 brn|[from] Recoil\n|\n|win|Nijiatw\n|raw|picleopa's rating: 1116 → 1089<\/strong> (-27 for losing)\n|raw|Nijiatw's rating: 1084 → 1114<\/strong> (+30 for winning)\n|l|\u2606picleopa\n","uploadtime":1682434022,"views":15,"p1id":"picleopa","p2id":"nijiatw","formatid":"gen9vgc2023regulationc","rating":1089,"private":0,"password":""}