{"id":"gen9vgc2023regulationc-1848230162","p1":"Goatdozo","p2":"2020vgcpro","format":"[Gen 9] VGC 2023 Regulation C","log":"|j|\u2606Goatdozo\n|j|\u26062020vgcpro\n|t:|1682045400\n|gametype|doubles\n|player|p1|Goatdozo|caitlin|\n|player|p2|2020vgcpro|ethan-pokeathlon|\n|teamsize|p1|6\n|teamsize|p2|6\n|gen|9\n|tier|[Gen 9] VGC 2023 Regulation C\n|rule|Species Clause: Limit one of each Pok\u00e9mon\n|rule|Item Clause: Limit one of each item\n|clearpoke\n|poke|p1|Indeedee-F, L50, F|\n|poke|p1|Flutter Mane, L50|\n|poke|p1|Bisharp, L50, F|\n|poke|p1|Hawlucha, L50, F|\n|poke|p1|Armarouge, L50, M|\n|poke|p1|Azumarill, L50, F|\n|poke|p2|Braviary, L50, M|\n|poke|p2|Great Tusk, L50|\n|poke|p2|Dragonite, L50, M|\n|poke|p2|Houndoom, L50, M|\n|poke|p2|Rotom-Wash, L50|\n|poke|p2|Amoonguss, L50, M|\n|teampreview|4\n|inactive|Battle timer is ON: inactive players will automatically lose when time's up. (requested by 2020vgcpro)\n|inactiveoff|Battle timer is now OFF.\n|c|\u26062020vgcpro|g1\n|c|\u26062020vgcpro|g2\n|j| PurpleStyle\n|\n|t:|1682045945\n|start\n|switch|p1a: Jillaroo|Indeedee-F, L50, F|100\/100\n|switch|p1b: Footy|Hawlucha, L50, F|100\/100\n|switch|p2a: LandoT?|Great Tusk, L50|100\/100\n|switch|p2b: Comet|Dragonite, L50, M|100\/100\n|-fieldstart|move: Psychic Terrain|[from] ability: Psychic Surge|[of] p1a: Jillaroo\n|-enditem|p1b: Footy|Psychic Seed\n|-boost|p1b: Footy|spd|1|[from] item: Psychic Seed\n|turn|1\n|inactive|Battle timer is ON: inactive players will automatically lose when time's up. (requested by 2020vgcpro)\n|inactive|2020vgcpro has 30 seconds left.\n|\n|t:|1682045997\n|-end|p2a: LandoT?|Protosynthesis|[silent]\n|switch|p2a: AK Point Disarray|Rotom-Wash, L50, shiny|100\/100\n|move|p1b: Footy|Acrobatics|p2a: AK Point Disarray\n|-resisted|p2a: AK Point Disarray\n|-damage|p2a: AK Point Disarray|73\/100\n|move|p2b: Comet|Ice Spinner|p1b: Footy\n|-supereffective|p1b: Footy\n|-damage|p1b: Footy|8\/100\n|-fieldend|move: Psychic Terrain\n|move|p1a: Jillaroo|Psychic|p2b: Comet\n|-damage|p2b: Comet|81\/100\n|-unboost|p2b: Comet|spd|1\n|\n|upkeep\n|turn|2\n|inactive|Goatdozo has 30 seconds left.\n|inactive|2020vgcpro has 30 seconds left.\n|inactive|2020vgcpro has 20 seconds left.\n|\n|t:|1682046033\n|move|p1a: Jillaroo|Follow Me|p1a: Jillaroo\n|-singleturn|p1a: Jillaroo|move: Follow Me\n|move|p1b: Footy|Close Combat|p2a: AK Point Disarray\n|-damage|p2a: AK Point Disarray|11\/100\n|-unboost|p1b: Footy|def|1\n|-unboost|p1b: Footy|spd|1\n|-enditem|p2a: AK Point Disarray|Wiki Berry|[eat]\n|-heal|p2a: AK Point Disarray|45\/100|[from] item: Wiki Berry\n|move|p2b: Comet|Rock Slide|p1b: Footy|[spread] p1a,p1b\n|-damage|p1a: Jillaroo|80\/100\n|-damage|p1b: Footy|0 fnt\n|faint|p1b: Footy\n|move|p2a: AK Point Disarray|Nasty Plot|p2a: AK Point Disarray\n|-boost|p2a: AK Point Disarray|spa|2\n|\n|upkeep\n|\n|t:|1682046045\n|switch|p1b: Thongs|Flutter Mane, L50|100\/100\n|turn|3\n|inactive|Goatdozo has 30 seconds left.\n|inactive|Goatdozo has 20 seconds left.\n|inactive|Goatdozo has 15 seconds left.\n|\n|t:|1682046090\n|switch|p2b: Skeletons|Houndoom, L50, M|100\/100\n|move|p1a: Jillaroo|Helping Hand|p1b: Thongs\n|-singleturn|p1b: Thongs|Helping Hand|[of] p1a: Jillaroo\n|move|p2a: AK Point Disarray|Protect|p2a: AK Point Disarray\n|-singleturn|p2a: AK Point Disarray|Protect\n|move|p1b: Thongs|Dazzling Gleam|p2a: AK Point Disarray|[spread] p2b\n|-activate|p2a: AK Point Disarray|move: Protect\n|-damage|p2b: Skeletons|25\/100\n|-damage|p1b: Thongs|90\/100|[from] item: Life Orb\n|\n|upkeep\n|turn|4\n|inactive|Goatdozo has 30 seconds left.\n|inactive|2020vgcpro has 30 seconds left.\n|inactive|Goatdozo has 20 seconds left.\n|\n|t:|1682046129\n|move|p1a: Jillaroo|Helping Hand|p1b: Thongs\n|-singleturn|p1b: Thongs|Helping Hand|[of] p1a: Jillaroo\n|move|p1b: Thongs|Dazzling Gleam|p2b: Skeletons|[spread] p2a,p2b\n|-damage|p2a: AK Point Disarray|0 fnt\n|-damage|p2b: Skeletons|0 fnt\n|faint|p2a: AK Point Disarray\n|faint|p2b: Skeletons\n|-damage|p1b: Thongs|80\/100|[from] item: Life Orb\n|\n|upkeep\n|\n|t:|1682046134\n|switch|p2b: Comet|Dragonite, L50, M|81\/100\n|switch|p2a: LandoT?|Great Tusk, L50|100\/100\n|turn|5\n|inactive|Goatdozo has 30 seconds left.\n|inactive|2020vgcpro has 30 seconds left.\n|inactive|2020vgcpro has 20 seconds left.\n|inactive|2020vgcpro has 15 seconds left.\n|\n|t:|1682046177\n|-terastallize|p1b: Thongs|Fairy\n|move|p2b: Comet|Extreme Speed|p1a: Jillaroo\n|-damage|p1a: Jillaroo|48\/100\n|move|p1a: Jillaroo|Follow Me|p1a: Jillaroo\n|-singleturn|p1a: Jillaroo|move: Follow Me\n|move|p2a: LandoT?|Earthquake|p1a: Jillaroo|[spread] p1a,p1b\n|-immune|p2b: Comet\n|-damage|p1a: Jillaroo|7\/100\n|-damage|p1b: Thongs|0 fnt\n|faint|p1b: Thongs\n|-end|p1b: Thongs|Protosynthesis|[silent]\n|\n|upkeep\n|\n|t:|1682046188\n|switch|p1b: Iced Vovo|Azumarill, L50, F|100\/100\n|turn|6\n|inactive|Goatdozo has 30 seconds left.\n|\n|t:|1682046214\n|move|p2b: Comet|Extreme Speed|p1a: Jillaroo\n|-damage|p1a: Jillaroo|0 fnt\n|faint|p1a: Jillaroo\n|move|p2a: LandoT?|Earthquake|p1b: Iced Vovo|[spread] p1b\n|-immune|p2b: Comet\n|-damage|p1b: Iced Vovo|70\/100\n|move|p1b: Iced Vovo|Charm|p2a: LandoT?\n|-unboost|p2a: LandoT?|atk|2\n|\n|-heal|p1b: Iced Vovo|76\/100|[from] item: Leftovers\n|upkeep\n|turn|7\n|\n|t:|1682046237\n|-terastallize|p2a: LandoT?|Fire\n|move|p2a: LandoT?|Earthquake|p1b: Iced Vovo|[spread] p1b\n|-immune|p2b: Comet\n|-damage|p1b: Iced Vovo|60\/100\n|move|p2b: Comet|Iron Head|p1b: Iced Vovo\n|-damage|p1b: Iced Vovo|35\/100\n|cant|p1b: Iced Vovo|flinch\n|\n|-heal|p1b: Iced Vovo|41\/100|[from] item: Leftovers\n|upkeep\n|turn|8\n|\n|t:|1682046253\n|move|p1b: Iced Vovo|Protect|p1b: Iced Vovo\n|-singleturn|p1b: Iced Vovo|Protect\n|move|p2a: LandoT?|Earthquake|p1b: Iced Vovo|[spread] \n|-activate|p1b: Iced Vovo|move: Protect\n|-immune|p2b: Comet\n|move|p2b: Comet|Iron Head|p1b: Iced Vovo\n|-activate|p1b: Iced Vovo|move: Protect\n|\n|-heal|p1b: Iced Vovo|47\/100|[from] item: Leftovers\n|upkeep\n|turn|9\n|\n|t:|1682046264\n|move|p2a: LandoT?|Earthquake|p1b: Iced Vovo|[spread] p1b\n|-immune|p2b: Comet\n|-crit|p1b: Iced Vovo\n|-damage|p1b: Iced Vovo|0 fnt\n|faint|p1b: Iced Vovo\n|\n|win|2020vgcpro\n|c|\u26062020vgcpro|gg\n|c|\u2606Goatdozo|aint no way\n|j| Cblon\n|c| Cblon|Was way I saw\n|c|\u2606Goatdozo|flinch into crit\n|c|\u2606Goatdozo|I was in sush a good positob\n|c|\u2606Goatdozo|sad\n|c| Cblon|That\u2019s the trade off with defensive play\n|c| Cblon|Gg tho\n","uploadtime":1682046333,"views":21,"p1id":"goatdozo","p2id":"2020vgcpro","formatid":"gen9vgc2023regulationc","rating":0,"private":0,"password":""}