{"id":"gen9vgc2023regulationc-1847055067","p1":"JoshLove2020","p2":"BroDontAskPlz","format":"[Gen 9] VGC 2023 Regulation C","log":"|j|\u203dJoshLove2020\n|j|\u2606BroDontAskPlz\n|t:|1681915312\n|gametype|doubles\n|player|p1|JoshLove2020|265|1131\n|player|p2|BroDontAskPlz|266|1158\n|teamsize|p1|6\n|teamsize|p2|6\n|gen|9\n|tier|[Gen 9] VGC 2023 Regulation C\n|rated|\n|rule|Species Clause: Limit one of each Pok\u00e9mon\n|rule|Item Clause: Limit one of each item\n|clearpoke\n|poke|p1|Flutter Mane, L50|\n|poke|p1|Amoonguss, L50, M|\n|poke|p1|Gothitelle, L50, M|\n|poke|p1|Tauros-Paldea-Blaze, L50, M|\n|poke|p1|Azumarill, L50, F|\n|poke|p1|Ting-Lu, L50|\n|poke|p2|Murkrow, L50, F|\n|poke|p2|Annihilape, L50, M|\n|poke|p2|Arcanine, L50, M|\n|poke|p2|Scream Tail, L50|\n|poke|p2|Rotom-Wash, L50|\n|poke|p2|Tyranitar, L50, M|\n|teampreview|4\n|\n|t:|1681915363\n|start\n|switch|p1a: Azumarill|Azumarill, L50, F|100\/100\n|switch|p1b: Gothitelle|Gothitelle, L50, M|100\/100\n|switch|p2a: Annihilape|Annihilape, L50, M, shiny|100\/100\n|switch|p2b: Scream Tail|Scream Tail, L50|100\/100\n|-enditem|p2b: Scream Tail|Booster Energy\n|-activate|p2b: Scream Tail|ability: Protosynthesis|[fromitem]\n|-start|p2b: Scream Tail|protosynthesisspe\n|turn|1\n|inactive|Battle timer is ON: inactive players will automatically lose when time's up. (requested by BroDontAskPlz)\n|inactive|BroDontAskPlz has 60 seconds left.\n|\n|t:|1681915408\n|move|p2a: Annihilape|Protect|p2a: Annihilape\n|-singleturn|p2a: Annihilape|Protect\n|move|p1b: Gothitelle|Fake Out|p2b: Scream Tail\n|-damage|p2b: Scream Tail|96\/100\n|cant|p2b: Scream Tail|flinch\n|move|p1a: Azumarill|Play Rough|p2a: Annihilape\n|-activate|p2a: Annihilape|move: Protect\n|\n|upkeep\n|turn|2\n|\n|t:|1681915432\n|-terastallize|p2a: Annihilape|Water\n|move|p1b: Gothitelle|Protect|p1b: Gothitelle\n|-singleturn|p1b: Gothitelle|Protect\n|move|p2b: Scream Tail|Bulk Up|p2b: Scream Tail\n|-boost|p2b: Scream Tail|atk|1\n|-boost|p2b: Scream Tail|def|1\n|move|p2a: Annihilape|Bulk Up|p2a: Annihilape\n|-boost|p2a: Annihilape|atk|1\n|-boost|p2a: Annihilape|def|1\n|move|p1a: Azumarill|Play Rough|p2a: Annihilape|[miss]\n|-miss|p1a: Azumarill|p2a: Annihilape\n|\n|upkeep\n|turn|3\n|inactive|BroDontAskPlz has 30 seconds left.\n|\n|t:|1681915467\n|move|p2b: Scream Tail|Disable|p1a: Azumarill\n|-start|p1a: Azumarill|Disable|Play Rough\n|move|p2a: Annihilape|Rage Fist|p1b: Gothitelle\n|-supereffective|p1b: Gothitelle\n|-damage|p1b: Gothitelle|35\/100\n|move|p1b: Gothitelle|Thunder Wave|p2a: Annihilape\n|-status|p2a: Annihilape|par\n|move|p1a: Azumarill|Perish Song|p1a: Azumarill\n|-start|p1a: Azumarill|perish3|[silent]\n|-start|p1b: Gothitelle|perish3|[silent]\n|-start|p2a: Annihilape|perish3|[silent]\n|-start|p2b: Scream Tail|perish3|[silent]\n|-fieldactivate|move: Perish Song\n|\n|-start|p2b: Scream Tail|perish3\n|-start|p1b: Gothitelle|perish3\n|-start|p1a: Azumarill|perish3\n|-start|p2a: Annihilape|perish3\n|upkeep\n|turn|4\n|\n|t:|1681915490\n|switch|p1a: Amoonguss|Amoonguss, L50, M|100\/100\n|move|p1b: Gothitelle|Protect|p1b: Gothitelle\n|-singleturn|p1b: Gothitelle|Protect\n|move|p2b: Scream Tail|Baton Pass|p2b: Scream Tail\n|c|\u2606BroDontAskPlz|predicatable\n|\n|t:|1681915499\n|-end|p2b: Scream Tail|Protosynthesis|[silent]\n|switch|p2b: Arcanine|Arcanine, L50, M, shiny|100\/100|[from] Baton Pass\n|-ability|p2b: Arcanine|Intimidate|boost\n|-unboost|p1a: Amoonguss|atk|1\n|-unboost|p1b: Gothitelle|atk|1\n|move|p2a: Annihilape|Bulk Up|p2a: Annihilape\n|-boost|p2a: Annihilape|atk|1\n|-boost|p2a: Annihilape|def|1\n|\n|-start|p2b: Arcanine|perish2\n|-start|p1b: Gothitelle|perish2\n|-start|p2a: Annihilape|perish2\n|upkeep\n|turn|5\n|\n|t:|1681915522\n|-terastallize|p1b: Gothitelle|Dark\n|move|p2b: Arcanine|Flare Blitz|p1b: Gothitelle\n|-damage|p1b: Gothitelle|0 fnt\n|faint|p1b: Gothitelle\n|-damage|p2b: Arcanine|90\/100|[from] Recoil\n|move|p2a: Annihilape|Rage Fist|p1a: Amoonguss\n|-damage|p1a: Amoonguss|58\/100\n|move|p1a: Amoonguss|Pollen Puff|p1: Gothitelle|[notarget]\n|-fail|p1a: Amoonguss\n|\n|-start|p2b: Arcanine|perish1\n|-start|p2a: Annihilape|perish1\n|upkeep\n|\n|t:|1681915530\n|switch|p1b: Azumarill|Azumarill, L50, F|100\/100\n|turn|6\n|\n|t:|1681915543\n|switch|p2b: Rotom|Rotom-Wash, L50, shiny|100\/100\n|switch|p2a: Scream Tail|Scream Tail, L50|96\/100\n|move|p1b: Azumarill|Play Rough|p2a: Scream Tail\n|-damage|p2a: Scream Tail|53\/100\n|move|p1a: Amoonguss|Spore|p2b: Rotom\n|-status|p2b: Rotom|slp|[from] move: Spore\n|\n|upkeep\n|turn|7\n|inactive|BroDontAskPlz has 30 seconds left.\n|\n|t:|1681915570\n|switch|p1b: Ting-Lu|Ting-Lu, L50|100\/100\n|-ability|p1b: Ting-Lu|Vessel of Ruin\n|move|p2a: Scream Tail|Disable|p1a: Amoonguss\n|-start|p1a: Amoonguss|Disable|Spore\n|cant|p2b: Rotom|slp\n|cant|p1a: Amoonguss|Disable|Spore\n|\n|upkeep\n|turn|8\n|inactive|JoshLove2020 has 30 seconds left.\n|inactive|JoshLove2020 has 20 seconds left.\n|inactive|JoshLove2020 has 15 seconds left.\n|\n|t:|1681915611\n|switch|p1a: Azumarill|Azumarill, L50, F|100\/100\n|move|p2a: Scream Tail|Bulk Up|p2a: Scream Tail\n|-boost|p2a: Scream Tail|atk|1\n|-boost|p2a: Scream Tail|def|1\n|-curestatus|p2b: Rotom|slp|[msg]\n|move|p2b: Rotom|Will-O-Wisp|p1b: Ting-Lu\n|-status|p1b: Ting-Lu|brn\n|move|p1b: Ting-Lu|Heavy Slam|p2a: Scream Tail\n|-supereffective|p2a: Scream Tail\n|-damage|p2a: Scream Tail|33\/100\n|\n|-damage|p1b: Ting-Lu|94\/100 brn|[from] brn\n|upkeep\n|turn|9\n|inactive|JoshLove2020 has 30 seconds left.\n|inactive|BroDontAskPlz has 30 seconds left.\n|\n|t:|1681915640\n|move|p2a: Scream Tail|Baton Pass|p2a: Scream Tail\n|\n|t:|1681915645\n|-end|p2a: Scream Tail|Protosynthesis|[silent]\n|switch|p2a: Annihilape|Annihilape, L50, M, shiny, tera:Water|100\/100 par|[from] Baton Pass\n|move|p2b: Rotom|Hydro Pump|p1b: Ting-Lu\n|-supereffective|p1b: Ting-Lu\n|-damage|p1b: Ting-Lu|62\/100 brn\n|move|p1a: Azumarill|Perish Song|p1a: Azumarill\n|-start|p1a: Azumarill|perish3|[silent]\n|-start|p1b: Ting-Lu|perish3|[silent]\n|-start|p2a: Annihilape|perish3|[silent]\n|-start|p2b: Rotom|perish3|[silent]\n|-fieldactivate|move: Perish Song\n|move|p1b: Ting-Lu|Sand Tomb|p2a: Annihilape\n|-damage|p2a: Annihilape|95\/100 par\n|-activate|p2a: Annihilape|move: Sand Tomb|[of] p1b: Ting-Lu\n|\n|-damage|p1b: Ting-Lu|56\/100 brn|[from] brn\n|-damage|p2a: Annihilape|83\/100 par|[from] move: Sand Tomb|[partiallytrapped]\n|-start|p2b: Rotom|perish3\n|-start|p1a: Azumarill|perish3\n|-start|p1b: Ting-Lu|perish3\n|-start|p2a: Annihilape|perish3\n|upkeep\n|turn|10\n|inactive|JoshLove2020 has 30 seconds left.\n|inactive|BroDontAskPlz has 30 seconds left.\n|inactive|BroDontAskPlz has 20 seconds left.\n|inactive|BroDontAskPlz has 15 seconds left.\n|inactive|BroDontAskPlz has 10 seconds left.\n|\n|t:|1681915692\n|switch|p1a: Amoonguss|Amoonguss, L50, M|91\/100\n|move|p2b: Rotom|Hydro Pump|p1b: Ting-Lu\n|-supereffective|p1b: Ting-Lu\n|-damage|p1b: Ting-Lu|22\/100 brn\n|move|p1b: Ting-Lu|Fissure|p2a: Annihilape\n|-damage|p2a: Annihilape|0 fnt\n|faint|p2a: Annihilape\n|-ohko\n|\n|-damage|p1b: Ting-Lu|16\/100 brn|[from] brn\n|-start|p2b: Rotom|perish2\n|-start|p1b: Ting-Lu|perish2\n|upkeep\n|c|\u2606BroDontAskPlz|tf\n|inactive|BroDontAskPlz has 30 seconds left.\n|\n|t:|1681915719\n|switch|p2a: Arcanine|Arcanine, L50, M, shiny|90\/100\n|-ability|p2a: Arcanine|Intimidate|boost\n|-unboost|p1a: Amoonguss|atk|1\n|-unboost|p1b: Ting-Lu|atk|1\n|turn|11\n|\n|t:|1681915731\n|switch|p2b: Scream Tail|Scream Tail, L50|33\/100\n|move|p1a: Amoonguss|Protect|p1a: Amoonguss\n|-singleturn|p1a: Amoonguss|Protect\n|move|p2a: Arcanine|Extreme Speed|p1b: Ting-Lu\n|-damage|p1b: Ting-Lu|3\/100 brn\n|move|p1b: Ting-Lu|Fissure|p2a: Arcanine|[miss]\n|-miss|p1b: Ting-Lu|p2a: Arcanine\n|\n|-damage|p1b: Ting-Lu|0 fnt|[from] brn\n|faint|p1b: Ting-Lu\n|upkeep\n|\n|t:|1681915741\n|switch|p1b: Azumarill|Azumarill, L50, F|100\/100\n|turn|12\n|inactive|BroDontAskPlz has 30 seconds left.\n|inactive|BroDontAskPlz has 20 seconds left.\n|inactive|BroDontAskPlz has 15 seconds left.\n|inactive|BroDontAskPlz has 10 seconds left.\n|inactive|BroDontAskPlz has 5 seconds left.\n|\n|t:|1681915792\n|move|p2a: Arcanine|Extreme Speed|p1b: Azumarill\n|-damage|p1b: Azumarill|77\/100\n|move|p1b: Azumarill|Aqua Jet|p2a: Arcanine\n|-supereffective|p2a: Arcanine\n|-damage|p2a: Arcanine|31\/100\n|move|p2b: Scream Tail|Dazzling Gleam|p1b: Azumarill|[spread] p1a,p1b\n|-resisted|p1a: Amoonguss\n|-damage|p1a: Amoonguss|84\/100\n|-damage|p1b: Azumarill|62\/100\n|move|p1a: Amoonguss|Spore|p2b: Scream Tail\n|-status|p2b: Scream Tail|slp|[from] move: Spore\n|\n|upkeep\n|turn|13\n|\n|t:|1681915811\n|move|p1a: Amoonguss|Protect|p1a: Amoonguss\n|-singleturn|p1a: Amoonguss|Protect\n|move|p1b: Azumarill|Aqua Jet|p2a: Arcanine\n|-supereffective|p2a: Arcanine\n|-damage|p2a: Arcanine|0 fnt\n|faint|p2a: Arcanine\n|cant|p2b: Scream Tail|slp\n|\n|upkeep\n|\n|t:|1681915819\n|switch|p2a: Rotom|Rotom-Wash, L50, shiny|100\/100\n|turn|14\n|\n|t:|1681915829\n|move|p1a: Amoonguss|Rage Powder|p1a: Amoonguss\n|-singleturn|p1a: Amoonguss|move: Rage Powder\n|-curestatus|p2b: Scream Tail|slp|[msg]\n|move|p2b: Scream Tail|Disable|p1a: Amoonguss\n|-start|p1a: Amoonguss|Disable|Rage Powder\n|move|p2a: Rotom|Volt Switch|p1a: Amoonguss\n|-resisted|p1a: Amoonguss\n|-damage|p1a: Amoonguss|69\/100\n|move|p1b: Azumarill|Play Rough|p2a: Rotom\n|-damage|p2a: Rotom|21\/100\n|\n|-heal|p2a: Rotom|27\/100|[from] item: Leftovers\n|upkeep\n|turn|15\n|\n|t:|1681915848\n|move|p1b: Azumarill|Protect|p1b: Azumarill\n|-singleturn|p1b: Azumarill|Protect\n|move|p2b: Scream Tail|Dazzling Gleam|p1b: Azumarill|[spread] p1a\n|-activate|p1b: Azumarill|move: Protect\n|-resisted|p1a: Amoonguss\n|-damage|p1a: Amoonguss|63\/100\n|move|p2a: Rotom|Volt Switch|p1b: Azumarill\n|-activate|p1b: Azumarill|move: Protect\n|move|p1a: Amoonguss|Spore|p2a: Rotom\n|-status|p2a: Rotom|slp|[from] move: Spore\n|\n|-heal|p2a: Rotom|32\/100 slp|[from] item: Leftovers\n|upkeep\n|turn|16\n|c|\u2606BroDontAskPlz|holy crap youre cringe\n|c|\u2606BroDontAskPlz|negative skill\n|inactive|BroDontAskPlz has 30 seconds left.\n|\n|t:|1681915880\n|move|p2b: Scream Tail|Disable||[still]\n|-fail|p2b: Scream Tail\n|cant|p2a: Rotom|slp\n|move|p1b: Azumarill|Play Rough|p2a: Rotom\n|-damage|p2a: Rotom|0 fnt\n|faint|p2a: Rotom\n|move|p1a: Amoonguss|Pollen Puff|p1b: Azumarill\n|-heal|p1b: Azumarill|100\/100\n|\n|upkeep\n|turn|17\n|inactive|BroDontAskPlz has 30 seconds left.\n|-message|BroDontAskPlz forfeited.\n|\n|win|JoshLove2020\n|inactive|BroDontAskPlz has 30 seconds left this turn.\n|raw|JoshLove2020's rating: 1131 → 1158<\/strong> (+27 for winning)\n|raw|BroDontAskPlz's rating: 1158 → 1131<\/strong> (-27 for losing)\n|l|\u2606BroDontAskPlz\n","uploadtime":1681915903,"views":10,"p1id":"joshlove2020","p2id":"brodontaskplz","formatid":"gen9vgc2023regulationc","rating":1131,"private":0,"password":""}