{"id":"gen9vgc2023regulationc-1845726896","p1":"fo50","p2":"Scizor To Worlds","format":"[Gen 9] VGC 2023 Regulation C","log":"|j|\u2606fo50\n|j|\u2606Scizor To Worlds\n|t:|1681758993\n|gametype|doubles\n|player|p1|fo50|2|1054\n|player|p2|Scizor To Worlds|roughneck-gen4|1122\n|teamsize|p1|6\n|teamsize|p2|6\n|gen|9\n|tier|[Gen 9] VGC 2023 Regulation C\n|rated|\n|rule|Species Clause: Limit one of each Pok\u00e9mon\n|rule|Item Clause: Limit one of each item\n|clearpoke\n|poke|p1|Scovillain, L50, M|\n|poke|p1|Dragonite, L50, M|\n|poke|p1|Tinkaton, L50, F|\n|poke|p1|Garchomp, L50, M|\n|poke|p1|Torkoal, L50, M|\n|poke|p1|Scizor, L50, F|\n|poke|p2|Sableye, L50, F|\n|poke|p2|Flutter Mane, L50|\n|poke|p2|Chi-Yu, L50|\n|poke|p2|Great Tusk, L50|\n|poke|p2|Gyarados, L50, M|\n|poke|p2|Dragonite, L50, F|\n|teampreview|4\n|inactive|Battle timer is ON: inactive players will automatically lose when time's up. (requested by Scizor To Worlds)\n|inactive|Scizor To Worlds has 60 seconds left.\n|\n|t:|1681759046\n|start\n|switch|p1a: Scizor|Scizor, L50, F|100\/100\n|switch|p1b: Garchomp|Garchomp, L50, M|100\/100\n|switch|p2a: Sableye|Sableye, L50, F|100\/100\n|switch|p2b: Chi-Yu|Chi-Yu, L50|100\/100\n|-ability|p2b: Chi-Yu|Beads of Ruin\n|turn|1\n|inactive|Scizor To Worlds has 30 seconds left.\n|\n|t:|1681759073\n|switch|p1a: Dragonite|Dragonite, L50, M|100\/100\n|move|p2a: Sableye|Fake Out|p1b: Garchomp\n|-damage|p1b: Garchomp|93\/100\n|-damage|p2a: Sableye|88\/100|[from] ability: Rough Skin|[of] p1b: Garchomp\n|move|p2b: Chi-Yu|Heat Wave|p1b: Garchomp|[spread] p1a,p1b\n|-resisted|p1a: Dragonite\n|-resisted|p1b: Garchomp\n|-damage|p1a: Dragonite|83\/100\n|-damage|p1b: Garchomp|70\/100\n|-damage|p2b: Chi-Yu|91\/100|[from] item: Life Orb\n|cant|p1b: Garchomp|flinch\n|\n|upkeep\n|turn|2\n|inactive|fo50 has 30 seconds left.\n|\n|t:|1681759106\n|move|p2a: Sableye|Quash|p1b: Garchomp\n|-activate|p1b: Garchomp|move: Quash\n|move|p2b: Chi-Yu|Dark Pulse|p1b: Garchomp\n|-damage|p1b: Garchomp|10\/100\n|-damage|p2b: Chi-Yu|81\/100|[from] item: Life Orb\n|move|p1a: Dragonite|Ice Spinner|p2a: Sableye\n|-damage|p2a: Sableye|48\/100\n|-enditem|p2a: Sableye|Eject Button\n|\n|t:|1681759114\n|switch|p2a: Gyarados|Gyarados, L50, M, shiny|100\/100\n|-ability|p2a: Gyarados|Intimidate|boost\n|-unboost|p1a: Dragonite|atk|1\n|-unboost|p1b: Garchomp|atk|1\n|move|p1b: Garchomp|Earthquake|p2b: Chi-Yu|[spread] p2b\n|-immune|p1a: Dragonite\n|-immune|p2a: Gyarados\n|-supereffective|p2b: Chi-Yu\n|-damage|p2b: Chi-Yu|0 fnt\n|faint|p2b: Chi-Yu\n|\n|upkeep\n|\n|t:|1681759128\n|switch|p2b: Sableye|Sableye, L50, F|48\/100\n|turn|3\n|\n|t:|1681759142\n|switch|p1a: Tinkaton|Tinkaton, L50, F|100\/100\n|move|p2b: Sableye|Fake Out|p1a: Tinkaton\n|-resisted|p1a: Tinkaton\n|-damage|p1a: Tinkaton|96\/100\n|move|p1b: Garchomp|Thunder Fang|p2a: Gyarados\n|-supereffective|p2a: Gyarados\n|-damage|p2a: Gyarados|18\/100\n|-status|p2a: Gyarados|par\n|-enditem|p2a: Gyarados|Sitrus Berry|[eat]\n|-heal|p2a: Gyarados|43\/100 par|[from] item: Sitrus Berry\n|move|p2a: Gyarados|Waterfall|p1b: Garchomp\n|-damage|p1b: Garchomp|0 fnt\n|-damage|p2a: Gyarados|31\/100 par|[from] ability: Rough Skin|[of] p1b: Garchomp\n|faint|p1b: Garchomp\n|\n|-heal|p1a: Tinkaton|100\/100|[from] item: Leftovers\n|upkeep\n|\n|t:|1681759165\n|switch|p1b: Scizor|Scizor, L50, F|100\/100\n|turn|4\n|\n|t:|1681759184\n|move|p1a: Tinkaton|Fake Out|p2a: Gyarados\n|-damage|p2a: Gyarados|23\/100 par\n|move|p2b: Sableye|Sunny Day|p2b: Sableye\n|-weather|SunnyDay\n|move|p1b: Scizor|Swords Dance|p1b: Scizor\n|-boost|p1b: Scizor|atk|2\n|cant|p2a: Gyarados|flinch\n|\n|-weather|SunnyDay|[upkeep]\n|upkeep\n|turn|5\n|\n|t:|1681759206\n|move|p1b: Scizor|Bullet Punch|p2a: Gyarados\n|-resisted|p2a: Gyarados\n|-damage|p2a: Gyarados|0 fnt\n|faint|p2a: Gyarados\n|move|p2b: Sableye|Quash||[still]\n|-fail|p2b: Sableye\n|move|p1a: Tinkaton|Draining Kiss|p2b: Sableye\n|-supereffective|p2b: Sableye\n|-damage|p2b: Sableye|18\/100\n|\n|-weather|SunnyDay|[upkeep]\n|upkeep\n|\n|t:|1681759214\n|switch|p2a: Great Tusk|Great Tusk, L50|100\/100\n|-activate|p2a: Great Tusk|ability: Protosynthesis\n|-start|p2a: Great Tusk|protosynthesisatk\n|turn|6\n|\n|t:|1681759234\n|-terastallize|p2a: Great Tusk|Ground\n|-terastallize|p1b: Scizor|Flying\n|move|p2b: Sableye|Quash|p1b: Scizor\n|-activate|p1b: Scizor|move: Quash\n|move|p2a: Great Tusk|Earthquake|p1a: Tinkaton|[spread] p2b,p1a\n|-immune|p1b: Scizor\n|-supereffective|p1a: Tinkaton\n|-damage|p2b: Sableye|0 fnt\n|-damage|p1a: Tinkaton|0 fnt\n|faint|p2b: Sableye\n|faint|p1a: Tinkaton\n|move|p1b: Scizor|Trailblaze|p2a: Great Tusk\n|-supereffective|p2a: Great Tusk\n|-damage|p2a: Great Tusk|13\/100\n|-boost|p1b: Scizor|spe|1\n|\n|-weather|SunnyDay|[upkeep]\n|upkeep\n|-message|Scizor To Worlds forfeited.\n|\n|win|fo50\n|raw|fo50's rating: 1054 → 1092<\/strong> (+38 for winning)\n|raw|Scizor To Worlds's rating: 1122 → 1092<\/strong> (-30 for losing)\n|l|\u2606Scizor To Worlds\n","uploadtime":1681759254,"views":9,"p1id":"fo50","p2id":"scizortoworlds","formatid":"gen9vgc2023regulationc","rating":1092,"private":0,"password":""}