{"id":"gen9vgc2023regulationc-1861245778","p1":"Arcacagne","p2":"princess Hoshi","format":"[Gen 9] VGC 2023 Regulation C","log":"|j|\u2606Arcacagne\n|j|\u2606princess Hoshi\n|t:|1683739147\n|gametype|doubles\n|player|p1|Arcacagne|265|1291\n|player|p2|princess Hoshi|iono|1316\n|teamsize|p1|6\n|teamsize|p2|6\n|gen|9\n|tier|[Gen 9] VGC 2023 Regulation C\n|rated|\n|rule|Species Clause: Limit one of each Pok\u00e9mon\n|rule|Item Clause: Limit one of each item\n|clearpoke\n|poke|p1|Chi-Yu, L50|\n|poke|p1|Flutter Mane, L50|\n|poke|p1|Amoonguss, L50, F|\n|poke|p1|Palafin, L50, M|\n|poke|p1|Iron Hands, L50|\n|poke|p1|Arcanine, L50, M|\n|poke|p2|Leafeon, L50, M|\n|poke|p2|Chien-Pao, L50|\n|poke|p2|Torkoal, L50, M|\n|poke|p2|Great Tusk, L50|\n|poke|p2|Amoonguss, L50, M|\n|poke|p2|Flutter Mane, L50|\n|teampreview|4\n|\n|t:|1683739177\n|start\n|switch|p1a: Chi-Yu|Chi-Yu, L50|100\/100\n|switch|p1b: Iron Hands|Iron Hands, L50|100\/100\n|switch|p2a: Leafeon|Leafeon, L50, M|100\/100\n|switch|p2b: Torkoal|Torkoal, L50, M|100\/100\n|-ability|p1a: Chi-Yu|Beads of Ruin\n|-weather|SunnyDay|[from] ability: Drought|[of] p2b: Torkoal\n|turn|1\n|\n|t:|1683739193\n|move|p2a: Leafeon|Detect|p2a: Leafeon\n|-singleturn|p2a: Leafeon|Protect\n|move|p1b: Iron Hands|Fake Out|p2a: Leafeon\n|-activate|p2a: Leafeon|move: Protect\n|move|p1a: Chi-Yu|Heat Wave|p2a: Leafeon|[spread] p2b\n|-activate|p2a: Leafeon|move: Protect\n|-resisted|p2b: Torkoal\n|-damage|p2b: Torkoal|66\/100\n|move|p2b: Torkoal|Overheat|p1b: Iron Hands|[miss]\n|-miss|p2b: Torkoal|p1b: Iron Hands\n|\n|-weather|SunnyDay|[upkeep]\n|upkeep\n|turn|2\n|\n|t:|1683739215\n|-terastallize|p2a: Leafeon|Fire\n|-terastallize|p1b: Iron Hands|Fire\n|move|p2a: Leafeon|Tickle|p1b: Iron Hands\n|-unboost|p1b: Iron Hands|atk|1\n|-unboost|p1b: Iron Hands|def|1\n|move|p1a: Chi-Yu|Heat Wave|p2a: Leafeon|[spread] p2a,p2b\n|-resisted|p2a: Leafeon\n|-resisted|p2b: Torkoal\n|-damage|p2a: Leafeon|47\/100\n|-damage|p2b: Torkoal|36\/100\n|move|p1b: Iron Hands|Drain Punch|p2b: Torkoal\n|-crit|p2b: Torkoal\n|-damage|p2b: Torkoal|0 fnt\n|faint|p2b: Torkoal\n|\n|-weather|SunnyDay|[upkeep]\n|upkeep\n|\n|t:|1683739233\n|switch|p2b: Great Tusk|Great Tusk, L50|100\/100\n|-activate|p2b: Great Tusk|ability: Protosynthesis\n|-start|p2b: Great Tusk|protosynthesisatk\n|turn|3\n|\n|t:|1683739251\n|-end|p1b: Iron Hands|Quark Drive|[silent]\n|switch|p1b: Amoonguss|Amoonguss, L50, F|100\/100\n|move|p1a: Chi-Yu|Protect|p1a: Chi-Yu\n|-singleturn|p1a: Chi-Yu|Protect\n|move|p2a: Leafeon|Tickle|p1b: Amoonguss\n|-unboost|p1b: Amoonguss|atk|1\n|-unboost|p1b: Amoonguss|def|1\n|move|p2b: Great Tusk|Rock Slide|p1a: Chi-Yu|[spread] p1b\n|-activate|p1a: Chi-Yu|move: Protect\n|-damage|p1b: Amoonguss|66\/100\n|\n|-weather|SunnyDay|[upkeep]\n|upkeep\n|turn|4\n|\n|t:|1683739269\n|move|p1b: Amoonguss|Rage Powder|p1b: Amoonguss\n|-singleturn|p1b: Amoonguss|move: Rage Powder\n|move|p2a: Leafeon|Tera Blast|p1b: Amoonguss\n|-supereffective|p1b: Amoonguss\n|-damage|p1b: Amoonguss|0 fnt\n|faint|p1b: Amoonguss\n|-damage|p2a: Leafeon|37\/100|[from] item: Life Orb\n|move|p2b: Great Tusk|Rock Slide|p1a: Chi-Yu\n|-supereffective|p1a: Chi-Yu\n|-damage|p1a: Chi-Yu|8\/100\n|move|p1a: Chi-Yu|Heat Wave|p2a: Leafeon|[spread] p2a,p2b\n|-resisted|p2a: Leafeon\n|-damage|p2a: Leafeon|0 fnt\n|-damage|p2b: Great Tusk|13\/100\n|faint|p2a: Leafeon\n|\n|-weather|SunnyDay|[upkeep]\n|upkeep\n|\n|t:|1683739287\n|switch|p2a: Chien-Pao|Chien-Pao, L50|100\/100\n|switch|p1b: Iron Hands|Iron Hands, L50, tera:Fire|100\/100\n|-ability|p2a: Chien-Pao|Sword of Ruin\n|turn|5\n|\n|t:|1683739296\n|move|p1b: Iron Hands|Fake Out|p2b: Great Tusk\n|-damage|p2b: Great Tusk|0 fnt\n|faint|p2b: Great Tusk\n|-end|p2b: Great Tusk|Protosynthesis|[silent]\n|move|p2a: Chien-Pao|Crunch|p1b: Iron Hands\n|-damage|p1b: Iron Hands|65\/100\n|move|p1a: Chi-Yu|Heat Wave|p2a: Chien-Pao\n|-supereffective|p2a: Chien-Pao\n|-enditem|p2a: Chien-Pao|Focus Sash\n|-damage|p2a: Chien-Pao|1\/100\n|\n|-weather|none\n|upkeep\n|turn|6\n|-message|princess Hoshi forfeited.\n|\n|win|Arcacagne\n|raw|Arcacagne's rating: 1291 → 1318<\/strong> (+27 for winning)\n|raw|princess Hoshi's rating: 1316 → 1295<\/strong> (-21 for losing)\n|l|\u2606princess Hoshi\n","uploadtime":1683739319,"views":10,"p1id":"arcacagne","p2id":"princesshoshi","formatid":"gen9vgc2023regulationc","rating":1295,"private":0,"password":""}