{"id":"gen9vgc2023regulationc-1858502402","p1":"cherveny","p2":"Dragonite8723","format":"[Gen 9] VGC 2023 Regulation C","log":"|j|\u2606cherveny\n|j|\u2606Dragonite8723\n|t:|1683318793\n|gametype|doubles\n|player|p1|cherveny|cynthia-gen4|1119\n|player|p2|Dragonite8723|169|1145\n|teamsize|p1|6\n|teamsize|p2|6\n|gen|9\n|tier|[Gen 9] VGC 2023 Regulation C\n|rated|\n|rule|Species Clause: Limit one of each Pok\u00e9mon\n|rule|Item Clause: Limit one of each item\n|clearpoke\n|poke|p1|Iron Bundle, L50|\n|poke|p1|Iron Hands, L50|\n|poke|p1|Flutter Mane, L50|\n|poke|p1|Amoonguss, L50, F|\n|poke|p1|Garganacl, L50, M|\n|poke|p1|Kingambit, L50, F|\n|poke|p2|Palafin, L50, F|\n|poke|p2|Chien-Pao, L50|\n|poke|p2|Eelektross, L50, M|\n|poke|p2|Rotom-Wash, L50|\n|poke|p2|Dragonite, L50, M|\n|poke|p2|Ting-Lu, L50|\n|teampreview|4\ncherveny rejected open team sheets.\n|inactive|Battle timer is ON: inactive players will automatically lose when time's up. (requested by cherveny)\n|l|\u2606Dragonite8723\n|inactive|Dragonite8723 disconnected and has a minute to reconnect!\n|player|p2|\n|j|\u2606Dragonite8723\n|inactive|Dragonite8723 reconnected and has 65 seconds left.\n|player|p2|Dragonite8723|169\n|inactive|Dragonite8723 has 60 seconds left.\n|inactive|Dragonite8723 has 30 seconds left.\n|inactive|Dragonite8723 has 20 seconds left.\n|inactive|Dragonite8723 has 15 seconds left.\n|l|\u2606Dragonite8723\n|inactive|Dragonite8723 disconnected and has a minute to reconnect!\n|player|p2|\n|inactive|Dragonite8723 has 10 seconds left.\n|inactive|Dragonite8723 has 5 seconds left.\n|j|\u2606Dragonite8723\n|inactive|Dragonite8723 reconnected and has 5 seconds left.\n|player|p2|Dragonite8723|169\n|\n|t:|1683318942\n|start\n|switch|p1a: Iron Hands|Iron Hands, L50|100\/100\n|switch|p1b: Flutter Mane|Flutter Mane, L50|100\/100\n|switch|p2a: Palafin|Palafin, L50, F|100\/100\n|switch|p2b: Chien-Pao|Chien-Pao, L50|100\/100\n|-ability|p2b: Chien-Pao|Sword of Ruin\n|turn|1\n|inactive|Dragonite8723 has 30 seconds left.\n|inactive|Dragonite8723 has 20 seconds left.\n|\n|t:|1683318981\n|detailschange|p2a: Palafin|Palafin-Hero, L50, F\n|switch|p2a: Eelektross|Eelektross, L50, M|100\/100\n|move|p1a: Iron Hands|Fake Out|p2b: Chien-Pao\n|-damage|p2b: Chien-Pao|70\/100\n|-damage|p1a: Iron Hands|90\/100|[from] item: Life Orb\n|cant|p2b: Chien-Pao|flinch\n|move|p1b: Flutter Mane|Moonblast|p2b: Chien-Pao\n|-supereffective|p2b: Chien-Pao\n|-damage|p2b: Chien-Pao|0 fnt\n|faint|p2b: Chien-Pao\n|\n|upkeep\n|\n|t:|1683319000\n|switch|p2b: Rotom|Rotom-Wash, L50|100\/100\n|turn|2\n|\n|t:|1683319016\n|move|p1b: Flutter Mane|Protect|p1b: Flutter Mane\n|-singleturn|p1b: Flutter Mane|Protect\n|move|p2b: Rotom|Will-O-Wisp|p1a: Iron Hands\n|-status|p1a: Iron Hands|brn\n|move|p2a: Eelektross|Thunder Punch|p1b: Flutter Mane\n|-activate|p1b: Flutter Mane|move: Protect\n|move|p1a: Iron Hands|Wild Charge|p2b: Rotom\n|-damage|p2b: Rotom|68\/100\n|-damage|p1a: Iron Hands|85\/100 brn|[from] Recoil\n|-damage|p1a: Iron Hands|75\/100 brn|[from] item: Life Orb\n|\n|-damage|p1a: Iron Hands|69\/100 brn|[from] brn\n|upkeep\n|turn|3\n|inactive|cherveny has 30 seconds left.\n|\n|t:|1683319045\n|-end|p1b: Flutter Mane|Protosynthesis|[silent]\n|switch|p1b: Amoonguss|Amoonguss, L50, F|100\/100\n|move|p1a: Iron Hands|Protect|p1a: Iron Hands\n|-singleturn|p1a: Iron Hands|Protect\n|move|p2b: Rotom|Shadow Ball|p1b: Amoonguss\n|-damage|p1b: Amoonguss|83\/100\n|move|p2a: Eelektross|Thunder Punch|p1b: Amoonguss\n|-resisted|p1b: Amoonguss\n|-damage|p1b: Amoonguss|65\/100\n|-status|p1b: Amoonguss|par\n|\n|-damage|p1a: Iron Hands|63\/100 brn|[from] brn\n|upkeep\n|turn|4\n|inactive|Dragonite8723 has 30 seconds left.\n|\n|t:|1683319070\n|move|p2b: Rotom|Nasty Plot|p2b: Rotom\n|-boost|p2b: Rotom|spa|2\n|move|p2a: Eelektross|U-turn|p1b: Amoonguss\n|-damage|p1b: Amoonguss|43\/100 par\n|\n|t:|1683319076\n|switch|p2a: Palafin|Palafin-Hero, L50, F|100\/100|[from] U-turn\n|-activate|p2a: Palafin|ability: Zero to Hero\n|move|p1a: Iron Hands|Close Combat|p2b: Rotom\n|-damage|p2b: Rotom|25\/100\n|-unboost|p1a: Iron Hands|def|1\n|-unboost|p1a: Iron Hands|spd|1\n|-enditem|p2b: Rotom|Sitrus Berry|[eat]\n|-heal|p2b: Rotom|50\/100|[from] item: Sitrus Berry\n|-damage|p1a: Iron Hands|53\/100 brn|[from] item: Life Orb\n|move|p1b: Amoonguss|Spore|p2a: Palafin\n|-status|p2a: Palafin|slp|[from] move: Spore\n|\n|-damage|p1a: Iron Hands|47\/100 brn|[from] brn\n|upkeep\n|turn|5\n|inactive|cherveny has 30 seconds left.\n|inactive|Dragonite8723 has 30 seconds left.\n|inactive|Dragonite8723 has 20 seconds left.\n|inactive|Dragonite8723 has 15 seconds left.\n|inactive|Dragonite8723 has 10 seconds left.\n|inactive|Dragonite8723 has 5 seconds left.\n|\n|t:|1683319129\n|move|p1b: Amoonguss|Rage Powder|p1b: Amoonguss\n|-singleturn|p1b: Amoonguss|move: Rage Powder\n|cant|p2a: Palafin|slp\n|move|p2b: Rotom|Shadow Ball|p1b: Amoonguss\n|-damage|p1b: Amoonguss|11\/100 par\n|move|p1a: Iron Hands|Close Combat|p2b: Rotom\n|-damage|p2b: Rotom|6\/100\n|-unboost|p1a: Iron Hands|def|1\n|-unboost|p1a: Iron Hands|spd|1\n|-damage|p1a: Iron Hands|37\/100 brn|[from] item: Life Orb\n|\n|-damage|p1a: Iron Hands|31\/100 brn|[from] brn\n|upkeep\n|turn|6\n|inactive|Dragonite8723 has 30 seconds left.\n|\n|t:|1683319154\n|move|p1a: Iron Hands|Protect|p1a: Iron Hands\n|-singleturn|p1a: Iron Hands|Protect\n|-curestatus|p2a: Palafin|slp|[msg]\n|move|p2a: Palafin|Jet Punch|p1a: Iron Hands\n|-activate|p1a: Iron Hands|move: Protect\n|move|p2b: Rotom|Shadow Ball|p1a: Iron Hands\n|-activate|p1a: Iron Hands|move: Protect\n|move|p1b: Amoonguss|Pollen Puff|p2b: Rotom\n|-damage|p2b: Rotom|0 fnt\n|faint|p2b: Rotom\n|\n|-damage|p1a: Iron Hands|25\/100 brn|[from] brn\n|upkeep\n|\n|t:|1683319171\n|switch|p2b: Eelektross|Eelektross, L50, M|100\/100\n|turn|7\n|inactive|Dragonite8723 has 30 seconds left.\n|inactive|cherveny has 30 seconds left.\n|inactive|Dragonite8723 has 20 seconds left.\n|inactive|Dragonite8723 has 15 seconds left.\n|inactive|Dragonite8723 has 10 seconds left.\n|\n|t:|1683319217\n|cant|p1b: Amoonguss|par\n|move|p2a: Palafin|Jet Punch|p1a: Iron Hands\n|-damage|p1a: Iron Hands|0 fnt\n|faint|p1a: Iron Hands\n|-end|p1a: Iron Hands|Quark Drive|[silent]\n|move|p2b: Eelektross|U-turn|p1b: Amoonguss\n|-damage|p1b: Amoonguss|0 fnt\n|faint|p1b: Amoonguss\n|\n|upkeep\n|\n|t:|1683319222\n|switch|p1a: Flutter Mane|Flutter Mane, L50|100\/100\n|switch|p1b: Iron Bundle|Iron Bundle, L50|100\/100\n|-enditem|p1b: Iron Bundle|Booster Energy\n|-activate|p1b: Iron Bundle|ability: Quark Drive|[fromitem]\n|-start|p1b: Iron Bundle|quarkdrivespe\n|turn|8\n|inactive|cherveny has 30 seconds left.\n|inactive|Dragonite8723 has 30 seconds left.\n|\n|t:|1683319248\n|-terastallize|p1a: Flutter Mane|Grass\n|-terastallize|p2a: Palafin|Water\n|move|p2a: Palafin|Jet Punch|p1a: Flutter Mane\n|-resisted|p1a: Flutter Mane\n|-crit|p1a: Flutter Mane\n|-enditem|p1a: Flutter Mane|Focus Sash\n|-damage|p1a: Flutter Mane|1\/100\n|move|p1b: Iron Bundle|Freeze-Dry|p2a: Palafin\n|-supereffective|p2a: Palafin\n|-damage|p2a: Palafin|28\/100\n|move|p1a: Flutter Mane|Energy Ball|p2a: Palafin\n|-supereffective|p2a: Palafin\n|-crit|p2a: Palafin\n|-damage|p2a: Palafin|0 fnt\n|faint|p2a: Palafin\n|move|p2b: Eelektross|Thunder Punch|p1b: Iron Bundle\n|-supereffective|p1b: Iron Bundle\n|-crit|p1b: Iron Bundle\n|-damage|p1b: Iron Bundle|0 fnt\n|faint|p1b: Iron Bundle\n|-end|p1b: Iron Bundle|Quark Drive|[silent]\n|\n|upkeep\n|turn|9\n|\n|t:|1683319277\n|move|p1a: Flutter Mane|Moonblast|p2b: Eelektross\n|-damage|p2b: Eelektross|61\/100\n|move|p2b: Eelektross|Thunder Punch|p1a: Flutter Mane\n|-resisted|p1a: Flutter Mane\n|-damage|p1a: Flutter Mane|0 fnt\n|faint|p1a: Flutter Mane\n|-end|p1a: Flutter Mane|Protosynthesis|[silent]\n|\n|win|Dragonite8723\n|raw|cherveny's rating: 1119 → 1096<\/strong> (-23 for losing)\n|raw|Dragonite8723's rating: 1145 → 1168<\/strong> (+23 for winning)\n|l|\u2606cherveny\n","uploadtime":1683319301,"views":10,"p1id":"cherveny","p2id":"dragonite8723","formatid":"gen9vgc2023regulationc","rating":1096,"private":0,"password":""}