{"id":"gen9vgc2023regulationc-1847402683","p1":"oskkky","p2":"Xcdc9182","format":"[Gen 9] VGC 2023 Regulation C","log":"|j|\u2606oskkky\n|j|\u2606Xcdc9182\n|t:|1681950965\n|gametype|doubles\n|player|p1|oskkky|steven|1111\n|player|p2|Xcdc9182|265|1156\n|teamsize|p1|6\n|teamsize|p2|6\n|gen|9\n|tier|[Gen 9] VGC 2023 Regulation C\n|rated|\n|rule|Species Clause: Limit one of each Pok\u00e9mon\n|rule|Item Clause: Limit one of each item\n|clearpoke\n|poke|p1|Palafin, L50, M|\n|poke|p1|Toxapex, L50, M|\n|poke|p1|Slowking, L50, M|\n|poke|p1|Pelipper, L50, F|\n|poke|p1|Drednaw, L50, F|\n|poke|p1|Chien-Pao, L50|\n|poke|p2|Gyarados, L50, F|\n|poke|p2|Great Tusk, L50|\n|poke|p2|Scream Tail, L50|\n|poke|p2|Arcanine, L50, F|\n|poke|p2|Dragapult, L50, M|\n|poke|p2|Flutter Mane, L50|\n|teampreview|4\n|inactive|Battle timer is ON: inactive players will automatically lose when time's up. (requested by Xcdc9182)\n|\n|t:|1681951012\n|start\n|switch|p1a: Palafin|Palafin, L50, M|100\/100\n|switch|p1b: Chien-Pao|Chien-Pao, L50|100\/100\n|switch|p2a: Gyarados|Gyarados, L50, F|100\/100\n|switch|p2b: Scream Tail|Scream Tail, L50|100\/100\n|-ability|p1b: Chien-Pao|Sword of Ruin\n|-ability|p2a: Gyarados|Intimidate|boost\n|-unboost|p1a: Palafin|atk|1\n|-unboost|p1b: Chien-Pao|atk|1\n|-enditem|p2b: Scream Tail|Booster Energy\n|-activate|p2b: Scream Tail|ability: Protosynthesis|[fromitem]\n|-start|p2b: Scream Tail|protosynthesisspe\n|turn|1\n|\n|t:|1681951035\n|switch|p1b: Toxapex|Toxapex, L50, M|100\/100\n|move|p2b: Scream Tail|Thunder Wave|p1b: Toxapex\n|-status|p1b: Toxapex|par\n|move|p1a: Palafin|Iron Head|p2b: Scream Tail\n|-supereffective|p2b: Scream Tail\n|-damage|p2b: Scream Tail|78\/100\n|move|p2a: Gyarados|Waterfall|p1b: Toxapex\n|-resisted|p1b: Toxapex\n|-damage|p1b: Toxapex|87\/100 par\n|\n|-heal|p1b: Toxapex|93\/100 par|[from] item: Black Sludge\n|upkeep\n|turn|2\n|\n|t:|1681951056\n|detailschange|p1a: Palafin|Palafin-Hero, L50, M\n|switch|p1a: Slowking|Slowking, L50, M|100\/100\n|move|p2a: Gyarados|Protect|p2a: Gyarados\n|-singleturn|p2a: Gyarados|Protect\n|move|p2b: Scream Tail|Howl|p2b: Scream Tail|[spread] p2a,p2b\n|-boost|p2a: Gyarados|atk|1\n|-boost|p2b: Scream Tail|atk|1\n|move|p1b: Toxapex|Toxic|p2a: Gyarados\n|-activate|p2a: Gyarados|move: Protect\n|\n|-heal|p1b: Toxapex|99\/100 par|[from] item: Black Sludge\n|upkeep\n|turn|3\n|inactive|oskkky has 30 seconds left.\n|inactive|Xcdc9182 has 30 seconds left.\n|\n|t:|1681951083\n|move|p2b: Scream Tail|Howl|p2b: Scream Tail|[spread] p2a,p2b\n|-boost|p2a: Gyarados|atk|1\n|-boost|p2b: Scream Tail|atk|1\n|move|p2a: Gyarados|Taunt|p1a: Slowking\n|-start|p1a: Slowking|move: Taunt\n|cant|p1a: Slowking|move: Taunt|Yawn\n|move|p1b: Toxapex|Toxic|p2a: Gyarados\n|-status|p2a: Gyarados|tox\n|-enditem|p2a: Gyarados|Lum Berry|[eat]\n|-curestatus|p2a: Gyarados|tox|[msg]\n|\n|-heal|p1b: Toxapex|100\/100 par|[from] item: Black Sludge\n|upkeep\n|turn|4\n|\n|t:|1681951107\n|move|p2b: Scream Tail|Encore||[still]\n|-fail|p2b: Scream Tail\n|move|p2a: Gyarados|Taunt|p1b: Toxapex\n|-start|p1b: Toxapex|move: Taunt\n|move|p1a: Slowking|Shadow Ball|p2b: Scream Tail\n|-supereffective|p2b: Scream Tail\n|-damage|p2b: Scream Tail|44\/100\n|-unboost|p2b: Scream Tail|spd|1\n|cant|p1b: Toxapex|move: Taunt|Haze\n|\n|upkeep\n|turn|5\n|\n|t:|1681951132\n|-terastallize|p2a: Gyarados|Ground\n|move|p2b: Scream Tail|Howl|p2b: Scream Tail|[spread] p2a,p2b\n|-boost|p2a: Gyarados|atk|1\n|-boost|p2b: Scream Tail|atk|1\n|move|p2a: Gyarados|Earthquake|p1b: Toxapex|[spread] p2b,p1a,p1b\n|-supereffective|p1b: Toxapex\n|-damage|p2b: Scream Tail|0 fnt\n|-damage|p1a: Slowking|7\/100\n|-damage|p1b: Toxapex|0 fnt\n|faint|p2b: Scream Tail\n|-end|p2b: Scream Tail|Protosynthesis|[silent]\n|faint|p1b: Toxapex\n|-enditem|p1a: Slowking|Eject Button\n|inactive|oskkky has 30 seconds left.\n|\n|t:|1681951158\n|switch|p1a: Chien-Pao|Chien-Pao, L50|100\/100\n|-ability|p1a: Chien-Pao|Sword of Ruin\n|\n|upkeep\n|\n|t:|1681951172\n|switch|p2b: Great Tusk|Great Tusk, L50|100\/100\n|switch|p1b: Palafin|Palafin-Hero, L50, M|100\/100\n|-activate|p1b: Palafin|ability: Zero to Hero\n|turn|6\n|inactive|oskkky has 30 seconds left.\n|inactive|oskkky has 20 seconds left.\n|\n|t:|1681951208\n|move|p2a: Gyarados|Protect|p2a: Gyarados\n|-singleturn|p2a: Gyarados|Protect\n|move|p1b: Palafin|Jet Punch|p2b: Great Tusk\n|-supereffective|p2b: Great Tusk\n|-damage|p2b: Great Tusk|5\/100\n|move|p2b: Great Tusk|Rock Slide|p1a: Chien-Pao|[spread] p1a,p1b\n|-supereffective|p1a: Chien-Pao\n|-damage|p1a: Chien-Pao|50\/100\n|-damage|p1b: Palafin|74\/100\n|move|p1a: Chien-Pao|Ice Fang|p2a: Gyarados\n|-activate|p2a: Gyarados|move: Protect\n|\n|upkeep\n|turn|7\n|\n|t:|1681951226\n|move|p1b: Palafin|Jet Punch|p2b: Great Tusk\n|-supereffective|p2b: Great Tusk\n|-damage|p2b: Great Tusk|0 fnt\n|faint|p2b: Great Tusk\n|-end|p2b: Great Tusk|Protosynthesis|[silent]\n|move|p1a: Chien-Pao|Ice Fang|p2a: Gyarados\n|-supereffective|p2a: Gyarados\n|-damage|p2a: Gyarados|0 fnt\n|faint|p2a: Gyarados\n|-damage|p1a: Chien-Pao|40\/100|[from] item: Life Orb\n|\n|upkeep\n|\n|t:|1681951238\n|switch|p2a: Flutter Mane|Flutter Mane, L50|100\/100\n|turn|8\n|inactive|oskkky has 30 seconds left.\n|\n|t:|1681951269\n|-terastallize|p1b: Palafin|Steel\n|move|p1a: Chien-Pao|Dark Pulse|p2a: Flutter Mane\n|-damage|p2a: Flutter Mane|61\/100\n|-damage|p1a: Chien-Pao|31\/100|[from] item: Life Orb\n|move|p2a: Flutter Mane|Dazzling Gleam|p1b: Palafin|[spread] p1a,p1b\n|-supereffective|p1a: Chien-Pao\n|-resisted|p1b: Palafin\n|-damage|p1a: Chien-Pao|0 fnt\n|-damage|p1b: Palafin|48\/100\n|faint|p1a: Chien-Pao\n|move|p1b: Palafin|Iron Head|p2a: Flutter Mane\n|-supereffective|p2a: Flutter Mane\n|-damage|p2a: Flutter Mane|0 fnt\n|faint|p2a: Flutter Mane\n|-end|p2a: Flutter Mane|Protosynthesis|[silent]\n|\n|win|oskkky\n|raw|oskkky's rating: 1111 → 1139<\/strong> (+28 for winning)\n|raw|Xcdc9182's rating: 1156 → 1128<\/strong> (-28 for losing)\n","uploadtime":1681951273,"views":8,"p1id":"oskkky","p2id":"xcdc9182","formatid":"gen9vgc2023regulationc","rating":1128,"private":0,"password":""}