{"id":"gen9vgc2023regulationc-1859603598","p1":"gEBEMBA","p2":"filthy_sanchez","format":"[Gen 9] VGC 2023 Regulation C","log":"|j|\u2606gEBEMBA\n|j|\u2606filthy_sanchez\n|t:|1683547757\n|gametype|doubles\n|player|p1|gEBEMBA|101|\n|player|p2|filthy_sanchez|102|\n|teamsize|p1|6\n|teamsize|p2|6\n|gen|9\n|tier|[Gen 9] VGC 2023 Regulation C\n|rule|Species Clause: Limit one of each Pok\u00e9mon\n|rule|Item Clause: Limit one of each item\n|clearpoke\n|poke|p1|Scovillain, L50, F|\n|poke|p1|Tauros-Paldea-Combat, L50, M|\n|poke|p1|Roaring Moon, L50|\n|poke|p1|Gyarados, L50, F|\n|poke|p1|Electrode, L50|\n|poke|p1|Maushold, L50|\n|poke|p2|Toxicroak, L50, F|\n|poke|p2|Ting-Lu, L50|\n|poke|p2|Rotom-Mow, L50|\n|poke|p2|Azumarill, L50, M|\n|poke|p2|Pelipper, L50, M|\n|poke|p2|Barraskewda, L50, F|\n|teampreview|4\n|j| Freischieb\n|j| D4nkw33b\ngEBEMBA has agreed to open team sheets.\n|j| Tonsoffamage\n|j| ethan06\nfilthy_sanchez has agreed to open team sheets.\n|c| Tonsoffamage|gg\n|c|\u2606gEBEMBA|<3\n|c|\u2606filthy_sanchez|gg hf!\n|\n|t:|1683547888\n|start\n|switch|p1a: Jasonnnnn|Tauros-Paldea-Combat, L50, M|100\/100\n|switch|p1b: Jasonnnn|Roaring Moon, L50|100\/100\n|switch|p2a: Toxicroak|Toxicroak, L50, F|100\/100\n|switch|p2b: Ting-Lu|Ting-Lu, L50|100\/100\n|-ability|p1a: Jasonnnnn|Intimidate|boost\n|-unboost|p2a: Toxicroak|atk|1\n|-unboost|p2b: Ting-Lu|atk|1\n|-ability|p2b: Ting-Lu|Vessel of Ruin\n|turn|1\n|\n|t:|1683547922\n|switch|p2a: Azumarill|Azumarill, L50, M|100\/100\n|move|p1b: Jasonnnn|Dragon Dance|p1b: Jasonnnn\n|-boost|p1b: Jasonnnn|atk|1\n|-boost|p1b: Jasonnnn|spe|1\n|move|p1a: Jasonnnnn|Sunny Day|p1a: Jasonnnnn\n|-weather|SunnyDay\n|-activate|p1b: Jasonnnn|ability: Protosynthesis\n|-start|p1b: Jasonnnn|protosynthesisatk\n|move|p2b: Ting-Lu|Fissure|p1b: Jasonnnn\n|-damage|p1b: Jasonnnn|0 fnt\n|faint|p1b: Jasonnnn\n|-end|p1b: Jasonnnn|Protosynthesis|[silent]\n|-ohko\n|\n|-weather|SunnyDay|[upkeep]\n|upkeep\n|\n|t:|1683547929\n|switch|p1b: Jasonnnnnn|Scovillain, L50, F|100\/100\n|turn|2\n|\n|t:|1683547980\n|-terastallize|p2b: Ting-Lu|Poison\n|move|p1b: Jasonnnnnn|Growth|p1b: Jasonnnnnn\n|-boost|p1b: Jasonnnnnn|atk|2\n|-boost|p1b: Jasonnnnnn|spa|2\n|move|p1a: Jasonnnnn|Close Combat|p2b: Ting-Lu\n|-resisted|p2b: Ting-Lu\n|-damage|p2b: Ting-Lu|80\/100\n|-unboost|p1a: Jasonnnnn|def|1\n|-unboost|p1a: Jasonnnnn|spd|1\n|-damage|p1a: Jasonnnnn|90\/100|[from] item: Life Orb\n|move|p2a: Azumarill|Play Rough|p1a: Jasonnnnn\n|-supereffective|p1a: Jasonnnnn\n|-damage|p1a: Jasonnnnn|0 fnt\n|faint|p1a: Jasonnnnn\n|move|p2b: Ting-Lu|Stomping Tantrum|p1b: Jasonnnnnn\n|-damage|p1b: Jasonnnnnn|57\/100\n|\n|-weather|SunnyDay|[upkeep]\n|upkeep\n|\n|t:|1683547986\n|switch|p1a: Jasonn|Electrode, L50|100\/100\n|turn|3\n|\n|t:|1683548009\n|switch|p2a: Rotom|Rotom-Mow, L50|100\/100\n|move|p1b: Jasonnnnnn|Flamethrower|p2b: Ting-Lu\n|-damage|p2b: Ting-Lu|18\/100\n|move|p1a: Jasonn|Thunderbolt|p2a: Rotom\n|-resisted|p2a: Rotom\n|-damage|p2a: Rotom|91\/100\n|move|p2b: Ting-Lu|Fissure|p1a: Jasonn|[miss]\n|-miss|p2b: Ting-Lu|p1a: Jasonn\n|\n|-weather|SunnyDay|[upkeep]\n|upkeep\n|turn|4\n|inactive|Battle timer is ON: inactive players will automatically lose when time's up. (requested by gEBEMBA)\n|inactiveoff|Battle timer is now OFF.\n|\n|t:|1683548034\n|switch|p2b: Azumarill|Azumarill, L50, M|100\/100\n|move|p1b: Jasonnnnnn|Flamethrower|p2a: Rotom\n|-supereffective|p2a: Rotom\n|-damage|p2a: Rotom|0 fnt\n|faint|p2a: Rotom\n|move|p1a: Jasonn|Thunderbolt|p2b: Azumarill\n|-supereffective|p2b: Azumarill\n|-damage|p2b: Azumarill|12\/100\n|\n|-weather|SunnyDay|[upkeep]\n|upkeep\n|\n|t:|1683548053\n|switch|p2a: Toxicroak|Toxicroak, L50, F|100\/100\n|turn|5\n|\n|t:|1683548088\n|switch|p2b: Ting-Lu|Ting-Lu, L50, tera:Poison|18\/100\n|-ability|p2b: Ting-Lu|Vessel of Ruin\n|move|p1b: Jasonnnnnn|Protect|p1b: Jasonnnnnn\n|-singleturn|p1b: Jasonnnnnn|Protect\n|move|p1a: Jasonn|Thunderbolt|p2b: Ting-Lu\n|-damage|p2b: Ting-Lu|1\/100\n|move|p2a: Toxicroak|Gunk Shot|p1b: Jasonnnnnn\n|-activate|p1b: Jasonnnnnn|move: Protect\n|\n|-weather|none\n|upkeep\n|turn|6\n|\n|t:|1683548143\n|move|p1a: Jasonn|Scary Face|p2a: Toxicroak\n|-unboost|p2a: Toxicroak|spe|2\n|move|p1b: Jasonnnnnn|Flamethrower|p2a: Toxicroak\n|-damage|p2a: Toxicroak|0 fnt\n|faint|p2a: Toxicroak\n|move|p2b: Ting-Lu|Fissure|p1a: Jasonn\n|-damage|p1a: Jasonn|0 fnt\n|faint|p1a: Jasonn\n|-ohko\n|\n|upkeep\n|\n|t:|1683548154\n|switch|p2a: Azumarill|Azumarill, L50, M|12\/100\n|turn|7\n|\n|t:|1683548227\n|move|p1b: Jasonnnnnn|Protect|p1b: Jasonnnnnn\n|-singleturn|p1b: Jasonnnnnn|Protect\n|move|p2a: Azumarill|Play Rough|p1b: Jasonnnnnn\n|-activate|p1b: Jasonnnnnn|move: Protect\n|move|p2b: Ting-Lu|Throat Chop|p1b: Jasonnnnnn\n|-activate|p1b: Jasonnnnnn|move: Protect\n|\n|upkeep\n|turn|8\n|\n|t:|1683548270\n|move|p1b: Jasonnnnnn|Energy Ball|p2a: Azumarill\n|-supereffective|p2a: Azumarill\n|-damage|p2a: Azumarill|0 fnt\n|faint|p2a: Azumarill\n|move|p2b: Ting-Lu|Throat Chop|p1b: Jasonnnnnn\n|-damage|p1b: Jasonnnnnn|0 fnt\n|faint|p1b: Jasonnnnnn\n|\n|win|filthy_sanchez\n|c|\u2606filthy_sanchez|gg wp\n|l| ethan06\n","uploadtime":1683548285,"views":6,"p1id":"gebemba","p2id":"filthysanchez","formatid":"gen9vgc2023regulationc","rating":0,"private":0,"password":""}