{"id":"gen9vgc2023regulationc-1845241122","p1":"Siir Stiicky","p2":"abacatemistico","format":"[Gen 9] VGC 2023 Regulation C","log":"|j|\u2606Siir Stiicky\n|j|\u2606abacatemistico\n|t:|1681700824\n|gametype|doubles\n|player|p1|Siir Stiicky|brock|1079\n|player|p2|abacatemistico|hilbert|1075\n|teamsize|p1|6\n|teamsize|p2|6\n|gen|9\n|tier|[Gen 9] VGC 2023 Regulation C\n|rated|\n|rule|Species Clause: Limit one of each Pok\u00e9mon\n|rule|Item Clause: Limit one of each item\n|clearpoke\n|poke|p1|Flutter Mane, L50|\n|poke|p1|Murkrow, L50, M|\n|poke|p1|Chi-Yu, L50|\n|poke|p1|Great Tusk, L50|\n|poke|p1|Kingambit, L50, M|\n|poke|p1|Iron Bundle, L50|\n|poke|p2|Indeedee-F, L50, F|\n|poke|p2|Armarouge, L50, M|\n|poke|p2|Torkoal, L50, M|\n|poke|p2|Amoonguss, L50, F|\n|poke|p2|Flutter Mane, L50|\n|poke|p2|Hariyama, L50, M|\n|teampreview|4\nSiir Stiicky rejected open team sheets.\n|inactive|Battle timer is ON: inactive players will automatically lose when time's up. (requested by abacatemistico)\n|\n|t:|1681700841\n|start\n|switch|p1a: Iron Bundle|Iron Bundle, L50|100\/100\n|switch|p1b: Kingambit|Kingambit, L50, M|100\/100\n|switch|p2a: Armarouge|Armarouge, L50, M|100\/100\n|switch|p2b: Indeedee|Indeedee-F, L50, F|100\/100\n|-fieldstart|move: Psychic Terrain|[from] ability: Psychic Surge|[of] p2b: Indeedee\n|-enditem|p2b: Indeedee|Psychic Seed\n|-boost|p2b: Indeedee|spd|1|[from] item: Psychic Seed\n|-enditem|p1a: Iron Bundle|Booster Energy\n|-activate|p1a: Iron Bundle|ability: Quark Drive|[fromitem]\n|-start|p1a: Iron Bundle|quarkdrivespe\n|turn|1\n|\n|t:|1681700858\n|switch|p2a: Torkoal|Torkoal, L50, M|100\/100\n|-weather|SunnyDay|[from] ability: Drought|[of] p2a: Torkoal\n|move|p2b: Indeedee|Protect|p2b: Indeedee\n|-singleturn|p2b: Indeedee|Protect\n|move|p1a: Iron Bundle|Icy Wind|p2a: Torkoal|[spread] p2a\n|-activate|p2b: Indeedee|move: Protect\n|-resisted|p2a: Torkoal\n|-damage|p2a: Torkoal|88\/100\n|-unboost|p2a: Torkoal|spe|1\n|move|p1b: Kingambit|Assurance|p2b: Indeedee\n|-activate|p2b: Indeedee|move: Protect\n|\n|-weather|SunnyDay|[upkeep]\n|upkeep\n|turn|2\n|\n|t:|1681700877\n|-terastallize|p1b: Kingambit|Fire\n|move|p1a: Iron Bundle|Icy Wind|p2b: Indeedee|[spread] p2a,p2b\n|-resisted|p2a: Torkoal\n|-crit|p2a: Torkoal\n|-damage|p2a: Torkoal|66\/100\n|-damage|p2b: Indeedee|90\/100\n|-unboost|p2a: Torkoal|spe|1\n|-unboost|p2b: Indeedee|spe|1\n|move|p1b: Kingambit|Tera Blast|p2b: Indeedee\n|-damage|p2b: Indeedee|0 fnt\n|faint|p2b: Indeedee\n|move|p2a: Torkoal|Heat Wave|p1b: Kingambit|[spread] p1a,p1b\n|-resisted|p1b: Kingambit\n|-damage|p1a: Iron Bundle|10\/100\n|-damage|p1b: Kingambit|86\/100\n|\n|-weather|SunnyDay|[upkeep]\n|upkeep\n|\n|t:|1681700891\n|switch|p2b: Hariyama|Hariyama, L50, M|100\/100\n|turn|3\n|\n|t:|1681700905\n|move|p1a: Iron Bundle|Icy Wind|p2a: Torkoal|[spread] p2a,p2b\n|-resisted|p2a: Torkoal\n|-damage|p2a: Torkoal|53\/100\n|-damage|p2b: Hariyama|80\/100\n|-unboost|p2a: Torkoal|spe|1\n|-unboost|p2b: Hariyama|spe|1\n|move|p1b: Kingambit|Tera Blast|p2b: Hariyama\n|-damage|p2b: Hariyama|8\/100\n|move|p2b: Hariyama|Headlong Rush|p1b: Kingambit\n|-supereffective|p1b: Kingambit\n|-damage|p1b: Kingambit|21\/100\n|-unboost|p2b: Hariyama|def|1\n|-unboost|p2b: Hariyama|spd|1\n|move|p2a: Torkoal|Earth Power|p1a: Iron Bundle\n|-damage|p1a: Iron Bundle|0 fnt\n|faint|p1a: Iron Bundle\n|-end|p1a: Iron Bundle|Quark Drive|[silent]\n|\n|-weather|SunnyDay|[upkeep]\n|-status|p2b: Hariyama|brn|[from] item: Flame Orb\n|upkeep\n|\n|t:|1681700921\n|switch|p1a: Flutter Mane|Flutter Mane, L50|100\/100\n|-activate|p1a: Flutter Mane|ability: Protosynthesis\n|-start|p1a: Flutter Mane|protosynthesisspa\n|turn|4\n|\n|t:|1681700929\n|move|p2b: Hariyama|Protect|p2b: Hariyama\n|-singleturn|p2b: Hariyama|Protect\n|move|p1b: Kingambit|Sucker Punch||[still]\n|-fail|p1b: Kingambit\n|move|p1a: Flutter Mane|Dazzling Gleam|p2b: Hariyama|[spread] p2a\n|-activate|p2b: Hariyama|move: Protect\n|-resisted|p2a: Torkoal\n|-damage|p2a: Torkoal|9\/100\n|move|p2a: Torkoal|Heat Wave|p1b: Kingambit|[spread] p1a,p1b\n|-resisted|p1b: Kingambit\n|-damage|p1a: Flutter Mane|55\/100\n|-damage|p1b: Kingambit|7\/100\n|\n|-weather|SunnyDay|[upkeep]\n|-damage|p2b: Hariyama|2\/100 brn|[from] brn\n|upkeep\n|turn|5\n|\n|t:|1681700950\n|move|p1b: Kingambit|Sucker Punch|p2b: Hariyama\n|-activate|p2b: Hariyama|move: Psychic Terrain\n|move|p1a: Flutter Mane|Dazzling Gleam|p2b: Hariyama|[spread] p2a,p2b\n|-resisted|p2a: Torkoal\n|-crit|p2a: Torkoal\n|-supereffective|p2b: Hariyama\n|-damage|p2a: Torkoal|0 fnt\n|-damage|p2b: Hariyama|0 fnt\n|faint|p2a: Torkoal\n|faint|p2b: Hariyama\n|\n|-weather|SunnyDay|[upkeep]\n|-fieldend|move: Psychic Terrain\n|upkeep\n|\n|t:|1681700960\n|switch|p2b: Armarouge|Armarouge, L50, M|100\/100\n|turn|6\n|\n|t:|1681700965\n|-terastallize|p2b: Armarouge|Grass\n|move|p1a: Flutter Mane|Dazzling Gleam|p2b: Armarouge\n|-damage|p2b: Armarouge|0 fnt\n|faint|p2b: Armarouge\n|\n|win|Siir Stiicky\n|raw|Siir Stiicky's rating: 1079 → 1107<\/strong> (+28 for winning)\n|raw|abacatemistico's rating: 1075 → 1054<\/strong> (-21 for losing)\n|l|\u2606abacatemistico\n","uploadtime":1681700974,"views":7,"p1id":"siirstiicky","p2id":"abacatemistico","formatid":"gen9vgc2023regulationc","rating":1054,"private":0,"password":""}