{"id":"gen9vgc2023regulationc-1848501546","p1":"Dieg1","p2":"pguzmav","format":"[Gen 9] VGC 2023 Regulation C","log":"|j|\u2606Dieg1\n|j|\u2606pguzmav\n|t:|1682084971\n|gametype|doubles\n|player|p1|Dieg1|crasherwake|1173\n|player|p2|pguzmav|169|1201\n|teamsize|p1|6\n|teamsize|p2|6\n|gen|9\n|tier|[Gen 9] VGC 2023 Regulation C\n|rated|\n|rule|Species Clause: Limit one of each Pok\u00e9mon\n|rule|Item Clause: Limit one of each item\n|clearpoke\n|poke|p1|Tsareena, L50, F|\n|poke|p1|Chien-Pao, L50|\n|poke|p1|Iron Valiant, L50|\n|poke|p1|Ceruledge, L50, M|\n|poke|p1|Murkrow, L50, F|\n|poke|p1|Garchomp, L50, M|\n|poke|p2|Baxcalibur, L50, M|\n|poke|p2|Abomasnow, L50, F|\n|poke|p2|Annihilape, L50, M|\n|poke|p2|Arcanine, L50, F|\n|poke|p2|Magnezone, L50|\n|poke|p2|Azumarill, L50, F|\n|teampreview|4\n|inactive|Battle timer is ON: inactive players will automatically lose when time's up. (requested by Dieg1)\n|inactive|Dieg1 has 60 seconds left.\n|inactive|pguzmav has 60 seconds left.\n|\n|t:|1682085015\n|start\n|switch|p1a: Ceruledge|Ceruledge, L50, M|100\/100\n|switch|p1b: Murkrow|Murkrow, L50, F|100\/100\n|switch|p2a: Baxcalibur|Baxcalibur, L50, M|100\/100\n|switch|p2b: Arcanine|Arcanine, L50, F|100\/100\n|-ability|p2b: Arcanine|Intimidate|boost\n|-unboost|p1a: Ceruledge|atk|1\n|-unboost|p1b: Murkrow|atk|1\n|turn|1\n|inactive|pguzmav has 30 seconds left.\n|\n|t:|1682085048\n|move|p1b: Murkrow|Tailwind|p1b: Murkrow\n|-sidestart|p1: Dieg1|move: Tailwind\n|move|p1a: Ceruledge|Will-O-Wisp|p2a: Baxcalibur\n|-immune|p2a: Baxcalibur|[from] ability: Thermal Exchange\n|move|p2b: Arcanine|Howl|p2b: Arcanine|[spread] p2a,p2b\n|-boost|p2a: Baxcalibur|atk|1\n|-boost|p2b: Arcanine|atk|1\n|move|p2a: Baxcalibur|Glaive Rush|p1a: Ceruledge\n|-damage|p1a: Ceruledge|0 fnt\n|-singlemove|p2a: Baxcalibur|Glaive Rush|[silent]\n|faint|p1a: Ceruledge\n|\n|upkeep\n|\n|t:|1682085056\n|switch|p1a: Iron Valiant|Iron Valiant, L50|100\/100\n|-enditem|p1a: Iron Valiant|Booster Energy\n|-activate|p1a: Iron Valiant|ability: Quark Drive|[fromitem]\n|-start|p1a: Iron Valiant|quarkdriveatk\n|turn|2\n|inactive|pguzmav has 30 seconds left.\n|\n|t:|1682085088\n|switch|p2a: Azumarill|Azumarill, L50, F|100\/100\n|move|p1b: Murkrow|Haze|p1b: Murkrow\n|-clearallboost\n|move|p1a: Iron Valiant|Moonblast|p2a: Azumarill\n|-damage|p2a: Azumarill|53\/100\n|move|p2b: Arcanine|Flare Blitz|p1a: Iron Valiant\n|-damage|p1a: Iron Valiant|40\/100\n|-damage|p2b: Arcanine|83\/100|[from] Recoil\n|\n|upkeep\n|turn|3\n|\n|t:|1682085110\n|move|p1b: Murkrow|Feather Dance|p2b: Arcanine\n|-unboost|p2b: Arcanine|atk|2\n|move|p1a: Iron Valiant|Thunderbolt|p2a: Azumarill\n|-supereffective|p2a: Azumarill\n|-damage|p2a: Azumarill|0 fnt\n|faint|p2a: Azumarill\n|move|p2b: Arcanine|Howl|p2b: Arcanine\n|-boost|p2b: Arcanine|atk|1\n|\n|upkeep\n|\n|t:|1682085122\n|switch|p2a: Baxcalibur|Baxcalibur, L50, M|100\/100\n|turn|4\n|\n|t:|1682085143\n|-terastallize|p2a: Baxcalibur|Ground\n|move|p1b: Murkrow|Feather Dance|p2a: Baxcalibur\n|-unboost|p2a: Baxcalibur|atk|2\n|move|p1a: Iron Valiant|Moonblast|p2a: Baxcalibur\n|-damage|p2a: Baxcalibur|70\/100\n|move|p2b: Arcanine|Flare Blitz|p1a: Iron Valiant\n|-damage|p1a: Iron Valiant|0 fnt\n|faint|p1a: Iron Valiant\n|-end|p1a: Iron Valiant|Quark Drive|[silent]\n|-damage|p2b: Arcanine|71\/100|[from] Recoil\n|move|p2a: Baxcalibur|Icicle Crash|p1b: Murkrow\n|-supereffective|p1b: Murkrow\n|-damage|p1b: Murkrow|0 fnt\n|faint|p1b: Murkrow\n|\n|-sideend|p1: Dieg1|move: Tailwind\n|upkeep\n|\n|t:|1682085151\n|switch|p1b: Chien-Pao|Chien-Pao, L50|100\/100\n|-ability|p1b: Chien-Pao|Sword of Ruin\n|turn|5\n|inactive|pguzmav has 30 seconds left.\n|\n|t:|1682085179\n|move|p2a: Baxcalibur|Ice Shard|p1b: Chien-Pao\n|-resisted|p1b: Chien-Pao\n|-damage|p1b: Chien-Pao|93\/100\n|move|p1b: Chien-Pao|Ice Spinner|p2a: Baxcalibur\n|-supereffective|p2a: Baxcalibur\n|-crit|p2a: Baxcalibur\n|-damage|p2a: Baxcalibur|0 fnt\n|faint|p2a: Baxcalibur\n|move|p2b: Arcanine|Flare Blitz|p1b: Chien-Pao\n|-supereffective|p1b: Chien-Pao\n|-damage|p1b: Chien-Pao|0 fnt\n|faint|p1b: Chien-Pao\n|-damage|p2b: Arcanine|47\/100|[from] Recoil\n|\n|win|pguzmav\n|raw|Dieg1's rating: 1173 → 1150<\/strong> (-23 for losing)\n|raw|pguzmav's rating: 1201 → 1224<\/strong> (+23 for winning)\n|l|\u2606Dieg1\n","uploadtime":1682085194,"views":5,"p1id":"dieg1","p2id":"pguzmav","formatid":"gen9vgc2023regulationc","rating":1150,"private":0,"password":""}