{"id":"gen9vgc2023regulationc-1855488373","p1":"sitenzo","p2":"zippLapZapper","format":"[Gen 9] VGC 2023 Regulation C","log":"|j|\u2606sitenzo\n|j|\u2606zippLapZapper\n|t:|1682955983\n|gametype|doubles\n|player|p1|sitenzo|266|1346\n|player|p2|zippLapZapper|hilbert-wonderlauncher|1435\n|teamsize|p1|6\n|teamsize|p2|6\n|gen|9\n|tier|[Gen 9] VGC 2023 Regulation C\n|rated|\n|rule|Species Clause: Limit one of each Pok\u00e9mon\n|rule|Item Clause: Limit one of each item\n|clearpoke\n|poke|p1|Iron Bundle, L50|\n|poke|p1|Armarouge, L50, F|\n|poke|p1|Indeedee-F, L50, F|\n|poke|p1|Arcanine, L50, M|\n|poke|p1|Ting-Lu, L50|\n|poke|p1|Dragonite, L50, F|\n|poke|p2|Garchomp, L50, F|\n|poke|p2|Talonflame, L50, F|\n|poke|p2|Tyranitar, L50, M|\n|poke|p2|Iron Bundle, L50|\n|poke|p2|Flutter Mane, L50|\n|poke|p2|Chien-Pao, L50|\n|teampreview|4\nzippLapZapper has agreed to open team sheets.\n|inactive|Battle timer is ON: inactive players will automatically lose when time's up. (requested by zippLapZapper)\n|\n|t:|1682956059\n|start\n|switch|p1a: Armarouge|Armarouge, L50, F|100\/100\n|switch|p1b: Iron Bundle|Iron Bundle, L50|100\/100\n|switch|p2a: Garchomp|Garchomp, L50, F|100\/100\n|switch|p2b: Chien-Pao|Chien-Pao, L50|100\/100\n|-ability|p2b: Chien-Pao|Sword of Ruin\n|-enditem|p1b: Iron Bundle|Booster Energy\n|-activate|p1b: Iron Bundle|ability: Quark Drive|[fromitem]\n|-start|p1b: Iron Bundle|quarkdrivespe\n|turn|1\n|inactive|zippLapZapper has 30 seconds left.\n|inactive|zippLapZapper has 20 seconds left.\n|inactive|zippLapZapper has 15 seconds left.\n|\n|t:|1682956104\n|switch|p1a: Arcanine|Arcanine, L50, M|100\/100\n|-ability|p1a: Arcanine|Intimidate|boost\n|-fail|p2a: Garchomp|unboost|[from] item: Clear Amulet|[of] p2a: Garchomp\n|-unboost|p2b: Chien-Pao|atk|1\n|-terastallize|p2a: Garchomp|Steel\n|move|p1b: Iron Bundle|Freeze-Dry|p2a: Garchomp\n|-resisted|p2a: Garchomp\n|-crit|p2a: Garchomp\n|-damage|p2a: Garchomp|73\/100\n|move|p2b: Chien-Pao|Ice Spinner|p1a: Arcanine\n|-resisted|p1a: Arcanine\n|-damage|p1a: Arcanine|82\/100\n|move|p2a: Garchomp|Stomping Tantrum|p1a: Arcanine\n|-supereffective|p1a: Arcanine\n|-damage|p1a: Arcanine|0 fnt\n|faint|p1a: Arcanine\n|\n|upkeep\n|\n|t:|1682956126\n|switch|p1a: Armarouge|Armarouge, L50, F|100\/100\n|turn|2\n|\n|t:|1682956137\n|move|p1a: Armarouge|Protect|p1a: Armarouge\n|-singleturn|p1a: Armarouge|Protect\n|move|p1b: Iron Bundle|U-turn|p2b: Chien-Pao\n|-supereffective|p2b: Chien-Pao\n|-damage|p2b: Chien-Pao|70\/100\n|\n|t:|1682956146\n|-end|p1b: Iron Bundle|Quark Drive|[silent]\n|switch|p1b: Indeedee|Indeedee-F, L50, F|100\/100|[from] U-turn\n|-fieldstart|move: Psychic Terrain|[from] ability: Psychic Surge|[of] p1b: Indeedee\n|move|p2b: Chien-Pao|Ice Spinner|p1a: Armarouge\n|-activate|p1a: Armarouge|move: Protect\n|move|p2a: Garchomp|Earthquake|p1b: Indeedee|[spread] p2b,p1b\n|-activate|p1a: Armarouge|move: Protect\n|-damage|p2b: Chien-Pao|19\/100\n|-damage|p1b: Indeedee|47\/100\n|-enditem|p1b: Indeedee|Eject Button\n|inactive|sitenzo has 30 seconds left.\n|inactive|sitenzo has 20 seconds left.\n|\n|t:|1682956188\n|switch|p1b: Iron Bundle|Iron Bundle, L50|100\/100\n|\n|upkeep\n|turn|3\n|\n|t:|1682956204\n|-terastallize|p1a: Armarouge|Psychic\n|move|p1b: Iron Bundle|U-turn|p1a: Armarouge\n|-supereffective|p1a: Armarouge\n|-damage|p1a: Armarouge|75\/100\n|-ability|p1a: Armarouge|Weak Armor|boost\n|-unboost|p1a: Armarouge|def|1\n|-boost|p1a: Armarouge|spe|2\n|-enditem|p1a: Armarouge|Weakness Policy\n|-boost|p1a: Armarouge|atk|2|[from] item: Weakness Policy\n|-boost|p1a: Armarouge|spa|2|[from] item: Weakness Policy\n|\n|t:|1682956212\n|-end|p1b: Iron Bundle|Quark Drive|[silent]\n|switch|p1b: Indeedee|Indeedee-F, L50, F|47\/100|[from] U-turn\n|move|p1a: Armarouge|Expanding Force|p2a: Garchomp|[spread] p2a\n|-immune|p2b: Chien-Pao\n|-resisted|p2a: Garchomp\n|-damage|p2a: Garchomp|0 fnt\n|faint|p2a: Garchomp\n|move|p2b: Chien-Pao|Ice Spinner|p1a: Armarouge\n|-damage|p1a: Armarouge|29\/100\n|-fieldend|move: Psychic Terrain\n|-ability|p1a: Armarouge|Weak Armor|boost\n|-unboost|p1a: Armarouge|def|1\n|-boost|p1a: Armarouge|spe|2\n|\n|upkeep\n|\n|t:|1682956221\n|switch|p2a: Tyranitar|Tyranitar, L50, M|100\/100\n|-weather|Sandstorm|[from] ability: Sand Stream|[of] p2a: Tyranitar\n|turn|4\n|c|\u2606zippLapZapper|booh\n|\n|t:|1682956241\n|move|p1b: Indeedee|Follow Me|p1b: Indeedee\n|-singleturn|p1b: Indeedee|move: Follow Me\n|move|p2b: Chien-Pao|Sucker Punch||[still]\n|-fail|p2b: Chien-Pao\n|move|p1a: Armarouge|Aura Sphere|p2a: Tyranitar\n|-supereffective|p2a: Tyranitar\n|-damage|p2a: Tyranitar|15\/100\n|move|p2a: Tyranitar|Rock Slide|p1a: Armarouge|[spread] p1a,p1b\n|-damage|p1a: Armarouge|0 fnt\n|-damage|p1b: Indeedee|2\/100\n|faint|p1a: Armarouge\n|\n|-weather|Sandstorm|[upkeep]\n|-damage|p2b: Chien-Pao|13\/100|[from] Sandstorm\n|-damage|p1b: Indeedee|0 fnt|[from] Sandstorm\n|faint|p1b: Indeedee\n|upkeep\n|\n|t:|1682956249\n|switch|p1b: Iron Bundle|Iron Bundle, L50|100\/100\n|turn|5\n|\n|t:|1682956260\n|move|p2b: Chien-Pao|Sucker Punch|p1b: Iron Bundle\n|-damage|p1b: Iron Bundle|63\/100\n|move|p1b: Iron Bundle|U-turn|p2b: Chien-Pao\n|-supereffective|p2b: Chien-Pao\n|-damage|p2b: Chien-Pao|0 fnt\n|faint|p2b: Chien-Pao\n|move|p2a: Tyranitar|Heavy Slam|p1b: Iron Bundle\n|-damage|p1b: Iron Bundle|6\/100\n|\n|-weather|Sandstorm|[upkeep]\n|-damage|p1b: Iron Bundle|0 fnt|[from] Sandstorm\n|faint|p1b: Iron Bundle\n|-end|p1b: Iron Bundle|Quark Drive|[silent]\n|\n|win|zippLapZapper\n|upkeep\n|raw|sitenzo's rating: 1346 → 1331<\/strong> (-15 for losing)\n|raw|zippLapZapper's rating: 1435 → 1450<\/strong> (+15 for winning)\n|c|\u2606zippLapZapper|gg\n","uploadtime":1682956277,"views":25,"p1id":"sitenzo","p2id":"zipplapzapper","formatid":"gen9vgc2023regulationc","rating":1331,"private":0,"password":""}