{"id":"gen9vgc2023regulationc-1863644425","p1":"kolbalt","p2":"aaffff2222","format":"[Gen 9] VGC 2023 Regulation C","log":"|j|\u2606kolbalt\n|j|\u2606aaffff2222\n|t:|1684050511\n|gametype|doubles\n|player|p1|kolbalt|101|1187\n|player|p2|aaffff2222|dawn|1103\n|teamsize|p1|6\n|teamsize|p2|6\n|gen|9\n|tier|[Gen 9] VGC 2023 Regulation C\n|rated|\n|rule|Species Clause: Limit one of each Pok\u00e9mon\n|rule|Item Clause: Limit one of each item\n|clearpoke\n|poke|p1|Quaquaval, L50, F|\n|poke|p1|Farigiraf, L50, M|\n|poke|p1|Hatterene, L50, F|\n|poke|p1|Tyranitar, L50, F|\n|poke|p1|Lycanroc, L50, F|\n|poke|p1|Dragapult, L50, M|\n|poke|p2|Dondozo, L50, M|\n|poke|p2|Tatsugiri, L50, F|\n|poke|p2|Chien-Pao, L50|\n|poke|p2|Dragapult, L50, M|\n|poke|p2|Dragonite, L50, M|\n|poke|p2|Glimmora, L50, F|\n|teampreview|4\n|inactive|Battle timer is ON: inactive players will automatically lose when time's up. (requested by aaffff2222)\n|\n|t:|1684050531\n|start\n|switch|p1a: Tyranitar|Tyranitar, L50, F|100\/100\n|switch|p1b: Lycanroc|Lycanroc, L50, F|100\/100\n|switch|p2a: Glimmora|Glimmora, L50, F|100\/100\n|switch|p2b: Dragonite|Dragonite, L50, M|100\/100\n|-weather|Sandstorm|[from] ability: Sand Stream|[of] p1a: Tyranitar\n|turn|1\n|\n|t:|1684050544\n|move|p2b: Dragonite|Extreme Speed|p1b: Lycanroc\n|-resisted|p1b: Lycanroc\n|-crit|p1b: Lycanroc\n|-damage|p1b: Lycanroc|60\/100\n|move|p1b: Lycanroc|Rock Slide|p2b: Dragonite|[spread] p2a,p2b\n|-supereffective|p2b: Dragonite\n|-damage|p2a: Glimmora|49\/100\n|-damage|p2b: Dragonite|61\/100\n|-activate|p2a: Glimmora|ability: Toxic Debris\n|-sidestart|p1: kolbalt|move: Toxic Spikes\n|-damage|p1b: Lycanroc|50\/100|[from] item: Life Orb\n|move|p2a: Glimmora|Mortal Spin|p1a: Tyranitar|[spread] p1a,p1b\n|-resisted|p1a: Tyranitar\n|-crit|p1a: Tyranitar\n|-resisted|p1b: Lycanroc\n|-damage|p1a: Tyranitar|98\/100\n|-damage|p1b: Lycanroc|46\/100\n|-status|p1a: Tyranitar|psn\n|-status|p1b: Lycanroc|psn\n|move|p1a: Tyranitar|Brick Break|p2a: Glimmora\n|-damage|p2a: Glimmora|14\/100\n|-activate|p2a: Glimmora|ability: Toxic Debris\n|-sidestart|p1: kolbalt|move: Toxic Spikes\n|\n|-weather|Sandstorm|[upkeep]\n|-damage|p2b: Dragonite|55\/100|[from] Sandstorm\n|-damage|p1b: Lycanroc|34\/100 psn|[from] psn\n|-damage|p1a: Tyranitar|86\/100 psn|[from] psn\n|upkeep\n|turn|2\n|inactive|aaffff2222 has 30 seconds left.\n|\n|t:|1684050571\n|switch|p1b: Dragapult|Dragapult, L50, M|100\/100\n|-status|p1b: Dragapult|tox\n|move|p2a: Glimmora|Spiky Shield|p2a: Glimmora\n|-singleturn|p2a: Glimmora|move: Protect\n|move|p2b: Dragonite|Extreme Speed|p1b: Dragapult\n|-immune|p1b: Dragapult\n|move|p1a: Tyranitar|Brick Break|p2a: Glimmora\n|-activate|p2a: Glimmora|move: Protect\n|-damage|p1a: Tyranitar|73\/100 psn|[from] Spiky Shield|[of] p2a: Glimmora\n|\n|-weather|Sandstorm|[upkeep]\n|-damage|p1b: Dragapult|94\/100 tox|[from] Sandstorm\n|-damage|p2b: Dragonite|48\/100|[from] Sandstorm\n|-damage|p1b: Dragapult|88\/100 tox|[from] psn\n|-damage|p1a: Tyranitar|61\/100 psn|[from] psn\n|upkeep\n|turn|3\n|inactive|kolbalt has 30 seconds left.\n|\n|t:|1684050598\n|move|p1b: Dragapult|Shadow Ball|p2b: Dragonite\n|-damage|p2b: Dragonite|0 fnt\n|faint|p2b: Dragonite\n|move|p2a: Glimmora|Earth Power|p1a: Tyranitar\n|-supereffective|p1a: Tyranitar\n|-damage|p1a: Tyranitar|34\/100 psn\n|move|p1a: Tyranitar|Brick Break|p2a: Glimmora\n|-damage|p2a: Glimmora|0 fnt\n|faint|p2a: Glimmora\n|\n|-weather|Sandstorm|[upkeep]\n|-damage|p1b: Dragapult|82\/100 tox|[from] Sandstorm\n|-damage|p1b: Dragapult|70\/100 tox|[from] psn\n|-damage|p1a: Tyranitar|22\/100 psn|[from] psn\n|upkeep\n|\n|t:|1684050611\n|switch|p2a: Dondozo|Dondozo, L50, M|100\/100\n|switch|p2b: Tatsugiri|Tatsugiri, L50, F|100\/100\n|-activate|p2b: Tatsugiri|ability: Commander|[of] p2a: Dondozo\n|-boost|p2a: Dondozo|atk|2\n|-boost|p2a: Dondozo|spa|2\n|-boost|p2a: Dondozo|spe|2\n|-boost|p2a: Dondozo|def|2\n|-boost|p2a: Dondozo|spd|2\n|turn|4\n|\n|t:|1684050633\n|switch|p1b: Quaquaval|Quaquaval, L50, F|100\/100\n|-status|p1b: Quaquaval|tox\n|move|p2a: Dondozo|Earthquake|p1a: Tyranitar|[spread] p1a,p1b\n|-miss|p2a: Dondozo|p2b: Tatsugiri\n|-supereffective|p1a: Tyranitar\n|-damage|p1a: Tyranitar|0 fnt\n|-damage|p1b: Quaquaval|50\/100 tox\n|faint|p1a: Tyranitar\n|\n|-weather|Sandstorm|[upkeep]\n|-damage|p2b: Tatsugiri|94\/100|[from] Sandstorm\n|-damage|p2a: Dondozo|94\/100|[from] Sandstorm\n|-heal|p2a: Dondozo|100\/100|[from] item: Leftovers\n|-damage|p1b: Quaquaval|44\/100 tox|[from] psn\n|upkeep\n|\n|t:|1684050642\n|switch|p1a: Dragapult|Dragapult, L50, M|70\/100 tox\n|turn|5\n|\n|t:|1684050654\n|move|p2a: Dondozo|Protect|p2a: Dondozo\n|-singleturn|p2a: Dondozo|Protect\n|move|p1a: Dragapult|Thunder|p2a: Dondozo\n|-activate|p2a: Dondozo|move: Protect\n|move|p1b: Quaquaval|Close Combat|p2a: Dondozo\n|-activate|p2a: Dondozo|move: Protect\n|\n|-weather|none\n|-damage|p1a: Dragapult|64\/100 tox|[from] psn\n|-damage|p1b: Quaquaval|32\/100 tox|[from] psn\n|upkeep\n|turn|6\n|\n|t:|1684050666\n|move|p1a: Dragapult|Thunder|p2a: Dondozo|[miss]\n|-miss|p1a: Dragapult|p2a: Dondozo\n|move|p2a: Dondozo|Earthquake|p1a: Dragapult|[spread] p1a,p1b\n|-miss|p2a: Dondozo|p2b: Tatsugiri\n|-damage|p1a: Dragapult|10\/100 tox\n|-damage|p1b: Quaquaval|0 fnt\n|faint|p1b: Quaquaval\n|\n|-damage|p1a: Dragapult|0 fnt|[from] psn\n|faint|p1a: Dragapult\n|upkeep\n|\n|t:|1684050672\n|switch|p1b: Lycanroc|Lycanroc, L50, F|34\/100 psn\n|turn|7\n|\n|t:|1684050680\n|move|p2a: Dondozo|Substitute|p2a: Dondozo\n|-start|p2a: Dondozo|Substitute\n|-damage|p2a: Dondozo|75\/100\n|move|p1b: Lycanroc|Play Rough|p2a: Dondozo|[miss]\n|-miss|p1b: Lycanroc|p2a: Dondozo\n|\n|-heal|p2a: Dondozo|82\/100|[from] item: Leftovers\n|-damage|p1b: Lycanroc|22\/100 psn|[from] psn\n|upkeep\n|turn|8\n|c|\u2606kolbalt|LMAO\n|c|\u2606kolbalt|ur so cringe\n|inactive|kolbalt has 30 seconds left.\n|inactive|kolbalt has 20 seconds left.\n|c|\u2606kolbalt|max hp tatsudozo against a 25% lycanroc and you fucking sub\n|\n|t:|1684050719\n|move|p2a: Dondozo|Protect|p2a: Dondozo\n|-singleturn|p2a: Dondozo|Protect\n|move|p1b: Lycanroc|Rock Slide|p2a: Dondozo|[spread] \n|-miss|p1b: Lycanroc|p2b: Tatsugiri\n|-activate|p2a: Dondozo|move: Protect\n|\n|-heal|p2a: Dondozo|88\/100|[from] item: Leftovers\n|-damage|p1b: Lycanroc|10\/100 psn|[from] psn\n|upkeep\n|turn|9\n|c|\u2606kolbalt|LOL\n|c|\u2606kolbalt|stay scared\n|\n|t:|1684050730\n|move|p2a: Dondozo|Substitute|p2a: Dondozo\n|-fail|p2a: Dondozo|move: Substitute\n|move|p1b: Lycanroc|Rock Slide|p2a: Dondozo|[spread] p2a\n|-miss|p1b: Lycanroc|p2b: Tatsugiri\n|-activate|p2a: Dondozo|move: Substitute|[damage]\n|-damage|p1b: Lycanroc|0 fnt|[from] item: Life Orb\n|faint|p1b: Lycanroc\n|\n|win|aaffff2222\n|raw|kolbalt's rating: 1187 → 1156<\/strong> (-31 for losing)\n|raw|aaffff2222's rating: 1103 → 1134<\/strong> (+31 for winning)\n","uploadtime":1684050715,"views":9,"p1id":"kolbalt","p2id":"aaffff2222","formatid":"gen9vgc2023regulationc","rating":1134,"private":0,"password":""}