{"id":"gen9vgc2023regulationc-1859471346","p1":"nwncc0929","p2":"jccjcjjjtjktt","format":"[Gen 9] VGC 2023 Regulation C","log":"|j|\u2606nwncc0929\n|j|\u2606jccjcjjjtjktt\n|t:|1683472826\n|gametype|doubles\n|player|p1|nwncc0929|170|1046\n|player|p2|jccjcjjjtjktt|caitlin|1081\n|teamsize|p1|6\n|teamsize|p2|6\n|gen|9\n|tier|[Gen 9] VGC 2023 Regulation C\n|rated|\n|rule|Species Clause: Limit one of each Pok\u00e9mon\n|rule|Item Clause: Limit one of each item\n|clearpoke\n|poke|p1|Kingambit, L50, M|\n|poke|p1|Ting-Lu, L50|\n|poke|p1|Flutter Mane, L50|\n|poke|p1|Dragonite, L50, F|\n|poke|p1|Murkrow, L50, F|\n|poke|p1|Gholdengo, L50|\n|poke|p2|Orthworm, L50, M|\n|poke|p2|Ting-Lu, L50|\n|poke|p2|Sylveon, L50, M|\n|poke|p2|Dragonite, L50, F|\n|poke|p2|Gyarados, L50, M|\n|poke|p2|Amoonguss, L50, F|\n|teampreview|4\n|inactive|Battle timer is ON: inactive players will automatically lose when time's up. (requested by jccjcjjjtjktt)\n|\n|t:|1683472893\n|start\n|switch|p1a: Murkrow|Murkrow, L50, F|100\/100\n|switch|p1b: Flutter Mane|Flutter Mane, L50|100\/100\n|switch|p2a: Ting-Lu|Ting-Lu, L50|100\/100\n|switch|p2b: Orthworm|Orthworm, L50, M|100\/100\n|-ability|p2a: Ting-Lu|Vessel of Ruin\n|turn|1\n|\n|t:|1683472920\n|switch|p2a: Sylveon|Sylveon, L50, M|100\/100\n|move|p1a: Murkrow|Tailwind|p1a: Murkrow\n|-sidestart|p1: nwncc0929|move: Tailwind\n|move|p1b: Flutter Mane|Mystical Fire|p2b: Orthworm\n|-supereffective|p2b: Orthworm\n|-damage|p2b: Orthworm|44\/100\n|-unboost|p2b: Orthworm|spa|1\n|-enditem|p2b: Orthworm|Sitrus Berry|[eat]\n|-heal|p2b: Orthworm|69\/100|[from] item: Sitrus Berry\n|move|p2b: Orthworm|Heavy Slam|p1b: Flutter Mane\n|-supereffective|p1b: Flutter Mane\n|-crit|p1b: Flutter Mane\n|-enditem|p1b: Flutter Mane|Focus Sash\n|-damage|p1b: Flutter Mane|1\/100\n|\n|upkeep\n|turn|2\n|inactive|nwncc0929 has 30 seconds left.\n|\n|t:|1683472954\n|switch|p2b: Ting-Lu|Ting-Lu, L50|100\/100\n|-ability|p2b: Ting-Lu|Vessel of Ruin\n|move|p1b: Flutter Mane|Protect|p1b: Flutter Mane\n|-singleturn|p1b: Flutter Mane|Protect\n|move|p1a: Murkrow|Foul Play|p2b: Ting-Lu\n|-resisted|p2b: Ting-Lu\n|-damage|p2b: Ting-Lu|87\/100\n|move|p2a: Sylveon|Hyper Voice|p1a: Murkrow|[spread] p1a\n|-activate|p1b: Flutter Mane|move: Protect\n|-supereffective|p1a: Murkrow\n|-crit|p1a: Murkrow\n|-damage|p1a: Murkrow|34\/100\n|\n|upkeep\n|turn|3\n|\n|t:|1683472976\n|switch|p2b: Orthworm|Orthworm, L50, M|69\/100\n|move|p1b: Flutter Mane|Dazzling Gleam|p2a: Sylveon|[spread] p2a,p2b\n|-resisted|p2b: Orthworm\n|-damage|p2a: Sylveon|75\/100\n|-damage|p2b: Orthworm|50\/100\n|move|p1a: Murkrow|Foul Play|p2b: Orthworm\n|-damage|p2b: Orthworm|26\/100\n|move|p2a: Sylveon|Hyper Voice|p1b: Flutter Mane|[spread] p1a,p1b\n|-supereffective|p1a: Murkrow\n|-damage|p1a: Murkrow|0 fnt\n|-damage|p1b: Flutter Mane|0 fnt\n|faint|p1a: Murkrow\n|faint|p1b: Flutter Mane\n|-end|p1b: Flutter Mane|Protosynthesis|[silent]\n|\n|-heal|p2a: Sylveon|81\/100|[from] item: Leftovers\n|upkeep\n|\n|t:|1683472987\n|switch|p1b: Ting-Lu|Ting-Lu, L50|100\/100\n|switch|p1a: Dragonite|Dragonite, L50, F|100\/100\n|-ability|p1b: Ting-Lu|Vessel of Ruin\n|turn|4\n|inactive|nwncc0929 has 30 seconds left.\n|inactive|jccjcjjjtjktt has 30 seconds left.\n|inactive|nwncc0929 has 20 seconds left.\n|inactive|jccjcjjjtjktt has 20 seconds left.\n|inactive|nwncc0929 has 15 seconds left.\n|\n|t:|1683473027\n|-terastallize|p1a: Dragonite|Flying\n|move|p1a: Dragonite|Tera Blast|p2b: Orthworm\n|-resisted|p2b: Orthworm\n|-damage|p2b: Orthworm|3\/100\n|move|p1b: Ting-Lu|Earthquake|p2a: Sylveon|[spread] p2a\n|-heal|p2b: Orthworm|28\/100|[from] ability: Earth Eater|[of] p1b: Ting-Lu\n|-immune|p1a: Dragonite\n|-damage|p2a: Sylveon|29\/100\n|move|p2b: Orthworm|Body Press|p1b: Ting-Lu\n|-supereffective|p1b: Ting-Lu\n|-damage|p1b: Ting-Lu|71\/100\n|move|p2a: Sylveon|Hyper Voice|p1a: Dragonite|[spread] p1a,p1b\n|-supereffective|p1b: Ting-Lu\n|-damage|p1a: Dragonite|89\/100\n|-damage|p1b: Ting-Lu|32\/100\n|\n|-heal|p2a: Sylveon|35\/100|[from] item: Leftovers\n|-sideend|p1: nwncc0929|move: Tailwind\n|upkeep\n|turn|5\n|\n|t:|1683473052\n|move|p1a: Dragonite|Tera Blast|p2b: Orthworm\n|-resisted|p2b: Orthworm\n|-damage|p2b: Orthworm|4\/100\n|move|p2b: Orthworm|Body Press|p1b: Ting-Lu\n|-supereffective|p1b: Ting-Lu\n|-damage|p1b: Ting-Lu|2\/100\n|move|p2a: Sylveon|Hyper Voice|p1b: Ting-Lu|[spread] p1a,p1b\n|-supereffective|p1b: Ting-Lu\n|-damage|p1a: Dragonite|65\/100\n|-damage|p1b: Ting-Lu|0 fnt\n|faint|p1b: Ting-Lu\n|\n|-heal|p2a: Sylveon|41\/100|[from] item: Leftovers\n|upkeep\n|turn|6\n|-message|nwncc0929 forfeited.\n|\n|win|jccjcjjjtjktt\n|raw|nwncc0929's rating: 1046 → 1031<\/strong> (-15 for losing)\n|raw|jccjcjjjtjktt's rating: 1081 → 1106<\/strong> (+25 for winning)\n|l|\u2606nwncc0929\n","uploadtime":1683473280,"views":13,"p1id":"nwncc0929","p2id":"jccjcjjjtjktt","formatid":"gen9vgc2023regulationc","rating":1031,"private":0,"password":""}