{"id":"gen9vgc2023regulationc-1853126447","p1":"jackkkkkkh02","p2":"Mumblin'Penguin","format":"[Gen 9] VGC 2023 Regulation C","log":"|j|\u2606jackkkkkkh02\n|j|\u2606Mumblin'Penguin\n|t:|1682638352\n|gametype|doubles\n|player|p1|jackkkkkkh02|benga|1173\n|player|p2|Mumblin'Penguin|teamrocket|1140\n|teamsize|p1|6\n|teamsize|p2|6\n|gen|9\n|tier|[Gen 9] VGC 2023 Regulation C\n|rated|\n|rule|Species Clause: Limit one of each Pok\u00e9mon\n|rule|Item Clause: Limit one of each item\n|clearpoke\n|poke|p1|Flutter Mane, L50|\n|poke|p1|Kingambit, L50, F|\n|poke|p1|Dragonite, L50, F|\n|poke|p1|Great Tusk, L50|\n|poke|p1|Greedent, L50, M|\n|poke|p1|Tatsugiri-Stretchy, L50, F|\n|poke|p2|Iron Hands, L50|\n|poke|p2|Amoonguss, L50, F|\n|poke|p2|Pelipper, L50, F|\n|poke|p2|Quaquaval, L50, F|\n|poke|p2|Flutter Mane, L50|\n|poke|p2|Chien-Pao, L50|\n|teampreview|4\n|c|\u2606jackkkkkkh02|glhf\n|c|\u2606Mumblin'Penguin|glhf\njackkkkkkh02 rejected open team sheets.\n|\n|t:|1682638379\n|start\n|switch|p1a: Gree DONT|Greedent, L50, M, shiny|100\/100\n|switch|p1b: Trouble|Great Tusk, L50, shiny|100\/100\n|switch|p2a: Flutter Mane|Flutter Mane, L50|100\/100\n|switch|p2b: Chien-Pao|Chien-Pao, L50|100\/100\n|-ability|p2b: Chien-Pao|Sword of Ruin\n|-enditem|p2a: Flutter Mane|Booster Energy\n|-activate|p2a: Flutter Mane|ability: Protosynthesis|[fromitem]\n|-start|p2a: Flutter Mane|protosynthesisspe\n|turn|1\n|\n|t:|1682638409\n|-terastallize|p1a: Gree DONT|Ghost\n|move|p2a: Flutter Mane|Dazzling Gleam|p1b: Trouble|[spread] p1a,p1b\n|-supereffective|p1b: Trouble\n|-damage|p1a: Gree DONT|73\/100\n|-damage|p1b: Trouble|9\/100\n|move|p1b: Trouble|Earthquake|p2a: Flutter Mane|[spread] p1a,p2a,p2b\n|-damage|p1a: Gree DONT|40\/100\n|-damage|p2a: Flutter Mane|0 fnt\n|-damage|p2b: Chien-Pao|50\/100\n|-enditem|p1a: Gree DONT|Sitrus Berry|[eat]\n|-heal|p1a: Gree DONT|64\/100|[from] item: Sitrus Berry\n|-heal|p1a: Gree DONT|98\/100|[from] ability: Cheek Pouch\n|faint|p2a: Flutter Mane\n|-end|p2a: Flutter Mane|Protosynthesis|[silent]\n|move|p2b: Chien-Pao|Sacred Sword|p1a: Gree DONT\n|-immune|p1a: Gree DONT\n|move|p1a: Gree DONT|Body Press|p2b: Chien-Pao\n|-supereffective|p2b: Chien-Pao\n|-damage|p2b: Chien-Pao|0 fnt\n|faint|p2b: Chien-Pao\n|\n|upkeep\n|\n|t:|1682638427\n|switch|p2a: Pelipper|Pelipper, L50, F|100\/100\n|switch|p2b: Iron Hands|Iron Hands, L50, shiny|100\/100\n|-weather|RainDance|[from] ability: Drizzle|[of] p2a: Pelipper\n|turn|2\n|\n|t:|1682638451\n|move|p1a: Gree DONT|Protect|p1a: Gree DONT\n|-singleturn|p1a: Gree DONT|Protect\n|move|p2b: Iron Hands|Fake Out|p1b: Trouble\n|-crit|p1b: Trouble\n|-damage|p1b: Trouble|0 fnt\n|faint|p1b: Trouble\n|-end|p1b: Trouble|Protosynthesis|[silent]\n|move|p2a: Pelipper|Tailwind|p2a: Pelipper\n|-sidestart|p2: Mumblin'Penguin|move: Tailwind\n|\n|-weather|RainDance|[upkeep]\n|upkeep\n|\n|t:|1682638465\n|switch|p1b: FANCY|Flutter Mane, L50, shiny|100\/100\n|turn|3\n|\n|t:|1682638480\n|-terastallize|p2b: Iron Hands|Grass\n|move|p2a: Pelipper|Hurricane|p1b: FANCY\n|-damage|p1b: FANCY|52\/100\n|move|p1b: FANCY|Moonblast|p2b: Iron Hands\n|-damage|p2b: Iron Hands|62\/100\n|-unboost|p2b: Iron Hands|spa|1\n|move|p2b: Iron Hands|Wild Charge|p1b: FANCY\n|-damage|p1b: FANCY|0 fnt\n|faint|p1b: FANCY\n|-end|p1b: FANCY|Protosynthesis|[silent]\n|-damage|p2b: Iron Hands|55\/100|[from] Recoil\n|move|p1a: Gree DONT|Super Fang|p2a: Pelipper\n|-damage|p2a: Pelipper|50\/100\n|\n|-weather|RainDance|[upkeep]\n|upkeep\n|\n|t:|1682638492\n|switch|p1b: Tatsugiri|Tatsugiri-Stretchy, L50, F|100\/100\n|turn|4\n|\n|t:|1682638512\n|move|p2a: Pelipper|Hydro Pump|p1b: Tatsugiri\n|-activate|p1b: Tatsugiri|ability: Storm Drain\n|-ability|p1b: Tatsugiri|Storm Drain|boost\n|-boost|p1b: Tatsugiri|spa|1\n|move|p2b: Iron Hands|Wild Charge|p1a: Gree DONT\n|-damage|p1a: Gree DONT|62\/100\n|-damage|p2b: Iron Hands|47\/100|[from] Recoil\n|move|p1b: Tatsugiri|Icy Wind|p2b: Iron Hands|[spread] p2a,p2b\n|-supereffective|p2b: Iron Hands\n|-damage|p2a: Pelipper|19\/100\n|-damage|p2b: Iron Hands|30\/100\n|-unboost|p2a: Pelipper|spe|1\n|-unboost|p2b: Iron Hands|spe|1\n|move|p1a: Gree DONT|Tera Blast|p2b: Iron Hands\n|-damage|p2b: Iron Hands|13\/100\n|\n|-weather|RainDance|[upkeep]\n|upkeep\n|turn|5\n|\n|t:|1682638530\n|move|p1a: Gree DONT|Protect|p1a: Gree DONT\n|-singleturn|p1a: Gree DONT|Protect\n|move|p2a: Pelipper|Hurricane|p1b: Tatsugiri\n|-damage|p1b: Tatsugiri|51\/100\n|move|p1b: Tatsugiri|Icy Wind|p2a: Pelipper|[spread] p2a,p2b\n|-supereffective|p2b: Iron Hands\n|-damage|p2a: Pelipper|0 fnt\n|-damage|p2b: Iron Hands|0 fnt\n|faint|p2a: Pelipper\n|faint|p2b: Iron Hands\n|-end|p2b: Iron Hands|Quark Drive|[silent]\n|\n|win|jackkkkkkh02\n|raw|jackkkkkkh02's rating: 1173 → 1196<\/strong> (+23 for winning)\n|raw|Mumblin'Penguin's rating: 1140 → 1117<\/strong> (-23 for losing)\n|c|\u2606jackkkkkkh02|ggwp\n|c|\u2606Mumblin'Penguin|gg wp\n|l|\u2606Mumblin'Penguin\n","uploadtime":1682638552,"views":7,"p1id":"jackkkkkkh02","p2id":"mumblinpenguin","formatid":"gen9vgc2023regulationc","rating":1117,"private":0,"password":""}