{"id":"gen9vgc2023regulationc-1855593123","p1":"PEPPECATANIA","p2":"PhantomFighter300","format":"[Gen 9] VGC 2023 Regulation C","log":"|j|\u2606PEPPECATANIA\n|j|\u2606PhantomFighter300\n|t:|1682964863\n|gametype|doubles\n|player|p1|PEPPECATANIA|2|1088\n|player|p2|PhantomFighter300|1|1117\n|teamsize|p1|6\n|teamsize|p2|6\n|gen|9\n|tier|[Gen 9] VGC 2023 Regulation C\n|rated|\n|rule|Species Clause: Limit one of each Pok\u00e9mon\n|rule|Item Clause: Limit one of each item\n|clearpoke\n|poke|p1|Dondozo, L50, F|\n|poke|p1|Tatsugiri, L50, M|\n|poke|p1|Iron Bundle, L50|\n|poke|p1|Chi-Yu, L50|\n|poke|p1|Dragonite, L50, F|\n|poke|p1|Glimmora, L50, F|\n|poke|p2|Glimmora, L50, F|\n|poke|p2|Wo-Chien, L50|\n|poke|p2|Arcanine, L50, M|\n|poke|p2|Annihilape, L50, F|\n|poke|p2|Baxcalibur, L50, M|\n|poke|p2|Ting-Lu, L50|\n|teampreview|4\n|\n|t:|1682964906\n|start\n|switch|p1a: Chi-Yu|Chi-Yu, L50|100\/100\n|switch|p1b: Dondozo|Dondozo, L50, F|100\/100\n|switch|p2a: Glimmora|Glimmora, L50, F|100\/100\n|switch|p2b: Arcanine|Arcanine, L50, M|100\/100\n|-ability|p1a: Chi-Yu|Beads of Ruin\n|-ability|p2b: Arcanine|Intimidate|boost\n|-unboost|p1a: Chi-Yu|atk|1\n|-unboost|p1b: Dondozo|atk|1\n|turn|1\n|\n|t:|1682964954\n|switch|p1a: Tatsugiri|Tatsugiri, L50, M|100\/100\n|-activate|p1a: Tatsugiri|ability: Commander|[of] p1b: Dondozo\n|-boost|p1b: Dondozo|atk|2\n|-boost|p1b: Dondozo|spa|2\n|-boost|p1b: Dondozo|spe|2\n|-boost|p1b: Dondozo|def|2\n|-boost|p1b: Dondozo|spd|2\n|move|p2b: Arcanine|Will-O-Wisp|p1b: Dondozo\n|-immune|p1b: Dondozo|[from] ability: Water Veil\n|move|p2a: Glimmora|Mortal Spin|p1b: Dondozo|[spread] p1b\n|-miss|p2a: Glimmora|p1a: Tatsugiri\n|-damage|p1b: Dondozo|99\/100\n|-status|p1b: Dondozo|psn\n|move|p1b: Dondozo|Earthquake|p2a: Glimmora|[spread] p2a,p2b\n|-miss|p1b: Dondozo|p1a: Tatsugiri\n|-supereffective|p2a: Glimmora\n|-supereffective|p2b: Arcanine\n|-enditem|p2a: Glimmora|Focus Sash\n|-damage|p2a: Glimmora|1\/100\n|-damage|p2b: Arcanine|28\/100\n|-activate|p2a: Glimmora|ability: Toxic Debris\n|-sidestart|p1: PEPPECATANIA|move: Toxic Spikes\n|-enditem|p2b: Arcanine|Sitrus Berry|[eat]\n|-heal|p2b: Arcanine|52\/100|[from] item: Sitrus Berry\n|\n|-heal|p1b: Dondozo|100\/100 psn|[from] item: Leftovers\n|-damage|p1b: Dondozo|88\/100 psn|[from] psn\n|upkeep\n|turn|2\n|\n|t:|1682964993\n|switch|p2b: Wo-Chien|Wo-Chien, L50|100\/100\n|-ability|p2b: Wo-Chien|Tablets of Ruin\n|-terastallize|p1b: Dondozo|Grass\n|move|p2a: Glimmora|Energy Ball|p1b: Dondozo\n|-resisted|p1b: Dondozo\n|-damage|p1b: Dondozo|81\/100 psn\n|move|p1b: Dondozo|Earthquake|p2a: Glimmora|[spread] p2a,p2b\n|-miss|p1b: Dondozo|p1a: Tatsugiri\n|-supereffective|p2a: Glimmora\n|-resisted|p2b: Wo-Chien\n|-damage|p2a: Glimmora|0 fnt\n|-damage|p2b: Wo-Chien|90\/100\n|-activate|p2a: Glimmora|ability: Toxic Debris\n|-sidestart|p1: PEPPECATANIA|move: Toxic Spikes\n|faint|p2a: Glimmora\n|\n|-heal|p1b: Dondozo|87\/100 psn|[from] item: Leftovers\n|-heal|p2b: Wo-Chien|96\/100|[from] item: Leftovers\n|-damage|p1b: Dondozo|74\/100 psn|[from] psn\n|upkeep\n|\n|t:|1682965003\n|switch|p2a: Arcanine|Arcanine, L50, M|52\/100\n|-ability|p2a: Arcanine|Intimidate|boost\n|-unboost|p1a: Tatsugiri|atk|1\n|-unboost|p1b: Dondozo|atk|1\n|turn|3\n|\n|t:|1682965029\n|switch|p2a: Annihilape|Annihilape, L50, F|100\/100\n|move|p1b: Dondozo|Earthquake|p2a: Annihilape|[spread] p2a,p2b\n|-miss|p1b: Dondozo|p1a: Tatsugiri\n|-resisted|p2b: Wo-Chien\n|-damage|p2a: Annihilape|83\/100\n|-damage|p2b: Wo-Chien|89\/100\n|move|p2b: Wo-Chien|Pollen Puff|p1b: Dondozo\n|-supereffective|p1b: Dondozo\n|-damage|p1b: Dondozo|54\/100 psn\n|\n|-heal|p1b: Dondozo|60\/100 psn|[from] item: Leftovers\n|-heal|p2b: Wo-Chien|95\/100|[from] item: Leftovers\n|-damage|p1b: Dondozo|48\/100 psn|[from] psn\n|upkeep\n|turn|4\n|\n|t:|1682965063\n|move|p2a: Annihilape|Bulk Up|p2a: Annihilape\n|-boost|p2a: Annihilape|atk|1\n|-boost|p2a: Annihilape|def|1\n|move|p1b: Dondozo|Wave Crash|p2a: Annihilape\n|-damage|p2a: Annihilape|56\/100\n|-damage|p1b: Dondozo|41\/100 psn|[from] Recoil\n|move|p2b: Wo-Chien|Pollen Puff|p1b: Dondozo\n|-supereffective|p1b: Dondozo\n|-damage|p1b: Dondozo|19\/100 psn\n|\n|-heal|p1b: Dondozo|25\/100 psn|[from] item: Leftovers\n|-heal|p2b: Wo-Chien|100\/100|[from] item: Leftovers\n|-damage|p1b: Dondozo|13\/100 psn|[from] psn\n|upkeep\n|turn|5\n|\n|t:|1682965082\n|move|p2a: Annihilape|Bulk Up|p2a: Annihilape\n|-boost|p2a: Annihilape|atk|1\n|-boost|p2a: Annihilape|def|1\n|move|p1b: Dondozo|Wave Crash|p2a: Annihilape\n|-damage|p2a: Annihilape|34\/100\n|-damage|p1b: Dondozo|7\/100 psn|[from] Recoil\n|move|p2b: Wo-Chien|Pollen Puff|p2a: Annihilape\n|-heal|p2a: Annihilape|83\/100\n|\n|-heal|p1b: Dondozo|13\/100 psn|[from] item: Leftovers\n|-damage|p1b: Dondozo|0 fnt|[from] psn\n|faint|p1b: Dondozo\n|upkeep\n|\n|t:|1682965123\n|switch|p1b: Iron Bundle|Iron Bundle, L50|100\/100\n|-status|p1b: Iron Bundle|tox\n|-enditem|p1b: Iron Bundle|Booster Energy\n|-activate|p1b: Iron Bundle|ability: Quark Drive|[fromitem]\n|-start|p1b: Iron Bundle|quarkdrivespe\n|turn|6\n|\n|t:|1682965146\n|-terastallize|p2a: Annihilape|Water\n|move|p2b: Wo-Chien|Protect|p2b: Wo-Chien\n|-singleturn|p2b: Wo-Chien|Protect\n|move|p1b: Iron Bundle|Encore|p2a: Annihilape\n|-start|p2a: Annihilape|Encore\n|move|p1a: Tatsugiri|Icy Wind|p2b: Wo-Chien|[spread] p2a\n|-activate|p2b: Wo-Chien|move: Protect\n|-resisted|p2a: Annihilape\n|-damage|p2a: Annihilape|78\/100\n|-unboost|p2a: Annihilape|spe|1\n|-ability|p2a: Annihilape|Defiant|boost\n|-boost|p2a: Annihilape|atk|2\n|move|p2a: Annihilape|Bulk Up|p2a: Annihilape\n|-boost|p2a: Annihilape|atk|1\n|-boost|p2a: Annihilape|def|1\n|\n|-damage|p1b: Iron Bundle|94\/100 tox|[from] psn\n|upkeep\n|turn|7\n|\n|t:|1682965169\n|switch|p1a: Chi-Yu|Chi-Yu, L50|100\/100\n|-status|p1a: Chi-Yu|tox\n|-ability|p1a: Chi-Yu|Beads of Ruin\n|switch|p2b: Arcanine|Arcanine, L50, M|52\/100\n|-ability|p2b: Arcanine|Intimidate|boost\n|-unboost|p1a: Chi-Yu|atk|1\n|-unboost|p1b: Iron Bundle|atk|1\n|move|p1b: Iron Bundle|Freeze-Dry|p2a: Annihilape\n|-supereffective|p2a: Annihilape\n|-damage|p2a: Annihilape|0 fnt\n|faint|p2a: Annihilape\n|\n|-damage|p1b: Iron Bundle|82\/100 tox|[from] psn\n|-damage|p1a: Chi-Yu|94\/100 tox|[from] psn\n|upkeep\n|\n|t:|1682965174\n|switch|p2a: Wo-Chien|Wo-Chien, L50|100\/100\n|-ability|p2a: Wo-Chien|Tablets of Ruin\n|turn|8\n|\n|t:|1682965192\n|move|p2a: Wo-Chien|Protect|p2a: Wo-Chien\n|-singleturn|p2a: Wo-Chien|Protect\n|move|p1b: Iron Bundle|Hydro Pump|p2b: Arcanine|[miss]\n|-miss|p1b: Iron Bundle|p2b: Arcanine\n|move|p1a: Chi-Yu|Heat Wave|p2a: Wo-Chien|[spread] p2b\n|-activate|p2a: Wo-Chien|move: Protect\n|-resisted|p2b: Arcanine\n|-damage|p2b: Arcanine|23\/100\n|move|p2b: Arcanine|Snarl|p1b: Iron Bundle|[spread] p1a,p1b\n|-resisted|p1a: Chi-Yu\n|-damage|p1a: Chi-Yu|89\/100 tox\n|-damage|p1b: Iron Bundle|57\/100 tox\n|-unboost|p1a: Chi-Yu|spa|1\n|-unboost|p1b: Iron Bundle|spa|1\n|\n|-damage|p1b: Iron Bundle|39\/100 tox|[from] psn\n|-damage|p1a: Chi-Yu|77\/100 tox|[from] psn\n|upkeep\n|turn|9\n|\n|t:|1682965222\n|move|p2b: Arcanine|Protect|p2b: Arcanine\n|-singleturn|p2b: Arcanine|Protect\n|move|p1b: Iron Bundle|Freeze-Dry|p2a: Wo-Chien\n|-supereffective|p2a: Wo-Chien\n|-crit|p2a: Wo-Chien\n|-damage|p2a: Wo-Chien|10\/100\n|move|p1a: Chi-Yu|Heat Wave|p2a: Wo-Chien|[spread] \n|-activate|p2b: Arcanine|move: Protect\n|-miss|p1a: Chi-Yu|p2a: Wo-Chien\n|move|p2a: Wo-Chien|Snarl|p1a: Chi-Yu|[spread] p1a,p1b\n|-resisted|p1a: Chi-Yu\n|-damage|p1a: Chi-Yu|70\/100 tox\n|-damage|p1b: Iron Bundle|2\/100 tox\n|-unboost|p1a: Chi-Yu|spa|1\n|-unboost|p1b: Iron Bundle|spa|1\n|\n|-heal|p2a: Wo-Chien|16\/100|[from] item: Leftovers\n|-damage|p1b: Iron Bundle|0 fnt|[from] psn\n|faint|p1b: Iron Bundle\n|-end|p1b: Iron Bundle|Quark Drive|[silent]\n|-damage|p1a: Chi-Yu|51\/100 tox|[from] psn\n|upkeep\n|\n|t:|1682965243\n|switch|p1b: Tatsugiri|Tatsugiri, L50, M|100\/100\n|-status|p1b: Tatsugiri|tox\n|turn|10\n|\n|t:|1682965260\n|move|p1b: Tatsugiri|Icy Wind|p2a: Wo-Chien|[spread] p2a,p2b\n|-supereffective|p2a: Wo-Chien\n|-resisted|p2b: Arcanine\n|-damage|p2a: Wo-Chien|0 fnt\n|-damage|p2b: Arcanine|14\/100\n|-unboost|p2b: Arcanine|spe|1\n|faint|p2a: Wo-Chien\n|move|p1a: Chi-Yu|Ruination|p2b: Arcanine\n|-damage|p2b: Arcanine|7\/100\n|move|p2b: Arcanine|Snarl|p1b: Tatsugiri|[spread] p1a,p1b\n|-resisted|p1a: Chi-Yu\n|-damage|p1a: Chi-Yu|46\/100 tox\n|-damage|p1b: Tatsugiri|85\/100 tox\n|-unboost|p1a: Chi-Yu|spa|1\n|-unboost|p1b: Tatsugiri|spa|1\n|\n|-damage|p1b: Tatsugiri|80\/100 tox|[from] psn\n|-damage|p1a: Chi-Yu|21\/100 tox|[from] psn\n|upkeep\n|turn|11\n|\n|t:|1682965282\n|move|p2b: Arcanine|Protect|p2b: Arcanine\n|-singleturn|p2b: Arcanine|Protect\n|move|p1b: Tatsugiri|Icy Wind|p2b: Arcanine\n|-activate|p2b: Arcanine|move: Protect\n|move|p1a: Chi-Yu|Ruination|p2b: Arcanine\n|-activate|p2b: Arcanine|move: Protect\n|\n|-damage|p1b: Tatsugiri|68\/100 tox|[from] psn\n|-damage|p1a: Chi-Yu|0 fnt|[from] psn\n|faint|p1a: Chi-Yu\n|upkeep\n|turn|12\n|\n|t:|1682965291\n|move|p1b: Tatsugiri|Icy Wind|p2b: Arcanine\n|-resisted|p2b: Arcanine\n|-damage|p2b: Arcanine|1\/100\n|-unboost|p2b: Arcanine|spe|1\n|move|p2b: Arcanine|Snarl|p1b: Tatsugiri\n|-damage|p1b: Tatsugiri|54\/100 tox\n|-unboost|p1b: Tatsugiri|spa|1\n|\n|-damage|p1b: Tatsugiri|37\/100 tox|[from] psn\n|upkeep\n|turn|13\n|\n|t:|1682965305\n|move|p2b: Arcanine|Protect|p2b: Arcanine\n|-singleturn|p2b: Arcanine|Protect\n|move|p1b: Tatsugiri|Icy Wind|p2b: Arcanine\n|-activate|p2b: Arcanine|move: Protect\n|\n|-damage|p1b: Tatsugiri|14\/100 tox|[from] psn\n|upkeep\n|turn|14\n|\n|t:|1682965314\n|move|p2b: Arcanine|Protect||[still]\n|-fail|p2b: Arcanine\n|move|p1b: Tatsugiri|Icy Wind|p2b: Arcanine|[miss]\n|-miss|p1b: Tatsugiri|p2b: Arcanine\n|\n|-damage|p1b: Tatsugiri|0 fnt|[from] psn\n|faint|p1b: Tatsugiri\n|\n|win|PhantomFighter300\n|upkeep\n|raw|PEPPECATANIA's rating: 1088 → 1067<\/strong> (-21 for losing)\n|raw|PhantomFighter300's rating: 1117 → 1140<\/strong> (+23 for winning)\n|l|\u2606PEPPECATANIA\n","uploadtime":1682965326,"views":21,"p1id":"peppecatania","p2id":"phantomfighter300","formatid":"gen9vgc2023regulationc","rating":1067,"private":0,"password":""}