{"id":"gen9vgc2023regulationc-1852454766","p1":"Steakman5","p2":"Spacklecrisp","format":"[Gen 9] VGC 2023 Regulation C","log":"|j|\u2606Steakman5\n|j|\u2606Spacklecrisp\n|t:|1682559691\n|gametype|doubles\n|player|p1|Steakman5|swimmer-gen4|1102\n|player|p2|Spacklecrisp|skyla|1172\n|teamsize|p1|6\n|teamsize|p2|6\n|gen|9\n|tier|[Gen 9] VGC 2023 Regulation C\n|rated|\n|rule|Species Clause: Limit one of each Pok\u00e9mon\n|rule|Item Clause: Limit one of each item\n|clearpoke\n|poke|p1|Murkrow, L50, F|\n|poke|p1|Dondozo, L50, F|\n|poke|p1|Tatsugiri-Droopy, L50, M|\n|poke|p1|Amoonguss, L50, F|\n|poke|p1|Chien-Pao, L50|\n|poke|p1|Palafin, L50, M|\n|poke|p2|Annihilape, L50, F|\n|poke|p2|Talonflame, L50, F|\n|poke|p2|Chi-Yu, L50|\n|poke|p2|Torkoal, L50, M|\n|poke|p2|Armarouge, L50, F|\n|poke|p2|Maushold-Four, L50|\n|teampreview|4\n|inactive|Battle timer is ON: inactive players will automatically lose when time's up. (requested by Steakman5)\n|\n|t:|1682559711\n|start\n|switch|p1a: Murkrow|Murkrow, L50, F|100\/100\n|switch|p1b: Palafin|Palafin, L50, M|100\/100\n|switch|p2a: Annihilape|Annihilape, L50, F|100\/100\n|switch|p2b: Talonflame|Talonflame, L50, F|100\/100\n|turn|1\n|\n|t:|1682559729\n|move|p1b: Palafin|Protect|p1b: Palafin\n|-singleturn|p1b: Palafin|Protect\n|move|p2b: Talonflame|Tailwind|p2b: Talonflame\n|-sidestart|p2: Spacklecrisp|move: Tailwind\n|move|p1a: Murkrow|Tailwind|p1a: Murkrow\n|-sidestart|p1: Steakman5|move: Tailwind\n|move|p2a: Annihilape|Final Gambit|p1b: Palafin\n|-activate|p1b: Palafin|move: Protect\n|\n|upkeep\n|turn|2\n|\n|t:|1682559752\n|move|p1b: Palafin|Jet Punch|p2b: Talonflame\n|-supereffective|p2b: Talonflame\n|-damage|p2b: Talonflame|17\/100\n|move|p1a: Murkrow|Rain Dance|p1a: Murkrow\n|-weather|RainDance\n|move|p2a: Annihilape|Final Gambit|p1b: Palafin\n|-damage|p1b: Palafin|0 fnt\n|faint|p2a: Annihilape\n|faint|p1b: Palafin\n|move|p2b: Talonflame|Flare Blitz|p1a: Murkrow\n|-damage|p1a: Murkrow|69\/100\n|-damage|p2b: Talonflame|6\/100|[from] Recoil\n|\n|-weather|RainDance|[upkeep]\n|upkeep\n|\n|t:|1682559775\n|switch|p2a: Torkoal|Torkoal, L50, M|100\/100\n|switch|p1b: Dondozo|Dondozo, L50, F|100\/100\n|-weather|SunnyDay|[from] ability: Drought|[of] p2a: Torkoal\n|turn|3\n|inactive|Spacklecrisp has 30 seconds left.\n|\n|t:|1682559801\n|-terastallize|p2a: Torkoal|Grass\n|move|p1b: Dondozo|Protect|p1b: Dondozo\n|-singleturn|p1b: Dondozo|Protect\n|move|p1a: Murkrow|Rain Dance|p1a: Murkrow\n|-weather|RainDance\n|move|p2b: Talonflame|Flare Blitz|p1a: Murkrow\n|-damage|p1a: Murkrow|37\/100\n|-damage|p2b: Talonflame|0 fnt|[from] Recoil\n|faint|p2b: Talonflame\n|move|p2a: Torkoal|Solar Beam||[still]\n|-prepare|p2a: Torkoal|Solar Beam\n|\n|-weather|RainDance|[upkeep]\n|upkeep\n|\n|t:|1682559817\n|switch|p2b: Chi-Yu|Chi-Yu, L50|100\/100\n|-ability|p2b: Chi-Yu|Beads of Ruin\n|turn|4\n|\n|t:|1682559829\n|switch|p1a: Tatsugiri|Tatsugiri-Droopy, L50, M|100\/100\n|-activate|p1a: Tatsugiri|ability: Commander|[of] p1b: Dondozo\n|-boost|p1b: Dondozo|atk|2\n|-boost|p1b: Dondozo|spa|2\n|-boost|p1b: Dondozo|spe|2\n|-boost|p1b: Dondozo|def|2\n|-boost|p1b: Dondozo|spd|2\n|-terastallize|p1b: Dondozo|Water\n|move|p1b: Dondozo|Surf|p2a: Torkoal|[spread] p2a,p2b\n|-miss|p1b: Dondozo|p1a: Tatsugiri\n|-resisted|p2a: Torkoal\n|-supereffective|p2b: Chi-Yu\n|-damage|p2a: Torkoal|3\/100\n|-damage|p2b: Chi-Yu|0 fnt\n|faint|p2b: Chi-Yu\n|-damage|p1b: Dondozo|91\/100|[from] item: Life Orb\n|move|p2a: Torkoal|Solar Beam|p1b: Dondozo|[from]lockedmove\n|-supereffective|p1b: Dondozo\n|-damage|p1b: Dondozo|59\/100\n|\n|-weather|RainDance|[upkeep]\n|-sideend|p2: Spacklecrisp|move: Tailwind\n|-sideend|p1: Steakman5|move: Tailwind\n|upkeep\n|turn|5\n|inactive|Spacklecrisp has 30 seconds left.\n|c|\u2606Spacklecrisp|gg\n|\n|t:|1682559862\n|move|p1b: Dondozo|Surf|p2a: Torkoal|[spread] p2a\n|-miss|p1b: Dondozo|p1a: Tatsugiri\n|-resisted|p2a: Torkoal\n|-damage|p2a: Torkoal|0 fnt\n|faint|p2a: Torkoal\n|-damage|p1b: Dondozo|49\/100|[from] item: Life Orb\n|\n|win|Steakman5\n|raw|Steakman5's rating: 1102 → 1132<\/strong> (+30 for winning)\n|raw|Spacklecrisp's rating: 1172 → 1142<\/strong> (-30 for losing)\n|c|\u2606Steakman5|gg\n","uploadtime":1682559874,"views":8,"p1id":"steakman5","p2id":"spacklecrisp","formatid":"gen9vgc2023regulationc","rating":1132,"private":0,"password":""}