{"id":"gen9vgc2023regulationc-1852317670","p1":"b(R)2","p2":"ZenfulFist","format":"[Gen 9] VGC 2023 Regulation C","log":"|j|\u2606b(R)2\n|j|\u2606ZenfulFist\n|t:|1682543375\n|gametype|doubles\n|player|p1|b(R)2|266|1219\n|player|p2|ZenfulFist|170|1143\n|teamsize|p1|6\n|teamsize|p2|6\n|gen|9\n|tier|[Gen 9] VGC 2023 Regulation C\n|rated|\n|rule|Species Clause: Limit one of each Pok\u00e9mon\n|rule|Item Clause: Limit one of each item\n|clearpoke\n|poke|p1|Ting-Lu, L50|\n|poke|p1|Amoonguss, L50, F|\n|poke|p1|Garganacl, L50, M|\n|poke|p1|Arcanine, L50, F|\n|poke|p1|Roaring Moon, L50|\n|poke|p1|Iron Bundle, L50|\n|poke|p2|Baxcalibur, L50, M|\n|poke|p2|Orthworm, L50, F|\n|poke|p2|Gyarados, L50, M|\n|poke|p2|Chi-Yu, L50|\n|poke|p2|Espathra, L50, M|\n|poke|p2|Grimmsnarl, L50, M|\n|teampreview|4\nb(R)2 has agreed to open team sheets.\n|\n|t:|1682543406\n|start\n|switch|p1a: Garganacl|Garganacl, L50, M|100\/100\n|switch|p1b: Arcanine|Arcanine, L50, F|100\/100\n|switch|p2a: Orthworm|Orthworm, L50, F|100\/100\n|switch|p2b: Baxcalibur|Baxcalibur, L50, M|100\/100\n|-ability|p1b: Arcanine|Intimidate|boost\n|-unboost|p2a: Orthworm|atk|1\n|-fail|p2b: Baxcalibur|unboost|[from] item: Clear Amulet|[of] p2b: Baxcalibur\n|turn|1\n|\n|t:|1682543432\n|-terastallize|p1a: Garganacl|Ghost\n|move|p1b: Arcanine|Protect|p1b: Arcanine\n|-singleturn|p1b: Arcanine|Protect\n|move|p2b: Baxcalibur|Earthquake|p1b: Arcanine|[spread] p1a\n|-activate|p1b: Arcanine|move: Protect\n|-immune|p2a: Orthworm|[from] ability: Earth Eater\n|-damage|p1a: Garganacl|81\/100\n|move|p2a: Orthworm|Shed Tail|p2a: Orthworm\n|-start|p2a: Orthworm|Substitute|[from] move: Shed Tail\n|-damage|p2a: Orthworm|50\/100\n|-enditem|p2a: Orthworm|Sitrus Berry|[eat]\n|-heal|p2a: Orthworm|75\/100|[from] item: Sitrus Berry\n|\n|t:|1682543443\n|switch|p2a: Gyarados|Gyarados, L50, M|100\/100|[from] Shed Tail\n|-ability|p2a: Gyarados|Intimidate|boost\n|-unboost|p1a: Garganacl|atk|1\n|-unboost|p1b: Arcanine|atk|1\n|move|p1a: Garganacl|Stealth Rock|p2a: Gyarados\n|-sidestart|p2: ZenfulFist|move: Stealth Rock\n|\n|-heal|p1a: Garganacl|87\/100|[from] item: Leftovers\n|upkeep\n|turn|2\n|\n|t:|1682543463\n|switch|p1b: Amoonguss|Amoonguss, L50, F|100\/100\n|move|p2a: Gyarados|Dragon Dance|p2a: Gyarados\n|-boost|p2a: Gyarados|atk|1\n|-boost|p2a: Gyarados|spe|1\n|move|p2b: Baxcalibur|Dragon Dance|p2b: Baxcalibur\n|-boost|p2b: Baxcalibur|atk|1\n|-boost|p2b: Baxcalibur|spe|1\n|move|p1a: Garganacl|Salt Cure|p2b: Baxcalibur\n|-supereffective|p2b: Baxcalibur\n|-damage|p2b: Baxcalibur|82\/100\n|-start|p2b: Baxcalibur|Salt Cure\n|\n|-heal|p1a: Garganacl|93\/100|[from] item: Leftovers\n|-damage|p2b: Baxcalibur|69\/100|[from] Salt Cure\n|upkeep\n|turn|3\n|\n|t:|1682543484\n|move|p1b: Amoonguss|Protect|p1b: Amoonguss\n|-singleturn|p1b: Amoonguss|Protect\n|move|p2a: Gyarados|Dragon Dance|p2a: Gyarados\n|-boost|p2a: Gyarados|atk|1\n|-boost|p2a: Gyarados|spe|1\n|move|p2b: Baxcalibur|Earthquake|p1b: Amoonguss|[spread] p1a\n|-activate|p1b: Amoonguss|move: Protect\n|-immune|p2a: Gyarados\n|-damage|p1a: Garganacl|63\/100\n|move|p1a: Garganacl|Salt Cure|p2a: Gyarados\n|-supereffective|p2a: Gyarados\n|-end|p2a: Gyarados|Substitute\n|\n|-heal|p1a: Garganacl|69\/100|[from] item: Leftovers\n|-damage|p2b: Baxcalibur|57\/100|[from] Salt Cure\n|upkeep\n|turn|4\n|\n|t:|1682543504\n|move|p1b: Amoonguss|Rage Powder|p1b: Amoonguss\n|-singleturn|p1b: Amoonguss|move: Rage Powder\n|move|p2a: Gyarados|Dragon Dance|p2a: Gyarados\n|-boost|p2a: Gyarados|atk|1\n|-boost|p2a: Gyarados|spe|1\n|move|p2b: Baxcalibur|Earthquake|p1b: Amoonguss|[spread] p1a,p1b\n|-immune|p2a: Gyarados\n|-damage|p1a: Garganacl|37\/100\n|-damage|p1b: Amoonguss|69\/100\n|move|p1a: Garganacl|Salt Cure|p2a: Gyarados\n|-supereffective|p2a: Gyarados\n|-damage|p2a: Gyarados|75\/100\n|-start|p2a: Gyarados|Salt Cure\n|\n|-heal|p1a: Garganacl|43\/100|[from] item: Leftovers\n|-damage|p2a: Gyarados|50\/100|[from] Salt Cure\n|-damage|p2b: Baxcalibur|45\/100|[from] Salt Cure\n|upkeep\n|turn|5\n|\n|t:|1682543527\n|switch|p2b: Orthworm|Orthworm, L50, F|75\/100\n|-damage|p2b: Orthworm|69\/100|[from] Stealth Rock\n|move|p1a: Garganacl|Protect|p1a: Garganacl\n|-singleturn|p1a: Garganacl|Protect\n|move|p1b: Amoonguss|Protect|p1b: Amoonguss\n|-singleturn|p1b: Amoonguss|Protect\n|move|p2a: Gyarados|Earthquake|p1a: Garganacl|[spread] \n|-activate|p1a: Garganacl|move: Protect\n|-activate|p1b: Amoonguss|move: Protect\n|-heal|p2b: Orthworm|93\/100|[from] ability: Earth Eater|[of] p2a: Gyarados\n|\n|-heal|p1a: Garganacl|49\/100|[from] item: Leftovers\n|-damage|p2a: Gyarados|25\/100|[from] Salt Cure\n|upkeep\n|turn|6\n|\n|t:|1682543548\n|switch|p1b: Arcanine|Arcanine, L50, F|100\/100\n|-ability|p1b: Arcanine|Intimidate|boost\n|-unboost|p2a: Gyarados|atk|1\n|-unboost|p2b: Orthworm|atk|1\n|move|p2a: Gyarados|Earthquake|p1a: Garganacl|[spread] p1a,p1b\n|-heal|p2b: Orthworm|100\/100|[from] ability: Earth Eater|[of] p2a: Gyarados\n|-supereffective|p1b: Arcanine\n|-damage|p1a: Garganacl|16\/100\n|-damage|p1b: Arcanine|6\/100\n|-enditem|p1b: Arcanine|Iapapa Berry|[eat]\n|-heal|p1b: Arcanine|39\/100|[from] item: Iapapa Berry\n|move|p2b: Orthworm|Rock Slide|p1b: Arcanine|[spread] p1a,p1b\n|-supereffective|p1b: Arcanine\n|-damage|p1a: Garganacl|11\/100\n|-damage|p1b: Arcanine|24\/100\n|move|p1a: Garganacl|Recover|p1a: Garganacl\n|-heal|p1a: Garganacl|61\/100\n|\n|-heal|p1a: Garganacl|67\/100|[from] item: Leftovers\n|-damage|p2a: Gyarados|0 fnt|[from] Salt Cure\n|faint|p2a: Gyarados\n|upkeep\n|\n|t:|1682543566\n|switch|p2a: Baxcalibur|Baxcalibur, L50, M|45\/100\n|-damage|p2a: Baxcalibur|20\/100|[from] Stealth Rock\n|turn|7\n|\n|t:|1682543579\n|-terastallize|p2b: Orthworm|Fire\n|move|p1b: Arcanine|Extreme Speed|p2a: Baxcalibur\n|-damage|p2a: Baxcalibur|0 fnt\n|faint|p2a: Baxcalibur\n|move|p2b: Orthworm|Curse|p2b: Orthworm\n|-unboost|p2b: Orthworm|spe|1\n|-boost|p2b: Orthworm|atk|1\n|-boost|p2b: Orthworm|def|1\n|move|p1a: Garganacl|Salt Cure|p2b: Orthworm\n|-supereffective|p2b: Orthworm\n|-damage|p2b: Orthworm|92\/100\n|-start|p2b: Orthworm|Salt Cure\n|\n|-heal|p1a: Garganacl|72\/100|[from] item: Leftovers\n|-damage|p2b: Orthworm|80\/100|[from] Salt Cure\n|upkeep\n|\n|t:|1682543585\n|switch|p2a: Espathra|Espathra, L50, M|100\/100\n|-damage|p2a: Espathra|88\/100|[from] Stealth Rock\n|turn|8\n|\n|t:|1682543600\n|move|p2a: Espathra|Protect|p2a: Espathra\n|-singleturn|p2a: Espathra|Protect\n|move|p1b: Arcanine|Protect|p1b: Arcanine\n|-singleturn|p1b: Arcanine|Protect\n|move|p2b: Orthworm|Body Press|p1b: Arcanine\n|-activate|p1b: Arcanine|move: Protect\n|move|p1a: Garganacl|Salt Cure|p2a: Espathra\n|-activate|p2a: Espathra|move: Protect\n|\n|-heal|p1a: Garganacl|78\/100|[from] item: Leftovers\n|-damage|p2b: Orthworm|67\/100|[from] Salt Cure\n|-ability|p2a: Espathra|Speed Boost|boost\n|-boost|p2a: Espathra|spe|1\n|upkeep\n|turn|9\n|\n|t:|1682543613\n|switch|p1b: Amoonguss|Amoonguss, L50, F|100\/100\n|move|p2a: Espathra|Lumina Crash|p1a: Garganacl\n|-damage|p1a: Garganacl|55\/100\n|-unboost|p1a: Garganacl|spd|2\n|move|p2b: Orthworm|Rock Slide|p1b: Amoonguss|[spread] p1a,p1b\n|-damage|p1a: Garganacl|46\/100\n|-damage|p1b: Amoonguss|92\/100\n|cant|p1a: Garganacl|flinch\n|\n|-heal|p1a: Garganacl|52\/100|[from] item: Leftovers\n|-damage|p2b: Orthworm|55\/100|[from] Salt Cure\n|-ability|p2a: Espathra|Speed Boost|boost\n|-boost|p2a: Espathra|spe|1\n|upkeep\n|turn|10\n|\n|t:|1682543645\n|move|p2a: Espathra|Protect|p2a: Espathra\n|-singleturn|p2a: Espathra|Protect\n|move|p1b: Amoonguss|Protect|p1b: Amoonguss\n|-singleturn|p1b: Amoonguss|Protect\n|move|p2b: Orthworm|Curse|p2b: Orthworm\n|-unboost|p2b: Orthworm|spe|1\n|-boost|p2b: Orthworm|atk|1\n|-boost|p2b: Orthworm|def|1\n|move|p1a: Garganacl|Salt Cure|p2a: Espathra\n|-activate|p2a: Espathra|move: Protect\n|\n|-heal|p1a: Garganacl|58\/100|[from] item: Leftovers\n|-damage|p2b: Orthworm|43\/100|[from] Salt Cure\n|-ability|p2a: Espathra|Speed Boost|boost\n|-boost|p2a: Espathra|spe|1\n|upkeep\n|turn|11\n|\n|t:|1682543664\n|switch|p1b: Arcanine|Arcanine, L50, F|24\/100\n|-ability|p1b: Arcanine|Intimidate|boost\n|-unboost|p2a: Espathra|atk|1\n|-unboost|p2b: Orthworm|atk|1\n|move|p2a: Espathra|Lumina Crash|p1b: Arcanine\n|-damage|p1b: Arcanine|0 fnt\n|faint|p1b: Arcanine\n|move|p2b: Orthworm|Body Press|p1a: Garganacl\n|-immune|p1a: Garganacl\n|move|p1a: Garganacl|Salt Cure|p2a: Espathra\n|-damage|p2a: Espathra|75\/100\n|-start|p2a: Espathra|Salt Cure\n|\n|-heal|p1a: Garganacl|64\/100|[from] item: Leftovers\n|-damage|p2a: Espathra|62\/100|[from] Salt Cure\n|-damage|p2b: Orthworm|31\/100|[from] Salt Cure\n|-ability|p2a: Espathra|Speed Boost|boost\n|-boost|p2a: Espathra|spe|1\n|upkeep\n|\n|t:|1682543688\n|switch|p1b: Iron Bundle|Iron Bundle, L50|100\/100\n|turn|12\n|\n|t:|1682543701\n|move|p2a: Espathra|Protect|p2a: Espathra\n|-singleturn|p2a: Espathra|Protect\n|move|p1b: Iron Bundle|Protect|p1b: Iron Bundle\n|-singleturn|p1b: Iron Bundle|Protect\n|move|p2b: Orthworm|Rock Slide|p1a: Garganacl|[spread] p1a\n|-activate|p1b: Iron Bundle|move: Protect\n|-damage|p1a: Garganacl|55\/100\n|move|p1a: Garganacl|Salt Cure|p2b: Orthworm\n|-supereffective|p2b: Orthworm\n|-crit|p2b: Orthworm\n|-damage|p2b: Orthworm|0 fnt\n|faint|p2b: Orthworm\n|\n|-heal|p1a: Garganacl|61\/100|[from] item: Leftovers\n|-damage|p2a: Espathra|50\/100|[from] Salt Cure\n|-ability|p2a: Espathra|Speed Boost|boost\n|-boost|p2a: Espathra|spe|1\n|upkeep\n|turn|13\n|-message|ZenfulFist forfeited.\n|\n|win|b(R)2\n|raw|b(R)2's rating: 1219 → 1239<\/strong> (+20 for winning)\n|raw|ZenfulFist's rating: 1143 → 1123<\/strong> (-20 for losing)\n|l|\u2606ZenfulFist\n|c|\u2606b(R)2|gg\n","uploadtime":1682543719,"views":19,"p1id":"br2","p2id":"zenfulfist","formatid":"gen9vgc2023regulationc","rating":1123,"private":0,"password":""}