{"id":"gen9vgc2023regulationc-1852453537","p1":"flearther","p2":"mugiwaraLux","format":"[Gen 9] VGC 2023 Regulation C","log":"|j|\u2606flearther\n|j|\u2606mugiwaraLux\n|t:|1682559531\n|gametype|doubles\n|player|p1|flearther|101|\n|player|p2|mugiwaraLux|265|\n|teamsize|p1|6\n|teamsize|p2|6\n|gen|9\n|tier|[Gen 9] VGC 2023 Regulation C\n|rule|Species Clause: Limit one of each Pok\u00e9mon\n|rule|Item Clause: Limit one of each item\n|clearpoke\n|poke|p1|Ting-Lu, L50|\n|poke|p1|Iron Hands, L50|\n|poke|p1|Amoonguss, L50, F|\n|poke|p1|Arcanine, L50, F|\n|poke|p1|Iron Bundle, L50|\n|poke|p1|Flutter Mane, L50|\n|poke|p2|Palafin, L50, M|\n|poke|p2|Amoonguss, L50, F|\n|poke|p2|Flutter Mane, L50|\n|poke|p2|Arcanine, L50, F|\n|poke|p2|Roaring Moon, L50|\n|poke|p2|Chien-Pao, L50|\n|teampreview|4\n|inactive|Battle timer is ON: inactive players will automatically lose when time's up. (requested by flearther)\n|inactive|mugiwaraLux also wants the timer to be on.\nflearther has agreed to open team sheets.\nmugiwaraLux has agreed to open team sheets.\n|c|\u2606mugiwaraLux|glhf\n|c|\u2606flearther|u2\n|inactive|flearther has 60 seconds left.\n|inactive|mugiwaraLux has 60 seconds left.\n|\n|t:|1682559588\n|start\n|switch|p1a: Iron Bundle|Iron Bundle, L50|100\/100\n|switch|p1b: Arcanine|Arcanine, L50, F|100\/100\n|switch|p2a: Roaring Moon|Roaring Moon, L50|100\/100\n|switch|p2b: Amoonguss|Amoonguss, L50, F|100\/100\n|-ability|p1b: Arcanine|Intimidate|boost\n|-unboost|p2a: Roaring Moon|atk|1\n|-unboost|p2b: Amoonguss|atk|1\n|-enditem|p2a: Roaring Moon|Booster Energy\n|-activate|p2a: Roaring Moon|ability: Protosynthesis|[fromitem]\n|-start|p2a: Roaring Moon|protosynthesisspe\n|turn|1\n|\n|t:|1682559611\n|move|p2a: Roaring Moon|Protect|p2a: Roaring Moon\n|-singleturn|p2a: Roaring Moon|Protect\n|move|p1a: Iron Bundle|Protect|p1a: Iron Bundle\n|-singleturn|p1a: Iron Bundle|Protect\n|move|p1b: Arcanine|Flare Blitz|p2b: Amoonguss\n|-supereffective|p2b: Amoonguss\n|-damage|p2b: Amoonguss|21\/100\n|-enditem|p2b: Amoonguss|Sitrus Berry|[eat]\n|-heal|p2b: Amoonguss|46\/100|[from] item: Sitrus Berry\n|-damage|p1b: Arcanine|71\/100|[from] Recoil\n|move|p2b: Amoonguss|Spore|p1a: Iron Bundle\n|-activate|p1a: Iron Bundle|move: Protect\n|\n|upkeep\n|turn|2\n|\n|t:|1682559629\n|switch|p2b: ChiYu|Arcanine, L50, F|100\/100\n|-ability|p2b: ChiYu|Intimidate|boost\n|-unboost|p1a: Iron Bundle|atk|1\n|-unboost|p1b: Arcanine|atk|1\n|move|p2a: Roaring Moon|Dragon Dance|p2a: Roaring Moon\n|-boost|p2a: Roaring Moon|atk|1\n|-boost|p2a: Roaring Moon|spe|1\n|move|p1a: Iron Bundle|Freeze-Dry|p2a: Roaring Moon\n|-supereffective|p2a: Roaring Moon\n|-damage|p2a: Roaring Moon|16\/100\n|-damage|p1a: Iron Bundle|91\/100|[from] item: Life Orb\n|move|p1b: Arcanine|Flare Blitz|p2b: ChiYu\n|-resisted|p2b: ChiYu\n|-damage|p2b: ChiYu|84\/100\n|-damage|p1b: Arcanine|65\/100|[from] Recoil\n|\n|upkeep\n|turn|3\n|inactive|flearther has 30 seconds left.\n|\n|t:|1682559654\n|move|p2a: Roaring Moon|Protect|p2a: Roaring Moon\n|-singleturn|p2a: Roaring Moon|Protect\n|move|p1a: Iron Bundle|Protect|p1a: Iron Bundle\n|-singleturn|p1a: Iron Bundle|Protect\n|move|p1b: Arcanine|Extreme Speed|p2a: Roaring Moon\n|-activate|p2a: Roaring Moon|move: Protect\n|move|p2b: ChiYu|Flare Blitz|p1a: Iron Bundle\n|-activate|p1a: Iron Bundle|move: Protect\n|\n|upkeep\n|turn|4\n|inactive|mugiwaraLux has 30 seconds left.\n|inactive|mugiwaraLux has 20 seconds left.\n|inactive|mugiwaraLux has 15 seconds left.\n|\n|t:|1682559696\n|-end|p2a: Roaring Moon|Protosynthesis|[silent]\n|switch|p2a: Mimi|Flutter Mane, L50|100\/100\n|-end|p1a: Iron Bundle|Quark Drive|[silent]\n|switch|p1a: Ting-Lu|Ting-Lu, L50|100\/100\n|-ability|p1a: Ting-Lu|Vessel of Ruin\n|move|p2b: ChiYu|Protect|p2b: ChiYu\n|-singleturn|p2b: ChiYu|Protect\n|move|p1b: Arcanine|Extreme Speed|p2a: Mimi\n|-immune|p2a: Mimi\n|\n|upkeep\n|turn|5\n|inactive|flearther has 30 seconds left.\n|inactive|mugiwaraLux has 30 seconds left.\n|\n|t:|1682559730\n|-end|p2a: Mimi|Protosynthesis|[silent]\n|switch|p2a: Amoonguss|Amoonguss, L50, F|79\/100\n|-terastallize|p1a: Ting-Lu|Poison\n|move|p2b: ChiYu|Will-O-Wisp|p1a: Ting-Lu\n|-status|p1a: Ting-Lu|brn\n|move|p1b: Arcanine|Flare Blitz|p2a: Amoonguss\n|-supereffective|p2a: Amoonguss\n|-damage|p2a: Amoonguss|24\/100\n|-damage|p1b: Arcanine|45\/100|[from] Recoil\n|move|p1a: Ting-Lu|Heavy Slam|p2a: Amoonguss\n|-damage|p2a: Amoonguss|8\/100\n|\n|-damage|p1a: Ting-Lu|94\/100 brn|[from] brn\n|upkeep\n|turn|6\n|\n|t:|1682559754\n|move|p2a: Amoonguss|Protect|p2a: Amoonguss\n|-singleturn|p2a: Amoonguss|Protect\n|move|p2b: ChiYu|Extreme Speed|p1b: Arcanine\n|-damage|p1b: Arcanine|24\/100\n|move|p1b: Arcanine|Flare Blitz|p2a: Amoonguss\n|-activate|p2a: Amoonguss|move: Protect\n|move|p1a: Ting-Lu|Stomping Tantrum|p2b: ChiYu\n|-supereffective|p2b: ChiYu\n|-damage|p2b: ChiYu|52\/100\n|\n|-heal|p1a: Ting-Lu|100\/100 brn|[from] item: Leftovers\n|-damage|p1a: Ting-Lu|94\/100 brn|[from] brn\n|upkeep\n|turn|7\n|inactive|mugiwaraLux has 30 seconds left.\n|\n|t:|1682559784\n|move|p2b: ChiYu|Extreme Speed|p1b: Arcanine\n|-damage|p1b: Arcanine|3\/100\n|move|p1b: Arcanine|Flare Blitz|p2a: Amoonguss\n|-supereffective|p2a: Amoonguss\n|-damage|p2a: Amoonguss|0 fnt\n|faint|p2a: Amoonguss\n|-damage|p1b: Arcanine|0 fnt|[from] Recoil\n|faint|p1b: Arcanine\n|move|p1a: Ting-Lu|Stomping Tantrum|p2b: ChiYu\n|-supereffective|p2b: ChiYu\n|-damage|p2b: ChiYu|19\/100\n|\n|-heal|p1a: Ting-Lu|100\/100 brn|[from] item: Leftovers\n|-damage|p1a: Ting-Lu|94\/100 brn|[from] brn\n|upkeep\n|\n|t:|1682559800\n|switch|p1b: Iron Hands|Iron Hands, L50|100\/100\n|switch|p2a: Mimi|Flutter Mane, L50|100\/100\n|turn|8\n|\n|t:|1682559820\n|-terastallize|p2a: Mimi|Fairy\n|move|p2a: Mimi|Moonblast|p1b: Iron Hands\n|-supereffective|p1b: Iron Hands\n|-damage|p1b: Iron Hands|8\/100\n|move|p2b: ChiYu|Flare Blitz|p1a: Ting-Lu\n|-damage|p1a: Ting-Lu|69\/100 brn\n|-damage|p2b: ChiYu|9\/100|[from] Recoil\n|move|p1b: Iron Hands|Wild Charge|p2a: Mimi\n|-damage|p2a: Mimi|0 fnt\n|faint|p2a: Mimi\n|-end|p2a: Mimi|Protosynthesis|[silent]\n|-damage|p1b: Iron Hands|0 fnt|[from] Recoil\n|faint|p1b: Iron Hands\n|-end|p1b: Iron Hands|Quark Drive|[silent]\n|move|p1a: Ting-Lu|Stomping Tantrum|p2b: ChiYu\n|-supereffective|p2b: ChiYu\n|-damage|p2b: ChiYu|0 fnt\n|faint|p2b: ChiYu\n|\n|-heal|p1a: Ting-Lu|76\/100 brn|[from] item: Leftovers\n|-damage|p1a: Ting-Lu|69\/100 brn|[from] brn\n|upkeep\n|\n|t:|1682559834\n|switch|p2b: Roaring Moon|Roaring Moon, L50|16\/100\n|switch|p1b: Iron Bundle|Iron Bundle, L50|91\/100\n|turn|9\n|-message|mugiwaraLux forfeited.\n|\n|win|flearther\n|c|\u2606flearther|gg\n","uploadtime":1682559841,"views":9,"p1id":"flearther","p2id":"mugiwaralux","formatid":"gen9vgc2023regulationc","rating":0,"private":0,"password":""}