{"id":"gen9vgc2023regulationc-1860235510","p1":"vbxsvbxsd","p2":"Vectorrrius","format":"[Gen 9] VGC 2023 Regulation C","log":"|j|\u2606vbxsvbxsd\n|j|\u2606Vectorrrius\n|t:|1683615637\n|gametype|doubles\n|player|p1|vbxsvbxsd|lucas|1080\n|player|p2|Vectorrrius|medium|1157\n|teamsize|p1|6\n|teamsize|p2|6\n|gen|9\n|tier|[Gen 9] VGC 2023 Regulation C\n|rated|\n|rule|Species Clause: Limit one of each Pok\u00e9mon\n|rule|Item Clause: Limit one of each item\n|clearpoke\n|poke|p1|Wo-Chien, L50|\n|poke|p1|Slither Wing, L50|\n|poke|p1|Crocalor, L50, M|\n|poke|p1|Dragalge, L50, F|\n|poke|p1|Clodsire, L50, F|\n|poke|p1|Garganacl, L50, F|\n|poke|p2|Tyranitar, L50, F|\n|poke|p2|Medicham, L50, F|\n|poke|p2|Kilowattrel, L50, M|\n|poke|p2|Slaking, L50, M|\n|poke|p2|Houndstone, L50, F|\n|poke|p2|Arboliva, L50, F|\n|teampreview|4\n|\n|t:|1683615657\n|start\n|switch|p1a: Slither Wing|Slither Wing, L50|100\/100\n|switch|p1b: Garganacl|Garganacl, L50, F|100\/100\n|switch|p2a: Kilowattrel|Kilowattrel, L50, M|100\/100\n|switch|p2b: Medicham|Medicham, L50, F|100\/100\n|turn|1\n|\n|t:|1683615673\n|move|p2b: Medicham|Fake Out|p1b: Garganacl\n|-resisted|p1b: Garganacl\n|-damage|p1b: Garganacl|96\/100\n|move|p1a: Slither Wing|U-turn|p2b: Medicham\n|-damage|p2b: Medicham|57\/100\n|\n|t:|1683615681\n|-end|p1a: Slither Wing|Protosynthesis|[silent]\n|switch|p1a: Crocalor|Crocalor, L50, M|100\/100|[from] U-turn\n|move|p2a: Kilowattrel|Tailwind|p2a: Kilowattrel\n|-sidestart|p2: Vectorrrius|move: Tailwind\n|-start|p2a: Kilowattrel|Charge|Tailwind|[from] ability: Wind Power\n|cant|p1b: Garganacl|flinch\n|\n|upkeep\n|turn|2\n|\n|t:|1683615694\n|move|p1a: Crocalor|Helping Hand|p1b: Garganacl\n|-singleturn|p1b: Garganacl|Helping Hand|[of] p1a: Crocalor\n|move|p2a: Kilowattrel|Volt Switch|p1a: Crocalor\n|-damage|p1a: Crocalor|55\/100\n|-end|p2a: Kilowattrel|Charge|[silent]\n|\n|t:|1683615700\n|switch|p2a: Tyranitar|Tyranitar, L50, F|100\/100|[from] Volt Switch\n|-weather|Sandstorm|[from] ability: Sand Stream|[of] p2a: Tyranitar\n|move|p2b: Medicham|Skill Swap|p2a: Tyranitar\n|-activate|p2b: Medicham|move: Skill Swap|||[of] p2a: Tyranitar\n|move|p1b: Garganacl|Salt Cure|p2a: Tyranitar\n|-damage|p2a: Tyranitar|78\/100\n|-start|p2a: Tyranitar|Salt Cure\n|\n|-weather|Sandstorm|[upkeep]\n|-damage|p2b: Medicham|51\/100|[from] Sandstorm\n|-damage|p1a: Crocalor|49\/100|[from] Sandstorm\n|-damage|p2a: Tyranitar|65\/100|[from] Salt Cure\n|upkeep\n|turn|3\n|\n|t:|1683615724\n|move|p2b: Medicham|Helping Hand|p2a: Tyranitar\n|-singleturn|p2a: Tyranitar|Helping Hand|[of] p2b: Medicham\n|move|p2a: Tyranitar|Rock Slide|p1b: Garganacl|[spread] p1b\n|-miss|p2a: Tyranitar|p1a: Crocalor\n|-crit|p1b: Garganacl\n|-damage|p1b: Garganacl|0 fnt\n|faint|p1b: Garganacl\n|-damage|p2a: Tyranitar|56\/100|[from] item: Life Orb\n|move|p1a: Crocalor|Slack Off|p1a: Crocalor\n|-heal|p1a: Crocalor|99\/100\n|\n|-weather|Sandstorm|[upkeep]\n|-damage|p2b: Medicham|45\/100|[from] Sandstorm\n|-damage|p1a: Crocalor|94\/100|[from] Sandstorm\n|-damage|p2a: Tyranitar|43\/100|[from] Salt Cure\n|upkeep\n|\n|t:|1683615736\n|switch|p1b: Slither Wing|Slither Wing, L50|100\/100\n|turn|4\n|\n|t:|1683615750\n|move|p2b: Medicham|Helping Hand|p2a: Tyranitar\n|-singleturn|p2a: Tyranitar|Helping Hand|[of] p2b: Medicham\n|move|p1a: Crocalor|Helping Hand|p1b: Slither Wing\n|-singleturn|p1b: Slither Wing|Helping Hand|[of] p1a: Crocalor\n|move|p2a: Tyranitar|Rock Slide|p1b: Slither Wing|[spread] p1a,p1b\n|-supereffective|p1a: Crocalor\n|-damage|p1a: Crocalor|0 fnt\n|-damage|p1b: Slither Wing|0 fnt\n|faint|p1a: Crocalor\n|faint|p1b: Slither Wing\n|-end|p1b: Slither Wing|Protosynthesis|[silent]\n|-damage|p2a: Tyranitar|33\/100|[from] item: Life Orb\n|\n|-weather|Sandstorm|[upkeep]\n|-damage|p2b: Medicham|39\/100|[from] Sandstorm\n|-damage|p2a: Tyranitar|21\/100|[from] Salt Cure\n|-sideend|p2: Vectorrrius|move: Tailwind\n|upkeep\n|\n|t:|1683615768\n|switch|p1b: Wo-Chien|Wo-Chien, L50|100\/100\n|-ability|p1b: Wo-Chien|Tablets of Ruin\n|turn|5\n|l|\u2606Vectorrrius\n|player|p2|\n|j|\u2606Vectorrrius\n|player|p2|Vectorrrius|medium\n|inactive|Battle timer is ON: inactive players will automatically lose when time's up. (requested by vbxsvbxsd)\n|\n|t:|1683615803\n|move|p2a: Tyranitar|Rock Slide|p1b: Wo-Chien\n|-damage|p1b: Wo-Chien|17\/100\n|-damage|p2a: Tyranitar|11\/100|[from] item: Life Orb\n|move|p2b: Medicham|Close Combat|p1b: Wo-Chien\n|-supereffective|p1b: Wo-Chien\n|-damage|p1b: Wo-Chien|0 fnt\n|-unboost|p2b: Medicham|def|1\n|-unboost|p2b: Medicham|spd|1\n|faint|p1b: Wo-Chien\n|\n|win|Vectorrrius\n|raw|vbxsvbxsd's rating: 1080 → 1063<\/strong> (-17 for losing)\n|raw|Vectorrrius's rating: 1157 → 1177<\/strong> (+20 for winning)\n|l|\u2606Vectorrrius\n","uploadtime":1683615876,"views":9,"p1id":"vbxsvbxsd","p2id":"vectorrrius","formatid":"gen9vgc2023regulationc","rating":1063,"private":0,"password":""}