{"id":"gen9vgc2023regulationc-1857746641","p1":"chi-yuonetrick","p2":"DarkPine60","format":"[Gen 9] VGC 2023 Regulation C","log":"|j|\u2606chi-yuonetrick\n|j|\u2606DarkPine60\n|t:|1683227861\n|gametype|doubles\n|player|p1|chi-yuonetrick|acetrainer-gen6xy|1311\n|player|p2|DarkPine60|drayden|1374\n|teamsize|p1|6\n|teamsize|p2|6\n|gen|9\n|tier|[Gen 9] VGC 2023 Regulation C\n|rated|\n|rule|Species Clause: Limit one of each Pok\u00e9mon\n|rule|Item Clause: Limit one of each item\n|clearpoke\n|poke|p1|Iron Hands, L50|\n|poke|p1|Gyarados, L50, M|\n|poke|p1|Flutter Mane, L50|\n|poke|p1|Chi-Yu, L50|\n|poke|p1|Amoonguss, L50, M|\n|poke|p1|Bronzong, L50|\n|poke|p2|Chien-Pao, L50|\n|poke|p2|Palafin, L50, F|\n|poke|p2|Corviknight, L50, F|\n|poke|p2|Volcarona, L50, F|\n|poke|p2|Gothitelle, L50, F|\n|poke|p2|Iron Hands, L50|\n|teampreview|4\n|inactive|Battle timer is ON: inactive players will automatically lose when time's up. (requested by DarkPine60)\nchi-yuonetrick has agreed to open team sheets.\nDarkPine60 has agreed to open team sheets.\n|inactive|DarkPine60 has 60 seconds left.\n|\n|t:|1683227916\n|start\n|switch|p1a: Chi-Yu|Chi-Yu, L50|100\/100\n|switch|p1b: Gyarados|Gyarados, L50, M|100\/100\n|switch|p2a: Iron Hands|Iron Hands, L50|100\/100\n|switch|p2b: Gothitelle|Gothitelle, L50, F|100\/100\n|-ability|p1a: Chi-Yu|Beads of Ruin\n|-ability|p1b: Gyarados|Intimidate|boost\n|-unboost|p2a: Iron Hands|atk|1\n|-unboost|p2b: Gothitelle|atk|1\n|turn|1\n|inactive|chi-yuonetrick has 30 seconds left.\n|inactive|DarkPine60 has 30 seconds left.\n|\n|t:|1683227947\n|move|p2b: Gothitelle|Fake Out|p1a: Chi-Yu\n|-damage|p1a: Chi-Yu|96\/100\n|cant|p1a: Chi-Yu|flinch\n|move|p1b: Gyarados|Taunt|p2b: Gothitelle\n|-start|p2b: Gothitelle|move: Taunt\n|move|p2a: Iron Hands|Drain Punch|p1a: Chi-Yu\n|-supereffective|p1a: Chi-Yu\n|-damage|p1a: Chi-Yu|31\/100\n|\n|-heal|p1a: Chi-Yu|38\/100|[from] item: Leftovers\n|upkeep\n|turn|2\n|inactive|DarkPine60 has 30 seconds left.\n|\n|t:|1683227975\n|-terastallize|p1a: Chi-Yu|Water\n|move|p1b: Gyarados|Helping Hand|p1a: Chi-Yu\n|-singleturn|p1a: Chi-Yu|Helping Hand|[of] p1b: Gyarados\n|move|p1a: Chi-Yu|Dark Pulse|p2b: Gothitelle\n|-supereffective|p2b: Gothitelle\n|-damage|p2b: Gothitelle|0 fnt\n|faint|p2b: Gothitelle\n|move|p2a: Iron Hands|Wild Charge|p1b: Gyarados\n|-supereffective|p1b: Gyarados\n|-damage|p1b: Gyarados|0 fnt\n|faint|p1b: Gyarados\n|-damage|p2a: Iron Hands|80\/100|[from] Recoil\n|\n|-heal|p1a: Chi-Yu|44\/100|[from] item: Leftovers\n|upkeep\n|\n|t:|1683227997\n|switch|p1b: Iron Hands|Iron Hands, L50|100\/100\n|switch|p2b: Volcarona|Volcarona, L50, F|100\/100\n|turn|3\n|\n|t:|1683228013\n|move|p1a: Chi-Yu|Protect|p1a: Chi-Yu\n|-singleturn|p1a: Chi-Yu|Protect\n|move|p2b: Volcarona|Giga Drain|p1a: Chi-Yu\n|-activate|p1a: Chi-Yu|move: Protect\n|move|p1b: Iron Hands|Drain Punch|p2a: Iron Hands\n|-damage|p2a: Iron Hands|49\/100\n|move|p2a: Iron Hands|Wild Charge|p1a: Chi-Yu\n|-activate|p1a: Chi-Yu|move: Protect\n|\n|-heal|p1a: Chi-Yu|50\/100|[from] item: Leftovers\n|upkeep\n|turn|4\n|inactive|DarkPine60 has 30 seconds left.\n|\n|t:|1683228038\n|switch|p1a: Amoonguss|Amoonguss, L50, M|100\/100\n|move|p2b: Volcarona|Giga Drain|p1a: Amoonguss\n|-resisted|p1a: Amoonguss\n|-damage|p1a: Amoonguss|95\/100\n|move|p1b: Iron Hands|Drain Punch|p2a: Iron Hands\n|-damage|p2a: Iron Hands|21\/100\n|move|p2a: Iron Hands|Wild Charge|p1a: Amoonguss\n|-resisted|p1a: Amoonguss\n|-damage|p1a: Amoonguss|83\/100\n|-damage|p2a: Iron Hands|19\/100|[from] Recoil\n|\n|upkeep\n|turn|5\n|\n|t:|1683228063\n|switch|p1a: Chi-Yu|Chi-Yu, L50, tera:Water|50\/100\n|-ability|p1a: Chi-Yu|Beads of Ruin\n|move|p2b: Volcarona|Quiver Dance|p2b: Volcarona\n|-boost|p2b: Volcarona|spa|1\n|-boost|p2b: Volcarona|spd|1\n|-boost|p2b: Volcarona|spe|1\n|move|p1b: Iron Hands|Drain Punch|p2a: Iron Hands\n|-damage|p2a: Iron Hands|0 fnt\n|faint|p2a: Iron Hands\n|-end|p2a: Iron Hands|Quark Drive|[silent]\n|\n|-heal|p1a: Chi-Yu|56\/100|[from] item: Leftovers\n|upkeep\n|\n|t:|1683228074\n|switch|p2a: Corviknight|Corviknight, L50, F, shiny|100\/100\n|turn|6\n|\n|t:|1683228096\n|-terastallize|p2a: Corviknight|Fire\n|move|p2b: Volcarona|Giga Drain|p1a: Chi-Yu\n|-supereffective|p1a: Chi-Yu\n|-damage|p1a: Chi-Yu|0 fnt\n|faint|p1a: Chi-Yu\n|move|p2a: Corviknight|Bulk Up|p2a: Corviknight\n|-boost|p2a: Corviknight|atk|1\n|-boost|p2a: Corviknight|def|1\n|move|p1b: Iron Hands|Wild Charge|p2b: Volcarona\n|-damage|p2b: Volcarona|43\/100\n|-status|p1b: Iron Hands|brn|[from] ability: Flame Body|[of] p2b: Volcarona\n|-damage|p1b: Iron Hands|88\/100 brn|[from] Recoil\n|\n|-heal|p2b: Volcarona|49\/100|[from] item: Leftovers\n|-damage|p1b: Iron Hands|82\/100 brn|[from] brn\n|upkeep\n|-message|chi-yuonetrick forfeited.\n|\n|win|DarkPine60\n|raw|chi-yuonetrick's rating: 1311 → 1295<\/strong> (-16 for losing)\n|raw|DarkPine60's rating: 1374 → 1390<\/strong> (+16 for winning)\n|l|\u2606chi-yuonetrick\n","uploadtime":1683228114,"views":18,"p1id":"chiyuonetrick","p2id":"darkpine60","formatid":"gen9vgc2023regulationc","rating":1295,"private":0,"password":""}