{"id":"gen9vgc2023regulationc-1855646934","p1":"Stryke Out","p2":"Ricardo Randorez","format":"[Gen 9] VGC 2023 Regulation C","log":"|j|\u2606Stryke Out\n|j|\u2606Ricardo Randorez\n|t:|1682969530\n|gametype|doubles\n|player|p1|Stryke Out|cynthia-gen4|1092\n|player|p2|Ricardo Randorez|265|1129\n|teamsize|p1|6\n|teamsize|p2|6\n|gen|9\n|tier|[Gen 9] VGC 2023 Regulation C\n|rated|\n|rule|Species Clause: Limit one of each Pok\u00e9mon\n|rule|Item Clause: Limit one of each item\n|clearpoke\n|poke|p1|Chi-Yu, L50|\n|poke|p1|Sylveon, L50, M|\n|poke|p1|Hydreigon, L50, F|\n|poke|p1|Corviknight, L50, F|\n|poke|p1|Brute Bonnet, L50|\n|poke|p1|Jolteon, L50, F|\n|poke|p2|Chien-Pao, L50|\n|poke|p2|Garchomp, L50, M|\n|poke|p2|Scizor, L50, M|\n|poke|p2|Gyarados, L50, F|\n|poke|p2|Farigiraf, L50, M|\n|poke|p2|Iron Hands, L50|\n|teampreview|4\n|\n|t:|1682969597\n|start\n|switch|p1a: Sylveon|Sylveon, L50, M, shiny|100\/100\n|switch|p1b: Chi-Yu|Chi-Yu, L50|100\/100\n|switch|p2a: Scizor|Scizor, L50, M|100\/100\n|switch|p2b: Gyarados|Gyarados, L50, F|100\/100\n|-ability|p1b: Chi-Yu|Beads of Ruin\n|-ability|p2b: Gyarados|Intimidate|boost\n|-unboost|p1a: Sylveon|atk|1\n|-unboost|p1b: Chi-Yu|atk|1\n|turn|1\n|inactive|Battle timer is ON: inactive players will automatically lose when time's up. (requested by Ricardo Randorez)\n|inactive|Ricardo Randorez has 60 seconds left.\n|\n|t:|1682969637\n|-terastallize|p2a: Scizor|Water\n|move|p2a: Scizor|Bullet Punch|p1a: Sylveon\n|-supereffective|p1a: Sylveon\n|-damage|p1a: Sylveon|0 fnt\n|faint|p1a: Sylveon\n|move|p1b: Chi-Yu|Will-O-Wisp|p2b: Gyarados\n|-status|p2b: Gyarados|brn\n|move|p2b: Gyarados|Waterfall|p1b: Chi-Yu\n|-supereffective|p1b: Chi-Yu\n|-damage|p1b: Chi-Yu|48\/100\n|\n|-damage|p2b: Gyarados|95\/100 brn|[from] brn\n|upkeep\n|\n|t:|1682969646\n|switch|p1a: Corviknight|Corviknight, L50, F|100\/100\n|turn|2\n|\n|t:|1682969663\n|switch|p2a: Iron Hands|Iron Hands, L50|100\/100\n|move|p1b: Chi-Yu|Will-O-Wisp|p2a: Iron Hands\n|-status|p2a: Iron Hands|brn\n|move|p2b: Gyarados|Waterfall|p1b: Chi-Yu\n|-supereffective|p1b: Chi-Yu\n|-damage|p1b: Chi-Yu|0 fnt\n|faint|p1b: Chi-Yu\n|move|p1a: Corviknight|Brave Bird|p2b: Gyarados\n|-damage|p2b: Gyarados|20\/100 brn\n|-enditem|p2b: Gyarados|Sitrus Berry|[eat]\n|-heal|p2b: Gyarados|45\/100 brn|[from] item: Sitrus Berry\n|-damage|p1a: Corviknight|74\/100|[from] Recoil\n|\n|-damage|p2b: Gyarados|39\/100 brn|[from] brn\n|-damage|p2a: Iron Hands|94\/100 brn|[from] brn\n|upkeep\n|\n|t:|1682969666\n|switch|p1b: Hydreigon|Hydreigon, L50, F|100\/100\n|turn|3\n|\n|t:|1682969687\n|-terastallize|p1a: Corviknight|Ground\n|move|p2a: Iron Hands|Fake Out|p1a: Corviknight\n|-damage|p1a: Corviknight|66\/100\n|move|p1b: Hydreigon|Earth Power|p2a: Iron Hands\n|-supereffective|p2a: Iron Hands\n|-crit|p2a: Iron Hands\n|-damage|p2a: Iron Hands|49\/100 brn\n|move|p2b: Gyarados|Thunder Wave|p1b: Hydreigon\n|-status|p1b: Hydreigon|par\n|cant|p1a: Corviknight|flinch\n|\n|-damage|p2b: Gyarados|33\/100 brn|[from] brn\n|-damage|p2a: Iron Hands|43\/100 brn|[from] brn\n|upkeep\n|turn|4\n|inactive|Ricardo Randorez has 30 seconds left.\n|\n|t:|1682969714\n|move|p2b: Gyarados|Taunt|p1a: Corviknight\n|-start|p1a: Corviknight|move: Taunt\n|move|p1a: Corviknight|Brave Bird|p2b: Gyarados\n|-damage|p2b: Gyarados|0 fnt\n|faint|p2b: Gyarados\n|-damage|p1a: Corviknight|54\/100|[from] Recoil\n|move|p1b: Hydreigon|Earth Power|p2a: Iron Hands\n|-supereffective|p2a: Iron Hands\n|-damage|p2a: Iron Hands|15\/100 brn\n|move|p2a: Iron Hands|Drain Punch|p1b: Hydreigon\n|-supereffective|p1b: Hydreigon\n|-damage|p1b: Hydreigon|54\/100 par\n|-heal|p2a: Iron Hands|34\/100 brn|[from] drain|[of] p1b: Hydreigon\n|\n|-heal|p1b: Hydreigon|60\/100 par|[from] item: Leftovers\n|-damage|p2a: Iron Hands|28\/100 brn|[from] brn\n|upkeep\n|inactive|Ricardo Randorez has 30 seconds left.\n|inactive|Ricardo Randorez has 20 seconds left.\n|inactive|Ricardo Randorez has 15 seconds left.\n|\n|t:|1682969756\n|switch|p2b: Scizor|Scizor, L50, M, tera:Water|100\/100\n|turn|5\n|inactive|Ricardo Randorez has 30 seconds left.\n|\n|t:|1682969784\n|move|p1a: Corviknight|Brave Bird|p2a: Iron Hands\n|-damage|p2a: Iron Hands|0 fnt\n|faint|p2a: Iron Hands\n|-end|p2a: Iron Hands|Quark Drive|[silent]\n|-damage|p1a: Corviknight|43\/100|[from] Recoil\n|move|p2b: Scizor|U-turn|p1b: Hydreigon\n|-supereffective|p1b: Hydreigon\n|-damage|p1b: Hydreigon|0 fnt\n|faint|p1b: Hydreigon\n|\n|t:|1682969793\n|switch|p2b: Chien-Pao|Chien-Pao, L50|100\/100|[from] U-turn\n|-ability|p2b: Chien-Pao|Sword of Ruin\n|\n|upkeep\n|\n|t:|1682969798\n|switch|p2a: Scizor|Scizor, L50, M, tera:Water|100\/100\n|turn|6\n|-message|Stryke Out forfeited.\n|\n|win|Ricardo Randorez\n|raw|Stryke Out's rating: 1092 → 1071<\/strong> (-21 for losing)\n|raw|Ricardo Randorez's rating: 1129 → 1151<\/strong> (+22 for winning)\n|l|\u2606Stryke Out\n","uploadtime":1682969819,"views":14,"p1id":"strykeout","p2id":"ricardorandorez","formatid":"gen9vgc2023regulationc","rating":1071,"private":0,"password":""}