{"id":"gen9vgc2023regulationc-1848190697","p1":"Barbilla Partida","p2":"Treshole","format":"[Gen 9] VGC 2023 Regulation C","log":"|j|\u2606Barbilla Partida\n|j|\u2606Treshole\n|t:|1682040479\n|gametype|doubles\n|player|p1|Barbilla Partida|benga|\n|player|p2|Treshole|ethan|\n|teamsize|p1|6\n|teamsize|p2|6\n|gen|9\n|tier|[Gen 9] VGC 2023 Regulation C\n|rule|Species Clause: Limit one of each Pok\u00e9mon\n|rule|Item Clause: Limit one of each item\n|clearpoke\n|poke|p1|Ting-Lu, L50|\n|poke|p1|Bronzong, L50|\n|poke|p1|Gallade, L50, M|\n|poke|p1|Talonflame, L50, M|\n|poke|p1|Flutter Mane, L50|\n|poke|p1|Iron Bundle, L50|\n|poke|p2|Ting-Lu, L50|\n|poke|p2|Amoonguss, L50, M|\n|poke|p2|Arcanine, L50, F|\n|poke|p2|Flutter Mane, L50|\n|poke|p2|Palafin, L50, M|\n|poke|p2|Baxcalibur, L50, F|\n|teampreview|4\nBarbilla Partida has agreed to open team sheets.\nTreshole has agreed to open team sheets.\n|c|\u2606Treshole|G2\n|\n|t:|1682040774\n|start\n|switch|p1a: Talonflame|Talonflame, L50, M|100\/100\n|switch|p1b: Gallade|Gallade, L50, M|100\/100\n|switch|p2a: Falcon Punch|Arcanine, L50, F|100\/100\n|switch|p2b: Totsugeki|Palafin, L50, M|100\/100\n|-ability|p2a: Falcon Punch|Intimidate|boost\n|-unboost|p1a: Talonflame|atk|1\n|-fail|p1b: Gallade|unboost|[from] item: Clear Amulet|[of] p1b: Gallade\n|turn|1\n|\n|t:|1682040803\n|detailschange|p2b: Totsugeki|Palafin-Hero, L50, M\n|switch|p2b: Kikoken|Amoonguss, L50, M|100\/100\n|move|p1a: Talonflame|Tailwind|p1a: Talonflame\n|-sidestart|p1: Barbilla Partida|move: Tailwind\n|move|p1b: Gallade|Sacred Sword|p2a: Falcon Punch\n|-damage|p2a: Falcon Punch|17\/100\n|move|p2a: Falcon Punch|Will-O-Wisp|p1b: Gallade|[miss]\n|-miss|p2a: Falcon Punch|p1b: Gallade\n|\n|upkeep\n|turn|2\n|\n|t:|1682040844\n|-terastallize|p1b: Gallade|Grass\n|move|p2a: Falcon Punch|Protect|p2a: Falcon Punch\n|-singleturn|p2a: Falcon Punch|Protect\n|move|p1a: Talonflame|Flare Blitz|p2b: Kikoken\n|-supereffective|p2b: Kikoken\n|-damage|p2b: Kikoken|50\/100\n|-enditem|p2b: Kikoken|Sitrus Berry|[eat]\n|-heal|p2b: Kikoken|75\/100|[from] item: Sitrus Berry\n|-damage|p1a: Talonflame|77\/100|[from] Recoil\n|move|p1b: Gallade|Psycho Cut|p2a: Falcon Punch\n|-activate|p2a: Falcon Punch|move: Protect\n|move|p2b: Kikoken|Spore|p1a: Talonflame\n|-status|p1a: Talonflame|slp|[from] move: Spore\n|\n|upkeep\n|turn|3\n|\n|t:|1682040899\n|switch|p2a: Totsugeki|Palafin-Hero, L50, M|100\/100\n|-activate|p2a: Totsugeki|ability: Zero to Hero\n|cant|p1a: Talonflame|slp\n|move|p1b: Gallade|Psycho Cut|p2a: Totsugeki\n|-damage|p2a: Totsugeki|47\/100\n|move|p2b: Kikoken|Pollen Puff|p2a: Totsugeki\n|-heal|p2a: Totsugeki|97\/100\n|\n|upkeep\n|turn|4\n|\n|t:|1682040942\n|switch|p2b: Falcon Punch|Arcanine, L50, F|17\/100\n|-ability|p2b: Falcon Punch|Intimidate|boost\n|-unboost|p1a: Talonflame|atk|1\n|-fail|p1b: Gallade|unboost|[from] item: Clear Amulet|[of] p1b: Gallade\n|move|p2a: Totsugeki|Protect|p2a: Totsugeki\n|-singleturn|p2a: Totsugeki|Protect\n|cant|p1a: Talonflame|slp\n|move|p1b: Gallade|Psycho Cut|p2b: Falcon Punch\n|-damage|p2b: Falcon Punch|0 fnt\n|faint|p2b: Falcon Punch\n|\n|-sideend|p1: Barbilla Partida|move: Tailwind\n|upkeep\n|\n|t:|1682040955\n|switch|p2b: Soul Fist|Flutter Mane, L50|100\/100\n|-enditem|p2b: Soul Fist|Booster Energy\n|-activate|p2b: Soul Fist|ability: Protosynthesis|[fromitem]\n|-start|p2b: Soul Fist|protosynthesisspa\n|turn|5\n|\n|t:|1682040968\n|move|p2a: Totsugeki|Jet Punch|p1b: Gallade\n|-resisted|p1b: Gallade\n|-damage|p1b: Gallade|68\/100\n|cant|p1a: Talonflame|slp\n|move|p2b: Soul Fist|Moonblast|p1b: Gallade\n|-crit|p1b: Gallade\n|-damage|p1b: Gallade|0 fnt\n|faint|p1b: Gallade\n|\n|upkeep\n|\n|t:|1682040974\n|switch|p1b: Flutter Mane|Flutter Mane, L50|100\/100\n|turn|6\n|\n|t:|1682040987\n|-terastallize|p2a: Totsugeki|Water\n|-curestatus|p1a: Talonflame|slp|[msg]\n|move|p1a: Talonflame|Quick Guard|p1a: Talonflame\n|-singleturn|p1a: Talonflame|Quick Guard\n|move|p2a: Totsugeki|Jet Punch|p1a: Talonflame\n|-activate|p1a: Talonflame|move: Quick Guard\n|move|p2b: Soul Fist|Substitute|p2b: Soul Fist\n|-start|p2b: Soul Fist|Substitute\n|-damage|p2b: Soul Fist|76\/100\n|move|p1b: Flutter Mane|Dazzling Gleam|p2a: Totsugeki|[spread] p2a,p2b\n|-end|p2b: Soul Fist|Substitute\n|-damage|p2a: Totsugeki|56\/100\n|\n|upkeep\n|turn|7\n|\n|t:|1682041009\n|move|p1a: Talonflame|Quick Guard|p1a: Talonflame\n|-singleturn|p1a: Talonflame|Quick Guard\n|move|p2a: Totsugeki|Jet Punch|p1a: Talonflame\n|-activate|p1a: Talonflame|move: Quick Guard\n|move|p2b: Soul Fist|Shadow Ball|p1b: Flutter Mane\n|-supereffective|p1b: Flutter Mane\n|-damage|p1b: Flutter Mane|9\/100\n|move|p1b: Flutter Mane|Dazzling Gleam|p2a: Totsugeki|[spread] p2a,p2b\n|-damage|p2a: Totsugeki|12\/100\n|-damage|p2b: Soul Fist|29\/100\n|\n|upkeep\n|turn|8\n|\n|t:|1682041040\n|-end|p1b: Flutter Mane|Protosynthesis|[silent]\n|switch|p1b: Iron Bundle|Iron Bundle, L50|100\/100\n|move|p2a: Totsugeki|Protect|p2a: Totsugeki\n|-singleturn|p2a: Totsugeki|Protect\n|move|p1a: Talonflame|Quick Guard|p1a: Talonflame\n|-singleturn|p1a: Talonflame|Quick Guard\n|move|p2b: Soul Fist|Shadow Ball|p1b: Iron Bundle\n|-enditem|p1b: Iron Bundle|Focus Sash\n|-damage|p1b: Iron Bundle|1\/100\n|\n|upkeep\n|turn|9\n|\n|t:|1682041065\n|switch|p2a: Kikoken|Amoonguss, L50, M|100\/100\n|move|p1a: Talonflame|Quick Guard|p1a: Talonflame\n|-singleturn|p1a: Talonflame|Quick Guard\n|move|p1b: Iron Bundle|Freeze-Dry|p2a: Kikoken\n|-supereffective|p2a: Kikoken\n|-damage|p2a: Kikoken|45\/100\n|move|p2b: Soul Fist|Substitute|p2b: Soul Fist\n|-start|p2b: Soul Fist|Substitute\n|-damage|p2b: Soul Fist|4\/100\n|\n|upkeep\n|turn|10\n|\n|t:|1682041090\n|move|p2a: Kikoken|Protect|p2a: Kikoken\n|-singleturn|p2a: Kikoken|Protect\n|move|p1b: Iron Bundle|Encore|p2b: Soul Fist\n|-start|p2b: Soul Fist|Encore\n|move|p1a: Talonflame|Brave Bird|p2a: Kikoken\n|-activate|p2a: Kikoken|move: Protect\n|move|p2b: Soul Fist|Substitute|p2b: Soul Fist\n|-fail|p2b: Soul Fist|move: Substitute\n|\n|upkeep\n|turn|11\n|\n|t:|1682041118\n|move|p1b: Iron Bundle|Freeze-Dry|p2a: Kikoken\n|-supereffective|p2a: Kikoken\n|-damage|p2a: Kikoken|0 fnt\n|faint|p2a: Kikoken\n|move|p1a: Talonflame|Brave Bird|p2b: Soul Fist\n|-end|p2b: Soul Fist|Substitute\n|-damage|p1a: Talonflame|69\/100|[from] Recoil|[of] p2b: Soul Fist\n|move|p2b: Soul Fist|Substitute|p2b: Soul Fist\n|-fail|p2b: Soul Fist|move: Substitute|[weak]\n|\n|upkeep\n|\n|t:|1682041125\n|switch|p2a: Totsugeki|Palafin-Hero, L50, M, tera:Water|12\/100\n|turn|12\n|\n|t:|1682041135\n|move|p1a: Talonflame|Quick Guard|p1a: Talonflame\n|-singleturn|p1a: Talonflame|Quick Guard\n|move|p2a: Totsugeki|Jet Punch|p1b: Iron Bundle\n|-activate|p1b: Iron Bundle|move: Quick Guard\n|move|p1b: Iron Bundle|Freeze-Dry|p2a: Totsugeki\n|-supereffective|p2a: Totsugeki\n|-damage|p2a: Totsugeki|0 fnt\n|faint|p2a: Totsugeki\n|move|p2b: Soul Fist|Substitute|p2b: Soul Fist\n|-fail|p2b: Soul Fist|move: Substitute|[weak]\n|\n|-end|p2b: Soul Fist|Encore\n|upkeep\n|turn|13\n|c|\u2606Treshole|Ggs\n|c|\u2606Barbilla Partida|gg\n|-message|Treshole forfeited.\n|\n|win|Barbilla Partida\n","uploadtime":1682041156,"views":12,"p1id":"barbillapartida","p2id":"treshole","formatid":"gen9vgc2023regulationc","rating":0,"private":0,"password":""}