{"id":"gen9vgc2023regulationc-1862548895","p1":"Heureusement","p2":"revocolombia","format":"[Gen 9] VGC 2023 Regulation C","log":"|j|\u2606Heureusement\n|j|\u2606revocolombia\n|t:|1683899750\n|gametype|doubles\n|player|p1|Heureusement|169|1386\n|player|p2|revocolombia|pokemonranger-gen4|1350\n|teamsize|p1|6\n|teamsize|p2|6\n|gen|9\n|tier|[Gen 9] VGC 2023 Regulation C\n|rated|\n|rule|Species Clause: Limit one of each Pok\u00e9mon\n|rule|Item Clause: Limit one of each item\n|clearpoke\n|poke|p1|Garchomp, L50, F|\n|poke|p1|Wo-Chien, L50|\n|poke|p1|Chi-Yu, L50|\n|poke|p1|Corviknight, L50, M|\n|poke|p1|Gyarados, L50, M|\n|poke|p1|Flutter Mane, L50|\n|poke|p2|Flutter Mane, L50|\n|poke|p2|Great Tusk, L50|\n|poke|p2|Dragonite, L50, M|\n|poke|p2|Chien-Pao, L50|\n|poke|p2|Murkrow, L50, F|\n|poke|p2|Gholdengo, L50|\n|teampreview|4\n|\n|t:|1683899785\n|start\n|switch|p1a: Gyarados|Gyarados, L50, M|100\/100\n|switch|p1b: Garchomp|Garchomp, L50, F|100\/100\n|switch|p2a: Great Tusk|Great Tusk, L50|100\/100\n|switch|p2b: Murkrow|Murkrow, L50, F|100\/100\n|-ability|p1a: Gyarados|Intimidate|boost\n|-fail|p2a: Great Tusk|unboost|[from] item: Clear Amulet|[of] p2a: Great Tusk\n|-unboost|p2b: Murkrow|atk|1\n|turn|1\n|j| A Borygon\n|l| A Borygon\n|\n|t:|1683899817\n|switch|p1a: Wo-Chien|Wo-Chien, L50|100\/100\n|-ability|p1a: Wo-Chien|Tablets of Ruin\n|move|p1b: Garchomp|Protect|p1b: Garchomp\n|-singleturn|p1b: Garchomp|Protect\n|move|p2b: Murkrow|Tailwind|p2b: Murkrow\n|-sidestart|p2: revocolombia|move: Tailwind\n|move|p2a: Great Tusk|Rock Slide|p1b: Garchomp|[spread] \n|-activate|p1b: Garchomp|move: Protect\n|-miss|p2a: Great Tusk|p1a: Wo-Chien\n|\n|upkeep\n|turn|2\n|\n|t:|1683899836\n|move|p2b: Murkrow|Sunny Day|p2b: Murkrow\n|-weather|SunnyDay\n|-activate|p2a: Great Tusk|ability: Protosynthesis\n|-start|p2a: Great Tusk|protosynthesisatk\n|move|p2a: Great Tusk|Earthquake|p1a: Wo-Chien|[spread] p1a,p1b\n|-immune|p2b: Murkrow\n|-resisted|p1a: Wo-Chien\n|-damage|p1a: Wo-Chien|83\/100\n|-damage|p1b: Garchomp|56\/100\n|move|p1b: Garchomp|Rock Slide|p2b: Murkrow|[spread] p2a,p2b\n|-resisted|p2a: Great Tusk\n|-crit|p2a: Great Tusk\n|-supereffective|p2b: Murkrow\n|-damage|p2a: Great Tusk|96\/100\n|-damage|p2b: Murkrow|56\/100\n|-damage|p1b: Garchomp|46\/100|[from] item: Life Orb\n|move|p1a: Wo-Chien|Leech Seed|p2a: Great Tusk\n|-start|p2a: Great Tusk|move: Leech Seed\n|\n|-weather|SunnyDay|[upkeep]\n|-heal|p1a: Wo-Chien|90\/100|[from] item: Leftovers\n|-damage|p2a: Great Tusk|84\/100|[from] Leech Seed|[of] p1a: Wo-Chien\n|-heal|p1a: Wo-Chien|100\/100|[silent]\n|upkeep\n|turn|3\n|\n|t:|1683899860\n|switch|p1b: Gyarados|Gyarados, L50, M|100\/100\n|-ability|p1b: Gyarados|Intimidate|boost\n|-fail|p2a: Great Tusk|unboost|[from] item: Clear Amulet|[of] p2a: Great Tusk\n|-unboost|p2b: Murkrow|atk|1\n|move|p1a: Wo-Chien|Protect|p1a: Wo-Chien\n|-singleturn|p1a: Wo-Chien|Protect\n|move|p2b: Murkrow|Taunt|p1b: Gyarados\n|-start|p1b: Gyarados|move: Taunt\n|move|p2a: Great Tusk|Earthquake|p1b: Gyarados|[spread] \n|-activate|p1a: Wo-Chien|move: Protect\n|-immune|p2b: Murkrow\n|-immune|p1b: Gyarados\n|\n|-weather|SunnyDay|[upkeep]\n|-damage|p2a: Great Tusk|72\/100|[from] Leech Seed|[of] p1a: Wo-Chien\n|upkeep\n|turn|4\n|\n|t:|1683899881\n|switch|p2b: Gholdengo|Gholdengo, L50|100\/100\n|move|p2a: Great Tusk|Rock Slide|p1b: Gyarados|[spread] p1a,p1b\n|-supereffective|p1b: Gyarados\n|-damage|p1a: Wo-Chien|84\/100\n|-damage|p1b: Gyarados|61\/100\n|move|p1b: Gyarados|Waterfall|p2a: Great Tusk\n|-supereffective|p2a: Great Tusk\n|-damage|p2a: Great Tusk|55\/100\n|move|p1a: Wo-Chien|Foul Play|p2a: Great Tusk\n|-resisted|p2a: Great Tusk\n|-damage|p2a: Great Tusk|35\/100\n|\n|-weather|SunnyDay|[upkeep]\n|-heal|p1a: Wo-Chien|91\/100|[from] item: Leftovers\n|-damage|p2a: Great Tusk|23\/100|[from] Leech Seed|[of] p1a: Wo-Chien\n|-heal|p1a: Wo-Chien|100\/100|[silent]\n|-sideend|p2: revocolombia|move: Tailwind\n|upkeep\n|turn|5\n|\n|t:|1683899907\n|move|p2b: Gholdengo|Make It Rain|p1b: Gyarados|[spread] p1a,p1b\n|-resisted|p1b: Gyarados\n|-damage|p1a: Wo-Chien|64\/100\n|-damage|p1b: Gyarados|38\/100\n|-unboost|p2b: Gholdengo|spa|1\n|-enditem|p1b: Gyarados|Sitrus Berry|[eat]\n|-heal|p1b: Gyarados|62\/100|[from] item: Sitrus Berry\n|-damage|p2b: Gholdengo|91\/100|[from] item: Life Orb\n|move|p2a: Great Tusk|Rock Slide|p1a: Wo-Chien|[spread] p1a,p1b\n|-crit|p1a: Wo-Chien\n|-supereffective|p1b: Gyarados\n|-damage|p1a: Wo-Chien|37\/100\n|-damage|p1b: Gyarados|19\/100\n|cant|p1b: Gyarados|flinch\n|move|p1a: Wo-Chien|Foul Play|p2b: Gholdengo\n|-supereffective|p2b: Gholdengo\n|-damage|p2b: Gholdengo|52\/100\n|\n|-weather|SunnyDay|[upkeep]\n|-heal|p1a: Wo-Chien|44\/100|[from] item: Leftovers\n|-damage|p2a: Great Tusk|11\/100|[from] Leech Seed|[of] p1a: Wo-Chien\n|-heal|p1a: Wo-Chien|57\/100|[silent]\n|-end|p1b: Gyarados|move: Taunt\n|upkeep\n|turn|6\n|\n|t:|1683899940\n|move|p1a: Wo-Chien|Protect|p1a: Wo-Chien\n|-singleturn|p1a: Wo-Chien|Protect\n|move|p2b: Gholdengo|Make It Rain|p1a: Wo-Chien|[spread] p1b\n|-activate|p1a: Wo-Chien|move: Protect\n|-resisted|p1b: Gyarados\n|-damage|p1b: Gyarados|3\/100\n|-unboost|p2b: Gholdengo|spa|1\n|-damage|p2b: Gholdengo|42\/100|[from] item: Life Orb\n|move|p2a: Great Tusk|Brick Break|p1a: Wo-Chien\n|-activate|p1a: Wo-Chien|move: Protect\n|move|p1b: Gyarados|Waterfall|p2b: Gholdengo\n|-damage|p2b: Gholdengo|28\/100\n|\n|-weather|none\n|-end|p2a: Great Tusk|Protosynthesis\n|-heal|p1a: Wo-Chien|64\/100|[from] item: Leftovers\n|-damage|p2a: Great Tusk|0 fnt|[from] Leech Seed|[of] p1a: Wo-Chien\n|-heal|p1a: Wo-Chien|75\/100|[silent]\n|faint|p2a: Great Tusk\n|-end|p2a: Great Tusk|Protosynthesis|[silent]\n|upkeep\n|\n|t:|1683899961\n|switch|p2a: Murkrow|Murkrow, L50, F|56\/100\n|turn|7\n|\n|t:|1683899992\n|move|p2a: Murkrow|Haze|p2a: Murkrow\n|-clearallboost\n|move|p2b: Gholdengo|Make It Rain|p1a: Wo-Chien|[spread] p1a,p1b\n|-resisted|p1b: Gyarados\n|-damage|p1a: Wo-Chien|39\/100\n|-damage|p1b: Gyarados|0 fnt\n|-unboost|p2b: Gholdengo|spa|1\n|faint|p1b: Gyarados\n|-damage|p2b: Gholdengo|18\/100|[from] item: Life Orb\n|move|p1a: Wo-Chien|Leech Seed|p2a: Murkrow\n|-start|p2a: Murkrow|move: Leech Seed\n|\n|-heal|p1a: Wo-Chien|45\/100|[from] item: Leftovers\n|-damage|p2a: Murkrow|44\/100|[from] Leech Seed|[of] p1a: Wo-Chien\n|-heal|p1a: Wo-Chien|55\/100|[silent]\n|upkeep\n|\n|t:|1683900033\n|switch|p1b: Garchomp|Garchomp, L50, F|46\/100\n|turn|8\n|\n|t:|1683900042\n|move|p1b: Garchomp|Protect|p1b: Garchomp\n|-singleturn|p1b: Garchomp|Protect\n|move|p2a: Murkrow|Tailwind|p2a: Murkrow\n|-sidestart|p2: revocolombia|move: Tailwind\n|move|p2b: Gholdengo|Make It Rain|p1b: Garchomp|[spread] p1a\n|-activate|p1b: Garchomp|move: Protect\n|-damage|p1a: Wo-Chien|28\/100\n|-unboost|p2b: Gholdengo|spa|1\n|-damage|p2b: Gholdengo|8\/100|[from] item: Life Orb\n|move|p1a: Wo-Chien|Foul Play|p2b: Gholdengo\n|-supereffective|p2b: Gholdengo\n|-damage|p2b: Gholdengo|0 fnt\n|faint|p2b: Gholdengo\n|\n|-heal|p1a: Wo-Chien|34\/100|[from] item: Leftovers\n|-damage|p2a: Murkrow|32\/100|[from] Leech Seed|[of] p1a: Wo-Chien\n|-heal|p1a: Wo-Chien|45\/100|[silent]\n|upkeep\n|\n|t:|1683900062\n|switch|p2b: Flutter Mane|Flutter Mane, L50|100\/100\n|-enditem|p2b: Flutter Mane|Booster Energy\n|-activate|p2b: Flutter Mane|ability: Protosynthesis|[fromitem]\n|-start|p2b: Flutter Mane|protosynthesisspa\n|turn|9\n|\n|t:|1683900091\n|-terastallize|p2b: Flutter Mane|Fairy\n|move|p1a: Wo-Chien|Protect|p1a: Wo-Chien\n|-singleturn|p1a: Wo-Chien|Protect\n|move|p2a: Murkrow|Taunt|p1b: Garchomp\n|-start|p1b: Garchomp|move: Taunt\n|move|p2b: Flutter Mane|Dazzling Gleam|p1a: Wo-Chien|[spread] p1b\n|-activate|p1a: Wo-Chien|move: Protect\n|-supereffective|p1b: Garchomp\n|-damage|p1b: Garchomp|0 fnt\n|faint|p1b: Garchomp\n|\n|-heal|p1a: Wo-Chien|51\/100|[from] item: Leftovers\n|-damage|p2a: Murkrow|20\/100|[from] Leech Seed|[of] p1a: Wo-Chien\n|-heal|p1a: Wo-Chien|61\/100|[silent]\n|upkeep\n|\n|t:|1683900101\n|switch|p1b: Chi-Yu|Chi-Yu, L50|100\/100\n|-ability|p1b: Chi-Yu|Beads of Ruin\n|turn|10\n|\n|t:|1683900117\n|-terastallize|p1a: Wo-Chien|Poison\n|move|p2a: Murkrow|Taunt|p1b: Chi-Yu\n|-hint|Since gen 7, Dark is immune to Prankster moves.\n|-immune|p1b: Chi-Yu\n|move|p2b: Flutter Mane|Dazzling Gleam|p1a: Wo-Chien|[spread] p1a,p1b\n|-resisted|p1a: Wo-Chien\n|-damage|p1a: Wo-Chien|36\/100\n|-damage|p1b: Chi-Yu|27\/100\n|move|p1b: Chi-Yu|Heat Wave|p2a: Murkrow|[spread] p2a,p2b\n|-damage|p2a: Murkrow|0 fnt\n|-damage|p2b: Flutter Mane|48\/100\n|faint|p2a: Murkrow\n|move|p1a: Wo-Chien|Leech Seed|p2b: Flutter Mane\n|-start|p2b: Flutter Mane|move: Leech Seed\n|\n|-heal|p1a: Wo-Chien|42\/100|[from] item: Leftovers\n|-damage|p2b: Flutter Mane|36\/100|[from] Leech Seed|[of] p1a: Wo-Chien\n|-heal|p1a: Wo-Chien|50\/100|[silent]\n|upkeep\n|turn|11\n|\n|t:|1683900145\n|move|p2b: Flutter Mane|Dazzling Gleam|p1b: Chi-Yu|[spread] p1a,p1b\n|-resisted|p1a: Wo-Chien\n|-damage|p1a: Wo-Chien|27\/100\n|-damage|p1b: Chi-Yu|0 fnt\n|faint|p1b: Chi-Yu\n|move|p1a: Wo-Chien|Foul Play|p2b: Flutter Mane\n|-resisted|p2b: Flutter Mane\n|-damage|p2b: Flutter Mane|22\/100\n|\n|-heal|p1a: Wo-Chien|33\/100|[from] item: Leftovers\n|-damage|p2b: Flutter Mane|10\/100|[from] Leech Seed|[of] p1a: Wo-Chien\n|-heal|p1a: Wo-Chien|42\/100|[silent]\n|-sideend|p2: revocolombia|move: Tailwind\n|upkeep\n|turn|12\n|\n|t:|1683900158\n|move|p1a: Wo-Chien|Protect|p1a: Wo-Chien\n|-singleturn|p1a: Wo-Chien|Protect\n|move|p2b: Flutter Mane|Shadow Ball|p1a: Wo-Chien\n|-activate|p1a: Wo-Chien|move: Protect\n|\n|-heal|p1a: Wo-Chien|48\/100|[from] item: Leftovers\n|-damage|p2b: Flutter Mane|0 fnt|[from] Leech Seed|[of] p1a: Wo-Chien\n|-heal|p1a: Wo-Chien|54\/100|[silent]\n|faint|p2b: Flutter Mane\n|-end|p2b: Flutter Mane|Protosynthesis|[silent]\n|\n|win|Heureusement\n|upkeep\n|raw|Heureusement's rating: 1386 → 1404<\/strong> (+18 for winning)\n|raw|revocolombia's rating: 1350 → 1332<\/strong> (-18 for losing)\n","uploadtime":1683900170,"views":6,"p1id":"heureusement","p2id":"revocolombia","formatid":"gen9vgc2023regulationc","rating":1332,"private":0,"password":""}