{"id":"gen9vgc2023regulationc-1846547438","p1":"dreamswgh","p2":"Pippovgc","format":"[Gen 9] VGC 2023 Regulation C","log":"|j|\u2606dreamswgh\n|j|\u2606Pippovgc\n|t:|1681850430\n|gametype|doubles\n|player|p1|dreamswgh|nate|1357\n|player|p2|Pippovgc|blue|1397\n|teamsize|p1|6\n|teamsize|p2|6\n|gen|9\n|tier|[Gen 9] VGC 2023 Regulation C\n|rated|\n|rule|Species Clause: Limit one of each Pok\u00e9mon\n|rule|Item Clause: Limit one of each item\n|clearpoke\n|poke|p1|Torkoal, L50, M|\n|poke|p1|Flutter Mane, L50|\n|poke|p1|Indeedee-F, L50, F|\n|poke|p1|Hatterene, L50, F|\n|poke|p1|Corviknight, L50, M|\n|poke|p1|Mudsdale, L50, F|\n|poke|p2|Gyarados, L50, M|\n|poke|p2|Flutter Mane, L50|\n|poke|p2|Chi-Yu, L50|\n|poke|p2|Wo-Chien, L50|\n|poke|p2|Glimmora, L50, F|\n|poke|p2|Iron Hands, L50|\n|teampreview|4\nPippovgc has agreed to open team sheets.\ndreamswgh has agreed to open team sheets.\n|c|\u2606dreamswgh|sub flutter mane the best\n|inactive|Battle timer is ON: inactive players will automatically lose when time's up. (requested by Pippovgc)\n|\n|t:|1681850506\n|start\n|switch|p1a: Nevada|Indeedee-F, L50, F|100\/100\n|switch|p1b: New Mexico|Hatterene, L50, F|100\/100\n|switch|p2a: Glimmora|Glimmora, L50, F|100\/100\n|switch|p2b: Chi-Yu|Chi-Yu, L50|100\/100\n|-ability|p2b: Chi-Yu|Beads of Ruin\n|-fieldstart|move: Psychic Terrain|[from] ability: Psychic Surge|[of] p1a: Nevada\n|-enditem|p1a: Nevada|Psychic Seed\n|-boost|p1a: Nevada|spd|1|[from] item: Psychic Seed\n|turn|1\n|inactive|dreamswgh has 30 seconds left.\n|inactive|Pippovgc has 30 seconds left.\n|inactive|dreamswgh has 20 seconds left.\n|inactive|dreamswgh has 15 seconds left.\n|inactive|dreamswgh has 10 seconds left.\n|\n|t:|1681850552\n|-terastallize|p1b: New Mexico|Fire\n|move|p1a: Nevada|Follow Me|p1a: Nevada\n|-singleturn|p1a: Nevada|move: Follow Me\n|move|p2b: Chi-Yu|Heat Wave|p1a: Nevada|[spread] p1a,p1b\n|-resisted|p1b: New Mexico\n|-damage|p1a: Nevada|68\/100\n|-damage|p1b: New Mexico|70\/100\n|move|p2a: Glimmora|Sludge Bomb|p1a: Nevada\n|-damage|p1a: Nevada|25\/100\n|move|p1b: New Mexico|Trick Room|p1b: New Mexico\n|-fieldstart|move: Trick Room|[of] p1b: New Mexico\n|\n|upkeep\n|turn|2\n|inactive|dreamswgh has 30 seconds left.\n|inactive|Pippovgc has 30 seconds left.\n|\n|t:|1681850578\n|switch|p2a: Wo-Chien|Wo-Chien, L50|100\/100\n|-ability|p2a: Wo-Chien|Tablets of Ruin\n|move|p1a: Nevada|Follow Me|p1a: Nevada\n|-singleturn|p1a: Nevada|move: Follow Me\n|move|p1b: New Mexico|Dazzling Gleam|p2a: Wo-Chien|[spread] p2a,p2b\n|-supereffective|p2a: Wo-Chien\n|-damage|p2a: Wo-Chien|23\/100\n|-damage|p2b: Chi-Yu|52\/100\n|-damage|p1b: New Mexico|61\/100|[from] item: Life Orb\n|move|p2b: Chi-Yu|Heat Wave|p1b: New Mexico|[spread] p1a,p1b\n|-resisted|p1b: New Mexico\n|-damage|p1a: Nevada|0 fnt\n|-damage|p1b: New Mexico|29\/100\n|faint|p1a: Nevada\n|\n|-heal|p2a: Wo-Chien|30\/100|[from] item: Leftovers\n|upkeep\n|\n|t:|1681850593\n|switch|p1a: Arizona|Torkoal, L50, M|100\/100\n|-weather|SunnyDay|[from] ability: Drought|[of] p1a: Arizona\n|turn|3\n|\n|t:|1681850606\n|switch|p2b: Glimmora|Glimmora, L50, F|100\/100\n|move|p2a: Wo-Chien|Protect|p2a: Wo-Chien\n|-singleturn|p2a: Wo-Chien|Protect\n|move|p1a: Arizona|Eruption|p2b: Glimmora|[spread] p2b\n|-activate|p2a: Wo-Chien|move: Protect\n|-resisted|p2b: Glimmora\n|-damage|p2b: Glimmora|71\/100\n|move|p1b: New Mexico|Dazzling Gleam|p2a: Wo-Chien|[spread] p2b\n|-activate|p2a: Wo-Chien|move: Protect\n|-resisted|p2b: Glimmora\n|-damage|p2b: Glimmora|57\/100\n|-damage|p1b: New Mexico|19\/100|[from] item: Life Orb\n|\n|-weather|SunnyDay|[upkeep]\n|-heal|p2a: Wo-Chien|36\/100|[from] item: Leftovers\n|upkeep\n|turn|4\n|inactive|dreamswgh has 30 seconds left.\n|\n|t:|1681850637\n|switch|p2a: Gyarados|Gyarados, L50, M, shiny|100\/100\n|-ability|p2a: Gyarados|Intimidate|boost\n|-unboost|p1a: Arizona|atk|1\n|-unboost|p1b: New Mexico|atk|1\n|move|p1a: Arizona|Earth Power|p2b: Glimmora\n|-supereffective|p2b: Glimmora\n|-damage|p2b: Glimmora|0 fnt\n|faint|p2b: Glimmora\n|move|p1b: New Mexico|Dazzling Gleam|p2a: Gyarados\n|-damage|p2a: Gyarados|54\/100\n|-damage|p1b: New Mexico|10\/100|[from] item: Life Orb\n|\n|-weather|SunnyDay|[upkeep]\n|upkeep\n|\n|t:|1681850650\n|switch|p2b: Wo-Chien|Wo-Chien, L50|36\/100\n|-ability|p2b: Wo-Chien|Tablets of Ruin\n|turn|5\n|\n|t:|1681850661\n|move|p2b: Wo-Chien|Protect|p2b: Wo-Chien\n|-singleturn|p2b: Wo-Chien|Protect\n|move|p1a: Arizona|Eruption|p2b: Wo-Chien|[spread] p2a\n|-activate|p2b: Wo-Chien|move: Protect\n|-resisted|p2a: Gyarados\n|-damage|p2a: Gyarados|17\/100\n|-enditem|p2a: Gyarados|Sitrus Berry|[eat]\n|-heal|p2a: Gyarados|42\/100|[from] item: Sitrus Berry\n|move|p1b: New Mexico|Dazzling Gleam|p2b: Wo-Chien|[spread] p2a\n|-activate|p2b: Wo-Chien|move: Protect\n|-damage|p2a: Gyarados|3\/100\n|-damage|p1b: New Mexico|0 fnt|[from] item: Life Orb\n|faint|p1b: New Mexico\n|move|p2a: Gyarados|Waterfall|p1a: Arizona\n|-supereffective|p1a: Arizona\n|-damage|p1a: Arizona|77\/100\n|\n|-weather|SunnyDay|[upkeep]\n|-heal|p2b: Wo-Chien|42\/100|[from] item: Leftovers\n|-fieldend|move: Trick Room\n|-fieldend|move: Psychic Terrain\n|upkeep\n|\n|t:|1681850679\n|switch|p1b: Okalahoma|Corviknight, L50, M|100\/100\n|turn|6\n|\n|t:|1681850699\n|-terastallize|p2b: Wo-Chien|Water\n|move|p2a: Gyarados|Waterfall|p1a: Arizona\n|-supereffective|p1a: Arizona\n|-damage|p1a: Arizona|56\/100\n|move|p2b: Wo-Chien|Leech Seed|p1b: Okalahoma\n|-start|p1b: Okalahoma|move: Leech Seed\n|move|p1b: Okalahoma|Brave Bird|p2b: Wo-Chien\n|-damage|p2b: Wo-Chien|0 fnt\n|faint|p2b: Wo-Chien\n|-damage|p1b: Okalahoma|87\/100|[from] Recoil\n|move|p1a: Arizona|Eruption|p2a: Gyarados\n|-resisted|p2a: Gyarados\n|-damage|p2a: Gyarados|0 fnt\n|faint|p2a: Gyarados\n|\n|-weather|SunnyDay|[upkeep]\n|upkeep\n|\n|t:|1681850715\n|switch|p2b: Chi-Yu|Chi-Yu, L50|52\/100\n|-ability|p2b: Chi-Yu|Beads of Ruin\n|turn|7\n|\n|t:|1681850723\n|move|p2b: Chi-Yu|Heat Wave|p1a: Arizona|[spread] p1a,p1b\n|-resisted|p1a: Arizona\n|-supereffective|p1b: Okalahoma\n|-damage|p1a: Arizona|0 fnt\n|-damage|p1b: Okalahoma|0 fnt\n|faint|p1a: Arizona\n|faint|p1b: Okalahoma\n|\n|win|Pippovgc\n|raw|dreamswgh's rating: 1357 → 1339<\/strong> (-18 for losing)\n|raw|Pippovgc's rating: 1397 → 1415<\/strong> (+18 for winning)\n|c|\u2606dreamswgh|gg\n|l|\u2606Pippovgc\n","uploadtime":1681850894,"views":6,"p1id":"dreamswgh","p2id":"pippovgc","formatid":"gen9vgc2023regulationc","rating":1339,"private":0,"password":""}