{"id":"gen9vgc2023regulationc-1845246215","p1":"aquatail4567","p2":"FlynnHunter7","format":"[Gen 9] VGC 2023 Regulation C","log":"|j|\u2606aquatail4567\n|j|\u2606FlynnHunter7\n|t:|1681701533\n|gametype|doubles\n|player|p1|aquatail4567|steven|1200\n|player|p2|FlynnHunter7|hilbert|1107\n|teamsize|p1|6\n|teamsize|p2|6\n|gen|9\n|tier|[Gen 9] VGC 2023 Regulation C\n|rated|\n|rule|Species Clause: Limit one of each Pok\u00e9mon\n|rule|Item Clause: Limit one of each item\n|clearpoke\n|poke|p1|Pelipper, L50, M|\n|poke|p1|Torkoal, L50, M|\n|poke|p1|Armarouge, L50, F|\n|poke|p1|Gastrodon, L50, F|\n|poke|p1|Indeedee-F, L50, F|\n|poke|p1|Amoonguss, L50, M|\n|poke|p2|Palafin, L50, F|\n|poke|p2|Arcanine, L50, F|\n|poke|p2|Amoonguss, L50, M|\n|poke|p2|Flutter Mane, L50|\n|poke|p2|Wo-Chien, L50|\n|poke|p2|Ting-Lu, L50|\n|teampreview|4\n|inactive|Battle timer is ON: inactive players will automatically lose when time's up. (requested by FlynnHunter7)\nFlynnHunter7 has agreed to open team sheets.\n|\n|t:|1681701552\n|start\n|switch|p1a: Amoonguss|Amoonguss, L50, M|100\/100\n|switch|p1b: Armarouge|Armarouge, L50, F|100\/100\n|switch|p2a: Wo-Chien|Wo-Chien, L50|100\/100\n|switch|p2b: Palafin|Palafin, L50, F|100\/100\n|-ability|p2a: Wo-Chien|Tablets of Ruin\n|turn|1\n|inactive|FlynnHunter7 has 30 seconds left.\n|\n|t:|1681701579\n|detailschange|p2b: Palafin|Palafin-Hero, L50, F\n|switch|p2b: Ting-Lu|Ting-Lu, L50|100\/100\n|-ability|p2b: Ting-Lu|Vessel of Ruin\n|-terastallize|p1b: Armarouge|Grass\n|move|p1b: Armarouge|Armor Cannon|p2a: Wo-Chien\n|-supereffective|p2a: Wo-Chien\n|-damage|p2a: Wo-Chien|28\/100\n|-unboost|p1b: Armarouge|def|1\n|-unboost|p1b: Armarouge|spd|1\n|move|p2a: Wo-Chien|Leech Seed|p1b: Armarouge\n|-immune|p1b: Armarouge\n|move|p1a: Amoonguss|Spore|p2b: Ting-Lu\n|-status|p2b: Ting-Lu|slp|[from] move: Spore\n|\n|-heal|p2a: Wo-Chien|34\/100|[from] item: Leftovers\n|upkeep\n|turn|2\n|\n|t:|1681701600\n|move|p2a: Wo-Chien|Protect|p2a: Wo-Chien\n|-singleturn|p2a: Wo-Chien|Protect\n|move|p1b: Armarouge|Armor Cannon|p2a: Wo-Chien\n|-activate|p2a: Wo-Chien|move: Protect\n|cant|p2b: Ting-Lu|slp\n|move|p1a: Amoonguss|Toxic|p2a: Wo-Chien\n|-activate|p2a: Wo-Chien|move: Protect\n|\n|-heal|p2a: Wo-Chien|40\/100|[from] item: Leftovers\n|upkeep\n|turn|3\n|\n|t:|1681701619\n|move|p2a: Wo-Chien|Protect||[still]\n|-fail|p2a: Wo-Chien\n|move|p1a: Amoonguss|Rage Powder|p1a: Amoonguss\n|-singleturn|p1a: Amoonguss|move: Rage Powder\n|move|p1b: Armarouge|Armor Cannon|p2a: Wo-Chien\n|-supereffective|p2a: Wo-Chien\n|-crit|p2a: Wo-Chien\n|-damage|p2a: Wo-Chien|0 fnt\n|-unboost|p1b: Armarouge|def|1\n|-unboost|p1b: Armarouge|spd|1\n|faint|p2a: Wo-Chien\n|cant|p2b: Ting-Lu|slp\n|\n|upkeep\n|\n|t:|1681701630\n|switch|p2a: Arcanine|Arcanine, L50, F|100\/100\n|-ability|p2a: Arcanine|Intimidate|boost\n|-unboost|p1a: Amoonguss|atk|1\n|-unboost|p1b: Armarouge|atk|1\n|turn|4\n|\n|t:|1681701646\n|move|p2a: Arcanine|Flare Blitz|p1a: Amoonguss\n|-supereffective|p1a: Amoonguss\n|-damage|p1a: Amoonguss|15\/100\n|-damage|p2a: Arcanine|63\/100|[from] Recoil\n|move|p1b: Armarouge|Energy Ball|p2b: Ting-Lu\n|-supereffective|p2b: Ting-Lu\n|-damage|p2b: Ting-Lu|69\/100 slp\n|-curestatus|p2b: Ting-Lu|slp|[msg]\n|move|p2b: Ting-Lu|Fissure|p1b: Armarouge|[miss]\n|-miss|p2b: Ting-Lu|p1b: Armarouge\n|move|p1a: Amoonguss|Toxic|p2b: Ting-Lu\n|-status|p2b: Ting-Lu|tox\n|\n|-heal|p1a: Amoonguss|21\/100|[from] item: Black Sludge\n|-damage|p2b: Ting-Lu|63\/100 tox|[from] psn\n|upkeep\n|turn|5\n|\n|t:|1681701665\n|move|p1a: Amoonguss|Rage Powder|p1a: Amoonguss\n|-singleturn|p1a: Amoonguss|move: Rage Powder\n|move|p2a: Arcanine|Flare Blitz|p1a: Amoonguss\n|-supereffective|p1a: Amoonguss\n|-damage|p1a: Amoonguss|0 fnt\n|faint|p1a: Amoonguss\n|-damage|p2a: Arcanine|54\/100|[from] Recoil\n|move|p2b: Ting-Lu|Fissure|p1b: Armarouge\n|-enditem|p1b: Armarouge|Focus Sash\n|-damage|p1b: Armarouge|1\/100\n|move|p1b: Armarouge|Trick Room|p1b: Armarouge\n|-fieldstart|move: Trick Room|[of] p1b: Armarouge\n|\n|-damage|p2b: Ting-Lu|50\/100 tox|[from] psn\n|upkeep\n|\n|t:|1681701677\n|switch|p1a: Torkoal|Torkoal, L50, M|100\/100\n|-weather|SunnyDay|[from] ability: Drought|[of] p1a: Torkoal\n|turn|6\n|\n|t:|1681701692\n|move|p2a: Arcanine|Protect|p2a: Arcanine\n|-singleturn|p2a: Arcanine|Protect\n|move|p1a: Torkoal|Earthquake|p2a: Arcanine|[spread] p1b,p2b\n|-activate|p2a: Arcanine|move: Protect\n|-resisted|p1b: Armarouge\n|-damage|p1b: Armarouge|0 fnt\n|-damage|p2b: Ting-Lu|39\/100 tox\n|faint|p1b: Armarouge\n|move|p2b: Ting-Lu|Stomping Tantrum|p1a: Torkoal\n|-supereffective|p1a: Torkoal\n|-damage|p1a: Torkoal|54\/100\n|\n|-weather|SunnyDay|[upkeep]\n|-damage|p2b: Ting-Lu|21\/100 tox|[from] psn\n|upkeep\n|\n|t:|1681701703\n|switch|p1b: Indeedee|Indeedee-F, L50, F|100\/100\n|-fieldstart|move: Psychic Terrain|[from] ability: Psychic Surge|[of] p1b: Indeedee\n|turn|7\n|\n|t:|1681701711\n|move|p1a: Torkoal|Protect|p1a: Torkoal\n|-singleturn|p1a: Torkoal|Protect\n|move|p2b: Ting-Lu|Fissure|p1b: Indeedee\n|-damage|p1b: Indeedee|0 fnt\n|faint|p1b: Indeedee\n|-ohko\n|move|p2a: Arcanine|Wild Charge|p1a: Torkoal\n|-activate|p1a: Torkoal|move: Protect\n|\n|-weather|SunnyDay|[upkeep]\n|-damage|p2b: Ting-Lu|0 fnt|[from] psn\n|faint|p2b: Ting-Lu\n|upkeep\n|\n|t:|1681701722\n|switch|p2b: Palafin|Palafin-Hero, L50, F|100\/100\n|-activate|p2b: Palafin|ability: Zero to Hero\n|turn|8\n|-message|aquatail4567 forfeited.\n|\n|win|FlynnHunter7\n|raw|aquatail4567's rating: 1200 → 1168<\/strong> (-32 for losing)\n|raw|FlynnHunter7's rating: 1107 → 1139<\/strong> (+32 for winning)\n|l|\u2606aquatail4567\n","uploadtime":1681701729,"views":7,"p1id":"aquatail4567","p2id":"flynnhunter7","formatid":"gen9vgc2023regulationc","rating":1139,"private":0,"password":""}