{"id":"gen9vgc2023regulationc-1851740318","p1":"Norcal Local","p2":"Zerowen","format":"[Gen 9] VGC 2023 Regulation C","log":"|j|\u2606Norcal Local\n|j|\u2606Zerowen\n|t:|1682476605\n|gametype|doubles\n|player|p1|Norcal Local|brawly|\n|player|p2|Zerowen|ingo|\n|teamsize|p1|6\n|teamsize|p2|6\n|gen|9\n|tier|[Gen 9] VGC 2023 Regulation C\n|rated|Tournament battle\n|rule|Species Clause: Limit one of each Pok\u00e9mon\n|rule|Item Clause: Limit one of each item\n|clearpoke\n|poke|p1|Talonflame, L50, M|\n|poke|p1|Flutter Mane, L50|\n|poke|p1|Iron Bundle, L50|\n|poke|p1|Garchomp, L50, M|\n|poke|p1|Tyranitar, L50, M|\n|poke|p1|Amoonguss, L50, F|\n|poke|p2|Palafin, L50, F|\n|poke|p2|Corviknight, L50, M|\n|poke|p2|Flutter Mane, L50|\n|poke|p2|Amoonguss, L50, F|\n|poke|p2|Arcanine, L50, M|\n|poke|p2|Iron Thorns, L50|\n|teampreview|4\n|raw| Open Team Sheet for Norcal Local<\/summary>Talonflame @ Safety Goggles Ability: Gale Wings Level: 50 Tera Type: Ghost - Brave Bird - Tailwind - Taunt - Will-O-Wisp Flutter Mane @ Choice Specs Ability: Protosynthesis Level: 50 Tera Type: Fairy - Shadow Ball - Moonblast - Dazzling Gleam - Thunderbolt Iron Bundle @ Booster Energy Ability: Quark Drive Level: 50 Tera Type: Ghost - Freeze-Dry - Icy Wind - Hydro Pump - Protect Garchomp (M) @ Life Orb Ability: Rough Skin Level: 50 Tera Type: Fire - Stomping Tantrum - Earthquake - Dragon Claw - Protect Tyranitar (M) @ Assault Vest Ability: Sand Stream Level: 50 Tera Type: Flying - Rock Slide - Assurance - Tera Blast - Heavy Slam Amoonguss @ Sitrus Berry Ability: Regenerator Level: 50 Tera Type: Water - Protect - Pollen Puff - Spore - Rage Powder <\/details><\/div> Open Team Sheet for Zerowen<\/summary>BATMAN?!?! (Palafin) @ Mystic Water Ability: Zero to Hero Level: 50 Tera Type: Water - Wave Crash - Haze - Jet Punch - Protect Nightwing (Corviknight) @ Assault Vest Ability: Mirror Armor Level: 50 Tera Type: Fire - Brave Bird - Iron Head - U-turn - Tera Blast \ud83d\udc9c\ud83d\udc93\ud83d\udc9c (Flutter Mane) @ Booster Energy Ability: Protosynthesis Level: 50 Tera Type: Fairy - Shadow Ball - Dazzling Gleam - Moonblast - Protect SUSIMPOSTER\ud83d\udcee (Amoonguss) @ Sitrus Berry Ability: Regenerator Level: 50 Tera Type: Water - Spore - Rage Powder - Pollen Puff - Clear Smog RK9 (Arcanine) @ Safety Goggles Ability: Intimidate Level: 50 Tera Type: Water - Flare Blitz - Extreme Speed - Will-O-Wisp - Protect Iron Thorns @ Lum Berry Ability: Quark Drive Level: 50 Tera Type: Rock - Rock Slide - Wild Charge - Stone Edge - Protect <\/details><\/div>\n|inactive|Battle timer is ON: inactive players will automatically lose when time's up. (requested by Norcal Local)\n|inactive|Zerowen has 60 seconds left.\n|\n|t:|1682476682\n|start\n|switch|p1a: Talonflame|Talonflame, L50, M|100\/100\n|switch|p1b: Flutter Mane|Flutter Mane, L50|100\/100\n|switch|p2a: Nightwing|Corviknight, L50, M|100\/100\n|switch|p2b: BATMAN?!?!|Palafin, L50, F|100\/100\n|turn|1\n|\n|t:|1682476696\n|move|p1a: Talonflame|Tailwind|p1a: Talonflame\n|-sidestart|p1: Norcal Local|move: Tailwind\n|move|p1b: Flutter Mane|Shadow Ball|p2a: Nightwing\n|-damage|p2a: Nightwing|61\/100\n|move|p2b: BATMAN?!?!|Wave Crash|p1a: Talonflame\n|-supereffective|p1a: Talonflame\n|-damage|p1a: Talonflame|0 fnt\n|faint|p1a: Talonflame\n|-damage|p2b: BATMAN?!?!|72\/100|[from] Recoil\n|move|p2a: Nightwing|Iron Head|p1b: Flutter Mane\n|-supereffective|p1b: Flutter Mane\n|-damage|p1b: Flutter Mane|0 fnt\n|faint|p1b: Flutter Mane\n|-end|p1b: Flutter Mane|Protosynthesis|[silent]\n|\n|upkeep\n|\n|t:|1682476701\n|switch|p1a: Iron Bundle|Iron Bundle, L50|100\/100\n|switch|p1b: Garchomp|Garchomp, L50, M|100\/100\n|-enditem|p1a: Iron Bundle|Booster Energy\n|-activate|p1a: Iron Bundle|ability: Quark Drive|[fromitem]\n|-start|p1a: Iron Bundle|quarkdrivespe\n|turn|2\n|inactive|Zerowen has 30 seconds left.\n|\n|t:|1682476734\n|detailschange|p2b: BATMAN?!?!|Palafin-Hero, L50, F\n|switch|p2b: Iron Thorns|Iron Thorns, L50|100\/100\n|move|p1a: Iron Bundle|Hydro Pump|p2b: Iron Thorns\n|-supereffective|p2b: Iron Thorns\n|-damage|p2b: Iron Thorns|0 fnt\n|faint|p2b: Iron Thorns\n|-end|p2b: Iron Thorns|Quark Drive|[silent]\n|move|p1b: Garchomp|Stomping Tantrum|p2a: Nightwing\n|-immune|p2a: Nightwing\n|move|p2a: Nightwing|Brave Bird|p1a: Iron Bundle\n|-damage|p1a: Iron Bundle|32\/100\n|-damage|p2a: Nightwing|45\/100|[from] Recoil\n|\n|upkeep\n|\n|t:|1682476752\n|switch|p2b: \ud83d\udc9c\ud83d\udc93\ud83d\udc9c|Flutter Mane, L50|100\/100\n|-enditem|p2b: \ud83d\udc9c\ud83d\udc93\ud83d\udc9c|Booster Energy\n|-activate|p2b: \ud83d\udc9c\ud83d\udc93\ud83d\udc9c|ability: Protosynthesis|[fromitem]\n|-start|p2b: \ud83d\udc9c\ud83d\udc93\ud83d\udc9c|protosynthesisspe\n|turn|3\n|\n|t:|1682476774\n|-terastallize|p1b: Garchomp|Fire\n|move|p2b: \ud83d\udc9c\ud83d\udc93\ud83d\udc9c|Protect|p2b: \ud83d\udc9c\ud83d\udc93\ud83d\udc9c\n|-singleturn|p2b: \ud83d\udc9c\ud83d\udc93\ud83d\udc9c|Protect\n|move|p1a: Iron Bundle|Freeze-Dry|p2a: Nightwing\n|-damage|p2a: Nightwing|21\/100\n|move|p1b: Garchomp|Dragon Claw|p2a: Nightwing\n|-resisted|p2a: Nightwing\n|-damage|p2a: Nightwing|0 fnt\n|faint|p2a: Nightwing\n|-damage|p1b: Garchomp|91\/100|[from] item: Life Orb\n|\n|upkeep\n|\n|t:|1682476785\n|switch|p2a: BATMAN?!?!|Palafin-Hero, L50, F|72\/100\n|-activate|p2a: BATMAN?!?!|ability: Zero to Hero\n|turn|4\n|\n|t:|1682476798\n|-terastallize|p2a: BATMAN?!?!|Water\n|move|p1b: Garchomp|Protect|p1b: Garchomp\n|-singleturn|p1b: Garchomp|Protect\n|move|p2a: BATMAN?!?!|Jet Punch|p1b: Garchomp\n|-activate|p1b: Garchomp|move: Protect\n|move|p1a: Iron Bundle|Freeze-Dry|p2a: BATMAN?!?!\n|-supereffective|p2a: BATMAN?!?!\n|-damage|p2a: BATMAN?!?!|5\/100\n|move|p2b: \ud83d\udc9c\ud83d\udc93\ud83d\udc9c|Moonblast|p1a: Iron Bundle\n|-damage|p1a: Iron Bundle|0 fnt\n|faint|p1a: Iron Bundle\n|-end|p1a: Iron Bundle|Quark Drive|[silent]\n|\n|-sideend|p1: Norcal Local|move: Tailwind\n|upkeep\n|turn|5\n|\n|t:|1682476810\n|move|p2a: BATMAN?!?!|Jet Punch|p1b: Garchomp\n|-supereffective|p1b: Garchomp\n|-damage|p1b: Garchomp|0 fnt\n|-damage|p2a: BATMAN?!?!|0 fnt|[from] ability: Rough Skin|[of] p1b: Garchomp\n|faint|p1b: Garchomp\n|faint|p2a: BATMAN?!?!\n|\n|win|Zerowen\n|n|\u2606Norcal Local|norcallocal\n|n|\u2606Zerowen|zerowen\n|c|\u2606Norcal Local|gg\n|l|\u2606Norcal Local\n","uploadtime":1682476848,"views":12,"p1id":"norcallocal","p2id":"zerowen","formatid":"gen9vgc2023regulationc","rating":0,"private":0,"password":""}