{"id":"gen9vgc2023regulationc-1864339715","p1":"Humanberrito 2.0","p2":"mafumafusimpsimp","format":"[Gen 9] VGC 2023 Regulation C","log":"|j|\u2606Humanberrito 2.0\n|j|\u2606mafumafusimpsimp\n|t:|1684157289\n|gametype|doubles\n|player|p1|Humanberrito 2.0|unknown|\n|player|p2|mafumafusimpsimp|crasherwake|\n|teamsize|p1|6\n|teamsize|p2|6\n|gen|9\n|tier|[Gen 9] VGC 2023 Regulation C\n|rated|Tournament battle\n|rule|Species Clause: Limit one of each Pok\u00e9mon\n|rule|Item Clause: Limit one of each item\n|clearpoke\n|poke|p1|Flutter Mane, L50|\n|poke|p1|Ting-Lu, L50|\n|poke|p1|Arcanine, L50, F|\n|poke|p1|Palafin, L50, M|\n|poke|p1|Chien-Pao, L50|\n|poke|p1|Talonflame, L50, F|\n|poke|p2|Breloom, L50, F|\n|poke|p2|Chien-Pao, L50|\n|poke|p2|Flutter Mane, L50|\n|poke|p2|Kingambit, L50, F|\n|poke|p2|Iron Hands, L50|\n|poke|p2|Iron Bundle, L50|\n|teampreview|4\n|raw| Open Team Sheet for Humanberrito 2.0<\/summary>Flutter Mane @ Choice Specs Ability: Protosynthesis Level: 50 Tera Type: Fairy - Moonblast - Shadow Ball - Dazzling Gleam - Energy Ball Ting-Lu @ Assault Vest Ability: Vessel of Ruin Level: 50 Tera Type: Steel - Fissure - Stomping Tantrum - Body Press - Mud-Slap Arcanine @ Safety Goggles Ability: Intimidate Level: 50 Tera Type: Ghost - Flare Blitz - Will-O-Wisp - Extreme Speed - Protect Palafin @ Mystic Water Ability: Zero to Hero Level: 50 Tera Type: Water - Jet Punch - Wave Crash - Haze - Protect Chien-Pao @ Focus Sash Ability: Sword of Ruin Level: 50 Tera Type: Ghost - Ice Spinner - Sucker Punch - Sacred Sword - Protect Talonflame @ Covert Cloak Ability: Gale Wings Level: 50 Tera Type: Fire - Brave Bird - Taunt - Will-O-Wisp - Tailwind <\/details><\/div> Open Team Sheet for mafumafusimpsimp<\/summary>Bredoom (Breloom) @ Focus Sash Ability: Technician Level: 50 Tera Type: Fighting - Bullet Seed - Mach Punch - Rock Tomb - Spore Cat (Chien-Pao) @ Life Orb Ability: Sword of Ruin Level: 50 Tera Type: Ghost - Protect - Ice Spinner - Sucker Punch - Sacred Sword Flutter Pain (Flutter Mane) @ Booster Energy Ability: Protosynthesis Level: 50 Tera Type: Fairy - Dazzling Gleam - Moonblast - Shadow Ball - Protect Queen Gambit (Kingambit) (F) @ Safety Goggles Ability: Defiant Level: 50 Tera Type: Flying - Tera Blast - Iron Head - Swords Dance - Sucker Punch Only Hands (Iron Hands) @ Clear Amulet Ability: Quark Drive Level: 50 Tera Type: Fire - Swords Dance - Drain Punch - Thunder Punch - Protect Iron Fumble (Iron Bundle) @ Covert Cloak Ability: Quark Drive Level: 50 Tera Type: Ghost - Protect - Freeze-Dry - Hydro Pump - Encore <\/details><\/div>\n|c|\u2606mafumafusimpsimp|glhf\n|c|\u2606Humanberrito 2.0|U2\n|j| SaltedBagel\n|\n|t:|1684157334\n|start\n|switch|p1a: Flutter Mane|Flutter Mane, L50|100\/100\n|switch|p1b: Talonflame|Talonflame, L50, F|100\/100\n|switch|p2a: Iron Fumble|Iron Bundle, L50|100\/100\n|switch|p2b: Queen Gambit|Kingambit, L50, F|100\/100\n|turn|1\n|\n|t:|1684157362\n|-terastallize|p1a: Flutter Mane|Fairy\n|move|p1b: Talonflame|Tailwind|p1b: Talonflame\n|-sidestart|p1: Humanberrito 2.0|move: Tailwind\n|move|p1a: Flutter Mane|Dazzling Gleam|p2b: Queen Gambit|[spread] p2a,p2b\n|-damage|p2a: Iron Fumble|0 fnt\n|-damage|p2b: Queen Gambit|46\/100\n|faint|p2a: Iron Fumble\n|-end|p2a: Iron Fumble|Quark Drive|[silent]\n|move|p2b: Queen Gambit|Swords Dance|p2b: Queen Gambit\n|-boost|p2b: Queen Gambit|atk|2\n|\n|upkeep\n|\n|t:|1684157368\n|switch|p2a: Cat|Chien-Pao, L50|100\/100\n|-ability|p2a: Cat|Sword of Ruin\n|turn|2\n|\n|t:|1684157380\n|move|p2a: Cat|Sucker Punch|p1a: Flutter Mane\n|-resisted|p1a: Flutter Mane\n|-crit|p1a: Flutter Mane\n|-damage|p1a: Flutter Mane|20\/100\n|-damage|p2a: Cat|91\/100|[from] item: Life Orb\n|move|p2b: Queen Gambit|Sucker Punch|p1a: Flutter Mane\n|-resisted|p1a: Flutter Mane\n|-damage|p1a: Flutter Mane|0 fnt\n|faint|p1a: Flutter Mane\n|-end|p1a: Flutter Mane|Protosynthesis|[silent]\n|move|p1b: Talonflame|Will-O-Wisp|p2b: Queen Gambit\n|-status|p2b: Queen Gambit|brn\n|\n|-damage|p2b: Queen Gambit|41\/100 brn|[from] brn\n|upkeep\n|l| SaltedBagel\n|\n|t:|1684157390\n|switch|p1a: Chien-Pao|Chien-Pao, L50|100\/100\n|-ability|p1a: Chien-Pao|Sword of Ruin\n|turn|3\n|\n|t:|1684157416\n|-terastallize|p2a: Cat|Ghost\n|move|p1a: Chien-Pao|Protect|p1a: Chien-Pao\n|-singleturn|p1a: Chien-Pao|Protect\n|move|p1b: Talonflame|Brave Bird|p2b: Queen Gambit\n|-resisted|p2b: Queen Gambit\n|-damage|p2b: Queen Gambit|19\/100 brn\n|-damage|p1b: Talonflame|92\/100|[from] Recoil\n|move|p2b: Queen Gambit|Sucker Punch||[still]\n|-fail|p2b: Queen Gambit\n|move|p2a: Cat|Sacred Sword|p1a: Chien-Pao\n|-activate|p1a: Chien-Pao|move: Protect\n|\n|-damage|p2b: Queen Gambit|13\/100 brn|[from] brn\n|upkeep\n|turn|4\n|j| La Strada\n|\n|t:|1684157432\n|switch|p1a: Arcanine|Arcanine, L50, F|100\/100\n|-ability|p1a: Arcanine|Intimidate|boost\n|-unboost|p2a: Cat|atk|1\n|-unboost|p2b: Queen Gambit|atk|1\n|-ability|p2b: Queen Gambit|Defiant|boost\n|-boost|p2b: Queen Gambit|atk|2\n|move|p2a: Cat|Protect|p2a: Cat\n|-singleturn|p2a: Cat|Protect\n|move|p2b: Queen Gambit|Sucker Punch||[still]\n|-fail|p2b: Queen Gambit\n|move|p1b: Talonflame|Will-O-Wisp|p2a: Cat\n|-activate|p2a: Cat|move: Protect\n|\n|-damage|p2b: Queen Gambit|7\/100 brn|[from] brn\n|-sideend|p1: Humanberrito 2.0|move: Tailwind\n|upkeep\n|turn|5\n|\n|t:|1684157453\n|switch|p2a: Bredoom|Breloom, L50, F|100\/100\n|move|p1a: Arcanine|Protect|p1a: Arcanine\n|-singleturn|p1a: Arcanine|Protect\n|move|p1b: Talonflame|Will-O-Wisp|p2a: Bredoom\n|-status|p2a: Bredoom|brn\n|move|p2b: Queen Gambit|Iron Head|p1b: Talonflame\n|-resisted|p1b: Talonflame\n|-damage|p1b: Talonflame|51\/100\n|\n|-damage|p2a: Bredoom|95\/100 brn|[from] brn\n|-damage|p2b: Queen Gambit|1\/100 brn|[from] brn\n|upkeep\n|turn|6\n|\n|t:|1684157481\n|move|p1a: Arcanine|Protect||[still]\n|-fail|p1a: Arcanine\n|move|p2b: Queen Gambit|Sucker Punch||[still]\n|-fail|p2b: Queen Gambit\n|move|p1b: Talonflame|Taunt|p2a: Bredoom\n|-start|p2a: Bredoom|move: Taunt\n|cant|p2a: Bredoom|move: Taunt|Spore\n|\n|-damage|p2a: Bredoom|89\/100 brn|[from] brn\n|-damage|p2b: Queen Gambit|0 fnt|[from] brn\n|faint|p2b: Queen Gambit\n|upkeep\n|\n|t:|1684157485\n|switch|p2b: Cat|Chien-Pao, L50, tera:Ghost|91\/100\n|-ability|p2b: Cat|Sword of Ruin\n|turn|7\n|\n|t:|1684157513\n|move|p2b: Cat|Protect|p2b: Cat\n|-singleturn|p2b: Cat|Protect\n|move|p1b: Talonflame|Brave Bird|p2a: Bredoom\n|-supereffective|p2a: Bredoom\n|-damage|p2a: Bredoom|0 fnt\n|faint|p2a: Bredoom\n|-damage|p1b: Talonflame|27\/100|[from] Recoil\n|move|p1a: Arcanine|Will-O-Wisp|p2b: Cat\n|-activate|p2b: Cat|move: Protect\n|\n|upkeep\n|turn|8\n|\n|t:|1684157522\n|move|p2b: Cat|Sacred Sword|p1a: Arcanine\n|-damage|p1a: Arcanine|46\/100\n|-damage|p2b: Cat|81\/100|[from] item: Life Orb\n|move|p1b: Talonflame|Will-O-Wisp|p2b: Cat\n|-status|p2b: Cat|brn\n|move|p1a: Arcanine|Will-O-Wisp|p2b: Cat\n|-fail|p2b: Cat|brn\n|\n|-damage|p2b: Cat|75\/100 brn|[from] brn\n|upkeep\n|turn|9\n|\n|t:|1684157530\n|move|p2b: Cat|Sacred Sword|p1a: Arcanine\n|-damage|p1a: Arcanine|21\/100\n|-damage|p2b: Cat|66\/100 brn|[from] item: Life Orb\n|move|p1b: Talonflame|Brave Bird|p2b: Cat\n|-crit|p2b: Cat\n|-damage|p2b: Cat|0 fnt\n|faint|p2b: Cat\n|-damage|p1b: Talonflame|7\/100|[from] Recoil\n|\n|win|Humanberrito 2.0\n|n|\u2606Humanberrito 2.0|humanberrito20\n|n|\u2606mafumafusimpsimp|mafumafusimpsimp\n|n| La Strada|lastrada\n|c|\u2606mafumafusimpsimp|gg\n|l|\u2606mafumafusimpsimp\n|c|\u2606Humanberrito 2.0|Gg\n|j| bobdward\n|l| La Strada\n|j| TheRealMination\n|l| TheRealMination\n|l| bobdward\n","uploadtime":1684157531,"views":4,"p1id":"humanberrito20","p2id":"mafumafusimpsimp","formatid":"gen9vgc2023regulationc","rating":0,"private":0,"password":""}