{"id":"gen9vgc2023regulationc-1845961485","p1":"elegyy","p2":"torwildheart","format":"[Gen 9] VGC 2023 Regulation C","log":"|j|\u2606elegyy\n|j|\u2606torwildheart\n|t:|1681784291\n|gametype|doubles\n|player|p1|elegyy|pokemonbreederf|\n|player|p2|torwildheart|teamrocket|\n|teamsize|p1|6\n|teamsize|p2|6\n|gen|9\n|tier|[Gen 9] VGC 2023 Regulation C\n|rated|Tournament battle\n|rule|Species Clause: Limit one of each Pok\u00e9mon\n|rule|Item Clause: Limit one of each item\n|clearpoke\n|poke|p1|Garganacl, L50, M|\n|poke|p1|Dondozo, L50, F|\n|poke|p1|Tatsugiri, L50, F|\n|poke|p1|Ting-Lu, L50|\n|poke|p1|Flutter Mane, L50|\n|poke|p1|Dragonite, L50, F|\n|poke|p2|Iron Bundle, L50|\n|poke|p2|Ting-Lu, L50|\n|poke|p2|Ceruledge, L50, F|\n|poke|p2|Amoonguss, L50, F|\n|poke|p2|Flutter Mane, L50|\n|poke|p2|Tauros-Paldea-Aqua, L50, M|\n|teampreview|4\n|raw| Open Team Sheet for elegyy<\/summary>Garganacl @ Sitrus Berry Ability: Purifying Salt Level: 50 Tera Type: Ghost - Stealth Rock - Salt Cure - Protect - Recover Dondozo @ Leftovers Ability: Unaware Level: 50 Tera Type: Grass - Yawn - Earthquake - Wave Crash - Protect Tatsugiri @ Choice Scarf Ability: Commander Level: 50 Tera Type: Steel - Draco Meteor - Muddy Water - Dragon Pulse - Sleep Talk Ting-Lu @ Safety Goggles Ability: Vessel of Ruin Level: 50 Tera Type: Poison - Ruination - Spikes - Heavy Slam - Protect Flutter Mane @ Choice Specs Ability: Protosynthesis Level: 50 Tera Type: Fairy - Moonblast - Dazzling Gleam - Shadow Ball - Thunderbolt Dragonite @ Assault Vest Ability: Multiscale Level: 50 Tera Type: Flying - Extreme Speed - Outrage - Low Kick - Tera Blast <\/details><\/div> Open Team Sheet for torwildheart<\/summary>FuturamaS2E4 (Iron Bundle) @ Booster Energy Ability: Quark Drive Level: 50 Tera Type: Water - Freeze-Dry - Icy Wind - Hydro Pump - Protect Drink Me (Ting-Lu) @ Assault Vest Ability: Vessel of Ruin Level: 50 Tera Type: Water - Heavy Slam - Fissure - Stomping Tantrum - Body Press Ow The Edge (Ceruledge) @ Clear Amulet Ability: Flash Fire Level: 50 Tera Type: Grass - Bitter Blade - Shadow Sneak - Bulk Up - Protect Sus (Amoonguss) @ Rocky Helmet Ability: Regenerator Level: 50 Tera Type: Water - Spore - Rage Powder - Pollen Puff - Protect Banned (Flutter Mane) @ Choice Specs Ability: Protosynthesis Level: 50 Tera Type: Fairy - Moonblast - Shadow Ball - Dazzling Gleam - Power Gem Agua Furiosa (Tauros-Paldea-Aqua) (M) @ Mirror Herb Ability: Intimidate Level: 50 Tera Type: Fire - Aqua Jet - Raging Bull - Close Combat - Protect <\/details><\/div>\n|j| GamerBiden\n|j| Rybot.v2\n|j| Iancrix\n|j| WeirdPolyCouple\n|j| Someone#58\n|c|\u2606elegyy|glhf\n|j|%Borghi\n|\n|t:|1681784341\n|start\n|switch|p1a: Garganacl|Garganacl, L50, M|100\/100\n|switch|p1b: Flutter Mane|Flutter Mane, L50|100\/100\n|switch|p2a: Banned|Flutter Mane, L50|100\/100\n|switch|p2b: FuturamaS2E4|Iron Bundle, L50|100\/100\n|-enditem|p2b: FuturamaS2E4|Booster Energy\n|-activate|p2b: FuturamaS2E4|ability: Quark Drive|[fromitem]\n|-start|p2b: FuturamaS2E4|quarkdrivespe\n|turn|1\n|\n|t:|1681784358\n|-terastallize|p1b: Flutter Mane|Fairy\n|move|p2b: FuturamaS2E4|Icy Wind|p1b: Flutter Mane|[spread] p1a,p1b\n|-damage|p1a: Garganacl|86\/100\n|-damage|p1b: Flutter Mane|79\/100\n|-unboost|p1a: Garganacl|spe|1\n|-unboost|p1b: Flutter Mane|spe|1\n|move|p2a: Banned|Dazzling Gleam|p1a: Garganacl|[spread] p1a,p1b\n|-damage|p1a: Garganacl|54\/100\n|-damage|p1b: Flutter Mane|26\/100\n|move|p1b: Flutter Mane|Shadow Ball|p2b: FuturamaS2E4\n|-damage|p2b: FuturamaS2E4|0 fnt\n|faint|p2b: FuturamaS2E4\n|-end|p2b: FuturamaS2E4|Quark Drive|[silent]\n|move|p1a: Garganacl|Stealth Rock|p2a: Banned\n|-sidestart|p2: torwildheart|move: Stealth Rock\n|\n|upkeep\n|\n|t:|1681784370\n|switch|p2b: Agua Furiosa|Tauros-Paldea-Aqua, L50, M|100\/100\n|-damage|p2b: Agua Furiosa|94\/100|[from] Stealth Rock\n|-ability|p2b: Agua Furiosa|Intimidate|boost\n|-unboost|p1a: Garganacl|atk|1\n|-unboost|p1b: Flutter Mane|atk|1\n|turn|2\n|\n|t:|1681784379\n|-end|p1b: Flutter Mane|Protosynthesis|[silent]\n|switch|p1b: Ting-Lu|Ting-Lu, L50|100\/100\n|-ability|p1b: Ting-Lu|Vessel of Ruin\n|switch|p1a: Dondozo|Dondozo, L50, F|100\/100\n|move|p2a: Banned|Dazzling Gleam|p1a: Dondozo|[spread] p1a,p1b\n|-supereffective|p1b: Ting-Lu\n|-damage|p1a: Dondozo|72\/100\n|-damage|p1b: Ting-Lu|54\/100\n|move|p2b: Agua Furiosa|Raging Bull|p1a: Dondozo\n|-resisted|p1a: Dondozo\n|-damage|p1a: Dondozo|57\/100\n|\n|-heal|p1a: Dondozo|63\/100|[from] item: Leftovers\n|upkeep\n|turn|3\n|l|%Borghi\n|\n|t:|1681784422\n|move|p1b: Ting-Lu|Protect|p1b: Ting-Lu\n|-singleturn|p1b: Ting-Lu|Protect\n|move|p2a: Banned|Dazzling Gleam|p1b: Ting-Lu|[spread] p1a\n|-activate|p1b: Ting-Lu|move: Protect\n|-damage|p1a: Dondozo|34\/100\n|move|p2b: Agua Furiosa|Raging Bull|p1b: Ting-Lu\n|-activate|p1b: Ting-Lu|move: Protect\n|move|p1a: Dondozo|Yawn|p2b: Agua Furiosa\n|-start|p2b: Agua Furiosa|move: Yawn|[of] p1a: Dondozo\n|\n|-heal|p1a: Dondozo|40\/100|[from] item: Leftovers\n|upkeep\n|turn|4\n|j|%Borghi\n|j| The2009Zapdos\n|\n|t:|1681784443\n|switch|p2b: Drink Me|Ting-Lu, L50|100\/100\n|-damage|p2b: Drink Me|94\/100|[from] Stealth Rock\n|-ability|p2b: Drink Me|Vessel of Ruin\n|move|p2a: Banned|Dazzling Gleam|p1b: Ting-Lu|[spread] p1a,p1b\n|-supereffective|p1b: Ting-Lu\n|-damage|p1a: Dondozo|10\/100\n|-damage|p1b: Ting-Lu|8\/100\n|move|p1a: Dondozo|Wave Crash|p2a: Banned\n|-damage|p2a: Banned|4\/100\n|-damage|p1a: Dondozo|0 fnt|[from] Recoil\n|faint|p1a: Dondozo\n|move|p1b: Ting-Lu|Heavy Slam|p2a: Banned\n|-supereffective|p2a: Banned\n|-damage|p2a: Banned|0 fnt\n|faint|p2a: Banned\n|-end|p2a: Banned|Protosynthesis|[silent]\n|\n|upkeep\n|\n|t:|1681784459\n|switch|p2a: Agua Furiosa|Tauros-Paldea-Aqua, L50, M|94\/100\n|switch|p1a: Garganacl|Garganacl, L50, M|54\/100\n|-damage|p2a: Agua Furiosa|88\/100|[from] Stealth Rock\n|-ability|p2a: Agua Furiosa|Intimidate|boost\n|-unboost|p1a: Garganacl|atk|1\n|-unboost|p1b: Ting-Lu|atk|1\n|turn|5\n|l| The2009Zapdos\n|\n|t:|1681784470\n|move|p1b: Ting-Lu|Protect|p1b: Ting-Lu\n|-singleturn|p1b: Ting-Lu|Protect\n|move|p2a: Agua Furiosa|Aqua Jet|p1b: Ting-Lu\n|-activate|p1b: Ting-Lu|move: Protect\n|move|p2b: Drink Me|Fissure|p1a: Garganacl\n|-damage|p1a: Garganacl|0 fnt\n|faint|p1a: Garganacl\n|-ohko\n|\n|upkeep\n|c|\u2606torwildheart|gg\n|-message|elegyy forfeited.\n|\n|win|torwildheart\n|n|\u2606elegyy|elegyy\n|n|\u2606torwildheart|torwildheart\n|n| GamerBiden|gamerbiden\n|n| Rybot.v2|rybotv2\n|n| Iancrix|iancrix\n|n| WeirdPolyCouple|weirdpolycouple\n|n| Someone#58|someone58\n|n| Borghi|borghi\n|l|\u2606elegyy\n","uploadtime":1681784483,"views":12,"p1id":"elegyy","p2id":"torwildheart","formatid":"gen9vgc2023regulationc","rating":0,"private":0,"password":""}