{"id":"gen9vgc2023regulationc-1862391446","p1":"aaooa","p2":"DjSmooke","format":"[Gen 9] VGC 2023 Regulation C","log":"|j|\u2606aaooa\n|j|\u2606DjSmooke\n|t:|1683878254\n|gametype|doubles\n|player|p1|aaooa|102|1098\n|player|p2|DjSmooke|102|1023\n|teamsize|p1|6\n|teamsize|p2|6\n|gen|9\n|tier|[Gen 9] VGC 2023 Regulation C\n|rated|\n|rule|Species Clause: Limit one of each Pok\u00e9mon\n|rule|Item Clause: Limit one of each item\n|clearpoke\n|poke|p1|Rabsca, L50, F|\n|poke|p1|Dudunsparce-*, L50, F|\n|poke|p1|Meowscarada, L50, F|\n|poke|p1|Farigiraf, L50, M|\n|poke|p1|Garganacl, L50, F|\n|poke|p1|Annihilape, L50, F|\n|poke|p2|Annihilape, L50, F|\n|poke|p2|Maushold, L50|\n|poke|p2|Gholdengo, L50|\n|poke|p2|Iron Bundle, L50|\n|poke|p2|Roaring Moon, L50|\n|poke|p2|Arcanine, L50, F|\n|teampreview|4\n|\n|t:|1683878293\n|start\n|switch|p1a: Meowscarada|Meowscarada, L50, F|100\/100\n|switch|p1b: Garganacl|Garganacl, L50, F|100\/100\n|switch|p2a: A|Annihilape, L50, F, shiny|100\/100\n|switch|p2b: E|Maushold, L50, shiny|100\/100\n|turn|1\n|inactive|Battle timer is ON: inactive players will automatically lose when time's up. (requested by DjSmooke)\n|\n|t:|1683878381\n|-terastallize|p1a: Meowscarada|Dark\n|move|p1a: Meowscarada|Sucker Punch||[still]\n|-fail|p1a: Meowscarada\n|move|p2b: E|Beat Up|p2a: A\n|-damage|p2a: A|98\/100\n|-damage|p2a: A|96\/100\n|-damage|p2a: A|94\/100\n|-damage|p2a: A|92\/100\n|-hitcount|p2a: A|4\n|move|p2a: A|Bulk Up|p2a: A\n|-boost|p2a: A|atk|1\n|-boost|p2a: A|def|1\n|move|p1b: Garganacl|Salt Cure|p2b: E\n|-damage|p2b: E|83\/100\n|-start|p2b: E|Salt Cure\n|\n|-damage|p2b: E|71\/100|[from] Salt Cure\n|upkeep\n|turn|2\n|inactive|DjSmooke has 30 seconds left.\n|inactive|aaooa has 30 seconds left.\n|inactive|DjSmooke has 20 seconds left.\n|inactive|aaooa has 20 seconds left.\n|\n|t:|1683878425\n|switch|p1b: Annihilape|Annihilape, L50, F|100\/100\n|-terastallize|p2a: A|Water\n|move|p2b: E|Follow Me|p2b: E\n|-singleturn|p2b: E|move: Follow Me\n|move|p1a: Meowscarada|Flower Trick|p2b: E\n|-crit|p2b: E\n|-damage|p2b: E|0 fnt\n|faint|p2b: E\n|-damage|p1a: Meowscarada|91\/100|[from] item: Life Orb\n|move|p2a: A|Drain Punch|p1b: Annihilape\n|-immune|p1b: Annihilape\n|\n|upkeep\n|\n|t:|1683878436\n|switch|p2b: O|Iron Bundle, L50|100\/100\n|turn|3\n|\n|t:|1683878446\n|move|p2b: O|Icy Wind|p1b: Annihilape|[spread] p1a,p1b\n|-damage|p1a: Meowscarada|59\/100\n|-damage|p1b: Annihilape|84\/100\n|-unboost|p1a: Meowscarada|spe|1\n|-unboost|p1b: Annihilape|spe|1\n|-ability|p1b: Annihilape|Defiant|boost\n|-boost|p1b: Annihilape|atk|2\n|move|p2a: A|Rage Fist|p1b: Annihilape\n|-supereffective|p1b: Annihilape\n|-damage|p1b: Annihilape|0 fnt\n|faint|p1b: Annihilape\n|move|p1a: Meowscarada|Flower Trick|p2a: A\n|-supereffective|p2a: A\n|-crit|p2a: A\n|-damage|p2a: A|0 fnt\n|faint|p2a: A\n|-damage|p1a: Meowscarada|49\/100|[from] item: Life Orb\n|\n|upkeep\n|\n|t:|1683878460\n|switch|p2a: I|Gholdengo, L50|100\/100\n|switch|p1b: Garganacl|Garganacl, L50, F|100\/100\n|turn|4\n|\n|t:|1683878470\n|move|p1b: Garganacl|Wide Guard|p1b: Garganacl\n|-singleturn|p1b: Garganacl|Wide Guard\n|move|p1a: Meowscarada|Sucker Punch||[still]\n|-fail|p1a: Meowscarada\n|move|p2b: O|Icy Wind|p1b: Garganacl|[spread] \n|-activate|p1a: Meowscarada|move: Wide Guard\n|-activate|p1b: Garganacl|move: Wide Guard\n|move|p2a: I|Nasty Plot|p2a: I\n|-boost|p2a: I|spa|2\n|\n|upkeep\n|turn|5\n|\n|t:|1683878493\n|move|p1b: Garganacl|Wide Guard|p1b: Garganacl\n|-singleturn|p1b: Garganacl|Wide Guard\n|move|p1a: Meowscarada|Sucker Punch||[still]\n|-fail|p1a: Meowscarada\n|move|p2b: O|Encore|p1a: Meowscarada\n|-start|p1a: Meowscarada|Encore\n|move|p2a: I|Nasty Plot|p2a: I\n|-boost|p2a: I|spa|2\n|\n|upkeep\n|turn|6\n|\n|t:|1683878514\n|move|p1a: Meowscarada|Sucker Punch||[still]\n|-fail|p1a: Meowscarada\n|move|p2b: O|Encore|p1b: Garganacl\n|-start|p1b: Garganacl|Encore\n|move|p2a: I|Nasty Plot|p2a: I\n|-boost|p2a: I|spa|2\n|move|p1b: Garganacl|Wide Guard||[still]\n|-fail|p1b: Garganacl\n|\n|upkeep\n|turn|7\n|\n|t:|1683878531\n|switch|p1a: Farigiraf|Farigiraf, L50, M|100\/100\n|move|p1b: Garganacl|Wide Guard|p1b: Garganacl\n|-singleturn|p1b: Garganacl|Wide Guard\n|move|p2b: O|Freeze-Dry|p1a: Farigiraf\n|-damage|p1a: Farigiraf|79\/100\n|move|p2a: I|Shadow Ball|p1a: Farigiraf\n|-immune|p1a: Farigiraf\n|\n|upkeep\n|turn|8\n|inactive|aaooa has 30 seconds left.\n|inactive|DjSmooke has 30 seconds left.\n|\n|t:|1683878571\n|move|p1b: Garganacl|Wide Guard|p1b: Garganacl\n|-singleturn|p1b: Garganacl|Wide Guard\n|move|p2b: O|Freeze-Dry|p1a: Farigiraf\n|-damage|p1a: Farigiraf|57\/100\n|move|p2a: I|Shadow Ball|p1b: Garganacl\n|-damage|p1b: Garganacl|29\/100\n|move|p1a: Farigiraf|Trick Room|p1a: Farigiraf\n|-fieldstart|move: Trick Room|[of] p1a: Farigiraf\n|-enditem|p1a: Farigiraf|Room Service\n|-unboost|p1a: Farigiraf|spe|1|[from] item: Room Service\n|\n|-heal|p1b: Garganacl|35\/100|[from] item: Leftovers\n|-end|p1b: Garganacl|Encore\n|upkeep\n|turn|9\n|inactive|aaooa has 30 seconds left.\n|inactive|DjSmooke has 30 seconds left.\n|inactive|aaooa has 20 seconds left.\n|inactive|DjSmooke has 20 seconds left.\n|\n|t:|1683878611\n|move|p1b: Garganacl|Wide Guard|p1b: Garganacl\n|-singleturn|p1b: Garganacl|Wide Guard\n|move|p1a: Farigiraf|Psyshock|p2a: I\n|-resisted|p2a: I\n|-damage|p2a: I|85\/100\n|move|p2a: I|Make It Rain|p1a: Farigiraf|[spread] \n|-activate|p1a: Farigiraf|move: Wide Guard\n|-activate|p1b: Garganacl|move: Wide Guard\n|move|p2b: O|Icy Wind|p1b: Garganacl|[spread] \n|-activate|p1a: Farigiraf|move: Wide Guard\n|-activate|p1b: Garganacl|move: Wide Guard\n|\n|-heal|p1b: Garganacl|41\/100|[from] item: Leftovers\n|-heal|p2a: I|91\/100|[from] item: Leftovers\n|upkeep\n|turn|10\n|\n|t:|1683878630\n|switch|p1a: Meowscarada|Meowscarada, L50, F, tera:Dark|49\/100\n|move|p1b: Garganacl|Wide Guard|p1b: Garganacl\n|-singleturn|p1b: Garganacl|Wide Guard\n|move|p2a: I|Shadow Ball|p1b: Garganacl\n|-damage|p1b: Garganacl|0 fnt\n|faint|p1b: Garganacl\n|move|p2b: O|Freeze-Dry|p1a: Meowscarada\n|-damage|p1a: Meowscarada|0 fnt\n|faint|p1a: Meowscarada\n|\n|-heal|p2a: I|97\/100|[from] item: Leftovers\n|upkeep\n|\n|t:|1683878641\n|switch|p1b: Farigiraf|Farigiraf, L50, M|57\/100\n|turn|11\n|\n|t:|1683878652\n|move|p2b: O|Protect|p2b: O\n|-singleturn|p2b: O|Protect\n|move|p1b: Farigiraf|Ally Switch||[still]\n|-fail|p1b: Farigiraf\n|move|p2a: I|Make It Rain|p1b: Farigiraf\n|-damage|p1b: Farigiraf|0 fnt\n|-unboost|p2a: I|spa|1\n|faint|p1b: Farigiraf\n|\n|win|DjSmooke\n|raw|aaooa's rating: 1098 → 1068<\/strong> (-30 for losing)\n|raw|DjSmooke's rating: 1023 → 1067<\/strong> (+44 for winning)\n","uploadtime":1683878670,"views":9,"p1id":"aaooa","p2id":"djsmooke","formatid":"gen9vgc2023regulationc","rating":1067,"private":0,"password":""}