{"id":"gen9vgc2023regulationc-1846159153","p1":"IMissplayALot","p2":"johnny99ep","format":"[Gen 9] VGC 2023 Regulation C","log":"|j|\u2606IMissplayALot\n|j|\u2606johnny99ep\n|t:|1681815291\n|gametype|doubles\n|player|p1|IMissplayALot|nate|1239\n|player|p2|johnny99ep|artist-gen4|1150\n|teamsize|p1|6\n|teamsize|p2|6\n|gen|9\n|tier|[Gen 9] VGC 2023 Regulation C\n|rated|\n|rule|Species Clause: Limit one of each Pok\u00e9mon\n|rule|Item Clause: Limit one of each item\n|clearpoke\n|poke|p1|Kingambit, L50, M|\n|poke|p1|Azumarill, L50, F|\n|poke|p1|Ting-Lu, L50|\n|poke|p1|Arcanine, L50, M|\n|poke|p1|Amoonguss, L50, M|\n|poke|p1|Flutter Mane, L50|\n|poke|p2|Gothitelle, L50, M|\n|poke|p2|Scream Tail, L50|\n|poke|p2|Flutter Mane, L50|\n|poke|p2|Arcanine, L50, F|\n|poke|p2|Palafin, L50, F|\n|poke|p2|Amoonguss, L50, F|\n|teampreview|4\n|inactive|Battle timer is ON: inactive players will automatically lose when time's up. (requested by johnny99ep)\n|inactive|IMissplayALot has 60 seconds left.\n|\n|t:|1681815322\n|start\n|switch|p1a: Flutter Mane|Flutter Mane, L50|100\/100\n|switch|p1b: Kingambit|Kingambit, L50, M|100\/100\n|switch|p2a: Grim Shady|Flutter Mane, L50|100\/100\n|switch|p2b: Addams|Gothitelle, L50, M|100\/100\n|-enditem|p1a: Flutter Mane|Booster Energy\n|-activate|p1a: Flutter Mane|ability: Protosynthesis|[fromitem]\n|-start|p1a: Flutter Mane|protosynthesisspa\n|turn|1\n|inactive|IMissplayALot has 30 seconds left.\n|\n|t:|1681815354\n|-terastallize|p1a: Flutter Mane|Fairy\n|move|p2b: Addams|Fake Out|p1b: Kingambit\n|-resisted|p1b: Kingambit\n|-damage|p1b: Kingambit|99\/100\n|move|p2a: Grim Shady|Shadow Ball|p1a: Flutter Mane\n|-damage|p1a: Flutter Mane|66\/100\n|-unboost|p1a: Flutter Mane|spd|1\n|move|p1a: Flutter Mane|Shadow Ball|p2b: Addams\n|-supereffective|p2b: Addams\n|-damage|p2b: Addams|23\/100\n|-enditem|p2b: Addams|Sitrus Berry|[eat]\n|-heal|p2b: Addams|47\/100|[from] item: Sitrus Berry\n|cant|p1b: Kingambit|flinch\n|\n|upkeep\n|turn|2\n|inactive|johnny99ep has 30 seconds left.\n|\n|t:|1681815386\n|move|p2a: Grim Shady|Protect|p2a: Grim Shady\n|-singleturn|p2a: Grim Shady|Protect\n|move|p1a: Flutter Mane|Protect|p1a: Flutter Mane\n|-singleturn|p1a: Flutter Mane|Protect\n|move|p2b: Addams|Psychic|p1a: Flutter Mane\n|-activate|p1a: Flutter Mane|move: Protect\n|move|p1b: Kingambit|Swords Dance|p1b: Kingambit\n|-boost|p1b: Kingambit|atk|2\n|\n|upkeep\n|turn|3\n|l|\u2606johnny99ep\n|inactive|johnny99ep disconnected and has a minute to reconnect!\n|player|p2|\n|j|\u2606johnny99ep\n|inactive|johnny99ep reconnected and has 35 seconds left.\n|player|p2|johnny99ep|artist-gen4\n|inactive|IMissplayALot has 30 seconds left.\n|inactive|johnny99ep has 30 seconds left.\n|inactive|johnny99ep has 20 seconds left.\n|inactive|johnny99ep has 15 seconds left.\n|\n|t:|1681815430\n|-terastallize|p2a: Grim Shady|Fairy\n|move|p2b: Addams|Protect|p2b: Addams\n|-singleturn|p2b: Addams|Protect\n|move|p1b: Kingambit|Sucker Punch|p2a: Grim Shady\n|-resisted|p2a: Grim Shady\n|-damage|p2a: Grim Shady|16\/100\n|move|p2a: Grim Shady|Moonblast|p1a: Flutter Mane\n|-damage|p1a: Flutter Mane|0 fnt\n|faint|p1a: Flutter Mane\n|-end|p1a: Flutter Mane|Protosynthesis|[silent]\n|\n|upkeep\n|\n|t:|1681815440\n|switch|p1a: Amoonguss|Amoonguss, L50, M|100\/100\n|turn|4\n|\n|t:|1681815455\n|-end|p2a: Grim Shady|Protosynthesis|[silent]\n|switch|p2a: LaPetiteMort|Scream Tail, L50, shiny|100\/100\n|-enditem|p2a: LaPetiteMort|Booster Energy\n|-activate|p2a: LaPetiteMort|ability: Protosynthesis|[fromitem]\n|-start|p2a: LaPetiteMort|protosynthesisspe\n|move|p1b: Kingambit|Sucker Punch||[still]\n|-fail|p1b: Kingambit\n|move|p2b: Addams|Psychic|p1a: Amoonguss\n|-supereffective|p1a: Amoonguss\n|-damage|p1a: Amoonguss|52\/100\n|move|p1a: Amoonguss|Spore|p2b: Addams\n|-status|p2b: Addams|slp|[from] move: Spore\n|\n|upkeep\n|turn|5\n|\n|t:|1681815474\n|cant|p2b: Addams|slp\n|move|p2a: LaPetiteMort|Perish Song|p2a: LaPetiteMort\n|-start|p1a: Amoonguss|perish3|[silent]\n|-start|p1b: Kingambit|perish3|[silent]\n|-start|p2a: LaPetiteMort|perish3|[silent]\n|-start|p2b: Addams|perish3|[silent]\n|-fieldactivate|move: Perish Song\n|move|p1b: Kingambit|Kowtow Cleave|p2a: LaPetiteMort\n|-damage|p2a: LaPetiteMort|23\/100\n|move|p1a: Amoonguss|Spore|p2a: LaPetiteMort\n|-status|p2a: LaPetiteMort|slp|[from] move: Spore\n|\n|-start|p2a: LaPetiteMort|perish3\n|-start|p2b: Addams|perish3\n|-start|p1b: Kingambit|perish3\n|-start|p1a: Amoonguss|perish3\n|upkeep\n|turn|6\n|\n|t:|1681815493\n|-end|p2a: LaPetiteMort|Protosynthesis|[silent]\n|switch|p2a: Grim Shady|Flutter Mane, L50, tera:Fairy|16\/100\n|-curestatus|p2b: Addams|slp|[msg]\n|move|p2b: Addams|Protect|p2b: Addams\n|-singleturn|p2b: Addams|Protect\n|move|p1b: Kingambit|Kowtow Cleave|p2b: Addams\n|-activate|p2b: Addams|move: Protect\n|move|p1a: Amoonguss|Pollen Puff|p2b: Addams\n|-activate|p2b: Addams|move: Protect\n|\n|-start|p2b: Addams|perish2\n|-start|p1b: Kingambit|perish2\n|-start|p1a: Amoonguss|perish2\n|upkeep\n|turn|7\n|inactive|IMissplayALot has 30 seconds left.\n|inactive|johnny99ep has 30 seconds left.\n|inactive|IMissplayALot has 20 seconds left.\n|inactive|IMissplayALot has 15 seconds left.\n|\n|t:|1681815535\n|move|p2a: Grim Shady|Protect|p2a: Grim Shady\n|-singleturn|p2a: Grim Shady|Protect\n|move|p2b: Addams|Psychic|p1a: Amoonguss\n|-supereffective|p1a: Amoonguss\n|-damage|p1a: Amoonguss|5\/100\n|move|p1b: Kingambit|Kowtow Cleave|p2b: Addams\n|-supereffective|p2b: Addams\n|-damage|p2b: Addams|0 fnt\n|faint|p2b: Addams\n|move|p1a: Amoonguss|Spore|p2a: Grim Shady\n|-activate|p2a: Grim Shady|move: Protect\n|\n|-start|p1b: Kingambit|perish1\n|-start|p1a: Amoonguss|perish1\n|upkeep\n|\n|t:|1681815544\n|switch|p2b: R-K9|Arcanine, L50, F|100\/100\n|-ability|p2b: R-K9|Intimidate|boost\n|-unboost|p1a: Amoonguss|atk|1\n|-unboost|p1b: Kingambit|atk|1\n|-ability|p1b: Kingambit|Defiant|boost\n|-boost|p1b: Kingambit|atk|2\n|turn|8\n|\n|t:|1681815565\n|-end|p2a: Grim Shady|Protosynthesis|[silent]\n|switch|p2a: LaPetiteMort|Scream Tail, L50, shiny|23\/100 slp\n|switch|p1a: Azumarill|Azumarill, L50, F|100\/100\n|move|p2b: R-K9|Extreme Speed|p1a: Azumarill\n|-damage|p1a: Azumarill|74\/100\n|move|p1b: Kingambit|Kowtow Cleave|p2a: LaPetiteMort\n|-damage|p2a: LaPetiteMort|0 fnt\n|faint|p2a: LaPetiteMort\n|-end|p2a: LaPetiteMort|Protosynthesis|[silent]\n|\n|-start|p1b: Kingambit|perish0\n|upkeep\n|faint|p1b: Kingambit\n|\n|t:|1681815582\n|switch|p2a: Grim Shady|Flutter Mane, L50, tera:Fairy|16\/100\n|switch|p1b: Amoonguss|Amoonguss, L50, M|38\/100\n|turn|9\n|inactive|johnny99ep has 30 seconds left.\n|inactive|johnny99ep has 20 seconds left.\n|\n|t:|1681815619\n|move|p2b: R-K9|Protect|p2b: R-K9\n|-singleturn|p2b: R-K9|Protect\n|move|p1b: Amoonguss|Rage Powder|p1b: Amoonguss\n|-singleturn|p1b: Amoonguss|move: Rage Powder\n|move|p2a: Grim Shady|Shadow Ball|p1b: Amoonguss\n|-damage|p1b: Amoonguss|5\/100\n|move|p1a: Azumarill|Liquidation|p2b: R-K9\n|-activate|p2b: R-K9|move: Protect\n|\n|upkeep\n|turn|10\n|inactive|johnny99ep has 30 seconds left.\n|\n|t:|1681815645\n|move|p2b: R-K9|Extreme Speed|p1b: Amoonguss\n|-damage|p1b: Amoonguss|0 fnt\n|-damage|p2b: R-K9|84\/100|[from] item: Rocky Helmet|[of] p1b: Amoonguss\n|faint|p1b: Amoonguss\n|move|p2a: Grim Shady|Moonblast|p1a: Azumarill\n|-damage|p1a: Azumarill|0 fnt\n|faint|p1a: Azumarill\n|\n|win|johnny99ep\n|raw|IMissplayALot's rating: 1239 → 1208<\/strong> (-31 for losing)\n|raw|johnny99ep's rating: 1150 → 1181<\/strong> (+31 for winning)\n|l|\u2606IMissplayALot\n","uploadtime":1681815709,"views":11,"p1id":"imissplayalot","p2id":"johnny99ep","formatid":"gen9vgc2023regulationc","rating":1181,"private":0,"password":""}