{"id":"gen9vgc2023regulationc-1857552080","p1":"vyxl","p2":"endK649","format":"[Gen 9] VGC 2023 Regulation C","log":"|j|\u2606vyxl\n|j|\u2606endK649\n|t:|1683207530\n|gametype|doubles\n|player|p1|vyxl|170|1138\n|player|p2|endK649|hilbert|1208\n|teamsize|p1|6\n|teamsize|p2|6\n|gen|9\n|tier|[Gen 9] VGC 2023 Regulation C\n|rated|\n|rule|Species Clause: Limit one of each Pok\u00e9mon\n|rule|Item Clause: Limit one of each item\n|clearpoke\n|poke|p1|Murkrow, L50, F|\n|poke|p1|Ceruledge, L50, M|\n|poke|p1|Flutter Mane, L50|\n|poke|p1|Gyarados, L50, F|\n|poke|p1|Great Tusk, L50|\n|poke|p1|Wo-Chien, L50|\n|poke|p2|Noivern, L50, M|\n|poke|p2|Gyarados, L50, M|\n|poke|p2|Arcanine, L50, M|\n|poke|p2|Garchomp, L50, F|\n|poke|p2|Tyranitar, L50, M|\n|poke|p2|Rotom-Wash, L50|\n|teampreview|4\n|inactive|Battle timer is ON: inactive players will automatically lose when time's up. (requested by vyxl)\nvyxl has agreed to open team sheets.\n|\n|t:|1683207554\n|start\n|switch|p1a: Murkrow|Murkrow, L50, F|100\/100\n|switch|p1b: Flutter Mane|Flutter Mane, L50|100\/100\n|switch|p2a: Gyarados|Gyarados, L50, M, shiny|100\/100\n|switch|p2b: Garchomp|Garchomp, L50, F, shiny|100\/100\n|-ability|p2a: Gyarados|Intimidate|boost\n|-unboost|p1a: Murkrow|atk|1\n|-unboost|p1b: Flutter Mane|atk|1\n|turn|1\n|\n|t:|1683207570\n|-terastallize|p1b: Flutter Mane|Fairy\n|-terastallize|p2b: Garchomp|Fire\n|move|p1a: Murkrow|Tailwind|p1a: Murkrow\n|-sidestart|p1: vyxl|move: Tailwind\n|move|p1b: Flutter Mane|Dazzling Gleam|p2b: Garchomp|[spread] p2a,p2b\n|-resisted|p2b: Garchomp\n|-damage|p2a: Gyarados|41\/100\n|-damage|p2b: Garchomp|68\/100\n|-damage|p1b: Flutter Mane|90\/100|[from] item: Life Orb\n|move|p2b: Garchomp|Swords Dance|p2b: Garchomp\n|-boost|p2b: Garchomp|atk|2\n|move|p2a: Gyarados|Iron Head|p1b: Flutter Mane\n|-supereffective|p1b: Flutter Mane\n|-damage|p1b: Flutter Mane|0 fnt\n|faint|p1b: Flutter Mane\n|-end|p1b: Flutter Mane|Protosynthesis|[silent]\n|-damage|p2a: Gyarados|31\/100|[from] item: Life Orb\n|\n|upkeep\n|\n|t:|1683207590\n|switch|p1b: Great Tusk|Great Tusk, L50|100\/100\n|turn|2\n|\n|t:|1683207602\n|move|p2b: Garchomp|Protect|p2b: Garchomp\n|-singleturn|p2b: Garchomp|Protect\n|move|p1a: Murkrow|Sunny Day|p1a: Murkrow\n|-weather|SunnyDay\n|-activate|p1b: Great Tusk|ability: Protosynthesis\n|-start|p1b: Great Tusk|protosynthesisatk\n|move|p1b: Great Tusk|Headlong Rush|p2b: Garchomp\n|-activate|p2b: Garchomp|move: Protect\n|move|p2a: Gyarados|Waterfall|p1b: Great Tusk\n|-supereffective|p1b: Great Tusk\n|-damage|p1b: Great Tusk|59\/100\n|-damage|p2a: Gyarados|21\/100|[from] item: Life Orb\n|\n|-weather|SunnyDay|[upkeep]\n|upkeep\n|turn|3\n|inactive|vyxl has 30 seconds left.\n|\n|t:|1683207629\n|-end|p1b: Great Tusk|Protosynthesis|[silent]\n|switch|p1b: Wo-Chien|Wo-Chien, L50|100\/100\n|-ability|p1b: Wo-Chien|Tablets of Ruin\n|switch|p2b: Noivern|Noivern, L50, M, shiny|100\/100\n|move|p1a: Murkrow|Haze|p1a: Murkrow\n|-clearallboost\n|move|p2a: Gyarados|Waterfall|p1b: Wo-Chien\n|-resisted|p1b: Wo-Chien\n|-crit|p1b: Wo-Chien\n|-damage|p1b: Wo-Chien|87\/100\n|-damage|p2a: Gyarados|11\/100|[from] item: Life Orb\n|\n|-weather|SunnyDay|[upkeep]\n|-heal|p1b: Wo-Chien|93\/100|[from] item: Leftovers\n|upkeep\n|turn|4\n|\n|t:|1683207651\n|move|p1b: Wo-Chien|Protect|p1b: Wo-Chien\n|-singleturn|p1b: Wo-Chien|Protect\n|move|p1a: Murkrow|Brave Bird|p2a: Gyarados\n|-damage|p2a: Gyarados|0 fnt\n|faint|p2a: Gyarados\n|-damage|p1a: Murkrow|95\/100|[from] Recoil\n|move|p2b: Noivern|Super Fang|p1b: Wo-Chien\n|-activate|p1b: Wo-Chien|move: Protect\n|\n|-weather|SunnyDay|[upkeep]\n|-heal|p1b: Wo-Chien|99\/100|[from] item: Leftovers\n|-sideend|p1: vyxl|move: Tailwind\n|upkeep\n|\n|t:|1683207659\n|switch|p2a: Garchomp|Garchomp, L50, F, shiny, tera:Fire|68\/100\n|turn|5\n|\n|t:|1683207673\n|move|p1a: Murkrow|Tailwind|p1a: Murkrow\n|-sidestart|p1: vyxl|move: Tailwind\n|move|p2b: Noivern|Super Fang|p1b: Wo-Chien\n|-damage|p1b: Wo-Chien|50\/100\n|move|p1b: Wo-Chien|Leech Seed|p2b: Noivern\n|-start|p2b: Noivern|move: Leech Seed\n|move|p2a: Garchomp|Swords Dance|p2a: Garchomp\n|-boost|p2a: Garchomp|atk|2\n|\n|-weather|SunnyDay|[upkeep]\n|-heal|p1b: Wo-Chien|56\/100|[from] item: Leftovers\n|-damage|p2b: Noivern|88\/100|[from] Leech Seed|[of] p1b: Wo-Chien\n|-heal|p1b: Wo-Chien|69\/100|[silent]\n|upkeep\n|turn|6\n|\n|t:|1683207690\n|move|p1b: Wo-Chien|Protect|p1b: Wo-Chien\n|-singleturn|p1b: Wo-Chien|Protect\n|move|p1a: Murkrow|Haze|p1a: Murkrow\n|-clearallboost\n|move|p2b: Noivern|Tailwind|p2b: Noivern\n|-sidestart|p2: endK649|move: Tailwind\n|move|p2a: Garchomp|Tera Blast|p1b: Wo-Chien\n|-activate|p1b: Wo-Chien|move: Protect\n|\n|-weather|none\n|-heal|p1b: Wo-Chien|75\/100|[from] item: Leftovers\n|-damage|p2b: Noivern|75\/100|[from] Leech Seed|[of] p1b: Wo-Chien\n|-heal|p1b: Wo-Chien|87\/100|[silent]\n|upkeep\n|turn|7\n|inactive|vyxl has 30 seconds left.\n|inactive|endK649 has 30 seconds left.\n|\n|t:|1683207721\n|switch|p2b: Arcanine|Arcanine, L50, M, shiny|100\/100\n|move|p1a: Murkrow|Brave Bird|p2b: Arcanine\n|-damage|p2b: Arcanine|59\/100\n|-damage|p1a: Murkrow|78\/100|[from] Recoil\n|move|p2a: Garchomp|Swords Dance|p2a: Garchomp\n|-boost|p2a: Garchomp|atk|2\n|move|p1b: Wo-Chien|Foul Play|p2b: Arcanine\n|-damage|p2b: Arcanine|6\/100\n|\n|-heal|p1b: Wo-Chien|94\/100|[from] item: Leftovers\n|upkeep\n|turn|8\n|\n|t:|1683207744\n|move|p2b: Arcanine|Extreme Speed|p1a: Murkrow\n|-damage|p1a: Murkrow|28\/100\n|move|p1a: Murkrow|Haze|p1a: Murkrow\n|-clearallboost\n|move|p2a: Garchomp|Tera Blast|p1a: Murkrow\n|-damage|p1a: Murkrow|0 fnt\n|faint|p1a: Murkrow\n|move|p1b: Wo-Chien|Leech Seed|p2a: Garchomp\n|-start|p2a: Garchomp|move: Leech Seed\n|\n|-heal|p1b: Wo-Chien|99\/100|[from] item: Leftovers\n|-damage|p2a: Garchomp|55\/100|[from] Leech Seed|[of] p1b: Wo-Chien\n|-heal|p1b: Wo-Chien|100\/100|[silent]\n|-sideend|p1: vyxl|move: Tailwind\n|upkeep\n|\n|t:|1683207759\n|switch|p1a: Great Tusk|Great Tusk, L50|59\/100\n|turn|9\n|\n|t:|1683207782\n|switch|p2a: Noivern|Noivern, L50, M, shiny|75\/100\n|move|p1b: Wo-Chien|Protect|p1b: Wo-Chien\n|-singleturn|p1b: Wo-Chien|Protect\n|move|p2b: Arcanine|Will-O-Wisp|p1a: Great Tusk\n|-status|p1a: Great Tusk|brn\n|move|p1a: Great Tusk|Rock Tomb|p2a: Noivern\n|-supereffective|p2a: Noivern\n|-damage|p2a: Noivern|58\/100\n|\n|-damage|p1a: Great Tusk|54\/100 brn|[from] brn\n|-sideend|p2: endK649|move: Tailwind\n|upkeep\n|turn|10\n|\n|t:|1683207803\n|move|p1a: Great Tusk|Rock Tomb|p2a: Noivern\n|-supereffective|p2a: Noivern\n|-damage|p2a: Noivern|37\/100\n|move|p2a: Noivern|Super Fang|p1b: Wo-Chien\n|-damage|p1b: Wo-Chien|50\/100\n|move|p2b: Arcanine|Flare Blitz|p1b: Wo-Chien\n|-supereffective|p1b: Wo-Chien\n|-damage|p1b: Wo-Chien|0 fnt\n|faint|p1b: Wo-Chien\n|-damage|p2b: Arcanine|0 fnt|[from] Recoil\n|faint|p2b: Arcanine\n|\n|-damage|p1a: Great Tusk|48\/100 brn|[from] brn\n|upkeep\n|\n|t:|1683207809\n|switch|p2b: Garchomp|Garchomp, L50, F, shiny, tera:Fire|55\/100\n|turn|11\n|\n|t:|1683207819\n|move|p1a: Great Tusk|Rock Tomb|p2b: Garchomp\n|-supereffective|p2b: Garchomp\n|-damage|p2b: Garchomp|32\/100\n|move|p2a: Noivern|Draco Meteor|p1a: Great Tusk\n|-damage|p1a: Great Tusk|0 fnt\n|-unboost|p2a: Noivern|spa|2\n|faint|p1a: Great Tusk\n|-end|p1a: Great Tusk|Protosynthesis|[silent]\n|\n|win|endK649\n|raw|vyxl's rating: 1138 → 1118<\/strong> (-20 for losing)\n|raw|endK649's rating: 1208 → 1228<\/strong> (+20 for winning)\n|l|\u2606endK649\n","uploadtime":1683207830,"views":5,"p1id":"vyxl","p2id":"endk649","formatid":"gen9vgc2023regulationc","rating":1118,"private":0,"password":""}