{"id":"gen9vgc2023regulationc-1845984477","p1":"Wyvern129","p2":"fo50","format":"[Gen 9] VGC 2023 Regulation C","log":"|j|\u2606Wyvern129\n|j|\u2606fo50\n|t:|1681787295\n|gametype|doubles\n|player|p1|Wyvern129|giovanni|1097\n|player|p2|fo50|2|1126\n|teamsize|p1|6\n|teamsize|p2|6\n|gen|9\n|tier|[Gen 9] VGC 2023 Regulation C\n|rated|\n|rule|Species Clause: Limit one of each Pok\u00e9mon\n|rule|Item Clause: Limit one of each item\n|clearpoke\n|poke|p1|Tatsugiri-Droopy, L50, M|\n|poke|p1|Roaring Moon, L50|\n|poke|p1|Dondozo, L50, M|\n|poke|p1|Iron Hands, L50|\n|poke|p1|Gholdengo, L50|\n|poke|p1|Brute Bonnet, L50|\n|poke|p2|Scovillain, L50, F|\n|poke|p2|Dragonite, L50, F|\n|poke|p2|Tinkaton, L50, F|\n|poke|p2|Garchomp, L50, F|\n|poke|p2|Torkoal, L50, F|\n|poke|p2|Scizor, L50, M|\n|teampreview|4\n|inactive|Battle timer is ON: inactive players will automatically lose when time's up. (requested by fo50)\n|\n|t:|1681787332\n|start\n|switch|p1a: notmence|Roaring Moon, L50|100\/100\n|switch|p1b: droopy|Tatsugiri-Droopy, L50, M|100\/100\n|switch|p2a: Scizor|Scizor, L50, M|100\/100\n|switch|p2b: Tinkaton|Tinkaton, L50, F|100\/100\n|-enditem|p1a: notmence|Booster Energy\n|-activate|p1a: notmence|ability: Protosynthesis|[fromitem]\n|-start|p1a: notmence|protosynthesisatk\n|turn|1\n|inactive|Wyvern129 has 30 seconds left.\n|inactive|fo50 has 30 seconds left.\n|\n|t:|1681787367\n|-end|p1a: notmence|Protosynthesis|[silent]\n|switch|p1a: don|Dondozo, L50, M|100\/100\n|-activate|p1b: droopy|ability: Commander|[of] p1a: don\n|-boost|p1a: don|atk|2\n|-boost|p1a: don|spa|2\n|-boost|p1a: don|spe|2\n|-boost|p1a: don|def|2\n|-boost|p1a: don|spd|2\n|move|p2b: Tinkaton|Fake Out|p1a: don\n|-crit|p1a: don\n|-damage|p1a: don|95\/100\n|move|p2a: Scizor|Bullet Punch|p1a: don\n|-resisted|p1a: don\n|-crit|p1a: don\n|-damage|p1a: don|83\/100\n|\n|upkeep\n|turn|2\n|\n|t:|1681787390\n|move|p2b: Tinkaton|Knock Off|p1a: don\n|-damage|p1a: don|79\/100\n|-enditem|p1a: don|Chesto Berry|[from] move: Knock Off|[of] p2b: Tinkaton\n|move|p1a: don|Substitute|p1a: don\n|-start|p1a: don|Substitute\n|-damage|p1a: don|54\/100\n|move|p2a: Scizor|Trailblaze|p1a: don\n|-supereffective|p1a: don\n|-activate|p1a: don|move: Substitute|[damage]\n|-boost|p2a: Scizor|spe|1\n|\n|upkeep\n|turn|3\n|\n|t:|1681787413\n|move|p2a: Scizor|Trailblaze|p1a: don\n|-supereffective|p1a: don\n|-end|p1a: don|Substitute\n|-boost|p2a: Scizor|spe|1\n|move|p2b: Tinkaton|Gigaton Hammer|p1a: don\n|-resisted|p1a: don\n|-damage|p1a: don|49\/100\n|move|p1a: don|Earthquake|p2b: Tinkaton|[spread] p2a,p2b\n|-miss|p1a: don|p1b: droopy\n|-supereffective|p2b: Tinkaton\n|-damage|p2a: Scizor|64\/100\n|-damage|p2b: Tinkaton|14\/100\n|\n|-heal|p2b: Tinkaton|20\/100|[from] item: Leftovers\n|upkeep\n|turn|4\n|\n|t:|1681787436\n|-terastallize|p2a: Scizor|Flying\n|-terastallize|p1a: don|Steel\n|move|p2b: Tinkaton|Protect|p2b: Tinkaton\n|-singleturn|p2b: Tinkaton|Protect\n|move|p2a: Scizor|Trailblaze|p1a: don\n|-resisted|p1a: don\n|-damage|p1a: don|46\/100\n|-boost|p2a: Scizor|spe|1\n|move|p1a: don|Substitute|p1a: don\n|-start|p1a: don|Substitute\n|-damage|p1a: don|21\/100\n|\n|-heal|p2b: Tinkaton|27\/100|[from] item: Leftovers\n|upkeep\n|turn|5\n|inactive|fo50 has 30 seconds left.\n|\n|t:|1681787468\n|move|p2a: Scizor|Acrobatics|p1a: don\n|-resisted|p1a: don\n|-crit|p1a: don\n|-activate|p1a: don|move: Substitute|[damage]\n|move|p2b: Tinkaton|Gigaton Hammer|p1a: don\n|-resisted|p1a: don\n|-activate|p1a: don|move: Substitute|[damage]\n|move|p1a: don|Rest|p1a: don\n|-status|p1a: don|slp|[from] move: Rest\n|-heal|p1a: don|100\/100 slp|[silent]\n|\n|-heal|p2b: Tinkaton|33\/100|[from] item: Leftovers\n|upkeep\n|turn|6\n|\n|t:|1681787489\n|move|p2a: Scizor|Swords Dance|p2a: Scizor\n|-boost|p2a: Scizor|atk|2\n|move|p2b: Tinkaton|Knock Off|p1a: don\n|-activate|p1a: don|move: Substitute|[damage]\n|cant|p1a: don|slp\n|\n|-heal|p2b: Tinkaton|39\/100|[from] item: Leftovers\n|upkeep\n|turn|7\n|\n|t:|1681787507\n|switch|p2b: Torkoal|Torkoal, L50, F|100\/100\n|-weather|SunnyDay|[from] ability: Drought|[of] p2b: Torkoal\n|-item|p2b: Torkoal|Air Balloon\n|move|p2a: Scizor|Swords Dance|p2a: Scizor\n|-boost|p2a: Scizor|atk|2\n|cant|p1a: don|slp\n|\n|-weather|SunnyDay|[upkeep]\n|upkeep\n|turn|8\n|\n|t:|1681787528\n|move|p2a: Scizor|Trailblaze|p1a: don\n|-resisted|p1a: don\n|-end|p1a: don|Substitute\n|-boost|p2a: Scizor|spe|1\n|-curestatus|p1a: don|slp|[msg]\n|move|p1a: don|Wave Crash|p2b: Torkoal\n|-supereffective|p2b: Torkoal\n|-damage|p2b: Torkoal|43\/100\n|-enditem|p2b: Torkoal|Air Balloon\n|-damage|p1a: don|90\/100|[from] Recoil\n|move|p2b: Torkoal|Yawn|p1a: don\n|-start|p1a: don|move: Yawn|[of] p2b: Torkoal\n|\n|-weather|SunnyDay|[upkeep]\n|upkeep\n|turn|9\n|inactive|fo50 has 30 seconds left.\n|\n|t:|1681787557\n|move|p2b: Torkoal|Protect|p2b: Torkoal\n|-singleturn|p2b: Torkoal|Protect\n|move|p2a: Scizor|Swords Dance|p2a: Scizor\n|-boost|p2a: Scizor|atk|2\n|move|p1a: don|Wave Crash|p2a: Scizor\n|-damage|p2a: Scizor|22\/100\n|-enditem|p2a: Scizor|Sitrus Berry|[eat]\n|-heal|p2a: Scizor|46\/100|[from] item: Sitrus Berry\n|-damage|p1a: don|82\/100|[from] Recoil\n|\n|-weather|SunnyDay|[upkeep]\n|-end|p1a: don|move: Yawn|[silent]\n|-status|p1a: don|slp\n|upkeep\n|turn|10\n|\n|t:|1681787574\n|move|p2a: Scizor|Acrobatics|p1a: don\n|-resisted|p1a: don\n|-damage|p1a: don|74\/100 slp\n|cant|p1a: don|slp\n|move|p2b: Torkoal|Flamethrower|p1a: don\n|-supereffective|p1a: don\n|-damage|p1a: don|26\/100 slp\n|\n|-weather|SunnyDay|[upkeep]\n|upkeep\n|turn|11\n|\n|t:|1681787590\n|move|p2a: Scizor|Bullet Punch|p1a: don\n|-resisted|p1a: don\n|-damage|p1a: don|22\/100 slp\n|cant|p1a: don|slp\n|move|p2b: Torkoal|Flamethrower|p1a: don\n|-supereffective|p1a: don\n|-damage|p1a: don|0 fnt\n|faint|p1a: don\n|\n|-weather|none\n|upkeep\n|\n|t:|1681787603\n|switch|p1a: notmence|Roaring Moon, L50|100\/100\n|turn|12\n|inactive|Wyvern129 has 30 seconds left.\n|inactive|Wyvern129 has 20 seconds left.\n|inactive|Wyvern129 has 15 seconds left.\n|\n|t:|1681787645\n|switch|p2b: Tinkaton|Tinkaton, L50, F|39\/100\n|move|p2a: Scizor|Bullet Punch|p1a: notmence\n|-damage|p1a: notmence|0 fnt\n|faint|p1a: notmence\n|-end|p1a: notmence|Protosynthesis|[silent]\n|move|p1b: droopy|Icy Wind|p2b: Tinkaton|[spread] p2a\n|-miss|p1b: droopy|p2b: Tinkaton\n|-supereffective|p2a: Scizor\n|-damage|p2a: Scizor|5\/100\n|-unboost|p2a: Scizor|spe|1\n|\n|-heal|p2b: Tinkaton|45\/100|[from] item: Leftovers\n|upkeep\n|\n|t:|1681787658\n|switch|p1a: ThisGuy|Gholdengo, L50|100\/100\n|turn|13\n|\n|t:|1681787680\n|move|p1b: droopy|Icy Wind|p2b: Tinkaton|[spread] p2a,p2b\n|-supereffective|p2a: Scizor\n|-resisted|p2b: Tinkaton\n|-damage|p2a: Scizor|0 fnt\n|-damage|p2b: Tinkaton|41\/100\n|-unboost|p2b: Tinkaton|spe|1\n|faint|p2a: Scizor\n|move|p1a: ThisGuy|Make It Rain|p2b: Tinkaton\n|-damage|p2b: Tinkaton|0 fnt\n|-unboost|p1a: ThisGuy|spa|1\n|faint|p2b: Tinkaton\n|\n|upkeep\n|\n|t:|1681787694\n|switch|p2b: Scovillain|Scovillain, L50, F|100\/100\n|switch|p2a: Torkoal|Torkoal, L50, F|43\/100\n|-weather|SunnyDay|[from] ability: Drought|[of] p2a: Torkoal\n|turn|14\n|\n|t:|1681787709\n|move|p2a: Torkoal|Protect|p2a: Torkoal\n|-singleturn|p2a: Torkoal|Protect\n|move|p2b: Scovillain|Flamethrower|p1a: ThisGuy\n|-supereffective|p1a: ThisGuy\n|-damage|p1a: ThisGuy|0 fnt\n|faint|p1a: ThisGuy\n|-damage|p2b: Scovillain|90\/100|[from] item: Life Orb\n|move|p1b: droopy|Icy Wind|p2b: Scovillain|[spread] p2b\n|-activate|p2a: Torkoal|move: Protect\n|-damage|p2b: Scovillain|65\/100\n|-unboost|p2b: Scovillain|spe|1\n|\n|-weather|SunnyDay|[upkeep]\n|upkeep\n|turn|15\n|\n|t:|1681787731\n|move|p2b: Scovillain|Protect|p2b: Scovillain\n|-singleturn|p2b: Scovillain|Protect\n|move|p1b: droopy|Icy Wind|p2b: Scovillain|[spread] \n|-activate|p2b: Scovillain|move: Protect\n|-miss|p1b: droopy|p2a: Torkoal\n|move|p2a: Torkoal|Yawn|p1b: droopy\n|-start|p1b: droopy|move: Yawn|[of] p2a: Torkoal\n|\n|-weather|SunnyDay|[upkeep]\n|upkeep\n|turn|16\n|\n|t:|1681787752\n|move|p1b: droopy|Icy Wind|p2a: Torkoal|[spread] p2a,p2b\n|-resisted|p2a: Torkoal\n|-damage|p2a: Torkoal|31\/100\n|-damage|p2b: Scovillain|40\/100\n|-unboost|p2a: Torkoal|spe|1\n|-unboost|p2b: Scovillain|spe|1\n|move|p2b: Scovillain|Solar Beam||[still]\n|-prepare|p2b: Scovillain|Solar Beam\n|-anim|p2b: Scovillain|Solar Beam|p1b: droopy\n|-damage|p1b: droopy|0 fnt\n|faint|p1b: droopy\n|-damage|p2b: Scovillain|30\/100|[from] item: Life Orb\n|\n|win|fo50\n|raw|Wyvern129's rating: 1097 → 1074<\/strong> (-23 for losing)\n|raw|fo50's rating: 1126 → 1149<\/strong> (+23 for winning)\n|c|\u2606fo50|Ggs\n","uploadtime":1681787773,"views":4,"p1id":"wyvern129","p2id":"fo50","formatid":"gen9vgc2023regulationc","rating":1074,"private":0,"password":""}