{"id":"gen9vgc2023regulationc-1846917133","p1":"Xepher008","p2":"Alofpaca","format":"[Gen 9] VGC 2023 Regulation C","log":"|j|\u2606Xepher008\n|j|\u2606Alofpaca\n|t:|1681900632\n|gametype|doubles\n|player|p1|Xepher008|2|1189\n|player|p2|Alofpaca|waitress-gen4|1220\n|teamsize|p1|6\n|teamsize|p2|6\n|gen|9\n|tier|[Gen 9] VGC 2023 Regulation C\n|rated|\n|rule|Species Clause: Limit one of each Pok\u00e9mon\n|rule|Item Clause: Limit one of each item\n|clearpoke\n|poke|p1|Flutter Mane, L50|\n|poke|p1|Gastrodon, L50, M|\n|poke|p1|Chi-Yu, L50|\n|poke|p1|Chien-Pao, L50|\n|poke|p1|Dragonite, L50, M|\n|poke|p1|Amoonguss, L50, M|\n|poke|p2|Flutter Mane, L50|\n|poke|p2|Chi-Yu, L50|\n|poke|p2|Gholdengo, L50|\n|poke|p2|Roaring Moon, L50|\n|poke|p2|Arcanine, L50, M|\n|poke|p2|Wo-Chien, L50|\n|teampreview|4\n|\n|t:|1681900667\n|start\n|switch|p1a: Flutter Mane|Flutter Mane, L50|100\/100\n|switch|p1b: Chi-Yu|Chi-Yu, L50|100\/100\n|switch|p2a: Flutter Mane|Flutter Mane, L50|100\/100\n|switch|p2b: Gholdengo|Gholdengo, L50|100\/100\n|-ability|p1b: Chi-Yu|Beads of Ruin\n|turn|1\n|\n|t:|1681900693\n|-terastallize|p2a: Flutter Mane|Ground\n|move|p2b: Gholdengo|Protect|p2b: Gholdengo\n|-singleturn|p2b: Gholdengo|Protect\n|move|p2a: Flutter Mane|Tera Blast|p1b: Chi-Yu\n|-supereffective|p1b: Chi-Yu\n|-damage|p1b: Chi-Yu|0 fnt\n|faint|p1b: Chi-Yu\n|move|p1a: Flutter Mane|Dazzling Gleam|p2a: Flutter Mane|[spread] p2a\n|-activate|p2b: Gholdengo|move: Protect\n|-damage|p2a: Flutter Mane|49\/100\n|\n|upkeep\n|\n|t:|1681900711\n|switch|p1b: Amoonguss|Amoonguss, L50, M|100\/100\n|turn|2\n|\n|t:|1681900740\n|move|p1a: Flutter Mane|Dazzling Gleam|p2a: Flutter Mane|[spread] p2a,p2b\n|-resisted|p2b: Gholdengo\n|-damage|p2a: Flutter Mane|0 fnt\n|-damage|p2b: Gholdengo|77\/100\n|faint|p2a: Flutter Mane\n|-end|p2a: Flutter Mane|Protosynthesis|[silent]\n|move|p2b: Gholdengo|Substitute|p2b: Gholdengo\n|-start|p2b: Gholdengo|Substitute\n|-damage|p2b: Gholdengo|53\/100\n|move|p1b: Amoonguss|Spore|p2b: Gholdengo\n|-immune|p2b: Gholdengo|[from] ability: Good as Gold\n|\n|-heal|p2b: Gholdengo|59\/100|[from] item: Leftovers\n|upkeep\n|\n|t:|1681900756\n|switch|p2a: Chi-Yu|Chi-Yu, L50|100\/100\n|-ability|p2a: Chi-Yu|Beads of Ruin\n|turn|3\n|\n|t:|1681900784\n|-terastallize|p1b: Amoonguss|Water\n|move|p2a: Chi-Yu|Protect|p2a: Chi-Yu\n|-singleturn|p2a: Chi-Yu|Protect\n|move|p1a: Flutter Mane|Dazzling Gleam|p2b: Gholdengo|[spread] p2b\n|-activate|p2a: Chi-Yu|move: Protect\n|-resisted|p2b: Gholdengo\n|-crit|p2b: Gholdengo\n|-end|p2b: Gholdengo|Substitute\n|move|p2b: Gholdengo|Make It Rain|p1b: Amoonguss|[spread] p1a,p1b\n|-supereffective|p1a: Flutter Mane\n|-resisted|p1b: Amoonguss\n|-damage|p1a: Flutter Mane|0 fnt\n|-damage|p1b: Amoonguss|78\/100\n|-unboost|p2b: Gholdengo|spa|1\n|faint|p1a: Flutter Mane\n|-end|p1a: Flutter Mane|Protosynthesis|[silent]\n|move|p1b: Amoonguss|Spore|p2a: Chi-Yu\n|-activate|p2a: Chi-Yu|move: Protect\n|\n|-heal|p2b: Gholdengo|65\/100|[from] item: Leftovers\n|upkeep\n|\n|t:|1681900806\n|switch|p1a: Gastrodon|Gastrodon, L50, M|100\/100\n|turn|4\n|\n|t:|1681900826\n|switch|p2a: Wo-Chien|Wo-Chien, L50|100\/100\n|-ability|p2a: Wo-Chien|Tablets of Ruin\n|move|p2b: Gholdengo|Substitute|p2b: Gholdengo\n|-start|p2b: Gholdengo|Substitute\n|-damage|p2b: Gholdengo|40\/100\n|move|p1a: Gastrodon|Muddy Water|p2b: Gholdengo|[spread] p2a\n|-miss|p1a: Gastrodon|p2b: Gholdengo\n|-resisted|p2a: Wo-Chien\n|-damage|p2a: Wo-Chien|89\/100\n|-unboost|p2a: Wo-Chien|accuracy|1\n|move|p1b: Amoonguss|Pollen Puff|p1a: Gastrodon\n|-immune|p1a: Gastrodon\n|\n|-heal|p2b: Gholdengo|46\/100|[from] item: Leftovers\n|upkeep\n|turn|5\n|\n|t:|1681900855\n|move|p2b: Gholdengo|Nasty Plot|p2b: Gholdengo\n|-boost|p2b: Gholdengo|spa|2\n|move|p2a: Wo-Chien|Giga Drain|p1a: Gastrodon|[miss]\n|-miss|p2a: Wo-Chien|p1a: Gastrodon\n|move|p1a: Gastrodon|Muddy Water|p2b: Gholdengo|[spread] p2a,p2b\n|-end|p2b: Gholdengo|Substitute\n|-resisted|p2a: Wo-Chien\n|-damage|p2a: Wo-Chien|79\/100\n|move|p1b: Amoonguss|Pollen Puff|p2a: Wo-Chien\n|-supereffective|p2a: Wo-Chien\n|-damage|p2a: Wo-Chien|29\/100\n|-enditem|p2a: Wo-Chien|Sitrus Berry|[eat]\n|-heal|p2a: Wo-Chien|54\/100|[from] item: Sitrus Berry\n|\n|-heal|p2b: Gholdengo|53\/100|[from] item: Leftovers\n|upkeep\n|turn|6\n|\n|t:|1681900883\n|move|p1a: Gastrodon|Protect|p1a: Gastrodon\n|-singleturn|p1a: Gastrodon|Protect\n|move|p2b: Gholdengo|Make It Rain|p1a: Gastrodon|[spread] p1b\n|-activate|p1a: Gastrodon|move: Protect\n|-resisted|p1b: Amoonguss\n|-damage|p1b: Amoonguss|52\/100\n|-unboost|p2b: Gholdengo|spa|1\n|move|p2a: Wo-Chien|Giga Drain|p1a: Gastrodon\n|-activate|p1a: Gastrodon|move: Protect\n|move|p1b: Amoonguss|Pollen Puff|p2a: Wo-Chien\n|-supereffective|p2a: Wo-Chien\n|-damage|p2a: Wo-Chien|0 fnt\n|faint|p2a: Wo-Chien\n|\n|-heal|p2b: Gholdengo|59\/100|[from] item: Leftovers\n|upkeep\n|\n|t:|1681900894\n|switch|p2a: Chi-Yu|Chi-Yu, L50|100\/100\n|-ability|p2a: Chi-Yu|Beads of Ruin\n|turn|7\n|\n|t:|1681900925\n|move|p2a: Chi-Yu|Dark Pulse|p1a: Gastrodon\n|-damage|p1a: Gastrodon|32\/100\n|-damage|p2a: Chi-Yu|91\/100|[from] item: Life Orb\n|move|p2b: Gholdengo|Make It Rain|p1a: Gastrodon|[spread] p1a,p1b\n|-resisted|p1a: Gastrodon\n|-resisted|p1b: Amoonguss\n|-damage|p1a: Gastrodon|5\/100\n|-damage|p1b: Amoonguss|29\/100\n|-unboost|p2b: Gholdengo|spa|1\n|cant|p1a: Gastrodon|flinch\n|move|p1b: Amoonguss|Pollen Puff|p1a: Gastrodon\n|-heal|p1a: Gastrodon|55\/100\n|\n|-heal|p2b: Gholdengo|65\/100|[from] item: Leftovers\n|upkeep\n|turn|8\n|\n|t:|1681900956\n|move|p1a: Gastrodon|Protect|p1a: Gastrodon\n|-singleturn|p1a: Gastrodon|Protect\n|move|p2a: Chi-Yu|Dark Pulse|p1b: Amoonguss\n|-damage|p1b: Amoonguss|0 fnt\n|faint|p1b: Amoonguss\n|-damage|p2a: Chi-Yu|81\/100|[from] item: Life Orb\n|move|p2b: Gholdengo|Nasty Plot|p2b: Gholdengo\n|-boost|p2b: Gholdengo|spa|2\n|\n|-heal|p2b: Gholdengo|71\/100|[from] item: Leftovers\n|upkeep\n|turn|9\n|\n|t:|1681900970\n|move|p2a: Chi-Yu|Dark Pulse|p1a: Gastrodon\n|-damage|p1a: Gastrodon|0 fnt\n|faint|p1a: Gastrodon\n|-damage|p2a: Chi-Yu|71\/100|[from] item: Life Orb\n|\n|win|Alofpaca\n|raw|Xepher008's rating: 1189 → 1166<\/strong> (-23 for losing)\n|raw|Alofpaca's rating: 1220 → 1243<\/strong> (+23 for winning)\n|l|\u2606Alofpaca\n","uploadtime":1681900981,"views":14,"p1id":"xepher008","p2id":"alofpaca","formatid":"gen9vgc2023regulationc","rating":1166,"private":0,"password":""}