{"id":"gen9vgc2023regulationc-1852424414","p1":"ElPasoMan","p2":"anshar_training","format":"[Gen 9] VGC 2023 Regulation C","log":"|j|\u2606ElPasoMan\n|j|\u2606anshar_training\n|t:|1682555930\n|gametype|doubles\n|player|p1|ElPasoMan|169|1134\n|player|p2|anshar_training|colress|1035\n|teamsize|p1|6\n|teamsize|p2|6\n|gen|9\n|tier|[Gen 9] VGC 2023 Regulation C\n|rated|\n|rule|Species Clause: Limit one of each Pok\u00e9mon\n|rule|Item Clause: Limit one of each item\n|clearpoke\n|poke|p1|Armarouge, L50, F|\n|poke|p1|Indeedee-F, L50, F|\n|poke|p1|Annihilape, L50, M|\n|poke|p1|Iron Hands, L50|\n|poke|p1|Torkoal, L50, F|\n|poke|p1|Kingambit, L50, M|\n|poke|p2|Palafin, L50, F|\n|poke|p2|Flutter Mane, L50|\n|poke|p2|Arcanine, L50, M|\n|poke|p2|Amoonguss, L50, M|\n|poke|p2|Ting-Lu, L50|\n|poke|p2|Roaring Moon, L50|\n|teampreview|4\n|\n|t:|1682555962\n|start\n|switch|p1a: Annihilape|Annihilape, L50, M|100\/100\n|switch|p1b: Indeedee|Indeedee-F, L50, F|100\/100\n|switch|p2a: Good Soup|Ting-Lu, L50|100\/100\n|switch|p2b: Susy|Amoonguss, L50, M|100\/100\n|-fieldstart|move: Psychic Terrain|[from] ability: Psychic Surge|[of] p1b: Indeedee\n|-enditem|p1b: Indeedee|Psychic Seed\n|-boost|p1b: Indeedee|spd|1|[from] item: Psychic Seed\n|-ability|p2a: Good Soup|Vessel of Ruin\n|turn|1\n|\n|t:|1682555999\n|move|p1a: Annihilape|Final Gambit|p2a: Good Soup\n|-damage|p2a: Good Soup|10\/100\n|faint|p1a: Annihilape\n|move|p2a: Good Soup|Ruination|p1b: Indeedee\n|-damage|p1b: Indeedee|51\/100\n|move|p2b: Susy|Spore|p1b: Indeedee\n|-status|p1b: Indeedee|slp|[from] move: Spore\n|cant|p1b: Indeedee|slp\n|\n|upkeep\n|\n|t:|1682556012\n|switch|p1a: Armarouge|Armarouge, L50, F|100\/100\n|turn|2\n|\n|t:|1682556024\n|move|p1a: Armarouge|Protect|p1a: Armarouge\n|-singleturn|p1a: Armarouge|Protect\n|move|p2b: Susy|Rage Powder|p2b: Susy\n|-singleturn|p2b: Susy|move: Rage Powder\n|move|p2a: Good Soup|Stomping Tantrum|p1a: Armarouge\n|-activate|p1a: Armarouge|move: Protect\n|cant|p1b: Indeedee|slp\n|\n|upkeep\n|turn|3\n|\n|t:|1682556044\n|-terastallize|p1a: Armarouge|Psychic\n|-curestatus|p1b: Indeedee|slp|[msg]\n|move|p1b: Indeedee|Follow Me|p1b: Indeedee\n|-singleturn|p1b: Indeedee|move: Follow Me\n|move|p2b: Susy|Rage Powder|p2b: Susy\n|-singleturn|p2b: Susy|move: Rage Powder\n|move|p2a: Good Soup|Stomping Tantrum|p1b: Indeedee\n|-crit|p1b: Indeedee\n|-damage|p1b: Indeedee|5\/100\n|move|p1a: Armarouge|Trick Room|p1a: Armarouge\n|-fieldstart|move: Trick Room|[of] p1a: Armarouge\n|\n|upkeep\n|turn|4\n|\n|t:|1682556065\n|move|p2b: Susy|Spore|p1a: Armarouge\n|-status|p1a: Armarouge|slp|[from] move: Spore\n|move|p2a: Good Soup|Heavy Slam|p1a: Armarouge\n|-damage|p1a: Armarouge|67\/100 slp\n|cant|p1a: Armarouge|slp\n|move|p1b: Indeedee|Dazzling Gleam|p2a: Good Soup|[spread] p2a,p2b\n|-supereffective|p2a: Good Soup\n|-resisted|p2b: Susy\n|-damage|p2a: Good Soup|0 fnt\n|-damage|p2b: Susy|96\/100\n|faint|p2a: Good Soup\n|\n|upkeep\n|\n|t:|1682556077\n|switch|p2a: Cornelia|Flutter Mane, L50|100\/100\n|turn|5\n|\n|t:|1682556094\n|cant|p1a: Armarouge|slp\n|move|p2b: Susy|Spore|p1b: Indeedee\n|-status|p1b: Indeedee|slp|[from] move: Spore\n|cant|p1b: Indeedee|slp\n|move|p2a: Cornelia|Shadow Ball|p1a: Armarouge\n|-supereffective|p1a: Armarouge\n|-damage|p1a: Armarouge|0 fnt\n|faint|p1a: Armarouge\n|\n|-fieldend|move: Psychic Terrain\n|upkeep\n|\n|t:|1682556102\n|switch|p1a: Iron Hands|Iron Hands, L50|100\/100\n|-enditem|p1a: Iron Hands|Booster Energy\n|-activate|p1a: Iron Hands|ability: Quark Drive|[fromitem]\n|-start|p1a: Iron Hands|quarkdriveatk\n|turn|6\n|\n|t:|1682556112\n|-end|p2a: Cornelia|Protosynthesis|[silent]\n|switch|p2a: PlusUltra|Palafin, L50, F|100\/100\n|move|p1a: Iron Hands|Fake Out|p2b: Susy\n|-crit|p2b: Susy\n|-damage|p2b: Susy|71\/100\n|cant|p1b: Indeedee|slp\n|cant|p2b: Susy|flinch\n|\n|upkeep\n|turn|7\n|\n|t:|1682556126\n|detailschange|p2a: PlusUltra|Palafin-Hero, L50, F\n|switch|p2a: Cornelia|Flutter Mane, L50|100\/100\n|-curestatus|p1b: Indeedee|slp|[msg]\n|move|p1b: Indeedee|Follow Me|p1b: Indeedee\n|-singleturn|p1b: Indeedee|move: Follow Me\n|move|p2b: Susy|Spore|p1b: Indeedee\n|-status|p1b: Indeedee|slp|[from] move: Spore\n|move|p1a: Iron Hands|Thunder Punch|p2a: Cornelia\n|-crit|p2a: Cornelia\n|-damage|p2a: Cornelia|0 fnt\n|faint|p2a: Cornelia\n|-end|p2a: Cornelia|Protosynthesis|[silent]\n|\n|-fieldend|move: Trick Room\n|upkeep\n|\n|t:|1682556138\n|switch|p2a: PlusUltra|Palafin-Hero, L50, F|100\/100\n|-activate|p2a: PlusUltra|ability: Zero to Hero\n|turn|8\n|\n|t:|1682556145\n|-terastallize|p2a: PlusUltra|Water\n|move|p1a: Iron Hands|Protect|p1a: Iron Hands\n|-singleturn|p1a: Iron Hands|Protect\n|cant|p1b: Indeedee|slp\n|move|p2b: Susy|Rage Powder|p2b: Susy\n|-singleturn|p2b: Susy|move: Rage Powder\n|move|p2a: PlusUltra|Wave Crash|p1a: Iron Hands\n|-activate|p1a: Iron Hands|move: Protect\n|\n|upkeep\n|turn|9\n|\n|t:|1682556163\n|-curestatus|p1b: Indeedee|slp|[msg]\n|move|p1b: Indeedee|Follow Me|p1b: Indeedee\n|-singleturn|p1b: Indeedee|move: Follow Me\n|move|p2b: Susy|Rage Powder|p2b: Susy\n|-singleturn|p2b: Susy|move: Rage Powder\n|move|p2a: PlusUltra|Wave Crash|p1b: Indeedee\n|-damage|p1b: Indeedee|0 fnt\n|faint|p1b: Indeedee\n|-damage|p2a: PlusUltra|99\/100|[from] Recoil\n|move|p1a: Iron Hands|Thunder Punch|p2b: Susy\n|-resisted|p2b: Susy\n|-damage|p2b: Susy|48\/100\n|-enditem|p2b: Susy|Sitrus Berry|[eat]\n|-heal|p2b: Susy|73\/100|[from] item: Sitrus Berry\n|\n|upkeep\n|turn|10\n|\n|t:|1682556180\n|move|p1a: Iron Hands|Protect|p1a: Iron Hands\n|-singleturn|p1a: Iron Hands|Protect\n|move|p2b: Susy|Rage Powder|p2b: Susy\n|-singleturn|p2b: Susy|move: Rage Powder\n|move|p2a: PlusUltra|Wave Crash|p1a: Iron Hands\n|-activate|p1a: Iron Hands|move: Protect\n|\n|upkeep\n|turn|11\n|\n|t:|1682556188\n|move|p2b: Susy|Rage Powder|p2b: Susy\n|-singleturn|p2b: Susy|move: Rage Powder\n|move|p2a: PlusUltra|Wave Crash|p1a: Iron Hands\n|-damage|p1a: Iron Hands|10\/100\n|-damage|p2a: PlusUltra|65\/100|[from] Recoil\n|move|p1a: Iron Hands|Thunder Punch|p2b: Susy\n|-resisted|p2b: Susy\n|-damage|p2b: Susy|52\/100\n|\n|upkeep\n|turn|12\n|\n|t:|1682556200\n|move|p2a: PlusUltra|Protect|p2a: PlusUltra\n|-singleturn|p2a: PlusUltra|Protect\n|move|p1a: Iron Hands|Protect|p1a: Iron Hands\n|-singleturn|p1a: Iron Hands|Protect\n|move|p2b: Susy|Pollen Puff|p2a: PlusUltra\n|-activate|p2a: PlusUltra|move: Protect\n|\n|upkeep\n|turn|13\n|\n|t:|1682556211\n|move|p2b: Susy|Rage Powder|p2b: Susy\n|-singleturn|p2b: Susy|move: Rage Powder\n|move|p2a: PlusUltra|Jet Punch|p1a: Iron Hands\n|-damage|p1a: Iron Hands|0 fnt\n|faint|p1a: Iron Hands\n|-end|p1a: Iron Hands|Quark Drive|[silent]\n|\n|win|anshar_training\n|raw|ElPasoMan's rating: 1134 → 1102<\/strong> (-32 for losing)\n|raw|anshar_training's rating: 1035 → 1079<\/strong> (+44 for winning)\n","uploadtime":1682556218,"views":14,"p1id":"elpasoman","p2id":"anshartraining","formatid":"gen9vgc2023regulationc","rating":1079,"private":0,"password":""}