{"id":"gen9vgc2023regulationc-1844818062","p1":"MozzieGamesVGC","p2":"Pkfns","format":"[Gen 9] VGC 2023 Regulation C","log":"|j|\u2606MozzieGamesVGC\n|j|\u2606Pkfns\n|t:|1681652217\n|gametype|doubles\n|player|p1|MozzieGamesVGC|pokekid|\n|player|p2|Pkfns|pokemaniac|\n|teamsize|p1|6\n|teamsize|p2|6\n|gen|9\n|tier|[Gen 9] VGC 2023 Regulation C\n|rule|Species Clause: Limit one of each Pok\u00e9mon\n|rule|Item Clause: Limit one of each item\n|clearpoke\n|poke|p1|Mimikyu, L50, M|\n|poke|p1|Amoonguss, L50, F|\n|poke|p1|Iron Hands, L50|\n|poke|p1|Kingambit, L50, F|\n|poke|p1|Pincurchin, L50, M|\n|poke|p1|Torkoal, L50, M|\n|poke|p2|Gyarados, L50, F|\n|poke|p2|Arcanine, L50, F|\n|poke|p2|Amoonguss, L50, M|\n|poke|p2|Flutter Mane, L50|\n|poke|p2|Ting-Lu, L50|\n|poke|p2|Iron Hands, L50|\n|teampreview|4\nPkfns has agreed to open team sheets.\n|c|\u2606Pkfns|Glhf:)\nMozzieGamesVGC has agreed to open team sheets.\n|\n|t:|1681652273\n|start\n|switch|p1a: Better Pikachu|Mimikyu, L50, M, shiny|100\/100\n|switch|p1b: Chainsaw man|Kingambit, L50, F, shiny|100\/100\n|switch|p2a: Flutter Mane|Flutter Mane, L50|100\/100\n|switch|p2b: Amoonguss|Amoonguss, L50, M|100\/100\n|turn|1\n|c|\u2606MozzieGamesVGC|Where are you from?\n|c|\u2606Pkfns|United States, the south unfortunately lmao\n|\n|t:|1681652328\n|-terastallize|p2a: Flutter Mane|Fairy\n|move|p2b: Amoonguss|Rage Powder|p2b: Amoonguss\n|-singleturn|p2b: Amoonguss|move: Rage Powder\n|move|p2a: Flutter Mane|Moonblast|p1b: Chainsaw man\n|-damage|p1b: Chainsaw man|7\/100\n|move|p1a: Better Pikachu|Taunt|p2b: Amoonguss\n|-start|p2b: Amoonguss|move: Taunt\n|move|p1b: Chainsaw man|Iron Head|p2b: Amoonguss\n|-damage|p2b: Amoonguss|29\/100\n|-damage|p1b: Chainsaw man|0 fnt|[from] item: Life Orb\n|faint|p1b: Chainsaw man\n|\n|upkeep\n|c|\u2606Pkfns|You?\n|c|\u2606MozzieGamesVGC|I'm from Malaysia\n|\n|t:|1681652372\n|switch|p1b: Big hands :D|Iron Hands, L50|100\/100\n|turn|2\n|inactive|Battle timer is ON: inactive players will automatically lose when time's up. (requested by MozzieGamesVGC)\n|inactive|Pkfns has 60 seconds left.\n|c|\u2606Pkfns|Oh nice! I really only know a little about some native fish from Malaysia, tell me something about Malaysia I wouldnt know?:)\n|inactive|Pkfns has 30 seconds left.\n|inactiveoff|Battle timer is now OFF.\n|\n|t:|1681652509\n|-terastallize|p1b: Big hands :D|Grass\n|move|p2a: Flutter Mane|Moonblast|p1b: Big hands :D\n|-damage|p1b: Big hands :D|7\/100\n|move|p1b: Big hands :D|Swords Dance|p1b: Big hands :D\n|-boost|p1b: Big hands :D|atk|2\n|move|p2b: Amoonguss|Clear Smog|p1a: Better Pikachu\n|-activate|p1a: Better Pikachu|ability: Disguise\n|-damage|p1a: Better Pikachu|100\/100\n|-clearboost|p1a: Better Pikachu\n|detailschange|p1a: Better Pikachu|Mimikyu-Busted, L50, M, shiny\n|-damage|p1a: Better Pikachu|88\/100|[from] pokemon: Mimikyu-Busted\n|move|p1a: Better Pikachu|Trick Room|p1a: Better Pikachu\n|-fieldstart|move: Trick Room|[of] p1a: Better Pikachu\n|\n|-heal|p1b: Big hands :D|13\/100|[from] item: Leftovers\n|upkeep\n|turn|3\n|\n|t:|1681652542\n|-end|p2a: Flutter Mane|Protosynthesis|[silent]\n|switch|p2a: Iron Hands|Iron Hands, L50|100\/100\n|-enditem|p2a: Iron Hands|Booster Energy\n|-activate|p2a: Iron Hands|ability: Quark Drive|[fromitem]\n|-start|p2a: Iron Hands|quarkdriveatk\n|move|p1b: Big hands :D|Protect|p1b: Big hands :D\n|-singleturn|p1b: Big hands :D|Protect\n|move|p2b: Amoonguss|Clear Smog|p1a: Better Pikachu\n|-damage|p1a: Better Pikachu|71\/100\n|-clearboost|p1a: Better Pikachu\n|move|p1a: Better Pikachu|Taunt|p2a: Iron Hands\n|-start|p2a: Iron Hands|move: Taunt\n|\n|-heal|p1b: Big hands :D|19\/100|[from] item: Leftovers\n|upkeep\n|turn|4\n|c|\u2606MozzieGamesVGC|Hmmmmm\n|\n|t:|1681652581\n|move|p2a: Iron Hands|Fake Out|p1b: Big hands :D\n|-damage|p1b: Big hands :D|5\/100\n|move|p2b: Amoonguss|Clear Smog|p1a: Better Pikachu\n|-damage|p1a: Better Pikachu|54\/100\n|-clearboost|p1a: Better Pikachu\n|cant|p1b: Big hands :D|flinch\n|move|p1a: Better Pikachu|Will-O-Wisp|p2a: Iron Hands\n|-status|p2a: Iron Hands|brn\n|\n|-heal|p1b: Big hands :D|12\/100|[from] item: Leftovers\n|-damage|p2a: Iron Hands|94\/100 brn|[from] brn\n|-end|p2b: Amoonguss|move: Taunt\n|upkeep\n|turn|5\n|\n|t:|1681652613\n|switch|p2b: Ting-Lu|Ting-Lu, L50|100\/100\n|-ability|p2b: Ting-Lu|Vessel of Ruin\n|switch|p1a: No sleeping|Pincurchin, L50, M, shiny|100\/100\n|-fieldstart|move: Electric Terrain|[from] ability: Electric Surge|[of] p1a: No sleeping\n|-enditem|p1a: No sleeping|Electric Seed\n|-boost|p1a: No sleeping|def|1|[from] item: Electric Seed\n|-activate|p1b: Big hands :D|ability: Quark Drive\n|-start|p1b: Big hands :D|quarkdriveatk\n|move|p1b: Big hands :D|Drain Punch|p2a: Iron Hands\n|-damage|p2a: Iron Hands|23\/100 brn\n|-heal|p1b: Big hands :D|47\/100|[from] drain|[of] p2a: Iron Hands\n|move|p2a: Iron Hands|Wild Charge|p1a: No sleeping\n|-resisted|p1a: No sleeping\n|-damage|p1a: No sleeping|86\/100\n|-damage|p2a: Iron Hands|21\/100 brn|[from] Recoil\n|\n|-heal|p1b: Big hands :D|53\/100|[from] item: Leftovers\n|-damage|p2a: Iron Hands|15\/100 brn|[from] brn\n|-end|p2a: Iron Hands|move: Taunt\n|upkeep\n|turn|6\n|\n|t:|1681652659\n|move|p1a: No sleeping|Acupressure|p1b: Big hands :D\n|-boost|p1b: Big hands :D|atk|2\n|move|p2b: Ting-Lu|Fissure|p1a: No sleeping|[miss]\n|-miss|p2b: Ting-Lu|p1a: No sleeping\n|move|p1b: Big hands :D|Drain Punch|p2b: Ting-Lu\n|-supereffective|p2b: Ting-Lu\n|-damage|p2b: Ting-Lu|0 fnt\n|-heal|p1b: Big hands :D|100\/100|[from] drain|[of] p2b: Ting-Lu\n|faint|p2b: Ting-Lu\n|move|p2a: Iron Hands|Drain Punch|p1b: Big hands :D\n|-damage|p1b: Big hands :D|81\/100\n|-heal|p2a: Iron Hands|25\/100 brn|[from] drain|[of] p1b: Big hands :D\n|\n|-heal|p1b: Big hands :D|87\/100|[from] item: Leftovers\n|-damage|p2a: Iron Hands|19\/100 brn|[from] brn\n|-fieldend|move: Trick Room\n|upkeep\n|\n|t:|1681652669\n|switch|p2b: Amoonguss|Amoonguss, L50, M|62\/100\n|turn|7\n|c|\u2606MozzieGamesVGC|Malaysia only has summer\n|\n|t:|1681652689\n|move|p2a: Iron Hands|Drain Punch|p1b: Big hands :D\n|-damage|p1b: Big hands :D|68\/100\n|-heal|p2a: Iron Hands|28\/100 brn|[from] drain|[of] p1b: Big hands :D\n|move|p1b: Big hands :D|Drain Punch|p2b: Amoonguss\n|-resisted|p2b: Amoonguss\n|-damage|p2b: Amoonguss|0 fnt\n|-heal|p1b: Big hands :D|94\/100|[from] drain|[of] p2b: Amoonguss\n|faint|p2b: Amoonguss\n|move|p1a: No sleeping|Acupressure|p1b: Big hands :D\n|-boost|p1b: Big hands :D|accuracy|2\n|\n|-heal|p1b: Big hands :D|99\/100|[from] item: Leftovers\n|-damage|p2a: Iron Hands|22\/100 brn|[from] brn\n|upkeep\n|c|\u2606Pkfns|I want to live somewhere where I get all seasons but Winter\n|c|\u2606MozzieGamesVGC|I've never seen snow\n|c|\u2606Pkfns|Summers where I live are HOT and also very humid, so its sticky and heavy hot :'(\n|\n|t:|1681652760\n|switch|p2b: Flutter Mane|Flutter Mane, L50, tera:Fairy|100\/100\n|turn|8\n|c|\u2606MozzieGamesVGC|I wanna travel to the US one day\n|c|\u2606Pkfns|Snow is so much fun, but I dont like traveling in it very much because it can be really dangerous!\n|c|\u2606Pkfns|I want to see more of the workd in general someday! Im 26 almost 27 and I have barely traveled my own country, let alone get out there and see some of the cool shit elsewhere!\n|\n|t:|1681652966\n|move|p1b: Big hands :D|Protect|p1b: Big hands :D\n|-singleturn|p1b: Big hands :D|Protect\n|move|p2b: Flutter Mane|Moonblast|p1b: Big hands :D\n|-activate|p1b: Big hands :D|move: Protect\n|move|p2a: Iron Hands|Drain Punch|p1a: No sleeping\n|-damage|p1a: No sleeping|68\/100\n|-heal|p2a: Iron Hands|28\/100 brn|[from] drain|[of] p1a: No sleeping\n|move|p1a: No sleeping|Thunderbolt|p2b: Flutter Mane\n|-damage|p2b: Flutter Mane|64\/100\n|\n|-heal|p1b: Big hands :D|100\/100|[from] item: Leftovers\n|-damage|p2a: Iron Hands|22\/100 brn|[from] brn\n|upkeep\n|turn|9\n|\n|t:|1681652997\n|move|p1b: Big hands :D|Protect||[still]\n|-fail|p1b: Big hands :D\n|move|p2b: Flutter Mane|Moonblast|p1b: Big hands :D\n|-damage|p1b: Big hands :D|0 fnt\n|faint|p1b: Big hands :D\n|-end|p1b: Big hands :D|Quark Drive|[silent]\n|move|p2a: Iron Hands|Drain Punch|p1a: No sleeping\n|-damage|p1a: No sleeping|50\/100\n|-heal|p2a: Iron Hands|27\/100 brn|[from] drain|[of] p1a: No sleeping\n|move|p1a: No sleeping|Acupressure|p1: Big hands :D|[notarget]\n|-fail|p1a: No sleeping\n|\n|-damage|p2a: Iron Hands|21\/100 brn|[from] brn\n|-fieldend|move: Electric Terrain\n|upkeep\n|\n|t:|1681653004\n|switch|p1b: Better Pikachu|Mimikyu-Busted, L50, M, shiny|54\/100\n|turn|10\n|c|\u2606Pkfns|I shoulda used shadow ball oop\n|c|\u2606MozzieGamesVGC|I could have won, misplayed in the middle\n|\n|t:|1681653045\n|move|p2b: Flutter Mane|Moonblast|p1a: No sleeping\n|-damage|p1a: No sleeping|0 fnt\n|faint|p1a: No sleeping\n|move|p2a: Iron Hands|Wild Charge|p1b: Better Pikachu\n|-damage|p1b: Better Pikachu|10\/100\n|-damage|p2a: Iron Hands|14\/100 brn|[from] Recoil\n|move|p1b: Better Pikachu|Trick Room|p1b: Better Pikachu\n|-fieldstart|move: Trick Room|[of] p1b: Better Pikachu\n|\n|-damage|p2a: Iron Hands|8\/100 brn|[from] brn\n|upkeep\n|turn|11\n|c|\u2606MozzieGamesVGC|gg\n|c|\u2606Pkfns|Gg to you too!\n|c|\u2606MozzieGamesVGC|I made this team myself and it honestly is really good\n|c|\u2606MozzieGamesVGC|My Iron Hands have 4 Ivs less than max\n|c|\u2606MozzieGamesVGC|So that I would be faster then other Iron Hands in trickroom\n|c|\u2606Pkfns|If you ever visit the US Id say to do some research on places you wan a vists, look at visiting New York City and maybe try chrcking out a national park while youre here!:) Temperate forests are wild, tons of mushrooms all over the ground if you know how to look!\n|c|\u2606MozzieGamesVGC|:0 Ooooo\n|c|\u2606Pkfns|I love that! I built this team myself, but I built it to be hella meta lmao\n|c|\u2606Pkfns|I really want to be playing Espathra Chi-Yu teams, but they are hard for me to build lol\n|c|\u2606MozzieGamesVGC|My team is heavy trickroom dependent\n|c|\u2606MozzieGamesVGC|I don't like playing meta things personally, mostly cause everyone's playing them and I want to throw things at people that not many people would see\n|c|\u2606MozzieGamesVGC|There's nothing wrong with playing meta things, I just like playing weird things :D\n|c|\u2606Pkfns|Have you tried going just for min speed snd leaning hard into trick room?\n|c|\u2606Pkfns|Back in 2016 when I was actually doing ICs to earn points my best team was Weezing+Dialga Trick Room BEFORE weezing was decent lmao\n|c|\u2606MozzieGamesVGC|No, I'm scared that if that happens, if trick room doesn't go up, I'm basically screwed HAHHAA\n|c|\u2606MozzieGamesVGC|Gen 8 was when I started learning about Pokemon\n|c|\u2606MozzieGamesVGC|But I didn't know how to actually play :<\n|j| Bakonlikescufant\n|c|\u2606Pkfns|Most teams are barely trying to respect Trick Room right now, I think with reliable support Mimikyu can def get it up most games possibly! Like Iron Hands Fake Out+Trick Room from Mimi can get you set up more often than not I ghink!:)\n|c|\u2606MozzieGamesVGC|Hmmm maybe\n|l| Bakonlikescufant\n|c|\u2606Pkfns|And you do run Amoonguss which can Rage Powder to protect Mimi more for TR setups:)\n|c|\u2606MozzieGamesVGC|Hmmm never thought of that befroe\n|c|\u2606MozzieGamesVGC|I only went with Iron Hands and Kingambit\n|c|\u2606MozzieGamesVGC|with Mimikyu\n|c|\u2606MozzieGamesVGC|I'll definietly try that\n|c|\u2606Pkfns|Iron Hands is awesome next to Mimi, Amoonguss can also help gaurantee your trick room which is sick af!\n|c|\u2606MozzieGamesVGC|MMMM thank you for the advice\n|c|\u2606MozzieGamesVGC|Welp I gotta go\n|c|\u2606Pkfns|Absolutely! I love Trick Room and feel like not enough players explore it atm:)\n|c|\u2606MozzieGamesVGC|It's like 10pm here\n|c|\u2606Pkfns|Have a good one, Mozzie, great to meet you!\n|c|\u2606Pkfns|Goodnight:)\n|c|\u2606MozzieGamesVGC|Good night!\n|c|\u2606Pkfns|Its 9am here lol\n|\n|t:|1681653811\n|move|p2a: Iron Hands|Wild Charge|p1b: Better Pikachu\n|-crit|p1b: Better Pikachu\n|-damage|p1b: Better Pikachu|0 fnt\n|faint|p1b: Better Pikachu\n|-damage|p2a: Iron Hands|6\/100 brn|[from] Recoil\n|\n|win|Pkfns\n|c|\u2606MozzieGamesVGC|Hope to see you again somewhere, some time\n|c|\u2606MozzieGamesVGC|<3\n|c|\u2606Pkfns|Yeah absolutely! Add me on discord, @unluxky\n|l|\u2606Pkfns\n","uploadtime":1681654692,"views":14,"p1id":"mozziegamesvgc","p2id":"pkfns","formatid":"gen9vgc2023regulationc","rating":0,"private":0,"password":""}