{"id":"gen9vgc2023regulationc-1846801943","p1":"DBZone9001","p2":"purgatory123","format":"[Gen 9] VGC 2023 Regulation C","log":"|j|\u2606DBZone9001\n|j|\u203dpurgatory123\n|t:|1681881833\n|gametype|doubles\n|player|p1|DBZone9001|1|1532\n|player|p2|purgatory123|101|1595\n|teamsize|p1|6\n|teamsize|p2|6\n|gen|9\n|tier|[Gen 9] VGC 2023 Regulation C\n|rated|\n|rule|Species Clause: Limit one of each Pok\u00e9mon\n|rule|Item Clause: Limit one of each item\n|clearpoke\n|poke|p1|Talonflame, L50, F|\n|poke|p1|Chien-Pao, L50|\n|poke|p1|Garchomp, L50, M|\n|poke|p1|Corviknight, L50, F|\n|poke|p1|Kingambit, L50, F|\n|poke|p1|Flutter Mane, L50|\n|poke|p2|Sylveon, L50, M|\n|poke|p2|Indeedee-F, L50, F|\n|poke|p2|Armarouge, L50, F|\n|poke|p2|Hydreigon, L50, F|\n|poke|p2|Dondozo, L50, F|\n|poke|p2|Tatsugiri, L50, M|\n|teampreview|4\n|\n|t:|1681881860\n|start\n|switch|p1a: Talonflame|Talonflame, L50, F|100\/100\n|switch|p1b: Garchomp|Garchomp, L50, M|100\/100\n|switch|p2a: Sylveon|Sylveon, L50, M|100\/100\n|switch|p2b: Indeedee|Indeedee-F, L50, F|100\/100\n|-fieldstart|move: Psychic Terrain|[from] ability: Psychic Surge|[of] p2b: Indeedee\n|-enditem|p2b: Indeedee|Psychic Seed\n|-boost|p2b: Indeedee|spd|1|[from] item: Psychic Seed\n|turn|1\n|\n|t:|1681881897\n|-terastallize|p1b: Garchomp|Steel\n|-terastallize|p2a: Sylveon|Fairy\n|move|p2b: Indeedee|Helping Hand|p2a: Sylveon\n|-singleturn|p2a: Sylveon|Helping Hand|[of] p2b: Indeedee\n|move|p1a: Talonflame|Flare Blitz|p2b: Indeedee\n|-damage|p2b: Indeedee|58\/100\n|-damage|p1a: Talonflame|84\/100|[from] Recoil\n|move|p1b: Garchomp|Earthquake|p2b: Indeedee|[spread] p2a,p2b\n|-immune|p1a: Talonflame\n|-damage|p2a: Sylveon|57\/100\n|-damage|p2b: Indeedee|22\/100\n|move|p2a: Sylveon|Hyper Voice|p1a: Talonflame|[spread] p1a,p1b\n|-resisted|p1a: Talonflame\n|-resisted|p1b: Garchomp\n|-damage|p1a: Talonflame|0 fnt\n|-damage|p1b: Garchomp|30\/100\n|faint|p1a: Talonflame\n|\n|upkeep\n|\n|t:|1681881923\n|switch|p1a: Chien-Pao|Chien-Pao, L50|100\/100\n|-ability|p1a: Chien-Pao|Sword of Ruin\n|turn|2\n|j| asianafollie\n|\n|t:|1681881948\n|switch|p2b: Tatsugiri|Tatsugiri, L50, M|100\/100\n|switch|p2a: Dondozo|Dondozo, L50, F|100\/100\n|-activate|p2b: Tatsugiri|ability: Commander|[of] p2a: Dondozo\n|-boost|p2a: Dondozo|atk|2\n|-boost|p2a: Dondozo|spa|2\n|-boost|p2a: Dondozo|spe|2\n|-boost|p2a: Dondozo|def|2\n|-boost|p2a: Dondozo|spd|2\n|move|p1a: Chien-Pao|Ice Spinner|p2a: Dondozo\n|-resisted|p2a: Dondozo\n|-damage|p2a: Dondozo|91\/100\n|-fieldend|move: Psychic Terrain\n|move|p1b: Garchomp|Rock Slide|p2a: Dondozo|[spread] \n|-miss|p1b: Garchomp|p2b: Tatsugiri\n|-miss|p1b: Garchomp|p2a: Dondozo\n|\n|-heal|p2a: Dondozo|97\/100|[from] item: Leftovers\n|upkeep\n|turn|3\n|j| merahmerona\n|\n|t:|1681881966\n|move|p1a: Chien-Pao|Haze|p1a: Chien-Pao\n|-clearallboost\n|move|p1b: Garchomp|Rock Slide|p2b: Tatsugiri|[spread] p2a\n|-miss|p1b: Garchomp|p2b: Tatsugiri\n|-damage|p2a: Dondozo|78\/100\n|cant|p2a: Dondozo|flinch\n|\n|-heal|p2a: Dondozo|84\/100|[from] item: Leftovers\n|upkeep\n|turn|4\n|j| wingedhitokage\n|\n|t:|1681881986\n|switch|p1a: Kingambit|Kingambit, L50, F|100\/100\n|move|p1b: Garchomp|Rock Slide|p2b: Tatsugiri|[spread] \n|-miss|p1b: Garchomp|p2b: Tatsugiri\n|-miss|p1b: Garchomp|p2a: Dondozo\n|move|p2a: Dondozo|Earthquake|p1b: Garchomp|[spread] p1a,p1b\n|-miss|p2a: Dondozo|p2b: Tatsugiri\n|-supereffective|p1a: Kingambit\n|-supereffective|p1b: Garchomp\n|-damage|p1a: Kingambit|68\/100\n|-damage|p1b: Garchomp|0 fnt\n|faint|p1b: Garchomp\n|\n|-heal|p2a: Dondozo|90\/100|[from] item: Leftovers\n|upkeep\n|\n|t:|1681881997\n|switch|p1b: Chien-Pao|Chien-Pao, L50|100\/100\n|-ability|p1b: Chien-Pao|Sword of Ruin\n|turn|5\n|\n|t:|1681882007\n|move|p1b: Chien-Pao|Sucker Punch|p2a: Dondozo\n|-damage|p2a: Dondozo|56\/100\n|move|p2a: Dondozo|Earthquake|p1a: Kingambit|[spread] p1a,p1b\n|-miss|p2a: Dondozo|p2b: Tatsugiri\n|-supereffective|p1a: Kingambit\n|-damage|p1a: Kingambit|21\/100\n|-damage|p1b: Chien-Pao|70\/100\n|move|p1a: Kingambit|Kowtow Cleave|p2a: Dondozo\n|-damage|p2a: Dondozo|8\/100\n|\n|-heal|p2a: Dondozo|14\/100|[from] item: Leftovers\n|upkeep\n|turn|6\n|\n|t:|1681882024\n|move|p2a: Dondozo|Protect|p2a: Dondozo\n|-singleturn|p2a: Dondozo|Protect\n|move|p1a: Kingambit|Sucker Punch||[still]\n|-fail|p1a: Kingambit\n|move|p1b: Chien-Pao|Ice Spinner|p2b: Tatsugiri|[miss]\n|-miss|p1b: Chien-Pao|p2b: Tatsugiri\n|\n|-heal|p2a: Dondozo|20\/100|[from] item: Leftovers\n|upkeep\n|turn|7\n|\n|t:|1681882046\n|move|p2a: Dondozo|Protect||[still]\n|-fail|p2a: Dondozo\n|move|p1a: Kingambit|Sucker Punch||[still]\n|-fail|p1a: Kingambit\n|move|p1b: Chien-Pao|Ice Spinner|p2a: Dondozo\n|-resisted|p2a: Dondozo\n|-damage|p2a: Dondozo|0 fnt\n|faint|p2a: Dondozo\n|\n|upkeep\n|\n|t:|1681882069\n|switch|p2a: Sylveon|Sylveon, L50, M, tera:Fairy|57\/100\n|turn|8\n|\n|t:|1681882096\n|move|p1a: Kingambit|Sucker Punch|p2b: Tatsugiri\n|-damage|p2b: Tatsugiri|0 fnt\n|faint|p2b: Tatsugiri\n|move|p1b: Chien-Pao|Ice Spinner|p2a: Sylveon\n|-damage|p2a: Sylveon|1\/100\n|move|p2a: Sylveon|Hyper Voice|p1a: Kingambit|[spread] p1a,p1b\n|-supereffective|p1b: Chien-Pao\n|-damage|p1a: Kingambit|0 fnt\n|-damage|p1b: Chien-Pao|0 fnt\n|faint|p1a: Kingambit\n|faint|p1b: Chien-Pao\n|\n|win|purgatory123\n|raw|DBZone9001's rating: 1532 → 1516<\/strong> (-16 for losing)\n|raw|purgatory123's rating: 1595 → 1611<\/strong> (+16 for winning)\n|l| wingedhitokage\n","uploadtime":1681882110,"views":6,"p1id":"dbzone9001","p2id":"purgatory123","formatid":"gen9vgc2023regulationc","rating":1516,"private":0,"password":""}