{"id":"gen9vgc2023regulationc-1847457702","p1":"dunsparcedingo","p2":"rawhid3 kobayashi","format":"[Gen 9] VGC 2023 Regulation C","log":"|j|\u2606dunsparcedingo\n|j|\u2606rawhid3 kobayashi\n|t:|1681957503\n|gametype|doubles\n|player|p1|dunsparcedingo|zinnia|1228\n|player|p2|rawhid3 kobayashi|volkner|1181\n|teamsize|p1|6\n|teamsize|p2|6\n|gen|9\n|tier|[Gen 9] VGC 2023 Regulation C\n|rated|\n|rule|Species Clause: Limit one of each Pok\u00e9mon\n|rule|Item Clause: Limit one of each item\n|clearpoke\n|poke|p1|Torkoal, L50, M|\n|poke|p1|Jumpluff, L50, M|\n|poke|p1|Chi-Yu, L50|\n|poke|p1|Flutter Mane, L50|\n|poke|p1|Iron Bundle, L50|\n|poke|p1|Slither Wing, L50|\n|poke|p2|Chi-Yu, L50|\n|poke|p2|Dachsbun, L50, M|\n|poke|p2|Dragonite, L50, M|\n|poke|p2|Flutter Mane, L50|\n|poke|p2|Azumarill, L50, F|\n|poke|p2|Chien-Pao, L50|\n|teampreview|4\ndunsparcedingo has agreed to open team sheets.\n|inactive|Battle timer is ON: inactive players will automatically lose when time's up. (requested by rawhid3 kobayashi)\n|\n|t:|1681957544\n|start\n|switch|p1a: Torkoal|Torkoal, L50, M|100\/100\n|switch|p1b: Flutter Mane|Flutter Mane, L50|100\/100\n|switch|p2a: Chi-Yu|Chi-Yu, L50|100\/100\n|switch|p2b: Dachsbun|Dachsbun, L50, M|100\/100\n|-ability|p2a: Chi-Yu|Beads of Ruin\n|-weather|SunnyDay|[from] ability: Drought|[of] p1a: Torkoal\n|-activate|p1b: Flutter Mane|ability: Protosynthesis\n|-start|p1b: Flutter Mane|protosynthesisspe\n|turn|1\n|\n|t:|1681957568\n|move|p1a: Torkoal|Helping Hand|p1b: Flutter Mane\n|-singleturn|p1b: Flutter Mane|Helping Hand|[of] p1a: Torkoal\n|move|p1b: Flutter Mane|Moonblast|p2a: Chi-Yu\n|-crit|p2a: Chi-Yu\n|-damage|p2a: Chi-Yu|0 fnt\n|faint|p2a: Chi-Yu\n|move|p2b: Dachsbun|Body Press|p1a: Torkoal\n|-damage|p1a: Torkoal|85\/100\n|\n|-weather|SunnyDay|[upkeep]\n|-heal|p1a: Torkoal|91\/100|[from] item: Leftovers\n|upkeep\n|\n|t:|1681957582\n|switch|p2a: Chien-Pao|Chien-Pao, L50|100\/100\n|-ability|p2a: Chien-Pao|Sword of Ruin\n|turn|2\n|\n|t:|1681957596\n|-end|p1b: Flutter Mane|Protosynthesis|[silent]\n|switch|p1b: Jumpluff|Jumpluff, L50, M|100\/100\n|move|p2a: Chien-Pao|Throat Chop|p1b: Jumpluff\n|-damage|p1b: Jumpluff|28\/100\n|-start|p1b: Jumpluff|Throat Chop|[silent]\n|move|p2b: Dachsbun|Body Press|p1a: Torkoal\n|-damage|p1a: Torkoal|74\/100\n|move|p1a: Torkoal|Overheat|p2a: Chien-Pao\n|-supereffective|p2a: Chien-Pao\n|-crit|p2a: Chien-Pao\n|-enditem|p2a: Chien-Pao|Focus Sash\n|-damage|p2a: Chien-Pao|1\/100\n|-unboost|p1a: Torkoal|spa|2\n|\n|-weather|SunnyDay|[upkeep]\n|-heal|p1a: Torkoal|80\/100|[from] item: Leftovers\n|upkeep\n|turn|3\n|inactive|dunsparcedingo has 30 seconds left.\n|inactive|dunsparcedingo has 20 seconds left.\n|inactive|dunsparcedingo has 15 seconds left.\n|inactive|dunsparcedingo has 10 seconds left.\n|inactive|dunsparcedingo has 5 seconds left.\n|\n|t:|1681957647\n|switch|p1a: Iron Bundle|Iron Bundle, L50|100\/100\n|-enditem|p1a: Iron Bundle|Booster Energy\n|-activate|p1a: Iron Bundle|ability: Quark Drive|[fromitem]\n|-start|p1a: Iron Bundle|quarkdrivespa\n|move|p2a: Chien-Pao|Protect|p2a: Chien-Pao\n|-singleturn|p2a: Chien-Pao|Protect\n|move|p1b: Jumpluff|Pollen Puff|p2a: Chien-Pao\n|-activate|p2a: Chien-Pao|move: Protect\n|move|p2b: Dachsbun|Yawn|p1a: Iron Bundle\n|-start|p1a: Iron Bundle|move: Yawn|[of] p2b: Dachsbun\n|\n|-weather|SunnyDay|[upkeep]\n|-end|p1b: Jumpluff|Throat Chop|[silent]\n|upkeep\n|turn|4\n|inactive|dunsparcedingo has 30 seconds left.\n|\n|t:|1681957681\n|-end|p1a: Iron Bundle|Quark Drive|[silent]\n|switch|p1a: Flutter Mane|Flutter Mane, L50|100\/100\n|-activate|p1a: Flutter Mane|ability: Protosynthesis\n|-start|p1a: Flutter Mane|protosynthesisspe\n|move|p2a: Chien-Pao|Sucker Punch||[still]\n|-fail|p2a: Chien-Pao\n|move|p1b: Jumpluff|Encore|p2a: Chien-Pao\n|-start|p2a: Chien-Pao|Encore\n|move|p2b: Dachsbun|Body Press|p1a: Flutter Mane\n|-immune|p1a: Flutter Mane\n|\n|-weather|SunnyDay|[upkeep]\n|upkeep\n|turn|5\n|inactive|dunsparcedingo has 30 seconds left.\n|\n|t:|1681957712\n|-end|p1a: Flutter Mane|Protosynthesis|[silent]\n|switch|p1a: Torkoal|Torkoal, L50, M|80\/100\n|move|p2a: Chien-Pao|Sucker Punch||[still]\n|-fail|p2a: Chien-Pao\n|move|p1b: Jumpluff|Pollen Puff|p2a: Chien-Pao\n|-supereffective|p2a: Chien-Pao\n|-damage|p2a: Chien-Pao|0 fnt\n|faint|p2a: Chien-Pao\n|move|p2b: Dachsbun|Body Press|p1b: Jumpluff\n|-resisted|p1b: Jumpluff\n|-damage|p1b: Jumpluff|15\/100\n|\n|-weather|none\n|-heal|p1a: Torkoal|86\/100|[from] item: Leftovers\n|upkeep\n|\n|t:|1681957725\n|switch|p2a: Azumarill|Azumarill, L50, F|100\/100\n|turn|6\n|\n|t:|1681957748\n|move|p1b: Jumpluff|Sleep Powder|p2b: Dachsbun|[miss]\n|-miss|p1b: Jumpluff|p2b: Dachsbun\n|move|p2b: Dachsbun|Body Press|p1b: Jumpluff\n|-resisted|p1b: Jumpluff\n|-damage|p1b: Jumpluff|2\/100\n|move|p2a: Azumarill|Liquidation|p1a: Torkoal\n|-supereffective|p1a: Torkoal\n|-damage|p1a: Torkoal|9\/100\n|move|p1a: Torkoal|Will-O-Wisp|p2a: Azumarill\n|-status|p2a: Azumarill|brn\n|-enditem|p2a: Azumarill|Lum Berry|[eat]\n|-curestatus|p2a: Azumarill|brn|[msg]\n|\n|-heal|p1a: Torkoal|15\/100|[from] item: Leftovers\n|upkeep\n|turn|7\n|inactive|dunsparcedingo has 30 seconds left.\n|\n|t:|1681957777\n|switch|p1a: Iron Bundle|Iron Bundle, L50|100\/100\n|move|p2a: Azumarill|Aqua Jet|p1b: Jumpluff\n|-resisted|p1b: Jumpluff\n|-damage|p1b: Jumpluff|0 fnt\n|faint|p1b: Jumpluff\n|move|p2b: Dachsbun|Body Press|p1a: Iron Bundle\n|-supereffective|p1a: Iron Bundle\n|-damage|p1a: Iron Bundle|62\/100\n|\n|upkeep\n|\n|t:|1681957788\n|switch|p1b: Flutter Mane|Flutter Mane, L50|100\/100\n|turn|8\n|\n|t:|1681957805\n|move|p1b: Flutter Mane|Shadow Ball|p2b: Dachsbun\n|-damage|p2b: Dachsbun|44\/100\n|move|p1a: Iron Bundle|Freeze-Dry|p2a: Azumarill\n|-supereffective|p2a: Azumarill\n|-damage|p2a: Azumarill|16\/100\n|move|p2b: Dachsbun|Body Press|p1a: Iron Bundle\n|-supereffective|p1a: Iron Bundle\n|-damage|p1a: Iron Bundle|21\/100\n|move|p2a: Azumarill|Liquidation|p1b: Flutter Mane\n|-damage|p1b: Flutter Mane|0 fnt\n|faint|p1b: Flutter Mane\n|-end|p1b: Flutter Mane|Protosynthesis|[silent]\n|\n|-heal|p2b: Dachsbun|50\/100|[from] item: Leftovers\n|upkeep\n|\n|t:|1681957819\n|switch|p1b: Torkoal|Torkoal, L50, M|15\/100\n|-weather|SunnyDay|[from] ability: Drought|[of] p1b: Torkoal\n|turn|9\n|inactive|dunsparcedingo has 30 seconds left.\n|\n|t:|1681957848\n|move|p2a: Azumarill|Protect|p2a: Azumarill\n|-singleturn|p2a: Azumarill|Protect\n|move|p1b: Torkoal|Protect|p1b: Torkoal\n|-singleturn|p1b: Torkoal|Protect\n|move|p1a: Iron Bundle|Freeze-Dry|p2b: Dachsbun\n|-damage|p2b: Dachsbun|17\/100\n|move|p2b: Dachsbun|Body Press|p1a: Iron Bundle\n|-supereffective|p1a: Iron Bundle\n|-damage|p1a: Iron Bundle|0 fnt\n|faint|p1a: Iron Bundle\n|-end|p1a: Iron Bundle|Quark Drive|[silent]\n|\n|-weather|SunnyDay|[upkeep]\n|-heal|p2b: Dachsbun|23\/100|[from] item: Leftovers\n|-heal|p1b: Torkoal|21\/100|[from] item: Leftovers\n|upkeep\n|turn|10\n|inactive|rawhid3 kobayashi has 30 seconds left.\n|inactive|rawhid3 kobayashi has 20 seconds left.\n|\n|t:|1681957884\n|move|p2a: Azumarill|Aqua Jet|p1b: Torkoal\n|-supereffective|p1b: Torkoal\n|-damage|p1b: Torkoal|3\/100\n|move|p2b: Dachsbun|Body Press|p1b: Torkoal\n|-damage|p1b: Torkoal|0 fnt\n|faint|p1b: Torkoal\n|\n|win|rawhid3 kobayashi\n|raw|dunsparcedingo's rating: 1228 → 1200<\/strong> (-28 for losing)\n|raw|rawhid3 kobayashi's rating: 1181 → 1209<\/strong> (+28 for winning)\n","uploadtime":1681957893,"views":13,"p1id":"dunsparcedingo","p2id":"rawhid3kobayashi","formatid":"gen9vgc2023regulationc","rating":1200,"private":0,"password":""}