{"id":"gen9vgc2023regulationc-1858979360","p1":"SoMuchAppletun","p2":"TGH_sr","format":"[Gen 9] VGC 2023 Regulation C","log":"|j|\u2606SoMuchAppletun\n|j|\u2606TGH_sr\n|t:|1683390411\n|gametype|doubles\n|player|p1|SoMuchAppletun|bede-masters|1306\n|player|p2|TGH_sr|steven|1286\n|teamsize|p1|6\n|teamsize|p2|6\n|gen|9\n|tier|[Gen 9] VGC 2023 Regulation C\n|rated|\n|rule|Species Clause: Limit one of each Pok\u00e9mon\n|rule|Item Clause: Limit one of each item\n|clearpoke\n|poke|p1|Appletun, L50, M|\n|poke|p1|Palafin, L50, F|\n|poke|p1|Wo-Chien, L50|\n|poke|p1|Ting-Lu, L50|\n|poke|p1|Scizor, L50, M|\n|poke|p1|Armarouge, L50, M|\n|poke|p2|Talonflame, L50, M|\n|poke|p2|Garchomp, L50, M|\n|poke|p2|Kingambit, L50, M|\n|poke|p2|Iron Bundle, L50|\n|poke|p2|Flutter Mane, L50|\n|poke|p2|Amoonguss, L50, M|\n|teampreview|4\n|inactive|Battle timer is ON: inactive players will automatically lose when time's up. (requested by SoMuchAppletun)\nTGH_sr has agreed to open team sheets.\n|inactive|TGH_sr has 60 seconds left.\n|inactive|TGH_sr has 30 seconds left.\n|inactive|TGH_sr has 20 seconds left.\n|inactive|TGH_sr has 15 seconds left.\n|inactive|TGH_sr has 10 seconds left.\n|\n|t:|1683390496\n|start\n|switch|p1a: Tuff|Scizor, L50, M|100\/100\n|switch|p1b: Meta Knight|Armarouge, L50, M|100\/100\n|switch|p2a: Garchomp|Garchomp, L50, M|100\/100\n|switch|p2b: Kingambit|Kingambit, L50, M|100\/100\n|turn|1\n|inactive|TGH_sr has 30 seconds left.\n|inactive|TGH_sr has 20 seconds left.\n|\n|t:|1683390535\n|-terastallize|p1b: Meta Knight|Grass\n|move|p2b: Kingambit|Protect|p2b: Kingambit\n|-singleturn|p2b: Kingambit|Protect\n|move|p2a: Garchomp|Dragon Claw|p1b: Meta Knight\n|-damage|p1b: Meta Knight|58\/100\n|-damage|p2a: Garchomp|91\/100|[from] item: Life Orb\n|move|p1a: Tuff|Swords Dance|p1a: Tuff\n|-boost|p1a: Tuff|atk|2\n|move|p1b: Meta Knight|Trick Room|p1b: Meta Knight\n|-fieldstart|move: Trick Room|[of] p1b: Meta Knight\n|\n|upkeep\n|turn|2\n|inactive|TGH_sr has 30 seconds left.\n|inactive|TGH_sr has 20 seconds left.\n|inactive|TGH_sr has 15 seconds left.\n|\n|t:|1683390579\n|move|p2b: Kingambit|Kowtow Cleave|p1b: Meta Knight\n|-damage|p1b: Meta Knight|15\/100\n|move|p1a: Tuff|Swords Dance|p1a: Tuff\n|-boost|p1a: Tuff|atk|2\n|move|p1b: Meta Knight|Armor Cannon|p2b: Kingambit\n|-supereffective|p2b: Kingambit\n|-damage|p2b: Kingambit|0 fnt\n|-unboost|p1b: Meta Knight|def|1\n|-unboost|p1b: Meta Knight|spd|1\n|faint|p2b: Kingambit\n|move|p2a: Garchomp|Dragon Claw|p1b: Meta Knight\n|-damage|p1b: Meta Knight|0 fnt\n|faint|p1b: Meta Knight\n|-damage|p2a: Garchomp|81\/100|[from] item: Life Orb\n|\n|upkeep\n|\n|t:|1683390595\n|switch|p2b: Amoonguss|Amoonguss, L50, M|100\/100\n|switch|p1b: Dedede|Ting-Lu, L50|100\/100\n|-ability|p1b: Dedede|Vessel of Ruin\n|turn|3\n|\n|t:|1683390615\n|move|p1a: Tuff|Protect|p1a: Tuff\n|-singleturn|p1a: Tuff|Protect\n|move|p2a: Garchomp|Protect|p2a: Garchomp\n|-singleturn|p2a: Garchomp|Protect\n|move|p2b: Amoonguss|Spore|p1a: Tuff\n|-activate|p1a: Tuff|move: Protect\n|move|p1b: Dedede|Ruination|p2b: Amoonguss\n|-damage|p2b: Amoonguss|50\/100\n|-enditem|p2b: Amoonguss|Sitrus Berry|[eat]\n|-heal|p2b: Amoonguss|75\/100|[from] item: Sitrus Berry\n|\n|upkeep\n|turn|4\n|\n|t:|1683390636\n|move|p1a: Tuff|Bullet Punch|p2b: Amoonguss\n|-damage|p2b: Amoonguss|0 fnt\n|faint|p2b: Amoonguss\n|move|p1b: Dedede|Ruination|p2a: Garchomp\n|-damage|p2a: Garchomp|41\/100\n|move|p2a: Garchomp|Dragon Claw|p1b: Dedede\n|-damage|p1b: Dedede|74\/100\n|-damage|p2a: Garchomp|32\/100|[from] item: Life Orb\n|\n|upkeep\n|\n|t:|1683390644\n|switch|p2b: Flutter Mane|Flutter Mane, L50|100\/100\n|turn|5\n|\n|t:|1683390667\n|move|p1a: Tuff|Bullet Punch|p2a: Garchomp\n|-damage|p2a: Garchomp|0 fnt\n|-damage|p1a: Tuff|88\/100|[from] ability: Rough Skin|[of] p2a: Garchomp\n|faint|p2a: Garchomp\n|move|p1b: Dedede|Stomping Tantrum|p2b: Flutter Mane\n|-damage|p2b: Flutter Mane|49\/100\n|move|p2b: Flutter Mane|Mystical Fire|p1a: Tuff\n|-supereffective|p1a: Tuff\n|-damage|p1a: Tuff|0 fnt\n|faint|p1a: Tuff\n|\n|-fieldend|move: Trick Room\n|upkeep\n|\n|t:|1683390678\n|switch|p1a: Escargoon|Wo-Chien, L50|100\/100\n|-ability|p1a: Escargoon|Tablets of Ruin\n|turn|6\n|\n|t:|1683390690\n|move|p2b: Flutter Mane|Mystical Fire|p1a: Escargoon\n|-supereffective|p1a: Escargoon\n|-damage|p1a: Escargoon|66\/100\n|-unboost|p1a: Escargoon|spa|1\n|move|p1a: Escargoon|Giga Drain|p2b: Flutter Mane\n|-damage|p2b: Flutter Mane|32\/100\n|-heal|p1a: Escargoon|73\/100|[from] drain|[of] p2b: Flutter Mane\n|move|p1b: Dedede|Stomping Tantrum|p2b: Flutter Mane\n|-damage|p2b: Flutter Mane|0 fnt\n|faint|p2b: Flutter Mane\n|-end|p2b: Flutter Mane|Protosynthesis|[silent]\n|\n|win|SoMuchAppletun\n|raw|SoMuchAppletun's rating: 1306 → 1325<\/strong> (+19 for winning)\n|raw|TGH_sr's rating: 1286 → 1262<\/strong> (-24 for losing)\n|c|\u2606SoMuchAppletun|gg mate\n|c|\u2606TGH_sr|gg\n","uploadtime":1683390706,"views":12,"p1id":"somuchappletun","p2id":"tghsr","formatid":"gen9vgc2023regulationc","rating":1262,"private":0,"password":""}