{"id":"gen9vgc2023regulationc-1849075341","p1":"Inkin","p2":"Uao","format":"[Gen 9] VGC 2023 Regulation C","log":"|j|\u2606Inkin\n|j|\u2606Uao\n|t:|1682150438\n|gametype|doubles\n|player|p1|Inkin|shadowtriad|1281\n|player|p2|Uao|silver|1347\n|teamsize|p1|6\n|teamsize|p2|6\n|gen|9\n|tier|[Gen 9] VGC 2023 Regulation C\n|rated|\n|rule|Species Clause: Limit one of each Pok\u00e9mon\n|rule|Item Clause: Limit one of each item\n|clearpoke\n|poke|p1|Arcanine, L50, M|\n|poke|p1|Chien-Pao, L50|\n|poke|p1|Dragonite, L50, F|\n|poke|p1|Amoonguss, L50, M|\n|poke|p1|Flutter Mane, L50|\n|poke|p1|Kingambit, L50, F|\n|poke|p2|Sandy Shocks, L50|\n|poke|p2|Torkoal, L50, M|\n|poke|p2|Lilligant, L50, F|\n|poke|p2|Flutter Mane, L50|\n|poke|p2|Dachsbun, L50, F|\n|poke|p2|Chi-Yu, L50|\n|teampreview|4\n|inactive|Battle timer is ON: inactive players will automatically lose when time's up. (requested by Uao)\n|inactive|Inkin has 60 seconds left.\n|inactive|Uao has 60 seconds left.\n|inactive|Uao has 30 seconds left.\n|inactive|Uao has 20 seconds left.\n|inactive|Uao has 15 seconds left.\n|inactive|Uao has 10 seconds left.\n|inactive|Uao has 5 seconds left.\n|\n|t:|1682150529\n|start\n|switch|p1a: Chien-Pao|Chien-Pao, L50|100\/100\n|switch|p1b: Amoonguss|Amoonguss, L50, M|100\/100\n|switch|p2a: Smoky|Torkoal, L50, M|100\/100\n|switch|p2b: Dachsbun|Dachsbun, L50, F|100\/100\n|-ability|p1a: Chien-Pao|Sword of Ruin\n|-weather|SunnyDay|[from] ability: Drought|[of] p2a: Smoky\n|turn|1\n|inactive|Inkin has 30 seconds left.\n|inactive|Uao has 30 seconds left.\n|inactive|Uao has 20 seconds left.\n|\n|t:|1682150566\n|move|p1a: Chien-Pao|Protect|p1a: Chien-Pao\n|-singleturn|p1a: Chien-Pao|Protect\n|move|p2a: Smoky|Protect|p2a: Smoky\n|-singleturn|p2a: Smoky|Protect\n|move|p2b: Dachsbun|Yawn|p1b: Amoonguss\n|-start|p1b: Amoonguss|move: Yawn|[of] p2b: Dachsbun\n|move|p1b: Amoonguss|Spore|p2a: Smoky\n|-activate|p2a: Smoky|move: Protect\n|\n|-weather|SunnyDay|[upkeep]\n|upkeep\n|turn|2\n|inactive|Inkin has 30 seconds left.\n|inactive|Inkin has 20 seconds left.\n|inactive|Inkin has 15 seconds left.\n|inactive|Inkin has 10 seconds left.\n|\n|t:|1682150614\n|switch|p1b: Dragonite|Dragonite, L50, F|100\/100\n|move|p1a: Chien-Pao|Sacred Sword|p2b: Dachsbun\n|-resisted|p2b: Dachsbun\n|-damage|p2b: Dachsbun|82\/100\n|move|p2b: Dachsbun|Body Press|p1a: Chien-Pao\n|-supereffective|p1a: Chien-Pao\n|-enditem|p1a: Chien-Pao|Focus Sash\n|-damage|p1a: Chien-Pao|1\/100\n|move|p2a: Smoky|Eruption|p1b: Dragonite|[spread] p1a,p1b\n|-supereffective|p1a: Chien-Pao\n|-resisted|p1b: Dragonite\n|-damage|p1a: Chien-Pao|0 fnt\n|-damage|p1b: Dragonite|86\/100\n|faint|p1a: Chien-Pao\n|\n|-weather|SunnyDay|[upkeep]\n|upkeep\n|\n|t:|1682150632\n|switch|p1a: Amoonguss|Amoonguss, L50, M|100\/100\n|turn|3\n|inactive|Uao has 30 seconds left.\n|inactive|Uao has 20 seconds left.\n|inactive|Uao has 15 seconds left.\n|inactive|Uao has 10 seconds left.\n|inactive|Uao has 5 seconds left.\n|\n|t:|1682150683\n|-terastallize|p1b: Dragonite|Normal\n|move|p2b: Dachsbun|Yawn|p1b: Dragonite\n|-start|p1b: Dragonite|move: Yawn|[of] p2b: Dachsbun\n|move|p1b: Dragonite|Stomping Tantrum|p2a: Smoky\n|-supereffective|p2a: Smoky\n|-damage|p2a: Smoky|36\/100\n|move|p1a: Amoonguss|Spore|p2b: Dachsbun\n|-status|p2b: Dachsbun|slp|[from] move: Spore\n|move|p2a: Smoky|Overheat|p1a: Amoonguss\n|-supereffective|p1a: Amoonguss\n|-damage|p1a: Amoonguss|0 fnt\n|-unboost|p2a: Smoky|spa|2\n|-enditem|p2a: Smoky|Eject Pack\n|faint|p1a: Amoonguss\n|\n|t:|1682150707\n|switch|p2a: Pelomagneto|Sandy Shocks, L50|100\/100\n|-activate|p2a: Pelomagneto|ability: Protosynthesis\n|-start|p2a: Pelomagneto|protosynthesisspe\n|\n|-weather|SunnyDay|[upkeep]\n|upkeep\n|\n|t:|1682150714\n|switch|p1a: Flutter Mane|Flutter Mane, L50|100\/100\n|-activate|p1a: Flutter Mane|ability: Protosynthesis\n|-start|p1a: Flutter Mane|protosynthesisspe\n|turn|4\n|\n|t:|1682150738\n|-terastallize|p2a: Pelomagneto|Steel\n|move|p1a: Flutter Mane|Dazzling Gleam|p2b: Dachsbun|[spread] p2a,p2b\n|-resisted|p2a: Pelomagneto\n|-damage|p2a: Pelomagneto|83\/100\n|-damage|p2b: Dachsbun|50\/100 slp\n|move|p2a: Pelomagneto|Flash Cannon|p1a: Flutter Mane\n|-supereffective|p1a: Flutter Mane\n|-damage|p1a: Flutter Mane|0 fnt\n|faint|p1a: Flutter Mane\n|-end|p1a: Flutter Mane|Protosynthesis|[silent]\n|cant|p2b: Dachsbun|slp\n|move|p1b: Dragonite|Stomping Tantrum|p2a: Pelomagneto\n|-supereffective|p2a: Pelomagneto\n|-damage|p2a: Pelomagneto|0 fnt\n|faint|p2a: Pelomagneto\n|-end|p2a: Pelomagneto|Protosynthesis|[silent]\n|\n|-weather|SunnyDay|[upkeep]\n|-end|p1b: Dragonite|move: Yawn|[silent]\n|-status|p1b: Dragonite|slp\n|upkeep\n|\n|t:|1682150753\n|switch|p2a: Chi-Yu|Chi-Yu, L50|100\/100\n|-ability|p2a: Chi-Yu|Beads of Ruin\n|turn|5\n|\n|t:|1682150763\n|move|p2a: Chi-Yu|Lava Plume|p1b: Dragonite|[spread] p1b\n|-ability|p2b: Dachsbun|Well-Baked Body|boost\n|-boost|p2b: Dachsbun|def|2\n|-damage|p1b: Dragonite|32\/100 slp\n|-curestatus|p2b: Dachsbun|slp|[msg]\n|move|p2b: Dachsbun|Wish|p2b: Dachsbun\n|cant|p1b: Dragonite|slp\n|\n|-weather|none\n|upkeep\n|turn|6\n|\n|t:|1682150775\n|move|p2b: Dachsbun|Helping Hand|p2a: Chi-Yu\n|-singleturn|p2a: Chi-Yu|Helping Hand|[of] p2b: Dachsbun\n|move|p2a: Chi-Yu|Lava Plume|p1b: Dragonite|[spread] p1b\n|-ability|p2b: Dachsbun|Well-Baked Body|boost\n|-boost|p2b: Dachsbun|def|2\n|-damage|p1b: Dragonite|0 fnt\n|faint|p1b: Dragonite\n|\n|win|Uao\n|raw|Inkin's rating: 1281 → 1261<\/strong> (-20 for losing)\n|raw|Uao's rating: 1347 → 1363<\/strong> (+16 for winning)\n","uploadtime":1682150790,"views":11,"p1id":"inkin","p2id":"uao","formatid":"gen9vgc2023regulationc","rating":1261,"private":0,"password":""}