{"id":"gen9vgc2023regulationc-1847403723","p1":"PureGamerVGC","p2":"Y0UNG$TER J0EY","format":"[Gen 9] VGC 2023 Regulation C","log":"|j|\u2606PureGamerVGC\n|j|\u2606Y0UNG$TER J0EY\n|t:|1681951086\n|gametype|doubles\n|player|p1|PureGamerVGC|skyla-masters2|1153\n|player|p2|Y0UNG$TER J0EY|266|1143\n|teamsize|p1|6\n|teamsize|p2|6\n|gen|9\n|tier|[Gen 9] VGC 2023 Regulation C\n|rated|\n|rule|Species Clause: Limit one of each Pok\u00e9mon\n|rule|Item Clause: Limit one of each item\n|clearpoke\n|poke|p1|Tsareena, L50, F|\n|poke|p1|Iron Moth, L50|\n|poke|p1|Palafin, L50, F|\n|poke|p1|Murkrow, L50, F|\n|poke|p1|Gholdengo, L50|\n|poke|p1|Altaria, L50, F|\n|poke|p2|Baxcalibur, L50, F|\n|poke|p2|Amoonguss, L50, F|\n|poke|p2|Ting-Lu, L50|\n|poke|p2|Arcanine, L50, F|\n|poke|p2|Palafin, L50, F|\n|poke|p2|Flutter Mane, L50|\n|teampreview|4\n|\n|t:|1681951124\n|start\n|switch|p1a: Iron Moth|Iron Moth, L50|100\/100\n|switch|p1b: Palafin|Palafin, L50, F|100\/100\n|switch|p2a: Flutter Mane|Flutter Mane, L50|100\/100\n|switch|p2b: Palafin|Palafin, L50, F|100\/100\n|-enditem|p1a: Iron Moth|Booster Energy\n|-activate|p1a: Iron Moth|ability: Quark Drive|[fromitem]\n|-start|p1a: Iron Moth|quarkdrivespe\n|turn|1\n|\n|t:|1681951140\n|-terastallize|p1a: Iron Moth|Fairy\n|-terastallize|p2b: Palafin|Water\n|move|p2a: Flutter Mane|Protect|p2a: Flutter Mane\n|-singleturn|p2a: Flutter Mane|Protect\n|move|p2b: Palafin|Jet Punch|p1a: Iron Moth\n|-damage|p1a: Iron Moth|37\/100\n|move|p1a: Iron Moth|Acid Spray|p2a: Flutter Mane\n|-activate|p2a: Flutter Mane|move: Protect\n|move|p1b: Palafin|Flip Turn|p2a: Flutter Mane\n|-activate|p2a: Flutter Mane|move: Protect\n|\n|upkeep\n|turn|2\n|\n|t:|1681951164\n|-end|p1a: Iron Moth|Quark Drive|[silent]\n|switch|p1a: Tsareena|Tsareena, L50, F|100\/100\n|move|p2b: Palafin|Jet Punch||[still]\n|cant|p1a: Tsareena|ability: Queenly Majesty|Jet Punch|[of] p2b: Palafin\n|move|p2a: Flutter Mane|Moonblast|p1b: Palafin\n|-damage|p1b: Palafin|11\/100\n|-unboost|p1b: Palafin|spa|1\n|-damage|p2a: Flutter Mane|91\/100|[from] item: Life Orb\n|move|p1b: Palafin|Flip Turn|p2a: Flutter Mane\n|-damage|p2a: Flutter Mane|42\/100\n|\n|t:|1681951189\n|detailschange|p1b: Palafin|Palafin-Hero, L50, F\n|switch|p1b: Iron Moth|Iron Moth, L50, tera:Fairy|37\/100|[from] Flip Turn\n|\n|upkeep\n|turn|3\n|\n|t:|1681951204\n|move|p2b: Palafin|Jet Punch||[still]\n|cant|p1a: Tsareena|ability: Queenly Majesty|Jet Punch|[of] p2b: Palafin\n|move|p1b: Iron Moth|Dazzling Gleam|p2b: Palafin|[spread] p2a,p2b\n|-crit|p2a: Flutter Mane\n|-damage|p2a: Flutter Mane|0 fnt\n|-damage|p2b: Palafin|58\/100\n|faint|p2a: Flutter Mane\n|-end|p2a: Flutter Mane|Protosynthesis|[silent]\n|move|p1a: Tsareena|Trailblaze|p2b: Palafin\n|-supereffective|p2b: Palafin\n|-damage|p2b: Palafin|1\/100\n|-boost|p1a: Tsareena|spe|1\n|\n|upkeep\n|\n|t:|1681951215\n|switch|p2a: Baxcalibur|Baxcalibur, L50, F|100\/100\n|turn|4\n|\n|t:|1681951229\n|move|p2b: Palafin|Protect|p2b: Palafin\n|-singleturn|p2b: Palafin|Protect\n|move|p1a: Tsareena|Trailblaze|p2b: Palafin\n|-activate|p2b: Palafin|move: Protect\n|move|p1b: Iron Moth|Dazzling Gleam|p2b: Palafin|[spread] p2a\n|-activate|p2b: Palafin|move: Protect\n|-supereffective|p2a: Baxcalibur\n|-damage|p2a: Baxcalibur|51\/100\n|move|p2a: Baxcalibur|Icicle Crash|p1a: Tsareena\n|-supereffective|p1a: Tsareena\n|-enditem|p1a: Tsareena|Focus Sash\n|-damage|p1a: Tsareena|1\/100\n|\n|upkeep\n|turn|5\n|\n|t:|1681951247\n|detailschange|p2b: Palafin|Palafin-Hero, L50, F, tera:Water\n|switch|p2b: Ting-Lu|Ting-Lu, L50|100\/100\n|-ability|p2b: Ting-Lu|Vessel of Ruin\n|move|p2a: Baxcalibur|Ice Shard||[still]\n|cant|p1a: Tsareena|ability: Queenly Majesty|Ice Shard|[of] p2a: Baxcalibur\n|move|p1a: Tsareena|Endeavor|p2a: Baxcalibur\n|-damage|p2a: Baxcalibur|1\/100\n|move|p1b: Iron Moth|Dazzling Gleam|p2b: Ting-Lu|[spread] p2a,p2b\n|-supereffective|p2a: Baxcalibur\n|-supereffective|p2b: Ting-Lu\n|-damage|p2a: Baxcalibur|0 fnt\n|-damage|p2b: Ting-Lu|77\/100\n|faint|p2a: Baxcalibur\n|\n|upkeep\n|\n|t:|1681951259\n|switch|p2a: Palafin|Palafin-Hero, L50, F, tera:Water|1\/100\n|-activate|p2a: Palafin|ability: Zero to Hero\n|turn|6\n|\n|t:|1681951276\n|move|p2a: Palafin|Protect|p2a: Palafin\n|-singleturn|p2a: Palafin|Protect\n|move|p1a: Tsareena|Endeavor|p2b: Ting-Lu\n|-damage|p2b: Ting-Lu|1\/100\n|move|p1b: Iron Moth|Dazzling Gleam|p2a: Palafin|[spread] p2b\n|-activate|p2a: Palafin|move: Protect\n|-supereffective|p2b: Ting-Lu\n|-damage|p2b: Ting-Lu|0 fnt\n|faint|p2b: Ting-Lu\n|\n|upkeep\n|turn|7\n|-message|Y0UNG$TER J0EY forfeited.\n|\n|win|PureGamerVGC\n|raw|PureGamerVGC's rating: 1153 → 1177<\/strong> (+24 for winning)\n|raw|Y0UNG$TER J0EY's rating: 1143 → 1119<\/strong> (-24 for losing)\n|l|\u2606Y0UNG$TER J0EY\n","uploadtime":1681951387,"views":7,"p1id":"puregamervgc","p2id":"y0ungterj0ey","formatid":"gen9vgc2023regulationc","rating":1119,"private":0,"password":""}