{"id":"gen9vgc2023regulationc-1864101092","p1":"ShadyTigers","p2":"thrillcorner","format":"[Gen 9] VGC 2023 Regulation C","log":"|j|\u2606ShadyTigers\n|j|\u2606thrillcorner\n|t:|1684117507\n|gametype|doubles\n|player|p1|ShadyTigers|266|1438\n|player|p2|thrillcorner|red-masters2|1478\n|teamsize|p1|6\n|teamsize|p2|6\n|gen|9\n|tier|[Gen 9] VGC 2023 Regulation C\n|rated|\n|rule|Species Clause: Limit one of each Pok\u00e9mon\n|rule|Item Clause: Limit one of each item\n|clearpoke\n|poke|p1|Roaring Moon, L50|\n|poke|p1|Murkrow, L50, M|\n|poke|p1|Torkoal, L50, F|\n|poke|p1|Flutter Mane, L50|\n|poke|p1|Great Tusk, L50|\n|poke|p1|Iron Bundle, L50|\n|poke|p2|Arcanine, L50, M|\n|poke|p2|Amoonguss, L50, F|\n|poke|p2|Flutter Mane, L50|\n|poke|p2|Kingambit, L50, F|\n|poke|p2|Baxcalibur, L50, F|\n|poke|p2|Iron Bundle, L50|\n|teampreview|4\nthrillcorner has agreed to open team sheets.\nShadyTigers has agreed to open team sheets.\n|c|\u2606thrillcorner|oh hey shady tigers!\n|c|\u2606thrillcorner|its thrill from discord\n|c|\u2606ShadyTigers|oh lmfaoo XD whats up\n|c|\u2606ShadyTigers|thats hilarious\n|c|\u2606thrillcorner|haha i was like i recognize that name\n|c|\u2606ShadyTigers|i dont even usually look at the name lmao\n|\n|t:|1684117579\n|start\n|switch|p1a: Murkrow|Murkrow, L50, M|100\/100\n|switch|p1b: Flutter Mane|Flutter Mane, L50|100\/100\n|switch|p2a: Ripley|Arcanine, L50, M|100\/100\n|switch|p2b: Spordyceps|Amoonguss, L50, F|100\/100\n|-ability|p2a: Ripley|Intimidate|boost\n|-unboost|p1a: Murkrow|atk|1\n|-unboost|p1b: Flutter Mane|atk|1\n|turn|1\n|c|\u2606thrillcorner|same\n|\n|t:|1684117606\n|move|p1b: Flutter Mane|Protect|p1b: Flutter Mane\n|-singleturn|p1b: Flutter Mane|Protect\n|move|p1a: Murkrow|Sunny Day|p1a: Murkrow\n|-weather|SunnyDay\n|-activate|p1b: Flutter Mane|ability: Protosynthesis\n|-start|p1b: Flutter Mane|protosynthesisspa\n|move|p2a: Ripley|Flare Blitz|p1b: Flutter Mane\n|-activate|p1b: Flutter Mane|move: Protect\n|move|p2b: Spordyceps|Spore|p1a: Murkrow\n|-status|p1a: Murkrow|slp|[from] move: Spore\n|\n|-weather|SunnyDay|[upkeep]\n|upkeep\n|turn|2\n|\n|t:|1684117624\n|-terastallize|p1b: Flutter Mane|Water\n|move|p2a: Ripley|Protect|p2a: Ripley\n|-singleturn|p2a: Ripley|Protect\n|cant|p1a: Murkrow|slp\n|move|p1b: Flutter Mane|Shadow Ball|p2a: Ripley\n|-activate|p2a: Ripley|move: Protect\n|move|p2b: Spordyceps|Spore|p1b: Flutter Mane\n|-status|p1b: Flutter Mane|slp|[from] move: Spore\n|\n|-weather|SunnyDay|[upkeep]\n|upkeep\n|turn|3\n|\n|t:|1684117648\n|switch|p2b: Iron Bundle|Iron Bundle, L50|100\/100\n|-enditem|p2b: Iron Bundle|Booster Energy\n|-activate|p2b: Iron Bundle|ability: Quark Drive|[fromitem]\n|-start|p2b: Iron Bundle|quarkdrivespe\n|cant|p1a: Murkrow|slp\n|cant|p1b: Flutter Mane|slp\n|move|p2a: Ripley|Flare Blitz|p1a: Murkrow\n|-damage|p1a: Murkrow|21\/100 slp\n|-damage|p2a: Ripley|78\/100|[from] Recoil\n|\n|-weather|SunnyDay|[upkeep]\n|upkeep\n|turn|4\n|\n|t:|1684117666\n|-curestatus|p1b: Flutter Mane|slp|[msg]\n|move|p1b: Flutter Mane|Protect|p1b: Flutter Mane\n|-singleturn|p1b: Flutter Mane|Protect\n|-curestatus|p1a: Murkrow|slp|[msg]\n|move|p1a: Murkrow|Tailwind|p1a: Murkrow\n|-sidestart|p1: ShadyTigers|move: Tailwind\n|move|p2b: Iron Bundle|Freeze-Dry|p1b: Flutter Mane\n|-activate|p1b: Flutter Mane|move: Protect\n|move|p2a: Ripley|Flare Blitz|p1a: Murkrow\n|-damage|p1a: Murkrow|0 fnt\n|faint|p1a: Murkrow\n|-damage|p2a: Ripley|72\/100|[from] Recoil\n|\n|-weather|SunnyDay|[upkeep]\n|upkeep\n|\n|t:|1684117677\n|switch|p1a: Great Tusk|Great Tusk, L50|100\/100\n|-activate|p1a: Great Tusk|ability: Protosynthesis\n|-start|p1a: Great Tusk|protosynthesisatk\n|turn|5\n|\n|t:|1684117689\n|switch|p2a: Spordyceps|Amoonguss, L50, F|100\/100\n|move|p2b: Iron Bundle|Protect|p2b: Iron Bundle\n|-singleturn|p2b: Iron Bundle|Protect\n|move|p1a: Great Tusk|Headlong Rush|p2a: Spordyceps\n|-damage|p2a: Spordyceps|24\/100\n|-unboost|p1a: Great Tusk|def|1\n|-unboost|p1a: Great Tusk|spd|1\n|-enditem|p2a: Spordyceps|Sitrus Berry|[eat]\n|-heal|p2a: Spordyceps|49\/100|[from] item: Sitrus Berry\n|move|p1b: Flutter Mane|Moonblast|p2b: Iron Bundle\n|-activate|p2b: Iron Bundle|move: Protect\n|\n|-weather|none\n|-end|p1a: Great Tusk|Protosynthesis\n|-end|p1b: Flutter Mane|Protosynthesis\n|upkeep\n|turn|6\n|\n|t:|1684117720\n|move|p2a: Spordyceps|Rage Powder|p2a: Spordyceps\n|-singleturn|p2a: Spordyceps|move: Rage Powder\n|move|p1a: Great Tusk|Headlong Rush|p2a: Spordyceps\n|-crit|p2a: Spordyceps\n|-damage|p2a: Spordyceps|0 fnt\n|-unboost|p1a: Great Tusk|def|1\n|-unboost|p1a: Great Tusk|spd|1\n|faint|p2a: Spordyceps\n|move|p1b: Flutter Mane|Shadow Ball|p2b: Iron Bundle\n|-damage|p2b: Iron Bundle|0 fnt\n|faint|p2b: Iron Bundle\n|-end|p2b: Iron Bundle|Quark Drive|[silent]\n|-damage|p1b: Flutter Mane|90\/100|[from] item: Life Orb\n|\n|upkeep\n|\n|t:|1684117732\n|switch|p2b: Willow|Flutter Mane, L50|100\/100\n|switch|p2a: Ripley|Arcanine, L50, M|72\/100\n|-ability|p2a: Ripley|Intimidate|boost\n|-unboost|p1a: Great Tusk|atk|1\n|-unboost|p1b: Flutter Mane|atk|1\n|turn|7\n|\n|t:|1684117768\n|-terastallize|p2b: Willow|Fairy\n|move|p2a: Ripley|Protect|p2a: Ripley\n|-singleturn|p2a: Ripley|Protect\n|move|p1a: Great Tusk|Headlong Rush|p2b: Willow\n|-damage|p2b: Willow|28\/100\n|-unboost|p1a: Great Tusk|def|1\n|-unboost|p1a: Great Tusk|spd|1\n|move|p1b: Flutter Mane|Shadow Ball|p2b: Willow\n|-damage|p2b: Willow|0 fnt\n|faint|p2b: Willow\n|-end|p2b: Willow|Protosynthesis|[silent]\n|-damage|p1b: Flutter Mane|80\/100|[from] item: Life Orb\n|\n|-sideend|p1: ShadyTigers|move: Tailwind\n|upkeep\n|turn|8\n|\n|t:|1684117784\n|move|p1a: Great Tusk|Headlong Rush|p2a: Ripley\n|-supereffective|p2a: Ripley\n|-damage|p2a: Ripley|0 fnt\n|-unboost|p1a: Great Tusk|def|1\n|-unboost|p1a: Great Tusk|spd|1\n|faint|p2a: Ripley\n|\n|win|ShadyTigers\n|raw|ShadyTigers's rating: 1438 → 1460<\/strong> (+22 for winning)\n|raw|thrillcorner's rating: 1478 → 1456<\/strong> (-22 for losing)\n|c|\u2606thrillcorner|gg\n|c|\u2606ShadyTigers|gg\n","uploadtime":1684117791,"views":55,"p1id":"shadytigers","p2id":"thrillcorner","formatid":"gen9vgc2023regulationc","rating":1456,"private":0,"password":""}