{"id":"gen9vgc2023regulationc-1861692467","p1":"bobhead1234567","p2":"AmphaPlays","format":"[Gen 9] VGC 2023 Regulation C","log":"|j|\u2606bobhead1234567\n|j|\u2606AmphaPlays\n|t:|1683795288\n|gametype|doubles\n|player|p1|bobhead1234567|265|1264\n|player|p2|AmphaPlays|170|1280\n|teamsize|p1|6\n|teamsize|p2|6\n|gen|9\n|tier|[Gen 9] VGC 2023 Regulation C\n|rated|\n|rule|Species Clause: Limit one of each Pok\u00e9mon\n|rule|Item Clause: Limit one of each item\n|clearpoke\n|poke|p1|Maushold, L50|\n|poke|p1|Annihilape, L50, M|\n|poke|p1|Chi-Yu, L50|\n|poke|p1|Iron Bundle, L50|\n|poke|p1|Gyarados, L50, F|\n|poke|p1|Amoonguss, L50, F|\n|poke|p2|Annihilape, L50, M|\n|poke|p2|Ting-Lu, L50|\n|poke|p2|Grimmsnarl, L50, M|\n|poke|p2|Talonflame, L50, M|\n|poke|p2|Palafin, L50, F|\n|poke|p2|Chi-Yu, L50|\n|teampreview|4\n|inactive|Battle timer is ON: inactive players will automatically lose when time's up. (requested by bobhead1234567)\nbobhead1234567 has agreed to open team sheets.\n|inactive|bobhead1234567 has 60 seconds left.\n|\n|t:|1683795337\n|start\n|switch|p1a: Gyarados|Gyarados, L50, F|100\/100\n|switch|p1b: Iron Bundle|Iron Bundle, L50|100\/100\n|switch|p2a: Annihilape|Annihilape, L50, M|100\/100\n|switch|p2b: Grimmsnarl|Grimmsnarl, L50, M|100\/100\n|-ability|p1a: Gyarados|Intimidate|boost\n|-unboost|p2a: Annihilape|atk|1\n|-ability|p2a: Annihilape|Defiant|boost\n|-boost|p2a: Annihilape|atk|2\n|-unboost|p2b: Grimmsnarl|atk|1\n|-enditem|p1b: Iron Bundle|Booster Energy\n|-activate|p1b: Iron Bundle|ability: Quark Drive|[fromitem]\n|-start|p1b: Iron Bundle|quarkdrivespe\n|turn|1\n|inactive|AmphaPlays has 30 seconds left.\n|\n|t:|1683795368\n|-end|p1b: Iron Bundle|Quark Drive|[silent]\n|switch|p1b: Annihilape|Annihilape, L50, M|100\/100\n|move|p2b: Grimmsnarl|Reflect|p2b: Grimmsnarl\n|-sidestart|p2: AmphaPlays|Reflect\n|move|p1a: Gyarados|Thunder Wave|p2a: Annihilape\n|-status|p2a: Annihilape|par\n|move|p2a: Annihilape|Drain Punch|p1b: Annihilape\n|-immune|p1b: Annihilape\n|\n|upkeep\n|turn|2\n|\n|t:|1683795385\n|-terastallize|p2a: Annihilape|Fire\n|move|p2b: Grimmsnarl|Thunder Wave|p1a: Gyarados\n|-status|p1a: Gyarados|par\n|-enditem|p1a: Gyarados|Lum Berry|[eat]\n|-curestatus|p1a: Gyarados|par|[msg]\n|move|p1a: Gyarados|Taunt|p2b: Grimmsnarl\n|-start|p2b: Grimmsnarl|move: Taunt\n|move|p1b: Annihilape|Bulk Up|p1b: Annihilape\n|-boost|p1b: Annihilape|atk|1\n|-boost|p1b: Annihilape|def|1\n|move|p2a: Annihilape|Rage Fist|p1b: Annihilape\n|-supereffective|p1b: Annihilape\n|-damage|p1b: Annihilape|49\/100\n|-enditem|p1b: Annihilape|Sitrus Berry|[eat]\n|-heal|p1b: Annihilape|74\/100|[from] item: Sitrus Berry\n|\n|upkeep\n|turn|3\n|inactive|bobhead1234567 has 30 seconds left.\n|inactive|AmphaPlays has 30 seconds left.\n|\n|t:|1683795419\n|switch|p2b: Ting-Lu|Ting-Lu, L50|100\/100\n|-ability|p2b: Ting-Lu|Vessel of Ruin\n|-terastallize|p1b: Annihilape|Water\n|move|p1a: Gyarados|Waterfall|p2a: Annihilape\n|-supereffective|p2a: Annihilape\n|-damage|p2a: Annihilape|56\/100 par\n|move|p1b: Annihilape|Bulk Up|p1b: Annihilape\n|-boost|p1b: Annihilape|atk|1\n|-boost|p1b: Annihilape|def|1\n|move|p2a: Annihilape|Rage Fist|p1b: Annihilape\n|-damage|p1b: Annihilape|33\/100\n|\n|upkeep\n|turn|4\n|inactive|bobhead1234567 has 30 seconds left.\n|\n|t:|1683795448\n|switch|p1a: Iron Bundle|Iron Bundle, L50|100\/100\n|move|p1b: Annihilape|Protect|p1b: Annihilape\n|-singleturn|p1b: Annihilape|Protect\n|move|p2b: Ting-Lu|Ruination|p1a: Iron Bundle\n|-damage|p1a: Iron Bundle|51\/100\n|move|p2a: Annihilape|Drain Punch|p1b: Annihilape\n|-activate|p1b: Annihilape|move: Protect\n|\n|upkeep\n|turn|5\n|\n|t:|1683795467\n|move|p2a: Annihilape|Protect|p2a: Annihilape\n|-singleturn|p2a: Annihilape|Protect\n|move|p1a: Iron Bundle|Encore|p2b: Ting-Lu\n|-start|p2b: Ting-Lu|Encore\n|move|p1b: Annihilape|Drain Punch|p2a: Annihilape\n|-activate|p2a: Annihilape|move: Protect\n|move|p2b: Ting-Lu|Ruination|p1a: Iron Bundle\n|-damage|p1a: Iron Bundle|26\/100\n|\n|upkeep\n|turn|6\n|\n|t:|1683795485\n|move|p1a: Iron Bundle|Icy Wind|p2b: Ting-Lu|[spread] p2a,p2b\n|-resisted|p2a: Annihilape\n|-supereffective|p2b: Ting-Lu\n|-damage|p2a: Annihilape|50\/100 par\n|-damage|p2b: Ting-Lu|88\/100\n|-unboost|p2a: Annihilape|spe|1\n|-ability|p2a: Annihilape|Defiant|boost\n|-boost|p2a: Annihilape|atk|2\n|-unboost|p2b: Ting-Lu|spe|1\n|move|p1b: Annihilape|Drain Punch|p2a: Annihilape\n|-damage|p2a: Annihilape|9\/100 par\n|-heal|p1b: Annihilape|54\/100|[from] drain|[of] p2a: Annihilape\n|move|p2b: Ting-Lu|Ruination|p1b: Annihilape\n|-damage|p1b: Annihilape|27\/100\n|move|p2a: Annihilape|Drain Punch|p1a: Iron Bundle\n|-supereffective|p1a: Iron Bundle\n|-damage|p1a: Iron Bundle|0 fnt\n|-heal|p2a: Annihilape|18\/100 par|[from] drain|[of] p1a: Iron Bundle\n|faint|p1a: Iron Bundle\n|-end|p1a: Iron Bundle|Quark Drive|[silent]\n|\n|upkeep\n|inactive|bobhead1234567 has 30 seconds left.\n|\n|t:|1683795510\n|switch|p1a: Gyarados|Gyarados, L50, F|100\/100\n|-ability|p1a: Gyarados|Intimidate|boost\n|-unboost|p2a: Annihilape|atk|1\n|-ability|p2a: Annihilape|Defiant|boost\n|-boost|p2a: Annihilape|atk|2\n|-unboost|p2b: Ting-Lu|atk|1\n|turn|7\n|\n|t:|1683795526\n|move|p1a: Gyarados|Waterfall|p2a: Annihilape\n|-supereffective|p2a: Annihilape\n|-damage|p2a: Annihilape|0 fnt\n|faint|p2a: Annihilape\n|move|p1b: Annihilape|Drain Punch|p2b: Ting-Lu\n|-supereffective|p2b: Ting-Lu\n|-damage|p2b: Ting-Lu|32\/100\n|-heal|p1b: Annihilape|60\/100|[from] drain|[of] p2b: Ting-Lu\n|move|p2b: Ting-Lu|Ruination|p1a: Gyarados\n|-damage|p1a: Gyarados|51\/100\n|\n|-end|p2b: Ting-Lu|Encore\n|upkeep\n|\n|t:|1683795542\n|switch|p2a: Chi-Yu|Chi-Yu, L50|100\/100\n|-ability|p2a: Chi-Yu|Beads of Ruin\n|turn|8\n|\n|t:|1683795563\n|move|p1b: Annihilape|Protect|p1b: Annihilape\n|-singleturn|p1b: Annihilape|Protect\n|move|p2a: Chi-Yu|Dark Pulse|p1b: Annihilape\n|-activate|p1b: Annihilape|move: Protect\n|move|p1a: Gyarados|Waterfall|p2a: Chi-Yu\n|-supereffective|p2a: Chi-Yu\n|-damage|p2a: Chi-Yu|44\/100\n|move|p2b: Ting-Lu|Stomping Tantrum|p1b: Annihilape\n|-activate|p1b: Annihilape|move: Protect\n|\n|-sideend|p2: AmphaPlays|Reflect\n|upkeep\n|turn|9\n|\n|t:|1683795585\n|switch|p1b: Amoonguss|Amoonguss, L50, F|100\/100\n|move|p2a: Chi-Yu|Dark Pulse|p1b: Amoonguss\n|-damage|p1b: Amoonguss|59\/100\n|-damage|p2a: Chi-Yu|34\/100|[from] item: Life Orb\n|move|p1a: Gyarados|Waterfall|p2a: Chi-Yu\n|-supereffective|p2a: Chi-Yu\n|-damage|p2a: Chi-Yu|0 fnt\n|faint|p2a: Chi-Yu\n|move|p2b: Ting-Lu|Ruination|p1a: Gyarados\n|-damage|p1a: Gyarados|26\/100\n|\n|upkeep\n|\n|t:|1683795593\n|switch|p2a: Grimmsnarl|Grimmsnarl, L50, M|100\/100\n|turn|10\n|\n|t:|1683795612\n|move|p2a: Grimmsnarl|Fake Out|p1b: Amoonguss\n|-damage|p1b: Amoonguss|49\/100\n|move|p1a: Gyarados|Taunt|p2a: Grimmsnarl\n|-start|p2a: Grimmsnarl|move: Taunt\n|cant|p1b: Amoonguss|flinch\n|move|p2b: Ting-Lu|Snarl|p1a: Gyarados|[spread] p1a,p1b\n|-damage|p1a: Gyarados|20\/100\n|-damage|p1b: Amoonguss|44\/100\n|-unboost|p1a: Gyarados|spa|1\n|-unboost|p1b: Amoonguss|spa|1\n|\n|upkeep\n|turn|11\n|inactive|bobhead1234567 has 30 seconds left.\n|\n|t:|1683795641\n|move|p2a: Grimmsnarl|Fake Out||[still]\n|-hint|Fake Out only works on your first turn out.\n|-fail|p2a: Grimmsnarl\n|move|p1a: Gyarados|Waterfall|p2b: Ting-Lu\n|-supereffective|p2b: Ting-Lu\n|-damage|p2b: Ting-Lu|0 fnt\n|faint|p2b: Ting-Lu\n|move|p1b: Amoonguss|Pollen Puff|p1a: Gyarados\n|-heal|p1a: Gyarados|70\/100\n|\n|upkeep\n|turn|12\n|-message|AmphaPlays forfeited.\n|\n|win|bobhead1234567\n|raw|bobhead1234567's rating: 1264 → 1290<\/strong> (+26 for winning)\n|raw|AmphaPlays's rating: 1280 → 1254<\/strong> (-26 for losing)\n|l|\u2606AmphaPlays\n","uploadtime":1683795658,"views":10,"p1id":"bobhead1234567","p2id":"amphaplays","formatid":"gen9vgc2023regulationc","rating":1254,"private":0,"password":""}