{"id":"gen9vgc2023regulationc-1854271946","p1":"natiakane","p2":"hvac goon","format":"[Gen 9] VGC 2023 Regulation C","log":"|j|\u2606natiakane\n|j|\u2606hvac goon\n|t:|1682791063\n|gametype|doubles\n|player|p1|natiakane|dahlia|1384\n|player|p2|hvac goon|265|1377\n|teamsize|p1|6\n|teamsize|p2|6\n|gen|9\n|tier|[Gen 9] VGC 2023 Regulation C\n|rated|\n|rule|Species Clause: Limit one of each Pok\u00e9mon\n|rule|Item Clause: Limit one of each item\n|clearpoke\n|poke|p1|Palafin, L50, M|\n|poke|p1|Iron Bundle, L50|\n|poke|p1|Chi-Yu, L50|\n|poke|p1|Chien-Pao, L50|\n|poke|p1|Dondozo, L50, F|\n|poke|p1|Tatsugiri-Droopy, L50, F|\n|poke|p2|Chi-Yu, L50|\n|poke|p2|Glimmora, L50, M|\n|poke|p2|Iron Hands, L50|\n|poke|p2|Palafin, L50, F|\n|poke|p2|Dondozo, L50, M|\n|poke|p2|Tatsugiri, L50, F|\n|teampreview|4\n|inactive|Battle timer is ON: inactive players will automatically lose when time's up. (requested by hvac goon)\n|inactive|natiakane also wants the timer to be on.\n|\n|t:|1682791088\n|start\n|switch|p1a: Palafin|Palafin, L50, M|100\/100\n|switch|p1b: Iron Bundle|Iron Bundle, L50|100\/100\n|switch|p2a: Iron Hands|Iron Hands, L50|100\/100\n|switch|p2b: Glimmora|Glimmora, L50, M|100\/100\n|-enditem|p1b: Iron Bundle|Booster Energy\n|-activate|p1b: Iron Bundle|ability: Quark Drive|[fromitem]\n|-start|p1b: Iron Bundle|quarkdrivespe\n|turn|1\n|\n|t:|1682791106\n|move|p1b: Iron Bundle|Protect|p1b: Iron Bundle\n|-singleturn|p1b: Iron Bundle|Protect\n|move|p1a: Palafin|Protect|p1a: Palafin\n|-singleturn|p1a: Palafin|Protect\n|move|p2b: Glimmora|Power Gem|p1b: Iron Bundle\n|-activate|p1b: Iron Bundle|move: Protect\n|move|p2a: Iron Hands|Wild Charge|p1a: Palafin\n|-activate|p1a: Palafin|move: Protect\n|\n|upkeep\n|turn|2\n|\n|t:|1682791127\n|detailschange|p1a: Palafin|Palafin-Hero, L50, M\n|switch|p1a: Tatsugiri|Tatsugiri-Droopy, L50, F|100\/100\n|move|p1b: Iron Bundle|Hydro Pump|p2b: Glimmora\n|-supereffective|p2b: Glimmora\n|-enditem|p2b: Glimmora|Focus Sash\n|-damage|p2b: Glimmora|1\/100\n|move|p2b: Glimmora|Power Gem|p1b: Iron Bundle\n|-supereffective|p1b: Iron Bundle\n|-damage|p1b: Iron Bundle|0 fnt\n|faint|p1b: Iron Bundle\n|-end|p1b: Iron Bundle|Quark Drive|[silent]\n|move|p2a: Iron Hands|Drain Punch|p1a: Tatsugiri\n|-damage|p1a: Tatsugiri|10\/100\n|\n|upkeep\n|\n|t:|1682791138\n|switch|p1b: Dondozo|Dondozo, L50, F|100\/100\n|-activate|p1a: Tatsugiri|ability: Commander|[of] p1b: Dondozo\n|-boost|p1b: Dondozo|atk|2\n|-boost|p1b: Dondozo|spa|2\n|-boost|p1b: Dondozo|spe|2\n|-boost|p1b: Dondozo|def|2\n|-boost|p1b: Dondozo|spd|2\n|turn|3\n|\n|t:|1682791159\n|-terastallize|p1b: Dondozo|Ground\n|move|p2b: Glimmora|Spiky Shield|p2b: Glimmora\n|-singleturn|p2b: Glimmora|move: Protect\n|move|p1b: Dondozo|Substitute|p1b: Dondozo\n|-start|p1b: Dondozo|Substitute\n|-damage|p1b: Dondozo|76\/100\n|move|p2a: Iron Hands|Wild Charge|p1b: Dondozo\n|-immune|p1b: Dondozo\n|\n|upkeep\n|turn|4\n|\n|t:|1682791179\n|switch|p2b: Tatsugiri|Tatsugiri, L50, F|100\/100\n|-end|p2a: Iron Hands|Quark Drive|[silent]\n|switch|p2a: Dondozo|Dondozo, L50, M|100\/100\n|-activate|p2b: Tatsugiri|ability: Commander|[of] p2a: Dondozo\n|-boost|p2a: Dondozo|atk|2\n|-boost|p2a: Dondozo|spa|2\n|-boost|p2a: Dondozo|spe|2\n|-boost|p2a: Dondozo|def|2\n|-boost|p2a: Dondozo|spd|2\n|move|p1b: Dondozo|Earthquake|p2a: Dondozo|[spread] p2a\n|-miss|p1b: Dondozo|p1a: Tatsugiri\n|-miss|p1b: Dondozo|p2b: Tatsugiri\n|-damage|p2a: Dondozo|48\/100\n|\n|-heal|p2a: Dondozo|55\/100|[from] item: Leftovers\n|upkeep\n|turn|5\n|\n|t:|1682791204\n|-terastallize|p2a: Dondozo|Grass\n|move|p1b: Dondozo|Earthquake|p2a: Dondozo|[spread] p2a\n|-miss|p1b: Dondozo|p1a: Tatsugiri\n|-miss|p1b: Dondozo|p2b: Tatsugiri\n|-resisted|p2a: Dondozo\n|-damage|p2a: Dondozo|31\/100\n|move|p2a: Dondozo|Tera Blast|p1b: Dondozo\n|-supereffective|p1b: Dondozo\n|-end|p1b: Dondozo|Substitute\n|\n|-heal|p2a: Dondozo|37\/100|[from] item: Leftovers\n|upkeep\n|turn|6\n|\n|t:|1682791217\n|move|p1b: Dondozo|Wave Crash|p2a: Dondozo\n|-resisted|p2a: Dondozo\n|-damage|p2a: Dondozo|0 fnt\n|faint|p2a: Dondozo\n|-damage|p1b: Dondozo|64\/100|[from] Recoil\n|\n|upkeep\n|\n|t:|1682791223\n|switch|p2a: Iron Hands|Iron Hands, L50|100\/100\n|turn|7\n|\n|t:|1682791233\n|move|p1b: Dondozo|Protect|p1b: Dondozo\n|-singleturn|p1b: Dondozo|Protect\n|move|p2a: Iron Hands|Fake Out|p1b: Dondozo\n|-activate|p1b: Dondozo|move: Protect\n|move|p2b: Tatsugiri|Muddy Water|p1b: Dondozo|[spread] \n|-miss|p2b: Tatsugiri|p1a: Tatsugiri\n|-activate|p1b: Dondozo|move: Protect\n|\n|upkeep\n|turn|8\n|\n|t:|1682791243\n|-end|p2a: Iron Hands|Quark Drive|[silent]\n|switch|p2a: Glimmora|Glimmora, L50, M|1\/100\n|move|p1b: Dondozo|Earthquake|p2a: Glimmora|[spread] p2a,p2b\n|-miss|p1b: Dondozo|p1a: Tatsugiri\n|-supereffective|p2a: Glimmora\n|-damage|p2a: Glimmora|0 fnt\n|-damage|p2b: Tatsugiri|0 fnt\n|-activate|p2a: Glimmora|ability: Toxic Debris\n|-sidestart|p1: natiakane|move: Toxic Spikes\n|faint|p2a: Glimmora\n|faint|p2b: Tatsugiri\n|\n|upkeep\n|c|\u2606hvac goon|wow what a bum\\\n|\n|t:|1682791259\n|switch|p2a: Iron Hands|Iron Hands, L50|100\/100\n|turn|9\n|-message|hvac goon forfeited.\n|\n|win|natiakane\n|raw|natiakane's rating: 1384 → 1404<\/strong> (+20 for winning)\n|raw|hvac goon's rating: 1377 → 1357<\/strong> (-20 for losing)\n|l|\u2606hvac goon\n","uploadtime":1682791275,"views":24,"p1id":"natiakane","p2id":"hvacgoon","formatid":"gen9vgc2023regulationc","rating":1357,"private":0,"password":""}