{"id":"gen9vgc2023regulationc-1855150426","p1":"Poke-Ranger Donnie","p2":"jeffman323","format":"[Gen 9] VGC 2023 Regulation C","log":"|j|\u2606Poke-Ranger Donnie\n|j|\u2606jeffman323\n|t:|1682907464\n|gametype|doubles\n|player|p1|Poke-Ranger Donnie|pokemonranger-gen4|1440\n|player|p2|jeffman323|steven|1568\n|teamsize|p1|6\n|teamsize|p2|6\n|gen|9\n|tier|[Gen 9] VGC 2023 Regulation C\n|rated|\n|rule|Species Clause: Limit one of each Pok\u00e9mon\n|rule|Item Clause: Limit one of each item\n|clearpoke\n|poke|p1|Chi-Yu, L50|\n|poke|p1|Tatsugiri, L50, F|\n|poke|p1|Dondozo, L50, F|\n|poke|p1|Great Tusk, L50|\n|poke|p1|Scizor, L50, M|\n|poke|p1|Hatterene, L50, F|\n|poke|p2|Hatterene, L50, F|\n|poke|p2|Azumarill, L50, F|\n|poke|p2|Brute Bonnet, L50|\n|poke|p2|Kingambit, L50, F|\n|poke|p2|Iron Hands, L50|\n|poke|p2|Stantler, L50, F|\n|teampreview|4\njeffman323 has agreed to open team sheets.\nPoke-Ranger Donnie has agreed to open team sheets.\n|c|\u2606Poke-Ranger Donnie|I love the team\n|j| Hikawari\n|c|\u2606Poke-Ranger Donnie|Super super cool stuff\n|\n|t:|1682907563\n|start\n|switch|p1a: Chi-Yu|Chi-Yu, L50|100\/100\n|switch|p1b: Tatsugiri|Tatsugiri, L50, F|100\/100\n|switch|p2a: Iron Hands|Iron Hands, L50|100\/100\n|switch|p2b: Hatterene|Hatterene, L50, F|100\/100\n|-ability|p1a: Chi-Yu|Beads of Ruin\n|turn|1\n|\n|t:|1682907614\n|move|p2a: Iron Hands|Fake Out|p1a: Chi-Yu\n|-crit|p1a: Chi-Yu\n|-damage|p1a: Chi-Yu|62\/100\n|move|p1b: Tatsugiri|Muddy Water|p2a: Iron Hands|[spread] p2a,p2b\n|-damage|p2a: Iron Hands|72\/100\n|-damage|p2b: Hatterene|54\/100\n|-unboost|p2a: Iron Hands|accuracy|1\n|cant|p1a: Chi-Yu|flinch\n|move|p2b: Hatterene|Dazzling Gleam|p1a: Chi-Yu|[spread] p1a,p1b\n|-supereffective|p1b: Tatsugiri\n|-damage|p1a: Chi-Yu|20\/100\n|-damage|p1b: Tatsugiri|0 fnt\n|faint|p1b: Tatsugiri\n|\n|upkeep\n|\n|t:|1682907630\n|switch|p1b: Scizor|Scizor, L50, M|100\/100\n|turn|2\n|\n|t:|1682907636\n|move|p2b: Hatterene|Protect|p2b: Hatterene\n|-singleturn|p2b: Hatterene|Protect\n|move|p1b: Scizor|Bullet Punch|p2b: Hatterene\n|-activate|p2b: Hatterene|move: Protect\n|move|p1a: Chi-Yu|Heat Wave|p2b: Hatterene|[spread] p2a\n|-activate|p2b: Hatterene|move: Protect\n|-damage|p2a: Iron Hands|43\/100\n|move|p2a: Iron Hands|Earthquake|p1b: Scizor|[spread] \n|-activate|p2b: Hatterene|move: Protect\n|-miss|p2a: Iron Hands|p1a: Chi-Yu\n|-miss|p2a: Iron Hands|p1b: Scizor\n|\n|upkeep\n|turn|3\n|\n|t:|1682907667\n|-terastallize|p2b: Hatterene|Fire\n|move|p1a: Chi-Yu|Heat Wave|p2a: Iron Hands|[spread] p2a,p2b\n|-resisted|p2b: Hatterene\n|-damage|p2a: Iron Hands|13\/100\n|-damage|p2b: Hatterene|27\/100\n|-status|p2a: Iron Hands|brn\n|move|p1b: Scizor|U-turn|p2b: Hatterene\n|-resisted|p2b: Hatterene\n|-damage|p2b: Hatterene|2\/100\n|\n|t:|1682907675\n|switch|p1b: Dondozo|Dondozo, L50, F|100\/100|[from] U-turn\n|move|p2a: Iron Hands|Earthquake|p1a: Chi-Yu|[spread] p2b,p1b\n|-miss|p2a: Iron Hands|p1a: Chi-Yu\n|-supereffective|p2b: Hatterene\n|-damage|p2b: Hatterene|0 fnt\n|-damage|p1b: Dondozo|91\/100\n|faint|p2b: Hatterene\n|\n|-heal|p1b: Dondozo|97\/100|[from] item: Leftovers\n|-damage|p2a: Iron Hands|7\/100 brn|[from] brn\n|upkeep\n|\n|t:|1682907684\n|switch|p2b: Azumarill|Azumarill, L50, F|100\/100\n|turn|4\n|\n|t:|1682907700\n|-end|p2a: Iron Hands|Quark Drive|[silent]\n|switch|p2a: Brute Bonnet|Brute Bonnet, L50|100\/100\n|move|p1a: Chi-Yu|Protect|p1a: Chi-Yu\n|-singleturn|p1a: Chi-Yu|Protect\n|move|p2b: Azumarill|Aqua Jet|p1a: Chi-Yu\n|-activate|p1a: Chi-Yu|move: Protect\n|move|p1b: Dondozo|Wave Crash|p2b: Azumarill\n|-resisted|p2b: Azumarill\n|-damage|p2b: Azumarill|73\/100\n|-damage|p1b: Dondozo|90\/100|[from] Recoil\n|\n|-heal|p1b: Dondozo|96\/100|[from] item: Leftovers\n|upkeep\n|turn|5\n|\n|t:|1682907729\n|switch|p1a: Scizor|Scizor, L50, M|100\/100\n|-terastallize|p1b: Dondozo|Grass\n|move|p2a: Brute Bonnet|Sucker Punch||[still]\n|-fail|p2a: Brute Bonnet\n|move|p1b: Dondozo|Wave Crash|p2b: Azumarill\n|-resisted|p2b: Azumarill\n|-damage|p2b: Azumarill|43\/100\n|-enditem|p2b: Azumarill|Sitrus Berry|[eat]\n|-heal|p2b: Azumarill|68\/100|[from] item: Sitrus Berry\n|-damage|p1b: Dondozo|88\/100|[from] Recoil\n|move|p2b: Azumarill|Play Rough|p1b: Dondozo\n|-damage|p1b: Dondozo|54\/100\n|\n|-heal|p1b: Dondozo|60\/100|[from] item: Leftovers\n|upkeep\n|turn|6\n|\n|t:|1682907749\n|move|p2a: Brute Bonnet|Protect|p2a: Brute Bonnet\n|-singleturn|p2a: Brute Bonnet|Protect\n|move|p1a: Scizor|U-turn|p2a: Brute Bonnet\n|-activate|p2a: Brute Bonnet|move: Protect\n|move|p1b: Dondozo|Wave Crash|p2b: Azumarill\n|-resisted|p2b: Azumarill\n|-damage|p2b: Azumarill|39\/100\n|-damage|p1b: Dondozo|53\/100|[from] Recoil\n|move|p2b: Azumarill|Liquidation|p1a: Scizor\n|-damage|p1a: Scizor|45\/100\n|\n|-heal|p1b: Dondozo|59\/100|[from] item: Leftovers\n|upkeep\n|turn|7\n|\n|t:|1682907767\n|move|p2a: Brute Bonnet|Sucker Punch|p1a: Scizor\n|-damage|p1a: Scizor|4\/100\n|move|p2b: Azumarill|Aqua Jet|p1a: Scizor\n|-damage|p1a: Scizor|0 fnt\n|faint|p1a: Scizor\n|move|p1b: Dondozo|Wave Crash|p2b: Azumarill\n|-resisted|p2b: Azumarill\n|-damage|p2b: Azumarill|7\/100\n|-damage|p1b: Dondozo|50\/100|[from] Recoil\n|\n|-heal|p1b: Dondozo|57\/100|[from] item: Leftovers\n|upkeep\n|\n|t:|1682907778\n|switch|p1a: Chi-Yu|Chi-Yu, L50|20\/100\n|-ability|p1a: Chi-Yu|Beads of Ruin\n|turn|8\n|\n|t:|1682907794\n|-end|p2a: Brute Bonnet|Protosynthesis|[silent]\n|switch|p2a: Iron Hands|Iron Hands, L50|7\/100 brn\n|move|p1a: Chi-Yu|Protect|p1a: Chi-Yu\n|-singleturn|p1a: Chi-Yu|Protect\n|move|p2b: Azumarill|Protect|p2b: Azumarill\n|-singleturn|p2b: Azumarill|Protect\n|move|p1b: Dondozo|Wave Crash|p2b: Azumarill\n|-activate|p2b: Azumarill|move: Protect\n|\n|-heal|p1b: Dondozo|63\/100|[from] item: Leftovers\n|-damage|p2a: Iron Hands|0 fnt|[from] brn\n|faint|p2a: Iron Hands\n|-end|p2a: Iron Hands|Quark Drive|[silent]\n|upkeep\n|\n|t:|1682907802\n|switch|p2a: Brute Bonnet|Brute Bonnet, L50|100\/100\n|turn|9\n|\n|t:|1682907818\n|move|p2a: Brute Bonnet|Sucker Punch|p1b: Dondozo\n|-damage|p1b: Dondozo|39\/100\n|move|p2b: Azumarill|Aqua Jet|p1a: Chi-Yu\n|-supereffective|p1a: Chi-Yu\n|-damage|p1a: Chi-Yu|0 fnt\n|faint|p1a: Chi-Yu\n|move|p1b: Dondozo|Order Up|p2a: Brute Bonnet\n|-damage|p2a: Brute Bonnet|80\/100\n|\n|-heal|p1b: Dondozo|46\/100|[from] item: Leftovers\n|upkeep\n|turn|10\n|\n|t:|1682907829\n|move|p2a: Brute Bonnet|Sucker Punch|p1b: Dondozo\n|-damage|p1b: Dondozo|19\/100\n|move|p1b: Dondozo|Earthquake|p2a: Brute Bonnet|[spread] p2a,p2b\n|-resisted|p2a: Brute Bonnet\n|-damage|p2a: Brute Bonnet|70\/100\n|-damage|p2b: Azumarill|0 fnt\n|faint|p2b: Azumarill\n|\n|-heal|p1b: Dondozo|25\/100|[from] item: Leftovers\n|upkeep\n|turn|11\n|\n|t:|1682907843\n|move|p1b: Dondozo|Protect|p1b: Dondozo\n|-singleturn|p1b: Dondozo|Protect\n|move|p2a: Brute Bonnet|Bullet Seed|p1b: Dondozo\n|-activate|p1b: Dondozo|move: Protect\n|\n|-heal|p1b: Dondozo|31\/100|[from] item: Leftovers\n|upkeep\n|turn|12\n|j| amob\n|\n|t:|1682907862\n|move|p1b: Dondozo|Order Up|p2a: Brute Bonnet\n|-damage|p2a: Brute Bonnet|48\/100\n|move|p2a: Brute Bonnet|Bullet Seed|p1b: Dondozo\n|-resisted|p1b: Dondozo\n|-damage|p1b: Dondozo|27\/100\n|-resisted|p1b: Dondozo\n|-damage|p1b: Dondozo|23\/100\n|-resisted|p1b: Dondozo\n|-damage|p1b: Dondozo|19\/100\n|-resisted|p1b: Dondozo\n|-damage|p1b: Dondozo|15\/100\n|-resisted|p1b: Dondozo\n|-damage|p1b: Dondozo|10\/100\n|-hitcount|p1b: Dondozo|5\n|\n|-heal|p1b: Dondozo|16\/100|[from] item: Leftovers\n|upkeep\n|turn|13\n|\n|t:|1682907874\n|move|p1b: Dondozo|Protect|p1b: Dondozo\n|-singleturn|p1b: Dondozo|Protect\n|move|p2a: Brute Bonnet|Bullet Seed|p1b: Dondozo\n|-activate|p1b: Dondozo|move: Protect\n|\n|-heal|p1b: Dondozo|23\/100|[from] item: Leftovers\n|upkeep\n|turn|14\n|\n|t:|1682907882\n|move|p1b: Dondozo|Order Up|p2a: Brute Bonnet\n|-damage|p2a: Brute Bonnet|26\/100\n|move|p2a: Brute Bonnet|Bullet Seed|p1b: Dondozo\n|-resisted|p1b: Dondozo\n|-damage|p1b: Dondozo|18\/100\n|-resisted|p1b: Dondozo\n|-damage|p1b: Dondozo|13\/100\n|-resisted|p1b: Dondozo\n|-damage|p1b: Dondozo|9\/100\n|-resisted|p1b: Dondozo\n|-damage|p1b: Dondozo|5\/100\n|-hitcount|p1b: Dondozo|4\n|\n|-heal|p1b: Dondozo|11\/100|[from] item: Leftovers\n|upkeep\n|turn|15\n|\n|t:|1682907893\n|move|p1b: Dondozo|Protect|p1b: Dondozo\n|-singleturn|p1b: Dondozo|Protect\n|move|p2a: Brute Bonnet|Bullet Seed|p1b: Dondozo\n|-activate|p1b: Dondozo|move: Protect\n|\n|-heal|p1b: Dondozo|18\/100|[from] item: Leftovers\n|upkeep\n|turn|16\n|\n|t:|1682907900\n|move|p2a: Brute Bonnet|Sucker Punch|p1b: Dondozo\n|-damage|p1b: Dondozo|0 fnt\n|faint|p1b: Dondozo\n|\n|win|jeffman323\n|raw|Poke-Ranger Donnie's rating: 1440 → 1427<\/strong> (-13 for losing)\n|raw|jeffman323's rating: 1568 → 1581<\/strong> (+13 for winning)\n","uploadtime":1682907903,"views":14,"p1id":"pokerangerdonnie","p2id":"jeffman323","formatid":"gen9vgc2023regulationc","rating":1427,"private":0,"password":""}