{"id":"gen9vgc2023regulationc-1857418832","p1":"Uahhhh","p2":"Insertable194","format":"[Gen 9] VGC 2023 Regulation C","log":"|j|\u2606Uahhhh\n|j|\u2606Insertable194\n|t:|1683190013\n|gametype|doubles\n|player|p1|Uahhhh|lady|\n|player|p2|Insertable194|hilbert-wonderlauncher|\n|teamsize|p1|6\n|teamsize|p2|6\n|gen|9\n|tier|[Gen 9] VGC 2023 Regulation C\n|rated|Tournament battle\n|rule|Species Clause: Limit one of each Pok\u00e9mon\n|rule|Item Clause: Limit one of each item\n|clearpoke\n|poke|p1|Chi-Yu, L50|\n|poke|p1|Great Tusk, L50|\n|poke|p1|Iron Bundle, L50|\n|poke|p1|Gholdengo, L50|\n|poke|p1|Murkrow, L50, F|\n|poke|p1|Abomasnow, L50, F|\n|poke|p2|Ting-Lu, L50|\n|poke|p2|Palafin, L50, F|\n|poke|p2|Amoonguss, L50, F|\n|poke|p2|Arcanine, L50, M|\n|poke|p2|Flutter Mane, L50|\n|poke|p2|Iron Hands, L50|\n|teampreview|4\nInsertable194 has agreed to open team sheets.\n|j| PuteroDondozo\n|inactive|Battle timer is ON: inactive players will automatically lose when time's up. (requested by Insertable194)\n|inactive|Insertable194 has 60 seconds left.\n|\n|t:|1683190048\n|start\n|switch|p1a: Abomasnow|Abomasnow, L50, F, shiny|100\/100\n|switch|p1b: Gholdengo|Gholdengo, L50|100\/100\n|switch|p2a: Palafin|Palafin, L50, F, shiny|100\/100\n|switch|p2b: Flutter Mane|Flutter Mane, L50|100\/100\n|-weather|Snow|[from] ability: Snow Warning|[of] p1a: Abomasnow\n|turn|1\n|\n|t:|1683190066\n|detailschange|p2a: Palafin|Palafin-Hero, L50, F, shiny\n|switch|p2a: Arcanine|Arcanine, L50, M|100\/100\n|-ability|p2a: Arcanine|Intimidate|boost\n|-unboost|p1a: Abomasnow|atk|1\n|-unboost|p1b: Gholdengo|atk|1\n|-terastallize|p2b: Flutter Mane|Water\n|-terastallize|p1b: Gholdengo|Water\n|move|p2b: Flutter Mane|Shadow Ball|p1b: Gholdengo\n|-damage|p1b: Gholdengo|40\/100\n|-enditem|p1b: Gholdengo|Sitrus Berry|[eat]\n|-heal|p1b: Gholdengo|65\/100|[from] item: Sitrus Berry\n|move|p1b: Gholdengo|Nasty Plot|p1b: Gholdengo\n|-boost|p1b: Gholdengo|spa|2\n|move|p1a: Abomasnow|Aurora Veil|p1a: Abomasnow\n|-sidestart|p1: Uahhhh|move: Aurora Veil\n|\n|-weather|Snow|[upkeep]\n|upkeep\n|turn|2\n|j| DigglySquiggly\n|inactive|Uahhhh has 30 seconds left.\n|inactive|Insertable194 has 30 seconds left.\n|inactive|Insertable194 has 20 seconds left.\n|inactive|Uahhhh has 20 seconds left.\n|inactive|Insertable194 has 15 seconds left.\n|\n|t:|1683190108\n|move|p2b: Flutter Mane|Shadow Ball|p1b: Gholdengo\n|-damage|p1b: Gholdengo|29\/100\n|move|p2a: Arcanine|Flare Blitz|p1a: Abomasnow\n|-supereffective|p1a: Abomasnow\n|-enditem|p1a: Abomasnow|Focus Sash\n|-damage|p1a: Abomasnow|1\/100\n|-damage|p2a: Arcanine|71\/100|[from] Recoil\n|move|p1b: Gholdengo|Make It Rain|p2a: Arcanine|[spread] p2a,p2b\n|-resisted|p2a: Arcanine\n|-resisted|p2b: Flutter Mane\n|-damage|p2a: Arcanine|24\/100\n|-damage|p2b: Flutter Mane|54\/100\n|-unboost|p1b: Gholdengo|spa|1\n|-enditem|p2a: Arcanine|Figy Berry|[eat]\n|-heal|p2a: Arcanine|57\/100|[from] item: Figy Berry\n|move|p1a: Abomasnow|Energy Ball|p2b: Flutter Mane\n|-supereffective|p2b: Flutter Mane\n|-damage|p2b: Flutter Mane|0 fnt\n|faint|p2b: Flutter Mane\n|-end|p2b: Flutter Mane|Protosynthesis|[silent]\n|\n|-weather|Snow|[upkeep]\n|upkeep\n|\n|t:|1683190131\n|switch|p2b: Palafin|Palafin-Hero, L50, F, shiny|100\/100\n|-activate|p2b: Palafin|ability: Zero to Hero\n|turn|3\n|\n|t:|1683190143\n|move|p1b: Gholdengo|Protect|p1b: Gholdengo\n|-singleturn|p1b: Gholdengo|Protect\n|move|p2a: Arcanine|Extreme Speed|p1a: Abomasnow\n|-damage|p1a: Abomasnow|0 fnt\n|faint|p1a: Abomasnow\n|move|p2b: Palafin|Wave Crash|p1b: Gholdengo\n|-activate|p1b: Gholdengo|move: Protect\n|\n|-weather|Snow|[upkeep]\n|upkeep\n|\n|t:|1683190152\n|switch|p1a: Murkrow|Murkrow, L50, F|100\/100\n|turn|4\n|\n|t:|1683190176\n|move|p1a: Murkrow|Sunny Day|p1a: Murkrow\n|-weather|SunnyDay\n|move|p2a: Arcanine|Flare Blitz|p1a: Murkrow\n|-damage|p1a: Murkrow|46\/100\n|-damage|p2a: Arcanine|44\/100|[from] Recoil\n|move|p2b: Palafin|Wave Crash|p1b: Gholdengo\n|-resisted|p1b: Gholdengo\n|-damage|p1b: Gholdengo|14\/100\n|-damage|p2b: Palafin|95\/100|[from] Recoil\n|move|p1b: Gholdengo|Make It Rain|p2b: Palafin|[spread] p2a,p2b\n|-resisted|p2a: Arcanine\n|-resisted|p2b: Palafin\n|-damage|p2a: Arcanine|3\/100\n|-damage|p2b: Palafin|59\/100\n|-unboost|p1b: Gholdengo|spa|1\n|\n|-weather|SunnyDay|[upkeep]\n|upkeep\n|turn|5\n|\n|t:|1683190199\n|move|p1b: Gholdengo|Protect|p1b: Gholdengo\n|-singleturn|p1b: Gholdengo|Protect\n|move|p2a: Arcanine|Extreme Speed|p1b: Gholdengo\n|-activate|p1b: Gholdengo|move: Protect\n|move|p1a: Murkrow|Tailwind|p1a: Murkrow\n|-sidestart|p1: Uahhhh|move: Tailwind\n|move|p2b: Palafin|Jet Punch|p1b: Gholdengo\n|-activate|p1b: Gholdengo|move: Protect\n|\n|-weather|SunnyDay|[upkeep]\n|-sideend|p1: Uahhhh|move: Aurora Veil\n|upkeep\n|turn|6\n|inactive|Insertable194 has 30 seconds left.\n|\n|t:|1683190228\n|move|p2a: Arcanine|Extreme Speed|p1b: Gholdengo\n|-damage|p1b: Gholdengo|0 fnt\n|faint|p1b: Gholdengo\n|move|p2b: Palafin|Jet Punch|p1a: Murkrow\n|-damage|p1a: Murkrow|21\/100\n|move|p1a: Murkrow|Foul Play|p2b: Palafin\n|-damage|p2b: Palafin|0 fnt\n|faint|p2b: Palafin\n|\n|-weather|SunnyDay|[upkeep]\n|upkeep\n|\n|t:|1683190241\n|switch|p2b: Iron Hands|Iron Hands, L50|100\/100\n|switch|p1b: Liyuu|Chi-Yu, L50|100\/100\n|-ability|p1b: Liyuu|Beads of Ruin\n|turn|7\n|\n|t:|1683190259\n|move|p2a: Arcanine|Extreme Speed|p1a: Murkrow\n|-damage|p1a: Murkrow|0 fnt\n|faint|p1a: Murkrow\n|move|p1b: Liyuu|Overheat|p2b: Iron Hands\n|-damage|p2b: Iron Hands|0 fnt\n|-unboost|p1b: Liyuu|spa|2\n|faint|p2b: Iron Hands\n|-end|p2b: Iron Hands|Quark Drive|[silent]\n|\n|-weather|SunnyDay|[upkeep]\n|upkeep\n|turn|8\n|inactive|Insertable194 has 30 seconds left.\n|j| Delicia Delight\n|\n|t:|1683190294\n|move|p2a: Arcanine|Extreme Speed|p1b: Liyuu\n|-damage|p1b: Liyuu|70\/100\n|move|p1b: Liyuu|Overheat|p2a: Arcanine\n|-resisted|p2a: Arcanine\n|-damage|p2a: Arcanine|0 fnt\n|-unboost|p1b: Liyuu|spa|2\n|faint|p2a: Arcanine\n|\n|win|Uahhhh\n|n|\u2606Uahhhh|uahhhh\n|n|\u2606Insertable194|insertable194\n|n| PuteroDondozo|puterodondozo\n|n| DigglySquiggly|digglysquiggly\n|n| Delicia Delight|deliciadelight\n","uploadtime":1683190295,"views":10,"p1id":"uahhhh","p2id":"insertable194","formatid":"gen9vgc2023regulationc","rating":0,"private":0,"password":""}