{"id":"gen9vgc2023regulationc-1852226064","p1":"jeffman323","p2":"perferw","format":"[Gen 9] VGC 2023 Regulation C","log":"|j|\u2606jeffman323\n|j|\u2606perferw\n|t:|1682534552\n|gametype|doubles\n|player|p1|jeffman323|steven|1630\n|player|p2|perferw|102|1676\n|teamsize|p1|6\n|teamsize|p2|6\n|gen|9\n|tier|[Gen 9] VGC 2023 Regulation C\n|rated|\n|rule|Species Clause: Limit one of each Pok\u00e9mon\n|rule|Item Clause: Limit one of each item\n|clearpoke\n|poke|p1|Hatterene, L50, F|\n|poke|p1|Azumarill, L50, M|\n|poke|p1|Brute Bonnet, L50|\n|poke|p1|Kingambit, L50, F|\n|poke|p1|Iron Hands, L50|\n|poke|p1|Stantler, L50, F|\n|poke|p2|Chien-Pao, L50|\n|poke|p2|Dragapult, L50, F|\n|poke|p2|Talonflame, L50, M|\n|poke|p2|Amoonguss, L50, F|\n|poke|p2|Flutter Mane, L50|\n|poke|p2|Arcanine, L50, F|\n|teampreview|4\n|inactive|Battle timer is ON: inactive players will automatically lose when time's up. (requested by perferw)\njeffman323 has agreed to open team sheets.\n|inactive|perferw has 60 seconds left.\n|j| Piccolo Ruiz\n|\n|t:|1682534598\n|start\n|switch|p1a: Iron Hands|Iron Hands, L50|100\/100\n|switch|p1b: Stantler|Stantler, L50, F|100\/100\n|switch|p2a: Chien-Pao|Chien-Pao, L50|100\/100\n|switch|p2b: Dragapult|Dragapult, L50, F|100\/100\n|-ability|p2a: Chien-Pao|Sword of Ruin\n|-ability|p1b: Stantler|Intimidate|boost\n|-unboost|p2a: Chien-Pao|atk|1\n|-fail|p2b: Dragapult|unboost|[from] ability: Clear Body|[of] p2b: Dragapult\n|turn|1\n|inactive|jeffman323 has 30 seconds left.\n|\n|t:|1682534627\n|switch|p2a: Flutter Mane|Flutter Mane, L50|100\/100\n|-enditem|p2a: Flutter Mane|Booster Energy\n|-activate|p2a: Flutter Mane|ability: Protosynthesis|[fromitem]\n|-start|p2a: Flutter Mane|protosynthesisspa\n|-terastallize|p1b: Stantler|Fire\n|move|p1a: Iron Hands|Fake Out|p2a: Flutter Mane\n|-immune|p2a: Flutter Mane\n|move|p2b: Dragapult|U-turn|p1b: Stantler\n|-resisted|p1b: Stantler\n|-damage|p1b: Stantler|84\/100\n|\n|t:|1682534636\n|switch|p2b: Amoonguss|Amoonguss, L50, F|100\/100|[from] U-turn\n|move|p1b: Stantler|Trick Room|p1b: Stantler\n|-fieldstart|move: Trick Room|[of] p1b: Stantler\n|\n|upkeep\n|turn|2\n|\n|t:|1682534652\n|-end|p1a: Iron Hands|Quark Drive|[silent]\n|switch|p1a: Kingambit|Kingambit, L50, F|100\/100\n|move|p2a: Flutter Mane|Protect|p2a: Flutter Mane\n|-singleturn|p2a: Flutter Mane|Protect\n|move|p2b: Amoonguss|Spore|p1a: Kingambit\n|-activate|p1a: Kingambit|item: Safety Goggles|Spore\n|move|p1b: Stantler|Light Screen|p1b: Stantler\n|-sidestart|p1: jeffman323|move: Light Screen\n|\n|upkeep\n|turn|3\n|j| cliforis\n|\n|t:|1682534676\n|switch|p1b: Hatterene|Hatterene, L50, F|100\/100\n|-terastallize|p2a: Flutter Mane|Water\n|move|p1a: Kingambit|Iron Head|p2a: Flutter Mane\n|-resisted|p2a: Flutter Mane\n|-damage|p2a: Flutter Mane|70\/100\n|move|p2b: Amoonguss|Spore|p1b: Hatterene\n|move|p1b: Hatterene|Spore|p2b: Amoonguss|[from]ability: Magic Bounce\n|-immune|p2b: Amoonguss\n|move|p2a: Flutter Mane|Moonblast|p1a: Kingambit\n|-damage|p1a: Kingambit|62\/100\n|\n|upkeep\n|turn|4\n|inactive|jeffman323 has 30 seconds left.\n|\n|t:|1682534704\n|move|p2a: Flutter Mane|Protect|p2a: Flutter Mane\n|-singleturn|p2a: Flutter Mane|Protect\n|move|p1b: Hatterene|Dazzling Gleam|p2b: Amoonguss|[spread] p2b\n|-activate|p2a: Flutter Mane|move: Protect\n|-resisted|p2b: Amoonguss\n|-damage|p2b: Amoonguss|85\/100\n|move|p1a: Kingambit|Kowtow Cleave|p2a: Flutter Mane\n|-activate|p2a: Flutter Mane|move: Protect\n|move|p2b: Amoonguss|Pollen Puff|p1b: Hatterene\n|-damage|p1b: Hatterene|87\/100\n|\n|upkeep\n|turn|5\n|\n|t:|1682534727\n|move|p1b: Hatterene|Psychic|p2b: Amoonguss\n|-supereffective|p2b: Amoonguss\n|-damage|p2b: Amoonguss|0 fnt\n|faint|p2b: Amoonguss\n|move|p1a: Kingambit|Iron Head|p2a: Flutter Mane\n|-resisted|p2a: Flutter Mane\n|-damage|p2a: Flutter Mane|38\/100\n|move|p2a: Flutter Mane|Shadow Ball|p1b: Hatterene\n|-supereffective|p1b: Hatterene\n|-damage|p1b: Hatterene|16\/100\n|\n|-fieldend|move: Trick Room\n|upkeep\n|\n|t:|1682534739\n|switch|p2b: Chien-Pao|Chien-Pao, L50|100\/100\n|-ability|p2b: Chien-Pao|Sword of Ruin\n|turn|6\n|\n|t:|1682534746\n|switch|p1a: Stantler|Stantler, L50, F, tera:Fire|84\/100\n|-ability|p1a: Stantler|Intimidate|boost\n|-unboost|p2a: Flutter Mane|atk|1\n|-unboost|p2b: Chien-Pao|atk|1\n|move|p2b: Chien-Pao|Sacred Sword|p1a: Stantler\n|-damage|p1a: Stantler|61\/100\n|move|p2a: Flutter Mane|Dazzling Gleam|p1a: Stantler|[spread] p1a,p1b\n|-resisted|p1a: Stantler\n|-damage|p1a: Stantler|53\/100\n|-damage|p1b: Hatterene|0 fnt\n|faint|p1b: Hatterene\n|\n|-sideend|p1: jeffman323|move: Light Screen\n|upkeep\n|\n|t:|1682534756\n|switch|p1b: Iron Hands|Iron Hands, L50|100\/100\n|turn|7\n|\n|t:|1682534768\n|switch|p2b: Dragapult|Dragapult, L50, F|100\/100\n|move|p2a: Flutter Mane|Protect|p2a: Flutter Mane\n|-singleturn|p2a: Flutter Mane|Protect\n|move|p1b: Iron Hands|Fake Out|p2a: Flutter Mane\n|-activate|p2a: Flutter Mane|move: Protect\n|move|p1a: Stantler|Trick Room|p1a: Stantler\n|-fieldstart|move: Trick Room|[of] p1a: Stantler\n|\n|upkeep\n|turn|8\n|\n|t:|1682534787\n|move|p1b: Iron Hands|Thunder Punch|p2a: Flutter Mane\n|-supereffective|p2a: Flutter Mane\n|-damage|p2a: Flutter Mane|0 fnt\n|faint|p2a: Flutter Mane\n|-end|p2a: Flutter Mane|Protosynthesis|[silent]\n|move|p1a: Stantler|Reflect|p1a: Stantler\n|-sidestart|p1: jeffman323|Reflect\n|move|p2b: Dragapult|Dragon Darts|p1b: Iron Hands\n|-damage|p1b: Iron Hands|83\/100\n|-anim|p2b: Dragapult|Dragon Darts|p1a: Stantler\n|-damage|p1a: Stantler|29\/100\n|\n|upkeep\n|\n|t:|1682534794\n|switch|p2a: Chien-Pao|Chien-Pao, L50|100\/100\n|-ability|p2a: Chien-Pao|Sword of Ruin\n|turn|9\n|\n|t:|1682534810\n|move|p1a: Stantler|Helping Hand|p1b: Iron Hands\n|-singleturn|p1b: Iron Hands|Helping Hand|[of] p1a: Stantler\n|move|p2a: Chien-Pao|Protect|p2a: Chien-Pao\n|-singleturn|p2a: Chien-Pao|Protect\n|move|p1b: Iron Hands|Thunder Punch|p2b: Dragapult\n|-resisted|p2b: Dragapult\n|-damage|p2b: Dragapult|36\/100\n|move|p2b: Dragapult|Dragon Darts|p1b: Iron Hands\n|-damage|p1b: Iron Hands|63\/100\n|-anim|p2b: Dragapult|Dragon Darts|p1a: Stantler\n|-damage|p1a: Stantler|0 fnt\n|faint|p1a: Stantler\n|\n|upkeep\n|\n|t:|1682534821\n|switch|p1a: Kingambit|Kingambit, L50, F|62\/100\n|turn|10\n|\n|t:|1682534832\n|move|p1a: Kingambit|Iron Head|p2a: Chien-Pao\n|-supereffective|p2a: Chien-Pao\n|-enditem|p2a: Chien-Pao|Focus Sash\n|-damage|p2a: Chien-Pao|1\/100\n|move|p1b: Iron Hands|Drain Punch|p2a: Chien-Pao\n|-supereffective|p2a: Chien-Pao\n|-damage|p2a: Chien-Pao|0 fnt\n|-heal|p1b: Iron Hands|63\/100|[from] drain|[of] p2a: Chien-Pao\n|faint|p2a: Chien-Pao\n|move|p2b: Dragapult|Dragon Darts|p1b: Iron Hands\n|-damage|p1b: Iron Hands|46\/100\n|-anim|p2b: Dragapult|Dragon Darts|p1a: Kingambit\n|-resisted|p1a: Kingambit\n|-damage|p1a: Kingambit|53\/100\n|\n|upkeep\n|turn|11\n|-message|perferw forfeited.\n|\n|win|jeffman323\n|raw|jeffman323's rating: 1630 → 1653<\/strong> (+23 for winning)\n|raw|perferw's rating: 1676 → 1653<\/strong> (-23 for losing)\n|l|\u2606perferw\n","uploadtime":1682534842,"views":11,"p1id":"jeffman323","p2id":"perferw","formatid":"gen9vgc2023regulationc","rating":1653,"private":0,"password":""}