{"id":"gen9vgc2023regulationc-1851890644","p1":"sonc27","p2":"lamp114514","format":"[Gen 9] VGC 2023 Regulation C","log":"|j|\u2606sonc27\n|j|\u2606lamp114514\n|t:|1682501469\n|gametype|doubles\n|player|p1|sonc27|266|1230\n|player|p2|lamp114514|169|1239\n|teamsize|p1|6\n|teamsize|p2|6\n|gen|9\n|tier|[Gen 9] VGC 2023 Regulation C\n|rated|\n|rule|Species Clause: Limit one of each Pok\u00e9mon\n|rule|Item Clause: Limit one of each item\n|clearpoke\n|poke|p1|Arcanine, L50, M|\n|poke|p1|Flutter Mane, L50|\n|poke|p1|Palafin, L50, F|\n|poke|p1|Ting-Lu, L50|\n|poke|p1|Amoonguss, L50, M|\n|poke|p1|Roaring Moon, L50|\n|poke|p2|Scizor, L50, F|\n|poke|p2|Flutter Mane, L50|\n|poke|p2|Rotom-Wash, L50|\n|poke|p2|Great Tusk, L50|\n|poke|p2|Arcanine, L50, M|\n|poke|p2|Chien-Pao, L50|\n|teampreview|4\n|\n|t:|1682501485\n|start\n|switch|p1a: Flutter Mane|Flutter Mane, L50|100\/100\n|switch|p1b: Palafin|Palafin, L50, F|100\/100\n|switch|p2a: Great Tusk|Great Tusk, L50|100\/100\n|switch|p2b: Arcanine|Arcanine, L50, M|100\/100\n|-ability|p2b: Arcanine|Intimidate|boost\n|-unboost|p1a: Flutter Mane|atk|1\n|-unboost|p1b: Palafin|atk|1\n|turn|1\n|\n|t:|1682501509\n|-end|p2a: Great Tusk|Protosynthesis|[silent]\n|switch|p2a: dont miss|Rotom-Wash, L50|100\/100\n|-end|p1a: Flutter Mane|Protosynthesis|[silent]\n|switch|p1a: Amoonguss|Amoonguss, L50, M|100\/100\n|detailschange|p1b: Palafin|Palafin-Hero, L50, F\n|switch|p1b: Arcanine|Arcanine, L50, M|100\/100\n|-ability|p1b: Arcanine|Intimidate|boost\n|-unboost|p2a: dont miss|atk|1\n|-unboost|p2b: Arcanine|atk|1\n|move|p2b: Arcanine|Snarl|p1a: Amoonguss|[spread] p1a,p1b\n|-damage|p1a: Amoonguss|93\/100\n|-damage|p1b: Arcanine|92\/100\n|-unboost|p1a: Amoonguss|spa|1\n|-unboost|p1b: Arcanine|spa|1\n|\n|upkeep\n|turn|2\n|\n|t:|1682501554\n|switch|p1b: Palafin|Palafin-Hero, L50, F|100\/100\n|-activate|p1b: Palafin|ability: Zero to Hero\n|-terastallize|p2b: Arcanine|Grass\n|move|p1a: Amoonguss|Protect|p1a: Amoonguss\n|-singleturn|p1a: Amoonguss|Protect\n|move|p2b: Arcanine|Flare Blitz|p1a: Amoonguss\n|-activate|p1a: Amoonguss|move: Protect\n|move|p2a: dont miss|Hydro Pump|p1b: Palafin\n|-resisted|p1b: Palafin\n|-damage|p1b: Palafin|80\/100\n|\n|upkeep\n|turn|3\n|\n|t:|1682501573\n|switch|p2b: Scizor|Scizor, L50, F|100\/100\n|switch|p1a: Arcanine|Arcanine, L50, M|92\/100\n|-ability|p1a: Arcanine|Intimidate|boost\n|-unboost|p2a: dont miss|atk|1\n|-unboost|p2b: Scizor|atk|1\n|move|p1b: Palafin|Protect|p1b: Palafin\n|-singleturn|p1b: Palafin|Protect\n|move|p2a: dont miss|Will-O-Wisp|p1b: Palafin\n|-activate|p1b: Palafin|move: Protect\n|\n|upkeep\n|turn|4\n|\n|t:|1682501589\n|switch|p1b: Amoonguss|Amoonguss, L50, M|100\/100\n|switch|p2b: Arcanine|Arcanine, L50, M, tera:Grass|100\/100\n|-ability|p2b: Arcanine|Intimidate|boost\n|-unboost|p1a: Arcanine|atk|1\n|-unboost|p1b: Amoonguss|atk|1\n|move|p1a: Arcanine|Flare Blitz|p2b: Arcanine\n|-supereffective|p2b: Arcanine\n|-crit|p2b: Arcanine\n|-damage|p2b: Arcanine|0 fnt\n|faint|p2b: Arcanine\n|-damage|p1a: Arcanine|57\/100|[from] Recoil\n|move|p2a: dont miss|Will-O-Wisp|p1b: Amoonguss\n|-status|p1b: Amoonguss|brn\n|\n|-damage|p1b: Amoonguss|95\/100 brn|[from] brn\n|upkeep\n|\n|t:|1682501607\n|switch|p2b: Great Tusk|Great Tusk, L50|100\/100\n|turn|5\n|\n|t:|1682501623\n|move|p1b: Amoonguss|Rage Powder|p1b: Amoonguss\n|-singleturn|p1b: Amoonguss|move: Rage Powder\n|move|p2b: Great Tusk|Earthquake|p1b: Amoonguss|[spread] p1a,p1b\n|-immune|p2a: dont miss|[from] ability: Levitate\n|-supereffective|p1a: Arcanine\n|-damage|p1a: Arcanine|0 fnt\n|-damage|p1b: Amoonguss|63\/100 brn\n|faint|p1a: Arcanine\n|move|p2a: dont miss|Thunderbolt|p1b: Amoonguss\n|-resisted|p1b: Amoonguss\n|-damage|p1b: Amoonguss|48\/100 brn\n|-enditem|p1b: Amoonguss|Sitrus Berry|[eat]\n|-heal|p1b: Amoonguss|73\/100 brn|[from] item: Sitrus Berry\n|\n|-damage|p1b: Amoonguss|67\/100 brn|[from] brn\n|upkeep\n|\n|t:|1682501638\n|switch|p1a: Flutter Mane|Flutter Mane, L50|100\/100\n|turn|6\n|\n|t:|1682501654\n|-end|p2b: Great Tusk|Protosynthesis|[silent]\n|switch|p2b: Scizor|Scizor, L50, F|100\/100\n|move|p2a: dont miss|Protect|p2a: dont miss\n|-singleturn|p2a: dont miss|Protect\n|move|p1a: Flutter Mane|Dazzling Gleam|p2b: Scizor|[spread] p2b\n|-activate|p2a: dont miss|move: Protect\n|-resisted|p2b: Scizor\n|-damage|p2b: Scizor|71\/100\n|move|p1b: Amoonguss|Pollen Puff|p2b: Scizor\n|-resisted|p2b: Scizor\n|-damage|p2b: Scizor|57\/100\n|\n|-damage|p1b: Amoonguss|61\/100 brn|[from] brn\n|upkeep\n|turn|7\n|\n|t:|1682501672\n|switch|p1b: Palafin|Palafin-Hero, L50, F|80\/100\n|-terastallize|p1a: Flutter Mane|Water\n|move|p1a: Flutter Mane|Dazzling Gleam|p2b: Scizor|[spread] p2a,p2b\n|-resisted|p2b: Scizor\n|-damage|p2a: dont miss|49\/100\n|-damage|p2b: Scizor|28\/100\n|-enditem|p2a: dont miss|Sitrus Berry|[eat]\n|-heal|p2a: dont miss|74\/100|[from] item: Sitrus Berry\n|move|p2a: dont miss|Thunderbolt|p1a: Flutter Mane\n|-supereffective|p1a: Flutter Mane\n|-damage|p1a: Flutter Mane|36\/100\n|move|p2b: Scizor|U-turn|p1a: Flutter Mane\n|-damage|p1a: Flutter Mane|0 fnt\n|faint|p1a: Flutter Mane\n|-end|p1a: Flutter Mane|Protosynthesis|[silent]\n|\n|t:|1682501688\n|switch|p2b: Great Tusk|Great Tusk, L50|100\/100|[from] U-turn\n|\n|upkeep\n|\n|t:|1682501691\n|switch|p1a: Amoonguss|Amoonguss, L50, M|95\/100 brn\n|turn|8\n|\n|t:|1682501708\n|move|p1b: Palafin|Protect|p1b: Palafin\n|-singleturn|p1b: Palafin|Protect\n|move|p2b: Great Tusk|Earthquake|p1b: Palafin|[spread] p1a\n|-activate|p1b: Palafin|move: Protect\n|-immune|p2a: dont miss|[from] ability: Levitate\n|-damage|p1a: Amoonguss|64\/100 brn\n|move|p2a: dont miss|Thunderbolt|p1b: Palafin\n|-activate|p1b: Palafin|move: Protect\n|move|p1a: Amoonguss|Pollen Puff|p2b: Great Tusk\n|-resisted|p2b: Great Tusk\n|-damage|p2b: Great Tusk|86\/100\n|\n|-damage|p1a: Amoonguss|58\/100 brn|[from] brn\n|upkeep\n|turn|9\n|\n|t:|1682501732\n|move|p1a: Amoonguss|Rage Powder|p1a: Amoonguss\n|-singleturn|p1a: Amoonguss|move: Rage Powder\n|move|p1b: Palafin|Jet Punch|p2b: Great Tusk\n|-supereffective|p2b: Great Tusk\n|-damage|p2b: Great Tusk|20\/100\n|move|p2b: Great Tusk|Earthquake|p1a: Amoonguss|[spread] p1a,p1b\n|-immune|p2a: dont miss|[from] ability: Levitate\n|-damage|p1a: Amoonguss|25\/100 brn\n|-damage|p1b: Palafin|48\/100\n|move|p2a: dont miss|Thunderbolt|p1a: Amoonguss\n|-resisted|p1a: Amoonguss\n|-damage|p1a: Amoonguss|10\/100 brn\n|\n|-damage|p1a: Amoonguss|4\/100 brn|[from] brn\n|upkeep\n|turn|10\n|\n|t:|1682501754\n|move|p1b: Palafin|Protect|p1b: Palafin\n|-singleturn|p1b: Palafin|Protect\n|move|p2b: Great Tusk|Earthquake|p1b: Palafin|[spread] p1a\n|-activate|p1b: Palafin|move: Protect\n|-immune|p2a: dont miss|[from] ability: Levitate\n|-damage|p1a: Amoonguss|0 fnt\n|faint|p1a: Amoonguss\n|move|p2a: dont miss|Thunderbolt|p1b: Palafin\n|-activate|p1b: Palafin|move: Protect\n|\n|upkeep\n|turn|11\n|\n|t:|1682501764\n|move|p1b: Palafin|Jet Punch|p2b: Great Tusk\n|-supereffective|p2b: Great Tusk\n|-damage|p2b: Great Tusk|0 fnt\n|faint|p2b: Great Tusk\n|-end|p2b: Great Tusk|Protosynthesis|[silent]\n|move|p2a: dont miss|Thunderbolt|p1b: Palafin\n|-supereffective|p1b: Palafin\n|-damage|p1b: Palafin|0 fnt\n|faint|p1b: Palafin\n|\n|win|lamp114514\n|raw|sonc27's rating: 1230 → 1206<\/strong> (-24 for losing)\n|raw|lamp114514's rating: 1239 → 1263<\/strong> (+24 for winning)\n|l|\u2606sonc27\n|l|\u2606lamp114514\n|j|\u2606lamp114514\n|player|p2|lamp114514|169\n","uploadtime":1682502106,"views":14,"p1id":"sonc27","p2id":"lamp114514","formatid":"gen9vgc2023regulationc","rating":1206,"private":0,"password":""}