{"id":"gen9vgc2023regulationc-1852847612","p1":"Missed Ledgedash","p2":"kkkdddsss","format":"[Gen 9] VGC 2023 Regulation C","log":"|j|\u2606Missed Ledgedash\n|j|\u2606kkkdddsss\n|t:|1682611297\n|gametype|doubles\n|player|p1|Missed Ledgedash|juan-gen3|1310\n|player|p2|kkkdddsss|101|1198\n|teamsize|p1|6\n|teamsize|p2|6\n|gen|9\n|tier|[Gen 9] VGC 2023 Regulation C\n|rated|\n|rule|Species Clause: Limit one of each Pok\u00e9mon\n|rule|Item Clause: Limit one of each item\n|clearpoke\n|poke|p1|Flutter Mane, L50|\n|poke|p1|Arcanine, L50, F|\n|poke|p1|Amoonguss, L50, M|\n|poke|p1|Palafin, L50, M|\n|poke|p1|Corviknight, L50, F|\n|poke|p1|Iron Hands, L50|\n|poke|p2|Torkoal, L50, F|\n|poke|p2|Flutter Mane, L50|\n|poke|p2|Great Tusk, L50|\n|poke|p2|Jumpluff, L50, F|\n|poke|p2|Chi-Yu, L50|\n|poke|p2|Roaring Moon, L50|\n|teampreview|4\nMissed Ledgedash has agreed to open team sheets.\n|inactive|Battle timer is ON: inactive players will automatically lose when time's up. (requested by kkkdddsss)\n|\n|t:|1682611354\n|start\n|switch|p1a: Palafin|Palafin, L50, M|100\/100\n|switch|p1b: Maurice|Arcanine, L50, F|100\/100\n|switch|p2a: Roaring Moon|Roaring Moon, L50|100\/100\n|switch|p2b: Jumpluff|Jumpluff, L50, F|100\/100\n|-ability|p1b: Maurice|Intimidate|boost\n|-unboost|p2a: Roaring Moon|atk|1\n|-unboost|p2b: Jumpluff|atk|1\n|-enditem|p2a: Roaring Moon|Booster Energy\n|-activate|p2a: Roaring Moon|ability: Protosynthesis|[fromitem]\n|-start|p2a: Roaring Moon|protosynthesisspe\n|turn|1\n|\n|t:|1682611378\n|switch|p2b: Torkoal|Torkoal, L50, F|100\/100\n|-weather|SunnyDay|[from] ability: Drought|[of] p2b: Torkoal\n|move|p1a: Palafin|Protect|p1a: Palafin\n|-singleturn|p1a: Palafin|Protect\n|move|p2a: Roaring Moon|Dragon Dance|p2a: Roaring Moon\n|-boost|p2a: Roaring Moon|atk|1\n|-boost|p2a: Roaring Moon|spe|1\n|move|p1b: Maurice|Will-O-Wisp|p2a: Roaring Moon\n|-status|p2a: Roaring Moon|brn\n|\n|-weather|SunnyDay|[upkeep]\n|-damage|p2a: Roaring Moon|94\/100 brn|[from] brn\n|upkeep\n|turn|2\n|inactive|Missed Ledgedash has 30 seconds left.\n|inactive|kkkdddsss has 30 seconds left.\n|inactive|Missed Ledgedash has 20 seconds left.\n|\n|t:|1682611415\n|switch|p1b: Flutter Mane|Flutter Mane, L50|100\/100\n|-activate|p1b: Flutter Mane|ability: Protosynthesis\n|-start|p1b: Flutter Mane|protosynthesisspe\n|detailschange|p1a: Palafin|Palafin-Hero, L50, M\n|switch|p1a: Iron Hands|Iron Hands, L50|100\/100\n|move|p2a: Roaring Moon|Rock Slide|p1b: Flutter Mane|[spread] p1a,p1b\n|-resisted|p1a: Iron Hands\n|-damage|p1a: Iron Hands|97\/100\n|-damage|p1b: Flutter Mane|82\/100\n|move|p2b: Torkoal|Overheat|p1a: Iron Hands\n|-damage|p1a: Iron Hands|58\/100\n|-unboost|p2b: Torkoal|spa|2\n|-enditem|p2b: Torkoal|Eject Pack\n|\n|t:|1682611435\n|switch|p2b: Jumpluff|Jumpluff, L50, F|100\/100\n|\n|-weather|SunnyDay|[upkeep]\n|-damage|p2a: Roaring Moon|88\/100 brn|[from] brn\n|upkeep\n|turn|3\n|\n|t:|1682611459\n|-end|p2a: Roaring Moon|Protosynthesis|[silent]\n|switch|p2a: Torkoal|Torkoal, L50, F|100\/100\n|move|p1a: Iron Hands|Fake Out|p2b: Jumpluff\n|-damage|p2b: Jumpluff|81\/100\n|cant|p2b: Jumpluff|flinch\n|move|p1b: Flutter Mane|Dazzling Gleam|p2b: Jumpluff|[spread] p2a,p2b\n|-resisted|p2a: Torkoal\n|-damage|p2a: Torkoal|72\/100\n|-damage|p2b: Jumpluff|36\/100\n|\n|-weather|SunnyDay|[upkeep]\n|upkeep\n|turn|4\n|\n|t:|1682611480\n|move|p2b: Jumpluff|Encore|p1a: Iron Hands\n|-start|p1a: Iron Hands|Encore\n|move|p1b: Flutter Mane|Dazzling Gleam|p2a: Torkoal|[spread] p2a,p2b\n|-resisted|p2a: Torkoal\n|-damage|p2a: Torkoal|45\/100\n|-damage|p2b: Jumpluff|0 fnt\n|faint|p2b: Jumpluff\n|move|p1a: Iron Hands|Fake Out||[still]\n|-hint|Fake Out only works on your first turn out.\n|-fail|p1a: Iron Hands\n|move|p2a: Torkoal|Overheat|p1b: Flutter Mane\n|-damage|p1b: Flutter Mane|0 fnt\n|-unboost|p2a: Torkoal|spa|2\n|faint|p1b: Flutter Mane\n|-end|p1b: Flutter Mane|Protosynthesis|[silent]\n|\n|-weather|SunnyDay|[upkeep]\n|upkeep\n|\n|t:|1682611496\n|switch|p1b: Palafin|Palafin-Hero, L50, M|100\/100\n|switch|p2b: Flutter Mane|Flutter Mane, L50|100\/100\n|-activate|p2b: Flutter Mane|ability: Protosynthesis\n|-start|p2b: Flutter Mane|protosynthesisspa\n|-activate|p1b: Palafin|ability: Zero to Hero\n|turn|5\n|\n|t:|1682611506\n|-end|p1a: Iron Hands|Quark Drive|[silent]\n|switch|p1a: Maurice|Arcanine, L50, F|100\/100\n|-ability|p1a: Maurice|Intimidate|boost\n|-unboost|p2a: Torkoal|atk|1\n|-unboost|p2b: Flutter Mane|atk|1\n|-terastallize|p2b: Flutter Mane|Fairy\n|move|p2a: Torkoal|Helping Hand|p2b: Flutter Mane\n|-singleturn|p2b: Flutter Mane|Helping Hand|[of] p2a: Torkoal\n|move|p1b: Palafin|Protect|p1b: Palafin\n|-singleturn|p1b: Palafin|Protect\n|move|p2b: Flutter Mane|Dazzling Gleam|p1a: Maurice|[spread] p1a\n|-activate|p1b: Palafin|move: Protect\n|-resisted|p1a: Maurice\n|-damage|p1a: Maurice|13\/100\n|\n|-weather|none\n|-end|p2b: Flutter Mane|Protosynthesis\n|upkeep\n|turn|6\n|\n|t:|1682611523\n|-terastallize|p1b: Palafin|Water\n|move|p2a: Torkoal|Helping Hand|p2b: Flutter Mane\n|-singleturn|p2b: Flutter Mane|Helping Hand|[of] p2a: Torkoal\n|move|p1a: Maurice|Extreme Speed|p2a: Torkoal\n|-damage|p2a: Torkoal|24\/100\n|move|p1b: Palafin|Jet Punch|p2b: Flutter Mane\n|-damage|p2b: Flutter Mane|0 fnt\n|faint|p2b: Flutter Mane\n|-end|p2b: Flutter Mane|Protosynthesis|[silent]\n|\n|upkeep\n|\n|t:|1682611532\n|switch|p2b: Roaring Moon|Roaring Moon, L50|88\/100 brn\n|turn|7\n|-message|kkkdddsss forfeited.\n|\n|win|Missed Ledgedash\n|raw|Missed Ledgedash's rating: 1310 → 1324<\/strong> (+14 for winning)\n|raw|kkkdddsss's rating: 1198 → 1181<\/strong> (-17 for losing)\n|l|\u2606kkkdddsss\n","uploadtime":1682611541,"views":5,"p1id":"missedledgedash","p2id":"kkkdddsss","formatid":"gen9vgc2023regulationc","rating":1181,"private":0,"password":""}