{"id":"gen9vgc2023regulationc-1850962586","p1":"TheMismatcher","p2":"Thermidor","format":"[Gen 9] VGC 2023 Regulation C","log":"|j|\u2606TheMismatcher\n|j|\u2606Thermidor\n|t:|1682387474\n|gametype|doubles\n|player|p1|TheMismatcher|benga|1245\n|player|p2|Thermidor|ingo|1345\n|teamsize|p1|6\n|teamsize|p2|6\n|gen|9\n|tier|[Gen 9] VGC 2023 Regulation C\n|rated|\n|rule|Species Clause: Limit one of each Pok\u00e9mon\n|rule|Item Clause: Limit one of each item\n|clearpoke\n|poke|p1|Dragonite, L50, F|\n|poke|p1|Chien-Pao, L50|\n|poke|p1|Dragapult, L50, M|\n|poke|p1|Amoonguss, L50, M|\n|poke|p1|Arcanine, L50, F|\n|poke|p1|Flutter Mane, L50|\n|poke|p2|Iron Bundle, L50|\n|poke|p2|Baxcalibur, L50, M|\n|poke|p2|Gyarados, L50, M|\n|poke|p2|Sableye, L50, F|\n|poke|p2|Gastrodon, L50, F|\n|poke|p2|Chien-Pao, L50|\n|teampreview|4\n|inactive|Battle timer is ON: inactive players will automatically lose when time's up. (requested by Thermidor)\nTheMismatcher has agreed to open team sheets.\n|inactive|Thermidor has 60 seconds left.\nThermidor has agreed to open team sheets.\n|inactive|Thermidor has 30 seconds left.\n|inactive|Thermidor has 20 seconds left.\n|\n|t:|1682387549\n|start\n|switch|p1a: Chien-Pao|Chien-Pao, L50|100\/100\n|switch|p1b: Dragapult|Dragapult, L50, M|100\/100\n|switch|p2a: HyruleHeroJoe|Sableye, L50, F|100\/100\n|switch|p2b: Thermidor|Baxcalibur, L50, M|100\/100\n|-ability|p1a: Chien-Pao|Sword of Ruin\n|turn|1\n|inactive|TheMismatcher has 30 seconds left.\n|inactive|Thermidor has 30 seconds left.\n|inactive|TheMismatcher has 20 seconds left.\n|inactive|TheMismatcher has 15 seconds left.\n|inactive|TheMismatcher has 10 seconds left.\n|\n|t:|1682387594\n|-terastallize|p1b: Dragapult|Steel\n|move|p1a: Chien-Pao|Protect|p1a: Chien-Pao\n|-singleturn|p1a: Chien-Pao|Protect\n|move|p2a: HyruleHeroJoe|Fake Out|p1a: Chien-Pao\n|-activate|p1a: Chien-Pao|move: Protect\n|move|p1b: Dragapult|Dragon Darts|p2b: Thermidor\n|-supereffective|p2b: Thermidor\n|-damage|p2b: Thermidor|0 fnt\n|-anim|p1b: Dragapult|Dragon Darts|p2a: HyruleHeroJoe\n|-damage|p2a: HyruleHeroJoe|25\/100\n|faint|p2b: Thermidor\n|\n|upkeep\n|\n|t:|1682387609\n|switch|p2b: Kuro8|Chien-Pao, L50|100\/100\n|-ability|p2b: Kuro8|Sword of Ruin\n|turn|2\n|\n|t:|1682387619\n|switch|p2a: HappyToki|Iron Bundle, L50|100\/100\n|-enditem|p2a: HappyToki|Booster Energy\n|-activate|p2a: HappyToki|ability: Quark Drive|[fromitem]\n|-start|p2a: HappyToki|quarkdrivespe\n|move|p1b: Dragapult|Dragon Darts|p2b: Kuro8\n|-damage|p2b: Kuro8|48\/100\n|-anim|p1b: Dragapult|Dragon Darts|p2a: HappyToki\n|-damage|p2a: HappyToki|39\/100\n|move|p1a: Chien-Pao|Ice Spinner|p2b: Kuro8\n|-resisted|p2b: Kuro8\n|-damage|p2b: Kuro8|20\/100\n|move|p2b: Kuro8|Sacred Sword|p1b: Dragapult\n|-supereffective|p1b: Dragapult\n|-damage|p1b: Dragapult|0 fnt\n|faint|p1b: Dragapult\n|\n|upkeep\n|\n|t:|1682387633\n|switch|p1b: Dragonite|Dragonite, L50, F|100\/100\n|turn|3\n|\n|t:|1682387643\n|-terastallize|p2b: Kuro8|Ghost\n|move|p2a: HappyToki|Protect|p2a: HappyToki\n|-singleturn|p2a: HappyToki|Protect\n|move|p1b: Dragonite|Extreme Speed|p2b: Kuro8\n|-immune|p2b: Kuro8\n|move|p1a: Chien-Pao|Sucker Punch||[still]\n|-fail|p1a: Chien-Pao\n|move|p2b: Kuro8|Ice Spinner|p1b: Dragonite\n|-supereffective|p1b: Dragonite\n|-damage|p1b: Dragonite|0 fnt\n|faint|p1b: Dragonite\n|\n|upkeep\n|\n|t:|1682387648\n|switch|p1b: Arcanine|Arcanine, L50, F|100\/100\n|-ability|p1b: Arcanine|Intimidate|boost\n|-unboost|p2a: HappyToki|atk|1\n|-unboost|p2b: Kuro8|atk|1\n|turn|4\n|inactive|Thermidor has 30 seconds left.\n|inactive|Thermidor has 20 seconds left.\n|\n|t:|1682387685\n|move|p1b: Arcanine|Protect|p1b: Arcanine\n|-singleturn|p1b: Arcanine|Protect\n|move|p1a: Chien-Pao|Sucker Punch||[still]\n|-fail|p1a: Chien-Pao\n|move|p2a: HappyToki|Chilling Water|p1b: Arcanine\n|-activate|p1b: Arcanine|move: Protect\n|move|p2b: Kuro8|Taunt|p1a: Chien-Pao\n|-start|p1a: Chien-Pao|move: Taunt\n|\n|upkeep\n|turn|5\n|inactive|TheMismatcher has 30 seconds left.\n|inactive|TheMismatcher has 20 seconds left.\n|inactive|TheMismatcher has 15 seconds left.\n|\n|t:|1682387729\n|move|p1a: Chien-Pao|Sucker Punch|p2b: Kuro8\n|-supereffective|p2b: Kuro8\n|-damage|p2b: Kuro8|0 fnt\n|faint|p2b: Kuro8\n|move|p2a: HappyToki|Encore|p1b: Arcanine\n|-start|p1b: Arcanine|Encore\n|move|p1b: Arcanine|Protect||[still]\n|-fail|p1b: Arcanine\n|\n|upkeep\n|\n|t:|1682387736\n|switch|p2b: HyruleHeroJoe|Sableye, L50, F|25\/100\n|turn|6\n|inactive|TheMismatcher has 30 seconds left.\n|\n|t:|1682387768\n|move|p1b: Arcanine|Protect|p1b: Arcanine\n|-singleturn|p1b: Arcanine|Protect\n|move|p2b: HyruleHeroJoe|Fake Out|p1a: Chien-Pao\n|-damage|p1a: Chien-Pao|91\/100\n|cant|p1a: Chien-Pao|flinch\n|move|p2a: HappyToki|Chilling Water|p1a: Chien-Pao\n|-damage|p1a: Chien-Pao|49\/100\n|-unboost|p1a: Chien-Pao|atk|1\n|\n|upkeep\n|turn|7\n|\n|t:|1682387791\n|move|p2a: HappyToki|Protect|p2a: HappyToki\n|-singleturn|p2a: HappyToki|Protect\n|move|p1b: Arcanine|Protect|p1b: Arcanine\n|-singleturn|p1b: Arcanine|Protect\n|move|p1a: Chien-Pao|Sacred Sword|p2a: HappyToki\n|-activate|p2a: HappyToki|move: Protect\n|move|p2b: HyruleHeroJoe|Knock Off|p1a: Chien-Pao\n|-resisted|p1a: Chien-Pao\n|-damage|p1a: Chien-Pao|29\/100\n|-enditem|p1a: Chien-Pao|Focus Sash|[from] move: Knock Off|[of] p2b: HyruleHeroJoe\n|\n|-end|p1a: Chien-Pao|move: Taunt\n|-end|p1b: Arcanine|Encore\n|upkeep\n|turn|8\n|inactive|Thermidor has 30 seconds left.\n|\n|t:|1682387820\n|move|p2b: HyruleHeroJoe|Encore|p1b: Arcanine\n|-start|p1b: Arcanine|Encore\n|move|p2a: HappyToki|Encore|p1a: Chien-Pao\n|-start|p1a: Chien-Pao|Encore\n|move|p1a: Chien-Pao|Sacred Sword|p2a: HappyToki\n|-supereffective|p2a: HappyToki\n|-damage|p2a: HappyToki|0 fnt\n|faint|p2a: HappyToki\n|-end|p2a: HappyToki|Quark Drive|[silent]\n|move|p1b: Arcanine|Protect||[still]\n|-fail|p1b: Arcanine\n|\n|upkeep\n|turn|9\n|c|\u2606TheMismatcher|here we go\n|\n|t:|1682387840\n|move|p1b: Arcanine|Protect|p1b: Arcanine\n|-singleturn|p1b: Arcanine|Protect\n|move|p1a: Chien-Pao|Sacred Sword|p2b: HyruleHeroJoe\n|-immune|p2b: HyruleHeroJoe\n|move|p2b: HyruleHeroJoe|Knock Off|p1a: Chien-Pao\n|-resisted|p1a: Chien-Pao\n|-damage|p1a: Chien-Pao|18\/100\n|\n|upkeep\n|turn|10\n|\n|t:|1682387850\n|move|p1b: Arcanine|Protect||[still]\n|-fail|p1b: Arcanine\n|move|p1a: Chien-Pao|Sacred Sword|p2b: HyruleHeroJoe\n|-immune|p2b: HyruleHeroJoe\n|move|p2b: HyruleHeroJoe|Knock Off|p1a: Chien-Pao\n|-resisted|p1a: Chien-Pao\n|-damage|p1a: Chien-Pao|6\/100\n|\n|-end|p1a: Chien-Pao|Encore\n|-end|p1b: Arcanine|Encore\n|upkeep\n|turn|11\n|\n|t:|1682387873\n|move|p1a: Chien-Pao|Sucker Punch||[still]\n|-fail|p1a: Chien-Pao\n|move|p2b: HyruleHeroJoe|Encore|p1b: Arcanine\n|-start|p1b: Arcanine|Encore\n|move|p1b: Arcanine|Protect||[still]\n|-fail|p1b: Arcanine\n|\n|upkeep\n|turn|12\n|\n|t:|1682387884\n|move|p1b: Arcanine|Protect|p1b: Arcanine\n|-singleturn|p1b: Arcanine|Protect\n|move|p1a: Chien-Pao|Sucker Punch||[still]\n|-fail|p1a: Chien-Pao\n|move|p2b: HyruleHeroJoe|Encore|p1a: Chien-Pao\n|-hint|Since gen 7, Dark is immune to Prankster moves.\n|-immune|p1a: Chien-Pao\n|\n|upkeep\n|turn|13\n|\n|t:|1682387894\n|move|p1b: Arcanine|Protect|p1b: Arcanine\n|-singleturn|p1b: Arcanine|Protect\n|move|p1a: Chien-Pao|Sucker Punch||[still]\n|-fail|p1a: Chien-Pao\n|move|p2b: HyruleHeroJoe|Light Screen|p2b: HyruleHeroJoe\n|-sidestart|p2: Thermidor|move: Light Screen\n|\n|-end|p1b: Arcanine|Encore\n|upkeep\n|turn|14\n|c|\u2606TheMismatcher|eventually i win this\n|\n|t:|1682387910\n|move|p1a: Chien-Pao|Sucker Punch|p2b: HyruleHeroJoe\n|-damage|p2b: HyruleHeroJoe|0 fnt\n|faint|p2b: HyruleHeroJoe\n|\n|win|TheMismatcher\n|raw|TheMismatcher's rating: 1245 → 1277<\/strong> (+32 for winning)\n|raw|Thermidor's rating: 1345 → 1319<\/strong> (-26 for losing)\n|l|\u2606Thermidor\n|l|\u2606TheMismatcher\n|j|\u2606TheMismatcher\n|player|p1|TheMismatcher|benga\n","uploadtime":1682387940,"views":9,"p1id":"themismatcher","p2id":"thermidor","formatid":"gen9vgc2023regulationc","rating":1277,"private":0,"password":""}