{"id":"gen9vgc2023regulationc-1848610038","p1":"BlindMagneton","p2":"trex0928","format":"[Gen 9] VGC 2023 Regulation C","log":"|j|\u2606BlindMagneton\n|j|\u2606trex0928\n|t:|1682094250\n|gametype|doubles\n|player|p1|BlindMagneton|wattson|1345\n|player|p2|trex0928|2|1436\n|teamsize|p1|6\n|teamsize|p2|6\n|gen|9\n|tier|[Gen 9] VGC 2023 Regulation C\n|rated|\n|rule|Species Clause: Limit one of each Pok\u00e9mon\n|rule|Item Clause: Limit one of each item\n|clearpoke\n|poke|p1|Tinkaton, L50, F|\n|poke|p1|Wo-Chien, L50|\n|poke|p1|Ceruledge, L50, M|\n|poke|p1|Grimmsnarl, L50, M|\n|poke|p1|Chien-Pao, L50|\n|poke|p1|Dragapult, L50, F|\n|poke|p2|Tyranitar, L50, F|\n|poke|p2|Iron Bundle, L50|\n|poke|p2|Talonflame, L50, M|\n|poke|p2|Flutter Mane, L50|\n|poke|p2|Chi-Yu, L50|\n|poke|p2|Amoonguss, L50, F|\n|teampreview|4\n|inactive|Battle timer is ON: inactive players will automatically lose when time's up. (requested by trex0928)\ntrex0928 has agreed to open team sheets.\n|inactive|BlindMagneton has 60 seconds left.\n|inactive|BlindMagneton has 30 seconds left.\n|\n|t:|1682094317\n|start\n|switch|p1a: Tinkaton|Tinkaton, L50, F|100\/100\n|switch|p1b: Grimmsnarl|Grimmsnarl, L50, M|100\/100\n|switch|p2a: Talonflame|Talonflame, L50, M|100\/100\n|switch|p2b: Flutter Mane|Flutter Mane, L50|100\/100\n|turn|1\n|inactive|BlindMagneton has 30 seconds left.\n|inactive|trex0928 has 30 seconds left.\n|inactive|BlindMagneton has 20 seconds left.\n|inactive|trex0928 has 20 seconds left.\n|inactive|BlindMagneton has 15 seconds left.\n|inactive|trex0928 has 15 seconds left.\n|inactive|BlindMagneton has 10 seconds left.\n|inactive|trex0928 has 10 seconds left.\n|inactive|trex0928 has 5 seconds left.\n|\n|t:|1682094368\n|move|p1b: Grimmsnarl|Fake Out|p2a: Talonflame\n|-damage|p2a: Talonflame|77\/100\n|cant|p2a: Talonflame|flinch\n|move|p2b: Flutter Mane|Moonblast|p1b: Grimmsnarl\n|-supereffective|p1b: Grimmsnarl\n|-enditem|p1b: Grimmsnarl|Focus Sash\n|-damage|p1b: Grimmsnarl|1\/100\n|move|p1a: Tinkaton|Gigaton Hammer|p2b: Flutter Mane\n|-supereffective|p2b: Flutter Mane\n|-damage|p2b: Flutter Mane|0 fnt\n|faint|p2b: Flutter Mane\n|-end|p2b: Flutter Mane|Protosynthesis|[silent]\n|\n|upkeep\n|\n|t:|1682094384\n|switch|p2b: Iron Bundle|Iron Bundle, L50|100\/100\n|-enditem|p2b: Iron Bundle|Booster Energy\n|-activate|p2b: Iron Bundle|ability: Quark Drive|[fromitem]\n|-start|p2b: Iron Bundle|quarkdrivespe\n|turn|2\n|inactive|BlindMagneton has 30 seconds left.\n|inactive|trex0928 has 30 seconds left.\n|inactive|BlindMagneton has 20 seconds left.\n|\n|t:|1682094421\n|move|p1b: Grimmsnarl|Swagger|p1a: Tinkaton\n|-boost|p1a: Tinkaton|atk|2\n|-immune|p1a: Tinkaton|confusion|[from] ability: Own Tempo\n|move|p2b: Iron Bundle|Icy Wind|p1b: Grimmsnarl|[spread] p1a,p1b\n|-resisted|p1a: Tinkaton\n|-damage|p1a: Tinkaton|94\/100\n|-damage|p1b: Grimmsnarl|0 fnt\n|-unboost|p1a: Tinkaton|spe|1\n|faint|p1b: Grimmsnarl\n|move|p2a: Talonflame|Will-O-Wisp|p1a: Tinkaton\n|-status|p1a: Tinkaton|brn\n|move|p1a: Tinkaton|Play Rough|p2b: Iron Bundle\n|-damage|p2b: Iron Bundle|70\/100\n|\n|-damage|p1a: Tinkaton|88\/100 brn|[from] brn\n|upkeep\n|inactive|BlindMagneton has 30 seconds left.\n|inactive|BlindMagneton has 20 seconds left.\n|inactive|BlindMagneton has 15 seconds left.\n|\n|t:|1682094466\n|switch|p1b: Ceruledge|Ceruledge, L50, M|100\/100\n|turn|3\n|\n|t:|1682094490\n|move|p2b: Iron Bundle|Hydro Pump|p1b: Ceruledge\n|-supereffective|p1b: Ceruledge\n|-damage|p1b: Ceruledge|5\/100\n|move|p2a: Talonflame|Brave Bird|p1b: Ceruledge\n|-damage|p1b: Ceruledge|0 fnt\n|faint|p1b: Ceruledge\n|-damage|p2a: Talonflame|75\/100|[from] Recoil\n|move|p1a: Tinkaton|Gigaton Hammer|p2b: Iron Bundle\n|-damage|p2b: Iron Bundle|23\/100\n|\n|-damage|p1a: Tinkaton|82\/100 brn|[from] brn\n|upkeep\n|\n|t:|1682094508\n|switch|p1b: Dragapult|Dragapult, L50, F|100\/100\n|turn|4\n|inactive|BlindMagneton has 30 seconds left.\n|inactive|trex0928 has 30 seconds left.\n|inactive|BlindMagneton has 20 seconds left.\n|inactive|BlindMagneton has 15 seconds left.\n|\n|t:|1682094550\n|-terastallize|p1b: Dragapult|Fairy\n|move|p2b: Iron Bundle|Protect|p2b: Iron Bundle\n|-singleturn|p2b: Iron Bundle|Protect\n|move|p1b: Dragapult|Phantom Force||[still]\n|-prepare|p1b: Dragapult|Phantom Force\n|move|p2a: Talonflame|Brave Bird|p1b: Dragapult|[miss]\n|-miss|p2a: Talonflame|p1b: Dragapult\n|move|p1a: Tinkaton|Brick Break|p2a: Talonflame\n|-resisted|p2a: Talonflame\n|-damage|p2a: Talonflame|65\/100\n|\n|-damage|p1a: Tinkaton|75\/100 brn|[from] brn\n|upkeep\n|turn|5\n|\n|t:|1682094570\n|-end|p2b: Iron Bundle|Quark Drive|[silent]\n|switch|p2b: Tyranitar|Tyranitar, L50, F|100\/100\n|-weather|Sandstorm|[from] ability: Sand Stream|[of] p2b: Tyranitar\n|move|p1b: Dragapult|Phantom Force|p2a: Talonflame|[from]lockedmove\n|-damage|p2a: Talonflame|0 fnt\n|faint|p2a: Talonflame\n|move|p1a: Tinkaton|Gigaton Hammer|p2b: Tyranitar\n|-supereffective|p2b: Tyranitar\n|-damage|p2b: Tyranitar|18\/100\n|\n|-weather|Sandstorm|[upkeep]\n|-damage|p1b: Dragapult|94\/100|[from] Sandstorm\n|-damage|p1a: Tinkaton|69\/100 brn|[from] brn\n|upkeep\n|\n|t:|1682094577\n|switch|p2a: Iron Bundle|Iron Bundle, L50|23\/100\n|turn|6\n|\n|t:|1682094593\n|move|p1b: Dragapult|Phantom Force||[still]\n|-prepare|p1b: Dragapult|Phantom Force\n|move|p2a: Iron Bundle|Hydro Pump|p1a: Tinkaton|[miss]\n|-miss|p2a: Iron Bundle|p1a: Tinkaton\n|move|p2b: Tyranitar|Rock Slide|p1a: Tinkaton|[spread] p1a\n|-miss|p2b: Tyranitar|p1b: Dragapult\n|-resisted|p1a: Tinkaton\n|-damage|p1a: Tinkaton|56\/100 brn\n|move|p1a: Tinkaton|Brick Break|p2b: Tyranitar\n|-supereffective|p2b: Tyranitar\n|-damage|p2b: Tyranitar|0 fnt\n|faint|p2b: Tyranitar\n|\n|-weather|Sandstorm|[upkeep]\n|-damage|p1b: Dragapult|88\/100|[from] Sandstorm\n|-damage|p2a: Iron Bundle|17\/100|[from] Sandstorm\n|-damage|p1a: Tinkaton|50\/100 brn|[from] brn\n|upkeep\n|turn|7\n|-message|trex0928 forfeited.\n|\n|win|BlindMagneton\n|raw|BlindMagneton's rating: 1345 → 1370<\/strong> (+25 for winning)\n|raw|trex0928's rating: 1436 → 1411<\/strong> (-25 for losing)\n|l|\u2606trex0928\n","uploadtime":1682094612,"views":7,"p1id":"blindmagneton","p2id":"trex0928","formatid":"gen9vgc2023regulationc","rating":1370,"private":0,"password":""}