{"id":"gen9vgc2023regulationc-1847239579","p1":"XinBluQAQ","p2":"maku83199","format":"[Gen 9] VGC 2023 Regulation C","log":"|j|\u2606XinBluQAQ\n|j|\u2606maku83199\n|t:|1681930508\n|gametype|doubles\n|player|p1|XinBluQAQ|shadowtriad|\n|player|p2|maku83199|red|\n|teamsize|p1|6\n|teamsize|p2|6\n|gen|9\n|tier|[Gen 9] VGC 2023 Regulation C\n|rule|Species Clause: Limit one of each Pok\u00e9mon\n|rule|Item Clause: Limit one of each item\n|clearpoke\n|poke|p1|Talonflame, L50, F|\n|poke|p1|Iron Bundle, L50|\n|poke|p1|Kingambit, L50, M|\n|poke|p1|Garchomp, L50, M|\n|poke|p1|Chien-Pao, L50|\n|poke|p1|Flutter Mane, L50|\n|poke|p2|Klefki, L50, M|\n|poke|p2|Arcanine, L50, F|\n|poke|p2|Corviknight, L50, M|\n|poke|p2|Ting-Lu, L50|\n|poke|p2|Iron Hands, L50|\n|poke|p2|Flutter Mane, L50|\n|teampreview|4\n|\n|t:|1681930534\n|start\n|switch|p1a: Iron Bundle|Iron Bundle, L50|100\/100\n|switch|p1b: Flutter Mane|Flutter Mane, L50|100\/100\n|switch|p2a: Corviknight|Corviknight, L50, M, shiny|100\/100\n|switch|p2b: Flutter Mane|Flutter Mane, L50|100\/100\n|-enditem|p1a: Iron Bundle|Booster Energy\n|-activate|p1a: Iron Bundle|ability: Quark Drive|[fromitem]\n|-start|p1a: Iron Bundle|quarkdrivespe\n|-enditem|p2b: Flutter Mane|Booster Energy\n|-activate|p2b: Flutter Mane|ability: Protosynthesis|[fromitem]\n|-start|p2b: Flutter Mane|protosynthesisspa\n|turn|1\n|\n|t:|1681930596\n|switch|p2a: Ting-Lu|Ting-Lu, L50|100\/100\n|-ability|p2a: Ting-Lu|Vessel of Ruin\n|move|p1a: Iron Bundle|Freeze-Dry|p2a: Ting-Lu\n|-supereffective|p2a: Ting-Lu\n|-damage|p2a: Ting-Lu|73\/100\n|-status|p2a: Ting-Lu|frz\n|move|p2b: Flutter Mane|Thunderbolt|p1a: Iron Bundle\n|-supereffective|p1a: Iron Bundle\n|-damage|p1a: Iron Bundle|0 fnt\n|faint|p1a: Iron Bundle\n|-end|p1a: Iron Bundle|Quark Drive|[silent]\n|move|p1b: Flutter Mane|Shadow Ball|p2a: Ting-Lu\n|-resisted|p2a: Ting-Lu\n|-damage|p2a: Ting-Lu|62\/100 frz\n|\n|upkeep\n|\n|t:|1681930612\n|switch|p1a: Garchomp|Garchomp, L50, M|100\/100\n|turn|2\n|\n|t:|1681930643\n|switch|p2a: Corviknight|Corviknight, L50, M, shiny|100\/100\n|-terastallize|p1a: Garchomp|Poison\n|move|p2b: Flutter Mane|Protect|p2b: Flutter Mane\n|-singleturn|p2b: Flutter Mane|Protect\n|move|p1b: Flutter Mane|Shadow Ball|p2b: Flutter Mane\n|-activate|p2b: Flutter Mane|move: Protect\n|move|p1a: Garchomp|Earthquake|p2a: Corviknight|[spread] p1b\n|-activate|p2b: Flutter Mane|move: Protect\n|-immune|p2a: Corviknight\n|-damage|p1b: Flutter Mane|34\/100\n|\n|upkeep\n|turn|3\n|\n|t:|1681930693\n|-end|p2b: Flutter Mane|Protosynthesis|[silent]\n|switch|p2b: Ting-Lu|Ting-Lu, L50|62\/100 frz\n|-ability|p2b: Ting-Lu|Vessel of Ruin\n|move|p1b: Flutter Mane|Shadow Ball|p2a: Corviknight\n|-damage|p2a: Corviknight|58\/100\n|move|p1a: Garchomp|Poison Jab|p2b: Ting-Lu\n|-resisted|p2b: Ting-Lu\n|-damage|p2b: Ting-Lu|49\/100 frz\n|move|p2a: Corviknight|Iron Head|p1b: Flutter Mane\n|-supereffective|p1b: Flutter Mane\n|-damage|p1b: Flutter Mane|0 fnt\n|faint|p1b: Flutter Mane\n|-end|p1b: Flutter Mane|Protosynthesis|[silent]\n|\n|upkeep\n|\n|t:|1681930706\n|switch|p1b: Chien-Pao|Chien-Pao, L50|100\/100\n|-ability|p1b: Chien-Pao|Sword of Ruin\n|turn|4\n|\n|t:|1681930720\n|move|p1b: Chien-Pao|Ice Spinner|p2a: Corviknight\n|-damage|p2a: Corviknight|13\/100\n|move|p1a: Garchomp|Liquidation|p2a: Corviknight\n|-damage|p2a: Corviknight|0 fnt\n|faint|p2a: Corviknight\n|cant|p2b: Ting-Lu|frz\n|\n|upkeep\n|\n|t:|1681930730\n|switch|p2a: Flutter Mane|Flutter Mane, L50|100\/100\n|turn|5\n|\n|t:|1681930742\n|move|p1b: Chien-Pao|Protect|p1b: Chien-Pao\n|-singleturn|p1b: Chien-Pao|Protect\n|move|p2a: Flutter Mane|Protect|p2a: Flutter Mane\n|-singleturn|p2a: Flutter Mane|Protect\n|move|p1a: Garchomp|Earthquake|p2a: Flutter Mane|[spread] p2b\n|-activate|p1b: Chien-Pao|move: Protect\n|-activate|p2a: Flutter Mane|move: Protect\n|-damage|p2b: Ting-Lu|15\/100 frz\n|cant|p2b: Ting-Lu|frz\n|\n|upkeep\n|turn|6\n|\n|t:|1681930766\n|move|p1b: Chien-Pao|Sucker Punch|p2a: Flutter Mane\n|-damage|p2a: Flutter Mane|1\/100\n|move|p2a: Flutter Mane|Shadow Ball|p1a: Garchomp\n|-damage|p1a: Garchomp|63\/100\n|move|p1a: Garchomp|Poison Jab|p2a: Flutter Mane\n|-damage|p2a: Flutter Mane|0 fnt\n|faint|p2a: Flutter Mane\n|-end|p2a: Flutter Mane|Protosynthesis|[silent]\n|cant|p2b: Ting-Lu|frz\n|\n|upkeep\n|\n|t:|1681930778\n|switch|p2a: Iron Hands|Iron Hands, L50, shiny|100\/100\n|turn|7\n|\n|t:|1681930792\n|move|p1b: Chien-Pao|Protect|p1b: Chien-Pao\n|-singleturn|p1b: Chien-Pao|Protect\n|move|p1a: Garchomp|Protect|p1a: Garchomp\n|-singleturn|p1a: Garchomp|Protect\n|move|p2a: Iron Hands|Fake Out|p1a: Garchomp\n|-activate|p1a: Garchomp|move: Protect\n|-curestatus|p2b: Ting-Lu|frz|[msg]\n|move|p2b: Ting-Lu|Stomping Tantrum|p1a: Garchomp\n|-activate|p1a: Garchomp|move: Protect\n|\n|upkeep\n|turn|8\n|\n|t:|1681930813\n|move|p1b: Chien-Pao|Ice Spinner|p2a: Iron Hands\n|-damage|p2a: Iron Hands|68\/100\n|move|p1a: Garchomp|Earthquake|p2b: Ting-Lu|[spread] p1b,p2a,p2b\n|-supereffective|p2a: Iron Hands\n|-damage|p1b: Chien-Pao|46\/100\n|-damage|p2a: Iron Hands|0 fnt\n|-damage|p2b: Ting-Lu|0 fnt\n|faint|p2a: Iron Hands\n|-end|p2a: Iron Hands|Quark Drive|[silent]\n|faint|p2b: Ting-Lu\n|\n|win|XinBluQAQ\n|l|\u2606maku83199\n","uploadtime":1681930829,"views":14,"p1id":"xinbluqaq","p2id":"maku83199","formatid":"gen9vgc2023regulationc","rating":0,"private":0,"password":""}