{"id":"gen9vgc2023regulationc-1864243939","p1":"abcdofsIIIII","p2":"AlbedoIsUwU","format":"[Gen 9] VGC 2023 Regulation C","log":"|j|\u2606abcdofsIIIII\n|j|\u2606AlbedoIsUwU\n|t:|1684143487\n|gametype|doubles\n|player|p1|abcdofsIIIII|265|1078\n|player|p2|AlbedoIsUwU|2|1070\n|teamsize|p1|6\n|teamsize|p2|6\n|gen|9\n|tier|[Gen 9] VGC 2023 Regulation C\n|rated|\n|rule|Species Clause: Limit one of each Pok\u00e9mon\n|rule|Item Clause: Limit one of each item\n|clearpoke\n|poke|p1|Mimikyu, L50, F|\n|poke|p1|Krookodile, L50, M|\n|poke|p1|Torkoal, L50, M|\n|poke|p1|Meowscarada, L50, F|\n|poke|p1|Sylveon, L50, M|\n|poke|p1|Flamigo, L50, M|\n|poke|p2|Ting-Lu, L50|\n|poke|p2|Palafin, L50, F|\n|poke|p2|Hydreigon, L50, M|\n|poke|p2|Flutter Mane, L50|\n|poke|p2|Kingambit, L50, M|\n|poke|p2|Murkrow, L50, M|\n|teampreview|4\n|inactive|Battle timer is ON: inactive players will automatically lose when time's up. (requested by AlbedoIsUwU)\n|\n|t:|1684143522\n|start\n|switch|p1a: Meowscarada|Meowscarada, L50, F|100\/100\n|switch|p1b: Krookodile|Krookodile, L50, M|100\/100\n|switch|p2a: Ting-Lu|Ting-Lu, L50|100\/100\n|switch|p2b: Palafin|Palafin, L50, F|100\/100\n|-ability|p2a: Ting-Lu|Vessel of Ruin\n|turn|1\n|\n|t:|1684143542\n|move|p2b: Palafin|Flip Turn|p1b: Krookodile\n|-supereffective|p1b: Krookodile\n|-damage|p1b: Krookodile|49\/100\n|-enditem|p1b: Krookodile|Weakness Policy\n|-boost|p1b: Krookodile|atk|2|[from] item: Weakness Policy\n|-boost|p1b: Krookodile|spa|2|[from] item: Weakness Policy\n|-damage|p2b: Palafin|91\/100|[from] item: Life Orb\n|\n|t:|1684143548\n|detailschange|p2b: Palafin|Palafin-Hero, L50, F\n|switch|p2b: Flutter Mane|Flutter Mane, L50|100\/100|[from] Flip Turn\n|move|p1b: Krookodile|Bulk Up|p1b: Krookodile\n|-boost|p1b: Krookodile|atk|1\n|-boost|p1b: Krookodile|def|1\n|move|p2a: Ting-Lu|Fissure|p1a: Meowscarada|[miss]\n|-miss|p2a: Ting-Lu|p1a: Meowscarada\n|move|p1a: Meowscarada|Trick Room|p1a: Meowscarada\n|-fieldstart|move: Trick Room|[of] p1a: Meowscarada\n|\n|upkeep\n|turn|2\n|\n|t:|1684143569\n|-terastallize|p2a: Ting-Lu|Ground\n|move|p1a: Meowscarada|Ally Switch|p1a: Meowscarada\n|swap|p1a: Meowscarada|1|[from] move: Ally Switch\n|move|p2a: Ting-Lu|Stomping Tantrum|p1b: Meowscarada\n|-resisted|p1b: Meowscarada\n|-damage|p1b: Meowscarada|50\/100\n|move|p1a: Krookodile|Power Trip|p2b: Flutter Mane\n|-damage|p2b: Flutter Mane|0 fnt\n|faint|p2b: Flutter Mane\n|-end|p2b: Flutter Mane|Protosynthesis|[silent]\n|\n|upkeep\n|\n|t:|1684143580\n|switch|p2b: Palafin|Palafin-Hero, L50, F|91\/100\n|-activate|p2b: Palafin|ability: Zero to Hero\n|turn|3\n|inactive|abcdofsIIIII has 30 seconds left.\n|inactive|abcdofsIIIII has 20 seconds left.\n|\n|t:|1684143615\n|-terastallize|p1a: Krookodile|Dark\n|move|p2b: Palafin|Jet Punch|p1a: Krookodile\n|-crit|p1a: Krookodile\n|-damage|p1a: Krookodile|0 fnt\n|faint|p1a: Krookodile\n|-damage|p2b: Palafin|81\/100|[from] item: Life Orb\n|move|p2a: Ting-Lu|Fissure|p1b: Meowscarada\n|-damage|p1b: Meowscarada|0 fnt\n|faint|p1b: Meowscarada\n|-ohko\n|\n|upkeep\n|\n|t:|1684143624\n|switch|p1a: Torkoal|Torkoal, L50, M|100\/100\n|switch|p1b: Sylveon|Sylveon, L50, M|100\/100\n|-weather|SunnyDay|[from] ability: Drought|[of] p1a: Torkoal\n|turn|4\n|\n|t:|1684143637\n|move|p1a: Torkoal|Solar Beam||[still]\n|-prepare|p1a: Torkoal|Solar Beam\n|-anim|p1a: Torkoal|Solar Beam|p2b: Palafin\n|-supereffective|p2b: Palafin\n|-damage|p2b: Palafin|22\/100\n|move|p1b: Sylveon|Hyper Voice|p2a: Ting-Lu|[spread] p2a,p2b\n|-damage|p2a: Ting-Lu|90\/100\n|-damage|p2b: Palafin|0 fnt\n|faint|p2b: Palafin\n|move|p2a: Ting-Lu|Heavy Slam|p1b: Sylveon\n|-supereffective|p1b: Sylveon\n|-damage|p1b: Sylveon|17\/100\n|\n|-weather|SunnyDay|[upkeep]\n|-heal|p1b: Sylveon|23\/100|[from] item: Leftovers\n|upkeep\n|\n|t:|1684143650\n|switch|p2b: Kingambit|Kingambit, L50, M|100\/100\n|-activate|p2b: Kingambit|ability: Supreme Overlord\n|-start|p2b: Kingambit|fallen2|[silent]\n|turn|5\n|\n|t:|1684143669\n|move|p2b: Kingambit|Sucker Punch|p1a: Torkoal\n|-damage|p1a: Torkoal|56\/100\n|move|p1a: Torkoal|Heat Wave|p2b: Kingambit|[spread] p2a,p2b\n|-supereffective|p2b: Kingambit\n|-damage|p2a: Ting-Lu|73\/100\n|-damage|p2b: Kingambit|18\/100\n|move|p1b: Sylveon|Hyper Voice|p2b: Kingambit|[spread] p2a,p2b\n|-damage|p2a: Ting-Lu|62\/100\n|-damage|p2b: Kingambit|0 fnt\n|faint|p2b: Kingambit\n|-end|p2b: Kingambit|fallen2|[silent]\n|move|p2a: Ting-Lu|Rock Slide|p1b: Sylveon|[spread] p1b\n|-miss|p2a: Ting-Lu|p1a: Torkoal\n|-damage|p1b: Sylveon|2\/100\n|\n|-weather|SunnyDay|[upkeep]\n|-heal|p1b: Sylveon|8\/100|[from] item: Leftovers\n|-fieldend|move: Trick Room\n|upkeep\n|turn|6\n|\n|t:|1684143685\n|move|p2a: Ting-Lu|Rock Slide|p1b: Sylveon|[spread] p1a,p1b\n|-supereffective|p1a: Torkoal\n|-damage|p1a: Torkoal|35\/100\n|-damage|p1b: Sylveon|0 fnt\n|faint|p1b: Sylveon\n|move|p1a: Torkoal|Solar Beam||[still]\n|-prepare|p1a: Torkoal|Solar Beam\n|-anim|p1a: Torkoal|Solar Beam|p2a: Ting-Lu\n|-supereffective|p2a: Ting-Lu\n|-damage|p2a: Ting-Lu|39\/100\n|\n|-weather|SunnyDay|[upkeep]\n|upkeep\n|turn|7\n|\n|t:|1684143695\n|move|p2a: Ting-Lu|Stomping Tantrum|p1a: Torkoal\n|-supereffective|p1a: Torkoal\n|-damage|p1a: Torkoal|0 fnt\n|faint|p1a: Torkoal\n|\n|win|AlbedoIsUwU\n|raw|abcdofsIIIII's rating: 1078 → 1056<\/strong> (-22 for losing)\n|raw|AlbedoIsUwU's rating: 1070 → 1100<\/strong> (+30 for winning)\n|l|\u2606AlbedoIsUwU\n|l|\u2606abcdofsIIIII\n|j|\u2606AlbedoIsUwU\n|player|p2|AlbedoIsUwU|2\n","uploadtime":1684143706,"views":21,"p1id":"abcdofsiiiii","p2id":"albedoisuwu","formatid":"gen9vgc2023regulationc","rating":1056,"private":0,"password":""}