{"id":"gen9vgc2023regulationc-1852705790","p1":"feegus","p2":"Reduxlemon","format":"[Gen 9] VGC 2023 Regulation C","log":"|j|\u2606feegus\n|j|\u2606Reduxlemon\n|t:|1682598597\n|gametype|doubles\n|player|p1|feegus|266|1190\n|player|p2|Reduxlemon|red|1164\n|teamsize|p1|6\n|teamsize|p2|6\n|gen|9\n|tier|[Gen 9] VGC 2023 Regulation C\n|rated|\n|rule|Species Clause: Limit one of each Pok\u00e9mon\n|rule|Item Clause: Limit one of each item\n|clearpoke\n|poke|p1|Palafin, L50, F|\n|poke|p1|Sableye, L50, M|\n|poke|p1|Slowking, L50, M|\n|poke|p1|Wo-Chien, L50|\n|poke|p1|Cetitan, L50, M|\n|poke|p1|Gallade, L50, M|\n|poke|p2|Roaring Moon, L50|\n|poke|p2|Iron Bundle, L50|\n|poke|p2|Flutter Mane, L50|\n|poke|p2|Amoonguss, L50, M|\n|poke|p2|Palafin, L50, F|\n|poke|p2|Ting-Lu, L50|\n|teampreview|4\n|\n|t:|1682598620\n|start\n|switch|p1a: Palafin|Palafin, L50, F|100\/100\n|switch|p1b: Sableye|Sableye, L50, M|100\/100\n|switch|p2a: Iron Bundle|Iron Bundle, L50|100\/100\n|switch|p2b: Flutter Mane|Flutter Mane, L50|100\/100\n|turn|1\n|\n|t:|1682598653\n|move|p1a: Palafin|Protect|p1a: Palafin\n|-singleturn|p1a: Palafin|Protect\n|move|p1b: Sableye|Rain Dance|p1b: Sableye\n|-weather|RainDance\n|move|p2a: Iron Bundle|Icy Wind|p1a: Palafin|[spread] p1b\n|-activate|p1a: Palafin|move: Protect\n|-damage|p1b: Sableye|78\/100\n|-unboost|p1b: Sableye|spe|1\n|move|p2b: Flutter Mane|Dazzling Gleam|p1a: Palafin|[spread] p1b\n|-activate|p1a: Palafin|move: Protect\n|-supereffective|p1b: Sableye\n|-enditem|p1b: Sableye|Roseli Berry|[eat]\n|-enditem|p1b: Sableye|Roseli Berry|[weaken]\n|-damage|p1b: Sableye|22\/100\n|\n|-weather|RainDance|[upkeep]\n|upkeep\n|turn|2\n|\n|t:|1682598673\n|detailschange|p1a: Palafin|Palafin-Hero, L50, F\n|switch|p1a: Wo-Chien|Wo-Chien, L50|100\/100\n|-ability|p1a: Wo-Chien|Tablets of Ruin\n|move|p1b: Sableye|Disable|p2b: Flutter Mane\n|-start|p2b: Flutter Mane|Disable|Dazzling Gleam\n|move|p2a: Iron Bundle|Freeze-Dry|p1a: Wo-Chien\n|-supereffective|p1a: Wo-Chien\n|-damage|p1a: Wo-Chien|47\/100\n|cant|p2b: Flutter Mane|Disable|Dazzling Gleam\n|\n|-weather|RainDance|[upkeep]\n|upkeep\n|turn|3\n|\n|t:|1682598690\n|-end|p2b: Flutter Mane|Protosynthesis|[silent]\n|switch|p2b: Roaring Moon|Roaring Moon, L50|100\/100\n|-enditem|p2b: Roaring Moon|Booster Energy\n|-activate|p2b: Roaring Moon|ability: Protosynthesis|[fromitem]\n|-start|p2b: Roaring Moon|protosynthesisatk\n|move|p2a: Iron Bundle|Protect|p2a: Iron Bundle\n|-singleturn|p2a: Iron Bundle|Protect\n|move|p1b: Sableye|Disable|p2a: Iron Bundle\n|-activate|p2a: Iron Bundle|move: Protect\n|move|p1a: Wo-Chien|Knock Off|p2b: Roaring Moon\n|-resisted|p2b: Roaring Moon\n|-damage|p2b: Roaring Moon|90\/100\n|\n|-weather|RainDance|[upkeep]\n|upkeep\n|turn|4\n|\n|t:|1682598711\n|-terastallize|p2b: Roaring Moon|Flying\n|move|p1b: Sableye|Encore|p2a: Iron Bundle\n|-start|p2a: Iron Bundle|Encore\n|move|p2a: Iron Bundle|Protect||[still]\n|-fail|p2a: Iron Bundle\n|move|p1a: Wo-Chien|Knock Off|p2a: Iron Bundle\n|-damage|p2a: Iron Bundle|64\/100\n|-enditem|p2a: Iron Bundle|Focus Sash|[from] move: Knock Off|[of] p1a: Wo-Chien\n|move|p2b: Roaring Moon|Acrobatics|p1a: Wo-Chien\n|-supereffective|p1a: Wo-Chien\n|-damage|p1a: Wo-Chien|0 fnt\n|faint|p1a: Wo-Chien\n|\n|-weather|RainDance|[upkeep]\n|upkeep\n|\n|t:|1682598725\n|switch|p1a: Gallade|Gallade, L50, M|100\/100\n|turn|5\n|\n|t:|1682598735\n|-end|p2a: Iron Bundle|Quark Drive|[silent]\n|switch|p2a: Amoonguss|Amoonguss, L50, M, shiny|100\/100\n|-terastallize|p1a: Gallade|Water\n|move|p1b: Sableye|Helping Hand|p1a: Gallade\n|-singleturn|p1a: Gallade|Helping Hand|[of] p1b: Sableye\n|move|p2b: Roaring Moon|Protect|p2b: Roaring Moon\n|-singleturn|p2b: Roaring Moon|Protect\n|move|p1a: Gallade|Aqua Cutter|p2b: Roaring Moon\n|-activate|p2b: Roaring Moon|move: Protect\n|\n|-weather|none\n|upkeep\n|turn|6\n|\n|t:|1682598753\n|move|p2a: Amoonguss|Rage Powder|p2a: Amoonguss\n|-singleturn|p2a: Amoonguss|move: Rage Powder\n|move|p1b: Sableye|Encore|p2a: Amoonguss\n|-start|p2a: Amoonguss|Encore\n|move|p2b: Roaring Moon|Acrobatics|p1b: Sableye\n|-damage|p1b: Sableye|0 fnt\n|faint|p1b: Sableye\n|move|p1a: Gallade|Psycho Cut|p2a: Amoonguss\n|-supereffective|p2a: Amoonguss\n|-damage|p2a: Amoonguss|5\/100\n|-enditem|p2a: Amoonguss|Sitrus Berry|[eat]\n|-heal|p2a: Amoonguss|29\/100|[from] item: Sitrus Berry\n|\n|upkeep\n|\n|t:|1682598759\n|switch|p1b: Palafin|Palafin-Hero, L50, F|100\/100\n|-activate|p1b: Palafin|ability: Zero to Hero\n|turn|7\n|\n|t:|1682598775\n|move|p1b: Palafin|Protect|p1b: Palafin\n|-singleturn|p1b: Palafin|Protect\n|move|p2a: Amoonguss|Rage Powder|p2a: Amoonguss\n|-singleturn|p2a: Amoonguss|move: Rage Powder\n|move|p2b: Roaring Moon|Dragon Dance|p2b: Roaring Moon\n|-boost|p2b: Roaring Moon|atk|1\n|-boost|p2b: Roaring Moon|spe|1\n|move|p1a: Gallade|Psycho Cut|p2a: Amoonguss\n|-supereffective|p2a: Amoonguss\n|-damage|p2a: Amoonguss|0 fnt\n|faint|p2a: Amoonguss\n|\n|upkeep\n|\n|t:|1682598788\n|switch|p2a: Iron Bundle|Iron Bundle, L50|64\/100\n|turn|8\n|\n|t:|1682598809\n|move|p1b: Palafin|Jet Punch|p2a: Iron Bundle\n|-resisted|p2a: Iron Bundle\n|-damage|p2a: Iron Bundle|37\/100\n|move|p2b: Roaring Moon|Acrobatics|p1a: Gallade\n|-crit|p1a: Gallade\n|-damage|p1a: Gallade|0 fnt\n|faint|p1a: Gallade\n|move|p2a: Iron Bundle|Freeze-Dry|p1b: Palafin\n|-supereffective|p1b: Palafin\n|-damage|p1b: Palafin|11\/100\n|-status|p1b: Palafin|frz\n|\n|upkeep\n|turn|9\n|-message|feegus forfeited.\n|\n|win|Reduxlemon\n|raw|feegus's rating: 1190 → 1163<\/strong> (-27 for losing)\n|raw|Reduxlemon's rating: 1164 → 1191<\/strong> (+27 for winning)\n|l|\u2606feegus\n","uploadtime":1682598827,"views":16,"p1id":"feegus","p2id":"reduxlemon","formatid":"gen9vgc2023regulationc","rating":1163,"private":0,"password":""}