{"id":"gen9vgc2023regulationc-1857065325","p1":"19402u","p2":"SwampCorner","format":"[Gen 9] VGC 2023 Regulation C","log":"|j|\u260619402u\n|j|\u2606SwampCorner\n|t:|1683142387\n|gametype|doubles\n|player|p1|19402u|265|1423\n|player|p2|SwampCorner|boarder|1472\n|teamsize|p1|6\n|teamsize|p2|6\n|gen|9\n|tier|[Gen 9] VGC 2023 Regulation C\n|rated|\n|rule|Species Clause: Limit one of each Pok\u00e9mon\n|rule|Item Clause: Limit one of each item\n|clearpoke\n|poke|p1|Dragonite, L50, M|\n|poke|p1|Iron Hands, L50|\n|poke|p1|Amoonguss, L50, F|\n|poke|p1|Ting-Lu, L50|\n|poke|p1|Flutter Mane, L50|\n|poke|p1|Arcanine, L50, F|\n|poke|p2|Scream Tail, L50|\n|poke|p2|Ceruledge, L50, F|\n|poke|p2|Ting-Lu, L50|\n|poke|p2|Iron Hands, L50|\n|poke|p2|Arcanine, L50, M|\n|poke|p2|Flutter Mane, L50|\n|teampreview|4\n|c|\u2606SwampCorner|glhf\n19402u has agreed to open team sheets.\n|c|\u260619402u|u2\n|\n|t:|1683142444\n|start\n|switch|p1a: Dragonite|Dragonite, L50, M, shiny|100\/100\n|switch|p1b: Ting-Lu|Ting-Lu, L50|100\/100\n|switch|p2a: Ceruledge|Ceruledge, L50, F|100\/100\n|switch|p2b: Flutter Mane|Flutter Mane, L50|100\/100\n|-ability|p1b: Ting-Lu|Vessel of Ruin\n|turn|1\n|\n|t:|1683142501\n|-terastallize|p1a: Dragonite|Flying\n|-terastallize|p2a: Ceruledge|Grass\n|move|p2a: Ceruledge|Shadow Sneak|p1a: Dragonite\n|-damage|p1a: Dragonite|89\/100\n|move|p2b: Flutter Mane|Thunderbolt|p1a: Dragonite\n|-supereffective|p1a: Dragonite\n|-damage|p1a: Dragonite|17\/100\n|move|p1a: Dragonite|Tera Blast|p2a: Ceruledge\n|-supereffective|p2a: Ceruledge\n|-damage|p2a: Ceruledge|0 fnt\n|faint|p2a: Ceruledge\n|move|p1b: Ting-Lu|Earthquake|p2b: Flutter Mane|[spread] p2b\n|-immune|p1a: Dragonite\n|-damage|p2b: Flutter Mane|40\/100\n|\n|upkeep\n|\n|t:|1683142513\n|switch|p2a: Arcanine|Arcanine, L50, M|100\/100\n|-ability|p2a: Arcanine|Intimidate|boost\n|-unboost|p1a: Dragonite|atk|1\n|-fail|p1b: Ting-Lu|unboost|[from] item: Clear Amulet|[of] p1b: Ting-Lu\n|turn|2\n|\n|t:|1683142530\n|-end|p2b: Flutter Mane|Protosynthesis|[silent]\n|switch|p2b: Iron Hands|Iron Hands, L50|100\/100\n|switch|p1a: Amoonguss|Amoonguss, L50, F, shiny|100\/100\n|move|p2a: Arcanine|Will-O-Wisp|p1b: Ting-Lu\n|-status|p1b: Ting-Lu|brn\n|move|p1b: Ting-Lu|Throat Chop|p2b: Iron Hands\n|-resisted|p2b: Iron Hands\n|-damage|p2b: Iron Hands|94\/100\n|-start|p2b: Iron Hands|Throat Chop|[silent]\n|\n|-damage|p1b: Ting-Lu|94\/100 brn|[from] brn\n|upkeep\n|turn|3\n|\n|t:|1683142553\n|move|p1a: Amoonguss|Protect|p1a: Amoonguss\n|-singleturn|p1a: Amoonguss|Protect\n|move|p2a: Arcanine|Flare Blitz|p1a: Amoonguss\n|-activate|p1a: Amoonguss|move: Protect\n|move|p2b: Iron Hands|Swords Dance|p2b: Iron Hands\n|-boost|p2b: Iron Hands|atk|2\n|move|p1b: Ting-Lu|Earthquake|p2b: Iron Hands|[spread] p2a,p2b\n|-activate|p1a: Amoonguss|move: Protect\n|-supereffective|p2a: Arcanine\n|-supereffective|p2b: Iron Hands\n|-damage|p2a: Arcanine|64\/100\n|-damage|p2b: Iron Hands|68\/100\n|\n|-damage|p1b: Ting-Lu|88\/100 brn|[from] brn\n|-end|p2b: Iron Hands|Throat Chop|[silent]\n|upkeep\n|turn|4\n|\n|t:|1683142578\n|move|p2a: Arcanine|Flare Blitz|p1a: Amoonguss\n|-supereffective|p1a: Amoonguss\n|-damage|p1a: Amoonguss|10\/100\n|-enditem|p1a: Amoonguss|Sitrus Berry|[eat]\n|-heal|p1a: Amoonguss|35\/100|[from] item: Sitrus Berry\n|-damage|p2a: Arcanine|30\/100|[from] Recoil\n|move|p2b: Iron Hands|Drain Punch|p1a: Amoonguss\n|-resisted|p1a: Amoonguss\n|-damage|p1a: Amoonguss|9\/100\n|-heal|p2b: Iron Hands|79\/100|[from] drain|[of] p1a: Amoonguss\n|move|p1b: Ting-Lu|Taunt|p2b: Iron Hands\n|-start|p2b: Iron Hands|move: Taunt\n|move|p1a: Amoonguss|Spore|p2b: Iron Hands\n|-status|p2b: Iron Hands|slp|[from] move: Spore\n|\n|-damage|p1b: Ting-Lu|82\/100 brn|[from] brn\n|upkeep\n|turn|5\n|\n|t:|1683142598\n|switch|p1a: Dragonite|Dragonite, L50, M, shiny, tera:Flying|17\/100\n|move|p2a: Arcanine|Protect|p2a: Arcanine\n|-singleturn|p2a: Arcanine|Protect\n|cant|p2b: Iron Hands|slp\n|move|p1b: Ting-Lu|Earthquake|p2b: Iron Hands|[spread] p2b\n|-activate|p2a: Arcanine|move: Protect\n|-immune|p1a: Dragonite\n|-supereffective|p2b: Iron Hands\n|-damage|p2b: Iron Hands|54\/100 slp\n|\n|-damage|p1b: Ting-Lu|76\/100 brn|[from] brn\n|upkeep\n|turn|6\n|\n|t:|1683142616\n|move|p1a: Dragonite|Extreme Speed|p2b: Iron Hands\n|-damage|p2b: Iron Hands|23\/100 slp\n|-enditem|p2b: Iron Hands|Sitrus Berry|[eat]\n|-heal|p2b: Iron Hands|48\/100 slp|[from] item: Sitrus Berry\n|move|p2a: Arcanine|Extreme Speed|p1a: Dragonite\n|-damage|p1a: Dragonite|0 fnt\n|faint|p1a: Dragonite\n|-curestatus|p2b: Iron Hands|slp|[msg]\n|move|p2b: Iron Hands|Drain Punch|p1b: Ting-Lu\n|-supereffective|p1b: Ting-Lu\n|-damage|p1b: Ting-Lu|0 fnt\n|-heal|p2b: Iron Hands|86\/100|[from] drain|[of] p1b: Ting-Lu\n|faint|p1b: Ting-Lu\n|\n|upkeep\n|\n|t:|1683142623\n|switch|p1a: Iron Hands|Iron Hands, L50, shiny|100\/100\n|switch|p1b: Amoonguss|Amoonguss, L50, F, shiny|42\/100\n|turn|7\n|\n|t:|1683142636\n|move|p1a: Iron Hands|Fake Out|p2a: Arcanine\n|-damage|p2a: Arcanine|15\/100\n|cant|p2a: Arcanine|flinch\n|move|p2b: Iron Hands|Wild Charge|p1b: Amoonguss\n|-resisted|p1b: Amoonguss\n|-damage|p1b: Amoonguss|7\/100\n|-damage|p2b: Iron Hands|78\/100|[from] Recoil\n|move|p1b: Amoonguss|Spore|p2b: Iron Hands\n|-status|p2b: Iron Hands|slp|[from] move: Spore\n|\n|-end|p2b: Iron Hands|move: Taunt\n|upkeep\n|turn|8\n|\n|t:|1683142659\n|move|p1b: Amoonguss|Protect|p1b: Amoonguss\n|-singleturn|p1b: Amoonguss|Protect\n|move|p2a: Arcanine|Will-O-Wisp|p1a: Iron Hands\n|-status|p1a: Iron Hands|brn\n|move|p1a: Iron Hands|Drain Punch|p2a: Arcanine\n|-damage|p2a: Arcanine|0 fnt\n|faint|p2a: Arcanine\n|cant|p2b: Iron Hands|slp\n|\n|-damage|p1a: Iron Hands|94\/100 brn|[from] brn\n|upkeep\n|\n|t:|1683142666\n|switch|p2a: Flutter Mane|Flutter Mane, L50|40\/100\n|turn|9\n|\n|t:|1683142682\n|move|p1b: Amoonguss|Protect|p1b: Amoonguss\n|-singleturn|p1b: Amoonguss|Protect\n|move|p2a: Flutter Mane|Dazzling Gleam|p1a: Iron Hands|[spread] p1a\n|-activate|p1b: Amoonguss|move: Protect\n|-supereffective|p1a: Iron Hands\n|-damage|p1a: Iron Hands|53\/100 brn\n|move|p1a: Iron Hands|Heavy Slam|p2a: Flutter Mane\n|-supereffective|p2a: Flutter Mane\n|-damage|p2a: Flutter Mane|0 fnt\n|faint|p2a: Flutter Mane\n|-end|p2a: Flutter Mane|Protosynthesis|[silent]\n|cant|p2b: Iron Hands|slp\n|\n|-damage|p1a: Iron Hands|47\/100 brn|[from] brn\n|upkeep\n|turn|10\n|\n|t:|1683142704\n|move|p1a: Iron Hands|Drain Punch|p2b: Iron Hands\n|-damage|p2b: Iron Hands|64\/100 slp\n|-heal|p1a: Iron Hands|54\/100 brn|[from] drain|[of] p2b: Iron Hands\n|-curestatus|p2b: Iron Hands|slp|[msg]\n|move|p2b: Iron Hands|Drain Punch|p1b: Amoonguss\n|-resisted|p1b: Amoonguss\n|-damage|p1b: Amoonguss|0 fnt\n|-heal|p2b: Iron Hands|67\/100|[from] drain|[of] p1b: Amoonguss\n|faint|p1b: Amoonguss\n|\n|-damage|p1a: Iron Hands|48\/100 brn|[from] brn\n|upkeep\n|turn|11\n|\n|t:|1683142712\n|move|p1a: Iron Hands|Drain Punch|p2b: Iron Hands\n|-damage|p2b: Iron Hands|54\/100\n|-heal|p1a: Iron Hands|56\/100 brn|[from] drain|[of] p2b: Iron Hands\n|move|p2b: Iron Hands|Drain Punch|p1a: Iron Hands\n|-damage|p1a: Iron Hands|11\/100 brn\n|-heal|p2b: Iron Hands|75\/100|[from] drain|[of] p1a: Iron Hands\n|\n|-damage|p1a: Iron Hands|5\/100 brn|[from] brn\n|upkeep\n|turn|12\n|-message|19402u forfeited.\n|\n|win|SwampCorner\n|raw|19402u's rating: 1423 → 1406<\/strong> (-17 for losing)\n|raw|SwampCorner's rating: 1472 → 1489<\/strong> (+17 for winning)\n|c|\u2606SwampCorner|ggs\n|c|\u260619402u|gg\n","uploadtime":1683142724,"views":10,"p1id":"19402u","p2id":"swampcorner","formatid":"gen9vgc2023regulationc","rating":1406,"private":0,"password":""}