{"id":"gen9vgc2023regulationc-1853188575","p1":"gfhx","p2":"trashcanpapi69","format":"[Gen 9] VGC 2023 Regulation C","log":"|j|\u2606gfhx\n|j|\u2606trashcanpapi69\n|t:|1682646163\n|gametype|doubles\n|player|p1|gfhx|102|1113\n|player|p2|trashcanpapi69|red|1213\n|teamsize|p1|6\n|teamsize|p2|6\n|gen|9\n|tier|[Gen 9] VGC 2023 Regulation C\n|rated|\n|rule|Species Clause: Limit one of each Pok\u00e9mon\n|rule|Item Clause: Limit one of each item\n|clearpoke\n|poke|p1|Flutter Mane, L50|\n|poke|p1|Palafin, L50, M|\n|poke|p1|Arcanine, L50, M|\n|poke|p1|Amoonguss, L50, M|\n|poke|p1|Ting-Lu, L50|\n|poke|p1|Dragonite, L50, M|\n|poke|p2|Bellibolt, L50, M|\n|poke|p2|Oranguru, L50, M|\n|poke|p2|Ting-Lu, L50|\n|poke|p2|Gyarados, L50, M|\n|poke|p2|Maushold, L50|\n|poke|p2|Annihilape, L50, M|\n|teampreview|4\n|inactive|Battle timer is ON: inactive players will automatically lose when time's up. (requested by trashcanpapi69)\ntrashcanpapi69 rejected open team sheets.\n|inactive|gfhx has 60 seconds left.\n|inactive|gfhx has 30 seconds left.\n|inactive|gfhx has 20 seconds left.\n|inactive|gfhx has 15 seconds left.\n|inactive|gfhx has 10 seconds left.\n|inactive|gfhx has 5 seconds left.\n|\n|t:|1682646277\n|start\n|switch|p1a: Ting-Lu|Ting-Lu, L50|100\/100\n|switch|p1b: Amoonguss|Amoonguss, L50, M|100\/100\n|switch|p2a: Gyarados|Gyarados, L50, M, shiny|100\/100\n|switch|p2b: Ting-Lu|Ting-Lu, L50|100\/100\n|-ability|p2a: Gyarados|Intimidate|boost\n|-unboost|p1a: Ting-Lu|atk|1\n|-unboost|p1b: Amoonguss|atk|1\n|-ability|p1a: Ting-Lu|Vessel of Ruin\n|-ability|p2b: Ting-Lu|Vessel of Ruin\n|turn|1\n|inactive|gfhx has 30 seconds left.\n|\n|t:|1682646311\n|move|p2a: Gyarados|Dragon Dance|p2a: Gyarados\n|-boost|p2a: Gyarados|atk|1\n|-boost|p2a: Gyarados|spe|1\n|move|p1a: Ting-Lu|Fissure|p2b: Ting-Lu\n|-damage|p2b: Ting-Lu|0 fnt\n|faint|p2b: Ting-Lu\n|-ohko\n|move|p1b: Amoonguss|Spore|p2a: Gyarados\n|-activate|p2a: Gyarados|item: Safety Goggles|Spore\n|\n|upkeep\n|\n|t:|1682646324\n|switch|p2b: Oranguru|Oranguru, L50, M|100\/100\n|turn|2\n|\n|t:|1682646334\n|switch|p1b: Arcanine|Arcanine, L50, M|100\/100\n|-ability|p1b: Arcanine|Intimidate|boost\n|-unboost|p2a: Gyarados|atk|1\n|-unboost|p2b: Oranguru|atk|1\n|-terastallize|p2a: Gyarados|Flying\n|move|p2b: Oranguru|Protect|p2b: Oranguru\n|-singleturn|p2b: Oranguru|Protect\n|move|p2a: Gyarados|Tera Blast|p1b: Arcanine\n|-damage|p1b: Arcanine|46\/100\n|move|p1a: Ting-Lu|Ruination|p2a: Gyarados\n|-damage|p2a: Gyarados|50\/100\n|\n|upkeep\n|turn|3\n|\n|t:|1682646352\n|move|p1b: Arcanine|Protect|p1b: Arcanine\n|-singleturn|p1b: Arcanine|Protect\n|move|p2a: Gyarados|Waterfall|p1b: Arcanine\n|-activate|p1b: Arcanine|move: Protect\n|move|p2b: Oranguru|Instruct|p2a: Gyarados\n|-singleturn|p2a: Gyarados|move: Instruct|[of] p2b: Oranguru\n|move|p2a: Gyarados|Waterfall|p1b: Arcanine\n|-activate|p1b: Arcanine|move: Protect\n|move|p1a: Ting-Lu|Ruination|p2a: Gyarados\n|-damage|p2a: Gyarados|25\/100\n|\n|upkeep\n|turn|4\n|\n|t:|1682646372\n|switch|p1b: Amoonguss|Amoonguss, L50, M|100\/100\n|move|p2a: Gyarados|Waterfall|p1a: Ting-Lu\n|-supereffective|p1a: Ting-Lu\n|-damage|p1a: Ting-Lu|51\/100\n|move|p2b: Oranguru|Instruct|p2a: Gyarados\n|-singleturn|p2a: Gyarados|move: Instruct|[of] p2b: Oranguru\n|move|p2a: Gyarados|Waterfall|p1a: Ting-Lu\n|-supereffective|p1a: Ting-Lu\n|-damage|p1a: Ting-Lu|0 fnt\n|faint|p1a: Ting-Lu\n|\n|upkeep\n|\n|t:|1682646384\n|switch|p1a: Arcanine|Arcanine, L50, M|46\/100\n|-ability|p1a: Arcanine|Intimidate|boost\n|-unboost|p2a: Gyarados|atk|1\n|-unboost|p2b: Oranguru|atk|1\n|turn|5\n|\n|t:|1682646409\n|-terastallize|p1a: Arcanine|Water\n|move|p2b: Oranguru|Protect|p2b: Oranguru\n|-singleturn|p2b: Oranguru|Protect\n|move|p1a: Arcanine|Extreme Speed|p2a: Gyarados\n|-damage|p2a: Gyarados|6\/100\n|move|p2a: Gyarados|Waterfall|p1a: Arcanine\n|-resisted|p1a: Arcanine\n|-damage|p1a: Arcanine|32\/100\n|move|p1b: Amoonguss|Pollen Puff|p1a: Arcanine\n|-heal|p1a: Arcanine|82\/100\n|\n|upkeep\n|turn|6\n|\n|t:|1682646426\n|move|p1a: Arcanine|Extreme Speed|p2a: Gyarados\n|-damage|p2a: Gyarados|0 fnt\n|faint|p2a: Gyarados\n|move|p1b: Amoonguss|Spore|p2b: Oranguru\n|-status|p2b: Oranguru|slp|[from] move: Spore\n|cant|p2b: Oranguru|slp\n|\n|upkeep\n|\n|t:|1682646429\n|switch|p2a: Bellibolt|Bellibolt, L50, M|100\/100\n|turn|7\n|\n|t:|1682646451\n|move|p2a: Bellibolt|Protect|p2a: Bellibolt\n|-singleturn|p2a: Bellibolt|Protect\n|move|p1b: Amoonguss|Protect|p1b: Amoonguss\n|-singleturn|p1b: Amoonguss|Protect\n|move|p1a: Arcanine|Flare Blitz|p2b: Oranguru\n|-damage|p2b: Oranguru|59\/100 slp\n|-damage|p1a: Arcanine|69\/100|[from] Recoil\n|-curestatus|p2b: Oranguru|slp|[msg]\n|move|p2b: Oranguru|Instruct|p2a: Bellibolt\n|-activate|p2a: Bellibolt|move: Protect\n|\n|upkeep\n|turn|8\n|\n|t:|1682646464\n|move|p1a: Arcanine|Protect|p1a: Arcanine\n|-singleturn|p1a: Arcanine|Protect\n|move|p2b: Oranguru|Bulldoze|p1b: Amoonguss|[spread] p2a,p1b\n|-activate|p1a: Arcanine|move: Protect\n|-supereffective|p2a: Bellibolt\n|-damage|p2a: Bellibolt|95\/100\n|-damage|p1b: Amoonguss|98\/100\n|-unboost|p2a: Bellibolt|spe|1\n|-unboost|p1b: Amoonguss|spe|1\n|-start|p2a: Bellibolt|Charge|Bulldoze|[from] ability: Electromorphosis\n|-enditem|p2a: Bellibolt|Weakness Policy\n|-boost|p2a: Bellibolt|atk|2|[from] item: Weakness Policy\n|-boost|p2a: Bellibolt|spa|2|[from] item: Weakness Policy\n|move|p2a: Bellibolt|Parabolic Charge|p1b: Amoonguss|[spread] p1b\n|-activate|p1a: Arcanine|move: Protect\n|-activate|p2b: Oranguru|ability: Telepathy\n|-resisted|p1b: Amoonguss\n|-damage|p1b: Amoonguss|60\/100\n|-heal|p2a: Bellibolt|100\/100|[from] drain|[of] p1b: Amoonguss\n|-end|p2a: Bellibolt|Charge|[silent]\n|move|p1b: Amoonguss|Spore|p2b: Oranguru\n|-status|p2b: Oranguru|slp|[from] move: Spore\n|\n|upkeep\n|turn|9\n|inactive|gfhx has 30 seconds left.\n|inactive|gfhx has 20 seconds left.\n|\n|t:|1682646504\n|move|p1a: Arcanine|Flare Blitz|p2b: Oranguru\n|-damage|p2b: Oranguru|17\/100 slp\n|-damage|p1a: Arcanine|55\/100|[from] Recoil\n|cant|p2b: Oranguru|slp\n|move|p2a: Bellibolt|Parabolic Charge|p1b: Amoonguss|[spread] p1a,p1b\n|-activate|p2b: Oranguru|ability: Telepathy\n|-supereffective|p1a: Arcanine\n|-resisted|p1b: Amoonguss\n|-damage|p1a: Arcanine|0 fnt\n|-damage|p1b: Amoonguss|41\/100\n|-enditem|p1b: Amoonguss|Sitrus Berry|[eat]\n|-heal|p1b: Amoonguss|66\/100|[from] item: Sitrus Berry\n|faint|p1a: Arcanine\n|move|p1b: Amoonguss|Spore|p2a: Bellibolt\n|-status|p2a: Bellibolt|slp|[from] move: Spore\n|\n|upkeep\n|\n|t:|1682646514\n|switch|p1a: Flutter Mane|Flutter Mane, L50|100\/100\n|-enditem|p1a: Flutter Mane|Booster Energy\n|-activate|p1a: Flutter Mane|ability: Protosynthesis|[fromitem]\n|-start|p1a: Flutter Mane|protosynthesisspa\n|turn|10\n|\n|t:|1682646529\n|move|p1a: Flutter Mane|Moonblast|p2a: Bellibolt\n|-damage|p2a: Bellibolt|48\/100 slp\n|-unboost|p2a: Bellibolt|spa|1\n|-start|p2a: Bellibolt|Charge|Moonblast|[from] ability: Electromorphosis\n|cant|p2a: Bellibolt|slp\n|-end|p2a: Bellibolt|Charge|[silent]\n|move|p1b: Amoonguss|Pollen Puff|p2b: Oranguru\n|-supereffective|p2b: Oranguru\n|-damage|p2b: Oranguru|0 fnt\n|faint|p2b: Oranguru\n|\n|upkeep\n|turn|11\n|-message|trashcanpapi69 forfeited.\n|\n|win|gfhx\n|raw|gfhx's rating: 1113 → 1145<\/strong> (+32 for winning)\n|raw|trashcanpapi69's rating: 1213 → 1181<\/strong> (-32 for losing)\n|l|\u2606trashcanpapi69\n","uploadtime":1682646580,"views":8,"p1id":"gfhx","p2id":"trashcanpapi69","formatid":"gen9vgc2023regulationc","rating":1145,"private":0,"password":""}