{"id":"gen9vgc2023regulationc-1855387062","p1":"Luckk1011 VGC","p2":"Hinokami Ascension","format":"[Gen 9] VGC 2023 Regulation C","log":"|j|\u2606Luckk1011 VGC\n|j|\u2606Hinokami Ascension\n|t:|1682946206\n|gametype|doubles\n|player|p1|Luckk1011 VGC|ghetsis|1146\n|player|p2|Hinokami Ascension|hilbert-wonderlauncher|1155\n|teamsize|p1|6\n|teamsize|p2|6\n|gen|9\n|tier|[Gen 9] VGC 2023 Regulation C\n|rated|\n|rule|Species Clause: Limit one of each Pok\u00e9mon\n|rule|Item Clause: Limit one of each item\n|clearpoke\n|poke|p1|Flutter Mane, L50|\n|poke|p1|Chi-Yu, L50|\n|poke|p1|Glimmora, L50, F|\n|poke|p1|Ting-Lu, L50|\n|poke|p1|Amoonguss, L50, F|\n|poke|p1|Gyarados, L50, F|\n|poke|p2|Talonflame, L50, M|\n|poke|p2|Iron Bundle, L50|\n|poke|p2|Torkoal, L50, M|\n|poke|p2|Flutter Mane, L50|\n|poke|p2|Great Tusk, L50|\n|poke|p2|Chi-Yu, L50|\n|teampreview|4\n|inactive|Battle timer is ON: inactive players will automatically lose when time's up. (requested by Luckk1011 VGC)\n|\n|t:|1682946251\n|start\n|switch|p1a: Ting-Lu|Ting-Lu, L50|100\/100\n|switch|p1b: Glimmora|Glimmora, L50, F|100\/100\n|switch|p2a: Daki|Flutter Mane, L50, shiny|100\/100\n|switch|p2b: Matsuemon|Talonflame, L50, M, shiny|100\/100\n|-ability|p1a: Ting-Lu|Vessel of Ruin\n|turn|1\n|\n|t:|1682946264\n|-terastallize|p2b: Matsuemon|Ghost\n|move|p2b: Matsuemon|Will-O-Wisp|p1a: Ting-Lu\n|-status|p1a: Ting-Lu|brn\n|move|p2a: Daki|Dazzling Gleam|p1b: Glimmora|[spread] p1a,p1b\n|-supereffective|p1a: Ting-Lu\n|-resisted|p1b: Glimmora\n|-damage|p1a: Ting-Lu|67\/100 brn\n|-damage|p1b: Glimmora|76\/100\n|move|p1b: Glimmora|Mortal Spin|p2b: Matsuemon|[spread] p2a,p2b\n|-resisted|p2b: Matsuemon\n|-damage|p2a: Daki|92\/100\n|-damage|p2b: Matsuemon|98\/100\n|-status|p2a: Daki|psn\n|-status|p2b: Matsuemon|psn\n|move|p1a: Ting-Lu|Heavy Slam|p2a: Daki\n|-supereffective|p2a: Daki\n|-damage|p2a: Daki|31\/100 psn\n|\n|-damage|p2b: Matsuemon|86\/100 psn|[from] psn\n|-damage|p2a: Daki|19\/100 psn|[from] psn\n|-damage|p1a: Ting-Lu|60\/100 brn|[from] brn\n|upkeep\n|turn|2\n|inactive|Luckk1011 VGC has 30 seconds left.\n|\n|t:|1682946292\n|switch|p1a: Gyarados|Gyarados, L50, F, shiny|100\/100\n|-ability|p1a: Gyarados|Intimidate|boost\n|-unboost|p2a: Daki|atk|1\n|-unboost|p2b: Matsuemon|atk|1\n|move|p2b: Matsuemon|Sunny Day|p2b: Matsuemon\n|-weather|SunnyDay\n|-activate|p2a: Daki|ability: Protosynthesis\n|-start|p2a: Daki|protosynthesisspa\n|move|p2a: Daki|Dazzling Gleam|p1b: Glimmora|[spread] p1a,p1b\n|-resisted|p1b: Glimmora\n|-damage|p1a: Gyarados|54\/100\n|-damage|p1b: Glimmora|34\/100\n|move|p1b: Glimmora|Venoshock|p2a: Daki\n|-damage|p2a: Daki|0 fnt\n|faint|p2a: Daki\n|-end|p2a: Daki|Protosynthesis|[silent]\n|\n|-weather|SunnyDay|[upkeep]\n|-damage|p2b: Matsuemon|74\/100 psn|[from] psn\n|upkeep\n|\n|t:|1682946301\n|switch|p2a: Tomioka|Iron Bundle, L50, shiny|100\/100\n|-enditem|p2a: Tomioka|Booster Energy\n|-activate|p2a: Tomioka|ability: Quark Drive|[fromitem]\n|-start|p2a: Tomioka|quarkdrivespe\n|turn|3\n|\n|t:|1682946318\n|switch|p1a: Flutter Mane|Flutter Mane, L50|100\/100\n|-activate|p1a: Flutter Mane|ability: Protosynthesis\n|-start|p1a: Flutter Mane|protosynthesisspa\n|move|p2a: Tomioka|Protect|p2a: Tomioka\n|-singleturn|p2a: Tomioka|Protect\n|move|p2b: Matsuemon|Will-O-Wisp|p1a: Flutter Mane\n|-status|p1a: Flutter Mane|brn\n|move|p1b: Glimmora|Power Gem|p2a: Tomioka\n|-activate|p2a: Tomioka|move: Protect\n|\n|-weather|SunnyDay|[upkeep]\n|-damage|p2b: Matsuemon|62\/100 psn|[from] psn\n|-damage|p1a: Flutter Mane|94\/100 brn|[from] brn\n|upkeep\n|turn|4\n|\n|t:|1682946336\n|move|p1b: Glimmora|Spiky Shield|p1b: Glimmora\n|-singleturn|p1b: Glimmora|move: Protect\n|move|p2a: Tomioka|Freeze-Dry|p1a: Flutter Mane\n|-damage|p1a: Flutter Mane|68\/100 brn\n|move|p2b: Matsuemon|Tailwind|p2b: Matsuemon\n|-sidestart|p2: Hinokami Ascension|move: Tailwind\n|move|p1a: Flutter Mane|Moonblast|p2a: Tomioka\n|-damage|p2a: Tomioka|0 fnt\n|faint|p2a: Tomioka\n|-end|p2a: Tomioka|Quark Drive|[silent]\n|\n|-weather|SunnyDay|[upkeep]\n|-damage|p2b: Matsuemon|50\/100 psn|[from] psn\n|-damage|p1a: Flutter Mane|62\/100 brn|[from] brn\n|upkeep\n|\n|t:|1682946341\n|switch|p2a: Rengoku|Chi-Yu, L50|100\/100\n|-ability|p2a: Rengoku|Beads of Ruin\n|turn|5\n|\n|t:|1682946364\n|move|p1a: Flutter Mane|Protect|p1a: Flutter Mane\n|-singleturn|p1a: Flutter Mane|Protect\n|move|p2b: Matsuemon|Brave Bird|p1a: Flutter Mane\n|-activate|p1a: Flutter Mane|move: Protect\n|move|p2a: Rengoku|Heat Wave|p1a: Flutter Mane|[spread] p1b\n|-activate|p1a: Flutter Mane|move: Protect\n|-resisted|p1b: Glimmora\n|-damage|p1b: Glimmora|0 fnt\n|faint|p1b: Glimmora\n|-damage|p2a: Rengoku|90\/100|[from] item: Life Orb\n|\n|-weather|SunnyDay|[upkeep]\n|-damage|p2b: Matsuemon|37\/100 psn|[from] psn\n|-damage|p1a: Flutter Mane|56\/100 brn|[from] brn\n|upkeep\n|\n|t:|1682946373\n|switch|p1b: Ting-Lu|Ting-Lu, L50|60\/100 brn\n|-ability|p1b: Ting-Lu|Vessel of Ruin\n|turn|6\n|\n|t:|1682946387\n|-end|p1a: Flutter Mane|Protosynthesis|[silent]\n|switch|p1a: Gyarados|Gyarados, L50, F, shiny|54\/100\n|-ability|p1a: Gyarados|Intimidate|boost\n|-unboost|p2a: Rengoku|atk|1\n|-unboost|p2b: Matsuemon|atk|1\n|move|p2b: Matsuemon|Brave Bird|p1b: Ting-Lu\n|-damage|p1b: Ting-Lu|50\/100 brn\n|-damage|p2b: Matsuemon|33\/100 psn|[from] Recoil\n|move|p2a: Rengoku|Heat Wave|p1a: Gyarados|[spread] p1a,p1b\n|-resisted|p1a: Gyarados\n|-damage|p1a: Gyarados|27\/100\n|-damage|p1b: Ting-Lu|12\/100 brn\n|-damage|p2a: Rengoku|80\/100|[from] item: Life Orb\n|move|p1b: Ting-Lu|Rock Tomb|p2a: Rengoku\n|-supereffective|p2a: Rengoku\n|-damage|p2a: Rengoku|49\/100\n|-unboost|p2a: Rengoku|spe|1\n|\n|-weather|none\n|-damage|p2b: Matsuemon|21\/100 psn|[from] psn\n|-damage|p1b: Ting-Lu|6\/100 brn|[from] brn\n|upkeep\n|turn|7\n|inactive|Luckk1011 VGC has 30 seconds left.\n|inactive|Hinokami Ascension has 30 seconds left.\n|\n|t:|1682946421\n|move|p2b: Matsuemon|Brave Bird|p1b: Ting-Lu\n|-damage|p1b: Ting-Lu|0 fnt\n|faint|p1b: Ting-Lu\n|-damage|p2b: Matsuemon|18\/100 psn|[from] Recoil\n|move|p2a: Rengoku|Dark Pulse|p1a: Gyarados\n|-damage|p1a: Gyarados|0 fnt\n|faint|p1a: Gyarados\n|-damage|p2a: Rengoku|39\/100|[from] item: Life Orb\n|\n|-damage|p2b: Matsuemon|6\/100 psn|[from] psn\n|-sideend|p2: Hinokami Ascension|move: Tailwind\n|upkeep\n|\n|t:|1682946425\n|switch|p1b: Flutter Mane|Flutter Mane, L50|56\/100 brn\n|-enditem|p1b: Flutter Mane|Booster Energy\n|-activate|p1b: Flutter Mane|ability: Protosynthesis|[fromitem]\n|-start|p1b: Flutter Mane|protosynthesisspa\n|turn|8\n|\n|t:|1682946450\n|-terastallize|p1b: Flutter Mane|Fairy\n|move|p2b: Matsuemon|Tailwind|p2b: Matsuemon\n|-sidestart|p2: Hinokami Ascension|move: Tailwind\n|move|p2a: Rengoku|Overheat|p1b: Flutter Mane\n|-damage|p1b: Flutter Mane|0 fnt\n|-unboost|p2a: Rengoku|spa|2\n|faint|p1b: Flutter Mane\n|-end|p1b: Flutter Mane|Protosynthesis|[silent]\n|-damage|p2a: Rengoku|29\/100|[from] item: Life Orb\n|\n|win|Hinokami Ascension\n|raw|Luckk1011 VGC's rating: 1146 → 1122<\/strong> (-24 for losing)\n|raw|Hinokami Ascension's rating: 1155 → 1179<\/strong> (+24 for winning)\n|l|\u2606Luckk1011 VGC\n","uploadtime":1682946586,"views":17,"p1id":"luckk1011vgc","p2id":"hinokamiascension","formatid":"gen9vgc2023regulationc","rating":1122,"private":0,"password":""}