{"id":"gen9vgc2023regulationc-1855936279","p1":"Fluttermane Eyes","p2":"TheFranDa","format":"[Gen 9] VGC 2023 Regulation C","log":"|j|\u2606Fluttermane Eyes\n|j|\u2606TheFranDa\n|t:|1683003307\n|gametype|doubles\n|player|p1|Fluttermane Eyes|riley|1302\n|player|p2|TheFranDa|darach-caitlin|1214\n|teamsize|p1|6\n|teamsize|p2|6\n|gen|9\n|tier|[Gen 9] VGC 2023 Regulation C\n|rated|\n|rule|Species Clause: Limit one of each Pok\u00e9mon\n|rule|Item Clause: Limit one of each item\n|clearpoke\n|poke|p1|Farigiraf, L50, F|\n|poke|p1|Chi-Yu, L50|\n|poke|p1|Flutter Mane, L50|\n|poke|p1|Scizor, L50, F|\n|poke|p1|Iron Bundle, L50|\n|poke|p1|Iron Hands, L50|\n|poke|p2|Glimmora, L50, F|\n|poke|p2|Garchomp, L50, M|\n|poke|p2|Amoonguss, L50, M|\n|poke|p2|Baxcalibur, L50, M|\n|poke|p2|Talonflame, L50, M|\n|poke|p2|Ting-Lu, L50|\n|teampreview|4\n|inactive|Battle timer is ON: inactive players will automatically lose when time's up. (requested by TheFranDa)\n|inactive|Fluttermane Eyes has 60 seconds left.\n|\n|t:|1683003394\n|start\n|switch|p1a: Farigiraf|Farigiraf, L50, F, shiny|100\/100\n|switch|p1b: Iron Hands|Iron Hands, L50|100\/100\n|switch|p2a: Poya|Talonflame, L50, M|100\/100\n|switch|p2b: S\u00e1gita worst champ|Glimmora, L50, F|100\/100\n|turn|1\n|inactive|TheFranDa has 30 seconds left.\n|\n|t:|1683003422\n|move|p2a: Poya|Taunt|p1a: Farigiraf\n|-start|p1a: Farigiraf|move: Taunt\n|move|p2b: S\u00e1gita worst champ|Earth Power|p1b: Iron Hands\n|-supereffective|p1b: Iron Hands\n|-damage|p1b: Iron Hands|50\/100\n|-unboost|p1b: Iron Hands|spd|1\n|-enditem|p1b: Iron Hands|Sitrus Berry|[eat]\n|-heal|p1b: Iron Hands|75\/100|[from] item: Sitrus Berry\n|move|p1b: Iron Hands|Wild Charge|p2a: Poya\n|-supereffective|p2a: Poya\n|-damage|p2a: Poya|0 fnt\n|faint|p2a: Poya\n|-damage|p1b: Iron Hands|55\/100|[from] Recoil\n|cant|p1a: Farigiraf|move: Taunt|Trick Room\n|\n|upkeep\n|\n|t:|1683003437\n|switch|p2a: Papacito 1|Garchomp, L50, M|100\/100\n|turn|2\n|\n|t:|1683003454\n|-terastallize|p2b: S\u00e1gita worst champ|Flying\n|-terastallize|p1a: Farigiraf|Fairy\n|move|p1b: Iron Hands|Protect|p1b: Iron Hands\n|-singleturn|p1b: Iron Hands|Protect\n|move|p2a: Papacito 1|Earthquake|p1b: Iron Hands|[spread] p1a\n|-activate|p1b: Iron Hands|move: Protect\n|-immune|p2b: S\u00e1gita worst champ\n|-damage|p1a: Farigiraf|67\/100\n|move|p2b: S\u00e1gita worst champ|Earth Power|p1b: Iron Hands\n|-activate|p1b: Iron Hands|move: Protect\n|move|p1a: Farigiraf|Psychic|p2b: S\u00e1gita worst champ\n|-damage|p2b: S\u00e1gita worst champ|64\/100\n|\n|upkeep\n|turn|3\n|inactive|Fluttermane Eyes has 30 seconds left.\n|inactive|Fluttermane Eyes has 20 seconds left.\n|inactive|Fluttermane Eyes has 15 seconds left.\n|\n|t:|1683003495\n|move|p2a: Papacito 1|Earthquake|p1b: Iron Hands|[spread] p1a,p1b\n|-immune|p2b: S\u00e1gita worst champ\n|-supereffective|p1b: Iron Hands\n|-damage|p1a: Farigiraf|36\/100\n|-damage|p1b: Iron Hands|2\/100\n|move|p2b: S\u00e1gita worst champ|Power Gem|p1a: Farigiraf\n|-damage|p1a: Farigiraf|0 fnt\n|faint|p1a: Farigiraf\n|move|p1b: Iron Hands|Wild Charge|p2b: S\u00e1gita worst champ\n|-supereffective|p2b: S\u00e1gita worst champ\n|-crit|p2b: S\u00e1gita worst champ\n|-damage|p2b: S\u00e1gita worst champ|0 fnt\n|-activate|p2b: S\u00e1gita worst champ|ability: Toxic Debris\n|-sidestart|p1: Fluttermane Eyes|move: Toxic Spikes\n|faint|p2b: S\u00e1gita worst champ\n|-damage|p1b: Iron Hands|0 fnt|[from] Recoil\n|faint|p1b: Iron Hands\n|-end|p1b: Iron Hands|Quark Drive|[silent]\n|\n|upkeep\n|\n|t:|1683003511\n|switch|p2b: Ti-Ling|Ting-Lu, L50|100\/100\n|switch|p1a: Flutter Mane|Flutter Mane, L50|100\/100\n|switch|p1b: Scizor|Scizor, L50, F|100\/100\n|-status|p1a: Flutter Mane|psn\n|-ability|p2b: Ti-Ling|Vessel of Ruin\n|turn|4\n|\n|t:|1683003534\n|move|p1b: Scizor|Bullet Punch|p2a: Papacito 1\n|-damage|p2a: Papacito 1|63\/100\n|-damage|p1b: Scizor|88\/100|[from] ability: Rough Skin|[of] p2a: Papacito 1\n|move|p1a: Flutter Mane|Dazzling Gleam|p2a: Papacito 1|[spread] p2a,p2b\n|-supereffective|p2a: Papacito 1\n|-supereffective|p2b: Ti-Ling\n|-damage|p2a: Papacito 1|0 fnt\n|-damage|p2b: Ti-Ling|69\/100\n|faint|p2a: Papacito 1\n|move|p2b: Ti-Ling|Heavy Slam|p1a: Flutter Mane\n|-supereffective|p1a: Flutter Mane\n|-damage|p1a: Flutter Mane|0 fnt\n|faint|p1a: Flutter Mane\n|-end|p1a: Flutter Mane|Protosynthesis|[silent]\n|\n|-heal|p1b: Scizor|94\/100|[from] item: Leftovers\n|upkeep\n|turn|5\n|inactive|Fluttermane Eyes has 30 seconds left.\n|\n|t:|1683003566\n|move|p2b: Ti-Ling|Fissure|p1b: Scizor\n|-damage|p1b: Scizor|0 fnt\n|faint|p1b: Scizor\n|-ohko\n|\n|win|TheFranDa\n|raw|Fluttermane Eyes's rating: 1302 → 1277<\/strong> (-25 for losing)\n|raw|TheFranDa's rating: 1214 → 1245<\/strong> (+31 for winning)\n","uploadtime":1683003576,"views":16,"p1id":"fluttermaneeyes","p2id":"thefranda","formatid":"gen9vgc2023regulationc","rating":1245,"private":0,"password":""}