{"id":"gen9vgc2023regulationc-1856204684","p1":"NicoHaxVGC","p2":"jotapevh","format":"[Gen 9] VGC 2023 Regulation C","log":"|j|\u2606NicoHaxVGC\n|j|\u2606jotapevh\n|t:|1683040503\n|gametype|doubles\n|player|p1|NicoHaxVGC|hilbert-wonderlauncher|1308\n|player|p2|jotapevh|norman|1321\n|teamsize|p1|6\n|teamsize|p2|6\n|gen|9\n|tier|[Gen 9] VGC 2023 Regulation C\n|rated|\n|rule|Species Clause: Limit one of each Pok\u00e9mon\n|rule|Item Clause: Limit one of each item\n|clearpoke\n|poke|p1|Talonflame, L50, F|\n|poke|p1|Chien-Pao, L50|\n|poke|p1|Amoonguss, L50, F|\n|poke|p1|Iron Bundle, L50|\n|poke|p1|Flutter Mane, L50|\n|poke|p1|Great Tusk, L50|\n|poke|p2|Ting-Lu, L50|\n|poke|p2|Vivillon-Fancy, L50, M|\n|poke|p2|Iron Bundle, L50|\n|poke|p2|Abomasnow, L50, F|\n|poke|p2|Annihilape, L50, M|\n|poke|p2|Chien-Pao, L50|\n|teampreview|4\n|inactive|Battle timer is ON: inactive players will automatically lose when time's up. (requested by NicoHaxVGC)\n|inactive|NicoHaxVGC has 60 seconds left.\n|\n|t:|1683040559\n|start\n|switch|p1a: Talonflame|Talonflame, L50, F|100\/100\n|switch|p1b: Cyborg|Iron Bundle, L50|100\/100\n|switch|p2a: Abomasnow|Abomasnow, L50, F|100\/100\n|switch|p2b: Iron Bundle|Iron Bundle, L50|100\/100\n|-weather|Snow|[from] ability: Snow Warning|[of] p2a: Abomasnow\n|-enditem|p1b: Cyborg|Booster Energy\n|-activate|p1b: Cyborg|ability: Quark Drive|[fromitem]\n|-start|p1b: Cyborg|quarkdrivespe\n|-enditem|p2b: Iron Bundle|Booster Energy\n|-activate|p2b: Iron Bundle|ability: Quark Drive|[fromitem]\n|-start|p2b: Iron Bundle|quarkdrivespe\n|turn|1\n|j| Hornet G\n|\n|t:|1683040580\n|move|p1a: Talonflame|Tailwind|p1a: Talonflame\n|-sidestart|p1: NicoHaxVGC|move: Tailwind\n|move|p1b: Cyborg|Icy Wind|p2a: Abomasnow|[spread] p2a,p2b\n|-crit|p2a: Abomasnow\n|-resisted|p2b: Iron Bundle\n|-damage|p2a: Abomasnow|70\/100\n|-damage|p2b: Iron Bundle|94\/100\n|-unboost|p2a: Abomasnow|spe|1\n|-unboost|p2b: Iron Bundle|spe|1\n|move|p2b: Iron Bundle|Aurora Veil|p2b: Iron Bundle\n|-sidestart|p2: jotapevh|move: Aurora Veil\n|move|p2a: Abomasnow|Blizzard|p1b: Cyborg|[spread] p1a,p1b\n|-resisted|p1b: Cyborg\n|-damage|p1a: Talonflame|43\/100\n|-damage|p1b: Cyborg|82\/100\n|-damage|p2a: Abomasnow|61\/100|[from] item: Life Orb\n|\n|-weather|Snow|[upkeep]\n|upkeep\n|turn|2\n|\n|t:|1683040601\n|-terastallize|p2b: Iron Bundle|Ice\n|move|p1b: Cyborg|Freeze-Dry|p2b: Iron Bundle\n|-resisted|p2b: Iron Bundle\n|-damage|p2b: Iron Bundle|77\/100\n|move|p1a: Talonflame|Brave Bird|p2a: Abomasnow\n|-supereffective|p2a: Abomasnow\n|-damage|p2a: Abomasnow|25\/100\n|-damage|p1a: Talonflame|31\/100|[from] Recoil\n|move|p2b: Iron Bundle|Blizzard|p1a: Talonflame|[spread] p1a,p1b\n|-resisted|p1b: Cyborg\n|-damage|p1a: Talonflame|0 fnt\n|-damage|p1b: Cyborg|60\/100\n|faint|p1a: Talonflame\n|move|p2a: Abomasnow|Blizzard|p1b: Cyborg\n|-resisted|p1b: Cyborg\n|-damage|p1b: Cyborg|35\/100\n|-damage|p2a: Abomasnow|15\/100|[from] item: Life Orb\n|\n|-weather|Snow|[upkeep]\n|upkeep\n|\n|t:|1683040623\n|switch|p1a: Great Tusk|Great Tusk, L50|100\/100\n|turn|3\n|\n|t:|1683040636\n|move|p2b: Iron Bundle|Protect|p2b: Iron Bundle\n|-singleturn|p2b: Iron Bundle|Protect\n|move|p2a: Abomasnow|Ice Shard|p1b: Cyborg\n|-resisted|p1b: Cyborg\n|-damage|p1b: Cyborg|32\/100\n|-damage|p2a: Abomasnow|6\/100|[from] item: Life Orb\n|move|p1b: Cyborg|Hydro Pump|p2b: Iron Bundle\n|-activate|p2b: Iron Bundle|move: Protect\n|move|p1a: Great Tusk|Rock Slide|p2a: Abomasnow|[spread] p2a\n|-activate|p2b: Iron Bundle|move: Protect\n|-supereffective|p2a: Abomasnow\n|-damage|p2a: Abomasnow|0 fnt\n|faint|p2a: Abomasnow\n|\n|-weather|Snow|[upkeep]\n|upkeep\n|\n|t:|1683040649\n|switch|p2a: Ting-Lu|Ting-Lu, L50|100\/100\n|-ability|p2a: Ting-Lu|Vessel of Ruin\n|turn|4\n|inactive|NicoHaxVGC has 30 seconds left.\n|\n|t:|1683040680\n|-end|p2b: Iron Bundle|Quark Drive|[silent]\n|switch|p2b: Vivillon|Vivillon-Fancy, L50, M|100\/100\n|move|p1b: Cyborg|Hydro Pump|p2b: Vivillon\n|-damage|p2b: Vivillon|48\/100\n|move|p1a: Great Tusk|Rock Slide|p2b: Vivillon|[spread] p2a\n|-miss|p1a: Great Tusk|p2b: Vivillon\n|-resisted|p2a: Ting-Lu\n|-damage|p2a: Ting-Lu|97\/100\n|move|p2a: Ting-Lu|Earthquake|p1a: Great Tusk|[spread] p1a,p1b\n|-immune|p2b: Vivillon\n|-damage|p1a: Great Tusk|60\/100\n|-damage|p1b: Cyborg|0 fnt\n|faint|p1b: Cyborg\n|-end|p1b: Cyborg|Quark Drive|[silent]\n|\n|-weather|Snow|[upkeep]\n|-sideend|p1: NicoHaxVGC|move: Tailwind\n|upkeep\n|\n|t:|1683040697\n|switch|p1b: Star fire|Flutter Mane, L50|100\/100\n|turn|5\n|\n|t:|1683040707\n|-terastallize|p1b: Star fire|Fairy\n|move|p2b: Vivillon|Protect|p2b: Vivillon\n|-singleturn|p2b: Vivillon|Protect\n|move|p1a: Great Tusk|Rock Slide|p2a: Ting-Lu|[spread] p2a\n|-activate|p2b: Vivillon|move: Protect\n|-resisted|p2a: Ting-Lu\n|-damage|p2a: Ting-Lu|94\/100\n|move|p1b: Star fire|Moonblast|p2a: Ting-Lu\n|-supereffective|p2a: Ting-Lu\n|-damage|p2a: Ting-Lu|28\/100\n|move|p2a: Ting-Lu|Earthquake|p1b: Star fire|[spread] p1a,p1b\n|-activate|p2b: Vivillon|move: Protect\n|-damage|p1a: Great Tusk|16\/100\n|-damage|p1b: Star fire|8\/100\n|\n|-weather|none\n|-sideend|p2: jotapevh|move: Aurora Veil\n|upkeep\n|turn|6\n|\n|t:|1683040727\n|move|p2b: Vivillon|Rage Powder|p2b: Vivillon\n|-singleturn|p2b: Vivillon|move: Rage Powder\n|move|p1a: Great Tusk|Rock Slide|p2a: Ting-Lu|[spread] p2a,p2b\n|-resisted|p2a: Ting-Lu\n|-crit|p2a: Ting-Lu\n|-supereffective|p2b: Vivillon\n|-damage|p2a: Ting-Lu|22\/100\n|-damage|p2b: Vivillon|0 fnt\n|faint|p2b: Vivillon\n|move|p1b: Star fire|Moonblast|p2a: Ting-Lu\n|-supereffective|p2a: Ting-Lu\n|-damage|p2a: Ting-Lu|0 fnt\n|faint|p2a: Ting-Lu\n|\n|upkeep\n|\n|t:|1683040739\n|switch|p2b: Iron Bundle|Iron Bundle, L50, tera:Ice|77\/100\n|turn|7\n|\n|t:|1683040747\n|move|p1a: Great Tusk|Rock Slide|p2b: Iron Bundle\n|-supereffective|p2b: Iron Bundle\n|-crit|p2b: Iron Bundle\n|-damage|p2b: Iron Bundle|0 fnt\n|faint|p2b: Iron Bundle\n|-end|p2b: Iron Bundle|Quark Drive|[silent]\n|\n|win|NicoHaxVGC\n|raw|NicoHaxVGC's rating: 1308 → 1329<\/strong> (+21 for winning)\n|raw|jotapevh's rating: 1321 → 1300<\/strong> (-21 for losing)\n|l|\u2606jotapevh\n|l| Hornet G\n","uploadtime":1683040762,"views":9,"p1id":"nicohaxvgc","p2id":"jotapevh","formatid":"gen9vgc2023regulationc","rating":1300,"private":0,"password":""}