{"id":"gen9vgc2023regulationc-1854320536","p1":"Kirozvz","p2":"randomfire50","format":"[Gen 9] VGC 2023 Regulation C","log":"|j|\u2606Kirozvz\n|j|\u2606randomfire50\n|t:|1682796661\n|gametype|doubles\n|player|p1|Kirozvz|lance|1274\n|player|p2|randomfire50|2|1226\n|teamsize|p1|6\n|teamsize|p2|6\n|gen|9\n|tier|[Gen 9] VGC 2023 Regulation C\n|rated|\n|rule|Species Clause: Limit one of each Pok\u00e9mon\n|rule|Item Clause: Limit one of each item\n|clearpoke\n|poke|p1|Dondozo, L50, F|\n|poke|p1|Tatsugiri-Stretchy, L50, M|\n|poke|p1|Chi-Yu, L50|\n|poke|p1|Flutter Mane, L50|\n|poke|p1|Dragonite, L50, F|\n|poke|p1|Glimmora, L50, F|\n|poke|p2|Glimmora, L50, F|\n|poke|p2|Ting-Lu, L50|\n|poke|p2|Flutter Mane, L50|\n|poke|p2|Palafin, L50, M|\n|poke|p2|Maushold, L50|\n|poke|p2|Chien-Pao, L50|\n|teampreview|4\n|inactive|Battle timer is ON: inactive players will automatically lose when time's up. (requested by Kirozvz)\n|\n|t:|1682796710\n|start\n|switch|p1a: Glimmora|Glimmora, L50, F|100\/100\n|switch|p1b: Tatsugiri|Tatsugiri-Stretchy, L50, M|100\/100\n|switch|p2a: Glimmora|Glimmora, L50, F|100\/100\n|switch|p2b: Palafin|Palafin, L50, M|100\/100\n|turn|1\n|\n|t:|1682796723\n|move|p2b: Palafin|Substitute|p2b: Palafin\n|-start|p2b: Palafin|Substitute\n|-damage|p2b: Palafin|76\/100\n|move|p1a: Glimmora|Toxic||[still]\n|-fail|p1a: Glimmora\n|move|p2a: Glimmora|Mortal Spin|p1b: Tatsugiri|[spread] p1a,p1b\n|-resisted|p1a: Glimmora\n|-damage|p1a: Glimmora|99\/100\n|-damage|p1b: Tatsugiri|93\/100\n|-status|p1b: Tatsugiri|psn\n|-activate|p1a: Glimmora|ability: Toxic Debris\n|-sidestart|p2: randomfire50|move: Toxic Spikes\n|-sideend|p2: randomfire50|Toxic Spikes|[from] move: Mortal Spin|[of] p2a: Glimmora\n|move|p1b: Tatsugiri|Muddy Water|p2b: Palafin|[spread] p2b\n|-miss|p1b: Tatsugiri|p2a: Glimmora\n|-resisted|p2b: Palafin\n|-end|p2b: Palafin|Substitute\n|\n|-damage|p1b: Tatsugiri|81\/100 psn|[from] psn\n|upkeep\n|turn|2\n|\n|t:|1682796745\n|move|p2b: Palafin|Substitute|p2b: Palafin\n|-start|p2b: Palafin|Substitute\n|-damage|p2b: Palafin|51\/100\n|move|p1a: Glimmora|Earth Power|p2a: Glimmora\n|-supereffective|p2a: Glimmora\n|-enditem|p2a: Glimmora|Focus Sash\n|-damage|p2a: Glimmora|1\/100\n|move|p2a: Glimmora|Power Gem|p1b: Tatsugiri\n|-crit|p1b: Tatsugiri\n|-damage|p1b: Tatsugiri|14\/100 psn\n|move|p1b: Tatsugiri|Muddy Water|p2b: Palafin|[spread] p2b\n|-miss|p1b: Tatsugiri|p2a: Glimmora\n|-resisted|p2b: Palafin\n|-end|p2b: Palafin|Substitute\n|\n|-damage|p1b: Tatsugiri|2\/100 psn|[from] psn\n|upkeep\n|turn|3\n|\n|t:|1682796764\n|move|p2b: Palafin|Protect|p2b: Palafin\n|-singleturn|p2b: Palafin|Protect\n|move|p1a: Glimmora|Earth Power|p2a: Glimmora\n|-supereffective|p2a: Glimmora\n|-damage|p2a: Glimmora|0 fnt\n|faint|p2a: Glimmora\n|move|p1b: Tatsugiri|Muddy Water|p2b: Palafin\n|-activate|p2b: Palafin|move: Protect\n|\n|-damage|p1b: Tatsugiri|0 fnt|[from] psn\n|faint|p1b: Tatsugiri\n|upkeep\n|\n|t:|1682796778\n|switch|p2a: Maushold|Maushold, L50|100\/100\n|switch|p1b: Flutter Mane|Flutter Mane, L50|100\/100\n|-enditem|p1b: Flutter Mane|Booster Energy\n|-activate|p1b: Flutter Mane|ability: Protosynthesis|[fromitem]\n|-start|p1b: Flutter Mane|protosynthesisspe\n|turn|4\n|\n|t:|1682796794\n|detailschange|p2b: Palafin|Palafin-Hero, L50, M\n|switch|p2b: Ting-Lu|Ting-Lu, L50|100\/100\n|-ability|p2b: Ting-Lu|Vessel of Ruin\n|move|p1b: Flutter Mane|Substitute|p1b: Flutter Mane\n|-start|p1b: Flutter Mane|Substitute\n|-damage|p1b: Flutter Mane|76\/100\n|move|p2a: Maushold|Taunt|p1a: Glimmora\n|-start|p1a: Glimmora|move: Taunt\n|move|p1a: Glimmora|Power Gem|p2a: Maushold\n|-damage|p2a: Maushold|64\/100\n|\n|upkeep\n|turn|5\n|inactive|randomfire50 has 30 seconds left.\n|\n|t:|1682796821\n|switch|p1a: Dondozo|Dondozo, L50, F|100\/100\n|move|p2a: Maushold|Follow Me|p2a: Maushold\n|-singleturn|p2a: Maushold|move: Follow Me\n|move|p1b: Flutter Mane|Moonblast|p2a: Maushold\n|-damage|p2a: Maushold|20\/100\n|move|p2b: Ting-Lu|Snarl|p1b: Flutter Mane|[spread] p1a,p1b\n|-damage|p1a: Dondozo|95\/100\n|-damage|p1b: Flutter Mane|67\/100\n|-unboost|p1a: Dondozo|spa|1\n|-unboost|p1b: Flutter Mane|spa|1\n|\n|upkeep\n|turn|6\n|\n|t:|1682796840\n|move|p2a: Maushold|Protect|p2a: Maushold\n|-singleturn|p2a: Maushold|Protect\n|move|p1b: Flutter Mane|Moonblast|p2b: Ting-Lu\n|-supereffective|p2b: Ting-Lu\n|-damage|p2b: Ting-Lu|84\/100\n|-unboost|p2b: Ting-Lu|spa|1\n|move|p2b: Ting-Lu|Snarl|p1b: Flutter Mane|[spread] p1a,p1b\n|-damage|p1a: Dondozo|90\/100\n|-damage|p1b: Flutter Mane|63\/100\n|-unboost|p1a: Dondozo|spa|1\n|-unboost|p1b: Flutter Mane|spa|1\n|move|p1a: Dondozo|Wave Crash|p2a: Maushold\n|-activate|p2a: Maushold|move: Protect\n|\n|upkeep\n|turn|7\n|\n|t:|1682796865\n|switch|p1a: Glimmora|Glimmora, L50, F|99\/100\n|move|p1b: Flutter Mane|Moonblast|p2a: Maushold\n|-damage|p2a: Maushold|0 fnt\n|faint|p2a: Maushold\n|move|p2b: Ting-Lu|Snarl|p1b: Flutter Mane|[spread] p1a,p1b\n|-damage|p1a: Glimmora|92\/100\n|-damage|p1b: Flutter Mane|58\/100\n|-unboost|p1a: Glimmora|spa|1\n|-unboost|p1b: Flutter Mane|spa|1\n|\n|upkeep\n|\n|t:|1682796877\n|switch|p2a: Palafin|Palafin-Hero, L50, M|51\/100\n|-activate|p2a: Palafin|ability: Zero to Hero\n|turn|8\n|\n|t:|1682796892\n|switch|p1a: Dondozo|Dondozo, L50, F|90\/100\n|move|p1b: Flutter Mane|Protect|p1b: Flutter Mane\n|-singleturn|p1b: Flutter Mane|Protect\n|move|p2a: Palafin|Substitute|p2a: Palafin\n|-start|p2a: Palafin|Substitute\n|-damage|p2a: Palafin|27\/100\n|move|p2b: Ting-Lu|Snarl|p1b: Flutter Mane|[spread] p1a\n|-activate|p1b: Flutter Mane|move: Protect\n|-damage|p1a: Dondozo|86\/100\n|-unboost|p1a: Dondozo|spa|1\n|\n|upkeep\n|turn|9\n|\n|t:|1682796906\n|-terastallize|p1b: Flutter Mane|Steel\n|move|p2a: Palafin|Protect|p2a: Palafin\n|-singleturn|p2a: Palafin|Protect\n|move|p1b: Flutter Mane|Moonblast|p2a: Palafin\n|-activate|p2a: Palafin|move: Protect\n|move|p2b: Ting-Lu|Snarl|p1a: Dondozo|[spread] p1a,p1b\n|-damage|p1a: Dondozo|81\/100\n|-damage|p1b: Flutter Mane|53\/100\n|-unboost|p1a: Dondozo|spa|1\n|-unboost|p1b: Flutter Mane|spa|1\n|move|p1a: Dondozo|Yawn|p2b: Ting-Lu\n|-start|p2b: Ting-Lu|move: Yawn|[of] p1a: Dondozo\n|\n|upkeep\n|turn|10\n|\n|t:|1682796929\n|move|p2a: Palafin|Jet Punch|p1b: Flutter Mane\n|-end|p1b: Flutter Mane|Substitute\n|move|p1b: Flutter Mane|Moonblast|p2a: Palafin\n|-activate|p2a: Palafin|move: Substitute|[damage]\n|move|p2b: Ting-Lu|Snarl|p1b: Flutter Mane|[spread] p1a,p1b\n|-damage|p1a: Dondozo|75\/100\n|-damage|p1b: Flutter Mane|48\/100\n|-unboost|p1a: Dondozo|spa|1\n|-unboost|p1b: Flutter Mane|spa|1\n|move|p1a: Dondozo|Wave Crash|p2a: Palafin\n|-resisted|p2a: Palafin\n|-end|p2a: Palafin|Substitute\n|-damage|p1a: Dondozo|74\/100|[from] Recoil|[of] p2a: Palafin\n|\n|-end|p2b: Ting-Lu|move: Yawn|[silent]\n|-status|p2b: Ting-Lu|slp\n|upkeep\n|turn|11\n|\n|t:|1682796952\n|move|p1b: Flutter Mane|Protect|p1b: Flutter Mane\n|-singleturn|p1b: Flutter Mane|Protect\n|move|p2a: Palafin|Protect|p2a: Palafin\n|-singleturn|p2a: Palafin|Protect\n|cant|p2b: Ting-Lu|slp\n|move|p1a: Dondozo|Wave Crash|p2a: Palafin\n|-activate|p2a: Palafin|move: Protect\n|\n|upkeep\n|turn|12\n|inactive|randomfire50 has 30 seconds left.\n|\n|t:|1682796986\n|-end|p1b: Flutter Mane|Protosynthesis|[silent]\n|switch|p1b: Glimmora|Glimmora, L50, F|92\/100\n|move|p2a: Palafin|Jet Punch|p1b: Glimmora\n|-supereffective|p1b: Glimmora\n|-damage|p1b: Glimmora|0 fnt\n|-activate|p1b: Glimmora|ability: Toxic Debris\n|-sidestart|p2: randomfire50|move: Toxic Spikes\n|faint|p1b: Glimmora\n|cant|p2b: Ting-Lu|slp\n|move|p1a: Dondozo|Wave Crash|p2a: Palafin\n|-resisted|p2a: Palafin\n|-damage|p2a: Palafin|4\/100\n|-damage|p1a: Dondozo|68\/100|[from] Recoil\n|\n|upkeep\n|\n|t:|1682796998\n|switch|p1b: Flutter Mane|Flutter Mane, L50, tera:Steel|48\/100\n|turn|13\n|\n|t:|1682797014\n|move|p1b: Flutter Mane|Protect|p1b: Flutter Mane\n|-singleturn|p1b: Flutter Mane|Protect\n|move|p2a: Palafin|Protect|p2a: Palafin\n|-singleturn|p2a: Palafin|Protect\n|cant|p2b: Ting-Lu|slp\n|move|p1a: Dondozo|Bulldoze|p2a: Palafin|[spread] p2b\n|-activate|p1b: Flutter Mane|move: Protect\n|-activate|p2a: Palafin|move: Protect\n|-damage|p2b: Ting-Lu|78\/100 slp\n|-unboost|p2b: Ting-Lu|spe|1\n|\n|upkeep\n|turn|14\n|\n|t:|1682797033\n|move|p1b: Flutter Mane|Protect||[still]\n|-fail|p1b: Flutter Mane\n|move|p2a: Palafin|Jet Punch|p1b: Flutter Mane\n|-damage|p1b: Flutter Mane|0 fnt\n|faint|p1b: Flutter Mane\n|-end|p1b: Flutter Mane|Protosynthesis|[silent]\n|move|p1a: Dondozo|Wave Crash|p2a: Palafin\n|-resisted|p2a: Palafin\n|-damage|p2a: Palafin|0 fnt\n|faint|p2a: Palafin\n|-damage|p1a: Dondozo|68\/100|[from] Recoil\n|-curestatus|p2b: Ting-Lu|slp|[msg]\n|move|p2b: Ting-Lu|Ruination|p1a: Dondozo\n|-damage|p1a: Dondozo|34\/100\n|-enditem|p1a: Dondozo|Sitrus Berry|[eat]\n|-heal|p1a: Dondozo|59\/100|[from] item: Sitrus Berry\n|\n|upkeep\n|turn|15\n|\n|t:|1682797048\n|move|p1a: Dondozo|Yawn|p2b: Ting-Lu\n|-start|p2b: Ting-Lu|move: Yawn|[of] p1a: Dondozo\n|move|p2b: Ting-Lu|Ruination|p1a: Dondozo\n|-damage|p1a: Dondozo|30\/100\n|\n|upkeep\n|turn|16\n|\n|t:|1682797067\n|-terastallize|p2b: Ting-Lu|Dark\n|move|p1a: Dondozo|Protect|p1a: Dondozo\n|-singleturn|p1a: Dondozo|Protect\n|move|p2b: Ting-Lu|Throat Chop|p1a: Dondozo\n|-activate|p1a: Dondozo|move: Protect\n|\n|-end|p2b: Ting-Lu|move: Yawn|[silent]\n|-status|p2b: Ting-Lu|slp\n|upkeep\n|turn|17\n|\n|t:|1682797075\n|move|p1a: Dondozo|Wave Crash|p2b: Ting-Lu\n|-damage|p2b: Ting-Lu|50\/100 slp\n|-damage|p1a: Dondozo|21\/100|[from] Recoil\n|cant|p2b: Ting-Lu|slp\n|\n|upkeep\n|turn|18\n|\n|t:|1682797081\n|move|p1a: Dondozo|Wave Crash|p2b: Ting-Lu\n|-damage|p2b: Ting-Lu|26\/100 slp\n|-damage|p1a: Dondozo|13\/100|[from] Recoil\n|cant|p2b: Ting-Lu|slp\n|\n|upkeep\n|turn|19\n|\n|t:|1682797084\n|move|p1a: Dondozo|Wave Crash|p2b: Ting-Lu\n|-crit|p2b: Ting-Lu\n|-damage|p2b: Ting-Lu|0 fnt\n|faint|p2b: Ting-Lu\n|-damage|p1a: Dondozo|6\/100|[from] Recoil\n|\n|win|Kirozvz\n|raw|Kirozvz's rating: 1274 → 1296<\/strong> (+22 for winning)\n|raw|randomfire50's rating: 1226 → 1204<\/strong> (-22 for losing)\n","uploadtime":1682797090,"views":16,"p1id":"kirozvz","p2id":"randomfire50","formatid":"gen9vgc2023regulationc","rating":1204,"private":0,"password":""}