{"id":"gen9vgc2023regulationc-1852465366","p1":"Indurain","p2":"leafyarrow","format":"[Gen 9] VGC 2023 Regulation C","log":"|j|\u2606Indurain\n|j|\u2606leafyarrow\n|t:|1682561042\n|gametype|doubles\n|player|p1|Indurain|2|1219\n|player|p2|leafyarrow|leaf-gen3|1340\n|teamsize|p1|6\n|teamsize|p2|6\n|gen|9\n|tier|[Gen 9] VGC 2023 Regulation C\n|rated|\n|rule|Species Clause: Limit one of each Pok\u00e9mon\n|rule|Item Clause: Limit one of each item\n|clearpoke\n|poke|p1|Baxcalibur, L50, M|\n|poke|p1|Amoonguss, L50, M|\n|poke|p1|Gyarados, L50, F|\n|poke|p1|Ting-Lu, L50|\n|poke|p1|Flutter Mane, L50|\n|poke|p1|Palafin, L50, M|\n|poke|p2|Flutter Mane, L50|\n|poke|p2|Palafin, L50, M|\n|poke|p2|Amoonguss, L50, M|\n|poke|p2|Ting-Lu, L50|\n|poke|p2|Arcanine, L50, M|\n|poke|p2|Jolteon, L50, M|\n|teampreview|4\n|inactive|Battle timer is ON: inactive players will automatically lose when time's up. (requested by Indurain)\nleafyarrow has agreed to open team sheets.\nIndurain has agreed to open team sheets.\n|inactive|leafyarrow has 60 seconds left.\n|inactive|leafyarrow has 30 seconds left.\n|inactive|leafyarrow has 20 seconds left.\n|inactive|leafyarrow has 15 seconds left.\n|inactive|leafyarrow has 10 seconds left.\n|\n|t:|1682561123\n|start\n|switch|p1a: Baxcalibur|Baxcalibur, L50, M|100\/100\n|switch|p1b: Amoonguss|Amoonguss, L50, M|100\/100\n|switch|p2a: Flutter Mane|Flutter Mane, L50|100\/100\n|switch|p2b: Palafin|Palafin, L50, M|100\/100\n|turn|1\n|inactive|leafyarrow has 30 seconds left.\n|\n|t:|1682561156\n|detailschange|p2b: Palafin|Palafin-Hero, L50, M\n|switch|p2b: Arcanine|Arcanine, L50, M|100\/100\n|-ability|p2b: Arcanine|Intimidate|boost\n|-unboost|p1a: Baxcalibur|atk|1\n|-unboost|p1b: Amoonguss|atk|1\n|-terastallize|p1a: Baxcalibur|Poison\n|move|p1b: Amoonguss|Rage Powder|p1b: Amoonguss\n|-singleturn|p1b: Amoonguss|move: Rage Powder\n|move|p2a: Flutter Mane|Dazzling Gleam|p1a: Baxcalibur|[spread] p1a,p1b\n|-resisted|p1a: Baxcalibur\n|-resisted|p1b: Amoonguss\n|-damage|p1a: Baxcalibur|79\/100\n|-damage|p1b: Amoonguss|82\/100\n|move|p1a: Baxcalibur|Dragon Dance|p1a: Baxcalibur\n|-boost|p1a: Baxcalibur|atk|1\n|-boost|p1a: Baxcalibur|spe|1\n|\n|upkeep\n|turn|2\n|\n|t:|1682561181\n|switch|p1b: Gyarados|Gyarados, L50, F|100\/100\n|-ability|p1b: Gyarados|Intimidate|boost\n|-unboost|p2a: Flutter Mane|atk|1\n|-unboost|p2b: Arcanine|atk|1\n|move|p1a: Baxcalibur|Icicle Crash|p2a: Flutter Mane|[miss]\n|-miss|p1a: Baxcalibur|p2a: Flutter Mane\n|move|p2a: Flutter Mane|Dazzling Gleam|p1a: Baxcalibur|[spread] p1a,p1b\n|-resisted|p1a: Baxcalibur\n|-damage|p1a: Baxcalibur|58\/100\n|-damage|p1b: Gyarados|59\/100\n|move|p2b: Arcanine|Flare Blitz|p1a: Baxcalibur\n|-damage|p1a: Baxcalibur|29\/100\n|-ability|p1a: Baxcalibur|Thermal Exchange|boost\n|-boost|p1a: Baxcalibur|atk|1\n|-damage|p2b: Arcanine|90\/100|[from] Recoil\n|\n|upkeep\n|turn|3\n|inactive|Indurain has 30 seconds left.\n|inactive|leafyarrow has 30 seconds left.\n|\n|t:|1682561212\n|-end|p2a: Flutter Mane|Protosynthesis|[silent]\n|switch|p2a: Jolteon|Jolteon, L50, M|100\/100\n|move|p2b: Arcanine|Protect|p2b: Arcanine\n|-singleturn|p2b: Arcanine|Protect\n|move|p1a: Baxcalibur|Icicle Crash|p2a: Jolteon\n|-enditem|p2a: Jolteon|Focus Sash\n|-damage|p2a: Jolteon|1\/100\n|move|p1b: Gyarados|Thunder Wave|p2b: Arcanine\n|-activate|p2b: Arcanine|move: Protect\n|\n|upkeep\n|turn|4\n|inactive|Indurain has 30 seconds left.\n|inactive|Indurain has 20 seconds left.\n|\n|t:|1682561248\n|switch|p1b: Amoonguss|Amoonguss, L50, M|100\/100\n|move|p2a: Jolteon|Detect|p2a: Jolteon\n|-singleturn|p2a: Jolteon|Protect\n|move|p2b: Arcanine|Extreme Speed|p1a: Baxcalibur\n|-damage|p1a: Baxcalibur|16\/100\n|move|p1a: Baxcalibur|Glaive Rush|p2b: Arcanine\n|-damage|p2b: Arcanine|0 fnt\n|-singlemove|p1a: Baxcalibur|Glaive Rush|[silent]\n|faint|p2b: Arcanine\n|\n|upkeep\n|\n|t:|1682561261\n|switch|p2b: Flutter Mane|Flutter Mane, L50|100\/100\n|turn|5\n|\n|t:|1682561283\n|-terastallize|p2a: Jolteon|Flying\n|move|p1a: Baxcalibur|Icicle Crash|p2b: Flutter Mane\n|-damage|p2b: Flutter Mane|0 fnt\n|faint|p2b: Flutter Mane\n|-end|p2b: Flutter Mane|Protosynthesis|[silent]\n|move|p2a: Jolteon|Tera Blast|p1b: Amoonguss\n|-supereffective|p1b: Amoonguss\n|-damage|p1b: Amoonguss|34\/100\n|-enditem|p1b: Amoonguss|Sitrus Berry|[eat]\n|-heal|p1b: Amoonguss|58\/100|[from] item: Sitrus Berry\n|move|p1b: Amoonguss|Pollen Puff|p1a: Baxcalibur\n|-heal|p1a: Baxcalibur|66\/100\n|\n|upkeep\n|\n|t:|1682561293\n|switch|p2b: Palafin|Palafin-Hero, L50, M|100\/100\n|-activate|p2b: Palafin|ability: Zero to Hero\n|turn|6\n|\n|t:|1682561310\n|move|p2a: Jolteon|Detect|p2a: Jolteon\n|-singleturn|p2a: Jolteon|Protect\n|move|p1b: Amoonguss|Rage Powder|p1b: Amoonguss\n|-singleturn|p1b: Amoonguss|move: Rage Powder\n|move|p1a: Baxcalibur|Ice Shard|p2a: Jolteon\n|-activate|p2a: Jolteon|move: Protect\n|move|p2b: Palafin|Wave Crash|p1b: Amoonguss\n|-resisted|p1b: Amoonguss\n|-damage|p1b: Amoonguss|17\/100\n|-damage|p2b: Palafin|86\/100|[from] Recoil\n|\n|upkeep\n|turn|7\n|\n|t:|1682561330\n|switch|p1b: Gyarados|Gyarados, L50, F|59\/100\n|-ability|p1b: Gyarados|Intimidate|boost\n|-unboost|p2a: Jolteon|atk|1\n|-unboost|p2b: Palafin|atk|1\n|move|p2a: Jolteon|Detect||[still]\n|-fail|p2a: Jolteon\n|move|p1a: Baxcalibur|Ice Shard|p2a: Jolteon\n|-supereffective|p2a: Jolteon\n|-damage|p2a: Jolteon|0 fnt\n|faint|p2a: Jolteon\n|move|p2b: Palafin|Wave Crash|p1a: Baxcalibur\n|-damage|p1a: Baxcalibur|7\/100\n|-damage|p2b: Palafin|66\/100|[from] Recoil\n|\n|upkeep\n|turn|8\n|-message|leafyarrow forfeited.\n|\n|win|Indurain\n|raw|Indurain's rating: 1219 → 1252<\/strong> (+33 for winning)\n|raw|leafyarrow's rating: 1340 → 1313<\/strong> (-27 for losing)\n","uploadtime":1682561353,"views":16,"p1id":"indurain","p2id":"leafyarrow","formatid":"gen9vgc2023regulationc","rating":1252,"private":0,"password":""}