{"id":"gen9vgc2023regulationc-1856035520","p1":"ringowhale","p2":"HelpVGC","format":"[Gen 9] VGC 2023 Regulation C","log":"|j|\u2606ringowhale\n|j|\u2606HelpVGC\n|t:|1683020911\n|gametype|doubles\n|player|p1|ringowhale|backers|1178\n|player|p2|HelpVGC|265|1155\n|teamsize|p1|6\n|teamsize|p2|6\n|gen|9\n|tier|[Gen 9] VGC 2023 Regulation C\n|rated|\n|rule|Species Clause: Limit one of each Pok\u00e9mon\n|rule|Item Clause: Limit one of each item\n|clearpoke\n|poke|p1|Ting-Lu, L50|\n|poke|p1|Flutter Mane, L50|\n|poke|p1|Dragonite, L50, F|\n|poke|p1|Abomasnow, L50, F|\n|poke|p1|Iron Bundle, L50|\n|poke|p1|Amoonguss, L50, M|\n|poke|p2|Iron Hands, L50|\n|poke|p2|Chien-Pao, L50|\n|poke|p2|Sandy Shocks, L50|\n|poke|p2|Espathra, L50, F|\n|poke|p2|Dragonite, L50, F|\n|poke|p2|Chi-Yu, L50|\n|teampreview|4\n|\n|t:|1683020939\n|start\n|switch|p1a: Ting-Lu|Ting-Lu, L50|100\/100\n|switch|p1b: Dragonite|Dragonite, L50, F|100\/100\n|switch|p2a: Sandy Shocks|Sandy Shocks, L50|100\/100\n|switch|p2b: Espathra|Espathra, L50, F|100\/100\n|-ability|p1a: Ting-Lu|Vessel of Ruin\n|turn|1\n|\n|t:|1683020965\n|move|p2a: Sandy Shocks|Gravity|p2a: Sandy Shocks\n|-fieldstart|move: Gravity\n|move|p2b: Espathra|Hypnosis|p1a: Ting-Lu\n|-status|p1a: Ting-Lu|slp|[from] move: Hypnosis\n|move|p1b: Dragonite|Low Kick|p2a: Sandy Shocks\n|-damage|p2a: Sandy Shocks|50\/100\n|cant|p1a: Ting-Lu|slp\n|\n|-ability|p2b: Espathra|Speed Boost|boost\n|-boost|p2b: Espathra|spe|1\n|upkeep\n|turn|2\n|\n|t:|1683021003\n|-terastallize|p2b: Espathra|Fairy\n|move|p2b: Espathra|Dazzling Gleam|p1a: Ting-Lu|[spread] p1a,p1b\n|-supereffective|p1a: Ting-Lu\n|-supereffective|p1b: Dragonite\n|-damage|p1a: Ting-Lu|67\/100 slp\n|-damage|p1b: Dragonite|80\/100\n|move|p2a: Sandy Shocks|Thunder|p1b: Dragonite\n|-damage|p1b: Dragonite|45\/100\n|-status|p1b: Dragonite|par\n|-curestatus|p1a: Ting-Lu|slp|[msg]\n|move|p1a: Ting-Lu|Taunt|p2b: Espathra\n|-start|p2b: Espathra|move: Taunt\n|-enditem|p2b: Espathra|Mental Herb\n|-end|p2b: Espathra|move: Taunt\n|cant|p1b: Dragonite|par\n|\n|-ability|p2b: Espathra|Speed Boost|boost\n|-boost|p2b: Espathra|spe|1\n|upkeep\n|turn|3\n|\n|t:|1683021027\n|-end|p2a: Sandy Shocks|Protosynthesis|[silent]\n|switch|p2a: Chi-Yu|Chi-Yu, L50|100\/100\n|-ability|p2a: Chi-Yu|Beads of Ruin\n|move|p1a: Ting-Lu|Protect|p1a: Ting-Lu\n|-singleturn|p1a: Ting-Lu|Protect\n|move|p2b: Espathra|Hypnosis|p1a: Ting-Lu\n|-activate|p1a: Ting-Lu|move: Protect\n|cant|p1b: Dragonite|par\n|\n|-ability|p2b: Espathra|Speed Boost|boost\n|-boost|p2b: Espathra|spe|1\n|upkeep\n|turn|4\n|j| AriehA1995\n|\n|t:|1683021052\n|move|p2b: Espathra|Hypnosis|p1a: Ting-Lu\n|-status|p1a: Ting-Lu|slp|[from] move: Hypnosis\n|move|p2a: Chi-Yu|Nasty Plot|p2a: Chi-Yu\n|-boost|p2a: Chi-Yu|spa|2\n|cant|p1a: Ting-Lu|slp\n|cant|p1b: Dragonite|par\n|\n|-ability|p2b: Espathra|Speed Boost|boost\n|-boost|p2b: Espathra|spe|1\n|upkeep\n|turn|5\n|\n|t:|1683021087\n|move|p2b: Espathra|Dazzling Gleam|p1a: Ting-Lu|[spread] p1a,p1b\n|-supereffective|p1a: Ting-Lu\n|-supereffective|p1b: Dragonite\n|-damage|p1a: Ting-Lu|24\/100 slp\n|-damage|p1b: Dragonite|0 fnt\n|faint|p1b: Dragonite\n|move|p2a: Chi-Yu|Heat Wave|p1a: Ting-Lu\n|-damage|p1a: Ting-Lu|0 fnt\n|faint|p1a: Ting-Lu\n|\n|-fieldend|move: Gravity\n|-ability|p2b: Espathra|Speed Boost|boost\n|-boost|p2b: Espathra|spe|1\n|upkeep\n|\n|t:|1683021104\n|switch|p1b: Abomasnow|Abomasnow, L50, F|100\/100\n|switch|p1a: Iron Bundle|Iron Bundle, L50|100\/100\n|-weather|Snow|[from] ability: Snow Warning|[of] p1b: Abomasnow\n|turn|6\n|\n|t:|1683021117\n|move|p2a: Chi-Yu|Protect|p2a: Chi-Yu\n|-singleturn|p2a: Chi-Yu|Protect\n|move|p2b: Espathra|Lumina Crash|p1a: Iron Bundle\n|-damage|p1a: Iron Bundle|0 fnt\n|faint|p1a: Iron Bundle\n|-end|p1a: Iron Bundle|Quark Drive|[silent]\n|move|p1b: Abomasnow|Blizzard|p2b: Espathra|[spread] p2b\n|-activate|p2a: Chi-Yu|move: Protect\n|-damage|p2b: Espathra|18\/100\n|\n|-weather|Snow|[upkeep]\n|-ability|p2b: Espathra|Speed Boost|boost\n|-boost|p2b: Espathra|spe|1\n|upkeep\n|turn|7\n|\n|t:|1683021133\n|move|p2b: Espathra|Lumina Crash|p1b: Abomasnow\n|-damage|p1b: Abomasnow|35\/100\n|-unboost|p1b: Abomasnow|spd|2\n|move|p2a: Chi-Yu|Heat Wave|p1b: Abomasnow\n|-supereffective|p1b: Abomasnow\n|-damage|p1b: Abomasnow|0 fnt\n|faint|p1b: Abomasnow\n|\n|win|HelpVGC\n|raw|ringowhale's rating: 1178 → 1151<\/strong> (-27 for losing)\n|raw|HelpVGC's rating: 1155 → 1182<\/strong> (+27 for winning)\n","uploadtime":1683021147,"views":17,"p1id":"ringowhale","p2id":"helpvgc","formatid":"gen9vgc2023regulationc","rating":1151,"private":0,"password":""}