{"id":"gen9vgc2023regulationc-1857303876","p1":"rawsause w eggos","p2":"HazeOneTrick","format":"[Gen 9] VGC 2023 Regulation C","log":"|j|\u2606rawsause w eggos\n|j|\u2606HazeOneTrick\n|t:|1683170363\n|gametype|doubles\n|player|p1|rawsause w eggos|sina|\n|player|p2|HazeOneTrick|acetrainer-gen6xy|\n|teamsize|p1|6\n|teamsize|p2|6\n|gen|9\n|tier|[Gen 9] VGC 2023 Regulation C\n|rule|Species Clause: Limit one of each Pok\u00e9mon\n|rule|Item Clause: Limit one of each item\n|clearpoke\n|poke|p1|Iron Valiant, L50|\n|poke|p1|Indeedee-F, L50, F|\n|poke|p1|Armarouge, L50, F|\n|poke|p1|Iron Bundle, L50|\n|poke|p1|Tyranitar, L50, F|\n|poke|p1|Corviknight, L50, M|\n|poke|p2|Iron Hands, L50|\n|poke|p2|Gyarados, L50, M|\n|poke|p2|Flutter Mane, L50|\n|poke|p2|Chi-Yu, L50|\n|poke|p2|Amoonguss, L50, M|\n|poke|p2|Bronzong, L50|\n|teampreview|4\nHazeOneTrick has agreed to open team sheets.\nrawsause w eggos has agreed to open team sheets.\n|c|\u2606rawsause w eggos|oh right i forgot i changed my bundle type, was something ive been forgetting to do from the practice games\n|c|\u2606HazeOneTrick|wym\n|c|\u2606rawsause w eggos|g1 i think i had bundle be tera ice\n|c|\u2606rawsause w eggos|even tho i didnt tera it\n|c|\u2606HazeOneTrick|oh ok\n|c|\u2606rawsause w eggos|just letting u know ahead of time\n|\n|t:|1683170537\n|start\n|switch|p1a: bungle|Iron Bundle, L50|100\/100\n|switch|p1b: Gamagoori|Tyranitar, L50, F, shiny|100\/100\n|switch|p2a: Chi-Yu|Chi-Yu, L50|100\/100\n|switch|p2b: Gyarados|Gyarados, L50, M|100\/100\n|-ability|p2a: Chi-Yu|Beads of Ruin\n|-ability|p2b: Gyarados|Intimidate|boost\n|-unboost|p1a: bungle|atk|1\n|-unboost|p1b: Gamagoori|atk|1\n|-weather|Sandstorm|[from] ability: Sand Stream|[of] p1b: Gamagoori\n|-enditem|p1a: bungle|Booster Energy\n|-activate|p1a: bungle|ability: Quark Drive|[fromitem]\n|-start|p1a: bungle|quarkdrivespe\n|turn|1\n|\n|t:|1683170585\n|switch|p2b: Iron Hands|Iron Hands, L50|100\/100\n|move|p2a: Chi-Yu|Protect|p2a: Chi-Yu\n|-singleturn|p2a: Chi-Yu|Protect\n|move|p1a: bungle|Freeze-Dry|p2b: Iron Hands\n|-damage|p2b: Iron Hands|77\/100\n|-status|p2b: Iron Hands|frz\n|move|p1b: Gamagoori|Assurance|p2b: Iron Hands\n|-resisted|p2b: Iron Hands\n|-damage|p2b: Iron Hands|59\/100 frz\n|\n|-weather|Sandstorm|[upkeep]\n|-damage|p1a: bungle|95\/100|[from] Sandstorm\n|-damage|p2a: Chi-Yu|94\/100|[from] Sandstorm\n|-damage|p2b: Iron Hands|53\/100 frz|[from] Sandstorm\n|-heal|p2a: Chi-Yu|100\/100|[from] item: Leftovers\n|upkeep\n|turn|2\n|\n|t:|1683170611\n|switch|p2a: Gyarados|Gyarados, L50, M|100\/100\n|-ability|p2a: Gyarados|Intimidate|boost\n|-unboost|p1a: bungle|atk|1\n|-unboost|p1b: Gamagoori|atk|1\n|cant|p2b: Iron Hands|frz\n|move|p1a: bungle|Freeze-Dry|p2b: Iron Hands\n|-damage|p2b: Iron Hands|37\/100 frz\n|move|p1b: Gamagoori|Rock Slide|p2b: Iron Hands|[spread] p2a,p2b\n|-supereffective|p2a: Gyarados\n|-resisted|p2b: Iron Hands\n|-damage|p2a: Gyarados|70\/100\n|-damage|p2b: Iron Hands|32\/100 frz\n|\n|-weather|Sandstorm|[upkeep]\n|-damage|p1a: bungle|89\/100|[from] Sandstorm\n|-damage|p2a: Gyarados|64\/100|[from] Sandstorm\n|-damage|p2b: Iron Hands|26\/100 frz|[from] Sandstorm\n|upkeep\n|turn|3\n|\n|t:|1683170634\n|switch|p1b: Indayday|Indeedee-F, L50, F|100\/100\n|-fieldstart|move: Psychic Terrain|[from] ability: Psychic Surge|[of] p1b: Indayday\n|move|p1a: bungle|Freeze-Dry|p2a: Gyarados\n|-supereffective|p2a: Gyarados\n|-damage|p2a: Gyarados|0 fnt\n|faint|p2a: Gyarados\n|-curestatus|p2b: Iron Hands|frz|[msg]\n|move|p2b: Iron Hands|Drain Punch|p1a: bungle\n|-supereffective|p1a: bungle\n|-damage|p1a: bungle|1\/100\n|-heal|p2b: Iron Hands|57\/100|[from] drain|[of] p1a: bungle\n|\n|-weather|Sandstorm|[upkeep]\n|-damage|p1a: bungle|0 fnt|[from] Sandstorm\n|-damage|p2b: Iron Hands|50\/100|[from] Sandstorm\n|faint|p1a: bungle\n|-end|p1a: bungle|Quark Drive|[silent]\n|upkeep\n|\n|t:|1683170648\n|switch|p1a: The Hero|Armarouge, L50, F|100\/100\n|switch|p2a: Chi-Yu|Chi-Yu, L50|100\/100\n|-ability|p2a: Chi-Yu|Beads of Ruin\n|turn|4\n|\n|t:|1683170693\n|-terastallize|p1b: Indayday|Fairy\n|move|p1b: Indayday|Follow Me|p1b: Indayday\n|-singleturn|p1b: Indayday|move: Follow Me\n|move|p2a: Chi-Yu|Dark Pulse|p1b: Indayday\n|-resisted|p1b: Indayday\n|-damage|p1b: Indayday|73\/100\n|move|p1a: The Hero|Expanding Force|p2a: Chi-Yu|[spread] p2b\n|-immune|p2a: Chi-Yu\n|-supereffective|p2b: Iron Hands\n|-crit|p2b: Iron Hands\n|-damage|p2b: Iron Hands|0 fnt\n|faint|p2b: Iron Hands\n|-end|p2b: Iron Hands|Quark Drive|[silent]\n|-damage|p1a: The Hero|91\/100|[from] item: Life Orb\n|\n|-weather|Sandstorm|[upkeep]\n|-damage|p2a: Chi-Yu|94\/100|[from] Sandstorm\n|-damage|p1a: The Hero|85\/100|[from] Sandstorm\n|-heal|p2a: Chi-Yu|100\/100|[from] item: Leftovers\n|upkeep\n|\n|t:|1683170702\n|switch|p2b: Flutter Mane|Flutter Mane, L50|100\/100\n|turn|5\n|\n|t:|1683170718\n|move|p1b: Indayday|Follow Me|p1b: Indayday\n|-singleturn|p1b: Indayday|move: Follow Me\n|move|p2b: Flutter Mane|Shadow Ball|p1b: Indayday\n|-damage|p1b: Indayday|0 fnt\n|faint|p1b: Indayday\n|move|p2a: Chi-Yu|Nasty Plot|p2a: Chi-Yu\n|-boost|p2a: Chi-Yu|spa|2\n|move|p1a: The Hero|Expanding Force|p2b: Flutter Mane|[spread] p2b\n|-immune|p2a: Chi-Yu\n|-damage|p2b: Flutter Mane|0 fnt\n|faint|p2b: Flutter Mane\n|-end|p2b: Flutter Mane|Protosynthesis|[silent]\n|-damage|p1a: The Hero|75\/100|[from] item: Life Orb\n|\n|-weather|none\n|upkeep\n|\n|t:|1683170725\n|switch|p1b: Gamagoori|Tyranitar, L50, F, shiny|100\/100\n|-weather|Sandstorm|[from] ability: Sand Stream|[of] p1b: Gamagoori\n|turn|6\n|\n|t:|1683170770\n|-terastallize|p2a: Chi-Yu|Water\n|move|p2a: Chi-Yu|Dark Pulse|p1a: The Hero\n|-supereffective|p1a: The Hero\n|-damage|p1a: The Hero|0 fnt\n|faint|p1a: The Hero\n|move|p1b: Gamagoori|Rock Slide|p2a: Chi-Yu|[miss]\n|-miss|p1b: Gamagoori|p2a: Chi-Yu\n|\n|-weather|Sandstorm|[upkeep]\n|-damage|p2a: Chi-Yu|94\/100|[from] Sandstorm\n|-heal|p2a: Chi-Yu|100\/100|[from] item: Leftovers\n|upkeep\n|turn|7\n|\n|t:|1683170779\n|move|p2a: Chi-Yu|Heat Wave|p1b: Gamagoori\n|-resisted|p1b: Gamagoori\n|-damage|p1b: Gamagoori|74\/100\n|move|p1b: Gamagoori|Rock Slide|p2a: Chi-Yu\n|-damage|p2a: Chi-Yu|54\/100\n|\n|-weather|Sandstorm|[upkeep]\n|-damage|p2a: Chi-Yu|47\/100|[from] Sandstorm\n|-heal|p2a: Chi-Yu|54\/100|[from] item: Leftovers\n|-fieldend|move: Psychic Terrain\n|upkeep\n|turn|8\n|\n|t:|1683170791\n|move|p2a: Chi-Yu|Heat Wave|p1b: Gamagoori\n|-resisted|p1b: Gamagoori\n|-damage|p1b: Gamagoori|50\/100\n|move|p1b: Gamagoori|Assurance|p2a: Chi-Yu\n|-damage|p2a: Chi-Yu|11\/100\n|\n|-weather|Sandstorm|[upkeep]\n|-damage|p2a: Chi-Yu|5\/100|[from] Sandstorm\n|-heal|p2a: Chi-Yu|11\/100|[from] item: Leftovers\n|upkeep\n|turn|9\n|\n|t:|1683170805\n|move|p2a: Chi-Yu|Protect|p2a: Chi-Yu\n|-singleturn|p2a: Chi-Yu|Protect\n|move|p1b: Gamagoori|Assurance|p2a: Chi-Yu\n|-activate|p2a: Chi-Yu|move: Protect\n|\n|-weather|Sandstorm|[upkeep]\n|-damage|p2a: Chi-Yu|5\/100|[from] Sandstorm\n|-heal|p2a: Chi-Yu|11\/100|[from] item: Leftovers\n|upkeep\n|turn|10\n|\n|t:|1683170810\n|move|p2a: Chi-Yu|Dark Pulse|p1b: Gamagoori\n|-resisted|p1b: Gamagoori\n|-damage|p1b: Gamagoori|29\/100\n|move|p1b: Gamagoori|Assurance|p2a: Chi-Yu\n|-damage|p2a: Chi-Yu|0 fnt\n|faint|p2a: Chi-Yu\n|\n|win|rawsause w eggos\n|c|\u2606rawsause w eggos|gg\n|c|\u2606HazeOneTrick|gg\n","uploadtime":1683170818,"views":5,"p1id":"rawsauseweggos","p2id":"hazeonetrick","formatid":"gen9vgc2023regulationc","rating":0,"private":0,"password":""}