{"id":"gen9vgc2023regulationc-1846934753","p1":"GB Seraphix","p2":"Xepher008","format":"[Gen 9] VGC 2023 Regulation C","log":"|j|\u2606GB Seraphix\n|j|\u2606Xepher008\n|t:|1681903123\n|gametype|doubles\n|player|p1|GB Seraphix|rosa|1225\n|player|p2|Xepher008|2|1190\n|teamsize|p1|6\n|teamsize|p2|6\n|gen|9\n|tier|[Gen 9] VGC 2023 Regulation C\n|rated|\n|rule|Species Clause: Limit one of each Pok\u00e9mon\n|rule|Item Clause: Limit one of each item\n|clearpoke\n|poke|p1|Chi-Yu, L50|\n|poke|p1|Dachsbun, L50, F|\n|poke|p1|Flutter Mane, L50|\n|poke|p1|Amoonguss, L50, M|\n|poke|p1|Rotom-Mow, L50|\n|poke|p1|Dragapult, L50, F|\n|poke|p2|Flutter Mane, L50|\n|poke|p2|Gastrodon, L50, F|\n|poke|p2|Chi-Yu, L50|\n|poke|p2|Chien-Pao, L50|\n|poke|p2|Dragonite, L50, M|\n|poke|p2|Amoonguss, L50, F|\n|teampreview|4\n|inactive|Battle timer is ON: inactive players will automatically lose when time's up. (requested by Xepher008)\n|\n|t:|1681903174\n|start\n|switch|p1a: Nemo|Chi-Yu, L50|100\/100\n|switch|p1b: Tina|Dragapult, L50, F|100\/100\n|switch|p2a: Gastrodon|Gastrodon, L50, F|100\/100\n|switch|p2b: Amoonguss|Amoonguss, L50, F|100\/100\n|-ability|p1a: Nemo|Beads of Ruin\n|turn|1\n|inactive|GB Seraphix has 30 seconds left.\n|\n|t:|1681903207\n|-terastallize|p2b: Amoonguss|Water\n|move|p1a: Nemo|Heat Wave|p2b: Amoonguss|[spread] p2a,p2b\n|-resisted|p2a: Gastrodon\n|-resisted|p2b: Amoonguss\n|-damage|p2a: Gastrodon|75\/100\n|-damage|p2b: Amoonguss|80\/100\n|move|p1b: Tina|Dragon Darts|p2b: Amoonguss\n|-damage|p2b: Amoonguss|52\/100\n|-anim|p1b: Tina|Dragon Darts|p2a: Gastrodon\n|-damage|p2a: Gastrodon|37\/100\n|move|p2a: Gastrodon|Muddy Water|p1a: Nemo|[spread] p1a,p1b\n|-supereffective|p1a: Nemo\n|-resisted|p1b: Tina\n|-damage|p1a: Nemo|36\/100\n|-damage|p1b: Tina|75\/100\n|move|p2b: Amoonguss|Spore|p1a: Nemo\n|-status|p1a: Nemo|slp|[from] move: Spore\n|\n|upkeep\n|turn|2\n|\n|t:|1681903230\n|cant|p1a: Nemo|slp\n|move|p1b: Tina|Dragon Darts|p2b: Amoonguss\n|-damage|p2b: Amoonguss|22\/100\n|-anim|p1b: Tina|Dragon Darts|p2a: Gastrodon\n|-crit|p2a: Gastrodon\n|-damage|p2a: Gastrodon|0 fnt\n|faint|p2a: Gastrodon\n|move|p2b: Amoonguss|Spore|p1b: Tina\n|-status|p1b: Tina|slp|[from] move: Spore\n|\n|upkeep\n|\n|t:|1681903242\n|switch|p2a: Flutter Mane|Flutter Mane, L50|100\/100\n|turn|3\n|\n|t:|1681903252\n|switch|p1b: Chocnut|Dachsbun, L50, F|100\/100\n|switch|p2b: Chi-Yu|Chi-Yu, L50|100\/100\n|-ability|p2b: Chi-Yu|Beads of Ruin\n|-curestatus|p1a: Nemo|slp|[msg]\n|move|p1a: Nemo|Heat Wave|p2b: Chi-Yu|[spread] p2a,p2b\n|-resisted|p2b: Chi-Yu\n|-damage|p2a: Flutter Mane|45\/100\n|-damage|p2b: Chi-Yu|77\/100\n|move|p2a: Flutter Mane|Dazzling Gleam|p1b: Chocnut|[spread] p1a,p1b\n|-damage|p1a: Nemo|0 fnt\n|-damage|p1b: Chocnut|38\/100\n|faint|p1a: Nemo\n|\n|-heal|p1b: Chocnut|44\/100|[from] item: Leftovers\n|upkeep\n|\n|t:|1681903268\n|switch|p1a: Tina|Dragapult, L50, F|75\/100 slp\n|turn|4\n|\n|t:|1681903286\n|move|p1b: Chocnut|Protect|p1b: Chocnut\n|-singleturn|p1b: Chocnut|Protect\n|cant|p1a: Tina|slp\n|move|p2a: Flutter Mane|Dazzling Gleam|p1b: Chocnut|[spread] p1a\n|-activate|p1b: Chocnut|move: Protect\n|-supereffective|p1a: Tina\n|-damage|p1a: Tina|0 fnt\n|faint|p1a: Tina\n|move|p2b: Chi-Yu|Dark Pulse|p1b: Chocnut\n|-activate|p1b: Chocnut|move: Protect\n|\n|-heal|p1b: Chocnut|50\/100|[from] item: Leftovers\n|upkeep\n|\n|t:|1681903298\n|switch|p1a: Joice|Flutter Mane, L50|100\/100\n|-enditem|p1a: Joice|Booster Energy\n|-activate|p1a: Joice|ability: Protosynthesis|[fromitem]\n|-start|p1a: Joice|protosynthesisspe\n|turn|5\n|\n|t:|1681903313\n|move|p1a: Joice|Shadow Ball|p2a: Flutter Mane\n|-supereffective|p2a: Flutter Mane\n|-damage|p2a: Flutter Mane|0 fnt\n|faint|p2a: Flutter Mane\n|-end|p2a: Flutter Mane|Protosynthesis|[silent]\n|move|p2b: Chi-Yu|Snarl|p1a: Joice|[spread] p1a,p1b\n|-resisted|p1b: Chocnut\n|-crit|p1b: Chocnut\n|-damage|p1a: Joice|71\/100\n|-damage|p1b: Chocnut|31\/100\n|-unboost|p1a: Joice|spa|1\n|-unboost|p1b: Chocnut|spa|1\n|move|p1b: Chocnut|Body Press|p2b: Chi-Yu\n|-supereffective|p2b: Chi-Yu\n|-damage|p2b: Chi-Yu|7\/100\n|\n|-heal|p1b: Chocnut|37\/100|[from] item: Leftovers\n|upkeep\n|\n|t:|1681903329\n|switch|p2a: Amoonguss|Amoonguss, L50, F, tera:Water|55\/100\n|turn|6\n|\n|t:|1681903352\n|move|p2a: Amoonguss|Rage Powder|p2a: Amoonguss\n|-singleturn|p2a: Amoonguss|move: Rage Powder\n|move|p1a: Joice|Shadow Ball|p2a: Amoonguss\n|-crit|p2a: Amoonguss\n|-damage|p2a: Amoonguss|0 fnt\n|faint|p2a: Amoonguss\n|move|p2b: Chi-Yu|Snarl|p1b: Chocnut|[spread] p1a,p1b\n|-crit|p1a: Joice\n|-resisted|p1b: Chocnut\n|-damage|p1a: Joice|29\/100\n|-damage|p1b: Chocnut|24\/100\n|-unboost|p1a: Joice|spa|1\n|-unboost|p1b: Chocnut|spa|1\n|move|p1b: Chocnut|Body Press|p2b: Chi-Yu\n|-supereffective|p2b: Chi-Yu\n|-damage|p2b: Chi-Yu|0 fnt\n|faint|p2b: Chi-Yu\n|\n|win|GB Seraphix\n|raw|GB Seraphix's rating: 1225 → 1247<\/strong> (+22 for winning)\n|raw|Xepher008's rating: 1190 → 1168<\/strong> (-22 for losing)\n","uploadtime":1681903373,"views":13,"p1id":"gbseraphix","p2id":"xepher008","formatid":"gen9vgc2023regulationc","rating":1168,"private":0,"password":""}