{"id":"gen9vgc2023regulationc-1852313606","p1":"Kirovz","p2":"Alexis_student","format":"[Gen 9] VGC 2023 Regulation C","log":"|j|\u2606Kirovz\n|j|\u2606Alexis_student\n|t:|1682542942\n|gametype|doubles\n|player|p1|Kirovz|lance|1384\n|player|p2|Alexis_student|2|1289\n|teamsize|p1|6\n|teamsize|p2|6\n|gen|9\n|tier|[Gen 9] VGC 2023 Regulation C\n|rated|\n|rule|Species Clause: Limit one of each Pok\u00e9mon\n|rule|Item Clause: Limit one of each item\n|clearpoke\n|poke|p1|Dondozo, L50, M|\n|poke|p1|Tatsugiri-Stretchy, L50, F|\n|poke|p1|Chi-Yu, L50|\n|poke|p1|Flutter Mane, L50|\n|poke|p1|Dragonite, L50, M|\n|poke|p1|Glimmora, L50, M|\n|poke|p2|Dragonite, L50, M|\n|poke|p2|Flutter Mane, L50|\n|poke|p2|Corviknight, L50, M|\n|poke|p2|Amoonguss, L50, F|\n|poke|p2|Iron Bundle, L50|\n|poke|p2|Chi-Yu, L50|\n|teampreview|4\n|\n|t:|1682542968\n|start\n|switch|p1a: Glimmora|Glimmora, L50, M|100\/100\n|switch|p1b: Dondozo|Dondozo, L50, M|100\/100\n|switch|p2a: Chi-Yu|Chi-Yu, L50|100\/100\n|switch|p2b: Iron Bundle|Iron Bundle, L50|100\/100\n|-ability|p2a: Chi-Yu|Beads of Ruin\n|-enditem|p2b: Iron Bundle|Booster Energy\n|-activate|p2b: Iron Bundle|ability: Quark Drive|[fromitem]\n|-start|p2b: Iron Bundle|quarkdrivespe\n|turn|1\n|inactive|Battle timer is ON: inactive players will automatically lose when time's up. (requested by Alexis_student)\n|\n|t:|1682542993\n|-terastallize|p2a: Chi-Yu|Grass\n|move|p2b: Iron Bundle|Freeze-Dry|p1b: Dondozo\n|-supereffective|p1b: Dondozo\n|-damage|p1b: Dondozo|43\/100\n|-enditem|p1b: Dondozo|Sitrus Berry|[eat]\n|-heal|p1b: Dondozo|68\/100|[from] item: Sitrus Berry\n|move|p2a: Chi-Yu|Tera Blast|p1b: Dondozo\n|-supereffective|p1b: Dondozo\n|-damage|p1b: Dondozo|0 fnt\n|faint|p1b: Dondozo\n|move|p1a: Glimmora|Power Gem|p2a: Chi-Yu\n|-damage|p2a: Chi-Yu|56\/100\n|\n|upkeep\n|\n|t:|1682543011\n|switch|p1b: Flutter Mane|Flutter Mane, L50|100\/100\n|-enditem|p1b: Flutter Mane|Booster Energy\n|-activate|p1b: Flutter Mane|ability: Protosynthesis|[fromitem]\n|-start|p1b: Flutter Mane|protosynthesisspe\n|turn|2\n|\n|t:|1682543030\n|switch|p2a: Amoonguss|Amoonguss, L50, F|100\/100\n|move|p1b: Flutter Mane|Protect|p1b: Flutter Mane\n|-singleturn|p1b: Flutter Mane|Protect\n|move|p2b: Iron Bundle|Icy Wind|p1a: Glimmora|[spread] p1a\n|-activate|p1b: Flutter Mane|move: Protect\n|-damage|p1a: Glimmora|70\/100\n|-unboost|p1a: Glimmora|spe|1\n|move|p1a: Glimmora|Toxic|p2a: Amoonguss\n|-immune|p2a: Amoonguss\n|\n|upkeep\n|turn|3\n|\n|t:|1682543046\n|-terastallize|p1b: Flutter Mane|Steel\n|move|p2b: Iron Bundle|Icy Wind|p1b: Flutter Mane|[spread] p1a,p1b\n|-resisted|p1b: Flutter Mane\n|-damage|p1a: Glimmora|43\/100\n|-damage|p1b: Flutter Mane|91\/100\n|-unboost|p1a: Glimmora|spe|1\n|-unboost|p1b: Flutter Mane|spe|1\n|move|p1b: Flutter Mane|Substitute|p1b: Flutter Mane\n|-start|p1b: Flutter Mane|Substitute\n|-damage|p1b: Flutter Mane|66\/100\n|move|p1a: Glimmora|Toxic|p2b: Iron Bundle\n|-status|p2b: Iron Bundle|tox\n|move|p2a: Amoonguss|Spore|p1a: Glimmora\n|-status|p1a: Glimmora|slp|[from] move: Spore\n|\n|-damage|p2b: Iron Bundle|94\/100 tox|[from] psn\n|upkeep\n|turn|4\n|inactive|Alexis_student has 30 seconds left.\n|inactive|Alexis_student has 20 seconds left.\n|\n|t:|1682543084\n|move|p1b: Flutter Mane|Protect|p1b: Flutter Mane\n|-singleturn|p1b: Flutter Mane|Protect\n|move|p2b: Iron Bundle|Hydro Pump|p1b: Flutter Mane\n|-activate|p1b: Flutter Mane|move: Protect\n|cant|p1a: Glimmora|slp\n|move|p2a: Amoonguss|Pollen Puff|p1a: Glimmora\n|-resisted|p1a: Glimmora\n|-damage|p1a: Glimmora|31\/100 slp\n|\n|-damage|p2b: Iron Bundle|82\/100 tox|[from] psn\n|upkeep\n|turn|5\n|inactive|Alexis_student has 30 seconds left.\n|inactive|Kirovz has 30 seconds left.\n|\n|t:|1682543114\n|-end|p2b: Iron Bundle|Quark Drive|[silent]\n|switch|p2b: Flutter Mane|Flutter Mane, L50|100\/100\n|move|p1b: Flutter Mane|Hex|p2b: Flutter Mane\n|-supereffective|p2b: Flutter Mane\n|-damage|p2b: Flutter Mane|33\/100\n|cant|p1a: Glimmora|slp\n|move|p2a: Amoonguss|Pollen Puff|p1a: Glimmora\n|-resisted|p1a: Glimmora\n|-damage|p1a: Glimmora|19\/100 slp\n|\n|upkeep\n|turn|6\n|\n|t:|1682543136\n|move|p1b: Flutter Mane|Hex|p2b: Flutter Mane\n|-supereffective|p2b: Flutter Mane\n|-damage|p2b: Flutter Mane|0 fnt\n|faint|p2b: Flutter Mane\n|-end|p2b: Flutter Mane|Protosynthesis|[silent]\n|cant|p1a: Glimmora|slp\n|move|p2a: Amoonguss|Pollen Puff|p2: Flutter Mane|[notarget]\n|-fail|p2a: Amoonguss\n|\n|upkeep\n|\n|t:|1682543145\n|switch|p2b: Chi-Yu|Chi-Yu, L50, tera:Grass|56\/100\n|-ability|p2b: Chi-Yu|Beads of Ruin\n|turn|7\n|\n|t:|1682543155\n|move|p1b: Flutter Mane|Protect|p1b: Flutter Mane\n|-singleturn|p1b: Flutter Mane|Protect\n|move|p2b: Chi-Yu|Heat Wave|p1a: Glimmora|[spread] p1a\n|-activate|p1b: Flutter Mane|move: Protect\n|-resisted|p1a: Glimmora\n|-damage|p1a: Glimmora|0 fnt\n|faint|p1a: Glimmora\n|move|p2a: Amoonguss|Spore|p1b: Flutter Mane\n|-activate|p1b: Flutter Mane|move: Protect\n|\n|upkeep\n|\n|t:|1682543164\n|switch|p1a: Dragonite|Dragonite, L50, M|100\/100\n|turn|8\n|\n|t:|1682543177\n|move|p2b: Chi-Yu|Heat Wave|p1b: Flutter Mane|[spread] p1a,p1b\n|-supereffective|p1b: Flutter Mane\n|-end|p1b: Flutter Mane|Substitute\n|-resisted|p1a: Dragonite\n|-damage|p1a: Dragonite|88\/100\n|move|p1b: Flutter Mane|Hex|p2b: Chi-Yu\n|-damage|p2b: Chi-Yu|12\/100\n|move|p1a: Dragonite|Stomping Tantrum|p2b: Chi-Yu\n|-resisted|p2b: Chi-Yu\n|-damage|p2b: Chi-Yu|0 fnt\n|faint|p2b: Chi-Yu\n|move|p2a: Amoonguss|Spore|p1b: Flutter Mane\n|-status|p1b: Flutter Mane|slp|[from] move: Spore\n|\n|upkeep\n|\n|t:|1682543191\n|switch|p2b: Iron Bundle|Iron Bundle, L50|82\/100 tox\n|turn|9\n|\n|t:|1682543199\n|move|p1a: Dragonite|Protect|p1a: Dragonite\n|-singleturn|p1a: Dragonite|Protect\n|move|p2b: Iron Bundle|Icy Wind|p1a: Dragonite|[spread] p1b\n|-activate|p1a: Dragonite|move: Protect\n|-resisted|p1b: Flutter Mane\n|-damage|p1b: Flutter Mane|56\/100 slp\n|-unboost|p1b: Flutter Mane|spe|1\n|cant|p1b: Flutter Mane|slp\n|move|p2a: Amoonguss|Pollen Puff|p2b: Iron Bundle\n|-heal|p2b: Iron Bundle|100\/100 tox\n|\n|-damage|p2b: Iron Bundle|94\/100 tox|[from] psn\n|upkeep\n|turn|10\n|\n|t:|1682543222\n|move|p1a: Dragonite|Extreme Speed|p2b: Iron Bundle\n|-damage|p2b: Iron Bundle|55\/100 tox\n|move|p2a: Amoonguss|Rage Powder|p2a: Amoonguss\n|-singleturn|p2a: Amoonguss|move: Rage Powder\n|move|p2b: Iron Bundle|Freeze-Dry|p1a: Dragonite\n|-supereffective|p1a: Dragonite\n|-damage|p1a: Dragonite|0 fnt\n|faint|p1a: Dragonite\n|cant|p1b: Flutter Mane|slp\n|\n|-damage|p2b: Iron Bundle|43\/100 tox|[from] psn\n|upkeep\n|turn|11\n|\n|t:|1682543241\n|move|p2b: Iron Bundle|Hydro Pump|p1b: Flutter Mane|[miss]\n|-miss|p2b: Iron Bundle|p1b: Flutter Mane\n|-curestatus|p1b: Flutter Mane|slp|[msg]\n|move|p1b: Flutter Mane|Substitute|p1b: Flutter Mane\n|-start|p1b: Flutter Mane|Substitute\n|-damage|p1b: Flutter Mane|31\/100\n|move|p2a: Amoonguss|Pollen Puff|p2b: Iron Bundle\n|-heal|p2b: Iron Bundle|93\/100 tox\n|\n|-damage|p2b: Iron Bundle|75\/100 tox|[from] psn\n|upkeep\n|turn|12\n|\n|t:|1682543261\n|move|p1b: Flutter Mane|Protect|p1b: Flutter Mane\n|-singleturn|p1b: Flutter Mane|Protect\n|move|p2b: Iron Bundle|Hydro Pump|p1b: Flutter Mane\n|-activate|p1b: Flutter Mane|move: Protect\n|move|p2a: Amoonguss|Spore|p1b: Flutter Mane\n|-activate|p1b: Flutter Mane|move: Protect\n|\n|-damage|p2b: Iron Bundle|50\/100 tox|[from] psn\n|upkeep\n|turn|13\n|inactive|Alexis_student has 30 seconds left.\n|inactive|Alexis_student has 20 seconds left.\n|inactive|Alexis_student has 15 seconds left.\n|inactive|Alexis_student has 10 seconds left.\n|inactive|Alexis_student has 5 seconds left.\n|l|\u2606Alexis_student\n|inactive|Alexis_student disconnected and has a minute to reconnect!\n|player|p2|\n|-message|Alexis_student lost due to inactivity.\n|\n|win|Kirovz\n|raw|Kirovz's rating: 1384 → 1399<\/strong> (+15 for winning)\n|raw|Alexis_student's rating: 1289 → 1271<\/strong> (-18 for losing)\n","uploadtime":1682543320,"views":11,"p1id":"kirovz","p2id":"alexisstudent","formatid":"gen9vgc2023regulationc","rating":1271,"private":0,"password":""}