{"id":"gen9vgc2023regulationc-1849023333","p1":"Hiramatzu","p2":"tm 80 rockslide","format":"[Gen 9] VGC 2023 Regulation C","log":"|j|\u2606Hiramatzu\n|j|\u2606tm 80 rockslide\n|t:|1682140634\n|gametype|doubles\n|player|p1|Hiramatzu|265|1252\n|player|p2|tm 80 rockslide|170|1317\n|teamsize|p1|6\n|teamsize|p2|6\n|gen|9\n|tier|[Gen 9] VGC 2023 Regulation C\n|rated|\n|rule|Species Clause: Limit one of each Pok\u00e9mon\n|rule|Item Clause: Limit one of each item\n|clearpoke\n|poke|p1|Ting-Lu, L50|\n|poke|p1|Amoonguss, L50, M|\n|poke|p1|Arcanine, L50, M|\n|poke|p1|Palafin, L50, M|\n|poke|p1|Flutter Mane, L50|\n|poke|p1|Baxcalibur, L50, F|\n|poke|p2|Scream Tail, L50|\n|poke|p2|Ting-Lu, L50|\n|poke|p2|Garganacl, L50, M|\n|poke|p2|Glimmora, L50, F|\n|poke|p2|Wo-Chien, L50|\n|poke|p2|Chansey, L50, F|\n|teampreview|4\n|inactive|Battle timer is ON: inactive players will automatically lose when time's up. (requested by Hiramatzu)\n|inactive|tm 80 rockslide has 60 seconds left.\n|inactive|tm 80 rockslide has 30 seconds left.\n|inactive|tm 80 rockslide has 20 seconds left.\n|\n|t:|1682140712\n|start\n|switch|p1a: Baxcalibur|Baxcalibur, L50, F|100\/100\n|switch|p1b: Arcanine|Arcanine, L50, M|100\/100\n|switch|p2a: Scream Tail|Scream Tail, L50|100\/100\n|switch|p2b: Chansey|Chansey, L50, F|100\/100\n|-ability|p1b: Arcanine|Intimidate|boost\n|-unboost|p2a: Scream Tail|atk|1\n|-unboost|p2b: Chansey|atk|1\n|-enditem|p2a: Scream Tail|Booster Energy\n|-activate|p2a: Scream Tail|ability: Protosynthesis|[fromitem]\n|-start|p2a: Scream Tail|protosynthesisspe\n|turn|1\n|\n|t:|1682140720\n|move|p2a: Scream Tail|Bulk Up|p2a: Scream Tail\n|-boost|p2a: Scream Tail|atk|1\n|-boost|p2a: Scream Tail|def|1\n|move|p1a: Baxcalibur|Dragon Dance|p1a: Baxcalibur\n|-boost|p1a: Baxcalibur|atk|1\n|-boost|p1a: Baxcalibur|spe|1\n|move|p1b: Arcanine|Howl|p1b: Arcanine|[spread] p1a,p1b\n|-boost|p1a: Baxcalibur|atk|1\n|-boost|p1b: Arcanine|atk|1\n|move|p2b: Chansey|Life Dew||[still]|[still]|[spread] \n|-fail|p2a: Scream Tail|heal\n|-fail|p2b: Chansey|heal\n|\n|upkeep\n|turn|2\n|\n|t:|1682140744\n|-terastallize|p2a: Scream Tail|Steel\n|move|p2a: Scream Tail|Bulk Up|p2a: Scream Tail\n|-boost|p2a: Scream Tail|atk|1\n|-boost|p2a: Scream Tail|def|1\n|move|p1a: Baxcalibur|Icicle Spear|p2a: Scream Tail\n|-resisted|p2a: Scream Tail\n|-damage|p2a: Scream Tail|96\/100\n|-resisted|p2a: Scream Tail\n|-damage|p2a: Scream Tail|91\/100\n|-resisted|p2a: Scream Tail\n|-crit|p2a: Scream Tail\n|-damage|p2a: Scream Tail|76\/100\n|-resisted|p2a: Scream Tail\n|-damage|p2a: Scream Tail|72\/100\n|-hitcount|p2a: Scream Tail|4\n|move|p1b: Arcanine|Flare Blitz|p2a: Scream Tail\n|-supereffective|p2a: Scream Tail\n|-damage|p2a: Scream Tail|14\/100\n|-damage|p1b: Arcanine|79\/100|[from] Recoil\n|move|p2b: Chansey|Chilling Water|p1a: Baxcalibur\n|-resisted|p1a: Baxcalibur\n|-damage|p1a: Baxcalibur|98\/100\n|-unboost|p1a: Baxcalibur|atk|1\n|\n|upkeep\n|turn|3\n|inactive|Hiramatzu has 30 seconds left.\n|\n|t:|1682140772\n|-terastallize|p1a: Baxcalibur|Poison\n|move|p2a: Scream Tail|Baton Pass|p2a: Scream Tail\n|\n|t:|1682140788\n|-end|p2a: Scream Tail|Protosynthesis|[silent]\n|switch|p2a: Garganacl|Garganacl, L50, M|100\/100|[from] Baton Pass\n|move|p1a: Baxcalibur|Icicle Spear|p2b: Chansey\n|-damage|p2b: Chansey|88\/100\n|-damage|p2b: Chansey|75\/100\n|-damage|p2b: Chansey|61\/100\n|-crit|p2b: Chansey\n|-damage|p2b: Chansey|42\/100\n|-hitcount|p2b: Chansey|4\n|move|p1b: Arcanine|Flare Blitz|p2a: Garganacl\n|-resisted|p2a: Garganacl\n|-damage|p2a: Garganacl|87\/100\n|-damage|p1b: Arcanine|75\/100|[from] Recoil\n|move|p2b: Chansey|Life Dew|p2b: Chansey|[spread] p2a,p2b\n|-heal|p2a: Garganacl|100\/100\n|-heal|p2b: Chansey|67\/100\n|\n|upkeep\n|turn|4\n|\n|t:|1682140811\n|move|p1a: Baxcalibur|Icicle Spear|p2b: Chansey\n|-damage|p2b: Chansey|54\/100\n|-damage|p2b: Chansey|41\/100\n|-damage|p2b: Chansey|29\/100\n|-damage|p2b: Chansey|15\/100\n|-damage|p2b: Chansey|2\/100\n|-hitcount|p2b: Chansey|5\n|move|p1b: Arcanine|Flare Blitz|p2b: Chansey\n|-damage|p2b: Chansey|0 fnt\n|faint|p2b: Chansey\n|-damage|p1b: Arcanine|74\/100|[from] Recoil\n|move|p2a: Garganacl|Salt Cure|p1a: Baxcalibur\n|-damage|p1a: Baxcalibur|77\/100\n|-start|p1a: Baxcalibur|Salt Cure\n|\n|-damage|p1a: Baxcalibur|65\/100|[from] Salt Cure\n|upkeep\n|inactive|tm 80 rockslide has 30 seconds left.\n|inactive|tm 80 rockslide has 20 seconds left.\n|inactive|tm 80 rockslide has 15 seconds left.\n|inactive|tm 80 rockslide has 10 seconds left.\n|inactive|tm 80 rockslide has 5 seconds left.\n|\n|t:|1682140866\n|switch|p2b: Glimmora|Glimmora, L50, F|100\/100\n|turn|5\n|inactive|tm 80 rockslide has 30 seconds left.\n|inactive|tm 80 rockslide has 20 seconds left.\n|inactive|tm 80 rockslide has 15 seconds left.\n|\n|t:|1682140911\n|switch|p1b: Amoonguss|Amoonguss, L50, M, shiny|100\/100\n|move|p2a: Garganacl|Protect|p2a: Garganacl\n|-singleturn|p2a: Garganacl|Protect\n|move|p1a: Baxcalibur|Icicle Spear|p2b: Glimmora\n|-damage|p2b: Glimmora|81\/100\n|-activate|p2b: Glimmora|ability: Toxic Debris\n|-sidestart|p1: Hiramatzu|move: Toxic Spikes\n|-damage|p2b: Glimmora|60\/100\n|-activate|p2b: Glimmora|ability: Toxic Debris\n|-sidestart|p1: Hiramatzu|move: Toxic Spikes\n|-damage|p2b: Glimmora|41\/100\n|-damage|p2b: Glimmora|22\/100\n|-damage|p2b: Glimmora|0 fnt\n|faint|p2b: Glimmora\n|-hitcount|p2: Glimmora|5\n|\n|-damage|p1a: Baxcalibur|52\/100|[from] Salt Cure\n|upkeep\n|\n|t:|1682140914\n|switch|p2b: Scream Tail|Scream Tail, L50, tera:Steel|14\/100\n|turn|6\n|\n|t:|1682140935\n|move|p1a: Baxcalibur|Icicle Spear|p2b: Scream Tail\n|-resisted|p2b: Scream Tail\n|-damage|p2b: Scream Tail|7\/100\n|-resisted|p2b: Scream Tail\n|-damage|p2b: Scream Tail|0 fnt\n|faint|p2b: Scream Tail\n|-end|p2b: Scream Tail|Protosynthesis|[silent]\n|-hitcount|p2: Scream Tail|2\n|move|p2a: Garganacl|Salt Cure|p1b: Amoonguss\n|-damage|p1b: Amoonguss|84\/100\n|-start|p1b: Amoonguss|Salt Cure\n|move|p1b: Amoonguss|Pollen Puff|p1a: Baxcalibur\n|-heal|p1a: Baxcalibur|100\/100\n|\n|-damage|p1a: Baxcalibur|88\/100|[from] Salt Cure\n|-damage|p1b: Amoonguss|71\/100|[from] Salt Cure\n|upkeep\n|turn|7\n|\n|t:|1682140954\n|switch|p1b: Ting-Lu|Ting-Lu, L50|100\/100\n|-status|p1b: Ting-Lu|tox\n|-ability|p1b: Ting-Lu|Vessel of Ruin\n|move|p1a: Baxcalibur|Icicle Spear|p2a: Garganacl\n|-damage|p2a: Garganacl|94\/100\n|-damage|p2a: Garganacl|88\/100\n|-damage|p2a: Garganacl|81\/100\n|-damage|p2a: Garganacl|74\/100\n|-damage|p2a: Garganacl|67\/100\n|-hitcount|p2a: Garganacl|5\n|move|p2a: Garganacl|Salt Cure|p1b: Ting-Lu\n|-resisted|p1b: Ting-Lu\n|-damage|p1b: Ting-Lu|95\/100 tox\n|-start|p1b: Ting-Lu|Salt Cure\n|\n|-heal|p2a: Garganacl|73\/100|[from] item: Leftovers\n|-damage|p1b: Ting-Lu|89\/100 tox|[from] psn\n|-damage|p1a: Baxcalibur|76\/100|[from] Salt Cure\n|-damage|p1b: Ting-Lu|76\/100 tox|[from] Salt Cure\n|upkeep\n|turn|8\n|\n|t:|1682140972\n|move|p2a: Garganacl|Protect|p2a: Garganacl\n|-singleturn|p2a: Garganacl|Protect\n|move|p1a: Baxcalibur|Icicle Spear|p2a: Garganacl\n|-activate|p2a: Garganacl|move: Protect\n|move|p1b: Ting-Lu|Fissure|p2a: Garganacl\n|-activate|p2a: Garganacl|move: Protect\n|\n|-heal|p2a: Garganacl|79\/100|[from] item: Leftovers\n|-damage|p1b: Ting-Lu|64\/100 tox|[from] psn\n|-damage|p1a: Baxcalibur|63\/100|[from] Salt Cure\n|-damage|p1b: Ting-Lu|52\/100 tox|[from] Salt Cure\n|upkeep\n|turn|9\n|\n|t:|1682140979\n|move|p1a: Baxcalibur|Icicle Spear|p2a: Garganacl\n|-damage|p2a: Garganacl|72\/100\n|-damage|p2a: Garganacl|65\/100\n|-damage|p2a: Garganacl|58\/100\n|-damage|p2a: Garganacl|50\/100\n|-hitcount|p2a: Garganacl|4\n|move|p1b: Ting-Lu|Fissure|p2a: Garganacl\n|-damage|p2a: Garganacl|0 fnt\n|faint|p2a: Garganacl\n|-ohko\n|\n|win|Hiramatzu\n|raw|Hiramatzu's rating: 1252 → 1283<\/strong> (+31 for winning)\n|raw|tm 80 rockslide's rating: 1334 → 1309<\/strong> (-25 for losing)\n|c|\u2606tm 80 rockslide|no way\n|c|\u2606Hiramatzu|Ez\n|c|\u2606tm 80 rockslide|ahhh\n|c|\u2606tm 80 rockslide|oh well\n|c|\u2606Hiramatzu|Ggez\n|c|\u2606tm 80 rockslide|Aha\n","uploadtime":1682141012,"views":8,"p1id":"hiramatzu","p2id":"tm80rockslide","formatid":"gen9vgc2023regulationc","rating":1283,"private":0,"password":""}