{"id":"gen9vgc2023regulationc-1853117175","p1":"jsajsajs","p2":"BrilliantAchilles","format":"[Gen 9] VGC 2023 Regulation C","log":"|j|\u2606jsajsajs\n|j|\u2606BrilliantAchilles\n|t:|1682637222\n|gametype|doubles\n|player|p1|jsajsajs|blue|1388\n|player|p2|BrilliantAchilles|1|1407\n|teamsize|p1|6\n|teamsize|p2|6\n|gen|9\n|tier|[Gen 9] VGC 2023 Regulation C\n|rated|\n|rule|Species Clause: Limit one of each Pok\u00e9mon\n|rule|Item Clause: Limit one of each item\n|clearpoke\n|poke|p1|Arcanine, L50, F|\n|poke|p1|Palafin, L50, M|\n|poke|p1|Flutter Mane, L50|\n|poke|p1|Iron Hands, L50|\n|poke|p1|Ting-Lu, L50|\n|poke|p1|Amoonguss, L50, F|\n|poke|p2|Flutter Mane, L50|\n|poke|p2|Palafin, L50, F|\n|poke|p2|Arcanine, L50, F|\n|poke|p2|Amoonguss, L50, F|\n|poke|p2|Ting-Lu, L50|\n|poke|p2|Baxcalibur, L50, M|\n|teampreview|4\n|inactive|Battle timer is ON: inactive players will automatically lose when time's up. (requested by jsajsajs)\n|inactive|jsajsajs has 60 seconds left.\n|c|\u2606BrilliantAchilles|how do you like hands on this build? been thinking about swapping bax\n|\n|t:|1682637276\n|start\n|switch|p1a: Caldero|Ting-Lu, L50|100\/100\n|switch|p1b: Delfin|Palafin, L50, M, shiny|100\/100\n|switch|p2a: Flutter Mane|Flutter Mane, L50|100\/100\n|switch|p2b: Palafin|Palafin, L50, F|100\/100\n|-ability|p1a: Caldero|Vessel of Ruin\n|turn|1\n|c|\u2606jsajsajs|idk i was between corvinight, bax, salamence paradox and dragonite\n|inactive|jsajsajs has 30 seconds left.\n|inactive|jsajsajs has 20 seconds left.\n|inactive|jsajsajs has 15 seconds left.\n|\n|t:|1682637319\n|detailschange|p1b: Delfin|Palafin-Hero, L50, M, shiny\n|switch|p1b: Perro|Arcanine, L50, F|100\/100\n|-ability|p1b: Perro|Intimidate|boost\n|-unboost|p2a: Flutter Mane|atk|1\n|-unboost|p2b: Palafin|atk|1\n|-terastallize|p2b: Palafin|Water\n|move|p2a: Flutter Mane|Moonblast|p1a: Caldero\n|-supereffective|p1a: Caldero\n|-damage|p1a: Caldero|60\/100\n|move|p2b: Palafin|Wave Crash|p1a: Caldero\n|-supereffective|p1a: Caldero\n|-damage|p1a: Caldero|9\/100\n|-damage|p2b: Palafin|80\/100|[from] Recoil\n|move|p1a: Caldero|Sand Tomb|p2a: Flutter Mane\n|-damage|p2a: Flutter Mane|82\/100\n|-activate|p2a: Flutter Mane|move: Sand Tomb|[of] p1a: Caldero\n|\n|-damage|p2a: Flutter Mane|70\/100|[from] move: Sand Tomb|[partiallytrapped]\n|upkeep\n|turn|2\n|\n|t:|1682637343\n|detailschange|p2b: Palafin|Palafin-Hero, L50, F, tera:Water\n|switch|p2b: Arcanine|Arcanine, L50, F|100\/100\n|-ability|p2b: Arcanine|Intimidate|boost\n|-unboost|p1a: Caldero|atk|1\n|-unboost|p1b: Perro|atk|1\n|switch|p1a: Delfin|Palafin-Hero, L50, M, shiny|100\/100\n|-activate|p1a: Delfin|ability: Zero to Hero\n|-terastallize|p1b: Perro|Grass\n|move|p2a: Flutter Mane|Moonblast|p1a: Delfin\n|-damage|p1a: Delfin|26\/100\n|move|p1b: Perro|Flare Blitz|p2a: Flutter Mane\n|-damage|p2a: Flutter Mane|19\/100\n|-damage|p1b: Perro|88\/100|[from] Recoil\n|\n|-end|p2a: Flutter Mane|Sand Tomb|[partiallytrapped]|[silent]\n|upkeep\n|turn|3\n|\n|t:|1682637366\n|-end|p2a: Flutter Mane|Protosynthesis|[silent]\n|switch|p2a: Amoonguss|Amoonguss, L50, F|100\/100\n|switch|p1b: Melenas|Flutter Mane, L50, shiny|100\/100\n|move|p2b: Arcanine|Protect|p2b: Arcanine\n|-singleturn|p2b: Arcanine|Protect\n|move|p1a: Delfin|Jet Punch|p2a: Amoonguss\n|-resisted|p2a: Amoonguss\n|-damage|p2a: Amoonguss|80\/100\n|\n|upkeep\n|turn|4\n|\n|t:|1682637380\n|switch|p1a: Perro|Arcanine, L50, F, tera:Grass|88\/100\n|-ability|p1a: Perro|Intimidate|boost\n|-unboost|p2a: Amoonguss|atk|1\n|-unboost|p2b: Arcanine|atk|1\n|move|p2a: Amoonguss|Rage Powder|p2a: Amoonguss\n|-singleturn|p2a: Amoonguss|move: Rage Powder\n|move|p1b: Melenas|Taunt|p2a: Amoonguss\n|-start|p2a: Amoonguss|move: Taunt\n|move|p2b: Arcanine|Flare Blitz|p1b: Melenas\n|-damage|p1b: Melenas|45\/100\n|-status|p1b: Melenas|brn\n|-damage|p2b: Arcanine|87\/100|[from] Recoil\n|\n|-damage|p1b: Melenas|40\/100 brn|[from] brn\n|upkeep\n|turn|5\n|inactive|jsajsajs has 30 seconds left.\n|inactive|BrilliantAchilles has 30 seconds left.\n|inactive|jsajsajs has 20 seconds left.\n|\n|t:|1682637417\n|switch|p2a: Flutter Mane|Flutter Mane, L50|19\/100\n|move|p1b: Melenas|Protect|p1b: Melenas\n|-singleturn|p1b: Melenas|Protect\n|move|p2b: Arcanine|Will-O-Wisp|p1a: Perro\n|-status|p1a: Perro|brn\n|move|p1a: Perro|Will-O-Wisp|p2a: Flutter Mane\n|-status|p2a: Flutter Mane|brn\n|\n|-damage|p1b: Melenas|34\/100 brn|[from] brn\n|-damage|p2a: Flutter Mane|14\/100 brn|[from] brn\n|-damage|p1a: Perro|82\/100 brn|[from] brn\n|upkeep\n|turn|6\n|\n|t:|1682637435\n|-end|p1b: Melenas|Protosynthesis|[silent]\n|switch|p1b: Caldero|Ting-Lu, L50|9\/100\n|-ability|p1b: Caldero|Vessel of Ruin\n|switch|p2b: Amoonguss|Amoonguss, L50, F|100\/100\n|move|p1a: Perro|Extreme Speed|p2b: Amoonguss\n|-damage|p2b: Amoonguss|91\/100\n|move|p2a: Flutter Mane|Dazzling Gleam|p1a: Perro|[spread] p1a,p1b\n|-supereffective|p1b: Caldero\n|-damage|p1a: Perro|41\/100 brn\n|-damage|p1b: Caldero|0 fnt\n|-enditem|p1a: Perro|Sitrus Berry|[eat]\n|-heal|p1a: Perro|66\/100 brn|[from] item: Sitrus Berry\n|faint|p1b: Caldero\n|\n|-damage|p2a: Flutter Mane|8\/100 brn|[from] brn\n|-damage|p1a: Perro|61\/100 brn|[from] brn\n|upkeep\n|\n|t:|1682637454\n|switch|p1b: Delfin|Palafin-Hero, L50, M, shiny|26\/100\n|turn|7\n|\n|t:|1682637468\n|-end|p2a: Flutter Mane|Protosynthesis|[silent]\n|switch|p2a: Arcanine|Arcanine, L50, F|87\/100\n|-ability|p2a: Arcanine|Intimidate|boost\n|-unboost|p1a: Perro|atk|1\n|-unboost|p1b: Delfin|atk|1\n|move|p2b: Amoonguss|Protect|p2b: Amoonguss\n|-singleturn|p2b: Amoonguss|Protect\n|move|p1a: Perro|Flare Blitz|p2b: Amoonguss\n|-activate|p2b: Amoonguss|move: Protect\n|move|p1b: Delfin|Wave Crash|p2b: Amoonguss\n|-activate|p2b: Amoonguss|move: Protect\n|\n|-damage|p1a: Perro|55\/100 brn|[from] brn\n|upkeep\n|turn|8\n|inactive|BrilliantAchilles has 30 seconds left.\n|inactive|BrilliantAchilles has 20 seconds left.\n|\n|t:|1682637506\n|move|p1b: Delfin|Protect|p1b: Delfin\n|-singleturn|p1b: Delfin|Protect\n|move|p2a: Arcanine|Extreme Speed|p1b: Delfin\n|-activate|p1b: Delfin|move: Protect\n|move|p2b: Amoonguss|Rage Powder|p2b: Amoonguss\n|-singleturn|p2b: Amoonguss|move: Rage Powder\n|move|p1a: Perro|Flare Blitz|p2b: Amoonguss\n|-supereffective|p2b: Amoonguss\n|-damage|p2b: Amoonguss|65\/100\n|-status|p2b: Amoonguss|brn\n|-damage|p1a: Perro|45\/100 brn|[from] Recoil\n|\n|-damage|p1a: Perro|39\/100 brn|[from] brn\n|-damage|p2b: Amoonguss|59\/100 brn|[from] brn\n|upkeep\n|turn|9\n|\n|t:|1682637529\n|switch|p1b: Melenas|Flutter Mane, L50, shiny|34\/100 brn\n|move|p1a: Perro|Protect|p1a: Perro\n|-singleturn|p1a: Perro|Protect\n|move|p2a: Arcanine|Protect|p2a: Arcanine\n|-singleturn|p2a: Arcanine|Protect\n|move|p2b: Amoonguss|Spore||[still]\n|-fail|p2b: Amoonguss\n|\n|-damage|p1b: Melenas|28\/100 brn|[from] brn\n|-damage|p1a: Perro|33\/100 brn|[from] brn\n|-damage|p2b: Amoonguss|53\/100 brn|[from] brn\n|upkeep\n|turn|10\n|\n|t:|1682637546\n|move|p1a: Perro|Extreme Speed|p2a: Arcanine\n|-damage|p2a: Arcanine|79\/100\n|move|p2b: Amoonguss|Rage Powder|p2b: Amoonguss\n|-singleturn|p2b: Amoonguss|move: Rage Powder\n|move|p1b: Melenas|Shadow Ball|p2b: Amoonguss\n|-damage|p2b: Amoonguss|5\/100 brn\n|-unboost|p2b: Amoonguss|spd|1\n|-enditem|p2b: Amoonguss|Sitrus Berry|[eat]\n|-heal|p2b: Amoonguss|30\/100 brn|[from] item: Sitrus Berry\n|-damage|p1b: Melenas|19\/100 brn|[from] item: Life Orb\n|move|p2a: Arcanine|Flare Blitz|p1a: Perro\n|-supereffective|p1a: Perro\n|-damage|p1a: Perro|0 fnt\n|faint|p1a: Perro\n|-damage|p2a: Arcanine|69\/100|[from] Recoil\n|\n|-damage|p1b: Melenas|13\/100 brn|[from] brn\n|-damage|p2b: Amoonguss|25\/100 brn|[from] brn\n|upkeep\n|\n|t:|1682637563\n|switch|p1a: Delfin|Palafin-Hero, L50, M, shiny|26\/100\n|turn|11\n|\n|t:|1682637573\n|switch|p2b: Flutter Mane|Flutter Mane, L50|8\/100 brn\n|move|p2a: Arcanine|Protect|p2a: Arcanine\n|-singleturn|p2a: Arcanine|Protect\n|move|p1a: Delfin|Jet Punch|p2a: Arcanine\n|-activate|p2a: Arcanine|move: Protect\n|move|p1b: Melenas|Shadow Ball|p2b: Flutter Mane\n|-supereffective|p2b: Flutter Mane\n|-damage|p2b: Flutter Mane|0 fnt\n|faint|p2b: Flutter Mane\n|-end|p2b: Flutter Mane|Protosynthesis|[silent]\n|-damage|p1b: Melenas|3\/100 brn|[from] item: Life Orb\n|\n|-damage|p1b: Melenas|0 fnt|[from] brn\n|faint|p1b: Melenas\n|-end|p1b: Melenas|Protosynthesis|[silent]\n|upkeep\n|\n|t:|1682637587\n|switch|p2b: Amoonguss|Amoonguss, L50, F|58\/100 brn\n|turn|12\n|\n|t:|1682637594\n|move|p2a: Arcanine|Extreme Speed|p1a: Delfin\n|-damage|p1a: Delfin|6\/100\n|move|p1a: Delfin|Jet Punch|p2a: Arcanine\n|-supereffective|p2a: Arcanine\n|-damage|p2a: Arcanine|0 fnt\n|faint|p2a: Arcanine\n|move|p2b: Amoonguss|Spore|p1a: Delfin\n|-status|p1a: Delfin|slp|[from] move: Spore\n|\n|-damage|p2b: Amoonguss|52\/100 brn|[from] brn\n|upkeep\n|c|\u2606jsajsajs|gg\n|\n|t:|1682637604\n|switch|p2a: Palafin|Palafin-Hero, L50, F, tera:Water|80\/100\n|-activate|p2a: Palafin|ability: Zero to Hero\n|turn|13\n|c|\u2606BrilliantAchilles|gg\n|\n|t:|1682637613\n|move|p2b: Amoonguss|Rage Powder|p2b: Amoonguss\n|-singleturn|p2b: Amoonguss|move: Rage Powder\n|move|p2a: Palafin|Jet Punch|p1a: Delfin\n|-resisted|p1a: Delfin\n|-damage|p1a: Delfin|0 fnt\n|faint|p1a: Delfin\n|\n|win|BrilliantAchilles\n|raw|jsajsajs's rating: 1388 → 1369<\/strong> (-19 for losing)\n|raw|BrilliantAchilles's rating: 1407 → 1426<\/strong> (+19 for winning)\n|l|\u2606BrilliantAchilles\n","uploadtime":1682637630,"views":8,"p1id":"jsajsajs","p2id":"brilliantachilles","formatid":"gen9vgc2023regulationc","rating":1369,"private":0,"password":""}