{"id":"gen9vgc2023regulationc-1855189015","p1":"bitgwangchae224","p2":"leafyarrow","format":"[Gen 9] VGC 2023 Regulation C","log":"|j|\u2606bitgwangchae224\n|j|\u2606leafyarrow\n|t:|1682912563\n|gametype|doubles\n|player|p1|bitgwangchae224|idol|1375\n|player|p2|leafyarrow|leaf-gen3|1302\n|teamsize|p1|6\n|teamsize|p2|6\n|gen|9\n|tier|[Gen 9] VGC 2023 Regulation C\n|rated|\n|rule|Species Clause: Limit one of each Pok\u00e9mon\n|rule|Item Clause: Limit one of each item\n|clearpoke\n|poke|p1|Flutter Mane, L50|\n|poke|p1|Chi-Yu, L50|\n|poke|p1|Dragonite, L50, F|\n|poke|p1|Dondozo, L50, F|\n|poke|p1|Tatsugiri-Stretchy, L50, F|\n|poke|p1|Glimmora, L50, M|\n|poke|p2|Flutter Mane, L50|\n|poke|p2|Palafin, L50, M|\n|poke|p2|Amoonguss, L50, F|\n|poke|p2|Ting-Lu, L50|\n|poke|p2|Arcanine, L50, F|\n|poke|p2|Kingambit, L50, F|\n|teampreview|4\nleafyarrow has agreed to open team sheets.\n|\n|t:|1682912603\n|start\n|switch|p1a: Glimmora|Glimmora, L50, M|100\/100\n|switch|p1b: Dondozo|Dondozo, L50, F|100\/100\n|switch|p2a: Arcanine|Arcanine, L50, F|100\/100\n|switch|p2b: Flutter Mane|Flutter Mane, L50|100\/100\n|-ability|p2a: Arcanine|Intimidate|boost\n|-unboost|p1a: Glimmora|atk|1\n|-unboost|p1b: Dondozo|atk|1\n|turn|1\n|\n|t:|1682912641\n|-end|p2b: Flutter Mane|Protosynthesis|[silent]\n|switch|p2b: Amoonguss|Amoonguss, L50, F|100\/100\n|move|p1b: Dondozo|Protect|p1b: Dondozo\n|-singleturn|p1b: Dondozo|Protect\n|move|p1a: Glimmora|Power Gem|p2a: Arcanine\n|-supereffective|p2a: Arcanine\n|-damage|p2a: Arcanine|17\/100\n|move|p2a: Arcanine|Will-O-Wisp|p1b: Dondozo\n|-activate|p1b: Dondozo|move: Protect\n|\n|upkeep\n|turn|2\n|\n|t:|1682912672\n|switch|p2a: Ting-Lu|Ting-Lu, L50|100\/100\n|-ability|p2a: Ting-Lu|Vessel of Ruin\n|-terastallize|p1b: Dondozo|Grass\n|move|p1a: Glimmora|Power Gem|p2a: Ting-Lu\n|-resisted|p2a: Ting-Lu\n|-damage|p2a: Ting-Lu|93\/100\n|move|p1b: Dondozo|Yawn|p2b: Amoonguss\n|-start|p2b: Amoonguss|move: Yawn|[of] p1b: Dondozo\n|move|p2b: Amoonguss|Pollen Puff|p2a: Ting-Lu\n|-heal|p2a: Ting-Lu|100\/100\n|\n|upkeep\n|turn|3\n|\n|t:|1682912736\n|move|p1a: Glimmora|Toxic|p2a: Ting-Lu\n|-status|p2a: Ting-Lu|tox\n|move|p2a: Ting-Lu|Stomping Tantrum|p1a: Glimmora\n|-supereffective|p1a: Glimmora\n|-enditem|p1a: Glimmora|Focus Sash\n|-damage|p1a: Glimmora|1\/100\n|-activate|p1a: Glimmora|ability: Toxic Debris\n|-sidestart|p2: leafyarrow|move: Toxic Spikes\n|move|p1b: Dondozo|Wave Crash|p2b: Amoonguss\n|-resisted|p2b: Amoonguss\n|-damage|p2b: Amoonguss|90\/100\n|-damage|p1b: Dondozo|97\/100|[from] Recoil\n|move|p2b: Amoonguss|Pollen Puff|p1a: Glimmora\n|-resisted|p1a: Glimmora\n|-damage|p1a: Glimmora|0 fnt\n|faint|p1a: Glimmora\n|\n|-damage|p2a: Ting-Lu|94\/100 tox|[from] psn\n|-end|p2b: Amoonguss|move: Yawn|[silent]\n|-status|p2b: Amoonguss|slp\n|upkeep\n|\n|t:|1682912754\n|switch|p1a: Flutter Mane|Flutter Mane, L50|100\/100\n|-enditem|p1a: Flutter Mane|Booster Energy\n|-activate|p1a: Flutter Mane|ability: Protosynthesis|[fromitem]\n|-start|p1a: Flutter Mane|protosynthesisspe\n|turn|4\n|\n|t:|1682912788\n|cant|p2b: Amoonguss|slp\n|move|p1a: Flutter Mane|Substitute|p1a: Flutter Mane\n|-start|p1a: Flutter Mane|Substitute\n|-damage|p1a: Flutter Mane|76\/100\n|move|p2a: Ting-Lu|Heavy Slam|p1a: Flutter Mane\n|-supereffective|p1a: Flutter Mane\n|-end|p1a: Flutter Mane|Substitute\n|move|p1b: Dondozo|Wave Crash|p2a: Ting-Lu\n|-supereffective|p2a: Ting-Lu\n|-damage|p2a: Ting-Lu|66\/100 tox\n|-damage|p1b: Dondozo|88\/100|[from] Recoil\n|\n|-damage|p2a: Ting-Lu|54\/100 tox|[from] psn\n|upkeep\n|turn|5\n|\n|t:|1682912809\n|move|p1a: Flutter Mane|Protect|p1a: Flutter Mane\n|-singleturn|p1a: Flutter Mane|Protect\n|cant|p2b: Amoonguss|slp\n|move|p2a: Ting-Lu|Heavy Slam|p1a: Flutter Mane\n|-activate|p1a: Flutter Mane|move: Protect\n|move|p1b: Dondozo|Bulldoze|p2a: Ting-Lu|[spread] p2a,p2b\n|-activate|p1a: Flutter Mane|move: Protect\n|-damage|p2a: Ting-Lu|50\/100 tox\n|-damage|p2b: Amoonguss|83\/100 slp\n|-unboost|p2a: Ting-Lu|spe|1\n|-unboost|p2b: Amoonguss|spe|1\n|\n|-damage|p2a: Ting-Lu|32\/100 tox|[from] psn\n|upkeep\n|turn|6\n|\n|t:|1682912833\n|move|p1a: Flutter Mane|Substitute|p1a: Flutter Mane\n|-start|p1a: Flutter Mane|Substitute\n|-damage|p1a: Flutter Mane|51\/100\n|move|p1b: Dondozo|Wave Crash|p2a: Ting-Lu\n|-supereffective|p2a: Ting-Lu\n|-damage|p2a: Ting-Lu|1\/100 tox\n|-damage|p1b: Dondozo|78\/100|[from] Recoil\n|move|p2a: Ting-Lu|Heavy Slam|p1a: Flutter Mane\n|-supereffective|p1a: Flutter Mane\n|-end|p1a: Flutter Mane|Substitute\n|cant|p2b: Amoonguss|slp\n|\n|-damage|p2a: Ting-Lu|0 fnt|[from] psn\n|faint|p2a: Ting-Lu\n|upkeep\n|\n|t:|1682912853\n|switch|p2a: Flutter Mane|Flutter Mane, L50|100\/100\n|-status|p2a: Flutter Mane|psn\n|turn|7\n|\n|t:|1682912870\n|switch|p1b: Tatsugiri|Tatsugiri-Stretchy, L50, F|100\/100\n|-curestatus|p2b: Amoonguss|slp|[msg]\n|move|p2b: Amoonguss|Rage Powder|p2b: Amoonguss\n|-singleturn|p2b: Amoonguss|move: Rage Powder\n|move|p1a: Flutter Mane|Hex|p2b: Amoonguss\n|-damage|p2b: Amoonguss|51\/100\n|move|p2a: Flutter Mane|Moonblast|p1b: Tatsugiri\n|-supereffective|p1b: Tatsugiri\n|-damage|p1b: Tatsugiri|0 fnt\n|faint|p1b: Tatsugiri\n|\n|-damage|p2a: Flutter Mane|89\/100 psn|[from] psn\n|upkeep\n|\n|t:|1682912884\n|switch|p1b: Dondozo|Dondozo, L50, F, tera:Grass|78\/100\n|turn|8\n|\n|t:|1682912908\n|move|p1a: Flutter Mane|Protect|p1a: Flutter Mane\n|-singleturn|p1a: Flutter Mane|Protect\n|move|p2b: Amoonguss|Rage Powder|p2b: Amoonguss\n|-singleturn|p2b: Amoonguss|move: Rage Powder\n|move|p2a: Flutter Mane|Moonblast|p1a: Flutter Mane\n|-activate|p1a: Flutter Mane|move: Protect\n|move|p1b: Dondozo|Bulldoze|p2b: Amoonguss|[spread] p2a,p2b\n|-activate|p1a: Flutter Mane|move: Protect\n|-damage|p2a: Flutter Mane|68\/100 psn\n|-damage|p2b: Amoonguss|43\/100\n|-unboost|p2a: Flutter Mane|spe|1\n|-unboost|p2b: Amoonguss|spe|1\n|-enditem|p2b: Amoonguss|Sitrus Berry|[eat]\n|-heal|p2b: Amoonguss|68\/100|[from] item: Sitrus Berry\n|\n|-damage|p2a: Flutter Mane|56\/100 psn|[from] psn\n|upkeep\n|turn|9\n|\n|t:|1682912923\n|move|p2b: Amoonguss|Rage Powder|p2b: Amoonguss\n|-singleturn|p2b: Amoonguss|move: Rage Powder\n|move|p1a: Flutter Mane|Substitute|p1a: Flutter Mane\n|-start|p1a: Flutter Mane|Substitute\n|-damage|p1a: Flutter Mane|26\/100\n|move|p2a: Flutter Mane|Moonblast|p1a: Flutter Mane\n|-end|p1a: Flutter Mane|Substitute\n|move|p1b: Dondozo|Yawn|p2b: Amoonguss\n|-start|p2b: Amoonguss|move: Yawn|[of] p1b: Dondozo\n|\n|-damage|p2a: Flutter Mane|45\/100 psn|[from] psn\n|upkeep\n|turn|10\n|\n|t:|1682912942\n|switch|p2b: Arcanine|Arcanine, L50, F|17\/100\n|-status|p2b: Arcanine|psn\n|-ability|p2b: Arcanine|Intimidate|boost\n|-unboost|p1a: Flutter Mane|atk|1\n|-unboost|p1b: Dondozo|atk|1\n|move|p1a: Flutter Mane|Protect|p1a: Flutter Mane\n|-singleturn|p1a: Flutter Mane|Protect\n|move|p2a: Flutter Mane|Moonblast|p1b: Dondozo\n|-damage|p1b: Dondozo|28\/100\n|-unboost|p1b: Dondozo|spa|1\n|-enditem|p1b: Dondozo|Sitrus Berry|[eat]\n|-heal|p1b: Dondozo|53\/100|[from] item: Sitrus Berry\n|move|p1b: Dondozo|Wave Crash|p2a: Flutter Mane\n|-damage|p2a: Flutter Mane|0 fnt\n|faint|p2a: Flutter Mane\n|-end|p2a: Flutter Mane|Protosynthesis|[silent]\n|-damage|p1b: Dondozo|45\/100|[from] Recoil\n|\n|-damage|p2b: Arcanine|5\/100 psn|[from] psn\n|upkeep\n|\n|t:|1682912959\n|switch|p2a: Amoonguss|Amoonguss, L50, F|100\/100\n|-sideend|p2: leafyarrow|move: Toxic Spikes|[of] p2a: Amoonguss\n|turn|11\n|\n|t:|1682912972\n|move|p2a: Amoonguss|Rage Powder|p2a: Amoonguss\n|-singleturn|p2a: Amoonguss|move: Rage Powder\n|move|p1a: Flutter Mane|Hex|p2a: Amoonguss\n|-damage|p2a: Amoonguss|71\/100\n|move|p2b: Arcanine|Flare Blitz|p1a: Flutter Mane\n|-damage|p1a: Flutter Mane|0 fnt\n|faint|p1a: Flutter Mane\n|-end|p1a: Flutter Mane|Protosynthesis|[silent]\n|-damage|p2b: Arcanine|0 fnt|[from] Recoil\n|faint|p2b: Arcanine\n|move|p1b: Dondozo|Yawn|p2a: Amoonguss\n|-start|p2a: Amoonguss|move: Yawn|[of] p1b: Dondozo\n|\n|upkeep\n|turn|12\n|-message|bitgwangchae224 forfeited.\n|\n|win|leafyarrow\n|raw|bitgwangchae224's rating: 1375 → 1351<\/strong> (-24 for losing)\n|raw|leafyarrow's rating: 1302 → 1326<\/strong> (+24 for winning)\n|l|\u2606bitgwangchae224\n","uploadtime":1682912987,"views":18,"p1id":"bitgwangchae224","p2id":"leafyarrow","formatid":"gen9vgc2023regulationc","rating":1326,"private":0,"password":""}