{"id":"gen9vgc2023regulationc-1852410947","p1":"Chris Thorndyke","p2":"ghostyboyy97","format":"[Gen 9] VGC 2023 Regulation C","log":"|j|\u2606Chris Thorndyke\n|j|\u2606ghostyboyy97\n|t:|1682554264\n|gametype|doubles\n|player|p1|Chris Thorndyke|schoolkid|1154\n|player|p2|ghostyboyy97|cameraman|1190\n|teamsize|p1|6\n|teamsize|p2|6\n|gen|9\n|tier|[Gen 9] VGC 2023 Regulation C\n|rated|\n|rule|Species Clause: Limit one of each Pok\u00e9mon\n|rule|Item Clause: Limit one of each item\n|clearpoke\n|poke|p1|Flutter Mane, L50|\n|poke|p1|Iron Bundle, L50|\n|poke|p1|Amoonguss, L50, M|\n|poke|p1|Hydreigon, L50, F|\n|poke|p1|Gyarados, L50, M|\n|poke|p1|Chi-Yu, L50|\n|poke|p2|Gastrodon, L50, F|\n|poke|p2|Ceruledge, L50, M|\n|poke|p2|Glimmora, L50, F|\n|poke|p2|Grimmsnarl, L50, M|\n|poke|p2|Iron Hands, L50|\n|poke|p2|Wo-Chien, L50|\n|teampreview|4\n|inactive|Battle timer is ON: inactive players will automatically lose when time's up. (requested by ghostyboyy97)\nghostyboyy97 has agreed to open team sheets.\nChris Thorndyke has agreed to open team sheets.\n|c|\u2606ghostyboyy97|glhf\n|inactive|Chris Thorndyke has 60 seconds left.\n|inactive|ghostyboyy97 has 60 seconds left.\n|inactive|ghostyboyy97 has 30 seconds left.\n|\n|t:|1682554328\n|start\n|switch|p1a: Gyarados|Gyarados, L50, M|100\/100\n|switch|p1b: Flutter Mane|Flutter Mane, L50, shiny|100\/100\n|switch|p2a: Grimmsnarl|Grimmsnarl, L50, M|100\/100\n|switch|p2b: Wo-Chien|Wo-Chien, L50|100\/100\n|-ability|p1a: Gyarados|Intimidate|boost\n|-unboost|p2a: Grimmsnarl|atk|1\n|-unboost|p2b: Wo-Chien|atk|1\n|-ability|p2b: Wo-Chien|Tablets of Ruin\n|-enditem|p1b: Flutter Mane|Booster Energy\n|-activate|p1b: Flutter Mane|ability: Protosynthesis|[fromitem]\n|-start|p1b: Flutter Mane|protosynthesisspa\n|turn|1\n|c|\u2606Chris Thorndyke|u2\n|inactive|Chris Thorndyke has 30 seconds left.\n|inactive|ghostyboyy97 has 30 seconds left.\n|inactive|Chris Thorndyke has 20 seconds left.\n|inactive|Chris Thorndyke has 15 seconds left.\n|inactive|Chris Thorndyke has 10 seconds left.\n|\n|t:|1682554376\n|-terastallize|p2b: Wo-Chien|Poison\n|move|p2a: Grimmsnarl|Light Screen|p2a: Grimmsnarl\n|-sidestart|p2: ghostyboyy97|move: Light Screen\n|move|p1b: Flutter Mane|Moonblast|p2a: Grimmsnarl\n|-supereffective|p2a: Grimmsnarl\n|-damage|p2a: Grimmsnarl|21\/100\n|move|p1a: Gyarados|Dragon Dance|p1a: Gyarados\n|-boost|p1a: Gyarados|atk|1\n|-boost|p1a: Gyarados|spe|1\n|move|p2b: Wo-Chien|Leech Seed|p1b: Flutter Mane\n|-start|p1b: Flutter Mane|move: Leech Seed\n|\n|-damage|p1b: Flutter Mane|88\/100|[from] Leech Seed|[of] p2b: Wo-Chien\n|upkeep\n|turn|2\n|inactive|Chris Thorndyke has 30 seconds left.\n|\n|t:|1682554405\n|move|p2a: Grimmsnarl|Reflect|p2a: Grimmsnarl\n|-sidestart|p2: ghostyboyy97|Reflect\n|move|p1a: Gyarados|Waterfall|p2b: Wo-Chien\n|-damage|p2b: Wo-Chien|72\/100\n|-damage|p1a: Gyarados|84\/100|[from] item: Rocky Helmet|[of] p2b: Wo-Chien\n|move|p1b: Flutter Mane|Shadow Ball|p2b: Wo-Chien\n|-damage|p2b: Wo-Chien|53\/100\n|move|p2b: Wo-Chien|Leech Seed|p1a: Gyarados\n|-start|p1a: Gyarados|move: Leech Seed\n|\n|-damage|p1a: Gyarados|72\/100|[from] Leech Seed|[of] p2b: Wo-Chien\n|-heal|p2b: Wo-Chien|64\/100|[silent]\n|-damage|p1b: Flutter Mane|76\/100|[from] Leech Seed|[of] p2b: Wo-Chien\n|-heal|p2b: Wo-Chien|74\/100|[silent]\n|upkeep\n|turn|3\n|\n|t:|1682554427\n|move|p2b: Wo-Chien|Protect|p2b: Wo-Chien\n|-singleturn|p2b: Wo-Chien|Protect\n|move|p1a: Gyarados|Waterfall|p2b: Wo-Chien\n|-activate|p2b: Wo-Chien|move: Protect\n|move|p1b: Flutter Mane|Dazzling Gleam|p2b: Wo-Chien|[spread] p2a\n|-activate|p2b: Wo-Chien|move: Protect\n|-supereffective|p2a: Grimmsnarl\n|-damage|p2a: Grimmsnarl|0 fnt\n|faint|p2a: Grimmsnarl\n|\n|-damage|p1a: Gyarados|59\/100|[from] Leech Seed|[of] p2b: Wo-Chien\n|-heal|p2b: Wo-Chien|85\/100|[silent]\n|-damage|p1b: Flutter Mane|64\/100|[from] Leech Seed|[of] p2b: Wo-Chien\n|-heal|p2b: Wo-Chien|95\/100|[silent]\n|upkeep\n|\n|t:|1682554444\n|switch|p2a: Ceruledge|Ceruledge, L50, M|100\/100\n|turn|4\n|\n|t:|1682554457\n|move|p2a: Ceruledge|Protect|p2a: Ceruledge\n|-singleturn|p2a: Ceruledge|Protect\n|move|p1a: Gyarados|Waterfall|p2a: Ceruledge\n|-activate|p2a: Ceruledge|move: Protect\n|move|p1b: Flutter Mane|Shadow Ball|p2b: Wo-Chien\n|-damage|p2b: Wo-Chien|75\/100\n|move|p2b: Wo-Chien|Giga Drain|p1b: Flutter Mane\n|-damage|p1b: Flutter Mane|43\/100\n|-heal|p2b: Wo-Chien|84\/100|[from] drain|[of] p1b: Flutter Mane\n|\n|-damage|p1a: Gyarados|47\/100|[from] Leech Seed|[of] p2b: Wo-Chien\n|-heal|p2b: Wo-Chien|95\/100|[silent]\n|-damage|p1b: Flutter Mane|31\/100|[from] Leech Seed|[of] p2b: Wo-Chien\n|-heal|p2b: Wo-Chien|100\/100|[silent]\n|upkeep\n|turn|5\n|inactive|ghostyboyy97 has 30 seconds left.\n|\n|t:|1682554484\n|switch|p2a: Iron Hands|Iron Hands, L50|100\/100\n|move|p1a: Gyarados|Waterfall|p2a: Iron Hands\n|-damage|p2a: Iron Hands|80\/100\n|move|p1b: Flutter Mane|Shadow Ball|p2a: Iron Hands\n|-damage|p2a: Iron Hands|63\/100\n|move|p2b: Wo-Chien|Giga Drain|p1b: Flutter Mane\n|-damage|p1b: Flutter Mane|7\/100\n|\n|-damage|p1a: Gyarados|35\/100|[from] Leech Seed|[of] p2b: Wo-Chien\n|-damage|p1b: Flutter Mane|0 fnt|[from] Leech Seed|[of] p2b: Wo-Chien\n|faint|p1b: Flutter Mane\n|-end|p1b: Flutter Mane|Protosynthesis|[silent]\n|upkeep\n|\n|t:|1682554498\n|switch|p1b: Chi-Yu|Chi-Yu, L50|100\/100\n|-ability|p1b: Chi-Yu|Beads of Ruin\n|turn|6\n|inactive|Chris Thorndyke has 30 seconds left.\n|\n|t:|1682554527\n|switch|p1a: Hydreigon|Hydreigon, L50, F|100\/100\n|move|p2a: Iron Hands|Fake Out|p1b: Chi-Yu\n|-damage|p1b: Chi-Yu|81\/100\n|cant|p1b: Chi-Yu|flinch\n|move|p2b: Wo-Chien|Leech Seed|p1b: Chi-Yu|[miss]\n|-miss|p2b: Wo-Chien|p1b: Chi-Yu\n|\n|upkeep\n|turn|7\n|inactive|Chris Thorndyke has 30 seconds left.\n|\n|t:|1682554556\n|move|p2b: Wo-Chien|Protect|p2b: Wo-Chien\n|-singleturn|p2b: Wo-Chien|Protect\n|move|p1b: Chi-Yu|Psychic|p2a: Iron Hands\n|-supereffective|p2a: Iron Hands\n|-damage|p2a: Iron Hands|16\/100\n|move|p1a: Hydreigon|Draco Meteor|p2a: Iron Hands\n|-damage|p2a: Iron Hands|0 fnt\n|-unboost|p1a: Hydreigon|spa|2\n|faint|p2a: Iron Hands\n|-end|p2a: Iron Hands|Quark Drive|[silent]\n|\n|upkeep\n|\n|t:|1682554565\n|switch|p2a: Ceruledge|Ceruledge, L50, M|100\/100\n|turn|8\n|inactive|Chris Thorndyke has 30 seconds left.\n|inactive|ghostyboyy97 has 30 seconds left.\n|\n|t:|1682554597\n|move|p1b: Chi-Yu|Psychic|p2b: Wo-Chien\n|-supereffective|p2b: Wo-Chien\n|-damage|p2b: Wo-Chien|51\/100\n|move|p1a: Hydreigon|Focus Energy|p1a: Hydreigon\n|-start|p1a: Hydreigon|move: Focus Energy\n|move|p2a: Ceruledge|Bulk Up|p2a: Ceruledge\n|-boost|p2a: Ceruledge|atk|1\n|-boost|p2a: Ceruledge|def|1\n|move|p2b: Wo-Chien|Giga Drain|p1a: Hydreigon\n|-resisted|p1a: Hydreigon\n|-damage|p1a: Hydreigon|81\/100\n|-heal|p2b: Wo-Chien|59\/100|[from] drain|[of] p1a: Hydreigon\n|\n|-sideend|p2: ghostyboyy97|move: Light Screen\n|upkeep\n|turn|9\n|\n|t:|1682554611\n|move|p2b: Wo-Chien|Protect|p2b: Wo-Chien\n|-singleturn|p2b: Wo-Chien|Protect\n|move|p1b: Chi-Yu|Psychic|p2b: Wo-Chien\n|-activate|p2b: Wo-Chien|move: Protect\n|move|p1a: Hydreigon|Dark Pulse|p2a: Ceruledge\n|-supereffective|p2a: Ceruledge\n|-crit|p2a: Ceruledge\n|-damage|p2a: Ceruledge|0 fnt\n|faint|p2a: Ceruledge\n|\n|-sideend|p2: ghostyboyy97|Reflect\n|upkeep\n|turn|10\n|\n|t:|1682554627\n|move|p1b: Chi-Yu|Psychic|p2b: Wo-Chien\n|-supereffective|p2b: Wo-Chien\n|-damage|p2b: Wo-Chien|0 fnt\n|faint|p2b: Wo-Chien\n|\n|win|Chris Thorndyke\n|raw|Chris Thorndyke's rating: 1154 → 1182<\/strong> (+28 for winning)\n|raw|ghostyboyy97's rating: 1190 → 1162<\/strong> (-28 for losing)\n|c|\u2606ghostyboyy97|ggwp\n|c|\u2606Chris Thorndyke|gg\n","uploadtime":1682554633,"views":12,"p1id":"christhorndyke","p2id":"ghostyboyy97","formatid":"gen9vgc2023regulationc","rating":1162,"private":0,"password":""}