{"id":"gen9vgc2023regulationc-1847479988","p1":"foiledfeline","p2":"ThickSip","format":"[Gen 9] VGC 2023 Regulation C","log":"|j|\u2606foiledfeline\n|j|\u2606ThickSip\n|t:|1681960342\n|gametype|doubles\n|player|p1|foiledfeline|steven|1260\n|player|p2|ThickSip|medium|1289\n|teamsize|p1|6\n|teamsize|p2|6\n|gen|9\n|tier|[Gen 9] VGC 2023 Regulation C\n|rated|\n|rule|Species Clause: Limit one of each Pok\u00e9mon\n|rule|Item Clause: Limit one of each item\n|clearpoke\n|poke|p1|Flutter Mane, L50|\n|poke|p1|Talonflame, L50, M|\n|poke|p1|Baxcalibur, L50, M|\n|poke|p1|Ting-Lu, L50|\n|poke|p1|Gyarados, L50, F|\n|poke|p1|Breloom, L50, F|\n|poke|p2|Arcanine, L50, M|\n|poke|p2|Dragonite, L50, M|\n|poke|p2|Flutter Mane, L50|\n|poke|p2|Iron Bundle, L50|\n|poke|p2|Chien-Pao, L50|\n|poke|p2|Iron Hands, L50|\n|teampreview|4\n|inactive|Battle timer is ON: inactive players will automatically lose when time's up. (requested by ThickSip)\nfoiledfeline has agreed to open team sheets.\n|inactive|foiledfeline has 60 seconds left.\n|inactive|ThickSip has 60 seconds left.\n|\n|t:|1681960386\n|start\n|switch|p1a: Flutter Mane|Flutter Mane, L50|100\/100\n|switch|p1b: Talonflame|Talonflame, L50, M|100\/100\n|switch|p2a: Ho ho ho|Iron Bundle, L50|100\/100\n|switch|p2b: Iron Handjob|Iron Hands, L50|100\/100\n|-enditem|p2a: Ho ho ho|Booster Energy\n|-activate|p2a: Ho ho ho|ability: Quark Drive|[fromitem]\n|-start|p2a: Ho ho ho|quarkdrivespe\n|-enditem|p1a: Flutter Mane|Booster Energy\n|-activate|p1a: Flutter Mane|ability: Protosynthesis|[fromitem]\n|-start|p1a: Flutter Mane|protosynthesisspa\n|turn|1\n|inactive|ThickSip has 30 seconds left.\n|\n|t:|1681960417\n|move|p2b: Iron Handjob|Fake Out|p1b: Talonflame\n|-damage|p1b: Talonflame|78\/100\n|move|p2a: Ho ho ho|Hydro Pump|p1b: Talonflame\n|-supereffective|p1b: Talonflame\n|-damage|p1b: Talonflame|0 fnt\n|faint|p1b: Talonflame\n|move|p1a: Flutter Mane|Moonblast|p2a: Ho ho ho\n|-damage|p2a: Ho ho ho|0 fnt\n|faint|p2a: Ho ho ho\n|-end|p2a: Ho ho ho|Quark Drive|[silent]\n|\n|upkeep\n|\n|t:|1681960437\n|switch|p2a: Weavile 2.0|Chien-Pao, L50|100\/100\n|switch|p1b: Ting-Lu|Ting-Lu, L50|100\/100\n|-ability|p2a: Weavile 2.0|Sword of Ruin\n|-ability|p1b: Ting-Lu|Vessel of Ruin\n|turn|2\n|\n|t:|1681960449\n|-terastallize|p1b: Ting-Lu|Poison\n|move|p2a: Weavile 2.0|Protect|p2a: Weavile 2.0\n|-singleturn|p2a: Weavile 2.0|Protect\n|move|p1a: Flutter Mane|Protect|p1a: Flutter Mane\n|-singleturn|p1a: Flutter Mane|Protect\n|move|p2b: Iron Handjob|Wild Charge|p1a: Flutter Mane\n|-activate|p1a: Flutter Mane|move: Protect\n|move|p1b: Ting-Lu|Earthquake|p2a: Weavile 2.0|[spread] p2b\n|-activate|p1a: Flutter Mane|move: Protect\n|-activate|p2a: Weavile 2.0|move: Protect\n|-supereffective|p2b: Iron Handjob\n|-damage|p2b: Iron Handjob|28\/100\n|\n|upkeep\n|turn|3\n|\n|t:|1681960473\n|-end|p2b: Iron Handjob|Quark Drive|[silent]\n|switch|p2b: Covid (+)|Dragonite, L50, M, shiny|100\/100\n|move|p2a: Weavile 2.0|Throat Chop|p1a: Flutter Mane\n|-damage|p1a: Flutter Mane|31\/100\n|-start|p1a: Flutter Mane|Throat Chop|[silent]\n|move|p1a: Flutter Mane|Dazzling Gleam|p2a: Weavile 2.0|[spread] p2a,p2b\n|-supereffective|p2a: Weavile 2.0\n|-supereffective|p2b: Covid (+)\n|-damage|p2a: Weavile 2.0|4\/100\n|-damage|p2b: Covid (+)|74\/100\n|move|p1b: Ting-Lu|Heavy Slam|p2a: Weavile 2.0\n|-supereffective|p2a: Weavile 2.0\n|-damage|p2a: Weavile 2.0|0 fnt\n|faint|p2a: Weavile 2.0\n|\n|upkeep\n|\n|t:|1681960483\n|switch|p2a: Iron Handjob|Iron Hands, L50|28\/100\n|turn|4\n|\n|t:|1681960505\n|switch|p1b: Baxcalibur|Baxcalibur, L50, M|100\/100\n|-terastallize|p2b: Covid (+)|Normal\n|move|p2a: Iron Handjob|Fake Out|p1b: Baxcalibur\n|-damage|p1b: Baxcalibur|86\/100\n|move|p1a: Flutter Mane|Moonblast|p2b: Covid (+)\n|-damage|p2b: Covid (+)|19\/100\n|move|p2b: Covid (+)|Stomping Tantrum|p1a: Flutter Mane\n|-damage|p1a: Flutter Mane|0 fnt\n|faint|p1a: Flutter Mane\n|-end|p1a: Flutter Mane|Protosynthesis|[silent]\n|\n|upkeep\n|\n|t:|1681960517\n|switch|p1a: Ting-Lu|Ting-Lu, L50, tera:Poison|100\/100\n|-ability|p1a: Ting-Lu|Vessel of Ruin\n|turn|5\n|\n|t:|1681960524\n|move|p1a: Ting-Lu|Protect|p1a: Ting-Lu\n|-singleturn|p1a: Ting-Lu|Protect\n|move|p1b: Baxcalibur|Earthquake|p2a: Iron Handjob|[spread] p2a,p2b\n|-activate|p1a: Ting-Lu|move: Protect\n|-supereffective|p2a: Iron Handjob\n|-crit|p2b: Covid (+)\n|-damage|p2a: Iron Handjob|0 fnt\n|-damage|p2b: Covid (+)|0 fnt\n|faint|p2a: Iron Handjob\n|-end|p2a: Iron Handjob|Quark Drive|[silent]\n|faint|p2b: Covid (+)\n|\n|win|foiledfeline\n|raw|foiledfeline's rating: 1260 → 1287<\/strong> (+27 for winning)\n|raw|ThickSip's rating: 1289 → 1262<\/strong> (-27 for losing)\n|l|\u2606ThickSip\n","uploadtime":1681960534,"views":6,"p1id":"foiledfeline","p2id":"thicksip","formatid":"gen9vgc2023regulationc","rating":1262,"private":0,"password":""}