{"id":"gen9vgc2023regulationc-1862699796","p1":"PepsLegend","p2":"Sorenjedi","format":"[Gen 9] VGC 2023 Regulation C","log":"|j|\u2606PepsLegend\n|j|\u2606Sorenjedi\n|t:|1683913331\n|gametype|doubles\n|player|p1|PepsLegend|lucas|1000\n|player|p2|Sorenjedi|hiker|1007\n|teamsize|p1|6\n|teamsize|p2|6\n|gen|9\n|tier|[Gen 9] VGC 2023 Regulation C\n|rated|\n|rule|Species Clause: Limit one of each Pok\u00e9mon\n|rule|Item Clause: Limit one of each item\n|clearpoke\n|poke|p1|Pachirisu, L50, F|\n|poke|p1|Garchomp, L50, F|\n|poke|p1|Gardevoir, L50, F|\n|poke|p1|Arcanine, L50, M|\n|poke|p1|Dragonite, L50, M|\n|poke|p1|Kingambit, L50, F|\n|poke|p2|Orthworm, L50, M|\n|poke|p2|Palafin, L50, M|\n|poke|p2|Flamigo, L50, F|\n|poke|p2|Sandy Shocks, L50|\n|poke|p2|Haxorus, L50, M|\n|poke|p2|Noivern, L50, M|\n|teampreview|4\n|\n|t:|1683913342\n|start\n|switch|p1a: Pachirisu|Pachirisu, L50, F, shiny|100\/100\n|switch|p1b: Dragonite|Dragonite, L50, M|100\/100\n|switch|p2a: Palafin|Palafin, L50, M|100\/100\n|switch|p2b: Sandy Shocks|Sandy Shocks, L50|100\/100\n|-enditem|p2b: Sandy Shocks|Booster Energy\n|-activate|p2b: Sandy Shocks|ability: Protosynthesis|[fromitem]\n|-start|p2b: Sandy Shocks|protosynthesisspe\n|turn|1\n|\n|t:|1683913379\n|move|p2b: Sandy Shocks|Stealth Rock|p1a: Pachirisu\n|-sidestart|p1: PepsLegend|move: Stealth Rock\n|move|p2a: Palafin|Flip Turn|p1b: Dragonite\n|-resisted|p1b: Dragonite\n|-damage|p1b: Dragonite|95\/100\n|l|\u2606Sorenjedi\n|player|p2|\n|inactive|Battle timer is ON: inactive players will automatically lose when time's up. (requested by PepsLegend)\n|j|\u2606Sorenjedi\n|inactive|Sorenjedi reconnected and has 70 seconds left.\n|player|p2|Sorenjedi|hiker\n|inactive|Sorenjedi has 60 seconds left.\n|\n|t:|1683913440\n|detailschange|p2a: Palafin|Palafin-Hero, L50, M\n|switch|p2a: Noivern|Noivern, L50, M|100\/100|[from] Flip Turn\n|move|p1a: Pachirisu|Nuzzle|p2a: Noivern\n|-damage|p2a: Noivern|96\/100\n|-status|p2a: Noivern|par\n|move|p1b: Dragonite|Dragon Claw|p2b: Sandy Shocks\n|-damage|p2b: Sandy Shocks|59\/100\n|\n|upkeep\n|turn|2\n|\n|t:|1683913458\n|-terastallize|p1b: Dragonite|Flying\n|move|p2b: Sandy Shocks|Thunder|p1b: Dragonite\n|-supereffective|p1b: Dragonite\n|-damage|p1b: Dragonite|10\/100\n|move|p1a: Pachirisu|Super Fang|p2a: Noivern|[miss]\n|-miss|p1a: Pachirisu|p2a: Noivern\n|move|p1b: Dragonite|Dragon Claw|p2a: Noivern\n|-supereffective|p2a: Noivern\n|-damage|p2a: Noivern|0 fnt\n|faint|p2a: Noivern\n|\n|upkeep\n|\n|t:|1683913469\n|switch|p2a: Palafin|Palafin-Hero, L50, M|100\/100\n|-activate|p2a: Palafin|ability: Zero to Hero\n|turn|3\n|inactive|PepsLegend has 30 seconds left.\n|\n|t:|1683913502\n|move|p1a: Pachirisu|Protect|p1a: Pachirisu\n|-singleturn|p1a: Pachirisu|Protect\n|move|p2a: Palafin|Jet Punch|p1a: Pachirisu\n|-activate|p1a: Pachirisu|move: Protect\n|move|p2b: Sandy Shocks|Discharge|p1a: Pachirisu|[spread] p2a,p1b\n|-activate|p1a: Pachirisu|move: Protect\n|-supereffective|p2a: Palafin\n|-supereffective|p1b: Dragonite\n|-damage|p2a: Palafin|59\/100\n|-damage|p1b: Dragonite|0 fnt\n|-enditem|p2a: Palafin|Weakness Policy\n|-boost|p2a: Palafin|atk|2|[from] item: Weakness Policy\n|-boost|p2a: Palafin|spa|2|[from] item: Weakness Policy\n|faint|p1b: Dragonite\n|\n|upkeep\n|\n|t:|1683913517\n|switch|p1b: Gardevoir|Gardevoir, L50, F, shiny|100\/100\n|-damage|p1b: Gardevoir|88\/100|[from] Stealth Rock\n|turn|4\n|\n|t:|1683913537\n|move|p2a: Palafin|Protect|p2a: Palafin\n|-singleturn|p2a: Palafin|Protect\n|move|p2b: Sandy Shocks|Volt Switch|p1b: Gardevoir\n|-damage|p1b: Gardevoir|54\/100\n|\n|t:|1683913542\n|-end|p2b: Sandy Shocks|Protosynthesis|[silent]\n|switch|p2b: Flamigo|Flamigo, L50, F|100\/100|[from] Volt Switch\n|-copyboost|p2b: Flamigo|p2a: Palafin|[from] ability: Costar\n|move|p1b: Gardevoir|Destiny Bond|p1b: Gardevoir\n|-singlemove|p1b: Gardevoir|Destiny Bond\n|move|p1a: Pachirisu|Nuzzle|p2a: Palafin\n|-activate|p2a: Palafin|move: Protect\n|\n|upkeep\n|turn|5\n|inactive|Sorenjedi has 30 seconds left.\n|\n|t:|1683913571\n|move|p2a: Palafin|Jet Punch|p1a: Pachirisu\n|-damage|p1a: Pachirisu|30\/100\n|move|p2b: Flamigo|Brave Bird|p1b: Gardevoir\n|-damage|p1b: Gardevoir|0 fnt\n|faint|p1b: Gardevoir\n|-activate|p1b: Gardevoir|move: Destiny Bond\n|faint|p2b: Flamigo\n|move|p1a: Pachirisu|Super Fang|p2a: Palafin\n|-damage|p2a: Palafin|30\/100\n|\n|-heal|p1a: Pachirisu|36\/100|[from] item: Leftovers\n|upkeep\n|\n|t:|1683913584\n|switch|p2b: Sandy Shocks|Sandy Shocks, L50|59\/100\n|switch|p1b: Garchomp|Garchomp, L50, F|100\/100\n|-damage|p1b: Garchomp|94\/100|[from] Stealth Rock\n|turn|6\n|\n|t:|1683913605\n|move|p1a: Pachirisu|Helping Hand|p1b: Garchomp\n|-singleturn|p1b: Garchomp|Helping Hand|[of] p1a: Pachirisu\n|move|p2a: Palafin|Jet Punch|p1b: Garchomp\n|-damage|p1b: Garchomp|24\/100\n|-damage|p2a: Palafin|18\/100|[from] ability: Rough Skin|[of] p1b: Garchomp\n|-damage|p2a: Palafin|2\/100|[from] item: Rocky Helmet|[of] p1b: Garchomp\n|move|p1b: Garchomp|Dragon Claw|p2a: Palafin\n|-crit|p2a: Palafin\n|-damage|p2a: Palafin|0 fnt\n|faint|p2a: Palafin\n|move|p2b: Sandy Shocks|Thunder|p1a: Pachirisu\n|-heal|p1a: Pachirisu|61\/100|[from] ability: Volt Absorb|[of] p2b: Sandy Shocks\n|\n|-heal|p1a: Pachirisu|67\/100|[from] item: Leftovers\n|upkeep\n|turn|7\n|\n|t:|1683913627\n|move|p1b: Garchomp|Dragon Claw|p2b: Sandy Shocks\n|-damage|p2b: Sandy Shocks|20\/100\n|move|p2b: Sandy Shocks|Discharge|p1b: Garchomp|[spread] \n|-heal|p1a: Pachirisu|92\/100|[from] ability: Volt Absorb|[of] p2b: Sandy Shocks\n|-immune|p1b: Garchomp\n|move|p1a: Pachirisu|Super Fang|p2b: Sandy Shocks\n|-damage|p2b: Sandy Shocks|10\/100\n|\n|-heal|p1a: Pachirisu|98\/100|[from] item: Leftovers\n|upkeep\n|turn|8\n|-message|Sorenjedi forfeited.\n|\n|win|PepsLegend\n|raw|PepsLegend's rating: 1000 → 1041<\/strong> (+41 for winning)\n|raw|Sorenjedi's rating: 1007 → 1000<\/strong> (-7 for losing)\n|l|\u2606Sorenjedi\n","uploadtime":1683913645,"views":9,"p1id":"pepslegend","p2id":"sorenjedi","formatid":"gen9vgc2023regulationc","rating":1000,"private":0,"password":""}