{"id":"gen9vgc2023regulationc-1854877964","p1":"Haxorus lovers","p2":"lattewave","format":"[Gen 9] VGC 2023 Regulation C","log":"|j|\u2606Haxorus lovers\n|j|\u2606lattewave\n|t:|1682876222\n|gametype|doubles\n|player|p1|Haxorus lovers|riley|1348\n|player|p2|lattewave|169|1409\n|teamsize|p1|6\n|teamsize|p2|6\n|gen|9\n|tier|[Gen 9] VGC 2023 Regulation C\n|rated|\n|rule|Species Clause: Limit one of each Pok\u00e9mon\n|rule|Item Clause: Limit one of each item\n|clearpoke\n|poke|p1|Sandy Shocks, L50|\n|poke|p1|Maushold-Four, L50|\n|poke|p1|Gengar, L50, M|\n|poke|p1|Blissey, L50, F|\n|poke|p1|Chi-Yu, L50|\n|poke|p1|Azumarill, L50, M|\n|poke|p2|Braviary, L50, M|\n|poke|p2|Meowscarada, L50, F|\n|poke|p2|Tinkaton, L50, F|\n|poke|p2|Azumarill, L50, F|\n|poke|p2|Iron Moth, L50|\n|poke|p2|Gardevoir, L50, F|\n|teampreview|4\n|inactive|Battle timer is ON: inactive players will automatically lose when time's up. (requested by lattewave)\nlattewave has agreed to open team sheets.\n|inactive|lattewave has 60 seconds left.\n|c|\u2606Haxorus lovers|l bozo\n|\n|t:|1682876268\n|start\n|switch|p1a: The ground toucher|Sandy Shocks, L50|100\/100\n|switch|p1b: THe nightmare|Gengar, L50, M|100\/100\n|switch|p2a: Braviary|Braviary, L50, M|100\/100\n|switch|p2b: Tinkaton|Tinkaton, L50, F|100\/100\n|-ability|p2b: Tinkaton|Mold Breaker\n|-enditem|p1a: The ground toucher|Booster Energy\n|-activate|p1a: The ground toucher|ability: Protosynthesis|[fromitem]\n|-start|p1a: The ground toucher|protosynthesisspe\n|turn|1\n|c|\u2606Haxorus lovers|L\n|c|\u2606Haxorus lovers|ur bad\n|\n|t:|1682876290\n|move|p2b: Tinkaton|Fake Out|p1a: The ground toucher\n|-damage|p1a: The ground toucher|90\/100\n|cant|p1a: The ground toucher|flinch\n|move|p1b: THe nightmare|Hypnosis|p2a: Braviary|[miss]\n|-miss|p1b: THe nightmare|p2a: Braviary\n|move|p2a: Braviary|Brave Bird|p1b: THe nightmare\n|-enditem|p1b: THe nightmare|Focus Sash\n|-damage|p1b: THe nightmare|1\/100\n|-start|p2a: Braviary|Disable|Brave Bird|[from] ability: Cursed Body|[of] p1b: THe nightmare\n|-damage|p2a: Braviary|79\/100|[from] Recoil\n|\n|upkeep\n|turn|2\n|\n|t:|1682876310\n|switch|p2b: Azumarill|Azumarill, L50, F|100\/100\n|switch|p2a: Meowscarada|Meowscarada, L50, F|100\/100\n|move|p1a: The ground toucher|Gravity|p1a: The ground toucher\n|-fieldstart|move: Gravity\n|move|p1b: THe nightmare|Hypnosis|p2b: Azumarill\n|-status|p2b: Azumarill|slp|[from] move: Hypnosis\n|\n|upkeep\n|turn|3\n|\n|t:|1682876326\n|switch|p2b: Tinkaton|Tinkaton, L50, F|100\/100\n|-ability|p2b: Tinkaton|Mold Breaker\n|-terastallize|p1a: The ground toucher|Grass\n|move|p2a: Meowscarada|Sucker Punch|p1b: THe nightmare\n|-supereffective|p1b: THe nightmare\n|-damage|p1b: THe nightmare|0 fnt\n|faint|p1b: THe nightmare\n|move|p1a: The ground toucher|Zap Cannon|p2b: Tinkaton\n|-damage|p2b: Tinkaton|68\/100\n|-status|p2b: Tinkaton|par\n|\n|upkeep\n|\n|t:|1682876341\n|switch|p1b: The flincheer|Maushold-Four, L50|100\/100\n|turn|4\n|\n|t:|1682876356\n|move|p2a: Meowscarada|Protect|p2a: Meowscarada\n|-singleturn|p2a: Meowscarada|Protect\n|move|p1a: The ground toucher|Zap Cannon|p2a: Meowscarada\n|-activate|p2a: Meowscarada|move: Protect\n|move|p1b: The flincheer|Population Bomb|p2a: Meowscarada\n|-activate|p2a: Meowscarada|move: Protect\n|move|p2b: Tinkaton|Gigaton Hammer|p1b: The flincheer\n|-damage|p1b: The flincheer|8\/100\n|\n|upkeep\n|turn|5\n|\n|t:|1682876370\n|switch|p2b: Braviary|Braviary, L50, M|79\/100\n|move|p2a: Meowscarada|Sucker Punch|p1b: The flincheer\n|-damage|p1b: The flincheer|0 fnt\n|faint|p1b: The flincheer\n|move|p1a: The ground toucher|Earth Power|p2b: Braviary\n|-damage|p2b: Braviary|34\/100\n|\n|upkeep\n|\n|t:|1682876374\n|switch|p1b: the threAT|Blissey, L50, F|100\/100\n|turn|6\n|\n|t:|1682876392\n|-terastallize|p2a: Meowscarada|Grass\n|move|p1a: The ground toucher|Zap Cannon|p2a: Meowscarada\n|-resisted|p2a: Meowscarada\n|-damage|p2a: Meowscarada|56\/100\n|-status|p2a: Meowscarada|par\n|move|p2b: Braviary|Brave Bird|p1a: The ground toucher\n|-supereffective|p1a: The ground toucher\n|-damage|p1a: The ground toucher|0 fnt\n|faint|p1a: The ground toucher\n|-end|p1a: The ground toucher|Protosynthesis|[silent]\n|-damage|p2b: Braviary|7\/100|[from] Recoil\n|cant|p2a: Meowscarada|par\n|move|p1b: the threAT|Blizzard|p2a: Meowscarada|[spread] p2a,p2b\n|-supereffective|p2a: Meowscarada\n|-crit|p2a: Meowscarada\n|-supereffective|p2b: Braviary\n|-damage|p2a: Meowscarada|0 fnt\n|-damage|p2b: Braviary|0 fnt\n|faint|p2a: Meowscarada\n|faint|p2b: Braviary\n|\n|-fieldend|move: Gravity\n|upkeep\n|\n|t:|1682876406\n|switch|p2a: Tinkaton|Tinkaton, L50, F|68\/100 par\n|switch|p2b: Azumarill|Azumarill, L50, F|100\/100 slp\n|-ability|p2a: Tinkaton|Mold Breaker\n|turn|7\n|\n|t:|1682876420\n|cant|p2a: Tinkaton|par\n|move|p1b: the threAT|Fire Blast|p2a: Tinkaton\n|-supereffective|p2a: Tinkaton\n|-damage|p2a: Tinkaton|34\/100 par\n|cant|p2b: Azumarill|slp\n|\n|upkeep\n|turn|8\n|\n|t:|1682876429\n|move|p1b: the threAT|Fire Blast|p2a: Tinkaton\n|-supereffective|p2a: Tinkaton\n|-damage|p2a: Tinkaton|0 fnt\n|faint|p2a: Tinkaton\n|cant|p2b: Azumarill|slp\n|\n|upkeep\n|turn|9\n|\n|t:|1682876435\n|move|p1b: the threAT|Thunder|p2b: Azumarill\n|-supereffective|p2b: Azumarill\n|-damage|p2b: Azumarill|47\/100 slp\n|-curestatus|p2b: Azumarill|slp|[msg]\n|move|p2b: Azumarill|Liquidation|p1b: the threAT\n|-damage|p1b: the threAT|35\/100\n|\n|-heal|p1b: the threAT|41\/100|[from] item: Leftovers\n|upkeep\n|turn|10\n|\n|t:|1682876445\n|move|p1b: the threAT|Thunder|p2b: Azumarill\n|-supereffective|p2b: Azumarill\n|-damage|p2b: Azumarill|0 fnt\n|faint|p2b: Azumarill\n|\n|win|Haxorus lovers\n|raw|Haxorus lovers's rating: 1348 → 1371<\/strong> (+23 for winning)\n|raw|lattewave's rating: 1409 → 1386<\/strong> (-23 for losing)\n|c|\u2606Haxorus lovers|noooooooo\n|c|\u2606Haxorus lovers|no shot\n|c|\u2606Haxorus lovers|1v4\n|c|\u2606lattewave|lol\n|c|\u2606lattewave|grow up loser\n|c|\u2606Haxorus lovers|bro is salty\n|c|\u2606Haxorus lovers|lol\n|c|\u2606Haxorus lovers|ggs\n|c|\u2606lattewave|loser\n|c|\u2606lattewave|youll\n|c|\u2606lattewave|never\n|c|\u2606Haxorus lovers|Bro is toxic\n|c|\u2606lattewave|make it anywheer\n|c|\u2606Haxorus lovers|imagine losing\n|c|\u2606lattewave|bro is gay\n|c|\u2606Haxorus lovers|L\n|c|\u2606lattewave|imagine using such a garbage\n|c|\u2606lattewave|team\n|c|\u2606lattewave|and being proud of hax\n|c|\u2606lattewave|in a close team sheet\n|c|\u2606Haxorus lovers|imagine losing to such a garbage team\n|c|\u2606lattewave|its hax\n|c|\u2606Haxorus lovers|bro getting salty\n|c|\u2606Haxorus lovers|bit toxic\n|c|\u2606lattewave|cts hacker\n|c|\u2606lattewave|no skill\n|c|\u2606Haxorus lovers|Maybe grow up\n|c|\u2606lattewave|all luck\n|c|\u2606Haxorus lovers|its just a game\n|c|\u2606Haxorus lovers|get gud kid\n|c|\u2606Haxorus lovers|blissey solos\n|c|\u2606Haxorus lovers|imagine losing to blissey\n|c|\u2606lattewave|whatever have fun in low ladder\n|c|\u2606lattewave|for the rest of your life\n|l|\u2606lattewave\n|c|\u2606Haxorus lovers|L arent u\n","uploadtime":1682876565,"views":16,"p1id":"haxoruslovers","p2id":"lattewave","formatid":"gen9vgc2023regulationc","rating":1371,"private":0,"password":""}