{"id":"gen9vgc2023regulationc-1863312659","p1":"Songfulprince","p2":"nwaggie","format":"[Gen 9] VGC 2023 Regulation C","log":"|j|\u2606Songfulprince\n|j|\u2606nwaggie\n|t:|1684001196\n|gametype|doubles\n|player|p1|Songfulprince|101|1173\n|player|p2|nwaggie|170|1254\n|teamsize|p1|6\n|teamsize|p2|6\n|gen|9\n|tier|[Gen 9] VGC 2023 Regulation C\n|rated|\n|rule|Species Clause: Limit one of each Pok\u00e9mon\n|rule|Item Clause: Limit one of each item\n|clearpoke\n|poke|p1|Tyranitar, L50, M|\n|poke|p1|Grimmsnarl, L50, M|\n|poke|p1|Amoonguss, L50, F|\n|poke|p1|Gastrodon, L50, F|\n|poke|p1|Annihilape, L50, M|\n|poke|p1|Gholdengo, L50|\n|poke|p2|Tyranitar, L50, F|\n|poke|p2|Ting-Lu, L50|\n|poke|p2|Lycanroc, L50, M|\n|poke|p2|Murkrow, L50, M|\n|poke|p2|Gholdengo, L50|\n|poke|p2|Volcarona, L50, F|\n|teampreview|4\n|inactive|Battle timer is ON: inactive players will automatically lose when time's up. (requested by Songfulprince)\nnwaggie has agreed to open team sheets.\n|inactive|Songfulprince has 60 seconds left.\n|\n|t:|1684001231\n|start\n|switch|p1a: Grimmsnarl|Grimmsnarl, L50, M, shiny|100\/100\n|switch|p1b: Gastrodon|Gastrodon, L50, F|100\/100\n|switch|p2a: Murkrow|Murkrow, L50, M|100\/100\n|switch|p2b: Gholdengo|Gholdengo, L50|100\/100\n|turn|1\n|inactive|Songfulprince has 30 seconds left.\n|\n|t:|1684001259\n|-terastallize|p2b: Gholdengo|Water\n|-terastallize|p1a: Grimmsnarl|Fire\n|move|p2a: Murkrow|Tailwind|p2a: Murkrow\n|-sidestart|p2: nwaggie|move: Tailwind\n|move|p1a: Grimmsnarl|Light Screen|p1a: Grimmsnarl\n|-sidestart|p1: Songfulprince|move: Light Screen\n|move|p2b: Gholdengo|Nasty Plot|p2b: Gholdengo\n|-boost|p2b: Gholdengo|spa|2\n|move|p1b: Gastrodon|Earth Power|p2b: Gholdengo\n|-damage|p2b: Gholdengo|59\/100\n|\n|-heal|p2b: Gholdengo|66\/100|[from] item: Leftovers\n|upkeep\n|turn|2\n|\n|t:|1684001279\n|move|p2b: Gholdengo|Shadow Ball|p1b: Gastrodon\n|-damage|p1b: Gastrodon|69\/100\n|-unboost|p1b: Gastrodon|spd|1\n|move|p2a: Murkrow|Brave Bird|p1a: Grimmsnarl\n|-damage|p1a: Grimmsnarl|47\/100\n|-damage|p2a: Murkrow|79\/100|[from] Recoil\n|move|p1a: Grimmsnarl|Spirit Break|p2a: Murkrow\n|-supereffective|p2a: Murkrow\n|-damage|p2a: Murkrow|3\/100\n|-unboost|p2a: Murkrow|spa|1\n|move|p1b: Gastrodon|Ice Beam|p2a: Murkrow\n|-supereffective|p2a: Murkrow\n|-damage|p2a: Murkrow|0 fnt\n|faint|p2a: Murkrow\n|\n|-heal|p2b: Gholdengo|72\/100|[from] item: Leftovers\n|upkeep\n|\n|t:|1684001295\n|switch|p2a: Volcarona|Volcarona, L50, F|100\/100\n|turn|3\n|\n|t:|1684001306\n|move|p1a: Grimmsnarl|Parting Shot|p2a: Volcarona\n|-unboost|p2a: Volcarona|atk|1\n|-unboost|p2a: Volcarona|spa|1\n|\n|t:|1684001310\n|switch|p1a: Gholdengo|Gholdengo, L50|100\/100|[from] Parting Shot\n|move|p2b: Gholdengo|Shadow Ball|p1a: Gholdengo\n|-supereffective|p1a: Gholdengo\n|-damage|p1a: Gholdengo|0 fnt\n|faint|p1a: Gholdengo\n|move|p2a: Volcarona|Giga Drain|p1b: Gastrodon\n|-supereffective|p1b: Gastrodon\n|-damage|p1b: Gastrodon|23\/100\n|move|p1b: Gastrodon|Ancient Power|p2a: Volcarona\n|-supereffective|p2a: Volcarona\n|-damage|p2a: Volcarona|38\/100\n|\n|-heal|p2b: Gholdengo|78\/100|[from] item: Leftovers\n|upkeep\n|\n|t:|1684001327\n|switch|p1a: Grimmsnarl|Grimmsnarl, L50, M, shiny, tera:Fire|47\/100\n|turn|4\n|\n|t:|1684001343\n|switch|p2a: Tyranitar|Tyranitar, L50, F|100\/100\n|-weather|Sandstorm|[from] ability: Sand Stream|[of] p2a: Tyranitar\n|switch|p1b: Annihilape|Annihilape, L50, M|100\/100\n|move|p1a: Grimmsnarl|Parting Shot|p2a: Tyranitar\n|-hint|Since gen 7, Dark is immune to Prankster moves.\n|-immune|p2a: Tyranitar\n|move|p2b: Gholdengo|Shadow Ball|p1b: Annihilape\n|-supereffective|p1b: Annihilape\n|-damage|p1b: Annihilape|0 fnt\n|faint|p1b: Annihilape\n|\n|-weather|Sandstorm|[upkeep]\n|-damage|p2b: Gholdengo|72\/100|[from] Sandstorm\n|-damage|p1a: Grimmsnarl|41\/100|[from] Sandstorm\n|-heal|p2b: Gholdengo|78\/100|[from] item: Leftovers\n|-sideend|p2: nwaggie|move: Tailwind\n|upkeep\n|\n|t:|1684001353\n|switch|p1b: Gastrodon|Gastrodon, L50, F|23\/100\n|turn|5\n|-message|Songfulprince forfeited.\n|\n|win|nwaggie\n|raw|Songfulprince's rating: 1173 → 1154<\/strong> (-19 for losing)\n|raw|nwaggie's rating: 1254 → 1273<\/strong> (+19 for winning)\n|l|\u2606Songfulprince\n","uploadtime":1684001368,"views":5,"p1id":"songfulprince","p2id":"nwaggie","formatid":"gen9vgc2023regulationc","rating":1154,"private":0,"password":""}