{"id":"gen9vgc2023regulationc-1848979476","p1":"Boredbattle","p2":"tombstoan","format":"[Gen 9] VGC 2023 Regulation C","log":"|j|\u2606Boredbattle\n|j|\u2606tombstoan\n|t:|1682133952\n|gametype|doubles\n|player|p1|Boredbattle|102|\n|player|p2|tombstoan|1|\n|teamsize|p1|6\n|teamsize|p2|6\n|gen|9\n|tier|[Gen 9] VGC 2023 Regulation C\n|rule|Species Clause: Limit one of each Pok\u00e9mon\n|rule|Item Clause: Limit one of each item\n|clearpoke\n|poke|p1|Wo-Chien, L50|\n|poke|p1|Dondozo, L50, M|\n|poke|p1|Tatsugiri, L50, M|\n|poke|p1|Scream Tail, L50|\n|poke|p1|Annihilape, L50, M|\n|poke|p1|Clodsire, L50, F|\n|poke|p2|Roaring Moon, L50|\n|poke|p2|Chi-Yu, L50|\n|poke|p2|Flutter Mane, L50|\n|poke|p2|Murkrow, L50, M|\n|poke|p2|Iron Hands, L50|\n|poke|p2|Amoonguss, L50, M|\n|teampreview|4\n|\n|t:|1682133995\n|start\n|switch|p1a: Scream Tail|Scream Tail, L50, shiny|100\/100\n|switch|p1b: Annihilape|Annihilape, L50, M, shiny|100\/100\n|switch|p2a: Amoonguss|Amoonguss, L50, M|100\/100\n|switch|p2b: Iron Hands|Iron Hands, L50|100\/100\n|-enditem|p2b: Iron Hands|Booster Energy\n|-activate|p2b: Iron Hands|ability: Quark Drive|[fromitem]\n|-start|p2b: Iron Hands|quarkdriveatk\n|turn|1\n|\n|t:|1682134020\n|move|p2b: Iron Hands|Fake Out|p1a: Scream Tail\n|-damage|p1a: Scream Tail|82\/100\n|cant|p1a: Scream Tail|flinch\n|move|p1b: Annihilape|Bulk Up|p1b: Annihilape\n|-boost|p1b: Annihilape|atk|1\n|-boost|p1b: Annihilape|def|1\n|move|p2a: Amoonguss|Spore|p1b: Annihilape\n|-immune|p1b: Annihilape|[from] ability: Vital Spirit\n|\n|upkeep\n|turn|2\n|\n|t:|1682134052\n|move|p1a: Scream Tail|Reflect|p1a: Scream Tail\n|-sidestart|p1: Boredbattle|Reflect\n|move|p1b: Annihilape|Bulk Up|p1b: Annihilape\n|-boost|p1b: Annihilape|atk|1\n|-boost|p1b: Annihilape|def|1\n|move|p2b: Iron Hands|Wild Charge|p1b: Annihilape\n|-damage|p1b: Annihilape|80\/100\n|-damage|p2b: Iron Hands|97\/100|[from] Recoil\n|move|p2a: Amoonguss|Spore|p1a: Scream Tail\n|-status|p1a: Scream Tail|slp|[from] move: Spore\n|\n|upkeep\n|turn|3\n|\n|t:|1682134075\n|switch|p2a: Chi-Yu|Chi-Yu, L50|100\/100\n|-ability|p2a: Chi-Yu|Beads of Ruin\n|cant|p1a: Scream Tail|slp\n|move|p1b: Annihilape|Rage Fist|p2b: Iron Hands\n|-crit|p2b: Iron Hands\n|-damage|p2b: Iron Hands|16\/100\n|move|p2b: Iron Hands|Wild Charge|p1b: Annihilape\n|-damage|p1b: Annihilape|61\/100\n|-damage|p2b: Iron Hands|12\/100|[from] Recoil\n|\n|upkeep\n|turn|4\n|\n|t:|1682134097\n|-end|p2b: Iron Hands|Quark Drive|[silent]\n|switch|p2b: Amoonguss|Amoonguss, L50, M|100\/100\n|-terastallize|p2a: Chi-Yu|Psychic\n|-curestatus|p1a: Scream Tail|slp|[msg]\n|move|p1a: Scream Tail|Psychic Fangs|p2b: Amoonguss\n|-supereffective|p2b: Amoonguss\n|-damage|p2b: Amoonguss|53\/100\n|move|p2a: Chi-Yu|Psychic|p1b: Annihilape\n|-supereffective|p1b: Annihilape\n|-damage|p1b: Annihilape|0 fnt\n|faint|p1b: Annihilape\n|-damage|p2a: Chi-Yu|90\/100|[from] item: Life Orb\n|\n|-heal|p2b: Amoonguss|59\/100|[from] item: Black Sludge\n|upkeep\n|\n|t:|1682134117\n|switch|p1b: Dondozo|Dondozo, L50, M, shiny|100\/100\n|turn|5\n|\n|t:|1682134130\n|-terastallize|p1b: Dondozo|Grass\n|move|p1a: Scream Tail|Light Screen|p1a: Scream Tail\n|-sidestart|p1: Boredbattle|move: Light Screen\n|move|p2a: Chi-Yu|Psychic|p1b: Dondozo\n|-damage|p1b: Dondozo|64\/100\n|-damage|p2a: Chi-Yu|80\/100|[from] item: Life Orb\n|move|p1b: Dondozo|Liquidation|p2a: Chi-Yu\n|-damage|p2a: Chi-Yu|34\/100\n|-heal|p1b: Dondozo|67\/100|[from] item: Shell Bell|[of] p2a: Chi-Yu\n|move|p2b: Amoonguss|Spore|p1b: Dondozo\n|-immune|p1b: Dondozo\n|\n|-heal|p2b: Amoonguss|65\/100|[from] item: Black Sludge\n|upkeep\n|turn|6\n|\n|t:|1682134157\n|move|p1b: Dondozo|Protect|p1b: Dondozo\n|-singleturn|p1b: Dondozo|Protect\n|move|p1a: Scream Tail|Thunder Wave|p2a: Chi-Yu\n|-status|p2a: Chi-Yu|par\n|move|p2a: Chi-Yu|Heat Wave|p1b: Dondozo|[spread] p1a\n|-activate|p1b: Dondozo|move: Protect\n|-damage|p1a: Scream Tail|50\/100\n|-damage|p2a: Chi-Yu|24\/100 par|[from] item: Life Orb\n|move|p2b: Amoonguss|Pollen Puff|p2a: Chi-Yu\n|-heal|p2a: Chi-Yu|74\/100 par\n|\n|-heal|p2b: Amoonguss|71\/100|[from] item: Black Sludge\n|upkeep\n|turn|7\n|\n|t:|1682134194\n|switch|p1b: Clodsire|Clodsire, L50, F, shiny|100\/100\n|move|p2a: Chi-Yu|Protect|p2a: Chi-Yu\n|-singleturn|p2a: Chi-Yu|Protect\n|move|p1a: Scream Tail|Psychic Fangs|p2b: Amoonguss\n|-supereffective|p2b: Amoonguss\n|-crit|p2b: Amoonguss\n|-damage|p2b: Amoonguss|0 fnt\n|faint|p2b: Amoonguss\n|\n|upkeep\n|\n|t:|1682134205\n|switch|p2b: Iron Hands|Iron Hands, L50|12\/100\n|turn|8\n|\n|t:|1682134215\n|move|p1b: Clodsire|Protect|p1b: Clodsire\n|-singleturn|p1b: Clodsire|Protect\n|move|p2b: Iron Hands|Fake Out|p1a: Scream Tail\n|-damage|p1a: Scream Tail|41\/100\n|cant|p1a: Scream Tail|flinch\n|move|p2a: Chi-Yu|Psychic|p1b: Clodsire\n|-activate|p1b: Clodsire|move: Protect\n|\n|upkeep\n|turn|9\n|\n|t:|1682134235\n|move|p2a: Chi-Yu|Protect|p2a: Chi-Yu\n|-singleturn|p2a: Chi-Yu|Protect\n|move|p1a: Scream Tail|Psychic Fangs|p2b: Iron Hands\n|-supereffective|p2b: Iron Hands\n|-damage|p2b: Iron Hands|0 fnt\n|faint|p2b: Iron Hands\n|-end|p2b: Iron Hands|Quark Drive|[silent]\n|move|p1b: Clodsire|Recover||[still]\n|-fail|p1b: Clodsire|heal\n|\n|-sideend|p1: Boredbattle|Reflect\n|upkeep\n|\n|t:|1682134249\n|switch|p2b: Roaring Moon|Roaring Moon, L50|100\/100\n|turn|10\n|\n|t:|1682134274\n|move|p1a: Scream Tail|Reflect|p1a: Scream Tail\n|-sidestart|p1: Boredbattle|Reflect\n|move|p2b: Roaring Moon|Throat Chop|p1a: Scream Tail\n|-damage|p1a: Scream Tail|14\/100\n|-start|p1a: Scream Tail|Throat Chop|[silent]\n|move|p2a: Chi-Yu|Psychic|p1b: Clodsire\n|-supereffective|p1b: Clodsire\n|-damage|p1b: Clodsire|14\/100\n|-damage|p2a: Chi-Yu|64\/100 par|[from] item: Life Orb\n|move|p1b: Clodsire|Toxic|p2b: Roaring Moon\n|-status|p2b: Roaring Moon|tox\n|\n|-heal|p1b: Clodsire|20\/100|[from] item: Black Sludge\n|-damage|p2b: Roaring Moon|94\/100 tox|[from] psn\n|upkeep\n|turn|11\n|\n|t:|1682134297\n|move|p1a: Scream Tail|Psychic Fangs|p2a: Chi-Yu\n|-resisted|p2a: Chi-Yu\n|-damage|p2a: Chi-Yu|46\/100 par\n|move|p2b: Roaring Moon|Throat Chop|p1a: Scream Tail\n|-damage|p1a: Scream Tail|0 fnt\n|faint|p1a: Scream Tail\n|-end|p1a: Scream Tail|Protosynthesis|[silent]\n|move|p2a: Chi-Yu|Psychic|p1b: Clodsire\n|-supereffective|p1b: Clodsire\n|-damage|p1b: Clodsire|0 fnt\n|faint|p1b: Clodsire\n|-damage|p2a: Chi-Yu|36\/100 par|[from] item: Life Orb\n|\n|-damage|p2b: Roaring Moon|82\/100 tox|[from] psn\n|upkeep\n|\n|t:|1682134313\n|switch|p1a: Dondozo|Dondozo, L50, M, shiny, tera:Grass|67\/100\n|turn|12\n|\n|t:|1682134337\n|move|p2b: Roaring Moon|Throat Chop|p1a: Dondozo\n|-damage|p1a: Dondozo|46\/100\n|-start|p1a: Dondozo|Throat Chop|[silent]\n|move|p2a: Chi-Yu|Psychic|p1a: Dondozo\n|-damage|p1a: Dondozo|6\/100\n|-damage|p2a: Chi-Yu|26\/100 par|[from] item: Life Orb\n|move|p1a: Dondozo|Order Up|p2b: Roaring Moon\n|-supereffective|p2b: Roaring Moon\n|-damage|p2b: Roaring Moon|30\/100 tox\n|-heal|p1a: Dondozo|10\/100|[from] item: Shell Bell|[of] p2b: Roaring Moon\n|\n|-damage|p2b: Roaring Moon|12\/100 tox|[from] psn\n|-sideend|p1: Boredbattle|move: Light Screen\n|upkeep\n|turn|13\n|\n|t:|1682134353\n|move|p1a: Dondozo|Protect|p1a: Dondozo\n|-singleturn|p1a: Dondozo|Protect\n|move|p2b: Roaring Moon|Throat Chop|p1a: Dondozo\n|-activate|p1a: Dondozo|move: Protect\n|move|p2a: Chi-Yu|Psychic|p1a: Dondozo\n|-activate|p1a: Dondozo|move: Protect\n|\n|-damage|p2b: Roaring Moon|0 fnt|[from] psn\n|faint|p2b: Roaring Moon\n|-end|p2b: Roaring Moon|Protosynthesis|[silent]\n|-end|p1a: Dondozo|Throat Chop|[silent]\n|upkeep\n|turn|14\n|\n|t:|1682134369\n|cant|p2a: Chi-Yu|par\n|move|p1a: Dondozo|Liquidation|p2a: Chi-Yu\n|-damage|p2a: Chi-Yu|0 fnt\n|faint|p2a: Chi-Yu\n|-heal|p1a: Dondozo|12\/100|[from] item: Shell Bell|[of] p2: Chi-Yu\n|\n|win|Boredbattle\n|l|\u2606Boredbattle\n","uploadtime":1682134383,"views":10,"p1id":"boredbattle","p2id":"tombstoan","formatid":"gen9vgc2023regulationc","rating":0,"private":0,"password":""}