{"id":"gen9vgc2023regulationc-1856265785","p1":"Sandfrau","p2":"Antonimo17","format":"[Gen 9] VGC 2023 Regulation C","log":"|j|\u2606Sandfrau\n|j|\u2606Antonimo17\n|t:|1683045929\n|gametype|doubles\n|player|p1|Sandfrau|medium|1103\n|player|p2|Antonimo17|hilbert|1141\n|teamsize|p1|6\n|teamsize|p2|6\n|gen|9\n|tier|[Gen 9] VGC 2023 Regulation C\n|rated|\n|rule|Species Clause: Limit one of each Pok\u00e9mon\n|rule|Item Clause: Limit one of each item\n|clearpoke\n|poke|p1|Pincurchin, L50, F|\n|poke|p1|Slowking, L50, M|\n|poke|p1|Avalugg, L50, M|\n|poke|p1|Iron Bundle, L50|\n|poke|p1|Iron Hands, L50|\n|poke|p1|Ting-Lu, L50|\n|poke|p2|Torkoal, L50, F|\n|poke|p2|Chi-Yu, L50|\n|poke|p2|Dachsbun, L50, F|\n|poke|p2|Iron Hands, L50|\n|poke|p2|Gastrodon-East, L50, F|\n|poke|p2|Roaring Moon, L50|\n|teampreview|4\n|inactive|Battle timer is ON: inactive players will automatically lose when time's up. (requested by Sandfrau)\n|\n|t:|1683045962\n|start\n|switch|p1a: Iron Hands|Iron Hands, L50|100\/100\n|switch|p1b: Pincurchin|Pincurchin, L50, F|100\/100\n|switch|p2a: Torkoal|Torkoal, L50, F|100\/100\n|switch|p2b: Dachsbun|Dachsbun, L50, F, shiny|100\/100\n|-weather|SunnyDay|[from] ability: Drought|[of] p2a: Torkoal\n|-fieldstart|move: Electric Terrain|[from] ability: Electric Surge|[of] p1b: Pincurchin\n|-activate|p1a: Iron Hands|ability: Quark Drive\n|-start|p1a: Iron Hands|quarkdriveatk\n|turn|1\n|inactive|Sandfrau has 30 seconds left.\n|inactive|Sandfrau has 20 seconds left.\n|\n|t:|1683045999\n|move|p2a: Torkoal|Protect|p2a: Torkoal\n|-singleturn|p2a: Torkoal|Protect\n|move|p1a: Iron Hands|Fake Out|p2a: Torkoal\n|-activate|p2a: Torkoal|move: Protect\n|move|p2b: Dachsbun|Charm|p1a: Iron Hands\n|-unboost|p1a: Iron Hands|atk|2\n|move|p1b: Pincurchin|Zing Zap|p2a: Torkoal\n|-activate|p2a: Torkoal|move: Protect\n|\n|-weather|SunnyDay|[upkeep]\n|upkeep\n|turn|2\n|inactive|Antonimo17 has 30 seconds left.\n|\n|t:|1683046024\n|-end|p1a: Iron Hands|Quark Drive|[silent]\n|switch|p1a: Slowking|Slowking, L50, M|100\/100\n|move|p2b: Dachsbun|Play Rough|p1b: Pincurchin\n|-damage|p1b: Pincurchin|71\/100\n|move|p2a: Torkoal|Lava Plume|p1b: Pincurchin|[spread] p1a,p1b\n|-ability|p2b: Dachsbun|Well-Baked Body|boost\n|-boost|p2b: Dachsbun|def|2\n|-resisted|p1a: Slowking\n|-damage|p1a: Slowking|90\/100\n|-damage|p1b: Pincurchin|30\/100\n|move|p1b: Pincurchin|Zing Zap|p2a: Torkoal\n|-damage|p2a: Torkoal|61\/100\n|\n|-weather|SunnyDay|[upkeep]\n|upkeep\n|turn|3\n|inactive|Sandfrau has 30 seconds left.\n|inactive|Antonimo17 has 30 seconds left.\n|\n|t:|1683046051\n|move|p2a: Torkoal|Protect|p2a: Torkoal\n|-singleturn|p2a: Torkoal|Protect\n|move|p1b: Pincurchin|Protect|p1b: Pincurchin\n|-singleturn|p1b: Pincurchin|Protect\n|move|p2b: Dachsbun|Play Rough|p1b: Pincurchin\n|-activate|p1b: Pincurchin|move: Protect\n|move|p1a: Slowking|Trick Room|p1a: Slowking\n|-fieldstart|move: Trick Room|[of] p1a: Slowking\n|\n|-weather|SunnyDay|[upkeep]\n|upkeep\n|turn|4\n|inactive|Sandfrau has 30 seconds left.\n|\n|t:|1683046080\n|move|p1b: Pincurchin|Zing Zap|p2a: Torkoal\n|-damage|p2a: Torkoal|24\/100\n|move|p1a: Slowking|Heal Pulse|p1b: Pincurchin\n|-heal|p1b: Pincurchin|81\/100\n|cant|p2a: Torkoal|flinch\n|move|p2b: Dachsbun|Play Rough|p1b: Pincurchin\n|-damage|p1b: Pincurchin|47\/100\n|\n|-weather|SunnyDay|[upkeep]\n|upkeep\n|turn|5\n|\n|t:|1683046101\n|switch|p2a: Iron Hands|Iron Hands, L50|100\/100\n|-activate|p2a: Iron Hands|ability: Quark Drive\n|-start|p2a: Iron Hands|quarkdriveatk\n|move|p1b: Pincurchin|Zing Zap|p2a: Iron Hands\n|-resisted|p2a: Iron Hands\n|-damage|p2a: Iron Hands|83\/100\n|move|p1a: Slowking|Heal Pulse|p1b: Pincurchin\n|-heal|p1b: Pincurchin|97\/100\n|move|p2b: Dachsbun|Body Press|p1b: Pincurchin\n|-damage|p1b: Pincurchin|32\/100\n|\n|-weather|none\n|-fieldend|move: Electric Terrain\n|-end|p2a: Iron Hands|Quark Drive\n|upkeep\n|turn|6\n|inactive|Sandfrau has 30 seconds left.\n|inactive|Antonimo17 has 30 seconds left.\n|inactive|Sandfrau has 20 seconds left.\n|inactive|Sandfrau has 15 seconds left.\n|inactive|Sandfrau has 10 seconds left.\n|\n|t:|1683046150\n|switch|p1b: Ting-Lu|Ting-Lu, L50|100\/100\n|-ability|p1b: Ting-Lu|Vessel of Ruin\n|move|p1a: Slowking|Bulldoze|p2b: Dachsbun|[spread] p1b,p2a,p2b\n|-supereffective|p2a: Iron Hands\n|-damage|p1b: Ting-Lu|96\/100\n|-damage|p2a: Iron Hands|73\/100\n|-damage|p2b: Dachsbun|97\/100\n|-unboost|p1b: Ting-Lu|spe|1\n|-unboost|p2a: Iron Hands|spe|1\n|-unboost|p2b: Dachsbun|spe|1\n|move|p2a: Iron Hands|Wild Charge|p1a: Slowking\n|-supereffective|p1a: Slowking\n|-damage|p1a: Slowking|3\/100\n|-enditem|p1a: Slowking|Sitrus Berry|[eat]\n|-heal|p1a: Slowking|27\/100|[from] item: Sitrus Berry\n|-damage|p2a: Iron Hands|56\/100|[from] Recoil\n|move|p2b: Dachsbun|Body Press|p1b: Ting-Lu\n|-supereffective|p1b: Ting-Lu\n|-damage|p1b: Ting-Lu|34\/100\n|\n|upkeep\n|turn|7\n|inactive|Sandfrau has 30 seconds left.\n|inactive|Antonimo17 has 30 seconds left.\n|inactive|Antonimo17 has 20 seconds left.\n|\n|t:|1683046185\n|-end|p2a: Iron Hands|Quark Drive|[silent]\n|switch|p2a: Torkoal|Torkoal, L50, F|24\/100\n|-weather|SunnyDay|[from] ability: Drought|[of] p2a: Torkoal\n|-terastallize|p1b: Ting-Lu|Ground\n|move|p2b: Dachsbun|Protect|p2b: Dachsbun\n|-singleturn|p2b: Dachsbun|Protect\n|move|p1b: Ting-Lu|Earthquake|p2b: Dachsbun|[spread] p1a,p2a\n|-activate|p2b: Dachsbun|move: Protect\n|-supereffective|p2a: Torkoal\n|-damage|p1a: Slowking|0 fnt\n|-damage|p2a: Torkoal|0 fnt\n|faint|p1a: Slowking\n|faint|p2a: Torkoal\n|\n|-weather|SunnyDay|[upkeep]\n|-fieldend|move: Trick Room\n|upkeep\n|inactive|Sandfrau has 30 seconds left.\n|\n|t:|1683046212\n|switch|p2a: Iron Hands|Iron Hands, L50|56\/100\n|switch|p1a: Pincurchin|Pincurchin, L50, F|32\/100\n|-fieldstart|move: Electric Terrain|[from] ability: Electric Surge|[of] p1a: Pincurchin\n|-activate|p2a: Iron Hands|ability: Quark Drive\n|-start|p2a: Iron Hands|quarkdriveatk\n|turn|8\n|\n|t:|1683046222\n|move|p1a: Pincurchin|Protect|p1a: Pincurchin\n|-singleturn|p1a: Pincurchin|Protect\n|move|p2a: Iron Hands|Fake Out|p1b: Ting-Lu\n|-damage|p1b: Ting-Lu|22\/100\n|move|p2b: Dachsbun|Body Press|p1b: Ting-Lu\n|-damage|p1b: Ting-Lu|0 fnt\n|faint|p1b: Ting-Lu\n|\n|-weather|SunnyDay|[upkeep]\n|upkeep\n|\n|t:|1683046231\n|switch|p1b: Iron Hands|Iron Hands, L50|100\/100\n|-activate|p1b: Iron Hands|ability: Quark Drive\n|-start|p1b: Iron Hands|quarkdriveatk\n|turn|9\n|\n|t:|1683046243\n|move|p1b: Iron Hands|Fake Out|p2a: Iron Hands\n|-damage|p2a: Iron Hands|41\/100\n|move|p2b: Dachsbun|Charm|p1b: Iron Hands\n|-unboost|p1b: Iron Hands|atk|2\n|cant|p2a: Iron Hands|flinch\n|move|p1a: Pincurchin|Zing Zap|p2b: Dachsbun\n|-damage|p2b: Dachsbun|79\/100\n|\n|-weather|SunnyDay|[upkeep]\n|upkeep\n|turn|10\n|\n|t:|1683046259\n|move|p2b: Dachsbun|Play Rough|p1b: Iron Hands\n|-supereffective|p1b: Iron Hands\n|-damage|p1b: Iron Hands|68\/100\n|move|p2a: Iron Hands|Drain Punch|p1a: Pincurchin\n|-damage|p1a: Pincurchin|0 fnt\n|-heal|p2a: Iron Hands|50\/100|[from] drain|[of] p1a: Pincurchin\n|faint|p1a: Pincurchin\n|move|p1b: Iron Hands|Earthquake|p2a: Iron Hands|[spread] p2a,p2b\n|-supereffective|p2a: Iron Hands\n|-damage|p2a: Iron Hands|25\/100\n|-damage|p2b: Dachsbun|72\/100\n|\n|-weather|SunnyDay|[upkeep]\n|upkeep\n|turn|11\n|\n|t:|1683046276\n|move|p2b: Dachsbun|Body Press|p1b: Iron Hands\n|-damage|p1b: Iron Hands|29\/100\n|move|p2a: Iron Hands|Drain Punch|p1b: Iron Hands\n|-damage|p1b: Iron Hands|0 fnt\n|-heal|p2a: Iron Hands|39\/100|[from] drain|[of] p1b: Iron Hands\n|faint|p1b: Iron Hands\n|-end|p1b: Iron Hands|Quark Drive|[silent]\n|\n|win|Antonimo17\n|raw|Sandfrau's rating: 1103 → 1081<\/strong> (-22 for losing)\n|raw|Antonimo17's rating: 1141 → 1163<\/strong> (+22 for winning)\n|l|\u2606Sandfrau\n","uploadtime":1683046287,"views":15,"p1id":"sandfrau","p2id":"antonimo17","formatid":"gen9vgc2023regulationc","rating":1081,"private":0,"password":""}