{"id":"gen9vgc2023regulationc-1851597233","p1":"yokai19","p2":"Ydsjsisy","format":"[Gen 9] VGC 2023 Regulation C","log":"|j|\u2606yokai19\n|j|\u2606Ydsjsisy\n|t:|1682459506\n|gametype|doubles\n|player|p1|yokai19|102|1066\n|player|p2|Ydsjsisy|maid|1111\n|teamsize|p1|6\n|teamsize|p2|6\n|gen|9\n|tier|[Gen 9] VGC 2023 Regulation C\n|rated|\n|rule|Species Clause: Limit one of each Pok\u00e9mon\n|rule|Item Clause: Limit one of each item\n|clearpoke\n|poke|p1|Flutter Mane, L50|\n|poke|p1|Arcanine, L50, M|\n|poke|p1|Palafin, L50, F|\n|poke|p1|Amoonguss, L50, F|\n|poke|p1|Ting-Lu, L50|\n|poke|p1|Scizor, L50, M|\n|poke|p2|Palafin, L50, F|\n|poke|p2|Talonflame, L50, F|\n|poke|p2|Gholdengo, L50|\n|poke|p2|Wo-Chien, L50|\n|poke|p2|Arcanine, L50, F|\n|poke|p2|Flutter Mane, L50|\n|teampreview|4\n|inactive|Battle timer is ON: inactive players will automatically lose when time's up. (requested by Ydsjsisy)\n|inactive|yokai19 has 60 seconds left.\n|\n|t:|1682459543\n|start\n|switch|p1a: Palafin|Palafin, L50, F|100\/100\n|switch|p1b: Ting-Lu|Ting-Lu, L50|100\/100\n|switch|p2a: Talonflame|Talonflame, L50, F|100\/100\n|switch|p2b: Palafin|Palafin, L50, F|100\/100\n|-ability|p1b: Ting-Lu|Vessel of Ruin\n|turn|1\n|\n|t:|1682459567\n|detailschange|p2b: Palafin|Palafin-Hero, L50, F\n|switch|p2b: Wo-Chien|Wo-Chien, L50|100\/100\n|-ability|p2b: Wo-Chien|Tablets of Ruin\n|move|p1a: Palafin|Protect|p1a: Palafin\n|-singleturn|p1a: Palafin|Protect\n|move|p2a: Talonflame|Tailwind|p2a: Talonflame\n|-sidestart|p2: Ydsjsisy|move: Tailwind\n|move|p1b: Ting-Lu|Body Press|p2a: Talonflame\n|-resisted|p2a: Talonflame\n|-damage|p2a: Talonflame|92\/100\n|\n|upkeep\n|turn|2\n|inactive|yokai19 has 30 seconds left.\n|\n|t:|1682459598\n|move|p2a: Talonflame|Will-O-Wisp|p1b: Ting-Lu\n|-status|p1b: Ting-Lu|brn\n|move|p2b: Wo-Chien|Leech Seed|p1b: Ting-Lu\n|-start|p1b: Ting-Lu|move: Leech Seed\n|move|p1a: Palafin|Wave Crash|p2a: Talonflame\n|-supereffective|p2a: Talonflame\n|-damage|p2a: Talonflame|8\/100\n|-damage|p1a: Palafin|75\/100|[from] Recoil\n|move|p1b: Ting-Lu|Body Press|p2b: Wo-Chien\n|-supereffective|p2b: Wo-Chien\n|-damage|p2b: Wo-Chien|85\/100\n|\n|-heal|p2b: Wo-Chien|92\/100|[from] item: Leftovers\n|-damage|p1b: Ting-Lu|88\/100 brn|[from] Leech Seed|[of] p2b: Wo-Chien\n|-heal|p2b: Wo-Chien|100\/100|[silent]\n|-damage|p1b: Ting-Lu|83\/100 brn|[from] brn\n|upkeep\n|turn|3\n|\n|t:|1682459621\n|move|p1a: Palafin|Protect|p1a: Palafin\n|-singleturn|p1a: Palafin|Protect\n|move|p2a: Talonflame|Will-O-Wisp|p1a: Palafin\n|-activate|p1a: Palafin|move: Protect\n|move|p2b: Wo-Chien|Substitute|p2b: Wo-Chien\n|-start|p2b: Wo-Chien|Substitute\n|-damage|p2b: Wo-Chien|75\/100\n|move|p1b: Ting-Lu|Heavy Slam|p2a: Talonflame\n|-resisted|p2a: Talonflame\n|-damage|p2a: Talonflame|3\/100\n|\n|-heal|p2b: Wo-Chien|82\/100|[from] item: Leftovers\n|-damage|p1b: Ting-Lu|70\/100 brn|[from] Leech Seed|[of] p2b: Wo-Chien\n|-heal|p2b: Wo-Chien|97\/100|[silent]\n|-damage|p1b: Ting-Lu|65\/100 brn|[from] brn\n|upkeep\n|turn|4\n|\n|t:|1682459641\n|switch|p1b: Scizor|Scizor, L50, M|100\/100\n|move|p1a: Palafin|Jet Punch|p2a: Talonflame\n|-supereffective|p2a: Talonflame\n|-damage|p2a: Talonflame|0 fnt\n|faint|p2a: Talonflame\n|move|p2b: Wo-Chien|Leech Seed|p1a: Palafin\n|-start|p1a: Palafin|move: Leech Seed\n|\n|-heal|p2b: Wo-Chien|100\/100|[from] item: Leftovers\n|-damage|p1a: Palafin|62\/100|[from] Leech Seed|[of] p2b: Wo-Chien\n|-sideend|p2: Ydsjsisy|move: Tailwind\n|upkeep\n|\n|t:|1682459651\n|switch|p2a: Arcanine|Arcanine, L50, F|100\/100\n|-ability|p2a: Arcanine|Intimidate|boost\n|-unboost|p1a: Palafin|atk|1\n|-unboost|p1b: Scizor|atk|1\n|turn|5\n|\n|t:|1682459669\n|detailschange|p1a: Palafin|Palafin-Hero, L50, F\n|switch|p1a: Ting-Lu|Ting-Lu, L50|65\/100 brn\n|-ability|p1a: Ting-Lu|Vessel of Ruin\n|-terastallize|p2a: Arcanine|Water\n|move|p1b: Scizor|Protect|p1b: Scizor\n|-singleturn|p1b: Scizor|Protect\n|move|p2a: Arcanine|Flare Blitz|p1b: Scizor\n|-activate|p1b: Scizor|move: Protect\n|move|p2b: Wo-Chien|Leech Seed|p1b: Scizor\n|-activate|p1b: Scizor|move: Protect\n|\n|-damage|p1a: Ting-Lu|59\/100 brn|[from] brn\n|upkeep\n|turn|6\n|inactive|yokai19 has 30 seconds left.\n|\n|t:|1682459703\n|-terastallize|p1b: Scizor|Water\n|move|p2a: Arcanine|Flare Blitz|p1b: Scizor\n|-resisted|p1b: Scizor\n|-damage|p1b: Scizor|78\/100\n|-damage|p2a: Arcanine|94\/100|[from] Recoil\n|move|p1b: Scizor|U-turn|p2a: Arcanine\n|-damage|p2a: Arcanine|74\/100\n|\n|t:|1682459711\n|switch|p1b: Palafin|Palafin-Hero, L50, F|62\/100|[from] U-turn\n|-activate|p1b: Palafin|ability: Zero to Hero\n|move|p2b: Wo-Chien|Leech Seed|p1a: Ting-Lu\n|-start|p1a: Ting-Lu|move: Leech Seed\n|move|p1a: Ting-Lu|Ruination|p2a: Arcanine\n|-damage|p2a: Arcanine|37\/100\n|\n|-damage|p1a: Ting-Lu|47\/100 brn|[from] Leech Seed|[of] p2b: Wo-Chien\n|-damage|p1a: Ting-Lu|41\/100 brn|[from] brn\n|upkeep\n|turn|7\n|inactive|yokai19 has 30 seconds left.\n|inactive|Ydsjsisy has 30 seconds left.\n|inactive|yokai19 has 20 seconds left.\n|inactive|yokai19 has 15 seconds left.\n|inactive|yokai19 has 10 seconds left.\n|\n|t:|1682459760\n|switch|p2a: Palafin|Palafin-Hero, L50, F|100\/100\n|-activate|p2a: Palafin|ability: Zero to Hero\n|move|p1b: Palafin|Wave Crash|p2a: Palafin\n|-resisted|p2a: Palafin\n|-damage|p2a: Palafin|72\/100\n|-damage|p1b: Palafin|52\/100|[from] Recoil\n|move|p2b: Wo-Chien|Leech Seed|p1b: Palafin\n|-start|p1b: Palafin|move: Leech Seed\n|move|p1a: Ting-Lu|Ruination|p2b: Wo-Chien\n|-end|p2b: Wo-Chien|Substitute\n|\n|-damage|p1b: Palafin|40\/100|[from] Leech Seed|[of] p2b: Wo-Chien\n|-damage|p1a: Ting-Lu|29\/100 brn|[from] Leech Seed|[of] p2b: Wo-Chien\n|-damage|p1a: Ting-Lu|23\/100 brn|[from] brn\n|upkeep\n|turn|8\n|inactive|yokai19 has 30 seconds left.\n|inactive|Ydsjsisy has 30 seconds left.\n|inactive|yokai19 has 20 seconds left.\n|inactive|Ydsjsisy has 20 seconds left.\n|\n|t:|1682459796\n|move|p1b: Palafin|Wave Crash|p2a: Palafin\n|-resisted|p2a: Palafin\n|-damage|p2a: Palafin|39\/100\n|-damage|p1b: Palafin|29\/100|[from] Recoil\n|move|p2a: Palafin|Wave Crash|p1b: Palafin\n|-resisted|p1b: Palafin\n|-damage|p1b: Palafin|0 fnt\n|faint|p1b: Palafin\n|-damage|p2a: Palafin|29\/100|[from] Recoil\n|move|p2b: Wo-Chien|Substitute|p2b: Wo-Chien\n|-start|p2b: Wo-Chien|Substitute\n|-damage|p2b: Wo-Chien|75\/100\n|move|p1a: Ting-Lu|Ruination|p2a: Palafin\n|-damage|p2a: Palafin|15\/100\n|\n|-heal|p2b: Wo-Chien|82\/100|[from] item: Leftovers\n|-damage|p1a: Ting-Lu|11\/100 brn|[from] Leech Seed|[of] p2b: Wo-Chien\n|-heal|p2b: Wo-Chien|97\/100|[silent]\n|-damage|p1a: Ting-Lu|5\/100 brn|[from] brn\n|upkeep\n|\n|t:|1682459814\n|switch|p1b: Scizor|Scizor, L50, M, tera:Water|78\/100\n|turn|9\n|\n|t:|1682459831\n|move|p2a: Palafin|Protect|p2a: Palafin\n|-singleturn|p2a: Palafin|Protect\n|move|p1b: Scizor|Tailwind|p1b: Scizor\n|-sidestart|p1: yokai19|move: Tailwind\n|move|p1a: Ting-Lu|Body Press|p2a: Palafin\n|-activate|p2a: Palafin|move: Protect\n|move|p2b: Wo-Chien|Leech Seed|p1b: Scizor\n|-start|p1b: Scizor|move: Leech Seed\n|\n|-heal|p2b: Wo-Chien|100\/100|[from] item: Leftovers\n|-damage|p1b: Scizor|66\/100|[from] Leech Seed|[of] p2b: Wo-Chien\n|-damage|p1a: Ting-Lu|0 fnt|[from] Leech Seed|[of] p2b: Wo-Chien\n|faint|p1a: Ting-Lu\n|upkeep\n|\n|t:|1682459843\n|switch|p1a: Flutter Mane|Flutter Mane, L50|100\/100\n|-enditem|p1a: Flutter Mane|Booster Energy\n|-activate|p1a: Flutter Mane|ability: Protosynthesis|[fromitem]\n|-start|p1a: Flutter Mane|protosynthesisspa\n|turn|10\n|\n|t:|1682459857\n|move|p1a: Flutter Mane|Protect|p1a: Flutter Mane\n|-singleturn|p1a: Flutter Mane|Protect\n|move|p2a: Palafin|Jet Punch|p1a: Flutter Mane\n|-activate|p1a: Flutter Mane|move: Protect\n|move|p1b: Scizor|U-turn|p2a: Palafin\n|-damage|p2a: Palafin|0 fnt\n|faint|p2a: Palafin\n|move|p2b: Wo-Chien|Snarl|p1a: Flutter Mane|[spread] p1b\n|-activate|p1a: Flutter Mane|move: Protect\n|-damage|p1b: Scizor|50\/100\n|-unboost|p1b: Scizor|spa|1\n|-enditem|p1b: Scizor|Sitrus Berry|[eat]\n|-heal|p1b: Scizor|75\/100|[from] item: Sitrus Berry\n|\n|-damage|p1b: Scizor|63\/100|[from] Leech Seed|[of] p2b: Wo-Chien\n|upkeep\n|\n|t:|1682459872\n|switch|p2a: Arcanine|Arcanine, L50, F, tera:Water|37\/100\n|-ability|p2a: Arcanine|Intimidate|boost\n|-unboost|p1a: Flutter Mane|atk|1\n|-unboost|p1b: Scizor|atk|1\n|turn|11\n|\n|t:|1682459888\n|move|p1a: Flutter Mane|Dazzling Gleam|p2a: Arcanine|[spread] p2a,p2b\n|-supereffective|p2b: Wo-Chien\n|-end|p2b: Wo-Chien|Substitute\n|-damage|p2a: Arcanine|7\/100\n|move|p1b: Scizor|U-turn|p2b: Wo-Chien\n|-supereffective|p2b: Wo-Chien\n|-damage|p2b: Wo-Chien|36\/100\n|move|p2a: Arcanine|Snarl|p1b: Scizor|[spread] p1a,p1b\n|-damage|p1a: Flutter Mane|93\/100\n|-damage|p1b: Scizor|52\/100\n|-unboost|p1a: Flutter Mane|spa|1\n|-unboost|p1b: Scizor|spa|1\n|move|p2b: Wo-Chien|Snarl|p1b: Scizor|[spread] p1a,p1b\n|-damage|p1a: Flutter Mane|81\/100\n|-damage|p1b: Scizor|34\/100\n|-unboost|p1a: Flutter Mane|spa|1\n|-unboost|p1b: Scizor|spa|1\n|\n|-heal|p2b: Wo-Chien|42\/100|[from] item: Leftovers\n|-damage|p1b: Scizor|21\/100|[from] Leech Seed|[of] p2b: Wo-Chien\n|-heal|p2b: Wo-Chien|54\/100|[silent]\n|upkeep\n|turn|12\n|inactive|yokai19 has 30 seconds left.\n|inactive|Ydsjsisy has 30 seconds left.\n|\n|t:|1682459916\n|move|p2b: Wo-Chien|Protect|p2b: Wo-Chien\n|-singleturn|p2b: Wo-Chien|Protect\n|move|p2a: Arcanine|Extreme Speed|p1b: Scizor\n|-damage|p1b: Scizor|0 fnt\n|faint|p1b: Scizor\n|move|p1a: Flutter Mane|Dazzling Gleam|p2b: Wo-Chien|[spread] p2a\n|-activate|p2b: Wo-Chien|move: Protect\n|-damage|p2a: Arcanine|0 fnt\n|faint|p2a: Arcanine\n|\n|-heal|p2b: Wo-Chien|60\/100|[from] item: Leftovers\n|-sideend|p1: yokai19|move: Tailwind\n|upkeep\n|turn|13\n|\n|t:|1682459929\n|move|p1a: Flutter Mane|Moonblast|p2b: Wo-Chien\n|-supereffective|p2b: Wo-Chien\n|-damage|p2b: Wo-Chien|19\/100\n|move|p2b: Wo-Chien|Leech Seed|p1a: Flutter Mane\n|-start|p1a: Flutter Mane|move: Leech Seed\n|\n|-heal|p2b: Wo-Chien|25\/100|[from] item: Leftovers\n|-damage|p1a: Flutter Mane|69\/100|[from] Leech Seed|[of] p2b: Wo-Chien\n|-heal|p2b: Wo-Chien|35\/100|[silent]\n|upkeep\n|turn|14\n|\n|t:|1682459939\n|move|p2b: Wo-Chien|Protect|p2b: Wo-Chien\n|-singleturn|p2b: Wo-Chien|Protect\n|move|p1a: Flutter Mane|Moonblast|p2b: Wo-Chien\n|-activate|p2b: Wo-Chien|move: Protect\n|\n|-heal|p2b: Wo-Chien|42\/100|[from] item: Leftovers\n|-damage|p1a: Flutter Mane|57\/100|[from] Leech Seed|[of] p2b: Wo-Chien\n|-heal|p2b: Wo-Chien|52\/100|[silent]\n|upkeep\n|turn|15\n|\n|t:|1682459955\n|move|p1a: Flutter Mane|Moonblast|p2b: Wo-Chien\n|-supereffective|p2b: Wo-Chien\n|-damage|p2b: Wo-Chien|11\/100\n|move|p2b: Wo-Chien|Snarl|p1a: Flutter Mane\n|-damage|p1a: Flutter Mane|41\/100\n|-unboost|p1a: Flutter Mane|spa|1\n|\n|-heal|p2b: Wo-Chien|17\/100|[from] item: Leftovers\n|-damage|p1a: Flutter Mane|29\/100|[from] Leech Seed|[of] p2b: Wo-Chien\n|-heal|p2b: Wo-Chien|27\/100|[silent]\n|upkeep\n|turn|16\n|\n|t:|1682459966\n|move|p2b: Wo-Chien|Protect|p2b: Wo-Chien\n|-singleturn|p2b: Wo-Chien|Protect\n|move|p1a: Flutter Mane|Moonblast|p2b: Wo-Chien\n|-activate|p2b: Wo-Chien|move: Protect\n|\n|-heal|p2b: Wo-Chien|33\/100|[from] item: Leftovers\n|-damage|p1a: Flutter Mane|17\/100|[from] Leech Seed|[of] p2b: Wo-Chien\n|-heal|p2b: Wo-Chien|43\/100|[silent]\n|upkeep\n|turn|17\n|\n|t:|1682459975\n|move|p1a: Flutter Mane|Moonblast|p2b: Wo-Chien\n|-supereffective|p2b: Wo-Chien\n|-damage|p2b: Wo-Chien|12\/100\n|move|p2b: Wo-Chien|Snarl|p1a: Flutter Mane\n|-crit|p1a: Flutter Mane\n|-damage|p1a: Flutter Mane|0 fnt\n|faint|p1a: Flutter Mane\n|-end|p1a: Flutter Mane|Protosynthesis|[silent]\n|\n|win|Ydsjsisy\n|raw|yokai19's rating: 1066 → 1049<\/strong> (-17 for losing)\n|raw|Ydsjsisy's rating: 1111 → 1133<\/strong> (+22 for winning)\n|l|\u2606Ydsjsisy\n","uploadtime":1682459985,"views":12,"p1id":"yokai19","p2id":"ydsjsisy","formatid":"gen9vgc2023regulationc","rating":1049,"private":0,"password":""}