{"id":"gen9vgc2023regulationc-1856692085","p1":"Auraen","p2":"Arcacagne","format":"[Gen 9] VGC 2023 Regulation C","log":"|j|\u2606Auraen\n|j|\u2606Arcacagne\n|t:|1683095470\n|gametype|doubles\n|player|p1|Auraen|flannery|1257\n|player|p2|Arcacagne|265|1217\n|teamsize|p1|6\n|teamsize|p2|6\n|gen|9\n|tier|[Gen 9] VGC 2023 Regulation C\n|rated|\n|rule|Species Clause: Limit one of each Pok\u00e9mon\n|rule|Item Clause: Limit one of each item\n|clearpoke\n|poke|p1|Chi-Yu, L50|\n|poke|p1|Flutter Mane, L50|\n|poke|p1|Tauros-Paldea-Aqua, L50, M|\n|poke|p1|Tyranitar, L50, F|\n|poke|p1|Glimmora, L50, F|\n|poke|p1|Amoonguss, L50, F|\n|poke|p2|Chi-Yu, L50|\n|poke|p2|Flutter Mane, L50|\n|poke|p2|Amoonguss, L50, F|\n|poke|p2|Palafin, L50, F|\n|poke|p2|Kingambit, L50, F|\n|poke|p2|Arcanine, L50, M|\n|teampreview|4\n|\n|t:|1683095543\n|start\n|switch|p1a: Glimmora|Glimmora, L50, F|100\/100\n|switch|p1b: Amoonguss|Amoonguss, L50, F|100\/100\n|switch|p2a: Kingambit|Kingambit, L50, F|100\/100\n|switch|p2b: Palafin|Palafin, L50, F|100\/100\n|turn|1\n|\n|t:|1683095562\n|detailschange|p2b: Palafin|Palafin-Hero, L50, F\n|switch|p2b: Amoonguss|Amoonguss, L50, F|100\/100\n|-terastallize|p2a: Kingambit|Water\n|move|p1b: Amoonguss|Rage Powder|p1b: Amoonguss\n|-singleturn|p1b: Amoonguss|move: Rage Powder\n|move|p1a: Glimmora|Earth Power|p2a: Kingambit\n|-damage|p2a: Kingambit|77\/100\n|move|p2a: Kingambit|Swords Dance|p2a: Kingambit\n|-boost|p2a: Kingambit|atk|2\n|\n|upkeep\n|turn|2\n|\n|t:|1683095580\n|move|p1a: Glimmora|Mortal Spin|p2a: Kingambit|[spread] p2a,p2b\n|-damage|p2a: Kingambit|73\/100\n|-damage|p2b: Amoonguss|96\/100\n|-status|p2a: Kingambit|psn\n|-enditem|p2a: Kingambit|Lum Berry|[eat]\n|-curestatus|p2a: Kingambit|psn|[msg]\n|move|p2a: Kingambit|Iron Head|p1a: Glimmora\n|-supereffective|p1a: Glimmora\n|-damage|p1a: Glimmora|0 fnt\n|-activate|p1a: Glimmora|ability: Toxic Debris\n|-sidestart|p2: Arcacagne|move: Toxic Spikes\n|faint|p1a: Glimmora\n|move|p2b: Amoonguss|Pollen Puff|p2a: Kingambit\n|-heal|p2a: Kingambit|100\/100\n|move|p1b: Amoonguss|Clear Smog|p2a: Kingambit\n|-damage|p2a: Kingambit|87\/100\n|-clearboost|p2a: Kingambit\n|\n|upkeep\n|\n|t:|1683095597\n|switch|p1a: Chi-Yu|Chi-Yu, L50|100\/100\n|-ability|p1a: Chi-Yu|Beads of Ruin\n|turn|3\n|\n|t:|1683095608\n|move|p1a: Chi-Yu|Protect|p1a: Chi-Yu\n|-singleturn|p1a: Chi-Yu|Protect\n|move|p2a: Kingambit|Swords Dance|p2a: Kingambit\n|-boost|p2a: Kingambit|atk|2\n|move|p2b: Amoonguss|Spore|p1a: Chi-Yu\n|-activate|p1a: Chi-Yu|move: Protect\n|move|p1b: Amoonguss|Spore|p2a: Kingambit\n|-status|p2a: Kingambit|slp|[from] move: Spore\n|\n|upkeep\n|turn|4\n|\n|t:|1683095630\n|switch|p2b: Arcanine|Arcanine, L50, M|100\/100\n|-status|p2b: Arcanine|psn\n|-ability|p2b: Arcanine|Intimidate|boost\n|-unboost|p1a: Chi-Yu|atk|1\n|-unboost|p1b: Amoonguss|atk|1\n|move|p1a: Chi-Yu|Overheat|p2b: Arcanine\n|-resisted|p2b: Arcanine\n|-damage|p2b: Arcanine|59\/100 psn\n|-unboost|p1a: Chi-Yu|spa|2\n|cant|p2a: Kingambit|slp\n|move|p1b: Amoonguss|Clear Smog|p2a: Kingambit\n|-damage|p2a: Kingambit|67\/100 slp\n|-clearboost|p2a: Kingambit\n|\n|-damage|p2b: Arcanine|47\/100 psn|[from] psn\n|upkeep\n|turn|5\n|\n|t:|1683095649\n|switch|p1a: Tauros|Tauros-Paldea-Aqua, L50, M|100\/100\n|-ability|p1a: Tauros|Intimidate|boost\n|-unboost|p2a: Kingambit|atk|1\n|-ability|p2a: Kingambit|Defiant|boost\n|-boost|p2a: Kingambit|atk|2\n|-unboost|p2b: Arcanine|atk|1\n|move|p2b: Arcanine|Flare Blitz|p1b: Amoonguss\n|-supereffective|p1b: Amoonguss\n|-damage|p1b: Amoonguss|54\/100\n|-damage|p2b: Arcanine|30\/100 psn|[from] Recoil\n|cant|p2a: Kingambit|slp\n|move|p1b: Amoonguss|Clear Smog|p2a: Kingambit\n|-damage|p2a: Kingambit|54\/100 slp\n|-clearboost|p2a: Kingambit\n|\n|-heal|p1b: Amoonguss|60\/100|[from] item: Leftovers\n|-damage|p2b: Arcanine|18\/100 psn|[from] psn\n|upkeep\n|-enditem|p2b: Arcanine|Aguav Berry|[eat]\n|-heal|p2b: Arcanine|51\/100 psn|[from] item: Aguav Berry\n|turn|6\n|\n|t:|1683095672\n|switch|p2b: Amoonguss|Amoonguss, L50, F|100\/100\n|-sideend|p2: Arcacagne|move: Toxic Spikes|[of] p2b: Amoonguss\n|switch|p1b: Chi-Yu|Chi-Yu, L50|100\/100\n|-ability|p1b: Chi-Yu|Beads of Ruin\n|move|p1a: Tauros|Close Combat|p2a: Kingambit\n|-damage|p2a: Kingambit|19\/100 slp\n|-unboost|p1a: Tauros|def|1\n|-unboost|p1a: Tauros|spd|1\n|-curestatus|p2a: Kingambit|slp|[msg]\n|move|p2a: Kingambit|Swords Dance|p2a: Kingambit\n|-boost|p2a: Kingambit|atk|2\n|\n|upkeep\n|turn|7\n|\n|t:|1683095708\n|switch|p1b: Amoonguss|Amoonguss, L50, F|93\/100\n|switch|p2b: Palafin|Palafin-Hero, L50, F|100\/100\n|-activate|p2b: Palafin|ability: Zero to Hero\n|move|p2a: Kingambit|Sucker Punch||[still]\n|-fail|p2a: Kingambit\n|move|p1a: Tauros|Close Combat|p2a: Kingambit\n|-damage|p2a: Kingambit|0 fnt\n|-unboost|p1a: Tauros|def|1\n|-unboost|p1a: Tauros|spd|1\n|faint|p2a: Kingambit\n|\n|-heal|p1b: Amoonguss|99\/100|[from] item: Leftovers\n|upkeep\n|\n|t:|1683095725\n|switch|p2a: Arcanine|Arcanine, L50, M|51\/100 psn\n|-ability|p2a: Arcanine|Intimidate|boost\n|-unboost|p1a: Tauros|atk|1\n|-unboost|p1b: Amoonguss|atk|1\n|turn|8\n|\n|t:|1683095744\n|switch|p1b: Chi-Yu|Chi-Yu, L50|100\/100\n|-ability|p1b: Chi-Yu|Beads of Ruin\n|move|p2b: Palafin|Wave Crash|p1a: Tauros\n|-resisted|p1a: Tauros\n|-damage|p1a: Tauros|28\/100\n|-damage|p2b: Palafin|75\/100|[from] Recoil\n|move|p1a: Tauros|Wave Crash|p2a: Arcanine\n|-supereffective|p2a: Arcanine\n|-damage|p2a: Arcanine|0 fnt\n|faint|p2a: Arcanine\n|-damage|p1a: Tauros|9\/100|[from] Recoil\n|\n|upkeep\n|\n|t:|1683095757\n|switch|p2a: Amoonguss|Amoonguss, L50, F|100\/100\n|turn|9\n|\n|t:|1683095771\n|switch|p1a: Amoonguss|Amoonguss, L50, F|100\/100\n|-terastallize|p1b: Chi-Yu|Grass\n|move|p2b: Palafin|Jet Punch|p1b: Chi-Yu\n|-resisted|p1b: Chi-Yu\n|-damage|p1b: Chi-Yu|74\/100\n|move|p1b: Chi-Yu|Will-O-Wisp|p2b: Palafin\n|-status|p2b: Palafin|brn\n|move|p2a: Amoonguss|Pollen Puff|p2b: Palafin\n|-heal|p2b: Palafin|100\/100 brn\n|\n|-damage|p2b: Palafin|94\/100 brn|[from] brn\n|upkeep\n|turn|10\n|\n|t:|1683095800\n|move|p2b: Palafin|Wave Crash|p1a: Amoonguss\n|-resisted|p1a: Amoonguss\n|-damage|p1a: Amoonguss|79\/100\n|-damage|p2b: Palafin|86\/100 brn|[from] Recoil\n|move|p1b: Chi-Yu|Overheat|p2a: Amoonguss\n|-supereffective|p2a: Amoonguss\n|-damage|p2a: Amoonguss|0 fnt\n|-unboost|p1b: Chi-Yu|spa|2\n|faint|p2a: Amoonguss\n|move|p1a: Amoonguss|Pollen Puff|p1b: Chi-Yu\n|-heal|p1b: Chi-Yu|100\/100\n|\n|-heal|p1a: Amoonguss|85\/100|[from] item: Leftovers\n|-damage|p2b: Palafin|79\/100 brn|[from] brn\n|upkeep\n|turn|11\n|\n|t:|1683095818\n|switch|p1b: Tauros|Tauros-Paldea-Aqua, L50, M|9\/100\n|-ability|p1b: Tauros|Intimidate|boost\n|-unboost|p2b: Palafin|atk|1\n|move|p1a: Amoonguss|Rage Powder|p1a: Amoonguss\n|-singleturn|p1a: Amoonguss|move: Rage Powder\n|move|p2b: Palafin|Wave Crash|p1a: Amoonguss\n|-resisted|p1a: Amoonguss\n|-damage|p1a: Amoonguss|72\/100\n|-damage|p2b: Palafin|74\/100 brn|[from] Recoil\n|\n|-heal|p1a: Amoonguss|78\/100|[from] item: Leftovers\n|-damage|p2b: Palafin|68\/100 brn|[from] brn\n|upkeep\n|turn|12\n|\n|t:|1683095832\n|move|p1a: Amoonguss|Rage Powder|p1a: Amoonguss\n|-singleturn|p1a: Amoonguss|move: Rage Powder\n|move|p2b: Palafin|Jet Punch|p1a: Amoonguss\n|-resisted|p1a: Amoonguss\n|-damage|p1a: Amoonguss|71\/100\n|move|p1b: Tauros|Close Combat|p2b: Palafin\n|-damage|p2b: Palafin|19\/100 brn\n|-unboost|p1b: Tauros|def|1\n|-unboost|p1b: Tauros|spd|1\n|\n|-heal|p1a: Amoonguss|77\/100|[from] item: Leftovers\n|-damage|p2b: Palafin|13\/100 brn|[from] brn\n|upkeep\n|turn|13\n|\n|t:|1683095844\n|move|p1a: Amoonguss|Rage Powder|p1a: Amoonguss\n|-singleturn|p1a: Amoonguss|move: Rage Powder\n|move|p2b: Palafin|Jet Punch|p1a: Amoonguss\n|-resisted|p1a: Amoonguss\n|-damage|p1a: Amoonguss|71\/100\n|move|p1b: Tauros|Close Combat|p2b: Palafin\n|-damage|p2b: Palafin|0 fnt\n|-unboost|p1b: Tauros|def|1\n|-unboost|p1b: Tauros|spd|1\n|faint|p2b: Palafin\n|\n|win|Auraen\n|raw|Auraen's rating: 1257 → 1279<\/strong> (+22 for winning)\n|raw|Arcacagne's rating: 1217 → 1195<\/strong> (-22 for losing)\n","uploadtime":1683095856,"views":13,"p1id":"auraen","p2id":"arcacagne","formatid":"gen9vgc2023regulationc","rating":1195,"private":0,"password":""}