{"id":"gen9vgc2023regulationc-1849782288","p1":"wynantvgc","p2":"snow-pokepoke","format":"[Gen 9] VGC 2023 Regulation C","log":"|j|\u2606wynantvgc\n|j|\u2606snow-pokepoke\n|t:|1682250772\n|gametype|doubles\n|player|p1|wynantvgc|102|\n|player|p2|snow-pokepoke|#vgcwliikilowattrels|\n|teamsize|p1|6\n|teamsize|p2|6\n|gen|9\n|tier|[Gen 9] VGC 2023 Regulation C\n|rule|Species Clause: Limit one of each Pok\u00e9mon\n|rule|Item Clause: Limit one of each item\n|clearpoke\n|poke|p1|Gholdengo, L50|\n|poke|p1|Amoonguss, L50, M|\n|poke|p1|Kingambit, L50, F|\n|poke|p1|Dragonite, L50, M|\n|poke|p1|Dondozo, L50, F|\n|poke|p1|Tatsugiri-Stretchy, L50, M|\n|poke|p2|Glimmora, L50, F|\n|poke|p2|Flutter Mane, L50|\n|poke|p2|Wo-Chien, L50|\n|poke|p2|Arcanine, L50, F|\n|poke|p2|Dragonite, L50, F|\n|poke|p2|Chien-Pao, L50|\n|teampreview|4\n|c|\u2606snow-pokepoke|g1\nsnow-pokepoke has agreed to open team sheets.\n|c|\u2606wynantvgc|\uff11\nwynantvgc has agreed to open team sheets.\n|j| Toxic Infidel\n|c|\u2606wynantvgc|\u3067\u306f\u3001\u5bfe\u3088\u308d\u3067\u3059\n|c|\u2606snow-pokepoke|\u5bfe\u6226\u3088\u308d\u3057\u304f\u304a\u9858\u3044\u3057\u307e\u3059\uff01\n|j| Aldrich\n|j| rollacostavgc\n|j| baaaaat_\n|l| Aldrich\n|j| Aldrich\n|j| Svenvgc\n|j| benjinotnice\n|l| Aldrich\n|j| sempr9\n|j| duckpond\n|\n|t:|1682250949\n|start\n|switch|p1a: Kingambit|Kingambit, L50, F|100\/100\n|switch|p1b: Dondozo|Dondozo, L50, F|100\/100\n|switch|p2a: Flutter Mane|Flutter Mane, L50|100\/100\n|switch|p2b: Glimmora|Glimmora, L50, F|100\/100\n|-enditem|p2a: Flutter Mane|Booster Energy\n|-activate|p2a: Flutter Mane|ability: Protosynthesis|[fromitem]\n|-start|p2a: Flutter Mane|protosynthesisspa\n|turn|1\n|j| Kiyonamivgc\n|j| Aldrich\n|j| TamtamNi\n|j| Finabas\n|l| rollacostavgc\n|l| Aldrich\n|c| TamtamNi|please remember to use \/publicroom\n|c|\u2606wynantvgc|\/log wynantvgc made this room public.\n|c| TamtamNi|thank you!\n|\n|t:|1682251014\n|move|p2a: Flutter Mane|Protect|p2a: Flutter Mane\n|-singleturn|p2a: Flutter Mane|Protect\n|move|p1b: Dondozo|Protect|p1b: Dondozo\n|-singleturn|p1b: Dondozo|Protect\n|move|p2b: Glimmora|Earth Power|p1a: Kingambit\n|-supereffective|p1a: Kingambit\n|-damage|p1a: Kingambit|58\/100\n|move|p1a: Kingambit|Iron Head|p2b: Glimmora\n|-supereffective|p2b: Glimmora\n|-damage|p2b: Glimmora|3\/100\n|-activate|p2b: Glimmora|ability: Toxic Debris\n|-sidestart|p1: wynantvgc|move: Toxic Spikes\n|\n|upkeep\n|turn|2\n|j| FREEDOMFIGHTER28\n|j| rollacostavgc\n|j| Aldrich\n|\n|t:|1682251067\n|switch|p2b: Wo-Chien|Wo-Chien, L50|100\/100\n|-ability|p2b: Wo-Chien|Tablets of Ruin\n|switch|p1a: Tatsugiri|Tatsugiri-Stretchy, L50, M|100\/100\n|-activate|p1a: Tatsugiri|ability: Commander|[of] p1b: Dondozo\n|-boost|p1b: Dondozo|atk|2\n|-boost|p1b: Dondozo|spa|2\n|-boost|p1b: Dondozo|spe|2\n|-boost|p1b: Dondozo|def|2\n|-boost|p1b: Dondozo|spd|2\n|move|p2a: Flutter Mane|Substitute|p2a: Flutter Mane\n|-start|p2a: Flutter Mane|Substitute\n|-damage|p2a: Flutter Mane|76\/100\n|move|p1b: Dondozo|Order Up|p2b: Wo-Chien\n|-damage|p2b: Wo-Chien|74\/100\n|-boost|p1b: Dondozo|spe|1\n|\n|-heal|p2b: Wo-Chien|81\/100|[from] item: Leftovers\n|upkeep\n|turn|3\n|l| FREEDOMFIGHTER28\n|j| FREEDOMFIGHTER28\n|\n|t:|1682251112\n|move|p2a: Flutter Mane|Protect|p2a: Flutter Mane\n|-singleturn|p2a: Flutter Mane|Protect\n|move|p1b: Dondozo|Order Up|p2b: Wo-Chien\n|-damage|p2b: Wo-Chien|53\/100\n|-boost|p1b: Dondozo|spe|1\n|move|p2b: Wo-Chien|Pollen Puff|p1b: Dondozo\n|-damage|p1b: Dondozo|89\/100\n|\n|-heal|p2b: Wo-Chien|59\/100|[from] item: Leftovers\n|upkeep\n|turn|4\n|\n|t:|1682251125\n|move|p1b: Dondozo|Wave Crash|p2a: Flutter Mane\n|-end|p2a: Flutter Mane|Substitute\n|-damage|p1b: Dondozo|84\/100|[from] Recoil|[of] p2a: Flutter Mane\n|move|p2a: Flutter Mane|Substitute|p2a: Flutter Mane\n|-start|p2a: Flutter Mane|Substitute\n|-damage|p2a: Flutter Mane|51\/100\n|move|p2b: Wo-Chien|Leech Seed|p1b: Dondozo\n|-start|p1b: Dondozo|move: Leech Seed\n|\n|-heal|p2b: Wo-Chien|66\/100|[from] item: Leftovers\n|-damage|p1b: Dondozo|71\/100|[from] Leech Seed|[of] p2b: Wo-Chien\n|-heal|p2b: Wo-Chien|80\/100|[silent]\n|upkeep\n|turn|5\n|l| benjinotnice\n|l| rollacostavgc\n|\n|t:|1682251141\n|move|p2a: Flutter Mane|Protect|p2a: Flutter Mane\n|-singleturn|p2a: Flutter Mane|Protect\n|move|p2b: Wo-Chien|Protect|p2b: Wo-Chien\n|-singleturn|p2b: Wo-Chien|Protect\n|move|p1b: Dondozo|Order Up|p2b: Wo-Chien\n|-activate|p2b: Wo-Chien|move: Protect\n|\n|-heal|p2b: Wo-Chien|86\/100|[from] item: Leftovers\n|-damage|p1b: Dondozo|59\/100|[from] Leech Seed|[of] p2b: Wo-Chien\n|-heal|p2b: Wo-Chien|100\/100|[silent]\n|upkeep\n|turn|6\n|\n|t:|1682251155\n|move|p1b: Dondozo|Wave Crash|p2a: Flutter Mane\n|-end|p2a: Flutter Mane|Substitute\n|-damage|p1b: Dondozo|54\/100|[from] Recoil|[of] p2a: Flutter Mane\n|move|p2a: Flutter Mane|Substitute|p2a: Flutter Mane\n|-start|p2a: Flutter Mane|Substitute\n|-damage|p2a: Flutter Mane|26\/100\n|move|p2b: Wo-Chien|Pollen Puff|p2a: Flutter Mane\n|-heal|p2a: Flutter Mane|76\/100\n|\n|-damage|p1b: Dondozo|41\/100|[from] Leech Seed|[of] p2b: Wo-Chien\n|upkeep\n|turn|7\n|\n|t:|1682251197\n|move|p2a: Flutter Mane|Protect|p2a: Flutter Mane\n|-singleturn|p2a: Flutter Mane|Protect\n|move|p2b: Wo-Chien|Protect|p2b: Wo-Chien\n|-singleturn|p2b: Wo-Chien|Protect\n|move|p1b: Dondozo|Wave Crash|p2a: Flutter Mane\n|-activate|p2a: Flutter Mane|move: Protect\n|\n|-damage|p1b: Dondozo|29\/100|[from] Leech Seed|[of] p2b: Wo-Chien\n|upkeep\n|turn|8\n|\n|t:|1682251208\n|move|p1b: Dondozo|Wave Crash|p2a: Flutter Mane\n|-end|p2a: Flutter Mane|Substitute\n|-damage|p1b: Dondozo|24\/100|[from] Recoil|[of] p2a: Flutter Mane\n|move|p2a: Flutter Mane|Substitute|p2a: Flutter Mane\n|-start|p2a: Flutter Mane|Substitute\n|-damage|p2a: Flutter Mane|51\/100\n|move|p2b: Wo-Chien|Pollen Puff|p2a: Flutter Mane\n|-heal|p2a: Flutter Mane|100\/100\n|\n|-damage|p1b: Dondozo|11\/100|[from] Leech Seed|[of] p2b: Wo-Chien\n|upkeep\n|turn|9\n|l| FREEDOMFIGHTER28\n|\n|t:|1682251227\n|move|p2a: Flutter Mane|Protect|p2a: Flutter Mane\n|-singleturn|p2a: Flutter Mane|Protect\n|move|p2b: Wo-Chien|Protect|p2b: Wo-Chien\n|-singleturn|p2b: Wo-Chien|Protect\n|move|p1b: Dondozo|Order Up|p2b: Wo-Chien\n|-activate|p2b: Wo-Chien|move: Protect\n|\n|-damage|p1b: Dondozo|0 fnt|[from] Leech Seed|[of] p2b: Wo-Chien\n|faint|p1b: Dondozo\n|upkeep\n|\n|t:|1682251238\n|switch|p1b: Kingambit|Kingambit, L50, F|58\/100\n|turn|10\n|j| FREEDOMFIGHTER28\n|l| Aldrich\n|j| Aldrich\n|\n|t:|1682251278\n|-terastallize|p2a: Flutter Mane|Ghost\n|move|p1a: Tatsugiri|Muddy Water|p2a: Flutter Mane|[spread] p2a,p2b\n|-activate|p2a: Flutter Mane|move: Substitute|[damage]\n|-resisted|p2b: Wo-Chien\n|-damage|p2b: Wo-Chien|91\/100\n|move|p2a: Flutter Mane|Dazzling Gleam|p1b: Kingambit|[spread] p1a,p1b\n|-supereffective|p1a: Tatsugiri\n|-damage|p1a: Tatsugiri|20\/100\n|-damage|p1b: Kingambit|29\/100\n|move|p2b: Wo-Chien|Leech Seed|p1b: Kingambit\n|-start|p1b: Kingambit|move: Leech Seed\n|move|p1b: Kingambit|Iron Head|p2a: Flutter Mane\n|-end|p2a: Flutter Mane|Substitute\n|\n|-heal|p2b: Wo-Chien|97\/100|[from] item: Leftovers\n|-damage|p1b: Kingambit|17\/100|[from] Leech Seed|[of] p2b: Wo-Chien\n|-heal|p2b: Wo-Chien|100\/100|[silent]\n|upkeep\n|turn|11\n|l| Kiyonamivgc\n|\n|t:|1682251307\n|switch|p1b: Gholdengo|Gholdengo, L50|100\/100\n|move|p2a: Flutter Mane|Protect|p2a: Flutter Mane\n|-singleturn|p2a: Flutter Mane|Protect\n|move|p1a: Tatsugiri|Muddy Water|p2a: Flutter Mane|[spread] \n|-activate|p2a: Flutter Mane|move: Protect\n|-miss|p1a: Tatsugiri|p2b: Wo-Chien\n|move|p2b: Wo-Chien|Foul Play|p1b: Gholdengo\n|-supereffective|p1b: Gholdengo\n|-damage|p1b: Gholdengo|72\/100\n|\n|-heal|p1b: Gholdengo|78\/100|[from] item: Leftovers\n|upkeep\n|turn|12\n|\n|t:|1682251341\n|switch|p1a: Kingambit|Kingambit, L50, F|17\/100\n|-terastallize|p1b: Gholdengo|Water\n|move|p2a: Flutter Mane|Substitute|p2a: Flutter Mane\n|-start|p2a: Flutter Mane|Substitute\n|-damage|p2a: Flutter Mane|76\/100\n|move|p1b: Gholdengo|Make It Rain|p2b: Wo-Chien|[spread] p2a,p2b\n|-end|p2a: Flutter Mane|Substitute\n|-damage|p2b: Wo-Chien|75\/100\n|-unboost|p1b: Gholdengo|spa|1\n|move|p2b: Wo-Chien|Leech Seed|p1a: Kingambit\n|-start|p1a: Kingambit|move: Leech Seed\n|\n|-heal|p1b: Gholdengo|84\/100|[from] item: Leftovers\n|-heal|p2b: Wo-Chien|82\/100|[from] item: Leftovers\n|-damage|p1a: Kingambit|5\/100|[from] Leech Seed|[of] p2b: Wo-Chien\n|-heal|p2b: Wo-Chien|95\/100|[silent]\n|upkeep\n|turn|13\n|\n|t:|1682251388\n|move|p1a: Kingambit|Sucker Punch||[still]\n|-fail|p1a: Kingambit\n|move|p2a: Flutter Mane|Substitute|p2a: Flutter Mane\n|-start|p2a: Flutter Mane|Substitute\n|-damage|p2a: Flutter Mane|51\/100\n|move|p1b: Gholdengo|Nasty Plot|p1b: Gholdengo\n|-boost|p1b: Gholdengo|spa|2\n|move|p2b: Wo-Chien|Foul Play|p1a: Kingambit\n|-resisted|p1a: Kingambit\n|-damage|p1a: Kingambit|0 fnt\n|faint|p1a: Kingambit\n|\n|-heal|p1b: Gholdengo|90\/100|[from] item: Leftovers\n|-heal|p2b: Wo-Chien|100\/100|[from] item: Leftovers\n|upkeep\n|\n|t:|1682251392\n|switch|p1a: Tatsugiri|Tatsugiri-Stretchy, L50, M|20\/100\n|-status|p1a: Tatsugiri|psn\n|turn|14\n|\n|t:|1682251411\n|move|p1a: Tatsugiri|Icy Wind|p2b: Wo-Chien|[spread] p2a,p2b\n|-activate|p2a: Flutter Mane|move: Substitute|[damage]\n|-supereffective|p2b: Wo-Chien\n|-damage|p2b: Wo-Chien|86\/100\n|-unboost|p2b: Wo-Chien|spe|1\n|move|p2a: Flutter Mane|Shadow Ball|p1b: Gholdengo\n|-damage|p1b: Gholdengo|23\/100\n|-unboost|p1b: Gholdengo|spd|1\n|move|p1b: Gholdengo|Nasty Plot|p1b: Gholdengo\n|-boost|p1b: Gholdengo|spa|2\n|move|p2b: Wo-Chien|Pollen Puff|p1b: Gholdengo\n|-damage|p1b: Gholdengo|0 fnt\n|faint|p1b: Gholdengo\n|\n|-heal|p2b: Wo-Chien|92\/100|[from] item: Leftovers\n|-damage|p1a: Tatsugiri|8\/100 psn|[from] psn\n|upkeep\n|turn|15\n|c|\u2606wynantvgc|gg\n|-message|wynantvgc forfeited.\n|\n|win|snow-pokepoke\n|l|\u2606wynantvgc\n|c|\u2606snow-pokepoke|gg\n|j| rollacostavgc\n|l| rollacostavgc\n|j| Pasta e parmigiano\n|j| rollacostavgc\n|j| yarudake\n|l| FREEDOMFIGHTER28\n|l| sempr9\n|l| Pasta e parmigiano\n|l| rollacostavgc\n|l| TamtamNi\n|j| rkd272\n|l| rkd272\n|l| yarudake\n|l| duckpond\n","uploadtime":1682251437,"views":60,"p1id":"wynantvgc","p2id":"snowpokepoke","formatid":"gen9vgc2023regulationc","rating":0,"private":0,"password":""}