{"id":"gen9vgc2023regulationc-1846439473","p1":"charlie0301","p2":"Paladin Dawn","format":"[Gen 9] VGC 2023 Regulation C","log":"|j|\u2606charlie0301\n|j|\u2606Paladin Dawn\n|t:|1681840973\n|gametype|doubles\n|player|p1|charlie0301|265|\n|player|p2|Paladin Dawn|guitarist|\n|teamsize|p1|6\n|teamsize|p2|6\n|gen|9\n|tier|[Gen 9] VGC 2023 Regulation C\n|rule|Species Clause: Limit one of each Pok\u00e9mon\n|rule|Item Clause: Limit one of each item\n|clearpoke\n|poke|p1|Ting-Lu, L50|\n|poke|p1|Gothitelle, L50, F|\n|poke|p1|Flutter Mane, L50|\n|poke|p1|Amoonguss, L50, F|\n|poke|p1|Iron Hands, L50|\n|poke|p1|Arcanine, L50, M|\n|poke|p2|Flutter Mane, L50|\n|poke|p2|Baxcalibur, L50, F|\n|poke|p2|Ting-Lu, L50|\n|poke|p2|Amoonguss, L50, M|\n|poke|p2|Arcanine, L50, F|\n|poke|p2|Palafin, L50, F|\n|teampreview|4\n|inactive|Battle timer is ON: inactive players will automatically lose when time's up. (requested by charlie0301)\n|inactiveoff|Battle timer is now OFF.\ncharlie0301 has agreed to open team sheets.\nPaladin Dawn has agreed to open team sheets.\n|\n|t:|1681841043\n|start\n|switch|p1a: Void Fiend|Flutter Mane, L50|100\/100\n|switch|p1b: Captain|Arcanine, L50, M|100\/100\n|switch|p2a: Arcanine|Arcanine, L50, F, shiny|100\/100\n|switch|p2b: Flutter Mane|Flutter Mane, L50|100\/100\n|-ability|p2a: Arcanine|Intimidate|boost\n|-unboost|p1a: Void Fiend|atk|1\n|-unboost|p1b: Captain|atk|1\n|-ability|p1b: Captain|Intimidate|boost\n|-unboost|p2a: Arcanine|atk|1\n|-unboost|p2b: Flutter Mane|atk|1\n|turn|1\n|\n|t:|1681841122\n|move|p2a: Arcanine|Extreme Speed|p1b: Captain\n|-damage|p1b: Captain|86\/100\n|move|p1a: Void Fiend|Shadow Ball|p2b: Flutter Mane\n|-supereffective|p2b: Flutter Mane\n|-crit|p2b: Flutter Mane\n|-damage|p2b: Flutter Mane|0 fnt\n|faint|p2b: Flutter Mane\n|-end|p2b: Flutter Mane|Protosynthesis|[silent]\n|move|p1b: Captain|Flare Blitz|p2a: Arcanine\n|-resisted|p2a: Arcanine\n|-damage|p2a: Arcanine|82\/100\n|-damage|p1b: Captain|79\/100|[from] Recoil\n|\n|upkeep\n|\n|t:|1681841135\n|switch|p2b: Baxcalibur|Baxcalibur, L50, F|100\/100\n|turn|2\n|\n|t:|1681841165\n|-terastallize|p2b: Baxcalibur|Poison\n|move|p1a: Void Fiend|Shadow Ball|p2b: Baxcalibur\n|-damage|p2b: Baxcalibur|60\/100\n|-unboost|p2b: Baxcalibur|spd|1\n|move|p2a: Arcanine|Flare Blitz|p1a: Void Fiend\n|-crit|p1a: Void Fiend\n|-enditem|p1a: Void Fiend|Focus Sash\n|-damage|p1a: Void Fiend|1\/100\n|-damage|p2a: Arcanine|59\/100|[from] Recoil\n|move|p1b: Captain|Flare Blitz|p2b: Baxcalibur\n|-damage|p2b: Baxcalibur|27\/100\n|-ability|p2b: Baxcalibur|Thermal Exchange|boost\n|-boost|p2b: Baxcalibur|atk|1\n|-damage|p1b: Captain|67\/100|[from] Recoil\n|move|p2b: Baxcalibur|Icicle Spear|p1a: Void Fiend\n|-damage|p1a: Void Fiend|0 fnt\n|faint|p1a: Void Fiend\n|-end|p1a: Void Fiend|Protosynthesis|[silent]\n|-hitcount|p1: Void Fiend|1\n|\n|upkeep\n|\n|t:|1681841182\n|switch|p1a: Loader|Iron Hands, L50|100\/100\n|turn|3\n|\n|t:|1681841219\n|switch|p2a: Amoonguss|Amoonguss, L50, M|100\/100\n|move|p2b: Baxcalibur|Protect|p2b: Baxcalibur\n|-singleturn|p2b: Baxcalibur|Protect\n|move|p1a: Loader|Fake Out|p2a: Amoonguss\n|-damage|p2a: Amoonguss|90\/100\n|move|p1b: Captain|Extreme Speed|p2a: Amoonguss\n|-damage|p2a: Amoonguss|76\/100\n|\n|upkeep\n|turn|4\n|\n|t:|1681841246\n|switch|p1b: Engineer|Amoonguss, L50, F|100\/100\n|move|p2b: Baxcalibur|Icicle Spear|p1a: Loader\n|-damage|p1a: Loader|83\/100\n|-damage|p1a: Loader|69\/100\n|-damage|p1a: Loader|53\/100\n|-damage|p1a: Loader|37\/100\n|-hitcount|p1a: Loader|4\n|move|p1a: Loader|Volt Switch|p2b: Baxcalibur\n|-damage|p2b: Baxcalibur|10\/100\n|\n|t:|1681841261\n|-end|p1a: Loader|Quark Drive|[silent]\n|switch|p1a: Captain|Arcanine, L50, M|67\/100|[from] Volt Switch\n|-ability|p1a: Captain|Intimidate|boost\n|-unboost|p2a: Amoonguss|atk|1\n|-unboost|p2b: Baxcalibur|atk|1\n|move|p2a: Amoonguss|Pollen Puff|p2b: Baxcalibur\n|-heal|p2b: Baxcalibur|59\/100\n|\n|upkeep\n|turn|5\n|\n|t:|1681841307\n|switch|p2a: Arcanine|Arcanine, L50, F, shiny|59\/100\n|-ability|p2a: Arcanine|Intimidate|boost\n|-unboost|p1a: Captain|atk|1\n|-unboost|p1b: Engineer|atk|1\n|-terastallize|p1b: Engineer|Water\n|move|p1a: Captain|Flare Blitz|p2a: Arcanine\n|-resisted|p2a: Arcanine\n|-damage|p2a: Arcanine|41\/100\n|-damage|p1a: Captain|61\/100|[from] Recoil\n|move|p2b: Baxcalibur|Glaive Rush|p1a: Captain\n|-damage|p1a: Captain|0 fnt\n|-singlemove|p2b: Baxcalibur|Glaive Rush|[silent]\n|faint|p1a: Captain\n|move|p1b: Engineer|Spore|p2b: Baxcalibur\n|-status|p2b: Baxcalibur|slp|[from] move: Spore\n|\n|upkeep\n|\n|t:|1681841322\n|switch|p1a: Loader|Iron Hands, L50|37\/100\n|turn|6\n|\n|t:|1681841330\n|switch|p2b: Amoonguss|Amoonguss, L50, M|100\/100\n|move|p2a: Arcanine|Protect|p2a: Arcanine\n|-singleturn|p2a: Arcanine|Protect\n|move|p1a: Loader|Fake Out|p2a: Arcanine\n|-activate|p2a: Arcanine|move: Protect\n|move|p1b: Engineer|Pollen Puff|p1a: Loader\n|-heal|p1a: Loader|87\/100\n|\n|upkeep\n|turn|7\n|\n|t:|1681841366\n|move|p2a: Arcanine|Will-O-Wisp|p1b: Engineer|[miss]\n|-miss|p2a: Arcanine|p1b: Engineer\n|move|p1a: Loader|Drain Punch|p2a: Arcanine\n|-damage|p2a: Arcanine|0 fnt\n|-heal|p1a: Loader|100\/100|[from] drain|[of] p2a: Arcanine\n|faint|p2a: Arcanine\n|move|p2b: Amoonguss|Spore|p1a: Loader\n|-status|p1a: Loader|slp|[from] move: Spore\n|move|p1b: Engineer|Pollen Puff|p1a: Loader\n|-immune|p1a: Loader\n|\n|upkeep\n|\n|t:|1681841378\n|switch|p2a: Baxcalibur|Baxcalibur, L50, F, tera:Poison|59\/100 slp\n|turn|8\n|\n|t:|1681841399\n|move|p1b: Engineer|Protect|p1b: Engineer\n|-singleturn|p1b: Engineer|Protect\n|cant|p2a: Baxcalibur|slp\n|cant|p1a: Loader|slp\n|move|p2b: Amoonguss|Pollen Puff|p2a: Baxcalibur\n|-heal|p2a: Baxcalibur|100\/100 slp\n|\n|upkeep\n|turn|9\n|\n|t:|1681841415\n|cant|p2a: Baxcalibur|slp\n|cant|p1a: Loader|slp\n|move|p2b: Amoonguss|Spore|p1b: Engineer\n|-status|p1b: Engineer|slp|[from] move: Spore\n|cant|p1b: Engineer|slp\n|\n|upkeep\n|turn|10\n|\n|t:|1681841426\n|-curestatus|p2a: Baxcalibur|slp|[msg]\n|move|p2a: Baxcalibur|Glaive Rush|p1a: Loader\n|-damage|p1a: Loader|55\/100 slp\n|-singlemove|p2a: Baxcalibur|Glaive Rush|[silent]\n|cant|p1a: Loader|slp\n|move|p2b: Amoonguss|Spore|p1a: Loader\n|-fail|p1a: Loader|slp\n|cant|p1b: Engineer|slp\n|\n|upkeep\n|turn|11\n|\n|t:|1681841462\n|move|p2a: Baxcalibur|Icicle Spear|p1a: Loader\n|-damage|p1a: Loader|45\/100 slp\n|-damage|p1a: Loader|34\/100 slp\n|-damage|p1a: Loader|24\/100 slp\n|-damage|p1a: Loader|14\/100 slp\n|-damage|p1a: Loader|4\/100 slp\n|-hitcount|p1a: Loader|5\n|-curestatus|p1a: Loader|slp|[msg]\n|move|p1a: Loader|Wild Charge|p2a: Baxcalibur\n|-damage|p2a: Baxcalibur|61\/100\n|-damage|p1a: Loader|0 fnt|[from] Recoil\n|faint|p1a: Loader\n|-end|p1a: Loader|Quark Drive|[silent]\n|move|p2b: Amoonguss|Spore|p1b: Engineer\n|-fail|p1b: Engineer|slp\n|-curestatus|p1b: Engineer|slp|[msg]\n|move|p1b: Engineer|Spore|p2a: Baxcalibur\n|-status|p2a: Baxcalibur|slp|[from] move: Spore\n|\n|upkeep\n|turn|12\n|-message|charlie0301 forfeited.\n|\n|win|Paladin Dawn\n|c|\u2606charlie0301|gg\n","uploadtime":1681841486,"views":10,"p1id":"charlie0301","p2id":"paladindawn","formatid":"gen9vgc2023regulationc","rating":0,"private":0,"password":""}