{"id":"gen9vgc2023regulationc-1848177053","p1":"testlabmutant","p2":"ApplinFan773","format":"[Gen 9] VGC 2023 Regulation C","log":"|j|\u2606testlabmutant\n|j|\u2606ApplinFan773\n|t:|1682038840\n|gametype|doubles\n|player|p1|testlabmutant|169|1080\n|player|p2|ApplinFan773|cilan|1139\n|teamsize|p1|6\n|teamsize|p2|6\n|gen|9\n|tier|[Gen 9] VGC 2023 Regulation C\n|rated|\n|rule|Species Clause: Limit one of each Pok\u00e9mon\n|rule|Item Clause: Limit one of each item\n|clearpoke\n|poke|p1|Flutter Mane, L50|\n|poke|p1|Maushold-Four, L50|\n|poke|p1|Annihilape, L50, M|\n|poke|p1|Chi-Yu, L50|\n|poke|p1|Iron Bundle, L50|\n|poke|p1|Gothitelle, L50, M|\n|poke|p2|Maushold-Four, L50|\n|poke|p2|Flutter Mane, L50|\n|poke|p2|Scream Tail, L50|\n|poke|p2|Arboliva, L50, F|\n|poke|p2|Ceruledge, L50, M|\n|poke|p2|Salamence, L50, M|\n|teampreview|4\n|inactive|Battle timer is ON: inactive players will automatically lose when time's up. (requested by ApplinFan773)\n|c|\u2606ApplinFan773|Glhf\n|inactive|ApplinFan773 has 60 seconds left.\n|\n|t:|1682038897\n|start\n|switch|p1a: Flutter Mane|Flutter Mane, L50|100\/100\n|switch|p1b: Chi-Yu|Chi-Yu, L50|100\/100\n|switch|p2a: Grim Shady|Ceruledge, L50, M|100\/100\n|switch|p2b: Salami|Salamence, L50, M, shiny|100\/100\n|-ability|p1b: Chi-Yu|Beads of Ruin\n|-ability|p2b: Salami|Intimidate|boost\n|-unboost|p1a: Flutter Mane|atk|1\n|-unboost|p1b: Chi-Yu|atk|1\n|-enditem|p1a: Flutter Mane|Booster Energy\n|-activate|p1a: Flutter Mane|ability: Protosynthesis|[fromitem]\n|-start|p1a: Flutter Mane|protosynthesisspe\n|turn|1\n|\n|t:|1682038914\n|-terastallize|p2a: Grim Shady|Grass\n|move|p2b: Salami|Protect|p2b: Salami\n|-singleturn|p2b: Salami|Protect\n|move|p1a: Flutter Mane|Dazzling Gleam|p2b: Salami|[spread] p2a\n|-activate|p2b: Salami|move: Protect\n|-damage|p2a: Grim Shady|76\/100\n|move|p1b: Chi-Yu|Heat Wave|p2b: Salami|[spread] \n|-activate|p2b: Salami|move: Protect\n|-start|p2a: Grim Shady|ability: Flash Fire\n|move|p2a: Grim Shady|Close Combat|p1b: Chi-Yu\n|-supereffective|p1b: Chi-Yu\n|-damage|p1b: Chi-Yu|0 fnt\n|-unboost|p2a: Grim Shady|def|1\n|-unboost|p2a: Grim Shady|spd|1\n|faint|p1b: Chi-Yu\n|\n|upkeep\n|\n|t:|1682038931\n|switch|p1b: Iron Bundle|Iron Bundle, L50|100\/100\n|turn|2\n|inactive|ApplinFan773 has 30 seconds left.\n|\n|t:|1682038958\n|move|p1a: Flutter Mane|Dazzling Gleam|p2a: Grim Shady|[spread] p2a,p2b\n|-supereffective|p2b: Salami\n|-damage|p2a: Grim Shady|43\/100\n|-damage|p2b: Salami|24\/100\n|move|p1b: Iron Bundle|Hydro Pump|p2a: Grim Shady\n|-resisted|p2a: Grim Shady\n|-damage|p2a: Grim Shady|16\/100\n|move|p2b: Salami|Dragon Claw|p1b: Iron Bundle\n|-damage|p1b: Iron Bundle|54\/100\n|move|p2a: Grim Shady|Tera Blast|p1b: Iron Bundle\n|-supereffective|p1b: Iron Bundle\n|-damage|p1b: Iron Bundle|0 fnt\n|faint|p1b: Iron Bundle\n|-end|p1b: Iron Bundle|Quark Drive|[silent]\n|\n|upkeep\n|\n|t:|1682038971\n|switch|p1b: Gothitelle|Gothitelle, L50, M|100\/100\n|turn|3\n|\n|t:|1682038986\n|move|p1b: Gothitelle|Helping Hand|p1a: Flutter Mane\n|-singleturn|p1a: Flutter Mane|Helping Hand|[of] p1b: Gothitelle\n|move|p2b: Salami|Protect|p2b: Salami\n|-singleturn|p2b: Salami|Protect\n|move|p2a: Grim Shady|Shadow Sneak|p1a: Flutter Mane\n|-supereffective|p1a: Flutter Mane\n|-damage|p1a: Flutter Mane|2\/100\n|move|p1a: Flutter Mane|Dazzling Gleam|p2a: Grim Shady|[spread] p2a\n|-activate|p2b: Salami|move: Protect\n|-damage|p2a: Grim Shady|0 fnt\n|faint|p2a: Grim Shady\n|\n|upkeep\n|\n|t:|1682038998\n|switch|p2a: Myrtle|Flutter Mane, L50, shiny|100\/100\n|turn|4\n|\n|t:|1682039021\n|move|p2a: Myrtle|Protect|p2a: Myrtle\n|-singleturn|p2a: Myrtle|Protect\n|move|p1a: Flutter Mane|Shadow Ball|p2a: Myrtle\n|-activate|p2a: Myrtle|move: Protect\n|move|p2b: Salami|Dual Wingbeat|p1a: Flutter Mane\n|-damage|p1a: Flutter Mane|0 fnt\n|faint|p1a: Flutter Mane\n|-end|p1a: Flutter Mane|Protosynthesis|[silent]\n|-hitcount|p1: Flutter Mane|1\n|move|p1b: Gothitelle|Psychic|p2b: Salami\n|-damage|p2b: Salami|0 fnt\n|faint|p2b: Salami\n|\n|upkeep\n|\n|t:|1682039034\n|switch|p2b: The Millers|Maushold-Four, L50|100\/100\n|turn|5\n|\n|t:|1682039042\n|move|p2a: Myrtle|Shadow Ball|p1b: Gothitelle\n|-supereffective|p1b: Gothitelle\n|-damage|p1b: Gothitelle|15\/100\n|-unboost|p1b: Gothitelle|spd|1\n|-enditem|p1b: Gothitelle|Aguav Berry|[eat]\n|-heal|p1b: Gothitelle|49\/100|[from] item: Aguav Berry\n|-damage|p2a: Myrtle|91\/100|[from] item: Life Orb\n|move|p2b: The Millers|Population Bomb|p1b: Gothitelle\n|-damage|p1b: Gothitelle|37\/100\n|-damage|p1b: Gothitelle|26\/100\n|-damage|p1b: Gothitelle|13\/100\n|-damage|p1b: Gothitelle|1\/100\n|-damage|p1b: Gothitelle|0 fnt\n|faint|p1b: Gothitelle\n|-hitcount|p1: Gothitelle|5\n|\n|win|ApplinFan773\n|raw|testlabmutant's rating: 1080 → 1062<\/strong> (-18 for losing)\n|raw|ApplinFan773's rating: 1139 → 1160<\/strong> (+21 for winning)\n|c|\u2606ApplinFan773|gg wp\n","uploadtime":1682039068,"views":4,"p1id":"testlabmutant","p2id":"applinfan773","formatid":"gen9vgc2023regulationc","rating":1062,"private":0,"password":""}