{"id":"gen9vgc2023regulationc-1849094457","p1":"gbfgfgr5","p2":"nkolin","format":"[Gen 9] VGC 2023 Regulation C","log":"|j|\u2606gbfgfgr5\n|j|\u2606nkolin\n|t:|1682154219\n|gametype|doubles\n|player|p1|gbfgfgr5|102|1136\n|player|p2|nkolin|1|1114\n|teamsize|p1|6\n|teamsize|p2|6\n|gen|9\n|tier|[Gen 9] VGC 2023 Regulation C\n|rated|\n|rule|Species Clause: Limit one of each Pok\u00e9mon\n|rule|Item Clause: Limit one of each item\n|clearpoke\n|poke|p1|Torkoal, L50, F|\n|poke|p1|Chi-Yu, L50|\n|poke|p1|Bronzong, L50|\n|poke|p1|Gastrodon, L50, F|\n|poke|p1|Grimmsnarl, L50, M|\n|poke|p1|Skeledirge, L50, F|\n|poke|p2|Raichu, L50, M|\n|poke|p2|Dragapult, L50, F|\n|poke|p2|Iron Moth, L50|\n|poke|p2|Ting-Lu, L50|\n|poke|p2|Gholdengo, L50|\n|poke|p2|Sylveon, L50, M|\n|teampreview|4\n|inactive|Battle timer is ON: inactive players will automatically lose when time's up. (requested by gbfgfgr5)\n|\n|t:|1682154253\n|start\n|switch|p1a: Gastrodon|Gastrodon, L50, F|100\/100\n|switch|p1b: Grimmsnarl|Grimmsnarl, L50, M|100\/100\n|switch|p2a: Ting-Lu|Ting-Lu, L50|100\/100\n|switch|p2b: Iron Moth|Iron Moth, L50|100\/100\n|-ability|p2a: Ting-Lu|Vessel of Ruin\n|-enditem|p2b: Iron Moth|Booster Energy\n|-activate|p2b: Iron Moth|ability: Quark Drive|[fromitem]\n|-start|p2b: Iron Moth|quarkdrivespa\n|turn|1\n|inactive|nkolin has 30 seconds left.\n|inactive|nkolin has 20 seconds left.\n|inactive|nkolin has 15 seconds left.\n|\n|t:|1682154294\n|move|p1a: Gastrodon|Protect|p1a: Gastrodon\n|-singleturn|p1a: Gastrodon|Protect\n|move|p1b: Grimmsnarl|Trick|p2b: Iron Moth\n|-activate|p1b: Grimmsnarl|move: Trick|[of] p2b: Iron Moth\n|-item|p2b: Iron Moth|Lagging Tail|[from] move: Trick\n|-enditem|p1b: Grimmsnarl|Lagging Tail|[silent]|[from] move: Trick\n|move|p2b: Iron Moth|Sludge Wave|p1b: Grimmsnarl|[spread] p2a,p1b\n|-activate|p1a: Gastrodon|move: Protect\n|-resisted|p2a: Ting-Lu\n|-supereffective|p1b: Grimmsnarl\n|-damage|p2a: Ting-Lu|93\/100\n|-damage|p1b: Grimmsnarl|25\/100\n|move|p2a: Ting-Lu|Body Press|p1b: Grimmsnarl\n|-damage|p1b: Grimmsnarl|0 fnt\n|faint|p1b: Grimmsnarl\n|\n|upkeep\n|\n|t:|1682154310\n|switch|p1b: Skeledirge|Skeledirge, L50, F|100\/100\n|turn|2\n|\n|t:|1682154328\n|switch|p1a: Bronzong|Bronzong, L50|100\/100\n|move|p1b: Skeledirge|Encore|p2a: Ting-Lu\n|-start|p2a: Ting-Lu|Encore\n|move|p2a: Ting-Lu|Body Press|p1b: Skeledirge\n|-immune|p1b: Skeledirge\n|move|p2b: Iron Moth|Dazzling Gleam|p1a: Bronzong|[spread] p1a,p1b\n|-resisted|p1a: Bronzong\n|-resisted|p1b: Skeledirge\n|-damage|p1a: Bronzong|92\/100\n|-damage|p1b: Skeledirge|89\/100\n|\n|-heal|p1b: Skeledirge|95\/100|[from] item: Leftovers\n|upkeep\n|turn|3\n|\n|t:|1682154353\n|switch|p2a: Dragapult|Dragapult, L50, F|100\/100\n|move|p1b: Skeledirge|Encore|p2b: Iron Moth\n|-start|p2b: Iron Moth|Encore\n|move|p1a: Bronzong|Stomping Tantrum|p2b: Iron Moth\n|-supereffective|p2b: Iron Moth\n|-damage|p2b: Iron Moth|0 fnt\n|faint|p2b: Iron Moth\n|-end|p2b: Iron Moth|Quark Drive|[silent]\n|\n|-heal|p1b: Skeledirge|100\/100|[from] item: Leftovers\n|upkeep\n|\n|t:|1682154364\n|switch|p2b: Raichu|Raichu, L50, M|100\/100\n|turn|4\n|inactive|nkolin has 30 seconds left.\n|\n|t:|1682154391\n|move|p1b: Skeledirge|Protect|p1b: Skeledirge\n|-singleturn|p1b: Skeledirge|Protect\n|move|p2b: Raichu|Fake Out|p1a: Bronzong\n|-resisted|p1a: Bronzong\n|-damage|p1a: Bronzong|90\/100\n|move|p2a: Dragapult|Sucker Punch||[still]\n|-fail|p2a: Dragapult\n|cant|p1a: Bronzong|flinch\n|\n|upkeep\n|turn|5\n|\n|t:|1682154406\n|move|p2a: Dragapult|Sucker Punch||[still]\n|-fail|p2a: Dragapult\n|move|p2b: Raichu|Nuzzle|p1a: Bronzong\n|-damage|p1a: Bronzong|86\/100\n|-status|p1a: Bronzong|par\n|move|p1b: Skeledirge|Encore|p2a: Dragapult\n|-start|p2a: Dragapult|Encore\n|move|p1a: Bronzong|Trick Room|p1a: Bronzong\n|-fieldstart|move: Trick Room|[of] p1a: Bronzong\n|\n|upkeep\n|turn|6\n|\n|t:|1682154425\n|switch|p2a: Ting-Lu|Ting-Lu, L50|93\/100\n|-ability|p2a: Ting-Lu|Vessel of Ruin\n|-terastallize|p1b: Skeledirge|Fairy\n|move|p1a: Bronzong|Iron Head|p2a: Ting-Lu\n|-damage|p2a: Ting-Lu|80\/100\n|move|p1b: Skeledirge|Tera Blast|p2a: Ting-Lu\n|-supereffective|p2a: Ting-Lu\n|-damage|p2a: Ting-Lu|52\/100\n|move|p2b: Raichu|Nuzzle|p1b: Skeledirge\n|-crit|p1b: Skeledirge\n|-damage|p1b: Skeledirge|93\/100\n|-status|p1b: Skeledirge|par\n|\n|-heal|p1b: Skeledirge|99\/100 par|[from] item: Leftovers\n|upkeep\n|turn|7\n|inactive|nkolin has 30 seconds left.\n|\n|t:|1682154456\n|switch|p2a: Dragapult|Dragapult, L50, F|100\/100\n|move|p1a: Bronzong|Body Press|p2a: Dragapult\n|-immune|p2a: Dragapult\n|cant|p1b: Skeledirge|par\n|move|p2b: Raichu|Volt Switch|p1b: Skeledirge\n|-damage|p1b: Skeledirge|74\/100 par\n|\n|t:|1682154465\n|switch|p2b: Ting-Lu|Ting-Lu, L50|52\/100|[from] Volt Switch\n|-ability|p2b: Ting-Lu|Vessel of Ruin\n|\n|-heal|p1b: Skeledirge|80\/100 par|[from] item: Leftovers\n|upkeep\n|turn|8\n|\n|t:|1682154480\n|move|p1a: Bronzong|Body Press|p2b: Ting-Lu\n|-supereffective|p2b: Ting-Lu\n|-damage|p2b: Ting-Lu|25\/100\n|move|p1b: Skeledirge|Tera Blast|p2b: Ting-Lu\n|-supereffective|p2b: Ting-Lu\n|-damage|p2b: Ting-Lu|0 fnt\n|faint|p2b: Ting-Lu\n|move|p2a: Dragapult|U-turn|p1a: Bronzong\n|-damage|p1a: Bronzong|64\/100 par\n|\n|t:|1682154483\n|switch|p2a: Raichu|Raichu, L50, M|100\/100|[from] U-turn\n|\n|-heal|p1b: Skeledirge|86\/100 par|[from] item: Leftovers\n|upkeep\n|\n|t:|1682154488\n|switch|p2b: Dragapult|Dragapult, L50, F|100\/100\n|turn|9\n|\n|t:|1682154503\n|switch|p1a: Gastrodon|Gastrodon, L50, F|100\/100\n|-terastallize|p2b: Dragapult|Ghost\n|move|p2a: Raichu|Fake Out|p1a: Gastrodon\n|-damage|p1a: Gastrodon|92\/100\n|move|p2b: Dragapult|Sucker Punch||[still]\n|-fail|p2b: Dragapult\n|move|p1b: Skeledirge|Encore|p2a: Raichu\n|-start|p2a: Raichu|Encore\n|\n|-heal|p1b: Skeledirge|92\/100 par|[from] item: Leftovers\n|-fieldend|move: Trick Room\n|upkeep\n|turn|10\n|\n|t:|1682154521\n|move|p2a: Raichu|Fake Out||[still]\n|-hint|Fake Out only works on your first turn out.\n|-fail|p2a: Raichu\n|move|p2b: Dragapult|Sucker Punch|p1a: Gastrodon\n|-damage|p1a: Gastrodon|50\/100\n|move|p1a: Gastrodon|Earth Power|p2a: Raichu\n|-supereffective|p2a: Raichu\n|-damage|p2a: Raichu|14\/100\n|move|p1b: Skeledirge|Encore|p2b: Dragapult\n|-start|p2b: Dragapult|Encore\n|\n|-heal|p1b: Skeledirge|98\/100 par|[from] item: Leftovers\n|upkeep\n|turn|11\n|\n|t:|1682154536\n|switch|p1a: Bronzong|Bronzong, L50|64\/100 par\n|move|p2a: Raichu|Fake Out||[still]\n|-hint|Fake Out only works on your first turn out.\n|-fail|p2a: Raichu\n|move|p2b: Dragapult|Sucker Punch||[still]\n|-fail|p2b: Dragapult\n|move|p1b: Skeledirge|Torch Song|p2a: Raichu\n|-damage|p2a: Raichu|0 fnt\n|-boost|p1b: Skeledirge|spa|1\n|faint|p2a: Raichu\n|\n|-heal|p1b: Skeledirge|100\/100 par|[from] item: Leftovers\n|upkeep\n|turn|12\n|-message|nkolin forfeited.\n|\n|win|gbfgfgr5\n|raw|gbfgfgr5's rating: 1136 → 1159<\/strong> (+23 for winning)\n|raw|nkolin's rating: 1114 → 1091<\/strong> (-23 for losing)\n|l|\u2606nkolin\n","uploadtime":1682154547,"views":7,"p1id":"gbfgfgr5","p2id":"nkolin","formatid":"gen9vgc2023regulationc","rating":1091,"private":0,"password":""}