{"id":"gen9vgc2023regulationc-1857329002","p1":"xXFortniteGamerXx","p2":"Hikaru_VT1","format":"[Gen 9] VGC 2023 Regulation C","log":"|j|\u2606xXFortniteGamerXx\n|j|\u2606Hikaru_VT1\n|t:|1683174229\n|gametype|doubles\n|player|p1|xXFortniteGamerXx|gentleman-gen4|1147\n|player|p2|Hikaru_VT1|265|1133\n|teamsize|p1|6\n|teamsize|p2|6\n|gen|9\n|tier|[Gen 9] VGC 2023 Regulation C\n|rated|\n|rule|Species Clause: Limit one of each Pok\u00e9mon\n|rule|Item Clause: Limit one of each item\n|clearpoke\n|poke|p1|Ceruledge, L50, F|\n|poke|p1|Amoonguss, L50, F|\n|poke|p1|Gyarados, L50, F|\n|poke|p1|Ting-Lu, L50|\n|poke|p1|Flutter Mane, L50|\n|poke|p1|Iron Bundle, L50|\n|poke|p2|Flutter Mane, L50|\n|poke|p2|Chi-Yu, L50|\n|poke|p2|Roaring Moon, L50|\n|poke|p2|Jumpluff, L50, M|\n|poke|p2|Wo-Chien, L50|\n|poke|p2|Torkoal, L50, F|\n|teampreview|4\nxXFortniteGamerXx has agreed to open team sheets.\n|inactive|Battle timer is ON: inactive players will automatically lose when time's up. (requested by Hikaru_VT1)\n|\n|t:|1683174258\n|start\n|switch|p1a: Gyarados|Gyarados, L50, F|100\/100\n|switch|p1b: Ting-Lu|Ting-Lu, L50|100\/100\n|switch|p2a: Flutter Mane|Flutter Mane, L50|100\/100\n|switch|p2b: Wo-Chien|Wo-Chien, L50|100\/100\n|-ability|p1a: Gyarados|Intimidate|boost\n|-unboost|p2a: Flutter Mane|atk|1\n|-unboost|p2b: Wo-Chien|atk|1\n|-enditem|p2b: Wo-Chien|Eject Pack\n|\n|t:|1683174276\n|switch|p2b: Chi-Yu|Chi-Yu, L50|100\/100\n|-ability|p2b: Chi-Yu|Beads of Ruin\n|-ability|p1b: Ting-Lu|Vessel of Ruin\n|turn|1\n|inactive|xXFortniteGamerXx has 30 seconds left.\n|inactive|xXFortniteGamerXx has 20 seconds left.\n|inactive|xXFortniteGamerXx has 15 seconds left.\n|inactive|xXFortniteGamerXx has 10 seconds left.\n|\n|t:|1683174323\n|switch|p2b: Wo-Chien|Wo-Chien, L50|100\/100\n|-ability|p2b: Wo-Chien|Tablets of Ruin\n|-terastallize|p2a: Flutter Mane|Grass\n|move|p1a: Gyarados|Thunder Wave|p2a: Flutter Mane\n|-status|p2a: Flutter Mane|par\n|move|p1b: Ting-Lu|Heavy Slam|p2a: Flutter Mane\n|-damage|p2a: Flutter Mane|68\/100 par\n|cant|p2a: Flutter Mane|par\n|\n|upkeep\n|turn|2\n|\n|t:|1683174340\n|move|p1a: Gyarados|Taunt|p2b: Wo-Chien\n|-start|p2b: Wo-Chien|move: Taunt\n|move|p2b: Wo-Chien|Pollen Puff|p2a: Flutter Mane\n|-heal|p2a: Flutter Mane|100\/100 par\n|move|p1b: Ting-Lu|Ruination|p2b: Wo-Chien\n|-damage|p2b: Wo-Chien|51\/100\n|move|p2a: Flutter Mane|Trick Room|p2a: Flutter Mane\n|-fieldstart|move: Trick Room|[of] p2a: Flutter Mane\n|\n|upkeep\n|turn|3\n|inactive|xXFortniteGamerXx has 30 seconds left.\n|inactive|Hikaru_VT1 has 30 seconds left.\n|\n|t:|1683174368\n|move|p1a: Gyarados|Helping Hand|p1b: Ting-Lu\n|-singleturn|p1b: Ting-Lu|Helping Hand|[of] p1a: Gyarados\n|move|p2a: Flutter Mane|Substitute|p2a: Flutter Mane\n|-start|p2a: Flutter Mane|Substitute\n|-damage|p2a: Flutter Mane|76\/100 par\n|move|p1b: Ting-Lu|Rock Slide|p2a: Flutter Mane|[spread] p2a,p2b\n|-activate|p2a: Flutter Mane|move: Substitute|[damage]\n|-damage|p2b: Wo-Chien|30\/100\n|cant|p2b: Wo-Chien|flinch\n|\n|upkeep\n|turn|4\n|\n|t:|1683174389\n|switch|p2b: Chi-Yu|Chi-Yu, L50|100\/100\n|-ability|p2b: Chi-Yu|Beads of Ruin\n|move|p1a: Gyarados|Helping Hand|p1b: Ting-Lu\n|-singleturn|p1b: Ting-Lu|Helping Hand|[of] p1a: Gyarados\n|move|p2a: Flutter Mane|Dazzling Gleam|p1b: Ting-Lu|[spread] p1a,p1b\n|-supereffective|p1b: Ting-Lu\n|-damage|p1a: Gyarados|83\/100\n|-damage|p1b: Ting-Lu|74\/100\n|move|p1b: Ting-Lu|Rock Slide|p2a: Flutter Mane|[spread] p2a,p2b\n|-end|p2a: Flutter Mane|Substitute\n|-supereffective|p2b: Chi-Yu\n|-damage|p2b: Chi-Yu|24\/100\n|\n|upkeep\n|turn|5\n|c|\u2606xXFortniteGamerXx|average cybertron viewer\n|\n|t:|1683174413\n|move|p2a: Flutter Mane|Dazzling Gleam|p1b: Ting-Lu|[spread] p1a,p1b\n|-supereffective|p1b: Ting-Lu\n|-damage|p1a: Gyarados|66\/100\n|-damage|p1b: Ting-Lu|50\/100\n|move|p1b: Ting-Lu|Rock Slide|p2b: Chi-Yu|[spread] p2a,p2b\n|-supereffective|p2b: Chi-Yu\n|-damage|p2a: Flutter Mane|53\/100 par\n|-damage|p2b: Chi-Yu|0 fnt\n|faint|p2b: Chi-Yu\n|move|p1a: Gyarados|Taunt|p2a: Flutter Mane\n|-start|p2a: Flutter Mane|move: Taunt\n|\n|upkeep\n|\n|t:|1683174422\n|switch|p2b: Torkoal|Torkoal, L50, F|100\/100\n|-weather|SunnyDay|[from] ability: Drought|[of] p2b: Torkoal\n|-activate|p2a: Flutter Mane|ability: Protosynthesis\n|-start|p2a: Flutter Mane|protosynthesisspa\n|turn|6\n|\n|t:|1683174445\n|-terastallize|p1b: Ting-Lu|Poison\n|move|p2b: Torkoal|Helping Hand|p2a: Flutter Mane\n|-singleturn|p2a: Flutter Mane|Helping Hand|[of] p2b: Torkoal\n|move|p1a: Gyarados|Helping Hand|p1b: Ting-Lu\n|-singleturn|p1b: Ting-Lu|Helping Hand|[of] p1a: Gyarados\n|move|p2a: Flutter Mane|Dazzling Gleam|p1a: Gyarados|[spread] p1a,p1b\n|-resisted|p1b: Ting-Lu\n|-damage|p1a: Gyarados|39\/100\n|-damage|p1b: Ting-Lu|40\/100\n|-enditem|p1a: Gyarados|Sitrus Berry|[eat]\n|-heal|p1a: Gyarados|64\/100|[from] item: Sitrus Berry\n|move|p1b: Ting-Lu|Rock Slide|p2b: Torkoal|[spread] p2a,p2b\n|-supereffective|p2b: Torkoal\n|-damage|p2a: Flutter Mane|22\/100 par\n|-damage|p2b: Torkoal|59\/100\n|\n|-weather|SunnyDay|[upkeep]\n|-fieldend|move: Trick Room\n|upkeep\n|turn|7\n|-message|Hikaru_VT1 forfeited.\n|\n|win|xXFortniteGamerXx\n|raw|xXFortniteGamerXx's rating: 1147 → 1171<\/strong> (+24 for winning)\n|raw|Hikaru_VT1's rating: 1133 → 1109<\/strong> (-24 for losing)\n|l|\u2606Hikaru_VT1\n","uploadtime":1683174549,"views":8,"p1id":"xxfortnitegamerxx","p2id":"hikaruvt1","formatid":"gen9vgc2023regulationc","rating":1109,"private":0,"password":""}