{"id":"gen9vgc2023regulationc-1863979299","p1":"Derpyninja111","p2":"themodpros_Bros","format":"[Gen 9] VGC 2023 Regulation C","log":"|j|\u2606Derpyninja111\n|j|\u2606themodpros_Bros\n|t:|1684100688\n|gametype|doubles\n|player|p1|Derpyninja111|brycen|\n|player|p2|themodpros_Bros|265|\n|teamsize|p1|6\n|teamsize|p2|6\n|gen|9\n|tier|[Gen 9] VGC 2023 Regulation C\n|rule|Species Clause: Limit one of each Pok\u00e9mon\n|rule|Item Clause: Limit one of each item\n|clearpoke\n|poke|p1|Heracross, L50, F|\n|poke|p1|Chi-Yu, L50|\n|poke|p1|Qwilfish, L50, F|\n|poke|p1|Eiscue, L50, M|\n|poke|p1|Maushold-Four, L50|\n|poke|p1|Klefki, L50, M|\n|poke|p2|Chien-Pao, L50|\n|poke|p2|Garganacl, L50, M|\n|poke|p2|Kilowattrel, L50, F|\n|poke|p2|Salazzle, L50, F|\n|poke|p2|Impidimp, L50, M|\n|poke|p2|Quaquaval, L50, M|\n|teampreview|4\nthemodpros_Bros rejected open team sheets.\n|c|\u2606themodpros_Bros|so technically\n|c|\u2606themodpros_Bros|if i lost id play furius if i win i play cb\n|j| Fozzircf\n|c|\u2606themodpros_Bros|wait no\n|c|\u2606themodpros_Bros|LMFAOO\n|l| Fozzircf\n|c|\u2606themodpros_Bros|i think i play cp no matter what happens\n|j| Fozzircf\n|l| Fozzircf\n|j| Fozzircf\n|c|\u2606themodpros_Bros|fozzi confirm\n|c|\u2606themodpros_Bros|i play cp no matter the outcome here\n|c| Fozzircf|4-0 for you makes you level with furius\n|c|\u2606themodpros_Bros|he beat me\n|j| BarrelsOfCans\n|c|\u2606themodpros_Bros|and has all the other tie breakers tied\n|c| Fozzircf|Ok then. Yes. You face CP regardless\n|c|\u2606themodpros_Bros|so i feel like we have to give the edge to him\n|c|\u2606themodpros_Bros|well\n|c|\u2606themodpros_Bros|@vgc taking bribes\n|c|\u2606themodpros_Bros|lmfaoo\n|c| BarrelsOfCans|You cant throw on purpose remember\n|l| Fozzircf\n|\n|t:|1684100853\n|start\n|switch|p1a: Chi-Yu|Chi-Yu, L50|100\/100\n|switch|p1b: Maushold|Maushold-Four, L50|100\/100\n|switch|p2a: Garganacl|Garganacl, L50, M|100\/100\n|switch|p2b: Impidimp|Impidimp, L50, M, shiny|100\/100\n|-ability|p1a: Chi-Yu|Beads of Ruin\n|turn|1\n|c|\u2606themodpros_Bros|ill \"lose\"\n|c| BarrelsOfCans|I will call the cops if you do\n|c|\u2606themodpros_Bros|\"oops\"\n|j| Fozzircf\n|c| BarrelsOfCans|let me start typing your ip so i can send it if you lose\n|c|\u2606themodpros_Bros|lmfao\n|\n|t:|1684100901\n|-terastallize|p1a: Chi-Yu|Dark\n|move|p2b: Impidimp|Fake Out|p1a: Chi-Yu\n|-damage|p1a: Chi-Yu|92\/100\n|cant|p1a: Chi-Yu|flinch\n|move|p1b: Maushold|Population Bomb|p2b: Impidimp\n|-damage|p2b: Impidimp|56\/100\n|-damage|p2b: Impidimp|8\/100\n|-hitcount|p2b: Impidimp|2\n|move|p2a: Garganacl|Body Press|p1a: Chi-Yu\n|-supereffective|p1a: Chi-Yu\n|-damage|p1a: Chi-Yu|4\/100\n|\n|upkeep\n|turn|2\n|c|\u2606themodpros_Bros|it only hit twice\n|c|\u2606Derpyninja111|2 hits, mega cringe\n|c|\u2606themodpros_Bros|surves you right\n|\n|t:|1684100928\n|move|p2a: Garganacl|Protect|p2a: Garganacl\n|-singleturn|p2a: Garganacl|Protect\n|move|p2b: Impidimp|Light Screen|p2b: Impidimp\n|-sidestart|p2: themodpros_Bros|move: Light Screen\n|move|p1a: Chi-Yu|Dark Pulse|p2a: Garganacl\n|-activate|p2a: Garganacl|move: Protect\n|move|p1b: Maushold|Population Bomb|p2b: Impidimp\n|-damage|p2b: Impidimp|0 fnt\n|faint|p2b: Impidimp\n|-hitcount|p2: Impidimp|1\n|\n|upkeep\n|\n|t:|1684100939\n|switch|p2b: Salazzle|Salazzle, L50, F, shiny|100\/100\n|-item|p2b: Salazzle|Air Balloon\n|turn|3\n|c|\u2606themodpros_Bros|i forgot to adjust a certain set\n|c|\u2606themodpros_Bros|but idc because this match effects only vgc and you\n|c|\u2606themodpros_Bros|lol\n|\n|t:|1684100966\n|move|p2b: Salazzle|Fake Out|p1a: Chi-Yu\n|-damage|p1a: Chi-Yu|0 fnt\n|faint|p1a: Chi-Yu\n|move|p1b: Maushold|Population Bomb|p2b: Salazzle\n|-damage|p2b: Salazzle|72\/100\n|-enditem|p2b: Salazzle|Air Balloon\n|-crit|p2b: Salazzle\n|-damage|p2b: Salazzle|27\/100\n|-damage|p2b: Salazzle|0 fnt\n|faint|p2b: Salazzle\n|-hitcount|p2: Salazzle|3\n|move|p2a: Garganacl|Body Press|p1b: Maushold\n|-supereffective|p1b: Maushold\n|-damage|p1b: Maushold|16\/100\n|\n|upkeep\n|\n|t:|1684100973\n|switch|p2b: Kilowattrel|Kilowattrel, L50, F|100\/100\n|switch|p1a: Eiscue|Eiscue, L50, M|100\/100\n|turn|4\n|c| Fozzircf|You need more defense evs mod\n|c| BarrelsOfCans|216.2...\n|c| BarrelsOfCans|dont make me post the rest\n|c|\u2606themodpros_Bros|idek what my ip is\n|c| BarrelsOfCans|but i do :devilfaceemoji:\n|\n|t:|1684101009\n|move|p2b: Kilowattrel|Thunderbolt|p1a: Eiscue\n|-damage|p1a: Eiscue|22\/100\n|-enditem|p1a: Eiscue|Salac Berry|[eat]\n|-boost|p1a: Eiscue|spe|1|[from] item: Salac Berry\n|-damage|p2b: Kilowattrel|91\/100|[from] item: Life Orb\n|move|p1b: Maushold|Population Bomb|p2b: Kilowattrel\n|-damage|p2b: Kilowattrel|62\/100\n|-damage|p2b: Kilowattrel|30\/100\n|-damage|p2b: Kilowattrel|0 fnt\n|faint|p2b: Kilowattrel\n|-hitcount|p2: Kilowattrel|3\n|move|p1a: Eiscue|Ice Spinner|p2a: Garganacl\n|-damage|p2a: Garganacl|80\/100\n|move|p2a: Garganacl|Salt Cure|p1b: Maushold\n|-damage|p1b: Maushold|0 fnt\n|faint|p1b: Maushold\n|\n|-heal|p2a: Garganacl|86\/100|[from] item: Leftovers\n|upkeep\n|c|\u2606themodpros_Bros|lol\n|\n|t:|1684101024\n|switch|p1b: Klefki|Klefki, L50, M|100\/100\n|turn|5\n|c|\u2606themodpros_Bros|watch this\n|c|\u2606themodpros_Bros|this is why this mon is broken\n|\n|t:|1684101058\n|move|p1b: Klefki|Thunder Wave|p2a: Garganacl\n|-immune|p2a: Garganacl|[from] ability: Purifying Salt\n|move|p1a: Eiscue|Ice Spinner|p2a: Garganacl\n|-damage|p2a: Garganacl|67\/100\n|move|p2a: Garganacl|Salt Cure|p1b: Klefki\n|-resisted|p1b: Klefki\n|-damage|p1b: Klefki|94\/100\n|-start|p1b: Klefki|Salt Cure\n|\n|-heal|p2a: Garganacl|72\/100|[from] item: Leftovers\n|-damage|p1b: Klefki|69\/100|[from] Salt Cure\n|upkeep\n|turn|6\n|c| BarrelsOfCans|lets see it\n|c| Fozzircf|If mod has recover he probably cheeses here\n|c|\u2606Derpyninja111|oop\n|c| BarrelsOfCans|already paying off\n|c|\u2606themodpros_Bros|i shouldve tera electriced on kilo but i wanted to do this\n|c|\u2606themodpros_Bros|for the meme\n|\n|t:|1684101077\n|move|p1a: Eiscue|Ice Spinner|p2a: Garganacl\n|-damage|p2a: Garganacl|52\/100\n|move|p1b: Klefki|Dazzling Gleam|p2a: Garganacl\n|-damage|p2a: Garganacl|41\/100\n|move|p2a: Garganacl|Salt Cure|p1a: Eiscue\n|-activate|p1a: Eiscue|ability: Ice Face\n|-damage|p1a: Eiscue|22\/100\n|-start|p1a: Eiscue|Salt Cure\n|detailschange|p1a: Eiscue|Eiscue-Noice, L50, M\n|\n|-heal|p2a: Garganacl|46\/100|[from] item: Leftovers\n|-damage|p1a: Eiscue|10\/100|[from] Salt Cure\n|-damage|p1b: Klefki|44\/100|[from] Salt Cure\n|upkeep\n|turn|7\n|\n|t:|1684101091\n|move|p2a: Garganacl|Protect|p2a: Garganacl\n|-singleturn|p2a: Garganacl|Protect\n|move|p1a: Eiscue|Ice Spinner|p2a: Garganacl\n|-activate|p2a: Garganacl|move: Protect\n|move|p1b: Klefki|Dazzling Gleam|p2a: Garganacl\n|-activate|p2a: Garganacl|move: Protect\n|\n|-heal|p2a: Garganacl|52\/100|[from] item: Leftovers\n|-damage|p1a: Eiscue|0 fnt|[from] Salt Cure\n|faint|p1a: Eiscue\n|-damage|p1b: Klefki|19\/100|[from] Salt Cure\n|upkeep\n|turn|8\n|\n|t:|1684101102\n|move|p2a: Garganacl|Protect||[still]\n|-fail|p2a: Garganacl\n|move|p1b: Klefki|Dazzling Gleam|p2a: Garganacl\n|-damage|p2a: Garganacl|40\/100\n|\n|-heal|p2a: Garganacl|45\/100|[from] item: Leftovers\n|-damage|p1b: Klefki|0 fnt|[from] Salt Cure\n|faint|p1b: Klefki\n|\n|win|themodpros_Bros\n|upkeep\n|c|\u2606themodpros_Bros|i had recover\n|c|\u2606themodpros_Bros|but this is funnier\n|c| Fozzircf|And that is that\n|c|\u2606Derpyninja111|yeah I didnt doubt it\n|c| BarrelsOfCans|your ip survives today mod\n|c|\u2606themodpros_Bros|sorry derpy\n|c|\u2606Derpyninja111|gg\n|l| Fozzircf\n|c|\u2606themodpros_Bros|if you hadnt haxed me i couldve gotten higher than furius in seed\n|l| BarrelsOfCans\n|c|\u2606Derpyninja111|good, furius for the W\n|j| Fozzircf\n|c|\u2606themodpros_Bros|now he plays theo\n|c|\u2606themodpros_Bros|i wouldve played theo or vgc if he 8-0s\n","uploadtime":1684101186,"views":10,"p1id":"derpyninja111","p2id":"themodprosbros","formatid":"gen9vgc2023regulationc","rating":0,"private":0,"password":""}