{"id":"gen9vgc2023regulationc-1851341500","p1":"ljhartman","p2":"JustMark1","format":"[Gen 9] VGC 2023 Regulation C","log":"|j|\u2606ljhartman\n|j|\u2606JustMark1\n|t:|1682437286\n|gametype|doubles\n|player|p1|ljhartman|169|1088\n|player|p2|JustMark1|2|1028\n|teamsize|p1|6\n|teamsize|p2|6\n|gen|9\n|tier|[Gen 9] VGC 2023 Regulation C\n|rated|\n|rule|Species Clause: Limit one of each Pok\u00e9mon\n|rule|Item Clause: Limit one of each item\n|clearpoke\n|poke|p1|Arcanine, L50, F|\n|poke|p1|Haxorus, L50, M|\n|poke|p1|Amoonguss, L50, M|\n|poke|p1|Flutter Mane, L50|\n|poke|p1|Gyarados, L50, F|\n|poke|p1|Vivillon-Fancy, L50, F|\n|poke|p2|Scizor, L50, M|\n|poke|p2|Quaquaval, L50, F|\n|poke|p2|Volcarona, L50, F|\n|poke|p2|Sableye, L50, M|\n|poke|p2|Flutter Mane, L50|\n|poke|p2|Baxcalibur, L50, F|\n|teampreview|4\nljhartman has agreed to open team sheets.\nJustMark1 has agreed to open team sheets.\n|inactive|Battle timer is ON: inactive players will automatically lose when time's up. (requested by ljhartman)\n|\n|t:|1682437343\n|start\n|switch|p1a: Gyarados|Gyarados, L50, F|100\/100\n|switch|p1b: Amoonguss|Amoonguss, L50, M|100\/100\n|switch|p2a: Flutter Mane|Flutter Mane, L50|100\/100\n|switch|p2b: Quaquaval|Quaquaval, L50, F|100\/100\n|-ability|p1a: Gyarados|Intimidate|boost\n|-unboost|p2a: Flutter Mane|atk|1\n|-unboost|p2b: Quaquaval|atk|1\n|-enditem|p2a: Flutter Mane|Booster Energy\n|-activate|p2a: Flutter Mane|ability: Protosynthesis|[fromitem]\n|-start|p2a: Flutter Mane|protosynthesisspe\n|turn|1\n|inactive|ljhartman has 30 seconds left.\n|inactive|JustMark1 has 30 seconds left.\n|inactive|JustMark1 has 20 seconds left.\n|\n|t:|1682437379\n|move|p1b: Amoonguss|Rage Powder|p1b: Amoonguss\n|-singleturn|p1b: Amoonguss|move: Rage Powder\n|move|p2a: Flutter Mane|Dazzling Gleam|p1b: Amoonguss|[spread] p1a,p1b\n|-resisted|p1b: Amoonguss\n|-damage|p1a: Gyarados|74\/100\n|-damage|p1b: Amoonguss|88\/100\n|move|p1a: Gyarados|Iron Head|p2a: Flutter Mane\n|-supereffective|p2a: Flutter Mane\n|-damage|p2a: Flutter Mane|34\/100\n|move|p2b: Quaquaval|Aqua Step|p1b: Amoonguss\n|-resisted|p1b: Amoonguss\n|-damage|p1b: Amoonguss|77\/100\n|-boost|p2b: Quaquaval|spe|1\n|-damage|p2b: Quaquaval|84\/100|[from] item: Rocky Helmet|[of] p1b: Amoonguss\n|\n|upkeep\n|turn|2\n|inactive|JustMark1 has 30 seconds left.\n|\n|t:|1682437409\n|-end|p2a: Flutter Mane|Protosynthesis|[silent]\n|switch|p2a: Volcarona|Volcarona, L50, F|100\/100\n|move|p1a: Gyarados|Iron Head|p2a: Volcarona\n|-resisted|p2a: Volcarona\n|-damage|p2a: Volcarona|85\/100\n|move|p2b: Quaquaval|Ice Spinner|p1b: Amoonguss\n|-supereffective|p1b: Amoonguss\n|-crit|p1b: Amoonguss\n|-damage|p1b: Amoonguss|16\/100\n|-damage|p2b: Quaquaval|68\/100|[from] item: Rocky Helmet|[of] p1b: Amoonguss\n|move|p1b: Amoonguss|Spore|p2b: Quaquaval\n|-status|p2b: Quaquaval|slp|[from] move: Spore\n|\n|-heal|p2a: Volcarona|91\/100|[from] item: Leftovers\n|upkeep\n|turn|3\n|inactive|ljhartman has 30 seconds left.\n|\n|t:|1682437438\n|switch|p1a: Arcanine|Arcanine, L50, F|100\/100\n|-ability|p1a: Arcanine|Intimidate|boost\n|-unboost|p2a: Volcarona|atk|1\n|-unboost|p2b: Quaquaval|atk|1\n|-terastallize|p2a: Volcarona|Psychic\n|cant|p2b: Quaquaval|slp\n|move|p2a: Volcarona|Psychic|p1b: Amoonguss\n|-supereffective|p1b: Amoonguss\n|-damage|p1b: Amoonguss|0 fnt\n|faint|p1b: Amoonguss\n|\n|-heal|p2a: Volcarona|97\/100|[from] item: Leftovers\n|upkeep\n|\n|t:|1682437446\n|switch|p1b: Gyarados|Gyarados, L50, F|74\/100\n|-ability|p1b: Gyarados|Intimidate|boost\n|-unboost|p2a: Volcarona|atk|1\n|-unboost|p2b: Quaquaval|atk|1\n|turn|4\n|inactive|ljhartman has 30 seconds left.\n|inactive|JustMark1 has 30 seconds left.\n|inactive|ljhartman has 20 seconds left.\n|inactive|ljhartman has 15 seconds left.\n|\n|t:|1682437488\n|-terastallize|p1a: Arcanine|Flying\n|move|p1b: Gyarados|Earthquake|p2a: Volcarona|[spread] p2a,p2b\n|-immune|p1a: Arcanine\n|-damage|p2a: Volcarona|68\/100\n|-damage|p2b: Quaquaval|31\/100 slp\n|-curestatus|p2b: Quaquaval|slp|[msg]\n|move|p2b: Quaquaval|Aqua Step|p1a: Arcanine\n|-damage|p1a: Arcanine|82\/100\n|-boost|p2b: Quaquaval|spe|1\n|move|p2a: Volcarona|Psychic|p1b: Gyarados\n|-damage|p1b: Gyarados|31\/100\n|move|p1a: Arcanine|Heat Wave|p2b: Quaquaval|[spread] p2a,p2b\n|-resisted|p2b: Quaquaval\n|-damage|p2a: Volcarona|43\/100\n|-damage|p2b: Quaquaval|20\/100\n|-status|p2a: Volcarona|brn\n|-status|p2b: Quaquaval|brn\n|\n|-heal|p2a: Volcarona|49\/100 brn|[from] item: Leftovers\n|-damage|p2b: Quaquaval|14\/100 brn|[from] brn\n|-damage|p2a: Volcarona|43\/100 brn|[from] brn\n|upkeep\n|turn|5\n|inactive|ljhartman has 30 seconds left.\n|inactive|JustMark1 has 30 seconds left.\n|\n|t:|1682437518\n|move|p2b: Quaquaval|Close Combat|p1a: Arcanine\n|-resisted|p1a: Arcanine\n|-damage|p1a: Arcanine|76\/100\n|-unboost|p2b: Quaquaval|def|1\n|-unboost|p2b: Quaquaval|spd|1\n|move|p1b: Gyarados|Earthquake|p2a: Volcarona|[spread] p2a,p2b\n|-immune|p1a: Arcanine\n|-damage|p2a: Volcarona|16\/100 brn\n|-damage|p2b: Quaquaval|0 fnt\n|faint|p2b: Quaquaval\n|move|p2a: Volcarona|Psychic|p1b: Gyarados\n|-damage|p1b: Gyarados|0 fnt\n|faint|p1b: Gyarados\n|move|p1a: Arcanine|Heat Wave|p2a: Volcarona\n|-damage|p2a: Volcarona|0 fnt\n|faint|p2a: Volcarona\n|\n|upkeep\n|c|\u2606ljhartman|learn your type chart bro\n|\n|t:|1682437536\n|switch|p2a: Baxcalibur|Baxcalibur, L50, F|100\/100\n|switch|p1b: Flutter Mane|Flutter Mane, L50|100\/100\n|switch|p2b: Flutter Mane|Flutter Mane, L50|34\/100\n|-enditem|p1b: Flutter Mane|Booster Energy\n|-activate|p1b: Flutter Mane|ability: Protosynthesis|[fromitem]\n|-start|p1b: Flutter Mane|protosynthesisspe\n|turn|6\n|inactive|ljhartman has 30 seconds left.\n|inactive|JustMark1 has 30 seconds left.\n|\n|t:|1682437567\n|move|p1b: Flutter Mane|Protect|p1b: Flutter Mane\n|-singleturn|p1b: Flutter Mane|Protect\n|move|p2a: Baxcalibur|Ice Shard|p1a: Arcanine\n|-supereffective|p1a: Arcanine\n|-damage|p1a: Arcanine|26\/100\n|-enditem|p1a: Arcanine|Sitrus Berry|[eat]\n|-heal|p1a: Arcanine|51\/100|[from] item: Sitrus Berry\n|move|p2b: Flutter Mane|Thunderbolt|p1a: Arcanine\n|-supereffective|p1a: Arcanine\n|-damage|p1a: Arcanine|7\/100\n|move|p1a: Arcanine|Heat Wave|p2a: Baxcalibur|[spread] p2b\n|-miss|p1a: Arcanine|p2a: Baxcalibur\n|-damage|p2b: Flutter Mane|11\/100\n|\n|upkeep\n|turn|7\n|inactive|ljhartman has 30 seconds left.\n|\n|t:|1682437593\n|move|p2a: Baxcalibur|Ice Shard|p1a: Arcanine\n|-supereffective|p1a: Arcanine\n|-damage|p1a: Arcanine|0 fnt\n|faint|p1a: Arcanine\n|move|p1b: Flutter Mane|Dazzling Gleam|p2b: Flutter Mane|[spread] p2a,p2b\n|-supereffective|p2a: Baxcalibur\n|-damage|p2a: Baxcalibur|40\/100\n|-damage|p2b: Flutter Mane|0 fnt\n|faint|p2b: Flutter Mane\n|-end|p2b: Flutter Mane|Protosynthesis|[silent]\n|\n|upkeep\n|turn|8\n|\n|t:|1682437604\n|move|p2a: Baxcalibur|Ice Shard|p1b: Flutter Mane\n|-damage|p1b: Flutter Mane|55\/100\n|move|p1b: Flutter Mane|Dazzling Gleam|p2a: Baxcalibur\n|-supereffective|p2a: Baxcalibur\n|-damage|p2a: Baxcalibur|0 fnt\n|faint|p2a: Baxcalibur\n|\n|win|ljhartman\n|raw|ljhartman's rating: 1088 → 1110<\/strong> (+22 for winning)\n|raw|JustMark1's rating: 1028 → 1016<\/strong> (-12 for losing)\n|c|\u2606ljhartman|gg\n|l|\u2606JustMark1\n","uploadtime":1682437615,"views":20,"p1id":"ljhartman","p2id":"justmark1","formatid":"gen9vgc2023regulationc","rating":1016,"private":0,"password":""}