{"id":"gen9vgc2023regulationc-1846610998","p1":"Katman40","p2":"Chavalonmaster","format":"[Gen 9] VGC 2023 Regulation C","log":"|j|\u2606Katman40\n|j|\u2606Chavalonmaster\n|t:|1681857061\n|gametype|doubles\n|player|p1|Katman40|265|1079\n|player|p2|Chavalonmaster|1|1171\n|teamsize|p1|6\n|teamsize|p2|6\n|gen|9\n|tier|[Gen 9] VGC 2023 Regulation C\n|rated|\n|rule|Species Clause: Limit one of each Pok\u00e9mon\n|rule|Item Clause: Limit one of each item\n|clearpoke\n|poke|p1|Tauros-Paldea-Blaze, L50, M|\n|poke|p1|Roaring Moon, L50|\n|poke|p1|Palafin, L50, M|\n|poke|p1|Brute Bonnet, L50|\n|poke|p1|Chi-Yu, L50|\n|poke|p1|Glimmora, L50, F|\n|poke|p2|Goodra, L50, M|\n|poke|p2|Palafin, L50, M|\n|poke|p2|Lumineon, L50, F|\n|poke|p2|Iron Valiant, L50|\n|poke|p2|Chien-Pao, L50|\n|poke|p2|Zoroark, L50, M|\n|teampreview|4\n|\n|t:|1681857097\n|start\n|switch|p1a: Roaring Moon|Roaring Moon, L50|100\/100\n|switch|p1b: Brute Bonnet|Brute Bonnet, L50|100\/100\n|switch|p2a: Goodra|Goodra, L50, M, shiny|100\/100\n|switch|p2b: Palafin|Palafin, L50, M, shiny|100\/100\n|-enditem|p1a: Roaring Moon|Booster Energy\n|-activate|p1a: Roaring Moon|ability: Protosynthesis|[fromitem]\n|-start|p1a: Roaring Moon|protosynthesisatk\n|turn|1\n|\n|t:|1681857128\n|detailschange|p2b: Palafin|Palafin-Hero, L50, M, shiny\n|switch|p2b: Lumineon|Lumineon, L50, F, shiny|100\/100\n|-terastallize|p2a: Goodra|Poison\n|move|p1a: Roaring Moon|Protect|p1a: Roaring Moon\n|-singleturn|p1a: Roaring Moon|Protect\n|move|p2a: Goodra|Rain Dance|p2a: Goodra\n|-weather|RainDance\n|move|p1b: Brute Bonnet|Bullet Seed|p2b: Lumineon\n|-supereffective|p2b: Lumineon\n|-damage|p2b: Lumineon|70\/100\n|-supereffective|p2b: Lumineon\n|-damage|p2b: Lumineon|39\/100\n|-supereffective|p2b: Lumineon\n|-damage|p2b: Lumineon|12\/100\n|-supereffective|p2b: Lumineon\n|-damage|p2b: Lumineon|0 fnt\n|faint|p2b: Lumineon\n|-hitcount|p2: Lumineon|4\n|\n|-weather|RainDance|[upkeep]\n|upkeep\n|\n|t:|1681857149\n|switch|p2b: Chien-Pao|Chien-Pao, L50|100\/100\n|-ability|p2b: Chien-Pao|Sword of Ruin\n|turn|2\n|\n|t:|1681857167\n|move|p2b: Chien-Pao|Protect|p2b: Chien-Pao\n|-singleturn|p2b: Chien-Pao|Protect\n|move|p1a: Roaring Moon|Breaking Swipe|p2a: Goodra|[spread] p2a\n|-activate|p2b: Chien-Pao|move: Protect\n|-damage|p2a: Goodra|58\/100\n|-unboost|p2a: Goodra|atk|1\n|-ability|p2a: Goodra|Gooey\n|-unboost|p1a: Roaring Moon|spe|1\n|move|p2a: Goodra|Thunder|p1a: Roaring Moon\n|-resisted|p1a: Roaring Moon\n|-damage|p1a: Roaring Moon|86\/100\n|-status|p1a: Roaring Moon|par\n|move|p1b: Brute Bonnet|Spore|p2a: Goodra\n|-activate|p2a: Goodra|item: Safety Goggles|Spore\n|\n|-weather|RainDance|[upkeep]\n|upkeep\n|turn|3\n|\n|t:|1681857200\n|move|p1b: Brute Bonnet|Rage Powder|p1b: Brute Bonnet\n|-singleturn|p1b: Brute Bonnet|move: Rage Powder\n|move|p2b: Chien-Pao|Ice Spinner|p1b: Brute Bonnet\n|-supereffective|p1b: Brute Bonnet\n|-damage|p1b: Brute Bonnet|11\/100\n|move|p2a: Goodra|Dragon Pulse|p1a: Roaring Moon\n|-supereffective|p1a: Roaring Moon\n|-damage|p1a: Roaring Moon|19\/100 par\n|cant|p1a: Roaring Moon|par\n|\n|-weather|RainDance|[upkeep]\n|upkeep\n|turn|4\n|\n|t:|1681857249\n|move|p1b: Brute Bonnet|Sucker Punch|p2a: Goodra\n|-damage|p2a: Goodra|12\/100\n|-ability|p2a: Goodra|Gooey\n|-unboost|p1b: Brute Bonnet|spe|1\n|move|p2b: Chien-Pao|Sacred Sword|p1b: Brute Bonnet\n|-supereffective|p1b: Brute Bonnet\n|-damage|p1b: Brute Bonnet|0 fnt\n|faint|p1b: Brute Bonnet\n|-end|p1b: Brute Bonnet|Protosynthesis|[silent]\n|move|p2a: Goodra|Dragon Pulse|p1a: Roaring Moon\n|-supereffective|p1a: Roaring Moon\n|-damage|p1a: Roaring Moon|0 fnt\n|faint|p1a: Roaring Moon\n|-end|p1a: Roaring Moon|Protosynthesis|[silent]\n|\n|-weather|RainDance|[upkeep]\n|upkeep\n|\n|t:|1681857265\n|switch|p1a: Palafin|Palafin, L50, M|100\/100\n|switch|p1b: Chi-Yu|Chi-Yu, L50|100\/100\n|-ability|p1b: Chi-Yu|Beads of Ruin\n|turn|5\n|\n|t:|1681857281\n|move|p2b: Chien-Pao|Protect|p2b: Chien-Pao\n|-singleturn|p2b: Chien-Pao|Protect\n|move|p1b: Chi-Yu|Protect|p1b: Chi-Yu\n|-singleturn|p1b: Chi-Yu|Protect\n|move|p1a: Palafin|Jet Punch|p2a: Goodra\n|-damage|p2a: Goodra|0 fnt\n|-ability|p2a: Goodra|Gooey\n|-unboost|p1a: Palafin|spe|1\n|faint|p2a: Goodra\n|\n|-weather|none\n|upkeep\n|\n|t:|1681857295\n|switch|p2a: Palafin|Palafin-Hero, L50, M, shiny|100\/100\n|-activate|p2a: Palafin|ability: Zero to Hero\n|turn|6\n|\n|t:|1681857317\n|-terastallize|p1b: Chi-Yu|Fire\n|move|p2a: Palafin|Jet Punch|p1b: Chi-Yu\n|-supereffective|p1b: Chi-Yu\n|-enditem|p1b: Chi-Yu|Focus Sash\n|-damage|p1b: Chi-Yu|1\/100\n|move|p2b: Chien-Pao|Sacred Sword|p1b: Chi-Yu\n|-damage|p1b: Chi-Yu|0 fnt\n|faint|p1b: Chi-Yu\n|move|p1a: Palafin|Iron Head|p2a: Palafin\n|-resisted|p2a: Palafin\n|-damage|p2a: Palafin|87\/100\n|\n|upkeep\n|turn|7\n|\n|t:|1681857337\n|move|p2b: Chien-Pao|Psychic Fangs|p1a: Palafin\n|-damage|p1a: Palafin|58\/100\n|move|p2a: Palafin|Bulk Up|p2a: Palafin\n|-boost|p2a: Palafin|atk|1\n|-boost|p2a: Palafin|def|1\n|move|p1a: Palafin|Wave Crash|p2b: Chien-Pao\n|-damage|p2b: Chien-Pao|22\/100\n|-damage|p1a: Palafin|38\/100|[from] Recoil\n|\n|upkeep\n|turn|8\n|\n|t:|1681857352\n|move|p2b: Chien-Pao|Protect|p2b: Chien-Pao\n|-singleturn|p2b: Chien-Pao|Protect\n|move|p1a: Palafin|Jet Punch|p2b: Chien-Pao\n|-activate|p2b: Chien-Pao|move: Protect\n|move|p2a: Palafin|Drain Punch|p1a: Palafin\n|-damage|p1a: Palafin|0 fnt\n|-heal|p2a: Palafin|100\/100|[from] drain|[of] p1a: Palafin\n|faint|p1a: Palafin\n|\n|win|Chavalonmaster\n|raw|Katman40's rating: 1079 → 1063<\/strong> (-16 for losing)\n|raw|Chavalonmaster's rating: 1171 → 1190<\/strong> (+19 for winning)\n|l|\u2606Katman40\n","uploadtime":1681857385,"views":14,"p1id":"katman40","p2id":"chavalonmaster","formatid":"gen9vgc2023regulationc","rating":1063,"private":0,"password":""}