{"id":"gen9vgc2023regulationc-1845083320","p1":"H2obama","p2":"conte di Cavour","format":"[Gen 9] VGC 2023 Regulation C","log":"|j|\u2606H2obama\n|j|\u2606conte di Cavour\n|t:|1681681578\n|gametype|doubles\n|player|p1|H2obama|drayden|1093\n|player|p2|conte di Cavour|volkner|1010\n|teamsize|p1|6\n|teamsize|p2|6\n|gen|9\n|tier|[Gen 9] VGC 2023 Regulation C\n|rated|\n|rule|Species Clause: Limit one of each Pok\u00e9mon\n|rule|Item Clause: Limit one of each item\n|clearpoke\n|poke|p1|Amoonguss, L50, F|\n|poke|p1|Ceruledge, L50, M|\n|poke|p1|Palafin, L50, F|\n|poke|p1|Sandy Shocks, L50|\n|poke|p1|Corviknight, L50, M|\n|poke|p1|Baxcalibur, L50, M|\n|poke|p2|Palafin, L50, F|\n|poke|p2|Iron Hands, L50|\n|poke|p2|Amoonguss, L50, M|\n|poke|p2|Dragonite, L50, F|\n|poke|p2|Flutter Mane, L50|\n|poke|p2|Ceruledge, L50, F|\n|teampreview|4\n|\n|t:|1681681597\n|start\n|switch|p1a: Amoonguss|Amoonguss, L50, F|100\/100\n|switch|p1b: Corviknight|Corviknight, L50, M|100\/100\n|switch|p2a: Palafin|Palafin, L50, F|100\/100\n|switch|p2b: Iron Hands|Iron Hands, L50|100\/100\n|turn|1\n|\n|t:|1681681612\n|detailschange|p2a: Palafin|Palafin-Hero, L50, F\n|switch|p2a: Ceruledge|Ceruledge, L50, F|100\/100\n|move|p1a: Amoonguss|Protect|p1a: Amoonguss\n|-singleturn|p1a: Amoonguss|Protect\n|move|p1b: Corviknight|Tailwind|p1b: Corviknight\n|-sidestart|p1: H2obama|move: Tailwind\n|move|p2b: Iron Hands|Wild Charge|p1b: Corviknight\n|-supereffective|p1b: Corviknight\n|-damage|p1b: Corviknight|18\/100\n|-damage|p2b: Iron Hands|83\/100|[from] Recoil\n|\n|upkeep\n|turn|2\n|\n|t:|1681681659\n|switch|p1b: Sandy Shocks|Sandy Shocks, L50|100\/100\n|switch|p1a: Baxcalibur|Baxcalibur, L50, M|100\/100\n|move|p2a: Ceruledge|Bulk Up|p2a: Ceruledge\n|-boost|p2a: Ceruledge|atk|1\n|-boost|p2a: Ceruledge|def|1\n|move|p2b: Iron Hands|Wild Charge|p1b: Sandy Shocks\n|-immune|p1b: Sandy Shocks\n|\n|upkeep\n|turn|3\n|\n|t:|1681681689\n|move|p2a: Ceruledge|Protect|p2a: Ceruledge\n|-singleturn|p2a: Ceruledge|Protect\n|move|p1a: Baxcalibur|Icicle Spear|p2b: Iron Hands\n|-damage|p2b: Iron Hands|71\/100\n|-damage|p2b: Iron Hands|61\/100\n|-damage|p2b: Iron Hands|50\/100\n|-damage|p2b: Iron Hands|39\/100\n|-damage|p2b: Iron Hands|28\/100\n|-hitcount|p2b: Iron Hands|5\n|move|p1b: Sandy Shocks|Earth Power|p2b: Iron Hands\n|-supereffective|p2b: Iron Hands\n|-damage|p2b: Iron Hands|0 fnt\n|faint|p2b: Iron Hands\n|-end|p2b: Iron Hands|Quark Drive|[silent]\n|\n|upkeep\n|\n|t:|1681681703\n|switch|p2b: Amoonguss|Amoonguss, L50, M|100\/100\n|turn|4\n|\n|t:|1681681714\n|-terastallize|p2a: Ceruledge|Steel\n|move|p2b: Amoonguss|Rage Powder|p2b: Amoonguss\n|-singleturn|p2b: Amoonguss|move: Rage Powder\n|move|p1a: Baxcalibur|Stomping Tantrum|p2b: Amoonguss\n|-damage|p2b: Amoonguss|73\/100\n|move|p1b: Sandy Shocks|Earth Power|p2b: Amoonguss\n|-damage|p2b: Amoonguss|34\/100\n|-unboost|p2b: Amoonguss|spd|1\n|-enditem|p2b: Amoonguss|Sitrus Berry|[eat]\n|-heal|p2b: Amoonguss|59\/100|[from] item: Sitrus Berry\n|move|p2a: Ceruledge|Bitter Blade|p1b: Sandy Shocks\n|-damage|p1b: Sandy Shocks|44\/100\n|\n|-sideend|p1: H2obama|move: Tailwind\n|upkeep\n|turn|5\n|\n|t:|1681681734\n|move|p2b: Amoonguss|Rage Powder|p2b: Amoonguss\n|-singleturn|p2b: Amoonguss|move: Rage Powder\n|move|p1a: Baxcalibur|Stomping Tantrum|p2b: Amoonguss\n|-damage|p2b: Amoonguss|34\/100\n|move|p1b: Sandy Shocks|Earth Power|p2b: Amoonguss\n|-damage|p2b: Amoonguss|0 fnt\n|faint|p2b: Amoonguss\n|move|p2a: Ceruledge|Bitter Blade|p1b: Sandy Shocks\n|-damage|p1b: Sandy Shocks|0 fnt\n|faint|p1b: Sandy Shocks\n|-end|p1b: Sandy Shocks|Protosynthesis|[silent]\n|\n|upkeep\n|\n|t:|1681681749\n|switch|p1b: Amoonguss|Amoonguss, L50, F|100\/100\n|switch|p2b: Palafin|Palafin-Hero, L50, F|100\/100\n|-activate|p2b: Palafin|ability: Zero to Hero\n|turn|6\n|\n|t:|1681681767\n|-terastallize|p1b: Amoonguss|Water\n|move|p1b: Amoonguss|Rage Powder|p1b: Amoonguss\n|-singleturn|p1b: Amoonguss|move: Rage Powder\n|move|p1a: Baxcalibur|Stomping Tantrum|p2a: Ceruledge\n|-supereffective|p2a: Ceruledge\n|-damage|p2a: Ceruledge|55\/100\n|move|p2b: Palafin|Wave Crash|p1b: Amoonguss\n|-resisted|p1b: Amoonguss\n|-damage|p1b: Amoonguss|61\/100\n|-damage|p2b: Palafin|86\/100|[from] Recoil\n|move|p2a: Ceruledge|Bitter Blade|p1b: Amoonguss\n|-resisted|p1b: Amoonguss\n|-damage|p1b: Amoonguss|36\/100\n|-heal|p2a: Ceruledge|71\/100|[from] drain|[of] p1b: Amoonguss\n|-enditem|p1b: Amoonguss|Sitrus Berry|[eat]\n|-heal|p1b: Amoonguss|61\/100|[from] item: Sitrus Berry\n|\n|upkeep\n|turn|7\n|\n|t:|1681681796\n|move|p1b: Amoonguss|Rage Powder|p1b: Amoonguss\n|-singleturn|p1b: Amoonguss|move: Rage Powder\n|move|p1a: Baxcalibur|Dragon Dance|p1a: Baxcalibur\n|-boost|p1a: Baxcalibur|atk|1\n|-boost|p1a: Baxcalibur|spe|1\n|move|p2b: Palafin|Wave Crash|p1b: Amoonguss\n|-resisted|p1b: Amoonguss\n|-damage|p1b: Amoonguss|23\/100\n|-damage|p2b: Palafin|73\/100|[from] Recoil\n|move|p2a: Ceruledge|Bitter Blade|p1b: Amoonguss\n|-resisted|p1b: Amoonguss\n|-damage|p1b: Amoonguss|0 fnt\n|-heal|p2a: Ceruledge|85\/100|[from] drain|[of] p1b: Amoonguss\n|faint|p1b: Amoonguss\n|\n|upkeep\n|\n|t:|1681681807\n|switch|p1b: Corviknight|Corviknight, L50, M|18\/100\n|turn|8\n|\n|t:|1681681826\n|move|p1a: Baxcalibur|Stomping Tantrum|p2b: Palafin\n|-damage|p2b: Palafin|29\/100\n|move|p2b: Palafin|Haze|p2b: Palafin\n|-clearallboost\n|move|p2a: Ceruledge|Bitter Blade|p1b: Corviknight\n|-supereffective|p1b: Corviknight\n|-damage|p1b: Corviknight|0 fnt\n|-heal|p2a: Ceruledge|95\/100|[from] drain|[of] p1b: Corviknight\n|faint|p1b: Corviknight\n|\n|upkeep\n|turn|9\n|\n|t:|1681681844\n|move|p1a: Baxcalibur|Stomping Tantrum|p2b: Palafin\n|-damage|p2b: Palafin|0 fnt\n|faint|p2b: Palafin\n|move|p2a: Ceruledge|Bitter Blade|p1a: Baxcalibur\n|-damage|p1a: Baxcalibur|55\/100\n|-heal|p2a: Ceruledge|100\/100|[from] drain|[of] p1a: Baxcalibur\n|-ability|p1a: Baxcalibur|Thermal Exchange|boost\n|-boost|p1a: Baxcalibur|atk|1\n|\n|upkeep\n|turn|10\n|\n|t:|1681681855\n|move|p1a: Baxcalibur|Stomping Tantrum|p2a: Ceruledge\n|-supereffective|p2a: Ceruledge\n|-damage|p2a: Ceruledge|0 fnt\n|faint|p2a: Ceruledge\n|\n|win|H2obama\n|raw|H2obama's rating: 1093 → 1113<\/strong> (+20 for winning)\n|raw|conte di Cavour's rating: 1010 → 1001<\/strong> (-9 for losing)\n|l|\u2606conte di Cavour\n","uploadtime":1681681996,"views":10,"p1id":"h2obama","p2id":"contedicavour","formatid":"gen9vgc2023regulationc","rating":1001,"private":0,"password":""}