{"id":"gen9vgc2023regulationc-1857191329","p1":"fatw","p2":"kodiedunn","format":"[Gen 9] VGC 2023 Regulation C","log":"|j|\u2606fatw\n|j|\u2606kodiedunn\n|t:|1683156063\n|gametype|doubles\n|player|p1|fatw|riley|\n|player|p2|kodiedunn|170|\n|teamsize|p1|6\n|teamsize|p2|6\n|gen|9\n|tier|[Gen 9] VGC 2023 Regulation C\n|rule|Species Clause: Limit one of each Pok\u00e9mon\n|rule|Item Clause: Limit one of each item\n|clearpoke\n|poke|p1|Ting-Lu, L50|\n|poke|p1|Meowscarada, L50, M|\n|poke|p1|Dragapult, L50, F|\n|poke|p1|Raichu, L50, M|\n|poke|p1|Gyarados, L50, F|\n|poke|p1|Sylveon, L50, F|\n|poke|p2|Magnezone, L50|\n|poke|p2|Armarouge, L50, M|\n|poke|p2|Tauros-Paldea-Aqua, L50, M|\n|poke|p2|Scizor, L50, M|\n|poke|p2|Indeedee-F, L50, F|\n|poke|p2|Honchkrow, L50, F|\n|teampreview|4\nfatw rejected open team sheets.\n|\n|t:|1683156082\n|start\n|switch|p1a: Sylveon|Sylveon, L50, F|100\/100\n|switch|p1b: Dragapult|Dragapult, L50, F|100\/100\n|switch|p2a: Tauros|Tauros-Paldea-Aqua, L50, M|100\/100\n|switch|p2b: Scizor|Scizor, L50, M|100\/100\n|-ability|p2a: Tauros|Intimidate|boost\n|-unboost|p1a: Sylveon|atk|1\n|-fail|p1b: Dragapult|unboost|[from] ability: Clear Body|[of] p1b: Dragapult\n|turn|1\n|\n|t:|1683156154\n|-terastallize|p1a: Sylveon|Fire\n|move|p2b: Scizor|Feint|p1a: Sylveon\n|-damage|p1a: Sylveon|78\/100\n|move|p1b: Dragapult|Dragon Darts|p2a: Tauros\n|-damage|p2a: Tauros|52\/100\n|-anim|p1b: Dragapult|Dragon Darts|p2b: Scizor\n|-resisted|p2b: Scizor\n|-damage|p2b: Scizor|74\/100\n|move|p2a: Tauros|Iron Head|p1a: Sylveon\n|-resisted|p1a: Sylveon\n|-damage|p1a: Sylveon|51\/100\n|move|p1a: Sylveon|Tera Blast|p2b: Scizor\n|-supereffective|p2b: Scizor\n|-damage|p2b: Scizor|0 fnt\n|faint|p2b: Scizor\n|\n|upkeep\n|\n|t:|1683156171\n|switch|p2b: Magnezone|Magnezone, L50|100\/100\n|turn|2\n|\n|t:|1683156200\n|-terastallize|p2b: Magnezone|Electric\n|move|p1a: Sylveon|Quick Attack|p2a: Tauros\n|-supereffective|p2a: Tauros\n|-damage|p2a: Tauros|32\/100\n|move|p1b: Dragapult|Dragon Darts|p2a: Tauros\n|-damage|p2a: Tauros|0 fnt\n|-anim|p1b: Dragapult|Dragon Darts|p2b: Magnezone\n|-damage|p2b: Magnezone|63\/100\n|faint|p2a: Tauros\n|move|p2b: Magnezone|Thunderbolt|p1a: Sylveon\n|-damage|p1a: Sylveon|0 fnt\n|faint|p1a: Sylveon\n|\n|-heal|p2b: Magnezone|69\/100|[from] item: Leftovers\n|upkeep\n|c|\u2606kodiedunn|misplay for days. i think thats gg\n|\n|t:|1683156242\n|switch|p2a: Armarouge|Armarouge, L50, M|100\/100\n|switch|p1a: Raichu|Raichu, L50, M|100\/100\n|turn|3\n|\n|t:|1683156282\n|switch|p1b: Ting-Lu|Ting-Lu, L50|100\/100\n|-ability|p1b: Ting-Lu|Vessel of Ruin\n|move|p1a: Raichu|Fake Out|p2b: Magnezone\n|-damage|p2b: Magnezone|63\/100\n|move|p2a: Armarouge|Will-O-Wisp|p1b: Ting-Lu\n|-status|p1b: Ting-Lu|brn\n|cant|p2b: Magnezone|flinch\n|\n|-heal|p2b: Magnezone|69\/100|[from] item: Leftovers\n|-damage|p1b: Ting-Lu|94\/100 brn|[from] brn\n|upkeep\n|turn|4\n|\n|t:|1683156310\n|move|p1a: Raichu|Volt Switch|p2b: Magnezone\n|-resisted|p2b: Magnezone\n|-damage|p2b: Magnezone|59\/100\n|\n|t:|1683156313\n|switch|p1a: Dragapult|Dragapult, L50, F|100\/100|[from] Volt Switch\n|move|p2a: Armarouge|Destiny Bond|p2a: Armarouge\n|-singlemove|p2a: Armarouge|Destiny Bond\n|move|p2b: Magnezone|Body Press|p1a: Dragapult\n|-immune|p1a: Dragapult\n|move|p1b: Ting-Lu|Stomping Tantrum|p2b: Magnezone\n|-supereffective|p2b: Magnezone\n|-damage|p2b: Magnezone|31\/100\n|\n|-heal|p2b: Magnezone|37\/100|[from] item: Leftovers\n|-damage|p1b: Ting-Lu|88\/100 brn|[from] brn\n|upkeep\n|turn|5\n|\n|t:|1683156334\n|move|p1a: Dragapult|Phantom Force||[still]\n|-prepare|p1a: Dragapult|Phantom Force\n|move|p2a: Armarouge|Will-O-Wisp|p1a: Dragapult|[miss]\n|-miss|p2a: Armarouge|p1a: Dragapult\n|move|p2b: Magnezone|Flash Cannon|p1a: Dragapult|[miss]\n|-miss|p2b: Magnezone|p1a: Dragapult\n|move|p1b: Ting-Lu|Stomping Tantrum|p2b: Magnezone\n|-supereffective|p2b: Magnezone\n|-damage|p2b: Magnezone|11\/100\n|\n|-heal|p2b: Magnezone|17\/100|[from] item: Leftovers\n|-damage|p1b: Ting-Lu|82\/100 brn|[from] brn\n|upkeep\n|turn|6\n|\n|t:|1683156354\n|move|p1a: Dragapult|Phantom Force|p2a: Armarouge|[from]lockedmove\n|-supereffective|p2a: Armarouge\n|-damage|p2a: Armarouge|0 fnt\n|faint|p2a: Armarouge\n|move|p2b: Magnezone|Thunderbolt|p1a: Dragapult\n|-resisted|p1a: Dragapult\n|-damage|p1a: Dragapult|67\/100\n|move|p1b: Ting-Lu|Stomping Tantrum|p2b: Magnezone\n|-supereffective|p2b: Magnezone\n|-damage|p2b: Magnezone|0 fnt\n|faint|p2b: Magnezone\n|\n|win|fatw\n|c|\u2606kodiedunn|gg\n|c|\u2606fatw|gg\n","uploadtime":1683156374,"views":17,"p1id":"fatw","p2id":"kodiedunn","formatid":"gen9vgc2023regulationc","rating":0,"private":0,"password":""}