{"id":"gen9vgc2023regulationc-1858075573","p1":"sspark","p2":"leoroop","format":"[Gen 9] VGC 2023 Regulation C","log":"|j|\u2606sspark\n|j|\u2606leoroop\n|t:|1683271438\n|gametype|doubles\n|player|p1|sspark|266|1336\n|player|p2|leoroop|backpacker|1307\n|teamsize|p1|6\n|teamsize|p2|6\n|gen|9\n|tier|[Gen 9] VGC 2023 Regulation C\n|rated|\n|rule|Species Clause: Limit one of each Pok\u00e9mon\n|rule|Item Clause: Limit one of each item\n|clearpoke\n|poke|p1|Maushold-Four, L50|\n|poke|p1|Flutter Mane, L50|\n|poke|p1|Volcarona, L50, F|\n|poke|p1|Gyarados, L50, F|\n|poke|p1|Talonflame, L50, F|\n|poke|p1|Great Tusk, L50|\n|poke|p2|Gyarados, L50, F|\n|poke|p2|Amoonguss, L50, F|\n|poke|p2|Kingambit, L50, F|\n|poke|p2|Flutter Mane, L50|\n|poke|p2|Chi-Yu, L50|\n|poke|p2|Baxcalibur, L50, F|\n|teampreview|4\n|inactive|Battle timer is ON: inactive players will automatically lose when time's up. (requested by sspark)\nleoroop has agreed to open team sheets.\n|inactive|sspark has 60 seconds left.\n|inactive|leoroop has 60 seconds left.\n|\n|t:|1683271478\n|start\n|switch|p1a: Volcarona|Volcarona, L50, F|100\/100\n|switch|p1b: Talonflame|Talonflame, L50, F|100\/100\n|switch|p2a: Baxcalibur|Baxcalibur, L50, F|100\/100\n|switch|p2b: Amoonguss|Amoonguss, L50, F|100\/100\n|turn|1\n|\n|t:|1683271502\n|switch|p2b: Gyarados|Gyarados, L50, F|100\/100\n|-ability|p2b: Gyarados|Intimidate|boost\n|-unboost|p1a: Volcarona|atk|1\n|-unboost|p1b: Talonflame|atk|1\n|move|p1b: Talonflame|Tailwind|p1b: Talonflame\n|-sidestart|p1: sspark|move: Tailwind\n|move|p1a: Volcarona|Quiver Dance|p1a: Volcarona\n|-boost|p1a: Volcarona|spa|1\n|-boost|p1a: Volcarona|spd|1\n|-boost|p1a: Volcarona|spe|1\n|move|p2a: Baxcalibur|Icicle Crash|p1a: Volcarona\n|-resisted|p1a: Volcarona\n|-damage|p1a: Volcarona|62\/100\n|\n|upkeep\n|turn|2\n|inactive|sspark has 30 seconds left.\n|inactive|leoroop has 30 seconds left.\n|\n|t:|1683271536\n|-terastallize|p1a: Volcarona|Water\n|move|p2a: Baxcalibur|Protect|p2a: Baxcalibur\n|-singleturn|p2a: Baxcalibur|Protect\n|move|p1a: Volcarona|Tera Blast|p2a: Baxcalibur\n|-activate|p2a: Baxcalibur|move: Protect\n|move|p1b: Talonflame|Will-O-Wisp|p2b: Gyarados\n|-status|p2b: Gyarados|brn\n|move|p2b: Gyarados|Waterfall|p1a: Volcarona\n|-resisted|p1a: Volcarona\n|-damage|p1a: Volcarona|51\/100\n|\n|-damage|p2b: Gyarados|95\/100 brn|[from] brn\n|upkeep\n|turn|3\n|\n|t:|1683271556\n|switch|p2a: Amoonguss|Amoonguss, L50, F|100\/100\n|move|p1b: Talonflame|Brave Bird|p2a: Amoonguss\n|-supereffective|p2a: Amoonguss\n|-damage|p2a: Amoonguss|51\/100\n|-damage|p1b: Talonflame|77\/100|[from] Recoil\n|move|p1a: Volcarona|Tera Blast|p2a: Amoonguss\n|-resisted|p2a: Amoonguss\n|-damage|p2a: Amoonguss|24\/100\n|-enditem|p2a: Amoonguss|Sitrus Berry|[eat]\n|-heal|p2a: Amoonguss|49\/100|[from] item: Sitrus Berry\n|move|p2b: Gyarados|Thunder Wave|p1a: Volcarona\n|-status|p1a: Volcarona|par\n|\n|-damage|p2b: Gyarados|89\/100 brn|[from] brn\n|upkeep\n|turn|4\n|inactive|leoroop has 30 seconds left.\n|\n|t:|1683271581\n|-terastallize|p2a: Amoonguss|Water\n|move|p1b: Talonflame|Brave Bird|p2b: Gyarados\n|-damage|p2b: Gyarados|60\/100 brn\n|-damage|p1b: Talonflame|65\/100|[from] Recoil\n|move|p1a: Volcarona|Heat Wave|p2b: Gyarados|[spread] p2a,p2b\n|-resisted|p2a: Amoonguss\n|-resisted|p2b: Gyarados\n|-damage|p2a: Amoonguss|23\/100\n|-damage|p2b: Gyarados|35\/100 brn\n|move|p2b: Gyarados|Waterfall|p1b: Talonflame\n|-supereffective|p1b: Talonflame\n|-damage|p1b: Talonflame|5\/100\n|move|p2a: Amoonguss|Clear Smog|p1a: Volcarona\n|-damage|p1a: Volcarona|41\/100 par\n|-clearboost|p1a: Volcarona\n|\n|-damage|p2b: Gyarados|29\/100 brn|[from] brn\n|-sideend|p1: sspark|move: Tailwind\n|upkeep\n|turn|5\n|inactive|leoroop has 30 seconds left.\n|\n|t:|1683271609\n|switch|p2a: Baxcalibur|Baxcalibur, L50, F|100\/100\n|move|p1b: Talonflame|Tailwind|p1b: Talonflame\n|-sidestart|p1: sspark|move: Tailwind\n|move|p1a: Volcarona|Giga Drain|p2a: Baxcalibur\n|-resisted|p2a: Baxcalibur\n|-damage|p2a: Baxcalibur|88\/100\n|-heal|p1a: Volcarona|49\/100 par|[from] drain|[of] p2a: Baxcalibur\n|move|p2b: Gyarados|Taunt|p1a: Volcarona\n|-start|p1a: Volcarona|move: Taunt\n|\n|-damage|p2b: Gyarados|23\/100 brn|[from] brn\n|upkeep\n|turn|6\n|inactive|sspark has 30 seconds left.\n|inactive|sspark has 20 seconds left.\n|inactive|sspark has 15 seconds left.\n|\n|t:|1683271650\n|switch|p2b: Amoonguss|Amoonguss, L50, F, tera:Water|56\/100\n|move|p2a: Baxcalibur|Ice Shard|p1b: Talonflame\n|-damage|p1b: Talonflame|0 fnt\n|faint|p1b: Talonflame\n|cant|p1a: Volcarona|par\n|\n|upkeep\n|\n|t:|1683271663\n|switch|p1b: Great Tusk|Great Tusk, L50|100\/100\n|turn|7\n|\n|t:|1683271678\n|switch|p2a: Gyarados|Gyarados, L50, F|23\/100 brn\n|-ability|p2a: Gyarados|Intimidate|boost\n|-unboost|p1a: Volcarona|atk|1\n|-unboost|p1b: Great Tusk|atk|1\n|move|p1b: Great Tusk|Protect|p1b: Great Tusk\n|-singleturn|p1b: Great Tusk|Protect\n|cant|p1a: Volcarona|par\n|move|p2b: Amoonguss|Spore|p1b: Great Tusk\n|-activate|p1b: Great Tusk|move: Protect\n|\n|-damage|p2a: Gyarados|17\/100 brn|[from] brn\n|upkeep\n|turn|8\n|inactive|leoroop has 30 seconds left.\n|\n|t:|1683271707\n|switch|p2a: Flutter Mane|Flutter Mane, L50|100\/100\n|-enditem|p2a: Flutter Mane|Booster Energy\n|-activate|p2a: Flutter Mane|ability: Protosynthesis|[fromitem]\n|-start|p2a: Flutter Mane|protosynthesisspa\n|move|p1b: Great Tusk|Close Combat|p2a: Flutter Mane\n|-immune|p2a: Flutter Mane\n|cant|p1a: Volcarona|par\n|move|p2b: Amoonguss|Spore|p1b: Great Tusk\n|-status|p1b: Great Tusk|slp|[from] move: Spore\n|\n|-end|p1a: Volcarona|move: Taunt\n|-sideend|p1: sspark|move: Tailwind\n|upkeep\n|turn|9\n|\n|t:|1683271728\n|switch|p2b: Gyarados|Gyarados, L50, F|17\/100 brn\n|-ability|p2b: Gyarados|Intimidate|boost\n|-unboost|p1a: Volcarona|atk|1\n|-unboost|p1b: Great Tusk|atk|1\n|move|p2a: Flutter Mane|Hex|p1a: Volcarona\n|-damage|p1a: Volcarona|0 fnt\n|faint|p1a: Volcarona\n|cant|p1b: Great Tusk|slp\n|\n|-damage|p2b: Gyarados|11\/100 brn|[from] brn\n|upkeep\n|\n|t:|1683271735\n|switch|p1a: Flutter Mane|Flutter Mane, L50|100\/100\n|turn|10\n|\n|t:|1683271755\n|move|p1a: Flutter Mane|Dazzling Gleam|p2b: Gyarados|[spread] p2a,p2b\n|-damage|p2a: Flutter Mane|69\/100\n|-damage|p2b: Gyarados|0 fnt\n|faint|p2b: Gyarados\n|move|p2a: Flutter Mane|Dazzling Gleam|p1b: Great Tusk|[spread] p1a,p1b\n|-supereffective|p1b: Great Tusk\n|-damage|p1a: Flutter Mane|52\/100\n|-damage|p1b: Great Tusk|0 fnt\n|faint|p1b: Great Tusk\n|-end|p1b: Great Tusk|Protosynthesis|[silent]\n|\n|upkeep\n|\n|t:|1683271761\n|switch|p2b: Baxcalibur|Baxcalibur, L50, F|88\/100\n|turn|11\n|\n|t:|1683271770\n|move|p2b: Baxcalibur|Ice Shard|p1a: Flutter Mane\n|-damage|p1a: Flutter Mane|0 fnt\n|faint|p1a: Flutter Mane\n|-end|p1a: Flutter Mane|Protosynthesis|[silent]\n|\n|win|leoroop\n|raw|sspark's rating: 1336 → 1314<\/strong> (-22 for losing)\n|raw|leoroop's rating: 1307 → 1329<\/strong> (+22 for winning)\n|l|\u2606sspark\n","uploadtime":1683271776,"views":12,"p1id":"sspark","p2id":"leoroop","formatid":"gen9vgc2023regulationc","rating":1314,"private":0,"password":""}