{"id":"gen9vgc2023regulationc-1863301534","p1":"garcj","p2":"revocolombia","format":"[Gen 9] VGC 2023 Regulation C","log":"|j|\u2606garcj\n|j|\u2606revocolombia\n|t:|1683999844\n|gametype|doubles\n|player|p1|garcj|brawly|1171\n|player|p2|revocolombia|pokemonranger-gen4|1241\n|teamsize|p1|6\n|teamsize|p2|6\n|gen|9\n|tier|[Gen 9] VGC 2023 Regulation C\n|rated|\n|rule|Species Clause: Limit one of each Pok\u00e9mon\n|rule|Item Clause: Limit one of each item\n|clearpoke\n|poke|p1|Annihilape, L50, F|\n|poke|p1|Torkoal, L50, M|\n|poke|p1|Armarouge, L50, F|\n|poke|p1|Indeedee-F, L50, F|\n|poke|p1|Meowscarada, L50, F|\n|poke|p1|Hydreigon, L50, M|\n|poke|p2|Flutter Mane, L50|\n|poke|p2|Annihilape, L50, M|\n|poke|p2|Dragonite, L50, F|\n|poke|p2|Chien-Pao, L50|\n|poke|p2|Murkrow, L50, F|\n|poke|p2|Gholdengo, L50|\n|teampreview|4\n|inactive|Battle timer is ON: inactive players will automatically lose when time's up. (requested by garcj)\n|\n|t:|1683999859\n|start\n|switch|p1a: Annihilape|Annihilape, L50, F|100\/100\n|switch|p1b: Indeedee|Indeedee-F, L50, F|100\/100\n|switch|p2a: Annihilape|Annihilape, L50, M|100\/100\n|switch|p2b: Chien-Pao|Chien-Pao, L50|100\/100\n|-ability|p2b: Chien-Pao|Sword of Ruin\n|-fieldstart|move: Psychic Terrain|[from] ability: Psychic Surge|[of] p1b: Indeedee\n|turn|1\n|\n|t:|1683999884\n|move|p1a: Annihilape|Final Gambit|p2b: Chien-Pao\n|-enditem|p2b: Chien-Pao|Focus Sash\n|-damage|p2b: Chien-Pao|1\/100\n|faint|p1a: Annihilape\n|move|p2b: Chien-Pao|Ice Spinner|p1b: Indeedee\n|-damage|p1b: Indeedee|25\/100\n|-fieldend|move: Psychic Terrain\n|move|p2a: Annihilape|Bulk Up|p2a: Annihilape\n|-boost|p2a: Annihilape|atk|1\n|-boost|p2a: Annihilape|def|1\n|move|p1b: Indeedee|Trick Room|p1b: Indeedee\n|-fieldstart|move: Trick Room|[of] p1b: Indeedee\n|\n|upkeep\n|\n|t:|1683999890\n|switch|p1a: Torkoal|Torkoal, L50, M|100\/100\n|-weather|SunnyDay|[from] ability: Drought|[of] p1a: Torkoal\n|turn|2\n|inactive|revocolombia has 30 seconds left.\n|\n|t:|1683999923\n|-terastallize|p1a: Torkoal|Fire\n|-terastallize|p2a: Annihilape|Fire\n|move|p1b: Indeedee|Helping Hand|p1a: Torkoal\n|-singleturn|p1a: Torkoal|Helping Hand|[of] p1b: Indeedee\n|move|p2b: Chien-Pao|Ice Shard|p1a: Torkoal\n|-resisted|p1a: Torkoal\n|-damage|p1a: Torkoal|90\/100\n|move|p1a: Torkoal|Eruption|p2b: Chien-Pao|[spread] p2a,p2b\n|-resisted|p2a: Annihilape\n|-supereffective|p2b: Chien-Pao\n|-damage|p2a: Annihilape|36\/100\n|-damage|p2b: Chien-Pao|0 fnt\n|faint|p2b: Chien-Pao\n|move|p2a: Annihilape|Drain Punch|p1a: Torkoal\n|-damage|p1a: Torkoal|51\/100\n|-heal|p2a: Annihilape|52\/100|[from] drain|[of] p1a: Torkoal\n|\n|-weather|SunnyDay|[upkeep]\n|-heal|p2a: Annihilape|59\/100|[from] item: Leftovers\n|upkeep\n|\n|t:|1683999944\n|switch|p2b: Dragonite|Dragonite, L50, F|100\/100\n|turn|3\n|\n|t:|1683999960\n|move|p2a: Annihilape|Protect|p2a: Annihilape\n|-singleturn|p2a: Annihilape|Protect\n|move|p2b: Dragonite|Extreme Speed|p1a: Torkoal\n|-damage|p1a: Torkoal|27\/100\n|move|p1a: Torkoal|Eruption|p2a: Annihilape|[spread] p2b\n|-activate|p2a: Annihilape|move: Protect\n|-resisted|p2b: Dragonite\n|-damage|p2b: Dragonite|93\/100\n|move|p1b: Indeedee|Dazzling Gleam|p2a: Annihilape|[spread] p2b\n|-activate|p2a: Annihilape|move: Protect\n|-supereffective|p2b: Dragonite\n|-damage|p2b: Dragonite|63\/100\n|\n|-weather|SunnyDay|[upkeep]\n|-heal|p2a: Annihilape|65\/100|[from] item: Leftovers\n|upkeep\n|turn|4\n|\n|t:|1683999984\n|move|p1b: Indeedee|Helping Hand|p1a: Torkoal\n|-singleturn|p1a: Torkoal|Helping Hand|[of] p1b: Indeedee\n|move|p2b: Dragonite|Extreme Speed|p1a: Torkoal\n|-crit|p1a: Torkoal\n|-damage|p1a: Torkoal|0 fnt\n|faint|p1a: Torkoal\n|move|p2a: Annihilape|Drain Punch|p1b: Indeedee\n|-damage|p1b: Indeedee|0 fnt\n|-heal|p2a: Annihilape|75\/100|[from] drain|[of] p1b: Indeedee\n|faint|p1b: Indeedee\n|\n|-weather|SunnyDay|[upkeep]\n|-heal|p2a: Annihilape|82\/100|[from] item: Leftovers\n|upkeep\n|\n|t:|1684000005\n|switch|p1b: Armarouge|Armarouge, L50, F|100\/100\n|turn|5\n|-message|garcj forfeited.\n|\n|win|revocolombia\n|raw|garcj's rating: 1171 → 1151<\/strong> (-20 for losing)\n|raw|revocolombia's rating: 1241 → 1261<\/strong> (+20 for winning)\n|l|\u2606garcj\n","uploadtime":1684000013,"views":1,"p1id":"garcj","p2id":"revocolombia","formatid":"gen9vgc2023regulationc","rating":1151,"private":0,"password":""}