{"id":"gen9vgc2023regulationc-1852060190","p1":"LibraryMushroom","p2":"UNAMORRATETONA","format":"[Gen 9] VGC 2023 Regulation C","log":"|j|\u2606LibraryMushroom\n|j|\u2606UNAMORRATETONA\n|t:|1682520835\n|gametype|doubles\n|player|p1|LibraryMushroom|blue|1076\n|player|p2|UNAMORRATETONA|102|1027\n|teamsize|p1|6\n|teamsize|p2|6\n|gen|9\n|tier|[Gen 9] VGC 2023 Regulation C\n|rated|\n|rule|Species Clause: Limit one of each Pok\u00e9mon\n|rule|Item Clause: Limit one of each item\n|clearpoke\n|poke|p1|Scizor, L50, M|\n|poke|p1|Flutter Mane, L50|\n|poke|p1|Chien-Pao, L50|\n|poke|p1|Arcanine, L50, F|\n|poke|p1|Azumarill, L50, F|\n|poke|p1|Amoonguss, L50, M|\n|poke|p2|Annihilape, L50, F|\n|poke|p2|Maushold-Four, L50|\n|poke|p2|Ting-Lu, L50|\n|poke|p2|Flutter Mane, L50|\n|poke|p2|Chien-Pao, L50|\n|poke|p2|Volcarona, L50, F|\n|teampreview|4\n|inactive|Battle timer is ON: inactive players will automatically lose when time's up. (requested by UNAMORRATETONA)\n|\n|t:|1682520927\n|start\n|switch|p1a: Ice Weasel|Chien-Pao, L50|100\/100\n|switch|p1b: Scissors|Scizor, L50, M|100\/100\n|switch|p2a: Flutter Mane|Flutter Mane, L50|100\/100\n|switch|p2b: Maushold|Maushold-Four, L50|100\/100\n|-ability|p1a: Ice Weasel|Sword of Ruin\n|turn|1\n|inactive|LibraryMushroom has 30 seconds left.\n|\n|t:|1682520953\n|-end|p2a: Flutter Mane|Protosynthesis|[silent]\n|switch|p2a: Annihilape|Annihilape, L50, F|100\/100\n|move|p1b: Scissors|Protect|p1b: Scissors\n|-singleturn|p1b: Scissors|Protect\n|move|p1a: Ice Weasel|Sacred Sword|p2b: Maushold\n|-supereffective|p2b: Maushold\n|-damage|p2b: Maushold|0 fnt\n|faint|p2b: Maushold\n|\n|upkeep\n|\n|t:|1682520963\n|switch|p2b: Ting-Lu|Ting-Lu, L50|100\/100\n|-ability|p2b: Ting-Lu|Vessel of Ruin\n|turn|2\n|\n|t:|1682520973\n|-terastallize|p2a: Annihilape|Flying\n|move|p1a: Ice Weasel|Ice Spinner|p2b: Ting-Lu\n|-supereffective|p2b: Ting-Lu\n|-damage|p2b: Ting-Lu|35\/100\n|move|p2a: Annihilape|Drain Punch|p1a: Ice Weasel\n|-supereffective|p1a: Ice Weasel\n|-enditem|p1a: Ice Weasel|Focus Sash\n|-damage|p1a: Ice Weasel|1\/100\n|move|p1b: Scissors|U-turn|p2b: Ting-Lu\n|-supereffective|p2b: Ting-Lu\n|-damage|p2b: Ting-Lu|0 fnt\n|faint|p2b: Ting-Lu\n|\n|t:|1682520984\n|switch|p1b: Misdreavus v2|Flutter Mane, L50|100\/100|[from] U-turn\n|-enditem|p1b: Misdreavus v2|Booster Energy\n|-activate|p1b: Misdreavus v2|ability: Protosynthesis|[fromitem]\n|-start|p1b: Misdreavus v2|protosynthesisspa\n|\n|upkeep\n|\n|t:|1682520990\n|switch|p2b: Flutter Mane|Flutter Mane, L50|100\/100\n|turn|3\n|inactive|UNAMORRATETONA has 30 seconds left.\n|\n|t:|1682521023\n|-terastallize|p1b: Misdreavus v2|Fairy\n|move|p2b: Flutter Mane|Dazzling Gleam|p1a: Ice Weasel|[spread] p1a,p1b\n|-supereffective|p1a: Ice Weasel\n|-damage|p1a: Ice Weasel|0 fnt\n|-damage|p1b: Misdreavus v2|61\/100\n|faint|p1a: Ice Weasel\n|move|p1b: Misdreavus v2|Shadow Ball|p2a: Annihilape\n|-damage|p2a: Annihilape|55\/100\n|move|p2a: Annihilape|Rage Fist|p1b: Misdreavus v2\n|-damage|p1b: Misdreavus v2|0 fnt\n|faint|p1b: Misdreavus v2\n|-end|p1b: Misdreavus v2|Protosynthesis|[silent]\n|\n|-heal|p2a: Annihilape|61\/100|[from] item: Leftovers\n|upkeep\n|\n|t:|1682521040\n|switch|p1a: Jessica|Azumarill, L50, F|100\/100\n|switch|p1b: Scissors|Scizor, L50, M|100\/100\n|turn|4\n|\n|t:|1682521059\n|move|p1b: Scissors|Protect|p1b: Scissors\n|-singleturn|p1b: Scissors|Protect\n|move|p2b: Flutter Mane|Dazzling Gleam|p1b: Scissors|[spread] p1a\n|-activate|p1b: Scissors|move: Protect\n|-damage|p1a: Jessica|65\/100\n|move|p2a: Annihilape|Rage Fist|p1a: Jessica\n|-damage|p1a: Jessica|23\/100\n|move|p1a: Jessica|Liquidation|p2a: Annihilape\n|-damage|p2a: Annihilape|11\/100\n|\n|-heal|p2a: Annihilape|17\/100|[from] item: Leftovers\n|upkeep\n|turn|5\n|inactive|UNAMORRATETONA has 30 seconds left.\n|inactive|UNAMORRATETONA has 20 seconds left.\n|\n|t:|1682521097\n|move|p1b: Scissors|Bullet Punch|p2b: Flutter Mane\n|-supereffective|p2b: Flutter Mane\n|-damage|p2b: Flutter Mane|0 fnt\n|faint|p2b: Flutter Mane\n|-end|p2b: Flutter Mane|Protosynthesis|[silent]\n|move|p1a: Jessica|Aqua Jet|p2a: Annihilape\n|-damage|p2a: Annihilape|0 fnt\n|faint|p2a: Annihilape\n|\n|win|LibraryMushroom\n|raw|LibraryMushroom's rating: 1076 → 1101<\/strong> (+25 for winning)\n|raw|UNAMORRATETONA's rating: 1027 → 1015<\/strong> (-12 for losing)\n|l|\u2606UNAMORRATETONA\n","uploadtime":1682521134,"views":16,"p1id":"librarymushroom","p2id":"unamorratetona","formatid":"gen9vgc2023regulationc","rating":1015,"private":0,"password":""}