{"id":"gen9vgc2023regulationc-1862242740","p1":"MightyMudsdale","p2":"CthulhuSama88","format":"[Gen 9] VGC 2023 Regulation C","log":"|j|\u2606MightyMudsdale\n|j|\u2606CthulhuSama88\n|t:|1683854037\n|gametype|doubles\n|player|p1|MightyMudsdale|nessa-masters|1258\n|player|p2|CthulhuSama88|102|1207\n|teamsize|p1|6\n|teamsize|p2|6\n|gen|9\n|tier|[Gen 9] VGC 2023 Regulation C\n|rated|\n|rule|Species Clause: Limit one of each Pok\u00e9mon\n|rule|Item Clause: Limit one of each item\n|clearpoke\n|poke|p1|Flutter Mane, L50|\n|poke|p1|Chi-Yu, L50|\n|poke|p1|Gyarados, L50, M|\n|poke|p1|Orthworm, L50, M|\n|poke|p1|Amoonguss, L50, M|\n|poke|p1|Iron Bundle, L50|\n|poke|p2|Kingambit, L50, M|\n|poke|p2|Torkoal, L50, F|\n|poke|p2|Flutter Mane, L50|\n|poke|p2|Jumpluff, L50, M|\n|poke|p2|Great Tusk, L50|\n|poke|p2|Chien-Pao, L50|\n|teampreview|4\nMightyMudsdale has agreed to open team sheets.\n|c|\u2606MightyMudsdale|gl hf\n|\n|t:|1683854081\n|start\n|switch|p1a: Chi-Yu|Chi-Yu, L50|100\/100\n|switch|p1b: Flutter Mane|Flutter Mane, L50|100\/100\n|switch|p2a: Jumpluff|Jumpluff, L50, M|100\/100\n|switch|p2b: Great Tusk|Great Tusk, L50|100\/100\n|-ability|p1a: Chi-Yu|Beads of Ruin\n|turn|1\n|\n|t:|1683854105\n|-terastallize|p2b: Great Tusk|Fire\n|move|p1a: Chi-Yu|Heat Wave|p2b: Great Tusk|[spread] p2a,p2b\n|-supereffective|p2a: Jumpluff\n|-resisted|p2b: Great Tusk\n|-damage|p2a: Jumpluff|0 fnt\n|-damage|p2b: Great Tusk|63\/100\n|faint|p2a: Jumpluff\n|move|p2b: Great Tusk|Earthquake|p1a: Chi-Yu|[spread] p1a,p1b\n|-supereffective|p1a: Chi-Yu\n|-damage|p1a: Chi-Yu|0 fnt\n|-damage|p1b: Flutter Mane|32\/100\n|faint|p1a: Chi-Yu\n|move|p1b: Flutter Mane|Dazzling Gleam|p2b: Great Tusk\n|-resisted|p2b: Great Tusk\n|-damage|p2b: Great Tusk|12\/100\n|\n|upkeep\n|\n|t:|1683854123\n|switch|p2a: Torkoal|Torkoal, L50, F|100\/100\n|switch|p1a: Unagi|Gyarados, L50, M|100\/100\n|-ability|p1a: Unagi|Intimidate|boost\n|-unboost|p2a: Torkoal|atk|1\n|-enditem|p2a: Torkoal|Eject Pack\n|-unboost|p2b: Great Tusk|atk|1\n|\n|t:|1683854132\n|switch|p2a: Kingambit|Kingambit, L50, M|100\/100\n|turn|2\n|\n|t:|1683854146\n|-end|p1b: Flutter Mane|Protosynthesis|[silent]\n|switch|p1b: Jeff|Orthworm, L50, M|100\/100\n|move|p2b: Great Tusk|Earthquake|p1b: Jeff|[spread] p2a\n|-immune|p1b: Jeff|[from] ability: Earth Eater\n|-immune|p1a: Unagi\n|-supereffective|p2a: Kingambit\n|-damage|p2a: Kingambit|60\/100\n|move|p1a: Unagi|Waterfall|p2b: Great Tusk\n|-supereffective|p2b: Great Tusk\n|-damage|p2b: Great Tusk|0 fnt\n|faint|p2b: Great Tusk\n|-end|p2b: Great Tusk|Protosynthesis|[silent]\n|move|p2a: Kingambit|Iron Head|p1b: Jeff\n|-resisted|p1b: Jeff\n|-damage|p1b: Jeff|83\/100\n|\n|upkeep\n|\n|t:|1683854162\n|switch|p2b: Torkoal|Torkoal, L50, F|100\/100\n|-weather|SunnyDay|[from] ability: Drought|[of] p2b: Torkoal\n|turn|3\n|\n|t:|1683854172\n|-terastallize|p1b: Jeff|Fire\n|move|p2a: Kingambit|Sucker Punch|p1a: Unagi\n|-damage|p1a: Unagi|55\/100\n|move|p1a: Unagi|Waterfall|p2b: Torkoal\n|-supereffective|p2b: Torkoal\n|-damage|p2b: Torkoal|82\/100\n|move|p1b: Jeff|Body Press|p2a: Kingambit\n|-supereffective|p2a: Kingambit\n|-damage|p2a: Kingambit|0 fnt\n|faint|p2a: Kingambit\n|cant|p2b: Torkoal|flinch\n|\n|-weather|SunnyDay|[upkeep]\n|upkeep\n|turn|4\n|\n|t:|1683854197\n|move|p1a: Unagi|Waterfall|p2b: Torkoal\n|-supereffective|p2b: Torkoal\n|-damage|p2b: Torkoal|62\/100\n|move|p1b: Jeff|Body Press|p2b: Torkoal\n|-damage|p2b: Torkoal|45\/100\n|move|p2b: Torkoal|Fissure|p1b: Jeff\n|-heal|p1b: Jeff|100\/100|[from] ability: Earth Eater|[of] p2b: Torkoal\n|\n|-weather|SunnyDay|[upkeep]\n|upkeep\n|turn|5\n|c|\u2606MightyMudsdale|well thats a first!\n|\n|t:|1683854220\n|move|p1a: Unagi|Waterfall|p2b: Torkoal\n|-supereffective|p2b: Torkoal\n|-damage|p2b: Torkoal|25\/100\n|move|p1b: Jeff|Body Press|p2b: Torkoal\n|-damage|p2b: Torkoal|11\/100\n|cant|p2b: Torkoal|flinch\n|\n|-weather|SunnyDay|[upkeep]\n|upkeep\n|turn|6\n|\n|t:|1683854232\n|move|p1a: Unagi|Waterfall|p2b: Torkoal\n|-supereffective|p2b: Torkoal\n|-damage|p2b: Torkoal|0 fnt\n|faint|p2b: Torkoal\n|\n|win|MightyMudsdale\n|raw|MightyMudsdale's rating: 1258 → 1279<\/strong> (+21 for winning)\n|raw|CthulhuSama88's rating: 1207 → 1186<\/strong> (-21 for losing)\n","uploadtime":1683854240,"views":16,"p1id":"mightymudsdale","p2id":"cthulhusama88","formatid":"gen9vgc2023regulationc","rating":1186,"private":0,"password":""}