{"id":"gen9vgc2023regulationc-1848405832","p1":"helloworld369","p2":"WillieDangerously","format":"[Gen 9] VGC 2023 Regulation C","log":"|j|\u2606helloworld369\n|j|\u2606WillieDangerously\n|t:|1682073576\n|gametype|doubles\n|player|p1|helloworld369|roxie|1137\n|player|p2|WillieDangerously|psychic-gen4|1054\n|teamsize|p1|6\n|teamsize|p2|6\n|gen|9\n|tier|[Gen 9] VGC 2023 Regulation C\n|rated|\n|rule|Species Clause: Limit one of each Pok\u00e9mon\n|rule|Item Clause: Limit one of each item\n|clearpoke\n|poke|p1|Gastrodon, L50, F|\n|poke|p1|Dragonite, L50, F|\n|poke|p1|Chien-Pao, L50|\n|poke|p1|Gallade, L50, M|\n|poke|p1|Arcanine, L50, F|\n|poke|p1|Flutter Mane, L50|\n|poke|p2|Espathra, L50, M|\n|poke|p2|Iron Bundle, L50|\n|poke|p2|Iron Valiant, L50|\n|poke|p2|Salamence, L50, M|\n|poke|p2|Scizor, L50, M|\n|poke|p2|Sandy Shocks, L50|\n|teampreview|4\n|inactive|Battle timer is ON: inactive players will automatically lose when time's up. (requested by helloworld369)\n|\n|t:|1682073633\n|start\n|switch|p1a: PaoGasol|Chien-Pao, L50|100\/100\n|switch|p1b: SnarlsBarkley|Arcanine, L50, F|100\/100\n|switch|p2a: Sandy Shocks|Sandy Shocks, L50|100\/100\n|switch|p2b: Iron Valiant|Iron Valiant, L50|100\/100\n|-ability|p1a: PaoGasol|Sword of Ruin\n|-ability|p1b: SnarlsBarkley|Intimidate|boost\n|-unboost|p2a: Sandy Shocks|atk|1\n|-unboost|p2b: Iron Valiant|atk|1\n|-enditem|p2a: Sandy Shocks|Booster Energy\n|-activate|p2a: Sandy Shocks|ability: Protosynthesis|[fromitem]\n|-start|p2a: Sandy Shocks|protosynthesisspe\n|turn|1\n|inactive|WillieDangerously has 30 seconds left.\n|\n|t:|1682073666\n|move|p1a: PaoGasol|Protect|p1a: PaoGasol\n|-singleturn|p1a: PaoGasol|Protect\n|move|p2a: Sandy Shocks|Gravity|p2a: Sandy Shocks\n|-fieldstart|move: Gravity\n|move|p2b: Iron Valiant|Hypnosis|p1a: PaoGasol\n|-activate|p1a: PaoGasol|move: Protect\n|move|p1b: SnarlsBarkley|Flare Blitz|p2b: Iron Valiant\n|-damage|p2b: Iron Valiant|10\/100\n|-damage|p1b: SnarlsBarkley|76\/100|[from] Recoil\n|\n|upkeep\n|turn|2\n|inactive|WillieDangerously has 30 seconds left.\n|\n|t:|1682073697\n|move|p1b: SnarlsBarkley|Extreme Speed|p2b: Iron Valiant\n|-damage|p2b: Iron Valiant|0 fnt\n|faint|p2b: Iron Valiant\n|-end|p2b: Iron Valiant|Quark Drive|[silent]\n|move|p2a: Sandy Shocks|Earth Power|p1b: SnarlsBarkley\n|-supereffective|p1b: SnarlsBarkley\n|-damage|p1b: SnarlsBarkley|21\/100\n|move|p1a: PaoGasol|Ice Spinner|p2a: Sandy Shocks\n|-supereffective|p2a: Sandy Shocks\n|-crit|p2a: Sandy Shocks\n|-damage|p2a: Sandy Shocks|0 fnt\n|faint|p2a: Sandy Shocks\n|-end|p2a: Sandy Shocks|Protosynthesis|[silent]\n|-damage|p1a: PaoGasol|91\/100|[from] item: Life Orb\n|\n|upkeep\n|\n|t:|1682073703\n|switch|p2b: Salamence|Salamence, L50, M|100\/100\n|switch|p2a: Iron Bundle|Iron Bundle, L50|100\/100\n|turn|3\n|inactive|WillieDangerously has 30 seconds left.\n|inactive|WillieDangerously has 20 seconds left.\n|\n|t:|1682073744\n|move|p1a: PaoGasol|Protect|p1a: PaoGasol\n|-singleturn|p1a: PaoGasol|Protect\n|move|p1b: SnarlsBarkley|Extreme Speed|p2b: Salamence\n|-damage|p2b: Salamence|62\/100\n|move|p2b: Salamence|Crunch|p1b: SnarlsBarkley\n|-damage|p1b: SnarlsBarkley|0 fnt\n|faint|p1b: SnarlsBarkley\n|-ability|p2b: Salamence|Moxie|boost\n|-boost|p2b: Salamence|atk|1\n|move|p2a: Iron Bundle|Hydro Pump|p1a: PaoGasol\n|-activate|p1a: PaoGasol|move: Protect\n|\n|upkeep\n|\n|t:|1682073756\n|switch|p1b: GucciMane|Flutter Mane, L50|100\/100\n|-enditem|p1b: GucciMane|Booster Energy\n|-activate|p1b: GucciMane|ability: Protosynthesis|[fromitem]\n|-start|p1b: GucciMane|protosynthesisspe\n|turn|4\n|\n|t:|1682073775\n|-terastallize|p2b: Salamence|Rock\n|move|p1b: GucciMane|Dazzling Gleam|p2a: Iron Bundle|[spread] p2a,p2b\n|-damage|p2a: Iron Bundle|34\/100\n|-damage|p2b: Salamence|26\/100\n|move|p2b: Salamence|Crunch|p1b: GucciMane\n|-damage|p1b: GucciMane|0 fnt\n|faint|p1b: GucciMane\n|-end|p1b: GucciMane|Protosynthesis|[silent]\n|-ability|p2b: Salamence|Moxie|boost\n|-boost|p2b: Salamence|atk|1\n|move|p2a: Iron Bundle|Icy Wind|p1a: PaoGasol\n|-resisted|p1a: PaoGasol\n|-damage|p1a: PaoGasol|68\/100\n|-unboost|p1a: PaoGasol|spe|1\n|move|p1a: PaoGasol|Crunch|p2b: Salamence\n|-damage|p2b: Salamence|0 fnt\n|faint|p2b: Salamence\n|-damage|p1a: PaoGasol|59\/100|[from] item: Life Orb\n|\n|upkeep\n|\n|t:|1682073786\n|switch|p1b: GastroDonCorleone|Gastrodon, L50, F|100\/100\n|turn|5\n|\n|t:|1682073793\n|-terastallize|p1b: GastroDonCorleone|Fire\n|move|p2a: Iron Bundle|Blizzard|p1b: GastroDonCorleone|[spread] p1a,p1b\n|-resisted|p1a: PaoGasol\n|-resisted|p1b: GastroDonCorleone\n|-damage|p1a: PaoGasol|24\/100\n|-damage|p1b: GastroDonCorleone|81\/100\n|move|p1a: PaoGasol|Crunch|p2a: Iron Bundle\n|-damage|p2a: Iron Bundle|0 fnt\n|faint|p2a: Iron Bundle\n|-end|p2a: Iron Bundle|Quark Drive|[silent]\n|-damage|p1a: PaoGasol|14\/100|[from] item: Life Orb\n|\n|win|helloworld369\n|raw|helloworld369's rating: 1165 → 1182<\/strong> (+17 for winning)\n|raw|WillieDangerously's rating: 1054 → 1041<\/strong> (-13 for losing)\n|l|\u2606WillieDangerously\n","uploadtime":1682073796,"views":14,"p1id":"helloworld369","p2id":"williedangerously","formatid":"gen9vgc2023regulationc","rating":1041,"private":0,"password":""}