{"id":"gen9vgc2023regulationc-1863262783","p1":"Mobzaaz","p2":"oojclops","format":"[Gen 9] VGC 2023 Regulation C","log":"|j|\u2606Mobzaaz\n|j|\u2606oojclops\n|t:|1683995186\n|gametype|doubles\n|player|p1|Mobzaaz|hilbert|1084\n|player|p2|oojclops|rocketgruntf|1148\n|teamsize|p1|6\n|teamsize|p2|6\n|gen|9\n|tier|[Gen 9] VGC 2023 Regulation C\n|rated|\n|rule|Species Clause: Limit one of each Pok\u00e9mon\n|rule|Item Clause: Limit one of each item\n|clearpoke\n|poke|p1|Amoonguss, L50, F|\n|poke|p1|Arcanine, L50, M|\n|poke|p1|Chien-Pao, L50|\n|poke|p1|Gholdengo, L50|\n|poke|p1|Dragonite, L50, F|\n|poke|p1|Palafin, L50, M|\n|poke|p2|Arcanine, L50, M|\n|poke|p2|Flutter Mane, L50|\n|poke|p2|Kingambit, L50, M|\n|poke|p2|Gothitelle, L50, M|\n|poke|p2|Maushold, L50|\n|poke|p2|Breloom, L50, M|\n|teampreview|4\n|inactive|Battle timer is ON: inactive players will automatically lose when time's up. (requested by oojclops)\noojclops has agreed to open team sheets.\n|inactive|oojclops has 60 seconds left.\n|\n|t:|1683995225\n|start\n|switch|p1a: Gholdengo|Gholdengo, L50|100\/100\n|switch|p1b: Weavile 2.0|Chien-Pao, L50|100\/100\n|switch|p2a: Maushold|Maushold, L50|100\/100\n|switch|p2b: Flutter Mane|Flutter Mane, L50|100\/100\n|-ability|p1b: Weavile 2.0|Sword of Ruin\n|-enditem|p2b: Flutter Mane|Booster Energy\n|-activate|p2b: Flutter Mane|ability: Protosynthesis|[fromitem]\n|-start|p2b: Flutter Mane|protosynthesisspe\n|turn|1\n|inactive|oojclops has 30 seconds left.\n|inactive|oojclops has 20 seconds left.\n|\n|t:|1683995265\n|-terastallize|p2b: Flutter Mane|Steel\n|move|p2a: Maushold|Follow Me|p2a: Maushold\n|-singleturn|p2a: Maushold|move: Follow Me\n|move|p2b: Flutter Mane|Icy Wind|p1b: Weavile 2.0|[spread] p1a,p1b\n|-resisted|p1a: Gholdengo\n|-resisted|p1b: Weavile 2.0\n|-damage|p1a: Gholdengo|94\/100\n|-damage|p1b: Weavile 2.0|91\/100\n|-unboost|p1a: Gholdengo|spe|1\n|-unboost|p1b: Weavile 2.0|spe|1\n|move|p1b: Weavile 2.0|Sacred Sword|p2a: Maushold\n|-supereffective|p2a: Maushold\n|-damage|p2a: Maushold|0 fnt\n|faint|p2a: Maushold\n|move|p1a: Gholdengo|Make It Rain|p2b: Flutter Mane\n|-resisted|p2b: Flutter Mane\n|-damage|p2b: Flutter Mane|61\/100\n|-unboost|p1a: Gholdengo|spa|1\n|-damage|p1a: Gholdengo|84\/100|[from] item: Life Orb\n|\n|upkeep\n|\n|t:|1683995286\n|switch|p2a: Breloom|Breloom, L50, M|100\/100\n|turn|2\n|inactive|oojclops has 30 seconds left.\n|inactive|oojclops has 20 seconds left.\n|inactive|oojclops has 15 seconds left.\n|\n|t:|1683995326\n|switch|p1b: Good boy|Arcanine, L50, M|100\/100\n|-ability|p1b: Good boy|Intimidate|boost\n|-unboost|p2a: Breloom|atk|1\n|-unboost|p2b: Flutter Mane|atk|1\n|move|p1a: Gholdengo|Protect|p1a: Gholdengo\n|-singleturn|p1a: Gholdengo|Protect\n|move|p2b: Flutter Mane|Substitute|p2b: Flutter Mane\n|-start|p2b: Flutter Mane|Substitute\n|-damage|p2b: Flutter Mane|36\/100\n|move|p2a: Breloom|Spore|p1b: Good boy\n|-status|p1b: Good boy|slp|[from] move: Spore\n|\n|upkeep\n|turn|3\n|\n|t:|1683995352\n|switch|p2a: Kingambit|Kingambit, L50, M|100\/100\n|switch|p1a: Palafin|Palafin, L50, M|100\/100\n|move|p2b: Flutter Mane|Shadow Ball|p1a: Palafin\n|-damage|p1a: Palafin|54\/100\n|cant|p1b: Good boy|slp\n|\n|upkeep\n|turn|4\n|inactive|oojclops has 30 seconds left.\n|inactive|oojclops has 20 seconds left.\n|\n|t:|1683995387\n|detailschange|p1a: Palafin|Palafin-Hero, L50, M\n|switch|p1a: Weavile 2.0|Chien-Pao, L50|91\/100\n|-ability|p1a: Weavile 2.0|Sword of Ruin\n|move|p2b: Flutter Mane|Moonblast|p1a: Weavile 2.0\n|-supereffective|p1a: Weavile 2.0\n|-damage|p1a: Weavile 2.0|0 fnt\n|faint|p1a: Weavile 2.0\n|-curestatus|p1b: Good boy|slp|[msg]\n|move|p1b: Good boy|Flare Blitz|p2a: Kingambit\n|-supereffective|p2a: Kingambit\n|-damage|p2a: Kingambit|11\/100\n|-damage|p1b: Good boy|70\/100|[from] Recoil\n|move|p2a: Kingambit|Kowtow Cleave|p1b: Good boy\n|-damage|p1b: Good boy|7\/100\n|\n|-heal|p1b: Good boy|13\/100|[from] item: Leftovers\n|upkeep\n|\n|t:|1683995405\n|switch|p1a: Palafin|Palafin-Hero, L50, M|54\/100\n|-activate|p1a: Palafin|ability: Zero to Hero\n|turn|5\n|\n|t:|1683995429\n|move|p1b: Good boy|Extreme Speed|p2b: Flutter Mane\n|-resisted|p2b: Flutter Mane\n|-activate|p2b: Flutter Mane|move: Substitute|[damage]\n|move|p1a: Palafin|Jet Punch|p2a: Kingambit\n|-damage|p2a: Kingambit|0 fnt\n|faint|p2a: Kingambit\n|move|p2b: Flutter Mane|Moonblast|p1a: Palafin\n|-damage|p1a: Palafin|14\/100\n|-unboost|p1a: Palafin|spa|1\n|\n|-heal|p1b: Good boy|19\/100|[from] item: Leftovers\n|upkeep\n|\n|t:|1683995439\n|switch|p2a: Breloom|Breloom, L50, M|100\/100\n|turn|6\n|\n|t:|1683995460\n|move|p2a: Breloom|Mach Punch|p1b: Good boy\n|-damage|p1b: Good boy|0 fnt\n|faint|p1b: Good boy\n|move|p2b: Flutter Mane|Shadow Ball|p1a: Palafin\n|-damage|p1a: Palafin|0 fnt\n|faint|p1a: Palafin\n|\n|upkeep\n|\n|t:|1683995468\n|switch|p1a: Gholdengo|Gholdengo, L50|84\/100\n|turn|7\n|\n|t:|1683995483\n|-terastallize|p1a: Gholdengo|Steel\n|move|p2b: Flutter Mane|Shadow Ball|p1a: Gholdengo\n|-damage|p1a: Gholdengo|47\/100\n|move|p1a: Gholdengo|Shadow Ball|p2a: Breloom\n|-enditem|p2a: Breloom|Focus Sash\n|-damage|p2a: Breloom|1\/100\n|-damage|p1a: Gholdengo|37\/100|[from] item: Life Orb\n|move|p2a: Breloom|Bullet Seed|p1a: Gholdengo\n|-resisted|p1a: Gholdengo\n|-damage|p1a: Gholdengo|26\/100\n|-resisted|p1a: Gholdengo\n|-damage|p1a: Gholdengo|15\/100\n|-resisted|p1a: Gholdengo\n|-damage|p1a: Gholdengo|4\/100\n|-resisted|p1a: Gholdengo\n|-damage|p1a: Gholdengo|0 fnt\n|faint|p1a: Gholdengo\n|-hitcount|p1: Gholdengo|4\n|\n|win|oojclops\n|raw|Mobzaaz's rating: 1084 → 1066<\/strong> (-18 for losing)\n|raw|oojclops's rating: 1148 → 1168<\/strong> (+20 for winning)\n|l|\u2606Mobzaaz\n|c|\u2606oojclops|Ggs\n","uploadtime":1683995510,"views":5,"p1id":"mobzaaz","p2id":"oojclops","formatid":"gen9vgc2023regulationc","rating":1066,"private":0,"password":""}