{"id":"gen9vgc2023regulationc-1852997024","p1":"Stinkekakkie","p2":"Gholdjunge","format":"[Gen 9] VGC 2023 Regulation C","log":"|j|\u2606Stinkekakkie\n|j|\u2606Gholdjunge\n|t:|1682624125\n|gametype|doubles\n|player|p1|Stinkekakkie|li|1478\n|player|p2|Gholdjunge|youngster-gen2|1511\n|teamsize|p1|6\n|teamsize|p2|6\n|gen|9\n|tier|[Gen 9] VGC 2023 Regulation C\n|rated|\n|rule|Species Clause: Limit one of each Pok\u00e9mon\n|rule|Item Clause: Limit one of each item\n|clearpoke\n|poke|p1|Glimmora, L50, F|\n|poke|p1|Wo-Chien, L50|\n|poke|p1|Gholdengo, L50|\n|poke|p1|Scream Tail, L50|\n|poke|p1|Arcanine, L50, F|\n|poke|p1|Tyranitar, L50, M|\n|poke|p2|Azumarill, L50, M|\n|poke|p2|Pelipper, L50, M|\n|poke|p2|Chien-Pao, L50|\n|poke|p2|Amoonguss, L50, M|\n|poke|p2|Iron Hands, L50|\n|poke|p2|Flutter Mane, L50|\n|teampreview|4\n|inactive|Battle timer is ON: inactive players will automatically lose when time's up. (requested by Stinkekakkie)\n|inactive|Stinkekakkie has 60 seconds left.\n|inactive|Gholdjunge has 60 seconds left.\n|inactive|Gholdjunge has 30 seconds left.\n|inactive|Gholdjunge has 20 seconds left.\n|inactive|Gholdjunge has 15 seconds left.\n|\n|t:|1682624204\n|start\n|switch|p1a: Glimmora|Glimmora, L50, F|100\/100\n|switch|p1b: Wo-Chien|Wo-Chien, L50|100\/100\n|switch|p2a: Azumarill|Azumarill, L50, M|100\/100\n|switch|p2b: Iron Hands|Iron Hands, L50|100\/100\n|-ability|p1b: Wo-Chien|Tablets of Ruin\n|turn|1\n|j| Stempe\n|inactive|Gholdjunge has 30 seconds left.\n|\n|t:|1682624235\n|switch|p2a: Amoonguss|Amoonguss, L50, M|100\/100\n|move|p1a: Glimmora|Spiky Shield|p1a: Glimmora\n|-singleturn|p1a: Glimmora|move: Protect\n|move|p1b: Wo-Chien|Protect|p1b: Wo-Chien\n|-singleturn|p1b: Wo-Chien|Protect\n|move|p2b: Iron Hands|Swords Dance|p2b: Iron Hands\n|-boost|p2b: Iron Hands|atk|2\n|\n|upkeep\n|turn|2\n|inactive|Stinkekakkie has 30 seconds left.\n|inactive|Gholdjunge has 30 seconds left.\n|inactive|Stinkekakkie has 20 seconds left.\n|\n|t:|1682624272\n|switch|p1b: Gholdengo|Gholdengo, L50|100\/100\n|move|p2b: Iron Hands|Detect|p2b: Iron Hands\n|-singleturn|p2b: Iron Hands|Protect\n|move|p1a: Glimmora|Mortal Spin|p2b: Iron Hands|[spread] p2a\n|-activate|p2b: Iron Hands|move: Protect\n|-damage|p2a: Amoonguss|96\/100\n|-status|p2a: Amoonguss|psn\n|move|p2a: Amoonguss|Pollen Puff|p1b: Gholdengo\n|-resisted|p1b: Gholdengo\n|-damage|p1b: Gholdengo|95\/100\n|\n|-heal|p1b: Gholdengo|100\/100|[from] item: Leftovers\n|-damage|p2a: Amoonguss|84\/100 psn|[from] psn\n|upkeep\n|turn|3\n|inactive|Gholdjunge has 30 seconds left.\n|inactive|Stinkekakkie has 30 seconds left.\n|inactive|Stinkekakkie has 20 seconds left.\n|inactive|Stinkekakkie has 15 seconds left.\n|\n|t:|1682624324\n|move|p1a: Glimmora|Mortal Spin|p2b: Iron Hands|[spread] p2a,p2b\n|-crit|p2b: Iron Hands\n|-damage|p2a: Amoonguss|80\/100 psn\n|-damage|p2b: Iron Hands|95\/100\n|-status|p2b: Iron Hands|psn\n|move|p1b: Gholdengo|Hex|p2b: Iron Hands\n|-damage|p2b: Iron Hands|44\/100 psn\n|move|p2b: Iron Hands|Wild Charge|p1b: Gholdengo\n|-damage|p1b: Gholdengo|18\/100\n|-damage|p2b: Iron Hands|28\/100 psn|[from] Recoil\n|move|p2a: Amoonguss|Pollen Puff|p2b: Iron Hands\n|-heal|p2b: Iron Hands|78\/100 psn\n|\n|-heal|p1b: Gholdengo|24\/100|[from] item: Leftovers\n|-damage|p2b: Iron Hands|66\/100 psn|[from] psn\n|-damage|p2a: Amoonguss|68\/100 psn|[from] psn\n|upkeep\n|turn|4\n|inactive|Stinkekakkie has 30 seconds left.\n|inactive|Gholdjunge has 30 seconds left.\n|inactive|Stinkekakkie has 20 seconds left.\n|inactive|Stinkekakkie has 15 seconds left.\n|\n|t:|1682624364\n|switch|p1b: Wo-Chien|Wo-Chien, L50|100\/100\n|-ability|p1b: Wo-Chien|Tablets of Ruin\n|move|p1a: Glimmora|Spiky Shield|p1a: Glimmora\n|-singleturn|p1a: Glimmora|move: Protect\n|move|p2a: Amoonguss|Rage Powder|p2a: Amoonguss\n|-singleturn|p2a: Amoonguss|move: Rage Powder\n|move|p2b: Iron Hands|Wild Charge|p1b: Wo-Chien\n|-resisted|p1b: Wo-Chien\n|-damage|p1b: Wo-Chien|71\/100\n|-damage|p2b: Iron Hands|59\/100 psn|[from] Recoil\n|\n|-damage|p2b: Iron Hands|47\/100 psn|[from] psn\n|-damage|p2a: Amoonguss|55\/100 psn|[from] psn\n|upkeep\n|turn|5\n|inactive|Gholdjunge has 30 seconds left.\n|\n|t:|1682624392\n|switch|p1a: Gholdengo|Gholdengo, L50|24\/100\n|move|p1b: Wo-Chien|Protect|p1b: Wo-Chien\n|-singleturn|p1b: Wo-Chien|Protect\n|move|p2b: Iron Hands|Detect|p2b: Iron Hands\n|-singleturn|p2b: Iron Hands|Protect\n|move|p2a: Amoonguss|Spore|p1a: Gholdengo\n|-immune|p1a: Gholdengo|[from] ability: Good as Gold\n|\n|-heal|p1a: Gholdengo|30\/100|[from] item: Leftovers\n|-damage|p2b: Iron Hands|35\/100 psn|[from] psn\n|-damage|p2a: Amoonguss|43\/100 psn|[from] psn\n|upkeep\n|turn|6\n|\n|t:|1682624414\n|move|p2a: Amoonguss|Rage Powder|p2a: Amoonguss\n|-singleturn|p2a: Amoonguss|move: Rage Powder\n|move|p1a: Gholdengo|Hex|p2a: Amoonguss\n|-damage|p2a: Amoonguss|0 fnt\n|faint|p2a: Amoonguss\n|move|p1b: Wo-Chien|Foul Play|p2b: Iron Hands\n|-resisted|p2b: Iron Hands\n|-crit|p2b: Iron Hands\n|-damage|p2b: Iron Hands|0 fnt\n|faint|p2b: Iron Hands\n|-end|p2b: Iron Hands|Quark Drive|[silent]\n|\n|-heal|p1a: Gholdengo|37\/100|[from] item: Leftovers\n|upkeep\n|c|\u2606Gholdjunge|\u00f6lk\u00f6lgjklgfjkgd\u00e4\u00fc#\n|\n|t:|1682624427\n|switch|p2b: Azumarill|Azumarill, L50, M|100\/100\n|switch|p2a: Flutter Mane|Flutter Mane, L50|100\/100\n|turn|7\n|inactive|Gholdjunge has 30 seconds left.\n|\n|t:|1682624461\n|-terastallize|p1b: Wo-Chien|Water\n|-terastallize|p2b: Azumarill|Water\n|move|p1a: Gholdengo|Protect|p1a: Gholdengo\n|-singleturn|p1a: Gholdengo|Protect\n|move|p2a: Flutter Mane|Shadow Ball|p1a: Gholdengo\n|-activate|p1a: Gholdengo|move: Protect\n|move|p1b: Wo-Chien|Leech Seed|p2a: Flutter Mane\n|-start|p2a: Flutter Mane|move: Leech Seed\n|move|p2b: Azumarill|Liquidation|p1b: Wo-Chien\n|-resisted|p1b: Wo-Chien\n|-damage|p1b: Wo-Chien|49\/100\n|-enditem|p1b: Wo-Chien|Sitrus Berry|[eat]\n|-heal|p1b: Wo-Chien|74\/100|[from] item: Sitrus Berry\n|\n|-heal|p1a: Gholdengo|43\/100|[from] item: Leftovers\n|-damage|p2a: Flutter Mane|88\/100|[from] Leech Seed|[of] p1b: Wo-Chien\n|-heal|p1b: Wo-Chien|83\/100|[silent]\n|upkeep\n|turn|8\n|inactive|Stinkekakkie has 30 seconds left.\n|inactive|Gholdjunge has 30 seconds left.\n|\n|t:|1682624491\n|switch|p1a: Tyranitar|Tyranitar, L50, M|100\/100\n|-weather|Sandstorm|[from] ability: Sand Stream|[of] p1a: Tyranitar\n|move|p2b: Azumarill|Protect|p2b: Azumarill\n|-singleturn|p2b: Azumarill|Protect\n|move|p2a: Flutter Mane|Shadow Ball|p1a: Tyranitar\n|-resisted|p1a: Tyranitar\n|-damage|p1a: Tyranitar|88\/100\n|move|p1b: Wo-Chien|Foul Play|p2b: Azumarill\n|-activate|p2b: Azumarill|move: Protect\n|\n|-weather|Sandstorm|[upkeep]\n|-damage|p2a: Flutter Mane|83\/100|[from] Sandstorm\n|-damage|p1b: Wo-Chien|77\/100|[from] Sandstorm\n|-damage|p2b: Azumarill|95\/100|[from] Sandstorm\n|-damage|p2a: Flutter Mane|71\/100|[from] Leech Seed|[of] p1b: Wo-Chien\n|-heal|p1b: Wo-Chien|85\/100|[silent]\n|upkeep\n|turn|9\n|c|\u2606Gholdjunge|hurry up\n|inactive|Stinkekakkie has 30 seconds left.\n|\n|t:|1682624518\n|move|p2a: Flutter Mane|Shadow Ball|p1b: Wo-Chien\n|-damage|p1b: Wo-Chien|49\/100\n|move|p1a: Tyranitar|Assurance|p2b: Azumarill\n|-damage|p2b: Azumarill|67\/100\n|move|p1b: Wo-Chien|Foul Play|p2b: Azumarill\n|-damage|p2b: Azumarill|34\/100\n|move|p2b: Azumarill|Liquidation|p1a: Tyranitar\n|-supereffective|p1a: Tyranitar\n|-damage|p1a: Tyranitar|0 fnt\n|faint|p1a: Tyranitar\n|\n|-weather|Sandstorm|[upkeep]\n|-damage|p2a: Flutter Mane|65\/100|[from] Sandstorm\n|-damage|p1b: Wo-Chien|43\/100|[from] Sandstorm\n|-damage|p2b: Azumarill|28\/100|[from] Sandstorm\n|-damage|p2a: Flutter Mane|53\/100|[from] Leech Seed|[of] p1b: Wo-Chien\n|-heal|p1b: Wo-Chien|52\/100|[silent]\n|upkeep\n|\n|t:|1682624538\n|switch|p1a: Glimmora|Glimmora, L50, F|100\/100\n|turn|10\n|\n|t:|1682624545\n|move|p1a: Glimmora|Spiky Shield|p1a: Glimmora\n|-singleturn|p1a: Glimmora|move: Protect\n|move|p1b: Wo-Chien|Protect|p1b: Wo-Chien\n|-singleturn|p1b: Wo-Chien|Protect\n|move|p2a: Flutter Mane|Shadow Ball|p1b: Wo-Chien\n|-activate|p1b: Wo-Chien|move: Protect\n|move|p2b: Azumarill|Play Rough|p1b: Wo-Chien\n|-activate|p1b: Wo-Chien|move: Protect\n|\n|-weather|Sandstorm|[upkeep]\n|-damage|p2a: Flutter Mane|47\/100|[from] Sandstorm\n|-damage|p1b: Wo-Chien|46\/100|[from] Sandstorm\n|-damage|p2b: Azumarill|22\/100|[from] Sandstorm\n|-damage|p2a: Flutter Mane|35\/100|[from] Leech Seed|[of] p1b: Wo-Chien\n|-heal|p1b: Wo-Chien|55\/100|[silent]\n|upkeep\n|turn|11\n|c|\u2606Gholdjunge|fucking stall bitch\n|n|\u203dGholdjunge|gholdjunge\n|c|&|\/log Gholdjunge was locked from talking by Artemis. (\u2606Gholdjunge: fucking stall bitch)\n|c|&|\/raw This action was done automatically. Want to learn more about the AI? Visit the information thread<\/a>.<\/small>\n|inactive|Stinkekakkie has 30 seconds left.\n|\n|t:|1682624576\n|move|p2b: Azumarill|Aqua Jet|p1a: Glimmora\n|-supereffective|p1a: Glimmora\n|-damage|p1a: Glimmora|33\/100\n|move|p2a: Flutter Mane|Shadow Ball|p1a: Glimmora\n|-damage|p1a: Glimmora|0 fnt\n|faint|p1a: Glimmora\n|move|p1b: Wo-Chien|Foul Play|p2a: Flutter Mane\n|-damage|p2a: Flutter Mane|15\/100\n|\n|-weather|Sandstorm|[upkeep]\n|-damage|p2a: Flutter Mane|10\/100|[from] Sandstorm\n|-damage|p1b: Wo-Chien|48\/100|[from] Sandstorm\n|-damage|p2b: Azumarill|16\/100|[from] Sandstorm\n|-damage|p2a: Flutter Mane|0 fnt|[from] Leech Seed|[of] p1b: Wo-Chien\n|-heal|p1b: Wo-Chien|55\/100|[silent]\n|faint|p2a: Flutter Mane\n|-end|p2a: Flutter Mane|Protosynthesis|[silent]\n|upkeep\n|c| Stempe|lol\n|\n|t:|1682624591\n|switch|p1a: Gholdengo|Gholdengo, L50|43\/100\n|turn|12\n|\n|t:|1682624598\n|move|p1a: Gholdengo|Make It Rain|p2b: Azumarill\n|-resisted|p2b: Azumarill\n|-damage|p2b: Azumarill|0 fnt\n|-unboost|p1a: Gholdengo|spa|1\n|faint|p2b: Azumarill\n|\n|win|Stinkekakkie\n|raw|Stinkekakkie's rating: 1478 → 1500<\/strong> (+22 for winning)\n|raw|Gholdjunge's rating: 1511 → 1489<\/strong> (-22 for losing)\n|l|\u203dGholdjunge\n|j|\u203dGholdjunge\n|player|p2|Gholdjunge|youngster-gen2\n|l| Stempe\n|l|\u203dGholdjunge\n|player|p2|\n","uploadtime":1682624567,"views":2,"p1id":"stinkekakkie","p2id":"gholdjunge","formatid":"gen9vgc2023regulationc","rating":1489,"private":0,"password":""}