{"id":"gen9vgc2023regulationc-1847806590","p1":"shm0406","p2":"matteo3960","format":"[Gen 9] VGC 2023 Regulation C","log":"|j|\u2606shm0406\n|j|\u2606matteo3960\n|t:|1682003560\n|gametype|doubles\n|player|p1|shm0406|n|1355\n|player|p2|matteo3960|101|1304\n|teamsize|p1|6\n|teamsize|p2|6\n|gen|9\n|tier|[Gen 9] VGC 2023 Regulation C\n|rated|\n|rule|Species Clause: Limit one of each Pok\u00e9mon\n|rule|Item Clause: Limit one of each item\n|clearpoke\n|poke|p1|Talonflame, L50, M|\n|poke|p1|Gyarados, L50, F|\n|poke|p1|Garchomp, L50, M|\n|poke|p1|Flutter Mane, L50|\n|poke|p1|Chi-Yu, L50|\n|poke|p1|Amoonguss, L50, M|\n|poke|p2|Roaring Moon, L50|\n|poke|p2|Flutter Mane, L50|\n|poke|p2|Amoonguss, L50, F|\n|poke|p2|Gyarados, L50, M|\n|poke|p2|Ting-Lu, L50|\n|poke|p2|Chi-Yu, L50|\n|teampreview|4\nmatteo3960 has agreed to open team sheets.\n|\n|t:|1682003684\n|start\n|switch|p1a: Talonflame|Talonflame, L50, M, shiny|100\/100\n|switch|p1b: Garchomp|Garchomp, L50, M|100\/100\n|switch|p2a: Roaring Moon|Roaring Moon, L50|100\/100\n|switch|p2b: Ting-Lu|Ting-Lu, L50|100\/100\n|-ability|p2b: Ting-Lu|Vessel of Ruin\n|-enditem|p2a: Roaring Moon|Booster Energy\n|-activate|p2a: Roaring Moon|ability: Protosynthesis|[fromitem]\n|-start|p2a: Roaring Moon|protosynthesisatk\n|turn|1\n|\n|t:|1682003705\n|-terastallize|p2a: Roaring Moon|Flying\n|move|p1a: Talonflame|Tailwind|p1a: Talonflame\n|-sidestart|p1: shm0406|move: Tailwind\n|move|p1b: Garchomp|Dragon Claw|p2a: Roaring Moon\n|-damage|p2a: Roaring Moon|50\/100\n|move|p2a: Roaring Moon|Dragon Dance|p2a: Roaring Moon\n|-boost|p2a: Roaring Moon|atk|1\n|-boost|p2a: Roaring Moon|spe|1\n|move|p2b: Ting-Lu|Ruination|p1b: Garchomp\n|-damage|p1b: Garchomp|51\/100\n|\n|upkeep\n|turn|2\n|\n|t:|1682003738\n|switch|p2b: Flutter Mane|Flutter Mane, L50|100\/100\n|move|p1b: Garchomp|Protect|p1b: Garchomp\n|-singleturn|p1b: Garchomp|Protect\n|move|p2a: Roaring Moon|Protect|p2a: Roaring Moon\n|-singleturn|p2a: Roaring Moon|Protect\n|move|p1a: Talonflame|Heat Wave|p2b: Flutter Mane|[spread] p2b\n|-activate|p2a: Roaring Moon|move: Protect\n|-damage|p2b: Flutter Mane|81\/100\n|\n|upkeep\n|turn|3\n|\n|t:|1682003752\n|move|p1a: Talonflame|Heat Wave|p2b: Flutter Mane|[spread] p2a\n|-miss|p1a: Talonflame|p2b: Flutter Mane\n|-damage|p2a: Roaring Moon|30\/100\n|move|p1b: Garchomp|Earthquake|p2b: Flutter Mane|[spread] p2b\n|-immune|p1a: Talonflame\n|-immune|p2a: Roaring Moon\n|-damage|p2b: Flutter Mane|16\/100\n|move|p2a: Roaring Moon|Acrobatics|p1b: Garchomp\n|-damage|p1b: Garchomp|0 fnt\n|-damage|p2a: Roaring Moon|17\/100|[from] ability: Rough Skin|[of] p1b: Garchomp\n|faint|p1b: Garchomp\n|move|p2b: Flutter Mane|Dazzling Gleam|p1a: Talonflame\n|-resisted|p1a: Talonflame\n|-damage|p1a: Talonflame|66\/100\n|\n|upkeep\n|\n|t:|1682003773\n|switch|p1b: Flutter Mane|Flutter Mane, L50|100\/100\n|turn|4\n|\n|t:|1682003785\n|-end|p2b: Flutter Mane|Protosynthesis|[silent]\n|switch|p2b: Ting-Lu|Ting-Lu, L50|100\/100\n|-ability|p2b: Ting-Lu|Vessel of Ruin\n|move|p2a: Roaring Moon|Protect|p2a: Roaring Moon\n|-singleturn|p2a: Roaring Moon|Protect\n|move|p1a: Talonflame|Quick Guard|p1a: Talonflame\n|-singleturn|p1a: Talonflame|Quick Guard\n|move|p1b: Flutter Mane|Dazzling Gleam|p2a: Roaring Moon|[spread] p2b\n|-activate|p2a: Roaring Moon|move: Protect\n|-supereffective|p2b: Ting-Lu\n|-damage|p2b: Ting-Lu|77\/100\n|\n|-sideend|p1: shm0406|move: Tailwind\n|upkeep\n|turn|5\n|\n|t:|1682003808\n|move|p1b: Flutter Mane|Protect|p1b: Flutter Mane\n|-singleturn|p1b: Flutter Mane|Protect\n|move|p2a: Roaring Moon|Acrobatics|p1b: Flutter Mane\n|-activate|p1b: Flutter Mane|move: Protect\n|move|p1a: Talonflame|Tailwind|p1a: Talonflame\n|-sidestart|p1: shm0406|move: Tailwind\n|move|p2b: Ting-Lu|Heavy Slam|p1a: Talonflame\n|-resisted|p1a: Talonflame\n|-damage|p1a: Talonflame|46\/100\n|\n|upkeep\n|turn|6\n|\n|t:|1682003831\n|-terastallize|p1b: Flutter Mane|Fairy\n|move|p2a: Roaring Moon|Protect|p2a: Roaring Moon\n|-singleturn|p2a: Roaring Moon|Protect\n|move|p1b: Flutter Mane|Moonblast|p2b: Ting-Lu\n|-supereffective|p2b: Ting-Lu\n|-damage|p2b: Ting-Lu|29\/100\n|move|p1a: Talonflame|Heat Wave|p2b: Ting-Lu|[spread] p2b\n|-activate|p2a: Roaring Moon|move: Protect\n|-damage|p2b: Ting-Lu|21\/100\n|move|p2b: Ting-Lu|Heavy Slam|p1b: Flutter Mane\n|-supereffective|p1b: Flutter Mane\n|-enditem|p1b: Flutter Mane|Focus Sash\n|-damage|p1b: Flutter Mane|1\/100\n|\n|upkeep\n|turn|7\n|\n|t:|1682003862\n|move|p1b: Flutter Mane|Dazzling Gleam|p2a: Roaring Moon|[spread] p2a,p2b\n|-supereffective|p2b: Ting-Lu\n|-damage|p2a: Roaring Moon|0 fnt\n|-damage|p2b: Ting-Lu|0 fnt\n|faint|p2a: Roaring Moon\n|-end|p2a: Roaring Moon|Protosynthesis|[silent]\n|faint|p2b: Ting-Lu\n|move|p1a: Talonflame|Heat Wave|p2: Roaring Moon|[notarget]\n|-fail|p1a: Talonflame\n|\n|upkeep\n|\n|t:|1682003866\n|switch|p2a: Chi-Yu|Chi-Yu, L50|100\/100\n|switch|p2b: Flutter Mane|Flutter Mane, L50|16\/100\n|-ability|p2a: Chi-Yu|Beads of Ruin\n|turn|8\n|\n|t:|1682003895\n|move|p1b: Flutter Mane|Dazzling Gleam|p2b: Flutter Mane|[spread] p2a,p2b\n|-damage|p2a: Chi-Yu|64\/100\n|-damage|p2b: Flutter Mane|0 fnt\n|faint|p2b: Flutter Mane\n|-end|p2b: Flutter Mane|Protosynthesis|[silent]\n|move|p1a: Talonflame|Heat Wave|p2a: Chi-Yu\n|-resisted|p2a: Chi-Yu\n|-damage|p2a: Chi-Yu|51\/100\n|move|p2a: Chi-Yu|Heat Wave|p1a: Talonflame|[spread] p1a,p1b\n|-resisted|p1a: Talonflame\n|-damage|p1a: Talonflame|22\/100\n|-damage|p1b: Flutter Mane|0 fnt\n|faint|p1b: Flutter Mane\n|-end|p1b: Flutter Mane|Protosynthesis|[silent]\n|\n|-heal|p2a: Chi-Yu|57\/100|[from] item: Leftovers\n|-sideend|p1: shm0406|move: Tailwind\n|upkeep\n|\n|t:|1682003906\n|switch|p1b: Chi-Yu|Chi-Yu, L50|100\/100\n|-ability|p1b: Chi-Yu|Beads of Ruin\n|turn|9\n|\n|t:|1682003920\n|move|p2a: Chi-Yu|Protect|p2a: Chi-Yu\n|-singleturn|p2a: Chi-Yu|Protect\n|move|p1b: Chi-Yu|Dark Pulse|p2a: Chi-Yu\n|-activate|p2a: Chi-Yu|move: Protect\n|move|p1a: Talonflame|Tailwind|p1a: Talonflame\n|-sidestart|p1: shm0406|move: Tailwind\n|\n|-heal|p2a: Chi-Yu|64\/100|[from] item: Leftovers\n|upkeep\n|turn|10\n|\n|t:|1682003929\n|move|p1b: Chi-Yu|Dark Pulse|p2a: Chi-Yu\n|-resisted|p2a: Chi-Yu\n|-damage|p2a: Chi-Yu|42\/100\n|move|p1a: Talonflame|Heat Wave|p2a: Chi-Yu\n|-resisted|p2a: Chi-Yu\n|-damage|p2a: Chi-Yu|29\/100\n|move|p2a: Chi-Yu|Nasty Plot|p2a: Chi-Yu\n|-boost|p2a: Chi-Yu|spa|2\n|\n|-heal|p2a: Chi-Yu|35\/100|[from] item: Leftovers\n|upkeep\n|turn|11\n|\n|t:|1682003941\n|move|p2a: Chi-Yu|Protect|p2a: Chi-Yu\n|-singleturn|p2a: Chi-Yu|Protect\n|move|p1b: Chi-Yu|Dark Pulse|p2a: Chi-Yu\n|-activate|p2a: Chi-Yu|move: Protect\n|move|p1a: Talonflame|Heat Wave|p2a: Chi-Yu\n|-activate|p2a: Chi-Yu|move: Protect\n|\n|-heal|p2a: Chi-Yu|42\/100|[from] item: Leftovers\n|upkeep\n|turn|12\n|\n|t:|1682003961\n|move|p1b: Chi-Yu|Dark Pulse|p2a: Chi-Yu\n|-resisted|p2a: Chi-Yu\n|-damage|p2a: Chi-Yu|23\/100\n|move|p1a: Talonflame|Taunt|p2a: Chi-Yu\n|-start|p2a: Chi-Yu|move: Taunt\n|move|p2a: Chi-Yu|Heat Wave|p1b: Chi-Yu|[spread] p1a,p1b\n|-resisted|p1a: Talonflame\n|-resisted|p1b: Chi-Yu\n|-damage|p1a: Talonflame|0 fnt\n|-damage|p1b: Chi-Yu|59\/100\n|faint|p1a: Talonflame\n|\n|-heal|p2a: Chi-Yu|29\/100|[from] item: Leftovers\n|-sideend|p1: shm0406|move: Tailwind\n|upkeep\n|turn|13\n|\n|t:|1682003975\n|move|p1b: Chi-Yu|Dark Pulse|p2a: Chi-Yu\n|-resisted|p2a: Chi-Yu\n|-damage|p2a: Chi-Yu|9\/100\n|move|p2a: Chi-Yu|Heat Wave|p1b: Chi-Yu\n|-resisted|p1b: Chi-Yu\n|-damage|p1b: Chi-Yu|7\/100\n|\n|-heal|p2a: Chi-Yu|15\/100|[from] item: Leftovers\n|upkeep\n|turn|14\n|\n|t:|1682003984\n|move|p1b: Chi-Yu|Dark Pulse|p2a: Chi-Yu\n|-resisted|p2a: Chi-Yu\n|-crit|p2a: Chi-Yu\n|-damage|p2a: Chi-Yu|0 fnt\n|faint|p2a: Chi-Yu\n|\n|win|shm0406\n|raw|shm0406's rating: 1355 → 1372<\/strong> (+17 for winning)\n|raw|matteo3960's rating: 1304 → 1287<\/strong> (-17 for losing)\n","uploadtime":1682003994,"views":6,"p1id":"shm0406","p2id":"matteo3960","formatid":"gen9vgc2023regulationc","rating":1287,"private":0,"password":""}