{"id":"gen9vgc2023regulationc-1845023429","p1":"Aridee","p2":"fatdaddymac","format":"[Gen 9] VGC 2023 Regulation C","log":"|j|\u2606Aridee\n|j|\u2606fatdaddymac\n|t:|1681675104\n|gametype|doubles\n|player|p1|Aridee|marshal|1050\n|player|p2|fatdaddymac|170|1024\n|teamsize|p1|6\n|teamsize|p2|6\n|gen|9\n|tier|[Gen 9] VGC 2023 Regulation C\n|rated|\n|rule|Species Clause: Limit one of each Pok\u00e9mon\n|rule|Item Clause: Limit one of each item\n|clearpoke\n|poke|p1|Lucario, L50, F|\n|poke|p1|Chien-Pao, L50|\n|poke|p1|Gardevoir, L50, M|\n|poke|p1|Gyarados, L50, F|\n|poke|p1|Garchomp, L50, F|\n|poke|p1|Misdreavus, L50, F|\n|poke|p2|Oricorio-Sensu, L50, F|\n|poke|p2|Volcarona, L50, F|\n|poke|p2|Grimmsnarl, L50, M|\n|poke|p2|Gardevoir, L50, F|\n|poke|p2|Lucario, L50, M|\n|poke|p2|Espathra, L50, M|\n|teampreview|4\n|\n|t:|1681675146\n|start\n|switch|p1a: Lucario|Lucario, L50, F|100\/100\n|switch|p1b: Misdreavus|Misdreavus, L50, F|100\/100\n|switch|p2a: Grimmsnarl|Grimmsnarl, L50, M|100\/100\n|switch|p2b: Espathra|Espathra, L50, M|100\/100\n|turn|1\n|\n|t:|1681675176\n|move|p1a: Lucario|Bullet Punch|p2a: Grimmsnarl\n|-supereffective|p2a: Grimmsnarl\n|-damage|p2a: Grimmsnarl|41\/100\n|-damage|p1a: Lucario|91\/100|[from] item: Life Orb\n|move|p2a: Grimmsnarl|Reflect|p2a: Grimmsnarl\n|-sidestart|p2: fatdaddymac|Reflect\n|move|p2b: Espathra|Calm Mind|p2b: Espathra\n|-boost|p2b: Espathra|spa|1\n|-boost|p2b: Espathra|spd|1\n|move|p1b: Misdreavus|Will-O-Wisp|p2b: Espathra\n|-status|p2b: Espathra|brn\n|\n|-damage|p2b: Espathra|95\/100 brn|[from] brn\n|-ability|p2b: Espathra|Speed Boost|boost\n|-boost|p2b: Espathra|spe|1\n|upkeep\n|turn|2\n|\n|t:|1681675200\n|switch|p1a: Garchomp|Garchomp, L50, F|100\/100\n|move|p2a: Grimmsnarl|Light Screen|p2a: Grimmsnarl\n|-sidestart|p2: fatdaddymac|move: Light Screen\n|move|p2b: Espathra|Calm Mind|p2b: Espathra\n|-boost|p2b: Espathra|spa|1\n|-boost|p2b: Espathra|spd|1\n|move|p1b: Misdreavus|Hex|p2b: Espathra\n|-supereffective|p2b: Espathra\n|-damage|p2b: Espathra|65\/100 brn\n|\n|-damage|p2b: Espathra|59\/100 brn|[from] brn\n|-ability|p2b: Espathra|Speed Boost|boost\n|-boost|p2b: Espathra|spe|1\n|upkeep\n|turn|3\n|\n|t:|1681675219\n|move|p2b: Espathra|Baton Pass|p2b: Espathra\n|\n|t:|1681675222\n|switch|p2b: Oricorio|Oricorio-Sensu, L50, F|100\/100|[from] Baton Pass\n|move|p1b: Misdreavus|Will-O-Wisp|p2a: Grimmsnarl\n|-status|p2a: Grimmsnarl|brn\n|-enditem|p2a: Grimmsnarl|Lum Berry|[eat]\n|-curestatus|p2a: Grimmsnarl|brn|[msg]\n|move|p2a: Grimmsnarl|Spirit Break|p1a: Garchomp\n|-supereffective|p1a: Garchomp\n|-damage|p1a: Garchomp|40\/100\n|-damage|p2a: Grimmsnarl|29\/100|[from] ability: Rough Skin|[of] p1a: Garchomp\n|move|p1a: Garchomp|Dragon Tail|p2b: Oricorio\n|-damage|p2b: Oricorio|75\/100\n|drag|p2b: Volcarona|Volcarona, L50, F|100\/100\n|\n|upkeep\n|turn|4\n|\n|t:|1681675249\n|move|p2b: Volcarona|Protect|p2b: Volcarona\n|-singleturn|p2b: Volcarona|Protect\n|move|p1a: Garchomp|Earthquake|p2a: Grimmsnarl|[spread] p2a\n|-activate|p2b: Volcarona|move: Protect\n|-immune|p1b: Misdreavus|[from] ability: Levitate\n|-damage|p2a: Grimmsnarl|0 fnt\n|faint|p2a: Grimmsnarl\n|move|p1b: Misdreavus|Will-O-Wisp|p2b: Volcarona\n|-activate|p2b: Volcarona|move: Protect\n|\n|upkeep\n|\n|t:|1681675263\n|switch|p2a: Oricorio|Oricorio-Sensu, L50, F|75\/100\n|turn|5\n|\n|t:|1681675284\n|move|p1a: Garchomp|Earthquake|p2a: Oricorio|[spread] p2b\n|-immune|p1b: Misdreavus|[from] ability: Levitate\n|-immune|p2a: Oricorio\n|-damage|p2b: Volcarona|67\/100\n|move|p2b: Volcarona|Fiery Dance|p1a: Garchomp\n|-resisted|p1a: Garchomp\n|-damage|p1a: Garchomp|21\/100\n|-activate|p2a: Oricorio|ability: Dancer\n|move|p2a: Oricorio|Fiery Dance|p1a: Garchomp|[from]ability: Dancer\n|-resisted|p1a: Garchomp\n|-damage|p1a: Garchomp|11\/100\n|-boost|p2a: Oricorio|spa|1\n|move|p2a: Oricorio|Icy Wind|p1a: Garchomp|[spread] p1a,p1b\n|-supereffective|p1a: Garchomp\n|-crit|p1b: Misdreavus\n|-damage|p1a: Garchomp|0 fnt\n|-damage|p1b: Misdreavus|81\/100\n|-unboost|p1b: Misdreavus|spe|1\n|faint|p1a: Garchomp\n|move|p1b: Misdreavus|Trick Room|p1b: Misdreavus\n|-fieldstart|move: Trick Room|[of] p1b: Misdreavus\n|\n|-sideend|p2: fatdaddymac|Reflect\n|upkeep\n|\n|t:|1681675316\n|switch|p1a: Lucario|Lucario, L50, F|91\/100\n|turn|6\n|\n|t:|1681675335\n|move|p2a: Oricorio|Protect|p2a: Oricorio\n|-singleturn|p2a: Oricorio|Protect\n|move|p1a: Lucario|Extreme Speed|p2b: Volcarona\n|-damage|p2b: Volcarona|20\/100\n|-enditem|p2b: Volcarona|Sitrus Berry|[eat]\n|-heal|p2b: Volcarona|45\/100|[from] item: Sitrus Berry\n|-damage|p1a: Lucario|81\/100|[from] item: Life Orb\n|move|p1b: Misdreavus|Hex|p2a: Oricorio\n|-activate|p2a: Oricorio|move: Protect\n|move|p2b: Volcarona|Quiver Dance|p2b: Volcarona\n|-boost|p2b: Volcarona|spa|1\n|-boost|p2b: Volcarona|spd|1\n|-boost|p2b: Volcarona|spe|1\n|-activate|p2a: Oricorio|ability: Dancer\n|move|p2a: Oricorio|Quiver Dance|p2a: Oricorio|[from]ability: Dancer\n|-boost|p2a: Oricorio|spa|1\n|-boost|p2a: Oricorio|spd|1\n|-boost|p2a: Oricorio|spe|1\n|\n|-sideend|p2: fatdaddymac|move: Light Screen\n|upkeep\n|turn|7\n|\n|t:|1681675375\n|move|p2b: Volcarona|Protect|p2b: Volcarona\n|-singleturn|p2b: Volcarona|Protect\n|move|p1a: Lucario|Bullet Punch|p2b: Volcarona\n|-activate|p2b: Volcarona|move: Protect\n|move|p1b: Misdreavus|Hex|p2a: Oricorio\n|-supereffective|p2a: Oricorio\n|-damage|p2a: Oricorio|43\/100\n|move|p2a: Oricorio|Revelation Dance|p1b: Misdreavus\n|-supereffective|p1b: Misdreavus\n|-damage|p1b: Misdreavus|0 fnt\n|faint|p1b: Misdreavus\n|\n|upkeep\n|\n|t:|1681675392\n|switch|p1b: Chien-Pao|Chien-Pao, L50|100\/100\n|-ability|p1b: Chien-Pao|Sword of Ruin\n|turn|8\n|\n|t:|1681675404\n|switch|p2b: Espathra|Espathra, L50, M|59\/100 brn\n|move|p2a: Oricorio|Protect|p2a: Oricorio\n|-singleturn|p2a: Oricorio|Protect\n|move|p1a: Lucario|Extreme Speed|p2b: Espathra\n|-damage|p2b: Espathra|2\/100 brn\n|-damage|p1a: Lucario|72\/100|[from] item: Life Orb\n|move|p1b: Chien-Pao|Sucker Punch||[still]\n|-fail|p1b: Chien-Pao\n|\n|-damage|p2b: Espathra|0 fnt|[from] brn\n|faint|p2b: Espathra\n|upkeep\n|\n|t:|1681675419\n|switch|p2b: Volcarona|Volcarona, L50, F|45\/100\n|turn|9\n|\n|t:|1681675439\n|-terastallize|p2a: Oricorio|Ice\n|move|p2b: Volcarona|Protect|p2b: Volcarona\n|-singleturn|p2b: Volcarona|Protect\n|move|p1a: Lucario|Extreme Speed|p2b: Volcarona\n|-activate|p2b: Volcarona|move: Protect\n|move|p1b: Chien-Pao|Sucker Punch|p2a: Oricorio\n|-damage|p2a: Oricorio|0 fnt\n|faint|p2a: Oricorio\n|\n|-fieldend|move: Trick Room\n|upkeep\n|turn|10\n|\n|t:|1681675462\n|move|p1a: Lucario|Extreme Speed|p2b: Volcarona\n|-damage|p2b: Volcarona|0 fnt\n|-status|p1a: Lucario|brn|[from] ability: Flame Body|[of] p2b: Volcarona\n|faint|p2b: Volcarona\n|-damage|p1a: Lucario|62\/100 brn|[from] item: Life Orb\n|\n|win|Aridee\n|raw|Aridee's rating: 1050 → 1080<\/strong> (+30 for winning)\n|raw|fatdaddymac's rating: 1024 → 1011<\/strong> (-13 for losing)\n","uploadtime":1681675471,"views":7,"p1id":"aridee","p2id":"fatdaddymac","formatid":"gen9vgc2023regulationc","rating":1011,"private":0,"password":""}