{"id":"gen9vgc2023regulationc-1860150628","p1":"LookItsLook","p2":"Jdaboy1337","format":"[Gen 9] VGC 2023 Regulation C","log":"|j|\u2606LookItsLook\n|j|\u2606Jdaboy1337\n|t:|1683601457\n|gametype|doubles\n|player|p1|LookItsLook|falkner|1430\n|player|p2|Jdaboy1337|fisherman-gen4|1402\n|teamsize|p1|6\n|teamsize|p2|6\n|gen|9\n|tier|[Gen 9] VGC 2023 Regulation C\n|rated|\n|rule|Species Clause: Limit one of each Pok\u00e9mon\n|rule|Item Clause: Limit one of each item\n|clearpoke\n|poke|p1|Garganacl, L50, M|\n|poke|p1|Sableye, L50, F|\n|poke|p1|Gholdengo, L50|\n|poke|p1|Gyarados, L50, F|\n|poke|p1|Ting-Lu, L50|\n|poke|p1|Glimmora, L50, M|\n|poke|p2|Dragonite, L50, M|\n|poke|p2|Orthworm, L50, M|\n|poke|p2|Ting-Lu, L50|\n|poke|p2|Gyarados, L50, M|\n|poke|p2|Chien-Pao, L50|\n|poke|p2|Flutter Mane, L50|\n|teampreview|4\n|inactive|Battle timer is ON: inactive players will automatically lose when time's up. (requested by Jdaboy1337)\n|inactive|LookItsLook also wants the timer to be on.\n|inactive|LookItsLook has 60 seconds left.\n|inactive|LookItsLook has 30 seconds left.\n|\n|t:|1683601524\n|start\n|switch|p1a: Garganacl|Garganacl, L50, M|100\/100\n|switch|p1b: Gholdengo|Gholdengo, L50|100\/100\n|switch|p2a: Orthworm|Orthworm, L50, M|100\/100\n|switch|p2b: Ting-Lu|Ting-Lu, L50|100\/100\n|-ability|p2b: Ting-Lu|Vessel of Ruin\n|turn|1\n|inactive|LookItsLook has 30 seconds left.\n|inactive|Jdaboy1337 has 30 seconds left.\n|inactive|LookItsLook has 20 seconds left.\n|inactive|LookItsLook has 15 seconds left.\n|inactive|LookItsLook has 10 seconds left.\n|\n|t:|1683601569\n|move|p1a: Garganacl|Wide Guard|p1a: Garganacl\n|-singleturn|p1a: Garganacl|Wide Guard\n|move|p1b: Gholdengo|Nasty Plot|p1b: Gholdengo\n|-boost|p1b: Gholdengo|spa|2\n|move|p2a: Orthworm|Shed Tail|p2a: Orthworm\n|-start|p2a: Orthworm|Substitute|[from] move: Shed Tail\n|-damage|p2a: Orthworm|50\/100\n|-enditem|p2a: Orthworm|Sitrus Berry|[eat]\n|-heal|p2a: Orthworm|75\/100|[from] item: Sitrus Berry\n|\n|t:|1683601582\n|switch|p2a: Chien-Pao|Chien-Pao, L50|100\/100|[from] Shed Tail\n|-ability|p2a: Chien-Pao|Sword of Ruin\n|move|p2b: Ting-Lu|Earthquake|p1b: Gholdengo|[spread] p2a\n|-activate|p1a: Garganacl|move: Wide Guard\n|-activate|p1b: Gholdengo|move: Wide Guard\n|-end|p2a: Chien-Pao|Substitute\n|\n|upkeep\n|turn|2\n|\n|t:|1683601593\n|-terastallize|p1b: Gholdengo|Water\n|move|p2a: Chien-Pao|Protect|p2a: Chien-Pao\n|-singleturn|p2a: Chien-Pao|Protect\n|move|p1a: Garganacl|Wide Guard|p1a: Garganacl\n|-singleturn|p1a: Garganacl|Wide Guard\n|move|p1b: Gholdengo|Make It Rain|p2a: Chien-Pao|[spread] p2b\n|-activate|p2a: Chien-Pao|move: Protect\n|-damage|p2b: Ting-Lu|69\/100\n|-unboost|p1b: Gholdengo|spa|1\n|move|p2b: Ting-Lu|Stomping Tantrum|p1b: Gholdengo\n|-damage|p1b: Gholdengo|52\/100\n|\n|upkeep\n|turn|3\n|inactive|Jdaboy1337 has 30 seconds left.\n|\n|t:|1683601623\n|switch|p2a: Orthworm|Orthworm, L50, M|75\/100\n|move|p1b: Gholdengo|Protect|p1b: Gholdengo\n|-singleturn|p1b: Gholdengo|Protect\n|move|p2b: Ting-Lu|Earthquake|p1a: Garganacl|[spread] p1a\n|-activate|p1b: Gholdengo|move: Protect\n|-heal|p2a: Orthworm|100\/100|[from] ability: Earth Eater|[of] p2b: Ting-Lu\n|-supereffective|p1a: Garganacl\n|-damage|p1a: Garganacl|59\/100\n|move|p1a: Garganacl|Salt Cure|p2a: Orthworm\n|-resisted|p2a: Orthworm\n|-damage|p2a: Orthworm|96\/100\n|-start|p2a: Orthworm|Salt Cure\n|\n|-heal|p1a: Garganacl|65\/100|[from] item: Leftovers\n|-damage|p2a: Orthworm|71\/100|[from] Salt Cure\n|upkeep\n|turn|4\n|inactive|LookItsLook has 30 seconds left.\n|\n|t:|1683601650\n|move|p1b: Gholdengo|Tera Blast|p2b: Ting-Lu\n|-supereffective|p2b: Ting-Lu\n|-damage|p2b: Ting-Lu|26\/100\n|move|p2a: Orthworm|Body Press|p1a: Garganacl\n|-supereffective|p1a: Garganacl\n|-damage|p1a: Garganacl|31\/100\n|move|p2b: Ting-Lu|Stomping Tantrum|p1b: Gholdengo\n|-damage|p1b: Gholdengo|16\/100\n|-enditem|p1b: Gholdengo|Sitrus Berry|[eat]\n|-heal|p1b: Gholdengo|41\/100|[from] item: Sitrus Berry\n|move|p1a: Garganacl|Stealth Rock|p2b: Ting-Lu\n|-sidestart|p2: Jdaboy1337|move: Stealth Rock\n|\n|-heal|p1a: Garganacl|37\/100|[from] item: Leftovers\n|-damage|p2a: Orthworm|46\/100|[from] Salt Cure\n|upkeep\n|turn|5\n|\n|t:|1683601668\n|move|p1b: Gholdengo|Tera Blast|p2b: Ting-Lu\n|-supereffective|p2b: Ting-Lu\n|-damage|p2b: Ting-Lu|0 fnt\n|faint|p2b: Ting-Lu\n|move|p2a: Orthworm|Shed Tail|p2a: Orthworm\n|-fail|p2a: Orthworm|move: Shed Tail|[weak]\n|move|p1a: Garganacl|Recover|p1a: Garganacl\n|-heal|p1a: Garganacl|87\/100\n|\n|-heal|p1a: Garganacl|93\/100|[from] item: Leftovers\n|-damage|p2a: Orthworm|21\/100|[from] Salt Cure\n|upkeep\n|\n|t:|1683601675\n|switch|p2b: Chien-Pao|Chien-Pao, L50|100\/100\n|-damage|p2b: Chien-Pao|76\/100|[from] Stealth Rock\n|-ability|p2b: Chien-Pao|Sword of Ruin\n|turn|6\n|\n|t:|1683601692\n|switch|p2a: Dragonite|Dragonite, L50, M|100\/100\n|-damage|p2a: Dragonite|76\/100|[from] Stealth Rock\n|move|p1b: Gholdengo|Protect|p1b: Gholdengo\n|-singleturn|p1b: Gholdengo|Protect\n|move|p2b: Chien-Pao|Sucker Punch||[still]\n|-fail|p2b: Chien-Pao\n|move|p1a: Garganacl|Salt Cure|p2b: Chien-Pao\n|-supereffective|p2b: Chien-Pao\n|-damage|p2b: Chien-Pao|40\/100\n|-start|p2b: Chien-Pao|Salt Cure\n|\n|-heal|p1a: Garganacl|99\/100|[from] item: Leftovers\n|-damage|p2b: Chien-Pao|28\/100|[from] Salt Cure\n|upkeep\n|turn|7\n|\n|t:|1683601699\n|switch|p2b: Orthworm|Orthworm, L50, M|21\/100\n|-damage|p2b: Orthworm|15\/100|[from] Stealth Rock\n|move|p1b: Gholdengo|Make It Rain|p2b: Orthworm|[spread] p2a,p2b\n|-resisted|p2b: Orthworm\n|-damage|p2a: Dragonite|5\/100\n|-damage|p2b: Orthworm|0 fnt\n|-unboost|p1b: Gholdengo|spa|1\n|faint|p2b: Orthworm\n|move|p2a: Dragonite|Earthquake|p1b: Gholdengo|[spread] p1a,p1b\n|-supereffective|p1a: Garganacl\n|-damage|p1a: Garganacl|66\/100\n|-damage|p1b: Gholdengo|14\/100\n|move|p1a: Garganacl|Salt Cure|p2a: Dragonite\n|-supereffective|p2a: Dragonite\n|-crit|p2a: Dragonite\n|-damage|p2a: Dragonite|0 fnt\n|faint|p2a: Dragonite\n|\n|-heal|p1a: Garganacl|72\/100|[from] item: Leftovers\n|upkeep\n|-message|Jdaboy1337 forfeited.\n|\n|win|LookItsLook\n|raw|LookItsLook's rating: 1430 → 1448<\/strong> (+18 for winning)\n|raw|Jdaboy1337's rating: 1402 → 1384<\/strong> (-18 for losing)\n|l|\u2606Jdaboy1337\n","uploadtime":1683601713,"views":6,"p1id":"lookitslook","p2id":"jdaboy1337","formatid":"gen9vgc2023regulationc","rating":1384,"private":0,"password":""}