{"id":"gen9vgc2023regulationc-1847347433","p1":"burritojezus","p2":"Jeremysa78","format":"[Gen 9] VGC 2023 Regulation C","log":"|j|\u2606burritojezus\n|j|\u2606Jeremysa78\n|t:|1681940934\n|gametype|doubles\n|player|p1|burritojezus|2|1143\n|player|p2|Jeremysa78|170|1198\n|teamsize|p1|6\n|teamsize|p2|6\n|gen|9\n|tier|[Gen 9] VGC 2023 Regulation C\n|rated|\n|rule|Species Clause: Limit one of each Pok\u00e9mon\n|rule|Item Clause: Limit one of each item\n|clearpoke\n|poke|p1|Tatsugiri, L50, F|\n|poke|p1|Dondozo, L50, F|\n|poke|p1|Iron Bundle, L50|\n|poke|p1|Glimmora, L50, M|\n|poke|p1|Dragonite, L50, F|\n|poke|p1|Chi-Yu, L50|\n|poke|p2|Murkrow, L50, M|\n|poke|p2|Ceruledge, L50, M|\n|poke|p2|Flutter Mane, L50|\n|poke|p2|Garchomp, L50, M|\n|poke|p2|Annihilape, L50, M|\n|poke|p2|Scizor, L50, M|\n|teampreview|4\n|inactive|Battle timer is ON: inactive players will automatically lose when time's up. (requested by burritojezus)\n|inactive|burritojezus has 60 seconds left.\n|inactive|Jeremysa78 has 60 seconds left.\n|\n|t:|1681940976\n|start\n|switch|p1a: Glimmora|Glimmora, L50, M, shiny|100\/100\n|switch|p1b: Iron Bundle|Iron Bundle, L50|100\/100\n|switch|p2a: Murkrow|Murkrow, L50, M, shiny|100\/100\n|switch|p2b: Garchomp|Garchomp, L50, M, shiny|100\/100\n|-enditem|p1b: Iron Bundle|Booster Energy\n|-activate|p1b: Iron Bundle|ability: Quark Drive|[fromitem]\n|-start|p1b: Iron Bundle|quarkdrivespe\n|turn|1\n|\n|t:|1681940996\n|-terastallize|p1a: Glimmora|Grass\n|move|p2a: Murkrow|Quash|p1b: Iron Bundle\n|-activate|p1b: Iron Bundle|move: Quash\n|move|p2b: Garchomp|Earthquake|p1a: Glimmora|[spread] p1a,p1b\n|-immune|p2a: Murkrow\n|-resisted|p1a: Glimmora\n|-crit|p1a: Glimmora\n|-damage|p1a: Glimmora|53\/100\n|-damage|p1b: Iron Bundle|15\/100\n|-activate|p1a: Glimmora|ability: Toxic Debris\n|-sidestart|p2: Jeremysa78|move: Toxic Spikes\n|move|p1a: Glimmora|Mortal Spin|p2b: Garchomp|[spread] p2a,p2b\n|-resisted|p2b: Garchomp\n|-damage|p2a: Murkrow|89\/100\n|-damage|p2b: Garchomp|98\/100\n|-status|p2a: Murkrow|psn\n|-status|p2b: Garchomp|psn\n|move|p1b: Iron Bundle|Hydro Pump|p2b: Garchomp\n|-crit|p2b: Garchomp\n|-damage|p2b: Garchomp|5\/100 psn\n|\n|-damage|p2a: Murkrow|77\/100 psn|[from] psn\n|-damage|p2b: Garchomp|0 fnt|[from] psn\n|faint|p2b: Garchomp\n|upkeep\n|\n|t:|1681941017\n|switch|p2b: Flutter Mane|Flutter Mane, L50|100\/100\n|-status|p2b: Flutter Mane|psn\n|-enditem|p2b: Flutter Mane|Booster Energy\n|-activate|p2b: Flutter Mane|ability: Protosynthesis|[fromitem]\n|-start|p2b: Flutter Mane|protosynthesisspa\n|turn|2\n|\n|t:|1681941036\n|move|p1b: Iron Bundle|Protect|p1b: Iron Bundle\n|-singleturn|p1b: Iron Bundle|Protect\n|move|p2a: Murkrow|Quash|p1b: Iron Bundle\n|-activate|p1b: Iron Bundle|move: Protect\n|move|p2b: Flutter Mane|Dazzling Gleam|p1a: Glimmora|[spread] p1a\n|-activate|p1b: Iron Bundle|move: Protect\n|-damage|p1a: Glimmora|18\/100\n|move|p1a: Glimmora|Power Gem|p2b: Flutter Mane\n|-damage|p2b: Flutter Mane|54\/100 psn\n|\n|-damage|p2b: Flutter Mane|42\/100 psn|[from] psn\n|-damage|p2a: Murkrow|65\/100 psn|[from] psn\n|upkeep\n|turn|3\n|inactive|burritojezus has 30 seconds left.\n|\n|t:|1681941066\n|move|p1b: Iron Bundle|Protect||[still]\n|-fail|p1b: Iron Bundle\n|move|p2a: Murkrow|Quash||[still]\n|-fail|p2a: Murkrow\n|move|p2b: Flutter Mane|Dazzling Gleam|p1a: Glimmora|[spread] p1a,p1b\n|-damage|p1a: Glimmora|0 fnt\n|-damage|p1b: Iron Bundle|0 fnt\n|faint|p1a: Glimmora\n|faint|p1b: Iron Bundle\n|-end|p1b: Iron Bundle|Quark Drive|[silent]\n|\n|-damage|p2b: Flutter Mane|30\/100 psn|[from] psn\n|-damage|p2a: Murkrow|53\/100 psn|[from] psn\n|upkeep\n|\n|t:|1681941078\n|switch|p1b: Chi-Yu|Chi-Yu, L50|100\/100\n|switch|p1a: Dragonite|Dragonite, L50, F, shiny|100\/100\n|-ability|p1b: Chi-Yu|Beads of Ruin\n|turn|4\n|\n|t:|1681941099\n|move|p1b: Chi-Yu|Protect|p1b: Chi-Yu\n|-singleturn|p1b: Chi-Yu|Protect\n|move|p2a: Murkrow|Tailwind|p2a: Murkrow\n|-sidestart|p2: Jeremysa78|move: Tailwind\n|move|p2b: Flutter Mane|Dazzling Gleam|p1b: Chi-Yu|[spread] p1a\n|-activate|p1b: Chi-Yu|move: Protect\n|-supereffective|p1a: Dragonite\n|-damage|p1a: Dragonite|47\/100\n|move|p1a: Dragonite|Ice Spinner|p2b: Flutter Mane\n|-damage|p2b: Flutter Mane|0 fnt\n|faint|p2b: Flutter Mane\n|-end|p2b: Flutter Mane|Protosynthesis|[silent]\n|\n|-damage|p2a: Murkrow|41\/100 psn|[from] psn\n|upkeep\n|\n|t:|1681941110\n|switch|p2b: Annihilape|Annihilape, L50, M, shiny|100\/100\n|-status|p2b: Annihilape|psn\n|turn|5\n|\n|t:|1681941124\n|move|p2b: Annihilape|Final Gambit|p1b: Chi-Yu\n|-enditem|p1b: Chi-Yu|Focus Sash\n|-damage|p1b: Chi-Yu|1\/100\n|faint|p2b: Annihilape\n|move|p2a: Murkrow|Icy Wind|p1b: Chi-Yu|[spread] p1a,p1b\n|-supereffective|p1a: Dragonite\n|-resisted|p1b: Chi-Yu\n|-damage|p1a: Dragonite|0 fnt\n|-damage|p1b: Chi-Yu|0 fnt\n|faint|p1a: Dragonite\n|faint|p1b: Chi-Yu\n|\n|win|Jeremysa78\n|raw|burritojezus's rating: 1143 → 1120<\/strong> (-23 for losing)\n|raw|Jeremysa78's rating: 1171 → 1194<\/strong> (+23 for winning)\n|c|\u2606Jeremysa78|F\n|l|\u2606Jeremysa78\n","uploadtime":1681941144,"views":6,"p1id":"burritojezus","p2id":"jeremysa78","formatid":"gen9vgc2023regulationc","rating":1120,"private":0,"password":""}