{"id":"gen9vgc2023regulationc-1863380440","p1":"orsame","p2":"Inkin","format":"[Gen 9] VGC 2023 Regulation C","log":"|j|\u2606orsame\n|j|\u2606Inkin\n|t:|1684009618\n|gametype|doubles\n|player|p1|orsame|101|1351\n|player|p2|Inkin|shadowtriad|1346\n|teamsize|p1|6\n|teamsize|p2|6\n|gen|9\n|tier|[Gen 9] VGC 2023 Regulation C\n|rated|\n|rule|Species Clause: Limit one of each Pok\u00e9mon\n|rule|Item Clause: Limit one of each item\n|clearpoke\n|poke|p1|Ting-Lu, L50|\n|poke|p1|Amoonguss, L50, F|\n|poke|p1|Arcanine, L50, M|\n|poke|p1|Iron Bundle, L50|\n|poke|p1|Dragapult, L50, M|\n|poke|p1|Lucario, L50, M|\n|poke|p2|Amoonguss, L50, F|\n|poke|p2|Flutter Mane, L50|\n|poke|p2|Palafin, L50, F|\n|poke|p2|Chien-Pao, L50|\n|poke|p2|Dragonite, L50, F|\n|poke|p2|Arcanine, L50, M|\n|teampreview|4\n|inactive|Battle timer is ON: inactive players will automatically lose when time's up. (requested by Inkin)\norsame has agreed to open team sheets.\n|inactive|orsame has 60 seconds left.\n|\n|t:|1684009673\n|start\n|switch|p1a: Lucario|Lucario, L50, M|100\/100\n|switch|p1b: Amoonguss|Amoonguss, L50, F, shiny|100\/100\n|switch|p2a: Chien-Pao|Chien-Pao, L50|100\/100\n|switch|p2b: Palafin|Palafin, L50, F|100\/100\n|-ability|p2a: Chien-Pao|Sword of Ruin\n|turn|1\n|inactive|orsame has 30 seconds left.\n|\n|t:|1684009704\n|detailschange|p2b: Palafin|Palafin-Hero, L50, F\n|switch|p2b: Amoonguss|Amoonguss, L50, F|100\/100\n|-terastallize|p2a: Chien-Pao|Grass\n|move|p1b: Amoonguss|Rage Powder|p1b: Amoonguss\n|-singleturn|p1b: Amoonguss|move: Rage Powder\n|move|p2a: Chien-Pao|Ice Spinner|p1b: Amoonguss\n|-supereffective|p1b: Amoonguss\n|-damage|p1b: Amoonguss|10\/100\n|-enditem|p1b: Amoonguss|Sitrus Berry|[eat]\n|-heal|p1b: Amoonguss|35\/100|[from] item: Sitrus Berry\n|move|p1a: Lucario|Drain Punch|p2a: Chien-Pao\n|-damage|p2a: Chien-Pao|50\/100\n|\n|upkeep\n|turn|2\n|inactive|orsame has 30 seconds left.\n|inactive|orsame has 20 seconds left.\n|inactive|orsame has 15 seconds left.\n|inactive|orsame has 10 seconds left.\n|\n|t:|1684009753\n|switch|p1b: Arcanine|Arcanine, L50, M|100\/100\n|-ability|p1b: Arcanine|Intimidate|boost\n|-unboost|p2a: Chien-Pao|atk|1\n|-unboost|p2b: Amoonguss|atk|1\n|move|p2a: Chien-Pao|Protect|p2a: Chien-Pao\n|-singleturn|p2a: Chien-Pao|Protect\n|move|p1a: Lucario|Drain Punch|p2a: Chien-Pao\n|-activate|p2a: Chien-Pao|move: Protect\n|move|p2b: Amoonguss|Spore|p1a: Lucario\n|-status|p1a: Lucario|slp|[from] move: Spore\n|\n|upkeep\n|turn|3\n|\n|t:|1684009777\n|switch|p2a: Palafin|Palafin-Hero, L50, F|100\/100\n|-activate|p2a: Palafin|ability: Zero to Hero\n|cant|p1a: Lucario|slp\n|move|p1b: Arcanine|Flare Blitz|p2b: Amoonguss\n|-supereffective|p2b: Amoonguss\n|-damage|p2b: Amoonguss|27\/100\n|-damage|p1b: Arcanine|84\/100|[from] item: Rocky Helmet|[of] p2b: Amoonguss\n|-damage|p1b: Arcanine|57\/100|[from] Recoil\n|move|p2b: Amoonguss|Spore|p1b: Arcanine\n|-activate|p1b: Arcanine|item: Safety Goggles|Spore\n|\n|upkeep\n|turn|4\n|inactive|orsame has 30 seconds left.\n|\n|t:|1684009806\n|-terastallize|p1b: Arcanine|Grass\n|move|p2b: Amoonguss|Protect|p2b: Amoonguss\n|-singleturn|p2b: Amoonguss|Protect\n|-curestatus|p1a: Lucario|slp|[msg]\n|move|p1a: Lucario|Bulk Up|p1a: Lucario\n|-boost|p1a: Lucario|atk|1\n|-boost|p1a: Lucario|def|1\n|move|p1b: Arcanine|Will-O-Wisp|p2a: Palafin\n|-status|p2a: Palafin|brn\n|move|p2a: Palafin|Substitute|p2a: Palafin\n|-start|p2a: Palafin|Substitute\n|-damage|p2a: Palafin|76\/100 brn\n|\n|-damage|p2a: Palafin|70\/100 brn|[from] brn\n|upkeep\n|turn|5\n|inactive|orsame has 30 seconds left.\n|inactive|Inkin has 30 seconds left.\n|\n|t:|1684009837\n|switch|p2b: Dragonite|Dragonite, L50, F|100\/100\n|move|p1a: Lucario|Drain Punch|p2a: Palafin\n|-end|p2a: Palafin|Substitute\n|move|p1b: Arcanine|Flare Blitz|p2b: Dragonite\n|-resisted|p2b: Dragonite\n|-damage|p2b: Dragonite|89\/100\n|-damage|p1b: Arcanine|54\/100|[from] Recoil\n|move|p2a: Palafin|Wave Crash|p1a: Lucario\n|-damage|p1a: Lucario|48\/100\n|-damage|p2a: Palafin|58\/100 brn|[from] Recoil\n|\n|-damage|p2a: Palafin|52\/100 brn|[from] brn\n|upkeep\n|turn|6\n|inactive|Inkin has 30 seconds left.\n|\n|t:|1684009868\n|switch|p1b: Amoonguss|Amoonguss, L50, F, shiny|68\/100\n|move|p1a: Lucario|Protect|p1a: Lucario\n|-singleturn|p1a: Lucario|Protect\n|move|p2b: Dragonite|Extreme Speed|p1b: Amoonguss\n|-damage|p1b: Amoonguss|27\/100\n|move|p2a: Palafin|Wave Crash|p1a: Lucario\n|-activate|p1a: Lucario|move: Protect\n|\n|-damage|p2a: Palafin|46\/100 brn|[from] brn\n|upkeep\n|turn|7\n|inactive|orsame has 30 seconds left.\n|\n|t:|1684009895\n|switch|p1b: Arcanine|Arcanine, L50, M, tera:Grass|54\/100\n|-ability|p1b: Arcanine|Intimidate|boost\n|-unboost|p2a: Palafin|atk|1\n|-unboost|p2b: Dragonite|atk|1\n|move|p2b: Dragonite|Extreme Speed|p1b: Arcanine\n|-damage|p1b: Arcanine|20\/100\n|move|p1a: Lucario|Drain Punch|p2a: Palafin\n|-damage|p2a: Palafin|1\/100 brn\n|-heal|p1a: Lucario|80\/100|[from] drain|[of] p2a: Palafin\n|move|p2a: Palafin|Wave Crash|p1a: Lucario\n|-damage|p1a: Lucario|48\/100\n|-damage|p2a: Palafin|0 fnt|[from] Recoil\n|faint|p2a: Palafin\n|\n|upkeep\n|\n|t:|1684009917\n|switch|p2a: Chien-Pao|Chien-Pao, L50, tera:Grass|50\/100\n|-ability|p2a: Chien-Pao|Sword of Ruin\n|turn|8\n|\n|t:|1684009926\n|move|p1a: Lucario|Protect|p1a: Lucario\n|-singleturn|p1a: Lucario|Protect\n|move|p1b: Arcanine|Protect|p1b: Arcanine\n|-singleturn|p1b: Arcanine|Protect\n|move|p2b: Dragonite|Extreme Speed|p1a: Lucario\n|-activate|p1a: Lucario|move: Protect\n|move|p2a: Chien-Pao|Ice Spinner|p1b: Arcanine\n|-activate|p1b: Arcanine|move: Protect\n|\n|upkeep\n|turn|9\n|\n|t:|1684009948\n|move|p2b: Dragonite|Extreme Speed|p1a: Lucario\n|-resisted|p1a: Lucario\n|-damage|p1a: Lucario|27\/100\n|move|p1a: Lucario|Bullet Punch|p2a: Chien-Pao\n|-damage|p2a: Chien-Pao|9\/100\n|move|p2a: Chien-Pao|Ice Spinner|p1b: Arcanine\n|-supereffective|p1b: Arcanine\n|-damage|p1b: Arcanine|0 fnt\n|faint|p1b: Arcanine\n|\n|upkeep\n|\n|t:|1684009955\n|switch|p1b: Iron Bundle|Iron Bundle, L50|100\/100\n|-enditem|p1b: Iron Bundle|Booster Energy\n|-activate|p1b: Iron Bundle|ability: Quark Drive|[fromitem]\n|-start|p1b: Iron Bundle|quarkdrivespe\n|turn|10\n|inactive|orsame has 30 seconds left.\n|inactive|Inkin has 30 seconds left.\n|inactive|orsame has 20 seconds left.\n|inactive|orsame has 15 seconds left.\n|\n|t:|1684009999\n|move|p2a: Chien-Pao|Protect|p2a: Chien-Pao\n|-singleturn|p2a: Chien-Pao|Protect\n|move|p2b: Dragonite|Extreme Speed|p1b: Iron Bundle\n|-damage|p1b: Iron Bundle|50\/100\n|move|p1a: Lucario|Bullet Punch|p2a: Chien-Pao\n|-activate|p2a: Chien-Pao|move: Protect\n|move|p1b: Iron Bundle|Freeze-Dry|p2b: Dragonite\n|-supereffective|p2b: Dragonite\n|-damage|p2b: Dragonite|0 fnt\n|faint|p2b: Dragonite\n|\n|upkeep\n|\n|t:|1684010013\n|switch|p2b: Amoonguss|Amoonguss, L50, F|60\/100\n|turn|11\n|\n|t:|1684010037\n|move|p1b: Iron Bundle|Protect|p1b: Iron Bundle\n|-singleturn|p1b: Iron Bundle|Protect\n|move|p2b: Amoonguss|Rage Powder|p2b: Amoonguss\n|-singleturn|p2b: Amoonguss|move: Rage Powder\n|move|p2a: Chien-Pao|Sucker Punch|p1a: Lucario\n|-resisted|p1a: Lucario\n|-damage|p1a: Lucario|2\/100\n|move|p1a: Lucario|Bullet Punch|p2b: Amoonguss\n|-damage|p2b: Amoonguss|24\/100\n|-damage|p1a: Lucario|0 fnt|[from] item: Rocky Helmet|[of] p2b: Amoonguss\n|faint|p1a: Lucario\n|\n|upkeep\n|\n|t:|1684010045\n|switch|p1a: Amoonguss|Amoonguss, L50, F, shiny|60\/100\n|turn|12\n|inactive|orsame has 30 seconds left.\n|\n|t:|1684010071\n|move|p1b: Iron Bundle|Freeze-Dry|p2a: Chien-Pao\n|-supereffective|p2a: Chien-Pao\n|-damage|p2a: Chien-Pao|0 fnt\n|faint|p2a: Chien-Pao\n|move|p2b: Amoonguss|Spore|p1b: Iron Bundle\n|-status|p1b: Iron Bundle|slp|[from] move: Spore\n|move|p1a: Amoonguss|Spore|p2b: Amoonguss\n|-immune|p2b: Amoonguss\n|\n|upkeep\n|turn|13\n|\n|t:|1684010083\n|cant|p1b: Iron Bundle|slp\n|move|p2b: Amoonguss|Pollen Puff|p1b: Iron Bundle\n|-damage|p1b: Iron Bundle|15\/100 slp\n|move|p1a: Amoonguss|Pollen Puff|p1b: Iron Bundle\n|-heal|p1b: Iron Bundle|65\/100 slp\n|\n|upkeep\n|turn|14\n|-message|Inkin forfeited.\n|\n|win|orsame\n|raw|orsame's rating: 1351 → 1371<\/strong> (+20 for winning)\n|raw|Inkin's rating: 1346 → 1326<\/strong> (-20 for losing)\n|l|\u2606Inkin\n","uploadtime":1684010106,"views":22,"p1id":"orsame","p2id":"inkin","formatid":"gen9vgc2023regulationc","rating":1326,"private":0,"password":""}