{"id":"gen9vgc2023regulationc-1851600450","p1":"MoChamp29","p2":"MLGmushroom","format":"[Gen 9] VGC 2023 Regulation C","log":"|j|\u2606MoChamp29\n|j|\u2606MLGmushroom\n|t:|1682459847\n|gametype|doubles\n|player|p1|MoChamp29|cynthia|1060\n|player|p2|MLGmushroom|blue|1178\n|teamsize|p1|6\n|teamsize|p2|6\n|gen|9\n|tier|[Gen 9] VGC 2023 Regulation C\n|rated|\n|rule|Species Clause: Limit one of each Pok\u00e9mon\n|rule|Item Clause: Limit one of each item\n|clearpoke\n|poke|p1|Tatsugiri, L50, F|\n|poke|p1|Dondozo, L50, F|\n|poke|p1|Volcarona, L50, F|\n|poke|p1|Annihilape, L50, M|\n|poke|p1|Flutter Mane, L50|\n|poke|p1|Amoonguss, L50, M|\n|poke|p2|Chien-Pao, L50|\n|poke|p2|Roaring Moon, L50|\n|poke|p2|Flutter Mane, L50|\n|poke|p2|Amoonguss, L50, F|\n|poke|p2|Gyarados, L50, M|\n|poke|p2|Scizor, L50, M|\n|teampreview|4\n|\n|t:|1682459869\n|start\n|switch|p1a: Provie|Volcarona, L50, F|100\/100\n|switch|p1b: Amoonguss|Amoonguss, L50, M|100\/100\n|switch|p2a: Scizor|Scizor, L50, M|100\/100\n|switch|p2b: Chien-Pao|Chien-Pao, L50|100\/100\n|-ability|p2b: Chien-Pao|Sword of Ruin\n|turn|1\n|inactive|Battle timer is ON: inactive players will automatically lose when time's up. (requested by MoChamp29)\n|\n|t:|1682459889\n|-terastallize|p2a: Scizor|Fire\n|move|p2b: Chien-Pao|Ice Spinner|p1b: Amoonguss\n|-supereffective|p1b: Amoonguss\n|-damage|p1b: Amoonguss|0 fnt\n|faint|p1b: Amoonguss\n|move|p1a: Provie|Tailwind|p1a: Provie\n|-sidestart|p1: MoChamp29|move: Tailwind\n|move|p2a: Scizor|U-turn|p1a: Provie\n|-resisted|p1a: Provie\n|-damage|p1a: Provie|56\/100\n|\n|t:|1682459900\n|switch|p2a: Gyarados|Gyarados, L50, M|100\/100|[from] U-turn\n|-ability|p2a: Gyarados|Intimidate|boost\n|-unboost|p1a: Provie|atk|1\n|\n|upkeep\n|\n|t:|1682459907\n|switch|p1b: BigBoi|Dondozo, L50, F|100\/100\n|turn|2\n|\n|t:|1682459915\n|move|p2b: Chien-Pao|Protect|p2b: Chien-Pao\n|-singleturn|p2b: Chien-Pao|Protect\n|move|p1a: Provie|Rage Powder|p1a: Provie\n|-singleturn|p1a: Provie|move: Rage Powder\n|move|p1b: BigBoi|Substitute|p1b: BigBoi\n|-start|p1b: BigBoi|Substitute\n|-damage|p1b: BigBoi|75\/100\n|move|p2a: Gyarados|Waterfall|p1a: Provie\n|-supereffective|p1a: Provie\n|-damage|p1a: Provie|0 fnt\n|faint|p1a: Provie\n|\n|-heal|p1b: BigBoi|82\/100|[from] item: Leftovers\n|upkeep\n|\n|t:|1682459922\n|switch|p1a: Sushi|Tatsugiri, L50, F|100\/100\n|-activate|p1a: Sushi|ability: Commander|[of] p1b: BigBoi\n|-boost|p1b: BigBoi|atk|2\n|-boost|p1b: BigBoi|spa|2\n|-boost|p1b: BigBoi|spe|2\n|-boost|p1b: BigBoi|def|2\n|-boost|p1b: BigBoi|spd|2\n|turn|3\n|\n|t:|1682459932\n|move|p1b: BigBoi|Order Up|p1a: Sushi|[miss]\n|-miss|p1b: BigBoi|p1a: Sushi\n|move|p2b: Chien-Pao|Sacred Sword|p1b: BigBoi\n|-end|p1b: BigBoi|Substitute\n|move|p2a: Gyarados|Thunder Wave|p1b: BigBoi\n|-status|p1b: BigBoi|par\n|\n|-heal|p1b: BigBoi|88\/100 par|[from] item: Leftovers\n|upkeep\n|turn|4\n|inactive|MoChamp29 has 30 seconds left.\n|inactive|MoChamp29 has 20 seconds left.\n|inactive|MoChamp29 has 15 seconds left.\n|inactive|MoChamp29 has 10 seconds left.\n|inactive|MoChamp29 has 5 seconds left.\n|\n|t:|1682459985\n|move|p2b: Chien-Pao|Sacred Sword|p1b: BigBoi\n|-damage|p1b: BigBoi|58\/100 par\n|move|p1b: BigBoi|Wave Crash|p2b: Chien-Pao\n|-enditem|p2b: Chien-Pao|Focus Sash\n|-damage|p2b: Chien-Pao|1\/100\n|-damage|p1b: BigBoi|37\/100 par|[from] Recoil\n|move|p2a: Gyarados|Taunt|p1b: BigBoi\n|-start|p1b: BigBoi|move: Taunt\n|\n|-heal|p1b: BigBoi|43\/100 par|[from] item: Leftovers\n|-sideend|p1: MoChamp29|move: Tailwind\n|upkeep\n|turn|5\n|\n|t:|1682460010\n|move|p2b: Chien-Pao|Sucker Punch|p1b: BigBoi\n|-damage|p1b: BigBoi|25\/100 par\n|move|p2a: Gyarados|Waterfall|p1b: BigBoi\n|-resisted|p1b: BigBoi\n|-damage|p1b: BigBoi|15\/100 par\n|cant|p1b: BigBoi|par\n|\n|-heal|p1b: BigBoi|21\/100 par|[from] item: Leftovers\n|upkeep\n|turn|6\n|\n|t:|1682460019\n|move|p2b: Chien-Pao|Sucker Punch|p1b: BigBoi\n|-damage|p1b: BigBoi|4\/100 par\n|move|p2a: Gyarados|Waterfall|p1b: BigBoi\n|-resisted|p1b: BigBoi\n|-damage|p1b: BigBoi|0 fnt\n|faint|p1b: BigBoi\n|\n|upkeep\n|turn|7\n|\n|t:|1682460038\n|move|p1a: Sushi|Icy Wind|p2a: Gyarados|[spread] p2b\n|-miss|p1a: Sushi|p2a: Gyarados\n|-resisted|p2b: Chien-Pao\n|-damage|p2b: Chien-Pao|0 fnt\n|faint|p2b: Chien-Pao\n|move|p2a: Gyarados|Thunder Wave|p1a: Sushi\n|-status|p1a: Sushi|par\n|\n|upkeep\n|\n|t:|1682460040\n|switch|p2b: Flutter Mane|Flutter Mane, L50|100\/100\n|turn|8\n|\n|t:|1682460043\n|move|p2b: Flutter Mane|Dazzling Gleam|p1a: Sushi\n|-supereffective|p1a: Sushi\n|-damage|p1a: Sushi|0 fnt\n|faint|p1a: Sushi\n|-damage|p2b: Flutter Mane|91\/100|[from] item: Life Orb\n|\n|win|MLGmushroom\n|raw|MoChamp29's rating: 1060 → 1047<\/strong> (-13 for losing)\n|raw|MLGmushroom's rating: 1178 → 1195<\/strong> (+17 for winning)\n|l|\u2606MoChamp29\n","uploadtime":1682460053,"views":10,"p1id":"mochamp29","p2id":"mlgmushroom","formatid":"gen9vgc2023regulationc","rating":1047,"private":0,"password":""}