{"id":"gen9vgc2023regulationc-1856662562","p1":"owoide de uwu","p2":"ggg5t","format":"[Gen 9] VGC 2023 Regulation C","log":"|j|\u2606owoide de uwu\n|j|\u2606ggg5t\n|t:|1683090149\n|gametype|doubles\n|player|p1|owoide de uwu|shadowtriad|1176\n|player|p2|ggg5t|266|1099\n|teamsize|p1|6\n|teamsize|p2|6\n|gen|9\n|tier|[Gen 9] VGC 2023 Regulation C\n|rated|\n|rule|Species Clause: Limit one of each Pok\u00e9mon\n|rule|Item Clause: Limit one of each item\n|clearpoke\n|poke|p1|Gholdengo, L50|\n|poke|p1|Iron Bundle, L50|\n|poke|p1|Iron Hands, L50|\n|poke|p1|Amoonguss, L50, F|\n|poke|p1|Arcanine, L50, M|\n|poke|p1|Roaring Moon, L50|\n|poke|p2|Torkoal, L50, M|\n|poke|p2|Chi-Yu, L50|\n|poke|p2|Bronzong, L50|\n|poke|p2|Gastrodon, L50, F|\n|poke|p2|Grimmsnarl, L50, M|\n|poke|p2|Skeledirge, L50, M|\n|teampreview|4\n|inactive|Battle timer is ON: inactive players will automatically lose when time's up. (requested by ggg5t)\n|\n|t:|1683090192\n|start\n|switch|p1a: Roaring Moon|Roaring Moon, L50|100\/100\n|switch|p1b: Iron Bundle|Iron Bundle, L50|100\/100\n|switch|p2a: Grimmsnarl|Grimmsnarl, L50, M|100\/100\n|switch|p2b: Torkoal|Torkoal, L50, M|100\/100\n|-weather|SunnyDay|[from] ability: Drought|[of] p2b: Torkoal\n|-activate|p1a: Roaring Moon|ability: Protosynthesis\n|-start|p1a: Roaring Moon|protosynthesisspe\n|turn|1\n|\n|t:|1683090209\n|move|p1b: Iron Bundle|Protect|p1b: Iron Bundle\n|-singleturn|p1b: Iron Bundle|Protect\n|move|p2b: Torkoal|Protect|p2b: Torkoal\n|-singleturn|p2b: Torkoal|Protect\n|move|p2a: Grimmsnarl|Trick|p1b: Iron Bundle\n|-activate|p1b: Iron Bundle|move: Protect\n|move|p1a: Roaring Moon|Taunt|p2a: Grimmsnarl\n|-start|p2a: Grimmsnarl|move: Taunt\n|\n|-weather|SunnyDay|[upkeep]\n|upkeep\n|turn|2\n|inactive|owoide de uwu has 30 seconds left.\n|\n|t:|1683090236\n|move|p1a: Roaring Moon|Throat Chop|p2b: Torkoal\n|-damage|p2b: Torkoal|72\/100\n|-start|p2b: Torkoal|Throat Chop|[silent]\n|move|p1b: Iron Bundle|Icy Wind|p2b: Torkoal|[spread] p2a,p2b\n|-resisted|p2b: Torkoal\n|-damage|p2a: Grimmsnarl|78\/100\n|-damage|p2b: Torkoal|56\/100\n|-unboost|p2a: Grimmsnarl|spe|1\n|-unboost|p2b: Torkoal|spe|1\n|move|p2b: Torkoal|Body Press|p1a: Roaring Moon\n|-supereffective|p1a: Roaring Moon\n|-damage|p1a: Roaring Moon|23\/100\n|move|p2a: Grimmsnarl|Spirit Break|p1a: Roaring Moon\n|-supereffective|p1a: Roaring Moon\n|-damage|p1a: Roaring Moon|0 fnt\n|faint|p1a: Roaring Moon\n|-end|p1a: Roaring Moon|Protosynthesis|[silent]\n|\n|-weather|SunnyDay|[upkeep]\n|upkeep\n|\n|t:|1683090252\n|switch|p1a: Iron Hands|Iron Hands, L50|100\/100\n|turn|3\n|\n|t:|1683090267\n|switch|p2a: Skeledirge|Skeledirge, L50, M|100\/100\n|move|p2b: Torkoal|Protect|p2b: Torkoal\n|-singleturn|p2b: Torkoal|Protect\n|move|p1a: Iron Hands|Fake Out|p2b: Torkoal\n|-activate|p2b: Torkoal|move: Protect\n|move|p1b: Iron Bundle|Hydro Pump|p2b: Torkoal\n|-activate|p2b: Torkoal|move: Protect\n|\n|-weather|SunnyDay|[upkeep]\n|-end|p2b: Torkoal|Throat Chop|[silent]\n|upkeep\n|turn|4\n|inactive|owoide de uwu has 30 seconds left.\n|\n|t:|1683090293\n|switch|p2b: Grimmsnarl|Grimmsnarl, L50, M|78\/100\n|-terastallize|p2a: Skeledirge|Fairy\n|move|p1b: Iron Bundle|Protect|p1b: Iron Bundle\n|-singleturn|p1b: Iron Bundle|Protect\n|move|p2a: Skeledirge|Encore|p1a: Iron Hands\n|-start|p1a: Iron Hands|Encore\n|move|p1a: Iron Hands|Fake Out||[still]\n|-hint|Fake Out only works on your first turn out.\n|-fail|p1a: Iron Hands\n|\n|-weather|SunnyDay|[upkeep]\n|upkeep\n|turn|5\n|-message|owoide de uwu forfeited.\n|\n|win|ggg5t\n|raw|owoide de uwu's rating: 1176 → 1146<\/strong> (-30 for losing)\n|raw|ggg5t's rating: 1099 → 1130<\/strong> (+31 for winning)\n|l|\u2606owoide de uwu\n","uploadtime":1683090310,"views":7,"p1id":"owoidedeuwu","p2id":"ggg5t","formatid":"gen9vgc2023regulationc","rating":1130,"private":0,"password":""}