{"id":"gen9vgc2023regulationc-1859121502","p1":"Flabbery","p2":"Charlisito","format":"[Gen 9] VGC 2023 Regulation C","log":"|j|\u2606Flabbery\n|j|\u2606Charlisito\n|t:|1683407007\n|gametype|doubles\n|player|p1|Flabbery|pokemaniac|1252\n|player|p2|Charlisito|101|1236\n|teamsize|p1|6\n|teamsize|p2|6\n|gen|9\n|tier|[Gen 9] VGC 2023 Regulation C\n|rated|\n|rule|Species Clause: Limit one of each Pok\u00e9mon\n|rule|Item Clause: Limit one of each item\n|clearpoke\n|poke|p1|Great Tusk, L50|\n|poke|p1|Chien-Pao, L50|\n|poke|p1|Gyarados, L50, F|\n|poke|p1|Dragonite, L50, M|\n|poke|p1|Kingambit, L50, M|\n|poke|p1|Flutter Mane, L50|\n|poke|p2|Bellibolt, L50, F|\n|poke|p2|Palafin, L50, M|\n|poke|p2|Arcanine, L50, M|\n|poke|p2|Amoonguss, L50, M|\n|poke|p2|Flutter Mane, L50|\n|poke|p2|Ting-Lu, L50|\n|teampreview|4\n|\n|t:|1683407062\n|start\n|switch|p1a: Gyarados|Gyarados, L50, F|100\/100\n|switch|p1b: Kingambit|Kingambit, L50, M|100\/100\n|switch|p2a: Bellibolt|Bellibolt, L50, F|100\/100\n|switch|p2b: Palafin|Palafin, L50, M|100\/100\n|-ability|p1a: Gyarados|Intimidate|boost\n|-unboost|p2a: Bellibolt|atk|1\n|-unboost|p2b: Palafin|atk|1\n|turn|1\n|\n|t:|1683407085\n|switch|p1a: Great Tusk|Great Tusk, L50|100\/100\n|move|p2b: Palafin|Protect|p2b: Palafin\n|-singleturn|p2b: Palafin|Protect\n|move|p1b: Kingambit|Assurance|p2b: Palafin\n|-activate|p2b: Palafin|move: Protect\n|move|p2a: Bellibolt|Volt Switch|p1a: Great Tusk\n|-immune|p1a: Great Tusk\n|\n|upkeep\n|turn|2\n|\n|t:|1683407129\n|switch|p1b: Dragonite|Dragonite, L50, M|100\/100\n|switch|p2a: Arcanine|Arcanine, L50, M|100\/100\n|-ability|p2a: Arcanine|Intimidate|boost\n|-unboost|p1a: Great Tusk|atk|1\n|-unboost|p1b: Dragonite|atk|1\n|move|p1a: Great Tusk|Earthquake|p2b: Palafin|[spread] p2a,p2b\n|-immune|p1b: Dragonite\n|-supereffective|p2a: Arcanine\n|-damage|p2a: Arcanine|48\/100\n|-damage|p2b: Palafin|67\/100\n|move|p2b: Palafin|Wave Crash|p1a: Great Tusk\n|-supereffective|p1a: Great Tusk\n|-damage|p1a: Great Tusk|47\/100\n|-damage|p2b: Palafin|50\/100|[from] Recoil\n|\n|upkeep\n|turn|3\n|\n|t:|1683407151\n|-end|p1a: Great Tusk|Protosynthesis|[silent]\n|switch|p1a: Gyarados|Gyarados, L50, F|100\/100\n|-ability|p1a: Gyarados|Intimidate|boost\n|-unboost|p2a: Arcanine|atk|1\n|-unboost|p2b: Palafin|atk|1\n|detailschange|p2b: Palafin|Palafin-Hero, L50, M\n|switch|p2b: Flutter Mane|Flutter Mane, L50|100\/100\n|-enditem|p2b: Flutter Mane|Booster Energy\n|-activate|p2b: Flutter Mane|ability: Protosynthesis|[fromitem]\n|-start|p2b: Flutter Mane|protosynthesisspa\n|move|p2a: Arcanine|Will-O-Wisp|p1b: Dragonite\n|-status|p1b: Dragonite|brn\n|move|p1b: Dragonite|Rock Slide|p2b: Flutter Mane|[spread] p2a,p2b\n|-supereffective|p2a: Arcanine\n|-damage|p2a: Arcanine|25\/100\n|-damage|p2b: Flutter Mane|81\/100\n|\n|-damage|p1b: Dragonite|94\/100 brn|[from] brn\n|upkeep\n|turn|4\n|\n|t:|1683407186\n|switch|p2a: Bellibolt|Bellibolt, L50, F|100\/100\n|move|p2b: Flutter Mane|Moonblast|p1b: Dragonite\n|-supereffective|p1b: Dragonite\n|-damage|p1b: Dragonite|0 fnt\n|faint|p1b: Dragonite\n|move|p1a: Gyarados|Waterfall|p2b: Flutter Mane\n|-damage|p2b: Flutter Mane|18\/100\n|\n|upkeep\n|\n|t:|1683407199\n|switch|p1b: Great Tusk|Great Tusk, L50|47\/100\n|turn|5\n|\n|t:|1683407231\n|-terastallize|p2a: Bellibolt|Grass\n|move|p2b: Flutter Mane|Protect|p2b: Flutter Mane\n|-singleturn|p2b: Flutter Mane|Protect\n|move|p1b: Great Tusk|Earthquake|p2b: Flutter Mane|[spread] p2a\n|-activate|p2b: Flutter Mane|move: Protect\n|-immune|p1a: Gyarados\n|-resisted|p2a: Bellibolt\n|-damage|p2a: Bellibolt|84\/100\n|-start|p2a: Bellibolt|Charge|Earthquake|[from] ability: Electromorphosis\n|move|p1a: Gyarados|Waterfall|p2a: Bellibolt\n|-resisted|p2a: Bellibolt\n|-damage|p2a: Bellibolt|69\/100\n|-start|p2a: Bellibolt|Charge|Waterfall|[from] ability: Electromorphosis\n|move|p2a: Bellibolt|Volt Switch|p1a: Gyarados\n|-supereffective|p1a: Gyarados\n|-damage|p1a: Gyarados|0 fnt\n|faint|p1a: Gyarados\n|-end|p2a: Bellibolt|Charge|[silent]\n|\n|t:|1683407234\n|switch|p2a: Arcanine|Arcanine, L50, M|25\/100|[from] Volt Switch\n|-ability|p2a: Arcanine|Intimidate|boost\n|-unboost|p1b: Great Tusk|atk|1\n|\n|upkeep\n|\n|t:|1683407252\n|switch|p1a: Kingambit|Kingambit, L50, M|100\/100\n|turn|6\n|\n|t:|1683407265\n|-end|p2b: Flutter Mane|Protosynthesis|[silent]\n|switch|p2b: Bellibolt|Bellibolt, L50, F, tera:Grass|69\/100\n|move|p1a: Kingambit|Sucker Punch||[still]\n|-fail|p1a: Kingambit\n|move|p1b: Great Tusk|Earthquake|p2b: Bellibolt|[spread] p1a,p2a,p2b\n|-supereffective|p1a: Kingambit\n|-supereffective|p2a: Arcanine\n|-resisted|p2b: Bellibolt\n|-damage|p1a: Kingambit|59\/100\n|-damage|p2a: Arcanine|0 fnt\n|-damage|p2b: Bellibolt|57\/100\n|-start|p2b: Bellibolt|Charge|Earthquake|[from] ability: Electromorphosis\n|faint|p2a: Arcanine\n|\n|upkeep\n|\n|t:|1683407268\n|switch|p2a: Palafin|Palafin-Hero, L50, M|50\/100\n|-activate|p2a: Palafin|ability: Zero to Hero\n|turn|7\n|\n|t:|1683407285\n|move|p2a: Palafin|Jet Punch|p1b: Great Tusk\n|-supereffective|p1b: Great Tusk\n|-damage|p1b: Great Tusk|0 fnt\n|faint|p1b: Great Tusk\n|-end|p1b: Great Tusk|Protosynthesis|[silent]\n|move|p1a: Kingambit|Sucker Punch||[still]\n|-fail|p1a: Kingambit\n|move|p2b: Bellibolt|Volt Switch|p1a: Kingambit\n|-damage|p1a: Kingambit|21\/100\n|-end|p2b: Bellibolt|Charge|[silent]\n|-message|Flabbery forfeited.\n|\n|win|Charlisito\n|raw|Flabbery's rating: 1252 → 1226<\/strong> (-26 for losing)\n|raw|Charlisito's rating: 1236 → 1262<\/strong> (+26 for winning)\n|l|\u2606Flabbery\n","uploadtime":1683407365,"views":15,"p1id":"flabbery","p2id":"charlisito","formatid":"gen9vgc2023regulationc","rating":1226,"private":0,"password":""}