{"id":"gen9vgc2023regulationc-1846489340","p1":"Obvaltisobv","p2":"200 routes","format":"[Gen 9] VGC 2023 Regulation C","log":"|j|\u2606Obvaltisobv\n|j|\u2606200 routes\n|t:|1681845154\n|gametype|doubles\n|player|p1|Obvaltisobv|102|1325\n|player|p2|200 routes|170|1403\n|teamsize|p1|6\n|teamsize|p2|6\n|gen|9\n|tier|[Gen 9] VGC 2023 Regulation C\n|rated|\n|rule|Species Clause: Limit one of each Pok\u00e9mon\n|rule|Item Clause: Limit one of each item\n|clearpoke\n|poke|p1|Hatterene, L50, F|\n|poke|p1|Bronzong, L50|\n|poke|p1|Toxicroak, L50, F|\n|poke|p1|Rotom-Wash, L50|\n|poke|p1|Garchomp, L50, F|\n|poke|p1|Tyranitar, L50, M|\n|poke|p2|Scizor, L50, F|\n|poke|p2|Iron Bundle, L50|\n|poke|p2|Iron Hands, L50|\n|poke|p2|Baxcalibur, L50, F|\n|poke|p2|Amoonguss, L50, M|\n|poke|p2|Flutter Mane, L50|\n|teampreview|4\n|inactive|Battle timer is ON: inactive players will automatically lose when time's up. (requested by 200 routes)\n200 routes has agreed to open team sheets.\nObvaltisobv has agreed to open team sheets.\n|inactive|Obvaltisobv has 60 seconds left.\n|inactive|200 routes has 60 seconds left.\n|inactive|Obvaltisobv has 30 seconds left.\n|inactive|200 routes has 30 seconds left.\n|inactive|Obvaltisobv has 20 seconds left.\n|inactive|200 routes has 20 seconds left.\n|inactive|200 routes has 15 seconds left.\n|inactive|200 routes has 10 seconds left.\n|\n|t:|1681845245\n|start\n|switch|p1a: Bronzong|Bronzong, L50|100\/100\n|switch|p1b: Rotom|Rotom-Wash, L50|100\/100\n|switch|p2a: Iron Hands|Iron Hands, L50|100\/100\n|switch|p2b: Amoonguss|Amoonguss, L50, M|100\/100\n|turn|1\n|inactive|200 routes has 30 seconds left.\n|inactive|200 routes has 20 seconds left.\n|inactive|200 routes has 15 seconds left.\n|inactive|200 routes has 10 seconds left.\n|\n|t:|1681845294\n|move|p2a: Iron Hands|Fake Out|p1a: Bronzong\n|-resisted|p1a: Bronzong\n|-damage|p1a: Bronzong|94\/100\n|move|p1b: Rotom|Will-O-Wisp|p2a: Iron Hands|[miss]\n|-miss|p1b: Rotom|p2a: Iron Hands\n|move|p2b: Amoonguss|Spore|p1b: Rotom\n|-status|p1b: Rotom|slp|[from] move: Spore\n|cant|p1a: Bronzong|flinch\n|\n|upkeep\n|turn|2\n|inactive|200 routes has 30 seconds left.\n|\n|t:|1681845329\n|cant|p1b: Rotom|slp\n|move|p2a: Iron Hands|Wild Charge|p1b: Rotom\n|-damage|p1b: Rotom|64\/100 slp\n|-damage|p2a: Iron Hands|95\/100|[from] Recoil\n|move|p2b: Amoonguss|Spore|p1a: Bronzong\n|-status|p1a: Bronzong|slp|[from] move: Spore\n|cant|p1a: Bronzong|slp\n|\n|-heal|p1b: Rotom|69\/100 slp|[from] item: Leftovers\n|upkeep\n|turn|3\n|inactive|200 routes has 30 seconds left.\n|inactive|200 routes has 20 seconds left.\n|\n|t:|1681845365\n|switch|p2b: Flutter Mane|Flutter Mane, L50|100\/100\n|-curestatus|p1b: Rotom|slp|[msg]\n|move|p1b: Rotom|Will-O-Wisp|p2a: Iron Hands\n|-status|p2a: Iron Hands|brn\n|move|p2a: Iron Hands|Drain Punch|p1a: Bronzong\n|-damage|p1a: Bronzong|76\/100 slp\n|-heal|p2a: Iron Hands|100\/100 brn|[from] drain|[of] p1a: Bronzong\n|-curestatus|p1a: Bronzong|slp|[msg]\n|move|p1a: Bronzong|Trick Room|p1a: Bronzong\n|-fieldstart|move: Trick Room|[of] p1a: Bronzong\n|\n|-heal|p1b: Rotom|75\/100|[from] item: Leftovers\n|-damage|p2a: Iron Hands|94\/100 brn|[from] brn\n|upkeep\n|turn|4\n|inactive|200 routes has 30 seconds left.\n|inactive|200 routes has 20 seconds left.\n|inactive|200 routes has 15 seconds left.\n|inactive|200 routes has 10 seconds left.\n|inactive|200 routes has 5 seconds left.\n|\n|t:|1681845419\n|-end|p2a: Iron Hands|Quark Drive|[silent]\n|switch|p2a: Amoonguss|Amoonguss, L50, M|100\/100\n|switch|p1b: Hatterene|Hatterene, L50, F|100\/100\n|-terastallize|p2b: Flutter Mane|Water\n|move|p1a: Bronzong|Safeguard|p1a: Bronzong\n|-sidestart|p1: Obvaltisobv|Safeguard\n|move|p2b: Flutter Mane|Shadow Ball|p1a: Bronzong\n|-supereffective|p1a: Bronzong\n|-damage|p1a: Bronzong|0 fnt\n|faint|p1a: Bronzong\n|\n|upkeep\n|\n|t:|1681845432\n|switch|p1a: Rotom|Rotom-Wash, L50|75\/100\n|turn|5\n|\n|t:|1681845453\n|-end|p2b: Flutter Mane|Protosynthesis|[silent]\n|switch|p2b: Iron Hands|Iron Hands, L50|94\/100 brn\n|move|p1b: Hatterene|Psychic|p2a: Amoonguss\n|-supereffective|p2a: Amoonguss\n|-damage|p2a: Amoonguss|0 fnt\n|faint|p2a: Amoonguss\n|-damage|p1b: Hatterene|91\/100|[from] item: Life Orb\n|move|p1a: Rotom|Thunderbolt|p2b: Iron Hands\n|-resisted|p2b: Iron Hands\n|-damage|p2b: Iron Hands|87\/100 brn\n|\n|-heal|p1a: Rotom|81\/100|[from] item: Leftovers\n|-damage|p2b: Iron Hands|81\/100 brn|[from] brn\n|upkeep\n|\n|t:|1681845466\n|switch|p2a: Iron Bundle|Iron Bundle, L50|100\/100\n|-enditem|p2a: Iron Bundle|Booster Energy\n|-activate|p2a: Iron Bundle|ability: Quark Drive|[fromitem]\n|-start|p2a: Iron Bundle|quarkdrivespe\n|turn|6\n|inactive|Obvaltisobv has 30 seconds left.\n|inactive|200 routes has 30 seconds left.\n|\n|t:|1681845497\n|move|p1b: Hatterene|Protect|p1b: Hatterene\n|-singleturn|p1b: Hatterene|Protect\n|move|p2b: Iron Hands|Fake Out|p1a: Rotom\n|-damage|p1a: Rotom|75\/100\n|cant|p1a: Rotom|flinch\n|move|p2a: Iron Bundle|Freeze-Dry|p1a: Rotom\n|-supereffective|p1a: Rotom\n|-damage|p1a: Rotom|16\/100\n|\n|-heal|p1a: Rotom|22\/100|[from] item: Leftovers\n|-damage|p2b: Iron Hands|74\/100 brn|[from] brn\n|upkeep\n|turn|7\n|inactive|200 routes has 30 seconds left.\n|inactive|200 routes has 20 seconds left.\n|\n|t:|1681845537\n|-terastallize|p1b: Hatterene|Psychic\n|move|p2a: Iron Bundle|Protect|p2a: Iron Bundle\n|-singleturn|p2a: Iron Bundle|Protect\n|move|p1b: Hatterene|Psychic|p2b: Iron Hands\n|-supereffective|p2b: Iron Hands\n|-damage|p2b: Iron Hands|0 fnt\n|faint|p2b: Iron Hands\n|-end|p2b: Iron Hands|Quark Drive|[silent]\n|-damage|p1b: Hatterene|81\/100|[from] item: Life Orb\n|move|p1a: Rotom|Thunderbolt|p2a: Iron Bundle\n|-activate|p2a: Iron Bundle|move: Protect\n|\n|-heal|p1a: Rotom|28\/100|[from] item: Leftovers\n|-fieldend|move: Trick Room\n|upkeep\n|\n|t:|1681845549\n|switch|p2b: Flutter Mane|Flutter Mane, L50, tera:Water|100\/100\n|turn|8\n|\n|t:|1681845555\n|switch|p1a: Toxicroak|Toxicroak, L50, F|100\/100\n|move|p1b: Hatterene|Protect|p1b: Hatterene\n|-singleturn|p1b: Hatterene|Protect\n|move|p2a: Iron Bundle|Freeze-Dry|p1a: Toxicroak\n|-damage|p1a: Toxicroak|74\/100\n|move|p2b: Flutter Mane|Shadow Ball|p1b: Hatterene\n|-activate|p1b: Hatterene|move: Protect\n|\n|-sideend|p1: Obvaltisobv|Safeguard\n|upkeep\n|turn|9\n|inactive|200 routes has 30 seconds left.\n|inactive|200 routes has 20 seconds left.\n|\n|t:|1681845592\n|move|p1a: Toxicroak|Fake Out|p2b: Flutter Mane\n|-crit|p2b: Flutter Mane\n|-damage|p2b: Flutter Mane|72\/100\n|move|p2a: Iron Bundle|Hydro Pump|p1b: Hatterene\n|-damage|p1b: Hatterene|30\/100\n|cant|p2b: Flutter Mane|flinch\n|move|p1b: Hatterene|Trick Room|p1b: Hatterene\n|-fieldstart|move: Trick Room|[of] p1b: Hatterene\n|\n|upkeep\n|turn|10\n|inactive|200 routes has 30 seconds left.\n|\n|t:|1681845625\n|move|p1a: Toxicroak|Bullet Punch|p2b: Flutter Mane\n|-resisted|p2b: Flutter Mane\n|-damage|p2b: Flutter Mane|63\/100\n|move|p1b: Hatterene|Dazzling Gleam|p2a: Iron Bundle|[spread] p2a,p2b\n|-damage|p2a: Iron Bundle|35\/100\n|-damage|p2b: Flutter Mane|24\/100\n|-damage|p1b: Hatterene|20\/100|[from] item: Life Orb\n|move|p2b: Flutter Mane|Shadow Ball|p1a: Toxicroak\n|-damage|p1a: Toxicroak|26\/100\n|move|p2a: Iron Bundle|Freeze-Dry|p1a: Toxicroak\n|-damage|p1a: Toxicroak|0 fnt\n|faint|p1a: Toxicroak\n|\n|upkeep\n|\n|t:|1681845632\n|switch|p1a: Rotom|Rotom-Wash, L50|28\/100\n|turn|11\n|inactive|200 routes has 30 seconds left.\n|inactive|200 routes has 20 seconds left.\n|c|\u2606Obvaltisobv|And that should be game\n|inactive|200 routes has 15 seconds left.\n|\n|t:|1681845672\n|move|p1b: Hatterene|Psychic|p2a: Iron Bundle\n|-damage|p2a: Iron Bundle|0 fnt\n|faint|p2a: Iron Bundle\n|-end|p2a: Iron Bundle|Quark Drive|[silent]\n|-damage|p1b: Hatterene|10\/100|[from] item: Life Orb\n|move|p1a: Rotom|Thunderbolt|p2b: Flutter Mane\n|-supereffective|p2b: Flutter Mane\n|-damage|p2b: Flutter Mane|0 fnt\n|faint|p2b: Flutter Mane\n|-end|p2b: Flutter Mane|Protosynthesis|[silent]\n|\n|win|Obvaltisobv\n|raw|Obvaltisobv's rating: 1325 → 1349<\/strong> (+24 for winning)\n|raw|200 routes's rating: 1403 → 1379<\/strong> (-24 for losing)\n|c|\u2606Obvaltisobv|Gg\n","uploadtime":1681845676,"views":12,"p1id":"obvaltisobv","p2id":"200routes","formatid":"gen9vgc2023regulationc","rating":1349,"private":0,"password":""}