{"id":"gen9vgc2023regulationc-1850303544","p1":"temerence","p2":"ensamvarg","format":"[Gen 9] VGC 2023 Regulation C","log":"|j|\u2606temerence\n|j|\u2606ensamvarg\n|t:|1682314371\n|gametype|doubles\n|player|p1|temerence|hilbert|1074\n|player|p2|ensamvarg|101|1108\n|teamsize|p1|6\n|teamsize|p2|6\n|gen|9\n|tier|[Gen 9] VGC 2023 Regulation C\n|rated|\n|rule|Species Clause: Limit one of each Pok\u00e9mon\n|rule|Item Clause: Limit one of each item\n|clearpoke\n|poke|p1|Flutter Mane, L50|\n|poke|p1|Amoonguss, L50, F|\n|poke|p1|Palafin, L50, M|\n|poke|p1|Chien-Pao, L50|\n|poke|p1|Arcanine, L50, M|\n|poke|p1|Dragapult, L50, M|\n|poke|p2|Amoonguss, L50, M|\n|poke|p2|Arcanine, L50, F|\n|poke|p2|Kingambit, L50, F|\n|poke|p2|Iron Bundle, L50|\n|poke|p2|Iron Hands, L50|\n|poke|p2|Hydreigon, L50, M|\n|teampreview|4\n|inactive|Battle timer is ON: inactive players will automatically lose when time's up. (requested by temerence)\n|inactive|temerence has 60 seconds left.\n|\n|t:|1682314414\n|start\n|switch|p1a: Arcanine|Arcanine, L50, M|100\/100\n|switch|p1b: Palafin|Palafin, L50, M|100\/100\n|switch|p2a: Kingambit|Kingambit, L50, F|100\/100\n|switch|p2b: Hydreigon|Hydreigon, L50, M|100\/100\n|-ability|p1a: Arcanine|Intimidate|boost\n|-unboost|p2a: Kingambit|atk|1\n|-ability|p2a: Kingambit|Defiant|boost\n|-boost|p2a: Kingambit|atk|2\n|-unboost|p2b: Hydreigon|atk|1\n|turn|1\n|\n|t:|1682314437\n|move|p1b: Palafin|Protect|p1b: Palafin\n|-singleturn|p1b: Palafin|Protect\n|move|p2a: Kingambit|Sucker Punch||[still]\n|-fail|p2a: Kingambit\n|move|p2b: Hydreigon|Draco Meteor|p1a: Arcanine|[miss]\n|-miss|p2b: Hydreigon|p1a: Arcanine\n|move|p1a: Arcanine|Will-O-Wisp|p2a: Kingambit\n|-status|p2a: Kingambit|brn\n|\n|-damage|p2a: Kingambit|95\/100 brn|[from] brn\n|upkeep\n|turn|2\n|inactive|temerence has 30 seconds left.\n|\n|t:|1682314463\n|detailschange|p1b: Palafin|Palafin-Hero, L50, M\n|switch|p1b: Flutter Mane|Flutter Mane, L50|100\/100\n|-enditem|p1b: Flutter Mane|Booster Energy\n|-activate|p1b: Flutter Mane|ability: Protosynthesis|[fromitem]\n|-start|p1b: Flutter Mane|protosynthesisspe\n|move|p2a: Kingambit|Sucker Punch|p1a: Arcanine\n|-damage|p1a: Arcanine|65\/100\n|move|p2b: Hydreigon|Draco Meteor|p1a: Arcanine\n|-damage|p1a: Arcanine|1\/100\n|-unboost|p2b: Hydreigon|spa|2\n|-damage|p2b: Hydreigon|91\/100|[from] item: Life Orb\n|move|p1a: Arcanine|Flare Blitz|p2a: Kingambit\n|-supereffective|p2a: Kingambit\n|-crit|p2a: Kingambit\n|-damage|p2a: Kingambit|0 fnt\n|faint|p2a: Kingambit\n|-damage|p1a: Arcanine|0 fnt|[from] Recoil\n|faint|p1a: Arcanine\n|\n|upkeep\n|\n|t:|1682314487\n|switch|p1a: Amoonguss|Amoonguss, L50, F|100\/100\n|switch|p2a: Arcanine|Arcanine, L50, F|100\/100\n|-ability|p2a: Arcanine|Intimidate|boost\n|-unboost|p1a: Amoonguss|atk|1\n|-unboost|p1b: Flutter Mane|atk|1\n|turn|3\n|\n|t:|1682314509\n|move|p2b: Hydreigon|Protect|p2b: Hydreigon\n|-singleturn|p2b: Hydreigon|Protect\n|move|p1b: Flutter Mane|Moonblast|p2a: Arcanine\n|-resisted|p2a: Arcanine\n|-damage|p2a: Arcanine|75\/100\n|move|p2a: Arcanine|Flare Blitz|p1a: Amoonguss\n|-supereffective|p1a: Amoonguss\n|-damage|p1a: Amoonguss|0 fnt\n|faint|p1a: Amoonguss\n|-damage|p2a: Arcanine|38\/100|[from] Recoil\n|\n|upkeep\n|\n|t:|1682314520\n|switch|p1a: Palafin|Palafin-Hero, L50, M|100\/100\n|-activate|p1a: Palafin|ability: Zero to Hero\n|turn|4\n|inactive|ensamvarg has 30 seconds left.\n|inactive|ensamvarg has 20 seconds left.\n|inactive|ensamvarg has 15 seconds left.\n|\n|t:|1682314569\n|-terastallize|p2b: Hydreigon|Steel\n|-terastallize|p1a: Palafin|Water\n|move|p2a: Arcanine|Protect|p2a: Arcanine\n|-singleturn|p2a: Arcanine|Protect\n|move|p1a: Palafin|Jet Punch|p2a: Arcanine\n|-activate|p2a: Arcanine|move: Protect\n|move|p1b: Flutter Mane|Moonblast|p2b: Hydreigon\n|-resisted|p2b: Hydreigon\n|-damage|p2b: Hydreigon|62\/100\n|move|p2b: Hydreigon|Tailwind|p2b: Hydreigon\n|-sidestart|p2: ensamvarg|move: Tailwind\n|\n|upkeep\n|turn|5\n|inactive|temerence has 30 seconds left.\n|inactive|ensamvarg has 30 seconds left.\n|\n|t:|1682314601\n|move|p1a: Palafin|Jet Punch|p2a: Arcanine\n|-supereffective|p2a: Arcanine\n|-damage|p2a: Arcanine|0 fnt\n|faint|p2a: Arcanine\n|move|p2b: Hydreigon|Draco Meteor|p1a: Palafin\n|-damage|p1a: Palafin|49\/100\n|-unboost|p2b: Hydreigon|spa|2\n|-damage|p2b: Hydreigon|53\/100|[from] item: Life Orb\n|move|p1b: Flutter Mane|Shadow Ball|p2b: Hydreigon\n|-damage|p2b: Hydreigon|0 fnt\n|faint|p2b: Hydreigon\n|\n|upkeep\n|\n|t:|1682314618\n|switch|p2a: Iron Bundle|Iron Bundle, L50|100\/100\n|turn|6\n|\n|t:|1682314633\n|move|p2a: Iron Bundle|Protect|p2a: Iron Bundle\n|-singleturn|p2a: Iron Bundle|Protect\n|move|p1b: Flutter Mane|Protect|p1b: Flutter Mane\n|-singleturn|p1b: Flutter Mane|Protect\n|move|p1a: Palafin|Wave Crash|p2a: Iron Bundle\n|-activate|p2a: Iron Bundle|move: Protect\n|\n|upkeep\n|turn|7\n|\n|t:|1682314655\n|move|p2a: Iron Bundle|Freeze-Dry|p1a: Palafin\n|-supereffective|p1a: Palafin\n|-damage|p1a: Palafin|0 fnt\n|faint|p1a: Palafin\n|move|p1b: Flutter Mane|Moonblast|p2a: Iron Bundle\n|-enditem|p2a: Iron Bundle|Focus Sash\n|-damage|p2a: Iron Bundle|1\/100\n|-unboost|p2a: Iron Bundle|spa|1\n|\n|-sideend|p2: ensamvarg|move: Tailwind\n|upkeep\n|turn|8\n|inactive|temerence has 30 seconds left.\n|\n|t:|1682314680\n|move|p1b: Flutter Mane|Moonblast|p2a: Iron Bundle\n|-damage|p2a: Iron Bundle|0 fnt\n|faint|p2a: Iron Bundle\n|-end|p2a: Iron Bundle|Quark Drive|[silent]\n|\n|win|temerence\n|raw|temerence's rating: 1074 → 1106<\/strong> (+32 for winning)\n|raw|ensamvarg's rating: 1108 → 1081<\/strong> (-27 for losing)\n|l|\u2606ensamvarg\n","uploadtime":1682314695,"views":38,"p1id":"temerence","p2id":"ensamvarg","formatid":"gen9vgc2023regulationc","rating":1081,"private":0,"password":""}