{"id":"gen9vgc2023regulationc-1847405594","p1":"Donkk","p2":"idususjsua","format":"[Gen 9] VGC 2023 Regulation C","log":"|j|\u2606Donkk\n|j|\u2606idususjsua\n|t:|1681951297\n|gametype|doubles\n|player|p1|Donkk|blue-lgpe|\n|player|p2|idususjsua|2|\n|teamsize|p1|6\n|teamsize|p2|6\n|gen|9\n|tier|[Gen 9] VGC 2023 Regulation C\n|rule|Species Clause: Limit one of each Pok\u00e9mon\n|rule|Item Clause: Limit one of each item\n|clearpoke\n|poke|p1|Roaring Moon, L50|\n|poke|p1|Corviknight, L50, M|\n|poke|p1|Flutter Mane, L50|\n|poke|p1|Amoonguss, L50, M|\n|poke|p1|Garchomp, L50, M|\n|poke|p1|Iron Bundle, L50|\n|poke|p2|Roaring Moon, L50|\n|poke|p2|Corviknight, L50, F|\n|poke|p2|Flutter Mane, L50|\n|poke|p2|Amoonguss, L50, F|\n|poke|p2|Garchomp, L50, M|\n|poke|p2|Iron Bundle, L50|\n|teampreview|4\n|inactive|Battle timer is ON: inactive players will automatically lose when time's up. (requested by Donkk)\n|inactive|idususjsua also wants the timer to be on.\nDonkk has agreed to open team sheets.\n|inactive|Donkk has 60 seconds left.\n|inactive|idususjsua has 60 seconds left.\nidususjsua has agreed to open team sheets.\n|c|\u2606idususjsua|:)\n|inactive|Donkk has 30 seconds left.\n|inactive|idususjsua has 30 seconds left.\n|c|\u2606Donkk|This team looks familiar...\n|inactive|Donkk has 20 seconds left.\n|inactive|idususjsua has 20 seconds left.\n|c|\u2606idususjsua|Ikr\n|inactive|Donkk has 15 seconds left.\n|inactive|idususjsua has 15 seconds left.\n|inactive|Donkk has 10 seconds left.\n|inactive|idususjsua has 10 seconds left.\n|inactive|idususjsua has 5 seconds left.\n|\n|t:|1681951384\n|start\n|switch|p1a: Roaring Moon|Roaring Moon, L50|100\/100\n|switch|p1b: Garchomp|Garchomp, L50, M|100\/100\n|switch|p2a: Roaring Moon|Roaring Moon, L50|100\/100\n|switch|p2b: Garchomp|Garchomp, L50, M|100\/100\n|turn|1\n|c|\u2606idususjsua|Spider-Man meme.\n|c|\u2606Donkk|well this is awkward\n|inactive|Donkk has 30 seconds left.\n|inactive|Donkk has 20 seconds left.\n|inactive|Donkk has 15 seconds left.\n|\n|t:|1681951425\n|-terastallize|p2a: Roaring Moon|Fairy\n|move|p2b: Garchomp|Protect|p2b: Garchomp\n|-singleturn|p2b: Garchomp|Protect\n|move|p2a: Roaring Moon|Breaking Swipe|p1b: Garchomp|[spread] p1a,p1b\n|-supereffective|p1a: Roaring Moon\n|-supereffective|p1b: Garchomp\n|-damage|p1a: Roaring Moon|42\/100\n|-damage|p1b: Garchomp|55\/100\n|-damage|p2a: Roaring Moon|88\/100|[from] ability: Rough Skin|[of] p1b: Garchomp\n|move|p1a: Roaring Moon|Iron Head|p2a: Roaring Moon\n|-supereffective|p2a: Roaring Moon\n|-damage|p2a: Roaring Moon|18\/100\n|move|p1b: Garchomp|Earthquake|p2b: Garchomp|[spread] p1a,p2a\n|-activate|p2b: Garchomp|move: Protect\n|-damage|p1a: Roaring Moon|0 fnt\n|-damage|p2a: Roaring Moon|0 fnt\n|faint|p1a: Roaring Moon\n|-end|p1a: Roaring Moon|Protosynthesis|[silent]\n|faint|p2a: Roaring Moon\n|-end|p2a: Roaring Moon|Protosynthesis|[silent]\n|\n|upkeep\n|inactive|Donkk has 30 seconds left.\n|inactive|Donkk has 20 seconds left.\n|inactive|Donkk has 15 seconds left.\n|\n|t:|1681951466\n|switch|p2a: Corviknight|Corviknight, L50, F|100\/100\n|switch|p1a: Corviknight|Corviknight, L50, M|100\/100\n|turn|2\n|inactive|Donkk has 30 seconds left.\n|inactive|idususjsua has 30 seconds left.\n|inactive|idususjsua has 20 seconds left.\n|inactive|Donkk has 20 seconds left.\n|inactive|idususjsua has 15 seconds left.\n|\n|t:|1681951507\n|move|p2b: Garchomp|Earthquake|p1b: Garchomp|[spread] p1b\n|-immune|p2a: Corviknight\n|-immune|p1a: Corviknight\n|-damage|p1b: Garchomp|14\/100\n|move|p1b: Garchomp|Dragon Claw|p2b: Garchomp\n|-supereffective|p2b: Garchomp\n|-damage|p2b: Garchomp|23\/100\n|-damage|p1b: Garchomp|2\/100|[from] ability: Rough Skin|[of] p2b: Garchomp\n|move|p1a: Corviknight|Iron Head|p2b: Garchomp\n|-damage|p2b: Garchomp|0 fnt\n|-damage|p1a: Corviknight|88\/100|[from] ability: Rough Skin|[of] p2b: Garchomp\n|faint|p2b: Garchomp\n|move|p2a: Corviknight|Iron Head|p1b: Garchomp\n|-damage|p1b: Garchomp|0 fnt\n|-damage|p2a: Corviknight|88\/100|[from] ability: Rough Skin|[of] p1b: Garchomp\n|faint|p1b: Garchomp\n|\n|upkeep\n|\n|t:|1681951527\n|switch|p2b: Amoonguss|Amoonguss, L50, F|100\/100\n|switch|p1b: Iron Bundle|Iron Bundle, L50|100\/100\n|turn|3\n|\n|t:|1681951549\n|-terastallize|p1b: Iron Bundle|Ice\n|move|p1b: Iron Bundle|Freeze-Dry|p2a: Corviknight\n|-damage|p2a: Corviknight|39\/100\n|move|p1a: Corviknight|Iron Head|p2b: Amoonguss\n|-crit|p2b: Amoonguss\n|-damage|p2b: Amoonguss|50\/100\n|-enditem|p2b: Amoonguss|Sitrus Berry|[eat]\n|-heal|p2b: Amoonguss|75\/100|[from] item: Sitrus Berry\n|move|p2a: Corviknight|Iron Head|p1b: Iron Bundle\n|-supereffective|p1b: Iron Bundle\n|-enditem|p1b: Iron Bundle|Focus Sash\n|-damage|p1b: Iron Bundle|1\/100\n|cant|p2b: Amoonguss|flinch\n|\n|upkeep\n|turn|4\n|inactive|Donkk has 30 seconds left.\n|inactive|idususjsua has 30 seconds left.\n|inactive|idususjsua has 20 seconds left.\n|inactive|idususjsua has 15 seconds left.\n|\n|t:|1681951595\n|move|p1b: Iron Bundle|Freeze-Dry|p2a: Corviknight\n|-damage|p2a: Corviknight|0 fnt\n|faint|p2a: Corviknight\n|move|p1a: Corviknight|Iron Head|p2b: Amoonguss\n|-damage|p2b: Amoonguss|37\/100\n|move|p2b: Amoonguss|Spore|p1a: Corviknight\n|-status|p1a: Corviknight|slp|[from] move: Spore\n|\n|upkeep\n|turn|5\n|inactive|idususjsua has 30 seconds left.\n|\n|t:|1681951622\n|move|p1b: Iron Bundle|Freeze-Dry|p2b: Amoonguss\n|-supereffective|p2b: Amoonguss\n|-damage|p2b: Amoonguss|0 fnt\n|faint|p2b: Amoonguss\n|\n|win|Donkk\n|l|\u2606idususjsua\n","uploadtime":1681951646,"views":4,"p1id":"donkk","p2id":"idususjsua","formatid":"gen9vgc2023regulationc","rating":0,"private":0,"password":""}