{"id":"gen9vgc2023regulationc-1845656129","p1":"LeafeonLou12","p2":"TM Trainer Ruby","format":"[Gen 9] VGC 2023 Regulation C","log":"|j|\u2606LeafeonLou12\n|j|\u2606TM Trainer Ruby\n|t:|1681753022\n|gametype|doubles\n|player|p1|LeafeonLou12|266|1163\n|player|p2|TM Trainer Ruby|striker|1133\n|teamsize|p1|6\n|teamsize|p2|6\n|gen|9\n|tier|[Gen 9] VGC 2023 Regulation C\n|rated|\n|rule|Species Clause: Limit one of each Pok\u00e9mon\n|rule|Item Clause: Limit one of each item\n|clearpoke\n|poke|p1|Rotom-Fan, L50|\n|poke|p1|Torkoal, L50, F|\n|poke|p1|Indeedee, L50, M|\n|poke|p1|Drifblim, L50, F|\n|poke|p1|Chi-Yu, L50|\n|poke|p1|Great Tusk, L50|\n|poke|p2|Chien-Pao, L50|\n|poke|p2|Tinkaton, L50, F|\n|poke|p2|Dragonite, L50, F|\n|poke|p2|Great Tusk, L50|\n|poke|p2|Volcarona, L50, M|\n|poke|p2|Palafin, L50, F|\n|teampreview|4\n|\n|t:|1681753046\n|start\n|switch|p1a: Drifblim|Drifblim, L50, F|100\/100\n|switch|p1b: Indeedee|Indeedee, L50, M|100\/100\n|switch|p2a: Chien-Pao|Chien-Pao, L50|100\/100\n|switch|p2b: Palafin|Palafin, L50, F|100\/100\n|-fieldstart|move: Psychic Terrain|[from] ability: Psychic Surge|[of] p1b: Indeedee\n|-enditem|p1a: Drifblim|Psychic Seed\n|-boost|p1a: Drifblim|spd|1|[from] item: Psychic Seed\n|-ability|p2a: Chien-Pao|Sword of Ruin\n|turn|1\n|\n|t:|1681753058\n|detailschange|p2b: Palafin|Palafin-Hero, L50, F\n|switch|p2b: Volcarona|Volcarona, L50, M, shiny|100\/100\n|-terastallize|p2a: Chien-Pao|Ghost\n|move|p1b: Indeedee|After You|p1a: Drifblim\n|-activate|p1a: Drifblim|move: After You\n|move|p1a: Drifblim|Trick Room|p1a: Drifblim\n|-fieldstart|move: Trick Room|[of] p1a: Drifblim\n|move|p2a: Chien-Pao|Ice Spinner|p1a: Drifblim\n|-supereffective|p1a: Drifblim\n|-damage|p1a: Drifblim|0 fnt\n|-fieldend|move: Psychic Terrain\n|faint|p1a: Drifblim\n|\n|upkeep\n|\n|t:|1681753071\n|switch|p1a: Great Tusk|Great Tusk, L50|100\/100\n|turn|2\n|\n|t:|1681753100\n|switch|p1b: Torkoal|Torkoal, L50, F|100\/100\n|-weather|SunnyDay|[from] ability: Drought|[of] p1b: Torkoal\n|-activate|p1a: Great Tusk|ability: Protosynthesis\n|-start|p1a: Great Tusk|protosynthesisatk\n|move|p1a: Great Tusk|Iron Head|p2a: Chien-Pao\n|-damage|p2a: Chien-Pao|45\/100\n|move|p2b: Volcarona|Struggle Bug|p1a: Great Tusk|[spread] p1a,p1b\n|-resisted|p1a: Great Tusk\n|-resisted|p1b: Torkoal\n|-damage|p1a: Great Tusk|92\/100\n|-damage|p1b: Torkoal|87\/100\n|-unboost|p1a: Great Tusk|spa|1\n|-unboost|p1b: Torkoal|spa|1\n|cant|p2a: Chien-Pao|flinch\n|\n|-weather|SunnyDay|[upkeep]\n|upkeep\n|turn|3\n|\n|t:|1681753124\n|-terastallize|p1b: Torkoal|Flying\n|move|p2a: Chien-Pao|Protect|p2a: Chien-Pao\n|-singleturn|p2a: Chien-Pao|Protect\n|move|p1b: Torkoal|Eruption|p2b: Volcarona|[spread] p2b\n|-activate|p2a: Chien-Pao|move: Protect\n|-damage|p2b: Volcarona|48\/100\n|move|p1a: Great Tusk|Earthquake|p2b: Volcarona|[spread] p2b\n|-activate|p2a: Chien-Pao|move: Protect\n|-immune|p1b: Torkoal\n|-damage|p2b: Volcarona|0 fnt\n|faint|p2b: Volcarona\n|\n|-weather|SunnyDay|[upkeep]\n|upkeep\n|\n|t:|1681753134\n|switch|p2b: Dragonite|Dragonite, L50, F|100\/100\n|turn|4\n|\n|t:|1681753147\n|move|p2b: Dragonite|Extreme Speed|p1b: Torkoal\n|-damage|p1b: Torkoal|53\/100\n|move|p1b: Torkoal|Eruption|p2b: Dragonite|[spread] p2a,p2b\n|-resisted|p2b: Dragonite\n|-damage|p2a: Chien-Pao|0 fnt\n|-damage|p2b: Dragonite|92\/100\n|faint|p2a: Chien-Pao\n|move|p1a: Great Tusk|Ice Spinner|p2b: Dragonite\n|-supereffective|p2b: Dragonite\n|-damage|p2b: Dragonite|0 fnt\n|faint|p2b: Dragonite\n|\n|-weather|SunnyDay|[upkeep]\n|upkeep\n|\n|t:|1681753156\n|switch|p2b: Palafin|Palafin-Hero, L50, F|100\/100\n|-activate|p2b: Palafin|ability: Zero to Hero\n|turn|5\n|\n|t:|1681753160\n|switch|p1b: Indeedee|Indeedee, L50, M|100\/100\n|-fieldstart|move: Psychic Terrain|[from] ability: Psychic Surge|[of] p1b: Indeedee\n|move|p2b: Palafin|Protect|p2b: Palafin\n|-singleturn|p2b: Palafin|Protect\n|move|p1a: Great Tusk|Close Combat|p2b: Palafin\n|-activate|p2b: Palafin|move: Protect\n|\n|-weather|SunnyDay|[upkeep]\n|-fieldend|move: Trick Room\n|upkeep\n|turn|6\n|\n|t:|1681753171\n|move|p1b: Indeedee|After You|p1a: Great Tusk\n|-activate|p1a: Great Tusk|move: After You\n|move|p1a: Great Tusk|Close Combat|p2b: Palafin\n|-damage|p2b: Palafin|12\/100\n|-unboost|p1a: Great Tusk|def|1\n|-unboost|p1a: Great Tusk|spd|1\n|move|p2b: Palafin|Wave Crash|p1a: Great Tusk\n|-supereffective|p1a: Great Tusk\n|-damage|p1a: Great Tusk|0 fnt\n|faint|p1a: Great Tusk\n|-end|p1a: Great Tusk|Protosynthesis|[silent]\n|-damage|p2b: Palafin|0 fnt|[from] Recoil\n|faint|p2b: Palafin\n|\n|win|LeafeonLou12\n|raw|LeafeonLou12's rating: 1163 → 1186<\/strong> (+23 for winning)\n|raw|TM Trainer Ruby's rating: 1133 → 1110<\/strong> (-23 for losing)\n|l|\u2606TM Trainer Ruby\n","uploadtime":1681753184,"views":11,"p1id":"leafeonlou12","p2id":"tmtrainerruby","formatid":"gen9vgc2023regulationc","rating":1110,"private":0,"password":""}