{"id":"gen9vgc2023regulationc-1854927933","p1":"VGCTrainerisback","p2":"kheld","format":"[Gen 9] VGC 2023 Regulation C","log":"|j|\u2606VGCTrainerisback\n|j|\u2606kheld\n|t:|1682881702\n|gametype|doubles\n|player|p1|VGCTrainerisback|101|1623\n|player|p2|kheld|brawly|1742\n|teamsize|p1|6\n|teamsize|p2|6\n|gen|9\n|tier|[Gen 9] VGC 2023 Regulation C\n|rated|\n|rule|Species Clause: Limit one of each Pok\u00e9mon\n|rule|Item Clause: Limit one of each item\n|clearpoke\n|poke|p1|Arcanine, L50, F|\n|poke|p1|Maushold-Four, L50|\n|poke|p1|Gholdengo, L50|\n|poke|p1|Iron Bundle, L50|\n|poke|p1|Roaring Moon, L50|\n|poke|p1|Annihilape, L50, F|\n|poke|p2|Great Tusk, L50|\n|poke|p2|Amoonguss, L50, M|\n|poke|p2|Murkrow, L50, F|\n|poke|p2|Chi-Yu, L50|\n|poke|p2|Torkoal, L50, F|\n|poke|p2|Flutter Mane, L50|\n|teampreview|4\nkheld has agreed to open team sheets.\n|inactive|Battle timer is ON: inactive players will automatically lose when time's up. (requested by VGCTrainerisback)\n|\n|t:|1682881735\n|start\n|switch|p1a: Arcanine|Arcanine, L50, F, shiny|100\/100\n|switch|p1b: Gholdengo|Gholdengo, L50|100\/100\n|switch|p2a: Flutter Mane|Flutter Mane, L50|100\/100\n|switch|p2b: Amoonguss|Amoonguss, L50, M|100\/100\n|-ability|p1a: Arcanine|Intimidate|boost\n|-unboost|p2a: Flutter Mane|atk|1\n|-unboost|p2b: Amoonguss|atk|1\n|turn|1\n|j| Rabbihorn\n|inactive|kheld has 30 seconds left.\n|inactive|kheld has 20 seconds left.\n|inactive|kheld has 15 seconds left.\n|\n|t:|1682881778\n|switch|p2b: Chi-Yu|Chi-Yu, L50|100\/100\n|-ability|p2b: Chi-Yu|Beads of Ruin\n|-terastallize|p2a: Flutter Mane|Fairy\n|move|p2a: Flutter Mane|Moonblast|p1b: Gholdengo\n|-resisted|p1b: Gholdengo\n|-damage|p1b: Gholdengo|60\/100\n|-unboost|p1b: Gholdengo|spa|1\n|move|p1b: Gholdengo|Nasty Plot|p1b: Gholdengo\n|-boost|p1b: Gholdengo|spa|2\n|move|p1a: Arcanine|Flare Blitz|p2b: Chi-Yu\n|-resisted|p2b: Chi-Yu\n|-damage|p2b: Chi-Yu|65\/100\n|-damage|p1a: Arcanine|91\/100|[from] Recoil\n|\n|-heal|p1b: Gholdengo|66\/100|[from] item: Leftovers\n|upkeep\n|turn|2\n|j| oodabi\n|inactive|kheld has 30 seconds left.\n|\n|t:|1682881809\n|switch|p2b: Torkoal|Torkoal, L50, F|100\/100\n|-weather|SunnyDay|[from] ability: Drought|[of] p2b: Torkoal\n|-activate|p2a: Flutter Mane|ability: Protosynthesis\n|-start|p2a: Flutter Mane|protosynthesisspa\n|move|p1b: Gholdengo|Protect|p1b: Gholdengo\n|-singleturn|p1b: Gholdengo|Protect\n|move|p2a: Flutter Mane|Shadow Ball|p1b: Gholdengo\n|-activate|p1b: Gholdengo|move: Protect\n|move|p1a: Arcanine|Close Combat|p2b: Torkoal\n|-damage|p2b: Torkoal|76\/100\n|-unboost|p1a: Arcanine|def|1\n|-unboost|p1a: Arcanine|spd|1\n|\n|-weather|SunnyDay|[upkeep]\n|-heal|p1b: Gholdengo|73\/100|[from] item: Leftovers\n|upkeep\n|turn|3\n|\n|t:|1682881831\n|move|p2a: Flutter Mane|Moonblast|p1b: Gholdengo\n|-resisted|p1b: Gholdengo\n|-damage|p1b: Gholdengo|31\/100\n|-unboost|p1b: Gholdengo|spa|1\n|move|p1b: Gholdengo|Shadow Ball|p2b: Torkoal\n|-damage|p2b: Torkoal|50\/100\n|move|p1a: Arcanine|Flare Blitz|p2a: Flutter Mane\n|-enditem|p2a: Flutter Mane|Focus Sash\n|-damage|p2a: Flutter Mane|1\/100\n|-damage|p1a: Arcanine|69\/100|[from] Recoil\n|move|p2b: Torkoal|Earth Power|p1a: Arcanine\n|-supereffective|p1a: Arcanine\n|-damage|p1a: Arcanine|33\/100\n|\n|-weather|SunnyDay|[upkeep]\n|-heal|p1b: Gholdengo|38\/100|[from] item: Leftovers\n|upkeep\n|turn|4\n|inactive|kheld has 30 seconds left.\n|\n|t:|1682881858\n|-terastallize|p1b: Gholdengo|Water\n|move|p1a: Arcanine|Extreme Speed|p2a: Flutter Mane\n|-damage|p2a: Flutter Mane|0 fnt\n|faint|p2a: Flutter Mane\n|-end|p2a: Flutter Mane|Protosynthesis|[silent]\n|move|p1b: Gholdengo|Nasty Plot|p1b: Gholdengo\n|-boost|p1b: Gholdengo|spa|2\n|move|p2b: Torkoal|Earth Power|p1b: Gholdengo\n|-damage|p1b: Gholdengo|21\/100\n|\n|-weather|SunnyDay|[upkeep]\n|-heal|p1b: Gholdengo|27\/100|[from] item: Leftovers\n|upkeep\n|\n|t:|1682881874\n|switch|p2a: Chi-Yu|Chi-Yu, L50|65\/100\n|-ability|p2a: Chi-Yu|Beads of Ruin\n|turn|5\n|\n|t:|1682881880\n|move|p1b: Gholdengo|Protect|p1b: Gholdengo\n|-singleturn|p1b: Gholdengo|Protect\n|move|p1a: Arcanine|Extreme Speed|p2a: Chi-Yu\n|-crit|p2a: Chi-Yu\n|-damage|p2a: Chi-Yu|19\/100\n|-enditem|p2a: Chi-Yu|Sitrus Berry|[eat]\n|-heal|p2a: Chi-Yu|44\/100|[from] item: Sitrus Berry\n|move|p2a: Chi-Yu|Heat Wave|p1b: Gholdengo|[spread] p1a\n|-activate|p1b: Gholdengo|move: Protect\n|-resisted|p1a: Arcanine\n|-damage|p1a: Arcanine|0 fnt\n|faint|p1a: Arcanine\n|move|p2b: Torkoal|Earth Power|p1b: Gholdengo\n|-activate|p1b: Gholdengo|move: Protect\n|\n|-weather|SunnyDay|[upkeep]\n|-heal|p1b: Gholdengo|33\/100|[from] item: Leftovers\n|upkeep\n|\n|t:|1682881890\n|switch|p1a: Roaring Moon|Roaring Moon, L50|100\/100\n|-activate|p1a: Roaring Moon|ability: Protosynthesis\n|-start|p1a: Roaring Moon|protosynthesisspe\n|turn|6\n|\n|t:|1682881908\n|move|p1a: Roaring Moon|Tailwind|p1a: Roaring Moon\n|-sidestart|p1: VGCTrainerisback|move: Tailwind\n|move|p1b: Gholdengo|Make It Rain|p2b: Torkoal|[spread] p2a,p2b\n|-resisted|p2a: Chi-Yu\n|-crit|p2a: Chi-Yu\n|-resisted|p2b: Torkoal\n|-damage|p2a: Chi-Yu|0 fnt\n|-damage|p2b: Torkoal|13\/100\n|-unboost|p1b: Gholdengo|spa|1\n|faint|p2a: Chi-Yu\n|move|p2b: Torkoal|Fissure|p1a: Roaring Moon|[miss]\n|-miss|p2b: Torkoal|p1a: Roaring Moon\n|\n|-weather|none\n|-end|p1a: Roaring Moon|Protosynthesis\n|-heal|p1b: Gholdengo|40\/100|[from] item: Leftovers\n|upkeep\n|-enditem|p1a: Roaring Moon|Booster Energy\n|-activate|p1a: Roaring Moon|ability: Protosynthesis|[fromitem]\n|-start|p1a: Roaring Moon|protosynthesisspe\n|\n|t:|1682881922\n|switch|p2a: Amoonguss|Amoonguss, L50, M|100\/100\n|turn|7\n|c|\u2606kheld|uff u rlly haxed me gg\n|-message|kheld forfeited.\n|\n|win|VGCTrainerisback\n|raw|VGCTrainerisback's rating: 1623 → 1650<\/strong> (+27 for winning)\n|raw|kheld's rating: 1742 → 1715<\/strong> (-27 for losing)\n|l|\u2606kheld\n","uploadtime":1682881942,"views":7,"p1id":"vgctrainerisback","p2id":"kheld","formatid":"gen9vgc2023regulationc","rating":1650,"private":0,"password":""}