{"id":"gen9vgc2023regulationc-1859596235","p1":"L-DNSZ","p2":"Yuuuuj","format":"[Gen 9] VGC 2023 Regulation C","log":"|j|\u2606L-DNSZ\n|j|\u2606Yuuuuj\n|t:|1683546836\n|gametype|doubles\n|player|p1|L-DNSZ|hilbert|1147\n|player|p2|Yuuuuj|170|1097\n|teamsize|p1|6\n|teamsize|p2|6\n|gen|9\n|tier|[Gen 9] VGC 2023 Regulation C\n|rated|\n|rule|Species Clause: Limit one of each Pok\u00e9mon\n|rule|Item Clause: Limit one of each item\n|clearpoke\n|poke|p1|Ceruledge, L50, M|\n|poke|p1|Iron Bundle, L50|\n|poke|p1|Iron Hands, L50|\n|poke|p1|Breloom, L50, M|\n|poke|p1|Roaring Moon, L50|\n|poke|p1|Arcanine, L50, M|\n|poke|p2|Lucario, L50, F|\n|poke|p2|Maushold, L50|\n|poke|p2|Pachirisu, L50, M|\n|poke|p2|Indeedee-F, L50, F|\n|poke|p2|Dragonite, L50, F|\n|poke|p2|Scizor, L50, F|\n|teampreview|4\n|\n|t:|1683546898\n|start\n|switch|p1a: Ceruledge|Ceruledge, L50, M|100\/100\n|switch|p1b: Iron Bundle|Iron Bundle, L50|100\/100\n|switch|p2a: Lucario|Lucario, L50, F|100\/100\n|switch|p2b: Maushold|Maushold, L50|100\/100\n|-enditem|p1b: Iron Bundle|Booster Energy\n|-activate|p1b: Iron Bundle|ability: Quark Drive|[fromitem]\n|-start|p1b: Iron Bundle|quarkdrivespe\n|turn|1\n|\n|t:|1683546916\n|-terastallize|p2a: Lucario|Normal\n|move|p1b: Iron Bundle|Protect|p1b: Iron Bundle\n|-singleturn|p1b: Iron Bundle|Protect\n|move|p2a: Lucario|Extreme Speed|p1b: Iron Bundle\n|-activate|p1b: Iron Bundle|move: Protect\n|move|p2b: Maushold|Beat Up|p2a: Lucario\n|-damage|p2a: Lucario|98\/100\n|-ability|p2a: Lucario|Justified|boost\n|-boost|p2a: Lucario|atk|1\n|-damage|p2a: Lucario|95\/100\n|-ability|p2a: Lucario|Justified|boost\n|-boost|p2a: Lucario|atk|1\n|-damage|p2a: Lucario|91\/100\n|-ability|p2a: Lucario|Justified|boost\n|-boost|p2a: Lucario|atk|1\n|-damage|p2a: Lucario|89\/100\n|-ability|p2a: Lucario|Justified|boost\n|-boost|p2a: Lucario|atk|1\n|-hitcount|p2a: Lucario|4\n|move|p1a: Ceruledge|Bitter Blade|p2a: Lucario\n|-damage|p2a: Lucario|37\/100\n|\n|upkeep\n|turn|2\n|\n|t:|1683546949\n|-end|p1b: Iron Bundle|Quark Drive|[silent]\n|switch|p1b: Arcanine|Arcanine, L50, M|100\/100\n|-ability|p1b: Arcanine|Intimidate|boost\n|-unboost|p2a: Lucario|atk|1\n|-unboost|p2b: Maushold|atk|1\n|move|p2b: Maushold|Follow Me|p2b: Maushold\n|-singleturn|p2b: Maushold|move: Follow Me\n|move|p2a: Lucario|Bullet Punch|p1b: Arcanine\n|-resisted|p1b: Arcanine\n|-damage|p1b: Arcanine|79\/100\n|move|p1a: Ceruledge|Bitter Blade|p2b: Maushold\n|-damage|p2b: Maushold|37\/100\n|\n|upkeep\n|turn|3\n|\n|t:|1683546978\n|move|p2b: Maushold|Follow Me|p2b: Maushold\n|-singleturn|p2b: Maushold|move: Follow Me\n|move|p2a: Lucario|Extreme Speed|p1b: Arcanine\n|-damage|p1b: Arcanine|0 fnt\n|faint|p1b: Arcanine\n|move|p1a: Ceruledge|Bitter Blade|p2b: Maushold\n|-damage|p2b: Maushold|0 fnt\n|faint|p2b: Maushold\n|\n|upkeep\n|\n|t:|1683546994\n|switch|p2b: Pachirisu|Pachirisu, L50, M|100\/100\n|switch|p1b: Iron Bundle|Iron Bundle, L50|100\/100\n|turn|4\n|\n|t:|1683547008\n|move|p1b: Iron Bundle|Protect|p1b: Iron Bundle\n|-singleturn|p1b: Iron Bundle|Protect\n|move|p2b: Pachirisu|Follow Me|p2b: Pachirisu\n|-singleturn|p2b: Pachirisu|move: Follow Me\n|move|p2a: Lucario|Bullet Punch|p1a: Ceruledge\n|-resisted|p1a: Ceruledge\n|-damage|p1a: Ceruledge|66\/100\n|move|p1a: Ceruledge|Bitter Blade|p2b: Pachirisu\n|-damage|p2b: Pachirisu|39\/100\n|-heal|p1a: Ceruledge|100\/100|[from] drain|[of] p2b: Pachirisu\n|-enditem|p2b: Pachirisu|Sitrus Berry|[eat]\n|-heal|p2b: Pachirisu|63\/100|[from] item: Sitrus Berry\n|\n|upkeep\n|turn|5\n|\n|t:|1683547032\n|move|p2a: Lucario|Extreme Speed|p1b: Iron Bundle\n|-damage|p1b: Iron Bundle|0 fnt\n|faint|p1b: Iron Bundle\n|-end|p1b: Iron Bundle|Quark Drive|[silent]\n|move|p1a: Ceruledge|Bitter Blade|p2b: Pachirisu\n|-damage|p2b: Pachirisu|7\/100\n|move|p2b: Pachirisu|Nuzzle|p1a: Ceruledge\n|-damage|p1a: Ceruledge|94\/100\n|-status|p1a: Ceruledge|par\n|\n|-heal|p1a: Ceruledge|100\/100 par|[from] item: Leftovers\n|upkeep\n|\n|t:|1683547055\n|switch|p1b: Iron Hands|Iron Hands, L50, shiny|100\/100\n|turn|6\n|\n|t:|1683547091\n|-terastallize|p1a: Ceruledge|Dark\n|move|p2b: Pachirisu|Encore||[still]\n|-fail|p2b: Pachirisu\n|move|p2a: Lucario|Swords Dance|p2a: Lucario\n|-boost|p2a: Lucario|atk|2\n|cant|p1a: Ceruledge|par\n|move|p1b: Iron Hands|Earthquake|p2b: Pachirisu|[spread] p1a,p2a,p2b\n|-supereffective|p2b: Pachirisu\n|-damage|p1a: Ceruledge|70\/100 par\n|-damage|p2a: Lucario|6\/100\n|-damage|p2b: Pachirisu|0 fnt\n|faint|p2b: Pachirisu\n|\n|-heal|p1a: Ceruledge|76\/100 par|[from] item: Leftovers\n|upkeep\n|\n|t:|1683547102\n|switch|p2b: Dragonite|Dragonite, L50, F|100\/100\n|turn|7\n|\n|t:|1683547120\n|move|p2a: Lucario|Extreme Speed|p1a: Ceruledge\n|-damage|p1a: Ceruledge|0 fnt\n|faint|p1a: Ceruledge\n|move|p2b: Dragonite|Dragon Dance|p2b: Dragonite\n|-boost|p2b: Dragonite|atk|1\n|-boost|p2b: Dragonite|spe|1\n|move|p1b: Iron Hands|Drain Punch|p2a: Lucario\n|-supereffective|p2a: Lucario\n|-damage|p2a: Lucario|0 fnt\n|faint|p2a: Lucario\n|\n|upkeep\n|turn|8\n|\n|t:|1683547135\n|move|p2b: Dragonite|Dragon Claw|p1b: Iron Hands\n|-damage|p1b: Iron Hands|55\/100\n|move|p1b: Iron Hands|Thunder Punch|p2b: Dragonite\n|-damage|p2b: Dragonite|62\/100\n|\n|upkeep\n|turn|9\n|\n|t:|1683547147\n|move|p2b: Dragonite|Dragon Claw|p1b: Iron Hands\n|-damage|p1b: Iron Hands|14\/100\n|move|p1b: Iron Hands|Drain Punch|p2b: Dragonite\n|-resisted|p2b: Dragonite\n|-damage|p2b: Dragonite|42\/100\n|-heal|p1b: Iron Hands|20\/100|[from] drain|[of] p2b: Dragonite\n|\n|upkeep\n|turn|10\n|\n|t:|1683547158\n|move|p2b: Dragonite|Dragon Claw|p1b: Iron Hands\n|-damage|p1b: Iron Hands|0 fnt\n|faint|p1b: Iron Hands\n|-end|p1b: Iron Hands|Quark Drive|[silent]\n|\n|win|Yuuuuj\n|raw|L-DNSZ's rating: 1147 → 1118<\/strong> (-29 for losing)\n|raw|Yuuuuj's rating: 1097 → 1126<\/strong> (+29 for winning)\n","uploadtime":1683547165,"views":8,"p1id":"ldnsz","p2id":"yuuuuj","formatid":"gen9vgc2023regulationc","rating":1118,"private":0,"password":""}