{"id":"gen9vgc2023regulationc-1850002372","p1":"t4vr","p2":"gspm02","format":"[Gen 9] VGC 2023 Regulation C","log":"|j|\u2606t4vr\n|j|\u2606gspm02\n|t:|1682276847\n|gametype|doubles\n|player|p1|t4vr|steven|1128\n|player|p2|gspm02|2|1238\n|teamsize|p1|6\n|teamsize|p2|6\n|gen|9\n|tier|[Gen 9] VGC 2023 Regulation C\n|rated|\n|rule|Species Clause: Limit one of each Pok\u00e9mon\n|rule|Item Clause: Limit one of each item\n|clearpoke\n|poke|p1|Arcanine, L50, M|\n|poke|p1|Palafin, L50, M|\n|poke|p1|Flutter Mane, L50|\n|poke|p1|Amoonguss, L50, F|\n|poke|p1|Ting-Lu, L50|\n|poke|p1|Murkrow, L50, F|\n|poke|p2|Kingambit, L50, F|\n|poke|p2|Iron Bundle, L50|\n|poke|p2|Chien-Pao, L50|\n|poke|p2|Ceruledge, L50, F|\n|poke|p2|Amoonguss, L50, M|\n|poke|p2|Ting-Lu, L50|\n|teampreview|4\n|inactive|Battle timer is ON: inactive players will automatically lose when time's up. (requested by gspm02)\nt4vr has agreed to open team sheets.\n|inactive|t4vr has 60 seconds left.\n|inactive|t4vr has 30 seconds left.\n|\n|t:|1682276916\n|start\n|switch|p1a: Ting-Lu|Ting-Lu, L50|100\/100\n|switch|p1b: Palafin|Palafin, L50, M, shiny|100\/100\n|switch|p2a: Kingambit|Kingambit, L50, F|100\/100\n|switch|p2b: Ceruledge|Ceruledge, L50, F|100\/100\n|-ability|p1a: Ting-Lu|Vessel of Ruin\n|turn|1\n|\n|t:|1682276933\n|detailschange|p1b: Palafin|Palafin-Hero, L50, M, shiny\n|switch|p1b: Amoonguss|Amoonguss, L50, F, shiny|100\/100\n|-terastallize|p2b: Ceruledge|Grass\n|move|p2b: Ceruledge|Bulk Up|p2b: Ceruledge\n|-boost|p2b: Ceruledge|atk|1\n|-boost|p2b: Ceruledge|def|1\n|move|p2a: Kingambit|Swords Dance|p2a: Kingambit\n|-boost|p2a: Kingambit|atk|2\n|move|p1a: Ting-Lu|Fissure|p2a: Kingambit|[miss]\n|-miss|p1a: Ting-Lu|p2a: Kingambit\n|\n|upkeep\n|turn|2\n|\n|t:|1682276957\n|-terastallize|p1b: Amoonguss|Water\n|move|p2a: Kingambit|Protect|p2a: Kingambit\n|-singleturn|p2a: Kingambit|Protect\n|move|p2b: Ceruledge|Bitter Blade|p1b: Amoonguss\n|-resisted|p1b: Amoonguss\n|-damage|p1b: Amoonguss|79\/100\n|move|p1a: Ting-Lu|Stomping Tantrum|p2a: Kingambit\n|-activate|p2a: Kingambit|move: Protect\n|move|p1b: Amoonguss|Pollen Puff|p2b: Ceruledge\n|-supereffective|p2b: Ceruledge\n|-damage|p2b: Ceruledge|77\/100\n|\n|-heal|p2b: Ceruledge|83\/100|[from] item: Leftovers\n|upkeep\n|turn|3\n|inactive|gspm02 has 30 seconds left.\n|\n|t:|1682276990\n|switch|p2a: Amoonguss|Amoonguss, L50, M|100\/100\n|move|p2b: Ceruledge|Bulk Up|p2b: Ceruledge\n|-boost|p2b: Ceruledge|atk|1\n|-boost|p2b: Ceruledge|def|1\n|move|p1a: Ting-Lu|Fissure|p2a: Amoonguss\n|-damage|p2a: Amoonguss|0 fnt\n|faint|p2a: Amoonguss\n|-ohko\n|move|p1b: Amoonguss|Pollen Puff|p1a: Ting-Lu\n|-immune|p1a: Ting-Lu\n|\n|-heal|p2b: Ceruledge|89\/100|[from] item: Leftovers\n|upkeep\n|\n|t:|1682277009\n|switch|p2a: Chien-Pao|Chien-Pao, L50|100\/100\n|-ability|p2a: Chien-Pao|Sword of Ruin\n|turn|4\n|\n|t:|1682277022\n|move|p1b: Amoonguss|Rage Powder|p1b: Amoonguss\n|-singleturn|p1b: Amoonguss|move: Rage Powder\n|move|p2a: Chien-Pao|Sacred Sword|p1b: Amoonguss\n|-damage|p1b: Amoonguss|45\/100\n|-enditem|p1b: Amoonguss|Sitrus Berry|[eat]\n|-heal|p1b: Amoonguss|69\/100|[from] item: Sitrus Berry\n|move|p2b: Ceruledge|Bitter Blade|p1a: Ting-Lu\n|-damage|p1a: Ting-Lu|41\/100\n|-heal|p2b: Ceruledge|100\/100|[from] drain|[of] p1a: Ting-Lu\n|move|p1a: Ting-Lu|Fissure|p2b: Ceruledge\n|-damage|p2b: Ceruledge|0 fnt\n|faint|p2b: Ceruledge\n|-ohko\n|\n|upkeep\n|\n|t:|1682277037\n|switch|p2b: Kingambit|Kingambit, L50, F|100\/100\n|turn|5\n|inactive|t4vr has 30 seconds left.\n|\n|t:|1682277066\n|move|p1b: Amoonguss|Rage Powder|p1b: Amoonguss\n|-singleturn|p1b: Amoonguss|move: Rage Powder\n|move|p2a: Chien-Pao|Ice Spinner|p1b: Amoonguss\n|-resisted|p1b: Amoonguss\n|-damage|p1b: Amoonguss|45\/100\n|move|p2b: Kingambit|Kowtow Cleave|p1b: Amoonguss\n|-damage|p1b: Amoonguss|2\/100\n|move|p1a: Ting-Lu|Fissure|p2b: Kingambit|[miss]\n|-miss|p1a: Ting-Lu|p2b: Kingambit\n|\n|upkeep\n|turn|6\n|inactive|t4vr has 30 seconds left.\n|inactive|t4vr has 20 seconds left.\n|inactive|t4vr has 15 seconds left.\n|inactive|gspm02 has 30 seconds left.\n|inactive|t4vr has 10 seconds left.\n|\n|t:|1682277113\n|switch|p1b: Palafin|Palafin-Hero, L50, M, shiny|100\/100\n|-activate|p1b: Palafin|ability: Zero to Hero\n|move|p2a: Chien-Pao|Sacred Sword|p1a: Ting-Lu\n|-supereffective|p1a: Ting-Lu\n|-damage|p1a: Ting-Lu|0 fnt\n|faint|p1a: Ting-Lu\n|move|p2b: Kingambit|Swords Dance|p2b: Kingambit\n|-boost|p2b: Kingambit|atk|2\n|\n|upkeep\n|\n|t:|1682277123\n|switch|p1a: Amoonguss|Amoonguss, L50, F, shiny, tera:Water|36\/100\n|turn|7\n|\n|t:|1682277148\n|move|p2a: Chien-Pao|Protect|p2a: Chien-Pao\n|-singleturn|p2a: Chien-Pao|Protect\n|move|p1b: Palafin|Wave Crash|p2b: Kingambit\n|-damage|p2b: Kingambit|15\/100\n|-damage|p1b: Palafin|72\/100|[from] Recoil\n|move|p2b: Kingambit|Kowtow Cleave|p1a: Amoonguss\n|-damage|p1a: Amoonguss|0 fnt\n|faint|p1a: Amoonguss\n|\n|upkeep\n|\n|t:|1682277157\n|switch|p1a: Arcanine|Arcanine, L50, M|100\/100\n|-ability|p1a: Arcanine|Intimidate|boost\n|-unboost|p2a: Chien-Pao|atk|1\n|-unboost|p2b: Kingambit|atk|1\n|-ability|p2b: Kingambit|Defiant|boost\n|-boost|p2b: Kingambit|atk|2\n|turn|8\n|\n|t:|1682277174\n|move|p1a: Arcanine|Protect|p1a: Arcanine\n|-singleturn|p1a: Arcanine|Protect\n|move|p2b: Kingambit|Protect|p2b: Kingambit\n|-singleturn|p2b: Kingambit|Protect\n|move|p2a: Chien-Pao|Sucker Punch|p1b: Palafin\n|-damage|p1b: Palafin|41\/100\n|move|p1b: Palafin|Jet Punch|p2b: Kingambit\n|-activate|p2b: Kingambit|move: Protect\n|\n|upkeep\n|turn|9\n|inactive|gspm02 has 30 seconds left.\n|\n|t:|1682277201\n|move|p2a: Chien-Pao|Sucker Punch|p1b: Palafin\n|-damage|p1b: Palafin|8\/100\n|move|p1b: Palafin|Jet Punch|p2b: Kingambit\n|-damage|p2b: Kingambit|0 fnt\n|faint|p2b: Kingambit\n|move|p1a: Arcanine|Will-O-Wisp|p2a: Chien-Pao|[miss]\n|-miss|p1a: Arcanine|p2a: Chien-Pao\n|\n|upkeep\n|turn|10\n|\n|t:|1682277213\n|move|p1b: Palafin|Protect|p1b: Palafin\n|-singleturn|p1b: Palafin|Protect\n|move|p2a: Chien-Pao|Sucker Punch||[still]\n|-fail|p2a: Chien-Pao\n|move|p1a: Arcanine|Flare Blitz|p2a: Chien-Pao\n|-supereffective|p2a: Chien-Pao\n|-enditem|p2a: Chien-Pao|Focus Sash\n|-damage|p2a: Chien-Pao|1\/100\n|-status|p2a: Chien-Pao|brn\n|-damage|p1a: Arcanine|72\/100|[from] Recoil\n|\n|-damage|p2a: Chien-Pao|0 fnt|[from] brn\n|faint|p2a: Chien-Pao\n|\n|win|t4vr\n|upkeep\n|raw|t4vr's rating: 1128 → 1161<\/strong> (+33 for winning)\n|raw|gspm02's rating: 1238 → 1205<\/strong> (-33 for losing)\n|l|\u2606gspm02\n","uploadtime":1682277236,"views":7,"p1id":"t4vr","p2id":"gspm02","formatid":"gen9vgc2023regulationc","rating":1161,"private":0,"password":""}