{"id":"gen9vgc2023regulationc-1849676910","p1":"DrSchmoves","p2":"yDiamondx","format":"[Gen 9] VGC 2023 Regulation C","log":"|j|\u2606DrSchmoves\n|j|\u2606yDiamondx\n|t:|1682230424\n|gametype|doubles\n|player|p1|DrSchmoves|266|1192\n|player|p2|yDiamondx|juan|1201\n|teamsize|p1|6\n|teamsize|p2|6\n|gen|9\n|tier|[Gen 9] VGC 2023 Regulation C\n|rated|\n|rule|Species Clause: Limit one of each Pok\u00e9mon\n|rule|Item Clause: Limit one of each item\n|clearpoke\n|poke|p1|Flutter Mane, L50|\n|poke|p1|Gothitelle, L50, F|\n|poke|p1|Chien-Pao, L50|\n|poke|p1|Palafin, L50, M|\n|poke|p1|Amoonguss, L50, F|\n|poke|p1|Iron Hands, L50|\n|poke|p2|Palafin, L50, F|\n|poke|p2|Arcanine, L50, F|\n|poke|p2|Amoonguss, L50, F|\n|poke|p2|Ting-Lu, L50|\n|poke|p2|Flutter Mane, L50|\n|poke|p2|Chi-Yu, L50|\n|teampreview|4\n|\n|t:|1682230453\n|start\n|switch|p1a: Palafin|Palafin, L50, M|100\/100\n|switch|p1b: Iron Hands|Iron Hands, L50|100\/100\n|switch|p2a: Flutter Mane|Flutter Mane, L50|100\/100\n|switch|p2b: Chi-Yu|Chi-Yu, L50|100\/100\n|-ability|p2b: Chi-Yu|Beads of Ruin\n|turn|1\n|\n|t:|1682230485\n|-terastallize|p2a: Flutter Mane|Fairy\n|-terastallize|p1b: Iron Hands|Fire\n|move|p1a: Palafin|Protect|p1a: Palafin\n|-singleturn|p1a: Palafin|Protect\n|move|p2b: Chi-Yu|Protect|p2b: Chi-Yu\n|-singleturn|p2b: Chi-Yu|Protect\n|move|p2a: Flutter Mane|Dazzling Gleam|p1b: Iron Hands|[spread] p1b\n|-activate|p1a: Palafin|move: Protect\n|-resisted|p1b: Iron Hands\n|-damage|p1b: Iron Hands|67\/100\n|move|p1b: Iron Hands|Swords Dance|p1b: Iron Hands\n|-boost|p1b: Iron Hands|atk|2\n|\n|upkeep\n|turn|2\n|\n|t:|1682230514\n|-end|p2a: Flutter Mane|Protosynthesis|[silent]\n|switch|p2a: Ting-Lu|Ting-Lu, L50|100\/100\n|-ability|p2a: Ting-Lu|Vessel of Ruin\n|detailschange|p1a: Palafin|Palafin-Hero, L50, M\n|switch|p1a: Amoonguss|Amoonguss, L50, F|100\/100\n|move|p1b: Iron Hands|Protect|p1b: Iron Hands\n|-singleturn|p1b: Iron Hands|Protect\n|move|p2b: Chi-Yu|Will-O-Wisp|p1a: Amoonguss\n|-status|p1a: Amoonguss|brn\n|\n|-damage|p1a: Amoonguss|95\/100 brn|[from] brn\n|upkeep\n|turn|3\n|\n|t:|1682230537\n|switch|p2a: Amoonguss|Amoonguss, L50, F|100\/100\n|move|p1a: Amoonguss|Rage Powder|p1a: Amoonguss\n|-singleturn|p1a: Amoonguss|move: Rage Powder\n|move|p2b: Chi-Yu|Heat Wave|p1a: Amoonguss|[spread] p1a,p1b\n|-supereffective|p1a: Amoonguss\n|-resisted|p1b: Iron Hands\n|-crit|p1b: Iron Hands\n|-damage|p1a: Amoonguss|23\/100 brn\n|-damage|p1b: Iron Hands|43\/100\n|-enditem|p1a: Amoonguss|Wiki Berry|[eat]\n|-heal|p1a: Amoonguss|56\/100 brn|[from] item: Wiki Berry\n|-start|p1a: Amoonguss|confusion\n|move|p1b: Iron Hands|Drain Punch|p2a: Amoonguss\n|-resisted|p2a: Amoonguss\n|-damage|p2a: Amoonguss|57\/100\n|-heal|p1b: Iron Hands|64\/100|[from] drain|[of] p2a: Amoonguss\n|\n|-heal|p2a: Amoonguss|63\/100|[from] item: Leftovers\n|-damage|p1a: Amoonguss|50\/100 brn|[from] brn\n|upkeep\n|turn|4\n|\n|t:|1682230559\n|switch|p1a: Palafin|Palafin-Hero, L50, M|100\/100\n|-activate|p1a: Palafin|ability: Zero to Hero\n|move|p2b: Chi-Yu|Heat Wave|p1a: Palafin|[spread] p1a,p1b\n|-resisted|p1a: Palafin\n|-resisted|p1b: Iron Hands\n|-damage|p1a: Palafin|82\/100\n|-damage|p1b: Iron Hands|47\/100\n|move|p1b: Iron Hands|Drain Punch|p2b: Chi-Yu\n|-supereffective|p2b: Chi-Yu\n|-damage|p2b: Chi-Yu|0 fnt\n|-heal|p1b: Iron Hands|82\/100|[from] drain|[of] p2b: Chi-Yu\n|faint|p2b: Chi-Yu\n|move|p2a: Amoonguss|Spore|p1a: Palafin\n|-status|p1a: Palafin|slp|[from] move: Spore\n|\n|-heal|p2a: Amoonguss|69\/100|[from] item: Leftovers\n|upkeep\n|\n|t:|1682230572\n|switch|p2b: Ting-Lu|Ting-Lu, L50|100\/100\n|-ability|p2b: Ting-Lu|Vessel of Ruin\n|turn|5\n|\n|t:|1682230602\n|switch|p1a: Amoonguss|Amoonguss, L50, F|83\/100 brn\n|move|p1b: Iron Hands|Drain Punch|p2b: Ting-Lu\n|-supereffective|p2b: Ting-Lu\n|-damage|p2b: Ting-Lu|20\/100\n|-heal|p1b: Iron Hands|100\/100|[from] drain|[of] p2b: Ting-Lu\n|move|p2b: Ting-Lu|Fissure|p1a: Amoonguss|[miss]\n|-miss|p2b: Ting-Lu|p1a: Amoonguss\n|move|p2a: Amoonguss|Spore|p1b: Iron Hands\n|-activate|p1b: Iron Hands|item: Safety Goggles|Spore\n|\n|-heal|p2a: Amoonguss|74\/100|[from] item: Leftovers\n|-damage|p1a: Amoonguss|77\/100 brn|[from] brn\n|upkeep\n|turn|6\n|\n|t:|1682230628\n|move|p1b: Iron Hands|Protect|p1b: Iron Hands\n|-singleturn|p1b: Iron Hands|Protect\n|move|p2a: Amoonguss|Rage Powder|p2a: Amoonguss\n|-singleturn|p2a: Amoonguss|move: Rage Powder\n|move|p2b: Ting-Lu|Stomping Tantrum|p1b: Iron Hands\n|-activate|p1b: Iron Hands|move: Protect\n|move|p1a: Amoonguss|Spore|p2b: Ting-Lu\n|-status|p2b: Ting-Lu|slp|[from] move: Spore\n|\n|-heal|p2a: Amoonguss|80\/100|[from] item: Leftovers\n|-damage|p1a: Amoonguss|72\/100 brn|[from] brn\n|upkeep\n|turn|7\n|-message|yDiamondx forfeited.\n|\n|win|DrSchmoves\n|raw|DrSchmoves's rating: 1192 → 1218<\/strong> (+26 for winning)\n|raw|yDiamondx's rating: 1201 → 1175<\/strong> (-26 for losing)\n|l|\u2606yDiamondx\n","uploadtime":1682230737,"views":14,"p1id":"drschmoves","p2id":"ydiamondx","formatid":"gen9vgc2023regulationc","rating":1175,"private":0,"password":""}