{"id":"gen9vgc2023regulationc-1857418961","p1":"zanmy91","p2":"haha you rage quit","format":"[Gen 9] VGC 2023 Regulation C","log":"|j|\u2606zanmy91\n|j|\u2606haha you rage quit\n|t:|1683190035\n|gametype|doubles\n|player|p1|zanmy91|roughneck|1228\n|player|p2|haha you rage quit|pokemaniac|1264\n|teamsize|p1|6\n|teamsize|p2|6\n|gen|9\n|tier|[Gen 9] VGC 2023 Regulation C\n|rated|\n|rule|Species Clause: Limit one of each Pok\u00e9mon\n|rule|Item Clause: Limit one of each item\n|clearpoke\n|poke|p1|Gyarados, L50, F|\n|poke|p1|Iron Hands, L50|\n|poke|p1|Flutter Mane, L50|\n|poke|p1|Orthworm, L50, F|\n|poke|p1|Dragonite, L50, F|\n|poke|p1|Ting-Lu, L50|\n|poke|p2|Flutter Mane, L50|\n|poke|p2|Chi-Yu, L50|\n|poke|p2|Baxcalibur, L50, M|\n|poke|p2|Gholdengo, L50|\n|poke|p2|Iron Bundle, L50|\n|poke|p2|Murkrow, L50, M|\n|teampreview|4\n|\n|t:|1683190070\n|start\n|switch|p1a: Orthworm|Orthworm, L50, F|100\/100\n|switch|p1b: Iron Hands|Iron Hands, L50|100\/100\n|switch|p2a: Baxcalibur|Baxcalibur, L50, M|100\/100\n|switch|p2b: Murkrow|Murkrow, L50, M|100\/100\n|turn|1\n|\n|t:|1683190108\n|move|p2b: Murkrow|Protect|p2b: Murkrow\n|-singleturn|p2b: Murkrow|Protect\n|move|p1b: Iron Hands|Fake Out|p2a: Baxcalibur\n|-damage|p2a: Baxcalibur|86\/100\n|cant|p2a: Baxcalibur|flinch\n|move|p1a: Orthworm|Shed Tail|p1a: Orthworm\n|-start|p1a: Orthworm|Substitute|[from] move: Shed Tail\n|-damage|p1a: Orthworm|50\/100\n|-enditem|p1a: Orthworm|Sitrus Berry|[eat]\n|-heal|p1a: Orthworm|75\/100|[from] item: Sitrus Berry\n|\n|t:|1683190120\n|switch|p1a: Dragonite|Dragonite, L50, F|100\/100|[from] Shed Tail\n|\n|upkeep\n|turn|2\n|\n|t:|1683190138\n|move|p2b: Murkrow|Tailwind|p2b: Murkrow\n|-sidestart|p2: haha you rage quit|move: Tailwind\n|move|p2a: Baxcalibur|Glaive Rush|p1b: Iron Hands\n|-damage|p1b: Iron Hands|55\/100\n|-singlemove|p2a: Baxcalibur|Glaive Rush|[silent]\n|move|p1a: Dragonite|Tailwind|p1a: Dragonite\n|-sidestart|p1: zanmy91|move: Tailwind\n|move|p1b: Iron Hands|Wild Charge|p2b: Murkrow\n|-supereffective|p2b: Murkrow\n|-enditem|p2b: Murkrow|Focus Sash\n|-damage|p2b: Murkrow|1\/100\n|-damage|p1b: Iron Hands|38\/100|[from] Recoil\n|\n|upkeep\n|turn|3\n|\n|t:|1683190163\n|-end|p1b: Iron Hands|Quark Drive|[silent]\n|switch|p1b: Orthworm|Orthworm, L50, F|75\/100\n|move|p2a: Baxcalibur|Protect|p2a: Baxcalibur\n|-singleturn|p2a: Baxcalibur|Protect\n|move|p2b: Murkrow|Foul Play|p1b: Orthworm\n|-damage|p1b: Orthworm|62\/100\n|move|p1a: Dragonite|Earthquake|p2a: Baxcalibur|[spread] \n|-activate|p2a: Baxcalibur|move: Protect\n|-heal|p1b: Orthworm|86\/100|[from] ability: Earth Eater|[of] p1a: Dragonite\n|-immune|p2b: Murkrow\n|\n|upkeep\n|turn|4\n|\n|t:|1683190187\n|move|p2b: Murkrow|Protect|p2b: Murkrow\n|-singleturn|p2b: Murkrow|Protect\n|move|p1a: Dragonite|Earthquake|p2b: Murkrow|[spread] p2a\n|-activate|p2b: Murkrow|move: Protect\n|-heal|p1b: Orthworm|100\/100|[from] ability: Earth Eater|[of] p1a: Dragonite\n|-damage|p2a: Baxcalibur|59\/100\n|move|p2a: Baxcalibur|Icicle Spear|p1a: Dragonite\n|-supereffective|p1a: Dragonite\n|-end|p1a: Dragonite|Substitute\n|-supereffective|p1a: Dragonite\n|-crit|p1a: Dragonite\n|-damage|p1a: Dragonite|50\/100\n|-supereffective|p1a: Dragonite\n|-damage|p1a: Dragonite|0 fnt\n|faint|p1a: Dragonite\n|-hitcount|p1: Dragonite|3\n|move|p1b: Orthworm|Body Press|p2b: Murkrow\n|-activate|p2b: Murkrow|move: Protect\n|\n|upkeep\n|\n|t:|1683190209\n|switch|p1a: Iron Hands|Iron Hands, L50|38\/100\n|turn|5\n|\n|t:|1683190222\n|switch|p2b: Iron Bundle|Iron Bundle, L50, shiny|100\/100\n|move|p2a: Baxcalibur|Protect|p2a: Baxcalibur\n|-singleturn|p2a: Baxcalibur|Protect\n|move|p1a: Iron Hands|Fake Out|p2a: Baxcalibur\n|-activate|p2a: Baxcalibur|move: Protect\n|move|p1b: Orthworm|Body Press|p2b: Iron Bundle\n|-supereffective|p2b: Iron Bundle\n|-damage|p2b: Iron Bundle|21\/100\n|\n|-sideend|p1: zanmy91|move: Tailwind\n|-sideend|p2: haha you rage quit|move: Tailwind\n|upkeep\n|turn|6\n|\n|t:|1683190243\n|move|p2b: Iron Bundle|Protect|p2b: Iron Bundle\n|-singleturn|p2b: Iron Bundle|Protect\n|move|p1b: Orthworm|Protect|p1b: Orthworm\n|-singleturn|p1b: Orthworm|Protect\n|move|p2a: Baxcalibur|Glaive Rush|p1a: Iron Hands\n|-damage|p1a: Iron Hands|0 fnt\n|-singlemove|p2a: Baxcalibur|Glaive Rush|[silent]\n|faint|p1a: Iron Hands\n|-end|p1a: Iron Hands|Quark Drive|[silent]\n|\n|upkeep\n|\n|t:|1683190253\n|switch|p1a: Ting-Lu|Ting-Lu, L50|100\/100\n|-ability|p1a: Ting-Lu|Vessel of Ruin\n|turn|7\n|\n|t:|1683190278\n|move|p2a: Baxcalibur|Protect|p2a: Baxcalibur\n|-singleturn|p2a: Baxcalibur|Protect\n|move|p2b: Iron Bundle|Hydro Pump|p1a: Ting-Lu\n|-supereffective|p1a: Ting-Lu\n|-damage|p1a: Ting-Lu|23\/100\n|-damage|p2b: Iron Bundle|11\/100|[from] item: Life Orb\n|move|p1b: Orthworm|Iron Defense|p1b: Orthworm\n|-boost|p1b: Orthworm|def|2\n|move|p1a: Ting-Lu|Earthquake|p2b: Iron Bundle|[spread] p2b\n|-activate|p2a: Baxcalibur|move: Protect\n|-immune|p1b: Orthworm|[from] ability: Earth Eater\n|-crit|p2b: Iron Bundle\n|-damage|p2b: Iron Bundle|0 fnt\n|faint|p2b: Iron Bundle\n|-end|p2b: Iron Bundle|Quark Drive|[silent]\n|\n|upkeep\n|\n|t:|1683190312\n|switch|p2b: Chi-Yu|Chi-Yu, L50|100\/100\n|-ability|p2b: Chi-Yu|Beads of Ruin\n|turn|8\n|\n|t:|1683190324\n|-terastallize|p2b: Chi-Yu|Ghost\n|-terastallize|p1b: Orthworm|Ghost\n|move|p2b: Chi-Yu|Nasty Plot|p2b: Chi-Yu\n|-boost|p2b: Chi-Yu|spa|2\n|move|p2a: Baxcalibur|Icicle Spear|p1a: Ting-Lu\n|-supereffective|p1a: Ting-Lu\n|-damage|p1a: Ting-Lu|7\/100\n|-supereffective|p1a: Ting-Lu\n|-damage|p1a: Ting-Lu|0 fnt\n|faint|p1a: Ting-Lu\n|-hitcount|p1: Ting-Lu|2\n|move|p1b: Orthworm|Body Press|p2b: Chi-Yu\n|-immune|p2b: Chi-Yu\n|\n|upkeep\n|turn|9\n|-message|zanmy91 forfeited.\n|\n|win|haha you rage quit\n|raw|zanmy91's rating: 1228 → 1206<\/strong> (-22 for losing)\n|raw|haha you rage quit's rating: 1264 → 1286<\/strong> (+22 for winning)\n|l|\u2606zanmy91\n","uploadtime":1683190368,"views":11,"p1id":"zanmy91","p2id":"hahayouragequit","formatid":"gen9vgc2023regulationc","rating":1206,"private":0,"password":""}