{"id":"gen9vgc2023regulationc-1851182579","p1":"RangerCiano","p2":"hysaaron","format":"[Gen 9] VGC 2023 Regulation C","log":"|j|\u2606RangerCiano\n|j|\u2606hysaaron\n|t:|1682422056\n|gametype|doubles\n|player|p1|RangerCiano|1|1229\n|player|p2|hysaaron|101|1253\n|teamsize|p1|6\n|teamsize|p2|6\n|gen|9\n|tier|[Gen 9] VGC 2023 Regulation C\n|rated|\n|rule|Species Clause: Limit one of each Pok\u00e9mon\n|rule|Item Clause: Limit one of each item\n|clearpoke\n|poke|p1|Roaring Moon, L50|\n|poke|p1|Tatsugiri, L50, F|\n|poke|p1|Tyranitar, L50, M|\n|poke|p1|Wo-Chien, L50|\n|poke|p1|Talonflame, L50, F|\n|poke|p1|Flutter Mane, L50|\n|poke|p2|Talonflame, L50, F|\n|poke|p2|Magnezone, L50|\n|poke|p2|Great Tusk, L50|\n|poke|p2|Gyarados, L50, M|\n|poke|p2|Amoonguss, L50, F|\n|poke|p2|Ting-Lu, L50|\n|teampreview|4\n|inactive|Battle timer is ON: inactive players will automatically lose when time's up. (requested by hysaaron)\n|inactive|RangerCiano has 60 seconds left.\n|inactive|hysaaron has 60 seconds left.\n|\n|t:|1682422110\n|start\n|switch|p1a: Talonflame|Talonflame, L50, F|100\/100\n|switch|p1b: Flutter Mane|Flutter Mane, L50|100\/100\n|switch|p2a: Talonflame|Talonflame, L50, F, shiny|100\/100\n|switch|p2b: Great Tusk|Great Tusk, L50, shiny|100\/100\n|turn|1\n|inactive|RangerCiano has 30 seconds left.\n|inactive|hysaaron has 30 seconds left.\n|inactive|RangerCiano has 20 seconds left.\n|\n|t:|1682422147\n|-terastallize|p2b: Great Tusk|Fire\n|move|p2a: Talonflame|Tailwind|p2a: Talonflame\n|-sidestart|p2: hysaaron|move: Tailwind\n|move|p2b: Great Tusk|Rock Slide|p1b: Flutter Mane|[spread] p1a,p1b\n|-supereffective|p1a: Talonflame\n|-damage|p1a: Talonflame|0 fnt\n|-damage|p1b: Flutter Mane|62\/100\n|faint|p1a: Talonflame\n|cant|p1b: Flutter Mane|flinch\n|\n|upkeep\n|\n|t:|1682422164\n|switch|p1a: Wo-Chien|Wo-Chien, L50|100\/100\n|-ability|p1a: Wo-Chien|Tablets of Ruin\n|turn|2\n|\n|t:|1682422180\n|move|p2b: Great Tusk|Rock Slide|p1b: Flutter Mane|[spread] p1a,p1b\n|-damage|p1a: Wo-Chien|86\/100\n|-damage|p1b: Flutter Mane|31\/100\n|move|p2a: Talonflame|Taunt|p1a: Wo-Chien\n|-start|p1a: Wo-Chien|move: Taunt\n|move|p1b: Flutter Mane|Dazzling Gleam|p2a: Talonflame|[spread] p2a,p2b\n|-resisted|p2a: Talonflame\n|-crit|p2a: Talonflame\n|-resisted|p2b: Great Tusk\n|-damage|p2a: Talonflame|66\/100\n|-damage|p2b: Great Tusk|68\/100\n|cant|p1a: Wo-Chien|move: Taunt|Leech Seed\n|\n|-heal|p1a: Wo-Chien|92\/100|[from] item: Leftovers\n|upkeep\n|turn|3\n|\n|t:|1682422202\n|switch|p1a: Tyranitar|Tyranitar, L50, M|100\/100\n|-weather|Sandstorm|[from] ability: Sand Stream|[of] p1a: Tyranitar\n|move|p2b: Great Tusk|Rock Slide|p1a: Tyranitar|[spread] p1a,p1b\n|-damage|p1a: Tyranitar|86\/100\n|-damage|p1b: Flutter Mane|0 fnt\n|faint|p1b: Flutter Mane\n|-end|p1b: Flutter Mane|Protosynthesis|[silent]\n|move|p2a: Talonflame|Brave Bird|p1a: Tyranitar\n|-resisted|p1a: Tyranitar\n|-damage|p1a: Tyranitar|71\/100\n|-damage|p2a: Talonflame|61\/100|[from] Recoil\n|\n|-weather|Sandstorm|[upkeep]\n|-damage|p2b: Great Tusk|62\/100|[from] Sandstorm\n|-damage|p2a: Talonflame|55\/100|[from] Sandstorm\n|upkeep\n|\n|t:|1682422217\n|switch|p1b: Wo-Chien|Wo-Chien, L50|92\/100\n|-ability|p1b: Wo-Chien|Tablets of Ruin\n|turn|4\n|inactive|hysaaron has 30 seconds left.\n|inactive|hysaaron has 20 seconds left.\n|\n|t:|1682422253\n|-end|p2b: Great Tusk|Protosynthesis|[silent]\n|switch|p2b: Gyarados|Gyarados, L50, M, shiny|100\/100\n|-ability|p2b: Gyarados|Intimidate|boost\n|-unboost|p1a: Tyranitar|atk|1\n|-unboost|p1b: Wo-Chien|atk|1\n|move|p1b: Wo-Chien|Protect|p1b: Wo-Chien\n|-singleturn|p1b: Wo-Chien|Protect\n|move|p2a: Talonflame|Will-O-Wisp|p1a: Tyranitar\n|-status|p1a: Tyranitar|brn\n|move|p1a: Tyranitar|Rock Slide|p2a: Talonflame|[spread] p2a,p2b\n|-supereffective|p2a: Talonflame\n|-supereffective|p2b: Gyarados\n|-damage|p2a: Talonflame|23\/100\n|-damage|p2b: Gyarados|85\/100\n|\n|-weather|Sandstorm|[upkeep]\n|-damage|p2a: Talonflame|17\/100|[from] Sandstorm\n|-damage|p2b: Gyarados|79\/100|[from] Sandstorm\n|-damage|p1b: Wo-Chien|86\/100|[from] Sandstorm\n|-heal|p1b: Wo-Chien|92\/100|[from] item: Leftovers\n|-damage|p1a: Tyranitar|65\/100 brn|[from] brn\n|-sideend|p2: hysaaron|move: Tailwind\n|upkeep\n|turn|5\n|inactive|RangerCiano has 30 seconds left.\n|inactive|hysaaron has 30 seconds left.\n|inactive|RangerCiano has 20 seconds left.\n|inactive|hysaaron has 20 seconds left.\n|inactive|RangerCiano has 15 seconds left.\n|inactive|hysaaron has 15 seconds left.\n|inactive|RangerCiano has 10 seconds left.\n|\n|t:|1682422302\n|move|p2a: Talonflame|Brave Bird|p1b: Wo-Chien\n|-supereffective|p1b: Wo-Chien\n|-damage|p1b: Wo-Chien|32\/100\n|-damage|p2a: Talonflame|0 fnt|[from] Recoil\n|faint|p2a: Talonflame\n|move|p2b: Gyarados|Thunder Wave|p1b: Wo-Chien\n|-status|p1b: Wo-Chien|par\n|move|p1a: Tyranitar|Rock Slide|p2b: Gyarados\n|-supereffective|p2b: Gyarados\n|-damage|p2b: Gyarados|60\/100\n|move|p1b: Wo-Chien|Leech Seed|p2b: Gyarados\n|-start|p2b: Gyarados|move: Leech Seed\n|\n|-weather|Sandstorm|[upkeep]\n|-damage|p2b: Gyarados|54\/100|[from] Sandstorm\n|-damage|p1b: Wo-Chien|27\/100 par|[from] Sandstorm\n|-heal|p1b: Wo-Chien|32\/100 par|[from] item: Leftovers\n|-damage|p2b: Gyarados|42\/100|[from] Leech Seed|[of] p1b: Wo-Chien\n|-heal|p1b: Wo-Chien|45\/100 par|[silent]\n|-damage|p1a: Tyranitar|59\/100 brn|[from] brn\n|upkeep\n|-enditem|p2b: Gyarados|Sitrus Berry|[eat]\n|-heal|p2b: Gyarados|67\/100|[from] item: Sitrus Berry\n|inactive|hysaaron has 30 seconds left.\n|\n|t:|1682422332\n|switch|p2a: Great Tusk|Great Tusk, L50, shiny, tera:Fire|62\/100\n|turn|6\n|\n|t:|1682422349\n|switch|p2b: Magnezone|Magnezone, L50, shiny|100\/100\n|move|p1b: Wo-Chien|Protect|p1b: Wo-Chien\n|-singleturn|p1b: Wo-Chien|Protect\n|move|p2a: Great Tusk|Close Combat|p1a: Tyranitar\n|-supereffective|p1a: Tyranitar\n|-damage|p1a: Tyranitar|0 fnt\n|-unboost|p2a: Great Tusk|def|1\n|-unboost|p2a: Great Tusk|spd|1\n|faint|p1a: Tyranitar\n|\n|-weather|Sandstorm|[upkeep]\n|-damage|p2a: Great Tusk|56\/100|[from] Sandstorm\n|-damage|p1b: Wo-Chien|39\/100 par|[from] Sandstorm\n|-heal|p1b: Wo-Chien|45\/100 par|[from] item: Leftovers\n|upkeep\n|turn|7\n|-message|RangerCiano forfeited.\n|\n|win|hysaaron\n|raw|RangerCiano's rating: 1229 → 1206<\/strong> (-23 for losing)\n|raw|hysaaron's rating: 1253 → 1276<\/strong> (+23 for winning)\n|l|\u2606RangerCiano\n","uploadtime":1682422367,"views":7,"p1id":"rangerciano","p2id":"hysaaron","formatid":"gen9vgc2023regulationc","rating":1206,"private":0,"password":""}