{"id":"gen9vgc2023regulationc-1850321585","p1":"blazikenmask97","p2":"BAC BrickWork","format":"[Gen 9] VGC 2023 Regulation C","log":"|j|\u2606blazikenmask97\n|j|\u2606BAC BrickWork\n|t:|1682317773\n|gametype|doubles\n|player|p1|blazikenmask97|170|1678\n|player|p2|BAC BrickWork|266|1604\n|teamsize|p1|6\n|teamsize|p2|6\n|gen|9\n|tier|[Gen 9] VGC 2023 Regulation C\n|rated|\n|rule|Species Clause: Limit one of each Pok\u00e9mon\n|rule|Item Clause: Limit one of each item\n|clearpoke\n|poke|p1|Flutter Mane, L50|\n|poke|p1|Chi-Yu, L50|\n|poke|p1|Murkrow, L50, M|\n|poke|p1|Dragapult, L50, M|\n|poke|p1|Iron Bundle, L50|\n|poke|p1|Great Tusk, L50|\n|poke|p2|Roaring Moon, L50|\n|poke|p2|Arcanine, L50, F|\n|poke|p2|Palafin, L50, F|\n|poke|p2|Amoonguss, L50, F|\n|poke|p2|Ting-Lu, L50|\n|poke|p2|Flutter Mane, L50|\n|teampreview|4\n|inactive|Battle timer is ON: inactive players will automatically lose when time's up. (requested by blazikenmask97)\n|\n|t:|1682317785\n|start\n|switch|p1a: Iron Bundle|Iron Bundle, L50|100\/100\n|switch|p1b: Great Tusk|Great Tusk, L50|100\/100\n|switch|p2a: Roaring Moon|Roaring Moon, L50|100\/100\n|switch|p2b: Palafin|Palafin, L50, F|100\/100\n|-enditem|p1a: Iron Bundle|Booster Energy\n|-activate|p1a: Iron Bundle|ability: Quark Drive|[fromitem]\n|-start|p1a: Iron Bundle|quarkdrivespe\n|-enditem|p2a: Roaring Moon|Booster Energy\n|-activate|p2a: Roaring Moon|ability: Protosynthesis|[fromitem]\n|-start|p2a: Roaring Moon|protosynthesisatk\n|turn|1\n|\n|t:|1682317793\n|detailschange|p2b: Palafin|Palafin-Hero, L50, F\n|switch|p2b: Ting-Lu|Ting-Lu, L50|100\/100\n|-ability|p2b: Ting-Lu|Vessel of Ruin\n|-terastallize|p2a: Roaring Moon|Flying\n|move|p1b: Great Tusk|Protect|p1b: Great Tusk\n|-singleturn|p1b: Great Tusk|Protect\n|move|p1a: Iron Bundle|Icy Wind|p2a: Roaring Moon|[spread] p2a,p2b\n|-supereffective|p2a: Roaring Moon\n|-supereffective|p2b: Ting-Lu\n|-damage|p2a: Roaring Moon|79\/100\n|-damage|p2b: Ting-Lu|87\/100\n|-unboost|p2a: Roaring Moon|spe|1\n|-unboost|p2b: Ting-Lu|spe|1\n|move|p2a: Roaring Moon|Acrobatics|p1a: Iron Bundle\n|-damage|p1a: Iron Bundle|0 fnt\n|faint|p1a: Iron Bundle\n|-end|p1a: Iron Bundle|Quark Drive|[silent]\n|\n|upkeep\n|\n|t:|1682317810\n|switch|p1a: Murkrow|Murkrow, L50, M|100\/100\n|turn|2\n|inactive|BAC BrickWork has 30 seconds left.\n|\n|t:|1682317836\n|move|p1a: Murkrow|Brave Bird|p2a: Roaring Moon\n|-damage|p2a: Roaring Moon|27\/100\n|-damage|p1a: Murkrow|74\/100|[from] Recoil\n|move|p1b: Great Tusk|Rock Slide|p2a: Roaring Moon|[spread] p2a,p2b\n|-supereffective|p2a: Roaring Moon\n|-resisted|p2b: Ting-Lu\n|-damage|p2a: Roaring Moon|0 fnt\n|-damage|p2b: Ting-Lu|81\/100\n|faint|p2a: Roaring Moon\n|-end|p2a: Roaring Moon|Protosynthesis|[silent]\n|move|p2b: Ting-Lu|Ruination|p1b: Great Tusk|[miss]\n|-miss|p2b: Ting-Lu|p1b: Great Tusk\n|\n|upkeep\n|\n|t:|1682317842\n|switch|p2a: Palafin|Palafin-Hero, L50, F|100\/100\n|-activate|p2a: Palafin|ability: Zero to Hero\n|turn|3\n|inactive|blazikenmask97 has 30 seconds left.\n|\n|t:|1682317875\n|move|p1a: Murkrow|Sunny Day|p1a: Murkrow\n|-weather|SunnyDay\n|-activate|p1b: Great Tusk|ability: Protosynthesis\n|-start|p1b: Great Tusk|protosynthesisatk\n|move|p2a: Palafin|Jet Punch|p1a: Murkrow\n|-damage|p1a: Murkrow|13\/100\n|move|p1b: Great Tusk|Close Combat|p2b: Ting-Lu\n|-supereffective|p2b: Ting-Lu\n|-damage|p2b: Ting-Lu|0 fnt\n|-unboost|p1b: Great Tusk|def|1\n|-unboost|p1b: Great Tusk|spd|1\n|faint|p2b: Ting-Lu\n|\n|-weather|SunnyDay|[upkeep]\n|upkeep\n|\n|t:|1682317883\n|switch|p2b: Flutter Mane|Flutter Mane, L50|100\/100\n|-activate|p2b: Flutter Mane|ability: Protosynthesis\n|-start|p2b: Flutter Mane|protosynthesisspe\n|turn|4\n|inactive|blazikenmask97 has 30 seconds left.\n|\n|t:|1682317910\n|move|p1a: Murkrow|Quash|p2b: Flutter Mane\n|-activate|p2b: Flutter Mane|move: Quash\n|move|p2a: Palafin|Jet Punch|p1b: Great Tusk\n|-supereffective|p1b: Great Tusk\n|-damage|p1b: Great Tusk|46\/100\n|move|p1b: Great Tusk|Headlong Rush|p2b: Flutter Mane\n|-damage|p2b: Flutter Mane|0 fnt\n|-unboost|p1b: Great Tusk|def|1\n|-unboost|p1b: Great Tusk|spd|1\n|faint|p2b: Flutter Mane\n|-end|p2b: Flutter Mane|Protosynthesis|[silent]\n|\n|-weather|SunnyDay|[upkeep]\n|upkeep\n|turn|5\n|\n|t:|1682317926\n|move|p1a: Murkrow|Quash|p2a: Palafin\n|-activate|p2a: Palafin|move: Quash\n|move|p1b: Great Tusk|Headlong Rush|p2a: Palafin\n|-damage|p2a: Palafin|31\/100\n|-unboost|p1b: Great Tusk|def|1\n|-unboost|p1b: Great Tusk|spd|1\n|move|p2a: Palafin|Jet Punch|p1a: Murkrow\n|-damage|p1a: Murkrow|0 fnt\n|faint|p1a: Murkrow\n|\n|-weather|SunnyDay|[upkeep]\n|upkeep\n|\n|t:|1682317935\n|switch|p1a: Chi-Yu|Chi-Yu, L50|100\/100\n|-ability|p1a: Chi-Yu|Beads of Ruin\n|turn|6\n|inactive|BAC BrickWork has 30 seconds left.\n|\n|t:|1682317961\n|-terastallize|p1b: Great Tusk|Steel\n|move|p2a: Palafin|Protect|p2a: Palafin\n|-singleturn|p2a: Palafin|Protect\n|move|p1a: Chi-Yu|Dark Pulse|p2a: Palafin\n|-activate|p2a: Palafin|move: Protect\n|move|p1b: Great Tusk|Headlong Rush|p2a: Palafin\n|-activate|p2a: Palafin|move: Protect\n|\n|-weather|SunnyDay|[upkeep]\n|upkeep\n|turn|7\n|\n|t:|1682317966\n|move|p2a: Palafin|Jet Punch|p1b: Great Tusk\n|-damage|p1b: Great Tusk|0 fnt\n|faint|p1b: Great Tusk\n|-end|p1b: Great Tusk|Protosynthesis|[silent]\n|move|p1a: Chi-Yu|Dark Pulse|p2a: Palafin\n|-damage|p2a: Palafin|0 fnt\n|faint|p2a: Palafin\n|\n|win|blazikenmask97\n|raw|blazikenmask97's rating: 1678 → 1694<\/strong> (+16 for winning)\n|raw|BAC BrickWork's rating: 1604 → 1588<\/strong> (-16 for losing)\n|l|\u2606blazikenmask97\n","uploadtime":1682317981,"views":57,"p1id":"blazikenmask97","p2id":"bacbrickwork","formatid":"gen9vgc2023regulationc","rating":1588,"private":0,"password":""}