{"id":"gen9vgc2023regulationc-1856301134","p1":"vrumvrumnatal","p2":"Scafato92","format":"[Gen 9] VGC 2023 Regulation C","log":"|j|\u2606vrumvrumnatal\n|j|\u2606Scafato92\n|t:|1683048950\n|gametype|doubles\n|player|p1|vrumvrumnatal|102|1308\n|player|p2|Scafato92|169|1381\n|teamsize|p1|6\n|teamsize|p2|6\n|gen|9\n|tier|[Gen 9] VGC 2023 Regulation C\n|rated|\n|rule|Species Clause: Limit one of each Pok\u00e9mon\n|rule|Item Clause: Limit one of each item\n|clearpoke\n|poke|p1|Chien-Pao, L50|\n|poke|p1|Dragonite, L50, M|\n|poke|p1|Kingambit, L50, F|\n|poke|p1|Gyarados, L50, M|\n|poke|p1|Great Tusk, L50|\n|poke|p1|Flutter Mane, L50|\n|poke|p2|Murkrow, L50, M|\n|poke|p2|Chi-Yu, L50|\n|poke|p2|Flutter Mane, L50|\n|poke|p2|Great Tusk, L50|\n|poke|p2|Brute Bonnet, L50|\n|poke|p2|Corviknight, L50, M|\n|teampreview|4\n|inactive|Battle timer is ON: inactive players will automatically lose when time's up. (requested by Scafato92)\n|\n|t:|1683048994\n|start\n|switch|p1a: Gyarados|Gyarados, L50, M, shiny|100\/100\n|switch|p1b: Great Tusk|Great Tusk, L50|100\/100\n|switch|p2a: Corviknight|Corviknight, L50, M|100\/100\n|switch|p2b: Murkrow|Murkrow, L50, M, shiny|100\/100\n|-ability|p1a: Gyarados|Intimidate|boost\n|-ability|p2a: Corviknight|Mirror Armor\n|-unboost|p1a: Gyarados|atk|1\n|-unboost|p2b: Murkrow|atk|1\n|turn|1\n|\n|t:|1683049016\n|-terastallize|p1b: Great Tusk|Steel\n|move|p2b: Murkrow|Tailwind|p2b: Murkrow\n|-sidestart|p2: Scafato92|move: Tailwind\n|move|p2a: Corviknight|U-turn|p1b: Great Tusk\n|-resisted|p1b: Great Tusk\n|-damage|p1b: Great Tusk|89\/100\n|\n|t:|1683049030\n|switch|p2a: Flutter Mane|Flutter Mane, L50|100\/100|[from] U-turn\n|move|p1b: Great Tusk|Rock Slide|p2b: Murkrow|[spread] p2a,p2b\n|-supereffective|p2b: Murkrow\n|-damage|p2a: Flutter Mane|59\/100\n|-damage|p2b: Murkrow|56\/100\n|move|p1a: Gyarados|Taunt|p2b: Murkrow\n|-start|p2b: Murkrow|move: Taunt\n|\n|upkeep\n|turn|2\n|\n|t:|1683049048\n|move|p2a: Flutter Mane|Shadow Ball|p1b: Great Tusk\n|-damage|p1b: Great Tusk|0 fnt\n|faint|p1b: Great Tusk\n|-end|p1b: Great Tusk|Protosynthesis|[silent]\n|move|p2b: Murkrow|Foul Play|p1a: Gyarados\n|-damage|p1a: Gyarados|76\/100\n|move|p1a: Gyarados|Waterfall|p2a: Flutter Mane\n|-damage|p2a: Flutter Mane|20\/100\n|\n|-heal|p1a: Gyarados|82\/100|[from] item: Leftovers\n|upkeep\n|\n|t:|1683049062\n|switch|p1b: Chien-Pao|Chien-Pao, L50|100\/100\n|-ability|p1b: Chien-Pao|Sword of Ruin\n|turn|3\n|\n|t:|1683049069\n|-end|p2a: Flutter Mane|Protosynthesis|[silent]\n|switch|p2a: Corviknight|Corviknight, L50, M|100\/100\n|move|p1b: Chien-Pao|Sucker Punch||[still]\n|-fail|p1b: Chien-Pao\n|move|p2b: Murkrow|Foul Play|p1b: Chien-Pao\n|-resisted|p1b: Chien-Pao\n|-damage|p1b: Chien-Pao|70\/100\n|move|p1a: Gyarados|Waterfall|p2b: Murkrow\n|-damage|p2b: Murkrow|27\/100\n|\n|-heal|p1a: Gyarados|88\/100|[from] item: Leftovers\n|upkeep\n|turn|4\n|\n|t:|1683049088\n|switch|p1a: Dragonite|Dragonite, L50, M|100\/100\n|move|p2b: Murkrow|Foul Play|p1a: Dragonite\n|-damage|p1a: Dragonite|66\/100\n|move|p2a: Corviknight|U-turn|p1b: Chien-Pao\n|-supereffective|p1b: Chien-Pao\n|-damage|p1b: Chien-Pao|0 fnt\n|faint|p1b: Chien-Pao\n|\n|t:|1683049098\n|switch|p2a: Flutter Mane|Flutter Mane, L50|20\/100|[from] U-turn\n|\n|-end|p2b: Murkrow|move: Taunt\n|-sideend|p2: Scafato92|move: Tailwind\n|upkeep\n|\n|t:|1683049103\n|switch|p1b: Gyarados|Gyarados, L50, M, shiny|88\/100\n|-ability|p1b: Gyarados|Intimidate|boost\n|-unboost|p2a: Flutter Mane|atk|1\n|-unboost|p2b: Murkrow|atk|1\n|turn|5\n|\n|t:|1683049115\n|-terastallize|p2a: Flutter Mane|Fairy\n|move|p1a: Dragonite|Extreme Speed|p2b: Murkrow\n|-damage|p2b: Murkrow|0 fnt\n|faint|p2b: Murkrow\n|move|p2a: Flutter Mane|Dazzling Gleam|p1a: Dragonite|[spread] p1a,p1b\n|-supereffective|p1a: Dragonite\n|-damage|p1a: Dragonite|0 fnt\n|-damage|p1b: Gyarados|41\/100\n|faint|p1a: Dragonite\n|move|p1b: Gyarados|Waterfall|p2a: Flutter Mane\n|-damage|p2a: Flutter Mane|0 fnt\n|faint|p2a: Flutter Mane\n|-end|p2a: Flutter Mane|Protosynthesis|[silent]\n|\n|-heal|p1b: Gyarados|47\/100|[from] item: Leftovers\n|upkeep\n|inactive|Scafato92 has 30 seconds left.\n|\n|t:|1683049142\n|switch|p2a: Corviknight|Corviknight, L50, M|100\/100\n|switch|p2b: Chi-Yu|Chi-Yu, L50|100\/100\n|-ability|p2b: Chi-Yu|Beads of Ruin\n|turn|6\n|\n|t:|1683049158\n|move|p2b: Chi-Yu|Dark Pulse|p1b: Gyarados\n|-crit|p1b: Gyarados\n|-damage|p1b: Gyarados|0 fnt\n|faint|p1b: Gyarados\n|-damage|p2b: Chi-Yu|90\/100|[from] item: Life Orb\n|\n|win|Scafato92\n|raw|vrumvrumnatal's rating: 1308 → 1292<\/strong> (-16 for losing)\n|raw|Scafato92's rating: 1381 → 1397<\/strong> (+16 for winning)\n|l|\u2606Scafato92\n","uploadtime":1683049177,"views":21,"p1id":"vrumvrumnatal","p2id":"scafato92","formatid":"gen9vgc2023regulationc","rating":1292,"private":0,"password":""}