{"id":"gen9vgc2023regulationc-1861722987","p1":"PokemonOG92 #4489","p2":"Requiem887","format":"[Gen 9] VGC 2023 Regulation C","log":"|j|\u2606PokemonOG92 #4489\n|j|\u2606Requiem887\n|t:|1683800173\n|gametype|doubles\n|player|p1|PokemonOG92 #4489|hilbert|1057\n|player|p2|Requiem887|sage|1037\n|teamsize|p1|6\n|teamsize|p2|6\n|gen|9\n|tier|[Gen 9] VGC 2023 Regulation C\n|rated|\n|rule|Species Clause: Limit one of each Pok\u00e9mon\n|rule|Item Clause: Limit one of each item\n|clearpoke\n|poke|p1|Cryogonal, L50|\n|poke|p1|Lycanroc-Midnight, L50, F|\n|poke|p1|Espathra, L50, F|\n|poke|p1|Amoonguss, L50, M|\n|poke|p1|Indeedee-F, L50, F|\n|poke|p1|Flutter Mane, L50|\n|poke|p2|Dondozo, L50, M|\n|poke|p2|Tatsugiri, L50, M|\n|poke|p2|Golduck, L50, M|\n|poke|p2|Chi-Yu, L50|\n|poke|p2|Wo-Chien, L50|\n|poke|p2|Kingambit, L50, F|\n|teampreview|4\n|inactive|Battle timer is ON: inactive players will automatically lose when time's up. (requested by Requiem887)\n|inactive|PokemonOG92 #4489 also wants the timer to be on.\n|\n|t:|1683800194\n|start\n|switch|p1a: Espathra|Espathra, L50, F|100\/100\n|switch|p1b: Lycanroc|Lycanroc-Midnight, L50, F|100\/100\n|switch|p2a: Dondozo|Dondozo, L50, M|100\/100\n|switch|p2b: Tatsugiri|Tatsugiri, L50, M|100\/100\n|-activate|p2b: Tatsugiri|ability: Commander|[of] p2a: Dondozo\n|-boost|p2a: Dondozo|atk|2\n|-boost|p2a: Dondozo|spa|2\n|-boost|p2a: Dondozo|spe|2\n|-boost|p2a: Dondozo|def|2\n|-boost|p2a: Dondozo|spd|2\n|turn|1\n|\n|t:|1683800210\n|move|p1b: Lycanroc|Protect|p1b: Lycanroc\n|-singleturn|p1b: Lycanroc|Protect\n|move|p1a: Espathra|Protect|p1a: Espathra\n|-singleturn|p1a: Espathra|Protect\n|move|p2a: Dondozo|Earthquake|p1a: Espathra|[spread] \n|-miss|p2a: Dondozo|p2b: Tatsugiri\n|-activate|p1a: Espathra|move: Protect\n|-activate|p1b: Lycanroc|move: Protect\n|\n|-ability|p1a: Espathra|Speed Boost|boost\n|-boost|p1a: Espathra|spe|1\n|upkeep\n|turn|2\n|\n|t:|1683800234\n|-terastallize|p1b: Lycanroc|Flying\n|move|p1a: Espathra|Skill Swap|p1b: Lycanroc\n|-activate|p1a: Espathra|move: Skill Swap|||[of] p1b: Lycanroc\n|move|p1b: Lycanroc|Rock Slide|p2a: Dondozo|[spread] \n|-miss|p1b: Lycanroc|p2b: Tatsugiri\n|-miss|p1b: Lycanroc|p2a: Dondozo\n|move|p2a: Dondozo|Earthquake|p1a: Espathra|[spread] p1a\n|-miss|p2a: Dondozo|p2b: Tatsugiri\n|-immune|p1b: Lycanroc\n|-damage|p1a: Espathra|46\/100\n|\n|-ability|p1b: Lycanroc|Speed Boost|boost\n|-boost|p1b: Lycanroc|spe|1\n|upkeep\n|turn|3\n|inactive|PokemonOG92 #4489 has 30 seconds left.\n|inactive|PokemonOG92 #4489 has 20 seconds left.\n|\n|t:|1683800271\n|switch|p1b: Cryogonal|Cryogonal, L50|100\/100\n|move|p1a: Espathra|Hypnosis|p2a: Dondozo\n|-status|p2a: Dondozo|slp|[from] move: Hypnosis\n|cant|p2a: Dondozo|slp\n|\n|upkeep\n|turn|4\n|\n|t:|1683800287\n|move|p1a: Espathra|Skill Swap|p1b: Cryogonal\n|-activate|p1a: Espathra|move: Skill Swap|||[of] p1b: Cryogonal\n|move|p1b: Cryogonal|Substitute|p1b: Cryogonal\n|-start|p1b: Cryogonal|Substitute\n|-damage|p1b: Cryogonal|76\/100\n|cant|p2a: Dondozo|slp\n|\n|-heal|p1b: Cryogonal|82\/100|[from] item: Leftovers\n|upkeep\n|turn|5\n|\n|t:|1683800305\n|move|p1a: Espathra|Protect|p1a: Espathra\n|-singleturn|p1a: Espathra|Protect\n|move|p1b: Cryogonal|Sheer Cold|p2a: Dondozo\n|-damage|p2a: Dondozo|0 fnt\n|faint|p2a: Dondozo\n|-ohko\n|\n|-heal|p1b: Cryogonal|88\/100|[from] item: Leftovers\n|upkeep\n|\n|t:|1683800310\n|switch|p2a: Chi-Yu|Chi-Yu, L50|100\/100\n|-ability|p2a: Chi-Yu|Beads of Ruin\n|turn|6\n|\n|t:|1683800326\n|move|p1a: Espathra|Hypnosis|p2a: Chi-Yu|[miss]\n|-miss|p1a: Espathra|p2a: Chi-Yu\n|move|p2a: Chi-Yu|Overheat|p1a: Espathra\n|-damage|p1a: Espathra|0 fnt\n|-unboost|p2a: Chi-Yu|spa|2\n|faint|p1a: Espathra\n|move|p2b: Tatsugiri|Taunt|p1b: Cryogonal\n|-start|p1b: Cryogonal|move: Taunt\n|move|p1b: Cryogonal|Sheer Cold|p2a: Chi-Yu\n|-damage|p2a: Chi-Yu|0 fnt\n|faint|p2a: Chi-Yu\n|-ohko\n|\n|-heal|p1b: Cryogonal|94\/100|[from] item: Leftovers\n|upkeep\n|\n|t:|1683800342\n|switch|p2a: Kingambit|Kingambit, L50, F|100\/100\n|switch|p1a: Amoonguss|Amoonguss, L50, M|100\/100\n|-activate|p2a: Kingambit|ability: Supreme Overlord\n|-start|p2a: Kingambit|fallen2|[silent]\n|turn|7\n|\n|t:|1683800352\n|move|p2b: Tatsugiri|Helping Hand|p2a: Kingambit\n|-singleturn|p2a: Kingambit|Helping Hand|[of] p2b: Tatsugiri\n|move|p1a: Amoonguss|Rage Powder|p1a: Amoonguss\n|-singleturn|p1a: Amoonguss|move: Rage Powder\n|move|p1b: Cryogonal|Sheer Cold|p2a: Kingambit\n|-damage|p2a: Kingambit|0 fnt\n|faint|p2a: Kingambit\n|-end|p2a: Kingambit|fallen2|[silent]\n|-ohko\n|\n|-heal|p1b: Cryogonal|99\/100|[from] item: Leftovers\n|upkeep\n|turn|8\n|c|\u2606PokemonOG92 #4489|gg\n|-message|Requiem887 forfeited.\n|\n|win|PokemonOG92 #4489\n|raw|PokemonOG92 #4489's rating: 1057 → 1087<\/strong> (+30 for winning)\n|raw|Requiem887's rating: 1037 → 1022<\/strong> (-15 for losing)\n|l|\u2606Requiem887\n","uploadtime":1683800482,"views":169,"p1id":"pokemonog924489","p2id":"requiem887","formatid":"gen9vgc2023regulationc","rating":1022,"private":0,"password":""}