{"id":"gen9vgc2023regulationc-1855869075","p1":"Yukesantai","p2":"SM0KESgirl","format":"[Gen 9] VGC 2023 Regulation C","log":"|j|\u2606Yukesantai\n|j|\u2606SM0KESgirl\n|t:|1682993950\n|gametype|doubles\n|player|p1|Yukesantai|266|1323\n|player|p2|SM0KESgirl|skyla|1333\n|teamsize|p1|6\n|teamsize|p2|6\n|gen|9\n|tier|[Gen 9] VGC 2023 Regulation C\n|rated|\n|rule|Species Clause: Limit one of each Pok\u00e9mon\n|rule|Item Clause: Limit one of each item\n|clearpoke\n|poke|p1|Ting-Lu, L50|\n|poke|p1|Gyarados, L50, M|\n|poke|p1|Flutter Mane, L50|\n|poke|p1|Amoonguss, L50, M|\n|poke|p1|Chi-Yu, L50|\n|poke|p1|Tyranitar, L50, M|\n|poke|p2|Gholdengo, L50|\n|poke|p2|Murkrow, L50, F|\n|poke|p2|Baxcalibur, L50, F|\n|poke|p2|Annihilape, L50, F|\n|poke|p2|Flutter Mane, L50|\n|poke|p2|Amoonguss, L50, M|\n|teampreview|4\n|inactive|Battle timer is ON: inactive players will automatically lose when time's up. (requested by SM0KESgirl)\nSM0KESgirl rejected open team sheets.\n|\n|t:|1682993983\n|start\n|switch|p1a: Flutter Mane|Flutter Mane, L50|100\/100\n|switch|p1b: Tyranitar|Tyranitar, L50, M, shiny|100\/100\n|switch|p2a: Murkrow|Murkrow, L50, F|100\/100\n|switch|p2b: Baxcalibur|Baxcalibur, L50, F|100\/100\n|-weather|Sandstorm|[from] ability: Sand Stream|[of] p1b: Tyranitar\n|-enditem|p1a: Flutter Mane|Booster Energy\n|-activate|p1a: Flutter Mane|ability: Protosynthesis|[fromitem]\n|-start|p1a: Flutter Mane|protosynthesisspa\n|turn|1\n|inactive|Yukesantai has 30 seconds left.\n|inactive|SM0KESgirl has 30 seconds left.\n|\n|t:|1682994018\n|move|p2a: Murkrow|Tailwind|p2a: Murkrow\n|-sidestart|p2: SM0KESgirl|move: Tailwind\n|move|p2b: Baxcalibur|Earthquake|p1a: Flutter Mane|[spread] p1a,p1b\n|-immune|p2a: Murkrow\n|-supereffective|p1b: Tyranitar\n|-damage|p1a: Flutter Mane|35\/100\n|-damage|p1b: Tyranitar|58\/100\n|-enditem|p1b: Tyranitar|Weakness Policy\n|-boost|p1b: Tyranitar|atk|2|[from] item: Weakness Policy\n|-boost|p1b: Tyranitar|spa|2|[from] item: Weakness Policy\n|move|p1a: Flutter Mane|Shadow Ball|p2b: Baxcalibur\n|-damage|p2b: Baxcalibur|65\/100\n|-unboost|p2b: Baxcalibur|spd|1\n|move|p1b: Tyranitar|Rock Slide|p2b: Baxcalibur|[spread] p2a,p2b\n|-supereffective|p2a: Murkrow\n|-supereffective|p2b: Baxcalibur\n|-damage|p2a: Murkrow|0 fnt\n|-damage|p2b: Baxcalibur|0 fnt\n|faint|p2a: Murkrow\n|faint|p2b: Baxcalibur\n|\n|-weather|Sandstorm|[upkeep]\n|-damage|p1a: Flutter Mane|29\/100|[from] Sandstorm\n|upkeep\n|\n|t:|1682994040\n|switch|p2a: Gholdengo|Gholdengo, L50|100\/100\n|switch|p2b: Amoonguss|Amoonguss, L50, M|100\/100\n|turn|2\n|inactive|SM0KESgirl has 30 seconds left.\n|\n|t:|1682994071\n|-end|p1a: Flutter Mane|Protosynthesis|[silent]\n|switch|p1a: Ting-Lu|Ting-Lu, L50|100\/100\n|-ability|p1a: Ting-Lu|Vessel of Ruin\n|-terastallize|p2a: Gholdengo|Steel\n|move|p1b: Tyranitar|Protect|p1b: Tyranitar\n|-singleturn|p1b: Tyranitar|Protect\n|move|p2a: Gholdengo|Make It Rain|p1a: Ting-Lu|[spread] p1a\n|-activate|p1b: Tyranitar|move: Protect\n|-damage|p1a: Ting-Lu|62\/100\n|-unboost|p2a: Gholdengo|spa|1\n|move|p2b: Amoonguss|Spore|p1b: Tyranitar\n|-activate|p1b: Tyranitar|move: Protect\n|\n|-weather|Sandstorm|[upkeep]\n|-damage|p2b: Amoonguss|95\/100|[from] Sandstorm\n|upkeep\n|turn|3\n|inactive|Yukesantai has 30 seconds left.\n|inactive|SM0KESgirl has 30 seconds left.\n|inactive|Yukesantai has 20 seconds left.\n|inactive|SM0KESgirl has 20 seconds left.\n|inactive|Yukesantai has 15 seconds left.\n|inactive|SM0KESgirl has 15 seconds left.\n|inactive|Yukesantai has 10 seconds left.\n|\n|t:|1682994117\n|move|p2a: Gholdengo|Make It Rain|p1a: Ting-Lu|[spread] p1a,p1b\n|-supereffective|p1b: Tyranitar\n|-damage|p1a: Ting-Lu|35\/100\n|-damage|p1b: Tyranitar|0 fnt\n|-unboost|p2a: Gholdengo|spa|1\n|faint|p1b: Tyranitar\n|move|p2b: Amoonguss|Pollen Puff|p1a: Ting-Lu\n|-supereffective|p1a: Ting-Lu\n|-damage|p1a: Ting-Lu|22\/100\n|move|p1a: Ting-Lu|Ruination|p2b: Amoonguss\n|-damage|p2b: Amoonguss|48\/100\n|-enditem|p2b: Amoonguss|Sitrus Berry|[eat]\n|-heal|p2b: Amoonguss|73\/100|[from] item: Sitrus Berry\n|\n|-weather|Sandstorm|[upkeep]\n|-damage|p2b: Amoonguss|67\/100|[from] Sandstorm\n|upkeep\n|\n|t:|1682994135\n|switch|p1b: Flutter Mane|Flutter Mane, L50|29\/100\n|turn|4\n|\n|t:|1682994150\n|move|p2b: Amoonguss|Protect|p2b: Amoonguss\n|-singleturn|p2b: Amoonguss|Protect\n|move|p2a: Gholdengo|Make It Rain|p1a: Ting-Lu|[spread] p1a,p1b\n|-supereffective|p1b: Flutter Mane\n|-damage|p1a: Ting-Lu|3\/100\n|-damage|p1b: Flutter Mane|0 fnt\n|-unboost|p2a: Gholdengo|spa|1\n|faint|p1b: Flutter Mane\n|-end|p1b: Flutter Mane|Protosynthesis|[silent]\n|move|p1a: Ting-Lu|Stomping Tantrum|p2a: Gholdengo\n|-supereffective|p2a: Gholdengo\n|-damage|p2a: Gholdengo|40\/100\n|\n|-weather|Sandstorm|[upkeep]\n|-damage|p2b: Amoonguss|61\/100|[from] Sandstorm\n|-sideend|p2: SM0KESgirl|move: Tailwind\n|upkeep\n|\n|t:|1682994166\n|switch|p1b: Chi-Yu|Chi-Yu, L50|100\/100\n|-ability|p1b: Chi-Yu|Beads of Ruin\n|turn|5\n|\n|t:|1682994177\n|move|p2b: Amoonguss|Rage Powder|p2b: Amoonguss\n|-singleturn|p2b: Amoonguss|move: Rage Powder\n|move|p1b: Chi-Yu|Heat Wave|p2b: Amoonguss|[spread] p2a,p2b\n|-supereffective|p2a: Gholdengo\n|-supereffective|p2b: Amoonguss\n|-damage|p2a: Gholdengo|0 fnt\n|-damage|p2b: Amoonguss|0 fnt\n|faint|p2a: Gholdengo\n|faint|p2b: Amoonguss\n|\n|win|Yukesantai\n|raw|Yukesantai's rating: 1323 → 1344<\/strong> (+21 for winning)\n|raw|SM0KESgirl's rating: 1333 → 1312<\/strong> (-21 for losing)\n|l|\u2606Yukesantai\n","uploadtime":1682994191,"views":11,"p1id":"yukesantai","p2id":"sm0kesgirl","formatid":"gen9vgc2023regulationc","rating":1312,"private":0,"password":""}