{"id":"gen9vgc2023regulationc-1858053902","p1":"yakenonokarasu","p2":"Psychic Spell","format":"[Gen 9] VGC 2023 Regulation C","log":"|j|\u2606yakenonokarasu\n|j|\u2606Psychic Spell\n|t:|1683267585\n|gametype|doubles\n|player|p1|yakenonokarasu|plumeria|\n|player|p2|Psychic Spell|pryce|\n|teamsize|p1|6\n|teamsize|p2|6\n|gen|9\n|tier|[Gen 9] VGC 2023 Regulation C\n|rule|Species Clause: Limit one of each Pok\u00e9mon\n|rule|Item Clause: Limit one of each item\n|clearpoke\n|poke|p1|Palafin, L50, F|\n|poke|p1|Dragapult, L50, M|\n|poke|p1|Iron Valiant, L50|\n|poke|p1|Oricorio-Pom-Pom, L50, M|\n|poke|p1|Iron Hands, L50|\n|poke|p1|Shellos-East, L50, M|\n|poke|p2|Pelipper, L50, F|\n|poke|p2|Barraskewda, L50, M|\n|poke|p2|Garganacl, L50, F|\n|poke|p2|Gholdengo, L50|\n|poke|p2|Drednaw, L50, F|\n|poke|p2|Magneton, L50|\n|teampreview|4\nPsychic Spell rejected open team sheets.\n|c|\u2606yakenonokarasu|G2\n|\n|t:|1683267868\n|start\n|switch|p1a: Dragapult|Dragapult, L50, M, shiny|100\/100\n|switch|p1b: Oricorio|Oricorio-Pom-Pom, L50, M, shiny|100\/100\n|switch|p2a: Pelipper|Pelipper, L50, F|100\/100\n|switch|p2b: Drednaw|Drednaw, L50, F|100\/100\n|-weather|RainDance|[from] ability: Drizzle|[of] p2a: Pelipper\n|turn|1\n|\n|t:|1683267883\n|move|p2a: Pelipper|Protect|p2a: Pelipper\n|-singleturn|p2a: Pelipper|Protect\n|move|p2b: Drednaw|Rock Slide|p1b: Oricorio|[spread] p1a,p1b\n|-supereffective|p1b: Oricorio\n|-damage|p1a: Dragapult|35\/100\n|-damage|p1b: Oricorio|32\/100\n|-damage|p2b: Drednaw|91\/100|[from] item: Life Orb\n|move|p1a: Dragapult|Will-O-Wisp|p2b: Drednaw\n|-status|p2b: Drednaw|brn\n|cant|p1b: Oricorio|flinch\n|\n|-weather|RainDance|[upkeep]\n|-heal|p1b: Oricorio|38\/100|[from] item: Leftovers\n|-damage|p2b: Drednaw|85\/100 brn|[from] brn\n|upkeep\n|turn|2\n|\n|t:|1683267903\n|move|p1b: Oricorio|Protect|p1b: Oricorio\n|-singleturn|p1b: Oricorio|Protect\n|move|p2b: Drednaw|Rock Slide|p1b: Oricorio|[spread] p1a\n|-activate|p1b: Oricorio|move: Protect\n|-damage|p1a: Dragapult|5\/100\n|-damage|p2b: Drednaw|75\/100 brn|[from] item: Life Orb\n|move|p1a: Dragapult|Dragon Darts|p2b: Drednaw\n|-damage|p2b: Drednaw|44\/100 brn\n|-anim|p1a: Dragapult|Dragon Darts|p2a: Pelipper\n|-damage|p2a: Pelipper|81\/100\n|move|p2a: Pelipper|Hurricane|p1a: Dragapult\n|-damage|p1a: Dragapult|0 fnt\n|faint|p1a: Dragapult\n|\n|-weather|RainDance|[upkeep]\n|-heal|p1b: Oricorio|44\/100|[from] item: Leftovers\n|-damage|p2b: Drednaw|37\/100 brn|[from] brn\n|upkeep\n|\n|t:|1683267917\n|switch|p1a: Iron Hands|Iron Hands, L50|100\/100\n|turn|3\n|\n|t:|1683267927\n|move|p2b: Drednaw|Rock Slide|p1b: Oricorio|[spread] p1a,p1b\n|-resisted|p1a: Iron Hands\n|-supereffective|p1b: Oricorio\n|-damage|p1a: Iron Hands|94\/100\n|-damage|p1b: Oricorio|7\/100\n|-damage|p2b: Drednaw|28\/100 brn|[from] item: Life Orb\n|cant|p1b: Oricorio|flinch\n|move|p2a: Pelipper|Hurricane|p1a: Iron Hands\n|-damage|p1a: Iron Hands|65\/100\n|cant|p1a: Iron Hands|flinch\n|\n|-weather|RainDance|[upkeep]\n|-heal|p1b: Oricorio|13\/100|[from] item: Leftovers\n|-damage|p2b: Drednaw|22\/100 brn|[from] brn\n|upkeep\n|turn|4\n|\n|t:|1683267947\n|move|p1b: Oricorio|Protect|p1b: Oricorio\n|-singleturn|p1b: Oricorio|Protect\n|move|p1a: Iron Hands|Protect|p1a: Iron Hands\n|-singleturn|p1a: Iron Hands|Protect\n|move|p2b: Drednaw|Rock Slide|p1b: Oricorio|[spread] \n|-activate|p1a: Iron Hands|move: Protect\n|-activate|p1b: Oricorio|move: Protect\n|move|p2a: Pelipper|Hurricane|p1a: Iron Hands\n|-activate|p1a: Iron Hands|move: Protect\n|\n|-weather|RainDance|[upkeep]\n|-heal|p1b: Oricorio|19\/100|[from] item: Leftovers\n|-damage|p2b: Drednaw|16\/100 brn|[from] brn\n|upkeep\n|turn|5\n|\n|t:|1683267971\n|-terastallize|p1b: Oricorio|Ground\n|move|p2b: Drednaw|Rock Slide|p1a: Iron Hands|[spread] p1a\n|-miss|p2b: Drednaw|p1b: Oricorio\n|-resisted|p1a: Iron Hands\n|-damage|p1a: Iron Hands|59\/100\n|-damage|p2b: Drednaw|6\/100 brn|[from] item: Life Orb\n|move|p1b: Oricorio|Tailwind|p1b: Oricorio\n|-sidestart|p1: yakenonokarasu|move: Tailwind\n|cant|p1a: Iron Hands|flinch\n|move|p2a: Pelipper|Hurricane|p1a: Iron Hands\n|-damage|p1a: Iron Hands|34\/100\n|-enditem|p1a: Iron Hands|Sitrus Berry|[eat]\n|-heal|p1a: Iron Hands|59\/100|[from] item: Sitrus Berry\n|\n|-weather|RainDance|[upkeep]\n|-heal|p1b: Oricorio|25\/100|[from] item: Leftovers\n|-damage|p2b: Drednaw|0 fnt|[from] brn\n|faint|p2b: Drednaw\n|upkeep\n|\n|t:|1683267988\n|switch|p2b: Barraskewda|Barraskewda, L50, M|100\/100\n|turn|6\n|\n|t:|1683268003\n|move|p1b: Oricorio|Protect|p1b: Oricorio\n|-singleturn|p1b: Oricorio|Protect\n|move|p2b: Barraskewda|Liquidation|p1a: Iron Hands\n|-damage|p1a: Iron Hands|12\/100\n|move|p1a: Iron Hands|Thunder Punch|p2a: Pelipper\n|-supereffective|p2a: Pelipper\n|-damage|p2a: Pelipper|0 fnt\n|faint|p2a: Pelipper\n|\n|-weather|RainDance|[upkeep]\n|-heal|p1b: Oricorio|31\/100|[from] item: Leftovers\n|upkeep\n|\n|t:|1683268015\n|switch|p2a: Garganacl|Garganacl, L50, F|100\/100\n|turn|7\n|\n|t:|1683268036\n|-terastallize|p2a: Garganacl|Grass\n|move|p2b: Barraskewda|Protect|p2b: Barraskewda\n|-singleturn|p2b: Barraskewda|Protect\n|move|p1a: Iron Hands|Protect|p1a: Iron Hands\n|-singleturn|p1a: Iron Hands|Protect\n|move|p1b: Oricorio|Revelation Dance|p2a: Garganacl\n|-resisted|p2a: Garganacl\n|-damage|p2a: Garganacl|89\/100\n|move|p2a: Garganacl|Iron Defense|p2a: Garganacl\n|-boost|p2a: Garganacl|def|2\n|\n|-weather|RainDance|[upkeep]\n|-heal|p1b: Oricorio|37\/100|[from] item: Leftovers\n|upkeep\n|turn|8\n|\n|t:|1683268057\n|move|p2b: Barraskewda|Liquidation|p1a: Iron Hands\n|-damage|p1a: Iron Hands|0 fnt\n|faint|p1a: Iron Hands\n|-end|p1a: Iron Hands|Quark Drive|[silent]\n|move|p1b: Oricorio|Icy Wind|p2b: Barraskewda|[spread] p2a,p2b\n|-supereffective|p2a: Garganacl\n|-crit|p2a: Garganacl\n|-resisted|p2b: Barraskewda\n|-damage|p2a: Garganacl|69\/100\n|-damage|p2b: Barraskewda|90\/100\n|-unboost|p2a: Garganacl|spe|1\n|-unboost|p2b: Barraskewda|spe|1\n|move|p2a: Garganacl|Body Press|p1b: Oricorio\n|-damage|p1b: Oricorio|0 fnt\n|faint|p1b: Oricorio\n|\n|-weather|none\n|-sideend|p1: yakenonokarasu|move: Tailwind\n|upkeep\n|\n|t:|1683268061\n|switch|p1b: Palafin|Palafin, L50, F, shiny|100\/100\n|turn|9\n|\n|t:|1683268081\n|move|p1b: Palafin|Ice Punch|p2a: Garganacl\n|-supereffective|p2a: Garganacl\n|-damage|p2a: Garganacl|48\/100\n|-damage|p1b: Palafin|84\/100|[from] item: Rocky Helmet|[of] p2a: Garganacl\n|move|p2b: Barraskewda|Liquidation|p1b: Palafin\n|-resisted|p1b: Palafin\n|-damage|p1b: Palafin|55\/100\n|move|p2a: Garganacl|Salt Cure|p1b: Palafin\n|-damage|p1b: Palafin|35\/100\n|-start|p1b: Palafin|Salt Cure\n|\n|-damage|p1b: Palafin|11\/100|[from] Salt Cure\n|upkeep\n|turn|10\n|\n|t:|1683268093\n|move|p2b: Barraskewda|Protect|p2b: Barraskewda\n|-singleturn|p2b: Barraskewda|Protect\n|move|p1b: Palafin|Ice Punch|p2a: Garganacl\n|-supereffective|p2a: Garganacl\n|-damage|p2a: Garganacl|29\/100\n|-damage|p1b: Palafin|0 fnt|[from] item: Rocky Helmet|[of] p2a: Garganacl\n|faint|p1b: Palafin\n|\n|win|Psychic Spell\n|l|\u2606yakenonokarasu\n","uploadtime":1683268368,"views":5,"p1id":"yakenonokarasu","p2id":"psychicspell","formatid":"gen9vgc2023regulationc","rating":0,"private":0,"password":""}