{"id":"gen9vgc2023regulationc-1850431084","p1":"UltimoRyu","p2":"finnawin99","format":"[Gen 9] VGC 2023 Regulation C","log":"|j|\u2606UltimoRyu\n|j|\u2606finnawin99\n|t:|1682335809\n|gametype|doubles\n|player|p1|UltimoRyu|steven|1064\n|player|p2|finnawin99|silver|1052\n|teamsize|p1|6\n|teamsize|p2|6\n|gen|9\n|tier|[Gen 9] VGC 2023 Regulation C\n|rated|\n|rule|Species Clause: Limit one of each Pok\u00e9mon\n|rule|Item Clause: Limit one of each item\n|clearpoke\n|poke|p1|Amoonguss, L50, F|\n|poke|p1|Quaquaval, L50, M|\n|poke|p1|Arcanine, L50, F|\n|poke|p1|Iron Hands, L50|\n|poke|p1|Flutter Mane, L50|\n|poke|p1|Corviknight, L50, F|\n|poke|p2|Ting-Lu, L50|\n|poke|p2|Slowbro, L50, M|\n|poke|p2|Scizor, L50, M|\n|poke|p2|Indeedee-F, L50, F|\n|poke|p2|Chi-Yu, L50|\n|poke|p2|Garchomp, L50, M|\n|teampreview|4\n|\n|t:|1682335864\n|start\n|switch|p1a: Corviknight|Corviknight, L50, F|100\/100\n|switch|p1b: Arcanine|Arcanine, L50, F|100\/100\n|switch|p2a: Ting-Lu|Ting-Lu, L50|100\/100\n|switch|p2b: Slowbro|Slowbro, L50, M|100\/100\n|-ability|p1b: Arcanine|Intimidate|boost\n|-unboost|p2a: Ting-Lu|atk|1\n|-unboost|p2b: Slowbro|atk|1\n|-ability|p2a: Ting-Lu|Vessel of Ruin\n|turn|1\n|\n|t:|1682335898\n|move|p2a: Ting-Lu|Protect|p2a: Ting-Lu\n|-singleturn|p2a: Ting-Lu|Protect\n|move|p1b: Arcanine|Howl|p1b: Arcanine|[spread] p1a,p1b\n|-boost|p1a: Corviknight|atk|1\n|-boost|p1b: Arcanine|atk|1\n|move|p1a: Corviknight|Brave Bird|p2b: Slowbro\n|-damage|p2b: Slowbro|20\/100\n|-damage|p1a: Corviknight|73\/100|[from] Recoil\n|move|p2b: Slowbro|Trick Room|p2b: Slowbro\n|-fieldstart|move: Trick Room|[of] p2b: Slowbro\n|\n|-heal|p2b: Slowbro|26\/100|[from] item: Leftovers\n|upkeep\n|turn|2\n|\n|t:|1682335939\n|switch|p2b: Indeedee|Indeedee-F, L50, F|100\/100\n|-terastallize|p1b: Arcanine|Normal\n|move|p1b: Arcanine|Extreme Speed|p2b: Indeedee\n|-damage|p2b: Indeedee|38\/100\n|move|p2a: Ting-Lu|Stomping Tantrum|p1b: Arcanine\n|-damage|p1b: Arcanine|74\/100\n|move|p1a: Corviknight|Brave Bird|p2a: Ting-Lu\n|-damage|p2a: Ting-Lu|22\/100\n|-damage|p1a: Corviknight|42\/100|[from] Recoil\n|\n|upkeep\n|turn|3\n|\n|t:|1682335962\n|move|p2a: Ting-Lu|Ruination|p1b: Arcanine\n|-damage|p1b: Arcanine|37\/100\n|move|p1a: Corviknight|Brave Bird|p2a: Ting-Lu\n|-damage|p2a: Ting-Lu|0 fnt\n|faint|p2a: Ting-Lu\n|-damage|p1a: Corviknight|33\/100|[from] Recoil\n|move|p2b: Indeedee|Heal Pulse|p2: Ting-Lu|[notarget]\n|-fail|p2b: Indeedee\n|move|p1b: Arcanine|Flare Blitz|p2b: Indeedee\n|-damage|p2b: Indeedee|0 fnt\n|faint|p2b: Indeedee\n|-damage|p1b: Arcanine|25\/100|[from] Recoil\n|\n|upkeep\n|\n|t:|1682335972\n|switch|p2a: Scizor|Scizor, L50, M|100\/100\n|switch|p2b: Slowbro|Slowbro, L50, M|59\/100\n|turn|4\n|\n|t:|1682336005\n|-terastallize|p2a: Scizor|Steel\n|move|p1b: Arcanine|Extreme Speed|p2b: Slowbro\n|-damage|p2b: Slowbro|27\/100\n|move|p2b: Slowbro|Iron Defense|p2b: Slowbro\n|-boost|p2b: Slowbro|def|2\n|move|p2a: Scizor|Close Combat|p1b: Arcanine\n|-supereffective|p1b: Arcanine\n|-damage|p1b: Arcanine|0 fnt\n|-unboost|p2a: Scizor|def|1\n|-unboost|p2a: Scizor|spd|1\n|faint|p1b: Arcanine\n|-damage|p2a: Scizor|91\/100|[from] item: Life Orb\n|move|p1a: Corviknight|Brave Bird|p2a: Scizor\n|-resisted|p2a: Scizor\n|-damage|p2a: Scizor|0 fnt\n|faint|p2a: Scizor\n|-damage|p1a: Corviknight|6\/100|[from] Recoil\n|\n|-heal|p2b: Slowbro|33\/100|[from] item: Leftovers\n|upkeep\n|\n|t:|1682336029\n|switch|p1b: Iron Hands|Iron Hands, L50|100\/100\n|turn|5\n|\n|t:|1682336035\n|move|p1b: Iron Hands|Fake Out|p2b: Slowbro\n|-damage|p2b: Slowbro|28\/100\n|cant|p2b: Slowbro|flinch\n|move|p1a: Corviknight|Brave Bird|p2b: Slowbro\n|-damage|p2b: Slowbro|0 fnt\n|faint|p2b: Slowbro\n|-damage|p1a: Corviknight|0 fnt|[from] Recoil\n|faint|p1a: Corviknight\n|\n|win|UltimoRyu\n|raw|UltimoRyu's rating: 1064 → 1093<\/strong> (+29 for winning)\n|raw|finnawin99's rating: 1052 → 1035<\/strong> (-17 for losing)\n|l|\u2606finnawin99\n","uploadtime":1682336049,"views":24,"p1id":"ultimoryu","p2id":"finnawin99","formatid":"gen9vgc2023regulationc","rating":1035,"private":0,"password":""}