{"id":"gen9vgc2023regulationc-1857647773","p1":"N8zaGr8","p2":"Borghi","format":"[Gen 9] VGC 2023 Regulation C","log":"|j|\u2606N8zaGr8\n|j|\u2606Borghi\n|t:|1683217834\n|gametype|doubles\n|player|p1|N8zaGr8|cynthia-gen4|\n|player|p2|Borghi|blue-masters|\n|teamsize|p1|6\n|teamsize|p2|6\n|gen|9\n|tier|[Gen 9] VGC 2023 Regulation C\n|rated|Tournament battle\n|rule|Species Clause: Limit one of each Pok\u00e9mon\n|rule|Item Clause: Limit one of each item\n|clearpoke\n|poke|p1|Iron Bundle, L50|\n|poke|p1|Ting-Lu, L50|\n|poke|p1|Amoonguss, L50, F|\n|poke|p1|Bronzong, L50|\n|poke|p1|Ceruledge, L50, F|\n|poke|p1|Staraptor, L50, F|\n|poke|p2|Talonflame, L50, M|\n|poke|p2|Flutter Mane, L50|\n|poke|p2|Indeedee-F, L50, F|\n|poke|p2|Iron Hands, L50|\n|poke|p2|Armarouge, L50, F|\n|poke|p2|Chien-Pao, L50|\n|teampreview|4\n|inactive|Battle timer is ON: inactive players will automatically lose when time's up. (requested by Borghi)\n|j| Radio Free C-Side\nN8zaGr8 has agreed to open team sheets.\n|j| regidrago=crab\nBorghi rejected open team sheets.\n|c|\u2606Borghi|._.\n|j| iamboogiecousins\n|c|\u2606Borghi|hf\n|c|\u2606N8zaGr8|:(\n|c| Radio Free C-Side|everyone mark off \"borghi rejects ots\" on your bingo card\n|inactive|N8zaGr8 has 60 seconds left.\n|inactive|Borghi has 60 seconds left.\n|j| orad10\n|j| Adsheesh\n|c|\u2606Borghi|brother that is only for tonight\n|l| orad10\n|l| Adsheesh\n|inactive|N8zaGr8 has 30 seconds left.\n|j| SlowHomie\n|c| Radio Free C-Side|if that helps you sleep at night, sure\n|inactive|N8zaGr8 has 20 seconds left.\n|\n|t:|1683217909\n|start\n|switch|p1a: Father Help|Ting-Lu, L50|100\/100\n|switch|p1b: dong|Bronzong, L50|100\/100\n|switch|p2a: Leia|Indeedee-F, L50, F|100\/100\n|switch|p2b: Jabba|Iron Hands, L50|100\/100\n|-fieldstart|move: Psychic Terrain|[from] ability: Psychic Surge|[of] p2a: Leia\n|-ability|p1a: Father Help|Vessel of Ruin\n|turn|1\n|j| ale cog\n|\n|t:|1683217932\n|switch|p1a: Friend|Amoonguss, L50, F|100\/100\n|-terastallize|p2b: Jabba|Grass\n|move|p2a: Leia|Imprison|p2a: Leia\n|-start|p2a: Leia|move: Imprison\n|move|p2b: Jabba|Belly Drum|p2b: Jabba\n|-damage|p2b: Jabba|50\/100\n|-setboost|p2b: Jabba|atk|6|[from] move: Belly Drum\n|-enditem|p2b: Jabba|Sitrus Berry|[eat]\n|-heal|p2b: Jabba|75\/100|[from] item: Sitrus Berry\n|move|p1b: dong|Iron Defense|p1b: dong\n|-boost|p1b: dong|def|2\n|\n|upkeep\n|turn|2\n|j| boardbreakersss\n|inactive|N8zaGr8 has 30 seconds left.\n|c|\u2606N8zaGr8|i understand now\n|inactive|N8zaGr8 has 20 seconds left.\n|inactive|N8zaGr8 has 15 seconds left.\n|\n|t:|1683217972\n|-terastallize|p1b: dong|Poison\n|move|p2a: Leia|Follow Me|p2a: Leia\n|-singleturn|p2a: Leia|move: Follow Me\n|move|p2b: Jabba|Drain Punch|p1b: dong\n|-resisted|p1b: dong\n|-crit|p1b: dong\n|-damage|p1b: dong|0 fnt\n|-heal|p2b: Jabba|100\/100|[from] drain|[of] p1b: dong\n|faint|p1b: dong\n|move|p1a: Friend|Pollen Puff|p2a: Leia\n|-supereffective|p2a: Leia\n|-damage|p2a: Leia|70\/100\n|\n|upkeep\n|c|\u2606Borghi|this will be very fun in the IC\n|c|\u2606Borghi|ope\n|c|\u2606N8zaGr8|welp\n|\n|t:|1683217991\n|switch|p1b: GrAss Blaster|Ceruledge, L50, F|100\/100\n|turn|3\n|c|\u2606Borghi|very good play\n|inactive|N8zaGr8 has 30 seconds left.\n|inactive|N8zaGr8 has 20 seconds left.\n|\n|t:|1683218030\n|move|p2a: Leia|Follow Me|p2a: Leia\n|-singleturn|p2a: Leia|move: Follow Me\n|move|p1b: GrAss Blaster|Bitter Blade|p2a: Leia\n|-damage|p2a: Leia|6\/100\n|move|p2b: Jabba|Drain Punch|p1a: Friend\n|-resisted|p1a: Friend\n|-damage|p1a: Friend|35\/100\n|move|p1a: Friend|Pollen Puff|p2a: Leia\n|-supereffective|p2a: Leia\n|-damage|p2a: Leia|0 fnt\n|faint|p2a: Leia\n|\n|-heal|p1a: Friend|41\/100|[from] item: Leftovers\n|upkeep\n|\n|t:|1683218052\n|switch|p2a: Millennium|Talonflame, L50, M|100\/100\n|turn|4\n|c|\u2606Borghi|just watch this\n|\n|t:|1683218069\n|move|p1a: Friend|Protect|p1a: Friend\n|-singleturn|p1a: Friend|Protect\n|move|p2a: Millennium|Tailwind|p2a: Millennium\n|-sidestart|p2: Borghi|move: Tailwind\n|move|p2b: Jabba|Earthquake|p1a: Friend|[spread] p1b\n|-activate|p1a: Friend|move: Protect\n|-immune|p2a: Millennium\n|-supereffective|p1b: GrAss Blaster\n|-crit|p1b: GrAss Blaster\n|-damage|p1b: GrAss Blaster|0 fnt\n|faint|p1b: GrAss Blaster\n|\n|-heal|p1a: Friend|47\/100|[from] item: Leftovers\n|upkeep\n|\n|t:|1683218085\n|switch|p1b: Father Help|Ting-Lu, L50|100\/100\n|-ability|p1b: Father Help|Vessel of Ruin\n|turn|5\n|c|\u2606Borghi|:D\n|c|\u2606N8zaGr8|:(\n|\n|t:|1683218100\n|move|p2a: Millennium|Taunt|p1a: Friend\n|-start|p1a: Friend|move: Taunt\n|move|p2b: Jabba|Drain Punch|p1b: Father Help\n|-supereffective|p1b: Father Help\n|-damage|p1b: Father Help|0 fnt\n|faint|p1b: Father Help\n|move|p1a: Friend|Pollen Puff|p2b: Jabba\n|-supereffective|p2b: Jabba\n|-damage|p2b: Jabba|63\/100\n|\n|-heal|p1a: Friend|53\/100|[from] item: Leftovers\n|-fieldend|move: Psychic Terrain\n|upkeep\n|turn|6\n|c|\u2606Borghi|this isnt even the worst part\n|c|\u2606Borghi|trust me\n|c|\u2606N8zaGr8|oh I don't even want to know that armarouge set\n|inactive|N8zaGr8 has 30 seconds left.\n|\n|t:|1683218127\n|move|p2a: Millennium|Brave Bird|p1a: Friend\n|-supereffective|p1a: Friend\n|-damage|p1a: Friend|0 fnt\n|faint|p1a: Friend\n|-damage|p2a: Millennium|81\/100|[from] Recoil\n|\n|win|Borghi\n|n|\u2606N8zaGr8|n8zagr8\n|n|\u2606Borghi|borghi\n|n| Radio Free C-Side|radiofreecside\n|n| regidrago=crab|regidragocrab\n|n| iamboogiecousins|iamboogiecousins\n|n| SlowHomie|slowhomie\n|n| ale cog|alecog\n|n| boardbreakersss|boardbreakersss\n","uploadtime":1683218144,"views":13,"p1id":"n8zagr8","p2id":"borghi","formatid":"gen9vgc2023regulationc","rating":0,"private":0,"password":""}