{"id":"gen9vgc2023regulationc-1849848009","p1":"Cheap-Sheep_777","p2":"xiaoyang2004","format":"[Gen 9] VGC 2023 Regulation C","log":"|j|\u2606Cheap-Sheep_777\n|j|\u2606xiaoyang2004\n|t:|1682260178\n|gametype|doubles\n|player|p1|Cheap-Sheep_777|cynthia-gen4|1276\n|player|p2|xiaoyang2004|lyra|1379\n|teamsize|p1|6\n|teamsize|p2|6\n|gen|9\n|tier|[Gen 9] VGC 2023 Regulation C\n|rated|\n|rule|Species Clause: Limit one of each Pok\u00e9mon\n|rule|Item Clause: Limit one of each item\n|clearpoke\n|poke|p1|Torkoal, L50, M|\n|poke|p1|Iron Bundle, L50|\n|poke|p1|Flutter Mane, L50|\n|poke|p1|Garganacl, L50, M|\n|poke|p1|Salazzle, L50, F|\n|poke|p1|Toxapex, L50, F|\n|poke|p2|Chi-Yu, L50|\n|poke|p2|Flutter Mane, L50|\n|poke|p2|Iron Bundle, L50|\n|poke|p2|Gholdengo, L50|\n|poke|p2|Talonflame, L50, M|\n|poke|p2|Amoonguss, L50, M|\n|teampreview|4\n|inactive|Battle timer is ON: inactive players will automatically lose when time's up. (requested by Cheap-Sheep_777)\n|inactive|Cheap-Sheep_777 has 60 seconds left.\nxiaoyang2004 rejected open team sheets.\n|\n|t:|1682260215\n|start\n|switch|p1a: Big Sack|Iron Bundle, L50, shiny|100\/100\n|switch|p1b: Fildrong|Garganacl, L50, M, shiny|100\/100\n|switch|p2a: Talonflame|Talonflame, L50, M, shiny|100\/100\n|switch|p2b: Flutter Mane|Flutter Mane, L50, shiny|100\/100\n|-enditem|p1a: Big Sack|Booster Energy\n|-activate|p1a: Big Sack|ability: Quark Drive|[fromitem]\n|-start|p1a: Big Sack|quarkdrivespe\n|turn|1\n|\n|t:|1682260234\n|move|p2a: Talonflame|Tailwind|p2a: Talonflame\n|-sidestart|p2: xiaoyang2004|move: Tailwind\n|move|p2b: Flutter Mane|Moonblast|p1a: Big Sack\n|-damage|p1a: Big Sack|0 fnt\n|faint|p1a: Big Sack\n|-end|p1a: Big Sack|Quark Drive|[silent]\n|move|p1b: Fildrong|Salt Cure|p2a: Talonflame\n|-supereffective|p2a: Talonflame\n|-damage|p2a: Talonflame|27\/100\n|\n|upkeep\n|\n|t:|1682260242\n|switch|p1a: Smh a dragon|Salazzle, L50, F, shiny|100\/100\n|turn|2\n|\n|t:|1682260257\n|move|p1b: Fildrong|Protect|p1b: Fildrong\n|-singleturn|p1b: Fildrong|Protect\n|move|p2b: Flutter Mane|Shadow Ball|p1a: Smh a dragon\n|-damage|p1a: Smh a dragon|38\/100\n|move|p2a: Talonflame|Brave Bird|p1a: Smh a dragon\n|-damage|p1a: Smh a dragon|0 fnt\n|faint|p1a: Smh a dragon\n|-damage|p2a: Talonflame|16\/100|[from] Recoil\n|\n|upkeep\n|\n|t:|1682260264\n|switch|p1a: Long Hair|Flutter Mane, L50, shiny|100\/100\n|turn|3\n|\n|t:|1682260276\n|-terastallize|p1a: Long Hair|Steel\n|move|p2b: Flutter Mane|Shadow Ball|p1a: Long Hair\n|-damage|p1a: Long Hair|61\/100\n|move|p2a: Talonflame|Brave Bird|p1a: Long Hair\n|-resisted|p1a: Long Hair\n|-damage|p1a: Long Hair|26\/100\n|-damage|p2a: Talonflame|7\/100|[from] Recoil\n|move|p1a: Long Hair|Tera Blast|p2b: Flutter Mane\n|-supereffective|p2b: Flutter Mane\n|-enditem|p2b: Flutter Mane|Focus Sash\n|-damage|p2b: Flutter Mane|1\/100\n|move|p1b: Fildrong|Salt Cure|p2a: Talonflame\n|-supereffective|p2a: Talonflame\n|-damage|p2a: Talonflame|0 fnt\n|faint|p2a: Talonflame\n|\n|upkeep\n|inactive|xiaoyang2004 has 30 seconds left.\n|\n|t:|1682260301\n|switch|p2a: Iron Bundle|Iron Bundle, L50, shiny|100\/100\n|-enditem|p2a: Iron Bundle|Booster Energy\n|-activate|p2a: Iron Bundle|ability: Quark Drive|[fromitem]\n|-start|p2a: Iron Bundle|quarkdrivespe\n|turn|4\n|\n|t:|1682260313\n|move|p2a: Iron Bundle|Icy Wind|p1b: Fildrong|[spread] p1a,p1b\n|-resisted|p1a: Long Hair\n|-damage|p1a: Long Hair|15\/100\n|-damage|p1b: Fildrong|84\/100\n|-unboost|p1a: Long Hair|spe|1\n|-unboost|p1b: Fildrong|spe|1\n|move|p2b: Flutter Mane|Shadow Ball|p1a: Long Hair\n|-damage|p1a: Long Hair|0 fnt\n|faint|p1a: Long Hair\n|-end|p1a: Long Hair|Protosynthesis|[silent]\n|move|p1b: Fildrong|Salt Cure|p2a: Iron Bundle\n|-supereffective|p2a: Iron Bundle\n|-damage|p2a: Iron Bundle|68\/100\n|-start|p2a: Iron Bundle|Salt Cure\n|\n|-heal|p1b: Fildrong|91\/100|[from] item: Leftovers\n|-damage|p2a: Iron Bundle|44\/100|[from] Salt Cure\n|-sideend|p2: xiaoyang2004|move: Tailwind\n|upkeep\n|turn|5\n|\n|t:|1682260331\n|-end|p2a: Iron Bundle|Quark Drive|[silent]\n|switch|p2a: Chi-Yu|Chi-Yu, L50|100\/100\n|-ability|p2a: Chi-Yu|Beads of Ruin\n|-terastallize|p2b: Flutter Mane|Fairy\n|move|p2b: Flutter Mane|Moonblast|p1b: Fildrong\n|-damage|p1b: Fildrong|23\/100\n|move|p1b: Fildrong|Salt Cure|p2b: Flutter Mane\n|-damage|p2b: Flutter Mane|0 fnt\n|faint|p2b: Flutter Mane\n|-end|p2b: Flutter Mane|Protosynthesis|[silent]\n|\n|-heal|p1b: Fildrong|29\/100|[from] item: Leftovers\n|upkeep\n|\n|t:|1682260343\n|switch|p2b: Iron Bundle|Iron Bundle, L50, shiny|44\/100\n|turn|6\n|\n|t:|1682260352\n|move|p2b: Iron Bundle|Freeze-Dry|p1b: Fildrong\n|-damage|p1b: Fildrong|0 fnt\n|faint|p1b: Fildrong\n|\n|win|xiaoyang2004\n|raw|Cheap-Sheep_777's rating: 1276 → 1258<\/strong> (-18 for losing)\n|raw|xiaoyang2004's rating: 1379 → 1393<\/strong> (+14 for winning)\n|l|\u2606Cheap-Sheep_777\n","uploadtime":1682260359,"views":13,"p1id":"cheapsheep777","p2id":"xiaoyang2004","formatid":"gen9vgc2023regulationc","rating":1258,"private":0,"password":""}