{"id":"gen9vgc2023regulationc-1855975499","p1":"wrjioaiaj","p2":"Franelita2k","format":"[Gen 9] VGC 2023 Regulation C","log":"|j|\u2606wrjioaiaj\n|j|\u2606Franelita2k\n|t:|1683010434\n|gametype|doubles\n|player|p1|wrjioaiaj|ghetsis-gen5bw|1121\n|player|p2|Franelita2k|lance|1084\n|teamsize|p1|5\n|teamsize|p2|6\n|gen|9\n|tier|[Gen 9] VGC 2023 Regulation C\n|rated|\n|rule|Species Clause: Limit one of each Pok\u00e9mon\n|rule|Item Clause: Limit one of each item\n|clearpoke\n|poke|p1|Tatsugiri, L50, M|\n|poke|p1|Dondozo, L50, F|\n|poke|p1|Abomasnow, L50, M|\n|poke|p1|Tauros-Paldea-Blaze, L50, M|\n|poke|p1|Tinkaton, L50, F|\n|poke|p2|Flutter Mane, L50|\n|poke|p2|Armarouge, L50, M|\n|poke|p2|Indeedee-F, L50, F|\n|poke|p2|Great Tusk, L50|\n|poke|p2|Iron Bundle, L50|\n|poke|p2|Hydreigon, L50, F|\n|teampreview|4\n|\n|t:|1683010515\n|start\n|switch|p1a: Tinkaton|Tinkaton, L50, F|100\/100\n|switch|p1b: Dondozo|Dondozo, L50, F|100\/100\n|switch|p2a: Feelin U?|Flutter Mane, L50|100\/100\n|switch|p2b: Quach|Great Tusk, L50, shiny|100\/100\n|-ability|p1a: Tinkaton|Mold Breaker\n|turn|1\n|\n|t:|1683010564\n|-terastallize|p2a: Feelin U?|Fairy\n|move|p1a: Tinkaton|Fake Out|p2b: Quach\n|-damage|p2b: Quach|92\/100\n|move|p2a: Feelin U?|Dazzling Gleam|p1b: Dondozo|[spread] p1a,p1b\n|-resisted|p1a: Tinkaton\n|-damage|p1a: Tinkaton|72\/100\n|-damage|p1b: Dondozo|31\/100\n|cant|p2b: Quach|flinch\n|move|p1b: Dondozo|Wave Crash|p2a: Feelin U?\n|-damage|p2a: Feelin U?|0 fnt\n|faint|p2a: Feelin U?\n|-end|p2a: Feelin U?|Protosynthesis|[silent]\n|-damage|p1b: Dondozo|14\/100|[from] Recoil\n|\n|upkeep\n|\n|t:|1683010579\n|switch|p2a: Gucci Hamish|Hydreigon, L50, F|100\/100\n|turn|2\n|c|\u2606Franelita2k|Wp\n|\n|t:|1683010613\n|switch|p1b: Abomasnow|Abomasnow, L50, M, shiny|100\/100\n|-weather|Snow|[from] ability: Snow Warning|[of] p1b: Abomasnow\n|move|p1a: Tinkaton|Protect|p1a: Tinkaton\n|-singleturn|p1a: Tinkaton|Protect\n|move|p2a: Gucci Hamish|Tailwind|p2a: Gucci Hamish\n|-sidestart|p2: Franelita2k|move: Tailwind\n|move|p2b: Quach|Headlong Rush|p1a: Tinkaton\n|-activate|p1a: Tinkaton|move: Protect\n|\n|-weather|Snow|[upkeep]\n|upkeep\n|turn|3\n|\n|t:|1683010653\n|-terastallize|p1a: Tinkaton|Fairy\n|move|p2a: Gucci Hamish|Draco Meteor|p1b: Abomasnow\n|-damage|p1b: Abomasnow|41\/100\n|-unboost|p2a: Gucci Hamish|spa|2\n|-enditem|p1b: Abomasnow|Sitrus Berry|[eat]\n|-heal|p1b: Abomasnow|65\/100|[from] item: Sitrus Berry\n|move|p2b: Quach|Headlong Rush|p1a: Tinkaton\n|-damage|p1a: Tinkaton|0 fnt\n|-unboost|p2b: Quach|def|1\n|-unboost|p2b: Quach|spd|1\n|faint|p1a: Tinkaton\n|move|p1b: Abomasnow|Blizzard|p2a: Gucci Hamish|[spread] p2a,p2b\n|-supereffective|p2a: Gucci Hamish\n|-supereffective|p2b: Quach\n|-damage|p2a: Gucci Hamish|17\/100\n|-damage|p2b: Quach|0 fnt\n|faint|p2b: Quach\n|-end|p2b: Quach|Protosynthesis|[silent]\n|\n|-weather|Snow|[upkeep]\n|upkeep\n|c|\u2606Franelita2k|gg\n|\n|t:|1683010680\n|switch|p2b: God Willing|Iron Bundle, L50|100\/100\n|switch|p1a: Tatsugiri|Tatsugiri, L50, M|100\/100\n|-enditem|p2b: God Willing|Booster Energy\n|-activate|p2b: God Willing|ability: Quark Drive|[fromitem]\n|-start|p2b: God Willing|quarkdrivespe\n|turn|4\n|\n|t:|1683010704\n|move|p1b: Abomasnow|Protect|p1b: Abomasnow\n|-singleturn|p1b: Abomasnow|Protect\n|move|p2b: God Willing|Icy Wind|p1b: Abomasnow|[spread] p1a\n|-activate|p1b: Abomasnow|move: Protect\n|-damage|p1a: Tatsugiri|75\/100\n|-unboost|p1a: Tatsugiri|spe|1\n|move|p2a: Gucci Hamish|Draco Meteor|p1b: Abomasnow\n|-activate|p1b: Abomasnow|move: Protect\n|move|p1a: Tatsugiri|Icy Wind|p2b: God Willing|[spread] p2a,p2b\n|-supereffective|p2a: Gucci Hamish\n|-resisted|p2b: God Willing\n|-damage|p2a: Gucci Hamish|0 fnt\n|-damage|p2b: God Willing|94\/100\n|-unboost|p2b: God Willing|spe|1\n|faint|p2a: Gucci Hamish\n|\n|-weather|Snow|[upkeep]\n|upkeep\n|turn|5\n|\n|t:|1683010736\n|move|p2b: God Willing|Freeze-Dry|p1a: Tatsugiri\n|-supereffective|p1a: Tatsugiri\n|-damage|p1a: Tatsugiri|0 fnt\n|faint|p1a: Tatsugiri\n|move|p1b: Abomasnow|Giga Drain|p2b: God Willing\n|-supereffective|p2b: God Willing\n|-damage|p2b: God Willing|0 fnt\n|-heal|p1b: Abomasnow|96\/100|[from] drain|[of] p2b: God Willing\n|faint|p2b: God Willing\n|-end|p2b: God Willing|Quark Drive|[silent]\n|\n|win|wrjioaiaj\n|raw|wrjioaiaj's rating: 1121 → 1143<\/strong> (+22 for winning)\n|raw|Franelita2k's rating: 1084 → 1064<\/strong> (-20 for losing)\n|l|\u2606Franelita2k\n","uploadtime":1683010793,"views":19,"p1id":"wrjioaiaj","p2id":"franelita2k","formatid":"gen9vgc2023regulationc","rating":1064,"private":0,"password":""}