{"id":"gen9vgc2023regulationc-1849481787","p1":"Spler","p2":"shay_station","format":"[Gen 9] VGC 2023 Regulation C","log":"|j|\u2606Spler\n|j|\u2606shay_station\n|t:|1682203582\n|gametype|doubles\n|player|p1|Spler|266|1099\n|player|p2|shay_station|ghetsis|1102\n|teamsize|p1|6\n|teamsize|p2|6\n|gen|9\n|tier|[Gen 9] VGC 2023 Regulation C\n|rated|\n|rule|Species Clause: Limit one of each Pok\u00e9mon\n|rule|Item Clause: Limit one of each item\n|clearpoke\n|poke|p1|Talonflame, L50, F|\n|poke|p1|Garchomp, L50, F|\n|poke|p1|Chi-Yu, L50|\n|poke|p1|Flutter Mane, L50|\n|poke|p1|Iron Bundle, L50|\n|poke|p1|Tsareena, L50, F|\n|poke|p2|Ceruledge, L50, F|\n|poke|p2|Dragonite, L50, M|\n|poke|p2|Kingambit, L50, F|\n|poke|p2|Corviknight, L50, F|\n|poke|p2|Gyarados, L50, F|\n|poke|p2|Grimmsnarl, L50, M|\n|teampreview|4\n|\n|t:|1682203602\n|start\n|switch|p1a: Chi-Yu|Chi-Yu, L50|100\/100\n|switch|p1b: Iron Bundle|Iron Bundle, L50|100\/100\n|switch|p2a: Grimmsnarl|Grimmsnarl, L50, M|100\/100\n|switch|p2b: Gyarados|Gyarados, L50, F|100\/100\n|-ability|p1a: Chi-Yu|Beads of Ruin\n|-ability|p2b: Gyarados|Intimidate|boost\n|-unboost|p1a: Chi-Yu|atk|1\n|-unboost|p1b: Iron Bundle|atk|1\n|-enditem|p1b: Iron Bundle|Booster Energy\n|-activate|p1b: Iron Bundle|ability: Quark Drive|[fromitem]\n|-start|p1b: Iron Bundle|quarkdrivespe\n|turn|1\n|\n|t:|1682203625\n|move|p2a: Grimmsnarl|Fake Out|p1b: Iron Bundle\n|-damage|p1b: Iron Bundle|86\/100\n|cant|p1b: Iron Bundle|flinch\n|move|p1a: Chi-Yu|Heat Wave|p2b: Gyarados|[spread] p2a,p2b\n|-resisted|p2b: Gyarados\n|-damage|p2a: Grimmsnarl|58\/100\n|-damage|p2b: Gyarados|83\/100\n|move|p2b: Gyarados|Thunder Wave|p1a: Chi-Yu\n|-status|p1a: Chi-Yu|par\n|\n|upkeep\n|turn|2\n|inactive|Battle timer is ON: inactive players will automatically lose when time's up. (requested by Spler)\n|\n|t:|1682203643\n|move|p2a: Grimmsnarl|Light Screen|p2a: Grimmsnarl\n|-sidestart|p2: shay_station|move: Light Screen\n|move|p1b: Iron Bundle|Freeze-Dry|p2b: Gyarados\n|-supereffective|p2b: Gyarados\n|-damage|p2b: Gyarados|0 fnt\n|faint|p2b: Gyarados\n|cant|p1a: Chi-Yu|par\n|\n|upkeep\n|\n|t:|1682203650\n|switch|p2b: Ceruledge|Ceruledge, L50, F, shiny|100\/100\n|turn|3\n|inactive|shay_station has 30 seconds left.\n|inactive|shay_station has 20 seconds left.\n|inactive|shay_station has 15 seconds left.\n|inactive|shay_station has 10 seconds left.\n|\n|t:|1682203699\n|switch|p1a: Flutter Mane|Flutter Mane, L50|100\/100\n|move|p2a: Grimmsnarl|Reflect|p2a: Grimmsnarl\n|-sidestart|p2: shay_station|Reflect\n|move|p1b: Iron Bundle|Hydro Pump|p2b: Ceruledge\n|-supereffective|p2b: Ceruledge\n|-damage|p2b: Ceruledge|7\/100\n|move|p2b: Ceruledge|Solar Blade||[still]\n|-prepare|p2b: Ceruledge|Solar Blade\n|-enditem|p2b: Ceruledge|Power Herb\n|-anim|p2b: Ceruledge|Solar Blade|p1b: Iron Bundle\n|-supereffective|p1b: Iron Bundle\n|-damage|p1b: Iron Bundle|0 fnt\n|faint|p1b: Iron Bundle\n|-end|p1b: Iron Bundle|Quark Drive|[silent]\n|\n|upkeep\n|\n|t:|1682203714\n|switch|p1b: Chi-Yu|Chi-Yu, L50|100\/100 par\n|-ability|p1b: Chi-Yu|Beads of Ruin\n|turn|4\n|\n|t:|1682203727\n|-terastallize|p1a: Flutter Mane|Fairy\n|move|p2b: Ceruledge|Protect|p2b: Ceruledge\n|-singleturn|p2b: Ceruledge|Protect\n|move|p1a: Flutter Mane|Dazzling Gleam|p2b: Ceruledge|[spread] p2a\n|-activate|p2b: Ceruledge|move: Protect\n|-supereffective|p2a: Grimmsnarl\n|-damage|p2a: Grimmsnarl|0 fnt\n|faint|p2a: Grimmsnarl\n|move|p1b: Chi-Yu|Heat Wave|p2b: Ceruledge\n|-activate|p2b: Ceruledge|move: Protect\n|\n|upkeep\n|\n|t:|1682203734\n|switch|p2a: Corviknight|Corviknight, L50, F, shiny|100\/100\n|turn|5\n|inactive|shay_station has 30 seconds left.\n|\n|t:|1682203761\n|move|p1a: Flutter Mane|Dazzling Gleam|p2b: Ceruledge|[spread] p2a,p2b\n|-resisted|p2a: Corviknight\n|-resisted|p2b: Ceruledge\n|-damage|p2a: Corviknight|82\/100\n|-damage|p2b: Ceruledge|0 fnt\n|faint|p2b: Ceruledge\n|move|p1b: Chi-Yu|Heat Wave|p2a: Corviknight\n|-supereffective|p2a: Corviknight\n|-damage|p2a: Corviknight|21\/100\n|-status|p2a: Corviknight|brn\n|move|p2a: Corviknight|Iron Defense|p2a: Corviknight\n|-boost|p2a: Corviknight|def|2\n|\n|-heal|p2a: Corviknight|27\/100 brn|[from] item: Leftovers\n|-damage|p2a: Corviknight|21\/100 brn|[from] brn\n|upkeep\n|turn|6\n|-message|shay_station forfeited.\n|\n|win|Spler\n|raw|Spler's rating: 1099 → 1124<\/strong> (+25 for winning)\n|raw|shay_station's rating: 1102 → 1077<\/strong> (-25 for losing)\n|l|\u2606shay_station\n","uploadtime":1682203780,"views":3,"p1id":"spler","p2id":"shaystation","formatid":"gen9vgc2023regulationc","rating":1077,"private":0,"password":""}