{"id":"gen9vgc2023regulationc-1850310314","p1":"Katie Wolf","p2":"temerence","format":"[Gen 9] VGC 2023 Regulation C","log":"|j|\u2606Katie Wolf\n|j|\u2606temerence\n|t:|1682315664\n|gametype|doubles\n|player|p1|Katie Wolf|266|1085\n|player|p2|temerence|hilbert|1120\n|teamsize|p1|6\n|teamsize|p2|6\n|gen|9\n|tier|[Gen 9] VGC 2023 Regulation C\n|rated|\n|rule|Species Clause: Limit one of each Pok\u00e9mon\n|rule|Item Clause: Limit one of each item\n|clearpoke\n|poke|p1|Flutter Mane, L50|\n|poke|p1|Armarouge, L50, F|\n|poke|p1|Kingambit, L50, F|\n|poke|p1|Murkrow, L50, F|\n|poke|p1|Indeedee-F, L50, F|\n|poke|p1|Iron Bundle, L50|\n|poke|p2|Flutter Mane, L50|\n|poke|p2|Amoonguss, L50, M|\n|poke|p2|Palafin, L50, F|\n|poke|p2|Chien-Pao, L50|\n|poke|p2|Arcanine, L50, M|\n|poke|p2|Dragapult, L50, M|\n|teampreview|4\n|inactive|Battle timer is ON: inactive players will automatically lose when time's up. (requested by temerence)\n|inactive|temerence has 60 seconds left.\n|\n|t:|1682315720\n|start\n|switch|p1a: Flutter Mane|Flutter Mane, L50|100\/100\n|switch|p1b: Iron Bundle|Iron Bundle, L50|100\/100\n|switch|p2a: Dragapult|Dragapult, L50, M|100\/100\n|switch|p2b: Amoonguss|Amoonguss, L50, M|100\/100\n|turn|1\n|inactive|temerence has 30 seconds left.\n|\n|t:|1682315750\n|-terastallize|p2a: Dragapult|Steel\n|move|p2a: Dragapult|Tera Blast|p1a: Flutter Mane\n|-supereffective|p1a: Flutter Mane\n|-damage|p1a: Flutter Mane|0 fnt\n|faint|p1a: Flutter Mane\n|-end|p1a: Flutter Mane|Protosynthesis|[silent]\n|move|p1b: Iron Bundle|Blizzard|p2a: Dragapult|[spread] p2a,p2b\n|-resisted|p2a: Dragapult\n|-supereffective|p2b: Amoonguss\n|-damage|p2a: Dragapult|75\/100\n|-damage|p2b: Amoonguss|49\/100\n|-enditem|p2b: Amoonguss|Sitrus Berry|[eat]\n|-heal|p2b: Amoonguss|74\/100|[from] item: Sitrus Berry\n|move|p2b: Amoonguss|Spore|p1b: Iron Bundle\n|-status|p1b: Iron Bundle|slp|[from] move: Spore\n|\n|upkeep\n|\n|t:|1682315766\n|switch|p1a: Armarouge|Armarouge, L50, F|100\/100\n|turn|2\n|\n|t:|1682315777\n|switch|p2a: Chien-Pao|Chien-Pao, L50|100\/100\n|-ability|p2a: Chien-Pao|Sword of Ruin\n|-end|p1b: Iron Bundle|Quark Drive|[silent]\n|switch|p1b: Indeedee|Indeedee-F, L50, F|100\/100\n|-fieldstart|move: Psychic Terrain|[from] ability: Psychic Surge|[of] p1b: Indeedee\n|move|p1a: Armarouge|Protect|p1a: Armarouge\n|-singleturn|p1a: Armarouge|Protect\n|move|p2b: Amoonguss|Rage Powder|p2b: Amoonguss\n|-singleturn|p2b: Amoonguss|move: Rage Powder\n|\n|upkeep\n|turn|3\n|inactive|Katie Wolf has 30 seconds left.\n|inactive|temerence has 30 seconds left.\n|\n|t:|1682315811\n|move|p1b: Indeedee|Helping Hand|p1a: Armarouge\n|-singleturn|p1a: Armarouge|Helping Hand|[of] p1b: Indeedee\n|move|p2a: Chien-Pao|Sucker Punch|p1a: Armarouge\n|-activate|p1a: Armarouge|move: Psychic Terrain\n|move|p1a: Armarouge|Expanding Force|p2a: Chien-Pao|[spread] p2b\n|-immune|p2a: Chien-Pao\n|-supereffective|p2b: Amoonguss\n|-damage|p2b: Amoonguss|0 fnt\n|faint|p2b: Amoonguss\n|-damage|p1a: Armarouge|91\/100|[from] item: Life Orb\n|\n|upkeep\n|\n|t:|1682315828\n|switch|p2b: Dragapult|Dragapult, L50, M, tera:Steel|75\/100\n|turn|4\n|inactive|temerence has 30 seconds left.\n|\n|t:|1682315854\n|move|p1b: Indeedee|Follow Me|p1b: Indeedee\n|-singleturn|p1b: Indeedee|move: Follow Me\n|move|p2b: Dragapult|Phantom Force||[still]\n|-prepare|p2b: Dragapult|Phantom Force\n|move|p2a: Chien-Pao|Sacred Sword|p1b: Indeedee\n|-damage|p1b: Indeedee|47\/100\n|move|p1a: Armarouge|Armor Cannon|p2b: Dragapult|[miss]\n|-miss|p1a: Armarouge|p2b: Dragapult\n|\n|-heal|p1b: Indeedee|53\/100|[from] item: Leftovers\n|upkeep\n|turn|5\n|inactive|Katie Wolf has 30 seconds left.\n|inactive|temerence has 30 seconds left.\n|inactive|Katie Wolf has 20 seconds left.\n|\n|t:|1682315892\n|-terastallize|p1a: Armarouge|Steel\n|move|p2a: Chien-Pao|Protect|p2a: Chien-Pao\n|-singleturn|p2a: Chien-Pao|Protect\n|move|p1b: Indeedee|Follow Me|p1b: Indeedee\n|-singleturn|p1b: Indeedee|move: Follow Me\n|move|p2b: Dragapult|Phantom Force|p1b: Indeedee|[from]lockedmove\n|-immune|p1b: Indeedee\n|move|p1a: Armarouge|Armor Cannon|p2a: Chien-Pao\n|-activate|p2a: Chien-Pao|move: Protect\n|\n|-heal|p1b: Indeedee|59\/100|[from] item: Leftovers\n|upkeep\n|turn|6\n|inactive|Katie Wolf has 30 seconds left.\n|\n|t:|1682315920\n|switch|p2b: Flutter Mane|Flutter Mane, L50|100\/100\n|-enditem|p2b: Flutter Mane|Booster Energy\n|-activate|p2b: Flutter Mane|ability: Protosynthesis|[fromitem]\n|-start|p2b: Flutter Mane|protosynthesisspe\n|move|p1b: Indeedee|Helping Hand|p1a: Armarouge\n|-singleturn|p1a: Armarouge|Helping Hand|[of] p1b: Indeedee\n|move|p2a: Chien-Pao|Ice Spinner|p1a: Armarouge\n|-resisted|p1a: Armarouge\n|-damage|p1a: Armarouge|64\/100\n|-fieldend|move: Psychic Terrain\n|-ability|p1a: Armarouge|Weak Armor|boost\n|-unboost|p1a: Armarouge|def|1\n|-boost|p1a: Armarouge|spe|2\n|move|p1a: Armarouge|Armor Cannon|p2a: Chien-Pao\n|-supereffective|p2a: Chien-Pao\n|-enditem|p2a: Chien-Pao|Focus Sash\n|-damage|p2a: Chien-Pao|1\/100\n|-unboost|p1a: Armarouge|def|1\n|-unboost|p1a: Armarouge|spd|1\n|-damage|p1a: Armarouge|54\/100|[from] item: Life Orb\n|\n|-heal|p1b: Indeedee|65\/100|[from] item: Leftovers\n|upkeep\n|turn|7\n|inactive|Katie Wolf has 30 seconds left.\n|inactive|temerence has 30 seconds left.\n|inactive|Katie Wolf has 20 seconds left.\n|inactive|temerence has 20 seconds left.\n|inactive|Katie Wolf has 15 seconds left.\n|inactive|Katie Wolf has 10 seconds left.\n|\n|t:|1682315969\n|move|p1b: Indeedee|Follow Me|p1b: Indeedee\n|-singleturn|p1b: Indeedee|move: Follow Me\n|move|p2a: Chien-Pao|Sucker Punch||[still]\n|-fail|p2a: Chien-Pao\n|move|p2b: Flutter Mane|Dazzling Gleam|p1b: Indeedee|[spread] p1a,p1b\n|-resisted|p1a: Armarouge\n|-damage|p1a: Armarouge|24\/100\n|-damage|p1b: Indeedee|38\/100\n|move|p1a: Armarouge|Expanding Force|p2b: Flutter Mane\n|-damage|p2b: Flutter Mane|43\/100\n|-damage|p1a: Armarouge|14\/100|[from] item: Life Orb\n|\n|-heal|p1b: Indeedee|45\/100|[from] item: Leftovers\n|upkeep\n|turn|8\n|inactive|Katie Wolf has 30 seconds left.\n|\n|t:|1682315996\n|move|p2b: Flutter Mane|Protect|p2b: Flutter Mane\n|-singleturn|p2b: Flutter Mane|Protect\n|move|p1a: Armarouge|Protect|p1a: Armarouge\n|-singleturn|p1a: Armarouge|Protect\n|move|p2a: Chien-Pao|Protect|p2a: Chien-Pao\n|-singleturn|p2a: Chien-Pao|Protect\n|move|p1b: Indeedee|Heal Pulse|p1a: Armarouge\n|-activate|p1a: Armarouge|move: Protect\n|\n|-heal|p1b: Indeedee|51\/100|[from] item: Leftovers\n|upkeep\n|turn|9\n|inactive|Katie Wolf has 30 seconds left.\n|inactive|temerence has 30 seconds left.\n|\n|t:|1682316030\n|move|p1b: Indeedee|Follow Me|p1b: Indeedee\n|-singleturn|p1b: Indeedee|move: Follow Me\n|move|p2b: Flutter Mane|Dazzling Gleam|p1b: Indeedee|[spread] p1a,p1b\n|-resisted|p1a: Armarouge\n|-damage|p1a: Armarouge|0 fnt\n|-damage|p1b: Indeedee|22\/100\n|faint|p1a: Armarouge\n|move|p2a: Chien-Pao|Sacred Sword|p1b: Indeedee\n|-damage|p1b: Indeedee|0 fnt\n|faint|p1b: Indeedee\n|\n|upkeep\n|\n|t:|1682316040\n|switch|p1b: Iron Bundle|Iron Bundle, L50|100\/100 slp\n|turn|10\n|\n|t:|1682316054\n|move|p2b: Flutter Mane|Moonblast|p1b: Iron Bundle\n|-enditem|p1b: Iron Bundle|Focus Sash\n|-damage|p1b: Iron Bundle|1\/100 slp\n|-unboost|p1b: Iron Bundle|spa|1\n|cant|p1b: Iron Bundle|slp\n|move|p2a: Chien-Pao|Sacred Sword|p1b: Iron Bundle\n|-supereffective|p1b: Iron Bundle\n|-damage|p1b: Iron Bundle|0 fnt\n|faint|p1b: Iron Bundle\n|-end|p1b: Iron Bundle|Quark Drive|[silent]\n|\n|win|temerence\n|raw|Katie Wolf's rating: 1085 → 1065<\/strong> (-20 for losing)\n|raw|temerence's rating: 1120 → 1142<\/strong> (+22 for winning)\n|l|\u2606Katie Wolf\n","uploadtime":1682316072,"views":32,"p1id":"katiewolf","p2id":"temerence","formatid":"gen9vgc2023regulationc","rating":1065,"private":0,"password":""}