{"id":"gen9vgc2023regulationc-1859785189","p1":"mafumafusimpsimp","p2":"What4Eva","format":"[Gen 9] VGC 2023 Regulation C","log":"|j|\u2606mafumafusimpsimp\n|j|\u2606What4Eva\n|t:|1683564354\n|gametype|doubles\n|player|p1|mafumafusimpsimp|crasherwake|1608\n|player|p2|What4Eva|2|1695\n|teamsize|p1|6\n|teamsize|p2|6\n|gen|9\n|tier|[Gen 9] VGC 2023 Regulation C\n|rated|\n|rule|Species Clause: Limit one of each Pok\u00e9mon\n|rule|Item Clause: Limit one of each item\n|clearpoke\n|poke|p1|Chien-Pao, L50|\n|poke|p1|Flutter Mane, L50|\n|poke|p1|Kingambit, L50, F|\n|poke|p1|Iron Hands, L50|\n|poke|p1|Iron Bundle, L50|\n|poke|p1|Amoonguss, L50, M|\n|poke|p2|Maushold-Four, L50|\n|poke|p2|Annihilape, L50, F|\n|poke|p2|Dondozo, L50, M|\n|poke|p2|Tatsugiri, L50, F|\n|poke|p2|Talonflame, L50, F|\n|poke|p2|Flutter Mane, L50|\n|teampreview|4\n|inactive|Battle timer is ON: inactive players will automatically lose when time's up. (requested by What4Eva)\nmafumafusimpsimp has agreed to open team sheets.\n|\n|t:|1683564386\n|start\n|switch|p1a: Flutter Pain|Flutter Mane, L50|100\/100\n|switch|p1b: Iron Fumble|Iron Bundle, L50|100\/100\n|switch|p2a: Talonflame|Talonflame, L50, F|100\/100\n|switch|p2b: Flutter Mane|Flutter Mane, L50|100\/100\n|-enditem|p2b: Flutter Mane|Booster Energy\n|-activate|p2b: Flutter Mane|ability: Protosynthesis|[fromitem]\n|-start|p2b: Flutter Mane|protosynthesisspa\n|-enditem|p1a: Flutter Pain|Booster Energy\n|-activate|p1a: Flutter Pain|ability: Protosynthesis|[fromitem]\n|-start|p1a: Flutter Pain|protosynthesisspa\n|turn|1\n|inactive|What4Eva has 30 seconds left.\n|inactive|What4Eva has 20 seconds left.\n|inactive|What4Eva has 15 seconds left.\n|\n|t:|1683564426\n|-end|p1a: Flutter Pain|Protosynthesis|[silent]\n|switch|p1a: Queen Gambit|Kingambit, L50, F|100\/100\n|move|p2b: Flutter Mane|Protect|p2b: Flutter Mane\n|-singleturn|p2b: Flutter Mane|Protect\n|move|p2a: Talonflame|Tailwind|p2a: Talonflame\n|-sidestart|p2: What4Eva|move: Tailwind\n|move|p1b: Iron Fumble|Icy Wind|p2b: Flutter Mane|[spread] p2a\n|-activate|p2b: Flutter Mane|move: Protect\n|-damage|p2a: Talonflame|69\/100\n|-unboost|p2a: Talonflame|spe|1\n|\n|upkeep\n|turn|2\n|\n|t:|1683564447\n|move|p2b: Flutter Mane|Dazzling Gleam|p1a: Queen Gambit|[spread] p1a,p1b\n|-damage|p1a: Queen Gambit|58\/100\n|-damage|p1b: Iron Fumble|25\/100\n|move|p2a: Talonflame|Brave Bird|p1b: Iron Fumble\n|-damage|p1b: Iron Fumble|0 fnt\n|faint|p1b: Iron Fumble\n|-end|p1b: Iron Fumble|Quark Drive|[silent]\n|-damage|p2a: Talonflame|62\/100|[from] Recoil\n|move|p1a: Queen Gambit|Iron Head|p2b: Flutter Mane\n|-supereffective|p2b: Flutter Mane\n|-damage|p2b: Flutter Mane|0 fnt\n|faint|p2b: Flutter Mane\n|-end|p2b: Flutter Mane|Protosynthesis|[silent]\n|\n|upkeep\n|\n|t:|1683564470\n|switch|p1b: Cat|Chien-Pao, L50|100\/100\n|switch|p2b: Dondozo|Dondozo, L50, M|100\/100\n|-ability|p1b: Cat|Sword of Ruin\n|turn|3\n|\n|t:|1683564493\n|-terastallize|p1a: Queen Gambit|Flying\n|move|p1b: Cat|Protect|p1b: Cat\n|-singleturn|p1b: Cat|Protect\n|move|p2a: Talonflame|Taunt|p1b: Cat\n|-activate|p1b: Cat|move: Protect\n|move|p2b: Dondozo|Earthquake|p1b: Cat|[spread] \n|-activate|p1b: Cat|move: Protect\n|-immune|p2a: Talonflame\n|-immune|p1a: Queen Gambit\n|move|p1a: Queen Gambit|Tera Blast|p2a: Talonflame\n|-damage|p2a: Talonflame|0 fnt\n|faint|p2a: Talonflame\n|\n|upkeep\n|\n|t:|1683564507\n|switch|p2a: Tatsugiri|Tatsugiri, L50, F|100\/100\n|-activate|p2a: Tatsugiri|ability: Commander|[of] p2b: Dondozo\n|-boost|p2b: Dondozo|atk|2\n|-boost|p2b: Dondozo|spa|2\n|-boost|p2b: Dondozo|spe|2\n|-boost|p2b: Dondozo|def|2\n|-boost|p2b: Dondozo|spd|2\n|turn|4\n|\n|t:|1683564518\n|move|p2b: Dondozo|Rock Slide|p1b: Cat|[spread] p1a\n|-miss|p2b: Dondozo|p1b: Cat\n|-supereffective|p1a: Queen Gambit\n|-damage|p1a: Queen Gambit|0 fnt\n|faint|p1a: Queen Gambit\n|move|p1b: Cat|Sacred Sword|p2b: Dondozo\n|-damage|p2b: Dondozo|65\/100\n|-damage|p1b: Cat|91\/100|[from] item: Life Orb\n|\n|-sideend|p2: What4Eva|move: Tailwind\n|upkeep\n|\n|t:|1683564524\n|switch|p1a: Flutter Pain|Flutter Mane, L50|100\/100\n|turn|5\n|\n|t:|1683564537\n|move|p1b: Cat|Protect|p1b: Cat\n|-singleturn|p1b: Cat|Protect\n|move|p1a: Flutter Pain|Moonblast|p2b: Dondozo\n|-damage|p2b: Dondozo|49\/100\n|move|p2b: Dondozo|Liquidation|p1a: Flutter Pain\n|-damage|p1a: Flutter Pain|0 fnt\n|faint|p1a: Flutter Pain\n|-end|p1a: Flutter Pain|Protosynthesis|[silent]\n|\n|upkeep\n|turn|6\n|\n|t:|1683564548\n|move|p1b: Cat|Sacred Sword|p2b: Dondozo\n|-damage|p2b: Dondozo|17\/100\n|-damage|p1b: Cat|81\/100|[from] item: Life Orb\n|move|p2b: Dondozo|Rock Slide|p1b: Cat|[miss]\n|-miss|p2b: Dondozo|p1b: Cat\n|\n|upkeep\n|turn|7\n|\n|t:|1683564559\n|move|p1b: Cat|Sacred Sword|p2b: Dondozo\n|-damage|p2b: Dondozo|0 fnt\n|faint|p2b: Dondozo\n|-damage|p1b: Cat|72\/100|[from] item: Life Orb\n|\n|upkeep\n|turn|8\n|inactive|What4Eva has 30 seconds left.\n|\n|t:|1683564585\n|-terastallize|p2a: Tatsugiri|Poison\n|move|p1b: Cat|Sucker Punch|p2a: Tatsugiri\n|-enditem|p2a: Tatsugiri|Focus Sash\n|-damage|p2a: Tatsugiri|1\/100\n|-damage|p1b: Cat|62\/100|[from] item: Life Orb\n|move|p2a: Tatsugiri|Icy Wind|p1b: Cat\n|-resisted|p1b: Cat\n|-damage|p1b: Cat|47\/100\n|-unboost|p1b: Cat|spe|1\n|\n|upkeep\n|turn|9\n|-message|What4Eva forfeited.\n|\n|win|mafumafusimpsimp\n|raw|mafumafusimpsimp's rating: 1608 → 1633<\/strong> (+25 for winning)\n|raw|What4Eva's rating: 1695 → 1670<\/strong> (-25 for losing)\n|l|\u2606What4Eva\n|c|\u2606mafumafusimpsimp|gg\n|l|\u2606mafumafusimpsimp\n","uploadtime":1683564631,"views":4,"p1id":"mafumafusimpsimp","p2id":"what4eva","formatid":"gen9vgc2023regulationc","rating":1633,"private":0,"password":""}