{"id":"gen9vgc2023regulationc-1855390627","p1":"your local x-9","p2":"Gayangos","format":"[Gen 9] VGC 2023 Regulation C","log":"|j|\u2606your local x-9\n|j|\u2606Gayangos\n|t:|1682946607\n|gametype|doubles\n|player|p1|your local x-9|dahlia|1338\n|player|p2|Gayangos|265|1374\n|teamsize|p1|6\n|teamsize|p2|6\n|gen|9\n|tier|[Gen 9] VGC 2023 Regulation C\n|rated|\n|rule|Species Clause: Limit one of each Pok\u00e9mon\n|rule|Item Clause: Limit one of each item\n|clearpoke\n|poke|p1|Gholdengo, L50|\n|poke|p1|Maushold-Four, L50|\n|poke|p1|Flutter Mane, L50|\n|poke|p1|Wo-Chien, L50|\n|poke|p1|Palafin, L50, F|\n|poke|p1|Arcanine, L50, F|\n|poke|p2|Baxcalibur, L50, M|\n|poke|p2|Ting-Lu, L50|\n|poke|p2|Flutter Mane, L50|\n|poke|p2|Amoonguss, L50, M|\n|poke|p2|Arcanine, L50, M|\n|poke|p2|Palafin, L50, F|\n|teampreview|4\nyour local x-9 has agreed to open team sheets.\n|c|\u2606your local x-9|Glhf\n|inactive|Battle timer is ON: inactive players will automatically lose when time's up. (requested by Gayangos)\n|\n|t:|1682946679\n|start\n|switch|p1a: badonkadonk|Flutter Mane, L50|100\/100\n|switch|p1b: Palafin|Palafin, L50, F|100\/100\n|switch|p2a: Palafin|Palafin, L50, F|100\/100\n|switch|p2b: Ting-Lu|Ting-Lu, L50|100\/100\n|-ability|p2b: Ting-Lu|Vessel of Ruin\n|turn|1\n|c|\u2606Gayangos|Gl\n|inactive|your local x-9 has 30 seconds left.\n|inactive|Gayangos has 30 seconds left.\n|\n|t:|1682946712\n|detailschange|p1b: Palafin|Palafin-Hero, L50, F\n|switch|p1b: Homer|Wo-Chien, L50|100\/100\n|-ability|p1b: Homer|Tablets of Ruin\n|detailschange|p2a: Palafin|Palafin-Hero, L50, F\n|switch|p2a: Flutter Mane|Flutter Mane, L50|100\/100\n|-terastallize|p2b: Ting-Lu|Poison\n|move|p1a: badonkadonk|Dazzling Gleam|p2b: Ting-Lu|[spread] p2a,p2b\n|-resisted|p2b: Ting-Lu\n|-damage|p2a: Flutter Mane|65\/100\n|-damage|p2b: Ting-Lu|93\/100\n|move|p2b: Ting-Lu|Heavy Slam|p1a: badonkadonk\n|-supereffective|p1a: badonkadonk\n|-damage|p1a: badonkadonk|6\/100\n|\n|upkeep\n|turn|2\n|inactive|your local x-9 has 30 seconds left.\n|inactive|your local x-9 has 20 seconds left.\n|\n|t:|1682946749\n|-end|p1a: badonkadonk|Protosynthesis|[silent]\n|switch|p1a: Maushold|Maushold-Four, L50|100\/100\n|-terastallize|p1b: Homer|Water\n|move|p2a: Flutter Mane|Dazzling Gleam|p1b: Homer|[spread] p1a,p1b\n|-damage|p1a: Maushold|63\/100\n|-damage|p1b: Homer|88\/100\n|move|p1b: Homer|Pollen Puff|p1a: Maushold\n|-heal|p1a: Maushold|100\/100\n|move|p2b: Ting-Lu|Stomping Tantrum|p1b: Homer\n|-damage|p1b: Homer|73\/100\n|\n|upkeep\n|turn|3\n|inactive|Gayangos has 30 seconds left.\n|\n|t:|1682946779\n|-end|p2a: Flutter Mane|Protosynthesis|[silent]\n|switch|p2a: Baxcalibur|Baxcalibur, L50, M, shiny|100\/100\n|move|p1a: Maushold|Super Fang|p2b: Ting-Lu\n|-damage|p2b: Ting-Lu|47\/100\n|move|p1b: Homer|Giga Drain|p2a: Baxcalibur\n|-resisted|p2a: Baxcalibur\n|-crit|p2a: Baxcalibur\n|-damage|p2a: Baxcalibur|89\/100\n|-heal|p1b: Homer|80\/100|[from] drain|[of] p2a: Baxcalibur\n|move|p2b: Ting-Lu|Fissure|p1b: Homer|[miss]\n|-miss|p2b: Ting-Lu|p1b: Homer\n|\n|upkeep\n|turn|4\n|\n|t:|1682946800\n|move|p1a: Maushold|Protect|p1a: Maushold\n|-singleturn|p1a: Maushold|Protect\n|move|p2a: Baxcalibur|Icicle Crash|p1a: Maushold\n|-activate|p1a: Maushold|move: Protect\n|move|p1b: Homer|Foul Play|p2a: Baxcalibur\n|-damage|p2a: Baxcalibur|36\/100\n|move|p2b: Ting-Lu|Stomping Tantrum|p1a: Maushold\n|-activate|p1a: Maushold|move: Protect\n|\n|upkeep\n|turn|5\n|inactive|your local x-9 has 30 seconds left.\n|\n|t:|1682946833\n|move|p1a: Maushold|Super Fang|p2b: Ting-Lu\n|-damage|p2b: Ting-Lu|24\/100\n|move|p2a: Baxcalibur|Glaive Rush|p1b: Homer\n|-damage|p1b: Homer|50\/100\n|-singlemove|p2a: Baxcalibur|Glaive Rush|[silent]\n|move|p1b: Homer|Foul Play|p2a: Baxcalibur\n|-damage|p2a: Baxcalibur|0 fnt\n|faint|p2a: Baxcalibur\n|move|p2b: Ting-Lu|Throat Chop|p1b: Homer\n|-damage|p1b: Homer|35\/100\n|-start|p1b: Homer|Throat Chop|[silent]\n|\n|upkeep\n|\n|t:|1682946847\n|switch|p2a: Flutter Mane|Flutter Mane, L50|65\/100\n|turn|6\n|inactive|your local x-9 has 30 seconds left.\n|\n|t:|1682946873\n|switch|p1b: badonkadonk|Flutter Mane, L50|6\/100\n|switch|p2b: Palafin|Palafin-Hero, L50, F|100\/100\n|-activate|p2b: Palafin|ability: Zero to Hero\n|move|p1a: Maushold|Protect|p1a: Maushold\n|-singleturn|p1a: Maushold|Protect\n|move|p2a: Flutter Mane|Thunderbolt|p1b: badonkadonk\n|-damage|p1b: badonkadonk|0 fnt\n|faint|p1b: badonkadonk\n|-end|p1b: badonkadonk|Protosynthesis|[silent]\n|\n|upkeep\n|\n|t:|1682946884\n|switch|p1b: Homer|Wo-Chien, L50, tera:Water|35\/100\n|-ability|p1b: Homer|Tablets of Ruin\n|turn|7\n|\n|t:|1682946889\n|move|p1a: Maushold|Follow Me|p1a: Maushold\n|-singleturn|p1a: Maushold|move: Follow Me\n|move|p2a: Flutter Mane|Thunderbolt|p1a: Maushold\n|-damage|p1a: Maushold|53\/100\n|move|p2b: Palafin|Wave Crash|p1a: Maushold\n|-damage|p1a: Maushold|0 fnt\n|faint|p1a: Maushold\n|-damage|p2b: Palafin|86\/100|[from] Recoil\n|move|p1b: Homer|Giga Drain|p2b: Palafin\n|-supereffective|p2b: Palafin\n|-damage|p2b: Palafin|37\/100\n|-heal|p1b: Homer|62\/100|[from] drain|[of] p2b: Palafin\n|\n|upkeep\n|\n|t:|1682946903\n|switch|p1a: Palafin|Palafin-Hero, L50, F|100\/100\n|-activate|p1a: Palafin|ability: Zero to Hero\n|turn|8\n|\n|t:|1682946915\n|move|p2b: Palafin|Protect|p2b: Palafin\n|-singleturn|p2b: Palafin|Protect\n|move|p1a: Palafin|Jet Punch|p2a: Flutter Mane\n|-damage|p2a: Flutter Mane|3\/100\n|move|p2a: Flutter Mane|Thunderbolt|p1b: Homer\n|-supereffective|p1b: Homer\n|-damage|p1b: Homer|10\/100\n|move|p1b: Homer|Foul Play|p2b: Palafin\n|-activate|p2b: Palafin|move: Protect\n|\n|upkeep\n|turn|9\n|c|\u2606your local x-9|Wo Chien difference\n|\n|t:|1682946938\n|move|p1a: Palafin|Jet Punch|p2a: Flutter Mane\n|-damage|p2a: Flutter Mane|0 fnt\n|faint|p2a: Flutter Mane\n|-end|p2a: Flutter Mane|Protosynthesis|[silent]\n|move|p2b: Palafin|Wave Crash|p1b: Homer\n|-resisted|p1b: Homer\n|-damage|p1b: Homer|0 fnt\n|faint|p1b: Homer\n|-damage|p2b: Palafin|34\/100|[from] Recoil\n|\n|upkeep\n|\n|t:|1682946941\n|switch|p2a: Ting-Lu|Ting-Lu, L50, tera:Poison|24\/100\n|-ability|p2a: Ting-Lu|Vessel of Ruin\n|turn|10\n|\n|t:|1682946948\n|move|p2b: Palafin|Protect|p2b: Palafin\n|-singleturn|p2b: Palafin|Protect\n|move|p1a: Palafin|Wave Crash|p2a: Ting-Lu\n|-damage|p2a: Ting-Lu|0 fnt\n|faint|p2a: Ting-Lu\n|-damage|p1a: Palafin|92\/100|[from] Recoil\n|\n|upkeep\n|turn|11\n|c|\u2606your local x-9|gg\n|\n|t:|1682946958\n|move|p1a: Palafin|Wave Crash|p2b: Palafin\n|-resisted|p2b: Palafin\n|-damage|p2b: Palafin|0 fnt\n|faint|p2b: Palafin\n|-damage|p1a: Palafin|81\/100|[from] Recoil\n|\n|win|your local x-9\n|raw|your local x-9's rating: 1338 → 1360<\/strong> (+22 for winning)\n|raw|Gayangos's rating: 1374 → 1352<\/strong> (-22 for losing)\n|l|\u2606Gayangos\n","uploadtime":1682946969,"views":20,"p1id":"yourlocalx9","p2id":"gayangos","formatid":"gen9vgc2023regulationc","rating":1352,"private":0,"password":""}