{"id":"gen9vgc2023regulationc-1851516644","p1":"Bellatrix2022","p2":"chefstony24","format":"[Gen 9] VGC 2023 Regulation C","log":"|j|\u2606Bellatrix2022\n|j|\u2606chefstony24\n|t:|1682451780\n|gametype|doubles\n|player|p1|Bellatrix2022|265|\n|player|p2|chefstony24|170|\n|teamsize|p1|6\n|teamsize|p2|4\n|gen|9\n|tier|[Gen 9] VGC 2023 Regulation C\n|rule|Species Clause: Limit one of each Pok\u00e9mon\n|rule|Item Clause: Limit one of each item\n|clearpoke\n|poke|p1|Mimikyu, L50, M|\n|poke|p1|Gyarados, L50, M|\n|poke|p1|Torkoal, L50, M|\n|poke|p1|Breloom, L50, F|\n|poke|p1|Gallade, L50, M|\n|poke|p1|Farigiraf, L50, M|\n|poke|p2|Annihilape, L50, F|\n|poke|p2|Amoonguss, L50, F|\n|poke|p2|Armarouge, L50, M|\n|poke|p2|Indeedee-F, L50, F|\n|teampreview|4\n|\n|t:|1682451795\n|start\n|switch|p1a: Farigiraf|Farigiraf, L50, M, shiny|100\/100\n|switch|p1b: Gallade|Gallade, L50, M, shiny|100\/100\n|switch|p2a: Annihilape|Annihilape, L50, F|100\/100\n|switch|p2b: Indeedee|Indeedee-F, L50, F|100\/100\n|-fieldstart|move: Psychic Terrain|[from] ability: Psychic Surge|[of] p2b: Indeedee\n|turn|1\n|\n|t:|1682451845\n|-terastallize|p1a: Farigiraf|Normal\n|move|p2a: Annihilape|Phantom Force||[still]\n|-prepare|p2a: Annihilape|Phantom Force\n|move|p1b: Gallade|Leaf Blade|p2b: Indeedee\n|-enditem|p2b: Indeedee|Focus Sash\n|-damage|p2b: Indeedee|1\/100\n|move|p2b: Indeedee|Trick Room|p2b: Indeedee\n|-fieldstart|move: Trick Room|[of] p2b: Indeedee\n|move|p1a: Farigiraf|Trick Room|p1a: Farigiraf\n|-fieldend|move: Trick Room\n|\n|upkeep\n|turn|2\n|\n|t:|1682451868\n|move|p2a: Annihilape|Phantom Force|p1b: Gallade|[from]lockedmove\n|-supereffective|p1b: Gallade\n|-damage|p1b: Gallade|0 fnt\n|faint|p1b: Gallade\n|move|p2b: Indeedee|Imprison|p2b: Indeedee\n|-start|p2b: Indeedee|move: Imprison\n|cant|p1a: Farigiraf|move: Imprison|Shadow Ball\n|\n|upkeep\n|\n|t:|1682451880\n|switch|p1b: Gyarados|Gyarados, L50, M, shiny|100\/100\n|turn|3\n|\n|t:|1682451890\n|move|p2b: Indeedee|Follow Me|p2b: Indeedee\n|-singleturn|p2b: Indeedee|move: Follow Me\n|move|p2a: Annihilape|Phantom Force||[still]\n|-prepare|p2a: Annihilape|Phantom Force\n|move|p1b: Gyarados|Crunch|p2b: Indeedee\n|-supereffective|p2b: Indeedee\n|-damage|p2b: Indeedee|0 fnt\n|faint|p2b: Indeedee\n|-ability|p1b: Gyarados|Moxie|boost\n|-boost|p1b: Gyarados|atk|1\n|move|p1a: Farigiraf|Hyper Voice|p2a: Annihilape|[miss]\n|-miss|p1a: Farigiraf|p2a: Annihilape\n|\n|upkeep\n|\n|t:|1682451905\n|switch|p2b: Armarouge|Armarouge, L50, M|100\/100\n|turn|4\n|\n|t:|1682451920\n|-terastallize|p2b: Armarouge|Dark\n|move|p2a: Annihilape|Phantom Force|p1b: Gyarados|[from]lockedmove\n|-damage|p1b: Gyarados|29\/100\n|move|p2b: Armarouge|Aura Sphere|p1a: Farigiraf\n|-supereffective|p1a: Farigiraf\n|-crit|p1a: Farigiraf\n|-damage|p1a: Farigiraf|17\/100\n|move|p1b: Gyarados|Crunch|p2a: Annihilape\n|-damage|p2a: Annihilape|50\/100\n|move|p1a: Farigiraf|Hyper Voice|p2b: Armarouge|[spread] p2b\n|-immune|p2a: Annihilape\n|-damage|p2b: Armarouge|54\/100\n|-enditem|p1a: Farigiraf|Throat Spray\n|-boost|p1a: Farigiraf|spa|1|[from] item: Throat Spray\n|\n|-heal|p2b: Armarouge|60\/100|[from] item: Leftovers\n|upkeep\n|turn|5\n|\n|t:|1682451959\n|move|p1a: Farigiraf|Protect|p1a: Farigiraf\n|-singleturn|p1a: Farigiraf|Protect\n|move|p2a: Annihilape|Phantom Force||[still]\n|-prepare|p2a: Annihilape|Phantom Force\n|move|p2b: Armarouge|Aura Sphere|p1a: Farigiraf\n|-activate|p1a: Farigiraf|move: Protect\n|move|p1b: Gyarados|Earthquake|p2a: Annihilape|[spread] p2b\n|-miss|p1b: Gyarados|p2a: Annihilape\n|-activate|p1a: Farigiraf|move: Protect\n|-damage|p2b: Armarouge|18\/100\n|\n|-heal|p2b: Armarouge|24\/100|[from] item: Leftovers\n|-fieldend|move: Psychic Terrain\n|upkeep\n|turn|6\n|\n|t:|1682451985\n|move|p2a: Annihilape|Phantom Force|p1b: Gyarados|[from]lockedmove\n|-damage|p1b: Gyarados|0 fnt\n|faint|p1b: Gyarados\n|move|p2b: Armarouge|Aura Sphere|p1a: Farigiraf\n|-supereffective|p1a: Farigiraf\n|-damage|p1a: Farigiraf|0 fnt\n|faint|p1a: Farigiraf\n|\n|-heal|p2b: Armarouge|31\/100|[from] item: Leftovers\n|upkeep\n|\n|t:|1682451998\n|switch|p1b: Torkoal|Torkoal, L50, M|100\/100\n|-weather|SunnyDay|[from] ability: Drought|[of] p1b: Torkoal\n|turn|7\n|\n|t:|1682452027\n|move|p2a: Annihilape|Phantom Force||[still]\n|-prepare|p2a: Annihilape|Phantom Force\n|move|p2b: Armarouge|Dark Pulse|p1b: Torkoal\n|-damage|p1b: Torkoal|21\/100\n|move|p1b: Torkoal|Solar Beam||[still]\n|-prepare|p1b: Torkoal|Solar Beam\n|-anim|p1b: Torkoal|Solar Beam|p2b: Armarouge\n|-damage|p2b: Armarouge|0 fnt\n|faint|p2b: Armarouge\n|\n|-weather|SunnyDay|[upkeep]\n|upkeep\n|\n|t:|1682452046\n|switch|p2b: Amoonguss|Amoonguss, L50, F|100\/100\n|turn|8\n|\n|t:|1682452070\n|move|p2a: Annihilape|Phantom Force|p1b: Torkoal|[from]lockedmove\n|-damage|p1b: Torkoal|0 fnt\n|faint|p1b: Torkoal\n|\n|win|chefstony24\n|l|\u2606Bellatrix2022\n","uploadtime":1682452102,"views":15,"p1id":"bellatrix2022","p2id":"chefstony24","formatid":"gen9vgc2023regulationc","rating":0,"private":0,"password":""}