{"id":"gen9vgc2023regulationc-1864125188","p1":"thatshuffle42","p2":"Atloy","format":"[Gen 9] VGC 2023 Regulation C","log":"|j|\u2606thatshuffle42\n|j|\u2606Atloy\n|t:|1684121099\n|gametype|doubles\n|player|p1|thatshuffle42|rosa|1219\n|player|p2|Atloy|gambler|1124\n|teamsize|p1|6\n|teamsize|p2|6\n|gen|9\n|tier|[Gen 9] VGC 2023 Regulation C\n|rated|\n|rule|Species Clause: Limit one of each Pok\u00e9mon\n|rule|Item Clause: Limit one of each item\n|clearpoke\n|poke|p1|Abomasnow, L50, F|\n|poke|p1|Salamence, L50, M|\n|poke|p1|Chi-Yu, L50|\n|poke|p1|Iron Bundle, L50|\n|poke|p1|Hawlucha, L50, F|\n|poke|p1|Indeedee-F, L50, F|\n|poke|p2|Volcarona, L50, M|\n|poke|p2|Klefki, L50, M|\n|poke|p2|Corviknight, L50, F|\n|poke|p2|Garchomp, L50, M|\n|poke|p2|Gyarados, L50, F|\n|poke|p2|Annihilape, L50, M|\n|teampreview|4\n|inactive|Battle timer is ON: inactive players will automatically lose when time's up. (requested by thatshuffle42)\n|c|\u2606thatshuffle42|glhf\nthatshuffle42 has agreed to open team sheets.\n|c|\u2606Atloy|glhf\n|inactive|thatshuffle42 has 60 seconds left.\n|inactive|Atloy has 60 seconds left.\n|inactive|Atloy has 30 seconds left.\n|\n|t:|1684121167\n|start\n|switch|p1a: Abomasnow|Abomasnow, L50, F|100\/100\n|switch|p1b: Indeedee|Indeedee-F, L50, F|100\/100\n|switch|p2a: Klefki|Klefki, L50, M|100\/100\n|switch|p2b: Volcarona|Volcarona, L50, M|100\/100\n|-fieldstart|move: Psychic Terrain|[from] ability: Psychic Surge|[of] p1b: Indeedee\n|-weather|Snow|[from] ability: Snow Warning|[of] p1a: Abomasnow\n|turn|1\n|\n|t:|1684121186\n|switch|p1b: Hawlucha|Hawlucha, L50, F|100\/100\n|-enditem|p1b: Hawlucha|Psychic Seed\n|-boost|p1b: Hawlucha|spd|1|[from] item: Psychic Seed\n|move|p2a: Klefki|Light Screen|p2a: Klefki\n|-sidestart|p2: Atloy|move: Light Screen\n|move|p2b: Volcarona|Fiery Dance|p1a: Abomasnow\n|-supereffective|p1a: Abomasnow\n|-damage|p1a: Abomasnow|0 fnt\n|-boost|p2b: Volcarona|spa|1\n|faint|p1a: Abomasnow\n|\n|-weather|Snow|[upkeep]\n|upkeep\n|\n|t:|1684121199\n|switch|p1a: Indeedee|Indeedee-F, L50, F|100\/100\n|turn|2\n|\n|t:|1684121219\n|move|p2b: Volcarona|Protect|p2b: Volcarona\n|-singleturn|p2b: Volcarona|Protect\n|move|p1a: Indeedee|Follow Me|p1a: Indeedee\n|-singleturn|p1a: Indeedee|move: Follow Me\n|move|p2a: Klefki|Reflect|p2a: Klefki\n|-sidestart|p2: Atloy|Reflect\n|move|p1b: Hawlucha|Swords Dance|p1b: Hawlucha\n|-boost|p1b: Hawlucha|atk|2\n|\n|-weather|Snow|[upkeep]\n|upkeep\n|turn|3\n|\n|t:|1684121241\n|switch|p1a: Chi-Yu|Chi-Yu, L50|100\/100\n|-ability|p1a: Chi-Yu|Beads of Ruin\n|move|p2a: Klefki|Thunder Wave|p1a: Chi-Yu\n|-activate|p1a: Chi-Yu|move: Psychic Terrain\n|move|p1b: Hawlucha|Acrobatics|p2b: Volcarona\n|-supereffective|p2b: Volcarona\n|-damage|p2b: Volcarona|0 fnt\n|faint|p2b: Volcarona\n|\n|-weather|Snow|[upkeep]\n|upkeep\n|\n|t:|1684121253\n|switch|p2b: Garchomp|Garchomp, L50, M|100\/100\n|turn|4\n|\n|t:|1684121273\n|move|p1a: Chi-Yu|Protect|p1a: Chi-Yu\n|-singleturn|p1a: Chi-Yu|Protect\n|move|p1b: Hawlucha|Acrobatics|p2b: Garchomp\n|-damage|p2b: Garchomp|35\/100\n|-damage|p1b: Hawlucha|88\/100|[from] ability: Rough Skin|[of] p2b: Garchomp\n|move|p2b: Garchomp|Earthquake|p1b: Hawlucha|[spread] p2a\n|-activate|p1a: Chi-Yu|move: Protect\n|-immune|p1b: Hawlucha\n|-supereffective|p2a: Klefki\n|-damage|p2a: Klefki|44\/100\n|move|p2a: Klefki|Dazzling Gleam|p1b: Hawlucha|[spread] p1b\n|-activate|p1a: Chi-Yu|move: Protect\n|-supereffective|p1b: Hawlucha\n|-damage|p1b: Hawlucha|44\/100\n|\n|-weather|Snow|[upkeep]\n|upkeep\n|turn|5\n|\n|t:|1684121291\n|switch|p2b: Corviknight|Corviknight, L50, F|100\/100\n|move|p1b: Hawlucha|Acrobatics|p2b: Corviknight\n|-resisted|p2b: Corviknight\n|-damage|p2b: Corviknight|73\/100\n|move|p1a: Chi-Yu|Heat Wave|p2a: Klefki|[spread] p2a,p2b\n|-supereffective|p2a: Klefki\n|-supereffective|p2b: Corviknight\n|-damage|p2a: Klefki|0 fnt\n|-damage|p2b: Corviknight|22\/100\n|faint|p2a: Klefki\n|\n|-weather|none\n|-fieldend|move: Psychic Terrain\n|upkeep\n|\n|t:|1684121302\n|switch|p2a: Garchomp|Garchomp, L50, M|35\/100\n|turn|6\n|\n|t:|1684121309\n|move|p1b: Hawlucha|Acrobatics|p2a: Garchomp\n|-damage|p2a: Garchomp|0 fnt\n|-damage|p1b: Hawlucha|32\/100|[from] ability: Rough Skin|[of] p2a: Garchomp\n|faint|p2a: Garchomp\n|move|p1a: Chi-Yu|Heat Wave|p2b: Corviknight\n|-supereffective|p2b: Corviknight\n|-damage|p2b: Corviknight|0 fnt\n|faint|p2b: Corviknight\n|\n|win|thatshuffle42\n|raw|thatshuffle42's rating: 1219 → 1237<\/strong> (+18 for winning)\n|raw|Atloy's rating: 1124 → 1106<\/strong> (-18 for losing)\n","uploadtime":1684121321,"views":7,"p1id":"thatshuffle42","p2id":"atloy","formatid":"gen9vgc2023regulationc","rating":1106,"private":0,"password":""}