{"id":"gen9vgc2023regulationc-1848429215","p1":"sjkAfatdog","p2":"Bamssee","format":"[Gen 9] VGC 2023 Regulation C","log":"|j|\u2606sjkAfatdog\n|j|\u2606Bamssee\n|t:|1682076965\n|gametype|doubles\n|player|p1|sjkAfatdog|101|1258\n|player|p2|Bamssee|benga|1220\n|teamsize|p1|6\n|teamsize|p2|6\n|gen|9\n|tier|[Gen 9] VGC 2023 Regulation C\n|rated|\n|rule|Species Clause: Limit one of each Pok\u00e9mon\n|rule|Item Clause: Limit one of each item\n|clearpoke\n|poke|p1|Grimmsnarl, L50, M|\n|poke|p1|Arcanine, L50, F|\n|poke|p1|Glimmora, L50, M|\n|poke|p1|Roaring Moon, L50|\n|poke|p1|Gastrodon, L50, F|\n|poke|p1|Chien-Pao, L50|\n|poke|p2|Corviknight, L50, M|\n|poke|p2|Garchomp, L50, M|\n|poke|p2|Klefki, L50, M|\n|poke|p2|Roaring Moon, L50|\n|poke|p2|Flutter Mane, L50|\n|poke|p2|Rotom-Wash, L50|\n|teampreview|4\n|inactive|Battle timer is ON: inactive players will automatically lose when time's up. (requested by sjkAfatdog)\n|\n|t:|1682077011\n|start\n|switch|p1a: Grimmsnarl|Grimmsnarl, L50, M|100\/100\n|switch|p1b: Roaring Moon|Roaring Moon, L50|100\/100\n|switch|p2a: Casey|Corviknight, L50, M, shiny|100\/100\n|switch|p2b: Klefki|Klefki, L50, M|100\/100\n|turn|1\n|inactive|Bamssee has 30 seconds left.\n|\n|t:|1682077041\n|move|p2b: Klefki|Reflect|p2b: Klefki\n|-sidestart|p2: Bamssee|Reflect\n|move|p1a: Grimmsnarl|Reflect|p1a: Grimmsnarl\n|-sidestart|p1: sjkAfatdog|Reflect\n|move|p1b: Roaring Moon|Dragon Dance|p1b: Roaring Moon\n|-boost|p1b: Roaring Moon|atk|1\n|-boost|p1b: Roaring Moon|spe|1\n|move|p2a: Casey|Bulk Up|p2a: Casey\n|-boost|p2a: Casey|atk|1\n|-boost|p2a: Casey|def|1\n|\n|upkeep\n|turn|2\n|\n|t:|1682077061\n|move|p1a: Grimmsnarl|Light Screen|p1a: Grimmsnarl\n|-sidestart|p1: sjkAfatdog|move: Light Screen\n|move|p1b: Roaring Moon|Dragon Dance|p1b: Roaring Moon\n|-boost|p1b: Roaring Moon|atk|1\n|-boost|p1b: Roaring Moon|spe|1\n|move|p2b: Klefki|Dazzling Gleam|p1b: Roaring Moon|[spread] p1a,p1b\n|-supereffective|p1a: Grimmsnarl\n|-supereffective|p1b: Roaring Moon\n|-damage|p1a: Grimmsnarl|73\/100\n|-damage|p1b: Roaring Moon|63\/100\n|move|p2a: Casey|Bulk Up|p2a: Casey\n|-boost|p2a: Casey|atk|1\n|-boost|p2a: Casey|def|1\n|\n|upkeep\n|turn|3\n|\n|t:|1682077085\n|-terastallize|p1b: Roaring Moon|Fire\n|move|p1a: Grimmsnarl|Parting Shot|p2a: Casey\n|-ability|p2a: Casey|Mirror Armor\n|-unboost|p1a: Grimmsnarl|atk|1\n|-ability|p2a: Casey|Mirror Armor\n|-unboost|p1a: Grimmsnarl|spa|1\n|\n|t:|1682077105\n|switch|p1a: Gastrodon|Gastrodon, L50, F|100\/100|[from] Parting Shot\n|move|p1b: Roaring Moon|Brick Break|p2b: Klefki\n|-sideend|p2: Bamssee|Reflect\n|-crit|p2b: Klefki\n|-damage|p2b: Klefki|29\/100\n|move|p2b: Klefki|Dazzling Gleam|p1b: Roaring Moon|[spread] p1a,p1b\n|-resisted|p1b: Roaring Moon\n|-damage|p1a: Gastrodon|93\/100\n|-damage|p1b: Roaring Moon|58\/100\n|move|p2a: Casey|Body Press|p1b: Roaring Moon\n|-damage|p1b: Roaring Moon|29\/100\n|\n|-heal|p1a: Gastrodon|99\/100|[from] item: Leftovers\n|upkeep\n|turn|4\n|inactive|Bamssee has 30 seconds left.\n|inactive|Bamssee has 20 seconds left.\n|\n|t:|1682077144\n|move|p1b: Roaring Moon|Protect|p1b: Roaring Moon\n|-singleturn|p1b: Roaring Moon|Protect\n|move|p2b: Klefki|Reflect|p2b: Klefki\n|-sidestart|p2: Bamssee|Reflect\n|move|p2a: Casey|Bulk Up|p2a: Casey\n|-boost|p2a: Casey|atk|1\n|-boost|p2a: Casey|def|1\n|move|p1a: Gastrodon|Yawn|p2a: Casey\n|-start|p2a: Casey|move: Yawn|[of] p1a: Gastrodon\n|\n|-heal|p1a: Gastrodon|100\/100|[from] item: Leftovers\n|upkeep\n|turn|5\n|\n|t:|1682077165\n|move|p1b: Roaring Moon|Throat Chop|p2b: Klefki\n|-resisted|p2b: Klefki\n|-damage|p2b: Klefki|2\/100\n|-start|p2b: Klefki|Throat Chop|[silent]\n|move|p2b: Klefki|Dazzling Gleam|p1a: Gastrodon|[spread] p1a,p1b\n|-resisted|p1b: Roaring Moon\n|-damage|p1a: Gastrodon|92\/100\n|-damage|p1b: Roaring Moon|24\/100\n|move|p2a: Casey|Brave Bird|p1b: Roaring Moon\n|-damage|p1b: Roaring Moon|0 fnt\n|faint|p1b: Roaring Moon\n|-end|p1b: Roaring Moon|Protosynthesis|[silent]\n|-damage|p2a: Casey|92\/100|[from] Recoil\n|move|p1a: Gastrodon|Yawn||[still]\n|-fail|p1a: Gastrodon\n|\n|-heal|p1a: Gastrodon|98\/100|[from] item: Leftovers\n|-end|p2a: Casey|move: Yawn|[silent]\n|-status|p2a: Casey|slp\n|upkeep\n|\n|t:|1682077176\n|switch|p1b: Grimmsnarl|Grimmsnarl, L50, M|73\/100\n|turn|6\n|inactive|Bamssee has 30 seconds left.\n|\n|t:|1682077203\n|move|p1b: Grimmsnarl|Parting Shot|p2a: Casey\n|-ability|p2a: Casey|Mirror Armor\n|-unboost|p1b: Grimmsnarl|atk|1\n|-ability|p2a: Casey|Mirror Armor\n|-unboost|p1b: Grimmsnarl|spa|1\n|\n|t:|1682077207\n|switch|p1b: Arcanine|Arcanine, L50, F|100\/100|[from] Parting Shot\n|-ability|p1b: Arcanine|Intimidate|boost\n|-ability|p2a: Casey|Mirror Armor\n|-unboost|p1b: Arcanine|atk|1\n|-enditem|p1b: Arcanine|Eject Pack\n|-unboost|p2b: Klefki|atk|1\n|\n|t:|1682077212\n|switch|p1b: Grimmsnarl|Grimmsnarl, L50, M|73\/100\n|move|p2b: Klefki|Dazzling Gleam|p1b: Grimmsnarl|[spread] p1a,p1b\n|-supereffective|p1b: Grimmsnarl\n|-damage|p1a: Gastrodon|90\/100\n|-damage|p1b: Grimmsnarl|47\/100\n|cant|p2a: Casey|slp\n|move|p1a: Gastrodon|Earth Power|p2b: Klefki\n|-supereffective|p2b: Klefki\n|-damage|p2b: Klefki|0 fnt\n|faint|p2b: Klefki\n|\n|-heal|p1a: Gastrodon|96\/100|[from] item: Leftovers\n|upkeep\n|c|\u2606Bamssee|that is the funniest thing i have seen in this game\n|inactive|Bamssee has 30 seconds left.\n|\n|t:|1682077247\n|switch|p2b: Garchomp|Garchomp, L50, M|100\/100\n|turn|7\n|inactive|Bamssee has 30 seconds left.\n|\n|t:|1682077272\n|-terastallize|p2b: Garchomp|Fire\n|move|p1b: Grimmsnarl|Parting Shot|p2b: Garchomp\n|-unboost|p2b: Garchomp|atk|1\n|-unboost|p2b: Garchomp|spa|1\n|\n|t:|1682077279\n|switch|p1b: Arcanine|Arcanine, L50, F|100\/100|[from] Parting Shot\n|-ability|p1b: Arcanine|Intimidate|boost\n|-ability|p2a: Casey|Mirror Armor\n|-unboost|p1b: Arcanine|atk|1\n|-unboost|p2b: Garchomp|atk|1\n|move|p2b: Garchomp|Earthquake|p1a: Gastrodon|[spread] p1a,p1b\n|-immune|p2a: Casey\n|-supereffective|p1b: Arcanine\n|-damage|p1a: Gastrodon|82\/100\n|-damage|p1b: Arcanine|72\/100\n|-curestatus|p2a: Casey|slp|[msg]\n|move|p2a: Casey|Brave Bird|p1b: Arcanine\n|-damage|p1b: Arcanine|10\/100\n|-damage|p2a: Casey|73\/100|[from] Recoil\n|move|p1a: Gastrodon|Yawn|p2b: Garchomp\n|-start|p2b: Garchomp|move: Yawn|[of] p1a: Gastrodon\n|\n|-heal|p1a: Gastrodon|88\/100|[from] item: Leftovers\n|upkeep\n|turn|8\n|inactive|sjkAfatdog has 30 seconds left.\n|inactive|Bamssee has 30 seconds left.\n|\n|t:|1682077310\n|move|p1b: Arcanine|Protect|p1b: Arcanine\n|-singleturn|p1b: Arcanine|Protect\n|move|p2b: Garchomp|Earthquake|p1a: Gastrodon|[spread] p1a\n|-activate|p1b: Arcanine|move: Protect\n|-immune|p2a: Casey\n|-damage|p1a: Gastrodon|73\/100\n|move|p2a: Casey|Body Press|p1a: Gastrodon\n|-damage|p1a: Gastrodon|41\/100\n|move|p1a: Gastrodon|Yawn||[still]\n|-fail|p1a: Gastrodon\n|\n|-heal|p1a: Gastrodon|47\/100|[from] item: Leftovers\n|-end|p2b: Garchomp|move: Yawn|[silent]\n|-status|p2b: Garchomp|slp\n|-sideend|p1: sjkAfatdog|Reflect\n|upkeep\n|turn|9\n|inactive|Bamssee has 30 seconds left.\n|\n|t:|1682077337\n|switch|p2b: Roaring Moon|Roaring Moon, L50|100\/100\n|-enditem|p2b: Roaring Moon|Booster Energy\n|-activate|p2b: Roaring Moon|ability: Protosynthesis|[fromitem]\n|-start|p2b: Roaring Moon|protosynthesisspe\n|move|p1b: Arcanine|Overheat|p2a: Casey\n|-supereffective|p2a: Casey\n|-damage|p2a: Casey|0 fnt\n|-unboost|p1b: Arcanine|spa|2\n|faint|p2a: Casey\n|move|p1a: Gastrodon|Recover|p1a: Gastrodon\n|-heal|p1a: Gastrodon|97\/100\n|\n|-heal|p1a: Gastrodon|100\/100|[from] item: Leftovers\n|-sideend|p1: sjkAfatdog|move: Light Screen\n|upkeep\n|\n|t:|1682077350\n|switch|p2a: Garchomp|Garchomp, L50, M, tera:Fire|100\/100 slp\n|turn|10\n|inactive|Bamssee has 30 seconds left.\n|inactive|Bamssee has 20 seconds left.\n|inactive|Bamssee has 15 seconds left.\n|\n|t:|1682077391\n|move|p1b: Arcanine|Protect|p1b: Arcanine\n|-singleturn|p1b: Arcanine|Protect\n|move|p2b: Roaring Moon|Throat Chop|p1a: Gastrodon\n|-damage|p1a: Gastrodon|56\/100\n|-start|p1a: Gastrodon|Throat Chop|[silent]\n|cant|p2a: Garchomp|slp\n|move|p1a: Gastrodon|Yawn|p2b: Roaring Moon\n|-start|p2b: Roaring Moon|move: Yawn|[of] p1a: Gastrodon\n|\n|-heal|p1a: Gastrodon|62\/100|[from] item: Leftovers\n|upkeep\n|turn|11\n|inactive|sjkAfatdog has 30 seconds left.\n|\n|t:|1682077417\n|switch|p1b: Grimmsnarl|Grimmsnarl, L50, M|47\/100\n|move|p1a: Gastrodon|Protect|p1a: Gastrodon\n|-singleturn|p1a: Gastrodon|Protect\n|move|p2b: Roaring Moon|Throat Chop|p1a: Gastrodon\n|-activate|p1a: Gastrodon|move: Protect\n|cant|p2a: Garchomp|slp\n|\n|-heal|p1a: Gastrodon|68\/100|[from] item: Leftovers\n|-end|p1a: Gastrodon|Throat Chop|[silent]\n|-end|p2b: Roaring Moon|move: Yawn|[silent]\n|-status|p2b: Roaring Moon|slp\n|-sideend|p2: Bamssee|Reflect\n|upkeep\n|turn|12\n|inactive|Bamssee has 30 seconds left.\n|inactive|Bamssee has 20 seconds left.\n|\n|t:|1682077452\n|cant|p2b: Roaring Moon|slp\n|move|p1b: Grimmsnarl|Reflect|p1b: Grimmsnarl\n|-sidestart|p1: sjkAfatdog|Reflect\n|-curestatus|p2a: Garchomp|slp|[msg]\n|move|p2a: Garchomp|Rock Slide|p1a: Gastrodon|[spread] p1a,p1b\n|-resisted|p1a: Gastrodon\n|-damage|p1a: Gastrodon|62\/100\n|-damage|p1b: Grimmsnarl|34\/100\n|move|p1a: Gastrodon|Yawn|p2a: Garchomp\n|-start|p2a: Garchomp|move: Yawn|[of] p1a: Gastrodon\n|\n|-heal|p1a: Gastrodon|68\/100|[from] item: Leftovers\n|upkeep\n|turn|13\n|inactive|sjkAfatdog has 30 seconds left.\n|\n|t:|1682077480\n|move|p1b: Grimmsnarl|Parting Shot|p2a: Garchomp\n|-unboost|p2a: Garchomp|atk|1\n|-unboost|p2a: Garchomp|spa|1\n|\n|t:|1682077483\n|switch|p1b: Arcanine|Arcanine, L50, F|10\/100|[from] Parting Shot\n|-ability|p1b: Arcanine|Intimidate|boost\n|-unboost|p2a: Garchomp|atk|1\n|-unboost|p2b: Roaring Moon|atk|1\n|cant|p2b: Roaring Moon|slp\n|move|p2a: Garchomp|Rock Slide|p1b: Arcanine|[spread] p1b\n|-miss|p2a: Garchomp|p1a: Gastrodon\n|-supereffective|p1b: Arcanine\n|-damage|p1b: Arcanine|0 fnt\n|faint|p1b: Arcanine\n|move|p1a: Gastrodon|Earth Power|p2a: Garchomp\n|-supereffective|p2a: Garchomp\n|-damage|p2a: Garchomp|40\/100\n|\n|-heal|p1a: Gastrodon|74\/100|[from] item: Leftovers\n|-end|p2a: Garchomp|move: Yawn|[silent]\n|-status|p2a: Garchomp|slp\n|upkeep\n|inactive|sjkAfatdog has 30 seconds left.\n|inactive|sjkAfatdog has 20 seconds left.\n|\n|t:|1682077519\n|switch|p1b: Grimmsnarl|Grimmsnarl, L50, M|34\/100\n|turn|14\n|\n|t:|1682077529\n|move|p1b: Grimmsnarl|Parting Shot|p2b: Roaring Moon\n|-hint|Since gen 7, Dark is immune to Prankster moves.\n|-immune|p2b: Roaring Moon\n|cant|p2b: Roaring Moon|slp\n|cant|p2a: Garchomp|slp\n|move|p1a: Gastrodon|Earth Power|p2a: Garchomp\n|-supereffective|p2a: Garchomp\n|-damage|p2a: Garchomp|0 fnt\n|faint|p2a: Garchomp\n|\n|-heal|p1a: Gastrodon|80\/100|[from] item: Leftovers\n|upkeep\n|turn|15\n|inactive|sjkAfatdog has 30 seconds left.\n|inactive|sjkAfatdog has 20 seconds left.\n|inactive|sjkAfatdog has 15 seconds left.\n|\n|t:|1682077570\n|-curestatus|p2b: Roaring Moon|slp|[msg]\n|move|p2b: Roaring Moon|Throat Chop|p1a: Gastrodon\n|-damage|p1a: Gastrodon|59\/100\n|-start|p1a: Gastrodon|Throat Chop|[silent]\n|move|p1b: Grimmsnarl|Spirit Break|p2b: Roaring Moon\n|-supereffective|p2b: Roaring Moon\n|-damage|p2b: Roaring Moon|0 fnt\n|faint|p2b: Roaring Moon\n|-end|p2b: Roaring Moon|Protosynthesis|[silent]\n|\n|win|sjkAfatdog\n|raw|sjkAfatdog's rating: 1258 → 1280<\/strong> (+22 for winning)\n|raw|Bamssee's rating: 1220 → 1198<\/strong> (-22 for losing)\n|l|\u2606Bamssee\n","uploadtime":1682077598,"views":14,"p1id":"sjkafatdog","p2id":"bamssee","formatid":"gen9vgc2023regulationc","rating":1198,"private":0,"password":""}