{"id":"gen9vgc2023regulationc-1862009615","p1":"doican","p2":"MajesticCamel666","format":"[Gen 9] VGC 2023 Regulation C","log":"|j|\u2606doican\n|j|\u2606MajesticCamel666\n|t:|1683828497\n|gametype|doubles\n|player|p1|doican|dahlia|1262\n|player|p2|MajesticCamel666|169|1219\n|teamsize|p1|6\n|teamsize|p2|6\n|gen|9\n|tier|[Gen 9] VGC 2023 Regulation C\n|rated|\n|rule|Species Clause: Limit one of each Pok\u00e9mon\n|rule|Item Clause: Limit one of each item\n|clearpoke\n|poke|p1|Flutter Mane, L50|\n|poke|p1|Chi-Yu, L50|\n|poke|p1|Roaring Moon, L50|\n|poke|p1|Jumpluff, L50, M|\n|poke|p1|Wo-Chien, L50|\n|poke|p1|Torkoal, L50, F|\n|poke|p2|Dondozo, L50, M|\n|poke|p2|Flutter Mane, L50|\n|poke|p2|Dragonite, L50, M|\n|poke|p2|Chi-Yu, L50|\n|poke|p2|Glimmora, L50, F|\n|poke|p2|Tatsugiri-Droopy, L50, F|\n|teampreview|4\n|inactive|Battle timer is ON: inactive players will automatically lose when time's up. (requested by doican)\n|inactive|MajesticCamel666 has 60 seconds left.\n|\n|t:|1683828530\n|start\n|switch|p1a: Roaring Moon|Roaring Moon, L50|100\/100\n|switch|p1b: Jumpluff|Jumpluff, L50, M|100\/100\n|switch|p2a: Glimmora|Glimmora, L50, F|100\/100\n|switch|p2b: Dondozo|Dondozo, L50, M|100\/100\n|turn|1\n|\n|t:|1683828546\n|-terastallize|p1a: Roaring Moon|Ground\n|move|p1b: Jumpluff|Absorb|p1a: Roaring Moon\n|-supereffective|p1a: Roaring Moon\n|-crit|p1a: Roaring Moon\n|-damage|p1a: Roaring Moon|87\/100\n|-enditem|p1a: Roaring Moon|Weakness Policy\n|-boost|p1a: Roaring Moon|atk|2|[from] item: Weakness Policy\n|-boost|p1a: Roaring Moon|spa|2|[from] item: Weakness Policy\n|move|p1a: Roaring Moon|Earthquake|p2b: Dondozo|[spread] p2a,p2b\n|-immune|p1b: Jumpluff\n|-supereffective|p2a: Glimmora\n|-damage|p2a: Glimmora|0 fnt\n|-damage|p2b: Dondozo|77\/100\n|-activate|p2a: Glimmora|ability: Toxic Debris\n|-sidestart|p1: doican|move: Toxic Spikes\n|faint|p2a: Glimmora\n|move|p2b: Dondozo|Yawn|p1a: Roaring Moon\n|-start|p1a: Roaring Moon|move: Yawn|[of] p2b: Dondozo\n|\n|upkeep\n|\n|t:|1683828566\n|switch|p2a: Flutter Mane|Flutter Mane, L50|100\/100\n|-enditem|p2a: Flutter Mane|Booster Energy\n|-activate|p2a: Flutter Mane|ability: Protosynthesis|[fromitem]\n|-start|p2a: Flutter Mane|protosynthesisspe\n|turn|2\n|\n|t:|1683828578\n|move|p2a: Flutter Mane|Substitute|p2a: Flutter Mane\n|-start|p2a: Flutter Mane|Substitute\n|-damage|p2a: Flutter Mane|76\/100\n|move|p1b: Jumpluff|Sleep Powder|p2b: Dondozo|[miss]\n|-miss|p1b: Jumpluff|p2b: Dondozo\n|move|p1a: Roaring Moon|Earthquake|p2b: Dondozo|[spread] p2a,p2b\n|-immune|p1b: Jumpluff\n|-end|p2a: Flutter Mane|Substitute\n|-damage|p2b: Dondozo|54\/100\n|move|p2b: Dondozo|Yawn|p1b: Jumpluff\n|-start|p1b: Jumpluff|move: Yawn|[of] p2b: Dondozo\n|\n|-end|p1a: Roaring Moon|move: Yawn|[silent]\n|-status|p1a: Roaring Moon|slp\n|upkeep\n|turn|3\n|inactive|MajesticCamel666 has 30 seconds left.\n|inactive|MajesticCamel666 has 20 seconds left.\n|inactive|MajesticCamel666 has 15 seconds left.\n|inactive|MajesticCamel666 has 10 seconds left.\n|\n|t:|1683828626\n|move|p2a: Flutter Mane|Substitute|p2a: Flutter Mane\n|-start|p2a: Flutter Mane|Substitute\n|-damage|p2a: Flutter Mane|51\/100\n|move|p1b: Jumpluff|Sleep Powder|p2b: Dondozo\n|-status|p2b: Dondozo|slp|[from] move: Sleep Powder\n|cant|p1a: Roaring Moon|slp\n|cant|p2b: Dondozo|slp\n|\n|-end|p1b: Jumpluff|move: Yawn|[silent]\n|-status|p1b: Jumpluff|slp\n|upkeep\n|turn|4\n|\n|t:|1683828645\n|switch|p2b: Chi-Yu|Chi-Yu, L50|100\/100\n|-ability|p2b: Chi-Yu|Beads of Ruin\n|cant|p1b: Jumpluff|slp\n|cant|p1a: Roaring Moon|slp\n|move|p2a: Flutter Mane|Hex|p1a: Roaring Moon\n|-damage|p1a: Roaring Moon|5\/100 slp\n|\n|upkeep\n|turn|5\n|inactive|MajesticCamel666 has 30 seconds left.\n|\n|t:|1683828671\n|cant|p1b: Jumpluff|slp\n|move|p2a: Flutter Mane|Hex|p1b: Jumpluff\n|-damage|p1b: Jumpluff|6\/100 slp\n|cant|p1a: Roaring Moon|slp\n|move|p2b: Chi-Yu|Dark Pulse|p1a: Roaring Moon\n|-damage|p1a: Roaring Moon|0 fnt\n|faint|p1a: Roaring Moon\n|-end|p1a: Roaring Moon|Protosynthesis|[silent]\n|\n|upkeep\n|\n|t:|1683828680\n|switch|p1a: Flutter Mane|Flutter Mane, L50|100\/100\n|-status|p1a: Flutter Mane|psn\n|turn|6\n|\n|t:|1683828691\n|cant|p1b: Jumpluff|slp\n|move|p2a: Flutter Mane|Hex|p1a: Flutter Mane\n|-supereffective|p1a: Flutter Mane\n|-damage|p1a: Flutter Mane|0 fnt\n|faint|p1a: Flutter Mane\n|-end|p1a: Flutter Mane|Protosynthesis|[silent]\n|move|p2b: Chi-Yu|Flamethrower|p1b: Jumpluff\n|-supereffective|p1b: Jumpluff\n|-damage|p1b: Jumpluff|0 fnt\n|faint|p1b: Jumpluff\n|\n|upkeep\n|l|\u2606doican\n|inactive|doican disconnected and has a minute to reconnect!\n|player|p1|\n|inactive|doican has 30 seconds left.\n|inactive|doican has 20 seconds left.\n|inactive|doican has 15 seconds left.\n|c|\u2606MajesticCamel666|Gg\n|inactive|doican has 10 seconds left.\n|inactive|doican has 5 seconds left.\n|-message|doican lost due to inactivity.\n|\n|win|MajesticCamel666\n|raw|doican's rating: 1262 → 1234<\/strong> (-28 for losing)\n|raw|MajesticCamel666's rating: 1219 → 1247<\/strong> (+28 for winning)\n","uploadtime":1683828750,"views":18,"p1id":"doican","p2id":"majesticcamel666","formatid":"gen9vgc2023regulationc","rating":1234,"private":0,"password":""}