{"id":"gen9vgc2023regulationc-1858924618","p1":"WillieDangerously","p2":"Rajasimha","format":"[Gen 9] VGC 2023 Regulation C","log":"|j|\u2606WillieDangerously\n|j|\u2606Rajasimha\n|t:|1683384076\n|gametype|doubles\n|player|p1|WillieDangerously|psychic-gen4|1152\n|player|p2|Rajasimha|caitlin|1065\n|teamsize|p1|6\n|teamsize|p2|6\n|gen|9\n|tier|[Gen 9] VGC 2023 Regulation C\n|rated|\n|rule|Species Clause: Limit one of each Pok\u00e9mon\n|rule|Item Clause: Limit one of each item\n|clearpoke\n|poke|p1|Iron Treads, L50|\n|poke|p1|Jumpluff, L50, M|\n|poke|p1|Flutter Mane, L50|\n|poke|p1|Roaring Moon, L50|\n|poke|p1|Rotom-Wash, L50|\n|poke|p1|Torkoal, L50, F|\n|poke|p2|Arcanine, L50, F|\n|poke|p2|Flutter Mane, L50|\n|poke|p2|Breloom, L50, M|\n|poke|p2|Gengar, L50, M|\n|poke|p2|Palafin, L50, F|\n|poke|p2|Garganacl, L50, M|\n|teampreview|4\n|inactive|Battle timer is ON: inactive players will automatically lose when time's up. (requested by Rajasimha)\n|inactive|WillieDangerously has 60 seconds left.\n|\n|t:|1683384134\n|start\n|switch|p1a: Torkoal|Torkoal, L50, F|100\/100\n|switch|p1b: Jumpluff|Jumpluff, L50, M|100\/100\n|switch|p2a: Flutter Mane|Flutter Mane, L50, shiny|100\/100\n|switch|p2b: Garganacl|Garganacl, L50, M|100\/100\n|-weather|SunnyDay|[from] ability: Drought|[of] p1a: Torkoal\n|-activate|p2a: Flutter Mane|ability: Protosynthesis\n|-start|p2a: Flutter Mane|protosynthesisspe\n|turn|1\n|inactive|WillieDangerously has 30 seconds left.\n|\n|t:|1683384165\n|move|p2b: Garganacl|Wide Guard|p2b: Garganacl\n|-singleturn|p2b: Garganacl|Wide Guard\n|move|p1b: Jumpluff|Leaf Storm|p2b: Garganacl\n|-supereffective|p2b: Garganacl\n|-damage|p2b: Garganacl|62\/100\n|-unboost|p1b: Jumpluff|spa|2\n|move|p2a: Flutter Mane|Moonblast|p1a: Torkoal\n|-resisted|p1a: Torkoal\n|-damage|p1a: Torkoal|67\/100\n|move|p1a: Torkoal|Body Press|p2b: Garganacl\n|-supereffective|p2b: Garganacl\n|-damage|p2b: Garganacl|27\/100\n|\n|-weather|SunnyDay|[upkeep]\n|-heal|p2b: Garganacl|33\/100|[from] item: Leftovers\n|upkeep\n|turn|2\n|inactive|WillieDangerously has 30 seconds left.\n|inactive|Rajasimha has 30 seconds left.\n|\n|t:|1683384198\n|move|p1b: Jumpluff|Encore|p2b: Garganacl\n|-start|p2b: Garganacl|Encore\n|move|p2a: Flutter Mane|Moonblast|p1b: Jumpluff\n|-damage|p1b: Jumpluff|48\/100\n|move|p2b: Garganacl|Wide Guard|p2b: Garganacl\n|-singleturn|p2b: Garganacl|Wide Guard\n|move|p1a: Torkoal|Overheat|p2a: Flutter Mane|[miss]\n|-miss|p1a: Torkoal|p2a: Flutter Mane\n|\n|-weather|SunnyDay|[upkeep]\n|-heal|p2b: Garganacl|39\/100|[from] item: Leftovers\n|upkeep\n|turn|3\n|inactive|WillieDangerously has 30 seconds left.\n|\n|t:|1683384227\n|switch|p2b: Arcanine|Arcanine, L50, F|100\/100\n|-ability|p2b: Arcanine|Intimidate|boost\n|-unboost|p1a: Torkoal|atk|1\n|-enditem|p1a: Torkoal|Eject Pack\n|-unboost|p1b: Jumpluff|atk|1\n|\n|t:|1683384236\n|switch|p1a: Flutter Mane|Flutter Mane, L50|100\/100\n|-activate|p1a: Flutter Mane|ability: Protosynthesis\n|-start|p1a: Flutter Mane|protosynthesisspe\n|move|p1b: Jumpluff|U-turn|p2b: Arcanine\n|-resisted|p2b: Arcanine\n|-damage|p2b: Arcanine|97\/100\n|\n|t:|1683384243\n|switch|p1b: Iron Treads|Iron Treads, L50|100\/100|[from] U-turn\n|move|p2a: Flutter Mane|Moonblast|p1b: Iron Treads\n|-resisted|p1b: Iron Treads\n|-crit|p1b: Iron Treads\n|-damage|p1b: Iron Treads|42\/100\n|\n|-weather|SunnyDay|[upkeep]\n|upkeep\n|turn|4\n|inactive|WillieDangerously has 30 seconds left.\n|inactive|Rajasimha has 30 seconds left.\n|\n|t:|1683384278\n|-terastallize|p2a: Flutter Mane|Normal\n|move|p1b: Iron Treads|Protect|p1b: Iron Treads\n|-singleturn|p1b: Iron Treads|Protect\n|move|p2a: Flutter Mane|Shadow Ball|p1b: Iron Treads\n|-activate|p1b: Iron Treads|move: Protect\n|move|p1a: Flutter Mane|Shadow Ball|p2a: Flutter Mane\n|-immune|p2a: Flutter Mane\n|move|p2b: Arcanine|Flare Blitz|p1a: Flutter Mane\n|-damage|p1a: Flutter Mane|0 fnt\n|faint|p1a: Flutter Mane\n|-end|p1a: Flutter Mane|Protosynthesis|[silent]\n|-damage|p2b: Arcanine|71\/100|[from] Recoil\n|\n|-weather|SunnyDay|[upkeep]\n|upkeep\n|\n|t:|1683384295\n|switch|p1a: Jumpluff|Jumpluff, L50, M|48\/100\n|turn|5\n|\n|t:|1683384305\n|-terastallize|p1b: Iron Treads|Ground\n|move|p2b: Arcanine|Extreme Speed|p1a: Jumpluff\n|-damage|p1a: Jumpluff|15\/100\n|move|p1a: Jumpluff|Tailwind|p1a: Jumpluff\n|-sidestart|p1: WillieDangerously|move: Tailwind\n|move|p1b: Iron Treads|Earthquake|p2a: Flutter Mane|[spread] p2a,p2b\n|-immune|p1a: Jumpluff\n|-supereffective|p2b: Arcanine\n|-damage|p2a: Flutter Mane|5\/100\n|-damage|p2b: Arcanine|0 fnt\n|faint|p2b: Arcanine\n|move|p2a: Flutter Mane|Moonblast|p1b: Iron Treads\n|-damage|p1b: Iron Treads|0 fnt\n|faint|p1b: Iron Treads\n|-end|p1b: Iron Treads|Quark Drive|[silent]\n|\n|-weather|none\n|-end|p2a: Flutter Mane|Protosynthesis\n|upkeep\n|\n|t:|1683384326\n|switch|p1b: Torkoal|Torkoal, L50, F|67\/100\n|switch|p2b: Garganacl|Garganacl, L50, M|39\/100\n|-weather|SunnyDay|[from] ability: Drought|[of] p1b: Torkoal\n|-activate|p2a: Flutter Mane|ability: Protosynthesis\n|-start|p2a: Flutter Mane|protosynthesisspe\n|turn|6\n|\n|t:|1683384344\n|move|p2a: Flutter Mane|Protect|p2a: Flutter Mane\n|-singleturn|p2a: Flutter Mane|Protect\n|move|p1a: Jumpluff|U-turn|p2a: Flutter Mane\n|-activate|p2a: Flutter Mane|move: Protect\n|move|p1b: Torkoal|Body Press|p2b: Garganacl\n|-supereffective|p2b: Garganacl\n|-damage|p2b: Garganacl|7\/100\n|move|p2b: Garganacl|Salt Cure|p1b: Torkoal\n|-supereffective|p1b: Torkoal\n|-damage|p1b: Torkoal|45\/100\n|-start|p1b: Torkoal|Salt Cure\n|\n|-weather|SunnyDay|[upkeep]\n|-heal|p2b: Garganacl|13\/100|[from] item: Leftovers\n|-damage|p1b: Torkoal|33\/100|[from] Salt Cure\n|upkeep\n|turn|7\n|inactive|Rajasimha has 30 seconds left.\n|\n|t:|1683384373\n|-end|p2a: Flutter Mane|Protosynthesis|[silent]\n|switch|p2a: Gengar|Gengar, L50, M|100\/100\n|move|p1a: Jumpluff|Encore||[still]\n|-fail|p1a: Jumpluff\n|move|p1b: Torkoal|Body Press|p2b: Garganacl\n|-supereffective|p2b: Garganacl\n|-damage|p2b: Garganacl|0 fnt\n|faint|p2b: Garganacl\n|\n|-weather|SunnyDay|[upkeep]\n|-damage|p1b: Torkoal|20\/100|[from] Salt Cure\n|upkeep\n|\n|t:|1683384386\n|switch|p2b: Flutter Mane|Flutter Mane, L50, shiny, tera:Normal|5\/100\n|-activate|p2b: Flutter Mane|ability: Protosynthesis\n|-start|p2b: Flutter Mane|protosynthesisspe\n|turn|8\n|\n|t:|1683384403\n|move|p2b: Flutter Mane|Protect|p2b: Flutter Mane\n|-singleturn|p2b: Flutter Mane|Protect\n|move|p1a: Jumpluff|U-turn|p2b: Flutter Mane\n|-activate|p2b: Flutter Mane|move: Protect\n|move|p2a: Gengar|Sludge Bomb|p1a: Jumpluff\n|-supereffective|p1a: Jumpluff\n|-damage|p1a: Jumpluff|0 fnt\n|faint|p1a: Jumpluff\n|move|p1b: Torkoal|Overheat|p2a: Gengar\n|-crit|p2a: Gengar\n|-damage|p2a: Gengar|0 fnt\n|-unboost|p1b: Torkoal|spa|2\n|faint|p2a: Gengar\n|\n|-weather|SunnyDay|[upkeep]\n|-damage|p1b: Torkoal|8\/100|[from] Salt Cure\n|-sideend|p1: WillieDangerously|move: Tailwind\n|upkeep\n|turn|9\n|\n|t:|1683384422\n|move|p2b: Flutter Mane|Moonblast|p1b: Torkoal\n|-resisted|p1b: Torkoal\n|-damage|p1b: Torkoal|0 fnt\n|faint|p1b: Torkoal\n|\n|win|Rajasimha\n|raw|WillieDangerously's rating: 1152 → 1121<\/strong> (-31 for losing)\n|raw|Rajasimha's rating: 1065 → 1103<\/strong> (+38 for winning)\n|l|\u2606WillieDangerously\n","uploadtime":1683384425,"views":10,"p1id":"williedangerously","p2id":"rajasimha","formatid":"gen9vgc2023regulationc","rating":1103,"private":0,"password":""}