{"id":"gen9vgc2023regulationc-1855613806","p1":"Felipe.Miller.V","p2":"DoctorA10","format":"[Gen 9] VGC 2023 Regulation C","log":"|j|\u2606Felipe.Miller.V\n|j|\u2606DoctorA10\n|t:|1682966593\n|gametype|doubles\n|player|p1|Felipe.Miller.V|170|1133\n|player|p2|DoctorA10|1|1043\n|teamsize|p1|6\n|teamsize|p2|6\n|gen|9\n|tier|[Gen 9] VGC 2023 Regulation C\n|rated|\n|rule|Species Clause: Limit one of each Pok\u00e9mon\n|rule|Item Clause: Limit one of each item\n|clearpoke\n|poke|p1|Bruxish, L50, F|\n|poke|p1|Copperajah, L50, F|\n|poke|p1|Sylveon, L50, F|\n|poke|p1|Hatterene, L50, F|\n|poke|p1|Heracross, L50, F|\n|poke|p1|Oranguru, L50, F|\n|poke|p2|Scream Tail, L50|\n|poke|p2|Torkoal, L50, F|\n|poke|p2|Abomasnow, L50, F|\n|poke|p2|Goodra, L50, M|\n|poke|p2|Baxcalibur, L50, F|\n|poke|p2|Dunsparce, L50, F|\n|teampreview|4\nDoctorA10 rejected open team sheets.\n|inactive|Battle timer is ON: inactive players will automatically lose when time's up. (requested by DoctorA10)\n|\n|t:|1682966618\n|start\n|switch|p1a: Bruxish|Bruxish, L50, F|100\/100\n|switch|p1b: Copperajah|Copperajah, L50, F|100\/100\n|switch|p2a: Abomasnow|Abomasnow, L50, F|100\/100\n|switch|p2b: Scream Tail|Scream Tail, L50|100\/100\n|-weather|Snow|[from] ability: Snow Warning|[of] p2a: Abomasnow\n|-enditem|p2b: Scream Tail|Booster Energy\n|-activate|p2b: Scream Tail|ability: Protosynthesis|[fromitem]\n|-start|p2b: Scream Tail|protosynthesisspe\n|turn|1\n|inactive|DoctorA10 has 30 seconds left.\n|\n|t:|1682966645\n|-end|p2b: Scream Tail|Protosynthesis|[silent]\n|switch|p2b: Goodra|Goodra, L50, M|100\/100\n|switch|p2a: Torkoal|Torkoal, L50, F|100\/100\n|-weather|SunnyDay|[from] ability: Drought|[of] p2a: Torkoal\n|move|p1b: Copperajah|Curse|p1b: Copperajah\n|-unboost|p1b: Copperajah|spe|1\n|-boost|p1b: Copperajah|atk|1\n|-boost|p1b: Copperajah|def|1\n|move|p1a: Bruxish|Trick Room|p1a: Bruxish\n|-fieldstart|move: Trick Room|[of] p1a: Bruxish\n|\n|-weather|SunnyDay|[upkeep]\n|upkeep\n|turn|2\n|inactive|Felipe.Miller.V has 30 seconds left.\n|\n|t:|1682966678\n|move|p1b: Copperajah|Rock Slide|p2b: Goodra|[spread] p2a\n|-miss|p1b: Copperajah|p2b: Goodra\n|-supereffective|p2a: Torkoal\n|-damage|p2a: Torkoal|33\/100\n|move|p2a: Torkoal|Clear Smog|p1b: Copperajah\n|-immune|p1b: Copperajah\n|move|p1a: Bruxish|Psychic Fangs|p2a: Torkoal\n|-damage|p2a: Torkoal|7\/100\n|move|p2b: Goodra|Fire Blast|p1b: Copperajah\n|-supereffective|p1b: Copperajah\n|-damage|p1b: Copperajah|0 fnt\n|faint|p1b: Copperajah\n|\n|-weather|SunnyDay|[upkeep]\n|upkeep\n|c|\u2606DoctorA10|Interesting, I've not seen that meta.\n|\n|t:|1682966696\n|switch|p1b: Sylveon|Sylveon, L50, F, shiny|100\/100\n|turn|3\n|\n|t:|1682966716\n|move|p2a: Torkoal|Clear Smog|p1b: Sylveon\n|-supereffective|p1b: Sylveon\n|-damage|p1b: Sylveon|86\/100\n|-clearboost|p1b: Sylveon\n|move|p1b: Sylveon|Hyper Voice|p2a: Torkoal|[spread] p2a,p2b\n|-resisted|p2a: Torkoal\n|-supereffective|p2b: Goodra\n|-damage|p2a: Torkoal|0 fnt\n|-damage|p2b: Goodra|34\/100\n|faint|p2a: Torkoal\n|move|p1a: Bruxish|Psychic Fangs|p2b: Goodra\n|-damage|p2b: Goodra|0 fnt\n|-ability|p2b: Goodra|Gooey\n|-unboost|p1a: Bruxish|spe|1\n|faint|p2b: Goodra\n|\n|-weather|SunnyDay|[upkeep]\n|upkeep\n|\n|t:|1682966731\n|switch|p2a: Abomasnow|Abomasnow, L50, F|100\/100\n|switch|p2b: Scream Tail|Scream Tail, L50|100\/100\n|-weather|Snow|[from] ability: Snow Warning|[of] p2a: Abomasnow\n|turn|4\n|\n|t:|1682966753\n|-terastallize|p1a: Bruxish|Water\n|-terastallize|p2b: Scream Tail|Ice\n|move|p1a: Bruxish|Wave Crash|p2b: Scream Tail\n|-damage|p2b: Scream Tail|53\/100\n|-damage|p1a: Bruxish|82\/100|[from] Recoil\n|move|p1b: Sylveon|Hyper Voice|p2a: Abomasnow|[spread] p2a,p2b\n|-damage|p2a: Abomasnow|38\/100\n|-damage|p2b: Scream Tail|10\/100\n|move|p2a: Abomasnow|Aurora Veil|p2a: Abomasnow\n|-sidestart|p2: DoctorA10|move: Aurora Veil\n|move|p2b: Scream Tail|Blizzard|p1b: Sylveon|[spread] p1a,p1b\n|-resisted|p1a: Bruxish\n|-damage|p1a: Bruxish|67\/100\n|-damage|p1b: Sylveon|68\/100\n|\n|-weather|Snow|[upkeep]\n|upkeep\n|turn|5\n|\n|t:|1682966773\n|move|p1a: Bruxish|Psychic Fangs|p2a: Abomasnow\n|-sideend|p2: DoctorA10|move: Aurora Veil\n|-damage|p2a: Abomasnow|13\/100\n|move|p2a: Abomasnow|Blizzard|p1a: Bruxish|[spread] p1a,p1b\n|-resisted|p1a: Bruxish\n|-damage|p1a: Bruxish|48\/100\n|-damage|p1b: Sylveon|49\/100\n|move|p1b: Sylveon|Hyper Voice|p2b: Scream Tail|[spread] p2a,p2b\n|-damage|p2a: Abomasnow|0 fnt\n|-damage|p2b: Scream Tail|0 fnt\n|faint|p2a: Abomasnow\n|faint|p2b: Scream Tail\n|-end|p2b: Scream Tail|Protosynthesis|[silent]\n|\n|win|Felipe.Miller.V\n|raw|Felipe.Miller.V's rating: 1133 → 1152<\/strong> (+19 for winning)\n|raw|DoctorA10's rating: 1043 → 1031<\/strong> (-12 for losing)\n|l|\u2606DoctorA10\n","uploadtime":1682966889,"views":17,"p1id":"felipemillerv","p2id":"doctora10","formatid":"gen9vgc2023regulationc","rating":1031,"private":0,"password":""}