{"id":"gen9vgc2023regulationc-1864009176","p1":"RichieihciR","p2":"RonJohn","format":"[Gen 9] VGC 2023 Regulation C","log":"|j|\u2606RichieihciR\n|j|\u2606RonJohn\n|t:|1684104678\n|gametype|doubles\n|player|p1|RichieihciR|alder|1199\n|player|p2|RonJohn|169|1206\n|teamsize|p1|6\n|teamsize|p2|6\n|gen|9\n|tier|[Gen 9] VGC 2023 Regulation C\n|rated|\n|rule|Species Clause: Limit one of each Pok\u00e9mon\n|rule|Item Clause: Limit one of each item\n|clearpoke\n|poke|p1|Chi-Yu, L50|\n|poke|p1|Abomasnow, L50, M|\n|poke|p1|Iron Bundle, L50|\n|poke|p1|Sandy Shocks, L50|\n|poke|p1|Espathra, L50, M|\n|poke|p1|Flutter Mane, L50|\n|poke|p2|Flutter Mane, L50|\n|poke|p2|Orthworm, L50, M|\n|poke|p2|Dragonite, L50, F|\n|poke|p2|Amoonguss, L50, F|\n|poke|p2|Gyarados, L50, F|\n|poke|p2|Ting-Lu, L50|\n|teampreview|4\nRonJohn has agreed to open team sheets.\n|\n|t:|1684104708\n|start\n|switch|p1a: Espathra|Espathra, L50, M, shiny|100\/100\n|switch|p1b: Flutter Mane|Flutter Mane, L50, shiny|100\/100\n|switch|p2a: Orthworm|Orthworm, L50, M|100\/100\n|switch|p2b: Ting-Lu|Ting-Lu, L50|100\/100\n|-ability|p2b: Ting-Lu|Vessel of Ruin\n|turn|1\n|inactive|Battle timer is ON: inactive players will automatically lose when time's up. (requested by RichieihciR)\n|\n|t:|1684104725\n|move|p1b: Flutter Mane|Dazzling Gleam|p2b: Ting-Lu|[spread] p2a,p2b\n|-resisted|p2a: Orthworm\n|-supereffective|p2b: Ting-Lu\n|-damage|p2a: Orthworm|85\/100\n|-damage|p2b: Ting-Lu|67\/100\n|move|p1a: Espathra|Hypnosis|p2a: Orthworm\n|-status|p2a: Orthworm|slp|[from] move: Hypnosis\n|move|p2b: Ting-Lu|Earthquake|p1a: Espathra|[spread] p1a,p1b\n|-heal|p2a: Orthworm|100\/100 slp|[from] ability: Earth Eater|[of] p2b: Ting-Lu\n|-crit|p1a: Espathra\n|-crit|p1b: Flutter Mane\n|-damage|p1a: Espathra|33\/100\n|-damage|p1b: Flutter Mane|15\/100\n|cant|p2a: Orthworm|slp\n|\n|-ability|p1a: Espathra|Speed Boost|boost\n|-boost|p1a: Espathra|spe|1\n|upkeep\n|turn|2\n|\n|t:|1684104750\n|-end|p1b: Flutter Mane|Protosynthesis|[silent]\n|switch|p1b: Iron Bundle|Iron Bundle, L50, shiny|100\/100\n|-enditem|p1b: Iron Bundle|Booster Energy\n|-activate|p1b: Iron Bundle|ability: Quark Drive|[fromitem]\n|-start|p1b: Iron Bundle|quarkdrivespe\n|move|p1a: Espathra|Protect|p1a: Espathra\n|-singleturn|p1a: Espathra|Protect\n|move|p2b: Ting-Lu|Earthquake|p1a: Espathra|[spread] p1b\n|-activate|p1a: Espathra|move: Protect\n|-immune|p2a: Orthworm|[from] ability: Earth Eater\n|-damage|p1b: Iron Bundle|66\/100\n|cant|p2a: Orthworm|slp\n|\n|-ability|p1a: Espathra|Speed Boost|boost\n|-boost|p1a: Espathra|spe|1\n|upkeep\n|turn|3\n|inactive|RonJohn has 30 seconds left.\n|\n|t:|1684104776\n|-terastallize|p1b: Iron Bundle|Water\n|move|p1a: Espathra|Lumina Crash|p2a: Orthworm\n|-resisted|p2a: Orthworm\n|-crit|p2a: Orthworm\n|-damage|p2a: Orthworm|81\/100 slp\n|-unboost|p2a: Orthworm|spd|2\n|move|p1b: Iron Bundle|Hydro Pump|p2b: Ting-Lu|[miss]\n|-miss|p1b: Iron Bundle|p2b: Ting-Lu\n|move|p2b: Ting-Lu|Earthquake|p1b: Iron Bundle|[spread] p1a,p1b\n|-heal|p2a: Orthworm|100\/100 slp|[from] ability: Earth Eater|[of] p2b: Ting-Lu\n|-damage|p1a: Espathra|0 fnt\n|-damage|p1b: Iron Bundle|34\/100\n|faint|p1a: Espathra\n|cant|p2a: Orthworm|slp\n|\n|upkeep\n|\n|t:|1684104791\n|switch|p1a: Chi-Yu|Chi-Yu, L50|100\/100\n|-ability|p1a: Chi-Yu|Beads of Ruin\n|turn|4\n|\n|t:|1684104813\n|-curestatus|p2a: Orthworm|slp|[msg]\n|move|p2a: Orthworm|Protect|p2a: Orthworm\n|-singleturn|p2a: Orthworm|Protect\n|move|p1b: Iron Bundle|Hydro Pump|p2b: Ting-Lu\n|-supereffective|p2b: Ting-Lu\n|-damage|p2b: Ting-Lu|0 fnt\n|faint|p2b: Ting-Lu\n|move|p1a: Chi-Yu|Heat Wave|p2a: Orthworm\n|-activate|p2a: Orthworm|move: Protect\n|\n|upkeep\n|\n|t:|1684104833\n|switch|p2b: Dragonite|Dragonite, L50, F|100\/100\n|turn|5\n|\n|t:|1684104856\n|switch|p2a: Flutter Mane|Flutter Mane, L50|100\/100\n|-terastallize|p2b: Dragonite|Normal\n|move|p1b: Iron Bundle|Protect|p1b: Iron Bundle\n|-singleturn|p1b: Iron Bundle|Protect\n|move|p2b: Dragonite|Extreme Speed|p1b: Iron Bundle\n|-activate|p1b: Iron Bundle|move: Protect\n|move|p1a: Chi-Yu|Heat Wave|p2a: Flutter Mane|[spread] p2a,p2b\n|-damage|p2a: Flutter Mane|50\/100\n|-damage|p2b: Dragonite|74\/100\n|\n|upkeep\n|turn|6\n|inactive|RonJohn has 30 seconds left.\n|inactive|RichieihciR has 30 seconds left.\n|\n|t:|1684104890\n|-end|p1b: Iron Bundle|Quark Drive|[silent]\n|switch|p1b: Flutter Mane|Flutter Mane, L50, shiny|15\/100\n|move|p2b: Dragonite|Extreme Speed|p1b: Flutter Mane\n|-immune|p1b: Flutter Mane\n|move|p1a: Chi-Yu|Heat Wave|p2b: Dragonite|[spread] p2a,p2b\n|-damage|p2a: Flutter Mane|1\/100\n|-damage|p2b: Dragonite|16\/100\n|-status|p2a: Flutter Mane|brn\n|move|p2a: Flutter Mane|Moonblast|p1a: Chi-Yu\n|-damage|p1a: Chi-Yu|14\/100\n|-unboost|p1a: Chi-Yu|spa|1\n|\n|-damage|p2a: Flutter Mane|0 fnt|[from] brn\n|faint|p2a: Flutter Mane\n|-end|p2a: Flutter Mane|Protosynthesis|[silent]\n|upkeep\n|\n|t:|1684104908\n|switch|p2a: Orthworm|Orthworm, L50, M|100\/100\n|turn|7\n|\n|t:|1684104927\n|move|p2b: Dragonite|Extreme Speed|p1a: Chi-Yu\n|-damage|p1a: Chi-Yu|0 fnt\n|faint|p1a: Chi-Yu\n|move|p1b: Flutter Mane|Mystical Fire|p2a: Orthworm\n|-supereffective|p2a: Orthworm\n|-damage|p2a: Orthworm|24\/100\n|-unboost|p2a: Orthworm|spa|1\n|-enditem|p2a: Orthworm|Sitrus Berry|[eat]\n|-heal|p2a: Orthworm|49\/100|[from] item: Sitrus Berry\n|move|p2a: Orthworm|Heavy Slam|p1b: Flutter Mane\n|-supereffective|p1b: Flutter Mane\n|-damage|p1b: Flutter Mane|0 fnt\n|faint|p1b: Flutter Mane\n|-end|p1b: Flutter Mane|Protosynthesis|[silent]\n|\n|upkeep\n|\n|t:|1684104938\n|switch|p1b: Iron Bundle|Iron Bundle, L50, shiny, tera:Water|34\/100\n|turn|8\n|inactive|RonJohn has 30 seconds left.\n|\n|t:|1684104965\n|move|p2b: Dragonite|Extreme Speed|p1b: Iron Bundle\n|-damage|p1b: Iron Bundle|0 fnt\n|faint|p1b: Iron Bundle\n|-end|p1b: Iron Bundle|Quark Drive|[silent]\n|\n|win|RonJohn\n|raw|RichieihciR's rating: 1199 → 1175<\/strong> (-24 for losing)\n|raw|RonJohn's rating: 1206 → 1230<\/strong> (+24 for winning)\n|c|\u2606RonJohn|gg\n|l|\u2606RichieihciR\n","uploadtime":1684104977,"views":12,"p1id":"richieihcir","p2id":"ronjohn","formatid":"gen9vgc2023regulationc","rating":1175,"private":0,"password":""}