{"id":"gen9vgc2023regulationc-1850298231","p1":"volcranix","p2":"Cyborgslayer5830","format":"[Gen 9] VGC 2023 Regulation C","log":"|j|\u2606volcranix\n|j|\u2606Cyborgslayer5830\n|t:|1682313376\n|gametype|doubles\n|player|p1|volcranix|cynthia-masters3|1056\n|player|p2|Cyborgslayer5830|cyrus|1049\n|teamsize|p1|6\n|teamsize|p2|6\n|gen|9\n|tier|[Gen 9] VGC 2023 Regulation C\n|rated|\n|rule|Species Clause: Limit one of each Pok\u00e9mon\n|rule|Item Clause: Limit one of each item\n|clearpoke\n|poke|p1|Flutter Mane, L50|\n|poke|p1|Chi-Yu, L50|\n|poke|p1|Iron Bundle, L50|\n|poke|p1|Dragonite, L50, M|\n|poke|p1|Ting-Lu, L50|\n|poke|p1|Amoonguss, L50, F|\n|poke|p2|Armarouge, L50, F|\n|poke|p2|Indeedee-F, L50, F|\n|poke|p2|Torkoal, L50, M|\n|poke|p2|Ting-Lu, L50|\n|poke|p2|Mimikyu, L50, F|\n|poke|p2|Kingambit, L50, M|\n|teampreview|4\n|\n|t:|1682313416\n|start\n|switch|p1a: Chi-Yu|Chi-Yu, L50|100\/100\n|switch|p1b: Ting-Lu|Ting-Lu, L50|100\/100\n|switch|p2a: Indeedee|Indeedee-F, L50, F|100\/100\n|switch|p2b: Armarouge|Armarouge, L50, F|100\/100\n|-ability|p1a: Chi-Yu|Beads of Ruin\n|-fieldstart|move: Psychic Terrain|[from] ability: Psychic Surge|[of] p2a: Indeedee\n|-enditem|p2a: Indeedee|Psychic Seed\n|-boost|p2a: Indeedee|spd|1|[from] item: Psychic Seed\n|-ability|p1b: Ting-Lu|Vessel of Ruin\n|turn|1\n|\n|t:|1682313451\n|move|p2a: Indeedee|Helping Hand|p2b: Armarouge\n|-singleturn|p2b: Armarouge|Helping Hand|[of] p2a: Indeedee\n|move|p1a: Chi-Yu|Dark Pulse|p2a: Indeedee\n|-supereffective|p2a: Indeedee\n|-damage|p2a: Indeedee|49\/100\n|move|p2b: Armarouge|Expanding Force|p1b: Ting-Lu|[spread] \n|-immune|p1a: Chi-Yu\n|-immune|p1b: Ting-Lu\n|move|p1b: Ting-Lu|Fissure|p2b: Armarouge\n|-damage|p2b: Armarouge|0 fnt\n|faint|p2b: Armarouge\n|-ohko\n|\n|upkeep\n|\n|t:|1682313464\n|switch|p2b: Mimikyu|Mimikyu, L50, F|100\/100\n|turn|2\n|inactive|Battle timer is ON: inactive players will automatically lose when time's up. (requested by Cyborgslayer5830)\n|\n|t:|1682313510\n|move|p1a: Chi-Yu|Heat Wave|p2a: Indeedee|[spread] p2a\n|-miss|p1a: Chi-Yu|p2b: Mimikyu\n|-damage|p2a: Indeedee|26\/100\n|move|p2b: Mimikyu|Swords Dance|p2b: Mimikyu\n|-boost|p2b: Mimikyu|atk|2\n|move|p2a: Indeedee|Psychic|p1b: Ting-Lu\n|-immune|p1b: Ting-Lu\n|move|p1b: Ting-Lu|Fissure|p2b: Mimikyu\n|-activate|p2b: Mimikyu|ability: Disguise\n|-damage|p2b: Mimikyu|100\/100\n|detailschange|p2b: Mimikyu|Mimikyu-Busted, L50, F\n|-damage|p2b: Mimikyu|88\/100|[from] pokemon: Mimikyu-Busted\n|\n|upkeep\n|turn|3\n|\n|t:|1682313533\n|move|p2a: Indeedee|Follow Me|p2a: Indeedee\n|-singleturn|p2a: Indeedee|move: Follow Me\n|move|p1a: Chi-Yu|Dark Pulse|p2a: Indeedee\n|-supereffective|p2a: Indeedee\n|-damage|p2a: Indeedee|0 fnt\n|faint|p2a: Indeedee\n|move|p2b: Mimikyu|Shadow Claw|p1a: Chi-Yu\n|-resisted|p1a: Chi-Yu\n|-damage|p1a: Chi-Yu|51\/100\n|move|p1b: Ting-Lu|Fissure|p2b: Mimikyu\n|-damage|p2b: Mimikyu|0 fnt\n|faint|p2b: Mimikyu\n|-ohko\n|\n|upkeep\n|c|\u2606volcranix|Frissure Rocks\n|\n|t:|1682313556\n|switch|p2a: Ting-Lu|Ting-Lu, L50|100\/100\n|-ability|p2a: Ting-Lu|Vessel of Ruin\n|turn|4\n|c|\u2606volcranix|Fkssure\n|\n|t:|1682313577\n|-terastallize|p2a: Ting-Lu|Poison\n|move|p1a: Chi-Yu|Overheat|p2a: Ting-Lu\n|-crit|p2a: Ting-Lu\n|-damage|p2a: Ting-Lu|54\/100\n|-unboost|p1a: Chi-Yu|spa|2\n|move|p2a: Ting-Lu|Earthquake|p1a: Chi-Yu|[spread] p1a,p1b\n|-supereffective|p1a: Chi-Yu\n|-damage|p1a: Chi-Yu|0 fnt\n|-damage|p1b: Ting-Lu|82\/100\n|faint|p1a: Chi-Yu\n|move|p1b: Ting-Lu|Ruination|p2a: Ting-Lu|[miss]\n|-miss|p1b: Ting-Lu|p2a: Ting-Lu\n|\n|upkeep\n|\n|t:|1682313584\n|switch|p1a: Iron Bundle|Iron Bundle, L50|100\/100\n|-enditem|p1a: Iron Bundle|Booster Energy\n|-activate|p1a: Iron Bundle|ability: Quark Drive|[fromitem]\n|-start|p1a: Iron Bundle|quarkdrivespe\n|turn|5\n|\n|t:|1682313599\n|move|p1a: Iron Bundle|Hydro Pump|p2a: Ting-Lu\n|-damage|p2a: Ting-Lu|36\/100\n|move|p2a: Ting-Lu|Rock Slide|p1a: Iron Bundle|[spread] p1a,p1b\n|-supereffective|p1a: Iron Bundle\n|-crit|p1a: Iron Bundle\n|-resisted|p1b: Ting-Lu\n|-crit|p1b: Ting-Lu\n|-damage|p1a: Iron Bundle|36\/100\n|-damage|p1b: Ting-Lu|75\/100\n|move|p1b: Ting-Lu|Fissure|p2a: Ting-Lu|[miss]\n|-miss|p1b: Ting-Lu|p2a: Ting-Lu\n|\n|-fieldend|move: Psychic Terrain\n|upkeep\n|turn|6\n|\n|t:|1682313611\n|move|p1a: Iron Bundle|Hydro Pump|p2a: Ting-Lu|[miss]\n|-miss|p1a: Iron Bundle|p2a: Ting-Lu\n|move|p2a: Ting-Lu|Rock Slide|p1a: Iron Bundle|[spread] p1a,p1b\n|-supereffective|p1a: Iron Bundle\n|-resisted|p1b: Ting-Lu\n|-damage|p1a: Iron Bundle|0 fnt\n|-damage|p1b: Ting-Lu|71\/100\n|faint|p1a: Iron Bundle\n|-end|p1a: Iron Bundle|Quark Drive|[silent]\n|move|p1b: Ting-Lu|Stomping Tantrum|p2a: Ting-Lu\n|-supereffective|p2a: Ting-Lu\n|-damage|p2a: Ting-Lu|0 fnt\n|faint|p2a: Ting-Lu\n|\n|win|volcranix\n|raw|volcranix's rating: 1056 → 1087<\/strong> (+31 for winning)\n|raw|Cyborgslayer5830's rating: 1049 → 1032<\/strong> (-17 for losing)\n","uploadtime":1682313616,"views":33,"p1id":"volcranix","p2id":"cyborgslayer5830","formatid":"gen9vgc2023regulationc","rating":1032,"private":0,"password":""}