{"id":"gen9vgc2023regulationc-1860483143","p1":"RatJohn3","p2":"JustABizarreJoJo","format":"[Gen 9] VGC 2023 Regulation C","log":"|j|\u203dRatJohn3\n|j|\u2606JustABizarreJoJo\n|t:|1683648104\n|gametype|doubles\n|player|p1|RatJohn3|ghetsis-gen5bw|1000\n|player|p2|JustABizarreJoJo|nobunaga-conquest|1086\n|teamsize|p1|4\n|teamsize|p2|6\n|gen|9\n|tier|[Gen 9] VGC 2023 Regulation C\n|rated|\n|rule|Species Clause: Limit one of each Pok\u00e9mon\n|rule|Item Clause: Limit one of each item\n|clearpoke\n|poke|p1|Zangoose, L50, M|\n|poke|p1|Garganacl, L50, M|\n|poke|p1|Amoonguss, L50, F|\n|poke|p1|Torkoal, L50, M|\n|poke|p2|Pelipper, L50, F|\n|poke|p2|Golduck, L50, M|\n|poke|p2|Gastrodon-East, L50, M|\n|poke|p2|Kilowattrel, L50, F|\n|poke|p2|Arcanine, L50, F|\n|poke|p2|Indeedee-F, L50, F|\n|teampreview|4\n|\n|t:|1683648135\n|start\n|switch|p1a: Garganacl|Garganacl, L50, M|100\/100\n|switch|p1b: Zangoose|Zangoose, L50, M, shiny|100\/100\n|switch|p2a: Chatreuse|Indeedee-F, L50, F|100\/100\n|switch|p2b: Korone|Arcanine, L50, F, shiny|100\/100\n|-fieldstart|move: Psychic Terrain|[from] ability: Psychic Surge|[of] p2a: Chatreuse\n|-ability|p2b: Korone|Intimidate|boost\n|-unboost|p1a: Garganacl|atk|1\n|-unboost|p1b: Zangoose|atk|1\n|turn|1\n|inactive|Battle timer is ON: inactive players will automatically lose when time's up. (requested by JustABizarreJoJo)\n|\n|t:|1683648148\n|move|p1b: Zangoose|Protect|p1b: Zangoose\n|-singleturn|p1b: Zangoose|Protect\n|move|p2a: Chatreuse|Follow Me|p2a: Chatreuse\n|-singleturn|p2a: Chatreuse|move: Follow Me\n|move|p2b: Korone|Will-O-Wisp|p1b: Zangoose\n|-activate|p1b: Zangoose|move: Protect\n|move|p1a: Garganacl|Salt Cure|p2a: Chatreuse\n|-damage|p2a: Chatreuse|86\/100\n|-start|p2a: Chatreuse|Salt Cure\n|\n|-damage|p2a: Chatreuse|74\/100|[from] Salt Cure\n|-status|p1b: Zangoose|tox|[from] item: Toxic Orb\n|upkeep\n|turn|2\n|\n|t:|1683648167\n|switch|p2b: Dickens|Gastrodon-East, L50, M|100\/100\n|move|p1a: Garganacl|Protect|p1a: Garganacl\n|-singleturn|p1a: Garganacl|Protect\n|move|p2a: Chatreuse|Follow Me|p2a: Chatreuse\n|-singleturn|p2a: Chatreuse|move: Follow Me\n|move|p1b: Zangoose|Facade|p2a: Chatreuse\n|-damage|p2a: Chatreuse|0 fnt\n|faint|p2a: Chatreuse\n|\n|-damage|p1b: Zangoose|95\/100 tox|[from] psn\n|upkeep\n|\n|t:|1683648172\n|switch|p2a: Persicaria|Kilowattrel, L50, F|100\/100\n|turn|3\n|\n|t:|1683648182\n|move|p1b: Zangoose|Protect|p1b: Zangoose\n|-singleturn|p1b: Zangoose|Protect\n|move|p2a: Persicaria|Discharge|p1a: Garganacl|[spread] p1a\n|-activate|p1b: Zangoose|move: Protect\n|-immune|p2b: Dickens\n|-damage|p1a: Garganacl|77\/100\n|move|p2b: Dickens|Muddy Water|p1a: Garganacl|[spread] p1a\n|-activate|p1b: Zangoose|move: Protect\n|-supereffective|p1a: Garganacl\n|-damage|p1a: Garganacl|30\/100\n|move|p1a: Garganacl|Salt Cure|p2a: Persicaria\n|-supereffective|p2a: Persicaria\n|-enditem|p2a: Persicaria|Charti Berry|[eat]\n|-enditem|p2a: Persicaria|Charti Berry|[weaken]\n|-damage|p2a: Persicaria|84\/100\n|-start|p2a: Persicaria|Salt Cure\n|\n|-heal|p1a: Garganacl|36\/100|[from] item: Leftovers\n|-damage|p1b: Zangoose|83\/100 tox|[from] psn\n|-damage|p2a: Persicaria|72\/100|[from] Salt Cure\n|upkeep\n|turn|4\n|\n|t:|1683648205\n|switch|p1b: Amoonguss|Amoonguss, L50, F|100\/100\n|move|p1a: Garganacl|Protect|p1a: Garganacl\n|-singleturn|p1a: Garganacl|Protect\n|move|p2a: Persicaria|Discharge|p1a: Garganacl|[spread] p1b\n|-activate|p1a: Garganacl|move: Protect\n|-immune|p2b: Dickens\n|-resisted|p1b: Amoonguss\n|-damage|p1b: Amoonguss|91\/100\n|move|p2b: Dickens|Muddy Water|p1a: Garganacl|[spread] p1b\n|-activate|p1a: Garganacl|move: Protect\n|-resisted|p1b: Amoonguss\n|-damage|p1b: Amoonguss|80\/100\n|-unboost|p1b: Amoonguss|accuracy|1\n|\n|-heal|p1a: Garganacl|42\/100|[from] item: Leftovers\n|-damage|p2a: Persicaria|59\/100|[from] Salt Cure\n|upkeep\n|turn|5\n|\n|t:|1683648225\n|-terastallize|p2b: Dickens|Grass\n|move|p1a: Garganacl|Wide Guard|p1a: Garganacl\n|-singleturn|p1a: Garganacl|Wide Guard\n|move|p2a: Persicaria|Air Slash|p1b: Amoonguss\n|-supereffective|p1b: Amoonguss\n|-damage|p1b: Amoonguss|34\/100\n|move|p2b: Dickens|Yawn|p1b: Amoonguss\n|-start|p1b: Amoonguss|move: Yawn|[of] p2b: Dickens\n|cant|p1b: Amoonguss|flinch\n|\n|-heal|p1a: Garganacl|48\/100|[from] item: Leftovers\n|-damage|p2a: Persicaria|47\/100|[from] Salt Cure\n|upkeep\n|turn|6\n|\n|t:|1683648250\n|switch|p1b: Torkoal|Torkoal, L50, M|100\/100\n|-weather|SunnyDay|[from] ability: Drought|[of] p1b: Torkoal\n|move|p1a: Garganacl|Wide Guard|p1a: Garganacl\n|-singleturn|p1a: Garganacl|Wide Guard\n|move|p2a: Persicaria|U-turn|p1a: Garganacl\n|-damage|p1a: Garganacl|42\/100\n|\n|t:|1683648256\n|switch|p2a: Korone|Arcanine, L50, F, shiny|100\/100|[from] U-turn\n|-ability|p2a: Korone|Intimidate|boost\n|-unboost|p1a: Garganacl|atk|1\n|-unboost|p1b: Torkoal|atk|1\n|move|p2b: Dickens|Icy Wind|p1a: Garganacl|[spread] \n|-activate|p1a: Garganacl|move: Wide Guard\n|-activate|p1b: Torkoal|move: Wide Guard\n|\n|-weather|SunnyDay|[upkeep]\n|-heal|p1a: Garganacl|48\/100|[from] item: Leftovers\n|upkeep\n|turn|7\n|\n|t:|1683648271\n|move|p2a: Korone|Helping Hand|p2b: Dickens\n|-singleturn|p2b: Dickens|Helping Hand|[of] p2a: Korone\n|move|p2b: Dickens|Muddy Water|p1b: Torkoal|[spread] p1a,p1b\n|-supereffective|p1a: Garganacl\n|-supereffective|p1b: Torkoal\n|-damage|p1a: Garganacl|9\/100\n|-damage|p1b: Torkoal|46\/100\n|-unboost|p1a: Garganacl|accuracy|1\n|-unboost|p1b: Torkoal|accuracy|1\n|move|p1a: Garganacl|Salt Cure|p2a: Korone|[miss]\n|-miss|p1a: Garganacl|p2a: Korone\n|move|p1b: Torkoal|Eruption|p2a: Korone|[spread] p2a\n|-miss|p1b: Torkoal|p2b: Dickens\n|-resisted|p2a: Korone\n|-damage|p2a: Korone|85\/100\n|\n|-weather|SunnyDay|[upkeep]\n|-heal|p1a: Garganacl|15\/100|[from] item: Leftovers\n|upkeep\n|turn|8\n|\n|t:|1683648290\n|move|p2a: Korone|Helping Hand|p2b: Dickens\n|-singleturn|p2b: Dickens|Helping Hand|[of] p2a: Korone\n|move|p1b: Torkoal|Protect|p1b: Torkoal\n|-singleturn|p1b: Torkoal|Protect\n|move|p2b: Dickens|Muddy Water|p1b: Torkoal|[spread] p1a\n|-activate|p1b: Torkoal|move: Protect\n|-supereffective|p1a: Garganacl\n|-damage|p1a: Garganacl|0 fnt\n|faint|p1a: Garganacl\n|\n|-weather|SunnyDay|[upkeep]\n|-fieldend|move: Psychic Terrain\n|upkeep\n|\n|t:|1683648301\n|switch|p1a: Amoonguss|Amoonguss, L50, F|67\/100\n|turn|9\n|-message|RatJohn3 forfeited.\n|\n|win|JustABizarreJoJo\n|raw|RatJohn3's rating: 1000 → 1000<\/strong> (+0 for losing)\n|raw|JustABizarreJoJo's rating: 1058 → 1084<\/strong> (+26 for winning)\n|l|\u203dRatJohn3\n|l|\u2606JustABizarreJoJo\n|j|\u2606JustABizarreJoJo\n|player|p2|JustABizarreJoJo|nobunaga-conquest\n","uploadtime":1683648322,"views":12,"p1id":"ratjohn3","p2id":"justabizarrejojo","formatid":"gen9vgc2023regulationc","rating":1000,"private":0,"password":""}