{"id":"gen9vgc2023regulationc-1847073310","p1":"pazzoscassato","p2":"Jbenn","format":"[Gen 9] VGC 2023 Regulation C","log":"|j|\u2606pazzoscassato\n|j|\u2606Jbenn\n|t:|1681916861\n|gametype|doubles\n|player|p1|pazzoscassato|biker|1147\n|player|p2|Jbenn|steven|1249\n|teamsize|p1|6\n|teamsize|p2|6\n|gen|9\n|tier|[Gen 9] VGC 2023 Regulation C\n|rated|\n|rule|Species Clause: Limit one of each Pok\u00e9mon\n|rule|Item Clause: Limit one of each item\n|clearpoke\n|poke|p1|Indeedee-F, L50, F|\n|poke|p1|Armarouge, L50, M|\n|poke|p1|Torkoal, L50, M|\n|poke|p1|Amoonguss, L50, M|\n|poke|p1|Kingambit, L50, F|\n|poke|p1|Slither Wing, L50|\n|poke|p2|Iron Jugulis, L50|\n|poke|p2|Gholdengo, L50|\n|poke|p2|Hariyama, L50, M|\n|poke|p2|Great Tusk, L50|\n|poke|p2|Mimikyu, L50, F|\n|poke|p2|Gyarados, L50, M|\n|teampreview|4\nJbenn has agreed to open team sheets.\n|\n|t:|1681916933\n|start\n|switch|p1a: Totti|Armarouge, L50, M|100\/100\n|switch|p1b: De Rossi|Indeedee-F, L50, F, shiny|100\/100\n|switch|p2a: Iron Jugulis|Iron Jugulis, L50|100\/100\n|switch|p2b: Mimikyu|Mimikyu, L50, F|100\/100\n|-fieldstart|move: Psychic Terrain|[from] ability: Psychic Surge|[of] p1b: De Rossi\n|-enditem|p1b: De Rossi|Psychic Seed\n|-boost|p1b: De Rossi|spd|1|[from] item: Psychic Seed\n|-enditem|p2a: Iron Jugulis|Booster Energy\n|-activate|p2a: Iron Jugulis|ability: Quark Drive|[fromitem]\n|-start|p2a: Iron Jugulis|quarkdrivespe\n|turn|1\n|\n|t:|1681916979\n|move|p2b: Mimikyu|Protect|p2b: Mimikyu\n|-singleturn|p2b: Mimikyu|Protect\n|move|p1b: De Rossi|Follow Me|p1b: De Rossi\n|-singleturn|p1b: De Rossi|move: Follow Me\n|move|p2a: Iron Jugulis|Snarl|p1a: Totti|[spread] p1a,p1b\n|-supereffective|p1a: Totti\n|-supereffective|p1b: De Rossi\n|-damage|p1a: Totti|62\/100\n|-damage|p1b: De Rossi|77\/100\n|-unboost|p1a: Totti|spa|1\n|-unboost|p1b: De Rossi|spa|1\n|move|p1a: Totti|Trick Room|p1a: Totti\n|-fieldstart|move: Trick Room|[of] p1a: Totti\n|\n|upkeep\n|turn|2\n|\n|t:|1681917013\n|move|p1a: Totti|Expanding Force|p2b: Mimikyu|[spread] p2b\n|-immune|p2a: Iron Jugulis\n|-activate|p2b: Mimikyu|ability: Disguise\n|-damage|p2b: Mimikyu|100\/100\n|detailschange|p2b: Mimikyu|Mimikyu-Busted, L50, F\n|-damage|p2b: Mimikyu|88\/100|[from] pokemon: Mimikyu-Busted\n|-damage|p1a: Totti|52\/100|[from] item: Life Orb\n|move|p1b: De Rossi|Psychic|p2b: Mimikyu\n|-damage|p2b: Mimikyu|60\/100\n|move|p2a: Iron Jugulis|Snarl|p1a: Totti|[spread] p1a,p1b\n|-supereffective|p1a: Totti\n|-supereffective|p1b: De Rossi\n|-damage|p1a: Totti|15\/100\n|-damage|p1b: De Rossi|55\/100\n|-unboost|p1a: Totti|spa|1\n|-unboost|p1b: De Rossi|spa|1\n|move|p2b: Mimikyu|Trick Room|p2b: Mimikyu\n|-fieldend|move: Trick Room\n|\n|upkeep\n|turn|3\n|\n|t:|1681917046\n|move|p1a: Totti|Protect|p1a: Totti\n|-singleturn|p1a: Totti|Protect\n|move|p2a: Iron Jugulis|Snarl|p1b: De Rossi|[spread] p1b\n|-activate|p1a: Totti|move: Protect\n|-supereffective|p1b: De Rossi\n|-damage|p1b: De Rossi|32\/100\n|-unboost|p1b: De Rossi|spa|1\n|move|p2b: Mimikyu|Play Rough|p1b: De Rossi\n|-damage|p1b: De Rossi|0 fnt\n|faint|p1b: De Rossi\n|\n|upkeep\n|\n|t:|1681917068\n|switch|p1b: Abraham|Kingambit, L50, F, shiny|100\/100\n|turn|4\n|\n|t:|1681917104\n|move|p2b: Mimikyu|Protect|p2b: Mimikyu\n|-singleturn|p2b: Mimikyu|Protect\n|move|p1a: Totti|Protect||[still]\n|-fail|p1a: Totti\n|move|p1b: Abraham|Sucker Punch||[still]\n|-fail|p1b: Abraham\n|move|p2a: Iron Jugulis|Air Slash|p1a: Totti\n|-damage|p1a: Totti|0 fnt\n|faint|p1a: Totti\n|\n|upkeep\n|\n|t:|1681917114\n|switch|p1a: Naingollan|Torkoal, L50, M|100\/100\n|-weather|SunnyDay|[from] ability: Drought|[of] p1a: Naingollan\n|turn|5\n|\n|t:|1681917135\n|-terastallize|p1a: Naingollan|Fire\n|move|p2a: Iron Jugulis|Protect|p2a: Iron Jugulis\n|-singleturn|p2a: Iron Jugulis|Protect\n|move|p2b: Mimikyu|Curse|p1a: Naingollan\n|-start|p1a: Naingollan|Curse|[of] p2b: Mimikyu\n|-damage|p2b: Mimikyu|10\/100\n|-enditem|p2b: Mimikyu|Sitrus Berry|[eat]\n|-heal|p2b: Mimikyu|34\/100|[from] item: Sitrus Berry\n|move|p1b: Abraham|Swords Dance|p1b: Abraham\n|-boost|p1b: Abraham|atk|2\n|move|p1a: Naingollan|Eruption|p2b: Mimikyu|[spread] p2b\n|-activate|p2a: Iron Jugulis|move: Protect\n|-damage|p2b: Mimikyu|0 fnt\n|faint|p2b: Mimikyu\n|\n|-weather|SunnyDay|[upkeep]\n|-damage|p1a: Naingollan|76\/100|[from] Curse\n|-fieldend|move: Psychic Terrain\n|upkeep\n|\n|t:|1681917162\n|switch|p2b: Great Tusk|Great Tusk, L50|100\/100\n|-activate|p2b: Great Tusk|ability: Protosynthesis\n|-start|p2b: Great Tusk|protosynthesisatk\n|turn|6\n|\n|t:|1681917191\n|move|p1b: Abraham|Sucker Punch|p2b: Great Tusk\n|-resisted|p2b: Great Tusk\n|-damage|p2b: Great Tusk|65\/100\n|move|p2a: Iron Jugulis|Tailwind|p2a: Iron Jugulis\n|-sidestart|p2: Jbenn|move: Tailwind\n|move|p2b: Great Tusk|Earthquake|p1b: Abraham|[spread] p1a,p1b\n|-immune|p2a: Iron Jugulis\n|-supereffective|p1a: Naingollan\n|-supereffective|p1b: Abraham\n|-damage|p1a: Naingollan|0 fnt\n|-damage|p1b: Abraham|0 fnt\n|faint|p1a: Naingollan\n|faint|p1b: Abraham\n|-damage|p2b: Great Tusk|55\/100|[from] item: Life Orb\n|\n|win|Jbenn\n|raw|pazzoscassato's rating: 1147 → 1131<\/strong> (-16 for losing)\n|raw|Jbenn's rating: 1273 → 1289<\/strong> (+16 for winning)\n|l|\u2606pazzoscassato\n","uploadtime":1681917208,"views":5,"p1id":"pazzoscassato","p2id":"jbenn","formatid":"gen9vgc2023regulationc","rating":1131,"private":0,"password":""}