{"id":"gen9vgc2023regulationc-1849864983","p1":"Usernamesarehard2","p2":"Idk544","format":"[Gen 9] VGC 2023 Regulation C","log":"|j|\u2606Usernamesarehard2\n|j|\u2606Idk544\n|t:|1682262157\n|gametype|doubles\n|player|p1|Usernamesarehard2|170|1332\n|player|p2|Idk544|silver|1260\n|teamsize|p1|6\n|teamsize|p2|6\n|gen|9\n|tier|[Gen 9] VGC 2023 Regulation C\n|rated|\n|rule|Species Clause: Limit one of each Pok\u00e9mon\n|rule|Item Clause: Limit one of each item\n|clearpoke\n|poke|p1|Palafin, L50, M|\n|poke|p1|Chien-Pao, L50|\n|poke|p1|Dragapult, L50, F|\n|poke|p1|Amoonguss, L50, M|\n|poke|p1|Arcanine, L50, M|\n|poke|p1|Flutter Mane, L50|\n|poke|p2|Orthworm, L50, M|\n|poke|p2|Iron Hands, L50|\n|poke|p2|Flutter Mane, L50|\n|poke|p2|Gholdengo, L50|\n|poke|p2|Gyarados, L50, M|\n|poke|p2|Ting-Lu, L50|\n|teampreview|4\nIdk544 has agreed to open team sheets.\n|\n|t:|1682262192\n|start\n|switch|p1a: Bundle|Chien-Pao, L50|100\/100\n|switch|p1b: ChiYu|Arcanine, L50, M|100\/100\n|switch|p2a: Orthworm|Orthworm, L50, M|100\/100\n|switch|p2b: Iron Hands|Iron Hands, L50|100\/100\n|-ability|p1a: Bundle|Sword of Ruin\n|-ability|p1b: ChiYu|Intimidate|boost\n|-unboost|p2a: Orthworm|atk|1\n|-unboost|p2b: Iron Hands|atk|1\n|turn|1\n|\n|t:|1682262209\n|move|p1a: Bundle|Protect|p1a: Bundle\n|-singleturn|p1a: Bundle|Protect\n|move|p2b: Iron Hands|Fake Out|p1b: ChiYu\n|-damage|p1b: ChiYu|85\/100\n|cant|p1b: ChiYu|flinch\n|move|p2a: Orthworm|Shed Tail|p2a: Orthworm\n|-start|p2a: Orthworm|Substitute|[from] move: Shed Tail\n|-damage|p2a: Orthworm|50\/100\n|-enditem|p2a: Orthworm|Sitrus Berry|[eat]\n|-heal|p2a: Orthworm|75\/100|[from] item: Sitrus Berry\n|\n|t:|1682262228\n|switch|p2a: Gyarados|Gyarados, L50, M|100\/100|[from] Shed Tail\n|-ability|p2a: Gyarados|Intimidate|boost\n|-unboost|p1a: Bundle|atk|1\n|-unboost|p1b: ChiYu|atk|1\n|\n|upkeep\n|turn|2\n|\n|t:|1682262240\n|switch|p1a: WoChien|Amoonguss, L50, M|100\/100\n|switch|p1b: Dnite|Dragapult, L50, F|100\/100\n|move|p2a: Gyarados|Dragon Dance|p2a: Gyarados\n|-boost|p2a: Gyarados|atk|1\n|-boost|p2a: Gyarados|spe|1\n|move|p2b: Iron Hands|Drain Punch|p1a: WoChien\n|-resisted|p1a: WoChien\n|-damage|p1a: WoChien|88\/100\n|\n|upkeep\n|turn|3\n|\n|t:|1682262274\n|move|p1b: Dnite|Phantom Force||[still]\n|-prepare|p1b: Dnite|Phantom Force\n|move|p2a: Gyarados|Dragon Dance|p2a: Gyarados\n|-boost|p2a: Gyarados|atk|1\n|-boost|p2a: Gyarados|spe|1\n|move|p2b: Iron Hands|Volt Switch|p1a: WoChien\n|-resisted|p1a: WoChien\n|-damage|p1a: WoChien|83\/100\n|\n|t:|1682262283\n|-end|p2b: Iron Hands|Quark Drive|[silent]\n|switch|p2b: Gholdengo|Gholdengo, L50|100\/100|[from] Volt Switch\n|move|p1a: WoChien|Spore|p2b: Gholdengo\n|-immune|p2b: Gholdengo|[from] ability: Good as Gold\n|\n|upkeep\n|turn|4\n|inactive|Battle timer is ON: inactive players will automatically lose when time's up. (requested by Usernamesarehard2)\n|\n|t:|1682262327\n|switch|p1a: ChiYu|Arcanine, L50, M|85\/100\n|-ability|p1a: ChiYu|Intimidate|boost\n|-immune|p2a: Gyarados\n|-unboost|p2b: Gholdengo|atk|1\n|-terastallize|p2b: Gholdengo|Water\n|move|p2a: Gyarados|Waterfall|p1a: ChiYu\n|-supereffective|p1a: ChiYu\n|-damage|p1a: ChiYu|0 fnt\n|faint|p1a: ChiYu\n|move|p1b: Dnite|Phantom Force|p2a: Gyarados|[from]lockedmove\n|-end|p2a: Gyarados|Substitute\n|move|p2b: Gholdengo|Shadow Ball|p1b: Dnite\n|-supereffective|p1b: Dnite\n|-damage|p1b: Dnite|0 fnt\n|faint|p1b: Dnite\n|\n|upkeep\n|\n|t:|1682262343\n|switch|p1b: WoChien|Amoonguss, L50, M|100\/100\n|switch|p1a: Bundle|Chien-Pao, L50|100\/100\n|-ability|p1a: Bundle|Sword of Ruin\n|turn|5\n|-message|Usernamesarehard2 forfeited.\n|\n|win|Idk544\n|raw|Usernamesarehard2's rating: 1332 → 1308<\/strong> (-24 for losing)\n|raw|Idk544's rating: 1260 → 1290<\/strong> (+30 for winning)\n|l|\u2606Usernamesarehard2\n","uploadtime":1682262364,"views":10,"p1id":"usernamesarehard2","p2id":"idk544","formatid":"gen9vgc2023regulationc","rating":1290,"private":0,"password":""}