{"id":"gen9vgc2023regulationc-1847602225","p1":"Shelly_Kuhn04","p2":"BibliothequeVGC","format":"[Gen 9] VGC 2023 Regulation C","log":"|j|\u2606Shelly_Kuhn04\n|j|\u2606BibliothequeVGC\n|t:|1681980333\n|gametype|doubles\n|player|p1|Shelly_Kuhn04|lance|1026\n|player|p2|BibliothequeVGC|riley|1042\n|teamsize|p1|6\n|teamsize|p2|6\n|gen|9\n|tier|[Gen 9] VGC 2023 Regulation C\n|rated|\n|rule|Species Clause: Limit one of each Pok\u00e9mon\n|rule|Item Clause: Limit one of each item\n|clearpoke\n|poke|p1|Scream Tail, L50|\n|poke|p1|Gothitelle, L50, F|\n|poke|p1|Dondozo, L50, M|\n|poke|p1|Tatsugiri, L50, F|\n|poke|p1|Annihilape, L50, M|\n|poke|p1|Cetitan, L50, F|\n|poke|p2|Ting-Lu, L50|\n|poke|p2|Corviknight, L50, M|\n|poke|p2|Palafin, L50, M|\n|poke|p2|Baxcalibur, L50, M|\n|poke|p2|Grimmsnarl, L50, M|\n|poke|p2|Skeledirge, L50, F|\n|teampreview|4\n|inactive|Battle timer is ON: inactive players will automatically lose when time's up. (requested by Shelly_Kuhn04)\n|\n|t:|1681980356\n|start\n|switch|p1a: Scream Tail|Scream Tail, L50|100\/100\n|switch|p1b: Gothitelle|Gothitelle, L50, F|100\/100\n|switch|p2a: Grimmsnarl|Grimmsnarl, L50, M|100\/100\n|switch|p2b: Palafin|Palafin, L50, M|100\/100\n|-enditem|p1a: Scream Tail|Booster Energy\n|-activate|p1a: Scream Tail|ability: Protosynthesis|[fromitem]\n|-start|p1a: Scream Tail|protosynthesisspe\n|turn|1\n|\n|t:|1681980374\n|move|p2b: Palafin|Protect|p2b: Palafin\n|-singleturn|p2b: Palafin|Protect\n|move|p1b: Gothitelle|Fake Out|p2a: Grimmsnarl\n|-damage|p2a: Grimmsnarl|94\/100\n|cant|p2a: Grimmsnarl|flinch\n|move|p1a: Scream Tail|Perish Song|p1a: Scream Tail\n|-start|p1a: Scream Tail|perish3|[silent]\n|-start|p1b: Gothitelle|perish3|[silent]\n|-start|p2a: Grimmsnarl|perish3|[silent]\n|-start|p2b: Palafin|perish3|[silent]\n|-fieldactivate|move: Perish Song\n|\n|-start|p1a: Scream Tail|perish3\n|-start|p2b: Palafin|perish3\n|-start|p1b: Gothitelle|perish3\n|-start|p2a: Grimmsnarl|perish3\n|upkeep\n|turn|2\n|inactive|Shelly_Kuhn04 has 30 seconds left.\n|inactive|BibliothequeVGC has 30 seconds left.\n|\n|t:|1681980404\n|move|p2a: Grimmsnarl|Light Screen|p2a: Grimmsnarl\n|-sidestart|p2: BibliothequeVGC|move: Light Screen\n|move|p1a: Scream Tail|Calm Mind|p1a: Scream Tail\n|-boost|p1a: Scream Tail|spa|1\n|-boost|p1a: Scream Tail|spd|1\n|move|p2b: Palafin|Flip Turn|p1b: Gothitelle\n|-damage|p1b: Gothitelle|76\/100\n|\n|t:|1681980413\n|detailschange|p2b: Palafin|Palafin-Hero, L50, M\n|switch|p2b: Skeledirge|Skeledirge, L50, F|100\/100|[from] Flip Turn\n|move|p1b: Gothitelle|Rock Slide|p2a: Grimmsnarl|[spread] p2b\n|-miss|p1b: Gothitelle|p2a: Grimmsnarl\n|-supereffective|p2b: Skeledirge\n|-damage|p2b: Skeledirge|91\/100\n|\n|-start|p1a: Scream Tail|perish2\n|-start|p1b: Gothitelle|perish2\n|-start|p2a: Grimmsnarl|perish2\n|upkeep\n|turn|3\n|inactive|BibliothequeVGC has 30 seconds left.\n|\n|t:|1681980442\n|move|p1b: Gothitelle|Protect|p1b: Gothitelle\n|-singleturn|p1b: Gothitelle|Protect\n|move|p1a: Scream Tail|Stored Power|p2b: Skeledirge\n|-damage|p2b: Skeledirge|80\/100\n|move|p2b: Skeledirge|Shadow Ball|p1b: Gothitelle\n|-activate|p1b: Gothitelle|move: Protect\n|move|p2a: Grimmsnarl|Spirit Break|p1a: Scream Tail\n|-damage|p1a: Scream Tail|75\/100\n|-unboost|p1a: Scream Tail|spa|1\n|\n|-start|p1a: Scream Tail|perish1\n|-start|p1b: Gothitelle|perish1\n|-start|p2a: Grimmsnarl|perish1\n|upkeep\n|turn|4\n|\n|t:|1681980465\n|-end|p1a: Scream Tail|Protosynthesis|[silent]\n|switch|p1a: Annihilape|Annihilape, L50, M|100\/100\n|switch|p1b: Cetitan|Cetitan, L50, F|100\/100\n|move|p2a: Grimmsnarl|Reflect|p2a: Grimmsnarl\n|-sidestart|p2: BibliothequeVGC|Reflect\n|move|p2b: Skeledirge|Torch Song|p1b: Cetitan\n|-supereffective|p1b: Cetitan\n|-damage|p1b: Cetitan|68\/100\n|-boost|p2b: Skeledirge|spa|1\n|-enditem|p2b: Skeledirge|Throat Spray\n|-boost|p2b: Skeledirge|spa|1|[from] item: Throat Spray\n|\n|-start|p2a: Grimmsnarl|perish0\n|faint|p2a: Grimmsnarl\n|upkeep\n|\n|t:|1681980473\n|switch|p2a: Palafin|Palafin-Hero, L50, M|100\/100\n|-activate|p2a: Palafin|ability: Zero to Hero\n|turn|5\n|inactive|Shelly_Kuhn04 has 30 seconds left.\n|\n|t:|1681980502\n|-terastallize|p2b: Skeledirge|Fairy\n|move|p1a: Annihilape|Final Gambit|p2a: Palafin\n|-damage|p2a: Palafin|0 fnt\n|faint|p1a: Annihilape\n|faint|p2a: Palafin\n|move|p1b: Cetitan|Belly Drum|p1b: Cetitan\n|-damage|p1b: Cetitan|18\/100\n|-setboost|p1b: Cetitan|atk|6|[from] move: Belly Drum\n|-enditem|p1b: Cetitan|Aguav Berry|[eat]\n|-heal|p1b: Cetitan|51\/100|[from] item: Aguav Berry\n|move|p2b: Skeledirge|Torch Song|p1b: Cetitan\n|-supereffective|p1b: Cetitan\n|-damage|p1b: Cetitan|0 fnt\n|-boost|p2b: Skeledirge|spa|1\n|faint|p1b: Cetitan\n|\n|upkeep\n|inactive|Shelly_Kuhn04 has 30 seconds left.\n|\n|t:|1681980527\n|switch|p2a: Ting-Lu|Ting-Lu, L50|100\/100\n|switch|p1a: Scream Tail|Scream Tail, L50|75\/100\n|switch|p1b: Gothitelle|Gothitelle, L50, F|76\/100\n|-ability|p2a: Ting-Lu|Vessel of Ruin\n|turn|6\n|\n|t:|1681980550\n|-terastallize|p1a: Scream Tail|Fire\n|move|p1b: Gothitelle|Fake Out|p2b: Skeledirge\n|-damage|p2b: Skeledirge|78\/100\n|move|p1a: Scream Tail|Perish Song|p1a: Scream Tail\n|-start|p1a: Scream Tail|perish3|[silent]\n|-start|p1b: Gothitelle|perish3|[silent]\n|-start|p2a: Ting-Lu|perish3|[silent]\n|-start|p2b: Skeledirge|perish3|[silent]\n|-fieldactivate|move: Perish Song\n|cant|p2b: Skeledirge|flinch\n|move|p2a: Ting-Lu|Throat Chop|p1b: Gothitelle\n|-supereffective|p1b: Gothitelle\n|-damage|p1b: Gothitelle|10\/100\n|-start|p1b: Gothitelle|Throat Chop|[silent]\n|-enditem|p1b: Gothitelle|Iapapa Berry|[eat]\n|-heal|p1b: Gothitelle|43\/100|[from] item: Iapapa Berry\n|\n|-start|p1a: Scream Tail|perish3\n|-start|p2b: Skeledirge|perish3\n|-start|p1b: Gothitelle|perish3\n|-start|p2a: Ting-Lu|perish3\n|upkeep\n|turn|7\n|\n|t:|1681980566\n|move|p1a: Scream Tail|Protect|p1a: Scream Tail\n|-singleturn|p1a: Scream Tail|Protect\n|move|p1b: Gothitelle|Protect|p1b: Gothitelle\n|-singleturn|p1b: Gothitelle|Protect\n|move|p2b: Skeledirge|Shadow Ball|p1a: Scream Tail\n|-activate|p1a: Scream Tail|move: Protect\n|move|p2a: Ting-Lu|Throat Chop|p1b: Gothitelle\n|-activate|p1b: Gothitelle|move: Protect\n|\n|-end|p1b: Gothitelle|Throat Chop|[silent]\n|-start|p1a: Scream Tail|perish2\n|-start|p2b: Skeledirge|perish2\n|-start|p1b: Gothitelle|perish2\n|-start|p2a: Ting-Lu|perish2\n|upkeep\n|turn|8\n|\n|t:|1681980589\n|move|p1a: Scream Tail|Calm Mind|p1a: Scream Tail\n|-boost|p1a: Scream Tail|spa|1\n|-boost|p1a: Scream Tail|spd|1\n|move|p2b: Skeledirge|Shadow Ball|p1a: Scream Tail\n|-damage|p1a: Scream Tail|30\/100\n|-unboost|p1a: Scream Tail|spd|1\n|move|p1b: Gothitelle|Rock Slide|p2b: Skeledirge|[spread] p2a,p2b\n|-resisted|p2a: Ting-Lu\n|-damage|p2a: Ting-Lu|99\/100\n|-damage|p2b: Skeledirge|75\/100\n|move|p2a: Ting-Lu|Throat Chop|p1b: Gothitelle\n|-supereffective|p1b: Gothitelle\n|-damage|p1b: Gothitelle|0 fnt\n|faint|p1b: Gothitelle\n|\n|-start|p1a: Scream Tail|perish1\n|-start|p2b: Skeledirge|perish1\n|-start|p2a: Ting-Lu|perish1\n|upkeep\n|turn|9\n|\n|t:|1681980602\n|move|p1a: Scream Tail|Protect|p1a: Scream Tail\n|-singleturn|p1a: Scream Tail|Protect\n|move|p2b: Skeledirge|Shadow Ball|p1a: Scream Tail\n|-activate|p1a: Scream Tail|move: Protect\n|move|p2a: Ting-Lu|Throat Chop|p1a: Scream Tail\n|-activate|p1a: Scream Tail|move: Protect\n|\n|-start|p1a: Scream Tail|perish0\n|-start|p2b: Skeledirge|perish0\n|-start|p2a: Ting-Lu|perish0\n|faint|p1a: Scream Tail\n|-end|p1a: Scream Tail|Protosynthesis|[silent]\n|faint|p2b: Skeledirge\n|faint|p2a: Ting-Lu\n|\n|win|BibliothequeVGC\n|upkeep\n|raw|Shelly_Kuhn04's rating: 1026 → 1013<\/strong> (-13 for losing)\n|raw|BibliothequeVGC's rating: 1042 → 1074<\/strong> (+32 for winning)\n|l|\u2606Shelly_Kuhn04\n","uploadtime":1681980624,"views":7,"p1id":"shellykuhn04","p2id":"bibliothequevgc","formatid":"gen9vgc2023regulationc","rating":1013,"private":0,"password":""}