{"id":"gen9vgc2023regulationc-1858232445","p1":"leolc0926","p2":"kidpablo","format":"[Gen 9] VGC 2023 Regulation C","log":"|j|\u2606leolc0926\n|j|\u2606kidpablo\n|t:|1683293615\n|gametype|doubles\n|player|p1|leolc0926|steven|1294\n|player|p2|kidpablo|ninjaboy|1180\n|teamsize|p1|6\n|teamsize|p2|6\n|gen|9\n|tier|[Gen 9] VGC 2023 Regulation C\n|rated|\n|rule|Species Clause: Limit one of each Pok\u00e9mon\n|rule|Item Clause: Limit one of each item\n|clearpoke\n|poke|p1|Roaring Moon, L50|\n|poke|p1|Arcanine, L50, M|\n|poke|p1|Palafin, L50, F|\n|poke|p1|Amoonguss, L50, F|\n|poke|p1|Flutter Mane, L50|\n|poke|p1|Ting-Lu, L50|\n|poke|p2|Flutter Mane, L50|\n|poke|p2|Chi-Yu, L50|\n|poke|p2|Roaring Moon, L50|\n|poke|p2|Jumpluff, L50, F|\n|poke|p2|Wo-Chien, L50|\n|poke|p2|Torkoal, L50, F|\n|teampreview|4\n|inactive|Battle timer is ON: inactive players will automatically lose when time's up. (requested by leolc0926)\n|inactive|kidpablo has 60 seconds left.\n|inactive|kidpablo has 30 seconds left.\n|inactive|kidpablo has 20 seconds left.\n|inactive|kidpablo has 15 seconds left.\n|inactive|kidpablo has 10 seconds left.\n|inactive|kidpablo has 5 seconds left.\n|\n|t:|1683293746\n|start\n|switch|p1a: \u8f70\u9e23\u4fa0|Roaring Moon, L50|100\/100\n|switch|p1b: \u53e4\u9f0e\u4fa0|Ting-Lu, L50|100\/100\n|switch|p2a: Flutter Mane|Flutter Mane, L50|100\/100\n|switch|p2b: Chi-Yu|Chi-Yu, L50|100\/100\n|-ability|p2b: Chi-Yu|Beads of Ruin\n|-ability|p1b: \u53e4\u9f0e\u4fa0|Vessel of Ruin\n|-enditem|p1a: \u8f70\u9e23\u4fa0|Booster Energy\n|-activate|p1a: \u8f70\u9e23\u4fa0|ability: Protosynthesis|[fromitem]\n|-start|p1a: \u8f70\u9e23\u4fa0|protosynthesisatk\n|turn|1\n|inactive|kidpablo has 30 seconds left.\n|inactive|kidpablo has 20 seconds left.\n|\n|t:|1683293785\n|-terastallize|p2a: Flutter Mane|Grass\n|move|p1a: \u8f70\u9e23\u4fa0|Protect|p1a: \u8f70\u9e23\u4fa0\n|-singleturn|p1a: \u8f70\u9e23\u4fa0|Protect\n|move|p2b: Chi-Yu|Flamethrower|p1b: \u53e4\u9f0e\u4fa0\n|-damage|p1b: \u53e4\u9f0e\u4fa0|77\/100\n|-status|p1b: \u53e4\u9f0e\u4fa0|brn\n|move|p1b: \u53e4\u9f0e\u4fa0|Heavy Slam|p2a: Flutter Mane\n|-damage|p2a: Flutter Mane|81\/100\n|move|p2a: Flutter Mane|Dazzling Gleam|p1b: \u53e4\u9f0e\u4fa0|[spread] p1b\n|-activate|p1a: \u8f70\u9e23\u4fa0|move: Protect\n|-supereffective|p1b: \u53e4\u9f0e\u4fa0\n|-damage|p1b: \u53e4\u9f0e\u4fa0|53\/100 brn\n|\n|-damage|p1b: \u53e4\u9f0e\u4fa0|47\/100 brn|[from] brn\n|upkeep\n|turn|2\n|inactive|leolc0926 has 30 seconds left.\n|\n|t:|1683293815\n|-terastallize|p1a: \u8f70\u9e23\u4fa0|Flying\n|move|p1a: \u8f70\u9e23\u4fa0|Acrobatics|p2a: Flutter Mane\n|-supereffective|p2a: Flutter Mane\n|-damage|p2a: Flutter Mane|0 fnt\n|faint|p2a: Flutter Mane\n|-end|p2a: Flutter Mane|Protosynthesis|[silent]\n|move|p2b: Chi-Yu|Flamethrower|p1b: \u53e4\u9f0e\u4fa0\n|-damage|p1b: \u53e4\u9f0e\u4fa0|24\/100 brn\n|move|p1b: \u53e4\u9f0e\u4fa0|Sand Tomb|p2b: Chi-Yu\n|-supereffective|p2b: Chi-Yu\n|-damage|p2b: Chi-Yu|79\/100\n|-activate|p2b: Chi-Yu|move: Sand Tomb|[of] p1b: \u53e4\u9f0e\u4fa0\n|\n|-damage|p1b: \u53e4\u9f0e\u4fa0|18\/100 brn|[from] brn\n|-damage|p2b: Chi-Yu|67\/100|[from] move: Sand Tomb|[partiallytrapped]\n|upkeep\n|\n|t:|1683293833\n|switch|p2a: Jumpluff|Jumpluff, L50, F|100\/100\n|turn|3\n|\n|t:|1683293853\n|switch|p1b: \u75af\u72d7\u4fa0|Arcanine, L50, M, shiny|100\/100\n|-ability|p1b: \u75af\u72d7\u4fa0|Intimidate|boost\n|-unboost|p2a: Jumpluff|atk|1\n|-unboost|p2b: Chi-Yu|atk|1\n|move|p2a: Jumpluff|Sleep Powder|p1a: \u8f70\u9e23\u4fa0\n|-status|p1a: \u8f70\u9e23\u4fa0|slp|[from] move: Sleep Powder\n|cant|p1a: \u8f70\u9e23\u4fa0|slp\n|move|p2b: Chi-Yu|Flamethrower|p1b: \u75af\u72d7\u4fa0\n|-resisted|p1b: \u75af\u72d7\u4fa0\n|-damage|p1b: \u75af\u72d7\u4fa0|67\/100\n|\n|-end|p2b: Chi-Yu|Sand Tomb|[partiallytrapped]|[silent]\n|upkeep\n|turn|4\n|\n|t:|1683293871\n|move|p2a: Jumpluff|Protect|p2a: Jumpluff\n|-singleturn|p2a: Jumpluff|Protect\n|move|p1b: \u75af\u72d7\u4fa0|Flare Blitz|p2a: Jumpluff\n|-activate|p2a: Jumpluff|move: Protect\n|cant|p1a: \u8f70\u9e23\u4fa0|slp\n|move|p2b: Chi-Yu|Dark Pulse|p1b: \u75af\u72d7\u4fa0\n|-damage|p1b: \u75af\u72d7\u4fa0|10\/100\n|\n|upkeep\n|turn|5\n|\n|t:|1683293884\n|move|p1b: \u75af\u72d7\u4fa0|Protect|p1b: \u75af\u72d7\u4fa0\n|-singleturn|p1b: \u75af\u72d7\u4fa0|Protect\n|move|p2a: Jumpluff|Sleep Powder|p1b: \u75af\u72d7\u4fa0\n|-activate|p1b: \u75af\u72d7\u4fa0|move: Protect\n|-curestatus|p1a: \u8f70\u9e23\u4fa0|slp|[msg]\n|move|p1a: \u8f70\u9e23\u4fa0|Acrobatics|p2b: Chi-Yu\n|-damage|p2b: Chi-Yu|0 fnt\n|faint|p2b: Chi-Yu\n|\n|upkeep\n|\n|t:|1683293893\n|switch|p2b: Roaring Moon|Roaring Moon, L50|100\/100\n|turn|6\n|\n|t:|1683293910\n|move|p2a: Jumpluff|Protect|p2a: Jumpluff\n|-singleturn|p2a: Jumpluff|Protect\n|move|p1a: \u8f70\u9e23\u4fa0|Protect|p1a: \u8f70\u9e23\u4fa0\n|-singleturn|p1a: \u8f70\u9e23\u4fa0|Protect\n|move|p2b: Roaring Moon|Rock Slide|p1b: \u75af\u72d7\u4fa0|[spread] p1b\n|-activate|p1a: \u8f70\u9e23\u4fa0|move: Protect\n|-supereffective|p1b: \u75af\u72d7\u4fa0\n|-damage|p1b: \u75af\u72d7\u4fa0|0 fnt\n|faint|p1b: \u75af\u72d7\u4fa0\n|\n|upkeep\n|\n|t:|1683293919\n|switch|p1b: \u632f\u7ffc\u4fa0|Flutter Mane, L50, shiny|100\/100\n|turn|7\n|\n|t:|1683293927\n|move|p2b: Roaring Moon|Protect|p2b: Roaring Moon\n|-singleturn|p2b: Roaring Moon|Protect\n|move|p1b: \u632f\u7ffc\u4fa0|Dazzling Gleam|p2b: Roaring Moon|[spread] p2a\n|-activate|p2b: Roaring Moon|move: Protect\n|-damage|p2a: Jumpluff|57\/100\n|move|p2a: Jumpluff|Sleep Powder|p1b: \u632f\u7ffc\u4fa0\n|-status|p1b: \u632f\u7ffc\u4fa0|slp|[from] move: Sleep Powder\n|move|p1a: \u8f70\u9e23\u4fa0|Dragon Dance|p1a: \u8f70\u9e23\u4fa0\n|-boost|p1a: \u8f70\u9e23\u4fa0|atk|1\n|-boost|p1a: \u8f70\u9e23\u4fa0|spe|1\n|\n|upkeep\n|turn|8\n|\n|t:|1683293942\n|move|p1a: \u8f70\u9e23\u4fa0|Acrobatics|p2a: Jumpluff\n|-supereffective|p2a: Jumpluff\n|-damage|p2a: Jumpluff|0 fnt\n|faint|p2a: Jumpluff\n|cant|p1b: \u632f\u7ffc\u4fa0|slp\n|move|p2b: Roaring Moon|Rock Slide|p1a: \u8f70\u9e23\u4fa0|[spread] p1a,p1b\n|-supereffective|p1a: \u8f70\u9e23\u4fa0\n|-damage|p1a: \u8f70\u9e23\u4fa0|50\/100\n|-damage|p1b: \u632f\u7ffc\u4fa0|68\/100 slp\n|\n|upkeep\n|turn|9\n|\n|t:|1683293950\n|move|p1a: \u8f70\u9e23\u4fa0|Acrobatics|p2b: Roaring Moon\n|-damage|p2b: Roaring Moon|0 fnt\n|faint|p2b: Roaring Moon\n|-end|p2b: Roaring Moon|Protosynthesis|[silent]\n|\n|win|leolc0926\n|raw|leolc0926's rating: 1294 → 1311<\/strong> (+17 for winning)\n|raw|kidpablo's rating: 1180 → 1163<\/strong> (-17 for losing)\n|l|\u2606kidpablo\n|c|\u2606leolc0926|gg\n","uploadtime":1683293960,"views":12,"p1id":"leolc0926","p2id":"kidpablo","formatid":"gen9vgc2023regulationc","rating":1163,"private":0,"password":""}