{"id":"gen9vgc2023regulationc-1851309809","p1":"GOMEZ7296","p2":"WillieDangerously","format":"[Gen 9] VGC 2023 Regulation C","log":"|j|\u2606GOMEZ7296\n|j|\u2606WillieDangerously\n|t:|1682434682\n|gametype|doubles\n|player|p1|GOMEZ7296|170|1092\n|player|p2|WillieDangerously|psychic-gen4|1135\n|teamsize|p1|6\n|teamsize|p2|6\n|gen|9\n|tier|[Gen 9] VGC 2023 Regulation C\n|rated|\n|rule|Species Clause: Limit one of each Pok\u00e9mon\n|rule|Item Clause: Limit one of each item\n|clearpoke\n|poke|p1|Gholdengo, L50|\n|poke|p1|Garchomp, L50, M|\n|poke|p1|Talonflame, L50, F|\n|poke|p1|Iron Bundle, L50|\n|poke|p1|Chien-Pao, L50|\n|poke|p1|Dachsbun, L50, M|\n|poke|p2|Espathra, L50, F|\n|poke|p2|Iron Bundle, L50|\n|poke|p2|Iron Valiant, L50|\n|poke|p2|Salamence, L50, F|\n|poke|p2|Scizor, L50, M|\n|poke|p2|Sandy Shocks, L50|\n|teampreview|4\n|\n|t:|1682434721\n|start\n|switch|p1a: hola.|Talonflame, L50, F|100\/100\n|switch|p1b: kalise|Garchomp, L50, M|100\/100\n|switch|p2a: Scizor|Scizor, L50, M|100\/100\n|switch|p2b: Sandy Shocks|Sandy Shocks, L50|100\/100\n|-enditem|p2b: Sandy Shocks|Booster Energy\n|-activate|p2b: Sandy Shocks|ability: Protosynthesis|[fromitem]\n|-start|p2b: Sandy Shocks|protosynthesisspe\n|turn|1\n|\n|t:|1682434762\n|-terastallize|p2b: Sandy Shocks|Ghost\n|move|p2a: Scizor|Feint|p1a: hola.\n|-damage|p1a: hola.|79\/100\n|move|p2b: Sandy Shocks|Gravity|p2b: Sandy Shocks\n|-fieldstart|move: Gravity\n|move|p1a: hola.|Tailwind|p1a: hola.\n|-sidestart|p1: GOMEZ7296|move: Tailwind\n|move|p1b: kalise|Swords Dance|p1b: kalise\n|-boost|p1b: kalise|atk|2\n|\n|upkeep\n|turn|2\n|\n|t:|1682434808\n|move|p2b: Sandy Shocks|Protect|p2b: Sandy Shocks\n|-singleturn|p2b: Sandy Shocks|Protect\n|move|p2a: Scizor|Bullet Punch|p1a: hola.\n|-resisted|p1a: hola.\n|-damage|p1a: hola.|57\/100\n|move|p1a: hola.|Brave Bird|p2b: Sandy Shocks\n|-activate|p2b: Sandy Shocks|move: Protect\n|move|p1b: kalise|Earthquake|p2a: Scizor|[spread] p1a,p2a\n|-activate|p2b: Sandy Shocks|move: Protect\n|-supereffective|p1a: hola.\n|-crit|p2a: Scizor\n|-damage|p1a: hola.|0 fnt\n|-damage|p2a: Scizor|0 fnt\n|faint|p1a: hola.\n|faint|p2a: Scizor\n|-damage|p1b: kalise|91\/100|[from] item: Life Orb\n|\n|upkeep\n|\n|t:|1682434827\n|switch|p1a: FLASH 2.0|Chien-Pao, L50|100\/100\n|switch|p2a: Espathra|Espathra, L50, F|100\/100\n|-ability|p1a: FLASH 2.0|Sword of Ruin\n|turn|3\n|\n|t:|1682434858\n|-terastallize|p1a: FLASH 2.0|Dark\n|move|p2b: Sandy Shocks|Protect|p2b: Sandy Shocks\n|-singleturn|p2b: Sandy Shocks|Protect\n|move|p2a: Espathra|Protect|p2a: Espathra\n|-singleturn|p2a: Espathra|Protect\n|move|p1a: FLASH 2.0|Sucker Punch||[still]\n|-fail|p1a: FLASH 2.0\n|move|p1b: kalise|Swords Dance|p1b: kalise\n|-boost|p1b: kalise|atk|2\n|\n|-ability|p2a: Espathra|Speed Boost|boost\n|-boost|p2a: Espathra|spe|1\n|upkeep\n|turn|4\n|\n|t:|1682434882\n|-end|p2b: Sandy Shocks|Protosynthesis|[silent]\n|switch|p2b: Iron Bundle|Iron Bundle, L50|100\/100\n|move|p2a: Espathra|Protect||[still]\n|-fail|p2a: Espathra\n|move|p1a: FLASH 2.0|Sucker Punch||[still]\n|-fail|p1a: FLASH 2.0\n|move|p1b: kalise|Dragon Claw|p2a: Espathra\n|-damage|p2a: Espathra|0 fnt\n|faint|p2a: Espathra\n|-damage|p1b: kalise|81\/100|[from] item: Life Orb\n|\n|-sideend|p1: GOMEZ7296|move: Tailwind\n|upkeep\n|\n|t:|1682434891\n|switch|p2a: Sandy Shocks|Sandy Shocks, L50, tera:Ghost|100\/100\n|turn|5\n|\n|t:|1682434914\n|move|p2b: Iron Bundle|Blizzard|p1b: kalise|[spread] p1a,p1b\n|-supereffective|p1b: kalise\n|-damage|p1a: FLASH 2.0|28\/100\n|-damage|p1b: kalise|0 fnt\n|faint|p1b: kalise\n|move|p1a: FLASH 2.0|Sacred Sword|p2b: Iron Bundle\n|-supereffective|p2b: Iron Bundle\n|-damage|p2b: Iron Bundle|0 fnt\n|faint|p2b: Iron Bundle\n|-end|p2b: Iron Bundle|Quark Drive|[silent]\n|move|p2a: Sandy Shocks|Thunder|p1a: FLASH 2.0\n|-damage|p1a: FLASH 2.0|0 fnt\n|faint|p1a: FLASH 2.0\n|\n|-fieldend|move: Gravity\n|upkeep\n|\n|t:|1682434930\n|switch|p1b: Apetinitas|Dachsbun, L50, M|100\/100\n|turn|6\n|\n|t:|1682434940\n|move|p2a: Sandy Shocks|Earth Power|p1b: Apetinitas\n|-damage|p1b: Apetinitas|42\/100\n|move|p1b: Apetinitas|Yawn|p2a: Sandy Shocks\n|-start|p2a: Sandy Shocks|move: Yawn|[of] p1b: Apetinitas\n|\n|-heal|p1b: Apetinitas|48\/100|[from] item: Leftovers\n|upkeep\n|turn|7\n|\n|t:|1682434949\n|move|p1b: Apetinitas|Protect|p1b: Apetinitas\n|-singleturn|p1b: Apetinitas|Protect\n|move|p2a: Sandy Shocks|Earth Power|p1b: Apetinitas\n|-activate|p1b: Apetinitas|move: Protect\n|\n|-heal|p1b: Apetinitas|54\/100|[from] item: Leftovers\n|-end|p2a: Sandy Shocks|move: Yawn|[silent]\n|-status|p2a: Sandy Shocks|slp\n|upkeep\n|turn|8\n|\n|t:|1682434961\n|cant|p2a: Sandy Shocks|slp\n|move|p1b: Apetinitas|Play Rough|p2a: Sandy Shocks\n|-damage|p2a: Sandy Shocks|75\/100 slp\n|\n|-heal|p1b: Apetinitas|60\/100|[from] item: Leftovers\n|upkeep\n|turn|9\n|\n|t:|1682434970\n|-curestatus|p2a: Sandy Shocks|slp|[msg]\n|move|p2a: Sandy Shocks|Gravity|p2a: Sandy Shocks\n|-fieldstart|move: Gravity\n|move|p1b: Apetinitas|Play Rough|p2a: Sandy Shocks\n|-damage|p2a: Sandy Shocks|43\/100\n|\n|-heal|p1b: Apetinitas|66\/100|[from] item: Leftovers\n|upkeep\n|turn|10\n|\n|t:|1682434981\n|move|p2a: Sandy Shocks|Thunder|p1b: Apetinitas\n|-damage|p1b: Apetinitas|0 fnt\n|faint|p1b: Apetinitas\n|\n|win|WillieDangerously\n|raw|GOMEZ7296's rating: 1092 → 1071<\/strong> (-21 for losing)\n|raw|WillieDangerously's rating: 1135 → 1157<\/strong> (+22 for winning)\n|l|\u2606GOMEZ7296\n","uploadtime":1682434985,"views":9,"p1id":"gomez7296","p2id":"williedangerously","formatid":"gen9vgc2023regulationc","rating":1071,"private":0,"password":""}