{"id":"gen9vgc2023regulationc-1845143191","p1":"Supersuperscoops","p2":"Steakman5","format":"[Gen 9] VGC 2023 Regulation C","log":"|j|\u2606Supersuperscoops\n|j|\u2606Steakman5\n|t:|1681688680\n|gametype|doubles\n|player|p1|Supersuperscoops|102|1135\n|player|p2|Steakman5|tuber|1160\n|teamsize|p1|6\n|teamsize|p2|6\n|gen|9\n|tier|[Gen 9] VGC 2023 Regulation C\n|rated|\n|rule|Species Clause: Limit one of each Pok\u00e9mon\n|rule|Item Clause: Limit one of each item\n|clearpoke\n|poke|p1|Ting-Lu, L50|\n|poke|p1|Chi-Yu, L50|\n|poke|p1|Amoonguss, L50, F|\n|poke|p1|Azumarill, L50, F|\n|poke|p1|Orthworm, L50, F|\n|poke|p1|Flutter Mane, L50|\n|poke|p2|Chi-Yu, L50|\n|poke|p2|Palafin, L50, F|\n|poke|p2|Maushold-Four, L50|\n|poke|p2|Annihilape, L50, F|\n|poke|p2|Brute Bonnet, L50|\n|poke|p2|Flutter Mane, L50|\n|teampreview|4\n|inactive|Battle timer is ON: inactive players will automatically lose when time's up. (requested by Supersuperscoops)\n|inactive|Supersuperscoops has 60 seconds left.\n|\n|t:|1681688736\n|start\n|switch|p1a: Orthworm|Orthworm, L50, F|100\/100\n|switch|p1b: Azumarill|Azumarill, L50, F|100\/100\n|switch|p2a: Maushold|Maushold-Four, L50|100\/100\n|switch|p2b: Annihilape|Annihilape, L50, F|100\/100\n|turn|1\n|\n|t:|1681688758\n|-terastallize|p2b: Annihilape|Water\n|move|p1a: Orthworm|Helping Hand|p1b: Azumarill\n|-singleturn|p1b: Azumarill|Helping Hand|[of] p1a: Orthworm\n|move|p2a: Maushold|Beat Up|p2b: Annihilape\n|-damage|p2b: Annihilape|99\/100\n|-damage|p2b: Annihilape|96\/100\n|-damage|p2b: Annihilape|94\/100\n|-damage|p2b: Annihilape|92\/100\n|-hitcount|p2b: Annihilape|4\n|move|p2b: Annihilape|Bulk Up|p2b: Annihilape\n|-boost|p2b: Annihilape|atk|1\n|-boost|p2b: Annihilape|def|1\n|move|p1b: Azumarill|Play Rough|p2b: Annihilape\n|-damage|p2b: Annihilape|49\/100\n|\n|upkeep\n|turn|2\n|\n|t:|1681688781\n|move|p1a: Orthworm|Helping Hand|p1b: Azumarill\n|-singleturn|p1b: Azumarill|Helping Hand|[of] p1a: Orthworm\n|move|p2a: Maushold|Follow Me|p2a: Maushold\n|-singleturn|p2a: Maushold|move: Follow Me\n|move|p2b: Annihilape|Drain Punch|p1a: Orthworm\n|-supereffective|p1a: Orthworm\n|-damage|p1a: Orthworm|26\/100\n|-heal|p2b: Annihilape|80\/100|[from] drain|[of] p1a: Orthworm\n|-enditem|p1a: Orthworm|Sitrus Berry|[eat]\n|-heal|p1a: Orthworm|51\/100|[from] item: Sitrus Berry\n|move|p1b: Azumarill|Play Rough|p2a: Maushold\n|-enditem|p2a: Maushold|Focus Sash\n|-damage|p2a: Maushold|1\/100\n|\n|upkeep\n|turn|3\n|\n|t:|1681688793\n|move|p1a: Orthworm|Protect|p1a: Orthworm\n|-singleturn|p1a: Orthworm|Protect\n|move|p2a: Maushold|Follow Me|p2a: Maushold\n|-singleturn|p2a: Maushold|move: Follow Me\n|move|p1b: Azumarill|Aqua Jet|p2a: Maushold\n|-damage|p2a: Maushold|0 fnt\n|faint|p2a: Maushold\n|move|p2b: Annihilape|Rage Fist|p1b: Azumarill\n|-damage|p1b: Azumarill|0 fnt\n|faint|p1b: Azumarill\n|\n|upkeep\n|\n|t:|1681688804\n|switch|p2a: Palafin|Palafin, L50, F|100\/100\n|switch|p1b: Flutter Mane|Flutter Mane, L50|100\/100\n|-enditem|p1b: Flutter Mane|Booster Energy\n|-activate|p1b: Flutter Mane|ability: Protosynthesis|[fromitem]\n|-start|p1b: Flutter Mane|protosynthesisspe\n|turn|4\n|\n|t:|1681688815\n|detailschange|p2a: Palafin|Palafin-Hero, L50, F\n|switch|p2a: Brute Bonnet|Brute Bonnet, L50|100\/100\n|move|p1a: Orthworm|Helping Hand|p1b: Flutter Mane\n|-singleturn|p1b: Flutter Mane|Helping Hand|[of] p1a: Orthworm\n|move|p1b: Flutter Mane|Thunderbolt|p2b: Annihilape\n|-supereffective|p2b: Annihilape\n|-damage|p2b: Annihilape|0 fnt\n|faint|p2b: Annihilape\n|\n|upkeep\n|\n|t:|1681688823\n|switch|p2b: Palafin|Palafin-Hero, L50, F|100\/100\n|-activate|p2b: Palafin|ability: Zero to Hero\n|turn|5\n|\n|t:|1681688836\n|move|p1b: Flutter Mane|Protect|p1b: Flutter Mane\n|-singleturn|p1b: Flutter Mane|Protect\n|move|p2b: Palafin|Jet Punch|p1b: Flutter Mane\n|-activate|p1b: Flutter Mane|move: Protect\n|move|p1a: Orthworm|Shed Tail|p1a: Orthworm\n|-fail|p1a: Orthworm|move: Shed Tail|[weak]\n|move|p2a: Brute Bonnet|Spore|p1a: Orthworm\n|-status|p1a: Orthworm|slp|[from] move: Spore\n|\n|upkeep\n|turn|6\n|\n|t:|1681688852\n|cant|p1a: Orthworm|slp\n|move|p2b: Palafin|Jet Punch|p1b: Flutter Mane\n|-damage|p1b: Flutter Mane|17\/100\n|move|p2a: Brute Bonnet|Sucker Punch|p1b: Flutter Mane\n|-damage|p1b: Flutter Mane|0 fnt\n|faint|p1b: Flutter Mane\n|-end|p1b: Flutter Mane|Protosynthesis|[silent]\n|\n|upkeep\n|\n|t:|1681688855\n|switch|p1b: Chi-Yu|Chi-Yu, L50|100\/100\n|-ability|p1b: Chi-Yu|Beads of Ruin\n|turn|7\n|\n|t:|1681688866\n|-terastallize|p1b: Chi-Yu|Water\n|-curestatus|p1a: Orthworm|slp|[msg]\n|move|p1a: Orthworm|Helping Hand|p1b: Chi-Yu\n|-singleturn|p1b: Chi-Yu|Helping Hand|[of] p1a: Orthworm\n|move|p2a: Brute Bonnet|Protect|p2a: Brute Bonnet\n|-singleturn|p2a: Brute Bonnet|Protect\n|move|p2b: Palafin|Jet Punch|p1b: Chi-Yu\n|-resisted|p1b: Chi-Yu\n|-damage|p1b: Chi-Yu|70\/100\n|move|p1b: Chi-Yu|Heat Wave|p2a: Brute Bonnet|[spread] p2b\n|-activate|p2a: Brute Bonnet|move: Protect\n|-resisted|p2b: Palafin\n|-damage|p2b: Palafin|59\/100\n|\n|upkeep\n|turn|8\n|\n|t:|1681688884\n|move|p1a: Orthworm|Helping Hand|p1b: Chi-Yu\n|-singleturn|p1b: Chi-Yu|Helping Hand|[of] p1a: Orthworm\n|move|p1b: Chi-Yu|Heat Wave|p2a: Brute Bonnet|[spread] p2b\n|-miss|p1b: Chi-Yu|p2a: Brute Bonnet\n|-resisted|p2b: Palafin\n|-damage|p2b: Palafin|17\/100\n|-status|p2b: Palafin|brn\n|move|p2b: Palafin|Wave Crash|p1b: Chi-Yu\n|-resisted|p1b: Chi-Yu\n|-damage|p1b: Chi-Yu|38\/100\n|-damage|p2b: Palafin|9\/100 brn|[from] Recoil\n|move|p2a: Brute Bonnet|Bullet Seed|p1b: Chi-Yu\n|-supereffective|p1b: Chi-Yu\n|-damage|p1b: Chi-Yu|6\/100\n|-supereffective|p1b: Chi-Yu\n|-crit|p1b: Chi-Yu\n|-damage|p1b: Chi-Yu|0 fnt\n|faint|p1b: Chi-Yu\n|-hitcount|p1: Chi-Yu|2\n|\n|-damage|p2b: Palafin|3\/100 brn|[from] brn\n|upkeep\n|turn|9\n|\n|t:|1681688906\n|move|p1a: Orthworm|Protect|p1a: Orthworm\n|-singleturn|p1a: Orthworm|Protect\n|move|p2b: Palafin|Jet Punch|p1a: Orthworm\n|-activate|p1a: Orthworm|move: Protect\n|move|p2a: Brute Bonnet|Spore|p1a: Orthworm\n|-activate|p1a: Orthworm|move: Protect\n|\n|-damage|p2b: Palafin|0 fnt|[from] brn\n|faint|p2b: Palafin\n|upkeep\n|turn|10\n|inactive|Supersuperscoops has 30 seconds left.\n|\n|t:|1681688937\n|move|p1a: Orthworm|Heavy Slam|p2a: Brute Bonnet\n|-damage|p2a: Brute Bonnet|70\/100\n|move|p2a: Brute Bonnet|Spore|p1a: Orthworm\n|-status|p1a: Orthworm|slp|[from] move: Spore\n|\n|upkeep\n|turn|11\n|-message|Supersuperscoops forfeited.\n|\n|win|Steakman5\n|raw|Supersuperscoops's rating: 1135 → 1112<\/strong> (-23 for losing)\n|raw|Steakman5's rating: 1160 → 1183<\/strong> (+23 for winning)\n|l|\u2606Supersuperscoops\n","uploadtime":1681688950,"views":13,"p1id":"supersuperscoops","p2id":"steakman5","formatid":"gen9vgc2023regulationc","rating":1112,"private":0,"password":""}