{"id":"gen9vgc2023regulationc-1845786994","p1":"KoramTrainer","p2":"SnowFly96","format":"[Gen 9] VGC 2023 Regulation C","log":"|j|\u2606KoramTrainer\n|j|\u2606SnowFly96\n|t:|1681764511\n|gametype|doubles\n|player|p1|KoramTrainer|hilbert|1197\n|player|p2|SnowFly96|skier|1286\n|teamsize|p1|4\n|teamsize|p2|6\n|gen|9\n|tier|[Gen 9] VGC 2023 Regulation C\n|rated|\n|rule|Species Clause: Limit one of each Pok\u00e9mon\n|rule|Item Clause: Limit one of each item\n|clearpoke\n|poke|p1|Corviknight, L50, M|\n|poke|p1|Rotom-Wash, L50|\n|poke|p1|Ting-Lu, L50|\n|poke|p1|Flutter Mane, L50|\n|poke|p2|Polteageist, L50|\n|poke|p2|Indeedee-F, L50, F|\n|poke|p2|Armarouge, L50, F|\n|poke|p2|Gastrodon, L50, M|\n|poke|p2|Kilowattrel, L50, F|\n|poke|p2|Arctibax, L50, M|\n|teampreview|4\n|inactive|Battle timer is ON: inactive players will automatically lose when time's up. (requested by SnowFly96)\n|inactive|KoramTrainer also wants the timer to be on.\n|\n|t:|1681764539\n|start\n|switch|p1a: Corviknight|Corviknight, L50, M|100\/100\n|switch|p1b: Rotom|Rotom-Wash, L50|100\/100\n|switch|p2a: Carlotta|Indeedee-F, L50, F|100\/100\n|switch|p2b: Mrs. Potts|Polteageist, L50|100\/100\n|-fieldstart|move: Psychic Terrain|[from] ability: Psychic Surge|[of] p2a: Carlotta\n|-enditem|p2b: Mrs. Potts|Psychic Seed\n|-boost|p2b: Mrs. Potts|spd|1|[from] item: Psychic Seed\n|turn|1\n|inactive|KoramTrainer has 30 seconds left.\n|\n|t:|1681764573\n|move|p2b: Mrs. Potts|Shell Smash|p2b: Mrs. Potts\n|-unboost|p2b: Mrs. Potts|def|1\n|-unboost|p2b: Mrs. Potts|spd|1\n|-boost|p2b: Mrs. Potts|atk|2\n|-boost|p2b: Mrs. Potts|spa|2\n|-boost|p2b: Mrs. Potts|spe|2\n|move|p1b: Rotom|Thunderbolt|p2b: Mrs. Potts\n|-damage|p2b: Mrs. Potts|44\/100\n|move|p1a: Corviknight|Bulk Up|p1a: Corviknight\n|-boost|p1a: Corviknight|atk|1\n|-boost|p1a: Corviknight|def|1\n|move|p2a: Carlotta|Trick Room|p2a: Carlotta\n|-fieldstart|move: Trick Room|[of] p2a: Carlotta\n|\n|upkeep\n|turn|2\n|inactive|KoramTrainer has 30 seconds left.\n|inactive|KoramTrainer has 20 seconds left.\n|inactive|KoramTrainer has 15 seconds left.\n|\n|t:|1681764616\n|move|p2a: Carlotta|Follow Me|p2a: Carlotta\n|-singleturn|p2a: Carlotta|move: Follow Me\n|move|p1a: Corviknight|Brave Bird|p2a: Carlotta\n|-damage|p2a: Carlotta|30\/100\n|-damage|p1a: Corviknight|80\/100|[from] Recoil\n|-enditem|p2a: Carlotta|Eject Button\n|\n|t:|1681764620\n|switch|p2a: King's Guard|Armarouge, L50, F|100\/100\n|move|p1b: Rotom|Light Screen|p1b: Rotom\n|-sidestart|p1: KoramTrainer|move: Light Screen\n|move|p2b: Mrs. Potts|Stored Power|p1b: Rotom\n|-damage|p1b: Rotom|3\/100\n|\n|-heal|p1a: Corviknight|86\/100|[from] item: Leftovers\n|upkeep\n|turn|3\n|inactive|KoramTrainer has 30 seconds left.\n|inactive|KoramTrainer has 20 seconds left.\n|\n|t:|1681764660\n|-terastallize|p1a: Corviknight|Water\n|move|p2a: King's Guard|Expanding Force|p1a: Corviknight|[spread] p1a,p1b\n|-damage|p1a: Corviknight|56\/100\n|-damage|p1b: Rotom|0 fnt\n|faint|p1b: Rotom\n|move|p1a: Corviknight|Brave Bird|p2a: King's Guard\n|-damage|p2a: King's Guard|37\/100\n|-damage|p1a: Corviknight|37\/100|[from] Recoil\n|move|p2b: Mrs. Potts|Stored Power|p1a: Corviknight\n|-damage|p1a: Corviknight|0 fnt\n|faint|p1a: Corviknight\n|\n|upkeep\n|\n|t:|1681764675\n|switch|p1a: Flutter Mane|Flutter Mane, L50|100\/100\n|switch|p1b: Ting-Lu|Ting-Lu, L50|100\/100\n|-ability|p1b: Ting-Lu|Vessel of Ruin\n|-enditem|p1a: Flutter Mane|Booster Energy\n|-activate|p1a: Flutter Mane|ability: Protosynthesis|[fromitem]\n|-start|p1a: Flutter Mane|protosynthesisspe\n|turn|4\n|inactive|KoramTrainer has 30 seconds left.\n|inactive|SnowFly96 has 30 seconds left.\n|inactive|KoramTrainer has 20 seconds left.\n|\n|t:|1681764710\n|-terastallize|p2b: Mrs. Potts|Fairy\n|move|p1a: Flutter Mane|Protect|p1a: Flutter Mane\n|-singleturn|p1a: Flutter Mane|Protect\n|move|p1b: Ting-Lu|Stomping Tantrum|p2b: Mrs. Potts\n|-damage|p2b: Mrs. Potts|0 fnt\n|faint|p2b: Mrs. Potts\n|move|p2a: King's Guard|Energy Ball|p1b: Ting-Lu\n|-supereffective|p1b: Ting-Lu\n|-damage|p1b: Ting-Lu|87\/100\n|\n|upkeep\n|\n|t:|1681764719\n|switch|p2b: Squishy|Gastrodon, L50, M|100\/100\n|turn|5\n|\n|t:|1681764735\n|move|p2b: Squishy|Yawn|p1a: Flutter Mane\n|-start|p1a: Flutter Mane|move: Yawn|[of] p2b: Squishy\n|move|p1b: Ting-Lu|Fissure|p2b: Squishy\n|-damage|p2b: Squishy|0 fnt\n|faint|p2b: Squishy\n|-ohko\n|move|p2a: King's Guard|Energy Ball|p1b: Ting-Lu\n|-supereffective|p1b: Ting-Lu\n|-damage|p1b: Ting-Lu|75\/100\n|move|p1a: Flutter Mane|Shadow Ball|p2a: King's Guard\n|-supereffective|p2a: King's Guard\n|-damage|p2a: King's Guard|0 fnt\n|faint|p2a: King's Guard\n|\n|-fieldend|move: Trick Room\n|-fieldend|move: Psychic Terrain\n|upkeep\n|\n|t:|1681764739\n|switch|p2b: Carlotta|Indeedee-F, L50, F|30\/100\n|-fieldstart|move: Psychic Terrain|[from] ability: Psychic Surge|[of] p2b: Carlotta\n|turn|6\n|\n|t:|1681764764\n|move|p1a: Flutter Mane|Moonblast|p2b: Carlotta\n|-damage|p2b: Carlotta|0 fnt\n|faint|p2b: Carlotta\n|\n|win|KoramTrainer\n|raw|KoramTrainer's rating: 1197 → 1228<\/strong> (+31 for winning)\n|raw|SnowFly96's rating: 1286 → 1255<\/strong> (-31 for losing)\n|l|\u2606SnowFly96\n","uploadtime":1681764772,"views":7,"p1id":"koramtrainer","p2id":"snowfly96","formatid":"gen9vgc2023regulationc","rating":1228,"private":0,"password":""}