{"id":"gen9vgc2023regulationc-1863404718","p1":"revocolombia","p2":"Test4Sum","format":"[Gen 9] VGC 2023 Regulation C","log":"|j|\u2606revocolombia\n|j|\u2606Test4Sum\n|t:|1684012740\n|gametype|doubles\n|player|p1|revocolombia|pokemonranger-gen4|1411\n|player|p2|Test4Sum|170|1365\n|teamsize|p1|6\n|teamsize|p2|6\n|gen|9\n|tier|[Gen 9] VGC 2023 Regulation C\n|rated|\n|rule|Species Clause: Limit one of each Pok\u00e9mon\n|rule|Item Clause: Limit one of each item\n|clearpoke\n|poke|p1|Flutter Mane, L50|\n|poke|p1|Annihilape, L50, F|\n|poke|p1|Dragonite, L50, M|\n|poke|p1|Chien-Pao, L50|\n|poke|p1|Murkrow, L50, F|\n|poke|p1|Gholdengo, L50|\n|poke|p2|Ceruledge, L50, F|\n|poke|p2|Sableye, L50, F|\n|poke|p2|Iron Bundle, L50|\n|poke|p2|Ting-Lu, L50|\n|poke|p2|Dondozo, L50, F|\n|poke|p2|Tatsugiri, L50, M|\n|teampreview|4\n|\n|t:|1684012787\n|start\n|switch|p1a: Gholdengo|Gholdengo, L50|100\/100\n|switch|p1b: Dragonite|Dragonite, L50, M|100\/100\n|switch|p2a: Dondozo|Dondozo, L50, F|100\/100\n|switch|p2b: Iron Bundle|Iron Bundle, L50|100\/100\n|-enditem|p2b: Iron Bundle|Booster Energy\n|-activate|p2b: Iron Bundle|ability: Quark Drive|[fromitem]\n|-start|p2b: Iron Bundle|quarkdrivespe\n|turn|1\n|\n|t:|1684012822\n|-terastallize|p2a: Dondozo|Psychic\n|move|p2b: Iron Bundle|U-turn|p2a: Dondozo\n|-supereffective|p2a: Dondozo\n|-damage|p2a: Dondozo|84\/100\n|-enditem|p2a: Dondozo|Weakness Policy\n|-boost|p2a: Dondozo|atk|2|[from] item: Weakness Policy\n|-boost|p2a: Dondozo|spa|2|[from] item: Weakness Policy\n|\n|t:|1684012829\n|-end|p2b: Iron Bundle|Quark Drive|[silent]\n|switch|p2b: Ting-Lu|Ting-Lu, L50|100\/100|[from] U-turn\n|-ability|p2b: Ting-Lu|Vessel of Ruin\n|move|p1a: Gholdengo|Thunderbolt|p2a: Dondozo\n|-damage|p2a: Dondozo|53\/100\n|-damage|p1a: Gholdengo|91\/100|[from] item: Life Orb\n|move|p1b: Dragonite|Dragon Dance|p1b: Dragonite\n|-boost|p1b: Dragonite|atk|1\n|-boost|p1b: Dragonite|spe|1\n|move|p2a: Dondozo|Order Up|p1b: Dragonite\n|-supereffective|p1b: Dragonite\n|-damage|p1b: Dragonite|56\/100\n|\n|upkeep\n|turn|2\n|\n|t:|1684012864\n|switch|p2b: Tatsugiri|Tatsugiri, L50, M|100\/100\n|-activate|p2b: Tatsugiri|ability: Commander|[of] p2a: Dondozo\n|-boost|p2a: Dondozo|atk|2\n|-boost|p2a: Dondozo|spa|2\n|-boost|p2a: Dondozo|spe|2\n|-boost|p2a: Dondozo|def|2\n|-boost|p2a: Dondozo|spd|2\n|-terastallize|p1a: Gholdengo|Water\n|move|p1b: Dragonite|Low Kick|p2b: Tatsugiri|[miss]\n|-miss|p1b: Dragonite|p2b: Tatsugiri\n|move|p2a: Dondozo|Earthquake|p1a: Gholdengo|[spread] p1a\n|-miss|p2a: Dondozo|p2b: Tatsugiri\n|-immune|p1b: Dragonite\n|-damage|p1a: Gholdengo|23\/100\n|move|p1a: Gholdengo|Make It Rain|p2a: Dondozo|[spread] p2a\n|-miss|p1a: Gholdengo|p2b: Tatsugiri\n|-damage|p2a: Dondozo|21\/100\n|-unboost|p1a: Gholdengo|spa|1\n|-damage|p1a: Gholdengo|13\/100|[from] item: Life Orb\n|\n|upkeep\n|turn|3\n|\n|t:|1684012912\n|switch|p1a: Murkrow|Murkrow, L50, F|100\/100\n|move|p1b: Dragonite|Extreme Speed|p2a: Dondozo\n|-damage|p2a: Dondozo|9\/100\n|move|p2a: Dondozo|Order Up|p1b: Dragonite\n|-supereffective|p1b: Dragonite\n|-damage|p1b: Dragonite|0 fnt\n|faint|p1b: Dragonite\n|-boost|p2a: Dondozo|atk|1\n|\n|upkeep\n|\n|t:|1684012924\n|switch|p1b: Gholdengo|Gholdengo, L50, tera:Water|13\/100\n|turn|4\n|\n|t:|1684012946\n|move|p1a: Murkrow|Haze|p1a: Murkrow\n|-clearallboost\n|move|p1b: Gholdengo|Shadow Ball|p2a: Dondozo\n|-supereffective|p2a: Dondozo\n|-damage|p2a: Dondozo|0 fnt\n|faint|p2a: Dondozo\n|-damage|p1b: Gholdengo|3\/100|[from] item: Life Orb\n|\n|upkeep\n|\n|t:|1684012961\n|switch|p2a: Ting-Lu|Ting-Lu, L50|100\/100\n|-ability|p2a: Ting-Lu|Vessel of Ruin\n|turn|5\n|\n|t:|1684012979\n|move|p1a: Murkrow|Tailwind|p1a: Murkrow\n|-sidestart|p1: revocolombia|move: Tailwind\n|move|p1b: Gholdengo|Make It Rain|p2a: Ting-Lu|[spread] p2a,p2b\n|-resisted|p2b: Tatsugiri\n|-damage|p2a: Ting-Lu|79\/100\n|-damage|p2b: Tatsugiri|70\/100\n|-unboost|p1b: Gholdengo|spa|1\n|-damage|p1b: Gholdengo|0 fnt|[from] item: Life Orb\n|faint|p1b: Gholdengo\n|move|p2b: Tatsugiri|Muddy Water|p1a: Murkrow|[miss]\n|-miss|p2b: Tatsugiri|p1a: Murkrow\n|move|p2a: Ting-Lu|Ruination|p1a: Murkrow\n|-damage|p1a: Murkrow|51\/100\n|\n|upkeep\n|\n|t:|1684012997\n|switch|p1b: Chien-Pao|Chien-Pao, L50|100\/100\n|-ability|p1b: Chien-Pao|Sword of Ruin\n|turn|6\n|\n|t:|1684013016\n|move|p1b: Chien-Pao|Ice Spinner|p2a: Ting-Lu\n|-supereffective|p2a: Ting-Lu\n|-damage|p2a: Ting-Lu|20\/100\n|move|p1a: Murkrow|Foul Play|p2a: Ting-Lu\n|-resisted|p2a: Ting-Lu\n|-damage|p2a: Ting-Lu|9\/100\n|move|p2b: Tatsugiri|Muddy Water|p1a: Murkrow|[spread] p1b\n|-miss|p2b: Tatsugiri|p1a: Murkrow\n|-damage|p1b: Chien-Pao|63\/100\n|move|p2a: Ting-Lu|Heavy Slam|p1b: Chien-Pao\n|-supereffective|p1b: Chien-Pao\n|-damage|p1b: Chien-Pao|1\/100\n|\n|upkeep\n|turn|7\n|\n|t:|1684013039\n|move|p1b: Chien-Pao|Ice Spinner|p2b: Tatsugiri\n|-damage|p2b: Tatsugiri|0 fnt\n|faint|p2b: Tatsugiri\n|move|p1a: Murkrow|Foul Play|p2a: Ting-Lu\n|-resisted|p2a: Ting-Lu\n|-damage|p2a: Ting-Lu|0 fnt\n|faint|p2a: Ting-Lu\n|\n|upkeep\n|\n|t:|1684013048\n|switch|p2b: Iron Bundle|Iron Bundle, L50|100\/100\n|turn|8\n|\n|t:|1684013058\n|move|p1b: Chien-Pao|Sacred Sword|p2b: Iron Bundle\n|-supereffective|p2b: Iron Bundle\n|-crit|p2b: Iron Bundle\n|-damage|p2b: Iron Bundle|0 fnt\n|faint|p2b: Iron Bundle\n|-end|p2b: Iron Bundle|Quark Drive|[silent]\n|\n|win|revocolombia\n|raw|revocolombia's rating: 1411 → 1428<\/strong> (+17 for winning)\n|raw|Test4Sum's rating: 1365 → 1348<\/strong> (-17 for losing)\n|l|\u2606Test4Sum\n","uploadtime":1684013069,"views":15,"p1id":"revocolombia","p2id":"test4sum","formatid":"gen9vgc2023regulationc","rating":1348,"private":0,"password":""}