{"id":"gen9vgc2023regulationc-1848320504","p1":"HiroScarletVGC","p2":"volacrona","format":"[Gen 9] VGC 2023 Regulation C","log":"|j|\u2606HiroScarletVGC\n|j|\u2606volacrona\n|t:|1682059958\n|gametype|doubles\n|player|p1|HiroScarletVGC|1|1189\n|player|p2|volacrona|chili|1188\n|teamsize|p1|6\n|teamsize|p2|6\n|gen|9\n|tier|[Gen 9] VGC 2023 Regulation C\n|rated|\n|rule|Species Clause: Limit one of each Pok\u00e9mon\n|rule|Item Clause: Limit one of each item\n|clearpoke\n|poke|p1|Garganacl, L50, F|\n|poke|p1|Meowscarada, L50, F|\n|poke|p1|Tyranitar, L50, F|\n|poke|p1|Houndstone, L50, F|\n|poke|p1|Kingambit, L50, F|\n|poke|p1|Lycanroc, L50, F|\n|poke|p2|Maushold-Four, L50|\n|poke|p2|Garganacl, L50, M|\n|poke|p2|Iron Bundle, L50|\n|poke|p2|Annihilape, L50, M|\n|poke|p2|Chi-Yu, L50|\n|poke|p2|Roaring Moon, L50|\n|teampreview|4\n|\n|t:|1682060005\n|start\n|switch|p1a: Tyranitar|Tyranitar, L50, F|100\/100\n|switch|p1b: Meowscarada|Meowscarada, L50, F|100\/100\n|switch|p2a: Maushold|Maushold-Four, L50|100\/100\n|switch|p2b: Roaring Moon|Roaring Moon, L50|100\/100\n|-weather|Sandstorm|[from] ability: Sand Stream|[of] p1a: Tyranitar\n|-enditem|p2b: Roaring Moon|Booster Energy\n|-activate|p2b: Roaring Moon|ability: Protosynthesis|[fromitem]\n|-start|p2b: Roaring Moon|protosynthesisatk\n|turn|1\n|\n|t:|1682060028\n|move|p2a: Maushold|Follow Me|p2a: Maushold\n|-singleturn|p2a: Maushold|move: Follow Me\n|move|p1b: Meowscarada|Flower Trick|p2a: Maushold\n|-crit|p2a: Maushold\n|-damage|p2a: Maushold|35\/100\n|move|p2b: Roaring Moon|Acrobatics|p1b: Meowscarada\n|-supereffective|p1b: Meowscarada\n|-enditem|p1b: Meowscarada|Focus Sash\n|-damage|p1b: Meowscarada|1\/100\n|move|p1a: Tyranitar|Rock Slide|p2b: Roaring Moon|[spread] p2a,p2b\n|-damage|p2a: Maushold|0 fnt\n|-damage|p2b: Roaring Moon|68\/100\n|faint|p2a: Maushold\n|\n|-weather|Sandstorm|[upkeep]\n|-damage|p1b: Meowscarada|0 fnt|[from] Sandstorm\n|-damage|p2b: Roaring Moon|62\/100|[from] Sandstorm\n|faint|p1b: Meowscarada\n|upkeep\n|\n|t:|1682060045\n|switch|p1b: Lycanroc|Lycanroc, L50, F|100\/100\n|switch|p2a: Annihilape|Annihilape, L50, M|100\/100\n|turn|2\n|\n|t:|1682060071\n|-terastallize|p1a: Tyranitar|Flying\n|move|p1b: Lycanroc|Rock Slide|p2b: Roaring Moon|[spread] p2a,p2b\n|-resisted|p2a: Annihilape\n|-damage|p2a: Annihilape|80\/100\n|-damage|p2b: Roaring Moon|5\/100\n|move|p2b: Roaring Moon|Iron Head|p1b: Lycanroc\n|-supereffective|p1b: Lycanroc\n|-damage|p1b: Lycanroc|0 fnt\n|faint|p1b: Lycanroc\n|cant|p2a: Annihilape|flinch\n|move|p1a: Tyranitar|Low Kick|p2b: Roaring Moon\n|-supereffective|p2b: Roaring Moon\n|-damage|p2b: Roaring Moon|0 fnt\n|faint|p2b: Roaring Moon\n|-end|p2b: Roaring Moon|Protosynthesis|[silent]\n|\n|-weather|Sandstorm|[upkeep]\n|-damage|p2a: Annihilape|74\/100|[from] Sandstorm\n|-damage|p1a: Tyranitar|95\/100|[from] Sandstorm\n|-heal|p2a: Annihilape|80\/100|[from] item: Leftovers\n|upkeep\n|\n|t:|1682060082\n|switch|p2b: Garganacl|Garganacl, L50, M|100\/100\n|switch|p1b: Houndstone|Houndstone, L50, F|100\/100\n|turn|3\n|\n|t:|1682060134\n|move|p2a: Annihilape|Protect|p2a: Annihilape\n|-singleturn|p2a: Annihilape|Protect\n|move|p1b: Houndstone|Last Respects|p2a: Annihilape\n|-activate|p2a: Annihilape|move: Protect\n|move|p1a: Tyranitar|Low Kick|p2b: Garganacl\n|-supereffective|p2b: Garganacl\n|-damage|p2b: Garganacl|51\/100\n|move|p2b: Garganacl|Salt Cure|p1a: Tyranitar\n|-supereffective|p1a: Tyranitar\n|-damage|p1a: Tyranitar|73\/100\n|-start|p1a: Tyranitar|Salt Cure\n|\n|-weather|Sandstorm|[upkeep]\n|-damage|p2a: Annihilape|74\/100|[from] Sandstorm\n|-damage|p1a: Tyranitar|67\/100|[from] Sandstorm\n|-heal|p2a: Annihilape|80\/100|[from] item: Leftovers\n|-damage|p1a: Tyranitar|55\/100|[from] Salt Cure\n|upkeep\n|turn|4\n|\n|t:|1682060155\n|-terastallize|p2a: Annihilape|Fire\n|move|p1b: Houndstone|Last Respects|p2a: Annihilape\n|-damage|p2a: Annihilape|1\/100\n|move|p2a: Annihilape|Rage Fist|p1b: Houndstone\n|-supereffective|p1b: Houndstone\n|-damage|p1b: Houndstone|0 fnt\n|faint|p1b: Houndstone\n|move|p1a: Tyranitar|Low Kick|p2b: Garganacl\n|-supereffective|p2b: Garganacl\n|-damage|p2b: Garganacl|2\/100\n|-enditem|p2b: Garganacl|Sitrus Berry|[eat]\n|-heal|p2b: Garganacl|27\/100|[from] item: Sitrus Berry\n|move|p2b: Garganacl|Recover|p2b: Garganacl\n|-heal|p2b: Garganacl|77\/100\n|\n|-weather|Sandstorm|[upkeep]\n|-damage|p2a: Annihilape|0 fnt|[from] Sandstorm\n|-damage|p1a: Tyranitar|49\/100|[from] Sandstorm\n|faint|p2a: Annihilape\n|-damage|p1a: Tyranitar|37\/100|[from] Salt Cure\n|upkeep\n|turn|5\n|\n|t:|1682060175\n|move|p1a: Tyranitar|Low Kick|p2b: Garganacl\n|-supereffective|p2b: Garganacl\n|-damage|p2b: Garganacl|28\/100\n|move|p2b: Garganacl|Recover|p2b: Garganacl\n|-heal|p2b: Garganacl|78\/100\n|\n|-weather|none\n|-damage|p1a: Tyranitar|25\/100|[from] Salt Cure\n|upkeep\n|turn|6\n|\n|t:|1682060181\n|move|p1a: Tyranitar|Low Kick|p2b: Garganacl\n|-supereffective|p2b: Garganacl\n|-damage|p2b: Garganacl|33\/100\n|move|p2b: Garganacl|Salt Cure|p1a: Tyranitar\n|-supereffective|p1a: Tyranitar\n|-damage|p1a: Tyranitar|0 fnt\n|faint|p1a: Tyranitar\n|\n|win|volacrona\n|raw|HiroScarletVGC's rating: 1189 → 1164<\/strong> (-25 for losing)\n|raw|volacrona's rating: 1188 → 1213<\/strong> (+25 for winning)\n|l|\u2606HiroScarletVGC\n|c|\u2606volacrona|gg\n","uploadtime":1682060199,"views":10,"p1id":"hiroscarletvgc","p2id":"volacrona","formatid":"gen9vgc2023regulationc","rating":1164,"private":0,"password":""}