{"id":"gen9vgc2023regulationc-1846149470","p1":"Gorkanonymous","p2":"I can't improve","format":"[Gen 9] VGC 2023 Regulation C","log":"|j|\u2606Gorkanonymous\n|j|\u2606I can't improve\n|t:|1681813924\n|gametype|doubles\n|player|p1|Gorkanonymous|flannery|1340\n|player|p2|I can't improve|bertha|1420\n|teamsize|p1|6\n|teamsize|p2|6\n|gen|9\n|tier|[Gen 9] VGC 2023 Regulation C\n|rated|\n|rule|Species Clause: Limit one of each Pok\u00e9mon\n|rule|Item Clause: Limit one of each item\n|clearpoke\n|poke|p1|Kingambit, L50, F|\n|poke|p1|Amoonguss, L50, F|\n|poke|p1|Ting-Lu, L50|\n|poke|p1|Arcanine, L50, M|\n|poke|p1|Palafin, L50, F|\n|poke|p1|Flutter Mane, L50|\n|poke|p2|Ting-Lu, L50|\n|poke|p2|Gholdengo, L50|\n|poke|p2|Arcanine, L50, F|\n|poke|p2|Rotom-Wash, L50|\n|poke|p2|Flutter Mane, L50|\n|poke|p2|Wo-Chien, L50|\n|teampreview|4\n|inactive|Battle timer is ON: inactive players will automatically lose when time's up. (requested by Gorkanonymous)\nI can't improve has agreed to open team sheets.\n|l|\u2606I can't improve\n|inactive|I can't improve disconnected and has a minute to reconnect!\n|player|p2|\n|inactive|Gorkanonymous has 60 seconds left.\n|j|\u2606I can't improve\n|inactive|I can't improve reconnected and has 60 seconds left.\n|player|p2|I can't improve|bertha\n|\n|t:|1681813968\n|start\n|switch|p1a: Kingambit|Kingambit, L50, F, shiny|100\/100\n|switch|p1b: Ting-Lu|Ting-Lu, L50|100\/100\n|switch|p2a: Fous|Ting-Lu, L50|100\/100\n|switch|p2b: Negativ|Wo-Chien, L50|100\/100\n|-ability|p2b: Negativ|Tablets of Ruin\n|-ability|p1b: Ting-Lu|Vessel of Ruin\n|-ability|p2a: Fous|Vessel of Ruin\n|turn|1\n|inactive|Gorkanonymous has 30 seconds left.\n|\n|t:|1681813998\n|move|p1a: Kingambit|Protect|p1a: Kingambit\n|-singleturn|p1a: Kingambit|Protect\n|move|p2b: Negativ|Leech Seed|p1b: Ting-Lu\n|-start|p1b: Ting-Lu|move: Leech Seed\n|move|p1b: Ting-Lu|Ruination|p2b: Negativ\n|-damage|p2b: Negativ|50\/100\n|move|p2a: Fous|Earthquake|p1a: Kingambit|[spread] p2b,p1b\n|-activate|p1a: Kingambit|move: Protect\n|-resisted|p2b: Negativ\n|-damage|p2b: Negativ|39\/100\n|-damage|p1b: Ting-Lu|83\/100\n|\n|-heal|p2b: Negativ|45\/100|[from] item: Leftovers\n|-damage|p1b: Ting-Lu|71\/100|[from] Leech Seed|[of] p2b: Negativ\n|-heal|p2b: Negativ|60\/100|[silent]\n|upkeep\n|turn|2\n|\n|t:|1681814020\n|switch|p1a: Amoonguss|Amoonguss, L50, F, shiny|100\/100\n|move|p2b: Negativ|Leech Seed|p1a: Amoonguss\n|-immune|p1a: Amoonguss\n|move|p1b: Ting-Lu|Fissure|p2a: Fous\n|-damage|p2a: Fous|0 fnt\n|faint|p2a: Fous\n|-ohko\n|\n|-heal|p2b: Negativ|66\/100|[from] item: Leftovers\n|-damage|p1b: Ting-Lu|59\/100|[from] Leech Seed|[of] p2b: Negativ\n|-heal|p2b: Negativ|81\/100|[silent]\n|upkeep\n|\n|t:|1681814031\n|switch|p2a: Tranga Rugie|Flutter Mane, L50|100\/100\n|-enditem|p2a: Tranga Rugie|Booster Energy\n|-activate|p2a: Tranga Rugie|ability: Protosynthesis|[fromitem]\n|-start|p2a: Tranga Rugie|protosynthesisspa\n|turn|3\n|\n|t:|1681814040\n|-terastallize|p1b: Ting-Lu|Poison\n|move|p2a: Tranga Rugie|Protect|p2a: Tranga Rugie\n|-singleturn|p2a: Tranga Rugie|Protect\n|move|p2b: Negativ|Giga Drain|p1b: Ting-Lu\n|-resisted|p1b: Ting-Lu\n|-damage|p1b: Ting-Lu|55\/100\n|-heal|p2b: Negativ|83\/100|[from] drain|[of] p1b: Ting-Lu\n|move|p1b: Ting-Lu|Heavy Slam|p2a: Tranga Rugie\n|-activate|p2a: Tranga Rugie|move: Protect\n|move|p1a: Amoonguss|Pollen Puff|p1b: Ting-Lu\n|-heal|p1b: Ting-Lu|100\/100\n|\n|-heal|p2b: Negativ|90\/100|[from] item: Leftovers\n|-damage|p1b: Ting-Lu|88\/100|[from] Leech Seed|[of] p2b: Negativ\n|-heal|p2b: Negativ|100\/100|[silent]\n|upkeep\n|turn|4\n|inactive|Gorkanonymous has 30 seconds left.\n|inactive|I can't improve has 30 seconds left.\n|inactive|Gorkanonymous has 20 seconds left.\n|inactive|Gorkanonymous has 15 seconds left.\n|inactive|I can't improve has 20 seconds left.\n|\n|t:|1681814082\n|move|p2a: Tranga Rugie|Shadow Ball|p1a: Amoonguss\n|-damage|p1a: Amoonguss|66\/100\n|move|p2b: Negativ|Pollen Puff|p2a: Tranga Rugie\n|-immune|p2a: Tranga Rugie\n|move|p1b: Ting-Lu|Fissure|p2b: Negativ\n|-damage|p2b: Negativ|0 fnt\n|faint|p2b: Negativ\n|-ohko\n|move|p1a: Amoonguss|Spore|p2a: Tranga Rugie\n|-status|p2a: Tranga Rugie|slp|[from] move: Spore\n|\n|upkeep\n|c|\u2606I can't improve|You really outplayed me\n|c|\u2606I can't improve|Gg\n|\n|t:|1681814093\n|switch|p2b: Appa|Rotom-Wash, L50|100\/100\n|turn|5\n|\n|t:|1681814102\n|switch|p1a: Kingambit|Kingambit, L50, F, shiny|100\/100\n|cant|p2a: Tranga Rugie|slp\n|move|p2b: Appa|Thunderbolt|p1a: Kingambit\n|-damage|p1a: Kingambit|76\/100\n|move|p1b: Ting-Lu|Heavy Slam|p2a: Tranga Rugie\n|-supereffective|p2a: Tranga Rugie\n|-damage|p2a: Tranga Rugie|0 fnt\n|faint|p2a: Tranga Rugie\n|-end|p2a: Tranga Rugie|Protosynthesis|[silent]\n|\n|-damage|p1b: Ting-Lu|76\/100|[from] Leech Seed|[of] p2b: Appa\n|upkeep\n|turn|6\n|l|\u2606I can't improve\n|inactive|I can't improve disconnected and has a minute to reconnect!\n|player|p2|\n|j|\u2606I can't improve\n|inactive|I can't improve reconnected and has 35 seconds left.\n|player|p2|I can't improve|bertha\n|inactive|I can't improve has 30 seconds left.\n|\n|t:|1681814129\n|move|p1a: Kingambit|Sucker Punch|p2b: Appa\n|-damage|p2b: Appa|61\/100\n|move|p2b: Appa|Thunderbolt|p1a: Kingambit\n|-damage|p1a: Kingambit|52\/100\n|move|p1b: Ting-Lu|Ruination|p2b: Appa\n|-damage|p2b: Appa|31\/100\n|-enditem|p2b: Appa|Sitrus Berry|[eat]\n|-heal|p2b: Appa|56\/100|[from] item: Sitrus Berry\n|\n|-damage|p1b: Ting-Lu|64\/100|[from] Leech Seed|[of] p2b: Appa\n|-heal|p2b: Appa|74\/100|[silent]\n|upkeep\n|turn|7\n|-message|I can't improve forfeited.\n|\n|win|Gorkanonymous\n|raw|Gorkanonymous's rating: 1340 → 1365<\/strong> (+25 for winning)\n|raw|I can't improve's rating: 1420 → 1395<\/strong> (-25 for losing)\n|l|\u2606I can't improve\n","uploadtime":1681814152,"views":31,"p1id":"gorkanonymous","p2id":"icantimprove","formatid":"gen9vgc2023regulationc","rating":1365,"private":0,"password":""}