{"id":"gen9vgc2023regulationc-1858946918","p1":"RichieihciR","p2":"Antillegal","format":"[Gen 9] VGC 2023 Regulation C","log":"|j|\u2606RichieihciR\n|j|\u2606Antillegal\n|t:|1683386671\n|gametype|doubles\n|player|p1|RichieihciR|alder|1053\n|player|p2|Antillegal|winona|1051\n|teamsize|p1|6\n|teamsize|p2|6\n|gen|9\n|tier|[Gen 9] VGC 2023 Regulation C\n|rated|\n|rule|Species Clause: Limit one of each Pok\u00e9mon\n|rule|Item Clause: Limit one of each item\n|clearpoke\n|poke|p1|Flutter Mane, L50|\n|poke|p1|Dragonite, L50, M|\n|poke|p1|Medicham, L50, M|\n|poke|p1|Slaking, L50, M|\n|poke|p1|Arcanine, L50, M|\n|poke|p1|Gyarados, L50, F|\n|poke|p2|Flutter Mane, L50|\n|poke|p2|Roaring Moon, L50|\n|poke|p2|Torkoal, L50, M|\n|poke|p2|Armarouge, L50, F|\n|poke|p2|Dragonite, L50, M|\n|poke|p2|Amoonguss, L50, M|\n|teampreview|4\n|inactive|Battle timer is ON: inactive players will automatically lose when time's up. (requested by RichieihciR)\n|\n|t:|1683386708\n|start\n|switch|p1a: Arcanine|Arcanine, L50, M, shiny|100\/100\n|switch|p1b: Gyarados|Gyarados, L50, F, shiny|100\/100\n|switch|p2a: Dragonite|Dragonite, L50, M|100\/100\n|switch|p2b: Amoonguss|Amoonguss, L50, M|100\/100\n|-ability|p1a: Arcanine|Intimidate|boost\n|-unboost|p2a: Dragonite|atk|1\n|-unboost|p2b: Amoonguss|atk|1\n|-ability|p1b: Gyarados|Intimidate|boost\n|-unboost|p2a: Dragonite|atk|1\n|-unboost|p2b: Amoonguss|atk|1\n|turn|1\n|\n|t:|1683386731\n|switch|p2a: Torkoal|Torkoal, L50, M|100\/100\n|-weather|SunnyDay|[from] ability: Drought|[of] p2a: Torkoal\n|move|p1b: Gyarados|Helping Hand|p1a: Arcanine\n|-singleturn|p1a: Arcanine|Helping Hand|[of] p1b: Gyarados\n|move|p2b: Amoonguss|Protect|p2b: Amoonguss\n|-singleturn|p2b: Amoonguss|Protect\n|move|p1a: Arcanine|Flare Blitz|p2b: Amoonguss\n|-activate|p2b: Amoonguss|move: Protect\n|\n|-weather|SunnyDay|[upkeep]\n|upkeep\n|turn|2\n|inactive|Antillegal has 30 seconds left.\n|\n|t:|1683386760\n|-terastallize|p2b: Amoonguss|Water\n|move|p1b: Gyarados|Helping Hand|p1a: Arcanine\n|-singleturn|p1a: Arcanine|Helping Hand|[of] p1b: Gyarados\n|move|p2b: Amoonguss|Rage Powder|p2b: Amoonguss\n|-singleturn|p2b: Amoonguss|move: Rage Powder\n|move|p1a: Arcanine|Flare Blitz|p2b: Amoonguss\n|-resisted|p2b: Amoonguss\n|-damage|p2b: Amoonguss|57\/100\n|-damage|p1a: Arcanine|84\/100|[from] Recoil\n|move|p2a: Torkoal|Earth Power|p1a: Arcanine\n|-supereffective|p1a: Arcanine\n|-damage|p1a: Arcanine|34\/100\n|\n|-weather|SunnyDay|[upkeep]\n|-damage|p2b: Amoonguss|45\/100|[from] item: Black Sludge\n|upkeep\n|turn|3\n|\n|t:|1683386785\n|move|p1a: Arcanine|Howl|p1a: Arcanine|[spread] p1a,p1b\n|-boost|p1a: Arcanine|atk|1\n|-boost|p1b: Gyarados|atk|1\n|move|p1b: Gyarados|Dragon Dance|p1b: Gyarados\n|-boost|p1b: Gyarados|atk|1\n|-boost|p1b: Gyarados|spe|1\n|move|p2b: Amoonguss|Synthesis|p2b: Amoonguss\n|-heal|p2b: Amoonguss|100\/100\n|move|p2a: Torkoal|Earth Power|p1a: Arcanine\n|-supereffective|p1a: Arcanine\n|-damage|p1a: Arcanine|0 fnt\n|faint|p1a: Arcanine\n|\n|-weather|SunnyDay|[upkeep]\n|-damage|p2b: Amoonguss|88\/100|[from] item: Black Sludge\n|upkeep\n|\n|t:|1683386799\n|switch|p1a: Medicham|Medicham, L50, M|100\/100\n|turn|4\n|\n|t:|1683386809\n|move|p2b: Amoonguss|Rage Powder|p2b: Amoonguss\n|-singleturn|p2b: Amoonguss|move: Rage Powder\n|move|p1a: Medicham|Taunt|p2b: Amoonguss\n|-start|p2b: Amoonguss|move: Taunt\n|move|p1b: Gyarados|Waterfall|p2b: Amoonguss\n|-resisted|p2b: Amoonguss\n|-damage|p2b: Amoonguss|73\/100\n|move|p2a: Torkoal|Eruption|p1b: Gyarados|[spread] p1a,p1b\n|-resisted|p1b: Gyarados\n|-damage|p1a: Medicham|0 fnt\n|-damage|p1b: Gyarados|69\/100\n|faint|p1a: Medicham\n|\n|-weather|SunnyDay|[upkeep]\n|-heal|p1b: Gyarados|75\/100|[from] item: Leftovers\n|-damage|p2b: Amoonguss|61\/100|[from] item: Black Sludge\n|upkeep\n|\n|t:|1683386817\n|switch|p1a: Slaking|Slaking, L50, M, shiny|100\/100\n|turn|5\n|\n|t:|1683386837\n|switch|p2b: Flutter Mane|Flutter Mane, L50|100\/100\n|-activate|p2b: Flutter Mane|ability: Protosynthesis\n|-start|p2b: Flutter Mane|protosynthesisspe\n|move|p2a: Torkoal|Protect|p2a: Torkoal\n|-singleturn|p2a: Torkoal|Protect\n|move|p1b: Gyarados|Waterfall|p2a: Torkoal\n|-activate|p2a: Torkoal|move: Protect\n|move|p1a: Slaking|Earthquake|p2b: Flutter Mane|[spread] p2b\n|-activate|p2a: Torkoal|move: Protect\n|-immune|p1b: Gyarados\n|-damage|p2b: Flutter Mane|0 fnt\n|faint|p2b: Flutter Mane\n|-end|p2b: Flutter Mane|Protosynthesis|[silent]\n|-damage|p1a: Slaking|91\/100|[from] item: Life Orb\n|\n|-weather|SunnyDay|[upkeep]\n|-heal|p1b: Gyarados|81\/100|[from] item: Leftovers\n|upkeep\n|\n|t:|1683386857\n|switch|p2b: Dragonite|Dragonite, L50, M|100\/100\n|turn|6\n|\n|t:|1683386872\n|move|p2b: Dragonite|Extreme Speed|p1b: Gyarados\n|-damage|p1b: Gyarados|49\/100\n|cant|p1a: Slaking|ability: Truant\n|move|p1b: Gyarados|Waterfall|p2a: Torkoal\n|-supereffective|p2a: Torkoal\n|-damage|p2a: Torkoal|49\/100\n|move|p2a: Torkoal|Eruption|p1b: Gyarados|[spread] p1a,p1b\n|-resisted|p1b: Gyarados\n|-damage|p1a: Slaking|54\/100\n|-damage|p1b: Gyarados|35\/100\n|\n|-weather|SunnyDay|[upkeep]\n|-heal|p1b: Gyarados|41\/100|[from] item: Leftovers\n|upkeep\n|turn|7\n|\n|t:|1683386896\n|move|p2b: Dragonite|Protect|p2b: Dragonite\n|-singleturn|p2b: Dragonite|Protect\n|move|p2a: Torkoal|Protect|p2a: Torkoal\n|-singleturn|p2a: Torkoal|Protect\n|move|p1b: Gyarados|Waterfall|p2b: Dragonite\n|-activate|p2b: Dragonite|move: Protect\n|move|p1a: Slaking|Drain Punch|p2b: Dragonite\n|-activate|p2b: Dragonite|move: Protect\n|\n|-weather|SunnyDay|[upkeep]\n|-heal|p1b: Gyarados|47\/100|[from] item: Leftovers\n|upkeep\n|turn|8\n|\n|t:|1683386918\n|move|p1b: Gyarados|Waterfall|p2a: Torkoal\n|-supereffective|p2a: Torkoal\n|-damage|p2a: Torkoal|0 fnt\n|faint|p2a: Torkoal\n|cant|p1a: Slaking|ability: Truant\n|move|p2b: Dragonite|Dragon Dance|p2b: Dragonite\n|-boost|p2b: Dragonite|atk|1\n|-boost|p2b: Dragonite|spe|1\n|\n|-weather|none\n|-heal|p1b: Gyarados|54\/100|[from] item: Leftovers\n|upkeep\n|\n|t:|1683386930\n|switch|p2a: Amoonguss|Amoonguss, L50, M, tera:Water|94\/100\n|turn|9\n|\n|t:|1683386947\n|move|p2b: Dragonite|Extreme Speed|p1b: Gyarados\n|-damage|p1b: Gyarados|4\/100\n|move|p2a: Amoonguss|Rage Powder|p2a: Amoonguss\n|-singleturn|p2a: Amoonguss|move: Rage Powder\n|move|p1b: Gyarados|Waterfall|p2a: Amoonguss\n|-resisted|p2a: Amoonguss\n|-damage|p2a: Amoonguss|64\/100\n|move|p1a: Slaking|Drain Punch|p2a: Amoonguss\n|-damage|p2a: Amoonguss|29\/100\n|-heal|p1a: Slaking|70\/100|[from] drain|[of] p2a: Amoonguss\n|-damage|p1a: Slaking|61\/100|[from] item: Life Orb\n|\n|-heal|p1b: Gyarados|10\/100|[from] item: Leftovers\n|-damage|p2a: Amoonguss|17\/100|[from] item: Black Sludge\n|upkeep\n|turn|10\n|\n|t:|1683386969\n|move|p1b: Gyarados|Protect|p1b: Gyarados\n|-singleturn|p1b: Gyarados|Protect\n|move|p2b: Dragonite|Extreme Speed|p1b: Gyarados\n|-activate|p1b: Gyarados|move: Protect\n|cant|p1a: Slaking|ability: Truant\n|move|p2a: Amoonguss|Synthesis|p2a: Amoonguss\n|-heal|p2a: Amoonguss|67\/100\n|\n|-heal|p1b: Gyarados|16\/100|[from] item: Leftovers\n|-damage|p2a: Amoonguss|54\/100|[from] item: Black Sludge\n|upkeep\n|turn|11\n|inactive|RichieihciR has 30 seconds left.\n|\n|t:|1683387000\n|move|p1b: Gyarados|Helping Hand|p1a: Slaking\n|-singleturn|p1a: Slaking|Helping Hand|[of] p1b: Gyarados\n|move|p2b: Dragonite|Extreme Speed|p1b: Gyarados\n|-damage|p1b: Gyarados|0 fnt\n|faint|p1b: Gyarados\n|move|p2a: Amoonguss|Rage Powder|p2a: Amoonguss\n|-singleturn|p2a: Amoonguss|move: Rage Powder\n|move|p1a: Slaking|Drain Punch|p2a: Amoonguss\n|-damage|p2a: Amoonguss|3\/100\n|-heal|p1a: Slaking|85\/100|[from] drain|[of] p2a: Amoonguss\n|-damage|p1a: Slaking|75\/100|[from] item: Life Orb\n|\n|-damage|p2a: Amoonguss|0 fnt|[from] item: Black Sludge\n|faint|p2a: Amoonguss\n|upkeep\n|turn|12\n|inactive|RichieihciR has 30 seconds left.\n|\n|t:|1683387029\n|move|p2b: Dragonite|Earthquake|p1a: Slaking\n|-damage|p1a: Slaking|35\/100\n|cant|p1a: Slaking|ability: Truant\n|\n|upkeep\n|turn|13\n|\n|t:|1683387041\n|move|p2b: Dragonite|Protect|p2b: Dragonite\n|-singleturn|p2b: Dragonite|Protect\n|move|p1a: Slaking|Drain Punch|p2b: Dragonite\n|-activate|p2b: Dragonite|move: Protect\n|\n|upkeep\n|turn|14\n|\n|t:|1683387048\n|cant|p1a: Slaking|ability: Truant\n|move|p2b: Dragonite|Earthquake|p1a: Slaking\n|-damage|p1a: Slaking|0 fnt\n|faint|p1a: Slaking\n|\n|win|Antillegal\n|raw|RichieihciR's rating: 1053 → 1035<\/strong> (-18 for losing)\n|raw|Antillegal's rating: 1051 → 1084<\/strong> (+33 for winning)\n|l|\u2606RichieihciR\n","uploadtime":1683387058,"views":6,"p1id":"richieihcir","p2id":"antillegal","formatid":"gen9vgc2023regulationc","rating":1035,"private":0,"password":""}