{"id":"gen9vgc2023regulationc-1856450103","p1":"battlefactoryluna","p2":"Samythril","format":"[Gen 9] VGC 2023 Regulation C","log":"|j|\u2606battlefactoryluna\n|j|\u2606Samythril\n|t:|1683062810\n|gametype|doubles\n|player|p1|battlefactoryluna|caitlin|\n|player|p2|Samythril|will|\n|teamsize|p1|6\n|teamsize|p2|6\n|gen|9\n|tier|[Gen 9] VGC 2023 Regulation C\n|rule|Species Clause: Limit one of each Pok\u00e9mon\n|rule|Item Clause: Limit one of each item\n|clearpoke\n|poke|p1|Kingambit, L50, F|\n|poke|p1|Hatterene, L50, F|\n|poke|p1|Indeedee-F, L50, F|\n|poke|p1|Torkoal, L50, F|\n|poke|p1|Dondozo, L50, M|\n|poke|p1|Tatsugiri, L50, M|\n|poke|p2|Orthworm, L50, M|\n|poke|p2|Ting-Lu, L50|\n|poke|p2|Rotom-Wash, L50|\n|poke|p2|Flutter Mane, L50|\n|poke|p2|Talonflame, L50, M|\n|poke|p2|Garchomp, L50, M|\n|teampreview|4\nSamythril has agreed to open team sheets.\nbattlefactoryluna has agreed to open team sheets.\n|\n|t:|1683062898\n|start\n|switch|p1a: Indeedee|Indeedee-F, L50, F|100\/100\n|switch|p1b: Hatterene|Hatterene, L50, F|100\/100\n|switch|p2a: Woomfie|Orthworm, L50, M, shiny|100\/100\n|switch|p2b: Ting-Lu|Ting-Lu, L50|100\/100\n|-fieldstart|move: Psychic Terrain|[from] ability: Psychic Surge|[of] p1a: Indeedee\n|-enditem|p1a: Indeedee|Psychic Seed\n|-boost|p1a: Indeedee|spd|1|[from] item: Psychic Seed\n|-ability|p2b: Ting-Lu|Vessel of Ruin\n|turn|1\n|c|\u2606Samythril|oh cb dozo\n|c|\u2606Samythril|that is funny\n|c|\u2606battlefactoryluna|It's an alex soto team\n|c|\u2606battlefactoryluna|won a local with it\n|\n|t:|1683062952\n|move|p1a: Indeedee|Follow Me|p1a: Indeedee\n|-singleturn|p1a: Indeedee|move: Follow Me\n|move|p2b: Ting-Lu|Earthquake|p1b: Hatterene|[spread] p1a,p1b\n|-immune|p2a: Woomfie|[from] ability: Earth Eater\n|-damage|p1a: Indeedee|71\/100\n|-damage|p1b: Hatterene|62\/100\n|move|p2a: Woomfie|Heavy Slam|p1a: Indeedee\n|-damage|p1a: Indeedee|35\/100\n|move|p1b: Hatterene|Trick Room|p1b: Hatterene\n|-fieldstart|move: Trick Room|[of] p1b: Hatterene\n|\n|upkeep\n|turn|2\n|\n|t:|1683062983\n|move|p1a: Indeedee|Follow Me|p1a: Indeedee\n|-singleturn|p1a: Indeedee|move: Follow Me\n|move|p1b: Hatterene|Dazzling Gleam|p2b: Ting-Lu|[spread] p2a,p2b\n|-resisted|p2a: Woomfie\n|-supereffective|p2b: Ting-Lu\n|-damage|p2a: Woomfie|81\/100\n|-damage|p2b: Ting-Lu|50\/100\n|-damage|p1b: Hatterene|52\/100|[from] item: Life Orb\n|move|p2a: Woomfie|Iron Defense|p2a: Woomfie\n|-boost|p2a: Woomfie|def|2\n|move|p2b: Ting-Lu|Earthquake|p1b: Hatterene|[spread] p1a,p1b\n|-heal|p2a: Woomfie|100\/100|[from] ability: Earth Eater|[of] p2b: Ting-Lu\n|-damage|p1a: Indeedee|3\/100\n|-damage|p1b: Hatterene|15\/100\n|\n|-heal|p2b: Ting-Lu|56\/100|[from] item: Leftovers\n|upkeep\n|turn|3\n|\n|t:|1683063005\n|move|p1a: Indeedee|Helping Hand|p1b: Hatterene\n|-singleturn|p1b: Hatterene|Helping Hand|[of] p1a: Indeedee\n|move|p2b: Ting-Lu|Protect|p2b: Ting-Lu\n|-singleturn|p2b: Ting-Lu|Protect\n|move|p1b: Hatterene|Dazzling Gleam|p2b: Ting-Lu|[spread] p2a\n|-activate|p2b: Ting-Lu|move: Protect\n|-resisted|p2a: Woomfie\n|-damage|p2a: Woomfie|70\/100\n|-damage|p1b: Hatterene|5\/100|[from] item: Life Orb\n|move|p2a: Woomfie|Heavy Slam|p1b: Hatterene\n|-supereffective|p1b: Hatterene\n|-damage|p1b: Hatterene|0 fnt\n|faint|p1b: Hatterene\n|\n|-heal|p2b: Ting-Lu|62\/100|[from] item: Leftovers\n|upkeep\n|\n|t:|1683063013\n|switch|p1b: Torkoal|Torkoal, L50, F|100\/100\n|-weather|SunnyDay|[from] ability: Drought|[of] p1b: Torkoal\n|turn|4\n|\n|t:|1683063049\n|-terastallize|p1b: Torkoal|Fire\n|-terastallize|p2a: Woomfie|Water\n|move|p1a: Indeedee|Helping Hand|p1b: Torkoal\n|-singleturn|p1b: Torkoal|Helping Hand|[of] p1a: Indeedee\n|move|p1b: Torkoal|Eruption|p2b: Ting-Lu|[spread] p2a,p2b\n|-resisted|p2a: Woomfie\n|-damage|p2a: Woomfie|0 fnt\n|-damage|p2b: Ting-Lu|0 fnt\n|faint|p2a: Woomfie\n|faint|p2b: Ting-Lu\n|\n|-weather|SunnyDay|[upkeep]\n|upkeep\n|c|\u2606battlefactoryluna|wow\n|\n|t:|1683063060\n|switch|p2a: Flutter Mane|Flutter Mane, L50|100\/100\n|switch|p2b: Rotom|Rotom-Wash, L50|100\/100\n|-activate|p2a: Flutter Mane|ability: Protosynthesis\n|-start|p2a: Flutter Mane|protosynthesisspa\n|turn|5\n|c|\u2606Samythril|yeeaaahhh that plan didnt work\n|c|\u2606battlefactoryluna|Ngl I wasn't expecting to pickup either knockout\n|c|\u2606Samythril|i knew it would\n|c|\u2606Samythril|im not av or anything so\n|\n|t:|1683063098\n|move|p2b: Rotom|Protect|p2b: Rotom\n|-singleturn|p2b: Rotom|Protect\n|move|p2a: Flutter Mane|Protect|p2a: Flutter Mane\n|-singleturn|p2a: Flutter Mane|Protect\n|move|p1b: Torkoal|Eruption|p2a: Flutter Mane|[spread] \n|-activate|p2a: Flutter Mane|move: Protect\n|-activate|p2b: Rotom|move: Protect\n|move|p1a: Indeedee|Psychic|p2b: Rotom\n|-activate|p2b: Rotom|move: Protect\n|\n|-weather|SunnyDay|[upkeep]\n|-fieldend|move: Trick Room\n|-fieldend|move: Psychic Terrain\n|upkeep\n|turn|6\n|\n|t:|1683063125\n|move|p2a: Flutter Mane|Dazzling Gleam|p1a: Indeedee|[spread] p1a,p1b\n|-resisted|p1b: Torkoal\n|-damage|p1a: Indeedee|0 fnt\n|-damage|p1b: Torkoal|74\/100\n|faint|p1a: Indeedee\n|move|p2b: Rotom|Thunderbolt|p1b: Torkoal\n|-damage|p1b: Torkoal|23\/100\n|move|p1b: Torkoal|Heat Wave|p2a: Flutter Mane|[spread] p2b\n|-miss|p1b: Torkoal|p2a: Flutter Mane\n|-resisted|p2b: Rotom\n|-damage|p2b: Rotom|60\/100\n|\n|-weather|SunnyDay|[upkeep]\n|upkeep\n|\n|t:|1683063136\n|switch|p1a: Dondozo|Dondozo, L50, M|100\/100\n|turn|7\n|\n|t:|1683063162\n|move|p2a: Flutter Mane|Dazzling Gleam|p1b: Torkoal|[spread] p1a,p1b\n|-resisted|p1b: Torkoal\n|-damage|p1a: Dondozo|52\/100\n|-damage|p1b: Torkoal|0 fnt\n|faint|p1b: Torkoal\n|move|p2b: Rotom|Thunderbolt|p1a: Dondozo\n|-supereffective|p1a: Dondozo\n|-damage|p1a: Dondozo|0 fnt\n|faint|p1a: Dondozo\n|\n|win|Samythril\n|c|\u2606battlefactoryluna|gg\n|c|\u2606Samythril|gg\n|player|p1|battlefactoryluna|caitlin\n","uploadtime":1683063508,"views":6,"p1id":"battlefactoryluna","p2id":"samythril","formatid":"gen9vgc2023regulationc","rating":0,"private":0,"password":""}