{"id":"gen9vgc2023regulationc-1844817094","p1":"jayballester","p2":"LiluziHit","format":"[Gen 9] VGC 2023 Regulation C","log":"|j|\u2606jayballester\n|j|\u2606LiluziHit\n|t:|1681652083\n|gametype|doubles\n|player|p1|jayballester|riley|\n|player|p2|LiluziHit|blue|\n|teamsize|p1|6\n|teamsize|p2|6\n|gen|9\n|tier|[Gen 9] VGC 2023 Regulation C\n|rule|Species Clause: Limit one of each Pok\u00e9mon\n|rule|Item Clause: Limit one of each item\n|clearpoke\n|poke|p1|Great Tusk, L50|\n|poke|p1|Murkrow, L50, F|\n|poke|p1|Magnezone, L50|\n|poke|p1|Oranguru, L50, M|\n|poke|p1|Sylveon, L50, F|\n|poke|p1|Salamence, L50, M|\n|poke|p2|Chi-Yu, L50|\n|poke|p2|Iron Jugulis, L50|\n|poke|p2|Gholdengo, L50|\n|poke|p2|Farigiraf, L50, M|\n|poke|p2|Hariyama, L50, F|\n|poke|p2|Wigglytuff, L50, M|\n|teampreview|4\n|c|\u2606LiluziHit|gl\n|c|\u2606jayballester|u2\n|\n|t:|1681652129\n|start\n|switch|p1a: Magnezone|Magnezone, L50|100\/100\n|switch|p1b: Oranguru|Oranguru, L50, M|100\/100\n|switch|p2a: Giraifari|Farigiraf, L50, M|100\/100\n|switch|p2b: Wigglybuff|Wigglytuff, L50, M, shiny|100\/100\n|turn|1\n|\n|t:|1681652151\n|move|p2b: Wigglybuff|Protect|p2b: Wigglybuff\n|-singleturn|p2b: Wigglybuff|Protect\n|move|p1a: Magnezone|Discharge|p2b: Wigglybuff|[spread] p2a\n|-activate|p2b: Wigglybuff|move: Protect\n|-activate|p1b: Oranguru|ability: Telepathy\n|-damage|p2a: Giraifari|62\/100\n|move|p1b: Oranguru|Instruct|p1a: Magnezone\n|-singleturn|p1a: Magnezone|move: Instruct|[of] p1b: Oranguru\n|move|p1a: Magnezone|Discharge|p2b: Wigglybuff|[spread] p2a\n|-activate|p2b: Wigglybuff|move: Protect\n|-activate|p1b: Oranguru|ability: Telepathy\n|-damage|p2a: Giraifari|23\/100\n|move|p2a: Giraifari|Light Screen|p2a: Giraifari\n|-sidestart|p2: LiluziHit|move: Light Screen\n|\n|upkeep\n|turn|2\n|\n|t:|1681652195\n|move|p1a: Magnezone|Discharge|p2b: Wigglybuff|[spread] p2a,p2b\n|-activate|p1b: Oranguru|ability: Telepathy\n|-damage|p2a: Giraifari|0 fnt\n|-damage|p2b: Wigglybuff|77\/100\n|faint|p2a: Giraifari\n|move|p1b: Oranguru|Encore|p2b: Wigglybuff\n|-start|p2b: Wigglybuff|Encore\n|move|p2b: Wigglybuff|Protect||[still]\n|-fail|p2b: Wigglybuff\n|\n|upkeep\n|\n|t:|1681652216\n|switch|p2a: Gholdilocks|Gholdengo, L50|100\/100\n|turn|3\n|\n|t:|1681652242\n|move|p2a: Gholdilocks|Protect|p2a: Gholdilocks\n|-singleturn|p2a: Gholdilocks|Protect\n|move|p2b: Wigglybuff|Protect|p2b: Wigglybuff\n|-singleturn|p2b: Wigglybuff|Protect\n|move|p1a: Magnezone|Discharge|p2a: Gholdilocks|[spread] \n|-activate|p2a: Gholdilocks|move: Protect\n|-activate|p2b: Wigglybuff|move: Protect\n|-activate|p1b: Oranguru|ability: Telepathy\n|move|p1b: Oranguru|Trick Room|p1b: Oranguru\n|-fieldstart|move: Trick Room|[of] p1b: Oranguru\n|\n|upkeep\n|turn|4\n|\n|t:|1681652266\n|switch|p2b: Hydreigon LITE|Iron Jugulis, L50|100\/100\n|-enditem|p2b: Hydreigon LITE|Booster Energy\n|-activate|p2b: Hydreigon LITE|ability: Quark Drive|[fromitem]\n|-start|p2b: Hydreigon LITE|quarkdrivespe\n|-terastallize|p2a: Gholdilocks|Steel\n|move|p1b: Oranguru|Instruct|p1a: Magnezone\n|-singleturn|p1a: Magnezone|move: Instruct|[of] p1b: Oranguru\n|move|p1a: Magnezone|Discharge|p2a: Gholdilocks|[spread] p2a,p2b\n|-activate|p1b: Oranguru|ability: Telepathy\n|-supereffective|p2b: Hydreigon LITE\n|-crit|p2b: Hydreigon LITE\n|-damage|p2a: Gholdilocks|68\/100\n|-damage|p2b: Hydreigon LITE|0 fnt\n|faint|p2b: Hydreigon LITE\n|-end|p2b: Hydreigon LITE|Quark Drive|[silent]\n|move|p1a: Magnezone|Discharge|p2a: Gholdilocks|[spread] p2a\n|-activate|p1b: Oranguru|ability: Telepathy\n|-damage|p2a: Gholdilocks|38\/100\n|move|p2a: Gholdilocks|Make It Rain|p1a: Magnezone|[spread] p1a,p1b\n|-resisted|p1a: Magnezone\n|-damage|p1a: Magnezone|78\/100\n|-damage|p1b: Oranguru|54\/100\n|-unboost|p2a: Gholdilocks|spa|1\n|-damage|p2a: Gholdilocks|28\/100|[from] item: Life Orb\n|\n|upkeep\n|\n|t:|1681652269\n|switch|p2b: Wigglybuff|Wigglytuff, L50, M, shiny|77\/100\n|turn|5\n|\n|t:|1681652306\n|move|p2a: Gholdilocks|Protect|p2a: Gholdilocks\n|-singleturn|p2a: Gholdilocks|Protect\n|move|p2b: Wigglybuff|Hyper Voice|p1b: Oranguru|[spread] p1a,p1b\n|-resisted|p1a: Magnezone\n|-damage|p1a: Magnezone|66\/100\n|-damage|p1b: Oranguru|41\/100\n|-enditem|p1b: Oranguru|Sitrus Berry|[eat]\n|-heal|p1b: Oranguru|65\/100|[from] item: Sitrus Berry\n|-enditem|p2b: Wigglybuff|Throat Spray\n|-boost|p2b: Wigglybuff|spa|1|[from] item: Throat Spray\n|move|p1b: Oranguru|Instruct|p1a: Magnezone\n|-singleturn|p1a: Magnezone|move: Instruct|[of] p1b: Oranguru\n|move|p1a: Magnezone|Discharge|p2a: Gholdilocks|[spread] p2b\n|-activate|p2a: Gholdilocks|move: Protect\n|-activate|p1b: Oranguru|ability: Telepathy\n|-damage|p2b: Wigglybuff|52\/100\n|move|p1a: Magnezone|Discharge|p2a: Gholdilocks|[spread] p2b\n|-activate|p2a: Gholdilocks|move: Protect\n|-activate|p1b: Oranguru|ability: Telepathy\n|-damage|p2b: Wigglybuff|30\/100\n|\n|-sideend|p2: LiluziHit|move: Light Screen\n|upkeep\n|turn|6\n|c|\u2606jayballester|I love this duo\n|c|\u2606LiluziHit|very good much nice\n|\n|t:|1681652350\n|move|p2b: Wigglybuff|Draining Kiss|p1b: Oranguru\n|-damage|p1b: Oranguru|51\/100\n|-heal|p2b: Wigglybuff|39\/100|[from] drain|[of] p1b: Oranguru\n|move|p1b: Oranguru|Instruct|p1a: Magnezone\n|-singleturn|p1a: Magnezone|move: Instruct|[of] p1b: Oranguru\n|move|p1a: Magnezone|Discharge|p2b: Wigglybuff|[spread] p2a,p2b\n|-activate|p1b: Oranguru|ability: Telepathy\n|-damage|p2a: Gholdilocks|0 fnt\n|-damage|p2b: Wigglybuff|3\/100\n|faint|p2a: Gholdilocks\n|move|p1a: Magnezone|Discharge|p2b: Wigglybuff|[spread] p2b\n|-activate|p1b: Oranguru|ability: Telepathy\n|-damage|p2b: Wigglybuff|0 fnt\n|faint|p2b: Wigglybuff\n|\n|win|jayballester\n|c|\u2606LiluziHit|gg\n|c|\u2606LiluziHit|another?\n|c|\u2606jayballester|Go bo4?\n","uploadtime":1681652374,"views":61,"p1id":"jayballester","p2id":"liluzihit","formatid":"gen9vgc2023regulationc","rating":0,"private":0,"password":""}