{"id":"gen9vgc2023regulationc-1860138659","p1":"tatsugirl i~","p2":"SlushiW","format":"[Gen 9] VGC 2023 Regulation C","log":"|j|\u2606tatsugirl i~\n|j|\u2606SlushiW\n|t:|1683599870\n|gametype|doubles\n|player|p1|tatsugirl i~|may-masters|\n|player|p2|SlushiW|ethan-pokeathlon|\n|teamsize|p1|6\n|teamsize|p2|5\n|gen|9\n|tier|[Gen 9] VGC 2023 Regulation C\n|rated|Tournament battle\n|rule|Species Clause: Limit one of each Pok\u00e9mon\n|rule|Item Clause: Limit one of each item\n|clearpoke\n|poke|p1|Corviknight, L50, M|\n|poke|p1|Dragapult, L50, F|\n|poke|p1|Flutter Mane, L50|\n|poke|p1|Chi-Yu, L50|\n|poke|p1|Dachsbun, L50, M|\n|poke|p1|Tauros-Paldea-Aqua, L50, M|\n|poke|p2|Maushold-Four, L50|\n|poke|p2|Dragonite, L50, M|\n|poke|p2|Gholdengo, L50|\n|poke|p2|Great Tusk, L50|\n|poke|p2|Iron Bundle, L50|\n|teampreview|4\n|raw| Open Team Sheet for tatsugirl i~<\/summary>Corviknight @ Sitrus Berry Ability: Mirror Armor Level: 50 Tera Type: Dragon - Iron Head - Brave Bird - Tailwind - Roost Dragapult @ Life Orb Ability: Clear Body Level: 50 Tera Type: Steel - Dragon Darts - Phantom Force - Will-O-Wisp - Protect Flutter Mane @ Booster Energy Ability: Protosynthesis Level: 50 Tera Type: Fairy - Shadow Ball - Moonblast - Dazzling Gleam - Protect Chi-Yu @ Charcoal Ability: Beads of Ruin Level: 50 Tera Type: Grass - Lava Plume - Heat Wave - Dark Pulse - Protect Dachsbun @ Leftovers Ability: Well-Baked Body Level: 50 Tera Type: Steel - Body Press - Play Rough - Yawn - Protect Tauros (Tauros-Paldea-Aqua) (M) @ Safety Goggles Ability: Intimidate Level: 50 Tera Type: Fire - Raging Bull - Close Combat - Aqua Jet - Protect <\/details><\/div> Open Team Sheet for SlushiW<\/summary>Maushold (Maushold-Four) @ Safety Goggles Ability: Friend Guard Level: 50 Shiny: Yes Tera Type: Ghost - Follow Me - Super Fang - Taunt - Protect Dragonite (M) @ Assault Vest Ability: Inner Focus Level: 50 Tera Type: Flying - Dragon Claw - Extreme Speed - Stomping Tantrum - Tera Blast Gholdengo @ Leftovers Ability: Good as Gold Level: 50 Tera Type: Water - Make It Rain - Shadow Ball - Nasty Plot - Protect Great Tusk @ Focus Sash Ability: Protosynthesis Level: 50 Hidden Power: Fighting Tera Type: Ground - Headlong Rush - Close Combat - Rock Slide - Protect Iron Bundle @ Booster Energy Ability: Quark Drive Level: 50 Shiny: Yes Tera Type: Ghost - Hydro Pump - Freeze-Dry - Icy Wind - Protect <\/details><\/div>\n|inactive|Battle timer is ON: inactive players will automatically lose when time's up. (requested by SlushiW)\n|inactive|tatsugirl i~ has 60 seconds left.\n|inactive|SlushiW has 60 seconds left.\n|\n|t:|1683599925\n|start\n|switch|p1a: Flutter Mane|Flutter Mane, L50|100\/100\n|switch|p1b: Dragapult|Dragapult, L50, F|100\/100\n|switch|p2a: Maushold|Maushold-Four, L50, shiny|100\/100\n|switch|p2b: Gholdengo|Gholdengo, L50|100\/100\n|-enditem|p1a: Flutter Mane|Booster Energy\n|-activate|p1a: Flutter Mane|ability: Protosynthesis|[fromitem]\n|-start|p1a: Flutter Mane|protosynthesisspe\n|turn|1\n|j|%Borghi\n|j| wawahwa\n|inactive|SlushiW has 30 seconds left.\n|\n|t:|1683599954\n|-terastallize|p1b: Dragapult|Steel\n|move|p1a: Flutter Mane|Protect|p1a: Flutter Mane\n|-singleturn|p1a: Flutter Mane|Protect\n|move|p2a: Maushold|Follow Me|p2a: Maushold\n|-singleturn|p2a: Maushold|move: Follow Me\n|move|p1b: Dragapult|Dragon Darts|p2a: Maushold\n|-damage|p2a: Maushold|62\/100\n|-anim|p1b: Dragapult|Dragon Darts|p2a: Maushold\n|-damage|p2a: Maushold|25\/100\n|-damage|p1b: Dragapult|91\/100|[from] item: Life Orb\n|move|p2b: Gholdengo|Nasty Plot|p2b: Gholdengo\n|-boost|p2b: Gholdengo|spa|2\n|\n|upkeep\n|turn|2\n|\n|t:|1683599976\n|move|p2a: Maushold|Follow Me|p2a: Maushold\n|-singleturn|p2a: Maushold|move: Follow Me\n|move|p1a: Flutter Mane|Dazzling Gleam|p2a: Maushold|[spread] p2a,p2b\n|-resisted|p2b: Gholdengo\n|-damage|p2a: Maushold|0 fnt\n|-damage|p2b: Gholdengo|89\/100\n|faint|p2a: Maushold\n|move|p1b: Dragapult|Phantom Force||[still]\n|-prepare|p1b: Dragapult|Phantom Force\n|move|p2b: Gholdengo|Make It Rain|p1a: Flutter Mane|[spread] p1a\n|-miss|p2b: Gholdengo|p1b: Dragapult\n|-supereffective|p1a: Flutter Mane\n|-damage|p1a: Flutter Mane|0 fnt\n|-unboost|p2b: Gholdengo|spa|1\n|faint|p1a: Flutter Mane\n|-end|p1a: Flutter Mane|Protosynthesis|[silent]\n|\n|-heal|p2b: Gholdengo|95\/100|[from] item: Leftovers\n|upkeep\n|\n|t:|1683600000\n|switch|p1a: Tauros|Tauros-Paldea-Aqua, L50, M|100\/100\n|switch|p2a: Iron Bundle|Iron Bundle, L50, shiny|100\/100\n|-ability|p1a: Tauros|Intimidate|boost\n|-unboost|p2a: Iron Bundle|atk|1\n|-unboost|p2b: Gholdengo|atk|1\n|-enditem|p2a: Iron Bundle|Booster Energy\n|-activate|p2a: Iron Bundle|ability: Quark Drive|[fromitem]\n|-start|p2a: Iron Bundle|quarkdrivespe\n|turn|3\n|inactive|SlushiW has 30 seconds left.\n|\n|t:|1683600025\n|-terastallize|p2b: Gholdengo|Water\n|move|p2a: Iron Bundle|Protect|p2a: Iron Bundle\n|-singleturn|p2a: Iron Bundle|Protect\n|move|p1b: Dragapult|Phantom Force|p2b: Gholdengo|[from]lockedmove\n|-damage|p2b: Gholdengo|43\/100\n|-damage|p1b: Dragapult|82\/100|[from] item: Life Orb\n|move|p1a: Tauros|Close Combat|p2b: Gholdengo\n|-damage|p2b: Gholdengo|0 fnt\n|-unboost|p1a: Tauros|def|1\n|-unboost|p1a: Tauros|spd|1\n|faint|p2b: Gholdengo\n|\n|upkeep\n|\n|t:|1683600035\n|switch|p2b: Great Tusk|Great Tusk, L50|100\/100\n|turn|4\n|inactive|tatsugirl i~ has 30 seconds left.\n|inactive|SlushiW has 30 seconds left.\n|inactive|tatsugirl i~ has 20 seconds left.\n|\n|t:|1683600072\n|switch|p1a: Chi-Yu|Chi-Yu, L50|100\/100\n|-ability|p1a: Chi-Yu|Beads of Ruin\n|move|p2a: Iron Bundle|Icy Wind|p1a: Chi-Yu|[spread] p1b\n|-miss|p2a: Iron Bundle|p1a: Chi-Yu\n|-resisted|p1b: Dragapult\n|-damage|p1b: Dragapult|63\/100\n|move|p1b: Dragapult|Dragon Darts|p2b: Great Tusk\n|-damage|p2b: Great Tusk|74\/100\n|-anim|p1b: Dragapult|Dragon Darts|p2a: Iron Bundle\n|-damage|p2a: Iron Bundle|59\/100\n|-damage|p1b: Dragapult|53\/100|[from] item: Life Orb\n|move|p2b: Great Tusk|Headlong Rush|p1a: Chi-Yu\n|-supereffective|p1a: Chi-Yu\n|-damage|p1a: Chi-Yu|0 fnt\n|-unboost|p2b: Great Tusk|def|1\n|-unboost|p2b: Great Tusk|spd|1\n|faint|p1a: Chi-Yu\n|\n|upkeep\n|\n|t:|1683600086\n|switch|p1a: Tauros|Tauros-Paldea-Aqua, L50, M|100\/100\n|-ability|p1a: Tauros|Intimidate|boost\n|-unboost|p2a: Iron Bundle|atk|1\n|-unboost|p2b: Great Tusk|atk|1\n|turn|5\n|\n|t:|1683600097\n|move|p2a: Iron Bundle|Hydro Pump|p1b: Dragapult\n|-crit|p1b: Dragapult\n|-damage|p1b: Dragapult|0 fnt\n|faint|p1b: Dragapult\n|move|p1a: Tauros|Raging Bull|p2b: Great Tusk\n|-supereffective|p2b: Great Tusk\n|-damage|p2b: Great Tusk|0 fnt\n|faint|p2b: Great Tusk\n|-end|p2b: Great Tusk|Protosynthesis|[silent]\n|\n|upkeep\n|turn|6\n|\n|t:|1683600106\n|move|p2a: Iron Bundle|Freeze-Dry|p1a: Tauros\n|-supereffective|p1a: Tauros\n|-damage|p1a: Tauros|0 fnt\n|faint|p1a: Tauros\n|\n|win|SlushiW\n|n|\u2606tatsugirl i~|tatsugirli\n|n|\u2606SlushiW|slushiw\n|n| Borghi|borghi\n|n| wawahwa|wawahwa\n|c|\u2606SlushiW|gg\n","uploadtime":1683600112,"views":3,"p1id":"tatsugirli","p2id":"slushiw","formatid":"gen9vgc2023regulationc","rating":0,"private":0,"password":""}