{"id":"gen9vgc2023regulationc-1849805118","p1":"Humanberrito 2.0","p2":"4gotPw","format":"[Gen 9] VGC 2023 Regulation C","log":"|j|\u2606Humanberrito 2.0\n|j|\u26064gotPw\n|t:|1682254448\n|gametype|doubles\n|player|p1|Humanberrito 2.0|unknown|\n|player|p2|4gotPw|266|\n|teamsize|p1|6\n|teamsize|p2|6\n|gen|9\n|tier|[Gen 9] VGC 2023 Regulation C\n|rated|Tournament battle\n|rule|Species Clause: Limit one of each Pok\u00e9mon\n|rule|Item Clause: Limit one of each item\n|clearpoke\n|poke|p1|Flutter Mane, L50|\n|poke|p1|Ting-Lu, L50|\n|poke|p1|Arcanine, L50, F|\n|poke|p1|Palafin, L50, F|\n|poke|p1|Chien-Pao, L50|\n|poke|p1|Pelipper, L50, M|\n|poke|p2|Slaking, L50, F|\n|poke|p2|Eelektross, L50, M|\n|poke|p2|Grimmsnarl, L50, M|\n|poke|p2|Garchomp, L50, F|\n|poke|p2|Bronzong, L50|\n|poke|p2|Gastrodon, L50, M|\n|teampreview|4\n|raw| Open Team Sheet for Humanberrito 2.0<\/summary>Flutter Mane @ Choice Specs Ability: Protosynthesis Level: 50 Tera Type: Fairy - Moonblast - Shadow Ball - Dazzling Gleam - Power Gem Ting-Lu @ Assault Vest Ability: Vessel of Ruin Level: 50 Tera Type: Steel - Fissure - Stomping Tantrum - Body Press - Mud-Slap Arcanine @ Safety Goggles Ability: Intimidate Level: 50 Tera Type: Ghost - Flare Blitz - Will-O-Wisp - Snarl - Protect Palafin @ Mystic Water Ability: Zero to Hero Level: 50 Tera Type: Water - Jet Punch - Wave Crash - Haze - Protect Chien-Pao @ Focus Sash Ability: Sword of Ruin Level: 50 Tera Type: Ghost - Ice Spinner - Sucker Punch - Sacred Sword - Protect Pelipper @ Damp Rock Ability: Drizzle Level: 50 Tera Type: Water - Tailwind - Wide Guard - Helping Hand - Hurricane <\/details><\/div> Open Team Sheet for 4gotPw<\/summary>Slaking @ Clear Amulet Ability: Truant Level: 50 Tera Type: Flying - Earthquake - Drain Punch - Encore - Tera Blast Eelektross @ Covert Cloak Ability: Levitate Level: 50 Tera Type: Ghost - Gastro Acid - Flamethrower - Discharge - Giga Drain Grimmsnarl (M) @ Light Clay Ability: Prankster Level: 50 Tera Type: Dark - Spirit Break - Reflect - Light Screen - Misty Terrain Garchomp @ Choice Scarf Ability: Rough Skin Level: 50 Tera Type: Fire - Earthquake - Rock Slide - Liquidation - Tera Blast Bronzong @ Sitrus Berry Ability: Levitate Level: 50 Tera Type: Steel - Imprison - Trick Room - Helping Hand - Gyro Ball Gastrodon @ Leftovers Ability: Storm Drain Level: 50 Tera Type: Fire - Ice Beam - Tera Blast - Clear Smog - Protect <\/details><\/div>\n|\n|t:|1682254500\n|start\n|switch|p1a: Flutter Mane|Flutter Mane, L50|100\/100\n|switch|p1b: Palafin|Palafin, L50, F|100\/100\n|switch|p2a: Garchomp|Garchomp, L50, F|100\/100\n|switch|p2b: Bronzong|Bronzong, L50|100\/100\n|turn|1\n|j| Somerandoguylol\n|inactive|Battle timer is ON: inactive players will automatically lose when time's up. (requested by Humanberrito 2.0)\n|\n|t:|1682254698\n|-end|p1a: Flutter Mane|Protosynthesis|[silent]\n|switch|p1a: Arcanine|Arcanine, L50, F|100\/100\n|-ability|p1a: Arcanine|Intimidate|boost\n|-unboost|p2a: Garchomp|atk|1\n|-unboost|p2b: Bronzong|atk|1\n|move|p2b: Bronzong|Helping Hand|p2a: Garchomp\n|-singleturn|p2a: Garchomp|Helping Hand|[of] p2b: Bronzong\n|move|p1b: Palafin|Protect|p1b: Palafin\n|-singleturn|p1b: Palafin|Protect\n|move|p2a: Garchomp|Earthquake|p1a: Arcanine|[spread] p1a\n|-activate|p1b: Palafin|move: Protect\n|-immune|p2b: Bronzong|[from] ability: Levitate\n|-supereffective|p1a: Arcanine\n|-damage|p1a: Arcanine|25\/100\n|\n|upkeep\n|turn|2\n|inactive|Humanberrito 2.0 has 30 seconds left.\n|inactive|4gotPw has 30 seconds left.\n|inactive|Humanberrito 2.0 has 20 seconds left.\n|inactive|Humanberrito 2.0 has 15 seconds left.\n|inactive|Humanberrito 2.0 has 10 seconds left.\n|\n|t:|1682254744\n|detailschange|p1b: Palafin|Palafin-Hero, L50, F\n|switch|p1b: Flutter Mane|Flutter Mane, L50|100\/100\n|move|p2b: Bronzong|Helping Hand|p2a: Garchomp\n|-singleturn|p2a: Garchomp|Helping Hand|[of] p2b: Bronzong\n|move|p1a: Arcanine|Protect|p1a: Arcanine\n|-singleturn|p1a: Arcanine|Protect\n|move|p2a: Garchomp|Earthquake|p1a: Arcanine|[spread] p1b\n|-activate|p1a: Arcanine|move: Protect\n|-immune|p2b: Bronzong|[from] ability: Levitate\n|-damage|p1b: Flutter Mane|34\/100\n|\n|upkeep\n|turn|3\n|\n|t:|1682254764\n|move|p2b: Bronzong|Helping Hand|p2a: Garchomp\n|-singleturn|p2a: Garchomp|Helping Hand|[of] p2b: Bronzong\n|move|p2a: Garchomp|Earthquake|p1b: Flutter Mane|[spread] p1a,p1b\n|-immune|p2b: Bronzong|[from] ability: Levitate\n|-supereffective|p1a: Arcanine\n|-damage|p1a: Arcanine|0 fnt\n|-damage|p1b: Flutter Mane|0 fnt\n|faint|p1a: Arcanine\n|faint|p1b: Flutter Mane\n|-end|p1b: Flutter Mane|Protosynthesis|[silent]\n|\n|upkeep\n|\n|t:|1682254769\n|switch|p1b: Chien-Pao|Chien-Pao, L50|100\/100\n|switch|p1a: Palafin|Palafin-Hero, L50, F|100\/100\n|-ability|p1b: Chien-Pao|Sword of Ruin\n|-activate|p1a: Palafin|ability: Zero to Hero\n|turn|4\n|\n|t:|1682254789\n|-terastallize|p1a: Palafin|Water\n|move|p1b: Chien-Pao|Protect|p1b: Chien-Pao\n|-singleturn|p1b: Chien-Pao|Protect\n|move|p1a: Palafin|Jet Punch|p2a: Garchomp\n|-damage|p2a: Garchomp|25\/100\n|-damage|p1a: Palafin|88\/100|[from] ability: Rough Skin|[of] p2a: Garchomp\n|move|p2a: Garchomp|Earthquake|p1a: Palafin|[spread] p1a\n|-activate|p1b: Chien-Pao|move: Protect\n|-immune|p2b: Bronzong|[from] ability: Levitate\n|-damage|p1a: Palafin|53\/100\n|move|p2b: Bronzong|Trick Room|p2b: Bronzong\n|-fieldstart|move: Trick Room|[of] p2b: Bronzong\n|\n|upkeep\n|turn|5\n|\n|t:|1682254810\n|move|p1a: Palafin|Jet Punch|p2a: Garchomp\n|-damage|p2a: Garchomp|0 fnt\n|-damage|p1a: Palafin|40\/100|[from] ability: Rough Skin|[of] p2a: Garchomp\n|faint|p2a: Garchomp\n|move|p1b: Chien-Pao|Sucker Punch|p2b: Bronzong\n|-supereffective|p2b: Bronzong\n|-damage|p2b: Bronzong|18\/100\n|-enditem|p2b: Bronzong|Sitrus Berry|[eat]\n|-heal|p2b: Bronzong|42\/100|[from] item: Sitrus Berry\n|move|p2b: Bronzong|Gyro Ball|p1b: Chien-Pao\n|-supereffective|p1b: Chien-Pao\n|-damage|p1b: Chien-Pao|11\/100\n|\n|upkeep\n|\n|t:|1682254821\n|switch|p2a: Eelektross|Eelektross, L50, M|100\/100\n|turn|6\n|inactive|Humanberrito 2.0 has 30 seconds left.\n|inactive|Humanberrito 2.0 has 20 seconds left.\n|\n|t:|1682254857\n|move|p1a: Palafin|Jet Punch|p2a: Eelektross\n|-damage|p2a: Eelektross|13\/100\n|move|p1b: Chien-Pao|Sucker Punch|p2a: Eelektross\n|-damage|p2a: Eelektross|0 fnt\n|faint|p2a: Eelektross\n|move|p2b: Bronzong|Gyro Ball|p1b: Chien-Pao\n|-supereffective|p1b: Chien-Pao\n|-damage|p1b: Chien-Pao|0 fnt\n|faint|p1b: Chien-Pao\n|\n|upkeep\n|\n|t:|1682254865\n|switch|p2a: Slaking|Slaking, L50, F|100\/100\n|turn|7\n|\n|t:|1682254883\n|move|p2b: Bronzong|Helping Hand|p2a: Slaking\n|-singleturn|p2a: Slaking|Helping Hand|[of] p2b: Bronzong\n|move|p1a: Palafin|Protect|p1a: Palafin\n|-singleturn|p1a: Palafin|Protect\n|move|p2a: Slaking|Earthquake|p1a: Palafin|[spread] \n|-activate|p1a: Palafin|move: Protect\n|-immune|p2b: Bronzong|[from] ability: Levitate\n|\n|upkeep\n|turn|8\n|inactive|4gotPw has 30 seconds left.\n|inactive|4gotPw has 20 seconds left.\n|inactive|4gotPw has 15 seconds left.\n|\n|t:|1682254925\n|move|p2b: Bronzong|Helping Hand|p2a: Slaking\n|-singleturn|p2a: Slaking|Helping Hand|[of] p2b: Bronzong\n|move|p1a: Palafin|Jet Punch|p2b: Bronzong\n|-damage|p2b: Bronzong|0 fnt\n|faint|p2b: Bronzong\n|cant|p2a: Slaking|ability: Truant\n|\n|-fieldend|move: Trick Room\n|upkeep\n|turn|9\n|c| Somerandoguylol|wait clutch lol\n|\n|t:|1682254942\n|move|p1a: Palafin|Protect|p1a: Palafin\n|-singleturn|p1a: Palafin|Protect\n|move|p2a: Slaking|Encore|p1a: Palafin\n|-activate|p1a: Palafin|move: Protect\n|\n|upkeep\n|turn|10\n|c|\u26064gotPw|gg\n|-message|4gotPw forfeited.\n|\n|win|Humanberrito 2.0\n|n|\u2606Humanberrito 2.0|humanberrito20\n|n|\u26064gotPw|4gotpw\n|n| Somerandoguylol|somerandoguylol\n|l|\u26064gotPw\n|l| Somerandoguylol\n|c|\u2606Humanberrito 2.0|Gg\n","uploadtime":1682254973,"views":13,"p1id":"humanberrito20","p2id":"4gotpw","formatid":"gen9vgc2023regulationc","rating":0,"private":0,"password":""}