{"id":"gen9vgc2023regulationc-1855702113","p1":"N8zaGr8","p2":"chipp zanuff 7","format":"[Gen 9] VGC 2023 Regulation C","log":"|j|\u2606N8zaGr8\n|j|\u2606chipp zanuff 7\n|t:|1682974726\n|gametype|doubles\n|player|p1|N8zaGr8|cynthia-gen4|\n|player|p2|chipp zanuff 7|266|\n|teamsize|p1|6\n|teamsize|p2|6\n|gen|9\n|tier|[Gen 9] VGC 2023 Regulation C\n|rated|Tournament battle\n|rule|Species Clause: Limit one of each Pok\u00e9mon\n|rule|Item Clause: Limit one of each item\n|clearpoke\n|poke|p1|Iron Bundle, L50|\n|poke|p1|Ting-Lu, L50|\n|poke|p1|Amoonguss, L50, F|\n|poke|p1|Bronzong, L50|\n|poke|p1|Ceruledge, L50, F|\n|poke|p1|Staraptor, L50, F|\n|poke|p2|Garganacl, L50, F|\n|poke|p2|Gyarados, L50, M|\n|poke|p2|Amoonguss, L50, M|\n|poke|p2|Ting-Lu, L50|\n|poke|p2|Flutter Mane, L50|\n|poke|p2|Iron Hands, L50|\n|teampreview|4\n|raw| Open Team Sheet for N8zaGr8<\/summary>Fearful Leader (Iron Bundle) @ Booster Energy Ability: Quark Drive Level: 50 Tera Type: Ghost - Freeze-Dry - Hydro Pump - Encore - Protect Father Help (Ting-Lu) @ Assault Vest Ability: Vessel of Ruin Level: 50 Tera Type: Water - Earthquake - Ruination - Heavy Slam - Rock Slide Friend (Amoonguss) @ Leftovers Ability: Regenerator Level: 50 Tera Type: Steel - Spore - Pollen Puff - Rage Powder - Protect dong (Bronzong) @ Safety Goggles Ability: Levitate Level: 50 Tera Type: Electric - Body Press - Heavy Slam - Iron Defense - Trick Room GrAss Blaster (Ceruledge) @ Clear Amulet Ability: Flash Fire Level: 50 Tera Type: Grass - Bitter Blade - Shadow Sneak - Tera Blast - Protect GO BIRD (Staraptor) @ Choice Scarf Ability: Reckless Level: 50 Tera Type: Flying - Brave Bird - Close Combat - U-turn - Final Gambit <\/details><\/div> Open Team Sheet for chipp zanuff 7<\/summary>Luck (Garganacl) @ Leftovers Ability: Purifying Salt Level: 50 Shiny: Yes Tera Type: Ghost - Salt Cure - Recover - Protect - Stealth Rock Magna (Gyarados) @ Safety Goggles Ability: Intimidate Level: 50 Shiny: Yes Tera Type: Steel - Waterfall - Protect - Taunt - Thunder Wave Finral (Amoonguss) (M) @ Aguav Berry Ability: Regenerator Level: 50 Tera Type: Water - Spore - Pollen Puff - Rage Powder - Protect Asta (Ting-Lu) @ Assault Vest Ability: Vessel of Ruin Level: 50 Tera Type: Poison - Stomping Tantrum - Ruination - Throat Chop - Fissure Vanessa (Flutter Mane) @ Booster Energy Ability: Protosynthesis Level: 50 Tera Type: Fairy - Dazzling Gleam - Protect - Substitute - Hex Yuno (Iron Hands) @ Lum Berry Ability: Quark Drive Level: 50 Tera Type: Grass - Swords Dance - Drain Punch - Protect - Wild Charge <\/details><\/div>\n|j| Radio Free C-Side\n|j|+Nosnort\u2714\ufe0f\n|inactive|Battle timer is ON: inactive players will automatically lose when time's up. (requested by chipp zanuff 7)\n|\n|t:|1682974788\n|start\n|switch|p1a: Fearful Leader|Iron Bundle, L50|100\/100\n|switch|p1b: dong|Bronzong, L50|100\/100\n|switch|p2a: Luck|Garganacl, L50, F, shiny|100\/100\n|switch|p2b: Magna|Gyarados, L50, M, shiny|100\/100\n|-ability|p2b: Magna|Intimidate|boost\n|-unboost|p1a: Fearful Leader|atk|1\n|-unboost|p1b: dong|atk|1\n|-enditem|p1a: Fearful Leader|Booster Energy\n|-activate|p1a: Fearful Leader|ability: Quark Drive|[fromitem]\n|-start|p1a: Fearful Leader|quarkdrivespe\n|turn|1\n|inactive|chipp zanuff 7 has 30 seconds left.\n|\n|t:|1682974820\n|switch|p1b: Friend|Amoonguss, L50, F|100\/100\n|-terastallize|p2a: Luck|Ghost\n|move|p1a: Fearful Leader|Protect|p1a: Fearful Leader\n|-singleturn|p1a: Fearful Leader|Protect\n|move|p2b: Magna|Thunder Wave|p1b: Friend|[miss]\n|-miss|p2b: Magna|p1b: Friend\n|move|p2a: Luck|Salt Cure|p1a: Fearful Leader\n|-activate|p1a: Fearful Leader|move: Protect\n|\n|upkeep\n|turn|2\n|l|+Nosnort\u2714\ufe0f\n|\n|t:|1682974837\n|move|p2b: Magna|Protect|p2b: Magna\n|-singleturn|p2b: Magna|Protect\n|move|p1b: Friend|Rage Powder|p1b: Friend\n|-singleturn|p1b: Friend|move: Rage Powder\n|move|p1a: Fearful Leader|Freeze-Dry|p2b: Magna\n|-activate|p2b: Magna|move: Protect\n|move|p2a: Luck|Salt Cure|p1b: Friend\n|-damage|p1b: Friend|89\/100\n|-start|p1b: Friend|Salt Cure\n|\n|-heal|p1b: Friend|95\/100|[from] item: Leftovers\n|-damage|p1b: Friend|83\/100|[from] Salt Cure\n|upkeep\n|turn|3\n|\n|t:|1682974852\n|switch|p2b: Yuno|Iron Hands, L50|100\/100\n|move|p1b: Friend|Rage Powder|p1b: Friend\n|-singleturn|p1b: Friend|move: Rage Powder\n|move|p1a: Fearful Leader|Freeze-Dry|p2b: Yuno\n|-damage|p2b: Yuno|75\/100\n|move|p2a: Luck|Stealth Rock|p1b: Friend\n|-sidestart|p1: N8zaGr8|move: Stealth Rock\n|\n|-heal|p1b: Friend|89\/100|[from] item: Leftovers\n|-damage|p1b: Friend|76\/100|[from] Salt Cure\n|upkeep\n|turn|4\n|inactive|N8zaGr8 has 30 seconds left.\n|\n|t:|1682974881\n|switch|p2a: Finral|Amoonguss, L50, M|100\/100\n|-terastallize|p1a: Fearful Leader|Ghost\n|move|p1a: Fearful Leader|Encore||[still]\n|-fail|p1a: Fearful Leader\n|move|p2b: Yuno|Drain Punch|p1a: Fearful Leader\n|-immune|p1a: Fearful Leader\n|move|p1b: Friend|Spore|p2b: Yuno\n|-status|p2b: Yuno|slp|[from] move: Spore\n|-enditem|p2b: Yuno|Lum Berry|[eat]\n|-curestatus|p2b: Yuno|slp|[msg]\n|\n|-heal|p1b: Friend|83\/100|[from] item: Leftovers\n|-damage|p1b: Friend|70\/100|[from] Salt Cure\n|upkeep\n|turn|5\n|j| TJRaynes\n|\n|t:|1682974903\n|-end|p1a: Fearful Leader|Quark Drive|[silent]\n|switch|p1a: dong|Bronzong, L50|100\/100\n|-damage|p1a: dong|95\/100|[from] Stealth Rock\n|move|p2b: Yuno|Protect|p2b: Yuno\n|-singleturn|p2b: Yuno|Protect\n|move|p2a: Finral|Spore|p1a: dong\n|-activate|p1a: dong|item: Safety Goggles|Spore\n|move|p1b: Friend|Spore|p2b: Yuno\n|-activate|p2b: Yuno|move: Protect\n|\n|-heal|p1b: Friend|76\/100|[from] item: Leftovers\n|-damage|p1b: Friend|64\/100|[from] Salt Cure\n|upkeep\n|turn|6\n|\n|t:|1682974928\n|-end|p2b: Yuno|Quark Drive|[silent]\n|switch|p2b: Luck|Garganacl, L50, F, shiny, tera:Ghost|100\/100\n|move|p2a: Finral|Spore|p1b: Friend\n|-immune|p1b: Friend\n|move|p1a: dong|Iron Defense|p1a: dong\n|-boost|p1a: dong|def|2\n|move|p1b: Friend|Spore|p2b: Luck\n|-immune|p2b: Luck|[from] ability: Purifying Salt\n|\n|-heal|p1b: Friend|70\/100|[from] item: Leftovers\n|-damage|p1b: Friend|58\/100|[from] Salt Cure\n|upkeep\n|turn|7\n|\n|t:|1682974947\n|move|p1b: Friend|Rage Powder|p1b: Friend\n|-singleturn|p1b: Friend|move: Rage Powder\n|move|p2b: Luck|Salt Cure|p1b: Friend\n|-crit|p1b: Friend\n|-damage|p1b: Friend|42\/100\n|move|p2a: Finral|Spore|p1b: Friend\n|-immune|p1b: Friend\n|move|p1a: dong|Iron Defense|p1a: dong\n|-boost|p1a: dong|def|2\n|\n|-heal|p1b: Friend|48\/100|[from] item: Leftovers\n|-damage|p1b: Friend|36\/100|[from] Salt Cure\n|upkeep\n|turn|8\n|inactive|N8zaGr8 has 30 seconds left.\n|\n|t:|1682974975\n|switch|p2a: Magna|Gyarados, L50, M, shiny|100\/100\n|-ability|p2a: Magna|Intimidate|boost\n|-unboost|p1a: dong|atk|1\n|-unboost|p1b: Friend|atk|1\n|switch|p1b: GrAss Blaster|Ceruledge, L50, F|100\/100\n|-damage|p1b: GrAss Blaster|76\/100|[from] Stealth Rock\n|move|p2b: Luck|Salt Cure|p1a: dong\n|-resisted|p1a: dong\n|-damage|p1a: dong|93\/100\n|-start|p1a: dong|Salt Cure\n|move|p1a: dong|Body Press|p2a: Magna\n|-resisted|p2a: Magna\n|-damage|p2a: Magna|71\/100\n|\n|-damage|p1a: dong|68\/100|[from] Salt Cure\n|upkeep\n|turn|9\n|\n|t:|1682974991\n|switch|p1b: Friend|Amoonguss, L50, F|69\/100\n|-damage|p1b: Friend|56\/100|[from] Stealth Rock\n|move|p2a: Magna|Thunder Wave|p1a: dong\n|-status|p1a: dong|par\n|move|p2b: Luck|Salt Cure|p1b: Friend\n|-damage|p1b: Friend|45\/100\n|-start|p1b: Friend|Salt Cure\n|move|p1a: dong|Heavy Slam|p2b: Luck\n|-damage|p2b: Luck|95\/100\n|\n|-heal|p2b: Luck|100\/100|[from] item: Leftovers\n|-heal|p1b: Friend|51\/100|[from] item: Leftovers\n|-damage|p1b: Friend|38\/100|[from] Salt Cure\n|-damage|p1a: dong|43\/100 par|[from] Salt Cure\n|upkeep\n|turn|10\n|\n|t:|1682975010\n|move|p2a: Magna|Waterfall|p1a: dong\n|-damage|p1a: dong|33\/100 par\n|move|p2b: Luck|Salt Cure|p1b: Friend\n|-damage|p1b: Friend|27\/100\n|move|p1b: Friend|Pollen Puff|p1a: dong\n|-heal|p1a: dong|83\/100 par\n|move|p1a: dong|Body Press|p2a: Magna\n|-resisted|p2a: Magna\n|-damage|p2a: Magna|43\/100\n|\n|-heal|p1b: Friend|33\/100|[from] item: Leftovers\n|-damage|p1b: Friend|21\/100|[from] Salt Cure\n|-damage|p1a: dong|58\/100 par|[from] Salt Cure\n|upkeep\n|turn|11\n|\n|t:|1682975033\n|switch|p1b: GrAss Blaster|Ceruledge, L50, F|76\/100\n|-damage|p1b: GrAss Blaster|51\/100|[from] Stealth Rock\n|move|p2a: Magna|Waterfall|p1a: dong\n|-damage|p1a: dong|47\/100 par\n|move|p2b: Luck|Salt Cure|p1b: GrAss Blaster\n|-supereffective|p1b: GrAss Blaster\n|-damage|p1b: GrAss Blaster|19\/100\n|-start|p1b: GrAss Blaster|Salt Cure\n|move|p1a: dong|Body Press|p2a: Magna\n|-resisted|p2a: Magna\n|-damage|p2a: Magna|11\/100\n|\n|-damage|p1b: GrAss Blaster|7\/100|[from] Salt Cure\n|-damage|p1a: dong|22\/100 par|[from] Salt Cure\n|upkeep\n|turn|12\n|inactive|chipp zanuff 7 has 30 seconds left.\n|inactive|chipp zanuff 7 has 20 seconds left.\n|inactive|chipp zanuff 7 has 15 seconds left.\n|inactive|chipp zanuff 7 has 10 seconds left.\n|\n|t:|1682975078\n|switch|p2a: Yuno|Iron Hands, L50|75\/100\n|switch|p1a: Friend|Amoonguss, L50, F|54\/100\n|-damage|p1a: Friend|41\/100|[from] Stealth Rock\n|move|p1b: GrAss Blaster|Shadow Sneak|p2b: Luck\n|-supereffective|p2b: Luck\n|-damage|p2b: Luck|85\/100\n|move|p2b: Luck|Salt Cure|p1a: Friend\n|-damage|p1a: Friend|31\/100\n|-start|p1a: Friend|Salt Cure\n|\n|-heal|p2b: Luck|91\/100|[from] item: Leftovers\n|-heal|p1a: Friend|38\/100|[from] item: Leftovers\n|-damage|p1b: GrAss Blaster|0 fnt|[from] Salt Cure\n|faint|p1b: GrAss Blaster\n|-damage|p1a: Friend|25\/100|[from] Salt Cure\n|upkeep\n|\n|t:|1682975092\n|switch|p1b: Fearful Leader|Iron Bundle, L50, tera:Ghost|100\/100\n|-damage|p1b: Fearful Leader|88\/100|[from] Stealth Rock\n|turn|13\n|c|\u2606N8zaGr8|yeah, there's no way I'm breaking through this garg haha\n|c|\u2606N8zaGr8|gg\n|c|\u2606chipp zanuff 7|gg\n|\n|t:|1682975113\n|switch|p1a: dong|Bronzong, L50|22\/100 par\n|-damage|p1a: dong|16\/100 par|[from] Stealth Rock\n|move|p2a: Yuno|Protect|p2a: Yuno\n|-singleturn|p2a: Yuno|Protect\n|move|p1b: Fearful Leader|Hydro Pump|p2b: Luck\n|-damage|p2b: Luck|53\/100\n|move|p2b: Luck|Salt Cure|p1b: Fearful Leader\n|-damage|p1b: Fearful Leader|73\/100\n|-start|p1b: Fearful Leader|Salt Cure\n|\n|-heal|p2b: Luck|59\/100|[from] item: Leftovers\n|-damage|p1b: Fearful Leader|61\/100|[from] Salt Cure\n|upkeep\n|turn|14\n|\n|t:|1682975127\n|switch|p1a: Friend|Amoonguss, L50, F|58\/100\n|-damage|p1a: Friend|46\/100|[from] Stealth Rock\n|move|p1b: Fearful Leader|Hydro Pump|p2b: Luck|[miss]\n|-miss|p1b: Fearful Leader|p2b: Luck\n|move|p2a: Yuno|Drain Punch|p1a: Friend\n|-resisted|p1a: Friend\n|-damage|p1a: Friend|28\/100\n|-heal|p2a: Yuno|83\/100|[from] drain|[of] p1a: Friend\n|move|p2b: Luck|Recover|p2b: Luck\n|-heal|p2b: Luck|100\/100\n|\n|-heal|p1a: Friend|35\/100|[from] item: Leftovers\n|-damage|p1b: Fearful Leader|49\/100|[from] Salt Cure\n|upkeep\n|turn|15\n|-message|N8zaGr8 forfeited.\n|\n|win|chipp zanuff 7\n|n|\u2606N8zaGr8|n8zagr8\n|n|\u2606chipp zanuff 7|chippzanuff7\n|n| Radio Free C-Side|radiofreecside\n|n| TJRaynes|tjraynes\n","uploadtime":1682975136,"views":14,"p1id":"n8zagr8","p2id":"chippzanuff7","formatid":"gen9vgc2023regulationc","rating":0,"private":0,"password":""}