{"id":"gen9vgc2023regulationc-1858658468","p1":"r2vgc","p2":"JollyGreenEvan","format":"[Gen 9] VGC 2023 Regulation C","log":"|j|\u2606r2vgc\n|j|\u2606JollyGreenEvan\n|t:|1683338507\n|gametype|doubles\n|player|p1|r2vgc|266|1153\n|player|p2|JollyGreenEvan|2|1061\n|teamsize|p1|6\n|teamsize|p2|6\n|gen|9\n|tier|[Gen 9] VGC 2023 Regulation C\n|rated|\n|rule|Species Clause: Limit one of each Pok\u00e9mon\n|rule|Item Clause: Limit one of each item\n|clearpoke\n|poke|p1|Maushold-Four, L50|\n|poke|p1|Annihilape, L50, F|\n|poke|p1|Gholdengo, L50|\n|poke|p1|Murkrow, L50, M|\n|poke|p1|Garchomp, L50, F|\n|poke|p1|Gyarados, L50, F|\n|poke|p2|Flutter Mane, L50|\n|poke|p2|Meowscarada, L50, M|\n|poke|p2|Chien-Pao, L50|\n|poke|p2|Gholdengo, L50|\n|poke|p2|Ting-Lu, L50|\n|poke|p2|Iron Bundle, L50|\n|teampreview|4\nr2vgc has agreed to open team sheets.\nJollyGreenEvan has agreed to open team sheets.\n|\n|t:|1683338581\n|start\n|switch|p1a: Murkrow|Murkrow, L50, M|100\/100\n|switch|p1b: Garchomp|Garchomp, L50, F|100\/100\n|switch|p2a: Iron Bundle|Iron Bundle, L50|100\/100\n|switch|p2b: Ting-Lu|Ting-Lu, L50|100\/100\n|-ability|p2b: Ting-Lu|Vessel of Ruin\n|turn|1\n|\n|t:|1683338630\n|-terastallize|p1b: Garchomp|Steel\n|move|p1a: Murkrow|Tailwind|p1a: Murkrow\n|-sidestart|p1: r2vgc|move: Tailwind\n|move|p1b: Garchomp|Earthquake|p2b: Ting-Lu|[spread] p2a,p2b\n|-immune|p1a: Murkrow\n|-damage|p2a: Iron Bundle|55\/100\n|-damage|p2b: Ting-Lu|79\/100\n|move|p2a: Iron Bundle|Freeze-Dry|p1b: Garchomp\n|-resisted|p1b: Garchomp\n|-damage|p1b: Garchomp|81\/100\n|move|p2b: Ting-Lu|Heavy Slam|p1a: Murkrow\n|-damage|p1a: Murkrow|0 fnt\n|faint|p1a: Murkrow\n|-damage|p2b: Ting-Lu|69\/100|[from] item: Life Orb\n|\n|upkeep\n|\n|t:|1683338649\n|switch|p1a: Panda|Annihilape, L50, F|100\/100\n|turn|2\n|\n|t:|1683338682\n|move|p1b: Garchomp|Rock Slide|p2a: Iron Bundle|[spread] p2a,p2b\n|-supereffective|p2a: Iron Bundle\n|-resisted|p2b: Ting-Lu\n|-damage|p2a: Iron Bundle|4\/100\n|-damage|p2b: Ting-Lu|63\/100\n|move|p1a: Panda|Bulk Up|p1a: Panda\n|-boost|p1a: Panda|atk|1\n|-boost|p1a: Panda|def|1\n|move|p2a: Iron Bundle|Freeze-Dry|p1a: Panda\n|-damage|p1a: Panda|70\/100\n|cant|p2b: Ting-Lu|flinch\n|\n|-heal|p1a: Panda|76\/100|[from] item: Leftovers\n|upkeep\n|turn|3\n|\n|t:|1683338699\n|move|p1b: Garchomp|Rock Slide|p2b: Ting-Lu|[spread] p2a,p2b\n|-supereffective|p2a: Iron Bundle\n|-resisted|p2b: Ting-Lu\n|-damage|p2a: Iron Bundle|0 fnt\n|-damage|p2b: Ting-Lu|58\/100\n|faint|p2a: Iron Bundle\n|-end|p2a: Iron Bundle|Quark Drive|[silent]\n|move|p1a: Panda|Drain Punch|p2b: Ting-Lu\n|-supereffective|p2b: Ting-Lu\n|-damage|p2b: Ting-Lu|5\/100\n|-heal|p1a: Panda|100\/100|[from] drain|[of] p2b: Ting-Lu\n|move|p2b: Ting-Lu|Stomping Tantrum|p1b: Garchomp\n|-supereffective|p1b: Garchomp\n|-damage|p1b: Garchomp|0 fnt\n|-damage|p2b: Ting-Lu|0 fnt|[from] ability: Rough Skin|[of] p1b: Garchomp\n|faint|p1b: Garchomp\n|faint|p2b: Ting-Lu\n|\n|upkeep\n|\n|t:|1683338713\n|switch|p2a: Chien-Pao|Chien-Pao, L50|100\/100\n|switch|p1b: Natters|Maushold-Four, L50|100\/100\n|switch|p2b: Flutter Mane|Flutter Mane, L50|100\/100\n|-ability|p2a: Chien-Pao|Sword of Ruin\n|-enditem|p2b: Flutter Mane|Booster Energy\n|-activate|p2b: Flutter Mane|ability: Protosynthesis|[fromitem]\n|-start|p2b: Flutter Mane|protosynthesisspe\n|turn|4\n|\n|t:|1683338741\n|-terastallize|p2a: Chien-Pao|Fighting\n|move|p1b: Natters|Follow Me|p1b: Natters\n|-singleturn|p1b: Natters|move: Follow Me\n|move|p2b: Flutter Mane|Shadow Ball|p1b: Natters\n|-immune|p1b: Natters\n|move|p1a: Panda|Rage Fist|p2b: Flutter Mane\n|-supereffective|p2b: Flutter Mane\n|-damage|p2b: Flutter Mane|0 fnt\n|faint|p2b: Flutter Mane\n|-end|p2b: Flutter Mane|Protosynthesis|[silent]\n|move|p2a: Chien-Pao|Sacred Sword|p1b: Natters\n|-supereffective|p1b: Natters\n|-damage|p1b: Natters|0 fnt\n|faint|p1b: Natters\n|\n|-sideend|p1: r2vgc|move: Tailwind\n|upkeep\n|turn|5\n|\n|t:|1683338780\n|move|p2a: Chien-Pao|Sacred Sword|p1a: Panda\n|-immune|p1a: Panda\n|move|p1a: Panda|Rage Fist|p2a: Chien-Pao\n|-damage|p2a: Chien-Pao|6\/100\n|\n|upkeep\n|turn|6\n|\n|t:|1683338796\n|move|p2a: Chien-Pao|Sucker Punch|p1a: Panda\n|-damage|p1a: Panda|68\/100\n|move|p1a: Panda|Drain Punch|p2a: Chien-Pao\n|-damage|p2a: Chien-Pao|0 fnt\n|-heal|p1a: Panda|70\/100|[from] drain|[of] p2a: Chien-Pao\n|faint|p2a: Chien-Pao\n|\n|win|r2vgc\n|raw|r2vgc's rating: 1153 → 1172<\/strong> (+19 for winning)\n|raw|JollyGreenEvan's rating: 1061 → 1047<\/strong> (-14 for losing)\n","uploadtime":1683338805,"views":18,"p1id":"r2vgc","p2id":"jollygreenevan","formatid":"gen9vgc2023regulationc","rating":1047,"private":0,"password":""}