{"id":"gen9vgc2023regulationc-1853181733","p1":"swordkings2","p2":"SASARYU","format":"[Gen 9] VGC 2023 Regulation C","log":"|j|\u2606swordkings2\n|j|\u2606SASARYU\n|t:|1682645273\n|gametype|doubles\n|player|p1|swordkings2|red|1076\n|player|p2|SASARYU|266|1043\n|teamsize|p1|6\n|teamsize|p2|6\n|gen|9\n|tier|[Gen 9] VGC 2023 Regulation C\n|rated|\n|rule|Species Clause: Limit one of each Pok\u00e9mon\n|rule|Item Clause: Limit one of each item\n|clearpoke\n|poke|p1|Ting-Lu, L50|\n|poke|p1|Flutter Mane, L50|\n|poke|p1|Palafin, L50, F|\n|poke|p1|Gholdengo, L50|\n|poke|p1|Murkrow, L50, M|\n|poke|p1|Maushold, L50|\n|poke|p2|Ting-Lu, L50|\n|poke|p2|Murkrow, L50, M|\n|poke|p2|Roaring Moon, L50|\n|poke|p2|Volcarona, L50, M|\n|poke|p2|Raichu, L50, M|\n|poke|p2|Meowscarada, L50, M|\n|teampreview|4\nswordkings2 rejected open team sheets.\n|j| iboredashell\n|\n|t:|1682645312\n|start\n|switch|p1a: Murkrow|Murkrow, L50, M|100\/100\n|switch|p1b: Ting-Lu|Ting-Lu, L50|100\/100\n|switch|p2a: Murkrow|Murkrow, L50, M|100\/100\n|switch|p2b: Ting-Lu|Ting-Lu, L50|100\/100\n|-ability|p2b: Ting-Lu|Vessel of Ruin\n|-ability|p1b: Ting-Lu|Vessel of Ruin\n|turn|1\n|\n|t:|1682645343\n|move|p2a: Murkrow|Tailwind|p2a: Murkrow\n|-sidestart|p2: SASARYU|move: Tailwind\n|move|p1a: Murkrow|Tailwind|p1a: Murkrow\n|-sidestart|p1: swordkings2|move: Tailwind\n|move|p2b: Ting-Lu|Taunt|p1a: Murkrow\n|-start|p1a: Murkrow|move: Taunt\n|move|p1b: Ting-Lu|Fissure|p2b: Ting-Lu|[miss]\n|-miss|p1b: Ting-Lu|p2b: Ting-Lu\n|\n|upkeep\n|turn|2\n|\n|t:|1682645359\n|move|p2a: Murkrow|Quash|p1b: Ting-Lu\n|-hint|Since gen 7, Dark is immune to Prankster moves.\n|-immune|p1b: Ting-Lu\n|move|p1a: Murkrow|Icy Wind|p2b: Ting-Lu|[spread] p2a,p2b\n|-supereffective|p2a: Murkrow\n|-supereffective|p2b: Ting-Lu\n|-damage|p2a: Murkrow|86\/100\n|-damage|p2b: Ting-Lu|92\/100\n|-unboost|p2a: Murkrow|spe|1\n|-unboost|p2b: Ting-Lu|spe|1\n|move|p1b: Ting-Lu|Fissure|p2b: Ting-Lu|[miss]\n|-miss|p1b: Ting-Lu|p2b: Ting-Lu\n|move|p2b: Ting-Lu|Fissure|p1b: Ting-Lu|[miss]\n|-miss|p2b: Ting-Lu|p1b: Ting-Lu\n|\n|upkeep\n|turn|3\n|c| iboredashell|ayo\n|\n|t:|1682645382\n|move|p2a: Murkrow|Quash|p1b: Ting-Lu\n|-hint|Since gen 7, Dark is immune to Prankster moves.\n|-immune|p1b: Ting-Lu\n|move|p1a: Murkrow|Icy Wind|p2a: Murkrow|[spread] p2a,p2b\n|-supereffective|p2a: Murkrow\n|-supereffective|p2b: Ting-Lu\n|-damage|p2a: Murkrow|72\/100\n|-damage|p2b: Ting-Lu|83\/100\n|-unboost|p2a: Murkrow|spe|1\n|-unboost|p2b: Ting-Lu|spe|1\n|move|p1b: Ting-Lu|Fissure|p2b: Ting-Lu|[miss]\n|-miss|p1b: Ting-Lu|p2b: Ting-Lu\n|move|p2b: Ting-Lu|Fissure|p1b: Ting-Lu\n|-damage|p1b: Ting-Lu|0 fnt\n|faint|p1b: Ting-Lu\n|-ohko\n|\n|upkeep\n|\n|t:|1682645397\n|switch|p1b: Flutter Mane|Flutter Mane, L50|100\/100\n|turn|4\n|c| iboredashell|ooo\n|\n|t:|1682645408\n|-terastallize|p1b: Flutter Mane|Fairy\n|move|p2b: Ting-Lu|Protect|p2b: Ting-Lu\n|-singleturn|p2b: Ting-Lu|Protect\n|move|p2a: Murkrow|Haze|p2a: Murkrow\n|-clearallboost\n|move|p1b: Flutter Mane|Moonblast|p2b: Ting-Lu\n|-activate|p2b: Ting-Lu|move: Protect\n|move|p1a: Murkrow|Icy Wind|p2b: Ting-Lu|[spread] p2a\n|-activate|p2b: Ting-Lu|move: Protect\n|-supereffective|p2a: Murkrow\n|-damage|p2a: Murkrow|59\/100\n|-unboost|p2a: Murkrow|spe|1\n|\n|-end|p1a: Murkrow|move: Taunt\n|-sideend|p2: SASARYU|move: Tailwind\n|-sideend|p1: swordkings2|move: Tailwind\n|upkeep\n|turn|5\n|c| iboredashell|mmmmmmmmmmmmmhhhhhhhh\n|\n|t:|1682645438\n|move|p1a: Murkrow|Tailwind|p1a: Murkrow\n|-sidestart|p1: swordkings2|move: Tailwind\n|move|p2a: Murkrow|Tailwind|p2a: Murkrow\n|-sidestart|p2: SASARYU|move: Tailwind\n|move|p1b: Flutter Mane|Moonblast|p2b: Ting-Lu\n|-supereffective|p2b: Ting-Lu\n|-damage|p2b: Ting-Lu|18\/100\n|-enditem|p2b: Ting-Lu|Sitrus Berry|[eat]\n|-heal|p2b: Ting-Lu|42\/100|[from] item: Sitrus Berry\n|move|p2b: Ting-Lu|Stomping Tantrum|p1b: Flutter Mane\n|-damage|p1b: Flutter Mane|24\/100\n|\n|upkeep\n|turn|6\n|c| iboredashell|tailwind\n|\n|t:|1682645468\n|move|p2a: Murkrow|Quash|p1b: Flutter Mane\n|-activate|p1b: Flutter Mane|move: Quash\n|move|p1a: Murkrow|Icy Wind|p2a: Murkrow|[spread] p2a,p2b\n|-supereffective|p2a: Murkrow\n|-supereffective|p2b: Ting-Lu\n|-crit|p2b: Ting-Lu\n|-damage|p2a: Murkrow|45\/100\n|-damage|p2b: Ting-Lu|28\/100\n|-unboost|p2a: Murkrow|spe|1\n|-unboost|p2b: Ting-Lu|spe|1\n|move|p2b: Ting-Lu|Fissure|p1b: Flutter Mane|[miss]\n|-miss|p2b: Ting-Lu|p1b: Flutter Mane\n|move|p1b: Flutter Mane|Moonblast|p2b: Ting-Lu\n|-supereffective|p2b: Ting-Lu\n|-damage|p2b: Ting-Lu|0 fnt\n|faint|p2b: Ting-Lu\n|\n|upkeep\n|c| iboredashell|nice play\n|\n|t:|1682645484\n|switch|p2b: Volcarona|Volcarona, L50, M|100\/100\n|turn|7\n|\n|t:|1682645493\n|move|p2a: Murkrow|Protect|p2a: Murkrow\n|-singleturn|p2a: Murkrow|Protect\n|move|p1b: Flutter Mane|Protect|p1b: Flutter Mane\n|-singleturn|p1b: Flutter Mane|Protect\n|move|p2b: Volcarona|Protect|p2b: Volcarona\n|-singleturn|p2b: Volcarona|Protect\n|move|p1a: Murkrow|Taunt|p2b: Volcarona\n|-activate|p2b: Volcarona|move: Protect\n|\n|upkeep\n|turn|8\n|\n|t:|1682645511\n|move|p1a: Murkrow|Taunt|p2b: Volcarona\n|-start|p2b: Volcarona|move: Taunt\n|move|p2a: Murkrow|Haze|p2a: Murkrow\n|-clearallboost\n|move|p1b: Flutter Mane|Moonblast|p2a: Murkrow\n|-supereffective|p2a: Murkrow\n|-damage|p2a: Murkrow|0 fnt\n|faint|p2a: Murkrow\n|move|p2b: Volcarona|Overheat|p1b: Flutter Mane\n|-damage|p1b: Flutter Mane|0 fnt\n|-unboost|p2b: Volcarona|spa|2\n|faint|p1b: Flutter Mane\n|-end|p1b: Flutter Mane|Protosynthesis|[silent]\n|\n|-sideend|p1: swordkings2|move: Tailwind\n|-sideend|p2: SASARYU|move: Tailwind\n|upkeep\n|\n|t:|1682645526\n|switch|p1b: Palafin|Palafin, L50, F|100\/100\n|switch|p2a: Roaring Moon|Roaring Moon, L50|100\/100\n|-enditem|p2a: Roaring Moon|Booster Energy\n|-activate|p2a: Roaring Moon|ability: Protosynthesis|[fromitem]\n|-start|p2a: Roaring Moon|protosynthesisatk\n|turn|9\n|\n|t:|1682645541\n|move|p1a: Murkrow|Tailwind|p1a: Murkrow\n|-sidestart|p1: swordkings2|move: Tailwind\n|move|p1b: Palafin|Close Combat|p2a: Roaring Moon\n|-supereffective|p2a: Roaring Moon\n|-damage|p2a: Roaring Moon|32\/100\n|-unboost|p1b: Palafin|def|1\n|-unboost|p1b: Palafin|spd|1\n|move|p2a: Roaring Moon|Dragon Dance|p2a: Roaring Moon\n|-boost|p2a: Roaring Moon|atk|1\n|-boost|p2a: Roaring Moon|spe|1\n|move|p2b: Volcarona|Bug Buzz|p1a: Murkrow\n|-damage|p1a: Murkrow|77\/100\n|\n|upkeep\n|turn|10\n|\n|t:|1682645564\n|-terastallize|p2a: Roaring Moon|Dragon\n|move|p1a: Murkrow|Taunt|p2a: Roaring Moon\n|-start|p2a: Roaring Moon|move: Taunt\n|move|p1b: Palafin|Close Combat|p2a: Roaring Moon\n|-damage|p2a: Roaring Moon|0 fnt\n|-unboost|p1b: Palafin|def|1\n|-unboost|p1b: Palafin|spd|1\n|faint|p2a: Roaring Moon\n|-end|p2a: Roaring Moon|Protosynthesis|[silent]\n|move|p2b: Volcarona|Bug Buzz|p1a: Murkrow\n|-damage|p1a: Murkrow|55\/100\n|\n|-end|p2b: Volcarona|move: Taunt\n|upkeep\n|turn|11\n|\n|t:|1682645588\n|move|p1b: Palafin|Jet Punch|p2b: Volcarona\n|-supereffective|p2b: Volcarona\n|-damage|p2b: Volcarona|38\/100\n|-damage|p1b: Palafin|84\/100|[from] item: Rocky Helmet|[of] p2b: Volcarona\n|move|p1a: Murkrow|Haze|p1a: Murkrow\n|-clearallboost\n|move|p2b: Volcarona|Bug Buzz|p1a: Murkrow\n|-damage|p1a: Murkrow|12\/100\n|\n|upkeep\n|turn|12\n|c| iboredashell|wait\n|c| iboredashell|a\n|\n|t:|1682645603\n|move|p1b: Palafin|Jet Punch|p2b: Volcarona\n|-supereffective|p2b: Volcarona\n|-damage|p2b: Volcarona|0 fnt\n|-damage|p1b: Palafin|68\/100|[from] item: Rocky Helmet|[of] p2b: Volcarona\n|faint|p2b: Volcarona\n|\n|win|swordkings2\n|raw|swordkings2's rating: 1076 → 1102<\/strong> (+26 for winning)\n|raw|SASARYU's rating: 1043 → 1028<\/strong> (-15 for losing)\n|c| iboredashell|second\n|c|\u2606swordkings2|gg\n","uploadtime":1682645609,"views":10,"p1id":"swordkings2","p2id":"sasaryu","formatid":"gen9vgc2023regulationc","rating":1028,"private":0,"password":""}