{"id":"gen9vgc2023regulationc-1847303614","p1":"xxxxyikeyikexxxx","p2":"tukeydukey","format":"[Gen 9] VGC 2023 Regulation C","log":"|j|\u2606xxxxyikeyikexxxx\n|j|\u2606tukeydukey\n|t:|1681936465\n|gametype|doubles\n|player|p1|xxxxyikeyikexxxx|265|1078\n|player|p2|tukeydukey|elesa|1104\n|teamsize|p1|6\n|teamsize|p2|6\n|gen|9\n|tier|[Gen 9] VGC 2023 Regulation C\n|rated|\n|rule|Species Clause: Limit one of each Pok\u00e9mon\n|rule|Item Clause: Limit one of each item\n|clearpoke\n|poke|p1|Arcanine, L50, F|\n|poke|p1|Gyarados, L50, F|\n|poke|p1|Amoonguss, L50, M|\n|poke|p1|Flutter Mane, L50|\n|poke|p1|Baxcalibur, L50, M|\n|poke|p1|Scizor, L50, F|\n|poke|p2|Chi-Yu, L50|\n|poke|p2|Iron Bundle, L50|\n|poke|p2|Amoonguss, L50, M|\n|poke|p2|Arcanine, L50, F|\n|poke|p2|Iron Hands, L50|\n|poke|p2|Palafin, L50, F|\n|teampreview|4\n|inactive|Battle timer is ON: inactive players will automatically lose when time's up. (requested by tukeydukey)\n|inactive|xxxxyikeyikexxxx has 60 seconds left.\n|inactive|xxxxyikeyikexxxx has 30 seconds left.\n|\n|t:|1681936533\n|start\n|switch|p1a: Arcanine|Arcanine, L50, F|100\/100\n|switch|p1b: Scizor|Scizor, L50, F|100\/100\n|switch|p2a: Chi-Yu|Chi-Yu, L50|100\/100\n|switch|p2b: Iron Hands|Iron Hands, L50|100\/100\n|-ability|p1a: Arcanine|Intimidate|boost\n|-unboost|p2a: Chi-Yu|atk|1\n|-unboost|p2b: Iron Hands|atk|1\n|-ability|p2a: Chi-Yu|Beads of Ruin\n|turn|1\n|\n|t:|1681936550\n|move|p1b: Scizor|Protect|p1b: Scizor\n|-singleturn|p1b: Scizor|Protect\n|move|p2b: Iron Hands|Fake Out|p1a: Arcanine\n|-damage|p1a: Arcanine|89\/100\n|cant|p1a: Arcanine|flinch\n|move|p2a: Chi-Yu|Heat Wave|p1a: Arcanine|[spread] p1a\n|-activate|p1b: Scizor|move: Protect\n|-resisted|p1a: Arcanine\n|-damage|p1a: Arcanine|63\/100\n|\n|upkeep\n|turn|2\n|inactive|xxxxyikeyikexxxx has 30 seconds left.\n|\n|t:|1681936585\n|switch|p1b: Baxcalibur|Baxcalibur, L50, M|100\/100\n|move|p1a: Arcanine|Will-O-Wisp|p2b: Iron Hands\n|-status|p2b: Iron Hands|brn\n|move|p2a: Chi-Yu|Heat Wave|p1b: Baxcalibur|[spread] p1a,p1b\n|-resisted|p1a: Arcanine\n|-damage|p1a: Arcanine|34\/100\n|-damage|p1b: Baxcalibur|52\/100\n|-ability|p1b: Baxcalibur|Thermal Exchange|boost\n|-boost|p1b: Baxcalibur|atk|1\n|move|p2b: Iron Hands|Volt Switch|p1b: Baxcalibur\n|-resisted|p1b: Baxcalibur\n|-damage|p1b: Baxcalibur|44\/100\n|\n|t:|1681936597\n|-end|p2b: Iron Hands|Quark Drive|[silent]\n|switch|p2b: Arcanine|Arcanine, L50, F|100\/100|[from] Volt Switch\n|-ability|p2b: Arcanine|Intimidate|boost\n|-unboost|p1a: Arcanine|atk|1\n|-fail|p1b: Baxcalibur|unboost|[from] item: Clear Amulet|[of] p1b: Baxcalibur\n|\n|upkeep\n|turn|3\n|\n|t:|1681936611\n|move|p1b: Baxcalibur|Protect|p1b: Baxcalibur\n|-singleturn|p1b: Baxcalibur|Protect\n|move|p1a: Arcanine|Howl|p1a: Arcanine|[spread] p1a,p1b\n|-boost|p1a: Arcanine|atk|1\n|-boost|p1b: Baxcalibur|atk|1\n|move|p2a: Chi-Yu|Heat Wave|p1b: Baxcalibur|[spread] p1a\n|-activate|p1b: Baxcalibur|move: Protect\n|-resisted|p1a: Arcanine\n|-damage|p1a: Arcanine|7\/100\n|move|p2b: Arcanine|Flare Blitz|p1b: Baxcalibur\n|-activate|p1b: Baxcalibur|move: Protect\n|\n|upkeep\n|turn|4\n|inactive|xxxxyikeyikexxxx has 30 seconds left.\n|\n|t:|1681936644\n|-terastallize|p1b: Baxcalibur|Poison\n|move|p1b: Baxcalibur|Ice Shard|p2a: Chi-Yu\n|-resisted|p2a: Chi-Yu\n|-damage|p2a: Chi-Yu|58\/100\n|move|p1a: Arcanine|Howl|p1a: Arcanine|[spread] p1a,p1b\n|-boost|p1a: Arcanine|atk|1\n|-boost|p1b: Baxcalibur|atk|1\n|move|p2a: Chi-Yu|Dark Pulse|p1b: Baxcalibur\n|-damage|p1b: Baxcalibur|0 fnt\n|faint|p1b: Baxcalibur\n|move|p2b: Arcanine|Flare Blitz|p1a: Arcanine\n|-resisted|p1a: Arcanine\n|-damage|p1a: Arcanine|0 fnt\n|faint|p1a: Arcanine\n|-damage|p2b: Arcanine|98\/100|[from] Recoil\n|\n|upkeep\n|\n|t:|1681936650\n|switch|p1a: Scizor|Scizor, L50, F|100\/100\n|switch|p1b: Flutter Mane|Flutter Mane, L50|100\/100\n|turn|5\n|\n|t:|1681936674\n|switch|p2a: Amoonguss|Amoonguss, L50, M|100\/100\n|move|p2b: Arcanine|Protect|p2b: Arcanine\n|-singleturn|p2b: Arcanine|Protect\n|move|p1a: Scizor|Bullet Punch|p2a: Amoonguss\n|-damage|p2a: Amoonguss|73\/100\n|move|p1b: Flutter Mane|Dazzling Gleam|p2b: Arcanine|[spread] p2a\n|-activate|p2b: Arcanine|move: Protect\n|-resisted|p2a: Amoonguss\n|-damage|p2a: Amoonguss|53\/100\n|\n|upkeep\n|turn|6\n|\n|t:|1681936689\n|move|p1b: Flutter Mane|Dazzling Gleam|p2b: Arcanine|[spread] p2a,p2b\n|-resisted|p2a: Amoonguss\n|-resisted|p2b: Arcanine\n|-damage|p2a: Amoonguss|32\/100\n|-damage|p2b: Arcanine|74\/100\n|move|p2b: Arcanine|Flare Blitz|p1a: Scizor\n|-supereffective|p1a: Scizor\n|-enditem|p1a: Scizor|Focus Sash\n|-damage|p1a: Scizor|1\/100\n|-damage|p2b: Arcanine|45\/100|[from] Recoil\n|move|p1a: Scizor|U-turn|p2a: Amoonguss\n|-damage|p2a: Amoonguss|2\/100\n|-enditem|p2a: Amoonguss|Wiki Berry|[eat]\n|-heal|p2a: Amoonguss|35\/100|[from] item: Wiki Berry\n|move|p2a: Amoonguss|Spore|p1b: Flutter Mane\n|-status|p1b: Flutter Mane|slp|[from] move: Spore\n|\n|upkeep\n|turn|7\n|\n|t:|1681936706\n|move|p1a: Scizor|Protect|p1a: Scizor\n|-singleturn|p1a: Scizor|Protect\n|move|p2b: Arcanine|Extreme Speed|p1a: Scizor\n|-activate|p1a: Scizor|move: Protect\n|cant|p1b: Flutter Mane|slp\n|move|p2a: Amoonguss|Pollen Puff|p2b: Arcanine\n|-heal|p2b: Arcanine|95\/100\n|\n|upkeep\n|turn|8\n|\n|t:|1681936715\n|switch|p2a: Iron Hands|Iron Hands, L50|100\/100 brn\n|move|p2b: Arcanine|Extreme Speed|p1a: Scizor\n|-resisted|p1a: Scizor\n|-damage|p1a: Scizor|0 fnt\n|faint|p1a: Scizor\n|cant|p1b: Flutter Mane|slp\n|\n|-damage|p2a: Iron Hands|94\/100 brn|[from] brn\n|upkeep\n|turn|9\n|\n|t:|1681936731\n|-curestatus|p1b: Flutter Mane|slp|[msg]\n|move|p1b: Flutter Mane|Dazzling Gleam|p2b: Arcanine|[spread] p2a,p2b\n|-supereffective|p2a: Iron Hands\n|-resisted|p2b: Arcanine\n|-damage|p2a: Iron Hands|44\/100 brn\n|-damage|p2b: Arcanine|72\/100\n|move|p2b: Arcanine|Flare Blitz|p1b: Flutter Mane\n|-damage|p1b: Flutter Mane|0 fnt\n|faint|p1b: Flutter Mane\n|-end|p1b: Flutter Mane|Protosynthesis|[silent]\n|-damage|p2b: Arcanine|50\/100|[from] Recoil\n|\n|win|tukeydukey\n|raw|xxxxyikeyikexxxx's rating: 1078 → 1058<\/strong> (-20 for losing)\n|raw|tukeydukey's rating: 1104 → 1127<\/strong> (+23 for winning)\n|l|\u2606xxxxyikeyikexxxx\n","uploadtime":1681936743,"views":8,"p1id":"xxxxyikeyikexxxx","p2id":"tukeydukey","formatid":"gen9vgc2023regulationc","rating":1058,"private":0,"password":""}