{"id":"gen9vgc2023regulationc-1846916878","p1":"Athene_HF","p2":"Vall_NB","format":"[Gen 9] VGC 2023 Regulation C","log":"|j|\u2606Athene_HF\n|j|\u2606Vall_NB\n|t:|1681900594\n|gametype|doubles\n|player|p1|Athene_HF|beauty|\n|player|p2|Vall_NB|acetrainerf-gen4dp|\n|teamsize|p1|6\n|teamsize|p2|6\n|gen|9\n|tier|[Gen 9] VGC 2023 Regulation C\n|rule|Species Clause: Limit one of each Pok\u00e9mon\n|rule|Item Clause: Limit one of each item\n|clearpoke\n|poke|p1|Slaking, L50, F|\n|poke|p1|Grafaiai, L50, F|\n|poke|p1|Slither Wing, L50|\n|poke|p1|Gengar, L50, F|\n|poke|p1|Maushold, L50|\n|poke|p1|Dudunsparce-*, L50, F|\n|poke|p2|Volcarona, L50, F|\n|poke|p2|Florges-Blue, L50, F|\n|poke|p2|Blissey, L50, F|\n|poke|p2|Salamence, L50, F|\n|poke|p2|Gyarados, L50, M|\n|poke|p2|Scream Tail, L50|\n|teampreview|4\n|inactive|Battle timer is ON: inactive players will automatically lose when time's up. (requested by Vall_NB)\nVall_NB has agreed to open team sheets.\n|\n|t:|1681900607\n|start\n|switch|p1a: Slaking|Slaking, L50, F|100\/100\n|switch|p1b: Grafaiai|Grafaiai, L50, F|100\/100\n|switch|p2a: Volcarona|Volcarona, L50, F|100\/100\n|switch|p2b: Florges|Florges-Blue, L50, F|100\/100\n|turn|1\n|\n|t:|1681900628\n|-terastallize|p2a: Volcarona|Dark\n|move|p2a: Volcarona|Rage Powder|p2a: Volcarona\n|-singleturn|p2a: Volcarona|move: Rage Powder\n|move|p1b: Grafaiai|Doodle|p2a: Volcarona\n|-hint|Since gen 7, Dark is immune to Prankster moves.\n|-immune|p2a: Volcarona\n|move|p1a: Slaking|Body Slam|p2a: Volcarona\n|-damage|p2a: Volcarona|44\/100\n|-damage|p1a: Slaking|91\/100|[from] item: Life Orb\n|move|p2b: Florges|Psychic|p1b: Grafaiai\n|-supereffective|p1b: Grafaiai\n|-damage|p1b: Grafaiai|32\/100\n|-damage|p2b: Florges|91\/100|[from] item: Life Orb\n|\n|upkeep\n|turn|2\n|inactive|Athene_HF has 30 seconds left.\n|inactive|Vall_NB has 30 seconds left.\n|inactive|Athene_HF has 20 seconds left.\n|\n|t:|1681900666\n|move|p1b: Grafaiai|Parting Shot|p2b: Florges\n|-unboost|p2b: Florges|atk|1\n|-unboost|p2b: Florges|spa|1\n|inactiveoff|Battle timer is now OFF.\n|\n|t:|1681900680\n|switch|p1b: Gengar|Gengar, L50, F|100\/100|[from] Parting Shot\n|cant|p1a: Slaking|ability: Truant\n|move|p2b: Florges|Psychic|p1b: Gengar\n|-supereffective|p1b: Gengar\n|-damage|p1b: Gengar|26\/100\n|-damage|p2b: Florges|81\/100|[from] item: Life Orb\n|move|p2a: Volcarona|Will-O-Wisp|p1a: Slaking\n|-status|p1a: Slaking|brn\n|\n|-damage|p1a: Slaking|84\/100 brn|[from] brn\n|upkeep\n|turn|3\n|\n|t:|1681900726\n|move|p2a: Volcarona|Rage Powder|p2a: Volcarona\n|-singleturn|p2a: Volcarona|move: Rage Powder\n|move|p1b: Gengar|Sludge Bomb|p2a: Volcarona\n|-damage|p2a: Volcarona|0 fnt\n|faint|p2a: Volcarona\n|move|p1a: Slaking|Brick Break|p2b: Florges\n|-resisted|p2b: Florges\n|-damage|p2b: Florges|67\/100\n|-damage|p1a: Slaking|75\/100 brn|[from] item: Life Orb\n|move|p2b: Florges|Psychic|p1b: Gengar\n|-supereffective|p1b: Gengar\n|-damage|p1b: Gengar|0 fnt\n|faint|p1b: Gengar\n|-damage|p2b: Florges|57\/100|[from] item: Life Orb\n|\n|-damage|p1a: Slaking|68\/100 brn|[from] brn\n|upkeep\n|\n|t:|1681900741\n|switch|p1b: Slither Wing|Slither Wing, L50|100\/100\n|switch|p2a: Gyarados|Gyarados, L50, M|100\/100\n|-ability|p2a: Gyarados|Intimidate|boost\n|-unboost|p1a: Slaking|atk|1\n|-unboost|p1b: Slither Wing|atk|1\n|-enditem|p1b: Slither Wing|Booster Energy\n|-activate|p1b: Slither Wing|ability: Protosynthesis|[fromitem]\n|-start|p1b: Slither Wing|protosynthesisspd\n|turn|4\n|\n|t:|1681900766\n|switch|p2b: Scream Tail|Scream Tail, L50|100\/100\n|cant|p1a: Slaking|ability: Truant\n|move|p2a: Gyarados|Waterfall|p1a: Slaking\n|-damage|p1a: Slaking|36\/100 brn\n|move|p1b: Slither Wing|Stun Spore|p2b: Scream Tail|[miss]\n|-miss|p1b: Slither Wing|p2b: Scream Tail\n|\n|-damage|p1a: Slaking|30\/100 brn|[from] brn\n|upkeep\n|turn|5\n|\n|t:|1681900794\n|switch|p1a: Grafaiai|Grafaiai, L50, F|32\/100\n|switch|p2a: Florges|Florges-Blue, L50, F|57\/100\n|move|p2b: Scream Tail|Reflect|p2b: Scream Tail\n|-sidestart|p2: Vall_NB|Reflect\n|move|p1b: Slither Wing|Leech Life|p2b: Scream Tail\n|-damage|p2b: Scream Tail|87\/100\n|\n|upkeep\n|turn|6\n|\n|t:|1681900821\n|-end|p1b: Slither Wing|Protosynthesis|[silent]\n|switch|p1b: Slaking|Slaking, L50, F|30\/100 brn\n|move|p1a: Grafaiai|Doodle|p2a: Florges\n|-endability|p1a: Grafaiai|Prankster|[from] move: Doodle\n|-ability|p1a: Grafaiai|Flower Veil|[from] move: Doodle\n|-endability|p1b: Slaking|Truant|[from] move: Doodle\n|-ability|p1b: Slaking|Flower Veil|[from] move: Doodle\n|move|p2b: Scream Tail|Perish Song|p2b: Scream Tail\n|-start|p1a: Grafaiai|perish3|[silent]\n|-start|p1b: Slaking|perish3|[silent]\n|-start|p2a: Florges|perish3|[silent]\n|-start|p2b: Scream Tail|perish3|[silent]\n|-fieldactivate|move: Perish Song\n|move|p2a: Florges|Psychic|p1a: Grafaiai\n|-supereffective|p1a: Grafaiai\n|-damage|p1a: Grafaiai|0 fnt\n|faint|p1a: Grafaiai\n|-damage|p2a: Florges|47\/100|[from] item: Life Orb\n|\n|-damage|p1b: Slaking|24\/100 brn|[from] brn\n|-start|p2b: Scream Tail|perish3\n|-start|p1b: Slaking|perish3\n|-start|p2a: Florges|perish3\n|upkeep\n|\n|t:|1681900832\n|switch|p1a: Slither Wing|Slither Wing, L50|100\/100\n|turn|7\n|\n|t:|1681900846\n|move|p2b: Scream Tail|Perish Song|p2b: Scream Tail\n|-start|p1a: Slither Wing|perish3|[silent]\n|-fieldactivate|move: Perish Song\n|move|p1b: Slaking|Body Slam|p2a: Florges\n|-damage|p2a: Florges|11\/100\n|-damage|p1b: Slaking|14\/100 brn|[from] item: Life Orb\n|move|p2a: Florges|Dazzling Gleam|p1a: Slither Wing|[spread] p1a,p1b\n|-supereffective|p1a: Slither Wing\n|-damage|p1a: Slither Wing|52\/100\n|-damage|p1b: Slaking|0 fnt\n|faint|p1b: Slaking\n|-damage|p2a: Florges|1\/100|[from] item: Life Orb\n|move|p1a: Slither Wing|Leech Life|p2b: Scream Tail\n|-damage|p2b: Scream Tail|67\/100\n|-heal|p1a: Slither Wing|63\/100|[from] drain|[of] p2b: Scream Tail\n|\n|-start|p2b: Scream Tail|perish2\n|-start|p2a: Florges|perish2\n|-start|p1a: Slither Wing|perish3\n|upkeep\n|turn|8\n|\n|t:|1681900868\n|switch|p2a: Gyarados|Gyarados, L50, M|100\/100\n|-ability|p2a: Gyarados|Intimidate|boost\n|-unboost|p1a: Slither Wing|atk|1\n|move|p2b: Scream Tail|Dazzling Gleam|p1a: Slither Wing\n|-supereffective|p1a: Slither Wing\n|-damage|p1a: Slither Wing|37\/100\n|move|p1a: Slither Wing|Leech Life|p2b: Scream Tail\n|-damage|p2b: Scream Tail|54\/100\n|-heal|p1a: Slither Wing|45\/100|[from] drain|[of] p2b: Scream Tail\n|\n|-start|p2b: Scream Tail|perish1\n|-start|p1a: Slither Wing|perish2\n|upkeep\n|turn|9\n|\n|t:|1681900878\n|move|p2b: Scream Tail|Dazzling Gleam|p1a: Slither Wing\n|-supereffective|p1a: Slither Wing\n|-damage|p1a: Slither Wing|20\/100\n|move|p2a: Gyarados|Waterfall|p1a: Slither Wing\n|-damage|p1a: Slither Wing|0 fnt\n|faint|p1a: Slither Wing\n|-end|p1a: Slither Wing|Protosynthesis|[silent]\n|\n|win|Vall_NB\n|c|\u2606Athene_HF|oh i was not paying attention gg\n|c|\u2606Vall_NB|gg\n","uploadtime":1681901151,"views":17,"p1id":"athenehf","p2id":"vallnb","formatid":"gen9vgc2023regulationc","rating":0,"private":0,"password":""}