{"id":"gen9vgc2023regulationc-1845032100","p1":"That_Leek","p2":"saarmaster","format":"[Gen 9] VGC 2023 Regulation C","log":"|j|\u2606That_Leek\n|j|\u2606saarmaster\n|t:|1681676030\n|gametype|doubles\n|player|p1|That_Leek|blue|1223\n|player|p2|saarmaster|265|1307\n|teamsize|p1|6\n|teamsize|p2|6\n|gen|9\n|tier|[Gen 9] VGC 2023 Regulation C\n|rated|\n|rule|Species Clause: Limit one of each Pok\u00e9mon\n|rule|Item Clause: Limit one of each item\n|clearpoke\n|poke|p1|Tyranitar, L50, F|\n|poke|p1|Gothitelle, L50, F|\n|poke|p1|Gholdengo, L50|\n|poke|p1|Amoonguss, L50, F|\n|poke|p1|Azumarill, L50, F|\n|poke|p1|Arcanine, L50, F|\n|poke|p2|Houndstone, L50, M|\n|poke|p2|Tyranitar, L50, F|\n|poke|p2|Dragapult, L50, F|\n|poke|p2|Chien-Pao, L50|\n|poke|p2|Amoonguss, L50, M|\n|poke|p2|Roaring Moon, L50|\n|teampreview|4\nThat_Leek has agreed to open team sheets.\n|\n|t:|1681676087\n|start\n|switch|p1a: Gholdengo|Gholdengo, L50|100\/100\n|switch|p1b: Gothitelle|Gothitelle, L50, F|100\/100\n|switch|p2a: Dragapult|Dragapult, L50, F|100\/100\n|switch|p2b: Tyranitar|Tyranitar, L50, F|100\/100\n|-weather|Sandstorm|[from] ability: Sand Stream|[of] p2b: Tyranitar\n|turn|1\n|inactive|Battle timer is ON: inactive players will automatically lose when time's up. (requested by saarmaster)\n|inactive|saarmaster has 60 seconds left.\n|\n|t:|1681676125\n|move|p1b: Gothitelle|Fake Out|p2b: Tyranitar\n|-resisted|p2b: Tyranitar\n|-damage|p2b: Tyranitar|98\/100\n|move|p2a: Dragapult|Dragon Darts|p1b: Gothitelle\n|-damage|p1b: Gothitelle|64\/100\n|-anim|p2a: Dragapult|Dragon Darts|p1a: Gholdengo\n|-resisted|p1a: Gholdengo\n|-damage|p1a: Gholdengo|83\/100\n|cant|p2b: Tyranitar|flinch\n|move|p1a: Gholdengo|Make It Rain|p2b: Tyranitar|[spread] p2a,p2b\n|-supereffective|p2b: Tyranitar\n|-damage|p2a: Dragapult|11\/100\n|-damage|p2b: Tyranitar|46\/100\n|-unboost|p1a: Gholdengo|spa|1\n|-damage|p1a: Gholdengo|74\/100|[from] item: Life Orb\n|\n|-weather|Sandstorm|[upkeep]\n|-damage|p2a: Dragapult|5\/100|[from] Sandstorm\n|-damage|p1b: Gothitelle|58\/100|[from] Sandstorm\n|upkeep\n|turn|2\n|inactive|That_Leek has 30 seconds left.\n|inactive|saarmaster has 30 seconds left.\n|\n|t:|1681676159\n|switch|p2a: Amoonguss|Amoonguss, L50, M|100\/100\n|move|p2b: Tyranitar|Assurance|p1b: Gothitelle\n|-supereffective|p1b: Gothitelle\n|-damage|p1b: Gothitelle|0 fnt\n|faint|p1b: Gothitelle\n|move|p1a: Gholdengo|Make It Rain|p2b: Tyranitar|[spread] p2a,p2b\n|-supereffective|p2b: Tyranitar\n|-damage|p2a: Amoonguss|63\/100\n|-damage|p2b: Tyranitar|9\/100\n|-unboost|p1a: Gholdengo|spa|1\n|-damage|p1a: Gholdengo|64\/100|[from] item: Life Orb\n|\n|-weather|Sandstorm|[upkeep]\n|-damage|p2a: Amoonguss|58\/100|[from] Sandstorm\n|upkeep\n|\n|t:|1681676167\n|switch|p1b: Arcanine|Arcanine, L50, F|100\/100\n|-ability|p1b: Arcanine|Intimidate|boost\n|-unboost|p2a: Amoonguss|atk|1\n|-unboost|p2b: Tyranitar|atk|1\n|turn|3\n|\n|t:|1681676191\n|move|p2a: Amoonguss|Protect|p2a: Amoonguss\n|-singleturn|p2a: Amoonguss|Protect\n|move|p1b: Arcanine|Extreme Speed|p2b: Tyranitar\n|-resisted|p2b: Tyranitar\n|-damage|p2b: Tyranitar|0 fnt\n|faint|p2b: Tyranitar\n|move|p1a: Gholdengo|Nasty Plot|p1a: Gholdengo\n|-boost|p1a: Gholdengo|spa|2\n|\n|-weather|Sandstorm|[upkeep]\n|-damage|p2a: Amoonguss|52\/100|[from] Sandstorm\n|upkeep\n|\n|t:|1681676215\n|switch|p2b: Dragapult|Dragapult, L50, F|5\/100\n|turn|4\n|\n|t:|1681676228\n|switch|p1b: Azumarill|Azumarill, L50, F|100\/100\n|switch|p2a: Chien-Pao|Chien-Pao, L50|100\/100\n|-ability|p2a: Chien-Pao|Sword of Ruin\n|move|p1a: Gholdengo|Protect|p1a: Gholdengo\n|-singleturn|p1a: Gholdengo|Protect\n|move|p2b: Dragapult|Dragon Darts|p1b: Azumarill\n|-immune|p1b: Azumarill\n|\n|-weather|Sandstorm|[upkeep]\n|-damage|p2b: Dragapult|0 fnt|[from] Sandstorm\n|-damage|p2a: Chien-Pao|95\/100|[from] Sandstorm\n|-damage|p1b: Azumarill|95\/100|[from] Sandstorm\n|faint|p2b: Dragapult\n|-heal|p1b: Azumarill|100\/100|[from] item: Leftovers\n|upkeep\n|\n|t:|1681676242\n|switch|p2b: Amoonguss|Amoonguss, L50, M|85\/100\n|turn|5\n|-message|saarmaster forfeited.\n|\n|win|That_Leek\n|raw|That_Leek's rating: 1223 → 1254<\/strong> (+31 for winning)\n|raw|saarmaster's rating: 1307 → 1282<\/strong> (-25 for losing)\n|l|\u2606saarmaster\n","uploadtime":1681676254,"views":10,"p1id":"thatleek","p2id":"saarmaster","formatid":"gen9vgc2023regulationc","rating":1254,"private":0,"password":""}