{"id":"gen9vgc2023regulationc-1862575240","p1":"orsame","p2":"Fanise","format":"[Gen 9] VGC 2023 Regulation C","log":"|j|\u2606orsame\n|j|\u2606Fanise\n|t:|1683902177\n|gametype|doubles\n|player|p1|orsame|101|1509\n|player|p2|Fanise|266|1509\n|teamsize|p1|6\n|teamsize|p2|6\n|gen|9\n|tier|[Gen 9] VGC 2023 Regulation C\n|rated|\n|rule|Species Clause: Limit one of each Pok\u00e9mon\n|rule|Item Clause: Limit one of each item\n|clearpoke\n|poke|p1|Kingambit, L50, M|\n|poke|p1|Arcanine, L50, M|\n|poke|p1|Palafin, L50, F|\n|poke|p1|Amoonguss, L50, M|\n|poke|p1|Flutter Mane, L50|\n|poke|p1|Dragonite, L50, M|\n|poke|p2|Dondozo, L50, F|\n|poke|p2|Flutter Mane, L50|\n|poke|p2|Tatsugiri, L50, F|\n|poke|p2|Chi-Yu, L50|\n|poke|p2|Dragonite, L50, F|\n|poke|p2|Iron Hands, L50|\n|teampreview|4\n|inactive|Battle timer is ON: inactive players will automatically lose when time's up. (requested by Fanise)\norsame has agreed to open team sheets.\n|j| Rabbihorn\n|inactive|orsame has 60 seconds left.\n|inactive|Fanise has 60 seconds left.\n|inactive|orsame has 30 seconds left.\n|inactive|orsame has 20 seconds left.\n|inactive|orsame has 15 seconds left.\n|inactive|orsame has 10 seconds left.\n|\n|t:|1683902262\n|start\n|switch|p1a: Arcanine|Arcanine, L50, M|100\/100\n|switch|p1b: Palafin|Palafin, L50, F, shiny|100\/100\n|switch|p2a: Chi-Yu|Chi-Yu, L50|100\/100\n|switch|p2b: Flutter Mane|Flutter Mane, L50|100\/100\n|-ability|p2a: Chi-Yu|Beads of Ruin\n|-ability|p1a: Arcanine|Intimidate|boost\n|-unboost|p2a: Chi-Yu|atk|1\n|-unboost|p2b: Flutter Mane|atk|1\n|-enditem|p2b: Flutter Mane|Booster Energy\n|-activate|p2b: Flutter Mane|ability: Protosynthesis|[fromitem]\n|-start|p2b: Flutter Mane|protosynthesisspe\n|turn|1\n|inactive|orsame has 30 seconds left.\n|inactive|orsame has 20 seconds left.\n|inactive|orsame has 15 seconds left.\n|\n|t:|1683902304\n|detailschange|p1b: Palafin|Palafin-Hero, L50, F, shiny\n|switch|p1b: Dragonite|Dragonite, L50, M|100\/100\n|move|p2b: Flutter Mane|Dazzling Gleam|p1a: Arcanine|[spread] p1a,p1b\n|-resisted|p1a: Arcanine\n|-supereffective|p1b: Dragonite\n|-damage|p1a: Arcanine|78\/100\n|-damage|p1b: Dragonite|18\/100\n|move|p2a: Chi-Yu|Dark Pulse|p1b: Dragonite\n|-damage|p1b: Dragonite|0 fnt\n|faint|p1b: Dragonite\n|-damage|p2a: Chi-Yu|91\/100|[from] item: Life Orb\n|move|p1a: Arcanine|Howl|p1a: Arcanine\n|-boost|p1a: Arcanine|atk|1\n|\n|upkeep\n|\n|t:|1683902312\n|switch|p1b: Palafin|Palafin-Hero, L50, F, shiny|100\/100\n|-activate|p1b: Palafin|ability: Zero to Hero\n|turn|2\n|\n|t:|1683902325\n|move|p2a: Chi-Yu|Protect|p2a: Chi-Yu\n|-singleturn|p2a: Chi-Yu|Protect\n|move|p1b: Palafin|Jet Punch|p2a: Chi-Yu\n|-activate|p2a: Chi-Yu|move: Protect\n|move|p2b: Flutter Mane|Shadow Ball|p1b: Palafin\n|-damage|p1b: Palafin|46\/100\n|move|p1a: Arcanine|Flare Blitz|p2b: Flutter Mane\n|-damage|p2b: Flutter Mane|0 fnt\n|faint|p2b: Flutter Mane\n|-end|p2b: Flutter Mane|Protosynthesis|[silent]\n|-damage|p1a: Arcanine|54\/100|[from] Recoil\n|\n|upkeep\n|\n|t:|1683902337\n|switch|p2b: Dondozo|Dondozo, L50, F|100\/100\n|turn|3\n|\n|t:|1683902357\n|switch|p2a: Tatsugiri|Tatsugiri, L50, F|100\/100\n|-activate|p2a: Tatsugiri|ability: Commander|[of] p2b: Dondozo\n|-boost|p2b: Dondozo|atk|2\n|-boost|p2b: Dondozo|spa|2\n|-boost|p2b: Dondozo|spe|2\n|-boost|p2b: Dondozo|def|2\n|-boost|p2b: Dondozo|spd|2\n|-terastallize|p1a: Arcanine|Grass\n|move|p1b: Palafin|Jet Punch|p2a: Tatsugiri|[miss]\n|-miss|p1b: Palafin|p2a: Tatsugiri\n|move|p2b: Dondozo|Earthquake|p1a: Arcanine|[spread] p1a,p1b\n|-miss|p2b: Dondozo|p2a: Tatsugiri\n|-resisted|p1a: Arcanine\n|-damage|p1a: Arcanine|29\/100\n|-damage|p1b: Palafin|7\/100\n|move|p1a: Arcanine|Howl|p1a: Arcanine|[spread] p1a,p1b\n|-boost|p1a: Arcanine|atk|1\n|-boost|p1b: Palafin|atk|1\n|\n|upkeep\n|turn|4\n|\n|t:|1683902380\n|move|p2b: Dondozo|Earthquake|p1b: Palafin|[spread] p1a,p1b\n|-miss|p2b: Dondozo|p2a: Tatsugiri\n|-resisted|p1a: Arcanine\n|-damage|p1a: Arcanine|7\/100\n|-damage|p1b: Palafin|0 fnt\n|faint|p1b: Palafin\n|move|p1a: Arcanine|Flare Blitz|p2b: Dondozo\n|-resisted|p2b: Dondozo\n|-damage|p2b: Dondozo|93\/100\n|-damage|p1a: Arcanine|4\/100|[from] Recoil\n|\n|upkeep\n|l| Rabbihorn\n|\n|t:|1683902391\n|switch|p1b: Flutter Mane|Flutter Mane, L50|100\/100\n|turn|5\n|\n|t:|1683902401\n|move|p1a: Arcanine|Extreme Speed|p2b: Dondozo\n|-damage|p2b: Dondozo|86\/100\n|move|p1b: Flutter Mane|Moonblast|p2b: Dondozo\n|-damage|p2b: Dondozo|55\/100\n|-damage|p1b: Flutter Mane|91\/100|[from] item: Life Orb\n|move|p2b: Dondozo|Earthquake|p1b: Flutter Mane|[spread] p1a,p1b\n|-miss|p2b: Dondozo|p2a: Tatsugiri\n|-resisted|p1a: Arcanine\n|-damage|p1a: Arcanine|0 fnt\n|-damage|p1b: Flutter Mane|26\/100\n|faint|p1a: Arcanine\n|\n|upkeep\n|turn|6\n|\n|t:|1683902414\n|move|p1b: Flutter Mane|Moonblast|p2b: Dondozo\n|-damage|p2b: Dondozo|23\/100\n|-damage|p1b: Flutter Mane|16\/100|[from] item: Life Orb\n|move|p2b: Dondozo|Wave Crash|p1b: Flutter Mane\n|-damage|p1b: Flutter Mane|0 fnt\n|faint|p1b: Flutter Mane\n|-end|p1b: Flutter Mane|Protosynthesis|[silent]\n|-damage|p2b: Dondozo|20\/100|[from] Recoil\n|\n|win|Fanise\n|raw|orsame's rating: 1509 → 1489<\/strong> (-20 for losing)\n|raw|Fanise's rating: 1509 → 1529<\/strong> (+20 for winning)\n|l|\u2606Fanise\n|l|\u2606orsame\n","uploadtime":1683902429,"views":8,"p1id":"orsame","p2id":"fanise","formatid":"gen9vgc2023regulationc","rating":1489,"private":0,"password":""}