{"id":"gen9vgc2023regulationc-1862667358","p1":"loren96","p2":"vaonir","format":"[Gen 9] VGC 2023 Regulation C","log":"|j|\u2606loren96\n|j|\u2606vaonir\n|t:|1683910438\n|gametype|doubles\n|player|p1|loren96|102|1159\n|player|p2|vaonir|janine|1171\n|teamsize|p1|6\n|teamsize|p2|6\n|gen|9\n|tier|[Gen 9] VGC 2023 Regulation C\n|rated|\n|rule|Species Clause: Limit one of each Pok\u00e9mon\n|rule|Item Clause: Limit one of each item\n|clearpoke\n|poke|p1|Ceruledge, L50, F|\n|poke|p1|Maushold-Four, L50|\n|poke|p1|Ting-Lu, L50|\n|poke|p1|Gyarados, L50, F|\n|poke|p1|Kingambit, L50, F|\n|poke|p1|Flamigo, L50, F|\n|poke|p2|Iron Bundle, L50|\n|poke|p2|Gholdengo, L50|\n|poke|p2|Chi-Yu, L50|\n|poke|p2|Baxcalibur, L50, F|\n|poke|p2|Flutter Mane, L50|\n|poke|p2|Amoonguss, L50, M|\n|teampreview|4\n|inactive|Battle timer is ON: inactive players will automatically lose when time's up. (requested by loren96)\n|\n|t:|1683910500\n|start\n|switch|p1a: Ceruledge|Ceruledge, L50, F|100\/100\n|switch|p1b: Maushold|Maushold-Four, L50|100\/100\n|switch|p2a: Nebenjob|Iron Bundle, L50, shiny|100\/100\n|switch|p2b: Narben|Baxcalibur, L50, F, shiny|100\/100\n|-enditem|p2a: Nebenjob|Booster Energy\n|-activate|p2a: Nebenjob|ability: Quark Drive|[fromitem]\n|-start|p2a: Nebenjob|quarkdrivespe\n|turn|1\n|\n|t:|1683910523\n|move|p1b: Maushold|Follow Me|p1b: Maushold\n|-singleturn|p1b: Maushold|move: Follow Me\n|move|p2a: Nebenjob|Icy Wind|p1b: Maushold|[spread] p1a\n|-miss|p2a: Nebenjob|p1b: Maushold\n|-resisted|p1a: Ceruledge\n|-damage|p1a: Ceruledge|93\/100\n|move|p1a: Ceruledge|Bulk Up|p1a: Ceruledge\n|-boost|p1a: Ceruledge|atk|1\n|-boost|p1a: Ceruledge|def|1\n|move|p2b: Narben|Dragon Dance|p2b: Narben\n|-boost|p2b: Narben|atk|1\n|-boost|p2b: Narben|spe|1\n|\n|upkeep\n|turn|2\n|inactive|vaonir has 30 seconds left.\n|\n|t:|1683910552\n|move|p1b: Maushold|Follow Me|p1b: Maushold\n|-singleturn|p1b: Maushold|move: Follow Me\n|move|p2a: Nebenjob|Encore|p1b: Maushold\n|-start|p1b: Maushold|Encore\n|move|p2b: Narben|Dragon Dance|p2b: Narben\n|-boost|p2b: Narben|atk|1\n|-boost|p2b: Narben|spe|1\n|move|p1a: Ceruledge|Bulk Up|p1a: Ceruledge\n|-boost|p1a: Ceruledge|atk|1\n|-boost|p1a: Ceruledge|def|1\n|\n|upkeep\n|turn|3\n|\n|t:|1683910573\n|move|p1b: Maushold|Follow Me|p1b: Maushold\n|-singleturn|p1b: Maushold|move: Follow Me\n|move|p2a: Nebenjob|Icy Wind|p1b: Maushold|[spread] p1a\n|-miss|p2a: Nebenjob|p1b: Maushold\n|-resisted|p1a: Ceruledge\n|-damage|p1a: Ceruledge|86\/100\n|move|p2b: Narben|Glaive Rush|p1b: Maushold\n|-damage|p1b: Maushold|0 fnt\n|-singlemove|p2b: Narben|Glaive Rush|[silent]\n|faint|p1b: Maushold\n|move|p1a: Ceruledge|Bulk Up|p1a: Ceruledge\n|-boost|p1a: Ceruledge|atk|1\n|-boost|p1a: Ceruledge|def|1\n|\n|upkeep\n|\n|t:|1683910587\n|switch|p1b: Flamigo|Flamigo, L50, F|100\/100\n|-copyboost|p1b: Flamigo|p1a: Ceruledge|[from] ability: Costar\n|turn|4\n|\n|t:|1683910600\n|-terastallize|p2b: Narben|Dragon\n|move|p2a: Nebenjob|Encore|p1a: Ceruledge\n|-start|p1a: Ceruledge|Encore\n|move|p2b: Narben|Glaive Rush|p1b: Flamigo\n|-crit|p1b: Flamigo\n|-enditem|p1b: Flamigo|Focus Sash\n|-damage|p1b: Flamigo|1\/100\n|-singlemove|p2b: Narben|Glaive Rush|[silent]\n|move|p1b: Flamigo|Close Combat|p2b: Narben\n|-damage|p2b: Narben|0 fnt\n|-unboost|p1b: Flamigo|def|1\n|-unboost|p1b: Flamigo|spd|1\n|faint|p2b: Narben\n|move|p1a: Ceruledge|Bulk Up|p1a: Ceruledge\n|-boost|p1a: Ceruledge|atk|1\n|-boost|p1a: Ceruledge|def|1\n|\n|upkeep\n|\n|t:|1683910618\n|switch|p2b: Lungenfl\u00fcgel|Amoonguss, L50, M, shiny|100\/100\n|turn|5\n|inactive|loren96 has 30 seconds left.\n|\n|t:|1683910644\n|-terastallize|p1a: Ceruledge|Grass\n|move|p1b: Flamigo|Wide Guard|p1b: Flamigo\n|-singleturn|p1b: Flamigo|Wide Guard\n|move|p2a: Nebenjob|Icy Wind|p1b: Flamigo|[spread] \n|-activate|p1a: Ceruledge|move: Wide Guard\n|-activate|p1b: Flamigo|move: Wide Guard\n|move|p1a: Ceruledge|Bulk Up|p1a: Ceruledge\n|-boost|p1a: Ceruledge|atk|1\n|-boost|p1a: Ceruledge|def|1\n|move|p2b: Lungenfl\u00fcgel|Spore|p1a: Ceruledge\n|-immune|p1a: Ceruledge\n|\n|upkeep\n|turn|6\n|\n|t:|1683910669\n|switch|p1b: Gyarados|Gyarados, L50, F|100\/100\n|-ability|p1b: Gyarados|Intimidate|boost\n|-unboost|p2a: Nebenjob|atk|1\n|-unboost|p2b: Lungenfl\u00fcgel|atk|1\n|move|p2a: Nebenjob|Icy Wind|p1a: Ceruledge|[spread] p1a,p1b\n|-supereffective|p1a: Ceruledge\n|-damage|p1a: Ceruledge|42\/100\n|-damage|p1b: Gyarados|79\/100\n|-unboost|p1b: Gyarados|spe|1\n|move|p1a: Ceruledge|Bulk Up|p1a: Ceruledge\n|-boost|p1a: Ceruledge|atk|1\n|-boost|p1a: Ceruledge|def|1\n|move|p2b: Lungenfl\u00fcgel|Pollen Puff|p1b: Gyarados\n|-resisted|p1b: Gyarados\n|-damage|p1b: Gyarados|70\/100\n|\n|-end|p1a: Ceruledge|Encore\n|upkeep\n|turn|7\n|\n|t:|1683910692\n|move|p1a: Ceruledge|Protect|p1a: Ceruledge\n|-singleturn|p1a: Ceruledge|Protect\n|move|p2a: Nebenjob|Encore|p1a: Ceruledge\n|-activate|p1a: Ceruledge|move: Protect\n|move|p1b: Gyarados|Thunder Wave|p2a: Nebenjob\n|-status|p2a: Nebenjob|par\n|move|p2b: Lungenfl\u00fcgel|Spore|p1b: Gyarados\n|-status|p1b: Gyarados|slp|[from] move: Spore\n|\n|upkeep\n|turn|8\n|\n|t:|1683910715\n|cant|p1b: Gyarados|slp\n|move|p2b: Lungenfl\u00fcgel|Rage Powder|p2b: Lungenfl\u00fcgel\n|-singleturn|p2b: Lungenfl\u00fcgel|move: Rage Powder\n|move|p2a: Nebenjob|Encore|p1a: Ceruledge\n|-start|p1a: Ceruledge|Encore\n|move|p1a: Ceruledge|Protect||[still]\n|-fail|p1a: Ceruledge\n|\n|upkeep\n|turn|9\n|\n|t:|1683910732\n|switch|p1b: Flamigo|Flamigo, L50, F|1\/100\n|-copyboost|p1b: Flamigo|p1a: Ceruledge|[from] ability: Costar\n|move|p1a: Ceruledge|Protect|p1a: Ceruledge\n|-singleturn|p1a: Ceruledge|Protect\n|move|p2a: Nebenjob|Icy Wind|p1b: Flamigo|[spread] p1b\n|-activate|p1a: Ceruledge|move: Protect\n|-supereffective|p1b: Flamigo\n|-damage|p1b: Flamigo|0 fnt\n|faint|p1b: Flamigo\n|move|p2b: Lungenfl\u00fcgel|Pollen Puff|p1a: Ceruledge\n|-activate|p1a: Ceruledge|move: Protect\n|\n|upkeep\n|\n|t:|1683910749\n|switch|p1b: Gyarados|Gyarados, L50, F|70\/100 slp\n|-ability|p1b: Gyarados|Intimidate|boost\n|-unboost|p2a: Nebenjob|atk|1\n|-unboost|p2b: Lungenfl\u00fcgel|atk|1\n|turn|10\n|\n|t:|1683910761\n|move|p1a: Ceruledge|Protect||[still]\n|-fail|p1a: Ceruledge\n|move|p2a: Nebenjob|Icy Wind|p1b: Gyarados|[spread] p1a,p1b\n|-supereffective|p1a: Ceruledge\n|-damage|p1a: Ceruledge|0 fnt\n|-damage|p1b: Gyarados|48\/100 slp\n|-unboost|p1b: Gyarados|spe|1\n|-enditem|p1b: Gyarados|Sitrus Berry|[eat]\n|-heal|p1b: Gyarados|73\/100 slp|[from] item: Sitrus Berry\n|faint|p1a: Ceruledge\n|-curestatus|p1b: Gyarados|slp|[msg]\n|move|p1b: Gyarados|Iron Head|p2a: Nebenjob\n|-damage|p2a: Nebenjob|62\/100 par\n|move|p2b: Lungenfl\u00fcgel|Pollen Puff|p1b: Gyarados\n|-resisted|p1b: Gyarados\n|-damage|p1b: Gyarados|64\/100\n|\n|upkeep\n|turn|11\n|inactive|vaonir has 30 seconds left.\n|\n|t:|1683910788\n|move|p2b: Lungenfl\u00fcgel|Rage Powder|p2b: Lungenfl\u00fcgel\n|-singleturn|p2b: Lungenfl\u00fcgel|move: Rage Powder\n|move|p2a: Nebenjob|Icy Wind|p1b: Gyarados\n|-damage|p1b: Gyarados|39\/100\n|-unboost|p1b: Gyarados|spe|1\n|move|p1b: Gyarados|Iron Head|p2b: Lungenfl\u00fcgel\n|-damage|p2b: Lungenfl\u00fcgel|74\/100\n|\n|upkeep\n|turn|12\n|-message|loren96 forfeited.\n|\n|win|vaonir\n|raw|loren96's rating: 1159 → 1135<\/strong> (-24 for losing)\n|raw|vaonir's rating: 1171 → 1195<\/strong> (+24 for winning)\n|l|\u2606loren96\n","uploadtime":1683910809,"views":8,"p1id":"loren96","p2id":"vaonir","formatid":"gen9vgc2023regulationc","rating":1135,"private":0,"password":""}