{"id":"gen9vgc2023regulationc-1848322319","p1":"dhexvg","p2":"tythhh","format":"[Gen 9] VGC 2023 Regulation C","log":"|j|\u2606dhexvg\n|j|\u2606tythhh\n|t:|1682060276\n|gametype|doubles\n|player|p1|dhexvg|169|1000\n|player|p2|tythhh|265|1072\n|teamsize|p1|6\n|teamsize|p2|6\n|gen|9\n|tier|[Gen 9] VGC 2023 Regulation C\n|rated|\n|rule|Species Clause: Limit one of each Pok\u00e9mon\n|rule|Item Clause: Limit one of each item\n|clearpoke\n|poke|p1|Ting-Lu, L50|\n|poke|p1|Bronzong, L50|\n|poke|p1|Tauros-Paldea-Aqua, L50, M|\n|poke|p1|Flutter Mane, L50|\n|poke|p1|Tsareena, L50, F|\n|poke|p1|Rotom-Heat, L50|\n|poke|p2|Torkoal, L50, F|\n|poke|p2|Chi-Yu, L50|\n|poke|p2|Bronzong, L50|\n|poke|p2|Gastrodon, L50, F|\n|poke|p2|Grimmsnarl, L50, M|\n|poke|p2|Skeledirge, L50, F|\n|teampreview|4\n|inactive|Battle timer is ON: inactive players will automatically lose when time's up. (requested by dhexvg)\n|inactive|dhexvg has 60 seconds left.\n|\n|t:|1682060326\n|start\n|switch|p1a: Tauros|Tauros-Paldea-Aqua, L50, M|100\/100\n|switch|p1b: Tsareena|Tsareena, L50, F|100\/100\n|switch|p2a: Grimmsnarl|Grimmsnarl, L50, M|100\/100\n|switch|p2b: Bronzong|Bronzong, L50|100\/100\n|-ability|p1a: Tauros|Intimidate|boost\n|-unboost|p2a: Grimmsnarl|atk|1\n|-unboost|p2b: Bronzong|atk|1\n|turn|1\n|\n|t:|1682060348\n|switch|p2a: Skeledirge|Skeledirge, L50, F|100\/100\n|move|p1a: Tauros|Close Combat|p2a: Skeledirge\n|-immune|p2a: Skeledirge\n|move|p1b: Tsareena|High Jump Kick|p2a: Skeledirge\n|-immune|p2a: Skeledirge\n|-damage|p1b: Tsareena|50\/100|[from] highjumpkick\n|move|p2b: Bronzong|Trick Room|p2b: Bronzong\n|-fieldstart|move: Trick Room|[of] p2b: Bronzong\n|\n|upkeep\n|turn|2\n|\n|t:|1682060360\n|switch|p1b: Ting-Lu|Ting-Lu, L50|100\/100\n|-ability|p1b: Ting-Lu|Vessel of Ruin\n|move|p1a: Tauros|Aqua Jet|p2a: Skeledirge\n|-supereffective|p2a: Skeledirge\n|-damage|p2a: Skeledirge|71\/100\n|move|p2b: Bronzong|Body Press|p1b: Ting-Lu\n|-supereffective|p1b: Ting-Lu\n|-crit|p1b: Ting-Lu\n|-damage|p1b: Ting-Lu|52\/100\n|move|p2a: Skeledirge|Encore|p1a: Tauros\n|-start|p1a: Tauros|Encore\n|\n|-heal|p1b: Ting-Lu|59\/100|[from] item: Leftovers\n|-heal|p2a: Skeledirge|76\/100|[from] item: Leftovers\n|upkeep\n|turn|3\n|inactive|dhexvg has 30 seconds left.\n|\n|t:|1682060392\n|-terastallize|p2b: Bronzong|Fighting\n|move|p1b: Ting-Lu|Protect|p1b: Ting-Lu\n|-singleturn|p1b: Ting-Lu|Protect\n|move|p2a: Skeledirge|Protect|p2a: Skeledirge\n|-singleturn|p2a: Skeledirge|Protect\n|move|p1a: Tauros|Aqua Jet|p2a: Skeledirge\n|-activate|p2a: Skeledirge|move: Protect\n|move|p2b: Bronzong|Body Press|p1b: Ting-Lu\n|-activate|p1b: Ting-Lu|move: Protect\n|\n|-heal|p1b: Ting-Lu|65\/100|[from] item: Leftovers\n|-heal|p2a: Skeledirge|82\/100|[from] item: Leftovers\n|upkeep\n|turn|4\n|\n|t:|1682060410\n|switch|p2a: Grimmsnarl|Grimmsnarl, L50, M|100\/100\n|-terastallize|p1b: Ting-Lu|Dragon\n|move|p1a: Tauros|Aqua Jet|p2a: Grimmsnarl\n|-crit|p2a: Grimmsnarl\n|-damage|p2a: Grimmsnarl|69\/100\n|move|p2b: Bronzong|Body Press|p1b: Ting-Lu\n|-damage|p1b: Ting-Lu|39\/100\n|move|p1b: Ting-Lu|Substitute|p1b: Ting-Lu\n|-start|p1b: Ting-Lu|Substitute\n|-damage|p1b: Ting-Lu|14\/100\n|\n|-heal|p1b: Ting-Lu|20\/100|[from] item: Leftovers\n|upkeep\n|turn|5\n|\n|t:|1682060433\n|switch|p1a: Rotom|Rotom-Heat, L50|100\/100\n|move|p1b: Ting-Lu|Protect|p1b: Ting-Lu\n|-singleturn|p1b: Ting-Lu|Protect\n|move|p2b: Bronzong|Body Press|p1a: Rotom\n|-damage|p1a: Rotom|54\/100\n|move|p2a: Grimmsnarl|Spirit Break|p1a: Rotom\n|-resisted|p1a: Rotom\n|-damage|p1a: Rotom|33\/100\n|-unboost|p1a: Rotom|spa|1\n|\n|-heal|p1b: Ting-Lu|26\/100|[from] item: Leftovers\n|-fieldend|move: Trick Room\n|upkeep\n|turn|6\n|inactive|dhexvg has 30 seconds left.\n|\n|t:|1682060461\n|move|p2a: Grimmsnarl|Sucker Punch|p1a: Rotom\n|-crit|p1a: Rotom\n|-damage|p1a: Rotom|0 fnt\n|faint|p1a: Rotom\n|move|p1b: Ting-Lu|Ruination|p2b: Bronzong\n|-damage|p2b: Bronzong|51\/100\n|move|p2b: Bronzong|Trick Room|p2b: Bronzong\n|-fieldstart|move: Trick Room|[of] p2b: Bronzong\n|\n|-heal|p1b: Ting-Lu|33\/100|[from] item: Leftovers\n|upkeep\n|\n|t:|1682060474\n|switch|p1a: Tauros|Tauros-Paldea-Aqua, L50, M|100\/100\n|-ability|p1a: Tauros|Intimidate|boost\n|-unboost|p2a: Grimmsnarl|atk|1\n|-unboost|p2b: Bronzong|atk|1\n|turn|7\n|\n|t:|1682060483\n|switch|p1a: Tsareena|Tsareena, L50, F|50\/100\n|move|p1b: Ting-Lu|Protect|p1b: Ting-Lu\n|-singleturn|p1b: Ting-Lu|Protect\n|move|p2b: Bronzong|Body Press|p1a: Tsareena\n|-damage|p1a: Tsareena|2\/100\n|move|p2a: Grimmsnarl|Spirit Break|p1a: Tsareena\n|-damage|p1a: Tsareena|0 fnt\n|faint|p1a: Tsareena\n|\n|-heal|p1b: Ting-Lu|39\/100|[from] item: Leftovers\n|upkeep\n|\n|t:|1682060493\n|switch|p1a: Tauros|Tauros-Paldea-Aqua, L50, M|100\/100\n|-ability|p1a: Tauros|Intimidate|boost\n|-unboost|p2a: Grimmsnarl|atk|1\n|-unboost|p2b: Bronzong|atk|1\n|turn|8\n|\n|t:|1682060501\n|switch|p2a: Torkoal|Torkoal, L50, F|100\/100\n|-weather|SunnyDay|[from] ability: Drought|[of] p2a: Torkoal\n|move|p1a: Tauros|Aqua Jet|p2b: Bronzong\n|-damage|p2b: Bronzong|45\/100\n|move|p2b: Bronzong|Body Press|p1b: Ting-Lu\n|-end|p1b: Ting-Lu|Substitute\n|move|p1b: Ting-Lu|Stomping Tantrum|p2b: Bronzong\n|-immune|p2b: Bronzong|[from] ability: Levitate\n|\n|-weather|SunnyDay|[upkeep]\n|-heal|p1b: Ting-Lu|45\/100|[from] item: Leftovers\n|upkeep\n|turn|9\n|\n|t:|1682060516\n|move|p2a: Torkoal|Protect|p2a: Torkoal\n|-singleturn|p2a: Torkoal|Protect\n|move|p2b: Bronzong|Body Press|p1a: Tauros\n|-damage|p1a: Tauros|53\/100\n|move|p1b: Ting-Lu|Stomping Tantrum|p2b: Bronzong\n|-immune|p2b: Bronzong|[from] ability: Levitate\n|move|p1a: Tauros|Wave Crash|p2b: Bronzong\n|-damage|p2b: Bronzong|26\/100\n|-damage|p1a: Tauros|46\/100|[from] Recoil\n|\n|-weather|SunnyDay|[upkeep]\n|-heal|p1b: Ting-Lu|51\/100|[from] item: Leftovers\n|upkeep\n|turn|10\n|\n|t:|1682060525\n|move|p2a: Torkoal|Eruption|p1b: Ting-Lu|[spread] p1a,p1b\n|-resisted|p1a: Tauros\n|-resisted|p1b: Ting-Lu\n|-damage|p1a: Tauros|17\/100\n|-damage|p1b: Ting-Lu|34\/100\n|-damage|p2a: Torkoal|91\/100|[from] item: Life Orb\n|move|p2b: Bronzong|Body Press|p1a: Tauros\n|-damage|p1a: Tauros|0 fnt\n|faint|p1a: Tauros\n|move|p1b: Ting-Lu|Stomping Tantrum|p2b: Bronzong\n|-immune|p2b: Bronzong|[from] ability: Levitate\n|\n|-weather|SunnyDay|[upkeep]\n|-heal|p1b: Ting-Lu|40\/100|[from] item: Leftovers\n|-fieldend|move: Trick Room\n|upkeep\n|turn|11\n|\n|t:|1682060531\n|move|p2a: Torkoal|Protect|p2a: Torkoal\n|-singleturn|p2a: Torkoal|Protect\n|move|p1b: Ting-Lu|Stomping Tantrum|p2b: Bronzong\n|-immune|p2b: Bronzong|[from] ability: Levitate\n|move|p2b: Bronzong|Trick Room|p2b: Bronzong\n|-fieldstart|move: Trick Room|[of] p2b: Bronzong\n|\n|-weather|SunnyDay|[upkeep]\n|-heal|p1b: Ting-Lu|46\/100|[from] item: Leftovers\n|upkeep\n|turn|12\n|\n|t:|1682060538\n|move|p2a: Torkoal|Eruption|p1b: Ting-Lu\n|-resisted|p1b: Ting-Lu\n|-damage|p1b: Ting-Lu|22\/100\n|-damage|p2a: Torkoal|82\/100|[from] item: Life Orb\n|move|p2b: Bronzong|Body Press|p1b: Ting-Lu\n|-damage|p1b: Ting-Lu|0 fnt\n|faint|p1b: Ting-Lu\n|\n|win|tythhh\n|raw|dhexvg's rating: 1000 → 1000<\/strong> (+0 for losing)\n|raw|tythhh's rating: 1072 → 1095<\/strong> (+23 for winning)\n|l|\u2606dhexvg\n","uploadtime":1682060542,"views":4,"p1id":"dhexvg","p2id":"tythhh","formatid":"gen9vgc2023regulationc","rating":1000,"private":0,"password":""}