{"id":"gen9vgc2023regulationc-1854917221","p1":"ironhandsfanacct","p2":"BodaciousBulbasaur","format":"[Gen 9] VGC 2023 Regulation C","log":"|j|\u2606ironhandsfanacct\n|j|\u2606BodaciousBulbasaur\n|t:|1682880540\n|gametype|doubles\n|player|p1|ironhandsfanacct|iris-gen5bw2|\n|player|p2|BodaciousBulbasaur|acetrainerf-gen4dp|\n|teamsize|p1|6\n|teamsize|p2|6\n|gen|9\n|tier|[Gen 9] VGC 2023 Regulation C\n|rule|Species Clause: Limit one of each Pok\u00e9mon\n|rule|Item Clause: Limit one of each item\n|clearpoke\n|poke|p1|Palafin, L50, M|\n|poke|p1|Pelipper, L50, M|\n|poke|p1|Bisharp, L50, M|\n|poke|p1|Glimmora, L50, M|\n|poke|p1|Breloom, L50, M|\n|poke|p1|Magnezone, L50|\n|poke|p2|Dragonite, L50, M|\n|poke|p2|Scream Tail, L50|\n|poke|p2|Tauros-Paldea-Aqua, L50, M|\n|poke|p2|Houndoom, L50, F|\n|poke|p2|Rotom-Wash, L50|\n|poke|p2|Vivillon-Fancy, L50, F|\n|teampreview|4\n|c|\u2606BodaciousBulbasaur|G2\n|c|\u2606ironhandsfanacct|r?\n|c|\u2606BodaciousBulbasaur|Ready\n|inactive|Battle timer is ON: inactive players will automatically lose when time's up. (requested by BodaciousBulbasaur)\n|c|\u2606ironhandsfanacct|glhf\n|inactive|ironhandsfanacct has 60 seconds left.\n|\n|t:|1682880913\n|start\n|switch|p1a: Glimmora|Glimmora, L50, M, shiny|100\/100\n|switch|p1b: Magnezone|Magnezone, L50, shiny|100\/100\n|switch|p2a: Dragonite|Dragonite, L50, M|100\/100\n|switch|p2b: Scream Tail|Scream Tail, L50|100\/100\n|turn|1\n|\n|t:|1682880933\n|-terastallize|p2a: Dragonite|Steel\n|-terastallize|p1b: Magnezone|Flying\n|move|p1a: Glimmora|Protect|p1a: Glimmora\n|-singleturn|p1a: Glimmora|Protect\n|move|p2b: Scream Tail|Howl|p2b: Scream Tail|[spread] p2a,p2b\n|-boost|p2a: Dragonite|atk|1\n|-boost|p2b: Scream Tail|atk|1\n|move|p2a: Dragonite|Low Kick|p1b: Magnezone\n|-resisted|p1b: Magnezone\n|-damage|p1b: Magnezone|77\/100\n|move|p1b: Magnezone|Flash Cannon|p2b: Scream Tail\n|-supereffective|p2b: Scream Tail\n|-damage|p2b: Scream Tail|36\/100\n|\n|upkeep\n|turn|2\n|inactive|ironhandsfanacct has 30 seconds left.\n|\n|t:|1682880966\n|move|p2b: Scream Tail|Encore|p1a: Glimmora\n|-start|p1a: Glimmora|Encore\n|move|p1a: Glimmora|Protect||[still]\n|-fail|p1a: Glimmora\n|move|p2a: Dragonite|Dragon Claw|p1b: Magnezone\n|-damage|p1b: Magnezone|28\/100\n|move|p1b: Magnezone|Thunderbolt|p2a: Dragonite\n|-crit|p2a: Dragonite\n|-damage|p2a: Dragonite|64\/100\n|\n|-heal|p2a: Dragonite|70\/100|[from] item: Leftovers\n|upkeep\n|turn|3\n|\n|t:|1682880988\n|switch|p1a: Bisharp|Bisharp, L50, M, shiny|100\/100\n|switch|p1b: Pelipper|Pelipper, L50, M, shiny|100\/100\n|-weather|RainDance|[from] ability: Drizzle|[of] p1b: Pelipper\n|move|p2b: Scream Tail|Howl|p2b: Scream Tail|[spread] p2a,p2b\n|-boost|p2a: Dragonite|atk|1\n|-boost|p2b: Scream Tail|atk|1\n|move|p2a: Dragonite|Dragon Claw|p1b: Pelipper\n|-damage|p1b: Pelipper|17\/100\n|\n|-weather|RainDance|[upkeep]\n|-heal|p2a: Dragonite|76\/100|[from] item: Leftovers\n|upkeep\n|turn|4\n|\n|t:|1682881009\n|move|p1a: Bisharp|Protect|p1a: Bisharp\n|-singleturn|p1a: Bisharp|Protect\n|move|p2b: Scream Tail|Howl|p2b: Scream Tail|[spread] p2a,p2b\n|-boost|p2a: Dragonite|atk|1\n|-boost|p2b: Scream Tail|atk|1\n|move|p2a: Dragonite|Low Kick|p1a: Bisharp\n|-activate|p1a: Bisharp|move: Protect\n|move|p1b: Pelipper|Tailwind|p1b: Pelipper\n|-sidestart|p1: ironhandsfanacct|move: Tailwind\n|\n|-weather|RainDance|[upkeep]\n|-heal|p2a: Dragonite|82\/100|[from] item: Leftovers\n|upkeep\n|turn|5\n|\n|t:|1682881030\n|move|p1b: Pelipper|Hydro Pump|p2a: Dragonite\n|-damage|p2a: Dragonite|32\/100\n|move|p1a: Bisharp|Assurance|p2a: Dragonite\n|-damage|p2a: Dragonite|0 fnt\n|faint|p2a: Dragonite\n|move|p2b: Scream Tail|Encore|p1a: Bisharp\n|-start|p1a: Bisharp|Encore\n|\n|-weather|RainDance|[upkeep]\n|upkeep\n|\n|t:|1682881038\n|switch|p2a: Tauros|Tauros-Paldea-Aqua, L50, M|100\/100\n|-ability|p2a: Tauros|Intimidate|boost\n|-unboost|p1a: Bisharp|atk|1\n|-ability|p1a: Bisharp|Defiant|boost\n|-boost|p1a: Bisharp|atk|2\n|-unboost|p1b: Pelipper|atk|1\n|turn|6\n|inactive|BodaciousBulbasaur has 30 seconds left.\n|\n|t:|1682881073\n|move|p2b: Scream Tail|Protect|p2b: Scream Tail\n|-singleturn|p2b: Scream Tail|Protect\n|move|p2a: Tauros|Protect|p2a: Tauros\n|-singleturn|p2a: Tauros|Protect\n|move|p1b: Pelipper|Hurricane|p2a: Tauros\n|-activate|p2a: Tauros|move: Protect\n|move|p1a: Bisharp|Assurance|p2a: Tauros\n|-activate|p2a: Tauros|move: Protect\n|\n|-weather|RainDance|[upkeep]\n|upkeep\n|turn|7\n|\n|t:|1682881093\n|switch|p2a: Rotom|Rotom-Wash, L50|100\/100\n|move|p1b: Pelipper|Hurricane|p2a: Rotom\n|-resisted|p2a: Rotom\n|-damage|p2a: Rotom|85\/100\n|move|p1a: Bisharp|Assurance|p2a: Rotom\n|-damage|p2a: Rotom|0 fnt\n|faint|p2a: Rotom\n|move|p2b: Scream Tail|Disable|p1b: Pelipper\n|-start|p1b: Pelipper|Disable|Hurricane\n|\n|-weather|none\n|-sideend|p1: ironhandsfanacct|move: Tailwind\n|upkeep\n|\n|t:|1682881104\n|switch|p2a: Tauros|Tauros-Paldea-Aqua, L50, M|100\/100\n|-ability|p2a: Tauros|Intimidate|boost\n|-unboost|p1a: Bisharp|atk|1\n|-ability|p1a: Bisharp|Defiant|boost\n|-boost|p1a: Bisharp|atk|2\n|-unboost|p1b: Pelipper|atk|1\n|turn|8\n|inactive|ironhandsfanacct has 30 seconds left.\n|inactive|ironhandsfanacct has 20 seconds left.\n|\n|t:|1682881143\n|switch|p1a: Magnezone|Magnezone, L50, shiny, tera:Flying|28\/100\n|move|p2b: Scream Tail|Encore|p1b: Pelipper\n|-start|p1b: Pelipper|Encore\n|move|p2a: Tauros|Close Combat|p1a: Magnezone\n|-resisted|p1a: Magnezone\n|-damage|p1a: Magnezone|0 fnt\n|-unboost|p2a: Tauros|def|1\n|-unboost|p2a: Tauros|spd|1\n|faint|p1a: Magnezone\n|-damage|p2a: Tauros|91\/100|[from] item: Life Orb\n|cant|p1b: Pelipper|Disable|Hurricane\n|\n|upkeep\n|\n|t:|1682881151\n|switch|p1a: Glimmora|Glimmora, L50, M, shiny|100\/100\n|turn|9\n|\n|t:|1682881163\n|move|p2b: Scream Tail|Howl|p2b: Scream Tail|[spread] p2a,p2b\n|-boost|p2a: Tauros|atk|1\n|-boost|p2b: Scream Tail|atk|1\n|move|p2a: Tauros|Stomping Tantrum|p1a: Glimmora\n|-supereffective|p1a: Glimmora\n|-damage|p1a: Glimmora|0 fnt\n|-activate|p1a: Glimmora|ability: Toxic Debris\n|-sidestart|p2: BodaciousBulbasaur|move: Toxic Spikes\n|faint|p1a: Glimmora\n|-damage|p2a: Tauros|81\/100|[from] item: Life Orb\n|-activate|p1b: Pelipper|move: Struggle\n|move|p1b: Pelipper|Struggle|p2b: Scream Tail\n|-damage|p2b: Scream Tail|33\/100\n|-damage|p1b: Pelipper|0 fnt|[from] recoil\n|faint|p1b: Pelipper\n|\n|upkeep\n|\n|t:|1682881168\n|switch|p1b: Bisharp|Bisharp, L50, M, shiny|100\/100\n|turn|10\n|\n|t:|1682881179\n|move|p2a: Tauros|Protect|p2a: Tauros\n|-singleturn|p2a: Tauros|Protect\n|move|p1b: Bisharp|Sucker Punch||[still]\n|-fail|p1b: Bisharp\n|move|p2b: Scream Tail|Disable|p1b: Bisharp\n|-start|p1b: Bisharp|Disable|Sucker Punch\n|\n|upkeep\n|turn|11\n|c|\u2606ironhandsfanacct|gg\n|\n|t:|1682881190\n|move|p2b: Scream Tail|Encore|p1b: Bisharp\n|-start|p1b: Bisharp|Encore\n|move|p2a: Tauros|Close Combat|p1b: Bisharp\n|-supereffective|p1b: Bisharp\n|-damage|p1b: Bisharp|0 fnt\n|-unboost|p2a: Tauros|def|1\n|-unboost|p2a: Tauros|spd|1\n|faint|p1b: Bisharp\n|-damage|p2a: Tauros|71\/100|[from] item: Life Orb\n|\n|win|BodaciousBulbasaur\n|c|\u2606BodaciousBulbasaur|gg\n","uploadtime":1682881593,"views":13,"p1id":"ironhandsfanacct","p2id":"bodaciousbulbasaur","formatid":"gen9vgc2023regulationc","rating":0,"private":0,"password":""}