{"id":"gen9vgc2023regulationc-1846550986","p1":"barriletCosmic","p2":"Ykrach","format":"[Gen 9] VGC 2023 Regulation C","log":"|j|\u2606barriletCosmic\n|j|\u2606Ykrach\n|t:|1681850785\n|gametype|doubles\n|player|p1|barriletCosmic|wattson|1134\n|player|p2|Ykrach|acetrainer-gen4dp|1057\n|teamsize|p1|6\n|teamsize|p2|6\n|gen|9\n|tier|[Gen 9] VGC 2023 Regulation C\n|rated|\n|rule|Species Clause: Limit one of each Pok\u00e9mon\n|rule|Item Clause: Limit one of each item\n|clearpoke\n|poke|p1|Flutter Mane, L50|\n|poke|p1|Farigiraf, L50, F|\n|poke|p1|Iron Hands, L50|\n|poke|p1|Iron Bundle, L50|\n|poke|p1|Amoonguss, L50, F|\n|poke|p1|Annihilape, L50, M|\n|poke|p2|Scizor, L50, M|\n|poke|p2|Murkrow, L50, F|\n|poke|p2|Hatterene, L50, F|\n|poke|p2|Garganacl, L50, F|\n|poke|p2|Arboliva, L50, F|\n|poke|p2|Iron Moth, L50|\n|teampreview|4\n|inactive|Battle timer is ON: inactive players will automatically lose when time's up. (requested by Ykrach)\n|inactive|barriletCosmic has 60 seconds left.\n|\n|t:|1681850848\n|start\n|switch|p1a: Iron Hands|Iron Hands, L50|100\/100\n|switch|p1b: Iron Bundle|Iron Bundle, L50|100\/100\n|switch|p2a: Scizor|Scizor, L50, M|100\/100\n|switch|p2b: Murkrow|Murkrow, L50, F|100\/100\n|-enditem|p1b: Iron Bundle|Booster Energy\n|-activate|p1b: Iron Bundle|ability: Quark Drive|[fromitem]\n|-start|p1b: Iron Bundle|quarkdrivespa\n|turn|1\n|inactive|barriletCosmic has 30 seconds left.\n|inactive|barriletCosmic has 20 seconds left.\n|inactive|barriletCosmic has 15 seconds left.\n|inactive|barriletCosmic has 10 seconds left.\n|inactive|barriletCosmic has 5 seconds left.\n|\n|t:|1681850903\n|move|p1b: Iron Bundle|Protect|p1b: Iron Bundle\n|-singleturn|p1b: Iron Bundle|Protect\n|move|p2b: Murkrow|Tailwind|p2b: Murkrow\n|-sidestart|p2: Ykrach|move: Tailwind\n|move|p2a: Scizor|Swords Dance|p2a: Scizor\n|-boost|p2a: Scizor|atk|2\n|move|p1a: Iron Hands|Drain Punch|p2b: Murkrow\n|-damage|p2b: Murkrow|50\/100\n|\n|upkeep\n|turn|2\n|inactive|barriletCosmic has 30 seconds left.\n|inactive|barriletCosmic has 20 seconds left.\n|inactive|barriletCosmic has 15 seconds left.\n|inactive|barriletCosmic has 10 seconds left.\n|inactive|barriletCosmic has 5 seconds left.\n|\n|t:|1681850958\n|move|p1b: Iron Bundle|Protect|p1b: Iron Bundle\n|-singleturn|p1b: Iron Bundle|Protect\n|move|p2a: Scizor|Bullet Punch|p1b: Iron Bundle\n|-activate|p1b: Iron Bundle|move: Protect\n|move|p2b: Murkrow|Foul Play|p1a: Iron Hands\n|-resisted|p1a: Iron Hands\n|-damage|p1a: Iron Hands|84\/100\n|move|p1a: Iron Hands|Drain Punch|p2a: Scizor\n|-damage|p2a: Scizor|54\/100\n|-heal|p1a: Iron Hands|97\/100|[from] drain|[of] p2a: Scizor\n|\n|upkeep\n|turn|3\n|\n|t:|1681850973\n|switch|p2b: Hatterene|Hatterene, L50, F|100\/100\n|move|p2a: Scizor|Bullet Punch|p1b: Iron Bundle\n|-damage|p1b: Iron Bundle|22\/100\n|move|p1b: Iron Bundle|Freeze-Dry|p2a: Scizor\n|-resisted|p2a: Scizor\n|-damage|p2a: Scizor|16\/100\n|move|p1a: Iron Hands|Drain Punch|p2a: Scizor\n|-damage|p2a: Scizor|0 fnt\n|-heal|p1a: Iron Hands|100\/100|[from] drain|[of] p2a: Scizor\n|faint|p2a: Scizor\n|\n|upkeep\n|\n|t:|1681850985\n|switch|p2a: Iron Moth|Iron Moth, L50|100\/100\n|-enditem|p2a: Iron Moth|Booster Energy\n|-activate|p2a: Iron Moth|ability: Quark Drive|[fromitem]\n|-start|p2a: Iron Moth|quarkdrivespa\n|turn|4\n|\n|t:|1681851007\n|-end|p1a: Iron Hands|Quark Drive|[silent]\n|switch|p1a: Farigiraf|Farigiraf, L50, F|100\/100\n|move|p1b: Iron Bundle|Protect|p1b: Iron Bundle\n|-singleturn|p1b: Iron Bundle|Protect\n|move|p2a: Iron Moth|Air Slash|p1b: Iron Bundle\n|-activate|p1b: Iron Bundle|move: Protect\n|move|p2b: Hatterene|Dazzling Gleam|p1a: Farigiraf|[spread] p1a\n|-activate|p1b: Iron Bundle|move: Protect\n|-damage|p1a: Farigiraf|80\/100\n|\n|-sideend|p2: Ykrach|move: Tailwind\n|upkeep\n|turn|5\n|inactive|barriletCosmic has 30 seconds left.\n|\n|t:|1681851042\n|-end|p1b: Iron Bundle|Quark Drive|[silent]\n|switch|p1b: Iron Hands|Iron Hands, L50|100\/100\n|-terastallize|p2a: Iron Moth|Water\n|move|p2a: Iron Moth|Fiery Dance|p1b: Iron Hands\n|-damage|p1b: Iron Hands|61\/100\n|move|p2b: Hatterene|Dazzling Gleam|p1b: Iron Hands|[spread] p1a,p1b\n|-supereffective|p1b: Iron Hands\n|-damage|p1a: Farigiraf|60\/100\n|-damage|p1b: Iron Hands|27\/100\n|move|p1a: Farigiraf|Trick Room|p1a: Farigiraf\n|-fieldstart|move: Trick Room|[of] p1a: Farigiraf\n|\n|upkeep\n|turn|6\n|inactive|barriletCosmic has 30 seconds left.\n|inactive|barriletCosmic has 20 seconds left.\n|\n|t:|1681851082\n|move|p1b: Iron Hands|Fake Out|p2b: Hatterene\n|-damage|p2b: Hatterene|82\/100\n|cant|p2b: Hatterene|flinch\n|move|p1a: Farigiraf|Hyper Voice|p2a: Iron Moth|[spread] p2a,p2b\n|-damage|p2a: Iron Moth|78\/100\n|-damage|p2b: Hatterene|59\/100\n|-enditem|p1a: Farigiraf|Throat Spray\n|-boost|p1a: Farigiraf|spa|1|[from] item: Throat Spray\n|move|p2a: Iron Moth|Fiery Dance|p1a: Farigiraf\n|-damage|p1a: Farigiraf|19\/100\n|-boost|p2a: Iron Moth|spa|1\n|\n|upkeep\n|turn|7\n|\n|t:|1681851106\n|move|p2b: Hatterene|Dazzling Gleam|p1b: Iron Hands|[spread] p1a,p1b\n|-supereffective|p1b: Iron Hands\n|-damage|p1a: Farigiraf|0 fnt\n|-damage|p1b: Iron Hands|0 fnt\n|faint|p1a: Farigiraf\n|faint|p1b: Iron Hands\n|-end|p1b: Iron Hands|Quark Drive|[silent]\n|move|p2a: Iron Moth|Fiery Dance|p1: Farigiraf|[notarget]\n|-fail|p2a: Iron Moth\n|\n|upkeep\n|\n|t:|1681851113\n|switch|p1b: Iron Bundle|Iron Bundle, L50|22\/100\n|switch|p1a: Annihilape|Annihilape, L50, M|100\/100\n|turn|8\n|\n|t:|1681851136\n|-terastallize|p1a: Annihilape|Steel\n|move|p1b: Iron Bundle|Protect|p1b: Iron Bundle\n|-singleturn|p1b: Iron Bundle|Protect\n|move|p2b: Hatterene|Dazzling Gleam|p1b: Iron Bundle|[spread] p1a\n|-activate|p1b: Iron Bundle|move: Protect\n|-resisted|p1a: Annihilape\n|-damage|p1a: Annihilape|89\/100\n|move|p1a: Annihilape|Rage Fist|p2b: Hatterene\n|-supereffective|p2b: Hatterene\n|-damage|p2b: Hatterene|0 fnt\n|faint|p2b: Hatterene\n|move|p2a: Iron Moth|Fiery Dance|p1a: Annihilape\n|-supereffective|p1a: Annihilape\n|-damage|p1a: Annihilape|0 fnt\n|-boost|p2a: Iron Moth|spa|1\n|faint|p1a: Annihilape\n|\n|upkeep\n|\n|t:|1681851152\n|switch|p2b: Murkrow|Murkrow, L50, F|50\/100\n|turn|9\n|\n|t:|1681851160\n|move|p2b: Murkrow|Foul Play|p1b: Iron Bundle\n|-damage|p1b: Iron Bundle|0 fnt\n|faint|p1b: Iron Bundle\n|-end|p1b: Iron Bundle|Quark Drive|[silent]\n|\n|win|Ykrach\n|raw|barriletCosmic's rating: 1134 → 1104<\/strong> (-30 for losing)\n|raw|Ykrach's rating: 1057 → 1095<\/strong> (+38 for winning)\n|l|\u2606barriletCosmic\n","uploadtime":1681851167,"views":14,"p1id":"barriletcosmic","p2id":"ykrach","formatid":"gen9vgc2023regulationc","rating":1095,"private":0,"password":""}