{"id":"gen9vgc2023regulationc-1861108458","p1":"Rofus10","p2":"DarthIgnus","format":"[Gen 9] VGC 2023 Regulation C","log":"|j|\u203dRofus10\n|j|\u2606DarthIgnus\n|t:|1683727293\n|gametype|doubles\n|player|p1|Rofus10|102|1256\n|player|p2|DarthIgnus|dragontamer|1329\n|teamsize|p1|6\n|teamsize|p2|6\n|gen|9\n|tier|[Gen 9] VGC 2023 Regulation C\n|rated|\n|rule|Species Clause: Limit one of each Pok\u00e9mon\n|rule|Item Clause: Limit one of each item\n|clearpoke\n|poke|p1|Torkoal, L50, M|\n|poke|p1|Roaring Moon, L50|\n|poke|p1|Flutter Mane, L50|\n|poke|p1|Ting-Lu, L50|\n|poke|p1|Scream Tail, L50|\n|poke|p1|Arcanine, L50, M|\n|poke|p2|Orthworm, L50, F|\n|poke|p2|Flutter Mane, L50|\n|poke|p2|Dragonite, L50, F|\n|poke|p2|Ting-Lu, L50|\n|poke|p2|Baxcalibur, L50, F|\n|poke|p2|Gyarados, L50, M|\n|teampreview|4\nDarthIgnus has agreed to open team sheets.\n|inactive|Battle timer is ON: inactive players will automatically lose when time's up. (requested by Rofus10)\n|inactive|DarthIgnus has 60 seconds left.\n|inactive|DarthIgnus has 30 seconds left.\n|\n|t:|1683727367\n|start\n|switch|p1a: Arcanine|Arcanine, L50, M|100\/100\n|switch|p1b: Flutter Mane|Flutter Mane, L50|100\/100\n|switch|p2a: Orthworm|Orthworm, L50, F|100\/100\n|switch|p2b: Ting-Lu|Ting-Lu, L50|100\/100\n|-ability|p1a: Arcanine|Intimidate|boost\n|-unboost|p2a: Orthworm|atk|1\n|-unboost|p2b: Ting-Lu|atk|1\n|-ability|p2b: Ting-Lu|Vessel of Ruin\n|turn|1\n|inactive|Rofus10 has 30 seconds left.\n|inactive|DarthIgnus has 30 seconds left.\n|\n|t:|1683727399\n|-terastallize|p2a: Orthworm|Fire\n|move|p1b: Flutter Mane|Shadow Ball|p2a: Orthworm\n|-damage|p2a: Orthworm|58\/100\n|move|p1a: Arcanine|Close Combat|p2a: Orthworm\n|-damage|p2a: Orthworm|32\/100\n|-unboost|p1a: Arcanine|def|1\n|-unboost|p1a: Arcanine|spd|1\n|-enditem|p2a: Orthworm|Sitrus Berry|[eat]\n|-heal|p2a: Orthworm|57\/100|[from] item: Sitrus Berry\n|move|p2b: Ting-Lu|Bulldoze|p1a: Arcanine|[spread] p1a,p1b\n|-heal|p2a: Orthworm|82\/100|[from] ability: Earth Eater|[of] p2b: Ting-Lu\n|-supereffective|p1a: Arcanine\n|-crit|p1b: Flutter Mane\n|-damage|p1a: Arcanine|42\/100\n|-damage|p1b: Flutter Mane|33\/100\n|-unboost|p1a: Arcanine|spe|1\n|-unboost|p1b: Flutter Mane|spe|1\n|move|p2a: Orthworm|Heavy Slam|p1b: Flutter Mane\n|-supereffective|p1b: Flutter Mane\n|-damage|p1b: Flutter Mane|0 fnt\n|faint|p1b: Flutter Mane\n|-end|p1b: Flutter Mane|Protosynthesis|[silent]\n|\n|upkeep\n|\n|t:|1683727420\n|switch|p1b: Scream Tail|Scream Tail, L50|100\/100\n|turn|2\n|\n|t:|1683727436\n|switch|p1a: Torkoal|Torkoal, L50, M|100\/100\n|-weather|SunnyDay|[from] ability: Drought|[of] p1a: Torkoal\n|-activate|p1b: Scream Tail|ability: Protosynthesis\n|-start|p1b: Scream Tail|protosynthesisspe\n|-terastallize|p1b: Scream Tail|Steel\n|move|p1b: Scream Tail|Disable|p2b: Ting-Lu\n|-start|p2b: Ting-Lu|Disable|Bulldoze\n|cant|p2b: Ting-Lu|Disable|Bulldoze\n|move|p2a: Orthworm|Heavy Slam|p1b: Scream Tail\n|-resisted|p1b: Scream Tail\n|-damage|p1b: Scream Tail|93\/100\n|\n|-weather|SunnyDay|[upkeep]\n|-heal|p1b: Scream Tail|99\/100|[from] item: Leftovers\n|upkeep\n|turn|3\n|\n|t:|1683727460\n|switch|p2b: Baxcalibur|Baxcalibur, L50, F|100\/100\n|move|p1b: Scream Tail|Encore||[still]\n|-fail|p1b: Scream Tail\n|move|p2a: Orthworm|Body Press|p1a: Torkoal\n|-damage|p1a: Torkoal|71\/100\n|move|p1a: Torkoal|Eruption|p2b: Baxcalibur|[spread] p2a,p2b\n|-resisted|p2a: Orthworm\n|-damage|p2a: Orthworm|53\/100\n|-damage|p2b: Baxcalibur|49\/100\n|-ability|p2b: Baxcalibur|Thermal Exchange|boost\n|-boost|p2b: Baxcalibur|atk|1\n|\n|-weather|SunnyDay|[upkeep]\n|-heal|p1b: Scream Tail|100\/100|[from] item: Leftovers\n|upkeep\n|turn|4\n|\n|t:|1683727480\n|move|p1b: Scream Tail|Disable|p2a: Orthworm\n|-start|p2a: Orthworm|Disable|Body Press\n|move|p2b: Baxcalibur|Earthquake|p1a: Torkoal|[spread] p1a,p1b\n|-heal|p2a: Orthworm|78\/100|[from] ability: Earth Eater|[of] p2b: Baxcalibur\n|-supereffective|p1a: Torkoal\n|-supereffective|p1b: Scream Tail\n|-damage|p1a: Torkoal|0 fnt\n|-damage|p1b: Scream Tail|38\/100\n|faint|p1a: Torkoal\n|cant|p2a: Orthworm|Disable|Body Press\n|\n|-weather|SunnyDay|[upkeep]\n|-heal|p1b: Scream Tail|44\/100|[from] item: Leftovers\n|upkeep\n|\n|t:|1683727488\n|switch|p1a: Arcanine|Arcanine, L50, M|42\/100\n|-ability|p1a: Arcanine|Intimidate|boost\n|-unboost|p2a: Orthworm|atk|1\n|-fail|p2b: Baxcalibur|unboost|[from] item: Clear Amulet|[of] p2b: Baxcalibur\n|turn|5\n|\n|t:|1683727499\n|move|p1b: Scream Tail|Howl|p1b: Scream Tail|[spread] p1a,p1b\n|-boost|p1a: Arcanine|atk|1\n|-boost|p1b: Scream Tail|atk|1\n|move|p2b: Baxcalibur|Earthquake|p1a: Arcanine|[spread] p1a,p1b\n|-heal|p2a: Orthworm|100\/100|[from] ability: Earth Eater|[of] p2b: Baxcalibur\n|-supereffective|p1a: Arcanine\n|-supereffective|p1b: Scream Tail\n|-damage|p1a: Arcanine|0 fnt\n|-damage|p1b: Scream Tail|0 fnt\n|faint|p1a: Arcanine\n|faint|p1b: Scream Tail\n|-end|p1b: Scream Tail|Protosynthesis|[silent]\n|\n|win|DarthIgnus\n|raw|Rofus10's rating: 1256 → 1236<\/strong> (-20 for losing)\n|raw|DarthIgnus's rating: 1329 → 1345<\/strong> (+16 for winning)\n|l|\u203dRofus10\n","uploadtime":1683727511,"views":19,"p1id":"rofus10","p2id":"darthignus","formatid":"gen9vgc2023regulationc","rating":1236,"private":0,"password":""}