{"id":"gen9vgc2023regulationc-1850528164","p1":"bennoVGC","p2":"Infernape314","format":"[Gen 9] VGC 2023 Regulation C","log":"|j|\u2606bennoVGC\n|j|\u2606Infernape314\n|t:|1682345947\n|gametype|doubles\n|player|p1|bennoVGC|2|\n|player|p2|Infernape314|265|\n|teamsize|p1|6\n|teamsize|p2|6\n|gen|9\n|tier|[Gen 9] VGC 2023 Regulation C\n|rated|Tournament battle\n|rule|Species Clause: Limit one of each Pok\u00e9mon\n|rule|Item Clause: Limit one of each item\n|clearpoke\n|poke|p1|Palafin, L50, F|\n|poke|p1|Arcanine, L50, F|\n|poke|p1|Flutter Mane, L50|\n|poke|p1|Amoonguss, L50, F|\n|poke|p1|Ting-Lu, L50|\n|poke|p1|Pawmot, L50, M|\n|poke|p2|Palafin, L50, F|\n|poke|p2|Amoonguss, L50, M|\n|poke|p2|Pelipper, L50, F|\n|poke|p2|Iron Hands, L50|\n|poke|p2|Chien-Pao, L50|\n|poke|p2|Salamence, L50, M|\n|teampreview|4\n|raw| Open Team Sheet for bennoVGC<\/summary>Palafin @ Clear Amulet Ability: Zero to Hero Level: 50 Shiny: Yes Tera Type: Water - Jet Punch - Wave Crash - Protect - Close Combat Arcanine @ Safety Goggles Ability: Intimidate Level: 50 Shiny: Yes Tera Type: Flying - Protect - Flare Blitz - Will-O-Wisp - Extreme Speed Flutter Mane @ Choice Specs Ability: Protosynthesis Level: 50 Shiny: Yes Tera Type: Grass - Dazzling Gleam - Moonblast - Shadow Ball - Power Gem Amoonguss @ Mental Herb Ability: Regenerator Level: 50 Shiny: Yes Tera Type: Water - Protect - Spore - Rage Powder - Pollen Puff Ting-Lu @ Assault Vest Ability: Vessel of Ruin Level: 50 Tera Type: Poison - Ruination - Heavy Slam - Stomping Tantrum - Fissure Pawmot @ Focus Sash Ability: Natural Cure Level: 50 Shiny: Yes Tera Type: Electric - Fake Out - Double Shock - Close Combat - Revival Blessing <\/details><\/div> Open Team Sheet for Infernape314<\/summary>Palafin @ Mystic Water Ability: Zero to Hero Level: 50 Tera Type: Water - Wave Crash - Jet Punch - Haze - Protect Amoonguss @ Sitrus Berry Ability: Regenerator Level: 50 Tera Type: Dark - Spore - Rage Powder - Pollen Puff - Protect Pelipper @ Focus Sash Ability: Drizzle Level: 50 Tera Type: Grass - Hydro Pump - Hurricane - Tailwind - Wide Guard Iron Hands @ Assault Vest Ability: Quark Drive Level: 50 Tera Type: Grass - Drain Punch - Wild Charge - Fake Out - Volt Switch Chien-Pao @ Life Orb Ability: Sword of Ruin Level: 50 Tera Type: Ghost - Ice Spinner - Sucker Punch - Sacred Sword - Protect Salamence @ Sharp Beak Ability: Intimidate Level: 50 Tera Type: Steel - Draco Meteor - Hurricane - Tera Blast - Protect <\/details><\/div>\n|inactive|Battle timer is ON: inactive players will automatically lose when time's up. (requested by Infernape314)\n|j| sunnyco\n|l| sunnyco\n|inactive|bennoVGC has 60 seconds left.\n|inactive|Infernape314 has 60 seconds left.\n|\n|t:|1682345999\n|start\n|switch|p1a: Flutter Mane|Flutter Mane, L50, shiny|100\/100\n|switch|p1b: Pawmot|Pawmot, L50, M, shiny|100\/100\n|switch|p2a: Palafin|Palafin, L50, F|100\/100\n|switch|p2b: Salamence|Salamence, L50, M|100\/100\n|-ability|p2b: Salamence|Intimidate|boost\n|-unboost|p1a: Flutter Mane|atk|1\n|-unboost|p1b: Pawmot|atk|1\n|turn|1\n|inactive|bennoVGC has 30 seconds left.\n|inactive|Infernape314 has 30 seconds left.\n|\n|t:|1682346030\n|-terastallize|p2b: Salamence|Steel\n|move|p2a: Palafin|Protect|p2a: Palafin\n|-singleturn|p2a: Palafin|Protect\n|move|p1b: Pawmot|Fake Out|p2b: Salamence\n|-resisted|p2b: Salamence\n|-damage|p2b: Salamence|95\/100\n|move|p1a: Flutter Mane|Dazzling Gleam|p2b: Salamence|[spread] p2b\n|-activate|p2a: Palafin|move: Protect\n|-resisted|p2b: Salamence\n|-damage|p2b: Salamence|67\/100\n|cant|p2b: Salamence|flinch\n|\n|upkeep\n|turn|2\n|\n|t:|1682346049\n|-end|p1a: Flutter Mane|Protosynthesis|[silent]\n|switch|p1a: Amoonguss|Amoonguss, L50, F, shiny|100\/100\n|detailschange|p2a: Palafin|Palafin-Hero, L50, F\n|switch|p2a: Iron Hands|Iron Hands, L50|100\/100\n|move|p2b: Salamence|Protect|p2b: Salamence\n|-singleturn|p2b: Salamence|Protect\n|move|p1b: Pawmot|Close Combat|p2b: Salamence\n|-activate|p2b: Salamence|move: Protect\n|\n|upkeep\n|turn|3\n|\n|t:|1682346070\n|switch|p1b: Arcanine|Arcanine, L50, F, shiny|100\/100\n|-ability|p1b: Arcanine|Intimidate|boost\n|-unboost|p2a: Iron Hands|atk|1\n|-unboost|p2b: Salamence|atk|1\n|move|p1a: Amoonguss|Protect|p1a: Amoonguss\n|-singleturn|p1a: Amoonguss|Protect\n|move|p2a: Iron Hands|Fake Out|p1b: Arcanine\n|-damage|p1b: Arcanine|89\/100\n|move|p2b: Salamence|Hurricane|p1a: Amoonguss\n|-activate|p1a: Amoonguss|move: Protect\n|\n|upkeep\n|turn|4\n|inactive|bennoVGC has 30 seconds left.\n|inactive|bennoVGC has 20 seconds left.\n|inactive|bennoVGC has 15 seconds left.\n|inactive|bennoVGC has 10 seconds left.\n|inactive|bennoVGC has 5 seconds left.\n|\n|t:|1682346122\n|-end|p2a: Iron Hands|Quark Drive|[silent]\n|switch|p2a: Pelipper|Pelipper, L50, F|100\/100\n|-weather|RainDance|[from] ability: Drizzle|[of] p2a: Pelipper\n|move|p2b: Salamence|Hurricane|p1a: Amoonguss\n|-supereffective|p1a: Amoonguss\n|-damage|p1a: Amoonguss|0 fnt\n|faint|p1a: Amoonguss\n|move|p1b: Arcanine|Flare Blitz|p2b: Salamence\n|-supereffective|p2b: Salamence\n|-damage|p2b: Salamence|8\/100\n|-status|p2b: Salamence|brn\n|-damage|p1b: Arcanine|72\/100|[from] Recoil\n|\n|-weather|RainDance|[upkeep]\n|-damage|p2b: Salamence|2\/100 brn|[from] brn\n|upkeep\n|\n|t:|1682346147\n|switch|p1a: Pawmot|Pawmot, L50, M, shiny|100\/100\n|turn|5\n|j| FunneeMonkee\n|inactive|Infernape314 has 30 seconds left.\n|\n|t:|1682346174\n|move|p1a: Pawmot|Fake Out|p2a: Pelipper\n|-damage|p2a: Pelipper|84\/100\n|move|p1b: Arcanine|Extreme Speed|p2b: Salamence\n|-resisted|p2b: Salamence\n|-damage|p2b: Salamence|0 fnt\n|faint|p2b: Salamence\n|cant|p2a: Pelipper|flinch\n|\n|-weather|RainDance|[upkeep]\n|upkeep\n|\n|t:|1682346183\n|switch|p2b: Iron Hands|Iron Hands, L50|100\/100\n|turn|6\n|\n|t:|1682346205\n|switch|p1a: Flutter Mane|Flutter Mane, L50, shiny|100\/100\n|move|p2b: Iron Hands|Fake Out|p1a: Flutter Mane\n|-immune|p1a: Flutter Mane\n|move|p1b: Arcanine|Will-O-Wisp|p2b: Iron Hands\n|-status|p2b: Iron Hands|brn\n|move|p2a: Pelipper|Hydro Pump|p1b: Arcanine\n|-supereffective|p1b: Arcanine\n|-damage|p1b: Arcanine|0 fnt\n|faint|p1b: Arcanine\n|\n|-weather|RainDance|[upkeep]\n|-damage|p2b: Iron Hands|94\/100 brn|[from] brn\n|upkeep\n|\n|t:|1682346213\n|switch|p1b: Pawmot|Pawmot, L50, M, shiny|100\/100\n|turn|7\n|inactive|bennoVGC has 30 seconds left.\n|inactive|Infernape314 has 30 seconds left.\n|\n|t:|1682346244\n|-end|p2b: Iron Hands|Quark Drive|[silent]\n|switch|p2b: Palafin|Palafin-Hero, L50, F|100\/100\n|-activate|p2b: Palafin|ability: Zero to Hero\n|move|p2a: Pelipper|Wide Guard|p2a: Pelipper\n|-singleturn|p2a: Pelipper|Wide Guard\n|move|p1a: Flutter Mane|Moonblast|p2b: Palafin\n|-damage|p2b: Palafin|33\/100\n|move|p1b: Pawmot|Double Shock|p2a: Pelipper\n|-supereffective|p2a: Pelipper\n|-damage|p2a: Pelipper|0 fnt\n|-start|p1b: Pawmot|typechange|???\/Fighting|[from] move: Double Shock\n|faint|p2a: Pelipper\n|\n|-weather|RainDance|[upkeep]\n|upkeep\n|\n|t:|1682346259\n|switch|p2a: Iron Hands|Iron Hands, L50|94\/100 brn\n|turn|8\n|inactive|bennoVGC has 30 seconds left.\n|\n|t:|1682346292\n|-terastallize|p1a: Flutter Mane|Grass\n|move|p2a: Iron Hands|Fake Out|p1b: Pawmot\n|-damage|p1b: Pawmot|88\/100\n|move|p2b: Palafin|Jet Punch|p1a: Flutter Mane\n|-resisted|p1a: Flutter Mane\n|-damage|p1a: Flutter Mane|35\/100\n|move|p1a: Flutter Mane|Moonblast|p2b: Palafin\n|-damage|p2b: Palafin|0 fnt\n|faint|p2b: Palafin\n|cant|p1b: Pawmot|flinch\n|\n|-weather|none\n|-damage|p2a: Iron Hands|88\/100 brn|[from] brn\n|upkeep\n|turn|9\n|\n|t:|1682346311\n|move|p1a: Flutter Mane|Moonblast|p2a: Iron Hands\n|-supereffective|p2a: Iron Hands\n|-damage|p2a: Iron Hands|7\/100 brn\n|-unboost|p2a: Iron Hands|spa|1\n|move|p1b: Pawmot|Revival Blessing|p1b: Pawmot\n|\n|t:|1682346316\n|-heal|p1: Arcanine|50\/100|[from] move: Revival Blessing\n|move|p2a: Iron Hands|Drain Punch|p1a: Flutter Mane\n|-damage|p1a: Flutter Mane|0 fnt\n|-heal|p2a: Iron Hands|18\/100 brn|[from] drain|[of] p1a: Flutter Mane\n|faint|p1a: Flutter Mane\n|-end|p1a: Flutter Mane|Protosynthesis|[silent]\n|\n|-damage|p2a: Iron Hands|12\/100 brn|[from] brn\n|upkeep\n|c|\u2606bennoVGC|gg\n|\n|t:|1682346326\n|switch|p1a: Arcanine|Arcanine, L50, F, shiny|50\/100\n|-ability|p1a: Arcanine|Intimidate|boost\n|-unboost|p2a: Iron Hands|atk|1\n|turn|10\n|c|\u2606Infernape314|gg\n|\n|t:|1682346331\n|move|p1b: Pawmot|Close Combat|p2a: Iron Hands\n|-damage|p2a: Iron Hands|0 fnt\n|-unboost|p1b: Pawmot|def|1\n|-unboost|p1b: Pawmot|spd|1\n|faint|p2a: Iron Hands\n|-end|p2a: Iron Hands|Quark Drive|[silent]\n|\n|win|bennoVGC\n|n|\u2606bennoVGC|bennovgc\n|n|\u2606Infernape314|infernape314\n|n| FunneeMonkee|funneemonkee\n","uploadtime":1682346337,"views":26,"p1id":"bennovgc","p2id":"infernape314","formatid":"gen9vgc2023regulationc","rating":0,"private":0,"password":""}