{"id":"gen9vgc2023regulationc-1863864799","p1":"akcolade","p2":"championx18","format":"[Gen 9] VGC 2023 Regulation C","log":"|j|\u2606akcolade\n|j|\u2606championx18\n|t:|1684086970\n|gametype|doubles\n|player|p1|akcolade|101|1216\n|player|p2|championx18|169|1219\n|teamsize|p1|6\n|teamsize|p2|6\n|gen|9\n|tier|[Gen 9] VGC 2023 Regulation C\n|rated|\n|rule|Species Clause: Limit one of each Pok\u00e9mon\n|rule|Item Clause: Limit one of each item\n|clearpoke\n|poke|p1|Glimmora, L50, F|\n|poke|p1|Gholdengo, L50|\n|poke|p1|Maushold, L50|\n|poke|p1|Dondozo, L50, M|\n|poke|p1|Tatsugiri, L50, F|\n|poke|p1|Great Tusk, L50|\n|poke|p2|Grimmsnarl, L50, M|\n|poke|p2|Corviknight, L50, F|\n|poke|p2|Gholdengo, L50|\n|poke|p2|Chien-Pao, L50|\n|poke|p2|Ting-Lu, L50|\n|poke|p2|Arcanine, L50, M|\n|teampreview|4\n|inactive|Battle timer is ON: inactive players will automatically lose when time's up. (requested by championx18)\nakcolade has agreed to open team sheets.\n|inactive|akcolade has 60 seconds left.\n|inactive|championx18 has 60 seconds left.\nchampionx18 has agreed to open team sheets.\n|\n|t:|1684087017\n|start\n|switch|p1a: Tatsugiri|Tatsugiri, L50, F|100\/100\n|switch|p1b: Great Tusk|Great Tusk, L50|100\/100\n|switch|p2a: Gholdengo|Gholdengo, L50|100\/100\n|switch|p2b: Grimmsnarl|Grimmsnarl, L50, M|100\/100\n|-enditem|p1b: Great Tusk|Booster Energy\n|-activate|p1b: Great Tusk|ability: Protosynthesis|[fromitem]\n|-start|p1b: Great Tusk|protosynthesisatk\n|turn|1\n|\n|t:|1684087038\n|switch|p2a: Corviknight|Corviknight, L50, F|100\/100\n|-terastallize|p1a: Tatsugiri|Flying\n|move|p2b: Grimmsnarl|Reflect|p2b: Grimmsnarl\n|-sidestart|p2: championx18|Reflect\n|move|p1a: Tatsugiri|Muddy Water|p2b: Grimmsnarl|[spread] p2a,p2b\n|-damage|p2a: Corviknight|74\/100\n|-damage|p2b: Grimmsnarl|70\/100\n|-ability|p2a: Corviknight|Mirror Armor\n|-unboost|p1a: Tatsugiri|accuracy|1\n|-unboost|p2b: Grimmsnarl|accuracy|1\n|move|p1b: Great Tusk|Earthquake|p2a: Corviknight|[spread] p2b\n|-immune|p1a: Tatsugiri\n|-immune|p2a: Corviknight\n|-crit|p2b: Grimmsnarl\n|-damage|p2b: Grimmsnarl|0 fnt\n|faint|p2b: Grimmsnarl\n|\n|-heal|p2a: Corviknight|80\/100|[from] item: Leftovers\n|upkeep\n|\n|t:|1684087059\n|switch|p2b: Gholdengo|Gholdengo, L50|100\/100\n|turn|2\n|\n|t:|1684087070\n|move|p1a: Tatsugiri|Muddy Water|p2a: Corviknight|[spread] p2b\n|-miss|p1a: Tatsugiri|p2a: Corviknight\n|-damage|p2b: Gholdengo|65\/100\n|-unboost|p2b: Gholdengo|accuracy|1\n|move|p1b: Great Tusk|Earthquake|p2a: Corviknight|[spread] p2b\n|-immune|p1a: Tatsugiri\n|-immune|p2a: Corviknight\n|-supereffective|p2b: Gholdengo\n|-damage|p2b: Gholdengo|0 fnt\n|faint|p2b: Gholdengo\n|move|p2a: Corviknight|Bulk Up|p2a: Corviknight\n|-boost|p2a: Corviknight|atk|1\n|-boost|p2a: Corviknight|def|1\n|\n|-heal|p2a: Corviknight|86\/100|[from] item: Leftovers\n|upkeep\n|\n|t:|1684087080\n|switch|p2b: Chien-Pao|Chien-Pao, L50|100\/100\n|-ability|p2b: Chien-Pao|Sword of Ruin\n|turn|3\n|inactive|akcolade has 30 seconds left.\n|\n|t:|1684087106\n|switch|p1a: Dondozo|Dondozo, L50, M|100\/100\n|move|p2b: Chien-Pao|Protect|p2b: Chien-Pao\n|-singleturn|p2b: Chien-Pao|Protect\n|move|p1b: Great Tusk|Protect|p1b: Great Tusk\n|-singleturn|p1b: Great Tusk|Protect\n|move|p2a: Corviknight|Brave Bird|p1b: Great Tusk\n|-activate|p1b: Great Tusk|move: Protect\n|\n|-heal|p2a: Corviknight|92\/100|[from] item: Leftovers\n|upkeep\n|turn|4\n|\n|t:|1684087127\n|-end|p1b: Great Tusk|Protosynthesis|[silent]\n|switch|p1b: Tatsugiri|Tatsugiri, L50, F, tera:Flying|100\/100\n|-activate|p1b: Tatsugiri|ability: Commander|[of] p1a: Dondozo\n|-boost|p1a: Dondozo|atk|2\n|-boost|p1a: Dondozo|spa|2\n|-boost|p1a: Dondozo|spe|2\n|-boost|p1a: Dondozo|def|2\n|-boost|p1a: Dondozo|spd|2\n|move|p2b: Chien-Pao|Sucker Punch||[still]\n|-fail|p2b: Chien-Pao\n|move|p1a: Dondozo|Wave Crash|p2b: Chien-Pao\n|-damage|p2b: Chien-Pao|11\/100\n|-damage|p1a: Dondozo|80\/100|[from] Recoil\n|move|p2a: Corviknight|Brave Bird|p1b: Tatsugiri|[miss]\n|-miss|p2a: Corviknight|p1b: Tatsugiri\n|\n|-heal|p1a: Dondozo|86\/100|[from] item: Leftovers\n|-heal|p2a: Corviknight|98\/100|[from] item: Leftovers\n|upkeep\n|turn|5\n|\n|t:|1684087141\n|move|p2b: Chien-Pao|Haze|p2b: Chien-Pao\n|-clearallboost\n|move|p2a: Corviknight|Bulk Up|p2a: Corviknight\n|-boost|p2a: Corviknight|atk|1\n|-boost|p2a: Corviknight|def|1\n|move|p1a: Dondozo|Wave Crash|p2b: Chien-Pao\n|-damage|p2b: Chien-Pao|0 fnt\n|faint|p2b: Chien-Pao\n|-damage|p1a: Dondozo|84\/100|[from] Recoil\n|\n|-heal|p2a: Corviknight|100\/100|[from] item: Leftovers\n|-heal|p1a: Dondozo|90\/100|[from] item: Leftovers\n|upkeep\n|turn|6\n|\n|t:|1684087150\n|move|p2a: Corviknight|Body Press|p1a: Dondozo\n|-damage|p1a: Dondozo|68\/100\n|move|p1a: Dondozo|Wave Crash|p2a: Corviknight\n|-damage|p2a: Corviknight|83\/100\n|-damage|p1a: Dondozo|63\/100|[from] Recoil\n|\n|-heal|p2a: Corviknight|89\/100|[from] item: Leftovers\n|-heal|p1a: Dondozo|69\/100|[from] item: Leftovers\n|upkeep\n|turn|7\n|\n|t:|1684087155\n|move|p2a: Corviknight|Bulk Up|p2a: Corviknight\n|-boost|p2a: Corviknight|atk|1\n|-boost|p2a: Corviknight|def|1\n|move|p1a: Dondozo|Wave Crash|p2a: Corviknight\n|-damage|p2a: Corviknight|76\/100\n|-damage|p1a: Dondozo|65\/100|[from] Recoil\n|\n|-heal|p2a: Corviknight|82\/100|[from] item: Leftovers\n|-heal|p1a: Dondozo|71\/100|[from] item: Leftovers\n|upkeep\n|turn|8\n|\n|t:|1684087162\n|move|p2a: Corviknight|Bulk Up|p2a: Corviknight\n|-boost|p2a: Corviknight|atk|1\n|-boost|p2a: Corviknight|def|1\n|move|p1a: Dondozo|Wave Crash|p2a: Corviknight\n|-damage|p2a: Corviknight|71\/100\n|-damage|p1a: Dondozo|68\/100|[from] Recoil\n|\n|-heal|p2a: Corviknight|77\/100|[from] item: Leftovers\n|-heal|p1a: Dondozo|74\/100|[from] item: Leftovers\n|-sideend|p2: championx18|Reflect\n|upkeep\n|turn|9\n|\n|t:|1684087170\n|move|p2a: Corviknight|Bulk Up|p2a: Corviknight\n|-boost|p2a: Corviknight|atk|1\n|-boost|p2a: Corviknight|def|1\n|move|p1a: Dondozo|Wave Crash|p2a: Corviknight\n|-damage|p2a: Corviknight|63\/100\n|-damage|p1a: Dondozo|70\/100|[from] Recoil\n|\n|-heal|p2a: Corviknight|69\/100|[from] item: Leftovers\n|-heal|p1a: Dondozo|77\/100|[from] item: Leftovers\n|upkeep\n|turn|10\n|\n|t:|1684087173\n|move|p2a: Corviknight|Roost|p2a: Corviknight\n|-heal|p2a: Corviknight|100\/100\n|-singleturn|p2a: Corviknight|move: Roost\n|move|p1a: Dondozo|Wave Crash|p2a: Corviknight\n|-damage|p2a: Corviknight|87\/100\n|-damage|p1a: Dondozo|73\/100|[from] Recoil\n|\n|-heal|p2a: Corviknight|93\/100|[from] item: Leftovers\n|-heal|p1a: Dondozo|79\/100|[from] item: Leftovers\n|upkeep\n|turn|11\n|\n|t:|1684087177\n|move|p2a: Corviknight|Body Press|p1a: Dondozo\n|-damage|p1a: Dondozo|40\/100\n|move|p1a: Dondozo|Wave Crash|p2a: Corviknight\n|-damage|p2a: Corviknight|80\/100\n|-damage|p1a: Dondozo|36\/100|[from] Recoil\n|\n|-heal|p2a: Corviknight|85\/100|[from] item: Leftovers\n|-heal|p1a: Dondozo|42\/100|[from] item: Leftovers\n|upkeep\n|turn|12\n|\n|t:|1684087182\n|move|p2a: Corviknight|Bulk Up|p2a: Corviknight\n|-boost|p2a: Corviknight|atk|1\n|-boost|p2a: Corviknight|def|1\n|move|p1a: Dondozo|Wave Crash|p2a: Corviknight\n|-damage|p2a: Corviknight|74\/100\n|-damage|p1a: Dondozo|39\/100|[from] Recoil\n|\n|-heal|p2a: Corviknight|80\/100|[from] item: Leftovers\n|-heal|p1a: Dondozo|45\/100|[from] item: Leftovers\n|upkeep\n|turn|13\n|\n|t:|1684087185\n|move|p2a: Corviknight|Roost|p2a: Corviknight\n|-heal|p2a: Corviknight|100\/100\n|-singleturn|p2a: Corviknight|move: Roost\n|move|p1a: Dondozo|Wave Crash|p2a: Corviknight\n|-damage|p2a: Corviknight|88\/100\n|-damage|p1a: Dondozo|41\/100|[from] Recoil\n|\n|-heal|p2a: Corviknight|94\/100|[from] item: Leftovers\n|-heal|p1a: Dondozo|47\/100|[from] item: Leftovers\n|upkeep\n|turn|14\n|\n|t:|1684087187\n|move|p2a: Corviknight|Body Press|p1a: Dondozo\n|-damage|p1a: Dondozo|0 fnt\n|faint|p1a: Dondozo\n|\n|-heal|p2a: Corviknight|99\/100|[from] item: Leftovers\n|upkeep\n|\n|t:|1684087199\n|switch|p1a: Glimmora|Glimmora, L50, F|100\/100\n|turn|15\n|\n|t:|1684087208\n|move|p1b: Tatsugiri|Draco Meteor|p2a: Corviknight\n|-resisted|p2a: Corviknight\n|-damage|p2a: Corviknight|71\/100\n|-unboost|p1b: Tatsugiri|spa|2\n|move|p1a: Glimmora|Power Gem|p2a: Corviknight\n|-damage|p2a: Corviknight|41\/100\n|move|p2a: Corviknight|Body Press|p1a: Glimmora\n|-damage|p1a: Glimmora|35\/100\n|-activate|p1a: Glimmora|ability: Toxic Debris\n|-sidestart|p2: championx18|move: Toxic Spikes\n|\n|-heal|p2a: Corviknight|47\/100|[from] item: Leftovers\n|upkeep\n|turn|16\n|\n|t:|1684087219\n|move|p1b: Tatsugiri|Draco Meteor|p2a: Corviknight\n|-resisted|p2a: Corviknight\n|-damage|p2a: Corviknight|33\/100\n|-unboost|p1b: Tatsugiri|spa|2\n|move|p1a: Glimmora|Power Gem|p2a: Corviknight\n|-damage|p2a: Corviknight|1\/100\n|move|p2a: Corviknight|Roost|p2a: Corviknight\n|-heal|p2a: Corviknight|52\/100\n|-singleturn|p2a: Corviknight|move: Roost\n|\n|-heal|p2a: Corviknight|58\/100|[from] item: Leftovers\n|upkeep\n|turn|17\n|\n|t:|1684087224\n|move|p1b: Tatsugiri|Draco Meteor|p2a: Corviknight\n|-resisted|p2a: Corviknight\n|-damage|p2a: Corviknight|48\/100\n|-unboost|p1b: Tatsugiri|spa|2\n|move|p1a: Glimmora|Power Gem|p2a: Corviknight\n|-damage|p2a: Corviknight|21\/100\n|move|p2a: Corviknight|Roost|p2a: Corviknight\n|-heal|p2a: Corviknight|71\/100\n|-singleturn|p2a: Corviknight|move: Roost\n|\n|-heal|p2a: Corviknight|77\/100|[from] item: Leftovers\n|upkeep\n|turn|18\n|\n|t:|1684087234\n|move|p1b: Tatsugiri|Draco Meteor|p2a: Corviknight\n|-resisted|p2a: Corviknight\n|-damage|p2a: Corviknight|70\/100\n|move|p1a: Glimmora|Power Gem|p2a: Corviknight\n|-damage|p2a: Corviknight|39\/100\n|move|p2a: Corviknight|Body Press|p1a: Glimmora\n|-damage|p1a: Glimmora|0 fnt\n|-activate|p1a: Glimmora|ability: Toxic Debris\n|-sidestart|p2: championx18|move: Toxic Spikes\n|faint|p1a: Glimmora\n|\n|-heal|p2a: Corviknight|45\/100|[from] item: Leftovers\n|upkeep\n|\n|t:|1684087237\n|switch|p1a: Great Tusk|Great Tusk, L50|100\/100\n|turn|19\n|\n|t:|1684087243\n|move|p1b: Tatsugiri|Draco Meteor|p2a: Corviknight\n|-resisted|p2a: Corviknight\n|-damage|p2a: Corviknight|38\/100\n|move|p1a: Great Tusk|Close Combat|p2a: Corviknight\n|-damage|p2a: Corviknight|23\/100\n|-unboost|p1a: Great Tusk|def|1\n|-unboost|p1a: Great Tusk|spd|1\n|move|p2a: Corviknight|Roost|p2a: Corviknight\n|-heal|p2a: Corviknight|73\/100\n|-singleturn|p2a: Corviknight|move: Roost\n|\n|-heal|p2a: Corviknight|79\/100|[from] item: Leftovers\n|upkeep\n|turn|20\n|\n|t:|1684087254\n|move|p1b: Tatsugiri|Draco Meteor|p2a: Corviknight|[miss]\n|-miss|p1b: Tatsugiri|p2a: Corviknight\n|move|p1a: Great Tusk|Close Combat|p2a: Corviknight\n|-damage|p2a: Corviknight|64\/100\n|-unboost|p1a: Great Tusk|def|1\n|-unboost|p1a: Great Tusk|spd|1\n|move|p2a: Corviknight|Body Press|p1a: Great Tusk\n|-damage|p1a: Great Tusk|0 fnt\n|faint|p1a: Great Tusk\n|-end|p1a: Great Tusk|Protosynthesis|[silent]\n|\n|-heal|p2a: Corviknight|70\/100|[from] item: Leftovers\n|upkeep\n|turn|21\n|-message|akcolade forfeited.\n|\n|win|championx18\n|raw|akcolade's rating: 1216 → 1191<\/strong> (-25 for losing)\n|raw|championx18's rating: 1219 → 1244<\/strong> (+25 for winning)\n|l|\u2606akcolade\n","uploadtime":1684087266,"views":9,"p1id":"akcolade","p2id":"championx18","formatid":"gen9vgc2023regulationc","rating":1191,"private":0,"password":""}