{"id":"gen9vgc2023regulationc-1859380956","p1":"xAlber93","p2":"shisui111","format":"[Gen 9] VGC 2023 Regulation C","log":"|j|\u2606xAlber93\n|j|\u2606shisui111\n|t:|1683452307\n|gametype|doubles\n|player|p1|xAlber93|hilbert|1198\n|player|p2|shisui111|1|1238\n|teamsize|p1|6\n|teamsize|p2|6\n|gen|9\n|tier|[Gen 9] VGC 2023 Regulation C\n|rated|\n|rule|Species Clause: Limit one of each Pok\u00e9mon\n|rule|Item Clause: Limit one of each item\n|clearpoke\n|poke|p1|Lucario, L50, F|\n|poke|p1|Maushold-Four, L50|\n|poke|p1|Chien-Pao, L50|\n|poke|p1|Amoonguss, L50, F|\n|poke|p1|Ting-Lu, L50|\n|poke|p1|Flutter Mane, L50|\n|poke|p2|Talonflame, L50, F|\n|poke|p2|Garchomp, L50, F|\n|poke|p2|Arcanine, L50, M|\n|poke|p2|Amoonguss, L50, F|\n|poke|p2|Grimmsnarl, L50, M|\n|poke|p2|Chien-Pao, L50|\n|teampreview|4\n|inactive|Battle timer is ON: inactive players will automatically lose when time's up. (requested by shisui111)\n|\n|t:|1683452362\n|start\n|switch|p1a: ESPINETE|Flutter Mane, L50|100\/100\n|switch|p1b: ARTHUR|Chien-Pao, L50|100\/100\n|switch|p2a: Garchomp|Garchomp, L50, F|100\/100\n|switch|p2b: Talonflame|Talonflame, L50, F|100\/100\n|-ability|p1b: ARTHUR|Sword of Ruin\n|-enditem|p1a: ESPINETE|Booster Energy\n|-activate|p1a: ESPINETE|ability: Protosynthesis|[fromitem]\n|-start|p1a: ESPINETE|protosynthesisspe\n|turn|1\n|\n|t:|1683452381\n|-terastallize|p2a: Garchomp|Fire\n|move|p2b: Talonflame|Tailwind|p2b: Talonflame\n|-sidestart|p2: shisui111|move: Tailwind\n|move|p1b: ARTHUR|Sucker Punch||[still]\n|-fail|p1b: ARTHUR\n|move|p1a: ESPINETE|Moonblast|p2a: Garchomp\n|-resisted|p2a: Garchomp\n|-damage|p2a: Garchomp|76\/100\n|move|p2a: Garchomp|Rock Slide|p1b: ARTHUR|[spread] p1a,p1b\n|-supereffective|p1b: ARTHUR\n|-crit|p1b: ARTHUR\n|-damage|p1a: ESPINETE|52\/100\n|-damage|p1b: ARTHUR|12\/100\n|\n|upkeep\n|turn|2\n|\n|t:|1683452403\n|move|p2a: Garchomp|Protect|p2a: Garchomp\n|-singleturn|p2a: Garchomp|Protect\n|move|p1b: ARTHUR|Sucker Punch|p2b: Talonflame\n|-damage|p2b: Talonflame|42\/100\n|move|p2b: Talonflame|Flare Blitz|p1a: ESPINETE\n|-damage|p1a: ESPINETE|0 fnt\n|faint|p1a: ESPINETE\n|-end|p1a: ESPINETE|Protosynthesis|[silent]\n|-damage|p2b: Talonflame|30\/100|[from] Recoil\n|\n|upkeep\n|\n|t:|1683452414\n|switch|p1a: FELIPE V|Ting-Lu, L50|100\/100\n|-ability|p1a: FELIPE V|Vessel of Ruin\n|turn|3\n|\n|t:|1683452434\n|move|p1b: ARTHUR|Ice Shard|p2b: Talonflame\n|-damage|p2b: Talonflame|0 fnt\n|faint|p2b: Talonflame\n|move|p2a: Garchomp|Earthquake|p1b: ARTHUR|[spread] p1a,p1b\n|-damage|p1a: FELIPE V|74\/100\n|-damage|p1b: ARTHUR|0 fnt\n|faint|p1b: ARTHUR\n|move|p1a: FELIPE V|Fissure|p2a: Garchomp|[miss]\n|-miss|p1a: FELIPE V|p2a: Garchomp\n|\n|upkeep\n|\n|t:|1683452447\n|switch|p2b: Chien-Pao|Chien-Pao, L50|100\/100\n|switch|p1b: ZASKO|Amoonguss, L50, F|100\/100\n|-ability|p2b: Chien-Pao|Sword of Ruin\n|turn|4\n|\n|t:|1683452471\n|-terastallize|p1b: ZASKO|Water\n|move|p1b: ZASKO|Rage Powder|p1b: ZASKO\n|-singleturn|p1b: ZASKO|move: Rage Powder\n|move|p2b: Chien-Pao|Ice Spinner|p1b: ZASKO\n|-resisted|p1b: ZASKO\n|-damage|p1b: ZASKO|79\/100\n|move|p2a: Garchomp|Rock Slide|p1b: ZASKO|[spread] p1a\n|-miss|p2a: Garchomp|p1b: ZASKO\n|-resisted|p1a: FELIPE V\n|-damage|p1a: FELIPE V|66\/100\n|move|p1a: FELIPE V|Stomping Tantrum|p2a: Garchomp\n|-supereffective|p2a: Garchomp\n|-damage|p2a: Garchomp|0 fnt\n|-damage|p1a: FELIPE V|54\/100|[from] ability: Rough Skin|[of] p2a: Garchomp\n|faint|p2a: Garchomp\n|\n|-sideend|p2: shisui111|move: Tailwind\n|upkeep\n|\n|t:|1683452483\n|switch|p2a: Grimmsnarl|Grimmsnarl, L50, M|100\/100\n|turn|5\n|\n|t:|1683452498\n|move|p1b: ZASKO|Rage Powder|p1b: ZASKO\n|-singleturn|p1b: ZASKO|move: Rage Powder\n|move|p2a: Grimmsnarl|Taunt|p1b: ZASKO\n|-start|p1b: ZASKO|move: Taunt\n|move|p2b: Chien-Pao|Sacred Sword|p1b: ZASKO\n|-damage|p1b: ZASKO|44\/100\n|-enditem|p1b: ZASKO|Sitrus Berry|[eat]\n|-heal|p1b: ZASKO|69\/100|[from] item: Sitrus Berry\n|move|p1a: FELIPE V|Heavy Slam|p2b: Chien-Pao\n|-supereffective|p2b: Chien-Pao\n|-damage|p2b: Chien-Pao|32\/100\n|\n|upkeep\n|turn|6\n|inactive|xAlber93 has 30 seconds left.\n|inactive|shisui111 has 30 seconds left.\n|inactive|xAlber93 has 20 seconds left.\n|inactive|shisui111 has 20 seconds left.\n|\n|t:|1683452539\n|move|p2b: Chien-Pao|Protect|p2b: Chien-Pao\n|-singleturn|p2b: Chien-Pao|Protect\n|move|p2a: Grimmsnarl|Spirit Break|p1a: FELIPE V\n|-supereffective|p1a: FELIPE V\n|-damage|p1a: FELIPE V|17\/100\n|-unboost|p1a: FELIPE V|spa|1\n|move|p1a: FELIPE V|Heavy Slam|p2a: Grimmsnarl\n|-supereffective|p2a: Grimmsnarl\n|-damage|p2a: Grimmsnarl|7\/100\n|move|p1b: ZASKO|Pollen Puff|p2b: Chien-Pao\n|-activate|p2b: Chien-Pao|move: Protect\n|\n|upkeep\n|turn|7\n|inactive|xAlber93 has 30 seconds left.\n|inactive|shisui111 has 30 seconds left.\n|\n|t:|1683452569\n|move|p2b: Chien-Pao|Sacred Sword|p1a: FELIPE V\n|-supereffective|p1a: FELIPE V\n|-damage|p1a: FELIPE V|0 fnt\n|faint|p1a: FELIPE V\n|move|p2a: Grimmsnarl|Spirit Break|p1b: ZASKO\n|-damage|p1b: ZASKO|32\/100\n|-unboost|p1b: ZASKO|spa|1\n|move|p1b: ZASKO|Pollen Puff|p2b: Chien-Pao\n|-supereffective|p2b: Chien-Pao\n|-damage|p2b: Chien-Pao|0 fnt\n|faint|p2b: Chien-Pao\n|\n|upkeep\n|turn|8\n|\n|t:|1683452582\n|move|p2a: Grimmsnarl|Spirit Break|p1b: ZASKO\n|-damage|p1b: ZASKO|6\/100\n|-unboost|p1b: ZASKO|spa|1\n|move|p1b: ZASKO|Pollen Puff|p2a: Grimmsnarl\n|-damage|p2a: Grimmsnarl|1\/100\n|\n|-end|p1b: ZASKO|move: Taunt\n|upkeep\n|turn|9\n|c|\u2606xAlber93|lol men\n|c|\u2606xAlber93|gg\n|inactive|xAlber93 has 30 seconds left.\n|c|\u2606shisui111|Gg\n|c|\u2606xAlber93|nice match\n|\n|t:|1683452612\n|move|p2a: Grimmsnarl|Spirit Break|p1b: ZASKO\n|-damage|p1b: ZASKO|0 fnt\n|faint|p1b: ZASKO\n|\n|win|shisui111\n|raw|xAlber93's rating: 1198 → 1176<\/strong> (-22 for losing)\n|raw|shisui111's rating: 1238 → 1260<\/strong> (+22 for winning)\n|c|\u2606xAlber93|how much hp??\n|c|\u2606shisui111|1%\n|c|\u2606shisui111|1\/202 HP\n|c|\u2606xAlber93|how is 1% from the full hp I mean\n|c|\u2606xAlber93|WTF\n|c|\u2606xAlber93|AJAJAJAJAJ\n|c|\u2606xAlber93|nice nice\n|c|\u2606shisui111|Haha yes xD\n|c|\u2606xAlber93|nice play men\n","uploadtime":1683452659,"views":12,"p1id":"xalber93","p2id":"shisui111","formatid":"gen9vgc2023regulationc","rating":1176,"private":0,"password":""}