{"id":"gen9vgc2023regulationc-1861541834","p1":"Levelmax15","p2":"shurick","format":"[Gen 9] VGC 2023 Regulation C","log":"|j|\u2606Levelmax15\n|j|\u2606shurick\n|t:|1683770840\n|gametype|doubles\n|player|p1|Levelmax15|170|\n|player|p2|shurick|ghetsis|\n|teamsize|p1|6\n|teamsize|p2|6\n|gen|9\n|tier|[Gen 9] VGC 2023 Regulation C\n|rule|Species Clause: Limit one of each Pok\u00e9mon\n|rule|Item Clause: Limit one of each item\n|clearpoke\n|poke|p1|Chi-Yu, L50|\n|poke|p1|Flutter Mane, L50|\n|poke|p1|Iron Bundle, L50|\n|poke|p1|Annihilape, L50, F|\n|poke|p1|Maushold-Four, L50|\n|poke|p1|Dragonite, L50, M|\n|poke|p2|Baxcalibur, L50, M|\n|poke|p2|Amoonguss, L50, F|\n|poke|p2|Pawmot, L50, F|\n|poke|p2|Flutter Mane, L50|\n|poke|p2|Garganacl, L50, F|\n|poke|p2|Palafin, L50, F|\n|teampreview|4\n|\n|t:|1683770902\n|start\n|switch|p1a: Chi-Yu|Chi-Yu, L50|100\/100\n|switch|p1b: Iron Bundle|Iron Bundle, L50|100\/100\n|switch|p2a: NikolaTesla|Pawmot, L50, F|100\/100\n|switch|p2b: Buda|Palafin, L50, F|100\/100\n|-ability|p1a: Chi-Yu|Beads of Ruin\n|-enditem|p1b: Iron Bundle|Booster Energy\n|-activate|p1b: Iron Bundle|ability: Quark Drive|[fromitem]\n|-start|p1b: Iron Bundle|quarkdrivespe\n|turn|1\n|\n|t:|1683770932\n|detailschange|p2b: Buda|Palafin-Hero, L50, F\n|switch|p2b: Rasputin|Garganacl, L50, F|100\/100\n|move|p2a: NikolaTesla|Fake Out|p1b: Iron Bundle\n|-damage|p1b: Iron Bundle|84\/100\n|cant|p1b: Iron Bundle|flinch\n|move|p1a: Chi-Yu|Heat Wave|p2a: NikolaTesla|[spread] p2a,p2b\n|-resisted|p2b: Rasputin\n|-enditem|p2a: NikolaTesla|Focus Sash\n|-damage|p2a: NikolaTesla|1\/100\n|-damage|p2b: Rasputin|80\/100\n|-damage|p1a: Chi-Yu|90\/100|[from] item: Life Orb\n|\n|-heal|p2b: Rasputin|86\/100|[from] item: Leftovers\n|upkeep\n|turn|2\n|j| MeteorPlayz_\n|\n|t:|1683770965\n|-terastallize|p1a: Chi-Yu|Grass\n|move|p2b: Rasputin|Wide Guard|p2b: Rasputin\n|-singleturn|p2b: Rasputin|Wide Guard\n|move|p2a: NikolaTesla|Mach Punch|p1b: Iron Bundle\n|-supereffective|p1b: Iron Bundle\n|-damage|p1b: Iron Bundle|24\/100\n|move|p1b: Iron Bundle|Hydro Pump|p2b: Rasputin\n|-supereffective|p2b: Rasputin\n|-damage|p2b: Rasputin|0 fnt\n|faint|p2b: Rasputin\n|move|p1a: Chi-Yu|Heat Wave|p2a: NikolaTesla\n|-activate|p2a: NikolaTesla|move: Wide Guard\n|\n|upkeep\n|\n|t:|1683770974\n|switch|p2b: Buda|Palafin-Hero, L50, F|100\/100\n|-activate|p2b: Buda|ability: Zero to Hero\n|turn|3\n|\n|t:|1683771004\n|-terastallize|p2b: Buda|Water\n|move|p2b: Buda|Jet Punch|p1b: Iron Bundle\n|-resisted|p1b: Iron Bundle\n|-damage|p1b: Iron Bundle|0 fnt\n|faint|p1b: Iron Bundle\n|-end|p1b: Iron Bundle|Quark Drive|[silent]\n|move|p2a: NikolaTesla|Revival Blessing|p2a: NikolaTesla\n|\n|t:|1683771008\n|-heal|p2: Rasputin|50\/100|[from] move: Revival Blessing\n|move|p1a: Chi-Yu|Heat Wave|p2a: NikolaTesla|[spread] p2a,p2b\n|-resisted|p2b: Buda\n|-damage|p2a: NikolaTesla|0 fnt\n|-damage|p2b: Buda|63\/100\n|faint|p2a: NikolaTesla\n|-damage|p1a: Chi-Yu|80\/100|[from] item: Life Orb\n|\n|upkeep\n|\n|t:|1683771024\n|switch|p1b: Dragonite|Dragonite, L50, M|100\/100\n|switch|p2a: Rasputin|Garganacl, L50, F|50\/100\n|turn|4\n|\n|t:|1683771041\n|move|p1b: Dragonite|Extreme Speed|p2b: Buda\n|-crit|p2b: Buda\n|-damage|p2b: Buda|19\/100\n|move|p1a: Chi-Yu|Dark Pulse|p2a: Rasputin\n|-damage|p2a: Rasputin|0 fnt\n|faint|p2a: Rasputin\n|-damage|p1a: Chi-Yu|70\/100|[from] item: Life Orb\n|move|p2b: Buda|Wave Crash|p1a: Chi-Yu\n|-resisted|p1a: Chi-Yu\n|-damage|p1a: Chi-Yu|0 fnt\n|faint|p1a: Chi-Yu\n|-damage|p2b: Buda|2\/100|[from] Recoil\n|\n|upkeep\n|\n|t:|1683771054\n|switch|p1a: Flutter Mane|Flutter Mane, L50|100\/100\n|switch|p2a: Simo hayha|Baxcalibur, L50, M|100\/100\n|turn|5\n|\n|t:|1683771065\n|move|p1b: Dragonite|Extreme Speed|p2b: Buda\n|-damage|p2b: Buda|0 fnt\n|faint|p2b: Buda\n|move|p1a: Flutter Mane|Dazzling Gleam|p2a: Simo hayha\n|-supereffective|p2a: Simo hayha\n|-damage|p2a: Simo hayha|5\/100\n|move|p2a: Simo hayha|Icicle Spear|p1b: Dragonite\n|-supereffective|p1b: Dragonite\n|-damage|p1b: Dragonite|66\/100\n|-supereffective|p1b: Dragonite\n|-damage|p1b: Dragonite|0 fnt\n|faint|p1b: Dragonite\n|-hitcount|p1: Dragonite|2\n|\n|upkeep\n|turn|6\n|\n|t:|1683771074\n|move|p1a: Flutter Mane|Dazzling Gleam|p2a: Simo hayha\n|-supereffective|p2a: Simo hayha\n|-damage|p2a: Simo hayha|0 fnt\n|faint|p2a: Simo hayha\n|\n|win|Levelmax15\n|c|\u2606Levelmax15|gg\n|c|\u2606shurick|Gg\n","uploadtime":1683771081,"views":20,"p1id":"levelmax15","p2id":"shurick","formatid":"gen9vgc2023regulationc","rating":0,"private":0,"password":""}