{"id":"gen9vgc2023regulationc-1858732420","p1":"haha you rage quit","p2":"LunaT909","format":"[Gen 9] VGC 2023 Regulation C","log":"|j|\u2606haha you rage quit\n|j|\u2606LunaT909\n|t:|1683350099\n|gametype|doubles\n|player|p1|haha you rage quit|266|1361\n|player|p2|LunaT909|caitlin|1365\n|teamsize|p1|6\n|teamsize|p2|6\n|gen|9\n|tier|[Gen 9] VGC 2023 Regulation C\n|rated|\n|rule|Species Clause: Limit one of each Pok\u00e9mon\n|rule|Item Clause: Limit one of each item\n|clearpoke\n|poke|p1|Murkrow, L50, M|\n|poke|p1|Flutter Mane, L50|\n|poke|p1|Great Tusk, L50|\n|poke|p1|Chi-Yu, L50|\n|poke|p1|Baxcalibur, L50, M|\n|poke|p1|Talonflame, L50, M|\n|poke|p2|Garganacl, L50, F|\n|poke|p2|Ting-Lu, L50|\n|poke|p2|Amoonguss, L50, M|\n|poke|p2|Flutter Mane, L50|\n|poke|p2|Annihilape, L50, M|\n|poke|p2|Wo-Chien, L50|\n|teampreview|4\n|inactive|Battle timer is ON: inactive players will automatically lose when time's up. (requested by LunaT909)\n|inactive|haha you rage quit has 60 seconds left.\n|\n|t:|1683350155\n|start\n|switch|p1a: Talonflame|Talonflame, L50, M|100\/100\n|switch|p1b: Great Tusk|Great Tusk, L50, shiny|100\/100\n|switch|p2a: Annihilape|Annihilape, L50, M|100\/100\n|switch|p2b: Amoonguss|Amoonguss, L50, M|100\/100\n|turn|1\n|inactive|haha you rage quit has 30 seconds left.\n|inactive|LunaT909 has 30 seconds left.\n|inactive|haha you rage quit has 20 seconds left.\n|inactive|haha you rage quit has 15 seconds left.\n|inactive|haha you rage quit has 10 seconds left.\n|\n|t:|1683350201\n|-terastallize|p2b: Amoonguss|Water\n|move|p1b: Great Tusk|Protect|p1b: Great Tusk\n|-singleturn|p1b: Great Tusk|Protect\n|move|p1a: Talonflame|Brave Bird|p2b: Amoonguss\n|-damage|p2b: Amoonguss|73\/100\n|-damage|p1a: Talonflame|84\/100|[from] item: Rocky Helmet|[of] p2b: Amoonguss\n|-damage|p1a: Talonflame|73\/100|[from] Recoil\n|move|p2a: Annihilape|Final Gambit|p1b: Great Tusk\n|-activate|p1b: Great Tusk|move: Protect\n|move|p2b: Amoonguss|Spore|p1a: Talonflame\n|-status|p1a: Talonflame|slp|[from] move: Spore\n|\n|upkeep\n|turn|2\n|inactive|haha you rage quit has 30 seconds left.\n|inactive|haha you rage quit has 20 seconds left.\n|\n|t:|1683350236\n|-end|p1b: Great Tusk|Protosynthesis|[silent]\n|switch|p1b: Flutter Mane|Flutter Mane, L50, shiny|100\/100\n|-enditem|p1b: Flutter Mane|Booster Energy\n|-activate|p1b: Flutter Mane|ability: Protosynthesis|[fromitem]\n|-start|p1b: Flutter Mane|protosynthesisspa\n|switch|p2b: Garganacl|Garganacl, L50, F|100\/100\n|-terastallize|p1a: Talonflame|Ghost\n|move|p2a: Annihilape|Final Gambit|p1b: Flutter Mane\n|-immune|p1b: Flutter Mane\n|cant|p1a: Talonflame|slp\n|\n|upkeep\n|turn|3\n|l|\u2606LunaT909\n|inactive|LunaT909 disconnected and has a minute to reconnect!\n|player|p2|\n|inactive|haha you rage quit has 30 seconds left.\n|inactive|LunaT909 has 30 seconds left.\n|j|\u2606LunaT909\n|inactive|LunaT909 reconnected and has 25 seconds left.\n|player|p2|LunaT909|caitlin\n|inactive|haha you rage quit has 20 seconds left.\n|inactive|LunaT909 has 20 seconds left.\n|inactive|haha you rage quit has 15 seconds left.\n|inactive|LunaT909 has 15 seconds left.\n|\n|t:|1683350279\n|switch|p2a: Amoonguss|Amoonguss, L50, M, tera:Water|100\/100\n|move|p1b: Flutter Mane|Protect|p1b: Flutter Mane\n|-singleturn|p1b: Flutter Mane|Protect\n|cant|p1a: Talonflame|slp\n|move|p2b: Garganacl|Salt Cure|p1b: Flutter Mane\n|-activate|p1b: Flutter Mane|move: Protect\n|\n|upkeep\n|turn|4\n|\n|t:|1683350297\n|move|p1b: Flutter Mane|Thunderbolt|p2a: Amoonguss\n|-supereffective|p2a: Amoonguss\n|-damage|p2a: Amoonguss|6\/100\n|-curestatus|p1a: Talonflame|slp|[msg]\n|move|p1a: Talonflame|Brave Bird|p2a: Amoonguss\n|-damage|p2a: Amoonguss|0 fnt\n|-damage|p1a: Talonflame|57\/100|[from] item: Rocky Helmet|[of] p2a: Amoonguss\n|faint|p2a: Amoonguss\n|-damage|p1a: Talonflame|55\/100|[from] Recoil\n|move|p2b: Garganacl|Substitute|p2b: Garganacl\n|-start|p2b: Garganacl|Substitute\n|-damage|p2b: Garganacl|76\/100\n|\n|-heal|p2b: Garganacl|82\/100|[from] item: Leftovers\n|upkeep\n|\n|t:|1683350306\n|switch|p2a: Flutter Mane|Flutter Mane, L50|100\/100\n|turn|5\n|\n|t:|1683350325\n|move|p1b: Flutter Mane|Protect|p1b: Flutter Mane\n|-singleturn|p1b: Flutter Mane|Protect\n|move|p2a: Flutter Mane|Moonblast|p1b: Flutter Mane\n|-activate|p1b: Flutter Mane|move: Protect\n|move|p1a: Talonflame|Tailwind|p1a: Talonflame\n|-sidestart|p1: haha you rage quit|move: Tailwind\n|move|p2b: Garganacl|Salt Cure|p1b: Flutter Mane\n|-activate|p1b: Flutter Mane|move: Protect\n|\n|-heal|p2b: Garganacl|87\/100|[from] item: Leftovers\n|upkeep\n|turn|6\n|\n|t:|1683350341\n|move|p1b: Flutter Mane|Moonblast|p2a: Flutter Mane\n|-crit|p2a: Flutter Mane\n|-damage|p2a: Flutter Mane|0 fnt\n|faint|p2a: Flutter Mane\n|-end|p2a: Flutter Mane|Protosynthesis|[silent]\n|move|p1a: Talonflame|Brave Bird|p2b: Garganacl\n|-resisted|p2b: Garganacl\n|-activate|p2b: Garganacl|move: Substitute|[damage]\n|-damage|p1a: Talonflame|50\/100|[from] Recoil|[of] p2b: Garganacl\n|move|p2b: Garganacl|Salt Cure|p1a: Talonflame\n|-damage|p1a: Talonflame|37\/100\n|-start|p1a: Talonflame|Salt Cure\n|\n|-heal|p2b: Garganacl|93\/100|[from] item: Leftovers\n|-damage|p1a: Talonflame|24\/100|[from] Salt Cure\n|upkeep\n|-message|LunaT909 forfeited.\n|\n|win|haha you rage quit\n|raw|haha you rage quit's rating: 1361 → 1381<\/strong> (+20 for winning)\n|raw|LunaT909's rating: 1365 → 1345<\/strong> (-20 for losing)\n|l|\u2606LunaT909\n","uploadtime":1683350376,"views":9,"p1id":"hahayouragequit","p2id":"lunat909","formatid":"gen9vgc2023regulationc","rating":1345,"private":0,"password":""}