{"id":"gen9vgc2023regulationc-1858182643","p1":"Vuekora","p2":"Sorakadomaki","format":"[Gen 9] VGC 2023 Regulation C","log":"|j|\u2606Vuekora\n|j|\u2606Sorakadomaki\n|t:|1683288197\n|gametype|doubles\n|player|p1|Vuekora|candice|\n|player|p2|Sorakadomaki|1|\n|teamsize|p1|6\n|teamsize|p2|6\n|gen|9\n|tier|[Gen 9] VGC 2023 Regulation C\n|rule|Species Clause: Limit one of each Pok\u00e9mon\n|rule|Item Clause: Limit one of each item\n|clearpoke\n|poke|p1|Sableye, L50, F|\n|poke|p1|Mimikyu, L50, F|\n|poke|p1|Flutter Mane, L50|\n|poke|p1|Gholdengo, L50|\n|poke|p1|Skeledirge, L50, F|\n|poke|p1|Dragapult, L50, F|\n|poke|p2|Ting-Lu, L50|\n|poke|p2|Dondozo, L50, M|\n|poke|p2|Tatsugiri, L50, M|\n|poke|p2|Wo-Chien, L50|\n|poke|p2|Glimmora, L50, M|\n|poke|p2|Flutter Mane, L50|\n|teampreview|4\n|\n|t:|1683288271\n|start\n|switch|p1a: Sableye|Sableye, L50, F, shiny|100\/100\n|switch|p1b: Gholdengo|Gholdengo, L50|100\/100\n|switch|p2a: Glimmora|Glimmora, L50, M|100\/100\n|switch|p2b: Flutter Mane|Flutter Mane, L50|100\/100\n|turn|1\n|\n|t:|1683288316\n|move|p1a: Sableye|Light Screen|p1a: Sableye\n|-sidestart|p1: Vuekora|move: Light Screen\n|move|p2b: Flutter Mane|Shadow Ball|p1b: Gholdengo\n|-supereffective|p1b: Gholdengo\n|-damage|p1b: Gholdengo|28\/100\n|-unboost|p1b: Gholdengo|spd|1\n|move|p2a: Glimmora|Toxic|p1a: Sableye\n|-status|p1a: Sableye|tox\n|move|p1b: Gholdengo|Make It Rain|p2b: Flutter Mane|[spread] p2a,p2b\n|-supereffective|p2a: Glimmora\n|-supereffective|p2b: Flutter Mane\n|-damage|p2a: Glimmora|0 fnt\n|-damage|p2b: Flutter Mane|0 fnt\n|-unboost|p1b: Gholdengo|spa|1\n|faint|p2a: Glimmora\n|faint|p2b: Flutter Mane\n|-end|p2b: Flutter Mane|Protosynthesis|[silent]\n|\n|-damage|p1a: Sableye|95\/100 tox|[from] psn\n|upkeep\n|\n|t:|1683288329\n|switch|p2b: Ting-Lu|Ting-Lu, L50|100\/100\n|switch|p2a: Wo-Chien|Wo-Chien, L50|100\/100\n|-ability|p2a: Wo-Chien|Tablets of Ruin\n|-ability|p2b: Ting-Lu|Vessel of Ruin\n|turn|2\n|\n|t:|1683288342\n|move|p1a: Sableye|Reflect|p1a: Sableye\n|-sidestart|p1: Vuekora|Reflect\n|move|p1b: Gholdengo|Make It Rain|p2b: Ting-Lu|[spread] p2a,p2b\n|-damage|p2a: Wo-Chien|81\/100\n|-damage|p2b: Ting-Lu|83\/100\n|-unboost|p1b: Gholdengo|spa|1\n|move|p2a: Wo-Chien|Giga Drain|p1a: Sableye\n|-damage|p1a: Sableye|81\/100 tox\n|-heal|p2a: Wo-Chien|87\/100|[from] drain|[of] p1a: Sableye\n|move|p2b: Ting-Lu|Payback|p1b: Gholdengo\n|-supereffective|p1b: Gholdengo\n|-damage|p1b: Gholdengo|0 fnt\n|faint|p1b: Gholdengo\n|\n|-heal|p2a: Wo-Chien|93\/100|[from] item: Leftovers\n|-damage|p1a: Sableye|69\/100 tox|[from] psn\n|upkeep\n|\n|t:|1683288358\n|switch|p1b: Flutter Mane|Flutter Mane, L50|100\/100\n|-enditem|p1b: Flutter Mane|Booster Energy\n|-activate|p1b: Flutter Mane|ability: Protosynthesis|[fromitem]\n|-start|p1b: Flutter Mane|protosynthesisspa\n|turn|3\n|\n|t:|1683288367\n|-terastallize|p1b: Flutter Mane|Fairy\n|-terastallize|p2b: Ting-Lu|Grass\n|move|p2a: Wo-Chien|Protect|p2a: Wo-Chien\n|-singleturn|p2a: Wo-Chien|Protect\n|move|p1a: Sableye|Feint|p2a: Wo-Chien\n|-activate|p2a: Wo-Chien|move: Feint\n|-damage|p2a: Wo-Chien|90\/100\n|move|p1b: Flutter Mane|Dazzling Gleam|p2b: Ting-Lu|[spread] p2a,p2b\n|-supereffective|p2a: Wo-Chien\n|-damage|p2a: Wo-Chien|42\/100\n|-damage|p2b: Ting-Lu|65\/100\n|move|p2b: Ting-Lu|Heavy Slam|p1b: Flutter Mane\n|-supereffective|p1b: Flutter Mane\n|-damage|p1b: Flutter Mane|49\/100\n|\n|-heal|p2a: Wo-Chien|48\/100|[from] item: Leftovers\n|-damage|p1a: Sableye|52\/100 tox|[from] psn\n|upkeep\n|turn|4\n|\n|t:|1683288388\n|move|p1a: Sableye|Feint|p2a: Wo-Chien\n|-damage|p2a: Wo-Chien|44\/100\n|move|p1b: Flutter Mane|Dazzling Gleam|p2b: Ting-Lu|[spread] p2a,p2b\n|-supereffective|p2a: Wo-Chien\n|-damage|p2a: Wo-Chien|0 fnt\n|-damage|p2b: Ting-Lu|45\/100\n|faint|p2a: Wo-Chien\n|move|p2b: Ting-Lu|Heavy Slam|p1b: Flutter Mane\n|-supereffective|p1b: Flutter Mane\n|-damage|p1b: Flutter Mane|0 fnt\n|faint|p1b: Flutter Mane\n|-end|p1b: Flutter Mane|Protosynthesis|[silent]\n|\n|-damage|p1a: Sableye|29\/100 tox|[from] psn\n|upkeep\n|\n|t:|1683288399\n|switch|p1b: Dragapult|Dragapult, L50, F, shiny|100\/100\n|turn|5\n|\n|t:|1683288411\n|move|p1a: Sableye|Encore|p2b: Ting-Lu\n|-start|p2b: Ting-Lu|Encore\n|move|p1b: Dragapult|Dragon Darts|p2b: Ting-Lu\n|-crit|p2b: Ting-Lu\n|-damage|p2b: Ting-Lu|9\/100\n|-anim|p1b: Dragapult|Dragon Darts|p2b: Ting-Lu\n|-damage|p2b: Ting-Lu|0 fnt\n|faint|p2b: Ting-Lu\n|\n|win|Vuekora\n|l|\u2606Sorakadomaki\n","uploadtime":1683288445,"views":25,"p1id":"vuekora","p2id":"sorakadomaki","formatid":"gen9vgc2023regulationc","rating":0,"private":0,"password":""}