{"id":"gen9vgc2023regulationc-1845716780","p1":"Mikeypipebomb","p2":"Juliogu10","format":"[Gen 9] VGC 2023 Regulation C","log":"|j|\u2606Mikeypipebomb\n|j|\u2606Juliogu10\n|t:|1681758098\n|gametype|doubles\n|player|p1|Mikeypipebomb|n|1523\n|player|p2|Juliogu10|102|1520\n|teamsize|p1|6\n|teamsize|p2|6\n|gen|9\n|tier|[Gen 9] VGC 2023 Regulation C\n|rated|\n|rule|Species Clause: Limit one of each Pok\u00e9mon\n|rule|Item Clause: Limit one of each item\n|clearpoke\n|poke|p1|Dondozo, L50, M|\n|poke|p1|Tatsugiri-Droopy, L50, F|\n|poke|p1|Pelipper, L50, M|\n|poke|p1|Drednaw, L50, F|\n|poke|p1|Dragonite, L50, F|\n|poke|p1|Chien-Pao, L50|\n|poke|p2|Great Tusk, L50|\n|poke|p2|Brute Bonnet, L50|\n|poke|p2|Dragonite, L50, F|\n|poke|p2|Flutter Mane, L50|\n|poke|p2|Chien-Pao, L50|\n|poke|p2|Garganacl, L50, M|\n|teampreview|4\n|inactive|Battle timer is ON: inactive players will automatically lose when time's up. (requested by Juliogu10)\n|inactive|Juliogu10 has 60 seconds left.\n|inactive|Juliogu10 has 30 seconds left.\n|inactive|Juliogu10 has 20 seconds left.\n|inactive|Juliogu10 has 15 seconds left.\n|inactive|Juliogu10 has 10 seconds left.\n|\n|t:|1681758184\n|start\n|switch|p1a: Pelipper|Pelipper, L50, M|100\/100\n|switch|p1b: Drednaw|Drednaw, L50, F|100\/100\n|switch|p2a: Dragonite|Dragonite, L50, F|100\/100\n|switch|p2b: Chien-Pao|Chien-Pao, L50|100\/100\n|-ability|p2b: Chien-Pao|Sword of Ruin\n|-weather|RainDance|[from] ability: Drizzle|[of] p1a: Pelipper\n|turn|1\n|j| manwtfisthis\n|inactive|Juliogu10 has 30 seconds left.\n|\n|t:|1681758210\n|-terastallize|p2a: Dragonite|Normal\n|move|p2a: Dragonite|Extreme Speed|p1a: Pelipper\n|-damage|p1a: Pelipper|7\/100\n|move|p1b: Drednaw|Rock Slide|p2b: Chien-Pao|[spread] p2a,p2b\n|-supereffective|p2b: Chien-Pao\n|-damage|p2a: Dragonite|49\/100\n|-enditem|p2b: Chien-Pao|Focus Sash\n|-damage|p2b: Chien-Pao|1\/100\n|move|p2b: Chien-Pao|Sacred Sword|p1b: Drednaw\n|-supereffective|p1b: Drednaw\n|-damage|p1b: Drednaw|0 fnt\n|faint|p1b: Drednaw\n|move|p1a: Pelipper|Tailwind|p1a: Pelipper\n|-sidestart|p1: Mikeypipebomb|move: Tailwind\n|\n|-weather|RainDance|[upkeep]\n|upkeep\n|\n|t:|1681758222\n|switch|p1b: Dondozo|Dondozo, L50, M|100\/100\n|turn|2\n|\n|t:|1681758230\n|switch|p1a: Tatsugiri|Tatsugiri-Droopy, L50, F, shiny|100\/100\n|-activate|p1a: Tatsugiri|ability: Commander|[of] p1b: Dondozo\n|-boost|p1b: Dondozo|atk|2\n|-boost|p1b: Dondozo|spa|2\n|-boost|p1b: Dondozo|spe|2\n|-boost|p1b: Dondozo|def|2\n|-boost|p1b: Dondozo|spd|2\n|-terastallize|p1b: Dondozo|Water\n|move|p2a: Dragonite|Extreme Speed|p1b: Dondozo\n|-damage|p1b: Dondozo|60\/100\n|move|p1b: Dondozo|Surf|p2a: Dragonite|[spread] p2a,p2b\n|-miss|p1b: Dondozo|p1a: Tatsugiri\n|-damage|p2a: Dragonite|0 fnt\n|-damage|p2b: Chien-Pao|0 fnt\n|faint|p2a: Dragonite\n|faint|p2b: Chien-Pao\n|-damage|p1b: Dondozo|50\/100|[from] item: Life Orb\n|\n|-weather|RainDance|[upkeep]\n|upkeep\n|\n|t:|1681758247\n|switch|p2b: Brute Bonnet|Brute Bonnet, L50|100\/100\n|switch|p2a: Garganacl|Garganacl, L50, M|100\/100\n|turn|3\n|\n|t:|1681758255\n|move|p2a: Garganacl|Wide Guard|p2a: Garganacl\n|-singleturn|p2a: Garganacl|Wide Guard\n|move|p1b: Dondozo|Surf|p2b: Brute Bonnet|[spread] \n|-miss|p1b: Dondozo|p1a: Tatsugiri\n|-activate|p2a: Garganacl|move: Wide Guard\n|-activate|p2b: Brute Bonnet|move: Wide Guard\n|move|p2b: Brute Bonnet|Bullet Seed|p1b: Dondozo\n|-supereffective|p1b: Dondozo\n|-damage|p1b: Dondozo|39\/100\n|-supereffective|p1b: Dondozo\n|-damage|p1b: Dondozo|28\/100\n|-supereffective|p1b: Dondozo\n|-damage|p1b: Dondozo|17\/100\n|-supereffective|p1b: Dondozo\n|-damage|p1b: Dondozo|6\/100\n|-supereffective|p1b: Dondozo\n|-damage|p1b: Dondozo|0 fnt\n|faint|p1b: Dondozo\n|-hitcount|p1: Dondozo|5\n|\n|-weather|RainDance|[upkeep]\n|upkeep\n|\n|t:|1681758258\n|switch|p1b: Pelipper|Pelipper, L50, M|7\/100\n|turn|4\n|inactive|Mikeypipebomb has 30 seconds left.\n|\n|t:|1681758290\n|move|p2b: Brute Bonnet|Sucker Punch|p1b: Pelipper\n|-damage|p1b: Pelipper|0 fnt\n|faint|p1b: Pelipper\n|move|p1a: Tatsugiri|Draco Meteor|p2b: Brute Bonnet\n|-damage|p2b: Brute Bonnet|48\/100\n|-unboost|p1a: Tatsugiri|spa|2\n|move|p2a: Garganacl|Salt Cure|p1a: Tatsugiri\n|-damage|p1a: Tatsugiri|71\/100\n|-start|p1a: Tatsugiri|Salt Cure\n|\n|-weather|RainDance|[upkeep]\n|-damage|p1a: Tatsugiri|46\/100|[from] Salt Cure\n|-sideend|p1: Mikeypipebomb|move: Tailwind\n|upkeep\n|turn|5\n|-message|Mikeypipebomb forfeited.\n|\n|win|Juliogu10\n|raw|Mikeypipebomb's rating: 1523 → 1503<\/strong> (-20 for losing)\n|raw|Juliogu10's rating: 1520 → 1540<\/strong> (+20 for winning)\n|l|\u2606Mikeypipebomb\n","uploadtime":1681758310,"views":5,"p1id":"mikeypipebomb","p2id":"juliogu10","formatid":"gen9vgc2023regulationc","rating":1503,"private":0,"password":""}