{"id":"gen9vgc2023regulationc-1860037814","p1":"coolkhiid","p2":"Simugo","format":"[Gen 9] VGC 2023 Regulation C","log":"|j|\u2606coolkhiid\n|j|\u2606Simugo\n|t:|1683587932\n|gametype|doubles\n|player|p1|coolkhiid|101|1407\n|player|p2|Simugo|2|1502\n|teamsize|p1|6\n|teamsize|p2|6\n|gen|9\n|tier|[Gen 9] VGC 2023 Regulation C\n|rated|\n|rule|Species Clause: Limit one of each Pok\u00e9mon\n|rule|Item Clause: Limit one of each item\n|clearpoke\n|poke|p1|Ting-Lu, L50|\n|poke|p1|Abomasnow, L50, F|\n|poke|p1|Iron Bundle, L50|\n|poke|p1|Gyarados, L50, M|\n|poke|p1|Gholdengo, L50|\n|poke|p1|Iron Moth, L50|\n|poke|p2|Talonflame, L50, M|\n|poke|p2|Great Tusk, L50|\n|poke|p2|Iron Bundle, L50|\n|poke|p2|Flutter Mane, L50|\n|poke|p2|Kingambit, L50, M|\n|poke|p2|Chi-Yu, L50|\n|teampreview|4\n|inactive|Battle timer is ON: inactive players will automatically lose when time's up. (requested by coolkhiid)\ncoolkhiid has agreed to open team sheets.\nSimugo has agreed to open team sheets.\n|\n|t:|1683587964\n|start\n|switch|p1a: Abomasnow|Abomasnow, L50, F|100\/100\n|switch|p1b: Ting-Lu|Ting-Lu, L50|100\/100\n|switch|p2a: Iron Bundle|Iron Bundle, L50|100\/100\n|switch|p2b: Kingambit|Kingambit, L50, M|100\/100\n|-weather|Snow|[from] ability: Snow Warning|[of] p1a: Abomasnow\n|-ability|p1b: Ting-Lu|Vessel of Ruin\n|-enditem|p2a: Iron Bundle|Booster Energy\n|-activate|p2a: Iron Bundle|ability: Quark Drive|[fromitem]\n|-start|p2a: Iron Bundle|quarkdrivespe\n|turn|1\n|inactive|Simugo has 30 seconds left.\n|inactive|Simugo has 20 seconds left.\n|inactive|Simugo has 15 seconds left.\n|\n|t:|1683588005\n|-end|p2a: Iron Bundle|Quark Drive|[silent]\n|switch|p2a: Talonflame|Talonflame, L50, M|100\/100\n|move|p2b: Kingambit|Iron Head|p1a: Abomasnow\n|-supereffective|p1a: Abomasnow\n|-damage|p1a: Abomasnow|40\/100\n|cant|p1a: Abomasnow|flinch\n|move|p1b: Ting-Lu|Heavy Slam|p2a: Talonflame\n|-resisted|p2a: Talonflame\n|-damage|p2a: Talonflame|75\/100\n|\n|-weather|Snow|[upkeep]\n|upkeep\n|turn|2\n|\n|t:|1683588029\n|move|p1a: Abomasnow|Protect|p1a: Abomasnow\n|-singleturn|p1a: Abomasnow|Protect\n|move|p2a: Talonflame|Will-O-Wisp|p1b: Ting-Lu\n|-status|p1b: Ting-Lu|brn\n|move|p2b: Kingambit|Iron Head|p1a: Abomasnow\n|-activate|p1a: Abomasnow|move: Protect\n|move|p1b: Ting-Lu|Stomping Tantrum|p2b: Kingambit\n|-supereffective|p2b: Kingambit\n|-damage|p2b: Kingambit|68\/100\n|\n|-weather|Snow|[upkeep]\n|-damage|p1b: Ting-Lu|94\/100 brn|[from] brn\n|upkeep\n|turn|3\n|\n|t:|1683588051\n|switch|p1a: Iron Moth|Iron Moth, L50|100\/100\n|-enditem|p1a: Iron Moth|Booster Energy\n|-activate|p1a: Iron Moth|ability: Quark Drive|[fromitem]\n|-start|p1a: Iron Moth|quarkdrivespe\n|move|p2a: Talonflame|Brave Bird|p1a: Iron Moth\n|-damage|p1a: Iron Moth|40\/100\n|-damage|p2a: Talonflame|56\/100|[from] Recoil\n|move|p2b: Kingambit|Assurance|p1a: Iron Moth\n|-damage|p1a: Iron Moth|0 fnt\n|faint|p1a: Iron Moth\n|-end|p1a: Iron Moth|Quark Drive|[silent]\n|move|p1b: Ting-Lu|Ruination|p2a: Talonflame\n|-damage|p2a: Talonflame|29\/100\n|\n|-weather|Snow|[upkeep]\n|-damage|p1b: Ting-Lu|88\/100 brn|[from] brn\n|upkeep\n|\n|t:|1683588066\n|switch|p1a: Iron Bundle|Iron Bundle, L50|100\/100\n|turn|4\n|\n|t:|1683588081\n|move|p1a: Iron Bundle|Blizzard|p2b: Kingambit|[spread] p2a,p2b\n|-resisted|p2b: Kingambit\n|-damage|p2a: Talonflame|0 fnt\n|-damage|p2b: Kingambit|55\/100\n|faint|p2a: Talonflame\n|-damage|p1a: Iron Bundle|91\/100|[from] item: Life Orb\n|move|p2b: Kingambit|Iron Head|p1a: Iron Bundle\n|-damage|p1a: Iron Bundle|52\/100\n|move|p1b: Ting-Lu|Ruination|p2b: Kingambit\n|-damage|p2b: Kingambit|28\/100\n|\n|-weather|Snow|[upkeep]\n|-damage|p1b: Ting-Lu|82\/100 brn|[from] brn\n|upkeep\n|\n|t:|1683588087\n|switch|p2a: Iron Bundle|Iron Bundle, L50|100\/100\n|turn|5\n|\n|t:|1683588105\n|move|p1a: Iron Bundle|Freeze-Dry|p2a: Iron Bundle\n|-damage|p2a: Iron Bundle|38\/100\n|-damage|p1a: Iron Bundle|42\/100|[from] item: Life Orb\n|move|p2a: Iron Bundle|Freeze-Dry|p1a: Iron Bundle\n|-damage|p1a: Iron Bundle|0 fnt\n|faint|p1a: Iron Bundle\n|-end|p1a: Iron Bundle|Quark Drive|[silent]\n|move|p2b: Kingambit|Iron Head|p1b: Ting-Lu\n|-damage|p1b: Ting-Lu|52\/100 brn\n|cant|p1b: Ting-Lu|flinch\n|\n|-weather|none\n|-damage|p1b: Ting-Lu|46\/100 brn|[from] brn\n|upkeep\n|\n|t:|1683588116\n|switch|p1a: Abomasnow|Abomasnow, L50, F|40\/100\n|-weather|Snow|[from] ability: Snow Warning|[of] p1a: Abomasnow\n|turn|6\n|\n|t:|1683588132\n|move|p2a: Iron Bundle|Protect|p2a: Iron Bundle\n|-singleturn|p2a: Iron Bundle|Protect\n|move|p2b: Kingambit|Iron Head|p1b: Ting-Lu\n|-crit|p1b: Ting-Lu\n|-damage|p1b: Ting-Lu|0 fnt\n|faint|p1b: Ting-Lu\n|move|p1a: Abomasnow|Aurora Veil|p1a: Abomasnow\n|-sidestart|p1: coolkhiid|move: Aurora Veil\n|\n|-weather|Snow|[upkeep]\n|upkeep\n|turn|7\n|\n|t:|1683588143\n|move|p2a: Iron Bundle|Freeze-Dry|p1a: Abomasnow\n|-damage|p1a: Abomasnow|17\/100\n|move|p2b: Kingambit|Iron Head|p1a: Abomasnow\n|-supereffective|p1a: Abomasnow\n|-damage|p1a: Abomasnow|0 fnt\n|faint|p1a: Abomasnow\n|\n|win|Simugo\n|raw|coolkhiid's rating: 1407 → 1392<\/strong> (-15 for losing)\n|raw|Simugo's rating: 1502 → 1517<\/strong> (+15 for winning)\n|l|\u2606Simugo\n","uploadtime":1683588154,"views":12,"p1id":"coolkhiid","p2id":"simugo","formatid":"gen9vgc2023regulationc","rating":1392,"private":0,"password":""}