{"id":"gen9vgc2023regulationc-1859757087","p1":"Moon7777","p2":"Chaotic Raos","format":"[Gen 9] VGC 2023 Regulation C","log":"|j|\u2606Moon7777\n|j|\u2606Chaotic Raos\n|t:|1683562015\n|gametype|doubles\n|player|p1|Moon7777|265|1343\n|player|p2|Chaotic Raos|bellelba|1388\n|teamsize|p1|6\n|teamsize|p2|6\n|gen|9\n|tier|[Gen 9] VGC 2023 Regulation C\n|rated|\n|rule|Species Clause: Limit one of each Pok\u00e9mon\n|rule|Item Clause: Limit one of each item\n|clearpoke\n|poke|p1|Roaring Moon, L50|\n|poke|p1|Iron Bundle, L50|\n|poke|p1|Amoonguss, L50, M|\n|poke|p1|Annihilape, L50, M|\n|poke|p1|Chi-Yu, L50|\n|poke|p1|Chien-Pao, L50|\n|poke|p2|Wo-Chien, L50|\n|poke|p2|Glimmora, L50, F|\n|poke|p2|Toxapex, L50, M|\n|poke|p2|Gyarados, L50, F|\n|poke|p2|Flutter Mane, L50|\n|poke|p2|Great Tusk, L50|\n|teampreview|4\n|\n|t:|1683562058\n|start\n|switch|p1a: Roaring Moon|Roaring Moon, L50|100\/100\n|switch|p1b: Chien-Pao|Chien-Pao, L50|100\/100\n|switch|p2a: Wo-Chien|Wo-Chien, L50|100\/100\n|switch|p2b: Glimmora|Glimmora, L50, F|100\/100\n|-ability|p1b: Chien-Pao|Sword of Ruin\n|-ability|p2a: Wo-Chien|Tablets of Ruin\n|-enditem|p1a: Roaring Moon|Booster Energy\n|-activate|p1a: Roaring Moon|ability: Protosynthesis|[fromitem]\n|-start|p1a: Roaring Moon|protosynthesisatk\n|turn|1\n|\n|t:|1683562086\n|switch|p1b: Amoonguss|Amoonguss, L50, M|100\/100\n|-terastallize|p2a: Wo-Chien|Water\n|move|p2b: Glimmora|Mortal Spin|p1b: Amoonguss|[spread] p1a,p1b\n|-damage|p1a: Roaring Moon|96\/100\n|-damage|p1b: Amoonguss|97\/100\n|-status|p1a: Roaring Moon|psn\n|move|p1a: Roaring Moon|Dragon Dance|p1a: Roaring Moon\n|-boost|p1a: Roaring Moon|atk|1\n|-boost|p1a: Roaring Moon|spe|1\n|move|p2a: Wo-Chien|Leech Seed|p1a: Roaring Moon\n|-start|p1a: Roaring Moon|move: Leech Seed\n|\n|-damage|p1a: Roaring Moon|84\/100 psn|[from] Leech Seed|[of] p2a: Wo-Chien\n|-damage|p1a: Roaring Moon|72\/100 psn|[from] psn\n|upkeep\n|turn|2\n|\n|t:|1683562111\n|move|p2a: Wo-Chien|Protect|p2a: Wo-Chien\n|-singleturn|p2a: Wo-Chien|Protect\n|move|p1a: Roaring Moon|Dragon Dance|p1a: Roaring Moon\n|-boost|p1a: Roaring Moon|atk|1\n|-boost|p1a: Roaring Moon|spe|1\n|move|p2b: Glimmora|Sludge Bomb|p1b: Amoonguss\n|-damage|p1b: Amoonguss|56\/100\n|move|p1b: Amoonguss|Pollen Puff|p1a: Roaring Moon\n|-heal|p1a: Roaring Moon|100\/100 psn\n|\n|-damage|p1a: Roaring Moon|88\/100 psn|[from] Leech Seed|[of] p2a: Wo-Chien\n|-damage|p1a: Roaring Moon|76\/100 psn|[from] psn\n|upkeep\n|turn|3\n|\n|t:|1683562163\n|-terastallize|p1a: Roaring Moon|Flying\n|move|p1b: Amoonguss|Rage Powder|p1b: Amoonguss\n|-singleturn|p1b: Amoonguss|move: Rage Powder\n|move|p1a: Roaring Moon|Acrobatics|p2a: Wo-Chien\n|-damage|p2a: Wo-Chien|0 fnt\n|faint|p2a: Wo-Chien\n|move|p2b: Glimmora|Sludge Bomb|p1b: Amoonguss\n|-damage|p1b: Amoonguss|15\/100\n|-enditem|p1b: Amoonguss|Sitrus Berry|[eat]\n|-heal|p1b: Amoonguss|40\/100|[from] item: Sitrus Berry\n|\n|-damage|p1a: Roaring Moon|64\/100 psn|[from] psn\n|upkeep\n|\n|t:|1683562179\n|switch|p2a: Toxapex|Toxapex, L50, M|100\/100\n|turn|4\n|\n|t:|1683562194\n|move|p1a: Roaring Moon|Jaw Lock|p2b: Glimmora\n|-enditem|p2b: Glimmora|Focus Sash\n|-damage|p2b: Glimmora|1\/100\n|-activate|p1a: Roaring Moon|trapped\n|-activate|p2b: Glimmora|trapped\n|-activate|p2b: Glimmora|ability: Toxic Debris\n|-sidestart|p1: Moon7777|move: Toxic Spikes\n|move|p2b: Glimmora|Sludge Bomb|p1b: Amoonguss\n|-damage|p1b: Amoonguss|0 fnt\n|faint|p1b: Amoonguss\n|move|p2a: Toxapex|Venoshock|p1a: Roaring Moon\n|-crit|p1a: Roaring Moon\n|-damage|p1a: Roaring Moon|4\/100 psn\n|\n|-damage|p1a: Roaring Moon|0 fnt|[from] Leech Seed|[of] p2a: Toxapex\n|faint|p1a: Roaring Moon\n|-end|p1a: Roaring Moon|Protosynthesis|[silent]\n|upkeep\n|\n|t:|1683562206\n|switch|p1a: Iron Bundle|Iron Bundle, L50|100\/100\n|switch|p1b: Chien-Pao|Chien-Pao, L50|100\/100\n|-status|p1a: Iron Bundle|psn\n|-status|p1b: Chien-Pao|psn\n|-ability|p1b: Chien-Pao|Sword of Ruin\n|turn|5\n|\n|t:|1683562226\n|move|p1b: Chien-Pao|Sucker Punch|p2a: Toxapex\n|-damage|p2a: Toxapex|53\/100\n|-damage|p1b: Chien-Pao|91\/100 psn|[from] item: Life Orb\n|move|p1a: Iron Bundle|Icy Wind|p2b: Glimmora|[spread] p2a,p2b\n|-resisted|p2a: Toxapex\n|-damage|p2a: Toxapex|48\/100\n|-damage|p2b: Glimmora|0 fnt\n|-unboost|p2a: Toxapex|spe|1\n|faint|p2b: Glimmora\n|move|p2a: Toxapex|Venoshock|p1a: Iron Bundle\n|-crit|p1a: Iron Bundle\n|-enditem|p1a: Iron Bundle|Focus Sash\n|-damage|p1a: Iron Bundle|1\/100 psn\n|\n|-damage|p1a: Iron Bundle|0 fnt|[from] psn\n|faint|p1a: Iron Bundle\n|-end|p1a: Iron Bundle|Quark Drive|[silent]\n|-damage|p1b: Chien-Pao|79\/100 psn|[from] psn\n|upkeep\n|\n|t:|1683562242\n|switch|p2b: Flutter Mane|Flutter Mane, L50|100\/100\n|-enditem|p2b: Flutter Mane|Booster Energy\n|-activate|p2b: Flutter Mane|ability: Protosynthesis|[fromitem]\n|-start|p2b: Flutter Mane|protosynthesisspe\n|turn|6\n|-message|Moon7777 forfeited.\n|\n|win|Chaotic Raos\n|raw|Moon7777's rating: 1343 → 1326<\/strong> (-17 for losing)\n|raw|Chaotic Raos's rating: 1388 → 1405<\/strong> (+17 for winning)\n|l|\u2606Moon7777\n","uploadtime":1683562469,"views":17,"p1id":"moon7777","p2id":"chaoticraos","formatid":"gen9vgc2023regulationc","rating":1326,"private":0,"password":""}