{"id":"gen9vgc2023regulationc-1860484464","p1":"bmooz13","p2":"Alexis_student","format":"[Gen 9] VGC 2023 Regulation C","log":"|j|\u2606bmooz13\n|j|\u2606Alexis_student\n|t:|1683648218\n|gametype|doubles\n|player|p1|bmooz13|shauntal|1110\n|player|p2|Alexis_student|101|1127\n|teamsize|p1|6\n|teamsize|p2|6\n|gen|9\n|tier|[Gen 9] VGC 2023 Regulation C\n|rated|\n|rule|Species Clause: Limit one of each Pok\u00e9mon\n|rule|Item Clause: Limit one of each item\n|clearpoke\n|poke|p1|Chi-Yu, L50|\n|poke|p1|Scream Tail, L50|\n|poke|p1|Amoonguss, L50, F|\n|poke|p1|Flutter Mane, L50|\n|poke|p1|Lycanroc, L50, F|\n|poke|p1|Garchomp, L50, F|\n|poke|p2|Chi-Yu, L50|\n|poke|p2|Flutter Mane, L50|\n|poke|p2|Palafin, L50, F|\n|poke|p2|Iron Hands, L50|\n|poke|p2|Dragonite, L50, F|\n|poke|p2|Amoonguss, L50, F|\n|teampreview|4\n|inactive|Battle timer is ON: inactive players will automatically lose when time's up. (requested by Alexis_student)\n|\n|t:|1683648256\n|start\n|switch|p1a: Scream Tail|Scream Tail, L50|100\/100\n|switch|p1b: Flutter Mane|Flutter Mane, L50|100\/100\n|switch|p2a: Palafin|Palafin, L50, F|100\/100\n|switch|p2b: Amoonguss|Amoonguss, L50, F|100\/100\n|-enditem|p1a: Scream Tail|Booster Energy\n|-activate|p1a: Scream Tail|ability: Protosynthesis|[fromitem]\n|-start|p1a: Scream Tail|protosynthesisspe\n|turn|1\n|inactive|bmooz13 has 30 seconds left.\n|\n|t:|1683648286\n|detailschange|p2a: Palafin|Palafin-Hero, L50, F\n|switch|p2a: Flutter Mane|Flutter Mane, L50|100\/100\n|move|p1a: Scream Tail|Protect|p1a: Scream Tail\n|-singleturn|p1a: Scream Tail|Protect\n|move|p1b: Flutter Mane|Thunderbolt|p2a: Flutter Mane\n|-damage|p2a: Flutter Mane|65\/100\n|-damage|p1b: Flutter Mane|91\/100|[from] item: Life Orb\n|move|p2b: Amoonguss|Spore|p1b: Flutter Mane\n|-status|p1b: Flutter Mane|slp|[from] move: Spore\n|\n|upkeep\n|turn|2\n|inactive|bmooz13 has 30 seconds left.\n|inactive|bmooz13 has 20 seconds left.\n|\n|t:|1683648323\n|-terastallize|p1a: Scream Tail|Grass\n|move|p1a: Scream Tail|Dazzling Gleam|p2b: Amoonguss|[spread] p2a,p2b\n|-crit|p2a: Flutter Mane\n|-resisted|p2b: Amoonguss\n|-damage|p2a: Flutter Mane|42\/100\n|-damage|p2b: Amoonguss|94\/100\n|move|p2a: Flutter Mane|Shadow Ball|p1b: Flutter Mane\n|-supereffective|p1b: Flutter Mane\n|-crit|p1b: Flutter Mane\n|-damage|p1b: Flutter Mane|0 fnt\n|faint|p1b: Flutter Mane\n|-end|p1b: Flutter Mane|Protosynthesis|[silent]\n|move|p2b: Amoonguss|Spore|p1a: Scream Tail\n|-immune|p1a: Scream Tail\n|\n|upkeep\n|\n|t:|1683648337\n|switch|p1b: Chi-Yu|Chi-Yu, L50|100\/100\n|-ability|p1b: Chi-Yu|Beads of Ruin\n|turn|3\n|\n|t:|1683648356\n|-terastallize|p2b: Amoonguss|Water\n|move|p1b: Chi-Yu|Protect|p1b: Chi-Yu\n|-singleturn|p1b: Chi-Yu|Protect\n|move|p1a: Scream Tail|Dazzling Gleam|p2b: Amoonguss|[spread] p2a,p2b\n|-damage|p2a: Flutter Mane|23\/100\n|-damage|p2b: Amoonguss|77\/100\n|move|p2a: Flutter Mane|Shadow Ball|p1a: Scream Tail\n|-damage|p1a: Scream Tail|45\/100\n|move|p2b: Amoonguss|Spore|p1b: Chi-Yu\n|-activate|p1b: Chi-Yu|move: Protect\n|\n|upkeep\n|turn|4\n|inactive|bmooz13 has 30 seconds left.\n|inactive|Alexis_student has 30 seconds left.\n|\n|t:|1683648382\n|move|p1a: Scream Tail|Disable|p2b: Amoonguss\n|-start|p2b: Amoonguss|Disable|Spore\n|move|p2a: Flutter Mane|Shadow Ball|p1a: Scream Tail\n|-damage|p1a: Scream Tail|0 fnt\n|faint|p1a: Scream Tail\n|-end|p1a: Scream Tail|Protosynthesis|[silent]\n|move|p1b: Chi-Yu|Heat Wave|p2a: Flutter Mane|[spread] p2a,p2b\n|-resisted|p2b: Amoonguss\n|-damage|p2a: Flutter Mane|0 fnt\n|-damage|p2b: Amoonguss|58\/100\n|faint|p2a: Flutter Mane\n|-end|p2a: Flutter Mane|Protosynthesis|[silent]\n|move|p2b: Amoonguss|Pollen Puff|p1b: Chi-Yu\n|-damage|p1b: Chi-Yu|80\/100\n|\n|upkeep\n|\n|t:|1683648400\n|switch|p2a: Palafin|Palafin-Hero, L50, F|100\/100\n|switch|p1a: Garchomp|Garchomp, L50, F, shiny|100\/100\n|-activate|p2a: Palafin|ability: Zero to Hero\n|turn|5\n|inactive|bmooz13 has 30 seconds left.\n|\n|t:|1683648426\n|move|p1b: Chi-Yu|Protect|p1b: Chi-Yu\n|-singleturn|p1b: Chi-Yu|Protect\n|move|p2a: Palafin|Jet Punch|p1b: Chi-Yu\n|-activate|p1b: Chi-Yu|move: Protect\n|move|p1a: Garchomp|Iron Head|p2a: Palafin\n|-resisted|p2a: Palafin\n|-damage|p2a: Palafin|87\/100\n|move|p2b: Amoonguss|Pollen Puff|p2a: Palafin\n|-heal|p2a: Palafin|100\/100\n|\n|upkeep\n|turn|6\n|\n|t:|1683648448\n|move|p2a: Palafin|Jet Punch|p1b: Chi-Yu\n|-supereffective|p1b: Chi-Yu\n|-damage|p1b: Chi-Yu|0 fnt\n|faint|p1b: Chi-Yu\n|move|p1a: Garchomp|Rock Slide|p2a: Palafin|[spread] p2a,p2b\n|-damage|p2a: Palafin|82\/100\n|-damage|p2b: Amoonguss|42\/100\n|-enditem|p2b: Amoonguss|Sitrus Berry|[eat]\n|-heal|p2b: Amoonguss|67\/100|[from] item: Sitrus Berry\n|cant|p2b: Amoonguss|flinch\n|\n|upkeep\n|turn|7\n|-message|bmooz13 forfeited.\n|\n|win|Alexis_student\n|raw|bmooz13's rating: 1110 → 1086<\/strong> (-24 for losing)\n|raw|Alexis_student's rating: 1127 → 1151<\/strong> (+24 for winning)\n|l|\u2606bmooz13\n","uploadtime":1683648471,"views":10,"p1id":"bmooz13","p2id":"alexisstudent","formatid":"gen9vgc2023regulationc","rating":1086,"private":0,"password":""}