{"id":"gen9vgc2023regulationc-1848955530","p1":"TylerH1","p2":"Anipok","format":"[Gen 9] VGC 2023 Regulation C","log":"|j|\u2606TylerH1\n|j|\u2606Anipok\n|t:|1682130773\n|gametype|doubles\n|player|p1|TylerH1|169|1035\n|player|p2|Anipok|266|1000\n|teamsize|p1|6\n|teamsize|p2|6\n|gen|9\n|tier|[Gen 9] VGC 2023 Regulation C\n|rated|\n|rule|Species Clause: Limit one of each Pok\u00e9mon\n|rule|Item Clause: Limit one of each item\n|clearpoke\n|poke|p1|Great Tusk, L50|\n|poke|p1|Abomasnow, L50, F|\n|poke|p1|Corviknight, L50, M|\n|poke|p1|Flutter Mane, L50|\n|poke|p1|Murkrow, L50, M|\n|poke|p1|Iron Hands, L50|\n|poke|p2|Ting-Lu, L50|\n|poke|p2|Amoonguss, L50, F|\n|poke|p2|Indeedee-F, L50, F|\n|poke|p2|Armarouge, L50, F|\n|poke|p2|Cloyster, L50, M|\n|poke|p2|Glimmora, L50, M|\n|teampreview|4\n|\n|t:|1682130799\n|start\n|switch|p1a: Murkrow|Murkrow, L50, M|100\/100\n|switch|p1b: Great Tusk|Great Tusk, L50|100\/100\n|switch|p2a: Abra Kadabra|Indeedee-F, L50, F|100\/100\n|switch|p2b: Try Try again|Ting-Lu, L50|100\/100\n|-fieldstart|move: Psychic Terrain|[from] ability: Psychic Surge|[of] p2a: Abra Kadabra\n|-ability|p2b: Try Try again|Vessel of Ruin\n|turn|1\n|\n|t:|1682130817\n|-terastallize|p1b: Great Tusk|Fire\n|move|p1a: Murkrow|Tailwind|p1a: Murkrow\n|-sidestart|p1: TylerH1|move: Tailwind\n|move|p1b: Great Tusk|Bulk Up|p1b: Great Tusk\n|-boost|p1b: Great Tusk|atk|1\n|-boost|p1b: Great Tusk|def|1\n|move|p2b: Try Try again|Fissure|p1b: Great Tusk|[miss]\n|-miss|p2b: Try Try again|p1b: Great Tusk\n|move|p2a: Abra Kadabra|Trick Room|p2a: Abra Kadabra\n|-fieldstart|move: Trick Room|[of] p2a: Abra Kadabra\n|\n|upkeep\n|turn|2\n|\n|t:|1682130845\n|switch|p2a: Glimmora|Glimmora, L50, M|100\/100\n|move|p1a: Murkrow|Sunny Day|p1a: Murkrow\n|-weather|SunnyDay\n|-activate|p1b: Great Tusk|ability: Protosynthesis\n|-start|p1b: Great Tusk|protosynthesisatk\n|move|p2b: Try Try again|Stomping Tantrum|p1b: Great Tusk\n|-supereffective|p1b: Great Tusk\n|-damage|p1b: Great Tusk|48\/100\n|move|p1b: Great Tusk|Earthquake|p2a: Glimmora|[spread] p2a,p2b\n|-immune|p1a: Murkrow\n|-supereffective|p2a: Glimmora\n|-damage|p2a: Glimmora|0 fnt\n|-damage|p2b: Try Try again|60\/100\n|-activate|p2a: Glimmora|ability: Toxic Debris\n|-sidestart|p1: TylerH1|move: Toxic Spikes\n|faint|p2a: Glimmora\n|\n|-weather|SunnyDay|[upkeep]\n|-heal|p2b: Try Try again|67\/100|[from] item: Leftovers\n|-heal|p1b: Great Tusk|54\/100|[from] item: Leftovers\n|upkeep\n|\n|t:|1682130864\n|switch|p2a: boom bam bop|Cloyster, L50, M|100\/100\n|turn|3\n|\n|t:|1682130879\n|move|p1b: Great Tusk|Protect|p1b: Great Tusk\n|-singleturn|p1b: Great Tusk|Protect\n|move|p2b: Try Try again|Fissure|p1b: Great Tusk\n|-activate|p1b: Great Tusk|move: Protect\n|move|p2a: boom bam bop|Icicle Spear|p1a: Murkrow\n|-supereffective|p1a: Murkrow\n|-damage|p1a: Murkrow|71\/100\n|-supereffective|p1a: Murkrow\n|-damage|p1a: Murkrow|41\/100\n|-supereffective|p1a: Murkrow\n|-damage|p1a: Murkrow|12\/100\n|-supereffective|p1a: Murkrow\n|-damage|p1a: Murkrow|0 fnt\n|faint|p1a: Murkrow\n|-hitcount|p1: Murkrow|4\n|\n|-weather|SunnyDay|[upkeep]\n|-heal|p2b: Try Try again|73\/100|[from] item: Leftovers\n|-heal|p1b: Great Tusk|60\/100|[from] item: Leftovers\n|upkeep\n|\n|t:|1682130900\n|switch|p1a: Iron Hands|Iron Hands, L50|100\/100\n|-status|p1a: Iron Hands|psn\n|turn|4\n|\n|t:|1682130918\n|move|p1a: Iron Hands|Fake Out|p2b: Try Try again\n|-activate|p2b: Try Try again|move: Psychic Terrain\n|move|p2b: Try Try again|Stomping Tantrum|p1a: Iron Hands\n|-supereffective|p1a: Iron Hands\n|-damage|p1a: Iron Hands|57\/100 psn\n|move|p2a: boom bam bop|Waterfall|p1b: Great Tusk\n|-supereffective|p1b: Great Tusk\n|-damage|p1b: Great Tusk|48\/100\n|cant|p1b: Great Tusk|flinch\n|\n|-weather|SunnyDay|[upkeep]\n|-heal|p2b: Try Try again|79\/100|[from] item: Leftovers\n|-heal|p1b: Great Tusk|54\/100|[from] item: Leftovers\n|-damage|p1a: Iron Hands|45\/100 psn|[from] psn\n|-sideend|p1: TylerH1|move: Tailwind\n|upkeep\n|turn|5\n|\n|t:|1682130945\n|move|p2b: Try Try again|Spikes|p1b: Great Tusk\n|-sidestart|p1: TylerH1|Spikes\n|move|p2a: boom bam bop|Rock Blast|p1b: Great Tusk\n|-supereffective|p1b: Great Tusk\n|-damage|p1b: Great Tusk|48\/100\n|-supereffective|p1b: Great Tusk\n|-damage|p1b: Great Tusk|41\/100\n|-supereffective|p1b: Great Tusk\n|-damage|p1b: Great Tusk|35\/100\n|-supereffective|p1b: Great Tusk\n|-damage|p1b: Great Tusk|29\/100\n|-hitcount|p1b: Great Tusk|4\n|move|p1a: Iron Hands|Volt Switch|p2a: boom bam bop\n|-supereffective|p2a: boom bam bop\n|-damage|p2a: boom bam bop|48\/100\n|\n|t:|1682130958\n|-end|p1a: Iron Hands|Quark Drive|[silent]\n|switch|p1a: Flutter Mane|Flutter Mane, L50|100\/100|[from] Volt Switch\n|-status|p1a: Flutter Mane|psn\n|-damage|p1a: Flutter Mane|89\/100 psn|[from] Spikes\n|-activate|p1a: Flutter Mane|ability: Protosynthesis\n|-start|p1a: Flutter Mane|protosynthesisspa\n|move|p1b: Great Tusk|Earthquake|p2a: boom bam bop|[spread] p1a,p2a,p2b\n|-damage|p1a: Flutter Mane|0 fnt\n|-damage|p2a: boom bam bop|0 fnt\n|-damage|p2b: Try Try again|40\/100\n|faint|p1a: Flutter Mane\n|-end|p1a: Flutter Mane|Protosynthesis|[silent]\n|faint|p2a: boom bam bop\n|\n|-weather|SunnyDay|[upkeep]\n|-heal|p2b: Try Try again|46\/100|[from] item: Leftovers\n|-heal|p1b: Great Tusk|35\/100|[from] item: Leftovers\n|-fieldend|move: Trick Room\n|-fieldend|move: Psychic Terrain\n|upkeep\n|\n|t:|1682130977\n|switch|p1a: Iron Hands|Iron Hands, L50|45\/100 psn\n|switch|p2a: Abra Kadabra|Indeedee-F, L50, F|100\/100\n|-fieldstart|move: Psychic Terrain|[from] ability: Psychic Surge|[of] p2a: Abra Kadabra\n|-damage|p1a: Iron Hands|32\/100 psn|[from] Spikes\n|turn|6\n|\n|t:|1682130992\n|move|p1a: Iron Hands|Fake Out|p2a: Abra Kadabra\n|-activate|p2a: Abra Kadabra|move: Psychic Terrain\n|move|p1b: Great Tusk|Earthquake|p2a: Abra Kadabra|[spread] p1a,p2a,p2b\n|-supereffective|p1a: Iron Hands\n|-damage|p1a: Iron Hands|0 fnt\n|-damage|p2a: Abra Kadabra|27\/100\n|-damage|p2b: Try Try again|10\/100\n|faint|p1a: Iron Hands\n|-end|p1a: Iron Hands|Quark Drive|[silent]\n|move|p2b: Try Try again|Fissure|p1b: Great Tusk|[miss]\n|-miss|p2b: Try Try again|p1b: Great Tusk\n|move|p2a: Abra Kadabra|Trick Room|p2a: Abra Kadabra\n|-fieldstart|move: Trick Room|[of] p2a: Abra Kadabra\n|\n|-weather|none\n|-end|p1b: Great Tusk|Protosynthesis\n|-heal|p2b: Try Try again|17\/100|[from] item: Leftovers\n|-heal|p1b: Great Tusk|41\/100|[from] item: Leftovers\n|upkeep\n|turn|7\n|\n|t:|1682131013\n|move|p1b: Great Tusk|Protect|p1b: Great Tusk\n|-singleturn|p1b: Great Tusk|Protect\n|move|p2a: Abra Kadabra|Follow Me|p2a: Abra Kadabra\n|-singleturn|p2a: Abra Kadabra|move: Follow Me\n|move|p2b: Try Try again|Stomping Tantrum|p1b: Great Tusk\n|-activate|p1b: Great Tusk|move: Protect\n|\n|-heal|p2b: Try Try again|23\/100|[from] item: Leftovers\n|-heal|p1b: Great Tusk|46\/100|[from] item: Leftovers\n|upkeep\n|turn|8\n|\n|t:|1682131028\n|move|p2b: Try Try again|Protect|p2b: Try Try again\n|-singleturn|p2b: Try Try again|Protect\n|move|p2a: Abra Kadabra|Psychic|p1b: Great Tusk\n|-damage|p1b: Great Tusk|7\/100\n|-unboost|p1b: Great Tusk|spd|1\n|move|p1b: Great Tusk|Earthquake|p2b: Try Try again|[spread] p2a\n|-activate|p2b: Try Try again|move: Protect\n|-damage|p2a: Abra Kadabra|0 fnt\n|faint|p2a: Abra Kadabra\n|\n|-heal|p2b: Try Try again|29\/100|[from] item: Leftovers\n|-heal|p1b: Great Tusk|13\/100|[from] item: Leftovers\n|upkeep\n|turn|9\n|\n|t:|1682131044\n|move|p1b: Great Tusk|Protect|p1b: Great Tusk\n|-singleturn|p1b: Great Tusk|Protect\n|move|p2b: Try Try again|Stomping Tantrum|p1b: Great Tusk\n|-activate|p1b: Great Tusk|move: Protect\n|\n|-heal|p2b: Try Try again|35\/100|[from] item: Leftovers\n|-heal|p1b: Great Tusk|19\/100|[from] item: Leftovers\n|upkeep\n|turn|10\n|\n|t:|1682131054\n|move|p2b: Try Try again|Stomping Tantrum|p1b: Great Tusk\n|-supereffective|p1b: Great Tusk\n|-damage|p1b: Great Tusk|0 fnt\n|faint|p1b: Great Tusk\n|-end|p1b: Great Tusk|Protosynthesis|[silent]\n|\n|win|Anipok\n|raw|TylerH1's rating: 1035 → 1018<\/strong> (-17 for losing)\n|raw|Anipok's rating: 1000 → 1044<\/strong> (+44 for winning)\n|c|\u2606TylerH1|Gg\n|c|\u2606Anipok|g\n|c|\u2606Anipok|g\n|l|\u2606TylerH1\n","uploadtime":1682131077,"views":11,"p1id":"tylerh1","p2id":"anipok","formatid":"gen9vgc2023regulationc","rating":1018,"private":0,"password":""}