{"id":"gen9vgc2023regulationc-1862916696","p1":"Hikaru_VT1","p2":"jchemmy","format":"[Gen 9] VGC 2023 Regulation C","log":"|j|\u2606Hikaru_VT1\n|j|\u2606jchemmy\n|t:|1683938036\n|gametype|doubles\n|player|p1|Hikaru_VT1|102|1392\n|player|p2|jchemmy|brock|1399\n|teamsize|p1|6\n|teamsize|p2|6\n|gen|9\n|tier|[Gen 9] VGC 2023 Regulation C\n|rated|\n|rule|Species Clause: Limit one of each Pok\u00e9mon\n|rule|Item Clause: Limit one of each item\n|clearpoke\n|poke|p1|Flutter Mane, L50|\n|poke|p1|Roaring Moon, L50|\n|poke|p1|Jumpluff, L50, F|\n|poke|p1|Torkoal, L50, F|\n|poke|p1|Rotom-Wash, L50|\n|poke|p1|Annihilape, L50, M|\n|poke|p2|Flutter Mane, L50|\n|poke|p2|Ting-Lu, L50|\n|poke|p2|Baxcalibur, L50, M|\n|poke|p2|Palafin, L50, M|\n|poke|p2|Arcanine, L50, F|\n|poke|p2|Amoonguss, L50, F|\n|teampreview|4\n|inactive|Battle timer is ON: inactive players will automatically lose when time's up. (requested by jchemmy)\njchemmy has agreed to open team sheets.\nHikaru_VT1 has agreed to open team sheets.\n|inactive|jchemmy has 60 seconds left.\n|inactive|Hikaru_VT1 has 60 seconds left.\n|\n|t:|1683938081\n|start\n|switch|p1a: Jumpluff|Jumpluff, L50, F|100\/100\n|switch|p1b: Roaring Moon|Roaring Moon, L50|100\/100\n|switch|p2a: Palafin|Palafin, L50, M|100\/100\n|switch|p2b: Ting-Lu|Ting-Lu, L50|100\/100\n|-ability|p2b: Ting-Lu|Vessel of Ruin\n|turn|1\n|inactive|Hikaru_VT1 has 30 seconds left.\n|inactive|Hikaru_VT1 has 20 seconds left.\n|inactive|Hikaru_VT1 has 15 seconds left.\n|inactive|Hikaru_VT1 has 10 seconds left.\n|inactive|jchemmy has 30 seconds left.\n|\n|t:|1683938129\n|-terastallize|p1b: Roaring Moon|Ground\n|move|p2a: Palafin|Protect|p2a: Palafin\n|-singleturn|p2a: Palafin|Protect\n|move|p1a: Jumpluff|Absorb|p1b: Roaring Moon\n|-supereffective|p1b: Roaring Moon\n|-damage|p1b: Roaring Moon|94\/100\n|-enditem|p1b: Roaring Moon|Weakness Policy\n|-boost|p1b: Roaring Moon|atk|2|[from] item: Weakness Policy\n|-boost|p1b: Roaring Moon|spa|2|[from] item: Weakness Policy\n|move|p1b: Roaring Moon|Earthquake|p2a: Palafin|[spread] p2b\n|-activate|p2a: Palafin|move: Protect\n|-immune|p1a: Jumpluff\n|-damage|p2b: Ting-Lu|45\/100\n|move|p2b: Ting-Lu|Ruination|p1b: Roaring Moon\n|-damage|p1b: Roaring Moon|48\/100\n|\n|upkeep\n|turn|2\n|\n|t:|1683938151\n|switch|p2b: Arcanine|Arcanine, L50, F|100\/100\n|-ability|p2b: Arcanine|Intimidate|boost\n|-unboost|p1a: Jumpluff|atk|1\n|-unboost|p1b: Roaring Moon|atk|1\n|-terastallize|p2a: Palafin|Water\n|move|p1a: Jumpluff|Rage Powder|p1a: Jumpluff\n|-singleturn|p1a: Jumpluff|move: Rage Powder\n|move|p2a: Palafin|Jet Punch|p1a: Jumpluff\n|-resisted|p1a: Jumpluff\n|-damage|p1a: Jumpluff|79\/100\n|move|p1b: Roaring Moon|Earthquake|p2b: Arcanine|[spread] p2a,p2b\n|-immune|p1a: Jumpluff\n|-supereffective|p2b: Arcanine\n|-damage|p2a: Palafin|21\/100\n|-damage|p2b: Arcanine|0 fnt\n|faint|p2b: Arcanine\n|\n|upkeep\n|\n|t:|1683938165\n|switch|p2b: Flutter Mane|Flutter Mane, L50|100\/100\n|turn|3\n|\n|t:|1683938173\n|move|p2a: Palafin|Protect|p2a: Palafin\n|-singleturn|p2a: Palafin|Protect\n|move|p1a: Jumpluff|Rage Powder|p1a: Jumpluff\n|-singleturn|p1a: Jumpluff|move: Rage Powder\n|move|p2b: Flutter Mane|Dazzling Gleam|p1a: Jumpluff|[spread] p1a,p1b\n|-damage|p1a: Jumpluff|33\/100\n|-damage|p1b: Roaring Moon|5\/100\n|move|p1b: Roaring Moon|Earthquake|p2a: Palafin|[spread] p2b\n|-activate|p2a: Palafin|move: Protect\n|-immune|p1a: Jumpluff\n|-damage|p2b: Flutter Mane|2\/100\n|\n|upkeep\n|turn|4\n|\n|t:|1683938196\n|move|p1b: Roaring Moon|Protect|p1b: Roaring Moon\n|-singleturn|p1b: Roaring Moon|Protect\n|move|p2a: Palafin|Jet Punch|p1b: Roaring Moon\n|-activate|p1b: Roaring Moon|move: Protect\n|move|p2b: Flutter Mane|Dazzling Gleam|p1b: Roaring Moon|[spread] p1a\n|-activate|p1b: Roaring Moon|move: Protect\n|-damage|p1a: Jumpluff|0 fnt\n|faint|p1a: Jumpluff\n|\n|upkeep\n|\n|t:|1683938209\n|switch|p1a: Annihilape|Annihilape, L50, M|100\/100\n|turn|5\n|\n|t:|1683938232\n|-end|p1b: Roaring Moon|Protosynthesis|[silent]\n|switch|p1b: Rotom|Rotom-Wash, L50|100\/100\n|move|p2a: Palafin|Jet Punch|p1b: Rotom\n|-resisted|p1b: Rotom\n|-damage|p1b: Rotom|81\/100\n|move|p2b: Flutter Mane|Dazzling Gleam|p1a: Annihilape|[spread] p1a,p1b\n|-supereffective|p1a: Annihilape\n|-damage|p1a: Annihilape|33\/100\n|-damage|p1b: Rotom|34\/100\n|move|p1a: Annihilape|Rage Fist|p2b: Flutter Mane\n|-supereffective|p2b: Flutter Mane\n|-damage|p2b: Flutter Mane|0 fnt\n|faint|p2b: Flutter Mane\n|-end|p2b: Flutter Mane|Protosynthesis|[silent]\n|\n|-heal|p1a: Annihilape|39\/100|[from] item: Leftovers\n|upkeep\n|\n|t:|1683938244\n|switch|p2b: Ting-Lu|Ting-Lu, L50|45\/100\n|-ability|p2b: Ting-Lu|Vessel of Ruin\n|turn|6\n|\n|t:|1683938259\n|move|p2a: Palafin|Protect|p2a: Palafin\n|-singleturn|p2a: Palafin|Protect\n|move|p1a: Annihilape|Protect|p1a: Annihilape\n|-singleturn|p1a: Annihilape|Protect\n|move|p1b: Rotom|Thunderbolt|p2a: Palafin\n|-activate|p2a: Palafin|move: Protect\n|move|p2b: Ting-Lu|Heavy Slam|p1b: Rotom\n|-resisted|p1b: Rotom\n|-damage|p1b: Rotom|23\/100\n|\n|-heal|p1a: Annihilape|45\/100|[from] item: Leftovers\n|upkeep\n|turn|7\n|\n|t:|1683938277\n|move|p1b: Rotom|Thunderbolt|p2a: Palafin\n|-supereffective|p2a: Palafin\n|-damage|p2a: Palafin|0 fnt\n|faint|p2a: Palafin\n|move|p1a: Annihilape|Drain Punch|p2b: Ting-Lu\n|-supereffective|p2b: Ting-Lu\n|-damage|p2b: Ting-Lu|5\/100\n|-heal|p1a: Annihilape|67\/100|[from] drain|[of] p2b: Ting-Lu\n|move|p2b: Ting-Lu|Stone Edge|p1b: Rotom\n|-damage|p1b: Rotom|0 fnt\n|faint|p1b: Rotom\n|\n|-heal|p1a: Annihilape|73\/100|[from] item: Leftovers\n|upkeep\n|\n|t:|1683938287\n|switch|p1b: Roaring Moon|Roaring Moon, L50, tera:Ground|5\/100\n|turn|8\n|-message|jchemmy forfeited.\n|\n|win|Hikaru_VT1\n|raw|Hikaru_VT1's rating: 1392 → 1412<\/strong> (+20 for winning)\n|raw|jchemmy's rating: 1399 → 1379<\/strong> (-20 for losing)\n","uploadtime":1683938294,"views":12,"p1id":"hikaruvt1","p2id":"jchemmy","formatid":"gen9vgc2023regulationc","rating":1379,"private":0,"password":""}