{"id":"gen9vgc2023regulationc-1845048121","p1":"Aydsss","p2":"VioletsandViolence","format":"[Gen 9] VGC 2023 Regulation C","log":"|j|\u2606Aydsss\n|j|\u2606VioletsandViolence\n|t:|1681677700\n|gametype|doubles\n|player|p1|Aydsss|102|1040\n|player|p2|VioletsandViolence|dawn|1127\n|teamsize|p1|6\n|teamsize|p2|6\n|gen|9\n|tier|[Gen 9] VGC 2023 Regulation C\n|rated|\n|rule|Species Clause: Limit one of each Pok\u00e9mon\n|rule|Item Clause: Limit one of each item\n|clearpoke\n|poke|p1|Gengar, L50, F|\n|poke|p1|Amoonguss, L50, F|\n|poke|p1|Grimmsnarl, L50, M|\n|poke|p1|Tauros-Paldea-Aqua, L50, M|\n|poke|p1|Orthworm, L50, M|\n|poke|p1|Ting-Lu, L50|\n|poke|p2|Annihilape, L50, F|\n|poke|p2|Chien-Pao, L50|\n|poke|p2|Iron Bundle, L50|\n|poke|p2|Tinkaton, L50, F|\n|poke|p2|Amoonguss, L50, M|\n|poke|p2|Kingambit, L50, F|\n|teampreview|4\n|\n|t:|1681677752\n|start\n|switch|p1a: Amoonguss|Amoonguss, L50, F|100\/100\n|switch|p1b: Orthworm|Orthworm, L50, M, shiny|100\/100\n|switch|p2a: Tinkaton|Tinkaton, L50, F|100\/100\n|switch|p2b: Amoonguss|Amoonguss, L50, M|100\/100\n|-ability|p2a: Tinkaton|Mold Breaker\n|turn|1\n|\n|t:|1681677790\n|switch|p2b: Iron Bundle|Iron Bundle, L50|100\/100\n|-enditem|p2b: Iron Bundle|Booster Energy\n|-activate|p2b: Iron Bundle|ability: Quark Drive|[fromitem]\n|-start|p2b: Iron Bundle|quarkdrivespe\n|move|p1a: Amoonguss|Protect|p1a: Amoonguss\n|-singleturn|p1a: Amoonguss|Protect\n|move|p2a: Tinkaton|Gigaton Hammer|p1a: Amoonguss\n|-activate|p1a: Amoonguss|move: Protect\n|move|p1b: Orthworm|Shed Tail|p1b: Orthworm\n|-start|p1b: Orthworm|Substitute|[from] move: Shed Tail\n|-damage|p1b: Orthworm|50\/100\n|\n|t:|1681677809\n|switch|p1b: Gengar|Gengar, L50, F|100\/100|[from] Shed Tail\n|\n|upkeep\n|turn|2\n|\n|t:|1681677822\n|move|p2b: Iron Bundle|Protect|p2b: Iron Bundle\n|-singleturn|p2b: Iron Bundle|Protect\n|move|p1b: Gengar|Hypnosis|p2b: Iron Bundle\n|-activate|p2b: Iron Bundle|move: Protect\n|move|p2a: Tinkaton|Thunder Wave|p1a: Amoonguss\n|-status|p1a: Amoonguss|par\n|move|p1a: Amoonguss|Spore|p2a: Tinkaton\n|-status|p2a: Tinkaton|slp|[from] move: Spore\n|\n|upkeep\n|turn|3\n|\n|t:|1681677852\n|switch|p2a: Amoonguss|Amoonguss, L50, M|100\/100\n|move|p1a: Amoonguss|Protect|p1a: Amoonguss\n|-singleturn|p1a: Amoonguss|Protect\n|move|p2b: Iron Bundle|Freeze-Dry|p1b: Gengar\n|-end|p1b: Gengar|Substitute\n|move|p1b: Gengar|Hypnosis|p2b: Iron Bundle|[miss]\n|-miss|p1b: Gengar|p2b: Iron Bundle\n|\n|upkeep\n|turn|4\n|\n|t:|1681677868\n|move|p2b: Iron Bundle|Protect|p2b: Iron Bundle\n|-singleturn|p2b: Iron Bundle|Protect\n|move|p1b: Gengar|Hypnosis|p2a: Amoonguss\n|-status|p2a: Amoonguss|slp|[from] move: Hypnosis\n|cant|p2a: Amoonguss|slp\n|move|p1a: Amoonguss|Spore|p2b: Iron Bundle\n|-activate|p2b: Iron Bundle|move: Protect\n|\n|upkeep\n|turn|5\n|\n|t:|1681677896\n|cant|p2a: Amoonguss|slp\n|move|p1a: Amoonguss|Rage Powder|p1a: Amoonguss\n|-singleturn|p1a: Amoonguss|move: Rage Powder\n|move|p2b: Iron Bundle|Freeze-Dry|p1a: Amoonguss\n|-supereffective|p1a: Amoonguss\n|-damage|p1a: Amoonguss|48\/100 par\n|move|p1b: Gengar|Shadow Ball|p2b: Iron Bundle\n|-damage|p2b: Iron Bundle|16\/100\n|\n|upkeep\n|turn|6\n|\n|t:|1681677935\n|-end|p2b: Iron Bundle|Quark Drive|[silent]\n|switch|p2b: Tinkaton|Tinkaton, L50, F|100\/100 slp\n|-ability|p2b: Tinkaton|Mold Breaker\n|move|p1a: Amoonguss|Protect|p1a: Amoonguss\n|-singleturn|p1a: Amoonguss|Protect\n|move|p1b: Gengar|Hypnosis|p2b: Tinkaton\n|-fail|p2b: Tinkaton|slp\n|-curestatus|p2a: Amoonguss|slp|[msg]\n|move|p2a: Amoonguss|Spore|p1b: Gengar\n|-status|p1b: Gengar|slp|[from] move: Spore\n|\n|upkeep\n|turn|7\n|\n|t:|1681677957\n|switch|p2b: Iron Bundle|Iron Bundle, L50|16\/100\n|cant|p1a: Amoonguss|par\n|cant|p1b: Gengar|slp\n|move|p2a: Amoonguss|Pollen Puff|p2b: Iron Bundle\n|-heal|p2b: Iron Bundle|65\/100\n|\n|upkeep\n|turn|8\n|\n|t:|1681677971\n|move|p2b: Iron Bundle|Freeze-Dry|p1a: Amoonguss\n|-supereffective|p1a: Amoonguss\n|-damage|p1a: Amoonguss|0 fnt\n|faint|p1a: Amoonguss\n|cant|p1b: Gengar|slp\n|move|p2a: Amoonguss|Pollen Puff|p2b: Iron Bundle\n|-heal|p2b: Iron Bundle|100\/100\n|\n|upkeep\n|\n|t:|1681677982\n|switch|p1a: Orthworm|Orthworm, L50, M, shiny|50\/100\n|turn|9\n|\n|t:|1681677991\n|move|p2b: Iron Bundle|Hydro Pump|p1b: Gengar\n|-damage|p1b: Gengar|9\/100 slp\n|cant|p1b: Gengar|slp\n|move|p1a: Orthworm|Heavy Slam|p2b: Iron Bundle\n|-damage|p2b: Iron Bundle|59\/100\n|move|p2a: Amoonguss|Spore|p1a: Orthworm\n|-activate|p1a: Orthworm|item: Safety Goggles|Spore\n|\n|upkeep\n|turn|10\n|\n|t:|1681678009\n|move|p2b: Iron Bundle|Protect|p2b: Iron Bundle\n|-singleturn|p2b: Iron Bundle|Protect\n|-curestatus|p1b: Gengar|slp|[msg]\n|move|p1b: Gengar|Hypnosis|p2a: Amoonguss|[miss]\n|-miss|p1b: Gengar|p2a: Amoonguss\n|move|p1a: Orthworm|Heavy Slam|p2b: Iron Bundle\n|-activate|p2b: Iron Bundle|move: Protect\n|move|p2a: Amoonguss|Pollen Puff|p1b: Gengar\n|-resisted|p1b: Gengar\n|-damage|p1b: Gengar|2\/100\n|\n|upkeep\n|turn|11\n|\n|t:|1681678030\n|move|p2b: Iron Bundle|Freeze-Dry|p1b: Gengar\n|-damage|p1b: Gengar|0 fnt\n|faint|p1b: Gengar\n|move|p1a: Orthworm|Iron Defense|p1a: Orthworm\n|-boost|p1a: Orthworm|def|2\n|move|p2a: Amoonguss|Pollen Puff|p2b: Iron Bundle\n|-heal|p2b: Iron Bundle|100\/100\n|\n|upkeep\n|\n|t:|1681678040\n|switch|p1b: Tauros|Tauros-Paldea-Aqua, L50, M|100\/100\n|-ability|p1b: Tauros|Intimidate|boost\n|-unboost|p2a: Amoonguss|atk|1\n|-unboost|p2b: Iron Bundle|atk|1\n|turn|12\n|\n|t:|1681678052\n|-terastallize|p2b: Iron Bundle|Grass\n|move|p1b: Tauros|Aqua Jet|p2b: Iron Bundle\n|-resisted|p2b: Iron Bundle\n|-damage|p2b: Iron Bundle|89\/100\n|move|p2b: Iron Bundle|Hydro Pump|p1a: Orthworm\n|-damage|p1a: Orthworm|0 fnt\n|faint|p1a: Orthworm\n|move|p2a: Amoonguss|Spore|p1b: Tauros\n|-status|p1b: Tauros|slp|[from] move: Spore\n|\n|upkeep\n|turn|13\n|-message|Aydsss forfeited.\n|\n|win|VioletsandViolence\n|raw|Aydsss's rating: 1040 → 1028<\/strong> (-12 for losing)\n|raw|VioletsandViolence's rating: 1127 → 1146<\/strong> (+19 for winning)\n|l|\u2606Aydsss\n","uploadtime":1681678077,"views":7,"p1id":"aydsss","p2id":"violetsandviolence","formatid":"gen9vgc2023regulationc","rating":1028,"private":0,"password":""}