{"id":"gen9vgc2023regulationc-1852780078","p1":"MGrizz24","p2":"kokialcazar","format":"[Gen 9] VGC 2023 Regulation C","log":"|j|\u2606MGrizz24\n|j|\u2606kokialcazar\n|t:|1682605675\n|gametype|doubles\n|player|p1|MGrizz24|benga|1097\n|player|p2|kokialcazar|morty|1123\n|teamsize|p1|6\n|teamsize|p2|6\n|gen|9\n|tier|[Gen 9] VGC 2023 Regulation C\n|rated|\n|rule|Species Clause: Limit one of each Pok\u00e9mon\n|rule|Item Clause: Limit one of each item\n|clearpoke\n|poke|p1|Garchomp, L50, M|\n|poke|p1|Corviknight, L50, F|\n|poke|p1|Chi-Yu, L50|\n|poke|p1|Gholdengo, L50|\n|poke|p1|Amoonguss, L50, F|\n|poke|p1|Iron Bundle, L50|\n|poke|p2|Chi-Yu, L50|\n|poke|p2|Sableye, L50, M|\n|poke|p2|Flutter Mane, L50|\n|poke|p2|Dragapult, L50, M|\n|poke|p2|Iron Bundle, L50|\n|poke|p2|Gholdengo, L50|\n|teampreview|4\n|inactive|Battle timer is ON: inactive players will automatically lose when time's up. (requested by MGrizz24)\n|inactive|MGrizz24 has 60 seconds left.\n|inactive|MGrizz24 has 30 seconds left.\n|inactive|MGrizz24 has 20 seconds left.\n|inactive|MGrizz24 has 15 seconds left.\n|\n|t:|1682605754\n|start\n|switch|p1a: Garchomp|Garchomp, L50, M|100\/100\n|switch|p1b: Corviknight|Corviknight, L50, F|100\/100\n|switch|p2a: Dragapult|Dragapult, L50, M, shiny|100\/100\n|switch|p2b: Flutter Mane|Flutter Mane, L50, shiny|100\/100\n|turn|1\n|inactive|kokialcazar has 30 seconds left.\n|\n|t:|1682605788\n|move|p2b: Flutter Mane|Protect|p2b: Flutter Mane\n|-singleturn|p2b: Flutter Mane|Protect\n|move|p1a: Garchomp|Protect|p1a: Garchomp\n|-singleturn|p1a: Garchomp|Protect\n|move|p2a: Dragapult|Phantom Force||[still]\n|-prepare|p2a: Dragapult|Phantom Force\n|move|p1b: Corviknight|Tailwind|p1b: Corviknight\n|-sidestart|p1: MGrizz24|move: Tailwind\n|\n|upkeep\n|turn|2\n|\n|t:|1682605810\n|switch|p1a: Chi-Yu|Chi-Yu, L50|100\/100\n|-ability|p1a: Chi-Yu|Beads of Ruin\n|move|p2a: Dragapult|Phantom Force|p1a: Chi-Yu|[from]lockedmove\n|-resisted|p1a: Chi-Yu\n|-damage|p1a: Chi-Yu|45\/100\n|move|p2b: Flutter Mane|Shadow Ball|p1a: Chi-Yu\n|-resisted|p1a: Chi-Yu\n|-damage|p1a: Chi-Yu|9\/100\n|-damage|p2b: Flutter Mane|91\/100|[from] item: Life Orb\n|move|p1b: Corviknight|Brave Bird|p2b: Flutter Mane\n|-damage|p2b: Flutter Mane|0 fnt\n|faint|p2b: Flutter Mane\n|-end|p2b: Flutter Mane|Protosynthesis|[silent]\n|-damage|p1b: Corviknight|81\/100|[from] Recoil\n|\n|upkeep\n|\n|t:|1682605827\n|switch|p2b: Iron Bundle|Iron Bundle, L50, shiny|100\/100\n|-enditem|p2b: Iron Bundle|Booster Energy\n|-activate|p2b: Iron Bundle|ability: Quark Drive|[fromitem]\n|-start|p2b: Iron Bundle|quarkdrivespe\n|turn|3\n|inactive|MGrizz24 has 30 seconds left.\n|\n|t:|1682605858\n|move|p2b: Iron Bundle|Icy Wind|p1b: Corviknight|[spread] p1a,p1b\n|-resisted|p1a: Chi-Yu\n|-damage|p1a: Chi-Yu|0 fnt\n|-damage|p1b: Corviknight|58\/100\n|faint|p1a: Chi-Yu\n|move|p2a: Dragapult|Phantom Force||[still]\n|-prepare|p2a: Dragapult|Phantom Force\n|move|p1b: Corviknight|Brave Bird|p2b: Iron Bundle\n|-damage|p2b: Iron Bundle|48\/100\n|-damage|p1b: Corviknight|46\/100|[from] Recoil\n|\n|upkeep\n|\n|t:|1682605874\n|switch|p1a: Garchomp|Garchomp, L50, M|100\/100\n|turn|4\n|\n|t:|1682605885\n|-terastallize|p1a: Garchomp|Ground\n|move|p2b: Iron Bundle|Protect|p2b: Iron Bundle\n|-singleturn|p2b: Iron Bundle|Protect\n|move|p1a: Garchomp|Earthquake|p2b: Iron Bundle|[spread] \n|-miss|p1a: Garchomp|p2a: Dragapult\n|-activate|p2b: Iron Bundle|move: Protect\n|-immune|p1b: Corviknight\n|move|p2a: Dragapult|Phantom Force|p1b: Corviknight|[from]lockedmove\n|-damage|p1b: Corviknight|0 fnt\n|faint|p1b: Corviknight\n|\n|-sideend|p1: MGrizz24|move: Tailwind\n|upkeep\n|\n|t:|1682605904\n|switch|p1b: Iron Bundle|Iron Bundle, L50|100\/100\n|-enditem|p1b: Iron Bundle|Booster Energy\n|-activate|p1b: Iron Bundle|ability: Quark Drive|[fromitem]\n|-start|p1b: Iron Bundle|quarkdrivespe\n|turn|5\n|\n|t:|1682605925\n|move|p1b: Iron Bundle|Icy Wind|p2a: Dragapult|[spread] p2a,p2b\n|-supereffective|p2a: Dragapult\n|-resisted|p2b: Iron Bundle\n|-damage|p2a: Dragapult|44\/100\n|-damage|p2b: Iron Bundle|38\/100\n|-unboost|p2b: Iron Bundle|spe|1\n|move|p2a: Dragapult|Phantom Force||[still]\n|-prepare|p2a: Dragapult|Phantom Force\n|move|p2b: Iron Bundle|Icy Wind|p1a: Garchomp|[spread] p1a,p1b\n|-supereffective|p1a: Garchomp\n|-resisted|p1b: Iron Bundle\n|-damage|p1a: Garchomp|60\/100\n|-damage|p1b: Iron Bundle|90\/100\n|-unboost|p1a: Garchomp|spe|1\n|-unboost|p1b: Iron Bundle|spe|1\n|move|p1a: Garchomp|Rock Slide|p2b: Iron Bundle|[spread] p2b\n|-miss|p1a: Garchomp|p2a: Dragapult\n|-supereffective|p2b: Iron Bundle\n|-damage|p2b: Iron Bundle|0 fnt\n|faint|p2b: Iron Bundle\n|-end|p2b: Iron Bundle|Quark Drive|[silent]\n|-damage|p1a: Garchomp|50\/100|[from] item: Life Orb\n|\n|upkeep\n|\n|t:|1682605945\n|switch|p2b: Chi-Yu|Chi-Yu, L50|100\/100\n|-ability|p2b: Chi-Yu|Beads of Ruin\n|turn|6\n|\n|t:|1682605960\n|-terastallize|p2b: Chi-Yu|Ghost\n|move|p2a: Dragapult|Phantom Force|p1b: Iron Bundle|[from]lockedmove\n|-damage|p1b: Iron Bundle|11\/100\n|move|p1b: Iron Bundle|Hydro Pump|p2b: Chi-Yu\n|-damage|p2b: Chi-Yu|32\/100\n|move|p2b: Chi-Yu|Tera Blast|p1a: Garchomp\n|-damage|p1a: Garchomp|0 fnt\n|faint|p1a: Garchomp\n|\n|upkeep\n|turn|7\n|\n|t:|1682605977\n|move|p2a: Dragapult|Phantom Force||[still]\n|-prepare|p2a: Dragapult|Phantom Force\n|move|p1b: Iron Bundle|Icy Wind|p2a: Dragapult|[spread] p2b\n|-miss|p1b: Iron Bundle|p2a: Dragapult\n|-damage|p2b: Chi-Yu|6\/100\n|-unboost|p2b: Chi-Yu|spe|1\n|move|p2b: Chi-Yu|Tera Blast|p1b: Iron Bundle\n|-damage|p1b: Iron Bundle|0 fnt\n|faint|p1b: Iron Bundle\n|-end|p1b: Iron Bundle|Quark Drive|[silent]\n|\n|win|kokialcazar\n|raw|MGrizz24's rating: 1097 → 1074<\/strong> (-23 for losing)\n|raw|kokialcazar's rating: 1123 → 1146<\/strong> (+23 for winning)\n","uploadtime":1682606832,"views":7,"p1id":"mgrizz24","p2id":"kokialcazar","formatid":"gen9vgc2023regulationc","rating":1074,"private":0,"password":""}