{"id":"gen9vgc2023regulationc-1853235506","p1":"Vizsla_falconer","p2":"hysaaron","format":"[Gen 9] VGC 2023 Regulation C","log":"|j|\u2606Vizsla_falconer\n|j|\u2606hysaaron\n|t:|1682652602\n|gametype|doubles\n|player|p1|Vizsla_falconer|102|1136\n|player|p2|hysaaron|266|1226\n|teamsize|p1|6\n|teamsize|p2|6\n|gen|9\n|tier|[Gen 9] VGC 2023 Regulation C\n|rated|\n|rule|Species Clause: Limit one of each Pok\u00e9mon\n|rule|Item Clause: Limit one of each item\n|clearpoke\n|poke|p1|Chien-Pao, L50|\n|poke|p1|Dragapult, L50, F|\n|poke|p1|Azumarill, L50, F|\n|poke|p1|Volcarona, L50, F|\n|poke|p1|Flutter Mane, L50|\n|poke|p1|Amoonguss, L50, M|\n|poke|p2|Corviknight, L50, F|\n|poke|p2|Gholdengo, L50|\n|poke|p2|Great Tusk, L50|\n|poke|p2|Gyarados, L50, F|\n|poke|p2|Amoonguss, L50, F|\n|poke|p2|Ting-Lu, L50|\n|teampreview|4\n|inactive|Battle timer is ON: inactive players will automatically lose when time's up. (requested by hysaaron)\n|inactive|Vizsla_falconer has 60 seconds left.\n|inactive|hysaaron has 60 seconds left.\n|\n|t:|1682652658\n|start\n|switch|p1a: Volcarona|Volcarona, L50, F|100\/100\n|switch|p1b: Dragapult|Dragapult, L50, F|100\/100\n|switch|p2a: Corviknight|Corviknight, L50, F, shiny|100\/100\n|switch|p2b: Great Tusk|Great Tusk, L50, shiny|100\/100\n|turn|1\n|inactive|Vizsla_falconer has 30 seconds left.\n|inactive|hysaaron has 30 seconds left.\n|inactive|hysaaron has 20 seconds left.\n|inactive|hysaaron has 15 seconds left.\n|inactive|hysaaron has 10 seconds left.\n|\n|t:|1682652705\n|-terastallize|p2b: Great Tusk|Fire\n|-terastallize|p1a: Volcarona|Water\n|move|p2b: Great Tusk|Rock Slide|p1a: Volcarona|[spread] p1a,p1b\n|-damage|p1a: Volcarona|72\/100\n|-damage|p1b: Dragapult|70\/100\n|move|p1b: Dragapult|Dragon Dance|p1b: Dragapult\n|-boost|p1b: Dragapult|atk|1\n|-boost|p1b: Dragapult|spe|1\n|move|p1a: Volcarona|Quiver Dance|p1a: Volcarona\n|-boost|p1a: Volcarona|spa|1\n|-boost|p1a: Volcarona|spd|1\n|-boost|p1a: Volcarona|spe|1\n|move|p2a: Corviknight|Tailwind|p2a: Corviknight\n|-sidestart|p2: hysaaron|move: Tailwind\n|\n|-heal|p1a: Volcarona|78\/100|[from] item: Leftovers\n|upkeep\n|turn|2\n|inactive|Vizsla_falconer has 30 seconds left.\n|inactive|hysaaron has 30 seconds left.\n|inactive|Vizsla_falconer has 20 seconds left.\n|inactive|hysaaron has 20 seconds left.\n|inactive|Vizsla_falconer has 15 seconds left.\n|\n|t:|1682652747\n|move|p2b: Great Tusk|Rock Slide|p1a: Volcarona|[spread] p1b\n|-miss|p2b: Great Tusk|p1a: Volcarona\n|-damage|p1b: Dragapult|43\/100\n|move|p1b: Dragapult|Phantom Force||[still]\n|-prepare|p1b: Dragapult|Phantom Force\n|move|p1a: Volcarona|Heat Wave|p2b: Great Tusk|[spread] p2a,p2b\n|-supereffective|p2a: Corviknight\n|-resisted|p2b: Great Tusk\n|-damage|p2a: Corviknight|17\/100\n|-damage|p2b: Great Tusk|63\/100\n|move|p2a: Corviknight|Brave Bird|p1b: Dragapult|[miss]\n|-miss|p2a: Corviknight|p1b: Dragapult\n|\n|-heal|p1a: Volcarona|84\/100|[from] item: Leftovers\n|upkeep\n|turn|3\n|inactive|hysaaron has 30 seconds left.\n|\n|t:|1682652772\n|-end|p2b: Great Tusk|Protosynthesis|[silent]\n|switch|p2b: Gyarados|Gyarados, L50, F, shiny|100\/100\n|-ability|p2b: Gyarados|Intimidate|boost\n|-unboost|p1a: Volcarona|atk|1\n|-fail|p1b: Dragapult|unboost|[from] ability: Clear Body|[of] p1b: Dragapult\n|move|p1b: Dragapult|Phantom Force|p2b: Gyarados|[from]lockedmove\n|-damage|p2b: Gyarados|4\/100\n|-enditem|p2b: Gyarados|Sitrus Berry|[eat]\n|-heal|p2b: Gyarados|28\/100|[from] item: Sitrus Berry\n|-damage|p1b: Dragapult|34\/100|[from] item: Life Orb\n|move|p1a: Volcarona|Heat Wave|p2b: Gyarados|[spread] p2b\n|-miss|p1a: Volcarona|p2a: Corviknight\n|-resisted|p2b: Gyarados\n|-damage|p2b: Gyarados|10\/100\n|move|p2a: Corviknight|Roost|p2a: Corviknight\n|-heal|p2a: Corviknight|67\/100\n|-singleturn|p2a: Corviknight|move: Roost\n|\n|-heal|p1a: Volcarona|91\/100|[from] item: Leftovers\n|upkeep\n|turn|4\n|inactive|Vizsla_falconer has 30 seconds left.\n|inactive|hysaaron has 30 seconds left.\n|inactive|Vizsla_falconer has 20 seconds left.\n|inactive|hysaaron has 20 seconds left.\n|inactive|Vizsla_falconer has 15 seconds left.\n|inactive|hysaaron has 15 seconds left.\n|inactive|Vizsla_falconer has 10 seconds left.\n|\n|t:|1682652821\n|move|p1b: Dragapult|Protect|p1b: Dragapult\n|-singleturn|p1b: Dragapult|Protect\n|move|p2b: Gyarados|Thunder Wave|p1a: Volcarona\n|-status|p1a: Volcarona|par\n|move|p2a: Corviknight|Brave Bird|p1a: Volcarona\n|-damage|p1a: Volcarona|39\/100 par\n|-status|p2a: Corviknight|brn|[from] ability: Flame Body|[of] p1a: Volcarona\n|-damage|p2a: Corviknight|50\/100 brn|[from] Recoil\n|move|p1a: Volcarona|Bug Buzz|p2b: Gyarados\n|-resisted|p2b: Gyarados\n|-damage|p2b: Gyarados|0 fnt\n|faint|p2b: Gyarados\n|\n|-heal|p1a: Volcarona|45\/100 par|[from] item: Leftovers\n|-damage|p2a: Corviknight|44\/100 brn|[from] brn\n|-sideend|p2: hysaaron|move: Tailwind\n|upkeep\n|\n|t:|1682652840\n|switch|p2b: Great Tusk|Great Tusk, L50, shiny, tera:Fire|63\/100\n|turn|5\n|\n|t:|1682652857\n|move|p1b: Dragapult|Phantom Force||[still]\n|-prepare|p1b: Dragapult|Phantom Force\n|move|p2b: Great Tusk|Earthquake|p1a: Volcarona|[spread] p1a\n|-miss|p2b: Great Tusk|p1b: Dragapult\n|-immune|p2a: Corviknight\n|-crit|p1a: Volcarona\n|-damage|p1a: Volcarona|0 fnt\n|faint|p1a: Volcarona\n|move|p2a: Corviknight|Tailwind|p2a: Corviknight\n|-sidestart|p2: hysaaron|move: Tailwind\n|\n|-damage|p2a: Corviknight|37\/100 brn|[from] brn\n|upkeep\n|\n|t:|1682652877\n|switch|p1a: Azumarill|Azumarill, L50, F|100\/100\n|turn|6\n|\n|t:|1682652886\n|-end|p2b: Great Tusk|Protosynthesis|[silent]\n|switch|p2b: Amoonguss|Amoonguss, L50, F, shiny|100\/100\n|move|p1a: Azumarill|Aqua Jet|p2b: Amoonguss\n|-resisted|p2b: Amoonguss\n|-damage|p2b: Amoonguss|91\/100\n|-damage|p1a: Azumarill|84\/100|[from] item: Rocky Helmet|[of] p2b: Amoonguss\n|move|p1b: Dragapult|Phantom Force|p2b: Amoonguss|[from]lockedmove\n|-damage|p2b: Amoonguss|26\/100\n|-damage|p1b: Dragapult|17\/100|[from] item: Rocky Helmet|[of] p2b: Amoonguss\n|-damage|p1b: Dragapult|8\/100|[from] item: Life Orb\n|move|p2a: Corviknight|Roost|p2a: Corviknight\n|-heal|p2a: Corviknight|88\/100 brn\n|-singleturn|p2a: Corviknight|move: Roost\n|\n|-damage|p2a: Corviknight|81\/100 brn|[from] brn\n|upkeep\n|turn|7\n|inactive|Vizsla_falconer has 30 seconds left.\n|inactive|hysaaron has 30 seconds left.\n|\n|t:|1682652920\n|move|p1b: Dragapult|Protect|p1b: Dragapult\n|-singleturn|p1b: Dragapult|Protect\n|move|p2a: Corviknight|Bulk Up|p2a: Corviknight\n|-boost|p2a: Corviknight|atk|1\n|-boost|p2a: Corviknight|def|1\n|move|p2b: Amoonguss|Spore|p1a: Azumarill\n|-status|p1a: Azumarill|slp|[from] move: Spore\n|cant|p1a: Azumarill|slp\n|\n|-damage|p2a: Corviknight|75\/100 brn|[from] brn\n|upkeep\n|turn|8\n|inactive|hysaaron has 30 seconds left.\n|\n|t:|1682652948\n|move|p1b: Dragapult|Phantom Force||[still]\n|-prepare|p1b: Dragapult|Phantom Force\n|move|p2a: Corviknight|Brave Bird|p1a: Azumarill\n|-damage|p1a: Azumarill|50\/100 slp\n|-damage|p2a: Corviknight|63\/100 brn|[from] Recoil\n|move|p2b: Amoonguss|Spore|p1b: Dragapult|[miss]\n|-miss|p2b: Amoonguss|p1b: Dragapult\n|cant|p1a: Azumarill|slp\n|\n|-damage|p2a: Corviknight|57\/100 brn|[from] brn\n|-sideend|p2: hysaaron|move: Tailwind\n|upkeep\n|turn|9\n|\n|t:|1682652973\n|move|p1b: Dragapult|Phantom Force|p2b: Amoonguss|[from]lockedmove\n|-damage|p2b: Amoonguss|0 fnt\n|-damage|p1b: Dragapult|0 fnt|[from] item: Rocky Helmet|[of] p2b: Amoonguss\n|faint|p2b: Amoonguss\n|faint|p1b: Dragapult\n|move|p2a: Corviknight|Tailwind|p2a: Corviknight\n|-sidestart|p2: hysaaron|move: Tailwind\n|cant|p1a: Azumarill|slp\n|\n|-damage|p2a: Corviknight|51\/100 brn|[from] brn\n|upkeep\n|\n|t:|1682652985\n|switch|p1b: Amoonguss|Amoonguss, L50, M|100\/100\n|switch|p2b: Great Tusk|Great Tusk, L50, shiny, tera:Fire|63\/100\n|turn|10\n|\n|t:|1682653009\n|-curestatus|p1a: Azumarill|slp|[msg]\n|move|p1a: Azumarill|Aqua Jet|p2b: Great Tusk\n|-supereffective|p2b: Great Tusk\n|-damage|p2b: Great Tusk|25\/100\n|move|p2b: Great Tusk|Headlong Rush|p1a: Azumarill\n|-damage|p1a: Azumarill|0 fnt\n|-unboost|p2b: Great Tusk|def|1\n|-unboost|p2b: Great Tusk|spd|1\n|faint|p1a: Azumarill\n|move|p2a: Corviknight|Roost|p2a: Corviknight\n|-heal|p2a: Corviknight|100\/100 brn\n|-singleturn|p2a: Corviknight|move: Roost\n|move|p1b: Amoonguss|Pollen Puff|p1: Azumarill|[notarget]\n|-fail|p1b: Amoonguss\n|\n|-damage|p2a: Corviknight|94\/100 brn|[from] brn\n|upkeep\n|turn|11\n|-message|Vizsla_falconer forfeited.\n|\n|win|hysaaron\n|raw|Vizsla_falconer's rating: 1136 → 1117<\/strong> (-19 for losing)\n|raw|hysaaron's rating: 1226 → 1245<\/strong> (+19 for winning)\n|l|\u2606Vizsla_falconer\n","uploadtime":1682653037,"views":5,"p1id":"vizslafalconer","p2id":"hysaaron","formatid":"gen9vgc2023regulationc","rating":1117,"private":0,"password":""}