{"id":"gen9vgc2023regulationc-1854738363","p1":"gorilnx","p2":"daidaiso","format":"[Gen 9] VGC 2023 Regulation C","log":"|j|\u2606gorilnx\n|j|\u2606daidaiso\n|t:|1682859382\n|gametype|doubles\n|player|p1|gorilnx|dawn-gen4pt|1145\n|player|p2|daidaiso|266|1137\n|teamsize|p1|6\n|teamsize|p2|6\n|gen|9\n|tier|[Gen 9] VGC 2023 Regulation C\n|rated|\n|rule|Species Clause: Limit one of each Pok\u00e9mon\n|rule|Item Clause: Limit one of each item\n|clearpoke\n|poke|p1|Palafin, L50, F|\n|poke|p1|Amoonguss, L50, M|\n|poke|p1|Flutter Mane, L50|\n|poke|p1|Arcanine, L50, M|\n|poke|p1|Ting-Lu, L50|\n|poke|p1|Baxcalibur, L50, M|\n|poke|p2|Ting-Lu, L50|\n|poke|p2|Palafin, L50, F|\n|poke|p2|Baxcalibur, L50, F|\n|poke|p2|Flutter Mane, L50|\n|poke|p2|Amoonguss, L50, F|\n|poke|p2|Arcanine, L50, F|\n|teampreview|4\n|inactive|Battle timer is ON: inactive players will automatically lose when time's up. (requested by gorilnx)\n|inactive|daidaiso has 60 seconds left.\n|\n|t:|1682859427\n|start\n|switch|p1a: Flutter Mane|Flutter Mane, L50|100\/100\n|switch|p1b: Amoonguss|Amoonguss, L50, M|100\/100\n|switch|p2a: Palafin|Palafin, L50, F|100\/100\n|switch|p2b: Amoonguss|Amoonguss, L50, F|100\/100\n|turn|1\n|inactive|daidaiso has 30 seconds left.\n|\n|t:|1682859454\n|-end|p1a: Flutter Mane|Protosynthesis|[silent]\n|switch|p1a: Arcanine|Arcanine, L50, M|100\/100\n|-ability|p1a: Arcanine|Intimidate|boost\n|-unboost|p2a: Palafin|atk|1\n|-unboost|p2b: Amoonguss|atk|1\n|-terastallize|p2a: Palafin|Water\n|move|p2b: Amoonguss|Protect|p2b: Amoonguss\n|-singleturn|p2b: Amoonguss|Protect\n|move|p2a: Palafin|Wave Crash|p1a: Arcanine\n|-supereffective|p1a: Arcanine\n|-damage|p1a: Arcanine|0 fnt\n|faint|p1a: Arcanine\n|-damage|p2a: Palafin|69\/100|[from] Recoil\n|move|p1b: Amoonguss|Spore|p2a: Palafin\n|-status|p2a: Palafin|slp|[from] move: Spore\n|\n|upkeep\n|\n|t:|1682859474\n|switch|p1a: Baxcalibur|Baxcalibur, L50, M|100\/100\n|turn|2\n|inactive|daidaiso has 30 seconds left.\n|\n|t:|1682859505\n|detailschange|p2a: Palafin|Palafin-Hero, L50, F, tera:Water\n|switch|p2a: Arcanine|Arcanine, L50, F|100\/100\n|-ability|p2a: Arcanine|Intimidate|boost\n|-unboost|p1a: Baxcalibur|atk|1\n|-unboost|p1b: Amoonguss|atk|1\n|switch|p1b: Flutter Mane|Flutter Mane, L50|100\/100\n|move|p1a: Baxcalibur|Icicle Spear|p2b: Amoonguss\n|-supereffective|p2b: Amoonguss\n|-damage|p2b: Amoonguss|83\/100\n|-supereffective|p2b: Amoonguss\n|-damage|p2b: Amoonguss|64\/100\n|-supereffective|p2b: Amoonguss\n|-damage|p2b: Amoonguss|47\/100\n|-enditem|p2b: Amoonguss|Sitrus Berry|[eat]\n|-heal|p2b: Amoonguss|72\/100|[from] item: Sitrus Berry\n|-supereffective|p2b: Amoonguss\n|-damage|p2b: Amoonguss|53\/100\n|-supereffective|p2b: Amoonguss\n|-damage|p2b: Amoonguss|34\/100\n|-hitcount|p2b: Amoonguss|5\n|move|p2b: Amoonguss|Spore|p1a: Baxcalibur\n|-status|p1a: Baxcalibur|slp|[from] move: Spore\n|\n|upkeep\n|turn|3\n|inactive|gorilnx has 30 seconds left.\n|inactive|daidaiso has 30 seconds left.\n|inactive|gorilnx has 20 seconds left.\n|inactive|gorilnx has 15 seconds left.\n|\n|t:|1682859548\n|switch|p1a: Amoonguss|Amoonguss, L50, M|100\/100\n|move|p2b: Amoonguss|Protect|p2b: Amoonguss\n|-singleturn|p2b: Amoonguss|Protect\n|move|p1b: Flutter Mane|Shadow Ball|p2a: Arcanine\n|-damage|p2a: Arcanine|28\/100\n|move|p2a: Arcanine|Flare Blitz|p1b: Flutter Mane\n|-damage|p1b: Flutter Mane|0 fnt\n|faint|p1b: Flutter Mane\n|-end|p1b: Flutter Mane|Protosynthesis|[silent]\n|-damage|p2a: Arcanine|6\/100|[from] Recoil\n|\n|upkeep\n|\n|t:|1682859559\n|switch|p1b: Baxcalibur|Baxcalibur, L50, M|100\/100 slp\n|turn|4\n|inactive|daidaiso has 30 seconds left.\n|inactive|daidaiso has 20 seconds left.\n|\n|t:|1682859596\n|switch|p2a: Palafin|Palafin-Hero, L50, F, tera:Water|69\/100 slp\n|-activate|p2a: Palafin|ability: Zero to Hero\n|move|p1a: Amoonguss|Protect|p1a: Amoonguss\n|-singleturn|p1a: Amoonguss|Protect\n|cant|p1b: Baxcalibur|slp\n|move|p2b: Amoonguss|Pollen Puff|p2a: Palafin\n|-heal|p2a: Palafin|100\/100 slp\n|\n|upkeep\n|turn|5\n|\n|t:|1682859615\n|switch|p2b: Arcanine|Arcanine, L50, F|6\/100\n|-ability|p2b: Arcanine|Intimidate|boost\n|-unboost|p1a: Amoonguss|atk|1\n|-unboost|p1b: Baxcalibur|atk|1\n|move|p1a: Amoonguss|Rage Powder|p1a: Amoonguss\n|-singleturn|p1a: Amoonguss|move: Rage Powder\n|cant|p2a: Palafin|slp\n|-curestatus|p1b: Baxcalibur|slp|[msg]\n|move|p1b: Baxcalibur|Glaive Rush|p2a: Palafin\n|-damage|p2a: Palafin|54\/100 slp\n|-singlemove|p1b: Baxcalibur|Glaive Rush|[silent]\n|\n|upkeep\n|turn|6\n|inactive|gorilnx has 30 seconds left.\n|inactive|daidaiso has 30 seconds left.\n|\n|t:|1682859647\n|switch|p2b: Amoonguss|Amoonguss, L50, F|67\/100\n|cant|p2a: Palafin|slp\n|move|p1b: Baxcalibur|Icicle Spear|p2b: Amoonguss\n|-supereffective|p2b: Amoonguss\n|-damage|p2b: Amoonguss|48\/100\n|-supereffective|p2b: Amoonguss\n|-damage|p2b: Amoonguss|29\/100\n|-supereffective|p2b: Amoonguss\n|-damage|p2b: Amoonguss|11\/100\n|-supereffective|p2b: Amoonguss\n|-damage|p2b: Amoonguss|0 fnt\n|faint|p2b: Amoonguss\n|-hitcount|p2: Amoonguss|4\n|move|p1a: Amoonguss|Pollen Puff|p1b: Baxcalibur\n|-immune|p1b: Baxcalibur\n|\n|upkeep\n|\n|t:|1682859662\n|switch|p2b: Arcanine|Arcanine, L50, F|6\/100\n|-ability|p2b: Arcanine|Intimidate|boost\n|-unboost|p1a: Amoonguss|atk|1\n|-unboost|p1b: Baxcalibur|atk|1\n|turn|7\n|\n|t:|1682859677\n|move|p1b: Baxcalibur|Ice Shard|p2b: Arcanine\n|-resisted|p2b: Arcanine\n|-damage|p2b: Arcanine|0 fnt\n|faint|p2b: Arcanine\n|-curestatus|p2a: Palafin|slp|[msg]\n|move|p2a: Palafin|Wave Crash|p1b: Baxcalibur\n|-resisted|p1b: Baxcalibur\n|-damage|p1b: Baxcalibur|45\/100\n|-damage|p2a: Palafin|34\/100|[from] Recoil\n|move|p1a: Amoonguss|Spore|p2a: Palafin\n|-status|p2a: Palafin|slp|[from] move: Spore\n|\n|upkeep\n|\n|t:|1682859688\n|switch|p2b: Flutter Mane|Flutter Mane, L50|100\/100\n|turn|8\n|\n|t:|1682859703\n|-terastallize|p1b: Baxcalibur|Poison\n|move|p2b: Flutter Mane|Moonblast|p1a: Amoonguss\n|-resisted|p1a: Amoonguss\n|-damage|p1a: Amoonguss|68\/100\n|cant|p2a: Palafin|slp\n|move|p1b: Baxcalibur|Icicle Spear|p2b: Flutter Mane\n|-damage|p2b: Flutter Mane|88\/100\n|-damage|p2b: Flutter Mane|75\/100\n|-damage|p2b: Flutter Mane|61\/100\n|-damage|p2b: Flutter Mane|49\/100\n|-hitcount|p2b: Flutter Mane|4\n|move|p1a: Amoonguss|Pollen Puff|p1b: Baxcalibur\n|-heal|p1b: Baxcalibur|95\/100\n|\n|upkeep\n|turn|9\n|\n|t:|1682859727\n|move|p1a: Amoonguss|Rage Powder|p1a: Amoonguss\n|-singleturn|p1a: Amoonguss|move: Rage Powder\n|move|p2b: Flutter Mane|Moonblast|p1a: Amoonguss\n|-resisted|p1a: Amoonguss\n|-damage|p1a: Amoonguss|37\/100\n|-enditem|p1a: Amoonguss|Sitrus Berry|[eat]\n|-heal|p1a: Amoonguss|62\/100|[from] item: Sitrus Berry\n|cant|p2a: Palafin|slp\n|move|p1b: Baxcalibur|Icicle Spear|p2b: Flutter Mane\n|-damage|p2b: Flutter Mane|36\/100\n|-damage|p2b: Flutter Mane|24\/100\n|-damage|p2b: Flutter Mane|11\/100\n|-damage|p2b: Flutter Mane|0 fnt\n|faint|p2b: Flutter Mane\n|-end|p2b: Flutter Mane|Protosynthesis|[silent]\n|-hitcount|p2: Flutter Mane|4\n|\n|upkeep\n|turn|10\n|\n|t:|1682859742\n|move|p1a: Amoonguss|Rage Powder|p1a: Amoonguss\n|-singleturn|p1a: Amoonguss|move: Rage Powder\n|cant|p2a: Palafin|slp\n|move|p1b: Baxcalibur|Glaive Rush|p2a: Palafin\n|-damage|p2a: Palafin|1\/100 slp\n|-singlemove|p1b: Baxcalibur|Glaive Rush|[silent]\n|\n|upkeep\n|turn|11\n|\n|t:|1682859752\n|move|p1a: Amoonguss|Rage Powder|p1a: Amoonguss\n|-singleturn|p1a: Amoonguss|move: Rage Powder\n|move|p1b: Baxcalibur|Ice Shard|p2a: Palafin\n|-resisted|p2a: Palafin\n|-damage|p2a: Palafin|0 fnt\n|faint|p2a: Palafin\n|\n|win|gorilnx\n|raw|gorilnx's rating: 1145 → 1169<\/strong> (+24 for winning)\n|raw|daidaiso's rating: 1137 → 1113<\/strong> (-24 for losing)\n","uploadtime":1682859761,"views":8,"p1id":"gorilnx","p2id":"daidaiso","formatid":"gen9vgc2023regulationc","rating":1113,"private":0,"password":""}