{"id":"gen9vgc2023regulationc-1859708253","p1":"TheNamesNap","p2":"SwaggyCash652","format":"[Gen 9] VGC 2023 Regulation C","log":"|j|\u2606TheNamesNap\n|j|\u2606SwaggyCash652\n|t:|1683557922\n|gametype|doubles\n|player|p1|TheNamesNap|170|1225\n|player|p2|SwaggyCash652|ethan|1206\n|teamsize|p1|6\n|teamsize|p2|6\n|gen|9\n|tier|[Gen 9] VGC 2023 Regulation C\n|rated|\n|rule|Species Clause: Limit one of each Pok\u00e9mon\n|rule|Item Clause: Limit one of each item\n|clearpoke\n|poke|p1|Iron Valiant, L50|\n|poke|p1|Amoonguss, L50, F|\n|poke|p1|Arcanine, L50, M|\n|poke|p1|Palafin, L50, F|\n|poke|p1|Ting-Lu, L50|\n|poke|p1|Baxcalibur, L50, M|\n|poke|p2|Amoonguss, L50, F|\n|poke|p2|Salamence, L50, F|\n|poke|p2|Flutter Mane, L50|\n|poke|p2|Dragapult, L50, F|\n|poke|p2|Great Tusk, L50|\n|poke|p2|Iron Bundle, L50|\n|teampreview|4\n|inactive|Battle timer is ON: inactive players will automatically lose when time's up. (requested by SwaggyCash652)\n|inactive|TheNamesNap has 60 seconds left.\n|inactive|SwaggyCash652 has 60 seconds left.\n|\n|t:|1683557957\n|start\n|switch|p1a: Baxcalibur|Baxcalibur, L50, M|100\/100\n|switch|p1b: Ting-Lu|Ting-Lu, L50|100\/100\n|switch|p2a: Salamence|Salamence, L50, F|100\/100\n|switch|p2b: Flutter Mane|Flutter Mane, L50|100\/100\n|-ability|p2a: Salamence|Intimidate|boost\n|-fail|p1a: Baxcalibur|unboost|[from] item: Clear Amulet|[of] p1a: Baxcalibur\n|-unboost|p1b: Ting-Lu|atk|1\n|-ability|p1b: Ting-Lu|Vessel of Ruin\n|turn|1\n|inactive|SwaggyCash652 has 30 seconds left.\n|\n|t:|1683557986\n|-terastallize|p1a: Baxcalibur|Poison\n|move|p2b: Flutter Mane|Dazzling Gleam|p1a: Baxcalibur|[spread] p1a,p1b\n|-resisted|p1a: Baxcalibur\n|-supereffective|p1b: Ting-Lu\n|-damage|p1a: Baxcalibur|82\/100\n|-damage|p1b: Ting-Lu|68\/100\n|move|p2a: Salamence|Dragon Claw|p1a: Baxcalibur\n|-damage|p1a: Baxcalibur|39\/100\n|move|p1a: Baxcalibur|Icicle Crash|p2a: Salamence\n|-supereffective|p2a: Salamence\n|-damage|p2a: Salamence|0 fnt\n|faint|p2a: Salamence\n|move|p1b: Ting-Lu|Heavy Slam|p2b: Flutter Mane\n|-supereffective|p2b: Flutter Mane\n|-damage|p2b: Flutter Mane|8\/100\n|\n|upkeep\n|\n|t:|1683557995\n|switch|p2a: Dragapult|Dragapult, L50, F, shiny|100\/100\n|turn|2\n|\n|t:|1683558011\n|move|p1a: Baxcalibur|Ice Shard|p2b: Flutter Mane\n|-damage|p2b: Flutter Mane|0 fnt\n|faint|p2b: Flutter Mane\n|-end|p2b: Flutter Mane|Protosynthesis|[silent]\n|move|p2a: Dragapult|Dragon Dance|p2a: Dragapult\n|-boost|p2a: Dragapult|atk|1\n|-boost|p2a: Dragapult|spe|1\n|move|p1b: Ting-Lu|Payback|p2a: Dragapult\n|-supereffective|p2a: Dragapult\n|-damage|p2a: Dragapult|26\/100\n|\n|upkeep\n|\n|t:|1683558014\n|switch|p2b: Iron Bundle|Iron Bundle, L50|100\/100\n|-enditem|p2b: Iron Bundle|Booster Energy\n|-activate|p2b: Iron Bundle|ability: Quark Drive|[fromitem]\n|-start|p2b: Iron Bundle|quarkdrivespe\n|turn|3\n|\n|t:|1683558032\n|move|p2a: Dragapult|Protect|p2a: Dragapult\n|-singleturn|p2a: Dragapult|Protect\n|move|p1a: Baxcalibur|Ice Shard|p2a: Dragapult\n|-activate|p2a: Dragapult|move: Protect\n|move|p2b: Iron Bundle|Hydro Pump|p1a: Baxcalibur\n|-damage|p1a: Baxcalibur|0 fnt\n|faint|p1a: Baxcalibur\n|move|p1b: Ting-Lu|Heavy Slam|p2b: Iron Bundle\n|-damage|p2b: Iron Bundle|73\/100\n|\n|upkeep\n|\n|t:|1683558041\n|switch|p1a: Iron Valiant|Iron Valiant, L50|100\/100\n|-enditem|p1a: Iron Valiant|Booster Energy\n|-activate|p1a: Iron Valiant|ability: Quark Drive|[fromitem]\n|-start|p1a: Iron Valiant|quarkdrivespe\n|turn|4\n|inactive|SwaggyCash652 has 30 seconds left.\n|\n|t:|1683558068\n|-terastallize|p2a: Dragapult|Ghost\n|move|p1a: Iron Valiant|Shadow Sneak|p2a: Dragapult\n|-supereffective|p2a: Dragapult\n|-damage|p2a: Dragapult|0 fnt\n|faint|p2a: Dragapult\n|move|p2b: Iron Bundle|Hydro Pump|p1b: Ting-Lu\n|-supereffective|p1b: Ting-Lu\n|-damage|p1b: Ting-Lu|29\/100\n|move|p1b: Ting-Lu|Stone Edge|p2b: Iron Bundle\n|-supereffective|p2b: Iron Bundle\n|-damage|p2b: Iron Bundle|29\/100\n|\n|upkeep\n|turn|5\n|c|\u2606SwaggyCash652|gg\n|\n|t:|1683558081\n|move|p2b: Iron Bundle|Icy Wind|p1a: Iron Valiant|[spread] p1a,p1b\n|-supereffective|p1b: Ting-Lu\n|-damage|p1a: Iron Valiant|72\/100\n|-damage|p1b: Ting-Lu|13\/100\n|-unboost|p1a: Iron Valiant|spe|1\n|-unboost|p1b: Ting-Lu|spe|1\n|move|p1a: Iron Valiant|Close Combat|p2b: Iron Bundle\n|-supereffective|p2b: Iron Bundle\n|-damage|p2b: Iron Bundle|0 fnt\n|-unboost|p1a: Iron Valiant|def|1\n|-unboost|p1a: Iron Valiant|spd|1\n|faint|p2b: Iron Bundle\n|-end|p2b: Iron Bundle|Quark Drive|[silent]\n|\n|win|TheNamesNap\n|raw|TheNamesNap's rating: 1225 → 1249<\/strong> (+24 for winning)\n|raw|SwaggyCash652's rating: 1206 → 1182<\/strong> (-24 for losing)\n|l|\u2606SwaggyCash652\n","uploadtime":1683558102,"views":10,"p1id":"thenamesnap","p2id":"swaggycash652","formatid":"gen9vgc2023regulationc","rating":1182,"private":0,"password":""}