{"id":"gen9vgc2023regulationc-1850995470","p1":"Emiker","p2":"luzonvgc","format":"[Gen 9] VGC 2023 Regulation C","log":"|j|\u2606Emiker\n|j|\u2606luzonvgc\n|t:|1682391623\n|gametype|doubles\n|player|p1|Emiker|red|1231\n|player|p2|luzonvgc|lisia|1327\n|teamsize|p1|6\n|teamsize|p2|6\n|gen|9\n|tier|[Gen 9] VGC 2023 Regulation C\n|rated|\n|rule|Species Clause: Limit one of each Pok\u00e9mon\n|rule|Item Clause: Limit one of each item\n|clearpoke\n|poke|p1|Flutter Mane, L50|\n|poke|p1|Palafin, L50, M|\n|poke|p1|Amoonguss, L50, M|\n|poke|p1|Arcanine, L50, M|\n|poke|p1|Ting-Lu, L50|\n|poke|p1|Dragapult, L50, M|\n|poke|p2|Flutter Mane, L50|\n|poke|p2|Arcanine, L50, M|\n|poke|p2|Dragonite, L50, F|\n|poke|p2|Orthworm, L50, M|\n|poke|p2|Ting-Lu, L50|\n|poke|p2|Iron Bundle, L50|\n|teampreview|4\n|inactive|Battle timer is ON: inactive players will automatically lose when time's up. (requested by Emiker)\n|inactive|luzonvgc has 60 seconds left.\n|inactive|luzonvgc has 30 seconds left.\n|inactive|luzonvgc has 20 seconds left.\n|\n|t:|1682391723\n|start\n|switch|p1a: Arcanine|Arcanine, L50, M, shiny|100\/100\n|switch|p1b: Palafin|Palafin, L50, M, shiny|100\/100\n|switch|p2a: Orthworm|Orthworm, L50, M|100\/100\n|switch|p2b: Flutter Mane|Flutter Mane, L50|100\/100\n|-ability|p1a: Arcanine|Intimidate|boost\n|-unboost|p2a: Orthworm|atk|1\n|-unboost|p2b: Flutter Mane|atk|1\n|turn|1\n|\n|t:|1682391746\n|detailschange|p1b: Palafin|Palafin-Hero, L50, M, shiny\n|switch|p1b: Amoonguss|Amoonguss, L50, M|100\/100\n|move|p2b: Flutter Mane|Shadow Ball|p1b: Amoonguss\n|-damage|p1b: Amoonguss|50\/100\n|-enditem|p1b: Amoonguss|Sitrus Berry|[eat]\n|-heal|p1b: Amoonguss|75\/100|[from] item: Sitrus Berry\n|move|p1a: Arcanine|Flare Blitz|p2b: Flutter Mane\n|-damage|p2b: Flutter Mane|26\/100\n|-damage|p1a: Arcanine|83\/100|[from] Recoil\n|move|p2a: Orthworm|Shed Tail|p2a: Orthworm\n|-start|p2a: Orthworm|Substitute|[from] move: Shed Tail\n|-damage|p2a: Orthworm|50\/100\n|-enditem|p2a: Orthworm|Sitrus Berry|[eat]\n|-heal|p2a: Orthworm|75\/100|[from] item: Sitrus Berry\n|\n|t:|1682391760\n|switch|p2a: Dragonite|Dragonite, L50, F|100\/100|[from] Shed Tail\n|\n|upkeep\n|turn|2\n|\n|t:|1682391780\n|-terastallize|p2a: Dragonite|Flying\n|move|p1b: Amoonguss|Protect|p1b: Amoonguss\n|-singleturn|p1b: Amoonguss|Protect\n|move|p1a: Arcanine|Extreme Speed|p2a: Dragonite\n|-activate|p2a: Dragonite|move: Substitute|[damage]\n|move|p2b: Flutter Mane|Shadow Ball|p1a: Arcanine\n|-damage|p1a: Arcanine|23\/100\n|-unboost|p1a: Arcanine|spd|1\n|move|p2a: Dragonite|Tera Blast|p1b: Amoonguss\n|-activate|p1b: Amoonguss|move: Protect\n|\n|upkeep\n|turn|3\n|\n|t:|1682391800\n|switch|p1b: Ting-Lu|Ting-Lu, L50|100\/100\n|-ability|p1b: Ting-Lu|Vessel of Ruin\n|move|p1a: Arcanine|Protect|p1a: Arcanine\n|-singleturn|p1a: Arcanine|Protect\n|move|p2b: Flutter Mane|Shadow Ball|p1b: Ting-Lu\n|-resisted|p1b: Ting-Lu\n|-crit|p1b: Ting-Lu\n|-damage|p1b: Ting-Lu|87\/100\n|move|p2a: Dragonite|Tera Blast|p1b: Ting-Lu\n|-damage|p1b: Ting-Lu|58\/100\n|\n|upkeep\n|turn|4\n|inactive|luzonvgc has 30 seconds left.\n|\n|t:|1682391829\n|-end|p2b: Flutter Mane|Protosynthesis|[silent]\n|switch|p2b: Orthworm|Orthworm, L50, M|75\/100\n|move|p2a: Dragonite|Protect|p2a: Dragonite\n|-singleturn|p2a: Dragonite|Protect\n|move|p1a: Arcanine|Extreme Speed|p2a: Dragonite\n|-activate|p2a: Dragonite|move: Protect\n|move|p1b: Ting-Lu|Ruination|p2a: Dragonite\n|-activate|p2a: Dragonite|move: Protect\n|\n|upkeep\n|turn|5\n|inactive|luzonvgc has 30 seconds left.\n|\n|t:|1682391859\n|move|p1a: Arcanine|Extreme Speed|p2a: Dragonite\n|-end|p2a: Dragonite|Substitute\n|move|p2a: Dragonite|Low Kick|p1b: Ting-Lu\n|-supereffective|p1b: Ting-Lu\n|-damage|p1b: Ting-Lu|10\/100\n|move|p2b: Orthworm|Shed Tail|p2b: Orthworm\n|-start|p2b: Orthworm|Substitute|[from] move: Shed Tail\n|-damage|p2b: Orthworm|25\/100\n|\n|t:|1682391867\n|switch|p2b: Iron Bundle|Iron Bundle, L50|100\/100|[from] Shed Tail\n|-enditem|p2b: Iron Bundle|Booster Energy\n|-activate|p2b: Iron Bundle|ability: Quark Drive|[fromitem]\n|-start|p2b: Iron Bundle|quarkdrivespe\n|move|p1b: Ting-Lu|Stomping Tantrum|p2b: Iron Bundle\n|-end|p2b: Iron Bundle|Substitute\n|\n|upkeep\n|turn|6\n|\n|t:|1682391889\n|move|p1a: Arcanine|Protect|p1a: Arcanine\n|-singleturn|p1a: Arcanine|Protect\n|move|p2a: Dragonite|Protect|p2a: Dragonite\n|-singleturn|p2a: Dragonite|Protect\n|move|p2b: Iron Bundle|Icy Wind|p1b: Ting-Lu|[spread] p1b\n|-activate|p1a: Arcanine|move: Protect\n|-supereffective|p1b: Ting-Lu\n|-damage|p1b: Ting-Lu|0 fnt\n|faint|p1b: Ting-Lu\n|\n|upkeep\n|\n|t:|1682391903\n|switch|p1b: Amoonguss|Amoonguss, L50, M|100\/100\n|turn|7\n|\n|t:|1682391919\n|move|p1b: Amoonguss|Protect|p1b: Amoonguss\n|-singleturn|p1b: Amoonguss|Protect\n|move|p2b: Iron Bundle|Freeze-Dry|p1b: Amoonguss\n|-activate|p1b: Amoonguss|move: Protect\n|move|p1a: Arcanine|Will-O-Wisp|p2a: Dragonite\n|-status|p2a: Dragonite|brn\n|-enditem|p2a: Dragonite|Lum Berry|[eat]\n|-curestatus|p2a: Dragonite|brn|[msg]\n|move|p2a: Dragonite|Tera Blast|p1b: Amoonguss\n|-activate|p1b: Amoonguss|move: Protect\n|\n|upkeep\n|turn|8\n|inactive|Emiker has 30 seconds left.\n|\n|t:|1682391951\n|-terastallize|p1b: Amoonguss|Water\n|move|p2a: Dragonite|Protect|p2a: Dragonite\n|-singleturn|p2a: Dragonite|Protect\n|move|p2b: Iron Bundle|Freeze-Dry|p1a: Arcanine\n|-resisted|p1a: Arcanine\n|-damage|p1a: Arcanine|0 fnt\n|faint|p1a: Arcanine\n|move|p1b: Amoonguss|Spore|p2b: Iron Bundle\n|-status|p2b: Iron Bundle|slp|[from] move: Spore\n|\n|upkeep\n|\n|t:|1682391963\n|switch|p1a: Palafin|Palafin-Hero, L50, M, shiny|100\/100\n|-activate|p1a: Palafin|ability: Zero to Hero\n|turn|9\n|\n|t:|1682391972\n|switch|p2a: Orthworm|Orthworm, L50, M|25\/100\n|cant|p2b: Iron Bundle|slp\n|move|p1a: Palafin|Wave Crash|p2b: Iron Bundle\n|-resisted|p2b: Iron Bundle\n|-damage|p2b: Iron Bundle|44\/100 slp\n|-damage|p1a: Palafin|89\/100|[from] Recoil\n|move|p1b: Amoonguss|Spore|p2a: Orthworm\n|-status|p2a: Orthworm|slp|[from] move: Spore\n|\n|upkeep\n|turn|10\n|\n|t:|1682391992\n|cant|p2b: Iron Bundle|slp\n|move|p1a: Palafin|Wave Crash|p2b: Iron Bundle\n|-resisted|p2b: Iron Bundle\n|-damage|p2b: Iron Bundle|0 fnt\n|faint|p2b: Iron Bundle\n|-end|p2b: Iron Bundle|Quark Drive|[silent]\n|-damage|p1a: Palafin|80\/100|[from] Recoil\n|cant|p2a: Orthworm|slp\n|move|p1b: Amoonguss|Pollen Puff|p1a: Palafin\n|-heal|p1a: Palafin|100\/100\n|\n|upkeep\n|\n|t:|1682392005\n|switch|p2b: Dragonite|Dragonite, L50, F, tera:Flying|100\/100\n|turn|11\n|\n|t:|1682392019\n|move|p2b: Dragonite|Protect|p2b: Dragonite\n|-singleturn|p2b: Dragonite|Protect\n|move|p1a: Palafin|Jet Punch|p2a: Orthworm\n|-damage|p2a: Orthworm|0 fnt\n|faint|p2a: Orthworm\n|move|p1b: Amoonguss|Spore|p2b: Dragonite\n|-activate|p2b: Dragonite|move: Protect\n|\n|upkeep\n|\n|t:|1682392025\n|switch|p2a: Flutter Mane|Flutter Mane, L50|26\/100\n|turn|12\n|\n|t:|1682392039\n|move|p1a: Palafin|Jet Punch|p2a: Flutter Mane\n|-damage|p2a: Flutter Mane|0 fnt\n|faint|p2a: Flutter Mane\n|-end|p2a: Flutter Mane|Protosynthesis|[silent]\n|move|p2b: Dragonite|Tera Blast|p1a: Palafin\n|-damage|p1a: Palafin|44\/100\n|move|p1b: Amoonguss|Spore|p2b: Dragonite\n|-status|p2b: Dragonite|slp|[from] move: Spore\n|\n|upkeep\n|turn|13\n|\n|t:|1682392053\n|cant|p2b: Dragonite|slp\n|move|p1a: Palafin|Wave Crash|p2b: Dragonite\n|-damage|p2b: Dragonite|52\/100 slp\n|-damage|p1a: Palafin|31\/100|[from] Recoil\n|move|p1b: Amoonguss|Pollen Puff|p1a: Palafin\n|-heal|p1a: Palafin|81\/100\n|\n|upkeep\n|turn|14\n|\n|t:|1682392070\n|move|p1b: Amoonguss|Rage Powder|p1b: Amoonguss\n|-singleturn|p1b: Amoonguss|move: Rage Powder\n|cant|p2b: Dragonite|slp\n|move|p1a: Palafin|Wave Crash|p2b: Dragonite\n|-damage|p2b: Dragonite|0 fnt\n|faint|p2b: Dragonite\n|-damage|p1a: Palafin|66\/100|[from] Recoil\n|\n|win|Emiker\n|raw|Emiker's rating: 1231 → 1263<\/strong> (+32 for winning)\n|raw|luzonvgc's rating: 1327 → 1302<\/strong> (-25 for losing)\n|l|\u2606luzonvgc\n","uploadtime":1682392082,"views":6,"p1id":"emiker","p2id":"luzonvgc","formatid":"gen9vgc2023regulationc","rating":1263,"private":0,"password":""}