{"id":"gen9vgc2023regulationc-1861297644","p1":"phenomsteelers08","p2":"MegVGC","format":"[Gen 9] VGC 2023 Regulation C","log":"|j|\u2606phenomsteelers08\n|j|\u2606MegVGC\n|t:|1683743575\n|gametype|doubles\n|player|p1|phenomsteelers08|265|1650\n|player|p2|MegVGC|dawn|1724\n|teamsize|p1|6\n|teamsize|p2|6\n|gen|9\n|tier|[Gen 9] VGC 2023 Regulation C\n|rated|\n|rule|Species Clause: Limit one of each Pok\u00e9mon\n|rule|Item Clause: Limit one of each item\n|clearpoke\n|poke|p1|Indeedee-F, L50, F|\n|poke|p1|Garchomp, L50, M|\n|poke|p1|Flutter Mane, L50|\n|poke|p1|Tyranitar, L50, M|\n|poke|p1|Murkrow, L50, M|\n|poke|p1|Torkoal, L50, M|\n|poke|p2|Baxcalibur, L50, F|\n|poke|p2|Sandy Shocks, L50|\n|poke|p2|Azumarill, L50, F|\n|poke|p2|Klefki, L50, F|\n|poke|p2|Annihilape, L50, F|\n|poke|p2|Chien-Pao, L50|\n|teampreview|4\n|inactive|Battle timer is ON: inactive players will automatically lose when time's up. (requested by phenomsteelers08)\nphenomsteelers08 has agreed to open team sheets.\nMegVGC has agreed to open team sheets.\n|inactive|phenomsteelers08 has 60 seconds left.\n|inactive|MegVGC has 60 seconds left.\n|inactive|phenomsteelers08 has 30 seconds left.\n|\n|t:|1683743644\n|start\n|switch|p1a: Indeedee|Indeedee-F, L50, F|100\/100\n|switch|p1b: Garchomp|Garchomp, L50, M|100\/100\n|switch|p2a: Klefki|Klefki, L50, F|100\/100\n|switch|p2b: Annihilape|Annihilape, L50, F|100\/100\n|-fieldstart|move: Psychic Terrain|[from] ability: Psychic Surge|[of] p1a: Indeedee\n|turn|1\n|\n|t:|1683743660\n|switch|p1a: Flutter Mane|Flutter Mane, L50|100\/100\n|-enditem|p1a: Flutter Mane|Booster Energy\n|-activate|p1a: Flutter Mane|ability: Protosynthesis|[fromitem]\n|-start|p1a: Flutter Mane|protosynthesisspa\n|move|p2a: Klefki|Reflect|p2a: Klefki\n|-sidestart|p2: MegVGC|Reflect\n|move|p1b: Garchomp|Swords Dance|p1b: Garchomp\n|-boost|p1b: Garchomp|atk|2\n|move|p2b: Annihilape|Bulk Up|p2b: Annihilape\n|-boost|p2b: Annihilape|atk|1\n|-boost|p2b: Annihilape|def|1\n|\n|upkeep\n|turn|2\n|\n|t:|1683743684\n|-terastallize|p2b: Annihilape|Water\n|move|p2a: Klefki|Light Screen|p2a: Klefki\n|-sidestart|p2: MegVGC|move: Light Screen\n|move|p1a: Flutter Mane|Moonblast|p2b: Annihilape\n|-damage|p2b: Annihilape|52\/100\n|move|p1b: Garchomp|Swords Dance|p1b: Garchomp\n|-boost|p1b: Garchomp|atk|2\n|move|p2b: Annihilape|Bulk Up|p2b: Annihilape\n|-boost|p2b: Annihilape|atk|1\n|-boost|p2b: Annihilape|def|1\n|\n|-heal|p2b: Annihilape|58\/100|[from] item: Leftovers\n|upkeep\n|turn|3\n|\n|t:|1683743706\n|-end|p1a: Flutter Mane|Protosynthesis|[silent]\n|switch|p1a: Murkrow|Murkrow, L50, M|100\/100\n|move|p2b: Annihilape|Protect|p2b: Annihilape\n|-singleturn|p2b: Annihilape|Protect\n|move|p2a: Klefki|Misty Terrain|p2a: Klefki\n|-fieldstart|move: Misty Terrain\n|move|p1b: Garchomp|Earthquake|p2a: Klefki|[spread] p2a\n|-activate|p2b: Annihilape|move: Protect\n|-immune|p1a: Murkrow\n|-supereffective|p2a: Klefki\n|-damage|p2a: Klefki|0 fnt\n|faint|p2a: Klefki\n|\n|-heal|p2b: Annihilape|64\/100|[from] item: Leftovers\n|upkeep\n|\n|t:|1683743716\n|switch|p2a: Baxcalibur|Baxcalibur, L50, F|100\/100\n|turn|4\n|inactive|phenomsteelers08 has 30 seconds left.\n|\n|t:|1683743749\n|move|p1a: Murkrow|Tailwind|p1a: Murkrow\n|-sidestart|p1: phenomsteelers08|move: Tailwind\n|move|p1b: Garchomp|Earthquake|p2b: Annihilape|[spread] p2a,p2b\n|-immune|p1a: Murkrow\n|-damage|p2a: Baxcalibur|31\/100\n|-damage|p2b: Annihilape|25\/100\n|move|p2a: Baxcalibur|Icicle Spear|p1a: Murkrow\n|-supereffective|p1a: Murkrow\n|-damage|p1a: Murkrow|42\/100\n|-supereffective|p1a: Murkrow\n|-damage|p1a: Murkrow|0 fnt\n|faint|p1a: Murkrow\n|-hitcount|p1: Murkrow|2\n|move|p2b: Annihilape|Rage Fist|p1b: Garchomp\n|-damage|p1b: Garchomp|0 fnt\n|-damage|p2b: Annihilape|13\/100|[from] ability: Rough Skin|[of] p1b: Garchomp\n|faint|p1b: Garchomp\n|\n|-heal|p2b: Annihilape|18\/100|[from] item: Leftovers\n|upkeep\n|\n|t:|1683743766\n|switch|p1b: Flutter Mane|Flutter Mane, L50|100\/100\n|switch|p1a: Indeedee|Indeedee-F, L50, F|100\/100\n|-fieldstart|move: Psychic Terrain|[from] ability: Psychic Surge|[of] p1a: Indeedee\n|turn|5\n|j| raffix92\n|\n|t:|1683743777\n|move|p2a: Baxcalibur|Protect|p2a: Baxcalibur\n|-singleturn|p2a: Baxcalibur|Protect\n|move|p2b: Annihilape|Protect|p2b: Annihilape\n|-singleturn|p2b: Annihilape|Protect\n|move|p1b: Flutter Mane|Dazzling Gleam|p2b: Annihilape|[spread] \n|-activate|p2a: Baxcalibur|move: Protect\n|-activate|p2b: Annihilape|move: Protect\n|move|p1a: Indeedee|Dazzling Gleam|p2b: Annihilape|[spread] \n|-activate|p2a: Baxcalibur|move: Protect\n|-activate|p2b: Annihilape|move: Protect\n|\n|-heal|p2b: Annihilape|24\/100|[from] item: Leftovers\n|upkeep\n|turn|6\n|\n|t:|1683743795\n|move|p1b: Flutter Mane|Dazzling Gleam|p2b: Annihilape|[spread] p2a,p2b\n|-supereffective|p2a: Baxcalibur\n|-damage|p2a: Baxcalibur|0 fnt\n|-damage|p2b: Annihilape|3\/100\n|faint|p2a: Baxcalibur\n|move|p1a: Indeedee|Dazzling Gleam|p2b: Annihilape\n|-damage|p2b: Annihilape|0 fnt\n|faint|p2b: Annihilape\n|\n|upkeep\n|j| Megafissure\n|\n|t:|1683743802\n|switch|p2a: Azumarill|Azumarill, L50, F|100\/100\n|turn|7\n|\n|t:|1683743817\n|move|p1a: Indeedee|Follow Me|p1a: Indeedee\n|-singleturn|p1a: Indeedee|move: Follow Me\n|move|p1b: Flutter Mane|Moonblast|p2a: Azumarill\n|-damage|p2a: Azumarill|76\/100\n|move|p2a: Azumarill|Liquidation|p1a: Indeedee\n|-damage|p1a: Indeedee|50\/100\n|\n|-sideend|p1: phenomsteelers08|move: Tailwind\n|upkeep\n|turn|8\n|\n|t:|1683743835\n|move|p1b: Flutter Mane|Protect|p1b: Flutter Mane\n|-singleturn|p1b: Flutter Mane|Protect\n|move|p1a: Indeedee|Protect|p1a: Indeedee\n|-singleturn|p1a: Indeedee|Protect\n|move|p2a: Azumarill|Liquidation|p1b: Flutter Mane\n|-activate|p1b: Flutter Mane|move: Protect\n|\n|-sideend|p2: MegVGC|Reflect\n|upkeep\n|turn|9\n|\n|t:|1683743856\n|move|p1a: Indeedee|Follow Me|p1a: Indeedee\n|-singleturn|p1a: Indeedee|move: Follow Me\n|move|p1b: Flutter Mane|Moonblast|p2a: Azumarill\n|-damage|p2a: Azumarill|48\/100\n|-unboost|p2a: Azumarill|spa|1\n|move|p2a: Azumarill|Liquidation|p1a: Indeedee\n|-damage|p1a: Indeedee|0 fnt\n|faint|p1a: Indeedee\n|\n|-sideend|p2: MegVGC|move: Light Screen\n|-fieldend|move: Psychic Terrain\n|upkeep\n|turn|10\n|\n|t:|1683743872\n|move|p1b: Flutter Mane|Moonblast|p2a: Azumarill\n|-damage|p2a: Azumarill|12\/100\n|move|p2a: Azumarill|Liquidation|p1b: Flutter Mane\n|-damage|p1b: Flutter Mane|0 fnt\n|faint|p1b: Flutter Mane\n|-end|p1b: Flutter Mane|Protosynthesis|[silent]\n|\n|win|MegVGC\n|raw|phenomsteelers08's rating: 1650 → 1634<\/strong> (-16 for losing)\n|raw|MegVGC's rating: 1724 → 1740<\/strong> (+16 for winning)\n|l|\u2606phenomsteelers08\n|l|\u2606MegVGC\n|l| Megafissure\n|l| raffix92\n","uploadtime":1683743971,"views":10,"p1id":"phenomsteelers08","p2id":"megvgc","formatid":"gen9vgc2023regulationc","rating":1634,"private":0,"password":""}