{"id":"gen9vgc2023regulationc-1859461430","p1":"charlie shaymin","p2":"p3ds","format":"[Gen 9] VGC 2023 Regulation C","log":"|j|\u2606charlie shaymin\n|j|\u2606p3ds\n|t:|1683471553\n|gametype|doubles\n|player|p1|charlie shaymin|doubleteam|\n|player|p2|p3ds|cynthia-masters3|\n|teamsize|p1|6\n|teamsize|p2|6\n|gen|9\n|tier|[Gen 9] VGC 2023 Regulation C\n|rule|Species Clause: Limit one of each Pok\u00e9mon\n|rule|Item Clause: Limit one of each item\n|clearpoke\n|poke|p1|Flutter Mane, L50|\n|poke|p1|Baxcalibur, L50, M|\n|poke|p1|Volcarona, L50, M|\n|poke|p1|Gyarados, L50, M|\n|poke|p1|Glimmora, L50, F|\n|poke|p1|Kingambit, L50, M|\n|poke|p2|Maushold-Four, L50|\n|poke|p2|Iron Bundle, L50|\n|poke|p2|Abomasnow, L50, M|\n|poke|p2|Annihilape, L50, F|\n|poke|p2|Chien-Pao, L50|\n|poke|p2|Ting-Lu, L50|\n|teampreview|4\n|c|\u2606p3ds|G1\np3ds has agreed to open team sheets.\ncharlie shaymin has agreed to open team sheets.\n|c|\u2606p3ds|Live links are up\n|j| Breloom3912\n|c|\u2606p3ds|GL&HF!\n|j| 5wamp\n|c|\u2606charlie shaymin|my hero, thanks Phil, you too!\n|c|\u2606charlie shaymin|ready to go?\n|c| Breloom3912|Glhf everyone.\n|c|\u2606p3ds|Yeah\n|\n|t:|1683471786\n|start\n|switch|p1a: Flutter Mane|Flutter Mane, L50|100\/100\n|switch|p1b: Baxcalibur|Baxcalibur, L50, M|100\/100\n|switch|p2a: Maushold|Maushold-Four, L50|100\/100\n|switch|p2b: Annihilape|Annihilape, L50, F|100\/100\n|-enditem|p1a: Flutter Mane|Booster Energy\n|-activate|p1a: Flutter Mane|ability: Protosynthesis|[fromitem]\n|-start|p1a: Flutter Mane|protosynthesisspa\n|turn|1\n|inactive|Battle timer is ON: inactive players will automatically lose when time's up. (requested by charlie shaymin)\n|inactive|charlie shaymin has 60 seconds left.\n|inactive|p3ds has 60 seconds left.\n|\n|t:|1683471829\n|-terastallize|p2b: Annihilape|Water\n|-terastallize|p1b: Baxcalibur|Electric\n|move|p1a: Flutter Mane|Substitute|p1a: Flutter Mane\n|-start|p1a: Flutter Mane|Substitute\n|-damage|p1a: Flutter Mane|76\/100\n|move|p2a: Maushold|Beat Up|p2b: Annihilape\n|-damage|p2b: Annihilape|99\/100\n|-crit|p2b: Annihilape\n|-damage|p2b: Annihilape|95\/100\n|-damage|p2b: Annihilape|92\/100\n|-crit|p2b: Annihilape\n|-damage|p2b: Annihilape|89\/100\n|-hitcount|p2b: Annihilape|4\n|move|p2b: Annihilape|Rage Fist|p1b: Baxcalibur\n|-damage|p1b: Baxcalibur|0 fnt\n|faint|p1b: Baxcalibur\n|\n|-heal|p2b: Annihilape|95\/100|[from] item: Leftovers\n|upkeep\n|\n|t:|1683471847\n|switch|p1b: Gyarados|Gyarados, L50, M|100\/100\n|-ability|p1b: Gyarados|Intimidate|boost\n|-unboost|p2a: Maushold|atk|1\n|-unboost|p2b: Annihilape|atk|1\n|-ability|p2b: Annihilape|Defiant|boost\n|-boost|p2b: Annihilape|atk|2\n|turn|2\n|\n|t:|1683471858\n|move|p1b: Gyarados|Helping Hand|p1a: Flutter Mane\n|-singleturn|p1a: Flutter Mane|Helping Hand|[of] p1b: Gyarados\n|move|p2a: Maushold|Follow Me|p2a: Maushold\n|-singleturn|p2a: Maushold|move: Follow Me\n|move|p1a: Flutter Mane|Moonblast|p2a: Maushold\n|-damage|p2a: Maushold|0 fnt\n|faint|p2a: Maushold\n|move|p2b: Annihilape|Rage Fist|p1b: Gyarados\n|-damage|p1b: Gyarados|0 fnt\n|faint|p1b: Gyarados\n|\n|-heal|p2b: Annihilape|100\/100|[from] item: Leftovers\n|upkeep\n|j| PKAB\n|\n|t:|1683471868\n|switch|p2a: Ting-Lu|Ting-Lu, L50|100\/100\n|switch|p1b: Kingambit|Kingambit, L50, M|100\/100\n|-ability|p2a: Ting-Lu|Vessel of Ruin\n|turn|3\n|\n|t:|1683471889\n|move|p1b: Kingambit|Protect|p1b: Kingambit\n|-singleturn|p1b: Kingambit|Protect\n|move|p1a: Flutter Mane|Moonblast|p2a: Ting-Lu\n|-supereffective|p2a: Ting-Lu\n|-damage|p2a: Ting-Lu|48\/100\n|move|p2b: Annihilape|Drain Punch|p1b: Kingambit\n|-activate|p1b: Kingambit|move: Protect\n|move|p2a: Ting-Lu|Heavy Slam|p1a: Flutter Mane\n|-supereffective|p1a: Flutter Mane\n|-end|p1a: Flutter Mane|Substitute\n|\n|upkeep\n|turn|4\n|\n|t:|1683471905\n|move|p1b: Kingambit|Sucker Punch|p2b: Annihilape\n|-damage|p2b: Annihilape|63\/100\n|move|p1a: Flutter Mane|Moonblast|p2b: Annihilape\n|-damage|p2b: Annihilape|21\/100\n|move|p2b: Annihilape|Rage Fist|p1a: Flutter Mane\n|-supereffective|p1a: Flutter Mane\n|-damage|p1a: Flutter Mane|0 fnt\n|faint|p1a: Flutter Mane\n|-end|p1a: Flutter Mane|Protosynthesis|[silent]\n|move|p2a: Ting-Lu|Heavy Slam|p1b: Kingambit\n|-resisted|p1b: Kingambit\n|-damage|p1b: Kingambit|86\/100\n|\n|-heal|p2b: Annihilape|27\/100|[from] item: Leftovers\n|upkeep\n|turn|5\n|\n|t:|1683471920\n|move|p2b: Annihilape|Drain Punch|p1b: Kingambit\n|-supereffective|p1b: Kingambit\n|-damage|p1b: Kingambit|0 fnt\n|-heal|p2b: Annihilape|69\/100|[from] drain|[of] p1b: Kingambit\n|faint|p1b: Kingambit\n|\n|win|p3ds\n|c|\u2606p3ds|gg\n|c|\u2606charlie shaymin|gg\n|l| Breloom3912\n","uploadtime":1683471936,"views":25,"p1id":"charlieshaymin","p2id":"p3ds","formatid":"gen9vgc2023regulationc","rating":0,"private":0,"password":""}