{"id":"gen9vgc2023regulationc-1854489950","p1":"chick3234","p2":"GodIAmSoSorry","format":"[Gen 9] VGC 2023 Regulation C","log":"|j|\u2606chick3234\n|j|\u2606GodIAmSoSorry\n|t:|1682817635\n|gametype|doubles\n|player|p1|chick3234|266|1337\n|player|p2|GodIAmSoSorry|may-masters2|1331\n|teamsize|p1|6\n|teamsize|p2|6\n|gen|9\n|tier|[Gen 9] VGC 2023 Regulation C\n|rated|\n|rule|Species Clause: Limit one of each Pok\u00e9mon\n|rule|Item Clause: Limit one of each item\n|clearpoke\n|poke|p1|Lilligant, L50, F|\n|poke|p1|Torkoal, L50, F|\n|poke|p1|Flutter Mane, L50|\n|poke|p1|Kingambit, L50, F|\n|poke|p1|Dragonite, L50, F|\n|poke|p1|Great Tusk, L50|\n|poke|p2|Tyranitar, L50, F|\n|poke|p2|Sandaconda, L50, F|\n|poke|p2|Amoonguss, L50, F|\n|poke|p2|Orthworm, L50, F|\n|poke|p2|Flutter Mane, L50|\n|poke|p2|Chi-Yu, L50|\n|teampreview|4\nGodIAmSoSorry rejected open team sheets.\n|c|\u2606GodIAmSoSorry|i\u00b4m either cooking hard with this team or getting cooked insanely hard\n|c|\u2606GodIAmSoSorry|there is no in between\n|c|\u2606GodIAmSoSorry|gl hf\n|c|\u2606chick3234|gl hf\n|\n|t:|1682817693\n|start\n|switch|p1a: Torkoal|Torkoal, L50, F, shiny|100\/100\n|switch|p1b: Great Tusk|Great Tusk, L50, shiny|100\/100\n|switch|p2a: Amoonguss|Amoonguss, L50, F|100\/100\n|switch|p2b: Chi-Yu|Chi-Yu, L50|100\/100\n|-ability|p2b: Chi-Yu|Beads of Ruin\n|-weather|SunnyDay|[from] ability: Drought|[of] p1a: Torkoal\n|-activate|p1b: Great Tusk|ability: Protosynthesis\n|-start|p1b: Great Tusk|protosynthesisatk\n|turn|1\n|\n|t:|1682817708\n|switch|p2b: Tyranitar|Tyranitar, L50, F|100\/100\n|-weather|Sandstorm|[from] ability: Sand Stream|[of] p2b: Tyranitar\n|-end|p1b: Great Tusk|Protosynthesis\n|move|p2a: Amoonguss|Rage Powder|p2a: Amoonguss\n|-singleturn|p2a: Amoonguss|move: Rage Powder\n|move|p1b: Great Tusk|Headlong Rush|p2a: Amoonguss\n|-damage|p2a: Amoonguss|45\/100\n|-unboost|p1b: Great Tusk|def|1\n|-unboost|p1b: Great Tusk|spd|1\n|move|p1a: Torkoal|Flamethrower|p2a: Amoonguss\n|-supereffective|p2a: Amoonguss\n|-damage|p2a: Amoonguss|0 fnt\n|faint|p2a: Amoonguss\n|\n|-weather|Sandstorm|[upkeep]\n|-damage|p1a: Torkoal|94\/100|[from] Sandstorm\n|upkeep\n|\n|t:|1682817714\n|switch|p2a: Sandaconda|Sandaconda, L50, F|100\/100\n|turn|2\n|\n|t:|1682817733\n|-terastallize|p2b: Tyranitar|Flying\n|move|p1a: Torkoal|Protect|p1a: Torkoal\n|-singleturn|p1a: Torkoal|Protect\n|move|p1b: Great Tusk|Headlong Rush|p2b: Tyranitar\n|-immune|p2b: Tyranitar\n|move|p2a: Sandaconda|Minimize|p2a: Sandaconda\n|-boost|p2a: Sandaconda|evasion|2\n|move|p2b: Tyranitar|Tera Blast|p1b: Great Tusk\n|-supereffective|p1b: Great Tusk\n|-damage|p1b: Great Tusk|0 fnt\n|faint|p1b: Great Tusk\n|-end|p1b: Great Tusk|Protosynthesis|[silent]\n|\n|-weather|Sandstorm|[upkeep]\n|-damage|p2b: Tyranitar|95\/100|[from] Sandstorm\n|-damage|p1a: Torkoal|88\/100|[from] Sandstorm\n|upkeep\n|\n|t:|1682817756\n|switch|p1b: Dragonite|Dragonite, L50, F|100\/100\n|turn|3\n|\n|t:|1682817770\n|move|p1b: Dragonite|Ice Spinner|p2a: Sandaconda\n|-supereffective|p2a: Sandaconda\n|-damage|p2a: Sandaconda|60\/100\n|move|p2a: Sandaconda|Earthquake|p1a: Torkoal|[spread] p1a\n|-immune|p2b: Tyranitar\n|-immune|p1b: Dragonite\n|-supereffective|p1a: Torkoal\n|-damage|p1a: Torkoal|47\/100\n|move|p2b: Tyranitar|Rock Slide|p1a: Torkoal|[spread] p1a,p1b\n|-supereffective|p1a: Torkoal\n|-supereffective|p1b: Dragonite\n|-damage|p1a: Torkoal|2\/100\n|-damage|p1b: Dragonite|67\/100\n|move|p1a: Torkoal|Flamethrower|p2b: Tyranitar\n|-damage|p2b: Tyranitar|68\/100\n|\n|-weather|Sandstorm|[upkeep]\n|-damage|p1b: Dragonite|61\/100|[from] Sandstorm\n|-damage|p2b: Tyranitar|62\/100|[from] Sandstorm\n|-damage|p1a: Torkoal|0 fnt|[from] Sandstorm\n|faint|p1a: Torkoal\n|-heal|p2a: Sandaconda|66\/100|[from] item: Leftovers\n|upkeep\n|\n|t:|1682817787\n|switch|p1a: Kingambit|Kingambit, L50, F, shiny|100\/100\n|turn|4\n|\n|t:|1682817796\n|move|p1a: Kingambit|Sucker Punch||[still]\n|-fail|p1a: Kingambit\n|move|p1b: Dragonite|Ice Spinner|p2b: Tyranitar\n|-supereffective|p2b: Tyranitar\n|-damage|p2b: Tyranitar|11\/100\n|move|p2a: Sandaconda|Minimize|p2a: Sandaconda\n|-boost|p2a: Sandaconda|evasion|2\n|move|p2b: Tyranitar|Low Kick|p1a: Kingambit\n|-supereffective|p1a: Kingambit\n|-damage|p1a: Kingambit|0 fnt\n|faint|p1a: Kingambit\n|\n|-weather|Sandstorm|[upkeep]\n|-damage|p1b: Dragonite|56\/100|[from] Sandstorm\n|-damage|p2b: Tyranitar|5\/100|[from] Sandstorm\n|-heal|p2a: Sandaconda|73\/100|[from] item: Leftovers\n|upkeep\n|turn|5\n|c|\u2606chick3234|gg\n|c|\u2606GodIAmSoSorry|gg\n|\n|t:|1682817819\n|switch|p2b: Chi-Yu|Chi-Yu, L50|100\/100\n|-ability|p2b: Chi-Yu|Beads of Ruin\n|move|p1b: Dragonite|Extreme Speed|p2b: Chi-Yu\n|-crit|p2b: Chi-Yu\n|-damage|p2b: Chi-Yu|22\/100\n|move|p2a: Sandaconda|Stone Edge|p1b: Dragonite\n|-supereffective|p1b: Dragonite\n|-damage|p1b: Dragonite|8\/100\n|\n|-weather|none\n|-heal|p2a: Sandaconda|79\/100|[from] item: Leftovers\n|upkeep\n|turn|6\n|\n|t:|1682817832\n|move|p1b: Dragonite|Extreme Speed|p2b: Chi-Yu\n|-damage|p2b: Chi-Yu|0 fnt\n|faint|p2b: Chi-Yu\n|move|p2a: Sandaconda|Stone Edge|p1b: Dragonite\n|-supereffective|p1b: Dragonite\n|-damage|p1b: Dragonite|0 fnt\n|faint|p1b: Dragonite\n|\n|win|GodIAmSoSorry\n|raw|chick3234's rating: 1337 → 1317<\/strong> (-20 for losing)\n|raw|GodIAmSoSorry's rating: 1331 → 1351<\/strong> (+20 for winning)\n","uploadtime":1682817840,"views":19,"p1id":"chick3234","p2id":"godiamsosorry","formatid":"gen9vgc2023regulationc","rating":1317,"private":0,"password":""}