{"id":"gen9vgc2023regulationc-1861573643","p1":"Cinichoe","p2":"SpringsVGC","format":"[Gen 9] VGC 2023 Regulation C","log":"|j|\u2606Cinichoe\n|j|\u2606SpringsVGC\n|t:|1683775159\n|gametype|doubles\n|player|p1|Cinichoe|lass-gen4dp|\n|player|p2|SpringsVGC|102|\n|teamsize|p1|6\n|teamsize|p2|6\n|gen|9\n|tier|[Gen 9] VGC 2023 Regulation C\n|rule|Species Clause: Limit one of each Pok\u00e9mon\n|rule|Item Clause: Limit one of each item\n|clearpoke\n|poke|p1|Meowscarada, L50, F|\n|poke|p1|Iron Bundle, L50|\n|poke|p1|Chi-Yu, L50|\n|poke|p1|Flutter Mane, L50|\n|poke|p1|Murkrow, L50, F|\n|poke|p1|Great Tusk, L50|\n|poke|p2|Flutter Mane, L50|\n|poke|p2|Gyarados, L50, M|\n|poke|p2|Dragonite, L50, M|\n|poke|p2|Amoonguss, L50, M|\n|poke|p2|Ting-Lu, L50|\n|poke|p2|Iron Treads, L50|\n|teampreview|4\n|inactive|Battle timer is ON: inactive players will automatically lose when time's up. (requested by Cinichoe)\n|c|\u2606Cinichoe|\ucd08\ub300 \uc5b4\ub5bb\uac8c \ud558\ub294\uac70\uc5d0\uc694?\n|j| Sopat\n|c|\u2606SpringsVGC|invite\n|c| Sopat|.invite\n|c|\u2606SpringsVGC|\uc55e\uc5d0\uc2ac\ub798\uc26c\uc5ec\n|c| Sopat|\ub2c9\ub124\uc784 \uc77c\ubd80\ub7ec \uac04\ub2e8\ud55c\uac78\ub85c \uac00\uc838\uc634 \uadf8\ub798\uc11c\n|inactive|Cinichoe has 60 seconds left.\n|inactive|SpringsVGC has 60 seconds left.\n|c| Sopat|\ud654\uc774\ub610~~\n|inactive|Cinichoe has 30 seconds left.\n|\n|t:|1683775222\n|start\n|switch|p1a: Murkrow|Murkrow, L50, F|100\/100\n|switch|p1b: Flutter Mane|Flutter Mane, L50|100\/100\n|switch|p2a: Dragonite|Dragonite, L50, M|100\/100\n|switch|p2b: Ting-Lu|Ting-Lu, L50|100\/100\n|-ability|p2b: Ting-Lu|Vessel of Ruin\n|turn|1\n|\n|t:|1683775237\n|-terastallize|p2a: Dragonite|Normal\n|move|p1b: Flutter Mane|Protect|p1b: Flutter Mane\n|-singleturn|p1b: Flutter Mane|Protect\n|move|p2a: Dragonite|Extreme Speed|p1a: Murkrow\n|-damage|p1a: Murkrow|32\/100\n|move|p1a: Murkrow|Tailwind|p1a: Murkrow\n|-sidestart|p1: Cinichoe|move: Tailwind\n|move|p2b: Ting-Lu|Heavy Slam|p1b: Flutter Mane\n|-activate|p1b: Flutter Mane|move: Protect\n|\n|upkeep\n|turn|2\n|inactive|Cinichoe has 30 seconds left.\n|inactive|SpringsVGC has 30 seconds left.\n|\n|t:|1683775265\n|move|p2a: Dragonite|Extreme Speed|p1a: Murkrow\n|-damage|p1a: Murkrow|0 fnt\n|faint|p1a: Murkrow\n|move|p1b: Flutter Mane|Dazzling Gleam|p2b: Ting-Lu|[spread] p2a,p2b\n|-supereffective|p2b: Ting-Lu\n|-crit|p2b: Ting-Lu\n|-damage|p2a: Dragonite|77\/100\n|-damage|p2b: Ting-Lu|63\/100\n|move|p2b: Ting-Lu|Heavy Slam|p1b: Flutter Mane\n|-supereffective|p1b: Flutter Mane\n|-enditem|p1b: Flutter Mane|Focus Sash\n|-damage|p1b: Flutter Mane|1\/100\n|\n|upkeep\n|\n|t:|1683775275\n|switch|p1a: Chi-Yu|Chi-Yu, L50|100\/100\n|-ability|p1a: Chi-Yu|Beads of Ruin\n|turn|3\n|\n|t:|1683775292\n|-terastallize|p1a: Chi-Yu|Ghost\n|move|p2a: Dragonite|Extreme Speed|p1a: Chi-Yu\n|-immune|p1a: Chi-Yu\n|move|p1b: Flutter Mane|Dazzling Gleam|p2a: Dragonite|[spread] p2a,p2b\n|-supereffective|p2b: Ting-Lu\n|-damage|p2a: Dragonite|48\/100\n|-damage|p2b: Ting-Lu|31\/100\n|move|p1a: Chi-Yu|Heat Wave|p2b: Ting-Lu|[spread] p2a,p2b\n|-damage|p2a: Dragonite|4\/100\n|-damage|p2b: Ting-Lu|7\/100\n|-damage|p1a: Chi-Yu|91\/100|[from] item: Life Orb\n|move|p2b: Ting-Lu|Earthquake|p1b: Flutter Mane|[spread] p2a,p1a,p1b\n|-damage|p2a: Dragonite|0 fnt\n|-damage|p1a: Chi-Yu|42\/100\n|-damage|p1b: Flutter Mane|0 fnt\n|faint|p2a: Dragonite\n|faint|p1b: Flutter Mane\n|-end|p1b: Flutter Mane|Protosynthesis|[silent]\n|\n|upkeep\n|\n|t:|1683775309\n|switch|p1b: Meowscarada|Meowscarada, L50, F|100\/100\n|switch|p2a: Gyarados|Gyarados, L50, M|100\/100\n|-ability|p2a: Gyarados|Intimidate|boost\n|-unboost|p1a: Chi-Yu|atk|1\n|-unboost|p1b: Meowscarada|atk|1\n|turn|4\n|\n|t:|1683775331\n|move|p1b: Meowscarada|Flower Trick|p2b: Ting-Lu\n|-start|p1b: Meowscarada|typechange|Grass|[from] ability: Protean\n|-supereffective|p2b: Ting-Lu\n|-crit|p2b: Ting-Lu\n|-damage|p2b: Ting-Lu|0 fnt\n|faint|p2b: Ting-Lu\n|move|p1a: Chi-Yu|Dark Pulse|p2a: Gyarados\n|-damage|p2a: Gyarados|42\/100\n|-damage|p1a: Chi-Yu|32\/100|[from] item: Life Orb\n|move|p2a: Gyarados|Thunder Wave|p1b: Meowscarada\n|-status|p1b: Meowscarada|par\n|\n|-sideend|p1: Cinichoe|move: Tailwind\n|upkeep\n|\n|t:|1683775344\n|switch|p2b: Flutter Mane|Flutter Mane, L50|100\/100\n|turn|5\n|\n|t:|1683775365\n|move|p1a: Chi-Yu|Protect|p1a: Chi-Yu\n|-singleturn|p1a: Chi-Yu|Protect\n|move|p2b: Flutter Mane|Dazzling Gleam|p1b: Meowscarada|[spread] p1b\n|-activate|p1a: Chi-Yu|move: Protect\n|-damage|p1b: Meowscarada|15\/100 par\n|move|p2a: Gyarados|Waterfall|p1b: Meowscarada\n|-resisted|p1b: Meowscarada\n|-damage|p1b: Meowscarada|0 fnt\n|faint|p1b: Meowscarada\n|\n|upkeep\n|turn|6\n|\n|t:|1683775381\n|move|p2b: Flutter Mane|Dazzling Gleam|p1a: Chi-Yu\n|-damage|p1a: Chi-Yu|0 fnt\n|faint|p1a: Chi-Yu\n|\n|win|SpringsVGC\n","uploadtime":1683775406,"views":14,"p1id":"cinichoe","p2id":"springsvgc","formatid":"gen9vgc2023regulationc","rating":0,"private":0,"password":""}