{"id":"gen9vgc2023regulationc-1860732912","p1":"Bitt 24","p2":"Tay23","format":"[Gen 9] VGC 2023 Regulation C","log":"|j|\u2606Bitt 24\n|j|\u2606Tay23\n|t:|1683671290\n|gametype|doubles\n|player|p1|Bitt 24|170|\n|player|p2|Tay23|n|\n|teamsize|p1|6\n|teamsize|p2|6\n|gen|9\n|tier|[Gen 9] VGC 2023 Regulation C\n|rule|Species Clause: Limit one of each Pok\u00e9mon\n|rule|Item Clause: Limit one of each item\n|clearpoke\n|poke|p1|Dragapult, L50, F|\n|poke|p1|Pyroar, L50, F|\n|poke|p1|Corviknight, L50, M|\n|poke|p1|Iron Hands, L50|\n|poke|p1|Barraskewda, L50, F|\n|poke|p1|Lycanroc-Midnight, L50, F|\n|poke|p2|Salamence, L50, M|\n|poke|p2|Tauros-Paldea-Blaze, L50, M|\n|poke|p2|Florges-White, L50, F|\n|poke|p2|Froslass, L50, F|\n|poke|p2|Iron Treads, L50|\n|poke|p2|Eelektross, L50, F|\n|teampreview|4\nBitt 24 rejected open team sheets.\n|c|\u2606Tay23|g2\n|j| HottieLamatie\n|j| kevsmoreno\n|c| kevsmoreno|Sus\n|c|\u2606Bitt 24|Glhf\n|c|\u2606Tay23|glhf\n|\n|t:|1683671674\n|start\n|switch|p1a: Iron Hands|Iron Hands, L50|100\/100\n|switch|p1b: Barraskewda|Barraskewda, L50, F|100\/100\n|switch|p2a: Iron Treads|Iron Treads, L50|100\/100\n|switch|p2b: Eelektross|Eelektross, L50, F, shiny|100\/100\n|-enditem|p2a: Iron Treads|Booster Energy\n|-activate|p2a: Iron Treads|ability: Quark Drive|[fromitem]\n|-start|p2a: Iron Treads|quarkdrivespe\n|turn|1\n|\n|t:|1683671686\n|switch|p2b: Salamence|Salamence, L50, M|100\/100\n|-ability|p2b: Salamence|Intimidate|boost\n|-unboost|p1a: Iron Hands|atk|1\n|-fail|p1b: Barraskewda|unboost|[from] item: Clear Amulet|[of] p1b: Barraskewda\n|-terastallize|p1b: Barraskewda|Water\n|move|p2a: Iron Treads|Protect|p2a: Iron Treads\n|-singleturn|p2a: Iron Treads|Protect\n|move|p1a: Iron Hands|Fake Out|p2b: Salamence\n|-damage|p2b: Salamence|88\/100\n|move|p1b: Barraskewda|Liquidation|p2b: Salamence\n|-resisted|p2b: Salamence\n|-damage|p2b: Salamence|50\/100\n|\n|upkeep\n|turn|2\n|j| Toronto 6ix\n|\n|t:|1683671710\n|-terastallize|p2a: Iron Treads|Ground\n|move|p1b: Barraskewda|Protect|p1b: Barraskewda\n|-singleturn|p1b: Barraskewda|Protect\n|move|p2a: Iron Treads|Earthquake|p1a: Iron Hands|[spread] p1a\n|-activate|p1b: Barraskewda|move: Protect\n|-immune|p2b: Salamence\n|-supereffective|p1a: Iron Hands\n|-damage|p1a: Iron Hands|38\/100\n|move|p2b: Salamence|Tailwind|p2b: Salamence\n|-sidestart|p2: Tay23|move: Tailwind\n|move|p1a: Iron Hands|Ice Punch|p2b: Salamence\n|-supereffective|p2b: Salamence\n|-damage|p2b: Salamence|0 fnt\n|faint|p2b: Salamence\n|\n|upkeep\n|\n|t:|1683671742\n|switch|p2b: Eelektross|Eelektross, L50, F, shiny|100\/100\n|turn|3\n|\n|t:|1683671764\n|move|p2a: Iron Treads|Earthquake|p1b: Barraskewda|[spread] p1a,p1b\n|-immune|p2b: Eelektross|[from] ability: Levitate\n|-supereffective|p1a: Iron Hands\n|-damage|p1a: Iron Hands|0 fnt\n|-damage|p1b: Barraskewda|14\/100\n|faint|p1a: Iron Hands\n|-end|p1a: Iron Hands|Quark Drive|[silent]\n|move|p1b: Barraskewda|Liquidation|p2a: Iron Treads\n|-supereffective|p2a: Iron Treads\n|-damage|p2a: Iron Treads|0 fnt\n|faint|p2a: Iron Treads\n|-end|p2a: Iron Treads|Quark Drive|[silent]\n|move|p2b: Eelektross|Volt Switch|p1b: Barraskewda\n|-supereffective|p1b: Barraskewda\n|-damage|p1b: Barraskewda|0 fnt\n|faint|p1b: Barraskewda\n|\n|t:|1683671776\n|switch|p2b: Florges|Florges-White, L50, F, shiny|100\/100|[from] Volt Switch\n|\n|upkeep\n|\n|t:|1683671779\n|switch|p1b: Pyroar|Pyroar, L50, F|100\/100\n|switch|p2a: Eelektross|Eelektross, L50, F, shiny|100\/100\n|switch|p1a: Corviknight|Corviknight, L50, M|100\/100\n|-ability|p1b: Pyroar|Unnerve\n|turn|4\n|\n|t:|1683671806\n|move|p2b: Florges|Protect|p2b: Florges\n|-singleturn|p2b: Florges|Protect\n|move|p1b: Pyroar|Hyper Voice|p2b: Florges|[spread] p2a\n|-activate|p2b: Florges|move: Protect\n|-damage|p2a: Eelektross|62\/100\n|move|p2a: Eelektross|Discharge|p1b: Pyroar|[spread] p1a,p1b\n|-activate|p2b: Florges|move: Protect\n|-supereffective|p1a: Corviknight\n|-damage|p1a: Corviknight|36\/100\n|-damage|p1b: Pyroar|37\/100\n|-status|p1b: Pyroar|par\n|move|p1a: Corviknight|Iron Head|p2b: Florges\n|-activate|p2b: Florges|move: Protect\n|\n|upkeep\n|turn|5\n|\n|t:|1683671823\n|cant|p1b: Pyroar|par\n|move|p2b: Florges|Tera Blast|p1b: Pyroar\n|-damage|p1b: Pyroar|0 fnt\n|faint|p1b: Pyroar\n|-damage|p2b: Florges|91\/100|[from] item: Life Orb\n|move|p2a: Eelektross|Discharge|p1a: Corviknight|[spread] p2b,p1a\n|-supereffective|p1a: Corviknight\n|-damage|p2b: Florges|60\/100\n|-damage|p1a: Corviknight|0 fnt\n|faint|p1a: Corviknight\n|\n|win|Tay23\n|c|\u2606Bitt 24|Gg\n|l|\u2606Bitt 24\n|l| HottieLamatie\n|j| anthonynn\n|l| Toronto 6ix\n|c|\u2606Tay23|gg\n|l| kevsmoreno\n|l| anthonynn\n","uploadtime":1683672066,"views":15,"p1id":"bitt24","p2id":"tay23","formatid":"gen9vgc2023regulationc","rating":0,"private":0,"password":""}