{"id":"gen9vgc2023regulationc-1862058824","p1":"Luxanse","p2":"KRFAN07","format":"[Gen 9] VGC 2023 Regulation C","log":"|j|\u2606Luxanse\n|j|\u2606KRFAN07\n|t:|1683832910\n|gametype|doubles\n|player|p1|Luxanse|grimsley|\n|player|p2|KRFAN07|265|\n|teamsize|p1|6\n|teamsize|p2|6\n|gen|9\n|tier|[Gen 9] VGC 2023 Regulation C\n|rule|Species Clause: Limit one of each Pok\u00e9mon\n|rule|Item Clause: Limit one of each item\n|clearpoke\n|poke|p1|Amoonguss, L50, F|\n|poke|p1|Flutter Mane, L50|\n|poke|p1|Arcanine, L50, F|\n|poke|p1|Palafin, L50, F|\n|poke|p1|Baxcalibur, L50, F|\n|poke|p1|Iron Hands, L50|\n|poke|p2|Chien-Pao, L50|\n|poke|p2|Great Tusk, L50|\n|poke|p2|Flutter Mane, L50|\n|poke|p2|Arcanine, L50, M|\n|poke|p2|Iron Bundle, L50|\n|poke|p2|Amoonguss, L50, M|\n|teampreview|4\n|inactive|Battle timer is ON: inactive players will automatically lose when time's up. (requested by Luxanse)\nKRFAN07 has agreed to open team sheets.\nLuxanse has agreed to open team sheets.\n|inactive|Luxanse has 60 seconds left.\n|inactive|KRFAN07 has 60 seconds left.\n|c|\u2606Luxanse|glhf\n|c|\u2606KRFAN07|glhf\n|inactive|Luxanse has 30 seconds left.\n|inactive|KRFAN07 has 30 seconds left.\n|inactive|Luxanse has 20 seconds left.\n|inactive|KRFAN07 has 20 seconds left.\n|inactive|Luxanse has 15 seconds left.\n|inactive|KRFAN07 has 15 seconds left.\n|inactive|KRFAN07 has 10 seconds left.\n|\n|t:|1683832992\n|start\n|switch|p1a: Palafin|Palafin, L50, F|100\/100\n|switch|p1b: Flutter Mane|Flutter Mane, L50|100\/100\n|switch|p2a: Iron Bundle|Iron Bundle, L50|100\/100\n|switch|p2b: Flutter Mane|Flutter Mane, L50|100\/100\n|-enditem|p2a: Iron Bundle|Booster Energy\n|-activate|p2a: Iron Bundle|ability: Quark Drive|[fromitem]\n|-start|p2a: Iron Bundle|quarkdrivespe\n|-enditem|p1b: Flutter Mane|Booster Energy\n|-activate|p1b: Flutter Mane|ability: Protosynthesis|[fromitem]\n|-start|p1b: Flutter Mane|protosynthesisspe\n|turn|1\n|inactive|KRFAN07 has 30 seconds left.\n|\n|t:|1683833021\n|-end|p2b: Flutter Mane|Protosynthesis|[silent]\n|switch|p2b: Arcanine|Arcanine, L50, M|100\/100\n|-ability|p2b: Arcanine|Intimidate|boost\n|-unboost|p1a: Palafin|atk|1\n|-unboost|p1b: Flutter Mane|atk|1\n|detailschange|p1a: Palafin|Palafin-Hero, L50, F\n|switch|p1a: Arcanine|Arcanine, L50, F|100\/100\n|-ability|p1a: Arcanine|Intimidate|boost\n|-unboost|p2a: Iron Bundle|atk|1\n|-unboost|p2b: Arcanine|atk|1\n|move|p1b: Flutter Mane|Protect|p1b: Flutter Mane\n|-singleturn|p1b: Flutter Mane|Protect\n|move|p2a: Iron Bundle|Icy Wind|p1b: Flutter Mane|[spread] p1a\n|-activate|p1b: Flutter Mane|move: Protect\n|-resisted|p1a: Arcanine\n|-damage|p1a: Arcanine|90\/100\n|-unboost|p1a: Arcanine|spe|1\n|\n|upkeep\n|turn|2\n|inactive|Luxanse has 30 seconds left.\n|inactive|KRFAN07 has 30 seconds left.\n|inactive|Luxanse has 20 seconds left.\n|inactive|KRFAN07 has 20 seconds left.\n|inactive|Luxanse has 15 seconds left.\n|\n|t:|1683833063\n|switch|p1a: Iron Hands|Iron Hands, L50|100\/100\n|move|p2a: Iron Bundle|Freeze-Dry|p1b: Flutter Mane\n|-damage|p1b: Flutter Mane|66\/100\n|move|p1b: Flutter Mane|Moonblast|p2a: Iron Bundle\n|-damage|p2a: Iron Bundle|7\/100\n|-unboost|p2a: Iron Bundle|spa|1\n|move|p2b: Arcanine|Flare Blitz|p1b: Flutter Mane\n|-damage|p1b: Flutter Mane|4\/100\n|-damage|p2b: Arcanine|84\/100|[from] Recoil\n|\n|upkeep\n|turn|3\n|inactive|KRFAN07 has 30 seconds left.\n|\n|t:|1683833095\n|move|p2a: Iron Bundle|Protect|p2a: Iron Bundle\n|-singleturn|p2a: Iron Bundle|Protect\n|move|p1a: Iron Hands|Fake Out|p2a: Iron Bundle\n|-activate|p2a: Iron Bundle|move: Protect\n|move|p1b: Flutter Mane|Shadow Ball|p2b: Arcanine\n|-damage|p2b: Arcanine|39\/100\n|-unboost|p2b: Arcanine|spd|1\n|move|p2b: Arcanine|Snarl|p1b: Flutter Mane|[spread] p1a,p1b\n|-resisted|p1a: Iron Hands\n|-damage|p1a: Iron Hands|98\/100\n|-damage|p1b: Flutter Mane|0 fnt\n|-unboost|p1a: Iron Hands|spa|1\n|faint|p1b: Flutter Mane\n|-end|p1b: Flutter Mane|Protosynthesis|[silent]\n|\n|upkeep\n|\n|t:|1683833110\n|switch|p1b: Palafin|Palafin-Hero, L50, F|100\/100\n|-activate|p1b: Palafin|ability: Zero to Hero\n|turn|4\n|inactive|KRFAN07 has 30 seconds left.\n|\n|t:|1683833140\n|switch|p2b: Flutter Mane|Flutter Mane, L50|100\/100\n|move|p1b: Palafin|Protect|p1b: Palafin\n|-singleturn|p1b: Palafin|Protect\n|move|p2a: Iron Bundle|Freeze-Dry|p1b: Palafin\n|-activate|p1b: Palafin|move: Protect\n|move|p1a: Iron Hands|Volt Switch|p2a: Iron Bundle\n|-supereffective|p2a: Iron Bundle\n|-damage|p2a: Iron Bundle|0 fnt\n|faint|p2a: Iron Bundle\n|-end|p2a: Iron Bundle|Quark Drive|[silent]\n|\n|t:|1683833146\n|-end|p1a: Iron Hands|Quark Drive|[silent]\n|switch|p1a: Arcanine|Arcanine, L50, F|90\/100|[from] Volt Switch\n|-ability|p1a: Arcanine|Intimidate|boost\n|-unboost|p2b: Flutter Mane|atk|1\n|\n|upkeep\n|\n|t:|1683833166\n|switch|p2a: Arcanine|Arcanine, L50, M|39\/100\n|-ability|p2a: Arcanine|Intimidate|boost\n|-unboost|p1a: Arcanine|atk|1\n|-unboost|p1b: Palafin|atk|1\n|turn|5\n|\n|t:|1683833190\n|switch|p2a: Great Tusk|Great Tusk, L50|100\/100\n|switch|p1b: Iron Hands|Iron Hands, L50|98\/100\n|move|p2b: Flutter Mane|Thunderbolt|p1b: Iron Hands\n|-resisted|p1b: Iron Hands\n|-damage|p1b: Iron Hands|88\/100\n|move|p1a: Arcanine|Flare Blitz|p2b: Flutter Mane\n|-damage|p2b: Flutter Mane|44\/100\n|-damage|p1a: Arcanine|75\/100|[from] Recoil\n|\n|upkeep\n|turn|6\n|inactive|KRFAN07 has 30 seconds left.\n|inactive|KRFAN07 has 20 seconds left.\n|inactive|KRFAN07 has 15 seconds left.\n|inactive|KRFAN07 has 10 seconds left.\n|\n|t:|1683833236\n|-end|p2b: Flutter Mane|Protosynthesis|[silent]\n|switch|p2b: Arcanine|Arcanine, L50, M|39\/100\n|-ability|p2b: Arcanine|Intimidate|boost\n|-unboost|p1a: Arcanine|atk|1\n|-unboost|p1b: Iron Hands|atk|1\n|move|p1b: Iron Hands|Fake Out|p2a: Great Tusk\n|-damage|p2a: Great Tusk|93\/100\n|cant|p2a: Great Tusk|flinch\n|move|p1a: Arcanine|Will-O-Wisp|p2a: Great Tusk\n|-status|p2a: Great Tusk|brn\n|\n|-damage|p2a: Great Tusk|87\/100 brn|[from] brn\n|upkeep\n|turn|7\n|inactive|Luxanse has 30 seconds left.\n|inactive|KRFAN07 has 30 seconds left.\n|\n|t:|1683833268\n|switch|p1a: Palafin|Palafin-Hero, L50, F|100\/100\n|-terastallize|p2b: Arcanine|Flying\n|move|p2a: Great Tusk|Earthquake|p1a: Palafin|[spread] p1a,p1b\n|-immune|p2b: Arcanine\n|-supereffective|p1b: Iron Hands\n|-damage|p1a: Palafin|81\/100\n|-damage|p1b: Iron Hands|62\/100\n|move|p2b: Arcanine|Flare Blitz|p1b: Iron Hands\n|-damage|p1b: Iron Hands|29\/100\n|-damage|p2b: Arcanine|25\/100|[from] Recoil\n|move|p1b: Iron Hands|Volt Switch|p2b: Arcanine\n|-supereffective|p2b: Arcanine\n|-damage|p2b: Arcanine|0 fnt\n|faint|p2b: Arcanine\n|\n|t:|1683833282\n|-end|p1b: Iron Hands|Quark Drive|[silent]\n|switch|p1b: Arcanine|Arcanine, L50, F|75\/100|[from] Volt Switch\n|-ability|p1b: Arcanine|Intimidate|boost\n|-unboost|p2a: Great Tusk|atk|1\n|\n|-damage|p2a: Great Tusk|82\/100 brn|[from] brn\n|upkeep\n|\n|t:|1683833288\n|switch|p2b: Flutter Mane|Flutter Mane, L50|44\/100\n|turn|8\n|\n|t:|1683833296\n|-terastallize|p1a: Palafin|Water\n|move|p1b: Arcanine|Protect|p1b: Arcanine\n|-singleturn|p1b: Arcanine|Protect\n|move|p1a: Palafin|Jet Punch|p2b: Flutter Mane\n|-damage|p2b: Flutter Mane|0 fnt\n|faint|p2b: Flutter Mane\n|-end|p2b: Flutter Mane|Protosynthesis|[silent]\n|move|p2a: Great Tusk|Earthquake|p1a: Palafin|[spread] p1a\n|-activate|p1b: Arcanine|move: Protect\n|-damage|p1a: Palafin|70\/100\n|\n|-damage|p2a: Great Tusk|76\/100 brn|[from] brn\n|upkeep\n|turn|9\n|\n|t:|1683833309\n|move|p1b: Arcanine|Extreme Speed|p2a: Great Tusk\n|-damage|p2a: Great Tusk|61\/100 brn\n|move|p1a: Palafin|Jet Punch|p2a: Great Tusk\n|-supereffective|p2a: Great Tusk\n|-damage|p2a: Great Tusk|0 fnt\n|faint|p2a: Great Tusk\n|-end|p2a: Great Tusk|Protosynthesis|[silent]\n|\n|win|Luxanse\n|c|\u2606Luxanse|gg\n|l|\u2606Luxanse\n|c|\u2606KRFAN07|gg\n|j|\u2606Luxanse\n|player|p1|Luxanse|grimsley\n|l|\u2606KRFAN07\n","uploadtime":1683833836,"views":16,"p1id":"luxanse","p2id":"krfan07","formatid":"gen9vgc2023regulationc","rating":0,"private":0,"password":""}