{"id":"gen9vgc2023regulationc-1857042220","p1":"Slim Reaper 69","p2":"Nightfront","format":"[Gen 9] VGC 2023 Regulation C","log":"|j|\u2606Slim Reaper 69\n|j|\u2606Nightfront\n|t:|1683139938\n|gametype|doubles\n|player|p1|Slim Reaper 69|rood|\n|player|p2|Nightfront|winona-gen6|\n|teamsize|p1|6\n|teamsize|p2|6\n|gen|9\n|tier|[Gen 9] VGC 2023 Regulation C\n|rule|Species Clause: Limit one of each Pok\u00e9mon\n|rule|Item Clause: Limit one of each item\n|clearpoke\n|poke|p1|Pelipper, L50, M|\n|poke|p1|Palafin, L50, F|\n|poke|p1|Azumarill, L50, M|\n|poke|p1|Barraskewda, L50, M|\n|poke|p1|Dondozo, L50, M|\n|poke|p1|Tatsugiri-Stretchy, L50, M|\n|poke|p2|Iron Hands, L50|\n|poke|p2|Tyranitar, L50, F|\n|poke|p2|Bronzong, L50|\n|poke|p2|Kilowattrel, L50, M|\n|poke|p2|Flutter Mane, L50|\n|poke|p2|Clodsire, L50, M|\n|teampreview|4\n|\n|t:|1683140015\n|start\n|switch|p1a: Palafin|Palafin, L50, F|100\/100\n|switch|p1b: Tatsugiri|Tatsugiri-Stretchy, L50, M|100\/100\n|switch|p2a: Kilowattrel|Kilowattrel, L50, M|100\/100\n|switch|p2b: Iron Hands|Iron Hands, L50|100\/100\n|turn|1\n|\n|t:|1683140028\n|detailschange|p1a: Palafin|Palafin-Hero, L50, F\n|switch|p1a: Azumarill|Azumarill, L50, M|100\/100\n|move|p2b: Iron Hands|Fake Out|p1b: Tatsugiri\n|-crit|p1b: Tatsugiri\n|-damage|p1b: Tatsugiri|55\/100\n|cant|p1b: Tatsugiri|flinch\n|move|p2a: Kilowattrel|Thunderbolt|p1a: Azumarill\n|-supereffective|p1a: Azumarill\n|-damage|p1a: Azumarill|0 fnt\n|faint|p1a: Azumarill\n|-damage|p2a: Kilowattrel|91\/100|[from] item: Life Orb\n|\n|upkeep\n|\n|t:|1683140040\n|switch|p1a: Palafin|Palafin-Hero, L50, F|100\/100\n|-activate|p1a: Palafin|ability: Zero to Hero\n|turn|2\n|\n|t:|1683140056\n|switch|p2a: Clodsire|Clodsire, L50, M|100\/100\n|move|p1a: Palafin|Protect|p1a: Palafin\n|-singleturn|p1a: Palafin|Protect\n|move|p1b: Tatsugiri|Draco Meteor|p2a: Clodsire\n|-damage|p2a: Clodsire|49\/100\n|-unboost|p1b: Tatsugiri|spa|2\n|move|p2b: Iron Hands|Thunder Punch|p1a: Palafin\n|-activate|p1a: Palafin|move: Protect\n|\n|-heal|p2a: Clodsire|55\/100|[from] item: Black Sludge\n|upkeep\n|turn|3\n|\n|t:|1683140069\n|switch|p1b: Pelipper|Pelipper, L50, M|100\/100\n|-weather|RainDance|[from] ability: Drizzle|[of] p1b: Pelipper\n|-terastallize|p1a: Palafin|Water\n|move|p1a: Palafin|Wave Crash|p2b: Iron Hands\n|-damage|p2b: Iron Hands|0 fnt\n|faint|p2b: Iron Hands\n|-end|p2b: Iron Hands|Quark Drive|[silent]\n|-damage|p1a: Palafin|57\/100|[from] Recoil\n|move|p2a: Clodsire|Recover|p2a: Clodsire\n|-heal|p2a: Clodsire|100\/100\n|\n|-weather|RainDance|[upkeep]\n|upkeep\n|\n|t:|1683140076\n|switch|p2b: Kilowattrel|Kilowattrel, L50, M|91\/100\n|turn|4\n|\n|t:|1683140085\n|move|p2b: Kilowattrel|Protect|p2b: Kilowattrel\n|-singleturn|p2b: Kilowattrel|Protect\n|move|p1a: Palafin|Jet Punch|p2b: Kilowattrel\n|-activate|p2b: Kilowattrel|move: Protect\n|move|p1b: Pelipper|Tailwind|p1b: Pelipper\n|-sidestart|p1: Slim Reaper 69|move: Tailwind\n|move|p2a: Clodsire|Toxic|p1a: Palafin\n|-status|p1a: Palafin|tox\n|\n|-weather|RainDance|[upkeep]\n|-damage|p1a: Palafin|51\/100 tox|[from] psn\n|upkeep\n|turn|5\n|\n|t:|1683140104\n|move|p1a: Palafin|Jet Punch|p2b: Kilowattrel\n|-crit|p2b: Kilowattrel\n|-damage|p2b: Kilowattrel|0 fnt\n|faint|p2b: Kilowattrel\n|move|p1b: Pelipper|Hurricane|p2a: Clodsire\n|-damage|p2a: Clodsire|71\/100\n|-start|p2a: Clodsire|confusion\n|-activate|p2a: Clodsire|confusion\n|-damage|p2a: Clodsire|66\/100|[from] confusion\n|\n|-weather|RainDance|[upkeep]\n|-heal|p2a: Clodsire|72\/100|[from] item: Black Sludge\n|-damage|p1a: Palafin|39\/100 tox|[from] psn\n|upkeep\n|\n|t:|1683140112\n|switch|p2b: Flutter Mane|Flutter Mane, L50|100\/100\n|turn|6\n|c|\u2606Nightfront|that confusion might matter\n|c|\u2606Slim Reaper 69|poor clod\n|\n|t:|1683140156\n|move|p2b: Flutter Mane|Protect|p2b: Flutter Mane\n|-singleturn|p2b: Flutter Mane|Protect\n|-activate|p2a: Clodsire|confusion\n|move|p2a: Clodsire|Protect|p2a: Clodsire\n|-singleturn|p2a: Clodsire|Protect\n|move|p1a: Palafin|Wave Crash|p2b: Flutter Mane\n|-activate|p2b: Flutter Mane|move: Protect\n|move|p1b: Pelipper|Hurricane|p2a: Clodsire\n|-activate|p2a: Clodsire|move: Protect\n|\n|-weather|RainDance|[upkeep]\n|-heal|p2a: Clodsire|78\/100|[from] item: Black Sludge\n|-damage|p1a: Palafin|20\/100 tox|[from] psn\n|upkeep\n|turn|7\n|\n|t:|1683140169\n|move|p1a: Palafin|Wave Crash|p2b: Flutter Mane\n|-enditem|p2b: Flutter Mane|Focus Sash\n|-damage|p2b: Flutter Mane|1\/100\n|-damage|p1a: Palafin|0 fnt|[from] Recoil\n|faint|p1a: Palafin\n|move|p1b: Pelipper|Hurricane|p2a: Clodsire\n|-damage|p2a: Clodsire|49\/100\n|move|p2b: Flutter Mane|Moonblast|p1b: Pelipper\n|-damage|p1b: Pelipper|14\/100\n|-unboost|p1b: Pelipper|spa|1\n|-activate|p2a: Clodsire|confusion\n|move|p2a: Clodsire|Recover|p2a: Clodsire\n|-heal|p2a: Clodsire|99\/100\n|\n|-weather|none\n|-heal|p2a: Clodsire|100\/100|[from] item: Black Sludge\n|-sideend|p1: Slim Reaper 69|move: Tailwind\n|upkeep\n|\n|t:|1683140171\n|switch|p1a: Tatsugiri|Tatsugiri-Stretchy, L50, M|55\/100\n|turn|8\n|\n|t:|1683140188\n|move|p2b: Flutter Mane|Protect|p2b: Flutter Mane\n|-singleturn|p2b: Flutter Mane|Protect\n|move|p1b: Pelipper|Protect|p1b: Pelipper\n|-singleturn|p1b: Pelipper|Protect\n|move|p1a: Tatsugiri|Icy Wind|p2a: Clodsire|[spread] p2a\n|-activate|p2b: Flutter Mane|move: Protect\n|-supereffective|p2a: Clodsire\n|-damage|p2a: Clodsire|79\/100\n|-unboost|p2a: Clodsire|spe|1\n|-activate|p2a: Clodsire|confusion\n|-damage|p2a: Clodsire|74\/100|[from] confusion\n|\n|-heal|p2a: Clodsire|80\/100|[from] item: Black Sludge\n|upkeep\n|turn|9\n|\n|t:|1683140206\n|move|p2b: Flutter Mane|Moonblast|p1b: Pelipper\n|-damage|p1b: Pelipper|0 fnt\n|faint|p1b: Pelipper\n|move|p1a: Tatsugiri|Icy Wind|p2a: Clodsire|[spread] p2a,p2b\n|-supereffective|p2a: Clodsire\n|-damage|p2a: Clodsire|59\/100\n|-damage|p2b: Flutter Mane|0 fnt\n|-unboost|p2a: Clodsire|spe|1\n|faint|p2b: Flutter Mane\n|-end|p2b: Flutter Mane|Protosynthesis|[silent]\n|-end|p2a: Clodsire|confusion\n|move|p2a: Clodsire|Toxic|p1a: Tatsugiri\n|-status|p1a: Tatsugiri|tox\n|\n|-heal|p2a: Clodsire|65\/100|[from] item: Black Sludge\n|-damage|p1a: Tatsugiri|48\/100 tox|[from] psn\n|upkeep\n|turn|10\n|c|\u2606Slim Reaper 69|my scarf giri doesnt outspeed flutter\n|c|\u2606Nightfront|rip\n|c|\u2606Slim Reaper 69|because I am very smart\n|\n|t:|1683140216\n|move|p1a: Tatsugiri|Icy Wind|p2a: Clodsire\n|-supereffective|p2a: Clodsire\n|-damage|p2a: Clodsire|37\/100\n|-unboost|p2a: Clodsire|spe|1\n|move|p2a: Clodsire|Recover|p2a: Clodsire\n|-heal|p2a: Clodsire|87\/100\n|\n|-heal|p2a: Clodsire|93\/100|[from] item: Black Sludge\n|-damage|p1a: Tatsugiri|36\/100 tox|[from] psn\n|upkeep\n|turn|11\n|c|\u2606Slim Reaper 69|ggwp\n|c|\u2606Nightfront|tbf, without the confusion\n|c|\u2606Nightfront|it wouldn't have mattered\n|c|\u2606Nightfront|so there's that at least\n|\n|t:|1683140231\n|move|p2a: Clodsire|Protect|p2a: Clodsire\n|-singleturn|p2a: Clodsire|Protect\n|move|p1a: Tatsugiri|Icy Wind|p2a: Clodsire\n|-activate|p2a: Clodsire|move: Protect\n|\n|-heal|p2a: Clodsire|99\/100|[from] item: Black Sludge\n|-damage|p1a: Tatsugiri|17\/100 tox|[from] psn\n|upkeep\n|turn|12\n|\n|t:|1683140235\n|move|p1a: Tatsugiri|Icy Wind|p2a: Clodsire\n|-supereffective|p2a: Clodsire\n|-damage|p2a: Clodsire|70\/100\n|-unboost|p2a: Clodsire|spe|1\n|move|p2a: Clodsire|Recover|p2a: Clodsire\n|-heal|p2a: Clodsire|100\/100\n|\n|-damage|p1a: Tatsugiri|0 fnt|[from] psn\n|faint|p1a: Tatsugiri\n|\n|win|Nightfront\n|upkeep\n|l|\u2606Slim Reaper 69\n","uploadtime":1683140276,"views":14,"p1id":"slimreaper69","p2id":"nightfront","formatid":"gen9vgc2023regulationc","rating":0,"private":0,"password":""}