{"id":"gen9vgc2023regulationc-1845416162","p1":"taro14","p2":"krangune\u2764","format":"[Gen 9] VGC 2023 Regulation C","log":"|j|\u2606taro14\n|j|\u2606krangune\u2764\n|t:|1681730363\n|gametype|doubles\n|player|p1|taro14|dawn|1296\n|player|p2|krangune\u2764|elesa|1198\n|teamsize|p1|6\n|teamsize|p2|6\n|gen|9\n|tier|[Gen 9] VGC 2023 Regulation C\n|rated|\n|rule|Species Clause: Limit one of each Pok\u00e9mon\n|rule|Item Clause: Limit one of each item\n|clearpoke\n|poke|p1|Arcanine, L50, F|\n|poke|p1|Amoonguss, L50, F|\n|poke|p1|Ting-Lu, L50|\n|poke|p1|Palafin, L50, F|\n|poke|p1|Flutter Mane, L50|\n|poke|p1|Baxcalibur, L50, M|\n|poke|p2|Chi-Yu, L50|\n|poke|p2|Sandy Shocks, L50|\n|poke|p2|Masquerain, L50, M|\n|poke|p2|Gardevoir, L50, M|\n|poke|p2|Flamigo, L50, F|\n|poke|p2|Baxcalibur, L50, F|\n|teampreview|4\nkrangune\u2764 has agreed to open team sheets.\n|c|\u2606krangune\u2764|glhf\n|\n|t:|1681730419\n|start\n|switch|p1a: Ting-Lu|Ting-Lu, L50|100\/100\n|switch|p1b: Palafin|Palafin, L50, F|100\/100\n|switch|p2a: Masquerain|Masquerain, L50, M|100\/100\n|switch|p2b: Flamigo|Flamigo, L50, F|100\/100\n|-ability|p2a: Masquerain|Intimidate|boost\n|-unboost|p1a: Ting-Lu|atk|1\n|-unboost|p1b: Palafin|atk|1\n|-ability|p1a: Ting-Lu|Vessel of Ruin\n|turn|1\n|\n|t:|1681730438\n|detailschange|p1b: Palafin|Palafin-Hero, L50, F\n|switch|p1b: Arcanine|Arcanine, L50, F|100\/100\n|-ability|p1b: Arcanine|Intimidate|boost\n|-unboost|p2a: Masquerain|atk|1\n|-fail|p2b: Flamigo|unboost|Attack|[from] ability: Scrappy|[of] p2b: Flamigo\n|move|p2b: Flamigo|Close Combat|p1a: Ting-Lu\n|-supereffective|p1a: Ting-Lu\n|-damage|p1a: Ting-Lu|27\/100\n|-unboost|p2b: Flamigo|def|1\n|-unboost|p2b: Flamigo|spd|1\n|move|p2a: Masquerain|Sticky Web|p1a: Ting-Lu\n|-sidestart|p1: taro14|move: Sticky Web\n|move|p1a: Ting-Lu|Ruination|p2b: Flamigo\n|-damage|p2b: Flamigo|50\/100\n|\n|upkeep\n|turn|2\n|\n|t:|1681730474\n|switch|p2a: Sandy Shocks|Sandy Shocks, L50|100\/100\n|-enditem|p2a: Sandy Shocks|Booster Energy\n|-activate|p2a: Sandy Shocks|ability: Protosynthesis|[fromitem]\n|-start|p2a: Sandy Shocks|protosynthesisspe\n|move|p1b: Arcanine|Extreme Speed|p2b: Flamigo\n|-damage|p2b: Flamigo|0 fnt\n|faint|p2b: Flamigo\n|move|p1a: Ting-Lu|Rock Tomb|p2a: Sandy Shocks\n|-resisted|p2a: Sandy Shocks\n|-damage|p2a: Sandy Shocks|94\/100\n|-unboost|p2a: Sandy Shocks|spe|1\n|\n|upkeep\n|\n|t:|1681730489\n|switch|p2b: Gardevoir|Gardevoir, L50, M|100\/100\n|-ability|p2b: Gardevoir|Intimidate|boost\n|-unboost|p1a: Ting-Lu|atk|1\n|-unboost|p1b: Arcanine|atk|1\n|-ability|p2b: Gardevoir|Intimidate|[from] ability: Trace|[of] p1b: Arcanine\n|turn|3\n|\n|t:|1681730508\n|move|p1b: Arcanine|Protect|p1b: Arcanine\n|-singleturn|p1b: Arcanine|Protect\n|move|p2a: Sandy Shocks|Gravity|p2a: Sandy Shocks\n|-fieldstart|move: Gravity\n|move|p2b: Gardevoir|Moonblast|p1a: Ting-Lu\n|-supereffective|p1a: Ting-Lu\n|-damage|p1a: Ting-Lu|0 fnt\n|faint|p1a: Ting-Lu\n|\n|upkeep\n|\n|t:|1681730527\n|switch|p1a: Baxcalibur|Baxcalibur, L50, M|100\/100\n|-activate|p1a: Baxcalibur|move: Sticky Web\n|-fail|p1a: Baxcalibur|unboost|[from] item: Clear Amulet|[of] p1a: Baxcalibur\n|turn|4\n|\n|t:|1681730566\n|switch|p1b: Palafin|Palafin-Hero, L50, F|100\/100\n|-activate|p1b: Palafin|move: Sticky Web\n|-unboost|p1b: Palafin|spe|1\n|-activate|p1b: Palafin|ability: Zero to Hero\n|-terastallize|p1a: Baxcalibur|Steel\n|move|p2a: Sandy Shocks|Thunder|p1b: Palafin\n|-supereffective|p1b: Palafin\n|-damage|p1b: Palafin|3\/100\n|move|p2b: Gardevoir|Hypnosis|p1a: Baxcalibur\n|-status|p1a: Baxcalibur|slp|[from] move: Hypnosis\n|cant|p1a: Baxcalibur|slp\n|\n|upkeep\n|turn|5\n|\n|t:|1681730594\n|-terastallize|p2a: Sandy Shocks|Grass\n|move|p2b: Gardevoir|Shadow Sneak|p1b: Palafin\n|-damage|p1b: Palafin|0 fnt\n|faint|p1b: Palafin\n|cant|p1a: Baxcalibur|slp\n|move|p2a: Sandy Shocks|Mud Shot|p1a: Baxcalibur\n|-supereffective|p1a: Baxcalibur\n|-damage|p1a: Baxcalibur|57\/100 slp\n|\n|upkeep\n|\n|t:|1681730604\n|switch|p1b: Arcanine|Arcanine, L50, F|100\/100\n|-activate|p1b: Arcanine|move: Sticky Web\n|-unboost|p1b: Arcanine|spe|1\n|-ability|p1b: Arcanine|Intimidate|boost\n|-unboost|p2a: Sandy Shocks|atk|1\n|-unboost|p2b: Gardevoir|atk|1\n|turn|6\n|\n|t:|1681730620\n|-curestatus|p1a: Baxcalibur|slp|[msg]\n|move|p1a: Baxcalibur|Protect|p1a: Baxcalibur\n|-singleturn|p1a: Baxcalibur|Protect\n|move|p2a: Sandy Shocks|Mud Shot|p1a: Baxcalibur\n|-activate|p1a: Baxcalibur|move: Protect\n|move|p2b: Gardevoir|Hypnosis|p1b: Arcanine\n|-status|p1b: Arcanine|slp|[from] move: Hypnosis\n|cant|p1b: Arcanine|slp\n|\n|upkeep\n|turn|7\n|\n|t:|1681730654\n|move|p2a: Sandy Shocks|Mud Shot|p1b: Arcanine\n|-supereffective|p1b: Arcanine\n|-damage|p1b: Arcanine|54\/100 slp\n|-unboost|p1b: Arcanine|spe|1\n|move|p2b: Gardevoir|Hypnosis|p1a: Baxcalibur\n|-status|p1a: Baxcalibur|slp|[from] move: Hypnosis\n|cant|p1a: Baxcalibur|slp\n|cant|p1b: Arcanine|slp\n|\n|-fieldend|move: Gravity\n|upkeep\n|turn|8\n|\n|t:|1681730676\n|move|p2a: Sandy Shocks|Gravity|p2a: Sandy Shocks\n|-fieldstart|move: Gravity\n|move|p2b: Gardevoir|Mystical Fire|p1a: Baxcalibur\n|-supereffective|p1a: Baxcalibur\n|-damage|p1a: Baxcalibur|14\/100 slp\n|-ability|p1a: Baxcalibur|Thermal Exchange|boost\n|-boost|p1a: Baxcalibur|atk|1\n|cant|p1a: Baxcalibur|slp\n|cant|p1b: Arcanine|slp\n|\n|upkeep\n|turn|9\n|\n|t:|1681730705\n|-curestatus|p1b: Arcanine|slp|[msg]\n|move|p1b: Arcanine|Extreme Speed|p2a: Sandy Shocks\n|-damage|p2a: Sandy Shocks|68\/100\n|-curestatus|p1a: Baxcalibur|slp|[msg]\n|move|p1a: Baxcalibur|Ice Shard|p2a: Sandy Shocks\n|-supereffective|p2a: Sandy Shocks\n|-damage|p2a: Sandy Shocks|0 fnt\n|faint|p2a: Sandy Shocks\n|-end|p2a: Sandy Shocks|Protosynthesis|[silent]\n|move|p2b: Gardevoir|Mystical Fire|p1a: Baxcalibur\n|-supereffective|p1a: Baxcalibur\n|-damage|p1a: Baxcalibur|0 fnt\n|faint|p1a: Baxcalibur\n|\n|upkeep\n|\n|t:|1681730718\n|switch|p2a: Masquerain|Masquerain, L50, M|100\/100\n|-ability|p2a: Masquerain|Intimidate|boost\n|-unboost|p1b: Arcanine|atk|1\n|turn|10\n|\n|t:|1681730729\n|move|p2b: Gardevoir|Hypnosis|p1b: Arcanine\n|-status|p1b: Arcanine|slp|[from] move: Hypnosis\n|move|p2a: Masquerain|Hurricane|p1b: Arcanine\n|-crit|p1b: Arcanine\n|-damage|p1b: Arcanine|0 fnt\n|faint|p1b: Arcanine\n|\n|win|krangune\u2764\n|raw|taro14's rating: 1296 → 1264<\/strong> (-32 for losing)\n|raw|krangune\u2764's rating: 1198 → 1230<\/strong> (+32 for winning)\n|c|\u2606krangune\u2764|gg\n|l|\u2606taro14\n","uploadtime":1681730750,"views":9,"p1id":"taro14","p2id":"krangune","formatid":"gen9vgc2023regulationc","rating":1230,"private":0,"password":""}