{"id":"gen9vgc2023regulationc-1856392455","p1":"RylektVGC","p2":"GiovanniLor","format":"[Gen 9] VGC 2023 Regulation C","log":"|j|\u2606RylektVGC\n|j|\u2606GiovanniLor\n|t:|1683057071\n|gametype|doubles\n|player|p1|RylektVGC|flannery|\n|player|p2|GiovanniLor|102|\n|teamsize|p1|6\n|teamsize|p2|6\n|gen|9\n|tier|[Gen 9] VGC 2023 Regulation C\n|rule|Species Clause: Limit one of each Pok\u00e9mon\n|rule|Item Clause: Limit one of each item\n|clearpoke\n|poke|p1|Maushold-Four, L50|\n|poke|p1|Gholdengo, L50|\n|poke|p1|Flutter Mane, L50|\n|poke|p1|Dragonite, L50, F|\n|poke|p1|Chien-Pao, L50|\n|poke|p1|Iron Bundle, L50|\n|poke|p2|Dragapult, L50, F|\n|poke|p2|Chien-Pao, L50|\n|poke|p2|Gholdengo, L50|\n|poke|p2|Amoonguss, L50, M|\n|poke|p2|Ting-Lu, L50|\n|poke|p2|Palafin, L50, M|\n|teampreview|4\nRylektVGC has agreed to open team sheets.\nGiovanniLor has agreed to open team sheets.\n|c|\u2606RylektVGC|g2\n|\n|t:|1683057338\n|start\n|switch|p1a: Flutter Mane|Flutter Mane, L50|100\/100\n|switch|p1b: Iron Bundle|Iron Bundle, L50|100\/100\n|switch|p2a: Dragapult|Dragapult, L50, F, shiny|100\/100\n|switch|p2b: Chien-Pao|Chien-Pao, L50|100\/100\n|-ability|p2b: Chien-Pao|Sword of Ruin\n|-enditem|p1b: Iron Bundle|Booster Energy\n|-activate|p1b: Iron Bundle|ability: Quark Drive|[fromitem]\n|-start|p1b: Iron Bundle|quarkdrivespe\n|turn|1\n|\n|t:|1683057379\n|switch|p2b: Ting-Lu|Ting-Lu, L50|100\/100\n|-ability|p2b: Ting-Lu|Vessel of Ruin\n|move|p1b: Iron Bundle|Icy Wind|p2b: Ting-Lu|[spread] p2a,p2b\n|-supereffective|p2a: Dragapult\n|-supereffective|p2b: Ting-Lu\n|-damage|p2a: Dragapult|57\/100\n|-damage|p2b: Ting-Lu|85\/100\n|-unboost|p2b: Ting-Lu|spe|1\n|move|p2a: Dragapult|Phantom Force||[still]\n|-prepare|p2a: Dragapult|Phantom Force\n|move|p1a: Flutter Mane|Dazzling Gleam|p2a: Dragapult|[spread] p2b\n|-miss|p1a: Flutter Mane|p2a: Dragapult\n|-supereffective|p2b: Ting-Lu\n|-damage|p2b: Ting-Lu|57\/100\n|\n|upkeep\n|turn|2\n|\n|t:|1683057405\n|-end|p1a: Flutter Mane|Protosynthesis|[silent]\n|switch|p1a: Dragonite|Dragonite, L50, F, shiny|100\/100\n|move|p1b: Iron Bundle|Hydro Pump|p2b: Ting-Lu\n|-supereffective|p2b: Ting-Lu\n|-damage|p2b: Ting-Lu|21\/100\n|move|p2a: Dragapult|Phantom Force|p1a: Dragonite|[from]lockedmove\n|-damage|p1a: Dragonite|70\/100\n|move|p2b: Ting-Lu|Stone Edge|p1b: Iron Bundle\n|-supereffective|p1b: Iron Bundle\n|-damage|p1b: Iron Bundle|27\/100\n|\n|upkeep\n|turn|3\n|\n|t:|1683057437\n|switch|p2a: Chien-Pao|Chien-Pao, L50|100\/100\n|-ability|p2a: Chien-Pao|Sword of Ruin\n|move|p1b: Iron Bundle|Freeze-Dry|p2a: Chien-Pao\n|-resisted|p2a: Chien-Pao\n|-damage|p2a: Chien-Pao|79\/100\n|move|p1a: Dragonite|Low Kick|p2b: Ting-Lu\n|-supereffective|p2b: Ting-Lu\n|-damage|p2b: Ting-Lu|0 fnt\n|faint|p2b: Ting-Lu\n|\n|upkeep\n|\n|t:|1683057450\n|switch|p2b: Amoonguss|Amoonguss, L50, M|100\/100\n|turn|4\n|\n|t:|1683057469\n|-terastallize|p1a: Dragonite|Flying\n|-terastallize|p2b: Amoonguss|Water\n|move|p1b: Iron Bundle|Icy Wind|p2b: Amoonguss|[spread] p2a,p2b\n|-resisted|p2a: Chien-Pao\n|-crit|p2a: Chien-Pao\n|-resisted|p2b: Amoonguss\n|-damage|p2a: Chien-Pao|52\/100\n|-damage|p2b: Amoonguss|91\/100\n|-unboost|p2a: Chien-Pao|spe|1\n|-unboost|p2b: Amoonguss|spe|1\n|move|p2a: Chien-Pao|Ice Spinner|p1a: Dragonite\n|-supereffective|p1a: Dragonite\n|-damage|p1a: Dragonite|0 fnt\n|faint|p1a: Dragonite\n|move|p2b: Amoonguss|Spore|p1b: Iron Bundle\n|-status|p1b: Iron Bundle|slp|[from] move: Spore\n|\n|upkeep\n|\n|t:|1683057484\n|switch|p1a: Flutter Mane|Flutter Mane, L50|100\/100\n|turn|5\n|\n|t:|1683057518\n|switch|p2b: Dragapult|Dragapult, L50, F, shiny|57\/100\n|cant|p1b: Iron Bundle|slp\n|move|p1a: Flutter Mane|Dazzling Gleam|p2b: Dragapult|[spread] p2a,p2b\n|-supereffective|p2a: Chien-Pao\n|-supereffective|p2b: Dragapult\n|-damage|p2a: Chien-Pao|0 fnt\n|-damage|p2b: Dragapult|0 fnt\n|faint|p2a: Chien-Pao\n|faint|p2b: Dragapult\n|\n|upkeep\n|\n|t:|1683057543\n|switch|p2b: Amoonguss|Amoonguss, L50, M, tera:Water|100\/100\n|turn|6\n|-message|GiovanniLor forfeited.\n|\n|win|RylektVGC\n|l|\u2606GiovanniLor\n","uploadtime":1683057553,"views":8,"p1id":"rylektvgc","p2id":"giovannilor","formatid":"gen9vgc2023regulationc","rating":0,"private":0,"password":""}