{"id":"gen9vgc2023regulationc-1854455695","p1":"zhongqiu","p2":"crazydude57","format":"[Gen 9] VGC 2023 Regulation C","log":"|j|\u2606zhongqiu\n|j|\u2606crazydude57\n|t:|1682813139\n|gametype|doubles\n|player|p1|zhongqiu|dawn|1179\n|player|p2|crazydude57|lance|1108\n|teamsize|p1|6\n|teamsize|p2|6\n|gen|9\n|tier|[Gen 9] VGC 2023 Regulation C\n|rated|\n|rule|Species Clause: Limit one of each Pok\u00e9mon\n|rule|Item Clause: Limit one of each item\n|clearpoke\n|poke|p1|Pincurchin, L50, M|\n|poke|p1|Iron Moth, L50|\n|poke|p1|Iron Treads, L50|\n|poke|p1|Iron Hands, L50|\n|poke|p1|Iron Bundle, L50|\n|poke|p1|Iron Jugulis, L50|\n|poke|p2|Gholdengo, L50|\n|poke|p2|Flutter Mane, L50|\n|poke|p2|Gyarados, L50, M|\n|poke|p2|Ting-Lu, L50|\n|poke|p2|Volcarona, L50, M|\n|poke|p2|Arcanine, L50, F|\n|teampreview|4\n|inactive|Battle timer is ON: inactive players will automatically lose when time's up. (requested by crazydude57)\n|inactive|zhongqiu also wants the timer to be on.\n|inactive|zhongqiu has 60 seconds left.\n|inactive|crazydude57 has 60 seconds left.\n|inactive|crazydude57 has 30 seconds left.\n|inactive|crazydude57 has 20 seconds left.\n|inactive|crazydude57 has 15 seconds left.\n|\n|t:|1682813215\n|start\n|switch|p1a: Pincurchin|Pincurchin, L50, M|100\/100\n|switch|p1b: Iron Hands|Iron Hands, L50|100\/100\n|switch|p2a: Gyarados|Gyarados, L50, M|100\/100\n|switch|p2b: Ting-Lu|Ting-Lu, L50|100\/100\n|-ability|p2a: Gyarados|Intimidate|boost\n|-unboost|p1a: Pincurchin|atk|1\n|-unboost|p1b: Iron Hands|atk|1\n|-ability|p2b: Ting-Lu|Vessel of Ruin\n|-fieldstart|move: Electric Terrain|[from] ability: Electric Surge|[of] p1a: Pincurchin\n|-activate|p1b: Iron Hands|ability: Quark Drive\n|-start|p1b: Iron Hands|quarkdriveatk\n|turn|1\n|c|\u2606crazydude57|gl hf\n|\n|t:|1682813237\n|move|p2a: Gyarados|Protect|p2a: Gyarados\n|-singleturn|p2a: Gyarados|Protect\n|move|p1b: Iron Hands|Fake Out|p2b: Ting-Lu\n|-damage|p2b: Ting-Lu|95\/100\n|cant|p2b: Ting-Lu|flinch\n|move|p1a: Pincurchin|Thunder Wave|p2a: Gyarados\n|-activate|p2a: Gyarados|move: Protect\n|\n|upkeep\n|turn|2\n|\n|t:|1682813259\n|-terastallize|p2b: Ting-Lu|Poison\n|move|p1a: Pincurchin|Protect|p1a: Pincurchin\n|-singleturn|p1a: Pincurchin|Protect\n|move|p2a: Gyarados|Taunt|p1a: Pincurchin\n|-activate|p1a: Pincurchin|move: Protect\n|move|p1b: Iron Hands|Volt Switch|p2a: Gyarados\n|-supereffective|p2a: Gyarados\n|-damage|p2a: Gyarados|58\/100\n|\n|t:|1682813272\n|-end|p1b: Iron Hands|Quark Drive|[silent]\n|switch|p1b: Iron Bundle|Iron Bundle, L50|100\/100|[from] Volt Switch\n|-activate|p1b: Iron Bundle|ability: Quark Drive\n|-start|p1b: Iron Bundle|quarkdrivespe\n|move|p2b: Ting-Lu|Bulldoze|p1a: Pincurchin|[spread] p1b\n|-activate|p1a: Pincurchin|move: Protect\n|-immune|p2a: Gyarados\n|-damage|p1b: Iron Bundle|79\/100\n|-unboost|p1b: Iron Bundle|spe|1\n|\n|upkeep\n|turn|3\n|inactive|crazydude57 has 30 seconds left.\n|\n|t:|1682813303\n|switch|p1a: Iron Hands|Iron Hands, L50|100\/100\n|-activate|p1a: Iron Hands|ability: Quark Drive\n|-start|p1a: Iron Hands|quarkdriveatk\n|move|p1b: Iron Bundle|Protect|p1b: Iron Bundle\n|-singleturn|p1b: Iron Bundle|Protect\n|move|p2a: Gyarados|Protect|p2a: Gyarados\n|-singleturn|p2a: Gyarados|Protect\n|move|p2b: Ting-Lu|Heavy Slam|p1b: Iron Bundle\n|-activate|p1b: Iron Bundle|move: Protect\n|\n|upkeep\n|turn|4\n|\n|t:|1682813322\n|switch|p2a: Gholdengo|Gholdengo, L50|100\/100\n|switch|p2b: Flutter Mane|Flutter Mane, L50|100\/100\n|move|p1a: Iron Hands|Fake Out|p2b: Flutter Mane\n|-immune|p2b: Flutter Mane\n|move|p1b: Iron Bundle|Freeze-Dry|p2a: Gholdengo\n|-resisted|p2a: Gholdengo\n|-damage|p2a: Gholdengo|84\/100\n|-status|p2a: Gholdengo|frz\n|\n|upkeep\n|turn|5\n|\n|t:|1682813346\n|move|p1b: Iron Bundle|Protect|p1b: Iron Bundle\n|-singleturn|p1b: Iron Bundle|Protect\n|move|p2b: Flutter Mane|Moonblast|p1a: Iron Hands\n|-supereffective|p1a: Iron Hands\n|-damage|p1a: Iron Hands|39\/100\n|-damage|p2b: Flutter Mane|91\/100|[from] item: Life Orb\n|cant|p2a: Gholdengo|frz\n|move|p1a: Iron Hands|Bulldoze|p2b: Flutter Mane|[spread] p2a,p2b\n|-activate|p1b: Iron Bundle|move: Protect\n|-supereffective|p2a: Gholdengo\n|-damage|p2a: Gholdengo|41\/100 frz\n|-damage|p2b: Flutter Mane|61\/100\n|-unboost|p2a: Gholdengo|spe|1\n|-unboost|p2b: Flutter Mane|spe|1\n|\n|upkeep\n|turn|6\n|inactive|zhongqiu has 30 seconds left.\n|\n|t:|1682813381\n|move|p1b: Iron Bundle|Hydro Pump|p2b: Flutter Mane\n|-damage|p2b: Flutter Mane|3\/100\n|move|p2b: Flutter Mane|Moonblast|p1a: Iron Hands\n|-supereffective|p1a: Iron Hands\n|-crit|p1a: Iron Hands\n|-damage|p1a: Iron Hands|0 fnt\n|faint|p1a: Iron Hands\n|-end|p1a: Iron Hands|Quark Drive|[silent]\n|-damage|p2b: Flutter Mane|0 fnt|[from] item: Life Orb\n|faint|p2b: Flutter Mane\n|-end|p2b: Flutter Mane|Protosynthesis|[silent]\n|cant|p2a: Gholdengo|frz\n|\n|upkeep\n|\n|t:|1682813402\n|switch|p2b: Ting-Lu|Ting-Lu, L50, tera:Poison|95\/100\n|switch|p1a: Iron Treads|Iron Treads, L50|100\/100\n|-activate|p1a: Iron Treads|ability: Quark Drive\n|-start|p1a: Iron Treads|quarkdrivespe\n|-ability|p2b: Ting-Lu|Vessel of Ruin\n|turn|7\n|\n|t:|1682813414\n|switch|p2a: Gyarados|Gyarados, L50, M|58\/100\n|-ability|p2a: Gyarados|Intimidate|boost\n|-unboost|p1a: Iron Treads|atk|1\n|-unboost|p1b: Iron Bundle|atk|1\n|move|p1b: Iron Bundle|Protect|p1b: Iron Bundle\n|-singleturn|p1b: Iron Bundle|Protect\n|move|p1a: Iron Treads|Earthquake|p2b: Ting-Lu|[spread] p2b\n|-activate|p1b: Iron Bundle|move: Protect\n|-immune|p2a: Gyarados\n|-supereffective|p2b: Ting-Lu\n|-damage|p2b: Ting-Lu|71\/100\n|-damage|p1a: Iron Treads|91\/100|[from] item: Life Orb\n|move|p2b: Ting-Lu|Bulldoze|p1b: Iron Bundle|[spread] p1a\n|-activate|p1b: Iron Bundle|move: Protect\n|-immune|p2a: Gyarados\n|-supereffective|p1a: Iron Treads\n|-damage|p1a: Iron Treads|60\/100\n|-unboost|p1a: Iron Treads|spe|1\n|\n|upkeep\n|turn|8\n|inactive|zhongqiu has 30 seconds left.\n|inactive|zhongqiu has 20 seconds left.\n|\n|t:|1682813451\n|-terastallize|p1b: Iron Bundle|Ice\n|move|p1a: Iron Treads|Protect|p1a: Iron Treads\n|-singleturn|p1a: Iron Treads|Protect\n|move|p2a: Gyarados|Protect|p2a: Gyarados\n|-singleturn|p2a: Gyarados|Protect\n|move|p1b: Iron Bundle|Freeze-Dry|p2a: Gyarados\n|-activate|p2a: Gyarados|move: Protect\n|move|p2b: Ting-Lu|Bulldoze|p1a: Iron Treads|[spread] p1b\n|-activate|p2a: Gyarados|move: Protect\n|-activate|p1a: Iron Treads|move: Protect\n|-damage|p1b: Iron Bundle|59\/100\n|-unboost|p1b: Iron Bundle|spe|1\n|\n|-fieldend|move: Electric Terrain\n|-end|p1a: Iron Treads|Quark Drive\n|-end|p1b: Iron Bundle|Quark Drive\n|upkeep\n|turn|9\n|inactive|zhongqiu has 30 seconds left.\n|inactive|crazydude57 has 30 seconds left.\n|\n|t:|1682813483\n|-end|p1a: Iron Treads|Quark Drive|[silent]\n|switch|p1a: Pincurchin|Pincurchin, L50, M|100\/100\n|-fieldstart|move: Electric Terrain|[from] ability: Electric Surge|[of] p1a: Pincurchin\n|-activate|p1b: Iron Bundle|ability: Quark Drive\n|-start|p1b: Iron Bundle|quarkdrivespa\n|switch|p2a: Gholdengo|Gholdengo, L50|41\/100 frz\n|move|p1b: Iron Bundle|Protect|p1b: Iron Bundle\n|-singleturn|p1b: Iron Bundle|Protect\n|move|p2b: Ting-Lu|Heavy Slam|p1b: Iron Bundle\n|-activate|p1b: Iron Bundle|move: Protect\n|\n|upkeep\n|turn|10\n|\n|t:|1682813509\n|-end|p1b: Iron Bundle|Quark Drive|[silent]\n|switch|p1b: Iron Treads|Iron Treads, L50|60\/100\n|-activate|p1b: Iron Treads|ability: Quark Drive\n|-start|p1b: Iron Treads|quarkdrivespe\n|move|p1a: Pincurchin|Sucker Punch|p2a: Gholdengo\n|-supereffective|p2a: Gholdengo\n|-damage|p2a: Gholdengo|0 fnt\n|faint|p2a: Gholdengo\n|move|p2b: Ting-Lu|Snarl|p1b: Iron Treads|[spread] p1a,p1b\n|-damage|p1a: Pincurchin|90\/100\n|-damage|p1b: Iron Treads|48\/100\n|-unboost|p1a: Pincurchin|spa|1\n|-unboost|p1b: Iron Treads|spa|1\n|\n|upkeep\n|\n|t:|1682813521\n|switch|p2a: Gyarados|Gyarados, L50, M|58\/100\n|-ability|p2a: Gyarados|Intimidate|boost\n|-unboost|p1a: Pincurchin|atk|1\n|-unboost|p1b: Iron Treads|atk|1\n|turn|11\n|inactive|zhongqiu has 30 seconds left.\n|\n|t:|1682813556\n|move|p1b: Iron Treads|Rock Slide|p2a: Gyarados|[spread] p2a,p2b\n|-supereffective|p2a: Gyarados\n|-damage|p2a: Gyarados|32\/100\n|-damage|p2b: Ting-Lu|65\/100\n|-damage|p1b: Iron Treads|38\/100|[from] item: Life Orb\n|cant|p2a: Gyarados|flinch\n|cant|p2b: Ting-Lu|flinch\n|move|p1a: Pincurchin|Thunder Wave|p2a: Gyarados\n|-status|p2a: Gyarados|par\n|\n|upkeep\n|turn|12\n|c|\u2606crazydude57|f\n|c|\u2606crazydude57|that lost me the game\n|-message|crazydude57 forfeited.\n|\n|win|zhongqiu\n|raw|zhongqiu's rating: 1179 → 1199<\/strong> (+20 for winning)\n|raw|crazydude57's rating: 1108 → 1088<\/strong> (-20 for losing)\n|l|\u2606crazydude57\n|c|\u2606zhongqiu|yep\n","uploadtime":1682813590,"views":21,"p1id":"zhongqiu","p2id":"crazydude57","formatid":"gen9vgc2023regulationc","rating":1088,"private":0,"password":""}