{"id":"gen9vgc2023regulationc-1854598142","p1":"Veb4713","p2":"UPR_Unity","format":"[Gen 9] VGC 2023 Regulation C","log":"|j|\u2606Veb4713\n|j|\u2606UPR_Unity\n|t:|1682833260\n|gametype|doubles\n|player|p1|Veb4713|birdkeeper-gen4dp|1060\n|player|p2|UPR_Unity|elesa|1149\n|teamsize|p1|6\n|teamsize|p2|6\n|gen|9\n|tier|[Gen 9] VGC 2023 Regulation C\n|rated|\n|rule|Species Clause: Limit one of each Pok\u00e9mon\n|rule|Item Clause: Limit one of each item\n|clearpoke\n|poke|p1|Flutter Mane, L50|\n|poke|p1|Gastrodon, L50, M|\n|poke|p1|Iron Hands, L50|\n|poke|p1|Arcanine, L50, M|\n|poke|p1|Ting-Lu, L50|\n|poke|p1|Amoonguss, L50, F|\n|poke|p2|Ting-Lu, L50|\n|poke|p2|Flutter Mane, L50|\n|poke|p2|Palafin, L50, M|\n|poke|p2|Amoonguss, L50, F|\n|poke|p2|Arcanine, L50, M|\n|poke|p2|Kingambit, L50, F|\n|teampreview|4\n|\n|t:|1682833300\n|start\n|switch|p1a: Flutter Mane|Flutter Mane, L50|100\/100\n|switch|p1b: Gastrodon|Gastrodon, L50, M|100\/100\n|switch|p2a: Ting-Lu|Ting-Lu, L50|100\/100\n|switch|p2b: Amoonguss|Amoonguss, L50, F|100\/100\n|-ability|p2a: Ting-Lu|Vessel of Ruin\n|-enditem|p1a: Flutter Mane|Booster Energy\n|-activate|p1a: Flutter Mane|ability: Protosynthesis|[fromitem]\n|-start|p1a: Flutter Mane|protosynthesisspa\n|turn|1\n|\n|t:|1682833321\n|-terastallize|p2a: Ting-Lu|Poison\n|-terastallize|p1b: Gastrodon|Grass\n|move|p1a: Flutter Mane|Protect|p1a: Flutter Mane\n|-singleturn|p1a: Flutter Mane|Protect\n|move|p2a: Ting-Lu|Heavy Slam|p1a: Flutter Mane\n|-activate|p1a: Flutter Mane|move: Protect\n|move|p1b: Gastrodon|Earthquake|p2a: Ting-Lu|[spread] p2a,p2b\n|-activate|p1a: Flutter Mane|move: Protect\n|-supereffective|p2a: Ting-Lu\n|-damage|p2a: Ting-Lu|73\/100\n|-damage|p2b: Amoonguss|79\/100\n|move|p2b: Amoonguss|Spore|p1b: Gastrodon\n|-immune|p1b: Gastrodon\n|\n|upkeep\n|turn|2\n|\n|t:|1682833361\n|move|p1a: Flutter Mane|Moonblast|p2a: Ting-Lu\n|-resisted|p2a: Ting-Lu\n|-damage|p2a: Ting-Lu|60\/100\n|-unboost|p2a: Ting-Lu|spa|1\n|move|p2a: Ting-Lu|Ruination|p1b: Gastrodon\n|-damage|p1b: Gastrodon|50\/100\n|move|p1b: Gastrodon|Muddy Water|p2a: Ting-Lu|[spread] p2b\n|-miss|p1b: Gastrodon|p2a: Ting-Lu\n|-resisted|p2b: Amoonguss\n|-damage|p2b: Amoonguss|73\/100\n|move|p2b: Amoonguss|Pollen Puff|p2a: Ting-Lu\n|-heal|p2a: Ting-Lu|100\/100\n|\n|upkeep\n|turn|3\n|\n|t:|1682833398\n|move|p1a: Flutter Mane|Protect|p1a: Flutter Mane\n|-singleturn|p1a: Flutter Mane|Protect\n|move|p2b: Amoonguss|Protect|p2b: Amoonguss\n|-singleturn|p2b: Amoonguss|Protect\n|move|p2a: Ting-Lu|Heavy Slam|p1a: Flutter Mane\n|-activate|p1a: Flutter Mane|move: Protect\n|move|p1b: Gastrodon|Earthquake|p2b: Amoonguss|[spread] p2a\n|-activate|p1a: Flutter Mane|move: Protect\n|-activate|p2b: Amoonguss|move: Protect\n|-supereffective|p2a: Ting-Lu\n|-damage|p2a: Ting-Lu|73\/100\n|\n|upkeep\n|turn|4\n|\n|t:|1682833416\n|-end|p1a: Flutter Mane|Protosynthesis|[silent]\n|switch|p1a: Arcanine|Arcanine, L50, M|100\/100\n|-ability|p1a: Arcanine|Intimidate|boost\n|-unboost|p2a: Ting-Lu|atk|1\n|-unboost|p2b: Amoonguss|atk|1\n|move|p2a: Ting-Lu|Heavy Slam|p1a: Arcanine\n|-resisted|p1a: Arcanine\n|-damage|p1a: Arcanine|91\/100\n|move|p1b: Gastrodon|Recover|p1b: Gastrodon\n|-heal|p1b: Gastrodon|100\/100\n|move|p2b: Amoonguss|Pollen Puff|p2a: Ting-Lu\n|-heal|p2a: Ting-Lu|100\/100\n|\n|upkeep\n|turn|5\n|\n|t:|1682833441\n|switch|p2a: Arcanine|Arcanine, L50, M|100\/100\n|-ability|p2a: Arcanine|Intimidate|boost\n|-unboost|p1a: Arcanine|atk|1\n|-unboost|p1b: Gastrodon|atk|1\n|move|p1b: Gastrodon|Protect|p1b: Gastrodon\n|-singleturn|p1b: Gastrodon|Protect\n|move|p2b: Amoonguss|Protect|p2b: Amoonguss\n|-singleturn|p2b: Amoonguss|Protect\n|move|p1a: Arcanine|Flare Blitz|p2b: Amoonguss\n|-activate|p2b: Amoonguss|move: Protect\n|\n|upkeep\n|turn|6\n|\n|t:|1682833470\n|switch|p2b: Ting-Lu|Ting-Lu, L50, tera:Poison|100\/100\n|-ability|p2b: Ting-Lu|Vessel of Ruin\n|move|p1a: Arcanine|Protect|p1a: Arcanine\n|-singleturn|p1a: Arcanine|Protect\n|move|p2a: Arcanine|Will-O-Wisp|p1b: Gastrodon\n|-status|p1b: Gastrodon|brn\n|move|p1b: Gastrodon|Earthquake|p2a: Arcanine|[spread] p2a,p2b\n|-activate|p1a: Arcanine|move: Protect\n|-supereffective|p2a: Arcanine\n|-supereffective|p2b: Ting-Lu\n|-damage|p2a: Arcanine|83\/100\n|-damage|p2b: Ting-Lu|91\/100\n|\n|-damage|p1b: Gastrodon|95\/100 brn|[from] brn\n|upkeep\n|turn|7\n|\n|t:|1682833495\n|move|p2a: Arcanine|Extreme Speed|p1a: Arcanine\n|-damage|p1a: Arcanine|71\/100\n|move|p1a: Arcanine|Will-O-Wisp|p2b: Ting-Lu\n|-status|p2b: Ting-Lu|brn\n|move|p2b: Ting-Lu|Stomping Tantrum|p1a: Arcanine\n|-supereffective|p1a: Arcanine\n|-damage|p1a: Arcanine|39\/100\n|move|p1b: Gastrodon|Muddy Water|p2b: Ting-Lu|[spread] p2a,p2b\n|-supereffective|p2a: Arcanine\n|-damage|p2a: Arcanine|49\/100\n|-damage|p2b: Ting-Lu|82\/100 brn\n|\n|-damage|p2b: Ting-Lu|76\/100 brn|[from] brn\n|-damage|p1b: Gastrodon|89\/100 brn|[from] brn\n|upkeep\n|turn|8\n|\n|t:|1682833520\n|switch|p2a: Amoonguss|Amoonguss, L50, F|100\/100\n|move|p1a: Arcanine|Protect|p1a: Arcanine\n|-singleturn|p1a: Arcanine|Protect\n|move|p2b: Ting-Lu|Stomping Tantrum|p1a: Arcanine\n|-activate|p1a: Arcanine|move: Protect\n|move|p1b: Gastrodon|Earthquake|p2b: Ting-Lu|[spread] p2a,p2b\n|-activate|p1a: Arcanine|move: Protect\n|-supereffective|p2b: Ting-Lu\n|-damage|p2a: Amoonguss|93\/100\n|-damage|p2b: Ting-Lu|66\/100 brn\n|\n|-damage|p2b: Ting-Lu|60\/100 brn|[from] brn\n|-damage|p1b: Gastrodon|83\/100 brn|[from] brn\n|upkeep\n|turn|9\n|\n|t:|1682833537\n|move|p2a: Amoonguss|Protect|p2a: Amoonguss\n|-singleturn|p2a: Amoonguss|Protect\n|move|p1a: Arcanine|Flare Blitz|p2a: Amoonguss\n|-activate|p2a: Amoonguss|move: Protect\n|move|p2b: Ting-Lu|Stomping Tantrum|p1a: Arcanine\n|-supereffective|p1a: Arcanine\n|-crit|p1a: Arcanine\n|-damage|p1a: Arcanine|0 fnt\n|faint|p1a: Arcanine\n|move|p1b: Gastrodon|Muddy Water|p2b: Ting-Lu|[spread] p2b\n|-activate|p2a: Amoonguss|move: Protect\n|-damage|p2b: Ting-Lu|50\/100 brn\n|-unboost|p2b: Ting-Lu|accuracy|1\n|\n|-damage|p2b: Ting-Lu|44\/100 brn|[from] brn\n|-damage|p1b: Gastrodon|77\/100 brn|[from] brn\n|upkeep\n|\n|t:|1682833556\n|switch|p1a: Flutter Mane|Flutter Mane, L50|100\/100\n|turn|10\n|\n|t:|1682833587\n|move|p1a: Flutter Mane|Protect|p1a: Flutter Mane\n|-singleturn|p1a: Flutter Mane|Protect\n|move|p2b: Ting-Lu|Ruination|p1b: Gastrodon\n|-damage|p1b: Gastrodon|39\/100 brn\n|move|p1b: Gastrodon|Earthquake|p2b: Ting-Lu|[spread] p2a,p2b\n|-activate|p1a: Flutter Mane|move: Protect\n|-supereffective|p2b: Ting-Lu\n|-damage|p2a: Amoonguss|87\/100\n|-damage|p2b: Ting-Lu|34\/100 brn\n|move|p2a: Amoonguss|Pollen Puff|p2b: Ting-Lu\n|-heal|p2b: Ting-Lu|84\/100 brn\n|\n|-damage|p2b: Ting-Lu|78\/100 brn|[from] brn\n|-damage|p1b: Gastrodon|33\/100 brn|[from] brn\n|upkeep\n|turn|11\n|\n|t:|1682833606\n|move|p1a: Flutter Mane|Shadow Ball|p2b: Ting-Lu\n|-crit|p2b: Ting-Lu\n|-damage|p2b: Ting-Lu|50\/100 brn\n|move|p2b: Ting-Lu|Rock Tomb|p1b: Gastrodon|[miss]\n|-miss|p2b: Ting-Lu|p1b: Gastrodon\n|move|p1b: Gastrodon|Recover|p1b: Gastrodon\n|-heal|p1b: Gastrodon|83\/100 brn\n|move|p2a: Amoonguss|Spore|p1a: Flutter Mane\n|-status|p1a: Flutter Mane|slp|[from] move: Spore\n|\n|-damage|p2b: Ting-Lu|44\/100 brn|[from] brn\n|-damage|p1b: Gastrodon|77\/100 brn|[from] brn\n|upkeep\n|turn|12\n|\n|t:|1682833623\n|switch|p1b: Iron Hands|Iron Hands, L50|100\/100\n|cant|p1a: Flutter Mane|slp\n|move|p2b: Ting-Lu|Heavy Slam|p1a: Flutter Mane|[miss]\n|-miss|p2b: Ting-Lu|p1a: Flutter Mane\n|move|p2a: Amoonguss|Pollen Puff|p2b: Ting-Lu\n|-heal|p2b: Ting-Lu|94\/100 brn\n|\n|-damage|p2b: Ting-Lu|88\/100 brn|[from] brn\n|upkeep\n|turn|13\n|\n|t:|1682833642\n|switch|p2b: Arcanine|Arcanine, L50, M|49\/100\n|-ability|p2b: Arcanine|Intimidate|boost\n|-unboost|p1a: Flutter Mane|atk|1\n|-unboost|p1b: Iron Hands|atk|1\n|move|p2a: Amoonguss|Protect|p2a: Amoonguss\n|-singleturn|p2a: Amoonguss|Protect\n|move|p1b: Iron Hands|Fake Out|p2b: Arcanine\n|-damage|p2b: Arcanine|36\/100\n|cant|p1a: Flutter Mane|slp\n|\n|upkeep\n|turn|14\n|\n|t:|1682833681\n|cant|p1a: Flutter Mane|slp\n|move|p2b: Arcanine|Will-O-Wisp|p1b: Iron Hands|[miss]\n|-miss|p2b: Arcanine|p1b: Iron Hands\n|move|p1b: Iron Hands|Wild Charge|p2a: Amoonguss\n|-resisted|p2a: Amoonguss\n|-damage|p2a: Amoonguss|71\/100\n|-damage|p1b: Iron Hands|97\/100|[from] Recoil\n|move|p2a: Amoonguss|Pollen Puff|p2b: Arcanine\n|-heal|p2b: Arcanine|86\/100\n|\n|upkeep\n|turn|15\n|\n|t:|1682833698\n|move|p2b: Arcanine|Protect|p2b: Arcanine\n|-singleturn|p2b: Arcanine|Protect\n|-curestatus|p1a: Flutter Mane|slp|[msg]\n|move|p1a: Flutter Mane|Moonblast|p2b: Arcanine\n|-activate|p2b: Arcanine|move: Protect\n|move|p1b: Iron Hands|Drain Punch|p2a: Amoonguss\n|-resisted|p2a: Amoonguss\n|-damage|p2a: Amoonguss|59\/100\n|-heal|p1b: Iron Hands|100\/100|[from] drain|[of] p2a: Amoonguss\n|move|p2a: Amoonguss|Spore|p1b: Iron Hands\n|-status|p1b: Iron Hands|slp|[from] move: Spore\n|-enditem|p1b: Iron Hands|Lum Berry|[eat]\n|-curestatus|p1b: Iron Hands|slp|[msg]\n|\n|upkeep\n|turn|16\n|\n|t:|1682833735\n|switch|p2b: Ting-Lu|Ting-Lu, L50, tera:Poison|88\/100 brn\n|-ability|p2b: Ting-Lu|Vessel of Ruin\n|-end|p1b: Iron Hands|Quark Drive|[silent]\n|switch|p1b: Gastrodon|Gastrodon, L50, M, tera:Grass|77\/100 brn\n|move|p1a: Flutter Mane|Moonblast|p2a: Amoonguss\n|-resisted|p2a: Amoonguss\n|-damage|p2a: Amoonguss|43\/100\n|-enditem|p2a: Amoonguss|Sitrus Berry|[eat]\n|-heal|p2a: Amoonguss|67\/100|[from] item: Sitrus Berry\n|move|p2a: Amoonguss|Spore|p1b: Gastrodon\n|-immune|p1b: Gastrodon\n|\n|-damage|p2b: Ting-Lu|82\/100 brn|[from] brn\n|-damage|p1b: Gastrodon|71\/100 brn|[from] brn\n|upkeep\n|turn|17\n|\n|t:|1682833756\n|move|p1a: Flutter Mane|Protect|p1a: Flutter Mane\n|-singleturn|p1a: Flutter Mane|Protect\n|move|p2b: Ting-Lu|Ruination|p1b: Gastrodon\n|-damage|p1b: Gastrodon|36\/100 brn\n|move|p1b: Gastrodon|Earthquake|p2b: Ting-Lu|[spread] p2a,p2b\n|-activate|p1a: Flutter Mane|move: Protect\n|-supereffective|p2b: Ting-Lu\n|-damage|p2a: Amoonguss|58\/100\n|-damage|p2b: Ting-Lu|68\/100 brn\n|move|p2a: Amoonguss|Spore|p1a: Flutter Mane\n|-activate|p1a: Flutter Mane|move: Protect\n|\n|-damage|p2b: Ting-Lu|62\/100 brn|[from] brn\n|-damage|p1b: Gastrodon|30\/100 brn|[from] brn\n|upkeep\n|turn|18\n|\n|t:|1682833789\n|move|p1a: Flutter Mane|Shadow Ball|p2b: Ting-Lu\n|-crit|p2b: Ting-Lu\n|-damage|p2b: Ting-Lu|34\/100 brn\n|move|p2b: Ting-Lu|Rock Tomb|p1b: Gastrodon\n|-damage|p1b: Gastrodon|20\/100 brn\n|-unboost|p1b: Gastrodon|spe|1\n|move|p2a: Amoonguss|Spore|p1a: Flutter Mane\n|-status|p1a: Flutter Mane|slp|[from] move: Spore\n|move|p1b: Gastrodon|Recover|p1b: Gastrodon\n|-heal|p1b: Gastrodon|70\/100 brn\n|\n|-damage|p2b: Ting-Lu|28\/100 brn|[from] brn\n|-damage|p1b: Gastrodon|64\/100 brn|[from] brn\n|upkeep\n|turn|19\n|\n|t:|1682833819\n|cant|p1a: Flutter Mane|slp\n|move|p2b: Ting-Lu|Heavy Slam|p1a: Flutter Mane\n|-supereffective|p1a: Flutter Mane\n|-crit|p1a: Flutter Mane\n|-damage|p1a: Flutter Mane|0 fnt\n|faint|p1a: Flutter Mane\n|-end|p1a: Flutter Mane|Protosynthesis|[silent]\n|move|p2a: Amoonguss|Pollen Puff|p2b: Ting-Lu\n|-heal|p2b: Ting-Lu|78\/100 brn\n|move|p1b: Gastrodon|Muddy Water|p2a: Amoonguss|[spread] p2a\n|-miss|p1b: Gastrodon|p2b: Ting-Lu\n|-resisted|p2a: Amoonguss\n|-damage|p2a: Amoonguss|51\/100\n|-unboost|p2a: Amoonguss|accuracy|1\n|\n|-damage|p2b: Ting-Lu|72\/100 brn|[from] brn\n|-damage|p1b: Gastrodon|59\/100 brn|[from] brn\n|upkeep\n|\n|t:|1682833834\n|switch|p1a: Iron Hands|Iron Hands, L50|100\/100\n|turn|20\n|\n|t:|1682833845\n|switch|p2b: Flutter Mane|Flutter Mane, L50|100\/100\n|move|p1a: Iron Hands|Fake Out|p2a: Amoonguss\n|-damage|p2a: Amoonguss|36\/100\n|cant|p2a: Amoonguss|flinch\n|move|p1b: Gastrodon|Muddy Water|p2b: Flutter Mane|[spread] p2a,p2b\n|-resisted|p2a: Amoonguss\n|-damage|p2a: Amoonguss|28\/100\n|-damage|p2b: Flutter Mane|79\/100\n|\n|-damage|p1b: Gastrodon|53\/100 brn|[from] brn\n|upkeep\n|turn|21\n|\n|t:|1682833878\n|move|p2a: Amoonguss|Rage Powder|p2a: Amoonguss\n|-singleturn|p2a: Amoonguss|move: Rage Powder\n|move|p2b: Flutter Mane|Moonblast|p1a: Iron Hands\n|-supereffective|p1a: Iron Hands\n|-damage|p1a: Iron Hands|0 fnt\n|faint|p1a: Iron Hands\n|-end|p1a: Iron Hands|Quark Drive|[silent]\n|move|p1b: Gastrodon|Muddy Water|p2b: Flutter Mane|[spread] p2a,p2b\n|-resisted|p2a: Amoonguss\n|-damage|p2a: Amoonguss|20\/100\n|-damage|p2b: Flutter Mane|57\/100\n|-unboost|p2a: Amoonguss|accuracy|1\n|\n|-damage|p1b: Gastrodon|47\/100 brn|[from] brn\n|upkeep\n|turn|22\n|\n|t:|1682833894\n|switch|p2a: Arcanine|Arcanine, L50, M|86\/100\n|-ability|p2a: Arcanine|Intimidate|boost\n|-unboost|p1b: Gastrodon|atk|1\n|move|p1b: Gastrodon|Protect|p1b: Gastrodon\n|-singleturn|p1b: Gastrodon|Protect\n|move|p2b: Flutter Mane|Moonblast|p1b: Gastrodon\n|-activate|p1b: Gastrodon|move: Protect\n|\n|-damage|p1b: Gastrodon|41\/100 brn|[from] brn\n|upkeep\n|turn|23\n|\n|t:|1682833904\n|move|p2a: Arcanine|Extreme Speed|p1b: Gastrodon\n|-damage|p1b: Gastrodon|18\/100 brn\n|move|p2b: Flutter Mane|Moonblast|p1b: Gastrodon\n|-crit|p1b: Gastrodon\n|-damage|p1b: Gastrodon|0 fnt\n|faint|p1b: Gastrodon\n|\n|win|UPR_Unity\n|raw|Veb4713's rating: 1060 → 1046<\/strong> (-14 for losing)\n|raw|UPR_Unity's rating: 1149 → 1168<\/strong> (+19 for winning)\n|c|\u2606Veb4713|Gg\n|c|\u2606UPR_Unity|gg\n|l|\u2606Veb4713\n","uploadtime":1682833943,"views":18,"p1id":"veb4713","p2id":"uprunity","formatid":"gen9vgc2023regulationc","rating":1046,"private":0,"password":""}