{"id":"gen9vgc2023regulationc-1857158889","p1":"liker66","p2":"Inwaves22","format":"[Gen 9] VGC 2023 Regulation C","log":"|j|\u2606liker66\n|j|\u2606Inwaves22\n|t:|1683152138\n|gametype|doubles\n|player|p1|liker66|266|1174\n|player|p2|Inwaves22|falkner|1199\n|teamsize|p1|6\n|teamsize|p2|6\n|gen|9\n|tier|[Gen 9] VGC 2023 Regulation C\n|rated|\n|rule|Species Clause: Limit one of each Pok\u00e9mon\n|rule|Item Clause: Limit one of each item\n|clearpoke\n|poke|p1|Altaria, L50, F|\n|poke|p1|Iron Hands, L50|\n|poke|p1|Farigiraf, L50, F|\n|poke|p1|Great Tusk, L50|\n|poke|p1|Flutter Mane, L50|\n|poke|p1|Iron Bundle, L50|\n|poke|p2|Chi-Yu, L50|\n|poke|p2|Iron Hands, L50|\n|poke|p2|Flutter Mane, L50|\n|poke|p2|Gyarados, L50, F|\n|poke|p2|Ting-Lu, L50|\n|poke|p2|Amoonguss, L50, F|\n|teampreview|4\n|\n|t:|1683152178\n|start\n|switch|p1a: Farigiraf|Farigiraf, L50, F|100\/100\n|switch|p1b: Iron Hands|Iron Hands, L50|100\/100\n|switch|p2a: Ting-Lu|Ting-Lu, L50|100\/100\n|switch|p2b: Iron Hands|Iron Hands, L50|100\/100\n|-ability|p2a: Ting-Lu|Vessel of Ruin\n|turn|1\n|\n|t:|1683152207\n|-terastallize|p1b: Iron Hands|Fighting\n|move|p2a: Ting-Lu|Protect|p2a: Ting-Lu\n|-singleturn|p2a: Ting-Lu|Protect\n|move|p2b: Iron Hands|Fake Out||[still]\n|cant|p1a: Farigiraf|ability: Armor Tail|Fake Out|[of] p2b: Iron Hands\n|move|p1b: Iron Hands|Drain Punch|p2a: Ting-Lu\n|-activate|p2a: Ting-Lu|move: Protect\n|move|p1a: Farigiraf|Psychic|p2b: Iron Hands\n|-supereffective|p2b: Iron Hands\n|-damage|p2b: Iron Hands|63\/100\n|\n|upkeep\n|turn|2\n|\n|t:|1683152233\n|-terastallize|p2a: Ting-Lu|Water\n|move|p1b: Iron Hands|Wild Charge|p2a: Ting-Lu\n|-supereffective|p2a: Ting-Lu\n|-damage|p2a: Ting-Lu|47\/100\n|-damage|p1b: Iron Hands|87\/100|[from] Recoil\n|move|p2b: Iron Hands|Drain Punch|p1b: Iron Hands\n|-damage|p1b: Iron Hands|55\/100\n|-heal|p2b: Iron Hands|79\/100|[from] drain|[of] p1b: Iron Hands\n|move|p2a: Ting-Lu|Ruination|p1b: Iron Hands\n|-damage|p1b: Iron Hands|28\/100\n|move|p1a: Farigiraf|Trick Room|p1a: Farigiraf\n|-fieldstart|move: Trick Room|[of] p1a: Farigiraf\n|\n|-heal|p1b: Iron Hands|34\/100|[from] item: Leftovers\n|upkeep\n|turn|3\n|\n|t:|1683152274\n|move|p2a: Ting-Lu|Protect|p2a: Ting-Lu\n|-singleturn|p2a: Ting-Lu|Protect\n|move|p1b: Iron Hands|Protect|p1b: Iron Hands\n|-singleturn|p1b: Iron Hands|Protect\n|move|p1a: Farigiraf|Hyper Voice|p2a: Ting-Lu|[spread] p2b\n|-activate|p2a: Ting-Lu|move: Protect\n|-damage|p2b: Iron Hands|65\/100\n|move|p2b: Iron Hands|Drain Punch|p1b: Iron Hands\n|-activate|p1b: Iron Hands|move: Protect\n|\n|-heal|p1b: Iron Hands|40\/100|[from] item: Leftovers\n|upkeep\n|turn|4\n|\n|t:|1683152301\n|switch|p2a: Flutter Mane|Flutter Mane, L50|100\/100\n|-enditem|p2a: Flutter Mane|Booster Energy\n|-activate|p2a: Flutter Mane|ability: Protosynthesis|[fromitem]\n|-start|p2a: Flutter Mane|protosynthesisspa\n|-end|p1b: Iron Hands|Quark Drive|[silent]\n|switch|p1b: Great Tusk|Great Tusk, L50|100\/100\n|move|p2b: Iron Hands|Drain Punch|p1b: Great Tusk\n|-damage|p1b: Great Tusk|72\/100\n|-heal|p2b: Iron Hands|78\/100|[from] drain|[of] p1b: Great Tusk\n|move|p1a: Farigiraf|Psychic|p2b: Iron Hands\n|-supereffective|p2b: Iron Hands\n|-damage|p2b: Iron Hands|28\/100\n|\n|upkeep\n|turn|5\n|\n|t:|1683152320\n|-end|p2b: Iron Hands|Quark Drive|[silent]\n|switch|p2b: Gyarados|Gyarados, L50, F|100\/100\n|-ability|p2b: Gyarados|Intimidate|boost\n|-unboost|p1a: Farigiraf|atk|1\n|-unboost|p1b: Great Tusk|atk|1\n|move|p1a: Farigiraf|Psychic|p2b: Gyarados\n|-damage|p2b: Gyarados|65\/100\n|-unboost|p2b: Gyarados|spd|1\n|move|p1b: Great Tusk|Iron Head|p2a: Flutter Mane\n|-supereffective|p2a: Flutter Mane\n|-damage|p2a: Flutter Mane|40\/100\n|move|p2a: Flutter Mane|Moonblast|p1b: Great Tusk\n|-supereffective|p1b: Great Tusk\n|-damage|p1b: Great Tusk|0 fnt\n|faint|p1b: Great Tusk\n|-end|p1b: Great Tusk|Protosynthesis|[silent]\n|\n|upkeep\n|\n|t:|1683152334\n|switch|p1b: Iron Hands|Iron Hands, L50, tera:Fighting|40\/100\n|turn|6\n|\n|t:|1683152356\n|switch|p1a: Iron Bundle|Iron Bundle, L50|100\/100\n|-enditem|p1a: Iron Bundle|Booster Energy\n|-activate|p1a: Iron Bundle|ability: Quark Drive|[fromitem]\n|-start|p1a: Iron Bundle|quarkdrivespe\n|move|p1b: Iron Hands|Fake Out|p2b: Gyarados\n|-damage|p2b: Gyarados|52\/100\n|cant|p2b: Gyarados|flinch\n|move|p2a: Flutter Mane|Moonblast|p1b: Iron Hands\n|-supereffective|p1b: Iron Hands\n|-damage|p1b: Iron Hands|0 fnt\n|faint|p1b: Iron Hands\n|-end|p1b: Iron Hands|Quark Drive|[silent]\n|\n|-fieldend|move: Trick Room\n|upkeep\n|\n|t:|1683152369\n|switch|p1b: Farigiraf|Farigiraf, L50, F|100\/100\n|turn|7\n|\n|t:|1683152396\n|move|p1a: Iron Bundle|Hydro Pump|p2a: Flutter Mane\n|-damage|p2a: Flutter Mane|0 fnt\n|faint|p2a: Flutter Mane\n|-end|p2a: Flutter Mane|Protosynthesis|[silent]\n|move|p2b: Gyarados|Waterfall|p1b: Farigiraf\n|-damage|p1b: Farigiraf|66\/100\n|move|p1b: Farigiraf|Psychic|p2b: Gyarados\n|-damage|p2b: Gyarados|0 fnt\n|faint|p2b: Gyarados\n|\n|upkeep\n|\n|t:|1683152409\n|switch|p2a: Iron Hands|Iron Hands, L50|28\/100\n|switch|p2b: Ting-Lu|Ting-Lu, L50, tera:Water|47\/100\n|-ability|p2b: Ting-Lu|Vessel of Ruin\n|turn|8\n|\n|t:|1683152424\n|move|p1a: Iron Bundle|Protect|p1a: Iron Bundle\n|-singleturn|p1a: Iron Bundle|Protect\n|move|p2a: Iron Hands|Wild Charge|p1a: Iron Bundle\n|-activate|p1a: Iron Bundle|move: Protect\n|move|p1b: Farigiraf|Psychic|p2a: Iron Hands\n|-supereffective|p2a: Iron Hands\n|-damage|p2a: Iron Hands|0 fnt\n|faint|p2a: Iron Hands\n|-end|p2a: Iron Hands|Quark Drive|[silent]\n|move|p2b: Ting-Lu|Stomping Tantrum|p1b: Farigiraf\n|-damage|p1b: Farigiraf|30\/100\n|\n|upkeep\n|turn|9\n|\n|t:|1683152447\n|move|p1a: Iron Bundle|Freeze-Dry|p2b: Ting-Lu\n|-supereffective|p2b: Ting-Lu\n|-damage|p2b: Ting-Lu|17\/100\n|move|p1b: Farigiraf|Psychic|p2b: Ting-Lu\n|-damage|p2b: Ting-Lu|0 fnt\n|faint|p2b: Ting-Lu\n|\n|win|liker66\n|raw|liker66's rating: 1174 → 1201<\/strong> (+27 for winning)\n|raw|Inwaves22's rating: 1199 → 1172<\/strong> (-27 for losing)\n","uploadtime":1683152455,"views":6,"p1id":"liker66","p2id":"inwaves22","formatid":"gen9vgc2023regulationc","rating":1172,"private":0,"password":""}