{"id":"gen9vgc2023regulationc-1848889613","p1":"Nicky_grey","p2":"Psyche-AK","format":"[Gen 9] VGC 2023 Regulation C","log":"|j|\u2606Nicky_grey\n|j|\u2606Psyche-AK\n|t:|1682122347\n|gametype|doubles\n|player|p1|Nicky_grey|170|\n|player|p2|Psyche-AK|dawn|\n|teamsize|p1|6\n|teamsize|p2|6\n|gen|9\n|tier|[Gen 9] VGC 2023 Regulation C\n|rule|Species Clause: Limit one of each Pok\u00e9mon\n|rule|Item Clause: Limit one of each item\n|clearpoke\n|poke|p1|Grafaiai, L50, F|\n|poke|p1|Glimmora, L50, M|\n|poke|p1|Chi-Yu, L50|\n|poke|p1|Masquerain, L50, F|\n|poke|p1|Great Tusk, L50|\n|poke|p1|Iron Bundle, L50|\n|poke|p2|Flutter Mane, L50|\n|poke|p2|Roaring Moon, L50|\n|poke|p2|Amoonguss, L50, M|\n|poke|p2|Iron Bundle, L50|\n|poke|p2|Ting-Lu, L50|\n|poke|p2|Arcanine, L50, M|\n|teampreview|4\nNicky_grey has agreed to open team sheets.\n|\n|t:|1682122391\n|start\n|switch|p1a: Grafaiai|Grafaiai, L50, F, shiny|100\/100\n|switch|p1b: Iron Bundle|Iron Bundle, L50|100\/100\n|switch|p2a: Hatsune Miku|Flutter Mane, L50, shiny|100\/100\n|switch|p2b: AMOGUS|Amoonguss, L50, M|100\/100\n|turn|1\n|\n|t:|1682122412\n|move|p1a: Grafaiai|Rain Dance|p1a: Grafaiai\n|-weather|RainDance\n|move|p1b: Iron Bundle|Hydro Pump|p2a: Hatsune Miku\n|-damage|p2a: Hatsune Miku|26\/100\n|-damage|p1b: Iron Bundle|91\/100|[from] item: Life Orb\n|move|p2a: Hatsune Miku|Dazzling Gleam|p1b: Iron Bundle|[spread] p1a,p1b\n|-resisted|p1a: Grafaiai\n|-damage|p1a: Grafaiai|83\/100\n|-damage|p1b: Iron Bundle|38\/100\n|move|p2b: AMOGUS|Giga Drain|p1b: Iron Bundle\n|-supereffective|p1b: Iron Bundle\n|-damage|p1b: Iron Bundle|0 fnt\n|faint|p1b: Iron Bundle\n|-end|p1b: Iron Bundle|Quark Drive|[silent]\n|\n|-weather|RainDance|[upkeep]\n|upkeep\n|\n|t:|1682122423\n|switch|p1b: Masquerain|Masquerain, L50, F|100\/100\n|-ability|p1b: Masquerain|Intimidate|boost\n|-unboost|p2a: Hatsune Miku|atk|1\n|-unboost|p2b: AMOGUS|atk|1\n|turn|2\n|\n|t:|1682122445\n|-end|p2a: Hatsune Miku|Protosynthesis|[silent]\n|switch|p2a: Delibot|Iron Bundle, L50|100\/100\n|move|p1a: Grafaiai|Parting Shot|p2a: Delibot\n|-unboost|p2a: Delibot|atk|1\n|-unboost|p2a: Delibot|spa|1\n|\n|t:|1682122452\n|switch|p1a: Glimmora|Glimmora, L50, M, shiny|100\/100|[from] Parting Shot\n|move|p1b: Masquerain|Quiver Dance|p1b: Masquerain\n|-boost|p1b: Masquerain|spa|1\n|-boost|p1b: Masquerain|spd|1\n|-boost|p1b: Masquerain|spe|1\n|move|p2b: AMOGUS|Spore|p1a: Glimmora\n|-status|p1a: Glimmora|slp|[from] move: Spore\n|\n|-weather|RainDance|[upkeep]\n|upkeep\n|turn|3\n|\n|t:|1682122495\n|-terastallize|p1b: Masquerain|Flying\n|move|p2b: AMOGUS|Rage Powder|p2b: AMOGUS\n|-singleturn|p2b: AMOGUS|move: Rage Powder\n|move|p2a: Delibot|Hydro Pump|p1a: Glimmora\n|-supereffective|p1a: Glimmora\n|-damage|p1a: Glimmora|0 fnt\n|faint|p1a: Glimmora\n|move|p1b: Masquerain|Hurricane|p2b: AMOGUS\n|-supereffective|p2b: AMOGUS\n|-crit|p2b: AMOGUS\n|-damage|p2b: AMOGUS|0 fnt\n|faint|p2b: AMOGUS\n|\n|-weather|RainDance|[upkeep]\n|upkeep\n|\n|t:|1682122509\n|switch|p1a: Grafaiai|Grafaiai, L50, F, shiny|83\/100\n|switch|p2b: Bowl Head|Ting-Lu, L50|100\/100\n|-ability|p2b: Bowl Head|Vessel of Ruin\n|turn|4\n|\n|t:|1682122530\n|move|p1a: Grafaiai|Rain Dance||[still]\n|-fail|p1a: Grafaiai\n|move|p2a: Delibot|Icy Wind|p1b: Masquerain|[spread] p1a,p1b\n|-supereffective|p1b: Masquerain\n|-damage|p1a: Grafaiai|70\/100\n|-damage|p1b: Masquerain|80\/100\n|-unboost|p1a: Grafaiai|spe|1\n|-unboost|p1b: Masquerain|spe|1\n|move|p1b: Masquerain|Bug Buzz|p2b: Bowl Head\n|-supereffective|p2b: Bowl Head\n|-crit|p2b: Bowl Head\n|-damage|p2b: Bowl Head|22\/100\n|move|p2b: Bowl Head|Fissure|p1a: Grafaiai|[miss]\n|-miss|p2b: Bowl Head|p1a: Grafaiai\n|\n|-weather|RainDance|[upkeep]\n|upkeep\n|turn|5\n|\n|t:|1682122571\n|-terastallize|p2b: Bowl Head|Dark\n|move|p1a: Grafaiai|Encore|p2b: Bowl Head\n|-hint|Since gen 7, Dark is immune to Prankster moves.\n|-immune|p2b: Bowl Head\n|move|p2a: Delibot|Freeze-Dry|p1b: Masquerain\n|-supereffective|p1b: Masquerain\n|-damage|p1b: Masquerain|45\/100\n|move|p1b: Masquerain|Hurricane|p2a: Delibot\n|-damage|p2a: Delibot|0 fnt\n|faint|p2a: Delibot\n|-end|p2a: Delibot|Quark Drive|[silent]\n|move|p2b: Bowl Head|Stomping Tantrum|p1a: Grafaiai\n|-supereffective|p1a: Grafaiai\n|-damage|p1a: Grafaiai|0 fnt\n|faint|p1a: Grafaiai\n|\n|-weather|none\n|upkeep\n|\n|t:|1682122586\n|switch|p2a: Hatsune Miku|Flutter Mane, L50, shiny|26\/100\n|turn|6\n|\n|t:|1682122604\n|move|p2a: Hatsune Miku|Protect|p2a: Hatsune Miku\n|-singleturn|p2a: Hatsune Miku|Protect\n|move|p1b: Masquerain|Hurricane|p2a: Hatsune Miku\n|-activate|p2a: Hatsune Miku|move: Protect\n|move|p2b: Bowl Head|Heavy Slam|p1b: Masquerain\n|-damage|p1b: Masquerain|0 fnt\n|faint|p1b: Masquerain\n|\n|win|Psyche-AK\n|l|\u2606Nicky_grey\n|l|\u2606Psyche-AK\n|j|\u2606Psyche-AK\n|player|p2|Psyche-AK|dawn\n","uploadtime":1682122681,"views":10,"p1id":"nickygrey","p2id":"psycheak","formatid":"gen9vgc2023regulationc","rating":0,"private":0,"password":""}