{"id":"gen9vgc2023regulationc-1849067114","p1":"beniboomer","p2":"PixelDupe1","format":"[Gen 9] VGC 2023 Regulation C","log":"|j|\u2606beniboomer\n|j|\u2606PixelDupe1\n|t:|1682148815\n|gametype|doubles\n|player|p1|beniboomer|266|1266\n|player|p2|PixelDupe1|palmer|1319\n|teamsize|p1|6\n|teamsize|p2|6\n|gen|9\n|tier|[Gen 9] VGC 2023 Regulation C\n|rated|\n|rule|Species Clause: Limit one of each Pok\u00e9mon\n|rule|Item Clause: Limit one of each item\n|clearpoke\n|poke|p1|Ting-Lu, L50|\n|poke|p1|Amoonguss, L50, F|\n|poke|p1|Garganacl, L50, M|\n|poke|p1|Arcanine, L50, M|\n|poke|p1|Roaring Moon, L50|\n|poke|p1|Iron Bundle, L50|\n|poke|p2|Orthworm, L50, M|\n|poke|p2|Iron Hands, L50|\n|poke|p2|Palafin, L50, M|\n|poke|p2|Ting-Lu, L50|\n|poke|p2|Flutter Mane, L50|\n|poke|p2|Gyarados, L50, F|\n|teampreview|4\nPixelDupe1 has agreed to open team sheets.\nbeniboomer has agreed to open team sheets.\n|\n|t:|1682148851\n|start\n|switch|p1a: Garganacl|Garganacl, L50, M|100\/100\n|switch|p1b: Arcanine|Arcanine, L50, M|100\/100\n|switch|p2a: Orthworm|Orthworm, L50, M|100\/100\n|switch|p2b: Fineas|Palafin, L50, M|100\/100\n|-ability|p1b: Arcanine|Intimidate|boost\n|-unboost|p2a: Orthworm|atk|1\n|-unboost|p2b: Fineas|atk|1\n|turn|1\n|\n|t:|1682148869\n|move|p2b: Fineas|Protect|p2b: Fineas\n|-singleturn|p2b: Fineas|Protect\n|move|p1b: Arcanine|Flare Blitz|p2a: Orthworm\n|-supereffective|p2a: Orthworm\n|-damage|p2a: Orthworm|28\/100\n|-enditem|p2a: Orthworm|Sitrus Berry|[eat]\n|-heal|p2a: Orthworm|53\/100|[from] item: Sitrus Berry\n|-damage|p1b: Arcanine|79\/100|[from] Recoil\n|move|p2a: Orthworm|Shed Tail|p2a: Orthworm\n|-start|p2a: Orthworm|Substitute|[from] move: Shed Tail\n|-damage|p2a: Orthworm|3\/100\n|\n|t:|1682148880\n|switch|p2a: Iron Hands|Iron Hands, L50|100\/100|[from] Shed Tail\n|move|p1a: Garganacl|Salt Cure|p2b: Fineas\n|-activate|p2b: Fineas|move: Protect\n|\n|upkeep\n|turn|2\n|\n|t:|1682148900\n|switch|p1b: Ting-Lu|Ting-Lu, L50|100\/100\n|-ability|p1b: Ting-Lu|Vessel of Ruin\n|detailschange|p2b: Fineas|Palafin-Hero, L50, M\n|switch|p2b: Orthworm|Orthworm, L50, M|3\/100\n|move|p2a: Iron Hands|Swords Dance|p2a: Iron Hands\n|-boost|p2a: Iron Hands|atk|2\n|move|p1a: Garganacl|Salt Cure|p2b: Orthworm\n|-resisted|p2b: Orthworm\n|-damage|p2b: Orthworm|0 fnt\n|faint|p2b: Orthworm\n|\n|upkeep\n|\n|t:|1682148912\n|switch|p2b: Fineas|Palafin-Hero, L50, M|100\/100\n|-activate|p2b: Fineas|ability: Zero to Hero\n|turn|3\n|\n|t:|1682148924\n|-terastallize|p2b: Fineas|Water\n|-terastallize|p1a: Garganacl|Ghost\n|move|p2b: Fineas|Wave Crash|p1a: Garganacl\n|-damage|p1a: Garganacl|10\/100\n|-damage|p2b: Fineas|70\/100|[from] Recoil\n|move|p2a: Iron Hands|Drain Punch|p1b: Ting-Lu\n|-supereffective|p1b: Ting-Lu\n|-damage|p1b: Ting-Lu|3\/100\n|move|p1b: Ting-Lu|Stomping Tantrum|p2a: Iron Hands\n|-supereffective|p2a: Iron Hands\n|-end|p2a: Iron Hands|Substitute\n|move|p1a: Garganacl|Salt Cure|p2b: Fineas\n|-damage|p2b: Fineas|59\/100\n|-start|p2b: Fineas|Salt Cure\n|\n|-heal|p1a: Garganacl|15\/100|[from] item: Leftovers\n|-damage|p2b: Fineas|34\/100|[from] Salt Cure\n|upkeep\n|turn|4\n|\n|t:|1682148946\n|move|p2b: Fineas|Jet Punch|p1a: Garganacl\n|-crit|p1a: Garganacl\n|-damage|p1a: Garganacl|0 fnt\n|faint|p1a: Garganacl\n|move|p2a: Iron Hands|Drain Punch|p1b: Ting-Lu\n|-supereffective|p1b: Ting-Lu\n|-damage|p1b: Ting-Lu|0 fnt\n|faint|p1b: Ting-Lu\n|\n|-damage|p2b: Fineas|9\/100|[from] Salt Cure\n|upkeep\n|\n|t:|1682148951\n|switch|p1b: Roaring Moon|Roaring Moon, L50|100\/100\n|switch|p1a: Arcanine|Arcanine, L50, M|79\/100\n|-ability|p1a: Arcanine|Intimidate|boost\n|-unboost|p2a: Iron Hands|atk|1\n|-unboost|p2b: Fineas|atk|1\n|-enditem|p1b: Roaring Moon|Booster Energy\n|-activate|p1b: Roaring Moon|ability: Protosynthesis|[fromitem]\n|-start|p1b: Roaring Moon|protosynthesisatk\n|turn|5\n|\n|t:|1682148969\n|move|p2b: Fineas|Jet Punch|p1a: Arcanine\n|-supereffective|p1a: Arcanine\n|-damage|p1a: Arcanine|0 fnt\n|faint|p1a: Arcanine\n|move|p1b: Roaring Moon|Dragon Dance|p1b: Roaring Moon\n|-boost|p1b: Roaring Moon|atk|1\n|-boost|p1b: Roaring Moon|spe|1\n|move|p2a: Iron Hands|Drain Punch|p1b: Roaring Moon\n|-supereffective|p1b: Roaring Moon\n|-damage|p1b: Roaring Moon|0 fnt\n|faint|p1b: Roaring Moon\n|-end|p1b: Roaring Moon|Protosynthesis|[silent]\n|\n|win|PixelDupe1\n|raw|beniboomer's rating: 1266 → 1245<\/strong> (-21 for losing)\n|raw|PixelDupe1's rating: 1319 → 1336<\/strong> (+17 for winning)\n|l|\u2606beniboomer\n","uploadtime":1682148980,"views":4,"p1id":"beniboomer","p2id":"pixeldupe1","formatid":"gen9vgc2023regulationc","rating":1245,"private":0,"password":""}