{"id":"gen9vgc2023regulationc-1846886500","p1":"taohuu","p2":"smolivbread","format":"[Gen 9] VGC 2023 Regulation C","log":"|j|\u2606taohuu\n|j|\u2606smolivbread\n|t:|1681896028\n|gametype|doubles\n|player|p1|taohuu|acetrainerf|1603\n|player|p2|smolivbread|266|1657\n|teamsize|p1|6\n|teamsize|p2|6\n|gen|9\n|tier|[Gen 9] VGC 2023 Regulation C\n|rated|\n|rule|Species Clause: Limit one of each Pok\u00e9mon\n|rule|Item Clause: Limit one of each item\n|clearpoke\n|poke|p1|Amoonguss, L50, M|\n|poke|p1|Annihilape, L50, F|\n|poke|p1|Ting-Lu, L50|\n|poke|p1|Arcanine, L50, F|\n|poke|p1|Iron Bundle, L50|\n|poke|p1|Flutter Mane, L50|\n|poke|p2|Gothitelle, L50, M|\n|poke|p2|Iron Hands, L50|\n|poke|p2|Flutter Mane, L50|\n|poke|p2|Gyarados, L50, F|\n|poke|p2|Ting-Lu, L50|\n|poke|p2|Amoonguss, L50, F|\n|teampreview|4\nsmolivbread has agreed to open team sheets.\n|inactive|Battle timer is ON: inactive players will automatically lose when time's up. (requested by taohuu)\n|j| jdarcan\n|\n|t:|1681896106\n|start\n|switch|p1a: Annihilape|Annihilape, L50, F|100\/100\n|switch|p1b: Flutter Mane|Flutter Mane, L50|100\/100\n|switch|p2a: Sustavo|Amoonguss, L50, F|100\/100\n|switch|p2b: Iron Hands|Iron Hands, L50|100\/100\n|turn|1\n|\n|t:|1681896124\n|-terastallize|p2b: Iron Hands|Fire\n|move|p1b: Flutter Mane|Protect|p1b: Flutter Mane\n|-singleturn|p1b: Flutter Mane|Protect\n|move|p1a: Annihilape|Bulk Up|p1a: Annihilape\n|-boost|p1a: Annihilape|atk|1\n|-boost|p1a: Annihilape|def|1\n|move|p2b: Iron Hands|Swords Dance|p2b: Iron Hands\n|-boost|p2b: Iron Hands|atk|2\n|move|p2a: Sustavo|Spore|p1a: Annihilape\n|-immune|p1a: Annihilape|[from] ability: Vital Spirit\n|\n|upkeep\n|turn|2\n|inactive|taohuu has 30 seconds left.\n|\n|t:|1681896150\n|move|p1b: Flutter Mane|Shadow Ball|p2b: Iron Hands\n|-damage|p2b: Iron Hands|68\/100\n|move|p1a: Annihilape|Drain Punch|p2b: Iron Hands\n|-damage|p2b: Iron Hands|33\/100\n|move|p2b: Iron Hands|Thunder Punch|p1a: Annihilape\n|-damage|p1a: Annihilape|41\/100\n|move|p2a: Sustavo|Spore|p1b: Flutter Mane\n|-status|p1b: Flutter Mane|slp|[from] move: Spore\n|\n|-heal|p1a: Annihilape|47\/100|[from] item: Leftovers\n|upkeep\n|turn|3\n|inactive|taohuu has 30 seconds left.\n|\n|t:|1681896176\n|-end|p1b: Flutter Mane|Protosynthesis|[silent]\n|switch|p1b: Arcanine|Arcanine, L50, F|100\/100\n|-ability|p1b: Arcanine|Intimidate|boost\n|-unboost|p2a: Sustavo|atk|1\n|-unboost|p2b: Iron Hands|atk|1\n|move|p1a: Annihilape|Protect|p1a: Annihilape\n|-singleturn|p1a: Annihilape|Protect\n|move|p2a: Sustavo|Rage Powder|p2a: Sustavo\n|-singleturn|p2a: Sustavo|move: Rage Powder\n|move|p2b: Iron Hands|Thunder Punch|p1a: Annihilape\n|-activate|p1a: Annihilape|move: Protect\n|\n|-heal|p1a: Annihilape|53\/100|[from] item: Leftovers\n|upkeep\n|turn|4\n|\n|t:|1681896193\n|move|p2a: Sustavo|Rage Powder|p2a: Sustavo\n|-singleturn|p2a: Sustavo|move: Rage Powder\n|move|p1b: Arcanine|Flare Blitz|p2a: Sustavo\n|-supereffective|p2a: Sustavo\n|-damage|p2a: Sustavo|0 fnt\n|faint|p2a: Sustavo\n|-damage|p1b: Arcanine|58\/100|[from] Recoil\n|move|p1a: Annihilape|Drain Punch|p2b: Iron Hands\n|-damage|p2b: Iron Hands|0 fnt\n|-heal|p1a: Annihilape|71\/100|[from] drain|[of] p2b: Iron Hands\n|faint|p2b: Iron Hands\n|-end|p2b: Iron Hands|Quark Drive|[silent]\n|\n|-heal|p1a: Annihilape|77\/100|[from] item: Leftovers\n|upkeep\n|\n|t:|1681896206\n|switch|p2b: Tingothy|Ting-Lu, L50|100\/100\n|switch|p2a: Flutter Mane|Flutter Mane, L50|100\/100\n|-ability|p2b: Tingothy|Vessel of Ruin\n|turn|5\n|inactive|taohuu has 30 seconds left.\n|\n|t:|1681896236\n|-terastallize|p1a: Annihilape|Water\n|move|p2a: Flutter Mane|Protect|p2a: Flutter Mane\n|-singleturn|p2a: Flutter Mane|Protect\n|move|p1b: Arcanine|Flare Blitz|p2b: Tingothy\n|-damage|p2b: Tingothy|56\/100\n|-damage|p1b: Arcanine|37\/100|[from] Recoil\n|move|p1a: Annihilape|Rage Fist|p2a: Flutter Mane\n|-activate|p2a: Flutter Mane|move: Protect\n|move|p2b: Tingothy|Earthquake|p1a: Annihilape|[spread] p1a,p1b\n|-activate|p2a: Flutter Mane|move: Protect\n|-supereffective|p1b: Arcanine\n|-damage|p1a: Annihilape|55\/100\n|-damage|p1b: Arcanine|0 fnt\n|faint|p1b: Arcanine\n|\n|-heal|p1a: Annihilape|61\/100|[from] item: Leftovers\n|upkeep\n|\n|t:|1681896246\n|switch|p1b: Iron Bundle|Iron Bundle, L50|100\/100\n|-enditem|p1b: Iron Bundle|Booster Energy\n|-activate|p1b: Iron Bundle|ability: Quark Drive|[fromitem]\n|-start|p1b: Iron Bundle|quarkdrivespe\n|turn|6\n|\n|t:|1681896268\n|move|p1b: Iron Bundle|Encore|p2a: Flutter Mane\n|-start|p2a: Flutter Mane|Encore\n|move|p2a: Flutter Mane|Protect||[still]\n|-fail|p2a: Flutter Mane\n|move|p1a: Annihilape|Drain Punch|p2b: Tingothy\n|-supereffective|p2b: Tingothy\n|-damage|p2b: Tingothy|0 fnt\n|-heal|p1a: Annihilape|93\/100|[from] drain|[of] p2b: Tingothy\n|faint|p2b: Tingothy\n|\n|-heal|p1a: Annihilape|99\/100|[from] item: Leftovers\n|upkeep\n|turn|7\n|-message|smolivbread forfeited.\n|\n|win|taohuu\n|raw|taohuu's rating: 1603 → 1626<\/strong> (+23 for winning)\n|raw|smolivbread's rating: 1657 → 1634<\/strong> (-23 for losing)\n|l|\u2606smolivbread\n","uploadtime":1681896326,"views":17,"p1id":"taohuu","p2id":"smolivbread","formatid":"gen9vgc2023regulationc","rating":1626,"private":0,"password":""}