{"id":"gen9vgc2023regulationc-1862715028","p1":"Dragopult124","p2":"Sceptililln age","format":"[Gen 9] VGC 2023 Regulation C","log":"|j|\u2606Dragopult124\n|j|\u2606Sceptililln age\n|t:|1683914723\n|gametype|doubles\n|player|p1|Dragopult124|169|1232\n|player|p2|Sceptililln age|ghetsis|1210\n|teamsize|p1|6\n|teamsize|p2|6\n|gen|9\n|tier|[Gen 9] VGC 2023 Regulation C\n|rated|\n|rule|Species Clause: Limit one of each Pok\u00e9mon\n|rule|Item Clause: Limit one of each item\n|clearpoke\n|poke|p1|Volcarona, L50, M|\n|poke|p1|Gholdengo, L50|\n|poke|p1|Great Tusk, L50|\n|poke|p1|Grimmsnarl, L50, M|\n|poke|p1|Brute Bonnet, L50|\n|poke|p1|Baxcalibur, L50, F|\n|poke|p2|Tyranitar, L50, M|\n|poke|p2|Lycanroc, L50, F|\n|poke|p2|Amoonguss, L50, F|\n|poke|p2|Palafin, L50, M|\n|poke|p2|Flutter Mane, L50|\n|poke|p2|Dragapult, L50, M|\n|teampreview|4\n|inactive|Battle timer is ON: inactive players will automatically lose when time's up. (requested by Sceptililln age)\nSceptililln age has agreed to open team sheets.\n|inactive|Dragopult124 has 60 seconds left.\n|\n|t:|1683914765\n|start\n|switch|p1a: Brute Bonnet|Brute Bonnet, L50|100\/100\n|switch|p1b: Grimmsnarl|Grimmsnarl, L50, M|100\/100\n|switch|p2a: Tyranitar|Tyranitar, L50, M|100\/100\n|switch|p2b: Lycanroc|Lycanroc, L50, F|100\/100\n|-weather|Sandstorm|[from] ability: Sand Stream|[of] p2a: Tyranitar\n|-enditem|p1a: Brute Bonnet|Booster Energy\n|-activate|p1a: Brute Bonnet|ability: Protosynthesis|[fromitem]\n|-start|p1a: Brute Bonnet|protosynthesisatk\n|turn|1\n|\n|t:|1683914787\n|-terastallize|p1a: Brute Bonnet|Poison\n|-terastallize|p2a: Tyranitar|Flying\n|move|p1b: Grimmsnarl|Reflect|p1b: Grimmsnarl\n|-sidestart|p1: Dragopult124|Reflect\n|move|p2b: Lycanroc|Rock Slide|p1b: Grimmsnarl|[spread] p1a,p1b\n|-damage|p1a: Brute Bonnet|82\/100\n|-damage|p1b: Grimmsnarl|82\/100\n|move|p1a: Brute Bonnet|Spore|p2a: Tyranitar\n|-status|p2a: Tyranitar|slp|[from] move: Spore\n|cant|p2a: Tyranitar|slp\n|\n|-weather|Sandstorm|[upkeep]\n|-damage|p1a: Brute Bonnet|75\/100|[from] Sandstorm\n|-damage|p2a: Tyranitar|95\/100 slp|[from] Sandstorm\n|-damage|p1b: Grimmsnarl|76\/100|[from] Sandstorm\n|upkeep\n|turn|2\n|\n|t:|1683914808\n|move|p2b: Lycanroc|Rock Slide|p1b: Grimmsnarl|[spread] p1a,p1b\n|-damage|p1a: Brute Bonnet|58\/100\n|-damage|p1b: Grimmsnarl|56\/100\n|move|p1a: Brute Bonnet|Seed Bomb|p2b: Lycanroc\n|-supereffective|p2b: Lycanroc\n|-enditem|p2b: Lycanroc|Focus Sash\n|-damage|p2b: Lycanroc|1\/100\n|-curestatus|p2a: Tyranitar|slp|[msg]\n|move|p2a: Tyranitar|Rock Slide|p1b: Grimmsnarl|[spread] p1b\n|-miss|p2a: Tyranitar|p1a: Brute Bonnet\n|-damage|p1b: Grimmsnarl|35\/100\n|move|p1b: Grimmsnarl|Spirit Break|p2b: Lycanroc\n|-damage|p2b: Lycanroc|0 fnt\n|faint|p2b: Lycanroc\n|\n|-weather|Sandstorm|[upkeep]\n|-damage|p1a: Brute Bonnet|51\/100|[from] Sandstorm\n|-damage|p2a: Tyranitar|89\/100|[from] Sandstorm\n|-damage|p1b: Grimmsnarl|29\/100|[from] Sandstorm\n|upkeep\n|inactive|Sceptililln age has 30 seconds left.\n|\n|t:|1683914833\n|switch|p2b: Flutter Mane|Flutter Mane, L50|100\/100\n|-enditem|p2b: Flutter Mane|Booster Energy\n|-activate|p2b: Flutter Mane|ability: Protosynthesis|[fromitem]\n|-start|p2b: Flutter Mane|protosynthesisspe\n|turn|3\n|\n|t:|1683914843\n|move|p2b: Flutter Mane|Protect|p2b: Flutter Mane\n|-singleturn|p2b: Flutter Mane|Protect\n|move|p1a: Brute Bonnet|Protect|p1a: Brute Bonnet\n|-singleturn|p1a: Brute Bonnet|Protect\n|move|p1b: Grimmsnarl|Light Screen|p1b: Grimmsnarl\n|-sidestart|p1: Dragopult124|move: Light Screen\n|move|p2a: Tyranitar|Rock Slide|p1b: Grimmsnarl|[spread] p1b\n|-activate|p1a: Brute Bonnet|move: Protect\n|-damage|p1b: Grimmsnarl|10\/100\n|\n|-weather|Sandstorm|[upkeep]\n|-damage|p2b: Flutter Mane|94\/100|[from] Sandstorm\n|-damage|p1a: Brute Bonnet|45\/100|[from] Sandstorm\n|-damage|p2a: Tyranitar|83\/100|[from] Sandstorm\n|-damage|p1b: Grimmsnarl|4\/100|[from] Sandstorm\n|upkeep\n|turn|4\n|\n|t:|1683914860\n|move|p1a: Brute Bonnet|Sucker Punch|p2b: Flutter Mane\n|-damage|p2b: Flutter Mane|0 fnt\n|faint|p2b: Flutter Mane\n|-end|p2b: Flutter Mane|Protosynthesis|[silent]\n|move|p2a: Tyranitar|Rock Slide|p1a: Brute Bonnet|[spread] p1a,p1b\n|-damage|p1a: Brute Bonnet|28\/100\n|-damage|p1b: Grimmsnarl|0 fnt\n|faint|p1b: Grimmsnarl\n|\n|-weather|Sandstorm|[upkeep]\n|-damage|p1a: Brute Bonnet|22\/100|[from] Sandstorm\n|-damage|p2a: Tyranitar|77\/100|[from] Sandstorm\n|upkeep\n|\n|t:|1683914871\n|switch|p2b: Dragapult|Dragapult, L50, M|100\/100\n|switch|p1b: Baxcalibur|Baxcalibur, L50, F|100\/100\n|turn|5\n|\n|t:|1683914880\n|move|p2b: Dragapult|Protect|p2b: Dragapult\n|-singleturn|p2b: Dragapult|Protect\n|move|p1a: Brute Bonnet|Sucker Punch||[still]\n|-fail|p1a: Brute Bonnet\n|move|p1b: Baxcalibur|Icicle Crash|p2a: Tyranitar\n|-supereffective|p2a: Tyranitar\n|-damage|p2a: Tyranitar|4\/100\n|move|p2a: Tyranitar|Rock Slide|p1a: Brute Bonnet|[spread] p1b\n|-miss|p2a: Tyranitar|p1a: Brute Bonnet\n|-supereffective|p1b: Baxcalibur\n|-damage|p1b: Baxcalibur|57\/100\n|\n|-weather|none\n|upkeep\n|turn|6\n|inactive|Sceptililln age has 30 seconds left.\n|\n|t:|1683914913\n|move|p1a: Brute Bonnet|Sucker Punch|p2b: Dragapult\n|-supereffective|p2b: Dragapult\n|-damage|p2b: Dragapult|0 fnt\n|faint|p2b: Dragapult\n|move|p1b: Baxcalibur|Icicle Crash|p2a: Tyranitar\n|-supereffective|p2a: Tyranitar\n|-damage|p2a: Tyranitar|0 fnt\n|faint|p2a: Tyranitar\n|\n|win|Dragopult124\n|raw|Dragopult124's rating: 1232 → 1255<\/strong> (+23 for winning)\n|raw|Sceptililln age's rating: 1210 → 1187<\/strong> (-23 for losing)\n|l|\u2606Sceptililln age\n","uploadtime":1683914923,"views":17,"p1id":"dragopult124","p2id":"sceptilillnage","formatid":"gen9vgc2023regulationc","rating":1187,"private":0,"password":""}