{"id":"gen9vgc2023regulationc-1856718238","p1":"marioman6444","p2":"AngelilloVGC","format":"[Gen 9] VGC 2023 Regulation C","log":"|j|\u2606marioman6444\n|j|\u2606AngelilloVGC\n|t:|1683100059\n|gametype|doubles\n|player|p1|marioman6444|hoopster|1149\n|player|p2|AngelilloVGC|roughneck-gen4|1133\n|teamsize|p1|6\n|teamsize|p2|6\n|gen|9\n|tier|[Gen 9] VGC 2023 Regulation C\n|rated|\n|rule|Species Clause: Limit one of each Pok\u00e9mon\n|rule|Item Clause: Limit one of each item\n|clearpoke\n|poke|p1|Chi-Yu, L50|\n|poke|p1|Flutter Mane, L50|\n|poke|p1|Iron Bundle, L50|\n|poke|p1|Great Tusk, L50|\n|poke|p1|Murkrow, L50, F|\n|poke|p1|Gyarados, L50, M|\n|poke|p2|Amoonguss, L50, M|\n|poke|p2|Arcanine, L50, F|\n|poke|p2|Iron Hands, L50|\n|poke|p2|Tyranitar, L50, M|\n|poke|p2|Roaring Moon, L50|\n|poke|p2|Rotom-Wash, L50|\n|teampreview|4\n|inactive|Battle timer is ON: inactive players will automatically lose when time's up. (requested by marioman6444)\n|inactive|marioman6444 has 60 seconds left.\n|inactive|AngelilloVGC has 60 seconds left.\n|inactive|marioman6444 has 30 seconds left.\n|inactive|marioman6444 has 20 seconds left.\n|\n|t:|1683100137\n|start\n|switch|p1a: GyaraDON'T|Gyarados, L50, M, shiny|100\/100\n|switch|p1b: Great Tusk|Great Tusk, L50|100\/100\n|switch|p2a: Amoonguss|Amoonguss, L50, M, shiny|100\/100\n|switch|p2b: Iron Hands|Iron Hands, L50|100\/100\n|-ability|p1a: GyaraDON'T|Intimidate|boost\n|-unboost|p2a: Amoonguss|atk|1\n|-unboost|p2b: Iron Hands|atk|1\n|turn|1\n|\n|t:|1683100152\n|-terastallize|p1a: GyaraDON'T|Electric\n|move|p2b: Iron Hands|Protect|p2b: Iron Hands\n|-singleturn|p2b: Iron Hands|Protect\n|move|p1b: Great Tusk|Headlong Rush|p2b: Iron Hands\n|-activate|p2b: Iron Hands|move: Protect\n|move|p1a: GyaraDON'T|Taunt|p2a: Amoonguss\n|-start|p2a: Amoonguss|move: Taunt\n|cant|p2a: Amoonguss|move: Taunt|Spore\n|\n|upkeep\n|turn|2\n|\n|t:|1683100176\n|move|p1b: Great Tusk|Headlong Rush|p2b: Iron Hands\n|-supereffective|p2b: Iron Hands\n|-damage|p2b: Iron Hands|1\/100\n|-unboost|p1b: Great Tusk|def|1\n|-unboost|p1b: Great Tusk|spd|1\n|-enditem|p2b: Iron Hands|Sitrus Berry|[eat]\n|-heal|p2b: Iron Hands|26\/100|[from] item: Sitrus Berry\n|move|p1a: GyaraDON'T|Whirlpool|p2a: Amoonguss\n|-resisted|p2a: Amoonguss\n|-damage|p2a: Amoonguss|96\/100\n|-activate|p2a: Amoonguss|move: Whirlpool|[of] p1a: GyaraDON'T\n|move|p2b: Iron Hands|Drain Punch|p1b: Great Tusk\n|-damage|p1b: Great Tusk|68\/100\n|-heal|p2b: Iron Hands|40\/100|[from] drain|[of] p1b: Great Tusk\n|move|p2a: Amoonguss|Pollen Puff|p2b: Iron Hands\n|-heal|p2b: Iron Hands|90\/100\n|\n|-heal|p2a: Amoonguss|100\/100|[from] item: Black Sludge\n|-damage|p2a: Amoonguss|84\/100|[from] move: Whirlpool|[partiallytrapped]\n|upkeep\n|turn|3\n|inactive|marioman6444 has 30 seconds left.\n|inactive|AngelilloVGC has 30 seconds left.\n|\n|t:|1683100209\n|switch|p1a: Chi-Yu|Chi-Yu, L50|100\/100\n|-ability|p1a: Chi-Yu|Beads of Ruin\n|move|p2b: Iron Hands|Protect|p2b: Iron Hands\n|-singleturn|p2b: Iron Hands|Protect\n|move|p1b: Great Tusk|Headlong Rush|p2b: Iron Hands\n|-activate|p2b: Iron Hands|move: Protect\n|move|p2a: Amoonguss|Pollen Puff|p1b: Great Tusk\n|-resisted|p1b: Great Tusk\n|-damage|p1b: Great Tusk|40\/100\n|\n|-heal|p2a: Amoonguss|90\/100|[from] item: Black Sludge\n|-end|p2a: Amoonguss|Whirlpool|[partiallytrapped]|[silent]\n|-end|p2a: Amoonguss|move: Taunt\n|upkeep\n|turn|4\n|inactive|AngelilloVGC has 30 seconds left.\n|\n|t:|1683100240\n|-end|p2b: Iron Hands|Quark Drive|[silent]\n|switch|p2b: Tyranitar|Tyranitar, L50, M, shiny|100\/100\n|-weather|Sandstorm|[from] ability: Sand Stream|[of] p2b: Tyranitar\n|move|p2a: Amoonguss|Rage Powder|p2a: Amoonguss\n|-singleturn|p2a: Amoonguss|move: Rage Powder\n|move|p1b: Great Tusk|Headlong Rush|p2a: Amoonguss\n|-damage|p2a: Amoonguss|41\/100\n|-unboost|p1b: Great Tusk|def|1\n|-unboost|p1b: Great Tusk|spd|1\n|move|p1a: Chi-Yu|Heat Wave|p2a: Amoonguss|[spread] p2a,p2b\n|-supereffective|p2a: Amoonguss\n|-resisted|p2b: Tyranitar\n|-damage|p2a: Amoonguss|0 fnt\n|-damage|p2b: Tyranitar|72\/100\n|faint|p2a: Amoonguss\n|\n|-weather|Sandstorm|[upkeep]\n|-damage|p1a: Chi-Yu|94\/100|[from] Sandstorm\n|upkeep\n|\n|t:|1683100254\n|switch|p2a: Roaring Moon|Roaring Moon, L50, shiny|100\/100\n|-enditem|p2a: Roaring Moon|Booster Energy\n|-activate|p2a: Roaring Moon|ability: Protosynthesis|[fromitem]\n|-start|p2a: Roaring Moon|protosynthesisatk\n|turn|5\n|\n|t:|1683100266\n|switch|p1a: GyaraDON'T|Gyarados, L50, M, shiny, tera:Electric|100\/100\n|-ability|p1a: GyaraDON'T|Intimidate|boost\n|-unboost|p2a: Roaring Moon|atk|1\n|-unboost|p2b: Tyranitar|atk|1\n|-terastallize|p2a: Roaring Moon|Flying\n|move|p1b: Great Tusk|Headlong Rush|p2b: Tyranitar\n|-supereffective|p2b: Tyranitar\n|-damage|p2b: Tyranitar|0 fnt\n|-unboost|p1b: Great Tusk|def|1\n|-unboost|p1b: Great Tusk|spd|1\n|faint|p2b: Tyranitar\n|move|p2a: Roaring Moon|Acrobatics|p1b: Great Tusk\n|-supereffective|p1b: Great Tusk\n|-damage|p1b: Great Tusk|0 fnt\n|faint|p1b: Great Tusk\n|-end|p1b: Great Tusk|Protosynthesis|[silent]\n|\n|-weather|Sandstorm|[upkeep]\n|-damage|p2a: Roaring Moon|94\/100|[from] Sandstorm\n|-damage|p1a: GyaraDON'T|95\/100|[from] Sandstorm\n|upkeep\n|\n|t:|1683100279\n|switch|p1b: Pawn|Murkrow, L50, F, shiny|100\/100\n|switch|p2b: Iron Hands|Iron Hands, L50|90\/100\n|turn|6\n|inactive|marioman6444 has 30 seconds left.\n|inactive|marioman6444 has 20 seconds left.\n|inactive|marioman6444 has 15 seconds left.\n|\n|t:|1683100321\n|move|p1b: Pawn|Tailwind|p1b: Pawn\n|-sidestart|p1: marioman6444|move: Tailwind\n|move|p1a: GyaraDON'T|Whirlpool|p2a: Roaring Moon\n|-damage|p2a: Roaring Moon|84\/100\n|-activate|p2a: Roaring Moon|move: Whirlpool|[of] p1a: GyaraDON'T\n|move|p2a: Roaring Moon|Dragon Dance|p2a: Roaring Moon\n|-boost|p2a: Roaring Moon|atk|1\n|-boost|p2a: Roaring Moon|spe|1\n|move|p2b: Iron Hands|Belly Drum|p2b: Iron Hands\n|-damage|p2b: Iron Hands|40\/100\n|-setboost|p2b: Iron Hands|atk|6|[from] move: Belly Drum\n|\n|-weather|Sandstorm|[upkeep]\n|-damage|p1a: GyaraDON'T|89\/100|[from] Sandstorm\n|-damage|p2a: Roaring Moon|78\/100|[from] Sandstorm\n|-damage|p1b: Pawn|94\/100|[from] Sandstorm\n|-damage|p2b: Iron Hands|34\/100|[from] Sandstorm\n|-damage|p2a: Roaring Moon|62\/100|[from] move: Whirlpool|[partiallytrapped]\n|upkeep\n|turn|7\n|\n|t:|1683100343\n|move|p1a: GyaraDON'T|Icy Wind|p2b: Iron Hands|[spread] p2a,p2b\n|-supereffective|p2a: Roaring Moon\n|-damage|p2a: Roaring Moon|47\/100\n|-damage|p2b: Iron Hands|28\/100\n|-unboost|p2a: Roaring Moon|spe|1\n|-unboost|p2b: Iron Hands|spe|1\n|move|p1b: Pawn|Foul Play|p2a: Roaring Moon\n|-damage|p2a: Roaring Moon|0 fnt\n|faint|p2a: Roaring Moon\n|-end|p2a: Roaring Moon|Protosynthesis|[silent]\n|move|p2b: Iron Hands|Drain Punch|p1a: GyaraDON'T\n|-damage|p1a: GyaraDON'T|0 fnt\n|-heal|p2b: Iron Hands|67\/100|[from] drain|[of] p1a: GyaraDON'T\n|faint|p1a: GyaraDON'T\n|\n|-weather|Sandstorm|[upkeep]\n|-damage|p1b: Pawn|88\/100|[from] Sandstorm\n|-damage|p2b: Iron Hands|61\/100|[from] Sandstorm\n|upkeep\n|\n|t:|1683100354\n|switch|p1a: Chi-Yu|Chi-Yu, L50|94\/100\n|-ability|p1a: Chi-Yu|Beads of Ruin\n|turn|8\n|\n|t:|1683100362\n|move|p1a: Chi-Yu|Heat Wave|p2b: Iron Hands\n|-damage|p2b: Iron Hands|0 fnt\n|faint|p2b: Iron Hands\n|-end|p2b: Iron Hands|Quark Drive|[silent]\n|\n|win|marioman6444\n|raw|marioman6444's rating: 1149 → 1173<\/strong> (+24 for winning)\n|raw|AngelilloVGC's rating: 1133 → 1109<\/strong> (-24 for losing)\n|c|\u2606marioman6444|Gg\n|l|\u2606AngelilloVGC\n","uploadtime":1683100376,"views":10,"p1id":"marioman6444","p2id":"angelillovgc","formatid":"gen9vgc2023regulationc","rating":1109,"private":0,"password":""}