{"id":"gen9vgc2023regulationc-1848833789","p1":"UnownBlackguy","p2":"p-funky","format":"[Gen 9] VGC 2023 Regulation C","log":"|j|\u2606UnownBlackguy\n|j|\u2606p-funky\n|t:|1682115428\n|gametype|doubles\n|player|p1|UnownBlackguy|169|1212\n|player|p2|p-funky|twins-gen2|1119\n|teamsize|p1|6\n|teamsize|p2|6\n|gen|9\n|tier|[Gen 9] VGC 2023 Regulation C\n|rated|\n|rule|Species Clause: Limit one of each Pok\u00e9mon\n|rule|Item Clause: Limit one of each item\n|clearpoke\n|poke|p1|Grimmsnarl, L50, M|\n|poke|p1|Amoonguss, L50, M|\n|poke|p1|Corviknight, L50, M|\n|poke|p1|Iron Hands, L50|\n|poke|p1|Ting-Lu, L50|\n|poke|p1|Gastrodon-East, L50, F|\n|poke|p2|Muk, L50, M|\n|poke|p2|Flamigo, L50, F|\n|poke|p2|Arcanine, L50, M|\n|poke|p2|Iron Bundle, L50|\n|poke|p2|Flutter Mane, L50|\n|poke|p2|Iron Moth, L50|\n|teampreview|4\n|inactive|Battle timer is ON: inactive players will automatically lose when time's up. (requested by UnownBlackguy)\n|inactive|UnownBlackguy has 60 seconds left.\n|\n|t:|1682115468\n|start\n|switch|p1a: Grimmsnarl|Grimmsnarl, L50, M|100\/100\n|switch|p1b: Amoonguss|Amoonguss, L50, M|100\/100\n|switch|p2a: Muk|Muk, L50, M|100\/100\n|switch|p2b: Iron Bundle|Iron Bundle, L50|100\/100\n|turn|1\n|\n|t:|1682115486\n|move|p1a: Grimmsnarl|Fake Out|p2b: Iron Bundle\n|-damage|p2b: Iron Bundle|85\/100\n|cant|p2b: Iron Bundle|flinch\n|move|p2a: Muk|Fire Punch|p1b: Amoonguss\n|-supereffective|p1b: Amoonguss\n|-damage|p1b: Amoonguss|69\/100\n|move|p1b: Amoonguss|Spore|p2a: Muk\n|-status|p2a: Muk|slp|[from] move: Spore\n|\n|upkeep\n|turn|2\n|inactive|UnownBlackguy has 30 seconds left.\n|\n|t:|1682115515\n|move|p1a: Grimmsnarl|Light Screen|p1a: Grimmsnarl\n|-sidestart|p1: UnownBlackguy|move: Light Screen\n|move|p2b: Iron Bundle|Freeze-Dry|p1b: Amoonguss\n|-supereffective|p1b: Amoonguss\n|-damage|p1b: Amoonguss|18\/100\n|-enditem|p1b: Amoonguss|Sitrus Berry|[eat]\n|-heal|p1b: Amoonguss|43\/100|[from] item: Sitrus Berry\n|-damage|p2b: Iron Bundle|75\/100|[from] item: Life Orb\n|cant|p2a: Muk|slp\n|move|p1b: Amoonguss|Spore|p2b: Iron Bundle\n|-status|p2b: Iron Bundle|slp|[from] move: Spore\n|\n|upkeep\n|turn|3\n|\n|t:|1682115529\n|switch|p1b: Corviknight|Corviknight, L50, M|100\/100\n|move|p1a: Grimmsnarl|Reflect|p1a: Grimmsnarl\n|-sidestart|p1: UnownBlackguy|Reflect\n|cant|p2b: Iron Bundle|slp\n|-curestatus|p2a: Muk|slp|[msg]\n|move|p2a: Muk|Minimize|p2a: Muk\n|-boost|p2a: Muk|evasion|2\n|\n|upkeep\n|turn|4\n|\n|t:|1682115544\n|-curestatus|p2b: Iron Bundle|slp|[msg]\n|move|p2b: Iron Bundle|Protect|p2b: Iron Bundle\n|-singleturn|p2b: Iron Bundle|Protect\n|move|p1b: Corviknight|Brave Bird|p2a: Muk|[miss]\n|-miss|p1b: Corviknight|p2a: Muk\n|move|p1a: Grimmsnarl|Spirit Break|p2b: Iron Bundle\n|-activate|p2b: Iron Bundle|move: Protect\n|move|p2a: Muk|Minimize|p2a: Muk\n|-boost|p2a: Muk|evasion|2\n|\n|upkeep\n|turn|5\n|inactive|p-funky has 30 seconds left.\n|\n|t:|1682115577\n|-end|p2b: Iron Bundle|Quark Drive|[silent]\n|switch|p2b: Flamigo|Flamigo, L50, F|100\/100\n|-copyboost|p2b: Flamigo|p2a: Muk|[from] ability: Costar\n|move|p1b: Corviknight|Brave Bird|p2a: Muk\n|-damage|p2a: Muk|45\/100\n|-damage|p1b: Corviknight|78\/100|[from] Recoil\n|move|p1a: Grimmsnarl|Spirit Break|p2b: Flamigo\n|-supereffective|p2b: Flamigo\n|-damage|p2b: Flamigo|20\/100\n|-unboost|p2b: Flamigo|spa|1\n|move|p2a: Muk|Minimize|p2a: Muk\n|-boost|p2a: Muk|evasion|2\n|\n|-heal|p2a: Muk|51\/100|[from] item: Leftovers\n|upkeep\n|turn|6\n|\n|t:|1682115595\n|move|p2a: Muk|Protect|p2a: Muk\n|-singleturn|p2a: Muk|Protect\n|move|p2b: Flamigo|Roost|p2b: Flamigo\n|-heal|p2b: Flamigo|70\/100\n|-singleturn|p2b: Flamigo|move: Roost\n|move|p1b: Corviknight|Brave Bird|p2a: Muk\n|-activate|p2a: Muk|move: Protect\n|move|p1a: Grimmsnarl|Spirit Break|p2b: Flamigo|[miss]\n|-miss|p1a: Grimmsnarl|p2b: Flamigo\n|\n|-heal|p2a: Muk|57\/100|[from] item: Leftovers\n|upkeep\n|turn|7\n|inactive|p-funky has 30 seconds left.\n|inactive|p-funky has 20 seconds left.\n|\n|t:|1682115634\n|move|p2b: Flamigo|Roost|p2b: Flamigo\n|-heal|p2b: Flamigo|100\/100\n|-singleturn|p2b: Flamigo|move: Roost\n|move|p1b: Corviknight|Brave Bird|p2a: Muk\n|-damage|p2a: Muk|0 fnt\n|faint|p2a: Muk\n|-damage|p1b: Corviknight|55\/100|[from] Recoil\n|move|p1a: Grimmsnarl|Spirit Break|p2b: Flamigo\n|-supereffective|p2b: Flamigo\n|-damage|p2b: Flamigo|15\/100\n|-unboost|p2b: Flamigo|spa|1\n|\n|upkeep\n|\n|t:|1682115652\n|switch|p2a: Iron Moth|Iron Moth, L50|100\/100\n|turn|8\n|\n|t:|1682115666\n|-terastallize|p1b: Corviknight|Fire\n|move|p2a: Iron Moth|Heat Wave|p1b: Corviknight|[spread] p1a,p1b\n|-resisted|p1b: Corviknight\n|-damage|p1a: Grimmsnarl|66\/100\n|-damage|p1b: Corviknight|36\/100\n|move|p2b: Flamigo|Roost|p2b: Flamigo\n|-heal|p2b: Flamigo|65\/100\n|-singleturn|p2b: Flamigo|move: Roost\n|move|p1b: Corviknight|Brave Bird|p2a: Iron Moth\n|-damage|p2a: Iron Moth|0 fnt\n|faint|p2a: Iron Moth\n|-end|p2a: Iron Moth|Quark Drive|[silent]\n|-damage|p1b: Corviknight|7\/100|[from] Recoil\n|move|p1a: Grimmsnarl|Spirit Break|p2b: Flamigo|[miss]\n|-miss|p1a: Grimmsnarl|p2b: Flamigo\n|\n|upkeep\n|\n|t:|1682115677\n|switch|p2a: Iron Bundle|Iron Bundle, L50|75\/100\n|turn|9\n|\n|t:|1682115693\n|switch|p1a: Amoonguss|Amoonguss, L50, M|77\/100\n|move|p2a: Iron Bundle|Freeze-Dry|p1a: Amoonguss\n|-supereffective|p1a: Amoonguss\n|-damage|p1a: Amoonguss|22\/100\n|-damage|p2a: Iron Bundle|66\/100|[from] item: Life Orb\n|move|p2b: Flamigo|Brave Bird|p1b: Corviknight\n|-damage|p1b: Corviknight|0 fnt\n|faint|p1b: Corviknight\n|-damage|p2b: Flamigo|63\/100|[from] Recoil\n|\n|-sideend|p1: UnownBlackguy|move: Light Screen\n|upkeep\n|\n|t:|1682115701\n|switch|p1b: Grimmsnarl|Grimmsnarl, L50, M|66\/100\n|turn|10\n|\n|t:|1682115718\n|move|p1b: Grimmsnarl|Fake Out|p2a: Iron Bundle\n|-damage|p2a: Iron Bundle|50\/100\n|cant|p2a: Iron Bundle|flinch\n|move|p2b: Flamigo|Brave Bird|p1b: Grimmsnarl\n|-damage|p1b: Grimmsnarl|6\/100\n|-damage|p2b: Flamigo|42\/100|[from] Recoil\n|move|p1a: Amoonguss|Clear Smog|p2b: Flamigo\n|-damage|p2b: Flamigo|23\/100\n|-clearboost|p2b: Flamigo\n|\n|-sideend|p1: UnownBlackguy|Reflect\n|upkeep\n|turn|11\n|\n|t:|1682115740\n|switch|p1a: Gastrodon|Gastrodon-East, L50, F|100\/100\n|move|p2a: Iron Bundle|Freeze-Dry|p1a: Gastrodon\n|-supereffective|p1a: Gastrodon\n|-damage|p1a: Gastrodon|0 fnt\n|faint|p1a: Gastrodon\n|-damage|p2a: Iron Bundle|41\/100|[from] item: Life Orb\n|move|p2b: Flamigo|Brave Bird|p1b: Grimmsnarl\n|-damage|p1b: Grimmsnarl|0 fnt\n|faint|p1b: Grimmsnarl\n|-damage|p2b: Flamigo|21\/100|[from] Recoil\n|\n|upkeep\n|\n|t:|1682115747\n|switch|p1b: Amoonguss|Amoonguss, L50, M|56\/100\n|turn|12\n|\n|t:|1682115754\n|move|p2a: Iron Bundle|Freeze-Dry|p1b: Amoonguss\n|-supereffective|p1b: Amoonguss\n|-damage|p1b: Amoonguss|0 fnt\n|faint|p1b: Amoonguss\n|-damage|p2a: Iron Bundle|31\/100|[from] item: Life Orb\n|\n|win|p-funky\n|raw|UnownBlackguy's rating: 1212 → 1180<\/strong> (-32 for losing)\n|raw|p-funky's rating: 1119 → 1151<\/strong> (+32 for winning)\n|l|\u2606UnownBlackguy\n","uploadtime":1682115765,"views":11,"p1id":"unownblackguy","p2id":"pfunky","formatid":"gen9vgc2023regulationc","rating":1151,"private":0,"password":""}