{"id":"gen9vgc2023regulationc-1850990297","p1":"AnthonyL","p2":"d_davex","format":"[Gen 9] VGC 2023 Regulation C","log":"|j|\u2606AnthonyL\n|j|\u2606d_davex\n|t:|1682390953\n|gametype|doubles\n|player|p1|AnthonyL|lucas|1304\n|player|p2|d_davex|cyclist-gen4|1258\n|teamsize|p1|6\n|teamsize|p2|6\n|gen|9\n|tier|[Gen 9] VGC 2023 Regulation C\n|rated|\n|rule|Species Clause: Limit one of each Pok\u00e9mon\n|rule|Item Clause: Limit one of each item\n|clearpoke\n|poke|p1|Garchomp, L50, M|\n|poke|p1|Gyarados, L50, F|\n|poke|p1|Amoonguss, L50, F|\n|poke|p1|Corviknight, L50, F|\n|poke|p1|Chi-Yu, L50|\n|poke|p1|Flutter Mane, L50|\n|poke|p2|Amoonguss, L50, M|\n|poke|p2|Iron Bundle, L50|\n|poke|p2|Iron Hands, L50|\n|poke|p2|Dragonite, L50, F|\n|poke|p2|Chien-Pao, L50|\n|poke|p2|Gholdengo, L50|\n|teampreview|4\nAnthonyL has agreed to open team sheets.\n|inactive|Battle timer is ON: inactive players will automatically lose when time's up. (requested by AnthonyL)\n|inactive|d_davex also wants the timer to be on.\n|inactive|AnthonyL has 60 seconds left.\n|\n|t:|1682390991\n|start\n|switch|p1a: Garchomp|Garchomp, L50, M|100\/100\n|switch|p1b: Corviknight|Corviknight, L50, F|100\/100\n|switch|p2a: Iron Hands|Iron Hands, L50|100\/100\n|switch|p2b: Amoonguss|Amoonguss, L50, M|100\/100\n|turn|1\n|\n|t:|1682391016\n|move|p1a: Garchomp|Protect|p1a: Garchomp\n|-singleturn|p1a: Garchomp|Protect\n|move|p2a: Iron Hands|Fake Out|p1a: Garchomp\n|-activate|p1a: Garchomp|move: Protect\n|move|p1b: Corviknight|Tailwind|p1b: Corviknight\n|-sidestart|p1: AnthonyL|move: Tailwind\n|move|p2b: Amoonguss|Spore|p1a: Garchomp\n|-activate|p1a: Garchomp|move: Protect\n|\n|upkeep\n|turn|2\n|\n|t:|1682391033\n|move|p1a: Garchomp|Earthquake|p2b: Amoonguss|[spread] p2a,p2b\n|-immune|p1b: Corviknight\n|-supereffective|p2a: Iron Hands\n|-damage|p2a: Iron Hands|50\/100\n|-damage|p2b: Amoonguss|67\/100\n|move|p1b: Corviknight|Brave Bird|p2b: Amoonguss\n|-supereffective|p2b: Amoonguss\n|-damage|p2b: Amoonguss|2\/100\n|-enditem|p2b: Amoonguss|Sitrus Berry|[eat]\n|-heal|p2b: Amoonguss|27\/100|[from] item: Sitrus Berry\n|-damage|p1b: Corviknight|78\/100|[from] Recoil\n|move|p2a: Iron Hands|Swords Dance|p2a: Iron Hands\n|-boost|p2a: Iron Hands|atk|2\n|move|p2b: Amoonguss|Spore|p1a: Garchomp\n|-status|p1a: Garchomp|slp|[from] move: Spore\n|\n|upkeep\n|turn|3\n|\n|t:|1682391057\n|switch|p2b: Gholdengo|Gholdengo, L50|100\/100\n|cant|p1a: Garchomp|slp\n|move|p1b: Corviknight|Brave Bird|p2b: Gholdengo\n|-resisted|p2b: Gholdengo\n|-damage|p2b: Gholdengo|82\/100\n|-damage|p1b: Corviknight|73\/100|[from] Recoil\n|move|p2a: Iron Hands|Drain Punch|p1b: Corviknight\n|-damage|p1b: Corviknight|8\/100\n|-heal|p2a: Iron Hands|78\/100|[from] drain|[of] p1b: Corviknight\n|\n|upkeep\n|turn|4\n|\n|t:|1682391079\n|cant|p1a: Garchomp|slp\n|move|p1b: Corviknight|Roost|p1b: Corviknight\n|-heal|p1b: Corviknight|58\/100\n|-singleturn|p1b: Corviknight|move: Roost\n|move|p2b: Gholdengo|Dazzling Gleam|p1b: Corviknight|[spread] p1a,p1b\n|-supereffective|p1a: Garchomp\n|-resisted|p1b: Corviknight\n|-damage|p1a: Garchomp|21\/100 slp\n|-damage|p1b: Corviknight|44\/100\n|move|p2a: Iron Hands|Drain Punch|p1a: Garchomp\n|-damage|p1a: Garchomp|0 fnt\n|-heal|p2a: Iron Hands|86\/100|[from] drain|[of] p1a: Garchomp\n|-damage|p2a: Iron Hands|74\/100|[from] ability: Rough Skin|[of] p1a: Garchomp\n|faint|p1a: Garchomp\n|\n|-sideend|p1: AnthonyL|move: Tailwind\n|upkeep\n|\n|t:|1682391084\n|switch|p1a: Chi-Yu|Chi-Yu, L50|100\/100\n|-ability|p1a: Chi-Yu|Beads of Ruin\n|turn|5\n|inactive|d_davex has 30 seconds left.\n|inactive|d_davex has 20 seconds left.\n|inactive|d_davex has 15 seconds left.\n|\n|t:|1682391126\n|-terastallize|p2a: Iron Hands|Fire\n|move|p1a: Chi-Yu|Heat Wave|p2b: Gholdengo|[spread] p2a,p2b\n|-resisted|p2a: Iron Hands\n|-supereffective|p2b: Gholdengo\n|-damage|p2a: Iron Hands|54\/100\n|-damage|p2b: Gholdengo|0 fnt\n|faint|p2b: Gholdengo\n|move|p1b: Corviknight|Brave Bird|p2a: Iron Hands\n|-damage|p2a: Iron Hands|27\/100\n|-damage|p1b: Corviknight|34\/100|[from] Recoil\n|move|p2a: Iron Hands|Drain Punch|p1b: Corviknight\n|-damage|p1b: Corviknight|0 fnt\n|-heal|p2a: Iron Hands|41\/100|[from] drain|[of] p1b: Corviknight\n|faint|p1b: Corviknight\n|\n|upkeep\n|\n|t:|1682391147\n|switch|p2b: Iron Bundle|Iron Bundle, L50|100\/100\n|switch|p1b: Flutter Mane|Flutter Mane, L50|100\/100\n|-enditem|p2b: Iron Bundle|Booster Energy\n|-activate|p2b: Iron Bundle|ability: Quark Drive|[fromitem]\n|-start|p2b: Iron Bundle|quarkdrivespe\n|-enditem|p1b: Flutter Mane|Booster Energy\n|-activate|p1b: Flutter Mane|ability: Protosynthesis|[fromitem]\n|-start|p1b: Flutter Mane|protosynthesisspe\n|turn|6\n|\n|t:|1682391162\n|move|p2b: Iron Bundle|Icy Wind|p1a: Chi-Yu|[spread] p1a,p1b\n|-resisted|p1a: Chi-Yu\n|-damage|p1a: Chi-Yu|89\/100\n|-damage|p1b: Flutter Mane|73\/100\n|-unboost|p1a: Chi-Yu|spe|1\n|-unboost|p1b: Flutter Mane|spe|1\n|move|p1b: Flutter Mane|Shadow Ball|p2a: Iron Hands\n|-damage|p2a: Iron Hands|0 fnt\n|faint|p2a: Iron Hands\n|-end|p2a: Iron Hands|Quark Drive|[silent]\n|move|p1a: Chi-Yu|Heat Wave|p2b: Iron Bundle\n|-damage|p2b: Iron Bundle|0 fnt\n|faint|p2b: Iron Bundle\n|-end|p2b: Iron Bundle|Quark Drive|[silent]\n|\n|upkeep\n|c|\u2606AnthonyL|gg\n|-message|d_davex forfeited.\n|\n|win|AnthonyL\n|raw|AnthonyL's rating: 1304 → 1321<\/strong> (+17 for winning)\n|raw|d_davex's rating: 1258 → 1236<\/strong> (-22 for losing)\n|l|\u2606d_davex\n","uploadtime":1682391179,"views":8,"p1id":"anthonyl","p2id":"ddavex","formatid":"gen9vgc2023regulationc","rating":1236,"private":0,"password":""}