{"id":"gen9vgc2023regulationc-1852480173","p1":"Pistone75","p2":"leafyarrow","format":"[Gen 9] VGC 2023 Regulation C","log":"|j|\u2606Pistone75\n|j|\u2606leafyarrow\n|t:|1682562997\n|gametype|doubles\n|player|p1|Pistone75|265|1234\n|player|p2|leafyarrow|leaf-gen3|1321\n|teamsize|p1|6\n|teamsize|p2|6\n|gen|9\n|tier|[Gen 9] VGC 2023 Regulation C\n|rated|\n|rule|Species Clause: Limit one of each Pok\u00e9mon\n|rule|Item Clause: Limit one of each item\n|clearpoke\n|poke|p1|Iron Valiant, L50|\n|poke|p1|Amoonguss, L50, F|\n|poke|p1|Tyranitar, L50, M|\n|poke|p1|Orthworm, L50, M|\n|poke|p1|Iron Bundle, L50|\n|poke|p1|Medicham, L50, F|\n|poke|p2|Flutter Mane, L50|\n|poke|p2|Palafin, L50, F|\n|poke|p2|Amoonguss, L50, F|\n|poke|p2|Ting-Lu, L50|\n|poke|p2|Arcanine, L50, F|\n|poke|p2|Jolteon, L50, M|\n|teampreview|4\nleafyarrow has agreed to open team sheets.\n|\n|t:|1682563051\n|start\n|switch|p1a: Iron Bundle|Iron Bundle, L50|100\/100\n|switch|p1b: Iron Valiant|Iron Valiant, L50|100\/100\n|switch|p2a: Flutter Mane|Flutter Mane, L50|100\/100\n|switch|p2b: Palafin|Palafin, L50, F|100\/100\n|-enditem|p1b: Iron Valiant|Booster Energy\n|-activate|p1b: Iron Valiant|ability: Quark Drive|[fromitem]\n|-start|p1b: Iron Valiant|quarkdrivespe\n|turn|1\n|\n|t:|1682563093\n|detailschange|p2b: Palafin|Palafin-Hero, L50, F\n|switch|p2b: Ting-Lu|Ting-Lu, L50|100\/100\n|-ability|p2b: Ting-Lu|Vessel of Ruin\n|move|p1b: Iron Valiant|Protect|p1b: Iron Valiant\n|-singleturn|p1b: Iron Valiant|Protect\n|move|p1a: Iron Bundle|Icy Wind|p2b: Ting-Lu|[spread] p2a,p2b\n|-supereffective|p2b: Ting-Lu\n|-damage|p2a: Flutter Mane|85\/100\n|-damage|p2b: Ting-Lu|86\/100\n|-unboost|p2a: Flutter Mane|spe|1\n|-unboost|p2b: Ting-Lu|spe|1\n|move|p2a: Flutter Mane|Moonblast|p1a: Iron Bundle\n|-damage|p1a: Iron Bundle|0 fnt\n|faint|p1a: Iron Bundle\n|-end|p1a: Iron Bundle|Quark Drive|[silent]\n|\n|upkeep\n|\n|t:|1682563112\n|switch|p1a: Tyranitar|Tyranitar, L50, M|100\/100\n|-weather|Sandstorm|[from] ability: Sand Stream|[of] p1a: Tyranitar\n|turn|2\n|\n|t:|1682563141\n|-end|p2a: Flutter Mane|Protosynthesis|[silent]\n|switch|p2a: Arcanine|Arcanine, L50, F|100\/100\n|-ability|p2a: Arcanine|Intimidate|boost\n|-unboost|p1a: Tyranitar|atk|1\n|-unboost|p1b: Iron Valiant|atk|1\n|-terastallize|p1b: Iron Valiant|Fairy\n|-terastallize|p2b: Ting-Lu|Poison\n|move|p1a: Tyranitar|Protect|p1a: Tyranitar\n|-singleturn|p1a: Tyranitar|Protect\n|move|p1b: Iron Valiant|Dazzling Gleam|p2a: Arcanine|[spread] p2a,p2b\n|-resisted|p2a: Arcanine\n|-resisted|p2b: Ting-Lu\n|-damage|p2a: Arcanine|85\/100\n|-damage|p2b: Ting-Lu|80\/100\n|move|p2b: Ting-Lu|Heavy Slam|p1b: Iron Valiant\n|-supereffective|p1b: Iron Valiant\n|-damage|p1b: Iron Valiant|20\/100\n|\n|-weather|Sandstorm|[upkeep]\n|-damage|p1b: Iron Valiant|14\/100|[from] Sandstorm\n|-damage|p2b: Ting-Lu|74\/100|[from] Sandstorm\n|upkeep\n|turn|3\n|\n|t:|1682563165\n|switch|p1a: Medicham|Medicham, L50, F|100\/100\n|move|p1b: Iron Valiant|Psychic|p2b: Ting-Lu\n|-supereffective|p2b: Ting-Lu\n|-damage|p2b: Ting-Lu|55\/100\n|move|p2a: Arcanine|Will-O-Wisp|p1a: Medicham\n|-status|p1a: Medicham|brn\n|move|p2b: Ting-Lu|Heavy Slam|p1b: Iron Valiant\n|-supereffective|p1b: Iron Valiant\n|-damage|p1b: Iron Valiant|0 fnt\n|faint|p1b: Iron Valiant\n|-end|p1b: Iron Valiant|Quark Drive|[silent]\n|\n|-weather|Sandstorm|[upkeep]\n|-damage|p1a: Medicham|95\/100 brn|[from] Sandstorm\n|-damage|p2b: Ting-Lu|49\/100|[from] Sandstorm\n|-damage|p1a: Medicham|89\/100 brn|[from] brn\n|upkeep\n|\n|t:|1682563173\n|switch|p1b: Tyranitar|Tyranitar, L50, M|100\/100\n|turn|4\n|\n|t:|1682563201\n|move|p2a: Arcanine|Protect|p2a: Arcanine\n|-singleturn|p2a: Arcanine|Protect\n|move|p1b: Tyranitar|Protect|p1b: Tyranitar\n|-singleturn|p1b: Tyranitar|Protect\n|move|p1a: Medicham|Psycho Cut|p2b: Ting-Lu\n|-supereffective|p2b: Ting-Lu\n|-damage|p2b: Ting-Lu|25\/100\n|move|p2b: Ting-Lu|Ruination|p1b: Tyranitar\n|-activate|p1b: Tyranitar|move: Protect\n|\n|-weather|Sandstorm|[upkeep]\n|-damage|p1a: Medicham|83\/100 brn|[from] Sandstorm\n|-damage|p2b: Ting-Lu|19\/100|[from] Sandstorm\n|-damage|p1a: Medicham|77\/100 brn|[from] brn\n|upkeep\n|turn|5\n|\n|t:|1682563232\n|move|p2a: Arcanine|Will-O-Wisp|p1b: Tyranitar|[miss]\n|-miss|p2a: Arcanine|p1b: Tyranitar\n|move|p1a: Medicham|Skill Swap|p1b: Tyranitar\n|-activate|p1a: Medicham|move: Skill Swap|||[of] p1b: Tyranitar\n|move|p1b: Tyranitar|Rock Slide|p2a: Arcanine|[spread] p2a,p2b\n|-supereffective|p2a: Arcanine\n|-damage|p2a: Arcanine|0 fnt\n|-damage|p2b: Ting-Lu|0 fnt\n|faint|p2a: Arcanine\n|faint|p2b: Ting-Lu\n|\n|-weather|Sandstorm|[upkeep]\n|-damage|p1a: Medicham|71\/100 brn|[from] Sandstorm\n|-damage|p1a: Medicham|65\/100 brn|[from] brn\n|upkeep\n|\n|t:|1682563245\n|switch|p2a: Palafin|Palafin-Hero, L50, F|100\/100\n|switch|p2b: Flutter Mane|Flutter Mane, L50|85\/100\n|-activate|p2a: Palafin|ability: Zero to Hero\n|turn|6\n|\n|t:|1682563256\n|move|p1b: Tyranitar|Protect|p1b: Tyranitar\n|-singleturn|p1b: Tyranitar|Protect\n|move|p2a: Palafin|Jet Punch|p1b: Tyranitar\n|-activate|p1b: Tyranitar|move: Protect\n|move|p2b: Flutter Mane|Dazzling Gleam|p1a: Medicham|[spread] p1a\n|-activate|p1b: Tyranitar|move: Protect\n|-supereffective|p1a: Medicham\n|-damage|p1a: Medicham|0 fnt\n|faint|p1a: Medicham\n|\n|-weather|none\n|upkeep\n|turn|7\n|\n|t:|1682563269\n|move|p2b: Flutter Mane|Dazzling Gleam|p1b: Tyranitar\n|-supereffective|p1b: Tyranitar\n|-damage|p1b: Tyranitar|4\/100\n|-enditem|p1b: Tyranitar|Weakness Policy\n|-boost|p1b: Tyranitar|atk|2|[from] item: Weakness Policy\n|-boost|p1b: Tyranitar|spa|2|[from] item: Weakness Policy\n|move|p2a: Palafin|Wave Crash|p1b: Tyranitar\n|-supereffective|p1b: Tyranitar\n|-damage|p1b: Tyranitar|0 fnt\n|faint|p1b: Tyranitar\n|-damage|p2a: Palafin|99\/100|[from] Recoil\n|\n|win|leafyarrow\n|raw|Pistone75's rating: 1234 → 1215<\/strong> (-19 for losing)\n|raw|leafyarrow's rating: 1321 → 1336<\/strong> (+15 for winning)\n","uploadtime":1682563281,"views":12,"p1id":"pistone75","p2id":"leafyarrow","formatid":"gen9vgc2023regulationc","rating":1215,"private":0,"password":""}