{"id":"gen9vgc2023regulationc-1851123237","p1":"Big Piss","p2":"Insertable194","format":"[Gen 9] VGC 2023 Regulation C","log":"|j|\u2606Big Piss\n|j|\u2606Insertable194\n|t:|1682413062\n|gametype|doubles\n|player|p1|Big Piss|preschooler|1478\n|player|p2|Insertable194|169|1472\n|teamsize|p1|6\n|teamsize|p2|6\n|gen|9\n|tier|[Gen 9] VGC 2023 Regulation C\n|rated|\n|rule|Species Clause: Limit one of each Pok\u00e9mon\n|rule|Item Clause: Limit one of each item\n|clearpoke\n|poke|p1|Great Tusk, L50|\n|poke|p1|Talonflame, L50, M|\n|poke|p1|Iron Bundle, L50|\n|poke|p1|Breloom, L50, F|\n|poke|p1|Flutter Mane, L50|\n|poke|p1|Farigiraf, L50, M|\n|poke|p2|Talonflame, L50, M|\n|poke|p2|Dragapult, L50, M|\n|poke|p2|Flutter Mane, L50|\n|poke|p2|Chien-Pao, L50|\n|poke|p2|Farigiraf, L50, M|\n|poke|p2|Chi-Yu, L50|\n|teampreview|4\n|inactive|Battle timer is ON: inactive players will automatically lose when time's up. (requested by Big Piss)\nInsertable194 has agreed to open team sheets.\nBig Piss has agreed to open team sheets.\n|inactive|Big Piss has 60 seconds left.\n|inactive|Insertable194 has 60 seconds left.\n|\n|t:|1682413101\n|start\n|switch|p1a: Talonflame|Talonflame, L50, M, shiny|100\/100\n|switch|p1b: Flutter Mane|Flutter Mane, L50|100\/100\n|switch|p2a: Talonflame|Talonflame, L50, M|100\/100\n|switch|p2b: Flutter Mane|Flutter Mane, L50|100\/100\n|turn|1\n|\n|t:|1682413122\n|-terastallize|p2b: Flutter Mane|Fairy\n|move|p1a: Talonflame|Tailwind|p1a: Talonflame\n|-sidestart|p1: Big Piss|move: Tailwind\n|move|p2a: Talonflame|Tailwind|p2a: Talonflame\n|-sidestart|p2: Insertable194|move: Tailwind\n|move|p1b: Flutter Mane|Shadow Ball|p2b: Flutter Mane\n|-damage|p2b: Flutter Mane|30\/100\n|move|p2b: Flutter Mane|Dazzling Gleam|p1b: Flutter Mane|[spread] p1a,p1b\n|-resisted|p1a: Talonflame\n|-damage|p1a: Talonflame|59\/100\n|-damage|p1b: Flutter Mane|27\/100\n|\n|upkeep\n|turn|2\n|\n|t:|1682413142\n|move|p1a: Talonflame|Quick Guard|p1a: Talonflame\n|-singleturn|p1a: Talonflame|Quick Guard\n|move|p2a: Talonflame|Brave Bird|p1b: Flutter Mane\n|-activate|p1b: Flutter Mane|move: Quick Guard\n|move|p1b: Flutter Mane|Shadow Ball|p2b: Flutter Mane\n|-damage|p2b: Flutter Mane|0 fnt\n|faint|p2b: Flutter Mane\n|-end|p2b: Flutter Mane|Protosynthesis|[silent]\n|\n|upkeep\n|inactive|Insertable194 has 30 seconds left.\n|\n|t:|1682413168\n|switch|p2b: Chien-Pao|Chien-Pao, L50|100\/100\n|-ability|p2b: Chien-Pao|Sword of Ruin\n|turn|3\n|\n|t:|1682413186\n|move|p1a: Talonflame|Quick Guard|p1a: Talonflame\n|-singleturn|p1a: Talonflame|Quick Guard\n|move|p2a: Talonflame|Brave Bird|p1a: Talonflame\n|-activate|p1a: Talonflame|move: Quick Guard\n|move|p2b: Chien-Pao|Ice Spinner|p1b: Flutter Mane\n|-damage|p1b: Flutter Mane|0 fnt\n|faint|p1b: Flutter Mane\n|-end|p1b: Flutter Mane|Protosynthesis|[silent]\n|\n|upkeep\n|\n|t:|1682413210\n|switch|p1b: Iron Bundle|Iron Bundle, L50|100\/100\n|turn|4\n|inactive|Insertable194 has 30 seconds left.\n|\n|t:|1682413236\n|switch|p2a: Dragapult|Dragapult, L50, M|100\/100\n|move|p1a: Talonflame|Quick Guard|p1a: Talonflame\n|-singleturn|p1a: Talonflame|Quick Guard\n|move|p1b: Iron Bundle|Icy Wind|p2b: Chien-Pao|[spread] p2a,p2b\n|-supereffective|p2a: Dragapult\n|-resisted|p2b: Chien-Pao\n|-damage|p2a: Dragapult|40\/100\n|-damage|p2b: Chien-Pao|84\/100\n|-unboost|p2b: Chien-Pao|spe|1\n|move|p2b: Chien-Pao|Ice Spinner|p1a: Talonflame\n|-damage|p1a: Talonflame|0 fnt\n|faint|p1a: Talonflame\n|\n|-sideend|p2: Insertable194|move: Tailwind\n|-sideend|p1: Big Piss|move: Tailwind\n|upkeep\n|\n|t:|1682413251\n|switch|p1a: Breloom|Breloom, L50, F, shiny|100\/100\n|turn|5\n|\n|t:|1682413265\n|move|p2b: Chien-Pao|Sucker Punch|p1b: Iron Bundle\n|-damage|p1b: Iron Bundle|48\/100\n|move|p1a: Breloom|Mach Punch|p2b: Chien-Pao\n|-supereffective|p2b: Chien-Pao\n|-damage|p2b: Chien-Pao|0 fnt\n|faint|p2b: Chien-Pao\n|move|p2a: Dragapult|Dragon Darts|p1a: Breloom\n|-damage|p1a: Breloom|37\/100\n|-anim|p2a: Dragapult|Dragon Darts|p1b: Iron Bundle\n|-damage|p1b: Iron Bundle|2\/100\n|move|p1b: Iron Bundle|Icy Wind|p2a: Dragapult\n|-supereffective|p2a: Dragapult\n|-damage|p2a: Dragapult|0 fnt\n|faint|p2a: Dragapult\n|\n|upkeep\n|\n|t:|1682413276\n|switch|p2b: Talonflame|Talonflame, L50, M|100\/100\n|turn|6\n|inactive|Big Piss has 30 seconds left.\n|\n|t:|1682413302\n|-terastallize|p1a: Breloom|Fire\n|move|p2b: Talonflame|Brave Bird|p1b: Iron Bundle\n|-damage|p1b: Iron Bundle|0 fnt\n|faint|p1b: Iron Bundle\n|-end|p1b: Iron Bundle|Quark Drive|[silent]\n|-damage|p2b: Talonflame|99\/100|[from] Recoil\n|move|p1a: Breloom|Spore|p2b: Talonflame\n|-status|p2b: Talonflame|slp|[from] move: Spore\n|\n|upkeep\n|turn|7\n|\n|t:|1682413309\n|cant|p2b: Talonflame|slp\n|move|p1a: Breloom|Bullet Seed|p2b: Talonflame\n|-resisted|p2b: Talonflame\n|-damage|p2b: Talonflame|93\/100 slp\n|-resisted|p2b: Talonflame\n|-damage|p2b: Talonflame|85\/100 slp\n|-resisted|p2b: Talonflame\n|-damage|p2b: Talonflame|77\/100 slp\n|-resisted|p2b: Talonflame\n|-damage|p2b: Talonflame|70\/100 slp\n|-hitcount|p2b: Talonflame|4\n|\n|upkeep\n|turn|8\n|\n|t:|1682413316\n|cant|p2b: Talonflame|slp\n|move|p1a: Breloom|Bullet Seed|p2b: Talonflame\n|-resisted|p2b: Talonflame\n|-damage|p2b: Talonflame|64\/100 slp\n|-resisted|p2b: Talonflame\n|-damage|p2b: Talonflame|57\/100 slp\n|-resisted|p2b: Talonflame\n|-damage|p2b: Talonflame|50\/100 slp\n|-resisted|p2b: Talonflame\n|-damage|p2b: Talonflame|43\/100 slp\n|-resisted|p2b: Talonflame\n|-damage|p2b: Talonflame|36\/100 slp\n|-hitcount|p2b: Talonflame|5\n|\n|upkeep\n|turn|9\n|\n|t:|1682413327\n|-curestatus|p2b: Talonflame|slp|[msg]\n|move|p2b: Talonflame|Brave Bird|p1a: Breloom\n|-damage|p1a: Breloom|0 fnt\n|faint|p1a: Breloom\n|-damage|p2b: Talonflame|25\/100|[from] Recoil\n|\n|win|Insertable194\n|raw|Big Piss's rating: 1478 → 1457<\/strong> (-21 for losing)\n|raw|Insertable194's rating: 1458 → 1479<\/strong> (+21 for winning)\n|l|\u2606Big Piss\n|j| kweunbi\n","uploadtime":1682413334,"views":8,"p1id":"bigpiss","p2id":"insertable194","formatid":"gen9vgc2023regulationc","rating":1457,"private":0,"password":""}