{"id":"gen9vgc2023regulationc-1864370711","p1":"Blood87","p2":"revocolombia","format":"[Gen 9] VGC 2023 Regulation C","log":"|j|\u2606Blood87\n|j|\u2606revocolombia\n|t:|1684160431\n|gametype|doubles\n|player|p1|Blood87|harlequin|1358\n|player|p2|revocolombia|pokemonranger-gen4|1335\n|teamsize|p1|6\n|teamsize|p2|6\n|gen|9\n|tier|[Gen 9] VGC 2023 Regulation C\n|rated|\n|rule|Species Clause: Limit one of each Pok\u00e9mon\n|rule|Item Clause: Limit one of each item\n|clearpoke\n|poke|p1|Talonflame, L50, M|\n|poke|p1|Flutter Mane, L50|\n|poke|p1|Iron Bundle, L50|\n|poke|p1|Chien-Pao, L50|\n|poke|p1|Chi-Yu, L50|\n|poke|p1|Great Tusk, L50|\n|poke|p2|Flutter Mane, L50|\n|poke|p2|Annihilape, L50, M|\n|poke|p2|Dragonite, L50, F|\n|poke|p2|Chien-Pao, L50|\n|poke|p2|Murkrow, L50, M|\n|poke|p2|Rotom-Wash, L50|\n|teampreview|4\n|\n|t:|1684160466\n|start\n|switch|p1a: Talonflame|Talonflame, L50, M|100\/100\n|switch|p1b: Chi-Yu|Chi-Yu, L50|100\/100\n|switch|p2a: Rotom|Rotom-Wash, L50|100\/100\n|switch|p2b: Murkrow|Murkrow, L50, M|100\/100\n|-ability|p1b: Chi-Yu|Beads of Ruin\n|turn|1\n|inactive|Battle timer is ON: inactive players will automatically lose when time's up. (requested by Blood87)\n|\n|t:|1684160511\n|-terastallize|p1b: Chi-Yu|Water\n|move|p1a: Talonflame|Tailwind|p1a: Talonflame\n|-sidestart|p1: Blood87|move: Tailwind\n|move|p1b: Chi-Yu|Nasty Plot|p1b: Chi-Yu\n|-boost|p1b: Chi-Yu|spa|2\n|move|p2a: Rotom|Trick|p1b: Chi-Yu\n|-activate|p2a: Rotom|move: Trick|[of] p1b: Chi-Yu\n|-item|p1b: Chi-Yu|Choice Specs|[from] move: Trick\n|-item|p2a: Rotom|Leftovers|[from] move: Trick\n|move|p2b: Murkrow|Foul Play|p1a: Talonflame\n|-damage|p1a: Talonflame|65\/100\n|\n|upkeep\n|turn|2\n|inactive|Blood87 has 30 seconds left.\n|inactive|Blood87 has 20 seconds left.\n|\n|t:|1684160548\n|move|p2b: Murkrow|Haze|p2b: Murkrow\n|-clearallboost\n|move|p1a: Talonflame|Will-O-Wisp|p2b: Murkrow\n|-status|p2b: Murkrow|brn\n|move|p1b: Chi-Yu|Dark Pulse|p2a: Rotom\n|-damage|p2a: Rotom|0 fnt\n|faint|p2a: Rotom\n|\n|-damage|p2b: Murkrow|95\/100 brn|[from] brn\n|upkeep\n|inactive|revocolombia has 30 seconds left.\n|inactive|revocolombia has 20 seconds left.\n|\n|t:|1684160588\n|switch|p2a: Annihilape|Annihilape, L50, M, shiny|100\/100\n|turn|3\n|\n|t:|1684160596\n|-terastallize|p2a: Annihilape|Fire\n|move|p2b: Murkrow|Tailwind|p2b: Murkrow\n|-sidestart|p2: revocolombia|move: Tailwind\n|move|p1a: Talonflame|Will-O-Wisp|p2a: Annihilape\n|-immune|p2a: Annihilape\n|move|p1b: Chi-Yu|Dark Pulse|p2a: Annihilape\n|-damage|p2a: Annihilape|27\/100\n|move|p2a: Annihilape|Bulk Up|p2a: Annihilape\n|-boost|p2a: Annihilape|atk|1\n|-boost|p2a: Annihilape|def|1\n|\n|-heal|p2a: Annihilape|33\/100|[from] item: Leftovers\n|-damage|p2b: Murkrow|89\/100 brn|[from] brn\n|upkeep\n|turn|4\n|inactive|revocolombia has 30 seconds left.\n|\n|t:|1684160625\n|move|p2a: Annihilape|Protect|p2a: Annihilape\n|-singleturn|p2a: Annihilape|Protect\n|move|p2b: Murkrow|Taunt|p1a: Talonflame\n|-start|p1a: Talonflame|move: Taunt\n|cant|p1a: Talonflame|move: Taunt|Taunt\n|move|p1b: Chi-Yu|Dark Pulse|p2a: Annihilape\n|-activate|p2a: Annihilape|move: Protect\n|\n|-heal|p2a: Annihilape|39\/100|[from] item: Leftovers\n|-damage|p2b: Murkrow|83\/100 brn|[from] brn\n|-sideend|p1: Blood87|move: Tailwind\n|upkeep\n|turn|5\n|inactive|revocolombia has 30 seconds left.\n|inactive|revocolombia has 20 seconds left.\n|inactive|revocolombia has 15 seconds left.\n|\n|t:|1684160666\n|move|p2a: Annihilape|Rage Fist|p1b: Chi-Yu\n|-damage|p1b: Chi-Yu|30\/100\n|move|p2b: Murkrow|Foul Play|p1a: Talonflame\n|-damage|p1a: Talonflame|47\/100\n|move|p1a: Talonflame|Brave Bird|p2a: Annihilape\n|-damage|p2a: Annihilape|13\/100\n|-damage|p1a: Talonflame|37\/100|[from] Recoil\n|move|p1b: Chi-Yu|Dark Pulse|p2a: Annihilape\n|-damage|p2a: Annihilape|0 fnt\n|faint|p2a: Annihilape\n|\n|-damage|p2b: Murkrow|77\/100 brn|[from] brn\n|upkeep\n|\n|t:|1684160682\n|switch|p2a: Flutter Mane|Flutter Mane, L50|100\/100\n|-enditem|p2a: Flutter Mane|Booster Energy\n|-activate|p2a: Flutter Mane|ability: Protosynthesis|[fromitem]\n|-start|p2a: Flutter Mane|protosynthesisspe\n|turn|6\n|inactive|Blood87 has 30 seconds left.\n|\n|t:|1684160714\n|move|p2a: Flutter Mane|Dazzling Gleam|p1a: Talonflame|[spread] p1a,p1b\n|-resisted|p1a: Talonflame\n|-damage|p1a: Talonflame|9\/100\n|-damage|p1b: Chi-Yu|0 fnt\n|faint|p1b: Chi-Yu\n|move|p2b: Murkrow|Foul Play|p1a: Talonflame\n|-damage|p1a: Talonflame|0 fnt\n|faint|p1a: Talonflame\n|\n|-damage|p2b: Murkrow|71\/100 brn|[from] brn\n|-sideend|p2: revocolombia|move: Tailwind\n|upkeep\n|\n|t:|1684160726\n|switch|p1a: Flutter Mane|Flutter Mane, L50|100\/100\n|switch|p1b: Iron Bundle|Iron Bundle, L50|100\/100\n|-enditem|p1b: Iron Bundle|Booster Energy\n|-activate|p1b: Iron Bundle|ability: Quark Drive|[fromitem]\n|-start|p1b: Iron Bundle|quarkdrivespe\n|turn|7\n|\n|t:|1684160736\n|move|p2b: Murkrow|Tailwind|p2b: Murkrow\n|-sidestart|p2: revocolombia|move: Tailwind\n|move|p2a: Flutter Mane|Shadow Ball|p1a: Flutter Mane\n|-supereffective|p1a: Flutter Mane\n|-damage|p1a: Flutter Mane|25\/100\n|move|p1b: Iron Bundle|Icy Wind|p2b: Murkrow|[spread] p2b\n|-miss|p1b: Iron Bundle|p2a: Flutter Mane\n|-supereffective|p2b: Murkrow\n|-damage|p2b: Murkrow|31\/100 brn\n|-unboost|p2b: Murkrow|spe|1\n|move|p1a: Flutter Mane|Dazzling Gleam|p2b: Murkrow|[spread] p2a,p2b\n|-supereffective|p2b: Murkrow\n|-damage|p2a: Flutter Mane|54\/100\n|-damage|p2b: Murkrow|0 fnt\n|faint|p2b: Murkrow\n|\n|upkeep\n|turn|8\n|inactive|revocolombia has 30 seconds left.\n|\n|t:|1684160768\n|move|p2a: Flutter Mane|Dazzling Gleam|p1a: Flutter Mane|[spread] p1a,p1b\n|-damage|p1a: Flutter Mane|0 fnt\n|-damage|p1b: Iron Bundle|41\/100\n|faint|p1a: Flutter Mane\n|-end|p1a: Flutter Mane|Protosynthesis|[silent]\n|move|p1b: Iron Bundle|Hydro Pump|p2a: Flutter Mane\n|-crit|p2a: Flutter Mane\n|-damage|p2a: Flutter Mane|0 fnt\n|faint|p2a: Flutter Mane\n|-end|p2a: Flutter Mane|Protosynthesis|[silent]\n|\n|win|Blood87\n|raw|Blood87's rating: 1358 → 1377<\/strong> (+19 for winning)\n|raw|revocolombia's rating: 1335 → 1316<\/strong> (-19 for losing)\n","uploadtime":1684160779,"views":4,"p1id":"blood87","p2id":"revocolombia","formatid":"gen9vgc2023regulationc","rating":1316,"private":0,"password":""}