{"id":"gen9vgc2023regulationc-1862694836","p1":"sejuntest","p2":"letlara","format":"[Gen 9] VGC 2023 Regulation C","log":"|j|\u2606sejuntest\n|j|\u2606letlara\n|t:|1683912892\n|gametype|doubles\n|player|p1|sejuntest|102|\n|player|p2|letlara|1|\n|teamsize|p1|6\n|teamsize|p2|6\n|gen|9\n|tier|[Gen 9] VGC 2023 Regulation C\n|rule|Tera Type Preview: Tera Types are shown at Team Preview\n|rule|Species Clause: Limit one of each Pok\u00e9mon\n|rule|Item Clause: Limit one of each item\n|clearpoke\n|poke|p1|Scream Tail, L50|\n|poke|p1|Dragapult, L50, F|\n|poke|p1|Iron Hands, L50|\n|poke|p1|Bisharp, L50, F|\n|poke|p1|Palafin, L50, M|\n|poke|p1|Volcarona, L50, M|\n|poke|p2|Dragonite, L50, F|\n|poke|p2|Palafin, L50, M|\n|poke|p2|Iron Valiant, L50|\n|poke|p2|Krookodile, L50, F|\n|poke|p2|Gengar, L50, F|\n|poke|p2|Lycanroc, L50, M|\n|teampreview|4\n|raw|sejuntest's Tera Types: \/ \/ \/ \/ \/ \n|raw|letlara's Tera Types: \/ \/ \/ \/ \/ \n|inactive|Battle timer is ON: inactive players will automatically lose when time's up. (requested by letlara)\n|c|\u2606sejuntest|g2\n|c|\u2606sejuntest|stop timer?\n|inactive|sejuntest has 60 seconds left.\n|inactive|letlara has 60 seconds left.\n|inactiveoff|Battle timer is now OFF.\n|j| Orangex733\n|c|\u2606sejuntest|now we go here\n|c|\u2606letlara|yeah\n|j| tzarii\n|\n|t:|1683913147\n|start\n|switch|p1a: Scream Tail|Scream Tail, L50|100\/100\n|switch|p1b: Bisharp|Bisharp, L50, F|100\/100\n|switch|p2a: Palafin|Palafin, L50, M|100\/100\n|switch|p2b: Gengar|Gengar, L50, F|100\/100\n|turn|1\n|c|\u2606sejuntest|glhf\n|c|\u2606letlara|glhf\n|\n|t:|1683913173\n|-terastallize|p1a: Scream Tail|Steel\n|move|p2b: Gengar|Shadow Ball|p1a: Scream Tail\n|-damage|p1a: Scream Tail|51\/100\n|move|p2a: Palafin|Flip Turn|p1a: Scream Tail\n|-damage|p1a: Scream Tail|30\/100\n|-damage|p2a: Palafin|91\/100|[from] item: Life Orb\n|\n|t:|1683913184\n|detailschange|p2a: Palafin|Palafin-Hero, L50, M\n|switch|p2a: Lycanroc|Lycanroc, L50, M|100\/100|[from] Flip Turn\n|move|p1b: Bisharp|Swords Dance|p1b: Bisharp\n|-boost|p1b: Bisharp|atk|2\n|move|p1a: Scream Tail|Trick Room|p1a: Scream Tail\n|-fieldstart|move: Trick Room|[of] p1a: Scream Tail\n|\n|-heal|p1a: Scream Tail|36\/100|[from] item: Leftovers\n|upkeep\n|turn|2\n|\n|t:|1683913203\n|move|p1b: Bisharp|Sucker Punch|p2b: Gengar\n|-supereffective|p2b: Gengar\n|-damage|p2b: Gengar|0 fnt\n|-start|p1b: Bisharp|Disable|Sucker Punch|[from] ability: Cursed Body|[of] p2b: Gengar\n|faint|p2b: Gengar\n|move|p1a: Scream Tail|Dazzling Gleam|p2a: Lycanroc\n|-damage|p2a: Lycanroc|60\/100\n|move|p2a: Lycanroc|Rock Slide|p1a: Scream Tail|[spread] p1a,p1b\n|-resisted|p1a: Scream Tail\n|-resisted|p1b: Bisharp\n|-damage|p1a: Scream Tail|27\/100\n|-damage|p1b: Bisharp|93\/100\n|\n|-heal|p1a: Scream Tail|32\/100|[from] item: Leftovers\n|upkeep\n|\n|t:|1683913218\n|switch|p2b: Dragonite|Dragonite, L50, F|100\/100\n|turn|3\n|\n|t:|1683913229\n|-terastallize|p2b: Dragonite|Normal\n|move|p1b: Bisharp|Iron Head|p2a: Lycanroc\n|-supereffective|p2a: Lycanroc\n|-damage|p2a: Lycanroc|0 fnt\n|faint|p2a: Lycanroc\n|move|p1a: Scream Tail|Dazzling Gleam|p2b: Dragonite\n|-damage|p2b: Dragonite|88\/100\n|move|p2b: Dragonite|Earthquake|p1b: Bisharp|[spread] p1a,p1b\n|-supereffective|p1a: Scream Tail\n|-supereffective|p1b: Bisharp\n|-crit|p1b: Bisharp\n|-damage|p1a: Scream Tail|0 fnt\n|-damage|p1b: Bisharp|28\/100\n|faint|p1a: Scream Tail\n|-end|p1a: Scream Tail|Protosynthesis|[silent]\n|\n|upkeep\n|\n|t:|1683913257\n|switch|p1a: Iron Hands|Iron Hands, L50|100\/100\n|switch|p2a: Palafin|Palafin-Hero, L50, M|91\/100\n|-activate|p2a: Palafin|ability: Zero to Hero\n|turn|4\n|\n|t:|1683913280\n|move|p1a: Iron Hands|Fake Out|p2a: Palafin\n|-damage|p2a: Palafin|75\/100\n|move|p1b: Bisharp|Brick Break|p2b: Dragonite\n|-supereffective|p2b: Dragonite\n|-damage|p2b: Dragonite|0 fnt\n|faint|p2b: Dragonite\n|cant|p2a: Palafin|flinch\n|\n|upkeep\n|turn|5\n|\n|t:|1683913293\n|move|p1a: Iron Hands|Wild Charge|p2a: Palafin\n|-supereffective|p2a: Palafin\n|-damage|p2a: Palafin|0 fnt\n|faint|p2a: Palafin\n|-damage|p1a: Iron Hands|88\/100|[from] Recoil\n|\n|win|sejuntest\n|c|\u2606sejuntest|gg\n|c|\u2606letlara|gg\n|c|\u2606sejuntest|no need for g3\n|c|\u2606letlara|no\n|l| Orangex733\n|c|\u2606letlara|i misplayed that\n","uploadtime":1683913413,"views":15,"p1id":"sejuntest","p2id":"letlara","formatid":"gen9vgc2023regulationc","rating":0,"private":0,"password":""}