{"id":"gen9vgc2023regulationc-1848851238","p1":"dotcubus","p2":"Ladd Proper","format":"[Gen 9] VGC 2023 Regulation C","log":"|j|\u2606dotcubus\n|j|\u2606Ladd Proper\n|t:|1682117476\n|gametype|doubles\n|player|p1|dotcubus|skyla|1237\n|player|p2|Ladd Proper|richboy-gen4|1272\n|teamsize|p1|6\n|teamsize|p2|6\n|gen|9\n|tier|[Gen 9] VGC 2023 Regulation C\n|rated|\n|rule|Species Clause: Limit one of each Pok\u00e9mon\n|rule|Item Clause: Limit one of each item\n|clearpoke\n|poke|p1|Orthworm, L50, M|\n|poke|p1|Talonflame, L50, F|\n|poke|p1|Great Tusk, L50|\n|poke|p1|Flutter Mane, L50|\n|poke|p1|Chi-Yu, L50|\n|poke|p1|Iron Bundle, L50|\n|poke|p2|Azumarill, L50, F|\n|poke|p2|Farigiraf, L50, M|\n|poke|p2|Pelipper, L50, M|\n|poke|p2|Maushold-Four, L50|\n|poke|p2|Annihilape, L50, M|\n|poke|p2|Iron Hands, L50|\n|teampreview|4\n|\n|t:|1682117520\n|start\n|switch|p1a: Talonflame|Talonflame, L50, F|100\/100\n|switch|p1b: Great Tusk|Great Tusk, L50|100\/100\n|switch|p2a: Iron Hands|Iron Hands, L50|100\/100\n|switch|p2b: Azumarill|Azumarill, L50, F|100\/100\n|turn|1\n|\n|t:|1682117559\n|-terastallize|p1b: Great Tusk|Steel\n|-terastallize|p2b: Azumarill|Water\n|move|p2a: Iron Hands|Fake Out|p1b: Great Tusk\n|-resisted|p1b: Great Tusk\n|-damage|p1b: Great Tusk|94\/100\n|move|p1a: Talonflame|Tailwind|p1a: Talonflame\n|-sidestart|p1: dotcubus|move: Tailwind\n|cant|p1b: Great Tusk|flinch\n|move|p2b: Azumarill|Liquidation|p1a: Talonflame\n|-supereffective|p1a: Talonflame\n|-damage|p1a: Talonflame|0 fnt\n|faint|p1a: Talonflame\n|\n|upkeep\n|\n|t:|1682117573\n|switch|p1a: Orthworm|Orthworm, L50, M, shiny|100\/100\n|turn|2\n|\n|t:|1682117593\n|-end|p2a: Iron Hands|Quark Drive|[silent]\n|switch|p2a: Pelipper|Pelipper, L50, M|100\/100\n|-weather|RainDance|[from] ability: Drizzle|[of] p2a: Pelipper\n|move|p1b: Great Tusk|Earthquake|p2a: Pelipper|[spread] p2b\n|-immune|p1a: Orthworm|[from] ability: Earth Eater\n|-immune|p2a: Pelipper\n|-damage|p2b: Azumarill|62\/100\n|move|p1a: Orthworm|Iron Defense|p1a: Orthworm\n|-boost|p1a: Orthworm|def|2\n|move|p2b: Azumarill|Liquidation|p1a: Orthworm\n|-damage|p1a: Orthworm|60\/100\n|\n|-weather|RainDance|[upkeep]\n|upkeep\n|turn|3\n|\n|t:|1682117626\n|-end|p1b: Great Tusk|Protosynthesis|[silent]\n|switch|p1b: Flutter Mane|Flutter Mane, L50|100\/100\n|switch|p2b: Annihilape|Annihilape, L50, M|100\/100\n|move|p1a: Orthworm|Body Press|p2b: Annihilape\n|-immune|p2b: Annihilape\n|move|p2a: Pelipper|Hydro Pump|p1a: Orthworm|[miss]\n|-miss|p2a: Pelipper|p1a: Orthworm\n|\n|-weather|RainDance|[upkeep]\n|upkeep\n|turn|4\n|\n|t:|1682117654\n|move|p2b: Annihilape|Protect|p2b: Annihilape\n|-singleturn|p2b: Annihilape|Protect\n|move|p1b: Flutter Mane|Shadow Ball|p2b: Annihilape\n|-activate|p2b: Annihilape|move: Protect\n|move|p1a: Orthworm|Heavy Slam|p2b: Annihilape\n|-activate|p2b: Annihilape|move: Protect\n|move|p2a: Pelipper|Hydro Pump|p1a: Orthworm\n|-damage|p1a: Orthworm|0 fnt\n|faint|p1a: Orthworm\n|\n|-weather|RainDance|[upkeep]\n|-sideend|p1: dotcubus|move: Tailwind\n|upkeep\n|\n|t:|1682117666\n|switch|p1a: Great Tusk|Great Tusk, L50, tera:Steel|94\/100\n|turn|5\n|\n|t:|1682117684\n|switch|p2b: Azumarill|Azumarill, L50, F, tera:Water|62\/100\n|move|p1a: Great Tusk|Rock Slide|p2a: Pelipper|[spread] p2a,p2b\n|-supereffective|p2a: Pelipper\n|-damage|p2a: Pelipper|60\/100\n|-damage|p2b: Azumarill|42\/100\n|-enditem|p2b: Azumarill|Sitrus Berry|[eat]\n|-heal|p2b: Azumarill|67\/100|[from] item: Sitrus Berry\n|move|p1b: Flutter Mane|Shadow Ball|p2b: Azumarill\n|-damage|p2b: Azumarill|0 fnt\n|faint|p2b: Azumarill\n|move|p2a: Pelipper|Hydro Pump|p1a: Great Tusk\n|-damage|p1a: Great Tusk|0 fnt\n|faint|p1a: Great Tusk\n|-end|p1a: Great Tusk|Protosynthesis|[silent]\n|\n|-weather|RainDance|[upkeep]\n|upkeep\n|\n|t:|1682117700\n|switch|p2b: Annihilape|Annihilape, L50, M|100\/100\n|turn|6\n|\n|t:|1682117714\n|switch|p2a: Iron Hands|Iron Hands, L50|100\/100\n|move|p2b: Annihilape|Protect|p2b: Annihilape\n|-singleturn|p2b: Annihilape|Protect\n|move|p1b: Flutter Mane|Shadow Ball|p2a: Iron Hands\n|-damage|p2a: Iron Hands|66\/100\n|\n|-weather|none\n|upkeep\n|turn|7\n|\n|t:|1682117732\n|move|p1b: Flutter Mane|Shadow Ball|p2b: Annihilape\n|-supereffective|p2b: Annihilape\n|-damage|p2b: Annihilape|0 fnt\n|faint|p2b: Annihilape\n|move|p2a: Iron Hands|Thunder Punch|p1b: Flutter Mane\n|-damage|p1b: Flutter Mane|1\/100\n|\n|upkeep\n|\n|t:|1682117739\n|switch|p2b: Pelipper|Pelipper, L50, M|60\/100\n|-weather|RainDance|[from] ability: Drizzle|[of] p2b: Pelipper\n|turn|8\n|\n|t:|1682117746\n|move|p1b: Flutter Mane|Shadow Ball|p2b: Pelipper\n|-damage|p2b: Pelipper|0 fnt\n|faint|p2b: Pelipper\n|move|p2a: Iron Hands|Thunder Punch|p1b: Flutter Mane\n|-damage|p1b: Flutter Mane|0 fnt\n|faint|p1b: Flutter Mane\n|-end|p1b: Flutter Mane|Protosynthesis|[silent]\n|\n|win|Ladd Proper\n|raw|dotcubus's rating: 1237 → 1215<\/strong> (-22 for losing)\n|raw|Ladd Proper's rating: 1272 → 1294<\/strong> (+22 for winning)\n|l|\u2606Ladd Proper\n","uploadtime":1682117759,"views":7,"p1id":"dotcubus","p2id":"laddproper","formatid":"gen9vgc2023regulationc","rating":1215,"private":0,"password":""}