{"id":"gen9vgc2023regulationc-1856439891","p1":"N3rdSl4y3r","p2":"halotowers","format":"[Gen 9] VGC 2023 Regulation C","log":"|j|\u2606N3rdSl4y3r\n|j|\u2606halotowers\n|t:|1683061753\n|gametype|doubles\n|player|p1|N3rdSl4y3r|rika|\n|player|p2|halotowers|acetrainersnow|\n|teamsize|p1|6\n|teamsize|p2|6\n|gen|9\n|tier|[Gen 9] VGC 2023 Regulation C\n|rule|Species Clause: Limit one of each Pok\u00e9mon\n|rule|Item Clause: Limit one of each item\n|clearpoke\n|poke|p1|Breloom, L50, M|\n|poke|p1|Chi-Yu, L50|\n|poke|p1|Azumarill, L50, M|\n|poke|p1|Baxcalibur, L50, F|\n|poke|p1|Flutter Mane, L50|\n|poke|p1|Maushold-Four, L50|\n|poke|p2|Chi-Yu, L50|\n|poke|p2|Flutter Mane, L50|\n|poke|p2|Iron Bundle, L50|\n|poke|p2|Annihilape, L50, M|\n|poke|p2|Murkrow, L50, M|\n|poke|p2|Great Tusk, L50|\n|teampreview|4\nhalotowers has agreed to open team sheets.\nN3rdSl4y3r has agreed to open team sheets.\n|\n|t:|1683061820\n|start\n|switch|p1a: Hovering Cane|Flutter Mane, L50|100\/100\n|switch|p1b: Jorunna Parva|Azumarill, L50, M, shiny|100\/100\n|switch|p2a: Murkrow|Murkrow, L50, M|100\/100\n|switch|p2b: Great Tusk|Great Tusk, L50|100\/100\n|-enditem|p1a: Hovering Cane|Booster Energy\n|-activate|p1a: Hovering Cane|ability: Protosynthesis|[fromitem]\n|-start|p1a: Hovering Cane|protosynthesisspa\n|turn|1\n|\n|t:|1683061872\n|-terastallize|p2b: Great Tusk|Steel\n|move|p1a: Hovering Cane|Protect|p1a: Hovering Cane\n|-singleturn|p1a: Hovering Cane|Protect\n|move|p2a: Murkrow|Sunny Day|p2a: Murkrow\n|-weather|SunnyDay\n|-activate|p2b: Great Tusk|ability: Protosynthesis\n|-start|p2b: Great Tusk|protosynthesisatk\n|move|p2b: Great Tusk|Earthquake|p1a: Hovering Cane|[spread] p1b\n|-activate|p1a: Hovering Cane|move: Protect\n|-immune|p2a: Murkrow\n|-damage|p1b: Jorunna Parva|46\/100\n|-enditem|p1b: Jorunna Parva|Sitrus Berry|[eat]\n|-heal|p1b: Jorunna Parva|71\/100|[from] item: Sitrus Berry\n|move|p1b: Jorunna Parva|Play Rough|p2b: Great Tusk\n|-resisted|p2b: Great Tusk\n|-damage|p2b: Great Tusk|79\/100\n|\n|-weather|SunnyDay|[upkeep]\n|upkeep\n|turn|2\n|\n|t:|1683061894\n|switch|p1b: GOAT|Breloom, L50, M, shiny|100\/100\n|move|p2b: Great Tusk|Earthquake|p1a: Hovering Cane|[spread] p1a,p1b\n|-immune|p2a: Murkrow\n|-resisted|p1b: GOAT\n|-damage|p1a: Hovering Cane|16\/100\n|-damage|p1b: GOAT|59\/100\n|move|p1a: Hovering Cane|Shadow Ball|p2b: Great Tusk\n|-damage|p2b: Great Tusk|0 fnt\n|faint|p2b: Great Tusk\n|-end|p2b: Great Tusk|Protosynthesis|[silent]\n|move|p2a: Murkrow|Foul Play|p1b: GOAT\n|-resisted|p1b: GOAT\n|-damage|p1b: GOAT|19\/100\n|\n|-weather|SunnyDay|[upkeep]\n|upkeep\n|\n|t:|1683061912\n|switch|p2b: Chi-Yu|Chi-Yu, L50|100\/100\n|-ability|p2b: Chi-Yu|Beads of Ruin\n|turn|3\n|\n|t:|1683061919\n|move|p1b: GOAT|Protect|p1b: GOAT\n|-singleturn|p1b: GOAT|Protect\n|move|p2a: Murkrow|Tailwind|p2a: Murkrow\n|-sidestart|p2: halotowers|move: Tailwind\n|move|p2b: Chi-Yu|Heat Wave|p1b: GOAT|[spread] p1a\n|-activate|p1b: GOAT|move: Protect\n|-damage|p1a: Hovering Cane|0 fnt\n|faint|p1a: Hovering Cane\n|-end|p1a: Hovering Cane|Protosynthesis|[silent]\n|-damage|p2b: Chi-Yu|91\/100|[from] item: Life Orb\n|\n|-weather|SunnyDay|[upkeep]\n|upkeep\n|\n|t:|1683061935\n|switch|p1a: Jorunna Parva|Azumarill, L50, M, shiny|71\/100\n|turn|4\n|\n|t:|1683061967\n|switch|p1b: Chi-Nuke|Chi-Yu, L50|100\/100\n|-ability|p1b: Chi-Nuke|Beads of Ruin\n|move|p2b: Chi-Yu|Heat Wave|p1b: Chi-Nuke|[spread] p1a\n|-miss|p2b: Chi-Yu|p1b: Chi-Nuke\n|-resisted|p1a: Jorunna Parva\n|-damage|p1a: Jorunna Parva|19\/100\n|-damage|p2b: Chi-Yu|81\/100|[from] item: Life Orb\n|move|p2a: Murkrow|Foul Play|p1a: Jorunna Parva\n|-resisted|p1a: Jorunna Parva\n|-damage|p1a: Jorunna Parva|2\/100\n|move|p1a: Jorunna Parva|Play Rough|p2a: Murkrow\n|-supereffective|p2a: Murkrow\n|-damage|p2a: Murkrow|0 fnt\n|faint|p2a: Murkrow\n|\n|-weather|SunnyDay|[upkeep]\n|upkeep\n|\n|t:|1683061985\n|switch|p2a: Flutter Mane|Flutter Mane, L50, shiny|100\/100\n|-activate|p2a: Flutter Mane|ability: Protosynthesis\n|-start|p2a: Flutter Mane|protosynthesisspe\n|turn|5\n|\n|t:|1683061998\n|-terastallize|p1b: Chi-Nuke|Fire\n|move|p2a: Flutter Mane|Power Gem|p1b: Chi-Nuke\n|-supereffective|p1b: Chi-Nuke\n|-damage|p1b: Chi-Nuke|26\/100\n|move|p2b: Chi-Yu|Dark Pulse|p1a: Jorunna Parva\n|-resisted|p1a: Jorunna Parva\n|-damage|p1a: Jorunna Parva|0 fnt\n|faint|p1a: Jorunna Parva\n|-damage|p2b: Chi-Yu|71\/100|[from] item: Life Orb\n|move|p1b: Chi-Nuke|Overheat|p2a: Flutter Mane\n|-damage|p2a: Flutter Mane|0 fnt\n|-unboost|p1b: Chi-Nuke|spa|2\n|faint|p2a: Flutter Mane\n|-end|p2a: Flutter Mane|Protosynthesis|[silent]\n|\n|-weather|none\n|upkeep\n|\n|t:|1683062012\n|switch|p1a: GOAT|Breloom, L50, M, shiny|19\/100\n|turn|6\n|\n|t:|1683062020\n|move|p1a: GOAT|Mach Punch|p2b: Chi-Yu\n|-supereffective|p2b: Chi-Yu\n|-damage|p2b: Chi-Yu|0 fnt\n|faint|p2b: Chi-Yu\n|\n|win|N3rdSl4y3r\n|c|\u2606N3rdSl4y3r|gg\n","uploadtime":1683062030,"views":17,"p1id":"n3rdsl4y3r","p2id":"halotowers","formatid":"gen9vgc2023regulationc","rating":0,"private":0,"password":""}