{"id":"gen9vgc2023regulationc-1847626605","p1":"xdfgdfgh","p2":"apklor","format":"[Gen 9] VGC 2023 Regulation C","log":"|j|\u2606xdfgdfgh\n|j|\u2606apklor\n|t:|1681984081\n|gametype|doubles\n|player|p1|xdfgdfgh|2|1222\n|player|p2|apklor|265|1208\n|teamsize|p1|6\n|teamsize|p2|6\n|gen|9\n|tier|[Gen 9] VGC 2023 Regulation C\n|rated|\n|rule|Species Clause: Limit one of each Pok\u00e9mon\n|rule|Item Clause: Limit one of each item\n|clearpoke\n|poke|p1|Torkoal, L50, M|\n|poke|p1|Chi-Yu, L50|\n|poke|p1|Bronzong, L50|\n|poke|p1|Gastrodon, L50, F|\n|poke|p1|Grimmsnarl, L50, M|\n|poke|p1|Skeledirge, L50, F|\n|poke|p2|Amoonguss, L50, M|\n|poke|p2|Palafin, L50, M|\n|poke|p2|Arcanine, L50, F|\n|poke|p2|Flutter Mane, L50|\n|poke|p2|Dragonite, L50, M|\n|poke|p2|Chien-Pao, L50|\n|teampreview|4\n|inactive|Battle timer is ON: inactive players will automatically lose when time's up. (requested by xdfgdfgh)\n|\n|t:|1681984128\n|start\n|switch|p1a: Grimmsnarl|Grimmsnarl, L50, M|100\/100\n|switch|p1b: Bronzong|Bronzong, L50|100\/100\n|switch|p2a: Mithrandir|Flutter Mane, L50|100\/100\n|switch|p2b: Ispanico|Palafin, L50, M|100\/100\n|-enditem|p2a: Mithrandir|Booster Energy\n|-activate|p2a: Mithrandir|ability: Protosynthesis|[fromitem]\n|-start|p2a: Mithrandir|protosynthesisspa\n|turn|1\n|\n|t:|1681984145\n|move|p1a: Grimmsnarl|Trick|p2b: Ispanico\n|-activate|p1a: Grimmsnarl|move: Trick|[of] p2b: Ispanico\n|-item|p2b: Ispanico|Lagging Tail|[from] move: Trick\n|-item|p1a: Grimmsnarl|Mystic Water|[from] move: Trick\n|move|p2a: Mithrandir|Shadow Ball|p1b: Bronzong\n|-supereffective|p1b: Bronzong\n|-enditem|p1b: Bronzong|Kasib Berry|[eat]\n|-enditem|p1b: Bronzong|Kasib Berry|[weaken]\n|-damage|p1b: Bronzong|50\/100\n|move|p2b: Ispanico|Wave Crash|p1b: Bronzong\n|-damage|p1b: Bronzong|17\/100\n|-damage|p2b: Ispanico|91\/100|[from] Recoil\n|move|p1b: Bronzong|Iron Head|p2a: Mithrandir\n|-supereffective|p2a: Mithrandir\n|-damage|p2a: Mithrandir|13\/100\n|\n|upkeep\n|turn|2\n|inactive|apklor has 30 seconds left.\n|\n|t:|1681984171\n|switch|p1b: Gastrodon|Gastrodon, L50, F|100\/100\n|move|p1a: Grimmsnarl|Sucker Punch|p2a: Mithrandir\n|-damage|p2a: Mithrandir|0 fnt\n|faint|p2a: Mithrandir\n|-end|p2a: Mithrandir|Protosynthesis|[silent]\n|move|p2b: Ispanico|Wave Crash|p1b: Gastrodon\n|-activate|p1b: Gastrodon|ability: Storm Drain\n|-ability|p1b: Gastrodon|Storm Drain|boost\n|-boost|p1b: Gastrodon|spa|1\n|\n|upkeep\n|\n|t:|1681984183\n|switch|p2a: Yoshi|Dragonite, L50, M|100\/100\n|turn|3\n|\n|t:|1681984193\n|-terastallize|p2a: Yoshi|Flying\n|move|p1b: Gastrodon|Protect|p1b: Gastrodon\n|-singleturn|p1b: Gastrodon|Protect\n|move|p1a: Grimmsnarl|Trick|p2a: Yoshi\n|-activate|p1a: Grimmsnarl|move: Trick|[of] p2a: Yoshi\n|-item|p2a: Yoshi|Mystic Water|[from] move: Trick\n|-item|p1a: Grimmsnarl|Choice Band|[from] move: Trick\n|move|p2a: Yoshi|Tera Blast|p1b: Gastrodon\n|-activate|p1b: Gastrodon|move: Protect\n|move|p2b: Ispanico|Haze|p2b: Ispanico\n|-clearallboost\n|\n|upkeep\n|turn|4\n|\n|t:|1681984210\n|detailschange|p2b: Ispanico|Palafin-Hero, L50, M\n|switch|p2b: Lupin|Amoonguss, L50, M|100\/100\n|switch|p1b: Bronzong|Bronzong, L50|17\/100\n|move|p2a: Yoshi|Tera Blast|p1b: Bronzong\n|-resisted|p1b: Bronzong\n|-damage|p1b: Bronzong|0 fnt\n|faint|p1b: Bronzong\n|move|p1a: Grimmsnarl|Spirit Break|p2a: Yoshi\n|-damage|p2a: Yoshi|41\/100\n|-unboost|p2a: Yoshi|spa|1\n|\n|upkeep\n|\n|t:|1681984220\n|switch|p1b: Skeledirge|Skeledirge, L50, F|100\/100\n|turn|5\n|\n|t:|1681984231\n|move|p1b: Skeledirge|Protect|p1b: Skeledirge\n|-singleturn|p1b: Skeledirge|Protect\n|move|p2b: Lupin|Rage Powder|p2b: Lupin\n|-singleturn|p2b: Lupin|move: Rage Powder\n|move|p2a: Yoshi|Tera Blast|p1b: Skeledirge\n|-activate|p1b: Skeledirge|move: Protect\n|move|p1a: Grimmsnarl|Spirit Break|p2b: Lupin\n|-resisted|p2b: Lupin\n|-damage|p2b: Lupin|76\/100\n|-unboost|p2b: Lupin|spa|1\n|\n|upkeep\n|turn|6\n|inactive|apklor has 30 seconds left.\n|\n|t:|1681984263\n|move|p2a: Yoshi|Tera Blast|p1a: Grimmsnarl\n|-damage|p1a: Grimmsnarl|39\/100\n|move|p1b: Skeledirge|Torch Song|p2b: Lupin\n|-supereffective|p2b: Lupin\n|-damage|p2b: Lupin|13\/100\n|-boost|p1b: Skeledirge|spa|1\n|-enditem|p2b: Lupin|Sitrus Berry|[eat]\n|-heal|p2b: Lupin|38\/100|[from] item: Sitrus Berry\n|move|p1a: Grimmsnarl|Spirit Break|p2a: Yoshi\n|-damage|p2a: Yoshi|0 fnt\n|faint|p2a: Yoshi\n|move|p2b: Lupin|Pollen Puff|p2: Yoshi|[notarget]\n|-fail|p2b: Lupin\n|\n|upkeep\n|-message|apklor forfeited.\n|\n|win|xdfgdfgh\n|raw|xdfgdfgh's rating: 1222 → 1246<\/strong> (+24 for winning)\n|raw|apklor's rating: 1208 → 1184<\/strong> (-24 for losing)\n|l|\u2606apklor\n","uploadtime":1681984282,"views":18,"p1id":"xdfgdfgh","p2id":"apklor","formatid":"gen9vgc2023regulationc","rating":1184,"private":0,"password":""}