{"id":"gen9vgc2023regulationc-1863733141","p1":"Dugtr","p2":"JVsaadi","format":"[Gen 9] VGC 2023 Regulation C","log":"|j|\u2606Dugtr\n|j|\u2606JVsaadi\n|t:|1684069026\n|gametype|doubles\n|player|p1|Dugtr|hiker-gen4|1141\n|player|p2|JVsaadi|170|1032\n|teamsize|p1|6\n|teamsize|p2|6\n|gen|9\n|tier|[Gen 9] VGC 2023 Regulation C\n|rated|\n|rule|Species Clause: Limit one of each Pok\u00e9mon\n|rule|Item Clause: Limit one of each item\n|clearpoke\n|poke|p1|Jumpluff, L50, F|\n|poke|p1|Torkoal, L50, M|\n|poke|p1|Iron Hands, L50|\n|poke|p1|Rotom-Wash, L50|\n|poke|p1|Great Tusk, L50|\n|poke|p1|Baxcalibur, L50, F|\n|poke|p2|Farigiraf, L50, F|\n|poke|p2|Palafin, L50, M|\n|poke|p2|Murkrow, L50, M|\n|poke|p2|Amoonguss, L50, F|\n|poke|p2|Cyclizar, L50, F|\n|poke|p2|Gothitelle, L50, M|\n|teampreview|4\n|inactive|Battle timer is ON: inactive players will automatically lose when time's up. (requested by Dugtr)\n|l|\u2606JVsaadi\n|inactive|JVsaadi disconnected and has a minute to reconnect!\n|player|p2|\n|j|\u2606JVsaadi\n|inactive|JVsaadi reconnected and has 65 seconds left.\n|player|p2|JVsaadi|170\n|inactive|Dugtr has 60 seconds left.\n|inactive|JVsaadi has 60 seconds left.\n|l|\u2606JVsaadi\n|inactive|JVsaadi disconnected and has a minute to reconnect!\n|player|p2|\n|j|\u2606JVsaadi\n|inactive|JVsaadi reconnected and has 50 seconds left.\n|player|p2|JVsaadi|170\n|inactive|JVsaadi has 30 seconds left.\n|\n|t:|1684069094\n|start\n|switch|p1a: Baxcalibur|Baxcalibur, L50, F|100\/100\n|switch|p1b: Rotom|Rotom-Wash, L50|100\/100\n|switch|p2a: Mafioso|Murkrow, L50, M|100\/100\n|switch|p2b: Firfirsla|Cyclizar, L50, F|100\/100\n|turn|1\n|l|\u2606JVsaadi\n|inactive|JVsaadi disconnected and has a minute to reconnect!\n|player|p2|\n|j|\u2606JVsaadi\n|inactive|JVsaadi reconnected and has 45 seconds left.\n|player|p2|JVsaadi|170\n|inactive|Dugtr has 30 seconds left.\n|inactive|Dugtr has 20 seconds left.\n|inactive|Dugtr has 15 seconds left.\n|\n|t:|1684069136\n|move|p2a: Mafioso|Perish Song|p2a: Mafioso\n|-start|p1a: Baxcalibur|perish3|[silent]\n|-start|p1b: Rotom|perish3|[silent]\n|-start|p2a: Mafioso|perish3|[silent]\n|-start|p2b: Firfirsla|perish3|[silent]\n|-fieldactivate|move: Perish Song\n|move|p2b: Firfirsla|Shed Tail|p2b: Firfirsla\n|-start|p2b: Firfirsla|Substitute|[from] move: Shed Tail\n|-damage|p2b: Firfirsla|50\/100\n|\n|t:|1684069141\n|switch|p2b: Gothitelle|Gothitelle, L50, M|100\/100|[from] Shed Tail\n|move|p1a: Baxcalibur|Icicle Crash|p2b: Gothitelle|[miss]\n|-miss|p1a: Baxcalibur|p2b: Gothitelle\n|move|p1b: Rotom|Thunder|p2a: Mafioso\n|-supereffective|p2a: Mafioso\n|-damage|p2a: Mafioso|0 fnt\n|faint|p2a: Mafioso\n|\n|-start|p1a: Baxcalibur|perish3\n|-start|p1b: Rotom|perish3\n|upkeep\n|\n|t:|1684069159\n|switch|p2a: Firfirsla|Cyclizar, L50, F|84\/100\n|turn|2\n|\n|t:|1684069171\n|move|p2a: Firfirsla|Protect|p2a: Firfirsla\n|-singleturn|p2a: Firfirsla|Protect\n|move|p2b: Gothitelle|Fake Out|p1b: Rotom\n|-damage|p1b: Rotom|95\/100\n|move|p1a: Baxcalibur|Icicle Crash|p2a: Firfirsla\n|-activate|p2a: Firfirsla|move: Protect\n|cant|p1b: Rotom|flinch\n|\n|-start|p1a: Baxcalibur|perish2\n|-start|p1b: Rotom|perish2\n|upkeep\n|turn|3\n|\n|t:|1684069192\n|move|p2b: Gothitelle|Protect|p2b: Gothitelle\n|-singleturn|p2b: Gothitelle|Protect\n|move|p2a: Firfirsla|Shed Tail|p2a: Firfirsla\n|-start|p2a: Firfirsla|Substitute|[from] move: Shed Tail\n|-damage|p2a: Firfirsla|33\/100\n|\n|t:|1684069199\n|switch|p2a: Amoonguss|Amoonguss, L50, F|100\/100|[from] Shed Tail\n|move|p1a: Baxcalibur|Icicle Crash|p2a: Amoonguss\n|-supereffective|p2a: Amoonguss\n|-end|p2a: Amoonguss|Substitute\n|move|p1b: Rotom|Volt Switch|p2a: Amoonguss\n|-resisted|p2a: Amoonguss\n|-damage|p2a: Amoonguss|85\/100\n|inactive|Dugtr has 30 seconds left.\n|\n|t:|1684069229\n|switch|p1b: Iron Hands|Iron Hands, L50|100\/100|[from] Volt Switch\n|\n|-heal|p2a: Amoonguss|91\/100|[from] item: Black Sludge\n|-start|p1a: Baxcalibur|perish1\n|upkeep\n|turn|4\n|\n|t:|1684069246\n|move|p2a: Amoonguss|Protect|p2a: Amoonguss\n|-singleturn|p2a: Amoonguss|Protect\n|move|p1a: Baxcalibur|Glaive Rush|p2b: Gothitelle\n|-end|p2b: Gothitelle|Substitute\n|-singlemove|p1a: Baxcalibur|Glaive Rush|[silent]\n|move|p2b: Gothitelle|Reflect|p2b: Gothitelle\n|-sidestart|p2: JVsaadi|Reflect\n|move|p1b: Iron Hands|Wild Charge|p2b: Gothitelle\n|-damage|p2b: Gothitelle|69\/100\n|-damage|p1b: Iron Hands|95\/100|[from] Recoil\n|\n|-heal|p2a: Amoonguss|96\/100|[from] item: Black Sludge\n|-start|p1a: Baxcalibur|perish0\n|faint|p1a: Baxcalibur\n|upkeep\n|\n|t:|1684069262\n|switch|p1a: Torkoal|Torkoal, L50, M|100\/100\n|-weather|SunnyDay|[from] ability: Drought|[of] p1a: Torkoal\n|turn|5\n|\n|t:|1684069289\n|move|p2b: Gothitelle|Protect|p2b: Gothitelle\n|-singleturn|p2b: Gothitelle|Protect\n|move|p1b: Iron Hands|Wild Charge|p2b: Gothitelle\n|-activate|p2b: Gothitelle|move: Protect\n|move|p2a: Amoonguss|Spore|p1a: Torkoal\n|-status|p1a: Torkoal|slp|[from] move: Spore\n|cant|p1a: Torkoal|slp\n|\n|-weather|SunnyDay|[upkeep]\n|-heal|p2a: Amoonguss|100\/100|[from] item: Black Sludge\n|upkeep\n|turn|6\n|\n|t:|1684069309\n|move|p2b: Gothitelle|Light Screen|p2b: Gothitelle\n|-sidestart|p2: JVsaadi|move: Light Screen\n|move|p1b: Iron Hands|Wild Charge|p2b: Gothitelle\n|-damage|p2b: Gothitelle|40\/100\n|-enditem|p2b: Gothitelle|Sitrus Berry|[eat]\n|-heal|p2b: Gothitelle|65\/100|[from] item: Sitrus Berry\n|-damage|p1b: Iron Hands|90\/100|[from] Recoil\n|move|p2a: Amoonguss|Spore|p1b: Iron Hands\n|-status|p1b: Iron Hands|slp|[from] move: Spore\n|cant|p1a: Torkoal|slp\n|\n|-weather|SunnyDay|[upkeep]\n|upkeep\n|turn|7\n|\n|t:|1684069330\n|switch|p2b: Firfirsla|Cyclizar, L50, F|67\/100\n|cant|p1b: Iron Hands|slp\n|move|p2a: Amoonguss|Pollen Puff|p2b: Firfirsla\n|-heal|p2b: Firfirsla|100\/100\n|cant|p1a: Torkoal|slp\n|\n|-weather|SunnyDay|[upkeep]\n|upkeep\n|turn|8\n|inactive|JVsaadi has 30 seconds left.\n|\n|t:|1684069365\n|move|p2a: Amoonguss|Protect|p2a: Amoonguss\n|-singleturn|p2a: Amoonguss|Protect\n|move|p2b: Firfirsla|Body Slam|p1b: Iron Hands\n|-damage|p1b: Iron Hands|74\/100 slp\n|cant|p1b: Iron Hands|slp\n|-curestatus|p1a: Torkoal|slp|[msg]\n|move|p1a: Torkoal|Eruption|p2a: Amoonguss|[spread] p2b\n|-activate|p2a: Amoonguss|move: Protect\n|-resisted|p2b: Firfirsla\n|-damage|p2b: Firfirsla|56\/100\n|\n|-weather|SunnyDay|[upkeep]\n|-sideend|p2: JVsaadi|Reflect\n|upkeep\n|turn|9\n|inactive|Dugtr has 30 seconds left.\n|\n|t:|1684069398\n|move|p1a: Torkoal|Protect|p1a: Torkoal\n|-singleturn|p1a: Torkoal|Protect\n|move|p2b: Firfirsla|Body Slam|p1b: Iron Hands\n|-damage|p1b: Iron Hands|55\/100 slp\n|-curestatus|p1b: Iron Hands|slp|[msg]\n|move|p1b: Iron Hands|Heavy Slam|p2a: Amoonguss\n|-damage|p2a: Amoonguss|58\/100\n|move|p2a: Amoonguss|Spore|p1a: Torkoal\n|-activate|p1a: Torkoal|move: Protect\n|\n|-weather|none\n|-heal|p2a: Amoonguss|64\/100|[from] item: Black Sludge\n|upkeep\n|turn|10\n|\n|t:|1684069421\n|move|p2b: Firfirsla|Body Slam|p1b: Iron Hands\n|-damage|p1b: Iron Hands|38\/100\n|move|p1b: Iron Hands|Drain Punch|p2b: Firfirsla\n|-supereffective|p2b: Firfirsla\n|-damage|p2b: Firfirsla|0 fnt\n|-heal|p1b: Iron Hands|57\/100|[from] drain|[of] p2b: Firfirsla\n|faint|p2b: Firfirsla\n|move|p2a: Amoonguss|Spore|p1a: Torkoal\n|-status|p1a: Torkoal|slp|[from] move: Spore\n|cant|p1a: Torkoal|slp\n|\n|-heal|p2a: Amoonguss|70\/100|[from] item: Black Sludge\n|-sideend|p2: JVsaadi|move: Light Screen\n|upkeep\n|l|\u2606JVsaadi\n|inactive|JVsaadi disconnected and has a minute to reconnect!\n|player|p2|\n|inactive|JVsaadi has 30 seconds left.\n|inactive|JVsaadi has 20 seconds left.\n|inactive|JVsaadi has 15 seconds left.\n|inactive|JVsaadi has 10 seconds left.\n|inactive|JVsaadi has 5 seconds left.\n|-message|JVsaadi lost due to inactivity.\n|\n|win|Dugtr\n|raw|Dugtr's rating: 1141 → 1158<\/strong> (+17 for winning)\n|raw|JVsaadi's rating: 1032 → 1022<\/strong> (-10 for losing)\n","uploadtime":1684069478,"views":12,"p1id":"dugtr","p2id":"jvsaadi","formatid":"gen9vgc2023regulationc","rating":1022,"private":0,"password":""}