{"id":"gen9vgc2023regulationc-1860880229","p1":"Cheenz","p2":"yungelghonami","format":"[Gen 9] VGC 2023 Regulation C","log":"|j|\u2606Cheenz\n|j|\u2606yungelghonami\n|t:|1683689664\n|gametype|doubles\n|player|p1|Cheenz|crasherwake|1148\n|player|p2|yungelghonami|102|1129\n|teamsize|p1|6\n|teamsize|p2|6\n|gen|9\n|tier|[Gen 9] VGC 2023 Regulation C\n|rated|\n|rule|Species Clause: Limit one of each Pok\u00e9mon\n|rule|Item Clause: Limit one of each item\n|clearpoke\n|poke|p1|Chi-Yu, L50|\n|poke|p1|Flutter Mane, L50|\n|poke|p1|Palafin, L50, M|\n|poke|p1|Tsareena, L50, F|\n|poke|p1|Iron Jugulis, L50|\n|poke|p1|Iron Hands, L50|\n|poke|p2|Abomasnow, L50, M|\n|poke|p2|Scream Tail, L50|\n|poke|p2|Scizor, L50, F|\n|poke|p2|Sandy Shocks, L50|\n|poke|p2|Cetitan, L50, F|\n|poke|p2|Ceruledge, L50, F|\n|teampreview|4\nCheenz has agreed to open team sheets.\nyungelghonami has agreed to open team sheets.\n|\n|t:|1683689781\n|start\n|switch|p1a: Iron Hands|Iron Hands, L50|100\/100\n|switch|p1b: Flutter Mane|Flutter Mane, L50|100\/100\n|switch|p2a: Scizor|Scizor, L50, F|100\/100\n|switch|p2b: Scream Tail|Scream Tail, L50|100\/100\n|turn|1\n|\n|t:|1683689852\n|-end|p1b: Flutter Mane|Protosynthesis|[silent]\n|switch|p1b: Tsareena|Tsareena, L50, F|100\/100\n|move|p2a: Scizor|Protect|p2a: Scizor\n|-singleturn|p2a: Scizor|Protect\n|move|p2b: Scream Tail|Howl|p2b: Scream Tail|[spread] p2a,p2b\n|-boost|p2a: Scizor|atk|1\n|-boost|p2b: Scream Tail|atk|1\n|move|p1a: Iron Hands|Drain Punch|p2a: Scizor\n|-activate|p2a: Scizor|move: Protect\n|\n|upkeep\n|turn|2\n|\n|t:|1683689889\n|move|p1b: Tsareena|Protect|p1b: Tsareena\n|-singleturn|p1b: Tsareena|Protect\n|move|p2b: Scream Tail|Howl|p2b: Scream Tail|[spread] p2a,p2b\n|-boost|p2a: Scizor|atk|1\n|-boost|p2b: Scream Tail|atk|1\n|move|p2a: Scizor|U-turn|p1b: Tsareena\n|-activate|p1b: Tsareena|move: Protect\n|move|p1a: Iron Hands|Drain Punch|p2a: Scizor\n|-damage|p2a: Scizor|56\/100\n|\n|upkeep\n|turn|3\n|\n|t:|1683689911\n|switch|p1b: Chi-Yu|Chi-Yu, L50|100\/100\n|-ability|p1b: Chi-Yu|Beads of Ruin\n|move|p2a: Scizor|Protect|p2a: Scizor\n|-singleturn|p2a: Scizor|Protect\n|move|p2b: Scream Tail|Howl|p2b: Scream Tail|[spread] p2a,p2b\n|-boost|p2a: Scizor|atk|1\n|-boost|p2b: Scream Tail|atk|1\n|move|p1a: Iron Hands|Drain Punch|p2a: Scizor\n|-activate|p2a: Scizor|move: Protect\n|\n|upkeep\n|turn|4\n|\n|t:|1683689937\n|switch|p2a: Abomasnow|Abomasnow, L50, M|100\/100\n|-weather|Snow|[from] ability: Snow Warning|[of] p2a: Abomasnow\n|-end|p1a: Iron Hands|Quark Drive|[silent]\n|switch|p1a: Tsareena|Tsareena, L50, F|100\/100\n|move|p1b: Chi-Yu|Heat Wave|p2b: Scream Tail|[spread] p2a,p2b\n|-supereffective|p2a: Abomasnow\n|-damage|p2a: Abomasnow|0 fnt\n|-damage|p2b: Scream Tail|58\/100\n|-status|p2b: Scream Tail|brn\n|faint|p2a: Abomasnow\n|move|p2b: Scream Tail|Play Rough|p1a: Tsareena\n|-damage|p1a: Tsareena|68\/100\n|\n|-weather|Snow|[upkeep]\n|-damage|p2b: Scream Tail|52\/100 brn|[from] brn\n|upkeep\n|\n|t:|1683689956\n|switch|p2a: Cetitan|Cetitan, L50, F|100\/100\n|turn|5\n|\n|t:|1683689969\n|switch|p1b: Iron Hands|Iron Hands, L50|100\/100\n|move|p2b: Scream Tail|Helping Hand|p2a: Cetitan\n|-singleturn|p2a: Cetitan|Helping Hand|[of] p2b: Scream Tail\n|move|p2a: Cetitan|Liquidation|p1b: Iron Hands\n|-damage|p1b: Iron Hands|73\/100\n|move|p1a: Tsareena|Bullet Seed|p2a: Cetitan\n|-damage|p2a: Cetitan|93\/100\n|-crit|p2a: Cetitan\n|-damage|p2a: Cetitan|81\/100\n|-damage|p2a: Cetitan|72\/100\n|-damage|p2a: Cetitan|64\/100\n|-hitcount|p2a: Cetitan|4\n|\n|-weather|Snow|[upkeep]\n|-damage|p2b: Scream Tail|46\/100 brn|[from] brn\n|upkeep\n|turn|6\n|\n|t:|1683689991\n|move|p2b: Scream Tail|Helping Hand|p2a: Cetitan\n|-singleturn|p2a: Cetitan|Helping Hand|[of] p2b: Scream Tail\n|move|p1a: Tsareena|Helping Hand|p1b: Iron Hands\n|-singleturn|p1b: Iron Hands|Helping Hand|[of] p1a: Tsareena\n|move|p2a: Cetitan|Stomping Tantrum|p1b: Iron Hands\n|-supereffective|p1b: Iron Hands\n|-damage|p1b: Iron Hands|27\/100\n|move|p1b: Iron Hands|Drain Punch|p2a: Cetitan\n|-supereffective|p2a: Cetitan\n|-damage|p2a: Cetitan|0 fnt\n|-heal|p1b: Iron Hands|61\/100|[from] drain|[of] p2a: Cetitan\n|faint|p2a: Cetitan\n|\n|-weather|Snow|[upkeep]\n|-damage|p2b: Scream Tail|40\/100 brn|[from] brn\n|upkeep\n|\n|t:|1683690004\n|switch|p2a: Scizor|Scizor, L50, F|56\/100\n|turn|7\n|\n|t:|1683690014\n|move|p1a: Tsareena|Protect|p1a: Tsareena\n|-singleturn|p1a: Tsareena|Protect\n|move|p2a: Scizor|Protect|p2a: Scizor\n|-singleturn|p2a: Scizor|Protect\n|move|p2b: Scream Tail|Howl|p2b: Scream Tail|[spread] p2a,p2b\n|-boost|p2a: Scizor|atk|1\n|-boost|p2b: Scream Tail|atk|1\n|move|p1b: Iron Hands|Wild Charge|p2a: Scizor\n|-activate|p2a: Scizor|move: Protect\n|\n|-weather|Snow|[upkeep]\n|-damage|p2b: Scream Tail|34\/100 brn|[from] brn\n|upkeep\n|turn|8\n|\n|t:|1683690038\n|switch|p1a: Chi-Yu|Chi-Yu, L50|100\/100\n|-ability|p1a: Chi-Yu|Beads of Ruin\n|move|p2b: Scream Tail|Play Rough|p1b: Iron Hands|[miss]\n|-miss|p2b: Scream Tail|p1b: Iron Hands\n|move|p2a: Scizor|Close Combat|p1a: Chi-Yu\n|-supereffective|p1a: Chi-Yu\n|-damage|p1a: Chi-Yu|0 fnt\n|-unboost|p2a: Scizor|def|1\n|-unboost|p2a: Scizor|spd|1\n|faint|p1a: Chi-Yu\n|-damage|p2a: Scizor|46\/100|[from] item: Life Orb\n|move|p1b: Iron Hands|Drain Punch|p2a: Scizor\n|-crit|p2a: Scizor\n|-damage|p2a: Scizor|0 fnt\n|-heal|p1b: Iron Hands|76\/100|[from] drain|[of] p2a: Scizor\n|faint|p2a: Scizor\n|\n|-weather|none\n|-damage|p2b: Scream Tail|27\/100 brn|[from] brn\n|upkeep\n|\n|t:|1683690060\n|switch|p1a: Flutter Mane|Flutter Mane, L50|100\/100\n|turn|9\n|\n|t:|1683690066\n|move|p1a: Flutter Mane|Shadow Ball|p2b: Scream Tail\n|-supereffective|p2b: Scream Tail\n|-damage|p2b: Scream Tail|0 fnt\n|faint|p2b: Scream Tail\n|-end|p2b: Scream Tail|Protosynthesis|[silent]\n|\n|win|Cheenz\n|raw|Cheenz's rating: 1148 → 1172<\/strong> (+24 for winning)\n|raw|yungelghonami's rating: 1129 → 1105<\/strong> (-24 for losing)\n","uploadtime":1683690076,"views":19,"p1id":"cheenz","p2id":"yungelghonami","formatid":"gen9vgc2023regulationc","rating":1105,"private":0,"password":""}