{"id":"gen9vgc2023regulationc-1860630861","p1":"taterstotz","p2":"gomn","format":"[Gen 9] VGC 2023 Regulation C","log":"|j|\u2606taterstotz\n|j|\u2606gomn\n|t:|1683660719\n|gametype|doubles\n|player|p1|taterstotz|266|1192\n|player|p2|gomn|dragontamer|1209\n|teamsize|p1|6\n|teamsize|p2|6\n|gen|9\n|tier|[Gen 9] VGC 2023 Regulation C\n|rated|\n|rule|Species Clause: Limit one of each Pok\u00e9mon\n|rule|Item Clause: Limit one of each item\n|clearpoke\n|poke|p1|Palafin, L50, M|\n|poke|p1|Pelipper, L50, F|\n|poke|p1|Amoonguss, L50, F|\n|poke|p1|Scream Tail, L50|\n|poke|p1|Gothitelle, L50, F|\n|poke|p1|Dragonite, L50, F|\n|poke|p2|Iron Hands, L50|\n|poke|p2|Corviknight, L50, M|\n|poke|p2|Dragapult, L50, M|\n|poke|p2|Gastrodon-East, L50, M|\n|poke|p2|Indeedee-F, L50, F|\n|poke|p2|Armarouge, L50, M|\n|teampreview|4\ntaterstotz has agreed to open team sheets.\n|inactive|Battle timer is ON: inactive players will automatically lose when time's up. (requested by taterstotz)\n|inactive|gomn has 60 seconds left.\n|\n|t:|1683660775\n|start\n|switch|p1a: Palafin|Palafin, L50, M|100\/100\n|switch|p1b: Amoonguss|Amoonguss, L50, F|100\/100\n|switch|p2a: Iron Hands|Iron Hands, L50, shiny|100\/100\n|switch|p2b: D-Pult|Dragapult, L50, M|100\/100\n|turn|1\n|\n|t:|1683660797\n|detailschange|p1a: Palafin|Palafin-Hero, L50, M\n|switch|p1a: Scream Tail|Scream Tail, L50|100\/100\n|-enditem|p1a: Scream Tail|Booster Energy\n|-activate|p1a: Scream Tail|ability: Protosynthesis|[fromitem]\n|-start|p1a: Scream Tail|protosynthesisspe\n|move|p2a: Iron Hands|Fake Out|p1b: Amoonguss\n|-damage|p1b: Amoonguss|85\/100\n|move|p2b: D-Pult|Dragon Darts|p1b: Amoonguss\n|-damage|p1b: Amoonguss|50\/100\n|-enditem|p1b: Amoonguss|Sitrus Berry|[eat]\n|-heal|p1b: Amoonguss|75\/100|[from] item: Sitrus Berry\n|-anim|p2b: D-Pult|Dragon Darts|p1b: Amoonguss\n|-damage|p1b: Amoonguss|37\/100\n|cant|p1b: Amoonguss|flinch\n|\n|upkeep\n|turn|2\n|\n|t:|1683660820\n|switch|p2b: Kight|Armarouge, L50, M|100\/100\n|move|p1a: Scream Tail|Disable||[still]\n|-fail|p1a: Scream Tail\n|move|p2a: Iron Hands|Drain Punch|p1b: Amoonguss\n|-resisted|p1b: Amoonguss\n|-damage|p1b: Amoonguss|16\/100\n|move|p1b: Amoonguss|Spore|p2a: Iron Hands\n|-status|p2a: Iron Hands|slp|[from] move: Spore\n|\n|upkeep\n|turn|3\n|\n|t:|1683660842\n|switch|p1b: Pelipper|Pelipper, L50, F|100\/100\n|-weather|RainDance|[from] ability: Drizzle|[of] p1b: Pelipper\n|move|p1a: Scream Tail|Play Rough|p2a: Iron Hands\n|-supereffective|p2a: Iron Hands\n|-damage|p2a: Iron Hands|64\/100 slp\n|move|p2b: Kight|Expanding Force|p1a: Scream Tail\n|-resisted|p1a: Scream Tail\n|-damage|p1a: Scream Tail|84\/100\n|cant|p2a: Iron Hands|slp\n|\n|-weather|RainDance|[upkeep]\n|upkeep\n|turn|4\n|\n|t:|1683660865\n|-end|p1a: Scream Tail|Protosynthesis|[silent]\n|switch|p1a: Palafin|Palafin-Hero, L50, M|100\/100\n|-activate|p1a: Palafin|ability: Zero to Hero\n|switch|p2b: Gastro|Gastrodon-East, L50, M|100\/100\n|move|p1b: Pelipper|Hurricane|p2a: Iron Hands\n|-damage|p2a: Iron Hands|43\/100 slp\n|-curestatus|p2a: Iron Hands|slp|[msg]\n|move|p2a: Iron Hands|Wild Charge|p1b: Pelipper\n|-supereffective|p1b: Pelipper\n|-enditem|p1b: Pelipper|Focus Sash\n|-damage|p1b: Pelipper|1\/100\n|-damage|p2a: Iron Hands|28\/100|[from] Recoil\n|\n|-weather|RainDance|[upkeep]\n|upkeep\n|turn|5\n|\n|t:|1683660886\n|switch|p1a: Amoonguss|Amoonguss, L50, F|50\/100\n|move|p2b: Gastro|Protect|p2b: Gastro\n|-singleturn|p2b: Gastro|Protect\n|move|p1b: Pelipper|Hurricane|p2a: Iron Hands\n|-damage|p2a: Iron Hands|7\/100\n|move|p2a: Iron Hands|Drain Punch|p1b: Pelipper\n|-resisted|p1b: Pelipper\n|-crit|p1b: Pelipper\n|-damage|p1b: Pelipper|0 fnt\n|-heal|p2a: Iron Hands|7\/100|[from] drain|[of] p1b: Pelipper\n|faint|p1b: Pelipper\n|\n|-weather|RainDance|[upkeep]\n|upkeep\n|\n|t:|1683660896\n|switch|p1b: Palafin|Palafin-Hero, L50, M|100\/100\n|turn|6\n|\n|t:|1683660912\n|move|p1b: Palafin|Protect|p1b: Palafin\n|-singleturn|p1b: Palafin|Protect\n|move|p2a: Iron Hands|Drain Punch|p1b: Palafin\n|-activate|p1b: Palafin|move: Protect\n|move|p2b: Gastro|Ice Beam|p1a: Amoonguss\n|-supereffective|p1a: Amoonguss\n|-damage|p1a: Amoonguss|20\/100\n|move|p1a: Amoonguss|Leaf Storm|p2b: Gastro\n|-supereffective|p2b: Gastro\n|-damage|p2b: Gastro|0 fnt\n|-unboost|p1a: Amoonguss|spa|2\n|faint|p2b: Gastro\n|\n|-weather|RainDance|[upkeep]\n|upkeep\n|\n|t:|1683660923\n|switch|p2b: D-Pult|Dragapult, L50, M|100\/100\n|turn|7\n|\n|t:|1683660937\n|switch|p1a: Scream Tail|Scream Tail, L50|84\/100\n|move|p1b: Palafin|Jet Punch|p2a: Iron Hands\n|-damage|p2a: Iron Hands|0 fnt\n|faint|p2a: Iron Hands\n|-end|p2a: Iron Hands|Quark Drive|[silent]\n|move|p2b: D-Pult|Dragon Darts|p1b: Palafin\n|-damage|p1b: Palafin|60\/100\n|-anim|p2b: D-Pult|Dragon Darts|p1b: Palafin\n|-damage|p1b: Palafin|19\/100\n|\n|-weather|none\n|upkeep\n|\n|t:|1683660947\n|switch|p2a: Kight|Armarouge, L50, M|100\/100\n|turn|8\n|\n|t:|1683660959\n|-terastallize|p2a: Kight|Grass\n|move|p1b: Palafin|Protect|p1b: Palafin\n|-singleturn|p1b: Palafin|Protect\n|move|p2b: D-Pult|Dragon Darts|p1b: Palafin\n|-immune|p1a: Scream Tail\n|move|p1a: Scream Tail|Disable|p2b: D-Pult\n|-start|p2b: D-Pult|Disable|Dragon Darts\n|move|p2a: Kight|Energy Ball|p1b: Palafin\n|-activate|p1b: Palafin|move: Protect\n|\n|upkeep\n|turn|9\n|\n|t:|1683660972\n|switch|p1b: Amoonguss|Amoonguss, L50, F|53\/100\n|-activate|p2b: D-Pult|move: Struggle\n|move|p2b: D-Pult|Struggle|p1b: Amoonguss\n|-damage|p1b: Amoonguss|30\/100\n|-damage|p2b: D-Pult|75\/100|[from] recoil\n|move|p1a: Scream Tail|Perish Song|p1a: Scream Tail\n|-start|p1a: Scream Tail|perish3|[silent]\n|-start|p1b: Amoonguss|perish3|[silent]\n|-start|p2a: Kight|perish3|[silent]\n|-start|p2b: D-Pult|perish3|[silent]\n|-fieldactivate|move: Perish Song\n|move|p2a: Kight|Armor Cannon|p1a: Scream Tail\n|-crit|p1a: Scream Tail\n|-damage|p1a: Scream Tail|11\/100\n|-unboost|p2a: Kight|def|1\n|-unboost|p2a: Kight|spd|1\n|\n|-start|p2b: D-Pult|perish3\n|-start|p1a: Scream Tail|perish3\n|-start|p2a: Kight|perish3\n|-start|p1b: Amoonguss|perish3\n|upkeep\n|turn|10\n|\n|t:|1683660993\n|-activate|p2b: D-Pult|move: Struggle\n|move|p2b: D-Pult|Struggle|p1b: Amoonguss\n|-damage|p1b: Amoonguss|8\/100\n|-damage|p2b: D-Pult|50\/100|[from] recoil\n|move|p1a: Scream Tail|Disable|p2a: Kight\n|-start|p2a: Kight|Disable|Armor Cannon\n|move|p2a: Kight|Expanding Force|p1b: Amoonguss\n|-supereffective|p1b: Amoonguss\n|-damage|p1b: Amoonguss|0 fnt\n|faint|p1b: Amoonguss\n|\n|-start|p2b: D-Pult|perish2\n|-start|p1a: Scream Tail|perish2\n|-start|p2a: Kight|perish2\n|upkeep\n|\n|t:|1683661002\n|switch|p1b: Palafin|Palafin-Hero, L50, M|19\/100\n|turn|11\n|inactive|taterstotz has 30 seconds left.\n|\n|t:|1683661035\n|move|p1b: Palafin|Protect|p1b: Palafin\n|-singleturn|p1b: Palafin|Protect\n|-activate|p2b: D-Pult|move: Struggle\n|move|p2b: D-Pult|Struggle|p1a: Scream Tail\n|-damage|p1a: Scream Tail|0 fnt\n|faint|p1a: Scream Tail\n|-end|p1a: Scream Tail|Protosynthesis|[silent]\n|-damage|p2b: D-Pult|25\/100|[from] recoil\n|move|p2a: Kight|Energy Ball|p1b: Palafin\n|-activate|p1b: Palafin|move: Protect\n|\n|-start|p2b: D-Pult|perish1\n|-start|p2a: Kight|perish1\n|upkeep\n|turn|12\n|c|\u2606taterstotz|gg\n|\n|t:|1683661045\n|move|p1b: Palafin|Protect|p1b: Palafin\n|-singleturn|p1b: Palafin|Protect\n|-activate|p2b: D-Pult|move: Struggle\n|move|p2b: D-Pult|Struggle|p1b: Palafin\n|-activate|p1b: Palafin|move: Protect\n|move|p2a: Kight|Energy Ball|p1b: Palafin\n|-activate|p1b: Palafin|move: Protect\n|\n|-end|p2b: D-Pult|Disable\n|-start|p2b: D-Pult|perish0\n|-start|p2a: Kight|perish0\n|faint|p2b: D-Pult\n|faint|p2a: Kight\n|\n|win|taterstotz\n|upkeep\n|raw|taterstotz's rating: 1192 → 1218<\/strong> (+26 for winning)\n|raw|gomn's rating: 1209 → 1183<\/strong> (-26 for losing)\n|c|\u2606gomn|Ajjaja\n|l|\u2606gomn\n|c|\u2606taterstotz|coin flip champ\n","uploadtime":1683661071,"views":21,"p1id":"taterstotz","p2id":"gomn","formatid":"gen9vgc2023regulationc","rating":1183,"private":0,"password":""}