{"id":"gen9vgc2023regulationc-1845391273","p1":"FearZero","p2":"Th3D3b","format":"[Gen 9] VGC 2023 Regulation C","log":"|j|\u2606FearZero\n|j|\u2606Th3D3b\n|t:|1681726623\n|gametype|doubles\n|player|p1|FearZero|101|1336\n|player|p2|Th3D3b|265|1254\n|teamsize|p1|6\n|teamsize|p2|6\n|gen|9\n|tier|[Gen 9] VGC 2023 Regulation C\n|rated|\n|rule|Species Clause: Limit one of each Pok\u00e9mon\n|rule|Item Clause: Limit one of each item\n|clearpoke\n|poke|p1|Scizor, L50, F|\n|poke|p1|Tyranitar, L50, M|\n|poke|p1|Amoonguss, L50, F|\n|poke|p1|Flutter Mane, L50|\n|poke|p1|Talonflame, L50, M|\n|poke|p1|Rotom-Wash, L50|\n|poke|p2|Chien-Pao, L50|\n|poke|p2|Palafin, L50, F|\n|poke|p2|Kingambit, L50, F|\n|poke|p2|Ting-Lu, L50|\n|poke|p2|Dragonite, L50, M|\n|poke|p2|Flutter Mane, L50|\n|teampreview|4\n|inactive|Battle timer is ON: inactive players will automatically lose when time's up. (requested by FearZero)\nFearZero has agreed to open team sheets.\n|inactive|Th3D3b has 60 seconds left.\n|\n|t:|1681726695\n|start\n|switch|p1a: Tyranitar|Tyranitar, L50, M, shiny|100\/100\n|switch|p1b: Talonflame|Talonflame, L50, M|100\/100\n|switch|p2a: Dragonite|Dragonite, L50, M|100\/100\n|switch|p2b: Palafin|Palafin, L50, F|100\/100\n|-weather|Sandstorm|[from] ability: Sand Stream|[of] p1a: Tyranitar\n|turn|1\n|inactive|FearZero has 30 seconds left.\n|inactive|Th3D3b has 30 seconds left.\n|\n|t:|1681726727\n|detailschange|p2b: Palafin|Palafin-Hero, L50, F\n|switch|p2b: Chien-Pao|Chien-Pao, L50|100\/100\n|-ability|p2b: Chien-Pao|Sword of Ruin\n|-terastallize|p1b: Talonflame|Ghost\n|-terastallize|p2a: Dragonite|Normal\n|move|p2a: Dragonite|Extreme Speed|p1b: Talonflame\n|-immune|p1b: Talonflame\n|move|p1b: Talonflame|Will-O-Wisp|p2a: Dragonite\n|-status|p2a: Dragonite|brn\n|move|p1a: Tyranitar|Dragon Dance|p1a: Tyranitar\n|-boost|p1a: Tyranitar|atk|1\n|-boost|p1a: Tyranitar|spe|1\n|\n|-weather|Sandstorm|[upkeep]\n|-damage|p2b: Chien-Pao|95\/100|[from] Sandstorm\n|-damage|p2a: Dragonite|95\/100 brn|[from] Sandstorm\n|-damage|p2a: Dragonite|89\/100 brn|[from] brn\n|upkeep\n|turn|2\n|inactive|FearZero has 30 seconds left.\n|inactive|Th3D3b has 30 seconds left.\n|\n|t:|1681726757\n|move|p2a: Dragonite|Extreme Speed|p1a: Tyranitar\n|-resisted|p1a: Tyranitar\n|-damage|p1a: Tyranitar|84\/100\n|move|p1b: Talonflame|Tailwind|p1b: Talonflame\n|-sidestart|p1: FearZero|move: Tailwind\n|move|p1a: Tyranitar|Rock Slide|p2a: Dragonite|[spread] p2a\n|-miss|p1a: Tyranitar|p2b: Chien-Pao\n|-damage|p2a: Dragonite|30\/100 brn\n|move|p2b: Chien-Pao|Sacred Sword|p1a: Tyranitar\n|-supereffective|p1a: Tyranitar\n|-damage|p1a: Tyranitar|0 fnt\n|faint|p1a: Tyranitar\n|\n|-weather|Sandstorm|[upkeep]\n|-damage|p2b: Chien-Pao|89\/100|[from] Sandstorm\n|-damage|p2a: Dragonite|25\/100 brn|[from] Sandstorm\n|-damage|p2a: Dragonite|19\/100 brn|[from] brn\n|upkeep\n|inactive|FearZero has 30 seconds left.\n|\n|t:|1681726786\n|switch|p1a: Scizor|Scizor, L50, F|100\/100\n|turn|3\n|\n|t:|1681726800\n|switch|p1b: Rotom|Rotom-Wash, L50|100\/100\n|switch|p2b: Ting-Lu|Ting-Lu, L50|100\/100\n|-ability|p2b: Ting-Lu|Vessel of Ruin\n|move|p2a: Dragonite|Extreme Speed|p1a: Scizor\n|-resisted|p1a: Scizor\n|-damage|p1a: Scizor|83\/100\n|move|p1a: Scizor|Bullet Punch|p2b: Ting-Lu\n|-damage|p2b: Ting-Lu|82\/100\n|\n|-weather|Sandstorm|[upkeep]\n|-damage|p1b: Rotom|95\/100|[from] Sandstorm\n|-damage|p2a: Dragonite|13\/100 brn|[from] Sandstorm\n|-damage|p2a: Dragonite|7\/100 brn|[from] brn\n|upkeep\n|turn|4\n|inactive|Th3D3b has 30 seconds left.\n|inactive|Th3D3b has 20 seconds left.\n|inactive|Th3D3b has 15 seconds left.\n|\n|t:|1681726842\n|move|p2a: Dragonite|Extreme Speed|p1b: Rotom\n|-damage|p1b: Rotom|57\/100\n|move|p1b: Rotom|Hydro Pump|p2b: Ting-Lu\n|-supereffective|p2b: Ting-Lu\n|-damage|p2b: Ting-Lu|51\/100\n|move|p1a: Scizor|U-turn|p2b: Ting-Lu\n|-supereffective|p2b: Ting-Lu\n|-damage|p2b: Ting-Lu|7\/100\n|\n|t:|1681726851\n|switch|p1a: Talonflame|Talonflame, L50, M, tera:Ghost|100\/100|[from] U-turn\n|move|p2b: Ting-Lu|Ruination|p1a: Talonflame|[miss]\n|-miss|p2b: Ting-Lu|p1a: Talonflame\n|\n|-weather|Sandstorm|[upkeep]\n|-damage|p1b: Rotom|51\/100|[from] Sandstorm\n|-damage|p2a: Dragonite|2\/100 brn|[from] Sandstorm\n|-damage|p2a: Dragonite|0 fnt|[from] brn\n|faint|p2a: Dragonite\n|upkeep\n|\n|t:|1681726865\n|switch|p2a: Chien-Pao|Chien-Pao, L50|89\/100\n|-ability|p2a: Chien-Pao|Sword of Ruin\n|turn|5\n|inactive|Th3D3b has 30 seconds left.\n|\n|t:|1681726891\n|switch|p1a: Scizor|Scizor, L50, F|83\/100\n|move|p2a: Chien-Pao|Sucker Punch|p1b: Rotom\n|-damage|p1b: Rotom|0 fnt\n|faint|p1b: Rotom\n|move|p2b: Ting-Lu|Stomping Tantrum|p1a: Scizor\n|-damage|p1a: Scizor|6\/100\n|\n|-weather|none\n|-sideend|p1: FearZero|move: Tailwind\n|upkeep\n|\n|t:|1681726899\n|switch|p1b: Talonflame|Talonflame, L50, M, tera:Ghost|100\/100\n|turn|6\n|inactive|Th3D3b has 30 seconds left.\n|\n|t:|1681726925\n|move|p2a: Chien-Pao|Protect|p2a: Chien-Pao\n|-singleturn|p2a: Chien-Pao|Protect\n|move|p1a: Scizor|Bullet Punch|p2b: Ting-Lu\n|-damage|p2b: Ting-Lu|0 fnt\n|faint|p2b: Ting-Lu\n|move|p1b: Talonflame|Flare Blitz|p2a: Chien-Pao\n|-activate|p2a: Chien-Pao|move: Protect\n|\n|upkeep\n|\n|t:|1681726934\n|switch|p2b: Palafin|Palafin-Hero, L50, F|100\/100\n|-activate|p2b: Palafin|ability: Zero to Hero\n|turn|7\n|\n|t:|1681726944\n|move|p2a: Chien-Pao|Sucker Punch|p1a: Scizor\n|-damage|p1a: Scizor|0 fnt\n|faint|p1a: Scizor\n|move|p2b: Palafin|Jet Punch|p1b: Talonflame\n|-damage|p1b: Talonflame|18\/100\n|move|p1b: Talonflame|Will-O-Wisp|p2b: Palafin\n|-status|p2b: Palafin|brn\n|\n|-damage|p2b: Palafin|95\/100 brn|[from] brn\n|upkeep\n|turn|8\n|-message|FearZero forfeited.\n|\n|win|Th3D3b\n|raw|FearZero's rating: 1336 → 1311<\/strong> (-25 for losing)\n|raw|Th3D3b's rating: 1254 → 1285<\/strong> (+31 for winning)\n|c|\u2606FearZero|Jesus christ luck was on ur sidr\n|c|\u2606FearZero|So hard\n","uploadtime":1681726970,"views":8,"p1id":"fearzero","p2id":"th3d3b","formatid":"gen9vgc2023regulationc","rating":1285,"private":0,"password":""}