{"id":"gen9vgc2023regulationc-1848277896","p1":"mait27","p2":"UKnownVGC","format":"[Gen 9] VGC 2023 Regulation C","log":"|j|\u2606mait27\n|j|\u2606UKnownVGC\n|t:|1682052397\n|gametype|doubles\n|player|p1|mait27|101|1149\n|player|p2|UKnownVGC|170|1034\n|teamsize|p1|6\n|teamsize|p2|6\n|gen|9\n|tier|[Gen 9] VGC 2023 Regulation C\n|rated|\n|rule|Species Clause: Limit one of each Pok\u00e9mon\n|rule|Item Clause: Limit one of each item\n|clearpoke\n|poke|p1|Ceruledge, L50, M|\n|poke|p1|Misdreavus, L50, M|\n|poke|p1|Maushold-Four, L50|\n|poke|p1|Flamigo, L50, M|\n|poke|p1|Torkoal, L50, F|\n|poke|p1|Iron Bundle, L50|\n|poke|p2|Ting-Lu, L50|\n|poke|p2|Amoonguss, L50, F|\n|poke|p2|Arcanine, L50, F|\n|poke|p2|Palafin, L50, F|\n|poke|p2|Flutter Mane, L50|\n|poke|p2|Baxcalibur, L50, F|\n|teampreview|4\n|inactive|Battle timer is ON: inactive players will automatically lose when time's up. (requested by mait27)\n|\n|t:|1682052436\n|start\n|switch|p1a: Mega Flutter Mane|Misdreavus, L50, M|100\/100\n|switch|p1b: Ceruledge|Ceruledge, L50, M|100\/100\n|switch|p2a: Baxcalibur|Baxcalibur, L50, F|100\/100\n|switch|p2b: Flutter Mane|Flutter Mane, L50, shiny|100\/100\n|turn|1\n|\n|t:|1682052457\n|-terastallize|p2a: Baxcalibur|Poison\n|move|p1a: Mega Flutter Mane|Shadow Sneak|p1b: Ceruledge\n|-supereffective|p1b: Ceruledge\n|-damage|p1b: Ceruledge|77\/100\n|-ability|p1b: Ceruledge|Weak Armor|boost\n|-unboost|p1b: Ceruledge|def|1\n|-boost|p1b: Ceruledge|spe|2\n|-enditem|p1b: Ceruledge|Weakness Policy\n|-boost|p1b: Ceruledge|atk|2|[from] item: Weakness Policy\n|-boost|p1b: Ceruledge|spa|2|[from] item: Weakness Policy\n|move|p1b: Ceruledge|Substitute|p1b: Ceruledge\n|-start|p1b: Ceruledge|Substitute\n|-damage|p1b: Ceruledge|53\/100\n|move|p2b: Flutter Mane|Shadow Ball|p1a: Mega Flutter Mane\n|-supereffective|p1a: Mega Flutter Mane\n|-damage|p1a: Mega Flutter Mane|29\/100\n|move|p2a: Baxcalibur|Swords Dance|p2a: Baxcalibur\n|-boost|p2a: Baxcalibur|atk|2\n|\n|upkeep\n|turn|2\n|inactive|mait27 has 30 seconds left.\n|inactive|UKnownVGC has 30 seconds left.\n|inactive|mait27 has 20 seconds left.\n|\n|t:|1682052492\n|move|p2a: Baxcalibur|Ice Shard|p1a: Mega Flutter Mane\n|-damage|p1a: Mega Flutter Mane|0 fnt\n|faint|p1a: Mega Flutter Mane\n|move|p1b: Ceruledge|Bitter Blade|p2b: Flutter Mane\n|-damage|p2b: Flutter Mane|0 fnt\n|-heal|p1b: Ceruledge|94\/100|[from] drain|[of] p2b: Flutter Mane\n|faint|p2b: Flutter Mane\n|-end|p2b: Flutter Mane|Protosynthesis|[silent]\n|\n|upkeep\n|\n|t:|1682052505\n|switch|p2b: Ting-Lu|Ting-Lu, L50|100\/100\n|switch|p1a: Flamigo|Flamigo, L50, M|100\/100\n|-copyboost|p1a: Flamigo|p1b: Ceruledge|[from] ability: Costar\n|-ability|p2b: Ting-Lu|Vessel of Ruin\n|turn|3\n|\n|t:|1682052526\n|move|p2a: Baxcalibur|Ice Shard|p1a: Flamigo\n|-supereffective|p1a: Flamigo\n|-damage|p1a: Flamigo|0 fnt\n|faint|p1a: Flamigo\n|move|p1b: Ceruledge|Swords Dance|p1b: Ceruledge\n|-boost|p1b: Ceruledge|atk|2\n|move|p2b: Ting-Lu|Stomping Tantrum|p1b: Ceruledge\n|-supereffective|p1b: Ceruledge\n|-end|p1b: Ceruledge|Substitute\n|\n|upkeep\n|\n|t:|1682052536\n|switch|p1a: Maushold|Maushold-Four, L50|100\/100\n|turn|4\n|inactive|UKnownVGC has 30 seconds left.\n|\n|t:|1682052562\n|move|p1a: Maushold|Follow Me|p1a: Maushold\n|-singleturn|p1a: Maushold|move: Follow Me\n|move|p2a: Baxcalibur|Ice Shard|p1a: Maushold\n|-damage|p1a: Maushold|29\/100\n|move|p1b: Ceruledge|Shadow Claw|p2a: Baxcalibur\n|-damage|p2a: Baxcalibur|0 fnt\n|faint|p2a: Baxcalibur\n|move|p2b: Ting-Lu|Ruination|p1a: Maushold|[miss]\n|-miss|p2b: Ting-Lu|p1a: Maushold\n|\n|upkeep\n|\n|t:|1682052573\n|switch|p2a: Amoonguss|Amoonguss, L50, F|100\/100\n|turn|5\n|\n|t:|1682052588\n|move|p1a: Maushold|Follow Me|p1a: Maushold\n|-singleturn|p1a: Maushold|move: Follow Me\n|move|p1b: Ceruledge|Bitter Blade|p2a: Amoonguss\n|-supereffective|p2a: Amoonguss\n|-damage|p2a: Amoonguss|0 fnt\n|-heal|p1b: Ceruledge|100\/100|[from] drain|[of] p2a: Amoonguss\n|faint|p2a: Amoonguss\n|move|p2b: Ting-Lu|Heavy Slam|p1a: Maushold\n|-damage|p1a: Maushold|0 fnt\n|faint|p1a: Maushold\n|\n|upkeep\n|turn|6\n|\n|t:|1682052604\n|-terastallize|p1b: Ceruledge|Grass\n|move|p1b: Ceruledge|Bitter Blade|p1: Maushold|[notarget]\n|-fail|p1b: Ceruledge\n|move|p2b: Ting-Lu|Stomping Tantrum|p1b: Ceruledge\n|-resisted|p1b: Ceruledge\n|-damage|p1b: Ceruledge|70\/100\n|-ability|p1b: Ceruledge|Weak Armor|boost\n|-unboost|p1b: Ceruledge|def|1\n|-boost|p1b: Ceruledge|spe|2\n|\n|upkeep\n|turn|7\n|\n|t:|1682052617\n|move|p1b: Ceruledge|Bitter Blade|p2b: Ting-Lu\n|-damage|p2b: Ting-Lu|15\/100\n|-heal|p1b: Ceruledge|100\/100|[from] drain|[of] p2b: Ting-Lu\n|move|p2b: Ting-Lu|Ruination|p1b: Ceruledge\n|-damage|p1b: Ceruledge|50\/100\n|\n|upkeep\n|turn|8\n|-message|UKnownVGC forfeited.\n|\n|win|mait27\n|raw|mait27's rating: 1149 → 1166<\/strong> (+17 for winning)\n|raw|UKnownVGC's rating: 1034 → 1024<\/strong> (-10 for losing)\n|l|\u2606UKnownVGC\n","uploadtime":1682052634,"views":19,"p1id":"mait27","p2id":"uknownvgc","formatid":"gen9vgc2023regulationc","rating":1024,"private":0,"password":""}