{"id":"gen9vgc2023regulationc-1850962230","p1":"Determewnation","p2":"ZerosGal","format":"[Gen 9] VGC 2023 Regulation C","log":"|j|\u2606Determewnation\n|j|\u2606ZerosGal\n|t:|1682387429\n|gametype|doubles\n|player|p1|Determewnation|akari-isekai|1390\n|player|p2|ZerosGal|skyla|1433\n|teamsize|p1|6\n|teamsize|p2|6\n|gen|9\n|tier|[Gen 9] VGC 2023 Regulation C\n|rated|\n|rule|Species Clause: Limit one of each Pok\u00e9mon\n|rule|Item Clause: Limit one of each item\n|clearpoke\n|poke|p1|Iron Treads, L50|\n|poke|p1|Murkrow, L50, F|\n|poke|p1|Goodra, L50, M|\n|poke|p1|Maushold, L50|\n|poke|p1|Sylveon, L50, M|\n|poke|p1|Tsareena, L50, F|\n|poke|p2|Orthworm, L50, M|\n|poke|p2|Dragonite, L50, M|\n|poke|p2|Ting-Lu, L50|\n|poke|p2|Arcanine, L50, M|\n|poke|p2|Flutter Mane, L50|\n|poke|p2|Iron Bundle, L50|\n|teampreview|4\nZerosGal has agreed to open team sheets.\n|inactive|Battle timer is ON: inactive players will automatically lose when time's up. (requested by ZerosGal)\n|inactive|ZerosGal has 60 seconds left.\n|\n|t:|1682387488\n|start\n|switch|p1a: Murkrow|Murkrow, L50, F|100\/100\n|switch|p1b: Sylveon|Sylveon, L50, M|100\/100\n|switch|p2a: Arcanine|Arcanine, L50, M|100\/100\n|switch|p2b: Flutter Mane|Flutter Mane, L50|100\/100\n|-ability|p2a: Arcanine|Intimidate|boost\n|-unboost|p1a: Murkrow|atk|1\n|-unboost|p1b: Sylveon|atk|1\n|turn|1\n|\n|t:|1682387503\n|move|p1b: Sylveon|Protect|p1b: Sylveon\n|-singleturn|p1b: Sylveon|Protect\n|move|p1a: Murkrow|Tailwind|p1a: Murkrow\n|-sidestart|p1: Determewnation|move: Tailwind\n|move|p2b: Flutter Mane|Dazzling Gleam|p1b: Sylveon|[spread] p1a\n|-activate|p1b: Sylveon|move: Protect\n|-supereffective|p1a: Murkrow\n|-damage|p1a: Murkrow|0 fnt\n|faint|p1a: Murkrow\n|move|p2a: Arcanine|Snarl|p1b: Sylveon\n|-activate|p1b: Sylveon|move: Protect\n|\n|upkeep\n|\n|t:|1682387510\n|switch|p1a: Iron Treads|Iron Treads, L50|100\/100\n|turn|2\n|\n|t:|1682387531\n|-end|p2b: Flutter Mane|Protosynthesis|[silent]\n|switch|p2b: Orthworm|Orthworm, L50, M|100\/100\n|-terastallize|p2a: Arcanine|Water\n|move|p1a: Iron Treads|Rock Slide|p2a: Arcanine|[spread] p2a,p2b\n|-resisted|p2b: Orthworm\n|-damage|p2a: Arcanine|87\/100\n|-damage|p2b: Orthworm|95\/100\n|move|p1b: Sylveon|Hyper Voice|p2b: Orthworm|[spread] p2a,p2b\n|-resisted|p2b: Orthworm\n|-damage|p2a: Arcanine|46\/100\n|-damage|p2b: Orthworm|70\/100\n|-enditem|p1b: Sylveon|Throat Spray\n|-boost|p1b: Sylveon|spa|1|[from] item: Throat Spray\n|move|p2a: Arcanine|Flare Blitz|p1a: Iron Treads\n|-supereffective|p1a: Iron Treads\n|-damage|p1a: Iron Treads|17\/100\n|-damage|p2a: Arcanine|22\/100|[from] Recoil\n|\n|upkeep\n|turn|3\n|inactive|Determewnation has 30 seconds left.\n|inactive|Determewnation has 20 seconds left.\n|\n|t:|1682387570\n|-terastallize|p1b: Sylveon|Fire\n|move|p1a: Iron Treads|Protect|p1a: Iron Treads\n|-singleturn|p1a: Iron Treads|Protect\n|move|p2a: Arcanine|Protect|p2a: Arcanine\n|-singleturn|p2a: Arcanine|Protect\n|move|p1b: Sylveon|Tera Blast|p2b: Orthworm\n|-supereffective|p2b: Orthworm\n|-damage|p2b: Orthworm|0 fnt\n|faint|p2b: Orthworm\n|\n|upkeep\n|\n|t:|1682387587\n|switch|p2b: Ting-Lu|Ting-Lu, L50|100\/100\n|-ability|p2b: Ting-Lu|Vessel of Ruin\n|turn|4\n|\n|t:|1682387602\n|move|p1b: Sylveon|Protect|p1b: Sylveon\n|-singleturn|p1b: Sylveon|Protect\n|move|p1a: Iron Treads|Earthquake|p2a: Arcanine|[spread] p2a,p2b\n|-activate|p1b: Sylveon|move: Protect\n|-damage|p2a: Arcanine|0 fnt\n|-damage|p2b: Ting-Lu|77\/100\n|faint|p2a: Arcanine\n|move|p2b: Ting-Lu|Rock Slide|p1b: Sylveon|[spread] p1a\n|-activate|p1b: Sylveon|move: Protect\n|-resisted|p1a: Iron Treads\n|-damage|p1a: Iron Treads|12\/100\n|\n|-sideend|p1: Determewnation|move: Tailwind\n|upkeep\n|\n|t:|1682387612\n|switch|p2a: Flutter Mane|Flutter Mane, L50|100\/100\n|turn|5\n|inactive|ZerosGal has 30 seconds left.\n|\n|t:|1682387642\n|move|p2a: Flutter Mane|Moonblast|p1a: Iron Treads\n|-resisted|p1a: Iron Treads\n|-damage|p1a: Iron Treads|0 fnt\n|faint|p1a: Iron Treads\n|-end|p1a: Iron Treads|Quark Drive|[silent]\n|move|p1b: Sylveon|Hyper Beam|p2b: Ting-Lu\n|-supereffective|p2b: Ting-Lu\n|-damage|p2b: Ting-Lu|0 fnt\n|-mustrecharge|p1b: Sylveon\n|faint|p2b: Ting-Lu\n|\n|upkeep\n|\n|t:|1682387646\n|switch|p1a: Goodra|Goodra, L50, M, shiny|100\/100\n|turn|6\n|\n|t:|1682387652\n|move|p2a: Flutter Mane|Moonblast|p1a: Goodra\n|-supereffective|p1a: Goodra\n|-damage|p1a: Goodra|17\/100\n|cant|p1b: Sylveon|recharge\n|move|p1a: Goodra|Sludge Bomb|p2a: Flutter Mane\n|-damage|p2a: Flutter Mane|72\/100\n|-status|p2a: Flutter Mane|psn\n|\n|-damage|p2a: Flutter Mane|60\/100 psn|[from] psn\n|upkeep\n|turn|7\n|\n|t:|1682387660\n|move|p2a: Flutter Mane|Moonblast|p1b: Sylveon\n|-resisted|p1b: Sylveon\n|-damage|p1b: Sylveon|67\/100\n|-unboost|p1b: Sylveon|spa|1\n|move|p1a: Goodra|Sludge Bomb|p2a: Flutter Mane\n|-damage|p2a: Flutter Mane|32\/100 psn\n|move|p1b: Sylveon|Hyper Voice|p2a: Flutter Mane\n|-damage|p2a: Flutter Mane|0 fnt\n|faint|p2a: Flutter Mane\n|-end|p2a: Flutter Mane|Protosynthesis|[silent]\n|\n|win|Determewnation\n|raw|Determewnation's rating: 1390 → 1412<\/strong> (+22 for winning)\n|raw|ZerosGal's rating: 1433 → 1411<\/strong> (-22 for losing)\n|l|\u2606ZerosGal\n","uploadtime":1682387677,"views":6,"p1id":"determewnation","p2id":"zerosgal","formatid":"gen9vgc2023regulationc","rating":1411,"private":0,"password":""}