{"id":"gen9vgc2023regulationc-1851996734","p1":"pkFusy04","p2":"Reduxlemon","format":"[Gen 9] VGC 2023 Regulation C","log":"|j|\u2606pkFusy04\n|j|\u2606Reduxlemon\n|t:|1682515159\n|gametype|doubles\n|player|p1|pkFusy04|blackbelt-gen4dp|1028\n|player|p2|Reduxlemon|red|1022\n|teamsize|p1|6\n|teamsize|p2|6\n|gen|9\n|tier|[Gen 9] VGC 2023 Regulation C\n|rated|\n|rule|Species Clause: Limit one of each Pok\u00e9mon\n|rule|Item Clause: Limit one of each item\n|clearpoke\n|poke|p1|Krookodile, L50, F|\n|poke|p1|Froslass, L50, F|\n|poke|p1|Amoonguss, L50, M|\n|poke|p1|Flamigo, L50, M|\n|poke|p1|Murkrow, L50, M|\n|poke|p1|Flutter Mane, L50|\n|poke|p2|Roaring Moon, L50|\n|poke|p2|Iron Bundle, L50|\n|poke|p2|Flutter Mane, L50|\n|poke|p2|Amoonguss, L50, M|\n|poke|p2|Palafin, L50, F|\n|poke|p2|Ting-Lu, L50|\n|teampreview|4\n|inactive|Battle timer is ON: inactive players will automatically lose when time's up. (requested by pkFusy04)\n|inactive|Reduxlemon has 60 seconds left.\n|\n|t:|1682515201\n|start\n|switch|p1a: Krookodile|Krookodile, L50, F|100\/100\n|switch|p1b: Froslass|Froslass, L50, F|100\/100\n|switch|p2a: Iron Bundle|Iron Bundle, L50|100\/100\n|switch|p2b: Flutter Mane|Flutter Mane, L50|100\/100\n|turn|1\n|inactive|Reduxlemon has 30 seconds left.\n|\n|t:|1682515232\n|-terastallize|p1a: Krookodile|Ghost\n|move|p2a: Iron Bundle|Icy Wind|p1b: Froslass|[spread] p1a,p1b\n|-resisted|p1b: Froslass\n|-damage|p1a: Krookodile|85\/100\n|-damage|p1b: Froslass|84\/100\n|-unboost|p1a: Krookodile|spe|1\n|-unboost|p1b: Froslass|spe|1\n|move|p2b: Flutter Mane|Moonblast|p1a: Krookodile\n|-damage|p1a: Krookodile|23\/100\n|move|p1b: Froslass|Frost Breath|p1a: Krookodile\n|-crit|p1a: Krookodile\n|-damage|p1a: Krookodile|7\/100\n|-setboost|p1a: Krookodile|atk|6|[from] ability: Anger Point\n|move|p1a: Krookodile|Earthquake|p2b: Flutter Mane|[spread] p1b,p2a,p2b\n|-damage|p1b: Froslass|0 fnt\n|-enditem|p2a: Iron Bundle|Focus Sash\n|-damage|p2a: Iron Bundle|1\/100\n|-damage|p2b: Flutter Mane|0 fnt\n|-start|p1a: Krookodile|Disable|Earthquake|[from] ability: Cursed Body|[of] p1b: Froslass\n|faint|p1b: Froslass\n|faint|p2b: Flutter Mane\n|-end|p2b: Flutter Mane|Protosynthesis|[silent]\n|\n|upkeep\n|\n|t:|1682515256\n|switch|p1b: Flamigo|Flamigo, L50, M|100\/100\n|switch|p2b: Roaring Moon|Roaring Moon, L50, shiny|100\/100\n|-copyboost|p1b: Flamigo|p1a: Krookodile|[from] ability: Costar\n|-enditem|p2b: Roaring Moon|Booster Energy\n|-activate|p2b: Roaring Moon|ability: Protosynthesis|[fromitem]\n|-start|p2b: Roaring Moon|protosynthesisatk\n|turn|2\n|\n|t:|1682515271\n|move|p2b: Roaring Moon|Protect|p2b: Roaring Moon\n|-singleturn|p2b: Roaring Moon|Protect\n|move|p2a: Iron Bundle|Icy Wind|p1b: Flamigo|[spread] p1a,p1b\n|-supereffective|p1b: Flamigo\n|-damage|p1a: Krookodile|0 fnt\n|-damage|p1b: Flamigo|34\/100\n|-unboost|p1b: Flamigo|spe|1\n|faint|p1a: Krookodile\n|move|p1b: Flamigo|Close Combat|p2a: Iron Bundle\n|-supereffective|p2a: Iron Bundle\n|-damage|p2a: Iron Bundle|0 fnt\n|-unboost|p1b: Flamigo|def|1\n|-unboost|p1b: Flamigo|spd|1\n|faint|p2a: Iron Bundle\n|-end|p2a: Iron Bundle|Quark Drive|[silent]\n|\n|upkeep\n|inactive|Reduxlemon has 30 seconds left.\n|inactive|Reduxlemon has 20 seconds left.\n|inactive|Reduxlemon has 15 seconds left.\n|inactive|Reduxlemon has 10 seconds left.\n|inactive|Reduxlemon has 5 seconds left.\n|\n|t:|1682515326\n|switch|p2a: Amoonguss|Amoonguss, L50, M, shiny|100\/100\n|switch|p1a: Flutter Mane|Flutter Mane, L50|100\/100\n|-enditem|p1a: Flutter Mane|Booster Energy\n|-activate|p1a: Flutter Mane|ability: Protosynthesis|[fromitem]\n|-start|p1a: Flutter Mane|protosynthesisspe\n|turn|3\n|inactive|Reduxlemon has 30 seconds left.\n|inactive|Reduxlemon has 20 seconds left.\n|inactive|Reduxlemon has 15 seconds left.\n|inactive|Reduxlemon has 10 seconds left.\n|inactive|Reduxlemon has 5 seconds left.\n|\n|t:|1682515381\n|move|p2a: Amoonguss|Rage Powder|p2a: Amoonguss\n|-singleturn|p2a: Amoonguss|move: Rage Powder\n|move|p1a: Flutter Mane|Moonblast|p2a: Amoonguss\n|-resisted|p2a: Amoonguss\n|-crit|p2a: Amoonguss\n|-damage|p2a: Amoonguss|67\/100\n|move|p2b: Roaring Moon|Dragon Dance|p2b: Roaring Moon\n|-boost|p2b: Roaring Moon|atk|1\n|-boost|p2b: Roaring Moon|spe|1\n|move|p1b: Flamigo|Close Combat|p2a: Amoonguss\n|-resisted|p2a: Amoonguss\n|-damage|p2a: Amoonguss|0 fnt\n|-unboost|p1b: Flamigo|def|1\n|-unboost|p1b: Flamigo|spd|1\n|faint|p2a: Amoonguss\n|\n|upkeep\n|turn|4\n|\n|t:|1682515402\n|-terastallize|p2b: Roaring Moon|Steel\n|move|p1a: Flutter Mane|Moonblast|p2b: Roaring Moon\n|-resisted|p2b: Roaring Moon\n|-damage|p2b: Roaring Moon|79\/100\n|move|p2b: Roaring Moon|Acrobatics|p1b: Flamigo\n|-supereffective|p1b: Flamigo\n|-damage|p1b: Flamigo|0 fnt\n|faint|p1b: Flamigo\n|\n|upkeep\n|turn|5\n|\n|t:|1682515416\n|move|p1a: Flutter Mane|Protect|p1a: Flutter Mane\n|-singleturn|p1a: Flutter Mane|Protect\n|move|p2b: Roaring Moon|Acrobatics|p1a: Flutter Mane\n|-activate|p1a: Flutter Mane|move: Protect\n|\n|upkeep\n|turn|6\n|\n|t:|1682515424\n|move|p1a: Flutter Mane|Shadow Ball|p2b: Roaring Moon\n|-crit|p2b: Roaring Moon\n|-damage|p2b: Roaring Moon|28\/100\n|-unboost|p2b: Roaring Moon|spd|1\n|move|p2b: Roaring Moon|Acrobatics|p1a: Flutter Mane\n|-damage|p1a: Flutter Mane|0 fnt\n|faint|p1a: Flutter Mane\n|-end|p1a: Flutter Mane|Protosynthesis|[silent]\n|\n|win|Reduxlemon\n|raw|pkFusy04's rating: 1028 → 1014<\/strong> (-14 for losing)\n|raw|Reduxlemon's rating: 1022 → 1059<\/strong> (+37 for winning)\n|l|\u2606pkFusy04\n","uploadtime":1682515436,"views":7,"p1id":"pkfusy04","p2id":"reduxlemon","formatid":"gen9vgc2023regulationc","rating":1014,"private":0,"password":""}