{"id":"gen9vgc2023regulationc-1863385842","p1":"xopy92","p2":"Zombie0verlord","format":"[Gen 9] VGC 2023 Regulation C","log":"|j|\u2606xopy92\n|j|\u2606Zombie0verlord\n|t:|1684010303\n|gametype|doubles\n|player|p1|xopy92|acetrainer|\n|player|p2|Zombie0verlord|roughneck-gen4|\n|teamsize|p1|6\n|teamsize|p2|5\n|gen|9\n|tier|[Gen 9] VGC 2023 Regulation C\n|rule|Species Clause: Limit one of each Pok\u00e9mon\n|rule|Item Clause: Limit one of each item\n|clearpoke\n|poke|p1|Meowscarada, L50, M|\n|poke|p1|Vivillon-Fancy, L50, F|\n|poke|p1|Annihilape, L50, M|\n|poke|p1|Klawf, L50, F|\n|poke|p1|Palafin, L50, F|\n|poke|p1|Maushold-Four, L50|\n|poke|p2|Great Tusk, L50|\n|poke|p2|Orthworm, L50, F|\n|poke|p2|Bisharp, L50, M|\n|poke|p2|Garganacl, L50, F|\n|poke|p2|Houndstone, L50, M|\n|teampreview|4\n|inactive|Battle timer is ON: inactive players will automatically lose when time's up. (requested by Zombie0verlord)\n|inactiveoff|Battle timer is now OFF.\n|l|\u2606xopy92\n|player|p1|\n|j| TTV Vacave\n|j|\u2606xopy92\n|player|p1|xopy92|acetrainer\n|c|\u2606Zombie0verlord|ready?\n|c|\u2606xopy92|ye\n|\n|t:|1684010369\n|start\n|switch|p1a: Suffering|Maushold-Four, L50|100\/100\n|switch|p1b: Burglary|Klawf, L50, F|100\/100\n|switch|p2a: Bisharp|Bisharp, L50, M|100\/100\n|switch|p2b: Orthworm|Orthworm, L50, F|100\/100\n|turn|1\n|\n|t:|1684010384\n|move|p1a: Suffering|Population Bomb|p2b: Orthworm\n|-resisted|p2b: Orthworm\n|-damage|p2b: Orthworm|98\/100\n|-resisted|p2b: Orthworm\n|-damage|p2b: Orthworm|96\/100\n|-resisted|p2b: Orthworm\n|-damage|p2b: Orthworm|94\/100\n|-resisted|p2b: Orthworm\n|-damage|p2b: Orthworm|91\/100\n|-hitcount|p2b: Orthworm|4\n|move|p1b: Burglary|Rock Slide|p2b: Orthworm|[spread] p2a\n|-miss|p1b: Burglary|p2b: Orthworm\n|-resisted|p2a: Bisharp\n|-damage|p2a: Bisharp|88\/100\n|cant|p2a: Bisharp|flinch\n|move|p2b: Orthworm|Shed Tail|p2b: Orthworm\n|-start|p2b: Orthworm|Substitute|[from] move: Shed Tail\n|-damage|p2b: Orthworm|41\/100\n|-enditem|p2b: Orthworm|Sitrus Berry|[eat]\n|-heal|p2b: Orthworm|66\/100|[from] item: Sitrus Berry\n|\n|t:|1684010407\n|switch|p2b: Great Tusk|Great Tusk, L50|100\/100|[from] Shed Tail\n|\n|upkeep\n|turn|2\n|\n|t:|1684010417\n|-terastallize|p2b: Great Tusk|Ground\n|move|p1a: Suffering|Population Bomb|p2b: Great Tusk\n|-crit|p2b: Great Tusk\n|-activate|p2b: Great Tusk|move: Substitute|[damage]\n|-activate|p2b: Great Tusk|move: Substitute|[damage]\n|-activate|p2b: Great Tusk|move: Substitute|[damage]\n|-end|p2b: Great Tusk|Substitute\n|-damage|p2b: Great Tusk|95\/100\n|-damage|p2b: Great Tusk|90\/100\n|-damage|p2b: Great Tusk|86\/100\n|-damage|p2b: Great Tusk|81\/100\n|-damage|p2b: Great Tusk|76\/100\n|-damage|p2b: Great Tusk|71\/100\n|-hitcount|p2b: Great Tusk|10\n|move|p2b: Great Tusk|Earthquake|p1a: Suffering|[spread] p2a,p1a,p1b\n|-supereffective|p2a: Bisharp\n|-supereffective|p1b: Burglary\n|-damage|p2a: Bisharp|0 fnt\n|-damage|p1a: Suffering|0 fnt\n|-enditem|p1b: Burglary|Focus Sash\n|-damage|p1b: Burglary|1\/100\n|faint|p2a: Bisharp\n|faint|p1a: Suffering\n|-ability|p1b: Burglary|Anger Shell|boost\n|-boost|p1b: Burglary|atk|1\n|-boost|p1b: Burglary|spa|1\n|-boost|p1b: Burglary|spe|1\n|-unboost|p1b: Burglary|def|1\n|-unboost|p1b: Burglary|spd|1\n|-damage|p2b: Great Tusk|61\/100|[from] item: Life Orb\n|move|p1b: Burglary|Rock Slide|p2b: Great Tusk\n|-resisted|p2b: Great Tusk\n|-damage|p2b: Great Tusk|44\/100\n|\n|upkeep\n|\n|t:|1684010449\n|switch|p1a: Murder|Vivillon-Fancy, L50, F|100\/100\n|switch|p2a: Garganacl|Garganacl, L50, F|100\/100\n|turn|3\n|\n|t:|1684010470\n|move|p1b: Burglary|Protect|p1b: Burglary\n|-singleturn|p1b: Burglary|Protect\n|move|p1a: Murder|Sleep Powder|p2b: Great Tusk\n|-status|p2b: Great Tusk|slp|[from] move: Sleep Powder\n|cant|p2b: Great Tusk|slp\n|move|p2a: Garganacl|Sandstorm|p2a: Garganacl\n|-weather|Sandstorm\n|\n|-weather|Sandstorm|[upkeep]\n|-damage|p1a: Murder|95\/100|[from] Sandstorm\n|upkeep\n|turn|4\n|\n|t:|1684010487\n|move|p1b: Burglary|Rock Slide|p2a: Garganacl|[spread] p2a,p2b\n|-resisted|p2b: Great Tusk\n|-damage|p2a: Garganacl|79\/100\n|-damage|p2b: Great Tusk|31\/100 slp\n|move|p1a: Murder|Sleep Powder|p2a: Garganacl\n|-status|p2a: Garganacl|slp|[from] move: Sleep Powder\n|-enditem|p2a: Garganacl|Lum Berry|[eat]\n|-curestatus|p2a: Garganacl|slp|[msg]\n|cant|p2b: Great Tusk|slp\n|move|p2a: Garganacl|Explosion|p1a: Murder|[spread] p2b,p1a,p1b\n|-resisted|p1b: Burglary\n|-damage|p2b: Great Tusk|2\/100 slp\n|-damage|p1a: Murder|12\/100\n|-damage|p1b: Burglary|0 fnt\n|faint|p2a: Garganacl\n|faint|p1b: Burglary\n|\n|-weather|Sandstorm|[upkeep]\n|-damage|p1a: Murder|6\/100|[from] Sandstorm\n|upkeep\n|\n|t:|1684010506\n|switch|p1b: Femboy|Annihilape, L50, M|100\/100\n|switch|p2a: Orthworm|Orthworm, L50, F|66\/100\n|turn|5\n|\n|t:|1684010524\n|-terastallize|p1a: Murder|Ground\n|move|p1a: Murder|Sleep Powder|p2a: Orthworm\n|-status|p2a: Orthworm|slp|[from] move: Sleep Powder\n|-curestatus|p2b: Great Tusk|slp|[msg]\n|move|p2b: Great Tusk|Earthquake|p1b: Femboy|[spread] p1a,p1b\n|-heal|p2a: Orthworm|90\/100 slp|[from] ability: Earth Eater|[of] p2b: Great Tusk\n|-damage|p1a: Murder|0 fnt\n|-damage|p1b: Femboy|47\/100\n|faint|p1a: Murder\n|-damage|p2b: Great Tusk|0 fnt|[from] item: Life Orb\n|faint|p2b: Great Tusk\n|-end|p2b: Great Tusk|Protosynthesis|[silent]\n|move|p1b: Femboy|Drain Punch|p2a: Orthworm\n|-supereffective|p2a: Orthworm\n|-damage|p2a: Orthworm|34\/100 slp\n|-heal|p1b: Femboy|71\/100|[from] drain|[of] p2a: Orthworm\n|cant|p2a: Orthworm|slp\n|\n|-weather|Sandstorm|[upkeep]\n|-damage|p1b: Femboy|65\/100|[from] Sandstorm\n|upkeep\n|turn|6\n|\n|t:|1684010549\n|move|p1b: Femboy|Drain Punch|p2a: Orthworm\n|-supereffective|p2a: Orthworm\n|-damage|p2a: Orthworm|0 fnt\n|-heal|p1b: Femboy|80\/100|[from] drain|[of] p2a: Orthworm\n|faint|p2a: Orthworm\n|\n|win|xopy92\n|c|\u2606Zombie0verlord|gg i lose\n|c|\u2606xopy92|gg\n|l| TTV Vacave\n|c|\u2606xopy92|do you mind if I save the replay?\n|c|\u2606Zombie0verlord|not at all\n|c|\u2606xopy92|okok\n|c|\u2606xopy92|ty\n|c|\u2606Zombie0verlord|np :D\n|l|\u2606Zombie0verlord\n","uploadtime":1684010611,"views":29,"p1id":"xopy92","p2id":"zombie0verlord","formatid":"gen9vgc2023regulationc","rating":0,"private":0,"password":""}