{"id":"gen9vgc2023regulationc-1847438640","p1":"TrainerRYSA","p2":"Lon Jackdon","format":"[Gen 9] VGC 2023 Regulation C","log":"|j|\u2606TrainerRYSA\n|j|\u2606Lon Jackdon\n|t:|1681955168\n|gametype|doubles\n|player|p1|TrainerRYSA|169|1187\n|player|p2|Lon Jackdon|colress|1116\n|teamsize|p1|6\n|teamsize|p2|6\n|gen|9\n|tier|[Gen 9] VGC 2023 Regulation C\n|rated|\n|rule|Species Clause: Limit one of each Pok\u00e9mon\n|rule|Item Clause: Limit one of each item\n|clearpoke\n|poke|p1|Flutter Mane, L50|\n|poke|p1|Iron Hands, L50|\n|poke|p1|Dragonite, L50, M|\n|poke|p1|Umbreon, L50, M|\n|poke|p1|Gyarados, L50, F|\n|poke|p1|Palafin, L50, F|\n|poke|p2|Chi-Yu, L50|\n|poke|p2|Iron Bundle, L50|\n|poke|p2|Toedscruel, L50, M|\n|poke|p2|Dachsbun, L50, F|\n|poke|p2|Raichu, L50, M|\n|poke|p2|Espathra, L50, F|\n|teampreview|4\n|\n|t:|1681955197\n|start\n|switch|p1a: Gyarados|Gyarados, L50, F, shiny|100\/100\n|switch|p1b: Iron Hands|Iron Hands, L50|100\/100\n|switch|p2a: Dachsbun|Dachsbun, L50, F|100\/100\n|switch|p2b: Chi-Yu|Chi-Yu, L50|100\/100\n|-ability|p2b: Chi-Yu|Beads of Ruin\n|-ability|p1a: Gyarados|Intimidate|boost\n|-unboost|p2a: Dachsbun|atk|1\n|-unboost|p2b: Chi-Yu|atk|1\n|turn|1\n|\n|t:|1681955228\n|move|p2b: Chi-Yu|Protect|p2b: Chi-Yu\n|-singleturn|p2b: Chi-Yu|Protect\n|move|p1a: Gyarados|Dragon Dance|p1a: Gyarados\n|-boost|p1a: Gyarados|atk|1\n|-boost|p1a: Gyarados|spe|1\n|move|p2a: Dachsbun|Yawn|p1a: Gyarados\n|-start|p1a: Gyarados|move: Yawn|[of] p2a: Dachsbun\n|move|p1b: Iron Hands|Heavy Slam|p2a: Dachsbun\n|-supereffective|p2a: Dachsbun\n|-damage|p2a: Dachsbun|24\/100\n|\n|-heal|p2a: Dachsbun|30\/100|[from] item: Leftovers\n|upkeep\n|turn|2\n|\n|t:|1681955249\n|-terastallize|p2b: Chi-Yu|Fairy\n|move|p2a: Dachsbun|Helping Hand|p2b: Chi-Yu\n|-singleturn|p2b: Chi-Yu|Helping Hand|[of] p2a: Dachsbun\n|move|p1a: Gyarados|Waterfall|p2b: Chi-Yu\n|-damage|p2b: Chi-Yu|0 fnt\n|faint|p2b: Chi-Yu\n|move|p1b: Iron Hands|Heavy Slam|p2a: Dachsbun\n|-supereffective|p2a: Dachsbun\n|-damage|p2a: Dachsbun|0 fnt\n|faint|p2a: Dachsbun\n|\n|-end|p1a: Gyarados|move: Yawn|[silent]\n|-status|p1a: Gyarados|slp\n|upkeep\n|\n|t:|1681955261\n|switch|p2b: Toedscruel|Toedscruel, L50, M|100\/100\n|switch|p2a: Iron Bundle|Iron Bundle, L50|100\/100\n|turn|3\n|\n|t:|1681955286\n|-terastallize|p1a: Gyarados|Poison\n|move|p2a: Iron Bundle|Freeze-Dry|p1a: Gyarados\n|-damage|p1a: Gyarados|66\/100 slp\n|cant|p1a: Gyarados|slp\n|move|p1b: Iron Hands|Drain Punch|p2a: Iron Bundle\n|-supereffective|p2a: Iron Bundle\n|-enditem|p2a: Iron Bundle|Focus Sash\n|-damage|p2a: Iron Bundle|1\/100\n|move|p2b: Toedscruel|Spore|p1b: Iron Hands\n|-status|p1b: Iron Hands|slp|[from] move: Spore\n|\n|upkeep\n|turn|4\n|\n|t:|1681955303\n|move|p2a: Iron Bundle|Hydro Pump|p1b: Iron Hands\n|-damage|p1b: Iron Hands|71\/100 slp\n|-curestatus|p1a: Gyarados|slp|[msg]\n|move|p1a: Gyarados|Taunt|p2b: Toedscruel\n|-start|p2b: Toedscruel|move: Taunt\n|move|p2b: Toedscruel|Earth Power|p1a: Gyarados\n|-supereffective|p1a: Gyarados\n|-damage|p1a: Gyarados|2\/100\n|-enditem|p1a: Gyarados|Sitrus Berry|[eat]\n|-heal|p1a: Gyarados|26\/100|[from] item: Sitrus Berry\n|cant|p1b: Iron Hands|slp\n|\n|upkeep\n|turn|5\n|\n|t:|1681955335\n|move|p2a: Iron Bundle|Icy Wind|p1b: Iron Hands|[spread] p1a,p1b\n|-damage|p1a: Gyarados|3\/100\n|-damage|p1b: Iron Hands|61\/100 slp\n|-unboost|p1a: Gyarados|spe|1\n|-unboost|p1b: Iron Hands|spe|1\n|move|p1a: Gyarados|Waterfall|p2b: Toedscruel\n|-damage|p2b: Toedscruel|36\/100\n|move|p2b: Toedscruel|Earth Power|p1b: Iron Hands\n|-supereffective|p1b: Iron Hands\n|-damage|p1b: Iron Hands|32\/100 slp\n|cant|p1b: Iron Hands|slp\n|\n|upkeep\n|turn|6\n|\n|t:|1681955353\n|move|p2a: Iron Bundle|Icy Wind|p1a: Gyarados|[spread] p1a,p1b\n|-damage|p1a: Gyarados|0 fnt\n|-damage|p1b: Iron Hands|22\/100 slp\n|-unboost|p1b: Iron Hands|spe|1\n|faint|p1a: Gyarados\n|move|p2b: Toedscruel|Earth Power|p1b: Iron Hands\n|-supereffective|p1b: Iron Hands\n|-damage|p1b: Iron Hands|0 fnt\n|faint|p1b: Iron Hands\n|-end|p1b: Iron Hands|Quark Drive|[silent]\n|\n|-end|p2b: Toedscruel|move: Taunt\n|upkeep\n|\n|t:|1681955363\n|switch|p1a: Sasuke|Umbreon, L50, M, shiny|100\/100\n|switch|p1b: Flutter Mane|Flutter Mane, L50|100\/100\n|-enditem|p1b: Flutter Mane|Booster Energy\n|-activate|p1b: Flutter Mane|ability: Protosynthesis|[fromitem]\n|-start|p1b: Flutter Mane|protosynthesisspa\n|turn|7\n|\n|t:|1681955385\n|move|p1b: Flutter Mane|Protect|p1b: Flutter Mane\n|-singleturn|p1b: Flutter Mane|Protect\n|move|p2a: Iron Bundle|Icy Wind|p1a: Sasuke|[spread] p1a\n|-activate|p1b: Flutter Mane|move: Protect\n|-damage|p1a: Sasuke|87\/100\n|-unboost|p1a: Sasuke|spe|1\n|move|p2b: Toedscruel|Earth Power|p1b: Flutter Mane\n|-activate|p1b: Flutter Mane|move: Protect\n|move|p1a: Sasuke|Snarl|p2b: Toedscruel|[spread] p2a,p2b\n|-damage|p2a: Iron Bundle|0 fnt\n|-damage|p2b: Toedscruel|28\/100\n|-unboost|p2b: Toedscruel|spa|1\n|faint|p2a: Iron Bundle\n|-end|p2a: Iron Bundle|Quark Drive|[silent]\n|\n|upkeep\n|turn|8\n|-message|Lon Jackdon forfeited.\n|\n|win|TrainerRYSA\n|raw|TrainerRYSA's rating: 1187 → 1207<\/strong> (+20 for winning)\n|raw|Lon Jackdon's rating: 1116 → 1096<\/strong> (-20 for losing)\n|l|\u2606Lon Jackdon\n","uploadtime":1681955404,"views":14,"p1id":"trainerrysa","p2id":"lonjackdon","formatid":"gen9vgc2023regulationc","rating":1096,"private":0,"password":""}