{"id":"gen9vgc2023regulationc-1856053587","p1":"Trap Jihad","p2":"Insertable194","format":"[Gen 9] VGC 2023 Regulation C","log":"|j|\u2606Trap Jihad\n|j|\u2606Insertable194\n|t:|1683023770\n|gametype|doubles\n|player|p1|Trap Jihad|striker|1435\n|player|p2|Insertable194|102|1443\n|teamsize|p1|6\n|teamsize|p2|6\n|gen|9\n|tier|[Gen 9] VGC 2023 Regulation C\n|rated|\n|rule|Species Clause: Limit one of each Pok\u00e9mon\n|rule|Item Clause: Limit one of each item\n|clearpoke\n|poke|p1|Iron Bundle, L50|\n|poke|p1|Maushold-Four, L50|\n|poke|p1|Annihilape, L50, F|\n|poke|p1|Chi-Yu, L50|\n|poke|p1|Ting-Lu, L50|\n|poke|p1|Scizor, L50, M|\n|poke|p2|Talonflame, L50, F|\n|poke|p2|Dragapult, L50, M|\n|poke|p2|Flutter Mane, L50|\n|poke|p2|Chien-Pao, L50|\n|poke|p2|Farigiraf, L50, F|\n|poke|p2|Chi-Yu, L50|\n|teampreview|4\nInsertable194 has agreed to open team sheets.\n|inactive|Battle timer is ON: inactive players will automatically lose when time's up. (requested by Insertable194)\n|\n|t:|1683023823\n|start\n|switch|p1a: Annihilape|Annihilape, L50, F, shiny|100\/100\n|switch|p1b: Iron Bundle|Iron Bundle, L50, shiny|100\/100\n|switch|p2a: Talonflame|Talonflame, L50, F|100\/100\n|switch|p2b: Chi-Yu|Chi-Yu, L50|100\/100\n|-ability|p2b: Chi-Yu|Beads of Ruin\n|turn|1\n|inactive|Trap Jihad has 30 seconds left.\n|\n|t:|1683023850\n|-terastallize|p1a: Annihilape|Fire\n|move|p2a: Talonflame|Tailwind|p2a: Talonflame\n|-sidestart|p2: Insertable194|move: Tailwind\n|move|p2b: Chi-Yu|Heat Wave|p1b: Iron Bundle|[spread] p1a,p1b\n|-resisted|p1a: Annihilape\n|-crit|p1a: Annihilape\n|-damage|p1a: Annihilape|60\/100\n|-damage|p1b: Iron Bundle|0 fnt\n|faint|p1b: Iron Bundle\n|-end|p1b: Iron Bundle|Quark Drive|[silent]\n|-damage|p2b: Chi-Yu|90\/100|[from] item: Life Orb\n|move|p1a: Annihilape|Drain Punch|p2b: Chi-Yu\n|-supereffective|p2b: Chi-Yu\n|-damage|p2b: Chi-Yu|0 fnt\n|-heal|p1a: Annihilape|88\/100|[from] drain|[of] p2b: Chi-Yu\n|faint|p2b: Chi-Yu\n|\n|-heal|p1a: Annihilape|94\/100|[from] item: Leftovers\n|upkeep\n|inactive|Trap Jihad has 30 seconds left.\n|inactive|Trap Jihad has 20 seconds left.\n|inactive|Trap Jihad has 15 seconds left.\n|\n|t:|1683023892\n|switch|p1b: Maushold|Maushold-Four, L50, shiny|100\/100\n|switch|p2b: Dragapult|Dragapult, L50, M|100\/100\n|turn|2\n|\n|t:|1683023903\n|-terastallize|p2b: Dragapult|Ghost\n|move|p1b: Maushold|Follow Me|p1b: Maushold\n|-singleturn|p1b: Maushold|move: Follow Me\n|move|p2b: Dragapult|Phantom Force||[still]\n|-prepare|p2b: Dragapult|Phantom Force\n|move|p2a: Talonflame|Taunt|p1b: Maushold\n|-start|p1b: Maushold|move: Taunt\n|move|p1a: Annihilape|Rage Fist|p2a: Talonflame\n|-damage|p2a: Talonflame|36\/100\n|\n|-heal|p1a: Annihilape|99\/100|[from] item: Leftovers\n|upkeep\n|turn|3\n|inactive|Trap Jihad has 30 seconds left.\n|\n|t:|1683023931\n|move|p2b: Dragapult|Phantom Force|p1a: Annihilape|[from]lockedmove\n|-damage|p1a: Annihilape|39\/100\n|move|p2a: Talonflame|Brave Bird|p1a: Annihilape\n|-damage|p1a: Annihilape|5\/100\n|-damage|p2a: Talonflame|20\/100|[from] Recoil\n|move|p1b: Maushold|Beat Up|p2a: Talonflame\n|-damage|p2a: Talonflame|15\/100\n|-damage|p2a: Talonflame|11\/100\n|-crit|p2a: Talonflame\n|-damage|p2a: Talonflame|2\/100\n|-hitcount|p2a: Talonflame|3\n|move|p1a: Annihilape|Rage Fist|p2b: Dragapult\n|-supereffective|p2b: Dragapult\n|-damage|p2b: Dragapult|0 fnt\n|faint|p2b: Dragapult\n|\n|-heal|p1a: Annihilape|11\/100|[from] item: Leftovers\n|upkeep\n|\n|t:|1683023937\n|switch|p2b: Flutter Mane|Flutter Mane, L50|100\/100\n|turn|4\n|inactive|Insertable194 has 30 seconds left.\n|\n|t:|1683023963\n|move|p1a: Annihilape|Protect|p1a: Annihilape\n|-singleturn|p1a: Annihilape|Protect\n|move|p2a: Talonflame|Brave Bird|p1b: Maushold\n|-damage|p1b: Maushold|44\/100\n|-damage|p2a: Talonflame|0 fnt|[from] Recoil\n|faint|p2a: Talonflame\n|move|p2b: Flutter Mane|Dazzling Gleam|p1b: Maushold|[spread] p1b\n|-activate|p1a: Annihilape|move: Protect\n|-damage|p1b: Maushold|4\/100\n|move|p1b: Maushold|Beat Up|p2b: Flutter Mane\n|-damage|p2b: Flutter Mane|94\/100\n|-damage|p2b: Flutter Mane|89\/100\n|-damage|p2b: Flutter Mane|83\/100\n|-hitcount|p2b: Flutter Mane|3\n|\n|-heal|p1a: Annihilape|17\/100|[from] item: Leftovers\n|-sideend|p2: Insertable194|move: Tailwind\n|upkeep\n|turn|5\n|\n|t:|1683023980\n|move|p2b: Flutter Mane|Dazzling Gleam|p1b: Maushold|[spread] p1a,p1b\n|-resisted|p1a: Annihilape\n|-crit|p1b: Maushold\n|-damage|p1a: Annihilape|3\/100\n|-damage|p1b: Maushold|0 fnt\n|faint|p1b: Maushold\n|move|p1a: Annihilape|Rage Fist|p2b: Flutter Mane\n|-supereffective|p2b: Flutter Mane\n|-damage|p2b: Flutter Mane|0 fnt\n|faint|p2b: Flutter Mane\n|-end|p2b: Flutter Mane|Protosynthesis|[silent]\n|\n|win|Trap Jihad\n|raw|Trap Jihad's rating: 1435 → 1455<\/strong> (+20 for winning)\n|raw|Insertable194's rating: 1443 → 1423<\/strong> (-20 for losing)\n","uploadtime":1683023983,"views":4,"p1id":"trapjihad","p2id":"insertable194","formatid":"gen9vgc2023regulationc","rating":1423,"private":0,"password":""}