{"id":"gen9vgc2023regulationc-1850991961","p1":"MareeohYT","p2":"leafyarrow","format":"[Gen 9] VGC 2023 Regulation C","log":"|j|\u2606MareeohYT\n|j|\u2606leafyarrow\n|t:|1682391161\n|gametype|doubles\n|player|p1|MareeohYT|policeman-gen4|\n|player|p2|leafyarrow|leaf-gen3|\n|teamsize|p1|6\n|teamsize|p2|6\n|gen|9\n|tier|[Gen 9] VGC 2023 Regulation C\n|rated|Tournament battle\n|rule|Species Clause: Limit one of each Pok\u00e9mon\n|rule|Item Clause: Limit one of each item\n|clearpoke\n|poke|p1|Sableye, L50, M|\n|poke|p1|Iron Bundle, L50|\n|poke|p1|Amoonguss, L50, F|\n|poke|p1|Chi-Yu, L50|\n|poke|p1|Flutter Mane, L50|\n|poke|p1|Scizor, L50, M|\n|poke|p2|Flutter Mane, L50|\n|poke|p2|Palafin, L50, M|\n|poke|p2|Amoonguss, L50, M|\n|poke|p2|Ting-Lu, L50|\n|poke|p2|Arcanine, L50, M|\n|poke|p2|Kingambit, L50, M|\n|teampreview|4\n|raw| Open Team Sheet for MareeohYT<\/summary>Sableye @ Focus Sash Ability: Prankster Level: 50 Tera Type: Grass - Fake Out - Encore - Disable - Protect Iron Bundle @ Booster Energy Ability: Quark Drive Level: 50 Tera Type: Ice - Freeze-Dry - Hydro Pump - Icy Wind - Protect Amoonguss @ Sitrus Berry Ability: Regenerator Level: 50 Tera Type: Water - Spore - Rage Powder - Pollen Puff - Protect Chi-Yu @ Safety Goggles Ability: Beads of Ruin Level: 50 Tera Type: Ghost - Heat Wave - Dark Pulse - Nasty Plot - Protect Flutter Mane @ Choice Specs Ability: Protosynthesis Level: 50 Shiny: Yes Tera Type: Water - Moonblast - Shadow Ball - Thunderbolt - Dazzling Gleam Scizor @ Clear Amulet Ability: Technician Level: 50 Tera Type: Steel - Bullet Punch - U-turn - Swords Dance - Protect <\/details><\/div> Open Team Sheet for leafyarrow<\/summary>Flutter Mane @ Choice Specs Ability: Protosynthesis Level: 50 Tera Type: Fairy - Moonblast - Dazzling Gleam - Shadow Ball - Thunderbolt Palafin @ Mystic Water Ability: Zero to Hero Level: 50 Tera Type: Water - Jet Punch - Wave Crash - Haze - Protect Amoonguss @ Sitrus Berry Ability: Regenerator Level: 50 Tera Type: Flying - Pollen Puff - Protect - Spore - Rage Powder Ting-Lu @ Assault Vest Ability: Vessel of Ruin Level: 50 Tera Type: Poison - Ruination - Stomping Tantrum - Heavy Slam - Fissure Arcanine @ Safety Goggles Ability: Intimidate Level: 50 Tera Type: Grass - Flare Blitz - Will-O-Wisp - Protect - Extreme Speed Kingambit @ Lum Berry Ability: Defiant Level: 50 Tera Type: Grass - Iron Head - Protect - Sucker Punch - Tera Blast <\/details><\/div>\n|\n|t:|1682391219\n|start\n|switch|p1a: Sableye|Sableye, L50, M|100\/100\n|switch|p1b: Iron Bundle|Iron Bundle, L50|100\/100\n|switch|p2a: Ting-Lu|Ting-Lu, L50|100\/100\n|switch|p2b: Palafin|Palafin, L50, M|100\/100\n|-ability|p2a: Ting-Lu|Vessel of Ruin\n|-enditem|p1b: Iron Bundle|Booster Energy\n|-activate|p1b: Iron Bundle|ability: Quark Drive|[fromitem]\n|-start|p1b: Iron Bundle|quarkdrivespe\n|turn|1\n|j|%Bright Size\n|\n|t:|1682391254\n|move|p2b: Palafin|Protect|p2b: Palafin\n|-singleturn|p2b: Palafin|Protect\n|move|p1a: Sableye|Fake Out|p2a: Ting-Lu\n|-crit|p2a: Ting-Lu\n|-damage|p2a: Ting-Lu|94\/100\n|move|p1b: Iron Bundle|Hydro Pump|p2b: Palafin\n|-activate|p2b: Palafin|move: Protect\n|cant|p2a: Ting-Lu|flinch\n|\n|upkeep\n|turn|2\n|\n|t:|1682391280\n|detailschange|p2b: Palafin|Palafin-Hero, L50, M\n|switch|p2b: Amoonguss|Amoonguss, L50, M|100\/100\n|-terastallize|p2a: Ting-Lu|Poison\n|move|p1a: Sableye|Protect|p1a: Sableye\n|-singleturn|p1a: Sableye|Protect\n|move|p1b: Iron Bundle|Freeze-Dry|p2b: Amoonguss\n|-supereffective|p2b: Amoonguss\n|-damage|p2b: Amoonguss|57\/100\n|move|p2a: Ting-Lu|Heavy Slam|p1b: Iron Bundle\n|-damage|p1b: Iron Bundle|60\/100\n|\n|upkeep\n|turn|3\n|\n|t:|1682391322\n|-terastallize|p1a: Sableye|Grass\n|move|p1b: Iron Bundle|Protect|p1b: Iron Bundle\n|-singleturn|p1b: Iron Bundle|Protect\n|move|p1a: Sableye|Disable|p2a: Ting-Lu\n|-start|p2a: Ting-Lu|Disable|Heavy Slam\n|cant|p2a: Ting-Lu|Disable|Heavy Slam\n|move|p2b: Amoonguss|Spore|p1a: Sableye\n|-immune|p1a: Sableye\n|\n|upkeep\n|turn|4\n|\n|t:|1682391353\n|switch|p2a: Arcanine|Arcanine, L50, M|100\/100\n|-ability|p2a: Arcanine|Intimidate|boost\n|-unboost|p1a: Sableye|atk|1\n|-unboost|p1b: Iron Bundle|atk|1\n|move|p2b: Amoonguss|Protect|p2b: Amoonguss\n|-singleturn|p2b: Amoonguss|Protect\n|move|p1a: Sableye|Disable|p2b: Amoonguss\n|-activate|p2b: Amoonguss|move: Protect\n|move|p1b: Iron Bundle|Freeze-Dry|p2b: Amoonguss\n|-activate|p2b: Amoonguss|move: Protect\n|\n|upkeep\n|turn|5\n|\n|t:|1682391386\n|switch|p2b: Ting-Lu|Ting-Lu, L50, tera:Poison|94\/100\n|-ability|p2b: Ting-Lu|Vessel of Ruin\n|move|p1a: Sableye|Protect|p1a: Sableye\n|-singleturn|p1a: Sableye|Protect\n|move|p1b: Iron Bundle|Freeze-Dry|p2b: Ting-Lu\n|-damage|p2b: Ting-Lu|82\/100\n|move|p2a: Arcanine|Flare Blitz|p1a: Sableye\n|-activate|p1a: Sableye|move: Protect\n|\n|upkeep\n|turn|6\n|\n|t:|1682391414\n|move|p2a: Arcanine|Extreme Speed|p1a: Sableye\n|-damage|p1a: Sableye|76\/100\n|move|p1a: Sableye|Disable|p2a: Arcanine\n|-start|p2a: Arcanine|Disable|Extreme Speed\n|move|p1b: Iron Bundle|Freeze-Dry|p2a: Arcanine\n|-resisted|p2a: Arcanine\n|-crit|p2a: Arcanine\n|-damage|p2a: Arcanine|79\/100\n|move|p2b: Ting-Lu|Heavy Slam|p1a: Sableye\n|-damage|p1a: Sableye|44\/100\n|\n|upkeep\n|turn|7\n|inactive|Battle timer is ON: inactive players will automatically lose when time's up. (requested by MareeohYT)\n|\n|t:|1682391476\n|move|p1a: Sableye|Protect|p1a: Sableye\n|-singleturn|p1a: Sableye|Protect\n|move|p2a: Arcanine|Protect|p2a: Arcanine\n|-singleturn|p2a: Arcanine|Protect\n|move|p1b: Iron Bundle|Hydro Pump|p2a: Arcanine\n|-activate|p2a: Arcanine|move: Protect\n|move|p2b: Ting-Lu|Stomping Tantrum|p1b: Iron Bundle\n|-damage|p1b: Iron Bundle|23\/100\n|\n|upkeep\n|turn|8\n|\n|t:|1682391499\n|switch|p2a: Amoonguss|Amoonguss, L50, M|90\/100\n|switch|p1a: Scizor|Scizor, L50, M|100\/100\n|move|p1b: Iron Bundle|Freeze-Dry|p2a: Amoonguss\n|-supereffective|p2a: Amoonguss\n|-damage|p2a: Amoonguss|44\/100\n|-enditem|p2a: Amoonguss|Sitrus Berry|[eat]\n|-heal|p2a: Amoonguss|69\/100|[from] item: Sitrus Berry\n|move|p2b: Ting-Lu|Heavy Slam|p1b: Iron Bundle\n|-damage|p1b: Iron Bundle|0 fnt\n|faint|p1b: Iron Bundle\n|-end|p1b: Iron Bundle|Quark Drive|[silent]\n|\n|upkeep\n|\n|t:|1682391513\n|switch|p1b: Sableye|Sableye, L50, M, tera:Grass|44\/100\n|turn|9\n|\n|t:|1682391527\n|switch|p2b: Arcanine|Arcanine, L50, M|79\/100\n|-ability|p2b: Arcanine|Intimidate|boost\n|-fail|p1a: Scizor|unboost|[from] item: Clear Amulet|[of] p1a: Scizor\n|-unboost|p1b: Sableye|atk|1\n|move|p2a: Amoonguss|Protect|p2a: Amoonguss\n|-singleturn|p2a: Amoonguss|Protect\n|move|p1b: Sableye|Fake Out|p2a: Amoonguss\n|-activate|p2a: Amoonguss|move: Protect\n|move|p1a: Scizor|Swords Dance|p1a: Scizor\n|-boost|p1a: Scizor|atk|2\n|\n|upkeep\n|turn|10\n|inactive|leafyarrow has 30 seconds left.\n|inactive|leafyarrow has 20 seconds left.\n|inactive|MareeohYT has 30 seconds left.\n|inactive|leafyarrow has 15 seconds left.\n|\n|t:|1682391571\n|switch|p1b: Flutter Mane|Flutter Mane, L50, shiny|100\/100\n|move|p1a: Scizor|Protect|p1a: Scizor\n|-singleturn|p1a: Scizor|Protect\n|move|p2b: Arcanine|Flare Blitz|p1a: Scizor\n|-activate|p1a: Scizor|move: Protect\n|move|p2a: Amoonguss|Spore|p1a: Scizor\n|-activate|p1a: Scizor|move: Protect\n|\n|upkeep\n|turn|11\n|inactive|MareeohYT has 30 seconds left.\n|\n|t:|1682391596\n|move|p2a: Amoonguss|Rage Powder|p2a: Amoonguss\n|-singleturn|p2a: Amoonguss|move: Rage Powder\n|move|p1a: Scizor|Bullet Punch|p2a: Amoonguss\n|-damage|p2a: Amoonguss|18\/100\n|move|p1b: Flutter Mane|Shadow Ball|p2a: Amoonguss\n|-damage|p2a: Amoonguss|0 fnt\n|faint|p2a: Amoonguss\n|move|p2b: Arcanine|Flare Blitz|p1a: Scizor\n|-supereffective|p1a: Scizor\n|-damage|p1a: Scizor|0 fnt\n|faint|p1a: Scizor\n|-damage|p2b: Arcanine|49\/100|[from] Recoil\n|\n|upkeep\n|\n|t:|1682391607\n|switch|p1a: Sableye|Sableye, L50, M, tera:Grass|44\/100\n|switch|p2a: Palafin|Palafin-Hero, L50, M|100\/100\n|-activate|p2a: Palafin|ability: Zero to Hero\n|turn|12\n|\n|t:|1682391615\n|move|p1a: Sableye|Protect|p1a: Sableye\n|-singleturn|p1a: Sableye|Protect\n|move|p2b: Arcanine|Protect|p2b: Arcanine\n|-singleturn|p2b: Arcanine|Protect\n|move|p2a: Palafin|Protect|p2a: Palafin\n|-singleturn|p2a: Palafin|Protect\n|move|p1b: Flutter Mane|Shadow Ball|p2a: Palafin\n|-activate|p2a: Palafin|move: Protect\n|\n|upkeep\n|turn|13\n|j| HisuianTestament\n|\n|t:|1682391629\n|move|p2b: Arcanine|Extreme Speed|p1a: Sableye\n|-damage|p1a: Sableye|20\/100\n|move|p2a: Palafin|Jet Punch|p1b: Flutter Mane\n|-damage|p1b: Flutter Mane|36\/100\n|move|p1a: Sableye|Encore|p2a: Palafin\n|-start|p2a: Palafin|Encore\n|move|p1b: Flutter Mane|Shadow Ball|p2b: Arcanine\n|-damage|p2b: Arcanine|0 fnt\n|faint|p2b: Arcanine\n|\n|upkeep\n|\n|t:|1682391640\n|switch|p2b: Ting-Lu|Ting-Lu, L50, tera:Poison|82\/100\n|-ability|p2b: Ting-Lu|Vessel of Ruin\n|turn|14\n|\n|t:|1682391651\n|move|p2a: Palafin|Jet Punch|p1b: Flutter Mane\n|-damage|p1b: Flutter Mane|0 fnt\n|faint|p1b: Flutter Mane\n|-end|p1b: Flutter Mane|Protosynthesis|[silent]\n|move|p1a: Sableye|Disable|p2a: Palafin\n|-start|p2a: Palafin|Disable|Jet Punch\n|move|p2b: Ting-Lu|Heavy Slam|p1a: Sableye\n|-damage|p1a: Sableye|0 fnt\n|faint|p1a: Sableye\n|\n|win|leafyarrow\n|n|\u2606MareeohYT|mareeohyt\n|n|\u2606leafyarrow|leafyarrow\n|n| Bright Size|brightsize\n|n| HisuianTestament|hisuiantestament\n|c|\u2606MareeohYT|gg wp\n|c|\u2606leafyarrow|gg\n","uploadtime":1682391657,"views":12,"p1id":"mareeohyt","p2id":"leafyarrow","formatid":"gen9vgc2023regulationc","rating":0,"private":0,"password":""}