{"id":"gen9vgc2023regulationc-1856498189","p1":"HocusPocusAlakazam","p2":"tarkus474","format":"[Gen 9] VGC 2023 Regulation C","log":"|j|\u2606HocusPocusAlakazam\n|j|\u2606tarkus474\n|t:|1683068311\n|gametype|doubles\n|player|p1|HocusPocusAlakazam|colress|1151\n|player|p2|tarkus474|chuck|1111\n|teamsize|p1|6\n|teamsize|p2|6\n|gen|9\n|tier|[Gen 9] VGC 2023 Regulation C\n|rated|\n|rule|Species Clause: Limit one of each Pok\u00e9mon\n|rule|Item Clause: Limit one of each item\n|clearpoke\n|poke|p1|Arcanine, L50, M|\n|poke|p1|Amoonguss, L50, M|\n|poke|p1|Flutter Mane, L50|\n|poke|p1|Palafin, L50, F|\n|poke|p1|Baxcalibur, L50, F|\n|poke|p1|Ting-Lu, L50|\n|poke|p2|Greedent, L50, F|\n|poke|p2|Vaporeon, L50, M|\n|poke|p2|Great Tusk, L50|\n|poke|p2|Murkrow, L50, F|\n|poke|p2|Iron Hands, L50|\n|poke|p2|Flutter Mane, L50|\n|teampreview|4\nHocusPocusAlakazam has agreed to open team sheets.\ntarkus474 rejected open team sheets.\n|inactive|Battle timer is ON: inactive players will automatically lose when time's up. (requested by HocusPocusAlakazam)\n|inactive|HocusPocusAlakazam has 60 seconds left.\n|\n|t:|1683068354\n|start\n|switch|p1a: Arcanine|Arcanine, L50, M|100\/100\n|switch|p1b: Palafin|Palafin, L50, F|100\/100\n|switch|p2a: Great Tusk|Great Tusk, L50|100\/100\n|switch|p2b: Murkrow|Murkrow, L50, F|100\/100\n|-ability|p1a: Arcanine|Intimidate|boost\n|-unboost|p2a: Great Tusk|atk|1\n|-unboost|p2b: Murkrow|atk|1\n|turn|1\n|\n|t:|1683068374\n|-terastallize|p1a: Arcanine|Flying\n|move|p2a: Great Tusk|Protect|p2a: Great Tusk\n|-singleturn|p2a: Great Tusk|Protect\n|move|p1b: Palafin|Protect|p1b: Palafin\n|-singleturn|p1b: Palafin|Protect\n|move|p2b: Murkrow|Tailwind|p2b: Murkrow\n|-sidestart|p2: tarkus474|move: Tailwind\n|move|p1a: Arcanine|Will-O-Wisp|p2a: Great Tusk\n|-activate|p2a: Great Tusk|move: Protect\n|\n|upkeep\n|turn|2\n|\n|t:|1683068392\n|-end|p2a: Great Tusk|Protosynthesis|[silent]\n|switch|p2a: Vaporeon|Vaporeon, L50, M|100\/100\n|detailschange|p1b: Palafin|Palafin-Hero, L50, F\n|switch|p1b: Amoonguss|Amoonguss, L50, M|100\/100\n|move|p2b: Murkrow|Foul Play|p1a: Arcanine\n|-damage|p1a: Arcanine|62\/100\n|move|p1a: Arcanine|Will-O-Wisp|p2a: Vaporeon\n|-status|p2a: Vaporeon|brn\n|\n|-damage|p2a: Vaporeon|94\/100 brn|[from] brn\n|upkeep\n|turn|3\n|inactive|tarkus474 has 30 seconds left.\n|\n|t:|1683068417\n|switch|p1a: Palafin|Palafin-Hero, L50, F|100\/100\n|-activate|p1a: Palafin|ability: Zero to Hero\n|move|p2b: Murkrow|Foul Play|p1a: Palafin\n|-damage|p1a: Palafin|43\/100\n|move|p2a: Vaporeon|Icy Wind|p1a: Palafin|[spread] p1a,p1b\n|-resisted|p1a: Palafin\n|-supereffective|p1b: Amoonguss\n|-damage|p1a: Palafin|38\/100\n|-damage|p1b: Amoonguss|84\/100\n|-unboost|p1a: Palafin|spe|1\n|-unboost|p1b: Amoonguss|spe|1\n|move|p1b: Amoonguss|Spore|p2b: Murkrow\n|-status|p2b: Murkrow|slp|[from] move: Spore\n|\n|-heal|p2a: Vaporeon|100\/100 brn|[from] item: Leftovers\n|-damage|p2a: Vaporeon|94\/100 brn|[from] brn\n|upkeep\n|turn|4\n|inactive|HocusPocusAlakazam has 30 seconds left.\n|inactive|tarkus474 has 30 seconds left.\n|\n|t:|1683068448\n|move|p2a: Vaporeon|Protect|p2a: Vaporeon\n|-singleturn|p2a: Vaporeon|Protect\n|cant|p2b: Murkrow|slp\n|move|p1a: Palafin|Jet Punch|p2b: Murkrow\n|-damage|p2b: Murkrow|39\/100 slp\n|move|p1b: Amoonguss|Pollen Puff|p1a: Palafin\n|-heal|p1a: Palafin|88\/100\n|\n|-heal|p2a: Vaporeon|100\/100 brn|[from] item: Leftovers\n|-damage|p2a: Vaporeon|94\/100 brn|[from] brn\n|-sideend|p2: tarkus474|move: Tailwind\n|upkeep\n|turn|5\n|\n|t:|1683068468\n|switch|p2b: Iron Hands|Iron Hands, L50|100\/100\n|move|p1b: Amoonguss|Rage Powder|p1b: Amoonguss\n|-singleturn|p1b: Amoonguss|move: Rage Powder\n|move|p1a: Palafin|Jet Punch|p2b: Iron Hands\n|-damage|p2b: Iron Hands|68\/100\n|move|p2a: Vaporeon|Muddy Water|p1b: Amoonguss|[spread] p1a,p1b\n|-resisted|p1a: Palafin\n|-resisted|p1b: Amoonguss\n|-damage|p1a: Palafin|76\/100\n|-damage|p1b: Amoonguss|73\/100\n|-unboost|p1b: Amoonguss|accuracy|1\n|\n|-heal|p2a: Vaporeon|100\/100 brn|[from] item: Leftovers\n|-damage|p2a: Vaporeon|94\/100 brn|[from] brn\n|upkeep\n|turn|6\n|inactive|HocusPocusAlakazam has 30 seconds left.\n|inactive|tarkus474 has 30 seconds left.\n|\n|t:|1683068505\n|switch|p1b: Arcanine|Arcanine, L50, M, tera:Flying|62\/100\n|-ability|p1b: Arcanine|Intimidate|boost\n|-unboost|p2a: Vaporeon|atk|1\n|-unboost|p2b: Iron Hands|atk|1\n|move|p2a: Vaporeon|Muddy Water|p1a: Palafin|[spread] p1a\n|-miss|p2a: Vaporeon|p1b: Arcanine\n|-resisted|p1a: Palafin\n|-damage|p1a: Palafin|65\/100\n|move|p1a: Palafin|Wave Crash|p2b: Iron Hands\n|-damage|p2b: Iron Hands|8\/100\n|-damage|p1a: Palafin|40\/100|[from] Recoil\n|move|p2b: Iron Hands|Stomping Tantrum|p1b: Arcanine\n|-immune|p1b: Arcanine\n|\n|-heal|p2a: Vaporeon|100\/100 brn|[from] item: Leftovers\n|-damage|p2a: Vaporeon|94\/100 brn|[from] brn\n|upkeep\n|turn|7\n|inactive|HocusPocusAlakazam has 30 seconds left.\n|inactive|tarkus474 has 30 seconds left.\n|\n|t:|1683068535\n|switch|p1a: Amoonguss|Amoonguss, L50, M|100\/100\n|-end|p2b: Iron Hands|Quark Drive|[silent]\n|switch|p2b: Murkrow|Murkrow, L50, F|39\/100 slp\n|move|p1b: Arcanine|Extreme Speed|p2b: Murkrow\n|-damage|p2b: Murkrow|12\/100 slp\n|move|p2a: Vaporeon|Icy Wind|p1b: Arcanine|[spread] p1a,p1b\n|-supereffective|p1a: Amoonguss\n|-supereffective|p1b: Arcanine\n|-damage|p1a: Amoonguss|82\/100\n|-damage|p1b: Arcanine|39\/100\n|-unboost|p1a: Amoonguss|spe|1\n|-unboost|p1b: Arcanine|spe|1\n|\n|-heal|p2a: Vaporeon|100\/100 brn|[from] item: Leftovers\n|-damage|p2a: Vaporeon|94\/100 brn|[from] brn\n|upkeep\n|turn|8\n|inactive|tarkus474 has 30 seconds left.\n|\n|t:|1683068562\n|switch|p2b: Great Tusk|Great Tusk, L50|100\/100\n|move|p1b: Arcanine|Extreme Speed|p2b: Great Tusk\n|-damage|p2b: Great Tusk|83\/100\n|move|p1a: Amoonguss|Rage Powder|p1a: Amoonguss\n|-singleturn|p1a: Amoonguss|move: Rage Powder\n|move|p2a: Vaporeon|Muddy Water|p1b: Arcanine|[spread] \n|-miss|p2a: Vaporeon|p1a: Amoonguss\n|-miss|p2a: Vaporeon|p1b: Arcanine\n|\n|-heal|p2a: Vaporeon|100\/100 brn|[from] item: Leftovers\n|-damage|p2a: Vaporeon|94\/100 brn|[from] brn\n|upkeep\n|turn|9\n|\n|t:|1683068587\n|move|p1a: Amoonguss|Rage Powder|p1a: Amoonguss\n|-singleturn|p1a: Amoonguss|move: Rage Powder\n|move|p2b: Great Tusk|Close Combat|p1a: Amoonguss\n|-resisted|p1a: Amoonguss\n|-damage|p1a: Amoonguss|49\/100\n|-unboost|p2b: Great Tusk|def|1\n|-unboost|p2b: Great Tusk|spd|1\n|-enditem|p1a: Amoonguss|Sitrus Berry|[eat]\n|-heal|p1a: Amoonguss|74\/100|[from] item: Sitrus Berry\n|-damage|p2b: Great Tusk|74\/100|[from] item: Life Orb\n|move|p2a: Vaporeon|Icy Wind|p1b: Arcanine|[spread] p1a,p1b\n|-supereffective|p1a: Amoonguss\n|-supereffective|p1b: Arcanine\n|-damage|p1a: Amoonguss|56\/100\n|-damage|p1b: Arcanine|15\/100\n|-unboost|p1a: Amoonguss|spe|1\n|-unboost|p1b: Arcanine|spe|1\n|move|p1b: Arcanine|Will-O-Wisp|p2b: Great Tusk\n|-status|p2b: Great Tusk|brn\n|\n|-heal|p2a: Vaporeon|100\/100 brn|[from] item: Leftovers\n|-damage|p2b: Great Tusk|68\/100 brn|[from] brn\n|-damage|p2a: Vaporeon|94\/100 brn|[from] brn\n|upkeep\n|turn|10\n|inactive|HocusPocusAlakazam has 30 seconds left.\n|inactive|HocusPocusAlakazam has 20 seconds left.\n|inactive|HocusPocusAlakazam has 15 seconds left.\n|inactive|HocusPocusAlakazam has 10 seconds left.\n|\n|t:|1683068634\n|-end|p2b: Great Tusk|Protosynthesis|[silent]\n|switch|p2b: Murkrow|Murkrow, L50, F|12\/100 slp\n|move|p1b: Arcanine|Extreme Speed|p2a: Vaporeon\n|-damage|p2a: Vaporeon|75\/100 brn\n|move|p1a: Amoonguss|Rage Powder|p1a: Amoonguss\n|-singleturn|p1a: Amoonguss|move: Rage Powder\n|move|p2a: Vaporeon|Muddy Water|p1a: Amoonguss|[spread] p1b\n|-miss|p2a: Vaporeon|p1a: Amoonguss\n|-damage|p1b: Arcanine|0 fnt\n|faint|p1b: Arcanine\n|\n|-heal|p2a: Vaporeon|81\/100 brn|[from] item: Leftovers\n|-damage|p2a: Vaporeon|75\/100 brn|[from] brn\n|upkeep\n|\n|t:|1683068640\n|switch|p1b: Flutter Mane|Flutter Mane, L50, shiny|100\/100\n|turn|11\n|\n|t:|1683068655\n|move|p1a: Amoonguss|Rage Powder|p1a: Amoonguss\n|-singleturn|p1a: Amoonguss|move: Rage Powder\n|-curestatus|p2b: Murkrow|slp|[msg]\n|move|p2b: Murkrow|Tailwind|p2b: Murkrow\n|-sidestart|p2: tarkus474|move: Tailwind\n|move|p1b: Flutter Mane|Dazzling Gleam|p2b: Murkrow|[spread] p2a,p2b\n|-supereffective|p2b: Murkrow\n|-damage|p2a: Vaporeon|38\/100 brn\n|-damage|p2b: Murkrow|0 fnt\n|faint|p2b: Murkrow\n|move|p2a: Vaporeon|Icy Wind|p1a: Amoonguss|[spread] p1a,p1b\n|-supereffective|p1a: Amoonguss\n|-crit|p1b: Flutter Mane\n|-damage|p1a: Amoonguss|37\/100\n|-damage|p1b: Flutter Mane|84\/100\n|-unboost|p1a: Amoonguss|spe|1\n|-unboost|p1b: Flutter Mane|spe|1\n|\n|-heal|p2a: Vaporeon|44\/100 brn|[from] item: Leftovers\n|-damage|p2a: Vaporeon|38\/100 brn|[from] brn\n|upkeep\n|\n|t:|1683068670\n|switch|p2b: Great Tusk|Great Tusk, L50|68\/100 brn\n|turn|12\n|\n|t:|1683068688\n|-terastallize|p2b: Great Tusk|Ground\n|move|p2a: Vaporeon|Protect|p2a: Vaporeon\n|-singleturn|p2a: Vaporeon|Protect\n|move|p1a: Amoonguss|Rage Powder|p1a: Amoonguss\n|-singleturn|p1a: Amoonguss|move: Rage Powder\n|move|p2b: Great Tusk|Earthquake|p1b: Flutter Mane|[spread] p1a,p1b\n|-activate|p2a: Vaporeon|move: Protect\n|-crit|p1b: Flutter Mane\n|-damage|p1a: Amoonguss|11\/100\n|-damage|p1b: Flutter Mane|0 fnt\n|faint|p1b: Flutter Mane\n|-end|p1b: Flutter Mane|Protosynthesis|[silent]\n|-damage|p2b: Great Tusk|58\/100 brn|[from] item: Life Orb\n|\n|-heal|p2a: Vaporeon|44\/100 brn|[from] item: Leftovers\n|-damage|p2b: Great Tusk|52\/100 brn|[from] brn\n|-damage|p2a: Vaporeon|38\/100 brn|[from] brn\n|upkeep\n|\n|t:|1683068697\n|switch|p1b: Palafin|Palafin-Hero, L50, F|40\/100\n|turn|13\n|\n|t:|1683068709\n|move|p2b: Great Tusk|Protect|p2b: Great Tusk\n|-singleturn|p2b: Great Tusk|Protect\n|move|p1a: Amoonguss|Protect|p1a: Amoonguss\n|-singleturn|p1a: Amoonguss|Protect\n|move|p1b: Palafin|Jet Punch|p2b: Great Tusk\n|-activate|p2b: Great Tusk|move: Protect\n|move|p2a: Vaporeon|Icy Wind|p1a: Amoonguss|[spread] p1b\n|-activate|p1a: Amoonguss|move: Protect\n|-resisted|p1b: Palafin\n|-damage|p1b: Palafin|36\/100\n|-unboost|p1b: Palafin|spe|1\n|\n|-heal|p2a: Vaporeon|44\/100 brn|[from] item: Leftovers\n|-damage|p2b: Great Tusk|46\/100 brn|[from] brn\n|-damage|p2a: Vaporeon|38\/100 brn|[from] brn\n|upkeep\n|turn|14\n|\n|t:|1683068726\n|move|p2a: Vaporeon|Protect|p2a: Vaporeon\n|-singleturn|p2a: Vaporeon|Protect\n|move|p1b: Palafin|Jet Punch|p2b: Great Tusk\n|-supereffective|p2b: Great Tusk\n|-damage|p2b: Great Tusk|0 fnt\n|faint|p2b: Great Tusk\n|-end|p2b: Great Tusk|Protosynthesis|[silent]\n|move|p1a: Amoonguss|Pollen Puff|p2a: Vaporeon\n|-activate|p2a: Vaporeon|move: Protect\n|\n|-heal|p2a: Vaporeon|44\/100 brn|[from] item: Leftovers\n|-damage|p2a: Vaporeon|38\/100 brn|[from] brn\n|-sideend|p2: tarkus474|move: Tailwind\n|upkeep\n|\n|t:|1683068738\n|switch|p2b: Iron Hands|Iron Hands, L50|8\/100\n|turn|15\n|\n|t:|1683068748\n|move|p1b: Palafin|Protect|p1b: Palafin\n|-singleturn|p1b: Palafin|Protect\n|move|p1a: Amoonguss|Protect|p1a: Amoonguss\n|-singleturn|p1a: Amoonguss|Protect\n|move|p2a: Vaporeon|Icy Wind|p1b: Palafin|[spread] \n|-activate|p1a: Amoonguss|move: Protect\n|-activate|p1b: Palafin|move: Protect\n|move|p2b: Iron Hands|Thunder Punch|p1b: Palafin\n|-activate|p1b: Palafin|move: Protect\n|\n|-heal|p2a: Vaporeon|44\/100 brn|[from] item: Leftovers\n|-damage|p2a: Vaporeon|38\/100 brn|[from] brn\n|upkeep\n|turn|16\n|\n|t:|1683068764\n|move|p1b: Palafin|Jet Punch|p2b: Iron Hands\n|-damage|p2b: Iron Hands|0 fnt\n|faint|p2b: Iron Hands\n|-end|p2b: Iron Hands|Quark Drive|[silent]\n|move|p2a: Vaporeon|Icy Wind|p1a: Amoonguss|[spread] p1a,p1b\n|-supereffective|p1a: Amoonguss\n|-resisted|p1b: Palafin\n|-damage|p1a: Amoonguss|0 fnt\n|-damage|p1b: Palafin|30\/100\n|-unboost|p1b: Palafin|spe|1\n|faint|p1a: Amoonguss\n|\n|-heal|p2a: Vaporeon|44\/100 brn|[from] item: Leftovers\n|-damage|p2a: Vaporeon|38\/100 brn|[from] brn\n|upkeep\n|turn|17\n|\n|t:|1683068778\n|move|p1b: Palafin|Jet Punch|p2a: Vaporeon\n|-heal|p2a: Vaporeon|63\/100 brn|[from] ability: Water Absorb|[of] p1b: Palafin\n|move|p2a: Vaporeon|Muddy Water|p1b: Palafin|[miss]\n|-miss|p2a: Vaporeon|p1b: Palafin\n|\n|-heal|p2a: Vaporeon|69\/100 brn|[from] item: Leftovers\n|-damage|p2a: Vaporeon|63\/100 brn|[from] brn\n|upkeep\n|turn|18\n|-message|HocusPocusAlakazam forfeited.\n|\n|win|tarkus474\n|raw|HocusPocusAlakazam's rating: 1151 → 1123<\/strong> (-28 for losing)\n|raw|tarkus474's rating: 1111 → 1139<\/strong> (+28 for winning)\n","uploadtime":1683068791,"views":9,"p1id":"hocuspocusalakazam","p2id":"tarkus474","formatid":"gen9vgc2023regulationc","rating":1123,"private":0,"password":""}