{"id":"gen9vgc2023regulationc-1862231629","p1":"Ultraquesito","p2":"Alonso26ca","format":"[Gen 9] VGC 2023 Regulation C","log":"|j|\u2606Ultraquesito\n|j|\u2606Alonso26ca\n|t:|1683852587\n|gametype|doubles\n|player|p1|Ultraquesito|266|\n|player|p2|Alonso26ca|n|\n|teamsize|p1|6\n|teamsize|p2|6\n|gen|9\n|tier|[Gen 9] VGC 2023 Regulation C\n|rule|Species Clause: Limit one of each Pok\u00e9mon\n|rule|Item Clause: Limit one of each item\n|clearpoke\n|poke|p1|Tauros-Paldea-Aqua, L50, M|\n|poke|p1|Glalie, L50, F|\n|poke|p1|Talonflame, L50, M|\n|poke|p1|Lycanroc-Dusk, L50, M|\n|poke|p1|Raichu, L50, M|\n|poke|p1|Staraptor, L50, M|\n|poke|p2|Dragonite, L50, F|\n|poke|p2|Great Tusk, L50|\n|poke|p2|Torkoal, L50, F|\n|poke|p2|Annihilape, L50, F|\n|poke|p2|Garchomp, L50, F|\n|poke|p2|Gengar, L50, F|\n|teampreview|4\n|inactive|Battle timer is ON: inactive players will automatically lose when time's up. (requested by Alonso26ca)\n|inactiveoff|Battle timer is now OFF.\n|c|\u2606Alonso26ca|apaga timer\n|c|\u2606Ultraquesito|hola\n|c|\u2606Alonso26ca|quiero ir al \u00f1oba\n|c|\u2606Ultraquesito|suerte\n|c|\u2606Alonso26ca|xddddd\n|c|\u2606Ultraquesito|anda\n|c|\u2606Alonso26ca|regrese\n|\n|t:|1683852670\n|start\n|switch|p1a: Talonflame|Talonflame, L50, M|100\/100\n|switch|p1b: Staraptor|Staraptor, L50, M|100\/100\n|switch|p2a: Gengar|Gengar, L50, F|100\/100\n|switch|p2b: Torkoal|Torkoal, L50, F|100\/100\n|-weather|SunnyDay|[from] ability: Drought|[of] p2b: Torkoal\n|turn|1\n|inactive|Battle timer is ON: inactive players will automatically lose when time's up. (requested by Alonso26ca)\n|inactiveoff|Battle timer is now OFF.\n|c|\u2606Ultraquesito|ya go\n|\n|t:|1683852765\n|move|p1a: Talonflame|Tailwind|p1a: Talonflame\n|-sidestart|p1: Ultraquesito|move: Tailwind\n|move|p1b: Staraptor|Brave Bird|p2a: Gengar\n|-enditem|p2a: Gengar|Focus Sash\n|-damage|p2a: Gengar|1\/100\n|-damage|p1b: Staraptor|75\/100|[from] Recoil\n|move|p2b: Torkoal|Yawn|p1a: Talonflame\n|-start|p1a: Talonflame|move: Yawn|[of] p2b: Torkoal\n|move|p2a: Gengar|Trick Room|p2a: Gengar\n|-fieldstart|move: Trick Room|[of] p2a: Gengar\n|\n|-weather|SunnyDay|[upkeep]\n|upkeep\n|turn|2\n|c|\u2606Ultraquesito|no me esperaba eso\n|c|\u2606Ultraquesito|ya me cagste\n|c|\u2606Alonso26ca|si\n|c|\u2606Alonso26ca|estaba pensado por si tenias tailwind\n|c|\u2606Alonso26ca|normalmente si hay tipo volador lo llevan\n|c|\u2606Ultraquesito|primera vez que uso en el torneo\n|\n|t:|1683852855\n|switch|p1b: Raichu|Raichu, L50, M|100\/100\n|move|p1a: Talonflame|Air Slash|p2a: Gengar\n|-damage|p2a: Gengar|0 fnt\n|-start|p1a: Talonflame|Disable|Air Slash|[from] ability: Cursed Body|[of] p2a: Gengar\n|faint|p2a: Gengar\n|move|p2b: Torkoal|Yawn|p1b: Raichu\n|-start|p1b: Raichu|move: Yawn|[of] p2b: Torkoal\n|\n|-weather|SunnyDay|[upkeep]\n|-end|p1a: Talonflame|move: Yawn|[silent]\n|-status|p1a: Talonflame|slp\n|upkeep\n|\n|t:|1683852865\n|switch|p2a: Great Tusk|Great Tusk, L50|100\/100\n|-activate|p2a: Great Tusk|ability: Protosynthesis\n|-start|p2a: Great Tusk|protosynthesisatk\n|turn|3\n|c|\u2606Alonso26ca|igual meti missclick con uno de mis persos\n|\n|t:|1683852948\n|move|p2b: Torkoal|Protect|p2b: Torkoal\n|-singleturn|p2b: Torkoal|Protect\n|move|p1b: Raichu|Fake Out|p2a: Great Tusk\n|-crit|p2a: Great Tusk\n|-damage|p2a: Great Tusk|92\/100\n|cant|p2a: Great Tusk|flinch\n|cant|p1a: Talonflame|slp\n|\n|-weather|SunnyDay|[upkeep]\n|-end|p1b: Raichu|move: Yawn|[silent]\n|-status|p1b: Raichu|slp\n|upkeep\n|turn|4\n|c|\u2606Alonso26ca|me olvide mi estrategia xd\n|\n|t:|1683852970\n|move|p2b: Torkoal|Protect|p2b: Torkoal\n|-singleturn|p2b: Torkoal|Protect\n|move|p2a: Great Tusk|Earthquake|p1a: Talonflame|[spread] p1b\n|-activate|p2b: Torkoal|move: Protect\n|-immune|p1a: Talonflame\n|-supereffective|p1b: Raichu\n|-enditem|p1b: Raichu|Focus Sash\n|-damage|p1b: Raichu|1\/100 slp\n|-damage|p2a: Great Tusk|82\/100|[from] item: Life Orb\n|-curestatus|p1a: Talonflame|slp|[msg]\n|move|p1a: Talonflame|Will-O-Wisp|p2a: Great Tusk|[miss]\n|-miss|p1a: Talonflame|p2a: Great Tusk\n|cant|p1b: Raichu|slp\n|\n|-weather|SunnyDay|[upkeep]\n|-sideend|p1: Ultraquesito|move: Tailwind\n|upkeep\n|turn|5\n|\n|t:|1683853008\n|switch|p1b: Staraptor|Staraptor, L50, M|75\/100\n|move|p2a: Great Tusk|Protect|p2a: Great Tusk\n|-singleturn|p2a: Great Tusk|Protect\n|move|p2b: Torkoal|Yawn|p1a: Talonflame\n|-start|p1a: Talonflame|move: Yawn|[of] p2b: Torkoal\n|move|p1a: Talonflame|Will-O-Wisp|p2a: Great Tusk\n|-activate|p2a: Great Tusk|move: Protect\n|\n|-weather|none\n|-end|p2a: Great Tusk|Protosynthesis\n|-end|p1a: Talonflame|Disable\n|-fieldend|move: Trick Room\n|upkeep\n|turn|6\n|\n|t:|1683853048\n|-terastallize|p2a: Great Tusk|Ground\n|move|p1a: Talonflame|Air Slash|p2a: Great Tusk\n|-damage|p2a: Great Tusk|34\/100\n|move|p1b: Staraptor|Brave Bird|p2b: Torkoal\n|-damage|p2b: Torkoal|33\/100\n|-enditem|p2b: Torkoal|Sitrus Berry|[eat]\n|-heal|p2b: Torkoal|58\/100|[from] item: Sitrus Berry\n|-damage|p1b: Staraptor|52\/100|[from] Recoil\n|move|p2a: Great Tusk|Ice Spinner|p1b: Staraptor\n|-supereffective|p1b: Staraptor\n|-damage|p1b: Staraptor|0 fnt\n|faint|p1b: Staraptor\n|-damage|p2a: Great Tusk|24\/100|[from] item: Life Orb\n|move|p2b: Torkoal|Yawn||[still]\n|-fail|p2b: Torkoal\n|\n|-end|p1a: Talonflame|move: Yawn|[silent]\n|-status|p1a: Talonflame|slp\n|upkeep\n|\n|t:|1683853077\n|switch|p1b: Glalie|Glalie, L50, F|100\/100\n|turn|7\n|\n|t:|1683853091\n|switch|p1a: Raichu|Raichu, L50, M|1\/100 slp\n|move|p2a: Great Tusk|Protect|p2a: Great Tusk\n|-singleturn|p2a: Great Tusk|Protect\n|move|p1b: Glalie|Protect|p1b: Glalie\n|-singleturn|p1b: Glalie|Protect\n|move|p2b: Torkoal|Overheat|p1b: Glalie\n|-activate|p1b: Glalie|move: Protect\n|\n|-ability|p1b: Glalie|Moody|boost\n|-boost|p1b: Glalie|spe|2\n|-unboost|p1b: Glalie|spd|1\n|upkeep\n|turn|8\n|\n|t:|1683853123\n|-end|p2a: Great Tusk|Protosynthesis|[silent]\n|switch|p2a: Annihilape|Annihilape, L50, F|100\/100\n|move|p1b: Glalie|Blizzard|p2a: Annihilape|[spread] p2a,p2b\n|-resisted|p2b: Torkoal\n|-damage|p2a: Annihilape|83\/100\n|-damage|p2b: Torkoal|45\/100\n|cant|p1a: Raichu|slp\n|move|p2b: Torkoal|Overheat|p1b: Glalie\n|-supereffective|p1b: Glalie\n|-damage|p1b: Glalie|0 fnt\n|-unboost|p2b: Torkoal|spa|2\n|faint|p1b: Glalie\n|\n|-heal|p2a: Annihilape|89\/100|[from] item: Leftovers\n|upkeep\n|\n|t:|1683853136\n|switch|p1b: Talonflame|Talonflame, L50, M|100\/100 slp\n|turn|9\n|\n|t:|1683853154\n|cant|p1b: Talonflame|slp\n|cant|p1a: Raichu|slp\n|move|p2a: Annihilape|Bulk Up|p2a: Annihilape\n|-boost|p2a: Annihilape|atk|1\n|-boost|p2a: Annihilape|def|1\n|move|p2b: Torkoal|Overheat|p1a: Raichu\n|-damage|p1a: Raichu|0 fnt\n|-unboost|p2b: Torkoal|spa|2\n|faint|p1a: Raichu\n|\n|-heal|p2a: Annihilape|95\/100|[from] item: Leftovers\n|upkeep\n|turn|10\n|\n|t:|1683853170\n|switch|p2b: Great Tusk|Great Tusk, L50, tera:Ground|24\/100\n|cant|p1b: Talonflame|slp\n|move|p2a: Annihilape|Rage Fist|p1b: Talonflame\n|-damage|p1b: Talonflame|4\/100 slp\n|\n|-heal|p2a: Annihilape|100\/100|[from] item: Leftovers\n|upkeep\n|turn|11\n|\n|t:|1683853181\n|-curestatus|p1b: Talonflame|slp|[msg]\n|move|p1b: Talonflame|Air Slash|p2a: Annihilape\n|-supereffective|p2a: Annihilape\n|-damage|p2a: Annihilape|37\/100\n|move|p2a: Annihilape|Rage Fist|p1b: Talonflame\n|-damage|p1b: Talonflame|0 fnt\n|faint|p1b: Talonflame\n|\n|win|Alonso26ca\n|c|\u2606Alonso26ca|gg\n|c|\u2606Ultraquesito|gg\n|c|\u2606Alonso26ca|mandas tu la replay?\n|l|\u2606Alonso26ca\n|c|\u2606Ultraquesito|si\n","uploadtime":1683853205,"views":12,"p1id":"ultraquesito","p2id":"alonso26ca","formatid":"gen9vgc2023regulationc","rating":0,"private":0,"password":""}