{"id":"gen9vgc2023regulationc-1856155562","p1":"gundojuan8","p2":"pcltr","format":"[Gen 9] VGC 2023 Regulation C","log":"|j|\u2606gundojuan8\n|j|\u2606pcltr\n|t:|1683035811\n|gametype|doubles\n|player|p1|gundojuan8|ethan|1213\n|player|p2|pcltr|cynthia-gen4|1300\n|teamsize|p1|6\n|teamsize|p2|6\n|gen|9\n|tier|[Gen 9] VGC 2023 Regulation C\n|rated|\n|rule|Species Clause: Limit one of each Pok\u00e9mon\n|rule|Item Clause: Limit one of each item\n|clearpoke\n|poke|p1|Flapple, L50, M|\n|poke|p1|Sandy Shocks, L50|\n|poke|p1|Espathra, L50, M|\n|poke|p1|Volcarona, L50, F|\n|poke|p1|Bronzong, L50|\n|poke|p1|Chi-Yu, L50|\n|poke|p2|Roaring Moon, L50|\n|poke|p2|Klefki, L50, F|\n|poke|p2|Chi-Yu, L50|\n|poke|p2|Garchomp, L50, M|\n|poke|p2|Iron Bundle, L50|\n|poke|p2|Meowscarada, L50, M|\n|teampreview|4\n|inactive|Battle timer is ON: inactive players will automatically lose when time's up. (requested by gundojuan8)\n|inactive|gundojuan8 has 60 seconds left.\n|inactive|pcltr has 60 seconds left.\n|inactive|pcltr has 30 seconds left.\n|inactive|pcltr has 20 seconds left.\n|inactive|pcltr has 15 seconds left.\n|\n|t:|1683035894\n|start\n|switch|p1a: Sandy Shocks|Sandy Shocks, L50|100\/100\n|switch|p1b: Espathra|Espathra, L50, M|100\/100\n|switch|p2a: Roaring Moon|Roaring Moon, L50|100\/100\n|switch|p2b: Garchomp|Garchomp, L50, M|100\/100\n|-enditem|p2a: Roaring Moon|Booster Energy\n|-activate|p2a: Roaring Moon|ability: Protosynthesis|[fromitem]\n|-start|p2a: Roaring Moon|protosynthesisspe\n|-enditem|p1a: Sandy Shocks|Booster Energy\n|-activate|p1a: Sandy Shocks|ability: Protosynthesis|[fromitem]\n|-start|p1a: Sandy Shocks|protosynthesisspe\n|turn|1\n|\n|t:|1683035914\n|-terastallize|p2a: Roaring Moon|Flying\n|move|p1b: Espathra|Protect|p1b: Espathra\n|-singleturn|p1b: Espathra|Protect\n|move|p2a: Roaring Moon|Acrobatics|p1a: Sandy Shocks\n|-resisted|p1a: Sandy Shocks\n|-damage|p1a: Sandy Shocks|66\/100\n|move|p1a: Sandy Shocks|Gravity|p1a: Sandy Shocks\n|-fieldstart|move: Gravity\n|move|p2b: Garchomp|Earthquake|p1b: Espathra|[spread] p2a,p1a\n|-activate|p1b: Espathra|move: Protect\n|-supereffective|p1a: Sandy Shocks\n|-damage|p2a: Roaring Moon|52\/100\n|-damage|p1a: Sandy Shocks|0 fnt\n|faint|p1a: Sandy Shocks\n|-end|p1a: Sandy Shocks|Protosynthesis|[silent]\n|\n|-ability|p1b: Espathra|Speed Boost|boost\n|-boost|p1b: Espathra|spe|1\n|upkeep\n|\n|t:|1683035928\n|switch|p1a: Flapple|Flapple, L50, M, shiny|100\/100\n|turn|2\n|inactive|gundojuan8 has 30 seconds left.\n|\n|t:|1683035958\n|switch|p2b: Meowscarada|Meowscarada, L50, M|100\/100\n|-terastallize|p1a: Flapple|Fire\n|move|p2a: Roaring Moon|Throat Chop|p1b: Espathra\n|-supereffective|p1b: Espathra\n|-enditem|p1b: Espathra|Focus Sash\n|-damage|p1b: Espathra|1\/100\n|-start|p1b: Espathra|Throat Chop|[silent]\n|move|p1b: Espathra|Hypnosis|p2b: Meowscarada\n|-status|p2b: Meowscarada|slp|[from] move: Hypnosis\n|move|p1a: Flapple|Grav Apple|p2a: Roaring Moon\n|-resisted|p2a: Roaring Moon\n|-damage|p2a: Roaring Moon|0 fnt\n|faint|p2a: Roaring Moon\n|-end|p2a: Roaring Moon|Protosynthesis|[silent]\n|\n|-ability|p1b: Espathra|Speed Boost|boost\n|-boost|p1b: Espathra|spe|1\n|upkeep\n|\n|t:|1683035973\n|switch|p2a: Garchomp|Garchomp, L50, M|100\/100\n|turn|3\n|\n|t:|1683035990\n|move|p1b: Espathra|Hypnosis|p2a: Garchomp\n|-status|p2a: Garchomp|slp|[from] move: Hypnosis\n|cant|p2a: Garchomp|slp\n|cant|p2b: Meowscarada|slp\n|move|p1a: Flapple|Grav Apple|p2b: Meowscarada\n|-resisted|p2b: Meowscarada\n|-damage|p2b: Meowscarada|0 fnt\n|faint|p2b: Meowscarada\n|\n|-end|p1b: Espathra|Throat Chop|[silent]\n|-ability|p1b: Espathra|Speed Boost|boost\n|-boost|p1b: Espathra|spe|1\n|upkeep\n|\n|t:|1683036003\n|switch|p2b: Chi-Yu|Chi-Yu, L50|100\/100\n|-ability|p2b: Chi-Yu|Beads of Ruin\n|turn|4\n|\n|t:|1683036012\n|move|p2b: Chi-Yu|Protect|p2b: Chi-Yu\n|-singleturn|p2b: Chi-Yu|Protect\n|move|p1b: Espathra|Hypnosis|p2b: Chi-Yu\n|-activate|p2b: Chi-Yu|move: Protect\n|cant|p2a: Garchomp|slp\n|move|p1a: Flapple|Grav Apple|p2a: Garchomp\n|-damage|p2a: Garchomp|0 fnt\n|faint|p2a: Garchomp\n|\n|-ability|p1b: Espathra|Speed Boost|boost\n|-boost|p1b: Espathra|spe|1\n|upkeep\n|turn|5\n|\n|t:|1683036026\n|move|p2b: Chi-Yu|Protect|p2b: Chi-Yu\n|-singleturn|p2b: Chi-Yu|Protect\n|move|p1b: Espathra|Hypnosis|p2b: Chi-Yu\n|-activate|p2b: Chi-Yu|move: Protect\n|move|p1a: Flapple|Grav Apple|p2b: Chi-Yu\n|-activate|p2b: Chi-Yu|move: Protect\n|\n|-fieldend|move: Gravity\n|-ability|p1b: Espathra|Speed Boost|boost\n|-boost|p1b: Espathra|spe|1\n|upkeep\n|turn|6\n|\n|t:|1683036045\n|move|p1b: Espathra|Hypnosis|p2b: Chi-Yu\n|-status|p2b: Chi-Yu|slp|[from] move: Hypnosis\n|cant|p2b: Chi-Yu|slp\n|move|p1a: Flapple|Grav Apple|p2b: Chi-Yu\n|-resisted|p2b: Chi-Yu\n|-damage|p2b: Chi-Yu|52\/100 slp\n|-unboost|p2b: Chi-Yu|def|1\n|\n|-heal|p2b: Chi-Yu|58\/100 slp|[from] item: Leftovers\n|-ability|p1b: Espathra|Speed Boost|boost\n|-boost|p1b: Espathra|spe|1\n|upkeep\n|turn|7\n|-message|pcltr forfeited.\n|l|\u2606pcltr\n|inactive|pcltr disconnected and has a minute to reconnect!\n|player|p2|\n|\n|win|gundojuan8\n|raw|gundojuan8's rating: 1213 → 1244<\/strong> (+31 for winning)\n|raw|pcltr's rating: 1300 → 1269<\/strong> (-31 for losing)\n","uploadtime":1683036065,"views":9,"p1id":"gundojuan8","p2id":"pcltr","formatid":"gen9vgc2023regulationc","rating":1244,"private":0,"password":""}