{"id":"gen9vgc2023regulationc-1853143560","p1":"razeycakes","p2":"AmongusMaster5678","format":"[Gen 9] VGC 2023 Regulation C","log":"|j|\u2606razeycakes\n|j|\u2606AmongusMaster5678\n|t:|1682640466\n|gametype|doubles\n|player|p1|razeycakes|169|\n|player|p2|AmongusMaster5678|1|\n|teamsize|p1|6\n|teamsize|p2|6\n|gen|9\n|tier|[Gen 9] VGC 2023 Regulation C\n|rated|Tournament battle\n|rule|Species Clause: Limit one of each Pok\u00e9mon\n|rule|Item Clause: Limit one of each item\n|clearpoke\n|poke|p1|Pelipper, L50, M|\n|poke|p1|Gastrodon, L50, M|\n|poke|p1|Gholdengo, L50|\n|poke|p1|Iron Bundle, L50|\n|poke|p1|Braviary, L50, M|\n|poke|p1|Luxray, L50, F|\n|poke|p2|Glimmora, L50, F|\n|poke|p2|Arcanine, L50, M|\n|poke|p2|Amoonguss, L50, M|\n|poke|p2|Flutter Mane, L50|\n|poke|p2|Tatsugiri, L50, F|\n|poke|p2|Dondozo, L50, M|\n|teampreview|4\n|raw| Open Team Sheet for razeycakes<\/summary>Pelipper @ Focus Sash Ability: Drizzle Level: 50 Tera Type: Ground - Hurricane - Surf - Ice Beam - Tailwind Gastrodon @ Leftovers Ability: Storm Drain Level: 50 Tera Type: Fire - Muddy Water - Protect - Ice Beam - Earth Power Gholdengo @ Life Orb Ability: Good as Gold Level: 50 Tera Type: Steel - Make It Rain - Nasty Plot - Shadow Ball - Tera Blast Iron Bundle @ Never-Melt Ice Ability: Quark Drive Level: 50 Tera Type: Ice - Freeze-Dry - Hydro Pump - Icy Wind - Protect Braviary (M) @ Expert Belt Ability: Defiant Level: 50 Tera Type: Fighting - Brave Bird - Close Combat - Rock Slide - Tailwind Luxray @ Rocky Helmet Ability: Intimidate Level: 50 Tera Type: Electric - Discharge - Play Rough - Thunder - Thunder Wave <\/details><\/div> Open Team Sheet for AmongusMaster5678<\/summary>Glimmora @ Assault Vest Ability: Toxic Debris Level: 50 Tera Type: Grass - Mortal Spin - Power Gem - Energy Ball - Sludge Wave Arcanine @ Safety Goggles Ability: Intimidate Level: 50 Tera Type: Water - Extreme Speed - Flare Blitz - Protect - Snarl Amoonguss @ Sitrus Berry Ability: Regenerator Level: 50 Tera Type: Water - Rage Powder - Protect - Pollen Puff - Spore Flutter Mane @ Focus Sash Ability: Protosynthesis Level: 50 Tera Type: Fairy - Perish Song - Dazzling Gleam - Protect - Shadow Ball Tatsugiri @ Choice Scarf Ability: Commander Level: 50 Tera Type: Steel - Draco Meteor - Surf - Icy Wind - Chilling Water Dondozo @ Leftovers Ability: Unaware Level: 50 Tera Type: Grass - Protect - Substitute - Order Up - Earthquake <\/details><\/div>\n|inactive|Battle timer is ON: inactive players will automatically lose when time's up. (requested by AmongusMaster5678)\n|j| MareeohYT\n|c|\u2606AmongusMaster5678|glhf\n|c|\u2606AmongusMaster5678|cool team\n|inactive|AmongusMaster5678 has 60 seconds left.\n|j|%Therazer456\n|\n|t:|1682640505\n|start\n|switch|p1a: Pelipper|Pelipper, L50, M|100\/100\n|switch|p1b: Gastrodon|Gastrodon, L50, M|100\/100\n|switch|p2a: Glimmora|Glimmora, L50, F|100\/100\n|switch|p2b: Flutter Mane|Flutter Mane, L50|100\/100\n|-weather|RainDance|[from] ability: Drizzle|[of] p1a: Pelipper\n|turn|1\n|j| Silent Palafin\n|l| Silent Palafin\n|\n|t:|1682640519\n|-terastallize|p2a: Glimmora|Grass\n|-terastallize|p1b: Gastrodon|Fire\n|move|p2b: Flutter Mane|Dazzling Gleam|p1a: Pelipper|[spread] p1a,p1b\n|-resisted|p1b: Gastrodon\n|-damage|p1a: Pelipper|56\/100\n|-damage|p1b: Gastrodon|87\/100\n|move|p2a: Glimmora|Power Gem|p1a: Pelipper\n|-supereffective|p1a: Pelipper\n|-damage|p1a: Pelipper|0 fnt\n|faint|p1a: Pelipper\n|move|p1b: Gastrodon|Muddy Water|p2b: Flutter Mane|[spread] p2a,p2b\n|-resisted|p2a: Glimmora\n|-damage|p2a: Glimmora|80\/100\n|-damage|p2b: Flutter Mane|50\/100\n|\n|-weather|RainDance|[upkeep]\n|-heal|p1b: Gastrodon|93\/100|[from] item: Leftovers\n|upkeep\n|\n|t:|1682640531\n|switch|p1a: Gholdengo|Gholdengo, L50|100\/100\n|turn|2\n|\n|t:|1682640536\n|move|p2b: Flutter Mane|Protect|p2b: Flutter Mane\n|-singleturn|p2b: Flutter Mane|Protect\n|move|p2a: Glimmora|Power Gem|p1b: Gastrodon\n|-supereffective|p1b: Gastrodon\n|-damage|p1b: Gastrodon|16\/100\n|move|p1a: Gholdengo|Make It Rain|p2b: Flutter Mane|[spread] p2a\n|-activate|p2b: Flutter Mane|move: Protect\n|-damage|p2a: Glimmora|20\/100\n|-unboost|p1a: Gholdengo|spa|1\n|-damage|p1a: Gholdengo|91\/100|[from] item: Life Orb\n|move|p1b: Gastrodon|Ice Beam|p2a: Glimmora\n|-supereffective|p2a: Glimmora\n|-damage|p2a: Glimmora|0 fnt\n|faint|p2a: Glimmora\n|\n|-weather|RainDance|[upkeep]\n|-heal|p1b: Gastrodon|22\/100|[from] item: Leftovers\n|upkeep\n|\n|t:|1682640544\n|switch|p2a: Dondozo|Dondozo, L50, M|100\/100\n|turn|3\n|\n|t:|1682640567\n|-end|p2b: Flutter Mane|Protosynthesis|[silent]\n|switch|p2b: Tatsugiri|Tatsugiri, L50, F|100\/100\n|-activate|p2b: Tatsugiri|ability: Commander|[of] p2a: Dondozo\n|-boost|p2a: Dondozo|atk|2\n|-boost|p2a: Dondozo|spa|2\n|-boost|p2a: Dondozo|spe|2\n|-boost|p2a: Dondozo|def|2\n|-boost|p2a: Dondozo|spd|2\n|move|p1b: Gastrodon|Protect|p1b: Gastrodon\n|-singleturn|p1b: Gastrodon|Protect\n|move|p1a: Gholdengo|Make It Rain|p2b: Tatsugiri|[spread] p2a\n|-miss|p1a: Gholdengo|p2b: Tatsugiri\n|-resisted|p2a: Dondozo\n|-damage|p2a: Dondozo|87\/100\n|-unboost|p1a: Gholdengo|spa|1\n|-damage|p1a: Gholdengo|81\/100|[from] item: Life Orb\n|move|p2a: Dondozo|Earthquake|p1a: Gholdengo|[spread] p1a\n|-miss|p2a: Dondozo|p2b: Tatsugiri\n|-activate|p1b: Gastrodon|move: Protect\n|-supereffective|p1a: Gholdengo\n|-damage|p1a: Gholdengo|0 fnt\n|faint|p1a: Gholdengo\n|\n|-weather|RainDance|[upkeep]\n|-heal|p2a: Dondozo|93\/100|[from] item: Leftovers\n|-heal|p1b: Gastrodon|28\/100|[from] item: Leftovers\n|upkeep\n|\n|t:|1682640581\n|switch|p1a: Iron Bundle|Iron Bundle, L50|100\/100\n|turn|4\n|\n|t:|1682640593\n|move|p1a: Iron Bundle|Freeze-Dry|p2a: Dondozo\n|-supereffective|p2a: Dondozo\n|-damage|p2a: Dondozo|52\/100\n|move|p2a: Dondozo|Earthquake|p1a: Iron Bundle|[spread] p1a,p1b\n|-miss|p2a: Dondozo|p2b: Tatsugiri\n|-supereffective|p1b: Gastrodon\n|-damage|p1a: Iron Bundle|54\/100\n|-damage|p1b: Gastrodon|0 fnt\n|faint|p1b: Gastrodon\n|\n|-weather|RainDance|[upkeep]\n|-heal|p2a: Dondozo|58\/100|[from] item: Leftovers\n|upkeep\n|turn|5\n|\n|t:|1682640604\n|move|p2a: Dondozo|Protect|p2a: Dondozo\n|-singleturn|p2a: Dondozo|Protect\n|move|p1a: Iron Bundle|Freeze-Dry|p2a: Dondozo\n|-activate|p2a: Dondozo|move: Protect\n|\n|-weather|none\n|-heal|p2a: Dondozo|64\/100|[from] item: Leftovers\n|upkeep\n|turn|6\n|\n|t:|1682640613\n|move|p1a: Iron Bundle|Freeze-Dry|p2a: Dondozo\n|-supereffective|p2a: Dondozo\n|-damage|p2a: Dondozo|28\/100\n|move|p2a: Dondozo|Earthquake|p1a: Iron Bundle|[spread] p1a\n|-miss|p2a: Dondozo|p2b: Tatsugiri\n|-damage|p1a: Iron Bundle|12\/100\n|\n|-heal|p2a: Dondozo|34\/100|[from] item: Leftovers\n|upkeep\n|turn|7\n|\n|t:|1682640622\n|move|p2a: Dondozo|Protect|p2a: Dondozo\n|-singleturn|p2a: Dondozo|Protect\n|move|p1a: Iron Bundle|Freeze-Dry|p2a: Dondozo\n|-activate|p2a: Dondozo|move: Protect\n|\n|-heal|p2a: Dondozo|40\/100|[from] item: Leftovers\n|upkeep\n|turn|8\n|n|\u2606razeycakes|razeycakes\n|n|\u2606AmongusMaster5678|amongusmaster5678\n|n| MareeohYT|mareeohyt\n|n| Therazer456|therazer456\n|-message|razeycakes forfeited.\n|\n|win|AmongusMaster5678\n|l| Therazer456\n|l|\u2606razeycakes\n|c|\u2606AmongusMaster5678|gg\n|l| MareeohYT\n|j|\u2606razeycakes\n|player|p1|razeycakes|169\n","uploadtime":1682641152,"views":8,"p1id":"razeycakes","p2id":"amongusmaster5678","formatid":"gen9vgc2023regulationc","rating":0,"private":0,"password":""}