{"id":"gen9vgc2023regulationc-1855702927","p1":"Ciq108","p2":"noahthenumbat","format":"[Gen 9] VGC 2023 Regulation C","log":"|j|\u2606Ciq108\n|j|\u2606noahthenumbat\n|t:|1682974807\n|gametype|doubles\n|player|p1|Ciq108|2|\n|player|p2|noahthenumbat|backersf|\n|teamsize|p1|6\n|teamsize|p2|6\n|gen|9\n|tier|[Gen 9] VGC 2023 Regulation C\n|rule|Species Clause: Limit one of each Pok\u00e9mon\n|rule|Item Clause: Limit one of each item\n|clearpoke\n|poke|p1|Chien-Pao, L50|\n|poke|p1|Garchomp, L50, M|\n|poke|p1|Staraptor, L50, F|\n|poke|p1|Lucario, L50, F|\n|poke|p1|Rotom-Heat, L50|\n|poke|p1|Gardevoir, L50, F|\n|poke|p2|Dondozo, L50, M|\n|poke|p2|Tatsugiri-Droopy, L50, M|\n|poke|p2|Abomasnow, L50, M|\n|poke|p2|Ceruledge, L50, F|\n|poke|p2|Pawmot, L50, M|\n|poke|p2|Lycanroc, L50, F|\n|teampreview|4\n|c|\u2606Ciq108|G3\n|j| KinkyNesquick\n|c| KinkyNesquick|Oof the misses that g2 though\n|j| HottieLamatie\n|c|\u2606noahthenumbat|glhf\n|c|\u2606Ciq108|Glhf\n|j| gazzlb\n|j| SusJingles\n|c| SusJingles|Very sussy ending\n|j| kevsmoreno\n|l| gazzlb\n|\n|t:|1682975615\n|start\n|switch|p1a: Gardevoir|Gardevoir, L50, F|100\/100\n|switch|p1b: Chien-Pao|Chien-Pao, L50|100\/100\n|switch|p2a: Dondozo|Dondozo, L50, M|100\/100\n|switch|p2b: Lycanroc|Lycanroc, L50, F|100\/100\n|-ability|p1b: Chien-Pao|Sword of Ruin\n|turn|1\n|l| SusJingles\n|j| SusJingles\n|l| SusJingles\n|j| Toronto 6ix\n|\n|t:|1682975730\n|-terastallize|p1a: Gardevoir|Grass\n|move|p1b: Chien-Pao|Crunch|p2b: Lycanroc\n|-damage|p2b: Lycanroc|8\/100\n|move|p2b: Lycanroc|Howl|p2b: Lycanroc|[spread] p2a,p2b\n|-boost|p2a: Dondozo|atk|1\n|-enditem|p1a: Gardevoir|Mirror Herb\n|-boost|p1a: Gardevoir|atk|1|[from] item: Mirror Herb\n|-boost|p2b: Lycanroc|atk|1\n|move|p1a: Gardevoir|Moonblast|p2b: Lycanroc\n|-damage|p2b: Lycanroc|0 fnt\n|faint|p2b: Lycanroc\n|move|p2a: Dondozo|Wave Crash|p1a: Gardevoir\n|-resisted|p1a: Gardevoir\n|-damage|p1a: Gardevoir|0 fnt\n|faint|p1a: Gardevoir\n|-damage|p2a: Dondozo|76\/100|[from] Recoil\n|\n|upkeep\n|l| Toronto 6ix\n|\n|t:|1682975748\n|switch|p2b: Abomasnow|Abomasnow, L50, M|100\/100\n|switch|p1a: Lucario|Lucario, L50, F|100\/100\n|-weather|Snow|[from] ability: Snow Warning|[of] p2b: Abomasnow\n|turn|2\n|j| Toronto 6ix\n|c| KinkyNesquick|Gg\n|\n|t:|1682975770\n|move|p1b: Chien-Pao|Haze|p1b: Chien-Pao\n|-clearallboost\n|move|p1a: Lucario|Close Combat|p2b: Abomasnow\n|-supereffective|p2b: Abomasnow\n|-damage|p2b: Abomasnow|0 fnt\n|-unboost|p1a: Lucario|def|1\n|-unboost|p1a: Lucario|spd|1\n|faint|p2b: Abomasnow\n|move|p2a: Dondozo|Wave Crash|p1b: Chien-Pao\n|-damage|p1b: Chien-Pao|30\/100\n|-damage|p2a: Dondozo|60\/100|[from] Recoil\n|\n|-weather|Snow|[upkeep]\n|upkeep\n|\n|t:|1682975787\n|switch|p2b: Tatsugiri|Tatsugiri-Droopy, L50, M|100\/100\n|-activate|p2b: Tatsugiri|ability: Commander|[of] p2a: Dondozo\n|-boost|p2a: Dondozo|atk|2\n|-boost|p2a: Dondozo|spa|2\n|-boost|p2a: Dondozo|spe|2\n|-boost|p2a: Dondozo|def|2\n|-boost|p2a: Dondozo|spd|2\n|turn|3\n|c|\u2606noahthenumbat|gg\n|\n|t:|1682975808\n|move|p2a: Dondozo|Wave Crash|p1a: Lucario\n|-damage|p1a: Lucario|0 fnt\n|faint|p1a: Lucario\n|-damage|p2a: Dondozo|39\/100|[from] Recoil\n|move|p1b: Chien-Pao|Haze|p1b: Chien-Pao\n|-clearallboost\n|\n|-weather|Snow|[upkeep]\n|upkeep\n|c|\u2606noahthenumbat|what NOOO\n|\n|t:|1682975816\n|switch|p1a: Garchomp|Garchomp, L50, M|100\/100\n|turn|4\n|c|\u2606noahthenumbat|smh adamant\n|\n|t:|1682975839\n|move|p1b: Chien-Pao|Crunch|p2a: Dondozo\n|-damage|p2a: Dondozo|0 fnt\n|faint|p2a: Dondozo\n|move|p1a: Garchomp|Substitute|p1a: Garchomp\n|-start|p1a: Garchomp|Substitute\n|-damage|p1a: Garchomp|76\/100\n|\n|-weather|Snow|[upkeep]\n|upkeep\n|turn|5\n|c| HottieLamatie|may serve as a reminder not to say gg too early\n|c|\u2606Ciq108|Gg\n|\n|t:|1682975873\n|-terastallize|p2b: Tatsugiri|Steel\n|move|p1b: Chien-Pao|Ice Shard|p2b: Tatsugiri\n|-resisted|p2b: Tatsugiri\n|-damage|p2b: Tatsugiri|76\/100\n|move|p2b: Tatsugiri|Tera Blast|p1b: Chien-Pao\n|-supereffective|p1b: Chien-Pao\n|-damage|p1b: Chien-Pao|0 fnt\n|faint|p1b: Chien-Pao\n|move|p1a: Garchomp|Dragon Claw|p2b: Tatsugiri\n|-resisted|p2b: Tatsugiri\n|-damage|p2b: Tatsugiri|38\/100\n|\n|-weather|Snow|[upkeep]\n|upkeep\n|turn|6\n|\n|t:|1682975887\n|move|p2b: Tatsugiri|Tera Blast|p1a: Garchomp\n|-end|p1a: Garchomp|Substitute\n|move|p1a: Garchomp|Earthquake|p2b: Tatsugiri\n|-supereffective|p2b: Tatsugiri\n|-damage|p2b: Tatsugiri|0 fnt\n|faint|p2b: Tatsugiri\n|\n|win|Ciq108\n|c|\u2606noahthenumbat|wp\n|l| HottieLamatie\n|c|\u2606Ciq108|U2\n|c|\u2606Ciq108|I knew u would go for luc lol\n|c|\u2606Ciq108|Thank god\n|j| gazzlb\n|l| gazzlb\n|c|\u2606Ciq108|Prot was too obvious\n|c|\u2606noahthenumbat|i thought u were faster\n|l| KinkyNesquick\n|c|\u2606Ciq108|Yea I think I fucked that up lmao\n|c|\u2606Ciq108|Def planned XD\n|c|\u2606Ciq108|Could u get replays pls\n|c|\u2606noahthenumbat|yeah\n|l|\u2606Ciq108\n|l|\u2606noahthenumbat\n|l| kevsmoreno\n|j|\u2606noahthenumbat\n|player|p2|noahthenumbat|backersf\n|l|\u2606noahthenumbat\n|player|p2|\n|l| Toronto 6ix\n|j| Toronto 6ix\n","uploadtime":1682976007,"views":16,"p1id":"ciq108","p2id":"noahthenumbat","formatid":"gen9vgc2023regulationc","rating":0,"private":0,"password":""}