{"id":"gen9vgc2023regulationc-1862567540","p1":"revocolombia","p2":"TommeeVGC","format":"[Gen 9] VGC 2023 Regulation C","log":"|j|\u2606revocolombia\n|j|\u2606TommeeVGC\n|t:|1683901471\n|gametype|doubles\n|player|p1|revocolombia|pokemonranger-gen4|1346\n|player|p2|TommeeVGC|ethan|1391\n|teamsize|p1|6\n|teamsize|p2|6\n|gen|9\n|tier|[Gen 9] VGC 2023 Regulation C\n|rated|\n|rule|Species Clause: Limit one of each Pok\u00e9mon\n|rule|Item Clause: Limit one of each item\n|clearpoke\n|poke|p1|Flutter Mane, L50|\n|poke|p1|Great Tusk, L50|\n|poke|p1|Dragonite, L50, F|\n|poke|p1|Chien-Pao, L50|\n|poke|p1|Murkrow, L50, F|\n|poke|p1|Gholdengo, L50|\n|poke|p2|Vivillon-Fancy, L50, M|\n|poke|p2|Iron Jugulis, L50|\n|poke|p2|Abomasnow, L50, M|\n|poke|p2|Iron Bundle, L50|\n|poke|p2|Chien-Pao, L50|\n|poke|p2|Ting-Lu, L50|\n|teampreview|4\nTommeeVGC has agreed to open team sheets.\n|\n|t:|1683901501\n|start\n|switch|p1a: Murkrow|Murkrow, L50, F|100\/100\n|switch|p1b: Great Tusk|Great Tusk, L50|100\/100\n|switch|p2a: Chien-Pao|Chien-Pao, L50|100\/100\n|switch|p2b: Ting-Lu|Ting-Lu, L50|100\/100\n|-ability|p2a: Chien-Pao|Sword of Ruin\n|-ability|p2b: Ting-Lu|Vessel of Ruin\n|turn|1\n|\n|t:|1683901535\n|-terastallize|p2b: Ting-Lu|Ground\n|move|p1a: Murkrow|Tailwind|p1a: Murkrow\n|-sidestart|p1: revocolombia|move: Tailwind\n|move|p1b: Great Tusk|Earthquake|p2a: Chien-Pao|[spread] p2a,p2b\n|-immune|p1a: Murkrow\n|-damage|p2a: Chien-Pao|56\/100\n|-damage|p2b: Ting-Lu|69\/100\n|move|p2a: Chien-Pao|Ice Spinner|p1a: Murkrow\n|-supereffective|p1a: Murkrow\n|-crit|p1a: Murkrow\n|-damage|p1a: Murkrow|0 fnt\n|faint|p1a: Murkrow\n|move|p2b: Ting-Lu|Stomping Tantrum|p1b: Great Tusk\n|-damage|p1b: Great Tusk|38\/100\n|\n|upkeep\n|\n|t:|1683901552\n|switch|p1a: Dragonite|Dragonite, L50, F|100\/100\n|turn|2\n|\n|t:|1683901564\n|move|p1a: Dragonite|Low Kick|p2b: Ting-Lu\n|-damage|p2b: Ting-Lu|15\/100\n|move|p1b: Great Tusk|Brick Break|p2a: Chien-Pao\n|-supereffective|p2a: Chien-Pao\n|-damage|p2a: Chien-Pao|0 fnt\n|faint|p2a: Chien-Pao\n|move|p2b: Ting-Lu|Stomping Tantrum|p1b: Great Tusk\n|-damage|p1b: Great Tusk|0 fnt\n|faint|p1b: Great Tusk\n|-end|p1b: Great Tusk|Protosynthesis|[silent]\n|\n|upkeep\n|\n|t:|1683901575\n|switch|p2a: Iron Bundle|Iron Bundle, L50|100\/100\n|switch|p1b: Flutter Mane|Flutter Mane, L50|100\/100\n|-enditem|p1b: Flutter Mane|Booster Energy\n|-activate|p1b: Flutter Mane|ability: Protosynthesis|[fromitem]\n|-start|p1b: Flutter Mane|protosynthesisspa\n|-enditem|p2a: Iron Bundle|Booster Energy\n|-activate|p2a: Iron Bundle|ability: Quark Drive|[fromitem]\n|-start|p2a: Iron Bundle|quarkdrivespe\n|turn|3\n|inactive|Battle timer is ON: inactive players will automatically lose when time's up. (requested by TommeeVGC)\n|\n|t:|1683901600\n|move|p2a: Iron Bundle|Protect|p2a: Iron Bundle\n|-singleturn|p2a: Iron Bundle|Protect\n|move|p1b: Flutter Mane|Thunderbolt|p2a: Iron Bundle\n|-activate|p2a: Iron Bundle|move: Protect\n|move|p1a: Dragonite|Low Kick|p2b: Ting-Lu\n|-damage|p2b: Ting-Lu|0 fnt\n|faint|p2b: Ting-Lu\n|\n|upkeep\n|\n|t:|1683901608\n|switch|p2b: Abomasnow|Abomasnow, L50, M|100\/100\n|-weather|Snow|[from] ability: Snow Warning|[of] p2b: Abomasnow\n|turn|4\n|\n|t:|1683901623\n|-terastallize|p1a: Dragonite|Normal\n|move|p2a: Iron Bundle|Protect||[still]\n|-fail|p2a: Iron Bundle\n|move|p1b: Flutter Mane|Thunderbolt|p2a: Iron Bundle\n|-supereffective|p2a: Iron Bundle\n|-damage|p2a: Iron Bundle|0 fnt\n|faint|p2a: Iron Bundle\n|-end|p2a: Iron Bundle|Quark Drive|[silent]\n|move|p1a: Dragonite|Low Kick|p2b: Abomasnow\n|-supereffective|p2b: Abomasnow\n|-damage|p2b: Abomasnow|14\/100\n|move|p2b: Abomasnow|Blizzard|p1b: Flutter Mane|[spread] p1a,p1b\n|-damage|p1a: Dragonite|77\/100\n|-damage|p1b: Flutter Mane|55\/100\n|-damage|p2b: Abomasnow|4\/100|[from] item: Life Orb\n|\n|-weather|Snow|[upkeep]\n|-sideend|p1: revocolombia|move: Tailwind\n|upkeep\n|turn|5\n|c|\u2606TommeeVGC|ggs\n|\n|t:|1683901643\n|move|p2b: Abomasnow|Ice Shard|p1b: Flutter Mane\n|-damage|p1b: Flutter Mane|28\/100\n|-damage|p2b: Abomasnow|0 fnt|[from] item: Life Orb\n|faint|p2b: Abomasnow\n|\n|win|revocolombia\n|raw|revocolombia's rating: 1346 → 1369<\/strong> (+23 for winning)\n|raw|TommeeVGC's rating: 1391 → 1368<\/strong> (-23 for losing)\n|l|\u2606TommeeVGC\n","uploadtime":1683901655,"views":8,"p1id":"revocolombia","p2id":"tommeevgc","formatid":"gen9vgc2023regulationc","rating":1368,"private":0,"password":""}