{"id":"gen9vgc2023regulationc-1854857263","p1":"Keveloper","p2":"Soosendosenv3","format":"[Gen 9] VGC 2023 Regulation C","log":"|j|\u2606Keveloper\n|j|\u2606Soosendosenv3\n|t:|1682873948\n|gametype|doubles\n|player|p1|Keveloper|lucas|\n|player|p2|Soosendosenv3|1|\n|teamsize|p1|6\n|teamsize|p2|6\n|gen|9\n|tier|[Gen 9] VGC 2023 Regulation C\n|rule|Species Clause: Limit one of each Pok\u00e9mon\n|rule|Item Clause: Limit one of each item\n|clearpoke\n|poke|p1|Orthworm, L50, F|\n|poke|p1|Dragonite, L50, F|\n|poke|p1|Ting-Lu, L50|\n|poke|p1|Gyarados, L50, M|\n|poke|p1|Flutter Mane, L50|\n|poke|p1|Chien-Pao, L50|\n|poke|p2|Ting-Lu, L50|\n|poke|p2|Amoonguss, L50, F|\n|poke|p2|Arcanine, L50, M|\n|poke|p2|Flutter Mane, L50|\n|poke|p2|Palafin, L50, M|\n|poke|p2|Kingambit, L50, F|\n|teampreview|4\nSoosendosenv3 has agreed to open team sheets.\n|c|\u2606Soosendosenv3|g1\n|c|\u2606Soosendosenv3|pls accept ots\n|c|\u2606Keveloper|Sorry\n|c|\u2606Soosendosenv3|np\n|c|\u2606Keveloper|was sending challenges\nKeveloper has agreed to open team sheets.\n|c|\u2606Soosendosenv3|yeah i figured\n|c|\u2606Keveloper|you ready?\n|c|\u2606Soosendosenv3|yes\n|c|\u2606Keveloper|glhf\n|inactive|Battle timer is ON: inactive players will automatically lose when time's up. (requested by Keveloper)\n|\n|t:|1682874051\n|start\n|switch|p1a: Orthworm|Orthworm, L50, F|100\/100\n|switch|p1b: Gyarados|Gyarados, L50, M|100\/100\n|switch|p2a: Palafin|Palafin, L50, M|100\/100\n|switch|p2b: Flutter Mane|Flutter Mane, L50|100\/100\n|-ability|p1b: Gyarados|Intimidate|boost\n|-unboost|p2a: Palafin|atk|1\n|-unboost|p2b: Flutter Mane|atk|1\n|-enditem|p2b: Flutter Mane|Booster Energy\n|-activate|p2b: Flutter Mane|ability: Protosynthesis|[fromitem]\n|-start|p2b: Flutter Mane|protosynthesisspa\n|turn|1\n|inactive|Keveloper has 30 seconds left.\n|inactive|Soosendosenv3 has 30 seconds left.\n|inactive|Keveloper has 20 seconds left.\n|\n|t:|1682874089\n|-end|p2b: Flutter Mane|Protosynthesis|[silent]\n|switch|p2b: Amoonguss|Amoonguss, L50, F|100\/100\n|detailschange|p2a: Palafin|Palafin-Hero, L50, M\n|switch|p2a: Arcanine|Arcanine, L50, M|100\/100\n|-ability|p2a: Arcanine|Intimidate|boost\n|-unboost|p1a: Orthworm|atk|1\n|-unboost|p1b: Gyarados|atk|1\n|move|p1b: Gyarados|Bulldoze|p2a: Arcanine|[spread] p2a,p2b\n|-immune|p1a: Orthworm|[from] ability: Earth Eater\n|-supereffective|p2a: Arcanine\n|-damage|p2a: Arcanine|83\/100\n|-damage|p2b: Amoonguss|94\/100\n|-unboost|p2a: Arcanine|spe|1\n|-unboost|p2b: Amoonguss|spe|1\n|move|p1a: Orthworm|Heavy Slam|p2b: Amoonguss\n|-damage|p2b: Amoonguss|74\/100\n|-damage|p1a: Orthworm|84\/100|[from] item: Rocky Helmet|[of] p2b: Amoonguss\n|\n|upkeep\n|turn|2\n|inactive|Soosendosenv3 has 30 seconds left.\n|\n|t:|1682874116\n|switch|p2a: Palafin|Palafin-Hero, L50, M|100\/100\n|-activate|p2a: Palafin|ability: Zero to Hero\n|move|p1b: Gyarados|Taunt|p2b: Amoonguss\n|-start|p2b: Amoonguss|move: Taunt\n|move|p1a: Orthworm|Shed Tail|p1a: Orthworm\n|-start|p1a: Orthworm|Substitute|[from] move: Shed Tail\n|-damage|p1a: Orthworm|34\/100\n|-enditem|p1a: Orthworm|Sitrus Berry|[eat]\n|-heal|p1a: Orthworm|59\/100|[from] item: Sitrus Berry\n|\n|t:|1682874127\n|switch|p1a: Dragonite|Dragonite, L50, F|100\/100|[from] Shed Tail\n|cant|p2b: Amoonguss|move: Taunt|Spore\n|\n|upkeep\n|turn|3\n|inactive|Soosendosenv3 has 30 seconds left.\n|\n|t:|1682874152\n|switch|p2b: Arcanine|Arcanine, L50, M|83\/100\n|-ability|p2b: Arcanine|Intimidate|boost\n|-immune|p1a: Dragonite\n|-unboost|p1b: Gyarados|atk|1\n|-terastallize|p2a: Palafin|Water\n|move|p2a: Palafin|Jet Punch|p1a: Dragonite\n|-resisted|p1a: Dragonite\n|-activate|p1a: Dragonite|move: Substitute|[damage]\n|move|p1a: Dragonite|Dragon Dance|p1a: Dragonite\n|-boost|p1a: Dragonite|atk|1\n|-boost|p1a: Dragonite|spe|1\n|move|p1b: Gyarados|Thunder Wave|p2a: Palafin|[miss]\n|-miss|p1b: Gyarados|p2a: Palafin\n|\n|upkeep\n|turn|4\n|inactive|Keveloper has 30 seconds left.\n|inactive|Soosendosenv3 has 30 seconds left.\n|\n|t:|1682874183\n|switch|p1b: Orthworm|Orthworm, L50, F|59\/100\n|move|p2b: Arcanine|Extreme Speed|p1a: Dragonite\n|-end|p1a: Dragonite|Substitute\n|move|p1a: Dragonite|Earthquake|p2b: Arcanine|[spread] p2a,p2b\n|-heal|p1b: Orthworm|84\/100|[from] ability: Earth Eater|[of] p1a: Dragonite\n|-supereffective|p2b: Arcanine\n|-damage|p2a: Palafin|69\/100\n|-damage|p2b: Arcanine|1\/100\n|move|p2a: Palafin|Haze|p2a: Palafin\n|-clearallboost\n|\n|upkeep\n|turn|5\n|\n|t:|1682874206\n|switch|p2b: Flutter Mane|Flutter Mane, L50|100\/100\n|switch|p1b: Gyarados|Gyarados, L50, M|100\/100\n|-ability|p1b: Gyarados|Intimidate|boost\n|-unboost|p2a: Palafin|atk|1\n|-unboost|p2b: Flutter Mane|atk|1\n|move|p1a: Dragonite|Extreme Speed|p2b: Flutter Mane\n|-immune|p2b: Flutter Mane\n|move|p2a: Palafin|Wave Crash|p1b: Gyarados\n|-resisted|p1b: Gyarados\n|-damage|p1b: Gyarados|60\/100\n|-damage|p2a: Palafin|56\/100|[from] Recoil\n|\n|upkeep\n|turn|6\n|inactive|Keveloper has 30 seconds left.\n|\n|t:|1682874232\n|-terastallize|p1a: Dragonite|Flying\n|move|p2a: Palafin|Jet Punch|p1a: Dragonite\n|-damage|p1a: Dragonite|77\/100\n|move|p2b: Flutter Mane|Dazzling Gleam|p1b: Gyarados|[spread] p1a,p1b\n|-damage|p1a: Dragonite|45\/100\n|-damage|p1b: Gyarados|35\/100\n|move|p1a: Dragonite|Earthquake|p2b: Flutter Mane|[spread] p2a,p2b\n|-immune|p1b: Gyarados\n|-damage|p2a: Palafin|35\/100\n|-damage|p2b: Flutter Mane|60\/100\n|move|p1b: Gyarados|Bulldoze|p2b: Flutter Mane|[spread] p2a,p2b\n|-immune|p1a: Dragonite\n|-damage|p2a: Palafin|23\/100\n|-damage|p2b: Flutter Mane|38\/100\n|-unboost|p2a: Palafin|spe|1\n|-unboost|p2b: Flutter Mane|spe|1\n|\n|upkeep\n|turn|7\n|inactive|Soosendosenv3 has 30 seconds left.\n|inactive|Soosendosenv3 has 20 seconds left.\n|inactive|Soosendosenv3 has 15 seconds left.\n|\n|t:|1682874272\n|switch|p2a: Amoonguss|Amoonguss, L50, F|100\/100\n|move|p1a: Dragonite|Extreme Speed|p2a: Amoonguss\n|-damage|p2a: Amoonguss|79\/100\n|-damage|p1a: Dragonite|28\/100|[from] item: Rocky Helmet|[of] p2a: Amoonguss\n|move|p1b: Gyarados|Bulldoze|p2b: Flutter Mane|[spread] p2a,p2b\n|-immune|p1a: Dragonite\n|-damage|p2a: Amoonguss|69\/100\n|-damage|p2b: Flutter Mane|17\/100\n|-unboost|p2a: Amoonguss|spe|1\n|-unboost|p2b: Flutter Mane|spe|1\n|move|p2b: Flutter Mane|Moonblast|p1b: Gyarados\n|-damage|p1b: Gyarados|0 fnt\n|faint|p1b: Gyarados\n|\n|upkeep\n|\n|t:|1682874281\n|switch|p1b: Orthworm|Orthworm, L50, F|84\/100\n|turn|8\n|\n|t:|1682874295\n|-end|p2b: Flutter Mane|Protosynthesis|[silent]\n|switch|p2b: Arcanine|Arcanine, L50, M|1\/100\n|-ability|p2b: Arcanine|Intimidate|boost\n|-unboost|p1a: Dragonite|atk|1\n|-unboost|p1b: Orthworm|atk|1\n|move|p2a: Amoonguss|Protect|p2a: Amoonguss\n|-singleturn|p2a: Amoonguss|Protect\n|move|p1a: Dragonite|Earthquake|p2a: Amoonguss|[spread] p2b\n|-activate|p2a: Amoonguss|move: Protect\n|-heal|p1b: Orthworm|100\/100|[from] ability: Earth Eater|[of] p1a: Dragonite\n|-supereffective|p2b: Arcanine\n|-damage|p2b: Arcanine|0 fnt\n|faint|p2b: Arcanine\n|move|p1b: Orthworm|Shed Tail|p1b: Orthworm\n|-start|p1b: Orthworm|Substitute|[from] move: Shed Tail\n|-damage|p1b: Orthworm|50\/100\n|\n|t:|1682874302\n|switch|p1b: Ting-Lu|Ting-Lu, L50|100\/100|[from] Shed Tail\n|-ability|p1b: Ting-Lu|Vessel of Ruin\n|\n|upkeep\n|\n|t:|1682874307\n|switch|p2b: Flutter Mane|Flutter Mane, L50|17\/100\n|turn|9\n|inactive|Soosendosenv3 has 30 seconds left.\n|inactive|Soosendosenv3 has 20 seconds left.\n|\n|t:|1682874342\n|switch|p1a: Orthworm|Orthworm, L50, F|50\/100\n|move|p2b: Flutter Mane|Dazzling Gleam|p1a: Orthworm|[spread] p1a,p1b\n|-supereffective|p1b: Ting-Lu\n|-end|p1b: Ting-Lu|Substitute\n|-resisted|p1a: Orthworm\n|-damage|p1a: Orthworm|35\/100\n|move|p1b: Ting-Lu|Earthquake|p2b: Flutter Mane|[spread] p2a,p2b\n|-heal|p1a: Orthworm|60\/100|[from] ability: Earth Eater|[of] p1b: Ting-Lu\n|-damage|p2a: Amoonguss|37\/100\n|-damage|p2b: Flutter Mane|0 fnt\n|faint|p2b: Flutter Mane\n|-end|p2b: Flutter Mane|Protosynthesis|[silent]\n|move|p2a: Amoonguss|Spore|p1b: Ting-Lu\n|-status|p1b: Ting-Lu|slp|[from] move: Spore\n|\n|upkeep\n|\n|t:|1682874351\n|switch|p2b: Palafin|Palafin-Hero, L50, M, tera:Water|23\/100\n|turn|10\n|\n|t:|1682874367\n|move|p2b: Palafin|Jet Punch|p1a: Orthworm\n|-damage|p1a: Orthworm|16\/100\n|cant|p1b: Ting-Lu|slp\n|move|p1a: Orthworm|Body Press|p2b: Palafin\n|-damage|p2b: Palafin|0 fnt\n|faint|p2b: Palafin\n|move|p2a: Amoonguss|Pollen Puff|p2: Palafin|[notarget]\n|-fail|p2a: Amoonguss\n|\n|upkeep\n|turn|11\n|c|\u2606Soosendosenv3|gg\n|c|\u2606Keveloper|gg\n|-message|Soosendosenv3 forfeited.\n|\n|win|Keveloper\n","uploadtime":1682874388,"views":12,"p1id":"keveloper","p2id":"soosendosenv3","formatid":"gen9vgc2023regulationc","rating":0,"private":0,"password":""}