{"id":"gen9vgc2023regulationc-1859633398","p1":"LXF pokemon","p2":"mizuirokanjo","format":"[Gen 9] VGC 2023 Regulation C","log":"|j|\u2606LXF pokemon\n|j|\u2606mizuirokanjo\n|t:|1683551040\n|gametype|doubles\n|player|p1|LXF pokemon|hilbert|1719\n|player|p2|mizuirokanjo|169|1617\n|teamsize|p1|6\n|teamsize|p2|6\n|gen|9\n|tier|[Gen 9] VGC 2023 Regulation C\n|rated|\n|rule|Species Clause: Limit one of each Pok\u00e9mon\n|rule|Item Clause: Limit one of each item\n|clearpoke\n|poke|p1|Flutter Mane, L50|\n|poke|p1|Arcanine, L50, F|\n|poke|p1|Great Tusk, L50|\n|poke|p1|Chien-Pao, L50|\n|poke|p1|Talonflame, L50, F|\n|poke|p1|Dragonite, L50, M|\n|poke|p2|Wo-Chien, L50|\n|poke|p2|Flutter Mane, L50|\n|poke|p2|Chi-Yu, L50|\n|poke|p2|Glimmora, L50, F|\n|poke|p2|Iron Bundle, L50|\n|poke|p2|Dragonite, L50, F|\n|teampreview|4\n|j| Braindeadmeta\n|j| helloheyyolol\n|inactive|Battle timer is ON: inactive players will automatically lose when time's up. (requested by mizuirokanjo)\n|\n|t:|1683551103\n|start\n|switch|p1a: Talonflame|Talonflame, L50, F|100\/100\n|switch|p1b: Great Tusk|Great Tusk, L50|100\/100\n|switch|p2a: Wo-Chien|Wo-Chien, L50|100\/100\n|switch|p2b: Glimmora|Glimmora, L50, F|100\/100\n|-ability|p2a: Wo-Chien|Tablets of Ruin\n|turn|1\n|j| shanehuang99\n|inactive|LXF pokemon has 30 seconds left.\n|inactive|mizuirokanjo has 30 seconds left.\n|inactive|mizuirokanjo has 20 seconds left.\n|j| EnrolledAgent\n|inactive|mizuirokanjo has 15 seconds left.\n|inactive|mizuirokanjo has 10 seconds left.\n|inactive|mizuirokanjo has 5 seconds left.\n|\n|t:|1683551154\n|move|p1a: Talonflame|Tailwind|p1a: Talonflame\n|-sidestart|p1: LXF pokemon|move: Tailwind\n|move|p1b: Great Tusk|Close Combat|p2a: Wo-Chien\n|-supereffective|p2a: Wo-Chien\n|-damage|p2a: Wo-Chien|7\/100\n|-unboost|p1b: Great Tusk|def|1\n|-unboost|p1b: Great Tusk|spd|1\n|move|p2b: Glimmora|Power Gem|p1a: Talonflame\n|-supereffective|p1a: Talonflame\n|-enditem|p1a: Talonflame|Focus Sash\n|-damage|p1a: Talonflame|1\/100\n|move|p2a: Wo-Chien|Ruination|p1b: Great Tusk\n|-damage|p1b: Great Tusk|51\/100\n|\n|upkeep\n|turn|2\n|l| helloheyyolol\n|inactive|LXF pokemon has 30 seconds left.\n|inactive|mizuirokanjo has 30 seconds left.\n|inactive|LXF pokemon has 20 seconds left.\n|inactive|mizuirokanjo has 20 seconds left.\n|\n|t:|1683551190\n|-end|p1b: Great Tusk|Protosynthesis|[silent]\n|switch|p1b: Flutter Mane|Flutter Mane, L50|100\/100\n|-enditem|p1b: Flutter Mane|Booster Energy\n|-activate|p1b: Flutter Mane|ability: Protosynthesis|[fromitem]\n|-start|p1b: Flutter Mane|protosynthesisspa\n|move|p1a: Talonflame|Brave Bird|p2a: Wo-Chien\n|-supereffective|p2a: Wo-Chien\n|-damage|p2a: Wo-Chien|0 fnt\n|faint|p2a: Wo-Chien\n|-damage|p1a: Talonflame|0 fnt|[from] Recoil\n|faint|p1a: Talonflame\n|move|p2b: Glimmora|Mortal Spin|p1b: Flutter Mane\n|-damage|p1b: Flutter Mane|90\/100\n|-status|p1b: Flutter Mane|psn\n|\n|-damage|p1b: Flutter Mane|78\/100 psn|[from] psn\n|upkeep\n|\n|t:|1683551209\n|switch|p1a: Great Tusk|Great Tusk, L50|51\/100\n|switch|p2a: Chi-Yu|Chi-Yu, L50|100\/100\n|-ability|p2a: Chi-Yu|Beads of Ruin\n|turn|3\n|inactive|mizuirokanjo has 30 seconds left.\n|\n|t:|1683551235\n|move|p2a: Chi-Yu|Protect|p2a: Chi-Yu\n|-singleturn|p2a: Chi-Yu|Protect\n|move|p1a: Great Tusk|Headlong Rush|p2a: Chi-Yu\n|-activate|p2a: Chi-Yu|move: Protect\n|move|p1b: Flutter Mane|Dazzling Gleam|p2a: Chi-Yu|[spread] p2b\n|-activate|p2a: Chi-Yu|move: Protect\n|-resisted|p2b: Glimmora\n|-damage|p2b: Glimmora|76\/100\n|move|p2b: Glimmora|Stealth Rock|p1b: Flutter Mane\n|-sidestart|p1: LXF pokemon|move: Stealth Rock\n|\n|-damage|p1b: Flutter Mane|66\/100 psn|[from] psn\n|upkeep\n|turn|4\n|inactive|mizuirokanjo has 30 seconds left.\n|\n|t:|1683551264\n|-terastallize|p2a: Chi-Yu|Water\n|move|p1a: Great Tusk|Headlong Rush|p2a: Chi-Yu\n|-damage|p2a: Chi-Yu|26\/100\n|-unboost|p1a: Great Tusk|def|1\n|-unboost|p1a: Great Tusk|spd|1\n|move|p1b: Flutter Mane|Dazzling Gleam|p2b: Glimmora|[spread] p2a,p2b\n|-crit|p2a: Chi-Yu\n|-resisted|p2b: Glimmora\n|-damage|p2a: Chi-Yu|0 fnt\n|-damage|p2b: Glimmora|52\/100\n|faint|p2a: Chi-Yu\n|move|p2b: Glimmora|Power Gem|p1b: Flutter Mane\n|-damage|p1b: Flutter Mane|33\/100 psn\n|\n|-damage|p1b: Flutter Mane|21\/100 psn|[from] psn\n|-sideend|p1: LXF pokemon|move: Tailwind\n|upkeep\n|\n|t:|1683551278\n|switch|p2a: Flutter Mane|Flutter Mane, L50|100\/100\n|-enditem|p2a: Flutter Mane|Booster Energy\n|-activate|p2a: Flutter Mane|ability: Protosynthesis|[fromitem]\n|-start|p2a: Flutter Mane|protosynthesisspe\n|turn|5\n|j| faboss16\n|inactive|mizuirokanjo has 30 seconds left.\n|inactive|mizuirokanjo has 20 seconds left.\n|\n|t:|1683551316\n|move|p2a: Flutter Mane|Icy Wind|p1b: Flutter Mane|[spread] p1a,p1b\n|-supereffective|p1a: Great Tusk\n|-damage|p1a: Great Tusk|0 fnt\n|-damage|p1b: Flutter Mane|8\/100 psn\n|-unboost|p1b: Flutter Mane|spe|1\n|faint|p1a: Great Tusk\n|-end|p1a: Great Tusk|Protosynthesis|[silent]\n|move|p2b: Glimmora|Power Gem|p1b: Flutter Mane\n|-damage|p1b: Flutter Mane|0 fnt\n|faint|p1b: Flutter Mane\n|-end|p1b: Flutter Mane|Protosynthesis|[silent]\n|\n|upkeep\n|\n|t:|1683551333\n|switch|p1b: Chien-Pao|Chien-Pao, L50|100\/100\n|-damage|p1b: Chien-Pao|75\/100|[from] Stealth Rock\n|-ability|p1b: Chien-Pao|Sword of Ruin\n|turn|6\n|\n|t:|1683551347\n|-terastallize|p1b: Chien-Pao|Ghost\n|move|p2a: Flutter Mane|Moonblast|p1b: Chien-Pao\n|-damage|p1b: Chien-Pao|0 fnt\n|faint|p1b: Chien-Pao\n|\n|win|mizuirokanjo\n|raw|LXF pokemon's rating: 1719 → 1693<\/strong> (-26 for losing)\n|raw|mizuirokanjo's rating: 1617 → 1643<\/strong> (+26 for winning)\n|l|\u2606LXF pokemon\n|l| Braindeadmeta\n","uploadtime":1683551371,"views":8,"p1id":"lxfpokemon","p2id":"mizuirokanjo","formatid":"gen9vgc2023regulationc","rating":1643,"private":0,"password":""}