{"id":"gen9vgc2023regulationc-1864179226","p1":"revocolombia","p2":"MRSURE","format":"[Gen 9] VGC 2023 Regulation C","log":"|j|\u2606revocolombia\n|j|\u2606MRSURE\n|t:|1684131146\n|gametype|doubles\n|player|p1|revocolombia|pokemonranger-gen4|1262\n|player|p2|MRSURE|170|1214\n|teamsize|p1|6\n|teamsize|p2|6\n|gen|9\n|tier|[Gen 9] VGC 2023 Regulation C\n|rated|\n|rule|Species Clause: Limit one of each Pok\u00e9mon\n|rule|Item Clause: Limit one of each item\n|clearpoke\n|poke|p1|Flutter Mane, L50|\n|poke|p1|Annihilape, L50, M|\n|poke|p1|Dragonite, L50, F|\n|poke|p1|Chien-Pao, L50|\n|poke|p1|Murkrow, L50, M|\n|poke|p1|Chi-Yu, L50|\n|poke|p2|Dragapult, L50, F|\n|poke|p2|Scovillain, L50, F|\n|poke|p2|Grafaiai, L50, M|\n|poke|p2|Chien-Pao, L50|\n|poke|p2|Murkrow, L50, F|\n|poke|p2|Iron Bundle, L50|\n|teampreview|4\nMRSURE has agreed to open team sheets.\n|inactive|Battle timer is ON: inactive players will automatically lose when time's up. (requested by MRSURE)\n|\n|t:|1684131174\n|start\n|switch|p1a: Dragonite|Dragonite, L50, F|100\/100\n|switch|p1b: Flutter Mane|Flutter Mane, L50|100\/100\n|switch|p2a: Iron Bundle|Iron Bundle, L50|100\/100\n|switch|p2b: Dragapult|Dragapult, L50, F|100\/100\n|-enditem|p2a: Iron Bundle|Booster Energy\n|-activate|p2a: Iron Bundle|ability: Quark Drive|[fromitem]\n|-start|p2a: Iron Bundle|quarkdrivespe\n|-enditem|p1b: Flutter Mane|Booster Energy\n|-activate|p1b: Flutter Mane|ability: Protosynthesis|[fromitem]\n|-start|p1b: Flutter Mane|protosynthesisspe\n|turn|1\n|\n|t:|1684131195\n|-terastallize|p2b: Dragapult|Ghost\n|-terastallize|p1a: Dragonite|Normal\n|move|p2a: Iron Bundle|Icy Wind|p1b: Flutter Mane|[spread] p1a,p1b\n|-damage|p1a: Dragonite|89\/100\n|-damage|p1b: Flutter Mane|79\/100\n|-unboost|p1a: Dragonite|spe|1\n|-unboost|p1b: Flutter Mane|spe|1\n|move|p2b: Dragapult|Tera Blast|p1b: Flutter Mane\n|-supereffective|p1b: Flutter Mane\n|-damage|p1b: Flutter Mane|0 fnt\n|faint|p1b: Flutter Mane\n|-end|p1b: Flutter Mane|Protosynthesis|[silent]\n|move|p1a: Dragonite|Dragon Dance|p1a: Dragonite\n|-boost|p1a: Dragonite|atk|1\n|-boost|p1a: Dragonite|spe|1\n|-enditem|p2b: Dragapult|Mirror Herb\n|-boost|p2b: Dragapult|atk|1|[from] item: Mirror Herb\n|-boost|p2b: Dragapult|spe|1|[from] item: Mirror Herb\n|\n|upkeep\n|\n|t:|1684131214\n|switch|p1b: Annihilape|Annihilape, L50, M, shiny|100\/100\n|turn|2\n|inactive|MRSURE has 30 seconds left.\n|\n|t:|1684131242\n|move|p1b: Annihilape|Protect|p1b: Annihilape\n|-singleturn|p1b: Annihilape|Protect\n|move|p2a: Iron Bundle|Freeze-Dry|p1a: Dragonite\n|-damage|p1a: Dragonite|51\/100\n|move|p2b: Dragapult|Tera Blast|p1b: Annihilape\n|-activate|p1b: Annihilape|move: Protect\n|move|p1a: Dragonite|Thunder Punch|p2b: Dragapult\n|-damage|p2b: Dragapult|36\/100\n|\n|upkeep\n|turn|3\n|\n|t:|1684131262\n|switch|p1b: Chien-Pao|Chien-Pao, L50|100\/100\n|-ability|p1b: Chien-Pao|Sword of Ruin\n|move|p2a: Iron Bundle|Freeze-Dry|p1a: Dragonite\n|-damage|p1a: Dragonite|13\/100\n|move|p2b: Dragapult|Tera Blast|p1b: Chien-Pao\n|-resisted|p1b: Chien-Pao\n|-damage|p1b: Chien-Pao|47\/100\n|move|p1a: Dragonite|Thunder Punch|p2b: Dragapult\n|-damage|p2b: Dragapult|0 fnt\n|faint|p2b: Dragapult\n|\n|upkeep\n|\n|t:|1684131269\n|switch|p2b: Chien-Pao|Chien-Pao, L50|100\/100\n|-ability|p2b: Chien-Pao|Sword of Ruin\n|turn|4\n|\n|t:|1684131288\n|move|p1a: Dragonite|Extreme Speed|p2b: Chien-Pao\n|-damage|p2b: Chien-Pao|7\/100\n|move|p2a: Iron Bundle|Icy Wind|p1a: Dragonite|[spread] p1a,p1b\n|-resisted|p1b: Chien-Pao\n|-damage|p1a: Dragonite|0 fnt\n|-damage|p1b: Chien-Pao|34\/100\n|-unboost|p1b: Chien-Pao|spe|1\n|faint|p1a: Dragonite\n|move|p2b: Chien-Pao|Sacred Sword|p1b: Chien-Pao\n|-supereffective|p1b: Chien-Pao\n|-damage|p1b: Chien-Pao|0 fnt\n|faint|p1b: Chien-Pao\n|\n|upkeep\n|\n|t:|1684131306\n|switch|p1b: Annihilape|Annihilape, L50, M, shiny|100\/100\n|turn|5\n|\n|t:|1684131311\n|switch|p2b: Grafaiai|Grafaiai, L50, M|100\/100\n|move|p2a: Iron Bundle|Hydro Pump|p1b: Annihilape\n|-damage|p1b: Annihilape|51\/100\n|move|p1b: Annihilape|Bulk Up|p1b: Annihilape\n|-boost|p1b: Annihilape|atk|1\n|-boost|p1b: Annihilape|def|1\n|\n|-heal|p1b: Annihilape|57\/100|[from] item: Leftovers\n|upkeep\n|turn|6\n|\n|t:|1684131326\n|move|p2a: Iron Bundle|Hydro Pump|p1b: Annihilape\n|-damage|p1b: Annihilape|8\/100\n|move|p2b: Grafaiai|Poison Jab|p1b: Annihilape\n|-resisted|p1b: Annihilape\n|-damage|p1b: Annihilape|0 fnt\n|faint|p1b: Annihilape\n|\n|win|MRSURE\n|raw|revocolombia's rating: 1262 → 1234<\/strong> (-28 for losing)\n|raw|MRSURE's rating: 1214 → 1242<\/strong> (+28 for winning)\n","uploadtime":1684131336,"views":6,"p1id":"revocolombia","p2id":"mrsure","formatid":"gen9vgc2023regulationc","rating":1234,"private":0,"password":""}