{"id":"gen9vgc2023regulationc-1845933654","p1":"gankyburner","p2":"athico","format":"[Gen 9] VGC 2023 Regulation C","log":"|j|\u2606gankyburner\n|j|\u2606athico\n|t:|1681780946\n|gametype|doubles\n|player|p1|gankyburner|169|1154\n|player|p2|athico|1|1202\n|teamsize|p1|6\n|teamsize|p2|6\n|gen|9\n|tier|[Gen 9] VGC 2023 Regulation C\n|rated|\n|rule|Species Clause: Limit one of each Pok\u00e9mon\n|rule|Item Clause: Limit one of each item\n|clearpoke\n|poke|p1|Murkrow, L50, F|\n|poke|p1|Tyranitar, L50, M|\n|poke|p1|Houndstone, L50, F|\n|poke|p1|Chi-Yu, L50|\n|poke|p1|Corviknight, L50, M|\n|poke|p1|Leafeon, L50, M|\n|poke|p2|Annihilape, L50, M|\n|poke|p2|Flutter Mane, L50|\n|poke|p2|Chi-Yu, L50|\n|poke|p2|Maushold-Four, L50|\n|poke|p2|Amoonguss, L50, M|\n|poke|p2|Dragapult, L50, F|\n|teampreview|4\n|\n|t:|1681780974\n|start\n|switch|p1a: B.H. Sun|Chi-Yu, L50|100\/100\n|switch|p1b: C'mon C'mon|Murkrow, L50, F|100\/100\n|switch|p2a: Maushold|Maushold-Four, L50|100\/100\n|switch|p2b: Annihilape|Annihilape, L50, M|100\/100\n|-ability|p1a: B.H. Sun|Beads of Ruin\n|turn|1\n|\n|t:|1681780997\n|-terastallize|p1a: B.H. Sun|Water\n|-terastallize|p2b: Annihilape|Steel\n|move|p1b: C'mon C'mon|Tailwind|p1b: C'mon C'mon\n|-sidestart|p1: gankyburner|move: Tailwind\n|move|p1a: B.H. Sun|Overheat|p2a: Maushold\n|-damage|p2a: Maushold|0 fnt\n|-unboost|p1a: B.H. Sun|spa|2\n|faint|p2a: Maushold\n|-damage|p1a: B.H. Sun|90\/100|[from] item: Life Orb\n|move|p2b: Annihilape|Drain Punch|p1a: B.H. Sun\n|-damage|p1a: B.H. Sun|30\/100\n|\n|upkeep\n|\n|t:|1681781013\n|switch|p2a: Flutter Mane|Flutter Mane, L50|100\/100\n|-enditem|p2a: Flutter Mane|Booster Energy\n|-activate|p2a: Flutter Mane|ability: Protosynthesis|[fromitem]\n|-start|p2a: Flutter Mane|protosynthesisspe\n|turn|2\n|\n|t:|1681781023\n|move|p1b: C'mon C'mon|Haze|p1b: C'mon C'mon\n|-clearallboost\n|move|p1a: B.H. Sun|Overheat|p2a: Flutter Mane\n|-damage|p2a: Flutter Mane|0 fnt\n|-unboost|p1a: B.H. Sun|spa|2\n|faint|p2a: Flutter Mane\n|-end|p2a: Flutter Mane|Protosynthesis|[silent]\n|-damage|p1a: B.H. Sun|20\/100|[from] item: Life Orb\n|move|p2b: Annihilape|Drain Punch|p1a: B.H. Sun\n|-damage|p1a: B.H. Sun|0 fnt\n|faint|p1a: B.H. Sun\n|\n|upkeep\n|inactive|Battle timer is ON: inactive players will automatically lose when time's up. (requested by athico)\n|\n|t:|1681781042\n|switch|p2a: Dragapult|Dragapult, L50, F|100\/100\n|switch|p1a: Mr. Jones|Corviknight, L50, M|100\/100\n|turn|3\n|c|\u2606athico|man you are off for 2 weeks and the whole metagame is completely new\n|inactive|athico has 30 seconds left.\n|\n|t:|1681781069\n|move|p1a: Mr. Jones|Iron Head|p2b: Annihilape\n|-resisted|p2b: Annihilape\n|-damage|p2b: Annihilape|74\/100\n|move|p1b: C'mon C'mon|Foul Play|p2b: Annihilape\n|-damage|p2b: Annihilape|25\/100\n|move|p2a: Dragapult|U-turn|p1b: C'mon C'mon\n|-damage|p1b: C'mon C'mon|68\/100\n|move|p2b: Annihilape|Close Combat|p1a: Mr. Jones\n|-crit|p1a: Mr. Jones\n|-damage|p1a: Mr. Jones|22\/100\n|-unboost|p2b: Annihilape|def|1\n|-unboost|p2b: Annihilape|spd|1\n|\n|-heal|p2b: Annihilape|31\/100|[from] item: Leftovers\n|upkeep\n|turn|4\n|c|\u2606gankyburner|for real\n|\n|t:|1681781094\n|move|p1a: Mr. Jones|Iron Head|p2a: Dragapult\n|-damage|p2a: Dragapult|34\/100\n|move|p1b: C'mon C'mon|Foul Play|p2b: Annihilape\n|-damage|p2b: Annihilape|0 fnt\n|faint|p2b: Annihilape\n|cant|p2a: Dragapult|flinch\n|\n|-sideend|p1: gankyburner|move: Tailwind\n|upkeep\n|turn|5\n|c|\u2606gankyburner|i also have no idea what's going on\n|-message|athico forfeited.\n|\n|win|gankyburner\n|raw|gankyburner's rating: 1154 → 1182<\/strong> (+28 for winning)\n|raw|athico's rating: 1202 → 1174<\/strong> (-28 for losing)\n|l|\u2606athico\n|c|\u2606gankyburner|i keep going up and dow nthe ladder\n|c|\u2606gankyburner|gg\n|c|\u2606gankyburner|gl next\n","uploadtime":1681781112,"views":5,"p1id":"gankyburner","p2id":"athico","formatid":"gen9vgc2023regulationc","rating":1174,"private":0,"password":""}