{"id":"gen9vgc2023regulationc-1858646694","p1":"SpeedyBlu","p2":"Joxhann25","format":"[Gen 9] VGC 2023 Regulation C","log":"|j|\u2606SpeedyBlu\n|j|\u2606Joxhann25\n|t:|1683336887\n|gametype|doubles\n|player|p1|SpeedyBlu|bea|1049\n|player|p2|Joxhann25|youngster-gen4dp|1029\n|teamsize|p1|6\n|teamsize|p2|6\n|gen|9\n|tier|[Gen 9] VGC 2023 Regulation C\n|rated|\n|rule|Species Clause: Limit one of each Pok\u00e9mon\n|rule|Item Clause: Limit one of each item\n|clearpoke\n|poke|p1|Flutter Mane, L50|\n|poke|p1|Amoonguss, L50, F|\n|poke|p1|Arcanine, L50, F|\n|poke|p1|Lucario, L50, M|\n|poke|p1|Gothorita, L50, M|\n|poke|p1|Iron Bundle, L50|\n|poke|p2|Amoonguss, L50, F|\n|poke|p2|Palafin, L50, M|\n|poke|p2|Arcanine, L50, M|\n|poke|p2|Flutter Mane, L50|\n|poke|p2|Roaring Moon, L50|\n|poke|p2|Ting-Lu, L50|\n|teampreview|4\n|c|\u2606SpeedyBlu|glhf\nSpeedyBlu rejected open team sheets.\n|c|\u2606Joxhann25|Glhf\n|\n|t:|1683336929\n|start\n|switch|p1a: Flutter Mane|Flutter Mane, L50|100\/100\n|switch|p1b: Amoonguss|Amoonguss, L50, F, shiny|100\/100\n|switch|p2a: Amoonguss|Amoonguss, L50, F|100\/100\n|switch|p2b: Palafin|Palafin, L50, M|100\/100\n|turn|1\n|\n|t:|1683336945\n|move|p2b: Palafin|Protect|p2b: Palafin\n|-singleturn|p2b: Palafin|Protect\n|move|p1b: Amoonguss|Rage Powder|p1b: Amoonguss\n|-singleturn|p1b: Amoonguss|move: Rage Powder\n|move|p1a: Flutter Mane|Shadow Ball|p2b: Palafin\n|-activate|p2b: Palafin|move: Protect\n|move|p2a: Amoonguss|Spore|p1a: Flutter Mane\n|-status|p1a: Flutter Mane|slp|[from] move: Spore\n|\n|upkeep\n|turn|2\n|\n|t:|1683336971\n|detailschange|p2b: Palafin|Palafin-Hero, L50, M\n|switch|p2b: Flutter Mane|Flutter Mane, L50|100\/100\n|switch|p2a: Arcanine|Arcanine, L50, M|100\/100\n|-ability|p2a: Arcanine|Intimidate|boost\n|-unboost|p1a: Flutter Mane|atk|1\n|-unboost|p1b: Amoonguss|atk|1\n|cant|p1a: Flutter Mane|slp\n|move|p1b: Amoonguss|Spore|p2b: Flutter Mane\n|-status|p2b: Flutter Mane|slp|[from] move: Spore\n|\n|upkeep\n|turn|3\n|\n|t:|1683336990\n|-curestatus|p1a: Flutter Mane|slp|[msg]\n|move|p1a: Flutter Mane|Shadow Ball|p2a: Arcanine\n|-damage|p2a: Arcanine|54\/100\n|cant|p2b: Flutter Mane|slp\n|move|p2a: Arcanine|Flare Blitz|p1b: Amoonguss\n|-supereffective|p1b: Amoonguss\n|-damage|p1b: Amoonguss|13\/100\n|-status|p1b: Amoonguss|brn\n|-enditem|p1b: Amoonguss|Sitrus Berry|[eat]\n|-heal|p1b: Amoonguss|38\/100 brn|[from] item: Sitrus Berry\n|-damage|p2a: Arcanine|22\/100|[from] Recoil\n|move|p1b: Amoonguss|Spore|p2a: Arcanine\n|-activate|p2a: Arcanine|item: Safety Goggles|Spore\n|\n|-damage|p1b: Amoonguss|32\/100 brn|[from] brn\n|upkeep\n|turn|4\n|\n|t:|1683337019\n|move|p2a: Arcanine|Protect|p2a: Arcanine\n|-singleturn|p2a: Arcanine|Protect\n|move|p1a: Flutter Mane|Shadow Ball|p2b: Flutter Mane\n|-supereffective|p2b: Flutter Mane\n|-damage|p2b: Flutter Mane|20\/100 slp\n|cant|p2b: Flutter Mane|slp\n|move|p1b: Amoonguss|Pollen Puff|p2b: Flutter Mane\n|-resisted|p2b: Flutter Mane\n|-damage|p2b: Flutter Mane|15\/100 slp\n|\n|-damage|p1b: Amoonguss|26\/100 brn|[from] brn\n|upkeep\n|turn|5\n|\n|t:|1683337051\n|move|p1b: Amoonguss|Rage Powder|p1b: Amoonguss\n|-singleturn|p1b: Amoonguss|move: Rage Powder\n|move|p1a: Flutter Mane|Moonblast|p2a: Arcanine\n|-resisted|p2a: Arcanine\n|-damage|p2a: Arcanine|0 fnt\n|faint|p2a: Arcanine\n|-curestatus|p2b: Flutter Mane|slp|[msg]\n|move|p2b: Flutter Mane|Shadow Ball|p1b: Amoonguss\n|-damage|p1b: Amoonguss|0 fnt\n|faint|p1b: Amoonguss\n|\n|upkeep\n|\n|t:|1683337065\n|switch|p2a: Palafin|Palafin-Hero, L50, M|100\/100\n|switch|p1b: Iron Bundle|Iron Bundle, L50|100\/100\n|-activate|p2a: Palafin|ability: Zero to Hero\n|-enditem|p1b: Iron Bundle|Booster Energy\n|-activate|p1b: Iron Bundle|ability: Quark Drive|[fromitem]\n|-start|p1b: Iron Bundle|quarkdrivespe\n|turn|6\n|\n|t:|1683337077\n|-terastallize|p1a: Flutter Mane|Ghost\n|move|p1b: Iron Bundle|Freeze-Dry|p2a: Palafin\n|-supereffective|p2a: Palafin\n|-damage|p2a: Palafin|28\/100\n|move|p1a: Flutter Mane|Shadow Ball|p2a: Palafin\n|-damage|p2a: Palafin|0 fnt\n|faint|p2a: Palafin\n|move|p2b: Flutter Mane|Shadow Ball|p1b: Iron Bundle\n|-damage|p1b: Iron Bundle|0 fnt\n|faint|p1b: Iron Bundle\n|-end|p1b: Iron Bundle|Quark Drive|[silent]\n|\n|upkeep\n|\n|t:|1683337092\n|switch|p1b: Lucario|Lucario, L50, M, shiny|100\/100\n|switch|p2a: Amoonguss|Amoonguss, L50, F|100\/100\n|turn|7\n|\n|t:|1683337111\n|move|p1a: Flutter Mane|Shadow Ball|p2b: Flutter Mane\n|-supereffective|p2b: Flutter Mane\n|-damage|p2b: Flutter Mane|0 fnt\n|faint|p2b: Flutter Mane\n|-end|p2b: Flutter Mane|Protosynthesis|[silent]\n|move|p1b: Lucario|Swords Dance|p1b: Lucario\n|-boost|p1b: Lucario|atk|2\n|move|p2a: Amoonguss|Pollen Puff|p2: Flutter Mane|[notarget]\n|-fail|p2a: Amoonguss\n|\n|upkeep\n|turn|8\n|l|\u2606Joxhann25\n|player|p2|\n|inactive|Battle timer is ON: inactive players will automatically lose when time's up. (requested by SpeedyBlu)\n|inactive|Joxhann25 has 30 seconds to reconnect!\n|inactive|Joxhann25 has 20 seconds to reconnect!\n|inactive|Joxhann25 has 15 seconds to reconnect!\n|inactive|Joxhann25 has 10 seconds to reconnect!\n|inactive|Joxhann25 has 5 seconds to reconnect!\n|-message|Joxhann25 lost due to inactivity.\n|\n|win|SpeedyBlu\n|raw|SpeedyBlu's rating: 1049 → 1080<\/strong> (+31 for winning)\n|raw|Joxhann25's rating: 1029 → 1015<\/strong> (-14 for losing)\n","uploadtime":1683337310,"views":7,"p1id":"speedyblu","p2id":"joxhann25","formatid":"gen9vgc2023regulationc","rating":1015,"private":0,"password":""}