{"id":"gen9vgc2023regulationc-1858942986","p1":"Osjan","p2":"Antillegal","format":"[Gen 9] VGC 2023 Regulation C","log":"|j|\u2606Osjan\n|j|\u2606Antillegal\n|t:|1683386204\n|gametype|doubles\n|player|p1|Osjan|theroyal|1100\n|player|p2|Antillegal|winona|1000\n|teamsize|p1|6\n|teamsize|p2|6\n|gen|9\n|tier|[Gen 9] VGC 2023 Regulation C\n|rated|\n|rule|Species Clause: Limit one of each Pok\u00e9mon\n|rule|Item Clause: Limit one of each item\n|clearpoke\n|poke|p1|Chi-Yu, L50|\n|poke|p1|Dachsbun, L50, M|\n|poke|p1|Lucario, L50, M|\n|poke|p1|Bruxish, L50, M|\n|poke|p1|Breloom, L50, M|\n|poke|p1|Annihilape, L50, F|\n|poke|p2|Flutter Mane, L50|\n|poke|p2|Roaring Moon, L50|\n|poke|p2|Torkoal, L50, M|\n|poke|p2|Armarouge, L50, M|\n|poke|p2|Dragonite, L50, F|\n|poke|p2|Amoonguss, L50, F|\n|teampreview|4\n|\n|t:|1683386239\n|start\n|switch|p1a: Lucario|Lucario, L50, M|100\/100\n|switch|p1b: Breloom|Breloom, L50, M|100\/100\n|switch|p2a: Torkoal|Torkoal, L50, M|100\/100\n|switch|p2b: Flutter Mane|Flutter Mane, L50|100\/100\n|-weather|SunnyDay|[from] ability: Drought|[of] p2a: Torkoal\n|-activate|p2b: Flutter Mane|ability: Protosynthesis\n|-start|p2b: Flutter Mane|protosynthesisspe\n|turn|1\n|\n|t:|1683386286\n|-end|p2b: Flutter Mane|Protosynthesis|[silent]\n|switch|p2b: Roaring Moon|Roaring Moon, L50|100\/100\n|-activate|p2b: Roaring Moon|ability: Protosynthesis\n|-start|p2b: Roaring Moon|protosynthesisspe\n|switch|p1a: Dachsbun|Dachsbun, L50, M|100\/100\n|move|p1b: Breloom|Mach Punch|p2a: Torkoal\n|-damage|p2a: Torkoal|73\/100\n|move|p2a: Torkoal|Eruption|p1b: Breloom|[spread] p1b\n|-ability|p1a: Dachsbun|Well-Baked Body|boost\n|-boost|p1a: Dachsbun|def|2\n|-supereffective|p1b: Breloom\n|-damage|p1b: Breloom|0 fnt\n|faint|p1b: Breloom\n|\n|-weather|SunnyDay|[upkeep]\n|upkeep\n|\n|t:|1683386301\n|switch|p1b: Chi-Yu|Chi-Yu, L50|100\/100\n|-ability|p1b: Chi-Yu|Beads of Ruin\n|turn|2\n|\n|t:|1683386324\n|move|p2a: Torkoal|Protect|p2a: Torkoal\n|-singleturn|p2a: Torkoal|Protect\n|move|p2b: Roaring Moon|Earthquake|p1b: Chi-Yu|[spread] p1a,p1b\n|-activate|p2a: Torkoal|move: Protect\n|-supereffective|p1b: Chi-Yu\n|-damage|p1a: Dachsbun|87\/100\n|-damage|p1b: Chi-Yu|42\/100\n|move|p1b: Chi-Yu|Lava Plume|p2b: Roaring Moon|[spread] p2b\n|-activate|p2a: Torkoal|move: Protect\n|-ability|p1a: Dachsbun|Well-Baked Body|boost\n|-boost|p1a: Dachsbun|def|2\n|-resisted|p2b: Roaring Moon\n|-damage|p2b: Roaring Moon|80\/100\n|move|p1a: Dachsbun|Body Press|p2b: Roaring Moon\n|-supereffective|p2b: Roaring Moon\n|-damage|p2b: Roaring Moon|0 fnt\n|faint|p2b: Roaring Moon\n|-end|p2b: Roaring Moon|Protosynthesis|[silent]\n|\n|-weather|SunnyDay|[upkeep]\n|-heal|p1a: Dachsbun|93\/100|[from] item: Leftovers\n|upkeep\n|\n|t:|1683386346\n|switch|p2b: Flutter Mane|Flutter Mane, L50|100\/100\n|-activate|p2b: Flutter Mane|ability: Protosynthesis\n|-start|p2b: Flutter Mane|protosynthesisspe\n|turn|3\n|\n|t:|1683386363\n|-terastallize|p1a: Dachsbun|Steel\n|move|p2b: Flutter Mane|Moonblast|p1a: Dachsbun\n|-resisted|p1a: Dachsbun\n|-damage|p1a: Dachsbun|51\/100\n|-unboost|p1a: Dachsbun|spa|1\n|-damage|p2b: Flutter Mane|90\/100|[from] item: Life Orb\n|move|p1b: Chi-Yu|Snarl|p2a: Torkoal|[spread] p2a,p2b\n|-damage|p2a: Torkoal|35\/100\n|-damage|p2b: Flutter Mane|60\/100\n|-unboost|p2a: Torkoal|spa|1\n|-unboost|p2b: Flutter Mane|spa|1\n|move|p1a: Dachsbun|Trailblaze|p2b: Flutter Mane\n|-damage|p2b: Flutter Mane|34\/100\n|-boost|p1a: Dachsbun|spe|1\n|move|p2a: Torkoal|Earth Power|p1b: Chi-Yu\n|-supereffective|p1b: Chi-Yu\n|-damage|p1b: Chi-Yu|10\/100\n|-enditem|p1b: Chi-Yu|Wiki Berry|[eat]\n|-heal|p1b: Chi-Yu|44\/100|[from] item: Wiki Berry\n|\n|-weather|SunnyDay|[upkeep]\n|-heal|p1a: Dachsbun|57\/100|[from] item: Leftovers\n|upkeep\n|turn|4\n|\n|t:|1683386394\n|move|p2b: Flutter Mane|Shadow Ball|p1a: Dachsbun\n|-damage|p1a: Dachsbun|7\/100\n|-damage|p2b: Flutter Mane|24\/100|[from] item: Life Orb\n|move|p1a: Dachsbun|Trailblaze|p2b: Flutter Mane\n|-damage|p2b: Flutter Mane|0 fnt\n|-boost|p1a: Dachsbun|spe|1\n|faint|p2b: Flutter Mane\n|-end|p2b: Flutter Mane|Protosynthesis|[silent]\n|move|p1b: Chi-Yu|Snarl|p2a: Torkoal\n|-crit|p2a: Torkoal\n|-damage|p2a: Torkoal|0 fnt\n|faint|p2a: Torkoal\n|\n|-weather|SunnyDay|[upkeep]\n|-heal|p1a: Dachsbun|13\/100|[from] item: Leftovers\n|upkeep\n|l|\u2606Antillegal\n|player|p2|\n|inactive|Battle timer is ON: inactive players will automatically lose when time's up. (requested by Osjan)\n|c|\u2606Osjan|l bozo\n|inactive|Antillegal has 30 seconds to reconnect!\n|inactive|Antillegal has 20 seconds to reconnect!\n|inactive|Antillegal has 15 seconds to reconnect!\n|j|\u2606Antillegal\n|inactive|Antillegal reconnected and has 45 seconds left.\n|player|p2|Antillegal|winona\n|inactive|Antillegal has 30 seconds left.\n|\n|t:|1683386541\n|switch|p2b: Dragonite|Dragonite, L50, F|100\/100\n|turn|5\n|\n|t:|1683386551\n|move|p1a: Dachsbun|Body Press|p2b: Dragonite\n|-resisted|p2b: Dragonite\n|-crit|p2b: Dragonite\n|-damage|p2b: Dragonite|79\/100\n|move|p1b: Chi-Yu|Lava Plume|p2b: Dragonite|[spread] p2b\n|-ability|p1a: Dachsbun|Well-Baked Body|boost\n|-boost|p1a: Dachsbun|def|2\n|-resisted|p2b: Dragonite\n|-damage|p2b: Dragonite|49\/100\n|move|p2b: Dragonite|Earthquake|p1a: Dachsbun|[spread] p1a,p1b\n|-supereffective|p1a: Dachsbun\n|-supereffective|p1b: Chi-Yu\n|-damage|p1a: Dachsbun|0 fnt\n|-damage|p1b: Chi-Yu|0 fnt\n|faint|p1a: Dachsbun\n|faint|p1b: Chi-Yu\n|\n|-weather|SunnyDay|[upkeep]\n|upkeep\n|\n|t:|1683386566\n|switch|p1a: Lucario|Lucario, L50, M|100\/100\n|turn|6\n|\n|t:|1683386573\n|-terastallize|p2b: Dragonite|Normal\n|move|p1a: Lucario|Dragon Pulse|p2b: Dragonite\n|-damage|p2b: Dragonite|24\/100\n|move|p2b: Dragonite|Earthquake|p1a: Lucario\n|-supereffective|p1a: Lucario\n|-damage|p1a: Lucario|0 fnt\n|faint|p1a: Lucario\n|\n|win|Antillegal\n|raw|Osjan's rating: 1100 → 1068<\/strong> (-32 for losing)\n|raw|Antillegal's rating: 1000 → 1051<\/strong> (+51 for winning)\n","uploadtime":1683386586,"views":6,"p1id":"osjan","p2id":"antillegal","formatid":"gen9vgc2023regulationc","rating":1051,"private":0,"password":""}