{"id":"gen9vgc2023regulationc-1846176419","p1":"yunus.yusra","p2":"Mager222","format":"[Gen 9] VGC 2023 Regulation C","log":"|j|\u2606yunus.yusra\n|j|\u2606Mager222\n|t:|1681817620\n|gametype|doubles\n|player|p1|yunus.yusra|biker-gen4|1154\n|player|p2|Mager222|265|1239\n|teamsize|p1|6\n|teamsize|p2|6\n|gen|9\n|tier|[Gen 9] VGC 2023 Regulation C\n|rated|\n|rule|Species Clause: Limit one of each Pok\u00e9mon\n|rule|Item Clause: Limit one of each item\n|clearpoke\n|poke|p1|Iron Jugulis, L50|\n|poke|p1|Gholdengo, L50|\n|poke|p1|Iron Hands, L50|\n|poke|p1|Iron Bundle, L50|\n|poke|p1|Great Tusk, L50|\n|poke|p1|Gothitelle, L50, F|\n|poke|p2|Flutter Mane, L50|\n|poke|p2|Gastrodon, L50, M|\n|poke|p2|Brute Bonnet, L50|\n|poke|p2|Salamence, L50, M|\n|poke|p2|Chi-Yu, L50|\n|poke|p2|Annihilape, L50, F|\n|teampreview|4\n|inactive|Battle timer is ON: inactive players will automatically lose when time's up. (requested by yunus.yusra)\n|inactive|yunus.yusra has 60 seconds left.\n|\n|t:|1681817668\n|start\n|switch|p1a: Iron Jugulis|Iron Jugulis, L50|100\/100\n|switch|p1b: Great Tusk|Great Tusk, L50|100\/100\n|switch|p2a: Chi-Yu|Chi-Yu, L50|100\/100\n|switch|p2b: Flutter Mane|Flutter Mane, L50|100\/100\n|-ability|p2a: Chi-Yu|Beads of Ruin\n|-enditem|p1a: Iron Jugulis|Booster Energy\n|-activate|p1a: Iron Jugulis|ability: Quark Drive|[fromitem]\n|-start|p1a: Iron Jugulis|quarkdrivespe\n|turn|1\n|inactive|yunus.yusra has 30 seconds left.\n|\n|t:|1681817698\n|-terastallize|p1b: Great Tusk|Ground\n|move|p1a: Iron Jugulis|Tailwind|p1a: Iron Jugulis\n|-sidestart|p1: yunus.yusra|move: Tailwind\n|move|p1b: Great Tusk|Earthquake|p2b: Flutter Mane|[spread] p2a,p2b\n|-immune|p1a: Iron Jugulis\n|-supereffective|p2a: Chi-Yu\n|-damage|p2a: Chi-Yu|0 fnt\n|-enditem|p2b: Flutter Mane|Focus Sash\n|-damage|p2b: Flutter Mane|1\/100\n|faint|p2a: Chi-Yu\n|-damage|p1b: Great Tusk|91\/100|[from] item: Life Orb\n|move|p2b: Flutter Mane|Dazzling Gleam|p1a: Iron Jugulis|[spread] p1a,p1b\n|-supereffective|p1a: Iron Jugulis\n|-damage|p1a: Iron Jugulis|26\/100\n|-damage|p1b: Great Tusk|42\/100\n|\n|upkeep\n|\n|t:|1681817717\n|switch|p2a: Gastrodon|Gastrodon, L50, M|100\/100\n|turn|2\n|\n|t:|1681817723\n|move|p2b: Flutter Mane|Protect|p2b: Flutter Mane\n|-singleturn|p2b: Flutter Mane|Protect\n|move|p1a: Iron Jugulis|Snarl|p2b: Flutter Mane|[spread] p2a\n|-activate|p2b: Flutter Mane|move: Protect\n|-damage|p2a: Gastrodon|83\/100\n|-unboost|p2a: Gastrodon|spa|1\n|move|p1b: Great Tusk|Earthquake|p2b: Flutter Mane|[spread] p2a\n|-activate|p2b: Flutter Mane|move: Protect\n|-immune|p1a: Iron Jugulis\n|-damage|p2a: Gastrodon|13\/100\n|-damage|p1b: Great Tusk|32\/100|[from] item: Life Orb\n|move|p2a: Gastrodon|Muddy Water|p1a: Iron Jugulis|[spread] p1a,p1b\n|-supereffective|p1b: Great Tusk\n|-damage|p1a: Iron Jugulis|3\/100\n|-damage|p1b: Great Tusk|0 fnt\n|-unboost|p1a: Iron Jugulis|accuracy|1\n|faint|p1b: Great Tusk\n|-end|p1b: Great Tusk|Protosynthesis|[silent]\n|\n|-heal|p2a: Gastrodon|19\/100|[from] item: Leftovers\n|upkeep\n|inactive|yunus.yusra has 30 seconds left.\n|\n|t:|1681817750\n|switch|p1b: Iron Bundle|Iron Bundle, L50|100\/100\n|turn|3\n|\n|t:|1681817767\n|move|p2b: Flutter Mane|Protect|p2b: Flutter Mane\n|-singleturn|p2b: Flutter Mane|Protect\n|move|p1a: Iron Jugulis|Snarl|p2b: Flutter Mane|[spread] \n|-activate|p2b: Flutter Mane|move: Protect\n|-miss|p1a: Iron Jugulis|p2a: Gastrodon\n|move|p1b: Iron Bundle|Icy Wind|p2a: Gastrodon|[spread] p2a\n|-activate|p2b: Flutter Mane|move: Protect\n|-damage|p2a: Gastrodon|1\/100\n|-unboost|p2a: Gastrodon|spe|1\n|move|p2a: Gastrodon|Muddy Water|p1b: Iron Bundle|[spread] p1a,p1b\n|-resisted|p1b: Iron Bundle\n|-damage|p1a: Iron Jugulis|0 fnt\n|-damage|p1b: Iron Bundle|80\/100\n|faint|p1a: Iron Jugulis\n|-end|p1a: Iron Jugulis|Quark Drive|[silent]\n|\n|-heal|p2a: Gastrodon|7\/100|[from] item: Leftovers\n|upkeep\n|\n|t:|1681817787\n|switch|p1a: Iron Hands|Iron Hands, L50|100\/100\n|turn|4\n|\n|t:|1681817794\n|switch|p2a: Annihilape|Annihilape, L50, F|100\/100\n|move|p2b: Flutter Mane|Protect||[still]\n|-fail|p2b: Flutter Mane\n|move|p1a: Iron Hands|Fake Out|p2a: Annihilape\n|-immune|p2a: Annihilape\n|move|p1b: Iron Bundle|Icy Wind|p2a: Annihilape|[spread] p2b\n|-miss|p1b: Iron Bundle|p2a: Annihilape\n|-damage|p2b: Flutter Mane|0 fnt\n|faint|p2b: Flutter Mane\n|-end|p2b: Flutter Mane|Protosynthesis|[silent]\n|\n|-sideend|p1: yunus.yusra|move: Tailwind\n|upkeep\n|\n|t:|1681817809\n|switch|p2b: Gastrodon|Gastrodon, L50, M|7\/100\n|turn|5\n|\n|t:|1681817827\n|move|p1b: Iron Bundle|Icy Wind|p2b: Gastrodon|[spread] p2a,p2b\n|-damage|p2a: Annihilape|81\/100\n|-damage|p2b: Gastrodon|0 fnt\n|-unboost|p2a: Annihilape|spe|1\n|-ability|p2a: Annihilape|Defiant|boost\n|-boost|p2a: Annihilape|atk|2\n|faint|p2b: Gastrodon\n|move|p2a: Annihilape|Drain Punch|p1b: Iron Bundle\n|-supereffective|p1b: Iron Bundle\n|-damage|p1b: Iron Bundle|0 fnt\n|-heal|p2a: Annihilape|100\/100|[from] drain|[of] p1b: Iron Bundle\n|faint|p1b: Iron Bundle\n|-end|p1b: Iron Bundle|Quark Drive|[silent]\n|move|p1a: Iron Hands|Wild Charge|p2a: Annihilape\n|-damage|p2a: Annihilape|56\/100\n|-damage|p1a: Iron Hands|92\/100|[from] Recoil\n|\n|upkeep\n|turn|6\n|\n|t:|1681817847\n|move|p2a: Annihilape|Drain Punch|p1a: Iron Hands\n|-damage|p1a: Iron Hands|50\/100\n|-heal|p2a: Annihilape|84\/100|[from] drain|[of] p1a: Iron Hands\n|move|p1a: Iron Hands|Wild Charge|p2a: Annihilape\n|-damage|p2a: Annihilape|36\/100\n|-damage|p1a: Iron Hands|41\/100|[from] Recoil\n|\n|upkeep\n|turn|7\n|\n|t:|1681817860\n|move|p2a: Annihilape|Rage Fist|p1a: Iron Hands\n|-damage|p1a: Iron Hands|0 fnt\n|faint|p1a: Iron Hands\n|-end|p1a: Iron Hands|Quark Drive|[silent]\n|\n|win|Mager222\n|raw|yunus.yusra's rating: 1154 → 1135<\/strong> (-19 for losing)\n|raw|Mager222's rating: 1239 → 1258<\/strong> (+19 for winning)\n|l|\u2606yunus.yusra\n","uploadtime":1681817878,"views":9,"p1id":"yunusyusra","p2id":"mager222","formatid":"gen9vgc2023regulationc","rating":1135,"private":0,"password":""}