{"id":"gen9vgc2023regulationc-1846605681","p1":"trex0928","p2":"PiccoloRuiz","format":"[Gen 9] VGC 2023 Regulation C","log":"|j|\u2606trex0928\n|j|\u2606PiccoloRuiz\n|t:|1681856477\n|gametype|doubles\n|player|p1|trex0928|2|1422\n|player|p2|PiccoloRuiz|valerie|1376\n|teamsize|p1|6\n|teamsize|p2|6\n|gen|9\n|tier|[Gen 9] VGC 2023 Regulation C\n|rated|\n|rule|Species Clause: Limit one of each Pok\u00e9mon\n|rule|Item Clause: Limit one of each item\n|clearpoke\n|poke|p1|Great Tusk, L50|\n|poke|p1|Talonflame, L50, M|\n|poke|p1|Chi-Yu, L50|\n|poke|p1|Flutter Mane, L50|\n|poke|p1|Tyranitar, L50, F|\n|poke|p1|Iron Bundle, L50|\n|poke|p2|Flutter Mane, L50|\n|poke|p2|Amoonguss, L50, F|\n|poke|p2|Gyarados, L50, F|\n|poke|p2|Ceruledge, L50, F|\n|poke|p2|Ting-Lu, L50|\n|poke|p2|Baxcalibur, L50, F|\n|teampreview|4\n|inactive|Battle timer is ON: inactive players will automatically lose when time's up. (requested by PiccoloRuiz)\n|inactive|trex0928 also wants the timer to be on.\nPiccoloRuiz has agreed to open team sheets.\ntrex0928 has agreed to open team sheets.\n|inactive|trex0928 has 60 seconds left.\n|inactive|PiccoloRuiz has 60 seconds left.\n|inactive|PiccoloRuiz has 30 seconds left.\n|inactive|PiccoloRuiz has 20 seconds left.\n|inactive|PiccoloRuiz has 15 seconds left.\n|inactive|PiccoloRuiz has 10 seconds left.\n|inactive|PiccoloRuiz has 5 seconds left.\n|\n|t:|1681856566\n|start\n|switch|p1a: Flutter Mane|Flutter Mane, L50|100\/100\n|switch|p1b: Iron Bundle|Iron Bundle, L50|100\/100\n|switch|p2a: Sasha Colby|Flutter Mane, L50|100\/100\n|switch|p2b: Katya|Baxcalibur, L50, F, shiny|100\/100\n|-enditem|p1b: Iron Bundle|Booster Energy\n|-activate|p1b: Iron Bundle|ability: Quark Drive|[fromitem]\n|-start|p1b: Iron Bundle|quarkdrivespe\n|turn|1\n|inactive|trex0928 has 30 seconds left.\n|inactive|PiccoloRuiz has 30 seconds left.\n|\n|t:|1681856600\n|-end|p2a: Sasha Colby|Protosynthesis|[silent]\n|switch|p2a: Ting-Lu|Ting-Lu, L50|100\/100\n|-ability|p2a: Ting-Lu|Vessel of Ruin\n|-terastallize|p2b: Katya|Poison\n|move|p1b: Iron Bundle|Freeze-Dry|p2a: Ting-Lu\n|-supereffective|p2a: Ting-Lu\n|-damage|p2a: Ting-Lu|73\/100\n|move|p1a: Flutter Mane|Moonblast|p2a: Ting-Lu\n|-supereffective|p2a: Ting-Lu\n|-damage|p2a: Ting-Lu|24\/100\n|move|p2b: Katya|Icicle Crash|p1a: Flutter Mane\n|-damage|p1a: Flutter Mane|36\/100\n|\n|upkeep\n|turn|2\n|inactive|trex0928 has 30 seconds left.\n|inactive|PiccoloRuiz has 30 seconds left.\n|inactive|PiccoloRuiz has 20 seconds left.\n|inactive|PiccoloRuiz has 15 seconds left.\n|inactive|PiccoloRuiz has 10 seconds left.\n|inactive|PiccoloRuiz has 5 seconds left.\n|\n|t:|1681856652\n|move|p1b: Iron Bundle|Icy Wind|p2a: Ting-Lu|[spread] p2a,p2b\n|-supereffective|p2a: Ting-Lu\n|-damage|p2a: Ting-Lu|11\/100\n|-damage|p2b: Katya|85\/100\n|-unboost|p2a: Ting-Lu|spe|1\n|move|p1a: Flutter Mane|Moonblast|p2a: Ting-Lu\n|-supereffective|p2a: Ting-Lu\n|-crit|p2a: Ting-Lu\n|-damage|p2a: Ting-Lu|0 fnt\n|faint|p2a: Ting-Lu\n|move|p2b: Katya|Glaive Rush|p1b: Iron Bundle\n|-damage|p1b: Iron Bundle|29\/100\n|-singlemove|p2b: Katya|Glaive Rush|[silent]\n|\n|upkeep\n|\n|t:|1681856667\n|switch|p2a: Bianca|Gyarados, L50, F, shiny|100\/100\n|-ability|p2a: Bianca|Intimidate|boost\n|-unboost|p1a: Flutter Mane|atk|1\n|-unboost|p1b: Iron Bundle|atk|1\n|turn|3\n|\n|t:|1681856678\n|move|p1b: Iron Bundle|Protect|p1b: Iron Bundle\n|-singleturn|p1b: Iron Bundle|Protect\n|move|p2a: Bianca|Protect|p2a: Bianca\n|-singleturn|p2a: Bianca|Protect\n|move|p2b: Katya|Ice Shard|p1a: Flutter Mane\n|-damage|p1a: Flutter Mane|4\/100\n|move|p1a: Flutter Mane|Moonblast|p2a: Bianca\n|-activate|p2a: Bianca|move: Protect\n|\n|upkeep\n|turn|4\n|\n|t:|1681856698\n|switch|p2a: Sasha Colby|Flutter Mane, L50|100\/100\n|move|p1b: Iron Bundle|Freeze-Dry|p2a: Sasha Colby\n|-damage|p2a: Sasha Colby|70\/100\n|move|p1a: Flutter Mane|Moonblast|p2a: Sasha Colby\n|-damage|p2a: Sasha Colby|18\/100\n|move|p2b: Katya|Glaive Rush|p1b: Iron Bundle\n|-damage|p1b: Iron Bundle|0 fnt\n|-singlemove|p2b: Katya|Glaive Rush|[silent]\n|faint|p1b: Iron Bundle\n|-end|p1b: Iron Bundle|Quark Drive|[silent]\n|\n|upkeep\n|\n|t:|1681856712\n|switch|p1b: Talonflame|Talonflame, L50, M|100\/100\n|turn|5\n|inactive|PiccoloRuiz has 30 seconds left.\n|\n|t:|1681856744\n|-end|p2a: Sasha Colby|Protosynthesis|[silent]\n|switch|p2a: Bianca|Gyarados, L50, F, shiny|100\/100\n|-ability|p2a: Bianca|Intimidate|boost\n|-unboost|p1a: Flutter Mane|atk|1\n|-unboost|p1b: Talonflame|atk|1\n|move|p1b: Talonflame|Tailwind|p1b: Talonflame\n|-sidestart|p1: trex0928|move: Tailwind\n|move|p2b: Katya|Ice Shard|p1a: Flutter Mane\n|-damage|p1a: Flutter Mane|0 fnt\n|faint|p1a: Flutter Mane\n|-end|p1a: Flutter Mane|Protosynthesis|[silent]\n|\n|upkeep\n|\n|t:|1681856752\n|switch|p1a: Great Tusk|Great Tusk, L50|100\/100\n|turn|6\n|\n|t:|1681856772\n|switch|p2a: Sasha Colby|Flutter Mane, L50|18\/100\n|move|p1a: Great Tusk|Protect|p1a: Great Tusk\n|-singleturn|p1a: Great Tusk|Protect\n|move|p2b: Katya|Protect|p2b: Katya\n|-singleturn|p2b: Katya|Protect\n|move|p1b: Talonflame|Will-O-Wisp|p2a: Sasha Colby\n|-status|p2a: Sasha Colby|brn\n|\n|-damage|p2a: Sasha Colby|12\/100 brn|[from] brn\n|upkeep\n|turn|7\n|inactive|PiccoloRuiz has 30 seconds left.\n|inactive|trex0928 has 30 seconds left.\n|inactive|PiccoloRuiz has 20 seconds left.\n|inactive|trex0928 has 20 seconds left.\n|\n|t:|1681856814\n|-end|p2a: Sasha Colby|Protosynthesis|[silent]\n|switch|p2a: Bianca|Gyarados, L50, F, shiny|100\/100\n|-ability|p2a: Bianca|Intimidate|boost\n|-unboost|p1a: Great Tusk|atk|1\n|-unboost|p1b: Talonflame|atk|1\n|-terastallize|p1b: Talonflame|Flying\n|move|p1b: Talonflame|Brave Bird|p2b: Katya\n|-damage|p2b: Katya|57\/100\n|-damage|p1b: Talonflame|88\/100|[from] Recoil\n|move|p2b: Katya|Ice Shard|p1a: Great Tusk\n|-supereffective|p1a: Great Tusk\n|-damage|p1a: Great Tusk|66\/100\n|move|p1a: Great Tusk|Earthquake|p2b: Katya|[spread] p2b\n|-immune|p1b: Talonflame\n|-immune|p2a: Bianca\n|-supereffective|p2b: Katya\n|-damage|p2b: Katya|0 fnt\n|faint|p2b: Katya\n|-damage|p1a: Great Tusk|56\/100|[from] item: Life Orb\n|\n|upkeep\n|\n|t:|1681856833\n|switch|p2b: Sasha Colby|Flutter Mane, L50|12\/100 brn\n|turn|8\n|\n|t:|1681856842\n|move|p1b: Talonflame|Will-O-Wisp|p2a: Bianca\n|-status|p2a: Bianca|brn\n|move|p1a: Great Tusk|Earthquake|p2b: Sasha Colby|[spread] p2b\n|-immune|p1b: Talonflame\n|-immune|p2a: Bianca\n|-damage|p2b: Sasha Colby|0 fnt\n|faint|p2b: Sasha Colby\n|-end|p2b: Sasha Colby|Protosynthesis|[silent]\n|-damage|p1a: Great Tusk|46\/100|[from] item: Life Orb\n|move|p2a: Bianca|Waterfall|p1a: Great Tusk\n|-supereffective|p1a: Great Tusk\n|-damage|p1a: Great Tusk|18\/100\n|\n|-damage|p2a: Bianca|94\/100 brn|[from] brn\n|-sideend|p1: trex0928|move: Tailwind\n|upkeep\n|turn|9\n|\n|t:|1681856861\n|move|p1a: Great Tusk|Protect|p1a: Great Tusk\n|-singleturn|p1a: Great Tusk|Protect\n|move|p1b: Talonflame|Taunt|p2a: Bianca\n|-start|p2a: Bianca|move: Taunt\n|cant|p2a: Bianca|move: Taunt|Thunder Wave\n|\n|-damage|p2a: Bianca|88\/100 brn|[from] brn\n|upkeep\n|turn|10\n|\n|t:|1681856877\n|move|p1b: Talonflame|Brave Bird|p2a: Bianca\n|-damage|p2a: Bianca|58\/100 brn\n|-damage|p1b: Talonflame|75\/100|[from] Recoil\n|move|p1a: Great Tusk|Close Combat|p2a: Bianca\n|-resisted|p2a: Bianca\n|-damage|p2a: Bianca|35\/100 brn\n|-unboost|p1a: Great Tusk|def|1\n|-unboost|p1a: Great Tusk|spd|1\n|-damage|p1a: Great Tusk|8\/100|[from] item: Life Orb\n|move|p2a: Bianca|Waterfall|p1b: Talonflame\n|-damage|p1b: Talonflame|51\/100\n|\n|-damage|p2a: Bianca|29\/100 brn|[from] brn\n|upkeep\n|turn|11\n|\n|t:|1681856891\n|move|p1b: Talonflame|Brave Bird|p2a: Bianca\n|-damage|p2a: Bianca|0 fnt\n|faint|p2a: Bianca\n|-damage|p1b: Talonflame|39\/100|[from] Recoil\n|\n|win|trex0928\n|raw|trex0928's rating: 1422 → 1439<\/strong> (+17 for winning)\n|raw|PiccoloRuiz's rating: 1376 → 1359<\/strong> (-17 for losing)\n|l|\u2606trex0928\n","uploadtime":1681856921,"views":12,"p1id":"trex0928","p2id":"piccoloruiz","formatid":"gen9vgc2023regulationc","rating":1359,"private":0,"password":""}