{"id":"gen9vgc2023regulationc-1856090103","p1":"Legion1412","p2":"Abugbog","format":"[Gen 9] VGC 2023 Regulation C","log":"|j|\u2606Legion1412\n|j|\u2606Abugbog\n|t:|1683028898\n|gametype|doubles\n|player|p1|Legion1412|jasmine|1044\n|player|p2|Abugbog|170|1141\n|teamsize|p1|6\n|teamsize|p2|6\n|gen|9\n|tier|[Gen 9] VGC 2023 Regulation C\n|rated|\n|rule|Species Clause: Limit one of each Pok\u00e9mon\n|rule|Item Clause: Limit one of each item\n|clearpoke\n|poke|p1|Zangoose, L50, F|\n|poke|p1|Farigiraf, L50, F|\n|poke|p1|Staraptor, L50, F|\n|poke|p1|Arboliva, L50, F|\n|poke|p1|Maushold-Four, L50|\n|poke|p1|Indeedee-F, L50, F|\n|poke|p2|Ting-Lu, L50|\n|poke|p2|Iron Hands, L50|\n|poke|p2|Bronzong, L50|\n|poke|p2|Palafin, L50, M|\n|poke|p2|Annihilape, L50, M|\n|poke|p2|Amoonguss, L50, M|\n|teampreview|4\n|inactive|Battle timer is ON: inactive players will automatically lose when time's up. (requested by Legion1412)\n|\n|t:|1683028928\n|start\n|switch|p1a: Maushold|Maushold-Four, L50|100\/100\n|switch|p1b: Indeedee|Indeedee-F, L50, F|100\/100\n|switch|p2a: Iron Hands|Iron Hands, L50, shiny|100\/100\n|switch|p2b: Bronzong|Bronzong, L50|100\/100\n|-fieldstart|move: Psychic Terrain|[from] ability: Psychic Surge|[of] p1b: Indeedee\n|turn|1\n|inactive|Abugbog has 30 seconds left.\n|\n|t:|1683028955\n|move|p1a: Maushold|Taunt|p2b: Bronzong\n|-start|p2b: Bronzong|move: Taunt\n|move|p2a: Iron Hands|Volt Switch|p1a: Maushold\n|-damage|p1a: Maushold|85\/100\n|\n|t:|1683028962\n|-end|p2a: Iron Hands|Quark Drive|[silent]\n|switch|p2a: Ting-Lu|Ting-Lu, L50|100\/100|[from] Volt Switch\n|-ability|p2a: Ting-Lu|Vessel of Ruin\n|move|p1b: Indeedee|Trick Room|p1b: Indeedee\n|-fieldstart|move: Trick Room|[of] p1b: Indeedee\n|cant|p2b: Bronzong|move: Taunt|Trick Room\n|\n|upkeep\n|turn|2\n|inactive|Abugbog has 30 seconds left.\n|inactive|Abugbog has 20 seconds left.\n|inactive|Abugbog has 15 seconds left.\n|\n|t:|1683029003\n|switch|p1b: Staraptor|Staraptor, L50, F, shiny|100\/100\n|-ability|p1b: Staraptor|Intimidate|boost\n|-unboost|p2a: Ting-Lu|atk|1\n|-unboost|p2b: Bronzong|atk|1\n|-terastallize|p2a: Ting-Lu|Poison\n|move|p2b: Bronzong|Bulldoze|p1a: Maushold|[spread] p2a,p1a\n|-immune|p1b: Staraptor\n|-supereffective|p2a: Ting-Lu\n|-damage|p2a: Ting-Lu|92\/100\n|-damage|p1a: Maushold|79\/100\n|-unboost|p2a: Ting-Lu|spe|1\n|-unboost|p1a: Maushold|spe|1\n|-enditem|p2a: Ting-Lu|Weakness Policy\n|-boost|p2a: Ting-Lu|atk|2|[from] item: Weakness Policy\n|-boost|p2a: Ting-Lu|spa|2|[from] item: Weakness Policy\n|move|p2a: Ting-Lu|Throat Chop|p1b: Staraptor\n|-damage|p1b: Staraptor|40\/100\n|-start|p1b: Staraptor|Throat Chop|[silent]\n|move|p1a: Maushold|Taunt|p2a: Ting-Lu\n|-start|p2a: Ting-Lu|move: Taunt\n|\n|upkeep\n|turn|3\n|inactive|Legion1412 has 30 seconds left.\n|inactive|Abugbog has 30 seconds left.\n|\n|t:|1683029036\n|move|p2a: Ting-Lu|Earthquake|p1a: Maushold|[spread] p1a\n|-immune|p2b: Bronzong|[from] ability: Levitate\n|-immune|p1b: Staraptor\n|-damage|p1a: Maushold|14\/100\n|-enditem|p1a: Maushold|Sitrus Berry|[eat]\n|-heal|p1a: Maushold|39\/100|[from] item: Sitrus Berry\n|move|p2b: Bronzong|Body Press|p1b: Staraptor\n|-damage|p1b: Staraptor|13\/100\n|move|p1a: Maushold|Super Fang|p2a: Ting-Lu\n|-damage|p2a: Ting-Lu|46\/100\n|move|p1b: Staraptor|Close Combat|p2a: Ting-Lu\n|-resisted|p2a: Ting-Lu\n|-damage|p2a: Ting-Lu|34\/100\n|-unboost|p1b: Staraptor|def|1\n|-unboost|p1b: Staraptor|spd|1\n|\n|-end|p2b: Bronzong|move: Taunt\n|-end|p1b: Staraptor|Throat Chop|[silent]\n|upkeep\n|turn|4\n|inactive|Legion1412 has 30 seconds left.\n|inactive|Abugbog has 30 seconds left.\n|\n|t:|1683029071\n|move|p1b: Staraptor|Quick Attack|p2a: Ting-Lu\n|-activate|p2a: Ting-Lu|move: Psychic Terrain\n|move|p2a: Ting-Lu|Throat Chop|p1b: Staraptor\n|-damage|p1b: Staraptor|0 fnt\n|faint|p1b: Staraptor\n|move|p2b: Bronzong|Body Press|p1a: Maushold\n|-supereffective|p1a: Maushold\n|-damage|p1a: Maushold|0 fnt\n|faint|p1a: Maushold\n|\n|upkeep\n|\n|t:|1683029080\n|switch|p1b: Arboliva|Arboliva, L50, F|100\/100\n|switch|p1a: Indeedee|Indeedee-F, L50, F|100\/100\n|turn|5\n|inactive|Abugbog has 30 seconds left.\n|\n|t:|1683029110\n|-terastallize|p1a: Indeedee|Psychic\n|move|p2a: Ting-Lu|Throat Chop|p1a: Indeedee\n|-supereffective|p1a: Indeedee\n|-damage|p1a: Indeedee|0 fnt\n|faint|p1a: Indeedee\n|move|p2b: Bronzong|Body Press|p1b: Arboliva\n|-supereffective|p1b: Arboliva\n|-damage|p1b: Arboliva|52\/100\n|-fieldstart|move: Grassy Terrain|[from] ability: Seed Sower|[of] p1b: Arboliva\n|move|p1b: Arboliva|Pollen Puff|p2b: Bronzong\n|-damage|p2b: Bronzong|82\/100\n|\n|-heal|p2a: Ting-Lu|40\/100|[from] Grassy Terrain\n|-heal|p1b: Arboliva|58\/100|[from] Grassy Terrain\n|-end|p2a: Ting-Lu|move: Taunt\n|-fieldend|move: Trick Room\n|upkeep\n|turn|6\n|inactive|Abugbog has 30 seconds left.\n|inactive|Abugbog has 20 seconds left.\n|\n|t:|1683029145\n|move|p2a: Ting-Lu|Protect|p2a: Ting-Lu\n|-singleturn|p2a: Ting-Lu|Protect\n|move|p1b: Arboliva|Strength Sap|p2a: Ting-Lu\n|-activate|p2a: Ting-Lu|move: Protect\n|move|p2b: Bronzong|Trick Room|p2b: Bronzong\n|-fieldstart|move: Trick Room|[of] p2b: Bronzong\n|\n|-heal|p2a: Ting-Lu|46\/100|[from] Grassy Terrain\n|-heal|p1b: Arboliva|64\/100|[from] Grassy Terrain\n|upkeep\n|turn|7\n|\n|t:|1683029161\n|move|p2a: Ting-Lu|Throat Chop|p1b: Arboliva\n|-damage|p1b: Arboliva|11\/100\n|-start|p1b: Arboliva|Throat Chop|[silent]\n|move|p2b: Bronzong|Body Press|p1b: Arboliva\n|-supereffective|p1b: Arboliva\n|-damage|p1b: Arboliva|0 fnt\n|faint|p1b: Arboliva\n|\n|win|Abugbog\n|raw|Legion1412's rating: 1044 → 1032<\/strong> (-12 for losing)\n|raw|Abugbog's rating: 1141 → 1159<\/strong> (+18 for winning)\n|l|\u2606Legion1412\n","uploadtime":1683029172,"views":5,"p1id":"legion1412","p2id":"abugbog","formatid":"gen9vgc2023regulationc","rating":1032,"private":0,"password":""}