{"id":"gen9vgc2023regulationc-1847240082","p1":"Segobuilder","p2":"Eldegoss32","format":"[Gen 9] VGC 2023 Regulation C","log":"|j|\u2606Segobuilder\n|j|\u2606Eldegoss32\n|t:|1681930553\n|gametype|doubles\n|player|p1|Segobuilder|101|\n|player|p2|Eldegoss32|acetrainerf|\n|teamsize|p1|6\n|teamsize|p2|6\n|gen|9\n|tier|[Gen 9] VGC 2023 Regulation C\n|rated|Tournament battle\n|rule|Species Clause: Limit one of each Pok\u00e9mon\n|rule|Item Clause: Limit one of each item\n|clearpoke\n|poke|p1|Annihilape, L50, M|\n|poke|p1|Maushold, L50|\n|poke|p1|Gastrodon, L50, F|\n|poke|p1|Flutter Mane, L50|\n|poke|p1|Chi-Yu, L50|\n|poke|p1|Farigiraf, L50, M|\n|poke|p2|Dragapult, L50, M|\n|poke|p2|Chien-Pao, L50|\n|poke|p2|Palafin, L50, M|\n|poke|p2|Flutter Mane, L50|\n|poke|p2|Arcanine, L50, F|\n|poke|p2|Amoonguss, L50, M|\n|teampreview|4\n|raw| Open Team Sheet for Segobuilder<\/summary>Annihilape @ Leftovers Ability: Defiant Level: 50 Tera Type: Fire - Bulk Up - Drain Punch - Rage Fist - Protect Maushold @ Safety Goggles Ability: Friend Guard Level: 50 Tera Type: Ghost - Follow Me - Beat Up - Super Fang - Protect Gastrodon @ Sitrus Berry Ability: Storm Drain Level: 50 Tera Type: Steel - Clear Smog - Yawn - Protect - Earth Power Flutter Mane @ Booster Energy Ability: Protosynthesis Level: 50 Tera Type: Fairy - Moonblast - Shadow Ball - Icy Wind - Protect Chi-Yu @ Choice Specs Ability: Beads of Ruin Level: 50 Tera Type: Water - Heat Wave - Dark Pulse - Snarl - Tera Blast Farigiraf @ Throat Spray Ability: Armor Tail Level: 50 Tera Type: Fairy - Hyper Voice - Psychic - Trick Room - Protect <\/details><\/div> Open Team Sheet for Eldegoss32<\/summary>Dragapult @ Choice Band Ability: Clear Body Level: 50 Tera Type: Ghost - Dragon Darts - Tera Blast - U-turn - Facade Chien-Pao @ Focus Sash Ability: Sword of Ruin Level: 50 Tera Type: Dark - Ice Spinner - Sacred Sword - Sucker Punch - Protect Palafin @ Mystic Water Ability: Zero to Hero Level: 50 Tera Type: Water - Jet Punch - Wave Crash - Close Combat - Protect Flutter Mane @ Choice Specs Ability: Protosynthesis Level: 50 Tera Type: Fairy - Moonblast - Dazzling Gleam - Shadow Ball - Thunderbolt Arcanine @ Safety Goggles Ability: Intimidate Level: 50 Tera Type: Water - Flare Blitz - Will-O-Wisp - Extreme Speed - Protect Amoonguss @ Sitrus Berry Ability: Regenerator Level: 50 Tera Type: Water - Spore - Rage Powder - Pollen Puff - Protect <\/details><\/div>\n|j| 11Banks\n|j| SlowHomie\n|c|\u2606Segobuilder|glhf\n|c|\u2606Eldegoss32|glhf\n|j| RiotJuice\n|j| roomba racer\n|l| roomba racer\n|j| manwtfisthis\n|\n|t:|1681930637\n|start\n|switch|p1a: Flutter Mane|Flutter Mane, L50|100\/100\n|switch|p1b: Maushold|Maushold, L50|100\/100\n|switch|p2a: Amoonguss|Amoonguss, L50, M|100\/100\n|switch|p2b: Dragapult|Dragapult, L50, M|100\/100\n|-enditem|p1a: Flutter Mane|Booster Energy\n|-activate|p1a: Flutter Mane|ability: Protosynthesis|[fromitem]\n|-start|p1a: Flutter Mane|protosynthesisspe\n|turn|1\n|\n|t:|1681930674\n|move|p1a: Flutter Mane|Protect|p1a: Flutter Mane\n|-singleturn|p1a: Flutter Mane|Protect\n|move|p2a: Amoonguss|Rage Powder|p2a: Amoonguss\n|-singleturn|p2a: Amoonguss|move: Rage Powder\n|move|p2b: Dragapult|Dragon Darts|p1b: Maushold\n|-damage|p1b: Maushold|63\/100\n|-anim|p2b: Dragapult|Dragon Darts|p1b: Maushold\n|-damage|p1b: Maushold|29\/100\n|move|p1b: Maushold|Super Fang|p2a: Amoonguss\n|-damage|p2a: Amoonguss|51\/100\n|\n|upkeep\n|turn|2\n|j| FunneeMonkee\n|\n|t:|1681930716\n|switch|p2b: Arcanine|Arcanine, L50, F|100\/100\n|-ability|p2b: Arcanine|Intimidate|boost\n|-unboost|p1a: Flutter Mane|atk|1\n|-unboost|p1b: Maushold|atk|1\n|move|p2a: Amoonguss|Protect|p2a: Amoonguss\n|-singleturn|p2a: Amoonguss|Protect\n|move|p1b: Maushold|Follow Me|p1b: Maushold\n|-singleturn|p1b: Maushold|move: Follow Me\n|move|p1a: Flutter Mane|Shadow Ball|p2b: Arcanine\n|-damage|p2b: Arcanine|44\/100\n|\n|upkeep\n|turn|3\n|\n|t:|1681930735\n|move|p2b: Arcanine|Extreme Speed|p1b: Maushold\n|-damage|p1b: Maushold|7\/100\n|move|p1b: Maushold|Follow Me|p1b: Maushold\n|-singleturn|p1b: Maushold|move: Follow Me\n|move|p1a: Flutter Mane|Shadow Ball|p2b: Arcanine\n|-damage|p2b: Arcanine|0 fnt\n|faint|p2b: Arcanine\n|move|p2a: Amoonguss|Spore|p1b: Maushold\n|-activate|p1b: Maushold|item: Safety Goggles|Spore\n|\n|upkeep\n|\n|t:|1681930746\n|switch|p2b: Chien-Pao|Chien-Pao, L50|100\/100\n|-ability|p2b: Chien-Pao|Sword of Ruin\n|turn|4\n|\n|t:|1681930764\n|move|p2b: Chien-Pao|Protect|p2b: Chien-Pao\n|-singleturn|p2b: Chien-Pao|Protect\n|move|p1b: Maushold|Protect|p1b: Maushold\n|-singleturn|p1b: Maushold|Protect\n|move|p1a: Flutter Mane|Shadow Ball|p2a: Amoonguss\n|-damage|p2a: Amoonguss|14\/100\n|-enditem|p2a: Amoonguss|Sitrus Berry|[eat]\n|-heal|p2a: Amoonguss|39\/100|[from] item: Sitrus Berry\n|move|p2a: Amoonguss|Pollen Puff|p1b: Maushold\n|-activate|p1b: Maushold|move: Protect\n|\n|upkeep\n|turn|5\n|j| Bboyle\n|j| zumo de appletun\n|\n|t:|1681930786\n|move|p1b: Maushold|Follow Me|p1b: Maushold\n|-singleturn|p1b: Maushold|move: Follow Me\n|move|p1a: Flutter Mane|Shadow Ball|p2a: Amoonguss\n|-damage|p2a: Amoonguss|1\/100\n|move|p2b: Chien-Pao|Ice Spinner|p1b: Maushold\n|-damage|p1b: Maushold|0 fnt\n|faint|p1b: Maushold\n|move|p2a: Amoonguss|Spore|p1a: Flutter Mane\n|-status|p1a: Flutter Mane|slp|[from] move: Spore\n|\n|upkeep\n|\n|t:|1681930793\n|switch|p1b: Annihilape|Annihilape, L50, M|100\/100\n|turn|6\n|j| JaVpad1spi\n|\n|t:|1681930819\n|-terastallize|p1b: Annihilape|Fire\n|cant|p1a: Flutter Mane|slp\n|move|p2b: Chien-Pao|Ice Spinner|p1a: Flutter Mane\n|-damage|p1a: Flutter Mane|0 fnt\n|faint|p1a: Flutter Mane\n|-end|p1a: Flutter Mane|Protosynthesis|[silent]\n|move|p1b: Annihilape|Bulk Up|p1b: Annihilape\n|-boost|p1b: Annihilape|atk|1\n|-boost|p1b: Annihilape|def|1\n|move|p2a: Amoonguss|Spore|p1b: Annihilape\n|-status|p1b: Annihilape|slp|[from] move: Spore\n|\n|upkeep\n|\n|t:|1681930822\n|switch|p1a: Gastrodon|Gastrodon, L50, F|100\/100\n|turn|7\n|l| 11Banks\n|\n|t:|1681930840\n|move|p2b: Chien-Pao|Sacred Sword|p1b: Annihilape\n|-damage|p1b: Annihilape|59\/100 slp\n|cant|p1b: Annihilape|slp\n|move|p2a: Amoonguss|Spore|p1a: Gastrodon\n|-status|p1a: Gastrodon|slp|[from] move: Spore\n|cant|p1a: Gastrodon|slp\n|\n|-heal|p1b: Annihilape|65\/100 slp|[from] item: Leftovers\n|upkeep\n|turn|8\n|\n|t:|1681930852\n|move|p2a: Amoonguss|Rage Powder|p2a: Amoonguss\n|-singleturn|p2a: Amoonguss|move: Rage Powder\n|move|p2b: Chien-Pao|Sacred Sword|p1b: Annihilape\n|-damage|p1b: Annihilape|25\/100 slp\n|-curestatus|p1b: Annihilape|slp|[msg]\n|move|p1b: Annihilape|Rage Fist|p2a: Amoonguss\n|-damage|p2a: Amoonguss|0 fnt\n|faint|p2a: Amoonguss\n|cant|p1a: Gastrodon|slp\n|\n|-heal|p1b: Annihilape|32\/100|[from] item: Leftovers\n|upkeep\n|\n|t:|1681930863\n|switch|p2a: Dragapult|Dragapult, L50, M|100\/100\n|turn|9\n|\n|t:|1681930872\n|-terastallize|p2a: Dragapult|Ghost\n|move|p1b: Annihilape|Protect|p1b: Annihilape\n|-singleturn|p1b: Annihilape|Protect\n|move|p2a: Dragapult|Tera Blast|p1b: Annihilape\n|-activate|p1b: Annihilape|move: Protect\n|move|p2b: Chien-Pao|Ice Spinner|p1a: Gastrodon\n|-damage|p1a: Gastrodon|56\/100 slp\n|-curestatus|p1a: Gastrodon|slp|[msg]\n|move|p1a: Gastrodon|Yawn|p2b: Chien-Pao\n|-start|p2b: Chien-Pao|move: Yawn|[of] p1a: Gastrodon\n|\n|-heal|p1b: Annihilape|38\/100|[from] item: Leftovers\n|upkeep\n|turn|10\n|\n|t:|1681930893\n|move|p1b: Annihilape|Protect||[still]\n|-fail|p1b: Annihilape\n|move|p2a: Dragapult|Tera Blast|p1b: Annihilape\n|-damage|p1b: Annihilape|0 fnt\n|faint|p1b: Annihilape\n|move|p2b: Chien-Pao|Sacred Sword|p1a: Gastrodon\n|-damage|p1a: Gastrodon|25\/100\n|-enditem|p1a: Gastrodon|Sitrus Berry|[eat]\n|-heal|p1a: Gastrodon|50\/100|[from] item: Sitrus Berry\n|move|p1a: Gastrodon|Yawn|p2a: Dragapult\n|-start|p2a: Dragapult|move: Yawn|[of] p1a: Gastrodon\n|\n|-end|p2b: Chien-Pao|move: Yawn|[silent]\n|-status|p2b: Chien-Pao|slp\n|upkeep\n|turn|11\n|c|\u2606Segobuilder|gg\n|-message|Segobuilder forfeited.\n|\n|win|Eldegoss32\n|n|\u2606Segobuilder|segobuilder\n|n|\u2606Eldegoss32|eldegoss32\n|n| SlowHomie|slowhomie\n|n| RiotJuice|riotjuice\n|n| manwtfisthis|manwtfisthis\n|n| FunneeMonkee|funneemonkee\n|n| Bboyle|bboyle\n|n| zumo de appletun|zumodeappletun\n|n| JaVpad1spi|javpad1spi\n","uploadtime":1681930902,"views":11,"p1id":"segobuilder","p2id":"eldegoss32","formatid":"gen9vgc2023regulationc","rating":0,"private":0,"password":""}