{"id":"gen9vgc2023regulationc-1853231030","p1":"Amar115","p2":"Snowmuse","format":"[Gen 9] VGC 2023 Regulation C","log":"|j|\u2606Amar115\n|j|\u2606Snowmuse\n|t:|1682651941\n|gametype|doubles\n|player|p1|Amar115|170|\n|player|p2|Snowmuse|cheryl|\n|teamsize|p1|6\n|teamsize|p2|6\n|gen|9\n|tier|[Gen 9] VGC 2023 Regulation C\n|rule|Species Clause: Limit one of each Pok\u00e9mon\n|rule|Item Clause: Limit one of each item\n|clearpoke\n|poke|p1|Flutter Mane, L50|\n|poke|p1|Hydreigon, L50, F|\n|poke|p1|Chi-Yu, L50|\n|poke|p1|Vaporeon, L50, M|\n|poke|p1|Eelektross, L50, M|\n|poke|p1|Flamigo, L50, M|\n|poke|p2|Glimmora, L50, F|\n|poke|p2|Ceruledge, L50, M|\n|poke|p2|Weavile, L50, M|\n|poke|p2|Gyarados, L50, F|\n|poke|p2|Florges, L50, F|\n|poke|p2|Naclstack, L50, M|\n|teampreview|4\n|inactive|Battle timer is ON: inactive players will automatically lose when time's up. (requested by Amar115)\n|inactiveoff|Battle timer is now OFF.\nAmar115 rejected open team sheets.\n|c|\u2606Amar115|game 1\n|\n|t:|1682652073\n|start\n|switch|p1a: Vaporeon|Vaporeon, L50, M|100\/100\n|switch|p1b: Hydreigon|Hydreigon, L50, F|100\/100\n|switch|p2a: Pellinore|Gyarados, L50, F, shiny|100\/100\n|switch|p2b: Modred|Weavile, L50, M|100\/100\n|-ability|p2b: Modred|Pressure\n|turn|1\n|\n|t:|1682652102\n|move|p2b: Modred|Fake Out|p1b: Hydreigon\n|-damage|p1b: Hydreigon|82\/100\n|move|p2a: Pellinore|Ice Fang|p1b: Hydreigon\n|-supereffective|p1b: Hydreigon\n|-damage|p1b: Hydreigon|30\/100\n|cant|p1b: Hydreigon|flinch\n|move|p1a: Vaporeon|Yawn|p2a: Pellinore\n|-start|p2a: Pellinore|move: Yawn|[of] p1a: Vaporeon\n|\n|upkeep\n|turn|2\n|\n|t:|1682652132\n|switch|p2a: Gaheris|Glimmora, L50, F|100\/100\n|move|p2b: Modred|Ice Spinner|p1b: Hydreigon\n|-supereffective|p1b: Hydreigon\n|-damage|p1b: Hydreigon|0 fnt\n|faint|p1b: Hydreigon\n|move|p1a: Vaporeon|Muddy Water|p2a: Gaheris|[spread] p2a,p2b\n|-supereffective|p2a: Gaheris\n|-damage|p2a: Gaheris|46\/100\n|-damage|p2b: Modred|53\/100\n|-unboost|p2a: Gaheris|accuracy|1\n|\n|upkeep\n|\n|t:|1682652143\n|switch|p1b: Eelektross|Eelektross, L50, M|100\/100\n|turn|3\n|\n|t:|1682652172\n|switch|p2a: Gwenivere|Florges, L50, F, shiny|100\/100\n|move|p2b: Modred|Ice Spinner|p1b: Eelektross\n|-damage|p1b: Eelektross|54\/100\n|move|p1b: Eelektross|Close Combat|p2b: Modred\n|-supereffective|p2b: Modred\n|-damage|p2b: Modred|0 fnt\n|-unboost|p1b: Eelektross|def|1\n|-unboost|p1b: Eelektross|spd|1\n|faint|p2b: Modred\n|move|p1a: Vaporeon|Muddy Water|p2a: Gwenivere\n|-damage|p2a: Gwenivere|65\/100\n|-unboost|p2a: Gwenivere|accuracy|1\n|\n|-heal|p2a: Gwenivere|71\/100|[from] item: Leftovers\n|upkeep\n|\n|t:|1682652208\n|switch|p2b: Gaheris|Glimmora, L50, F|46\/100\n|turn|4\n|\n|t:|1682652220\n|-terastallize|p2b: Gaheris|Poison\n|move|p2b: Gaheris|Sludge Bomb|p1b: Eelektross\n|-damage|p1b: Eelektross|0 fnt\n|faint|p1b: Eelektross\n|move|p2a: Gwenivere|Pollen Puff|p2b: Gaheris\n|-heal|p2b: Gaheris|96\/100\n|move|p1a: Vaporeon|Muddy Water|p2a: Gwenivere|[spread] p2a,p2b\n|-damage|p2a: Gwenivere|45\/100\n|-damage|p2b: Gaheris|70\/100\n|\n|-heal|p2a: Gwenivere|52\/100|[from] item: Leftovers\n|upkeep\n|\n|t:|1682652232\n|switch|p1b: Flutter Mane|Flutter Mane, L50|100\/100\n|-enditem|p1b: Flutter Mane|Booster Energy\n|-activate|p1b: Flutter Mane|ability: Protosynthesis|[fromitem]\n|-start|p1b: Flutter Mane|protosynthesisspa\n|turn|5\n|\n|t:|1682652252\n|move|p1b: Flutter Mane|Protect|p1b: Flutter Mane\n|-singleturn|p1b: Flutter Mane|Protect\n|move|p2b: Gaheris|Sludge Bomb|p1b: Flutter Mane\n|-activate|p1b: Flutter Mane|move: Protect\n|move|p2a: Gwenivere|Pollen Puff|p2b: Gaheris\n|-heal|p2b: Gaheris|100\/100\n|move|p1a: Vaporeon|Yawn|p2b: Gaheris\n|-start|p2b: Gaheris|move: Yawn|[of] p1a: Vaporeon\n|\n|-heal|p2a: Gwenivere|58\/100|[from] item: Leftovers\n|upkeep\n|turn|6\n|\n|t:|1682652274\n|-terastallize|p1b: Flutter Mane|Normal\n|move|p2a: Gwenivere|Helping Hand|p2b: Gaheris\n|-singleturn|p2b: Gaheris|Helping Hand|[of] p2a: Gwenivere\n|move|p1b: Flutter Mane|Substitute|p1b: Flutter Mane\n|-start|p1b: Flutter Mane|Substitute\n|-damage|p1b: Flutter Mane|76\/100\n|move|p2b: Gaheris|Sludge Bomb|p1b: Flutter Mane\n|-end|p1b: Flutter Mane|Substitute\n|move|p1a: Vaporeon|Muddy Water|p2b: Gaheris|[spread] p2a,p2b\n|-damage|p2a: Gwenivere|30\/100\n|-damage|p2b: Gaheris|72\/100\n|-unboost|p2b: Gaheris|accuracy|1\n|\n|-heal|p2a: Gwenivere|36\/100|[from] item: Leftovers\n|-end|p2b: Gaheris|move: Yawn|[silent]\n|-status|p2b: Gaheris|slp\n|upkeep\n|turn|7\n|\n|t:|1682652303\n|move|p1b: Flutter Mane|Substitute|p1b: Flutter Mane\n|-start|p1b: Flutter Mane|Substitute\n|-damage|p1b: Flutter Mane|51\/100\n|cant|p2b: Gaheris|slp\n|move|p2a: Gwenivere|Pollen Puff|p2b: Gaheris|[miss]\n|-miss|p2a: Gwenivere|p2b: Gaheris\n|move|p1a: Vaporeon|Fake Tears|p2b: Gaheris\n|-unboost|p2b: Gaheris|spd|2\n|\n|-heal|p2a: Gwenivere|43\/100|[from] item: Leftovers\n|upkeep\n|turn|8\n|\n|t:|1682652325\n|move|p1b: Flutter Mane|Moonblast|p2b: Gaheris\n|-resisted|p2b: Gaheris\n|-damage|p2b: Gaheris|19\/100 slp\n|-unboost|p2b: Gaheris|spa|1\n|-curestatus|p2b: Gaheris|slp|[msg]\n|move|p2b: Gaheris|Sludge Bomb|p1b: Flutter Mane\n|-end|p1b: Flutter Mane|Substitute\n|move|p2a: Gwenivere|Moonblast|p1b: Flutter Mane\n|-damage|p1b: Flutter Mane|7\/100\n|move|p1a: Vaporeon|Chilling Water|p2b: Gaheris\n|-damage|p2b: Gaheris|0 fnt\n|faint|p2b: Gaheris\n|\n|-heal|p2a: Gwenivere|49\/100|[from] item: Leftovers\n|upkeep\n|\n|t:|1682652338\n|switch|p2b: Pellinore|Gyarados, L50, F, shiny|100\/100\n|turn|9\n|\n|t:|1682652361\n|move|p1b: Flutter Mane|Protect|p1b: Flutter Mane\n|-singleturn|p1b: Flutter Mane|Protect\n|move|p2b: Pellinore|Ice Fang|p1b: Flutter Mane\n|-activate|p1b: Flutter Mane|move: Protect\n|move|p2a: Gwenivere|Moonblast|p1a: Vaporeon|[miss]\n|-miss|p2a: Gwenivere|p1a: Vaporeon\n|move|p1a: Vaporeon|Muddy Water|p2a: Gwenivere|[spread] p2a,p2b\n|-resisted|p2b: Pellinore\n|-crit|p2b: Pellinore\n|-damage|p2a: Gwenivere|25\/100\n|-damage|p2b: Pellinore|69\/100\n|-unboost|p2b: Pellinore|accuracy|1\n|\n|-heal|p2a: Gwenivere|31\/100|[from] item: Leftovers\n|upkeep\n|turn|10\n|\n|t:|1682652403\n|move|p2b: Pellinore|Ice Fang|p1b: Flutter Mane\n|-damage|p1b: Flutter Mane|0 fnt\n|faint|p1b: Flutter Mane\n|-end|p1b: Flutter Mane|Protosynthesis|[silent]\n|-ability|p2b: Pellinore|Moxie|boost\n|-boost|p2b: Pellinore|atk|1\n|move|p2a: Gwenivere|Moonblast|p1a: Vaporeon\n|-damage|p1a: Vaporeon|61\/100\n|-unboost|p1a: Vaporeon|spa|1\n|move|p1a: Vaporeon|Muddy Water|p2b: Pellinore|[spread] p2a,p2b\n|-resisted|p2b: Pellinore\n|-damage|p2a: Gwenivere|14\/100\n|-damage|p2b: Pellinore|55\/100\n|-unboost|p2a: Gwenivere|accuracy|1\n|-unboost|p2b: Pellinore|accuracy|1\n|\n|-heal|p2a: Gwenivere|20\/100|[from] item: Leftovers\n|upkeep\n|turn|11\n|\n|t:|1682652420\n|move|p2b: Pellinore|Ice Fang|p1a: Vaporeon|[miss]\n|-miss|p2b: Pellinore|p1a: Vaporeon\n|move|p2a: Gwenivere|Pollen Puff|p2b: Pellinore\n|-heal|p2b: Pellinore|100\/100\n|move|p1a: Vaporeon|Yawn|p2b: Pellinore\n|-start|p2b: Pellinore|move: Yawn|[of] p1a: Vaporeon\n|\n|-heal|p2a: Gwenivere|27\/100|[from] item: Leftovers\n|upkeep\n|turn|12\n|\n|t:|1682652433\n|move|p2b: Pellinore|Ice Fang|p1a: Vaporeon\n|-resisted|p1a: Vaporeon\n|-damage|p1a: Vaporeon|46\/100\n|move|p2a: Gwenivere|Moonblast|p1a: Vaporeon|[miss]\n|-miss|p2a: Gwenivere|p1a: Vaporeon\n|move|p1a: Vaporeon|Muddy Water|p2b: Pellinore|[spread] p2a,p2b\n|-resisted|p2b: Pellinore\n|-damage|p2a: Gwenivere|9\/100\n|-damage|p2b: Pellinore|86\/100\n|-unboost|p2a: Gwenivere|accuracy|1\n|\n|-heal|p2a: Gwenivere|15\/100|[from] item: Leftovers\n|-end|p2b: Pellinore|move: Yawn|[silent]\n|-status|p2b: Pellinore|slp\n|upkeep\n|turn|13\n|\n|t:|1682652449\n|cant|p2b: Pellinore|slp\n|move|p2a: Gwenivere|Moonblast|p1a: Vaporeon\n|-damage|p1a: Vaporeon|4\/100\n|move|p1a: Vaporeon|Chilling Water|p2a: Gwenivere\n|-damage|p2a: Gwenivere|3\/100\n|-unboost|p2a: Gwenivere|atk|1\n|\n|-heal|p2a: Gwenivere|9\/100|[from] item: Leftovers\n|upkeep\n|turn|14\n|\n|t:|1682652460\n|-curestatus|p2b: Pellinore|slp|[msg]\n|move|p2b: Pellinore|Ice Fang|p1a: Vaporeon|[miss]\n|-miss|p2b: Pellinore|p1a: Vaporeon\n|move|p2a: Gwenivere|Moonblast|p1a: Vaporeon\n|-damage|p1a: Vaporeon|0 fnt\n|faint|p1a: Vaporeon\n|\n|win|Snowmuse\n|l|\u2606Snowmuse\n|l|\u2606Amar115\n|j|\u2606Amar115\n|player|p1|Amar115|170\n","uploadtime":1682652945,"views":9,"p1id":"amar115","p2id":"snowmuse","formatid":"gen9vgc2023regulationc","rating":0,"private":0,"password":""}