{"id":"gen9vgc2023regulationc-1845006897","p1":"zzmelodyy","p2":"CbuttyVGC","format":"[Gen 9] VGC 2023 Regulation C","log":"|j|\u2606zzmelodyy\n|j|\u2606CbuttyVGC\n|t:|1681673350\n|gametype|doubles\n|player|p1|zzmelodyy|170|1186\n|player|p2|CbuttyVGC|acetrainer-gen4dp|1244\n|teamsize|p1|6\n|teamsize|p2|6\n|gen|9\n|tier|[Gen 9] VGC 2023 Regulation C\n|rated|\n|rule|Species Clause: Limit one of each Pok\u00e9mon\n|rule|Item Clause: Limit one of each item\n|clearpoke\n|poke|p1|Flutter Mane, L50|\n|poke|p1|Pachirisu, L50, F|\n|poke|p1|Gallade, L50, M|\n|poke|p1|Indeedee-F, L50, F|\n|poke|p1|Azumarill, L50, F|\n|poke|p1|Kilowattrel, L50, F|\n|poke|p2|Stonjourner, L50, M|\n|poke|p2|Chi-Yu, L50|\n|poke|p2|Flutter Mane, L50|\n|poke|p2|Farigiraf, L50, F|\n|poke|p2|Gyarados, L50, F|\n|poke|p2|Dragonite, L50, F|\n|teampreview|4\n|inactive|Battle timer is ON: inactive players will automatically lose when time's up. (requested by CbuttyVGC)\nCbuttyVGC has agreed to open team sheets.\n|inactive|zzmelodyy has 60 seconds left.\n|inactive|CbuttyVGC has 60 seconds left.\n|inactive|zzmelodyy has 30 seconds left.\n|\n|t:|1681673419\n|start\n|switch|p1a: Flutter Mane|Flutter Mane, L50|100\/100\n|switch|p1b: Gallade|Gallade, L50, M|100\/100\n|switch|p2a: Stonjourner|Stonjourner, L50, M|100\/100\n|switch|p2b: Flutter Mane|Flutter Mane, L50|100\/100\n|-enditem|p2b: Flutter Mane|Booster Energy\n|-activate|p2b: Flutter Mane|ability: Protosynthesis|[fromitem]\n|-start|p2b: Flutter Mane|protosynthesisspa\n|-enditem|p1a: Flutter Mane|Booster Energy\n|-activate|p1a: Flutter Mane|ability: Protosynthesis|[fromitem]\n|-start|p1a: Flutter Mane|protosynthesisspa\n|turn|1\n|inactive|zzmelodyy has 30 seconds left.\n|\n|t:|1681673444\n|move|p2b: Flutter Mane|Protect|p2b: Flutter Mane\n|-singleturn|p2b: Flutter Mane|Protect\n|move|p1a: Flutter Mane|Protect|p1a: Flutter Mane\n|-singleturn|p1a: Flutter Mane|Protect\n|move|p2a: Stonjourner|Heavy Slam|p1a: Flutter Mane\n|-activate|p1a: Flutter Mane|move: Protect\n|move|p1b: Gallade|Sacred Sword|p2a: Stonjourner\n|-supereffective|p2a: Stonjourner\n|-damage|p2a: Stonjourner|9\/100\n|\n|upkeep\n|turn|2\n|\n|t:|1681673465\n|switch|p2a: Gyarados|Gyarados, L50, F|100\/100\n|-ability|p2a: Gyarados|Intimidate|boost\n|-unboost|p1a: Flutter Mane|atk|1\n|-unboost|p1b: Gallade|atk|1\n|-terastallize|p1a: Flutter Mane|Fairy\n|move|p2b: Flutter Mane|Shadow Ball|p1a: Flutter Mane\n|-damage|p1a: Flutter Mane|43\/100\n|-unboost|p1a: Flutter Mane|spd|1\n|move|p1a: Flutter Mane|Dazzling Gleam|p2a: Gyarados|[spread] p2a,p2b\n|-damage|p2a: Gyarados|42\/100\n|-damage|p2b: Flutter Mane|37\/100\n|move|p1b: Gallade|Psycho Cut|p2b: Flutter Mane\n|-damage|p2b: Flutter Mane|0 fnt\n|faint|p2b: Flutter Mane\n|-end|p2b: Flutter Mane|Protosynthesis|[silent]\n|\n|upkeep\n|\n|t:|1681673481\n|switch|p2b: Stonjourner|Stonjourner, L50, M|9\/100\n|turn|3\n|\n|t:|1681673505\n|move|p2b: Stonjourner|Wide Guard|p2b: Stonjourner\n|-singleturn|p2b: Stonjourner|Wide Guard\n|move|p1b: Gallade|Feint|p2a: Gyarados\n|-activate|p2a: Gyarados|move: Feint\n|-damage|p2a: Gyarados|35\/100\n|move|p1a: Flutter Mane|Dazzling Gleam|p2a: Gyarados|[spread] p2a,p2b\n|-damage|p2a: Gyarados|0 fnt\n|-damage|p2b: Stonjourner|0 fnt\n|faint|p2a: Gyarados\n|faint|p2b: Stonjourner\n|\n|upkeep\n|\n|t:|1681673519\n|switch|p2b: Dragonite|Dragonite, L50, F|100\/100\n|turn|4\n|\n|t:|1681673536\n|move|p1a: Flutter Mane|Protect|p1a: Flutter Mane\n|-singleturn|p1a: Flutter Mane|Protect\n|move|p2b: Dragonite|Iron Head|p1a: Flutter Mane\n|-activate|p1a: Flutter Mane|move: Protect\n|move|p1b: Gallade|Psycho Cut|p2b: Dragonite\n|-damage|p2b: Dragonite|70\/100\n|\n|upkeep\n|turn|5\n|\n|t:|1681673550\n|move|p1a: Flutter Mane|Moonblast|p2b: Dragonite\n|-supereffective|p2b: Dragonite\n|-damage|p2b: Dragonite|0 fnt\n|faint|p2b: Dragonite\n|\n|win|zzmelodyy\n|raw|zzmelodyy's rating: 1186 → 1215<\/strong> (+29 for winning)\n|raw|CbuttyVGC's rating: 1244 → 1215<\/strong> (-29 for losing)\n|l|\u2606zzmelodyy\n","uploadtime":1681673556,"views":8,"p1id":"zzmelodyy","p2id":"cbuttyvgc","formatid":"gen9vgc2023regulationc","rating":1215,"private":0,"password":""}