{"id":"gen9vgc2023regulationc-1845270545","p1":"entrapy_13","p2":"hl498","format":"[Gen 9] VGC 2023 Regulation C","log":"|j|\u2606entrapy_13\n|j|\u2606hl498\n|t:|1681705232\n|gametype|doubles\n|player|p1|entrapy_13|gambler|1233\n|player|p2|hl498|hilbert|1150\n|teamsize|p1|6\n|teamsize|p2|6\n|gen|9\n|tier|[Gen 9] VGC 2023 Regulation C\n|rated|\n|rule|Species Clause: Limit one of each Pok\u00e9mon\n|rule|Item Clause: Limit one of each item\n|clearpoke\n|poke|p1|Chi-Yu, L50|\n|poke|p1|Flutter Mane, L50|\n|poke|p1|Great Tusk, L50|\n|poke|p1|Torkoal, L50, M|\n|poke|p1|Corviknight, L50, M|\n|poke|p1|Dragonite, L50, F|\n|poke|p2|Corviknight, L50, M|\n|poke|p2|Amoonguss, L50, M|\n|poke|p2|Flutter Mane, L50|\n|poke|p2|Chi-Yu, L50|\n|poke|p2|Iron Bundle, L50|\n|poke|p2|Garchomp, L50, F|\n|teampreview|4\n|inactive|Battle timer is ON: inactive players will automatically lose when time's up. (requested by entrapy_13)\n|inactive|entrapy_13 has 60 seconds left.\n|inactive|hl498 has 60 seconds left.\n|\n|t:|1681705281\n|start\n|switch|p1a: Corviknight|Corviknight, L50, M, shiny|100\/100\n|switch|p1b: Great Tusk|Great Tusk, L50|100\/100\n|switch|p2a: The steels chicken|Corviknight, L50, M, shiny|100\/100\n|switch|p2b: Pearl|Garchomp, L50, F|100\/100\n|turn|1\n|inactive|entrapy_13 has 30 seconds left.\n|\n|t:|1681705308\n|move|p2b: Pearl|Protect|p2b: Pearl\n|-singleturn|p2b: Pearl|Protect\n|move|p1b: Great Tusk|Ice Spinner|p2b: Pearl\n|-activate|p2b: Pearl|move: Protect\n|move|p1a: Corviknight|Tailwind|p1a: Corviknight\n|-sidestart|p1: entrapy_13|move: Tailwind\n|move|p2a: The steels chicken|Tailwind|p2a: The steels chicken\n|-sidestart|p2: hl498|move: Tailwind\n|\n|upkeep\n|turn|2\n|inactive|entrapy_13 has 30 seconds left.\n|\n|t:|1681705335\n|switch|p2b: Firing Nemo|Chi-Yu, L50|100\/100\n|-ability|p2b: Firing Nemo|Beads of Ruin\n|move|p1b: Great Tusk|Ice Spinner|p2a: The steels chicken\n|-damage|p2a: The steels chicken|77\/100\n|move|p1a: Corviknight|Brave Bird|p2b: Firing Nemo\n|-damage|p2b: Firing Nemo|28\/100\n|-damage|p1a: Corviknight|84\/100|[from] Recoil\n|move|p2a: The steels chicken|Brave Bird|p1b: Great Tusk\n|-supereffective|p1b: Great Tusk\n|-damage|p1b: Great Tusk|25\/100\n|-damage|p2a: The steels chicken|53\/100|[from] Recoil\n|\n|upkeep\n|turn|3\n|inactive|entrapy_13 has 30 seconds left.\n|\n|t:|1681705361\n|move|p1b: Great Tusk|Ice Spinner|p2b: Firing Nemo\n|-resisted|p2b: Firing Nemo\n|-damage|p2b: Firing Nemo|6\/100\n|move|p2b: Firing Nemo|Heat Wave|p1b: Great Tusk|[spread] p1b\n|-miss|p2b: Firing Nemo|p1a: Corviknight\n|-damage|p1b: Great Tusk|0 fnt\n|faint|p1b: Great Tusk\n|-end|p1b: Great Tusk|Protosynthesis|[silent]\n|-damage|p2b: Firing Nemo|0 fnt|[from] item: Life Orb\n|faint|p2b: Firing Nemo\n|move|p1a: Corviknight|Brave Bird|p2a: The steels chicken\n|-resisted|p2a: The steels chicken\n|-damage|p2a: The steels chicken|36\/100\n|-damage|p1a: Corviknight|78\/100|[from] Recoil\n|move|p2a: The steels chicken|Brave Bird|p1a: Corviknight\n|-resisted|p1a: Corviknight\n|-crit|p1a: Corviknight\n|-damage|p1a: Corviknight|48\/100\n|-damage|p2a: The steels chicken|27\/100|[from] Recoil\n|\n|upkeep\n|\n|t:|1681705386\n|switch|p2b: Larry|Iron Bundle, L50|100\/100\n|switch|p1b: Dragonite|Dragonite, L50, F, shiny|100\/100\n|turn|4\n|\n|t:|1681705400\n|-terastallize|p1b: Dragonite|Flying\n|move|p2b: Larry|Freeze-Dry|p1b: Dragonite\n|-supereffective|p1b: Dragonite\n|-damage|p1b: Dragonite|39\/100\n|move|p1b: Dragonite|Tera Blast|p2b: Larry\n|-enditem|p2b: Larry|Focus Sash\n|-damage|p2b: Larry|1\/100\n|move|p1a: Corviknight|Roost|p1a: Corviknight\n|-heal|p1a: Corviknight|98\/100\n|-singleturn|p1a: Corviknight|move: Roost\n|move|p2a: The steels chicken|Roost|p2a: The steels chicken\n|-heal|p2a: The steels chicken|77\/100\n|-singleturn|p2a: The steels chicken|move: Roost\n|\n|-sideend|p2: hl498|move: Tailwind\n|-sideend|p1: entrapy_13|move: Tailwind\n|upkeep\n|turn|5\n|\n|t:|1681705424\n|move|p2b: Larry|Freeze-Dry|p1b: Dragonite\n|-supereffective|p1b: Dragonite\n|-damage|p1b: Dragonite|0 fnt\n|faint|p1b: Dragonite\n|move|p1a: Corviknight|Tailwind|p1a: Corviknight\n|-sidestart|p1: entrapy_13|move: Tailwind\n|move|p2a: The steels chicken|Tailwind|p2a: The steels chicken\n|-sidestart|p2: hl498|move: Tailwind\n|\n|upkeep\n|\n|t:|1681705432\n|switch|p1b: Flutter Mane|Flutter Mane, L50, shiny|100\/100\n|turn|6\n|inactive|entrapy_13 has 30 seconds left.\n|\n|t:|1681705462\n|move|p2b: Larry|Freeze-Dry|p1b: Flutter Mane\n|-damage|p1b: Flutter Mane|65\/100\n|move|p1b: Flutter Mane|Dazzling Gleam|p2a: The steels chicken|[spread] p2a,p2b\n|-resisted|p2a: The steels chicken\n|-damage|p2a: The steels chicken|63\/100\n|-damage|p2b: Larry|0 fnt\n|faint|p2b: Larry\n|-end|p2b: Larry|Quark Drive|[silent]\n|move|p1a: Corviknight|Brave Bird|p2a: The steels chicken\n|-resisted|p2a: The steels chicken\n|-damage|p2a: The steels chicken|46\/100\n|-damage|p1a: Corviknight|92\/100|[from] Recoil\n|move|p2a: The steels chicken|Brave Bird|p1b: Flutter Mane\n|-damage|p1b: Flutter Mane|0 fnt\n|faint|p1b: Flutter Mane\n|-end|p1b: Flutter Mane|Protosynthesis|[silent]\n|-damage|p2a: The steels chicken|31\/100|[from] Recoil\n|\n|upkeep\n|\n|t:|1681705477\n|switch|p2b: Pearl|Garchomp, L50, F|100\/100\n|turn|7\n|\n|t:|1681705482\n|move|p2b: Pearl|Protect|p2b: Pearl\n|-singleturn|p2b: Pearl|Protect\n|move|p1a: Corviknight|Brave Bird|p2b: Pearl\n|-activate|p2b: Pearl|move: Protect\n|move|p2a: The steels chicken|Roost|p2a: The steels chicken\n|-heal|p2a: The steels chicken|81\/100\n|-singleturn|p2a: The steels chicken|move: Roost\n|\n|upkeep\n|turn|8\n|\n|t:|1681705498\n|-terastallize|p2b: Pearl|Steel\n|move|p2b: Pearl|Rock Slide|p1a: Corviknight\n|-damage|p1a: Corviknight|70\/100\n|cant|p1a: Corviknight|flinch\n|move|p2a: The steels chicken|Brave Bird|p1a: Corviknight\n|-resisted|p1a: Corviknight\n|-damage|p1a: Corviknight|53\/100\n|-damage|p2a: The steels chicken|76\/100|[from] Recoil\n|\n|-sideend|p1: entrapy_13|move: Tailwind\n|-sideend|p2: hl498|move: Tailwind\n|upkeep\n|turn|9\n|\n|t:|1681705510\n|move|p2b: Pearl|Rock Slide|p1a: Corviknight\n|-damage|p1a: Corviknight|32\/100\n|move|p1a: Corviknight|Tailwind|p1a: Corviknight\n|-sidestart|p1: entrapy_13|move: Tailwind\n|move|p2a: The steels chicken|Brave Bird|p1a: Corviknight\n|-resisted|p1a: Corviknight\n|-damage|p1a: Corviknight|13\/100\n|-damage|p2a: The steels chicken|70\/100|[from] Recoil\n|\n|upkeep\n|turn|10\n|\n|t:|1681705521\n|move|p1a: Corviknight|Roost|p1a: Corviknight\n|-heal|p1a: Corviknight|63\/100\n|-singleturn|p1a: Corviknight|move: Roost\n|move|p2b: Pearl|Rock Slide|p1a: Corviknight\n|-resisted|p1a: Corviknight\n|-damage|p1a: Corviknight|53\/100\n|move|p2a: The steels chicken|Brave Bird|p1a: Corviknight\n|-resisted|p1a: Corviknight\n|-damage|p1a: Corviknight|34\/100\n|-damage|p2a: The steels chicken|64\/100|[from] Recoil\n|\n|upkeep\n|turn|11\n|-message|entrapy_13 forfeited.\n|\n|win|hl498\n|raw|entrapy_13's rating: 1233 → 1202<\/strong> (-31 for losing)\n|raw|hl498's rating: 1150 → 1181<\/strong> (+31 for winning)\n|l|\u2606entrapy_13\n","uploadtime":1681705544,"views":7,"p1id":"entrapy13","p2id":"hl498","formatid":"gen9vgc2023regulationc","rating":1181,"private":0,"password":""}