{"id":"gen9vgc2023regulationc-1854748783","p1":"mysafewordisharder","p2":"Sugarmaru","format":"[Gen 9] VGC 2023 Regulation C","log":"|j|\u2606mysafewordisharder\n|j|\u2606Sugarmaru\n|t:|1682860925\n|gametype|doubles\n|player|p1|mysafewordisharder|milo|1241\n|player|p2|Sugarmaru|169|1206\n|teamsize|p1|6\n|teamsize|p2|6\n|gen|9\n|tier|[Gen 9] VGC 2023 Regulation C\n|rated|\n|rule|Species Clause: Limit one of each Pok\u00e9mon\n|rule|Item Clause: Limit one of each item\n|clearpoke\n|poke|p1|Garganacl, L50, M|\n|poke|p1|Arcanine, L50, F|\n|poke|p1|Amoonguss, L50, M|\n|poke|p1|Palafin, L50, F|\n|poke|p1|Flutter Mane, L50|\n|poke|p1|Baxcalibur, L50, F|\n|poke|p2|Vivillon-Ocean, L50, F|\n|poke|p2|Chi-Yu, L50|\n|poke|p2|Flutter Mane, L50|\n|poke|p2|Baxcalibur, L50, F|\n|poke|p2|Brute Bonnet, L50|\n|poke|p2|Scizor, L50, F|\n|teampreview|4\n|c|\u2606mysafewordisharder|glhf\nmysafewordisharder has agreed to open team sheets.\nSugarmaru has agreed to open team sheets.\n|\n|t:|1682861019\n|start\n|switch|p1a: Chest Day|Palafin, L50, F|100\/100\n|switch|p1b: Tucker|Arcanine, L50, F|100\/100\n|switch|p2a: Vivillon|Vivillon-Ocean, L50, F|100\/100\n|switch|p2b: Chi-Yu|Chi-Yu, L50|100\/100\n|-ability|p2b: Chi-Yu|Beads of Ruin\n|-ability|p1b: Tucker|Intimidate|boost\n|-unboost|p2a: Vivillon|atk|1\n|-unboost|p2b: Chi-Yu|atk|1\n|turn|1\n|\n|t:|1682861052\n|detailschange|p1a: Chest Day|Palafin-Hero, L50, F\n|switch|p1a: Salt me Bae|Garganacl, L50, M|100\/100\n|-terastallize|p2b: Chi-Yu|Water\n|move|p1b: Tucker|Extreme Speed|p2b: Chi-Yu\n|-damage|p2b: Chi-Yu|72\/100\n|move|p2a: Vivillon|Tailwind|p2a: Vivillon\n|-sidestart|p2: Sugarmaru|move: Tailwind\n|move|p2b: Chi-Yu|Tera Blast|p1b: Tucker\n|-supereffective|p1b: Tucker\n|-damage|p1b: Tucker|0 fnt\n|faint|p1b: Tucker\n|\n|upkeep\n|\n|t:|1682861068\n|switch|p1b: Chest Day|Palafin-Hero, L50, F|100\/100\n|-activate|p1b: Chest Day|ability: Zero to Hero\n|turn|2\n|\n|t:|1682861084\n|move|p1a: Salt me Bae|Protect|p1a: Salt me Bae\n|-singleturn|p1a: Salt me Bae|Protect\n|move|p2a: Vivillon|Rage Powder|p2a: Vivillon\n|-singleturn|p2a: Vivillon|move: Rage Powder\n|move|p1b: Chest Day|Jet Punch|p2a: Vivillon\n|-damage|p2a: Vivillon|13\/100\n|move|p2b: Chi-Yu|Nasty Plot|p2b: Chi-Yu\n|-boost|p2b: Chi-Yu|spa|2\n|\n|upkeep\n|turn|3\n|\n|t:|1682861121\n|-terastallize|p1a: Salt me Bae|Grass\n|move|p1b: Chest Day|Jet Punch|p2b: Chi-Yu\n|-resisted|p2b: Chi-Yu\n|-damage|p2b: Chi-Yu|46\/100\n|-enditem|p2b: Chi-Yu|Sitrus Berry|[eat]\n|-heal|p2b: Chi-Yu|71\/100|[from] item: Sitrus Berry\n|move|p2a: Vivillon|Pollen Puff|p1b: Chest Day\n|-damage|p1b: Chest Day|48\/100\n|move|p2b: Chi-Yu|Tera Blast|p1b: Chest Day\n|-resisted|p1b: Chest Day\n|-damage|p1b: Chest Day|0 fnt\n|faint|p1b: Chest Day\n|move|p1a: Salt me Bae|Salt Cure|p2b: Chi-Yu\n|-damage|p2b: Chi-Yu|57\/100\n|-start|p2b: Chi-Yu|Salt Cure\n|\n|-damage|p2b: Chi-Yu|32\/100|[from] Salt Cure\n|upkeep\n|\n|t:|1682861138\n|switch|p1b: It's not a phase|Flutter Mane, L50|100\/100\n|-enditem|p1b: It's not a phase|Booster Energy\n|-activate|p1b: It's not a phase|ability: Protosynthesis|[fromitem]\n|-start|p1b: It's not a phase|protosynthesisspa\n|turn|4\n|\n|t:|1682861147\n|move|p1a: Salt me Bae|Protect|p1a: Salt me Bae\n|-singleturn|p1a: Salt me Bae|Protect\n|move|p2a: Vivillon|Rage Powder|p2a: Vivillon\n|-singleturn|p2a: Vivillon|move: Rage Powder\n|move|p2b: Chi-Yu|Heat Wave|p1b: It's not a phase|[spread] p1b\n|-activate|p1a: Salt me Bae|move: Protect\n|-damage|p1b: It's not a phase|0 fnt\n|faint|p1b: It's not a phase\n|-end|p1b: It's not a phase|Protosynthesis|[silent]\n|\n|-damage|p2b: Chi-Yu|7\/100|[from] Salt Cure\n|-sideend|p2: Sugarmaru|move: Tailwind\n|upkeep\n|turn|5\n|\n|t:|1682861160\n|move|p1a: Salt me Bae|Wide Guard|p1a: Salt me Bae\n|-singleturn|p1a: Salt me Bae|Wide Guard\n|move|p2a: Vivillon|Pollen Puff|p1a: Salt me Bae\n|-supereffective|p1a: Salt me Bae\n|-damage|p1a: Salt me Bae|29\/100\n|move|p2b: Chi-Yu|Heat Wave|p1a: Salt me Bae\n|-activate|p1a: Salt me Bae|move: Wide Guard\n|\n|-heal|p1a: Salt me Bae|35\/100|[from] item: Leftovers\n|-damage|p2b: Chi-Yu|0 fnt|[from] Salt Cure\n|faint|p2b: Chi-Yu\n|upkeep\n|\n|t:|1682861172\n|switch|p2b: Baxcalibur|Baxcalibur, L50, F|100\/100\n|turn|6\n|c|\u2606mysafewordisharder|gg wp\n|-message|mysafewordisharder forfeited.\n|\n|win|Sugarmaru\n|raw|mysafewordisharder's rating: 1241 → 1213<\/strong> (-28 for losing)\n|raw|Sugarmaru's rating: 1206 → 1234<\/strong> (+28 for winning)\n","uploadtime":1682861179,"views":14,"p1id":"mysafewordisharder","p2id":"sugarmaru","formatid":"gen9vgc2023regulationc","rating":1213,"private":0,"password":""}