{"id":"gen9vgc2023regulationc-1863786329","p1":"Nicohaxvgc","p2":"Justin tang fan","format":"[Gen 9] VGC 2023 Regulation C","log":"|j|\u2606Nicohaxvgc\n|j|\u2606Justin tang fan\n|t:|1684077508\n|gametype|doubles\n|player|p1|Nicohaxvgc|hilbert-wonderlauncher|1423\n|player|p2|Justin tang fan|102|1394\n|teamsize|p1|6\n|teamsize|p2|6\n|gen|9\n|tier|[Gen 9] VGC 2023 Regulation C\n|rated|\n|rule|Species Clause: Limit one of each Pok\u00e9mon\n|rule|Item Clause: Limit one of each item\n|clearpoke\n|poke|p1|Flutter Mane, L50|\n|poke|p1|Maushold, L50|\n|poke|p1|Annihilape, L50, M|\n|poke|p1|Iron Bundle, L50|\n|poke|p1|Corviknight, L50, F|\n|poke|p1|Ting-Lu, L50|\n|poke|p2|Dondozo, L50, M|\n|poke|p2|Tatsugiri, L50, F|\n|poke|p2|Chi-Yu, L50|\n|poke|p2|Iron Bundle, L50|\n|poke|p2|Flutter Mane, L50|\n|poke|p2|Glimmora, L50, M|\n|teampreview|4\n|inactive|Battle timer is ON: inactive players will automatically lose when time's up. (requested by Nicohaxvgc)\n|j| Braindeadmeta\n|\n|t:|1684077522\n|start\n|switch|p1a: Harley|Flutter Mane, L50|100\/100\n|switch|p1b: AureCorne|Maushold, L50|100\/100\n|switch|p2a: Flutter Mane|Flutter Mane, L50, shiny|100\/100\n|switch|p2b: Chi-Yu|Chi-Yu, L50|100\/100\n|-ability|p2b: Chi-Yu|Beads of Ruin\n|turn|1\n|\n|t:|1684077544\n|-terastallize|p1a: Harley|Fairy\n|-terastallize|p2a: Flutter Mane|Fairy\n|move|p1b: AureCorne|Follow Me|p1b: AureCorne\n|-singleturn|p1b: AureCorne|move: Follow Me\n|move|p1a: Harley|Moonblast|p2b: Chi-Yu\n|-enditem|p2b: Chi-Yu|Focus Sash\n|-damage|p2b: Chi-Yu|1\/100\n|move|p2a: Flutter Mane|Dazzling Gleam|p1b: AureCorne|[spread] p1a,p1b\n|-damage|p1a: Harley|45\/100\n|-damage|p1b: AureCorne|30\/100\n|move|p2b: Chi-Yu|Heat Wave|p1a: Harley|[spread] p1a,p1b\n|-crit|p1b: AureCorne\n|-damage|p1a: Harley|10\/100\n|-damage|p1b: AureCorne|0 fnt\n|-status|p1a: Harley|brn\n|faint|p1b: AureCorne\n|\n|-damage|p1a: Harley|4\/100 brn|[from] brn\n|upkeep\n|\n|t:|1684077557\n|switch|p1b: Jhoel|Iron Bundle, L50|100\/100\n|-enditem|p1b: Jhoel|Booster Energy\n|-activate|p1b: Jhoel|ability: Quark Drive|[fromitem]\n|-start|p1b: Jhoel|quarkdrivespe\n|turn|2\n|\n|t:|1684077571\n|move|p1b: Jhoel|Icy Wind|p2a: Flutter Mane|[spread] p2a,p2b\n|-resisted|p2b: Chi-Yu\n|-damage|p2a: Flutter Mane|77\/100\n|-damage|p2b: Chi-Yu|0 fnt\n|-unboost|p2a: Flutter Mane|spe|1\n|faint|p2b: Chi-Yu\n|move|p1a: Harley|Moonblast|p2a: Flutter Mane\n|-damage|p2a: Flutter Mane|0 fnt\n|faint|p2a: Flutter Mane\n|-end|p2a: Flutter Mane|Protosynthesis|[silent]\n|\n|-damage|p1a: Harley|0 fnt|[from] brn\n|faint|p1a: Harley\n|-end|p1a: Harley|Protosynthesis|[silent]\n|upkeep\n|\n|t:|1684077580\n|switch|p1a: Zea|Ting-Lu, L50|100\/100\n|switch|p2a: Dondozo|Dondozo, L50, M|100\/100\n|switch|p2b: Tatsugiri|Tatsugiri, L50, F|100\/100\n|-activate|p2b: Tatsugiri|ability: Commander|[of] p2a: Dondozo\n|-boost|p2a: Dondozo|atk|2\n|-boost|p2a: Dondozo|spa|2\n|-boost|p2a: Dondozo|spe|2\n|-boost|p2a: Dondozo|def|2\n|-boost|p2a: Dondozo|spd|2\n|-ability|p1a: Zea|Vessel of Ruin\n|turn|3\n|\n|t:|1684077584\n|move|p1b: Jhoel|Protect|p1b: Jhoel\n|-singleturn|p1b: Jhoel|Protect\n|move|p2a: Dondozo|Earthquake|p1b: Jhoel|[spread] p1a\n|-miss|p2a: Dondozo|p2b: Tatsugiri\n|-activate|p1b: Jhoel|move: Protect\n|-damage|p1a: Zea|77\/100\n|move|p1a: Zea|Ruination|p2a: Dondozo\n|-damage|p2a: Dondozo|50\/100\n|\n|-heal|p2a: Dondozo|57\/100|[from] item: Leftovers\n|upkeep\n|turn|4\n|\n|t:|1684077598\n|move|p1b: Jhoel|Freeze-Dry|p2a: Dondozo\n|-supereffective|p2a: Dondozo\n|-damage|p2a: Dondozo|35\/100\n|move|p2a: Dondozo|Earthquake|p1b: Jhoel|[spread] p1a,p1b\n|-miss|p2a: Dondozo|p2b: Tatsugiri\n|-damage|p1a: Zea|53\/100\n|-damage|p1b: Jhoel|57\/100\n|move|p1a: Zea|Ruination|p2a: Dondozo\n|-damage|p2a: Dondozo|18\/100\n|\n|-heal|p2a: Dondozo|24\/100|[from] item: Leftovers\n|upkeep\n|turn|5\n|\n|t:|1684077610\n|move|p2a: Dondozo|Protect|p2a: Dondozo\n|-singleturn|p2a: Dondozo|Protect\n|move|p1b: Jhoel|Freeze-Dry|p2a: Dondozo\n|-activate|p2a: Dondozo|move: Protect\n|move|p1a: Zea|Ruination|p2a: Dondozo\n|-activate|p2a: Dondozo|move: Protect\n|\n|-heal|p2a: Dondozo|31\/100|[from] item: Leftovers\n|upkeep\n|turn|6\n|\n|t:|1684077625\n|move|p1b: Jhoel|Encore|p2a: Dondozo\n|-start|p2a: Dondozo|Encore\n|move|p2a: Dondozo|Protect||[still]\n|-fail|p2a: Dondozo\n|move|p1a: Zea|Ruination|p2a: Dondozo\n|-damage|p2a: Dondozo|16\/100\n|\n|-heal|p2a: Dondozo|22\/100|[from] item: Leftovers\n|upkeep\n|turn|7\n|-message|Justin tang fan forfeited.\n|\n|win|Nicohaxvgc\n|raw|Nicohaxvgc's rating: 1423 → 1441<\/strong> (+18 for winning)\n|raw|Justin tang fan's rating: 1394 → 1376<\/strong> (-18 for losing)\n|l|\u2606Justin tang fan\n|l| Braindeadmeta\n","uploadtime":1684079502,"views":12,"p1id":"nicohaxvgc","p2id":"justintangfan","formatid":"gen9vgc2023regulationc","rating":1376,"private":0,"password":""}