{"id":"gen9vgc2023regulationc-1860056698","p1":"vbxsvbxsd","p2":"blondtoyo","format":"[Gen 9] VGC 2023 Regulation C","log":"|j|\u2606vbxsvbxsd\n|j|\u2606blondtoyo\n|t:|1683590096\n|gametype|doubles\n|player|p1|vbxsvbxsd|lucas|1024\n|player|p2|blondtoyo|2|1104\n|teamsize|p1|6\n|teamsize|p2|6\n|gen|9\n|tier|[Gen 9] VGC 2023 Regulation C\n|rated|\n|rule|Species Clause: Limit one of each Pok\u00e9mon\n|rule|Item Clause: Limit one of each item\n|clearpoke\n|poke|p1|Wo-Chien, L50|\n|poke|p1|Slither Wing, L50|\n|poke|p1|Crocalor, L50, F|\n|poke|p1|Dragalge, L50, F|\n|poke|p1|Clodsire, L50, M|\n|poke|p1|Flamigo, L50, F|\n|poke|p2|Chi-Yu, L50|\n|poke|p2|Dachsbun, L50, F|\n|poke|p2|Dragonite, L50, F|\n|poke|p2|Flutter Mane, L50|\n|poke|p2|Azumarill, L50, F|\n|poke|p2|Chien-Pao, L50|\n|teampreview|4\n|inactive|Battle timer is ON: inactive players will automatically lose when time's up. (requested by blondtoyo)\n|\n|t:|1683590123\n|start\n|switch|p1a: Slither Wing|Slither Wing, L50|100\/100\n|switch|p1b: Dragalge|Dragalge, L50, F|100\/100\n|switch|p2a: Dachsbun|Dachsbun, L50, F|100\/100\n|switch|p2b: Chi-Yu|Chi-Yu, L50|100\/100\n|-ability|p2b: Chi-Yu|Beads of Ruin\n|turn|1\n|inactive|blondtoyo has 30 seconds left.\n|inactive|blondtoyo has 20 seconds left.\n|inactive|blondtoyo has 15 seconds left.\n|\n|t:|1683590163\n|-terastallize|p2a: Dachsbun|Ghost\n|move|p2b: Chi-Yu|Lava Plume|p1a: Slither Wing|[spread] p1a,p1b\n|-ability|p2a: Dachsbun|Well-Baked Body|boost\n|-boost|p2a: Dachsbun|def|2\n|-supereffective|p1a: Slither Wing\n|-resisted|p1b: Dragalge\n|-damage|p1a: Slither Wing|17\/100\n|-damage|p1b: Dragalge|88\/100\n|-status|p1a: Slither Wing|brn\n|move|p1a: Slither Wing|U-turn|p2b: Chi-Yu\n|-damage|p2b: Chi-Yu|70\/100\n|\n|t:|1683590174\n|-end|p1a: Slither Wing|Protosynthesis|[silent]\n|switch|p1a: Clodsire|Clodsire, L50, M|100\/100|[from] U-turn\n|move|p2a: Dachsbun|Body Press|p1a: Clodsire\n|-resisted|p1a: Clodsire\n|-damage|p1a: Clodsire|82\/100\n|move|p1b: Dragalge|Double Team|p1b: Dragalge\n|-boost|p1b: Dragalge|evasion|1\n|\n|-heal|p1a: Clodsire|88\/100|[from] item: Black Sludge\n|upkeep\n|turn|2\n|\n|t:|1683590188\n|move|p2b: Chi-Yu|Lava Plume|p1b: Dragalge|[spread] p1a\n|-ability|p2a: Dachsbun|Well-Baked Body|boost\n|-boost|p2a: Dachsbun|def|2\n|-miss|p2b: Chi-Yu|p1b: Dragalge\n|-damage|p1a: Clodsire|59\/100\n|-status|p1a: Clodsire|brn\n|move|p2a: Dachsbun|Yawn|p1b: Dragalge\n|-start|p1b: Dragalge|move: Yawn|[of] p2a: Dachsbun\n|move|p1b: Dragalge|Double Team|p1b: Dragalge\n|-boost|p1b: Dragalge|evasion|1\n|move|p1a: Clodsire|Yawn|p2b: Chi-Yu\n|-start|p2b: Chi-Yu|move: Yawn|[of] p1a: Clodsire\n|\n|-heal|p1a: Clodsire|66\/100 brn|[from] item: Black Sludge\n|-damage|p1a: Clodsire|59\/100 brn|[from] brn\n|upkeep\n|turn|3\n|\n|t:|1683590221\n|switch|p2b: Dragonite|Dragonite, L50, F|100\/100\n|move|p2a: Dachsbun|Body Press|p1a: Clodsire\n|-resisted|p1a: Clodsire\n|-damage|p1a: Clodsire|33\/100 brn\n|move|p1b: Dragalge|Double Team|p1b: Dragalge\n|-boost|p1b: Dragalge|evasion|1\n|move|p1a: Clodsire|Yawn|p2a: Dachsbun\n|-start|p2a: Dachsbun|move: Yawn|[of] p1a: Clodsire\n|\n|-heal|p1a: Clodsire|39\/100 brn|[from] item: Black Sludge\n|-damage|p1a: Clodsire|33\/100 brn|[from] brn\n|-end|p1b: Dragalge|move: Yawn|[silent]\n|-status|p1b: Dragalge|slp\n|upkeep\n|turn|4\n|inactive|blondtoyo has 30 seconds left.\n|inactive|blondtoyo has 20 seconds left.\n|inactive|blondtoyo has 15 seconds left.\n|inactive|blondtoyo has 10 seconds left.\n|inactive|blondtoyo has 5 seconds left.\n|\n|t:|1683590276\n|move|p2a: Dachsbun|Protect|p2a: Dachsbun\n|-singleturn|p2a: Dachsbun|Protect\n|move|p2b: Dragonite|Protect|p2b: Dragonite\n|-singleturn|p2b: Dragonite|Protect\n|cant|p1b: Dragalge|slp\n|move|p1a: Clodsire|Yawn|p2b: Dragonite\n|-activate|p2b: Dragonite|move: Protect\n|\n|-heal|p1a: Clodsire|39\/100 brn|[from] item: Black Sludge\n|-damage|p1a: Clodsire|33\/100 brn|[from] brn\n|-end|p2a: Dachsbun|move: Yawn|[silent]\n|-status|p2a: Dachsbun|slp\n|upkeep\n|turn|5\n|\n|t:|1683590289\n|move|p2b: Dragonite|Extreme Speed|p1a: Clodsire\n|-damage|p1a: Clodsire|7\/100 brn\n|cant|p2a: Dachsbun|slp\n|cant|p1b: Dragalge|slp\n|move|p1a: Clodsire|Recover|p1a: Clodsire\n|-heal|p1a: Clodsire|57\/100 brn\n|\n|-heal|p1a: Clodsire|63\/100 brn|[from] item: Black Sludge\n|-damage|p1a: Clodsire|57\/100 brn|[from] brn\n|upkeep\n|turn|6\n|\n|t:|1683590306\n|cant|p2a: Dachsbun|slp\n|move|p2b: Dragonite|Iron Head|p1a: Clodsire\n|-damage|p1a: Clodsire|32\/100 brn\n|cant|p1b: Dragalge|slp\n|cant|p1a: Clodsire|flinch\n|\n|-heal|p1a: Clodsire|38\/100 brn|[from] item: Black Sludge\n|-damage|p1a: Clodsire|32\/100 brn|[from] brn\n|upkeep\n|turn|7\n|\n|t:|1683590316\n|move|p2b: Dragonite|Extreme Speed|p1a: Clodsire\n|-damage|p1a: Clodsire|3\/100 brn\n|cant|p2a: Dachsbun|slp\n|-curestatus|p1b: Dragalge|slp|[msg]\n|move|p1b: Dragalge|Double Team|p1b: Dragalge\n|-boost|p1b: Dragalge|evasion|1\n|move|p1a: Clodsire|Recover|p1a: Clodsire\n|-heal|p1a: Clodsire|53\/100 brn\n|\n|-heal|p1a: Clodsire|59\/100 brn|[from] item: Black Sludge\n|-damage|p1a: Clodsire|53\/100 brn|[from] brn\n|upkeep\n|turn|8\n|\n|t:|1683590333\n|move|p2b: Dragonite|Extreme Speed|p1a: Clodsire\n|-damage|p1a: Clodsire|26\/100 brn\n|-curestatus|p2a: Dachsbun|slp|[msg]\n|move|p2a: Dachsbun|Body Press|p1a: Clodsire\n|-resisted|p1a: Clodsire\n|-damage|p1a: Clodsire|1\/100 brn\n|move|p1b: Dragalge|Double Team|p1b: Dragalge\n|-boost|p1b: Dragalge|evasion|1\n|move|p1a: Clodsire|Yawn|p2b: Dragonite\n|-start|p2b: Dragonite|move: Yawn|[of] p1a: Clodsire\n|\n|-heal|p1a: Clodsire|7\/100 brn|[from] item: Black Sludge\n|-damage|p1a: Clodsire|1\/100 brn|[from] brn\n|upkeep\n|turn|9\n|inactive|vbxsvbxsd has 30 seconds left.\n|\n|t:|1683590367\n|switch|p2b: Chien-Pao|Chien-Pao, L50|100\/100\n|-ability|p2b: Chien-Pao|Sword of Ruin\n|switch|p1a: Wo-Chien|Wo-Chien, L50|100\/100\n|-ability|p1a: Wo-Chien|Tablets of Ruin\n|move|p2a: Dachsbun|Body Press|p1a: Wo-Chien\n|-supereffective|p1a: Wo-Chien\n|-damage|p1a: Wo-Chien|0 fnt\n|faint|p1a: Wo-Chien\n|move|p1b: Dragalge|Sludge Bomb|p2a: Dachsbun\n|-resisted|p2a: Dachsbun\n|-damage|p2a: Dachsbun|81\/100\n|-status|p2a: Dachsbun|psn\n|\n|-heal|p2a: Dachsbun|87\/100 psn|[from] item: Leftovers\n|-damage|p2a: Dachsbun|75\/100 psn|[from] psn\n|upkeep\n|\n|t:|1683590380\n|switch|p1a: Slither Wing|Slither Wing, L50|17\/100 brn\n|turn|10\n|inactive|blondtoyo has 30 seconds left.\n|\n|t:|1683590413\n|move|p1a: Slither Wing|U-turn|p2b: Chien-Pao\n|-supereffective|p2b: Chien-Pao\n|-damage|p2b: Chien-Pao|50\/100\n|\n|t:|1683590426\n|-end|p1a: Slither Wing|Protosynthesis|[silent]\n|switch|p1a: Clodsire|Clodsire, L50, M|1\/100 brn|[from] U-turn\n|move|p2b: Chien-Pao|Throat Chop|p1a: Clodsire\n|-damage|p1a: Clodsire|0 fnt\n|faint|p1a: Clodsire\n|move|p2a: Dachsbun|Yawn|p1b: Dragalge\n|-start|p1b: Dragalge|move: Yawn|[of] p2a: Dachsbun\n|move|p1b: Dragalge|Double Team|p1b: Dragalge\n|-boost|p1b: Dragalge|evasion|1\n|\n|-heal|p2a: Dachsbun|81\/100 psn|[from] item: Leftovers\n|-damage|p2a: Dachsbun|69\/100 psn|[from] psn\n|upkeep\n|\n|t:|1683590434\n|switch|p1a: Slither Wing|Slither Wing, L50|17\/100 brn\n|turn|11\n|inactive|blondtoyo has 30 seconds left.\n|\n|t:|1683590461\n|move|p1a: Slither Wing|Leech Life|p2b: Chien-Pao\n|-supereffective|p2b: Chien-Pao\n|-damage|p2b: Chien-Pao|0 fnt\n|-heal|p1a: Slither Wing|41\/100 brn|[from] drain|[of] p2b: Chien-Pao\n|faint|p2b: Chien-Pao\n|move|p2a: Dachsbun|Body Press|p1a: Slither Wing\n|-resisted|p1a: Slither Wing\n|-damage|p1a: Slither Wing|0 fnt\n|faint|p1a: Slither Wing\n|-end|p1a: Slither Wing|Protosynthesis|[silent]\n|move|p1b: Dragalge|Sludge Bomb|p2a: Dachsbun\n|-resisted|p2a: Dachsbun\n|-damage|p2a: Dachsbun|49\/100 psn\n|\n|-heal|p2a: Dachsbun|55\/100 psn|[from] item: Leftovers\n|-damage|p2a: Dachsbun|43\/100 psn|[from] psn\n|-end|p1b: Dragalge|move: Yawn|[silent]\n|-status|p1b: Dragalge|slp\n|upkeep\n|inactive|blondtoyo has 30 seconds left.\n|\n|t:|1683590489\n|switch|p2b: Chi-Yu|Chi-Yu, L50|70\/100\n|-ability|p2b: Chi-Yu|Beads of Ruin\n|turn|12\n|inactive|blondtoyo has 30 seconds left.\n|\n|t:|1683590515\n|move|p2b: Chi-Yu|Snarl|p1b: Dragalge|[miss]\n|-miss|p2b: Chi-Yu|p1b: Dragalge\n|move|p2a: Dachsbun|Wish|p2a: Dachsbun\n|cant|p1b: Dragalge|slp\n|\n|-heal|p2a: Dachsbun|49\/100 psn|[from] item: Leftovers\n|-damage|p2a: Dachsbun|36\/100 psn|[from] psn\n|upkeep\n|turn|13\n|\n|t:|1683590529\n|move|p2a: Dachsbun|Protect|p2a: Dachsbun\n|-singleturn|p2a: Dachsbun|Protect\n|move|p2b: Chi-Yu|Snarl|p1b: Dragalge|[miss]\n|-miss|p2b: Chi-Yu|p1b: Dragalge\n|-curestatus|p1b: Dragalge|slp|[msg]\n|move|p1b: Dragalge|Sludge Bomb|p2b: Chi-Yu\n|-damage|p2b: Chi-Yu|18\/100\n|-status|p2b: Chi-Yu|psn\n|\n|-heal|p2a: Dachsbun|86\/100 psn|[from] move: Wish|[wisher] Dachsbun\n|-heal|p2a: Dachsbun|93\/100 psn|[from] item: Leftovers\n|-damage|p2b: Chi-Yu|6\/100 psn|[from] psn\n|-damage|p2a: Dachsbun|80\/100 psn|[from] psn\n|upkeep\n|turn|14\n|\n|t:|1683590545\n|move|p2b: Chi-Yu|Snarl|p1b: Dragalge|[miss]\n|-miss|p2b: Chi-Yu|p1b: Dragalge\n|move|p2a: Dachsbun|Yawn|p1b: Dragalge\n|-start|p1b: Dragalge|move: Yawn|[of] p2a: Dachsbun\n|move|p1b: Dragalge|Sludge Bomb|p2a: Dachsbun\n|-resisted|p2a: Dachsbun\n|-damage|p2a: Dachsbun|55\/100 psn\n|\n|-heal|p2a: Dachsbun|61\/100 psn|[from] item: Leftovers\n|-damage|p2b: Chi-Yu|0 fnt|[from] psn\n|faint|p2b: Chi-Yu\n|-damage|p2a: Dachsbun|49\/100 psn|[from] psn\n|upkeep\n|\n|t:|1683590560\n|switch|p2b: Dragonite|Dragonite, L50, F|100\/100\n|turn|15\n|inactive|blondtoyo has 30 seconds left.\n|\n|t:|1683590589\n|move|p2b: Dragonite|Extreme Speed|p1b: Dragalge\n|-damage|p1b: Dragalge|50\/100\n|move|p2a: Dachsbun|Wish|p2a: Dachsbun\n|move|p1b: Dragalge|Sludge Bomb|p2b: Dragonite\n|-damage|p2b: Dragonite|80\/100\n|\n|-heal|p2a: Dachsbun|55\/100 psn|[from] item: Leftovers\n|-damage|p2a: Dachsbun|43\/100 psn|[from] psn\n|-end|p1b: Dragalge|move: Yawn|[silent]\n|-status|p1b: Dragalge|slp\n|upkeep\n|turn|16\n|\n|t:|1683590605\n|cant|p1b: Dragalge|slp\n|move|p2b: Dragonite|Extreme Speed|p1b: Dragalge|[miss]\n|-miss|p2b: Dragonite|p1b: Dragalge\n|move|p2a: Dachsbun|Body Press|p1b: Dragalge|[miss]\n|-miss|p2a: Dachsbun|p1b: Dragalge\n|\n|-heal|p2a: Dachsbun|93\/100 psn|[from] move: Wish|[wisher] Dachsbun\n|-heal|p2a: Dachsbun|99\/100 psn|[from] item: Leftovers\n|-damage|p2a: Dachsbun|86\/100 psn|[from] psn\n|upkeep\n|turn|17\n|\n|t:|1683590622\n|move|p2b: Dragonite|Extreme Speed|p1b: Dragalge|[miss]\n|-miss|p2b: Dragonite|p1b: Dragalge\n|move|p2a: Dachsbun|Body Press|p1b: Dragalge|[miss]\n|-miss|p2a: Dachsbun|p1b: Dragalge\n|-curestatus|p1b: Dragalge|slp|[msg]\n|move|p1b: Dragalge|Sludge Bomb|p2b: Dragonite\n|-damage|p2b: Dragonite|41\/100\n|\n|-heal|p2a: Dachsbun|93\/100 psn|[from] item: Leftovers\n|-damage|p2a: Dachsbun|80\/100 psn|[from] psn\n|upkeep\n|turn|18\n|inactive|blondtoyo has 30 seconds left.\n|inactive|blondtoyo has 20 seconds left.\n|\n|t:|1683590650\n|move|p2b: Dragonite|Extreme Speed|p1b: Dragalge|[miss]\n|-miss|p2b: Dragonite|p1b: Dragalge\n|move|p2a: Dachsbun|Wish|p2a: Dachsbun\n|move|p1b: Dragalge|Sludge Bomb|p2b: Dragonite\n|-damage|p2b: Dragonite|6\/100\n|-status|p2b: Dragonite|psn\n|\n|-heal|p2a: Dachsbun|86\/100 psn|[from] item: Leftovers\n|-damage|p2a: Dachsbun|74\/100 psn|[from] psn\n|-damage|p2b: Dragonite|0 fnt|[from] psn\n|faint|p2b: Dragonite\n|upkeep\n|turn|19\n|inactive|blondtoyo has 20 seconds left this turn.\n|inactive|blondtoyo has 15 seconds left.\n|inactive|blondtoyo has 10 seconds left.\n|inactive|blondtoyo has 5 seconds left.\n|-message|blondtoyo lost due to inactivity.\n|\n|win|vbxsvbxsd\n|raw|vbxsvbxsd's rating: 1024 → 1069<\/strong> (+45 for winning)\n|raw|blondtoyo's rating: 1104 → 1073<\/strong> (-31 for losing)\n|l|\u2606blondtoyo\n","uploadtime":1683590957,"views":11,"p1id":"vbxsvbxsd","p2id":"blondtoyo","formatid":"gen9vgc2023regulationc","rating":1069,"private":0,"password":""}