{"id":"gen9vgc2023regulationc-1855137124","p1":"PTP_VGC","p2":"TFT Boomer2","format":"[Gen 9] VGC 2023 Regulation C","log":"|j|\u2606PTP_VGC\n|j|\u2606TFT Boomer2\n|t:|1682905792\n|gametype|doubles\n|player|p1|PTP_VGC|biker-gen4|\n|player|p2|TFT Boomer2|burgh|\n|teamsize|p1|6\n|teamsize|p2|6\n|gen|9\n|tier|[Gen 9] VGC 2023 Regulation C\n|rated|Tournament battle\n|rule|Species Clause: Limit one of each Pok\u00e9mon\n|rule|Item Clause: Limit one of each item\n|clearpoke\n|poke|p1|Hawlucha, L50, F|\n|poke|p1|Indeedee-F, L50, F|\n|poke|p1|Armarouge, L50, F|\n|poke|p1|Palafin, L50, M|\n|poke|p1|Sandy Shocks, L50|\n|poke|p1|Chien-Pao, L50|\n|poke|p2|Chi-Yu, L50|\n|poke|p2|Flutter Mane, L50|\n|poke|p2|Espathra, L50, M|\n|poke|p2|Sandy Shocks, L50|\n|poke|p2|Iron Jugulis, L50|\n|poke|p2|Wo-Chien, L50|\n|teampreview|4\n|raw| Open Team Sheet for PTP_VGC<\/summary>Hawlucha @ Psychic Seed Ability: Unburden Level: 50 Tera Type: Steel - Flying Press - Acrobatics - Swords Dance - Detect Indeedee (Indeedee-F) (F) @ Safety Goggles Ability: Psychic Surge Level: 50 Tera Type: Fairy - Follow Me - Psychic - Heal Pulse - Protect Armarouge @ Life Orb Ability: Flash Fire Level: 50 Tera Type: Grass - Armor Cannon - Expanding Force - Trick Room - Protect Palafin @ Eject Pack Ability: Zero to Hero Level: 50 Tera Type: Water - Wave Crash - Jet Punch - Close Combat - Protect Sandy Shocks @ Booster Energy Ability: Protosynthesis Level: 50 Tera Type: Grass - Thunderbolt - Earth Power - Tera Blast - Protect Chien-Pao @ Focus Sash Ability: Sword of Ruin Level: 50 Tera Type: Dark - Throat Chop - Ice Spinner - Haze - Protect <\/details><\/div> Open Team Sheet for TFT Boomer2<\/summary>Chi-Yu @ Choice Scarf Ability: Beads of Ruin Level: 50 Tera Type: Grass - Heat Wave - Flamethrower - Dark Pulse - Tera Blast Flutter Mane @ Choice Specs Ability: Protosynthesis Level: 50 Tera Type: Fairy - Dazzling Gleam - Moonblast - Shadow Ball - Power Gem Espathra @ Focus Sash Ability: Speed Boost Level: 50 Tera Type: Fairy - Dazzling Gleam - Lumina Crash - Hypnosis - Protect Sandy Shocks @ Sitrus Berry Ability: Protosynthesis Level: 50 Tera Type: Grass - Thunderbolt - Earth Power - Gravity - Protect Iron Jugulis @ Booster Energy Ability: Quark Drive Level: 50 Tera Type: Steel - Air Slash - Sunny Day - Tailwind - Protect Wo-Chien @ Leftovers Ability: Tablets of Ruin Level: 50 Tera Type: Dark - Leaf Storm - Ruination - Leech Seed - Protect <\/details><\/div>\n|inactive|Battle timer is ON: inactive players will automatically lose when time's up. (requested by TFT Boomer2)\n|j| stinkypoops\n|j| chicagolocaltop16\n|j| hl498\n|inactive|PTP_VGC has 60 seconds left.\n|inactive|TFT Boomer2 has 60 seconds left.\n|inactive|PTP_VGC has 30 seconds left.\n|\n|t:|1682905858\n|start\n|switch|p1a: Hawlucha|Hawlucha, L50, F|100\/100\n|switch|p1b: Palafin|Palafin, L50, M|100\/100\n|switch|p2a: Sandy Shocks|Sandy Shocks, L50|100\/100\n|switch|p2b: Espathra|Espathra, L50, M|100\/100\n|turn|1\n|inactive|PTP_VGC has 30 seconds left.\n|inactive|TFT Boomer2 has 30 seconds left.\n|inactive|PTP_VGC has 20 seconds left.\n|inactive|TFT Boomer2 has 20 seconds left.\n|inactive|PTP_VGC has 15 seconds left.\n|\n|t:|1682905901\n|-terastallize|p2a: Sandy Shocks|Grass\n|move|p1b: Palafin|Jet Punch|p2b: Espathra\n|-damage|p2b: Espathra|67\/100\n|move|p2a: Sandy Shocks|Gravity|p2a: Sandy Shocks\n|-fieldstart|move: Gravity\n|move|p2b: Espathra|Hypnosis|p1a: Hawlucha\n|-status|p1a: Hawlucha|slp|[from] move: Hypnosis\n|cant|p1a: Hawlucha|slp\n|\n|-ability|p2b: Espathra|Speed Boost|boost\n|-boost|p2b: Espathra|spe|1\n|upkeep\n|turn|2\n|inactive|TFT Boomer2 has 30 seconds left.\n|\n|t:|1682905929\n|switch|p1a: Indeedee|Indeedee-F, L50, F|100\/100\n|-fieldstart|move: Psychic Terrain|[from] ability: Psychic Surge|[of] p1a: Indeedee\n|move|p1b: Palafin|Protect|p1b: Palafin\n|-singleturn|p1b: Palafin|Protect\n|move|p2b: Espathra|Hypnosis|p1b: Palafin\n|-activate|p1b: Palafin|move: Protect\n|move|p2a: Sandy Shocks|Thunderbolt|p1a: Indeedee\n|-damage|p1a: Indeedee|63\/100\n|\n|-ability|p2b: Espathra|Speed Boost|boost\n|-boost|p2b: Espathra|spe|1\n|upkeep\n|turn|3\n|inactive|PTP_VGC has 30 seconds left.\n|\n|t:|1682905955\n|-terastallize|p1b: Palafin|Water\n|move|p1a: Indeedee|Follow Me|p1a: Indeedee\n|-singleturn|p1a: Indeedee|move: Follow Me\n|move|p2b: Espathra|Hypnosis|p1a: Indeedee\n|-status|p1a: Indeedee|slp|[from] move: Hypnosis\n|move|p2a: Sandy Shocks|Thunderbolt|p1a: Indeedee\n|-damage|p1a: Indeedee|26\/100 slp\n|move|p1b: Palafin|Wave Crash|p2b: Espathra\n|-damage|p2b: Espathra|0 fnt\n|faint|p2b: Espathra\n|-damage|p1b: Palafin|81\/100|[from] Recoil\n|\n|upkeep\n|j| Riokei_showdown\n|\n|t:|1682905978\n|switch|p2b: Iron Jugulis|Iron Jugulis, L50|100\/100\n|-enditem|p2b: Iron Jugulis|Booster Energy\n|-activate|p2b: Iron Jugulis|ability: Quark Drive|[fromitem]\n|-start|p2b: Iron Jugulis|quarkdrivespe\n|turn|4\n|\n|t:|1682906000\n|detailschange|p1b: Palafin|Palafin-Hero, L50, M, tera:Water\n|switch|p1b: Sandy Shocks|Sandy Shocks, L50|100\/100\n|-enditem|p1b: Sandy Shocks|Booster Energy\n|-activate|p1b: Sandy Shocks|ability: Protosynthesis|[fromitem]\n|-start|p1b: Sandy Shocks|protosynthesisspe\n|move|p2b: Iron Jugulis|Sunny Day|p2b: Iron Jugulis\n|-weather|SunnyDay\n|-activate|p2a: Sandy Shocks|ability: Protosynthesis\n|-start|p2a: Sandy Shocks|protosynthesisspa\n|move|p2a: Sandy Shocks|Thunderbolt|p1b: Sandy Shocks\n|-immune|p1b: Sandy Shocks\n|cant|p1a: Indeedee|slp\n|\n|-weather|SunnyDay|[upkeep]\n|upkeep\n|turn|5\n|inactive|PTP_VGC has 30 seconds left.\n|inactive|TFT Boomer2 has 30 seconds left.\n|inactive|PTP_VGC has 20 seconds left.\n|inactive|PTP_VGC has 15 seconds left.\n|inactive|TFT Boomer2 has 20 seconds left.\n|inactive|PTP_VGC has 10 seconds left.\n|\n|t:|1682906045\n|move|p1b: Sandy Shocks|Protect|p1b: Sandy Shocks\n|-singleturn|p1b: Sandy Shocks|Protect\n|-curestatus|p1a: Indeedee|slp|[msg]\n|move|p1a: Indeedee|Protect|p1a: Indeedee\n|-singleturn|p1a: Indeedee|Protect\n|move|p2b: Iron Jugulis|Tailwind|p2b: Iron Jugulis\n|-sidestart|p2: TFT Boomer2|move: Tailwind\n|move|p2a: Sandy Shocks|Earth Power|p1b: Sandy Shocks\n|-activate|p1b: Sandy Shocks|move: Protect\n|\n|-weather|SunnyDay|[upkeep]\n|-fieldend|move: Gravity\n|upkeep\n|turn|6\n|\n|t:|1682906070\n|-end|p1b: Sandy Shocks|Protosynthesis|[silent]\n|switch|p1b: Hawlucha|Hawlucha, L50, F|100\/100 slp\n|-enditem|p1b: Hawlucha|Psychic Seed\n|-boost|p1b: Hawlucha|spd|1|[from] item: Psychic Seed\n|move|p2b: Iron Jugulis|Air Slash|p1a: Indeedee\n|-damage|p1a: Indeedee|0 fnt\n|faint|p1a: Indeedee\n|move|p2a: Sandy Shocks|Earth Power|p1b: Hawlucha\n|-immune|p1b: Hawlucha\n|\n|-weather|SunnyDay|[upkeep]\n|-fieldend|move: Psychic Terrain\n|upkeep\n|\n|t:|1682906077\n|switch|p1a: Sandy Shocks|Sandy Shocks, L50|100\/100\n|-activate|p1a: Sandy Shocks|ability: Protosynthesis\n|-start|p1a: Sandy Shocks|protosynthesisspe\n|turn|7\n|inactive|TFT Boomer2 has 30 seconds left.\n|\n|t:|1682906102\n|move|p2b: Iron Jugulis|Air Slash|p1a: Sandy Shocks\n|-resisted|p1a: Sandy Shocks\n|-damage|p1a: Sandy Shocks|81\/100\n|move|p2a: Sandy Shocks|Thunderbolt|p1b: Hawlucha\n|-supereffective|p1b: Hawlucha\n|-damage|p1b: Hawlucha|0 fnt\n|faint|p1b: Hawlucha\n|move|p1a: Sandy Shocks|Thunderbolt|p2b: Iron Jugulis\n|-supereffective|p2b: Iron Jugulis\n|-damage|p2b: Iron Jugulis|0 fnt\n|faint|p2b: Iron Jugulis\n|-end|p2b: Iron Jugulis|Quark Drive|[silent]\n|\n|-weather|SunnyDay|[upkeep]\n|upkeep\n|\n|t:|1682906112\n|switch|p2b: Chi-Yu|Chi-Yu, L50|100\/100\n|switch|p1b: Palafin|Palafin-Hero, L50, M, tera:Water|81\/100\n|-ability|p2b: Chi-Yu|Beads of Ruin\n|-activate|p1b: Palafin|ability: Zero to Hero\n|turn|8\n|inactive|TFT Boomer2 has 30 seconds left.\n|\n|t:|1682906140\n|move|p1a: Sandy Shocks|Protect|p1a: Sandy Shocks\n|-singleturn|p1a: Sandy Shocks|Protect\n|move|p1b: Palafin|Protect|p1b: Palafin\n|-singleturn|p1b: Palafin|Protect\n|move|p2b: Chi-Yu|Dark Pulse|p1a: Sandy Shocks\n|-activate|p1a: Sandy Shocks|move: Protect\n|move|p2a: Sandy Shocks|Earth Power|p1a: Sandy Shocks\n|-activate|p1a: Sandy Shocks|move: Protect\n|\n|-weather|none\n|-end|p2a: Sandy Shocks|Protosynthesis\n|-end|p1a: Sandy Shocks|Protosynthesis\n|-sideend|p2: TFT Boomer2|move: Tailwind\n|upkeep\n|turn|9\n|\n|t:|1682906160\n|move|p1b: Palafin|Jet Punch|p2b: Chi-Yu\n|-supereffective|p2b: Chi-Yu\n|-damage|p2b: Chi-Yu|0 fnt\n|faint|p2b: Chi-Yu\n|move|p1a: Sandy Shocks|Tera Blast|p2a: Sandy Shocks\n|-damage|p2a: Sandy Shocks|72\/100\n|move|p2a: Sandy Shocks|Thunderbolt|p1b: Palafin\n|-supereffective|p1b: Palafin\n|-damage|p1b: Palafin|0 fnt\n|faint|p1b: Palafin\n|\n|upkeep\n|turn|10\n|c|\u2606PTP_VGC|gg\n|\n|t:|1682906170\n|move|p1a: Sandy Shocks|Tera Blast|p2a: Sandy Shocks\n|-damage|p2a: Sandy Shocks|42\/100\n|-enditem|p2a: Sandy Shocks|Sitrus Berry|[eat]\n|-heal|p2a: Sandy Shocks|67\/100|[from] item: Sitrus Berry\n|move|p2a: Sandy Shocks|Earth Power|p1a: Sandy Shocks\n|-supereffective|p1a: Sandy Shocks\n|-damage|p1a: Sandy Shocks|0 fnt\n|faint|p1a: Sandy Shocks\n|-end|p1a: Sandy Shocks|Protosynthesis|[silent]\n|\n|win|TFT Boomer2\n|n|\u2606PTP_VGC|ptpvgc\n|n|\u2606TFT Boomer2|tftboomer2\n|n| stinkypoops|stinkypoops\n|n| chicagolocaltop16|chicagolocaltop16\n|n| hl498|hl498\n|n| Riokei_showdown|riokeishowdown\n","uploadtime":1682906171,"views":11,"p1id":"ptpvgc","p2id":"tftboomer2","formatid":"gen9vgc2023regulationc","rating":0,"private":0,"password":""}