{"id":"gen9vgc2023regulationc-1860679395","p1":"Dual Tip","p2":"sotero23","format":"[Gen 9] VGC 2023 Regulation C","log":"|j|\u2606Dual Tip\n|j|\u2606sotero23\n|t:|1683665466\n|gametype|doubles\n|player|p1|Dual Tip|skierf|1297\n|player|p2|sotero23|veteran|1366\n|teamsize|p1|6\n|teamsize|p2|6\n|gen|9\n|tier|[Gen 9] VGC 2023 Regulation C\n|rated|\n|rule|Species Clause: Limit one of each Pok\u00e9mon\n|rule|Item Clause: Limit one of each item\n|clearpoke\n|poke|p1|Abomasnow, L50, M|\n|poke|p1|Iron Bundle, L50|\n|poke|p1|Talonflame, L50, F|\n|poke|p1|Ting-Lu, L50|\n|poke|p1|Annihilape, L50, F|\n|poke|p1|Grimmsnarl, L50, M|\n|poke|p2|Gyarados, L50, M|\n|poke|p2|Murkrow, L50, F|\n|poke|p2|Great Tusk, L50|\n|poke|p2|Flutter Mane, L50|\n|poke|p2|Chi-Yu, L50|\n|poke|p2|Gholdengo, L50|\n|teampreview|4\n|inactive|Battle timer is ON: inactive players will automatically lose when time's up. (requested by Dual Tip)\n|\n|t:|1683665510\n|start\n|switch|p1a: Talonflame|Talonflame, L50, F|100\/100\n|switch|p1b: Grimmsnarl|Grimmsnarl, L50, M|100\/100\n|switch|p2a: Murkrow|Murkrow, L50, F|100\/100\n|switch|p2b: Great Tusk|Great Tusk, L50|100\/100\n|turn|1\n|inactive|Dual Tip has 30 seconds left.\n|inactive|sotero23 has 30 seconds left.\n|\n|t:|1683665536\n|move|p1a: Talonflame|Tailwind|p1a: Talonflame\n|-sidestart|p1: Dual Tip|move: Tailwind\n|move|p1b: Grimmsnarl|Parting Shot|p2b: Great Tusk\n|-unboost|p2b: Great Tusk|atk|1\n|-unboost|p2b: Great Tusk|spa|1\n|\n|t:|1683665539\n|switch|p1b: Abomasnow|Abomasnow, L50, M|100\/100|[from] Parting Shot\n|-weather|Snow|[from] ability: Snow Warning|[of] p1b: Abomasnow\n|move|p2a: Murkrow|Sunny Day|p2a: Murkrow\n|-weather|SunnyDay\n|-activate|p2b: Great Tusk|ability: Protosynthesis\n|-start|p2b: Great Tusk|protosynthesisspe\n|move|p2b: Great Tusk|Ice Spinner|p1a: Talonflame\n|-damage|p1a: Talonflame|70\/100\n|\n|-weather|SunnyDay|[upkeep]\n|upkeep\n|turn|2\n|inactive|sotero23 has 30 seconds left.\n|\n|t:|1683665571\n|-end|p2b: Great Tusk|Protosynthesis|[silent]\n|switch|p2b: Flutter Mane|Flutter Mane, L50|100\/100\n|-activate|p2b: Flutter Mane|ability: Protosynthesis\n|-start|p2b: Flutter Mane|protosynthesisspa\n|switch|p1b: Grimmsnarl|Grimmsnarl, L50, M|100\/100\n|move|p2a: Murkrow|Tailwind|p2a: Murkrow\n|-sidestart|p2: sotero23|move: Tailwind\n|move|p1a: Talonflame|Taunt|p2a: Murkrow\n|-start|p2a: Murkrow|move: Taunt\n|\n|-weather|SunnyDay|[upkeep]\n|upkeep\n|turn|3\n|\n|t:|1683665588\n|switch|p1a: Abomasnow|Abomasnow, L50, M|100\/100\n|-weather|Snow|[from] ability: Snow Warning|[of] p1a: Abomasnow\n|-end|p2b: Flutter Mane|Protosynthesis\n|-terastallize|p2b: Flutter Mane|Fairy\n|move|p1b: Grimmsnarl|Thunder Wave|p2b: Flutter Mane\n|-status|p2b: Flutter Mane|par\n|move|p2a: Murkrow|Foul Play|p1a: Abomasnow\n|-damage|p1a: Abomasnow|85\/100\n|move|p2b: Flutter Mane|Dazzling Gleam|p1b: Grimmsnarl|[spread] p1a,p1b\n|-supereffective|p1b: Grimmsnarl\n|-enditem|p1b: Grimmsnarl|Roseli Berry|[eat]\n|-enditem|p1b: Grimmsnarl|Roseli Berry|[weaken]\n|-damage|p1a: Abomasnow|17\/100\n|-damage|p1b: Grimmsnarl|56\/100\n|\n|-weather|Snow|[upkeep]\n|upkeep\n|turn|4\n|\n|t:|1683665607\n|move|p1b: Grimmsnarl|Parting Shot|p2b: Flutter Mane\n|-unboost|p2b: Flutter Mane|atk|1\n|-unboost|p2b: Flutter Mane|spa|1\n|\n|t:|1683665614\n|switch|p1b: Talonflame|Talonflame, L50, F|70\/100|[from] Parting Shot\n|move|p2a: Murkrow|Foul Play|p1a: Abomasnow\n|-damage|p1a: Abomasnow|2\/100\n|move|p1a: Abomasnow|Aurora Veil|p1a: Abomasnow\n|-sidestart|p1: Dual Tip|move: Aurora Veil\n|move|p2b: Flutter Mane|Dazzling Gleam|p1a: Abomasnow|[spread] p1a,p1b\n|-resisted|p1b: Talonflame\n|-damage|p1a: Abomasnow|0 fnt\n|-damage|p1b: Talonflame|47\/100\n|faint|p1a: Abomasnow\n|\n|-weather|Snow|[upkeep]\n|-sideend|p1: Dual Tip|move: Tailwind\n|upkeep\n|\n|t:|1683665619\n|switch|p1a: Grimmsnarl|Grimmsnarl, L50, M|56\/100\n|turn|5\n|\n|t:|1683665634\n|move|p1a: Grimmsnarl|Parting Shot|p2b: Flutter Mane\n|-unboost|p2b: Flutter Mane|atk|1\n|-unboost|p2b: Flutter Mane|spa|1\n|\n|t:|1683665637\n|switch|p1a: Iron Bundle|Iron Bundle, L50|100\/100|[from] Parting Shot\n|move|p2a: Murkrow|Foul Play|p1b: Talonflame\n|-damage|p1b: Talonflame|10\/100\n|move|p1b: Talonflame|Tailwind|p1b: Talonflame\n|-sidestart|p1: Dual Tip|move: Tailwind\n|move|p2b: Flutter Mane|Dazzling Gleam|p1b: Talonflame|[spread] p1a,p1b\n|-resisted|p1b: Talonflame\n|-damage|p1a: Iron Bundle|64\/100\n|-damage|p1b: Talonflame|0 fnt\n|faint|p1b: Talonflame\n|\n|-weather|Snow|[upkeep]\n|-end|p2a: Murkrow|move: Taunt\n|-sideend|p2: sotero23|move: Tailwind\n|upkeep\n|\n|t:|1683665639\n|switch|p1b: Grimmsnarl|Grimmsnarl, L50, M|56\/100\n|turn|6\n|\n|t:|1683665655\n|-terastallize|p1a: Iron Bundle|Ice\n|move|p1b: Grimmsnarl|Sucker Punch|p2b: Flutter Mane\n|-resisted|p2b: Flutter Mane\n|-damage|p2b: Flutter Mane|78\/100 par\n|move|p2a: Murkrow|Haze|p2a: Murkrow\n|-clearallboost\n|move|p1a: Iron Bundle|Blizzard|p2b: Flutter Mane|[spread] p2a,p2b\n|-supereffective|p2a: Murkrow\n|-damage|p2a: Murkrow|0 fnt\n|-damage|p2b: Flutter Mane|0 fnt\n|faint|p2a: Murkrow\n|faint|p2b: Flutter Mane\n|-end|p2b: Flutter Mane|Protosynthesis|[silent]\n|\n|-weather|Snow|[upkeep]\n|upkeep\n|\n|t:|1683665675\n|switch|p2b: Great Tusk|Great Tusk, L50|100\/100\n|switch|p2a: Gholdengo|Gholdengo, L50|100\/100\n|turn|7\n|inactive|Dual Tip has 30 seconds left.\n|\n|t:|1683665706\n|move|p1b: Grimmsnarl|Sucker Punch||[still]\n|-fail|p1b: Grimmsnarl\n|move|p1a: Iron Bundle|Blizzard|p2a: Gholdengo|[spread] p2a,p2b\n|-resisted|p2a: Gholdengo\n|-supereffective|p2b: Great Tusk\n|-damage|p2a: Gholdengo|52\/100\n|-damage|p2b: Great Tusk|0 fnt\n|faint|p2b: Great Tusk\n|-end|p2b: Great Tusk|Protosynthesis|[silent]\n|move|p2a: Gholdengo|Nasty Plot|p2a: Gholdengo\n|-boost|p2a: Gholdengo|spa|2\n|\n|-weather|none\n|-heal|p2a: Gholdengo|58\/100|[from] item: Leftovers\n|upkeep\n|turn|8\n|\n|t:|1683665720\n|move|p2a: Gholdengo|Protect|p2a: Gholdengo\n|-singleturn|p2a: Gholdengo|Protect\n|move|p1b: Grimmsnarl|Sucker Punch||[still]\n|-fail|p1b: Grimmsnarl\n|move|p1a: Iron Bundle|Blizzard|p2a: Gholdengo\n|-activate|p2a: Gholdengo|move: Protect\n|\n|-heal|p2a: Gholdengo|65\/100|[from] item: Leftovers\n|-sideend|p1: Dual Tip|move: Tailwind\n|upkeep\n|turn|9\n|\n|t:|1683665730\n|move|p1b: Grimmsnarl|Sucker Punch|p2a: Gholdengo\n|-supereffective|p2a: Gholdengo\n|-damage|p2a: Gholdengo|8\/100\n|move|p1a: Iron Bundle|Blizzard|p2a: Gholdengo|[miss]\n|-miss|p1a: Iron Bundle|p2a: Gholdengo\n|move|p2a: Gholdengo|Make It Rain|p1b: Grimmsnarl|[spread] p1a,p1b\n|-supereffective|p1a: Iron Bundle\n|-supereffective|p1b: Grimmsnarl\n|-damage|p1a: Iron Bundle|0 fnt\n|-damage|p1b: Grimmsnarl|0 fnt\n|-unboost|p2a: Gholdengo|spa|1\n|faint|p1a: Iron Bundle\n|-end|p1a: Iron Bundle|Quark Drive|[silent]\n|faint|p1b: Grimmsnarl\n|\n|win|sotero23\n|raw|Dual Tip's rating: 1297 → 1277<\/strong> (-20 for losing)\n|raw|sotero23's rating: 1366 → 1382<\/strong> (+16 for winning)\n|l|\u2606Dual Tip\n","uploadtime":1683665829,"views":16,"p1id":"dualtip","p2id":"sotero23","formatid":"gen9vgc2023regulationc","rating":1277,"private":0,"password":""}