{"id":"gen9vgc2023regulationc-1856928364","p1":"Inwaves22","p2":"lucasliraf","format":"[Gen 9] VGC 2023 Regulation C","log":"|j|\u2606Inwaves22\n|j|\u2606lucasliraf\n|t:|1683126559\n|gametype|doubles\n|player|p1|Inwaves22|falkner|1135\n|player|p2|lucasliraf|101|1050\n|teamsize|p1|6\n|teamsize|p2|6\n|gen|9\n|tier|[Gen 9] VGC 2023 Regulation C\n|rated|\n|rule|Species Clause: Limit one of each Pok\u00e9mon\n|rule|Item Clause: Limit one of each item\n|clearpoke\n|poke|p1|Annihilape, L50, M|\n|poke|p1|Iron Bundle, L50|\n|poke|p1|Arcanine, L50, M|\n|poke|p1|Roaring Moon, L50|\n|poke|p1|Gholdengo, L50|\n|poke|p1|Maushold-Four, L50|\n|poke|p2|Iron Hands, L50|\n|poke|p2|Sableye, L50, M|\n|poke|p2|Espeon, L50, M|\n|poke|p2|Iron Moth, L50|\n|poke|p2|Bisharp, L50, M|\n|poke|p2|Palafin, L50, M|\n|teampreview|4\n|\n|t:|1683126589\n|start\n|switch|p1a: Maushold|Maushold-Four, L50|100\/100\n|switch|p1b: Annihilape|Annihilape, L50, M|100\/100\n|switch|p2a: Palafin|Palafin, L50, M|100\/100\n|switch|p2b: Sableye|Sableye, L50, M|100\/100\n|turn|1\n|\n|t:|1683126612\n|move|p2a: Palafin|Protect|p2a: Palafin\n|-singleturn|p2a: Palafin|Protect\n|move|p2b: Sableye|Reflect|p2b: Sableye\n|-sidestart|p2: lucasliraf|Reflect\n|move|p1a: Maushold|Beat Up|p1b: Annihilape\n|-damage|p1b: Annihilape|99\/100\n|-damage|p1b: Annihilape|96\/100\n|-damage|p1b: Annihilape|94\/100\n|-damage|p1b: Annihilape|91\/100\n|-hitcount|p1b: Annihilape|4\n|move|p1b: Annihilape|Bulk Up|p1b: Annihilape\n|-boost|p1b: Annihilape|atk|1\n|-boost|p1b: Annihilape|def|1\n|\n|upkeep\n|turn|2\n|\n|t:|1683126634\n|move|p1a: Maushold|Follow Me|p1a: Maushold\n|-singleturn|p1a: Maushold|move: Follow Me\n|move|p2b: Sableye|Disable|p1a: Maushold\n|-start|p1a: Maushold|Disable|Follow Me\n|move|p1b: Annihilape|Rage Fist|p2a: Palafin\n|-damage|p2a: Palafin|0 fnt\n|faint|p2a: Palafin\n|\n|upkeep\n|\n|t:|1683126644\n|switch|p2a: Iron Hands|Iron Hands, L50|100\/100\n|turn|3\n|\n|t:|1683126660\n|move|p2b: Sableye|Disable|p1b: Annihilape\n|-start|p1b: Annihilape|Disable|Rage Fist\n|move|p1a: Maushold|Super Fang|p2a: Iron Hands|[miss]\n|-miss|p1a: Maushold|p2a: Iron Hands\n|cant|p1b: Annihilape|Disable|Rage Fist\n|move|p2a: Iron Hands|Electric Terrain|p2a: Iron Hands\n|-fieldstart|move: Electric Terrain\n|-activate|p2a: Iron Hands|ability: Quark Drive\n|-start|p2a: Iron Hands|quarkdriveatk\n|\n|upkeep\n|turn|4\n|\n|t:|1683126687\n|switch|p1a: Roaring Moon|Roaring Moon, L50|100\/100\n|-enditem|p1a: Roaring Moon|Booster Energy\n|-activate|p1a: Roaring Moon|ability: Protosynthesis|[fromitem]\n|-start|p1a: Roaring Moon|protosynthesisatk\n|move|p1b: Annihilape|Protect|p1b: Annihilape\n|-singleturn|p1b: Annihilape|Protect\n|move|p2b: Sableye|Light Screen|p2b: Sableye\n|-sidestart|p2: lucasliraf|move: Light Screen\n|move|p2a: Iron Hands|Drain Punch|p1a: Roaring Moon\n|-supereffective|p1a: Roaring Moon\n|-damage|p1a: Roaring Moon|0 fnt\n|faint|p1a: Roaring Moon\n|-end|p1a: Roaring Moon|Protosynthesis|[silent]\n|\n|upkeep\n|\n|t:|1683126700\n|switch|p1a: Maushold|Maushold-Four, L50|100\/100\n|turn|5\n|\n|t:|1683126708\n|switch|p2b: Espeon|Espeon, L50, M|100\/100\n|-enditem|p2b: Espeon|Electric Seed\n|-boost|p2b: Espeon|def|1|[from] item: Electric Seed\n|-terastallize|p1a: Maushold|Ghost\n|move|p1a: Maushold|Super Fang|p2a: Iron Hands\n|-damage|p2a: Iron Hands|51\/100\n|move|p1b: Annihilape|Drain Punch|p2a: Iron Hands\n|-damage|p2a: Iron Hands|32\/100\n|-heal|p1b: Annihilape|100\/100|[from] drain|[of] p2a: Iron Hands\n|move|p2a: Iron Hands|Drain Punch|p1a: Maushold\n|-immune|p1a: Maushold\n|\n|upkeep\n|turn|6\n|\n|t:|1683126729\n|move|p2a: Iron Hands|Protect|p2a: Iron Hands\n|-singleturn|p2a: Iron Hands|Protect\n|move|p2b: Espeon|Calm Mind|p2b: Espeon\n|-boost|p2b: Espeon|spa|1\n|-boost|p2b: Espeon|spd|1\n|move|p1a: Maushold|Super Fang|p2b: Espeon\n|-damage|p2b: Espeon|50\/100\n|move|p1b: Annihilape|Drain Punch|p2a: Iron Hands\n|-activate|p2a: Iron Hands|move: Protect\n|\n|-end|p1b: Annihilape|Disable\n|upkeep\n|turn|7\n|\n|t:|1683126761\n|move|p1a: Maushold|Follow Me|p1a: Maushold\n|-singleturn|p1a: Maushold|move: Follow Me\n|move|p2b: Espeon|Stored Power|p1a: Maushold\n|-damage|p1a: Maushold|51\/100\n|move|p1b: Annihilape|Rage Fist|p2b: Espeon\n|-supereffective|p2b: Espeon\n|-damage|p2b: Espeon|0 fnt\n|faint|p2b: Espeon\n|move|p2a: Iron Hands|Volt Switch|p1a: Maushold\n|-damage|p1a: Maushold|34\/100\n|\n|t:|1683126771\n|-end|p2a: Iron Hands|Quark Drive|[silent]\n|switch|p2a: Sableye|Sableye, L50, M|100\/100|[from] Volt Switch\n|\n|upkeep\n|\n|t:|1683126774\n|switch|p2b: Iron Hands|Iron Hands, L50|32\/100\n|-activate|p2b: Iron Hands|ability: Quark Drive\n|-start|p2b: Iron Hands|quarkdriveatk\n|turn|8\n|\n|t:|1683126788\n|move|p1a: Maushold|Follow Me|p1a: Maushold\n|-singleturn|p1a: Maushold|move: Follow Me\n|move|p2a: Sableye|Disable|p1a: Maushold\n|-start|p1a: Maushold|Disable|Follow Me\n|move|p1b: Annihilape|Rage Fist|p2a: Sableye\n|-crit|p2a: Sableye\n|-damage|p2a: Sableye|0 fnt\n|faint|p2a: Sableye\n|move|p2b: Iron Hands|Volt Switch|p1a: Maushold\n|-damage|p1a: Maushold|17\/100\n|\n|-sideend|p2: lucasliraf|Reflect\n|upkeep\n|turn|9\n|-message|lucasliraf forfeited.\n|\n|win|Inwaves22\n|raw|Inwaves22's rating: 1135 → 1154<\/strong> (+19 for winning)\n|raw|lucasliraf's rating: 1050 → 1037<\/strong> (-13 for losing)\n|l|\u2606lucasliraf\n","uploadtime":1683126812,"views":8,"p1id":"inwaves22","p2id":"lucasliraf","formatid":"gen9vgc2023regulationc","rating":1037,"private":0,"password":""}