{"id":"gen9vgc2023regulationc-1848320112","p1":"deefghi","p2":"derecha","format":"[Gen 9] VGC 2023 Regulation C","log":"|j|\u2606deefghi\n|j|\u2606derecha\n|t:|1682059892\n|gametype|doubles\n|player|p1|deefghi|roxie|1100\n|player|p2|derecha|workerice|1212\n|teamsize|p1|6\n|teamsize|p2|6\n|gen|9\n|tier|[Gen 9] VGC 2023 Regulation C\n|rated|\n|rule|Species Clause: Limit one of each Pok\u00e9mon\n|rule|Item Clause: Limit one of each item\n|clearpoke\n|poke|p1|Ceruledge, L50, M|\n|poke|p1|Scream Tail, L50|\n|poke|p1|Gyarados, L50, F|\n|poke|p1|Wo-Chien, L50|\n|poke|p1|Volcarona, L50, M|\n|poke|p1|Great Tusk, L50|\n|poke|p2|Amoonguss, L50, F|\n|poke|p2|Salamence, L50, M|\n|poke|p2|Vaporeon, L50, M|\n|poke|p2|Annihilape, L50, F|\n|poke|p2|Volcarona, L50, M|\n|poke|p2|Stonjourner, L50, F|\n|teampreview|4\n|inactive|Battle timer is ON: inactive players will automatically lose when time's up. (requested by derecha)\n|inactive|deefghi has 60 seconds left.\n|inactive|derecha has 60 seconds left.\n|\n|t:|1682059949\n|start\n|switch|p1a: Great Tusk|Great Tusk, L50|100\/100\n|switch|p1b: Scream Tail|Scream Tail, L50|100\/100\n|switch|p2a: Annihilape|Annihilape, L50, F|100\/100\n|switch|p2b: Salamence|Salamence, L50, M|100\/100\n|-ability|p2b: Salamence|Intimidate|boost\n|-unboost|p1a: Great Tusk|atk|1\n|-unboost|p1b: Scream Tail|atk|1\n|turn|1\n|inactive|deefghi has 30 seconds left.\n|\n|t:|1682059975\n|move|p1a: Great Tusk|Rock Slide|p2b: Salamence|[spread] p2a,p2b\n|-resisted|p2a: Annihilape\n|-crit|p2a: Annihilape\n|-supereffective|p2b: Salamence\n|-damage|p2a: Annihilape|84\/100\n|-damage|p2b: Salamence|63\/100\n|cant|p2b: Salamence|flinch\n|move|p1b: Scream Tail|Sunny Day|p1b: Scream Tail\n|-weather|SunnyDay\n|-activate|p1a: Great Tusk|ability: Protosynthesis\n|-start|p1a: Great Tusk|protosynthesisdef\n|-activate|p1b: Scream Tail|ability: Protosynthesis\n|-start|p1b: Scream Tail|protosynthesisspe\n|cant|p2a: Annihilape|flinch\n|\n|-weather|SunnyDay|[upkeep]\n|-heal|p2a: Annihilape|90\/100|[from] item: Leftovers\n|upkeep\n|turn|2\n|\n|t:|1682059993\n|switch|p2b: Amoonguss|Amoonguss, L50, F|100\/100\n|move|p1b: Scream Tail|Howl|p1b: Scream Tail|[spread] p1a,p1b\n|-boost|p1a: Great Tusk|atk|1\n|-boost|p1b: Scream Tail|atk|1\n|move|p1a: Great Tusk|Rock Slide|p2a: Annihilape|[spread] p2a,p2b\n|-resisted|p2a: Annihilape\n|-crit|p2a: Annihilape\n|-damage|p2a: Annihilape|73\/100\n|-damage|p2b: Amoonguss|77\/100\n|cant|p2a: Annihilape|flinch\n|\n|-weather|SunnyDay|[upkeep]\n|-heal|p2a: Annihilape|79\/100|[from] item: Leftovers\n|upkeep\n|turn|3\n|\n|t:|1682060010\n|move|p1b: Scream Tail|Howl|p1b: Scream Tail|[spread] p1a,p1b\n|-boost|p1a: Great Tusk|atk|1\n|-boost|p1b: Scream Tail|atk|1\n|move|p1a: Great Tusk|Rock Slide|p2a: Annihilape|[spread] p2a,p2b\n|-resisted|p2a: Annihilape\n|-damage|p2a: Annihilape|63\/100\n|-damage|p2b: Amoonguss|41\/100\n|-enditem|p2b: Amoonguss|Sitrus Berry|[eat]\n|-heal|p2b: Amoonguss|66\/100|[from] item: Sitrus Berry\n|move|p2a: Annihilape|Drain Punch|p1a: Great Tusk\n|-crit|p1a: Great Tusk\n|-damage|p1a: Great Tusk|69\/100\n|-heal|p2a: Annihilape|77\/100|[from] drain|[of] p1a: Great Tusk\n|cant|p2b: Amoonguss|flinch\n|\n|-weather|SunnyDay|[upkeep]\n|-heal|p2a: Annihilape|83\/100|[from] item: Leftovers\n|upkeep\n|turn|4\n|inactive|deefghi has 30 seconds left.\n|\n|t:|1682060040\n|move|p1b: Scream Tail|Howl|p1b: Scream Tail|[spread] p1a,p1b\n|-boost|p1a: Great Tusk|atk|1\n|-boost|p1b: Scream Tail|atk|1\n|move|p1a: Great Tusk|Rock Slide|p2a: Annihilape|[spread] p2a,p2b\n|-resisted|p2a: Annihilape\n|-damage|p2a: Annihilape|63\/100\n|-damage|p2b: Amoonguss|17\/100\n|move|p2a: Annihilape|Bulk Up|p2a: Annihilape\n|-boost|p2a: Annihilape|atk|1\n|-boost|p2a: Annihilape|def|1\n|move|p2b: Amoonguss|Spore|p1a: Great Tusk\n|-status|p1a: Great Tusk|slp|[from] move: Spore\n|\n|-weather|SunnyDay|[upkeep]\n|-heal|p2a: Annihilape|69\/100|[from] item: Leftovers\n|upkeep\n|turn|5\n|inactive|deefghi has 30 seconds left.\n|inactive|derecha has 30 seconds left.\n|\n|t:|1682060071\n|-end|p1a: Great Tusk|Protosynthesis|[silent]\n|switch|p1a: Volcarona|Volcarona, L50, M|100\/100\n|switch|p2b: Salamence|Salamence, L50, M|63\/100\n|-ability|p2b: Salamence|Intimidate|boost\n|-unboost|p1a: Volcarona|atk|1\n|-unboost|p1b: Scream Tail|atk|1\n|move|p1b: Scream Tail|Protect|p1b: Scream Tail\n|-singleturn|p1b: Scream Tail|Protect\n|move|p2a: Annihilape|Rage Fist|p1b: Scream Tail\n|-activate|p1b: Scream Tail|move: Protect\n|\n|-weather|none\n|-end|p1b: Scream Tail|Protosynthesis\n|-heal|p2a: Annihilape|75\/100|[from] item: Leftovers\n|upkeep\n|turn|6\n|inactive|deefghi has 30 seconds left.\n|inactive|deefghi has 20 seconds left.\n|inactive|deefghi has 15 seconds left.\n|\n|t:|1682060111\n|-end|p1b: Scream Tail|Protosynthesis|[silent]\n|switch|p1b: Great Tusk|Great Tusk, L50|69\/100 slp\n|-terastallize|p1a: Volcarona|Water\n|-terastallize|p2a: Annihilape|Fire\n|move|p2b: Salamence|Dual Wingbeat|p1a: Volcarona\n|-damage|p1a: Volcarona|79\/100\n|-damage|p2b: Salamence|46\/100|[from] item: Rocky Helmet|[of] p1a: Volcarona\n|-damage|p1a: Volcarona|58\/100\n|-damage|p2b: Salamence|30\/100|[from] item: Rocky Helmet|[of] p1a: Volcarona\n|-status|p2b: Salamence|brn|[from] ability: Flame Body|[of] p1a: Volcarona\n|-hitcount|p1a: Volcarona|2\n|move|p1a: Volcarona|Tailwind|p1a: Volcarona\n|-sidestart|p1: deefghi|move: Tailwind\n|move|p2a: Annihilape|Rage Fist|p1b: Great Tusk\n|-damage|p1b: Great Tusk|0 fnt\n|faint|p1b: Great Tusk\n|-end|p1b: Great Tusk|Protosynthesis|[silent]\n|\n|-heal|p2a: Annihilape|81\/100|[from] item: Leftovers\n|-damage|p2b: Salamence|24\/100 brn|[from] brn\n|upkeep\n|inactive|deefghi has 30 seconds left.\n|inactive|deefghi has 20 seconds left.\n|\n|t:|1682060147\n|switch|p1b: Scream Tail|Scream Tail, L50|100\/100\n|turn|7\n|\n|t:|1682060160\n|switch|p2b: Amoonguss|Amoonguss, L50, F|50\/100\n|move|p1b: Scream Tail|Sunny Day|p1b: Scream Tail\n|-weather|SunnyDay\n|-activate|p1b: Scream Tail|ability: Protosynthesis\n|-start|p1b: Scream Tail|protosynthesisspe\n|move|p1a: Volcarona|Morning Sun|p1a: Volcarona\n|-heal|p1a: Volcarona|100\/100\n|move|p2a: Annihilape|Rage Fist|p1a: Volcarona\n|-damage|p1a: Volcarona|0 fnt\n|-damage|p2a: Annihilape|65\/100|[from] item: Rocky Helmet|[of] p1a: Volcarona\n|faint|p1a: Volcarona\n|\n|-weather|SunnyDay|[upkeep]\n|-heal|p2a: Annihilape|71\/100|[from] item: Leftovers\n|upkeep\n|\n|t:|1682060175\n|switch|p1a: Wo-Chien|Wo-Chien, L50|100\/100\n|-ability|p1a: Wo-Chien|Tablets of Ruin\n|turn|8\n|\n|t:|1682060194\n|move|p1b: Scream Tail|Protect|p1b: Scream Tail\n|-singleturn|p1b: Scream Tail|Protect\n|move|p1a: Wo-Chien|Growth|p1a: Wo-Chien\n|-boost|p1a: Wo-Chien|atk|2\n|-boost|p1a: Wo-Chien|spa|2\n|move|p2a: Annihilape|Rage Fist|p1b: Scream Tail\n|-activate|p1b: Scream Tail|move: Protect\n|move|p2b: Amoonguss|Spore|p1b: Scream Tail\n|-activate|p1b: Scream Tail|move: Protect\n|\n|-weather|SunnyDay|[upkeep]\n|-heal|p2a: Annihilape|77\/100|[from] item: Leftovers\n|upkeep\n|turn|9\n|inactive|deefghi has 30 seconds left.\n|\n|t:|1682060220\n|move|p1b: Scream Tail|Play Rough|p2a: Annihilape\n|-resisted|p2a: Annihilape\n|-damage|p2a: Annihilape|71\/100\n|move|p1a: Wo-Chien|Snarl|p2b: Amoonguss|[spread] p2a,p2b\n|-damage|p2a: Annihilape|35\/100\n|-damage|p2b: Amoonguss|26\/100\n|-unboost|p2a: Annihilape|spa|1\n|-ability|p2a: Annihilape|Defiant|boost\n|-boost|p2a: Annihilape|atk|2\n|-unboost|p2b: Amoonguss|spa|1\n|move|p2a: Annihilape|Bulk Up|p2a: Annihilape\n|-boost|p2a: Annihilape|atk|1\n|-boost|p2a: Annihilape|def|1\n|move|p2b: Amoonguss|Spore|p1b: Scream Tail\n|-status|p1b: Scream Tail|slp|[from] move: Spore\n|\n|-weather|SunnyDay|[upkeep]\n|-heal|p2a: Annihilape|41\/100|[from] item: Leftovers\n|-sideend|p1: deefghi|move: Tailwind\n|upkeep\n|turn|10\n|inactive|deefghi has 30 seconds left.\n|\n|t:|1682060248\n|switch|p2b: Volcarona|Volcarona, L50, M|100\/100\n|move|p2a: Annihilape|Protect|p2a: Annihilape\n|-singleturn|p2a: Annihilape|Protect\n|move|p1a: Wo-Chien|Protect|p1a: Wo-Chien\n|-singleturn|p1a: Wo-Chien|Protect\n|cant|p1b: Scream Tail|slp\n|\n|-weather|SunnyDay|[upkeep]\n|-heal|p2a: Annihilape|47\/100|[from] item: Leftovers\n|upkeep\n|turn|11\n|inactive|deefghi has 30 seconds left.\n|\n|t:|1682060283\n|cant|p1b: Scream Tail|slp\n|move|p2b: Volcarona|Fiery Dance|p1b: Scream Tail\n|-damage|p1b: Scream Tail|54\/100 slp\n|move|p2a: Annihilape|Drain Punch|p1a: Wo-Chien\n|-supereffective|p1a: Wo-Chien\n|-damage|p1a: Wo-Chien|0 fnt\n|-heal|p2a: Annihilape|87\/100|[from] drain|[of] p1a: Wo-Chien\n|faint|p1a: Wo-Chien\n|\n|-weather|none\n|-end|p1b: Scream Tail|Protosynthesis\n|-heal|p2a: Annihilape|93\/100|[from] item: Leftovers\n|upkeep\n|turn|12\n|-message|deefghi forfeited.\n|\n|win|derecha\n|raw|deefghi's rating: 1100 → 1083<\/strong> (-17 for losing)\n|raw|derecha's rating: 1212 → 1229<\/strong> (+17 for winning)\n|l|\u2606deefghi\n","uploadtime":1682060295,"views":4,"p1id":"deefghi","p2id":"derecha","formatid":"gen9vgc2023regulationc","rating":1083,"private":0,"password":""}