{"id":"gen9vgc2023regulationc-1854305787","p1":"Ricardo Randorez","p2":"dhsib","format":"[Gen 9] VGC 2023 Regulation C","log":"|j|\u2606Ricardo Randorez\n|j|\u2606dhsib\n|t:|1682794951\n|gametype|doubles\n|player|p1|Ricardo Randorez|101|1268\n|player|p2|dhsib|artist-gen4|1209\n|teamsize|p1|6\n|teamsize|p2|6\n|gen|9\n|tier|[Gen 9] VGC 2023 Regulation C\n|rated|\n|rule|Species Clause: Limit one of each Pok\u00e9mon\n|rule|Item Clause: Limit one of each item\n|clearpoke\n|poke|p1|Tatsugiri, L50, F|\n|poke|p1|Dondozo, L50, F|\n|poke|p1|Dragonite, L50, F|\n|poke|p1|Talonflame, L50, F|\n|poke|p1|Iron Hands, L50|\n|poke|p1|Flutter Mane, L50|\n|poke|p2|Abomasnow, L50, F|\n|poke|p2|Iron Bundle, L50|\n|poke|p2|Salamence, L50, F|\n|poke|p2|Flutter Mane, L50|\n|poke|p2|Talonflame, L50, M|\n|poke|p2|Kingambit, L50, M|\n|teampreview|4\n|inactive|Battle timer is ON: inactive players will automatically lose when time's up. (requested by dhsib)\n|\n|t:|1682795007\n|start\n|switch|p1a: Iron Hands|Iron Hands, L50|100\/100\n|switch|p1b: Talonflame|Talonflame, L50, F|100\/100\n|switch|p2a: Abomasnow|Abomasnow, L50, F|100\/100\n|switch|p2b: Salamence|Salamence, L50, F|100\/100\n|-ability|p2b: Salamence|Intimidate|boost\n|-unboost|p1a: Iron Hands|atk|1\n|-unboost|p1b: Talonflame|atk|1\n|-weather|Snow|[from] ability: Snow Warning|[of] p2a: Abomasnow\n|turn|1\n|inactive|Ricardo Randorez has 30 seconds left.\n|inactive|dhsib has 30 seconds left.\n|inactive|Ricardo Randorez has 20 seconds left.\n|inactive|Ricardo Randorez has 15 seconds left.\n|\n|t:|1682795048\n|move|p1b: Talonflame|Tailwind|p1b: Talonflame\n|-sidestart|p1: Ricardo Randorez|move: Tailwind\n|move|p1a: Iron Hands|Drain Punch|p2a: Abomasnow\n|-supereffective|p2a: Abomasnow\n|-damage|p2a: Abomasnow|55\/100\n|move|p2b: Salamence|Dragon Dance|p2b: Salamence\n|-boost|p2b: Salamence|atk|1\n|-boost|p2b: Salamence|spe|1\n|move|p2a: Abomasnow|Aurora Veil|p2a: Abomasnow\n|-sidestart|p2: dhsib|move: Aurora Veil\n|\n|-weather|Snow|[upkeep]\n|upkeep\n|turn|2\n|inactive|Ricardo Randorez has 30 seconds left.\n|inactive|dhsib has 30 seconds left.\n|inactive|dhsib has 20 seconds left.\n|\n|t:|1682795088\n|move|p1b: Talonflame|Brave Bird|p2a: Abomasnow\n|-supereffective|p2a: Abomasnow\n|-damage|p2a: Abomasnow|20\/100\n|-damage|p1b: Talonflame|87\/100|[from] Recoil\n|move|p2b: Salamence|Dragon Dance|p2b: Salamence\n|-boost|p2b: Salamence|atk|1\n|-boost|p2b: Salamence|spe|1\n|move|p1a: Iron Hands|Drain Punch|p2a: Abomasnow\n|-supereffective|p2a: Abomasnow\n|-damage|p2a: Abomasnow|0 fnt\n|faint|p2a: Abomasnow\n|\n|-weather|Snow|[upkeep]\n|upkeep\n|\n|t:|1682795104\n|switch|p2a: Flutter Mane|Flutter Mane, L50|100\/100\n|turn|3\n|inactive|dhsib has 30 seconds left.\n|\n|t:|1682795139\n|move|p1b: Talonflame|Brave Bird|p2a: Flutter Mane\n|-damage|p2a: Flutter Mane|60\/100\n|-damage|p1b: Talonflame|75\/100|[from] Recoil\n|move|p2b: Salamence|Dragon Claw|p1b: Talonflame\n|-damage|p1b: Talonflame|0 fnt\n|faint|p1b: Talonflame\n|move|p2a: Flutter Mane|Moonblast|p1a: Iron Hands\n|-supereffective|p1a: Iron Hands\n|-damage|p1a: Iron Hands|9\/100\n|move|p1a: Iron Hands|Iron Head|p2a: Flutter Mane\n|-supereffective|p2a: Flutter Mane\n|-damage|p2a: Flutter Mane|0 fnt\n|faint|p2a: Flutter Mane\n|-end|p2a: Flutter Mane|Protosynthesis|[silent]\n|\n|-weather|Snow|[upkeep]\n|upkeep\n|\n|t:|1682795156\n|switch|p2a: Kingambit|Kingambit, L50, M|100\/100\n|switch|p1b: Dondozo|Dondozo, L50, F|100\/100\n|turn|4\n|inactive|dhsib has 30 seconds left.\n|\n|t:|1682795185\n|move|p1b: Dondozo|Protect|p1b: Dondozo\n|-singleturn|p1b: Dondozo|Protect\n|move|p2b: Salamence|Dragon Claw|p1a: Iron Hands\n|-damage|p1a: Iron Hands|0 fnt\n|faint|p1a: Iron Hands\n|-end|p1a: Iron Hands|Quark Drive|[silent]\n|move|p2a: Kingambit|Guillotine|p1b: Dondozo\n|-activate|p1b: Dondozo|move: Protect\n|\n|-weather|Snow|[upkeep]\n|-sideend|p1: Ricardo Randorez|move: Tailwind\n|upkeep\n|\n|t:|1682795189\n|switch|p1a: Tatsugiri|Tatsugiri, L50, F|100\/100\n|-activate|p1a: Tatsugiri|ability: Commander|[of] p1b: Dondozo\n|-boost|p1b: Dondozo|atk|2\n|-boost|p1b: Dondozo|spa|2\n|-boost|p1b: Dondozo|spe|2\n|-boost|p1b: Dondozo|def|2\n|-boost|p1b: Dondozo|spd|2\n|turn|5\n|\n|t:|1682795209\n|move|p2b: Salamence|Dragon Claw|p1b: Dondozo\n|-damage|p1b: Dondozo|87\/100\n|move|p1b: Dondozo|Substitute|p1b: Dondozo\n|-start|p1b: Dondozo|Substitute\n|-damage|p1b: Dondozo|62\/100\n|move|p2a: Kingambit|Guillotine|p1b: Dondozo|[miss]\n|-miss|p2a: Kingambit|p1b: Dondozo\n|\n|-weather|none\n|-heal|p1b: Dondozo|68\/100|[from] item: Leftovers\n|upkeep\n|turn|6\n|\n|t:|1682795230\n|-terastallize|p2b: Salamence|Flying\n|move|p2b: Salamence|Dual Wingbeat|p1b: Dondozo\n|-activate|p1b: Dondozo|move: Substitute|[damage]\n|-activate|p1b: Dondozo|move: Substitute|[damage]\n|-hitcount|p1b: Dondozo|2\n|move|p1b: Dondozo|Order Up|p2a: Kingambit\n|-resisted|p2a: Kingambit\n|-damage|p2a: Kingambit|88\/100\n|-boost|p1b: Dondozo|atk|1\n|move|p2a: Kingambit|Guillotine|p1b: Dondozo|[miss]\n|-miss|p2a: Kingambit|p1b: Dondozo\n|\n|-heal|p1b: Dondozo|74\/100|[from] item: Leftovers\n|upkeep\n|turn|7\n|\n|t:|1682795246\n|move|p1b: Dondozo|Protect|p1b: Dondozo\n|-singleturn|p1b: Dondozo|Protect\n|move|p2b: Salamence|Dragon Claw|p1b: Dondozo\n|-activate|p1b: Dondozo|move: Protect\n|move|p2a: Kingambit|Guillotine|p1b: Dondozo\n|-activate|p1b: Dondozo|move: Protect\n|\n|-heal|p1b: Dondozo|80\/100|[from] item: Leftovers\n|upkeep\n|turn|8\n|\n|t:|1682795259\n|move|p2b: Salamence|Dragon Claw|p1b: Dondozo\n|-end|p1b: Dondozo|Substitute\n|move|p1b: Dondozo|Order Up|p2b: Salamence\n|-damage|p2b: Salamence|57\/100\n|-boost|p1b: Dondozo|atk|1\n|move|p2a: Kingambit|Guillotine|p1b: Dondozo|[miss]\n|-miss|p2a: Kingambit|p1b: Dondozo\n|\n|-heal|p1b: Dondozo|87\/100|[from] item: Leftovers\n|-sideend|p2: dhsib|move: Aurora Veil\n|upkeep\n|turn|9\n|\n|t:|1682795273\n|move|p1b: Dondozo|Protect|p1b: Dondozo\n|-singleturn|p1b: Dondozo|Protect\n|move|p2b: Salamence|Dragon Claw|p1b: Dondozo\n|-activate|p1b: Dondozo|move: Protect\n|move|p2a: Kingambit|Guillotine|p1b: Dondozo\n|-activate|p1b: Dondozo|move: Protect\n|\n|-heal|p1b: Dondozo|93\/100|[from] item: Leftovers\n|upkeep\n|turn|10\n|\n|t:|1682795285\n|move|p2b: Salamence|Dragon Claw|p1b: Dondozo\n|-damage|p1b: Dondozo|78\/100\n|move|p1b: Dondozo|Substitute|p1b: Dondozo\n|-start|p1b: Dondozo|Substitute\n|-damage|p1b: Dondozo|53\/100\n|move|p2a: Kingambit|Kowtow Cleave|p1b: Dondozo\n|-activate|p1b: Dondozo|move: Substitute|[damage]\n|\n|-heal|p1b: Dondozo|59\/100|[from] item: Leftovers\n|upkeep\n|turn|11\n|\n|t:|1682795300\n|move|p1b: Dondozo|Protect|p1b: Dondozo\n|-singleturn|p1b: Dondozo|Protect\n|move|p2b: Salamence|Dragon Claw|p1b: Dondozo\n|-activate|p1b: Dondozo|move: Protect\n|move|p2a: Kingambit|Kowtow Cleave|p1b: Dondozo\n|-activate|p1b: Dondozo|move: Protect\n|\n|-heal|p1b: Dondozo|65\/100|[from] item: Leftovers\n|upkeep\n|turn|12\n|\n|t:|1682795313\n|move|p2b: Salamence|Dragon Claw|p1b: Dondozo\n|-end|p1b: Dondozo|Substitute\n|move|p1b: Dondozo|Wave Crash|p2a: Kingambit\n|-damage|p2a: Kingambit|0 fnt\n|faint|p2a: Kingambit\n|-damage|p1b: Dondozo|44\/100|[from] Recoil\n|\n|-heal|p1b: Dondozo|50\/100|[from] item: Leftovers\n|upkeep\n|turn|13\n|-message|dhsib forfeited.\n|\n|win|Ricardo Randorez\n|raw|Ricardo Randorez's rating: 1268 → 1289<\/strong> (+21 for winning)\n|raw|dhsib's rating: 1209 → 1188<\/strong> (-21 for losing)\n|l|\u2606dhsib\n","uploadtime":1682795327,"views":12,"p1id":"ricardorandorez","p2id":"dhsib","formatid":"gen9vgc2023regulationc","rating":1188,"private":0,"password":""}