{"id":"gen9vgc2023regulationc-1845353708","p1":"Prompto88","p2":"purplcliffefeet411","format":"[Gen 9] VGC 2023 Regulation C","log":"|j|\u2606Prompto88\n|j|\u2606purplcliffefeet411\n|t:|1681720368\n|gametype|doubles\n|player|p1|Prompto88|2|1065\n|player|p2|purplcliffefeet411|palmer|1000\n|teamsize|p1|6\n|teamsize|p2|6\n|gen|9\n|tier|[Gen 9] VGC 2023 Regulation C\n|rated|\n|rule|Species Clause: Limit one of each Pok\u00e9mon\n|rule|Item Clause: Limit one of each item\n|clearpoke\n|poke|p1|Glimmora, L50, F|\n|poke|p1|Arcanine, L50, F|\n|poke|p1|Garganacl, L50, M|\n|poke|p1|Maushold-Four, L50|\n|poke|p1|Ting-Lu, L50|\n|poke|p1|Wo-Chien, L50|\n|poke|p2|Skeledirge, L50, F|\n|poke|p2|Meowscarada, L50, F|\n|poke|p2|Hydreigon, L50, F|\n|poke|p2|Kingambit, L50, F|\n|poke|p2|Annihilape, L50, M|\n|poke|p2|Toedscruel, L50, M|\n|teampreview|4\n|inactive|Battle timer is ON: inactive players will automatically lose when time's up. (requested by Prompto88)\n|inactive|purplcliffefeet411 also wants the timer to be on.\n|inactive|purplcliffefeet411 has 60 seconds left.\n|\n|t:|1681720403\n|start\n|switch|p1a: Maushold|Maushold-Four, L50|100\/100\n|switch|p1b: Glimmora|Glimmora, L50, F|100\/100\n|switch|p2a: MONKEEEEEE|Annihilape, L50, M|100\/100\n|switch|p2b: IFKYK|Meowscarada, L50, F|100\/100\n|turn|1\n|inactive|purplcliffefeet411 has 30 seconds left.\n|\n|t:|1681720429\n|move|p2a: MONKEEEEEE|Final Gambit|p1b: Glimmora\n|-damage|p1b: Glimmora|0 fnt\n|faint|p2a: MONKEEEEEE\n|faint|p1b: Glimmora\n|move|p2b: IFKYK|Knock Off|p1a: Maushold\n|-start|p2b: IFKYK|typechange|Dark|[from] ability: Protean\n|-damage|p1a: Maushold|59\/100\n|-enditem|p1a: Maushold|Safety Goggles|[from] move: Knock Off|[of] p2b: IFKYK\n|move|p1a: Maushold|Beat Up|p1: Glimmora|[notarget]\n|-fail|p1a: Maushold\n|\n|upkeep\n|\n|t:|1681720451\n|switch|p2a: Kingg|Kingambit, L50, F|100\/100\n|switch|p1b: Wo-Chien|Wo-Chien, L50|100\/100\n|-ability|p1b: Wo-Chien|Tablets of Ruin\n|turn|2\n|\n|t:|1681720471\n|move|p1a: Maushold|Protect|p1a: Maushold\n|-singleturn|p1a: Maushold|Protect\n|move|p2b: IFKYK|Sucker Punch||[still]\n|-fail|p2b: IFKYK\n|move|p1b: Wo-Chien|Leech Seed|p2b: IFKYK\n|-start|p2b: IFKYK|move: Leech Seed\n|move|p2a: Kingg|Kowtow Cleave|p1a: Maushold\n|-activate|p1a: Maushold|move: Protect\n|\n|-damage|p2b: IFKYK|89\/100|[from] Leech Seed|[of] p1b: Wo-Chien\n|upkeep\n|turn|3\n|\n|t:|1681720490\n|switch|p1a: Ting-Lu|Ting-Lu, L50|100\/100\n|-ability|p1a: Ting-Lu|Vessel of Ruin\n|move|p2b: IFKYK|Sucker Punch||[still]\n|-fail|p2b: IFKYK\n|move|p1b: Wo-Chien|Leech Seed|p2a: Kingg\n|-start|p2a: Kingg|move: Leech Seed\n|move|p2a: Kingg|Iron Head|p1a: Ting-Lu\n|-damage|p1a: Ting-Lu|83\/100\n|\n|-damage|p2b: IFKYK|77\/100|[from] Leech Seed|[of] p1b: Wo-Chien\n|-damage|p2a: Kingg|88\/100|[from] Leech Seed|[of] p1b: Wo-Chien\n|upkeep\n|turn|4\n|inactive|purplcliffefeet411 has 30 seconds left.\n|inactive|purplcliffefeet411 has 20 seconds left.\n|inactive|purplcliffefeet411 has 15 seconds left.\n|inactive|purplcliffefeet411 has 10 seconds left.\n|inactive|purplcliffefeet411 has 5 seconds left.\n|\n|t:|1681720542\n|move|p2b: IFKYK|Flower Trick|p1a: Ting-Lu\n|-supereffective|p1a: Ting-Lu\n|-crit|p1a: Ting-Lu\n|-damage|p1a: Ting-Lu|60\/100\n|move|p1b: Wo-Chien|Substitute|p1b: Wo-Chien\n|-start|p1b: Wo-Chien|Substitute\n|-damage|p1b: Wo-Chien|75\/100\n|move|p2a: Kingg|Iron Head|p1b: Wo-Chien\n|-end|p1b: Wo-Chien|Substitute\n|move|p1a: Ting-Lu|Ruination|p2b: IFKYK\n|-damage|p2b: IFKYK|39\/100\n|\n|-damage|p2b: IFKYK|27\/100|[from] Leech Seed|[of] p1b: Wo-Chien\n|-heal|p1b: Wo-Chien|87\/100|[silent]\n|-damage|p2a: Kingg|76\/100|[from] Leech Seed|[of] p1b: Wo-Chien\n|-heal|p1b: Wo-Chien|100\/100|[silent]\n|upkeep\n|turn|5\n|\n|t:|1681720567\n|move|p2b: IFKYK|Flower Trick|p1a: Ting-Lu\n|-supereffective|p1a: Ting-Lu\n|-crit|p1a: Ting-Lu\n|-damage|p1a: Ting-Lu|36\/100\n|move|p1b: Wo-Chien|Substitute|p1b: Wo-Chien\n|-start|p1b: Wo-Chien|Substitute\n|-damage|p1b: Wo-Chien|75\/100\n|move|p2a: Kingg|Kowtow Cleave|p1a: Ting-Lu\n|-resisted|p1a: Ting-Lu\n|-damage|p1a: Ting-Lu|26\/100\n|move|p1a: Ting-Lu|Ruination|p2a: Kingg\n|-damage|p2a: Kingg|39\/100\n|-enditem|p2a: Kingg|Sitrus Berry|[eat]\n|-heal|p2a: Kingg|63\/100|[from] item: Sitrus Berry\n|\n|-damage|p2b: IFKYK|15\/100|[from] Leech Seed|[of] p1b: Wo-Chien\n|-heal|p1b: Wo-Chien|87\/100|[silent]\n|-damage|p2a: Kingg|51\/100|[from] Leech Seed|[of] p1b: Wo-Chien\n|-heal|p1b: Wo-Chien|100\/100|[silent]\n|upkeep\n|turn|6\n|\n|t:|1681720591\n|switch|p1a: Maushold|Maushold-Four, L50|59\/100\n|move|p1b: Wo-Chien|Protect|p1b: Wo-Chien\n|-singleturn|p1b: Wo-Chien|Protect\n|move|p2a: Kingg|Sucker Punch||[still]\n|-fail|p2a: Kingg\n|move|p2b: IFKYK|Flower Trick|p1a: Maushold\n|-crit|p1a: Maushold\n|-damage|p1a: Maushold|34\/100\n|\n|-damage|p2b: IFKYK|3\/100|[from] Leech Seed|[of] p1b: Wo-Chien\n|-damage|p2a: Kingg|39\/100|[from] Leech Seed|[of] p1b: Wo-Chien\n|upkeep\n|turn|7\n|inactive|purplcliffefeet411 has 30 seconds left.\n|inactive|Prompto88 has 30 seconds left.\n|inactive|purplcliffefeet411 has 20 seconds left.\n|\n|t:|1681720628\n|move|p2b: IFKYK|Knock Off|p1a: Maushold\n|-damage|p1a: Maushold|12\/100\n|move|p1a: Maushold|Beat Up|p2b: IFKYK\n|-resisted|p2b: IFKYK\n|-damage|p2b: IFKYK|2\/100\n|-resisted|p2b: IFKYK\n|-crit|p2b: IFKYK\n|-damage|p2b: IFKYK|0 fnt\n|faint|p2b: IFKYK\n|-hitcount|p2: IFKYK|2\n|move|p1b: Wo-Chien|Pollen Puff|p1a: Maushold\n|-heal|p1a: Maushold|62\/100\n|move|p2a: Kingg|Kowtow Cleave|p1a: Maushold\n|-damage|p1a: Maushold|23\/100\n|\n|-damage|p2a: Kingg|27\/100|[from] Leech Seed|[of] p1b: Wo-Chien\n|upkeep\n|\n|t:|1681720652\n|switch|p2b: Chomp Boi|Skeledirge, L50, F|100\/100\n|turn|8\n|inactive|purplcliffefeet411 has 30 seconds left.\n|\n|t:|1681720680\n|-terastallize|p1b: Wo-Chien|Poison\n|move|p1a: Maushold|Protect|p1a: Maushold\n|-singleturn|p1a: Maushold|Protect\n|move|p1b: Wo-Chien|Leech Seed|p2b: Chomp Boi\n|-start|p2b: Chomp Boi|move: Leech Seed\n|move|p2b: Chomp Boi|Torch Song|p1b: Wo-Chien\n|-damage|p1b: Wo-Chien|87\/100\n|-boost|p2b: Chomp Boi|spa|1\n|move|p2a: Kingg|Kowtow Cleave|p1a: Maushold\n|-activate|p1a: Maushold|move: Protect\n|\n|-damage|p2b: Chomp Boi|88\/100|[from] Leech Seed|[of] p1b: Wo-Chien\n|-heal|p1b: Wo-Chien|100\/100|[silent]\n|-damage|p2a: Kingg|15\/100|[from] Leech Seed|[of] p1b: Wo-Chien\n|upkeep\n|turn|9\n|inactive|Prompto88 has 30 seconds left.\n|inactive|purplcliffefeet411 has 30 seconds left.\n|inactive|Prompto88 has 20 seconds left.\n|\n|t:|1681720718\n|move|p1a: Maushold|Beat Up|p2b: Chomp Boi\n|-supereffective|p2b: Chomp Boi\n|-damage|p2b: Chomp Boi|85\/100\n|-supereffective|p2b: Chomp Boi\n|-damage|p2b: Chomp Boi|82\/100\n|-supereffective|p2b: Chomp Boi\n|-damage|p2b: Chomp Boi|79\/100\n|-hitcount|p2b: Chomp Boi|3\n|move|p1b: Wo-Chien|Pollen Puff|p1a: Maushold\n|-heal|p1a: Maushold|73\/100\n|move|p2b: Chomp Boi|Torch Song|p1b: Wo-Chien\n|-damage|p1b: Wo-Chien|81\/100\n|-boost|p2b: Chomp Boi|spa|1\n|move|p2a: Kingg|Kowtow Cleave|p1a: Maushold\n|-damage|p1a: Maushold|36\/100\n|\n|-heal|p2b: Chomp Boi|85\/100|[from] item: Leftovers\n|-damage|p2b: Chomp Boi|73\/100|[from] Leech Seed|[of] p1b: Wo-Chien\n|-heal|p1b: Wo-Chien|98\/100|[silent]\n|-damage|p2a: Kingg|3\/100|[from] Leech Seed|[of] p1b: Wo-Chien\n|-heal|p1b: Wo-Chien|100\/100|[silent]\n|upkeep\n|turn|10\n|inactive|purplcliffefeet411 has 30 seconds left.\n|\n|t:|1681720747\n|-terastallize|p2b: Chomp Boi|Fairy\n|move|p1a: Maushold|Follow Me|p1a: Maushold\n|-singleturn|p1a: Maushold|move: Follow Me\n|move|p1b: Wo-Chien|Pollen Puff|p1a: Maushold\n|-heal|p1a: Maushold|86\/100\n|move|p2b: Chomp Boi|Tera Blast|p1a: Maushold\n|-damage|p1a: Maushold|26\/100\n|move|p2a: Kingg|Kowtow Cleave|p1a: Maushold\n|-damage|p1a: Maushold|0 fnt\n|faint|p1a: Maushold\n|\n|-heal|p2b: Chomp Boi|79\/100|[from] item: Leftovers\n|-damage|p2b: Chomp Boi|66\/100|[from] Leech Seed|[of] p1b: Wo-Chien\n|-damage|p2a: Kingg|0 fnt|[from] Leech Seed|[of] p1b: Wo-Chien\n|faint|p2a: Kingg\n|upkeep\n|\n|t:|1681720763\n|switch|p1a: Ting-Lu|Ting-Lu, L50|26\/100\n|-ability|p1a: Ting-Lu|Vessel of Ruin\n|turn|11\n|\n|t:|1681720773\n|move|p1b: Wo-Chien|Pollen Puff|p1a: Ting-Lu\n|-heal|p1a: Ting-Lu|76\/100\n|move|p2b: Chomp Boi|Tera Blast|p1a: Ting-Lu\n|-supereffective|p1a: Ting-Lu\n|-damage|p1a: Ting-Lu|35\/100\n|move|p1a: Ting-Lu|Ruination|p2b: Chomp Boi\n|-damage|p2b: Chomp Boi|34\/100\n|\n|-heal|p2b: Chomp Boi|40\/100|[from] item: Leftovers\n|-damage|p2b: Chomp Boi|28\/100|[from] Leech Seed|[of] p1b: Wo-Chien\n|upkeep\n|turn|12\n|\n|t:|1681720789\n|move|p1b: Wo-Chien|Pollen Puff|p1a: Ting-Lu\n|-heal|p1a: Ting-Lu|85\/100\n|move|p2b: Chomp Boi|Slack Off|p2b: Chomp Boi\n|-heal|p2b: Chomp Boi|78\/100\n|move|p1a: Ting-Lu|Ruination|p2b: Chomp Boi\n|-damage|p2b: Chomp Boi|39\/100\n|\n|-heal|p2b: Chomp Boi|46\/100|[from] item: Leftovers\n|-damage|p2b: Chomp Boi|33\/100|[from] Leech Seed|[of] p1b: Wo-Chien\n|upkeep\n|turn|13\n|\n|t:|1681720810\n|move|p2b: Chomp Boi|Protect|p2b: Chomp Boi\n|-singleturn|p2b: Chomp Boi|Protect\n|move|p1b: Wo-Chien|Pollen Puff|p1a: Ting-Lu\n|-heal|p1a: Ting-Lu|100\/100\n|move|p1a: Ting-Lu|Ruination|p2b: Chomp Boi\n|-activate|p2b: Chomp Boi|move: Protect\n|\n|-heal|p2b: Chomp Boi|39\/100|[from] item: Leftovers\n|-damage|p2b: Chomp Boi|27\/100|[from] Leech Seed|[of] p1b: Wo-Chien\n|upkeep\n|turn|14\n|\n|t:|1681720830\n|move|p1b: Wo-Chien|Pollen Puff|p2b: Chomp Boi\n|-resisted|p2b: Chomp Boi\n|-damage|p2b: Chomp Boi|18\/100\n|move|p2b: Chomp Boi|Tera Blast|p1a: Ting-Lu\n|-supereffective|p1a: Ting-Lu\n|-damage|p1a: Ting-Lu|61\/100\n|move|p1a: Ting-Lu|Fissure|p2b: Chomp Boi|[miss]\n|-miss|p1a: Ting-Lu|p2b: Chomp Boi\n|\n|-heal|p2b: Chomp Boi|24\/100|[from] item: Leftovers\n|-damage|p2b: Chomp Boi|12\/100|[from] Leech Seed|[of] p1b: Wo-Chien\n|upkeep\n|turn|15\n|\n|t:|1681720850\n|move|p1b: Wo-Chien|Pollen Puff|p1a: Ting-Lu\n|-heal|p1a: Ting-Lu|100\/100\n|move|p2b: Chomp Boi|Slack Off|p2b: Chomp Boi\n|-heal|p2b: Chomp Boi|62\/100\n|move|p1a: Ting-Lu|Heavy Slam|p2b: Chomp Boi\n|-supereffective|p2b: Chomp Boi\n|-damage|p2b: Chomp Boi|47\/100\n|\n|-heal|p2b: Chomp Boi|53\/100|[from] item: Leftovers\n|-damage|p2b: Chomp Boi|41\/100|[from] Leech Seed|[of] p1b: Wo-Chien\n|upkeep\n|turn|16\n|\n|t:|1681720868\n|move|p1b: Wo-Chien|Protect|p1b: Wo-Chien\n|-singleturn|p1b: Wo-Chien|Protect\n|move|p2b: Chomp Boi|Slack Off|p2b: Chomp Boi\n|-heal|p2b: Chomp Boi|91\/100\n|move|p1a: Ting-Lu|Fissure|p2b: Chomp Boi|[miss]\n|-miss|p1a: Ting-Lu|p2b: Chomp Boi\n|\n|-heal|p2b: Chomp Boi|97\/100|[from] item: Leftovers\n|-damage|p2b: Chomp Boi|85\/100|[from] Leech Seed|[of] p1b: Wo-Chien\n|upkeep\n|turn|17\n|inactive|purplcliffefeet411 has 30 seconds left.\n|\n|t:|1681720893\n|move|p1b: Wo-Chien|Pollen Puff|p1a: Ting-Lu\n|-immune|p1a: Ting-Lu\n|move|p2b: Chomp Boi|Torch Song|p1b: Wo-Chien\n|-damage|p1b: Wo-Chien|77\/100\n|-boost|p2b: Chomp Boi|spa|1\n|move|p1a: Ting-Lu|Heavy Slam|p2b: Chomp Boi\n|-supereffective|p2b: Chomp Boi\n|-damage|p2b: Chomp Boi|70\/100\n|\n|-heal|p2b: Chomp Boi|76\/100|[from] item: Leftovers\n|-damage|p2b: Chomp Boi|64\/100|[from] Leech Seed|[of] p1b: Wo-Chien\n|-heal|p1b: Wo-Chien|94\/100|[silent]\n|upkeep\n|turn|18\n|inactive|purplcliffefeet411 has 25 seconds left this turn.\n|inactive|purplcliffefeet411 has 20 seconds left.\n|inactive|purplcliffefeet411 has 15 seconds left.\n|inactive|purplcliffefeet411 has 10 seconds left.\n|inactive|purplcliffefeet411 has 5 seconds left.\n|\n|t:|1681720916\n|move|p1b: Wo-Chien|Pollen Puff|p2b: Chomp Boi\n|-resisted|p2b: Chomp Boi\n|-damage|p2b: Chomp Boi|56\/100\n|move|p2b: Chomp Boi|Slack Off|p2b: Chomp Boi\n|-heal|p2b: Chomp Boi|100\/100\n|move|p1a: Ting-Lu|Fissure|p2b: Chomp Boi|[miss]\n|-miss|p1a: Ting-Lu|p2b: Chomp Boi\n|\n|-damage|p2b: Chomp Boi|88\/100|[from] Leech Seed|[of] p1b: Wo-Chien\n|-heal|p1b: Wo-Chien|100\/100|[silent]\n|upkeep\n|turn|19\n|inactive|purplcliffefeet411 has 5 seconds left this turn.\n|-message|purplcliffefeet411 lost due to inactivity.\n|\n|win|Prompto88\n|raw|Prompto88's rating: 1065 → 1090<\/strong> (+25 for winning)\n|raw|purplcliffefeet411's rating: 1000 → 1000<\/strong> (+0 for losing)\n","uploadtime":1681720930,"views":17,"p1id":"prompto88","p2id":"purplcliffefeet411","formatid":"gen9vgc2023regulationc","rating":1000,"private":0,"password":""}