{"id":"gen9vgc2023regulationc-1846842086","p1":"RaytedR","p2":"Lupostrasz","format":"[Gen 9] VGC 2023 Regulation C","log":"|j|\u2606RaytedR\n|j|\u2606Lupostrasz\n|t:|1681888906\n|gametype|doubles\n|player|p1|RaytedR|170|1000\n|player|p2|Lupostrasz|skier|1000\n|teamsize|p1|4\n|teamsize|p2|6\n|gen|9\n|tier|[Gen 9] VGC 2023 Regulation C\n|rated|\n|rule|Species Clause: Limit one of each Pok\u00e9mon\n|rule|Item Clause: Limit one of each item\n|clearpoke\n|poke|p1|Ting-Lu, L50|\n|poke|p1|Flutter Mane, L50|\n|poke|p1|Annihilape, L50, F|\n|poke|p1|Great Tusk, L50|\n|poke|p2|Garchomp, L50, F|\n|poke|p2|Chien-Pao, L50|\n|poke|p2|Flutter Mane, L50|\n|poke|p2|Gyarados, L50, M|\n|poke|p2|Chi-Yu, L50|\n|poke|p2|Talonflame, L50, M|\n|teampreview|4\nRaytedR has agreed to open team sheets.\n|inactive|Battle timer is ON: inactive players will automatically lose when time's up. (requested by RaytedR)\n|\n|t:|1681888984\n|start\n|switch|p1a: Great Tusk|Great Tusk, L50|100\/100\n|switch|p1b: Flutter Mane|Flutter Mane, L50|100\/100\n|switch|p2a: Talonflame|Talonflame, L50, M|100\/100\n|switch|p2b: Gyarados|Gyarados, L50, M|100\/100\n|-ability|p2b: Gyarados|Intimidate|boost\n|-unboost|p1a: Great Tusk|atk|1\n|-unboost|p1b: Flutter Mane|atk|1\n|-enditem|p1b: Flutter Mane|Booster Energy\n|-activate|p1b: Flutter Mane|ability: Protosynthesis|[fromitem]\n|-start|p1b: Flutter Mane|protosynthesisspe\n|turn|1\n|inactive|Lupostrasz has 30 seconds left.\n|inactive|Lupostrasz has 20 seconds left.\n|inactive|Lupostrasz has 15 seconds left.\n|inactive|Lupostrasz has 10 seconds left.\n|\n|t:|1681889033\n|move|p1b: Flutter Mane|Moonblast|p2b: Gyarados\n|-damage|p2b: Gyarados|51\/100\n|move|p2a: Talonflame|Will-O-Wisp|p1a: Great Tusk\n|-status|p1a: Great Tusk|brn\n|move|p1a: Great Tusk|Ice Spinner|p2b: Gyarados\n|-damage|p2b: Gyarados|40\/100\n|move|p2b: Gyarados|Waterfall|p1a: Great Tusk\n|-supereffective|p1a: Great Tusk\n|-damage|p1a: Great Tusk|39\/100 brn\n|\n|-damage|p1a: Great Tusk|34\/100 brn|[from] brn\n|upkeep\n|turn|2\n|inactive|RaytedR has 30 seconds left.\n|inactive|Lupostrasz has 30 seconds left.\n|inactive|Lupostrasz has 20 seconds left.\n|inactive|Lupostrasz has 15 seconds left.\n|inactive|Lupostrasz has 10 seconds left.\n|\n|t:|1681889079\n|move|p2a: Talonflame|Tailwind|p2a: Talonflame\n|-sidestart|p2: Lupostrasz|move: Tailwind\n|move|p1b: Flutter Mane|Moonblast|p2b: Gyarados\n|-damage|p2b: Gyarados|0 fnt\n|faint|p2b: Gyarados\n|move|p1a: Great Tusk|Ice Spinner|p2a: Talonflame\n|-damage|p2a: Talonflame|88\/100\n|\n|-damage|p1a: Great Tusk|28\/100 brn|[from] brn\n|upkeep\n|inactive|Lupostrasz has 30 seconds left.\n|inactive|Lupostrasz has 20 seconds left.\n|inactive|Lupostrasz has 15 seconds left.\n|inactive|Lupostrasz has 10 seconds left.\n|\n|t:|1681889126\n|switch|p2b: Garchomp|Garchomp, L50, F|100\/100\n|turn|3\n|inactive|RaytedR has 30 seconds left.\n|inactive|Lupostrasz has 30 seconds left.\n|inactive|RaytedR has 20 seconds left.\n|inactive|RaytedR has 15 seconds left.\n|inactive|RaytedR has 10 seconds left.\n|inactive|RaytedR has 5 seconds left.\n|\n|t:|1681889181\n|move|p2a: Talonflame|Will-O-Wisp|p1b: Flutter Mane\n|-status|p1b: Flutter Mane|brn\n|move|p2b: Garchomp|Rock Slide|p1a: Great Tusk|[spread] p1a,p1b\n|-resisted|p1a: Great Tusk\n|-damage|p1a: Great Tusk|23\/100 brn\n|-damage|p1b: Flutter Mane|50\/100 brn\n|-enditem|p1a: Great Tusk|Iapapa Berry|[eat]\n|-heal|p1a: Great Tusk|56\/100 brn|[from] item: Iapapa Berry\n|-damage|p2b: Garchomp|91\/100|[from] item: Life Orb\n|move|p1b: Flutter Mane|Dazzling Gleam|p2a: Talonflame|[spread] p2a,p2b\n|-resisted|p2a: Talonflame\n|-supereffective|p2b: Garchomp\n|-damage|p2a: Talonflame|67\/100\n|-damage|p2b: Garchomp|26\/100\n|move|p1a: Great Tusk|Earthquake|p2b: Garchomp|[spread] p1b,p2b\n|-immune|p2a: Talonflame\n|-damage|p1b: Flutter Mane|20\/100 brn\n|-damage|p2b: Garchomp|13\/100\n|\n|-damage|p1b: Flutter Mane|14\/100 brn|[from] brn\n|-damage|p1a: Great Tusk|50\/100 brn|[from] brn\n|upkeep\n|turn|4\n|inactive|RaytedR has 30 seconds left.\n|inactive|Lupostrasz has 30 seconds left.\n|inactive|RaytedR has 20 seconds left.\n|inactive|Lupostrasz has 20 seconds left.\n|inactive|RaytedR has 15 seconds left.\n|inactive|Lupostrasz has 15 seconds left.\n|inactive|RaytedR has 10 seconds left.\n|inactive|Lupostrasz has 10 seconds left.\n|inactive|RaytedR has 5 seconds left.\n|inactive|Lupostrasz has 5 seconds left.\n|\n|t:|1681889236\n|switch|p2a: Chien-Pao|Chien-Pao, L50|100\/100\n|-ability|p2a: Chien-Pao|Sword of Ruin\n|move|p2b: Garchomp|Iron Head|p1a: Great Tusk\n|-damage|p1a: Great Tusk|16\/100 brn\n|-damage|p2b: Garchomp|3\/100|[from] item: Life Orb\n|move|p1b: Flutter Mane|Dazzling Gleam|p2b: Garchomp|[spread] p2a,p2b\n|-supereffective|p2a: Chien-Pao\n|-supereffective|p2b: Garchomp\n|-enditem|p2a: Chien-Pao|Focus Sash\n|-damage|p2a: Chien-Pao|1\/100\n|-damage|p2b: Garchomp|0 fnt\n|faint|p2b: Garchomp\n|cant|p1a: Great Tusk|flinch\n|\n|-damage|p1b: Flutter Mane|8\/100 brn|[from] brn\n|-damage|p1a: Great Tusk|10\/100 brn|[from] brn\n|upkeep\n|\n|t:|1681889252\n|switch|p2b: Talonflame|Talonflame, L50, M|67\/100\n|turn|5\n|inactive|RaytedR has 30 seconds left.\n|inactive|Lupostrasz has 30 seconds left.\n|inactive|RaytedR has 20 seconds left.\n|inactive|Lupostrasz has 20 seconds left.\n|inactive|RaytedR has 15 seconds left.\n|inactive|Lupostrasz has 15 seconds left.\n|inactive|RaytedR has 10 seconds left.\n|inactive|Lupostrasz has 10 seconds left.\n|inactive|RaytedR has 5 seconds left.\n|\n|t:|1681889307\n|move|p2a: Chien-Pao|Protect|p2a: Chien-Pao\n|-singleturn|p2a: Chien-Pao|Protect\n|move|p2b: Talonflame|Brave Bird|p1a: Great Tusk\n|-supereffective|p1a: Great Tusk\n|-damage|p1a: Great Tusk|0 fnt\n|faint|p1a: Great Tusk\n|-end|p1a: Great Tusk|Protosynthesis|[silent]\n|-damage|p2b: Talonflame|64\/100|[from] Recoil\n|move|p1b: Flutter Mane|Dazzling Gleam|p2b: Talonflame|[spread] p2b\n|-activate|p2a: Chien-Pao|move: Protect\n|-resisted|p2b: Talonflame\n|-damage|p2b: Talonflame|44\/100\n|\n|-damage|p1b: Flutter Mane|2\/100 brn|[from] brn\n|-sideend|p2: Lupostrasz|move: Tailwind\n|upkeep\n|\n|t:|1681889322\n|switch|p1a: Annihilape|Annihilape, L50, F|100\/100\n|turn|6\n|inactive|Lupostrasz has 30 seconds left.\n|inactive|Lupostrasz has 20 seconds left.\n|inactive|Lupostrasz has 15 seconds left.\n|\n|t:|1681889366\n|move|p1a: Annihilape|Protect|p1a: Annihilape\n|-singleturn|p1a: Annihilape|Protect\n|move|p1b: Flutter Mane|Dazzling Gleam|p2a: Chien-Pao|[spread] p2a,p2b\n|-supereffective|p2a: Chien-Pao\n|-crit|p2a: Chien-Pao\n|-resisted|p2b: Talonflame\n|-damage|p2a: Chien-Pao|0 fnt\n|-damage|p2b: Talonflame|23\/100\n|faint|p2a: Chien-Pao\n|move|p2b: Talonflame|Will-O-Wisp|p1a: Annihilape\n|-activate|p1a: Annihilape|move: Protect\n|\n|-damage|p1b: Flutter Mane|0 fnt|[from] brn\n|faint|p1b: Flutter Mane\n|-end|p1b: Flutter Mane|Protosynthesis|[silent]\n|upkeep\n|\n|t:|1681889378\n|switch|p1b: Ting-Lu|Ting-Lu, L50|100\/100\n|-ability|p1b: Ting-Lu|Vessel of Ruin\n|turn|7\n|\n|t:|1681889394\n|-terastallize|p1b: Ting-Lu|Dark\n|move|p2b: Talonflame|Brave Bird|p2: Chien-Pao|[notarget]\n|-fail|p2b: Talonflame\n|move|p1a: Annihilape|Rage Fist|p2b: Talonflame\n|-damage|p2b: Talonflame|0 fnt\n|faint|p2b: Talonflame\n|\n|win|RaytedR\n|raw|RaytedR's rating: 1000 → 1040<\/strong> (+40 for winning)\n|raw|Lupostrasz's rating: 1000 → 1000<\/strong> (+0 for losing)\n|l|\u2606RaytedR\n","uploadtime":1681889437,"views":14,"p1id":"raytedr","p2id":"lupostrasz","formatid":"gen9vgc2023regulationc","rating":1000,"private":0,"password":""}