{"id":"gen9vgc2023regulationc-1863462579","p1":"RavenVGC2002","p2":"christianfinity","format":"[Gen 9] VGC 2023 Regulation C","log":"|j|\u2606RavenVGC2002\n|j|\u2606christianfinity\n|t:|1684020550\n|gametype|doubles\n|player|p1|RavenVGC2002|265|1107\n|player|p2|christianfinity|unknown|1080\n|teamsize|p1|6\n|teamsize|p2|6\n|gen|9\n|tier|[Gen 9] VGC 2023 Regulation C\n|rated|\n|rule|Species Clause: Limit one of each Pok\u00e9mon\n|rule|Item Clause: Limit one of each item\n|clearpoke\n|poke|p1|Chi-Yu, L50|\n|poke|p1|Wo-Chien, L50|\n|poke|p1|Iron Bundle, L50|\n|poke|p1|Grimmsnarl, L50, M|\n|poke|p1|Flutter Mane, L50|\n|poke|p1|Kingambit, L50, M|\n|poke|p2|Umbreon, L50, F|\n|poke|p2|Torkoal, L50, F|\n|poke|p2|Jumpluff, L50, F|\n|poke|p2|Flutter Mane, L50|\n|poke|p2|Great Tusk, L50|\n|poke|p2|Baxcalibur, L50, M|\n|teampreview|4\n|inactive|Battle timer is ON: inactive players will automatically lose when time's up. (requested by christianfinity)\n|inactive|RavenVGC2002 has 60 seconds left.\n|inactive|christianfinity has 60 seconds left.\n|inactive|RavenVGC2002 has 30 seconds left.\n|inactive|christianfinity has 30 seconds left.\n|inactive|christianfinity has 20 seconds left.\n|\n|t:|1684020624\n|start\n|switch|p1a: Flutter Mane|Flutter Mane, L50|100\/100\n|switch|p1b: Grimmsnarl|Grimmsnarl, L50, M|100\/100\n|switch|p2a: Torkoal|Torkoal, L50, F|100\/100\n|switch|p2b: Jumpluff|Jumpluff, L50, F|100\/100\n|-weather|SunnyDay|[from] ability: Drought|[of] p2a: Torkoal\n|-activate|p1a: Flutter Mane|ability: Protosynthesis\n|-start|p1a: Flutter Mane|protosynthesisspe\n|turn|1\n|\n|t:|1684020647\n|move|p1b: Grimmsnarl|Misty Terrain|p1b: Grimmsnarl\n|-fieldstart|move: Misty Terrain\n|move|p2b: Jumpluff|Sleep Powder|p1a: Flutter Mane\n|-activate|p1a: Flutter Mane|move: Misty Terrain\n|move|p1a: Flutter Mane|Shadow Ball|p2b: Jumpluff\n|-damage|p2b: Jumpluff|18\/100\n|move|p2a: Torkoal|Overheat|p1b: Grimmsnarl\n|-damage|p1b: Grimmsnarl|48\/100\n|-unboost|p2a: Torkoal|spa|2\n|-enditem|p2a: Torkoal|Eject Pack\n|\n|t:|1684020654\n|switch|p2a: Great Tusk|Great Tusk, L50|100\/100\n|-activate|p2a: Great Tusk|ability: Protosynthesis\n|-start|p2a: Great Tusk|protosynthesisatk\n|\n|-weather|SunnyDay|[upkeep]\n|upkeep\n|turn|2\n|inactive|RavenVGC2002 has 30 seconds left.\n|inactive|RavenVGC2002 has 20 seconds left.\n|\n|t:|1684020691\n|move|p1b: Grimmsnarl|Reflect|p1b: Grimmsnarl\n|-sidestart|p1: RavenVGC2002|Reflect\n|move|p2b: Jumpluff|Tailwind|p2b: Jumpluff\n|-sidestart|p2: christianfinity|move: Tailwind\n|move|p2a: Great Tusk|Iron Head|p1a: Flutter Mane\n|-supereffective|p1a: Flutter Mane\n|-damage|p1a: Flutter Mane|0 fnt\n|faint|p1a: Flutter Mane\n|-end|p1a: Flutter Mane|Protosynthesis|[silent]\n|\n|-weather|SunnyDay|[upkeep]\n|upkeep\n|\n|t:|1684020702\n|switch|p1a: Iron Bundle|Iron Bundle, L50|100\/100\n|-enditem|p1a: Iron Bundle|Booster Energy\n|-activate|p1a: Iron Bundle|ability: Quark Drive|[fromitem]\n|-start|p1a: Iron Bundle|quarkdrivespe\n|turn|3\n|inactive|RavenVGC2002 has 30 seconds left.\n|inactive|RavenVGC2002 has 20 seconds left.\n|\n|t:|1684020737\n|-terastallize|p2a: Great Tusk|Fire\n|-terastallize|p1a: Iron Bundle|Water\n|move|p2b: Jumpluff|Leaf Storm|p1a: Iron Bundle\n|-supereffective|p1a: Iron Bundle\n|-damage|p1a: Iron Bundle|0 fnt\n|-unboost|p2b: Jumpluff|spa|2\n|faint|p1a: Iron Bundle\n|-end|p1a: Iron Bundle|Quark Drive|[silent]\n|move|p2a: Great Tusk|Iron Head|p1b: Grimmsnarl\n|-supereffective|p1b: Grimmsnarl\n|-damage|p1b: Grimmsnarl|0 fnt\n|faint|p1b: Grimmsnarl\n|\n|-weather|SunnyDay|[upkeep]\n|upkeep\n|\n|t:|1684020752\n|switch|p1a: Chi-Yu|Chi-Yu, L50|100\/100\n|-ability|p1a: Chi-Yu|Beads of Ruin\n|turn|4\n|\n|t:|1684020766\n|switch|p2b: Torkoal|Torkoal, L50, F|100\/100\n|move|p2a: Great Tusk|Iron Head|p1a: Chi-Yu\n|-resisted|p1a: Chi-Yu\n|-damage|p1a: Chi-Yu|82\/100\n|move|p1a: Chi-Yu|Heat Wave|p2b: Torkoal|[spread] p2a,p2b\n|-resisted|p2a: Great Tusk\n|-resisted|p2b: Torkoal\n|-damage|p2a: Great Tusk|41\/100\n|-damage|p2b: Torkoal|46\/100\n|\n|-weather|SunnyDay|[upkeep]\n|upkeep\n|turn|5\n|\n|t:|1684020780\n|move|p2a: Great Tusk|Iron Head|p1a: Chi-Yu\n|-resisted|p1a: Chi-Yu\n|-damage|p1a: Chi-Yu|62\/100\n|move|p1a: Chi-Yu|Heat Wave|p2b: Torkoal|[spread] p2a,p2b\n|-resisted|p2a: Great Tusk\n|-resisted|p2b: Torkoal\n|-damage|p2a: Great Tusk|0 fnt\n|-damage|p2b: Torkoal|0 fnt\n|faint|p2a: Great Tusk\n|-end|p2a: Great Tusk|Protosynthesis|[silent]\n|faint|p2b: Torkoal\n|\n|-weather|none\n|-sideend|p2: christianfinity|move: Tailwind\n|-fieldend|Misty Terrain\n|upkeep\n|\n|t:|1684020785\n|switch|p2a: Jumpluff|Jumpluff, L50, F|18\/100\n|switch|p2b: Flutter Mane|Flutter Mane, L50|100\/100\n|turn|6\n|\n|t:|1684020794\n|move|p1a: Chi-Yu|Heat Wave|p2b: Flutter Mane|[spread] p2a,p2b\n|-supereffective|p2a: Jumpluff\n|-damage|p2a: Jumpluff|0 fnt\n|-damage|p2b: Flutter Mane|45\/100\n|faint|p2a: Jumpluff\n|move|p2b: Flutter Mane|Moonblast|p1a: Chi-Yu\n|-damage|p1a: Chi-Yu|13\/100\n|\n|upkeep\n|turn|7\n|\n|t:|1684020804\n|move|p1a: Chi-Yu|Heat Wave|p2b: Flutter Mane\n|-crit|p2b: Flutter Mane\n|-damage|p2b: Flutter Mane|0 fnt\n|faint|p2b: Flutter Mane\n|-end|p2b: Flutter Mane|Protosynthesis|[silent]\n|\n|win|RavenVGC2002\n|raw|RavenVGC2002's rating: 1107 → 1130<\/strong> (+23 for winning)\n|raw|christianfinity's rating: 1080 → 1060<\/strong> (-20 for losing)\n|l|\u2606christianfinity\n","uploadtime":1684020815,"views":10,"p1id":"ravenvgc2002","p2id":"christianfinity","formatid":"gen9vgc2023regulationc","rating":1060,"private":0,"password":""}