{"id":"gen9vgc2023regulationc-1855702796","p1":"Ciq108","p2":"noahthenumbat","format":"[Gen 9] VGC 2023 Regulation C","log":"|j|\u2606Ciq108\n|j|\u2606noahthenumbat\n|t:|1682974795\n|gametype|doubles\n|player|p1|Ciq108|2|\n|player|p2|noahthenumbat|backersf|\n|teamsize|p1|6\n|teamsize|p2|6\n|gen|9\n|tier|[Gen 9] VGC 2023 Regulation C\n|rule|Species Clause: Limit one of each Pok\u00e9mon\n|rule|Item Clause: Limit one of each item\n|clearpoke\n|poke|p1|Chien-Pao, L50|\n|poke|p1|Garchomp, L50, M|\n|poke|p1|Staraptor, L50, M|\n|poke|p1|Lucario, L50, F|\n|poke|p1|Rotom-Heat, L50|\n|poke|p1|Gardevoir, L50, M|\n|poke|p2|Dondozo, L50, F|\n|poke|p2|Tatsugiri-Droopy, L50, F|\n|poke|p2|Abomasnow, L50, F|\n|poke|p2|Ceruledge, L50, M|\n|poke|p2|Pawmot, L50, F|\n|poke|p2|Lycanroc, L50, F|\n|teampreview|4\n|c|\u2606Ciq108|G2\n|j| SusJingles\n|j| kevsmoreno\n|c|\u2606noahthenumbat|glhf\n|j| HottieLamatie\n|c| SusJingles|Game 1 was very sussy\n|c|\u2606noahthenumbat|ill do it again\n|\n|t:|1682975163\n|start\n|switch|p1a: Chien-Pao|Chien-Pao, L50|100\/100\n|switch|p1b: Lucario|Lucario, L50, F|100\/100\n|switch|p2a: Dondozo|Dondozo, L50, F|100\/100\n|switch|p2b: Lycanroc|Lycanroc, L50, F|100\/100\n|-ability|p1a: Chien-Pao|Sword of Ruin\n|turn|1\n|\n|t:|1682975214\n|switch|p2b: Tatsugiri|Tatsugiri-Droopy, L50, F|100\/100\n|-activate|p2b: Tatsugiri|ability: Commander|[of] p2a: Dondozo\n|-boost|p2a: Dondozo|atk|2\n|-boost|p2a: Dondozo|spa|2\n|-boost|p2a: Dondozo|spe|2\n|-boost|p2a: Dondozo|def|2\n|-boost|p2a: Dondozo|spd|2\n|-terastallize|p2a: Dondozo|Steel\n|move|p1a: Chien-Pao|Protect|p1a: Chien-Pao\n|-singleturn|p1a: Chien-Pao|Protect\n|move|p2a: Dondozo|Order Up|p1a: Chien-Pao\n|-activate|p1a: Chien-Pao|move: Protect\n|move|p1b: Lucario|Thunder Punch|p2a: Dondozo\n|-damage|p2a: Dondozo|83\/100\n|\n|upkeep\n|turn|2\n|\n|t:|1682975251\n|switch|p1b: Garchomp|Garchomp, L50, M|100\/100\n|move|p2a: Dondozo|Order Up|p1a: Chien-Pao\n|-damage|p1a: Chien-Pao|11\/100\n|-boost|p2a: Dondozo|def|1\n|move|p1a: Chien-Pao|Haze|p1a: Chien-Pao\n|-clearallboost\n|\n|upkeep\n|turn|3\n|j| gazzlb\n|c|\u2606noahthenumbat|nooo, i thought i actually gaslit u into not knowing u had haze smh\n|\n|t:|1682975291\n|-terastallize|p1b: Garchomp|Steel\n|move|p1a: Chien-Pao|Crunch|p2a: Dondozo\n|-damage|p2a: Dondozo|41\/100\n|move|p1b: Garchomp|Substitute|p1b: Garchomp\n|-start|p1b: Garchomp|Substitute\n|-damage|p1b: Garchomp|76\/100\n|move|p2a: Dondozo|Order Up|p1a: Chien-Pao\n|-damage|p1a: Chien-Pao|0 fnt\n|faint|p1a: Chien-Pao\n|-boost|p2a: Dondozo|def|1\n|\n|upkeep\n|j| KinkyNesquick\n|\n|t:|1682975305\n|switch|p1a: Rotom|Rotom-Heat, L50|100\/100\n|turn|4\n|\n|t:|1682975325\n|move|p1b: Garchomp|Earthquake|p2a: Dondozo|[spread] p2a\n|-miss|p1b: Garchomp|p2b: Tatsugiri\n|-immune|p1a: Rotom|[from] ability: Levitate\n|-supereffective|p2a: Dondozo\n|-damage|p2a: Dondozo|3\/100\n|move|p1a: Rotom|Volt Switch|p2b: Tatsugiri|[miss]\n|-miss|p1a: Rotom|p2b: Tatsugiri\n|move|p2a: Dondozo|Order Up|p1a: Rotom\n|-damage|p1a: Rotom|73\/100\n|-boost|p2a: Dondozo|def|1\n|\n|upkeep\n|turn|5\n|\n|t:|1682975344\n|move|p1b: Garchomp|Earthquake|p2a: Dondozo|[spread] p2a\n|-miss|p1b: Garchomp|p2b: Tatsugiri\n|-immune|p1a: Rotom|[from] ability: Levitate\n|-supereffective|p2a: Dondozo\n|-damage|p2a: Dondozo|0 fnt\n|faint|p2a: Dondozo\n|move|p1a: Rotom|Volt Switch|p2b: Tatsugiri\n|-damage|p2b: Tatsugiri|67\/100\n|\n|t:|1682975355\n|switch|p1a: Lucario|Lucario, L50, F|100\/100|[from] Volt Switch\n|\n|upkeep\n|\n|t:|1682975386\n|switch|p2a: Lycanroc|Lycanroc, L50, F|100\/100\n|turn|6\n|\n|t:|1682975405\n|move|p2a: Lycanroc|Quick Guard|p2a: Lycanroc\n|-singleturn|p2a: Lycanroc|Quick Guard\n|move|p1a: Lucario|Extreme Speed|p2b: Tatsugiri\n|-activate|p2b: Tatsugiri|move: Quick Guard\n|move|p2b: Tatsugiri|Hydro Pump|p1a: Lucario\n|-damage|p1a: Lucario|9\/100\n|move|p1b: Garchomp|Dragon Claw|p2a: Lycanroc\n|-damage|p2a: Lycanroc|23\/100\n|\n|upkeep\n|turn|7\n|\n|t:|1682975423\n|switch|p1a: Rotom|Rotom-Heat, L50|73\/100\n|move|p2a: Lycanroc|Quick Guard|p2a: Lycanroc\n|-singleturn|p2a: Lycanroc|Quick Guard\n|move|p2b: Tatsugiri|Hydro Pump|p1a: Rotom|[miss]\n|-miss|p2b: Tatsugiri|p1a: Rotom\n|move|p1b: Garchomp|Earthquake|p2a: Lycanroc|[spread] p2a,p2b\n|-immune|p1a: Rotom|[from] ability: Levitate\n|-supereffective|p2a: Lycanroc\n|-damage|p2a: Lycanroc|0 fnt\n|-damage|p2b: Tatsugiri|0 fnt\n|faint|p2a: Lycanroc\n|faint|p2b: Tatsugiri\n|\n|upkeep\n|\n|t:|1682975431\n|switch|p2a: Pawmot|Pawmot, L50, F|100\/100\n|-item|p2a: Pawmot|Air Balloon\n|turn|8\n|c|\u2606Ciq108|Gg\n|c|\u2606noahthenumbat|gg\n|l| KinkyNesquick\n|\n|t:|1682975461\n|move|p2a: Pawmot|Revival Blessing|p2a: Pawmot\n|\n|t:|1682975465\n|-heal|p2: Dondozo|50\/100|[from] move: Revival Blessing\n|move|p1b: Garchomp|Dragon Claw|p2a: Pawmot\n|-damage|p2a: Pawmot|23\/100\n|-enditem|p2a: Pawmot|Air Balloon\n|move|p1a: Rotom|Overheat|p2a: Pawmot\n|-damage|p2a: Pawmot|0 fnt\n|-unboost|p1a: Rotom|spa|2\n|faint|p2a: Pawmot\n|\n|upkeep\n|\n|t:|1682975469\n|switch|p2a: Dondozo|Dondozo, L50, F|50\/100\n|turn|9\n|l| HottieLamatie\n|\n|t:|1682975481\n|move|p1b: Garchomp|Protect|p1b: Garchomp\n|-singleturn|p1b: Garchomp|Protect\n|move|p1a: Rotom|Discharge|p2a: Dondozo|[spread] p2a\n|-activate|p1b: Garchomp|move: Protect\n|-supereffective|p2a: Dondozo\n|-damage|p2a: Dondozo|25\/100\n|move|p2a: Dondozo|Wave Crash|p1a: Rotom\n|-supereffective|p1a: Rotom\n|-damage|p1a: Rotom|0 fnt\n|faint|p1a: Rotom\n|-damage|p2a: Dondozo|8\/100|[from] Recoil\n|\n|upkeep\n|\n|t:|1682975491\n|switch|p1a: Lucario|Lucario, L50, F|9\/100\n|turn|10\n|\n|t:|1682975498\n|move|p1b: Garchomp|Dragon Claw|p2a: Dondozo\n|-damage|p2a: Dondozo|0 fnt\n|faint|p2a: Dondozo\n|\n|win|Ciq108\n|l| gazzlb\n|l| SusJingles\n|l| kevsmoreno\n|j| Toronto 6ix\n|l| Toronto 6ix\n|l|\u2606Ciq108\n|l|\u2606noahthenumbat\n|j|\u2606noahthenumbat\n|player|p2|noahthenumbat|backersf\n","uploadtime":1682976654,"views":20,"p1id":"ciq108","p2id":"noahthenumbat","formatid":"gen9vgc2023regulationc","rating":0,"private":0,"password":""}