{"id":"gen9vgc2023regulationc-1858589005","p1":"Vengeful potato","p2":"HoodWNKD","format":"[Gen 9] VGC 2023 Regulation C","log":"|j|\u2606Vengeful potato\n|j|\u2606HoodWNKD\n|t:|1683329060\n|gametype|doubles\n|player|p1|Vengeful potato|swimmer-gen4|1236\n|player|p2|HoodWNKD|juan|1161\n|teamsize|p1|6\n|teamsize|p2|6\n|gen|9\n|tier|[Gen 9] VGC 2023 Regulation C\n|rated|\n|rule|Species Clause: Limit one of each Pok\u00e9mon\n|rule|Item Clause: Limit one of each item\n|clearpoke\n|poke|p1|Dudunsparce-*, L50, M|\n|poke|p1|Hariyama, L50, M|\n|poke|p1|Gengar, L50, F|\n|poke|p1|Corviknight, L50, M|\n|poke|p1|Rotom-Wash, L50|\n|poke|p1|Ting-Lu, L50|\n|poke|p2|Flutter Mane, L50|\n|poke|p2|Iron Hands, L50|\n|poke|p2|Amoonguss, L50, M|\n|poke|p2|Arcanine, L50, M|\n|poke|p2|Gastrodon-East, L50, M|\n|poke|p2|Chi-Yu, L50|\n|teampreview|4\nHoodWNKD has agreed to open team sheets.\nVengeful potato has agreed to open team sheets.\n|\n|t:|1683329101\n|start\n|switch|p1a: Double Trouble|Dudunsparce, L50, M|100\/100\n|switch|p1b: Status Enjoyer|Gengar, L50, F, shiny|100\/100\n|switch|p2a: Chi-Yu|Chi-Yu, L50|100\/100\n|switch|p2b: Flutter Mane|Flutter Mane, L50|100\/100\n|-ability|p2a: Chi-Yu|Beads of Ruin\n|-enditem|p2b: Flutter Mane|Booster Energy\n|-activate|p2b: Flutter Mane|ability: Protosynthesis|[fromitem]\n|-start|p2b: Flutter Mane|protosynthesisspe\n|turn|1\n|\n|t:|1683329143\n|switch|p1b: Deer Park|Ting-Lu, L50|100\/100\n|-ability|p1b: Deer Park|Vessel of Ruin\n|move|p2b: Flutter Mane|Shadow Ball|p1b: Deer Park\n|-resisted|p1b: Deer Park\n|-damage|p1b: Deer Park|89\/100\n|move|p2a: Chi-Yu|Heat Wave|p1a: Double Trouble|[spread] p1a,p1b\n|-crit|p1b: Deer Park\n|-damage|p1a: Double Trouble|64\/100\n|-damage|p1b: Deer Park|59\/100\n|move|p1a: Double Trouble|Glare|p2b: Flutter Mane\n|-status|p2b: Flutter Mane|par\n|\n|upkeep\n|turn|2\n|\n|t:|1683329181\n|switch|p2a: Gastrodon|Gastrodon-East, L50, M|100\/100\n|switch|p1b: Polished|Corviknight, L50, M, shiny|100\/100\n|move|p2b: Flutter Mane|Moonblast|p1b: Polished\n|-resisted|p1b: Polished\n|-damage|p1b: Polished|79\/100\n|move|p1a: Double Trouble|Glare|p2a: Gastrodon\n|-status|p2a: Gastrodon|par\n|\n|upkeep\n|turn|3\n|\n|t:|1683329232\n|move|p2b: Flutter Mane|Moonblast|p1a: Double Trouble\n|-damage|p1a: Double Trouble|15\/100\n|-enditem|p1a: Double Trouble|Sitrus Berry|[eat]\n|-heal|p1a: Double Trouble|39\/100|[from] item: Sitrus Berry\n|move|p1a: Double Trouble|Roost|p1a: Double Trouble\n|-heal|p1a: Double Trouble|89\/100\n|-singleturn|p1a: Double Trouble|move: Roost\n|move|p1b: Polished|Iron Head|p2b: Flutter Mane\n|-supereffective|p2b: Flutter Mane\n|-damage|p2b: Flutter Mane|0 fnt\n|faint|p2b: Flutter Mane\n|-end|p2b: Flutter Mane|Protosynthesis|[silent]\n|cant|p2a: Gastrodon|par\n|\n|upkeep\n|\n|t:|1683329257\n|switch|p2b: Chi-Yu|Chi-Yu, L50|100\/100\n|-ability|p2b: Chi-Yu|Beads of Ruin\n|turn|4\n|\n|t:|1683329268\n|switch|p1b: Deer Park|Ting-Lu, L50|59\/100\n|-ability|p1b: Deer Park|Vessel of Ruin\n|move|p2b: Chi-Yu|Heat Wave|p1b: Deer Park|[spread] p1a,p1b\n|-damage|p1a: Double Trouble|54\/100\n|-damage|p1b: Deer Park|36\/100\n|move|p1a: Double Trouble|Glare|p2b: Chi-Yu\n|-status|p2b: Chi-Yu|par\n|cant|p2a: Gastrodon|par\n|\n|upkeep\n|turn|5\n|\n|t:|1683329281\n|-terastallize|p2b: Chi-Yu|Grass\n|move|p1a: Double Trouble|Rock Slide|p2b: Chi-Yu|[spread] p2a,p2b\n|-resisted|p2a: Gastrodon\n|-crit|p2b: Chi-Yu\n|-damage|p2a: Gastrodon|93\/100 par\n|-damage|p2b: Chi-Yu|67\/100 par\n|move|p1b: Deer Park|Rock Slide|p2a: Gastrodon|[spread] p2a,p2b\n|-resisted|p2a: Gastrodon\n|-damage|p2a: Gastrodon|84\/100 par\n|-damage|p2b: Chi-Yu|40\/100 par\n|cant|p2b: Chi-Yu|par\n|cant|p2a: Gastrodon|flinch\n|\n|upkeep\n|turn|6\n|c|\u2606HoodWNKD|naturally\n|\n|t:|1683329299\n|move|p1a: Double Trouble|Rock Slide|p2b: Chi-Yu|[spread] p2a,p2b\n|-resisted|p2a: Gastrodon\n|-damage|p2a: Gastrodon|77\/100 par\n|-damage|p2b: Chi-Yu|20\/100 par\n|move|p1b: Deer Park|Rock Slide|p2b: Chi-Yu|[spread] p2a,p2b\n|-resisted|p2a: Gastrodon\n|-damage|p2a: Gastrodon|68\/100 par\n|-damage|p2b: Chi-Yu|0 fnt\n|faint|p2b: Chi-Yu\n|cant|p2a: Gastrodon|flinch\n|\n|upkeep\n|\n|t:|1683329300\n|switch|p2b: Iron Hands|Iron Hands, L50|100\/100\n|turn|7\n|\n|t:|1683329318\n|move|p2b: Iron Hands|Fake Out|p1a: Double Trouble\n|-damage|p1a: Double Trouble|39\/100\n|cant|p1a: Double Trouble|flinch\n|move|p1b: Deer Park|Stomping Tantrum|p2b: Iron Hands\n|-supereffective|p2b: Iron Hands\n|-damage|p2b: Iron Hands|61\/100\n|move|p2a: Gastrodon|Muddy Water|p1a: Double Trouble|[spread] p1a,p1b\n|-supereffective|p1b: Deer Park\n|-damage|p1a: Double Trouble|17\/100\n|-damage|p1b: Deer Park|10\/100\n|\n|upkeep\n|turn|8\n|\n|t:|1683329329\n|move|p1a: Double Trouble|Rock Slide|p2a: Gastrodon|[spread] p2a,p2b\n|-resisted|p2a: Gastrodon\n|-resisted|p2b: Iron Hands\n|-damage|p2a: Gastrodon|61\/100 par\n|-damage|p2b: Iron Hands|56\/100\n|move|p1b: Deer Park|Stomping Tantrum|p2b: Iron Hands\n|-supereffective|p2b: Iron Hands\n|-damage|p2b: Iron Hands|13\/100\n|cant|p2b: Iron Hands|flinch\n|move|p2a: Gastrodon|Muddy Water|p1b: Deer Park|[spread] p1a,p1b\n|-supereffective|p1b: Deer Park\n|-damage|p1a: Double Trouble|0 fnt\n|-damage|p1b: Deer Park|0 fnt\n|faint|p1a: Double Trouble\n|faint|p1b: Deer Park\n|\n|upkeep\n|\n|t:|1683329338\n|switch|p1a: Polished|Corviknight, L50, M, shiny|79\/100\n|switch|p1b: Status Enjoyer|Gengar, L50, F, shiny|100\/100\n|turn|9\n|\n|t:|1683329352\n|-terastallize|p1b: Status Enjoyer|Grass\n|move|p1b: Status Enjoyer|Hex|p2a: Gastrodon\n|-damage|p2a: Gastrodon|12\/100 par\n|move|p1a: Polished|Brave Bird|p2b: Iron Hands\n|-damage|p2b: Iron Hands|0 fnt\n|faint|p2b: Iron Hands\n|-end|p2b: Iron Hands|Quark Drive|[silent]\n|-damage|p1a: Polished|74\/100|[from] Recoil\n|move|p2a: Gastrodon|Muddy Water|p1b: Status Enjoyer|[spread] p1b\n|-miss|p2a: Gastrodon|p1a: Polished\n|-resisted|p1b: Status Enjoyer\n|-damage|p1b: Status Enjoyer|78\/100\n|\n|upkeep\n|turn|10\n|\n|t:|1683329360\n|move|p1b: Status Enjoyer|Energy Ball|p2a: Gastrodon\n|-supereffective|p2a: Gastrodon\n|-damage|p2a: Gastrodon|0 fnt\n|faint|p2a: Gastrodon\n|\n|win|Vengeful potato\n|raw|Vengeful potato's rating: 1236 → 1256<\/strong> (+20 for winning)\n|raw|HoodWNKD's rating: 1161 → 1141<\/strong> (-20 for losing)\n|l|\u2606HoodWNKD\n","uploadtime":1683329363,"views":5,"p1id":"vengefulpotato","p2id":"hoodwnkd","formatid":"gen9vgc2023regulationc","rating":1141,"private":0,"password":""}