{"id":"gen9vgc2023regulationc-1861326183","p1":"chopks52","p2":"redstonejesus","format":"[Gen 9] VGC 2023 Regulation C","log":"|j|\u2606chopks52\n|j|\u2606redstonejesus\n|t:|1683746161\n|gametype|doubles\n|player|p1|chopks52|2|1161\n|player|p2|redstonejesus|170|1147\n|teamsize|p1|6\n|teamsize|p2|6\n|gen|9\n|tier|[Gen 9] VGC 2023 Regulation C\n|rated|\n|rule|Species Clause: Limit one of each Pok\u00e9mon\n|rule|Item Clause: Limit one of each item\n|clearpoke\n|poke|p1|Flutter Mane, L50|\n|poke|p1|Amoonguss, L50, F|\n|poke|p1|Chien-Pao, L50|\n|poke|p1|Dragonite, L50, M|\n|poke|p1|Arcanine, L50, M|\n|poke|p1|Palafin, L50, F|\n|poke|p2|Great Tusk, L50|\n|poke|p2|Murkrow, L50, F|\n|poke|p2|Flutter Mane, L50|\n|poke|p2|Iron Bundle, L50|\n|poke|p2|Kingambit, L50, F|\n|poke|p2|Amoonguss, L50, F|\n|teampreview|4\nredstonejesus has agreed to open team sheets.\n|\n|t:|1683746193\n|start\n|switch|p1a: Dragonite|Dragonite, L50, M|100\/100\n|switch|p1b: Chien-Pao|Chien-Pao, L50|100\/100\n|switch|p2a: Hiroshi|Kingambit, L50, F|100\/100\n|switch|p2b: Move Along|Iron Bundle, L50|100\/100\n|-ability|p1b: Chien-Pao|Sword of Ruin\n|-enditem|p2b: Move Along|Booster Energy\n|-activate|p2b: Move Along|ability: Quark Drive|[fromitem]\n|-start|p2b: Move Along|quarkdrivespe\n|turn|1\n|\n|t:|1683746212\n|-terastallize|p1a: Dragonite|Normal\n|-terastallize|p2a: Hiroshi|Flying\n|move|p1a: Dragonite|Extreme Speed|p2b: Move Along\n|-damage|p2b: Move Along|32\/100\n|move|p1b: Chien-Pao|Sucker Punch|p2b: Move Along\n|-damage|p2b: Move Along|0 fnt\n|faint|p2b: Move Along\n|-end|p2b: Move Along|Quark Drive|[silent]\n|move|p2a: Hiroshi|Iron Head|p1b: Chien-Pao\n|-supereffective|p1b: Chien-Pao\n|-enditem|p1b: Chien-Pao|Focus Sash\n|-damage|p1b: Chien-Pao|1\/100\n|\n|upkeep\n|\n|t:|1683746223\n|switch|p2b: Goodlife|Great Tusk, L50, shiny|100\/100\n|turn|2\n|\n|t:|1683746252\n|switch|p1b: Arcanine|Arcanine, L50, M|100\/100\n|-ability|p1b: Arcanine|Intimidate|boost\n|-unboost|p2a: Hiroshi|atk|1\n|-ability|p2a: Hiroshi|Defiant|boost\n|-boost|p2a: Hiroshi|atk|2\n|-unboost|p2b: Goodlife|atk|1\n|move|p2a: Hiroshi|Sucker Punch||[still]\n|-fail|p2a: Hiroshi\n|move|p2b: Goodlife|Close Combat|p1a: Dragonite\n|-supereffective|p1a: Dragonite\n|-damage|p1a: Dragonite|51\/100\n|-unboost|p2b: Goodlife|def|1\n|-unboost|p2b: Goodlife|spd|1\n|move|p1a: Dragonite|Outrage|p2a: Hiroshi\n|-damage|p2a: Hiroshi|53\/100\n|\n|upkeep\n|turn|3\n|\n|t:|1683746290\n|move|p1b: Arcanine|Protect|p1b: Arcanine\n|-singleturn|p1b: Arcanine|Protect\n|move|p2b: Goodlife|Close Combat|p1a: Dragonite\n|-supereffective|p1a: Dragonite\n|-damage|p1a: Dragonite|0 fnt\n|-unboost|p2b: Goodlife|def|1\n|-unboost|p2b: Goodlife|spd|1\n|faint|p1a: Dragonite\n|move|p2a: Hiroshi|Kowtow Cleave|p1b: Arcanine\n|-activate|p1b: Arcanine|move: Protect\n|\n|upkeep\n|\n|t:|1683746301\n|switch|p1a: Chien-Pao|Chien-Pao, L50|1\/100\n|-ability|p1a: Chien-Pao|Sword of Ruin\n|turn|4\n|\n|t:|1683746307\n|-end|p2b: Goodlife|Protosynthesis|[silent]\n|switch|p2b: Kingslayer|Flutter Mane, L50|100\/100\n|move|p1a: Chien-Pao|Protect|p1a: Chien-Pao\n|-singleturn|p1a: Chien-Pao|Protect\n|move|p2a: Hiroshi|Sucker Punch||[still]\n|-fail|p2a: Hiroshi\n|move|p1b: Arcanine|Flare Blitz|p2a: Hiroshi\n|-damage|p2a: Hiroshi|4\/100\n|-damage|p1b: Arcanine|84\/100|[from] Recoil\n|\n|upkeep\n|turn|5\n|\n|t:|1683746324\n|switch|p1a: Amoonguss|Amoonguss, L50, F|100\/100\n|move|p1b: Arcanine|Extreme Speed|p2a: Hiroshi\n|-damage|p2a: Hiroshi|0 fnt\n|faint|p2a: Hiroshi\n|move|p2b: Kingslayer|Dazzling Gleam|p1a: Amoonguss|[spread] p1a,p1b\n|-resisted|p1a: Amoonguss\n|-resisted|p1b: Arcanine\n|-damage|p1a: Amoonguss|80\/100\n|-damage|p1b: Arcanine|59\/100\n|\n|upkeep\n|\n|t:|1683746329\n|switch|p2a: Goodlife|Great Tusk, L50, shiny|100\/100\n|turn|6\n|\n|t:|1683746409\n|move|p2a: Goodlife|Headlong Rush|p1a: Amoonguss\n|-damage|p1a: Amoonguss|33\/100\n|-unboost|p2a: Goodlife|def|1\n|-unboost|p2a: Goodlife|spd|1\n|-enditem|p1a: Amoonguss|Sitrus Berry|[eat]\n|-heal|p1a: Amoonguss|58\/100|[from] item: Sitrus Berry\n|move|p2b: Kingslayer|Dazzling Gleam|p1b: Arcanine|[spread] p1a,p1b\n|-resisted|p1a: Amoonguss\n|-resisted|p1b: Arcanine\n|-damage|p1a: Amoonguss|37\/100\n|-damage|p1b: Arcanine|33\/100\n|move|p1b: Arcanine|Will-O-Wisp|p2a: Goodlife\n|-status|p2a: Goodlife|brn\n|move|p1a: Amoonguss|Spore|p2b: Kingslayer\n|-status|p2b: Kingslayer|slp|[from] move: Spore\n|\n|-damage|p2a: Goodlife|95\/100 brn|[from] brn\n|upkeep\n|turn|7\n|\n|t:|1683746440\n|move|p1b: Arcanine|Extreme Speed|p2a: Goodlife\n|-damage|p2a: Goodlife|71\/100 brn\n|move|p1a: Amoonguss|Rage Powder|p1a: Amoonguss\n|-singleturn|p1a: Amoonguss|move: Rage Powder\n|move|p2a: Goodlife|Headlong Rush|p1a: Amoonguss\n|-damage|p1a: Amoonguss|11\/100\n|-unboost|p2a: Goodlife|def|1\n|-unboost|p2a: Goodlife|spd|1\n|cant|p2b: Kingslayer|slp\n|\n|-damage|p2a: Goodlife|65\/100 brn|[from] brn\n|upkeep\n|turn|8\n|\n|t:|1683746468\n|move|p1a: Amoonguss|Rage Powder|p1a: Amoonguss\n|-singleturn|p1a: Amoonguss|move: Rage Powder\n|move|p2a: Goodlife|Headlong Rush|p1a: Amoonguss\n|-damage|p1a: Amoonguss|0 fnt\n|-unboost|p2a: Goodlife|def|1\n|-unboost|p2a: Goodlife|spd|1\n|faint|p1a: Amoonguss\n|cant|p2b: Kingslayer|slp\n|move|p1b: Arcanine|Flare Blitz|p2b: Kingslayer\n|-crit|p2b: Kingslayer\n|-damage|p2b: Kingslayer|5\/100 slp\n|-damage|p1b: Arcanine|11\/100|[from] Recoil\n|\n|-damage|p2a: Goodlife|60\/100 brn|[from] brn\n|upkeep\n|\n|t:|1683746483\n|switch|p1a: Chien-Pao|Chien-Pao, L50|1\/100\n|-ability|p1a: Chien-Pao|Sword of Ruin\n|turn|9\n|\n|t:|1683746499\n|move|p1a: Chien-Pao|Sucker Punch|p2a: Goodlife\n|-resisted|p2a: Goodlife\n|-damage|p2a: Goodlife|14\/100 brn\n|move|p2a: Goodlife|Headlong Rush|p1a: Chien-Pao\n|-damage|p1a: Chien-Pao|0 fnt\n|-unboost|p2a: Goodlife|def|1\n|-unboost|p2a: Goodlife|spd|1\n|faint|p1a: Chien-Pao\n|-curestatus|p2b: Kingslayer|slp|[msg]\n|move|p2b: Kingslayer|Dazzling Gleam|p1b: Arcanine\n|-resisted|p1b: Arcanine\n|-damage|p1b: Arcanine|0 fnt\n|faint|p1b: Arcanine\n|\n|win|redstonejesus\n|raw|chopks52's rating: 1161 → 1135<\/strong> (-26 for losing)\n|raw|redstonejesus's rating: 1147 → 1173<\/strong> (+26 for winning)\n","uploadtime":1683746514,"views":11,"p1id":"chopks52","p2id":"redstonejesus","formatid":"gen9vgc2023regulationc","rating":1135,"private":0,"password":""}