{"id":"gen9vgc2023regulationc-1859645794","p1":"NeMesus69","p2":"Rizhaikal37","format":"[Gen 9] VGC 2023 Regulation C","log":"|j|\u2606NeMesus69\n|j|\u2606Rizhaikal37\n|t:|1683552304\n|gametype|doubles\n|player|p1|NeMesus69|bellelba|1056\n|player|p2|Rizhaikal37|nate|1053\n|teamsize|p1|6\n|teamsize|p2|6\n|gen|9\n|tier|[Gen 9] VGC 2023 Regulation C\n|rated|\n|rule|Species Clause: Limit one of each Pok\u00e9mon\n|rule|Item Clause: Limit one of each item\n|clearpoke\n|poke|p1|Gothitelle, L50, M|\n|poke|p1|Arcanine, L50, M|\n|poke|p1|Flutter Mane, L50|\n|poke|p1|Iron Hands, L50|\n|poke|p1|Palafin, L50, M|\n|poke|p1|Amoonguss, L50, M|\n|poke|p2|Flutter Mane, L50|\n|poke|p2|Oranguru, L50, M|\n|poke|p2|Torkoal, L50, F|\n|poke|p2|Slowbro, L50, M|\n|poke|p2|Pelipper, L50, F|\n|poke|p2|Indeedee-F, L50, F|\n|teampreview|4\n|\n|t:|1683552337\n|start\n|switch|p1a: Gothitelle|Gothitelle, L50, M|100\/100\n|switch|p1b: Flutter Mane|Flutter Mane, L50|100\/100\n|switch|p2a: Oranguru|Oranguru, L50, M|100\/100\n|switch|p2b: Flutter Mane|Flutter Mane, L50, shiny|100\/100\n|turn|1\n|inactive|Battle timer is ON: inactive players will automatically lose when time's up. (requested by NeMesus69)\n|\n|t:|1683552365\n|move|p1a: Gothitelle|Fake Out|p2a: Oranguru\n|-damage|p2a: Oranguru|95\/100\n|move|p1b: Flutter Mane|Shadow Ball|p2b: Flutter Mane\n|-supereffective|p2b: Flutter Mane\n|-damage|p2b: Flutter Mane|26\/100\n|-unboost|p2b: Flutter Mane|spd|1\n|move|p2b: Flutter Mane|Shadow Ball|p1a: Gothitelle\n|-supereffective|p1a: Gothitelle\n|-damage|p1a: Gothitelle|29\/100\n|-enditem|p1a: Gothitelle|Sitrus Berry|[eat]\n|-heal|p1a: Gothitelle|54\/100|[from] item: Sitrus Berry\n|cant|p2a: Oranguru|flinch\n|\n|-heal|p2a: Oranguru|100\/100|[from] item: Leftovers\n|upkeep\n|turn|2\n|\n|t:|1683552389\n|switch|p1a: Iron Hands|Iron Hands, L50|100\/100\n|move|p2b: Flutter Mane|Protect|p2b: Flutter Mane\n|-singleturn|p2b: Flutter Mane|Protect\n|move|p1b: Flutter Mane|Shadow Ball|p2b: Flutter Mane\n|-activate|p2b: Flutter Mane|move: Protect\n|move|p2a: Oranguru|Trick Room|p2a: Oranguru\n|-fieldstart|move: Trick Room|[of] p2a: Oranguru\n|\n|upkeep\n|turn|3\n|inactive|NeMesus69 has 30 seconds left.\n|\n|t:|1683552420\n|-end|p2b: Flutter Mane|Protosynthesis|[silent]\n|switch|p2b: Torkoal|Torkoal, L50, F|100\/100\n|-weather|SunnyDay|[from] ability: Drought|[of] p2b: Torkoal\n|-activate|p1b: Flutter Mane|ability: Protosynthesis\n|-start|p1b: Flutter Mane|protosynthesisspe\n|move|p2a: Oranguru|Protect|p2a: Oranguru\n|-singleturn|p2a: Oranguru|Protect\n|move|p1a: Iron Hands|Volt Switch|p2a: Oranguru\n|-activate|p2a: Oranguru|move: Protect\n|move|p1b: Flutter Mane|Perish Song|p1b: Flutter Mane\n|-start|p1a: Iron Hands|perish3|[silent]\n|-start|p1b: Flutter Mane|perish3|[silent]\n|-start|p2a: Oranguru|perish3|[silent]\n|-start|p2b: Torkoal|perish3|[silent]\n|-fieldactivate|move: Perish Song\n|\n|-weather|SunnyDay|[upkeep]\n|-start|p2b: Torkoal|perish3\n|-start|p2a: Oranguru|perish3\n|-start|p1a: Iron Hands|perish3\n|-start|p1b: Flutter Mane|perish3\n|upkeep\n|turn|4\n|inactive|NeMesus69 has 30 seconds left.\n|inactive|Rizhaikal37 has 30 seconds left.\n|inactive|NeMesus69 has 20 seconds left.\n|inactive|NeMesus69 has 15 seconds left.\n|\n|t:|1683552460\n|move|p2b: Torkoal|Eruption|p1b: Flutter Mane|[spread] p1a,p1b\n|-damage|p1a: Iron Hands|29\/100\n|-enditem|p1b: Flutter Mane|Focus Sash\n|-damage|p1b: Flutter Mane|1\/100\n|move|p2a: Oranguru|Instruct|p2b: Torkoal\n|-singleturn|p2b: Torkoal|move: Instruct|[of] p2a: Oranguru\n|move|p2b: Torkoal|Eruption|p1a: Iron Hands|[spread] p1a,p1b\n|-crit|p1a: Iron Hands\n|-damage|p1a: Iron Hands|0 fnt\n|-damage|p1b: Flutter Mane|0 fnt\n|faint|p1a: Iron Hands\n|-end|p1a: Iron Hands|Quark Drive|[silent]\n|faint|p1b: Flutter Mane\n|-end|p1b: Flutter Mane|Protosynthesis|[silent]\n|\n|-weather|SunnyDay|[upkeep]\n|-start|p2b: Torkoal|perish2\n|-start|p2a: Oranguru|perish2\n|upkeep\n|\n|t:|1683552471\n|switch|p1a: Gothitelle|Gothitelle, L50, M|54\/100\n|switch|p1b: Amoonguss|Amoonguss, L50, M|100\/100\n|turn|5\n|\n|t:|1683552486\n|move|p1a: Gothitelle|Fake Out|p2b: Torkoal\n|-damage|p2b: Torkoal|95\/100\n|cant|p2b: Torkoal|flinch\n|move|p1b: Amoonguss|Pollen Puff|p1a: Gothitelle\n|-heal|p1a: Gothitelle|100\/100\n|move|p2a: Oranguru|Instruct|p2b: Torkoal\n|-singleturn|p2b: Torkoal|move: Instruct|[of] p2a: Oranguru\n|cant|p2b: Torkoal|flinch\n|\n|-weather|SunnyDay|[upkeep]\n|-start|p2b: Torkoal|perish1\n|-start|p2a: Oranguru|perish1\n|upkeep\n|turn|6\n|\n|t:|1683552509\n|move|p1b: Amoonguss|Protect|p1b: Amoonguss\n|-singleturn|p1b: Amoonguss|Protect\n|move|p1a: Gothitelle|Protect|p1a: Gothitelle\n|-singleturn|p1a: Gothitelle|Protect\n|move|p2b: Torkoal|Eruption|p1b: Amoonguss|[spread] \n|-activate|p1a: Gothitelle|move: Protect\n|-activate|p1b: Amoonguss|move: Protect\n|move|p2a: Oranguru|Instruct|p2b: Torkoal\n|-singleturn|p2b: Torkoal|move: Instruct|[of] p2a: Oranguru\n|move|p2b: Torkoal|Eruption|p1b: Amoonguss|[spread] \n|-activate|p1a: Gothitelle|move: Protect\n|-activate|p1b: Amoonguss|move: Protect\n|\n|-weather|SunnyDay|[upkeep]\n|-start|p2b: Torkoal|perish0\n|-start|p2a: Oranguru|perish0\n|-fieldend|move: Trick Room\n|faint|p2b: Torkoal\n|faint|p2a: Oranguru\n|upkeep\n|\n|t:|1683552525\n|switch|p2a: Pelipper|Pelipper, L50, F|100\/100\n|switch|p2b: Flutter Mane|Flutter Mane, L50, shiny|26\/100\n|-activate|p2b: Flutter Mane|ability: Protosynthesis\n|-start|p2b: Flutter Mane|protosynthesisspa\n|-weather|RainDance|[from] ability: Drizzle|[of] p2a: Pelipper\n|-end|p2b: Flutter Mane|Protosynthesis\n|turn|7\n|inactive|NeMesus69 has 30 seconds left.\n|\n|t:|1683552554\n|-terastallize|p2b: Flutter Mane|Grass\n|-terastallize|p1a: Gothitelle|Flying\n|move|p2b: Flutter Mane|Shadow Ball|p1a: Gothitelle\n|-damage|p1a: Gothitelle|67\/100\n|move|p1a: Gothitelle|Psychic|p2a: Pelipper\n|-damage|p2a: Pelipper|60\/100\n|move|p1b: Amoonguss|Spore|p2b: Flutter Mane\n|-immune|p2b: Flutter Mane\n|move|p2a: Pelipper|Hurricane|p1b: Amoonguss\n|-supereffective|p1b: Amoonguss\n|-damage|p1b: Amoonguss|35\/100\n|\n|-weather|RainDance|[upkeep]\n|upkeep\n|turn|8\n|inactive|Rizhaikal37 has 30 seconds left.\n|inactive|Rizhaikal37 has 20 seconds left.\n|inactive|Rizhaikal37 has 15 seconds left.\n|inactive|Rizhaikal37 has 10 seconds left.\n|\n|t:|1683552601\n|move|p1b: Amoonguss|Protect|p1b: Amoonguss\n|-singleturn|p1b: Amoonguss|Protect\n|move|p2a: Pelipper|Protect|p2a: Pelipper\n|-singleturn|p2a: Pelipper|Protect\n|move|p2b: Flutter Mane|Perish Song|p2b: Flutter Mane\n|-start|p1a: Gothitelle|perish3|[silent]\n|-start|p1b: Amoonguss|perish3|[silent]\n|-start|p2a: Pelipper|perish3|[silent]\n|-start|p2b: Flutter Mane|perish3|[silent]\n|-fieldactivate|move: Perish Song\n|move|p1a: Gothitelle|Psychic|p2b: Flutter Mane\n|-damage|p2b: Flutter Mane|2\/100\n|\n|-weather|RainDance|[upkeep]\n|-start|p2b: Flutter Mane|perish3\n|-start|p1a: Gothitelle|perish3\n|-start|p1b: Amoonguss|perish3\n|-start|p2a: Pelipper|perish3\n|upkeep\n|turn|9\n|inactive|NeMesus69 has 30 seconds left.\n|inactive|Rizhaikal37 has 30 seconds left.\n|inactive|NeMesus69 has 20 seconds left.\n|inactive|NeMesus69 has 15 seconds left.\n|\n|t:|1683552646\n|move|p2b: Flutter Mane|Protect|p2b: Flutter Mane\n|-singleturn|p2b: Flutter Mane|Protect\n|move|p1b: Amoonguss|Protect||[still]\n|-fail|p1b: Amoonguss\n|move|p1a: Gothitelle|Psychic|p2b: Flutter Mane\n|-activate|p2b: Flutter Mane|move: Protect\n|move|p2a: Pelipper|Hurricane|p1b: Amoonguss\n|-supereffective|p1b: Amoonguss\n|-damage|p1b: Amoonguss|0 fnt\n|faint|p1b: Amoonguss\n|\n|-weather|RainDance|[upkeep]\n|-start|p2b: Flutter Mane|perish2\n|-start|p1a: Gothitelle|perish2\n|-start|p2a: Pelipper|perish2\n|upkeep\n|turn|10\n|inactive|Rizhaikal37 has 30 seconds left.\n|inactive|Rizhaikal37 has 20 seconds left.\n|inactive|Rizhaikal37 has 15 seconds left.\n|inactive|Rizhaikal37 has 10 seconds left.\n|\n|t:|1683552694\n|move|p2b: Flutter Mane|Shadow Ball|p1a: Gothitelle\n|-damage|p1a: Gothitelle|36\/100\n|move|p1a: Gothitelle|Psychic|p2b: Flutter Mane\n|-damage|p2b: Flutter Mane|0 fnt\n|faint|p2b: Flutter Mane\n|-end|p2b: Flutter Mane|Protosynthesis|[silent]\n|move|p2a: Pelipper|Hurricane|p1a: Gothitelle\n|-damage|p1a: Gothitelle|1\/100\n|\n|-weather|RainDance|[upkeep]\n|-start|p1a: Gothitelle|perish1\n|-start|p2a: Pelipper|perish1\n|upkeep\n|turn|11\n|c|\u2606NeMesus69|1 jhp clutch\n|\n|t:|1683552714\n|move|p1a: Gothitelle|Protect|p1a: Gothitelle\n|-singleturn|p1a: Gothitelle|Protect\n|move|p2a: Pelipper|Hurricane|p1a: Gothitelle\n|-activate|p1a: Gothitelle|move: Protect\n|\n|-weather|none\n|-start|p1a: Gothitelle|perish0\n|-start|p2a: Pelipper|perish0\n|faint|p1a: Gothitelle\n|faint|p2a: Pelipper\n|\n|win|Rizhaikal37\n|upkeep\n|raw|NeMesus69's rating: 1056 → 1037<\/strong> (-19 for losing)\n|raw|Rizhaikal37's rating: 1053 → 1085<\/strong> (+32 for winning)\n|l|\u2606NeMesus69\n","uploadtime":1683552990,"views":6,"p1id":"nemesus69","p2id":"rizhaikal37","formatid":"gen9vgc2023regulationc","rating":1037,"private":0,"password":""}