{"id":"gen9vgc2023regulationc-1846581672","p1":"KB1107","p2":"The22Cabbage","format":"[Gen 9] VGC 2023 Regulation C","log":"|j|\u2606KB1107\n|j|\u2606The22Cabbage\n|t:|1681853908\n|gametype|doubles\n|player|p1|KB1107|hugh|1111\n|player|p2|The22Cabbage|workerice|1127\n|teamsize|p1|6\n|teamsize|p2|6\n|gen|9\n|tier|[Gen 9] VGC 2023 Regulation C\n|rated|\n|rule|Species Clause: Limit one of each Pok\u00e9mon\n|rule|Item Clause: Limit one of each item\n|clearpoke\n|poke|p1|Torkoal, L50, F|\n|poke|p1|Scizor, L50, M|\n|poke|p1|Scovillain, L50, F|\n|poke|p1|Garchomp, L50, M|\n|poke|p1|Iron Hands, L50|\n|poke|p1|Dragonite, L50, F|\n|poke|p2|Iron Moth, L50|\n|poke|p2|Espathra, L50, F|\n|poke|p2|Veluza, L50, F|\n|poke|p2|Tatsugiri-Droopy, L50, F|\n|poke|p2|Baxcalibur, L50, M|\n|poke|p2|Jumpluff, L50, F|\n|teampreview|4\n|\n|t:|1681853954\n|start\n|switch|p1a: Iron Hands|Iron Hands, L50|100\/100\n|switch|p1b: Dragonite|Dragonite, L50, F|100\/100\n|switch|p2a: Veluza|Veluza, L50, F, shiny|100\/100\n|switch|p2b: Jumpluff|Jumpluff, L50, F, shiny|100\/100\n|-enditem|p1a: Iron Hands|Booster Energy\n|-activate|p1a: Iron Hands|ability: Quark Drive|[fromitem]\n|-start|p1a: Iron Hands|quarkdriveatk\n|turn|1\n|inactive|Battle timer is ON: inactive players will automatically lose when time's up. (requested by The22Cabbage)\n|\n|t:|1681853971\n|-terastallize|p1b: Dragonite|Normal\n|move|p2a: Veluza|Protect|p2a: Veluza\n|-singleturn|p2a: Veluza|Protect\n|move|p1a: Iron Hands|Fake Out|p2b: Jumpluff\n|-damage|p2b: Jumpluff|75\/100\n|move|p1b: Dragonite|Extreme Speed|p2b: Jumpluff\n|-damage|p2b: Jumpluff|13\/100\n|cant|p2b: Jumpluff|flinch\n|\n|upkeep\n|turn|2\n|\n|t:|1681853990\n|move|p1a: Iron Hands|Protect|p1a: Iron Hands\n|-singleturn|p1a: Iron Hands|Protect\n|move|p2b: Jumpluff|Rage Powder|p2b: Jumpluff\n|-singleturn|p2b: Jumpluff|move: Rage Powder\n|move|p1b: Dragonite|Extreme Speed|p2b: Jumpluff\n|-crit|p2b: Jumpluff\n|-damage|p2b: Jumpluff|0 fnt\n|faint|p2b: Jumpluff\n|move|p2a: Veluza|Fillet Away|p2a: Veluza\n|-boost|p2a: Veluza|atk|2\n|-boost|p2a: Veluza|spa|2\n|-boost|p2a: Veluza|spe|2\n|-damage|p2a: Veluza|51\/100\n|\n|upkeep\n|\n|t:|1681854009\n|switch|p2b: Iron Moth|Iron Moth, L50, shiny|100\/100\n|-enditem|p2b: Iron Moth|Booster Energy\n|-activate|p2b: Iron Moth|ability: Quark Drive|[fromitem]\n|-start|p2b: Iron Moth|quarkdrivespa\n|turn|3\n|\n|t:|1681854025\n|-terastallize|p2b: Iron Moth|Fairy\n|move|p2a: Veluza|Protect|p2a: Veluza\n|-singleturn|p2a: Veluza|Protect\n|move|p1b: Dragonite|Extreme Speed|p2b: Iron Moth\n|-damage|p2b: Iron Moth|24\/100\n|move|p2b: Iron Moth|Dazzling Gleam|p1b: Dragonite|[spread] p1a,p1b\n|-supereffective|p1a: Iron Hands\n|-damage|p1a: Iron Hands|15\/100\n|-damage|p1b: Dragonite|86\/100\n|move|p1a: Iron Hands|Drain Punch|p2b: Iron Moth\n|-resisted|p2b: Iron Moth\n|-damage|p2b: Iron Moth|0 fnt\n|-heal|p1a: Iron Hands|22\/100|[from] drain|[of] p2b: Iron Moth\n|faint|p2b: Iron Moth\n|-end|p2b: Iron Moth|Quark Drive|[silent]\n|\n|upkeep\n|\n|t:|1681854043\n|switch|p2b: Baxcalibur|Baxcalibur, L50, M, shiny|100\/100\n|turn|4\n|\n|t:|1681854061\n|move|p1a: Iron Hands|Protect|p1a: Iron Hands\n|-singleturn|p1a: Iron Hands|Protect\n|move|p1b: Dragonite|Extreme Speed|p2a: Veluza\n|-damage|p2a: Veluza|0 fnt\n|faint|p2a: Veluza\n|move|p2b: Baxcalibur|Icicle Spear|p1a: Iron Hands\n|-activate|p1a: Iron Hands|move: Protect\n|\n|upkeep\n|turn|5\n|-message|The22Cabbage forfeited.\n|\n|win|KB1107\n|raw|KB1107's rating: 1111 → 1137<\/strong> (+26 for winning)\n|raw|The22Cabbage's rating: 1127 → 1101<\/strong> (-26 for losing)\n|l|\u2606The22Cabbage\n","uploadtime":1681854075,"views":14,"p1id":"kb1107","p2id":"the22cabbage","formatid":"gen9vgc2023regulationc","rating":1101,"private":0,"password":""}