{"id":"gen9vgc2023regulationc-1847485657","p1":"hpunk","p2":"Sprye0216","format":"[Gen 9] VGC 2023 Regulation C","log":"|j|\u2606hpunk\n|j|\u2606Sprye0216\n|t:|1681961097\n|gametype|doubles\n|player|p1|hpunk|101|1313\n|player|p2|Sprye0216|skyla|1212\n|teamsize|p1|6\n|teamsize|p2|6\n|gen|9\n|tier|[Gen 9] VGC 2023 Regulation C\n|rated|\n|rule|Species Clause: Limit one of each Pok\u00e9mon\n|rule|Item Clause: Limit one of each item\n|clearpoke\n|poke|p1|Iron Hands, L50|\n|poke|p1|Amoonguss, L50, M|\n|poke|p1|Gothitelle, L50, F|\n|poke|p1|Flutter Mane, L50|\n|poke|p1|Torkoal, L50, F|\n|poke|p1|Chien-Pao, L50|\n|poke|p2|Talonflame, L50, F|\n|poke|p2|Garchomp, L50, M|\n|poke|p2|Gholdengo, L50|\n|poke|p2|Palafin, L50, M|\n|poke|p2|Amoonguss, L50, F|\n|poke|p2|Ting-Lu, L50|\n|teampreview|4\nSprye0216 has agreed to open team sheets.\n|inactive|Battle timer is ON: inactive players will automatically lose when time's up. (requested by hpunk)\n|\n|t:|1681961136\n|start\n|switch|p1a: Gothitelle|Gothitelle, L50, F|100\/100\n|switch|p1b: Iron Hands|Iron Hands, L50|100\/100\n|switch|p2a: Talonflame|Talonflame, L50, F|100\/100\n|switch|p2b: Garchomp|Garchomp, L50, M|100\/100\n|turn|1\n|inactive|Sprye0216 has 30 seconds left.\n|\n|t:|1681961167\n|move|p2a: Talonflame|Will-O-Wisp|p1b: Iron Hands\n|-status|p1b: Iron Hands|brn\n|move|p2b: Garchomp|Earthquake|p1b: Iron Hands|[spread] p1a,p1b\n|-immune|p2a: Talonflame\n|-supereffective|p1b: Iron Hands\n|-damage|p1a: Gothitelle|68\/100\n|-damage|p1b: Iron Hands|40\/100 brn\n|-enditem|p1b: Iron Hands|Sitrus Berry|[eat]\n|-heal|p1b: Iron Hands|65\/100 brn|[from] item: Sitrus Berry\n|move|p1b: Iron Hands|Drain Punch|p2b: Garchomp\n|-damage|p2b: Garchomp|81\/100\n|-heal|p1b: Iron Hands|72\/100 brn|[from] drain|[of] p2b: Garchomp\n|-damage|p1b: Iron Hands|60\/100 brn|[from] ability: Rough Skin|[of] p2b: Garchomp\n|move|p1a: Gothitelle|Trick Room|p1a: Gothitelle\n|-fieldstart|move: Trick Room|[of] p1a: Gothitelle\n|\n|-damage|p1b: Iron Hands|54\/100 brn|[from] brn\n|upkeep\n|turn|2\n|inactive|Sprye0216 has 30 seconds left.\n|\n|t:|1681961196\n|move|p2a: Talonflame|Brave Bird|p1b: Iron Hands\n|-damage|p1b: Iron Hands|30\/100 brn\n|-damage|p2a: Talonflame|89\/100|[from] Recoil\n|move|p1b: Iron Hands|Belly Drum||[still]\n|-fail|p1b: Iron Hands\n|move|p1a: Gothitelle|Heal Pulse|p1b: Iron Hands\n|-heal|p1b: Iron Hands|80\/100 brn\n|move|p2b: Garchomp|Earthquake|p1a: Gothitelle|[spread] p1a,p1b\n|-immune|p2a: Talonflame\n|-supereffective|p1b: Iron Hands\n|-damage|p1a: Gothitelle|32\/100\n|-damage|p1b: Iron Hands|24\/100 brn\n|\n|-damage|p1b: Iron Hands|18\/100 brn|[from] brn\n|upkeep\n|turn|3\n|\n|t:|1681961217\n|move|p1a: Gothitelle|Helping Hand|p1b: Iron Hands\n|-singleturn|p1b: Iron Hands|Helping Hand|[of] p1a: Gothitelle\n|move|p1b: Iron Hands|Drain Punch|p2b: Garchomp\n|-damage|p2b: Garchomp|54\/100\n|-heal|p1b: Iron Hands|28\/100 brn|[from] drain|[of] p2b: Garchomp\n|-damage|p1b: Iron Hands|16\/100 brn|[from] ability: Rough Skin|[of] p2b: Garchomp\n|move|p2b: Garchomp|Earthquake|p1a: Gothitelle|[spread] p1a,p1b\n|-immune|p2a: Talonflame\n|-supereffective|p1b: Iron Hands\n|-damage|p1a: Gothitelle|0 fnt\n|-damage|p1b: Iron Hands|0 fnt\n|faint|p1a: Gothitelle\n|faint|p1b: Iron Hands\n|-end|p1b: Iron Hands|Quark Drive|[silent]\n|move|p2a: Talonflame|Brave Bird|p1: Gothitelle|[notarget]\n|-fail|p2a: Talonflame\n|\n|upkeep\n|\n|t:|1681961220\n|switch|p1b: Chien-Pao|Chien-Pao, L50|100\/100\n|switch|p1a: Torkoal|Torkoal, L50, F|100\/100\n|-weather|SunnyDay|[from] ability: Drought|[of] p1a: Torkoal\n|-ability|p1b: Chien-Pao|Sword of Ruin\n|turn|4\n|\n|t:|1681961244\n|-terastallize|p1a: Torkoal|Fire\n|move|p2b: Garchomp|Protect|p2b: Garchomp\n|-singleturn|p2b: Garchomp|Protect\n|move|p1b: Chien-Pao|Sucker Punch||[still]\n|-fail|p1b: Chien-Pao\n|move|p1a: Torkoal|Eruption|p2a: Talonflame|[spread] p2a\n|-activate|p2b: Garchomp|move: Protect\n|-resisted|p2a: Talonflame\n|-damage|p2a: Talonflame|0 fnt\n|faint|p2a: Talonflame\n|\n|-weather|SunnyDay|[upkeep]\n|upkeep\n|\n|t:|1681961258\n|switch|p2a: Palafin|Palafin, L50, M|100\/100\n|turn|5\n|\n|t:|1681961274\n|detailschange|p2a: Palafin|Palafin-Hero, L50, M\n|switch|p2a: Ting-Lu|Ting-Lu, L50|100\/100\n|-ability|p2a: Ting-Lu|Vessel of Ruin\n|-terastallize|p2b: Garchomp|Fire\n|move|p1b: Chien-Pao|Sucker Punch|p2b: Garchomp\n|-damage|p2b: Garchomp|3\/100\n|-damage|p1b: Chien-Pao|88\/100|[from] ability: Rough Skin|[of] p2b: Garchomp\n|move|p1a: Torkoal|Eruption|p2a: Ting-Lu|[spread] p2a,p2b\n|-resisted|p2b: Garchomp\n|-damage|p2a: Ting-Lu|53\/100\n|-damage|p2b: Garchomp|0 fnt\n|faint|p2b: Garchomp\n|\n|-weather|SunnyDay|[upkeep]\n|-fieldend|move: Trick Room\n|upkeep\n|\n|t:|1681961288\n|switch|p2b: Palafin|Palafin-Hero, L50, M|100\/100\n|-activate|p2b: Palafin|ability: Zero to Hero\n|turn|6\n|\n|t:|1681961303\n|move|p1b: Chien-Pao|Sacred Sword|p2a: Ting-Lu\n|-supereffective|p2a: Ting-Lu\n|-damage|p2a: Ting-Lu|9\/100\n|move|p2b: Palafin|Wave Crash|p1a: Torkoal\n|-supereffective|p1a: Torkoal\n|-damage|p1a: Torkoal|11\/100\n|-damage|p2b: Palafin|75\/100|[from] Recoil\n|move|p2a: Ting-Lu|Fissure|p1b: Chien-Pao|[miss]\n|-miss|p2a: Ting-Lu|p1b: Chien-Pao\n|move|p1a: Torkoal|Eruption|p2a: Ting-Lu|[spread] p2a,p2b\n|-resisted|p2b: Palafin\n|-damage|p2a: Ting-Lu|3\/100\n|-damage|p2b: Palafin|68\/100\n|\n|-weather|SunnyDay|[upkeep]\n|upkeep\n|turn|7\n|\n|t:|1681961323\n|move|p1b: Chien-Pao|Sucker Punch|p2b: Palafin\n|-damage|p2b: Palafin|24\/100\n|move|p2b: Palafin|Jet Punch|p1a: Torkoal\n|-supereffective|p1a: Torkoal\n|-damage|p1a: Torkoal|0 fnt\n|faint|p1a: Torkoal\n|move|p2a: Ting-Lu|Stomping Tantrum|p1b: Chien-Pao\n|-damage|p1b: Chien-Pao|0 fnt\n|faint|p1b: Chien-Pao\n|\n|win|Sprye0216\n|raw|hpunk's rating: 1313 → 1287<\/strong> (-26 for losing)\n|raw|Sprye0216's rating: 1212 → 1244<\/strong> (+32 for winning)\n","uploadtime":1681961334,"views":5,"p1id":"hpunk","p2id":"sprye0216","formatid":"gen9vgc2023regulationc","rating":1244,"private":0,"password":""}