{"id":"gen9vgc2023regulationc-1857923311","p1":"chalmander69","p2":"Volcano0","format":"[Gen 9] VGC 2023 Regulation C","log":"|j|\u2606chalmander69\n|j|\u2606Volcano0\n|t:|1683247832\n|gametype|doubles\n|player|p1|chalmander69|harlequin|\n|player|p2|Volcano0|benga|\n|teamsize|p1|6\n|teamsize|p2|6\n|gen|9\n|tier|[Gen 9] VGC 2023 Regulation C\n|rule|Species Clause: Limit one of each Pok\u00e9mon\n|rule|Item Clause: Limit one of each item\n|clearpoke\n|poke|p1|Chi-Yu, L50|\n|poke|p1|Corviknight, L50, F|\n|poke|p1|Arcanine, L50, M|\n|poke|p1|Flutter Mane, L50|\n|poke|p1|Amoonguss, L50, M|\n|poke|p1|Iron Hands, L50|\n|poke|p2|Talonflame, L50, M|\n|poke|p2|Garchomp, L50, F|\n|poke|p2|Tyranitar, L50, F|\n|poke|p2|Lycanroc, L50, F|\n|poke|p2|Gyarados, L50, F|\n|poke|p2|Flutter Mane, L50|\n|teampreview|4\n|inactive|Battle timer is ON: inactive players will automatically lose when time's up. (requested by Volcano0)\nchalmander69 has agreed to open team sheets.\nVolcano0 has agreed to open team sheets.\n|inactive|chalmander69 has 60 seconds left.\n|inactive|Volcano0 has 60 seconds left.\n|\n|t:|1683247883\n|start\n|switch|p1a: Amoonguss|Amoonguss, L50, M|100\/100\n|switch|p1b: Corviknight|Corviknight, L50, F, shiny|100\/100\n|switch|p2a: Talonflame|Talonflame, L50, M|100\/100\n|switch|p2b: Garchomp|Garchomp, L50, F|100\/100\n|turn|1\n|inactive|chalmander69 has 30 seconds left.\n|\n|t:|1683247919\n|move|p1a: Amoonguss|Rage Powder|p1a: Amoonguss\n|-singleturn|p1a: Amoonguss|move: Rage Powder\n|move|p2a: Talonflame|Taunt|p1a: Amoonguss\n|-start|p1a: Amoonguss|move: Taunt\n|move|p2b: Garchomp|Swords Dance|p2b: Garchomp\n|-boost|p2b: Garchomp|atk|2\n|move|p1b: Corviknight|Tailwind|p1b: Corviknight\n|-sidestart|p1: chalmander69|move: Tailwind\n|\n|upkeep\n|turn|2\n|inactive|chalmander69 has 30 seconds left.\n|\n|t:|1683247945\n|move|p2a: Talonflame|Tailwind|p2a: Talonflame\n|-sidestart|p2: Volcano0|move: Tailwind\n|move|p2b: Garchomp|Dragon Claw|p1a: Amoonguss\n|-damage|p1a: Amoonguss|30\/100\n|-enditem|p1a: Amoonguss|Sitrus Berry|[eat]\n|-heal|p1a: Amoonguss|56\/100|[from] item: Sitrus Berry\n|move|p1b: Corviknight|Iron Head|p2a: Talonflame\n|-resisted|p2a: Talonflame\n|-damage|p2a: Talonflame|84\/100\n|move|p1a: Amoonguss|Clear Smog|p2b: Garchomp\n|-resisted|p2b: Garchomp\n|-damage|p2b: Garchomp|93\/100\n|-clearboost|p2b: Garchomp\n|\n|upkeep\n|turn|3\n|inactive|chalmander69 has 30 seconds left.\n|inactive|chalmander69 has 20 seconds left.\n|\n|t:|1683247981\n|switch|p1a: Iron Hands|Iron Hands, L50|100\/100\n|move|p1b: Corviknight|Protect|p1b: Corviknight\n|-singleturn|p1b: Corviknight|Protect\n|move|p2a: Talonflame|Brave Bird|p1a: Iron Hands\n|-damage|p1a: Iron Hands|75\/100\n|-damage|p2a: Talonflame|71\/100|[from] Recoil\n|move|p2b: Garchomp|Swords Dance|p2b: Garchomp\n|-boost|p2b: Garchomp|atk|2\n|\n|upkeep\n|turn|4\n|\n|t:|1683248002\n|move|p1a: Iron Hands|Fake Out|p2b: Garchomp\n|-damage|p2b: Garchomp|77\/100\n|move|p2a: Talonflame|Brave Bird|p1a: Iron Hands\n|-damage|p1a: Iron Hands|49\/100\n|-damage|p2a: Talonflame|58\/100|[from] Recoil\n|cant|p2b: Garchomp|flinch\n|move|p1b: Corviknight|Brave Bird|p2b: Garchomp\n|-damage|p2b: Garchomp|35\/100\n|-damage|p1b: Corviknight|86\/100|[from] Recoil\n|\n|-sideend|p1: chalmander69|move: Tailwind\n|upkeep\n|turn|5\n|\n|t:|1683248019\n|-end|p1a: Iron Hands|Quark Drive|[silent]\n|switch|p1a: Amoonguss|Amoonguss, L50, M|89\/100\n|move|p1b: Corviknight|Protect|p1b: Corviknight\n|-singleturn|p1b: Corviknight|Protect\n|move|p2a: Talonflame|Brave Bird|p1a: Amoonguss\n|-supereffective|p1a: Amoonguss\n|-damage|p1a: Amoonguss|34\/100\n|-damage|p2a: Talonflame|32\/100|[from] Recoil\n|move|p2b: Garchomp|Earthquake|p1a: Amoonguss|[spread] p1a\n|-activate|p1b: Corviknight|move: Protect\n|-immune|p2a: Talonflame\n|-damage|p1a: Amoonguss|0 fnt\n|faint|p1a: Amoonguss\n|\n|-sideend|p2: Volcano0|move: Tailwind\n|upkeep\n|\n|t:|1683248034\n|switch|p1a: Iron Hands|Iron Hands, L50|49\/100\n|turn|6\n|\n|t:|1683248043\n|move|p2a: Talonflame|Protect|p2a: Talonflame\n|-singleturn|p2a: Talonflame|Protect\n|move|p2b: Garchomp|Protect|p2b: Garchomp\n|-singleturn|p2b: Garchomp|Protect\n|move|p1a: Iron Hands|Fake Out|p2b: Garchomp\n|-activate|p2b: Garchomp|move: Protect\n|move|p1b: Corviknight|Tailwind|p1b: Corviknight\n|-sidestart|p1: chalmander69|move: Tailwind\n|\n|upkeep\n|turn|7\n|inactive|chalmander69 has 30 seconds left.\n|inactive|chalmander69 has 20 seconds left.\n|\n|t:|1683248081\n|move|p1b: Corviknight|Brave Bird|p2b: Garchomp\n|-damage|p2b: Garchomp|0 fnt\n|faint|p2b: Garchomp\n|-damage|p1b: Corviknight|75\/100|[from] Recoil\n|move|p2a: Talonflame|Tailwind|p2a: Talonflame\n|-sidestart|p2: Volcano0|move: Tailwind\n|move|p1a: Iron Hands|Wild Charge|p2a: Talonflame\n|-supereffective|p2a: Talonflame\n|-damage|p2a: Talonflame|0 fnt\n|faint|p2a: Talonflame\n|-damage|p1a: Iron Hands|44\/100|[from] Recoil\n|\n|upkeep\n|\n|t:|1683248092\n|switch|p2a: Gyarados|Gyarados, L50, F, shiny|100\/100\n|switch|p2b: Flutter Mane|Flutter Mane, L50|100\/100\n|-ability|p2a: Gyarados|Intimidate|boost\n|-unboost|p1a: Iron Hands|atk|1\n|-ability|p1b: Corviknight|Mirror Armor\n|-unboost|p2a: Gyarados|atk|1\n|-enditem|p2b: Flutter Mane|Booster Energy\n|-activate|p2b: Flutter Mane|ability: Protosynthesis|[fromitem]\n|-start|p2b: Flutter Mane|protosynthesisspa\n|turn|8\n|\n|t:|1683248108\n|-terastallize|p2b: Flutter Mane|Fairy\n|move|p1b: Corviknight|Protect|p1b: Corviknight\n|-singleturn|p1b: Corviknight|Protect\n|move|p2b: Flutter Mane|Moonblast|p1a: Iron Hands\n|-supereffective|p1a: Iron Hands\n|-damage|p1a: Iron Hands|0 fnt\n|faint|p1a: Iron Hands\n|-end|p1a: Iron Hands|Quark Drive|[silent]\n|move|p2a: Gyarados|Thunder Wave|p1b: Corviknight\n|-activate|p1b: Corviknight|move: Protect\n|\n|upkeep\n|\n|t:|1683248118\n|switch|p1a: Flutter Mane|Flutter Mane, L50|100\/100\n|-enditem|p1a: Flutter Mane|Booster Energy\n|-activate|p1a: Flutter Mane|ability: Protosynthesis|[fromitem]\n|-start|p1a: Flutter Mane|protosynthesisspa\n|turn|9\n|\n|t:|1683248135\n|move|p1a: Flutter Mane|Protect|p1a: Flutter Mane\n|-singleturn|p1a: Flutter Mane|Protect\n|move|p2b: Flutter Mane|Moonblast|p1a: Flutter Mane\n|-activate|p1a: Flutter Mane|move: Protect\n|move|p2a: Gyarados|Thunder Wave|p1b: Corviknight\n|-status|p1b: Corviknight|par\n|move|p1b: Corviknight|Iron Head|p2b: Flutter Mane\n|-supereffective|p2b: Flutter Mane\n|-damage|p2b: Flutter Mane|15\/100\n|\n|-sideend|p1: chalmander69|move: Tailwind\n|upkeep\n|turn|10\n|\n|t:|1683248156\n|-terastallize|p1a: Flutter Mane|Fairy\n|move|p2b: Flutter Mane|Shadow Ball|p1a: Flutter Mane\n|-damage|p1a: Flutter Mane|45\/100\n|move|p2a: Gyarados|Waterfall|p1b: Corviknight\n|-damage|p1b: Corviknight|53\/100 par\n|move|p1a: Flutter Mane|Dazzling Gleam|p2b: Flutter Mane|[spread] p2a,p2b\n|-damage|p2a: Gyarados|61\/100\n|-damage|p2b: Flutter Mane|0 fnt\n|faint|p2b: Flutter Mane\n|-end|p2b: Flutter Mane|Protosynthesis|[silent]\n|move|p1b: Corviknight|Tailwind|p1b: Corviknight\n|-sidestart|p1: chalmander69|move: Tailwind\n|\n|-sideend|p2: Volcano0|move: Tailwind\n|upkeep\n|turn|11\n|\n|t:|1683248175\n|move|p1a: Flutter Mane|Moonblast|p2a: Gyarados\n|-damage|p2a: Gyarados|0 fnt\n|faint|p2a: Gyarados\n|\n|win|chalmander69\n|c|\u2606chalmander69|gg\n|c|\u2606Volcano0|Gg\n","uploadtime":1683248188,"views":10,"p1id":"chalmander69","p2id":"volcano0","formatid":"gen9vgc2023regulationc","rating":0,"private":0,"password":""}