{"id":"gen9vgc2023regulationc-1854727053","p1":"fangednoumena","p2":"magicwombat7778","format":"[Gen 9] VGC 2023 Regulation C","log":"|j|\u2606fangednoumena\n|j|\u2606magicwombat7778\n|t:|1682857600\n|gametype|doubles\n|player|p1|fangednoumena|swimmerf-gen4|1058\n|player|p2|magicwombat7778|volo-ginkgo|1056\n|teamsize|p1|6\n|teamsize|p2|6\n|gen|9\n|tier|[Gen 9] VGC 2023 Regulation C\n|rated|\n|rule|Species Clause: Limit one of each Pok\u00e9mon\n|rule|Item Clause: Limit one of each item\n|clearpoke\n|poke|p1|Corviknight, L50, M|\n|poke|p1|Salamence, L50, M|\n|poke|p1|Mimikyu, L50, M|\n|poke|p1|Ting-Lu, L50|\n|poke|p1|Chi-Yu, L50|\n|poke|p1|Iron Valiant, L50|\n|poke|p2|Chi-Yu, L50|\n|poke|p2|Maushold, L50|\n|poke|p2|Meowscarada, L50, F|\n|poke|p2|Flutter Mane, L50|\n|poke|p2|Garchomp, L50, M|\n|poke|p2|Lumineon, L50, M|\n|teampreview|4\n|inactive|Battle timer is ON: inactive players will automatically lose when time's up. (requested by magicwombat7778)\n|\n|t:|1682857652\n|start\n|switch|p1a: Corviknight|Corviknight, L50, M|100\/100\n|switch|p1b: Salamence|Salamence, L50, M|100\/100\n|switch|p2a: Maushold|Maushold, L50|100\/100\n|switch|p2b: Meowscarada|Meowscarada, L50, F|100\/100\n|-ability|p1b: Salamence|Intimidate|boost\n|-unboost|p2a: Maushold|atk|1\n|-unboost|p2b: Meowscarada|atk|1\n|turn|1\n|\n|t:|1682857673\n|switch|p1b: Mimikyu|Mimikyu, L50, M|100\/100\n|move|p2b: Meowscarada|Protect|p2b: Meowscarada\n|-singleturn|p2b: Meowscarada|Protect\n|move|p2a: Maushold|Tidy Up|p2a: Maushold\n|-boost|p2a: Maushold|atk|1\n|-boost|p2a: Maushold|spe|1\n|move|p1a: Corviknight|Tailwind|p1a: Corviknight\n|-sidestart|p1: fangednoumena|move: Tailwind\n|\n|upkeep\n|turn|2\n|inactive|fangednoumena has 30 seconds left.\n|inactive|fangednoumena has 20 seconds left.\n|inactive|fangednoumena has 15 seconds left.\n|\n|t:|1682857715\n|move|p2a: Maushold|Protect|p2a: Maushold\n|-singleturn|p2a: Maushold|Protect\n|move|p1b: Mimikyu|Play Rough|p2a: Maushold\n|-activate|p2a: Maushold|move: Protect\n|move|p2b: Meowscarada|U-turn|p1b: Mimikyu\n|-activate|p1b: Mimikyu|ability: Disguise\n|-damage|p1b: Mimikyu|100\/100\n|detailschange|p1b: Mimikyu|Mimikyu-Busted, L50, M\n|-damage|p1b: Mimikyu|88\/100|[from] pokemon: Mimikyu-Busted\n|\n|t:|1682857726\n|switch|p2b: Chi-Yu|Chi-Yu, L50|100\/100|[from] U-turn\n|-ability|p2b: Chi-Yu|Beads of Ruin\n|move|p1a: Corviknight|Brave Bird|p2a: Maushold\n|-activate|p2a: Maushold|move: Protect\n|\n|upkeep\n|turn|3\n|inactive|fangednoumena has 30 seconds left.\n|inactive|magicwombat7778 has 30 seconds left.\n|\n|t:|1682857756\n|move|p2a: Maushold|Follow Me|p2a: Maushold\n|-singleturn|p2a: Maushold|move: Follow Me\n|move|p1b: Mimikyu|Play Rough|p2a: Maushold\n|-damage|p2a: Maushold|49\/100\n|move|p1a: Corviknight|Brave Bird|p2a: Maushold\n|-damage|p2a: Maushold|0 fnt\n|faint|p2a: Maushold\n|-damage|p1a: Corviknight|86\/100|[from] Recoil\n|move|p2b: Chi-Yu|Overheat|p1a: Corviknight\n|-supereffective|p1a: Corviknight\n|-damage|p1a: Corviknight|0 fnt\n|-unboost|p2b: Chi-Yu|spa|2\n|faint|p1a: Corviknight\n|-damage|p2b: Chi-Yu|90\/100|[from] item: Life Orb\n|\n|upkeep\n|\n|t:|1682857770\n|switch|p2a: Flutter Mane|Flutter Mane, L50|100\/100\n|switch|p1a: Chi-Yu|Chi-Yu, L50|100\/100\n|-ability|p1a: Chi-Yu|Beads of Ruin\n|-enditem|p2a: Flutter Mane|Booster Energy\n|-activate|p2a: Flutter Mane|ability: Protosynthesis|[fromitem]\n|-start|p2a: Flutter Mane|protosynthesisspe\n|turn|4\n|\n|t:|1682857786\n|move|p2a: Flutter Mane|Protect|p2a: Flutter Mane\n|-singleturn|p2a: Flutter Mane|Protect\n|move|p1a: Chi-Yu|Substitute|p1a: Chi-Yu\n|-start|p1a: Chi-Yu|Substitute\n|-damage|p1a: Chi-Yu|76\/100\n|move|p1b: Mimikyu|Play Rough|p2a: Flutter Mane\n|-activate|p2a: Flutter Mane|move: Protect\n|move|p2b: Chi-Yu|Nasty Plot|p2b: Chi-Yu\n|-boost|p2b: Chi-Yu|spa|2\n|\n|-heal|p1a: Chi-Yu|82\/100|[from] item: Leftovers\n|-sideend|p1: fangednoumena|move: Tailwind\n|upkeep\n|turn|5\n|inactive|fangednoumena has 30 seconds left.\n|inactive|magicwombat7778 has 30 seconds left.\n|\n|t:|1682857816\n|-terastallize|p2a: Flutter Mane|Fire\n|move|p1b: Mimikyu|Shadow Sneak|p2a: Flutter Mane\n|-damage|p2a: Flutter Mane|61\/100\n|move|p2a: Flutter Mane|Dazzling Gleam|p1a: Chi-Yu|[spread] p1a,p1b\n|-end|p1a: Chi-Yu|Substitute\n|-damage|p1b: Mimikyu|46\/100\n|move|p2b: Chi-Yu|Dark Pulse|p1a: Chi-Yu\n|-resisted|p1a: Chi-Yu\n|-damage|p1a: Chi-Yu|51\/100\n|-damage|p2b: Chi-Yu|80\/100|[from] item: Life Orb\n|move|p1a: Chi-Yu|Flamethrower|p2a: Flutter Mane\n|-resisted|p2a: Flutter Mane\n|-damage|p2a: Flutter Mane|28\/100\n|\n|-heal|p1a: Chi-Yu|57\/100|[from] item: Leftovers\n|upkeep\n|turn|6\n|inactive|fangednoumena has 30 seconds left.\n|\n|t:|1682857848\n|move|p2a: Flutter Mane|Protect|p2a: Flutter Mane\n|-singleturn|p2a: Flutter Mane|Protect\n|move|p1b: Mimikyu|Shadow Sneak|p2a: Flutter Mane\n|-activate|p2a: Flutter Mane|move: Protect\n|move|p2b: Chi-Yu|Dark Pulse|p1b: Mimikyu\n|-damage|p1b: Mimikyu|0 fnt\n|faint|p1b: Mimikyu\n|-damage|p2b: Chi-Yu|70\/100|[from] item: Life Orb\n|move|p1a: Chi-Yu|Flamethrower|p2b: Chi-Yu\n|-resisted|p2b: Chi-Yu\n|-damage|p2b: Chi-Yu|45\/100\n|\n|-heal|p1a: Chi-Yu|63\/100|[from] item: Leftovers\n|upkeep\n|\n|t:|1682857861\n|switch|p1b: Salamence|Salamence, L50, M|100\/100\n|-ability|p1b: Salamence|Intimidate|boost\n|-unboost|p2a: Flutter Mane|atk|1\n|-unboost|p2b: Chi-Yu|atk|1\n|turn|7\n|\n|t:|1682857877\n|-terastallize|p1a: Chi-Yu|Fire\n|move|p1b: Salamence|Protect|p1b: Salamence\n|-singleturn|p1b: Salamence|Protect\n|move|p2a: Flutter Mane|Dazzling Gleam|p1a: Chi-Yu|[spread] p1a\n|-activate|p1b: Salamence|move: Protect\n|-resisted|p1a: Chi-Yu\n|-damage|p1a: Chi-Yu|47\/100\n|move|p2b: Chi-Yu|Overheat|p1a: Chi-Yu\n|-resisted|p1a: Chi-Yu\n|-damage|p1a: Chi-Yu|0 fnt\n|-unboost|p2b: Chi-Yu|spa|2\n|faint|p1a: Chi-Yu\n|-damage|p2b: Chi-Yu|35\/100|[from] item: Life Orb\n|\n|upkeep\n|turn|8\n|-message|fangednoumena forfeited.\n|\n|win|magicwombat7778\n|raw|fangednoumena's rating: 1058 → 1039<\/strong> (-19 for losing)\n|raw|magicwombat7778's rating: 1056 → 1088<\/strong> (+32 for winning)\n|l|\u2606fangednoumena\n","uploadtime":1682857944,"views":9,"p1id":"fangednoumena","p2id":"magicwombat7778","formatid":"gen9vgc2023regulationc","rating":1039,"private":0,"password":""}