{"id":"gen9vgc2023regulationc-1860360638","p1":"Wormfury","p2":"Arcacagne","format":"[Gen 9] VGC 2023 Regulation C","log":"|j|\u2606Wormfury\n|j|\u2606Arcacagne\n|t:|1683637068\n|gametype|doubles\n|player|p1|Wormfury|benga|1292\n|player|p2|Arcacagne|101|1250\n|teamsize|p1|6\n|teamsize|p2|6\n|gen|9\n|tier|[Gen 9] VGC 2023 Regulation C\n|rated|\n|rule|Species Clause: Limit one of each Pok\u00e9mon\n|rule|Item Clause: Limit one of each item\n|clearpoke\n|poke|p1|Maushold, L50|\n|poke|p1|Annihilape, L50, M|\n|poke|p1|Armarouge, L50, M|\n|poke|p1|Chien-Pao, L50|\n|poke|p1|Iron Hands, L50|\n|poke|p1|Amoonguss, L50, M|\n|poke|p2|Flutter Mane, L50|\n|poke|p2|Chi-Yu, L50|\n|poke|p2|Amoonguss, L50, M|\n|poke|p2|Annihilape, L50, F|\n|poke|p2|Scream Tail, L50|\n|poke|p2|Iron Bundle, L50|\n|teampreview|4\n|inactive|Battle timer is ON: inactive players will automatically lose when time's up. (requested by Wormfury)\n|inactive|Wormfury has 60 seconds left.\n|inactive|Arcacagne has 60 seconds left.\n|\n|t:|1683637113\n|start\n|switch|p1a: Annihilape|Annihilape, L50, M|100\/100\n|switch|p1b: Armarouge|Armarouge, L50, M|100\/100\n|switch|p2a: Chi-Yu|Chi-Yu, L50|100\/100\n|switch|p2b: Scream Tail|Scream Tail, L50|100\/100\n|-ability|p2a: Chi-Yu|Beads of Ruin\n|-enditem|p2b: Scream Tail|Booster Energy\n|-activate|p2b: Scream Tail|ability: Protosynthesis|[fromitem]\n|-start|p2b: Scream Tail|protosynthesisspe\n|turn|1\n|inactive|Wormfury has 30 seconds left.\n|inactive|Arcacagne has 30 seconds left.\n|inactive|Wormfury has 20 seconds left.\n|inactive|Wormfury has 15 seconds left.\n|inactive|Arcacagne has 20 seconds left.\n|inactive|Wormfury has 10 seconds left.\n|inactive|Wormfury has 5 seconds left.\n|\n|t:|1683637167\n|move|p2b: Scream Tail|Protect|p2b: Scream Tail\n|-singleturn|p2b: Scream Tail|Protect\n|move|p1b: Armarouge|Protect|p1b: Armarouge\n|-singleturn|p1b: Armarouge|Protect\n|move|p1a: Annihilape|Close Combat|p2a: Chi-Yu\n|-supereffective|p2a: Chi-Yu\n|-damage|p2a: Chi-Yu|0 fnt\n|-unboost|p1a: Annihilape|def|1\n|-unboost|p1a: Annihilape|spd|1\n|faint|p2a: Chi-Yu\n|\n|upkeep\n|\n|t:|1683637185\n|switch|p2a: Flutter Mane|Flutter Mane, L50|100\/100\n|turn|2\n|\n|t:|1683637198\n|-terastallize|p2a: Flutter Mane|Fairy\n|-terastallize|p1b: Armarouge|Ghost\n|move|p2b: Scream Tail|Encore|p1b: Armarouge\n|-start|p1b: Armarouge|Encore\n|move|p1a: Annihilape|Close Combat|p1b: Armarouge\n|-immune|p1b: Armarouge\n|move|p2a: Flutter Mane|Dazzling Gleam|p1b: Armarouge|[spread] p1a,p1b\n|-supereffective|p1a: Annihilape\n|-damage|p1a: Annihilape|0 fnt\n|-damage|p1b: Armarouge|27\/100\n|faint|p1a: Annihilape\n|move|p1b: Armarouge|Protect||[still]\n|-fail|p1b: Armarouge\n|\n|upkeep\n|\n|t:|1683637210\n|switch|p1a: Chien-Pao|Chien-Pao, L50|100\/100\n|-ability|p1a: Chien-Pao|Sword of Ruin\n|turn|3\n|\n|t:|1683637224\n|move|p1b: Armarouge|Protect|p1b: Armarouge\n|-singleturn|p1b: Armarouge|Protect\n|move|p2b: Scream Tail|Dazzling Gleam|p1b: Armarouge|[spread] p1a\n|-activate|p1b: Armarouge|move: Protect\n|-supereffective|p1a: Chien-Pao\n|-crit|p1a: Chien-Pao\n|-damage|p1a: Chien-Pao|33\/100\n|move|p2a: Flutter Mane|Dazzling Gleam|p1a: Chien-Pao|[spread] p1a\n|-activate|p1b: Armarouge|move: Protect\n|-supereffective|p1a: Chien-Pao\n|-damage|p1a: Chien-Pao|0 fnt\n|faint|p1a: Chien-Pao\n|\n|upkeep\n|c|\u2606Wormfury|My brain didnt brain\n|\n|t:|1683637229\n|switch|p1a: Iron Hands|Iron Hands, L50|100\/100\n|turn|4\n|\n|t:|1683637242\n|move|p2b: Scream Tail|Protect|p2b: Scream Tail\n|-singleturn|p2b: Scream Tail|Protect\n|move|p1b: Armarouge|Protect|p1b: Armarouge\n|-singleturn|p1b: Armarouge|Protect\n|move|p1a: Iron Hands|Fake Out|p2a: Flutter Mane\n|-damage|p2a: Flutter Mane|61\/100\n|cant|p2a: Flutter Mane|flinch\n|\n|-end|p1b: Armarouge|Encore\n|upkeep\n|turn|5\n|\n|t:|1683637258\n|move|p1b: Armarouge|Protect||[still]\n|-fail|p1b: Armarouge\n|move|p2b: Scream Tail|Encore|p1a: Iron Hands\n|-start|p1a: Iron Hands|Encore\n|move|p2a: Flutter Mane|Dazzling Gleam|p1a: Iron Hands|[spread] p1a,p1b\n|-supereffective|p1a: Iron Hands\n|-damage|p1a: Iron Hands|22\/100\n|-damage|p1b: Armarouge|0 fnt\n|faint|p1b: Armarouge\n|move|p1a: Iron Hands|Fake Out||[still]\n|-hint|Fake Out only works on your first turn out.\n|-fail|p1a: Iron Hands\n|\n|upkeep\n|turn|6\n|c|\u2606Arcacagne|lol\n|-message|Wormfury forfeited.\n|\n|win|Arcacagne\n|raw|Wormfury's rating: 1292 → 1264<\/strong> (-28 for losing)\n|raw|Arcacagne's rating: 1250 → 1278<\/strong> (+28 for winning)\n|l|\u2606Wormfury\n","uploadtime":1683637302,"views":12,"p1id":"wormfury","p2id":"arcacagne","formatid":"gen9vgc2023regulationc","rating":1264,"private":0,"password":""}