{"id":"gen9vgc2023regulationc-1846390757","p1":"Hellvis","p2":"Bad Bax Balance","format":"[Gen 9] VGC 2023 Regulation C","log":"|j|\u2606Hellvis\n|j|\u2606Bad Bax Balance\n|t:|1681837082\n|gametype|doubles\n|player|p1|Hellvis|clair|1294\n|player|p2|Bad Bax Balance|emmet|1368\n|teamsize|p1|6\n|teamsize|p2|6\n|gen|9\n|tier|[Gen 9] VGC 2023 Regulation C\n|rated|\n|rule|Species Clause: Limit one of each Pok\u00e9mon\n|rule|Item Clause: Limit one of each item\n|clearpoke\n|poke|p1|Glimmora, L50, M|\n|poke|p1|Gholdengo, L50|\n|poke|p1|Garganacl, L50, F|\n|poke|p1|Amoonguss, L50, M|\n|poke|p1|Ting-Lu, L50|\n|poke|p1|Tyranitar, L50, F|\n|poke|p2|Chi-Yu, L50|\n|poke|p2|Amoonguss, L50, M|\n|poke|p2|Gyarados, L50, F|\n|poke|p2|Iron Hands, L50|\n|poke|p2|Iron Bundle, L50|\n|poke|p2|Flutter Mane, L50|\n|teampreview|4\n|inactive|Battle timer is ON: inactive players will automatically lose when time's up. (requested by Hellvis)\n|inactive|Bad Bax Balance has 60 seconds left.\nBad Bax Balance has agreed to open team sheets.\nHellvis has agreed to open team sheets.\n|inactive|Hellvis has 60 seconds left.\n|\n|t:|1681837163\n|start\n|switch|p1a: Garganacl|Garganacl, L50, F|100\/100\n|switch|p1b: Amoonguss|Amoonguss, L50, M|100\/100\n|switch|p2a: Gyarados|Gyarados, L50, F|100\/100\n|switch|p2b: Flutter Mane|Flutter Mane, L50|100\/100\n|-ability|p2a: Gyarados|Intimidate|boost\n|-unboost|p1a: Garganacl|atk|1\n|-unboost|p1b: Amoonguss|atk|1\n|turn|1\n|inactive|Bad Bax Balance has 30 seconds left.\n|inactive|Bad Bax Balance has 20 seconds left.\n|inactive|Bad Bax Balance has 15 seconds left.\n|inactive|Bad Bax Balance has 10 seconds left.\n|inactive|Bad Bax Balance has 5 seconds left.\n|\n|t:|1681837214\n|switch|p2a: Iron Hands|Iron Hands, L50|100\/100\n|move|p2b: Flutter Mane|Shadow Ball|p1b: Amoonguss\n|-damage|p1b: Amoonguss|55\/100\n|move|p1a: Garganacl|Salt Cure|p2a: Iron Hands\n|-resisted|p2a: Iron Hands\n|-damage|p2a: Iron Hands|98\/100\n|-start|p2a: Iron Hands|Salt Cure\n|move|p1b: Amoonguss|Clear Smog|p2a: Iron Hands\n|-damage|p2a: Iron Hands|89\/100\n|-clearboost|p2a: Iron Hands\n|\n|-damage|p2a: Iron Hands|76\/100|[from] Salt Cure\n|upkeep\n|turn|2\n|\n|t:|1681837238\n|switch|p1b: Glimmora|Glimmora, L50, M|100\/100\n|-terastallize|p1a: Garganacl|Ghost\n|move|p2a: Iron Hands|Fake Out|p1b: Glimmora\n|-resisted|p1b: Glimmora\n|-damage|p1b: Glimmora|94\/100\n|-activate|p1b: Glimmora|ability: Toxic Debris\n|-sidestart|p2: Bad Bax Balance|move: Toxic Spikes\n|move|p2b: Flutter Mane|Shadow Ball|p1b: Glimmora\n|-damage|p1b: Glimmora|50\/100\n|move|p1a: Garganacl|Salt Cure|p2b: Flutter Mane\n|-damage|p2b: Flutter Mane|87\/100\n|-start|p2b: Flutter Mane|Salt Cure\n|\n|-damage|p2b: Flutter Mane|75\/100|[from] Salt Cure\n|-damage|p2a: Iron Hands|64\/100|[from] Salt Cure\n|upkeep\n|turn|3\n|\n|t:|1681837263\n|switch|p1b: Amoonguss|Amoonguss, L50, M|89\/100\n|-end|p2a: Iron Hands|Quark Drive|[silent]\n|switch|p2a: Amoonguss|Amoonguss, L50, M|100\/100\n|-sideend|p2: Bad Bax Balance|move: Toxic Spikes|[of] p2a: Amoonguss\n|-terastallize|p2b: Flutter Mane|Steel\n|move|p2b: Flutter Mane|Shadow Ball|p1a: Garganacl\n|-supereffective|p1a: Garganacl\n|-damage|p1a: Garganacl|51\/100\n|-unboost|p1a: Garganacl|spd|1\n|move|p1a: Garganacl|Salt Cure|p2a: Amoonguss\n|-damage|p2a: Amoonguss|92\/100\n|-start|p2a: Amoonguss|Salt Cure\n|\n|-heal|p1a: Garganacl|57\/100|[from] item: Leftovers\n|-damage|p2b: Flutter Mane|51\/100|[from] Salt Cure\n|-damage|p2a: Amoonguss|79\/100|[from] Salt Cure\n|upkeep\n|turn|4\n|\n|t:|1681837285\n|-end|p2b: Flutter Mane|Protosynthesis|[silent]\n|switch|p2b: Gyarados|Gyarados, L50, F|100\/100\n|-ability|p2b: Gyarados|Intimidate|boost\n|-unboost|p1a: Garganacl|atk|1\n|-unboost|p1b: Amoonguss|atk|1\n|switch|p1a: Tyranitar|Tyranitar, L50, F|100\/100\n|-weather|Sandstorm|[from] ability: Sand Stream|[of] p1a: Tyranitar\n|switch|p2a: Iron Hands|Iron Hands, L50|64\/100\n|move|p1b: Amoonguss|Spore|p2b: Gyarados\n|-activate|p2b: Gyarados|item: Safety Goggles|Spore\n|\n|-weather|Sandstorm|[upkeep]\n|-damage|p2a: Iron Hands|58\/100|[from] Sandstorm\n|-damage|p1b: Amoonguss|83\/100|[from] Sandstorm\n|upkeep\n|turn|5\n|inactive|Hellvis has 30 seconds left.\n|\n|t:|1681837313\n|move|p2a: Iron Hands|Fake Out|p1a: Tyranitar\n|-resisted|p1a: Tyranitar\n|-damage|p1a: Tyranitar|95\/100\n|cant|p1a: Tyranitar|flinch\n|move|p2b: Gyarados|Taunt|p1b: Amoonguss\n|-start|p1b: Amoonguss|move: Taunt\n|cant|p1b: Amoonguss|move: Taunt|Spore\n|\n|-weather|Sandstorm|[upkeep]\n|-damage|p2a: Iron Hands|52\/100|[from] Sandstorm\n|-damage|p1b: Amoonguss|77\/100|[from] Sandstorm\n|upkeep\n|turn|6\n|\n|t:|1681837333\n|switch|p1a: Glimmora|Glimmora, L50, M|50\/100\n|switch|p1b: Garganacl|Garganacl, L50, F, tera:Ghost|57\/100\n|move|p2b: Gyarados|Helping Hand|p2a: Iron Hands\n|-singleturn|p2a: Iron Hands|Helping Hand|[of] p2b: Gyarados\n|move|p2a: Iron Hands|Wild Charge|p1a: Glimmora\n|-damage|p1a: Glimmora|0 fnt\n|-activate|p1a: Glimmora|ability: Toxic Debris\n|-sidestart|p2: Bad Bax Balance|move: Toxic Spikes\n|faint|p1a: Glimmora\n|-damage|p2a: Iron Hands|42\/100|[from] Recoil\n|\n|-weather|Sandstorm|[upkeep]\n|-damage|p2a: Iron Hands|35\/100|[from] Sandstorm\n|-damage|p1b: Garganacl|51\/100|[from] Sandstorm\n|-heal|p1b: Garganacl|57\/100|[from] item: Leftovers\n|upkeep\n|\n|t:|1681837350\n|switch|p1a: Amoonguss|Amoonguss, L50, M|100\/100\n|turn|7\n|\n|t:|1681837373\n|move|p2b: Gyarados|Helping Hand|p2a: Iron Hands\n|-singleturn|p2a: Iron Hands|Helping Hand|[of] p2b: Gyarados\n|move|p2a: Iron Hands|Wild Charge|p1b: Garganacl\n|-damage|p1b: Garganacl|14\/100\n|-damage|p2a: Iron Hands|26\/100|[from] Recoil\n|move|p1b: Garganacl|Salt Cure|p2b: Gyarados\n|-supereffective|p2b: Gyarados\n|-damage|p2b: Gyarados|74\/100\n|-start|p2b: Gyarados|Salt Cure\n|move|p1a: Amoonguss|Pollen Puff|p1b: Garganacl\n|-heal|p1b: Garganacl|63\/100\n|\n|-weather|Sandstorm|[upkeep]\n|-damage|p2a: Iron Hands|20\/100|[from] Sandstorm\n|-damage|p1b: Garganacl|58\/100|[from] Sandstorm\n|-damage|p1a: Amoonguss|95\/100|[from] Sandstorm\n|-heal|p1b: Garganacl|63\/100|[from] item: Leftovers\n|-damage|p2b: Gyarados|49\/100|[from] Salt Cure\n|upkeep\n|turn|8\n|\n|t:|1681837395\n|switch|p2b: Amoonguss|Amoonguss, L50, M|100\/100\n|-sideend|p2: Bad Bax Balance|move: Toxic Spikes|[of] p2b: Amoonguss\n|-end|p2a: Iron Hands|Quark Drive|[silent]\n|switch|p2a: Flutter Mane|Flutter Mane, L50, tera:Steel|51\/100\n|move|p1b: Garganacl|Recover|p1b: Garganacl\n|-heal|p1b: Garganacl|100\/100\n|move|p1a: Amoonguss|Spore|p2a: Flutter Mane\n|-status|p2a: Flutter Mane|slp|[from] move: Spore\n|\n|-weather|none\n|upkeep\n|turn|9\n|\n|t:|1681837412\n|-end|p2a: Flutter Mane|Protosynthesis|[silent]\n|switch|p2a: Iron Hands|Iron Hands, L50|20\/100\n|move|p1b: Garganacl|Salt Cure|p2a: Iron Hands\n|-resisted|p2a: Iron Hands\n|-damage|p2a: Iron Hands|16\/100\n|-start|p2a: Iron Hands|Salt Cure\n|move|p2b: Amoonguss|Pollen Puff|p2a: Iron Hands\n|-heal|p2a: Iron Hands|66\/100\n|move|p1a: Amoonguss|Pollen Puff|p1b: Garganacl\n|-immune|p1b: Garganacl\n|\n|-damage|p2a: Iron Hands|54\/100|[from] Salt Cure\n|upkeep\n|turn|10\n|\n|t:|1681837433\n|-end|p2a: Iron Hands|Quark Drive|[silent]\n|switch|p2a: Flutter Mane|Flutter Mane, L50, tera:Steel|51\/100 slp\n|move|p1a: Amoonguss|Rage Powder|p1a: Amoonguss\n|-singleturn|p1a: Amoonguss|move: Rage Powder\n|move|p1b: Garganacl|Salt Cure|p2b: Amoonguss\n|-damage|p2b: Amoonguss|88\/100\n|-start|p2b: Amoonguss|Salt Cure\n|move|p2b: Amoonguss|Pollen Puff|p2a: Flutter Mane\n|-heal|p2a: Flutter Mane|100\/100 slp\n|\n|-damage|p2b: Amoonguss|76\/100|[from] Salt Cure\n|upkeep\n|turn|11\n|\n|t:|1681837452\n|-end|p2a: Flutter Mane|Protosynthesis|[silent]\n|switch|p2a: Gyarados|Gyarados, L50, F|49\/100\n|-ability|p2a: Gyarados|Intimidate|boost\n|-unboost|p1a: Amoonguss|atk|1\n|-unboost|p1b: Garganacl|atk|1\n|move|p2b: Amoonguss|Rage Powder|p2b: Amoonguss\n|-singleturn|p2b: Amoonguss|move: Rage Powder\n|move|p1b: Garganacl|Salt Cure|p2b: Amoonguss\n|-damage|p2b: Amoonguss|69\/100\n|move|p1a: Amoonguss|Pollen Puff|p2b: Amoonguss\n|-damage|p2b: Amoonguss|52\/100\n|\n|-damage|p2b: Amoonguss|39\/100|[from] Salt Cure\n|upkeep\n|-enditem|p2b: Amoonguss|Sitrus Berry|[eat]\n|-heal|p2b: Amoonguss|64\/100|[from] item: Sitrus Berry\n|turn|12\n|\n|t:|1681837477\n|switch|p2a: Iron Hands|Iron Hands, L50|54\/100\n|move|p1b: Garganacl|Salt Cure|p2a: Iron Hands\n|-resisted|p2a: Iron Hands\n|-damage|p2a: Iron Hands|51\/100\n|-start|p2a: Iron Hands|Salt Cure\n|move|p2b: Amoonguss|Pollen Puff|p2a: Iron Hands\n|-heal|p2a: Iron Hands|100\/100\n|move|p1a: Amoonguss|Clear Smog|p2a: Iron Hands\n|-damage|p2a: Iron Hands|91\/100\n|-clearboost|p2a: Iron Hands\n|\n|-damage|p2a: Iron Hands|78\/100|[from] Salt Cure\n|-damage|p2b: Amoonguss|52\/100|[from] Salt Cure\n|upkeep\n|turn|13\n|inactive|Hellvis has 30 seconds left.\n|\n|t:|1681837503\n|-end|p2a: Iron Hands|Quark Drive|[silent]\n|switch|p2a: Flutter Mane|Flutter Mane, L50, tera:Steel|100\/100 slp\n|switch|p2b: Gyarados|Gyarados, L50, F|49\/100\n|-ability|p2b: Gyarados|Intimidate|boost\n|-unboost|p1a: Amoonguss|atk|1\n|-unboost|p1b: Garganacl|atk|1\n|move|p1b: Garganacl|Salt Cure|p2a: Flutter Mane\n|-resisted|p2a: Flutter Mane\n|-damage|p2a: Flutter Mane|96\/100 slp\n|-start|p2a: Flutter Mane|Salt Cure\n|move|p1a: Amoonguss|Spore|p2a: Flutter Mane\n|-fail|p2a: Flutter Mane|slp\n|\n|-damage|p2a: Flutter Mane|72\/100 slp|[from] Salt Cure\n|upkeep\n|turn|14\n|\n|t:|1681837528\n|switch|p2b: Amoonguss|Amoonguss, L50, M|85\/100\n|cant|p2a: Flutter Mane|slp\n|move|p1b: Garganacl|Salt Cure|p2b: Amoonguss\n|-damage|p2b: Amoonguss|79\/100\n|-start|p2b: Amoonguss|Salt Cure\n|move|p1a: Amoonguss|Pollen Puff|p1b: Garganacl\n|-immune|p1b: Garganacl\n|\n|-damage|p2a: Flutter Mane|47\/100 slp|[from] Salt Cure\n|-damage|p2b: Amoonguss|67\/100|[from] Salt Cure\n|upkeep\n|turn|15\n|\n|t:|1681837551\n|move|p1b: Garganacl|Wide Guard|p1b: Garganacl\n|-singleturn|p1b: Garganacl|Wide Guard\n|cant|p2a: Flutter Mane|slp\n|move|p2b: Amoonguss|Pollen Puff|p2a: Flutter Mane\n|-heal|p2a: Flutter Mane|97\/100 slp\n|move|p1a: Amoonguss|Pollen Puff|p2b: Amoonguss\n|-damage|p2b: Amoonguss|51\/100\n|\n|-damage|p2a: Flutter Mane|73\/100 slp|[from] Salt Cure\n|-damage|p2b: Amoonguss|39\/100|[from] Salt Cure\n|upkeep\n|turn|16\n|\n|t:|1681837573\n|switch|p2b: Iron Hands|Iron Hands, L50|78\/100\n|switch|p1a: Tyranitar|Tyranitar, L50, F|95\/100\n|-weather|Sandstorm|[from] ability: Sand Stream|[of] p1a: Tyranitar\n|-curestatus|p2a: Flutter Mane|slp|[msg]\n|move|p2a: Flutter Mane|Shadow Ball|p1b: Garganacl\n|-supereffective|p1b: Garganacl\n|-damage|p1b: Garganacl|53\/100\n|move|p1b: Garganacl|Salt Cure|p2b: Iron Hands\n|-resisted|p2b: Iron Hands\n|-damage|p2b: Iron Hands|76\/100\n|-start|p2b: Iron Hands|Salt Cure\n|\n|-weather|Sandstorm|[upkeep]\n|-damage|p2b: Iron Hands|70\/100|[from] Sandstorm\n|-damage|p1b: Garganacl|47\/100|[from] Sandstorm\n|-heal|p1b: Garganacl|53\/100|[from] item: Leftovers\n|-damage|p2a: Flutter Mane|48\/100|[from] Salt Cure\n|-damage|p2b: Iron Hands|58\/100|[from] Salt Cure\n|upkeep\n|turn|17\n|\n|t:|1681837593\n|-end|p2a: Flutter Mane|Protosynthesis|[silent]\n|switch|p2a: Amoonguss|Amoonguss, L50, M|72\/100\n|switch|p1a: Amoonguss|Amoonguss, L50, M|100\/100\n|move|p1b: Garganacl|Protect|p1b: Garganacl\n|-singleturn|p1b: Garganacl|Protect\n|move|p2b: Iron Hands|Drain Punch|p1a: Amoonguss\n|-resisted|p1a: Amoonguss\n|-damage|p1a: Amoonguss|84\/100\n|-heal|p2b: Iron Hands|65\/100|[from] drain|[of] p1a: Amoonguss\n|\n|-weather|Sandstorm|[upkeep]\n|-damage|p2b: Iron Hands|59\/100|[from] Sandstorm\n|-damage|p1b: Garganacl|47\/100|[from] Sandstorm\n|-damage|p2a: Amoonguss|66\/100|[from] Sandstorm\n|-damage|p1a: Amoonguss|78\/100|[from] Sandstorm\n|-heal|p1b: Garganacl|53\/100|[from] item: Leftovers\n|-damage|p2b: Iron Hands|47\/100|[from] Salt Cure\n|upkeep\n|turn|18\n|\n|t:|1681837612\n|-end|p2b: Iron Hands|Quark Drive|[silent]\n|switch|p2b: Gyarados|Gyarados, L50, F|49\/100\n|-ability|p2b: Gyarados|Intimidate|boost\n|-unboost|p1a: Amoonguss|atk|1\n|-unboost|p1b: Garganacl|atk|1\n|move|p1b: Garganacl|Salt Cure|p2a: Amoonguss\n|-damage|p2a: Amoonguss|62\/100\n|-start|p2a: Amoonguss|Salt Cure\n|move|p2a: Amoonguss|Pollen Puff|p2b: Gyarados\n|-heal|p2b: Gyarados|99\/100\n|move|p1a: Amoonguss|Pollen Puff|p1b: Garganacl\n|-heal|p1b: Garganacl|100\/100\n|\n|-weather|Sandstorm|[upkeep]\n|-damage|p1b: Garganacl|95\/100|[from] Sandstorm\n|-damage|p2a: Amoonguss|56\/100|[from] Sandstorm\n|-damage|p1a: Amoonguss|72\/100|[from] Sandstorm\n|-heal|p1b: Garganacl|100\/100|[from] item: Leftovers\n|-damage|p2a: Amoonguss|43\/100|[from] Salt Cure\n|upkeep\n|turn|19\n|\n|t:|1681837636\n|switch|p2a: Iron Hands|Iron Hands, L50|47\/100\n|move|p2b: Gyarados|Waterfall|p1b: Garganacl\n|-damage|p1b: Garganacl|77\/100\n|move|p1b: Garganacl|Salt Cure|p2b: Gyarados\n|-supereffective|p2b: Gyarados\n|-crit|p2b: Gyarados\n|-damage|p2b: Gyarados|56\/100\n|-start|p2b: Gyarados|Salt Cure\n|move|p1a: Amoonguss|Clear Smog|p1b: Garganacl\n|-resisted|p1b: Garganacl\n|-damage|p1b: Garganacl|71\/100\n|-clearboost|p1b: Garganacl\n|\n|-weather|Sandstorm|[upkeep]\n|-damage|p2a: Iron Hands|40\/100|[from] Sandstorm\n|-damage|p1b: Garganacl|65\/100|[from] Sandstorm\n|-damage|p1a: Amoonguss|66\/100|[from] Sandstorm\n|-heal|p1b: Garganacl|71\/100|[from] item: Leftovers\n|-damage|p2b: Gyarados|31\/100|[from] Salt Cure\n|upkeep\n|turn|20\n|\n|t:|1681837659\n|switch|p2b: Amoonguss|Amoonguss, L50, M|77\/100\n|move|p2a: Iron Hands|Fake Out|p1a: Amoonguss\n|-damage|p1a: Amoonguss|55\/100\n|move|p1b: Garganacl|Salt Cure|p2a: Iron Hands\n|-resisted|p2a: Iron Hands\n|-damage|p2a: Iron Hands|36\/100\n|-start|p2a: Iron Hands|Salt Cure\n|cant|p1a: Amoonguss|flinch\n|\n|-weather|none\n|-heal|p1b: Garganacl|77\/100|[from] item: Leftovers\n|-damage|p2a: Iron Hands|24\/100|[from] Salt Cure\n|upkeep\n|turn|21\n|inactive|Hellvis has 30 seconds left.\n|\n|t:|1681837677\n|move|p2a: Iron Hands|Drain Punch|p1a: Amoonguss\n|-resisted|p1a: Amoonguss\n|-damage|p1a: Amoonguss|39\/100\n|-heal|p2a: Iron Hands|31\/100|[from] drain|[of] p1a: Amoonguss\n|-enditem|p1a: Amoonguss|Sitrus Berry|[eat]\n|-heal|p1a: Amoonguss|64\/100|[from] item: Sitrus Berry\n|move|p1b: Garganacl|Recover|p1b: Garganacl\n|-heal|p1b: Garganacl|100\/100\n|move|p2b: Amoonguss|Pollen Puff|p2a: Iron Hands\n|-heal|p2a: Iron Hands|81\/100\n|move|p1a: Amoonguss|Spore|p2a: Iron Hands\n|-status|p2a: Iron Hands|slp|[from] move: Spore\n|\n|-damage|p2a: Iron Hands|69\/100 slp|[from] Salt Cure\n|upkeep\n|turn|22\n|inactive|Hellvis has 30 seconds left this turn.\n|inactive|Hellvis has 20 seconds left.\n|inactive|Hellvis has 15 seconds left.\n|inactive|Hellvis has 10 seconds left.\n|\n|t:|1681837698\n|-end|p2a: Iron Hands|Quark Drive|[silent]\n|switch|p2a: Flutter Mane|Flutter Mane, L50, tera:Steel|48\/100\n|switch|p1a: Tyranitar|Tyranitar, L50, F|95\/100\n|-weather|Sandstorm|[from] ability: Sand Stream|[of] p1a: Tyranitar\n|move|p1b: Garganacl|Protect|p1b: Garganacl\n|-singleturn|p1b: Garganacl|Protect\n|move|p2b: Amoonguss|Pollen Puff|p2a: Flutter Mane\n|-heal|p2a: Flutter Mane|98\/100\n|\n|-weather|Sandstorm|[upkeep]\n|-damage|p1b: Garganacl|95\/100|[from] Sandstorm\n|-damage|p2b: Amoonguss|71\/100|[from] Sandstorm\n|-heal|p1b: Garganacl|100\/100|[from] item: Leftovers\n|upkeep\n|turn|23\n|inactive|Hellvis has 10 seconds left this turn.\n|inactive|Hellvis has 5 seconds left.\n|-message|Hellvis lost due to inactivity.\n|\n|win|Bad Bax Balance\n|raw|Hellvis's rating: 1294 → 1274<\/strong> (-20 for losing)\n|raw|Bad Bax Balance's rating: 1368 → 1384<\/strong> (+16 for winning)\n|c|\u2606Bad Bax Balance|gg\n|c|\u2606Hellvis|gg\n","uploadtime":1681837718,"views":5,"p1id":"hellvis","p2id":"badbaxbalance","formatid":"gen9vgc2023regulationc","rating":1274,"private":0,"password":""}