{"id":"gen9vgc2023regulationc-1845639860","p1":"fsdzxcasdasd","p2":"ronex69","format":"[Gen 9] VGC 2023 Regulation C","log":"|j|\u2606fsdzxcasdasd\n|j|\u2606ronex69\n|t:|1681751689\n|gametype|doubles\n|player|p1|fsdzxcasdasd|emmet|1040\n|player|p2|ronex69|benga|1094\n|teamsize|p1|6\n|teamsize|p2|6\n|gen|9\n|tier|[Gen 9] VGC 2023 Regulation C\n|rated|\n|rule|Species Clause: Limit one of each Pok\u00e9mon\n|rule|Item Clause: Limit one of each item\n|clearpoke\n|poke|p1|Orthworm, L50, F|\n|poke|p1|Ting-Lu, L50|\n|poke|p1|Gyarados, L50, M|\n|poke|p1|Breloom, L50, F|\n|poke|p1|Ceruledge, L50, F|\n|poke|p1|Flutter Mane, L50|\n|poke|p2|Torkoal, L50, M|\n|poke|p2|Roaring Moon, L50|\n|poke|p2|Bronzong, L50|\n|poke|p2|Brute Bonnet, L50|\n|poke|p2|Great Tusk, L50|\n|poke|p2|Rotom-Wash, L50|\n|teampreview|4\n|inactive|Battle timer is ON: inactive players will automatically lose when time's up. (requested by ronex69)\n|\n|t:|1681751750\n|start\n|switch|p1a: Spicy Lady|Flutter Mane, L50|100\/100\n|switch|p1b: Flaccid Pancake|Gyarados, L50, M, shiny|100\/100\n|switch|p2a: Brute Bonnet|Brute Bonnet, L50|100\/100\n|switch|p2b: Roaring Moon|Roaring Moon, L50|100\/100\n|-ability|p1b: Flaccid Pancake|Intimidate|boost\n|-unboost|p2a: Brute Bonnet|atk|1\n|-unboost|p2b: Roaring Moon|atk|1\n|-enditem|p1a: Spicy Lady|Booster Energy\n|-activate|p1a: Spicy Lady|ability: Protosynthesis|[fromitem]\n|-start|p1a: Spicy Lady|protosynthesisspa\n|turn|1\n|\n|t:|1681751770\n|-terastallize|p2b: Roaring Moon|Fire\n|move|p1a: Spicy Lady|Protect|p1a: Spicy Lady\n|-singleturn|p1a: Spicy Lady|Protect\n|move|p2a: Brute Bonnet|Sucker Punch||[still]\n|-fail|p2a: Brute Bonnet\n|move|p2b: Roaring Moon|Tailwind|p2b: Roaring Moon\n|-sidestart|p2: ronex69|move: Tailwind\n|move|p1b: Flaccid Pancake|Thunder Wave|p2b: Roaring Moon\n|-status|p2b: Roaring Moon|par\n|\n|upkeep\n|turn|2\n|\n|t:|1681751788\n|-end|p2b: Roaring Moon|Protosynthesis|[silent]\n|switch|p2b: Rotom|Rotom-Wash, L50|100\/100\n|move|p1a: Spicy Lady|Substitute|p1a: Spicy Lady\n|-start|p1a: Spicy Lady|Substitute\n|-damage|p1a: Spicy Lady|76\/100\n|move|p2a: Brute Bonnet|Spore||[still]\n|-fail|p2a: Brute Bonnet\n|move|p1b: Flaccid Pancake|Waterfall|p2b: Rotom\n|-resisted|p2b: Rotom\n|-damage|p2b: Rotom|77\/100\n|\n|upkeep\n|turn|3\n|inactive|fsdzxcasdasd has 30 seconds left.\n|inactive|fsdzxcasdasd has 20 seconds left.\n|\n|t:|1681751823\n|switch|p1b: Zipper Man|Breloom, L50, F|100\/100\n|move|p2b: Rotom|Volt Switch|p1b: Zipper Man\n|-resisted|p1b: Zipper Man\n|-damage|p1b: Zipper Man|64\/100\n|\n|t:|1681751829\n|switch|p2b: Great Tusk|Great Tusk, L50|100\/100|[from] Volt Switch\n|move|p1a: Spicy Lady|Moonblast|p2a: Brute Bonnet\n|-supereffective|p2a: Brute Bonnet\n|-damage|p2a: Brute Bonnet|14\/100\n|-unboost|p2a: Brute Bonnet|spa|1\n|-enditem|p2a: Brute Bonnet|Figy Berry|[eat]\n|-heal|p2a: Brute Bonnet|47\/100|[from] item: Figy Berry\n|move|p2a: Brute Bonnet|Stomping Tantrum|p1a: Spicy Lady\n|-activate|p1a: Spicy Lady|move: Substitute|[damage]\n|\n|upkeep\n|turn|4\n|inactive|ronex69 has 30 seconds left.\n|inactive|fsdzxcasdasd has 30 seconds left.\n|\n|t:|1681751861\n|move|p1a: Spicy Lady|Protect|p1a: Spicy Lady\n|-singleturn|p1a: Spicy Lady|Protect\n|move|p2a: Brute Bonnet|Sucker Punch||[still]\n|-fail|p2a: Brute Bonnet\n|move|p1b: Zipper Man|Mach Punch|p2a: Brute Bonnet\n|-supereffective|p2a: Brute Bonnet\n|-damage|p2a: Brute Bonnet|0 fnt\n|faint|p2a: Brute Bonnet\n|-end|p2a: Brute Bonnet|Protosynthesis|[silent]\n|move|p2b: Great Tusk|Rock Slide|p1b: Zipper Man|[spread] p1b\n|-activate|p1a: Spicy Lady|move: Protect\n|-resisted|p1b: Zipper Man\n|-damage|p1b: Zipper Man|46\/100\n|-damage|p2b: Great Tusk|91\/100|[from] item: Life Orb\n|\n|-sideend|p2: ronex69|move: Tailwind\n|upkeep\n|\n|t:|1681751874\n|switch|p2a: Roaring Moon|Roaring Moon, L50, tera:Fire|100\/100 par\n|turn|5\n|\n|t:|1681751894\n|move|p1a: Spicy Lady|Moonblast|p2b: Great Tusk\n|-supereffective|p2b: Great Tusk\n|-damage|p2b: Great Tusk|0 fnt\n|faint|p2b: Great Tusk\n|-end|p2b: Great Tusk|Protosynthesis|[silent]\n|move|p1b: Zipper Man|Bullet Seed|p2a: Roaring Moon\n|-resisted|p2a: Roaring Moon\n|-damage|p2a: Roaring Moon|87\/100 par\n|-resisted|p2a: Roaring Moon\n|-damage|p2a: Roaring Moon|74\/100 par\n|-resisted|p2a: Roaring Moon\n|-damage|p2a: Roaring Moon|62\/100 par\n|-resisted|p2a: Roaring Moon\n|-damage|p2a: Roaring Moon|48\/100 par\n|-hitcount|p2a: Roaring Moon|4\n|move|p2a: Roaring Moon|Tailwind|p2a: Roaring Moon\n|-sidestart|p2: ronex69|move: Tailwind\n|\n|upkeep\n|\n|t:|1681751907\n|switch|p2b: Rotom|Rotom-Wash, L50|77\/100\n|turn|6\n|\n|t:|1681751915\n|move|p2b: Rotom|Thunderbolt|p1a: Spicy Lady\n|-end|p1a: Spicy Lady|Substitute\n|cant|p2a: Roaring Moon|par\n|move|p1a: Spicy Lady|Shadow Ball|p2a: Roaring Moon\n|-damage|p2a: Roaring Moon|0 fnt\n|faint|p2a: Roaring Moon\n|-end|p2a: Roaring Moon|Protosynthesis|[silent]\n|move|p1b: Zipper Man|Spore|p2b: Rotom\n|-status|p2b: Rotom|slp|[from] move: Spore\n|\n|upkeep\n|turn|7\n|-message|ronex69 forfeited.\n|\n|win|fsdzxcasdasd\n|raw|fsdzxcasdasd's rating: 1040 → 1079<\/strong> (+39 for winning)\n|raw|ronex69's rating: 1094 → 1066<\/strong> (-28 for losing)\n|l|\u2606ronex69\n","uploadtime":1681752257,"views":13,"p1id":"fsdzxcasdasd","p2id":"ronex69","formatid":"gen9vgc2023regulationc","rating":1066,"private":0,"password":""}