{"id":"gen9vgc2023regulationc-1845566789","p1":"elmassa45","p2":"Abstrct212","format":"[Gen 9] VGC 2023 Regulation C","log":"|j|\u2606elmassa45\n|j|\u2606Abstrct212\n|t:|1681745616\n|gametype|doubles\n|player|p1|elmassa45|101|1070\n|player|p2|Abstrct212|102|1041\n|teamsize|p1|6\n|teamsize|p2|6\n|gen|9\n|tier|[Gen 9] VGC 2023 Regulation C\n|rated|\n|rule|Species Clause: Limit one of each Pok\u00e9mon\n|rule|Item Clause: Limit one of each item\n|clearpoke\n|poke|p1|Arcanine, L50, F|\n|poke|p1|Dragonite, L50, M|\n|poke|p1|Amoonguss, L50, M|\n|poke|p1|Flutter Mane, L50|\n|poke|p1|Ting-Lu, L50|\n|poke|p1|Palafin, L50, M|\n|poke|p2|Quaquaval, L50, M|\n|poke|p2|Amoonguss, L50, M|\n|poke|p2|Talonflame, L50, F|\n|poke|p2|Flutter Mane, L50|\n|poke|p2|Baxcalibur, L50, M|\n|poke|p2|Chien-Pao, L50|\n|teampreview|4\n|j| Rellax\n|inactive|Battle timer is ON: inactive players will automatically lose when time's up. (requested by Abstrct212)\n|\n|t:|1681745644\n|start\n|switch|p1a: Palafin|Palafin, L50, M|100\/100\n|switch|p1b: Arcanine|Arcanine, L50, F|100\/100\n|switch|p2a: Quaquaval|Quaquaval, L50, M|100\/100\n|switch|p2b: Flutter Mane|Flutter Mane, L50|100\/100\n|-ability|p1b: Arcanine|Intimidate|boost\n|-fail|p2a: Quaquaval|unboost|[from] item: Clear Amulet|[of] p2a: Quaquaval\n|-unboost|p2b: Flutter Mane|atk|1\n|turn|1\n|l| Rellax\n|\n|t:|1681745669\n|detailschange|p1a: Palafin|Palafin-Hero, L50, M\n|switch|p1a: Dragonite|Dragonite, L50, M|100\/100\n|move|p2b: Flutter Mane|Moonblast|p1a: Dragonite\n|-supereffective|p1a: Dragonite\n|-damage|p1a: Dragonite|30\/100\n|move|p1b: Arcanine|Flare Blitz|p2b: Flutter Mane\n|-damage|p2b: Flutter Mane|0 fnt\n|faint|p2b: Flutter Mane\n|-end|p2b: Flutter Mane|Protosynthesis|[silent]\n|-damage|p1b: Arcanine|79\/100|[from] Recoil\n|move|p2a: Quaquaval|Aqua Step|p1a: Dragonite\n|-resisted|p1a: Dragonite\n|-damage|p1a: Dragonite|12\/100\n|-boost|p2a: Quaquaval|spe|1\n|\n|upkeep\n|\n|t:|1681745683\n|switch|p2b: Chien-Pao|Chien-Pao, L50|100\/100\n|-ability|p2b: Chien-Pao|Sword of Ruin\n|turn|2\n|\n|t:|1681745699\n|move|p1a: Dragonite|Extreme Speed|p2b: Chien-Pao\n|-damage|p2b: Chien-Pao|37\/100\n|move|p2b: Chien-Pao|Sucker Punch||[still]\n|-fail|p2b: Chien-Pao\n|move|p2a: Quaquaval|Aqua Step|p1b: Arcanine\n|-supereffective|p1b: Arcanine\n|-damage|p1b: Arcanine|0 fnt\n|-boost|p2a: Quaquaval|spe|1\n|faint|p1b: Arcanine\n|-ability|p2a: Quaquaval|Moxie|boost\n|-boost|p2a: Quaquaval|atk|1\n|\n|upkeep\n|\n|t:|1681745710\n|switch|p1b: Flutter Mane|Flutter Mane, L50|100\/100\n|turn|3\n|\n|t:|1681745734\n|-terastallize|p1b: Flutter Mane|Fairy\n|move|p2b: Chien-Pao|Protect|p2b: Chien-Pao\n|-singleturn|p2b: Chien-Pao|Protect\n|move|p1a: Dragonite|Extreme Speed|p2a: Quaquaval\n|-damage|p2a: Quaquaval|30\/100\n|move|p2a: Quaquaval|Aqua Step|p1b: Flutter Mane\n|-damage|p1b: Flutter Mane|0 fnt\n|-boost|p2a: Quaquaval|spe|1\n|faint|p1b: Flutter Mane\n|-end|p1b: Flutter Mane|Protosynthesis|[silent]\n|-ability|p2a: Quaquaval|Moxie|boost\n|-boost|p2a: Quaquaval|atk|1\n|\n|upkeep\n|\n|t:|1681745746\n|switch|p1b: Palafin|Palafin-Hero, L50, M|100\/100\n|-activate|p1b: Palafin|ability: Zero to Hero\n|turn|4\n|\n|t:|1681745767\n|switch|p2b: Amoonguss|Amoonguss, L50, M|100\/100\n|move|p1a: Dragonite|Extreme Speed|p2b: Amoonguss\n|-damage|p2b: Amoonguss|62\/100\n|move|p1b: Palafin|Jet Punch|p2a: Quaquaval\n|-resisted|p2a: Quaquaval\n|-damage|p2a: Quaquaval|5\/100\n|move|p2a: Quaquaval|Brick Break|p1b: Palafin\n|-damage|p1b: Palafin|11\/100\n|\n|upkeep\n|turn|5\n|\n|t:|1681745791\n|move|p1a: Dragonite|Extreme Speed|p2a: Quaquaval\n|-damage|p2a: Quaquaval|0 fnt\n|faint|p2a: Quaquaval\n|move|p2b: Amoonguss|Rage Powder|p2b: Amoonguss\n|-singleturn|p2b: Amoonguss|move: Rage Powder\n|move|p1b: Palafin|Wave Crash|p2b: Amoonguss\n|-resisted|p2b: Amoonguss\n|-damage|p2b: Amoonguss|29\/100\n|-enditem|p2b: Amoonguss|Sitrus Berry|[eat]\n|-heal|p2b: Amoonguss|54\/100|[from] item: Sitrus Berry\n|-damage|p1b: Palafin|0 fnt|[from] Recoil\n|faint|p1b: Palafin\n|\n|upkeep\n|-message|elmassa45 forfeited.\n|\n|win|Abstrct212\n|raw|elmassa45's rating: 1070 → 1048<\/strong> (-22 for losing)\n|raw|Abstrct212's rating: 1041 → 1078<\/strong> (+37 for winning)\n|l|\u2606elmassa45\n","uploadtime":1681745824,"views":11,"p1id":"elmassa45","p2id":"abstrct212","formatid":"gen9vgc2023regulationc","rating":1048,"private":0,"password":""}