{"id":"gen9vgc2023regulationc-1850722342","p1":"WimpShrimp","p2":"punishmant","format":"[Gen 9] VGC 2023 Regulation C","log":"|j|\u2606WimpShrimp\n|j|\u2606punishmant\n|t:|1682362055\n|gametype|doubles\n|player|p1|WimpShrimp|n|1193\n|player|p2|punishmant|170|1211\n|teamsize|p1|6\n|teamsize|p2|6\n|gen|9\n|tier|[Gen 9] VGC 2023 Regulation C\n|rated|\n|rule|Species Clause: Limit one of each Pok\u00e9mon\n|rule|Item Clause: Limit one of each item\n|clearpoke\n|poke|p1|Iron Hands, L50|\n|poke|p1|Ting-Lu, L50|\n|poke|p1|Volcarona, L50, M|\n|poke|p1|Baxcalibur, L50, M|\n|poke|p1|Flutter Mane, L50|\n|poke|p1|Roaring Moon, L50|\n|poke|p2|Roaring Moon, L50|\n|poke|p2|Iron Bundle, L50|\n|poke|p2|Arcanine, L50, M|\n|poke|p2|Iron Hands, L50|\n|poke|p2|Flutter Mane, L50|\n|poke|p2|Ting-Lu, L50|\n|teampreview|4\n|inactive|Battle timer is ON: inactive players will automatically lose when time's up. (requested by punishmant)\nWimpShrimp has agreed to open team sheets.\npunishmant has agreed to open team sheets.\n|inactive|punishmant has 60 seconds left.\n|\n|t:|1682362113\n|start\n|switch|p1a: Iron Hands|Iron Hands, L50|100\/100\n|switch|p1b: Baxcalibur|Baxcalibur, L50, M|100\/100\n|switch|p2a: Iron Hands|Iron Hands, L50|100\/100\n|switch|p2b: Iron Bundle|Iron Bundle, L50|100\/100\n|turn|1\n|\n|t:|1682362124\n|move|p2b: Iron Bundle|Protect|p2b: Iron Bundle\n|-singleturn|p2b: Iron Bundle|Protect\n|move|p1b: Baxcalibur|Protect|p1b: Baxcalibur\n|-singleturn|p1b: Baxcalibur|Protect\n|move|p1a: Iron Hands|Protect|p1a: Iron Hands\n|-singleturn|p1a: Iron Hands|Protect\n|move|p2a: Iron Hands|Drain Punch|p1b: Baxcalibur\n|-activate|p1b: Baxcalibur|move: Protect\n|\n|upkeep\n|turn|2\n|\n|t:|1682362145\n|switch|p1b: Flutter Mane|Flutter Mane, L50|100\/100\n|move|p2b: Iron Bundle|Icy Wind|p1a: Iron Hands|[spread] p1a,p1b\n|-damage|p1a: Iron Hands|81\/100\n|-damage|p1b: Flutter Mane|77\/100\n|-unboost|p1a: Iron Hands|spe|1\n|-unboost|p1b: Flutter Mane|spe|1\n|move|p2a: Iron Hands|Drain Punch|p1b: Flutter Mane\n|-immune|p1b: Flutter Mane\n|move|p1a: Iron Hands|Drain Punch|p2b: Iron Bundle\n|-supereffective|p2b: Iron Bundle\n|-enditem|p2b: Iron Bundle|Focus Sash\n|-damage|p2b: Iron Bundle|1\/100\n|-heal|p1a: Iron Hands|100\/100|[from] drain|[of] p2b: Iron Bundle\n|\n|upkeep\n|turn|3\n|\n|t:|1682362168\n|move|p2b: Iron Bundle|Freeze-Dry|p1a: Iron Hands\n|-damage|p1a: Iron Hands|70\/100\n|move|p1b: Flutter Mane|Dazzling Gleam|p2b: Iron Bundle|[spread] p2a,p2b\n|-supereffective|p2a: Iron Hands\n|-damage|p2a: Iron Hands|65\/100\n|-damage|p2b: Iron Bundle|0 fnt\n|faint|p2b: Iron Bundle\n|-end|p2b: Iron Bundle|Quark Drive|[silent]\n|move|p2a: Iron Hands|Wild Charge|p1b: Flutter Mane\n|-damage|p1b: Flutter Mane|0 fnt\n|faint|p1b: Flutter Mane\n|-end|p1b: Flutter Mane|Protosynthesis|[silent]\n|-damage|p2a: Iron Hands|55\/100|[from] Recoil\n|move|p1a: Iron Hands|Drain Punch|p2a: Iron Hands\n|-damage|p2a: Iron Hands|25\/100\n|-heal|p1a: Iron Hands|84\/100|[from] drain|[of] p2a: Iron Hands\n|\n|-heal|p1a: Iron Hands|90\/100|[from] item: Leftovers\n|upkeep\n|\n|t:|1682362184\n|switch|p2b: Flutter Mane|Flutter Mane, L50|100\/100\n|switch|p1b: Ting-Lu|Ting-Lu, L50|100\/100\n|-ability|p1b: Ting-Lu|Vessel of Ruin\n|turn|4\n|inactive|punishmant has 30 seconds left.\n|\n|t:|1682362213\n|move|p1a: Iron Hands|Protect|p1a: Iron Hands\n|-singleturn|p1a: Iron Hands|Protect\n|move|p2b: Flutter Mane|Moonblast|p1b: Ting-Lu\n|-supereffective|p1b: Ting-Lu\n|-damage|p1b: Ting-Lu|53\/100\n|move|p2a: Iron Hands|Drain Punch|p1b: Ting-Lu\n|-supereffective|p1b: Ting-Lu\n|-damage|p1b: Ting-Lu|8\/100\n|-heal|p2a: Iron Hands|49\/100|[from] drain|[of] p1b: Ting-Lu\n|move|p1b: Ting-Lu|Earthquake|p2a: Iron Hands|[spread] p2a,p2b\n|-activate|p1a: Iron Hands|move: Protect\n|-supereffective|p2a: Iron Hands\n|-damage|p2a: Iron Hands|8\/100\n|-damage|p2b: Flutter Mane|53\/100\n|\n|-heal|p1a: Iron Hands|96\/100|[from] item: Leftovers\n|upkeep\n|turn|5\n|inactive|WimpShrimp has 30 seconds left.\n|\n|t:|1682362248\n|-terastallize|p1a: Iron Hands|Grass\n|move|p2b: Flutter Mane|Moonblast|p1a: Iron Hands\n|-damage|p1a: Iron Hands|44\/100\n|move|p2a: Iron Hands|Drain Punch|p1b: Ting-Lu\n|-supereffective|p1b: Ting-Lu\n|-damage|p1b: Ting-Lu|0 fnt\n|-heal|p2a: Iron Hands|12\/100|[from] drain|[of] p1b: Ting-Lu\n|faint|p1b: Ting-Lu\n|move|p1a: Iron Hands|Drain Punch|p2a: Iron Hands\n|-damage|p2a: Iron Hands|0 fnt\n|-heal|p1a: Iron Hands|50\/100|[from] drain|[of] p2a: Iron Hands\n|faint|p2a: Iron Hands\n|-end|p2a: Iron Hands|Quark Drive|[silent]\n|\n|-heal|p1a: Iron Hands|56\/100|[from] item: Leftovers\n|upkeep\n|\n|t:|1682362262\n|switch|p2a: Roaring Moon|Roaring Moon, L50|100\/100\n|switch|p1b: Baxcalibur|Baxcalibur, L50, M|100\/100\n|-enditem|p2a: Roaring Moon|Booster Energy\n|-activate|p2a: Roaring Moon|ability: Protosynthesis|[fromitem]\n|-start|p2a: Roaring Moon|protosynthesisatk\n|turn|6\n|inactive|punishmant has 30 seconds left.\n|\n|t:|1682362295\n|-terastallize|p2b: Flutter Mane|Steel\n|move|p1a: Iron Hands|Protect|p1a: Iron Hands\n|-singleturn|p1a: Iron Hands|Protect\n|move|p1b: Baxcalibur|Ice Shard|p2b: Flutter Mane\n|-resisted|p2b: Flutter Mane\n|-damage|p2b: Flutter Mane|33\/100\n|move|p2b: Flutter Mane|Moonblast|p1b: Baxcalibur\n|-supereffective|p1b: Baxcalibur\n|-damage|p1b: Baxcalibur|0 fnt\n|faint|p1b: Baxcalibur\n|move|p2a: Roaring Moon|Dragon Dance|p2a: Roaring Moon\n|-boost|p2a: Roaring Moon|atk|1\n|-boost|p2a: Roaring Moon|spe|1\n|\n|-heal|p1a: Iron Hands|62\/100|[from] item: Leftovers\n|upkeep\n|turn|7\n|\n|t:|1682362308\n|move|p2a: Roaring Moon|Acrobatics|p1a: Iron Hands\n|-supereffective|p1a: Iron Hands\n|-damage|p1a: Iron Hands|0 fnt\n|faint|p1a: Iron Hands\n|-end|p1a: Iron Hands|Quark Drive|[silent]\n|\n|win|punishmant\n|raw|WimpShrimp's rating: 1193 → 1169<\/strong> (-24 for losing)\n|raw|punishmant's rating: 1211 → 1235<\/strong> (+24 for winning)\n|l|\u2606WimpShrimp\n","uploadtime":1682362324,"views":12,"p1id":"wimpshrimp","p2id":"punishmant","formatid":"gen9vgc2023regulationc","rating":1169,"private":0,"password":""}