{"id":"gen9vgc2023regulationc-1848691270","p1":"a lonely fart","p2":"glitchy_potat","format":"[Gen 9] VGC 2023 Regulation C","log":"|j|\u2606a lonely fart\n|j|\u2606glitchy_potat\n|t:|1682101208\n|gametype|doubles\n|player|p1|a lonely fart|265|1384\n|player|p2|glitchy_potat|nate|1345\n|teamsize|p1|6\n|teamsize|p2|6\n|gen|9\n|tier|[Gen 9] VGC 2023 Regulation C\n|rated|\n|rule|Species Clause: Limit one of each Pok\u00e9mon\n|rule|Item Clause: Limit one of each item\n|clearpoke\n|poke|p1|Gyarados, L50, F|\n|poke|p1|Scizor, L50, F|\n|poke|p1|Amoonguss, L50, M|\n|poke|p1|Arcanine, L50, F|\n|poke|p1|Flutter Mane, L50|\n|poke|p1|Iron Bundle, L50|\n|poke|p2|Palafin, L50, M|\n|poke|p2|Dragonite, L50, F|\n|poke|p2|Brute Bonnet, L50|\n|poke|p2|Armarouge, L50, M|\n|poke|p2|Flutter Mane, L50|\n|poke|p2|Chien-Pao, L50|\n|teampreview|4\n|inactive|Battle timer is ON: inactive players will automatically lose when time's up. (requested by glitchy_potat)\n|inactive|glitchy_potat has 60 seconds left.\n|\n|t:|1682101240\n|start\n|switch|p1a: Scizor|Scizor, L50, F|100\/100\n|switch|p1b: Iron Bundle|Iron Bundle, L50|100\/100\n|switch|p2a: JoJo|Palafin, L50, M|100\/100\n|switch|p2b: Flutter Mane|Flutter Mane, L50|100\/100\n|-enditem|p1b: Iron Bundle|Booster Energy\n|-activate|p1b: Iron Bundle|ability: Quark Drive|[fromitem]\n|-start|p1b: Iron Bundle|quarkdrivespe\n|-enditem|p2b: Flutter Mane|Booster Energy\n|-activate|p2b: Flutter Mane|ability: Protosynthesis|[fromitem]\n|-start|p2b: Flutter Mane|protosynthesisspe\n|turn|1\n|inactive|a lonely fart has 30 seconds left.\n|inactive|a lonely fart has 20 seconds left.\n|inactive|a lonely fart has 15 seconds left.\n|inactive|a lonely fart has 10 seconds left.\n|inactive|a lonely fart has 5 seconds left.\n|\n|t:|1682101292\n|-end|p2b: Flutter Mane|Protosynthesis|[silent]\n|switch|p2b: Dragonite|Dragonite, L50, F, shiny|100\/100\n|move|p1b: Iron Bundle|Protect|p1b: Iron Bundle\n|-singleturn|p1b: Iron Bundle|Protect\n|move|p2a: JoJo|Protect|p2a: JoJo\n|-singleturn|p2a: JoJo|Protect\n|move|p1a: Scizor|Swords Dance|p1a: Scizor\n|-boost|p1a: Scizor|atk|2\n|\n|upkeep\n|turn|2\n|inactive|glitchy_potat has 30 seconds left.\n|\n|t:|1682101320\n|-terastallize|p2b: Dragonite|Normal\n|move|p1a: Scizor|Bullet Punch|p2b: Dragonite\n|-damage|p2b: Dragonite|75\/100\n|move|p1b: Iron Bundle|Icy Wind|p2b: Dragonite|[spread] p2a,p2b\n|-resisted|p2a: JoJo\n|-damage|p2a: JoJo|90\/100\n|-damage|p2b: Dragonite|58\/100\n|-unboost|p2a: JoJo|spe|1\n|-unboost|p2b: Dragonite|spe|1\n|move|p2a: JoJo|Flip Turn|p1a: Scizor\n|-damage|p1a: Scizor|78\/100\n|\n|t:|1682101333\n|detailschange|p2a: JoJo|Palafin-Hero, L50, M\n|switch|p2a: Chien-Pao|Chien-Pao, L50|100\/100|[from] Flip Turn\n|-ability|p2a: Chien-Pao|Sword of Ruin\n|move|p2b: Dragonite|Thunder Punch|p1a: Scizor\n|-damage|p1a: Scizor|45\/100\n|-status|p1a: Scizor|par\n|-enditem|p1a: Scizor|Lum Berry|[eat]\n|-curestatus|p1a: Scizor|par|[msg]\n|\n|upkeep\n|turn|3\n|inactive|glitchy_potat has 30 seconds left.\n|inactive|glitchy_potat has 20 seconds left.\n|\n|t:|1682101368\n|move|p2a: Chien-Pao|Protect|p2a: Chien-Pao\n|-singleturn|p2a: Chien-Pao|Protect\n|move|p1a: Scizor|Bullet Punch|p2a: Chien-Pao\n|-activate|p2a: Chien-Pao|move: Protect\n|move|p1b: Iron Bundle|Icy Wind|p2a: Chien-Pao|[spread] \n|-activate|p2a: Chien-Pao|move: Protect\n|-miss|p1b: Iron Bundle|p2b: Dragonite\n|move|p2b: Dragonite|Thunder Punch|p1b: Iron Bundle\n|-supereffective|p1b: Iron Bundle\n|-damage|p1b: Iron Bundle|15\/100\n|\n|upkeep\n|turn|4\n|\n|t:|1682101390\n|-end|p1b: Iron Bundle|Quark Drive|[silent]\n|switch|p1b: Arcanine|Arcanine, L50, F|100\/100\n|-ability|p1b: Arcanine|Intimidate|boost\n|-unboost|p2a: Chien-Pao|atk|1\n|-unboost|p2b: Dragonite|atk|1\n|move|p2b: Dragonite|Extreme Speed|p1b: Arcanine\n|-damage|p1b: Arcanine|57\/100\n|move|p2a: Chien-Pao|Rain Dance|p2a: Chien-Pao\n|-weather|RainDance\n|move|p1a: Scizor|Close Combat|p2b: Dragonite\n|-supereffective|p2b: Dragonite\n|-damage|p2b: Dragonite|0 fnt\n|-unboost|p1a: Scizor|def|1\n|-unboost|p1a: Scizor|spd|1\n|faint|p2b: Dragonite\n|\n|-weather|RainDance|[upkeep]\n|upkeep\n|\n|t:|1682101408\n|switch|p2b: JoJo|Palafin-Hero, L50, M|90\/100\n|-activate|p2b: JoJo|ability: Zero to Hero\n|turn|5\n|\n|t:|1682101420\n|switch|p1a: Amoonguss|Amoonguss, L50, M|100\/100\n|-terastallize|p1b: Arcanine|Water\n|move|p2b: JoJo|Jet Punch|p1b: Arcanine\n|-resisted|p1b: Arcanine\n|-damage|p1b: Arcanine|10\/100\n|move|p2a: Chien-Pao|Sacred Sword|p1a: Amoonguss\n|-resisted|p1a: Amoonguss\n|-damage|p1a: Amoonguss|91\/100\n|move|p1b: Arcanine|Will-O-Wisp|p2b: JoJo\n|-status|p2b: JoJo|brn\n|\n|-weather|RainDance|[upkeep]\n|-heal|p1a: Amoonguss|96\/100|[from] item: Leftovers\n|-damage|p2b: JoJo|85\/100 brn|[from] brn\n|upkeep\n|turn|6\n|inactive|glitchy_potat has 30 seconds left.\n|inactive|glitchy_potat has 20 seconds left.\n|\n|t:|1682101458\n|move|p1b: Arcanine|Protect|p1b: Arcanine\n|-singleturn|p1b: Arcanine|Protect\n|move|p2a: Chien-Pao|Ice Spinner|p1a: Amoonguss\n|-supereffective|p1a: Amoonguss\n|-damage|p1a: Amoonguss|45\/100\n|move|p2b: JoJo|Wave Crash|p1b: Arcanine\n|-activate|p1b: Arcanine|move: Protect\n|move|p1a: Amoonguss|Spore|p2a: Chien-Pao\n|-status|p2a: Chien-Pao|slp|[from] move: Spore\n|\n|-weather|RainDance|[upkeep]\n|-heal|p1a: Amoonguss|51\/100|[from] item: Leftovers\n|-damage|p2b: JoJo|79\/100 brn|[from] brn\n|upkeep\n|turn|7\n|inactive|glitchy_potat has 30 seconds left.\n|\n|t:|1682101483\n|switch|p2a: Flutter Mane|Flutter Mane, L50|100\/100\n|switch|p1b: Scizor|Scizor, L50, F|45\/100\n|switch|p1a: Iron Bundle|Iron Bundle, L50|15\/100\n|move|p2b: JoJo|Wave Crash|p1a: Iron Bundle\n|-resisted|p1a: Iron Bundle\n|-damage|p1a: Iron Bundle|0 fnt\n|faint|p1a: Iron Bundle\n|-end|p1a: Iron Bundle|Quark Drive|[silent]\n|-damage|p2b: JoJo|75\/100 brn|[from] Recoil\n|\n|-weather|RainDance|[upkeep]\n|-damage|p2b: JoJo|70\/100 brn|[from] brn\n|upkeep\n|\n|t:|1682101495\n|switch|p1a: Arcanine|Arcanine, L50, F, tera:Water|10\/100\n|-ability|p1a: Arcanine|Intimidate|boost\n|-unboost|p2a: Flutter Mane|atk|1\n|-unboost|p2b: JoJo|atk|1\n|turn|8\n|\n|t:|1682101510\n|move|p2a: Flutter Mane|Protect|p2a: Flutter Mane\n|-singleturn|p2a: Flutter Mane|Protect\n|move|p1a: Arcanine|Protect|p1a: Arcanine\n|-singleturn|p1a: Arcanine|Protect\n|move|p2b: JoJo|Wave Crash|p1b: Scizor\n|-damage|p1b: Scizor|7\/100\n|-damage|p2b: JoJo|59\/100 brn|[from] Recoil\n|move|p1b: Scizor|Close Combat|p2b: JoJo\n|-damage|p2b: JoJo|23\/100 brn\n|-unboost|p1b: Scizor|def|1\n|-unboost|p1b: Scizor|spd|1\n|\n|-weather|none\n|-damage|p2b: JoJo|17\/100 brn|[from] brn\n|upkeep\n|turn|9\n|\n|t:|1682101528\n|move|p1a: Arcanine|Extreme Speed|p2b: JoJo\n|-damage|p2b: JoJo|0 fnt\n|faint|p2b: JoJo\n|move|p1b: Scizor|Bullet Punch|p2a: Flutter Mane\n|-supereffective|p2a: Flutter Mane\n|-damage|p2a: Flutter Mane|0 fnt\n|faint|p2a: Flutter Mane\n|-end|p2a: Flutter Mane|Protosynthesis|[silent]\n|\n|upkeep\n|\n|t:|1682101538\n|switch|p2b: Chien-Pao|Chien-Pao, L50|100\/100 slp\n|-ability|p2b: Chien-Pao|Sword of Ruin\n|turn|10\n|\n|t:|1682101543\n|move|p1a: Arcanine|Extreme Speed|p2b: Chien-Pao\n|-damage|p2b: Chien-Pao|72\/100 slp\n|move|p1b: Scizor|Bullet Punch|p2b: Chien-Pao\n|-supereffective|p2b: Chien-Pao\n|-crit|p2b: Chien-Pao\n|-damage|p2b: Chien-Pao|0 fnt\n|faint|p2b: Chien-Pao\n|\n|win|a lonely fart\n|raw|a lonely fart's rating: 1384 → 1402<\/strong> (+18 for winning)\n|raw|glitchy_potat's rating: 1345 → 1327<\/strong> (-18 for losing)\n|l|\u2606glitchy_potat\n|l|\u2606a lonely fart\n|j|\u2606a lonely fart\n|player|p1|a lonely fart|265\n","uploadtime":1682101608,"views":13,"p1id":"alonelyfart","p2id":"glitchypotat","formatid":"gen9vgc2023regulationc","rating":1327,"private":0,"password":""}