{"id":"gen9vgc2023regulationc-1852394412","p1":"GholDenko","p2":"Rk9s","format":"[Gen 9] VGC 2023 Regulation C","log":"|j|\u2606GholDenko\n|j|\u2606Rk9s\n|t:|1682552214\n|gametype|doubles\n|player|p1|GholDenko|drayden|\n|player|p2|Rk9s|fantina|\n|teamsize|p1|6\n|teamsize|p2|6\n|gen|9\n|tier|[Gen 9] VGC 2023 Regulation C\n|rule|Species Clause: Limit one of each Pok\u00e9mon\n|rule|Item Clause: Limit one of each item\n|clearpoke\n|poke|p1|Chien-Pao, L50|\n|poke|p1|Palafin, L50, M|\n|poke|p1|Corviknight, L50, M|\n|poke|p1|Volcarona, L50, M|\n|poke|p1|Gothitelle, L50, F|\n|poke|p1|Iron Hands, L50|\n|poke|p2|Chi-Yu, L50|\n|poke|p2|Gholdengo, L50|\n|poke|p2|Iron Bundle, L50|\n|poke|p2|Amoonguss, L50, F|\n|poke|p2|Talonflame, L50, F|\n|poke|p2|Garchomp, L50, M|\n|teampreview|4\nGholDenko has agreed to open team sheets.\n|c|\u2606GholDenko|G1\n|c|\u2606Rk9s|G1\nRk9s has agreed to open team sheets.\n|c|\u2606GholDenko|And back to G1\n|c|\u2606GholDenko|GL HF!\n|c|\u2606Rk9s|You too\n|\n|t:|1682552317\n|start\n|switch|p1a: Gothitelle|Gothitelle, L50, F|100\/100\n|switch|p1b: Iron Hands|Iron Hands, L50|100\/100\n|switch|p2a: Cheer Captain|Talonflame, L50, F|100\/100\n|switch|p2b: Art kid|Chi-Yu, L50|100\/100\n|-ability|p2b: Art kid|Beads of Ruin\n|turn|1\n|\n|t:|1682552344\n|move|p1b: Iron Hands|Fake Out|p2b: Art kid\n|-damage|p2b: Art kid|75\/100\n|move|p2a: Cheer Captain|Brave Bird|p1a: Gothitelle\n|-damage|p1a: Gothitelle|59\/100\n|-damage|p2a: Cheer Captain|88\/100|[from] Recoil\n|cant|p2b: Art kid|flinch\n|move|p1a: Gothitelle|Trick Room|p1a: Gothitelle\n|-fieldstart|move: Trick Room|[of] p1a: Gothitelle\n|\n|upkeep\n|turn|2\n|\n|t:|1682552382\n|move|p1a: Gothitelle|Protect|p1a: Gothitelle\n|-singleturn|p1a: Gothitelle|Protect\n|move|p1b: Iron Hands|Wild Charge|p2a: Cheer Captain\n|-supereffective|p2a: Cheer Captain\n|-damage|p2a: Cheer Captain|0 fnt\n|faint|p2a: Cheer Captain\n|-damage|p1b: Iron Hands|84\/100|[from] Recoil\n|move|p2b: Art kid|Psychic|p1b: Iron Hands\n|-supereffective|p1b: Iron Hands\n|-damage|p1b: Iron Hands|15\/100\n|\n|upkeep\n|\n|t:|1682552400\n|switch|p2a: Baddest Dude|Garchomp, L50, M|100\/100\n|turn|3\n|\n|t:|1682552415\n|move|p2a: Baddest Dude|Protect|p2a: Baddest Dude\n|-singleturn|p2a: Baddest Dude|Protect\n|move|p1b: Iron Hands|Drain Punch|p2b: Art kid\n|-supereffective|p2b: Art kid\n|-damage|p2b: Art kid|0 fnt\n|-heal|p1b: Iron Hands|35\/100|[from] drain|[of] p2b: Art kid\n|faint|p2b: Art kid\n|move|p1a: Gothitelle|Psychic|p2a: Baddest Dude\n|-activate|p2a: Baddest Dude|move: Protect\n|\n|upkeep\n|\n|t:|1682552426\n|switch|p2b: Football Captain|Gholdengo, L50|100\/100\n|turn|4\n|\n|t:|1682552440\n|-terastallize|p2a: Baddest Dude|Fairy\n|move|p2b: Football Captain|Protect|p2b: Football Captain\n|-singleturn|p2b: Football Captain|Protect\n|move|p1b: Iron Hands|Wild Charge|p2b: Football Captain\n|-activate|p2b: Football Captain|move: Protect\n|move|p1a: Gothitelle|Psychic|p2a: Baddest Dude\n|-damage|p2a: Baddest Dude|66\/100\n|move|p2a: Baddest Dude|Earthquake|p1b: Iron Hands|[spread] p1a,p1b\n|-activate|p2b: Football Captain|move: Protect\n|-supereffective|p1b: Iron Hands\n|-damage|p1a: Gothitelle|18\/100\n|-damage|p1b: Iron Hands|0 fnt\n|-enditem|p1a: Gothitelle|Sitrus Berry|[eat]\n|-heal|p1a: Gothitelle|43\/100|[from] item: Sitrus Berry\n|faint|p1b: Iron Hands\n|-end|p1b: Iron Hands|Quark Drive|[silent]\n|\n|upkeep\n|\n|t:|1682552467\n|switch|p1b: Chien-Pao|Chien-Pao, L50|100\/100\n|-ability|p1b: Chien-Pao|Sword of Ruin\n|turn|5\n|\n|t:|1682552488\n|move|p1b: Chien-Pao|Sucker Punch||[still]\n|-fail|p1b: Chien-Pao\n|move|p1a: Gothitelle|Psychic|p2a: Baddest Dude\n|-damage|p2a: Baddest Dude|31\/100\n|move|p2b: Football Captain|Nasty Plot|p2b: Football Captain\n|-boost|p2b: Football Captain|spa|2\n|move|p2a: Baddest Dude|Rock Slide|p1b: Chien-Pao|[spread] p1b\n|-miss|p2a: Baddest Dude|p1a: Gothitelle\n|-supereffective|p1b: Chien-Pao\n|-damage|p1b: Chien-Pao|41\/100\n|\n|-fieldend|move: Trick Room\n|upkeep\n|turn|6\n|\n|t:|1682552519\n|switch|p1b: Corviknight|Corviknight, L50, M|100\/100\n|move|p2b: Football Captain|Protect|p2b: Football Captain\n|-singleturn|p2b: Football Captain|Protect\n|move|p2a: Baddest Dude|Earthquake|p1a: Gothitelle|[spread] p1a\n|-activate|p2b: Football Captain|move: Protect\n|-immune|p1b: Corviknight\n|-damage|p1a: Gothitelle|3\/100\n|move|p1a: Gothitelle|Psychic|p2a: Baddest Dude\n|-damage|p2a: Baddest Dude|0 fnt\n|faint|p2a: Baddest Dude\n|\n|upkeep\n|turn|7\n|\n|t:|1682552542\n|move|p2b: Football Captain|Shadow Ball|p1b: Corviknight\n|-damage|p1b: Corviknight|31\/100\n|move|p1b: Corviknight|Bulk Up|p1b: Corviknight\n|-boost|p1b: Corviknight|atk|1\n|-boost|p1b: Corviknight|def|1\n|move|p1a: Gothitelle|Trick Room|p1a: Gothitelle\n|-fieldstart|move: Trick Room|[of] p1a: Gothitelle\n|\n|upkeep\n|turn|8\n|\n|t:|1682552559\n|move|p1a: Gothitelle|Psychic|p2b: Football Captain\n|-resisted|p2b: Football Captain\n|-damage|p2b: Football Captain|84\/100\n|move|p1b: Corviknight|Roost|p1b: Corviknight\n|-heal|p1b: Corviknight|81\/100\n|-singleturn|p1b: Corviknight|move: Roost\n|move|p2b: Football Captain|Make It Rain|p1a: Gothitelle|[spread] p1a,p1b\n|-resisted|p1b: Corviknight\n|-damage|p1a: Gothitelle|0 fnt\n|-damage|p1b: Corviknight|38\/100\n|-unboost|p2b: Football Captain|spa|1\n|faint|p1a: Gothitelle\n|\n|-heal|p2b: Football Captain|90\/100|[from] item: Leftovers\n|upkeep\n|\n|t:|1682552572\n|switch|p1a: Chien-Pao|Chien-Pao, L50|41\/100\n|-ability|p1a: Chien-Pao|Sword of Ruin\n|turn|9\n|\n|t:|1682552586\n|move|p1a: Chien-Pao|Sucker Punch|p2b: Football Captain\n|-supereffective|p2b: Football Captain\n|-damage|p2b: Football Captain|0 fnt\n|faint|p2b: Football Captain\n|\n|win|GholDenko\n|c|\u2606Rk9s|Gg\n|c|\u2606GholDenko|GG\n","uploadtime":1682552596,"views":15,"p1id":"gholdenko","p2id":"rk9s","formatid":"gen9vgc2023regulationc","rating":0,"private":0,"password":""}