{"id":"gen9vgc2023regulationc-1856100286","p1":"HelloThisIsME","p2":"haha you rage quit","format":"[Gen 9] VGC 2023 Regulation C","log":"|j|\u2606HelloThisIsME\n|j|\u2606haha you rage quit\n|t:|1683030112\n|gametype|doubles\n|player|p1|HelloThisIsME|170|1092\n|player|p2|haha you rage quit|pokemaniac|1077\n|teamsize|p1|6\n|teamsize|p2|6\n|gen|9\n|tier|[Gen 9] VGC 2023 Regulation C\n|rated|\n|rule|Species Clause: Limit one of each Pok\u00e9mon\n|rule|Item Clause: Limit one of each item\n|clearpoke\n|poke|p1|Dondozo, L50, M|\n|poke|p1|Tatsugiri-Droopy, L50, F|\n|poke|p1|Pelipper, L50, M|\n|poke|p1|Drednaw, L50, M|\n|poke|p1|Dragonite, L50, F|\n|poke|p1|Chien-Pao, L50|\n|poke|p2|Hariyama, L50, F|\n|poke|p2|Slowpoke, L50, M|\n|poke|p2|Indeedee-F, L50, F|\n|poke|p2|Torkoal, L50, M|\n|poke|p2|Arboliva, L50, F|\n|poke|p2|Gastrodon, L50, F|\n|teampreview|4\n|\n|t:|1683030153\n|start\n|switch|p1a: Dondozo|Dondozo, L50, M|100\/100\n|switch|p1b: Pelipper|Pelipper, L50, M|100\/100\n|switch|p2a: Hariyama|Hariyama, L50, F, shiny|100\/100\n|switch|p2b: Slowpoke|Slowpoke, L50, M, shiny|100\/100\n|-weather|RainDance|[from] ability: Drizzle|[of] p1b: Pelipper\n|turn|1\n|\n|t:|1683030208\n|switch|p1b: Tatsugiri|Tatsugiri-Droopy, L50, F, shiny|100\/100\n|-activate|p1b: Tatsugiri|ability: Commander|[of] p1a: Dondozo\n|-boost|p1a: Dondozo|atk|2\n|-boost|p1a: Dondozo|spa|2\n|-boost|p1a: Dondozo|spe|2\n|-boost|p1a: Dondozo|def|2\n|-boost|p1a: Dondozo|spd|2\n|-terastallize|p1a: Dondozo|Water\n|-terastallize|p2a: Hariyama|Steel\n|move|p2a: Hariyama|Fake Out|p1a: Dondozo\n|-damage|p1a: Dondozo|95\/100\n|cant|p1a: Dondozo|flinch\n|move|p2b: Slowpoke|Trick Room|p2b: Slowpoke\n|-fieldstart|move: Trick Room|[of] p2b: Slowpoke\n|\n|-weather|RainDance|[upkeep]\n|-status|p2a: Hariyama|brn|[from] item: Flame Orb\n|upkeep\n|turn|2\n|\n|t:|1683030258\n|switch|p2b: Arboliva|Arboliva, L50, F, shiny|100\/100\n|move|p2a: Hariyama|Knock Off|p1a: Dondozo\n|-damage|p1a: Dondozo|75\/100\n|-enditem|p1a: Dondozo|Life Orb|[from] move: Knock Off|[of] p2a: Hariyama\n|move|p1a: Dondozo|Surf|p2b: Arboliva|[spread] p2a,p2b\n|-miss|p1a: Dondozo|p1b: Tatsugiri\n|-resisted|p2b: Arboliva\n|-damage|p2a: Hariyama|25\/100 brn\n|-damage|p2b: Arboliva|59\/100\n|-fieldstart|move: Grassy Terrain|[from] ability: Seed Sower|[of] p2b: Arboliva\n|-enditem|p2b: Arboliva|Absorb Bulb\n|-boost|p2b: Arboliva|spa|1|[from] item: Absorb Bulb\n|\n|-weather|RainDance|[upkeep]\n|-heal|p2b: Arboliva|65\/100|[from] Grassy Terrain\n|-heal|p2a: Hariyama|31\/100 brn|[from] Grassy Terrain\n|-heal|p1a: Dondozo|81\/100|[from] Grassy Terrain\n|-damage|p2a: Hariyama|25\/100 brn|[from] brn\n|upkeep\n|turn|3\n|\n|t:|1683030277\n|switch|p2a: Gastrodon|Gastrodon, L50, F, shiny|100\/100\n|move|p2b: Arboliva|Terrain Pulse|p1a: Dondozo\n|-supereffective|p1a: Dondozo\n|-damage|p1a: Dondozo|0 fnt\n|faint|p1a: Dondozo\n|\n|-weather|RainDance|[upkeep]\n|-heal|p2b: Arboliva|71\/100|[from] Grassy Terrain\n|upkeep\n|\n|t:|1683030300\n|switch|p1a: Pelipper|Pelipper, L50, M|100\/100\n|turn|4\n|\n|t:|1683030318\n|move|p2b: Arboliva|Protect|p2b: Arboliva\n|-singleturn|p2b: Arboliva|Protect\n|move|p2a: Gastrodon|Muddy Water|p1b: Tatsugiri|[spread] p1a,p1b\n|-resisted|p1a: Pelipper\n|-resisted|p1b: Tatsugiri\n|-damage|p1a: Pelipper|60\/100\n|-damage|p1b: Tatsugiri|82\/100\n|-unboost|p1b: Tatsugiri|accuracy|1\n|-damage|p2a: Gastrodon|91\/100|[from] item: Life Orb\n|move|p1a: Pelipper|Hurricane|p2b: Arboliva\n|-activate|p2b: Arboliva|move: Protect\n|move|p1b: Tatsugiri|Icy Wind|p2a: Gastrodon|[spread] p2a\n|-activate|p2b: Arboliva|move: Protect\n|-damage|p2a: Gastrodon|78\/100\n|-unboost|p2a: Gastrodon|spe|1\n|\n|-weather|RainDance|[upkeep]\n|-heal|p2a: Gastrodon|84\/100|[from] Grassy Terrain\n|-heal|p2b: Arboliva|77\/100|[from] Grassy Terrain\n|-heal|p1b: Tatsugiri|88\/100|[from] Grassy Terrain\n|upkeep\n|turn|5\n|\n|t:|1683030341\n|move|p2a: Gastrodon|Ice Beam|p1a: Pelipper\n|-damage|p1a: Pelipper|11\/100\n|-damage|p2a: Gastrodon|75\/100|[from] item: Life Orb\n|move|p2b: Arboliva|Hyper Voice|p1b: Tatsugiri|[spread] p1a,p1b\n|-damage|p1a: Pelipper|0 fnt\n|-damage|p1b: Tatsugiri|10\/100\n|faint|p1a: Pelipper\n|move|p1b: Tatsugiri|Icy Wind|p2b: Arboliva|[spread] p2b\n|-miss|p1b: Tatsugiri|p2a: Gastrodon\n|-supereffective|p2b: Arboliva\n|-damage|p2b: Arboliva|54\/100\n|-unboost|p2b: Arboliva|spe|1\n|\n|-weather|RainDance|[upkeep]\n|-heal|p2a: Gastrodon|81\/100|[from] Grassy Terrain\n|-heal|p2b: Arboliva|60\/100|[from] Grassy Terrain\n|-heal|p1b: Tatsugiri|16\/100|[from] Grassy Terrain\n|-fieldend|move: Trick Room\n|upkeep\n|\n|t:|1683030357\n|switch|p1a: Drednaw|Drednaw, L50, M|100\/100\n|turn|6\n|\n|t:|1683030369\n|move|p2b: Arboliva|Protect|p2b: Arboliva\n|-singleturn|p2b: Arboliva|Protect\n|move|p1a: Drednaw|Rock Slide|p2a: Gastrodon|[spread] p2a\n|-activate|p2b: Arboliva|move: Protect\n|-resisted|p2a: Gastrodon\n|-damage|p2a: Gastrodon|59\/100\n|move|p1b: Tatsugiri|Icy Wind|p2b: Arboliva|[spread] p2a\n|-activate|p2b: Arboliva|move: Protect\n|-damage|p2a: Gastrodon|46\/100\n|-unboost|p2a: Gastrodon|spe|1\n|cant|p2a: Gastrodon|flinch\n|\n|-weather|RainDance|[upkeep]\n|-heal|p1b: Tatsugiri|23\/100|[from] Grassy Terrain\n|-heal|p2b: Arboliva|66\/100|[from] Grassy Terrain\n|-heal|p2a: Gastrodon|52\/100|[from] Grassy Terrain\n|-fieldend|move: Grassy Terrain\n|upkeep\n|turn|7\n|\n|t:|1683030394\n|move|p1a: Drednaw|Rock Slide|p2a: Gastrodon|[spread] p2b\n|-miss|p1a: Drednaw|p2a: Gastrodon\n|-damage|p2b: Arboliva|19\/100\n|-fieldstart|move: Grassy Terrain|[from] ability: Seed Sower|[of] p2b: Arboliva\n|move|p1b: Tatsugiri|Icy Wind|p2b: Arboliva|[spread] p2b\n|-miss|p1b: Tatsugiri|p2a: Gastrodon\n|-supereffective|p2b: Arboliva\n|-crit|p2b: Arboliva\n|-damage|p2b: Arboliva|0 fnt\n|faint|p2b: Arboliva\n|move|p2a: Gastrodon|Muddy Water|p1a: Drednaw|[spread] p1a,p1b\n|-resisted|p1b: Tatsugiri\n|-damage|p1a: Drednaw|7\/100\n|-damage|p1b: Tatsugiri|5\/100\n|-unboost|p1a: Drednaw|accuracy|1\n|-unboost|p1b: Tatsugiri|accuracy|1\n|-damage|p2a: Gastrodon|43\/100|[from] item: Life Orb\n|\n|-weather|RainDance|[upkeep]\n|-heal|p1a: Drednaw|13\/100|[from] Grassy Terrain\n|-heal|p1b: Tatsugiri|11\/100|[from] Grassy Terrain\n|-heal|p2a: Gastrodon|49\/100|[from] Grassy Terrain\n|upkeep\n|\n|t:|1683030398\n|switch|p2b: Hariyama|Hariyama, L50, F, shiny, tera:Steel|25\/100 brn\n|turn|8\n|inactive|Battle timer is ON: inactive players will automatically lose when time's up. (requested by haha you rage quit)\n|\n|t:|1683030438\n|move|p2b: Hariyama|Fake Out|p1a: Drednaw\n|-resisted|p1a: Drednaw\n|-damage|p1a: Drednaw|1\/100\n|cant|p1a: Drednaw|flinch\n|move|p1b: Tatsugiri|Icy Wind|p2a: Gastrodon|[spread] p2b\n|-miss|p1b: Tatsugiri|p2a: Gastrodon\n|-resisted|p2b: Hariyama\n|-damage|p2b: Hariyama|18\/100 brn\n|-unboost|p2b: Hariyama|spe|1\n|move|p2a: Gastrodon|Ice Beam|p1b: Tatsugiri\n|-damage|p1b: Tatsugiri|0 fnt\n|faint|p1b: Tatsugiri\n|-damage|p2a: Gastrodon|39\/100|[from] item: Life Orb\n|\n|-weather|none\n|-heal|p1a: Drednaw|7\/100|[from] Grassy Terrain\n|-heal|p2b: Hariyama|24\/100 brn|[from] Grassy Terrain\n|-heal|p2a: Gastrodon|46\/100|[from] Grassy Terrain\n|-damage|p2b: Hariyama|18\/100 brn|[from] brn\n|upkeep\n|turn|9\n|\n|t:|1683030456\n|switch|p2b: Slowpoke|Slowpoke, L50, M, shiny|100\/100\n|move|p1a: Drednaw|Rock Slide|p2a: Gastrodon|[spread] p2a,p2b\n|-resisted|p2a: Gastrodon\n|-damage|p2a: Gastrodon|21\/100\n|-damage|p2b: Slowpoke|66\/100\n|cant|p2a: Gastrodon|flinch\n|\n|-heal|p1a: Drednaw|13\/100|[from] Grassy Terrain\n|-heal|p2a: Gastrodon|27\/100|[from] Grassy Terrain\n|-heal|p2b: Slowpoke|73\/100|[from] Grassy Terrain\n|upkeep\n|turn|10\n|\n|t:|1683030468\n|move|p1a: Drednaw|Rock Slide|p2a: Gastrodon|[spread] p2a\n|-miss|p1a: Drednaw|p2b: Slowpoke\n|-resisted|p2a: Gastrodon\n|-damage|p2a: Gastrodon|3\/100\n|cant|p2a: Gastrodon|flinch\n|move|p2b: Slowpoke|Trick Room|p2b: Slowpoke\n|-fieldstart|move: Trick Room|[of] p2b: Slowpoke\n|\n|-heal|p2b: Slowpoke|79\/100|[from] Grassy Terrain\n|-heal|p2a: Gastrodon|10\/100|[from] Grassy Terrain\n|-heal|p1a: Drednaw|19\/100|[from] Grassy Terrain\n|upkeep\n|turn|11\n|\n|t:|1683030485\n|move|p2b: Slowpoke|Heal Pulse|p2a: Gastrodon\n|-heal|p2a: Gastrodon|60\/100\n|move|p2a: Gastrodon|Ice Beam|p1a: Drednaw\n|-resisted|p1a: Drednaw\n|-damage|p1a: Drednaw|0 fnt\n|faint|p1a: Drednaw\n|-damage|p2a: Gastrodon|50\/100|[from] item: Life Orb\n|\n|win|haha you rage quit\n|raw|HelloThisIsME's rating: 1092 → 1067<\/strong> (-25 for losing)\n|raw|haha you rage quit's rating: 1077 → 1107<\/strong> (+30 for winning)\n","uploadtime":1683030496,"views":5,"p1id":"hellothisisme","p2id":"hahayouragequit","formatid":"gen9vgc2023regulationc","rating":1067,"private":0,"password":""}