{"id":"gen9vgc2023regulationc-1852253559","p1":"BFO Ethanol","p2":"sonicspartan95","format":"[Gen 9] VGC 2023 Regulation C","log":"|j|\u2606BFO Ethanol\n|j|\u2606sonicspartan95\n|t:|1682537037\n|gametype|doubles\n|player|p1|BFO Ethanol|wallace|\n|player|p2|sonicspartan95|1|\n|teamsize|p1|6\n|teamsize|p2|6\n|gen|9\n|tier|[Gen 9] VGC 2023 Regulation C\n|rule|Species Clause: Limit one of each Pok\u00e9mon\n|rule|Item Clause: Limit one of each item\n|clearpoke\n|poke|p1|Scyther, L5, M|\n|poke|p1|Crabrawler, L5, M|\n|poke|p1|Bonsly, L5, F|\n|poke|p1|Toedscool, L5, M|\n|poke|p1|Rolycoly, L5, F|\n|poke|p1|Nymble, L5, F|\n|poke|p2|Bronzor, L5|\n|poke|p2|Drowzee, L5, F|\n|poke|p2|Sinistea, L5|\n|poke|p2|Nacli, L5, F|\n|poke|p2|Fuecoco, L5, M|\n|poke|p2|Wooper-Paldea, L5, F|\n|teampreview|4\n|c|\u2606BFO Ethanol|glhf!\n|c|\u2606sonicspartan95|yes gl!\n|j| mharidain\n|j| ZenN16\n|j| Cerpin T\n|c| Cerpin T|extra thicc\n|\n|t:|1682537087\n|start\n|switch|p1a: \ud83e\udd91\ud83e\udd91Quentin\ud83e\udd91\ud83e\udd91|Toedscool, L5, M|100\/100\n|switch|p1b: \u2702\ufe0f\u2702\ufe0fEdward\u2702\ufe0f\u2702\ufe0f|Scyther, L5, M|100\/100\n|switch|p2a: Bronzor|Bronzor, L5|100\/100\n|switch|p2b: Wooper|Wooper-Paldea, L5, F|100\/100\n|turn|1\n|c|\u2606sonicspartan95|nothing but thickness\n|\n|t:|1682537124\n|move|p1b: \u2702\ufe0f\u2702\ufe0fEdward\u2702\ufe0f\u2702\ufe0f|Night Slash|p2b: Wooper\n|-damage|p2b: Wooper|28\/100\n|-damage|p1b: \u2702\ufe0f\u2702\ufe0fEdward\u2702\ufe0f\u2702\ufe0f|92\/100|[from] item: Life Orb\n|move|p1a: \ud83e\udd91\ud83e\udd91Quentin\ud83e\udd91\ud83e\udd91|Earth Power|p2b: Wooper\n|-supereffective|p2b: Wooper\n|-damage|p2b: Wooper|0 fnt\n|faint|p2b: Wooper\n|move|p2a: Bronzor|Trick Room|p2a: Bronzor\n|-fieldstart|move: Trick Room|[of] p2a: Bronzor\n|\n|upkeep\n|\n|t:|1682537141\n|switch|p2b: Drowzee|Drowzee, L5, F|100\/100\n|turn|2\n|\n|t:|1682537153\n|move|p1b: \u2702\ufe0f\u2702\ufe0fEdward\u2702\ufe0f\u2702\ufe0f|Protect|p1b: \u2702\ufe0f\u2702\ufe0fEdward\u2702\ufe0f\u2702\ufe0f\n|-singleturn|p1b: \u2702\ufe0f\u2702\ufe0fEdward\u2702\ufe0f\u2702\ufe0f|Protect\n|move|p2a: Bronzor|Reflect|p2a: Bronzor\n|-sidestart|p2: sonicspartan95|Reflect\n|move|p2b: Drowzee|Dazzling Gleam|p1a: \ud83e\udd91\ud83e\udd91Quentin\ud83e\udd91\ud83e\udd91|[spread] p1a\n|-activate|p1b: \u2702\ufe0f\u2702\ufe0fEdward\u2702\ufe0f\u2702\ufe0f|move: Protect\n|-damage|p1a: \ud83e\udd91\ud83e\udd91Quentin\ud83e\udd91\ud83e\udd91|75\/100\n|-damage|p2b: Drowzee|92\/100|[from] item: Life Orb\n|move|p1a: \ud83e\udd91\ud83e\udd91Quentin\ud83e\udd91\ud83e\udd91|Acupressure|p1b: \u2702\ufe0f\u2702\ufe0fEdward\u2702\ufe0f\u2702\ufe0f\n|-boost|p1b: \u2702\ufe0f\u2702\ufe0fEdward\u2702\ufe0f\u2702\ufe0f|evasion|2\n|\n|upkeep\n|turn|3\n|c|\u2606BFO Ethanol|OH NO\n|c| Cerpin T|ACUPRESSURE GOES THROUGH PROTECT????????\n|c|\u2606BFO Ethanol|I blame Adam\n|j| haydyg\n|c|\u2606BFO Ethanol|it do yes\n|c|\u2606BFO Ethanol|but the evasion boost is actually horrid\n|\n|t:|1682537195\n|switch|p1b: \ud83d\ude82\ud83d\ude82Dwayne\ud83d\ude82\ud83d\ude82|Rolycoly, L5, F|100\/100\n|move|p2a: Bronzor|Reflect||[still]\n|-fail|p2a: Bronzor\n|move|p2b: Drowzee|Calm Mind|p2b: Drowzee\n|-boost|p2b: Drowzee|spa|1\n|-boost|p2b: Drowzee|spd|1\n|-enditem|p1a: \ud83e\udd91\ud83e\udd91Quentin\ud83e\udd91\ud83e\udd91|Mirror Herb\n|-boost|p1a: \ud83e\udd91\ud83e\udd91Quentin\ud83e\udd91\ud83e\udd91|spa|1|[from] item: Mirror Herb\n|-boost|p1a: \ud83e\udd91\ud83e\udd91Quentin\ud83e\udd91\ud83e\udd91|spd|1|[from] item: Mirror Herb\n|move|p1a: \ud83e\udd91\ud83e\udd91Quentin\ud83e\udd91\ud83e\udd91|Spore|p2b: Drowzee\n|-status|p2b: Drowzee|slp|[from] move: Spore\n|-activate|p2b: Drowzee|ability: Insomnia\n|-curestatus|p2b: Drowzee|slp|[msg]\n|\n|upkeep\n|turn|4\n|c| haydyg|sean is a disgusting evasion abuser\n|c|\u2606BFO Ethanol|nah I switched out\n|c| Cerpin T|MIRROR HERB\n|c|\u2606BFO Ethanol|Im not about to do that\n|c| Cerpin T|INSOMNIA\n|c| Cerpin T|THIS FUCKING GAAAAAAAAME\n|c|\u2606BFO Ethanol|also crazy turn lol\n|\n|t:|1682537238\n|move|p2a: Bronzor|Light Screen|p2a: Bronzor\n|-sidestart|p2: sonicspartan95|move: Light Screen\n|move|p2b: Drowzee|Dazzling Gleam|p1a: \ud83e\udd91\ud83e\udd91Quentin\ud83e\udd91\ud83e\udd91|[spread] p1a,p1b\n|-damage|p1a: \ud83e\udd91\ud83e\udd91Quentin\ud83e\udd91\ud83e\udd91|50\/100\n|-damage|p1b: \ud83d\ude82\ud83d\ude82Dwayne\ud83d\ude82\ud83d\ude82|69\/100\n|-damage|p2b: Drowzee|83\/100|[from] item: Life Orb\n|move|p1b: \ud83d\ude82\ud83d\ude82Dwayne\ud83d\ude82\ud83d\ude82|Rock Slide|p2a: Bronzor|[spread] p2a,p2b\n|-resisted|p2a: Bronzor\n|-damage|p2a: Bronzor|92\/100\n|-damage|p2b: Drowzee|57\/100\n|move|p1a: \ud83e\udd91\ud83e\udd91Quentin\ud83e\udd91\ud83e\udd91|Giga Drain|p2b: Drowzee\n|-crit|p2b: Drowzee\n|-damage|p2b: Drowzee|0 fnt\n|-heal|p1a: \ud83e\udd91\ud83e\udd91Quentin\ud83e\udd91\ud83e\udd91|85\/100|[from] drain|[of] p2b: Drowzee\n|faint|p2b: Drowzee\n|\n|upkeep\n|c| Cerpin T|THE CRIT\n|\n|t:|1682537251\n|switch|p2b: Fuecoco|Fuecoco, L5, M|100\/100\n|turn|5\n|c|\u2606BFO Ethanol|that sucks Im sorry\n|c| haydyg|this is a g game\n|c| haydyg|good g\n|\n|t:|1682537299\n|-terastallize|p2b: Fuecoco|Water\n|move|p2a: Bronzor|Protect|p2a: Bronzor\n|-singleturn|p2a: Bronzor|Protect\n|move|p1b: \ud83d\ude82\ud83d\ude82Dwayne\ud83d\ude82\ud83d\ude82|Rock Slide|p2a: Bronzor|[spread] p2b\n|-activate|p2a: Bronzor|move: Protect\n|-damage|p2b: Fuecoco|81\/100\n|move|p2b: Fuecoco|Tera Blast|p1b: \ud83d\ude82\ud83d\ude82Dwayne\ud83d\ude82\ud83d\ude82\n|-supereffective|p1b: \ud83d\ude82\ud83d\ude82Dwayne\ud83d\ude82\ud83d\ude82\n|-damage|p1b: \ud83d\ude82\ud83d\ude82Dwayne\ud83d\ude82\ud83d\ude82|0 fnt\n|faint|p1b: \ud83d\ude82\ud83d\ude82Dwayne\ud83d\ude82\ud83d\ude82\n|move|p1a: \ud83e\udd91\ud83e\udd91Quentin\ud83e\udd91\ud83e\udd91|Earth Power|p2b: Fuecoco\n|-damage|p2b: Fuecoco|50\/100\n|\n|-heal|p2b: Fuecoco|54\/100|[from] item: Leftovers\n|-fieldend|move: Trick Room\n|upkeep\n|c|\u2606BFO Ethanol|wait\n|c| Cerpin T|>tera\n|c| Cerpin T|illegal\n|c| haydyg|hold the line -toto\n|c| mharidain|wait no terra\n|c|\u2606BFO Ethanol|its fine I got this\n|c|\u2606sonicspartan95|ooooooh this is my bad\n|\n|t:|1682537324\n|switch|p1b: \u2702\ufe0f\u2702\ufe0fEdward\u2702\ufe0f\u2702\ufe0f|Scyther, L5, M|92\/100\n|turn|6\n|c|\u2606BFO Ethanol|nahnah youre fine\n|c|\u2606BFO Ethanol|just for future reference\n|c|\u2606BFO Ethanol|tera is banned for this lol\n|\n|t:|1682537342\n|move|p1b: \u2702\ufe0f\u2702\ufe0fEdward\u2702\ufe0f\u2702\ufe0f|Aerial Ace|p2b: Fuecoco\n|-damage|p2b: Fuecoco|0 fnt\n|faint|p2b: Fuecoco\n|-damage|p1b: \u2702\ufe0f\u2702\ufe0fEdward\u2702\ufe0f\u2702\ufe0f|83\/100|[from] item: Life Orb\n|move|p1a: \ud83e\udd91\ud83e\udd91Quentin\ud83e\udd91\ud83e\udd91|Giga Drain|p2a: Bronzor\n|-resisted|p2a: Bronzor\n|-damage|p2a: Bronzor|84\/100\n|-heal|p1a: \ud83e\udd91\ud83e\udd91Quentin\ud83e\udd91\ud83e\udd91|90\/100|[from] drain|[of] p2a: Bronzor\n|move|p2a: Bronzor|Trick Room|p2a: Bronzor\n|-fieldstart|move: Trick Room|[of] p2a: Bronzor\n|\n|-sideend|p2: sonicspartan95|Reflect\n|upkeep\n|turn|7\n|c| Cerpin T|tera didnt matter lmao\n|c|\u2606sonicspartan95|i was gonna say its gg\n|c|\u2606BFO Ethanol|yeah\n|\n|t:|1682537361\n|switch|p1a: \ud83e\udd97\ud83e\udd97Big Jack\ud83e\udd97\ud83e\udd97|Nymble, L5, F|100\/100\n|move|p2a: Bronzor|Light Screen||[still]\n|-fail|p2a: Bronzor\n|move|p1b: \u2702\ufe0f\u2702\ufe0fEdward\u2702\ufe0f\u2702\ufe0f|Aerial Ace|p2a: Bronzor\n|-resisted|p2a: Bronzor\n|-crit|p2a: Bronzor\n|-damage|p2a: Bronzor|46\/100\n|-damage|p1b: \u2702\ufe0f\u2702\ufe0fEdward\u2702\ufe0f\u2702\ufe0f|74\/100|[from] item: Life Orb\n|\n|upkeep\n|turn|8\n|\n|t:|1682537371\n|move|p1b: \u2702\ufe0f\u2702\ufe0fEdward\u2702\ufe0f\u2702\ufe0f|Protect|p1b: \u2702\ufe0f\u2702\ufe0fEdward\u2702\ufe0f\u2702\ufe0f\n|-singleturn|p1b: \u2702\ufe0f\u2702\ufe0fEdward\u2702\ufe0f\u2702\ufe0f|Protect\n|move|p1a: \ud83e\udd97\ud83e\udd97Big Jack\ud83e\udd97\ud83e\udd97|First Impression|p2a: Bronzor\n|-damage|p2a: Bronzor|17\/100\n|move|p2a: Bronzor|Trick Room|p2a: Bronzor\n|-fieldend|move: Trick Room\n|\n|-sideend|p2: sonicspartan95|move: Light Screen\n|upkeep\n|turn|9\n|\n|t:|1682537378\n|switch|p1b: \ud83e\udd91\ud83e\udd91Quentin\ud83e\udd91\ud83e\udd91|Toedscool, L5, M|90\/100\n|move|p1a: \ud83e\udd97\ud83e\udd97Big Jack\ud83e\udd97\ud83e\udd97|Leech Life|p2a: Bronzor\n|-damage|p2a: Bronzor|0 fnt\n|faint|p2a: Bronzor\n|\n|win|BFO Ethanol\n|c|\u2606sonicspartan95|gg\n|c|\u2606BFO Ethanol|gwon big jack\n|c|\u2606BFO Ethanol|gg\n|c| Cerpin T|gg wp\n|c| haydyg|gggg\n|c| mharidain|gg\n|l| ZenN16\n","uploadtime":1682537391,"views":11,"p1id":"bfoethanol","p2id":"sonicspartan95","formatid":"gen9vgc2023regulationc","rating":0,"private":0,"password":""}