{"id":"gen9vgc2023regulationc-1849032015","p1":"NotGoodTeambuilder","p2":"mx555","format":"[Gen 9] VGC 2023 Regulation C","log":"|j|\u2606NotGoodTeambuilder\n|j|\u2606mx555\n|t:|1682142103\n|gametype|doubles\n|player|p1|NotGoodTeambuilder|101|1323\n|player|p2|mx555|266|1422\n|teamsize|p1|6\n|teamsize|p2|6\n|gen|9\n|tier|[Gen 9] VGC 2023 Regulation C\n|rated|\n|rule|Species Clause: Limit one of each Pok\u00e9mon\n|rule|Item Clause: Limit one of each item\n|clearpoke\n|poke|p1|Wo-Chien, L50|\n|poke|p1|Flutter Mane, L50|\n|poke|p1|Arcanine, L50, M|\n|poke|p1|Glimmora, L50, F|\n|poke|p1|Gastrodon, L50, M|\n|poke|p1|Garganacl, L50, M|\n|poke|p2|Farigiraf, L50, M|\n|poke|p2|Dragapult, L50, M|\n|poke|p2|Chien-Pao, L50|\n|poke|p2|Iron Hands, L50|\n|poke|p2|Amoonguss, L50, M|\n|poke|p2|Iron Bundle, L50|\n|teampreview|4\n|inactive|Battle timer is ON: inactive players will automatically lose when time's up. (requested by mx555)\n|\n|t:|1682142162\n|start\n|switch|p1a: Glimmora|Glimmora, L50, F, shiny|100\/100\n|switch|p1b: Arcanine|Arcanine, L50, M|100\/100\n|switch|p2a: Farigiraf|Farigiraf, L50, M|100\/100\n|switch|p2b: Iron Hands|Iron Hands, L50|100\/100\n|-ability|p1b: Arcanine|Intimidate|boost\n|-unboost|p2a: Farigiraf|atk|1\n|-unboost|p2b: Iron Hands|atk|1\n|turn|1\n|\n|t:|1682142176\n|move|p1b: Arcanine|Flare Blitz|p2a: Farigiraf\n|-damage|p2a: Farigiraf|68\/100\n|-damage|p1b: Arcanine|88\/100|[from] Recoil\n|move|p1a: Glimmora|Mortal Spin|p2b: Iron Hands|[spread] p2a,p2b\n|-damage|p2a: Farigiraf|64\/100\n|-damage|p2b: Iron Hands|98\/100\n|-status|p2a: Farigiraf|psn\n|-status|p2b: Iron Hands|psn\n|move|p2b: Iron Hands|Belly Drum|p2b: Iron Hands\n|-damage|p2b: Iron Hands|48\/100 psn\n|-setboost|p2b: Iron Hands|atk|6|[from] move: Belly Drum\n|-enditem|p2b: Iron Hands|Sitrus Berry|[eat]\n|-heal|p2b: Iron Hands|73\/100 psn|[from] item: Sitrus Berry\n|move|p2a: Farigiraf|Trick Room|p2a: Farigiraf\n|-fieldstart|move: Trick Room|[of] p2a: Farigiraf\n|\n|-damage|p2b: Iron Hands|60\/100 psn|[from] psn\n|-damage|p2a: Farigiraf|52\/100 psn|[from] psn\n|upkeep\n|turn|2\n|inactive|NotGoodTeambuilder has 30 seconds left.\n|\n|t:|1682142207\n|move|p2b: Iron Hands|Drain Punch|p1b: Arcanine\n|-damage|p1b: Arcanine|0 fnt\n|-heal|p2b: Iron Hands|94\/100 psn|[from] drain|[of] p1b: Arcanine\n|faint|p1b: Arcanine\n|move|p2a: Farigiraf|Hyper Voice|p1a: Glimmora\n|-resisted|p1a: Glimmora\n|-damage|p1a: Glimmora|88\/100\n|-enditem|p2a: Farigiraf|Throat Spray\n|-boost|p2a: Farigiraf|spa|1|[from] item: Throat Spray\n|move|p1a: Glimmora|Energy Ball|p2b: Iron Hands\n|-damage|p2b: Iron Hands|71\/100 psn\n|\n|-damage|p2b: Iron Hands|59\/100 psn|[from] psn\n|-damage|p2a: Farigiraf|40\/100 psn|[from] psn\n|upkeep\n|\n|t:|1682142220\n|switch|p1b: Flutter Mane|Flutter Mane, L50|100\/100\n|turn|3\n|\n|t:|1682142238\n|-terastallize|p2b: Iron Hands|Grass\n|move|p2b: Iron Hands|Thunder Punch|p1b: Flutter Mane\n|-enditem|p1b: Flutter Mane|Focus Sash\n|-damage|p1b: Flutter Mane|1\/100\n|move|p2a: Farigiraf|Twin Beam|p1b: Flutter Mane\n|-crit|p1b: Flutter Mane\n|-damage|p1b: Flutter Mane|0 fnt\n|faint|p1b: Flutter Mane\n|-end|p1b: Flutter Mane|Protosynthesis|[silent]\n|-hitcount|p1: Flutter Mane|1\n|move|p1a: Glimmora|Power Gem|p2a: Farigiraf\n|-damage|p2a: Farigiraf|0 fnt\n|faint|p2a: Farigiraf\n|\n|-damage|p2b: Iron Hands|47\/100 psn|[from] psn\n|upkeep\n|\n|t:|1682142255\n|switch|p2a: Amoonguss|Amoonguss, L50, M|100\/100\n|switch|p1b: Gastrodon|Gastrodon, L50, M|100\/100\n|turn|4\n|\n|t:|1682142274\n|-terastallize|p1a: Glimmora|Grass\n|move|p2a: Amoonguss|Pollen Puff|p2b: Iron Hands\n|-heal|p2b: Iron Hands|97\/100 psn\n|move|p1b: Gastrodon|Earth Power|p2a: Amoonguss\n|-damage|p2a: Amoonguss|66\/100\n|move|p2b: Iron Hands|Drain Punch|p1b: Gastrodon\n|-damage|p1b: Gastrodon|0 fnt\n|-heal|p2b: Iron Hands|100\/100 psn|[from] drain|[of] p1b: Gastrodon\n|faint|p1b: Gastrodon\n|move|p1a: Glimmora|Sludge Bomb|p2b: Iron Hands\n|-supereffective|p2b: Iron Hands\n|-damage|p2b: Iron Hands|30\/100 psn\n|\n|-damage|p2b: Iron Hands|18\/100 psn|[from] psn\n|upkeep\n|turn|5\n|l|\u2606NotGoodTeambuilder\n|inactive|NotGoodTeambuilder disconnected and has a minute to reconnect!\n|player|p1|\n|inactive|NotGoodTeambuilder has 30 seconds left.\n|inactive|NotGoodTeambuilder has 20 seconds left.\n|inactive|NotGoodTeambuilder has 15 seconds left.\n|inactive|NotGoodTeambuilder has 10 seconds left.\n|inactive|NotGoodTeambuilder has 5 seconds left.\n|-message|NotGoodTeambuilder lost due to inactivity.\n|\n|win|mx555\n|raw|NotGoodTeambuilder's rating: 1323 → 1309<\/strong> (-14 for losing)\n|raw|mx555's rating: 1422 → 1436<\/strong> (+14 for winning)\n","uploadtime":1682142338,"views":12,"p1id":"notgoodteambuilder","p2id":"mx555","formatid":"gen9vgc2023regulationc","rating":1309,"private":0,"password":""}