{"id":"gen9vgc2023regulationc-1859461579","p1":"p3ds","p2":"charlie shaymin","format":"[Gen 9] VGC 2023 Regulation C","log":"|j|\u2606p3ds\n|j|\u2606charlie shaymin\n|t:|1683471571\n|gametype|doubles\n|player|p1|p3ds|cynthia-masters3|\n|player|p2|charlie shaymin|doubleteam|\n|teamsize|p1|6\n|teamsize|p2|6\n|gen|9\n|tier|[Gen 9] VGC 2023 Regulation C\n|rule|Species Clause: Limit one of each Pok\u00e9mon\n|rule|Item Clause: Limit one of each item\n|clearpoke\n|poke|p1|Maushold-Four, L50|\n|poke|p1|Iron Bundle, L50|\n|poke|p1|Abomasnow, L50, M|\n|poke|p1|Annihilape, L50, F|\n|poke|p1|Chien-Pao, L50|\n|poke|p1|Ting-Lu, L50|\n|poke|p2|Flutter Mane, L50|\n|poke|p2|Baxcalibur, L50, F|\n|poke|p2|Volcarona, L50, M|\n|poke|p2|Gyarados, L50, M|\n|poke|p2|Glimmora, L50, F|\n|poke|p2|Kingambit, L50, M|\n|teampreview|4\n|c|\u2606p3ds|G2\ncharlie shaymin has agreed to open team sheets.\np3ds has agreed to open team sheets.\n|j| PKAB\n|j| Breloom3912\n|c|\u2606charlie shaymin|glhf\n|c|\u2606p3ds|GL&HF!\n|j| iiSalad\n|\n|t:|1683472022\n|start\n|switch|p1a: Maushold|Maushold-Four, L50|100\/100\n|switch|p1b: Annihilape|Annihilape, L50, F|100\/100\n|switch|p2a: Flutter Mane|Flutter Mane, L50|100\/100\n|switch|p2b: Baxcalibur|Baxcalibur, L50, F|100\/100\n|-enditem|p2a: Flutter Mane|Booster Energy\n|-activate|p2a: Flutter Mane|ability: Protosynthesis|[fromitem]\n|-start|p2a: Flutter Mane|protosynthesisspa\n|turn|1\n|j| SalcranVGC\n|\n|t:|1683472045\n|switch|p2b: Volcarona|Volcarona, L50, M|100\/100\n|-terastallize|p2a: Flutter Mane|Fairy\n|move|p2a: Flutter Mane|Moonblast|p1a: Maushold\n|-damage|p1a: Maushold|0 fnt\n|faint|p1a: Maushold\n|move|p1b: Annihilape|Rage Fist|p2a: Flutter Mane\n|-damage|p2a: Flutter Mane|61\/100\n|\n|upkeep\n|\n|t:|1683472060\n|switch|p1a: Chien-Pao|Chien-Pao, L50|100\/100\n|-ability|p1a: Chien-Pao|Sword of Ruin\n|turn|2\n|\n|t:|1683472086\n|move|p2a: Flutter Mane|Protect|p2a: Flutter Mane\n|-singleturn|p2a: Flutter Mane|Protect\n|move|p1a: Chien-Pao|Ice Spinner|p2a: Flutter Mane\n|-activate|p2a: Flutter Mane|move: Protect\n|move|p2b: Volcarona|Quiver Dance|p2b: Volcarona\n|-boost|p2b: Volcarona|spa|1\n|-boost|p2b: Volcarona|spd|1\n|-boost|p2b: Volcarona|spe|1\n|move|p1b: Annihilape|Bulk Up|p1b: Annihilape\n|-boost|p1b: Annihilape|atk|1\n|-boost|p1b: Annihilape|def|1\n|\n|upkeep\n|turn|3\n|\n|t:|1683472112\n|-end|p2a: Flutter Mane|Protosynthesis|[silent]\n|switch|p2a: Baxcalibur|Baxcalibur, L50, F|100\/100\n|-terastallize|p1b: Annihilape|Water\n|move|p2b: Volcarona|Quiver Dance|p2b: Volcarona\n|-boost|p2b: Volcarona|spa|1\n|-boost|p2b: Volcarona|spd|1\n|-boost|p2b: Volcarona|spe|1\n|move|p1a: Chien-Pao|Ice Spinner|p2a: Baxcalibur\n|-damage|p2a: Baxcalibur|49\/100\n|move|p1b: Annihilape|Rage Fist|p2b: Volcarona\n|-crit|p2b: Volcarona\n|-damage|p2b: Volcarona|28\/100\n|\n|-heal|p2b: Volcarona|34\/100|[from] item: Leftovers\n|upkeep\n|turn|4\n|\n|t:|1683472140\n|move|p2b: Volcarona|Protect|p2b: Volcarona\n|-singleturn|p2b: Volcarona|Protect\n|move|p2a: Baxcalibur|Protect|p2a: Baxcalibur\n|-singleturn|p2a: Baxcalibur|Protect\n|move|p1a: Chien-Pao|Sucker Punch||[still]\n|-fail|p1a: Chien-Pao\n|move|p1b: Annihilape|Drain Punch|p2a: Baxcalibur\n|-activate|p2a: Baxcalibur|move: Protect\n|\n|-heal|p2b: Volcarona|41\/100|[from] item: Leftovers\n|upkeep\n|turn|5\n|\n|t:|1683472172\n|move|p1a: Chien-Pao|Sucker Punch|p2b: Volcarona\n|-damage|p2b: Volcarona|0 fnt\n|faint|p2b: Volcarona\n|move|p2a: Baxcalibur|Ice Shard|p1a: Chien-Pao\n|-resisted|p1a: Chien-Pao\n|-crit|p1a: Chien-Pao\n|-damage|p1a: Chien-Pao|70\/100\n|-damage|p2a: Baxcalibur|39\/100|[from] item: Life Orb\n|move|p1b: Annihilape|Drain Punch|p2a: Baxcalibur\n|-supereffective|p2a: Baxcalibur\n|-damage|p2a: Baxcalibur|0 fnt\n|faint|p2a: Baxcalibur\n|\n|upkeep\n|\n|t:|1683472179\n|switch|p2b: Gyarados|Gyarados, L50, M|100\/100\n|switch|p2a: Flutter Mane|Flutter Mane, L50, tera:Fairy|61\/100\n|-ability|p2b: Gyarados|Intimidate|boost\n|-unboost|p1a: Chien-Pao|atk|1\n|-unboost|p1b: Annihilape|atk|1\n|-ability|p1b: Annihilape|Defiant|boost\n|-boost|p1b: Annihilape|atk|2\n|turn|6\n|\n|t:|1683472195\n|move|p1a: Chien-Pao|Ice Spinner|p2a: Flutter Mane\n|-damage|p2a: Flutter Mane|0 fnt\n|faint|p2a: Flutter Mane\n|-end|p2a: Flutter Mane|Protosynthesis|[silent]\n|move|p1b: Annihilape|Rage Fist|p2b: Gyarados\n|-crit|p2b: Gyarados\n|-damage|p2b: Gyarados|21\/100\n|-enditem|p2b: Gyarados|Sitrus Berry|[eat]\n|-heal|p2b: Gyarados|46\/100|[from] item: Sitrus Berry\n|move|p2b: Gyarados|Thunder Wave|p1b: Annihilape\n|-status|p1b: Annihilape|par\n|\n|upkeep\n|turn|7\n|\n|t:|1683472206\n|move|p1a: Chien-Pao|Ice Spinner|p2b: Gyarados\n|-damage|p2b: Gyarados|13\/100\n|move|p2b: Gyarados|Thunder Wave|p1a: Chien-Pao\n|-status|p1a: Chien-Pao|par\n|move|p1b: Annihilape|Rage Fist|p2b: Gyarados\n|-damage|p2b: Gyarados|0 fnt\n|faint|p2b: Gyarados\n|\n|win|p3ds\n|c|\u2606charlie shaymin|ggs\n|l| iiSalad\n|c|\u2606p3ds|GGs\n|l| Breloom3912\n|l| SalcranVGC\n","uploadtime":1683472225,"views":26,"p1id":"p3ds","p2id":"charlieshaymin","formatid":"gen9vgc2023regulationc","rating":0,"private":0,"password":""}