{"id":"gen9vgc2023regulationc-1857907583","p1":"marioman6444","p2":"PokeVoltClub","format":"[Gen 9] VGC 2023 Regulation C","log":"|j|\u2606marioman6444\n|j|\u2606PokeVoltClub\n|t:|1683245839\n|gametype|doubles\n|player|p1|marioman6444|hoopster|1217\n|player|p2|PokeVoltClub|elesa|1128\n|teamsize|p1|6\n|teamsize|p2|6\n|gen|9\n|tier|[Gen 9] VGC 2023 Regulation C\n|rated|\n|rule|Species Clause: Limit one of each Pok\u00e9mon\n|rule|Item Clause: Limit one of each item\n|clearpoke\n|poke|p1|Tsareena, L50, F|\n|poke|p1|Gyarados, L50, M|\n|poke|p1|Sableye, L50, M|\n|poke|p1|Gholdengo, L50|\n|poke|p1|Roaring Moon, L50|\n|poke|p1|Ting-Lu, L50|\n|poke|p2|Bellibolt, L50, M|\n|poke|p2|Gastrodon, L50, F|\n|poke|p2|Iron Treads, L50|\n|poke|p2|Mimikyu, L50, M|\n|poke|p2|Chi-Yu, L50|\n|poke|p2|Dragonite, L50, M|\n|teampreview|4\n|inactive|Battle timer is ON: inactive players will automatically lose when time's up. (requested by marioman6444)\n|inactive|PokeVoltClub has 60 seconds left.\n|inactive|marioman6444 has 60 seconds left.\n|\n|t:|1683245879\n|start\n|switch|p1a: Big-Lu|Ting-Lu, L50|100\/100\n|switch|p1b: UtakeDAmoon!|Roaring Moon, L50, shiny|100\/100\n|switch|p2a: Gastrodon|Gastrodon, L50, F|100\/100\n|switch|p2b: Bellibolt|Bellibolt, L50, M|100\/100\n|-ability|p1a: Big-Lu|Vessel of Ruin\n|-enditem|p1b: UtakeDAmoon!|Booster Energy\n|-activate|p1b: UtakeDAmoon!|ability: Protosynthesis|[fromitem]\n|-start|p1b: UtakeDAmoon!|protosynthesisatk\n|turn|1\n|\n|t:|1683245902\n|move|p1b: UtakeDAmoon!|Protect|p1b: UtakeDAmoon!\n|-singleturn|p1b: UtakeDAmoon!|Protect\n|move|p2b: Bellibolt|Muddy Water|p1a: Big-Lu|[spread] p1a\n|-activate|p1b: UtakeDAmoon!|move: Protect\n|-supereffective|p1a: Big-Lu\n|-damage|p1a: Big-Lu|82\/100\n|move|p1a: Big-Lu|Stomping Tantrum|p2b: Bellibolt\n|-supereffective|p2b: Bellibolt\n|-damage|p2b: Bellibolt|56\/100\n|-start|p2b: Bellibolt|Charge|Stomping Tantrum|[from] ability: Electromorphosis\n|move|p2a: Gastrodon|Yawn|p1b: UtakeDAmoon!\n|-activate|p1b: UtakeDAmoon!|move: Protect\n|\n|-heal|p1a: Big-Lu|88\/100|[from] item: Leftovers\n|upkeep\n|turn|2\n|inactive|marioman6444 has 30 seconds left.\n|inactive|marioman6444 has 20 seconds left.\n|inactive|marioman6444 has 15 seconds left.\n|inactive|PokeVoltClub has 30 seconds left.\n|inactive|marioman6444 has 10 seconds left.\n|inactive|marioman6444 has 5 seconds left.\n|\n|t:|1683245959\n|-terastallize|p2b: Bellibolt|Flying\n|move|p1b: UtakeDAmoon!|Crunch|p2b: Bellibolt\n|-damage|p2b: Bellibolt|8\/100\n|-start|p2b: Bellibolt|Charge|Crunch|[from] ability: Electromorphosis\n|move|p2b: Bellibolt|Parabolic Charge|p1a: Big-Lu|[spread] p1b\n|-immune|p2a: Gastrodon\n|-immune|p1a: Big-Lu\n|-resisted|p1b: UtakeDAmoon!\n|-damage|p1b: UtakeDAmoon!|86\/100\n|-heal|p2b: Bellibolt|14\/100|[from] drain|[of] p1b: UtakeDAmoon!\n|-end|p2b: Bellibolt|Charge|[silent]\n|move|p1a: Big-Lu|Stomping Tantrum|p2b: Bellibolt\n|-immune|p2b: Bellibolt\n|move|p2a: Gastrodon|Muddy Water|p1a: Big-Lu|[spread] p1a,p1b\n|-supereffective|p1a: Big-Lu\n|-resisted|p1b: UtakeDAmoon!\n|-damage|p1a: Big-Lu|60\/100\n|-damage|p1b: UtakeDAmoon!|76\/100\n|-unboost|p1a: Big-Lu|accuracy|1\n|-unboost|p1b: UtakeDAmoon!|accuracy|1\n|\n|-heal|p1a: Big-Lu|66\/100|[from] item: Leftovers\n|upkeep\n|turn|3\n|inactive|marioman6444 has 30 seconds left.\n|inactive|PokeVoltClub has 30 seconds left.\n|\n|t:|1683245988\n|move|p1b: UtakeDAmoon!|Acrobatics|p2b: Bellibolt\n|-damage|p2b: Bellibolt|0 fnt\n|faint|p2b: Bellibolt\n|move|p1a: Big-Lu|Stomping Tantrum|p2a: Gastrodon\n|-damage|p2a: Gastrodon|55\/100\n|move|p2a: Gastrodon|Yawn|p1b: UtakeDAmoon!\n|-start|p1b: UtakeDAmoon!|move: Yawn|[of] p2a: Gastrodon\n|\n|-heal|p1a: Big-Lu|72\/100|[from] item: Leftovers\n|upkeep\n|\n|t:|1683246000\n|switch|p2b: Dragonite|Dragonite, L50, M|100\/100\n|turn|4\n|inactive|marioman6444 has 30 seconds left.\n|inactive|marioman6444 has 20 seconds left.\n|inactive|marioman6444 has 15 seconds left.\n|inactive|marioman6444 has 10 seconds left.\n|inactive|marioman6444 has 5 seconds left.\n|\n|t:|1683246055\n|move|p1b: UtakeDAmoon!|Acrobatics|p2a: Gastrodon\n|-crit|p2a: Gastrodon\n|-damage|p2a: Gastrodon|0 fnt\n|faint|p2a: Gastrodon\n|move|p2b: Dragonite|Iron Head|p1b: UtakeDAmoon!\n|-damage|p1b: UtakeDAmoon!|33\/100\n|move|p1a: Big-Lu|Stomping Tantrum|p2b: Dragonite\n|-immune|p2b: Dragonite\n|\n|-heal|p1a: Big-Lu|78\/100|[from] item: Leftovers\n|-end|p1b: UtakeDAmoon!|move: Yawn|[silent]\n|-status|p1b: UtakeDAmoon!|slp\n|upkeep\n|\n|t:|1683246068\n|switch|p2a: Mimikyu|Mimikyu, L50, M|100\/100\n|turn|5\n|inactive|marioman6444 has 30 seconds left.\n|\n|t:|1683246102\n|move|p1a: Big-Lu|Protect|p1a: Big-Lu\n|-singleturn|p1a: Big-Lu|Protect\n|cant|p1b: UtakeDAmoon!|slp\n|move|p2a: Mimikyu|Play Rough|p1a: Big-Lu\n|-activate|p1a: Big-Lu|move: Protect\n|move|p2b: Dragonite|Iron Head|p1b: UtakeDAmoon!\n|-damage|p1b: UtakeDAmoon!|0 fnt\n|faint|p1b: UtakeDAmoon!\n|-end|p1b: UtakeDAmoon!|Protosynthesis|[silent]\n|\n|-heal|p1a: Big-Lu|84\/100|[from] item: Leftovers\n|upkeep\n|\n|t:|1683246116\n|switch|p1b: G\u25cbBLIN M\u25cbDE|Sableye, L50, M, shiny|100\/100\n|turn|6\n|inactive|marioman6444 has 30 seconds left.\n|inactive|marioman6444 has 20 seconds left.\n|\n|t:|1683246155\n|move|p2b: Dragonite|Extreme Speed|p1a: Big-Lu\n|-damage|p1a: Big-Lu|70\/100\n|move|p1b: G\u25cbBLIN M\u25cbDE|Will-O-Wisp|p2b: Dragonite\n|-status|p2b: Dragonite|brn\n|-enditem|p2b: Dragonite|Lum Berry|[eat]\n|-curestatus|p2b: Dragonite|brn|[msg]\n|move|p2a: Mimikyu|Play Rough|p1a: Big-Lu|[miss]\n|-miss|p2a: Mimikyu|p1a: Big-Lu\n|move|p1a: Big-Lu|Heavy Slam|p2a: Mimikyu\n|-activate|p2a: Mimikyu|ability: Disguise\n|-damage|p2a: Mimikyu|100\/100\n|detailschange|p2a: Mimikyu|Mimikyu-Busted, L50, M\n|-damage|p2a: Mimikyu|88\/100|[from] pokemon: Mimikyu-Busted\n|\n|-heal|p1a: Big-Lu|76\/100|[from] item: Leftovers\n|upkeep\n|turn|7\n|inactive|marioman6444 has 30 seconds left.\n|inactive|PokeVoltClub has 30 seconds left.\n|\n|t:|1683246190\n|move|p1a: Big-Lu|Protect|p1a: Big-Lu\n|-singleturn|p1a: Big-Lu|Protect\n|move|p2b: Dragonite|Extreme Speed|p1a: Big-Lu\n|-activate|p1a: Big-Lu|move: Protect\n|move|p1b: G\u25cbBLIN M\u25cbDE|Will-O-Wisp|p2a: Mimikyu\n|-status|p2a: Mimikyu|brn\n|move|p2a: Mimikyu|Play Rough|p1a: Big-Lu\n|-activate|p1a: Big-Lu|move: Protect\n|\n|-heal|p1a: Big-Lu|82\/100|[from] item: Leftovers\n|-damage|p2a: Mimikyu|82\/100 brn|[from] brn\n|upkeep\n|turn|8\n|inactive|marioman6444 has 30 seconds left.\n|inactive|PokeVoltClub has 30 seconds left.\n|\n|t:|1683246224\n|move|p1b: G\u25cbBLIN M\u25cbDE|Will-O-Wisp|p2b: Dragonite\n|-status|p2b: Dragonite|brn\n|move|p2a: Mimikyu|Play Rough|p1b: G\u25cbBLIN M\u25cbDE|[miss]\n|-miss|p2a: Mimikyu|p1b: G\u25cbBLIN M\u25cbDE\n|move|p2b: Dragonite|Iron Head|p1b: G\u25cbBLIN M\u25cbDE\n|-damage|p1b: G\u25cbBLIN M\u25cbDE|81\/100\n|move|p1a: Big-Lu|Heavy Slam|p2a: Mimikyu\n|-supereffective|p2a: Mimikyu\n|-damage|p2a: Mimikyu|0 fnt\n|faint|p2a: Mimikyu\n|\n|-heal|p1a: Big-Lu|89\/100|[from] item: Leftovers\n|-damage|p2b: Dragonite|95\/100 brn|[from] brn\n|upkeep\n|turn|9\n|-message|PokeVoltClub forfeited.\n|\n|win|marioman6444\n|raw|marioman6444's rating: 1217 → 1236<\/strong> (+19 for winning)\n|raw|PokeVoltClub's rating: 1128 → 1109<\/strong> (-19 for losing)\n|l|\u2606PokeVoltClub\n|c|\u2606marioman6444|Gg\n","uploadtime":1683246246,"views":12,"p1id":"marioman6444","p2id":"pokevoltclub","formatid":"gen9vgc2023regulationc","rating":1109,"private":0,"password":""}