{"id":"gen9vgc2023regulationc-1845808837","p1":"LTR98","p2":"counterurcounter","format":"[Gen 9] VGC 2023 Regulation C","log":"|j|\u2606LTR98\n|j|\u2606counterurcounter\n|t:|1681766692\n|gametype|doubles\n|player|p1|LTR98|169|1059\n|player|p2|counterurcounter|dawn|1049\n|teamsize|p1|6\n|teamsize|p2|6\n|gen|9\n|tier|[Gen 9] VGC 2023 Regulation C\n|rated|\n|rule|Species Clause: Limit one of each Pok\u00e9mon\n|rule|Item Clause: Limit one of each item\n|clearpoke\n|poke|p1|Grimmsnarl, L50, M|\n|poke|p1|Wo-Chien, L50|\n|poke|p1|Palafin, L50, F|\n|poke|p1|Chien-Pao, L50|\n|poke|p1|Arcanine, L50, F|\n|poke|p1|Kingambit, L50, M|\n|poke|p2|Dragonite, L50, M|\n|poke|p2|Amoonguss, L50, M|\n|poke|p2|Chien-Pao, L50|\n|poke|p2|Kingambit, L50, F|\n|poke|p2|Gyarados, L50, M|\n|poke|p2|Iron Bundle, L50|\n|teampreview|4\n|inactive|Battle timer is ON: inactive players will automatically lose when time's up. (requested by counterurcounter)\n|inactive|LTR98 has 60 seconds left.\n|\n|t:|1681766733\n|start\n|switch|p1a: Grimmsnarl|Grimmsnarl, L50, M|100\/100\n|switch|p1b: Kingambit|Kingambit, L50, M|100\/100\n|switch|p2a: Gyarados|Gyarados, L50, M|100\/100\n|switch|p2b: Kingambit|Kingambit, L50, F|100\/100\n|-ability|p2a: Gyarados|Intimidate|boost\n|-unboost|p1a: Grimmsnarl|atk|1\n|-unboost|p1b: Kingambit|atk|1\n|-ability|p1b: Kingambit|Defiant|boost\n|-boost|p1b: Kingambit|atk|2\n|turn|1\n|inactive|counterurcounter has 30 seconds left.\n|\n|t:|1681766761\n|switch|p2b: Dragonite|Dragonite, L50, M|100\/100\n|move|p1a: Grimmsnarl|Fake Out|p2a: Gyarados\n|-damage|p2a: Gyarados|90\/100\n|cant|p2a: Gyarados|flinch\n|move|p1b: Kingambit|Brick Break|p2b: Dragonite\n|-resisted|p2b: Dragonite\n|-damage|p2b: Dragonite|91\/100\n|\n|upkeep\n|turn|2\n|inactive|LTR98 has 30 seconds left.\n|\n|t:|1681766786\n|-terastallize|p2b: Dragonite|Flying\n|move|p1a: Grimmsnarl|Reflect|p1a: Grimmsnarl\n|-sidestart|p1: LTR98|Reflect\n|move|p2a: Gyarados|Thunder Wave|p1b: Kingambit\n|-status|p1b: Kingambit|par\n|move|p2b: Dragonite|Tera Blast|p1b: Kingambit\n|-resisted|p1b: Kingambit\n|-damage|p1b: Kingambit|84\/100 par\n|move|p1b: Kingambit|Kowtow Cleave|p2b: Dragonite\n|-damage|p2b: Dragonite|28\/100\n|\n|upkeep\n|turn|3\n|\n|t:|1681766809\n|move|p1a: Grimmsnarl|Light Screen|p1a: Grimmsnarl\n|-sidestart|p1: LTR98|move: Light Screen\n|move|p2a: Gyarados|Thunder Wave|p1a: Grimmsnarl\n|-status|p1a: Grimmsnarl|par\n|move|p2b: Dragonite|Roost|p2b: Dragonite\n|-heal|p2b: Dragonite|78\/100\n|-hint|If a Flying Terastallized Pokemon uses Roost, it remains Flying-type.\n|move|p1b: Kingambit|Kowtow Cleave|p2b: Dragonite\n|-damage|p2b: Dragonite|9\/100\n|\n|upkeep\n|turn|4\n|inactive|counterurcounter has 30 seconds left.\n|\n|t:|1681766842\n|switch|p2a: Kingambit|Kingambit, L50, F|100\/100\n|move|p2b: Dragonite|Roost|p2b: Dragonite\n|-heal|p2b: Dragonite|59\/100\n|-hint|If a Flying Terastallized Pokemon uses Roost, it remains Flying-type.\n|cant|p1b: Kingambit|par\n|move|p1a: Grimmsnarl|Spirit Break|p2b: Dragonite\n|-damage|p2b: Dragonite|34\/100\n|-unboost|p2b: Dragonite|spa|1\n|\n|upkeep\n|turn|5\n|\n|t:|1681766858\n|move|p2b: Dragonite|Roost|p2b: Dragonite\n|-heal|p2b: Dragonite|84\/100\n|-hint|If a Flying Terastallized Pokemon uses Roost, it remains Flying-type.\n|move|p2a: Kingambit|Low Kick|p1b: Kingambit\n|-supereffective|p1b: Kingambit\n|-damage|p1b: Kingambit|8\/100 par\n|cant|p1b: Kingambit|par\n|cant|p1a: Grimmsnarl|par\n|\n|upkeep\n|turn|6\n|inactive|LTR98 has 30 seconds left.\n|\n|t:|1681766887\n|switch|p1a: Chien-Pao|Chien-Pao, L50|100\/100\n|-ability|p1a: Chien-Pao|Sword of Ruin\n|move|p2b: Dragonite|Extreme Speed|p1b: Kingambit\n|-resisted|p1b: Kingambit\n|-damage|p1b: Kingambit|0 fnt\n|faint|p1b: Kingambit\n|move|p2a: Kingambit|Iron Head|p1a: Chien-Pao\n|-supereffective|p1a: Chien-Pao\n|-damage|p1a: Chien-Pao|8\/100\n|\n|upkeep\n|\n|t:|1681766896\n|switch|p1b: Grimmsnarl|Grimmsnarl, L50, M|100\/100 par\n|turn|7\n|\n|t:|1681766914\n|cant|p1b: Grimmsnarl|par\n|move|p2b: Dragonite|Extreme Speed|p1a: Chien-Pao\n|-damage|p1a: Chien-Pao|0 fnt\n|faint|p1a: Chien-Pao\n|move|p2a: Kingambit|Iron Head|p1b: Grimmsnarl\n|-supereffective|p1b: Grimmsnarl\n|-damage|p1b: Grimmsnarl|29\/100 par\n|\n|upkeep\n|\n|t:|1681766919\n|switch|p1a: Wo-Chien|Wo-Chien, L50|100\/100\n|-ability|p1a: Wo-Chien|Tablets of Ruin\n|turn|8\n|c|\u2606counterurcounter|lucky u\n|inactive|LTR98 has 30 seconds left.\n|inactive|LTR98 has 20 seconds left.\n|\n|t:|1681766959\n|switch|p2a: Iron Bundle|Iron Bundle, L50|100\/100\n|-enditem|p2a: Iron Bundle|Booster Energy\n|-activate|p2a: Iron Bundle|ability: Quark Drive|[fromitem]\n|-start|p2a: Iron Bundle|quarkdrivespe\n|-terastallize|p1a: Wo-Chien|Electric\n|move|p2b: Dragonite|Extreme Speed|p1b: Grimmsnarl\n|-damage|p1b: Grimmsnarl|10\/100 par\n|move|p1a: Wo-Chien|Leech Seed|p2a: Iron Bundle\n|-start|p2a: Iron Bundle|move: Leech Seed\n|cant|p1b: Grimmsnarl|par\n|\n|-damage|p2a: Iron Bundle|88\/100|[from] Leech Seed|[of] p1a: Wo-Chien\n|upkeep\n|turn|9\n|inactive|LTR98 has 30 seconds left.\n|c|\u2606LTR98|How many para do you want to take? Yes\n|inactive|LTR98 has 20 seconds left.\n|\n|t:|1681766998\n|move|p2a: Iron Bundle|Encore|p1a: Wo-Chien\n|-start|p1a: Wo-Chien|Encore\n|move|p2b: Dragonite|Thunder Punch|p1b: Grimmsnarl\n|-damage|p1b: Grimmsnarl|0 fnt\n|faint|p1b: Grimmsnarl\n|move|p1a: Wo-Chien|Leech Seed|p2b: Dragonite\n|-start|p2b: Dragonite|move: Leech Seed\n|\n|-damage|p2a: Iron Bundle|76\/100|[from] Leech Seed|[of] p1a: Wo-Chien\n|-damage|p2b: Dragonite|72\/100|[from] Leech Seed|[of] p1a: Wo-Chien\n|-sideend|p1: LTR98|Reflect\n|upkeep\n|turn|10\n|c|\u2606counterurcounter|more\n|\n|t:|1681767012\n|move|p2a: Iron Bundle|Freeze-Dry|p1a: Wo-Chien\n|-damage|p1a: Wo-Chien|84\/100\n|move|p2b: Dragonite|Tera Blast|p1a: Wo-Chien\n|-resisted|p1a: Wo-Chien\n|-crit|p1a: Wo-Chien\n|-damage|p1a: Wo-Chien|56\/100\n|move|p1a: Wo-Chien|Leech Seed||[still]\n|-fail|p1a: Wo-Chien\n|\n|-heal|p1a: Wo-Chien|62\/100|[from] item: Leftovers\n|-damage|p2a: Iron Bundle|64\/100|[from] Leech Seed|[of] p1a: Wo-Chien\n|-heal|p1a: Wo-Chien|71\/100|[silent]\n|-damage|p2b: Dragonite|60\/100|[from] Leech Seed|[of] p1a: Wo-Chien\n|-heal|p1a: Wo-Chien|83\/100|[silent]\n|-sideend|p1: LTR98|move: Light Screen\n|upkeep\n|turn|11\n|\n|t:|1681767036\n|move|p2a: Iron Bundle|Freeze-Dry|p1a: Wo-Chien\n|-damage|p1a: Wo-Chien|59\/100\n|move|p2b: Dragonite|Tera Blast|p1a: Wo-Chien\n|-resisted|p1a: Wo-Chien\n|-damage|p1a: Wo-Chien|40\/100\n|move|p1a: Wo-Chien|Leech Seed|p2a: Iron Bundle|[miss]\n|-miss|p1a: Wo-Chien|p2a: Iron Bundle\n|\n|-heal|p1a: Wo-Chien|46\/100|[from] item: Leftovers\n|-damage|p2a: Iron Bundle|52\/100|[from] Leech Seed|[of] p1a: Wo-Chien\n|-heal|p1a: Wo-Chien|54\/100|[silent]\n|-damage|p2b: Dragonite|47\/100|[from] Leech Seed|[of] p1a: Wo-Chien\n|-heal|p1a: Wo-Chien|66\/100|[silent]\n|-end|p1a: Wo-Chien|Encore\n|upkeep\n|turn|12\n|\n|t:|1681767058\n|move|p1a: Wo-Chien|Protect|p1a: Wo-Chien\n|-singleturn|p1a: Wo-Chien|Protect\n|move|p2a: Iron Bundle|Encore|p1a: Wo-Chien\n|-activate|p1a: Wo-Chien|move: Protect\n|move|p2b: Dragonite|Roost|p2b: Dragonite\n|-heal|p2b: Dragonite|97\/100\n|-hint|If a Flying Terastallized Pokemon uses Roost, it remains Flying-type.\n|\n|-heal|p1a: Wo-Chien|72\/100|[from] item: Leftovers\n|-damage|p2a: Iron Bundle|40\/100|[from] Leech Seed|[of] p1a: Wo-Chien\n|-heal|p1a: Wo-Chien|81\/100|[silent]\n|-damage|p2b: Dragonite|85\/100|[from] Leech Seed|[of] p1a: Wo-Chien\n|-heal|p1a: Wo-Chien|93\/100|[silent]\n|upkeep\n|turn|13\n|\n|t:|1681767079\n|move|p2a: Iron Bundle|Encore|p1a: Wo-Chien\n|-start|p1a: Wo-Chien|Encore\n|move|p2b: Dragonite|Tera Blast|p1a: Wo-Chien\n|-resisted|p1a: Wo-Chien\n|-damage|p1a: Wo-Chien|74\/100\n|move|p1a: Wo-Chien|Protect||[still]\n|-fail|p1a: Wo-Chien\n|\n|-heal|p1a: Wo-Chien|80\/100|[from] item: Leftovers\n|-damage|p2a: Iron Bundle|28\/100|[from] Leech Seed|[of] p1a: Wo-Chien\n|-heal|p1a: Wo-Chien|89\/100|[silent]\n|-damage|p2b: Dragonite|73\/100|[from] Leech Seed|[of] p1a: Wo-Chien\n|-heal|p1a: Wo-Chien|100\/100|[silent]\n|upkeep\n|turn|14\n|inactive|counterurcounter has 30 seconds left.\n|\n|t:|1681767105\n|move|p1a: Wo-Chien|Protect|p1a: Wo-Chien\n|-singleturn|p1a: Wo-Chien|Protect\n|move|p2a: Iron Bundle|Freeze-Dry|p1a: Wo-Chien\n|-activate|p1a: Wo-Chien|move: Protect\n|move|p2b: Dragonite|Tera Blast|p1a: Wo-Chien\n|-activate|p1a: Wo-Chien|move: Protect\n|\n|-damage|p2a: Iron Bundle|16\/100|[from] Leech Seed|[of] p1a: Wo-Chien\n|-damage|p2b: Dragonite|60\/100|[from] Leech Seed|[of] p1a: Wo-Chien\n|upkeep\n|turn|15\n|c|\u2606LTR98|How much i want to stall\n|c|\u2606LTR98|More\n|c|\u2606counterurcounter|nooooo!\n|inactive|counterurcounter has 30 seconds left.\n|c|\u2606LTR98|Oh yes\n|\n|t:|1681767137\n|-end|p2a: Iron Bundle|Quark Drive|[silent]\n|switch|p2a: Gyarados|Gyarados, L50, M|90\/100\n|-ability|p2a: Gyarados|Intimidate|boost\n|-unboost|p1a: Wo-Chien|atk|1\n|move|p1a: Wo-Chien|Protect||[still]\n|-fail|p1a: Wo-Chien\n|move|p2b: Dragonite|Roost|p2b: Dragonite\n|-heal|p2b: Dragonite|100\/100\n|-hint|If a Flying Terastallized Pokemon uses Roost, it remains Flying-type.\n|\n|-damage|p2b: Dragonite|88\/100|[from] Leech Seed|[of] p1a: Wo-Chien\n|-end|p1a: Wo-Chien|Encore\n|upkeep\n|turn|16\n|\n|t:|1681767153\n|move|p2a: Gyarados|Taunt|p1a: Wo-Chien\n|-start|p1a: Wo-Chien|move: Taunt\n|move|p2b: Dragonite|Tera Blast|p1a: Wo-Chien\n|-resisted|p1a: Wo-Chien\n|-damage|p1a: Wo-Chien|81\/100\n|cant|p1a: Wo-Chien|move: Taunt|Substitute\n|\n|-heal|p1a: Wo-Chien|87\/100|[from] item: Leftovers\n|-damage|p2b: Dragonite|76\/100|[from] Leech Seed|[of] p1a: Wo-Chien\n|-heal|p1a: Wo-Chien|99\/100|[silent]\n|upkeep\n|turn|17\n|\n|t:|1681767172\n|move|p2a: Gyarados|Waterfall|p1a: Wo-Chien\n|-damage|p1a: Wo-Chien|74\/100\n|move|p2b: Dragonite|Tera Blast|p1a: Wo-Chien\n|-resisted|p1a: Wo-Chien\n|-damage|p1a: Wo-Chien|55\/100\n|cant|p1a: Wo-Chien|flinch\n|\n|-heal|p1a: Wo-Chien|61\/100|[from] item: Leftovers\n|-damage|p2b: Dragonite|63\/100|[from] Leech Seed|[of] p1a: Wo-Chien\n|-heal|p1a: Wo-Chien|73\/100|[silent]\n|upkeep\n|turn|18\n|\n|t:|1681767188\n|move|p2a: Gyarados|Waterfall|p1a: Wo-Chien\n|-damage|p1a: Wo-Chien|48\/100\n|move|p2b: Dragonite|Tera Blast|p1a: Wo-Chien\n|-resisted|p1a: Wo-Chien\n|-damage|p1a: Wo-Chien|29\/100\n|cant|p1a: Wo-Chien|flinch\n|\n|-heal|p1a: Wo-Chien|35\/100|[from] item: Leftovers\n|-damage|p2b: Dragonite|51\/100|[from] Leech Seed|[of] p1a: Wo-Chien\n|-heal|p1a: Wo-Chien|47\/100|[silent]\n|-end|p1a: Wo-Chien|move: Taunt\n|upkeep\n|turn|19\n|c|\u2606LTR98|C'mon porcodio madonnaputtana\n|inactive|LTR98 has 30 seconds left.\n|\n|t:|1681767215\n|move|p2a: Gyarados|Taunt|p1a: Wo-Chien\n|-start|p1a: Wo-Chien|move: Taunt\n|move|p2b: Dragonite|Roost|p2b: Dragonite\n|-heal|p2b: Dragonite|100\/100\n|-hint|If a Flying Terastallized Pokemon uses Roost, it remains Flying-type.\n|move|p1a: Wo-Chien|Giga Drain|p2a: Gyarados\n|-damage|p2a: Gyarados|63\/100\n|-heal|p1a: Wo-Chien|59\/100|[from] drain|[of] p2a: Gyarados\n|\n|-heal|p1a: Wo-Chien|65\/100|[from] item: Leftovers\n|-damage|p2b: Dragonite|88\/100|[from] Leech Seed|[of] p1a: Wo-Chien\n|-heal|p1a: Wo-Chien|77\/100|[silent]\n|upkeep\n|turn|20\n|\n|t:|1681767229\n|move|p2a: Gyarados|Waterfall|p1a: Wo-Chien\n|-damage|p1a: Wo-Chien|52\/100\n|move|p2b: Dragonite|Tera Blast|p1a: Wo-Chien\n|-resisted|p1a: Wo-Chien\n|-damage|p1a: Wo-Chien|33\/100\n|move|p1a: Wo-Chien|Giga Drain|p2a: Gyarados\n|-crit|p2a: Gyarados\n|-damage|p2a: Gyarados|17\/100\n|-heal|p1a: Wo-Chien|53\/100|[from] drain|[of] p2a: Gyarados\n|\n|-heal|p1a: Wo-Chien|59\/100|[from] item: Leftovers\n|-damage|p2b: Dragonite|76\/100|[from] Leech Seed|[of] p1a: Wo-Chien\n|-heal|p1a: Wo-Chien|71\/100|[silent]\n|upkeep\n|turn|21\n|\n|t:|1681767253\n|switch|p2a: Kingambit|Kingambit, L50, F|100\/100\n|move|p2b: Dragonite|Tera Blast|p1a: Wo-Chien\n|-resisted|p1a: Wo-Chien\n|-damage|p1a: Wo-Chien|53\/100\n|move|p1a: Wo-Chien|Giga Drain|p2a: Kingambit\n|-resisted|p2a: Kingambit\n|-damage|p2a: Kingambit|92\/100\n|-heal|p1a: Wo-Chien|57\/100|[from] drain|[of] p2a: Kingambit\n|\n|-heal|p1a: Wo-Chien|64\/100|[from] item: Leftovers\n|-damage|p2b: Dragonite|63\/100|[from] Leech Seed|[of] p1a: Wo-Chien\n|-heal|p1a: Wo-Chien|75\/100|[silent]\n|-end|p1a: Wo-Chien|move: Taunt\n|upkeep\n|turn|22\n|inactive|counterurcounter has 30 seconds left.\n|\n|t:|1681767280\n|move|p2a: Kingambit|Sucker Punch||[still]\n|-fail|p2a: Kingambit\n|move|p2b: Dragonite|Roost|p2b: Dragonite\n|-heal|p2b: Dragonite|100\/100\n|-hint|If a Flying Terastallized Pokemon uses Roost, it remains Flying-type.\n|move|p1a: Wo-Chien|Leech Seed|p2a: Kingambit\n|-start|p2a: Kingambit|move: Leech Seed\n|\n|-heal|p1a: Wo-Chien|82\/100|[from] item: Leftovers\n|-damage|p2b: Dragonite|88\/100|[from] Leech Seed|[of] p1a: Wo-Chien\n|-heal|p1a: Wo-Chien|94\/100|[silent]\n|-damage|p2a: Kingambit|80\/100|[from] Leech Seed|[of] p1a: Wo-Chien\n|-heal|p1a: Wo-Chien|100\/100|[silent]\n|upkeep\n|turn|23\n|inactive|counterurcounter has 25 seconds left this turn.\n|inactive|counterurcounter has 20 seconds left.\n|inactive|counterurcounter has 15 seconds left.\n|inactive|counterurcounter has 10 seconds left.\n|inactive|counterurcounter has 5 seconds left.\n|\n|t:|1681767303\n|move|p2b: Dragonite|Tera Blast|p1a: Wo-Chien\n|-resisted|p1a: Wo-Chien\n|-damage|p1a: Wo-Chien|80\/100\n|move|p1a: Wo-Chien|Substitute|p1a: Wo-Chien\n|-start|p1a: Wo-Chien|Substitute\n|-damage|p1a: Wo-Chien|55\/100\n|move|p2a: Kingambit|Iron Head|p1a: Wo-Chien\n|-resisted|p1a: Wo-Chien\n|-activate|p1a: Wo-Chien|move: Substitute|[damage]\n|\n|-heal|p1a: Wo-Chien|61\/100|[from] item: Leftovers\n|-damage|p2b: Dragonite|76\/100|[from] Leech Seed|[of] p1a: Wo-Chien\n|-heal|p1a: Wo-Chien|73\/100|[silent]\n|-damage|p2a: Kingambit|68\/100|[from] Leech Seed|[of] p1a: Wo-Chien\n|-heal|p1a: Wo-Chien|85\/100|[silent]\n|upkeep\n|turn|24\n|inactive|counterurcounter has 5 seconds left this turn.\n|-message|counterurcounter lost due to inactivity.\n|\n|win|LTR98\n|raw|LTR98's rating: 1059 → 1089<\/strong> (+30 for winning)\n|raw|counterurcounter's rating: 1049 → 1032<\/strong> (-17 for losing)\n|c|\u2606LTR98|Godo\n","uploadtime":1681767207,"views":5,"p1id":"ltr98","p2id":"counterurcounter","formatid":"gen9vgc2023regulationc","rating":1032,"private":0,"password":""}