{"id":"gen9vgc2023regulationc-1859033946","p1":"TGH_sr","p2":"winnie1906","format":"[Gen 9] VGC 2023 Regulation C","log":"|j|\u2606TGH_sr\n|j|\u2606winnie1906\n|t:|1683396702\n|gametype|doubles\n|player|p1|TGH_sr|steven|1266\n|player|p2|winnie1906|psychic-lgpe|1267\n|teamsize|p1|6\n|teamsize|p2|6\n|gen|9\n|tier|[Gen 9] VGC 2023 Regulation C\n|rated|\n|rule|Species Clause: Limit one of each Pok\u00e9mon\n|rule|Item Clause: Limit one of each item\n|clearpoke\n|poke|p1|Talonflame, L50, M|\n|poke|p1|Garchomp, L50, M|\n|poke|p1|Kingambit, L50, M|\n|poke|p1|Iron Bundle, L50|\n|poke|p1|Flutter Mane, L50|\n|poke|p1|Amoonguss, L50, F|\n|poke|p2|Palafin, L50, F|\n|poke|p2|Arcanine, L50, F|\n|poke|p2|Amoonguss, L50, M|\n|poke|p2|Flutter Mane, L50|\n|poke|p2|Kingambit, L50, F|\n|poke|p2|Hydreigon, L50, M|\n|teampreview|4\nTGH_sr has agreed to open team sheets.\nwinnie1906 has agreed to open team sheets.\n|inactive|Battle timer is ON: inactive players will automatically lose when time's up. (requested by TGH_sr)\n|inactive|winnie1906 has 60 seconds left.\n|\n|t:|1683396919\n|start\n|switch|p1a: Talonflame|Talonflame, L50, M|100\/100\n|switch|p1b: Garchomp|Garchomp, L50, M|100\/100\n|switch|p2a: Palafin|Palafin, L50, F|100\/100\n|switch|p2b: Flutter Mane|Flutter Mane, L50|100\/100\n|turn|1\n|\n|t:|1683396938\n|detailschange|p2a: Palafin|Palafin-Hero, L50, F\n|switch|p2a: Hydreigon|Hydreigon, L50, M|100\/100\n|-terastallize|p2b: Flutter Mane|Grass\n|-terastallize|p1b: Garchomp|Ground\n|move|p1a: Talonflame|Tailwind|p1a: Talonflame\n|-sidestart|p1: TGH_sr|move: Tailwind\n|move|p1b: Garchomp|Earthquake|p2a: Hydreigon|[spread] p2b\n|-immune|p1a: Talonflame\n|-immune|p2a: Hydreigon|[from] ability: Levitate\n|-resisted|p2b: Flutter Mane\n|-damage|p2b: Flutter Mane|38\/100\n|-damage|p1b: Garchomp|91\/100|[from] item: Life Orb\n|move|p2b: Flutter Mane|Dazzling Gleam|p1a: Talonflame|[spread] p1a,p1b\n|-resisted|p1a: Talonflame\n|-damage|p1a: Talonflame|66\/100\n|-damage|p1b: Garchomp|44\/100\n|\n|upkeep\n|turn|2\n|inactive|TGH_sr has 30 seconds left.\n|\n|t:|1683396967\n|-end|p2b: Flutter Mane|Protosynthesis|[silent]\n|switch|p2b: Palafin|Palafin-Hero, L50, F|100\/100\n|-activate|p2b: Palafin|ability: Zero to Hero\n|move|p1a: Talonflame|Brave Bird|p2b: Palafin\n|-damage|p2b: Palafin|64\/100\n|-damage|p1a: Talonflame|54\/100|[from] Recoil\n|move|p1b: Garchomp|Dragon Claw|p2a: Hydreigon\n|-supereffective|p2a: Hydreigon\n|-damage|p2a: Hydreigon|0 fnt\n|faint|p2a: Hydreigon\n|-damage|p1b: Garchomp|34\/100|[from] item: Life Orb\n|\n|upkeep\n|\n|t:|1683396979\n|switch|p2a: Amoonguss|Amoonguss, L50, M|100\/100\n|turn|3\n|inactive|TGH_sr has 30 seconds left.\n|inactive|TGH_sr has 20 seconds left.\n|inactive|TGH_sr has 15 seconds left.\n|\n|t:|1683397023\n|move|p2b: Palafin|Jet Punch|p1a: Talonflame\n|-supereffective|p1a: Talonflame\n|-damage|p1a: Talonflame|0 fnt\n|-damage|p2b: Palafin|48\/100|[from] item: Rocky Helmet|[of] p1a: Talonflame\n|faint|p1a: Talonflame\n|-damage|p2b: Palafin|38\/100|[from] item: Life Orb\n|move|p1b: Garchomp|Earthquake|p2a: Amoonguss|[spread] p2a,p2b\n|-damage|p2a: Amoonguss|2\/100\n|-damage|p2b: Palafin|0 fnt\n|faint|p2b: Palafin\n|-damage|p1b: Garchomp|24\/100|[from] item: Life Orb\n|move|p2a: Amoonguss|Pollen Puff|p2: Palafin|[notarget]\n|-fail|p2a: Amoonguss\n|\n|upkeep\n|c|\u2606winnie1906|cts diff tbh\n|\n|t:|1683397039\n|switch|p1a: Kingambit|Kingambit, L50, M|100\/100\n|switch|p2b: Flutter Mane|Flutter Mane, L50, tera:Grass|38\/100\n|turn|4\n|inactive|TGH_sr has 30 seconds left.\n|\n|t:|1683397067\n|move|p2a: Amoonguss|Rage Powder|p2a: Amoonguss\n|-singleturn|p2a: Amoonguss|move: Rage Powder\n|move|p1a: Kingambit|Sucker Punch||[still]\n|-fail|p1a: Kingambit\n|move|p1b: Garchomp|Dragon Claw|p2a: Amoonguss\n|-damage|p2a: Amoonguss|0 fnt\n|faint|p2a: Amoonguss\n|-damage|p1b: Garchomp|15\/100|[from] item: Life Orb\n|move|p2b: Flutter Mane|Dazzling Gleam|p1a: Kingambit|[spread] p1a,p1b\n|-damage|p1a: Kingambit|53\/100\n|-damage|p1b: Garchomp|0 fnt\n|faint|p1b: Garchomp\n|\n|-sideend|p1: TGH_sr|move: Tailwind\n|upkeep\n|c|\u2606winnie1906|oop I didn't see ots sheet sorry\n|c|\u2606winnie1906|thats a shame\n|\n|t:|1683397082\n|switch|p1b: Amoonguss|Amoonguss, L50, F|100\/100\n|turn|5\n|c|\u2606winnie1906|I get this every day 1 time smh\n|c|\u2606TGH_sr|what would you have done differently?\n|inactive|winnie1906 has 30 seconds left.\n|c|\u2606winnie1906|ok my bad have a nice day\n|inactive|winnie1906 has 20 seconds left.\n|c|\u2606winnie1906|not kill my own pala into rocky\n|inactive|winnie1906 has 15 seconds left.\n|c|\u2606TGH_sr|oh\n|inactive|winnie1906 has 10 seconds left.\n|inactive|winnie1906 has 5 seconds left.\n|c|\u2606winnie1906|and not bening mean\n|c|\u2606TGH_sr|it happens\n|\n|t:|1683397137\n|move|p1b: Amoonguss|Protect|p1b: Amoonguss\n|-singleturn|p1b: Amoonguss|Protect\n|move|p1a: Kingambit|Sucker Punch|p2b: Flutter Mane\n|-crit|p2b: Flutter Mane\n|-damage|p2b: Flutter Mane|0 fnt\n|faint|p2b: Flutter Mane\n|-end|p2b: Flutter Mane|Protosynthesis|[silent]\n|\n|win|TGH_sr\n|raw|TGH_sr's rating: 1266 → 1291<\/strong> (+25 for winning)\n|raw|winnie1906's rating: 1267 → 1242<\/strong> (-25 for losing)\n|l|\u2606winnie1906\n","uploadtime":1683397163,"views":17,"p1id":"tghsr","p2id":"winnie1906","formatid":"gen9vgc2023regulationc","rating":1242,"private":0,"password":""}