{"id":"gen9vgc2023regulationc-1846143312","p1":"Il Mule","p2":"Just science","format":"[Gen 9] VGC 2023 Regulation C","log":"|j|\u2606Il Mule\n|j|\u2606Just science\n|t:|1681813030\n|gametype|doubles\n|player|p1|Il Mule|youngster-gen4dp|1747\n|player|p2|Just science|backpacker|1728\n|teamsize|p1|6\n|teamsize|p2|6\n|gen|9\n|tier|[Gen 9] VGC 2023 Regulation C\n|rated|\n|rule|Species Clause: Limit one of each Pok\u00e9mon\n|rule|Item Clause: Limit one of each item\n|clearpoke\n|poke|p1|Great Tusk, L50|\n|poke|p1|Azumarill, L50, F|\n|poke|p1|Chi-Yu, L50|\n|poke|p1|Iron Bundle, L50|\n|poke|p1|Brute Bonnet, L50|\n|poke|p1|Flutter Mane, L50|\n|poke|p2|Lycanroc, L50, F|\n|poke|p2|Tyranitar, L50, F|\n|poke|p2|Corviknight, L50, M|\n|poke|p2|Flutter Mane, L50|\n|poke|p2|Tsareena, L50, F|\n|poke|p2|Iron Thorns, L50|\n|teampreview|4\nIl Mule has agreed to open team sheets.\n|j| rovesciaporci\n|j| tyruntula\n|c| rovesciaporci|bello\n|inactive|Battle timer is ON: inactive players will automatically lose when time's up. (requested by Il Mule)\n|c|\u2606Il Mule|excadrill\n|c| tyruntula|Quasi\n|inactive|Just science has 60 seconds left.\n|\n|t:|1681813098\n|start\n|switch|p1a: Tu quoque|Brute Bonnet, L50|100\/100\n|switch|p1b: Bracco|Azumarill, L50, F|100\/100\n|switch|p2a: Iron Thorns|Iron Thorns, L50|100\/100\n|switch|p2b: Corviknight|Corviknight, L50, M|100\/100\n|turn|1\n|\n|t:|1681813121\n|-terastallize|p1a: Tu quoque|Water\n|move|p2a: Iron Thorns|Pin Missile|p1a: Tu quoque\n|-damage|p1a: Tu quoque|93\/100\n|-damage|p1a: Tu quoque|86\/100\n|-damage|p1a: Tu quoque|78\/100\n|-damage|p1a: Tu quoque|70\/100\n|-damage|p1a: Tu quoque|63\/100\n|-hitcount|p1a: Tu quoque|5\n|move|p2b: Corviknight|Brave Bird|p1a: Tu quoque\n|-damage|p1a: Tu quoque|0 fnt\n|faint|p1a: Tu quoque\n|-end|p1a: Tu quoque|Protosynthesis|[silent]\n|-damage|p2b: Corviknight|79\/100|[from] Recoil\n|move|p1b: Bracco|Liquidation|p2b: Corviknight\n|-damage|p2b: Corviknight|33\/100\n|\n|upkeep\n|c| tyruntula|Tera erba terablast ti prego\n|c|\u2606Il Mule|cb corvi\n|c| tyruntula|Che danno \u00e8\n|c| rovesciaporci|corvo band te lo sei inventato\n|c|\u2606Il Mule|e qui \u00e8 persa\n|inactive|Il Mule has 30 seconds left.\n|c|\u2606Just science|cooking mama\n|inactive|Il Mule has 20 seconds left.\n|c| tyruntula|\ud83d\udcaa\ud83e\udd19\n|\n|t:|1681813159\n|switch|p1a: Dentoni|Chi-Yu, L50|100\/100\n|-ability|p1a: Dentoni|Beads of Ruin\n|turn|2\n|\n|t:|1681813182\n|move|p1a: Dentoni|Protect|p1a: Dentoni\n|-singleturn|p1a: Dentoni|Protect\n|move|p2a: Iron Thorns|Rock Blast|p1a: Dentoni\n|-activate|p1a: Dentoni|move: Protect\n|move|p2b: Corviknight|Brave Bird|p1b: Bracco\n|-damage|p1b: Bracco|16\/100\n|-damage|p2b: Corviknight|5\/100|[from] Recoil\n|move|p1b: Bracco|Liquidation|p2a: Iron Thorns\n|-supereffective|p2a: Iron Thorns\n|-damage|p2a: Iron Thorns|27\/100\n|\n|upkeep\n|turn|3\n|c| tyruntula|Porco mondo\n|\n|t:|1681813200\n|move|p2a: Iron Thorns|Protect|p2a: Iron Thorns\n|-singleturn|p2a: Iron Thorns|Protect\n|move|p1b: Bracco|Aqua Jet|p2a: Iron Thorns\n|-activate|p2a: Iron Thorns|move: Protect\n|move|p1a: Dentoni|Dark Pulse|p2b: Corviknight\n|-damage|p2b: Corviknight|0 fnt\n|faint|p2b: Corviknight\n|\n|upkeep\n|\n|t:|1681813206\n|switch|p2b: Tsareena|Tsareena, L50, F|100\/100\n|turn|4\n|\n|t:|1681813216\n|-terastallize|p2b: Tsareena|Water\n|move|p1a: Dentoni|Dark Pulse|p2a: Iron Thorns\n|-damage|p2a: Iron Thorns|0 fnt\n|faint|p2a: Iron Thorns\n|-end|p2a: Iron Thorns|Quark Drive|[silent]\n|move|p2b: Tsareena|Tera Blast|p1a: Dentoni\n|-supereffective|p1a: Dentoni\n|-damage|p1a: Dentoni|0 fnt\n|faint|p1a: Dentoni\n|move|p1b: Bracco|Ice Spinner|p2b: Tsareena\n|-resisted|p2b: Tsareena\n|-damage|p2b: Tsareena|85\/100\n|\n|upkeep\n|c|\u2606Il Mule|mamma mia che piacere\n|c|\u2606Il Mule|persa\n|c| rovesciaporci|cooking mama\n|\n|t:|1681813229\n|switch|p1a: Tasconi|Great Tusk, L50|100\/100\n|switch|p2a: Flutter Mane|Flutter Mane, L50|100\/100\n|turn|5\n|c| tyruntula|Who let him cook\n|c|\u2606Il Mule|per risolvere qualunque problemino\n|c|\u2606Il Mule|topoti topota\n|c| rovesciaporci|magari teca a caso\n|inactive|Il Mule has 30 seconds left.\n|c| tyruntula|Si pu\u00f2 vincere\n|c|\u2606Il Mule|ma cosa deve techare\n|c|\u2606Il Mule|sempre persa\n|inactive|Il Mule has 20 seconds left.\n|c| tyruntula|Crit di slaid e flinch su zarina\n|inactive|Il Mule has 15 seconds left.\n|\n|t:|1681813271\n|move|p2a: Flutter Mane|Dazzling Gleam|p1a: Tasconi|[spread] p1a,p1b\n|-supereffective|p1a: Tasconi\n|-enditem|p1a: Tasconi|Focus Sash\n|-damage|p1a: Tasconi|1\/100\n|-damage|p1b: Bracco|0 fnt\n|faint|p1b: Bracco\n|move|p1a: Tasconi|Headlong Rush|p2a: Flutter Mane\n|-damage|p2a: Flutter Mane|0 fnt\n|-unboost|p1a: Tasconi|def|1\n|-unboost|p1a: Tasconi|spd|1\n|faint|p2a: Flutter Mane\n|-end|p2a: Flutter Mane|Protosynthesis|[silent]\n|move|p2b: Tsareena|Power Whip|p1a: Tasconi\n|-supereffective|p1a: Tasconi\n|-damage|p1a: Tasconi|0 fnt\n|faint|p1a: Tasconi\n|-end|p1a: Tasconi|Protosynthesis|[silent]\n|\n|win|Just science\n|raw|Il Mule's rating: 1747 → 1726<\/strong> (-21 for losing)\n|raw|Just science's rating: 1728 → 1749<\/strong> (+21 for winning)\n|c|\u2606Just science|ill win ic online this week\n|c| rovesciaporci|good luck\n","uploadtime":1681813280,"views":14,"p1id":"ilmule","p2id":"justscience","formatid":"gen9vgc2023regulationc","rating":1726,"private":0,"password":""}