{"id":"gen9vgc2023regulationc-1860085954","p1":"airport gamer","p2":"HazeOneTrick","format":"[Gen 9] VGC 2023 Regulation C","log":"|j|\u2606airport gamer\n|j|\u2606HazeOneTrick\n|t:|1683593542\n|gametype|doubles\n|player|p1|airport gamer|crasherwake|\n|player|p2|HazeOneTrick|acetrainer-gen6xy|\n|teamsize|p1|6\n|teamsize|p2|6\n|gen|9\n|tier|[Gen 9] VGC 2023 Regulation C\n|rule|Species Clause: Limit one of each Pok\u00e9mon\n|rule|Item Clause: Limit one of each item\n|clearpoke\n|poke|p1|Garganacl, L50, M|\n|poke|p1|Arcanine, L50, M|\n|poke|p1|Palafin, L50, M|\n|poke|p1|Amoonguss, L50, M|\n|poke|p1|Flutter Mane, L50|\n|poke|p1|Dragonite, L50, M|\n|poke|p2|Chi-Yu, L50|\n|poke|p2|Iron Hands, L50|\n|poke|p2|Gyarados, L50, M|\n|poke|p2|Iron Bundle, L50|\n|poke|p2|Amoonguss, L50, M|\n|poke|p2|Flutter Mane, L50|\n|teampreview|4\nHazeOneTrick has agreed to open team sheets.\n|c|\u2606HazeOneTrick|its hard to set up chi yu against this but once i do its tough\n|c|\u2606airport gamer|Indeed\nairport gamer has agreed to open team sheets.\n|\n|t:|1683593630\n|start\n|switch|p1a: Garganacl|Garganacl, L50, M|100\/100\n|switch|p1b: Flutter Mane|Flutter Mane, L50|100\/100\n|switch|p2a: Gyarados|Gyarados, L50, M|100\/100\n|switch|p2b: Amoonguss|Amoonguss, L50, M|100\/100\n|-ability|p2a: Gyarados|Intimidate|boost\n|-unboost|p1a: Garganacl|atk|1\n|-unboost|p1b: Flutter Mane|atk|1\n|-enditem|p1b: Flutter Mane|Booster Energy\n|-activate|p1b: Flutter Mane|ability: Protosynthesis|[fromitem]\n|-start|p1b: Flutter Mane|protosynthesisspa\n|turn|1\n|\n|t:|1683593665\n|move|p2b: Amoonguss|Rage Powder|p2b: Amoonguss\n|-singleturn|p2b: Amoonguss|move: Rage Powder\n|move|p1b: Flutter Mane|Substitute|p1b: Flutter Mane\n|-start|p1b: Flutter Mane|Substitute\n|-damage|p1b: Flutter Mane|76\/100\n|move|p2a: Gyarados|Waterfall|p1b: Flutter Mane\n|-end|p1b: Flutter Mane|Substitute\n|move|p1a: Garganacl|Salt Cure|p2b: Amoonguss\n|-damage|p2b: Amoonguss|94\/100\n|-start|p2b: Amoonguss|Salt Cure\n|\n|-damage|p2b: Amoonguss|81\/100|[from] Salt Cure\n|upkeep\n|turn|2\n|\n|t:|1683593686\n|-end|p1b: Flutter Mane|Protosynthesis|[silent]\n|switch|p1b: Palafin|Palafin, L50, M|100\/100\n|move|p2b: Amoonguss|Rage Powder|p2b: Amoonguss\n|-singleturn|p2b: Amoonguss|move: Rage Powder\n|move|p2a: Gyarados|Waterfall|p1b: Palafin\n|-resisted|p1b: Palafin\n|-damage|p1b: Palafin|82\/100\n|move|p1a: Garganacl|Stealth Rock|p2b: Amoonguss\n|-sidestart|p2: HazeOneTrick|move: Stealth Rock\n|\n|-damage|p2b: Amoonguss|69\/100|[from] Salt Cure\n|upkeep\n|turn|3\n|\n|t:|1683593711\n|detailschange|p1b: Palafin|Palafin-Hero, L50, M\n|switch|p1b: Arcanine|Arcanine, L50, M|100\/100\n|-ability|p1b: Arcanine|Intimidate|boost\n|-unboost|p2a: Gyarados|atk|1\n|-unboost|p2b: Amoonguss|atk|1\n|move|p2b: Amoonguss|Rage Powder|p2b: Amoonguss\n|-singleturn|p2b: Amoonguss|move: Rage Powder\n|move|p2a: Gyarados|Thunder Wave|p1b: Arcanine\n|-status|p1b: Arcanine|par\n|move|p1a: Garganacl|Salt Cure|p2b: Amoonguss\n|-damage|p2b: Amoonguss|62\/100\n|\n|-damage|p2b: Amoonguss|50\/100|[from] Salt Cure\n|upkeep\n|-enditem|p2b: Amoonguss|Sitrus Berry|[eat]\n|-heal|p2b: Amoonguss|75\/100|[from] item: Sitrus Berry\n|turn|4\n|\n|t:|1683593738\n|-terastallize|p2b: Amoonguss|Water\n|move|p2b: Amoonguss|Rage Powder|p2b: Amoonguss\n|-singleturn|p2b: Amoonguss|move: Rage Powder\n|move|p2a: Gyarados|Waterfall|p1b: Arcanine\n|-supereffective|p1b: Arcanine\n|-damage|p1b: Arcanine|52\/100 par\n|cant|p1b: Arcanine|par\n|move|p1a: Garganacl|Salt Cure|p2b: Amoonguss\n|-damage|p2b: Amoonguss|68\/100\n|\n|-damage|p2b: Amoonguss|43\/100|[from] Salt Cure\n|upkeep\n|turn|5\n|\n|t:|1683593770\n|switch|p2b: Chi-Yu|Chi-Yu, L50|100\/100\n|-damage|p2b: Chi-Yu|76\/100|[from] Stealth Rock\n|-ability|p2b: Chi-Yu|Beads of Ruin\n|move|p1b: Arcanine|Extreme Speed|p2b: Chi-Yu\n|-damage|p2b: Chi-Yu|47\/100\n|move|p2a: Gyarados|Waterfall|p1b: Arcanine\n|-supereffective|p1b: Arcanine\n|-damage|p1b: Arcanine|8\/100 par\n|move|p1a: Garganacl|Salt Cure|p2a: Gyarados\n|-supereffective|p2a: Gyarados\n|-damage|p2a: Gyarados|82\/100\n|-start|p2a: Gyarados|Salt Cure\n|\n|-heal|p2b: Chi-Yu|54\/100|[from] item: Leftovers\n|-damage|p2a: Gyarados|57\/100|[from] Salt Cure\n|upkeep\n|turn|6\n|\n|t:|1683593799\n|switch|p2a: Amoonguss|Amoonguss, L50, M, tera:Water|76\/100\n|-damage|p2a: Amoonguss|64\/100|[from] Stealth Rock\n|move|p2b: Chi-Yu|Protect|p2b: Chi-Yu\n|-singleturn|p2b: Chi-Yu|Protect\n|cant|p1b: Arcanine|par\n|move|p1a: Garganacl|Salt Cure|p2b: Chi-Yu\n|-activate|p2b: Chi-Yu|move: Protect\n|\n|-heal|p2b: Chi-Yu|60\/100|[from] item: Leftovers\n|upkeep\n|turn|7\n|c|\u2606airport gamer|Fuck\n|c|\u2606airport gamer|I stink\n|c|\u2606HazeOneTrick|that felt like a mistake from me\n|c|\u2606HazeOneTrick|i need intmidate alive tho for palafin\n|\n|t:|1683593842\n|move|p1b: Arcanine|Extreme Speed|p2b: Chi-Yu\n|-damage|p2b: Chi-Yu|31\/100\n|move|p2a: Amoonguss|Rage Powder|p2a: Amoonguss\n|-singleturn|p2a: Amoonguss|move: Rage Powder\n|move|p2b: Chi-Yu|Dark Pulse|p1b: Arcanine\n|-damage|p1b: Arcanine|0 fnt\n|faint|p1b: Arcanine\n|move|p1a: Garganacl|Salt Cure|p2a: Amoonguss\n|-damage|p2a: Amoonguss|57\/100\n|-start|p2a: Amoonguss|Salt Cure\n|\n|-heal|p2b: Chi-Yu|38\/100|[from] item: Leftovers\n|-damage|p2a: Amoonguss|32\/100|[from] Salt Cure\n|upkeep\n|\n|t:|1683593855\n|switch|p1b: Flutter Mane|Flutter Mane, L50|76\/100\n|turn|8\n|\n|t:|1683593886\n|switch|p2b: Gyarados|Gyarados, L50, M|57\/100\n|-damage|p2b: Gyarados|32\/100|[from] Stealth Rock\n|-ability|p2b: Gyarados|Intimidate|boost\n|-unboost|p1a: Garganacl|atk|1\n|-unboost|p1b: Flutter Mane|atk|1\n|move|p1b: Flutter Mane|Moonblast|p2a: Amoonguss\n|-damage|p2a: Amoonguss|0 fnt\n|faint|p2a: Amoonguss\n|move|p1a: Garganacl|Salt Cure|p2b: Gyarados\n|-supereffective|p2b: Gyarados\n|-crit|p2b: Gyarados\n|-damage|p2b: Gyarados|0 fnt\n|faint|p2b: Gyarados\n|\n|upkeep\n|c|\u2606HazeOneTrick|ggs\n|\n|t:|1683593896\n|switch|p2b: Iron Bundle|Iron Bundle, L50|100\/100\n|switch|p2a: Chi-Yu|Chi-Yu, L50|38\/100\n|-damage|p2b: Iron Bundle|75\/100|[from] Stealth Rock\n|-damage|p2a: Chi-Yu|13\/100|[from] Stealth Rock\n|-ability|p2a: Chi-Yu|Beads of Ruin\n|-enditem|p2b: Iron Bundle|Booster Energy\n|-activate|p2b: Iron Bundle|ability: Quark Drive|[fromitem]\n|-start|p2b: Iron Bundle|quarkdrivespe\n|turn|9\n|c|\u2606airport gamer|gg\n|\n|t:|1683593919\n|-terastallize|p1a: Garganacl|Water\n|move|p2b: Iron Bundle|Icy Wind|p1a: Garganacl|[spread] p1a,p1b\n|-resisted|p1a: Garganacl\n|-damage|p1a: Garganacl|91\/100\n|-damage|p1b: Flutter Mane|46\/100\n|-unboost|p1a: Garganacl|spe|1\n|-unboost|p1b: Flutter Mane|spe|1\n|move|p2a: Chi-Yu|Heat Wave|p1b: Flutter Mane|[spread] p1a,p1b\n|-resisted|p1a: Garganacl\n|-damage|p1a: Garganacl|75\/100\n|-damage|p1b: Flutter Mane|0 fnt\n|faint|p1b: Flutter Mane\n|-end|p1b: Flutter Mane|Protosynthesis|[silent]\n|move|p1a: Garganacl|Salt Cure|p2b: Iron Bundle\n|-supereffective|p2b: Iron Bundle\n|-damage|p2b: Iron Bundle|60\/100\n|-start|p2b: Iron Bundle|Salt Cure\n|\n|-heal|p2a: Chi-Yu|19\/100|[from] item: Leftovers\n|-heal|p1a: Garganacl|81\/100|[from] item: Leftovers\n|-damage|p2b: Iron Bundle|35\/100|[from] Salt Cure\n|upkeep\n|\n|t:|1683593929\n|switch|p1b: Palafin|Palafin-Hero, L50, M|82\/100\n|-activate|p1b: Palafin|ability: Zero to Hero\n|turn|10\n|\n|t:|1683593950\n|move|p2a: Chi-Yu|Protect|p2a: Chi-Yu\n|-singleturn|p2a: Chi-Yu|Protect\n|move|p1a: Garganacl|Protect|p1a: Garganacl\n|-singleturn|p1a: Garganacl|Protect\n|move|p1b: Palafin|Jet Punch|p2b: Iron Bundle\n|-resisted|p2b: Iron Bundle\n|-damage|p2b: Iron Bundle|8\/100\n|move|p2b: Iron Bundle|Freeze-Dry|p1a: Garganacl\n|-activate|p1a: Garganacl|move: Protect\n|\n|-heal|p2a: Chi-Yu|25\/100|[from] item: Leftovers\n|-heal|p1a: Garganacl|86\/100|[from] item: Leftovers\n|-damage|p2b: Iron Bundle|0 fnt|[from] Salt Cure\n|faint|p2b: Iron Bundle\n|-end|p2b: Iron Bundle|Quark Drive|[silent]\n|upkeep\n|turn|11\n|-message|HazeOneTrick forfeited.\n|\n|win|airport gamer\n","uploadtime":1683593963,"views":10,"p1id":"airportgamer","p2id":"hazeonetrick","formatid":"gen9vgc2023regulationc","rating":0,"private":0,"password":""}