{"id":"gen9vgc2023regulationc-1850997266","p1":"sandrin16","p2":"Bruneiiiii","format":"[Gen 9] VGC 2023 Regulation C","log":"|j|\u2606sandrin16\n|j|\u2606Bruneiiiii\n|t:|1682391858\n|gametype|doubles\n|player|p1|sandrin16|pokemaniac|\n|player|p2|Bruneiiiii|veteran|\n|teamsize|p1|6\n|teamsize|p2|6\n|gen|9\n|tier|[Gen 9] VGC 2023 Regulation C\n|rule|Species Clause: Limit one of each Pok\u00e9mon\n|rule|Item Clause: Limit one of each item\n|clearpoke\n|poke|p1|Haxorus, L50, F|\n|poke|p1|Flutter Mane, L50|\n|poke|p1|Corviknight, L50, M|\n|poke|p1|Dondozo, L50, F|\n|poke|p1|Scovillain, L50, F|\n|poke|p1|Tatsugiri-Droopy, L50, F|\n|poke|p2|Armarouge, L50, M|\n|poke|p2|Garganacl, L50, M|\n|poke|p2|Tropius, L50, F|\n|poke|p2|Sandy Shocks, L50|\n|poke|p2|Maushold, L50|\n|poke|p2|Wo-Chien, L50|\n|teampreview|4\n|\n|t:|1682391884\n|start\n|switch|p1a: Flutter Mane|Flutter Mane, L50|100\/100\n|switch|p1b: Scovillain|Scovillain, L50, F|100\/100\n|switch|p2a: Armarouge|Armarouge, L50, M, shiny|100\/100\n|switch|p2b: Garganacl|Garganacl, L50, M, shiny|100\/100\n|-enditem|p1a: Flutter Mane|Booster Energy\n|-activate|p1a: Flutter Mane|ability: Protosynthesis|[fromitem]\n|-start|p1a: Flutter Mane|protosynthesisspa\n|turn|1\n|\n|t:|1682391906\n|-terastallize|p2a: Armarouge|Grass\n|move|p1a: Flutter Mane|Moonblast|p2a: Armarouge\n|-damage|p2a: Armarouge|14\/100\n|-unboost|p2a: Armarouge|spa|1\n|move|p2a: Armarouge|Energy Ball|p1a: Flutter Mane\n|-damage|p1a: Flutter Mane|70\/100\n|move|p1b: Scovillain|Leaf Storm|p2b: Garganacl\n|-supereffective|p2b: Garganacl\n|-damage|p2b: Garganacl|22\/100\n|-unboost|p1b: Scovillain|spa|2\n|move|p2b: Garganacl|Salt Cure|p1b: Scovillain\n|-supereffective|p1b: Scovillain\n|-damage|p1b: Scovillain|71\/100\n|-start|p1b: Scovillain|Salt Cure\n|\n|-damage|p1b: Scovillain|59\/100|[from] Salt Cure\n|-ability|p1b: Scovillain|Moody|boost\n|-boost|p1b: Scovillain|spa|2\n|-unboost|p1b: Scovillain|def|1\n|upkeep\n|turn|2\n|\n|t:|1682391952\n|switch|p1b: Tatsugiri|Tatsugiri-Droopy, L50, F|100\/100\n|move|p1a: Flutter Mane|Shadow Ball|p2a: Armarouge\n|-damage|p2a: Armarouge|0 fnt\n|faint|p2a: Armarouge\n|move|p2b: Garganacl|Recover|p2b: Garganacl\n|-heal|p2b: Garganacl|72\/100\n|\n|upkeep\n|\n|t:|1682391970\n|switch|p2a: Sandy Shocks|Sandy Shocks, L50, shiny|100\/100\n|turn|3\n|j| frankeke\n|\n|t:|1682391987\n|move|p1a: Flutter Mane|Shadow Ball|p2a: Sandy Shocks\n|-damage|p2a: Sandy Shocks|27\/100\n|move|p1b: Tatsugiri|Surf|p2b: Garganacl|[spread] p1a,p2a,p2b\n|-supereffective|p2a: Sandy Shocks\n|-crit|p2a: Sandy Shocks\n|-supereffective|p2b: Garganacl\n|-damage|p1a: Flutter Mane|37\/100\n|-damage|p2a: Sandy Shocks|0 fnt\n|-damage|p2b: Garganacl|15\/100\n|faint|p2a: Sandy Shocks\n|-end|p2a: Sandy Shocks|Protosynthesis|[silent]\n|move|p2b: Garganacl|Salt Cure|p1a: Flutter Mane\n|-damage|p1a: Flutter Mane|6\/100\n|-start|p1a: Flutter Mane|Salt Cure\n|\n|-damage|p1a: Flutter Mane|0 fnt|[from] Salt Cure\n|faint|p1a: Flutter Mane\n|-end|p1a: Flutter Mane|Protosynthesis|[silent]\n|upkeep\n|\n|t:|1682392004\n|switch|p1a: Scovillain|Scovillain, L50, F|59\/100\n|switch|p2a: Wo-Chien|Wo-Chien, L50|100\/100\n|-ability|p2a: Wo-Chien|Tablets of Ruin\n|turn|4\n|\n|t:|1682392020\n|move|p1b: Tatsugiri|Surf|p2a: Wo-Chien|[spread] p1a,p2a,p2b\n|-resisted|p2a: Wo-Chien\n|-supereffective|p2b: Garganacl\n|-damage|p1a: Scovillain|8\/100\n|-damage|p2a: Wo-Chien|90\/100\n|-damage|p2b: Garganacl|0 fnt\n|faint|p2b: Garganacl\n|move|p1a: Scovillain|Overheat|p2a: Wo-Chien\n|-supereffective|p2a: Wo-Chien\n|-damage|p2a: Wo-Chien|37\/100\n|-unboost|p1a: Scovillain|spa|2\n|move|p2a: Wo-Chien|Leech Seed|p1a: Scovillain\n|-immune|p1a: Scovillain\n|\n|-heal|p2a: Wo-Chien|43\/100|[from] item: Leftovers\n|-ability|p1a: Scovillain|Moody|boost\n|-boost|p1a: Scovillain|spe|2\n|-unboost|p1a: Scovillain|spd|1\n|upkeep\n|turn|5\n|\n|t:|1682392043\n|move|p1a: Scovillain|Protect|p1a: Scovillain\n|-singleturn|p1a: Scovillain|Protect\n|move|p1b: Tatsugiri|Draco Meteor|p2a: Wo-Chien\n|-damage|p2a: Wo-Chien|0 fnt\n|-unboost|p1b: Tatsugiri|spa|2\n|faint|p2a: Wo-Chien\n|\n|win|sandrin16\n|l|\u2606Bruneiiiii\n","uploadtime":1682392053,"views":7,"p1id":"sandrin16","p2id":"bruneiiiii","formatid":"gen9vgc2023regulationc","rating":0,"private":0,"password":""}