{"id":"gen9vgc2023regulationc-1850782823","p1":"Lance3613","p2":"f33b","format":"[Gen 9] VGC 2023 Regulation C","log":"|j|\u2606Lance3613\n|j|\u2606f33b\n|t:|1682367384\n|gametype|doubles\n|player|p1|Lance3613|1|1006\n|player|p2|f33b|clerkf|1054\n|teamsize|p1|6\n|teamsize|p2|6\n|gen|9\n|tier|[Gen 9] VGC 2023 Regulation C\n|rated|\n|rule|Species Clause: Limit one of each Pok\u00e9mon\n|rule|Item Clause: Limit one of each item\n|clearpoke\n|poke|p1|Hawlucha, L50, F|\n|poke|p1|Grafaiai, L50, M|\n|poke|p1|Brambleghast, L50, F|\n|poke|p1|Talonflame, L50, F|\n|poke|p1|Murkrow, L50, M|\n|poke|p1|Haxorus, L50, F|\n|poke|p2|Flutter Mane, L50|\n|poke|p2|Palafin, L50, F|\n|poke|p2|Arcanine, L50, F|\n|poke|p2|Garchomp, L50, F|\n|poke|p2|Murkrow, L50, M|\n|poke|p2|Chien-Pao, L50|\n|teampreview|4\n|inactive|Battle timer is ON: inactive players will automatically lose when time's up. (requested by Lance3613)\n|\n|t:|1682367411\n|start\n|switch|p1a: Murkrow|Murkrow, L50, M|100\/100\n|switch|p1b: Brambleghast|Brambleghast, L50, F|100\/100\n|switch|p2a: Flutter Mane|Flutter Mane, L50, shiny|100\/100\n|switch|p2b: Chien-Pao|Chien-Pao, L50|100\/100\n|-ability|p2b: Chien-Pao|Sword of Ruin\n|-enditem|p2a: Flutter Mane|Booster Energy\n|-activate|p2a: Flutter Mane|ability: Protosynthesis|[fromitem]\n|-start|p2a: Flutter Mane|protosynthesisspa\n|turn|1\n|\n|t:|1682367429\n|move|p1a: Murkrow|Tailwind|p1a: Murkrow\n|-sidestart|p1: Lance3613|move: Tailwind\n|-ability|p1b: Brambleghast|Wind Rider|boost\n|-boost|p1b: Brambleghast|atk|1\n|move|p1b: Brambleghast|Beat Up|p2a: Flutter Mane\n|-damage|p2a: Flutter Mane|86\/100\n|-crit|p2a: Flutter Mane\n|-damage|p2a: Flutter Mane|61\/100\n|-damage|p2a: Flutter Mane|47\/100\n|-damage|p2a: Flutter Mane|28\/100\n|-hitcount|p2a: Flutter Mane|4\n|move|p2b: Chien-Pao|Ice Spinner|p1b: Brambleghast\n|-supereffective|p1b: Brambleghast\n|-enditem|p1b: Brambleghast|Focus Sash\n|-damage|p1b: Brambleghast|1\/100\n|move|p2a: Flutter Mane|Thunderbolt|p1a: Murkrow\n|-supereffective|p1a: Murkrow\n|-damage|p1a: Murkrow|0 fnt\n|faint|p1a: Murkrow\n|\n|upkeep\n|\n|t:|1682367450\n|switch|p1a: Haxorus|Haxorus, L50, F|100\/100\n|-ability|p1a: Haxorus|Mold Breaker\n|turn|2\n|inactive|Lance3613 has 30 seconds left.\n|\n|t:|1682367477\n|move|p2a: Flutter Mane|Protect|p2a: Flutter Mane\n|-singleturn|p2a: Flutter Mane|Protect\n|move|p1a: Haxorus|First Impression|p2b: Chien-Pao\n|-supereffective|p2b: Chien-Pao\n|-enditem|p2b: Chien-Pao|Focus Sash\n|-damage|p2b: Chien-Pao|1\/100\n|move|p1b: Brambleghast|Beat Up|p2a: Flutter Mane\n|-activate|p2a: Flutter Mane|move: Protect\n|move|p2b: Chien-Pao|Ice Spinner|p1a: Haxorus\n|-supereffective|p1a: Haxorus\n|-damage|p1a: Haxorus|0 fnt\n|faint|p1a: Haxorus\n|\n|upkeep\n|\n|t:|1682367492\n|switch|p1a: Hawlucha|Hawlucha, L50, F, shiny|100\/100\n|turn|3\n|inactive|f33b has 30 seconds left.\n|\n|t:|1682367520\n|-terastallize|p1a: Hawlucha|Steel\n|move|p2b: Chien-Pao|Sucker Punch|p1b: Brambleghast\n|-supereffective|p1b: Brambleghast\n|-damage|p1b: Brambleghast|0 fnt\n|faint|p1b: Brambleghast\n|move|p1a: Hawlucha|Iron Head|p2a: Flutter Mane\n|-supereffective|p2a: Flutter Mane\n|-damage|p2a: Flutter Mane|0 fnt\n|faint|p2a: Flutter Mane\n|-end|p2a: Flutter Mane|Protosynthesis|[silent]\n|\n|upkeep\n|\n|t:|1682367531\n|switch|p2a: Arcanine|Arcanine, L50, F, shiny|100\/100\n|-ability|p2a: Arcanine|Intimidate|boost\n|-unboost|p1a: Hawlucha|atk|1\n|turn|4\n|\n|t:|1682367540\n|move|p1a: Hawlucha|Protect|p1a: Hawlucha\n|-singleturn|p1a: Hawlucha|Protect\n|move|p2b: Chien-Pao|Sacred Sword|p1a: Hawlucha\n|-activate|p1a: Hawlucha|move: Protect\n|move|p2a: Arcanine|Flare Blitz|p1a: Hawlucha\n|-activate|p1a: Hawlucha|move: Protect\n|\n|-sideend|p1: Lance3613|move: Tailwind\n|upkeep\n|turn|5\n|\n|t:|1682367558\n|move|p2b: Chien-Pao|Sacred Sword|p1a: Hawlucha\n|-supereffective|p1a: Hawlucha\n|-damage|p1a: Hawlucha|13\/100\n|move|p2a: Arcanine|Flare Blitz|p1a: Hawlucha\n|-supereffective|p1a: Hawlucha\n|-damage|p1a: Hawlucha|0 fnt\n|faint|p1a: Hawlucha\n|-damage|p2a: Arcanine|97\/100|[from] Recoil\n|\n|win|f33b\n|raw|Lance3613's rating: 1006 → 1000<\/strong> (-6 for losing)\n|raw|f33b's rating: 1054 → 1082<\/strong> (+28 for winning)\n|l|\u2606Lance3613\n","uploadtime":1682367566,"views":19,"p1id":"lance3613","p2id":"f33b","formatid":"gen9vgc2023regulationc","rating":1000,"private":0,"password":""}