{"id":"gen9vgc2023regulationc-1848266280","p1":"Uahhhh","p2":"Trapzelda","format":"[Gen 9] VGC 2023 Regulation C","log":"|j|\u2606Uahhhh\n|j|\u2606Trapzelda\n|t:|1682050480\n|gametype|doubles\n|player|p1|Uahhhh|lady|1451\n|player|p2|Trapzelda|102|1436\n|teamsize|p1|6\n|teamsize|p2|6\n|gen|9\n|tier|[Gen 9] VGC 2023 Regulation C\n|rated|\n|rule|Species Clause: Limit one of each Pok\u00e9mon\n|rule|Item Clause: Limit one of each item\n|clearpoke\n|poke|p1|Chi-Yu, L50|\n|poke|p1|Great Tusk, L50|\n|poke|p1|Iron Bundle, L50|\n|poke|p1|Murkrow, L50, M|\n|poke|p1|Abomasnow, L50, F|\n|poke|p1|Gholdengo, L50|\n|poke|p2|Murkrow, L50, M|\n|poke|p2|Chi-Yu, L50|\n|poke|p2|Flutter Mane, L50|\n|poke|p2|Garchomp, L50, F|\n|poke|p2|Scizor, L50, M|\n|poke|p2|Quaquaval, L50, F|\n|teampreview|4\nUahhhh has agreed to open team sheets.\n|\n|t:|1682050541\n|start\n|switch|p1a: Murkrow|Murkrow, L50, M|100\/100\n|switch|p1b: Liyuu|Chi-Yu, L50|100\/100\n|switch|p2a: Murkrow|Murkrow, L50, M|100\/100\n|switch|p2b: Flutter Mane|Flutter Mane, L50|100\/100\n|-ability|p1b: Liyuu|Beads of Ruin\n|turn|1\n|\n|t:|1682050561\n|move|p1a: Murkrow|Tailwind|p1a: Murkrow\n|-sidestart|p1: Uahhhh|move: Tailwind\n|move|p2a: Murkrow|Tailwind|p2a: Murkrow\n|-sidestart|p2: Trapzelda|move: Tailwind\n|move|p2b: Flutter Mane|Power Gem|p1b: Liyuu\n|-supereffective|p1b: Liyuu\n|-damage|p1b: Liyuu|31\/100\n|move|p1b: Liyuu|Overheat|p2b: Flutter Mane\n|-crit|p2b: Flutter Mane\n|-enditem|p2b: Flutter Mane|Focus Sash\n|-damage|p2b: Flutter Mane|1\/100\n|-unboost|p1b: Liyuu|spa|2\n|\n|upkeep\n|turn|2\n|\n|t:|1682050593\n|move|p2a: Murkrow|Sunny Day|p2a: Murkrow\n|-weather|SunnyDay\n|-activate|p2b: Flutter Mane|ability: Protosynthesis\n|-start|p2b: Flutter Mane|protosynthesisspa\n|move|p2b: Flutter Mane|Dazzling Gleam|p1b: Liyuu|[spread] p1a,p1b\n|-supereffective|p1a: Murkrow\n|-damage|p1a: Murkrow|0 fnt\n|-damage|p1b: Liyuu|0 fnt\n|faint|p1a: Murkrow\n|faint|p1b: Liyuu\n|\n|-weather|SunnyDay|[upkeep]\n|upkeep\n|\n|t:|1682050599\n|switch|p1a: Great Tusk|Great Tusk, L50|100\/100\n|switch|p1b: \u5305\u88b1\u5305\u88b1|Iron Bundle, L50|100\/100\n|-activate|p1a: Great Tusk|ability: Protosynthesis\n|-start|p1a: Great Tusk|protosynthesisatk\n|-enditem|p1b: \u5305\u88b1\u5305\u88b1|Booster Energy\n|-activate|p1b: \u5305\u88b1\u5305\u88b1|ability: Quark Drive|[fromitem]\n|-start|p1b: \u5305\u88b1\u5305\u88b1|quarkdrivespe\n|turn|3\n|inactive|Battle timer is ON: inactive players will automatically lose when time's up. (requested by Uahhhh)\n|\n|t:|1682050653\n|move|p2b: Flutter Mane|Protect|p2b: Flutter Mane\n|-singleturn|p2b: Flutter Mane|Protect\n|move|p2a: Murkrow|Taunt|p1b: \u5305\u88b1\u5305\u88b1\n|-start|p1b: \u5305\u88b1\u5305\u88b1|move: Taunt\n|move|p1b: \u5305\u88b1\u5305\u88b1|Icy Wind|p2a: Murkrow|[spread] p2a\n|-activate|p2b: Flutter Mane|move: Protect\n|-supereffective|p2a: Murkrow\n|-crit|p2a: Murkrow\n|-damage|p2a: Murkrow|49\/100\n|-unboost|p2a: Murkrow|spe|1\n|move|p1a: Great Tusk|Headlong Rush|p2b: Flutter Mane\n|-activate|p2b: Flutter Mane|move: Protect\n|\n|-weather|SunnyDay|[upkeep]\n|upkeep\n|turn|4\n|inactive|Trapzelda has 30 seconds left.\n|\n|t:|1682050686\n|-end|p2b: Flutter Mane|Protosynthesis|[silent]\n|switch|p2b: Quaquaval|Quaquaval, L50, F|100\/100\n|switch|p2a: Chi-Yu|Chi-Yu, L50|100\/100\n|-ability|p2a: Chi-Yu|Beads of Ruin\n|-terastallize|p1b: \u5305\u88b1\u5305\u88b1|Ice\n|move|p1b: \u5305\u88b1\u5305\u88b1|Icy Wind|p2a: Chi-Yu|[spread] p2a,p2b\n|-resisted|p2a: Chi-Yu\n|-resisted|p2b: Quaquaval\n|-damage|p2a: Chi-Yu|83\/100\n|-damage|p2b: Quaquaval|71\/100\n|-unboost|p2a: Chi-Yu|spe|1\n|move|p1a: Great Tusk|Headlong Rush|p2b: Quaquaval\n|-damage|p2b: Quaquaval|0 fnt\n|-unboost|p1a: Great Tusk|def|1\n|-unboost|p1a: Great Tusk|spd|1\n|faint|p2b: Quaquaval\n|\n|-weather|SunnyDay|[upkeep]\n|-sideend|p2: Trapzelda|move: Tailwind\n|-sideend|p1: Uahhhh|move: Tailwind\n|upkeep\n|\n|t:|1682050707\n|switch|p2b: Murkrow|Murkrow, L50, M|49\/100\n|turn|5\n|\n|t:|1682050714\n|move|p2b: Murkrow|Tailwind|p2b: Murkrow\n|-sidestart|p2: Trapzelda|move: Tailwind\n|move|p1b: \u5305\u88b1\u5305\u88b1|Icy Wind|p2a: Chi-Yu|[spread] p2a,p2b\n|-resisted|p2a: Chi-Yu\n|-supereffective|p2b: Murkrow\n|-damage|p2a: Chi-Yu|64\/100\n|-damage|p2b: Murkrow|0 fnt\n|-unboost|p2a: Chi-Yu|spe|1\n|faint|p2b: Murkrow\n|move|p1a: Great Tusk|Headlong Rush|p2a: Chi-Yu\n|-supereffective|p2a: Chi-Yu\n|-damage|p2a: Chi-Yu|0 fnt\n|-unboost|p1a: Great Tusk|def|1\n|-unboost|p1a: Great Tusk|spd|1\n|faint|p2a: Chi-Yu\n|\n|-weather|SunnyDay|[upkeep]\n|-end|p1b: \u5305\u88b1\u5305\u88b1|move: Taunt\n|upkeep\n|inactive|Trapzelda has 30 seconds left.\n|\n|t:|1682050744\n|switch|p2b: Flutter Mane|Flutter Mane, L50|1\/100\n|-activate|p2b: Flutter Mane|ability: Protosynthesis\n|-start|p2b: Flutter Mane|protosynthesisspa\n|turn|6\n|\n|t:|1682050760\n|-terastallize|p2b: Flutter Mane|Fairy\n|move|p1b: \u5305\u88b1\u5305\u88b1|Protect|p1b: \u5305\u88b1\u5305\u88b1\n|-singleturn|p1b: \u5305\u88b1\u5305\u88b1|Protect\n|move|p2b: Flutter Mane|Dazzling Gleam|p1a: Great Tusk|[spread] p1a\n|-activate|p1b: \u5305\u88b1\u5305\u88b1|move: Protect\n|-supereffective|p1a: Great Tusk\n|-damage|p1a: Great Tusk|0 fnt\n|faint|p1a: Great Tusk\n|-end|p1a: Great Tusk|Protosynthesis|[silent]\n|\n|-weather|none\n|-end|p2b: Flutter Mane|Protosynthesis\n|upkeep\n|turn|7\n|\n|t:|1682050780\n|move|p2b: Flutter Mane|Dazzling Gleam|p1b: \u5305\u88b1\u5305\u88b1\n|-damage|p1b: \u5305\u88b1\u5305\u88b1|0 fnt\n|faint|p1b: \u5305\u88b1\u5305\u88b1\n|-end|p1b: \u5305\u88b1\u5305\u88b1|Quark Drive|[silent]\n|\n|win|Trapzelda\n|raw|Uahhhh's rating: 1451 → 1430<\/strong> (-21 for losing)\n|raw|Trapzelda's rating: 1436 → 1457<\/strong> (+21 for winning)\n|l|\u2606Uahhhh\n","uploadtime":1682050793,"views":12,"p1id":"uahhhh","p2id":"trapzelda","formatid":"gen9vgc2023regulationc","rating":1430,"private":0,"password":""}