{"id":"gen9vgc2023regulationc-1860977163","p1":"virgolini23","p2":"Geradifdorudini","format":"[Gen 9] VGC 2023 Regulation C","log":"|j|\u2606virgolini23\n|j|\u2606Geradifdorudini\n|t:|1683707031\n|gametype|doubles\n|player|p1|virgolini23|2|1120\n|player|p2|Geradifdorudini|lucas|1207\n|teamsize|p1|6\n|teamsize|p2|6\n|gen|9\n|tier|[Gen 9] VGC 2023 Regulation C\n|rated|\n|rule|Species Clause: Limit one of each Pok\u00e9mon\n|rule|Item Clause: Limit one of each item\n|clearpoke\n|poke|p1|Gholdengo, L50|\n|poke|p1|Garganacl, L50, M|\n|poke|p1|Dondozo, L50, F|\n|poke|p1|Tatsugiri, L50, F|\n|poke|p1|Murkrow, L50, M|\n|poke|p1|Grimmsnarl, L50, M|\n|poke|p2|Garchomp, L50, M|\n|poke|p2|Corviknight, L50, M|\n|poke|p2|Flutter Mane, L50|\n|poke|p2|Chi-Yu, L50|\n|poke|p2|Gyarados, L50, M|\n|poke|p2|Amoonguss, L50, F|\n|teampreview|4\n|\n|t:|1683707066\n|start\n|switch|p1a: Grimmsnarl|Grimmsnarl, L50, M|100\/100\n|switch|p1b: Garganacl|Garganacl, L50, M|100\/100\n|switch|p2a: Gyarados|Gyarados, L50, M|100\/100\n|switch|p2b: Corviknight|Corviknight, L50, M|100\/100\n|-ability|p2a: Gyarados|Intimidate|boost\n|-unboost|p1a: Grimmsnarl|atk|1\n|-fail|p1b: Garganacl|unboost|[from] ability: Clear Body|[of] p1b: Garganacl\n|turn|1\n|\n|t:|1683707084\n|-terastallize|p1b: Garganacl|Poison\n|move|p1a: Grimmsnarl|Reflect|p1a: Grimmsnarl\n|-sidestart|p1: virgolini23|Reflect\n|move|p2a: Gyarados|Taunt|p1a: Grimmsnarl\n|-start|p1a: Grimmsnarl|move: Taunt\n|-enditem|p1a: Grimmsnarl|Mental Herb\n|-end|p1a: Grimmsnarl|move: Taunt\n|move|p2b: Corviknight|Tailwind|p2b: Corviknight\n|-sidestart|p2: Geradifdorudini|move: Tailwind\n|move|p1b: Garganacl|Iron Defense|p1b: Garganacl\n|-boost|p1b: Garganacl|def|2\n|\n|upkeep\n|turn|2\n|\n|t:|1683707106\n|move|p1a: Grimmsnarl|Light Screen|p1a: Grimmsnarl\n|-sidestart|p1: virgolini23|move: Light Screen\n|move|p2a: Gyarados|Taunt|p1b: Garganacl\n|-start|p1b: Garganacl|move: Taunt\n|move|p2b: Corviknight|Iron Head|p1a: Grimmsnarl\n|-supereffective|p1a: Grimmsnarl\n|-damage|p1a: Grimmsnarl|61\/100\n|move|p1b: Garganacl|Salt Cure|p2a: Gyarados\n|-supereffective|p2a: Gyarados\n|-damage|p2a: Gyarados|74\/100\n|-start|p2a: Gyarados|Salt Cure\n|\n|-damage|p2a: Gyarados|49\/100|[from] Salt Cure\n|upkeep\n|-enditem|p2a: Gyarados|Sitrus Berry|[eat]\n|-heal|p2a: Gyarados|74\/100|[from] item: Sitrus Berry\n|turn|3\n|\n|t:|1683707127\n|move|p2a: Gyarados|Thunder Wave|p1b: Garganacl\n|-status|p1b: Garganacl|par\n|move|p2b: Corviknight|Iron Head|p1a: Grimmsnarl\n|-supereffective|p1a: Grimmsnarl\n|-damage|p1a: Grimmsnarl|23\/100\n|move|p1a: Grimmsnarl|Foul Play|p2a: Gyarados\n|-damage|p2a: Gyarados|40\/100\n|cant|p1b: Garganacl|par\n|\n|-damage|p2a: Gyarados|15\/100|[from] Salt Cure\n|upkeep\n|turn|4\n|\n|t:|1683707147\n|move|p2a: Gyarados|Waterfall|p1b: Garganacl\n|-damage|p1b: Garganacl|93\/100 par\n|move|p2b: Corviknight|Iron Head|p1a: Grimmsnarl\n|-supereffective|p1a: Grimmsnarl\n|-damage|p1a: Grimmsnarl|0 fnt\n|faint|p1a: Grimmsnarl\n|move|p1b: Garganacl|Salt Cure|p2b: Corviknight\n|-damage|p2b: Corviknight|88\/100\n|-start|p2b: Corviknight|Salt Cure\n|-heal|p1b: Garganacl|95\/100 par|[from] item: Shell Bell|[of] p2b: Corviknight\n|\n|-damage|p2a: Gyarados|0 fnt|[from] Salt Cure\n|faint|p2a: Gyarados\n|-damage|p2b: Corviknight|63\/100|[from] Salt Cure\n|-end|p1b: Garganacl|move: Taunt\n|-sideend|p2: Geradifdorudini|move: Tailwind\n|upkeep\n|\n|t:|1683707173\n|switch|p2a: Chi-Yu|Chi-Yu, L50|100\/100\n|switch|p1a: Dondozo|Dondozo, L50, F|100\/100\n|-ability|p2a: Chi-Yu|Beads of Ruin\n|turn|5\n|\n|t:|1683707190\n|move|p2a: Chi-Yu|Protect|p2a: Chi-Yu\n|-singleturn|p2a: Chi-Yu|Protect\n|move|p2b: Corviknight|Tailwind|p2b: Corviknight\n|-sidestart|p2: Geradifdorudini|move: Tailwind\n|move|p1a: Dondozo|Wave Crash|p2a: Chi-Yu\n|-activate|p2a: Chi-Yu|move: Protect\n|cant|p1b: Garganacl|par\n|\n|-damage|p2b: Corviknight|39\/100|[from] Salt Cure\n|-sideend|p1: virgolini23|Reflect\n|upkeep\n|turn|6\n|\n|t:|1683707212\n|switch|p2b: Flutter Mane|Flutter Mane, L50|100\/100\n|-enditem|p2b: Flutter Mane|Booster Energy\n|-activate|p2b: Flutter Mane|ability: Protosynthesis|[fromitem]\n|-start|p2b: Flutter Mane|protosynthesisspa\n|-terastallize|p2a: Chi-Yu|Grass\n|move|p2a: Chi-Yu|Tera Blast|p1a: Dondozo\n|-supereffective|p1a: Dondozo\n|-damage|p1a: Dondozo|14\/100\n|-damage|p2a: Chi-Yu|91\/100|[from] item: Life Orb\n|move|p1a: Dondozo|Wave Crash|p2a: Chi-Yu\n|-resisted|p2a: Chi-Yu\n|-damage|p2a: Chi-Yu|46\/100\n|-damage|p1a: Dondozo|5\/100|[from] Recoil\n|move|p1b: Garganacl|Body Press|p2b: Flutter Mane\n|-immune|p2b: Flutter Mane\n|\n|-heal|p1a: Dondozo|11\/100|[from] item: Leftovers\n|-sideend|p1: virgolini23|move: Light Screen\n|upkeep\n|turn|7\n|\n|t:|1683707242\n|move|p2b: Flutter Mane|Shadow Ball|p1b: Garganacl\n|-damage|p1b: Garganacl|33\/100 par\n|move|p2a: Chi-Yu|Tera Blast|p1a: Dondozo\n|-supereffective|p1a: Dondozo\n|-damage|p1a: Dondozo|0 fnt\n|faint|p1a: Dondozo\n|-damage|p2a: Chi-Yu|36\/100|[from] item: Life Orb\n|move|p1b: Garganacl|Salt Cure|p2b: Flutter Mane\n|-damage|p2b: Flutter Mane|73\/100\n|-start|p2b: Flutter Mane|Salt Cure\n|-heal|p1b: Garganacl|36\/100 par|[from] item: Shell Bell|[of] p2b: Flutter Mane\n|\n|-damage|p2b: Flutter Mane|61\/100|[from] Salt Cure\n|upkeep\n|\n|t:|1683707258\n|switch|p1a: Tatsugiri|Tatsugiri, L50, F|100\/100\n|turn|8\n|\n|t:|1683707270\n|move|p2b: Flutter Mane|Dazzling Gleam|p1b: Garganacl|[spread] p1a,p1b\n|-supereffective|p1a: Tatsugiri\n|-resisted|p1b: Garganacl\n|-enditem|p1a: Tatsugiri|Focus Sash\n|-damage|p1a: Tatsugiri|1\/100\n|-damage|p1b: Garganacl|15\/100 par\n|move|p2a: Chi-Yu|Heat Wave|p1a: Tatsugiri|[spread] p1a,p1b\n|-resisted|p1a: Tatsugiri\n|-damage|p1a: Tatsugiri|0 fnt\n|-damage|p1b: Garganacl|0 fnt\n|faint|p1a: Tatsugiri\n|faint|p1b: Garganacl\n|-damage|p2a: Chi-Yu|27\/100|[from] item: Life Orb\n|\n|win|Geradifdorudini\n|raw|virgolini23's rating: 1120 → 1101<\/strong> (-19 for losing)\n|raw|Geradifdorudini's rating: 1207 → 1226<\/strong> (+19 for winning)\n|l|\u2606virgolini23\n","uploadtime":1683707284,"views":16,"p1id":"virgolini23","p2id":"geradifdorudini","formatid":"gen9vgc2023regulationc","rating":1101,"private":0,"password":""}