{"id":"gen9vgc2023regulationc-1854328236","p1":"Silver1538","p2":"Alex_student","format":"[Gen 9] VGC 2023 Regulation C","log":"|j|\u2606Silver1538\n|j|\u2606Alex_student\n|t:|1682797546\n|gametype|doubles\n|player|p1|Silver1538|hilbert|1029\n|player|p2|Alex_student|170|1029\n|teamsize|p1|6\n|teamsize|p2|6\n|gen|9\n|tier|[Gen 9] VGC 2023 Regulation C\n|rated|\n|rule|Species Clause: Limit one of each Pok\u00e9mon\n|rule|Item Clause: Limit one of each item\n|clearpoke\n|poke|p1|Gholdengo, L50|\n|poke|p1|Ditto, L50|\n|poke|p1|Ting-Lu, L50|\n|poke|p1|Clodsire, L50, M|\n|poke|p1|Dragapult, L50, F|\n|poke|p1|Slither Wing, L50|\n|poke|p2|Chi-Yu, L50|\n|poke|p2|Flutter Mane, L50|\n|poke|p2|Palafin, L50, M|\n|poke|p2|Iron Hands, L50|\n|poke|p2|Dragonite, L50, M|\n|poke|p2|Amoonguss, L50, F|\n|teampreview|4\n|\n|t:|1682797564\n|start\n|switch|p1a: Pot Head|Ting-Lu, L50|100\/100\n|switch|p1b: Funni Fast Dragon|Dragapult, L50, F|100\/100\n|switch|p2a: Chi-Yu|Chi-Yu, L50|100\/100\n|switch|p2b: Amoonguss|Amoonguss, L50, F|100\/100\n|-ability|p2a: Chi-Yu|Beads of Ruin\n|-ability|p1a: Pot Head|Vessel of Ruin\n|turn|1\n|\n|t:|1682797582\n|move|p2a: Chi-Yu|Protect|p2a: Chi-Yu\n|-singleturn|p2a: Chi-Yu|Protect\n|move|p1b: Funni Fast Dragon|Dragon Darts|p2b: Amoonguss\n|-damage|p2b: Amoonguss|68\/100\n|-anim|p1b: Funni Fast Dragon|Dragon Darts|p2b: Amoonguss\n|-damage|p2b: Amoonguss|35\/100\n|-enditem|p2b: Amoonguss|Sitrus Berry|[eat]\n|-heal|p2b: Amoonguss|60\/100|[from] item: Sitrus Berry\n|move|p1a: Pot Head|Fissure|p2a: Chi-Yu\n|-activate|p2a: Chi-Yu|move: Protect\n|move|p2b: Amoonguss|Spore|p1a: Pot Head\n|-status|p1a: Pot Head|slp|[from] move: Spore\n|\n|upkeep\n|turn|2\n|\n|t:|1682797606\n|move|p1b: Funni Fast Dragon|Dragon Darts|p2b: Amoonguss\n|-damage|p2b: Amoonguss|26\/100\n|-anim|p1b: Funni Fast Dragon|Dragon Darts|p2a: Chi-Yu\n|-damage|p2a: Chi-Yu|56\/100\n|move|p2a: Chi-Yu|Nasty Plot|p2a: Chi-Yu\n|-boost|p2a: Chi-Yu|spa|2\n|cant|p1a: Pot Head|slp\n|move|p2b: Amoonguss|Spore|p1b: Funni Fast Dragon\n|-status|p1b: Funni Fast Dragon|slp|[from] move: Spore\n|\n|upkeep\n|turn|3\n|\n|t:|1682797623\n|switch|p2b: Dragonite|Dragonite, L50, M|100\/100\n|cant|p1b: Funni Fast Dragon|slp\n|move|p2a: Chi-Yu|Dark Pulse|p1b: Funni Fast Dragon\n|-supereffective|p1b: Funni Fast Dragon\n|-crit|p1b: Funni Fast Dragon\n|-damage|p1b: Funni Fast Dragon|0 fnt\n|faint|p1b: Funni Fast Dragon\n|-curestatus|p1a: Pot Head|slp|[msg]\n|move|p1a: Pot Head|Fissure|p2a: Chi-Yu|[miss]\n|-miss|p1a: Pot Head|p2a: Chi-Yu\n|\n|upkeep\n|\n|t:|1682797630\n|switch|p1b: No you|Ditto, L50|100\/100\n|-transform|p1b: No you|p2a: Chi-Yu|[from] ability: Imposter\n|-ability|p1b: No you|Beads of Ruin\n|turn|4\n|\n|t:|1682797662\n|-terastallize|p2a: Chi-Yu|Water\n|move|p1b: No you|Flamethrower|p2a: Chi-Yu\n|-resisted|p2a: Chi-Yu\n|-damage|p2a: Chi-Yu|23\/100\n|move|p2a: Chi-Yu|Dark Pulse|p1b: No you\n|-resisted|p1b: No you\n|-damage|p1b: No you|72\/100\n|move|p2b: Dragonite|Low Kick|p1a: Pot Head\n|-supereffective|p1a: Pot Head\n|-damage|p1a: Pot Head|55\/100\n|move|p1a: Pot Head|Heavy Slam|p2b: Dragonite\n|-damage|p2b: Dragonite|89\/100\n|\n|upkeep\n|turn|5\n|\n|t:|1682797683\n|move|p2a: Chi-Yu|Protect|p2a: Chi-Yu\n|-singleturn|p2a: Chi-Yu|Protect\n|move|p1b: No you|Flamethrower|p2a: Chi-Yu\n|-activate|p2a: Chi-Yu|move: Protect\n|move|p2b: Dragonite|Low Kick|p1b: No you\n|-supereffective|p1b: No you\n|-damage|p1b: No you|53\/100\n|move|p1a: Pot Head|Ruination|p2b: Dragonite\n|-damage|p2b: Dragonite|45\/100\n|\n|upkeep\n|turn|6\n|\n|t:|1682797702\n|move|p1b: No you|Flamethrower|p2a: Chi-Yu\n|-resisted|p2a: Chi-Yu\n|-damage|p2a: Chi-Yu|0 fnt\n|faint|p2a: Chi-Yu\n|move|p2b: Dragonite|Low Kick|p1a: Pot Head\n|-supereffective|p1a: Pot Head\n|-damage|p1a: Pot Head|4\/100\n|move|p1a: Pot Head|Ruination|p2b: Dragonite\n|-damage|p2b: Dragonite|23\/100\n|\n|upkeep\n|\n|t:|1682797714\n|switch|p2a: Flutter Mane|Flutter Mane, L50|100\/100\n|turn|7\n|\n|t:|1682797729\n|move|p1b: No you|Flamethrower|p2a: Flutter Mane\n|-damage|p2a: Flutter Mane|18\/100\n|-status|p2a: Flutter Mane|brn\n|move|p2a: Flutter Mane|Dazzling Gleam|p1b: No you|[spread] p1a,p1b\n|-supereffective|p1a: Pot Head\n|-crit|p1b: No you\n|-damage|p1a: Pot Head|0 fnt\n|-damage|p1b: No you|0 fnt\n|faint|p1a: Pot Head\n|faint|p1b: No you\n|move|p2b: Dragonite|Low Kick|p1: Pot Head|[notarget]\n|-fail|p2b: Dragonite\n|\n|-damage|p2a: Flutter Mane|12\/100 brn|[from] brn\n|upkeep\n|\n|t:|1682797739\n|switch|p1b: no Wings?|Slither Wing, L50|100\/100\n|turn|8\n|\n|t:|1682797758\n|move|p2b: Dragonite|Extreme Speed|p1b: no Wings?\n|-damage|p1b: no Wings?|72\/100\n|move|p2a: Flutter Mane|Dazzling Gleam|p1b: no Wings?\n|-supereffective|p1b: no Wings?\n|-damage|p1b: no Wings?|0 fnt\n|faint|p1b: no Wings?\n|-end|p1b: no Wings?|Protosynthesis|[silent]\n|\n|win|Alex_student\n|raw|Silver1538's rating: 1029 → 1015<\/strong> (-14 for losing)\n|raw|Alex_student's rating: 1029 → 1065<\/strong> (+36 for winning)\n|l|\u2606Silver1538\n","uploadtime":1682797768,"views":15,"p1id":"silver1538","p2id":"alexstudent","formatid":"gen9vgc2023regulationc","rating":1015,"private":0,"password":""}