{"id":"gen9vgc2023regulationc-1844846067","p1":"haha u rage quit","p2":"Gorkanonymous","format":"[Gen 9] VGC 2023 Regulation C","log":"|j|\u2606haha u rage quit\n|j|\u2606Gorkanonymous\n|t:|1681655816\n|gametype|doubles\n|player|p1|haha u rage quit|pokemaniac|1343\n|player|p2|Gorkanonymous|cynthia|1403\n|teamsize|p1|6\n|teamsize|p2|6\n|gen|9\n|tier|[Gen 9] VGC 2023 Regulation C\n|rated|\n|rule|Species Clause: Limit one of each Pok\u00e9mon\n|rule|Item Clause: Limit one of each item\n|clearpoke\n|poke|p1|Meowscarada, L50, M|\n|poke|p1|Tatsugiri-Droopy, L50, M|\n|poke|p1|Talonflame, L50, M|\n|poke|p1|Pawmot, L50, M|\n|poke|p1|Dondozo, L50, M|\n|poke|p1|Arcanine, L50, M|\n|poke|p2|Kingambit, L50, M|\n|poke|p2|Amoonguss, L50, M|\n|poke|p2|Ting-Lu, L50|\n|poke|p2|Arcanine, L50, M|\n|poke|p2|Palafin, L50, F|\n|poke|p2|Flutter Mane, L50|\n|teampreview|4\n|inactive|Battle timer is ON: inactive players will automatically lose when time's up. (requested by Gorkanonymous)\n|inactive|Gorkanonymous has 60 seconds left.\n|\n|t:|1681655853\n|start\n|switch|p1a: Meowscarada|Meowscarada, L50, M|100\/100\n|switch|p1b: Pawmot|Pawmot, L50, M, shiny|100\/100\n|switch|p2a: Palafin|Palafin, L50, F, shiny|100\/100\n|switch|p2b: Flutter Mane|Flutter Mane, L50, shiny|100\/100\n|-enditem|p2b: Flutter Mane|Booster Energy\n|-activate|p2b: Flutter Mane|ability: Protosynthesis|[fromitem]\n|-start|p2b: Flutter Mane|protosynthesisspa\n|turn|1\n|inactive|haha u rage quit has 30 seconds left.\n|\n|t:|1681655883\n|detailschange|p2a: Palafin|Palafin-Hero, L50, F, shiny\n|switch|p2a: Arcanine|Arcanine, L50, M|100\/100\n|-ability|p2a: Arcanine|Intimidate|boost\n|-unboost|p1a: Meowscarada|atk|1\n|-unboost|p1b: Pawmot|atk|1\n|-terastallize|p2b: Flutter Mane|Fairy\n|move|p1a: Meowscarada|Shadow Claw|p2b: Flutter Mane\n|-start|p1a: Meowscarada|typechange|Ghost|[from] ability: Protean\n|-damage|p2b: Flutter Mane|72\/100\n|move|p1b: Pawmot|Close Combat|p2a: Arcanine\n|-damage|p2a: Arcanine|63\/100\n|-unboost|p1b: Pawmot|def|1\n|-unboost|p1b: Pawmot|spd|1\n|move|p2b: Flutter Mane|Dazzling Gleam|p1a: Meowscarada|[spread] p1a,p1b\n|-supereffective|p1b: Pawmot\n|-damage|p1a: Meowscarada|34\/100\n|-enditem|p1b: Pawmot|Focus Sash\n|-damage|p1b: Pawmot|1\/100\n|\n|upkeep\n|turn|2\n|inactive|Gorkanonymous has 30 seconds left.\n|\n|t:|1681655916\n|switch|p1a: Tatsugiri|Tatsugiri-Droopy, L50, M|100\/100\n|switch|p1b: Dondozo|Dondozo, L50, M|100\/100\n|-activate|p1a: Tatsugiri|ability: Commander|[of] p1b: Dondozo\n|-boost|p1b: Dondozo|atk|2\n|-boost|p1b: Dondozo|spa|2\n|-boost|p1b: Dondozo|spe|2\n|-boost|p1b: Dondozo|def|2\n|-boost|p1b: Dondozo|spd|2\n|move|p2a: Arcanine|Extreme Speed|p1b: Dondozo\n|-damage|p1b: Dondozo|93\/100\n|move|p2b: Flutter Mane|Moonblast|p1a: Tatsugiri|[miss]\n|-miss|p2b: Flutter Mane|p1a: Tatsugiri\n|\n|upkeep\n|turn|3\n|\n|t:|1681655931\n|move|p2b: Flutter Mane|Protect|p2b: Flutter Mane\n|-singleturn|p2b: Flutter Mane|Protect\n|move|p1b: Dondozo|Earthquake|p2b: Flutter Mane|[spread] p2a\n|-miss|p1b: Dondozo|p1a: Tatsugiri\n|-activate|p2b: Flutter Mane|move: Protect\n|-supereffective|p2a: Arcanine\n|-damage|p2a: Arcanine|0 fnt\n|faint|p2a: Arcanine\n|\n|upkeep\n|\n|t:|1681655935\n|switch|p2a: Palafin|Palafin-Hero, L50, F, shiny|100\/100\n|-activate|p2a: Palafin|ability: Zero to Hero\n|turn|4\n|\n|t:|1681655941\n|-end|p2b: Flutter Mane|Protosynthesis|[silent]\n|switch|p2b: Amoonguss|Amoonguss, L50, M, shiny|100\/100\n|-terastallize|p1b: Dondozo|Grass\n|move|p1b: Dondozo|Tera Blast|p2a: Palafin\n|-supereffective|p2a: Palafin\n|-damage|p2a: Palafin|0 fnt\n|faint|p2a: Palafin\n|\n|upkeep\n|\n|t:|1681655946\n|switch|p2a: Flutter Mane|Flutter Mane, L50, shiny, tera:Fairy|72\/100\n|turn|5\n|\n|t:|1681655951\n|move|p2a: Flutter Mane|Protect|p2a: Flutter Mane\n|-singleturn|p2a: Flutter Mane|Protect\n|move|p1b: Dondozo|Wave Crash|p2a: Flutter Mane\n|-activate|p2a: Flutter Mane|move: Protect\n|move|p2b: Amoonguss|Spore|p1b: Dondozo\n|-immune|p1b: Dondozo\n|\n|upkeep\n|turn|6\n|-message|Gorkanonymous forfeited.\n|\n|win|haha u rage quit\n|raw|haha u rage quit's rating: 1343 → 1366<\/strong> (+23 for winning)\n|raw|Gorkanonymous's rating: 1403 → 1380<\/strong> (-23 for losing)\n|l|\u2606Gorkanonymous\n","uploadtime":1681655972,"views":11,"p1id":"hahauragequit","p2id":"gorkanonymous","formatid":"gen9vgc2023regulationc","rating":1366,"private":0,"password":""}