{"id":"gen9vgc2023regulationc-1857487853","p1":"GarchompExVgc","p2":"Wonder_Room0_","format":"[Gen 9] VGC 2023 Regulation C","log":"|j|\u2606GarchompExVgc\n|j|\u2606Wonder_Room0_\n|t:|1683200538\n|gametype|doubles\n|player|p1|GarchompExVgc|iris|1316\n|player|p2|Wonder_Room0_|elesa|1233\n|teamsize|p1|6\n|teamsize|p2|6\n|gen|9\n|tier|[Gen 9] VGC 2023 Regulation C\n|rated|\n|rule|Species Clause: Limit one of each Pok\u00e9mon\n|rule|Item Clause: Limit one of each item\n|clearpoke\n|poke|p1|Indeedee-F, L50, F|\n|poke|p1|Iron Hands, L50|\n|poke|p1|Brute Bonnet, L50|\n|poke|p1|Armarouge, L50, F|\n|poke|p1|Hatterene, L50, F|\n|poke|p1|Ting-Lu, L50|\n|poke|p2|Annihilape, L50, F|\n|poke|p2|Maushold-Four, L50|\n|poke|p2|Ting-Lu, L50|\n|poke|p2|Gyarados, L50, F|\n|poke|p2|Roaring Moon, L50|\n|poke|p2|Baxcalibur, L50, F|\n|teampreview|4\n|\n|t:|1683200563\n|start\n|switch|p1a: Brute Bonnet|Brute Bonnet, L50, shiny|100\/100\n|switch|p1b: Maya|Indeedee-F, L50, F|100\/100\n|switch|p2a: Ting-Lu|Ting-Lu, L50|100\/100\n|switch|p2b: Annihilape|Annihilape, L50, F|100\/100\n|-fieldstart|move: Psychic Terrain|[from] ability: Psychic Surge|[of] p1b: Maya\n|-enditem|p1b: Maya|Psychic Seed\n|-boost|p1b: Maya|spd|1|[from] item: Psychic Seed\n|-ability|p2a: Ting-Lu|Vessel of Ruin\n|-enditem|p1a: Brute Bonnet|Booster Energy\n|-activate|p1a: Brute Bonnet|ability: Protosynthesis|[fromitem]\n|-start|p1a: Brute Bonnet|protosynthesisatk\n|turn|1\n|\n|t:|1683200582\n|-terastallize|p2b: Annihilape|Fire\n|-terastallize|p1a: Brute Bonnet|Poison\n|move|p2b: Annihilape|Drain Punch|p1a: Brute Bonnet\n|-resisted|p1a: Brute Bonnet\n|-damage|p1a: Brute Bonnet|85\/100\n|move|p1a: Brute Bonnet|Spore|p2a: Ting-Lu\n|-status|p2a: Ting-Lu|slp|[from] move: Spore\n|cant|p2a: Ting-Lu|slp\n|move|p1b: Maya|Trick Room|p1b: Maya\n|-fieldstart|move: Trick Room|[of] p1b: Maya\n|\n|upkeep\n|turn|2\n|\n|t:|1683200604\n|switch|p1b: Iron Hands|Iron Hands, L50, shiny|100\/100\n|cant|p2a: Ting-Lu|slp\n|move|p1a: Brute Bonnet|Spore|p2b: Annihilape\n|-status|p2b: Annihilape|slp|[from] move: Spore\n|cant|p2b: Annihilape|slp\n|\n|upkeep\n|turn|3\n|\n|t:|1683200618\n|cant|p2a: Ting-Lu|slp\n|move|p1b: Iron Hands|Drain Punch|p2a: Ting-Lu\n|-supereffective|p2a: Ting-Lu\n|-damage|p2a: Ting-Lu|40\/100 slp\n|move|p1a: Brute Bonnet|Seed Bomb|p2a: Ting-Lu\n|-supereffective|p2a: Ting-Lu\n|-damage|p2a: Ting-Lu|0 fnt\n|faint|p2a: Ting-Lu\n|cant|p2b: Annihilape|slp\n|\n|upkeep\n|\n|t:|1683200625\n|switch|p2a: Baxcalibur|Baxcalibur, L50, F, shiny|100\/100\n|turn|4\n|\n|t:|1683200638\n|move|p2a: Baxcalibur|Protect|p2a: Baxcalibur\n|-singleturn|p2a: Baxcalibur|Protect\n|move|p1b: Iron Hands|Drain Punch|p2b: Annihilape\n|-damage|p2b: Annihilape|63\/100 slp\n|move|p1a: Brute Bonnet|Spore|p2a: Baxcalibur\n|-activate|p2a: Baxcalibur|move: Protect\n|cant|p2b: Annihilape|slp\n|\n|upkeep\n|turn|5\n|\n|t:|1683200663\n|move|p1b: Iron Hands|Drain Punch|p2a: Baxcalibur\n|-supereffective|p2a: Baxcalibur\n|-damage|p2a: Baxcalibur|23\/100\n|move|p1a: Brute Bonnet|Spore|p2a: Baxcalibur\n|-status|p2a: Baxcalibur|slp|[from] move: Spore\n|cant|p2a: Baxcalibur|slp\n|-curestatus|p2b: Annihilape|slp|[msg]\n|move|p2b: Annihilape|Rage Fist|p1a: Brute Bonnet\n|-damage|p1a: Brute Bonnet|51\/100\n|\n|-fieldend|move: Trick Room\n|-fieldend|move: Psychic Terrain\n|upkeep\n|turn|6\n|inactive|Battle timer is ON: inactive players will automatically lose when time's up. (requested by Wonder_Room0_)\n|\n|t:|1683200683\n|switch|p2a: Gyarados|Gyarados, L50, F|100\/100\n|-ability|p2a: Gyarados|Intimidate|boost\n|-unboost|p1a: Brute Bonnet|atk|1\n|-unboost|p1b: Iron Hands|atk|1\n|move|p2b: Annihilape|Rage Fist|p1a: Brute Bonnet\n|-damage|p1a: Brute Bonnet|16\/100\n|move|p1a: Brute Bonnet|Spore|p2b: Annihilape\n|-status|p2b: Annihilape|slp|[from] move: Spore\n|move|p1b: Iron Hands|Drain Punch|p2a: Gyarados\n|-resisted|p2a: Gyarados\n|-damage|p2a: Gyarados|87\/100\n|\n|upkeep\n|turn|7\n|-message|Wonder_Room0_ forfeited.\n|\n|win|GarchompExVgc\n|raw|GarchompExVgc's rating: 1316 → 1331<\/strong> (+15 for winning)\n|raw|Wonder_Room0_'s rating: 1233 → 1214<\/strong> (-19 for losing)\n|l|\u2606Wonder_Room0_\n","uploadtime":1683200709,"views":10,"p1id":"garchompexvgc","p2id":"wonderroom0","formatid":"gen9vgc2023regulationc","rating":1214,"private":0,"password":""}