{"id":"gen9vgc2023regulationc-1851576293","p1":"Valency GL","p2":"ChossyVGC","format":"[Gen 9] VGC 2023 Regulation C","log":"|j|\u2606Valency GL\n|j|\u2606ChossyVGC\n|t:|1682457336\n|gametype|doubles\n|player|p1|Valency GL|266|1092\n|player|p2|ChossyVGC|veteran|1087\n|teamsize|p1|6\n|teamsize|p2|6\n|gen|9\n|tier|[Gen 9] VGC 2023 Regulation C\n|rated|\n|rule|Species Clause: Limit one of each Pok\u00e9mon\n|rule|Item Clause: Limit one of each item\n|clearpoke\n|poke|p1|Kingambit, L50, M|\n|poke|p1|Gyarados, L50, M|\n|poke|p1|Rotom-Heat, L50|\n|poke|p1|Glimmora, L50, M|\n|poke|p1|Garganacl, L50, F|\n|poke|p1|Wo-Chien, L50|\n|poke|p2|Slowbro, L50, M|\n|poke|p2|Garganacl, L50, F|\n|poke|p2|Lycanroc-Midnight, L50, M|\n|poke|p2|Bronzong, L50|\n|poke|p2|Brute Bonnet, L50|\n|poke|p2|Wo-Chien, L50|\n|teampreview|4\n|inactive|Battle timer is ON: inactive players will automatically lose when time's up. (requested by ChossyVGC)\n|\n|t:|1682457374\n|start\n|switch|p1a: Glimmora|Glimmora, L50, M|100\/100\n|switch|p1b: Wo-Chien|Wo-Chien, L50|100\/100\n|switch|p2a: Itzamna|Slowbro, L50, M, shiny|100\/100\n|switch|p2b: Ah-Puch|Lycanroc-Midnight, L50, M, shiny|100\/100\n|-ability|p1b: Wo-Chien|Tablets of Ruin\n|turn|1\n|inactive|Valency GL has 30 seconds left.\n|inactive|Valency GL has 20 seconds left.\n|\n|t:|1682457413\n|-terastallize|p2a: Itzamna|Normal\n|move|p2b: Ah-Puch|Taunt|p1b: Wo-Chien\n|-start|p1b: Wo-Chien|move: Taunt\n|move|p1a: Glimmora|Mortal Spin|p2a: Itzamna|[spread] p2a,p2b\n|-resisted|p2b: Ah-Puch\n|-damage|p2a: Itzamna|98\/100\n|-damage|p2b: Ah-Puch|99\/100\n|-status|p2a: Itzamna|psn\n|-status|p2b: Ah-Puch|psn\n|cant|p1b: Wo-Chien|move: Taunt|Leech Seed\n|move|p2a: Itzamna|Trick Room|p2a: Itzamna\n|-fieldstart|move: Trick Room|[of] p2a: Itzamna\n|\n|-damage|p2a: Itzamna|86\/100 psn|[from] psn\n|-damage|p2b: Ah-Puch|86\/100 psn|[from] psn\n|upkeep\n|turn|2\n|inactive|Valency GL has 30 seconds left.\n|\n|t:|1682457440\n|switch|p1a: Garganacl|Garganacl, L50, F, shiny|100\/100\n|move|p2a: Itzamna|Skill Swap|p2b: Ah-Puch\n|-activate|p2a: Itzamna|move: Skill Swap|||[of] p2b: Ah-Puch\n|move|p1b: Wo-Chien|Pollen Puff|p1a: Garganacl\n|-immune|p1a: Garganacl\n|move|p2b: Ah-Puch|Taunt|p1a: Garganacl\n|-start|p1a: Garganacl|move: Taunt\n|\n|-damage|p2a: Itzamna|74\/100 psn|[from] psn\n|-damage|p2b: Ah-Puch|74\/100 psn|[from] psn\n|upkeep\n|turn|3\n|inactive|Valency GL has 30 seconds left.\n|inactive|Valency GL has 20 seconds left.\n|\n|t:|1682457476\n|switch|p1a: Glimmora|Glimmora, L50, M|100\/100\n|switch|p2b: Cabrakan|Garganacl, L50, F|100\/100\n|move|p2a: Itzamna|Skill Swap|p2b: Cabrakan\n|-activate|p2a: Itzamna|move: Skill Swap|||[of] p2b: Cabrakan\n|move|p1b: Wo-Chien|Pollen Puff|p1a: Glimmora\n|-immune|p1a: Glimmora\n|\n|-damage|p2a: Itzamna|61\/100 psn|[from] psn\n|-end|p1b: Wo-Chien|move: Taunt\n|upkeep\n|turn|4\n|inactive|ChossyVGC has 30 seconds left.\n|\n|t:|1682457506\n|switch|p2a: Ah-Uaynih|Bronzong, L50, shiny|100\/100\n|move|p2b: Cabrakan|Fissure|p1b: Wo-Chien\n|-damage|p1b: Wo-Chien|0 fnt\n|faint|p1b: Wo-Chien\n|-ohko\n|move|p1a: Glimmora|Mortal Spin|p2a: Ah-Uaynih|[spread] p2b\n|-immune|p2a: Ah-Uaynih\n|-resisted|p2b: Cabrakan\n|-damage|p2b: Cabrakan|99\/100\n|-status|p2b: Cabrakan|psn\n|-enditem|p2b: Cabrakan|Lum Berry|[eat]\n|-curestatus|p2b: Cabrakan|psn|[msg]\n|\n|upkeep\n|\n|t:|1682457522\n|switch|p1b: Garganacl|Garganacl, L50, F, shiny|100\/100\n|turn|5\n|\n|t:|1682457530\n|-terastallize|p1b: Garganacl|Flying\n|move|p1b: Garganacl|Iron Defense|p1b: Garganacl\n|-boost|p1b: Garganacl|def|2\n|move|p2a: Ah-Uaynih|Gravity|p2a: Ah-Uaynih\n|-fieldstart|move: Gravity\n|move|p2b: Cabrakan|Fissure|p1b: Garganacl\n|-damage|p1b: Garganacl|0 fnt\n|faint|p1b: Garganacl\n|-ohko\n|move|p1a: Glimmora|Mortal Spin|p2b: Cabrakan|[spread] p2b\n|-immune|p2a: Ah-Uaynih\n|-resisted|p2b: Cabrakan\n|-damage|p2b: Cabrakan|97\/100\n|-status|p2b: Cabrakan|psn\n|\n|-damage|p2b: Cabrakan|85\/100 psn|[from] psn\n|-fieldend|move: Trick Room\n|upkeep\n|c|\u2606ChossyVGC|lmao\n|c|\u2606ChossyVGC|sorry dude\n|\n|t:|1682457552\n|switch|p1b: Kingambit|Kingambit, L50, M|100\/100\n|turn|6\n|\n|t:|1682457569\n|move|p1a: Glimmora|Mortal Spin|p2a: Ah-Uaynih|[spread] p2b\n|-immune|p2a: Ah-Uaynih\n|-resisted|p2b: Cabrakan\n|-damage|p2b: Cabrakan|83\/100 psn\n|move|p1b: Kingambit|Iron Head|p2b: Cabrakan\n|-supereffective|p2b: Cabrakan\n|-damage|p2b: Cabrakan|21\/100 psn\n|move|p2b: Cabrakan|Fissure|p1b: Kingambit\n|-damage|p1b: Kingambit|0 fnt\n|faint|p1b: Kingambit\n|-ohko\n|move|p2a: Ah-Uaynih|Hypnosis|p1a: Glimmora\n|-status|p1a: Glimmora|slp|[from] move: Hypnosis\n|\n|-damage|p2b: Cabrakan|9\/100 psn|[from] psn\n|upkeep\n|turn|7\n|c|\u2606ChossyVGC|gg\n|\n|t:|1682457588\n|cant|p1a: Glimmora|slp\n|move|p2b: Cabrakan|Fissure|p1a: Glimmora\n|-damage|p1a: Glimmora|0 fnt\n|faint|p1a: Glimmora\n|-ohko\n|\n|win|ChossyVGC\n|raw|Valency GL's rating: 1092 → 1068<\/strong> (-24 for losing)\n|raw|ChossyVGC's rating: 1087 → 1114<\/strong> (+27 for winning)\n|l|\u2606ChossyVGC\n","uploadtime":1682457714,"views":15,"p1id":"valencygl","p2id":"chossyvgc","formatid":"gen9vgc2023regulationc","rating":1068,"private":0,"password":""}