{"id":"gen9vgc2023regulationc-1846693669","p1":"Sprye0216","p2":"Chunky4","format":"[Gen 9] VGC 2023 Regulation C","log":"|j|\u2606Sprye0216\n|j|\u2606Chunky4\n|t:|1681866688\n|gametype|doubles\n|player|p1|Sprye0216|skyla|1145\n|player|p2|Chunky4|fantina|1197\n|teamsize|p1|6\n|teamsize|p2|6\n|gen|9\n|tier|[Gen 9] VGC 2023 Regulation C\n|rated|\n|rule|Species Clause: Limit one of each Pok\u00e9mon\n|rule|Item Clause: Limit one of each item\n|clearpoke\n|poke|p1|Arcanine, L50, M|\n|poke|p1|Flutter Mane, L50|\n|poke|p1|Chien-Pao, L50|\n|poke|p1|Dragapult, L50, M|\n|poke|p1|Amoonguss, L50, F|\n|poke|p1|Palafin, L50, M|\n|poke|p2|Gastrodon, L50, F|\n|poke|p2|Chi-Yu, L50|\n|poke|p2|Flutter Mane, L50|\n|poke|p2|Baxcalibur, L50, F|\n|poke|p2|Corviknight, L50, M|\n|poke|p2|Amoonguss, L50, M|\n|teampreview|4\n|\n|t:|1681866717\n|start\n|switch|p1a: Chien-Pao|Chien-Pao, L50|100\/100\n|switch|p1b: Palafin|Palafin, L50, M|100\/100\n|switch|p2a: Baxcalibur|Baxcalibur, L50, F|100\/100\n|switch|p2b: Amoonguss|Amoonguss, L50, M|100\/100\n|-ability|p1a: Chien-Pao|Sword of Ruin\n|turn|1\n|\n|t:|1681866742\n|detailschange|p1b: Palafin|Palafin-Hero, L50, M\n|switch|p1b: Amoonguss|Amoonguss, L50, F|100\/100\n|move|p1a: Chien-Pao|Protect|p1a: Chien-Pao\n|-singleturn|p1a: Chien-Pao|Protect\n|move|p2b: Amoonguss|Protect|p2b: Amoonguss\n|-singleturn|p2b: Amoonguss|Protect\n|move|p2a: Baxcalibur|Glaive Rush|p1a: Chien-Pao\n|-activate|p1a: Chien-Pao|move: Protect\n|\n|upkeep\n|turn|2\n|\n|t:|1681866769\n|move|p1a: Chien-Pao|Ice Spinner|p2b: Amoonguss\n|-supereffective|p2b: Amoonguss\n|-damage|p2b: Amoonguss|10\/100\n|-enditem|p2b: Amoonguss|Sitrus Berry|[eat]\n|-heal|p2b: Amoonguss|35\/100|[from] item: Sitrus Berry\n|move|p2a: Baxcalibur|Glaive Rush|p1a: Chien-Pao\n|-enditem|p1a: Chien-Pao|Focus Sash\n|-damage|p1a: Chien-Pao|1\/100\n|-singlemove|p2a: Baxcalibur|Glaive Rush|[silent]\n|move|p1b: Amoonguss|Spore|p2a: Baxcalibur\n|-status|p2a: Baxcalibur|slp|[from] move: Spore\n|move|p2b: Amoonguss|Spore|p1a: Chien-Pao\n|-status|p1a: Chien-Pao|slp|[from] move: Spore\n|\n|upkeep\n|turn|3\n|\n|t:|1681866795\n|switch|p1a: Dragapult|Dragapult, L50, M|100\/100\n|move|p1b: Amoonguss|Rage Powder|p1b: Amoonguss\n|-singleturn|p1b: Amoonguss|move: Rage Powder\n|cant|p2a: Baxcalibur|slp\n|move|p2b: Amoonguss|Pollen Puff|p1a: Dragapult\n|-resisted|p1a: Dragapult\n|-damage|p1a: Dragapult|89\/100\n|\n|upkeep\n|turn|4\n|\n|t:|1681866832\n|move|p2b: Amoonguss|Rage Powder|p2b: Amoonguss\n|-singleturn|p2b: Amoonguss|move: Rage Powder\n|cant|p2a: Baxcalibur|slp\n|move|p1a: Dragapult|Dragon Darts|p2b: Amoonguss\n|-damage|p2b: Amoonguss|7\/100\n|-anim|p1a: Dragapult|Dragon Darts|p2b: Amoonguss\n|-damage|p2b: Amoonguss|0 fnt\n|faint|p2b: Amoonguss\n|move|p1b: Amoonguss|Pollen Puff|p2a: Baxcalibur\n|-damage|p2a: Baxcalibur|85\/100 slp\n|\n|upkeep\n|\n|t:|1681866851\n|switch|p2b: Corviknight|Corviknight, L50, M|100\/100\n|turn|5\n|\n|t:|1681866881\n|-terastallize|p2a: Baxcalibur|Poison\n|move|p1a: Dragapult|Dragon Darts|p2a: Baxcalibur\n|-damage|p2a: Baxcalibur|51\/100 slp\n|-anim|p1a: Dragapult|Dragon Darts|p2b: Corviknight\n|-resisted|p2b: Corviknight\n|-damage|p2b: Corviknight|85\/100\n|cant|p2a: Baxcalibur|slp\n|move|p2b: Corviknight|Brave Bird|p1a: Dragapult\n|-damage|p1a: Dragapult|0 fnt\n|faint|p1a: Dragapult\n|-damage|p2b: Corviknight|59\/100|[from] Recoil\n|move|p1b: Amoonguss|Spore|p2b: Corviknight\n|-status|p2b: Corviknight|slp|[from] move: Spore\n|\n|upkeep\n|\n|t:|1681866896\n|switch|p1a: Chien-Pao|Chien-Pao, L50|1\/100 slp\n|-ability|p1a: Chien-Pao|Sword of Ruin\n|turn|6\n|\n|t:|1681866912\n|-curestatus|p2a: Baxcalibur|slp|[msg]\n|move|p2a: Baxcalibur|Ice Shard|p1a: Chien-Pao\n|-resisted|p1a: Chien-Pao\n|-damage|p1a: Chien-Pao|0 fnt\n|faint|p1a: Chien-Pao\n|cant|p2b: Corviknight|slp\n|move|p1b: Amoonguss|Spore|p2a: Baxcalibur\n|-status|p2a: Baxcalibur|slp|[from] move: Spore\n|\n|upkeep\n|\n|t:|1681866921\n|switch|p1a: Palafin|Palafin-Hero, L50, M|100\/100\n|-activate|p1a: Palafin|ability: Zero to Hero\n|turn|7\n|\n|t:|1681866934\n|switch|p2a: Gastrodon|Gastrodon, L50, F|100\/100\n|-terastallize|p1a: Palafin|Water\n|move|p1a: Palafin|Jet Punch|p2a: Gastrodon\n|-ability|p2a: Gastrodon|Storm Drain|boost\n|-boost|p2a: Gastrodon|spa|1\n|-curestatus|p2b: Corviknight|slp|[msg]\n|move|p2b: Corviknight|Brave Bird|p1b: Amoonguss\n|-supereffective|p1b: Amoonguss\n|-damage|p1b: Amoonguss|0 fnt\n|faint|p1b: Amoonguss\n|-damage|p2b: Corviknight|20\/100|[from] Recoil\n|\n|upkeep\n|turn|8\n|\n|t:|1681866954\n|move|p1a: Palafin|Drain Punch|p2a: Gastrodon\n|-damage|p2a: Gastrodon|69\/100\n|move|p2b: Corviknight|Brave Bird|p1a: Palafin\n|-damage|p1a: Palafin|27\/100\n|-damage|p2b: Corviknight|0 fnt|[from] Recoil\n|faint|p2b: Corviknight\n|move|p2a: Gastrodon|Yawn|p1a: Palafin\n|-start|p1a: Palafin|move: Yawn|[of] p2a: Gastrodon\n|\n|-heal|p2a: Gastrodon|75\/100|[from] item: Leftovers\n|upkeep\n|\n|t:|1681866965\n|switch|p2b: Baxcalibur|Baxcalibur, L50, F, tera:Poison|51\/100 slp\n|turn|9\n|\n|t:|1681866969\n|move|p1a: Palafin|Drain Punch|p2a: Gastrodon\n|-crit|p2a: Gastrodon\n|-damage|p2a: Gastrodon|30\/100\n|-heal|p1a: Palafin|50\/100|[from] drain|[of] p2a: Gastrodon\n|cant|p2b: Baxcalibur|slp\n|move|p2a: Gastrodon|Recover|p2a: Gastrodon\n|-heal|p2a: Gastrodon|80\/100\n|\n|-heal|p2a: Gastrodon|86\/100|[from] item: Leftovers\n|-end|p1a: Palafin|move: Yawn|[silent]\n|-status|p1a: Palafin|slp\n|upkeep\n|turn|10\n|\n|t:|1681866982\n|cant|p1a: Palafin|slp\n|cant|p2b: Baxcalibur|slp\n|move|p2a: Gastrodon|Earth Power|p1a: Palafin\n|-damage|p1a: Palafin|2\/100 slp\n|\n|-heal|p2a: Gastrodon|92\/100|[from] item: Leftovers\n|upkeep\n|turn|11\n|\n|t:|1681866994\n|-curestatus|p2b: Baxcalibur|slp|[msg]\n|move|p2b: Baxcalibur|Ice Shard|p1a: Palafin\n|-resisted|p1a: Palafin\n|-damage|p1a: Palafin|0 fnt\n|faint|p1a: Palafin\n|\n|win|Chunky4\n|raw|Sprye0216's rating: 1145 → 1124<\/strong> (-21 for losing)\n|raw|Chunky4's rating: 1197 → 1218<\/strong> (+21 for winning)\n|c|\u2606Chunky4|g\n","uploadtime":1681867002,"views":15,"p1id":"sprye0216","p2id":"chunky4","formatid":"gen9vgc2023regulationc","rating":1124,"private":0,"password":""}