{"id":"gen9vgc2023regulationc-1854124085","p1":"pokemon homo","p2":"xqiht","format":"[Gen 9] VGC 2023 Regulation C","log":"|j|\u2606pokemon homo\n|j|\u2606xqiht\n|t:|1682773076\n|gametype|doubles\n|player|p1|pokemon homo|rosa|\n|player|p2|xqiht|elesa-masters|\n|teamsize|p1|6\n|teamsize|p2|6\n|gen|9\n|tier|[Gen 9] VGC 2023 Regulation C\n|rule|Species Clause: Limit one of each Pok\u00e9mon\n|rule|Item Clause: Limit one of each item\n|clearpoke\n|poke|p1|Chien-Pao, L50|\n|poke|p1|Dragonite, L50, M|\n|poke|p1|Ting-Lu, L50|\n|poke|p1|Gyarados, L50, F|\n|poke|p1|Flutter Mane, L50|\n|poke|p1|Amoonguss, L50, F|\n|poke|p2|Palafin, L50, F|\n|poke|p2|Chien-Pao, L50|\n|poke|p2|Dragapult, L50, M|\n|poke|p2|Amoonguss, L50, M|\n|poke|p2|Arcanine, L50, M|\n|poke|p2|Flutter Mane, L50|\n|teampreview|4\n|inactive|Battle timer is ON: inactive players will automatically lose when time's up. (requested by xqiht)\nxqiht has agreed to open team sheets.\n|inactive|pokemon homo has 60 seconds left.\n|\n|t:|1682773135\n|start\n|switch|p1a: Gyarados|Gyarados, L50, F|100\/100\n|switch|p1b: Chien-Pao|Chien-Pao, L50|100\/100\n|switch|p2a: ChiYu|Arcanine, L50, M|100\/100\n|switch|p2b: Dnite|Dragapult, L50, M|100\/100\n|-ability|p1b: Chien-Pao|Sword of Ruin\n|-ability|p2a: ChiYu|Intimidate|boost\n|-unboost|p1a: Gyarados|atk|1\n|-unboost|p1b: Chien-Pao|atk|1\n|-ability|p1a: Gyarados|Intimidate|boost\n|-unboost|p2a: ChiYu|atk|1\n|-fail|p2b: Dnite|unboost|[from] ability: Clear Body|[of] p2b: Dnite\n|turn|1\n|inactive|pokemon homo has 30 seconds left.\n|inactive|xqiht has 30 seconds left.\n|inactive|xqiht has 20 seconds left.\n|\n|t:|1682773175\n|move|p1b: Chien-Pao|Protect|p1b: Chien-Pao\n|-singleturn|p1b: Chien-Pao|Protect\n|move|p2b: Dnite|Dragon Darts|p1a: Gyarados\n|-damage|p1a: Gyarados|54\/100\n|-anim|p2b: Dnite|Dragon Darts|p1a: Gyarados\n|-damage|p1a: Gyarados|3\/100\n|move|p2a: ChiYu|Will-O-Wisp|p1b: Chien-Pao\n|-activate|p1b: Chien-Pao|move: Protect\n|move|p1a: Gyarados|Thunder Wave|p2b: Dnite\n|-status|p2b: Dnite|par\n|\n|upkeep\n|turn|2\n|\n|t:|1682773192\n|switch|p1b: Flutter Mane|Flutter Mane, L50|100\/100\n|-terastallize|p2b: Dnite|Steel\n|move|p2a: ChiYu|Extreme Speed|p1a: Gyarados\n|-damage|p1a: Gyarados|0 fnt\n|faint|p1a: Gyarados\n|cant|p2b: Dnite|par\n|\n|upkeep\n|\n|t:|1682773211\n|switch|p1a: Dragonite|Dragonite, L50, M|100\/100\n|turn|3\n|inactive|pokemon homo has 30 seconds left.\n|inactive|pokemon homo has 20 seconds left.\n|inactive|pokemon homo has 15 seconds left.\n|\n|t:|1682773252\n|-terastallize|p1a: Dragonite|Normal\n|move|p1a: Dragonite|Extreme Speed|p2a: ChiYu\n|-damage|p2a: ChiYu|24\/100\n|move|p1b: Flutter Mane|Shadow Ball|p2b: Dnite\n|-damage|p2b: Dnite|8\/100 par\n|move|p2a: ChiYu|Will-O-Wisp|p1a: Dragonite\n|-status|p1a: Dragonite|brn\n|move|p2b: Dnite|Dragon Darts|p1a: Dragonite\n|-damage|p1a: Dragonite|66\/100 brn\n|-anim|p2b: Dnite|Dragon Darts|p1a: Dragonite\n|-damage|p1a: Dragonite|33\/100 brn\n|\n|-damage|p1a: Dragonite|27\/100 brn|[from] brn\n|upkeep\n|turn|4\n|\n|t:|1682773271\n|move|p2a: ChiYu|Protect|p2a: ChiYu\n|-singleturn|p2a: ChiYu|Protect\n|move|p1a: Dragonite|Extreme Speed|p2b: Dnite\n|-resisted|p2b: Dnite\n|-damage|p2b: Dnite|0 fnt\n|faint|p2b: Dnite\n|move|p1b: Flutter Mane|Shadow Ball|p2a: ChiYu\n|-activate|p2a: ChiYu|move: Protect\n|\n|-damage|p1a: Dragonite|21\/100 brn|[from] brn\n|upkeep\n|\n|t:|1682773280\n|switch|p2b: Bundle|Chien-Pao, L50|100\/100\n|-ability|p2b: Bundle|Sword of Ruin\n|turn|5\n|inactive|pokemon homo has 30 seconds left.\n|inactive|xqiht has 30 seconds left.\n|inactive|xqiht has 20 seconds left.\n|\n|t:|1682773323\n|move|p2a: ChiYu|Extreme Speed|p1a: Dragonite\n|-damage|p1a: Dragonite|5\/100 brn\n|move|p1a: Dragonite|Extreme Speed|p2b: Bundle\n|-damage|p2b: Bundle|49\/100\n|move|p2b: Bundle|Ice Spinner|p1b: Flutter Mane\n|-damage|p1b: Flutter Mane|8\/100\n|move|p1b: Flutter Mane|Shadow Ball|p2a: ChiYu\n|-damage|p2a: ChiYu|0 fnt\n|faint|p2a: ChiYu\n|\n|-damage|p1a: Dragonite|0 fnt|[from] brn\n|faint|p1a: Dragonite\n|upkeep\n|\n|t:|1682773332\n|switch|p2a: Mimi|Flutter Mane, L50|100\/100\n|switch|p1a: Chien-Pao|Chien-Pao, L50|100\/100\n|-ability|p1a: Chien-Pao|Sword of Ruin\n|-enditem|p2a: Mimi|Booster Energy\n|-activate|p2a: Mimi|ability: Protosynthesis|[fromitem]\n|-start|p2a: Mimi|protosynthesisspa\n|turn|6\n|inactive|pokemon homo has 30 seconds left.\n|\n|t:|1682773365\n|move|p2a: Mimi|Protect|p2a: Mimi\n|-singleturn|p2a: Mimi|Protect\n|move|p2b: Bundle|Sucker Punch|p1b: Flutter Mane\n|-damage|p1b: Flutter Mane|0 fnt\n|faint|p1b: Flutter Mane\n|-end|p1b: Flutter Mane|Protosynthesis|[silent]\n|move|p1a: Chien-Pao|Ice Spinner|p2a: Mimi\n|-activate|p2a: Mimi|move: Protect\n|\n|upkeep\n|turn|7\n|-message|pokemon homo forfeited.\n|\n|win|xqiht\n","uploadtime":1682773382,"views":23,"p1id":"pokemonhomo","p2id":"xqiht","formatid":"gen9vgc2023regulationc","rating":0,"private":0,"password":""}