{"id":"gen9vgc2023regulationc-1849092208","p1":"Omitts","p2":"PawmotNo1","format":"[Gen 9] VGC 2023 Regulation C","log":"|j|\u2606Omitts\n|j|\u2606PawmotNo1\n|t:|1682153790\n|gametype|doubles\n|player|p1|Omitts|1|1344\n|player|p2|PawmotNo1|ethan|1409\n|teamsize|p1|6\n|teamsize|p2|6\n|gen|9\n|tier|[Gen 9] VGC 2023 Regulation C\n|rated|\n|rule|Species Clause: Limit one of each Pok\u00e9mon\n|rule|Item Clause: Limit one of each item\n|clearpoke\n|poke|p1|Palafin, L50, M|\n|poke|p1|Arcanine, L50, M|\n|poke|p1|Amoonguss, L50, F|\n|poke|p1|Kingambit, L50, M|\n|poke|p1|Flutter Mane, L50|\n|poke|p1|Ting-Lu, L50|\n|poke|p2|Ting-Lu, L50|\n|poke|p2|Amoonguss, L50, M|\n|poke|p2|Palafin, L50, F|\n|poke|p2|Arcanine, L50, F|\n|poke|p2|Flutter Mane, L50|\n|poke|p2|Corviknight, L50, F|\n|teampreview|4\n|inactive|Battle timer is ON: inactive players will automatically lose when time's up. (requested by PawmotNo1)\n|j| palafinforever\n|\n|t:|1682153820\n|start\n|switch|p1a: Palafin|Palafin, L50, M|100\/100\n|switch|p1b: Arcanine|Arcanine, L50, M|100\/100\n|switch|p2a: Corviknight|Corviknight, L50, F|100\/100\n|switch|p2b: Palafin|Palafin, L50, F, shiny|100\/100\n|-ability|p1b: Arcanine|Intimidate|boost\n|-ability|p2a: Corviknight|Mirror Armor\n|-unboost|p1b: Arcanine|atk|1\n|-unboost|p2b: Palafin|atk|1\n|turn|1\n|l| palafinforever\n|inactive|PawmotNo1 has 30 seconds left.\n|\n|t:|1682153846\n|switch|p2a: Arcanine|Arcanine, L50, F, shiny|100\/100\n|-ability|p2a: Arcanine|Intimidate|boost\n|-unboost|p1a: Palafin|atk|1\n|-unboost|p1b: Arcanine|atk|1\n|move|p2b: Palafin|Jet Punch|p1b: Arcanine\n|-supereffective|p1b: Arcanine\n|-damage|p1b: Arcanine|69\/100\n|move|p1b: Arcanine|Will-O-Wisp|p2a: Arcanine\n|-immune|p2a: Arcanine\n|move|p1a: Palafin|Taunt|p2a: Arcanine\n|-start|p2a: Arcanine|move: Taunt\n|\n|upkeep\n|turn|2\n|inactive|Omitts has 30 seconds left.\n|inactive|PawmotNo1 has 30 seconds left.\n|\n|t:|1682153885\n|detailschange|p2b: Palafin|Palafin-Hero, L50, F, shiny\n|switch|p2b: Amoonguss|Amoonguss, L50, M|100\/100\n|-terastallize|p1a: Palafin|Water\n|-terastallize|p2a: Arcanine|Water\n|move|p1b: Arcanine|Will-O-Wisp|p2b: Amoonguss|[miss]\n|-miss|p1b: Arcanine|p2b: Amoonguss\n|move|p1a: Palafin|Wave Crash|p2a: Arcanine\n|-resisted|p2a: Arcanine\n|-damage|p2a: Arcanine|77\/100\n|-damage|p1a: Palafin|93\/100|[from] Recoil\n|move|p2a: Arcanine|Flare Blitz|p1a: Palafin\n|-resisted|p1a: Palafin\n|-damage|p1a: Palafin|60\/100\n|-damage|p2a: Arcanine|65\/100|[from] Recoil\n|\n|upkeep\n|turn|3\n|inactive|PawmotNo1 has 30 seconds left.\n|inactive|PawmotNo1 has 20 seconds left.\n|inactive|PawmotNo1 has 15 seconds left.\n|\n|t:|1682153926\n|detailschange|p1a: Palafin|Palafin-Hero, L50, M, tera:Water\n|switch|p1a: Amoonguss|Amoonguss, L50, F|100\/100\n|move|p1b: Arcanine|Will-O-Wisp|p2a: Arcanine\n|-status|p2a: Arcanine|brn\n|move|p2a: Arcanine|Flare Blitz|p1a: Amoonguss\n|-supereffective|p1a: Amoonguss\n|-damage|p1a: Amoonguss|50\/100\n|-enditem|p1a: Amoonguss|Sitrus Berry|[eat]\n|-heal|p1a: Amoonguss|75\/100|[from] item: Sitrus Berry\n|-damage|p2a: Arcanine|47\/100 brn|[from] Recoil\n|move|p2b: Amoonguss|Pollen Puff|p2a: Arcanine\n|-heal|p2a: Arcanine|96\/100 brn\n|\n|-damage|p2a: Arcanine|90\/100 brn|[from] brn\n|-end|p2a: Arcanine|move: Taunt\n|upkeep\n|turn|4\n|inactive|Omitts has 30 seconds left.\n|inactive|PawmotNo1 has 30 seconds left.\n|\n|t:|1682153962\n|switch|p1b: Palafin|Palafin-Hero, L50, M, tera:Water|60\/100\n|-activate|p1b: Palafin|ability: Zero to Hero\n|move|p1a: Amoonguss|Protect|p1a: Amoonguss\n|-singleturn|p1a: Amoonguss|Protect\n|move|p2a: Arcanine|Will-O-Wisp|p1b: Palafin\n|-status|p1b: Palafin|brn\n|move|p2b: Amoonguss|Pollen Puff|p2a: Arcanine\n|-heal|p2a: Arcanine|100\/100 brn\n|\n|-damage|p1b: Palafin|54\/100 brn|[from] brn\n|-damage|p2a: Arcanine|94\/100 brn|[from] brn\n|upkeep\n|turn|5\n|\n|t:|1682153982\n|switch|p2b: Palafin|Palafin-Hero, L50, F, shiny|100\/100\n|-activate|p2b: Palafin|ability: Zero to Hero\n|move|p1b: Palafin|Taunt|p2b: Palafin\n|-start|p2b: Palafin|move: Taunt\n|move|p2a: Arcanine|Flare Blitz|p1a: Amoonguss\n|-supereffective|p1a: Amoonguss\n|-damage|p1a: Amoonguss|22\/100\n|-damage|p2a: Arcanine|75\/100 brn|[from] Recoil\n|move|p1a: Amoonguss|Pollen Puff|p1b: Palafin\n|-heal|p1b: Palafin|100\/100 brn\n|\n|-damage|p1b: Palafin|95\/100 brn|[from] brn\n|-damage|p2a: Arcanine|69\/100 brn|[from] brn\n|upkeep\n|turn|6\n|inactive|PawmotNo1 has 30 seconds left.\n|\n|t:|1682154010\n|switch|p2b: Amoonguss|Amoonguss, L50, M|100\/100\n|move|p1a: Amoonguss|Protect|p1a: Amoonguss\n|-singleturn|p1a: Amoonguss|Protect\n|move|p1b: Palafin|Wave Crash|p2b: Amoonguss\n|-resisted|p2b: Amoonguss\n|-damage|p2b: Amoonguss|77\/100\n|-damage|p1b: Palafin|86\/100 brn|[from] Recoil\n|move|p2a: Arcanine|Will-O-Wisp|p1a: Amoonguss\n|-activate|p1a: Amoonguss|move: Protect\n|\n|-damage|p1b: Palafin|81\/100 brn|[from] brn\n|-damage|p2a: Arcanine|62\/100 brn|[from] brn\n|upkeep\n|turn|7\n|\n|t:|1682154023\n|switch|p1a: Arcanine|Arcanine, L50, M|69\/100\n|-ability|p1a: Arcanine|Intimidate|boost\n|-unboost|p2a: Arcanine|atk|1\n|-unboost|p2b: Amoonguss|atk|1\n|move|p1b: Palafin|Taunt|p2b: Amoonguss\n|-start|p2b: Amoonguss|move: Taunt\n|move|p2a: Arcanine|Will-O-Wisp|p1a: Arcanine\n|-immune|p1a: Arcanine\n|move|p2b: Amoonguss|Pollen Puff|p2a: Arcanine\n|-heal|p2a: Arcanine|100\/100 brn\n|\n|-damage|p1b: Palafin|75\/100 brn|[from] brn\n|-damage|p2a: Arcanine|94\/100 brn|[from] brn\n|upkeep\n|turn|8\n|\n|t:|1682154040\n|switch|p2b: Palafin|Palafin-Hero, L50, F, shiny|100\/100\n|move|p1a: Arcanine|Howl|p1a: Arcanine|[spread] p1a,p1b\n|-boost|p1a: Arcanine|atk|1\n|-boost|p1b: Palafin|atk|1\n|move|p1b: Palafin|Wave Crash|p2b: Palafin\n|-resisted|p2b: Palafin\n|-damage|p2b: Palafin|60\/100\n|-damage|p1b: Palafin|62\/100 brn|[from] Recoil\n|move|p2a: Arcanine|Flare Blitz|p1a: Arcanine\n|-resisted|p1a: Arcanine\n|-damage|p1a: Arcanine|60\/100\n|-damage|p2a: Arcanine|91\/100 brn|[from] Recoil\n|\n|-damage|p1b: Palafin|56\/100 brn|[from] brn\n|-damage|p2a: Arcanine|85\/100 brn|[from] brn\n|upkeep\n|turn|9\n|inactive|Omitts has 30 seconds left.\n|\n|t:|1682154066\n|switch|p2a: Amoonguss|Amoonguss, L50, M|100\/100\n|move|p2b: Palafin|Jet Punch|p1a: Arcanine\n|-supereffective|p1a: Arcanine\n|-damage|p1a: Arcanine|0 fnt\n|faint|p1a: Arcanine\n|move|p1b: Palafin|Wave Crash|p2b: Palafin\n|-resisted|p2b: Palafin\n|-damage|p2b: Palafin|23\/100\n|-damage|p1b: Palafin|44\/100 brn|[from] Recoil\n|\n|-damage|p1b: Palafin|38\/100 brn|[from] brn\n|upkeep\n|\n|t:|1682154072\n|switch|p1a: Amoonguss|Amoonguss, L50, F|55\/100\n|turn|10\n|\n|t:|1682154091\n|switch|p2b: Arcanine|Arcanine, L50, F, shiny, tera:Water|85\/100 brn\n|-ability|p2b: Arcanine|Intimidate|boost\n|-unboost|p1a: Amoonguss|atk|1\n|-unboost|p1b: Palafin|atk|1\n|move|p1b: Palafin|Protect|p1b: Palafin\n|-singleturn|p1b: Palafin|Protect\n|move|p1a: Amoonguss|Spore|p2b: Arcanine\n|-activate|p2b: Arcanine|item: Safety Goggles|Spore\n|move|p2a: Amoonguss|Pollen Puff|p2b: Arcanine\n|-heal|p2b: Arcanine|100\/100 brn\n|\n|-damage|p1b: Palafin|32\/100 brn|[from] brn\n|-damage|p2b: Arcanine|94\/100 brn|[from] brn\n|upkeep\n|turn|11\n|\n|t:|1682154109\n|move|p2a: Amoonguss|Protect|p2a: Amoonguss\n|-singleturn|p2a: Amoonguss|Protect\n|move|p1b: Palafin|Wave Crash|p2b: Arcanine\n|-resisted|p2b: Arcanine\n|-damage|p2b: Arcanine|64\/100 brn\n|-damage|p1b: Palafin|23\/100 brn|[from] Recoil\n|move|p2b: Arcanine|Flare Blitz|p1a: Amoonguss\n|-supereffective|p1a: Amoonguss\n|-damage|p1a: Amoonguss|0 fnt\n|faint|p1a: Amoonguss\n|-damage|p2b: Arcanine|44\/100 brn|[from] Recoil\n|\n|-damage|p1b: Palafin|17\/100 brn|[from] brn\n|-damage|p2b: Arcanine|38\/100 brn|[from] brn\n|upkeep\n|\n|t:|1682154117\n|switch|p1a: Kingambit|Kingambit, L50, M|100\/100\n|turn|12\n|\n|t:|1682154133\n|move|p2a: Amoonguss|Rage Powder|p2a: Amoonguss\n|-singleturn|p2a: Amoonguss|move: Rage Powder\n|move|p1b: Palafin|Wave Crash|p2a: Amoonguss\n|-resisted|p2a: Amoonguss\n|-damage|p2a: Amoonguss|74\/100\n|-damage|p1b: Palafin|8\/100 brn|[from] Recoil\n|move|p2b: Arcanine|Will-O-Wisp|p1a: Kingambit\n|-status|p1a: Kingambit|brn\n|move|p1a: Kingambit|Kowtow Cleave|p2a: Amoonguss\n|-damage|p2a: Amoonguss|49\/100\n|\n|-damage|p1b: Palafin|2\/100 brn|[from] brn\n|-damage|p2b: Arcanine|32\/100 brn|[from] brn\n|-damage|p1a: Kingambit|95\/100 brn|[from] brn\n|upkeep\n|turn|13\n|-message|Omitts forfeited.\n|\n|win|PawmotNo1\n|raw|Omitts's rating: 1344 → 1328<\/strong> (-16 for losing)\n|raw|PawmotNo1's rating: 1409 → 1425<\/strong> (+16 for winning)\n|l|\u2606Omitts\n","uploadtime":1682154151,"views":9,"p1id":"omitts","p2id":"pawmotno1","formatid":"gen9vgc2023regulationc","rating":1328,"private":0,"password":""}