{"id":"gen9vgc2023regulationc-1862048322","p1":"NoodleEnjoyer","p2":"kalalu22","format":"[Gen 9] VGC 2023 Regulation C","log":"|j|\u2606NoodleEnjoyer\n|j|\u2606kalalu22\n|t:|1683831941\n|gametype|doubles\n|player|p1|NoodleEnjoyer|fisherman-gen4|1071\n|player|p2|kalalu22|1|1123\n|teamsize|p1|6\n|teamsize|p2|6\n|gen|9\n|tier|[Gen 9] VGC 2023 Regulation C\n|rated|\n|rule|Species Clause: Limit one of each Pok\u00e9mon\n|rule|Item Clause: Limit one of each item\n|clearpoke\n|poke|p1|Ceruledge, L50, F|\n|poke|p1|Scream Tail, L50|\n|poke|p1|Flutter Mane, L50|\n|poke|p1|Torkoal, L50, M|\n|poke|p1|Great Tusk, L50|\n|poke|p1|Dragonite, L50, F|\n|poke|p2|Iron Bundle, L50|\n|poke|p2|Tyranitar, L50, F|\n|poke|p2|Wo-Chien, L50|\n|poke|p2|Glimmora, L50, F|\n|poke|p2|Gyarados, L50, F|\n|poke|p2|Flutter Mane, L50|\n|teampreview|4\n|inactive|Battle timer is ON: inactive players will automatically lose when time's up. (requested by kalalu22)\nkalalu22 has agreed to open team sheets.\n|inactive|NoodleEnjoyer has 60 seconds left.\n|\n|t:|1683831999\n|start\n|switch|p1a: Flutter Mane|Flutter Mane, L50|100\/100\n|switch|p1b: Dragonite|Dragonite, L50, F|100\/100\n|switch|p2a: Glimmora|Glimmora, L50, F|100\/100\n|switch|p2b: Iron Bundle|Iron Bundle, L50|100\/100\n|turn|1\n|inactive|NoodleEnjoyer has 30 seconds left.\n|inactive|NoodleEnjoyer has 20 seconds left.\n|\n|t:|1683832036\n|move|p1b: Dragonite|Extreme Speed|p2b: Iron Bundle\n|-damage|p2b: Iron Bundle|66\/100\n|move|p2b: Iron Bundle|Icy Wind|p1a: Flutter Mane|[spread] p1a,p1b\n|-crit|p1a: Flutter Mane\n|-supereffective|p1b: Dragonite\n|-damage|p1a: Flutter Mane|73\/100\n|-damage|p1b: Dragonite|51\/100\n|-unboost|p1a: Flutter Mane|spe|1\n|-unboost|p1b: Dragonite|spe|1\n|move|p1a: Flutter Mane|Shadow Ball|p2a: Glimmora\n|-damage|p2a: Glimmora|61\/100\n|move|p2a: Glimmora|Mortal Spin|p1b: Dragonite|[spread] p1a,p1b\n|-damage|p1a: Flutter Mane|67\/100\n|-damage|p1b: Dragonite|46\/100\n|-status|p1a: Flutter Mane|psn\n|-status|p1b: Dragonite|psn\n|\n|-damage|p1a: Flutter Mane|55\/100 psn|[from] psn\n|-damage|p1b: Dragonite|34\/100 psn|[from] psn\n|upkeep\n|turn|2\n|inactive|NoodleEnjoyer has 30 seconds left.\n|inactive|NoodleEnjoyer has 20 seconds left.\n|inactive|NoodleEnjoyer has 15 seconds left.\n|inactive|NoodleEnjoyer has 10 seconds left.\n|\n|t:|1683832084\n|move|p1b: Dragonite|Extreme Speed|p2b: Iron Bundle\n|-damage|p2b: Iron Bundle|36\/100\n|move|p2b: Iron Bundle|Freeze-Dry|p1b: Dragonite\n|-supereffective|p1b: Dragonite\n|-damage|p1b: Dragonite|0 fnt\n|faint|p1b: Dragonite\n|move|p1a: Flutter Mane|Shadow Ball|p2b: Iron Bundle\n|-damage|p2b: Iron Bundle|0 fnt\n|faint|p2b: Iron Bundle\n|-end|p2b: Iron Bundle|Quark Drive|[silent]\n|move|p2a: Glimmora|Sludge Bomb|p1a: Flutter Mane\n|-damage|p1a: Flutter Mane|8\/100 psn\n|\n|-damage|p1a: Flutter Mane|0 fnt|[from] psn\n|faint|p1a: Flutter Mane\n|-end|p1a: Flutter Mane|Protosynthesis|[silent]\n|upkeep\n|\n|t:|1683832104\n|switch|p2b: Wo-Chien|Wo-Chien, L50|100\/100\n|switch|p1a: Torkoal|Torkoal, L50, M|100\/100\n|switch|p1b: Great Tusk|Great Tusk, L50|100\/100\n|-ability|p2b: Wo-Chien|Tablets of Ruin\n|-weather|SunnyDay|[from] ability: Drought|[of] p1a: Torkoal\n|-activate|p1b: Great Tusk|ability: Protosynthesis\n|-start|p1b: Great Tusk|protosynthesisatk\n|turn|3\n|inactive|NoodleEnjoyer has 30 seconds left.\n|inactive|NoodleEnjoyer has 20 seconds left.\n|inactive|NoodleEnjoyer has 15 seconds left.\n|\n|t:|1683832145\n|-terastallize|p2b: Wo-Chien|Water\n|move|p1b: Great Tusk|Rock Slide|p2a: Glimmora|[spread] p2a\n|-miss|p1b: Great Tusk|p2b: Wo-Chien\n|-damage|p2a: Glimmora|42\/100\n|-activate|p2a: Glimmora|ability: Toxic Debris\n|-sidestart|p1: NoodleEnjoyer|move: Toxic Spikes\n|move|p2a: Glimmora|Power Gem|p1a: Torkoal\n|-supereffective|p1a: Torkoal\n|-damage|p1a: Torkoal|20\/100\n|move|p2b: Wo-Chien|Leech Seed|p1b: Great Tusk\n|-start|p1b: Great Tusk|move: Leech Seed\n|move|p1a: Torkoal|Fissure|p2b: Wo-Chien\n|-damage|p2b: Wo-Chien|0 fnt\n|faint|p2b: Wo-Chien\n|-ohko\n|\n|-weather|SunnyDay|[upkeep]\n|upkeep\n|\n|t:|1683832160\n|switch|p2b: Flutter Mane|Flutter Mane, L50|100\/100\n|-activate|p2b: Flutter Mane|ability: Protosynthesis\n|-start|p2b: Flutter Mane|protosynthesisspe\n|turn|4\n|\n|t:|1683832172\n|move|p2b: Flutter Mane|Protect|p2b: Flutter Mane\n|-singleturn|p2b: Flutter Mane|Protect\n|move|p1b: Great Tusk|Rock Slide|p2b: Flutter Mane|[spread] p2a\n|-activate|p2b: Flutter Mane|move: Protect\n|-damage|p2a: Glimmora|17\/100\n|-activate|p2a: Glimmora|ability: Toxic Debris\n|-sidestart|p1: NoodleEnjoyer|move: Toxic Spikes\n|move|p2a: Glimmora|Mortal Spin|p1b: Great Tusk|[spread] p1a,p1b\n|-resisted|p1b: Great Tusk\n|-damage|p1a: Torkoal|17\/100\n|-damage|p1b: Great Tusk|99\/100\n|-status|p1a: Torkoal|psn\n|-status|p1b: Great Tusk|psn\n|move|p1a: Torkoal|Fissure|p2b: Flutter Mane\n|-activate|p2b: Flutter Mane|move: Protect\n|\n|-weather|SunnyDay|[upkeep]\n|-damage|p1b: Great Tusk|87\/100 psn|[from] Leech Seed|[of] p2b: Flutter Mane\n|-damage|p1b: Great Tusk|75\/100 psn|[from] psn\n|-damage|p1a: Torkoal|5\/100 psn|[from] psn\n|upkeep\n|turn|5\n|inactive|NoodleEnjoyer has 30 seconds left.\n|inactive|kalalu22 has 30 seconds left.\n|\n|t:|1683832204\n|move|p1a: Torkoal|Helping Hand|p1b: Great Tusk\n|-singleturn|p1b: Great Tusk|Helping Hand|[of] p1a: Torkoal\n|move|p2b: Flutter Mane|Substitute|p2b: Flutter Mane\n|-start|p2b: Flutter Mane|Substitute\n|-damage|p2b: Flutter Mane|76\/100\n|move|p1b: Great Tusk|Rock Slide|p2a: Glimmora|[spread] p2a,p2b\n|-end|p2b: Flutter Mane|Substitute\n|-damage|p2a: Glimmora|0 fnt\n|faint|p2a: Glimmora\n|\n|-weather|SunnyDay|[upkeep]\n|-damage|p1b: Great Tusk|63\/100 psn|[from] Leech Seed|[of] p2b: Flutter Mane\n|-heal|p2b: Flutter Mane|92\/100|[silent]\n|-damage|p1b: Great Tusk|51\/100 psn|[from] psn\n|-damage|p1a: Torkoal|0 fnt|[from] psn\n|faint|p1a: Torkoal\n|upkeep\n|turn|6\n|\n|t:|1683832223\n|-terastallize|p1b: Great Tusk|Ground\n|move|p2b: Flutter Mane|Protect|p2b: Flutter Mane\n|-singleturn|p2b: Flutter Mane|Protect\n|move|p1b: Great Tusk|Rock Slide|p2b: Flutter Mane\n|-activate|p2b: Flutter Mane|move: Protect\n|\n|-weather|SunnyDay|[upkeep]\n|-damage|p1b: Great Tusk|39\/100 psn|[from] Leech Seed|[of] p2b: Flutter Mane\n|-heal|p2b: Flutter Mane|100\/100|[silent]\n|-damage|p1b: Great Tusk|27\/100 psn|[from] psn\n|upkeep\n|turn|7\n|\n|t:|1683832235\n|move|p2b: Flutter Mane|Substitute|p2b: Flutter Mane\n|-start|p2b: Flutter Mane|Substitute\n|-damage|p2b: Flutter Mane|76\/100\n|move|p1b: Great Tusk|Rock Slide|p2b: Flutter Mane\n|-end|p2b: Flutter Mane|Substitute\n|\n|-weather|none\n|-end|p2b: Flutter Mane|Protosynthesis\n|-end|p1b: Great Tusk|Protosynthesis\n|-damage|p1b: Great Tusk|15\/100 psn|[from] Leech Seed|[of] p2b: Flutter Mane\n|-heal|p2b: Flutter Mane|92\/100|[silent]\n|-damage|p1b: Great Tusk|3\/100 psn|[from] psn\n|upkeep\n|-enditem|p2b: Flutter Mane|Booster Energy\n|-activate|p2b: Flutter Mane|ability: Protosynthesis|[fromitem]\n|-start|p2b: Flutter Mane|protosynthesisspe\n|turn|8\n|\n|t:|1683832250\n|move|p2b: Flutter Mane|Protect|p2b: Flutter Mane\n|-singleturn|p2b: Flutter Mane|Protect\n|move|p1b: Great Tusk|Rock Slide|p2b: Flutter Mane\n|-activate|p2b: Flutter Mane|move: Protect\n|\n|-damage|p1b: Great Tusk|0 fnt|[from] Leech Seed|[of] p2b: Flutter Mane\n|-heal|p2b: Flutter Mane|95\/100|[silent]\n|faint|p1b: Great Tusk\n|-end|p1b: Great Tusk|Protosynthesis|[silent]\n|\n|win|kalalu22\n|upkeep\n|raw|NoodleEnjoyer's rating: 1071 → 1053<\/strong> (-18 for losing)\n|raw|kalalu22's rating: 1123 → 1144<\/strong> (+21 for winning)\n","uploadtime":1683832262,"views":11,"p1id":"noodleenjoyer","p2id":"kalalu22","formatid":"gen9vgc2023regulationc","rating":1053,"private":0,"password":""}