{"id":"gen9vgc2023regulationc-1859834561","p1":"ClessCL","p2":"Leafeonlou12","format":"[Gen 9] VGC 2023 Regulation C","log":"|j|\u2606ClessCL\n|j|\u2606Leafeonlou12\n|t:|1683568435\n|gametype|doubles\n|player|p1|ClessCL|lance|1508\n|player|p2|Leafeonlou12|101|1488\n|teamsize|p1|6\n|teamsize|p2|6\n|gen|9\n|tier|[Gen 9] VGC 2023 Regulation C\n|rated|\n|rule|Species Clause: Limit one of each Pok\u00e9mon\n|rule|Item Clause: Limit one of each item\n|clearpoke\n|poke|p1|Gyarados, L50, M|\n|poke|p1|Iron Moth, L50|\n|poke|p1|Tinkaton, L50, F|\n|poke|p1|Roaring Moon, L50|\n|poke|p1|Ting-Lu, L50|\n|poke|p1|Garganacl, L50, M|\n|poke|p2|Rotom-Fan, L50|\n|poke|p2|Torkoal, L50, M|\n|poke|p2|Indeedee, L50, M|\n|poke|p2|Drifblim, L50, M|\n|poke|p2|Chi-Yu, L50|\n|poke|p2|Great Tusk, L50|\n|teampreview|4\n|inactive|Battle timer is ON: inactive players will automatically lose when time's up. (requested by ClessCL)\n|inactive|ClessCL has 60 seconds left.\nLeafeonlou12 has agreed to open team sheets.\n|\n|t:|1683568471\n|start\n|switch|p1a: Ting-Lu|Ting-Lu, L50|100\/100\n|switch|p1b: Roaring Moon|Roaring Moon, L50|100\/100\n|switch|p2a: Drifblim|Drifblim, L50, M|100\/100\n|switch|p2b: Indeedee|Indeedee, L50, M|100\/100\n|-fieldstart|move: Psychic Terrain|[from] ability: Psychic Surge|[of] p2b: Indeedee\n|-enditem|p2a: Drifblim|Psychic Seed\n|-boost|p2a: Drifblim|spd|1|[from] item: Psychic Seed\n|-ability|p1a: Ting-Lu|Vessel of Ruin\n|-enditem|p1b: Roaring Moon|Booster Energy\n|-activate|p1b: Roaring Moon|ability: Protosynthesis|[fromitem]\n|-start|p1b: Roaring Moon|protosynthesisspe\n|turn|1\n|\n|t:|1683568487\n|-terastallize|p2b: Indeedee|Fairy\n|move|p1b: Roaring Moon|Protect|p1b: Roaring Moon\n|-singleturn|p1b: Roaring Moon|Protect\n|move|p2a: Drifblim|Tailwind|p2a: Drifblim\n|-sidestart|p2: Leafeonlou12|move: Tailwind\n|move|p2b: Indeedee|Dazzling Gleam|p1b: Roaring Moon|[spread] p1a\n|-activate|p1b: Roaring Moon|move: Protect\n|-supereffective|p1a: Ting-Lu\n|-damage|p1a: Ting-Lu|84\/100\n|move|p1a: Ting-Lu|Snarl|p2b: Indeedee|[spread] p2a,p2b\n|-supereffective|p2a: Drifblim\n|-resisted|p2b: Indeedee\n|-damage|p2a: Drifblim|86\/100\n|-damage|p2b: Indeedee|95\/100\n|-unboost|p2a: Drifblim|spa|1\n|-unboost|p2b: Indeedee|spa|1\n|\n|upkeep\n|turn|2\n|\n|t:|1683568504\n|switch|p2b: Great Tusk|Great Tusk, L50|100\/100\n|-end|p1b: Roaring Moon|Protosynthesis|[silent]\n|switch|p1b: Iron Moth|Iron Moth, L50|100\/100\n|move|p2a: Drifblim|Acrobatics|p1b: Iron Moth\n|-damage|p1b: Iron Moth|37\/100\n|move|p1a: Ting-Lu|Snarl|p2a: Drifblim|[spread] p2a,p2b\n|-supereffective|p2a: Drifblim\n|-resisted|p2b: Great Tusk\n|-damage|p2a: Drifblim|73\/100\n|-damage|p2b: Great Tusk|97\/100\n|-unboost|p2a: Drifblim|spa|1\n|-unboost|p2b: Great Tusk|spa|1\n|\n|upkeep\n|turn|3\n|\n|t:|1683568520\n|-end|p2b: Great Tusk|Protosynthesis|[silent]\n|switch|p2b: Rotom|Rotom-Fan, L50|100\/100\n|move|p1b: Iron Moth|Protect|p1b: Iron Moth\n|-singleturn|p1b: Iron Moth|Protect\n|move|p2a: Drifblim|Acrobatics|p1b: Iron Moth\n|-activate|p1b: Iron Moth|move: Protect\n|move|p1a: Ting-Lu|Ruination|p2b: Rotom\n|-damage|p2b: Rotom|50\/100\n|-enditem|p2b: Rotom|Sitrus Berry|[eat]\n|-heal|p2b: Rotom|75\/100|[from] item: Sitrus Berry\n|\n|upkeep\n|turn|4\n|\n|t:|1683568538\n|move|p2a: Drifblim|Acrobatics|p1b: Iron Moth\n|-damage|p1b: Iron Moth|0 fnt\n|faint|p1b: Iron Moth\n|-end|p1b: Iron Moth|Quark Drive|[silent]\n|move|p2b: Rotom|Volt Switch|p1a: Ting-Lu\n|-immune|p1a: Ting-Lu\n|move|p1a: Ting-Lu|Ruination|p2b: Rotom\n|-damage|p2b: Rotom|38\/100\n|\n|-sideend|p2: Leafeonlou12|move: Tailwind\n|upkeep\n|\n|t:|1683568548\n|switch|p1b: Tinkaton|Tinkaton, L50, F|100\/100\n|-ability|p1b: Tinkaton|Mold Breaker\n|turn|5\n|\n|t:|1683568558\n|move|p1b: Tinkaton|Fake Out|p2b: Rotom\n|-hint|Psychic Terrain doesn't affect Pok\u00e9mon immune to Ground.\n|-damage|p2b: Rotom|30\/100\n|move|p2a: Drifblim|Tailwind|p2a: Drifblim\n|-sidestart|p2: Leafeonlou12|move: Tailwind\n|cant|p2b: Rotom|flinch\n|move|p1a: Ting-Lu|Ruination|p2a: Drifblim\n|-damage|p2a: Drifblim|37\/100\n|\n|-fieldend|move: Psychic Terrain\n|upkeep\n|turn|6\n|\n|t:|1683568572\n|move|p2a: Drifblim|Acrobatics|p1a: Ting-Lu\n|-damage|p1a: Ting-Lu|62\/100\n|move|p2b: Rotom|Volt Switch|p1b: Tinkaton\n|-damage|p1b: Tinkaton|75\/100\n|\n|t:|1683568578\n|switch|p2b: Great Tusk|Great Tusk, L50|97\/100|[from] Volt Switch\n|move|p1b: Tinkaton|Foul Play|p2a: Drifblim\n|-supereffective|p2a: Drifblim\n|-damage|p2a: Drifblim|0 fnt\n|faint|p2a: Drifblim\n|move|p1a: Ting-Lu|Snarl|p2b: Great Tusk\n|-resisted|p2b: Great Tusk\n|-damage|p2b: Great Tusk|92\/100\n|-unboost|p2b: Great Tusk|spa|1\n|\n|upkeep\n|\n|t:|1683568581\n|switch|p2a: Indeedee|Indeedee, L50, M, tera:Fairy|95\/100\n|-fieldstart|move: Psychic Terrain|[from] ability: Psychic Surge|[of] p2a: Indeedee\n|turn|7\n|\n|t:|1683568594\n|-terastallize|p1b: Tinkaton|Water\n|move|p2a: Indeedee|Trick|p1a: Ting-Lu\n|-activate|p2a: Indeedee|move: Trick|[of] p1a: Ting-Lu\n|-item|p1a: Ting-Lu|Choice Scarf|[from] move: Trick\n|-item|p2a: Indeedee|Assault Vest|[from] move: Trick\n|move|p2b: Great Tusk|Earthquake|p1b: Tinkaton|[spread] p2a,p1a,p1b\n|-damage|p2a: Indeedee|6\/100\n|-damage|p1a: Ting-Lu|39\/100\n|-damage|p1b: Tinkaton|30\/100\n|move|p1b: Tinkaton|Gigaton Hammer|p2b: Great Tusk\n|-damage|p2b: Great Tusk|63\/100\n|move|p1a: Ting-Lu|Snarl|p2a: Indeedee|[spread] p2b\n|-miss|p1a: Ting-Lu|p2a: Indeedee\n|-resisted|p2b: Great Tusk\n|-damage|p2b: Great Tusk|59\/100\n|-unboost|p2b: Great Tusk|spa|1\n|\n|upkeep\n|turn|8\n|\n|t:|1683568612\n|move|p2a: Indeedee|Psychic|p1b: Tinkaton\n|-damage|p1b: Tinkaton|0 fnt\n|faint|p1b: Tinkaton\n|move|p2b: Great Tusk|Close Combat|p1a: Ting-Lu\n|-supereffective|p1a: Ting-Lu\n|-damage|p1a: Ting-Lu|0 fnt\n|-unboost|p2b: Great Tusk|def|1\n|-unboost|p2b: Great Tusk|spd|1\n|faint|p1a: Ting-Lu\n|\n|-sideend|p2: Leafeonlou12|move: Tailwind\n|upkeep\n|\n|t:|1683568623\n|switch|p1b: Roaring Moon|Roaring Moon, L50|100\/100\n|turn|9\n|\n|t:|1683568628\n|-end|p2b: Great Tusk|Protosynthesis|[silent]\n|switch|p2b: Rotom|Rotom-Fan, L50|30\/100\n|move|p1b: Roaring Moon|Protect|p1b: Roaring Moon\n|-singleturn|p1b: Roaring Moon|Protect\n|move|p2a: Indeedee|Dazzling Gleam|p1b: Roaring Moon\n|-activate|p1b: Roaring Moon|move: Protect\n|\n|upkeep\n|turn|10\n|\n|t:|1683568637\n|move|p1b: Roaring Moon|Acrobatics|p2a: Indeedee\n|-damage|p2a: Indeedee|0 fnt\n|faint|p2a: Indeedee\n|move|p2b: Rotom|Discharge|p1b: Roaring Moon\n|-resisted|p1b: Roaring Moon\n|-crit|p1b: Roaring Moon\n|-damage|p1b: Roaring Moon|71\/100\n|-status|p1b: Roaring Moon|par\n|\n|upkeep\n|\n|t:|1683568645\n|switch|p2a: Great Tusk|Great Tusk, L50|59\/100\n|turn|11\n|\n|t:|1683568649\n|move|p2b: Rotom|Air Slash|p1b: Roaring Moon\n|-damage|p1b: Roaring Moon|36\/100 par\n|move|p2a: Great Tusk|Close Combat|p1b: Roaring Moon\n|-supereffective|p1b: Roaring Moon\n|-damage|p1b: Roaring Moon|0 fnt\n|-unboost|p2a: Great Tusk|def|1\n|-unboost|p2a: Great Tusk|spd|1\n|faint|p1b: Roaring Moon\n|-end|p1b: Roaring Moon|Protosynthesis|[silent]\n|\n|win|Leafeonlou12\n|raw|ClessCL's rating: 1508 → 1487<\/strong> (-21 for losing)\n|raw|Leafeonlou12's rating: 1488 → 1509<\/strong> (+21 for winning)\n|l|\u2606ClessCL\n","uploadtime":1683568658,"views":15,"p1id":"clesscl","p2id":"leafeonlou12","formatid":"gen9vgc2023regulationc","rating":1487,"private":0,"password":""}