{"id":"gen9vgc2023regulationc-1861510783","p1":"idolhunter28273","p2":"tokidokidoki","format":"[Gen 9] VGC 2023 Regulation C","log":"|j|\u2606idolhunter28273\n|j|\u2606tokidokidoki\n|t:|1683766856\n|gametype|doubles\n|player|p1|idolhunter28273|101|\n|player|p2|tokidokidoki|2|\n|teamsize|p1|6\n|teamsize|p2|6\n|gen|9\n|tier|[Gen 9] VGC 2023 Regulation C\n|rule|Species Clause: Limit one of each Pok\u00e9mon\n|rule|Item Clause: Limit one of each item\n|clearpoke\n|poke|p1|Murkrow, L50, M|\n|poke|p1|Flutter Mane, L50|\n|poke|p1|Great Tusk, L50|\n|poke|p1|Chi-Yu, L50|\n|poke|p1|Gyarados, L50, F|\n|poke|p1|Brute Bonnet, L50|\n|poke|p2|Baxcalibur, L50, F|\n|poke|p2|Chi-Yu, L50|\n|poke|p2|Ting-Lu, L50|\n|poke|p2|Flutter Mane, L50|\n|poke|p2|Gyarados, L50, F|\n|poke|p2|Amoonguss, L50, F|\n|teampreview|4\nidolhunter28273 has agreed to open team sheets.\n|j| danthem\ntokidokidoki has agreed to open team sheets.\n|j| DankestDad\n|j| lobstersauce27\n|l|\u2606idolhunter28273\n|player|p1|\n|j|\u2606idolhunter28273\n|player|p1|idolhunter28273|101\n|c|\u2606idolhunter28273|lol got DCd\n|l| DankestDad\n|j| DankestDad\n|l| DankestDad\n|j| DankestDad\n|l| DankestDad\n|j| DankestDad\n|\n|t:|1683767194\n|start\n|switch|p1a: Murkrow|Murkrow, L50, M|100\/100\n|switch|p1b: Great Tusk|Great Tusk, L50|100\/100\n|switch|p2a: Chi-Yu|Chi-Yu, L50|100\/100\n|switch|p2b: Gyarados|Gyarados, L50, F|100\/100\n|-ability|p2a: Chi-Yu|Beads of Ruin\n|-ability|p2b: Gyarados|Intimidate|boost\n|-unboost|p1a: Murkrow|atk|1\n|-unboost|p1b: Great Tusk|atk|1\n|turn|1\n|\n|t:|1683767397\n|-terastallize|p2a: Chi-Yu|Ghost\n|move|p2b: Gyarados|Helping Hand|p2a: Chi-Yu\n|-singleturn|p2a: Chi-Yu|Helping Hand|[of] p2b: Gyarados\n|move|p1a: Murkrow|Tailwind|p1a: Murkrow\n|-sidestart|p1: idolhunter28273|move: Tailwind\n|move|p1b: Great Tusk|Rock Slide|p2a: Chi-Yu|[spread] p2a,p2b\n|-supereffective|p2b: Gyarados\n|-damage|p2a: Chi-Yu|81\/100\n|-damage|p2b: Gyarados|72\/100\n|cant|p2a: Chi-Yu|flinch\n|\n|upkeep\n|turn|2\n|\n|t:|1683767479\n|move|p2b: Gyarados|Helping Hand|p2a: Chi-Yu\n|-singleturn|p2a: Chi-Yu|Helping Hand|[of] p2b: Gyarados\n|move|p1b: Great Tusk|Rock Slide|p2b: Gyarados|[spread] p2a,p2b\n|-supereffective|p2b: Gyarados\n|-damage|p2a: Chi-Yu|63\/100\n|-damage|p2b: Gyarados|45\/100\n|move|p1a: Murkrow|Foul Play|p2a: Chi-Yu\n|-supereffective|p2a: Chi-Yu\n|-damage|p2a: Chi-Yu|10\/100\n|cant|p2a: Chi-Yu|flinch\n|\n|upkeep\n|turn|3\n|c|\u2606tokidokidoki|lmao\n|c|\u2606idolhunter28273|lmao\n|c|\u2606idolhunter28273|where there's a rock slide there's a way\n|\n|t:|1683767558\n|move|p1b: Great Tusk|Rock Slide|p2b: Gyarados|[spread] p2a,p2b\n|-supereffective|p2b: Gyarados\n|-damage|p2a: Chi-Yu|0 fnt\n|-damage|p2b: Gyarados|18\/100\n|faint|p2a: Chi-Yu\n|move|p1a: Murkrow|Foul Play|p2b: Gyarados\n|-damage|p2b: Gyarados|0 fnt\n|faint|p2b: Gyarados\n|\n|upkeep\n|\n|t:|1683767567\n|switch|p2a: Baxcalibur|Baxcalibur, L50, F|100\/100\n|switch|p2b: Flutter Mane|Flutter Mane, L50|100\/100\n|-enditem|p2b: Flutter Mane|Booster Energy\n|-activate|p2b: Flutter Mane|ability: Protosynthesis|[fromitem]\n|-start|p2b: Flutter Mane|protosynthesisspe\n|turn|4\n|\n|t:|1683767618\n|move|p2b: Flutter Mane|Protect|p2b: Flutter Mane\n|-singleturn|p2b: Flutter Mane|Protect\n|move|p2a: Baxcalibur|Protect|p2a: Baxcalibur\n|-singleturn|p2a: Baxcalibur|Protect\n|move|p1a: Murkrow|Haze|p1a: Murkrow\n|-clearallboost\n|move|p1b: Great Tusk|Rock Slide|p2a: Baxcalibur|[spread] \n|-activate|p2a: Baxcalibur|move: Protect\n|-activate|p2b: Flutter Mane|move: Protect\n|\n|-sideend|p1: idolhunter28273|move: Tailwind\n|upkeep\n|turn|5\n|\n|t:|1683767707\n|move|p1a: Murkrow|Tailwind|p1a: Murkrow\n|-sidestart|p1: idolhunter28273|move: Tailwind\n|move|p1b: Great Tusk|Rock Slide|p2b: Flutter Mane|[spread] p2a,p2b\n|-supereffective|p2a: Baxcalibur\n|-damage|p2a: Baxcalibur|63\/100\n|-damage|p2b: Flutter Mane|68\/100\n|move|p2b: Flutter Mane|Moonblast|p1b: Great Tusk\n|-supereffective|p1b: Great Tusk\n|-damage|p1b: Great Tusk|0 fnt\n|faint|p1b: Great Tusk\n|-end|p1b: Great Tusk|Protosynthesis|[silent]\n|move|p2a: Baxcalibur|Icicle Spear|p1a: Murkrow\n|-supereffective|p1a: Murkrow\n|-damage|p1a: Murkrow|71\/100\n|-supereffective|p1a: Murkrow\n|-damage|p1a: Murkrow|38\/100\n|-supereffective|p1a: Murkrow\n|-damage|p1a: Murkrow|6\/100\n|-supereffective|p1a: Murkrow\n|-damage|p1a: Murkrow|0 fnt\n|faint|p1a: Murkrow\n|-hitcount|p1: Murkrow|4\n|\n|upkeep\n|\n|t:|1683767721\n|switch|p1b: Gyarados|Gyarados, L50, F|100\/100\n|switch|p1a: Flutter Mane|Flutter Mane, L50|100\/100\n|-ability|p1b: Gyarados|Intimidate|boost\n|-unboost|p2a: Baxcalibur|atk|1\n|-unboost|p2b: Flutter Mane|atk|1\n|turn|6\n|c|\u2606tokidokidoki|haze away our intimidate please\n|c|\u2606idolhunter28273|cant anymore\n|c|\u2606tokidokidoki|>:(\n|\n|t:|1683767827\n|-terastallize|p1a: Flutter Mane|Fairy\n|move|p1a: Flutter Mane|Dazzling Gleam|p2a: Baxcalibur|[spread] p2a,p2b\n|-supereffective|p2a: Baxcalibur\n|-damage|p2a: Baxcalibur|0 fnt\n|-damage|p2b: Flutter Mane|10\/100\n|faint|p2a: Baxcalibur\n|move|p2b: Flutter Mane|Shadow Ball|p1a: Flutter Mane\n|-damage|p1a: Flutter Mane|65\/100\n|move|p1b: Gyarados|Waterfall|p2b: Flutter Mane\n|-damage|p2b: Flutter Mane|0 fnt\n|faint|p2b: Flutter Mane\n|-end|p2b: Flutter Mane|Protosynthesis|[silent]\n|\n|win|idolhunter28273\n|c|\u2606idolhunter28273|gg\n|l|\u2606idolhunter28273\n|c| danthem|gg\n|l| DankestDad\n","uploadtime":1683768891,"views":18,"p1id":"idolhunter28273","p2id":"tokidokidoki","formatid":"gen9vgc2023regulationc","rating":0,"private":0,"password":""}