{"id":"gen9vgc2023regulationc-1847909805","p1":"Uahhhh","p2":"N8zaGr8","format":"[Gen 9] VGC 2023 Regulation C","log":"|j|\u2606Uahhhh\n|j|\u2606N8zaGr8\n|t:|1682011907\n|gametype|doubles\n|player|p1|Uahhhh|lady|\n|player|p2|N8zaGr8|cynthia-gen4|\n|teamsize|p1|6\n|teamsize|p2|6\n|gen|9\n|tier|[Gen 9] VGC 2023 Regulation C\n|rated|Tournament battle\n|rule|Species Clause: Limit one of each Pok\u00e9mon\n|rule|Item Clause: Limit one of each item\n|clearpoke\n|poke|p1|Chi-Yu, L50|\n|poke|p1|Iron Bundle, L50|\n|poke|p1|Murkrow, L50, M|\n|poke|p1|Abomasnow, L50, F|\n|poke|p1|Gholdengo, L50|\n|poke|p1|Great Tusk, L50|\n|poke|p2|Ting-Lu, L50|\n|poke|p2|Amoonguss, L50, F|\n|poke|p2|Bronzong, L50|\n|poke|p2|Staraptor, L50, M|\n|poke|p2|Ceruledge, L50, M|\n|poke|p2|Iron Bundle, L50|\n|teampreview|4\n|raw| Open Team Sheet for Uahhhh<\/summary>Liyuu (Chi-Yu) @ Choice Specs Ability: Beads of Ruin Level: 50 Tera Type: Ghost - Heat Wave - Overheat - Dark Pulse - Psychic \u5305\u88b1\u5305\u88b1 (Iron Bundle) @ Booster Energy Ability: Quark Drive Level: 50 Tera Type: Ice - Freeze-Dry - Blizzard - Icy Wind - Protect Murkrow @ Eviolite Ability: Prankster Level: 50 Tera Type: Ghost - Foul Play - Tailwind - Haze - Sunny Day Abomasnow (F) @ Light Clay Ability: Snow Warning Level: 50 Shiny: Yes Tera Type: Rock - Blizzard - Energy Ball - Tera Blast - Aurora Veil Gholdengo @ Sitrus Berry Ability: Good as Gold Level: 50 Tera Type: Water - Make It Rain - Shadow Ball - Nasty Plot - Protect Great Tusk @ Choice Scarf Ability: Protosynthesis Level: 50 Hidden Power: Fighting Tera Type: Fire - Earthquake - Headlong Rush - Close Combat - Protect <\/details><\/div> Open Team Sheet for N8zaGr8<\/summary>Father Help (Ting-Lu) @ Assault Vest Ability: Vessel of Ruin Level: 50 Tera Type: Poison - Earthquake - Ruination - Heavy Slam - Rock Tomb Friend (Amoonguss) @ Leftovers Ability: Regenerator Level: 50 Tera Type: Water - Spore - Pollen Puff - Rage Powder - Protect dong (Bronzong) @ Safety Goggles Ability: Levitate Level: 50 Tera Type: Water - Body Press - Heavy Slam - Iron Defense - Trick Room GO BIRD (Staraptor) @ Choice Scarf Ability: Reckless Level: 50 Tera Type: Flying - Brave Bird - Close Combat - U-turn - Final Gambit Ceruledge @ Clear Amulet Ability: Flash Fire Level: 50 Tera Type: Grass - Bitter Blade - Shadow Sneak - Bulk Up - Protect Iron Bundle @ Booster Energy Ability: Quark Drive Level: 50 Tera Type: Ice - Freeze-Dry - Hydro Pump - Taunt - Protect <\/details><\/div>\n|j| GlueEaterVGC\n|j| Radio Free C-Side\n|j| sadgirl23\n|l| Radio Free C-Side\n|\n|t:|1682011979\n|start\n|switch|p1a: Gholdengo|Gholdengo, L50|100\/100\n|switch|p1b: Liyuu|Chi-Yu, L50|100\/100\n|switch|p2a: dong|Bronzong, L50|100\/100\n|switch|p2b: Friend|Amoonguss, L50, F|100\/100\n|-ability|p1b: Liyuu|Beads of Ruin\n|turn|1\n|j|%Borghi\n|j| chicagolocaltop16\n|j| Cakestering\n|\n|t:|1682012022\n|switch|p2b: Father Help|Ting-Lu, L50|100\/100\n|-ability|p2b: Father Help|Vessel of Ruin\n|-terastallize|p2a: dong|Water\n|move|p1b: Liyuu|Overheat|p2a: dong\n|-resisted|p2a: dong\n|-damage|p2a: dong|59\/100\n|-unboost|p1b: Liyuu|spa|2\n|move|p1a: Gholdengo|Shadow Ball|p2a: dong\n|-damage|p2a: dong|28\/100\n|move|p2a: dong|Trick Room|p2a: dong\n|-fieldstart|move: Trick Room|[of] p2a: dong\n|\n|upkeep\n|turn|2\n|\n|t:|1682012064\n|switch|p1b: Great Tusk|Great Tusk, L50|100\/100\n|-terastallize|p1a: Gholdengo|Water\n|move|p2a: dong|Body Press|p1b: Great Tusk\n|-damage|p1b: Great Tusk|83\/100\n|move|p2b: Father Help|Earthquake|p1a: Gholdengo|[spread] p1a,p1b\n|-immune|p2a: dong|[from] ability: Levitate\n|-damage|p1a: Gholdengo|64\/100\n|-damage|p1b: Great Tusk|57\/100\n|move|p1a: Gholdengo|Nasty Plot|p1a: Gholdengo\n|-boost|p1a: Gholdengo|spa|2\n|\n|upkeep\n|turn|3\n|\n|t:|1682012090\n|move|p2a: dong|Body Press|p1b: Great Tusk\n|-damage|p1b: Great Tusk|40\/100\n|move|p2b: Father Help|Earthquake|p1b: Great Tusk|[spread] p1a,p1b\n|-immune|p2a: dong|[from] ability: Levitate\n|-damage|p1a: Gholdengo|30\/100\n|-damage|p1b: Great Tusk|11\/100\n|-enditem|p1a: Gholdengo|Sitrus Berry|[eat]\n|-heal|p1a: Gholdengo|55\/100|[from] item: Sitrus Berry\n|move|p1a: Gholdengo|Shadow Ball|p2a: dong\n|-damage|p2a: dong|0 fnt\n|faint|p2a: dong\n|move|p1b: Great Tusk|Close Combat|p2b: Father Help\n|-supereffective|p2b: Father Help\n|-damage|p2b: Father Help|15\/100\n|-unboost|p1b: Great Tusk|def|1\n|-unboost|p1b: Great Tusk|spd|1\n|\n|upkeep\n|\n|t:|1682012115\n|switch|p2a: Friend|Amoonguss, L50, F|100\/100\n|turn|4\n|\n|t:|1682012124\n|move|p1a: Gholdengo|Protect|p1a: Gholdengo\n|-singleturn|p1a: Gholdengo|Protect\n|move|p2a: Friend|Pollen Puff|p2b: Father Help\n|-heal|p2b: Father Help|65\/100\n|move|p2b: Father Help|Earthquake|p1b: Great Tusk|[spread] p2a,p1b\n|-activate|p1a: Gholdengo|move: Protect\n|-damage|p2a: Friend|74\/100\n|-damage|p1b: Great Tusk|0 fnt\n|faint|p1b: Great Tusk\n|-end|p1b: Great Tusk|Protosynthesis|[silent]\n|\n|-heal|p2a: Friend|80\/100|[from] item: Leftovers\n|upkeep\n|\n|t:|1682012138\n|switch|p1b: \u5305\u88b1\u5305\u88b1|Iron Bundle, L50|100\/100\n|-enditem|p1b: \u5305\u88b1\u5305\u88b1|Booster Energy\n|-activate|p1b: \u5305\u88b1\u5305\u88b1|ability: Quark Drive|[fromitem]\n|-start|p1b: \u5305\u88b1\u5305\u88b1|quarkdrivespe\n|turn|5\n|\n|t:|1682012164\n|move|p1b: \u5305\u88b1\u5305\u88b1|Protect|p1b: \u5305\u88b1\u5305\u88b1\n|-singleturn|p1b: \u5305\u88b1\u5305\u88b1|Protect\n|move|p2a: Friend|Pollen Puff|p2b: Father Help\n|-heal|p2b: Father Help|100\/100\n|move|p2b: Father Help|Ruination|p1a: Gholdengo\n|-damage|p1a: Gholdengo|28\/100\n|move|p1a: Gholdengo|Make It Rain|p2b: Father Help|[spread] p2a,p2b\n|-crit|p2a: Friend\n|-damage|p2a: Friend|0 fnt\n|-damage|p2b: Father Help|64\/100\n|-unboost|p1a: Gholdengo|spa|1\n|faint|p2a: Friend\n|\n|-fieldend|move: Trick Room\n|upkeep\n|\n|t:|1682012176\n|switch|p2a: Ceruledge|Ceruledge, L50, M|100\/100\n|turn|6\n|j|%Aldrich\n|j| Dat guy In black\n|\n|t:|1682012229\n|switch|p1a: Liyuu|Chi-Yu, L50|100\/100\n|-ability|p1a: Liyuu|Beads of Ruin\n|move|p1b: \u5305\u88b1\u5305\u88b1|Freeze-Dry|p2b: Father Help\n|-supereffective|p2b: Father Help\n|-damage|p2b: Father Help|29\/100\n|move|p2a: Ceruledge|Bitter Blade|p1b: \u5305\u88b1\u5305\u88b1\n|-damage|p1b: \u5305\u88b1\u5305\u88b1|35\/100\n|move|p2b: Father Help|Rock Tomb|p1b: \u5305\u88b1\u5305\u88b1\n|-supereffective|p1b: \u5305\u88b1\u5305\u88b1\n|-damage|p1b: \u5305\u88b1\u5305\u88b1|0 fnt\n|faint|p1b: \u5305\u88b1\u5305\u88b1\n|-end|p1b: \u5305\u88b1\u5305\u88b1|Quark Drive|[silent]\n|\n|upkeep\n|j| AlmostAPear9\n|\n|t:|1682012241\n|switch|p1b: Gholdengo|Gholdengo, L50, tera:Water|28\/100\n|turn|7\n|l| Dat guy In black\n|l| AlmostAPear9\n|\n|t:|1682012285\n|move|p2a: Ceruledge|Shadow Sneak|p1b: Gholdengo\n|-damage|p1b: Gholdengo|4\/100\n|move|p1a: Liyuu|Dark Pulse|p2a: Ceruledge\n|-supereffective|p2a: Ceruledge\n|-damage|p2a: Ceruledge|0 fnt\n|faint|p2a: Ceruledge\n|move|p1b: Gholdengo|Make It Rain|p2b: Father Help\n|-damage|p2b: Father Help|0 fnt\n|-unboost|p1b: Gholdengo|spa|1\n|faint|p2b: Father Help\n|\n|win|Uahhhh\n|n|\u2606Uahhhh|uahhhh\n|n|\u2606N8zaGr8|n8zagr8\n|n| GlueEaterVGC|glueeatervgc\n|n| sadgirl23|sadgirl23\n|n| Borghi|borghi\n|n| chicagolocaltop16|chicagolocaltop16\n|n| Cakestering|cakestering\n|n| Aldrich|aldrich\n","uploadtime":1682012287,"views":12,"p1id":"uahhhh","p2id":"n8zagr8","formatid":"gen9vgc2023regulationc","rating":0,"private":0,"password":""}