{"id":"gen9vgc2023regulationc-1851610217","p1":"Gimmick Trials","p2":"ZBFusion","format":"[Gen 9] VGC 2023 Regulation C","log":"|j|\u2606Gimmick Trials\n|j|\u2606ZBFusion\n|t:|1682460923\n|gametype|doubles\n|player|p1|Gimmick Trials|rosa|1199\n|player|p2|ZBFusion|cynthia-gen4|1265\n|teamsize|p1|6\n|teamsize|p2|6\n|gen|9\n|tier|[Gen 9] VGC 2023 Regulation C\n|rated|\n|rule|Species Clause: Limit one of each Pok\u00e9mon\n|rule|Item Clause: Limit one of each item\n|clearpoke\n|poke|p1|Indeedee-F, L50, F|\n|poke|p1|Armarouge, L50, M|\n|poke|p1|Iron Hands, L50|\n|poke|p1|Torkoal, L50, M|\n|poke|p1|Dragonite, L50, F|\n|poke|p1|Brute Bonnet, L50|\n|poke|p2|Garchomp, L50, M|\n|poke|p2|Scizor, L50, F|\n|poke|p2|Gyarados, L50, F|\n|poke|p2|Ceruledge, L50, F|\n|poke|p2|Iron Valiant, L50|\n|poke|p2|Glimmora, L50, F|\n|teampreview|4\n|\n|t:|1682460959\n|start\n|switch|p1a: Indeedee|Indeedee-F, L50, F|100\/100\n|switch|p1b: Armarouge|Armarouge, L50, M|100\/100\n|switch|p2a: Scizor|Scizor, L50, F|100\/100\n|switch|p2b: Garchomp|Garchomp, L50, M|100\/100\n|-fieldstart|move: Psychic Terrain|[from] ability: Psychic Surge|[of] p1a: Indeedee\n|turn|1\n|\n|t:|1682460981\n|move|p1b: Armarouge|Wide Guard|p1b: Armarouge\n|-singleturn|p1b: Armarouge|Wide Guard\n|move|p2b: Garchomp|Stomping Tantrum|p1b: Armarouge\n|-supereffective|p1b: Armarouge\n|-damage|p1b: Armarouge|29\/100\n|move|p2a: Scizor|U-turn|p1b: Armarouge\n|-damage|p1b: Armarouge|0 fnt\n|faint|p1b: Armarouge\n|\n|t:|1682460989\n|switch|p2a: Glimmora|Glimmora, L50, F|100\/100|[from] U-turn\n|move|p1a: Indeedee|Trick Room|p1a: Indeedee\n|-fieldstart|move: Trick Room|[of] p1a: Indeedee\n|\n|upkeep\n|\n|t:|1682460995\n|switch|p1b: Iron Hands|Iron Hands, L50|100\/100\n|turn|2\n|\n|t:|1682461006\n|switch|p2b: Scizor|Scizor, L50, F|100\/100\n|-terastallize|p2a: Glimmora|Grass\n|move|p1b: Iron Hands|Ice Punch|p2b: Scizor\n|-resisted|p2b: Scizor\n|-damage|p2b: Scizor|86\/100\n|-status|p2b: Scizor|frz\n|move|p1a: Indeedee|Psychic|p2a: Glimmora\n|-damage|p2a: Glimmora|64\/100\n|move|p2a: Glimmora|Mortal Spin|p1b: Iron Hands|[spread] p1a,p1b\n|-damage|p1a: Indeedee|95\/100\n|-damage|p1b: Iron Hands|97\/100\n|-status|p1a: Indeedee|psn\n|-status|p1b: Iron Hands|psn\n|-enditem|p1a: Indeedee|Red Card|[of] p2a: Glimmora\n|drag|p2a: Garchomp|Garchomp, L50, M|100\/100\n|\n|-damage|p1b: Iron Hands|84\/100 psn|[from] psn\n|-damage|p1a: Indeedee|83\/100 psn|[from] psn\n|upkeep\n|turn|3\n|\n|t:|1682461048\n|switch|p2a: Glimmora|Glimmora, L50, F, tera:Grass|64\/100\n|move|p1a: Indeedee|Helping Hand|p1b: Iron Hands\n|-singleturn|p1b: Iron Hands|Helping Hand|[of] p1a: Indeedee\n|move|p1b: Iron Hands|Ice Punch|p2a: Glimmora\n|-supereffective|p2a: Glimmora\n|-damage|p2a: Glimmora|0 fnt\n|-activate|p2a: Glimmora|ability: Toxic Debris\n|-sidestart|p1: Gimmick Trials|move: Toxic Spikes\n|faint|p2a: Glimmora\n|cant|p2b: Scizor|frz\n|\n|-damage|p1b: Iron Hands|72\/100 psn|[from] psn\n|-damage|p1a: Indeedee|71\/100 psn|[from] psn\n|upkeep\n|\n|t:|1682461059\n|switch|p2a: Iron Valiant|Iron Valiant, L50|100\/100\n|-enditem|p2a: Iron Valiant|Booster Energy\n|-activate|p2a: Iron Valiant|ability: Quark Drive|[fromitem]\n|-start|p2a: Iron Valiant|quarkdrivespe\n|turn|4\n|\n|t:|1682461090\n|move|p1a: Indeedee|Follow Me|p1a: Indeedee\n|-singleturn|p1a: Indeedee|move: Follow Me\n|move|p1b: Iron Hands|Wild Charge|p2a: Iron Valiant\n|-damage|p2a: Iron Valiant|42\/100\n|-damage|p1b: Iron Hands|61\/100 psn|[from] Recoil\n|cant|p2b: Scizor|frz\n|move|p2a: Iron Valiant|Moonblast|p1a: Indeedee\n|-damage|p1a: Indeedee|38\/100 psn\n|\n|-damage|p1b: Iron Hands|49\/100 psn|[from] psn\n|-damage|p1a: Indeedee|25\/100 psn|[from] psn\n|upkeep\n|turn|5\n|\n|t:|1682461116\n|move|p1a: Indeedee|Follow Me|p1a: Indeedee\n|-singleturn|p1a: Indeedee|move: Follow Me\n|move|p1b: Iron Hands|Wild Charge|p2a: Iron Valiant\n|-damage|p2a: Iron Valiant|0 fnt\n|faint|p2a: Iron Valiant\n|-end|p2a: Iron Valiant|Quark Drive|[silent]\n|-damage|p1b: Iron Hands|40\/100 psn|[from] Recoil\n|cant|p2b: Scizor|frz\n|\n|-damage|p1b: Iron Hands|28\/100 psn|[from] psn\n|-damage|p1a: Indeedee|13\/100 psn|[from] psn\n|-fieldend|move: Trick Room\n|-fieldend|move: Psychic Terrain\n|upkeep\n|\n|t:|1682461120\n|switch|p2a: Garchomp|Garchomp, L50, M|100\/100\n|turn|6\n|\n|t:|1682461141\n|move|p1a: Indeedee|Follow Me|p1a: Indeedee\n|-singleturn|p1a: Indeedee|move: Follow Me\n|move|p2a: Garchomp|Dragon Claw|p1a: Indeedee\n|-crit|p1a: Indeedee\n|-damage|p1a: Indeedee|0 fnt\n|faint|p1a: Indeedee\n|cant|p2b: Scizor|frz\n|move|p1b: Iron Hands|Ice Punch|p2a: Garchomp\n|-supereffective|p2a: Garchomp\n|-damage|p2a: Garchomp|0 fnt\n|faint|p2a: Garchomp\n|\n|-damage|p1b: Iron Hands|16\/100 psn|[from] psn\n|upkeep\n|\n|t:|1682461148\n|switch|p1a: Dragonite|Dragonite, L50, F|100\/100\n|turn|7\n|\n|t:|1682461158\n|-terastallize|p1a: Dragonite|Flying\n|cant|p2b: Scizor|frz\n|move|p1a: Dragonite|Tera Blast|p2b: Scizor\n|-crit|p2b: Scizor\n|-damage|p2b: Scizor|0 fnt\n|faint|p2b: Scizor\n|\n|win|Gimmick Trials\n|raw|Gimmick Trials's rating: 1199 → 1229<\/strong> (+30 for winning)\n|raw|ZBFusion's rating: 1265 → 1235<\/strong> (-30 for losing)\n","uploadtime":1682461169,"views":13,"p1id":"gimmicktrials","p2id":"zbfusion","formatid":"gen9vgc2023regulationc","rating":1229,"private":0,"password":""}