{"id":"gen9vgc2023regulationc-1860890134","p1":"Vilchez117","p2":"Mait27","format":"[Gen 9] VGC 2023 Regulation C","log":"|j|\u2606Vilchez117\n|j|\u2606Mait27\n|t:|1683691112\n|gametype|doubles\n|player|p1|Vilchez117|101|1174\n|player|p2|Mait27|170|1158\n|teamsize|p1|6\n|teamsize|p2|6\n|gen|9\n|tier|[Gen 9] VGC 2023 Regulation C\n|rated|\n|rule|Species Clause: Limit one of each Pok\u00e9mon\n|rule|Item Clause: Limit one of each item\n|clearpoke\n|poke|p1|Tyranitar, L50, M|\n|poke|p1|Hariyama, L50, M|\n|poke|p1|Kingambit, L50, F|\n|poke|p1|Sylveon, L50, F|\n|poke|p1|Baxcalibur, L50, M|\n|poke|p1|Grimmsnarl, L50, M|\n|poke|p2|Klawf, L50, F|\n|poke|p2|Arcanine, L50, M|\n|poke|p2|Wo-Chien, L50|\n|poke|p2|Iron Bundle, L50|\n|poke|p2|Garganacl, L50, F|\n|poke|p2|Gholdengo, L50|\n|teampreview|4\n|\n|t:|1683691145\n|start\n|switch|p1a: Sylveon|Sylveon, L50, F|100\/100\n|switch|p1b: Grimmsnarl|Grimmsnarl, L50, M|100\/100\n|switch|p2a: Arcanine|Arcanine, L50, M|100\/100\n|switch|p2b: Klawf|Klawf, L50, F|100\/100\n|-ability|p2a: Arcanine|Intimidate|boost\n|-unboost|p1a: Sylveon|atk|1\n|-unboost|p1b: Grimmsnarl|atk|1\n|turn|1\n|\n|t:|1683691171\n|-terastallize|p1a: Sylveon|Fairy\n|move|p1b: Grimmsnarl|Reflect|p1b: Grimmsnarl\n|-sidestart|p1: Vilchez117|Reflect\n|move|p2b: Klawf|Swords Dance|p2b: Klawf\n|-boost|p2b: Klawf|atk|2\n|move|p2a: Arcanine|Flare Blitz|p1a: Sylveon\n|-damage|p1a: Sylveon|49\/100\n|-enditem|p1a: Sylveon|Sitrus Berry|[eat]\n|-heal|p1a: Sylveon|74\/100|[from] item: Sitrus Berry\n|-damage|p2a: Arcanine|83\/100|[from] Recoil\n|move|p1a: Sylveon|Hyper Voice|p2a: Arcanine|[spread] p2a,p2b\n|-resisted|p2a: Arcanine\n|-damage|p2a: Arcanine|55\/100\n|-enditem|p2b: Klawf|Focus Sash\n|-damage|p2b: Klawf|1\/100\n|-ability|p2b: Klawf|Anger Shell|boost\n|-boost|p2b: Klawf|atk|1\n|-boost|p2b: Klawf|spa|1\n|-boost|p2b: Klawf|spe|1\n|-unboost|p2b: Klawf|def|1\n|-unboost|p2b: Klawf|spd|1\n|\n|upkeep\n|turn|2\n|\n|t:|1683691199\n|switch|p1b: Tyranitar|Tyranitar, L50, M|100\/100\n|-weather|Sandstorm|[from] ability: Sand Stream|[of] p1b: Tyranitar\n|move|p2b: Klawf|Protect|p2b: Klawf\n|-singleturn|p2b: Klawf|Protect\n|move|p1a: Sylveon|Quick Attack|p2b: Klawf\n|-activate|p2b: Klawf|move: Protect\n|move|p2a: Arcanine|Flare Blitz|p1a: Sylveon\n|-damage|p1a: Sylveon|19\/100\n|-damage|p2a: Arcanine|37\/100|[from] Recoil\n|\n|-weather|Sandstorm|[upkeep]\n|-damage|p2a: Arcanine|31\/100|[from] Sandstorm\n|-damage|p1a: Sylveon|13\/100|[from] Sandstorm\n|upkeep\n|turn|3\n|\n|t:|1683691218\n|switch|p1b: Grimmsnarl|Grimmsnarl, L50, M|100\/100\n|move|p2a: Arcanine|Extreme Speed|p1a: Sylveon\n|-damage|p1a: Sylveon|0 fnt\n|faint|p1a: Sylveon\n|move|p2b: Klawf|Crabhammer|p1b: Grimmsnarl\n|-damage|p1b: Grimmsnarl|50\/100\n|\n|-weather|Sandstorm|[upkeep]\n|-damage|p2a: Arcanine|25\/100|[from] Sandstorm\n|-enditem|p2a: Arcanine|Figy Berry|[eat]\n|-heal|p2a: Arcanine|58\/100|[from] item: Figy Berry\n|upkeep\n|\n|t:|1683691245\n|switch|p1a: Kingambit|Kingambit, L50, F|100\/100\n|turn|4\n|\n|t:|1683691258\n|move|p2b: Klawf|Protect|p2b: Klawf\n|-singleturn|p2b: Klawf|Protect\n|move|p1b: Grimmsnarl|Misty Terrain|p1b: Grimmsnarl\n|-fieldstart|move: Misty Terrain\n|move|p1a: Kingambit|Sucker Punch||[still]\n|-fail|p1a: Kingambit\n|move|p2a: Arcanine|Will-O-Wisp|p1a: Kingambit\n|-activate|p1a: Kingambit|move: Misty Terrain\n|\n|-weather|Sandstorm|[upkeep]\n|-damage|p2a: Arcanine|52\/100|[from] Sandstorm\n|upkeep\n|turn|5\n|\n|t:|1683691286\n|move|p1a: Kingambit|Sucker Punch||[still]\n|-fail|p1a: Kingambit\n|move|p2b: Klawf|Swords Dance|p2b: Klawf\n|-boost|p2b: Klawf|atk|2\n|move|p2a: Arcanine|Flare Blitz|p1a: Kingambit\n|-supereffective|p1a: Kingambit\n|-damage|p1a: Kingambit|38\/100\n|-damage|p2a: Arcanine|30\/100|[from] Recoil\n|move|p1b: Grimmsnarl|False Surrender|p2a: Arcanine\n|-damage|p2a: Arcanine|0 fnt\n|faint|p2a: Arcanine\n|\n|-weather|Sandstorm|[upkeep]\n|-sideend|p1: Vilchez117|Reflect\n|upkeep\n|\n|t:|1683691306\n|switch|p2a: Garganacl|Garganacl, L50, F|100\/100\n|turn|6\n|\n|t:|1683691317\n|switch|p1a: Tyranitar|Tyranitar, L50, M|100\/100\n|move|p2b: Klawf|Protect|p2b: Klawf\n|-singleturn|p2b: Klawf|Protect\n|move|p1b: Grimmsnarl|Reflect|p1b: Grimmsnarl\n|-sidestart|p1: Vilchez117|Reflect\n|move|p2a: Garganacl|Salt Cure|p1a: Tyranitar\n|-damage|p1a: Tyranitar|93\/100\n|-start|p1a: Tyranitar|Salt Cure\n|\n|-weather|none\n|-damage|p1a: Tyranitar|81\/100|[from] Salt Cure\n|upkeep\n|turn|7\n|\n|t:|1683691340\n|-terastallize|p2b: Klawf|Water\n|move|p2b: Klawf|Crabhammer|p1a: Tyranitar\n|-supereffective|p1a: Tyranitar\n|-crit|p1a: Tyranitar\n|-damage|p1a: Tyranitar|0 fnt\n|faint|p1a: Tyranitar\n|move|p1b: Grimmsnarl|False Surrender|p2b: Klawf\n|-damage|p2b: Klawf|0 fnt\n|faint|p2b: Klawf\n|move|p2a: Garganacl|Salt Cure|p1b: Grimmsnarl\n|-damage|p1b: Grimmsnarl|40\/100\n|-start|p1b: Grimmsnarl|Salt Cure\n|\n|-damage|p1b: Grimmsnarl|28\/100|[from] Salt Cure\n|upkeep\n|\n|t:|1683691355\n|switch|p2b: Gholdengo|Gholdengo, L50|100\/100\n|switch|p1a: Kingambit|Kingambit, L50, F|38\/100\n|turn|8\n|\n|t:|1683691366\n|move|p2b: Gholdengo|Make It Rain|p1a: Kingambit|[spread] p1a,p1b\n|-resisted|p1a: Kingambit\n|-supereffective|p1b: Grimmsnarl\n|-damage|p1a: Kingambit|15\/100\n|-damage|p1b: Grimmsnarl|0 fnt\n|-unboost|p2b: Gholdengo|spa|1\n|faint|p1b: Grimmsnarl\n|move|p1a: Kingambit|Kowtow Cleave|p2b: Gholdengo\n|-supereffective|p2b: Gholdengo\n|-damage|p2b: Gholdengo|0 fnt\n|faint|p2b: Gholdengo\n|-damage|p1a: Kingambit|5\/100|[from] item: Life Orb\n|move|p2a: Garganacl|Salt Cure|p1a: Kingambit\n|-resisted|p1a: Kingambit\n|-crit|p1a: Kingambit\n|-damage|p1a: Kingambit|0 fnt\n|faint|p1a: Kingambit\n|\n|win|Mait27\n|raw|Vilchez117's rating: 1174 → 1148<\/strong> (-26 for losing)\n|raw|Mait27's rating: 1158 → 1184<\/strong> (+26 for winning)\n|l|\u2606Vilchez117\n|c|\u2606Mait27|GG\n","uploadtime":1683691390,"views":20,"p1id":"vilchez117","p2id":"mait27","formatid":"gen9vgc2023regulationc","rating":1148,"private":0,"password":""}