{"id":"gen9vgc2023regulationc-1859070656","p1":"Poketata","p2":"Hactorgv_128","format":"[Gen 9] VGC 2023 Regulation C","log":"|j|\u2606Poketata\n|j|\u2606Hactorgv_128\n|t:|1683400939\n|gametype|doubles\n|player|p1|Poketata|170|1117\n|player|p2|Hactorgv_128|hiker-gen4|1008\n|teamsize|p1|6\n|teamsize|p2|6\n|gen|9\n|tier|[Gen 9] VGC 2023 Regulation C\n|rated|\n|rule|Species Clause: Limit one of each Pok\u00e9mon\n|rule|Item Clause: Limit one of each item\n|clearpoke\n|poke|p1|Hydreigon, L50, F|\n|poke|p1|Murkrow, L50, M|\n|poke|p1|Gholdengo, L50|\n|poke|p1|Iron Moth, L50|\n|poke|p1|Amoonguss, L50, F|\n|poke|p1|Iron Hands, L50|\n|poke|p2|Farigiraf, L50, F|\n|poke|p2|Dudunsparce-*, L50, F|\n|poke|p2|Gengar, L50, M|\n|poke|p2|Gastrodon, L50, M|\n|poke|p2|Breloom, L50, M|\n|poke|p2|Weavile, L50, F|\n|teampreview|4\n|inactive|Battle timer is ON: inactive players will automatically lose when time's up. (requested by Poketata)\nPoketata has agreed to open team sheets.\n|inactive|Poketata has 60 seconds left.\n|\n|t:|1683400972\n|start\n|switch|p1a: Gholdengo|Gholdengo, L50|100\/100\n|switch|p1b: Amoonguss|Amoonguss, L50, F, shiny|100\/100\n|switch|p2a: Farigiraf|Farigiraf, L50, F|100\/100\n|switch|p2b: Dudunsparce|Dudunsparce-Three-Segment, L50, F|100\/100\n|turn|1\n|\n|t:|1683400991\n|-terastallize|p2b: Dudunsparce|Psychic\n|move|p1a: Gholdengo|Nasty Plot|p1a: Gholdengo\n|-boost|p1a: Gholdengo|spa|2\n|move|p2b: Dudunsparce|Drill Run|p1a: Gholdengo\n|-supereffective|p1a: Gholdengo\n|-damage|p1a: Gholdengo|35\/100\n|move|p2a: Farigiraf|Beat Up|p2b: Dudunsparce\n|-supereffective|p2b: Dudunsparce\n|-damage|p2b: Dudunsparce|94\/100\n|-ability|p2b: Dudunsparce|Rattled|boost\n|-boost|p2b: Dudunsparce|spe|1\n|-enditem|p2b: Dudunsparce|Weakness Policy\n|-boost|p2b: Dudunsparce|atk|2|[from] item: Weakness Policy\n|-boost|p2b: Dudunsparce|spa|2|[from] item: Weakness Policy\n|-supereffective|p2b: Dudunsparce\n|-damage|p2b: Dudunsparce|88\/100\n|-ability|p2b: Dudunsparce|Rattled|boost\n|-boost|p2b: Dudunsparce|spe|1\n|-supereffective|p2b: Dudunsparce\n|-damage|p2b: Dudunsparce|81\/100\n|-ability|p2b: Dudunsparce|Rattled|boost\n|-boost|p2b: Dudunsparce|spe|1\n|-supereffective|p2b: Dudunsparce\n|-damage|p2b: Dudunsparce|74\/100\n|-ability|p2b: Dudunsparce|Rattled|boost\n|-boost|p2b: Dudunsparce|spe|1\n|-hitcount|p2b: Dudunsparce|4\n|move|p1b: Amoonguss|Spore|p2a: Farigiraf\n|-status|p2a: Farigiraf|slp|[from] move: Spore\n|\n|upkeep\n|turn|2\n|inactive|Poketata has 30 seconds left.\n|inactive|Hactorgv_128 has 30 seconds left.\n|\n|t:|1683401018\n|move|p1a: Gholdengo|Protect|p1a: Gholdengo\n|-singleturn|p1a: Gholdengo|Protect\n|move|p2b: Dudunsparce|Drill Run|p1a: Gholdengo\n|-activate|p1a: Gholdengo|move: Protect\n|cant|p2a: Farigiraf|slp\n|move|p1b: Amoonguss|Spore|p2b: Dudunsparce\n|-status|p2b: Dudunsparce|slp|[from] move: Spore\n|\n|upkeep\n|turn|3\n|\n|t:|1683401032\n|cant|p2b: Dudunsparce|slp\n|move|p1a: Gholdengo|Shadow Ball|p2b: Dudunsparce\n|-supereffective|p2b: Dudunsparce\n|-damage|p2b: Dudunsparce|0 fnt\n|faint|p2b: Dudunsparce\n|-damage|p1a: Gholdengo|25\/100|[from] item: Life Orb\n|cant|p2a: Farigiraf|slp\n|move|p1b: Amoonguss|Pollen Puff|p1a: Gholdengo\n|-heal|p1a: Gholdengo|75\/100\n|\n|upkeep\n|\n|t:|1683401041\n|switch|p2b: Breloom|Breloom, L50, M|100\/100\n|turn|4\n|\n|t:|1683401063\n|move|p1a: Gholdengo|Shadow Ball|p2b: Breloom\n|-damage|p2b: Breloom|0 fnt\n|faint|p2b: Breloom\n|-damage|p1a: Gholdengo|65\/100|[from] item: Life Orb\n|cant|p2a: Farigiraf|slp\n|move|p1b: Amoonguss|Pollen Puff|p2a: Farigiraf\n|-supereffective|p2a: Farigiraf\n|-damage|p2a: Farigiraf|63\/100 slp\n|\n|upkeep\n|\n|t:|1683401071\n|switch|p2b: Gastrodon|Gastrodon, L50, M|100\/100\n|turn|5\n|\n|t:|1683401079\n|move|p1b: Amoonguss|Rage Powder|p1b: Amoonguss\n|-singleturn|p1b: Amoonguss|move: Rage Powder\n|move|p1a: Gholdengo|Shadow Ball|p2b: Gastrodon\n|-damage|p2b: Gastrodon|28\/100\n|-unboost|p2b: Gastrodon|spd|1\n|-damage|p1a: Gholdengo|55\/100|[from] item: Life Orb\n|-curestatus|p2a: Farigiraf|slp|[msg]\n|move|p2a: Farigiraf|Hyper Voice|p1a: Gholdengo|[spread] p1b\n|-immune|p1a: Gholdengo\n|-damage|p1b: Amoonguss|74\/100\n|-enditem|p2a: Farigiraf|Throat Spray\n|-boost|p2a: Farigiraf|spa|1|[from] item: Throat Spray\n|move|p2b: Gastrodon|Earth Power|p1b: Amoonguss\n|-damage|p1b: Amoonguss|38\/100\n|-unboost|p1b: Amoonguss|spd|1\n|\n|-heal|p1b: Amoonguss|44\/100|[from] item: Leftovers\n|upkeep\n|turn|6\n|\n|t:|1683401100\n|move|p1b: Amoonguss|Rage Powder|p1b: Amoonguss\n|-singleturn|p1b: Amoonguss|move: Rage Powder\n|move|p1a: Gholdengo|Make It Rain|p2b: Gastrodon|[spread] p2a,p2b\n|-resisted|p2b: Gastrodon\n|-damage|p2a: Farigiraf|0 fnt\n|-damage|p2b: Gastrodon|0 fnt\n|-unboost|p1a: Gholdengo|spa|1\n|faint|p2a: Farigiraf\n|faint|p2b: Gastrodon\n|-damage|p1a: Gholdengo|46\/100|[from] item: Life Orb\n|\n|win|Poketata\n|raw|Poketata's rating: 1117 → 1134<\/strong> (+17 for winning)\n|raw|Hactorgv_128's rating: 1008 → 1000<\/strong> (-8 for losing)\n|c|\u2606Poketata|gg\n|c|\u2606Hactorgv_128|gg\n|l|\u2606Hactorgv_128\n","uploadtime":1683401120,"views":15,"p1id":"poketata","p2id":"hactorgv128","formatid":"gen9vgc2023regulationc","rating":1000,"private":0,"password":""}