{"id":"gen9vgc2023regulationc-1848956440","p1":"Avaluggfan123456","p2":"Fluttermane Eyes","format":"[Gen 9] VGC 2023 Regulation C","log":"|j|\u2606Avaluggfan123456\n|j|\u2606Fluttermane Eyes\n|t:|1682130891\n|gametype|doubles\n|player|p1|Avaluggfan123456|cynthia|1059\n|player|p2|Fluttermane Eyes|boarder|1113\n|teamsize|p1|6\n|teamsize|p2|6\n|gen|9\n|tier|[Gen 9] VGC 2023 Regulation C\n|rated|\n|rule|Species Clause: Limit one of each Pok\u00e9mon\n|rule|Item Clause: Limit one of each item\n|clearpoke\n|poke|p1|Medicham, L50, F|\n|poke|p1|Ting-Lu, L50|\n|poke|p1|Bisharp, L50, M|\n|poke|p1|Masquerain, L50, F|\n|poke|p1|Rotom-Wash, L50|\n|poke|p1|Iron Hands, L50|\n|poke|p2|Chien-Pao, L50|\n|poke|p2|Scream Tail, L50|\n|poke|p2|Ceruledge, L50, M|\n|poke|p2|Baxcalibur, L50, M|\n|poke|p2|Amoonguss, L50, M|\n|poke|p2|Gholdengo, L50|\n|teampreview|4\n|inactive|Battle timer is ON: inactive players will automatically lose when time's up. (requested by Avaluggfan123456)\n|inactive|Avaluggfan123456 has 60 seconds left.\n|inactive|Fluttermane Eyes has 60 seconds left.\n|\n|t:|1682130934\n|start\n|switch|p1a: Masquerain|Masquerain, L50, F|100\/100\n|switch|p1b: Ting-Lu|Ting-Lu, L50|100\/100\n|switch|p2a: Gholdengo|Gholdengo, L50|100\/100\n|switch|p2b: Baxcalibur|Baxcalibur, L50, M|100\/100\n|-ability|p1a: Masquerain|Intimidate|boost\n|-unboost|p2a: Gholdengo|atk|1\n|-fail|p2b: Baxcalibur|unboost|[from] item: Clear Amulet|[of] p2b: Baxcalibur\n|-ability|p1b: Ting-Lu|Vessel of Ruin\n|turn|1\n|\n|t:|1682130952\n|-terastallize|p1b: Ting-Lu|Steel\n|move|p2b: Baxcalibur|Ice Shard|p1a: Masquerain\n|-supereffective|p1a: Masquerain\n|-damage|p1a: Masquerain|1\/100\n|-enditem|p1a: Masquerain|Sitrus Berry|[eat]\n|-heal|p1a: Masquerain|26\/100|[from] item: Sitrus Berry\n|move|p1a: Masquerain|Sticky Web|p2b: Baxcalibur\n|-sidestart|p2: Fluttermane Eyes|move: Sticky Web\n|move|p2a: Gholdengo|Make It Rain|p1b: Ting-Lu|[spread] p1a,p1b\n|-resisted|p1b: Ting-Lu\n|-damage|p1a: Masquerain|0 fnt\n|-damage|p1b: Ting-Lu|76\/100\n|-unboost|p2a: Gholdengo|spa|1\n|faint|p1a: Masquerain\n|move|p1b: Ting-Lu|Fissure|p2b: Baxcalibur\n|-damage|p2b: Baxcalibur|0 fnt\n|faint|p2b: Baxcalibur\n|-ohko\n|\n|upkeep\n|\n|t:|1682130975\n|switch|p1a: Bisharp|Bisharp, L50, M|100\/100\n|switch|p2b: Amoonguss|Amoonguss, L50, M|100\/100\n|-activate|p2b: Amoonguss|move: Sticky Web\n|-unboost|p2b: Amoonguss|spe|1\n|turn|2\n|\n|t:|1682130995\n|switch|p2a: Ceruledge|Ceruledge, L50, M|100\/100\n|-activate|p2a: Ceruledge|move: Sticky Web\n|-unboost|p2a: Ceruledge|spe|1\n|move|p1a: Bisharp|Sucker Punch||[still]\n|-fail|p1a: Bisharp\n|move|p1b: Ting-Lu|Stealth Rock|p2b: Amoonguss\n|-sidestart|p2: Fluttermane Eyes|move: Stealth Rock\n|move|p2b: Amoonguss|Spore|p1a: Bisharp\n|-status|p1a: Bisharp|slp|[from] move: Spore\n|\n|upkeep\n|turn|3\n|inactive|Avaluggfan123456 has 30 seconds left.\n|inactive|Fluttermane Eyes has 30 seconds left.\n|\n|t:|1682131024\n|switch|p1a: Iron Hands|Iron Hands, L50|100\/100\n|-enditem|p1a: Iron Hands|Booster Energy\n|-activate|p1a: Iron Hands|ability: Quark Drive|[fromitem]\n|-start|p1a: Iron Hands|quarkdriveatk\n|-terastallize|p2a: Ceruledge|Grass\n|move|p2b: Amoonguss|Protect|p2b: Amoonguss\n|-singleturn|p2b: Amoonguss|Protect\n|move|p2a: Ceruledge|Bitter Blade|p1b: Ting-Lu\n|-supereffective|p1b: Ting-Lu\n|-damage|p1b: Ting-Lu|20\/100\n|move|p1b: Ting-Lu|Fissure|p2b: Amoonguss\n|-activate|p2b: Amoonguss|move: Protect\n|\n|upkeep\n|turn|4\n|inactive|Avaluggfan123456 has 30 seconds left.\n|\n|t:|1682131051\n|move|p2b: Amoonguss|Rage Powder|p2b: Amoonguss\n|-singleturn|p2b: Amoonguss|move: Rage Powder\n|move|p2a: Ceruledge|Bitter Blade|p1b: Ting-Lu\n|-supereffective|p1b: Ting-Lu\n|-damage|p1b: Ting-Lu|0 fnt\n|faint|p1b: Ting-Lu\n|move|p1a: Iron Hands|Drain Punch|p2b: Amoonguss\n|-resisted|p2b: Amoonguss\n|-damage|p2b: Amoonguss|74\/100\n|\n|upkeep\n|\n|t:|1682131056\n|switch|p1b: Bisharp|Bisharp, L50, M|100\/100 slp\n|turn|5\n|-message|Avaluggfan123456 forfeited.\n|\n|win|Fluttermane Eyes\n|raw|Avaluggfan123456's rating: 1059 → 1043<\/strong> (-16 for losing)\n|raw|Fluttermane Eyes's rating: 1113 → 1134<\/strong> (+21 for winning)\n|l|\u2606Avaluggfan123456\n","uploadtime":1682131065,"views":9,"p1id":"avaluggfan123456","p2id":"fluttermaneeyes","formatid":"gen9vgc2023regulationc","rating":1043,"private":0,"password":""}