{"id":"gen9vgc2023regulationc-1860938453","p1":"Moogum","p2":"chazers","format":"[Gen 9] VGC 2023 Regulation C","log":"|j|\u2606Moogum\n|j|\u2606chazers\n|t:|1683699519\n|gametype|doubles\n|player|p1|Moogum|101|1080\n|player|p2|chazers|101|1041\n|teamsize|p1|6\n|teamsize|p2|6\n|gen|9\n|tier|[Gen 9] VGC 2023 Regulation C\n|rated|\n|rule|Species Clause: Limit one of each Pok\u00e9mon\n|rule|Item Clause: Limit one of each item\n|clearpoke\n|poke|p1|Chien-Pao, L50|\n|poke|p1|Dragapult, L50, M|\n|poke|p1|Amoonguss, L50, M|\n|poke|p1|Arcanine, L50, M|\n|poke|p1|Iron Bundle, L50|\n|poke|p1|Dragonite, L50, M|\n|poke|p2|Espathra, L50, M|\n|poke|p2|Grafaiai, L50, M|\n|poke|p2|Scovillain, L50, M|\n|poke|p2|Dragapult, L50, F|\n|poke|p2|Ting-Lu, L50|\n|poke|p2|Farigiraf, L50, M|\n|teampreview|4\nMoogum has agreed to open team sheets.\n|inactive|Battle timer is ON: inactive players will automatically lose when time's up. (requested by Moogum)\nchazers has agreed to open team sheets.\n|inactive|Moogum has 60 seconds left.\n|inactive|chazers has 60 seconds left.\n|inactive|Moogum has 30 seconds left.\n|\n|t:|1683699586\n|start\n|switch|p1a: hey|Chien-Pao, L50|100\/100\n|switch|p1b: hi|Arcanine, L50, M|100\/100\n|switch|p2a: Cleogaga|Espathra, L50, M|100\/100\n|switch|p2b: Grafaiai|Grafaiai, L50, M|100\/100\n|-ability|p1a: hey|Sword of Ruin\n|-ability|p1b: hi|Intimidate|boost\n|-unboost|p2a: Cleogaga|atk|1\n|-unboost|p2b: Grafaiai|atk|1\n|turn|1\n|inactive|Moogum has 30 seconds left.\n|inactive|chazers has 30 seconds left.\n|inactive|Moogum has 20 seconds left.\n|inactive|chazers has 20 seconds left.\n|\n|t:|1683699623\n|move|p2a: Cleogaga|Protect|p2a: Cleogaga\n|-singleturn|p2a: Cleogaga|Protect\n|move|p2b: Grafaiai|Parting Shot|p1b: hi\n|-unboost|p1b: hi|atk|1\n|-unboost|p1b: hi|spa|1\n|\n|t:|1683699630\n|switch|p2b: Farigiraf|Farigiraf, L50, M|100\/100|[from] Parting Shot\n|move|p1a: hey|Ice Spinner|p2a: Cleogaga\n|-activate|p2a: Cleogaga|move: Protect\n|move|p1b: hi|Flare Blitz|p2b: Farigiraf\n|-damage|p2b: Farigiraf|62\/100\n|-damage|p1b: hi|86\/100|[from] Recoil\n|\n|upkeep\n|turn|2\n|inactive|Moogum has 30 seconds left.\n|inactive|chazers has 30 seconds left.\n|inactive|Moogum has 20 seconds left.\n|inactive|chazers has 20 seconds left.\n|inactive|Moogum has 15 seconds left.\n|inactive|chazers has 15 seconds left.\n|inactive|chazers has 10 seconds left.\n|inactive|chazers has 5 seconds left.\n|\n|t:|1683699685\n|switch|p1a: howdy|Dragapult, L50, M|100\/100\n|move|p2a: Cleogaga|Protect||[still]\n|-fail|p2a: Cleogaga\n|move|p1b: hi|Will-O-Wisp|p2a: Cleogaga\n|-status|p2a: Cleogaga|brn\n|move|p2b: Farigiraf|Thunder Wave|p1a: howdy\n|-status|p1a: howdy|par\n|\n|-damage|p2a: Cleogaga|95\/100 brn|[from] brn\n|upkeep\n|turn|3\n|inactive|Moogum has 30 seconds left.\n|\n|t:|1683699718\n|switch|p2a: Ting-Lu|Ting-Lu, L50|100\/100\n|-ability|p2a: Ting-Lu|Vessel of Ruin\n|move|p1b: hi|Extreme Speed||[still]\n|cant|p2b: Farigiraf|ability: Armor Tail|Extreme Speed|[of] p1b: hi\n|cant|p1a: howdy|par\n|move|p2b: Farigiraf|Thunder Wave|p1b: hi\n|-status|p1b: hi|par\n|\n|upkeep\n|turn|4\n|inactive|Moogum has 30 seconds left.\n|inactive|Moogum has 20 seconds left.\n|inactive|Moogum has 15 seconds left.\n|inactive|Moogum has 10 seconds left.\n|\n|t:|1683699768\n|-terastallize|p1b: hi|Flying\n|move|p1a: howdy|Dragon Darts|p2b: Farigiraf\n|-damage|p2b: Farigiraf|32\/100\n|-anim|p1a: howdy|Dragon Darts|p2a: Ting-Lu\n|-damage|p2a: Ting-Lu|81\/100\n|-damage|p1a: howdy|91\/100 par|[from] item: Life Orb\n|move|p2b: Farigiraf|Hyper Voice|p1a: howdy|[spread] p1b\n|-immune|p1a: howdy\n|-damage|p1b: hi|63\/100 par\n|-enditem|p2b: Farigiraf|Throat Spray\n|-boost|p2b: Farigiraf|spa|1|[from] item: Throat Spray\n|cant|p1b: hi|par\n|move|p2a: Ting-Lu|Fissure|p1a: howdy|[miss]\n|-miss|p2a: Ting-Lu|p1a: howdy\n|\n|upkeep\n|turn|5\n|\n|t:|1683699793\n|cant|p1a: howdy|par\n|move|p2b: Farigiraf|Hyper Voice|p1b: hi|[spread] p1b\n|-immune|p1a: howdy\n|-damage|p1b: hi|26\/100 par\n|cant|p1b: hi|par\n|move|p2a: Ting-Lu|Throat Chop|p1a: howdy\n|-supereffective|p1a: howdy\n|-damage|p1a: howdy|0 fnt\n|faint|p1a: howdy\n|\n|upkeep\n|c|\u2606Moogum|jesus fucking christ\n|\n|t:|1683699807\n|switch|p1a: yo|Iron Bundle, L50|100\/100\n|-enditem|p1a: yo|Booster Energy\n|-activate|p1a: yo|ability: Quark Drive|[fromitem]\n|-start|p1a: yo|quarkdrivespe\n|turn|6\n|\n|t:|1683699826\n|-terastallize|p2a: Ting-Lu|Poison\n|move|p1a: yo|Hydro Pump|p2a: Ting-Lu|[miss]\n|-miss|p1a: yo|p2a: Ting-Lu\n|move|p2b: Farigiraf|Hyper Voice|p1b: hi|[spread] p1a,p1b\n|-damage|p1a: yo|36\/100\n|-damage|p1b: hi|0 fnt\n|faint|p1b: hi\n|move|p2a: Ting-Lu|Fissure|p1a: yo|[miss]\n|-miss|p2a: Ting-Lu|p1a: yo\n|\n|upkeep\n|-message|Moogum forfeited.\n|\n|win|chazers\n|raw|Moogum's rating: 1080 → 1056<\/strong> (-24 for losing)\n|raw|chazers's rating: 1041 → 1079<\/strong> (+38 for winning)\n|l|\u2606Moogum\n","uploadtime":1683699802,"views":17,"p1id":"moogum","p2id":"chazers","formatid":"gen9vgc2023regulationc","rating":1056,"private":0,"password":""}