{"id":"gen9vgc2023regulationc-1861435421","p1":"AdanTheDon","p2":"revocolombia","format":"[Gen 9] VGC 2023 Regulation C","log":"|j|\u2606AdanTheDon\n|j|\u2606revocolombia\n|t:|1683757566\n|gametype|doubles\n|player|p1|AdanTheDon|burglar|1114\n|player|p2|revocolombia|169|1070\n|teamsize|p1|6\n|teamsize|p2|6\n|gen|9\n|tier|[Gen 9] VGC 2023 Regulation C\n|rated|\n|rule|Species Clause: Limit one of each Pok\u00e9mon\n|rule|Item Clause: Limit one of each item\n|clearpoke\n|poke|p1|Dragapult, L50, M|\n|poke|p1|Wo-Chien, L50|\n|poke|p1|Murkrow, L50, F|\n|poke|p1|Amoonguss, L50, F|\n|poke|p1|Azumarill, L50, M|\n|poke|p1|Lucario, L50, M|\n|poke|p2|Flutter Mane, L50|\n|poke|p2|Great Tusk, L50|\n|poke|p2|Gholdengo, L50|\n|poke|p2|Chien-Pao, L50|\n|poke|p2|Murkrow, L50, F|\n|poke|p2|Dragonite, L50, F|\n|teampreview|4\n|inactive|Battle timer is ON: inactive players will automatically lose when time's up. (requested by AdanTheDon)\n|\n|t:|1683757617\n|start\n|switch|p1a: Murkrow|Murkrow, L50, F|100\/100\n|switch|p1b: Dragapult|Dragapult, L50, M|100\/100\n|switch|p2a: Great Tusk|Great Tusk, L50|100\/100\n|switch|p2b: Murkrow|Murkrow, L50, F|100\/100\n|turn|1\n|inactive|AdanTheDon has 30 seconds left.\n|\n|t:|1683757645\n|move|p1a: Murkrow|Tailwind|p1a: Murkrow\n|-sidestart|p1: AdanTheDon|move: Tailwind\n|move|p2b: Murkrow|Sunny Day|p2b: Murkrow\n|-weather|SunnyDay\n|-activate|p2a: Great Tusk|ability: Protosynthesis\n|-start|p2a: Great Tusk|protosynthesisatk\n|move|p1b: Dragapult|Shadow Ball|p2a: Great Tusk\n|-damage|p2a: Great Tusk|19\/100\n|move|p2a: Great Tusk|Rock Slide|p1b: Dragapult|[spread] p1a,p1b\n|-supereffective|p1a: Murkrow\n|-damage|p1a: Murkrow|50\/100\n|-damage|p1b: Dragapult|59\/100\n|\n|-weather|SunnyDay|[upkeep]\n|upkeep\n|turn|2\n|inactive|revocolombia has 30 seconds left.\n|\n|t:|1683757674\n|move|p2a: Great Tusk|Protect|p2a: Great Tusk\n|-singleturn|p2a: Great Tusk|Protect\n|move|p1a: Murkrow|Rain Dance|p1a: Murkrow\n|-weather|RainDance\n|-end|p2a: Great Tusk|Protosynthesis\n|move|p2b: Murkrow|Tailwind|p2b: Murkrow\n|-sidestart|p2: revocolombia|move: Tailwind\n|move|p1b: Dragapult|Shadow Ball|p2a: Great Tusk\n|-activate|p2a: Great Tusk|move: Protect\n|\n|-weather|RainDance|[upkeep]\n|upkeep\n|turn|3\n|\n|t:|1683757694\n|move|p2b: Murkrow|Sunny Day|p2b: Murkrow\n|-weather|SunnyDay\n|-activate|p2a: Great Tusk|ability: Protosynthesis\n|-start|p2a: Great Tusk|protosynthesisatk\n|move|p1b: Dragapult|Shadow Ball|p2a: Great Tusk\n|-damage|p2a: Great Tusk|0 fnt\n|faint|p2a: Great Tusk\n|-end|p2a: Great Tusk|Protosynthesis|[silent]\n|move|p1a: Murkrow|Foul Play|p2b: Murkrow\n|-resisted|p2b: Murkrow\n|-damage|p2b: Murkrow|89\/100\n|\n|-weather|SunnyDay|[upkeep]\n|upkeep\n|\n|t:|1683757711\n|switch|p2a: Chien-Pao|Chien-Pao, L50|100\/100\n|-ability|p2a: Chien-Pao|Sword of Ruin\n|turn|4\n|inactive|AdanTheDon has 30 seconds left.\n|inactive|AdanTheDon has 20 seconds left.\n|\n|t:|1683757747\n|switch|p1b: Azumarill|Azumarill, L50, M|100\/100\n|switch|p1a: Lucario|Lucario, L50, M|100\/100\n|switch|p2b: Gholdengo|Gholdengo, L50|100\/100\n|move|p2a: Chien-Pao|Ice Shard|p1b: Azumarill\n|-resisted|p1b: Azumarill\n|-damage|p1b: Azumarill|85\/100\n|\n|-weather|SunnyDay|[upkeep]\n|-sideend|p1: AdanTheDon|move: Tailwind\n|upkeep\n|turn|5\n|inactive|AdanTheDon has 30 seconds left.\n|inactive|revocolombia has 30 seconds left.\n|inactive|AdanTheDon has 20 seconds left.\n|\n|t:|1683757785\n|switch|p1b: Murkrow|Murkrow, L50, F|50\/100\n|move|p2a: Chien-Pao|Sacred Sword|p1a: Lucario\n|-supereffective|p1a: Lucario\n|-damage|p1a: Lucario|0 fnt\n|faint|p1a: Lucario\n|move|p2b: Gholdengo|Thunderbolt|p1b: Murkrow\n|-supereffective|p1b: Murkrow\n|-damage|p1b: Murkrow|0 fnt\n|faint|p1b: Murkrow\n|\n|-weather|SunnyDay|[upkeep]\n|-sideend|p2: revocolombia|move: Tailwind\n|upkeep\n|\n|t:|1683757796\n|switch|p1a: Azumarill|Azumarill, L50, M|85\/100\n|switch|p1b: Dragapult|Dragapult, L50, M|59\/100\n|turn|6\n|inactive|AdanTheDon has 30 seconds left.\n|\n|t:|1683757823\n|-terastallize|p1a: Azumarill|Ground\n|move|p2a: Chien-Pao|Sucker Punch|p1b: Dragapult\n|-supereffective|p1b: Dragapult\n|-damage|p1b: Dragapult|0 fnt\n|faint|p1b: Dragapult\n|move|p2b: Gholdengo|Thunderbolt|p1a: Azumarill\n|-immune|p1a: Azumarill\n|move|p1a: Azumarill|Play Rough|p2a: Chien-Pao\n|-supereffective|p2a: Chien-Pao\n|-enditem|p2a: Chien-Pao|Focus Sash\n|-damage|p2a: Chien-Pao|1\/100\n|\n|-weather|SunnyDay|[upkeep]\n|upkeep\n|turn|7\n|inactive|revocolombia has 30 seconds left.\n|\n|t:|1683757857\n|switch|p2b: Murkrow|Murkrow, L50, F|89\/100\n|move|p2a: Chien-Pao|Ice Spinner|p1a: Azumarill\n|-supereffective|p1a: Azumarill\n|-damage|p1a: Azumarill|0 fnt\n|faint|p1a: Azumarill\n|\n|win|revocolombia\n|raw|AdanTheDon's rating: 1114 → 1086<\/strong> (-28 for losing)\n|raw|revocolombia's rating: 1070 → 1103<\/strong> (+33 for winning)\n|l|\u2606AdanTheDon\n","uploadtime":1683757872,"views":5,"p1id":"adanthedon","p2id":"revocolombia","formatid":"gen9vgc2023regulationc","rating":1086,"private":0,"password":""}