{"id":"gen9vgc2023regulationc-1846698621","p1":"mx555","p2":"Shathuishjan","format":"[Gen 9] VGC 2023 Regulation C","log":"|j|\u2606mx555\n|j|\u2606Shathuishjan\n|t:|1681867285\n|gametype|doubles\n|player|p1|mx555|170|1000\n|player|p2|Shathuishjan|iris-gen5bw2|1000\n|teamsize|p1|6\n|teamsize|p2|6\n|gen|9\n|tier|[Gen 9] VGC 2023 Regulation C\n|rated|\n|rule|Species Clause: Limit one of each Pok\u00e9mon\n|rule|Item Clause: Limit one of each item\n|clearpoke\n|poke|p1|Dondozo, L50, M|\n|poke|p1|Tatsugiri, L50, M|\n|poke|p1|Roaring Moon, L50|\n|poke|p1|Chi-Yu, L50|\n|poke|p1|Flutter Mane, L50|\n|poke|p1|Glimmora, L50, M|\n|poke|p2|Hydreigon, L50, M|\n|poke|p2|Garchomp, L50, M|\n|poke|p2|Amoonguss, L50, F|\n|poke|p2|Flutter Mane, L50|\n|poke|p2|Grimmsnarl, L50, M|\n|poke|p2|Chi-Yu, L50|\n|teampreview|4\nShathuishjan has agreed to open team sheets.\n|\n|t:|1681867337\n|start\n|switch|p1a: Roaring Moon|Roaring Moon, L50|100\/100\n|switch|p1b: Glimmora|Glimmora, L50, M|100\/100\n|switch|p2a: Based Dark-Fairy|Grimmsnarl, L50, M|100\/100\n|switch|p2b: glub glub|Chi-Yu, L50|100\/100\n|-ability|p2b: glub glub|Beads of Ruin\n|-enditem|p1a: Roaring Moon|Booster Energy\n|-activate|p1a: Roaring Moon|ability: Protosynthesis|[fromitem]\n|-start|p1a: Roaring Moon|protosynthesisspe\n|turn|1\n|\n|t:|1681867362\n|move|p2a: Based Dark-Fairy|Fake Out|p1a: Roaring Moon\n|-crit|p1a: Roaring Moon\n|-damage|p1a: Roaring Moon|84\/100\n|cant|p1a: Roaring Moon|flinch\n|move|p2b: glub glub|Heat Wave|p1b: Glimmora|[spread] p1a\n|-miss|p2b: glub glub|p1b: Glimmora\n|-resisted|p1a: Roaring Moon\n|-damage|p1a: Roaring Moon|55\/100\n|-status|p1a: Roaring Moon|brn\n|move|p1b: Glimmora|Mortal Spin|p2a: Based Dark-Fairy|[spread] p2a,p2b\n|-supereffective|p2a: Based Dark-Fairy\n|-damage|p2a: Based Dark-Fairy|94\/100\n|-damage|p2b: glub glub|94\/100\n|-status|p2a: Based Dark-Fairy|psn\n|-status|p2b: glub glub|psn\n|\n|-heal|p2a: Based Dark-Fairy|99\/100 psn|[from] item: Leftovers\n|-damage|p2b: glub glub|81\/100 psn|[from] psn\n|-damage|p2a: Based Dark-Fairy|87\/100 psn|[from] psn\n|-damage|p1a: Roaring Moon|49\/100 brn|[from] brn\n|upkeep\n|turn|2\n|\n|t:|1681867399\n|-terastallize|p2b: glub glub|Fire\n|move|p2a: Based Dark-Fairy|Fake Tears|p1b: Glimmora\n|-unboost|p1b: Glimmora|spd|2\n|move|p1a: Roaring Moon|Tailwind|p1a: Roaring Moon\n|-sidestart|p1: mx555|move: Tailwind\n|move|p1b: Glimmora|Power Gem|p2b: glub glub\n|-supereffective|p2b: glub glub\n|-damage|p2b: glub glub|1\/100 psn\n|move|p2b: glub glub|Heat Wave|p1a: Roaring Moon|[spread] p1a,p1b\n|-resisted|p1a: Roaring Moon\n|-resisted|p1b: Glimmora\n|-damage|p1a: Roaring Moon|5\/100 brn\n|-damage|p1b: Glimmora|30\/100\n|\n|-heal|p2a: Based Dark-Fairy|93\/100 psn|[from] item: Leftovers\n|-damage|p2b: glub glub|0 fnt|[from] psn\n|faint|p2b: glub glub\n|-damage|p2a: Based Dark-Fairy|81\/100 psn|[from] psn\n|-damage|p1a: Roaring Moon|0 fnt|[from] brn\n|faint|p1a: Roaring Moon\n|-end|p1a: Roaring Moon|Protosynthesis|[silent]\n|upkeep\n|\n|t:|1681867412\n|switch|p2b: Coolest Psuedo|Hydreigon, L50, M|100\/100\n|switch|p1a: Dondozo|Dondozo, L50, M|100\/100\n|turn|3\n|\n|t:|1681867440\n|switch|p1b: Tatsugiri|Tatsugiri, L50, M|100\/100\n|-activate|p1b: Tatsugiri|ability: Commander|[of] p1a: Dondozo\n|-boost|p1a: Dondozo|atk|2\n|-boost|p1a: Dondozo|spa|2\n|-boost|p1a: Dondozo|spe|2\n|-boost|p1a: Dondozo|def|2\n|-boost|p1a: Dondozo|spd|2\n|move|p2a: Based Dark-Fairy|Taunt|p1a: Dondozo\n|-start|p1a: Dondozo|move: Taunt\n|move|p1a: Dondozo|Order Up|p2b: Coolest Psuedo\n|-supereffective|p2b: Coolest Psuedo\n|-damage|p2b: Coolest Psuedo|0 fnt\n|faint|p2b: Coolest Psuedo\n|-boost|p1a: Dondozo|atk|1\n|\n|-heal|p2a: Based Dark-Fairy|87\/100 psn|[from] item: Leftovers\n|-damage|p2a: Based Dark-Fairy|74\/100 psn|[from] psn\n|upkeep\n|\n|t:|1681867453\n|switch|p2b: Sahara|Garchomp, L50, M|100\/100\n|turn|4\n|\n|t:|1681867469\n|move|p2a: Based Dark-Fairy|Parting Shot|p1a: Dondozo\n|-unboost|p1a: Dondozo|atk|1\n|-unboost|p1a: Dondozo|spa|1\n|move|p1a: Dondozo|Order Up|p2b: Sahara\n|-supereffective|p2b: Sahara\n|-damage|p2b: Sahara|0 fnt\n|faint|p2b: Sahara\n|-boost|p1a: Dondozo|atk|1\n|\n|-heal|p2a: Based Dark-Fairy|80\/100 psn|[from] item: Leftovers\n|-damage|p2a: Based Dark-Fairy|68\/100 psn|[from] psn\n|upkeep\n|turn|5\n|-message|Shathuishjan forfeited.\n|\n|win|mx555\n|raw|mx555's rating: 1000 → 1040<\/strong> (+40 for winning)\n|raw|Shathuishjan's rating: 1000 → 1000<\/strong> (+0 for losing)\n|l|\u2606Shathuishjan\n","uploadtime":1681867486,"views":13,"p1id":"mx555","p2id":"shathuishjan","formatid":"gen9vgc2023regulationc","rating":1000,"private":0,"password":""}