{"id":"gen9vgc2023regulationc-1848129360","p1":"Jaaahsh","p2":"leonnov123","format":"[Gen 9] VGC 2023 Regulation C","log":"|j|\u2606Jaaahsh\n|j|\u2606leonnov123\n|t:|1682033105\n|gametype|doubles\n|player|p1|Jaaahsh|caitlin|1278\n|player|p2|leonnov123|102|1347\n|teamsize|p1|6\n|teamsize|p2|6\n|gen|9\n|tier|[Gen 9] VGC 2023 Regulation C\n|rated|\n|rule|Species Clause: Limit one of each Pok\u00e9mon\n|rule|Item Clause: Limit one of each item\n|clearpoke\n|poke|p1|Lokix, L50, F|\n|poke|p1|Arcanine, L50, F|\n|poke|p1|Ting-Lu, L50|\n|poke|p1|Palafin, L50, M|\n|poke|p1|Flutter Mane, L50|\n|poke|p1|Chien-Pao, L50|\n|poke|p2|Glimmora, L50, F|\n|poke|p2|Dragonite, L50, F|\n|poke|p2|Chien-Pao, L50|\n|poke|p2|Ceruledge, L50, M|\n|poke|p2|Tatsugiri-Stretchy, L50, F|\n|poke|p2|Dondozo, L50, M|\n|teampreview|4\nleonnov123 has agreed to open team sheets.\nJaaahsh rejected open team sheets.\n|\n|t:|1682033137\n|start\n|switch|p1a: Palafin|Palafin, L50, M|100\/100\n|switch|p1b: Chien-Pao|Chien-Pao, L50|100\/100\n|switch|p2a: Glimmora|Glimmora, L50, F|100\/100\n|switch|p2b: Dragonite|Dragonite, L50, F|100\/100\n|-ability|p1b: Chien-Pao|Sword of Ruin\n|turn|1\n|\n|t:|1682033157\n|-terastallize|p2a: Glimmora|Grass\n|move|p1b: Chien-Pao|Protect|p1b: Chien-Pao\n|-singleturn|p1b: Chien-Pao|Protect\n|move|p1a: Palafin|Close Combat|p2a: Glimmora\n|-damage|p2a: Glimmora|60\/100\n|-unboost|p1a: Palafin|def|1\n|-unboost|p1a: Palafin|spd|1\n|-enditem|p1a: Palafin|Eject Pack\n|-activate|p2a: Glimmora|ability: Toxic Debris\n|-sidestart|p1: Jaaahsh|move: Toxic Spikes\n|\n|t:|1682033162\n|detailschange|p1a: Palafin|Palafin-Hero, L50, M\n|switch|p1a: Lokix|Lokix, L50, F, shiny|100\/100\n|-status|p1a: Lokix|psn\n|move|p2b: Dragonite|Tailwind|p2b: Dragonite\n|-sidestart|p2: leonnov123|move: Tailwind\n|move|p2a: Glimmora|Mortal Spin|p1b: Chien-Pao|[spread] p1a\n|-activate|p1b: Chien-Pao|move: Protect\n|-damage|p1a: Lokix|92\/100 psn\n|\n|-damage|p1a: Lokix|80\/100 psn|[from] psn\n|upkeep\n|turn|2\n|\n|t:|1682033189\n|switch|p2a: Dondozo|Dondozo, L50, M|100\/100\n|-terastallize|p1a: Lokix|Bug\n|move|p1a: Lokix|First Impression|p2b: Dragonite\n|-resisted|p2b: Dragonite\n|-damage|p2b: Dragonite|49\/100\n|-damage|p1a: Lokix|70\/100 psn|[from] item: Life Orb\n|move|p1b: Chien-Pao|Sucker Punch|p2b: Dragonite\n|-damage|p2b: Dragonite|0 fnt\n|faint|p2b: Dragonite\n|\n|-damage|p1a: Lokix|58\/100 psn|[from] psn\n|upkeep\n|\n|t:|1682033206\n|switch|p2b: Glimmora|Glimmora, L50, F, tera:Grass|60\/100\n|turn|3\n|\n|t:|1682033218\n|switch|p2b: Tatsugiri|Tatsugiri-Stretchy, L50, F|100\/100\n|-activate|p2b: Tatsugiri|ability: Commander|[of] p2a: Dondozo\n|-boost|p2a: Dondozo|atk|2\n|-boost|p2a: Dondozo|spa|2\n|-boost|p2a: Dondozo|spe|2\n|-boost|p2a: Dondozo|def|2\n|-boost|p2a: Dondozo|spd|2\n|switch|p1a: Ting-Lu|Ting-Lu, L50|100\/100\n|-status|p1a: Ting-Lu|psn\n|-ability|p1a: Ting-Lu|Vessel of Ruin\n|move|p1b: Chien-Pao|Protect|p1b: Chien-Pao\n|-singleturn|p1b: Chien-Pao|Protect\n|move|p2a: Dondozo|Wave Crash|p1b: Chien-Pao\n|-activate|p1b: Chien-Pao|move: Protect\n|\n|-damage|p1a: Ting-Lu|88\/100 psn|[from] psn\n|upkeep\n|turn|4\n|\n|t:|1682033239\n|move|p2a: Dondozo|Wave Crash|p1b: Chien-Pao\n|-crit|p1b: Chien-Pao\n|-enditem|p1b: Chien-Pao|Focus Sash\n|-damage|p1b: Chien-Pao|1\/100\n|-damage|p2a: Dondozo|79\/100|[from] Recoil\n|move|p1b: Chien-Pao|Haze|p1b: Chien-Pao\n|-clearallboost\n|move|p1a: Ting-Lu|Stomping Tantrum|p2a: Dondozo\n|-damage|p2a: Dondozo|43\/100\n|\n|-heal|p2a: Dondozo|49\/100|[from] item: Leftovers\n|-damage|p1a: Ting-Lu|76\/100 psn|[from] psn\n|-sideend|p2: leonnov123|move: Tailwind\n|upkeep\n|turn|5\n|\n|t:|1682033257\n|switch|p1b: Palafin|Palafin-Hero, L50, M|100\/100\n|-status|p1b: Palafin|psn\n|-activate|p1b: Palafin|ability: Zero to Hero\n|move|p2a: Dondozo|Earthquake|p1a: Ting-Lu|[spread] p1a,p1b\n|-miss|p2a: Dondozo|p2b: Tatsugiri\n|-damage|p1a: Ting-Lu|66\/100 psn\n|-damage|p1b: Palafin|85\/100 psn\n|move|p1a: Ting-Lu|Stomping Tantrum|p2a: Dondozo\n|-damage|p2a: Dondozo|21\/100\n|\n|-heal|p2a: Dondozo|28\/100|[from] item: Leftovers\n|-damage|p1b: Palafin|72\/100 psn|[from] psn\n|-damage|p1a: Ting-Lu|54\/100 psn|[from] psn\n|upkeep\n|turn|6\n|\n|t:|1682033271\n|move|p2a: Dondozo|Protect|p2a: Dondozo\n|-singleturn|p2a: Dondozo|Protect\n|move|p1b: Palafin|Wave Crash|p2a: Dondozo\n|-activate|p2a: Dondozo|move: Protect\n|move|p1a: Ting-Lu|Stomping Tantrum|p2a: Dondozo\n|-activate|p2a: Dondozo|move: Protect\n|\n|-heal|p2a: Dondozo|34\/100|[from] item: Leftovers\n|-damage|p1b: Palafin|60\/100 psn|[from] psn\n|-damage|p1a: Ting-Lu|41\/100 psn|[from] psn\n|upkeep\n|turn|7\n|inactive|Battle timer is ON: inactive players will automatically lose when time's up. (requested by Jaaahsh)\n|\n|t:|1682033316\n|move|p1b: Palafin|Wave Crash|p2a: Dondozo\n|-resisted|p2a: Dondozo\n|-damage|p2a: Dondozo|9\/100\n|-damage|p1b: Palafin|51\/100 psn|[from] Recoil\n|move|p2a: Dondozo|Earthquake|p1b: Palafin|[spread] p1a,p1b\n|-miss|p2a: Dondozo|p2b: Tatsugiri\n|-damage|p1a: Ting-Lu|31\/100 psn\n|-damage|p1b: Palafin|33\/100 psn\n|move|p1a: Ting-Lu|Throat Chop|p2a: Dondozo\n|-damage|p2a: Dondozo|0 fnt\n|faint|p2a: Dondozo\n|\n|-damage|p1b: Palafin|21\/100 psn|[from] psn\n|-damage|p1a: Ting-Lu|18\/100 psn|[from] psn\n|upkeep\n|inactive|leonnov123 has 30 seconds left.\n|inactive|leonnov123 has 20 seconds left.\n|inactive|leonnov123 has 15 seconds left.\n|inactive|leonnov123 has 10 seconds left.\n|inactive|leonnov123 has 5 seconds left.\n|\n|t:|1682033370\n|switch|p2a: Glimmora|Glimmora, L50, F, tera:Grass|60\/100\n|turn|8\n|\n|t:|1682033383\n|move|p1b: Palafin|Jet Punch|p2b: Tatsugiri\n|-resisted|p2b: Tatsugiri\n|-crit|p2b: Tatsugiri\n|-damage|p2b: Tatsugiri|73\/100\n|move|p2b: Tatsugiri|Muddy Water|p1a: Ting-Lu|[spread] p1a,p1b\n|-supereffective|p1a: Ting-Lu\n|-resisted|p1b: Palafin\n|-damage|p1a: Ting-Lu|0 fnt\n|-damage|p1b: Palafin|9\/100 psn\n|faint|p1a: Ting-Lu\n|move|p2a: Glimmora|Energy Ball|p1b: Palafin\n|-supereffective|p1b: Palafin\n|-damage|p1b: Palafin|0 fnt\n|faint|p1b: Palafin\n|\n|upkeep\n|\n|t:|1682033386\n|switch|p1b: Lokix|Lokix, L50, F, shiny, tera:Bug|58\/100 psn\n|switch|p1a: Chien-Pao|Chien-Pao, L50|1\/100\n|-status|p1a: Chien-Pao|psn\n|-ability|p1a: Chien-Pao|Sword of Ruin\n|turn|9\n|inactive|leonnov123 has 30 seconds left.\n|inactive|leonnov123 has 20 seconds left.\n|inactive|leonnov123 has 15 seconds left.\n|inactive|leonnov123 has 10 seconds left.\n|\n|t:|1682033434\n|move|p1b: Lokix|First Impression|p2a: Glimmora\n|-supereffective|p2a: Glimmora\n|-damage|p2a: Glimmora|0 fnt\n|-activate|p2a: Glimmora|ability: Toxic Debris\n|-sidestart|p1: Jaaahsh|move: Toxic Spikes\n|faint|p2a: Glimmora\n|-damage|p1b: Lokix|48\/100 psn|[from] item: Life Orb\n|move|p1a: Chien-Pao|Sucker Punch|p2b: Tatsugiri\n|-damage|p2b: Tatsugiri|0 fnt\n|faint|p2b: Tatsugiri\n|\n|win|Jaaahsh\n|raw|Jaaahsh's rating: 1278 → 1308<\/strong> (+30 for winning)\n|raw|leonnov123's rating: 1347 → 1323<\/strong> (-24 for losing)\n|c|\u2606Jaaahsh|gg\n|l|\u2606leonnov123\n","uploadtime":1682033464,"views":4,"p1id":"jaaahsh","p2id":"leonnov123","formatid":"gen9vgc2023regulationc","rating":1308,"private":0,"password":""}