{"id":"gen9vgc2023regulationc-1856460438","p1":"TO Chuan","p2":"Th3D3b","format":"[Gen 9] VGC 2023 Regulation C","log":"|j|\u2606TO Chuan\n|j|\u2606Th3D3b\n|t:|1683063918\n|gametype|doubles\n|player|p1|TO Chuan|cynthia|1294\n|player|p2|Th3D3b|1|1325\n|teamsize|p1|6\n|teamsize|p2|6\n|gen|9\n|tier|[Gen 9] VGC 2023 Regulation C\n|rated|\n|rule|Species Clause: Limit one of each Pok\u00e9mon\n|rule|Item Clause: Limit one of each item\n|clearpoke\n|poke|p1|Ting-Lu, L50|\n|poke|p1|Dragapult, L50, M|\n|poke|p1|Scizor, L50, M|\n|poke|p1|Glimmora, L50, M|\n|poke|p1|Iron Bundle, L50|\n|poke|p1|Rotom-Mow, L50|\n|poke|p2|Rotom-Wash, L50|\n|poke|p2|Flutter Mane, L50|\n|poke|p2|Ceruledge, L50, M|\n|poke|p2|Talonflame, L50, M|\n|poke|p2|Amoonguss, L50, M|\n|poke|p2|Chien-Pao, L50|\n|teampreview|4\n|inactive|Battle timer is ON: inactive players will automatically lose when time's up. (requested by Th3D3b)\n|inactive|TO Chuan has 60 seconds left.\n|inactive|Th3D3b has 60 seconds left.\n|\n|t:|1683063968\n|start\n|switch|p1a: Ting-Lu|Ting-Lu, L50|100\/100\n|switch|p1b: Glimmora|Glimmora, L50, M|100\/100\n|switch|p2a: Talonflame|Talonflame, L50, M|100\/100\n|switch|p2b: Rotom|Rotom-Wash, L50|100\/100\n|-ability|p1a: Ting-Lu|Vessel of Ruin\n|turn|1\n|inactive|TO Chuan has 30 seconds left.\n|\n|t:|1683063993\n|-terastallize|p1a: Ting-Lu|Fairy\n|move|p2a: Talonflame|Will-O-Wisp|p1a: Ting-Lu\n|-status|p1a: Ting-Lu|brn\n|move|p1b: Glimmora|Power Gem|p2a: Talonflame\n|-supereffective|p2a: Talonflame\n|-damage|p2a: Talonflame|0 fnt\n|faint|p2a: Talonflame\n|move|p2b: Rotom|Hydro Pump|p1b: Glimmora\n|-supereffective|p1b: Glimmora\n|-damage|p1b: Glimmora|8\/100\n|move|p1a: Ting-Lu|Ruination|p2b: Rotom\n|-damage|p2b: Rotom|50\/100\n|-enditem|p2b: Rotom|Sitrus Berry|[eat]\n|-heal|p2b: Rotom|75\/100|[from] item: Sitrus Berry\n|\n|-damage|p1a: Ting-Lu|95\/100 brn|[from] brn\n|upkeep\n|\n|t:|1683064015\n|switch|p2a: Flutter Mane|Flutter Mane, L50|100\/100\n|turn|2\n|\n|t:|1683064031\n|move|p1b: Glimmora|Spiky Shield|p1b: Glimmora\n|-singleturn|p1b: Glimmora|move: Protect\n|move|p2a: Flutter Mane|Dazzling Gleam|p1a: Ting-Lu|[spread] p1a\n|-activate|p1b: Glimmora|move: Protect\n|-damage|p1a: Ting-Lu|72\/100 brn\n|move|p2b: Rotom|Volt Switch|p1b: Glimmora\n|-activate|p1b: Glimmora|move: Protect\n|move|p1a: Ting-Lu|Heavy Slam|p2a: Flutter Mane\n|-supereffective|p2a: Flutter Mane\n|-damage|p2a: Flutter Mane|56\/100\n|\n|-heal|p1a: Ting-Lu|77\/100 brn|[from] item: Leftovers\n|-damage|p1a: Ting-Lu|72\/100 brn|[from] brn\n|upkeep\n|turn|3\n|inactive|Th3D3b has 30 seconds left.\n|\n|t:|1683064057\n|move|p2a: Flutter Mane|Dazzling Gleam|p1b: Glimmora|[spread] p1a,p1b\n|-resisted|p1b: Glimmora\n|-damage|p1a: Ting-Lu|50\/100 brn\n|-damage|p1b: Glimmora|0 fnt\n|faint|p1b: Glimmora\n|move|p2b: Rotom|Hydro Pump|p1a: Ting-Lu\n|-damage|p1a: Ting-Lu|27\/100 brn\n|move|p1a: Ting-Lu|Ruination|p2b: Rotom\n|-damage|p2b: Rotom|38\/100\n|\n|-heal|p1a: Ting-Lu|33\/100 brn|[from] item: Leftovers\n|-damage|p1a: Ting-Lu|27\/100 brn|[from] brn\n|upkeep\n|\n|t:|1683064071\n|switch|p1b: Scizor|Scizor, L50, M|100\/100\n|turn|4\n|\n|t:|1683064087\n|move|p2a: Flutter Mane|Dazzling Gleam|p1b: Scizor|[spread] p1a,p1b\n|-resisted|p1b: Scizor\n|-damage|p1a: Ting-Lu|4\/100 brn\n|-damage|p1b: Scizor|82\/100\n|move|p2b: Rotom|Will-O-Wisp|p1b: Scizor\n|-status|p1b: Scizor|brn\n|move|p1b: Scizor|Swords Dance|p1b: Scizor\n|-boost|p1b: Scizor|atk|2\n|move|p1a: Ting-Lu|Heavy Slam|p2a: Flutter Mane\n|-supereffective|p2a: Flutter Mane\n|-damage|p2a: Flutter Mane|6\/100\n|\n|-heal|p1a: Ting-Lu|10\/100 brn|[from] item: Leftovers\n|-damage|p1b: Scizor|76\/100 brn|[from] brn\n|-damage|p1a: Ting-Lu|4\/100 brn|[from] brn\n|upkeep\n|turn|5\n|\n|t:|1683064112\n|move|p1b: Scizor|Bullet Punch|p2a: Flutter Mane\n|-supereffective|p2a: Flutter Mane\n|-damage|p2a: Flutter Mane|0 fnt\n|faint|p2a: Flutter Mane\n|-end|p2a: Flutter Mane|Protosynthesis|[silent]\n|move|p2b: Rotom|Hydro Pump|p1b: Scizor\n|-damage|p1b: Scizor|34\/100 brn\n|move|p1a: Ting-Lu|Ruination|p2b: Rotom\n|-damage|p2b: Rotom|20\/100\n|\n|-heal|p1a: Ting-Lu|10\/100 brn|[from] item: Leftovers\n|-damage|p1b: Scizor|28\/100 brn|[from] brn\n|-damage|p1a: Ting-Lu|4\/100 brn|[from] brn\n|upkeep\n|\n|t:|1683064126\n|switch|p2a: Chien-Pao|Chien-Pao, L50|100\/100\n|-ability|p2a: Chien-Pao|Sword of Ruin\n|turn|6\n|\n|t:|1683064142\n|move|p1b: Scizor|Protect|p1b: Scizor\n|-singleturn|p1b: Scizor|Protect\n|move|p2a: Chien-Pao|Sucker Punch||[still]\n|-fail|p2a: Chien-Pao\n|move|p2b: Rotom|Thunderbolt|p1a: Ting-Lu\n|-damage|p1a: Ting-Lu|0 fnt\n|faint|p1a: Ting-Lu\n|\n|-damage|p1b: Scizor|22\/100 brn|[from] brn\n|upkeep\n|\n|t:|1683064148\n|switch|p1a: Iron Bundle|Iron Bundle, L50|100\/100\n|-enditem|p1a: Iron Bundle|Booster Energy\n|-activate|p1a: Iron Bundle|ability: Quark Drive|[fromitem]\n|-start|p1a: Iron Bundle|quarkdrivespe\n|turn|7\n|inactive|TO Chuan has 30 seconds left.\n|\n|t:|1683064176\n|move|p1a: Iron Bundle|Freeze-Dry|p2b: Rotom\n|-supereffective|p2b: Rotom\n|-damage|p2b: Rotom|0 fnt\n|faint|p2b: Rotom\n|move|p2a: Chien-Pao|Sacred Sword|p1a: Iron Bundle\n|-supereffective|p1a: Iron Bundle\n|-damage|p1a: Iron Bundle|0 fnt\n|faint|p1a: Iron Bundle\n|-end|p1a: Iron Bundle|Quark Drive|[silent]\n|move|p1b: Scizor|Swords Dance|p1b: Scizor\n|-boost|p1b: Scizor|atk|2\n|\n|-damage|p1b: Scizor|16\/100 brn|[from] brn\n|upkeep\n|turn|8\n|-message|TO Chuan forfeited.\n|\n|win|Th3D3b\n|raw|TO Chuan's rating: 1294 → 1271<\/strong> (-23 for losing)\n|raw|Th3D3b's rating: 1325 → 1343<\/strong> (+18 for winning)\n|l|\u2606TO Chuan\n","uploadtime":1683064200,"views":5,"p1id":"tochuan","p2id":"th3d3b","formatid":"gen9vgc2023regulationc","rating":1271,"private":0,"password":""}