{"id":"gen9vgc2023regulationc-1847934159","p1":"Alexis_student","p2":"Nemesis1317T","format":"[Gen 9] VGC 2023 Regulation C","log":"|j|\u2606Alexis_student\n|j|\u2606Nemesis1317T\n|t:|1682013894\n|gametype|doubles\n|player|p1|Alexis_student|1|1170\n|player|p2|Nemesis1317T|iris-gen5bw2|1145\n|teamsize|p1|6\n|teamsize|p2|6\n|gen|9\n|tier|[Gen 9] VGC 2023 Regulation C\n|rated|\n|rule|Species Clause: Limit one of each Pok\u00e9mon\n|rule|Item Clause: Limit one of each item\n|clearpoke\n|poke|p1|Dondozo, L50, M|\n|poke|p1|Tatsugiri, L50, F|\n|poke|p1|Glimmora, L50, F|\n|poke|p1|Iron Bundle, L50|\n|poke|p1|Dragonite, L50, M|\n|poke|p1|Chi-Yu, L50|\n|poke|p2|Glimmora, L50, F|\n|poke|p2|Wo-Chien, L50|\n|poke|p2|Ting-Lu, L50|\n|poke|p2|Gyarados, L50, M|\n|poke|p2|Talonflame, L50, F|\n|poke|p2|Annihilape, L50, M|\n|teampreview|4\n|inactive|Battle timer is ON: inactive players will automatically lose when time's up. (requested by Nemesis1317T)\n|\n|t:|1682013925\n|start\n|switch|p1a: Iron Bundle|Iron Bundle, L50|100\/100\n|switch|p1b: Chi-Yu|Chi-Yu, L50|100\/100\n|switch|p2a: Wo-Chien|Wo-Chien, L50|100\/100\n|switch|p2b: Gyarados|Gyarados, L50, M|100\/100\n|-ability|p1b: Chi-Yu|Beads of Ruin\n|-ability|p2b: Gyarados|Intimidate|boost\n|-unboost|p1a: Iron Bundle|atk|1\n|-unboost|p1b: Chi-Yu|atk|1\n|-ability|p2a: Wo-Chien|Tablets of Ruin\n|-enditem|p1a: Iron Bundle|Booster Energy\n|-activate|p1a: Iron Bundle|ability: Quark Drive|[fromitem]\n|-start|p1a: Iron Bundle|quarkdrivespe\n|turn|1\n|\n|t:|1682013944\n|-terastallize|p2b: Gyarados|Flying\n|move|p2a: Wo-Chien|Protect|p2a: Wo-Chien\n|-singleturn|p2a: Wo-Chien|Protect\n|move|p1a: Iron Bundle|Freeze-Dry|p2b: Gyarados\n|-supereffective|p2b: Gyarados\n|-damage|p2b: Gyarados|36\/100\n|-enditem|p2b: Gyarados|Sitrus Berry|[eat]\n|-heal|p2b: Gyarados|60\/100|[from] item: Sitrus Berry\n|move|p1b: Chi-Yu|Heat Wave|p2b: Gyarados|[spread] p2b\n|-activate|p2a: Wo-Chien|move: Protect\n|-damage|p2b: Gyarados|19\/100\n|move|p2b: Gyarados|Waterfall|p1b: Chi-Yu\n|-supereffective|p1b: Chi-Yu\n|-crit|p1b: Chi-Yu\n|-enditem|p1b: Chi-Yu|Focus Sash\n|-damage|p1b: Chi-Yu|1\/100\n|\n|upkeep\n|turn|2\n|inactive|Alexis_student has 30 seconds left.\n|inactive|Nemesis1317T has 30 seconds left.\n|\n|t:|1682013976\n|switch|p2b: Ting-Lu|Ting-Lu, L50|100\/100\n|-ability|p2b: Ting-Lu|Vessel of Ruin\n|move|p1a: Iron Bundle|Freeze-Dry|p2a: Wo-Chien\n|-supereffective|p2a: Wo-Chien\n|-damage|p2a: Wo-Chien|57\/100\n|move|p1b: Chi-Yu|Heat Wave|p2a: Wo-Chien|[spread] p2a,p2b\n|-supereffective|p2a: Wo-Chien\n|-damage|p2a: Wo-Chien|10\/100\n|-damage|p2b: Ting-Lu|83\/100\n|move|p2a: Wo-Chien|Leech Seed|p1a: Iron Bundle|[miss]\n|-miss|p2a: Wo-Chien|p1a: Iron Bundle\n|\n|-heal|p2a: Wo-Chien|16\/100|[from] item: Leftovers\n|upkeep\n|turn|3\n|inactive|Alexis_student has 30 seconds left.\n|inactive|Nemesis1317T has 30 seconds left.\n|\n|t:|1682014004\n|switch|p2a: Talonflame|Talonflame, L50, F|100\/100\n|move|p1a: Iron Bundle|Freeze-Dry|p2b: Ting-Lu\n|-supereffective|p2b: Ting-Lu\n|-damage|p2b: Ting-Lu|52\/100\n|move|p1b: Chi-Yu|Heat Wave|p2a: Talonflame|[spread] p2b\n|-miss|p1b: Chi-Yu|p2a: Talonflame\n|-damage|p2b: Ting-Lu|35\/100\n|move|p2b: Ting-Lu|Snarl|p1b: Chi-Yu|[spread] p1a,p1b\n|-resisted|p1b: Chi-Yu\n|-damage|p1a: Iron Bundle|82\/100\n|-damage|p1b: Chi-Yu|0 fnt\n|-unboost|p1a: Iron Bundle|spa|1\n|faint|p1b: Chi-Yu\n|\n|upkeep\n|\n|t:|1682014024\n|switch|p1b: Glimmora|Glimmora, L50, F|100\/100\n|turn|4\n|\n|t:|1682014047\n|-end|p1a: Iron Bundle|Quark Drive|[silent]\n|switch|p1a: Dragonite|Dragonite, L50, M|100\/100\n|move|p2a: Talonflame|Tailwind|p2a: Talonflame\n|-sidestart|p2: Nemesis1317T|move: Tailwind\n|move|p2b: Ting-Lu|Snarl|p1b: Glimmora|[spread] p1b\n|-miss|p2b: Ting-Lu|p1a: Dragonite\n|-damage|p1b: Glimmora|94\/100\n|-unboost|p1b: Glimmora|spa|1\n|move|p1b: Glimmora|Mortal Spin|p2a: Talonflame|[spread] p2a,p2b\n|-resisted|p2b: Ting-Lu\n|-damage|p2a: Talonflame|95\/100\n|-damage|p2b: Ting-Lu|34\/100\n|-status|p2b: Ting-Lu|psn\n|\n|-damage|p2b: Ting-Lu|21\/100 psn|[from] psn\n|upkeep\n|turn|5\n|inactive|Alexis_student has 30 seconds left.\n|inactive|Nemesis1317T has 30 seconds left.\n|inactive|Alexis_student has 20 seconds left.\n|\n|t:|1682014082\n|move|p1a: Dragonite|Extreme Speed|p2b: Ting-Lu\n|-damage|p2b: Ting-Lu|0 fnt\n|faint|p2b: Ting-Lu\n|move|p2a: Talonflame|Will-O-Wisp|p1a: Dragonite\n|-status|p1a: Dragonite|brn\n|move|p1b: Glimmora|Power Gem|p2a: Talonflame\n|-supereffective|p2a: Talonflame\n|-damage|p2a: Talonflame|0 fnt\n|faint|p2a: Talonflame\n|\n|-damage|p1a: Dragonite|95\/100 brn|[from] brn\n|upkeep\n|\n|t:|1682014089\n|switch|p2a: Wo-Chien|Wo-Chien, L50|16\/100\n|switch|p2b: Gyarados|Gyarados, L50, M, tera:Flying|19\/100\n|-ability|p2b: Gyarados|Intimidate|boost\n|-unboost|p1a: Dragonite|atk|1\n|-unboost|p1b: Glimmora|atk|1\n|-ability|p2a: Wo-Chien|Tablets of Ruin\n|turn|6\n|\n|t:|1682014112\n|-terastallize|p1a: Dragonite|Normal\n|move|p1a: Dragonite|Extreme Speed|p2b: Gyarados\n|-damage|p2b: Gyarados|0 fnt\n|faint|p2b: Gyarados\n|move|p2a: Wo-Chien|Pollen Puff|p2: Gyarados|[notarget]\n|-fail|p2a: Wo-Chien\n|move|p1b: Glimmora|Mortal Spin|p2a: Wo-Chien\n|-supereffective|p2a: Wo-Chien\n|-damage|p2a: Wo-Chien|12\/100\n|-status|p2a: Wo-Chien|psn\n|\n|-heal|p2a: Wo-Chien|18\/100 psn|[from] item: Leftovers\n|-damage|p2a: Wo-Chien|6\/100 psn|[from] psn\n|-damage|p1a: Dragonite|89\/100 brn|[from] brn\n|upkeep\n|turn|7\n|inactive|Nemesis1317T has 30 seconds left.\n|inactive|Nemesis1317T has 20 seconds left.\n|inactive|Nemesis1317T has 15 seconds left.\n|inactive|Nemesis1317T has 10 seconds left.\n|inactive|Nemesis1317T has 5 seconds left.\n|\n|t:|1682014167\n|move|p1a: Dragonite|Extreme Speed|p2a: Wo-Chien\n|-damage|p2a: Wo-Chien|0 fnt\n|faint|p2a: Wo-Chien\n|\n|win|Alexis_student\n|raw|Alexis_student's rating: 1170 → 1193<\/strong> (+23 for winning)\n|raw|Nemesis1317T's rating: 1145 → 1122<\/strong> (-23 for losing)\n","uploadtime":1682014176,"views":11,"p1id":"alexisstudent","p2id":"nemesis1317t","formatid":"gen9vgc2023regulationc","rating":1122,"private":0,"password":""}