{"id":"gen9vgc2023regulationc-1859071249","p1":"clavo0025","p2":"JVsaadi","format":"[Gen 9] VGC 2023 Regulation C","log":"|j|\u2606clavo0025\n|j|\u2606JVsaadi\n|t:|1683401009\n|gametype|doubles\n|player|p1|clavo0025|2|1000\n|player|p2|JVsaadi|169|1014\n|teamsize|p1|6\n|teamsize|p2|6\n|gen|9\n|tier|[Gen 9] VGC 2023 Regulation C\n|rated|\n|rule|Species Clause: Limit one of each Pok\u00e9mon\n|rule|Item Clause: Limit one of each item\n|clearpoke\n|poke|p1|Arcanine, L50, F|\n|poke|p1|Ting-Lu, L50|\n|poke|p1|Iron Bundle, L50|\n|poke|p1|Mimikyu, L50, M|\n|poke|p1|Amoonguss, L50, F|\n|poke|p1|Rotom-Fan, L50|\n|poke|p2|Pelipper, L50, M|\n|poke|p2|Amoonguss, L50, M|\n|poke|p2|Lurantis, L50, M|\n|poke|p2|Cyclizar, L50, M|\n|poke|p2|Farigiraf, L50, M|\n|poke|p2|Golduck, L50, F|\n|teampreview|4\n|\n|t:|1683401058\n|start\n|switch|p1a: Arcanine|Arcanine, L50, F, shiny|100\/100\n|switch|p1b: Rotom|Rotom-Fan, L50, shiny|100\/100\n|switch|p2a: Cyclizar|Cyclizar, L50, M|100\/100\n|switch|p2b: Amoonguss|Amoonguss, L50, M|100\/100\n|-ability|p1a: Arcanine|Intimidate|boost\n|-unboost|p2a: Cyclizar|atk|1\n|-unboost|p2b: Amoonguss|atk|1\n|turn|1\n|\n|t:|1683401090\n|move|p2b: Amoonguss|Protect|p2b: Amoonguss\n|-singleturn|p2b: Amoonguss|Protect\n|move|p1b: Rotom|Trick|p2b: Amoonguss\n|-activate|p2b: Amoonguss|move: Protect\n|move|p2a: Cyclizar|Shed Tail|p2a: Cyclizar\n|-start|p2a: Cyclizar|Substitute|[from] move: Shed Tail\n|-damage|p2a: Cyclizar|50\/100\n|-enditem|p2a: Cyclizar|Sitrus Berry|[eat]\n|-heal|p2a: Cyclizar|75\/100|[from] item: Sitrus Berry\n|\n|t:|1683401104\n|switch|p2a: Golduck|Golduck, L50, F|100\/100|[from] Shed Tail\n|move|p1a: Arcanine|Flare Blitz|p2b: Amoonguss\n|-activate|p2b: Amoonguss|move: Protect\n|\n|upkeep\n|turn|2\n|\n|t:|1683401120\n|switch|p2b: Pelipper|Pelipper, L50, M|100\/100\n|-weather|RainDance|[from] ability: Drizzle|[of] p2b: Pelipper\n|-terastallize|p2a: Golduck|Water\n|-terastallize|p1a: Arcanine|Water\n|move|p2a: Golduck|Surf|p1a: Arcanine|[spread] p2b,p1a,p1b\n|-resisted|p2b: Pelipper\n|-resisted|p1a: Arcanine\n|-damage|p2b: Pelipper|54\/100\n|-damage|p1a: Arcanine|58\/100\n|-damage|p1b: Rotom|0 fnt\n|faint|p1b: Rotom\n|move|p1a: Arcanine|Flare Blitz|p2b: Pelipper\n|-resisted|p2b: Pelipper\n|-damage|p2b: Pelipper|42\/100\n|-damage|p1a: Arcanine|54\/100|[from] Recoil\n|\n|-weather|RainDance|[upkeep]\n|-heal|p2b: Pelipper|48\/100|[from] item: Leftovers\n|upkeep\n|\n|t:|1683401134\n|switch|p1b: Amoonguss|Amoonguss, L50, F, shiny|100\/100\n|turn|3\n|\n|t:|1683401164\n|move|p1b: Amoonguss|Protect|p1b: Amoonguss\n|-singleturn|p1b: Amoonguss|Protect\n|move|p2a: Golduck|Surf|p1b: Amoonguss|[spread] p2b,p1a\n|-activate|p1b: Amoonguss|move: Protect\n|-resisted|p2b: Pelipper\n|-resisted|p1a: Arcanine\n|-damage|p2b: Pelipper|2\/100\n|-damage|p1a: Arcanine|10\/100\n|move|p1a: Arcanine|Flare Blitz|p2a: Golduck\n|-resisted|p2a: Golduck\n|-activate|p2a: Golduck|move: Substitute|[damage]\n|-damage|p1a: Arcanine|5\/100|[from] Recoil|[of] p2a: Golduck\n|move|p2b: Pelipper|Hurricane|p1b: Amoonguss\n|-activate|p1b: Amoonguss|move: Protect\n|\n|-weather|RainDance|[upkeep]\n|-heal|p2b: Pelipper|8\/100|[from] item: Leftovers\n|upkeep\n|turn|4\n|\n|t:|1683401184\n|switch|p2b: Amoonguss|Amoonguss, L50, M|100\/100\n|move|p1a: Arcanine|Protect|p1a: Arcanine\n|-singleturn|p1a: Arcanine|Protect\n|move|p2a: Golduck|Surf|p1a: Arcanine|[spread] p2b,p1b\n|-activate|p1a: Arcanine|move: Protect\n|-resisted|p2b: Amoonguss\n|-resisted|p1b: Amoonguss\n|-damage|p2b: Amoonguss|62\/100\n|-damage|p1b: Amoonguss|65\/100\n|move|p1b: Amoonguss|Pollen Puff|p2b: Amoonguss\n|-damage|p2b: Amoonguss|48\/100\n|\n|-weather|RainDance|[upkeep]\n|-heal|p2b: Amoonguss|54\/100|[from] item: Black Sludge\n|upkeep\n|turn|5\n|\n|t:|1683401204\n|move|p1b: Amoonguss|Protect|p1b: Amoonguss\n|-singleturn|p1b: Amoonguss|Protect\n|move|p2b: Amoonguss|Protect|p2b: Amoonguss\n|-singleturn|p2b: Amoonguss|Protect\n|move|p2a: Golduck|Surf|p1b: Amoonguss|[spread] p1a\n|-activate|p2b: Amoonguss|move: Protect\n|-activate|p1b: Amoonguss|move: Protect\n|-resisted|p1a: Arcanine\n|-damage|p1a: Arcanine|0 fnt\n|faint|p1a: Arcanine\n|\n|-weather|RainDance|[upkeep]\n|-heal|p2b: Amoonguss|60\/100|[from] item: Black Sludge\n|upkeep\n|\n|t:|1683401213\n|switch|p1a: Iron Bundle|Iron Bundle, L50|100\/100\n|-enditem|p1a: Iron Bundle|Booster Energy\n|-activate|p1a: Iron Bundle|ability: Quark Drive|[fromitem]\n|-start|p1a: Iron Bundle|quarkdrivespe\n|turn|6\n|\n|t:|1683401251\n|move|p2b: Amoonguss|Protect|p2b: Amoonguss\n|-singleturn|p2b: Amoonguss|Protect\n|move|p1a: Iron Bundle|Icy Wind|p2b: Amoonguss|[spread] p2a\n|-activate|p2b: Amoonguss|move: Protect\n|-resisted|p2a: Golduck\n|-end|p2a: Golduck|Substitute\n|move|p2a: Golduck|Surf|p1b: Amoonguss|[spread] p1a,p1b\n|-activate|p2b: Amoonguss|move: Protect\n|-resisted|p1a: Iron Bundle\n|-resisted|p1b: Amoonguss\n|-damage|p1a: Iron Bundle|5\/100\n|-damage|p1b: Amoonguss|31\/100\n|move|p1b: Amoonguss|Spore|p2a: Golduck\n|-status|p2a: Golduck|slp|[from] move: Spore\n|\n|-weather|none\n|-heal|p2b: Amoonguss|66\/100|[from] item: Black Sludge\n|upkeep\n|turn|7\n|\n|t:|1683401275\n|switch|p2a: Pelipper|Pelipper, L50, M|8\/100\n|-weather|RainDance|[from] ability: Drizzle|[of] p2a: Pelipper\n|move|p1a: Iron Bundle|Freeze-Dry|p2b: Amoonguss\n|-supereffective|p2b: Amoonguss\n|-damage|p2b: Amoonguss|5\/100\n|move|p1b: Amoonguss|Pollen Puff|p1a: Iron Bundle\n|-heal|p1a: Iron Bundle|55\/100\n|move|p2b: Amoonguss|Pollen Puff|p1a: Iron Bundle\n|-damage|p1a: Iron Bundle|21\/100\n|\n|-weather|RainDance|[upkeep]\n|-heal|p2a: Pelipper|14\/100|[from] item: Leftovers\n|-heal|p2b: Amoonguss|11\/100|[from] item: Black Sludge\n|upkeep\n|turn|8\n|\n|t:|1683401298\n|move|p2a: Pelipper|Wide Guard|p2a: Pelipper\n|-singleturn|p2a: Pelipper|Wide Guard\n|move|p1a: Iron Bundle|Icy Wind|p2a: Pelipper|[spread] \n|-activate|p2a: Pelipper|move: Wide Guard\n|-activate|p2b: Amoonguss|move: Wide Guard\n|move|p1b: Amoonguss|Pollen Puff|p1a: Iron Bundle\n|-heal|p1a: Iron Bundle|71\/100\n|move|p2b: Amoonguss|Spore|p1a: Iron Bundle\n|-status|p1a: Iron Bundle|slp|[from] move: Spore\n|\n|-weather|RainDance|[upkeep]\n|-heal|p2a: Pelipper|20\/100|[from] item: Leftovers\n|-heal|p2b: Amoonguss|17\/100|[from] item: Black Sludge\n|upkeep\n|turn|9\n|\n|t:|1683401321\n|switch|p2a: Golduck|Golduck, L50, F, tera:Water|100\/100 slp\n|move|p1b: Amoonguss|Protect|p1b: Amoonguss\n|-singleturn|p1b: Amoonguss|Protect\n|cant|p1a: Iron Bundle|slp\n|move|p2b: Amoonguss|Pollen Puff|p1b: Amoonguss\n|-activate|p1b: Amoonguss|move: Protect\n|\n|-weather|RainDance|[upkeep]\n|-heal|p2b: Amoonguss|23\/100|[from] item: Black Sludge\n|upkeep\n|turn|10\n|\n|t:|1683401347\n|move|p2b: Amoonguss|Protect|p2b: Amoonguss\n|-singleturn|p2b: Amoonguss|Protect\n|cant|p1a: Iron Bundle|slp\n|cant|p2a: Golduck|slp\n|move|p1b: Amoonguss|Pollen Puff|p2b: Amoonguss\n|-activate|p2b: Amoonguss|move: Protect\n|\n|-weather|RainDance|[upkeep]\n|-heal|p2b: Amoonguss|29\/100|[from] item: Black Sludge\n|upkeep\n|turn|11\n|\n|t:|1683401369\n|switch|p2b: Cyclizar|Cyclizar, L50, M|100\/100\n|move|p1b: Amoonguss|Protect|p1b: Amoonguss\n|-singleturn|p1b: Amoonguss|Protect\n|-curestatus|p1a: Iron Bundle|slp|[msg]\n|move|p1a: Iron Bundle|Freeze-Dry|p2a: Golduck\n|-supereffective|p2a: Golduck\n|-damage|p2a: Golduck|0 fnt\n|faint|p2a: Golduck\n|\n|-weather|none\n|upkeep\n|\n|t:|1683401381\n|switch|p2a: Pelipper|Pelipper, L50, M|20\/100\n|-weather|RainDance|[from] ability: Drizzle|[of] p2a: Pelipper\n|turn|12\n|\n|t:|1683401393\n|move|p2a: Pelipper|Wide Guard|p2a: Pelipper\n|-singleturn|p2a: Pelipper|Wide Guard\n|move|p1a: Iron Bundle|Freeze-Dry|p2b: Cyclizar\n|-supereffective|p2b: Cyclizar\n|-damage|p2b: Cyclizar|2\/100\n|move|p2b: Cyclizar|Body Slam|p1b: Amoonguss\n|-damage|p1b: Amoonguss|5\/100\n|move|p1b: Amoonguss|Spore|p2a: Pelipper\n|-status|p2a: Pelipper|slp|[from] move: Spore\n|\n|-weather|RainDance|[upkeep]\n|-heal|p2a: Pelipper|26\/100 slp|[from] item: Leftovers\n|upkeep\n|turn|13\n|-message|JVsaadi forfeited.\n|\n|win|clavo0025\n|raw|clavo0025's rating: 1000 → 1040<\/strong> (+40 for winning)\n|raw|JVsaadi's rating: 1004 → 1000<\/strong> (-4 for losing)\n|l|\u2606JVsaadi\n","uploadtime":1683401418,"views":18,"p1id":"clavo0025","p2id":"jvsaadi","formatid":"gen9vgc2023regulationc","rating":1000,"private":0,"password":""}