{"id":"gen9vgc2023regulationc-1851291526","p1":"Dom testes","p2":"WillieDangerously","format":"[Gen 9] VGC 2023 Regulation C","log":"|j|\u2606Dom testes\n|j|\u2606WillieDangerously\n|t:|1682433165\n|gametype|doubles\n|player|p1|Dom testes|170|1154\n|player|p2|WillieDangerously|psychic-gen4|1141\n|teamsize|p1|6\n|teamsize|p2|6\n|gen|9\n|tier|[Gen 9] VGC 2023 Regulation C\n|rated|\n|rule|Species Clause: Limit one of each Pok\u00e9mon\n|rule|Item Clause: Limit one of each item\n|clearpoke\n|poke|p1|Amoonguss, L50, F|\n|poke|p1|Chien-Pao, L50|\n|poke|p1|Azumarill, L50, F|\n|poke|p1|Flutter Mane, L50|\n|poke|p1|Kingambit, L50, F|\n|poke|p1|Talonflame, L50, M|\n|poke|p2|Espathra, L50, F|\n|poke|p2|Iron Bundle, L50|\n|poke|p2|Iron Valiant, L50|\n|poke|p2|Salamence, L50, F|\n|poke|p2|Scizor, L50, F|\n|poke|p2|Sandy Shocks, L50|\n|teampreview|4\n|\n|t:|1682433222\n|start\n|switch|p1a: Chien-Pao|Chien-Pao, L50|100\/100\n|switch|p1b: Azumarill|Azumarill, L50, F|100\/100\n|switch|p2a: Sandy Shocks|Sandy Shocks, L50|100\/100\n|switch|p2b: Iron Valiant|Iron Valiant, L50|100\/100\n|-ability|p1a: Chien-Pao|Sword of Ruin\n|-enditem|p2a: Sandy Shocks|Booster Energy\n|-activate|p2a: Sandy Shocks|ability: Protosynthesis|[fromitem]\n|-start|p2a: Sandy Shocks|protosynthesisspe\n|turn|1\n|\n|t:|1682433257\n|move|p1a: Chien-Pao|Protect|p1a: Chien-Pao\n|-singleturn|p1a: Chien-Pao|Protect\n|move|p1b: Azumarill|Aqua Jet|p2a: Sandy Shocks\n|-supereffective|p2a: Sandy Shocks\n|-damage|p2a: Sandy Shocks|0 fnt\n|faint|p2a: Sandy Shocks\n|-end|p2a: Sandy Shocks|Protosynthesis|[silent]\n|move|p2b: Iron Valiant|Hypnosis|p1b: Azumarill\n|-status|p1b: Azumarill|slp|[from] move: Hypnosis\n|\n|upkeep\n|\n|t:|1682433269\n|switch|p2a: Scizor|Scizor, L50, F|100\/100\n|turn|2\n|\n|t:|1682433293\n|cant|p1b: Azumarill|slp\n|move|p1a: Chien-Pao|Icicle Crash|p2b: Iron Valiant\n|-damage|p2b: Iron Valiant|32\/100\n|move|p2b: Iron Valiant|Moonblast|p1a: Chien-Pao\n|-supereffective|p1a: Chien-Pao\n|-enditem|p1a: Chien-Pao|Focus Sash\n|-damage|p1a: Chien-Pao|1\/100\n|move|p2a: Scizor|Swords Dance|p2a: Scizor\n|-boost|p2a: Scizor|atk|2\n|\n|upkeep\n|turn|3\n|\n|t:|1682433317\n|move|p2a: Scizor|Feint|p1a: Chien-Pao\n|-damage|p1a: Chien-Pao|0 fnt\n|faint|p1a: Chien-Pao\n|-curestatus|p1b: Azumarill|slp|[msg]\n|move|p1b: Azumarill|Aqua Jet|p2a: Scizor\n|-damage|p2a: Scizor|65\/100\n|move|p2b: Iron Valiant|Moonblast|p1b: Azumarill\n|-damage|p1b: Azumarill|54\/100\n|-unboost|p1b: Azumarill|spa|1\n|\n|upkeep\n|\n|t:|1682433350\n|switch|p1a: Talonflame|Talonflame, L50, M|100\/100\n|turn|4\n|\n|t:|1682433364\n|-terastallize|p2a: Scizor|Fire\n|move|p2a: Scizor|Bullet Punch|p1b: Azumarill\n|-damage|p1b: Azumarill|0 fnt\n|faint|p1b: Azumarill\n|move|p1a: Talonflame|Will-O-Wisp|p2a: Scizor\n|-immune|p2a: Scizor\n|move|p2b: Iron Valiant|Moonblast|p1a: Talonflame\n|-resisted|p1a: Talonflame\n|-damage|p1a: Talonflame|69\/100\n|\n|upkeep\n|\n|t:|1682433370\n|switch|p1b: Flutter Mane|Flutter Mane, L50|100\/100\n|turn|5\n|\n|t:|1682433389\n|-terastallize|p1b: Flutter Mane|Grass\n|move|p2a: Scizor|Feint|p1a: Talonflame\n|-damage|p1a: Talonflame|21\/100\n|move|p1a: Talonflame|Tailwind|p1a: Talonflame\n|-sidestart|p1: Dom testes|move: Tailwind\n|move|p1b: Flutter Mane|Shadow Ball|p2a: Scizor\n|-damage|p2a: Scizor|0 fnt\n|faint|p2a: Scizor\n|move|p2b: Iron Valiant|Hypnosis|p1b: Flutter Mane|[miss]\n|-miss|p2b: Iron Valiant|p1b: Flutter Mane\n|\n|upkeep\n|\n|t:|1682433404\n|switch|p2a: Salamence|Salamence, L50, F|100\/100\n|turn|6\n|\n|t:|1682433422\n|move|p1a: Talonflame|Will-O-Wisp|p2a: Salamence\n|-status|p2a: Salamence|brn\n|move|p1b: Flutter Mane|Shadow Ball|p2b: Iron Valiant\n|-damage|p2b: Iron Valiant|0 fnt\n|faint|p2b: Iron Valiant\n|-end|p2b: Iron Valiant|Quark Drive|[silent]\n|move|p2a: Salamence|Dragon Rush|p1b: Flutter Mane|[miss]\n|-miss|p2a: Salamence|p1b: Flutter Mane\n|\n|-damage|p2a: Salamence|94\/100 brn|[from] brn\n|upkeep\n|turn|7\n|-message|WillieDangerously forfeited.\n|\n|win|Dom testes\n|raw|Dom testes's rating: 1154 → 1178<\/strong> (+24 for winning)\n|raw|WillieDangerously's rating: 1141 → 1117<\/strong> (-24 for losing)\n","uploadtime":1682433436,"views":9,"p1id":"domtestes","p2id":"williedangerously","formatid":"gen9vgc2023regulationc","rating":1117,"private":0,"password":""}