{"id":"gen9vgc2023regulationc-1859225069","p1":"player865","p2":"Lealrec","format":"[Gen 9] VGC 2023 Regulation C","log":"|j|\u2606player865\n|j|\u2606Lealrec\n|t:|1683420435\n|gametype|doubles\n|player|p1|player865|170|1179\n|player|p2|Lealrec|266|1213\n|teamsize|p1|6\n|teamsize|p2|6\n|gen|9\n|tier|[Gen 9] VGC 2023 Regulation C\n|rated|\n|rule|Species Clause: Limit one of each Pok\u00e9mon\n|rule|Item Clause: Limit one of each item\n|clearpoke\n|poke|p1|Wo-Chien, L50|\n|poke|p1|Dondozo, L50, M|\n|poke|p1|Tatsugiri, L50, F|\n|poke|p1|Flutter Mane, L50|\n|poke|p1|Glimmora, L50, M|\n|poke|p1|Chi-Yu, L50|\n|poke|p2|Flutter Mane, L50|\n|poke|p2|Great Tusk, L50|\n|poke|p2|Corviknight, L50, M|\n|poke|p2|Chi-Yu, L50|\n|poke|p2|Vaporeon, L50, F|\n|poke|p2|Wo-Chien, L50|\n|teampreview|4\n|inactive|Battle timer is ON: inactive players will automatically lose when time's up. (requested by player865)\n|inactive|Lealrec has 60 seconds left.\n|\n|t:|1683420472\n|start\n|switch|p1a: Wo-Chien|Wo-Chien, L50|100\/100\n|switch|p1b: Glimmora|Glimmora, L50, M|100\/100\n|switch|p2a: Great Tusk|Great Tusk, L50|100\/100\n|switch|p2b: Corviknight|Corviknight, L50, M|100\/100\n|-ability|p1a: Wo-Chien|Tablets of Ruin\n|turn|1\n|inactive|player865 has 30 seconds left.\n|\n|t:|1683420503\n|-terastallize|p1a: Wo-Chien|Poison\n|move|p2a: Great Tusk|Close Combat|p1a: Wo-Chien\n|-resisted|p1a: Wo-Chien\n|-damage|p1a: Wo-Chien|80\/100\n|-unboost|p2a: Great Tusk|def|1\n|-unboost|p2a: Great Tusk|spd|1\n|move|p1b: Glimmora|Mortal Spin|p2a: Great Tusk|[spread] p2a\n|-immune|p2b: Corviknight\n|-resisted|p2a: Great Tusk\n|-damage|p2a: Great Tusk|99\/100\n|-status|p2a: Great Tusk|psn\n|move|p2b: Corviknight|Brave Bird|p1a: Wo-Chien\n|-damage|p1a: Wo-Chien|54\/100\n|-damage|p2b: Corviknight|92\/100|[from] Recoil\n|move|p1a: Wo-Chien|Leech Seed|p2a: Great Tusk\n|-start|p2a: Great Tusk|move: Leech Seed\n|\n|-damage|p2a: Great Tusk|87\/100 psn|[from] Leech Seed|[of] p1a: Wo-Chien\n|-heal|p1a: Wo-Chien|66\/100|[silent]\n|-damage|p2a: Great Tusk|75\/100 psn|[from] psn\n|upkeep\n|turn|2\n|inactive|Lealrec has 30 seconds left.\n|\n|t:|1683420536\n|move|p1a: Wo-Chien|Protect|p1a: Wo-Chien\n|-singleturn|p1a: Wo-Chien|Protect\n|move|p2a: Great Tusk|Earthquake|p1a: Wo-Chien|[spread] p1b\n|-activate|p1a: Wo-Chien|move: Protect\n|-immune|p2b: Corviknight\n|-supereffective|p1b: Glimmora\n|-damage|p1b: Glimmora|0 fnt\n|faint|p1b: Glimmora\n|move|p2b: Corviknight|Iron Head|p1a: Wo-Chien\n|-activate|p1a: Wo-Chien|move: Protect\n|\n|-damage|p2a: Great Tusk|63\/100 psn|[from] Leech Seed|[of] p1a: Wo-Chien\n|-heal|p1a: Wo-Chien|78\/100|[silent]\n|-damage|p2a: Great Tusk|50\/100 psn|[from] psn\n|upkeep\n|\n|t:|1683420550\n|switch|p1b: Dondozo|Dondozo, L50, M, shiny|100\/100\n|turn|3\n|\n|t:|1683420564\n|-end|p2a: Great Tusk|Protosynthesis|[silent]\n|switch|p2a: Vaporeon|Vaporeon, L50, F|100\/100\n|switch|p1a: Tatsugiri|Tatsugiri, L50, F|100\/100\n|-activate|p1a: Tatsugiri|ability: Commander|[of] p1b: Dondozo\n|-boost|p1b: Dondozo|atk|2\n|-boost|p1b: Dondozo|spa|2\n|-boost|p1b: Dondozo|spe|2\n|-boost|p1b: Dondozo|def|2\n|-boost|p1b: Dondozo|spd|2\n|move|p1b: Dondozo|Wave Crash|p2b: Corviknight\n|-damage|p2b: Corviknight|0 fnt\n|faint|p2b: Corviknight\n|-damage|p1b: Dondozo|74\/100|[from] Recoil\n|\n|upkeep\n|\n|t:|1683420585\n|switch|p2b: Great Tusk|Great Tusk, L50|50\/100 psn\n|turn|4\n|inactive|Lealrec has 30 seconds left.\n|inactive|Lealrec has 20 seconds left.\n|inactive|Lealrec has 15 seconds left.\n|\n|t:|1683420629\n|-terastallize|p2a: Vaporeon|Grass\n|move|p1b: Dondozo|Protect|p1b: Dondozo\n|-singleturn|p1b: Dondozo|Protect\n|move|p2b: Great Tusk|Headlong Rush|p1b: Dondozo\n|-activate|p1b: Dondozo|move: Protect\n|move|p2a: Vaporeon|Haze|p2a: Vaporeon\n|-clearallboost\n|\n|-damage|p2b: Great Tusk|38\/100 psn|[from] psn\n|upkeep\n|turn|5\n|\n|t:|1683420646\n|move|p2b: Great Tusk|Headlong Rush|p1b: Dondozo\n|-damage|p1b: Dondozo|32\/100\n|-unboost|p2b: Great Tusk|def|1\n|-unboost|p2b: Great Tusk|spd|1\n|move|p2a: Vaporeon|Chilling Water|p1b: Dondozo\n|-resisted|p1b: Dondozo\n|-crit|p1b: Dondozo\n|-damage|p1b: Dondozo|20\/100\n|-unboost|p1b: Dondozo|atk|1\n|move|p1b: Dondozo|Wave Crash|p2b: Great Tusk\n|-supereffective|p2b: Great Tusk\n|-damage|p2b: Great Tusk|0 fnt\n|faint|p2b: Great Tusk\n|-end|p2b: Great Tusk|Protosynthesis|[silent]\n|-damage|p1b: Dondozo|9\/100|[from] Recoil\n|\n|upkeep\n|\n|t:|1683420662\n|switch|p2b: Flutter Mane|Flutter Mane, L50|100\/100\n|turn|6\n|\n|t:|1683420680\n|move|p2b: Flutter Mane|Thunderbolt|p1b: Dondozo\n|-supereffective|p1b: Dondozo\n|-damage|p1b: Dondozo|0 fnt\n|faint|p1b: Dondozo\n|move|p2a: Vaporeon|Icy Wind|p1a: Tatsugiri\n|-damage|p1a: Tatsugiri|81\/100\n|-unboost|p1a: Tatsugiri|spe|1\n|\n|upkeep\n|\n|t:|1683420687\n|switch|p1b: Wo-Chien|Wo-Chien, L50, tera:Poison|78\/100\n|-ability|p1b: Wo-Chien|Tablets of Ruin\n|turn|7\n|inactive|Lealrec has 30 seconds left.\n|inactive|player865 has 30 seconds left.\n|\n|t:|1683420721\n|move|p2b: Flutter Mane|Thunderbolt|p1b: Wo-Chien\n|-damage|p1b: Wo-Chien|49\/100\n|-enditem|p1b: Wo-Chien|Sitrus Berry|[eat]\n|-heal|p1b: Wo-Chien|74\/100|[from] item: Sitrus Berry\n|move|p1a: Tatsugiri|Draco Meteor|p2a: Vaporeon\n|-damage|p2a: Vaporeon|52\/100\n|-unboost|p1a: Tatsugiri|spa|2\n|move|p2a: Vaporeon|Chilling Water|p1b: Wo-Chien\n|-damage|p1b: Wo-Chien|61\/100\n|-unboost|p1b: Wo-Chien|atk|1\n|move|p1b: Wo-Chien|Snarl|p2b: Flutter Mane|[spread] p2a,p2b\n|-damage|p2a: Vaporeon|41\/100\n|-damage|p2b: Flutter Mane|87\/100\n|-unboost|p2a: Vaporeon|spa|1\n|-unboost|p2b: Flutter Mane|spa|1\n|-enditem|p2a: Vaporeon|Sitrus Berry|[eat]\n|-heal|p2a: Vaporeon|66\/100|[from] item: Sitrus Berry\n|\n|upkeep\n|turn|8\n|\n|t:|1683420745\n|move|p2b: Flutter Mane|Thunderbolt|p1b: Wo-Chien\n|-damage|p1b: Wo-Chien|43\/100\n|move|p1a: Tatsugiri|Draco Meteor|p2a: Vaporeon\n|-damage|p2a: Vaporeon|40\/100\n|-unboost|p1a: Tatsugiri|spa|2\n|move|p2a: Vaporeon|Chilling Water|p1b: Wo-Chien\n|-damage|p1b: Wo-Chien|34\/100\n|-unboost|p1b: Wo-Chien|atk|1\n|move|p1b: Wo-Chien|Leech Seed|p2b: Flutter Mane\n|-start|p2b: Flutter Mane|move: Leech Seed\n|\n|-damage|p2b: Flutter Mane|75\/100|[from] Leech Seed|[of] p1b: Wo-Chien\n|-heal|p1b: Wo-Chien|43\/100|[silent]\n|upkeep\n|turn|9\n|\n|t:|1683420768\n|move|p1b: Wo-Chien|Protect|p1b: Wo-Chien\n|-singleturn|p1b: Wo-Chien|Protect\n|move|p2b: Flutter Mane|Thunderbolt|p1b: Wo-Chien\n|-activate|p1b: Wo-Chien|move: Protect\n|move|p1a: Tatsugiri|Draco Meteor|p2a: Vaporeon|[miss]\n|-miss|p1a: Tatsugiri|p2a: Vaporeon\n|move|p2a: Vaporeon|Chilling Water|p1b: Wo-Chien\n|-activate|p1b: Wo-Chien|move: Protect\n|\n|-damage|p2b: Flutter Mane|63\/100|[from] Leech Seed|[of] p1b: Wo-Chien\n|-heal|p1b: Wo-Chien|52\/100|[silent]\n|upkeep\n|turn|10\n|n|!Lealrec|lealrec\n|inactive|Lealrec has 30 seconds left.\n|\n|t:|1683420794\n|move|p2b: Flutter Mane|Thunderbolt|p1b: Wo-Chien\n|-damage|p1b: Wo-Chien|32\/100\n|move|p1a: Tatsugiri|Draco Meteor|p2a: Vaporeon\n|-damage|p2a: Vaporeon|20\/100\n|-unboost|p1a: Tatsugiri|spa|2\n|move|p2a: Vaporeon|Chilling Water|p1b: Wo-Chien\n|-damage|p1b: Wo-Chien|23\/100\n|-unboost|p1b: Wo-Chien|atk|1\n|move|p1b: Wo-Chien|Snarl|p2b: Flutter Mane|[spread] p2a,p2b\n|-crit|p2b: Flutter Mane\n|-damage|p2a: Vaporeon|10\/100\n|-damage|p2b: Flutter Mane|42\/100\n|-unboost|p2a: Vaporeon|spa|1\n|-unboost|p2b: Flutter Mane|spa|1\n|\n|-damage|p2b: Flutter Mane|31\/100|[from] Leech Seed|[of] p1b: Wo-Chien\n|-heal|p1b: Wo-Chien|32\/100|[silent]\n|upkeep\n|turn|11\n|\n|t:|1683420819\n|move|p1b: Wo-Chien|Protect|p1b: Wo-Chien\n|-singleturn|p1b: Wo-Chien|Protect\n|move|p2b: Flutter Mane|Thunderbolt|p1a: Tatsugiri\n|-damage|p1a: Tatsugiri|48\/100\n|move|p1a: Tatsugiri|Draco Meteor|p2a: Vaporeon\n|-damage|p2a: Vaporeon|0 fnt\n|faint|p2a: Vaporeon\n|\n|-damage|p2b: Flutter Mane|19\/100|[from] Leech Seed|[of] p1b: Wo-Chien\n|-heal|p1b: Wo-Chien|41\/100|[silent]\n|upkeep\n|turn|12\n|\n|t:|1683420832\n|move|p2b: Flutter Mane|Thunderbolt|p1b: Wo-Chien\n|-damage|p1b: Wo-Chien|25\/100\n|move|p1a: Tatsugiri|Draco Meteor|p2b: Flutter Mane\n|-immune|p2b: Flutter Mane\n|move|p1b: Wo-Chien|Snarl|p2b: Flutter Mane\n|-damage|p2b: Flutter Mane|2\/100\n|-unboost|p2b: Flutter Mane|spa|1\n|\n|-damage|p2b: Flutter Mane|0 fnt|[from] Leech Seed|[of] p1b: Wo-Chien\n|-heal|p1b: Wo-Chien|27\/100|[silent]\n|faint|p2b: Flutter Mane\n|-end|p2b: Flutter Mane|Protosynthesis|[silent]\n|\n|win|player865\n|upkeep\n|raw|player865's rating: 1179 → 1206<\/strong> (+27 for winning)\n|raw|Lealrec's rating: 1213 → 1186<\/strong> (-27 for losing)\n","uploadtime":1683420789,"views":5,"p1id":"player865","p2id":"lealrec","formatid":"gen9vgc2023regulationc","rating":1186,"private":0,"password":""}