{"id":"gen9vgc2023regulationc-1846091899","p1":"tghdfgh","p2":"Feach","format":"[Gen 9] VGC 2023 Regulation C","log":"|j|\u2606tghdfgh\n|j|\u2606Feach\n|t:|1681804858\n|gametype|doubles\n|player|p1|tghdfgh|1|1125\n|player|p2|Feach|1|1074\n|teamsize|p1|6\n|teamsize|p2|6\n|gen|9\n|tier|[Gen 9] VGC 2023 Regulation C\n|rated|\n|rule|Species Clause: Limit one of each Pok\u00e9mon\n|rule|Item Clause: Limit one of each item\n|clearpoke\n|poke|p1|Torkoal, L50, F|\n|poke|p1|Chi-Yu, L50|\n|poke|p1|Bronzong, L50|\n|poke|p1|Gastrodon, L50, F|\n|poke|p1|Grimmsnarl, L50, M|\n|poke|p1|Skeledirge, L50, M|\n|poke|p2|Amoonguss, L50, F|\n|poke|p2|Arcanine, L50, F|\n|poke|p2|Sylveon, L50, M|\n|poke|p2|Frosmoth, L50, F|\n|poke|p2|Dragapult, L50, M|\n|poke|p2|Cyclizar, L50, F|\n|teampreview|4\n|inactive|Battle timer is ON: inactive players will automatically lose when time's up. (requested by tghdfgh)\n|\n|t:|1681804879\n|start\n|switch|p1a: Grimmsnarl|Grimmsnarl, L50, M|100\/100\n|switch|p1b: Chi-Yu|Chi-Yu, L50|100\/100\n|switch|p2a: Amoonguss|Amoonguss, L50, F|100\/100\n|switch|p2b: Sylveon|Sylveon, L50, M|100\/100\n|-ability|p1b: Chi-Yu|Beads of Ruin\n|turn|1\n|\n|t:|1681804890\n|-terastallize|p2b: Sylveon|Fairy\n|move|p1a: Grimmsnarl|Fake Out|p2b: Sylveon\n|-damage|p2b: Sylveon|79\/100\n|move|p2a: Amoonguss|Rage Powder|p2a: Amoonguss\n|-singleturn|p2a: Amoonguss|move: Rage Powder\n|move|p1b: Chi-Yu|Substitute|p1b: Chi-Yu\n|-start|p1b: Chi-Yu|Substitute\n|-damage|p1b: Chi-Yu|76\/100\n|cant|p2b: Sylveon|flinch\n|\n|upkeep\n|turn|2\n|\n|t:|1681804907\n|switch|p1a: Bronzong|Bronzong, L50|100\/100\n|move|p1b: Chi-Yu|Protect|p1b: Chi-Yu\n|-singleturn|p1b: Chi-Yu|Protect\n|move|p2a: Amoonguss|Rage Powder|p2a: Amoonguss\n|-singleturn|p2a: Amoonguss|move: Rage Powder\n|move|p2b: Sylveon|Calm Mind|p2b: Sylveon\n|-boost|p2b: Sylveon|spa|1\n|-boost|p2b: Sylveon|spd|1\n|\n|upkeep\n|turn|3\n|\n|t:|1681804927\n|move|p1b: Chi-Yu|Snarl|p2b: Sylveon|[spread] p2a,p2b\n|-resisted|p2b: Sylveon\n|-damage|p2a: Amoonguss|79\/100\n|-damage|p2b: Sylveon|71\/100\n|-unboost|p2a: Amoonguss|spa|1\n|-unboost|p2b: Sylveon|spa|1\n|move|p2b: Sylveon|Calm Mind|p2b: Sylveon\n|-boost|p2b: Sylveon|spa|1\n|-boost|p2b: Sylveon|spd|1\n|move|p2a: Amoonguss|Spore|p1a: Bronzong\n|-status|p1a: Bronzong|slp|[from] move: Spore\n|cant|p1a: Bronzong|slp\n|\n|-heal|p2a: Amoonguss|85\/100|[from] item: Leftovers\n|upkeep\n|turn|4\n|\n|t:|1681804943\n|move|p1b: Chi-Yu|Snarl|p2a: Amoonguss|[spread] p2a,p2b\n|-resisted|p2b: Sylveon\n|-damage|p2a: Amoonguss|65\/100\n|-damage|p2b: Sylveon|66\/100\n|-unboost|p2a: Amoonguss|spa|1\n|-unboost|p2b: Sylveon|spa|1\n|move|p2b: Sylveon|Hyper Voice|p1a: Bronzong|[spread] p1a,p1b\n|-resisted|p1a: Bronzong\n|-damage|p1a: Bronzong|68\/100 slp\n|-damage|p1b: Chi-Yu|26\/100\n|-enditem|p2b: Sylveon|Throat Spray\n|-boost|p2b: Sylveon|spa|1|[from] item: Throat Spray\n|move|p2a: Amoonguss|Spore||[still]\n|-fail|p2a: Amoonguss\n|-curestatus|p1a: Bronzong|slp|[msg]\n|move|p1a: Bronzong|Iron Head|p2b: Sylveon\n|-supereffective|p2b: Sylveon\n|-damage|p2b: Sylveon|0 fnt\n|faint|p2b: Sylveon\n|\n|-heal|p2a: Amoonguss|71\/100|[from] item: Leftovers\n|upkeep\n|\n|t:|1681804961\n|switch|p2b: Dragapult|Dragapult, L50, M|100\/100\n|turn|5\n|\n|t:|1681804981\n|move|p2b: Dragapult|Dragon Darts|p1a: Bronzong\n|-resisted|p1a: Bronzong\n|-damage|p1a: Bronzong|57\/100\n|-anim|p2b: Dragapult|Dragon Darts|p1b: Chi-Yu\n|-damage|p1b: Chi-Yu|0 fnt\n|faint|p1b: Chi-Yu\n|-damage|p2b: Dragapult|91\/100|[from] item: Life Orb\n|move|p2a: Amoonguss|Spore|p1a: Bronzong\n|-status|p1a: Bronzong|slp|[from] move: Spore\n|cant|p1a: Bronzong|slp\n|\n|-heal|p2a: Amoonguss|77\/100|[from] item: Leftovers\n|upkeep\n|\n|t:|1681804994\n|switch|p1b: Grimmsnarl|Grimmsnarl, L50, M|100\/100\n|turn|6\n|\n|t:|1681805014\n|move|p1b: Grimmsnarl|Trick|p2a: Amoonguss\n|-activate|p1b: Grimmsnarl|move: Trick|[of] p2a: Amoonguss\n|-item|p2a: Amoonguss|Lagging Tail|[from] move: Trick\n|-item|p1b: Grimmsnarl|Leftovers|[from] move: Trick\n|move|p2b: Dragapult|Phantom Force||[still]\n|-prepare|p2b: Dragapult|Phantom Force\n|move|p2a: Amoonguss|Spore|p1b: Grimmsnarl\n|-status|p1b: Grimmsnarl|slp|[from] move: Spore\n|cant|p1a: Bronzong|slp\n|\n|upkeep\n|turn|7\n|\n|t:|1681805030\n|move|p2b: Dragapult|Phantom Force|p1b: Grimmsnarl|[from]lockedmove\n|-resisted|p1b: Grimmsnarl\n|-damage|p1b: Grimmsnarl|64\/100 slp\n|-damage|p2b: Dragapult|81\/100|[from] item: Life Orb\n|cant|p1b: Grimmsnarl|slp\n|cant|p1a: Bronzong|slp\n|move|p2a: Amoonguss|Pollen Puff|p1b: Grimmsnarl\n|-damage|p1b: Grimmsnarl|53\/100 slp\n|\n|-heal|p1b: Grimmsnarl|59\/100 slp|[from] item: Leftovers\n|upkeep\n|turn|8\n|\n|t:|1681805050\n|switch|p2a: Arcanine|Arcanine, L50, F|100\/100\n|-ability|p2a: Arcanine|Intimidate|boost\n|-unboost|p1a: Bronzong|atk|1\n|-unboost|p1b: Grimmsnarl|atk|1\n|cant|p1b: Grimmsnarl|slp\n|move|p2b: Dragapult|Dragon Darts|p1a: Bronzong\n|-resisted|p1a: Bronzong\n|-damage|p1a: Bronzong|44\/100 slp\n|-anim|p2b: Dragapult|Dragon Darts|p1a: Bronzong\n|-resisted|p1a: Bronzong\n|-damage|p1a: Bronzong|33\/100 slp\n|-damage|p2b: Dragapult|71\/100|[from] item: Life Orb\n|-curestatus|p1a: Bronzong|slp|[msg]\n|move|p1a: Bronzong|Iron Head|p2b: Dragapult\n|-damage|p2b: Dragapult|49\/100\n|\n|-heal|p1b: Grimmsnarl|65\/100 slp|[from] item: Leftovers\n|upkeep\n|turn|9\n|inactive|Feach has 30 seconds left.\n|\n|t:|1681805076\n|switch|p1a: Gastrodon|Gastrodon, L50, F|100\/100\n|-curestatus|p1b: Grimmsnarl|slp|[msg]\n|move|p1b: Grimmsnarl|Sucker Punch|p2b: Dragapult\n|-supereffective|p2b: Dragapult\n|-damage|p2b: Dragapult|0 fnt\n|faint|p2b: Dragapult\n|move|p2a: Arcanine|Flare Blitz|p1a: Gastrodon\n|-resisted|p1a: Gastrodon\n|-damage|p1a: Gastrodon|73\/100\n|-damage|p2a: Arcanine|91\/100|[from] Recoil\n|\n|-heal|p1b: Grimmsnarl|71\/100|[from] item: Leftovers\n|upkeep\n|\n|t:|1681805088\n|switch|p2b: Amoonguss|Amoonguss, L50, F|100\/100\n|turn|10\n|\n|t:|1681805107\n|move|p1a: Gastrodon|Protect|p1a: Gastrodon\n|-singleturn|p1a: Gastrodon|Protect\n|move|p2a: Arcanine|Snarl|p1b: Grimmsnarl|[spread] p1b\n|-activate|p1a: Gastrodon|move: Protect\n|-resisted|p1b: Grimmsnarl\n|-damage|p1b: Grimmsnarl|68\/100\n|-unboost|p1b: Grimmsnarl|spa|1\n|move|p1b: Grimmsnarl|Spirit Break|p2a: Arcanine\n|-resisted|p2a: Arcanine\n|-damage|p2a: Arcanine|77\/100\n|-unboost|p2a: Arcanine|spa|1\n|move|p2b: Amoonguss|Spore|p1b: Grimmsnarl\n|-status|p1b: Grimmsnarl|slp|[from] move: Spore\n|\n|-heal|p1b: Grimmsnarl|74\/100 slp|[from] item: Leftovers\n|upkeep\n|turn|11\n|\n|t:|1681805127\n|move|p2a: Arcanine|Will-O-Wisp|p1a: Gastrodon\n|-status|p1a: Gastrodon|brn\n|cant|p1b: Grimmsnarl|slp\n|move|p1a: Gastrodon|Earth Power|p2a: Arcanine\n|-supereffective|p2a: Arcanine\n|-damage|p2a: Arcanine|16\/100\n|move|p2b: Amoonguss|Spore||[still]\n|-fail|p2b: Amoonguss\n|\n|-heal|p1b: Grimmsnarl|80\/100 slp|[from] item: Leftovers\n|-damage|p1a: Gastrodon|68\/100 brn|[from] brn\n|upkeep\n|turn|12\n|\n|t:|1681805146\n|move|p2a: Arcanine|Snarl|p1b: Grimmsnarl|[spread] p1a,p1b\n|-resisted|p1b: Grimmsnarl\n|-damage|p1a: Gastrodon|63\/100 brn\n|-damage|p1b: Grimmsnarl|78\/100 slp\n|-unboost|p1b: Grimmsnarl|spa|1\n|-curestatus|p1b: Grimmsnarl|slp|[msg]\n|move|p1b: Grimmsnarl|Spirit Break|p2a: Arcanine\n|-resisted|p2a: Arcanine\n|-damage|p2a: Arcanine|2\/100\n|-unboost|p2a: Arcanine|spa|1\n|move|p1a: Gastrodon|Earth Power|p2a: Arcanine\n|-supereffective|p2a: Arcanine\n|-damage|p2a: Arcanine|0 fnt\n|faint|p2a: Arcanine\n|move|p2b: Amoonguss|Pollen Puff|p2: Arcanine|[notarget]\n|-fail|p2b: Amoonguss\n|\n|-heal|p1b: Grimmsnarl|84\/100|[from] item: Leftovers\n|-damage|p1a: Gastrodon|58\/100 brn|[from] brn\n|upkeep\n|turn|13\n|-message|Feach forfeited.\n|\n|win|tghdfgh\n|raw|tghdfgh's rating: 1125 → 1146<\/strong> (+21 for winning)\n|raw|Feach's rating: 1074 → 1056<\/strong> (-18 for losing)\n|l|\u2606Feach\n","uploadtime":1681805162,"views":9,"p1id":"tghdfgh","p2id":"feach","formatid":"gen9vgc2023regulationc","rating":1056,"private":0,"password":""}