{"id":"gen9vgc2023regulationc-1857136884","p1":"BIGHAXORUSFAN147","p2":"GiovanniLor","format":"[Gen 9] VGC 2023 Regulation C","log":"|j|\u2606BIGHAXORUSFAN147\n|j|\u2606GiovanniLor\n|t:|1683149606\n|gametype|doubles\n|player|p1|BIGHAXORUSFAN147|grimsley-masters|1497\n|player|p2|GiovanniLor|2|1408\n|teamsize|p1|6\n|teamsize|p2|6\n|gen|9\n|tier|[Gen 9] VGC 2023 Regulation C\n|rated|\n|rule|Species Clause: Limit one of each Pok\u00e9mon\n|rule|Item Clause: Limit one of each item\n|clearpoke\n|poke|p1|Chien-Pao, L50|\n|poke|p1|Palafin, L50, M|\n|poke|p1|Dragonite, L50, F|\n|poke|p1|Amoonguss, L50, M|\n|poke|p1|Arcanine, L50, M|\n|poke|p1|Flutter Mane, L50|\n|poke|p2|Dragapult, L50, M|\n|poke|p2|Chien-Pao, L50|\n|poke|p2|Gholdengo, L50|\n|poke|p2|Amoonguss, L50, M|\n|poke|p2|Ting-Lu, L50|\n|poke|p2|Gyarados, L50, M|\n|teampreview|4\nBIGHAXORUSFAN147 has agreed to open team sheets.\n|j| SupernovaSZ8\nGiovanniLor has agreed to open team sheets.\n|\n|t:|1683149665\n|start\n|switch|p1a: Iris|Chien-Pao, L50|100\/100\n|switch|p1b: Avery|Dragonite, L50, F, shiny|100\/100\n|switch|p2a: Dragapult|Dragapult, L50, M, shiny|100\/100\n|switch|p2b: Chien-Pao|Chien-Pao, L50|100\/100\n|-ability|p2b: Chien-Pao|Sword of Ruin\n|-ability|p1a: Iris|Sword of Ruin\n|turn|1\n|\n|t:|1683149689\n|switch|p2a: Gyarados|Gyarados, L50, M, shiny|100\/100\n|-ability|p2a: Gyarados|Intimidate|boost\n|-unboost|p1a: Iris|atk|1\n|-unboost|p1b: Avery|atk|1\n|-terastallize|p1b: Avery|Flying\n|move|p1a: Iris|Sucker Punch||[still]\n|-fail|p1a: Iris\n|move|p2b: Chien-Pao|Icicle Crash|p1b: Avery\n|-supereffective|p1b: Avery\n|-damage|p1b: Avery|45\/100\n|move|p1b: Avery|Tera Blast|p2b: Chien-Pao\n|-damage|p2b: Chien-Pao|47\/100\n|\n|upkeep\n|turn|2\n|\n|t:|1683149733\n|move|p2b: Chien-Pao|Ice Shard|p1b: Avery\n|-supereffective|p1b: Avery\n|-damage|p1b: Avery|0 fnt\n|faint|p1b: Avery\n|move|p1a: Iris|Sacred Sword|p2b: Chien-Pao\n|-supereffective|p2b: Chien-Pao\n|-damage|p2b: Chien-Pao|0 fnt\n|faint|p2b: Chien-Pao\n|move|p2a: Gyarados|Thunder Wave|p1a: Iris\n|-status|p1a: Iris|par\n|\n|upkeep\n|\n|t:|1683149747\n|switch|p2b: Amoonguss|Amoonguss, L50, M|100\/100\n|switch|p1b: Celeste|Flutter Mane, L50|100\/100\n|turn|3\n|\n|t:|1683149767\n|move|p2a: Gyarados|Protect|p2a: Gyarados\n|-singleturn|p2a: Gyarados|Protect\n|move|p1b: Celeste|Shadow Ball|p2b: Amoonguss\n|-damage|p2b: Amoonguss|43\/100\n|-enditem|p2b: Amoonguss|Sitrus Berry|[eat]\n|-heal|p2b: Amoonguss|68\/100|[from] item: Sitrus Berry\n|move|p1a: Iris|Ice Spinner|p2b: Amoonguss\n|-supereffective|p2b: Amoonguss\n|-damage|p2b: Amoonguss|11\/100\n|move|p2b: Amoonguss|Spore|p1b: Celeste\n|-status|p1b: Celeste|slp|[from] move: Spore\n|\n|upkeep\n|turn|4\n|\n|t:|1683149787\n|-end|p1b: Celeste|Protosynthesis|[silent]\n|switch|p1b: Adam|Arcanine, L50, M|100\/100\n|-ability|p1b: Adam|Intimidate|boost\n|-unboost|p2a: Gyarados|atk|1\n|-unboost|p2b: Amoonguss|atk|1\n|switch|p2b: Dragapult|Dragapult, L50, M, shiny|100\/100\n|move|p2a: Gyarados|Waterfall|p1a: Iris\n|-damage|p1a: Iris|67\/100 par\n|move|p1a: Iris|Ice Spinner|p2a: Gyarados\n|-damage|p2a: Gyarados|68\/100\n|\n|upkeep\n|turn|5\n|\n|t:|1683149808\n|-terastallize|p2b: Dragapult|Dragon\n|move|p1a: Iris|Sucker Punch|p2b: Dragapult\n|-damage|p2b: Dragapult|56\/100\n|move|p2b: Dragapult|Dragon Darts|p1a: Iris\n|-damage|p1a: Iris|0 fnt\n|-anim|p2b: Dragapult|Dragon Darts|p1b: Adam\n|-damage|p1b: Adam|50\/100\n|faint|p1a: Iris\n|move|p1b: Adam|Will-O-Wisp|p2a: Gyarados\n|-status|p2a: Gyarados|brn\n|move|p2a: Gyarados|Waterfall|p1b: Adam\n|-supereffective|p1b: Adam\n|-damage|p1b: Adam|25\/100\n|\n|-damage|p2a: Gyarados|62\/100 brn|[from] brn\n|upkeep\n|\n|t:|1683149821\n|switch|p1a: Celeste|Flutter Mane, L50|100\/100 slp\n|turn|6\n|\n|t:|1683149863\n|move|p1b: Adam|Protect|p1b: Adam\n|-singleturn|p1b: Adam|Protect\n|move|p2b: Dragapult|Dragon Darts|p1b: Adam\n|-immune|p1a: Celeste\n|cant|p1a: Celeste|slp\n|move|p2a: Gyarados|Waterfall|p1a: Celeste\n|-damage|p1a: Celeste|84\/100 slp\n|\n|-damage|p2a: Gyarados|56\/100 brn|[from] brn\n|upkeep\n|turn|7\n|\n|t:|1683149891\n|switch|p2b: Amoonguss|Amoonguss, L50, M|44\/100\n|move|p1b: Adam|Protect|p1b: Adam\n|-singleturn|p1b: Adam|Protect\n|-curestatus|p1a: Celeste|slp|[msg]\n|move|p1a: Celeste|Shadow Ball|p2a: Gyarados\n|-damage|p2a: Gyarados|10\/100 brn\n|move|p2a: Gyarados|Waterfall|p1b: Adam\n|-activate|p1b: Adam|move: Protect\n|\n|-damage|p2a: Gyarados|4\/100 brn|[from] brn\n|upkeep\n|turn|8\n|\n|t:|1683149915\n|move|p2b: Amoonguss|Protect|p2b: Amoonguss\n|-singleturn|p2b: Amoonguss|Protect\n|move|p1b: Adam|Extreme Speed|p2a: Gyarados\n|-damage|p2a: Gyarados|0 fnt\n|faint|p2a: Gyarados\n|move|p1a: Celeste|Shadow Ball|p2b: Amoonguss\n|-activate|p2b: Amoonguss|move: Protect\n|\n|upkeep\n|\n|t:|1683149917\n|switch|p2a: Dragapult|Dragapult, L50, M, shiny, tera:Dragon|56\/100\n|turn|9\n|l| SupernovaSZ8\n|\n|t:|1683149957\n|move|p2b: Amoonguss|Protect||[still]\n|-fail|p2b: Amoonguss\n|move|p1b: Adam|Extreme Speed|p2a: Dragapult\n|-damage|p2a: Dragapult|23\/100\n|move|p2a: Dragapult|Phantom Force||[still]\n|-prepare|p2a: Dragapult|Phantom Force\n|move|p1a: Celeste|Shadow Ball|p2a: Dragapult|[miss]\n|-miss|p1a: Celeste|p2a: Dragapult\n|\n|upkeep\n|turn|10\n|\n|t:|1683149983\n|move|p2a: Dragapult|Phantom Force|p1a: Celeste|[from]lockedmove\n|-supereffective|p1a: Celeste\n|-damage|p1a: Celeste|0 fnt\n|faint|p1a: Celeste\n|-end|p1a: Celeste|Protosynthesis|[silent]\n|move|p1b: Adam|Flare Blitz|p2b: Amoonguss\n|-supereffective|p2b: Amoonguss\n|-damage|p2b: Amoonguss|0 fnt\n|faint|p2b: Amoonguss\n|-damage|p1b: Adam|9\/100|[from] Recoil\n|\n|upkeep\n|turn|11\n|\n|t:|1683149993\n|move|p1b: Adam|Extreme Speed|p2a: Dragapult\n|-damage|p2a: Dragapult|0 fnt\n|faint|p2a: Dragapult\n|\n|win|BIGHAXORUSFAN147\n|raw|BIGHAXORUSFAN147's rating: 1497 → 1512<\/strong> (+15 for winning)\n|raw|GiovanniLor's rating: 1408 → 1393<\/strong> (-15 for losing)\n|l|\u2606GiovanniLor\n","uploadtime":1683150000,"views":6,"p1id":"bighaxorusfan147","p2id":"giovannilor","formatid":"gen9vgc2023regulationc","rating":1393,"private":0,"password":""}