{"id":"gen9vgc2023regulationc-1863828072","p1":"j4ce","p2":"Applejacks15","format":"[Gen 9] VGC 2023 Regulation C","log":"|j|\u2606j4ce\n|j|\u2606Applejacks15\n|t:|1684082646\n|gametype|doubles\n|player|p1|j4ce|1|\n|player|p2|Applejacks15|supernerd|\n|teamsize|p1|6\n|teamsize|p2|6\n|gen|9\n|tier|[Gen 9] VGC 2023 Regulation C\n|rule|Species Clause: Limit one of each Pok\u00e9mon\n|rule|Item Clause: Limit one of each item\n|clearpoke\n|poke|p1|Florges, L50, F|\n|poke|p1|Donphan, L50, M|\n|poke|p1|Zoroark, L50, M|\n|poke|p1|Stonjourner, L50, F|\n|poke|p1|Stantler, L50, M|\n|poke|p1|Forretress, L50, F|\n|poke|p2|Sandaconda, L50, F|\n|poke|p2|Seviper, L50, M|\n|poke|p2|Banette, L50, F|\n|poke|p2|Lycanroc-Dusk, L50, M|\n|poke|p2|Rotom-Fan, L50|\n|poke|p2|Bruxish, L50, M|\n|teampreview|4\n|c|\u2606j4ce|g1\nj4ce rejected open team sheets.\n|c|\u2606j4ce|glhf!\n|c|\u2606Applejacks15|heyo glhf!\n|c|\u2606Applejacks15|should I post livelinks?\n|c|\u2606Applejacks15|posted\n|c|\u2606j4ce|yes! Sorry\n|j| Yeetawheat\n|\n|t:|1684082858\n|start\n|switch|p1a: Staghorn Fern|Stantler, L50, M|100\/100\n|switch|p1b: Hyacinth|Florges, L50, F, shiny|100\/100\n|switch|p2a: imaspookyghost|Banette, L50, F|100\/100\n|switch|p2b: imafancyfish|Bruxish, L50, M|100\/100\n|-item|p1a: Staghorn Fern|Eviolite|[from] ability: Frisk|[of] p2a: imaspookyghost|[identify]\n|-item|p1b: Hyacinth|Life Orb|[from] ability: Frisk|[of] p2a: imaspookyghost|[identify]\n|-ability|p1a: Staghorn Fern|Intimidate|boost\n|-unboost|p2a: imaspookyghost|atk|1\n|-unboost|p2b: imafancyfish|atk|1\n|turn|1\n|\n|t:|1684082943\n|move|p1b: Hyacinth|Dark Pulse|p2b: imafancyfish\n|-supereffective|p2b: imafancyfish\n|-damage|p2b: imafancyfish|0 fnt\n|faint|p2b: imafancyfish\n|-damage|p1b: Hyacinth|91\/100|[from] item: Life Orb\n|move|p2a: imaspookyghost|Gunk Shot|p1b: Hyacinth\n|-damage|p1b: Hyacinth|43\/100\n|replace|p1b: Bird of Paradise|Zoroark, L50, M\n|-end|p1b: Bird of Paradise|Illusion\n|move|p1a: Staghorn Fern|Reflect|p1a: Staghorn Fern\n|-sidestart|p1: j4ce|Reflect\n|\n|upkeep\n|\n|t:|1684082981\n|switch|p2b: imasneakysnake|Seviper, L50, M|100\/100\n|turn|2\n|l| Yeetawheat\n|\n|t:|1684083070\n|move|p2a: imaspookyghost|Protect|p2a: imaspookyghost\n|-singleturn|p2a: imaspookyghost|Protect\n|move|p1b: Bird of Paradise|Dark Pulse|p2a: imaspookyghost\n|-activate|p2a: imaspookyghost|move: Protect\n|move|p2b: imasneakysnake|Sludge Bomb|p1b: Bird of Paradise\n|-damage|p1b: Bird of Paradise|0 fnt\n|faint|p1b: Bird of Paradise\n|move|p1a: Staghorn Fern|Double-Edge|p2b: imasneakysnake\n|-damage|p2b: imasneakysnake|33\/100\n|-damage|p1a: Staghorn Fern|80\/100|[from] Recoil\n|\n|upkeep\n|\n|t:|1684083081\n|switch|p1b: Hyacinth|Florges, L50, F, shiny|100\/100\n|turn|3\n|\n|t:|1684083167\n|-terastallize|p1b: Hyacinth|Ground\n|move|p1b: Hyacinth|Moonblast|p2a: imaspookyghost\n|-damage|p2a: imaspookyghost|33\/100\n|move|p2b: imasneakysnake|Sludge Bomb|p1a: Staghorn Fern\n|-damage|p1a: Staghorn Fern|38\/100\n|move|p2a: imaspookyghost|Gunk Shot|p1a: Staghorn Fern\n|-damage|p1a: Staghorn Fern|27\/100\n|move|p1a: Staghorn Fern|Double-Edge|p2b: imasneakysnake\n|-damage|p2b: imasneakysnake|0 fnt\n|faint|p2b: imasneakysnake\n|-damage|p1a: Staghorn Fern|17\/100|[from] Recoil\n|\n|upkeep\n|\n|t:|1684083189\n|switch|p2b: imapricypuppa|Lycanroc-Dusk, L50, M|100\/100\n|turn|4\n|\n|t:|1684083270\n|switch|p1a: Chestnut|Forretress, L50, F|100\/100\n|-terastallize|p2b: imapricypuppa|Steel\n|move|p1b: Hyacinth|Moonblast|p2b: imapricypuppa\n|-resisted|p2b: imapricypuppa\n|-damage|p2b: imapricypuppa|63\/100\n|move|p2b: imapricypuppa|Iron Head|p1a: Chestnut\n|-resisted|p1a: Chestnut\n|-damage|p1a: Chestnut|87\/100\n|move|p2a: imaspookyghost|Gunk Shot|p1b: Hyacinth\n|-resisted|p1b: Hyacinth\n|-damage|p1b: Hyacinth|88\/100\n|\n|-heal|p1a: Chestnut|93\/100|[from] item: Leftovers\n|upkeep\n|turn|5\n|\n|t:|1684083293\n|switch|p1a: Staghorn Fern|Stantler, L50, M|17\/100\n|-ability|p1a: Staghorn Fern|Intimidate|boost\n|-unboost|p2a: imaspookyghost|atk|1\n|-unboost|p2b: imapricypuppa|atk|1\n|move|p1b: Hyacinth|Moonblast|p2a: imaspookyghost\n|-damage|p2a: imaspookyghost|0 fnt\n|faint|p2a: imaspookyghost\n|move|p2b: imapricypuppa|Iron Head|p1b: Hyacinth\n|-damage|p1b: Hyacinth|57\/100\n|\n|-sideend|p1: j4ce|Reflect\n|upkeep\n|turn|6\n|c|\u2606Applejacks15|sheesh, gg\n|\n|t:|1684083322\n|switch|p1b: Chestnut|Forretress, L50, F|93\/100\n|move|p2b: imapricypuppa|Iron Head|p1b: Chestnut\n|-resisted|p1b: Chestnut\n|-damage|p1b: Chestnut|81\/100\n|move|p1a: Staghorn Fern|Reflect|p1a: Staghorn Fern\n|-sidestart|p1: j4ce|Reflect\n|\n|-heal|p1b: Chestnut|87\/100|[from] item: Leftovers\n|upkeep\n|turn|7\n|\n|t:|1684083336\n|move|p2b: imapricypuppa|Iron Head|p1a: Staghorn Fern\n|-crit|p1a: Staghorn Fern\n|-damage|p1a: Staghorn Fern|0 fnt\n|faint|p1a: Staghorn Fern\n|move|p1b: Chestnut|Body Press|p2b: imapricypuppa\n|-supereffective|p2b: imapricypuppa\n|-damage|p2b: imapricypuppa|0 fnt\n|faint|p2b: imapricypuppa\n|\n|win|j4ce\n|c|\u2606j4ce|gg!\n","uploadtime":1684083781,"views":17,"p1id":"j4ce","p2id":"applejacks15","formatid":"gen9vgc2023regulationc","rating":0,"private":0,"password":""}