{"id":"gen9vgc2023regulationc-1863748888","p1":"Heureusement","p2":"your local x-9","format":"[Gen 9] VGC 2023 Regulation C","log":"|j|\u2606Heureusement\n|j|\u2606your local x-9\n|t:|1684071568\n|gametype|doubles\n|player|p1|Heureusement|266|1489\n|player|p2|your local x-9|dahlia|1479\n|teamsize|p1|6\n|teamsize|p2|6\n|gen|9\n|tier|[Gen 9] VGC 2023 Regulation C\n|rated|\n|rule|Species Clause: Limit one of each Pok\u00e9mon\n|rule|Item Clause: Limit one of each item\n|clearpoke\n|poke|p1|Garchomp, L50, F|\n|poke|p1|Chi-Yu, L50|\n|poke|p1|Iron Jugulis, L50|\n|poke|p1|Gyarados, L50, F|\n|poke|p1|Amoonguss, L50, F|\n|poke|p1|Flutter Mane, L50|\n|poke|p2|Palafin, L50, F|\n|poke|p2|Arcanine, L50, M|\n|poke|p2|Amoonguss, L50, M|\n|poke|p2|Gholdengo, L50|\n|poke|p2|Ting-Lu, L50|\n|poke|p2|Baxcalibur, L50, F|\n|teampreview|4\n|c|\u2606your local x-9|glhf\nyour local x-9 has agreed to open team sheets.\n|c|\u2606Heureusement|u2\nHeureusement has agreed to open team sheets.\n|\n|t:|1684071648\n|start\n|switch|p1a: Gyarados|Gyarados, L50, F|100\/100\n|switch|p1b: Garchomp|Garchomp, L50, F|100\/100\n|switch|p2a: Palafin|Palafin, L50, F|100\/100\n|switch|p2b: Arcanine|Arcanine, L50, M|100\/100\n|-ability|p2b: Arcanine|Intimidate|boost\n|-unboost|p1a: Gyarados|atk|1\n|-unboost|p1b: Garchomp|atk|1\n|-ability|p1a: Gyarados|Intimidate|boost\n|-unboost|p2a: Palafin|atk|1\n|-unboost|p2b: Arcanine|atk|1\n|turn|1\n|\n|t:|1684071702\n|switch|p1b: Amoonguss|Amoonguss, L50, F|100\/100\n|switch|p2b: Amoonguss|Amoonguss, L50, M|100\/100\n|detailschange|p2a: Palafin|Palafin-Hero, L50, F\n|switch|p2a: Baxcalibur|Baxcalibur, L50, F|100\/100\n|move|p1a: Gyarados|Thunder Wave|p2a: Baxcalibur\n|-status|p2a: Baxcalibur|par\n|\n|upkeep\n|turn|2\n|\n|t:|1684071738\n|switch|p1b: Chi-Yu|Chi-Yu, L50|100\/100\n|-ability|p1b: Chi-Yu|Beads of Ruin\n|move|p1a: Gyarados|Taunt|p2b: Amoonguss\n|-start|p2b: Amoonguss|move: Taunt\n|move|p2a: Baxcalibur|Icicle Crash|p1b: Chi-Yu\n|-resisted|p1b: Chi-Yu\n|-damage|p1b: Chi-Yu|57\/100\n|cant|p2b: Amoonguss|move: Taunt|Spore\n|\n|upkeep\n|turn|3\n|\n|t:|1684071758\n|switch|p2b: Arcanine|Arcanine, L50, M|100\/100\n|-ability|p2b: Arcanine|Intimidate|boost\n|-unboost|p1a: Gyarados|atk|1\n|-unboost|p1b: Chi-Yu|atk|1\n|move|p1b: Chi-Yu|Protect|p1b: Chi-Yu\n|-singleturn|p1b: Chi-Yu|Protect\n|move|p1a: Gyarados|Waterfall|p2a: Baxcalibur\n|-resisted|p2a: Baxcalibur\n|-damage|p2a: Baxcalibur|93\/100 par\n|move|p2a: Baxcalibur|Glaive Rush|p1b: Chi-Yu\n|-activate|p1b: Chi-Yu|move: Protect\n|\n|upkeep\n|turn|4\n|\n|t:|1684071782\n|switch|p1a: Amoonguss|Amoonguss, L50, F|100\/100\n|move|p1b: Chi-Yu|Heat Wave|p2b: Arcanine|[spread] p2a,p2b\n|-resisted|p2b: Arcanine\n|-damage|p2a: Baxcalibur|32\/100 par\n|-damage|p2b: Arcanine|65\/100\n|-ability|p2a: Baxcalibur|Thermal Exchange|boost\n|-boost|p2a: Baxcalibur|atk|1\n|-damage|p1b: Chi-Yu|47\/100|[from] item: Life Orb\n|move|p2b: Arcanine|Howl|p2b: Arcanine|[spread] p2a,p2b\n|-boost|p2a: Baxcalibur|atk|1\n|-boost|p2b: Arcanine|atk|1\n|cant|p2a: Baxcalibur|par\n|\n|upkeep\n|turn|5\n|\n|t:|1684071799\n|-terastallize|p1a: Amoonguss|Water\n|move|p2a: Baxcalibur|Protect|p2a: Baxcalibur\n|-singleturn|p2a: Baxcalibur|Protect\n|move|p2b: Arcanine|Extreme Speed|p1b: Chi-Yu\n|-damage|p1b: Chi-Yu|0 fnt\n|faint|p1b: Chi-Yu\n|move|p1a: Amoonguss|Pollen Puff|p1: Chi-Yu|[notarget]\n|-fail|p1a: Amoonguss\n|\n|upkeep\n|\n|t:|1684071813\n|switch|p1b: Gyarados|Gyarados, L50, F|100\/100\n|-ability|p1b: Gyarados|Intimidate|boost\n|-fail|p2a: Baxcalibur|unboost|[from] item: Clear Amulet|[of] p2a: Baxcalibur\n|-unboost|p2b: Arcanine|atk|1\n|turn|6\n|\n|t:|1684071823\n|switch|p2b: Amoonguss|Amoonguss, L50, M|100\/100\n|move|p1b: Gyarados|Waterfall|p2b: Amoonguss\n|-resisted|p2b: Amoonguss\n|-damage|p2b: Amoonguss|87\/100\n|cant|p2a: Baxcalibur|par\n|move|p1a: Amoonguss|Pollen Puff|p2a: Baxcalibur\n|-damage|p2a: Baxcalibur|14\/100 par\n|\n|upkeep\n|turn|7\n|\n|t:|1684071847\n|move|p1a: Amoonguss|Protect|p1a: Amoonguss\n|-singleturn|p1a: Amoonguss|Protect\n|move|p2b: Amoonguss|Rage Powder|p2b: Amoonguss\n|-singleturn|p2b: Amoonguss|move: Rage Powder\n|move|p1b: Gyarados|Taunt|p2b: Amoonguss\n|-start|p2b: Amoonguss|move: Taunt\n|move|p2a: Baxcalibur|Glaive Rush|p1a: Amoonguss\n|-activate|p1a: Amoonguss|move: Protect\n|\n|upkeep\n|turn|8\n|\n|t:|1684071864\n|move|p1b: Gyarados|Waterfall|p2a: Baxcalibur\n|-resisted|p2a: Baxcalibur\n|-damage|p2a: Baxcalibur|0 fnt\n|faint|p2a: Baxcalibur\n|move|p2b: Amoonguss|Pollen Puff|p2: Baxcalibur|[notarget]\n|-fail|p2b: Amoonguss\n|move|p1a: Amoonguss|Pollen Puff|p2b: Amoonguss\n|-damage|p2b: Amoonguss|72\/100\n|\n|upkeep\n|c|\u2606your local x-9|this game is intent on making sure I never hit a glaive rush\n|\n|t:|1684071881\n|switch|p2a: Arcanine|Arcanine, L50, M|65\/100\n|-ability|p2a: Arcanine|Intimidate|boost\n|-unboost|p1a: Amoonguss|atk|1\n|-unboost|p1b: Gyarados|atk|1\n|turn|9\n|\n|t:|1684071895\n|move|p2a: Arcanine|Will-O-Wisp|p1b: Gyarados\n|-status|p1b: Gyarados|brn\n|move|p1b: Gyarados|Waterfall|p2a: Arcanine\n|-supereffective|p2a: Arcanine\n|-damage|p2a: Arcanine|37\/100\n|move|p1a: Amoonguss|Spore|p2a: Arcanine\n|-activate|p2a: Arcanine|item: Safety Goggles|Spore\n|move|p2b: Amoonguss|Pollen Puff|p2a: Arcanine\n|-heal|p2a: Arcanine|87\/100\n|\n|-damage|p1b: Gyarados|95\/100 brn|[from] brn\n|upkeep\n|turn|10\n|\n|t:|1684071921\n|move|p2a: Arcanine|Howl|p2a: Arcanine|[spread] p2a,p2b\n|-boost|p2a: Arcanine|atk|1\n|-boost|p2b: Amoonguss|atk|1\n|move|p1b: Gyarados|Thunder Wave|p2a: Arcanine\n|-status|p2a: Arcanine|par\n|move|p2b: Amoonguss|Pollen Puff|p2a: Arcanine\n|-heal|p2a: Arcanine|100\/100 par\n|move|p1a: Amoonguss|Pollen Puff|p1b: Gyarados\n|-heal|p1b: Gyarados|100\/100 brn\n|\n|-damage|p1b: Gyarados|95\/100 brn|[from] brn\n|-end|p2b: Amoonguss|move: Taunt\n|upkeep\n|turn|11\n|\n|t:|1684071931\n|move|p1b: Gyarados|Taunt|p2b: Amoonguss\n|-start|p2b: Amoonguss|move: Taunt\n|move|p2a: Arcanine|Howl|p2a: Arcanine|[spread] p2a,p2b\n|-boost|p2a: Arcanine|atk|1\n|-boost|p2b: Amoonguss|atk|1\n|cant|p2b: Amoonguss|move: Taunt|Spore\n|move|p1a: Amoonguss|Pollen Puff|p2a: Arcanine\n|-resisted|p2a: Arcanine\n|-damage|p2a: Arcanine|90\/100 par\n|\n|-damage|p1b: Gyarados|89\/100 brn|[from] brn\n|upkeep\n|turn|12\n|\n|t:|1684071949\n|move|p2a: Arcanine|Extreme Speed|p1b: Gyarados\n|-damage|p1b: Gyarados|32\/100 brn\n|-enditem|p1b: Gyarados|Sitrus Berry|[eat]\n|-heal|p1b: Gyarados|57\/100 brn|[from] item: Sitrus Berry\n|move|p1b: Gyarados|Taunt|p2a: Arcanine\n|-start|p2a: Arcanine|move: Taunt\n|move|p2b: Amoonguss|Pollen Puff|p2a: Arcanine\n|-heal|p2a: Arcanine|100\/100 par\n|move|p1a: Amoonguss|Pollen Puff|p2b: Amoonguss\n|-damage|p2b: Amoonguss|56\/100\n|\n|-damage|p1b: Gyarados|51\/100 brn|[from] brn\n|upkeep\n|turn|13\n|\n|t:|1684071978\n|switch|p1a: Garchomp|Garchomp, L50, F|100\/100\n|cant|p2a: Arcanine|par\n|move|p1b: Gyarados|Waterfall|p2b: Amoonguss\n|-resisted|p2b: Amoonguss\n|-damage|p2b: Amoonguss|51\/100\n|move|p2b: Amoonguss|Pollen Puff|p2a: Arcanine\n|-immune|p2a: Arcanine\n|\n|-damage|p1b: Gyarados|45\/100 brn|[from] brn\n|-end|p2b: Amoonguss|move: Taunt\n|upkeep\n|turn|14\n|\n|t:|1684071993\n|-terastallize|p2a: Arcanine|Water\n|move|p1b: Gyarados|Helping Hand|p1a: Garchomp\n|-singleturn|p1a: Garchomp|Helping Hand|[of] p1b: Gyarados\n|cant|p2a: Arcanine|par\n|move|p1a: Garchomp|Earthquake|p2b: Amoonguss|[spread] p2a,p2b\n|-immune|p1b: Gyarados\n|-damage|p2a: Arcanine|4\/100 par\n|-damage|p2b: Amoonguss|0 fnt\n|faint|p2b: Amoonguss\n|\n|-damage|p1b: Gyarados|39\/100 brn|[from] brn\n|upkeep\n|c|\u2606your local x-9|so\n|c|\u2606your local x-9|i was\n|c|\u2606your local x-9|robbed\n|\n|t:|1684072015\n|switch|p2b: Palafin|Palafin-Hero, L50, F|100\/100\n|-activate|p2b: Palafin|ability: Zero to Hero\n|turn|15\n|c|\u2606your local x-9|thee time\n|\n|t:|1684072033\n|cant|p2a: Arcanine|par\n|move|p2b: Palafin|Jet Punch|p1a: Garchomp\n|-damage|p1a: Garchomp|51\/100\n|-damage|p2b: Palafin|88\/100|[from] ability: Rough Skin|[of] p1a: Garchomp\n|move|p1a: Garchomp|Earthquake|p2b: Palafin|[spread] p2a,p2b\n|-immune|p1b: Gyarados\n|-damage|p2a: Arcanine|0 fnt\n|-damage|p2b: Palafin|34\/100\n|faint|p2a: Arcanine\n|move|p1b: Gyarados|Thunder Wave|p2b: Palafin\n|-status|p2b: Palafin|par\n|\n|-damage|p1b: Gyarados|33\/100 brn|[from] brn\n|upkeep\n|turn|16\n|c|\u2606your local x-9|four times\n|c|\u2606your local x-9|pain peko\n|c|\u2606your local x-9|gg\n|c|\u2606your local x-9|wp\n|\n|t:|1684072052\n|move|p1a: Garchomp|Earthquake|p2b: Palafin|[spread] p2b\n|-immune|p1b: Gyarados\n|-damage|p2b: Palafin|0 fnt\n|faint|p2b: Palafin\n|\n|win|Heureusement\n|raw|Heureusement's rating: 1489 → 1508<\/strong> (+19 for winning)\n|raw|your local x-9's rating: 1479 → 1460<\/strong> (-19 for losing)\n|c|\u2606Heureusement|gg\n","uploadtime":1684072060,"views":24,"p1id":"heureusement","p2id":"yourlocalx9","formatid":"gen9vgc2023regulationc","rating":1460,"private":0,"password":""}