{"id":"gen9vgc2023regulationc-1852451420","p1":"mugiwaraLux","p2":"Wepaoe","format":"[Gen 9] VGC 2023 Regulation C","log":"|j|\u2606mugiwaraLux\n|j|\u2606Wepaoe\n|t:|1682559271\n|gametype|doubles\n|player|p1|mugiwaraLux|265|1370\n|player|p2|Wepaoe|169|1377\n|teamsize|p1|6\n|teamsize|p2|6\n|gen|9\n|tier|[Gen 9] VGC 2023 Regulation C\n|rated|\n|rule|Species Clause: Limit one of each Pok\u00e9mon\n|rule|Item Clause: Limit one of each item\n|clearpoke\n|poke|p1|Palafin, L50, M|\n|poke|p1|Amoonguss, L50, M|\n|poke|p1|Flutter Mane, L50|\n|poke|p1|Arcanine, L50, M|\n|poke|p1|Roaring Moon, L50|\n|poke|p1|Chien-Pao, L50|\n|poke|p2|Chien-Pao, L50|\n|poke|p2|Torkoal, L50, M|\n|poke|p2|Scream Tail, L50|\n|poke|p2|Ting-Lu, L50|\n|poke|p2|Flutter Mane, L50|\n|poke|p2|Dragonite, L50, M|\n|teampreview|4\n|inactive|Battle timer is ON: inactive players will automatically lose when time's up. (requested by mugiwaraLux)\nmugiwaraLux has agreed to open team sheets.\n|\n|t:|1682559301\n|start\n|switch|p1a: Palafin|Palafin, L50, M|100\/100\n|switch|p1b: ChiYu|Arcanine, L50, M|100\/100\n|switch|p2a: Torkoal|Torkoal, L50, M|100\/100\n|switch|p2b: Scream Tail|Scream Tail, L50|100\/100\n|-ability|p1b: ChiYu|Intimidate|boost\n|-unboost|p2a: Torkoal|atk|1\n|-unboost|p2b: Scream Tail|atk|1\n|-weather|SunnyDay|[from] ability: Drought|[of] p2a: Torkoal\n|-activate|p2b: Scream Tail|ability: Protosynthesis\n|-start|p2b: Scream Tail|protosynthesisdef\n|turn|1\n|\n|t:|1682559317\n|-terastallize|p1a: Palafin|Water\n|move|p2a: Torkoal|Protect|p2a: Torkoal\n|-singleturn|p2a: Torkoal|Protect\n|move|p1a: Palafin|Wave Crash|p2a: Torkoal\n|-activate|p2a: Torkoal|move: Protect\n|move|p1b: ChiYu|Flare Blitz|p2b: Scream Tail\n|-damage|p2b: Scream Tail|64\/100\n|-damage|p1b: ChiYu|87\/100|[from] Recoil\n|move|p2b: Scream Tail|Trick Room|p2b: Scream Tail\n|-fieldstart|move: Trick Room|[of] p2b: Scream Tail\n|\n|-weather|SunnyDay|[upkeep]\n|upkeep\n|turn|2\n|inactive|Wepaoe has 30 seconds left.\n|j| flearther\n|inactive|Wepaoe has 20 seconds left.\n|inactive|Wepaoe has 15 seconds left.\n|inactive|Wepaoe has 10 seconds left.\n|\n|t:|1682559362\n|-terastallize|p2a: Torkoal|Fire\n|move|p2b: Scream Tail|Helping Hand|p2a: Torkoal\n|-singleturn|p2a: Torkoal|Helping Hand|[of] p2b: Scream Tail\n|move|p1b: ChiYu|Extreme Speed|p2a: Torkoal\n|-damage|p2a: Torkoal|82\/100\n|move|p1a: Palafin|Jet Punch|p2a: Torkoal\n|-supereffective|p2a: Torkoal\n|-damage|p2a: Torkoal|56\/100\n|move|p2a: Torkoal|Heat Wave|p1a: Palafin|[spread] p1a,p1b\n|-resisted|p1a: Palafin\n|-resisted|p1b: ChiYu\n|-damage|p1a: Palafin|32\/100\n|-damage|p1b: ChiYu|40\/100\n|-status|p1a: Palafin|brn\n|\n|-weather|SunnyDay|[upkeep]\n|-damage|p1a: Palafin|26\/100 brn|[from] brn\n|upkeep\n|turn|3\n|inactive|mugiwaraLux has 30 seconds left.\n|\n|t:|1682559389\n|move|p2b: Scream Tail|Helping Hand|p2a: Torkoal\n|-singleturn|p2a: Torkoal|Helping Hand|[of] p2b: Scream Tail\n|move|p1b: ChiYu|Protect|p1b: ChiYu\n|-singleturn|p1b: ChiYu|Protect\n|move|p1a: Palafin|Jet Punch|p2a: Torkoal\n|-supereffective|p2a: Torkoal\n|-damage|p2a: Torkoal|41\/100\n|move|p2a: Torkoal|Heat Wave|p1b: ChiYu|[spread] p1a\n|-activate|p1b: ChiYu|move: Protect\n|-resisted|p1a: Palafin\n|-damage|p1a: Palafin|0 fnt\n|faint|p1a: Palafin\n|\n|-weather|SunnyDay|[upkeep]\n|upkeep\n|\n|t:|1682559400\n|switch|p1a: Chien-Pao|Chien-Pao, L50|100\/100\n|-ability|p1a: Chien-Pao|Sword of Ruin\n|turn|4\n|\n|t:|1682559412\n|move|p2a: Torkoal|Protect|p2a: Torkoal\n|-singleturn|p2a: Torkoal|Protect\n|move|p1b: ChiYu|Extreme Speed|p2a: Torkoal\n|-activate|p2a: Torkoal|move: Protect\n|move|p1a: Chien-Pao|Sucker Punch||[still]\n|-fail|p1a: Chien-Pao\n|move|p2b: Scream Tail|Disable|p1a: Chien-Pao\n|-start|p1a: Chien-Pao|Disable|Sucker Punch\n|\n|-weather|SunnyDay|[upkeep]\n|upkeep\n|turn|5\n|\n|t:|1682559427\n|move|p2b: Scream Tail|Helping Hand|p2a: Torkoal\n|-singleturn|p2a: Torkoal|Helping Hand|[of] p2b: Scream Tail\n|move|p1b: ChiYu|Protect|p1b: ChiYu\n|-singleturn|p1b: ChiYu|Protect\n|move|p1a: Chien-Pao|Protect|p1a: Chien-Pao\n|-singleturn|p1a: Chien-Pao|Protect\n|move|p2a: Torkoal|Heat Wave|p1a: Chien-Pao|[spread] \n|-activate|p1a: Chien-Pao|move: Protect\n|-activate|p1b: ChiYu|move: Protect\n|\n|-weather|none\n|-end|p2b: Scream Tail|Protosynthesis\n|-fieldend|move: Trick Room\n|upkeep\n|turn|6\n|\n|t:|1682559451\n|move|p2a: Torkoal|Protect|p2a: Torkoal\n|-singleturn|p2a: Torkoal|Protect\n|move|p1a: Chien-Pao|Ice Spinner|p2b: Scream Tail\n|-damage|p2b: Scream Tail|32\/100\n|move|p1b: ChiYu|Flare Blitz|p2b: Scream Tail\n|-damage|p2b: Scream Tail|0 fnt\n|faint|p2b: Scream Tail\n|-end|p2b: Scream Tail|Protosynthesis|[silent]\n|-damage|p1b: ChiYu|28\/100|[from] Recoil\n|\n|upkeep\n|\n|t:|1682559467\n|switch|p2b: Ting-Lu|Ting-Lu, L50|100\/100\n|-ability|p2b: Ting-Lu|Vessel of Ruin\n|turn|7\n|\n|t:|1682559477\n|move|p1a: Chien-Pao|Protect|p1a: Chien-Pao\n|-singleturn|p1a: Chien-Pao|Protect\n|move|p1b: ChiYu|Extreme Speed|p2a: Torkoal\n|-damage|p2a: Torkoal|20\/100\n|move|p2b: Ting-Lu|Earthquake|p1a: Chien-Pao|[spread] p2a,p1b\n|-activate|p1a: Chien-Pao|move: Protect\n|-supereffective|p2a: Torkoal\n|-supereffective|p1b: ChiYu\n|-damage|p2a: Torkoal|0 fnt\n|-damage|p1b: ChiYu|0 fnt\n|faint|p2a: Torkoal\n|faint|p1b: ChiYu\n|\n|upkeep\n|\n|t:|1682559490\n|switch|p1b: Mimi|Flutter Mane, L50|100\/100\n|switch|p2a: Dragonite|Dragonite, L50, M|100\/100\n|turn|8\n|\n|t:|1682559508\n|move|p1b: Mimi|Dazzling Gleam|p2a: Dragonite|[spread] p2a,p2b\n|-supereffective|p2a: Dragonite\n|-supereffective|p2b: Ting-Lu\n|-damage|p2a: Dragonite|67\/100\n|-damage|p2b: Ting-Lu|44\/100\n|move|p1a: Chien-Pao|Ice Spinner|p2a: Dragonite\n|-supereffective|p2a: Dragonite\n|-damage|p2a: Dragonite|0 fnt\n|faint|p2a: Dragonite\n|move|p2b: Ting-Lu|Earthquake|p1b: Mimi|[spread] p1a,p1b\n|-damage|p1a: Chien-Pao|44\/100\n|-damage|p1b: Mimi|0 fnt\n|faint|p1b: Mimi\n|-end|p1b: Mimi|Protosynthesis|[silent]\n|\n|-heal|p2b: Ting-Lu|50\/100|[from] item: Leftovers\n|-end|p1a: Chien-Pao|Disable\n|upkeep\n|turn|9\n|\n|t:|1682559519\n|move|p1a: Chien-Pao|Ice Spinner|p2b: Ting-Lu\n|-supereffective|p2b: Ting-Lu\n|-damage|p2b: Ting-Lu|0 fnt\n|faint|p2b: Ting-Lu\n|\n|win|mugiwaraLux\n|raw|mugiwaraLux's rating: 1370 → 1390<\/strong> (+20 for winning)\n|raw|Wepaoe's rating: 1377 → 1357<\/strong> (-20 for losing)\n|c|\u2606mugiwaraLux|gg\n|l|\u2606Wepaoe\n","uploadtime":1682559523,"views":11,"p1id":"mugiwaralux","p2id":"wepaoe","formatid":"gen9vgc2023regulationc","rating":1357,"private":0,"password":""}