{"id":"gen9vgc2023regulationc-1862035907","p1":"rebiv3","p2":"RamonTheKiller","format":"[Gen 9] VGC 2023 Regulation C","log":"|j|\u2606rebiv3\n|j|\u2606RamonTheKiller\n|t:|1683830811\n|gametype|doubles\n|player|p1|rebiv3|ethan|1410\n|player|p2|RamonTheKiller|palmer|1444\n|teamsize|p1|6\n|teamsize|p2|6\n|gen|9\n|tier|[Gen 9] VGC 2023 Regulation C\n|rated|\n|rule|Species Clause: Limit one of each Pok\u00e9mon\n|rule|Item Clause: Limit one of each item\n|clearpoke\n|poke|p1|Baxcalibur, L50, M|\n|poke|p1|Talonflame, L50, M|\n|poke|p1|Iron Bundle, L50|\n|poke|p1|Abomasnow, L50, F|\n|poke|p1|Flutter Mane, L50|\n|poke|p1|Chi-Yu, L50|\n|poke|p2|Ting-Lu, L50|\n|poke|p2|Orthworm, L50, M|\n|poke|p2|Flutter Mane, L50|\n|poke|p2|Gyarados, L50, F|\n|poke|p2|Iron Hands, L50|\n|poke|p2|Amoonguss, L50, M|\n|teampreview|4\n|inactive|Battle timer is ON: inactive players will automatically lose when time's up. (requested by rebiv3)\n|\n|t:|1683830838\n|start\n|switch|p1a: Iron Bundle|Iron Bundle, L50|100\/100\n|switch|p1b: Abomasnow|Abomasnow, L50, F|100\/100\n|switch|p2a: Iron Hands|Iron Hands, L50, shiny|100\/100\n|switch|p2b: Ting-Lu|Ting-Lu, L50|100\/100\n|-weather|Snow|[from] ability: Snow Warning|[of] p1b: Abomasnow\n|-ability|p2b: Ting-Lu|Vessel of Ruin\n|-enditem|p1a: Iron Bundle|Booster Energy\n|-activate|p1a: Iron Bundle|ability: Quark Drive|[fromitem]\n|-start|p1a: Iron Bundle|quarkdrivespe\n|turn|1\n|\n|t:|1683830860\n|-terastallize|p1b: Abomasnow|Water\n|-terastallize|p2b: Ting-Lu|Ghost\n|move|p2a: Iron Hands|Fake Out|p1b: Abomasnow\n|-damage|p1b: Abomasnow|82\/100\n|move|p1a: Iron Bundle|Aurora Veil|p1a: Iron Bundle\n|-sidestart|p1: rebiv3|move: Aurora Veil\n|cant|p1b: Abomasnow|flinch\n|move|p2b: Ting-Lu|Rock Slide|p1a: Iron Bundle|[spread] p1a,p1b\n|-supereffective|p1a: Iron Bundle\n|-damage|p1a: Iron Bundle|82\/100\n|-damage|p1b: Abomasnow|69\/100\n|\n|-weather|Snow|[upkeep]\n|upkeep\n|turn|2\n|\n|t:|1683830879\n|move|p1a: Iron Bundle|Blizzard|p2b: Ting-Lu|[spread] p2a,p2b\n|-damage|p2a: Iron Hands|65\/100\n|-damage|p2b: Ting-Lu|83\/100\n|move|p1b: Abomasnow|Blizzard|p2a: Iron Hands|[spread] p2a,p2b\n|-damage|p2a: Iron Hands|33\/100\n|-damage|p2b: Ting-Lu|63\/100\n|-damage|p1b: Abomasnow|59\/100|[from] item: Life Orb\n|move|p2a: Iron Hands|Drain Punch|p1a: Iron Bundle\n|-supereffective|p1a: Iron Bundle\n|-damage|p1a: Iron Bundle|36\/100\n|-heal|p2a: Iron Hands|46\/100|[from] drain|[of] p1a: Iron Bundle\n|move|p2b: Ting-Lu|Payback|p1b: Abomasnow\n|-damage|p1b: Abomasnow|27\/100\n|\n|-weather|Snow|[upkeep]\n|upkeep\n|turn|3\n|inactive|RamonTheKiller has 30 seconds left.\n|inactive|RamonTheKiller has 20 seconds left.\n|inactive|RamonTheKiller has 15 seconds left.\n|\n|t:|1683830920\n|-end|p2a: Iron Hands|Quark Drive|[silent]\n|switch|p2a: Flutter Mane|Flutter Mane, L50|100\/100\n|move|p1a: Iron Bundle|Blizzard|p2b: Ting-Lu|[spread] p2a,p2b\n|-damage|p2a: Flutter Mane|70\/100\n|-damage|p2b: Ting-Lu|47\/100\n|-status|p2b: Ting-Lu|frz\n|move|p1b: Abomasnow|Blizzard|p2b: Ting-Lu|[spread] p2a,p2b\n|-damage|p2a: Flutter Mane|37\/100\n|-damage|p2b: Ting-Lu|28\/100 frz\n|-damage|p1b: Abomasnow|18\/100|[from] item: Life Orb\n|cant|p2b: Ting-Lu|frz\n|\n|-weather|Snow|[upkeep]\n|upkeep\n|turn|4\n|\n|t:|1683830941\n|move|p1b: Abomasnow|Helping Hand|p1a: Iron Bundle\n|-singleturn|p1a: Iron Bundle|Helping Hand|[of] p1b: Abomasnow\n|move|p1a: Iron Bundle|Blizzard|p2a: Flutter Mane|[spread] p2a,p2b\n|-damage|p2a: Flutter Mane|0 fnt\n|-damage|p2b: Ting-Lu|2\/100 frz\n|faint|p2a: Flutter Mane\n|-end|p2a: Flutter Mane|Protosynthesis|[silent]\n|cant|p2b: Ting-Lu|frz\n|\n|-weather|Snow|[upkeep]\n|upkeep\n|\n|t:|1683830956\n|switch|p2a: Iron Hands|Iron Hands, L50, shiny|46\/100\n|turn|5\n|\n|t:|1683830969\n|switch|p1b: Baxcalibur|Baxcalibur, L50, M|100\/100\n|move|p2a: Iron Hands|Fake Out|p1a: Iron Bundle\n|-damage|p1a: Iron Bundle|26\/100\n|cant|p1a: Iron Bundle|flinch\n|cant|p2b: Ting-Lu|frz\n|\n|-weather|none\n|-sideend|p1: rebiv3|move: Aurora Veil\n|upkeep\n|turn|6\n|\n|t:|1683830984\n|-end|p1a: Iron Bundle|Quark Drive|[silent]\n|switch|p1a: Abomasnow|Abomasnow, L50, F, tera:Water|18\/100\n|-weather|Snow|[from] ability: Snow Warning|[of] p1a: Abomasnow\n|move|p1b: Baxcalibur|Earthquake|p2b: Ting-Lu|[spread] p1a,p2a,p2b\n|-supereffective|p2a: Iron Hands\n|-crit|p2a: Iron Hands\n|-damage|p1a: Abomasnow|0 fnt\n|-damage|p2a: Iron Hands|0 fnt\n|-damage|p2b: Ting-Lu|0 fnt\n|faint|p1a: Abomasnow\n|faint|p2a: Iron Hands\n|-end|p2a: Iron Hands|Quark Drive|[silent]\n|faint|p2b: Ting-Lu\n|\n|-weather|Snow|[upkeep]\n|upkeep\n|\n|t:|1683830999\n|switch|p1a: Talonflame|Talonflame, L50, M|100\/100\n|switch|p2b: Gyarados|Gyarados, L50, F, shiny|100\/100\n|-ability|p2b: Gyarados|Intimidate|boost\n|-unboost|p1a: Talonflame|atk|1\n|-unboost|p1b: Baxcalibur|atk|1\n|turn|7\n|\n|t:|1683831015\n|move|p1a: Talonflame|Taunt|p2b: Gyarados\n|-start|p2b: Gyarados|move: Taunt\n|move|p2b: Gyarados|Waterfall|p1a: Talonflame\n|-supereffective|p1a: Talonflame\n|-damage|p1a: Talonflame|0 fnt\n|faint|p1a: Talonflame\n|move|p1b: Baxcalibur|Icicle Crash|p2b: Gyarados\n|-damage|p2b: Gyarados|58\/100\n|\n|-weather|Snow|[upkeep]\n|upkeep\n|\n|t:|1683831021\n|switch|p1a: Iron Bundle|Iron Bundle, L50|26\/100\n|turn|8\n|\n|t:|1683831034\n|move|p1a: Iron Bundle|Blizzard|p2b: Gyarados\n|-damage|p2b: Gyarados|1\/100\n|move|p2b: Gyarados|Bulldoze|p1a: Iron Bundle|[spread] p1a,p1b\n|-damage|p1a: Iron Bundle|13\/100\n|-damage|p1b: Baxcalibur|91\/100\n|-unboost|p1a: Iron Bundle|spe|1\n|-unboost|p1b: Baxcalibur|spe|1\n|move|p1b: Baxcalibur|Glaive Rush|p2b: Gyarados\n|-damage|p2b: Gyarados|0 fnt\n|-singlemove|p1b: Baxcalibur|Glaive Rush|[silent]\n|faint|p2b: Gyarados\n|\n|win|rebiv3\n|raw|rebiv3's rating: 1410 → 1432<\/strong> (+22 for winning)\n|raw|RamonTheKiller's rating: 1444 → 1422<\/strong> (-22 for losing)\n|l|\u2606rebiv3\n|l|\u2606RamonTheKiller\n|j|\u2606RamonTheKiller\n|player|p2|RamonTheKiller|palmer\n|l|\u2606RamonTheKiller\n|player|p2|\n|j|\u2606rebiv3\n|player|p1|rebiv3|ethan\n","uploadtime":1683831607,"views":16,"p1id":"rebiv3","p2id":"ramonthekiller","formatid":"gen9vgc2023regulationc","rating":1422,"private":0,"password":""}