{"id":"gen9vgc2023regulationc-1848232705","p1":"NooobGuy","p2":"Doctor Sleep","format":"[Gen 9] VGC 2023 Regulation C","log":"|j|\u2606NooobGuy\n|j|\u2606Doctor Sleep\n|t:|1682045726\n|gametype|doubles\n|player|p1|NooobGuy|gambler|1185\n|player|p2|Doctor Sleep|102|1219\n|teamsize|p1|6\n|teamsize|p2|6\n|gen|9\n|tier|[Gen 9] VGC 2023 Regulation C\n|rated|\n|rule|Species Clause: Limit one of each Pok\u00e9mon\n|rule|Item Clause: Limit one of each item\n|clearpoke\n|poke|p1|Annihilape, L50, M|\n|poke|p1|Maushold, L50|\n|poke|p1|Chien-Pao, L50|\n|poke|p1|Dragonite, L50, M|\n|poke|p1|Grimmsnarl, L50, M|\n|poke|p1|Tauros-Paldea-Blaze, L50, M|\n|poke|p2|Flutter Mane, L50|\n|poke|p2|Talonflame, L50, F|\n|poke|p2|Garchomp, L50, M|\n|poke|p2|Farigiraf, L50, M|\n|poke|p2|Chien-Pao, L50|\n|poke|p2|Iron Hands, L50|\n|teampreview|4\n|inactive|Battle timer is ON: inactive players will automatically lose when time's up. (requested by Doctor Sleep)\n|\n|t:|1682045774\n|start\n|switch|p1a: Dragonite|Dragonite, L50, M|100\/100\n|switch|p1b: Chien-Pao|Chien-Pao, L50|100\/100\n|switch|p2a: Flutter Mane|Flutter Mane, L50|100\/100\n|switch|p2b: Talonflame|Talonflame, L50, F|100\/100\n|-ability|p1b: Chien-Pao|Sword of Ruin\n|turn|1\n|inactive|NooobGuy has 30 seconds left.\n|\n|t:|1682045800\n|-terastallize|p1a: Dragonite|Flying\n|move|p1b: Chien-Pao|Protect|p1b: Chien-Pao\n|-singleturn|p1b: Chien-Pao|Protect\n|move|p2b: Talonflame|Tailwind|p2b: Talonflame\n|-sidestart|p2: Doctor Sleep|move: Tailwind\n|move|p2a: Flutter Mane|Dazzling Gleam|p1b: Chien-Pao|[spread] p1a\n|-activate|p1b: Chien-Pao|move: Protect\n|-damage|p1a: Dragonite|78\/100\n|move|p1a: Dragonite|Tera Blast|p2a: Flutter Mane\n|-damage|p2a: Flutter Mane|0 fnt\n|faint|p2a: Flutter Mane\n|-end|p2a: Flutter Mane|Protosynthesis|[silent]\n|\n|upkeep\n|\n|t:|1682045815\n|switch|p2a: Garchomp|Garchomp, L50, M|100\/100\n|turn|2\n|inactive|NooobGuy has 30 seconds left.\n|\n|t:|1682045850\n|switch|p1b: Tauros|Tauros-Paldea-Blaze, L50, M|100\/100\n|-ability|p1b: Tauros|Intimidate|boost\n|-unboost|p2a: Garchomp|atk|1\n|-unboost|p2b: Talonflame|atk|1\n|-terastallize|p2a: Garchomp|Steel\n|move|p2b: Talonflame|Brave Bird|p1b: Tauros\n|-supereffective|p1b: Tauros\n|-damage|p1b: Tauros|32\/100\n|-damage|p2b: Talonflame|78\/100|[from] Recoil\n|move|p2a: Garchomp|Dragon Claw|p1a: Dragonite\n|-damage|p1a: Dragonite|41\/100\n|-damage|p2a: Garchomp|91\/100|[from] item: Life Orb\n|move|p1a: Dragonite|Tera Blast|p2b: Talonflame\n|-damage|p2b: Talonflame|0 fnt\n|faint|p2b: Talonflame\n|\n|upkeep\n|\n|t:|1682045866\n|switch|p2b: Chien-Pao|Chien-Pao, L50|100\/100\n|-ability|p2b: Chien-Pao|Sword of Ruin\n|turn|3\n|inactive|NooobGuy has 30 seconds left.\n|\n|t:|1682045900\n|move|p2b: Chien-Pao|Ice Spinner|p1a: Dragonite\n|-supereffective|p1a: Dragonite\n|-damage|p1a: Dragonite|0 fnt\n|faint|p1a: Dragonite\n|move|p2a: Garchomp|Stomping Tantrum|p1b: Tauros\n|-supereffective|p1b: Tauros\n|-damage|p1b: Tauros|0 fnt\n|faint|p1b: Tauros\n|-damage|p2a: Garchomp|81\/100|[from] item: Life Orb\n|\n|upkeep\n|\n|t:|1682045907\n|switch|p1b: Chien-Pao|Chien-Pao, L50|100\/100\n|switch|p1a: Maushold|Maushold, L50|100\/100\n|-ability|p1b: Chien-Pao|Sword of Ruin\n|turn|4\n|inactive|Doctor Sleep has 30 seconds left.\n|inactive|Doctor Sleep has 20 seconds left.\n|inactive|Doctor Sleep has 15 seconds left.\n|\n|t:|1682045952\n|move|p1b: Chien-Pao|Protect|p1b: Chien-Pao\n|-singleturn|p1b: Chien-Pao|Protect\n|move|p1a: Maushold|Protect|p1a: Maushold\n|-singleturn|p1a: Maushold|Protect\n|move|p2b: Chien-Pao|Throat Chop|p1a: Maushold\n|-activate|p1a: Maushold|move: Protect\n|move|p2a: Garchomp|Stomping Tantrum|p1a: Maushold\n|-activate|p1a: Maushold|move: Protect\n|\n|-sideend|p2: Doctor Sleep|move: Tailwind\n|upkeep\n|turn|5\n|inactive|NooobGuy has 30 seconds left.\n|\n|t:|1682045981\n|move|p2b: Chien-Pao|Protect|p2b: Chien-Pao\n|-singleturn|p2b: Chien-Pao|Protect\n|move|p1b: Chien-Pao|Crunch|p2a: Garchomp\n|-damage|p2a: Garchomp|30\/100\n|-damage|p1b: Chien-Pao|88\/100|[from] ability: Rough Skin|[of] p2a: Garchomp\n|move|p1a: Maushold|Population Bomb|p2b: Chien-Pao\n|-activate|p2b: Chien-Pao|move: Protect\n|move|p2a: Garchomp|Stomping Tantrum|p1a: Maushold\n|-damage|p1a: Maushold|24\/100\n|-damage|p2a: Garchomp|20\/100|[from] item: Life Orb\n|\n|upkeep\n|turn|6\n|inactive|Doctor Sleep has 30 seconds left.\n|inactive|Doctor Sleep has 20 seconds left.\n|inactive|Doctor Sleep has 15 seconds left.\n|inactive|Doctor Sleep has 10 seconds left.\n|inactive|Doctor Sleep has 5 seconds left.\n|\n|t:|1682046031\n|move|p1a: Maushold|Protect|p1a: Maushold\n|-singleturn|p1a: Maushold|Protect\n|move|p1b: Chien-Pao|Crunch|p2a: Garchomp\n|-damage|p2a: Garchomp|0 fnt\n|-damage|p1b: Chien-Pao|76\/100|[from] ability: Rough Skin|[of] p2a: Garchomp\n|faint|p2a: Garchomp\n|move|p2b: Chien-Pao|Throat Chop|p1b: Chien-Pao\n|-resisted|p1b: Chien-Pao\n|-damage|p1b: Chien-Pao|49\/100\n|-start|p1b: Chien-Pao|Throat Chop|[silent]\n|\n|upkeep\n|turn|7\n|\n|t:|1682046053\n|move|p2b: Chien-Pao|Ice Spinner|p1a: Maushold\n|-damage|p1a: Maushold|0 fnt\n|faint|p1a: Maushold\n|move|p1b: Chien-Pao|Crunch|p2b: Chien-Pao\n|-resisted|p2b: Chien-Pao\n|-damage|p2b: Chien-Pao|75\/100\n|-unboost|p2b: Chien-Pao|def|1\n|\n|-end|p1b: Chien-Pao|Throat Chop|[silent]\n|upkeep\n|turn|8\n|\n|t:|1682046067\n|move|p1b: Chien-Pao|Crunch|p2b: Chien-Pao\n|-resisted|p2b: Chien-Pao\n|-damage|p2b: Chien-Pao|31\/100\n|move|p2b: Chien-Pao|Ice Spinner|p1b: Chien-Pao\n|-resisted|p1b: Chien-Pao\n|-damage|p1b: Chien-Pao|19\/100\n|\n|upkeep\n|turn|9\n|\n|t:|1682046078\n|move|p1b: Chien-Pao|Protect|p1b: Chien-Pao\n|-singleturn|p1b: Chien-Pao|Protect\n|move|p2b: Chien-Pao|Ice Spinner|p1b: Chien-Pao\n|-activate|p1b: Chien-Pao|move: Protect\n|\n|upkeep\n|turn|10\n|\n|t:|1682046085\n|move|p2b: Chien-Pao|Ice Spinner|p1b: Chien-Pao\n|-resisted|p1b: Chien-Pao\n|-damage|p1b: Chien-Pao|0 fnt\n|faint|p1b: Chien-Pao\n|\n|win|Doctor Sleep\n|raw|NooobGuy's rating: 1185 → 1162<\/strong> (-23 for losing)\n|raw|Doctor Sleep's rating: 1219 → 1242<\/strong> (+23 for winning)\n|c|\u2606NooobGuy|gg\n|c|\u2606Doctor Sleep|gg\n|l|\u2606NooobGuy\n","uploadtime":1682046095,"views":11,"p1id":"nooobguy","p2id":"doctorsleep","formatid":"gen9vgc2023regulationc","rating":1162,"private":0,"password":""}