{"id":"gen9vgc2023regulationc-1852354157","p1":"Alexis_student","p2":"usuarionuevo12","format":"[Gen 9] VGC 2023 Regulation C","log":"|j|\u2606Alexis_student\n|j|\u2606usuarionuevo12\n|t:|1682547400\n|gametype|doubles\n|player|p1|Alexis_student|2|1212\n|player|p2|usuarionuevo12|benga|1224\n|teamsize|p1|6\n|teamsize|p2|6\n|gen|9\n|tier|[Gen 9] VGC 2023 Regulation C\n|rated|\n|rule|Species Clause: Limit one of each Pok\u00e9mon\n|rule|Item Clause: Limit one of each item\n|clearpoke\n|poke|p1|Dragonite, L50, M|\n|poke|p1|Flutter Mane, L50|\n|poke|p1|Gyarados, L50, M|\n|poke|p1|Amoonguss, L50, F|\n|poke|p1|Iron Bundle, L50|\n|poke|p1|Chi-Yu, L50|\n|poke|p2|Flutter Mane, L50|\n|poke|p2|Glimmora, L50, M|\n|poke|p2|Wo-Chien, L50|\n|poke|p2|Gastrodon, L50, F|\n|poke|p2|Rotom-Heat, L50|\n|poke|p2|Corviknight, L50, M|\n|teampreview|4\n|inactive|Battle timer is ON: inactive players will automatically lose when time's up. (requested by Alexis_student)\n|inactive|usuarionuevo12 has 60 seconds left.\n|\n|t:|1682547460\n|start\n|switch|p1a: Iron Bundle|Iron Bundle, L50|100\/100\n|switch|p1b: Chi-Yu|Chi-Yu, L50|100\/100\n|switch|p2a: Rotom|Rotom-Heat, L50, shiny|100\/100\n|switch|p2b: Glimmora|Glimmora, L50, M, shiny|100\/100\n|-ability|p1b: Chi-Yu|Beads of Ruin\n|-enditem|p1a: Iron Bundle|Booster Energy\n|-activate|p1a: Iron Bundle|ability: Quark Drive|[fromitem]\n|-start|p1a: Iron Bundle|quarkdrivespe\n|turn|1\n|inactive|Alexis_student has 30 seconds left.\n|\n|t:|1682547491\n|-terastallize|p1b: Chi-Yu|Grass\n|-terastallize|p2a: Rotom|Ghost\n|move|p1a: Iron Bundle|Hydro Pump|p2a: Rotom|[miss]\n|-miss|p1a: Iron Bundle|p2a: Rotom\n|move|p1b: Chi-Yu|Tera Blast|p2b: Glimmora\n|-damage|p2b: Glimmora|56\/100\n|move|p2a: Rotom|Thunderbolt|p1a: Iron Bundle\n|-supereffective|p1a: Iron Bundle\n|-damage|p1a: Iron Bundle|0 fnt\n|faint|p1a: Iron Bundle\n|-end|p1a: Iron Bundle|Quark Drive|[silent]\n|move|p2b: Glimmora|Mortal Spin|p1b: Chi-Yu\n|-supereffective|p1b: Chi-Yu\n|-damage|p1b: Chi-Yu|81\/100\n|-status|p1b: Chi-Yu|psn\n|\n|-damage|p1b: Chi-Yu|68\/100 psn|[from] psn\n|upkeep\n|\n|t:|1682547512\n|switch|p1a: Flutter Mane|Flutter Mane, L50|100\/100\n|turn|2\n|inactive|usuarionuevo12 has 30 seconds left.\n|\n|t:|1682547538\n|move|p1b: Chi-Yu|Tera Blast|p2b: Glimmora\n|-damage|p2b: Glimmora|6\/100\n|move|p1a: Flutter Mane|Shadow Ball|p2a: Rotom\n|-supereffective|p2a: Rotom\n|-damage|p2a: Rotom|0 fnt\n|faint|p2a: Rotom\n|move|p2b: Glimmora|Venoshock|p1b: Chi-Yu\n|-supereffective|p1b: Chi-Yu\n|-damage|p1b: Chi-Yu|0 fnt\n|faint|p1b: Chi-Yu\n|\n|upkeep\n|\n|t:|1682547550\n|switch|p1b: Amoonguss|Amoonguss, L50, F|100\/100\n|switch|p2a: Wo-Chien|Wo-Chien, L50|100\/100\n|-ability|p2a: Wo-Chien|Tablets of Ruin\n|turn|3\n|\n|t:|1682547564\n|move|p1a: Flutter Mane|Shadow Ball|p2b: Glimmora\n|-damage|p2b: Glimmora|0 fnt\n|faint|p2b: Glimmora\n|move|p2a: Wo-Chien|Leech Seed|p1a: Flutter Mane|[miss]\n|-miss|p2a: Wo-Chien|p1a: Flutter Mane\n|move|p1b: Amoonguss|Clear Smog|p2a: Wo-Chien\n|-supereffective|p2a: Wo-Chien\n|-damage|p2a: Wo-Chien|78\/100\n|-clearboost|p2a: Wo-Chien\n|\n|-heal|p2a: Wo-Chien|84\/100|[from] item: Leftovers\n|upkeep\n|\n|t:|1682547567\n|switch|p2b: Gastrodon|Gastrodon, L50, F, shiny|100\/100\n|turn|4\n|\n|t:|1682547584\n|move|p1a: Flutter Mane|Shadow Ball|p2a: Wo-Chien\n|-resisted|p2a: Wo-Chien\n|-damage|p2a: Wo-Chien|61\/100\n|move|p2a: Wo-Chien|Leech Seed|p1a: Flutter Mane\n|-start|p1a: Flutter Mane|move: Leech Seed\n|move|p2b: Gastrodon|Ice Beam|p1b: Amoonguss\n|-supereffective|p1b: Amoonguss\n|-damage|p1b: Amoonguss|63\/100\n|move|p1b: Amoonguss|Spore|p2b: Gastrodon\n|-status|p2b: Gastrodon|slp|[from] move: Spore\n|\n|-heal|p2a: Wo-Chien|68\/100|[from] item: Leftovers\n|-damage|p1a: Flutter Mane|89\/100|[from] Leech Seed|[of] p2a: Wo-Chien\n|-heal|p2a: Wo-Chien|77\/100|[silent]\n|upkeep\n|turn|5\n|\n|t:|1682547602\n|move|p1a: Flutter Mane|Shadow Ball|p2b: Gastrodon\n|-damage|p2b: Gastrodon|48\/100 slp\n|-unboost|p2b: Gastrodon|spd|1\n|-enditem|p2b: Gastrodon|Sitrus Berry|[eat]\n|-heal|p2b: Gastrodon|73\/100 slp|[from] item: Sitrus Berry\n|move|p2a: Wo-Chien|Pollen Puff|p1b: Amoonguss\n|-damage|p1b: Amoonguss|47\/100\n|-enditem|p1b: Amoonguss|Sitrus Berry|[eat]\n|-heal|p1b: Amoonguss|72\/100|[from] item: Sitrus Berry\n|cant|p2b: Gastrodon|slp\n|move|p1b: Amoonguss|Pollen Puff|p2a: Wo-Chien\n|-supereffective|p2a: Wo-Chien\n|-damage|p2a: Wo-Chien|27\/100\n|\n|-heal|p2a: Wo-Chien|33\/100|[from] item: Leftovers\n|-damage|p1a: Flutter Mane|77\/100|[from] Leech Seed|[of] p2a: Wo-Chien\n|-heal|p2a: Wo-Chien|42\/100|[silent]\n|upkeep\n|turn|6\n|inactive|Alexis_student has 30 seconds left.\n|\n|t:|1682547628\n|move|p2a: Wo-Chien|Protect|p2a: Wo-Chien\n|-singleturn|p2a: Wo-Chien|Protect\n|move|p1a: Flutter Mane|Shadow Ball|p2b: Gastrodon\n|-damage|p2b: Gastrodon|0 fnt\n|faint|p2b: Gastrodon\n|move|p1b: Amoonguss|Pollen Puff|p1a: Flutter Mane\n|-heal|p1a: Flutter Mane|100\/100\n|\n|-heal|p2a: Wo-Chien|48\/100|[from] item: Leftovers\n|-damage|p1a: Flutter Mane|89\/100|[from] Leech Seed|[of] p2a: Wo-Chien\n|-heal|p2a: Wo-Chien|57\/100|[silent]\n|upkeep\n|turn|7\n|\n|t:|1682547646\n|move|p1a: Flutter Mane|Shadow Ball|p2a: Wo-Chien\n|-resisted|p2a: Wo-Chien\n|-damage|p2a: Wo-Chien|33\/100\n|move|p2a: Wo-Chien|Pollen Puff|p1b: Amoonguss\n|-damage|p1b: Amoonguss|57\/100\n|move|p1b: Amoonguss|Pollen Puff|p2a: Wo-Chien\n|-supereffective|p2a: Wo-Chien\n|-damage|p2a: Wo-Chien|0 fnt\n|faint|p2a: Wo-Chien\n|\n|win|Alexis_student\n|raw|Alexis_student's rating: 1212 → 1238<\/strong> (+26 for winning)\n|raw|usuarionuevo12's rating: 1224 → 1198<\/strong> (-26 for losing)\n|l|\u2606usuarionuevo12\n","uploadtime":1682547661,"views":14,"p1id":"alexisstudent","p2id":"usuarionuevo12","formatid":"gen9vgc2023regulationc","rating":1198,"private":0,"password":""}