{"id":"gen9vgc2023regulationc-1845890457","p1":"I guess I am here","p2":"Disobedient_vgc","format":"[Gen 9] VGC 2023 Regulation C","log":"|j|\u2606I guess I am here\n|j|\u2606Disobedient_vgc\n|t:|1681775904\n|gametype|doubles\n|player|p1|I guess I am here|clown|1051\n|player|p2|Disobedient_vgc|palmer|1083\n|teamsize|p1|6\n|teamsize|p2|6\n|gen|9\n|tier|[Gen 9] VGC 2023 Regulation C\n|rated|\n|rule|Species Clause: Limit one of each Pok\u00e9mon\n|rule|Item Clause: Limit one of each item\n|clearpoke\n|poke|p1|Talonflame, L50, F|\n|poke|p1|Flutter Mane, L50|\n|poke|p1|Great Tusk, L50|\n|poke|p1|Iron Bundle, L50|\n|poke|p1|Brute Bonnet, L50|\n|poke|p1|Baxcalibur, L50, M|\n|poke|p2|Armarouge, L50, M|\n|poke|p2|Iron Bundle, L50|\n|poke|p2|Indeedee-F, L50, F|\n|poke|p2|Iron Hands, L50|\n|poke|p2|Flutter Mane, L50|\n|poke|p2|Chi-Yu, L50|\n|teampreview|4\nDisobedient_vgc rejected open team sheets.\n|\n|t:|1681775936\n|start\n|switch|p1a: Great Tusk|Great Tusk, L50, shiny|100\/100\n|switch|p1b: Baxcalibur|Baxcalibur, L50, M|100\/100\n|switch|p2a: Armarouge|Armarouge, L50, M, shiny|100\/100\n|switch|p2b: Iron Bundle|Iron Bundle, L50, shiny|100\/100\n|-enditem|p2b: Iron Bundle|Booster Energy\n|-activate|p2b: Iron Bundle|ability: Quark Drive|[fromitem]\n|-start|p2b: Iron Bundle|quarkdrivespe\n|turn|1\n|inactive|Battle timer is ON: inactive players will automatically lose when time's up. (requested by I guess I am here)\n|\n|t:|1681775954\n|-terastallize|p1b: Baxcalibur|Ground\n|move|p1a: Great Tusk|Protect|p1a: Great Tusk\n|-singleturn|p1a: Great Tusk|Protect\n|move|p2b: Iron Bundle|Flip Turn|p2a: Armarouge\n|-supereffective|p2a: Armarouge\n|-damage|p2a: Armarouge|73\/100\n|-ability|p2a: Armarouge|Weak Armor|boost\n|-unboost|p2a: Armarouge|def|1\n|-boost|p2a: Armarouge|spe|2\n|-enditem|p2a: Armarouge|Weakness Policy\n|-boost|p2a: Armarouge|atk|2|[from] item: Weakness Policy\n|-boost|p2a: Armarouge|spa|2|[from] item: Weakness Policy\n|\n|t:|1681775964\n|-end|p2b: Iron Bundle|Quark Drive|[silent]\n|switch|p2b: Indeedee|Indeedee-F, L50, F, shiny|100\/100|[from] Flip Turn\n|-fieldstart|move: Psychic Terrain|[from] ability: Psychic Surge|[of] p2b: Indeedee\n|-enditem|p2b: Indeedee|Psychic Seed\n|-boost|p2b: Indeedee|spd|1|[from] item: Psychic Seed\n|move|p2a: Armarouge|Expanding Force|p1b: Baxcalibur|[spread] p1b\n|-activate|p1a: Great Tusk|move: Protect\n|-damage|p1b: Baxcalibur|33\/100\n|move|p1b: Baxcalibur|Earthquake|p2a: Armarouge|[spread] p2a,p2b\n|-activate|p1a: Great Tusk|move: Protect\n|-supereffective|p2a: Armarouge\n|-damage|p2a: Armarouge|0 fnt\n|-damage|p2b: Indeedee|54\/100\n|faint|p2a: Armarouge\n|\n|upkeep\n|\n|t:|1681775978\n|switch|p2a: Iron Bundle|Iron Bundle, L50, shiny|100\/100\n|turn|2\n|\n|t:|1681775990\n|-terastallize|p2b: Indeedee|Fairy\n|move|p2a: Iron Bundle|Icy Wind|p1a: Great Tusk|[spread] p1a,p1b\n|-supereffective|p1a: Great Tusk\n|-supereffective|p1b: Baxcalibur\n|-damage|p1a: Great Tusk|35\/100\n|-damage|p1b: Baxcalibur|8\/100\n|-unboost|p1a: Great Tusk|spe|1\n|-unboost|p1b: Baxcalibur|spe|1\n|move|p2b: Indeedee|Dazzling Gleam|p1a: Great Tusk|[spread] p1a,p1b\n|-supereffective|p1a: Great Tusk\n|-damage|p1a: Great Tusk|0 fnt\n|-damage|p1b: Baxcalibur|0 fnt\n|faint|p1a: Great Tusk\n|-end|p1a: Great Tusk|Protosynthesis|[silent]\n|faint|p1b: Baxcalibur\n|\n|upkeep\n|\n|t:|1681776001\n|switch|p1a: Flutter Mane|Flutter Mane, L50, shiny|100\/100\n|switch|p1b: Iron Bundle|Iron Bundle, L50|100\/100\n|-enditem|p1b: Iron Bundle|Booster Energy\n|-activate|p1b: Iron Bundle|ability: Quark Drive|[fromitem]\n|-start|p1b: Iron Bundle|quarkdrivespe\n|turn|3\n|\n|t:|1681776015\n|move|p2b: Indeedee|Follow Me|p2b: Indeedee\n|-singleturn|p2b: Indeedee|move: Follow Me\n|move|p1b: Iron Bundle|Hydro Pump|p2b: Indeedee\n|-damage|p2b: Indeedee|25\/100\n|move|p2a: Iron Bundle|Icy Wind|p1b: Iron Bundle|[spread] p1a,p1b\n|-resisted|p1b: Iron Bundle\n|-damage|p1a: Flutter Mane|84\/100\n|-damage|p1b: Iron Bundle|92\/100\n|-unboost|p1a: Flutter Mane|spe|1\n|-unboost|p1b: Iron Bundle|spe|1\n|move|p1a: Flutter Mane|Shadow Ball|p2b: Indeedee\n|-damage|p2b: Indeedee|0 fnt\n|faint|p2b: Indeedee\n|\n|upkeep\n|\n|t:|1681776028\n|switch|p2b: Iron Hands|Iron Hands, L50, shiny|100\/100\n|turn|4\n|\n|t:|1681776041\n|move|p1b: Iron Bundle|Icy Wind|p2a: Iron Bundle|[spread] p2b\n|-miss|p1b: Iron Bundle|p2a: Iron Bundle\n|-damage|p2b: Iron Hands|84\/100\n|-unboost|p2b: Iron Hands|spe|1\n|move|p2a: Iron Bundle|Freeze-Dry|p1a: Flutter Mane\n|-damage|p1a: Flutter Mane|51\/100\n|move|p1a: Flutter Mane|Shadow Ball|p2a: Iron Bundle\n|-damage|p2a: Iron Bundle|0 fnt\n|faint|p2a: Iron Bundle\n|-end|p2a: Iron Bundle|Quark Drive|[silent]\n|move|p2b: Iron Hands|Drain Punch|p1b: Iron Bundle\n|-supereffective|p1b: Iron Bundle\n|-damage|p1b: Iron Bundle|0 fnt\n|-heal|p2b: Iron Hands|100\/100|[from] drain|[of] p1b: Iron Bundle\n|faint|p1b: Iron Bundle\n|-end|p1b: Iron Bundle|Quark Drive|[silent]\n|\n|upkeep\n|turn|5\n|\n|t:|1681776059\n|move|p1a: Flutter Mane|Shadow Ball|p2b: Iron Hands\n|-damage|p2b: Iron Hands|45\/100\n|-enditem|p2b: Iron Hands|Sitrus Berry|[eat]\n|-heal|p2b: Iron Hands|70\/100|[from] item: Sitrus Berry\n|move|p2b: Iron Hands|Thunder Punch|p1a: Flutter Mane\n|-damage|p1a: Flutter Mane|0 fnt\n|faint|p1a: Flutter Mane\n|-end|p1a: Flutter Mane|Protosynthesis|[silent]\n|\n|win|Disobedient_vgc\n|raw|I guess I am here's rating: 1051 → 1035<\/strong> (-16 for losing)\n|raw|Disobedient_vgc's rating: 1083 → 1108<\/strong> (+25 for winning)\n|l|\u2606I guess I am here\n","uploadtime":1681776071,"views":15,"p1id":"iguessiamhere","p2id":"disobedientvgc","formatid":"gen9vgc2023regulationc","rating":1035,"private":0,"password":""}