{"id":"gen9vgc2023regulationc-1846247033","p1":"ApoloVGCfumada","p2":"Lil Tic","format":"[Gen 9] VGC 2023 Regulation C","log":"|j|\u2606ApoloVGCfumada\n|j|\u2606Lil Tic\n|t:|1681825169\n|gametype|doubles\n|player|p1|ApoloVGCfumada|lucas|1374\n|player|p2|Lil Tic|ninjaboy|1396\n|teamsize|p1|6\n|teamsize|p2|6\n|gen|9\n|tier|[Gen 9] VGC 2023 Regulation C\n|rated|\n|rule|Species Clause: Limit one of each Pok\u00e9mon\n|rule|Item Clause: Limit one of each item\n|clearpoke\n|poke|p1|Orthworm, L50, F|\n|poke|p1|Dragonite, L50, F|\n|poke|p1|Ting-Lu, L50|\n|poke|p1|Gyarados, L50, M|\n|poke|p1|Flutter Mane, L50|\n|poke|p1|Chien-Pao, L50|\n|poke|p2|Flutter Mane, L50|\n|poke|p2|Glimmora, L50, F|\n|poke|p2|Wo-Chien, L50|\n|poke|p2|Ting-Lu, L50|\n|poke|p2|Chi-Yu, L50|\n|poke|p2|Gyarados, L50, F|\n|teampreview|4\nApoloVGCfumada has agreed to open team sheets.\nLil Tic has agreed to open team sheets.\n|\n|t:|1681825223\n|start\n|switch|p1a: Orthworm|Orthworm, L50, F|100\/100\n|switch|p1b: Gyarados|Gyarados, L50, M|100\/100\n|switch|p2a: Flutter Mane|Flutter Mane, L50|100\/100\n|switch|p2b: Chi-Yu|Chi-Yu, L50|100\/100\n|-ability|p2b: Chi-Yu|Beads of Ruin\n|-ability|p1b: Gyarados|Intimidate|boost\n|-unboost|p2a: Flutter Mane|atk|1\n|-unboost|p2b: Chi-Yu|atk|1\n|-enditem|p2a: Flutter Mane|Booster Energy\n|-activate|p2a: Flutter Mane|ability: Protosynthesis|[fromitem]\n|-start|p2a: Flutter Mane|protosynthesisspa\n|turn|1\n|\n|t:|1681825253\n|-terastallize|p2a: Flutter Mane|Fairy\n|-terastallize|p1a: Orthworm|Fire\n|move|p2a: Flutter Mane|Moonblast|p1b: Gyarados\n|-damage|p1b: Gyarados|8\/100\n|move|p2b: Chi-Yu|Heat Wave|p1b: Gyarados|[spread] p1a\n|-miss|p2b: Chi-Yu|p1b: Gyarados\n|-resisted|p1a: Orthworm\n|-damage|p1a: Orthworm|55\/100\n|move|p1b: Gyarados|Bulldoze|p2b: Chi-Yu|[spread] p2a,p2b\n|-heal|p1a: Orthworm|80\/100|[from] ability: Earth Eater|[of] p1b: Gyarados\n|-supereffective|p2b: Chi-Yu\n|-damage|p2a: Flutter Mane|81\/100\n|-damage|p2b: Chi-Yu|57\/100\n|-unboost|p2a: Flutter Mane|spe|1\n|-unboost|p2b: Chi-Yu|spe|1\n|move|p1a: Orthworm|Shed Tail|p1a: Orthworm\n|-start|p1a: Orthworm|Substitute|[from] move: Shed Tail\n|-damage|p1a: Orthworm|30\/100\n|-enditem|p1a: Orthworm|Sitrus Berry|[eat]\n|-heal|p1a: Orthworm|55\/100|[from] item: Sitrus Berry\n|\n|t:|1681825273\n|switch|p1a: Dragonite|Dragonite, L50, F|100\/100|[from] Shed Tail\n|\n|upkeep\n|turn|2\n|\n|t:|1681825291\n|switch|p1b: Orthworm|Orthworm, L50, F, tera:Fire|55\/100\n|switch|p2b: Gyarados|Gyarados, L50, F|100\/100\n|-ability|p2b: Gyarados|Intimidate|boost\n|-immune|p1a: Dragonite\n|-unboost|p1b: Orthworm|atk|1\n|move|p1a: Dragonite|Earthquake|p2a: Flutter Mane|[spread] p2a\n|-heal|p1b: Orthworm|80\/100|[from] ability: Earth Eater|[of] p1a: Dragonite\n|-immune|p2b: Gyarados\n|-damage|p2a: Flutter Mane|43\/100\n|move|p2a: Flutter Mane|Dazzling Gleam|p1b: Orthworm|[spread] p1a,p1b\n|-supereffective|p1a: Dragonite\n|-end|p1a: Dragonite|Substitute\n|-resisted|p1b: Orthworm\n|-damage|p1b: Orthworm|50\/100\n|\n|upkeep\n|turn|3\n|\n|t:|1681825327\n|switch|p1b: Chien-Pao|Chien-Pao, L50|100\/100\n|-ability|p1b: Chien-Pao|Sword of Ruin\n|move|p1a: Dragonite|Extreme Speed|p2a: Flutter Mane\n|-damage|p2a: Flutter Mane|0 fnt\n|faint|p2a: Flutter Mane\n|-end|p2a: Flutter Mane|Protosynthesis|[silent]\n|move|p2b: Gyarados|Waterfall|p1b: Chien-Pao\n|-damage|p1b: Chien-Pao|54\/100\n|\n|upkeep\n|\n|t:|1681825343\n|switch|p2a: Chi-Yu|Chi-Yu, L50|57\/100\n|-ability|p2a: Chi-Yu|Beads of Ruin\n|turn|4\n|\n|t:|1681825360\n|move|p1b: Chien-Pao|Protect|p1b: Chien-Pao\n|-singleturn|p1b: Chien-Pao|Protect\n|move|p2a: Chi-Yu|Heat Wave|p1a: Dragonite|[spread] p1a\n|-activate|p1b: Chien-Pao|move: Protect\n|-resisted|p1a: Dragonite\n|-damage|p1a: Dragonite|82\/100\n|move|p1a: Dragonite|Dragon Dance|p1a: Dragonite\n|-boost|p1a: Dragonite|atk|1\n|-boost|p1a: Dragonite|spe|1\n|move|p2b: Gyarados|Thunder Wave|p1a: Dragonite\n|-status|p1a: Dragonite|par\n|-enditem|p1a: Dragonite|Lum Berry|[eat]\n|-curestatus|p1a: Dragonite|par|[msg]\n|\n|upkeep\n|turn|5\n|\n|t:|1681825379\n|move|p1a: Dragonite|Extreme Speed|p2a: Chi-Yu\n|-damage|p2a: Chi-Yu|0 fnt\n|faint|p2a: Chi-Yu\n|move|p1b: Chien-Pao|Ice Spinner|p2b: Gyarados\n|-damage|p2b: Gyarados|49\/100\n|-enditem|p2b: Gyarados|Sitrus Berry|[eat]\n|-heal|p2b: Gyarados|73\/100|[from] item: Sitrus Berry\n|move|p2b: Gyarados|Iron Head|p1b: Chien-Pao\n|-supereffective|p1b: Chien-Pao\n|-damage|p1b: Chien-Pao|0 fnt\n|faint|p1b: Chien-Pao\n|\n|upkeep\n|\n|t:|1681825393\n|switch|p1b: Gyarados|Gyarados, L50, M|8\/100\n|switch|p2a: Ting-Lu|Ting-Lu, L50|100\/100\n|-ability|p1b: Gyarados|Intimidate|boost\n|-unboost|p2a: Ting-Lu|atk|1\n|-unboost|p2b: Gyarados|atk|1\n|-ability|p2a: Ting-Lu|Vessel of Ruin\n|turn|6\n|\n|t:|1681825416\n|move|p1a: Dragonite|Extreme Speed|p2b: Gyarados\n|-damage|p2b: Gyarados|33\/100\n|move|p1b: Gyarados|Taunt|p2b: Gyarados\n|-start|p2b: Gyarados|move: Taunt\n|cant|p2b: Gyarados|move: Taunt|Thunder Wave\n|move|p2a: Ting-Lu|Throat Chop|p1b: Gyarados\n|-damage|p1b: Gyarados|0 fnt\n|faint|p1b: Gyarados\n|\n|upkeep\n|-message|Lil Tic forfeited.\n|\n|win|ApoloVGCfumada\n|raw|ApoloVGCfumada's rating: 1374 → 1395<\/strong> (+21 for winning)\n|raw|Lil Tic's rating: 1396 → 1375<\/strong> (-21 for losing)\n|l|\u2606Lil Tic\n","uploadtime":1681825430,"views":9,"p1id":"apolovgcfumada","p2id":"liltic","formatid":"gen9vgc2023regulationc","rating":1375,"private":0,"password":""}