{"id":"gen9vgc2023regulationc-1846372506","p1":"Solarman654","p2":"Tetlak","format":"[Gen 9] VGC 2023 Regulation C","log":"|j|\u203dSolarman654\n|j|\u2606Tetlak\n|t:|1681835605\n|gametype|doubles\n|player|p1|Solarman654|1|1278\n|player|p2|Tetlak|266|1253\n|teamsize|p1|6\n|teamsize|p2|6\n|gen|9\n|tier|[Gen 9] VGC 2023 Regulation C\n|rated|\n|rule|Species Clause: Limit one of each Pok\u00e9mon\n|rule|Item Clause: Limit one of each item\n|clearpoke\n|poke|p1|Mimikyu, L50, F|\n|poke|p1|Kingambit, L50, M|\n|poke|p1|Amoonguss, L50, M|\n|poke|p1|Gastrodon, L50, F|\n|poke|p1|Chien-Pao, L50|\n|poke|p1|Roaring Moon, L50|\n|poke|p2|Dachsbun, L50, M|\n|poke|p2|Chi-Yu, L50|\n|poke|p2|Baxcalibur, L50, F|\n|poke|p2|Amoonguss, L50, M|\n|poke|p2|Gyarados, L50, F|\n|poke|p2|Flutter Mane, L50|\n|teampreview|4\n|\n|t:|1681835633\n|start\n|switch|p1a: Roaring Moon|Roaring Moon, L50|100\/100\n|switch|p1b: Chien-Pao|Chien-Pao, L50|100\/100\n|switch|p2a: Dachsbun|Dachsbun, L50, M|100\/100\n|switch|p2b: Chi-Yu|Chi-Yu, L50|100\/100\n|-ability|p1b: Chien-Pao|Sword of Ruin\n|-ability|p2b: Chi-Yu|Beads of Ruin\n|-enditem|p1a: Roaring Moon|Booster Energy\n|-activate|p1a: Roaring Moon|ability: Protosynthesis|[fromitem]\n|-start|p1a: Roaring Moon|protosynthesisspe\n|turn|1\n|inactive|Battle timer is ON: inactive players will automatically lose when time's up. (requested by Tetlak)\n|\n|t:|1681835651\n|move|p1a: Roaring Moon|Acrobatics|p2b: Chi-Yu\n|-damage|p2b: Chi-Yu|19\/100\n|move|p1b: Chien-Pao|Sacred Sword|p2b: Chi-Yu\n|-supereffective|p2b: Chi-Yu\n|-damage|p2b: Chi-Yu|0 fnt\n|faint|p2b: Chi-Yu\n|move|p2a: Dachsbun|Body Press|p1a: Roaring Moon\n|-supereffective|p1a: Roaring Moon\n|-damage|p1a: Roaring Moon|25\/100\n|\n|upkeep\n|\n|t:|1681835655\n|switch|p2b: Gyarados|Gyarados, L50, F|100\/100\n|-ability|p2b: Gyarados|Intimidate|boost\n|-unboost|p1a: Roaring Moon|atk|1\n|-unboost|p1b: Chien-Pao|atk|1\n|turn|2\n|\n|t:|1681835673\n|-end|p1a: Roaring Moon|Protosynthesis|[silent]\n|switch|p1a: Mimikyu|Mimikyu, L50, F|100\/100\n|switch|p1b: Kingambit|Kingambit, L50, M|100\/100\n|move|p2a: Dachsbun|Body Press|p1b: Kingambit\n|-supereffective|p1b: Kingambit\n|-damage|p1b: Kingambit|41\/100\n|move|p2b: Gyarados|Waterfall|p1b: Kingambit\n|-damage|p1b: Kingambit|15\/100\n|\n|upkeep\n|turn|3\n|\n|t:|1681835693\n|move|p1b: Kingambit|Protect|p1b: Kingambit\n|-singleturn|p1b: Kingambit|Protect\n|move|p2a: Dachsbun|Body Press|p1b: Kingambit\n|-activate|p1b: Kingambit|move: Protect\n|move|p2b: Gyarados|Taunt|p1a: Mimikyu\n|-start|p1a: Mimikyu|move: Taunt\n|-enditem|p1a: Mimikyu|Mental Herb\n|-end|p1a: Mimikyu|move: Taunt\n|move|p1a: Mimikyu|Trick Room|p1a: Mimikyu\n|-fieldstart|move: Trick Room|[of] p1a: Mimikyu\n|\n|upkeep\n|turn|4\n|\n|t:|1681835713\n|-terastallize|p2a: Dachsbun|Fighting\n|move|p1a: Mimikyu|Shadow Sneak|p2b: Gyarados\n|-damage|p2b: Gyarados|81\/100\n|move|p1b: Kingambit|Assurance|p2b: Gyarados\n|-damage|p2b: Gyarados|10\/100\n|move|p2b: Gyarados|Thunder Wave|p1a: Mimikyu\n|-status|p1a: Mimikyu|par\n|move|p2a: Dachsbun|Body Press|p1b: Kingambit\n|-supereffective|p1b: Kingambit\n|-damage|p1b: Kingambit|0 fnt\n|faint|p1b: Kingambit\n|\n|upkeep\n|\n|t:|1681835727\n|switch|p1b: Chien-Pao|Chien-Pao, L50|100\/100\n|-ability|p1b: Chien-Pao|Sword of Ruin\n|turn|5\n|\n|t:|1681835737\n|-terastallize|p1b: Chien-Pao|Ghost\n|move|p2b: Gyarados|Protect|p2b: Gyarados\n|-singleturn|p2b: Gyarados|Protect\n|move|p1b: Chien-Pao|Ice Shard|p2b: Gyarados\n|-activate|p2b: Gyarados|move: Protect\n|move|p1a: Mimikyu|Play Rough|p2a: Dachsbun\n|-supereffective|p2a: Dachsbun\n|-damage|p2a: Dachsbun|0 fnt\n|faint|p2a: Dachsbun\n|\n|upkeep\n|\n|t:|1681835744\n|switch|p2a: Baxcalibur|Baxcalibur, L50, F|100\/100\n|turn|6\n|\n|t:|1681835754\n|move|p2a: Baxcalibur|Protect|p2a: Baxcalibur\n|-singleturn|p2a: Baxcalibur|Protect\n|move|p1b: Chien-Pao|Ice Shard|p2b: Gyarados\n|-damage|p2b: Gyarados|0 fnt\n|faint|p2b: Gyarados\n|move|p1a: Mimikyu|Play Rough|p2a: Baxcalibur\n|-activate|p2a: Baxcalibur|move: Protect\n|\n|upkeep\n|turn|7\n|-message|Tetlak forfeited.\n|\n|win|Solarman654\n|raw|Solarman654's rating: 1278 → 1301<\/strong> (+23 for winning)\n|raw|Tetlak's rating: 1253 → 1230<\/strong> (-23 for losing)\n|l|\u2606Tetlak\n","uploadtime":1681835767,"views":10,"p1id":"solarman654","p2id":"tetlak","formatid":"gen9vgc2023regulationc","rating":1230,"private":0,"password":""}