{"id":"gen9vgc2023regulationc-1852486779","p1":"mugiwaraLux","p2":"Yaretherenonames","format":"[Gen 9] VGC 2023 Regulation C","log":"|j|\u2606mugiwaraLux\n|j|\u2606Yaretherenonames\n|t:|1682563921\n|gametype|doubles\n|player|p1|mugiwaraLux|265|1418\n|player|p2|Yaretherenonames|battlegirl-gen4|1350\n|teamsize|p1|6\n|teamsize|p2|6\n|gen|9\n|tier|[Gen 9] VGC 2023 Regulation C\n|rated|\n|rule|Species Clause: Limit one of each Pok\u00e9mon\n|rule|Item Clause: Limit one of each item\n|clearpoke\n|poke|p1|Palafin, L50, M|\n|poke|p1|Amoonguss, L50, M|\n|poke|p1|Flutter Mane, L50|\n|poke|p1|Arcanine, L50, M|\n|poke|p1|Roaring Moon, L50|\n|poke|p1|Ting-Lu, L50|\n|poke|p2|Glimmora, L50, F|\n|poke|p2|Tyranitar, L50, F|\n|poke|p2|Houndstone, L50, M|\n|poke|p2|Garchomp, L50, M|\n|poke|p2|Annihilape, L50, F|\n|poke|p2|Scizor, L50, M|\n|teampreview|4\n|inactive|Battle timer is ON: inactive players will automatically lose when time's up. (requested by mugiwaraLux)\nmugiwaraLux has agreed to open team sheets.\n|\n|t:|1682563944\n|start\n|switch|p1a: big man|Roaring Moon, L50|100\/100\n|switch|p1b: shoyo|Arcanine, L50, M|100\/100\n|switch|p2a: Tyranitar|Tyranitar, L50, F|100\/100\n|switch|p2b: Scizor|Scizor, L50, M|100\/100\n|-ability|p1b: shoyo|Intimidate|boost\n|-unboost|p2a: Tyranitar|atk|1\n|-unboost|p2b: Scizor|atk|1\n|-weather|Sandstorm|[from] ability: Sand Stream|[of] p2a: Tyranitar\n|-enditem|p1a: big man|Booster Energy\n|-activate|p1a: big man|ability: Protosynthesis|[fromitem]\n|-start|p1a: big man|protosynthesisatk\n|turn|1\n|\n|t:|1682563968\n|move|p1a: big man|Dragon Dance|p1a: big man\n|-boost|p1a: big man|atk|1\n|-boost|p1a: big man|spe|1\n|move|p1b: shoyo|Will-O-Wisp|p2a: Tyranitar\n|-status|p2a: Tyranitar|brn\n|move|p2b: Scizor|U-turn|p1a: big man\n|-supereffective|p1a: big man\n|-damage|p1a: big man|8\/100\n|\n|t:|1682563977\n|switch|p2b: rawrchomp|Garchomp, L50, M|100\/100|[from] U-turn\n|move|p2a: Tyranitar|Rock Slide|p1a: big man|[spread] p1b\n|-miss|p2a: Tyranitar|p1a: big man\n|-supereffective|p1b: shoyo\n|-damage|p1b: shoyo|76\/100\n|\n|-weather|Sandstorm|[upkeep]\n|-damage|p1a: big man|2\/100|[from] Sandstorm\n|-damage|p2a: Tyranitar|95\/100 brn|[from] brn\n|upkeep\n|turn|2\n|\n|t:|1682564000\n|move|p1b: shoyo|Protect|p1b: shoyo\n|-singleturn|p1b: shoyo|Protect\n|move|p1a: big man|Acrobatics|p2b: rawrchomp\n|-damage|p2b: rawrchomp|25\/100\n|move|p2b: rawrchomp|Stomping Tantrum|p1b: shoyo\n|-activate|p1b: shoyo|move: Protect\n|move|p2a: Tyranitar|Rock Slide|p1b: shoyo|[spread] p1a\n|-activate|p1b: shoyo|move: Protect\n|-damage|p1a: big man|0 fnt\n|faint|p1a: big man\n|-end|p1a: big man|Protosynthesis|[silent]\n|\n|-weather|Sandstorm|[upkeep]\n|-damage|p2a: Tyranitar|89\/100 brn|[from] brn\n|upkeep\n|\n|t:|1682564009\n|switch|p1a: Mimi|Flutter Mane, L50|100\/100\n|turn|3\n|\n|t:|1682564027\n|switch|p1b: natsu|Ting-Lu, L50|100\/100\n|-ability|p1b: natsu|Vessel of Ruin\n|move|p1a: Mimi|Dazzling Gleam|p2b: rawrchomp|[spread] p2a\n|-miss|p1a: Mimi|p2b: rawrchomp\n|-supereffective|p2a: Tyranitar\n|-damage|p2a: Tyranitar|61\/100 brn\n|move|p2b: rawrchomp|Stomping Tantrum|p1b: natsu\n|-damage|p1b: natsu|81\/100\n|move|p2a: Tyranitar|Rock Slide|p1b: natsu|[spread] p1a,p1b\n|-resisted|p1b: natsu\n|-damage|p1a: Mimi|81\/100\n|-damage|p1b: natsu|78\/100\n|\n|-weather|Sandstorm|[upkeep]\n|-damage|p1a: Mimi|75\/100|[from] Sandstorm\n|-damage|p2a: Tyranitar|55\/100 brn|[from] brn\n|upkeep\n|turn|4\n|\n|t:|1682564051\n|move|p1a: Mimi|Dazzling Gleam|p2a: Tyranitar|[spread] p2a\n|-miss|p1a: Mimi|p2b: rawrchomp\n|-supereffective|p2a: Tyranitar\n|-damage|p2a: Tyranitar|31\/100 brn\n|move|p2b: rawrchomp|Rock Slide|p1b: natsu|[spread] p1b\n|-miss|p2b: rawrchomp|p1a: Mimi\n|-resisted|p1b: natsu\n|-damage|p1b: natsu|73\/100\n|move|p2a: Tyranitar|Low Kick|p1a: Mimi\n|-immune|p1a: Mimi\n|move|p1b: natsu|Stomping Tantrum|p2a: Tyranitar\n|-supereffective|p2a: Tyranitar\n|-damage|p2a: Tyranitar|0 fnt\n|faint|p2a: Tyranitar\n|\n|-weather|Sandstorm|[upkeep]\n|-damage|p1a: Mimi|69\/100|[from] Sandstorm\n|upkeep\n|c|\u2606mugiwaraLux|?\n|\n|t:|1682564070\n|switch|p2a: Scizor|Scizor, L50, M|100\/100\n|turn|5\n|\n|t:|1682564081\n|-end|p1a: Mimi|Protosynthesis|[silent]\n|switch|p1a: shoyo|Arcanine, L50, M|76\/100\n|-ability|p1a: shoyo|Intimidate|boost\n|-unboost|p2a: Scizor|atk|1\n|-unboost|p2b: rawrchomp|atk|1\n|move|p2a: Scizor|Bullet Punch|p1a: shoyo\n|-resisted|p1a: shoyo\n|-damage|p1a: shoyo|58\/100\n|move|p2b: rawrchomp|Dragon Claw|p1b: natsu\n|-damage|p1b: natsu|58\/100\n|move|p1b: natsu|Rock Slide|p2a: Scizor|[spread] p2b\n|-miss|p1b: natsu|p2a: Scizor\n|-resisted|p2b: rawrchomp\n|-damage|p2b: rawrchomp|19\/100\n|\n|-weather|none\n|upkeep\n|turn|6\n|\n|t:|1682564106\n|switch|p2a: what the dog doin|Houndstone, L50, M|100\/100\n|-terastallize|p1a: shoyo|Water\n|move|p2b: rawrchomp|Stomping Tantrum|p1a: shoyo\n|-crit|p1a: shoyo\n|-damage|p1a: shoyo|0 fnt\n|faint|p1a: shoyo\n|move|p1b: natsu|Stomping Tantrum|p2b: rawrchomp\n|-damage|p2b: rawrchomp|0 fnt\n|faint|p2b: rawrchomp\n|\n|upkeep\n|\n|t:|1682564118\n|switch|p2b: Scizor|Scizor, L50, M|100\/100\n|switch|p1a: Mimi|Flutter Mane, L50|69\/100\n|turn|7\n|c|\u2606mugiwaraLux|that crit fuck me\n|\n|t:|1682564133\n|move|p2b: Scizor|Bullet Punch|p1a: Mimi\n|-supereffective|p1a: Mimi\n|-damage|p1a: Mimi|0 fnt\n|faint|p1a: Mimi\n|-end|p1a: Mimi|Protosynthesis|[silent]\n|move|p2a: what the dog doin|Last Respects|p1b: natsu\n|-resisted|p1b: natsu\n|-damage|p1b: natsu|32\/100\n|-damage|p2a: what the dog doin|91\/100|[from] item: Life Orb\n|move|p1b: natsu|Heavy Slam|p2a: what the dog doin\n|-damage|p2a: what the dog doin|57\/100\n|\n|upkeep\n|turn|8\n|\n|t:|1682564148\n|-terastallize|p2a: what the dog doin|Ghost\n|move|p2b: Scizor|Bullet Punch|p1b: natsu\n|-damage|p1b: natsu|4\/100\n|move|p2a: what the dog doin|Last Respects|p1b: natsu\n|-resisted|p1b: natsu\n|-damage|p1b: natsu|0 fnt\n|faint|p1b: natsu\n|-damage|p2a: what the dog doin|48\/100|[from] item: Life Orb\n|\n|win|Yaretherenonames\n|raw|mugiwaraLux's rating: 1418 → 1394<\/strong> (-24 for losing)\n|raw|Yaretherenonames's rating: 1350 → 1374<\/strong> (+24 for winning)\n","uploadtime":1682564156,"views":9,"p1id":"mugiwaralux","p2id":"yaretherenonames","formatid":"gen9vgc2023regulationc","rating":1374,"private":0,"password":""}