{"id":"gen9vgc2023regulationc-1848116970","p1":"Grx tournament","p2":"DanceOfHearts","format":"[Gen 9] VGC 2023 Regulation C","log":"|j|\u2606Grx tournament\n|j|\u2606DanceOfHearts\n|t:|1682031646\n|gametype|doubles\n|player|p1|Grx tournament|elesa|1382\n|player|p2|DanceOfHearts|may-masters2|1347\n|teamsize|p1|6\n|teamsize|p2|6\n|gen|9\n|tier|[Gen 9] VGC 2023 Regulation C\n|rated|\n|rule|Species Clause: Limit one of each Pok\u00e9mon\n|rule|Item Clause: Limit one of each item\n|clearpoke\n|poke|p1|Ting-Lu, L50|\n|poke|p1|Baxcalibur, L50, M|\n|poke|p1|Amoonguss, L50, M|\n|poke|p1|Volcarona, L50, M|\n|poke|p1|Kingambit, L50, F|\n|poke|p1|Gyarados, L50, M|\n|poke|p2|Amoonguss, L50, F|\n|poke|p2|Chien-Pao, L50|\n|poke|p2|Arcanine, L50, M|\n|poke|p2|Palafin, L50, F|\n|poke|p2|Kingambit, L50, F|\n|poke|p2|Iron Hands, L50|\n|teampreview|4\nDanceOfHearts has agreed to open team sheets.\n|\n|t:|1682031673\n|start\n|switch|p1a: Amoonguss|Amoonguss, L50, M, shiny|100\/100\n|switch|p1b: Kingambit|Kingambit, L50, F|100\/100\n|switch|p2a: Meow|Arcanine, L50, M|100\/100\n|switch|p2b: Uwu|Palafin, L50, F|100\/100\n|-ability|p2a: Meow|Intimidate|boost\n|-unboost|p1a: Amoonguss|atk|1\n|-unboost|p1b: Kingambit|atk|1\n|-ability|p1b: Kingambit|Defiant|boost\n|-boost|p1b: Kingambit|atk|2\n|turn|1\n|\n|t:|1682031702\n|-terastallize|p1b: Kingambit|Psychic\n|move|p2b: Uwu|Protect|p2b: Uwu\n|-singleturn|p2b: Uwu|Protect\n|move|p2a: Meow|Howl|p2a: Meow|[spread] p2a,p2b\n|-boost|p2a: Meow|atk|1\n|-boost|p2b: Uwu|atk|1\n|move|p1b: Kingambit|Kowtow Cleave|p2a: Meow\n|-damage|p2a: Meow|29\/100\n|move|p1a: Amoonguss|Spore|p2b: Uwu\n|-activate|p2b: Uwu|move: Protect\n|\n|upkeep\n|turn|2\n|\n|t:|1682031721\n|move|p1a: Amoonguss|Rage Powder|p1a: Amoonguss\n|-singleturn|p1a: Amoonguss|move: Rage Powder\n|move|p1b: Kingambit|Sucker Punch||[still]\n|-fail|p1b: Kingambit\n|move|p2a: Meow|Will-O-Wisp|p1b: Kingambit\n|-status|p1b: Kingambit|brn\n|move|p2b: Uwu|Wave Crash|p1a: Amoonguss\n|-resisted|p1a: Amoonguss\n|-damage|p1a: Amoonguss|64\/100\n|-damage|p2b: Uwu|87\/100|[from] Recoil\n|\n|-damage|p1b: Kingambit|95\/100 brn|[from] brn\n|upkeep\n|turn|3\n|\n|t:|1682031744\n|move|p1a: Amoonguss|Rage Powder|p1a: Amoonguss\n|-singleturn|p1a: Amoonguss|move: Rage Powder\n|move|p2a: Meow|Flare Blitz|p1b: Kingambit\n|-damage|p1b: Kingambit|37\/100 brn\n|-damage|p2a: Meow|7\/100|[from] Recoil\n|move|p2b: Uwu|Wave Crash|p1a: Amoonguss\n|-resisted|p1a: Amoonguss\n|-damage|p1a: Amoonguss|33\/100\n|-enditem|p1a: Amoonguss|Sitrus Berry|[eat]\n|-heal|p1a: Amoonguss|58\/100|[from] item: Sitrus Berry\n|-damage|p2b: Uwu|75\/100|[from] Recoil\n|move|p1b: Kingambit|Kowtow Cleave|p2a: Meow\n|-damage|p2a: Meow|0 fnt\n|faint|p2a: Meow\n|\n|-damage|p1b: Kingambit|31\/100 brn|[from] brn\n|upkeep\n|\n|t:|1682031761\n|switch|p2a: Iron Hands|Iron Hands, L50|100\/100\n|turn|4\n|\n|t:|1682031784\n|move|p2a: Iron Hands|Fake Out|p1a: Amoonguss\n|-damage|p1a: Amoonguss|44\/100\n|move|p2b: Uwu|Jet Punch|p1b: Kingambit\n|-damage|p1b: Kingambit|0 fnt\n|faint|p1b: Kingambit\n|cant|p1a: Amoonguss|flinch\n|\n|upkeep\n|\n|t:|1682031790\n|switch|p1b: Ting-Lu|Ting-Lu, L50|100\/100\n|-ability|p1b: Ting-Lu|Vessel of Ruin\n|turn|5\n|\n|t:|1682031810\n|move|p1a: Amoonguss|Rage Powder|p1a: Amoonguss\n|-singleturn|p1a: Amoonguss|move: Rage Powder\n|move|p2b: Uwu|Wave Crash|p1a: Amoonguss\n|-resisted|p1a: Amoonguss\n|-damage|p1a: Amoonguss|10\/100\n|-damage|p2b: Uwu|61\/100|[from] Recoil\n|move|p2a: Iron Hands|Wild Charge|p1a: Amoonguss\n|-resisted|p1a: Amoonguss\n|-crit|p1a: Amoonguss\n|-damage|p1a: Amoonguss|0 fnt\n|faint|p1a: Amoonguss\n|-damage|p2a: Iron Hands|98\/100|[from] Recoil\n|move|p1b: Ting-Lu|Stomping Tantrum|p2a: Iron Hands\n|-supereffective|p2a: Iron Hands\n|-damage|p2a: Iron Hands|41\/100\n|\n|upkeep\n|\n|t:|1682031819\n|switch|p1a: Volcarona|Volcarona, L50, M|100\/100\n|turn|6\n|\n|t:|1682031830\n|move|p2b: Uwu|Protect|p2b: Uwu\n|-singleturn|p2b: Uwu|Protect\n|move|p1a: Volcarona|Giga Drain|p2b: Uwu\n|-activate|p2b: Uwu|move: Protect\n|move|p2a: Iron Hands|Drain Punch|p1b: Ting-Lu\n|-supereffective|p1b: Ting-Lu\n|-damage|p1b: Ting-Lu|51\/100\n|-heal|p2a: Iron Hands|65\/100|[from] drain|[of] p1b: Ting-Lu\n|move|p1b: Ting-Lu|Payback|p2b: Uwu\n|-activate|p2b: Uwu|move: Protect\n|\n|upkeep\n|turn|7\n|\n|t:|1682031849\n|move|p2b: Uwu|Jet Punch|p1a: Volcarona\n|-supereffective|p1a: Volcarona\n|-damage|p1a: Volcarona|0 fnt\n|faint|p1a: Volcarona\n|move|p2a: Iron Hands|Drain Punch|p1b: Ting-Lu\n|-supereffective|p1b: Ting-Lu\n|-damage|p1b: Ting-Lu|1\/100\n|-heal|p2a: Iron Hands|88\/100|[from] drain|[of] p1b: Ting-Lu\n|move|p1b: Ting-Lu|Stomping Tantrum|p2a: Iron Hands\n|-supereffective|p2a: Iron Hands\n|-damage|p2a: Iron Hands|33\/100\n|\n|upkeep\n|turn|8\n|-message|Grx tournament forfeited.\n|\n|win|DanceOfHearts\n|raw|Grx tournament's rating: 1382 → 1360<\/strong> (-22 for losing)\n|raw|DanceOfHearts's rating: 1347 → 1369<\/strong> (+22 for winning)\n|l|\u2606Grx tournament\n","uploadtime":1682031859,"views":3,"p1id":"grxtournament","p2id":"danceofhearts","formatid":"gen9vgc2023regulationc","rating":1360,"private":0,"password":""}