{"id":"gen9vgc2023regulationc-1853109174","p1":"mugiwaraLux","p2":"Floorgle","format":"[Gen 9] VGC 2023 Regulation C","log":"|j|\u2606mugiwaraLux\n|j|\u2606Floorgle\n|t:|1682636252\n|gametype|doubles\n|player|p1|mugiwaraLux|1|1357\n|player|p2|Floorgle|hilda-masters3|1327\n|teamsize|p1|6\n|teamsize|p2|6\n|gen|9\n|tier|[Gen 9] VGC 2023 Regulation C\n|rated|\n|rule|Species Clause: Limit one of each Pok\u00e9mon\n|rule|Item Clause: Limit one of each item\n|clearpoke\n|poke|p1|Palafin, L50, M|\n|poke|p1|Amoonguss, L50, M|\n|poke|p1|Flutter Mane, L50|\n|poke|p1|Arcanine, L50, F|\n|poke|p1|Chien-Pao, L50|\n|poke|p1|Roaring Moon, L50|\n|poke|p2|Maushold, L50|\n|poke|p2|Annihilape, L50, M|\n|poke|p2|Mudsdale, L50, F|\n|poke|p2|Ting-Lu, L50|\n|poke|p2|Arcanine, L50, M|\n|poke|p2|Scream Tail, L50|\n|teampreview|4\n|inactive|Battle timer is ON: inactive players will automatically lose when time's up. (requested by Floorgle)\n|inactive|mugiwaraLux also wants the timer to be on.\nmugiwaraLux has agreed to open team sheets.\nFloorgle has agreed to open team sheets.\n|inactive|mugiwaraLux has 60 seconds left.\n|inactive|Floorgle has 60 seconds left.\n|\n|t:|1682636308\n|start\n|switch|p1a: Roaring Moon|Roaring Moon, L50|100\/100\n|switch|p1b: Amoonguss|Amoonguss, L50, M|100\/100\n|switch|p2a: Maushold|Maushold, L50|100\/100\n|switch|p2b: Annihilape|Annihilape, L50, M|100\/100\n|-enditem|p1a: Roaring Moon|Booster Energy\n|-activate|p1a: Roaring Moon|ability: Protosynthesis|[fromitem]\n|-start|p1a: Roaring Moon|protosynthesisatk\n|turn|1\n|\n|t:|1682636323\n|-terastallize|p1a: Roaring Moon|Flying\n|move|p2a: Maushold|Follow Me|p2a: Maushold\n|-singleturn|p2a: Maushold|move: Follow Me\n|move|p1a: Roaring Moon|Dragon Dance|p1a: Roaring Moon\n|-boost|p1a: Roaring Moon|atk|1\n|-boost|p1a: Roaring Moon|spe|1\n|move|p2b: Annihilape|Drain Punch|p1a: Roaring Moon\n|-resisted|p1a: Roaring Moon\n|-damage|p1a: Roaring Moon|83\/100\n|move|p1b: Amoonguss|Spore|p2a: Maushold\n|-activate|p2a: Maushold|item: Safety Goggles|Spore\n|\n|upkeep\n|turn|2\n|\n|t:|1682636337\n|switch|p2b: Mudsdale|Mudsdale, L50, F|100\/100\n|move|p1a: Roaring Moon|Acrobatics|p2a: Maushold\n|-damage|p2a: Maushold|0 fnt\n|faint|p2a: Maushold\n|move|p1b: Amoonguss|Pollen Puff|p1a: Roaring Moon\n|-heal|p1a: Roaring Moon|100\/100\n|\n|upkeep\n|\n|t:|1682636345\n|switch|p2a: Arcanine|Arcanine, L50, M|100\/100\n|-ability|p2a: Arcanine|Intimidate|boost\n|-unboost|p1a: Roaring Moon|atk|1\n|-unboost|p1b: Amoonguss|atk|1\n|turn|3\n|\n|t:|1682636365\n|move|p1a: Roaring Moon|Protect|p1a: Roaring Moon\n|-singleturn|p1a: Roaring Moon|Protect\n|move|p2a: Arcanine|Flare Blitz|p1b: Amoonguss\n|-supereffective|p1b: Amoonguss\n|-damage|p1b: Amoonguss|0 fnt\n|faint|p1b: Amoonguss\n|-damage|p2a: Arcanine|63\/100|[from] Recoil\n|move|p2b: Mudsdale|Rock Slide|p1a: Roaring Moon\n|-activate|p1a: Roaring Moon|move: Protect\n|\n|upkeep\n|\n|t:|1682636374\n|switch|p1b: Palafin|Palafin, L50, M|100\/100\n|turn|4\n|\n|t:|1682636391\n|-terastallize|p2a: Arcanine|Grass\n|move|p1a: Roaring Moon|Acrobatics|p2a: Arcanine\n|-supereffective|p2a: Arcanine\n|-damage|p2a: Arcanine|0 fnt\n|faint|p2a: Arcanine\n|move|p1b: Palafin|Wave Crash|p2b: Mudsdale\n|-supereffective|p2b: Mudsdale\n|-damage|p2b: Mudsdale|16\/100\n|-ability|p2b: Mudsdale|Stamina|boost\n|-boost|p2b: Mudsdale|def|1\n|-damage|p1b: Palafin|70\/100|[from] Recoil\n|move|p2b: Mudsdale|Rock Slide|p1a: Roaring Moon|[spread] p1a,p1b\n|-supereffective|p1a: Roaring Moon\n|-damage|p1a: Roaring Moon|58\/100\n|-damage|p1b: Palafin|52\/100\n|\n|upkeep\n|\n|t:|1682636396\n|switch|p2a: Annihilape|Annihilape, L50, M|100\/100\n|turn|5\n|\n|t:|1682636413\n|move|p1a: Roaring Moon|Dragon Dance|p1a: Roaring Moon\n|-boost|p1a: Roaring Moon|atk|1\n|-boost|p1a: Roaring Moon|spe|1\n|move|p2a: Annihilape|Rage Fist|p1b: Palafin\n|-damage|p1b: Palafin|30\/100\n|move|p1b: Palafin|Wave Crash|p2b: Mudsdale\n|-supereffective|p2b: Mudsdale\n|-damage|p2b: Mudsdale|0 fnt\n|faint|p2b: Mudsdale\n|-damage|p1b: Palafin|24\/100|[from] Recoil\n|\n|upkeep\n|turn|6\n|c|\u2606Floorgle|gg\n|\n|t:|1682636423\n|move|p1a: Roaring Moon|Acrobatics|p2a: Annihilape\n|-supereffective|p2a: Annihilape\n|-damage|p2a: Annihilape|0 fnt\n|faint|p2a: Annihilape\n|\n|win|mugiwaraLux\n|raw|mugiwaraLux's rating: 1357 → 1375<\/strong> (+18 for winning)\n|raw|Floorgle's rating: 1327 → 1309<\/strong> (-18 for losing)\n|c|\u2606mugiwaraLux|gg\n","uploadtime":1682636433,"views":7,"p1id":"mugiwaralux","p2id":"floorgle","formatid":"gen9vgc2023regulationc","rating":1309,"private":0,"password":""}