{"id":"gen9vgc2023regulationc-1853318126","p1":"RubyScarletC","p2":"anotherworldVGC","format":"[Gen 9] VGC 2023 Regulation C","log":"|j|\u2606RubyScarletC\n|j|\u2606anotherworldVGC\n|t:|1682667027\n|gametype|doubles\n|player|p1|RubyScarletC|clerkf|1553\n|player|p2|anotherworldVGC|101|1515\n|teamsize|p1|6\n|teamsize|p2|6\n|gen|9\n|tier|[Gen 9] VGC 2023 Regulation C\n|rated|\n|rule|Species Clause: Limit one of each Pok\u00e9mon\n|rule|Item Clause: Limit one of each item\n|clearpoke\n|poke|p1|Torkoal, L50, M|\n|poke|p1|Jumpluff, L50, F|\n|poke|p1|Flutter Mane, L50|\n|poke|p1|Great Tusk, L50|\n|poke|p1|Roaring Moon, L50|\n|poke|p1|Chien-Pao, L50|\n|poke|p2|Glimmora, L50, F|\n|poke|p2|Flutter Mane, L50|\n|poke|p2|Wo-Chien, L50|\n|poke|p2|Arcanine, L50, F|\n|poke|p2|Dragonite, L50, F|\n|poke|p2|Chien-Pao, L50|\n|teampreview|4\n|j| MarcelTheDoggie\n|l| MarcelTheDoggie\n|\n|t:|1682667108\n|start\n|switch|p1a: Great Tusk|Great Tusk, L50, shiny|100\/100\n|switch|p1b: Torkoal|Torkoal, L50, M|100\/100\n|switch|p2a: Arcanine|Arcanine, L50, F, shiny|100\/100\n|switch|p2b: Glimmora|Glimmora, L50, F, shiny|100\/100\n|-ability|p2a: Arcanine|Intimidate|boost\n|-unboost|p1a: Great Tusk|atk|1\n|-unboost|p1b: Torkoal|atk|1\n|-enditem|p1b: Torkoal|Eject Pack\n|\n|t:|1682667133\n|switch|p1b: Roaring Moon|Roaring Moon, L50|100\/100\n|turn|1\n|\n|t:|1682667169\n|-end|p1a: Great Tusk|Protosynthesis|[silent]\n|switch|p1a: Torkoal|Torkoal, L50, M|100\/100\n|-weather|SunnyDay|[from] ability: Drought|[of] p1a: Torkoal\n|-activate|p1b: Roaring Moon|ability: Protosynthesis\n|-start|p1b: Roaring Moon|protosynthesisatk\n|switch|p2a: Wo-Chien|Wo-Chien, L50|100\/100\n|-ability|p2a: Wo-Chien|Tablets of Ruin\n|-terastallize|p1b: Roaring Moon|Fire\n|move|p1b: Roaring Moon|Outrage|p2b: Glimmora\n|-damage|p2b: Glimmora|0 fnt\n|-activate|p2b: Glimmora|ability: Toxic Debris\n|-sidestart|p1: RubyScarletC|move: Toxic Spikes\n|faint|p2b: Glimmora\n|\n|-weather|SunnyDay|[upkeep]\n|upkeep\n|\n|t:|1682667193\n|switch|p2b: Flutter Mane|Flutter Mane, L50, shiny|100\/100\n|-activate|p2b: Flutter Mane|ability: Protosynthesis\n|-start|p2b: Flutter Mane|protosynthesisspa\n|turn|2\n|\n|t:|1682667236\n|move|p2a: Wo-Chien|Protect|p2a: Wo-Chien\n|-singleturn|p2a: Wo-Chien|Protect\n|move|p2b: Flutter Mane|Shadow Ball|p1a: Torkoal\n|-damage|p1a: Torkoal|43\/100\n|-unboost|p1a: Torkoal|spd|1\n|move|p1b: Roaring Moon|Outrage|p2b: Flutter Mane|[from]lockedmove\n|-immune|p2b: Flutter Mane\n|-start|p1b: Roaring Moon|confusion|[fatigue]\n|move|p1a: Torkoal|Yawn|p2b: Flutter Mane\n|-start|p2b: Flutter Mane|move: Yawn|[of] p1a: Torkoal\n|\n|-weather|SunnyDay|[upkeep]\n|upkeep\n|turn|3\n|\n|t:|1682667270\n|-end|p2b: Flutter Mane|Protosynthesis|[silent]\n|switch|p2b: Arcanine|Arcanine, L50, F, shiny|100\/100\n|-ability|p2b: Arcanine|Intimidate|boost\n|-unboost|p1a: Torkoal|atk|1\n|-unboost|p1b: Roaring Moon|atk|1\n|-end|p1b: Roaring Moon|Protosynthesis|[silent]\n|switch|p1b: Flutter Mane|Flutter Mane, L50|100\/100\n|-status|p1b: Flutter Mane|psn\n|-activate|p1b: Flutter Mane|ability: Protosynthesis\n|-start|p1b: Flutter Mane|protosynthesisspe\n|-terastallize|p2a: Wo-Chien|Poison\n|move|p1a: Torkoal|Protect|p1a: Torkoal\n|-singleturn|p1a: Torkoal|Protect\n|move|p2a: Wo-Chien|Leech Seed|p1b: Flutter Mane\n|-start|p1b: Flutter Mane|move: Leech Seed\n|\n|-weather|SunnyDay|[upkeep]\n|-damage|p1b: Flutter Mane|89\/100 psn|[from] Leech Seed|[of] p2a: Wo-Chien\n|-damage|p1b: Flutter Mane|77\/100 psn|[from] psn\n|upkeep\n|turn|4\n|\n|t:|1682667311\n|-end|p1b: Flutter Mane|Protosynthesis|[silent]\n|switch|p1b: Roaring Moon|Roaring Moon, L50, tera:Fire|100\/100\n|-status|p1b: Roaring Moon|psn\n|-activate|p1b: Roaring Moon|ability: Protosynthesis\n|-start|p1b: Roaring Moon|protosynthesisatk\n|switch|p1a: Great Tusk|Great Tusk, L50, shiny|100\/100\n|-status|p1a: Great Tusk|psn\n|-activate|p1a: Great Tusk|ability: Protosynthesis\n|-start|p1a: Great Tusk|protosynthesisatk\n|move|p2b: Arcanine|Flare Blitz|p1b: Roaring Moon\n|-resisted|p1b: Roaring Moon\n|-damage|p1b: Roaring Moon|70\/100 psn\n|-damage|p2b: Arcanine|90\/100|[from] Recoil\n|move|p2a: Wo-Chien|Leech Seed|p1a: Great Tusk\n|-start|p1a: Great Tusk|move: Leech Seed\n|\n|-weather|SunnyDay|[upkeep]\n|-damage|p1a: Great Tusk|88\/100 psn|[from] Leech Seed|[of] p2a: Wo-Chien\n|-damage|p1a: Great Tusk|76\/100 psn|[from] psn\n|-damage|p1b: Roaring Moon|57\/100 psn|[from] psn\n|upkeep\n|turn|5\n|\n|t:|1682667353\n|move|p2a: Wo-Chien|Protect|p2a: Wo-Chien\n|-singleturn|p2a: Wo-Chien|Protect\n|move|p1a: Great Tusk|Headlong Rush|p2b: Arcanine\n|-supereffective|p2b: Arcanine\n|-damage|p2b: Arcanine|0 fnt\n|-unboost|p1a: Great Tusk|def|1\n|-unboost|p1a: Great Tusk|spd|1\n|faint|p2b: Arcanine\n|move|p1b: Roaring Moon|Rock Slide|p2a: Wo-Chien\n|-activate|p2a: Wo-Chien|move: Protect\n|\n|-weather|none\n|-end|p1a: Great Tusk|Protosynthesis\n|-end|p1b: Roaring Moon|Protosynthesis\n|-damage|p1a: Great Tusk|64\/100 psn|[from] Leech Seed|[of] p2a: Wo-Chien\n|-damage|p1a: Great Tusk|52\/100 psn|[from] psn\n|-damage|p1b: Roaring Moon|45\/100 psn|[from] psn\n|upkeep\n|\n|t:|1682667357\n|switch|p2b: Flutter Mane|Flutter Mane, L50, shiny|100\/100\n|-enditem|p2b: Flutter Mane|Booster Energy\n|-activate|p2b: Flutter Mane|ability: Protosynthesis|[fromitem]\n|-start|p2b: Flutter Mane|protosynthesisspa\n|turn|6\n|\n|t:|1682667397\n|-end|p1b: Roaring Moon|Protosynthesis|[silent]\n|switch|p1b: Torkoal|Torkoal, L50, M|43\/100\n|-status|p1b: Torkoal|psn\n|-weather|SunnyDay|[from] ability: Drought|[of] p1b: Torkoal\n|-activate|p1a: Great Tusk|ability: Protosynthesis\n|-start|p1a: Great Tusk|protosynthesisatk\n|move|p1a: Great Tusk|Headlong Rush|p2a: Wo-Chien\n|-supereffective|p2a: Wo-Chien\n|-damage|p2a: Wo-Chien|4\/100\n|-unboost|p1a: Great Tusk|def|1\n|-unboost|p1a: Great Tusk|spd|1\n|move|p2b: Flutter Mane|Dazzling Gleam|p1b: Torkoal|[spread] p1a,p1b\n|-supereffective|p1a: Great Tusk\n|-resisted|p1b: Torkoal\n|-damage|p1a: Great Tusk|0 fnt\n|-damage|p1b: Torkoal|21\/100 psn\n|faint|p1a: Great Tusk\n|-end|p1a: Great Tusk|Protosynthesis|[silent]\n|move|p2a: Wo-Chien|Leech Seed|p1b: Torkoal\n|-start|p1b: Torkoal|move: Leech Seed\n|\n|-weather|SunnyDay|[upkeep]\n|-heal|p2a: Wo-Chien|10\/100|[from] item: Leftovers\n|-damage|p1b: Torkoal|9\/100 psn|[from] Leech Seed|[of] p2a: Wo-Chien\n|-heal|p2a: Wo-Chien|21\/100|[silent]\n|-damage|p1b: Torkoal|0 fnt|[from] psn\n|faint|p1b: Torkoal\n|upkeep\n|\n|t:|1682667419\n|switch|p1a: Flutter Mane|Flutter Mane, L50|77\/100 psn\n|switch|p1b: Roaring Moon|Roaring Moon, L50, tera:Fire|45\/100 psn\n|-activate|p1a: Flutter Mane|ability: Protosynthesis\n|-start|p1a: Flutter Mane|protosynthesisspe\n|-activate|p1b: Roaring Moon|ability: Protosynthesis\n|-start|p1b: Roaring Moon|protosynthesisatk\n|turn|7\n|\n|t:|1682667444\n|move|p2b: Flutter Mane|Protect|p2b: Flutter Mane\n|-singleturn|p2b: Flutter Mane|Protect\n|move|p1a: Flutter Mane|Shadow Ball|p2b: Flutter Mane\n|-activate|p2b: Flutter Mane|move: Protect\n|move|p1b: Roaring Moon|Rock Slide|p2b: Flutter Mane|[spread] \n|-activate|p2b: Flutter Mane|move: Protect\n|-miss|p1b: Roaring Moon|p2a: Wo-Chien\n|move|p2a: Wo-Chien|Leech Seed|p1b: Roaring Moon\n|-start|p1b: Roaring Moon|move: Leech Seed\n|\n|-weather|SunnyDay|[upkeep]\n|-heal|p2a: Wo-Chien|28\/100|[from] item: Leftovers\n|-damage|p1b: Roaring Moon|33\/100 psn|[from] Leech Seed|[of] p2a: Wo-Chien\n|-heal|p2a: Wo-Chien|40\/100|[silent]\n|-damage|p1a: Flutter Mane|65\/100 psn|[from] psn\n|-damage|p1b: Roaring Moon|20\/100 psn|[from] psn\n|upkeep\n|turn|8\n|\n|t:|1682667461\n|move|p2a: Wo-Chien|Protect|p2a: Wo-Chien\n|-singleturn|p2a: Wo-Chien|Protect\n|move|p1a: Flutter Mane|Shadow Ball|p2b: Flutter Mane\n|-supereffective|p2b: Flutter Mane\n|-damage|p2b: Flutter Mane|2\/100\n|move|p2b: Flutter Mane|Shadow Ball|p1a: Flutter Mane\n|-supereffective|p1a: Flutter Mane\n|-damage|p1a: Flutter Mane|0 fnt\n|faint|p1a: Flutter Mane\n|-end|p1a: Flutter Mane|Protosynthesis|[silent]\n|move|p1b: Roaring Moon|Rock Slide|p2a: Wo-Chien|[spread] \n|-activate|p2a: Wo-Chien|move: Protect\n|-miss|p1b: Roaring Moon|p2b: Flutter Mane\n|\n|-weather|SunnyDay|[upkeep]\n|-heal|p2a: Wo-Chien|46\/100|[from] item: Leftovers\n|-damage|p1b: Roaring Moon|8\/100 psn|[from] Leech Seed|[of] p2a: Wo-Chien\n|-heal|p2a: Wo-Chien|59\/100|[silent]\n|-damage|p1b: Roaring Moon|0 fnt|[from] psn\n|faint|p1b: Roaring Moon\n|-end|p1b: Roaring Moon|Protosynthesis|[silent]\n|\n|win|anotherworldVGC\n|upkeep\n|raw|RubyScarletC's rating: 1553 → 1531<\/strong> (-22 for losing)\n|raw|anotherworldVGC's rating: 1515 → 1537<\/strong> (+22 for winning)\n|l|\u2606anotherworldVGC\n","uploadtime":1682667481,"views":8,"p1id":"rubyscarletc","p2id":"anotherworldvgc","formatid":"gen9vgc2023regulationc","rating":1531,"private":0,"password":""}