{"id":"gen9vgc2023regulationc-1864119273","p1":"jhonlex555","p2":"dotcubus","format":"[Gen 9] VGC 2023 Regulation C","log":"|j|\u2606jhonlex555\n|j|\u2606dotcubus\n|t:|1684120185\n|gametype|doubles\n|player|p1|jhonlex555|101|1102\n|player|p2|dotcubus|guitarist|1127\n|teamsize|p1|6\n|teamsize|p2|6\n|gen|9\n|tier|[Gen 9] VGC 2023 Regulation C\n|rated|\n|rule|Species Clause: Limit one of each Pok\u00e9mon\n|rule|Item Clause: Limit one of each item\n|clearpoke\n|poke|p1|Goodra, L50, F|\n|poke|p1|Houndoom, L50, F|\n|poke|p1|Rotom-Frost, L50|\n|poke|p1|Braviary, L50, M|\n|poke|p1|Toxapex, L50, M|\n|poke|p1|Indeedee, L50, M|\n|poke|p2|Iron Hands, L50|\n|poke|p2|Mimikyu, L50, M|\n|poke|p2|Abomasnow, L50, F|\n|poke|p2|Ting-Lu, L50|\n|poke|p2|Azumarill, L50, M|\n|poke|p2|Kingambit, L50, F|\n|teampreview|4\n|inactive|Battle timer is ON: inactive players will automatically lose when time's up. (requested by dotcubus)\n|inactive|jhonlex555 has 60 seconds left.\n|inactive|dotcubus has 60 seconds left.\n|inactive|jhonlex555 has 30 seconds left.\n|inactive|jhonlex555 has 20 seconds left.\n|inactive|jhonlex555 has 15 seconds left.\n|inactive|jhonlex555 has 10 seconds left.\n|inactive|jhonlex555 has 5 seconds left.\n|\n|t:|1684120275\n|start\n|switch|p1a: Indeedee|Indeedee, L50, M|100\/100\n|switch|p1b: Toxapex|Toxapex, L50, M|100\/100\n|switch|p2a: Ting-Lu|Ting-Lu, L50|100\/100\n|switch|p2b: Mimikyu|Mimikyu, L50, M|100\/100\n|-fieldstart|move: Psychic Terrain|[from] ability: Psychic Surge|[of] p1a: Indeedee\n|-enditem|p1a: Indeedee|Psychic Seed\n|-boost|p1a: Indeedee|spd|1|[from] item: Psychic Seed\n|-ability|p2a: Ting-Lu|Vessel of Ruin\n|turn|1\n|inactive|jhonlex555 has 30 seconds left.\n|inactive|jhonlex555 has 20 seconds left.\n|inactive|jhonlex555 has 15 seconds left.\n|inactive|jhonlex555 has 10 seconds left.\n|\n|t:|1684120322\n|-terastallize|p1b: Toxapex|Normal\n|move|p2a: Ting-Lu|Rock Slide|p1b: Toxapex|[spread] p1a,p1b\n|-damage|p1a: Indeedee|80\/100\n|-damage|p1b: Toxapex|88\/100\n|move|p1b: Toxapex|Stockpile|p1b: Toxapex\n|-start|p1b: Toxapex|stockpile1\n|-boost|p1b: Toxapex|def|1\n|-boost|p1b: Toxapex|spd|1\n|move|p1a: Indeedee|Trick Room|p1a: Indeedee\n|-fieldstart|move: Trick Room|[of] p1a: Indeedee\n|move|p2b: Mimikyu|Trick Room|p2b: Mimikyu\n|-fieldend|move: Trick Room\n|\n|-heal|p1b: Toxapex|93\/100|[from] item: Leftovers\n|upkeep\n|turn|2\n|inactive|jhonlex555 has 30 seconds left.\n|inactive|dotcubus has 30 seconds left.\n|inactive|jhonlex555 has 20 seconds left.\n|\n|t:|1684120359\n|move|p2b: Mimikyu|Will-O-Wisp|p1b: Toxapex\n|-status|p1b: Toxapex|brn\n|move|p2a: Ting-Lu|Heavy Slam|p1a: Indeedee\n|-damage|p1a: Indeedee|39\/100\n|move|p1b: Toxapex|Toxic|p2a: Ting-Lu\n|-status|p2a: Ting-Lu|tox\n|move|p1a: Indeedee|Trick Room|p1a: Indeedee\n|-fieldstart|move: Trick Room|[of] p1a: Indeedee\n|\n|-heal|p1b: Toxapex|99\/100 brn|[from] item: Leftovers\n|-damage|p2a: Ting-Lu|94\/100 tox|[from] psn\n|-damage|p1b: Toxapex|93\/100 brn|[from] brn\n|upkeep\n|turn|3\n|\n|t:|1684120381\n|switch|p1a: Goodra|Goodra, L50, F|100\/100\n|move|p1b: Toxapex|Toxic|p2b: Mimikyu\n|-status|p2b: Mimikyu|tox\n|move|p2a: Ting-Lu|Heavy Slam|p1a: Goodra\n|-damage|p1a: Goodra|64\/100\n|move|p2b: Mimikyu|Trick Room|p2b: Mimikyu\n|-fieldend|move: Trick Room\n|\n|-heal|p1b: Toxapex|99\/100 brn|[from] item: Leftovers\n|-damage|p2b: Mimikyu|94\/100 tox|[from] psn\n|-damage|p2a: Ting-Lu|82\/100 tox|[from] psn\n|-damage|p1b: Toxapex|93\/100 brn|[from] brn\n|upkeep\n|turn|4\n|inactive|jhonlex555 has 30 seconds left.\n|inactive|dotcubus has 30 seconds left.\n|inactive|jhonlex555 has 20 seconds left.\n|inactive|dotcubus has 20 seconds left.\n|inactive|jhonlex555 has 15 seconds left.\n|inactive|dotcubus has 15 seconds left.\n|\n|t:|1684120426\n|move|p1a: Goodra|Power Whip|p2a: Ting-Lu|[miss]\n|-miss|p1a: Goodra|p2a: Ting-Lu\n|move|p2b: Mimikyu|Will-O-Wisp|p1a: Goodra\n|-status|p1a: Goodra|brn\n|move|p2a: Ting-Lu|Heavy Slam|p1b: Toxapex\n|-damage|p1b: Toxapex|76\/100 brn\n|move|p1b: Toxapex|Stockpile|p1b: Toxapex\n|-start|p1b: Toxapex|stockpile2\n|-boost|p1b: Toxapex|def|1\n|-boost|p1b: Toxapex|spd|1\n|\n|-heal|p1b: Toxapex|81\/100 brn|[from] item: Leftovers\n|-damage|p2b: Mimikyu|82\/100 tox|[from] psn\n|-damage|p2a: Ting-Lu|63\/100 tox|[from] psn\n|-damage|p1a: Goodra|58\/100 brn|[from] brn\n|-damage|p1b: Toxapex|76\/100 brn|[from] brn\n|upkeep\n|turn|5\n|\n|t:|1684120450\n|move|p2b: Mimikyu|Protect|p2b: Mimikyu\n|-singleturn|p2b: Mimikyu|Protect\n|move|p1b: Toxapex|Baneful Bunker|p1b: Toxapex\n|-singleturn|p1b: Toxapex|move: Protect\n|move|p1a: Goodra|Acid Armor|p1a: Goodra\n|-boost|p1a: Goodra|def|2\n|move|p2a: Ting-Lu|Rock Slide|p1a: Goodra|[spread] p1a\n|-activate|p1b: Toxapex|move: Protect\n|-damage|p1a: Goodra|48\/100 brn\n|\n|-heal|p1b: Toxapex|81\/100 brn|[from] item: Leftovers\n|-damage|p2b: Mimikyu|63\/100 tox|[from] psn\n|-damage|p2a: Ting-Lu|39\/100 tox|[from] psn\n|-damage|p1a: Goodra|42\/100 brn|[from] brn\n|-damage|p1b: Toxapex|76\/100 brn|[from] brn\n|-fieldend|move: Psychic Terrain\n|upkeep\n|-enditem|p2a: Ting-Lu|Sitrus Berry|[eat]\n|-heal|p2a: Ting-Lu|63\/100 tox|[from] item: Sitrus Berry\n|turn|6\n|inactive|dotcubus has 30 seconds left.\n|\n|t:|1684120484\n|switch|p2b: Azumarill|Azumarill, L50, M|100\/100\n|switch|p2a: Abomasnow|Abomasnow, L50, F|100\/100\n|-weather|Snow|[from] ability: Snow Warning|[of] p2a: Abomasnow\n|move|p1a: Goodra|Acid Armor|p1a: Goodra\n|-boost|p1a: Goodra|def|2\n|move|p1b: Toxapex|Stockpile|p1b: Toxapex\n|-start|p1b: Toxapex|stockpile3\n|-boost|p1b: Toxapex|def|1\n|-boost|p1b: Toxapex|spd|1\n|\n|-weather|Snow|[upkeep]\n|-heal|p1b: Toxapex|81\/100 brn|[from] item: Leftovers\n|-damage|p1a: Goodra|36\/100 brn|[from] brn\n|-damage|p1b: Toxapex|76\/100 brn|[from] brn\n|upkeep\n|turn|7\n|inactive|jhonlex555 has 30 seconds left.\n|inactive|jhonlex555 has 20 seconds left.\n|inactive|jhonlex555 has 15 seconds left.\n|\n|t:|1684120525\n|-terastallize|p2b: Azumarill|Water\n|move|p1a: Goodra|Power Whip|p2b: Azumarill|[miss]\n|-miss|p1a: Goodra|p2b: Azumarill\n|move|p2a: Abomasnow|Blizzard|p1b: Toxapex|[spread] p1a,p1b\n|-supereffective|p1a: Goodra\n|-damage|p1a: Goodra|0 fnt\n|-damage|p1b: Toxapex|65\/100 brn\n|faint|p1a: Goodra\n|move|p2b: Azumarill|Play Rough|p1b: Toxapex\n|-damage|p1b: Toxapex|43\/100 brn\n|-damage|p2b: Azumarill|91\/100|[from] item: Life Orb\n|move|p1b: Toxapex|Toxic|p2a: Abomasnow\n|-status|p2a: Abomasnow|tox\n|\n|-weather|Snow|[upkeep]\n|-heal|p1b: Toxapex|49\/100 brn|[from] item: Leftovers\n|-damage|p2a: Abomasnow|95\/100 tox|[from] psn\n|-damage|p1b: Toxapex|43\/100 brn|[from] brn\n|upkeep\n|inactive|jhonlex555 has 30 seconds left.\n|\n|t:|1684120559\n|switch|p1a: Indeedee|Indeedee, L50, M|39\/100\n|-fieldstart|move: Psychic Terrain|[from] ability: Psychic Surge|[of] p1a: Indeedee\n|turn|8\n|\n|t:|1684120576\n|move|p1a: Indeedee|Encore|p2b: Azumarill\n|-start|p2b: Azumarill|Encore\n|move|p2a: Abomasnow|Blizzard|p1b: Toxapex|[spread] p1a,p1b\n|-damage|p1a: Indeedee|2\/100\n|-damage|p1b: Toxapex|32\/100 brn\n|move|p2b: Azumarill|Play Rough|p1b: Toxapex\n|-damage|p1b: Toxapex|11\/100 brn\n|-damage|p2b: Azumarill|81\/100|[from] item: Life Orb\n|move|p1b: Toxapex|Toxic|p2b: Azumarill|[miss]\n|-miss|p1b: Toxapex|p2b: Azumarill\n|\n|-weather|Snow|[upkeep]\n|-heal|p1b: Toxapex|17\/100 brn|[from] item: Leftovers\n|-damage|p2a: Abomasnow|83\/100 tox|[from] psn\n|-damage|p1b: Toxapex|11\/100 brn|[from] brn\n|upkeep\n|turn|9\n|\n|t:|1684120601\n|switch|p1b: Houndoom|Houndoom, L50, F|100\/100\n|move|p1a: Indeedee|Psychic|p2b: Azumarill\n|-damage|p2b: Azumarill|39\/100\n|move|p2a: Abomasnow|Blizzard|p1b: Houndoom|[spread] p1a,p1b\n|-resisted|p1b: Houndoom\n|-damage|p1a: Indeedee|0 fnt\n|-damage|p1b: Houndoom|82\/100\n|faint|p1a: Indeedee\n|move|p2b: Azumarill|Play Rough|p1b: Houndoom\n|-damage|p1b: Houndoom|0 fnt\n|faint|p1b: Houndoom\n|-damage|p2b: Azumarill|29\/100|[from] item: Life Orb\n|\n|-weather|Snow|[upkeep]\n|-damage|p2a: Abomasnow|65\/100 tox|[from] psn\n|upkeep\n|l|\u2606jhonlex555\n|inactive|jhonlex555 disconnected and has a minute to reconnect!\n|player|p1|\n|inactive|jhonlex555 has 30 seconds left.\n|inactive|jhonlex555 has 20 seconds left.\n|inactive|jhonlex555 has 15 seconds left.\n|inactive|jhonlex555 has 10 seconds left.\n|inactive|jhonlex555 has 5 seconds left.\n|-message|jhonlex555 lost due to inactivity.\n|\n|win|dotcubus\n|raw|jhonlex555's rating: 1102 → 1079<\/strong> (-23 for losing)\n|raw|dotcubus's rating: 1127 → 1150<\/strong> (+23 for winning)\n","uploadtime":1684120659,"views":11,"p1id":"jhonlex555","p2id":"dotcubus","formatid":"gen9vgc2023regulationc","rating":1079,"private":0,"password":""}