{"id":"gen9vgc2023regulationc-1848020825","p1":"superbacon77","p2":"k0unt3r!","format":"[Gen 9] VGC 2023 Regulation C","log":"|j|\u2606superbacon77\n|j|\u2606k0unt3r!\n|t:|1682021387\n|gametype|doubles\n|player|p1|superbacon77|brock|\n|player|p2|k0unt3r!|shadowtriad|\n|teamsize|p1|6\n|teamsize|p2|6\n|gen|9\n|tier|[Gen 9] VGC 2023 Regulation C\n|rule|Species Clause: Limit one of each Pok\u00e9mon\n|rule|Item Clause: Limit one of each item\n|clearpoke\n|poke|p1|Mimikyu, L50, M|\n|poke|p1|Garganacl, L50, M|\n|poke|p1|Great Tusk, L50|\n|poke|p1|Meowscarada, L50, F|\n|poke|p1|Glimmora, L50, M|\n|poke|p1|Palafin, L50, M|\n|poke|p2|Palafin, L50, M|\n|poke|p2|Gholdengo, L50|\n|poke|p2|Iron Hands, L50|\n|poke|p2|Amoonguss, L50, F|\n|poke|p2|Dragonite, L50, M|\n|poke|p2|Pelipper, L50, F|\n|teampreview|4\n|inactive|Battle timer is ON: inactive players will automatically lose when time's up. (requested by superbacon77)\n|inactive|superbacon77 has 60 seconds left.\n|\n|t:|1682021424\n|start\n|switch|p1a: Palafin|Palafin, L50, M|100\/100\n|switch|p1b: Garganacl|Garganacl, L50, M|100\/100\n|switch|p2a: Pelipper|Pelipper, L50, F|100\/100\n|switch|p2b: Iron Hands|Iron Hands, L50|100\/100\n|-weather|RainDance|[from] ability: Drizzle|[of] p2a: Pelipper\n|turn|1\n|inactiveoff|Battle timer is now OFF.\n|inactive|Battle timer is ON: inactive players will automatically lose when time's up. (requested by superbacon77)\n|\n|t:|1682021490\n|-terastallize|p1b: Garganacl|Fairy\n|move|p2b: Iron Hands|Fake Out|p1b: Garganacl\n|-damage|p1b: Garganacl|88\/100\n|move|p1a: Palafin|Encore|p2b: Iron Hands\n|-start|p2b: Iron Hands|Encore\n|move|p2a: Pelipper|Tailwind|p2a: Pelipper\n|-sidestart|p2: k0unt3r!|move: Tailwind\n|cant|p1b: Garganacl|flinch\n|\n|-weather|RainDance|[upkeep]\n|-heal|p1b: Garganacl|94\/100|[from] item: Leftovers\n|upkeep\n|turn|2\n|inactive|superbacon77 has 30 seconds left.\n|inactive|k0unt3r! has 30 seconds left.\n|inactive|k0unt3r! has 20 seconds left.\n|\n|t:|1682021526\n|-end|p2b: Iron Hands|Quark Drive|[silent]\n|switch|p2b: Amoonguss|Amoonguss, L50, F|100\/100\n|detailschange|p1a: Palafin|Palafin-Hero, L50, M\n|switch|p1a: Meowscarada|Meowscarada, L50, F|100\/100\n|move|p2a: Pelipper|Hydro Pump|p1b: Garganacl\n|-damage|p1b: Garganacl|31\/100\n|move|p1b: Garganacl|Salt Cure|p2a: Pelipper\n|-supereffective|p2a: Pelipper\n|-damage|p2a: Pelipper|52\/100\n|-start|p2a: Pelipper|Salt Cure\n|\n|-weather|RainDance|[upkeep]\n|-heal|p1b: Garganacl|37\/100|[from] item: Leftovers\n|-damage|p2a: Pelipper|27\/100|[from] Salt Cure\n|upkeep\n|turn|3\n|inactive|superbacon77 has 30 seconds left.\n|\n|t:|1682021557\n|move|p2a: Pelipper|Hurricane|p1a: Meowscarada\n|-supereffective|p1a: Meowscarada\n|-damage|p1a: Meowscarada|0 fnt\n|faint|p1a: Meowscarada\n|move|p2b: Amoonguss|Pollen Puff|p1b: Garganacl\n|-resisted|p1b: Garganacl\n|-damage|p1b: Garganacl|30\/100\n|move|p1b: Garganacl|Recover|p1b: Garganacl\n|-heal|p1b: Garganacl|80\/100\n|\n|-weather|RainDance|[upkeep]\n|-heal|p1b: Garganacl|86\/100|[from] item: Leftovers\n|-damage|p2a: Pelipper|2\/100|[from] Salt Cure\n|upkeep\n|inactive|superbacon77 has 30 seconds left.\n|\n|t:|1682021587\n|switch|p1a: Palafin|Palafin-Hero, L50, M|100\/100\n|-activate|p1a: Palafin|ability: Zero to Hero\n|turn|4\n|inactive|superbacon77 has 30 seconds left.\n|\n|t:|1682021622\n|switch|p2a: Iron Hands|Iron Hands, L50|100\/100\n|move|p2b: Amoonguss|Protect|p2b: Amoonguss\n|-singleturn|p2b: Amoonguss|Protect\n|move|p1a: Palafin|Wave Crash|p2b: Amoonguss\n|-activate|p2b: Amoonguss|move: Protect\n|move|p1b: Garganacl|Salt Cure|p2b: Amoonguss\n|-activate|p2b: Amoonguss|move: Protect\n|\n|-weather|RainDance|[upkeep]\n|-heal|p1b: Garganacl|92\/100|[from] item: Leftovers\n|-sideend|p2: k0unt3r!|move: Tailwind\n|upkeep\n|turn|5\n|inactive|superbacon77 has 30 seconds left.\n|\n|t:|1682021648\n|move|p2b: Amoonguss|Rage Powder|p2b: Amoonguss\n|-singleturn|p2b: Amoonguss|move: Rage Powder\n|move|p1a: Palafin|Wave Crash|p2b: Amoonguss\n|-resisted|p2b: Amoonguss\n|-damage|p2b: Amoonguss|49\/100\n|-enditem|p2b: Amoonguss|Sitrus Berry|[eat]\n|-heal|p2b: Amoonguss|74\/100|[from] item: Sitrus Berry\n|-damage|p1a: Palafin|79\/100|[from] Recoil\n|move|p2a: Iron Hands|Wild Charge|p1a: Palafin\n|-supereffective|p1a: Palafin\n|-damage|p1a: Palafin|0 fnt\n|faint|p1a: Palafin\n|-damage|p2a: Iron Hands|87\/100|[from] Recoil\n|move|p1b: Garganacl|Fire Punch|p2b: Amoonguss\n|-supereffective|p2b: Amoonguss\n|-damage|p2b: Amoonguss|54\/100\n|\n|-weather|none\n|-heal|p1b: Garganacl|98\/100|[from] item: Leftovers\n|upkeep\n|\n|t:|1682021664\n|switch|p1a: Mimikyu|Mimikyu, L50, M|100\/100\n|turn|6\n|\n|t:|1682021685\n|move|p1a: Mimikyu|Trick|p2a: Iron Hands\n|-activate|p1a: Mimikyu|move: Trick|[of] p2a: Iron Hands\n|-item|p2a: Iron Hands|Choice Scarf|[from] move: Trick\n|-item|p1a: Mimikyu|Assault Vest|[from] move: Trick\n|move|p2a: Iron Hands|Drain Punch|p1b: Garganacl\n|-resisted|p1b: Garganacl\n|-damage|p1b: Garganacl|82\/100\n|-heal|p2a: Iron Hands|92\/100|[from] drain|[of] p1b: Garganacl\n|move|p1b: Garganacl|Salt Cure|p2b: Amoonguss\n|-crit|p2b: Amoonguss\n|-damage|p2b: Amoonguss|28\/100\n|-start|p2b: Amoonguss|Salt Cure\n|move|p2b: Amoonguss|Spore|p1a: Mimikyu\n|-status|p1a: Mimikyu|slp|[from] move: Spore\n|\n|-heal|p1b: Garganacl|88\/100|[from] item: Leftovers\n|-damage|p2b: Amoonguss|15\/100|[from] Salt Cure\n|upkeep\n|turn|7\n|inactive|superbacon77 has 30 seconds left.\n|inactive|k0unt3r! has 30 seconds left.\n|\n|t:|1682021717\n|-end|p2a: Iron Hands|Quark Drive|[silent]\n|switch|p2a: Palafin|Palafin, L50, M|100\/100\n|move|p2b: Amoonguss|Protect|p2b: Amoonguss\n|-singleturn|p2b: Amoonguss|Protect\n|cant|p1a: Mimikyu|slp\n|move|p1b: Garganacl|Salt Cure|p2a: Palafin\n|-damage|p2a: Palafin|79\/100\n|-start|p2a: Palafin|Salt Cure\n|\n|-heal|p1b: Garganacl|94\/100|[from] item: Leftovers\n|-damage|p2a: Palafin|54\/100|[from] Salt Cure\n|-damage|p2b: Amoonguss|3\/100|[from] Salt Cure\n|upkeep\n|turn|8\n|\n|t:|1682021741\n|detailschange|p2a: Palafin|Palafin-Hero, L50, M\n|switch|p2a: Iron Hands|Iron Hands, L50|92\/100\n|-curestatus|p1a: Mimikyu|slp|[msg]\n|move|p1a: Mimikyu|Shadow Sneak|p2b: Amoonguss\n|-damage|p2b: Amoonguss|0 fnt\n|faint|p2b: Amoonguss\n|move|p1b: Garganacl|Rock Slide|p2a: Iron Hands\n|-resisted|p2a: Iron Hands\n|-damage|p2a: Iron Hands|81\/100\n|\n|-heal|p1b: Garganacl|99\/100|[from] item: Leftovers\n|upkeep\n|\n|t:|1682021749\n|switch|p2b: Palafin|Palafin-Hero, L50, M|54\/100\n|-activate|p2b: Palafin|ability: Zero to Hero\n|turn|9\n|\n|t:|1682021770\n|move|p1a: Mimikyu|Drain Punch|p2b: Palafin\n|-damage|p2b: Palafin|35\/100\n|move|p2b: Palafin|Wave Crash|p1b: Garganacl\n|-damage|p1b: Garganacl|32\/100\n|-damage|p2b: Palafin|16\/100|[from] Recoil\n|move|p2a: Iron Hands|Wild Charge|p1b: Garganacl\n|-damage|p1b: Garganacl|0 fnt\n|faint|p1b: Garganacl\n|-damage|p2a: Iron Hands|76\/100|[from] Recoil\n|\n|upkeep\n|turn|10\n|\n|t:|1682021788\n|-terastallize|p2b: Palafin|Water\n|move|p2b: Palafin|Protect|p2b: Palafin\n|-singleturn|p2b: Palafin|Protect\n|move|p1a: Mimikyu|Drain Punch|p2b: Palafin\n|-activate|p2b: Palafin|move: Protect\n|move|p2a: Iron Hands|Wild Charge|p1a: Mimikyu\n|-activate|p1a: Mimikyu|ability: Disguise\n|-damage|p1a: Mimikyu|100\/100\n|detailschange|p1a: Mimikyu|Mimikyu-Busted, L50, M\n|-damage|p1a: Mimikyu|88\/100|[from] pokemon: Mimikyu-Busted\n|\n|upkeep\n|turn|11\n|\n|t:|1682021806\n|move|p1a: Mimikyu|Shadow Sneak|p2b: Palafin\n|-damage|p2b: Palafin|0 fnt\n|faint|p2b: Palafin\n|move|p2a: Iron Hands|Wild Charge|p1a: Mimikyu\n|-damage|p1a: Mimikyu|23\/100\n|-damage|p2a: Iron Hands|67\/100|[from] Recoil\n|\n|upkeep\n|\n|t:|1682021808\n|switch|p2b: Pelipper|Pelipper, L50, F|2\/100\n|-weather|RainDance|[from] ability: Drizzle|[of] p2b: Pelipper\n|turn|12\n|\n|t:|1682021816\n|move|p2b: Pelipper|Protect|p2b: Pelipper\n|-singleturn|p2b: Pelipper|Protect\n|move|p1a: Mimikyu|Shadow Sneak|p2b: Pelipper\n|-activate|p2b: Pelipper|move: Protect\n|move|p2a: Iron Hands|Wild Charge|p1a: Mimikyu\n|-damage|p1a: Mimikyu|0 fnt\n|faint|p1a: Mimikyu\n|-damage|p2a: Iron Hands|64\/100|[from] Recoil\n|\n|win|k0unt3r!\n","uploadtime":1682021827,"views":13,"p1id":"superbacon77","p2id":"k0unt3r","formatid":"gen9vgc2023regulationc","rating":0,"private":0,"password":""}