{"id":"gen9vgc2023regulationc-1852401587","p1":"mad skwovet","p2":"alon34","format":"[Gen 9] VGC 2023 Regulation C","log":"|j|\u2606mad skwovet\n|j|\u2606alon34\n|t:|1682553112\n|gametype|doubles\n|player|p1|mad skwovet|pokemaniac|1200\n|player|p2|alon34|265|1141\n|teamsize|p1|6\n|teamsize|p2|6\n|gen|9\n|tier|[Gen 9] VGC 2023 Regulation C\n|rated|\n|rule|Species Clause: Limit one of each Pok\u00e9mon\n|rule|Item Clause: Limit one of each item\n|clearpoke\n|poke|p1|Scream Tail, L50|\n|poke|p1|Gothitelle, L50, F|\n|poke|p1|Azumarill, L50, F|\n|poke|p1|Ting-Lu, L50|\n|poke|p1|Amoonguss, L50, F|\n|poke|p1|Arcanine, L50, F|\n|poke|p2|Flutter Mane, L50|\n|poke|p2|Amoonguss, L50, M|\n|poke|p2|Arcanine, L50, F|\n|poke|p2|Palafin, L50, F|\n|poke|p2|Iron Hands, L50|\n|poke|p2|Corviknight, L50, F|\n|teampreview|4\n|inactive|Battle timer is ON: inactive players will automatically lose when time's up. (requested by alon34)\nalon34 has agreed to open team sheets.\nmad skwovet has agreed to open team sheets.\n|inactive|mad skwovet has 60 seconds left.\n|inactive|alon34 has 60 seconds left.\n|inactive|alon34 has 30 seconds left.\n|inactive|alon34 has 20 seconds left.\n|inactive|alon34 has 15 seconds left.\n|inactive|alon34 has 10 seconds left.\n|\n|t:|1682553193\n|start\n|switch|p1a: Scream Tail|Scream Tail, L50|100\/100\n|switch|p1b: Gothitelle|Gothitelle, L50, F|100\/100\n|switch|p2a: Iron Hands|Iron Hands, L50|100\/100\n|switch|p2b: Flutter Mane|Flutter Mane, L50|100\/100\n|-enditem|p2b: Flutter Mane|Booster Energy\n|-activate|p2b: Flutter Mane|ability: Protosynthesis|[fromitem]\n|-start|p2b: Flutter Mane|protosynthesisspa\n|-enditem|p1a: Scream Tail|Booster Energy\n|-activate|p1a: Scream Tail|ability: Protosynthesis|[fromitem]\n|-start|p1a: Scream Tail|protosynthesisspe\n|turn|1\n|\n|t:|1682553218\n|move|p1b: Gothitelle|Fake Out|p2a: Iron Hands\n|-damage|p2a: Iron Hands|97\/100\n|cant|p2a: Iron Hands|flinch\n|move|p1a: Scream Tail|Play Rough|p2b: Flutter Mane|[miss]\n|-miss|p1a: Scream Tail|p2b: Flutter Mane\n|move|p2b: Flutter Mane|Shadow Ball|p1a: Scream Tail\n|-supereffective|p1a: Scream Tail\n|-damage|p1a: Scream Tail|28\/100\n|\n|upkeep\n|turn|2\n|\n|t:|1682553236\n|move|p1a: Scream Tail|Disable|p2b: Flutter Mane\n|-start|p2b: Flutter Mane|Disable|Shadow Ball\n|cant|p2b: Flutter Mane|Disable|Shadow Ball\n|move|p1b: Gothitelle|Heal Pulse|p1a: Scream Tail\n|-heal|p1a: Scream Tail|78\/100\n|move|p2a: Iron Hands|Thunder Punch|p1a: Scream Tail\n|-damage|p1a: Scream Tail|49\/100\n|\n|upkeep\n|turn|3\n|\n|t:|1682553252\n|move|p1a: Scream Tail|Play Rough|p2b: Flutter Mane\n|-damage|p2b: Flutter Mane|55\/100\n|move|p2b: Flutter Mane|Moonblast|p1a: Scream Tail\n|-damage|p1a: Scream Tail|1\/100\n|move|p1b: Gothitelle|Heal Pulse|p1a: Scream Tail\n|-heal|p1a: Scream Tail|51\/100\n|move|p2a: Iron Hands|Thunder Punch|p1a: Scream Tail\n|-damage|p1a: Scream Tail|23\/100\n|-status|p1a: Scream Tail|par\n|\n|upkeep\n|turn|4\n|\n|t:|1682553277\n|-end|p1a: Scream Tail|Protosynthesis|[silent]\n|switch|p1a: Amoonguss|Amoonguss, L50, F|100\/100\n|move|p2b: Flutter Mane|Moonblast|p1b: Gothitelle\n|-damage|p1b: Gothitelle|50\/100\n|-enditem|p1b: Gothitelle|Sitrus Berry|[eat]\n|-heal|p1b: Gothitelle|75\/100|[from] item: Sitrus Berry\n|move|p1b: Gothitelle|Psychic|p2b: Flutter Mane\n|-damage|p2b: Flutter Mane|28\/100\n|move|p2a: Iron Hands|Thunder Punch|p1a: Amoonguss\n|-resisted|p1a: Amoonguss\n|-damage|p1a: Amoonguss|84\/100\n|-damage|p2a: Iron Hands|80\/100|[from] item: Rocky Helmet|[of] p1a: Amoonguss\n|\n|upkeep\n|turn|5\n|inactive|mad skwovet has 30 seconds left.\n|inactive|mad skwovet has 20 seconds left.\n|\n|t:|1682553317\n|move|p2b: Flutter Mane|Protect|p2b: Flutter Mane\n|-singleturn|p2b: Flutter Mane|Protect\n|move|p1a: Amoonguss|Rage Powder|p1a: Amoonguss\n|-singleturn|p1a: Amoonguss|move: Rage Powder\n|move|p1b: Gothitelle|Psychic|p2b: Flutter Mane\n|-activate|p2b: Flutter Mane|move: Protect\n|move|p2a: Iron Hands|Thunder Punch|p1a: Amoonguss\n|-resisted|p1a: Amoonguss\n|-damage|p1a: Amoonguss|69\/100\n|-damage|p2a: Iron Hands|63\/100|[from] item: Rocky Helmet|[of] p1a: Amoonguss\n|\n|-end|p2b: Flutter Mane|Disable\n|upkeep\n|turn|6\n|inactive|alon34 has 30 seconds left.\n|\n|t:|1682553343\n|move|p1a: Amoonguss|Rage Powder|p1a: Amoonguss\n|-singleturn|p1a: Amoonguss|move: Rage Powder\n|move|p2b: Flutter Mane|Shadow Ball|p1a: Amoonguss\n|-damage|p1a: Amoonguss|23\/100\n|move|p1b: Gothitelle|Psychic|p2b: Flutter Mane\n|-damage|p2b: Flutter Mane|0 fnt\n|faint|p2b: Flutter Mane\n|-end|p2b: Flutter Mane|Protosynthesis|[silent]\n|move|p2a: Iron Hands|Drain Punch|p1a: Amoonguss\n|-resisted|p1a: Amoonguss\n|-damage|p1a: Amoonguss|7\/100\n|-heal|p2a: Iron Hands|71\/100|[from] drain|[of] p1a: Amoonguss\n|-damage|p2a: Iron Hands|54\/100|[from] item: Rocky Helmet|[of] p1a: Amoonguss\n|\n|upkeep\n|\n|t:|1682553358\n|switch|p2b: Palafin|Palafin, L50, F|100\/100\n|turn|7\n|\n|t:|1682553368\n|switch|p1a: Scream Tail|Scream Tail, L50|23\/100 par\n|move|p2b: Palafin|Jet Punch|p1a: Scream Tail\n|-damage|p1a: Scream Tail|0 fnt\n|faint|p1a: Scream Tail\n|-end|p1a: Scream Tail|Protosynthesis|[silent]\n|move|p1b: Gothitelle|Heal Pulse|p1: Scream Tail|[notarget]\n|-fail|p1b: Gothitelle\n|move|p2a: Iron Hands|Thunder Punch|p1b: Gothitelle\n|-damage|p1b: Gothitelle|36\/100\n|\n|upkeep\n|\n|t:|1682553378\n|switch|p1a: Arcanine|Arcanine, L50, F|100\/100\n|-ability|p1a: Arcanine|Intimidate|boost\n|-unboost|p2a: Iron Hands|atk|1\n|-unboost|p2b: Palafin|atk|1\n|turn|8\n|\n|t:|1682553401\n|-terastallize|p1a: Arcanine|Water\n|move|p2b: Palafin|Haze|p2b: Palafin\n|-clearallboost\n|move|p1a: Arcanine|Flare Blitz|p2a: Iron Hands\n|-damage|p2a: Iron Hands|13\/100\n|-damage|p1a: Arcanine|84\/100|[from] Recoil\n|move|p1b: Gothitelle|Psychic|p2a: Iron Hands\n|-supereffective|p2a: Iron Hands\n|-damage|p2a: Iron Hands|0 fnt\n|faint|p2a: Iron Hands\n|-end|p2a: Iron Hands|Quark Drive|[silent]\n|\n|upkeep\n|\n|t:|1682553412\n|switch|p2a: Amoonguss|Amoonguss, L50, M|100\/100\n|turn|9\n|inactive|alon34 has 30 seconds left.\n|\n|t:|1682553444\n|switch|p1b: Amoonguss|Amoonguss, L50, F|40\/100\n|-terastallize|p2a: Amoonguss|Water\n|move|p2b: Palafin|Protect|p2b: Palafin\n|-singleturn|p2b: Palafin|Protect\n|move|p1a: Arcanine|Flare Blitz|p2a: Amoonguss\n|-resisted|p2a: Amoonguss\n|-damage|p2a: Amoonguss|78\/100\n|-damage|p1a: Arcanine|68\/100|[from] item: Rocky Helmet|[of] p2a: Amoonguss\n|-damage|p1a: Arcanine|59\/100|[from] Recoil\n|move|p2a: Amoonguss|Pollen Puff|p1b: Amoonguss\n|-damage|p1b: Amoonguss|24\/100\n|\n|upkeep\n|turn|10\n|inactive|mad skwovet has 30 seconds left.\n|\n|t:|1682553471\n|switch|p1a: Gothitelle|Gothitelle, L50, F|36\/100\n|move|p1b: Amoonguss|Protect|p1b: Amoonguss\n|-singleturn|p1b: Amoonguss|Protect\n|move|p2b: Palafin|Wave Crash|p1b: Amoonguss\n|-activate|p1b: Amoonguss|move: Protect\n|move|p2a: Amoonguss|Pollen Puff|p1b: Amoonguss\n|-activate|p1b: Amoonguss|move: Protect\n|\n|upkeep\n|turn|11\n|\n|t:|1682553485\n|switch|p1b: Arcanine|Arcanine, L50, F, tera:Water|59\/100\n|-ability|p1b: Arcanine|Intimidate|boost\n|-unboost|p2a: Amoonguss|atk|1\n|-unboost|p2b: Palafin|atk|1\n|move|p2b: Palafin|Wave Crash|p1b: Arcanine\n|-resisted|p1b: Arcanine\n|-crit|p1b: Arcanine\n|-damage|p1b: Arcanine|15\/100\n|-damage|p2b: Palafin|86\/100|[from] Recoil\n|move|p1a: Gothitelle|Heal Pulse|p1b: Arcanine\n|-heal|p1b: Arcanine|65\/100\n|move|p2a: Amoonguss|Pollen Puff|p1a: Gothitelle\n|-supereffective|p1a: Gothitelle\n|-damage|p1a: Gothitelle|6\/100\n|\n|upkeep\n|turn|12\n|inactive|mad skwovet has 30 seconds left.\n|inactive|alon34 has 30 seconds left.\n|\n|t:|1682553517\n|switch|p1b: Amoonguss|Amoonguss, L50, F|57\/100\n|move|p1a: Gothitelle|Protect|p1a: Gothitelle\n|-singleturn|p1a: Gothitelle|Protect\n|move|p2b: Palafin|Haze|p2b: Palafin\n|-clearallboost\n|move|p2a: Amoonguss|Pollen Puff|p1a: Gothitelle\n|-activate|p1a: Gothitelle|move: Protect\n|\n|upkeep\n|turn|13\n|\n|t:|1682553539\n|switch|p1a: Arcanine|Arcanine, L50, F, tera:Water|65\/100\n|-ability|p1a: Arcanine|Intimidate|boost\n|-unboost|p2a: Amoonguss|atk|1\n|-unboost|p2b: Palafin|atk|1\n|move|p2b: Palafin|Protect|p2b: Palafin\n|-singleturn|p2b: Palafin|Protect\n|move|p2a: Amoonguss|Pollen Puff|p1a: Arcanine\n|-damage|p1a: Arcanine|47\/100\n|move|p1b: Amoonguss|Spore|p2b: Palafin\n|-activate|p2b: Palafin|move: Protect\n|\n|upkeep\n|turn|14\n|inactive|mad skwovet has 30 seconds left.\n|\n|t:|1682553573\n|move|p2b: Palafin|Wave Crash|p1b: Amoonguss\n|-resisted|p1b: Amoonguss\n|-damage|p1b: Amoonguss|41\/100\n|-damage|p2b: Palafin|70\/100|[from] item: Rocky Helmet|[of] p1b: Amoonguss\n|-damage|p2b: Palafin|64\/100|[from] Recoil\n|move|p1a: Arcanine|Close Combat|p2b: Palafin\n|-damage|p2b: Palafin|19\/100\n|-unboost|p1a: Arcanine|def|1\n|-unboost|p1a: Arcanine|spd|1\n|move|p1b: Amoonguss|Leaf Storm|p2b: Palafin\n|-supereffective|p2b: Palafin\n|-damage|p2b: Palafin|0 fnt\n|-unboost|p1b: Amoonguss|spa|2\n|faint|p2b: Palafin\n|move|p2a: Amoonguss|Pollen Puff|p1b: Amoonguss\n|-damage|p1b: Amoonguss|26\/100\n|\n|upkeep\n|turn|15\n|-message|alon34 forfeited.\n|\n|win|mad skwovet\n|raw|mad skwovet's rating: 1200 → 1221<\/strong> (+21 for winning)\n|raw|alon34's rating: 1141 → 1120<\/strong> (-21 for losing)\n|l|\u2606alon34\n","uploadtime":1682553608,"views":11,"p1id":"madskwovet","p2id":"alon34","formatid":"gen9vgc2023regulationc","rating":1120,"private":0,"password":""}