{"id":"gen9vgc2023regulationc-1848382529","p1":"CaymanT","p2":"HildaisViscous","format":"[Gen 9] VGC 2023 Regulation C","log":"|j|\u2606CaymanT\n|j|\u2606HildaisViscous\n|t:|1682070030\n|gametype|doubles\n|player|p1|CaymanT|benga|1051\n|player|p2|HildaisViscous|hilda-wonderlauncher|1063\n|teamsize|p1|6\n|teamsize|p2|6\n|gen|9\n|tier|[Gen 9] VGC 2023 Regulation C\n|rated|\n|rule|Species Clause: Limit one of each Pok\u00e9mon\n|rule|Item Clause: Limit one of each item\n|clearpoke\n|poke|p1|Gastrodon, L50, F|\n|poke|p1|Flutter Mane, L50|\n|poke|p1|Arcanine, L50, F|\n|poke|p1|Chien-Pao, L50|\n|poke|p1|Iron Hands, L50|\n|poke|p1|Kingambit, L50, F|\n|poke|p2|Garchomp, L50, F|\n|poke|p2|Salamence, L50, F|\n|poke|p2|Revavroom, L50, M|\n|poke|p2|Gyarados, L50, M|\n|poke|p2|Iron Valiant, L50|\n|poke|p2|Tinkaton, L50, F|\n|teampreview|4\n|inactive|Battle timer is ON: inactive players will automatically lose when time's up. (requested by CaymanT)\n|inactive|HildaisViscous has 60 seconds left.\n|\n|t:|1682070099\n|start\n|switch|p1a: Chien-Pao|Chien-Pao, L50|100\/100\n|switch|p1b: Arcanine|Arcanine, L50, F|100\/100\n|switch|p2a: Revavroom|Revavroom, L50, M|100\/100\n|switch|p2b: Gyarados|Gyarados, L50, M|100\/100\n|-ability|p1a: Chien-Pao|Sword of Ruin\n|-ability|p2b: Gyarados|Intimidate|boost\n|-unboost|p1a: Chien-Pao|atk|1\n|-unboost|p1b: Arcanine|atk|1\n|-ability|p1b: Arcanine|Intimidate|boost\n|-unboost|p2a: Revavroom|atk|1\n|-unboost|p2b: Gyarados|atk|1\n|turn|1\n|inactive|CaymanT has 30 seconds left.\n|inactive|HildaisViscous has 30 seconds left.\n|inactive|CaymanT has 20 seconds left.\n|inactive|HildaisViscous has 20 seconds left.\n|inactive|CaymanT has 15 seconds left.\n|inactive|HildaisViscous has 15 seconds left.\n|inactive|CaymanT has 10 seconds left.\n|inactive|HildaisViscous has 10 seconds left.\n|\n|t:|1682070147\n|move|p1a: Chien-Pao|Crunch|p2b: Gyarados\n|-damage|p2b: Gyarados|62\/100\n|move|p2a: Revavroom|Parting Shot|p1a: Chien-Pao\n|-unboost|p1a: Chien-Pao|atk|1\n|-unboost|p1a: Chien-Pao|spa|1\n|\n|t:|1682070156\n|switch|p2a: Salamence|Salamence, L50, F|100\/100|[from] Parting Shot\n|-ability|p2a: Salamence|Intimidate|boost\n|-unboost|p1a: Chien-Pao|atk|1\n|-unboost|p1b: Arcanine|atk|1\n|move|p2b: Gyarados|Waterfall|p1b: Arcanine\n|-supereffective|p1b: Arcanine\n|-damage|p1b: Arcanine|43\/100\n|move|p1b: Arcanine|Flare Blitz|p2a: Salamence\n|-resisted|p2a: Salamence\n|-damage|p2a: Salamence|80\/100\n|-damage|p1b: Arcanine|37\/100|[from] Recoil\n|\n|upkeep\n|turn|2\n|\n|t:|1682070168\n|move|p2a: Salamence|Protect|p2a: Salamence\n|-singleturn|p2a: Salamence|Protect\n|move|p1a: Chien-Pao|Crunch|p2b: Gyarados\n|-damage|p2b: Gyarados|41\/100\n|-enditem|p2b: Gyarados|Sitrus Berry|[eat]\n|-heal|p2b: Gyarados|66\/100|[from] item: Sitrus Berry\n|move|p2b: Gyarados|Thunder Wave|p1a: Chien-Pao\n|-status|p1a: Chien-Pao|par\n|move|p1b: Arcanine|Will-O-Wisp|p2a: Salamence\n|-activate|p2a: Salamence|move: Protect\n|\n|upkeep\n|turn|3\n|\n|t:|1682070183\n|move|p1a: Chien-Pao|Ice Shard|p2a: Salamence\n|-supereffective|p2a: Salamence\n|-damage|p2a: Salamence|22\/100\n|move|p2a: Salamence|Rock Slide|p1a: Chien-Pao|[spread] p1b\n|-miss|p2a: Salamence|p1a: Chien-Pao\n|-supereffective|p1b: Arcanine\n|-damage|p1b: Arcanine|0 fnt\n|faint|p1b: Arcanine\n|move|p2b: Gyarados|Waterfall|p1a: Chien-Pao\n|-damage|p1a: Chien-Pao|71\/100 par\n|\n|upkeep\n|\n|t:|1682070197\n|switch|p1b: Flutter Mane|Flutter Mane, L50|100\/100\n|-enditem|p1b: Flutter Mane|Booster Energy\n|-activate|p1b: Flutter Mane|ability: Protosynthesis|[fromitem]\n|-start|p1b: Flutter Mane|protosynthesisspe\n|turn|4\n|\n|t:|1682070206\n|cant|p1a: Chien-Pao|par\n|move|p1b: Flutter Mane|Shadow Ball|p2b: Gyarados\n|-damage|p2b: Gyarados|30\/100\n|-unboost|p2b: Gyarados|spd|1\n|move|p2a: Salamence|Rock Slide|p1a: Chien-Pao|[spread] p1a,p1b\n|-supereffective|p1a: Chien-Pao\n|-damage|p1a: Chien-Pao|8\/100 par\n|-damage|p1b: Flutter Mane|56\/100\n|move|p2b: Gyarados|Thunder Wave|p1b: Flutter Mane\n|-status|p1b: Flutter Mane|par\n|\n|upkeep\n|turn|5\n|\n|t:|1682070227\n|move|p2a: Salamence|Protect|p2a: Salamence\n|-singleturn|p2a: Salamence|Protect\n|cant|p1a: Chien-Pao|par\n|cant|p1b: Flutter Mane|par\n|move|p2b: Gyarados|Waterfall|p1a: Chien-Pao\n|-damage|p1a: Chien-Pao|0 fnt\n|faint|p1a: Chien-Pao\n|\n|upkeep\n|-message|CaymanT forfeited.\n|\n|win|HildaisViscous\n|raw|CaymanT's rating: 1051 → 1034<\/strong> (-17 for losing)\n|raw|HildaisViscous's rating: 1063 → 1092<\/strong> (+29 for winning)\n|l|\u2606CaymanT\n","uploadtime":1682070238,"views":6,"p1id":"caymant","p2id":"hildaisviscous","formatid":"gen9vgc2023regulationc","rating":1034,"private":0,"password":""}