{"id":"gen9vgc2023regulationc-1863396848","p1":"yung elmers glue","p2":"Arcacagne","format":"[Gen 9] VGC 2023 Regulation C","log":"|j|\u2606yung elmers glue\n|j|\u2606Arcacagne\n|t:|1684011716\n|gametype|doubles\n|player|p1|yung elmers glue|266|\n|player|p2|Arcacagne|169|\n|teamsize|p1|6\n|teamsize|p2|6\n|gen|9\n|tier|[Gen 9] VGC 2023 Regulation C\n|rule|Species Clause: Limit one of each Pok\u00e9mon\n|rule|Item Clause: Limit one of each item\n|clearpoke\n|poke|p1|Palafin, L50, M|\n|poke|p1|Arcanine, L50, M|\n|poke|p1|Amoonguss, L50, M|\n|poke|p1|Ting-Lu, L50|\n|poke|p1|Baxcalibur, L50, F|\n|poke|p1|Flutter Mane, L50|\n|poke|p2|Chi-Yu, L50|\n|poke|p2|Flutter Mane, L50|\n|poke|p2|Amoonguss, L50, F|\n|poke|p2|Ting-Lu, L50|\n|poke|p2|Iron Hands, L50|\n|poke|p2|Gyarados, L50, M|\n|teampreview|4\nyung elmers glue has agreed to open team sheets.\nArcacagne has agreed to open team sheets.\n|\n|t:|1684011788\n|start\n|switch|p1a: Palafin|Palafin, L50, M|100\/100\n|switch|p1b: Arcanine|Arcanine, L50, M|100\/100\n|switch|p2a: Gyarados|Gyarados, L50, M|100\/100\n|switch|p2b: Iron Hands|Iron Hands, L50|100\/100\n|-ability|p1b: Arcanine|Intimidate|boost\n|-unboost|p2a: Gyarados|atk|1\n|-unboost|p2b: Iron Hands|atk|1\n|-ability|p2a: Gyarados|Intimidate|boost\n|-unboost|p1a: Palafin|atk|1\n|-unboost|p1b: Arcanine|atk|1\n|turn|1\n|\n|t:|1684011807\n|detailschange|p1a: Palafin|Palafin-Hero, L50, M\n|switch|p1a: Flutter Mane|Flutter Mane, L50|100\/100\n|move|p1b: Arcanine|Will-O-Wisp|p2a: Gyarados\n|-status|p2a: Gyarados|brn\n|move|p2a: Gyarados|Thunder Wave|p1b: Arcanine\n|-status|p1b: Arcanine|par\n|move|p2b: Iron Hands|Swords Dance|p2b: Iron Hands\n|-boost|p2b: Iron Hands|atk|2\n|\n|-damage|p2a: Gyarados|94\/100 brn|[from] brn\n|upkeep\n|turn|2\n|\n|t:|1684011847\n|switch|p2a: Ting-Lu|Ting-Lu, L50|100\/100\n|-ability|p2a: Ting-Lu|Vessel of Ruin\n|-terastallize|p2b: Iron Hands|Grass\n|move|p1a: Flutter Mane|Moonblast|p2b: Iron Hands\n|-damage|p2b: Iron Hands|63\/100\n|move|p1b: Arcanine|Flare Blitz|p2b: Iron Hands\n|-supereffective|p2b: Iron Hands\n|-damage|p2b: Iron Hands|23\/100\n|-damage|p1b: Arcanine|83\/100 par|[from] Recoil\n|move|p2b: Iron Hands|Thunder Punch|p1a: Flutter Mane\n|-damage|p1a: Flutter Mane|31\/100\n|\n|upkeep\n|turn|3\n|\n|t:|1684011871\n|-end|p2b: Iron Hands|Quark Drive|[silent]\n|switch|p2b: Gyarados|Gyarados, L50, M|94\/100 brn\n|-ability|p2b: Gyarados|Intimidate|boost\n|-unboost|p1a: Flutter Mane|atk|1\n|-unboost|p1b: Arcanine|atk|1\n|-terastallize|p1b: Arcanine|Flying\n|move|p1a: Flutter Mane|Moonblast|p2b: Gyarados\n|-damage|p2b: Gyarados|49\/100 brn\n|move|p2a: Ting-Lu|Earthquake|p1a: Flutter Mane|[spread] p1a\n|-immune|p2b: Gyarados\n|-immune|p1b: Arcanine\n|-damage|p1a: Flutter Mane|0 fnt\n|faint|p1a: Flutter Mane\n|-end|p1a: Flutter Mane|Protosynthesis|[silent]\n|move|p1b: Arcanine|Will-O-Wisp|p2a: Ting-Lu\n|-status|p2a: Ting-Lu|brn\n|\n|-damage|p2b: Gyarados|42\/100 brn|[from] brn\n|-damage|p2a: Ting-Lu|94\/100 brn|[from] brn\n|upkeep\n|\n|t:|1684011893\n|switch|p1a: Palafin|Palafin-Hero, L50, M|100\/100\n|-activate|p1a: Palafin|ability: Zero to Hero\n|turn|4\n|\n|t:|1684011903\n|move|p1a: Palafin|Wave Crash|p2b: Gyarados\n|-resisted|p2b: Gyarados\n|-crit|p2b: Gyarados\n|-damage|p2b: Gyarados|0 fnt\n|faint|p2b: Gyarados\n|-damage|p1a: Palafin|87\/100|[from] Recoil\n|move|p2a: Ting-Lu|Earthquake|p1b: Arcanine|[spread] p1a\n|-immune|p1b: Arcanine\n|-damage|p1a: Palafin|65\/100\n|cant|p1b: Arcanine|par\n|\n|-damage|p2a: Ting-Lu|88\/100 brn|[from] brn\n|upkeep\n|\n|t:|1684011919\n|switch|p2b: Flutter Mane|Flutter Mane, L50|100\/100\n|-enditem|p2b: Flutter Mane|Booster Energy\n|-activate|p2b: Flutter Mane|ability: Protosynthesis|[fromitem]\n|-start|p2b: Flutter Mane|protosynthesisspe\n|turn|5\n|\n|t:|1684011938\n|switch|p2a: Iron Hands|Iron Hands, L50, tera:Grass|23\/100\n|switch|p1b: Ting-Lu|Ting-Lu, L50|100\/100\n|-ability|p1b: Ting-Lu|Vessel of Ruin\n|move|p2b: Flutter Mane|Dazzling Gleam|p1a: Palafin|[spread] p1a,p1b\n|-supereffective|p1b: Ting-Lu\n|-damage|p1a: Palafin|44\/100\n|-damage|p1b: Ting-Lu|84\/100\n|move|p1a: Palafin|Wave Crash|p2a: Iron Hands\n|-resisted|p2a: Iron Hands\n|-damage|p2a: Iron Hands|0 fnt\n|faint|p2a: Iron Hands\n|-end|p2a: Iron Hands|Quark Drive|[silent]\n|-damage|p1a: Palafin|35\/100|[from] Recoil\n|\n|upkeep\n|\n|t:|1684011951\n|switch|p2a: Ting-Lu|Ting-Lu, L50|88\/100 brn\n|-ability|p2a: Ting-Lu|Vessel of Ruin\n|turn|6\n|\n|t:|1684011981\n|switch|p1a: Arcanine|Arcanine, L50, M, tera:Flying|83\/100 par\n|-ability|p1a: Arcanine|Intimidate|boost\n|-unboost|p2a: Ting-Lu|atk|1\n|-unboost|p2b: Flutter Mane|atk|1\n|move|p2b: Flutter Mane|Icy Wind|p1a: Arcanine|[spread] p1a,p1b\n|-supereffective|p1a: Arcanine\n|-supereffective|p1b: Ting-Lu\n|-damage|p1a: Arcanine|62\/100 par\n|-damage|p1b: Ting-Lu|75\/100\n|-unboost|p1a: Arcanine|spe|1\n|-unboost|p1b: Ting-Lu|spe|1\n|move|p2a: Ting-Lu|Throat Chop|p1a: Arcanine\n|-damage|p1a: Arcanine|45\/100 par\n|-start|p1a: Arcanine|Throat Chop|[silent]\n|move|p1b: Ting-Lu|Heavy Slam|p2b: Flutter Mane\n|-supereffective|p2b: Flutter Mane\n|-damage|p2b: Flutter Mane|0 fnt\n|faint|p2b: Flutter Mane\n|-end|p2b: Flutter Mane|Protosynthesis|[silent]\n|\n|-damage|p2a: Ting-Lu|82\/100 brn|[from] brn\n|upkeep\n|turn|7\n|c|\u2606Arcacagne|gg\n|-message|Arcacagne forfeited.\n|\n|win|yung elmers glue\n|c|\u2606yung elmers glue|gggg\n|l|\u2606yung elmers glue\n","uploadtime":1684012482,"views":19,"p1id":"yungelmersglue","p2id":"arcacagne","formatid":"gen9vgc2023regulationc","rating":0,"private":0,"password":""}