{"id":"gen9vgc2023regulationc-1863350226","p1":"Bout It 27","p2":"Barbie120","format":"[Gen 9] VGC 2023 Regulation C","log":"|j|\u2606Bout It 27\n|j|\u2606Barbie120\n|t:|1684005820\n|gametype|doubles\n|player|p1|Bout It 27|101|1322\n|player|p2|Barbie120|drayden|1232\n|teamsize|p1|6\n|teamsize|p2|6\n|gen|9\n|tier|[Gen 9] VGC 2023 Regulation C\n|rated|\n|rule|Species Clause: Limit one of each Pok\u00e9mon\n|rule|Item Clause: Limit one of each item\n|clearpoke\n|poke|p1|Murkrow, L50, F|\n|poke|p1|Amoonguss, L50, M|\n|poke|p1|Garganacl, L50, M|\n|poke|p1|Chien-Pao, L50|\n|poke|p1|Glimmora, L50, F|\n|poke|p1|Chi-Yu, L50|\n|poke|p2|Annihilape, L50, M|\n|poke|p2|Maushold-Four, L50|\n|poke|p2|Abomasnow, L50, F|\n|poke|p2|Iron Bundle, L50|\n|poke|p2|Arcanine, L50, M|\n|poke|p2|Flutter Mane, L50|\n|teampreview|4\n|\n|t:|1684005863\n|start\n|switch|p1a: Chi-Yu|Chi-Yu, L50|100\/100\n|switch|p1b: Garganacl|Garganacl, L50, M|100\/100\n|switch|p2a: Iron Bundle|Iron Bundle, L50|100\/100\n|switch|p2b: Abomasnow|Abomasnow, L50, F|100\/100\n|-ability|p1a: Chi-Yu|Beads of Ruin\n|-weather|Snow|[from] ability: Snow Warning|[of] p2b: Abomasnow\n|turn|1\n|\n|t:|1684005884\n|-terastallize|p1a: Chi-Yu|Grass\n|-terastallize|p2b: Abomasnow|Water\n|move|p1b: Garganacl|Wide Guard|p1b: Garganacl\n|-singleturn|p1b: Garganacl|Wide Guard\n|move|p2a: Iron Bundle|Aurora Veil|p2a: Iron Bundle\n|-sidestart|p2: Barbie120|move: Aurora Veil\n|move|p1a: Chi-Yu|Tera Blast|p2a: Iron Bundle\n|-supereffective|p2a: Iron Bundle\n|-enditem|p2a: Iron Bundle|Focus Sash\n|-damage|p2a: Iron Bundle|1\/100\n|move|p2b: Abomasnow|Earth Power|p1b: Garganacl\n|-supereffective|p1b: Garganacl\n|-damage|p1b: Garganacl|9\/100\n|-enditem|p1b: Garganacl|Figy Berry|[eat]\n|-heal|p1b: Garganacl|42\/100|[from] item: Figy Berry\n|\n|-weather|Snow|[upkeep]\n|upkeep\n|turn|2\n|\n|t:|1684005908\n|move|p2a: Iron Bundle|Protect|p2a: Iron Bundle\n|-singleturn|p2a: Iron Bundle|Protect\n|move|p1a: Chi-Yu|Tera Blast|p2b: Abomasnow\n|-supereffective|p2b: Abomasnow\n|-crit|p2b: Abomasnow\n|-damage|p2b: Abomasnow|0 fnt\n|faint|p2b: Abomasnow\n|move|p1b: Garganacl|Salt Cure|p2a: Iron Bundle\n|-activate|p2a: Iron Bundle|move: Protect\n|\n|-weather|Snow|[upkeep]\n|upkeep\n|\n|t:|1684005921\n|switch|p2b: Annihilape|Annihilape, L50, M|100\/100\n|turn|3\n|\n|t:|1684005929\n|-end|p2a: Iron Bundle|Quark Drive|[silent]\n|switch|p2a: Arcanine|Arcanine, L50, M|100\/100\n|-ability|p2a: Arcanine|Intimidate|boost\n|-unboost|p1a: Chi-Yu|atk|1\n|-unboost|p1b: Garganacl|atk|1\n|switch|p1a: Glimmora|Glimmora, L50, F|100\/100\n|move|p2b: Annihilape|Drain Punch|p1b: Garganacl\n|-supereffective|p1b: Garganacl\n|-damage|p1b: Garganacl|0 fnt\n|faint|p1b: Garganacl\n|\n|-weather|Snow|[upkeep]\n|upkeep\n|\n|t:|1684005943\n|switch|p1b: Chi-Yu|Chi-Yu, L50, tera:Grass|100\/100\n|-ability|p1b: Chi-Yu|Beads of Ruin\n|turn|4\n|\n|t:|1684005972\n|switch|p2b: Iron Bundle|Iron Bundle, L50|1\/100\n|move|p1b: Chi-Yu|Dark Pulse|p2a: Arcanine\n|-damage|p2a: Arcanine|42\/100\n|move|p1a: Glimmora|Power Gem|p2a: Arcanine\n|-supereffective|p2a: Arcanine\n|-damage|p2a: Arcanine|0 fnt\n|faint|p2a: Arcanine\n|\n|-weather|Snow|[upkeep]\n|upkeep\n|\n|t:|1684005980\n|switch|p2a: Annihilape|Annihilape, L50, M|100\/100\n|turn|5\n|\n|t:|1684005988\n|switch|p1b: Chien-Pao|Chien-Pao, L50|100\/100\n|-ability|p1b: Chien-Pao|Sword of Ruin\n|move|p2b: Iron Bundle|Blizzard|p1b: Chien-Pao|[spread] p1a,p1b\n|-resisted|p1b: Chien-Pao\n|-damage|p1a: Glimmora|48\/100\n|-damage|p1b: Chien-Pao|72\/100\n|move|p1a: Glimmora|Mortal Spin|p2b: Iron Bundle|[spread] p2a,p2b\n|-resisted|p2a: Annihilape\n|-damage|p2a: Annihilape|99\/100\n|-damage|p2b: Iron Bundle|0 fnt\n|-status|p2a: Annihilape|psn\n|faint|p2b: Iron Bundle\n|-end|p2b: Iron Bundle|Quark Drive|[silent]\n|move|p2a: Annihilape|Bulk Up|p2a: Annihilape\n|-boost|p2a: Annihilape|atk|1\n|-boost|p2a: Annihilape|def|1\n|\n|-weather|none\n|-heal|p2a: Annihilape|100\/100 psn|[from] item: Leftovers\n|-damage|p2a: Annihilape|88\/100 psn|[from] psn\n|-sideend|p2: Barbie120|move: Aurora Veil\n|upkeep\n|turn|6\n|\n|t:|1684006016\n|move|p1b: Chien-Pao|Ice Spinner|p2a: Annihilape\n|-damage|p2a: Annihilape|51\/100 psn\n|move|p1a: Glimmora|Power Gem|p2a: Annihilape\n|-resisted|p2a: Annihilape\n|-damage|p2a: Annihilape|36\/100 psn\n|move|p2a: Annihilape|Drain Punch|p1b: Chien-Pao\n|-supereffective|p1b: Chien-Pao\n|-damage|p1b: Chien-Pao|0 fnt\n|-heal|p2a: Annihilape|63\/100 psn|[from] drain|[of] p1b: Chien-Pao\n|faint|p1b: Chien-Pao\n|\n|-heal|p2a: Annihilape|69\/100 psn|[from] item: Leftovers\n|-damage|p2a: Annihilape|56\/100 psn|[from] psn\n|upkeep\n|\n|t:|1684006032\n|switch|p1b: Chi-Yu|Chi-Yu, L50, tera:Grass|100\/100\n|-ability|p1b: Chi-Yu|Beads of Ruin\n|turn|7\n|\n|t:|1684006043\n|move|p1b: Chi-Yu|Tera Blast|p2a: Annihilape\n|-damage|p2a: Annihilape|0 fnt\n|faint|p2a: Annihilape\n|\n|win|Bout It 27\n|raw|Bout It 27's rating: 1322 → 1337<\/strong> (+15 for winning)\n|raw|Barbie120's rating: 1232 → 1213<\/strong> (-19 for losing)\n|l|\u2606Barbie120\n","uploadtime":1684006061,"views":9,"p1id":"boutit27","p2id":"barbie120","formatid":"gen9vgc2023regulationc","rating":1213,"private":0,"password":""}