{"id":"gen9vgc2023regulationc-1859017602","p1":"TGH_sr","p2":"hl498","format":"[Gen 9] VGC 2023 Regulation C","log":"|j|\u2606TGH_sr\n|j|\u2606hl498\n|t:|1683394797\n|gametype|doubles\n|player|p1|TGH_sr|steven|1234\n|player|p2|hl498|hilbert-wonderlauncher|1319\n|teamsize|p1|6\n|teamsize|p2|6\n|gen|9\n|tier|[Gen 9] VGC 2023 Regulation C\n|rated|\n|rule|Species Clause: Limit one of each Pok\u00e9mon\n|rule|Item Clause: Limit one of each item\n|clearpoke\n|poke|p1|Talonflame, L50, M|\n|poke|p1|Garchomp, L50, M|\n|poke|p1|Kingambit, L50, F|\n|poke|p1|Iron Bundle, L50|\n|poke|p1|Flutter Mane, L50|\n|poke|p1|Amoonguss, L50, F|\n|poke|p2|Amoonguss, L50, F|\n|poke|p2|Gyarados, L50, F|\n|poke|p2|Corviknight, L50, M|\n|poke|p2|Chi-Yu, L50|\n|poke|p2|Ting-Lu, L50|\n|poke|p2|Flutter Mane, L50|\n|teampreview|4\nTGH_sr has agreed to open team sheets.\nhl498 has agreed to open team sheets.\n|\n|t:|1683394923\n|start\n|switch|p1a: Flutter Mane|Flutter Mane, L50|100\/100\n|switch|p1b: Kingambit|Kingambit, L50, F|100\/100\n|switch|p2a: Ballpoint|Gyarados, L50, F|100\/100\n|switch|p2b: 96 gal|Ting-Lu, L50|100\/100\n|-ability|p2a: Ballpoint|Intimidate|boost\n|-unboost|p1a: Flutter Mane|atk|1\n|-unboost|p1b: Kingambit|atk|1\n|-ability|p1b: Kingambit|Defiant|boost\n|-boost|p1b: Kingambit|atk|2\n|-ability|p2b: 96 gal|Vessel of Ruin\n|turn|1\n|\n|t:|1683394978\n|-end|p1a: Flutter Mane|Protosynthesis|[silent]\n|switch|p1a: Garchomp|Garchomp, L50, M|100\/100\n|switch|p2b: Cap'n|Corviknight, L50, M, shiny|100\/100\n|-terastallize|p1b: Kingambit|Dark\n|move|p2a: Ballpoint|Thunder Wave|p1a: Garchomp\n|-immune|p1a: Garchomp\n|move|p1b: Kingambit|Kowtow Cleave|p2a: Ballpoint\n|-damage|p2a: Ballpoint|0 fnt\n|faint|p2a: Ballpoint\n|\n|upkeep\n|\n|t:|1683394992\n|switch|p2a: Flutter Mane|Flutter Mane, L50|100\/100\n|turn|2\n|\n|t:|1683395055\n|-terastallize|p2a: Flutter Mane|Fairy\n|move|p1b: Kingambit|Sucker Punch|p2a: Flutter Mane\n|-resisted|p2a: Flutter Mane\n|-damage|p2a: Flutter Mane|24\/100\n|move|p2a: Flutter Mane|Dazzling Gleam|p1b: Kingambit|[spread] p1a,p1b\n|-supereffective|p1a: Garchomp\n|-supereffective|p1b: Kingambit\n|-damage|p1a: Garchomp|0 fnt\n|-damage|p1b: Kingambit|0 fnt\n|faint|p1a: Garchomp\n|faint|p1b: Kingambit\n|move|p2b: Cap'n|Brave Bird|p1: Garchomp|[notarget]\n|-fail|p2b: Cap'n\n|\n|upkeep\n|\n|t:|1683395066\n|switch|p1a: Talonflame|Talonflame, L50, M|100\/100\n|switch|p1b: Flutter Mane|Flutter Mane, L50|100\/100\n|turn|3\n|\n|t:|1683395091\n|-end|p2a: Flutter Mane|Protosynthesis|[silent]\n|switch|p2a: 96 gal|Ting-Lu, L50|100\/100\n|-ability|p2a: 96 gal|Vessel of Ruin\n|move|p1a: Talonflame|Brave Bird|p2a: 96 gal\n|-damage|p2a: 96 gal|77\/100\n|-damage|p1a: Talonflame|90\/100|[from] Recoil\n|move|p1b: Flutter Mane|Shadow Ball|p2b: Cap'n\n|-damage|p2b: Cap'n|56\/100\n|-ability|p2b: Cap'n|Mirror Armor\n|-unboost|p1b: Flutter Mane|spd|1\n|move|p2b: Cap'n|Brave Bird|p1b: Flutter Mane\n|-damage|p1b: Flutter Mane|16\/100\n|-damage|p2b: Cap'n|37\/100|[from] Recoil\n|\n|upkeep\n|turn|4\n|\n|t:|1683395123\n|move|p1a: Talonflame|Will-O-Wisp|p2a: 96 gal\n|-status|p2a: 96 gal|brn\n|move|p1b: Flutter Mane|Shadow Ball|p2b: Cap'n\n|-damage|p2b: Cap'n|0 fnt\n|faint|p2b: Cap'n\n|move|p2a: 96 gal|Heavy Slam|p1b: Flutter Mane\n|-supereffective|p1b: Flutter Mane\n|-damage|p1b: Flutter Mane|0 fnt\n|faint|p1b: Flutter Mane\n|-end|p1b: Flutter Mane|Protosynthesis|[silent]\n|\n|-damage|p2a: 96 gal|71\/100 brn|[from] brn\n|upkeep\n|\n|t:|1683395135\n|switch|p2b: Flutter Mane|Flutter Mane, L50, tera:Fairy|24\/100\n|turn|5\n|\n|t:|1683395143\n|move|p1a: Talonflame|Brave Bird|p2b: Flutter Mane\n|-damage|p2b: Flutter Mane|0 fnt\n|faint|p2b: Flutter Mane\n|-end|p2b: Flutter Mane|Protosynthesis|[silent]\n|-damage|p1a: Talonflame|83\/100|[from] Recoil\n|move|p2a: 96 gal|Ruination|p1a: Talonflame\n|-damage|p1a: Talonflame|42\/100\n|\n|-damage|p2a: 96 gal|65\/100 brn|[from] brn\n|upkeep\n|turn|6\n|\n|t:|1683395155\n|move|p1a: Talonflame|Brave Bird|p2a: 96 gal\n|-damage|p2a: 96 gal|41\/100 brn\n|-damage|p1a: Talonflame|31\/100|[from] Recoil\n|move|p2a: 96 gal|Heavy Slam|p1a: Talonflame\n|-resisted|p1a: Talonflame\n|-damage|p1a: Talonflame|19\/100\n|-damage|p2a: 96 gal|24\/100 brn|[from] item: Rocky Helmet|[of] p1a: Talonflame\n|\n|-damage|p2a: 96 gal|18\/100 brn|[from] brn\n|upkeep\n|turn|7\n|\n|t:|1683395166\n|move|p1a: Talonflame|Brave Bird|p2a: 96 gal\n|-damage|p2a: 96 gal|0 fnt\n|faint|p2a: 96 gal\n|-damage|p1a: Talonflame|11\/100|[from] Recoil\n|\n|win|TGH_sr\n|raw|TGH_sr's rating: 1234 → 1265<\/strong> (+31 for winning)\n|raw|hl498's rating: 1319 → 1294<\/strong> (-25 for losing)\n|l|\u2606hl498\n","uploadtime":1683395178,"views":18,"p1id":"tghsr","p2id":"hl498","formatid":"gen9vgc2023regulationc","rating":1265,"private":0,"password":""}