{"id":"gen9vgc2023regulationc-1858997767","p1":"Coldafoutside","p2":"Redpunter","format":"[Gen 9] VGC 2023 Regulation C","log":"|j|\u2606Coldafoutside\n|j|\u2606Redpunter\n|t:|1683392501\n|gametype|doubles\n|player|p1|Coldafoutside|265|1040\n|player|p2|Redpunter|rosa|1031\n|teamsize|p1|6\n|teamsize|p2|6\n|gen|9\n|tier|[Gen 9] VGC 2023 Regulation C\n|rated|\n|rule|Species Clause: Limit one of each Pok\u00e9mon\n|rule|Item Clause: Limit one of each item\n|clearpoke\n|poke|p1|Luxray, L50, F|\n|poke|p1|Annihilape, L50, M|\n|poke|p1|Scream Tail, L50|\n|poke|p1|Torkoal, L50, M|\n|poke|p1|Ting-Lu, L50|\n|poke|p1|Gothitelle, L50, M|\n|poke|p2|Iron Bundle, L50|\n|poke|p2|Rotom-Frost, L50|\n|poke|p2|Iron Treads, L50|\n|poke|p2|Maushold, L50|\n|poke|p2|Iron Valiant, L50|\n|poke|p2|Arcanine, L50, F|\n|teampreview|4\nRedpunter has agreed to open team sheets.\n|\n|t:|1683392541\n|start\n|switch|p1a: Annihilape|Annihilape, L50, M|100\/100\n|switch|p1b: Scream Tail|Scream Tail, L50|100\/100\n|switch|p2a: Iron Treads|Iron Treads, L50|100\/100\n|switch|p2b: Iron Valiant|Iron Valiant, L50|100\/100\n|turn|1\n|\n|t:|1683392562\n|-terastallize|p2b: Iron Valiant|Fairy\n|move|p2b: Iron Valiant|Dazzling Gleam|p1a: Annihilape|[spread] p1a,p1b\n|-supereffective|p1a: Annihilape\n|-damage|p1a: Annihilape|30\/100\n|-damage|p1b: Scream Tail|76\/100\n|move|p1a: Annihilape|U-turn|p2a: Iron Treads\n|-resisted|p2a: Iron Treads\n|-damage|p2a: Iron Treads|93\/100\n|\n|t:|1683392572\n|switch|p1a: Ting-Lu|Ting-Lu, L50|100\/100|[from] U-turn\n|-ability|p1a: Ting-Lu|Vessel of Ruin\n|move|p2a: Iron Treads|Iron Head|p1b: Scream Tail\n|-supereffective|p1b: Scream Tail\n|-damage|p1b: Scream Tail|27\/100\n|-enditem|p1b: Scream Tail|Sitrus Berry|[eat]\n|-heal|p1b: Scream Tail|51\/100|[from] item: Sitrus Berry\n|move|p1b: Scream Tail|Trick Room|p1b: Scream Tail\n|-fieldstart|move: Trick Room|[of] p1b: Scream Tail\n|\n|upkeep\n|turn|2\n|\n|t:|1683392591\n|move|p1a: Ting-Lu|Heavy Slam|p2b: Iron Valiant\n|-supereffective|p2b: Iron Valiant\n|-damage|p2b: Iron Valiant|0 fnt\n|faint|p2b: Iron Valiant\n|-end|p2b: Iron Valiant|Quark Drive|[silent]\n|move|p1b: Scream Tail|Howl|p1b: Scream Tail|[spread] p1a,p1b\n|-boost|p1a: Ting-Lu|atk|1\n|-boost|p1b: Scream Tail|atk|1\n|move|p2a: Iron Treads|Iron Head|p1b: Scream Tail\n|-supereffective|p1b: Scream Tail\n|-damage|p1b: Scream Tail|0 fnt\n|faint|p1b: Scream Tail\n|-end|p1b: Scream Tail|Protosynthesis|[silent]\n|\n|upkeep\n|\n|t:|1683392605\n|switch|p1b: Luxray|Luxray, L50, F, shiny|100\/100\n|switch|p2b: Maushold|Maushold, L50|100\/100\n|turn|3\n|\n|t:|1683392630\n|switch|p1a: Annihilape|Annihilape, L50, M|30\/100\n|move|p1b: Luxray|Protect|p1b: Luxray\n|-singleturn|p1b: Luxray|Protect\n|move|p2b: Maushold|Follow Me|p2b: Maushold\n|-singleturn|p2b: Maushold|move: Follow Me\n|move|p2a: Iron Treads|Earthquake|p1a: Annihilape|[spread] p2b,p1a\n|-activate|p1b: Luxray|move: Protect\n|-damage|p2b: Maushold|42\/100\n|-damage|p1a: Annihilape|0 fnt\n|faint|p1a: Annihilape\n|\n|-status|p1b: Luxray|brn|[from] item: Flame Orb\n|upkeep\n|\n|t:|1683392633\n|switch|p1a: Ting-Lu|Ting-Lu, L50|100\/100\n|-ability|p1a: Ting-Lu|Vessel of Ruin\n|turn|4\n|\n|t:|1683392666\n|-terastallize|p1b: Luxray|Normal\n|move|p2b: Maushold|Follow Me|p2b: Maushold\n|-singleturn|p2b: Maushold|move: Follow Me\n|move|p1a: Ting-Lu|Stomping Tantrum|p2b: Maushold\n|-damage|p2b: Maushold|0 fnt\n|faint|p2b: Maushold\n|move|p1b: Luxray|Facade|p2a: Iron Treads\n|-resisted|p2a: Iron Treads\n|-damage|p2a: Iron Treads|39\/100\n|move|p2a: Iron Treads|Earthquake|p1b: Luxray|[spread] p1a,p1b\n|-damage|p1a: Ting-Lu|82\/100\n|-damage|p1b: Luxray|60\/100 brn\n|\n|-damage|p1b: Luxray|55\/100 brn|[from] brn\n|upkeep\n|\n|t:|1683392677\n|switch|p2b: Iron Bundle|Iron Bundle, L50|100\/100\n|turn|5\n|c|\u2606Redpunter|TY for OTS!\n|\n|t:|1683392692\n|move|p1a: Ting-Lu|Stomping Tantrum|p2a: Iron Treads\n|-supereffective|p2a: Iron Treads\n|-damage|p2a: Iron Treads|0 fnt\n|faint|p2a: Iron Treads\n|-end|p2a: Iron Treads|Quark Drive|[silent]\n|move|p1b: Luxray|Facade|p2b: Iron Bundle\n|-enditem|p2b: Iron Bundle|Focus Sash\n|-damage|p2b: Iron Bundle|1\/100\n|move|p2b: Iron Bundle|Hydro Pump|p1a: Ting-Lu|[miss]\n|-miss|p2b: Iron Bundle|p1a: Ting-Lu\n|\n|-damage|p1b: Luxray|49\/100 brn|[from] brn\n|-fieldend|move: Trick Room\n|upkeep\n|turn|6\n|\n|t:|1683392702\n|move|p1b: Luxray|Quick Attack|p2b: Iron Bundle\n|-damage|p2b: Iron Bundle|0 fnt\n|faint|p2b: Iron Bundle\n|-end|p2b: Iron Bundle|Quark Drive|[silent]\n|\n|win|Coldafoutside\n|raw|Coldafoutside's rating: 1040 → 1073<\/strong> (+33 for winning)\n|raw|Redpunter's rating: 1031 → 1017<\/strong> (-14 for losing)\n|c|\u2606Redpunter|It was a really fun game\n|c|\u2606Redpunter|!\n","uploadtime":1683392716,"views":7,"p1id":"coldafoutside","p2id":"redpunter","formatid":"gen9vgc2023regulationc","rating":1017,"private":0,"password":""}