{"id":"gen9vgc2023regulationc-1863113129","p1":"hysaaron","p2":"Minimanuel_art","format":"[Gen 9] VGC 2023 Regulation C","log":"|j|\u2606hysaaron\n|j|\u203dMinimanuel_art\n|t:|1683972688\n|gametype|doubles\n|player|p1|hysaaron|102|1185\n|player|p2|Minimanuel_art|harlequin|1126\n|teamsize|p1|6\n|teamsize|p2|6\n|gen|9\n|tier|[Gen 9] VGC 2023 Regulation C\n|rated|\n|rule|Species Clause: Limit one of each Pok\u00e9mon\n|rule|Item Clause: Limit one of each item\n|clearpoke\n|poke|p1|Flutter Mane, L50|\n|poke|p1|Amoonguss, L50, F|\n|poke|p1|Ting-Lu, L50|\n|poke|p1|Arcanine, L50, F|\n|poke|p1|Palafin, L50, M|\n|poke|p1|Pelipper, L50, M|\n|poke|p2|Slowbro, L50, F|\n|poke|p2|Camerupt, L50, F|\n|poke|p2|Gothitelle, L50, M|\n|poke|p2|Muk, L50, M|\n|poke|p2|Bronzong, L50|\n|poke|p2|Honchkrow, L50, F|\n|teampreview|4\n|l|\u2606hysaaron\n|player|p1|\n|inactive|Battle timer is ON: inactive players will automatically lose when time's up. (requested by Minimanuel_art)\n|j|\u2606hysaaron\n|inactive|hysaaron reconnected and has 85 seconds left.\n|player|p1|hysaaron|102\n|inactive|hysaaron has 60 seconds left.\n|\n|t:|1683972741\n|start\n|switch|p1a: Palafin|Palafin, L50, M|100\/100\n|switch|p1b: Ting-Lu|Ting-Lu, L50|100\/100\n|switch|p2a: Gothitelle|Gothitelle, L50, M|100\/100\n|switch|p2b: Bronzong|Bronzong, L50|100\/100\n|-ability|p1b: Ting-Lu|Vessel of Ruin\n|turn|1\n|inactive|hysaaron has 30 seconds left.\n|inactive|hysaaron has 20 seconds left.\n|inactive|hysaaron has 15 seconds left.\n|\n|t:|1683972784\n|move|p1a: Palafin|Protect|p1a: Palafin\n|-singleturn|p1a: Palafin|Protect\n|move|p2a: Gothitelle|Fake Out|p1a: Palafin\n|-activate|p1a: Palafin|move: Protect\n|move|p1b: Ting-Lu|Ruination|p2a: Gothitelle\n|-damage|p2a: Gothitelle|50\/100\n|move|p2b: Bronzong|Body Press|p1a: Palafin\n|-activate|p1a: Palafin|move: Protect\n|\n|upkeep\n|turn|2\n|inactive|hysaaron has 30 seconds left.\n|\n|t:|1683972811\n|-terastallize|p1a: Palafin|Water\n|move|p1a: Palafin|Wave Crash|p2a: Gothitelle\n|-damage|p2a: Gothitelle|0 fnt\n|faint|p2a: Gothitelle\n|-damage|p1a: Palafin|86\/100|[from] Recoil\n|move|p1b: Ting-Lu|Heavy Slam|p2b: Bronzong\n|-resisted|p2b: Bronzong\n|-damage|p2b: Bronzong|88\/100\n|move|p2b: Bronzong|Iron Defense|p2b: Bronzong\n|-boost|p2b: Bronzong|def|2\n|\n|-heal|p2b: Bronzong|94\/100|[from] item: Leftovers\n|upkeep\n|\n|t:|1683972826\n|switch|p2a: Slowbro|Slowbro, L50, F|100\/100\n|turn|3\n|\n|t:|1683972839\n|detailschange|p1a: Palafin|Palafin-Hero, L50, M, tera:Water\n|switch|p1a: Pelipper|Pelipper, L50, M|100\/100\n|-weather|RainDance|[from] ability: Drizzle|[of] p1a: Pelipper\n|move|p1b: Ting-Lu|Ruination|p2b: Bronzong\n|-damage|p2b: Bronzong|47\/100\n|move|p2b: Bronzong|Body Press|p1b: Ting-Lu\n|-supereffective|p1b: Ting-Lu\n|-damage|p1b: Ting-Lu|49\/100\n|move|p2a: Slowbro|Trick Room|p2a: Slowbro\n|-fieldstart|move: Trick Room|[of] p2a: Slowbro\n|\n|-weather|RainDance|[upkeep]\n|-heal|p2b: Bronzong|53\/100|[from] item: Leftovers\n|upkeep\n|turn|4\n|inactive|hysaaron has 30 seconds left.\n|inactive|hysaaron has 20 seconds left.\n|inactive|hysaaron has 15 seconds left.\n|inactive|hysaaron has 10 seconds left.\n|\n|t:|1683972885\n|switch|p1b: Flutter Mane|Flutter Mane, L50|100\/100\n|move|p2a: Slowbro|Psychic|p1a: Pelipper\n|-damage|p1a: Pelipper|59\/100\n|move|p2b: Bronzong|Body Press|p1b: Flutter Mane\n|-immune|p1b: Flutter Mane\n|move|p1a: Pelipper|Hurricane|p2b: Bronzong\n|-resisted|p2b: Bronzong\n|-damage|p2b: Bronzong|39\/100\n|\n|-weather|RainDance|[upkeep]\n|-heal|p2b: Bronzong|45\/100|[from] item: Leftovers\n|upkeep\n|turn|5\n|inactive|hysaaron has 30 seconds left.\n|\n|t:|1683972920\n|move|p1a: Pelipper|Helping Hand|p1b: Flutter Mane\n|-singleturn|p1b: Flutter Mane|Helping Hand|[of] p1a: Pelipper\n|move|p2a: Slowbro|Psychic|p1a: Pelipper\n|-damage|p1a: Pelipper|19\/100\n|move|p2b: Bronzong|Gyro Ball|p1b: Flutter Mane\n|-supereffective|p1b: Flutter Mane\n|-damage|p1b: Flutter Mane|1\/100\n|move|p1b: Flutter Mane|Shadow Ball|p2a: Slowbro\n|-supereffective|p2a: Slowbro\n|-damage|p2a: Slowbro|0 fnt\n|faint|p2a: Slowbro\n|\n|-weather|RainDance|[upkeep]\n|-heal|p2b: Bronzong|50\/100|[from] item: Leftovers\n|upkeep\n|\n|t:|1683972927\n|switch|p2a: Honchkrow|Honchkrow, L50, F|100\/100\n|turn|6\n|\n|t:|1683972952\n|-end|p1b: Flutter Mane|Protosynthesis|[silent]\n|switch|p1b: Ting-Lu|Ting-Lu, L50|49\/100\n|-ability|p1b: Ting-Lu|Vessel of Ruin\n|move|p1a: Pelipper|Protect|p1a: Pelipper\n|-singleturn|p1a: Pelipper|Protect\n|move|p2b: Bronzong|Gyro Ball|p1b: Ting-Lu\n|-damage|p1b: Ting-Lu|39\/100\n|move|p2a: Honchkrow|Brave Bird|p1a: Pelipper\n|-activate|p1a: Pelipper|move: Protect\n|\n|-weather|RainDance|[upkeep]\n|-heal|p2b: Bronzong|56\/100|[from] item: Leftovers\n|upkeep\n|turn|7\n|inactive|hysaaron has 30 seconds left.\n|\n|t:|1683972983\n|move|p2b: Bronzong|Gyro Ball|p1a: Pelipper\n|-resisted|p1a: Pelipper\n|-damage|p1a: Pelipper|6\/100\n|move|p2a: Honchkrow|Brave Bird|p1b: Ting-Lu\n|-damage|p1b: Ting-Lu|0 fnt\n|faint|p1b: Ting-Lu\n|-ability|p2a: Honchkrow|Moxie|boost\n|-boost|p2a: Honchkrow|atk|1\n|-damage|p2a: Honchkrow|86\/100|[from] Recoil\n|-damage|p2a: Honchkrow|76\/100|[from] item: Life Orb\n|move|p1a: Pelipper|Tailwind|p1a: Pelipper\n|-sidestart|p1: hysaaron|move: Tailwind\n|\n|-weather|RainDance|[upkeep]\n|-heal|p2b: Bronzong|62\/100|[from] item: Leftovers\n|-fieldend|move: Trick Room\n|upkeep\n|\n|t:|1683972999\n|switch|p1b: Palafin|Palafin-Hero, L50, M, tera:Water|86\/100\n|-activate|p1b: Palafin|ability: Zero to Hero\n|turn|8\n|inactive|hysaaron has 30 seconds left.\n|\n|t:|1683973029\n|move|p1a: Pelipper|Protect|p1a: Pelipper\n|-singleturn|p1a: Pelipper|Protect\n|move|p2a: Honchkrow|Sucker Punch|p1b: Palafin\n|-damage|p1b: Palafin|20\/100\n|-damage|p2a: Honchkrow|66\/100|[from] item: Life Orb\n|move|p1b: Palafin|Wave Crash|p2a: Honchkrow\n|-damage|p2a: Honchkrow|0 fnt\n|faint|p2a: Honchkrow\n|-damage|p1b: Palafin|0 fnt|[from] Recoil\n|faint|p1b: Palafin\n|move|p2b: Bronzong|Gyro Ball|p1a: Pelipper\n|-activate|p1a: Pelipper|move: Protect\n|\n|-weather|RainDance|[upkeep]\n|-heal|p2b: Bronzong|68\/100|[from] item: Leftovers\n|upkeep\n|\n|t:|1683973045\n|switch|p1b: Flutter Mane|Flutter Mane, L50|1\/100\n|turn|9\n|\n|t:|1683973056\n|move|p1a: Pelipper|Helping Hand|p1b: Flutter Mane\n|-singleturn|p1b: Flutter Mane|Helping Hand|[of] p1a: Pelipper\n|move|p2b: Bronzong|Protect|p2b: Bronzong\n|-singleturn|p2b: Bronzong|Protect\n|move|p1b: Flutter Mane|Shadow Ball|p2b: Bronzong\n|-activate|p2b: Bronzong|move: Protect\n|\n|-weather|RainDance|[upkeep]\n|-heal|p2b: Bronzong|73\/100|[from] item: Leftovers\n|upkeep\n|turn|10\n|\n|t:|1683973070\n|-terastallize|p2b: Bronzong|Poison\n|move|p1a: Pelipper|Helping Hand|p1b: Flutter Mane\n|-singleturn|p1b: Flutter Mane|Helping Hand|[of] p1a: Pelipper\n|move|p1b: Flutter Mane|Shadow Ball|p2b: Bronzong\n|-damage|p2b: Bronzong|17\/100\n|-unboost|p2b: Bronzong|spd|1\n|move|p2b: Bronzong|Gyro Ball|p1b: Flutter Mane\n|-supereffective|p1b: Flutter Mane\n|-damage|p1b: Flutter Mane|0 fnt\n|faint|p1b: Flutter Mane\n|-end|p1b: Flutter Mane|Protosynthesis|[silent]\n|\n|-weather|none\n|-heal|p2b: Bronzong|22\/100|[from] item: Leftovers\n|-sideend|p1: hysaaron|move: Tailwind\n|upkeep\n|turn|11\n|\n|t:|1683973087\n|move|p2b: Bronzong|Protect|p2b: Bronzong\n|-singleturn|p2b: Bronzong|Protect\n|move|p1a: Pelipper|Hurricane|p2b: Bronzong\n|-activate|p2b: Bronzong|move: Protect\n|\n|-heal|p2b: Bronzong|28\/100|[from] item: Leftovers\n|upkeep\n|turn|12\n|\n|t:|1683973098\n|move|p1a: Pelipper|Hurricane|p2b: Bronzong\n|-crit|p2b: Bronzong\n|-damage|p2b: Bronzong|0 fnt\n|faint|p2b: Bronzong\n|\n|win|hysaaron\n|raw|hysaaron's rating: 1185 → 1206<\/strong> (+21 for winning)\n|raw|Minimanuel_art's rating: 1126 → 1105<\/strong> (-21 for losing)\n|l|\u203dMinimanuel_art\n","uploadtime":1683973115,"views":12,"p1id":"hysaaron","p2id":"minimanuelart","formatid":"gen9vgc2023regulationc","rating":1105,"private":0,"password":""}