{"id":"gen9vgc2023regulationc-1856568353","p1":"wahnos","p2":"PiccoloRuiz","format":"[Gen 9] VGC 2023 Regulation C","log":"|j|\u2606wahnos\n|j|\u2606PiccoloRuiz\n|t:|1683076810\n|gametype|doubles\n|player|p1|wahnos|larry|1392\n|player|p2|PiccoloRuiz|valerie|1459\n|teamsize|p1|6\n|teamsize|p2|6\n|gen|9\n|tier|[Gen 9] VGC 2023 Regulation C\n|rated|\n|rule|Species Clause: Limit one of each Pok\u00e9mon\n|rule|Item Clause: Limit one of each item\n|clearpoke\n|poke|p1|Garchomp, L50, M|\n|poke|p1|Corviknight, L50, M|\n|poke|p1|Baxcalibur, L50, F|\n|poke|p1|Amoonguss, L50, F|\n|poke|p1|Scream Tail, L50|\n|poke|p1|Flutter Mane, L50|\n|poke|p2|Flutter Mane, L50|\n|poke|p2|Amoonguss, L50, F|\n|poke|p2|Gyarados, L50, F|\n|poke|p2|Arcanine, L50, F|\n|poke|p2|Ting-Lu, L50|\n|poke|p2|Baxcalibur, L50, F|\n|teampreview|4\n|inactive|Battle timer is ON: inactive players will automatically lose when time's up. (requested by PiccoloRuiz)\n|inactive|PiccoloRuiz has 60 seconds left.\n|\n|t:|1683076862\n|start\n|switch|p1a: Flutter Mane|Flutter Mane, L50|100\/100\n|switch|p1b: Amoonguss|Amoonguss, L50, F|100\/100\n|switch|p2a: Bianca|Gyarados, L50, F, shiny|100\/100\n|switch|p2b: Amoonguss|Amoonguss, L50, F, shiny|100\/100\n|-ability|p2a: Bianca|Intimidate|boost\n|-unboost|p1a: Flutter Mane|atk|1\n|-unboost|p1b: Amoonguss|atk|1\n|turn|1\n|inactive|wahnos has 30 seconds left.\n|inactive|wahnos has 20 seconds left.\n|inactive|wahnos has 15 seconds left.\n|\n|t:|1683076904\n|move|p1a: Flutter Mane|Shadow Ball|p2b: Amoonguss\n|-damage|p2b: Amoonguss|38\/100\n|move|p2a: Bianca|Taunt|p1b: Amoonguss\n|-start|p1b: Amoonguss|move: Taunt\n|move|p2b: Amoonguss|Spore|p1a: Flutter Mane\n|-status|p1a: Flutter Mane|slp|[from] move: Spore\n|cant|p1b: Amoonguss|move: Taunt|Spore\n|\n|upkeep\n|turn|2\n|\n|t:|1683076921\n|switch|p2b: Katya|Baxcalibur, L50, F, shiny|100\/100\n|cant|p1a: Flutter Mane|slp\n|move|p2a: Bianca|Waterfall|p1a: Flutter Mane\n|-damage|p1a: Flutter Mane|36\/100 slp\n|move|p1b: Amoonguss|Pollen Puff|p1a: Flutter Mane\n|-heal|p1a: Flutter Mane|85\/100 slp\n|\n|upkeep\n|turn|3\n|\n|t:|1683076947\n|cant|p1a: Flutter Mane|slp\n|move|p2b: Katya|Icicle Crash|p1a: Flutter Mane|[miss]\n|-miss|p2b: Katya|p1a: Flutter Mane\n|move|p2a: Bianca|Waterfall|p1a: Flutter Mane\n|-crit|p1a: Flutter Mane\n|-damage|p1a: Flutter Mane|0 fnt\n|faint|p1a: Flutter Mane\n|-end|p1a: Flutter Mane|Protosynthesis|[silent]\n|move|p1b: Amoonguss|Pollen Puff|p1: Flutter Mane|[notarget]\n|-fail|p1b: Amoonguss\n|\n|-end|p1b: Amoonguss|move: Taunt\n|upkeep\n|\n|t:|1683076958\n|switch|p1a: Garchomp|Garchomp, L50, M|100\/100\n|turn|4\n|\n|t:|1683076978\n|move|p2b: Katya|Protect|p2b: Katya\n|-singleturn|p2b: Katya|Protect\n|move|p1b: Amoonguss|Rage Powder|p1b: Amoonguss\n|-singleturn|p1b: Amoonguss|move: Rage Powder\n|move|p1a: Garchomp|Rock Slide|p2a: Bianca|[spread] p2a\n|-activate|p2b: Katya|move: Protect\n|-supereffective|p2a: Bianca\n|-damage|p2a: Bianca|64\/100\n|move|p2a: Bianca|Taunt|p1b: Amoonguss\n|-start|p1b: Amoonguss|move: Taunt\n|\n|upkeep\n|turn|5\n|inactive|wahnos has 30 seconds left.\n|\n|t:|1683077010\n|switch|p2a: Amoonguss|Amoonguss, L50, F, shiny|72\/100\n|-terastallize|p1a: Garchomp|Fire\n|move|p1a: Garchomp|Rock Slide|p2a: Amoonguss|[spread] p2a,p2b\n|-supereffective|p2b: Katya\n|-damage|p2a: Amoonguss|55\/100\n|-damage|p2b: Katya|64\/100\n|move|p2b: Katya|Icicle Crash|p1a: Garchomp\n|-resisted|p1a: Garchomp\n|-damage|p1a: Garchomp|74\/100\n|move|p1b: Amoonguss|Pollen Puff|p1a: Garchomp\n|-heal|p1a: Garchomp|100\/100\n|\n|upkeep\n|turn|6\n|\n|t:|1683077028\n|switch|p1b: Corviknight|Corviknight, L50, M|100\/100\n|move|p1a: Garchomp|Protect|p1a: Garchomp\n|-singleturn|p1a: Garchomp|Protect\n|move|p2b: Katya|Glaive Rush|p1a: Garchomp\n|-activate|p1a: Garchomp|move: Protect\n|move|p2a: Amoonguss|Spore|p1a: Garchomp\n|-activate|p1a: Garchomp|move: Protect\n|\n|upkeep\n|turn|7\n|inactive|wahnos has 30 seconds left.\n|\n|t:|1683077057\n|switch|p1a: Amoonguss|Amoonguss, L50, F|100\/100\n|-terastallize|p2a: Amoonguss|Water\n|move|p2b: Katya|Icicle Crash|p1b: Corviknight\n|-damage|p1b: Corviknight|56\/100\n|move|p1b: Corviknight|Tailwind|p1b: Corviknight\n|-sidestart|p1: wahnos|move: Tailwind\n|move|p2a: Amoonguss|Spore|p1b: Corviknight\n|-status|p1b: Corviknight|slp|[from] move: Spore\n|\n|upkeep\n|turn|8\n|inactive|wahnos has 30 seconds left.\n|inactive|PiccoloRuiz has 30 seconds left.\n|\n|t:|1683077085\n|switch|p1b: Garchomp|Garchomp, L50, M, tera:Fire|100\/100\n|move|p2b: Katya|Icicle Crash|p1a: Amoonguss\n|-supereffective|p1a: Amoonguss\n|-damage|p1a: Amoonguss|16\/100\n|-enditem|p1a: Amoonguss|Sitrus Berry|[eat]\n|-heal|p1a: Amoonguss|40\/100|[from] item: Sitrus Berry\n|cant|p1a: Amoonguss|flinch\n|move|p2a: Amoonguss|Pollen Puff|p2b: Katya\n|-heal|p2b: Katya|100\/100\n|\n|upkeep\n|turn|9\n|inactive|wahnos has 30 seconds left.\n|\n|t:|1683077112\n|move|p2b: Katya|Protect|p2b: Katya\n|-singleturn|p2b: Katya|Protect\n|move|p1a: Amoonguss|Rage Powder|p1a: Amoonguss\n|-singleturn|p1a: Amoonguss|move: Rage Powder\n|move|p1b: Garchomp|Rock Slide|p2b: Katya|[spread] p2a\n|-activate|p2b: Katya|move: Protect\n|-damage|p2a: Amoonguss|40\/100\n|cant|p2a: Amoonguss|flinch\n|\n|upkeep\n|turn|10\n|\n|t:|1683077135\n|switch|p1a: Corviknight|Corviknight, L50, M|56\/100 slp\n|move|p2b: Katya|Ice Shard|p1a: Corviknight\n|-damage|p1a: Corviknight|36\/100 slp\n|move|p1b: Garchomp|Earthquake|p2b: Katya|[spread] p2a,p2b\n|-immune|p1a: Corviknight\n|-damage|p2a: Amoonguss|8\/100\n|-damage|p2b: Katya|67\/100\n|move|p2a: Amoonguss|Spore|p1b: Garchomp\n|-status|p1b: Garchomp|slp|[from] move: Spore\n|\n|-sideend|p1: wahnos|move: Tailwind\n|upkeep\n|turn|11\n|\n|t:|1683077150\n|switch|p2a: Bianca|Gyarados, L50, F, shiny|64\/100\n|-ability|p2a: Bianca|Intimidate|boost\n|-ability|p1a: Corviknight|Mirror Armor\n|-unboost|p2a: Bianca|atk|1\n|-fail|p1b: Garchomp|unboost|[from] item: Clear Amulet|[of] p1b: Garchomp\n|cant|p1b: Garchomp|slp\n|move|p2b: Katya|Icicle Crash|p1a: Corviknight|[miss]\n|-miss|p2b: Katya|p1a: Corviknight\n|cant|p1a: Corviknight|slp\n|\n|upkeep\n|turn|12\n|\n|t:|1683077163\n|cant|p1b: Garchomp|slp\n|move|p2b: Katya|Icicle Crash|p1a: Corviknight\n|-damage|p1a: Corviknight|0 fnt\n|faint|p1a: Corviknight\n|move|p2a: Bianca|Waterfall|p1b: Garchomp\n|-supereffective|p1b: Garchomp\n|-damage|p1b: Garchomp|54\/100 slp\n|-damage|p2a: Bianca|52\/100|[from] ability: Rough Skin|[of] p1b: Garchomp\n|\n|upkeep\n|\n|t:|1683077169\n|switch|p1a: Amoonguss|Amoonguss, L50, F|74\/100\n|turn|13\n|\n|t:|1683077177\n|-curestatus|p1b: Garchomp|slp|[msg]\n|move|p1b: Garchomp|Rock Slide|p2b: Katya|[spread] p2a,p2b\n|-supereffective|p2a: Bianca\n|-supereffective|p2b: Katya\n|-damage|p2a: Bianca|13\/100\n|-damage|p2b: Katya|32\/100\n|-enditem|p2a: Bianca|Sitrus Berry|[eat]\n|-heal|p2a: Bianca|38\/100|[from] item: Sitrus Berry\n|cant|p2b: Katya|flinch\n|move|p2a: Bianca|Taunt|p1a: Amoonguss\n|-start|p1a: Amoonguss|move: Taunt\n|move|p1a: Amoonguss|Pollen Puff|p1b: Garchomp\n|-heal|p1b: Garchomp|100\/100\n|\n|upkeep\n|turn|14\n|inactive|PiccoloRuiz has 30 seconds left.\n|\n|t:|1683077202\n|move|p2b: Katya|Ice Shard|p1a: Amoonguss\n|-supereffective|p1a: Amoonguss\n|-damage|p1a: Amoonguss|40\/100\n|move|p1b: Garchomp|Rock Slide|p2a: Bianca|[spread] p2a,p2b\n|-supereffective|p2a: Bianca\n|-supereffective|p2b: Katya\n|-damage|p2a: Bianca|5\/100\n|-damage|p2b: Katya|0 fnt\n|faint|p2b: Katya\n|move|p2a: Bianca|Waterfall|p1b: Garchomp\n|-supereffective|p1b: Garchomp\n|-damage|p1b: Garchomp|57\/100\n|-damage|p2a: Bianca|0 fnt|[from] ability: Rough Skin|[of] p1b: Garchomp\n|faint|p2a: Bianca\n|move|p1a: Amoonguss|Pollen Puff|p1b: Garchomp\n|-heal|p1b: Garchomp|100\/100\n|\n|upkeep\n|\n|t:|1683077214\n|switch|p2b: Amoonguss|Amoonguss, L50, F, shiny, tera:Water|41\/100\n|switch|p2a: Sasha Colby|Flutter Mane, L50|100\/100\n|-enditem|p2a: Sasha Colby|Booster Energy\n|-activate|p2a: Sasha Colby|ability: Protosynthesis|[fromitem]\n|-start|p2a: Sasha Colby|protosynthesisspa\n|turn|15\n|inactive|wahnos has 30 seconds left.\n|inactive|wahnos has 20 seconds left.\n|\n|t:|1683077252\n|move|p2a: Sasha Colby|Protect|p2a: Sasha Colby\n|-singleturn|p2a: Sasha Colby|Protect\n|move|p1b: Garchomp|Protect|p1b: Garchomp\n|-singleturn|p1b: Garchomp|Protect\n|move|p2b: Amoonguss|Spore|p1b: Garchomp\n|-activate|p1b: Garchomp|move: Protect\n|move|p1a: Amoonguss|Pollen Puff|p2b: Amoonguss\n|-damage|p2b: Amoonguss|26\/100\n|\n|-end|p1a: Amoonguss|move: Taunt\n|upkeep\n|turn|16\n|\n|t:|1683077269\n|move|p2a: Sasha Colby|Shadow Ball|p1a: Amoonguss\n|-damage|p1a: Amoonguss|0 fnt\n|faint|p1a: Amoonguss\n|move|p1b: Garchomp|Stomping Tantrum|p2b: Amoonguss\n|-damage|p2b: Amoonguss|0 fnt\n|-damage|p1b: Garchomp|84\/100|[from] item: Rocky Helmet|[of] p2b: Amoonguss\n|faint|p2b: Amoonguss\n|\n|upkeep\n|turn|17\n|\n|t:|1683077279\n|move|p2a: Sasha Colby|Shadow Ball|p1b: Garchomp\n|-damage|p1b: Garchomp|23\/100\n|move|p1b: Garchomp|Earthquake|p2a: Sasha Colby\n|-damage|p2a: Sasha Colby|15\/100\n|\n|upkeep\n|turn|18\n|\n|t:|1683077284\n|move|p2a: Sasha Colby|Shadow Ball|p1b: Garchomp\n|-crit|p1b: Garchomp\n|-damage|p1b: Garchomp|0 fnt\n|faint|p1b: Garchomp\n|\n|win|PiccoloRuiz\n|raw|wahnos's rating: 1392 → 1376<\/strong> (-16 for losing)\n|raw|PiccoloRuiz's rating: 1459 → 1475<\/strong> (+16 for winning)\n|l|\u2606wahnos\n|c|\u2606PiccoloRuiz|gg\n","uploadtime":1683077293,"views":10,"p1id":"wahnos","p2id":"piccoloruiz","formatid":"gen9vgc2023regulationc","rating":1376,"private":0,"password":""}