{"id":"gen9vgc2023regulationc-1862784140","p1":"eduardoykl69","p2":"revocolombia","format":"[Gen 9] VGC 2023 Regulation C","log":"|j|\u2606eduardoykl69\n|j|\u2606revocolombia\n|t:|1683921564\n|gametype|doubles\n|player|p1|eduardoykl69|266|1527\n|player|p2|revocolombia|pokemonranger-gen4|1511\n|teamsize|p1|6\n|teamsize|p2|6\n|gen|9\n|tier|[Gen 9] VGC 2023 Regulation C\n|rated|\n|rule|Species Clause: Limit one of each Pok\u00e9mon\n|rule|Item Clause: Limit one of each item\n|clearpoke\n|poke|p1|Chien-Pao, L50|\n|poke|p1|Maushold-Four, L50|\n|poke|p1|Flutter Mane, L50|\n|poke|p1|Ting-Lu, L50|\n|poke|p1|Volcarona, L50, F|\n|poke|p1|Dragonite, L50, F|\n|poke|p2|Flutter Mane, L50|\n|poke|p2|Great Tusk, L50|\n|poke|p2|Dragonite, L50, M|\n|poke|p2|Chien-Pao, L50|\n|poke|p2|Murkrow, L50, M|\n|poke|p2|Gholdengo, L50|\n|teampreview|4\n|\n|t:|1683921587\n|start\n|switch|p1a: Maushold|Maushold-Four, L50|100\/100\n|switch|p1b: Flutter Mane|Flutter Mane, L50|100\/100\n|switch|p2a: Great Tusk|Great Tusk, L50|100\/100\n|switch|p2b: Murkrow|Murkrow, L50, M|100\/100\n|-enditem|p1b: Flutter Mane|Booster Energy\n|-activate|p1b: Flutter Mane|ability: Protosynthesis|[fromitem]\n|-start|p1b: Flutter Mane|protosynthesisspa\n|turn|1\n|\n|t:|1683921613\n|-terastallize|p2a: Great Tusk|Fire\n|move|p1a: Maushold|Protect|p1a: Maushold\n|-singleturn|p1a: Maushold|Protect\n|move|p2b: Murkrow|Tailwind|p2b: Murkrow\n|-sidestart|p2: revocolombia|move: Tailwind\n|move|p2a: Great Tusk|Earthquake|p1a: Maushold|[spread] p1b\n|-activate|p1a: Maushold|move: Protect\n|-immune|p2b: Murkrow\n|-damage|p1b: Flutter Mane|48\/100\n|move|p1b: Flutter Mane|Dazzling Gleam|p2b: Murkrow|[spread] p2a,p2b\n|-resisted|p2a: Great Tusk\n|-supereffective|p2b: Murkrow\n|-damage|p2a: Great Tusk|75\/100\n|-damage|p2b: Murkrow|13\/100\n|\n|upkeep\n|turn|2\n|\n|t:|1683921639\n|switch|p2b: Dragonite|Dragonite, L50, M|100\/100\n|move|p2a: Great Tusk|Earthquake|p1b: Flutter Mane|[spread] p1a,p1b\n|-immune|p2b: Dragonite\n|-crit|p1b: Flutter Mane\n|-damage|p1a: Maushold|51\/100\n|-damage|p1b: Flutter Mane|0 fnt\n|faint|p1b: Flutter Mane\n|-end|p1b: Flutter Mane|Protosynthesis|[silent]\n|move|p1a: Maushold|Super Fang|p2a: Great Tusk\n|-damage|p2a: Great Tusk|38\/100\n|\n|upkeep\n|\n|t:|1683921647\n|switch|p1b: Volcarona|Volcarona, L50, F|100\/100\n|turn|3\n|\n|t:|1683921667\n|-terastallize|p1b: Volcarona|Grass\n|move|p2b: Dragonite|Extreme Speed|p1b: Volcarona\n|-damage|p1b: Volcarona|63\/100\n|move|p2a: Great Tusk|Earthquake|p1b: Volcarona|[spread] p1a,p1b\n|-immune|p2b: Dragonite\n|-resisted|p1b: Volcarona\n|-damage|p1a: Maushold|0 fnt\n|-damage|p1b: Volcarona|48\/100\n|faint|p1a: Maushold\n|move|p1b: Volcarona|Quiver Dance|p1b: Volcarona\n|-boost|p1b: Volcarona|spa|1\n|-boost|p1b: Volcarona|spd|1\n|-boost|p1b: Volcarona|spe|1\n|\n|-heal|p1b: Volcarona|54\/100|[from] item: Leftovers\n|upkeep\n|\n|t:|1683921675\n|switch|p1a: Ting-Lu|Ting-Lu, L50|100\/100\n|-ability|p1a: Ting-Lu|Vessel of Ruin\n|turn|4\n|\n|t:|1683921695\n|move|p1b: Volcarona|Protect|p1b: Volcarona\n|-singleturn|p1b: Volcarona|Protect\n|move|p2b: Dragonite|Extreme Speed|p1b: Volcarona\n|-activate|p1b: Volcarona|move: Protect\n|move|p2a: Great Tusk|Brick Break|p1a: Ting-Lu\n|-supereffective|p1a: Ting-Lu\n|-damage|p1a: Ting-Lu|47\/100\n|move|p1a: Ting-Lu|Bulldoze|p2a: Great Tusk|[spread] p2a\n|-activate|p1b: Volcarona|move: Protect\n|-immune|p2b: Dragonite\n|-supereffective|p2a: Great Tusk\n|-damage|p2a: Great Tusk|12\/100\n|\n|-heal|p1b: Volcarona|59\/100|[from] item: Leftovers\n|-sideend|p2: revocolombia|move: Tailwind\n|upkeep\n|turn|5\n|\n|t:|1683921720\n|move|p2b: Dragonite|Extreme Speed|p1b: Volcarona\n|-damage|p1b: Volcarona|12\/100\n|move|p1b: Volcarona|Heat Wave|p2b: Dragonite|[spread] p2a,p2b\n|-resisted|p2a: Great Tusk\n|-resisted|p2b: Dragonite\n|-damage|p2a: Great Tusk|0 fnt\n|-damage|p2b: Dragonite|92\/100\n|faint|p2a: Great Tusk\n|-end|p2a: Great Tusk|Protosynthesis|[silent]\n|move|p1a: Ting-Lu|Snarl|p2b: Dragonite|[miss]\n|-miss|p1a: Ting-Lu|p2b: Dragonite\n|\n|-heal|p1b: Volcarona|18\/100|[from] item: Leftovers\n|upkeep\n|\n|t:|1683921736\n|switch|p2a: Murkrow|Murkrow, L50, M|13\/100\n|turn|6\n|\n|t:|1683921746\n|move|p1b: Volcarona|Protect|p1b: Volcarona\n|-singleturn|p1b: Volcarona|Protect\n|move|p2b: Dragonite|Extreme Speed|p1b: Volcarona\n|-activate|p1b: Volcarona|move: Protect\n|move|p2a: Murkrow|Tailwind|p2a: Murkrow\n|-sidestart|p2: revocolombia|move: Tailwind\n|move|p1a: Ting-Lu|Snarl|p2a: Murkrow|[spread] p2a,p2b\n|-resisted|p2a: Murkrow\n|-damage|p2a: Murkrow|9\/100\n|-damage|p2b: Dragonite|83\/100\n|-unboost|p2a: Murkrow|spa|1\n|-unboost|p2b: Dragonite|spa|1\n|\n|-heal|p1b: Volcarona|24\/100|[from] item: Leftovers\n|upkeep\n|turn|7\n|\n|t:|1683921770\n|move|p2b: Dragonite|Extreme Speed|p1b: Volcarona\n|-damage|p1b: Volcarona|0 fnt\n|-status|p2b: Dragonite|brn|[from] ability: Flame Body|[of] p1b: Volcarona\n|faint|p1b: Volcarona\n|move|p2a: Murkrow|Haze|p2a: Murkrow\n|-clearallboost\n|move|p1a: Ting-Lu|Heavy Slam|p2b: Dragonite\n|-damage|p2b: Dragonite|57\/100 brn\n|\n|-damage|p2b: Dragonite|51\/100 brn|[from] brn\n|upkeep\n|turn|8\n|-message|eduardoykl69 forfeited.\n|\n|win|revocolombia\n|raw|eduardoykl69's rating: 1527 → 1506<\/strong> (-21 for losing)\n|raw|revocolombia's rating: 1511 → 1532<\/strong> (+21 for winning)\n|l|\u2606eduardoykl69\n","uploadtime":1683921786,"views":11,"p1id":"eduardoykl69","p2id":"revocolombia","formatid":"gen9vgc2023regulationc","rating":1506,"private":0,"password":""}