{"id":"gen9vgc2023regulationc-1852953374","p1":"entitysardo992","p2":"Post GC2 testing","format":"[Gen 9] VGC 2023 Regulation C","log":"|j|\u2606entitysardo992\n|j|\u2606Post GC2 testing\n|t:|1682620171\n|gametype|doubles\n|player|p1|entitysardo992|2|1342\n|player|p2|Post GC2 testing|colress|1339\n|teamsize|p1|6\n|teamsize|p2|6\n|gen|9\n|tier|[Gen 9] VGC 2023 Regulation C\n|rated|\n|rule|Species Clause: Limit one of each Pok\u00e9mon\n|rule|Item Clause: Limit one of each item\n|clearpoke\n|poke|p1|Ting-Lu, L50|\n|poke|p1|Corviknight, L50, F|\n|poke|p1|Wo-Chien, L50|\n|poke|p1|Dragapult, L50, M|\n|poke|p1|Arcanine, L50, F|\n|poke|p1|Rotom-Wash, L50|\n|poke|p2|Orthworm, L50, M|\n|poke|p2|Dragonite, L50, F|\n|poke|p2|Ting-Lu, L50|\n|poke|p2|Gyarados, L50, M|\n|poke|p2|Flutter Mane, L50|\n|poke|p2|Chien-Pao, L50|\n|teampreview|4\n|\n|t:|1682620204\n|start\n|switch|p1a: Arcanine|Arcanine, L50, F|100\/100\n|switch|p1b: Rotom|Rotom-Wash, L50|100\/100\n|switch|p2a: Ting-Lu|Ting-Lu, L50|100\/100\n|switch|p2b: Orthworm|Orthworm, L50, M|100\/100\n|-ability|p1a: Arcanine|Intimidate|boost\n|-unboost|p2a: Ting-Lu|atk|1\n|-unboost|p2b: Orthworm|atk|1\n|-ability|p2a: Ting-Lu|Vessel of Ruin\n|turn|1\n|\n|t:|1682620226\n|move|p1a: Arcanine|Will-O-Wisp|p2a: Ting-Lu\n|-status|p2a: Ting-Lu|brn\n|move|p1b: Rotom|Light Screen|p1b: Rotom\n|-sidestart|p1: entitysardo992|move: Light Screen\n|move|p2a: Ting-Lu|Earthquake|p1b: Rotom|[spread] p1a\n|-immune|p2b: Orthworm|[from] ability: Earth Eater\n|-immune|p1b: Rotom|[from] ability: Levitate\n|-supereffective|p1a: Arcanine\n|-damage|p1a: Arcanine|67\/100\n|move|p2b: Orthworm|Iron Defense|p2b: Orthworm\n|-boost|p2b: Orthworm|def|2\n|\n|-damage|p2a: Ting-Lu|94\/100 brn|[from] brn\n|upkeep\n|turn|2\n|\n|t:|1682620244\n|-terastallize|p2b: Orthworm|Fire\n|move|p1a: Arcanine|Will-O-Wisp|p2b: Orthworm\n|-immune|p2b: Orthworm\n|move|p1b: Rotom|Hydro Pump|p2a: Ting-Lu\n|-supereffective|p2a: Ting-Lu\n|-damage|p2a: Ting-Lu|52\/100 brn\n|move|p2a: Ting-Lu|Earthquake|p1a: Arcanine|[spread] p1a\n|-immune|p2b: Orthworm|[from] ability: Earth Eater\n|-immune|p1b: Rotom|[from] ability: Levitate\n|-supereffective|p1a: Arcanine\n|-damage|p1a: Arcanine|35\/100\n|move|p2b: Orthworm|Iron Defense|p2b: Orthworm\n|-boost|p2b: Orthworm|def|2\n|\n|-damage|p2a: Ting-Lu|46\/100 brn|[from] brn\n|upkeep\n|turn|3\n|\n|t:|1682620268\n|move|p1a: Arcanine|Protect|p1a: Arcanine\n|-singleturn|p1a: Arcanine|Protect\n|move|p1b: Rotom|Hydro Pump|p2a: Ting-Lu\n|-supereffective|p2a: Ting-Lu\n|-damage|p2a: Ting-Lu|1\/100 brn\n|move|p2a: Ting-Lu|Earthquake|p1a: Arcanine|[spread] \n|-activate|p1a: Arcanine|move: Protect\n|-immune|p2b: Orthworm|[from] ability: Earth Eater\n|-immune|p1b: Rotom|[from] ability: Levitate\n|move|p2b: Orthworm|Body Press|p1b: Rotom\n|-damage|p1b: Rotom|25\/100\n|-enditem|p1b: Rotom|Sitrus Berry|[eat]\n|-heal|p1b: Rotom|50\/100|[from] item: Sitrus Berry\n|\n|-damage|p2a: Ting-Lu|0 fnt|[from] brn\n|faint|p2a: Ting-Lu\n|upkeep\n|\n|t:|1682620281\n|switch|p2a: Dragonite|Dragonite, L50, F|100\/100\n|turn|4\n|\n|t:|1682620287\n|move|p2a: Dragonite|Dragon Dance|p2a: Dragonite\n|-boost|p2a: Dragonite|atk|1\n|-boost|p2a: Dragonite|spe|1\n|move|p1a: Arcanine|Will-O-Wisp|p2a: Dragonite\n|-status|p2a: Dragonite|brn\n|-enditem|p2a: Dragonite|Lum Berry|[eat]\n|-curestatus|p2a: Dragonite|brn|[msg]\n|move|p1b: Rotom|Hydro Pump|p2b: Orthworm\n|-supereffective|p2b: Orthworm\n|-damage|p2b: Orthworm|12\/100\n|-enditem|p2b: Orthworm|Sitrus Berry|[eat]\n|-heal|p2b: Orthworm|37\/100|[from] item: Sitrus Berry\n|move|p2b: Orthworm|Body Press|p1b: Rotom\n|-damage|p1b: Rotom|0 fnt\n|faint|p1b: Rotom\n|\n|upkeep\n|\n|t:|1682620308\n|switch|p1b: Wo-Chien|Wo-Chien, L50|100\/100\n|-ability|p1b: Wo-Chien|Tablets of Ruin\n|turn|5\n|\n|t:|1682620321\n|-terastallize|p1b: Wo-Chien|Poison\n|move|p2a: Dragonite|Earthquake|p1b: Wo-Chien|[spread] p1a,p1b\n|-heal|p2b: Orthworm|62\/100|[from] ability: Earth Eater|[of] p2a: Dragonite\n|-supereffective|p1a: Arcanine\n|-supereffective|p1b: Wo-Chien\n|-damage|p1a: Arcanine|0 fnt\n|-damage|p1b: Wo-Chien|50\/100\n|faint|p1a: Arcanine\n|move|p1b: Wo-Chien|Leech Seed|p2b: Orthworm\n|-start|p2b: Orthworm|move: Leech Seed\n|move|p2b: Orthworm|Body Press|p1b: Wo-Chien\n|-resisted|p1b: Wo-Chien\n|-damage|p1b: Wo-Chien|23\/100\n|\n|-heal|p1b: Wo-Chien|30\/100|[from] item: Leftovers\n|-damage|p2b: Orthworm|50\/100|[from] Leech Seed|[of] p1b: Wo-Chien\n|-heal|p1b: Wo-Chien|41\/100|[silent]\n|-sideend|p1: entitysardo992|move: Light Screen\n|upkeep\n|\n|t:|1682620328\n|switch|p1a: Dragapult|Dragapult, L50, M|100\/100\n|turn|6\n|\n|t:|1682620347\n|move|p2a: Dragonite|Earthquake|p1b: Wo-Chien|[spread] p1a,p1b\n|-heal|p2b: Orthworm|75\/100|[from] ability: Earth Eater|[of] p2a: Dragonite\n|-supereffective|p1b: Wo-Chien\n|-damage|p1a: Dragapult|64\/100\n|-damage|p1b: Wo-Chien|0 fnt\n|faint|p1b: Wo-Chien\n|move|p1a: Dragapult|Phantom Force||[still]\n|-prepare|p1a: Dragapult|Phantom Force\n|move|p2b: Orthworm|Shed Tail|p2b: Orthworm\n|-start|p2b: Orthworm|Substitute|[from] move: Shed Tail\n|-damage|p2b: Orthworm|25\/100\n|-message|entitysardo992 forfeited.\n|\n|win|Post GC2 testing\n|raw|entitysardo992's rating: 1342 → 1322<\/strong> (-20 for losing)\n|raw|Post GC2 testing's rating: 1339 → 1359<\/strong> (+20 for winning)\n|l|\u2606entitysardo992\n","uploadtime":1682620367,"views":5,"p1id":"entitysardo992","p2id":"postgc2testing","formatid":"gen9vgc2023regulationc","rating":1322,"private":0,"password":""}