{"id":"gen9vgc2023regulationc-1846352502","p1":"Mukked It Up","p2":"fo50","format":"[Gen 9] VGC 2023 Regulation C","log":"|j|\u2606Mukked It Up\n|j|\u2606fo50\n|t:|1681833974\n|gametype|doubles\n|player|p1|Mukked It Up|dawn|1144\n|player|p2|fo50|102|1061\n|teamsize|p1|6\n|teamsize|p2|6\n|gen|9\n|tier|[Gen 9] VGC 2023 Regulation C\n|rated|\n|rule|Species Clause: Limit one of each Pok\u00e9mon\n|rule|Item Clause: Limit one of each item\n|clearpoke\n|poke|p1|Gastrodon, L50, M|\n|poke|p1|Scizor, L50, F|\n|poke|p1|Vaporeon, L50, M|\n|poke|p1|Farigiraf, L50, F|\n|poke|p1|Hydreigon, L50, M|\n|poke|p1|Iron Hands, L50|\n|poke|p2|Scovillain, L50, M|\n|poke|p2|Dragonite, L50, M|\n|poke|p2|Tinkaton, L50, F|\n|poke|p2|Garchomp, L50, F|\n|poke|p2|Torkoal, L50, F|\n|poke|p2|Scizor, L50, M|\n|teampreview|4\n|inactive|Battle timer is ON: inactive players will automatically lose when time's up. (requested by fo50)\n|\n|t:|1681834031\n|start\n|switch|p1a: Scizor|Scizor, L50, F|100\/100\n|switch|p1b: Farigiraf|Farigiraf, L50, F|100\/100\n|switch|p2a: Scovillain|Scovillain, L50, M|100\/100\n|switch|p2b: Tinkaton|Tinkaton, L50, F|100\/100\n|turn|1\n|inactive|fo50 has 30 seconds left.\n|\n|t:|1681834059\n|switch|p2b: Torkoal|Torkoal, L50, F|100\/100\n|-weather|SunnyDay|[from] ability: Drought|[of] p2b: Torkoal\n|move|p1a: Scizor|Protect|p1a: Scizor\n|-singleturn|p1a: Scizor|Protect\n|move|p2a: Scovillain|Flamethrower|p1a: Scizor\n|-activate|p1a: Scizor|move: Protect\n|move|p1b: Farigiraf|Rain Dance|p1b: Farigiraf\n|-weather|RainDance\n|\n|-weather|RainDance|[upkeep]\n|upkeep\n|turn|2\n|inactive|Mukked It Up has 30 seconds left.\n|inactive|fo50 has 30 seconds left.\n|\n|t:|1681834086\n|switch|p1b: Hydreigon|Hydreigon, L50, M|100\/100\n|switch|p2b: Garchomp|Garchomp, L50, F|100\/100\n|-terastallize|p1a: Scizor|Fire\n|move|p2a: Scovillain|Protect|p2a: Scovillain\n|-singleturn|p2a: Scovillain|Protect\n|move|p1a: Scizor|Aerial Ace|p2a: Scovillain\n|-activate|p2a: Scovillain|move: Protect\n|\n|-weather|RainDance|[upkeep]\n|upkeep\n|turn|3\n|inactive|fo50 has 30 seconds left.\n|\n|t:|1681834118\n|switch|p2a: Tinkaton|Tinkaton, L50, F|100\/100\n|switch|p1a: Farigiraf|Farigiraf, L50, F|100\/100\n|move|p1b: Hydreigon|Protect|p1b: Hydreigon\n|-singleturn|p1b: Hydreigon|Protect\n|move|p2b: Garchomp|Dragon Claw|p1b: Hydreigon\n|-activate|p1b: Hydreigon|move: Protect\n|\n|-weather|RainDance|[upkeep]\n|upkeep\n|turn|4\n|\n|t:|1681834142\n|switch|p1b: Scizor|Scizor, L50, F, tera:Fire|100\/100\n|move|p2b: Garchomp|Dragon Claw|p1a: Farigiraf\n|-damage|p1a: Farigiraf|58\/100\n|move|p2a: Tinkaton|Knock Off|p1a: Farigiraf\n|-supereffective|p1a: Farigiraf\n|-damage|p1a: Farigiraf|24\/100\n|-enditem|p1a: Farigiraf|Covert Cloak|[from] move: Knock Off|[of] p2a: Tinkaton\n|move|p1a: Farigiraf|Dazzling Gleam|p2a: Tinkaton|[spread] p2a,p2b\n|-resisted|p2a: Tinkaton\n|-supereffective|p2b: Garchomp\n|-damage|p2a: Tinkaton|95\/100\n|-damage|p2b: Garchomp|64\/100\n|-enditem|p2b: Garchomp|Weakness Policy\n|-boost|p2b: Garchomp|atk|2|[from] item: Weakness Policy\n|-boost|p2b: Garchomp|spa|2|[from] item: Weakness Policy\n|\n|-weather|RainDance|[upkeep]\n|-heal|p2a: Tinkaton|100\/100|[from] item: Leftovers\n|upkeep\n|turn|5\n|inactive|Mukked It Up has 30 seconds left.\n|inactive|Mukked It Up has 20 seconds left.\n|inactive|Mukked It Up has 15 seconds left.\n|inactive|Mukked It Up has 10 seconds left.\n|inactive|Mukked It Up has 5 seconds left.\n|\n|t:|1681834193\n|switch|p1a: Vaporeon|Vaporeon, L50, M|100\/100\n|move|p2a: Tinkaton|Protect|p2a: Tinkaton\n|-singleturn|p2a: Tinkaton|Protect\n|move|p1b: Scizor|Bullet Punch|p2b: Garchomp\n|-damage|p2b: Garchomp|29\/100\n|-damage|p1b: Scizor|88\/100|[from] ability: Rough Skin|[of] p2b: Garchomp\n|move|p2b: Garchomp|Earthquake|p1b: Scizor|[spread] p1a,p1b\n|-activate|p2a: Tinkaton|move: Protect\n|-supereffective|p1b: Scizor\n|-crit|p1b: Scizor\n|-damage|p1a: Vaporeon|31\/100\n|-damage|p1b: Scizor|0 fnt\n|faint|p1b: Scizor\n|\n|-weather|none\n|-heal|p1a: Vaporeon|37\/100|[from] item: Leftovers\n|upkeep\n|\n|t:|1681834210\n|switch|p1b: Hydreigon|Hydreigon, L50, M|100\/100\n|turn|6\n|\n|t:|1681834227\n|move|p1b: Hydreigon|Protect|p1b: Hydreigon\n|-singleturn|p1b: Hydreigon|Protect\n|move|p2b: Garchomp|Thunder Fang|p1a: Vaporeon\n|-supereffective|p1a: Vaporeon\n|-damage|p1a: Vaporeon|0 fnt\n|faint|p1a: Vaporeon\n|move|p2a: Tinkaton|Gigaton Hammer|p1b: Hydreigon\n|-activate|p1b: Hydreigon|move: Protect\n|\n|upkeep\n|-message|Mukked It Up forfeited.\n|\n|win|fo50\n|raw|Mukked It Up's rating: 1144 → 1113<\/strong> (-31 for losing)\n|raw|fo50's rating: 1061 → 1099<\/strong> (+38 for winning)\n|l|\u2606Mukked It Up\n","uploadtime":1681834239,"views":14,"p1id":"mukkeditup","p2id":"fo50","formatid":"gen9vgc2023regulationc","rating":1099,"private":0,"password":""}