{"id":"gen9vgc2023regulationc-1858728920","p1":"StupidFlandrs48","p2":"Limauru","format":"[Gen 9] VGC 2023 Regulation C","log":"|j|\u2606StupidFlandrs48\n|j|\u2606Limauru\n|t:|1683349463\n|gametype|doubles\n|player|p1|StupidFlandrs48|101|1096\n|player|p2|Limauru|iris-gen5bw2|1013\n|teamsize|p1|6\n|teamsize|p2|6\n|gen|9\n|tier|[Gen 9] VGC 2023 Regulation C\n|rated|\n|rule|Species Clause: Limit one of each Pok\u00e9mon\n|rule|Item Clause: Limit one of each item\n|clearpoke\n|poke|p1|Abomasnow, L50, M|\n|poke|p1|Crabominable, L50, F|\n|poke|p1|Gothitelle, L50, F|\n|poke|p1|Toedscruel, L50, M|\n|poke|p1|Gholdengo, L50|\n|poke|p1|Rotom-Wash, L50|\n|poke|p2|Torkoal, L50, F|\n|poke|p2|Lilligant, L50, F|\n|poke|p2|Glaceon, L50, F|\n|poke|p2|Scovillain, L50, M|\n|poke|p2|Brute Bonnet, L50|\n|poke|p2|Crocalor, L50, F|\n|teampreview|4\n|inactive|Battle timer is ON: inactive players will automatically lose when time's up. (requested by Limauru)\nLimauru rejected open team sheets.\n|c|\u2606StupidFlandrs48|5 deadly, top-tier mons\n|inactive|StupidFlandrs48 has 60 seconds left.\n|c|\u2606StupidFlandrs48|And a funni sombrero croc\n|c|\u2606Limauru|he's doing the salsa\n|\n|t:|1683349524\n|start\n|switch|p1a: Wobbuffet at Home|Gothitelle, L50, F, shiny|100\/100\n|switch|p1b: Money Laundry|Rotom-Wash, L50|100\/100\n|switch|p2a: Torkoal|Torkoal, L50, F|100\/100\n|switch|p2b: Crocalor|Crocalor, L50, F|100\/100\n|-weather|SunnyDay|[from] ability: Drought|[of] p2a: Torkoal\n|turn|1\n|\n|t:|1683349547\n|-terastallize|p2b: Crocalor|Grass\n|move|p2a: Torkoal|Protect|p2a: Torkoal\n|-singleturn|p2a: Torkoal|Protect\n|move|p1a: Wobbuffet at Home|Fake Out|p2a: Torkoal\n|-activate|p2a: Torkoal|move: Protect\n|move|p1b: Money Laundry|Hydro Pump|p2a: Torkoal\n|-activate|p2a: Torkoal|move: Protect\n|move|p2b: Crocalor|Snarl|p1a: Wobbuffet at Home|[spread] p1a,p1b\n|-supereffective|p1a: Wobbuffet at Home\n|-damage|p1a: Wobbuffet at Home|79\/100\n|-damage|p1b: Money Laundry|87\/100\n|-unboost|p1a: Wobbuffet at Home|spa|1\n|-unboost|p1b: Money Laundry|spa|1\n|\n|-weather|SunnyDay|[upkeep]\n|upkeep\n|turn|2\n|inactive|StupidFlandrs48 has 30 seconds left.\n|inactive|Limauru has 30 seconds left.\n|inactive|StupidFlandrs48 has 20 seconds left.\n|inactive|StupidFlandrs48 has 15 seconds left.\n|inactive|StupidFlandrs48 has 10 seconds left.\n|inactive|StupidFlandrs48 has 5 seconds left.\n|\n|t:|1683349600\n|switch|p1a: Aboma BLAST|Abomasnow, L50, M, shiny|100\/100\n|-weather|Snow|[from] ability: Snow Warning|[of] p1a: Aboma BLAST\n|move|p1b: Money Laundry|Volt Switch|p2a: Torkoal\n|-damage|p2a: Torkoal|81\/100\n|\n|t:|1683349617\n|switch|p1b: Wobbuffet at Home|Gothitelle, L50, F, shiny|79\/100|[from] Volt Switch\n|move|p2b: Crocalor|Heat Wave|p1b: Wobbuffet at Home|[spread] p1a,p1b\n|-supereffective|p1a: Aboma BLAST\n|-enditem|p1a: Aboma BLAST|Occa Berry|[eat]\n|-enditem|p1a: Aboma BLAST|Occa Berry|[weaken]\n|-damage|p1a: Aboma BLAST|42\/100\n|-damage|p1b: Wobbuffet at Home|53\/100\n|-status|p1a: Aboma BLAST|brn\n|move|p2a: Torkoal|Flamethrower|p1a: Aboma BLAST\n|-supereffective|p1a: Aboma BLAST\n|-damage|p1a: Aboma BLAST|0 fnt\n|faint|p1a: Aboma BLAST\n|\n|-weather|Snow|[upkeep]\n|upkeep\n|\n|t:|1683349637\n|switch|p1a: Michelle Aboma|Crabominable, L50, F|100\/100\n|turn|3\n|inactive|StupidFlandrs48 has 30 seconds left.\n|\n|t:|1683349665\n|-terastallize|p1a: Michelle Aboma|Electric\n|move|p2b: Crocalor|Protect|p2b: Crocalor\n|-singleturn|p2b: Crocalor|Protect\n|move|p1a: Michelle Aboma|Earthquake|p2b: Crocalor|[spread] p1b,p2a\n|-activate|p2b: Crocalor|move: Protect\n|-supereffective|p2a: Torkoal\n|-damage|p1b: Wobbuffet at Home|29\/100\n|-damage|p2a: Torkoal|36\/100\n|move|p2a: Torkoal|Flamethrower|p1a: Michelle Aboma\n|-damage|p1a: Michelle Aboma|76\/100\n|-status|p1a: Michelle Aboma|brn\n|move|p1b: Wobbuffet at Home|Trick Room|p1b: Wobbuffet at Home\n|-fieldstart|move: Trick Room|[of] p1b: Wobbuffet at Home\n|\n|-weather|Snow|[upkeep]\n|-damage|p1a: Michelle Aboma|71\/100 brn|[from] brn\n|upkeep\n|turn|4\n|inactive|StupidFlandrs48 has 30 seconds left.\n|\n|t:|1683349697\n|move|p2a: Torkoal|Earth Power|p1a: Michelle Aboma\n|-supereffective|p1a: Michelle Aboma\n|-damage|p1a: Michelle Aboma|39\/100 brn\n|move|p1a: Michelle Aboma|Ice Hammer|p2b: Crocalor\n|-supereffective|p2b: Crocalor\n|-damage|p2b: Crocalor|37\/100\n|-unboost|p1a: Michelle Aboma|spe|1\n|move|p1b: Wobbuffet at Home|Heal Pulse|p1a: Michelle Aboma\n|-heal|p1a: Michelle Aboma|89\/100 brn\n|move|p2b: Crocalor|Heat Wave|p1a: Michelle Aboma|[spread] p1a,p1b\n|-damage|p1a: Michelle Aboma|63\/100 brn\n|-damage|p1b: Wobbuffet at Home|2\/100\n|-enditem|p1b: Wobbuffet at Home|Iapapa Berry|[eat]\n|-heal|p1b: Wobbuffet at Home|35\/100|[from] item: Iapapa Berry\n|\n|-weather|Snow|[upkeep]\n|-damage|p1a: Michelle Aboma|57\/100 brn|[from] brn\n|upkeep\n|turn|5\n|\n|t:|1683349719\n|move|p2b: Crocalor|Protect|p2b: Crocalor\n|-singleturn|p2b: Crocalor|Protect\n|move|p1a: Michelle Aboma|Earthquake|p2a: Torkoal|[spread] p1b,p2a\n|-activate|p2b: Crocalor|move: Protect\n|-supereffective|p2a: Torkoal\n|-damage|p1b: Wobbuffet at Home|22\/100\n|-damage|p2a: Torkoal|12\/100\n|move|p2a: Torkoal|Earth Power|p1a: Michelle Aboma\n|-supereffective|p1a: Michelle Aboma\n|-damage|p1a: Michelle Aboma|24\/100 brn\n|move|p1b: Wobbuffet at Home|Focus Blast|p2b: Crocalor\n|-activate|p2b: Crocalor|move: Protect\n|\n|-weather|Snow|[upkeep]\n|-damage|p1a: Michelle Aboma|18\/100 brn|[from] brn\n|upkeep\n|turn|6\n|inactive|Limauru has 30 seconds left.\n|\n|t:|1683349745\n|move|p2a: Torkoal|Protect|p2a: Torkoal\n|-singleturn|p2a: Torkoal|Protect\n|move|p1a: Michelle Aboma|Ice Hammer|p2b: Crocalor\n|-supereffective|p2b: Crocalor\n|-crit|p2b: Crocalor\n|-damage|p2b: Crocalor|0 fnt\n|-unboost|p1a: Michelle Aboma|spe|1\n|faint|p2b: Crocalor\n|move|p1b: Wobbuffet at Home|Heal Pulse|p2a: Torkoal\n|-activate|p2a: Torkoal|move: Protect\n|\n|-weather|none\n|-damage|p1a: Michelle Aboma|12\/100 brn|[from] brn\n|upkeep\n|\n|t:|1683349760\n|switch|p2b: Scovillain|Scovillain, L50, M|100\/100\n|turn|7\n|\n|t:|1683349775\n|move|p1a: Michelle Aboma|Thunder Punch|p2a: Torkoal\n|-damage|p2a: Torkoal|0 fnt\n|faint|p2a: Torkoal\n|move|p1b: Wobbuffet at Home|Heal Pulse|p1a: Michelle Aboma\n|-heal|p1a: Michelle Aboma|62\/100 brn\n|move|p2b: Scovillain|Flamethrower|p1b: Wobbuffet at Home\n|-damage|p1b: Wobbuffet at Home|0 fnt\n|faint|p1b: Wobbuffet at Home\n|\n|-damage|p1a: Michelle Aboma|56\/100 brn|[from] brn\n|-fieldend|move: Trick Room\n|upkeep\n|\n|t:|1683349785\n|switch|p1b: Money Laundry|Rotom-Wash, L50|87\/100\n|switch|p2a: Lilligant|Lilligant, L50, F|100\/100\n|turn|8\n|inactive|Limauru has 30 seconds left.\n|\n|t:|1683349813\n|move|p1b: Money Laundry|Protect|p1b: Money Laundry\n|-singleturn|p1b: Money Laundry|Protect\n|move|p2a: Lilligant|Leaf Storm|p1b: Money Laundry\n|-activate|p1b: Money Laundry|move: Protect\n|move|p2b: Scovillain|Grass Knot|p1a: Michelle Aboma\n|-damage|p1a: Michelle Aboma|25\/100 brn\n|move|p1a: Michelle Aboma|Ice Hammer|p2a: Lilligant\n|-supereffective|p2a: Lilligant\n|-damage|p2a: Lilligant|17\/100\n|-unboost|p1a: Michelle Aboma|spe|1\n|\n|-damage|p1a: Michelle Aboma|19\/100 brn|[from] brn\n|upkeep\n|turn|9\n|inactive|StupidFlandrs48 has 30 seconds left.\n|\n|t:|1683349843\n|move|p2a: Lilligant|Leaf Storm|p1a: Michelle Aboma\n|-damage|p1a: Michelle Aboma|0 fnt\n|-unboost|p2a: Lilligant|spa|2\n|faint|p1a: Michelle Aboma\n|move|p1b: Money Laundry|Hydro Pump|p2a: Lilligant\n|-resisted|p2a: Lilligant\n|-damage|p2a: Lilligant|0 fnt\n|faint|p2a: Lilligant\n|move|p2b: Scovillain|Energy Ball|p1b: Money Laundry\n|-supereffective|p1b: Money Laundry\n|-damage|p1b: Money Laundry|18\/100\n|-enditem|p1b: Money Laundry|Sitrus Berry|[eat]\n|-heal|p1b: Money Laundry|43\/100|[from] item: Sitrus Berry\n|\n|upkeep\n|turn|10\n|\n|t:|1683349862\n|move|p1b: Money Laundry|Protect|p1b: Money Laundry\n|-singleturn|p1b: Money Laundry|Protect\n|move|p2b: Scovillain|Energy Ball|p1b: Money Laundry\n|-activate|p1b: Money Laundry|move: Protect\n|\n|upkeep\n|turn|11\n|\n|t:|1683349871\n|move|p1b: Money Laundry|Hydro Pump|p2b: Scovillain\n|-damage|p2b: Scovillain|55\/100\n|move|p2b: Scovillain|Energy Ball|p1b: Money Laundry\n|-supereffective|p1b: Money Laundry\n|-damage|p1b: Money Laundry|0 fnt\n|faint|p1b: Money Laundry\n|\n|win|Limauru\n|raw|StupidFlandrs48's rating: 1096 → 1066<\/strong> (-30 for losing)\n|raw|Limauru's rating: 1013 → 1060<\/strong> (+47 for winning)\n|c|\u2606StupidFlandrs48|gg\n|c|\u2606Limauru|gg\n","uploadtime":1683349881,"views":9,"p1id":"stupidflandrs48","p2id":"limauru","formatid":"gen9vgc2023regulationc","rating":1060,"private":0,"password":""}