{"id":"gen9vgc2023regulationc-1847106876","p1":"ultramandyna","p2":"Stabbington III","format":"[Gen 9] VGC 2023 Regulation C","log":"|j|\u2606ultramandyna\n|j|\u2606Stabbington III\n|t:|1681919604\n|gametype|doubles\n|player|p1|ultramandyna|169|1078\n|player|p2|Stabbington III|102|1131\n|teamsize|p1|6\n|teamsize|p2|6\n|gen|9\n|tier|[Gen 9] VGC 2023 Regulation C\n|rated|\n|rule|Species Clause: Limit one of each Pok\u00e9mon\n|rule|Item Clause: Limit one of each item\n|clearpoke\n|poke|p1|Amoonguss, L50, M|\n|poke|p1|Gholdengo, L50|\n|poke|p1|Kingambit, L50, M|\n|poke|p1|Ting-Lu, L50|\n|poke|p1|Palafin, L50, M|\n|poke|p1|Skeledirge, L50, M|\n|poke|p2|Kingambit, L50, F|\n|poke|p2|Ting-Lu, L50|\n|poke|p2|Flutter Mane, L50|\n|poke|p2|Palafin, L50, M|\n|poke|p2|Arcanine, L50, F|\n|poke|p2|Amoonguss, L50, F|\n|teampreview|4\n|inactive|Battle timer is ON: inactive players will automatically lose when time's up. (requested by Stabbington III)\n|inactive|Stabbington III has 60 seconds left.\n|\n|t:|1681919658\n|start\n|switch|p1a: Palafin|Palafin, L50, M|100\/100\n|switch|p1b: Skeledirge|Skeledirge, L50, M|100\/100\n|switch|p2a: Sus|Amoonguss, L50, F|100\/100\n|switch|p2b: Carp Kent|Palafin, L50, M|100\/100\n|turn|1\n|inactive|Stabbington III has 30 seconds left.\n|\n|t:|1681919691\n|detailschange|p1a: Palafin|Palafin-Hero, L50, M\n|switch|p1a: Kingambit|Kingambit, L50, M|100\/100\n|-terastallize|p2b: Carp Kent|Water\n|-terastallize|p1b: Skeledirge|Water\n|move|p2a: Sus|Protect|p2a: Sus\n|-singleturn|p2a: Sus|Protect\n|move|p2b: Carp Kent|Wave Crash|p1b: Skeledirge\n|-resisted|p1b: Skeledirge\n|-crit|p1b: Skeledirge\n|-damage|p1b: Skeledirge|52\/100\n|-damage|p2b: Carp Kent|86\/100|[from] Recoil\n|move|p1b: Skeledirge|Will-O-Wisp|p2b: Carp Kent\n|-status|p2b: Carp Kent|brn\n|\n|-damage|p2b: Carp Kent|80\/100 brn|[from] brn\n|upkeep\n|turn|2\n|inactive|Stabbington III has 30 seconds left.\n|\n|t:|1681919716\n|detailschange|p2b: Carp Kent|Palafin-Hero, L50, M, tera:Water\n|switch|p2b: Bucket Head|Ting-Lu, L50|100\/100\n|-ability|p2b: Bucket Head|Vessel of Ruin\n|move|p1b: Skeledirge|Torch Song|p2a: Sus\n|-supereffective|p2a: Sus\n|-crit|p2a: Sus\n|-damage|p2a: Sus|26\/100\n|-boost|p1b: Skeledirge|spa|1\n|-enditem|p2a: Sus|Sitrus Berry|[eat]\n|-heal|p2a: Sus|50\/100|[from] item: Sitrus Berry\n|move|p1a: Kingambit|Kowtow Cleave|p2b: Bucket Head\n|-resisted|p2b: Bucket Head\n|-damage|p2b: Bucket Head|86\/100\n|move|p2a: Sus|Spore|p1a: Kingambit\n|-status|p1a: Kingambit|slp|[from] move: Spore\n|\n|upkeep\n|turn|3\n|\n|t:|1681919740\n|switch|p1a: Palafin|Palafin-Hero, L50, M|100\/100\n|-activate|p1a: Palafin|ability: Zero to Hero\n|move|p1b: Skeledirge|Protect|p1b: Skeledirge\n|-singleturn|p1b: Skeledirge|Protect\n|move|p2a: Sus|Protect|p2a: Sus\n|-singleturn|p2a: Sus|Protect\n|move|p2b: Bucket Head|Earthquake|p1b: Skeledirge|[spread] p1a\n|-activate|p2a: Sus|move: Protect\n|-activate|p1b: Skeledirge|move: Protect\n|-damage|p1a: Palafin|63\/100\n|\n|upkeep\n|turn|4\n|inactive|Stabbington III has 30 seconds left.\n|\n|t:|1681919772\n|switch|p2a: Iroh|Arcanine, L50, F|100\/100\n|-ability|p2a: Iroh|Intimidate|boost\n|-unboost|p1a: Palafin|atk|1\n|-unboost|p1b: Skeledirge|atk|1\n|move|p1a: Palafin|Wave Crash|p2b: Bucket Head\n|-supereffective|p2b: Bucket Head\n|-damage|p2b: Bucket Head|6\/100\n|-damage|p1a: Palafin|30\/100|[from] Recoil\n|move|p1b: Skeledirge|Torch Song|p2a: Iroh\n|-resisted|p2a: Iroh\n|-damage|p2a: Iroh|78\/100\n|-boost|p1b: Skeledirge|spa|1\n|move|p2b: Bucket Head|Stomping Tantrum|p1a: Palafin\n|-damage|p1a: Palafin|0 fnt\n|faint|p1a: Palafin\n|\n|upkeep\n|\n|t:|1681919791\n|switch|p1a: Ting-Lu|Ting-Lu, L50|100\/100\n|-ability|p1a: Ting-Lu|Vessel of Ruin\n|turn|5\n|\n|t:|1681919802\n|move|p1b: Skeledirge|Protect|p1b: Skeledirge\n|-singleturn|p1b: Skeledirge|Protect\n|move|p2a: Iroh|Will-O-Wisp|p1a: Ting-Lu\n|-status|p1a: Ting-Lu|brn\n|move|p2b: Bucket Head|Stomping Tantrum|p1b: Skeledirge\n|-activate|p1b: Skeledirge|move: Protect\n|move|p1a: Ting-Lu|Earthquake|p2a: Iroh|[spread] p2a,p2b\n|-activate|p1b: Skeledirge|move: Protect\n|-supereffective|p2a: Iroh\n|-damage|p2a: Iroh|51\/100\n|-damage|p2b: Bucket Head|0 fnt\n|faint|p2b: Bucket Head\n|\n|-damage|p1a: Ting-Lu|94\/100 brn|[from] brn\n|upkeep\n|inactive|Stabbington III has 30 seconds left.\n|inactive|Stabbington III has 20 seconds left.\n|\n|t:|1681919840\n|switch|p2b: Carp Kent|Palafin-Hero, L50, M, tera:Water|80\/100 brn\n|-activate|p2b: Carp Kent|ability: Zero to Hero\n|turn|6\n|inactive|ultramandyna has 30 seconds left.\n|\n|t:|1681919868\n|switch|p2a: Sus|Amoonguss, L50, F|84\/100\n|switch|p1a: Kingambit|Kingambit, L50, M|100\/100 slp\n|move|p2b: Carp Kent|Haze|p2b: Carp Kent\n|-clearallboost\n|move|p1b: Skeledirge|Earth Power|p2a: Sus\n|-damage|p2a: Sus|61\/100\n|\n|-damage|p2b: Carp Kent|74\/100 brn|[from] brn\n|upkeep\n|turn|7\n|\n|t:|1681919891\n|move|p2b: Carp Kent|Wave Crash|p1a: Kingambit\n|-damage|p1a: Kingambit|49\/100 slp\n|-damage|p2b: Carp Kent|58\/100 brn|[from] item: Rocky Helmet|[of] p1a: Kingambit\n|-damage|p2b: Carp Kent|42\/100 brn|[from] Recoil\n|move|p1b: Skeledirge|Torch Song|p2a: Sus\n|-supereffective|p2a: Sus\n|-damage|p2a: Sus|0 fnt\n|-boost|p1b: Skeledirge|spa|1\n|faint|p2a: Sus\n|cant|p1a: Kingambit|slp\n|\n|-damage|p2b: Carp Kent|36\/100 brn|[from] brn\n|upkeep\n|\n|t:|1681919903\n|switch|p2a: Iroh|Arcanine, L50, F|51\/100\n|-ability|p2a: Iroh|Intimidate|boost\n|-unboost|p1a: Kingambit|atk|1\n|-ability|p1a: Kingambit|Defiant|boost\n|-boost|p1a: Kingambit|atk|2\n|-unboost|p1b: Skeledirge|atk|1\n|turn|8\n|\n|t:|1681919917\n|move|p2a: Iroh|Extreme Speed|p1b: Skeledirge\n|-damage|p1b: Skeledirge|30\/100\n|move|p2b: Carp Kent|Wave Crash|p1a: Kingambit\n|-damage|p1a: Kingambit|0 fnt\n|-damage|p2b: Carp Kent|19\/100 brn|[from] item: Rocky Helmet|[of] p1a: Kingambit\n|faint|p1a: Kingambit\n|-damage|p2b: Carp Kent|4\/100 brn|[from] Recoil\n|move|p1b: Skeledirge|Earth Power|p2a: Iroh\n|-supereffective|p2a: Iroh\n|-damage|p2a: Iroh|0 fnt\n|faint|p2a: Iroh\n|\n|-damage|p2b: Carp Kent|0 fnt|[from] brn\n|faint|p2b: Carp Kent\n|\n|win|ultramandyna\n|upkeep\n|raw|ultramandyna's rating: 1078 → 1111<\/strong> (+33 for winning)\n|raw|Stabbington III's rating: 1131 → 1102<\/strong> (-29 for losing)\n|l|\u2606Stabbington III\n","uploadtime":1681919937,"views":8,"p1id":"ultramandyna","p2id":"stabbingtoniii","formatid":"gen9vgc2023regulationc","rating":1102,"private":0,"password":""}