{"id":"gen9vgc2023regulationc-1858778653","p1":"80u844z","p2":"niftynifty","format":"[Gen 9] VGC 2023 Regulation C","log":"|j|\u260680u844z\n|j|\u2606niftynifty\n|t:|1683359312\n|gametype|doubles\n|player|p1|80u844z|bruno|1166\n|player|p2|niftynifty|janitor|1114\n|teamsize|p1|6\n|teamsize|p2|6\n|gen|9\n|tier|[Gen 9] VGC 2023 Regulation C\n|rated|\n|rule|Species Clause: Limit one of each Pok\u00e9mon\n|rule|Item Clause: Limit one of each item\n|clearpoke\n|poke|p1|Hawlucha, L50, M|\n|poke|p1|Grimmsnarl, L50, M|\n|poke|p1|Annihilape, L50, F|\n|poke|p1|Maushold-Four, L50|\n|poke|p1|Tinkaton, L50, F|\n|poke|p1|Amoonguss, L50, M|\n|poke|p2|Torkoal, L50, M|\n|poke|p2|Jumpluff, L50, F|\n|poke|p2|Flutter Mane, L50|\n|poke|p2|Great Tusk, L50|\n|poke|p2|Chien-Pao, L50|\n|poke|p2|Kingambit, L50, M|\n|teampreview|4\n|inactive|Battle timer is ON: inactive players will automatically lose when time's up. (requested by 80u844z)\n|\n|t:|1683359336\n|start\n|switch|p1a: Grimmsnarl|Grimmsnarl, L50, M|100\/100\n|switch|p1b: Tinkaton|Tinkaton, L50, F|100\/100\n|switch|p2a: Jumpluff|Jumpluff, L50, F|100\/100\n|switch|p2b: Torkoal|Torkoal, L50, M|100\/100\n|-weather|SunnyDay|[from] ability: Drought|[of] p2b: Torkoal\n|turn|1\n|inactive|80u844z has 30 seconds left.\n|inactive|niftynifty has 30 seconds left.\n|inactive|niftynifty has 20 seconds left.\n|inactive|niftynifty has 15 seconds left.\n|inactive|niftynifty has 10 seconds left.\n|\n|t:|1683359384\n|move|p1a: Grimmsnarl|Fake Out|p2a: Jumpluff\n|-damage|p2a: Jumpluff|88\/100\n|move|p2a: Jumpluff|Sleep Powder|p1a: Grimmsnarl|[miss]\n|-miss|p2a: Jumpluff|p1a: Grimmsnarl\n|move|p1b: Tinkaton|Brick Break|p2b: Torkoal\n|-damage|p2b: Torkoal|81\/100\n|-damage|p1b: Tinkaton|91\/100|[from] item: Life Orb\n|move|p2b: Torkoal|Overheat|p1b: Tinkaton\n|-supereffective|p1b: Tinkaton\n|-damage|p1b: Tinkaton|0 fnt\n|-unboost|p2b: Torkoal|spa|2\n|-enditem|p2b: Torkoal|Eject Pack\n|faint|p1b: Tinkaton\n|\n|t:|1683359406\n|switch|p2b: Flutter Mane|Flutter Mane, L50|100\/100\n|-activate|p2b: Flutter Mane|ability: Protosynthesis\n|-start|p2b: Flutter Mane|protosynthesisspe\n|\n|-weather|SunnyDay|[upkeep]\n|upkeep\n|\n|t:|1683359410\n|switch|p1b: Hawlucha|Hawlucha, L50, M|100\/100\n|turn|2\n|\n|t:|1683359430\n|move|p1a: Grimmsnarl|Swagger|p2a: Jumpluff\n|-boost|p2a: Jumpluff|atk|2\n|-enditem|p1b: Hawlucha|Mirror Herb\n|-boost|p1b: Hawlucha|atk|2|[from] item: Mirror Herb\n|-start|p2a: Jumpluff|confusion\n|move|p1b: Hawlucha|Acrobatics|p2b: Flutter Mane\n|-damage|p2b: Flutter Mane|0 fnt\n|faint|p2b: Flutter Mane\n|-end|p2b: Flutter Mane|Protosynthesis|[silent]\n|-activate|p2a: Jumpluff|confusion\n|-damage|p2a: Jumpluff|78\/100|[from] confusion\n|\n|-weather|SunnyDay|[upkeep]\n|upkeep\n|\n|t:|1683359446\n|switch|p2b: Great Tusk|Great Tusk, L50|100\/100\n|-activate|p2b: Great Tusk|ability: Protosynthesis\n|-start|p2b: Great Tusk|protosynthesisatk\n|turn|3\n|c|\u2606niftynifty|how did that outspeed\n|inactive|niftynifty has 30 seconds left.\n|inactive|niftynifty has 20 seconds left.\n|inactive|niftynifty has 15 seconds left.\n|inactive|niftynifty has 10 seconds left.\n|\n|t:|1683359491\n|-terastallize|p2a: Jumpluff|Water\n|-activate|p2a: Jumpluff|confusion\n|-damage|p2a: Jumpluff|68\/100|[from] confusion\n|move|p1b: Hawlucha|Acrobatics|p2b: Great Tusk\n|-supereffective|p2b: Great Tusk\n|-damage|p2b: Great Tusk|0 fnt\n|faint|p2b: Great Tusk\n|-end|p2b: Great Tusk|Protosynthesis|[silent]\n|move|p1a: Grimmsnarl|Foul Play|p2a: Jumpluff\n|-damage|p2a: Jumpluff|31\/100\n|\n|-weather|SunnyDay|[upkeep]\n|upkeep\n|\n|t:|1683359501\n|switch|p2b: Torkoal|Torkoal, L50, M|81\/100\n|turn|4\n|c|\u2606niftynifty|gg wp im confused lol\n|\n|t:|1683359518\n|move|p2b: Torkoal|Helping Hand|p2a: Jumpluff\n|-singleturn|p2a: Jumpluff|Helping Hand|[of] p2b: Torkoal\n|move|p1b: Hawlucha|Acrobatics|p2b: Torkoal\n|-damage|p2b: Torkoal|5\/100\n|-activate|p2a: Jumpluff|confusion\n|move|p2a: Jumpluff|Leaf Storm|p1a: Grimmsnarl\n|-damage|p1a: Grimmsnarl|69\/100\n|-unboost|p2a: Jumpluff|spa|2\n|move|p1a: Grimmsnarl|Foul Play|p2a: Jumpluff\n|-damage|p2a: Jumpluff|0 fnt\n|faint|p2a: Jumpluff\n|\n|-weather|SunnyDay|[upkeep]\n|upkeep\n|turn|5\n|\n|t:|1683359538\n|move|p1b: Hawlucha|Drain Punch|p2b: Torkoal\n|-damage|p2b: Torkoal|0 fnt\n|faint|p2b: Torkoal\n|\n|win|80u844z\n|raw|80u844z's rating: 1166 → 1187<\/strong> (+21 for winning)\n|raw|niftynifty's rating: 1114 → 1093<\/strong> (-21 for losing)\n|l|\u260680u844z\n","uploadtime":1683359544,"views":9,"p1id":"80u844z","p2id":"niftynifty","formatid":"gen9vgc2023regulationc","rating":1093,"private":0,"password":""}