{"id":"gen9vgc2023regulationc-1851686850","p1":"Kiryae","p2":"Doomtheboomkin","format":"[Gen 9] VGC 2023 Regulation C","log":"|j|\u2606Kiryae\n|j|\u2606Doomtheboomkin\n|t:|1682469943\n|gametype|doubles\n|player|p1|Kiryae|1|\n|player|p2|Doomtheboomkin|shadowtriad|\n|teamsize|p1|6\n|teamsize|p2|6\n|gen|9\n|tier|[Gen 9] VGC 2023 Regulation C\n|rule|Species Clause: Limit one of each Pok\u00e9mon\n|rule|Item Clause: Limit one of each item\n|clearpoke\n|poke|p1|Chi-Yu, L50|\n|poke|p1|Palafin, L50, M|\n|poke|p1|Pelipper, L50, M|\n|poke|p1|Iron Hands, L50|\n|poke|p1|Amoonguss, L50, M|\n|poke|p1|Flutter Mane, L50|\n|poke|p2|Baxcalibur, L50, F|\n|poke|p2|Chien-Pao, L50|\n|poke|p2|Dragonite, L50, M|\n|poke|p2|Palafin, L50, M|\n|poke|p2|Pelipper, L50, F|\n|poke|p2|Amoonguss, L50, F|\n|teampreview|4\n|inactive|Battle timer is ON: inactive players will automatically lose when time's up. (requested by Kiryae)\n|inactive|Doomtheboomkin also wants the timer to be on.\nDoomtheboomkin has agreed to open team sheets.\nKiryae has agreed to open team sheets.\n|\n|t:|1682469967\n|start\n|switch|p1a: Iron Hands|Iron Hands, L50|100\/100\n|switch|p1b: Palafin|Palafin, L50, M|100\/100\n|switch|p2a: Baxcalibur|Baxcalibur, L50, F|100\/100\n|switch|p2b: Pizz-azz|Chien-Pao, L50|100\/100\n|-ability|p2b: Pizz-azz|Sword of Ruin\n|turn|1\n|inactive|Kiryae has 30 seconds left.\n|\n|t:|1682469996\n|move|p2a: Baxcalibur|Protect|p2a: Baxcalibur\n|-singleturn|p2a: Baxcalibur|Protect\n|move|p1b: Palafin|Jet Punch|p2b: Pizz-azz\n|-damage|p2b: Pizz-azz|63\/100\n|move|p2b: Pizz-azz|Ice Spinner|p1a: Iron Hands\n|-damage|p1a: Iron Hands|62\/100\n|move|p1a: Iron Hands|Close Combat|p2b: Pizz-azz\n|-supereffective|p2b: Pizz-azz\n|-damage|p2b: Pizz-azz|0 fnt\n|-unboost|p1a: Iron Hands|def|1\n|-unboost|p1a: Iron Hands|spd|1\n|faint|p2b: Pizz-azz\n|\n|upkeep\n|\n|t:|1682470008\n|switch|p2b: Dragonite|Dragonite, L50, M|100\/100\n|turn|2\n|\n|t:|1682470018\n|detailschange|p1b: Palafin|Palafin-Hero, L50, M\n|switch|p1b: Amoonguss|Amoonguss, L50, M|100\/100\n|-end|p1a: Iron Hands|Quark Drive|[silent]\n|switch|p1a: Flutter Mane|Flutter Mane, L50|100\/100\n|-terastallize|p2b: Dragonite|Flying\n|move|p2a: Baxcalibur|Icicle Crash|p1b: Amoonguss\n|-supereffective|p1b: Amoonguss\n|-damage|p1b: Amoonguss|22\/100\n|-enditem|p1b: Amoonguss|Sitrus Berry|[eat]\n|-heal|p1b: Amoonguss|47\/100|[from] item: Sitrus Berry\n|move|p2b: Dragonite|Tera Blast|p1a: Flutter Mane\n|-damage|p1a: Flutter Mane|0 fnt\n|faint|p1a: Flutter Mane\n|-end|p1a: Flutter Mane|Protosynthesis|[silent]\n|\n|upkeep\n|\n|t:|1682470032\n|switch|p1a: Palafin|Palafin-Hero, L50, M|100\/100\n|-activate|p1a: Palafin|ability: Zero to Hero\n|turn|3\n|\n|t:|1682470043\n|move|p2b: Dragonite|Protect|p2b: Dragonite\n|-singleturn|p2b: Dragonite|Protect\n|move|p1b: Amoonguss|Rage Powder|p1b: Amoonguss\n|-singleturn|p1b: Amoonguss|move: Rage Powder\n|move|p1a: Palafin|Wave Crash|p2a: Baxcalibur\n|-resisted|p2a: Baxcalibur\n|-crit|p2a: Baxcalibur\n|-damage|p2a: Baxcalibur|35\/100\n|-damage|p1a: Palafin|78\/100|[from] Recoil\n|move|p2a: Baxcalibur|Icicle Crash|p1b: Amoonguss\n|-supereffective|p1b: Amoonguss\n|-damage|p1b: Amoonguss|0 fnt\n|faint|p1b: Amoonguss\n|\n|upkeep\n|\n|t:|1682470054\n|switch|p1b: Iron Hands|Iron Hands, L50|62\/100\n|turn|4\n|inactive|Doomtheboomkin has 30 seconds left.\n|\n|t:|1682470084\n|switch|p2a: Amoonguss|Amoonguss, L50, F|100\/100\n|move|p1a: Palafin|Protect|p1a: Palafin\n|-singleturn|p1a: Palafin|Protect\n|move|p1b: Iron Hands|Fake Out|p2b: Dragonite\n|-damage|p2b: Dragonite|94\/100\n|cant|p2b: Dragonite|flinch\n|\n|upkeep\n|turn|5\n|inactive|Kiryae has 30 seconds left.\n|inactive|Doomtheboomkin has 30 seconds left.\n|inactive|Kiryae has 20 seconds left.\n|\n|t:|1682470120\n|-terastallize|p1a: Palafin|Grass\n|move|p2a: Amoonguss|Rage Powder|p2a: Amoonguss\n|-singleturn|p2a: Amoonguss|move: Rage Powder\n|move|p1a: Palafin|Wave Crash|p2a: Amoonguss\n|-resisted|p2a: Amoonguss\n|-damage|p2a: Amoonguss|65\/100\n|-damage|p1a: Palafin|65\/100|[from] Recoil\n|move|p2b: Dragonite|Tera Blast|p1b: Iron Hands\n|-damage|p1b: Iron Hands|23\/100\n|move|p1b: Iron Hands|Wild Charge|p2a: Amoonguss\n|-resisted|p2a: Amoonguss\n|-damage|p2a: Amoonguss|46\/100\n|-enditem|p2a: Amoonguss|Sitrus Berry|[eat]\n|-heal|p2a: Amoonguss|71\/100|[from] item: Sitrus Berry\n|-damage|p1b: Iron Hands|19\/100|[from] Recoil\n|\n|upkeep\n|turn|6\n|-message|Kiryae forfeited.\n|\n|win|Doomtheboomkin\n|l|\u2606Kiryae\n","uploadtime":1682471214,"views":11,"p1id":"kiryae","p2id":"doomtheboomkin","formatid":"gen9vgc2023regulationc","rating":0,"private":0,"password":""}