{"id":"gen9vgc2023regulationc-1855564006","p1":"satoruneru","p2":"TheOne6033","format":"[Gen 9] VGC 2023 Regulation C","log":"|j|\u2606satoruneru\n|j|\u2606TheOne6033\n|t:|1682962402\n|gametype|doubles\n|player|p1|satoruneru|102|1168\n|player|p2|TheOne6033|heroine2-conquest|1141\n|teamsize|p1|6\n|teamsize|p2|6\n|gen|9\n|tier|[Gen 9] VGC 2023 Regulation C\n|rated|\n|rule|Species Clause: Limit one of each Pok\u00e9mon\n|rule|Item Clause: Limit one of each item\n|clearpoke\n|poke|p1|Iron Bundle, L50|\n|poke|p1|Abomasnow, L50, M|\n|poke|p1|Arcanine, L50, F|\n|poke|p1|Flutter Mane, L50|\n|poke|p1|Amoonguss, L50, F|\n|poke|p1|Pawmot, L50, F|\n|poke|p2|Meowscarada, L50, F|\n|poke|p2|Gastrodon, L50, M|\n|poke|p2|Arcanine, L50, M|\n|poke|p2|Great Tusk, L50|\n|poke|p2|Amoonguss, L50, M|\n|poke|p2|Flutter Mane, L50|\n|teampreview|4\nTheOne6033 has agreed to open team sheets.\n|\n|t:|1682962457\n|start\n|switch|p1a: Iron Bundle|Iron Bundle, L50|100\/100\n|switch|p1b: Abomasnow|Abomasnow, L50, M|100\/100\n|switch|p2a: Flutter Mane|Flutter Mane, L50|100\/100\n|switch|p2b: Great Tusk|Great Tusk, L50|100\/100\n|-weather|Snow|[from] ability: Snow Warning|[of] p1b: Abomasnow\n|-enditem|p2a: Flutter Mane|Booster Energy\n|-activate|p2a: Flutter Mane|ability: Protosynthesis|[fromitem]\n|-start|p2a: Flutter Mane|protosynthesisspe\n|-enditem|p1a: Iron Bundle|Booster Energy\n|-activate|p1a: Iron Bundle|ability: Quark Drive|[fromitem]\n|-start|p1a: Iron Bundle|quarkdrivespe\n|turn|1\n|inactive|Battle timer is ON: inactive players will automatically lose when time's up. (requested by satoruneru)\n|\n|t:|1682962504\n|move|p2a: Flutter Mane|Icy Wind|p1b: Abomasnow|[spread] p1a,p1b\n|-resisted|p1a: Iron Bundle\n|-damage|p1a: Iron Bundle|95\/100\n|-damage|p1b: Abomasnow|85\/100\n|-unboost|p1a: Iron Bundle|spe|1\n|-unboost|p1b: Abomasnow|spe|1\n|move|p2b: Great Tusk|Close Combat|p1a: Iron Bundle\n|-supereffective|p1a: Iron Bundle\n|-damage|p1a: Iron Bundle|0 fnt\n|-unboost|p2b: Great Tusk|def|1\n|-unboost|p2b: Great Tusk|spd|1\n|faint|p1a: Iron Bundle\n|-end|p1a: Iron Bundle|Quark Drive|[silent]\n|move|p1b: Abomasnow|Blizzard|p2a: Flutter Mane|[spread] p2a,p2b\n|-supereffective|p2b: Great Tusk\n|-damage|p2a: Flutter Mane|64\/100\n|-damage|p2b: Great Tusk|0 fnt\n|faint|p2b: Great Tusk\n|-end|p2b: Great Tusk|Protosynthesis|[silent]\n|\n|-weather|Snow|[upkeep]\n|upkeep\n|\n|t:|1682962522\n|switch|p1a: Arcanine|Arcanine, L50, F|100\/100\n|switch|p2b: Arcanine|Arcanine, L50, M|100\/100\n|-ability|p1a: Arcanine|Intimidate|boost\n|-unboost|p2a: Flutter Mane|atk|1\n|-unboost|p2b: Arcanine|atk|1\n|-ability|p2b: Arcanine|Intimidate|boost\n|-unboost|p1a: Arcanine|atk|1\n|-unboost|p1b: Abomasnow|atk|1\n|turn|2\n|inactive|satoruneru has 30 seconds left.\n|\n|t:|1682962554\n|move|p2a: Flutter Mane|Protect|p2a: Flutter Mane\n|-singleturn|p2a: Flutter Mane|Protect\n|move|p1a: Arcanine|Flare Blitz|p2a: Flutter Mane\n|-activate|p2a: Flutter Mane|move: Protect\n|move|p2b: Arcanine|Howl|p2b: Arcanine|[spread] p2a,p2b\n|-boost|p2a: Flutter Mane|atk|1\n|-boost|p2b: Arcanine|atk|1\n|move|p1b: Abomasnow|Blizzard|p2a: Flutter Mane|[spread] p2b\n|-activate|p2a: Flutter Mane|move: Protect\n|-resisted|p2b: Arcanine\n|-damage|p2b: Arcanine|88\/100\n|\n|-weather|Snow|[upkeep]\n|upkeep\n|turn|3\n|\n|t:|1682962571\n|switch|p1b: Amoonguss|Amoonguss, L50, F|100\/100\n|move|p1a: Arcanine|Protect|p1a: Arcanine\n|-singleturn|p1a: Arcanine|Protect\n|move|p2a: Flutter Mane|Shadow Ball|p1a: Arcanine\n|-activate|p1a: Arcanine|move: Protect\n|move|p2b: Arcanine|Flare Blitz|p1b: Amoonguss\n|-supereffective|p1b: Amoonguss\n|-crit|p1b: Amoonguss\n|-damage|p1b: Amoonguss|0 fnt\n|faint|p1b: Amoonguss\n|-damage|p2b: Arcanine|51\/100|[from] Recoil\n|\n|-weather|Snow|[upkeep]\n|upkeep\n|\n|t:|1682962583\n|switch|p1b: Abomasnow|Abomasnow, L50, M|85\/100\n|turn|4\n|\n|t:|1682962606\n|-terastallize|p1b: Abomasnow|Water\n|move|p2a: Flutter Mane|Protect|p2a: Flutter Mane\n|-singleturn|p2a: Flutter Mane|Protect\n|move|p1a: Arcanine|Flare Blitz|p2b: Arcanine\n|-resisted|p2b: Arcanine\n|-damage|p2b: Arcanine|35\/100\n|-enditem|p2b: Arcanine|Sitrus Berry|[eat]\n|-heal|p2b: Arcanine|60\/100|[from] item: Sitrus Berry\n|-damage|p1a: Arcanine|95\/100|[from] Recoil\n|move|p2b: Arcanine|Flare Blitz|p1b: Abomasnow\n|-resisted|p1b: Abomasnow\n|-damage|p1b: Abomasnow|60\/100\n|-status|p1b: Abomasnow|brn\n|-damage|p2b: Arcanine|52\/100|[from] Recoil\n|move|p1b: Abomasnow|Blizzard|p2b: Arcanine|[spread] p2b\n|-activate|p2a: Flutter Mane|move: Protect\n|-resisted|p2b: Arcanine\n|-damage|p2b: Arcanine|40\/100\n|\n|-weather|Snow|[upkeep]\n|-damage|p1b: Abomasnow|54\/100 brn|[from] brn\n|upkeep\n|turn|5\n|inactive|satoruneru has 30 seconds left.\n|inactive|TheOne6033 has 30 seconds left.\n|inactive|TheOne6033 has 20 seconds left.\n|\n|t:|1682962646\n|move|p1b: Abomasnow|Helping Hand|p1a: Arcanine\n|-singleturn|p1a: Arcanine|Helping Hand|[of] p1b: Abomasnow\n|move|p1a: Arcanine|Extreme Speed|p2b: Arcanine\n|-damage|p2b: Arcanine|20\/100\n|move|p2a: Flutter Mane|Moonblast|p1b: Abomasnow\n|-damage|p1b: Abomasnow|3\/100 brn\n|move|p2b: Arcanine|Howl|p2b: Arcanine|[spread] p2a,p2b\n|-boost|p2a: Flutter Mane|atk|1\n|-boost|p2b: Arcanine|atk|1\n|\n|-weather|none\n|-damage|p1b: Abomasnow|0 fnt|[from] brn\n|faint|p1b: Abomasnow\n|upkeep\n|turn|6\n|\n|t:|1682962667\n|move|p2a: Flutter Mane|Shadow Ball|p1a: Arcanine\n|-damage|p1a: Arcanine|47\/100\n|-enditem|p1a: Arcanine|Sitrus Berry|[eat]\n|-heal|p1a: Arcanine|72\/100|[from] item: Sitrus Berry\n|move|p1a: Arcanine|Flare Blitz|p2a: Flutter Mane\n|-damage|p2a: Flutter Mane|0 fnt\n|faint|p2a: Flutter Mane\n|-end|p2a: Flutter Mane|Protosynthesis|[silent]\n|-damage|p1a: Arcanine|56\/100|[from] Recoil\n|move|p2b: Arcanine|Flare Blitz|p1a: Arcanine\n|-resisted|p1a: Arcanine\n|-damage|p1a: Arcanine|23\/100\n|-damage|p2b: Arcanine|10\/100|[from] Recoil\n|\n|upkeep\n|c|\u2606satoruneru|I got rekt\n|c|\u2606satoruneru|ggs\n|\n|t:|1682962682\n|switch|p2a: Gastrodon|Gastrodon, L50, M|100\/100\n|turn|7\n|\n|t:|1682962693\n|move|p1a: Arcanine|Extreme Speed|p2b: Arcanine\n|-damage|p2b: Arcanine|0 fnt\n|faint|p2b: Arcanine\n|move|p2a: Gastrodon|Earth Power|p1a: Arcanine\n|-supereffective|p1a: Arcanine\n|-damage|p1a: Arcanine|0 fnt\n|faint|p1a: Arcanine\n|\n|win|TheOne6033\n|raw|satoruneru's rating: 1168 → 1141<\/strong> (-27 for losing)\n|raw|TheOne6033's rating: 1141 → 1168<\/strong> (+27 for winning)\n|l|\u2606TheOne6033\n","uploadtime":1682962728,"views":18,"p1id":"satoruneru","p2id":"theone6033","formatid":"gen9vgc2023regulationc","rating":1141,"private":0,"password":""}