{"id":"gen9vgc2023regulationc-1848995404","p1":"Xepher008","p2":"Espectix","format":"[Gen 9] VGC 2023 Regulation C","log":"|j|\u2606Xepher008\n|j|\u2606Espectix\n|t:|1682136211\n|gametype|doubles\n|player|p1|Xepher008|2|1176\n|player|p2|Espectix|102|1198\n|teamsize|p1|6\n|teamsize|p2|6\n|gen|9\n|tier|[Gen 9] VGC 2023 Regulation C\n|rated|\n|rule|Species Clause: Limit one of each Pok\u00e9mon\n|rule|Item Clause: Limit one of each item\n|clearpoke\n|poke|p1|Flutter Mane, L50|\n|poke|p1|Gastrodon, L50, M|\n|poke|p1|Chi-Yu, L50|\n|poke|p1|Chien-Pao, L50|\n|poke|p1|Dragonite, L50, F|\n|poke|p1|Amoonguss, L50, F|\n|poke|p2|Iron Jugulis, L50|\n|poke|p2|Azumarill, L50, F|\n|poke|p2|Dragonite, L50, F|\n|poke|p2|Scizor, L50, F|\n|poke|p2|Pawmot, L50, F|\n|poke|p2|Gengar, L50, F|\n|teampreview|4\n|\n|t:|1682136256\n|start\n|switch|p1a: Flutter Mane|Flutter Mane, L50|100\/100\n|switch|p1b: Amoonguss|Amoonguss, L50, F|100\/100\n|switch|p2a: Gengar|Gengar, L50, F|100\/100\n|switch|p2b: Scizor|Scizor, L50, F|100\/100\n|turn|1\n|inactive|Battle timer is ON: inactive players will automatically lose when time's up. (requested by Xepher008)\n|\n|t:|1682136282\n|move|p1b: Amoonguss|Rage Powder|p1b: Amoonguss\n|-singleturn|p1b: Amoonguss|move: Rage Powder\n|move|p2b: Scizor|Bullet Punch|p1b: Amoonguss\n|-crit|p1b: Amoonguss\n|-damage|p1b: Amoonguss|47\/100\n|-damage|p2b: Scizor|84\/100|[from] item: Rocky Helmet|[of] p1b: Amoonguss\n|move|p1a: Flutter Mane|Shadow Ball|p2a: Gengar\n|-supereffective|p2a: Gengar\n|-enditem|p2a: Gengar|Kasib Berry|[eat]\n|-enditem|p2a: Gengar|Kasib Berry|[weaken]\n|-damage|p2a: Gengar|9\/100\n|move|p2a: Gengar|Taunt|p1b: Amoonguss\n|-start|p1b: Amoonguss|move: Taunt\n|\n|upkeep\n|turn|2\n|inactive|Xepher008 has 30 seconds left.\n|inactive|Xepher008 has 20 seconds left.\n|inactive|Xepher008 has 15 seconds left.\n|\n|t:|1682136323\n|-end|p1a: Flutter Mane|Protosynthesis|[silent]\n|switch|p1a: Gastrodon|Gastrodon, L50, M|100\/100\n|move|p2b: Scizor|Bullet Punch|p1a: Gastrodon\n|-resisted|p1a: Gastrodon\n|-damage|p1a: Gastrodon|78\/100\n|move|p2a: Gengar|Shadow Ball|p1b: Amoonguss\n|-damage|p1b: Amoonguss|13\/100\n|-unboost|p1b: Amoonguss|spd|1\n|move|p1b: Amoonguss|Pollen Puff|p1a: Gastrodon\n|-heal|p1a: Gastrodon|100\/100\n|\n|upkeep\n|turn|3\n|\n|t:|1682136346\n|switch|p1b: Chi-Yu|Chi-Yu, L50|100\/100\n|-ability|p1b: Chi-Yu|Beads of Ruin\n|move|p2b: Scizor|Bullet Punch|p1b: Chi-Yu\n|-resisted|p1b: Chi-Yu\n|-damage|p1b: Chi-Yu|64\/100\n|move|p2a: Gengar|Icy Wind|p1b: Chi-Yu|[spread] p1a,p1b\n|-resisted|p1b: Chi-Yu\n|-damage|p1a: Gastrodon|80\/100\n|-damage|p1b: Chi-Yu|55\/100\n|-unboost|p1a: Gastrodon|spe|1\n|-unboost|p1b: Chi-Yu|spe|1\n|move|p1a: Gastrodon|Muddy Water|p2b: Scizor|[spread] p2b\n|-miss|p1a: Gastrodon|p2a: Gengar\n|-damage|p2b: Scizor|41\/100\n|-unboost|p2b: Scizor|accuracy|1\n|\n|upkeep\n|turn|4\n|inactive|Xepher008 has 30 seconds left.\n|\n|t:|1682136371\n|switch|p2b: Dragonite|Dragonite, L50, F|100\/100\n|move|p1b: Chi-Yu|Protect|p1b: Chi-Yu\n|-singleturn|p1b: Chi-Yu|Protect\n|move|p2a: Gengar|Icy Wind|p1b: Chi-Yu|[spread] p1a\n|-activate|p1b: Chi-Yu|move: Protect\n|-damage|p1a: Gastrodon|63\/100\n|-unboost|p1a: Gastrodon|spe|1\n|move|p1a: Gastrodon|Muddy Water|p2b: Dragonite|[spread] p2b\n|-miss|p1a: Gastrodon|p2a: Gengar\n|-resisted|p2b: Dragonite\n|-damage|p2b: Dragonite|92\/100\n|-unboost|p2b: Dragonite|accuracy|1\n|\n|upkeep\n|turn|5\n|inactive|Xepher008 has 30 seconds left.\n|inactive|Espectix has 30 seconds left.\n|\n|t:|1682136404\n|-terastallize|p1b: Chi-Yu|Ghost\n|move|p2a: Gengar|Shadow Ball|p1b: Chi-Yu\n|-supereffective|p1b: Chi-Yu\n|-damage|p1b: Chi-Yu|0 fnt\n|faint|p1b: Chi-Yu\n|move|p2b: Dragonite|Tailwind|p2b: Dragonite\n|-sidestart|p2: Espectix|move: Tailwind\n|move|p1a: Gastrodon|Muddy Water|p2a: Gengar|[spread] p2a,p2b\n|-resisted|p2b: Dragonite\n|-damage|p2a: Gengar|0 fnt\n|-damage|p2b: Dragonite|78\/100\n|faint|p2a: Gengar\n|\n|upkeep\n|\n|t:|1682136424\n|switch|p1b: Amoonguss|Amoonguss, L50, F|46\/100\n|switch|p2a: Scizor|Scizor, L50, F|41\/100\n|turn|6\n|inactive|Espectix has 30 seconds left.\n|\n|t:|1682136452\n|move|p2b: Dragonite|Extreme Speed|p1a: Gastrodon\n|-damage|p1a: Gastrodon|30\/100\n|move|p1b: Amoonguss|Rage Powder|p1b: Amoonguss\n|-singleturn|p1b: Amoonguss|move: Rage Powder\n|move|p2a: Scizor|U-turn|p1b: Amoonguss\n|-damage|p1b: Amoonguss|0 fnt\n|-damage|p2a: Scizor|25\/100|[from] item: Rocky Helmet|[of] p1b: Amoonguss\n|faint|p1b: Amoonguss\n|\n|t:|1682136460\n|switch|p2a: Azumarill|Azumarill, L50, F|100\/100|[from] U-turn\n|move|p1a: Gastrodon|Earth Power|p2a: Azumarill\n|-damage|p2a: Azumarill|72\/100\n|\n|upkeep\n|\n|t:|1682136469\n|switch|p1b: Flutter Mane|Flutter Mane, L50|100\/100\n|turn|7\n|\n|t:|1682136478\n|move|p2b: Dragonite|Extreme Speed|p1a: Gastrodon\n|-crit|p1a: Gastrodon\n|-damage|p1a: Gastrodon|0 fnt\n|faint|p1a: Gastrodon\n|move|p1b: Flutter Mane|Dazzling Gleam|p2b: Dragonite|[spread] p2a,p2b\n|-supereffective|p2b: Dragonite\n|-damage|p2a: Azumarill|39\/100\n|-damage|p2b: Dragonite|0 fnt\n|faint|p2b: Dragonite\n|move|p2a: Azumarill|Play Rough|p1b: Flutter Mane\n|-damage|p1b: Flutter Mane|0 fnt\n|faint|p1b: Flutter Mane\n|-end|p1b: Flutter Mane|Protosynthesis|[silent]\n|\n|win|Espectix\n|raw|Xepher008's rating: 1176 → 1153<\/strong> (-23 for losing)\n|raw|Espectix's rating: 1198 → 1221<\/strong> (+23 for winning)\n|l|\u2606Espectix\n","uploadtime":1682136496,"views":7,"p1id":"xepher008","p2id":"espectix","formatid":"gen9vgc2023regulationc","rating":1153,"private":0,"password":""}