{"id":"gen9vgc2023regulationc-1855301497","p1":"corioswwwee","p2":"Ema23","format":"[Gen 9] VGC 2023 Regulation C","log":"|j|\u203dcorioswwwee\n|j|\u2606Ema23\n|t:|1682933073\n|gametype|doubles\n|player|p1|corioswwwee|170|1000\n|player|p2|Ema23|ltsurge|1060\n|teamsize|p1|6\n|teamsize|p2|6\n|gen|9\n|tier|[Gen 9] VGC 2023 Regulation C\n|rated|\n|rule|Species Clause: Limit one of each Pok\u00e9mon\n|rule|Item Clause: Limit one of each item\n|clearpoke\n|poke|p1|Iron Valiant, L50|\n|poke|p1|Annihilape, L50, M|\n|poke|p1|Scream Tail, L50|\n|poke|p1|Garganacl, L50, F|\n|poke|p1|Maushold-Four, L50|\n|poke|p1|Fletchling, L50, F|\n|poke|p2|Amoonguss, L50, F|\n|poke|p2|Ting-Lu, L50|\n|poke|p2|Chien-Pao, L50|\n|poke|p2|Dragapult, L50, M|\n|poke|p2|Gyarados, L50, M|\n|poke|p2|Rotom-Heat, L50|\n|teampreview|4\n|inactive|Battle timer is ON: inactive players will automatically lose when time's up. (requested by corioswwwee)\nEma23 has agreed to open team sheets.\n|inactive|corioswwwee has 60 seconds left.\n|inactive|Ema23 has 60 seconds left.\ncorioswwwee rejected open team sheets.\n|inactive|Ema23 has 30 seconds left.\n|inactive|Ema23 has 20 seconds left.\n|\n|t:|1682933146\n|start\n|switch|p1a: Garganacl|Garganacl, L50, F|100\/100\n|switch|p1b: Annihilape|Annihilape, L50, M|100\/100\n|switch|p2a: Amoonguss|Amoonguss, L50, F|100\/100\n|switch|p2b: Rotom|Rotom-Heat, L50, shiny|100\/100\n|turn|1\n|\n|t:|1682933171\n|-terastallize|p1a: Garganacl|Normal\n|move|p2b: Rotom|Protect|p2b: Rotom\n|-singleturn|p2b: Rotom|Protect\n|move|p1b: Annihilape|Final Gambit|p2b: Rotom\n|-activate|p2b: Rotom|move: Protect\n|move|p1a: Garganacl|Explosion|p2a: Amoonguss|[spread] p2a\n|-activate|p2b: Rotom|move: Protect\n|-immune|p1b: Annihilape\n|-enditem|p1a: Garganacl|Normal Gem|[from] gem\n|-damage|p2a: Amoonguss|0 fnt\n|faint|p1a: Garganacl\n|faint|p2a: Amoonguss\n|\n|upkeep\n|\n|t:|1682933184\n|switch|p1a: Scream Tail|Scream Tail, L50|100\/100\n|switch|p2a: Dragapult|Dragapult, L50, M|100\/100\n|turn|2\n|\n|t:|1682933203\n|-terastallize|p2b: Rotom|Electric\n|move|p1a: Scream Tail|Protect|p1a: Scream Tail\n|-singleturn|p1a: Scream Tail|Protect\n|move|p1b: Annihilape|Final Gambit|p2b: Rotom\n|-damage|p2b: Rotom|0 fnt\n|faint|p1b: Annihilape\n|faint|p2b: Rotom\n|move|p2a: Dragapult|Phantom Force||[still]\n|-prepare|p2a: Dragapult|Phantom Force\n|\n|upkeep\n|\n|t:|1682933211\n|switch|p1b: Fletchling|Fletchling, L50, F|100\/100\n|switch|p2b: Gyarados|Gyarados, L50, M, shiny|100\/100\n|-ability|p2b: Gyarados|Intimidate|boost\n|-unboost|p1a: Scream Tail|atk|1\n|-unboost|p1b: Fletchling|atk|1\n|turn|3\n|\n|t:|1682933223\n|move|p1b: Fletchling|Fly||[still]\n|-prepare|p1b: Fletchling|Fly\n|move|p2a: Dragapult|Phantom Force|p1b: Fletchling|[from]lockedmove|[miss]\n|-miss|p2a: Dragapult|p1b: Fletchling\n|move|p2b: Gyarados|Taunt|p1a: Scream Tail\n|-start|p1a: Scream Tail|move: Taunt\n|-enditem|p1a: Scream Tail|Mental Herb\n|-end|p1a: Scream Tail|move: Taunt\n|move|p1a: Scream Tail|Perish Song|p1a: Scream Tail\n|-start|p1a: Scream Tail|perish3|[silent]\n|-miss|p1a: Scream Tail|p1b: Fletchling\n|-start|p2a: Dragapult|perish3|[silent]\n|-start|p2b: Gyarados|perish3|[silent]\n|-fieldactivate|move: Perish Song\n|\n|-start|p2a: Dragapult|perish3\n|-start|p2b: Gyarados|perish3\n|-start|p1a: Scream Tail|perish3\n|-status|p1b: Fletchling|tox|[from] item: Toxic Orb\n|upkeep\n|turn|4\n|\n|t:|1682933246\n|move|p1b: Fletchling|Fly|p2a: Dragapult|[from]lockedmove|[miss]\n|-miss|p1b: Fletchling|p2a: Dragapult\n|move|p2a: Dragapult|Phantom Force||[still]\n|-prepare|p2a: Dragapult|Phantom Force\n|move|p2b: Gyarados|Waterfall|p1b: Fletchling\n|-damage|p1b: Fletchling|49\/100 tox\n|move|p1a: Scream Tail|Trick Room|p1a: Scream Tail\n|-fieldstart|move: Trick Room|[of] p1a: Scream Tail\n|\n|-damage|p1b: Fletchling|43\/100 tox|[from] psn\n|-start|p1a: Scream Tail|perish2\n|-start|p2b: Gyarados|perish2\n|-start|p2a: Dragapult|perish2\n|upkeep\n|turn|5\n|\n|t:|1682933264\n|move|p1a: Scream Tail|Protect|p1a: Scream Tail\n|-singleturn|p1a: Scream Tail|Protect\n|move|p1b: Fletchling|Fly||[still]\n|-prepare|p1b: Fletchling|Fly\n|move|p2b: Gyarados|Waterfall|p1a: Scream Tail\n|-activate|p1a: Scream Tail|move: Protect\n|move|p2a: Dragapult|Phantom Force|p1a: Scream Tail|[from]lockedmove\n|-activate|p1a: Scream Tail|move: Phantom Force|[broken]\n|-supereffective|p1a: Scream Tail\n|-damage|p1a: Scream Tail|0 fnt\n|faint|p1a: Scream Tail\n|-end|p1a: Scream Tail|Protosynthesis|[silent]\n|\n|-damage|p1b: Fletchling|31\/100 tox|[from] psn\n|-start|p2b: Gyarados|perish1\n|-start|p2a: Dragapult|perish1\n|upkeep\n|turn|6\n|n|!Ema23|ema23\n|inactive|Ema23 has 30 seconds left.\n|-message|Ema23 forfeited.\n|\n|win|corioswwwee\n|raw|corioswwwee's rating: 1000 → 1047<\/strong> (+47 for winning)\n|raw|Ema23's rating: 1060 → 1038<\/strong> (-22 for losing)\n","uploadtime":1682933281,"views":19,"p1id":"corioswwwee","p2id":"ema23","formatid":"gen9vgc2023regulationc","rating":1038,"private":0,"password":""}