{"id":"gen9vgc2023regulationc-1852831895","p1":"Missed Ledgedash","p2":"pls be kind to me","format":"[Gen 9] VGC 2023 Regulation C","log":"|j|\u2606Missed Ledgedash\n|j|\u2606pls be kind to me\n|t:|1682609990\n|gametype|doubles\n|player|p1|Missed Ledgedash|juan-gen3|1340\n|player|p2|pls be kind to me|flannery|1426\n|teamsize|p1|6\n|teamsize|p2|6\n|gen|9\n|tier|[Gen 9] VGC 2023 Regulation C\n|rated|\n|rule|Species Clause: Limit one of each Pok\u00e9mon\n|rule|Item Clause: Limit one of each item\n|clearpoke\n|poke|p1|Flutter Mane, L50|\n|poke|p1|Arcanine, L50, F|\n|poke|p1|Amoonguss, L50, M|\n|poke|p1|Palafin, L50, F|\n|poke|p1|Corviknight, L50, M|\n|poke|p1|Iron Hands, L50|\n|poke|p2|Kingambit, L50, F|\n|poke|p2|Flutter Mane, L50|\n|poke|p2|Scream Tail, L50|\n|poke|p2|Corviknight, L50, M|\n|poke|p2|Baxcalibur, L50, M|\n|poke|p2|Rotom-Wash, L50|\n|teampreview|4\nMissed Ledgedash has agreed to open team sheets.\npls be kind to me has agreed to open team sheets.\n|inactive|Battle timer is ON: inactive players will automatically lose when time's up. (requested by pls be kind to me)\n|inactive|Missed Ledgedash has 60 seconds left.\n|\n|t:|1682610122\n|start\n|switch|p1a: Iron Hands|Iron Hands, L50|100\/100\n|switch|p1b: Palafin|Palafin, L50, F|100\/100\n|switch|p2a: Baxcalibur|Baxcalibur, L50, M|100\/100\n|switch|p2b: Scream Tail|Scream Tail, L50, shiny|100\/100\n|-enditem|p2b: Scream Tail|Booster Energy\n|-activate|p2b: Scream Tail|ability: Protosynthesis|[fromitem]\n|-start|p2b: Scream Tail|protosynthesisspe\n|turn|1\n|inactive|pls be kind to me has 30 seconds left.\n|inactive|pls be kind to me has 20 seconds left.\n|inactive|pls be kind to me has 15 seconds left.\n|inactive|pls be kind to me has 10 seconds left.\n|\n|t:|1682610169\n|detailschange|p1b: Palafin|Palafin-Hero, L50, F\n|switch|p1b: Corviknight|Corviknight, L50, M|100\/100\n|move|p2a: Baxcalibur|Protect|p2a: Baxcalibur\n|-singleturn|p2a: Baxcalibur|Protect\n|move|p2b: Scream Tail|Play Rough|p1a: Iron Hands\n|-supereffective|p1a: Iron Hands\n|-damage|p1a: Iron Hands|68\/100\n|move|p1a: Iron Hands|Wild Charge|p2a: Baxcalibur\n|-activate|p2a: Baxcalibur|move: Protect\n|\n|upkeep\n|turn|2\n|inactive|pls be kind to me has 30 seconds left.\n|inactive|pls be kind to me has 20 seconds left.\n|\n|t:|1682610207\n|move|p2b: Scream Tail|Howl|p2b: Scream Tail|[spread] p2a,p2b\n|-boost|p2a: Baxcalibur|atk|1\n|-boost|p2b: Scream Tail|atk|1\n|move|p2a: Baxcalibur|Glaive Rush|p1a: Iron Hands\n|-damage|p1a: Iron Hands|0 fnt\n|-singlemove|p2a: Baxcalibur|Glaive Rush|[silent]\n|faint|p1a: Iron Hands\n|-end|p1a: Iron Hands|Quark Drive|[silent]\n|move|p1b: Corviknight|Substitute|p1b: Corviknight\n|-start|p1b: Corviknight|Substitute\n|-damage|p1b: Corviknight|76\/100\n|\n|-heal|p1b: Corviknight|82\/100|[from] item: Leftovers\n|upkeep\n|\n|t:|1682610230\n|switch|p1a: Palafin|Palafin-Hero, L50, F|100\/100\n|-activate|p1a: Palafin|ability: Zero to Hero\n|turn|3\n|\n|t:|1682610243\n|-terastallize|p2b: Scream Tail|Water\n|move|p2a: Baxcalibur|Protect|p2a: Baxcalibur\n|-singleturn|p2a: Baxcalibur|Protect\n|move|p1a: Palafin|Protect|p1a: Palafin\n|-singleturn|p1a: Palafin|Protect\n|move|p2b: Scream Tail|Encore|p1b: Corviknight\n|-start|p1b: Corviknight|Encore\n|move|p1b: Corviknight|Substitute|p1b: Corviknight\n|-fail|p1b: Corviknight|move: Substitute\n|\n|-heal|p1b: Corviknight|88\/100|[from] item: Leftovers\n|upkeep\n|turn|4\n|inactive|Missed Ledgedash has 30 seconds left.\n|\n|t:|1682610274\n|move|p2b: Scream Tail|Encore|p1a: Palafin\n|-start|p1a: Palafin|Encore\n|move|p2a: Baxcalibur|Glaive Rush|p1a: Palafin\n|-damage|p1a: Palafin|0 fnt\n|-singlemove|p2a: Baxcalibur|Glaive Rush|[silent]\n|faint|p1a: Palafin\n|move|p1b: Corviknight|Substitute|p1b: Corviknight\n|-fail|p1b: Corviknight|move: Substitute\n|\n|-heal|p1b: Corviknight|94\/100|[from] item: Leftovers\n|upkeep\n|\n|t:|1682610277\n|switch|p1a: Amoonguss|Amoonguss, L50, M|100\/100\n|turn|5\n|\n|t:|1682610293\n|-terastallize|p1a: Amoonguss|Water\n|move|p2b: Scream Tail|Howl|p2b: Scream Tail|[spread] p2a,p2b\n|-boost|p2a: Baxcalibur|atk|1\n|-boost|p2b: Scream Tail|atk|1\n|move|p2a: Baxcalibur|Glaive Rush|p1a: Amoonguss\n|-damage|p1a: Amoonguss|0 fnt\n|-singlemove|p2a: Baxcalibur|Glaive Rush|[silent]\n|faint|p1a: Amoonguss\n|move|p1b: Corviknight|Substitute|p1b: Corviknight\n|-fail|p1b: Corviknight|move: Substitute\n|\n|-heal|p1b: Corviknight|99\/100|[from] item: Leftovers\n|-end|p1b: Corviknight|Encore\n|upkeep\n|turn|6\n|-message|Missed Ledgedash forfeited.\n|\n|win|pls be kind to me\n|raw|Missed Ledgedash's rating: 1340 → 1325<\/strong> (-15 for losing)\n|raw|pls be kind to me's rating: 1426 → 1441<\/strong> (+15 for winning)\n|l|\u2606Missed Ledgedash\n","uploadtime":1682610307,"views":6,"p1id":"missedledgedash","p2id":"plsbekindtome","formatid":"gen9vgc2023regulationc","rating":1325,"private":0,"password":""}