{"id":"gen9vgc2023regulationc-1851870670","p1":"Zyros Phade","p2":"GngrSnapz","format":"[Gen 9] VGC 2023 Regulation C","log":"|j|\u2606Zyros Phade\n|j|\u2606GngrSnapz\n|t:|1682498223\n|gametype|doubles\n|player|p1|Zyros Phade|169|1339\n|player|p2|GngrSnapz|gentleman-gen4|1347\n|teamsize|p1|6\n|teamsize|p2|6\n|gen|9\n|tier|[Gen 9] VGC 2023 Regulation C\n|rated|\n|rule|Species Clause: Limit one of each Pok\u00e9mon\n|rule|Item Clause: Limit one of each item\n|clearpoke\n|poke|p1|Vivillon, L50, F|\n|poke|p1|Gyarados, L50, M|\n|poke|p1|Flutter Mane, L50|\n|poke|p1|Scizor, L50, M|\n|poke|p1|Grimmsnarl, L50, M|\n|poke|p1|Garchomp, L50, F|\n|poke|p2|Amoonguss, L50, M|\n|poke|p2|Iron Bundle, L50|\n|poke|p2|Dragonite, L50, F|\n|poke|p2|Great Tusk, L50|\n|poke|p2|Flutter Mane, L50|\n|poke|p2|Chi-Yu, L50|\n|teampreview|4\n|inactive|Battle timer is ON: inactive players will automatically lose when time's up. (requested by GngrSnapz)\n|inactive|Zyros Phade has 60 seconds left.\nZyros Phade has agreed to open team sheets.\n|\n|t:|1682498270\n|start\n|switch|p1a: Marnie|Grimmsnarl, L50, M|100\/100\n|switch|p1b: Scizor|Scizor, L50, M|100\/100\n|switch|p2a: Great Tusk|Great Tusk, L50|100\/100\n|switch|p2b: Amoonguss|Amoonguss, L50, M|100\/100\n|turn|1\n|\n|t:|1682498290\n|move|p2b: Amoonguss|Rage Powder|p2b: Amoonguss\n|-singleturn|p2b: Amoonguss|move: Rage Powder\n|move|p1a: Marnie|Reflect|p1a: Marnie\n|-sidestart|p1: Zyros Phade|Reflect\n|move|p2a: Great Tusk|Close Combat|p1a: Marnie\n|-damage|p1a: Marnie|59\/100\n|-unboost|p2a: Great Tusk|def|1\n|-unboost|p2a: Great Tusk|spd|1\n|move|p1b: Scizor|U-turn|p2b: Amoonguss\n|-crit|p2b: Amoonguss\n|-damage|p2b: Amoonguss|53\/100\n|\n|t:|1682498295\n|switch|p1b: Lance|Gyarados, L50, M, shiny|100\/100|[from] U-turn\n|-ability|p1b: Lance|Intimidate|boost\n|-unboost|p2a: Great Tusk|atk|1\n|-unboost|p2b: Amoonguss|atk|1\n|\n|upkeep\n|turn|2\n|\n|t:|1682498314\n|-end|p2a: Great Tusk|Protosynthesis|[silent]\n|switch|p2a: Flutter Mane|Flutter Mane, L50|100\/100\n|move|p2b: Amoonguss|Rage Powder|p2b: Amoonguss\n|-singleturn|p2b: Amoonguss|move: Rage Powder\n|move|p1a: Marnie|Light Screen|p1a: Marnie\n|-sidestart|p1: Zyros Phade|move: Light Screen\n|move|p1b: Lance|Taunt|p2b: Amoonguss\n|-start|p2b: Amoonguss|move: Taunt\n|\n|upkeep\n|turn|3\n|\n|t:|1682498331\n|move|p1a: Marnie|Thunder Wave|p2a: Flutter Mane\n|-status|p2a: Flutter Mane|par\n|move|p1b: Lance|Waterfall|p2a: Flutter Mane\n|-damage|p2a: Flutter Mane|43\/100 par\n|cant|p2a: Flutter Mane|flinch\n|move|p2b: Amoonguss|Pollen Puff|p1a: Marnie\n|-damage|p1a: Marnie|48\/100\n|\n|upkeep\n|turn|4\n|\n|t:|1682498348\n|move|p1b: Lance|Waterfall|p2a: Flutter Mane\n|-damage|p2a: Flutter Mane|0 fnt\n|faint|p2a: Flutter Mane\n|-end|p2a: Flutter Mane|Protosynthesis|[silent]\n|move|p1a: Marnie|Spirit Break|p2b: Amoonguss\n|-resisted|p2b: Amoonguss\n|-damage|p2b: Amoonguss|39\/100\n|-unboost|p2b: Amoonguss|spa|1\n|-enditem|p2b: Amoonguss|Sitrus Berry|[eat]\n|-heal|p2b: Amoonguss|64\/100|[from] item: Sitrus Berry\n|move|p2b: Amoonguss|Pollen Puff|p2: Flutter Mane|[notarget]\n|-fail|p2b: Amoonguss\n|\n|upkeep\n|\n|t:|1682498362\n|switch|p2a: Great Tusk|Great Tusk, L50|100\/100\n|turn|5\n|\n|t:|1682498370\n|switch|p1b: Scizor|Scizor, L50, M|100\/100\n|move|p2a: Great Tusk|Head Smash|p1b: Scizor|[miss]\n|-miss|p2a: Great Tusk|p1b: Scizor\n|move|p1a: Marnie|Spirit Break|p2a: Great Tusk\n|-supereffective|p2a: Great Tusk\n|-damage|p2a: Great Tusk|55\/100\n|-unboost|p2a: Great Tusk|spa|1\n|move|p2b: Amoonguss|Pollen Puff|p2a: Great Tusk\n|-heal|p2a: Great Tusk|100\/100\n|\n|-end|p2b: Amoonguss|move: Taunt\n|upkeep\n|turn|6\n|inactive|GngrSnapz has 30 seconds left.\n|\n|t:|1682498396\n|switch|p1a: Lance|Gyarados, L50, M, shiny|100\/100\n|-ability|p1a: Lance|Intimidate|boost\n|-unboost|p2a: Great Tusk|atk|1\n|-unboost|p2b: Amoonguss|atk|1\n|move|p2a: Great Tusk|Head Smash|p1b: Scizor\n|-damage|p1b: Scizor|75\/100\n|-damage|p2a: Great Tusk|88\/100|[from] Recoil\n|move|p1b: Scizor|U-turn|p2a: Great Tusk\n|-resisted|p2a: Great Tusk\n|-damage|p2a: Great Tusk|72\/100\n|\n|t:|1682498402\n|switch|p1b: Marnie|Grimmsnarl, L50, M|48\/100|[from] U-turn\n|move|p2b: Amoonguss|Spore|p1a: Lance\n|-activate|p1a: Lance|item: Safety Goggles|Spore\n|\n|upkeep\n|turn|7\n|\n|t:|1682498419\n|-end|p2a: Great Tusk|Protosynthesis|[silent]\n|switch|p2a: Chi-Yu|Chi-Yu, L50|100\/100\n|-ability|p2a: Chi-Yu|Beads of Ruin\n|switch|p1b: Scizor|Scizor, L50, M|75\/100\n|move|p2b: Amoonguss|Rage Powder|p2b: Amoonguss\n|-singleturn|p2b: Amoonguss|move: Rage Powder\n|move|p1a: Lance|Waterfall|p2a: Chi-Yu\n|-supereffective|p2a: Chi-Yu\n|-enditem|p2a: Chi-Yu|Focus Sash\n|-damage|p2a: Chi-Yu|1\/100\n|\n|upkeep\n|turn|8\n|inactive|GngrSnapz has 30 seconds left.\n|\n|t:|1682498448\n|move|p2b: Amoonguss|Protect|p2b: Amoonguss\n|-singleturn|p2b: Amoonguss|Protect\n|move|p1b: Scizor|Feint|p2a: Chi-Yu\n|-damage|p2a: Chi-Yu|0 fnt\n|faint|p2a: Chi-Yu\n|move|p1a: Lance|Taunt|p2b: Amoonguss\n|-activate|p2b: Amoonguss|move: Protect\n|\n|-sideend|p1: Zyros Phade|Reflect\n|upkeep\n|\n|t:|1682498458\n|switch|p2a: Great Tusk|Great Tusk, L50|72\/100\n|turn|9\n|\n|t:|1682498475\n|switch|p1a: Cynthia|Garchomp, L50, F|100\/100\n|move|p2a: Great Tusk|Close Combat|p1b: Scizor\n|-damage|p1b: Scizor|10\/100\n|-unboost|p2a: Great Tusk|def|1\n|-unboost|p2a: Great Tusk|spd|1\n|move|p1b: Scizor|U-turn|p2b: Amoonguss\n|-damage|p2b: Amoonguss|31\/100\n|\n|t:|1682498480\n|switch|p1b: Lance|Gyarados, L50, M, shiny|100\/100|[from] U-turn\n|-ability|p1b: Lance|Intimidate|boost\n|-unboost|p2a: Great Tusk|atk|1\n|-unboost|p2b: Amoonguss|atk|1\n|move|p2b: Amoonguss|Pollen Puff|p2a: Great Tusk\n|-heal|p2a: Great Tusk|100\/100\n|\n|-sideend|p1: Zyros Phade|move: Light Screen\n|upkeep\n|turn|10\n|\n|t:|1682498501\n|move|p1b: Lance|Helping Hand|p1a: Cynthia\n|-singleturn|p1a: Cynthia|Helping Hand|[of] p1b: Lance\n|move|p2a: Great Tusk|Close Combat|p1a: Cynthia\n|-damage|p1a: Cynthia|62\/100\n|-unboost|p2a: Great Tusk|def|1\n|-unboost|p2a: Great Tusk|spd|1\n|-damage|p2a: Great Tusk|88\/100|[from] ability: Rough Skin|[of] p1a: Cynthia\n|move|p1a: Cynthia|Earthquake|p2a: Great Tusk|[spread] p2a,p2b\n|-immune|p1b: Lance\n|-damage|p2a: Great Tusk|8\/100\n|-damage|p2b: Amoonguss|0 fnt\n|faint|p2b: Amoonguss\n|\n|upkeep\n|turn|11\n|\n|t:|1682498520\n|move|p2a: Great Tusk|Close Combat|p1a: Cynthia\n|-damage|p1a: Cynthia|26\/100\n|-unboost|p2a: Great Tusk|def|1\n|-unboost|p2a: Great Tusk|spd|1\n|-damage|p2a: Great Tusk|0 fnt|[from] ability: Rough Skin|[of] p1a: Cynthia\n|faint|p2a: Great Tusk\n|-end|p2a: Great Tusk|Protosynthesis|[silent]\n|\n|win|Zyros Phade\n|raw|Zyros Phade's rating: 1339 → 1359<\/strong> (+20 for winning)\n|raw|GngrSnapz's rating: 1347 → 1327<\/strong> (-20 for losing)\n","uploadtime":1682498532,"views":13,"p1id":"zyrosphade","p2id":"gngrsnapz","formatid":"gen9vgc2023regulationc","rating":1327,"private":0,"password":""}