{"id":"gen9vgc2023regulationc-1850400055","p1":"cacazzo","p2":"lateralvs","format":"[Gen 9] VGC 2023 Regulation C","log":"|j|\u2606cacazzo\n|j|\u2606lateralvs\n|t:|1682331155\n|gametype|doubles\n|player|p1|cacazzo|169|1403\n|player|p2|lateralvs|giovanni|1459\n|teamsize|p1|6\n|teamsize|p2|6\n|gen|9\n|tier|[Gen 9] VGC 2023 Regulation C\n|rated|\n|rule|Species Clause: Limit one of each Pok\u00e9mon\n|rule|Item Clause: Limit one of each item\n|clearpoke\n|poke|p1|Quaquaval, L50, F|\n|poke|p1|Arcanine, L50, F|\n|poke|p1|Corviknight, L50, M|\n|poke|p1|Garganacl, L50, F|\n|poke|p1|Grimmsnarl, L50, M|\n|poke|p1|Chien-Pao, L50|\n|poke|p2|Iron Jugulis, L50|\n|poke|p2|Garchomp, L50, M|\n|poke|p2|Gholdengo, L50|\n|poke|p2|Chien-Pao, L50|\n|poke|p2|Gyarados, L50, F|\n|poke|p2|Kingambit, L50, M|\n|teampreview|4\ncacazzo has agreed to open team sheets.\nlateralvs has agreed to open team sheets.\n|j| menherabbit\n|inactive|Battle timer is ON: inactive players will automatically lose when time's up. (requested by cacazzo)\n|\n|t:|1682331221\n|start\n|switch|p1a: Corviknight|Corviknight, L50, M|100\/100\n|switch|p1b: Arcanine|Arcanine, L50, F|100\/100\n|switch|p2a: Gyarados|Gyarados, L50, F|100\/100\n|switch|p2b: Kingambit|Kingambit, L50, M|100\/100\n|-ability|p1b: Arcanine|Intimidate|boost\n|-unboost|p2a: Gyarados|atk|1\n|-unboost|p2b: Kingambit|atk|1\n|-ability|p2b: Kingambit|Defiant|boost\n|-boost|p2b: Kingambit|atk|2\n|-ability|p2a: Gyarados|Intimidate|boost\n|-ability|p1a: Corviknight|Mirror Armor\n|-unboost|p2a: Gyarados|atk|1\n|-unboost|p1b: Arcanine|atk|1\n|turn|1\n|\n|t:|1682331255\n|-terastallize|p2b: Kingambit|Fire\n|move|p1b: Arcanine|Will-O-Wisp|p2b: Kingambit\n|-immune|p2b: Kingambit\n|move|p2a: Gyarados|Waterfall|p1a: Corviknight\n|-damage|p1a: Corviknight|87\/100\n|move|p1a: Corviknight|Bulk Up|p1a: Corviknight\n|-boost|p1a: Corviknight|atk|1\n|-boost|p1a: Corviknight|def|1\n|move|p2b: Kingambit|Assurance|p1a: Corviknight\n|-damage|p1a: Corviknight|33\/100\n|\n|upkeep\n|turn|2\n|inactive|lateralvs has 30 seconds left.\n|inactive|cacazzo has 30 seconds left.\n|inactive|lateralvs has 20 seconds left.\n|inactive|lateralvs has 15 seconds left.\n|inactive|cacazzo has 20 seconds left.\n|\n|t:|1682331302\n|switch|p1b: tonin a cicogn|Quaquaval, L50, F, shiny|100\/100\n|move|p2b: Kingambit|Sucker Punch||[still]\n|-fail|p2b: Kingambit\n|move|p2a: Gyarados|Thunder Wave|p1b: tonin a cicogn\n|-status|p1b: tonin a cicogn|par\n|move|p1a: Corviknight|Roost|p1a: Corviknight\n|-heal|p1a: Corviknight|83\/100\n|-singleturn|p1a: Corviknight|move: Roost\n|\n|upkeep\n|turn|3\n|\n|t:|1682331318\n|move|p2a: Gyarados|Helping Hand|p2b: Kingambit\n|-singleturn|p2b: Kingambit|Helping Hand|[of] p2a: Gyarados\n|move|p2b: Kingambit|Sucker Punch|p1b: tonin a cicogn\n|-resisted|p1b: tonin a cicogn\n|-damage|p1b: tonin a cicogn|41\/100 par\n|move|p1a: Corviknight|Bulk Up|p1a: Corviknight\n|-boost|p1a: Corviknight|atk|1\n|-boost|p1a: Corviknight|def|1\n|move|p1b: tonin a cicogn|Aqua Step|p2b: Kingambit\n|-supereffective|p2b: Kingambit\n|-damage|p2b: Kingambit|20\/100\n|-boost|p1b: tonin a cicogn|spe|1\n|-damage|p1b: tonin a cicogn|32\/100 par|[from] item: Life Orb\n|\n|upkeep\n|turn|4\n|inactive|cacazzo has 30 seconds left.\n|inactive|lateralvs has 30 seconds left.\n|inactive|lateralvs has 20 seconds left.\n|inactive|lateralvs has 15 seconds left.\n|inactive|lateralvs has 10 seconds left.\n|\n|t:|1682331366\n|move|p1b: tonin a cicogn|Aqua Jet|p2b: Kingambit\n|-supereffective|p2b: Kingambit\n|-damage|p2b: Kingambit|0 fnt\n|faint|p2b: Kingambit\n|-ability|p1b: tonin a cicogn|Moxie|boost\n|-boost|p1b: tonin a cicogn|atk|1\n|-damage|p1b: tonin a cicogn|22\/100 par|[from] item: Life Orb\n|move|p2a: Gyarados|Taunt|p1a: Corviknight\n|-start|p1a: Corviknight|move: Taunt\n|move|p1a: Corviknight|Brave Bird|p2a: Gyarados\n|-damage|p2a: Gyarados|31\/100\n|-damage|p1a: Corviknight|60\/100|[from] Recoil\n|\n|upkeep\n|\n|t:|1682331379\n|switch|p2b: Gholdengo|Gholdengo, L50|100\/100\n|turn|5\n|\n|t:|1682331392\n|switch|p2a: Iron Jugulis|Iron Jugulis, L50|100\/100\n|-enditem|p2a: Iron Jugulis|Booster Energy\n|-activate|p2a: Iron Jugulis|ability: Quark Drive|[fromitem]\n|-start|p2a: Iron Jugulis|quarkdrivespe\n|-terastallize|p1a: Corviknight|Fire\n|move|p1b: tonin a cicogn|Aqua Jet|p2b: Gholdengo\n|-damage|p2b: Gholdengo|66\/100\n|-damage|p1b: tonin a cicogn|12\/100 par|[from] item: Life Orb\n|move|p2b: Gholdengo|Thunderbolt|p1b: tonin a cicogn\n|-supereffective|p1b: tonin a cicogn\n|-damage|p1b: tonin a cicogn|0 fnt\n|faint|p1b: tonin a cicogn\n|move|p1a: Corviknight|Brave Bird|p2b: Gholdengo\n|-resisted|p2b: Gholdengo\n|-damage|p2b: Gholdengo|32\/100\n|-damage|p1a: Corviknight|50\/100|[from] Recoil\n|\n|upkeep\n|\n|t:|1682331402\n|switch|p1b: Arcanine|Arcanine, L50, F|100\/100\n|-ability|p1b: Arcanine|Intimidate|boost\n|-unboost|p2a: Iron Jugulis|atk|1\n|-unboost|p2b: Gholdengo|atk|1\n|turn|6\n|\n|t:|1682331414\n|move|p2a: Iron Jugulis|Tailwind|p2a: Iron Jugulis\n|-sidestart|p2: lateralvs|move: Tailwind\n|move|p2b: Gholdengo|Thunderbolt|p1a: Corviknight\n|-damage|p1a: Corviknight|15\/100\n|move|p1b: Arcanine|Flare Blitz|p2b: Gholdengo\n|-supereffective|p2b: Gholdengo\n|-damage|p2b: Gholdengo|0 fnt\n|faint|p2b: Gholdengo\n|-damage|p1b: Arcanine|90\/100|[from] Recoil\n|move|p1a: Corviknight|Brave Bird|p2a: Iron Jugulis\n|-damage|p2a: Iron Jugulis|23\/100\n|-damage|p1a: Corviknight|0 fnt|[from] Recoil\n|faint|p1a: Corviknight\n|\n|upkeep\n|\n|t:|1682331429\n|switch|p2b: Gyarados|Gyarados, L50, F|31\/100\n|switch|p1a: Don Ciro|Chien-Pao, L50|100\/100\n|-ability|p2b: Gyarados|Intimidate|boost\n|-unboost|p1a: Don Ciro|atk|1\n|-unboost|p1b: Arcanine|atk|1\n|-ability|p1a: Don Ciro|Sword of Ruin\n|turn|7\n|\n|t:|1682331453\n|move|p1b: Arcanine|Extreme Speed|p2a: Iron Jugulis\n|-damage|p2a: Iron Jugulis|6\/100\n|move|p1a: Don Ciro|Sucker Punch||[still]\n|-fail|p1a: Don Ciro\n|move|p2a: Iron Jugulis|Air Slash|p1b: Arcanine\n|-damage|p1b: Arcanine|58\/100\n|move|p2b: Gyarados|Thunder Wave|p1a: Don Ciro\n|-status|p1a: Don Ciro|par\n|\n|upkeep\n|turn|8\n|\n|t:|1682331467\n|move|p2a: Iron Jugulis|Protect|p2a: Iron Jugulis\n|-singleturn|p2a: Iron Jugulis|Protect\n|move|p1b: Arcanine|Extreme Speed|p2a: Iron Jugulis\n|-activate|p2a: Iron Jugulis|move: Protect\n|move|p1a: Don Ciro|Sucker Punch|p2b: Gyarados\n|-damage|p2b: Gyarados|4\/100\n|move|p2b: Gyarados|Waterfall|p1b: Arcanine\n|-supereffective|p1b: Arcanine\n|-damage|p1b: Arcanine|0 fnt\n|faint|p1b: Arcanine\n|\n|upkeep\n|turn|9\n|\n|t:|1682331481\n|cant|p1a: Don Ciro|par\n|move|p2a: Iron Jugulis|Air Slash|p1a: Don Ciro\n|-crit|p1a: Don Ciro\n|-damage|p1a: Don Ciro|29\/100 par\n|move|p2b: Gyarados|Waterfall|p1a: Don Ciro\n|-damage|p1a: Don Ciro|0 fnt\n|faint|p1a: Don Ciro\n|\n|win|lateralvs\n|raw|cacazzo's rating: 1403 → 1386<\/strong> (-17 for losing)\n|raw|lateralvs's rating: 1459 → 1476<\/strong> (+17 for winning)\n|c|\u2606cacazzo|ahahaha\n|l|\u2606cacazzo\n","uploadtime":1682331500,"views":22,"p1id":"cacazzo","p2id":"lateralvs","formatid":"gen9vgc2023regulationc","rating":1386,"private":0,"password":""}