{"id":"gen9vgc2023regulationc-1859745880","p1":"KyouheiWasTaken","p2":"HenryTDobson","format":"[Gen 9] VGC 2023 Regulation C","log":"|j|\u2606KyouheiWasTaken\n|j|\u2606HenryTDobson\n|t:|1683561075\n|gametype|doubles\n|player|p1|KyouheiWasTaken|n|\n|player|p2|HenryTDobson|lady|\n|teamsize|p1|6\n|teamsize|p2|6\n|gen|9\n|tier|[Gen 9] VGC 2023 Regulation C\n|rule|Species Clause: Limit one of each Pok\u00e9mon\n|rule|Item Clause: Limit one of each item\n|clearpoke\n|poke|p1|Dragapult, L50, M|\n|poke|p1|Amoonguss, L50, F|\n|poke|p1|Chien-Pao, L50|\n|poke|p1|Arcanine, L50, F|\n|poke|p1|Flutter Mane, L50|\n|poke|p1|Palafin, L50, F|\n|poke|p2|Baxcalibur, L50, M|\n|poke|p2|Flutter Mane, L50|\n|poke|p2|Chi-Yu, L50|\n|poke|p2|Gyarados, L50, M|\n|poke|p2|Ting-Lu, L50|\n|poke|p2|Amoonguss, L50, F|\n|teampreview|4\n|c|\u2606KyouheiWasTaken|Glhf\n|c|\u2606HenryTDobson|Gl hf\n|\n|t:|1683561159\n|start\n|switch|p1a: Deku|Palafin, L50, F|100\/100\n|switch|p1b: Sus|Amoonguss, L50, F|100\/100\n|switch|p2a: Amongus|Amoonguss, L50, F|100\/100\n|switch|p2b: Magi|Flutter Mane, L50|100\/100\n|-enditem|p2b: Magi|Booster Energy\n|-activate|p2b: Magi|ability: Protosynthesis|[fromitem]\n|-start|p2b: Magi|protosynthesisspe\n|turn|1\n|\n|t:|1683561194\n|detailschange|p1a: Deku|Palafin-Hero, L50, F\n|switch|p1a: Hello there|Flutter Mane, L50|100\/100\n|-enditem|p1a: Hello there|Booster Energy\n|-activate|p1a: Hello there|ability: Protosynthesis|[fromitem]\n|-start|p1a: Hello there|protosynthesisspe\n|move|p1b: Sus|Protect|p1b: Sus\n|-singleturn|p1b: Sus|Protect\n|move|p2a: Amongus|Rage Powder|p2a: Amongus\n|-singleturn|p2a: Amongus|move: Rage Powder\n|move|p2b: Magi|Dazzling Gleam|p1b: Sus|[spread] p1a\n|-activate|p1b: Sus|move: Protect\n|-damage|p1a: Hello there|67\/100\n|\n|upkeep\n|turn|2\n|\n|t:|1683561240\n|move|p2a: Amongus|Rage Powder|p2a: Amongus\n|-singleturn|p2a: Amongus|move: Rage Powder\n|move|p1a: Hello there|Dazzling Gleam|p2a: Amongus|[spread] p2a,p2b\n|-resisted|p2a: Amongus\n|-damage|p2a: Amongus|88\/100\n|-damage|p2b: Magi|69\/100\n|move|p2b: Magi|Shadow Ball|p1a: Hello there\n|-supereffective|p1a: Hello there\n|-damage|p1a: Hello there|0 fnt\n|faint|p1a: Hello there\n|-end|p1a: Hello there|Protosynthesis|[silent]\n|move|p1b: Sus|Spore|p2b: Magi\n|-status|p2b: Magi|slp|[from] move: Spore\n|\n|upkeep\n|\n|t:|1683561259\n|switch|p1a: Phantom|Dragapult, L50, M|100\/100\n|turn|3\n|\n|t:|1683561280\n|-terastallize|p1a: Phantom|Steel\n|cant|p2b: Magi|slp\n|move|p1b: Sus|Protect|p1b: Sus\n|-singleturn|p1b: Sus|Protect\n|move|p2a: Amongus|Rage Powder|p2a: Amongus\n|-singleturn|p2a: Amongus|move: Rage Powder\n|move|p1a: Phantom|Tera Blast|p2a: Amongus\n|-damage|p2a: Amongus|39\/100\n|-enditem|p2a: Amongus|Sitrus Berry|[eat]\n|-heal|p2a: Amongus|64\/100|[from] item: Sitrus Berry\n|\n|upkeep\n|turn|4\n|\n|t:|1683561297\n|-curestatus|p2b: Magi|slp|[msg]\n|move|p2b: Magi|Protect|p2b: Magi\n|-singleturn|p2b: Magi|Protect\n|move|p1b: Sus|Rage Powder|p1b: Sus\n|-singleturn|p1b: Sus|move: Rage Powder\n|move|p2a: Amongus|Rage Powder|p2a: Amongus\n|-singleturn|p2a: Amongus|move: Rage Powder\n|move|p1a: Phantom|Tera Blast|p2a: Amongus\n|-damage|p2a: Amongus|15\/100\n|\n|upkeep\n|turn|5\n|\n|t:|1683561322\n|switch|p2a: Nemo|Chi-Yu, L50|100\/100\n|-ability|p2a: Nemo|Beads of Ruin\n|-terastallize|p2b: Magi|Grass\n|move|p1b: Sus|Protect|p1b: Sus\n|-singleturn|p1b: Sus|Protect\n|move|p2b: Magi|Shadow Ball|p1a: Phantom\n|-crit|p1a: Phantom\n|-damage|p1a: Phantom|0 fnt\n|faint|p1a: Phantom\n|\n|upkeep\n|\n|t:|1683561341\n|switch|p1a: Deku|Palafin-Hero, L50, F|100\/100\n|-activate|p1a: Deku|ability: Zero to Hero\n|turn|6\n|\n|t:|1683561379\n|move|p1b: Sus|Rage Powder|p1b: Sus\n|-singleturn|p1b: Sus|move: Rage Powder\n|move|p1a: Deku|Jet Punch|p2a: Nemo\n|-supereffective|p2a: Nemo\n|-damage|p2a: Nemo|0 fnt\n|faint|p2a: Nemo\n|move|p2b: Magi|Moonblast|p1a: Deku\n|-damage|p1a: Deku|50\/100\n|-unboost|p1a: Deku|spa|1\n|\n|upkeep\n|\n|t:|1683561390\n|switch|p2a: Amongus|Amoonguss, L50, F|48\/100\n|turn|7\n|\n|t:|1683561404\n|move|p1a: Deku|Protect|p1a: Deku\n|-singleturn|p1a: Deku|Protect\n|move|p2a: Amongus|Rage Powder|p2a: Amongus\n|-singleturn|p2a: Amongus|move: Rage Powder\n|move|p2b: Magi|Moonblast|p1a: Deku\n|-activate|p1a: Deku|move: Protect\n|move|p1b: Sus|Pollen Puff|p2b: Magi\n|-supereffective|p2b: Magi\n|-damage|p2b: Magi|33\/100\n|\n|upkeep\n|turn|8\n|\n|t:|1683561429\n|move|p1a: Deku|Protect|p1a: Deku\n|-singleturn|p1a: Deku|Protect\n|move|p2a: Amongus|Rage Powder|p2a: Amongus\n|-singleturn|p2a: Amongus|move: Rage Powder\n|move|p2b: Magi|Moonblast|p1a: Deku\n|-activate|p1a: Deku|move: Protect\n|move|p1b: Sus|Pollen Puff|p1a: Deku\n|-activate|p1a: Deku|move: Protect\n|\n|upkeep\n|turn|9\n|\n|t:|1683561473\n|move|p1b: Sus|Rage Powder|p1b: Sus\n|-singleturn|p1b: Sus|move: Rage Powder\n|move|p2a: Amongus|Rage Powder|p2a: Amongus\n|-singleturn|p2a: Amongus|move: Rage Powder\n|move|p1a: Deku|Jet Punch|p2a: Amongus\n|-resisted|p2a: Amongus\n|-damage|p2a: Amongus|31\/100\n|move|p2b: Magi|Moonblast|p1a: Deku\n|-damage|p1a: Deku|0 fnt\n|faint|p1a: Deku\n|\n|upkeep\n|turn|10\n|c|\u2606KyouheiWasTaken|GG\n|\n|t:|1683561491\n|move|p2b: Magi|Shadow Ball|p1b: Sus\n|-damage|p1b: Sus|72\/100\n|move|p1b: Sus|Pollen Puff|p2b: Magi\n|-supereffective|p2b: Magi\n|-damage|p2b: Magi|0 fnt\n|faint|p2b: Magi\n|-end|p2b: Magi|Protosynthesis|[silent]\n|move|p2a: Amongus|Pollen Puff|p1b: Sus\n|-damage|p1b: Sus|60\/100\n|\n|upkeep\n|\n|t:|1683561504\n|switch|p2b: Drake|Baxcalibur, L50, M|100\/100\n|turn|11\n|\n|t:|1683561512\n|move|p2b: Drake|Icicle Spear|p1b: Sus\n|-supereffective|p1b: Sus\n|-damage|p1b: Sus|26\/100\n|-enditem|p1b: Sus|Sitrus Berry|[eat]\n|-heal|p1b: Sus|51\/100|[from] item: Sitrus Berry\n|-supereffective|p1b: Sus\n|-damage|p1b: Sus|18\/100\n|-supereffective|p1b: Sus\n|-damage|p1b: Sus|0 fnt\n|faint|p1b: Sus\n|-hitcount|p1: Sus|3\n|\n|win|HenryTDobson\n|l|\u2606KyouheiWasTaken\n|c|\u2606HenryTDobson|Gg\n","uploadtime":1683561527,"views":17,"p1id":"kyouheiwastaken","p2id":"henrytdobson","formatid":"gen9vgc2023regulationc","rating":0,"private":0,"password":""}