{"id":"gen9vgc2023regulationc-1847390937","p1":"Seymorekun","p2":"Dervish91","format":"[Gen 9] VGC 2023 Regulation C","log":"|j|\u2606Seymorekun\n|j|\u203dDervish91\n|t:|1681949584\n|gametype|doubles\n|player|p1|Seymorekun|benga|1195\n|player|p2|Dervish91|266|1150\n|teamsize|p1|6\n|teamsize|p2|6\n|gen|9\n|tier|[Gen 9] VGC 2023 Regulation C\n|rated|\n|rule|Species Clause: Limit one of each Pok\u00e9mon\n|rule|Item Clause: Limit one of each item\n|clearpoke\n|poke|p1|Chi-Yu, L50|\n|poke|p1|Gyarados, L50, F|\n|poke|p1|Iron Hands, L50|\n|poke|p1|Chien-Pao, L50|\n|poke|p1|Dragonite, L50, F|\n|poke|p1|Flutter Mane, L50|\n|poke|p2|Dragapult, L50, M|\n|poke|p2|Chien-Pao, L50|\n|poke|p2|Gyarados, L50, F|\n|poke|p2|Corviknight, L50, M|\n|poke|p2|Baxcalibur, L50, M|\n|poke|p2|Grimmsnarl, L50, M|\n|teampreview|4\n|inactive|Battle timer is ON: inactive players will automatically lose when time's up. (requested by Seymorekun)\n|\n|t:|1681949639\n|start\n|switch|p1a: Gyarados|Gyarados, L50, F|100\/100\n|switch|p1b: Iron Hands|Iron Hands, L50|100\/100\n|switch|p2a: Corviknight|Corviknight, L50, M|100\/100\n|switch|p2b: Chien-Pao|Chien-Pao, L50|100\/100\n|-ability|p2b: Chien-Pao|Sword of Ruin\n|-ability|p1a: Gyarados|Intimidate|boost\n|-ability|p2a: Corviknight|Mirror Armor\n|-unboost|p1a: Gyarados|atk|1\n|-unboost|p2b: Chien-Pao|atk|1\n|turn|1\n|inactive|Seymorekun has 30 seconds left.\n|inactive|Seymorekun has 20 seconds left.\n|\n|t:|1681949674\n|move|p2b: Chien-Pao|Protect|p2b: Chien-Pao\n|-singleturn|p2b: Chien-Pao|Protect\n|move|p1a: Gyarados|Taunt|p2a: Corviknight\n|-start|p2a: Corviknight|move: Taunt\n|move|p2a: Corviknight|Brave Bird|p1a: Gyarados\n|-damage|p1a: Gyarados|19\/100\n|-enditem|p1a: Gyarados|Sitrus Berry|[eat]\n|-heal|p1a: Gyarados|44\/100|[from] item: Sitrus Berry\n|-damage|p2a: Corviknight|78\/100|[from] Recoil\n|move|p1b: Iron Hands|Thunder Punch|p2b: Chien-Pao\n|-activate|p2b: Chien-Pao|move: Protect\n|\n|upkeep\n|turn|2\n|inactive|Dervish91 has 30 seconds left.\n|\n|t:|1681949706\n|switch|p1a: Dragonite|Dragonite, L50, F|100\/100\n|move|p2b: Chien-Pao|Sucker Punch||[still]\n|-fail|p2b: Chien-Pao\n|move|p2a: Corviknight|Brave Bird|p1b: Iron Hands\n|-damage|p1b: Iron Hands|66\/100\n|-damage|p2a: Corviknight|63\/100|[from] Recoil\n|move|p1b: Iron Hands|Drain Punch|p2a: Corviknight\n|-damage|p2a: Corviknight|15\/100\n|-heal|p1b: Iron Hands|85\/100|[from] drain|[of] p2a: Corviknight\n|\n|upkeep\n|turn|3\n|\n|t:|1681949731\n|switch|p2a: Baxcalibur|Baxcalibur, L50, M|100\/100\n|move|p1a: Dragonite|Protect|p1a: Dragonite\n|-singleturn|p1a: Dragonite|Protect\n|move|p2b: Chien-Pao|Ice Spinner|p1a: Dragonite\n|-activate|p1a: Dragonite|move: Protect\n|move|p1b: Iron Hands|Thunder Punch|p2a: Baxcalibur\n|-resisted|p2a: Baxcalibur\n|-damage|p2a: Baxcalibur|74\/100\n|\n|upkeep\n|turn|4\n|\n|t:|1681949753\n|switch|p1a: Gyarados|Gyarados, L50, F|44\/100\n|-ability|p1a: Gyarados|Intimidate|boost\n|-unboost|p2a: Baxcalibur|atk|1\n|-unboost|p2b: Chien-Pao|atk|1\n|-terastallize|p2a: Baxcalibur|Poison\n|move|p2b: Chien-Pao|Ice Spinner|p1a: Gyarados\n|-damage|p1a: Gyarados|5\/100\n|move|p2a: Baxcalibur|Icicle Spear|p1b: Iron Hands\n|-damage|p1b: Iron Hands|75\/100\n|-damage|p1b: Iron Hands|66\/100\n|-damage|p1b: Iron Hands|58\/100\n|-damage|p1b: Iron Hands|48\/100\n|-damage|p1b: Iron Hands|38\/100\n|-hitcount|p1b: Iron Hands|5\n|move|p1b: Iron Hands|Drain Punch|p2a: Baxcalibur\n|-resisted|p2a: Baxcalibur\n|-damage|p2a: Baxcalibur|47\/100\n|-heal|p1b: Iron Hands|50\/100|[from] drain|[of] p2a: Baxcalibur\n|\n|upkeep\n|turn|5\n|inactive|Seymorekun has 30 seconds left.\n|inactive|Dervish91 has 30 seconds left.\n|inactive|Seymorekun has 20 seconds left.\n|\n|t:|1681949793\n|move|p2a: Baxcalibur|Ice Shard|p1a: Gyarados\n|-crit|p1a: Gyarados\n|-damage|p1a: Gyarados|0 fnt\n|faint|p1a: Gyarados\n|move|p2b: Chien-Pao|Ice Spinner|p1b: Iron Hands\n|-damage|p1b: Iron Hands|32\/100\n|move|p1b: Iron Hands|Drain Punch|p2a: Baxcalibur\n|-resisted|p2a: Baxcalibur\n|-damage|p2a: Baxcalibur|22\/100\n|-heal|p1b: Iron Hands|42\/100|[from] drain|[of] p2a: Baxcalibur\n|\n|upkeep\n|\n|t:|1681949807\n|switch|p1a: Chi-Yu|Chi-Yu, L50|100\/100\n|-ability|p1a: Chi-Yu|Beads of Ruin\n|turn|6\n|inactive|Dervish91 has 30 seconds left.\n|inactive|Dervish91 has 20 seconds left.\n|\n|t:|1681949844\n|switch|p2b: Gyarados|Gyarados, L50, F|100\/100\n|-ability|p2b: Gyarados|Intimidate|boost\n|-unboost|p1a: Chi-Yu|atk|1\n|-unboost|p1b: Iron Hands|atk|1\n|-terastallize|p1a: Chi-Yu|Water\n|move|p2a: Baxcalibur|Protect|p2a: Baxcalibur\n|-singleturn|p2a: Baxcalibur|Protect\n|move|p1a: Chi-Yu|Heat Wave|p2a: Baxcalibur|[spread] p2b\n|-activate|p2a: Baxcalibur|move: Protect\n|-resisted|p2b: Gyarados\n|-damage|p2b: Gyarados|78\/100\n|move|p1b: Iron Hands|Drain Punch|p2a: Baxcalibur\n|-activate|p2a: Baxcalibur|move: Protect\n|\n|upkeep\n|turn|7\n|inactive|Dervish91 has 30 seconds left.\n|inactive|Dervish91 has 20 seconds left.\n|\n|t:|1681949882\n|move|p1a: Chi-Yu|Substitute|p1a: Chi-Yu\n|-start|p1a: Chi-Yu|Substitute\n|-damage|p1a: Chi-Yu|76\/100\n|move|p2b: Gyarados|Thunder Wave||[still]\n|-fail|p2b: Gyarados\n|move|p2a: Baxcalibur|Icicle Spear|p1b: Iron Hands\n|-damage|p1b: Iron Hands|35\/100\n|-damage|p1b: Iron Hands|28\/100\n|-damage|p1b: Iron Hands|21\/100\n|-damage|p1b: Iron Hands|14\/100\n|-hitcount|p1b: Iron Hands|4\n|move|p1b: Iron Hands|Thunder Punch|p2b: Gyarados\n|-supereffective|p2b: Gyarados\n|-damage|p2b: Gyarados|0 fnt\n|faint|p2b: Gyarados\n|\n|-heal|p1a: Chi-Yu|82\/100|[from] item: Leftovers\n|upkeep\n|\n|t:|1681949896\n|switch|p2b: Corviknight|Corviknight, L50, M|15\/100\n|turn|8\n|\n|t:|1681949920\n|move|p1a: Chi-Yu|Heat Wave|p2a: Baxcalibur|[spread] p2a,p2b\n|-supereffective|p2b: Corviknight\n|-damage|p2a: Baxcalibur|0 fnt\n|-damage|p2b: Corviknight|0 fnt\n|faint|p2a: Baxcalibur\n|faint|p2b: Corviknight\n|move|p1b: Iron Hands|Drain Punch|p2: Baxcalibur|[notarget]\n|-fail|p1b: Iron Hands\n|\n|-heal|p1a: Chi-Yu|88\/100|[from] item: Leftovers\n|upkeep\n|\n|t:|1681949924\n|switch|p2a: Chien-Pao|Chien-Pao, L50|100\/100\n|-ability|p2a: Chien-Pao|Sword of Ruin\n|turn|9\n|\n|t:|1681949938\n|move|p2a: Chien-Pao|Ice Spinner|p1b: Iron Hands\n|-damage|p1b: Iron Hands|0 fnt\n|faint|p1b: Iron Hands\n|-end|p1b: Iron Hands|Quark Drive|[silent]\n|move|p1a: Chi-Yu|Heat Wave|p2a: Chien-Pao\n|-supereffective|p2a: Chien-Pao\n|-enditem|p2a: Chien-Pao|Focus Sash\n|-damage|p2a: Chien-Pao|1\/100\n|\n|-heal|p1a: Chi-Yu|94\/100|[from] item: Leftovers\n|upkeep\n|\n|t:|1681949949\n|switch|p1b: Dragonite|Dragonite, L50, F|100\/100\n|turn|10\n|\n|t:|1681949958\n|move|p1b: Dragonite|Extreme Speed|p2a: Chien-Pao\n|-damage|p2a: Chien-Pao|0 fnt\n|faint|p2a: Chien-Pao\n|\n|win|Seymorekun\n|raw|Seymorekun's rating: 1195 → 1217<\/strong> (+22 for winning)\n|raw|Dervish91's rating: 1150 → 1128<\/strong> (-22 for losing)\n|l|\u203dDervish91\n","uploadtime":1681949973,"views":4,"p1id":"seymorekun","p2id":"dervish91","formatid":"gen9vgc2023regulationc","rating":1128,"private":0,"password":""}