{"id":"gen9vgc2023regulationc-1864170396","p1":"prosan","p2":"zdsqsfsdq","format":"[Gen 9] VGC 2023 Regulation C","log":"|j|\u2606prosan\n|j|\u2606zdsqsfsdq\n|t:|1684129325\n|gametype|doubles\n|player|p1|prosan|170|1097\n|player|p2|zdsqsfsdq|2|1040\n|teamsize|p1|6\n|teamsize|p2|6\n|gen|9\n|tier|[Gen 9] VGC 2023 Regulation C\n|rated|\n|rule|Species Clause: Limit one of each Pok\u00e9mon\n|rule|Item Clause: Limit one of each item\n|clearpoke\n|poke|p1|Tyranitar, L50, M|\n|poke|p1|Gothitelle, L50, M|\n|poke|p1|Roaring Moon, L50|\n|poke|p1|Jolteon, L50, M|\n|poke|p1|Gyarados, L50, F|\n|poke|p1|Drifblim, L50, M|\n|poke|p2|Iron Bundle, L50|\n|poke|p2|Tyranitar, L50, F|\n|poke|p2|Wo-Chien, L50|\n|poke|p2|Glimmora, L50, M|\n|poke|p2|Gyarados, L50, M|\n|poke|p2|Flutter Mane, L50|\n|teampreview|4\n|j| Viroptem\n|c| Viroptem|FUCK DOLAD TRUMP\n|c|&|\/log Viroptem was locked from talking by Artemis. (\u2606Viroptem: FUCK DOLAD TRUMP)\n|c|&|\/raw This action was done automatically. Want to learn more about the AI? Visit the information thread<\/a>.<\/small>\n|c|\u2606prosan|uhhh\n|c|\u2606prosan|ok\n|inactive|Battle timer is ON: inactive players will automatically lose when time's up. (requested by prosan)\n|\n|t:|1684129382\n|start\n|switch|p1a: Tyranitar|Tyranitar, L50, M|100\/100\n|switch|p1b: Jolteon|Jolteon, L50, M, shiny|100\/100\n|switch|p2a: Flutter Mane|Flutter Mane, L50|100\/100\n|switch|p2b: Glimmora|Glimmora, L50, M|100\/100\n|-weather|Sandstorm|[from] ability: Sand Stream|[of] p1a: Tyranitar\n|-enditem|p2a: Flutter Mane|Booster Energy\n|-activate|p2a: Flutter Mane|ability: Protosynthesis|[fromitem]\n|-start|p2a: Flutter Mane|protosynthesisspe\n|turn|1\n|\n|t:|1684129401\n|move|p2a: Flutter Mane|Dazzling Gleam|p1b: Jolteon|[spread] p1a,p1b\n|-supereffective|p1a: Tyranitar\n|-crit|p1a: Tyranitar\n|-crit|p1b: Jolteon\n|-damage|p1a: Tyranitar|65\/100\n|-damage|p1b: Jolteon|35\/100\n|move|p1b: Jolteon|Volt Switch|p2a: Flutter Mane\n|-damage|p2a: Flutter Mane|56\/100\n|\n|t:|1684129410\n|switch|p1b: Gothitelle|Gothitelle, L50, M, shiny|100\/100|[from] Volt Switch\n|move|p2b: Glimmora|Earth Power|p1b: Gothitelle\n|-crit|p1b: Gothitelle\n|-damage|p1b: Gothitelle|60\/100\n|move|p1a: Tyranitar|Icy Wind|p2a: Flutter Mane|[spread] p2a,p2b\n|-crit|p2a: Flutter Mane\n|-damage|p2a: Flutter Mane|38\/100\n|-damage|p2b: Glimmora|95\/100\n|-unboost|p2a: Flutter Mane|spe|1\n|-unboost|p2b: Glimmora|spe|1\n|\n|-weather|Sandstorm|[upkeep]\n|-damage|p2a: Flutter Mane|32\/100|[from] Sandstorm\n|upkeep\n|turn|2\n|\n|t:|1684129428\n|move|p1b: Gothitelle|Protect|p1b: Gothitelle\n|-singleturn|p1b: Gothitelle|Protect\n|move|p2a: Flutter Mane|Shadow Ball|p1b: Gothitelle\n|-activate|p1b: Gothitelle|move: Protect\n|move|p1a: Tyranitar|Icy Wind|p2a: Flutter Mane|[spread] p2a,p2b\n|-damage|p2a: Flutter Mane|21\/100\n|-damage|p2b: Glimmora|89\/100\n|-unboost|p2a: Flutter Mane|spe|1\n|-unboost|p2b: Glimmora|spe|1\n|move|p2b: Glimmora|Earth Power|p1a: Tyranitar\n|-supereffective|p1a: Tyranitar\n|-damage|p1a: Tyranitar|42\/100\n|\n|-weather|Sandstorm|[upkeep]\n|-damage|p2a: Flutter Mane|15\/100|[from] Sandstorm\n|upkeep\n|turn|3\n|inactive|prosan has 30 seconds left.\n|\n|t:|1684129454\n|move|p2a: Flutter Mane|Shadow Ball|p1b: Gothitelle\n|-supereffective|p1b: Gothitelle\n|-damage|p1b: Gothitelle|0 fnt\n|faint|p1b: Gothitelle\n|move|p1a: Tyranitar|Dark Pulse|p2a: Flutter Mane\n|-damage|p2a: Flutter Mane|0 fnt\n|faint|p2a: Flutter Mane\n|-end|p2a: Flutter Mane|Protosynthesis|[silent]\n|move|p2b: Glimmora|Mortal Spin|p1a: Tyranitar\n|-resisted|p1a: Tyranitar\n|-damage|p1a: Tyranitar|39\/100\n|-status|p1a: Tyranitar|psn\n|\n|-weather|Sandstorm|[upkeep]\n|-damage|p1a: Tyranitar|27\/100 psn|[from] psn\n|upkeep\n|\n|t:|1684129468\n|switch|p2a: Wo-Chien|Wo-Chien, L50|100\/100\n|switch|p1b: Jolteon|Jolteon, L50, M, shiny|35\/100\n|-ability|p2a: Wo-Chien|Tablets of Ruin\n|turn|4\n|inactive|zdsqsfsdq has 30 seconds left.\n|inactive|zdsqsfsdq has 20 seconds left.\n|\n|t:|1684129508\n|switch|p2b: Tyranitar|Tyranitar, L50, F|100\/100\n|-terastallize|p1b: Jolteon|Flying\n|move|p1b: Jolteon|Tera Blast|p2a: Wo-Chien\n|-supereffective|p2a: Wo-Chien\n|-damage|p2a: Wo-Chien|38\/100\n|move|p2a: Wo-Chien|Foul Play|p1a: Tyranitar\n|-resisted|p1a: Tyranitar\n|-damage|p1a: Tyranitar|14\/100 psn\n|move|p1a: Tyranitar|Power Gem|p2b: Tyranitar\n|-damage|p2b: Tyranitar|77\/100\n|\n|-weather|Sandstorm|[upkeep]\n|-damage|p1b: Jolteon|29\/100|[from] Sandstorm\n|-damage|p2a: Wo-Chien|32\/100|[from] Sandstorm\n|-heal|p2a: Wo-Chien|38\/100|[from] item: Leftovers\n|-damage|p1a: Tyranitar|2\/100 psn|[from] psn\n|upkeep\n|turn|5\n|\n|t:|1684129528\n|move|p2a: Wo-Chien|Protect|p2a: Wo-Chien\n|-singleturn|p2a: Wo-Chien|Protect\n|move|p1b: Jolteon|Tera Blast|p2a: Wo-Chien\n|-activate|p2a: Wo-Chien|move: Protect\n|move|p2b: Tyranitar|Rock Slide|p1a: Tyranitar|[spread] p1a,p1b\n|-supereffective|p1b: Jolteon\n|-damage|p1a: Tyranitar|0 fnt\n|-damage|p1b: Jolteon|0 fnt\n|faint|p1a: Tyranitar\n|faint|p1b: Jolteon\n|\n|-weather|none\n|-heal|p2a: Wo-Chien|44\/100|[from] item: Leftovers\n|upkeep\n|inactive|prosan has 30 seconds left.\n|\n|t:|1684129556\n|switch|p1a: Gyarados|Gyarados, L50, F|100\/100\n|-ability|p1a: Gyarados|Intimidate|boost\n|-unboost|p2a: Wo-Chien|atk|1\n|-unboost|p2b: Tyranitar|atk|1\n|turn|6\n|\n|t:|1684129575\n|switch|p2b: Glimmora|Glimmora, L50, M|89\/100\n|move|p1a: Gyarados|Dragon Dance|p1a: Gyarados\n|-boost|p1a: Gyarados|atk|1\n|-boost|p1a: Gyarados|spe|1\n|move|p2a: Wo-Chien|Leech Seed|p1a: Gyarados\n|-start|p1a: Gyarados|move: Leech Seed\n|\n|-heal|p2a: Wo-Chien|50\/100|[from] item: Leftovers\n|-damage|p1a: Gyarados|88\/100|[from] Leech Seed|[of] p2a: Wo-Chien\n|-heal|p2a: Wo-Chien|64\/100|[silent]\n|upkeep\n|turn|7\n|\n|t:|1684129593\n|move|p1a: Gyarados|Waterfall|p2b: Glimmora\n|-supereffective|p2b: Glimmora\n|-damage|p2b: Glimmora|3\/100\n|-activate|p2b: Glimmora|ability: Toxic Debris\n|-sidestart|p1: prosan|move: Toxic Spikes\n|move|p2b: Glimmora|Power Gem|p1a: Gyarados\n|-supereffective|p1a: Gyarados\n|-damage|p1a: Gyarados|14\/100\n|move|p2a: Wo-Chien|Foul Play|p1a: Gyarados\n|-damage|p1a: Gyarados|0 fnt\n|faint|p1a: Gyarados\n|\n|win|zdsqsfsdq\n|raw|prosan's rating: 1097 → 1068<\/strong> (-29 for losing)\n|raw|zdsqsfsdq's rating: 1040 → 1080<\/strong> (+40 for winning)\n","uploadtime":1684129341,"views":11,"p1id":"prosan","p2id":"zdsqsfsdq","formatid":"gen9vgc2023regulationc","rating":1068,"private":0,"password":""}