{"id":"gen9vgc2023regulationc-1845626503","p1":"sam2bh","p2":"haha u rage quit","format":"[Gen 9] VGC 2023 Regulation C","log":"|j|\u2606sam2bh\n|j|\u2606haha u rage quit\n|t:|1681750576\n|gametype|doubles\n|player|p1|sam2bh|swimmerf-gen4|1102\n|player|p2|haha u rage quit|pokemaniac|1197\n|teamsize|p1|6\n|teamsize|p2|6\n|gen|9\n|tier|[Gen 9] VGC 2023 Regulation C\n|rated|\n|rule|Species Clause: Limit one of each Pok\u00e9mon\n|rule|Item Clause: Limit one of each item\n|clearpoke\n|poke|p1|Glimmora, L50, M|\n|poke|p1|Dragapult, L50, M|\n|poke|p1|Indeedee-F, L50, F|\n|poke|p1|Chien-Pao, L50|\n|poke|p1|Arcanine, L50, F|\n|poke|p1|Flutter Mane, L50|\n|poke|p2|Palafin, L50, M|\n|poke|p2|Arcanine, L50, M|\n|poke|p2|Amoonguss, L50, M|\n|poke|p2|Ting-Lu, L50|\n|poke|p2|Baxcalibur, L50, M|\n|poke|p2|Flutter Mane, L50|\n|teampreview|4\n|inactive|Battle timer is ON: inactive players will automatically lose when time's up. (requested by sam2bh)\n|\n|t:|1681750604\n|start\n|switch|p1a: Arcanine|Arcanine, L50, F|100\/100\n|switch|p1b: Glimmora|Glimmora, L50, M|100\/100\n|switch|p2a: Ting-Lu|Ting-Lu, L50|100\/100\n|switch|p2b: Palafin|Palafin, L50, M|100\/100\n|-ability|p1a: Arcanine|Intimidate|boost\n|-unboost|p2a: Ting-Lu|atk|1\n|-unboost|p2b: Palafin|atk|1\n|-ability|p2a: Ting-Lu|Vessel of Ruin\n|turn|1\n|\n|t:|1681750623\n|move|p1a: Arcanine|Protect|p1a: Arcanine\n|-singleturn|p1a: Arcanine|Protect\n|move|p2b: Palafin|Protect|p2b: Palafin\n|-singleturn|p2b: Palafin|Protect\n|move|p1b: Glimmora|Mortal Spin|p2a: Ting-Lu|[spread] p2a\n|-activate|p2b: Palafin|move: Protect\n|-resisted|p2a: Ting-Lu\n|-damage|p2a: Ting-Lu|99\/100\n|-status|p2a: Ting-Lu|psn\n|move|p2a: Ting-Lu|Fissure|p1a: Arcanine\n|-activate|p1a: Arcanine|move: Protect\n|\n|-damage|p2a: Ting-Lu|87\/100 psn|[from] psn\n|upkeep\n|turn|2\n|inactive|sam2bh has 30 seconds left.\n|inactive|haha u rage quit has 30 seconds left.\n|\n|t:|1681750656\n|detailschange|p2b: Palafin|Palafin-Hero, L50, M\n|switch|p2b: Amoonguss|Amoonguss, L50, M|100\/100\n|move|p1a: Arcanine|Flare Blitz|p2a: Ting-Lu\n|-damage|p2a: Ting-Lu|63\/100 psn\n|-damage|p1a: Arcanine|90\/100|[from] Recoil\n|move|p1b: Glimmora|Power Gem|p2b: Amoonguss\n|-damage|p2b: Amoonguss|73\/100\n|move|p2a: Ting-Lu|Stomping Tantrum|p1b: Glimmora\n|-supereffective|p1b: Glimmora\n|-damage|p1b: Glimmora|23\/100\n|-activate|p1b: Glimmora|ability: Toxic Debris\n|-sidestart|p2: haha u rage quit|move: Toxic Spikes\n|\n|-damage|p2a: Ting-Lu|50\/100 psn|[from] psn\n|upkeep\n|turn|3\n|\n|t:|1681750681\n|-terastallize|p2b: Amoonguss|Water\n|move|p1a: Arcanine|Flare Blitz|p2b: Amoonguss\n|-resisted|p2b: Amoonguss\n|-damage|p2b: Amoonguss|50\/100\n|-enditem|p2b: Amoonguss|Sitrus Berry|[eat]\n|-heal|p2b: Amoonguss|74\/100|[from] item: Sitrus Berry\n|-damage|p1a: Arcanine|81\/100|[from] Recoil\n|move|p1b: Glimmora|Earth Power|p2b: Amoonguss\n|-damage|p2b: Amoonguss|53\/100\n|move|p2a: Ting-Lu|Fissure|p1a: Arcanine|[miss]\n|-miss|p2a: Ting-Lu|p1a: Arcanine\n|move|p2b: Amoonguss|Pollen Puff|p2a: Ting-Lu\n|-heal|p2a: Ting-Lu|99\/100 psn\n|\n|-damage|p2a: Ting-Lu|88\/100 psn|[from] psn\n|upkeep\n|turn|4\n|\n|t:|1681750705\n|switch|p2b: Palafin|Palafin-Hero, L50, M|100\/100\n|-status|p2b: Palafin|psn\n|-activate|p2b: Palafin|ability: Zero to Hero\n|move|p1a: Arcanine|Flare Blitz|p2a: Ting-Lu\n|-damage|p2a: Ting-Lu|61\/100 psn\n|-damage|p1a: Arcanine|70\/100|[from] Recoil\n|move|p1b: Glimmora|Mortal Spin|p2b: Palafin|[spread] p2a,p2b\n|-resisted|p2a: Ting-Lu\n|-damage|p2a: Ting-Lu|60\/100 psn\n|-damage|p2b: Palafin|96\/100 psn\n|move|p2a: Ting-Lu|Stomping Tantrum|p1a: Arcanine\n|-supereffective|p1a: Arcanine\n|-damage|p1a: Arcanine|0 fnt\n|faint|p1a: Arcanine\n|\n|-damage|p2b: Palafin|84\/100 psn|[from] psn\n|-damage|p2a: Ting-Lu|48\/100 psn|[from] psn\n|upkeep\n|\n|t:|1681750714\n|switch|p1a: Chien-Pao|Chien-Pao, L50|100\/100\n|-ability|p1a: Chien-Pao|Sword of Ruin\n|turn|5\n|inactive|haha u rage quit has 30 seconds left.\n|\n|t:|1681750747\n|move|p2b: Palafin|Protect|p2b: Palafin\n|-singleturn|p2b: Palafin|Protect\n|move|p1b: Glimmora|Spiky Shield|p1b: Glimmora\n|-singleturn|p1b: Glimmora|move: Protect\n|move|p1a: Chien-Pao|Ice Spinner|p2a: Ting-Lu\n|-supereffective|p2a: Ting-Lu\n|-damage|p2a: Ting-Lu|0 fnt\n|faint|p2a: Ting-Lu\n|-damage|p1a: Chien-Pao|91\/100|[from] item: Life Orb\n|\n|-damage|p2b: Palafin|72\/100 psn|[from] psn\n|upkeep\n|\n|t:|1681750756\n|switch|p2a: Amoonguss|Amoonguss, L50, M, tera:Water|87\/100\n|-status|p2a: Amoonguss|psn\n|turn|6\n|inactive|sam2bh has 30 seconds left.\n|inactive|sam2bh has 20 seconds left.\n|\n|t:|1681750793\n|move|p2a: Amoonguss|Rage Powder|p2a: Amoonguss\n|-singleturn|p2a: Amoonguss|move: Rage Powder\n|move|p1a: Chien-Pao|Throat Chop|p2a: Amoonguss\n|-damage|p2a: Amoonguss|28\/100 psn\n|-start|p2a: Amoonguss|Throat Chop|[silent]\n|-damage|p1a: Chien-Pao|81\/100|[from] item: Life Orb\n|move|p2b: Palafin|Close Combat|p1a: Chien-Pao\n|-supereffective|p1a: Chien-Pao\n|-damage|p1a: Chien-Pao|0 fnt\n|-unboost|p2b: Palafin|def|1\n|-unboost|p2b: Palafin|spd|1\n|faint|p1a: Chien-Pao\n|move|p1b: Glimmora|Power Gem|p2a: Amoonguss\n|-damage|p2a: Amoonguss|0 fnt\n|faint|p2a: Amoonguss\n|\n|-damage|p2b: Palafin|60\/100 psn|[from] psn\n|upkeep\n|\n|t:|1681750798\n|switch|p1a: Flutter Mane|Flutter Mane, L50|100\/100\n|switch|p2a: Flutter Mane|Flutter Mane, L50|100\/100\n|-status|p2a: Flutter Mane|psn\n|-enditem|p2a: Flutter Mane|Booster Energy\n|-activate|p2a: Flutter Mane|ability: Protosynthesis|[fromitem]\n|-start|p2a: Flutter Mane|protosynthesisspe\n|turn|7\n|\n|t:|1681750806\n|-terastallize|p1a: Flutter Mane|Fairy\n|move|p2b: Palafin|Jet Punch|p1b: Glimmora\n|-supereffective|p1b: Glimmora\n|-damage|p1b: Glimmora|0 fnt\n|-activate|p1b: Glimmora|ability: Toxic Debris\n|-sidestart|p2: haha u rage quit|move: Toxic Spikes\n|faint|p1b: Glimmora\n|move|p2a: Flutter Mane|Shadow Ball|p1a: Flutter Mane\n|-damage|p1a: Flutter Mane|58\/100\n|move|p1a: Flutter Mane|Shadow Ball|p2a: Flutter Mane\n|-supereffective|p2a: Flutter Mane\n|-damage|p2a: Flutter Mane|17\/100 psn\n|-unboost|p2a: Flutter Mane|spd|1\n|\n|-damage|p2a: Flutter Mane|4\/100 psn|[from] psn\n|-damage|p2b: Palafin|48\/100 psn|[from] psn\n|upkeep\n|turn|8\n|\n|t:|1681750818\n|move|p2b: Palafin|Jet Punch|p1a: Flutter Mane\n|-crit|p1a: Flutter Mane\n|-damage|p1a: Flutter Mane|0 fnt\n|faint|p1a: Flutter Mane\n|-end|p1a: Flutter Mane|Protosynthesis|[silent]\n|\n|win|haha u rage quit\n|raw|sam2bh's rating: 1102 → 1084<\/strong> (-18 for losing)\n|raw|haha u rage quit's rating: 1197 → 1215<\/strong> (+18 for winning)\n|l|\u2606sam2bh\n","uploadtime":1681750854,"views":11,"p1id":"sam2bh","p2id":"hahauragequit","formatid":"gen9vgc2023regulationc","rating":1084,"private":0,"password":""}