{"id":"gen9vgc2023regulationc-1855263592","p1":"fmvtis","p2":"chazers","format":"[Gen 9] VGC 2023 Regulation C","log":"|j|\u203dfmvtis\n|j|\u2606chazers\n|t:|1682925597\n|gametype|doubles\n|player|p1|fmvtis|ghetsis|1077\n|player|p2|chazers|102|1109\n|teamsize|p1|6\n|teamsize|p2|6\n|gen|9\n|tier|[Gen 9] VGC 2023 Regulation C\n|rated|\n|rule|Species Clause: Limit one of each Pok\u00e9mon\n|rule|Item Clause: Limit one of each item\n|clearpoke\n|poke|p1|Toxtricity-Low-Key, L50, F|\n|poke|p1|Amoonguss, L50, F|\n|poke|p1|Pikachu, L50, F|\n|poke|p1|Quaquaval, L50, F|\n|poke|p1|Sableye, L50, F|\n|poke|p1|Revavroom, L50, F|\n|poke|p2|Espathra, L50, F|\n|poke|p2|Iron Moth, L50|\n|poke|p2|Scovillain, L50, F|\n|poke|p2|Dragapult, L50, M|\n|poke|p2|Ting-Lu, L50|\n|poke|p2|Maushold, L50|\n|teampreview|4\nchazers has agreed to open team sheets.\n|inactive|Battle timer is ON: inactive players will automatically lose when time's up. (requested by chazers)\n|inactive|fmvtis has 60 seconds left.\n|\n|t:|1682925662\n|start\n|switch|p1a: Quaquaval|Quaquaval, L50, F|100\/100\n|switch|p1b: Amoonguss|Amoonguss, L50, F|100\/100\n|switch|p2a: Cleogaga|Espathra, L50, F|100\/100\n|switch|p2b: Maushold|Maushold, L50|100\/100\n|turn|1\n|inactive|chazers has 30 seconds left.\n|inactive|chazers has 20 seconds left.\n|inactive|chazers has 15 seconds left.\n|\n|t:|1682925703\n|-terastallize|p2b: Maushold|Ghost\n|move|p2b: Maushold|Follow Me|p2b: Maushold\n|-singleturn|p2b: Maushold|move: Follow Me\n|move|p1b: Amoonguss|Rage Powder|p1b: Amoonguss\n|-singleturn|p1b: Amoonguss|move: Rage Powder\n|move|p2a: Cleogaga|Substitute|p2a: Cleogaga\n|-start|p2a: Cleogaga|Substitute\n|-damage|p2a: Cleogaga|76\/100\n|move|p1a: Quaquaval|Brick Break|p2b: Maushold\n|-immune|p2b: Maushold\n|\n|-heal|p2a: Cleogaga|82\/100|[from] item: Leftovers\n|-ability|p2a: Cleogaga|Speed Boost|boost\n|-boost|p2a: Cleogaga|spe|1\n|upkeep\n|turn|2\n|inactive|chazers has 30 seconds left.\n|\n|t:|1682925736\n|move|p1b: Amoonguss|Rage Powder|p1b: Amoonguss\n|-singleturn|p1b: Amoonguss|move: Rage Powder\n|move|p2a: Cleogaga|Calm Mind|p2a: Cleogaga\n|-boost|p2a: Cleogaga|spa|1\n|-boost|p2a: Cleogaga|spd|1\n|move|p1a: Quaquaval|Aqua Step|p2b: Maushold\n|-damage|p2b: Maushold|56\/100\n|-boost|p1a: Quaquaval|spe|1\n|move|p2b: Maushold|Encore|p1b: Amoonguss\n|-start|p1b: Amoonguss|Encore\n|\n|-heal|p2a: Cleogaga|88\/100|[from] item: Leftovers\n|-ability|p2a: Cleogaga|Speed Boost|boost\n|-boost|p2a: Cleogaga|spe|1\n|upkeep\n|turn|3\n|inactive|chazers has 30 seconds left.\n|\n|t:|1682925766\n|move|p1b: Amoonguss|Rage Powder|p1b: Amoonguss\n|-singleturn|p1b: Amoonguss|move: Rage Powder\n|move|p2a: Cleogaga|Stored Power|p1b: Amoonguss\n|-supereffective|p1b: Amoonguss\n|-damage|p1b: Amoonguss|0 fnt\n|faint|p1b: Amoonguss\n|move|p1a: Quaquaval|Aqua Step|p2b: Maushold\n|-crit|p2b: Maushold\n|-damage|p2b: Maushold|0 fnt\n|-boost|p1a: Quaquaval|spe|1\n|faint|p2b: Maushold\n|-ability|p1a: Quaquaval|Moxie|boost\n|-boost|p1a: Quaquaval|atk|1\n|\n|-heal|p2a: Cleogaga|93\/100|[from] item: Leftovers\n|-ability|p2a: Cleogaga|Speed Boost|boost\n|-boost|p2a: Cleogaga|spe|1\n|upkeep\n|\n|t:|1682925790\n|switch|p2b: Iron Moth|Iron Moth, L50|100\/100\n|switch|p1b: Pikachu|Pikachu, L50, F|100\/100\n|-enditem|p2b: Iron Moth|Booster Energy\n|-activate|p2b: Iron Moth|ability: Quark Drive|[fromitem]\n|-start|p2b: Iron Moth|quarkdrivespa\n|turn|4\n|\n|t:|1682925811\n|-terastallize|p1a: Quaquaval|Water\n|move|p1b: Pikachu|Fake Out|p2a: Cleogaga\n|-end|p2a: Cleogaga|Substitute\n|move|p2a: Cleogaga|Stored Power|p1a: Quaquaval\n|-damage|p1a: Quaquaval|17\/100\n|move|p1a: Quaquaval|Aqua Step|p2b: Iron Moth\n|-supereffective|p2b: Iron Moth\n|-damage|p2b: Iron Moth|0 fnt\n|-boost|p1a: Quaquaval|spe|1\n|faint|p2b: Iron Moth\n|-end|p2b: Iron Moth|Quark Drive|[silent]\n|-ability|p1a: Quaquaval|Moxie|boost\n|-boost|p1a: Quaquaval|atk|1\n|\n|-heal|p2a: Cleogaga|99\/100|[from] item: Leftovers\n|-ability|p2a: Cleogaga|Speed Boost|boost\n|-boost|p2a: Cleogaga|spe|1\n|upkeep\n|\n|t:|1682925830\n|switch|p2b: Ting-Lu|Ting-Lu, L50|100\/100\n|-ability|p2b: Ting-Lu|Vessel of Ruin\n|turn|5\n|\n|t:|1682925844\n|move|p2a: Cleogaga|Dazzling Gleam|p1a: Quaquaval|[spread] p1a,p1b\n|-damage|p1a: Quaquaval|0 fnt\n|-damage|p1b: Pikachu|38\/100\n|faint|p1a: Quaquaval\n|move|p1b: Pikachu|Volt Tackle|p2a: Cleogaga\n|-damage|p2a: Cleogaga|0 fnt\n|faint|p2a: Cleogaga\n|-damage|p1b: Pikachu|0 fnt|[from] Recoil\n|faint|p1b: Pikachu\n|move|p2b: Ting-Lu|Stomping Tantrum|p1: Quaquaval|[notarget]\n|-fail|p2b: Ting-Lu\n|\n|upkeep\n|\n|t:|1682925855\n|switch|p1b: Revavroom|Revavroom, L50, F|100\/100\n|-item|p1b: Revavroom|Air Balloon\n|turn|6\n|\n|t:|1682925864\n|move|p1b: Revavroom|Shift Gear|p1b: Revavroom\n|-boost|p1b: Revavroom|spe|2\n|-boost|p1b: Revavroom|atk|1\n|move|p2b: Ting-Lu|Throat Chop|p1b: Revavroom\n|-damage|p1b: Revavroom|50\/100\n|-start|p1b: Revavroom|Throat Chop|[silent]\n|-enditem|p1b: Revavroom|Air Balloon\n|\n|upkeep\n|turn|7\n|c|\u2606chazers|gg\n|\n|t:|1682925885\n|move|p1b: Revavroom|Iron Head|p2b: Ting-Lu\n|-damage|p2b: Ting-Lu|62\/100\n|cant|p2b: Ting-Lu|flinch\n|\n|-end|p1b: Revavroom|Throat Chop|[silent]\n|upkeep\n|turn|8\n|\n|t:|1682925893\n|move|p1b: Revavroom|Iron Head|p2b: Ting-Lu\n|-damage|p2b: Ting-Lu|25\/100\n|cant|p2b: Ting-Lu|flinch\n|\n|upkeep\n|turn|9\n|\n|t:|1682925899\n|move|p1b: Revavroom|Iron Head|p2b: Ting-Lu\n|-damage|p2b: Ting-Lu|0 fnt\n|faint|p2b: Ting-Lu\n|\n|win|fmvtis\n|raw|fmvtis's rating: 1077 → 1108<\/strong> (+31 for winning)\n|raw|chazers's rating: 1109 → 1082<\/strong> (-27 for losing)\n|l|\u2606chazers\n","uploadtime":1682925910,"views":26,"p1id":"fmvtis","p2id":"chazers","formatid":"gen9vgc2023regulationc","rating":1082,"private":0,"password":""}