{"id":"gen9vgc2023regulationc-1847466784","p1":"Millie Jean","p2":"LukeVG","format":"[Gen 9] VGC 2023 Regulation C","log":"|j|\u2606Millie Jean\n|j|\u2606LukeVG\n|t:|1681958636\n|gametype|doubles\n|player|p1|Millie Jean|whitney|1204\n|player|p2|LukeVG|colress|1114\n|teamsize|p1|6\n|teamsize|p2|6\n|gen|9\n|tier|[Gen 9] VGC 2023 Regulation C\n|rated|\n|rule|Species Clause: Limit one of each Pok\u00e9mon\n|rule|Item Clause: Limit one of each item\n|clearpoke\n|poke|p1|Wo-Chien, L50|\n|poke|p1|Glimmora, L50, F|\n|poke|p1|Dondozo, L50, F|\n|poke|p1|Tatsugiri, L50, F|\n|poke|p1|Arcanine, L50, F|\n|poke|p1|Flutter Mane, L50|\n|poke|p2|Floatzel, L50, M|\n|poke|p2|Scizor, L50, F|\n|poke|p2|Wo-Chien, L50|\n|poke|p2|Glimmora, L50, F|\n|poke|p2|Pelipper, L50, M|\n|poke|p2|Iron Hands, L50|\n|teampreview|4\n|inactive|Battle timer is ON: inactive players will automatically lose when time's up. (requested by LukeVG)\n|inactive|Millie Jean also wants the timer to be on.\nMillie Jean has agreed to open team sheets.\nLukeVG has agreed to open team sheets.\n|inactive|Millie Jean has 60 seconds left.\n|inactive|LukeVG has 60 seconds left.\n|\n|t:|1681958682\n|start\n|switch|p1a: Wo-Chien|Wo-Chien, L50|100\/100\n|switch|p1b: Flutter Mane|Flutter Mane, L50|100\/100\n|switch|p2a: Glimmora|Glimmora, L50, F|100\/100\n|switch|p2b: Scizor|Scizor, L50, F|100\/100\n|-ability|p1a: Wo-Chien|Tablets of Ruin\n|turn|1\n|inactive|Millie Jean has 30 seconds left.\n|inactive|Millie Jean has 20 seconds left.\n|\n|t:|1681958718\n|-end|p1b: Flutter Mane|Protosynthesis|[silent]\n|switch|p1b: Arcanine|Arcanine, L50, F|100\/100\n|-ability|p1b: Arcanine|Intimidate|boost\n|-unboost|p2a: Glimmora|atk|1\n|-fail|p2b: Scizor|unboost|[from] item: Clear Amulet|[of] p2b: Scizor\n|move|p2b: Scizor|Bullet Punch|p1b: Arcanine\n|-resisted|p1b: Arcanine\n|-damage|p1b: Arcanine|88\/100\n|move|p2a: Glimmora|Sludge Bomb|p1b: Arcanine\n|-damage|p1b: Arcanine|39\/100\n|move|p1a: Wo-Chien|Foul Play|p2b: Scizor\n|-damage|p2b: Scizor|48\/100\n|\n|upkeep\n|turn|2\n|inactive|LukeVG has 30 seconds left.\n|\n|t:|1681958747\n|-terastallize|p2b: Scizor|Fire\n|move|p1b: Arcanine|Protect|p1b: Arcanine\n|-singleturn|p1b: Arcanine|Protect\n|move|p2a: Glimmora|Earth Power|p1b: Arcanine\n|-activate|p1b: Arcanine|move: Protect\n|move|p1a: Wo-Chien|Leech Seed|p2a: Glimmora\n|-start|p2a: Glimmora|move: Leech Seed\n|move|p2b: Scizor|Pounce|p1a: Wo-Chien\n|-supereffective|p1a: Wo-Chien\n|-damage|p1a: Wo-Chien|0 fnt\n|faint|p1a: Wo-Chien\n|\n|upkeep\n|\n|t:|1681958760\n|switch|p1a: Tatsugiri|Tatsugiri, L50, F|100\/100\n|turn|3\n|\n|t:|1681958779\n|move|p2b: Scizor|Protect|p2b: Scizor\n|-singleturn|p2b: Scizor|Protect\n|move|p1b: Arcanine|Extreme Speed|p2b: Scizor\n|-activate|p2b: Scizor|move: Protect\n|move|p1a: Tatsugiri|Muddy Water|p2b: Scizor|[spread] p2a\n|-activate|p2b: Scizor|move: Protect\n|-supereffective|p2a: Glimmora\n|-damage|p2a: Glimmora|55\/100\n|move|p2a: Glimmora|Sludge Bomb|p1a: Tatsugiri\n|-damage|p1a: Tatsugiri|34\/100\n|\n|-damage|p2a: Glimmora|43\/100|[from] Leech Seed|[of] p1a: Tatsugiri\n|-heal|p1a: Tatsugiri|50\/100|[silent]\n|upkeep\n|turn|4\n|inactive|LukeVG has 30 seconds left.\n|\n|t:|1681958808\n|switch|p1b: Flutter Mane|Flutter Mane, L50|100\/100\n|switch|p2b: Iron Hands|Iron Hands, L50|100\/100\n|move|p1a: Tatsugiri|Muddy Water|p2a: Glimmora|[spread] p2a,p2b\n|-supereffective|p2a: Glimmora\n|-damage|p2a: Glimmora|0 fnt\n|-damage|p2b: Iron Hands|77\/100\n|-unboost|p2b: Iron Hands|accuracy|1\n|faint|p2a: Glimmora\n|\n|upkeep\n|\n|t:|1681958818\n|switch|p2a: Scizor|Scizor, L50, F, tera:Fire|48\/100\n|turn|5\n|\n|t:|1681958833\n|-end|p1b: Flutter Mane|Protosynthesis|[silent]\n|switch|p1b: Arcanine|Arcanine, L50, F|39\/100\n|-ability|p1b: Arcanine|Intimidate|boost\n|-fail|p2a: Scizor|unboost|[from] item: Clear Amulet|[of] p2a: Scizor\n|-unboost|p2b: Iron Hands|atk|1\n|switch|p2a: Wo-Chien|Wo-Chien, L50|100\/100\n|-ability|p2a: Wo-Chien|Tablets of Ruin\n|move|p1a: Tatsugiri|Muddy Water|p2b: Iron Hands|[spread] p2a,p2b\n|-resisted|p2a: Wo-Chien\n|-damage|p2a: Wo-Chien|90\/100\n|-damage|p2b: Iron Hands|55\/100\n|move|p2b: Iron Hands|Drain Punch|p1a: Tatsugiri\n|-damage|p1a: Tatsugiri|8\/100\n|-heal|p2b: Iron Hands|67\/100|[from] drain|[of] p1a: Tatsugiri\n|\n|-heal|p2a: Wo-Chien|96\/100|[from] item: Leftovers\n|upkeep\n|turn|6\n|\n|t:|1681958853\n|switch|p1a: Flutter Mane|Flutter Mane, L50|100\/100\n|move|p1b: Arcanine|Will-O-Wisp|p2b: Iron Hands\n|-status|p2b: Iron Hands|brn\n|move|p2a: Wo-Chien|Leech Seed|p1a: Flutter Mane\n|-start|p1a: Flutter Mane|move: Leech Seed\n|move|p2b: Iron Hands|Wild Charge|p1b: Arcanine\n|-damage|p1b: Arcanine|26\/100\n|-damage|p2b: Iron Hands|65\/100 brn|[from] Recoil\n|\n|-heal|p2a: Wo-Chien|100\/100|[from] item: Leftovers\n|-damage|p1a: Flutter Mane|88\/100|[from] Leech Seed|[of] p2a: Wo-Chien\n|-damage|p2b: Iron Hands|59\/100 brn|[from] brn\n|upkeep\n|turn|7\n|\n|t:|1681958873\n|-end|p1a: Flutter Mane|Protosynthesis|[silent]\n|switch|p1a: Tatsugiri|Tatsugiri, L50, F|8\/100\n|move|p1b: Arcanine|Will-O-Wisp|p2a: Wo-Chien\n|-status|p2a: Wo-Chien|brn\n|move|p2a: Wo-Chien|Snarl|p1a: Tatsugiri|[spread] p1a,p1b\n|-damage|p1a: Tatsugiri|0 fnt\n|-damage|p1b: Arcanine|11\/100\n|-unboost|p1b: Arcanine|spa|1\n|faint|p1a: Tatsugiri\n|move|p2b: Iron Hands|Wild Charge|p1b: Arcanine|[miss]\n|-miss|p2b: Iron Hands|p1b: Arcanine\n|\n|-damage|p2a: Wo-Chien|94\/100 brn|[from] brn\n|-damage|p2b: Iron Hands|53\/100 brn|[from] brn\n|upkeep\n|\n|t:|1681958886\n|switch|p1a: Flutter Mane|Flutter Mane, L50|88\/100\n|turn|8\n|\n|t:|1681958904\n|-terastallize|p1a: Flutter Mane|Fairy\n|move|p1b: Arcanine|Protect|p1b: Arcanine\n|-singleturn|p1b: Arcanine|Protect\n|move|p1a: Flutter Mane|Moonblast|p2a: Wo-Chien\n|-supereffective|p2a: Wo-Chien\n|-damage|p2a: Wo-Chien|11\/100 brn\n|move|p2a: Wo-Chien|Snarl|p1b: Arcanine|[spread] p1a\n|-activate|p1b: Arcanine|move: Protect\n|-resisted|p1a: Flutter Mane\n|-damage|p1a: Flutter Mane|84\/100\n|-unboost|p1a: Flutter Mane|spa|1\n|move|p2b: Iron Hands|Wild Charge|p1b: Arcanine\n|-activate|p1b: Arcanine|move: Protect\n|\n|-heal|p2a: Wo-Chien|17\/100 brn|[from] item: Leftovers\n|-damage|p2a: Wo-Chien|11\/100 brn|[from] brn\n|-damage|p2b: Iron Hands|47\/100 brn|[from] brn\n|upkeep\n|turn|9\n|inactive|LukeVG has 30 seconds left.\n|\n|t:|1681958930\n|move|p1b: Arcanine|Extreme Speed|p2a: Wo-Chien\n|-crit|p2a: Wo-Chien\n|-damage|p2a: Wo-Chien|0 fnt\n|faint|p2a: Wo-Chien\n|move|p1a: Flutter Mane|Moonblast|p2b: Iron Hands\n|-supereffective|p2b: Iron Hands\n|-damage|p2b: Iron Hands|0 fnt\n|faint|p2b: Iron Hands\n|-end|p2b: Iron Hands|Quark Drive|[silent]\n|\n|upkeep\n|\n|t:|1681958939\n|switch|p2b: Scizor|Scizor, L50, F, tera:Fire|48\/100\n|turn|10\n|\n|t:|1681958949\n|move|p1b: Arcanine|Extreme Speed|p2b: Scizor\n|-damage|p2b: Scizor|26\/100\n|move|p2b: Scizor|Bullet Punch|p1a: Flutter Mane\n|-supereffective|p1a: Flutter Mane\n|-damage|p1a: Flutter Mane|0 fnt\n|faint|p1a: Flutter Mane\n|-end|p1a: Flutter Mane|Protosynthesis|[silent]\n|\n|upkeep\n|turn|11\n|\n|t:|1681958959\n|move|p1b: Arcanine|Protect|p1b: Arcanine\n|-singleturn|p1b: Arcanine|Protect\n|move|p2b: Scizor|Close Combat|p1b: Arcanine\n|-activate|p1b: Arcanine|move: Protect\n|\n|upkeep\n|turn|12\n|\n|t:|1681958975\n|move|p1b: Arcanine|Extreme Speed|p2b: Scizor\n|-damage|p2b: Scizor|0 fnt\n|faint|p2b: Scizor\n|\n|win|Millie Jean\n|raw|Millie Jean's rating: 1204 → 1223<\/strong> (+19 for winning)\n|raw|LukeVG's rating: 1114 → 1095<\/strong> (-19 for losing)\n|c|\u2606Millie Jean|gg\n|c|\u2606Millie Jean|wp\n","uploadtime":1681958986,"views":8,"p1id":"milliejean","p2id":"lukevg","formatid":"gen9vgc2023regulationc","rating":1095,"private":0,"password":""}