{"id":"gen9vgc2023regulationc-1852972039","p1":"AndrewsWho","p2":"DjPr1me","format":"[Gen 9] VGC 2023 Regulation C","log":"|j|\u2606AndrewsWho\n|j|\u2606DjPr1me\n|t:|1682621815\n|gametype|doubles\n|player|p1|AndrewsWho|cynthia|1155\n|player|p2|DjPr1me|acetrainer|1102\n|teamsize|p1|6\n|teamsize|p2|6\n|gen|9\n|tier|[Gen 9] VGC 2023 Regulation C\n|rated|\n|rule|Species Clause: Limit one of each Pok\u00e9mon\n|rule|Item Clause: Limit one of each item\n|clearpoke\n|poke|p1|Chi-Yu, L50|\n|poke|p1|Iron Bundle, L50|\n|poke|p1|Great Tusk, L50|\n|poke|p1|Flutter Mane, L50|\n|poke|p1|Talonflame, L50, F|\n|poke|p1|Kingambit, L50, M|\n|poke|p2|Hawlucha, L50, F|\n|poke|p2|Indeedee-F, L50, F|\n|poke|p2|Sylveon, L50, M|\n|poke|p2|Amoonguss, L50, M|\n|poke|p2|Arcanine, L50, M|\n|poke|p2|Dragonite, L50, M|\n|teampreview|4\n|inactive|Battle timer is ON: inactive players will automatically lose when time's up. (requested by DjPr1me)\n|inactive|AndrewsWho has 60 seconds left.\n|inactive|AndrewsWho has 30 seconds left.\n|\n|t:|1682621881\n|start\n|switch|p1a: Talonflame|Talonflame, L50, F|100\/100\n|switch|p1b: Chi-Yu|Chi-Yu, L50|100\/100\n|switch|p2a: Hawlucha|Hawlucha, L50, F|100\/100\n|switch|p2b: Indeedee|Indeedee-F, L50, F|100\/100\n|-ability|p1b: Chi-Yu|Beads of Ruin\n|-fieldstart|move: Psychic Terrain|[from] ability: Psychic Surge|[of] p2b: Indeedee\n|-enditem|p2a: Hawlucha|Psychic Seed\n|-boost|p2a: Hawlucha|spd|1|[from] item: Psychic Seed\n|turn|1\n|inactive|AndrewsWho has 30 seconds left.\n|\n|t:|1682621915\n|move|p1b: Chi-Yu|Protect|p1b: Chi-Yu\n|-singleturn|p1b: Chi-Yu|Protect\n|move|p2b: Indeedee|Protect|p2b: Indeedee\n|-singleturn|p2b: Indeedee|Protect\n|move|p2a: Hawlucha|Drain Punch|p1b: Chi-Yu\n|-activate|p1b: Chi-Yu|move: Protect\n|move|p1a: Talonflame|Taunt|p2b: Indeedee\n|-activate|p2b: Indeedee|move: Protect\n|\n|upkeep\n|turn|2\n|inactive|DjPr1me has 30 seconds left.\n|inactive|DjPr1me has 20 seconds left.\n|inactive|DjPr1me has 15 seconds left.\n|\n|t:|1682621958\n|switch|p1b: Flutter Mane|Flutter Mane, L50|100\/100\n|move|p2b: Indeedee|Follow Me|p2b: Indeedee\n|-singleturn|p2b: Indeedee|move: Follow Me\n|move|p2a: Hawlucha|Swords Dance|p2a: Hawlucha\n|-boost|p2a: Hawlucha|atk|2\n|move|p1a: Talonflame|Will-O-Wisp|p2b: Indeedee\n|-status|p2b: Indeedee|brn\n|\n|-damage|p2b: Indeedee|94\/100 brn|[from] brn\n|upkeep\n|turn|3\n|inactive|AndrewsWho has 30 seconds left.\n|inactive|AndrewsWho has 20 seconds left.\n|\n|t:|1682621995\n|move|p2a: Hawlucha|Protect|p2a: Hawlucha\n|-singleturn|p2a: Hawlucha|Protect\n|move|p2b: Indeedee|Protect|p2b: Indeedee\n|-singleturn|p2b: Indeedee|Protect\n|move|p1a: Talonflame|Taunt|p2b: Indeedee\n|-activate|p2b: Indeedee|move: Protect\n|move|p1b: Flutter Mane|Dazzling Gleam|p2b: Indeedee|[spread] \n|-activate|p2a: Hawlucha|move: Protect\n|-activate|p2b: Indeedee|move: Protect\n|\n|-damage|p2b: Indeedee|88\/100 brn|[from] brn\n|upkeep\n|turn|4\n|\n|t:|1682622013\n|move|p2b: Indeedee|Follow Me|p2b: Indeedee\n|-singleturn|p2b: Indeedee|move: Follow Me\n|move|p2a: Hawlucha|Acrobatics|p1b: Flutter Mane\n|-crit|p1b: Flutter Mane\n|-damage|p1b: Flutter Mane|0 fnt\n|faint|p1b: Flutter Mane\n|-end|p1b: Flutter Mane|Protosynthesis|[silent]\n|move|p1a: Talonflame|Will-O-Wisp|p2b: Indeedee\n|-fail|p2b: Indeedee|brn\n|\n|-damage|p2b: Indeedee|82\/100 brn|[from] brn\n|upkeep\n|\n|t:|1682622031\n|switch|p1b: Kingambit|Kingambit, L50, M|100\/100\n|turn|5\n|\n|t:|1682622049\n|-terastallize|p1b: Kingambit|Flying\n|move|p2b: Indeedee|Protect|p2b: Indeedee\n|-singleturn|p2b: Indeedee|Protect\n|move|p2a: Hawlucha|Acrobatics|p1a: Talonflame\n|-damage|p1a: Talonflame|0 fnt\n|faint|p1a: Talonflame\n|move|p1b: Kingambit|Tera Blast|p2a: Hawlucha\n|-supereffective|p2a: Hawlucha\n|-damage|p2a: Hawlucha|0 fnt\n|faint|p2a: Hawlucha\n|\n|-damage|p2b: Indeedee|76\/100 brn|[from] brn\n|-fieldend|move: Psychic Terrain\n|upkeep\n|\n|t:|1682622066\n|switch|p1a: Chi-Yu|Chi-Yu, L50|100\/100\n|switch|p2a: Sylveon|Sylveon, L50, M|100\/100\n|-ability|p1a: Chi-Yu|Beads of Ruin\n|turn|6\n|c|\u2606AndrewsWho|wp\n|\n|t:|1682622083\n|move|p2b: Indeedee|Follow Me|p2b: Indeedee\n|-singleturn|p2b: Indeedee|move: Follow Me\n|move|p1a: Chi-Yu|Dark Pulse|p2b: Indeedee\n|-supereffective|p2b: Indeedee\n|-damage|p2b: Indeedee|0 fnt\n|faint|p2b: Indeedee\n|move|p2a: Sylveon|Calm Mind|p2a: Sylveon\n|-boost|p2a: Sylveon|spa|1\n|-boost|p2a: Sylveon|spd|1\n|move|p1b: Kingambit|Iron Head|p2a: Sylveon\n|-supereffective|p2a: Sylveon\n|-damage|p2a: Sylveon|22\/100\n|\n|-heal|p2a: Sylveon|28\/100|[from] item: Leftovers\n|upkeep\n|\n|t:|1682622098\n|switch|p2b: Arcanine|Arcanine, L50, M|100\/100\n|-ability|p2b: Arcanine|Intimidate|boost\n|-unboost|p1a: Chi-Yu|atk|1\n|-unboost|p1b: Kingambit|atk|1\n|-ability|p1b: Kingambit|Defiant|boost\n|-boost|p1b: Kingambit|atk|2\n|turn|7\n|inactive|AndrewsWho has 30 seconds left.\n|\n|t:|1682622126\n|move|p2a: Sylveon|Protect|p2a: Sylveon\n|-singleturn|p2a: Sylveon|Protect\n|move|p1a: Chi-Yu|Heat Wave|p2b: Arcanine|[spread] p2b\n|-activate|p2a: Sylveon|move: Protect\n|-resisted|p2b: Arcanine\n|-damage|p2b: Arcanine|81\/100\n|move|p2b: Arcanine|Flare Blitz|p1b: Kingambit\n|-damage|p1b: Kingambit|64\/100\n|-damage|p2b: Arcanine|68\/100|[from] Recoil\n|move|p1b: Kingambit|Assurance|p2b: Arcanine\n|-damage|p2b: Arcanine|0 fnt\n|faint|p2b: Arcanine\n|\n|-heal|p2a: Sylveon|34\/100|[from] item: Leftovers\n|upkeep\n|turn|8\n|c|\u2606AndrewsWho|I was not expecting the comeback\n|-message|DjPr1me forfeited.\n|\n|win|AndrewsWho\n|raw|AndrewsWho's rating: 1155 → 1176<\/strong> (+21 for winning)\n|raw|DjPr1me's rating: 1102 → 1081<\/strong> (-21 for losing)\n|l|\u2606DjPr1me\n","uploadtime":1682622157,"views":11,"p1id":"andrewswho","p2id":"djpr1me","formatid":"gen9vgc2023regulationc","rating":1081,"private":0,"password":""}