{"id":"gen9vgc2023regulationc-1855527611","p1":"omnimon95","p2":"Ugarte Joseph","format":"[Gen 9] VGC 2023 Regulation C","log":"|j|\u2606omnimon95\n|j|\u2606Ugarte Joseph\n|t:|1682959345\n|gametype|doubles\n|player|p1|omnimon95|266|1049\n|player|p2|Ugarte Joseph|hugh|1066\n|teamsize|p1|6\n|teamsize|p2|6\n|gen|9\n|tier|[Gen 9] VGC 2023 Regulation C\n|rated|\n|rule|Species Clause: Limit one of each Pok\u00e9mon\n|rule|Item Clause: Limit one of each item\n|clearpoke\n|poke|p1|Flutter Mane, L50|\n|poke|p1|Chi-Yu, L50|\n|poke|p1|Chien-Pao, L50|\n|poke|p1|Dragonite, L50, F|\n|poke|p1|Iron Bundle, L50|\n|poke|p1|Torkoal, L50, F|\n|poke|p2|Slither Wing, L50|\n|poke|p2|Great Tusk, L50|\n|poke|p2|Flutter Mane, L50|\n|poke|p2|Murkrow, L50, F|\n|poke|p2|Roaring Moon, L50|\n|poke|p2|Scream Tail, L50|\n|teampreview|4\n|inactive|Battle timer is ON: inactive players will automatically lose when time's up. (requested by Ugarte Joseph)\n|inactive|omnimon95 has 60 seconds left.\n|inactive|Ugarte Joseph has 60 seconds left.\n|\n|t:|1682959400\n|start\n|switch|p1a: Chi-Yu|Chi-Yu, L50|100\/100\n|switch|p1b: Torkoal|Torkoal, L50, F|100\/100\n|switch|p2a: Murkrow|Murkrow, L50, F, shiny|100\/100\n|switch|p2b: Great Tusk|Great Tusk, L50, shiny|100\/100\n|-ability|p1a: Chi-Yu|Beads of Ruin\n|-weather|SunnyDay|[from] ability: Drought|[of] p1b: Torkoal\n|-activate|p2b: Great Tusk|ability: Protosynthesis\n|-start|p2b: Great Tusk|protosynthesisatk\n|turn|1\n|\n|t:|1682959419\n|-terastallize|p1a: Chi-Yu|Ghost\n|move|p2a: Murkrow|Tailwind|p2a: Murkrow\n|-sidestart|p2: Ugarte Joseph|move: Tailwind\n|move|p2b: Great Tusk|Earthquake|p1a: Chi-Yu|[spread] p1a,p1b\n|-immune|p2a: Murkrow\n|-supereffective|p1b: Torkoal\n|-damage|p1a: Chi-Yu|15\/100\n|-damage|p1b: Torkoal|11\/100\n|move|p1a: Chi-Yu|Heat Wave|p2a: Murkrow|[spread] p2b\n|-miss|p1a: Chi-Yu|p2a: Murkrow\n|-damage|p2b: Great Tusk|0 fnt\n|faint|p2b: Great Tusk\n|-end|p2b: Great Tusk|Protosynthesis|[silent]\n|move|p1b: Torkoal|Eruption|p2a: Murkrow\n|-damage|p2a: Murkrow|86\/100\n|\n|-weather|SunnyDay|[upkeep]\n|upkeep\n|\n|t:|1682959434\n|switch|p2b: Scream Tail|Scream Tail, L50, shiny|100\/100\n|-activate|p2b: Scream Tail|ability: Protosynthesis\n|-start|p2b: Scream Tail|protosynthesisspe\n|turn|2\n|\n|t:|1682959446\n|switch|p1a: Chien-Pao|Chien-Pao, L50|100\/100\n|-ability|p1a: Chien-Pao|Sword of Ruin\n|move|p2b: Scream Tail|Light Screen|p2b: Scream Tail\n|-sidestart|p2: Ugarte Joseph|move: Light Screen\n|move|p2a: Murkrow|Brave Bird|p1a: Chien-Pao\n|-damage|p1a: Chien-Pao|48\/100\n|-damage|p2a: Murkrow|69\/100|[from] Recoil\n|move|p1b: Torkoal|Heat Wave|p2a: Murkrow|[spread] p2a,p2b\n|-damage|p2a: Murkrow|38\/100\n|-damage|p2b: Scream Tail|76\/100\n|\n|-weather|SunnyDay|[upkeep]\n|upkeep\n|turn|3\n|\n|t:|1682959467\n|move|p1a: Chien-Pao|Protect|p1a: Chien-Pao\n|-singleturn|p1a: Chien-Pao|Protect\n|move|p2b: Scream Tail|Reflect|p2b: Scream Tail\n|-sidestart|p2: Ugarte Joseph|Reflect\n|move|p2a: Murkrow|Brave Bird|p1a: Chien-Pao\n|-activate|p1a: Chien-Pao|move: Protect\n|move|p1b: Torkoal|Heat Wave|p2a: Murkrow|[spread] p2a\n|-miss|p1b: Torkoal|p2b: Scream Tail\n|-damage|p2a: Murkrow|8\/100\n|\n|-weather|SunnyDay|[upkeep]\n|upkeep\n|turn|4\n|\n|t:|1682959484\n|switch|p1a: Dragonite|Dragonite, L50, F|100\/100\n|move|p2b: Scream Tail|Encore||[still]\n|-fail|p2b: Scream Tail\n|move|p2a: Murkrow|Brave Bird|p1a: Dragonite\n|-damage|p1a: Dragonite|57\/100\n|-damage|p2a: Murkrow|0 fnt|[from] Recoil\n|faint|p2a: Murkrow\n|move|p1b: Torkoal|Heat Wave|p2b: Scream Tail\n|-damage|p2b: Scream Tail|41\/100\n|-status|p2b: Scream Tail|brn\n|\n|-weather|SunnyDay|[upkeep]\n|-damage|p2b: Scream Tail|35\/100 brn|[from] brn\n|-sideend|p2: Ugarte Joseph|move: Tailwind\n|upkeep\n|\n|t:|1682959492\n|switch|p2a: Flutter Mane|Flutter Mane, L50, shiny|100\/100\n|-activate|p2a: Flutter Mane|ability: Protosynthesis\n|-start|p2a: Flutter Mane|protosynthesisspa\n|turn|5\n|\n|t:|1682959512\n|-terastallize|p2a: Flutter Mane|Water\n|move|p1a: Dragonite|Extreme Speed|p2b: Scream Tail\n|-damage|p2b: Scream Tail|10\/100 brn\n|move|p2b: Scream Tail|Play Rough|p1a: Dragonite|[miss]\n|-miss|p2b: Scream Tail|p1a: Dragonite\n|move|p2a: Flutter Mane|Dazzling Gleam|p1a: Dragonite|[spread] p1a,p1b\n|-supereffective|p1a: Dragonite\n|-resisted|p1b: Torkoal\n|-crit|p1b: Torkoal\n|-damage|p1a: Dragonite|0 fnt\n|-damage|p1b: Torkoal|0 fnt\n|faint|p1a: Dragonite\n|faint|p1b: Torkoal\n|\n|-weather|none\n|-end|p2b: Scream Tail|Protosynthesis\n|-end|p2a: Flutter Mane|Protosynthesis\n|-damage|p2b: Scream Tail|4\/100 brn|[from] brn\n|upkeep\n|\n|t:|1682959528\n|switch|p1a: Chi-Yu|Chi-Yu, L50, tera:Ghost|15\/100\n|switch|p1b: Chien-Pao|Chien-Pao, L50|48\/100\n|-ability|p1a: Chi-Yu|Beads of Ruin\n|-ability|p1b: Chien-Pao|Sword of Ruin\n|turn|6\n|\n|t:|1682959538\n|move|p1b: Chien-Pao|Protect|p1b: Chien-Pao\n|-singleturn|p1b: Chien-Pao|Protect\n|move|p1a: Chi-Yu|Heat Wave|p2a: Flutter Mane|[spread] p2a,p2b\n|-resisted|p2a: Flutter Mane\n|-damage|p2a: Flutter Mane|83\/100\n|-damage|p2b: Scream Tail|0 fnt\n|faint|p2b: Scream Tail\n|-end|p2b: Scream Tail|Protosynthesis|[silent]\n|move|p2a: Flutter Mane|Dazzling Gleam|p1a: Chi-Yu|[spread] p1a\n|-activate|p1b: Chien-Pao|move: Protect\n|-crit|p1a: Chi-Yu\n|-damage|p1a: Chi-Yu|0 fnt\n|faint|p1a: Chi-Yu\n|\n|upkeep\n|turn|7\n|\n|t:|1682959552\n|move|p1b: Chien-Pao|Sucker Punch|p2a: Flutter Mane\n|-damage|p2a: Flutter Mane|39\/100\n|move|p2a: Flutter Mane|Dazzling Gleam|p1b: Chien-Pao\n|-supereffective|p1b: Chien-Pao\n|-damage|p1b: Chien-Pao|0 fnt\n|faint|p1b: Chien-Pao\n|\n|win|Ugarte Joseph\n|raw|omnimon95's rating: 1049 → 1032<\/strong> (-17 for losing)\n|raw|Ugarte Joseph's rating: 1066 → 1095<\/strong> (+29 for winning)\n","uploadtime":1682959562,"views":25,"p1id":"omnimon95","p2id":"ugartejoseph","formatid":"gen9vgc2023regulationc","rating":1032,"private":0,"password":""}