{"id":"gen9vgc2023regulationc-1861668543","p1":"Flopperwilly","p2":"jcgualde2","format":"[Gen 9] VGC 2023 Regulation C","log":"|j|\u2606Flopperwilly\n|j|\u2606jcgualde2\n|t:|1683791299\n|gametype|doubles\n|player|p1|Flopperwilly|clown|\n|player|p2|jcgualde2|1|\n|teamsize|p1|6\n|teamsize|p2|6\n|gen|9\n|tier|[Gen 9] VGC 2023 Regulation C\n|rule|Species Clause: Limit one of each Pok\u00e9mon\n|rule|Item Clause: Limit one of each item\n|clearpoke\n|poke|p1|Amoonguss, L50, F|\n|poke|p1|Flutter Mane, L50|\n|poke|p1|Palafin, L50, M|\n|poke|p1|Ting-Lu, L50|\n|poke|p1|Iron Hands, L50|\n|poke|p1|Arcanine, L50, M|\n|poke|p2|Glimmora, L50, M|\n|poke|p2|Wo-Chien, L50|\n|poke|p2|Palafin, L50, F|\n|poke|p2|Iron Jugulis, L50|\n|poke|p2|Great Tusk, L50|\n|poke|p2|Arcanine, L50, M|\n|teampreview|4\n|inactive|Battle timer is ON: inactive players will automatically lose when time's up. (requested by Flopperwilly)\njcgualde2 has agreed to open team sheets.\nFlopperwilly has agreed to open team sheets.\n|inactive|Flopperwilly has 60 seconds left.\n|inactive|jcgualde2 has 60 seconds left.\n|inactiveoff|Battle timer is now OFF.\n|inactive|Battle timer is ON: inactive players will automatically lose when time's up. (requested by jcgualde2)\n|\n|t:|1683791384\n|start\n|switch|p1a: Palafin|Palafin, L50, M|100\/100\n|switch|p1b: Arcanine|Arcanine, L50, M, shiny|100\/100\n|switch|p2a: Iron Jugulis|Iron Jugulis, L50|100\/100\n|switch|p2b: Great Tusk|Great Tusk, L50|100\/100\n|-ability|p1b: Arcanine|Intimidate|boost\n|-unboost|p2a: Iron Jugulis|atk|1\n|-unboost|p2b: Great Tusk|atk|1\n|-enditem|p2a: Iron Jugulis|Booster Energy\n|-activate|p2a: Iron Jugulis|ability: Quark Drive|[fromitem]\n|-start|p2a: Iron Jugulis|quarkdrivespe\n|turn|1\n|\n|t:|1683791405\n|detailschange|p1a: Palafin|Palafin-Hero, L50, M\n|switch|p1a: Amoonguss|Amoonguss, L50, F|100\/100\n|-terastallize|p2b: Great Tusk|Ground\n|move|p1b: Arcanine|Protect|p1b: Arcanine\n|-singleturn|p1b: Arcanine|Protect\n|move|p2a: Iron Jugulis|Tailwind|p2a: Iron Jugulis\n|-sidestart|p2: jcgualde2|move: Tailwind\n|move|p2b: Great Tusk|Earthquake|p1b: Arcanine|[spread] p1a\n|-activate|p1b: Arcanine|move: Protect\n|-immune|p2a: Iron Jugulis\n|-damage|p1a: Amoonguss|57\/100\n|\n|upkeep\n|turn|2\n|j| helloworld369\n|inactive|Flopperwilly has 30 seconds left.\n|\n|t:|1683791433\n|-terastallize|p1b: Arcanine|Water\n|move|p1a: Amoonguss|Protect|p1a: Amoonguss\n|-singleturn|p1a: Amoonguss|Protect\n|move|p2a: Iron Jugulis|Air Slash|p1a: Amoonguss\n|-activate|p1a: Amoonguss|move: Protect\n|move|p2b: Great Tusk|Earthquake|p1b: Arcanine|[spread] p1b\n|-activate|p1a: Amoonguss|move: Protect\n|-immune|p2a: Iron Jugulis\n|-damage|p1b: Arcanine|50\/100\n|move|p1b: Arcanine|Will-O-Wisp|p2b: Great Tusk\n|-status|p2b: Great Tusk|brn\n|\n|-damage|p2b: Great Tusk|95\/100 brn|[from] brn\n|upkeep\n|turn|3\n|inactive|Flopperwilly has 30 seconds left.\n|inactive|Flopperwilly has 20 seconds left.\n|inactive|Flopperwilly has 15 seconds left.\n|inactive|Flopperwilly has 10 seconds left.\n|\n|t:|1683791480\n|switch|p1a: Palafin|Palafin-Hero, L50, M|100\/100\n|-activate|p1a: Palafin|ability: Zero to Hero\n|move|p2a: Iron Jugulis|Air Slash|p1a: Palafin\n|-crit|p1a: Palafin\n|-damage|p1a: Palafin|57\/100\n|move|p2b: Great Tusk|Earthquake|p1a: Palafin|[spread] p1a,p1b\n|-immune|p2a: Iron Jugulis\n|-damage|p1a: Palafin|33\/100\n|-damage|p1b: Arcanine|24\/100\n|move|p1b: Arcanine|Flare Blitz|p2a: Iron Jugulis\n|-damage|p2a: Iron Jugulis|58\/100\n|-damage|p1b: Arcanine|10\/100|[from] Recoil\n|\n|-damage|p2b: Great Tusk|89\/100 brn|[from] brn\n|upkeep\n|turn|4\n|inactive|Flopperwilly has 30 seconds left.\n|inactive|jcgualde2 has 30 seconds left.\n|inactive|Flopperwilly has 20 seconds left.\n|\n|t:|1683791516\n|move|p1a: Palafin|Protect|p1a: Palafin\n|-singleturn|p1a: Palafin|Protect\n|move|p1b: Arcanine|Extreme Speed|p2a: Iron Jugulis\n|-damage|p2a: Iron Jugulis|38\/100\n|move|p2a: Iron Jugulis|Air Slash|p1a: Palafin\n|-activate|p1a: Palafin|move: Protect\n|move|p2b: Great Tusk|Earthquake|p1a: Palafin|[spread] p1b\n|-activate|p1a: Palafin|move: Protect\n|-immune|p2a: Iron Jugulis\n|-damage|p1b: Arcanine|0 fnt\n|faint|p1b: Arcanine\n|\n|-damage|p2b: Great Tusk|83\/100 brn|[from] brn\n|-sideend|p2: jcgualde2|move: Tailwind\n|upkeep\n|\n|t:|1683791526\n|switch|p1b: Flutter Mane|Flutter Mane, L50|100\/100\n|turn|5\n|\n|t:|1683791549\n|move|p1a: Palafin|Jet Punch|p2b: Great Tusk\n|-supereffective|p2b: Great Tusk\n|-damage|p2b: Great Tusk|8\/100 brn\n|move|p2a: Iron Jugulis|Tailwind|p2a: Iron Jugulis\n|-sidestart|p2: jcgualde2|move: Tailwind\n|move|p2b: Great Tusk|Earthquake|p1a: Palafin|[spread] p1a,p1b\n|-immune|p2a: Iron Jugulis\n|-damage|p1a: Palafin|10\/100\n|-damage|p1b: Flutter Mane|40\/100\n|move|p1b: Flutter Mane|Moonblast|p2a: Iron Jugulis\n|-supereffective|p2a: Iron Jugulis\n|-damage|p2a: Iron Jugulis|0 fnt\n|faint|p2a: Iron Jugulis\n|-end|p2a: Iron Jugulis|Quark Drive|[silent]\n|\n|-damage|p2b: Great Tusk|2\/100 brn|[from] brn\n|upkeep\n|\n|t:|1683791562\n|switch|p2a: Arcanine|Arcanine, L50, M|100\/100\n|-ability|p2a: Arcanine|Intimidate|boost\n|-unboost|p1a: Palafin|atk|1\n|-unboost|p1b: Flutter Mane|atk|1\n|turn|6\n|\n|t:|1683791578\n|switch|p1a: Amoonguss|Amoonguss, L50, F|90\/100\n|move|p2a: Arcanine|Extreme Speed|p1a: Amoonguss\n|-damage|p1a: Amoonguss|73\/100\n|move|p2b: Great Tusk|Earthquake|p1b: Flutter Mane|[spread] p2a,p1a,p1b\n|-supereffective|p2a: Arcanine\n|-damage|p2a: Arcanine|44\/100\n|-damage|p1a: Amoonguss|52\/100\n|-damage|p1b: Flutter Mane|0 fnt\n|faint|p1b: Flutter Mane\n|-end|p1b: Flutter Mane|Protosynthesis|[silent]\n|\n|-damage|p2b: Great Tusk|0 fnt|[from] brn\n|faint|p2b: Great Tusk\n|-end|p2b: Great Tusk|Protosynthesis|[silent]\n|upkeep\n|\n|t:|1683791589\n|switch|p1b: Palafin|Palafin-Hero, L50, M|10\/100\n|switch|p2b: Wo-Chien|Wo-Chien, L50|100\/100\n|-ability|p2b: Wo-Chien|Tablets of Ruin\n|turn|7\n|\n|t:|1683791613\n|move|p1b: Palafin|Jet Punch|p2a: Arcanine\n|-supereffective|p2a: Arcanine\n|-damage|p2a: Arcanine|0 fnt\n|faint|p2a: Arcanine\n|move|p2b: Wo-Chien|Foul Play|p1b: Palafin\n|-damage|p1b: Palafin|0 fnt\n|faint|p1b: Palafin\n|move|p1a: Amoonguss|Pollen Puff|p1: Palafin|[notarget]\n|-fail|p1a: Amoonguss\n|\n|upkeep\n|turn|8\n|\n|t:|1683791631\n|move|p2b: Wo-Chien|Protect|p2b: Wo-Chien\n|-singleturn|p2b: Wo-Chien|Protect\n|move|p1a: Amoonguss|Pollen Puff|p2b: Wo-Chien\n|-activate|p2b: Wo-Chien|move: Protect\n|\n|-sideend|p2: jcgualde2|move: Tailwind\n|upkeep\n|turn|9\n|\n|t:|1683791643\n|move|p2b: Wo-Chien|Pollen Puff|p1a: Amoonguss\n|-damage|p1a: Amoonguss|33\/100\n|-enditem|p1a: Amoonguss|Sitrus Berry|[eat]\n|-heal|p1a: Amoonguss|58\/100|[from] item: Sitrus Berry\n|move|p1a: Amoonguss|Pollen Puff|p2b: Wo-Chien\n|-supereffective|p2b: Wo-Chien\n|-damage|p2b: Wo-Chien|53\/100\n|\n|-heal|p2b: Wo-Chien|59\/100|[from] item: Leftovers\n|upkeep\n|turn|10\n|\n|t:|1683791654\n|move|p2b: Wo-Chien|Protect|p2b: Wo-Chien\n|-singleturn|p2b: Wo-Chien|Protect\n|move|p1a: Amoonguss|Pollen Puff|p2b: Wo-Chien\n|-activate|p2b: Wo-Chien|move: Protect\n|\n|-heal|p2b: Wo-Chien|65\/100|[from] item: Leftovers\n|upkeep\n|turn|11\n|\n|t:|1683791659\n|move|p2b: Wo-Chien|Pollen Puff|p1a: Amoonguss\n|-damage|p1a: Amoonguss|42\/100\n|move|p1a: Amoonguss|Pollen Puff|p2b: Wo-Chien\n|-supereffective|p2b: Wo-Chien\n|-damage|p2b: Wo-Chien|17\/100\n|\n|-heal|p2b: Wo-Chien|23\/100|[from] item: Leftovers\n|upkeep\n|turn|12\n|\n|t:|1683791665\n|move|p2b: Wo-Chien|Protect|p2b: Wo-Chien\n|-singleturn|p2b: Wo-Chien|Protect\n|move|p1a: Amoonguss|Pollen Puff|p2b: Wo-Chien\n|-activate|p2b: Wo-Chien|move: Protect\n|\n|-heal|p2b: Wo-Chien|30\/100|[from] item: Leftovers\n|upkeep\n|turn|13\n|\n|t:|1683791668\n|move|p2b: Wo-Chien|Pollen Puff|p1a: Amoonguss\n|-damage|p1a: Amoonguss|23\/100\n|move|p1a: Amoonguss|Pollen Puff|p2b: Wo-Chien\n|-supereffective|p2b: Wo-Chien\n|-damage|p2b: Wo-Chien|0 fnt\n|faint|p2b: Wo-Chien\n|\n|win|Flopperwilly\n|c|\u2606jcgualde2|gg\n|c|\u2606Flopperwilly|GG\n","uploadtime":1683791678,"views":17,"p1id":"flopperwilly","p2id":"jcgualde2","formatid":"gen9vgc2023regulationc","rating":0,"private":0,"password":""}