{"id":"gen9vgc2023regulationc-1864052289","p1":"Mikman360","p2":"RonJohn","format":"[Gen 9] VGC 2023 Regulation C","log":"|j|\u2606Mikman360\n|j|\u2606RonJohn\n|t:|1684110721\n|gametype|doubles\n|player|p1|Mikman360|265|1212\n|player|p2|RonJohn|169|1203\n|teamsize|p1|6\n|teamsize|p2|6\n|gen|9\n|tier|[Gen 9] VGC 2023 Regulation C\n|rated|\n|rule|Species Clause: Limit one of each Pok\u00e9mon\n|rule|Item Clause: Limit one of each item\n|clearpoke\n|poke|p1|Iron Hands, L50|\n|poke|p1|Mudsdale, L50, M|\n|poke|p1|Bronzong, L50|\n|poke|p1|Flutter Mane, L50|\n|poke|p1|Abomasnow, L50, M|\n|poke|p1|Brute Bonnet, L50|\n|poke|p2|Flutter Mane, L50|\n|poke|p2|Orthworm, L50, F|\n|poke|p2|Dragonite, L50, F|\n|poke|p2|Amoonguss, L50, M|\n|poke|p2|Gyarados, L50, F|\n|poke|p2|Ting-Lu, L50|\n|teampreview|4\nRonJohn has agreed to open team sheets.\nMikman360 has agreed to open team sheets.\n|inactive|Battle timer is ON: inactive players will automatically lose when time's up. (requested by RonJohn)\n|\n|t:|1684110756\n|start\n|switch|p1a: Slappy Hands|Iron Hands, L50|100\/100\n|switch|p1b: Big Ben|Bronzong, L50|100\/100\n|switch|p2a: Gyarados|Gyarados, L50, F|100\/100\n|switch|p2b: Flutter Mane|Flutter Mane, L50|100\/100\n|-ability|p2a: Gyarados|Intimidate|boost\n|-unboost|p1a: Slappy Hands|atk|1\n|-unboost|p1b: Big Ben|atk|1\n|turn|1\n|inactive|RonJohn has 30 seconds left.\n|inactive|RonJohn has 20 seconds left.\n|inactive|RonJohn has 15 seconds left.\n|\n|t:|1684110800\n|switch|p2a: Orthworm|Orthworm, L50, F|100\/100\n|move|p1b: Big Ben|Protect|p1b: Big Ben\n|-singleturn|p1b: Big Ben|Protect\n|move|p2b: Flutter Mane|Shadow Ball|p1b: Big Ben\n|-activate|p1b: Big Ben|move: Protect\n|move|p1a: Slappy Hands|Heavy Slam|p2b: Flutter Mane\n|-supereffective|p2b: Flutter Mane\n|-damage|p2b: Flutter Mane|0 fnt\n|faint|p2b: Flutter Mane\n|-end|p2b: Flutter Mane|Protosynthesis|[silent]\n|\n|upkeep\n|\n|t:|1684110815\n|switch|p2b: Dragonite|Dragonite, L50, F|100\/100\n|turn|2\n|inactive|RonJohn has 30 seconds left.\n|inactive|RonJohn has 20 seconds left.\n|\n|t:|1684110854\n|move|p2a: Orthworm|Protect|p2a: Orthworm\n|-singleturn|p2a: Orthworm|Protect\n|move|p2b: Dragonite|Earthquake|p1b: Big Ben|[spread] p1a\n|-activate|p2a: Orthworm|move: Protect\n|-immune|p1b: Big Ben|[from] ability: Levitate\n|-supereffective|p1a: Slappy Hands\n|-damage|p1a: Slappy Hands|59\/100\n|move|p1a: Slappy Hands|Close Combat|p2a: Orthworm\n|-activate|p2a: Orthworm|move: Protect\n|move|p1b: Big Ben|Trick Room|p1b: Big Ben\n|-fieldstart|move: Trick Room|[of] p1b: Big Ben\n|\n|upkeep\n|turn|3\n|inactive|RonJohn has 30 seconds left.\n|\n|t:|1684110880\n|-end|p1a: Slappy Hands|Quark Drive|[silent]\n|switch|p1a: Avalanche|Abomasnow, L50, M, shiny|100\/100\n|-weather|Snow|[from] ability: Snow Warning|[of] p1a: Avalanche\n|switch|p2b: Gyarados|Gyarados, L50, F|100\/100\n|-ability|p2b: Gyarados|Intimidate|boost\n|-unboost|p1a: Avalanche|atk|1\n|-unboost|p1b: Big Ben|atk|1\n|move|p1b: Big Ben|Gyro Ball|p1a: Avalanche\n|-supereffective|p1a: Avalanche\n|-damage|p1a: Avalanche|90\/100\n|-enditem|p1a: Avalanche|Weakness Policy\n|-boost|p1a: Avalanche|atk|2|[from] item: Weakness Policy\n|-boost|p1a: Avalanche|spa|2|[from] item: Weakness Policy\n|move|p2a: Orthworm|Body Press|p1a: Avalanche\n|-supereffective|p1a: Avalanche\n|-damage|p1a: Avalanche|53\/100\n|\n|-weather|Snow|[upkeep]\n|upkeep\n|turn|4\n|inactive|Mikman360 has 30 seconds left.\n|inactive|RonJohn has 30 seconds left.\n|inactive|Mikman360 has 20 seconds left.\n|\n|t:|1684110920\n|move|p2a: Orthworm|Protect|p2a: Orthworm\n|-singleturn|p2a: Orthworm|Protect\n|move|p1b: Big Ben|Gyro Ball|p2a: Orthworm\n|-activate|p2a: Orthworm|move: Protect\n|move|p1a: Avalanche|Giga Drain|p2b: Gyarados\n|-damage|p2b: Gyarados|38\/100\n|-heal|p1a: Avalanche|85\/100|[from] drain|[of] p2b: Gyarados\n|move|p2b: Gyarados|Thunder Wave|p1b: Big Ben\n|-status|p1b: Big Ben|par\n|\n|-weather|Snow|[upkeep]\n|upkeep\n|turn|5\n|inactive|RonJohn has 30 seconds left.\n|\n|t:|1684110949\n|-terastallize|p1a: Avalanche|Water\n|move|p1b: Big Ben|Safeguard|p1b: Big Ben\n|-sidestart|p1: Mikman360|Safeguard\n|move|p1a: Avalanche|Blizzard|p2b: Gyarados|[spread] p2a,p2b\n|-resisted|p2a: Orthworm\n|-damage|p2a: Orthworm|60\/100\n|-damage|p2b: Gyarados|0 fnt\n|-status|p2a: Orthworm|frz\n|faint|p2b: Gyarados\n|cant|p2a: Orthworm|frz\n|\n|-weather|Snow|[upkeep]\n|upkeep\n|\n|t:|1684110958\n|switch|p2b: Dragonite|Dragonite, L50, F|100\/100\n|turn|6\n|\n|t:|1684110981\n|move|p1b: Big Ben|Gyro Ball|p2b: Dragonite\n|-damage|p2b: Dragonite|88\/100\n|move|p1a: Avalanche|Blizzard|p2a: Orthworm|[spread] p2a,p2b\n|-resisted|p2a: Orthworm\n|-supereffective|p2b: Dragonite\n|-damage|p2a: Orthworm|20\/100 frz\n|-damage|p2b: Dragonite|0 fnt\n|-enditem|p2a: Orthworm|Sitrus Berry|[eat]\n|-heal|p2a: Orthworm|45\/100 frz|[from] item: Sitrus Berry\n|faint|p2b: Dragonite\n|cant|p2a: Orthworm|frz\n|\n|-weather|Snow|[upkeep]\n|-fieldend|move: Trick Room\n|upkeep\n|turn|7\n|\n|t:|1684110999\n|cant|p2a: Orthworm|frz\n|move|p1a: Avalanche|Blizzard|p2a: Orthworm\n|-resisted|p2a: Orthworm\n|-damage|p2a: Orthworm|0 fnt\n|faint|p2a: Orthworm\n|\n|win|Mikman360\n|raw|Mikman360's rating: 1212 → 1236<\/strong> (+24 for winning)\n|raw|RonJohn's rating: 1203 → 1179<\/strong> (-24 for losing)\n","uploadtime":1684111007,"views":10,"p1id":"mikman360","p2id":"ronjohn","formatid":"gen9vgc2023regulationc","rating":1179,"private":0,"password":""}