{"id":"gen9vgc2023regulationc-1852873300","p1":"NGZIN_BR","p2":"kricketot marx","format":"[Gen 9] VGC 2023 Regulation C","log":"|j|\u2606NGZIN_BR\n|j|\u2606kricketot marx\n|t:|1682613450\n|gametype|doubles\n|player|p1|NGZIN_BR|dawn|1098\n|player|p2|kricketot marx|flannery|1068\n|teamsize|p1|6\n|teamsize|p2|6\n|gen|9\n|tier|[Gen 9] VGC 2023 Regulation C\n|rated|\n|rule|Species Clause: Limit one of each Pok\u00e9mon\n|rule|Item Clause: Limit one of each item\n|clearpoke\n|poke|p1|Talonflame, L50, M|\n|poke|p1|Garchomp, L50, F|\n|poke|p1|Wo-Chien, L50|\n|poke|p1|Armarouge, L50, F|\n|poke|p1|Indeedee-F, L50, F|\n|poke|p1|Palafin, L50, F|\n|poke|p2|Kingambit, L50, F|\n|poke|p2|Flutter Mane, L50|\n|poke|p2|Scream Tail, L50|\n|poke|p2|Corviknight, L50, M|\n|poke|p2|Baxcalibur, L50, M|\n|poke|p2|Rotom-Wash, L50|\n|teampreview|4\n|inactive|Battle timer is ON: inactive players will automatically lose when time's up. (requested by NGZIN_BR)\nkricketot marx has agreed to open team sheets.\n|\n|t:|1682613482\n|start\n|switch|p1a: Talonflame|Talonflame, L50, M|100\/100\n|switch|p1b: Palafin|Palafin, L50, F|100\/100\n|switch|p2a: Baxcalibur|Baxcalibur, L50, M|100\/100\n|switch|p2b: Rotom|Rotom-Wash, L50, shiny|100\/100\n|turn|1\n|inactive|NGZIN_BR has 30 seconds left.\n|\n|t:|1682613510\n|move|p1a: Talonflame|Tailwind|p1a: Talonflame\n|-sidestart|p1: NGZIN_BR|move: Tailwind\n|move|p1b: Palafin|Flip Turn|p2b: Rotom\n|-resisted|p2b: Rotom\n|-damage|p2b: Rotom|90\/100\n|\n|t:|1682613516\n|detailschange|p1b: Palafin|Palafin-Hero, L50, F\n|switch|p1b: Garchomp|Garchomp, L50, F|100\/100|[from] Flip Turn\n|move|p2a: Baxcalibur|Icicle Spear|p1a: Talonflame\n|-damage|p1a: Talonflame|79\/100\n|-damage|p1a: Talonflame|61\/100\n|-damage|p1a: Talonflame|41\/100\n|-damage|p1a: Talonflame|20\/100\n|-damage|p1a: Talonflame|0 fnt\n|faint|p1a: Talonflame\n|-hitcount|p1: Talonflame|5\n|move|p2b: Rotom|Will-O-Wisp|p1b: Garchomp\n|-status|p1b: Garchomp|brn\n|\n|-damage|p1b: Garchomp|94\/100 brn|[from] brn\n|upkeep\n|\n|t:|1682613536\n|switch|p1a: Wo-Chien|Wo-Chien, L50|100\/100\n|-ability|p1a: Wo-Chien|Tablets of Ruin\n|turn|2\n|inactive|kricketot marx has 30 seconds left.\n|\n|t:|1682613564\n|switch|p2b: Corviknight|Corviknight, L50, M, shiny|100\/100\n|-terastallize|p1b: Garchomp|Steel\n|move|p1b: Garchomp|Rock Slide|p2b: Corviknight|[spread] p2a,p2b\n|-supereffective|p2a: Baxcalibur\n|-crit|p2a: Baxcalibur\n|-damage|p2a: Baxcalibur|79\/100\n|-damage|p2b: Corviknight|94\/100\n|move|p1a: Wo-Chien|Energy Ball|p2b: Corviknight\n|-resisted|p2b: Corviknight\n|-damage|p2b: Corviknight|88\/100\n|move|p2a: Baxcalibur|Icicle Spear|p1a: Wo-Chien\n|-supereffective|p1a: Wo-Chien\n|-damage|p1a: Wo-Chien|79\/100\n|-supereffective|p1a: Wo-Chien\n|-damage|p1a: Wo-Chien|53\/100\n|-supereffective|p1a: Wo-Chien\n|-damage|p1a: Wo-Chien|33\/100\n|-enditem|p1a: Wo-Chien|Sitrus Berry|[eat]\n|-heal|p1a: Wo-Chien|58\/100|[from] item: Sitrus Berry\n|-supereffective|p1a: Wo-Chien\n|-damage|p1a: Wo-Chien|35\/100\n|-supereffective|p1a: Wo-Chien\n|-damage|p1a: Wo-Chien|12\/100\n|-hitcount|p1a: Wo-Chien|5\n|\n|-damage|p1b: Garchomp|88\/100 brn|[from] brn\n|upkeep\n|turn|3\n|inactive|NGZIN_BR has 30 seconds left.\n|\n|t:|1682613590\n|move|p2a: Baxcalibur|Ice Shard|p1a: Wo-Chien\n|-supereffective|p1a: Wo-Chien\n|-damage|p1a: Wo-Chien|0 fnt\n|faint|p1a: Wo-Chien\n|move|p1b: Garchomp|Earthquake|p2b: Corviknight|[spread] p2a\n|-immune|p2b: Corviknight\n|-damage|p2a: Baxcalibur|62\/100\n|move|p2b: Corviknight|Tailwind|p2b: Corviknight\n|-sidestart|p2: kricketot marx|move: Tailwind\n|\n|-damage|p1b: Garchomp|82\/100 brn|[from] brn\n|upkeep\n|inactive|NGZIN_BR has 30 seconds left.\n|\n|t:|1682613619\n|switch|p1a: Palafin|Palafin-Hero, L50, F|100\/100\n|-activate|p1a: Palafin|ability: Zero to Hero\n|turn|4\n|\n|t:|1682613630\n|move|p2a: Baxcalibur|Protect|p2a: Baxcalibur\n|-singleturn|p2a: Baxcalibur|Protect\n|move|p1b: Garchomp|Rock Slide|p2b: Corviknight|[spread] \n|-activate|p2a: Baxcalibur|move: Protect\n|-miss|p1b: Garchomp|p2b: Corviknight\n|move|p1a: Palafin|Draining Kiss|p2a: Baxcalibur\n|-activate|p2a: Baxcalibur|move: Protect\n|move|p2b: Corviknight|Brave Bird|p1a: Palafin\n|-damage|p1a: Palafin|69\/100\n|-damage|p2b: Corviknight|78\/100|[from] Recoil\n|\n|-damage|p1b: Garchomp|76\/100 brn|[from] brn\n|-sideend|p1: NGZIN_BR|move: Tailwind\n|upkeep\n|turn|5\n|\n|t:|1682613653\n|move|p2a: Baxcalibur|Glaive Rush|p1a: Palafin\n|-damage|p1a: Palafin|0 fnt\n|-singlemove|p2a: Baxcalibur|Glaive Rush|[silent]\n|faint|p1a: Palafin\n|move|p2b: Corviknight|Brave Bird|p1b: Garchomp\n|-resisted|p1b: Garchomp\n|-damage|p1b: Garchomp|56\/100 brn\n|-damage|p2b: Corviknight|66\/100|[from] ability: Rough Skin|[of] p1b: Garchomp\n|-damage|p2b: Corviknight|49\/100|[from] item: Rocky Helmet|[of] p1b: Garchomp\n|-damage|p2b: Corviknight|43\/100|[from] Recoil\n|move|p1b: Garchomp|Rock Slide|p2b: Corviknight|[spread] p2a,p2b\n|-supereffective|p2a: Baxcalibur\n|-damage|p2a: Baxcalibur|23\/100\n|-damage|p2b: Corviknight|34\/100\n|\n|-damage|p1b: Garchomp|50\/100 brn|[from] brn\n|upkeep\n|turn|6\n|\n|t:|1682613673\n|switch|p2a: Scream Tail|Scream Tail, L50, shiny|100\/100\n|-enditem|p2a: Scream Tail|Booster Energy\n|-activate|p2a: Scream Tail|ability: Protosynthesis|[fromitem]\n|-start|p2a: Scream Tail|protosynthesisspe\n|move|p2b: Corviknight|Roost|p2b: Corviknight\n|-heal|p2b: Corviknight|84\/100\n|-singleturn|p2b: Corviknight|move: Roost\n|move|p1b: Garchomp|Earthquake|p2a: Scream Tail|[spread] p2a,p2b\n|-supereffective|p2b: Corviknight\n|-crit|p2b: Corviknight\n|-damage|p2a: Scream Tail|87\/100\n|-damage|p2b: Corviknight|40\/100\n|\n|-damage|p1b: Garchomp|44\/100 brn|[from] brn\n|-sideend|p2: kricketot marx|move: Tailwind\n|upkeep\n|turn|7\n|\n|t:|1682613693\n|move|p2a: Scream Tail|Encore|p1b: Garchomp\n|-start|p1b: Garchomp|Encore\n|move|p1b: Garchomp|Earthquake|p2b: Corviknight|[spread] p2a\n|-immune|p2b: Corviknight\n|-damage|p2a: Scream Tail|72\/100\n|move|p2b: Corviknight|Tailwind|p2b: Corviknight\n|-sidestart|p2: kricketot marx|move: Tailwind\n|\n|-damage|p1b: Garchomp|38\/100 brn|[from] brn\n|upkeep\n|turn|8\n|\n|t:|1682613704\n|move|p2a: Scream Tail|Disable|p1b: Garchomp\n|-start|p1b: Garchomp|Disable|Earthquake\n|move|p2b: Corviknight|Roost|p2b: Corviknight\n|-heal|p2b: Corviknight|90\/100\n|-singleturn|p2b: Corviknight|move: Roost\n|cant|p1b: Garchomp|Disable|Earthquake\n|\n|-damage|p1b: Garchomp|32\/100 brn|[from] brn\n|upkeep\n|turn|9\n|-message|NGZIN_BR forfeited.\n|\n|win|kricketot marx\n|raw|NGZIN_BR's rating: 1098 → 1071<\/strong> (-27 for losing)\n|raw|kricketot marx's rating: 1068 → 1100<\/strong> (+32 for winning)\n|l|\u2606NGZIN_BR\n","uploadtime":1682613719,"views":6,"p1id":"ngzinbr","p2id":"kricketotmarx","formatid":"gen9vgc2023regulationc","rating":1071,"private":0,"password":""}