{"id":"gen9vgc2023regulationc-1850090678","p1":"ShatteredPugVGC","p2":"cristo.ct3","format":"[Gen 9] VGC 2023 Regulation C","log":"|j|\u2606ShatteredPugVGC\n|j|\u2606cristo.ct3\n|t:|1682286157\n|gametype|doubles\n|player|p1|ShatteredPugVGC|colress|\n|player|p2|cristo.ct3|169|\n|teamsize|p1|6\n|teamsize|p2|6\n|gen|9\n|tier|[Gen 9] VGC 2023 Regulation C\n|rated|Tournament battle\n|rule|Species Clause: Limit one of each Pok\u00e9mon\n|rule|Item Clause: Limit one of each item\n|clearpoke\n|poke|p1|Wo-Chien, L50|\n|poke|p1|Arcanine, L50, F|\n|poke|p1|Roaring Moon, L50|\n|poke|p1|Maushold, L50|\n|poke|p1|Gholdengo, L50|\n|poke|p1|Flutter Mane, L50|\n|poke|p2|Amoonguss, L50, F|\n|poke|p2|Torkoal, L50, F|\n|poke|p2|Hariyama, L50, F|\n|poke|p2|Hatterene, L50, F|\n|poke|p2|Oranguru, L50, F|\n|poke|p2|Kingambit, L50, F|\n|teampreview|4\n|raw| Open Team Sheet for ShatteredPugVGC<\/summary>Wo-Chien @ Clear Amulet Ability: Tablets of Ruin Level: 50 Tera Type: Poison - Trailblaze - Knock Off - Power Whip - Protect Arcanine @ Safety Goggles Ability: Intimidate Level: 50 Tera Type: Water - Flare Blitz - Extreme Speed - Howl - Protect Roaring Moon @ Booster Energy Ability: Protosynthesis Level: 50 Tera Type: Flying - Acrobatics - Crunch - Tailwind - Protect Maushold @ Wide Lens Ability: Friend Guard Level: 50 Tera Type: Grass - Population Bomb - Tidy Up - Follow Me - Protect Gholdengo @ Leftovers Ability: Good as Gold Level: 50 Tera Type: Water - Make It Rain - Thunderbolt - Nasty Plot - Protect Flutter Mane @ Choice Specs Ability: Protosynthesis Level: 50 Tera Type: Fairy - Shadow Ball - Moonblast - Dazzling Gleam - Power Gem <\/details><\/div> Open Team Sheet for cristo.ct3<\/summary>Amoonguss @ Sitrus Berry Ability: Effect Spore Level: 50 Tera Type: Water - Spore - Pollen Puff - Rage Powder - Protect Torkoal @ Charcoal Ability: Drought Level: 50 Tera Type: Grass - Eruption - Flamethrower - Clear Smog - Protect Hariyama @ Flame Orb Ability: Guts Level: 50 Tera Type: Grass - Fake Out - Headlong Rush - Close Combat - Protect Hatterene (F) @ Life Orb Ability: Magic Bounce Level: 50 Tera Type: Fire - Psychic - Dazzling Gleam - Trick Room - Protect Oranguru @ Lum Berry Ability: Inner Focus Level: 50 Tera Type: Fire - Psyshock - Instruct - Trick Room - Protect Kingambit @ Safety Goggles Ability: Defiant Level: 50 Shiny: Yes Tera Type: Fire - Kowtow Cleave - Low Kick - Swords Dance - Sucker Punch <\/details><\/div>\n|j| animus\n|inactive|Battle timer is ON: inactive players will automatically lose when time's up. (requested by ShatteredPugVGC)\n|\n|t:|1682286198\n|start\n|switch|p1a: Flutter Mane|Flutter Mane, L50|100\/100\n|switch|p1b: Gholdengo|Gholdengo, L50|100\/100\n|switch|p2a: Hariyama|Hariyama, L50, F|100\/100\n|switch|p2b: Oranguru|Oranguru, L50, F|100\/100\n|turn|1\n|c|\u2606ShatteredPugVGC|glhf\n|j| evnga\n|\n|t:|1682286210\n|-terastallize|p2b: Oranguru|Fire\n|move|p2a: Hariyama|Protect|p2a: Hariyama\n|-singleturn|p2a: Hariyama|Protect\n|move|p1a: Flutter Mane|Power Gem|p2b: Oranguru\n|-supereffective|p2b: Oranguru\n|-damage|p2b: Oranguru|53\/100\n|move|p1b: Gholdengo|Make It Rain|p2a: Hariyama|[spread] p2b\n|-activate|p2a: Hariyama|move: Protect\n|-resisted|p2b: Oranguru\n|-damage|p2b: Oranguru|38\/100\n|-unboost|p1b: Gholdengo|spa|1\n|move|p2b: Oranguru|Trick Room|p2b: Oranguru\n|-fieldstart|move: Trick Room|[of] p2b: Oranguru\n|\n|-status|p2a: Hariyama|brn|[from] item: Flame Orb\n|upkeep\n|turn|2\n|c| evnga|u2\n|c|\u2606ShatteredPugVGC|damn thats bulky\n|\n|t:|1682286232\n|switch|p1b: Maushold|Maushold, L50|100\/100\n|move|p2a: Hariyama|Headlong Rush|p1a: Flutter Mane\n|-damage|p1a: Flutter Mane|29\/100\n|-unboost|p2a: Hariyama|def|1\n|-unboost|p2a: Hariyama|spd|1\n|move|p2b: Oranguru|Instruct|p2a: Hariyama\n|-singleturn|p2a: Hariyama|move: Instruct|[of] p2b: Oranguru\n|move|p2a: Hariyama|Headlong Rush|p1a: Flutter Mane\n|-damage|p1a: Flutter Mane|0 fnt\n|-unboost|p2a: Hariyama|def|1\n|-unboost|p2a: Hariyama|spd|1\n|faint|p1a: Flutter Mane\n|-end|p1a: Flutter Mane|Protosynthesis|[silent]\n|\n|-damage|p2a: Hariyama|95\/100 brn|[from] brn\n|upkeep\n|\n|t:|1682286245\n|switch|p1a: Roaring Moon|Roaring Moon, L50|100\/100\n|-enditem|p1a: Roaring Moon|Booster Energy\n|-activate|p1a: Roaring Moon|ability: Protosynthesis|[fromitem]\n|-start|p1a: Roaring Moon|protosynthesisatk\n|turn|3\n|inactive|cristo.ct3 has 30 seconds left.\n|\n|t:|1682286272\n|move|p1b: Maushold|Protect|p1b: Maushold\n|-singleturn|p1b: Maushold|Protect\n|move|p1a: Roaring Moon|Protect|p1a: Roaring Moon\n|-singleturn|p1a: Roaring Moon|Protect\n|move|p2a: Hariyama|Close Combat|p1a: Roaring Moon\n|-activate|p1a: Roaring Moon|move: Protect\n|move|p2b: Oranguru|Instruct|p2a: Hariyama\n|-singleturn|p2a: Hariyama|move: Instruct|[of] p2b: Oranguru\n|move|p2a: Hariyama|Close Combat|p1a: Roaring Moon\n|-activate|p1a: Roaring Moon|move: Protect\n|\n|-damage|p2a: Hariyama|89\/100 brn|[from] brn\n|upkeep\n|turn|4\n|\n|t:|1682286295\n|-terastallize|p1a: Roaring Moon|Flying\n|move|p2a: Hariyama|Headlong Rush|p1b: Maushold\n|-crit|p1b: Maushold\n|-damage|p1b: Maushold|0 fnt\n|-unboost|p2a: Hariyama|def|1\n|-unboost|p2a: Hariyama|spd|1\n|faint|p1b: Maushold\n|move|p2b: Oranguru|Instruct|p2a: Hariyama\n|-singleturn|p2a: Hariyama|move: Instruct|[of] p2b: Oranguru\n|move|p2a: Hariyama|Headlong Rush|p1a: Roaring Moon\n|-immune|p1a: Roaring Moon\n|move|p1a: Roaring Moon|Acrobatics|p2a: Hariyama\n|-supereffective|p2a: Hariyama\n|-damage|p2a: Hariyama|0 fnt\n|faint|p2a: Hariyama\n|\n|upkeep\n|\n|t:|1682286315\n|switch|p2a: Hatterene|Hatterene, L50, F|100\/100\n|switch|p1b: Gholdengo|Gholdengo, L50|100\/100\n|turn|5\n|\n|t:|1682286321\n|move|p1b: Gholdengo|Protect|p1b: Gholdengo\n|-singleturn|p1b: Gholdengo|Protect\n|move|p1a: Roaring Moon|Protect|p1a: Roaring Moon\n|-singleturn|p1a: Roaring Moon|Protect\n|move|p2a: Hatterene|Trick Room|p2a: Hatterene\n|-fieldend|move: Trick Room\n|move|p2b: Oranguru|Trick Room|p2b: Oranguru\n|-fieldstart|move: Trick Room|[of] p2b: Oranguru\n|\n|upkeep\n|turn|6\n|c|\u2606ShatteredPugVGC|i just got 5 brained\n|inactive|cristo.ct3 has 30 seconds left.\n|\n|t:|1682286356\n|move|p2a: Hatterene|Psychic|p1a: Roaring Moon\n|-damage|p1a: Roaring Moon|35\/100\n|-damage|p2a: Hatterene|91\/100|[from] item: Life Orb\n|move|p2b: Oranguru|Instruct|p2a: Hatterene\n|-singleturn|p2a: Hatterene|move: Instruct|[of] p2b: Oranguru\n|move|p2a: Hatterene|Psychic|p1a: Roaring Moon\n|-damage|p1a: Roaring Moon|0 fnt\n|faint|p1a: Roaring Moon\n|-end|p1a: Roaring Moon|Protosynthesis|[silent]\n|-damage|p2a: Hatterene|82\/100|[from] item: Life Orb\n|move|p1b: Gholdengo|Make It Rain|p2a: Hatterene|[spread] p2a,p2b\n|-supereffective|p2a: Hatterene\n|-resisted|p2b: Oranguru\n|-damage|p2a: Hatterene|0 fnt\n|-damage|p2b: Oranguru|22\/100\n|-unboost|p1b: Gholdengo|spa|1\n|faint|p2a: Hatterene\n|\n|upkeep\n|\n|t:|1682286367\n|switch|p2a: Torkoal|Torkoal, L50, F|100\/100\n|-weather|SunnyDay|[from] ability: Drought|[of] p2a: Torkoal\n|turn|7\n|c|\u2606ShatteredPugVGC|ill listen to my gut next time. gg\n|-message|ShatteredPugVGC forfeited.\n|\n|win|cristo.ct3\n|n|\u2606ShatteredPugVGC|shatteredpugvgc\n|n|\u2606cristo.ct3|cristoct3\n|n| animus|animus\n|n| evnga|evnga\n","uploadtime":1682286382,"views":2,"p1id":"shatteredpugvgc","p2id":"cristoct3","formatid":"gen9vgc2023regulationc","rating":0,"private":0,"password":""}