{"id":"gen9vgc2023regulationc-1848069141","p1":"Wellington Kobs","p2":"pls be kind to me","format":"[Gen 9] VGC 2023 Regulation C","log":"|j|\u2606Wellington Kobs\n|j|\u2606pls be kind to me\n|t:|1682026202\n|gametype|doubles\n|player|p1|Wellington Kobs|blue|1169\n|player|p2|pls be kind to me|flannery|1176\n|teamsize|p1|6\n|teamsize|p2|6\n|gen|9\n|tier|[Gen 9] VGC 2023 Regulation C\n|rated|\n|rule|Species Clause: Limit one of each Pok\u00e9mon\n|rule|Item Clause: Limit one of each item\n|clearpoke\n|poke|p1|Iron Hands, L50|\n|poke|p1|Amoonguss, L50, F|\n|poke|p1|Pelipper, L50, F|\n|poke|p1|Palafin, L50, F|\n|poke|p1|Chien-Pao, L50|\n|poke|p1|Dragonite, L50, F|\n|poke|p2|Chi-Yu, L50|\n|poke|p2|Flutter Mane, L50|\n|poke|p2|Corviknight, L50, M|\n|poke|p2|Baxcalibur, L50, F|\n|poke|p2|Scream Tail, L50|\n|poke|p2|Dachsbun, L50, M|\n|teampreview|4\n|j| Seiko114\npls be kind to me has agreed to open team sheets.\n|inactive|Battle timer is ON: inactive players will automatically lose when time's up. (requested by Wellington Kobs)\n|\n|t:|1682026242\n|start\n|switch|p1a: Chien-Pao|Chien-Pao, L50|100\/100\n|switch|p1b: Flipper|Palafin, L50, F|100\/100\n|switch|p2a: Flutter Mane|Flutter Mane, L50|100\/100\n|switch|p2b: Scream Tail|Scream Tail, L50|100\/100\n|-ability|p1a: Chien-Pao|Sword of Ruin\n|-enditem|p2b: Scream Tail|Booster Energy\n|-activate|p2b: Scream Tail|ability: Protosynthesis|[fromitem]\n|-start|p2b: Scream Tail|protosynthesisspe\n|turn|1\n|\n|t:|1682026259\n|detailschange|p1b: Flipper|Palafin-Hero, L50, F\n|switch|p1b: Luca Proda|Iron Hands, L50|100\/100\n|-terastallize|p2a: Flutter Mane|Fairy\n|move|p2b: Scream Tail|Dazzling Gleam|p1a: Chien-Pao|[spread] p1a,p1b\n|-supereffective|p1a: Chien-Pao\n|-supereffective|p1b: Luca Proda\n|-damage|p1a: Chien-Pao|53\/100\n|-damage|p1b: Luca Proda|85\/100\n|move|p1a: Chien-Pao|Crunch|p2a: Flutter Mane\n|-resisted|p2a: Flutter Mane\n|-damage|p2a: Flutter Mane|46\/100\n|-damage|p1a: Chien-Pao|43\/100|[from] item: Life Orb\n|move|p2a: Flutter Mane|Dazzling Gleam|p1a: Chien-Pao|[spread] p1a,p1b\n|-supereffective|p1a: Chien-Pao\n|-supereffective|p1b: Luca Proda\n|-damage|p1a: Chien-Pao|0 fnt\n|-damage|p1b: Luca Proda|20\/100\n|faint|p1a: Chien-Pao\n|\n|upkeep\n|\n|t:|1682026275\n|switch|p1a: Flipper|Palafin-Hero, L50, F|100\/100\n|-activate|p1a: Flipper|ability: Zero to Hero\n|turn|2\n|inactive|pls be kind to me has 30 seconds left.\n|\n|t:|1682026305\n|-terastallize|p1a: Flipper|Water\n|move|p1b: Luca Proda|Fake Out|p2a: Flutter Mane\n|-damage|p2a: Flutter Mane|20\/100\n|move|p1a: Flipper|Jet Punch|p2b: Scream Tail\n|-damage|p2b: Scream Tail|51\/100\n|move|p2b: Scream Tail|Disable|p1a: Flipper\n|-start|p1a: Flipper|Disable|Jet Punch\n|cant|p2a: Flutter Mane|flinch\n|\n|upkeep\n|turn|3\n|\n|t:|1682026322\n|switch|p1a: El Lluvias|Pelipper, L50, F|100\/100\n|-weather|RainDance|[from] ability: Drizzle|[of] p1a: El Lluvias\n|move|p2b: Scream Tail|Encore||[still]\n|-fail|p2b: Scream Tail\n|move|p2a: Flutter Mane|Dazzling Gleam|p1b: Luca Proda|[spread] p1a,p1b\n|-supereffective|p1b: Luca Proda\n|-enditem|p1a: El Lluvias|Focus Sash\n|-damage|p1a: El Lluvias|1\/100\n|-damage|p1b: Luca Proda|0 fnt\n|faint|p1b: Luca Proda\n|-end|p1b: Luca Proda|Quark Drive|[silent]\n|\n|-weather|RainDance|[upkeep]\n|upkeep\n|\n|t:|1682026332\n|switch|p1b: Flipper|Palafin-Hero, L50, F, tera:Water|100\/100\n|turn|4\n|\n|t:|1682026340\n|move|p1b: Flipper|Jet Punch|p2b: Scream Tail\n|-damage|p2b: Scream Tail|0 fnt\n|faint|p2b: Scream Tail\n|-end|p2b: Scream Tail|Protosynthesis|[silent]\n|move|p2a: Flutter Mane|Dazzling Gleam|p1b: Flipper|[spread] p1a,p1b\n|-damage|p1a: El Lluvias|0 fnt\n|-damage|p1b: Flipper|43\/100\n|faint|p1a: El Lluvias\n|\n|-weather|RainDance|[upkeep]\n|upkeep\n|\n|t:|1682026343\n|switch|p2b: Baxcalibur|Baxcalibur, L50, F|100\/100\n|turn|5\n|\n|t:|1682026355\n|move|p2a: Flutter Mane|Dazzling Gleam|p1b: Flipper\n|-damage|p1b: Flipper|0 fnt\n|faint|p1b: Flipper\n|\n|win|pls be kind to me\n|raw|Wellington Kobs's rating: 1169 → 1145<\/strong> (-24 for losing)\n|raw|pls be kind to me's rating: 1176 → 1200<\/strong> (+24 for winning)\n|l|\u2606Wellington Kobs\n","uploadtime":1682026361,"views":5,"p1id":"wellingtonkobs","p2id":"plsbekindtome","formatid":"gen9vgc2023regulationc","rating":1145,"private":0,"password":""}