{"id":"gen9vgc2023regulationc-1846018676","p1":"Mashu2021","p2":"assprin","format":"[Gen 9] VGC 2023 Regulation C","log":"|j|\u2606Mashu2021\n|j|\u2606assprin\n|t:|1681792286\n|gametype|doubles\n|player|p1|Mashu2021|cynthia-gen4|1199\n|player|p2|assprin|worker|1103\n|teamsize|p1|6\n|teamsize|p2|6\n|gen|9\n|tier|[Gen 9] VGC 2023 Regulation C\n|rated|\n|rule|Species Clause: Limit one of each Pok\u00e9mon\n|rule|Item Clause: Limit one of each item\n|clearpoke\n|poke|p1|Orthworm, L50, M|\n|poke|p1|Ting-Lu, L50|\n|poke|p1|Gyarados, L50, M|\n|poke|p1|Dragonite, L50, F|\n|poke|p1|Iron Bundle, L50|\n|poke|p1|Flutter Mane, L50|\n|poke|p2|Forretress, L50, M|\n|poke|p2|Amoonguss, L50, M|\n|poke|p2|Arcanine, L50, F|\n|poke|p2|Flutter Mane, L50|\n|poke|p2|Palafin, L50, M|\n|poke|p2|Roaring Moon, L50|\n|teampreview|4\nassprin has agreed to open team sheets.\n|\n|t:|1681792340\n|start\n|switch|p1a: Orthworm|Orthworm, L50, M|100\/100\n|switch|p1b: Ting-Lu|Ting-Lu, L50|100\/100\n|switch|p2a: Palafin|Palafin, L50, M|100\/100\n|switch|p2b: Forretress|Forretress, L50, M|100\/100\n|-ability|p1b: Ting-Lu|Vessel of Ruin\n|turn|1\n|inactive|Battle timer is ON: inactive players will automatically lose when time's up. (requested by Mashu2021)\n|\n|t:|1681792366\n|detailschange|p2a: Palafin|Palafin-Hero, L50, M\n|switch|p2a: Roaring Moon|Roaring Moon, L50|100\/100\n|-enditem|p2a: Roaring Moon|Booster Energy\n|-activate|p2a: Roaring Moon|ability: Protosynthesis|[fromitem]\n|-start|p2a: Roaring Moon|protosynthesisspe\n|move|p1a: Orthworm|Iron Defense|p1a: Orthworm\n|-boost|p1a: Orthworm|def|2\n|move|p1b: Ting-Lu|Earthquake|p2b: Forretress|[spread] p2a,p2b\n|-immune|p1a: Orthworm|[from] ability: Earth Eater\n|-damage|p2a: Roaring Moon|57\/100\n|-damage|p2b: Forretress|75\/100\n|move|p2b: Forretress|Pin Missile|p1b: Ting-Lu\n|-supereffective|p1b: Ting-Lu\n|-damage|p1b: Ting-Lu|89\/100\n|-supereffective|p1b: Ting-Lu\n|-damage|p1b: Ting-Lu|77\/100\n|-supereffective|p1b: Ting-Lu\n|-damage|p1b: Ting-Lu|65\/100\n|-supereffective|p1b: Ting-Lu\n|-damage|p1b: Ting-Lu|55\/100\n|-hitcount|p1b: Ting-Lu|4\n|\n|upkeep\n|turn|2\n|\n|t:|1681792387\n|-terastallize|p2a: Roaring Moon|Flying\n|move|p2a: Roaring Moon|Acrobatics|p1b: Ting-Lu\n|-damage|p1b: Ting-Lu|23\/100\n|move|p1a: Orthworm|Iron Defense|p1a: Orthworm\n|-boost|p1a: Orthworm|def|2\n|move|p1b: Ting-Lu|Earthquake|p2b: Forretress|[spread] p2b\n|-immune|p1a: Orthworm|[from] ability: Earth Eater\n|-immune|p2a: Roaring Moon\n|-damage|p2b: Forretress|48\/100\n|move|p2b: Forretress|Pin Missile|p1b: Ting-Lu\n|-supereffective|p1b: Ting-Lu\n|-damage|p1b: Ting-Lu|11\/100\n|-supereffective|p1b: Ting-Lu\n|-damage|p1b: Ting-Lu|1\/100\n|-supereffective|p1b: Ting-Lu\n|-damage|p1b: Ting-Lu|0 fnt\n|faint|p1b: Ting-Lu\n|-hitcount|p1: Ting-Lu|3\n|\n|upkeep\n|\n|t:|1681792408\n|switch|p1b: Iron Bundle|Iron Bundle, L50, shiny|100\/100\n|-enditem|p1b: Iron Bundle|Booster Energy\n|-activate|p1b: Iron Bundle|ability: Quark Drive|[fromitem]\n|-start|p1b: Iron Bundle|quarkdrivespe\n|turn|3\n|\n|t:|1681792420\n|move|p1b: Iron Bundle|Freeze-Dry|p2a: Roaring Moon\n|-supereffective|p2a: Roaring Moon\n|-damage|p2a: Roaring Moon|0 fnt\n|faint|p2a: Roaring Moon\n|-end|p2a: Roaring Moon|Protosynthesis|[silent]\n|move|p1a: Orthworm|Body Press|p2b: Forretress\n|-damage|p2b: Forretress|0 fnt\n|faint|p2b: Forretress\n|\n|upkeep\n|\n|t:|1681792426\n|switch|p2a: Soul Fist|Flutter Mane, L50|100\/100\n|switch|p2b: Palafin|Palafin-Hero, L50, M|100\/100\n|-activate|p2b: Palafin|ability: Zero to Hero\n|turn|4\n|\n|t:|1681792437\n|move|p2b: Palafin|Jet Punch|p1b: Iron Bundle\n|-resisted|p1b: Iron Bundle\n|-damage|p1b: Iron Bundle|76\/100\n|move|p1b: Iron Bundle|Icy Wind|p2a: Soul Fist|[spread] p2a,p2b\n|-resisted|p2b: Palafin\n|-damage|p2a: Soul Fist|81\/100\n|-damage|p2b: Palafin|92\/100\n|-unboost|p2a: Soul Fist|spe|1\n|-unboost|p2b: Palafin|spe|1\n|move|p2a: Soul Fist|Thunderbolt|p1b: Iron Bundle\n|-supereffective|p1b: Iron Bundle\n|-damage|p1b: Iron Bundle|0 fnt\n|faint|p1b: Iron Bundle\n|-end|p1b: Iron Bundle|Quark Drive|[silent]\n|move|p1a: Orthworm|Heavy Slam|p2a: Soul Fist\n|-supereffective|p2a: Soul Fist\n|-damage|p2a: Soul Fist|0 fnt\n|faint|p2a: Soul Fist\n|-end|p2a: Soul Fist|Protosynthesis|[silent]\n|\n|upkeep\n|\n|t:|1681792452\n|switch|p1b: Gyarados|Gyarados, L50, M|100\/100\n|-ability|p1b: Gyarados|Intimidate|boost\n|-unboost|p2b: Palafin|atk|1\n|turn|5\n|\n|t:|1681792471\n|move|p1b: Gyarados|Thunder Wave|p2b: Palafin\n|-status|p2b: Palafin|par\n|move|p1a: Orthworm|Body Press|p2b: Palafin\n|-damage|p2b: Palafin|16\/100 par\n|-enditem|p2b: Palafin|Sitrus Berry|[eat]\n|-heal|p2b: Palafin|41\/100 par|[from] item: Sitrus Berry\n|move|p2b: Palafin|Haze|p2b: Palafin\n|-clearallboost\n|\n|upkeep\n|turn|6\n|\n|t:|1681792494\n|move|p1b: Gyarados|Taunt|p2b: Palafin\n|-start|p2b: Palafin|move: Taunt\n|move|p1a: Orthworm|Iron Defense|p1a: Orthworm\n|-boost|p1a: Orthworm|def|2\n|cant|p2b: Palafin|par\n|\n|upkeep\n|turn|7\n|\n|t:|1681792504\n|move|p1b: Gyarados|Waterfall|p2b: Palafin\n|-resisted|p2b: Palafin\n|-damage|p2b: Palafin|26\/100 par\n|move|p1a: Orthworm|Iron Defense|p1a: Orthworm\n|-boost|p1a: Orthworm|def|2\n|move|p2b: Palafin|Wave Crash|p1a: Orthworm\n|-damage|p1a: Orthworm|82\/100\n|-damage|p2b: Palafin|21\/100 par|[from] Recoil\n|\n|upkeep\n|turn|8\n|-message|assprin forfeited.\n|\n|win|Mashu2021\n|raw|Mashu2021's rating: 1199 → 1217<\/strong> (+18 for winning)\n|raw|assprin's rating: 1103 → 1085<\/strong> (-18 for losing)\n|l|\u2606assprin\n","uploadtime":1681793569,"views":3,"p1id":"mashu2021","p2id":"assprin","formatid":"gen9vgc2023regulationc","rating":1085,"private":0,"password":""}