{"id":"gen9vgc2023regulationc-1850651099","p1":"Fitz12345","p2":"Fastjon4444","format":"[Gen 9] VGC 2023 Regulation C","log":"|j|\u2606Fitz12345\n|j|\u2606Fastjon4444\n|t:|1682356171\n|gametype|doubles\n|player|p1|Fitz12345|1|1207\n|player|p2|Fastjon4444|hilbert|1322\n|teamsize|p1|6\n|teamsize|p2|6\n|gen|9\n|tier|[Gen 9] VGC 2023 Regulation C\n|rated|\n|rule|Species Clause: Limit one of each Pok\u00e9mon\n|rule|Item Clause: Limit one of each item\n|clearpoke\n|poke|p1|Ceruledge, L50, F|\n|poke|p1|Glimmora, L50, F|\n|poke|p1|Dragonite, L50, F|\n|poke|p1|Gastrodon, L50, M|\n|poke|p1|Flutter Mane, L50|\n|poke|p1|Chien-Pao, L50|\n|poke|p2|Chien-Pao, L50|\n|poke|p2|Dragapult, L50, M|\n|poke|p2|Arcanine, L50, M|\n|poke|p2|Flutter Mane, L50|\n|poke|p2|Palafin, L50, F|\n|poke|p2|Amoonguss, L50, F|\n|teampreview|4\n|inactive|Battle timer is ON: inactive players will automatically lose when time's up. (requested by Fitz12345)\n|\n|t:|1682356230\n|start\n|switch|p1a: Glimmora|Glimmora, L50, F|100\/100\n|switch|p1b: Ceruledge|Ceruledge, L50, F|100\/100\n|switch|p2a: Chien-Pao|Chien-Pao, L50|100\/100\n|switch|p2b: Palafin|Palafin, L50, F|100\/100\n|-ability|p2a: Chien-Pao|Sword of Ruin\n|turn|1\n|inactive|Fastjon4444 has 30 seconds left.\n|inactive|Fastjon4444 has 20 seconds left.\n|inactive|Fastjon4444 has 15 seconds left.\n|inactive|Fastjon4444 has 10 seconds left.\n|\n|t:|1682356277\n|detailschange|p2b: Palafin|Palafin-Hero, L50, F\n|switch|p2b: Arcanine|Arcanine, L50, M|100\/100\n|-ability|p2b: Arcanine|Intimidate|boost\n|-unboost|p1a: Glimmora|atk|1\n|-fail|p1b: Ceruledge|unboost|[from] item: Clear Amulet|[of] p1b: Ceruledge\n|move|p2a: Chien-Pao|Protect|p2a: Chien-Pao\n|-singleturn|p2a: Chien-Pao|Protect\n|move|p1a: Glimmora|Power Gem|p2a: Chien-Pao\n|-activate|p2a: Chien-Pao|move: Protect\n|move|p1b: Ceruledge|Bulk Up|p1b: Ceruledge\n|-boost|p1b: Ceruledge|atk|1\n|-boost|p1b: Ceruledge|def|1\n|\n|upkeep\n|turn|2\n|inactive|Fitz12345 has 30 seconds left.\n|inactive|Fastjon4444 has 30 seconds left.\n|inactive|Fastjon4444 has 20 seconds left.\n|\n|t:|1682356316\n|switch|p2a: Palafin|Palafin-Hero, L50, F|100\/100\n|-activate|p2a: Palafin|ability: Zero to Hero\n|move|p2b: Arcanine|Protect|p2b: Arcanine\n|-singleturn|p2b: Arcanine|Protect\n|move|p1a: Glimmora|Power Gem|p2a: Palafin\n|-damage|p2a: Palafin|57\/100\n|move|p1b: Ceruledge|Bulk Up|p1b: Ceruledge\n|-boost|p1b: Ceruledge|atk|1\n|-boost|p1b: Ceruledge|def|1\n|\n|upkeep\n|turn|3\n|inactive|Fastjon4444 has 30 seconds left.\n|\n|t:|1682356350\n|switch|p2b: Chien-Pao|Chien-Pao, L50|100\/100\n|-ability|p2b: Chien-Pao|Sword of Ruin\n|move|p1b: Ceruledge|Protect|p1b: Ceruledge\n|-singleturn|p1b: Ceruledge|Protect\n|move|p2a: Palafin|Jet Punch|p1a: Glimmora\n|-supereffective|p1a: Glimmora\n|-damage|p1a: Glimmora|0 fnt\n|-activate|p1a: Glimmora|ability: Toxic Debris\n|-sidestart|p2: Fastjon4444|move: Toxic Spikes\n|faint|p1a: Glimmora\n|\n|upkeep\n|\n|t:|1682356362\n|switch|p1a: Flutter Mane|Flutter Mane, L50|100\/100\n|-enditem|p1a: Flutter Mane|Booster Energy\n|-activate|p1a: Flutter Mane|ability: Protosynthesis|[fromitem]\n|-start|p1a: Flutter Mane|protosynthesisspe\n|turn|4\n|\n|t:|1682356374\n|-end|p1a: Flutter Mane|Protosynthesis|[silent]\n|switch|p1a: Gastrodon|Gastrodon, L50, M|100\/100\n|move|p2b: Chien-Pao|Sucker Punch||[still]\n|-fail|p2b: Chien-Pao\n|move|p2a: Palafin|Haze|p2a: Palafin\n|-clearallboost\n|move|p1b: Ceruledge|Bitter Blade|p2b: Chien-Pao\n|-supereffective|p2b: Chien-Pao\n|-enditem|p2b: Chien-Pao|Focus Sash\n|-damage|p2b: Chien-Pao|1\/100\n|\n|upkeep\n|turn|5\n|inactive|Fitz12345 has 30 seconds left.\n|inactive|Fastjon4444 has 30 seconds left.\n|\n|t:|1682356405\n|move|p2a: Palafin|Protect|p2a: Palafin\n|-singleturn|p2a: Palafin|Protect\n|move|p1b: Ceruledge|Protect|p1b: Ceruledge\n|-singleturn|p1b: Ceruledge|Protect\n|move|p2b: Chien-Pao|Ice Spinner|p1a: Gastrodon\n|-damage|p1a: Gastrodon|52\/100\n|move|p1a: Gastrodon|Icy Wind|p2a: Palafin|[spread] \n|-activate|p2a: Palafin|move: Protect\n|-miss|p1a: Gastrodon|p2b: Chien-Pao\n|\n|-heal|p1a: Gastrodon|58\/100|[from] item: Leftovers\n|upkeep\n|turn|6\n|inactive|Fitz12345 has 30 seconds left.\n|inactive|Fastjon4444 has 30 seconds left.\n|inactive|Fitz12345 has 20 seconds left.\n|inactive|Fastjon4444 has 20 seconds left.\n|inactive|Fastjon4444 has 15 seconds left.\n|inactive|Fastjon4444 has 10 seconds left.\n|\n|t:|1682356454\n|switch|p2a: Dragapult|Dragapult, L50, M|100\/100\n|-status|p2a: Dragapult|psn\n|-enditem|p2a: Dragapult|Lum Berry|[eat]\n|-curestatus|p2a: Dragapult|psn|[msg]\n|move|p1a: Gastrodon|Protect|p1a: Gastrodon\n|-singleturn|p1a: Gastrodon|Protect\n|move|p1b: Ceruledge|Shadow Sneak|p2b: Chien-Pao\n|-resisted|p2b: Chien-Pao\n|-damage|p2b: Chien-Pao|0 fnt\n|faint|p2b: Chien-Pao\n|\n|-heal|p1a: Gastrodon|64\/100|[from] item: Leftovers\n|upkeep\n|\n|t:|1682356466\n|switch|p2b: Arcanine|Arcanine, L50, M|100\/100\n|-status|p2b: Arcanine|psn\n|-ability|p2b: Arcanine|Intimidate|boost\n|-unboost|p1a: Gastrodon|atk|1\n|-fail|p1b: Ceruledge|unboost|[from] item: Clear Amulet|[of] p1b: Ceruledge\n|turn|7\n|\n|t:|1682356481\n|move|p1b: Ceruledge|Protect|p1b: Ceruledge\n|-singleturn|p1b: Ceruledge|Protect\n|move|p2b: Arcanine|Extreme Speed|p1a: Gastrodon\n|-damage|p1a: Gastrodon|41\/100\n|move|p2a: Dragapult|Phantom Force||[still]\n|-prepare|p2a: Dragapult|Phantom Force\n|move|p1a: Gastrodon|Icy Wind|p2b: Arcanine|[spread] p2b\n|-miss|p1a: Gastrodon|p2a: Dragapult\n|-resisted|p2b: Arcanine\n|-damage|p2b: Arcanine|95\/100 psn\n|-unboost|p2b: Arcanine|spe|1\n|\n|-heal|p1a: Gastrodon|47\/100|[from] item: Leftovers\n|-damage|p2b: Arcanine|83\/100 psn|[from] psn\n|upkeep\n|turn|8\n|inactive|Fitz12345 has 30 seconds left.\n|inactive|Fastjon4444 has 30 seconds left.\n|\n|t:|1682356513\n|-terastallize|p1b: Ceruledge|Grass\n|move|p2b: Arcanine|Extreme Speed|p1a: Gastrodon\n|-damage|p1a: Gastrodon|23\/100\n|move|p2a: Dragapult|Phantom Force|p1b: Ceruledge|[from]lockedmove\n|-damage|p1b: Ceruledge|52\/100\n|move|p1b: Ceruledge|Bulk Up|p1b: Ceruledge\n|-boost|p1b: Ceruledge|atk|1\n|-boost|p1b: Ceruledge|def|1\n|move|p1a: Gastrodon|Icy Wind|p2b: Arcanine|[spread] p2a,p2b\n|-supereffective|p2a: Dragapult\n|-resisted|p2b: Arcanine\n|-damage|p2a: Dragapult|71\/100\n|-damage|p2b: Arcanine|78\/100 psn\n|-unboost|p2b: Arcanine|spe|1\n|\n|-heal|p1a: Gastrodon|29\/100|[from] item: Leftovers\n|-damage|p2b: Arcanine|66\/100 psn|[from] psn\n|upkeep\n|turn|9\n|inactive|Fitz12345 has 30 seconds left.\n|\n|t:|1682356544\n|move|p1b: Ceruledge|Protect|p1b: Ceruledge\n|-singleturn|p1b: Ceruledge|Protect\n|move|p2b: Arcanine|Extreme Speed|p1b: Ceruledge\n|-activate|p1b: Ceruledge|move: Protect\n|move|p2a: Dragapult|Dragon Darts|p1a: Gastrodon\n|-damage|p1a: Gastrodon|4\/100\n|-anim|p2a: Dragapult|Dragon Darts|p1a: Gastrodon\n|-damage|p1a: Gastrodon|0 fnt\n|faint|p1a: Gastrodon\n|\n|-damage|p2b: Arcanine|53\/100 psn|[from] psn\n|upkeep\n|\n|t:|1682356555\n|switch|p1a: Flutter Mane|Flutter Mane, L50|100\/100\n|turn|10\n|\n|t:|1682356574\n|-terastallize|p2a: Dragapult|Steel\n|move|p2b: Arcanine|Extreme Speed|p1b: Ceruledge\n|-damage|p1b: Ceruledge|33\/100\n|move|p1b: Ceruledge|Shadow Sneak|p2a: Dragapult\n|-damage|p2a: Dragapult|27\/100\n|move|p2a: Dragapult|Tera Blast|p1a: Flutter Mane\n|-supereffective|p1a: Flutter Mane\n|-damage|p1a: Flutter Mane|0 fnt\n|faint|p1a: Flutter Mane\n|-end|p1a: Flutter Mane|Protosynthesis|[silent]\n|\n|-damage|p2b: Arcanine|41\/100 psn|[from] psn\n|upkeep\n|-enditem|p2b: Arcanine|Sitrus Berry|[eat]\n|-heal|p2b: Arcanine|66\/100 psn|[from] item: Sitrus Berry\n|turn|11\n|inactive|Fitz12345 has 30 seconds left.\n|\n|t:|1682356600\n|move|p2b: Arcanine|Extreme Speed|p1b: Ceruledge\n|-damage|p1b: Ceruledge|15\/100\n|move|p1b: Ceruledge|Shadow Sneak|p2a: Dragapult\n|-damage|p2a: Dragapult|0 fnt\n|faint|p2a: Dragapult\n|\n|-damage|p2b: Arcanine|53\/100 psn|[from] psn\n|upkeep\n|\n|t:|1682356607\n|switch|p2a: Palafin|Palafin-Hero, L50, F|57\/100\n|-status|p2a: Palafin|psn\n|turn|12\n|\n|t:|1682356614\n|move|p1b: Ceruledge|Protect|p1b: Ceruledge\n|-singleturn|p1b: Ceruledge|Protect\n|move|p2b: Arcanine|Extreme Speed|p1b: Ceruledge\n|-activate|p1b: Ceruledge|move: Protect\n|move|p2a: Palafin|Wave Crash|p1b: Ceruledge\n|-activate|p1b: Ceruledge|move: Protect\n|\n|-damage|p2a: Palafin|44\/100 psn|[from] psn\n|-damage|p2b: Arcanine|41\/100 psn|[from] psn\n|upkeep\n|turn|13\n|\n|t:|1682356630\n|move|p2b: Arcanine|Extreme Speed|p1b: Ceruledge\n|-damage|p1b: Ceruledge|0 fnt\n|faint|p1b: Ceruledge\n|\n|win|Fastjon4444\n|raw|Fitz12345's rating: 1207 → 1190<\/strong> (-17 for losing)\n|raw|Fastjon4444's rating: 1322 → 1336<\/strong> (+14 for winning)\n|c|\u2606Fitz12345|gg\n|l|\u2606Fitz12345\n|c|\u2606Fastjon4444|gg\n","uploadtime":1682356646,"views":12,"p1id":"fitz12345","p2id":"fastjon4444","formatid":"gen9vgc2023regulationc","rating":1190,"private":0,"password":""}