{"id":"gen9vgc2023regulationc-1850815895","p1":"Phirespin_","p2":"Yobaniet","format":"[Gen 9] VGC 2023 Regulation C","log":"|j|\u2606Phirespin_\n|j|\u2606Yobaniet\n|t:|1682370557\n|gametype|doubles\n|player|p1|Phirespin_|firebreather|1215\n|player|p2|Yobaniet|hiker-gen4|1186\n|teamsize|p1|6\n|teamsize|p2|6\n|gen|9\n|tier|[Gen 9] VGC 2023 Regulation C\n|rated|\n|rule|Species Clause: Limit one of each Pok\u00e9mon\n|rule|Item Clause: Limit one of each item\n|clearpoke\n|poke|p1|Glimmora, L50, F|\n|poke|p1|Skeledirge, L50, F|\n|poke|p1|Meowscarada, L50, F|\n|poke|p1|Iron Hands, L50|\n|poke|p1|Ting-Lu, L50|\n|poke|p1|Garganacl, L50, M|\n|poke|p2|Tyranitar, L50, M|\n|poke|p2|Indeedee-F, L50, F|\n|poke|p2|Maushold-Four, L50|\n|poke|p2|Gholdengo, L50|\n|poke|p2|Amoonguss, L50, F|\n|poke|p2|Flutter Mane, L50|\n|teampreview|4\n|inactive|Battle timer is ON: inactive players will automatically lose when time's up. (requested by Phirespin_)\n|inactive|Phirespin_ has 60 seconds left.\n|\n|t:|1682370596\n|start\n|switch|p1a: The Dirge|Skeledirge, L50, F|100\/100\n|switch|p1b: Ting-Lu|Ting-Lu, L50|100\/100\n|switch|p2a: Flutter Mane|Flutter Mane, L50|100\/100\n|switch|p2b: Gholdengo|Gholdengo, L50|100\/100\n|-ability|p1b: Ting-Lu|Vessel of Ruin\n|turn|1\n|\n|t:|1682370617\n|-terastallize|p1b: Ting-Lu|Poison\n|move|p1a: The Dirge|Protect|p1a: The Dirge\n|-singleturn|p1a: The Dirge|Protect\n|move|p2a: Flutter Mane|Dazzling Gleam|p1b: Ting-Lu|[spread] p1b\n|-activate|p1a: The Dirge|move: Protect\n|-resisted|p1b: Ting-Lu\n|-damage|p1b: Ting-Lu|89\/100\n|move|p2b: Gholdengo|Power Gem|p1a: The Dirge\n|-activate|p1a: The Dirge|move: Protect\n|move|p1b: Ting-Lu|Stomping Tantrum|p2b: Gholdengo\n|-supereffective|p2b: Gholdengo\n|-damage|p2b: Gholdengo|38\/100\n|\n|upkeep\n|turn|2\n|inactive|Yobaniet has 30 seconds left.\n|\n|t:|1682370643\n|switch|p1a: Legos|Glimmora, L50, F|100\/100\n|move|p2a: Flutter Mane|Dazzling Gleam|p1b: Ting-Lu|[spread] p1a,p1b\n|-resisted|p1a: Legos\n|-crit|p1a: Legos\n|-resisted|p1b: Ting-Lu\n|-damage|p1a: Legos|68\/100\n|-damage|p1b: Ting-Lu|79\/100\n|move|p2b: Gholdengo|Psychic|p1b: Ting-Lu\n|-supereffective|p1b: Ting-Lu\n|-damage|p1b: Ting-Lu|45\/100\n|-enditem|p1b: Ting-Lu|Sitrus Berry|[eat]\n|-heal|p1b: Ting-Lu|70\/100|[from] item: Sitrus Berry\n|move|p1b: Ting-Lu|Stomping Tantrum|p2b: Gholdengo\n|-supereffective|p2b: Gholdengo\n|-damage|p2b: Gholdengo|0 fnt\n|faint|p2b: Gholdengo\n|\n|upkeep\n|\n|t:|1682370657\n|switch|p2b: Indeedee|Indeedee-F, L50, F|100\/100\n|-fieldstart|move: Psychic Terrain|[from] ability: Psychic Surge|[of] p2b: Indeedee\n|turn|3\n|\n|t:|1682370670\n|-end|p2a: Flutter Mane|Protosynthesis|[silent]\n|switch|p2a: Tyranitar|Tyranitar, L50, M|100\/100\n|-weather|Sandstorm|[from] ability: Sand Stream|[of] p2a: Tyranitar\n|move|p1b: Ting-Lu|Protect|p1b: Ting-Lu\n|-singleturn|p1b: Ting-Lu|Protect\n|move|p1a: Legos|Mortal Spin|p2a: Tyranitar|[spread] p2a,p2b\n|-resisted|p2a: Tyranitar\n|-damage|p2a: Tyranitar|99\/100\n|-damage|p2b: Indeedee|95\/100\n|-status|p2a: Tyranitar|psn\n|-status|p2b: Indeedee|psn\n|move|p2b: Indeedee|Trick Room|p2b: Indeedee\n|-fieldstart|move: Trick Room|[of] p2b: Indeedee\n|\n|-weather|Sandstorm|[upkeep]\n|-damage|p1b: Ting-Lu|64\/100|[from] Sandstorm\n|-damage|p2b: Indeedee|89\/100 psn|[from] Sandstorm\n|-damage|p2a: Tyranitar|87\/100 psn|[from] psn\n|-damage|p2b: Indeedee|77\/100 psn|[from] psn\n|upkeep\n|turn|4\n|\n|t:|1682370692\n|switch|p1b: Garganacci~|Garganacl, L50, M|100\/100\n|move|p1a: Legos|Protect|p1a: Legos\n|-singleturn|p1a: Legos|Protect\n|move|p2b: Indeedee|Follow Me|p2b: Indeedee\n|-singleturn|p2b: Indeedee|move: Follow Me\n|move|p2a: Tyranitar|Curse|p2a: Tyranitar\n|-unboost|p2a: Tyranitar|spe|1\n|-boost|p2a: Tyranitar|atk|1\n|-boost|p2a: Tyranitar|def|1\n|\n|-weather|Sandstorm|[upkeep]\n|-damage|p2b: Indeedee|71\/100 psn|[from] Sandstorm\n|-damage|p2a: Tyranitar|75\/100 psn|[from] psn\n|-damage|p2b: Indeedee|58\/100 psn|[from] psn\n|upkeep\n|turn|5\n|\n|t:|1682370712\n|move|p2b: Indeedee|Follow Me|p2b: Indeedee\n|-singleturn|p2b: Indeedee|move: Follow Me\n|move|p2a: Tyranitar|Curse|p2a: Tyranitar\n|-unboost|p2a: Tyranitar|spe|1\n|-boost|p2a: Tyranitar|atk|1\n|-boost|p2a: Tyranitar|def|1\n|move|p1b: Garganacci~|Salt Cure|p2b: Indeedee\n|-damage|p2b: Indeedee|42\/100 psn\n|-start|p2b: Indeedee|Salt Cure\n|move|p1a: Legos|Toxic Spikes|p2b: Indeedee\n|-sidestart|p2: Yobaniet|move: Toxic Spikes\n|\n|-weather|Sandstorm|[upkeep]\n|-damage|p2b: Indeedee|36\/100 psn|[from] Sandstorm\n|-damage|p2a: Tyranitar|63\/100 psn|[from] psn\n|-damage|p2b: Indeedee|24\/100 psn|[from] psn\n|-damage|p2b: Indeedee|11\/100 psn|[from] Salt Cure\n|upkeep\n|turn|6\n|\n|t:|1682370729\n|move|p2b: Indeedee|Helping Hand|p2a: Tyranitar\n|-singleturn|p2a: Tyranitar|Helping Hand|[of] p2b: Indeedee\n|move|p2a: Tyranitar|Ice Punch|p1b: Garganacci~\n|-crit|p1b: Garganacci~\n|-damage|p1b: Garganacci~|44\/100\n|move|p1b: Garganacci~|Recover|p1b: Garganacci~\n|-heal|p1b: Garganacci~|94\/100\n|move|p1a: Legos|Toxic Spikes|p2b: Indeedee\n|-sidestart|p2: Yobaniet|move: Toxic Spikes\n|\n|-weather|Sandstorm|[upkeep]\n|-damage|p2b: Indeedee|5\/100 psn|[from] Sandstorm\n|-heal|p1b: Garganacci~|99\/100|[from] item: Leftovers\n|-damage|p2a: Tyranitar|51\/100 psn|[from] psn\n|-damage|p2b: Indeedee|0 fnt|[from] psn\n|faint|p2b: Indeedee\n|upkeep\n|\n|t:|1682370738\n|switch|p2b: Flutter Mane|Flutter Mane, L50|100\/100\n|-status|p2b: Flutter Mane|tox\n|turn|7\n|\n|t:|1682370756\n|switch|p1b: The Dirge|Skeledirge, L50, F|100\/100\n|-terastallize|p2a: Tyranitar|Rock\n|move|p1a: Legos|Protect|p1a: Legos\n|-singleturn|p1a: Legos|Protect\n|move|p2a: Tyranitar|Rock Slide|p1a: Legos|[spread] p1b\n|-activate|p1a: Legos|move: Protect\n|-supereffective|p1b: The Dirge\n|-damage|p1b: The Dirge|42\/100\n|move|p2b: Flutter Mane|Dazzling Gleam|p1b: The Dirge|[spread] p1b\n|-activate|p1a: Legos|move: Protect\n|-resisted|p1b: The Dirge\n|-damage|p1b: The Dirge|15\/100\n|-enditem|p1b: The Dirge|Aguav Berry|[eat]\n|-heal|p1b: The Dirge|48\/100|[from] item: Aguav Berry\n|\n|-weather|none\n|-damage|p2a: Tyranitar|39\/100 psn|[from] psn\n|-damage|p2b: Flutter Mane|94\/100 tox|[from] psn\n|-fieldend|move: Trick Room\n|-fieldend|move: Psychic Terrain\n|upkeep\n|turn|8\n|\n|t:|1682370780\n|switch|p1a: Garganacci~|Garganacl, L50, M|99\/100\n|move|p1b: The Dirge|Protect|p1b: The Dirge\n|-singleturn|p1b: The Dirge|Protect\n|move|p2b: Flutter Mane|Dazzling Gleam|p1b: The Dirge|[spread] p1a\n|-activate|p1b: The Dirge|move: Protect\n|-damage|p1a: Garganacci~|52\/100\n|move|p2a: Tyranitar|Rock Slide|p1b: The Dirge|[spread] p1a\n|-activate|p1b: The Dirge|move: Protect\n|-damage|p1a: Garganacci~|8\/100\n|\n|-heal|p1a: Garganacci~|14\/100|[from] item: Leftovers\n|-damage|p2b: Flutter Mane|82\/100 tox|[from] psn\n|-damage|p2a: Tyranitar|27\/100 psn|[from] psn\n|upkeep\n|turn|9\n|\n|t:|1682370799\n|switch|p1b: Legos|Glimmora, L50, F|68\/100\n|move|p1a: Garganacci~|Protect|p1a: Garganacci~\n|-singleturn|p1a: Garganacci~|Protect\n|move|p2b: Flutter Mane|Dazzling Gleam|p1b: Legos|[spread] p1b\n|-activate|p1a: Garganacci~|move: Protect\n|-resisted|p1b: Legos\n|-damage|p1b: Legos|39\/100\n|move|p2a: Tyranitar|Rock Slide|p1b: Legos|[spread] p1b\n|-activate|p1a: Garganacci~|move: Protect\n|-damage|p1b: Legos|0 fnt\n|faint|p1b: Legos\n|\n|-heal|p1a: Garganacci~|20\/100|[from] item: Leftovers\n|-damage|p2b: Flutter Mane|64\/100 tox|[from] psn\n|-damage|p2a: Tyranitar|15\/100 psn|[from] psn\n|upkeep\n|\n|t:|1682370820\n|switch|p1b: Ting-Lu|Ting-Lu, L50, tera:Poison|64\/100\n|-ability|p1b: Ting-Lu|Vessel of Ruin\n|turn|10\n|\n|t:|1682370828\n|switch|p1b: The Dirge|Skeledirge, L50, F|48\/100\n|move|p1a: Garganacci~|Protect||[still]\n|-fail|p1a: Garganacci~\n|move|p2b: Flutter Mane|Dazzling Gleam|p1a: Garganacci~|[spread] p1a,p1b\n|-resisted|p1b: The Dirge\n|-damage|p1a: Garganacci~|0 fnt\n|-damage|p1b: The Dirge|22\/100\n|faint|p1a: Garganacci~\n|move|p2a: Tyranitar|Rock Slide|p1b: The Dirge\n|-supereffective|p1b: The Dirge\n|-damage|p1b: The Dirge|0 fnt\n|faint|p1b: The Dirge\n|\n|-damage|p2b: Flutter Mane|39\/100 tox|[from] psn\n|-damage|p2a: Tyranitar|2\/100 psn|[from] psn\n|upkeep\n|\n|t:|1682370845\n|switch|p1b: Ting-Lu|Ting-Lu, L50, tera:Poison|64\/100\n|-ability|p1b: Ting-Lu|Vessel of Ruin\n|turn|11\n|\n|t:|1682370850\n|move|p1b: Ting-Lu|Protect|p1b: Ting-Lu\n|-singleturn|p1b: Ting-Lu|Protect\n|move|p2b: Flutter Mane|Dazzling Gleam|p1b: Ting-Lu\n|-activate|p1b: Ting-Lu|move: Protect\n|move|p2a: Tyranitar|Ice Punch|p1b: Ting-Lu\n|-activate|p1b: Ting-Lu|move: Protect\n|\n|-damage|p2b: Flutter Mane|9\/100 tox|[from] psn\n|-damage|p2a: Tyranitar|0 fnt|[from] psn\n|faint|p2a: Tyranitar\n|upkeep\n|turn|12\n|\n|t:|1682370863\n|move|p1b: Ting-Lu|Protect|p1b: Ting-Lu\n|-singleturn|p1b: Ting-Lu|Protect\n|move|p2b: Flutter Mane|Dazzling Gleam|p1b: Ting-Lu\n|-activate|p1b: Ting-Lu|move: Protect\n|\n|-damage|p2b: Flutter Mane|0 fnt|[from] psn\n|faint|p2b: Flutter Mane\n|-end|p2b: Flutter Mane|Protosynthesis|[silent]\n|\n|win|Phirespin_\n|upkeep\n|raw|Phirespin_'s rating: 1215 → 1238<\/strong> (+23 for winning)\n|raw|Yobaniet's rating: 1186 → 1163<\/strong> (-23 for losing)\n|l|\u2606Yobaniet\n","uploadtime":1682370922,"views":18,"p1id":"phirespin","p2id":"yobaniet","formatid":"gen9vgc2023regulationc","rating":1163,"private":0,"password":""}