{"id":"gen9vgc2023regulationc-1854811644","p1":"We_Love_The_Gong","p2":"Hactorgv_128","format":"[Gen 9] VGC 2023 Regulation C","log":"|j|\u2606We_Love_The_Gong\n|j|\u2606Hactorgv_128\n|t:|1682868892\n|gametype|doubles\n|player|p1|We_Love_The_Gong|fantina|1341\n|player|p2|Hactorgv_128|102|1329\n|teamsize|p1|6\n|teamsize|p2|6\n|gen|9\n|tier|[Gen 9] VGC 2023 Regulation C\n|rated|\n|rule|Species Clause: Limit one of each Pok\u00e9mon\n|rule|Item Clause: Limit one of each item\n|clearpoke\n|poke|p1|Gholdengo, L50|\n|poke|p1|Ting-Lu, L50|\n|poke|p1|Gyarados, L50, F|\n|poke|p1|Flutter Mane, L50|\n|poke|p1|Amoonguss, L50, M|\n|poke|p1|Baxcalibur, L50, M|\n|poke|p2|Murkrow, L50, M|\n|poke|p2|Quaquaval, L50, M|\n|poke|p2|Corviknight, L50, M|\n|poke|p2|Pelipper, L50, F|\n|poke|p2|Espathra, L50, M|\n|poke|p2|Flamigo, L50, F|\n|teampreview|4\nWe_Love_The_Gong has agreed to open team sheets.\nHactorgv_128 has agreed to open team sheets.\n|c|\u2606We_Love_The_Gong|2 open team sheets in a row\n|c|\u2606We_Love_The_Gong|what is happening\n|c|\u2606Hactorgv_128|Practicing for tomorrow\n|c|\u2606We_Love_The_Gong|what's tomorrow?\n|\n|t:|1682868964\n|start\n|switch|p1a: Flutter Mane|Flutter Mane, L50|100\/100\n|switch|p1b: Amoonguss|Amoonguss, L50, M|100\/100\n|switch|p2a: Pelipper|Pelipper, L50, F|100\/100\n|switch|p2b: Quaquaval|Quaquaval, L50, M|100\/100\n|-weather|RainDance|[from] ability: Drizzle|[of] p2a: Pelipper\n|turn|1\n|\n|t:|1682868983\n|move|p2b: Quaquaval|Protect|p2b: Quaquaval\n|-singleturn|p2b: Quaquaval|Protect\n|move|p1b: Amoonguss|Protect|p1b: Amoonguss\n|-singleturn|p1b: Amoonguss|Protect\n|move|p1a: Flutter Mane|Thunderbolt|p2b: Quaquaval\n|-activate|p2b: Quaquaval|move: Protect\n|move|p2a: Pelipper|Hurricane|p1b: Amoonguss\n|-activate|p1b: Amoonguss|move: Protect\n|\n|-weather|RainDance|[upkeep]\n|upkeep\n|turn|2\n|c|\u2606Hactorgv_128|VGC draft tournament on showdown\n|\n|t:|1682869014\n|move|p1a: Flutter Mane|Thunderbolt|p2b: Quaquaval\n|-supereffective|p2b: Quaquaval\n|-damage|p2b: Quaquaval|0 fnt\n|faint|p2b: Quaquaval\n|move|p2a: Pelipper|Tailwind|p2a: Pelipper\n|-sidestart|p2: Hactorgv_128|move: Tailwind\n|move|p1b: Amoonguss|Spore|p2a: Pelipper\n|-status|p2a: Pelipper|slp|[from] move: Spore\n|\n|-weather|RainDance|[upkeep]\n|upkeep\n|\n|t:|1682869022\n|switch|p2b: Espathra|Espathra, L50, M|100\/100\n|turn|3\n|\n|t:|1682869039\n|cant|p2a: Pelipper|slp\n|move|p2b: Espathra|Calm Mind|p2b: Espathra\n|-boost|p2b: Espathra|spa|1\n|-boost|p2b: Espathra|spd|1\n|move|p1a: Flutter Mane|Thunderbolt|p2a: Pelipper\n|-supereffective|p2a: Pelipper\n|-damage|p2a: Pelipper|0 fnt\n|faint|p2a: Pelipper\n|move|p1b: Amoonguss|Spore|p2b: Espathra\n|-status|p2b: Espathra|slp|[from] move: Spore\n|\n|-weather|RainDance|[upkeep]\n|-ability|p2b: Espathra|Speed Boost|boost\n|-boost|p2b: Espathra|spe|1\n|upkeep\n|\n|t:|1682869053\n|switch|p2a: Flamigo|Flamigo, L50, F|100\/100\n|-copyboost|p2a: Flamigo|p2b: Espathra|[from] ability: Costar\n|turn|4\n|\n|t:|1682869057\n|-terastallize|p2a: Flamigo|Steel\n|move|p1b: Amoonguss|Rage Powder|p1b: Amoonguss\n|-singleturn|p1b: Amoonguss|move: Rage Powder\n|move|p2a: Flamigo|Tera Blast|p1b: Amoonguss\n|-damage|p1b: Amoonguss|67\/100\n|cant|p2b: Espathra|slp\n|move|p1a: Flutter Mane|Thunderbolt|p2a: Flamigo\n|-damage|p2a: Flamigo|45\/100\n|\n|-weather|RainDance|[upkeep]\n|-ability|p2b: Espathra|Speed Boost|boost\n|-boost|p2b: Espathra|spe|1\n|upkeep\n|turn|5\n|\n|t:|1682869074\n|move|p1b: Amoonguss|Rage Powder|p1b: Amoonguss\n|-singleturn|p1b: Amoonguss|move: Rage Powder\n|cant|p2b: Espathra|slp\n|move|p2a: Flamigo|Brave Bird|p1b: Amoonguss\n|-supereffective|p1b: Amoonguss\n|-damage|p1b: Amoonguss|0 fnt\n|-damage|p2a: Flamigo|29\/100|[from] item: Rocky Helmet|[of] p1b: Amoonguss\n|faint|p1b: Amoonguss\n|-damage|p2a: Flamigo|0 fnt|[from] Recoil\n|faint|p2a: Flamigo\n|move|p1a: Flutter Mane|Thunderbolt|p2b: Espathra\n|-damage|p2b: Espathra|62\/100 slp\n|\n|-weather|RainDance|[upkeep]\n|-heal|p2b: Espathra|68\/100 slp|[from] item: Leftovers\n|-sideend|p2: Hactorgv_128|move: Tailwind\n|-ability|p2b: Espathra|Speed Boost|boost\n|-boost|p2b: Espathra|spe|1\n|upkeep\n|\n|t:|1682869079\n|switch|p1b: Gyarados|Gyarados, L50, F|100\/100\n|-ability|p1b: Gyarados|Intimidate|boost\n|-unboost|p2b: Espathra|atk|1\n|turn|6\n|\n|t:|1682869092\n|-curestatus|p2b: Espathra|slp|[msg]\n|move|p2b: Espathra|Stored Power|p1a: Flutter Mane\n|-damage|p1a: Flutter Mane|44\/100\n|move|p1a: Flutter Mane|Thunderbolt|p2b: Espathra\n|-damage|p2b: Espathra|27\/100\n|move|p1b: Gyarados|Waterfall|p2b: Espathra\n|-damage|p2b: Espathra|0 fnt\n|faint|p2b: Espathra\n|\n|win|We_Love_The_Gong\n|raw|We_Love_The_Gong's rating: 1341 → 1360<\/strong> (+19 for winning)\n|raw|Hactorgv_128's rating: 1329 → 1310<\/strong> (-19 for losing)\n|l|\u2606Hactorgv_128\n|c|\u2606We_Love_The_Gong|gg\n|c|\u2606We_Love_The_Gong|gl tomorrow\n","uploadtime":1682869104,"views":9,"p1id":"welovethegong","p2id":"hactorgv128","formatid":"gen9vgc2023regulationc","rating":1310,"private":0,"password":""}