{"id":"gen9vgc2023regulationc-1845944703","p1":"LegalizedNukes","p2":"hfkfhdfhs","format":"[Gen 9] VGC 2023 Regulation C","log":"|j|\u2606LegalizedNukes\n|j|\u2606hfkfhdfhs\n|t:|1681782245\n|gametype|doubles\n|player|p1|LegalizedNukes|nita|1141\n|player|p2|hfkfhdfhs|adaman|1045\n|teamsize|p1|6\n|teamsize|p2|6\n|gen|9\n|tier|[Gen 9] VGC 2023 Regulation C\n|rated|\n|rule|Species Clause: Limit one of each Pok\u00e9mon\n|rule|Item Clause: Limit one of each item\n|clearpoke\n|poke|p1|Ting-Lu, L50|\n|poke|p1|Bronzong, L50|\n|poke|p1|Armarouge, L50, M|\n|poke|p1|Indeedee-F, L50, F|\n|poke|p1|Hariyama, L50, M|\n|poke|p1|Hatterene, L50, F|\n|poke|p2|Flutter Mane, L50|\n|poke|p2|Dragonite, L50, M|\n|poke|p2|Chien-Pao, L50|\n|poke|p2|Palafin, L50, F|\n|poke|p2|Arcanine, L50, M|\n|poke|p2|Amoonguss, L50, F|\n|teampreview|4\n|inactive|Battle timer is ON: inactive players will automatically lose when time's up. (requested by LegalizedNukes)\n|inactive|LegalizedNukes has 60 seconds left.\n|inactive|hfkfhdfhs has 60 seconds left.\n|\n|t:|1681782286\n|start\n|switch|p1a: Armarouge|Armarouge, L50, M|100\/100\n|switch|p1b: Indeedee|Indeedee-F, L50, F|100\/100\n|switch|p2a: Palafin|Palafin, L50, F|100\/100\n|switch|p2b: Dragonite|Dragonite, L50, M, shiny|100\/100\n|-fieldstart|move: Psychic Terrain|[from] ability: Psychic Surge|[of] p1b: Indeedee\n|-enditem|p1b: Indeedee|Psychic Seed\n|-boost|p1b: Indeedee|spd|1|[from] item: Psychic Seed\n|turn|1\n|inactive|LegalizedNukes has 30 seconds left.\n|inactive|LegalizedNukes has 20 seconds left.\n|\n|t:|1681782326\n|detailschange|p2a: Palafin|Palafin-Hero, L50, F\n|switch|p2a: Flutter Mane|Flutter Mane, L50|100\/100\n|move|p2b: Dragonite|Ice Spinner|p1b: Indeedee\n|-damage|p1b: Indeedee|53\/100\n|-fieldend|move: Psychic Terrain\n|move|p1a: Armarouge|Expanding Force|p2b: Dragonite\n|-crit|p2b: Dragonite\n|-damage|p2b: Dragonite|20\/100\n|-damage|p1a: Armarouge|90\/100|[from] item: Life Orb\n|move|p1b: Indeedee|Trick Room|p1b: Indeedee\n|-fieldstart|move: Trick Room|[of] p1b: Indeedee\n|\n|upkeep\n|turn|2\n|inactive|hfkfhdfhs has 30 seconds left.\n|\n|t:|1681782353\n|-terastallize|p1b: Indeedee|Fairy\n|move|p1a: Armarouge|Armor Cannon|p2a: Flutter Mane\n|-damage|p2a: Flutter Mane|0 fnt\n|-unboost|p1a: Armarouge|def|1\n|-unboost|p1a: Armarouge|spd|1\n|faint|p2a: Flutter Mane\n|-end|p2a: Flutter Mane|Protosynthesis|[silent]\n|-damage|p1a: Armarouge|80\/100|[from] item: Life Orb\n|move|p2b: Dragonite|Ice Spinner|p1b: Indeedee\n|-damage|p1b: Indeedee|10\/100\n|move|p1b: Indeedee|Dazzling Gleam|p2b: Dragonite\n|-supereffective|p2b: Dragonite\n|-damage|p2b: Dragonite|0 fnt\n|faint|p2b: Dragonite\n|\n|upkeep\n|\n|t:|1681782358\n|switch|p2b: Amoonguss|Amoonguss, L50, F|100\/100\n|switch|p2a: Palafin|Palafin-Hero, L50, F|100\/100\n|-activate|p2a: Palafin|ability: Zero to Hero\n|turn|3\n|inactive|LegalizedNukes has 30 seconds left.\n|inactive|LegalizedNukes has 20 seconds left.\n|\n|t:|1681782395\n|switch|p1b: Bronzong|Bronzong, L50|100\/100\n|move|p1a: Armarouge|Protect|p1a: Armarouge\n|-singleturn|p1a: Armarouge|Protect\n|move|p2a: Palafin|Jet Punch|p1b: Bronzong\n|-damage|p1b: Bronzong|62\/100\n|move|p2b: Amoonguss|Spore|p1a: Armarouge\n|-activate|p1a: Armarouge|move: Protect\n|\n|upkeep\n|turn|4\n|\n|t:|1681782409\n|switch|p1a: Indeedee|Indeedee-F, L50, F, tera:Fairy|10\/100\n|-fieldstart|move: Psychic Terrain|[from] ability: Psychic Surge|[of] p1a: Indeedee\n|move|p2a: Palafin|Jet Punch|p1a: Indeedee\n|-activate|p1a: Indeedee|move: Psychic Terrain\n|move|p2b: Amoonguss|Spore|p1b: Bronzong\n|-activate|p1b: Bronzong|item: Safety Goggles|Spore\n|move|p1b: Bronzong|Iron Defense|p1b: Bronzong\n|-boost|p1b: Bronzong|def|2\n|\n|upkeep\n|turn|5\n|inactive|LegalizedNukes has 30 seconds left.\n|\n|t:|1681782434\n|move|p2a: Palafin|Protect|p2a: Palafin\n|-singleturn|p2a: Palafin|Protect\n|move|p2b: Amoonguss|Pollen Puff|p1a: Indeedee\n|-resisted|p1a: Indeedee\n|-damage|p1a: Indeedee|0 fnt\n|faint|p1a: Indeedee\n|move|p1b: Bronzong|Body Press|p2a: Palafin\n|-activate|p2a: Palafin|move: Protect\n|\n|-fieldend|move: Trick Room\n|upkeep\n|inactive|LegalizedNukes has 30 seconds left.\n|\n|t:|1681782464\n|switch|p1a: Armarouge|Armarouge, L50, M|80\/100\n|turn|6\n|\n|t:|1681782486\n|-terastallize|p2a: Palafin|Water\n|move|p2a: Palafin|Wave Crash|p1b: Bronzong\n|-damage|p1b: Bronzong|5\/100\n|-damage|p2a: Palafin|85\/100|[from] Recoil\n|move|p1a: Armarouge|Expanding Force|p2b: Amoonguss|[spread] p2a,p2b\n|-supereffective|p2b: Amoonguss\n|-damage|p2a: Palafin|5\/100\n|-damage|p2b: Amoonguss|0 fnt\n|faint|p2b: Amoonguss\n|-damage|p1a: Armarouge|70\/100|[from] item: Life Orb\n|move|p1b: Bronzong|Body Press|p2a: Palafin\n|-damage|p2a: Palafin|0 fnt\n|faint|p2a: Palafin\n|\n|win|LegalizedNukes\n|raw|LegalizedNukes's rating: 1141 → 1159<\/strong> (+18 for winning)\n|raw|hfkfhdfhs's rating: 1045 → 1033<\/strong> (-12 for losing)\n|l|\u2606hfkfhdfhs\n","uploadtime":1681782500,"views":12,"p1id":"legalizednukes","p2id":"hfkfhdfhs","formatid":"gen9vgc2023regulationc","rating":1033,"private":0,"password":""}