{"id":"gen9vgc2023regulationc-1848986831","p1":"MNPLON","p2":"Alexis_student","format":"[Gen 9] VGC 2023 Regulation C","log":"|j|\u2606MNPLON\n|j|\u2606Alexis_student\n|t:|1682134973\n|gametype|doubles\n|player|p1|MNPLON|170|1114\n|player|p2|Alexis_student|266|1163\n|teamsize|p1|6\n|teamsize|p2|6\n|gen|9\n|tier|[Gen 9] VGC 2023 Regulation C\n|rated|\n|rule|Species Clause: Limit one of each Pok\u00e9mon\n|rule|Item Clause: Limit one of each item\n|clearpoke\n|poke|p1|Klefki, L50, M|\n|poke|p1|Garganacl, L50, M|\n|poke|p1|Amoonguss, L50, M|\n|poke|p1|Arcanine, L50, M|\n|poke|p1|Ting-Lu, L50|\n|poke|p1|Slowking, L50, M|\n|poke|p2|Amoonguss, L50, F|\n|poke|p2|Palafin, L50, F|\n|poke|p2|Arcanine, L50, F|\n|poke|p2|Flutter Mane, L50|\n|poke|p2|Baxcalibur, L50, F|\n|poke|p2|Ting-Lu, L50|\n|teampreview|4\n|inactive|Battle timer is ON: inactive players will automatically lose when time's up. (requested by Alexis_student)\n|\n|t:|1682135022\n|start\n|switch|p1a: Klefki|Klefki, L50, M, shiny|100\/100\n|switch|p1b: Arcanine|Arcanine, L50, M, shiny|100\/100\n|switch|p2a: Palafin|Palafin, L50, F|100\/100\n|switch|p2b: Arcanine|Arcanine, L50, F|100\/100\n|-ability|p1b: Arcanine|Intimidate|boost\n|-unboost|p2a: Palafin|atk|1\n|-unboost|p2b: Arcanine|atk|1\n|-ability|p2b: Arcanine|Intimidate|boost\n|-unboost|p1a: Klefki|atk|1\n|-unboost|p1b: Arcanine|atk|1\n|turn|1\n|\n|t:|1682135046\n|detailschange|p2a: Palafin|Palafin-Hero, L50, F\n|switch|p2a: Baxcalibur|Baxcalibur, L50, F|100\/100\n|move|p2b: Arcanine|Protect|p2b: Arcanine\n|-singleturn|p2b: Arcanine|Protect\n|move|p1a: Klefki|Reflect|p1a: Klefki\n|-sidestart|p1: MNPLON|Reflect\n|move|p1b: Arcanine|Will-O-Wisp|p2a: Baxcalibur\n|-immune|p2a: Baxcalibur|[from] ability: Thermal Exchange\n|\n|upkeep\n|turn|2\n|\n|t:|1682135065\n|switch|p1b: Slowking|Slowking, L50, M, shiny|100\/100\n|move|p2b: Arcanine|Flare Blitz|p1a: Klefki\n|-supereffective|p1a: Klefki\n|-damage|p1a: Klefki|52\/100\n|-damage|p2b: Arcanine|87\/100|[from] Recoil\n|move|p2a: Baxcalibur|Glaive Rush|p1b: Slowking\n|-damage|p1b: Slowking|53\/100\n|-singlemove|p2a: Baxcalibur|Glaive Rush|[silent]\n|move|p1a: Klefki|Trick Room|p1a: Klefki\n|-fieldstart|move: Trick Room|[of] p1a: Klefki\n|\n|upkeep\n|turn|3\n|\n|t:|1682135088\n|switch|p2a: Palafin|Palafin-Hero, L50, F|100\/100\n|-activate|p2a: Palafin|ability: Zero to Hero\n|move|p1b: Slowking|Chilling Water|p2b: Arcanine\n|-supereffective|p2b: Arcanine\n|-damage|p2b: Arcanine|41\/100\n|-unboost|p2b: Arcanine|atk|1\n|move|p1a: Klefki|Draining Kiss|p2a: Palafin\n|-damage|p2a: Palafin|85\/100\n|-heal|p1a: Klefki|67\/100|[from] drain|[of] p2a: Palafin\n|move|p2b: Arcanine|Will-O-Wisp|p1b: Slowking\n|-status|p1b: Slowking|brn\n|\n|-damage|p1b: Slowking|47\/100 brn|[from] brn\n|upkeep\n|turn|4\n|inactive|Alexis_student has 30 seconds left.\n|\n|t:|1682135114\n|switch|p1a: Arcanine|Arcanine, L50, M, shiny|100\/100\n|-ability|p1a: Arcanine|Intimidate|boost\n|-unboost|p2a: Palafin|atk|1\n|-unboost|p2b: Arcanine|atk|1\n|switch|p2b: Baxcalibur|Baxcalibur, L50, F|100\/100\n|-terastallize|p2a: Palafin|Water\n|move|p1b: Slowking|Chilling Water|p2a: Palafin\n|-resisted|p2a: Palafin\n|-damage|p2a: Palafin|73\/100\n|-unboost|p2a: Palafin|atk|1\n|move|p2a: Palafin|Wave Crash|p1b: Slowking\n|-resisted|p1b: Slowking\n|-damage|p1b: Slowking|26\/100 brn\n|-damage|p2a: Palafin|68\/100|[from] Recoil\n|\n|-damage|p1b: Slowking|20\/100 brn|[from] brn\n|upkeep\n|-enditem|p1b: Slowking|Wiki Berry|[eat]\n|-heal|p1b: Slowking|54\/100 brn|[from] item: Wiki Berry\n|turn|5\n|inactive|MNPLON has 30 seconds left.\n|inactive|Alexis_student has 30 seconds left.\n|inactive|Alexis_student has 20 seconds left.\n|\n|t:|1682135153\n|switch|p2a: Arcanine|Arcanine, L50, F|41\/100\n|-ability|p2a: Arcanine|Intimidate|boost\n|-unboost|p1a: Arcanine|atk|1\n|-unboost|p1b: Slowking|atk|1\n|switch|p1a: Amoonguss|Amoonguss, L50, M, shiny|100\/100\n|move|p1b: Slowking|Chilling Water|p2b: Baxcalibur\n|-resisted|p2b: Baxcalibur\n|-damage|p2b: Baxcalibur|91\/100\n|move|p2b: Baxcalibur|Icicle Crash|p1a: Amoonguss\n|-supereffective|p1a: Amoonguss\n|-damage|p1a: Amoonguss|43\/100\n|-enditem|p1a: Amoonguss|Sitrus Berry|[eat]\n|-heal|p1a: Amoonguss|68\/100|[from] item: Sitrus Berry\n|\n|-damage|p1b: Slowking|48\/100 brn|[from] brn\n|upkeep\n|turn|6\n|\n|t:|1682135174\n|move|p1b: Slowking|Chilling Water|p2a: Arcanine\n|-supereffective|p2a: Arcanine\n|-damage|p2a: Arcanine|0 fnt\n|faint|p2a: Arcanine\n|move|p1a: Amoonguss|Spore|p2b: Baxcalibur\n|-status|p2b: Baxcalibur|slp|[from] move: Spore\n|cant|p2b: Baxcalibur|slp\n|\n|-damage|p1b: Slowking|42\/100 brn|[from] brn\n|-fieldend|move: Trick Room\n|upkeep\n|\n|t:|1682135185\n|switch|p2a: Flutter Mane|Flutter Mane, L50|100\/100\n|turn|7\n|\n|t:|1682135198\n|move|p1b: Slowking|Protect|p1b: Slowking\n|-singleturn|p1b: Slowking|Protect\n|move|p2a: Flutter Mane|Moonblast|p1b: Slowking\n|-activate|p1b: Slowking|move: Protect\n|cant|p2b: Baxcalibur|slp\n|move|p1a: Amoonguss|Spore|p2a: Flutter Mane\n|-status|p2a: Flutter Mane|slp|[from] move: Spore\n|\n|-damage|p1b: Slowking|36\/100 brn|[from] brn\n|upkeep\n|turn|8\n|\n|t:|1682135215\n|switch|p1a: Arcanine|Arcanine, L50, M, shiny|100\/100\n|-ability|p1a: Arcanine|Intimidate|boost\n|-unboost|p2a: Flutter Mane|atk|1\n|-fail|p2b: Baxcalibur|unboost|[from] item: Clear Amulet|[of] p2b: Baxcalibur\n|switch|p1b: Klefki|Klefki, L50, M, shiny|67\/100\n|cant|p2a: Flutter Mane|slp\n|cant|p2b: Baxcalibur|slp\n|\n|-sideend|p1: MNPLON|Reflect\n|upkeep\n|turn|9\n|\n|t:|1682135238\n|-end|p2a: Flutter Mane|Protosynthesis|[silent]\n|switch|p2a: Palafin|Palafin-Hero, L50, F, tera:Water|68\/100\n|move|p1b: Klefki|Reflect|p1b: Klefki\n|-sidestart|p1: MNPLON|Reflect\n|move|p1a: Arcanine|Flare Blitz|p2a: Palafin\n|-resisted|p2a: Palafin\n|-damage|p2a: Palafin|44\/100\n|-damage|p1a: Arcanine|91\/100|[from] Recoil\n|-curestatus|p2b: Baxcalibur|slp|[msg]\n|move|p2b: Baxcalibur|Glaive Rush|p1a: Arcanine\n|-damage|p1a: Arcanine|31\/100\n|-singlemove|p2b: Baxcalibur|Glaive Rush|[silent]\n|\n|upkeep\n|turn|10\n|\n|t:|1682135261\n|switch|p1a: Slowking|Slowking, L50, M, shiny|70\/100 brn\n|move|p2a: Palafin|Wave Crash|p1a: Slowking\n|-resisted|p1a: Slowking\n|-damage|p1a: Slowking|29\/100 brn\n|-damage|p2a: Palafin|33\/100|[from] Recoil\n|move|p2b: Baxcalibur|Icicle Crash|p1b: Klefki\n|-resisted|p1b: Klefki\n|-damage|p1b: Klefki|48\/100\n|cant|p1b: Klefki|flinch\n|\n|-damage|p1a: Slowking|23\/100 brn|[from] brn\n|upkeep\n|turn|11\n|\n|t:|1682135282\n|move|p1a: Slowking|Protect|p1a: Slowking\n|-singleturn|p1a: Slowking|Protect\n|move|p2a: Palafin|Jet Punch|p1a: Slowking\n|-activate|p1a: Slowking|move: Protect\n|move|p2b: Baxcalibur|Icicle Crash|p1b: Klefki|[miss]\n|-miss|p2b: Baxcalibur|p1b: Klefki\n|move|p1b: Klefki|Draining Kiss|p2b: Baxcalibur\n|-supereffective|p2b: Baxcalibur\n|-damage|p2b: Baxcalibur|62\/100\n|-heal|p1b: Klefki|75\/100|[from] drain|[of] p2b: Baxcalibur\n|\n|-damage|p1a: Slowking|17\/100 brn|[from] brn\n|upkeep\n|turn|12\n|\n|t:|1682135302\n|switch|p1a: Amoonguss|Amoonguss, L50, M, shiny|100\/100\n|move|p2a: Palafin|Jet Punch|p1a: Amoonguss\n|-resisted|p1a: Amoonguss\n|-damage|p1a: Amoonguss|83\/100\n|move|p2b: Baxcalibur|Icicle Crash|p1b: Klefki|[miss]\n|-miss|p2b: Baxcalibur|p1b: Klefki\n|move|p1b: Klefki|Trick Room|p1b: Klefki\n|-fieldstart|move: Trick Room|[of] p1b: Klefki\n|\n|upkeep\n|turn|13\n|\n|t:|1682135327\n|move|p1a: Amoonguss|Spore|p2b: Baxcalibur\n|-status|p2b: Baxcalibur|slp|[from] move: Spore\n|move|p1b: Klefki|Draining Kiss|p2a: Palafin\n|-damage|p2a: Palafin|16\/100\n|-heal|p1b: Klefki|92\/100|[from] drain|[of] p2a: Palafin\n|cant|p2b: Baxcalibur|slp\n|move|p2a: Palafin|Wave Crash|p1b: Klefki\n|-damage|p1b: Klefki|4\/100\n|-damage|p2a: Palafin|0 fnt|[from] Recoil\n|faint|p2a: Palafin\n|\n|upkeep\n|\n|t:|1682135341\n|switch|p2a: Flutter Mane|Flutter Mane, L50|100\/100 slp\n|turn|14\n|\n|t:|1682135359\n|move|p1b: Klefki|Light Screen|p1b: Klefki\n|-sidestart|p1: MNPLON|move: Light Screen\n|move|p1a: Amoonguss|Pollen Puff|p1b: Klefki\n|-heal|p1b: Klefki|54\/100\n|cant|p2b: Baxcalibur|slp\n|-curestatus|p2a: Flutter Mane|slp|[msg]\n|move|p2a: Flutter Mane|Shadow Ball|p1a: Amoonguss\n|-damage|p1a: Amoonguss|44\/100\n|-unboost|p1a: Amoonguss|spd|1\n|\n|upkeep\n|turn|15\n|\n|t:|1682135377\n|-curestatus|p2b: Baxcalibur|slp|[msg]\n|move|p2b: Baxcalibur|Ice Shard|p1a: Amoonguss\n|-supereffective|p1a: Amoonguss\n|-damage|p1a: Amoonguss|16\/100\n|move|p1a: Amoonguss|Spore|p2a: Flutter Mane\n|-status|p2a: Flutter Mane|slp|[from] move: Spore\n|move|p1b: Klefki|Draining Kiss|p2b: Baxcalibur\n|-supereffective|p2b: Baxcalibur\n|-damage|p2b: Baxcalibur|32\/100\n|-heal|p1b: Klefki|81\/100|[from] drain|[of] p2b: Baxcalibur\n|cant|p2a: Flutter Mane|slp\n|\n|upkeep\n|turn|16\n|\n|t:|1682135395\n|move|p2b: Baxcalibur|Ice Shard|p1a: Amoonguss\n|-supereffective|p1a: Amoonguss\n|-damage|p1a: Amoonguss|0 fnt\n|faint|p1a: Amoonguss\n|move|p1b: Klefki|Draining Kiss|p2b: Baxcalibur\n|-supereffective|p2b: Baxcalibur\n|-damage|p2b: Baxcalibur|0 fnt\n|-heal|p1b: Klefki|100\/100|[from] drain|[of] p2b: Baxcalibur\n|faint|p2b: Baxcalibur\n|-curestatus|p2a: Flutter Mane|slp|[msg]\n|move|p2a: Flutter Mane|Shadow Ball|p1b: Klefki\n|-damage|p1b: Klefki|49\/100\n|\n|-sideend|p1: MNPLON|Reflect\n|-fieldend|move: Trick Room\n|upkeep\n|\n|t:|1682135403\n|switch|p1a: Arcanine|Arcanine, L50, M, shiny|31\/100\n|-ability|p1a: Arcanine|Intimidate|boost\n|-unboost|p2a: Flutter Mane|atk|1\n|turn|17\n|\n|t:|1682135414\n|move|p2a: Flutter Mane|Shadow Ball|p1a: Arcanine\n|-damage|p1a: Arcanine|0 fnt\n|faint|p1a: Arcanine\n|move|p1b: Klefki|Draining Kiss|p2a: Flutter Mane\n|-damage|p2a: Flutter Mane|83\/100\n|-heal|p1b: Klefki|60\/100|[from] drain|[of] p2a: Flutter Mane\n|\n|upkeep\n|\n|t:|1682135418\n|switch|p1a: Slowking|Slowking, L50, M, shiny|50\/100 brn\n|turn|18\n|\n|t:|1682135436\n|move|p1a: Slowking|Protect|p1a: Slowking\n|-singleturn|p1a: Slowking|Protect\n|move|p2a: Flutter Mane|Shadow Ball|p1b: Klefki\n|-damage|p1b: Klefki|11\/100\n|move|p1b: Klefki|Trick Room|p1b: Klefki\n|-fieldstart|move: Trick Room|[of] p1b: Klefki\n|\n|-damage|p1a: Slowking|44\/100 brn|[from] brn\n|upkeep\n|turn|19\n|\n|t:|1682135451\n|-terastallize|p1a: Slowking|Dragon\n|move|p1a: Slowking|Psyshock|p2a: Flutter Mane\n|-damage|p2a: Flutter Mane|11\/100\n|move|p1b: Klefki|Draining Kiss|p2a: Flutter Mane\n|-damage|p2a: Flutter Mane|0 fnt\n|-heal|p1b: Klefki|18\/100|[from] drain|[of] p2a: Flutter Mane\n|faint|p2a: Flutter Mane\n|-end|p2a: Flutter Mane|Protosynthesis|[silent]\n|\n|win|MNPLON\n|raw|MNPLON's rating: 1114 → 1143<\/strong> (+29 for winning)\n|raw|Alexis_student's rating: 1163 → 1134<\/strong> (-29 for losing)\n|l|\u2606MNPLON\n","uploadtime":1682135464,"views":10,"p1id":"mnplon","p2id":"alexisstudent","formatid":"gen9vgc2023regulationc","rating":1134,"private":0,"password":""}