{"id":"gen9vgc2023regulationc-1864135414","p1":"Atloy","p2":"Cobbafett","format":"[Gen 9] VGC 2023 Regulation C","log":"|j|\u2606Atloy\n|j|\u2606Cobbafett\n|t:|1684122765\n|gametype|doubles\n|player|p1|Atloy|gambler|1075\n|player|p2|Cobbafett|biker|1057\n|teamsize|p1|6\n|teamsize|p2|6\n|gen|9\n|tier|[Gen 9] VGC 2023 Regulation C\n|rated|\n|rule|Species Clause: Limit one of each Pok\u00e9mon\n|rule|Item Clause: Limit one of each item\n|clearpoke\n|poke|p1|Volcarona, L50, M|\n|poke|p1|Klefki, L50, F|\n|poke|p1|Corviknight, L50, M|\n|poke|p1|Garchomp, L50, M|\n|poke|p1|Gyarados, L50, M|\n|poke|p1|Annihilape, L50, F|\n|poke|p2|Annihilape, L50, M|\n|poke|p2|Salazzle, L50, F|\n|poke|p2|Amoonguss, L50, M|\n|poke|p2|Meowscarada, L50, F|\n|poke|p2|Coalossal, L50, M|\n|poke|p2|Qwilfish, L50, M|\n|teampreview|4\n|\n|t:|1684122806\n|start\n|switch|p1a: Klefki|Klefki, L50, F|100\/100\n|switch|p1b: Corviknight|Corviknight, L50, M|100\/100\n|switch|p2a: Coalossal|Coalossal, L50, M|100\/100\n|switch|p2b: Qwilfish|Qwilfish, L50, M|100\/100\n|-ability|p2b: Qwilfish|Intimidate|boost\n|-unboost|p1a: Klefki|atk|1\n|-ability|p1b: Corviknight|Mirror Armor\n|-unboost|p2b: Qwilfish|atk|1\n|turn|1\n|\n|t:|1684122852\n|move|p2b: Qwilfish|Aqua Jet|p2a: Coalossal\n|-supereffective|p2a: Coalossal\n|-damage|p2a: Coalossal|78\/100\n|-ability|p2a: Coalossal|Steam Engine|boost\n|-boost|p2a: Coalossal|spe|6\n|-enditem|p2a: Coalossal|Weakness Policy\n|-boost|p2a: Coalossal|atk|2|[from] item: Weakness Policy\n|-boost|p2a: Coalossal|spa|2|[from] item: Weakness Policy\n|move|p1a: Klefki|Reflect|p1a: Klefki\n|-sidestart|p1: Atloy|Reflect\n|move|p2a: Coalossal|Heat Crash|p1b: Corviknight\n|-supereffective|p1b: Corviknight\n|-damage|p1b: Corviknight|4\/100\n|move|p1b: Corviknight|Bulk Up|p1b: Corviknight\n|-boost|p1b: Corviknight|atk|1\n|-boost|p1b: Corviknight|def|1\n|\n|upkeep\n|turn|2\n|\n|t:|1684122877\n|move|p1a: Klefki|Light Screen|p1a: Klefki\n|-sidestart|p1: Atloy|move: Light Screen\n|move|p2a: Coalossal|Heat Crash|p1a: Klefki\n|-supereffective|p1a: Klefki\n|-damage|p1a: Klefki|0 fnt\n|faint|p1a: Klefki\n|move|p2b: Qwilfish|Acupressure|p2a: Coalossal\n|-boost|p2a: Coalossal|accuracy|2\n|move|p1b: Corviknight|Brave Bird|p2a: Coalossal\n|-resisted|p2a: Coalossal\n|-crit|p2a: Coalossal\n|-damage|p2a: Coalossal|40\/100\n|-damage|p1b: Corviknight|0 fnt|[from] Recoil\n|faint|p1b: Corviknight\n|\n|upkeep\n|\n|t:|1684122889\n|switch|p1a: Annihilape|Annihilape, L50, F|100\/100\n|switch|p1b: Volcarona|Volcarona, L50, M|100\/100\n|turn|3\n|\n|t:|1684122904\n|move|p2b: Qwilfish|Protect|p2b: Qwilfish\n|-singleturn|p2b: Qwilfish|Protect\n|move|p1b: Volcarona|Protect|p1b: Volcarona\n|-singleturn|p1b: Volcarona|Protect\n|move|p2a: Coalossal|Earthquake|p1b: Volcarona|[spread] p1a\n|-activate|p2b: Qwilfish|move: Protect\n|-activate|p1b: Volcarona|move: Protect\n|-damage|p1a: Annihilape|75\/100\n|move|p1a: Annihilape|Drain Punch|p2a: Coalossal\n|-supereffective|p2a: Coalossal\n|-damage|p2a: Coalossal|0 fnt\n|-heal|p1a: Annihilape|95\/100|[from] drain|[of] p2a: Coalossal\n|faint|p2a: Coalossal\n|\n|upkeep\n|\n|t:|1684122922\n|switch|p2a: Salazzle|Salazzle, L50, F|100\/100\n|turn|4\n|\n|t:|1684122949\n|-terastallize|p1b: Volcarona|Grass\n|move|p2a: Salazzle|Fake Out|p1b: Volcarona\n|-damage|p1b: Volcarona|97\/100\n|move|p2b: Qwilfish|Toxic|p1a: Annihilape\n|-status|p1a: Annihilape|tox\n|cant|p1b: Volcarona|flinch\n|move|p1a: Annihilape|Rage Fist|p2b: Qwilfish\n|-damage|p2b: Qwilfish|46\/100\n|-damage|p1a: Annihilape|78\/100 tox|[from] item: Rocky Helmet|[of] p2b: Qwilfish\n|\n|-heal|p1b: Volcarona|100\/100|[from] item: Leftovers\n|-damage|p1a: Annihilape|72\/100 tox|[from] psn\n|upkeep\n|turn|5\n|\n|t:|1684122985\n|move|p1b: Volcarona|Protect|p1b: Volcarona\n|-singleturn|p1b: Volcarona|Protect\n|move|p2a: Salazzle|Toxic|p1b: Volcarona\n|-activate|p1b: Volcarona|move: Protect\n|move|p2b: Qwilfish|Acupressure|p2a: Salazzle\n|-boost|p2a: Salazzle|spa|2\n|move|p1a: Annihilape|Rage Fist|p2b: Qwilfish\n|-damage|p2b: Qwilfish|0 fnt\n|-damage|p1a: Annihilape|55\/100 tox|[from] item: Rocky Helmet|[of] p2b: Qwilfish\n|faint|p2b: Qwilfish\n|\n|-damage|p1a: Annihilape|43\/100 tox|[from] psn\n|upkeep\n|\n|t:|1684123002\n|switch|p2b: Meowscarada|Meowscarada, L50, F|100\/100\n|turn|6\n|\n|t:|1684123025\n|-terastallize|p2b: Meowscarada|Grass\n|move|p2b: Meowscarada|Flower Trick|p1b: Volcarona\n|-resisted|p1b: Volcarona\n|-crit|p1b: Volcarona\n|-damage|p1b: Volcarona|64\/100\n|move|p2a: Salazzle|Flamethrower|p1a: Annihilape\n|-damage|p1a: Annihilape|7\/100 tox\n|move|p1b: Volcarona|Giga Drain|p2a: Salazzle\n|-resisted|p2a: Salazzle\n|-damage|p2a: Salazzle|82\/100\n|-heal|p1b: Volcarona|71\/100|[from] drain|[of] p2a: Salazzle\n|move|p1a: Annihilape|Drain Punch|p2b: Meowscarada\n|-damage|p2b: Meowscarada|46\/100\n|-heal|p1a: Annihilape|26\/100 tox|[from] drain|[of] p2b: Meowscarada\n|\n|-heal|p1b: Volcarona|77\/100|[from] item: Leftovers\n|-damage|p1a: Annihilape|8\/100 tox|[from] psn\n|upkeep\n|turn|7\n|\n|t:|1684123076\n|move|p2b: Meowscarada|Flower Trick|p1b: Volcarona\n|-resisted|p1b: Volcarona\n|-crit|p1b: Volcarona\n|-damage|p1b: Volcarona|42\/100\n|move|p2a: Salazzle|Flamethrower|p1a: Annihilape\n|-damage|p1a: Annihilape|0 fnt\n|faint|p1a: Annihilape\n|move|p1b: Volcarona|Giga Drain|p2a: Salazzle\n|-resisted|p2a: Salazzle\n|-damage|p2a: Salazzle|66\/100\n|-heal|p1b: Volcarona|48\/100|[from] drain|[of] p2a: Salazzle\n|\n|-heal|p1b: Volcarona|54\/100|[from] item: Leftovers\n|upkeep\n|turn|8\n|\n|t:|1684123097\n|move|p2b: Meowscarada|Flower Trick|p1b: Volcarona\n|-resisted|p1b: Volcarona\n|-crit|p1b: Volcarona\n|-damage|p1b: Volcarona|20\/100\n|move|p2a: Salazzle|Toxic|p1b: Volcarona\n|-status|p1b: Volcarona|tox\n|move|p1b: Volcarona|Giga Drain|p2a: Salazzle\n|-resisted|p2a: Salazzle\n|-crit|p2a: Salazzle\n|-damage|p2a: Salazzle|41\/100\n|-heal|p1b: Volcarona|30\/100 tox|[from] drain|[of] p2a: Salazzle\n|\n|-heal|p1b: Volcarona|35\/100 tox|[from] item: Leftovers\n|-damage|p1b: Volcarona|30\/100 tox|[from] psn\n|-sideend|p1: Atloy|Reflect\n|upkeep\n|turn|9\n|\n|t:|1684123123\n|move|p2b: Meowscarada|Flower Trick|p1b: Volcarona\n|-resisted|p1b: Volcarona\n|-crit|p1b: Volcarona\n|-damage|p1b: Volcarona|0 fnt\n|faint|p1b: Volcarona\n|\n|win|Cobbafett\n|raw|Atloy's rating: 1075 → 1053<\/strong> (-22 for losing)\n|raw|Cobbafett's rating: 1057 → 1090<\/strong> (+33 for winning)\n","uploadtime":1684123131,"views":7,"p1id":"atloy","p2id":"cobbafett","formatid":"gen9vgc2023regulationc","rating":1053,"private":0,"password":""}