{"id":"gen9vgc2023regulationc-1862304796","p1":"Tobias' True Team","p2":"mousyNhu","format":"[Gen 9] VGC 2023 Regulation C","log":"|j|\u2606Tobias' True Team\n|j|\u2606mousyNhu\n|t:|1683862622\n|gametype|doubles\n|player|p1|Tobias' True Team|benga|1065\n|player|p2|mousyNhu|steven|1000\n|teamsize|p1|6\n|teamsize|p2|6\n|gen|9\n|tier|[Gen 9] VGC 2023 Regulation C\n|rated|\n|rule|Species Clause: Limit one of each Pok\u00e9mon\n|rule|Item Clause: Limit one of each item\n|clearpoke\n|poke|p1|Lokix, L50, F|\n|poke|p1|Pelipper, L50, M|\n|poke|p1|Floatzel, L50, F|\n|poke|p1|Amoonguss, L50, F|\n|poke|p1|Gholdengo, L50|\n|poke|p1|Magneton, L50|\n|poke|p2|Abomasnow, L50, F|\n|poke|p2|Maushold, L50|\n|poke|p2|Gardevoir, L50, M|\n|poke|p2|Chien-Pao, L50|\n|poke|p2|Gallade, L50, M|\n|poke|p2|Iron Valiant, L50|\n|teampreview|4\n|inactive|Battle timer is ON: inactive players will automatically lose when time's up. (requested by mousyNhu)\n|inactive|Tobias' True Team also wants the timer to be on.\n|inactive|Tobias' True Team has 60 seconds left.\n|inactive|Tobias' True Team has 30 seconds left.\n|\n|t:|1683862683\n|start\n|switch|p1a: Funny Bug|Lokix, L50, F|100\/100\n|switch|p1b: Bord|Pelipper, L50, M|100\/100\n|switch|p2a: Maushold|Maushold, L50|100\/100\n|switch|p2b: Gallade|Gallade, L50, M|100\/100\n|-weather|RainDance|[from] ability: Drizzle|[of] p1b: Bord\n|turn|1\n|\n|t:|1683862705\n|move|p2a: Maushold|Follow Me|p2a: Maushold\n|-singleturn|p2a: Maushold|move: Follow Me\n|move|p2b: Gallade|Sacred Sword|p1a: Funny Bug\n|-damage|p1a: Funny Bug|0 fnt\n|faint|p1a: Funny Bug\n|move|p1b: Bord|Hurricane|p2a: Maushold\n|-damage|p2a: Maushold|47\/100\n|-start|p2a: Maushold|confusion\n|\n|-weather|RainDance|[upkeep]\n|upkeep\n|\n|t:|1683862712\n|switch|p1a: Gas Station|Gholdengo, L50|100\/100\n|turn|2\n|\n|t:|1683862729\n|switch|p2b: Gardevoir|Gardevoir, L50, M|100\/100\n|-ability|p2b: Gardevoir|Drizzle|[from] ability: Trace|[of] p1b: Bord\n|-terastallize|p1a: Gas Station|Ghost\n|-activate|p2a: Maushold|confusion\n|move|p2a: Maushold|Protect|p2a: Maushold\n|-singleturn|p2a: Maushold|Protect\n|move|p1b: Bord|Hurricane|p2b: Gardevoir\n|-damage|p2b: Gardevoir|82\/100\n|-start|p2b: Gardevoir|confusion\n|move|p1a: Gas Station|Shadow Ball|p2b: Gardevoir\n|-supereffective|p2b: Gardevoir\n|-damage|p2b: Gardevoir|38\/100\n|\n|-weather|RainDance|[upkeep]\n|upkeep\n|turn|3\n|inactive|mousyNhu has 30 seconds left.\n|\n|t:|1683862754\n|-activate|p2a: Maushold|confusion\n|move|p2a: Maushold|Follow Me|p2a: Maushold\n|-singleturn|p2a: Maushold|move: Follow Me\n|move|p1b: Bord|Hurricane|p2a: Maushold\n|-damage|p2a: Maushold|0 fnt\n|faint|p2a: Maushold\n|move|p1a: Gas Station|Shadow Ball|p2b: Gardevoir\n|-supereffective|p2b: Gardevoir\n|-damage|p2b: Gardevoir|0 fnt\n|faint|p2b: Gardevoir\n|\n|-weather|RainDance|[upkeep]\n|upkeep\n|\n|t:|1683862765\n|switch|p2a: Gallade|Gallade, L50, M|100\/100\n|switch|p2b: Chien-Pao|Chien-Pao, L50|100\/100\n|-ability|p2b: Chien-Pao|Sword of Ruin\n|turn|4\n|inactive|mousyNhu has 30 seconds left.\n|\n|t:|1683862792\n|-terastallize|p2a: Gallade|Water\n|move|p2b: Chien-Pao|Protect|p2b: Chien-Pao\n|-singleturn|p2b: Chien-Pao|Protect\n|move|p2a: Gallade|Psycho Cut|p1a: Gas Station\n|-damage|p1a: Gas Station|0 fnt\n|faint|p1a: Gas Station\n|move|p1b: Bord|Hurricane|p2a: Gallade\n|-damage|p2a: Gallade|48\/100\n|-start|p2a: Gallade|confusion\n|\n|-weather|RainDance|[upkeep]\n|upkeep\n|inactive|Tobias' True Team has 30 seconds left.\n|inactive|Tobias' True Team has 20 seconds left.\n|inactive|Tobias' True Team has 15 seconds left.\n|\n|t:|1683862833\n|switch|p1a: Funny Magnet|Magneton, L50|100\/100\n|turn|5\n|\n|t:|1683862857\n|move|p2b: Chien-Pao|Sacred Sword|p1a: Funny Magnet\n|-supereffective|p1a: Funny Magnet\n|-ability|p1a: Funny Magnet|Sturdy\n|-damage|p1a: Funny Magnet|1\/100\n|-activate|p2a: Gallade|confusion\n|-damage|p2a: Gallade|23\/100|[from] confusion\n|move|p1a: Funny Magnet|Flash Cannon|p2b: Chien-Pao\n|-supereffective|p2b: Chien-Pao\n|-enditem|p2b: Chien-Pao|Focus Sash\n|-damage|p2b: Chien-Pao|1\/100\n|move|p1b: Bord|Hurricane|p2a: Gallade\n|-damage|p2a: Gallade|0 fnt\n|faint|p2a: Gallade\n|\n|-weather|none\n|upkeep\n|turn|6\n|inactive|mousyNhu has 30 seconds left.\n|\n|t:|1683862883\n|move|p2b: Chien-Pao|Sacred Sword|p1a: Funny Magnet\n|-supereffective|p1a: Funny Magnet\n|-damage|p1a: Funny Magnet|0 fnt\n|faint|p1a: Funny Magnet\n|move|p1b: Bord|Hurricane|p2b: Chien-Pao|[miss]\n|-miss|p1b: Bord|p2b: Chien-Pao\n|\n|upkeep\n|turn|7\n|inactive|Tobias' True Team has 30 seconds left.\n|\n|t:|1683862909\n|move|p2b: Chien-Pao|Ice Spinner|p1b: Bord\n|-crit|p1b: Bord\n|-damage|p1b: Bord|1\/100\n|move|p1b: Bord|Hydro Pump|p2b: Chien-Pao|[miss]\n|-miss|p1b: Bord|p2b: Chien-Pao\n|\n|upkeep\n|turn|8\n|\n|t:|1683862918\n|move|p2b: Chien-Pao|Ice Spinner|p1b: Bord\n|-crit|p1b: Bord\n|-damage|p1b: Bord|0 fnt\n|faint|p1b: Bord\n|\n|win|mousyNhu\n|raw|Tobias' True Team's rating: 1065 → 1042<\/strong> (-23 for losing)\n|raw|mousyNhu's rating: 1000 → 1047<\/strong> (+47 for winning)\n|l|\u2606Tobias' True Team\n","uploadtime":1683862935,"views":13,"p1id":"tobiastrueteam","p2id":"mousynhu","formatid":"gen9vgc2023regulationc","rating":1042,"private":0,"password":""}