{"id":"gen9vgc2023regulationc-1860285899","p1":"PixelDupe1","p2":"roobat","format":"[Gen 9] VGC 2023 Regulation C","log":"|j|\u2606PixelDupe1\n|j|\u2606roobat\n|t:|1683625867\n|gametype|doubles\n|player|p1|PixelDupe1|palmer|1230\n|player|p2|roobat|lucas-gen4pt|1130\n|teamsize|p1|6\n|teamsize|p2|6\n|gen|9\n|tier|[Gen 9] VGC 2023 Regulation C\n|rated|\n|rule|Species Clause: Limit one of each Pok\u00e9mon\n|rule|Item Clause: Limit one of each item\n|clearpoke\n|poke|p1|Dondozo, L50, M|\n|poke|p1|Tatsugiri, L50, M|\n|poke|p1|Glimmora, L50, F|\n|poke|p1|Chi-Yu, L50|\n|poke|p1|Flutter Mane, L50|\n|poke|p1|Dragonite, L50, M|\n|poke|p2|Ting-Lu, L50|\n|poke|p2|Arcanine, L50, F|\n|poke|p2|Dondozo, L50, M|\n|poke|p2|Tatsugiri, L50, F|\n|poke|p2|Wo-Chien, L50|\n|poke|p2|Klefki, L50, M|\n|teampreview|4\nPixelDupe1 has agreed to open team sheets.\nroobat has agreed to open team sheets.\n|\n|t:|1683625897\n|start\n|switch|p1a: Glimmora|Glimmora, L50, F|100\/100\n|switch|p1b: Dragonite|Dragonite, L50, M|100\/100\n|switch|p2a: Tatsugiri|Tatsugiri, L50, F|100\/100\n|switch|p2b: Arcanine|Arcanine, L50, F|100\/100\n|-ability|p2b: Arcanine|Intimidate|boost\n|-unboost|p1a: Glimmora|atk|1\n|-unboost|p1b: Dragonite|atk|1\n|turn|1\n|\n|t:|1683625932\n|switch|p1b: Flutter Mane|Flutter Mane, L50|100\/100\n|-enditem|p1b: Flutter Mane|Booster Energy\n|-activate|p1b: Flutter Mane|ability: Protosynthesis|[fromitem]\n|-start|p1b: Flutter Mane|protosynthesisspe\n|move|p2a: Tatsugiri|Protect|p2a: Tatsugiri\n|-singleturn|p2a: Tatsugiri|Protect\n|move|p1a: Glimmora|Power Gem|p2b: Arcanine\n|-supereffective|p2b: Arcanine\n|-damage|p2b: Arcanine|32\/100\n|move|p2b: Arcanine|Will-O-Wisp|p1b: Flutter Mane\n|-status|p1b: Flutter Mane|brn\n|\n|-damage|p1b: Flutter Mane|95\/100 brn|[from] brn\n|upkeep\n|turn|2\n|\n|t:|1683625956\n|move|p2b: Arcanine|Protect|p2b: Arcanine\n|-singleturn|p2b: Arcanine|Protect\n|move|p1b: Flutter Mane|Moonblast|p2a: Tatsugiri\n|-supereffective|p2a: Tatsugiri\n|-enditem|p2a: Tatsugiri|Focus Sash\n|-damage|p2a: Tatsugiri|1\/100\n|-unboost|p2a: Tatsugiri|spa|1\n|move|p1a: Glimmora|Power Gem|p2b: Arcanine\n|-activate|p2b: Arcanine|move: Protect\n|move|p2a: Tatsugiri|Muddy Water|p1b: Flutter Mane|[spread] p1a,p1b\n|-supereffective|p1a: Glimmora\n|-damage|p1a: Glimmora|61\/100\n|-damage|p1b: Flutter Mane|69\/100 brn\n|\n|-damage|p1b: Flutter Mane|63\/100 brn|[from] brn\n|upkeep\n|turn|3\n|\n|t:|1683625975\n|switch|p2b: Dondozo|Dondozo, L50, M|100\/100\n|-activate|p2a: Tatsugiri|ability: Commander|[of] p2b: Dondozo\n|-boost|p2b: Dondozo|atk|2\n|-boost|p2b: Dondozo|spa|2\n|-boost|p2b: Dondozo|spe|2\n|-boost|p2b: Dondozo|def|2\n|-boost|p2b: Dondozo|spd|2\n|move|p1b: Flutter Mane|Moonblast|p2a: Tatsugiri|[miss]\n|-miss|p1b: Flutter Mane|p2a: Tatsugiri\n|move|p1a: Glimmora|Power Gem|p2b: Dondozo\n|-damage|p2b: Dondozo|86\/100\n|\n|-heal|p2b: Dondozo|93\/100|[from] item: Leftovers\n|-damage|p1b: Flutter Mane|57\/100 brn|[from] brn\n|upkeep\n|turn|4\n|\n|t:|1683625993\n|-terastallize|p1a: Glimmora|Grass\n|move|p1b: Flutter Mane|Protect|p1b: Flutter Mane\n|-singleturn|p1b: Flutter Mane|Protect\n|move|p1a: Glimmora|Mortal Spin|p2a: Tatsugiri|[spread] p2b\n|-miss|p1a: Glimmora|p2a: Tatsugiri\n|-damage|p2b: Dondozo|91\/100\n|-status|p2b: Dondozo|psn\n|move|p2b: Dondozo|Heavy Slam|p1b: Flutter Mane\n|-activate|p1b: Flutter Mane|move: Protect\n|\n|-heal|p2b: Dondozo|97\/100 psn|[from] item: Leftovers\n|-damage|p2b: Dondozo|85\/100 psn|[from] psn\n|-damage|p1b: Flutter Mane|51\/100 brn|[from] brn\n|upkeep\n|turn|5\n|\n|t:|1683626013\n|move|p1b: Flutter Mane|Hex|p2b: Dondozo\n|-damage|p2b: Dondozo|58\/100 psn\n|move|p1a: Glimmora|Energy Ball|p2b: Dondozo\n|-supereffective|p2b: Dondozo\n|-damage|p2b: Dondozo|25\/100 psn\n|move|p2b: Dondozo|Heavy Slam|p1b: Flutter Mane\n|-supereffective|p1b: Flutter Mane\n|-damage|p1b: Flutter Mane|0 fnt\n|faint|p1b: Flutter Mane\n|-end|p1b: Flutter Mane|Protosynthesis|[silent]\n|\n|-heal|p2b: Dondozo|31\/100 psn|[from] item: Leftovers\n|-damage|p2b: Dondozo|19\/100 psn|[from] psn\n|upkeep\n|\n|t:|1683626031\n|switch|p1b: Chi-Yu|Chi-Yu, L50|100\/100\n|-ability|p1b: Chi-Yu|Beads of Ruin\n|turn|6\n|\n|t:|1683626040\n|move|p1a: Glimmora|Energy Ball|p2b: Dondozo\n|-supereffective|p2b: Dondozo\n|-damage|p2b: Dondozo|0 fnt\n|faint|p2b: Dondozo\n|move|p1b: Chi-Yu|Dark Pulse|p2a: Tatsugiri\n|-damage|p2a: Tatsugiri|0 fnt\n|faint|p2a: Tatsugiri\n|\n|upkeep\n|\n|t:|1683626049\n|switch|p2a: Arcanine|Arcanine, L50, F|32\/100\n|switch|p2b: Ting-Lu|Ting-Lu, L50|100\/100\n|-ability|p2a: Arcanine|Intimidate|boost\n|-unboost|p1a: Glimmora|atk|1\n|-unboost|p1b: Chi-Yu|atk|1\n|-ability|p2b: Ting-Lu|Vessel of Ruin\n|turn|7\n|\n|t:|1683626064\n|move|p1a: Glimmora|Energy Ball|p2b: Ting-Lu\n|-supereffective|p2b: Ting-Lu\n|-damage|p2b: Ting-Lu|65\/100\n|move|p1b: Chi-Yu|Dark Pulse|p2a: Arcanine\n|-damage|p2a: Arcanine|0 fnt\n|faint|p2a: Arcanine\n|move|p2b: Ting-Lu|Stomping Tantrum|p1b: Chi-Yu\n|-supereffective|p1b: Chi-Yu\n|-damage|p1b: Chi-Yu|3\/100\n|\n|upkeep\n|turn|8\n|\n|t:|1683626080\n|-terastallize|p2b: Ting-Lu|Fairy\n|move|p1a: Glimmora|Energy Ball|p2b: Ting-Lu\n|-damage|p2b: Ting-Lu|45\/100\n|move|p1b: Chi-Yu|Heat Wave|p2b: Ting-Lu\n|-crit|p2b: Ting-Lu\n|-damage|p2b: Ting-Lu|9\/100\n|move|p2b: Ting-Lu|Stomping Tantrum|p1b: Chi-Yu\n|-supereffective|p1b: Chi-Yu\n|-damage|p1b: Chi-Yu|0 fnt\n|faint|p1b: Chi-Yu\n|\n|upkeep\n|\n|t:|1683626090\n|switch|p1b: Dragonite|Dragonite, L50, M|100\/100\n|turn|9\n|\n|t:|1683626097\n|move|p1b: Dragonite|Extreme Speed|p2b: Ting-Lu\n|-damage|p2b: Ting-Lu|0 fnt\n|faint|p2b: Ting-Lu\n|\n|win|PixelDupe1\n|raw|PixelDupe1's rating: 1230 → 1248<\/strong> (+18 for winning)\n|raw|roobat's rating: 1130 → 1112<\/strong> (-18 for losing)\n|l|\u2606PixelDupe1\n|l|\u2606roobat\n|j|\u2606PixelDupe1\n|player|p1|PixelDupe1|palmer\n","uploadtime":1683626534,"views":5,"p1id":"pixeldupe1","p2id":"roobat","formatid":"gen9vgc2023regulationc","rating":1112,"private":0,"password":""}