{"id":"gen9vgc2023regulationc-1844889658","p1":"Nibbonzo","p2":"kingbananahammock","format":"[Gen 9] VGC 2023 Regulation C","log":"|j|\u2606Nibbonzo\n|j|\u2606kingbananahammock\n|t:|1681660849\n|gametype|doubles\n|player|p1|Nibbonzo|workerice|1328\n|player|p2|kingbananahammock|102|1315\n|teamsize|p1|6\n|teamsize|p2|6\n|gen|9\n|tier|[Gen 9] VGC 2023 Regulation C\n|rated|\n|rule|Species Clause: Limit one of each Pok\u00e9mon\n|rule|Item Clause: Limit one of each item\n|clearpoke\n|poke|p1|Flutter Mane, L50|\n|poke|p1|Glimmora, L50, M|\n|poke|p1|Gyarados, L50, F|\n|poke|p1|Amoonguss, L50, F|\n|poke|p1|Ting-Lu, L50|\n|poke|p1|Chi-Yu, L50|\n|poke|p2|Corviknight, L50, M|\n|poke|p2|Brambleghast, L50, M|\n|poke|p2|Baxcalibur, L50, F|\n|poke|p2|Talonflame, L50, F|\n|poke|p2|Rotom-Heat, L50|\n|poke|p2|Tatsugiri, L50, F|\n|teampreview|4\nNibbonzo has agreed to open team sheets.\nkingbananahammock has agreed to open team sheets.\n|inactive|Battle timer is ON: inactive players will automatically lose when time's up. (requested by kingbananahammock)\n|inactive|Nibbonzo has 60 seconds left.\n|\n|t:|1681660905\n|start\n|switch|p1a: Glimmousse|Glimmora, L50, M|100\/100\n|switch|p1b: Chi-Yuzu|Chi-Yu, L50|100\/100\n|switch|p2a: Baxcalibur|Baxcalibur, L50, F|100\/100\n|switch|p2b: Rotom|Rotom-Heat, L50|100\/100\n|-ability|p1b: Chi-Yuzu|Beads of Ruin\n|turn|1\n|inactive|Nibbonzo has 30 seconds left.\n|inactive|Nibbonzo has 20 seconds left.\n|inactive|Nibbonzo has 15 seconds left.\n|inactive|Nibbonzo has 10 seconds left.\n|inactive|Nibbonzo has 5 seconds left.\n|\n|t:|1681660958\n|-terastallize|p2a: Baxcalibur|Ground\n|-terastallize|p1a: Glimmousse|Grass\n|move|p1b: Chi-Yuzu|Dark Pulse|p2b: Rotom\n|-damage|p2b: Rotom|37\/100\n|move|p2a: Baxcalibur|Earthquake|p1b: Chi-Yuzu|[spread] p1a,p1b\n|-immune|p2b: Rotom|[from] ability: Levitate\n|-resisted|p1a: Glimmousse\n|-supereffective|p1b: Chi-Yuzu\n|-damage|p1a: Glimmousse|81\/100\n|-enditem|p1b: Chi-Yuzu|Focus Sash\n|-damage|p1b: Chi-Yuzu|1\/100\n|-activate|p1a: Glimmousse|ability: Toxic Debris\n|-sidestart|p2: kingbananahammock|move: Toxic Spikes\n|move|p1a: Glimmousse|Mortal Spin|p2b: Rotom|[spread] p2a,p2b\n|-resisted|p2a: Baxcalibur\n|-damage|p2a: Baxcalibur|98\/100\n|-damage|p2b: Rotom|33\/100\n|-status|p2a: Baxcalibur|psn\n|-status|p2b: Rotom|psn\n|move|p2b: Rotom|Overheat|p1a: Glimmousse\n|-supereffective|p1a: Glimmousse\n|-damage|p1a: Glimmousse|0 fnt\n|-unboost|p2b: Rotom|spa|2\n|faint|p1a: Glimmousse\n|\n|-damage|p2a: Baxcalibur|86\/100 psn|[from] psn\n|-damage|p2b: Rotom|20\/100 psn|[from] psn\n|upkeep\n|-enditem|p2b: Rotom|Aguav Berry|[eat]\n|-heal|p2b: Rotom|53\/100 psn|[from] item: Aguav Berry\n|\n|t:|1681660974\n|switch|p1a: Flutter Mango|Flutter Mane, L50, shiny|100\/100\n|-enditem|p1a: Flutter Mango|Booster Energy\n|-activate|p1a: Flutter Mango|ability: Protosynthesis|[fromitem]\n|-start|p1a: Flutter Mango|protosynthesisspa\n|turn|2\n|\n|t:|1681660999\n|switch|p2b: Corviknight|Corviknight, L50, M|100\/100\n|move|p1b: Chi-Yuzu|Protect|p1b: Chi-Yuzu\n|-singleturn|p1b: Chi-Yuzu|Protect\n|move|p2a: Baxcalibur|Ice Shard|p1b: Chi-Yuzu\n|-activate|p1b: Chi-Yuzu|move: Protect\n|move|p1a: Flutter Mango|Hex|p2a: Baxcalibur\n|-damage|p2a: Baxcalibur|0 fnt\n|faint|p2a: Baxcalibur\n|\n|upkeep\n|\n|t:|1681661015\n|switch|p2a: Tatsugiri|Tatsugiri, L50, F|100\/100\n|-status|p2a: Tatsugiri|psn\n|turn|3\n|inactive|Nibbonzo has 30 seconds left.\n|\n|t:|1681661043\n|switch|p2b: Rotom|Rotom-Heat, L50|53\/100 psn\n|move|p1a: Flutter Mango|Protect|p1a: Flutter Mango\n|-singleturn|p1a: Flutter Mango|Protect\n|move|p1b: Chi-Yuzu|Overheat|p2b: Rotom\n|-resisted|p2b: Rotom\n|-damage|p2b: Rotom|2\/100 psn\n|-unboost|p1b: Chi-Yuzu|spa|2\n|move|p2a: Tatsugiri|Muddy Water|p1a: Flutter Mango|[spread] p1b\n|-activate|p1a: Flutter Mango|move: Protect\n|-supereffective|p1b: Chi-Yuzu\n|-damage|p1b: Chi-Yuzu|0 fnt\n|faint|p1b: Chi-Yuzu\n|\n|-damage|p2a: Tatsugiri|89\/100 psn|[from] psn\n|-damage|p2b: Rotom|0 fnt|[from] psn\n|faint|p2b: Rotom\n|upkeep\n|\n|t:|1681661058\n|switch|p1b: Almonduss|Amoonguss, L50, F|100\/100\n|switch|p2b: Corviknight|Corviknight, L50, M|100\/100\n|turn|4\n|\n|t:|1681661083\n|move|p1a: Flutter Mango|Moonblast|p2a: Tatsugiri\n|-supereffective|p2a: Tatsugiri\n|-damage|p2a: Tatsugiri|0 fnt\n|faint|p2a: Tatsugiri\n|move|p2b: Corviknight|Taunt|p1b: Almonduss\n|-start|p1b: Almonduss|move: Taunt\n|cant|p1b: Almonduss|move: Taunt|Spore\n|\n|upkeep\n|turn|5\n|\n|t:|1681661093\n|move|p1a: Flutter Mango|Protect|p1a: Flutter Mango\n|-singleturn|p1a: Flutter Mango|Protect\n|move|p2b: Corviknight|Bulk Up|p2b: Corviknight\n|-boost|p2b: Corviknight|atk|1\n|-boost|p2b: Corviknight|def|1\n|move|p1b: Almonduss|Pollen Puff|p2b: Corviknight\n|-resisted|p2b: Corviknight\n|-damage|p2b: Corviknight|96\/100\n|\n|-heal|p2b: Corviknight|100\/100|[from] item: Leftovers\n|upkeep\n|turn|6\n|\n|t:|1681661106\n|move|p1a: Flutter Mango|Perish Song|p1a: Flutter Mango\n|-start|p1a: Flutter Mango|perish3|[silent]\n|-start|p1b: Almonduss|perish3|[silent]\n|-start|p2b: Corviknight|perish3|[silent]\n|-fieldactivate|move: Perish Song\n|move|p2b: Corviknight|Brave Bird|p1b: Almonduss\n|-supereffective|p1b: Almonduss\n|-damage|p1b: Almonduss|0 fnt\n|faint|p1b: Almonduss\n|-damage|p2b: Corviknight|65\/100|[from] Recoil\n|\n|-heal|p2b: Corviknight|71\/100|[from] item: Leftovers\n|-start|p1a: Flutter Mango|perish3\n|-start|p2b: Corviknight|perish3\n|upkeep\n|turn|7\n|\n|t:|1681661117\n|move|p1a: Flutter Mango|Hex|p2b: Corviknight\n|-damage|p2b: Corviknight|25\/100\n|move|p2b: Corviknight|Roost|p2b: Corviknight\n|-heal|p2b: Corviknight|76\/100\n|-singleturn|p2b: Corviknight|move: Roost\n|\n|-heal|p2b: Corviknight|81\/100|[from] item: Leftovers\n|-start|p1a: Flutter Mango|perish2\n|-start|p2b: Corviknight|perish2\n|upkeep\n|turn|8\n|\n|t:|1681661127\n|move|p1a: Flutter Mango|Hex|p2b: Corviknight\n|-damage|p2b: Corviknight|37\/100\n|move|p2b: Corviknight|Roost|p2b: Corviknight\n|-heal|p2b: Corviknight|87\/100\n|-singleturn|p2b: Corviknight|move: Roost\n|\n|-heal|p2b: Corviknight|93\/100|[from] item: Leftovers\n|-start|p1a: Flutter Mango|perish1\n|-start|p2b: Corviknight|perish1\n|upkeep\n|turn|9\n|-message|Nibbonzo forfeited.\n|\n|win|kingbananahammock\n|raw|Nibbonzo's rating: 1328 → 1307<\/strong> (-21 for losing)\n|raw|kingbananahammock's rating: 1315 → 1336<\/strong> (+21 for winning)\n|l|\u2606Nibbonzo\n","uploadtime":1681661163,"views":14,"p1id":"nibbonzo","p2id":"kingbananahammock","formatid":"gen9vgc2023regulationc","rating":1307,"private":0,"password":""}