{"id":"gen9vgc2023regulationc-1845914999","p1":"Keveloper","p2":"Txabo McTxabo","format":"[Gen 9] VGC 2023 Regulation C","log":"|j|\u2606Keveloper\n|j|\u2606Txabo McTxabo\n|t:|1681778764\n|gametype|doubles\n|player|p1|Keveloper|lucas|1503\n|player|p2|Txabo McTxabo|265|1524\n|teamsize|p1|6\n|teamsize|p2|6\n|gen|9\n|tier|[Gen 9] VGC 2023 Regulation C\n|rated|\n|rule|Species Clause: Limit one of each Pok\u00e9mon\n|rule|Item Clause: Limit one of each item\n|clearpoke\n|poke|p1|Orthworm, L50, F|\n|poke|p1|Dragonite, L50, M|\n|poke|p1|Ting-Lu, L50|\n|poke|p1|Gyarados, L50, M|\n|poke|p1|Flutter Mane, L50|\n|poke|p1|Chien-Pao, L50|\n|poke|p2|Indeedee-F, L50, F|\n|poke|p2|Hatterene, L50, F|\n|poke|p2|Kingambit, L50, F|\n|poke|p2|Mudsdale, L50, F|\n|poke|p2|Gallade, L50, M|\n|poke|p2|Torkoal, L50, M|\n|teampreview|4\n|inactive|Battle timer is ON: inactive players will automatically lose when time's up. (requested by Txabo McTxabo)\n|inactive|Keveloper has 60 seconds left.\n|inactive|Txabo McTxabo has 60 seconds left.\n|inactive|Keveloper has 30 seconds left.\n|inactive|Keveloper has 20 seconds left.\n|inactive|Keveloper has 15 seconds left.\n|inactive|Keveloper has 10 seconds left.\n|inactive|Keveloper has 5 seconds left.\n|\n|t:|1681778850\n|start\n|switch|p1a: Orthworm|Orthworm, L50, F|100\/100\n|switch|p1b: Chien-Pao|Chien-Pao, L50|100\/100\n|switch|p2a: Quaso|Indeedee-F, L50, F|100\/100\n|switch|p2b: Eduardo|Gallade, L50, M|100\/100\n|-ability|p1b: Chien-Pao|Sword of Ruin\n|-fieldstart|move: Psychic Terrain|[from] ability: Psychic Surge|[of] p2a: Quaso\n|-enditem|p2a: Quaso|Psychic Seed\n|-boost|p2a: Quaso|spd|1|[from] item: Psychic Seed\n|turn|1\n|inactive|Keveloper has 30 seconds left.\n|\n|t:|1681778883\n|move|p1b: Chien-Pao|Ice Spinner|p2a: Quaso\n|-damage|p2a: Quaso|53\/100\n|-fieldend|move: Psychic Terrain\n|move|p1a: Orthworm|Iron Defense|p1a: Orthworm\n|-boost|p1a: Orthworm|def|2\n|move|p2b: Eduardo|Sacred Sword|p1a: Orthworm\n|-supereffective|p1a: Orthworm\n|-damage|p1a: Orthworm|0 fnt\n|faint|p1a: Orthworm\n|move|p2a: Quaso|Trick Room|p2a: Quaso\n|-fieldstart|move: Trick Room|[of] p2a: Quaso\n|\n|upkeep\n|\n|t:|1681778898\n|switch|p1a: Dragonite|Dragonite, L50, M|100\/100\n|turn|2\n|\n|t:|1681778918\n|switch|p2a: Maitetxu|Hatterene, L50, F|100\/100\n|move|p1b: Chien-Pao|Protect|p1b: Chien-Pao\n|-singleturn|p1b: Chien-Pao|Protect\n|move|p2b: Eduardo|Psycho Cut|p1a: Dragonite\n|-damage|p1a: Dragonite|60\/100\n|move|p1a: Dragonite|Earthquake|p2a: Maitetxu|[spread] p2a,p2b\n|-activate|p1b: Chien-Pao|move: Protect\n|-damage|p2a: Maitetxu|65\/100\n|-damage|p2b: Eduardo|52\/100\n|\n|upkeep\n|turn|3\n|inactive|Keveloper has 30 seconds left.\n|\n|t:|1681778946\n|switch|p2b: Quaso|Indeedee-F, L50, F|53\/100\n|-fieldstart|move: Psychic Terrain|[from] ability: Psychic Surge|[of] p2b: Quaso\n|switch|p1a: Ting-Lu|Ting-Lu, L50|100\/100\n|-ability|p1a: Ting-Lu|Vessel of Ruin\n|-terastallize|p2a: Maitetxu|Fairy\n|move|p2a: Maitetxu|Dazzling Gleam|p1b: Chien-Pao|[spread] p1a,p1b\n|-supereffective|p1a: Ting-Lu\n|-supereffective|p1b: Chien-Pao\n|-damage|p1a: Ting-Lu|33\/100\n|-enditem|p1b: Chien-Pao|Focus Sash\n|-damage|p1b: Chien-Pao|1\/100\n|-damage|p2a: Maitetxu|55\/100|[from] item: Life Orb\n|move|p1b: Chien-Pao|Ice Spinner|p2a: Maitetxu\n|-damage|p2a: Maitetxu|0 fnt\n|-fieldend|move: Psychic Terrain\n|faint|p2a: Maitetxu\n|\n|upkeep\n|\n|t:|1681778965\n|switch|p2a: He gomitao|Torkoal, L50, M|100\/100\n|-weather|SunnyDay|[from] ability: Drought|[of] p2a: He gomitao\n|turn|4\n|\n|t:|1681778978\n|move|p1b: Chien-Pao|Protect|p1b: Chien-Pao\n|-singleturn|p1b: Chien-Pao|Protect\n|move|p2b: Quaso|Follow Me|p2b: Quaso\n|-singleturn|p2b: Quaso|move: Follow Me\n|move|p2a: He gomitao|Eruption|p1b: Chien-Pao|[spread] p1a\n|-activate|p1b: Chien-Pao|move: Protect\n|-damage|p1a: Ting-Lu|0 fnt\n|faint|p1a: Ting-Lu\n|\n|-weather|SunnyDay|[upkeep]\n|upkeep\n|\n|t:|1681778987\n|switch|p1a: Dragonite|Dragonite, L50, M|60\/100\n|turn|5\n|inactive|Keveloper has 30 seconds left.\n|inactive|Keveloper has 20 seconds left.\n|inactive|Keveloper has 15 seconds left.\n|\n|t:|1681779029\n|move|p1b: Chien-Pao|Protect|p1b: Chien-Pao\n|-singleturn|p1b: Chien-Pao|Protect\n|move|p2b: Quaso|Follow Me|p2b: Quaso\n|-singleturn|p2b: Quaso|move: Follow Me\n|move|p2a: He gomitao|Eruption|p1b: Chien-Pao|[spread] p1a\n|-activate|p1b: Chien-Pao|move: Protect\n|-resisted|p1a: Dragonite\n|-damage|p1a: Dragonite|15\/100\n|move|p1a: Dragonite|Earthquake|p2a: He gomitao|[spread] p2a,p2b\n|-activate|p1b: Chien-Pao|move: Protect\n|-supereffective|p2a: He gomitao\n|-damage|p2a: He gomitao|52\/100\n|-damage|p2b: Quaso|19\/100\n|\n|-weather|SunnyDay|[upkeep]\n|-fieldend|move: Trick Room\n|upkeep\n|turn|6\n|inactive|Keveloper has 30 seconds left.\n|inactive|Txabo McTxabo has 30 seconds left.\n|inactive|Keveloper has 20 seconds left.\n|inactive|Keveloper has 15 seconds left.\n|\n|t:|1681779073\n|-terastallize|p1a: Dragonite|Flying\n|move|p1b: Chien-Pao|Ice Spinner|p2b: Quaso\n|-damage|p2b: Quaso|0 fnt\n|faint|p2b: Quaso\n|move|p1a: Dragonite|Tera Blast|p2a: He gomitao\n|-damage|p2a: He gomitao|0 fnt\n|faint|p2a: He gomitao\n|\n|-weather|SunnyDay|[upkeep]\n|upkeep\n|-message|Txabo McTxabo forfeited.\n|\n|win|Keveloper\n|raw|Keveloper's rating: 1503 → 1524<\/strong> (+21 for winning)\n|raw|Txabo McTxabo's rating: 1524 → 1503<\/strong> (-21 for losing)\n|l|\u2606Txabo McTxabo\n","uploadtime":1681779086,"views":13,"p1id":"keveloper","p2id":"txabomctxabo","formatid":"gen9vgc2023regulationc","rating":1503,"private":0,"password":""}