{"id":"gen9vgc2023regulationc-1862129223","p1":"WillieDangerously","p2":"TalonMasterJ","format":"[Gen 9] VGC 2023 Regulation C","log":"|j|\u2606WillieDangerously\n|j|\u2606TalonMasterJ\n|t:|1683840052\n|gametype|doubles\n|player|p1|WillieDangerously|psychic-gen4|1152\n|player|p2|TalonMasterJ|steven|1247\n|teamsize|p1|6\n|teamsize|p2|6\n|gen|9\n|tier|[Gen 9] VGC 2023 Regulation C\n|rated|\n|rule|Species Clause: Limit one of each Pok\u00e9mon\n|rule|Item Clause: Limit one of each item\n|clearpoke\n|poke|p1|Gholdengo, L50|\n|poke|p1|Wo-Chien, L50|\n|poke|p1|Iron Bundle, L50|\n|poke|p1|Dragapult, L50, F|\n|poke|p1|Hippowdon, L50, F|\n|poke|p1|Glimmora, L50, M|\n|poke|p2|Baxcalibur, L50, F|\n|poke|p2|Chi-Yu, L50|\n|poke|p2|Iron Bundle, L50|\n|poke|p2|Gholdengo, L50|\n|poke|p2|Flutter Mane, L50|\n|poke|p2|Kingambit, L50, F|\n|teampreview|4\n|\n|t:|1683840094\n|start\n|switch|p1a: Wo-Chien|Wo-Chien, L50|100\/100\n|switch|p1b: Hippowdon|Hippowdon, L50, F|100\/100\n|switch|p2a: Baxcalibur|Baxcalibur, L50, F|100\/100\n|switch|p2b: Iron Bundle|Iron Bundle, L50|100\/100\n|-ability|p1a: Wo-Chien|Tablets of Ruin\n|-weather|Sandstorm|[from] ability: Sand Stream|[of] p1b: Hippowdon\n|-enditem|p2b: Iron Bundle|Booster Energy\n|-activate|p2b: Iron Bundle|ability: Quark Drive|[fromitem]\n|-start|p2b: Iron Bundle|quarkdrivespe\n|turn|1\n|\n|t:|1683840149\n|switch|p1a: Gholdengo|Gholdengo, L50|100\/100\n|move|p2b: Iron Bundle|Protect|p2b: Iron Bundle\n|-singleturn|p2b: Iron Bundle|Protect\n|move|p2a: Baxcalibur|Dragon Dance|p2a: Baxcalibur\n|-boost|p2a: Baxcalibur|atk|1\n|-boost|p2a: Baxcalibur|spe|1\n|move|p1b: Hippowdon|Yawn|p2b: Iron Bundle\n|-activate|p2b: Iron Bundle|move: Protect\n|\n|-weather|Sandstorm|[upkeep]\n|-damage|p2b: Iron Bundle|95\/100|[from] Sandstorm\n|-damage|p2a: Baxcalibur|95\/100|[from] Sandstorm\n|-heal|p2a: Baxcalibur|100\/100|[from] item: Leftovers\n|upkeep\n|turn|2\n|\n|t:|1683840197\n|-terastallize|p2a: Baxcalibur|Water\n|-terastallize|p1b: Hippowdon|Water\n|move|p2b: Iron Bundle|Hydro Pump|p1b: Hippowdon\n|-resisted|p1b: Hippowdon\n|-damage|p1b: Hippowdon|78\/100\n|move|p2a: Baxcalibur|Dragon Dance|p2a: Baxcalibur\n|-boost|p2a: Baxcalibur|atk|1\n|-boost|p2a: Baxcalibur|spe|1\n|move|p1a: Gholdengo|Make It Rain|p2b: Iron Bundle|[spread] p2a,p2b\n|-resisted|p2a: Baxcalibur\n|-damage|p2a: Baxcalibur|77\/100\n|-damage|p2b: Iron Bundle|25\/100\n|-unboost|p1a: Gholdengo|spa|1\n|move|p1b: Hippowdon|Sand Tomb|p2b: Iron Bundle\n|-damage|p2b: Iron Bundle|11\/100\n|-activate|p2b: Iron Bundle|move: Sand Tomb|[of] p1b: Hippowdon\n|\n|-weather|Sandstorm|[upkeep]\n|-damage|p2a: Baxcalibur|71\/100|[from] Sandstorm\n|-damage|p2b: Iron Bundle|6\/100|[from] Sandstorm\n|-damage|p1b: Hippowdon|72\/100|[from] Sandstorm\n|-heal|p2a: Baxcalibur|77\/100|[from] item: Leftovers\n|-damage|p2b: Iron Bundle|0 fnt|[from] move: Sand Tomb|[partiallytrapped]\n|faint|p2b: Iron Bundle\n|-end|p2b: Iron Bundle|Quark Drive|[silent]\n|upkeep\n|\n|t:|1683840222\n|switch|p2b: Kingambit|Kingambit, L50, F|100\/100\n|turn|3\n|\n|t:|1683840244\n|switch|p1a: Wo-Chien|Wo-Chien, L50|100\/100\n|-ability|p1a: Wo-Chien|Tablets of Ruin\n|move|p2a: Baxcalibur|Glaive Rush|p1b: Hippowdon\n|-damage|p1b: Hippowdon|0 fnt\n|-singlemove|p2a: Baxcalibur|Glaive Rush|[silent]\n|faint|p1b: Hippowdon\n|move|p2b: Kingambit|Kowtow Cleave|p1a: Wo-Chien\n|-resisted|p1a: Wo-Chien\n|-damage|p1a: Wo-Chien|86\/100\n|\n|-weather|Sandstorm|[upkeep]\n|-damage|p2a: Baxcalibur|71\/100|[from] Sandstorm\n|-damage|p1a: Wo-Chien|80\/100|[from] Sandstorm\n|-heal|p2a: Baxcalibur|77\/100|[from] item: Leftovers\n|-heal|p1a: Wo-Chien|86\/100|[from] item: Leftovers\n|upkeep\n|\n|t:|1683840264\n|switch|p1b: Glimmora|Glimmora, L50, M|100\/100\n|turn|4\n|\n|t:|1683840279\n|move|p2a: Baxcalibur|Protect|p2a: Baxcalibur\n|-singleturn|p2a: Baxcalibur|Protect\n|move|p2b: Kingambit|Sucker Punch|p1b: Glimmora\n|-damage|p1b: Glimmora|72\/100\n|-activate|p1b: Glimmora|ability: Toxic Debris\n|-sidestart|p2: TalonMasterJ|move: Toxic Spikes\n|move|p1b: Glimmora|Energy Ball|p2a: Baxcalibur\n|-activate|p2a: Baxcalibur|move: Protect\n|move|p1a: Wo-Chien|Leech Seed|p2b: Kingambit\n|-start|p2b: Kingambit|move: Leech Seed\n|\n|-weather|Sandstorm|[upkeep]\n|-damage|p2a: Baxcalibur|71\/100|[from] Sandstorm\n|-damage|p1a: Wo-Chien|80\/100|[from] Sandstorm\n|-heal|p2a: Baxcalibur|77\/100|[from] item: Leftovers\n|-heal|p1a: Wo-Chien|86\/100|[from] item: Leftovers\n|-damage|p2b: Kingambit|88\/100|[from] Leech Seed|[of] p1a: Wo-Chien\n|-heal|p1a: Wo-Chien|99\/100|[silent]\n|upkeep\n|turn|5\n|\n|t:|1683840313\n|move|p2a: Baxcalibur|Glaive Rush|p1b: Glimmora\n|-damage|p1b: Glimmora|0 fnt\n|-singlemove|p2a: Baxcalibur|Glaive Rush|[silent]\n|-activate|p1b: Glimmora|ability: Toxic Debris\n|-sidestart|p2: TalonMasterJ|move: Toxic Spikes\n|faint|p1b: Glimmora\n|move|p1a: Wo-Chien|Foul Play|p2a: Baxcalibur\n|-crit|p2a: Baxcalibur\n|-damage|p2a: Baxcalibur|0 fnt\n|faint|p2a: Baxcalibur\n|move|p2b: Kingambit|Iron Head|p1a: Wo-Chien\n|-damage|p1a: Wo-Chien|75\/100\n|\n|-weather|none\n|-heal|p1a: Wo-Chien|82\/100|[from] item: Leftovers\n|-damage|p2b: Kingambit|76\/100|[from] Leech Seed|[of] p1a: Wo-Chien\n|-heal|p1a: Wo-Chien|94\/100|[silent]\n|upkeep\n|\n|t:|1683840331\n|switch|p2a: Flutter Mane|Flutter Mane, L50|100\/100\n|switch|p1b: Gholdengo|Gholdengo, L50|100\/100\n|-status|p2a: Flutter Mane|tox\n|turn|6\n|\n|t:|1683840344\n|move|p1b: Gholdengo|Protect|p1b: Gholdengo\n|-singleturn|p1b: Gholdengo|Protect\n|move|p2a: Flutter Mane|Shadow Ball|p1b: Gholdengo\n|-activate|p1b: Gholdengo|move: Protect\n|move|p1a: Wo-Chien|Leech Seed|p2a: Flutter Mane\n|-start|p2a: Flutter Mane|move: Leech Seed\n|move|p2b: Kingambit|Kowtow Cleave|p1b: Gholdengo\n|-activate|p1b: Gholdengo|move: Protect\n|\n|-heal|p1a: Wo-Chien|100\/100|[from] item: Leftovers\n|-damage|p2a: Flutter Mane|88\/100 tox|[from] Leech Seed|[of] p1a: Wo-Chien\n|-damage|p2b: Kingambit|64\/100|[from] Leech Seed|[of] p1a: Wo-Chien\n|-damage|p2a: Flutter Mane|82\/100 tox|[from] psn\n|upkeep\n|turn|7\n|\n|t:|1683840375\n|move|p2a: Flutter Mane|Shadow Ball|p1b: Gholdengo\n|-supereffective|p1b: Gholdengo\n|-damage|p1b: Gholdengo|6\/100\n|-enditem|p1b: Gholdengo|Sitrus Berry|[eat]\n|-heal|p1b: Gholdengo|31\/100|[from] item: Sitrus Berry\n|move|p1b: Gholdengo|Nasty Plot|p1b: Gholdengo\n|-boost|p1b: Gholdengo|spa|2\n|move|p1a: Wo-Chien|Foul Play|p2a: Flutter Mane\n|-damage|p2a: Flutter Mane|47\/100 tox\n|move|p2b: Kingambit|Kowtow Cleave|p1b: Gholdengo\n|-supereffective|p1b: Gholdengo\n|-damage|p1b: Gholdengo|0 fnt\n|faint|p1b: Gholdengo\n|\n|-damage|p2a: Flutter Mane|35\/100 tox|[from] Leech Seed|[of] p1a: Wo-Chien\n|-damage|p2b: Kingambit|52\/100|[from] Leech Seed|[of] p1a: Wo-Chien\n|-damage|p2a: Flutter Mane|23\/100 tox|[from] psn\n|upkeep\n|turn|8\n|\n|t:|1683840397\n|move|p1a: Wo-Chien|Protect|p1a: Wo-Chien\n|-singleturn|p1a: Wo-Chien|Protect\n|move|p2a: Flutter Mane|Moonblast|p1a: Wo-Chien\n|-activate|p1a: Wo-Chien|move: Protect\n|move|p2b: Kingambit|Iron Head|p1a: Wo-Chien\n|-activate|p1a: Wo-Chien|move: Protect\n|\n|-damage|p2a: Flutter Mane|10\/100 tox|[from] Leech Seed|[of] p1a: Wo-Chien\n|-damage|p2b: Kingambit|39\/100|[from] Leech Seed|[of] p1a: Wo-Chien\n|-damage|p2a: Flutter Mane|0 fnt|[from] psn\n|faint|p2a: Flutter Mane\n|-end|p2a: Flutter Mane|Protosynthesis|[silent]\n|upkeep\n|turn|9\n|\n|t:|1683840411\n|move|p1a: Wo-Chien|Pollen Puff|p2b: Kingambit\n|-damage|p2b: Kingambit|28\/100\n|move|p2b: Kingambit|Iron Head|p1a: Wo-Chien\n|-damage|p1a: Wo-Chien|75\/100\n|\n|-heal|p1a: Wo-Chien|82\/100|[from] item: Leftovers\n|-damage|p2b: Kingambit|15\/100|[from] Leech Seed|[of] p1a: Wo-Chien\n|-heal|p1a: Wo-Chien|94\/100|[silent]\n|upkeep\n|turn|10\n|\n|t:|1683840423\n|move|p1a: Wo-Chien|Pollen Puff|p2b: Kingambit\n|-damage|p2b: Kingambit|4\/100\n|move|p2b: Kingambit|Iron Head|p1a: Wo-Chien\n|-damage|p1a: Wo-Chien|69\/100\n|\n|-heal|p1a: Wo-Chien|75\/100|[from] item: Leftovers\n|-damage|p2b: Kingambit|0 fnt|[from] Leech Seed|[of] p1a: Wo-Chien\n|-heal|p1a: Wo-Chien|79\/100|[silent]\n|faint|p2b: Kingambit\n|\n|win|WillieDangerously\n|upkeep\n|raw|WillieDangerously's rating: 1152 → 1184<\/strong> (+32 for winning)\n|raw|TalonMasterJ's rating: 1247 → 1215<\/strong> (-32 for losing)\n|j| ZonXJ\n","uploadtime":1683840429,"views":12,"p1id":"williedangerously","p2id":"talonmasterj","formatid":"gen9vgc2023regulationc","rating":1184,"private":0,"password":""}