{"id":"gen9vgc2023regulationc-1852213538","p1":"fuuuuuuuuuunnn","p2":"RontheSlayer69","format":"[Gen 9] VGC 2023 Regulation C","log":"|j|\u2606fuuuuuuuuuunnn\n|j|\u2606RontheSlayer69\n|t:|1682533504\n|gametype|doubles\n|player|p1|fuuuuuuuuuunnn|juggler|1060\n|player|p2|RontheSlayer69|1|1063\n|teamsize|p1|6\n|teamsize|p2|6\n|gen|9\n|tier|[Gen 9] VGC 2023 Regulation C\n|rated|\n|rule|Species Clause: Limit one of each Pok\u00e9mon\n|rule|Item Clause: Limit one of each item\n|clearpoke\n|poke|p1|Lilligant, L50, F|\n|poke|p1|Torkoal, L50, M|\n|poke|p1|Armarouge, L50, M|\n|poke|p1|Maushold, L50|\n|poke|p1|Flutter Mane, L50|\n|poke|p1|Garganacl, L50, M|\n|poke|p2|Armarouge, L50, F|\n|poke|p2|Bisharp, L50, F|\n|poke|p2|Gyarados, L50, M|\n|poke|p2|Brambleghast, L50, F|\n|poke|p2|Gholdengo, L50|\n|poke|p2|Espeon, L50, M|\n|teampreview|4\n|inactive|Battle timer is ON: inactive players will automatically lose when time's up. (requested by fuuuuuuuuuunnn)\nfuuuuuuuuuunnn rejected open team sheets.\n|\n|t:|1682533535\n|start\n|switch|p1a: Bipedal Failinks|Armarouge, L50, M|100\/100\n|switch|p1b: 420 blazing|Torkoal, L50, M|100\/100\n|switch|p2a: Bisharp|Bisharp, L50, F|100\/100\n|switch|p2b: Gholdengo|Gholdengo, L50|100\/100\n|-weather|SunnyDay|[from] ability: Drought|[of] p1b: 420 blazing\n|turn|1\n|\n|t:|1682533551\n|switch|p2b: Armarouge|Armarouge, L50, F|100\/100\n|switch|p2a: Espeon|Espeon, L50, M|100\/100\n|-terastallize|p1a: Bipedal Failinks|Grass\n|move|p1a: Bipedal Failinks|Calm Mind|p1a: Bipedal Failinks\n|-boost|p1a: Bipedal Failinks|spa|1\n|-boost|p1a: Bipedal Failinks|spd|1\n|move|p1b: 420 blazing|Lava Plume|p2b: Armarouge|[spread] p2a\n|-start|p1a: Bipedal Failinks|ability: Flash Fire\n|-start|p2b: Armarouge|ability: Flash Fire\n|-damage|p2a: Espeon|53\/100\n|-status|p2a: Espeon|brn\n|\n|-weather|SunnyDay|[upkeep]\n|-damage|p2a: Espeon|48\/100 brn|[from] brn\n|upkeep\n|turn|2\n|inactive|RontheSlayer69 has 30 seconds left.\n|inactive|RontheSlayer69 has 20 seconds left.\n|inactive|RontheSlayer69 has 15 seconds left.\n|inactive|RontheSlayer69 has 10 seconds left.\n|inactive|RontheSlayer69 has 5 seconds left.\n|\n|t:|1682533602\n|move|p2a: Espeon|Light Screen|p2a: Espeon\n|-sidestart|p2: RontheSlayer69|move: Light Screen\n|move|p2b: Armarouge|Expanding Force|p1a: Bipedal Failinks\n|-damage|p1a: Bipedal Failinks|69\/100\n|move|p1a: Bipedal Failinks|Psyshock|p2b: Armarouge\n|-resisted|p2b: Armarouge\n|-damage|p2b: Armarouge|76\/100\n|-damage|p1a: Bipedal Failinks|59\/100|[from] item: Life Orb\n|move|p1b: 420 blazing|Earth Power|p2b: Armarouge\n|-supereffective|p2b: Armarouge\n|-damage|p2b: Armarouge|36\/100\n|\n|-weather|SunnyDay|[upkeep]\n|-heal|p2b: Armarouge|43\/100|[from] item: Leftovers\n|-damage|p2a: Espeon|42\/100 brn|[from] brn\n|upkeep\n|turn|3\n|\n|t:|1682533626\n|move|p2a: Espeon|Shadow Ball|p1a: Bipedal Failinks\n|-damage|p1a: Bipedal Failinks|40\/100\n|move|p2b: Armarouge|Expanding Force|p1a: Bipedal Failinks\n|-damage|p1a: Bipedal Failinks|9\/100\n|move|p1a: Bipedal Failinks|Calm Mind|p1a: Bipedal Failinks\n|-boost|p1a: Bipedal Failinks|spa|1\n|-boost|p1a: Bipedal Failinks|spd|1\n|move|p1b: 420 blazing|Yawn|p2b: Armarouge\n|-start|p2b: Armarouge|move: Yawn|[of] p1b: 420 blazing\n|\n|-weather|SunnyDay|[upkeep]\n|-heal|p2b: Armarouge|49\/100|[from] item: Leftovers\n|-damage|p2a: Espeon|36\/100 brn|[from] brn\n|upkeep\n|turn|4\n|inactive|RontheSlayer69 has 30 seconds left.\n|\n|t:|1682533659\n|-end|p2b: Armarouge|ability: Flash Fire|[silent]\n|switch|p2b: Bisharp|Bisharp, L50, F|100\/100\n|move|p2a: Espeon|Dazzling Gleam|p1b: 420 blazing|[spread] p1a,p1b\n|-resisted|p1b: 420 blazing\n|-damage|p1a: Bipedal Failinks|0 fnt\n|-damage|p1b: 420 blazing|87\/100\n|faint|p1a: Bipedal Failinks\n|move|p1b: 420 blazing|Earth Power|p2b: Bisharp\n|-supereffective|p2b: Bisharp\n|-damage|p2b: Bisharp|70\/100\n|\n|-weather|SunnyDay|[upkeep]\n|-damage|p2a: Espeon|30\/100 brn|[from] brn\n|upkeep\n|inactive|fuuuuuuuuuunnn has 30 seconds left.\n|inactive|fuuuuuuuuuunnn has 20 seconds left.\n|\n|t:|1682533697\n|switch|p1a: Flutter Mane|Flutter Mane, L50|100\/100\n|-activate|p1a: Flutter Mane|ability: Protosynthesis\n|-start|p1a: Flutter Mane|protosynthesisspe\n|turn|5\n|\n|t:|1682533712\n|move|p2b: Bisharp|Sucker Punch|p1a: Flutter Mane\n|-damage|p1a: Flutter Mane|20\/100\n|-enditem|p1a: Flutter Mane|Aguav Berry|[eat]\n|-heal|p1a: Flutter Mane|53\/100|[from] item: Aguav Berry\n|move|p1a: Flutter Mane|Mystical Fire|p2b: Bisharp\n|-supereffective|p2b: Bisharp\n|-damage|p2b: Bisharp|21\/100\n|-unboost|p2b: Bisharp|spa|1\n|-ability|p2b: Bisharp|Defiant|boost\n|-boost|p2b: Bisharp|atk|2\n|move|p2a: Espeon|Shadow Ball|p1a: Flutter Mane\n|-supereffective|p1a: Flutter Mane\n|-damage|p1a: Flutter Mane|0 fnt\n|faint|p1a: Flutter Mane\n|-end|p1a: Flutter Mane|Protosynthesis|[silent]\n|move|p1b: 420 blazing|Heat Wave|p2b: Bisharp|[spread] p2a,p2b\n|-supereffective|p2b: Bisharp\n|-damage|p2a: Espeon|0 fnt\n|-damage|p2b: Bisharp|0 fnt\n|faint|p2a: Espeon\n|faint|p2b: Bisharp\n|\n|-weather|SunnyDay|[upkeep]\n|upkeep\n|\n|t:|1682533736\n|switch|p1a: Salty?|Garganacl, L50, M|100\/100\n|switch|p2a: Armarouge|Armarouge, L50, F|49\/100\n|switch|p2b: Gholdengo|Gholdengo, L50|100\/100\n|turn|6\n|inactive|RontheSlayer69 has 30 seconds left.\n|\n|t:|1682533762\n|move|p2b: Gholdengo|Make It Rain|p1a: Salty?|[spread] p1a,p1b\n|-supereffective|p1a: Salty?\n|-resisted|p1b: 420 blazing\n|-damage|p1a: Salty?|0 fnt\n|-damage|p1b: 420 blazing|41\/100\n|-unboost|p2b: Gholdengo|spa|1\n|faint|p1a: Salty?\n|move|p2a: Armarouge|Aura Sphere|p1b: 420 blazing\n|-damage|p1b: 420 blazing|0 fnt\n|faint|p1b: 420 blazing\n|\n|win|RontheSlayer69\n|raw|fuuuuuuuuuunnn's rating: 1060 → 1041<\/strong> (-19 for losing)\n|raw|RontheSlayer69's rating: 1063 → 1093<\/strong> (+30 for winning)\n|l|\u2606fuuuuuuuuuunnn\n","uploadtime":1682533778,"views":14,"p1id":"fuuuuuuuuuunnn","p2id":"rontheslayer69","formatid":"gen9vgc2023regulationc","rating":1041,"private":0,"password":""}