{"id":"gen9vgc2023regulationc-1853139481","p1":"ThatWillKid","p2":"SATMaofever","format":"[Gen 9] VGC 2023 Regulation C","log":"|j|\u2606ThatWillKid\n|j|\u2606SATMaofever\n|t:|1682639966\n|gametype|doubles\n|player|p1|ThatWillKid|volkner|\n|player|p2|SATMaofever|viola|\n|teamsize|p1|6\n|teamsize|p2|6\n|gen|9\n|tier|[Gen 9] VGC 2023 Regulation C\n|rule|Species Clause: Limit one of each Pok\u00e9mon\n|rule|Item Clause: Limit one of each item\n|clearpoke\n|poke|p1|Magnemite, L50|\n|poke|p1|Girafarig, L50, F|\n|poke|p1|Murkrow, L50, M|\n|poke|p1|Snorunt, L50, M|\n|poke|p1|Foongus, L50, M|\n|poke|p1|Crabrawler, L50, F|\n|poke|p2|Gothorita, L50, F|\n|poke|p2|Growlithe, L50, F|\n|poke|p2|Pikachu, L50, M|\n|poke|p2|Morgrem, L50, M|\n|poke|p2|Haunter, L50, M|\n|poke|p2|Foongus, L50, M|\n|teampreview|4\n|c|\u2606ThatWillKid|glhf g2!\n|j| sneedchungus69\n|c|\u2606SATMaofever|glhf!@\n|\n|t:|1682640150\n|start\n|switch|p1a: GOAT|Girafarig, L50, F|100\/100\n|switch|p1b: Button Clicker|Murkrow, L50, M|100\/100\n|switch|p2a: Happy Chaos|Morgrem, L50, M, shiny|100\/100\n|switch|p2b: mikey20100|Haunter, L50, M|100\/100\n|turn|1\n|\n|t:|1682640287\n|move|p2b: mikey20100|Protect|p2b: mikey20100\n|-singleturn|p2b: mikey20100|Protect\n|move|p1b: Button Clicker|Taunt|p2b: mikey20100\n|-activate|p2b: mikey20100|move: Protect\n|move|p2a: Happy Chaos|Light Screen|p2a: Happy Chaos\n|-sidestart|p2: SATMaofever|move: Light Screen\n|move|p1a: GOAT|Psyshock|p2b: mikey20100\n|-activate|p2b: mikey20100|move: Protect\n|\n|upkeep\n|turn|2\n|\n|t:|1682640423\n|-terastallize|p1a: GOAT|Fairy\n|move|p1b: Button Clicker|Taunt|p2b: mikey20100\n|-start|p2b: mikey20100|move: Taunt\n|move|p2a: Happy Chaos|Parting Shot|p1a: GOAT\n|-unboost|p1a: GOAT|atk|1\n|-unboost|p1a: GOAT|spa|1\n|\n|t:|1682640468\n|switch|p2a: Trip|Gothorita, L50, F, shiny|100\/100|[from] Parting Shot\n|move|p2b: mikey20100|Sludge Bomb|p1b: Button Clicker\n|-damage|p1b: Button Clicker|15\/100\n|-status|p1b: Button Clicker|psn\n|move|p1a: GOAT|Psyshock|p2b: mikey20100\n|-supereffective|p2b: mikey20100\n|-damage|p2b: mikey20100|17\/100\n|\n|-damage|p1b: Button Clicker|3\/100 psn|[from] psn\n|upkeep\n|turn|3\n|\n|t:|1682640517\n|switch|p2b: babby|Growlithe, L50, F|100\/100\n|-ability|p2b: babby|Intimidate|boost\n|-unboost|p1a: GOAT|atk|1\n|-unboost|p1b: Button Clicker|atk|1\n|move|p2a: Trip|Fake Out|p1b: Button Clicker\n|-damage|p1b: Button Clicker|0 fnt\n|faint|p1b: Button Clicker\n|move|p1a: GOAT|Psyshock|p2b: babby\n|-damage|p2b: babby|70\/100\n|\n|upkeep\n|\n|t:|1682640533\n|switch|p1b: BIG MEATY CLAWS|Crabrawler, L50, F|100\/100\n|turn|4\n|c|\u2606ThatWillKid|lol i messed up this set so bad oops\n|\n|t:|1682640669\n|move|p1a: GOAT|Protect|p1a: GOAT\n|-singleturn|p1a: GOAT|Protect\n|move|p2b: babby|Protect|p2b: babby\n|-singleturn|p2b: babby|Protect\n|move|p1b: BIG MEATY CLAWS|Earthquake|p2a: Trip|[spread] p2a\n|-activate|p1a: GOAT|move: Protect\n|-activate|p2b: babby|move: Protect\n|-damage|p2a: Trip|77\/100\n|move|p2a: Trip|Psychic|p1b: BIG MEATY CLAWS\n|-supereffective|p1b: BIG MEATY CLAWS\n|-damage|p1b: BIG MEATY CLAWS|0 fnt\n|faint|p1b: BIG MEATY CLAWS\n|\n|upkeep\n|\n|t:|1682640681\n|switch|p1b: Justin|Snorunt, L50, M|100\/100\n|turn|5\n|\n|t:|1682640702\n|move|p1b: Justin|Protect|p1b: Justin\n|-singleturn|p1b: Justin|Protect\n|move|p1a: GOAT|Hyper Voice|p2a: Trip|[spread] p2a,p2b\n|-damage|p2a: Trip|63\/100\n|-damage|p2b: babby|49\/100\n|-enditem|p1a: GOAT|Throat Spray\n|-boost|p1a: GOAT|spa|1|[from] item: Throat Spray\n|move|p2b: babby|Flare Blitz|p1a: GOAT\n|-damage|p1a: GOAT|48\/100\n|-damage|p2b: babby|33\/100|[from] Recoil\n|move|p2a: Trip|Psychic|p1a: GOAT\n|-damage|p1a: GOAT|10\/100\n|\n|-ability|p1b: Justin|Moody|boost\n|-boost|p1b: Justin|def|2\n|-unboost|p1b: Justin|atk|1\n|upkeep\n|turn|6\n|\n|t:|1682640728\n|move|p1a: GOAT|Protect|p1a: GOAT\n|-singleturn|p1a: GOAT|Protect\n|move|p2b: babby|Snarl|p1b: Justin|[spread] p1b\n|-activate|p1a: GOAT|move: Protect\n|-damage|p1b: Justin|89\/100\n|-unboost|p1b: Justin|spa|1\n|move|p2a: Trip|Psychic|p1a: GOAT\n|-activate|p1a: GOAT|move: Protect\n|move|p1b: Justin|Substitute|p1b: Justin\n|-start|p1b: Justin|Substitute\n|-damage|p1b: Justin|65\/100\n|\n|-heal|p1b: Justin|71\/100|[from] item: Leftovers\n|-ability|p1b: Justin|Moody|boost\n|-boost|p1b: Justin|spd|2\n|-unboost|p1b: Justin|spe|1\n|upkeep\n|turn|7\n|\n|t:|1682640749\n|move|p1b: Justin|Protect|p1b: Justin\n|-singleturn|p1b: Justin|Protect\n|move|p1a: GOAT|Psyshock|p2b: babby\n|-damage|p2b: babby|0 fnt\n|faint|p2b: babby\n|move|p2a: Trip|Psychic|p1a: GOAT\n|-damage|p1a: GOAT|0 fnt\n|faint|p1a: GOAT\n|\n|-heal|p1b: Justin|77\/100|[from] item: Leftovers\n|-ability|p1b: Justin|Moody|boost\n|-boost|p1b: Justin|atk|2\n|-unboost|p1b: Justin|spa|1\n|upkeep\n|\n|t:|1682640811\n|switch|p2b: mikey20100|Haunter, L50, M|17\/100\n|turn|8\n|c|\u2606ThatWillKid|damn not even justin can win\n|\n|t:|1682640848\n|move|p2b: mikey20100|Perish Song|p2b: mikey20100\n|-start|p1b: Justin|perish3|[silent]\n|-start|p2a: Trip|perish3|[silent]\n|-start|p2b: mikey20100|perish3|[silent]\n|-fieldactivate|move: Perish Song\n|move|p2a: Trip|Heal Pulse|p2b: mikey20100\n|-heal|p2b: mikey20100|67\/100\n|move|p1b: Justin|Icicle Crash|p2b: mikey20100\n|-damage|p2b: mikey20100|0 fnt\n|faint|p2b: mikey20100\n|\n|-heal|p1b: Justin|83\/100|[from] item: Leftovers\n|-start|p2a: Trip|perish3\n|-start|p1b: Justin|perish3\n|-sideend|p2: SATMaofever|move: Light Screen\n|-ability|p1b: Justin|Moody|boost\n|-boost|p1b: Justin|def|2\n|-unboost|p1b: Justin|atk|1\n|upkeep\n|\n|t:|1682640862\n|switch|p2b: Happy Chaos|Morgrem, L50, M, shiny|100\/100\n|turn|9\n|\n|t:|1682640870\n|move|p2a: Trip|Protect|p2a: Trip\n|-singleturn|p2a: Trip|Protect\n|move|p2b: Happy Chaos|Reflect|p2b: Happy Chaos\n|-sidestart|p2: SATMaofever|Reflect\n|move|p1b: Justin|Icicle Crash|p2b: Happy Chaos\n|-damage|p2b: Happy Chaos|84\/100\n|\n|-heal|p1b: Justin|89\/100|[from] item: Leftovers\n|-start|p2a: Trip|perish2\n|-start|p1b: Justin|perish2\n|-ability|p1b: Justin|Moody|boost\n|-boost|p1b: Justin|spd|2\n|-unboost|p1b: Justin|atk|1\n|upkeep\n|turn|10\n|\n|t:|1682640898\n|move|p2b: Happy Chaos|Parting Shot|p1b: Justin\n|-unboost|p1b: Justin|atk|1\n|-unboost|p1b: Justin|spa|1\n|move|p2a: Trip|Heal Pulse|p2b: Happy Chaos\n|-heal|p2b: Happy Chaos|100\/100\n|move|p1b: Justin|Frost Breath|p2b: Happy Chaos\n|-crit|p2b: Happy Chaos\n|-damage|p2b: Happy Chaos|85\/100\n|\n|-heal|p1b: Justin|95\/100|[from] item: Leftovers\n|-start|p2a: Trip|perish1\n|-start|p1b: Justin|perish1\n|-ability|p1b: Justin|Moody|boost\n|-boost|p1b: Justin|spa|2\n|-unboost|p1b: Justin|spd|1\n|upkeep\n|turn|11\n|c|\u2606ThatWillKid|gg\n|c|\u2606SATMaofever|ggs\n|\n|t:|1682640917\n|move|p2b: Happy Chaos|Parting Shot|p1b: Justin\n|-unboost|p1b: Justin|atk|1\n|-unboost|p1b: Justin|spa|1\n|move|p2a: Trip|Heal Pulse||[still]\n|-fail|p2a: Trip\n|move|p1b: Justin|Icicle Crash|p2b: Happy Chaos\n|-damage|p2b: Happy Chaos|77\/100\n|\n|-heal|p1b: Justin|100\/100|[from] item: Leftovers\n|-start|p2a: Trip|perish0\n|-start|p1b: Justin|perish0\n|faint|p2a: Trip\n|faint|p1b: Justin\n|\n|win|SATMaofever\n|upkeep\n","uploadtime":1682640929,"views":11,"p1id":"thatwillkid","p2id":"satmaofever","formatid":"gen9vgc2023regulationc","rating":0,"private":0,"password":""}