{"id":"gen9vgc2023regulationc-1852002981","p1":"esotilin123456","p2":"Flamingwrench11234","format":"[Gen 9] VGC 2023 Regulation C","log":"|j|\u2606esotilin123456\n|j|\u2606Flamingwrench11234\n|t:|1682515758\n|gametype|doubles\n|player|p1|esotilin123456|harlequin|\n|player|p2|Flamingwrench11234|265|\n|teamsize|p1|6\n|teamsize|p2|6\n|gen|9\n|tier|[Gen 9] VGC 2023 Regulation C\n|rated|Tournament battle\n|rule|Species Clause: Limit one of each Pok\u00e9mon\n|rule|Item Clause: Limit one of each item\n|clearpoke\n|poke|p1|Arcanine, L50, M|\n|poke|p1|Gastrodon, L50, F|\n|poke|p1|Rotom-Mow, L50|\n|poke|p1|Tyranitar, L50, M|\n|poke|p1|Corviknight, L50, M|\n|poke|p1|Salamence, L50, F|\n|poke|p2|Dondozo, L50, F|\n|poke|p2|Brute Bonnet, L50|\n|poke|p2|Flutter Mane, L50|\n|poke|p2|Arcanine, L50, M|\n|poke|p2|Palafin, L50, M|\n|poke|p2|Tatsugiri, L50, M|\n|teampreview|4\n|raw| Open Team Sheet for esotilin123456<\/summary>good boi (Arcanine) (M) @ Assault Vest Ability: Intimidate Level: 50 Tera Type: Normal - Flare Blitz - Extreme Speed - Snarl - Close Combat GROHAHSHSHSH (Gastrodon) (F) @ Leftovers Ability: Storm Drain Level: 50 Tera Type: Fire - Protect - Yawn - Ice Beam - Earth Power IRON MUGULIS (Rotom-Mow) @ Life Orb Ability: Levitate Level: 50 Tera Type: Electric - Protect - Will-O-Wisp - Thunderbolt - Leaf Storm Great Tyrant (Tyranitar) (M) @ Chople Berry Ability: Sand Stream Level: 50 Shiny: Yes Tera Type: Rock - Protect - Rock Slide - Crunch - Ice Punch IRON BIRD (Corviknight) @ Aguav Berry Ability: Mirror Armor Level: 50 Tera Type: Fire - Protect - Bulk Up - Brave Bird - Roost THE LIZARD (Salamence) @ Scope Lens Ability: Intimidate Level: 50 Tera Type: Fire - Protect - Focus Energy - Draco Meteor - Flamethrower <\/details><\/div> Open Team Sheet for Flamingwrench11234<\/summary>Dondozo @ Leftovers Ability: Unaware Level: 50 Tera Type: Grass - Wave Crash - Earthquake - Order Up - Protect Brute Bonnet @ Booster Energy Ability: Protosynthesis Level: 50 Tera Type: Poison - Seed Bomb - Sucker Punch - Spore - Rage Powder Flutter Mane @ Life Orb Ability: Protosynthesis Level: 50 Tera Type: Fairy - Perish Song - Shadow Ball - Dazzling Gleam - Protect Arcanine @ Safety Goggles Ability: Intimidate Level: 50 Tera Type: Grass - Flare Blitz - Will-O-Wisp - Snarl - Protect Palafin @ Mystic Water Ability: Zero to Hero Level: 50 Tera Type: Water - Wave Crash - Jet Punch - Haze - Protect Tatsugiri @ Choice Scarf Ability: Commander Level: 50 Shiny: Yes Tera Type: Water - Draco Meteor - Muddy Water - Icy Wind - Sleep Talk <\/details><\/div>\n|c|\u2606esotilin123456|glhf\n|c|\u2606Flamingwrench11234|we climbed to the top\n|c|\u2606Flamingwrench11234|lets see who wins\n|j| minionbanana57\n|\n|t:|1682515804\n|start\n|switch|p1a: IRON BIRD|Corviknight, L50, M|100\/100\n|switch|p1b: Great Tyrant|Tyranitar, L50, M, shiny|100\/100\n|switch|p2a: Flutter Mane|Flutter Mane, L50|100\/100\n|switch|p2b: Brute Bonnet|Brute Bonnet, L50|100\/100\n|-weather|Sandstorm|[from] ability: Sand Stream|[of] p1b: Great Tyrant\n|-enditem|p2b: Brute Bonnet|Booster Energy\n|-activate|p2b: Brute Bonnet|ability: Protosynthesis|[fromitem]\n|-start|p2b: Brute Bonnet|protosynthesisatk\n|turn|1\n|\n|t:|1682515816\n|-terastallize|p1b: Great Tyrant|Rock\n|move|p2a: Flutter Mane|Protect|p2a: Flutter Mane\n|-singleturn|p2a: Flutter Mane|Protect\n|move|p2b: Brute Bonnet|Seed Bomb|p1b: Great Tyrant\n|-supereffective|p1b: Great Tyrant\n|-damage|p1b: Great Tyrant|9\/100\n|move|p1a: IRON BIRD|Brave Bird|p2b: Brute Bonnet\n|-supereffective|p2b: Brute Bonnet\n|-damage|p2b: Brute Bonnet|2\/100\n|-damage|p1a: IRON BIRD|68\/100|[from] Recoil\n|move|p1b: Great Tyrant|Rock Slide|p2b: Brute Bonnet|[spread] p2b\n|-activate|p2a: Flutter Mane|move: Protect\n|-damage|p2b: Brute Bonnet|0 fnt\n|faint|p2b: Brute Bonnet\n|-end|p2b: Brute Bonnet|Protosynthesis|[silent]\n|\n|-weather|Sandstorm|[upkeep]\n|-damage|p2a: Flutter Mane|94\/100|[from] Sandstorm\n|upkeep\n|j| Insertable194\n|\n|t:|1682515832\n|switch|p2b: Tatsugiri|Tatsugiri, L50, M, shiny|100\/100\n|turn|2\n|\n|t:|1682515841\n|move|p2b: Tatsugiri|Muddy Water|p1a: IRON BIRD|[spread] p1b\n|-miss|p2b: Tatsugiri|p1a: IRON BIRD\n|-supereffective|p1b: Great Tyrant\n|-damage|p1b: Great Tyrant|0 fnt\n|faint|p1b: Great Tyrant\n|move|p2a: Flutter Mane|Shadow Ball|p1a: IRON BIRD\n|-damage|p1a: IRON BIRD|3\/100\n|-enditem|p1a: IRON BIRD|Aguav Berry|[eat]\n|-heal|p1a: IRON BIRD|36\/100|[from] item: Aguav Berry\n|-damage|p2a: Flutter Mane|84\/100|[from] item: Life Orb\n|move|p1a: IRON BIRD|Brave Bird|p2b: Tatsugiri\n|-damage|p2b: Tatsugiri|4\/100\n|-damage|p1a: IRON BIRD|12\/100|[from] Recoil\n|\n|-weather|Sandstorm|[upkeep]\n|-damage|p2b: Tatsugiri|0 fnt|[from] Sandstorm\n|-damage|p2a: Flutter Mane|78\/100|[from] Sandstorm\n|faint|p2b: Tatsugiri\n|upkeep\n|j| Eldegoss32\n|\n|t:|1682515856\n|switch|p2b: Dondozo|Dondozo, L50, F|100\/100\n|switch|p1b: IRON MUGULIS|Rotom-Mow, L50|100\/100\n|turn|3\n|\n|t:|1682515868\n|-terastallize|p2a: Flutter Mane|Fairy\n|move|p2b: Dondozo|Protect|p2b: Dondozo\n|-singleturn|p2b: Dondozo|Protect\n|move|p2a: Flutter Mane|Dazzling Gleam|p1a: IRON BIRD|[spread] p1a,p1b\n|-resisted|p1a: IRON BIRD\n|-damage|p1a: IRON BIRD|0 fnt\n|-damage|p1b: IRON MUGULIS|39\/100\n|faint|p1a: IRON BIRD\n|-damage|p2a: Flutter Mane|68\/100|[from] item: Life Orb\n|move|p1b: IRON MUGULIS|Leaf Storm|p2a: Flutter Mane|[miss]\n|-miss|p1b: IRON MUGULIS|p2a: Flutter Mane\n|\n|-weather|Sandstorm|[upkeep]\n|-damage|p2a: Flutter Mane|62\/100|[from] Sandstorm\n|-damage|p1b: IRON MUGULIS|34\/100|[from] Sandstorm\n|-damage|p2b: Dondozo|94\/100|[from] Sandstorm\n|-heal|p2b: Dondozo|100\/100|[from] item: Leftovers\n|upkeep\n|\n|t:|1682515875\n|switch|p1a: GROHAHSHSHSH|Gastrodon, L50, F|100\/100\n|turn|4\n|\n|t:|1682515883\n|move|p2a: Flutter Mane|Dazzling Gleam|p1a: GROHAHSHSHSH|[spread] p1a,p1b\n|-damage|p1a: GROHAHSHSHSH|53\/100\n|-damage|p1b: IRON MUGULIS|0 fnt\n|faint|p1b: IRON MUGULIS\n|-damage|p2a: Flutter Mane|52\/100|[from] item: Life Orb\n|move|p2b: Dondozo|Order Up|p1a: GROHAHSHSHSH\n|-damage|p1a: GROHAHSHSHSH|26\/100\n|move|p1a: GROHAHSHSHSH|Earth Power|p2a: Flutter Mane\n|-damage|p2a: Flutter Mane|9\/100\n|-unboost|p2a: Flutter Mane|spd|1\n|\n|-weather|Sandstorm|[upkeep]\n|-damage|p2a: Flutter Mane|3\/100|[from] Sandstorm\n|-damage|p2b: Dondozo|94\/100|[from] Sandstorm\n|-heal|p2b: Dondozo|100\/100|[from] item: Leftovers\n|-heal|p1a: GROHAHSHSHSH|32\/100|[from] item: Leftovers\n|upkeep\n|turn|5\n|\n|t:|1682515900\n|move|p2a: Flutter Mane|Dazzling Gleam|p1a: GROHAHSHSHSH\n|-damage|p1a: GROHAHSHSHSH|0 fnt\n|faint|p1a: GROHAHSHSHSH\n|-damage|p2a: Flutter Mane|0 fnt|[from] item: Life Orb\n|faint|p2a: Flutter Mane\n|-end|p2a: Flutter Mane|Protosynthesis|[silent]\n|\n|win|Flamingwrench11234\n|n|\u2606esotilin123456|esotilin123456\n|n|\u2606Flamingwrench11234|flamingwrench11234\n|n| minionbanana57|minionbanana57\n|n| Insertable194|insertable194\n|n| Eldegoss32|eldegoss32\n","uploadtime":1682515901,"views":10,"p1id":"esotilin123456","p2id":"flamingwrench11234","formatid":"gen9vgc2023regulationc","rating":0,"private":0,"password":""}