{"id":"gen9vgc2023regulationc-1862781827","p1":"revocolombia","p2":"19402u","format":"[Gen 9] VGC 2023 Regulation C","log":"|j|\u2606revocolombia\n|j|\u260619402u\n|t:|1683921329\n|gametype|doubles\n|player|p1|revocolombia|pokemonranger-gen4|1529\n|player|p2|19402u|170|1561\n|teamsize|p1|6\n|teamsize|p2|6\n|gen|9\n|tier|[Gen 9] VGC 2023 Regulation C\n|rated|\n|rule|Species Clause: Limit one of each Pok\u00e9mon\n|rule|Item Clause: Limit one of each item\n|clearpoke\n|poke|p1|Flutter Mane, L50|\n|poke|p1|Great Tusk, L50|\n|poke|p1|Dragonite, L50, M|\n|poke|p1|Chien-Pao, L50|\n|poke|p1|Murkrow, L50, M|\n|poke|p1|Gholdengo, L50|\n|poke|p2|Flutter Mane, L50|\n|poke|p2|Great Tusk, L50|\n|poke|p2|Iron Bundle, L50|\n|poke|p2|Dragonite, L50, F|\n|poke|p2|Kingambit, L50, M|\n|poke|p2|Abomasnow, L50, F|\n|teampreview|4\n19402u has agreed to open team sheets.\n|\n|t:|1683921382\n|start\n|switch|p1a: Gholdengo|Gholdengo, L50|100\/100\n|switch|p1b: Chien-Pao|Chien-Pao, L50|100\/100\n|switch|p2a: Iron Bundle|Iron Bundle, L50|100\/100\n|switch|p2b: Flutter Mane|Flutter Mane, L50|100\/100\n|-ability|p1b: Chien-Pao|Sword of Ruin\n|-enditem|p2b: Flutter Mane|Booster Energy\n|-activate|p2b: Flutter Mane|ability: Protosynthesis|[fromitem]\n|-start|p2b: Flutter Mane|protosynthesisspe\n|turn|1\n|\n|t:|1683921409\n|-terastallize|p1a: Gholdengo|Water\n|move|p2b: Flutter Mane|Moonblast|p1b: Chien-Pao\n|-supereffective|p1b: Chien-Pao\n|-enditem|p1b: Chien-Pao|Focus Sash\n|-damage|p1b: Chien-Pao|1\/100\n|move|p2a: Iron Bundle|Blizzard|p1b: Chien-Pao|[spread] p1a,p1b\n|-resisted|p1a: Gholdengo\n|-resisted|p1b: Chien-Pao\n|-damage|p1a: Gholdengo|69\/100\n|-damage|p1b: Chien-Pao|0 fnt\n|faint|p1b: Chien-Pao\n|move|p1a: Gholdengo|Make It Rain|p2b: Flutter Mane|[spread] p2a,p2b\n|-crit|p2a: Iron Bundle\n|-supereffective|p2b: Flutter Mane\n|-damage|p2a: Iron Bundle|0 fnt\n|-damage|p2b: Flutter Mane|0 fnt\n|-unboost|p1a: Gholdengo|spa|1\n|faint|p2a: Iron Bundle\n|-end|p2a: Iron Bundle|Quark Drive|[silent]\n|faint|p2b: Flutter Mane\n|-end|p2b: Flutter Mane|Protosynthesis|[silent]\n|-damage|p1a: Gholdengo|59\/100|[from] item: Life Orb\n|\n|upkeep\n|\n|t:|1683921433\n|switch|p2a: Kingambit|Kingambit, L50, M|100\/100\n|switch|p2b: Great Tusk|Great Tusk, L50|100\/100\n|switch|p1b: Murkrow|Murkrow, L50, M|100\/100\n|turn|2\n|j| Villa Manin\n|\n|t:|1683921457\n|move|p1a: Gholdengo|Protect|p1a: Gholdengo\n|-singleturn|p1a: Gholdengo|Protect\n|move|p1b: Murkrow|Tailwind|p1b: Murkrow\n|-sidestart|p1: revocolombia|move: Tailwind\n|move|p2b: Great Tusk|Headlong Rush|p1a: Gholdengo\n|-activate|p1a: Gholdengo|move: Protect\n|move|p2a: Kingambit|Iron Head|p1b: Murkrow\n|-damage|p1b: Murkrow|48\/100\n|\n|upkeep\n|turn|3\n|\n|t:|1683921486\n|move|p1b: Murkrow|Haze|p1b: Murkrow\n|-clearallboost\n|move|p1a: Gholdengo|Make It Rain|p2a: Kingambit|[spread] p2a,p2b\n|-resisted|p2a: Kingambit\n|-damage|p2a: Kingambit|77\/100\n|-damage|p2b: Great Tusk|3\/100\n|-unboost|p1a: Gholdengo|spa|1\n|-damage|p1a: Gholdengo|49\/100|[from] item: Life Orb\n|move|p2b: Great Tusk|Headlong Rush|p1a: Gholdengo\n|-crit|p1a: Gholdengo\n|-damage|p1a: Gholdengo|0 fnt\n|-unboost|p2b: Great Tusk|def|1\n|-unboost|p2b: Great Tusk|spd|1\n|faint|p1a: Gholdengo\n|move|p2a: Kingambit|Kowtow Cleave|p1b: Murkrow\n|-resisted|p1b: Murkrow\n|-damage|p1b: Murkrow|22\/100\n|\n|upkeep\n|\n|t:|1683921505\n|switch|p1a: Flutter Mane|Flutter Mane, L50|100\/100\n|-enditem|p1a: Flutter Mane|Booster Energy\n|-activate|p1a: Flutter Mane|ability: Protosynthesis|[fromitem]\n|-start|p1a: Flutter Mane|protosynthesisspa\n|turn|4\n|\n|t:|1683921516\n|-terastallize|p2a: Kingambit|Fire\n|move|p1b: Murkrow|Sunny Day|p1b: Murkrow\n|-weather|SunnyDay\n|-activate|p2b: Great Tusk|ability: Protosynthesis\n|-start|p2b: Great Tusk|protosynthesisatk\n|move|p1a: Flutter Mane|Dazzling Gleam|p2b: Great Tusk|[spread] p2a,p2b\n|-resisted|p2a: Kingambit\n|-supereffective|p2b: Great Tusk\n|-damage|p2a: Kingambit|60\/100\n|-damage|p2b: Great Tusk|0 fnt\n|faint|p2b: Great Tusk\n|-end|p2b: Great Tusk|Protosynthesis|[silent]\n|move|p2a: Kingambit|Iron Head|p1a: Flutter Mane\n|-supereffective|p1a: Flutter Mane\n|-damage|p1a: Flutter Mane|0 fnt\n|faint|p1a: Flutter Mane\n|-end|p1a: Flutter Mane|Protosynthesis|[silent]\n|\n|-weather|SunnyDay|[upkeep]\n|upkeep\n|turn|5\n|\n|t:|1683921541\n|move|p1b: Murkrow|Taunt|p2a: Kingambit\n|-start|p2a: Kingambit|move: Taunt\n|move|p2a: Kingambit|Iron Head|p1b: Murkrow\n|-damage|p1b: Murkrow|0 fnt\n|faint|p1b: Murkrow\n|\n|win|19402u\n|raw|revocolombia's rating: 1529 → 1511<\/strong> (-18 for losing)\n|raw|19402u's rating: 1561 → 1579<\/strong> (+18 for winning)\n|l|\u260619402u\n","uploadtime":1683921551,"views":13,"p1id":"revocolombia","p2id":"19402u","formatid":"gen9vgc2023regulationc","rating":1511,"private":0,"password":""}