{"id":"gen9vgc2023regulationc-1862649386","p1":"Jamie4563","p2":"SaltedBagel","format":"[Gen 9] VGC 2023 Regulation C","log":"|j|\u2606Jamie4563\n|j|\u2606SaltedBagel\n|t:|1683908834\n|gametype|doubles\n|player|p1|Jamie4563|supernerd|\n|player|p2|SaltedBagel|nate|\n|teamsize|p1|6\n|teamsize|p2|6\n|gen|9\n|tier|[Gen 9] VGC 2023 Regulation C\n|rated|Tournament battle\n|rule|Species Clause: Limit one of each Pok\u00e9mon\n|rule|Item Clause: Limit one of each item\n|clearpoke\n|poke|p1|Arcanine, L50, F|\n|poke|p1|Chien-Pao, L50|\n|poke|p1|Amoonguss, L50, F|\n|poke|p1|Azumarill, L50, F|\n|poke|p1|Flutter Mane, L50|\n|poke|p1|Dragonite, L50, F|\n|poke|p2|Wo-Chien, L50|\n|poke|p2|Corviknight, L50, M|\n|poke|p2|Quaquaval, L50, F|\n|poke|p2|Iron Moth, L50|\n|poke|p2|Pelipper, L50, F|\n|poke|p2|Raichu, L50, F|\n|teampreview|4\n|raw| Open Team Sheet for Jamie4563<\/summary>Arcanine @ Safety Goggles Ability: Intimidate Level: 50 Tera Type: Flying - Extreme Speed - Howl - Flare Blitz - Protect Chien-Pao @ Focus Sash Ability: Sword of Ruin Level: 50 Tera Type: Ghost - Ice Spinner - Sucker Punch - Protect - Sacred Sword The Gourmet (Amoonguss) @ Rocky Helmet Ability: Regenerator Level: 50 Tera Type: Water - Rage Powder - Spore - Pollen Puff - Clear Smog Azumarill @ Sitrus Berry Ability: Huge Power Level: 50 Tera Type: Grass - Play Rough - Aqua Jet - Belly Drum - Protect Flutter Mane @ Choice Specs Ability: Protosynthesis Level: 50 Tera Type: Fairy - Moonblast - Shadow Ball - Thunderbolt - Dazzling Gleam Dragonite @ Lum Berry Ability: Inner Focus Level: 50 Tera Type: Normal - Extreme Speed - Stomping Tantrum - Dragon Dance - Brick Break <\/details><\/div> Open Team Sheet for SaltedBagel<\/summary>Wo-Chien @ Leftovers Ability: Tablets of Ruin Level: 50 Tera Type: Poison - Giga Drain - Snarl - Pollen Puff - Leech Seed Corviknight @ Safety Goggles Ability: Mirror Armor Level: 50 Tera Type: Ground - Protect - Brave Bird - Iron Head - Tailwind Quaquaval @ Clear Amulet Ability: Moxie Level: 50 Tera Type: Steel - Detect - Aqua Step - Close Combat - Encore Iron Moth @ Booster Energy Ability: Quark Drive Level: 50 Tera Type: Flying - Protect - Sludge Wave - Hurricane - Flamethrower Pelipper @ Focus Sash Ability: Drizzle Level: 50 Tera Type: Flying - Hurricane - Hydro Pump - Wide Guard - Tailwind Raichu @ Covert Cloak Ability: Lightning Rod Level: 50 Tera Type: Grass - Thunder - Fake Out - Nuzzle - Encore <\/details><\/div>\n|j| A Borygon\n|j| Cachapita\n|j| higashi no gab\n|l| higashi no gab\n|j| Radio Free C-Side\n|c|\u2606SaltedBagel|I\u2019ll be back\n|l| A Borygon\n|j| SlowHomie\n|j| RickKarsdrop\n|j| norbie7\n|l| Cachapita\n|l|\u2606SaltedBagel\n|player|p2|\n|j|\u2606SaltedBagel\n|player|p2|SaltedBagel|nate\n|j| MEXES\n|\n|t:|1683909022\n|start\n|switch|p1a: Chien-Pao|Chien-Pao, L50|100\/100\n|switch|p1b: Flutter Mane|Flutter Mane, L50|100\/100\n|switch|p2a: Pelipper|Pelipper, L50, F|100\/100\n|switch|p2b: Corviknight|Corviknight, L50, M|100\/100\n|-ability|p1a: Chien-Pao|Sword of Ruin\n|-weather|RainDance|[from] ability: Drizzle|[of] p2a: Pelipper\n|turn|1\n|j| Mumumumum\n|\n|t:|1683909070\n|move|p2b: Corviknight|Protect|p2b: Corviknight\n|-singleturn|p2b: Corviknight|Protect\n|move|p1a: Chien-Pao|Ice Spinner|p2a: Pelipper\n|-damage|p2a: Pelipper|33\/100\n|move|p1b: Flutter Mane|Thunderbolt|p2b: Corviknight\n|-activate|p2b: Corviknight|move: Protect\n|move|p2a: Pelipper|Tailwind|p2a: Pelipper\n|-sidestart|p2: SaltedBagel|move: Tailwind\n|\n|-weather|RainDance|[upkeep]\n|upkeep\n|turn|2\n|\n|t:|1683909104\n|switch|p2a: Iron Moth|Iron Moth, L50|100\/100\n|-enditem|p2a: Iron Moth|Booster Energy\n|-activate|p2a: Iron Moth|ability: Quark Drive|[fromitem]\n|-start|p2a: Iron Moth|quarkdrivespa\n|-end|p1b: Flutter Mane|Protosynthesis|[silent]\n|switch|p1b: The Gourmet|Amoonguss, L50, F|100\/100\n|move|p1a: Chien-Pao|Sucker Punch||[still]\n|-fail|p1a: Chien-Pao\n|move|p2b: Corviknight|Iron Head|p1b: The Gourmet\n|-damage|p1b: The Gourmet|70\/100\n|-damage|p2b: Corviknight|84\/100|[from] item: Rocky Helmet|[of] p1b: The Gourmet\n|\n|-weather|RainDance|[upkeep]\n|upkeep\n|turn|3\n|\n|t:|1683909139\n|-terastallize|p1b: The Gourmet|Water\n|move|p2a: Iron Moth|Protect|p2a: Iron Moth\n|-singleturn|p2a: Iron Moth|Protect\n|move|p1a: Chien-Pao|Sucker Punch||[still]\n|-fail|p1a: Chien-Pao\n|move|p2b: Corviknight|Brave Bird|p1a: Chien-Pao\n|-damage|p1a: Chien-Pao|40\/100\n|-damage|p2b: Corviknight|69\/100|[from] Recoil\n|move|p1b: The Gourmet|Spore|p2b: Corviknight\n|-activate|p2b: Corviknight|item: Safety Goggles|Spore\n|\n|-weather|RainDance|[upkeep]\n|upkeep\n|turn|4\n|l| norbie7\n|\n|t:|1683909170\n|switch|p2b: Wo-Chien|Wo-Chien, L50|100\/100\n|-ability|p2b: Wo-Chien|Tablets of Ruin\n|move|p1a: Chien-Pao|Protect|p1a: Chien-Pao\n|-singleturn|p1a: Chien-Pao|Protect\n|move|p2a: Iron Moth|Hurricane|p1a: Chien-Pao\n|-activate|p1a: Chien-Pao|move: Protect\n|move|p1b: The Gourmet|Spore|p2a: Iron Moth\n|-status|p2a: Iron Moth|slp|[from] move: Spore\n|\n|-weather|RainDance|[upkeep]\n|-sideend|p2: SaltedBagel|move: Tailwind\n|upkeep\n|turn|5\n|\n|t:|1683909221\n|switch|p1a: Flutter Mane|Flutter Mane, L50|100\/100\n|-end|p2a: Iron Moth|Quark Drive|[silent]\n|switch|p2a: Corviknight|Corviknight, L50, M|69\/100\n|-terastallize|p2b: Wo-Chien|Poison\n|move|p2b: Wo-Chien|Pollen Puff|p1a: Flutter Mane\n|-resisted|p1a: Flutter Mane\n|-damage|p1a: Flutter Mane|96\/100\n|move|p1b: The Gourmet|Pollen Puff|p2b: Wo-Chien\n|-resisted|p2b: Wo-Chien\n|-damage|p2b: Wo-Chien|95\/100\n|\n|-weather|none\n|-heal|p2b: Wo-Chien|100\/100|[from] item: Leftovers\n|upkeep\n|turn|6\n|\n|t:|1683909245\n|move|p2a: Corviknight|Protect|p2a: Corviknight\n|-singleturn|p2a: Corviknight|Protect\n|move|p1a: Flutter Mane|Thunderbolt|p2a: Corviknight\n|-activate|p2a: Corviknight|move: Protect\n|move|p2b: Wo-Chien|Leech Seed|p1b: The Gourmet\n|-start|p1b: The Gourmet|move: Leech Seed\n|move|p1b: The Gourmet|Spore|p2b: Wo-Chien\n|-status|p2b: Wo-Chien|slp|[from] move: Spore\n|\n|-damage|p1b: The Gourmet|58\/100|[from] Leech Seed|[of] p2b: Wo-Chien\n|upkeep\n|turn|7\n|\n|t:|1683909264\n|switch|p2a: Iron Moth|Iron Moth, L50|100\/100 slp\n|switch|p1b: Chien-Pao|Chien-Pao, L50|40\/100\n|-ability|p1b: Chien-Pao|Sword of Ruin\n|move|p1a: Flutter Mane|Thunderbolt|p2a: Iron Moth\n|-damage|p2a: Iron Moth|43\/100 slp\n|cant|p2b: Wo-Chien|slp\n|\n|upkeep\n|turn|8\n|\n|t:|1683909296\n|switch|p1b: The Gourmet|Amoonguss, L50, F, tera:Water|91\/100\n|move|p1a: Flutter Mane|Thunderbolt|p2a: Iron Moth\n|-damage|p2a: Iron Moth|0 fnt\n|faint|p2a: Iron Moth\n|-end|p2a: Iron Moth|Quark Drive|[silent]\n|cant|p2b: Wo-Chien|slp\n|\n|upkeep\n|\n|t:|1683909306\n|switch|p2a: Pelipper|Pelipper, L50, F|33\/100\n|-weather|RainDance|[from] ability: Drizzle|[of] p2a: Pelipper\n|turn|9\n|\n|t:|1683909317\n|move|p1a: Flutter Mane|Thunderbolt|p2a: Pelipper\n|-supereffective|p2a: Pelipper\n|-damage|p2a: Pelipper|0 fnt\n|faint|p2a: Pelipper\n|-curestatus|p2b: Wo-Chien|slp|[msg]\n|move|p2b: Wo-Chien|Leech Seed|p1a: Flutter Mane\n|-start|p1a: Flutter Mane|move: Leech Seed\n|move|p1b: The Gourmet|Spore|p2b: Wo-Chien\n|-status|p2b: Wo-Chien|slp|[from] move: Spore\n|\n|-weather|RainDance|[upkeep]\n|-damage|p1a: Flutter Mane|84\/100|[from] Leech Seed|[of] p2b: Wo-Chien\n|upkeep\n|\n|t:|1683909323\n|switch|p2a: Corviknight|Corviknight, L50, M|69\/100\n|turn|10\n|l| RickKarsdrop\n|\n|t:|1683909339\n|move|p2a: Corviknight|Protect|p2a: Corviknight\n|-singleturn|p2a: Corviknight|Protect\n|move|p1a: Flutter Mane|Thunderbolt|p2a: Corviknight\n|-activate|p2a: Corviknight|move: Protect\n|cant|p2b: Wo-Chien|slp\n|move|p1b: The Gourmet|Pollen Puff|p1a: Flutter Mane\n|-heal|p1a: Flutter Mane|100\/100\n|\n|-weather|RainDance|[upkeep]\n|-damage|p1a: Flutter Mane|88\/100|[from] Leech Seed|[of] p2b: Wo-Chien\n|upkeep\n|turn|11\n|\n|t:|1683909346\n|move|p2a: Corviknight|Protect||[still]\n|-fail|p2a: Corviknight\n|move|p1a: Flutter Mane|Thunderbolt|p2a: Corviknight\n|-supereffective|p2a: Corviknight\n|-damage|p2a: Corviknight|0 fnt\n|faint|p2a: Corviknight\n|cant|p2b: Wo-Chien|slp\n|move|p1b: The Gourmet|Pollen Puff|p1a: Flutter Mane\n|-heal|p1a: Flutter Mane|100\/100\n|\n|-weather|RainDance|[upkeep]\n|-damage|p1a: Flutter Mane|88\/100|[from] Leech Seed|[of] p2b: Wo-Chien\n|upkeep\n|turn|12\n|\n|t:|1683909357\n|-end|p1a: Flutter Mane|Protosynthesis|[silent]\n|switch|p1a: Azumarill|Azumarill, L50, F|100\/100\n|-curestatus|p2b: Wo-Chien|slp|[msg]\n|move|p2b: Wo-Chien|Snarl|p1a: Azumarill|[spread] \n|-miss|p2b: Wo-Chien|p1a: Azumarill\n|-miss|p2b: Wo-Chien|p1b: The Gourmet\n|move|p1b: The Gourmet|Spore|p2b: Wo-Chien\n|-status|p2b: Wo-Chien|slp|[from] move: Spore\n|\n|-weather|RainDance|[upkeep]\n|upkeep\n|turn|13\n|inactive|Battle timer is ON: inactive players will automatically lose when time's up. (requested by Jamie4563)\n|\n|t:|1683909388\n|switch|p1b: Chien-Pao|Chien-Pao, L50|40\/100\n|-ability|p1b: Chien-Pao|Sword of Ruin\n|cant|p2b: Wo-Chien|slp\n|move|p1a: Azumarill|Belly Drum|p1a: Azumarill\n|-damage|p1a: Azumarill|50\/100\n|-setboost|p1a: Azumarill|atk|6|[from] move: Belly Drum\n|-enditem|p1a: Azumarill|Sitrus Berry|[eat]\n|-heal|p1a: Azumarill|75\/100|[from] item: Sitrus Berry\n|\n|-weather|none\n|upkeep\n|turn|14\n|\n|t:|1683909400\n|move|p1a: Azumarill|Aqua Jet|p2b: Wo-Chien\n|-damage|p2b: Wo-Chien|28\/100 slp\n|move|p1b: Chien-Pao|Ice Spinner|p2b: Wo-Chien\n|-damage|p2b: Wo-Chien|0 fnt\n|faint|p2b: Wo-Chien\n|\n|win|Jamie4563\n|n|\u2606Jamie4563|jamie4563\n|n| Radio Free C-Side|radiofreecside\n|n| SlowHomie|slowhomie\n|n|\u2606SaltedBagel|saltedbagel\n|n| MEXES|mexes\n|n| Mumumumum|mumumumum\n","uploadtime":1683909401,"views":10,"p1id":"jamie4563","p2id":"saltedbagel","formatid":"gen9vgc2023regulationc","rating":0,"private":0,"password":""}