{"id":"gen9vgc2023regulationc-1846551399","p1":"0l0f3rn3","p2":"TJRaynes","format":"[Gen 9] VGC 2023 Regulation C","log":"|j|\u26060l0f3rn3\n|j|\u2606TJRaynes\n|t:|1681850825\n|gametype|doubles\n|player|p1|0l0f3rn3|170|1153\n|player|p2|TJRaynes|marley|1089\n|teamsize|p1|6\n|teamsize|p2|6\n|gen|9\n|tier|[Gen 9] VGC 2023 Regulation C\n|rated|\n|rule|Species Clause: Limit one of each Pok\u00e9mon\n|rule|Item Clause: Limit one of each item\n|clearpoke\n|poke|p1|Torkoal, L50, F|\n|poke|p1|Flutter Mane, L50|\n|poke|p1|Lilligant, L50, F|\n|poke|p1|Dachsbun, L50, M|\n|poke|p1|Brute Bonnet, L50|\n|poke|p1|Farigiraf, L50, M|\n|poke|p2|Talonflame, L50, M|\n|poke|p2|Garchomp, L50, M|\n|poke|p2|Pachirisu, L50, M|\n|poke|p2|Gyarados, L50, F|\n|poke|p2|Breloom, L50, F|\n|poke|p2|Bronzong, L50|\n|teampreview|4\nTJRaynes has agreed to open team sheets.\n0l0f3rn3 has agreed to open team sheets.\n|\n|t:|1681850900\n|start\n|switch|p1a: Brute Bonnet|Brute Bonnet, L50|100\/100\n|switch|p1b: Farigiraf|Farigiraf, L50, M|100\/100\n|switch|p2a: Talonflame|Talonflame, L50, M|100\/100\n|switch|p2b: Pachirisu|Pachirisu, L50, M|100\/100\n|turn|1\n|\n|t:|1681850920\n|-end|p1a: Brute Bonnet|Protosynthesis|[silent]\n|switch|p1a: Dachsbun|Dachsbun, L50, M|100\/100\n|move|p2a: Talonflame|Will-O-Wisp|p1a: Dachsbun\n|-ability|p1a: Dachsbun|Well-Baked Body|boost\n|-boost|p1a: Dachsbun|def|2\n|move|p2b: Pachirisu|Nuzzle|p1b: Farigiraf\n|-damage|p1b: Farigiraf|97\/100\n|-status|p1b: Farigiraf|par\n|cant|p1b: Farigiraf|par\n|\n|upkeep\n|turn|2\n|\n|t:|1681850940\n|move|p2b: Pachirisu|Helping Hand|p2a: Talonflame\n|-singleturn|p2a: Talonflame|Helping Hand|[of] p2b: Pachirisu\n|move|p1a: Dachsbun|Protect|p1a: Dachsbun\n|-singleturn|p1a: Dachsbun|Protect\n|move|p2a: Talonflame|Flare Blitz|p1b: Farigiraf\n|-damage|p1b: Farigiraf|37\/100 par\n|-damage|p2a: Talonflame|75\/100|[from] Recoil\n|cant|p1b: Farigiraf|par\n|\n|upkeep\n|turn|3\n|\n|t:|1681850960\n|move|p1b: Farigiraf|Protect|p1b: Farigiraf\n|-singleturn|p1b: Farigiraf|Protect\n|move|p2a: Talonflame|Flare Blitz|p1b: Farigiraf\n|-activate|p1b: Farigiraf|move: Protect\n|move|p2b: Pachirisu|Encore|p1a: Dachsbun\n|-start|p1a: Dachsbun|Encore\n|move|p1a: Dachsbun|Protect||[still]\n|-fail|p1a: Dachsbun\n|\n|upkeep\n|turn|4\n|\n|t:|1681851000\n|switch|p1b: Torkoal|Torkoal, L50, F|100\/100\n|-weather|SunnyDay|[from] ability: Drought|[of] p1b: Torkoal\n|move|p1a: Dachsbun|Protect|p1a: Dachsbun\n|-singleturn|p1a: Dachsbun|Protect\n|move|p2a: Talonflame|Flare Blitz|p1b: Torkoal\n|-resisted|p1b: Torkoal\n|-damage|p1b: Torkoal|72\/100\n|-damage|p2a: Talonflame|65\/100|[from] Recoil\n|move|p2b: Pachirisu|Nuzzle|p1a: Dachsbun\n|-activate|p1a: Dachsbun|move: Protect\n|\n|-weather|SunnyDay|[upkeep]\n|upkeep\n|turn|5\n|\n|t:|1681851022\n|move|p2a: Talonflame|Protect|p2a: Talonflame\n|-singleturn|p2a: Talonflame|Protect\n|move|p1a: Dachsbun|Protect|p1a: Dachsbun\n|-singleturn|p1a: Dachsbun|Protect\n|move|p2b: Pachirisu|Nuzzle|p1b: Torkoal\n|-damage|p1b: Torkoal|69\/100\n|-status|p1b: Torkoal|par\n|cant|p1b: Torkoal|par\n|\n|-weather|SunnyDay|[upkeep]\n|-end|p1a: Dachsbun|Encore\n|upkeep\n|turn|6\n|\n|t:|1681851053\n|move|p2a: Talonflame|Flare Blitz|p1b: Torkoal\n|-resisted|p1b: Torkoal\n|-damage|p1b: Torkoal|41\/100 par\n|-damage|p2a: Talonflame|56\/100|[from] Recoil\n|move|p2b: Pachirisu|Encore|p1a: Dachsbun\n|-start|p1a: Dachsbun|Encore\n|move|p1a: Dachsbun|Protect||[still]\n|-fail|p1a: Dachsbun\n|move|p1b: Torkoal|Lava Plume|p2a: Talonflame|[spread] p2a,p2b\n|-ability|p1a: Dachsbun|Well-Baked Body|boost\n|-boost|p1a: Dachsbun|def|2\n|-resisted|p2a: Talonflame\n|-damage|p2a: Talonflame|29\/100\n|-damage|p2b: Pachirisu|62\/100\n|\n|-weather|SunnyDay|[upkeep]\n|upkeep\n|turn|7\n|\n|t:|1681851088\n|move|p2b: Pachirisu|Helping Hand|p2a: Talonflame\n|-singleturn|p2a: Talonflame|Helping Hand|[of] p2b: Pachirisu\n|move|p1a: Dachsbun|Protect|p1a: Dachsbun\n|-singleturn|p1a: Dachsbun|Protect\n|move|p2a: Talonflame|Flare Blitz|p1b: Torkoal\n|-resisted|p1b: Torkoal\n|-damage|p1b: Torkoal|4\/100 par\n|-damage|p2a: Talonflame|17\/100|[from] Recoil\n|move|p1b: Torkoal|Body Press|p2a: Talonflame\n|-resisted|p2a: Talonflame\n|-damage|p2a: Talonflame|0 fnt\n|faint|p2a: Talonflame\n|\n|-weather|SunnyDay|[upkeep]\n|upkeep\n|\n|t:|1681851105\n|switch|p2a: Garchomp|Garchomp, L50, M|100\/100\n|turn|8\n|\n|t:|1681851119\n|switch|p1b: Brute Bonnet|Brute Bonnet, L50|100\/100\n|-activate|p1b: Brute Bonnet|ability: Protosynthesis\n|-start|p1b: Brute Bonnet|protosynthesisatk\n|move|p1a: Dachsbun|Protect|p1a: Dachsbun\n|-singleturn|p1a: Dachsbun|Protect\n|move|p2b: Pachirisu|Nuzzle|p1b: Brute Bonnet\n|-resisted|p1b: Brute Bonnet\n|-damage|p1b: Brute Bonnet|99\/100\n|-status|p1b: Brute Bonnet|par\n|move|p2a: Garchomp|Swords Dance|p2a: Garchomp\n|-boost|p2a: Garchomp|atk|2\n|\n|-weather|none\n|-end|p1b: Brute Bonnet|Protosynthesis\n|-end|p1a: Dachsbun|Encore\n|upkeep\n|turn|9\n|\n|t:|1681851159\n|-terastallize|p2b: Pachirisu|Flying\n|cant|p1b: Brute Bonnet|par\n|move|p2b: Pachirisu|Encore|p1a: Dachsbun\n|-start|p1a: Dachsbun|Encore\n|move|p2a: Garchomp|Earthquake|p1b: Brute Bonnet|[spread] p1a,p1b\n|-immune|p2b: Pachirisu\n|-resisted|p1b: Brute Bonnet\n|-damage|p1a: Dachsbun|71\/100\n|-damage|p1b: Brute Bonnet|66\/100 par\n|move|p1a: Dachsbun|Protect||[still]\n|-fail|p1a: Dachsbun\n|\n|-heal|p1a: Dachsbun|77\/100|[from] item: Leftovers\n|upkeep\n|turn|10\n|\n|t:|1681851186\n|-terastallize|p1b: Brute Bonnet|Rock\n|move|p1a: Dachsbun|Protect|p1a: Dachsbun\n|-singleturn|p1a: Dachsbun|Protect\n|move|p2b: Pachirisu|Nuzzle|p1a: Dachsbun\n|-activate|p1a: Dachsbun|move: Protect\n|move|p2a: Garchomp|Swords Dance|p2a: Garchomp\n|-boost|p2a: Garchomp|atk|2\n|cant|p1b: Brute Bonnet|par\n|\n|-heal|p1a: Dachsbun|83\/100|[from] item: Leftovers\n|upkeep\n|turn|11\n|\n|t:|1681851204\n|move|p1a: Dachsbun|Protect|p1a: Dachsbun\n|-singleturn|p1a: Dachsbun|Protect\n|move|p2b: Pachirisu|Nuzzle|p1a: Dachsbun\n|-activate|p1a: Dachsbun|move: Protect\n|move|p2a: Garchomp|Earthquake|p1b: Brute Bonnet|[spread] p1b\n|-activate|p1a: Dachsbun|move: Protect\n|-immune|p2b: Pachirisu\n|-supereffective|p1b: Brute Bonnet\n|-damage|p1b: Brute Bonnet|0 fnt\n|faint|p1b: Brute Bonnet\n|-end|p1b: Brute Bonnet|Protosynthesis|[silent]\n|\n|-heal|p1a: Dachsbun|89\/100|[from] item: Leftovers\n|-end|p1a: Dachsbun|Encore\n|upkeep\n|\n|t:|1681851220\n|switch|p1b: Farigiraf|Farigiraf, L50, M|37\/100 par\n|turn|12\n|-message|0l0f3rn3 forfeited.\n|\n|win|TJRaynes\n|raw|0l0f3rn3's rating: 1153 → 1123<\/strong> (-30 for losing)\n|raw|TJRaynes's rating: 1089 → 1121<\/strong> (+32 for winning)\n|l|\u26060l0f3rn3\n","uploadtime":1681851239,"views":9,"p1id":"0l0f3rn3","p2id":"tjraynes","formatid":"gen9vgc2023regulationc","rating":1121,"private":0,"password":""}