{"id":"gen9vgc2023regulationc-1850055937","p1":"TTVNuzlockeAcademy","p2":"laquetecuento","format":"[Gen 9] VGC 2023 Regulation C","log":"|j|\u2606TTVNuzlockeAcademy\n|j|\u2606laquetecuento\n|t:|1682282403\n|gametype|doubles\n|player|p1|TTVNuzlockeAcademy|170|1113\n|player|p2|laquetecuento|roxie|1106\n|teamsize|p1|6\n|teamsize|p2|5\n|gen|9\n|tier|[Gen 9] VGC 2023 Regulation C\n|rated|\n|rule|Species Clause: Limit one of each Pok\u00e9mon\n|rule|Item Clause: Limit one of each item\n|clearpoke\n|poke|p1|Abomasnow, L50, M|\n|poke|p1|Maushold-Four, L50|\n|poke|p1|Chi-Yu, L50|\n|poke|p1|Iron Bundle, L50|\n|poke|p1|Gyarados, L50, F|\n|poke|p1|Baxcalibur, L50, F|\n|poke|p2|Great Tusk, L50|\n|poke|p2|Pachirisu, L50, F|\n|poke|p2|Torkoal, L50, M|\n|poke|p2|Scovillain, L50, M|\n|poke|p2|Chi-Yu, L50|\n|teampreview|4\n|\n|t:|1682282438\n|start\n|switch|p1a: Gyarados|Gyarados, L50, F|100\/100\n|switch|p1b: Maushold|Maushold-Four, L50|100\/100\n|switch|p2a: Ortega y Gasset|Scovillain, L50, M|100\/100\n|switch|p2b: Ratul\u00ed|Pachirisu, L50, F|100\/100\n|-ability|p1a: Gyarados|Intimidate|boost\n|-unboost|p2a: Ortega y Gasset|atk|1\n|-unboost|p2b: Ratul\u00ed|atk|1\n|turn|1\n|inactive|Battle timer is ON: inactive players will automatically lose when time's up. (requested by TTVNuzlockeAcademy)\n|\n|t:|1682282468\n|switch|p1a: Iron Bundle|Iron Bundle, L50|100\/100\n|-enditem|p1a: Iron Bundle|Booster Energy\n|-activate|p1a: Iron Bundle|ability: Quark Drive|[fromitem]\n|-start|p1a: Iron Bundle|quarkdrivespe\n|-terastallize|p2a: Ortega y Gasset|Grass\n|move|p1b: Maushold|Follow Me|p1b: Maushold\n|-singleturn|p1b: Maushold|move: Follow Me\n|move|p2a: Ortega y Gasset|Flamethrower|p1b: Maushold\n|-damage|p1b: Maushold|46\/100\n|move|p2b: Ratul\u00ed|Nuzzle|p1b: Maushold\n|-damage|p1b: Maushold|42\/100\n|-status|p1b: Maushold|par\n|\n|upkeep\n|turn|2\n|inactive|laquetecuento has 30 seconds left.\n|\n|t:|1682282501\n|switch|p1b: Abomasnow|Abomasnow, L50, M|100\/100\n|-weather|Snow|[from] ability: Snow Warning|[of] p1b: Abomasnow\n|move|p1a: Iron Bundle|Blizzard|p2b: Ratul\u00ed|[spread] p2a,p2b\n|-supereffective|p2a: Ortega y Gasset\n|-enditem|p2a: Ortega y Gasset|Focus Sash\n|-damage|p2a: Ortega y Gasset|1\/100\n|-damage|p2b: Ratul\u00ed|65\/100\n|-status|p2a: Ortega y Gasset|frz\n|cant|p2a: Ortega y Gasset|frz\n|move|p2b: Ratul\u00ed|Super Fang|p1b: Abomasnow|[miss]\n|-miss|p2b: Ratul\u00ed|p1b: Abomasnow\n|\n|-weather|Snow|[upkeep]\n|upkeep\n|turn|3\n|inactive|TTVNuzlockeAcademy has 30 seconds left.\n|\n|t:|1682282532\n|-curestatus|p2a: Ortega y Gasset|frz|[msg]\n|move|p2a: Ortega y Gasset|Protect|p2a: Ortega y Gasset\n|-singleturn|p2a: Ortega y Gasset|Protect\n|move|p1a: Iron Bundle|Blizzard|p2a: Ortega y Gasset|[spread] p2b\n|-activate|p2a: Ortega y Gasset|move: Protect\n|-damage|p2b: Ratul\u00ed|28\/100\n|-enditem|p2b: Ratul\u00ed|Sitrus Berry|[eat]\n|-heal|p2b: Ratul\u00ed|53\/100|[from] item: Sitrus Berry\n|move|p2b: Ratul\u00ed|Nuzzle|p1a: Iron Bundle\n|-supereffective|p1a: Iron Bundle\n|-damage|p1a: Iron Bundle|96\/100\n|-status|p1a: Iron Bundle|par\n|move|p1b: Abomasnow|Aurora Veil|p1b: Abomasnow\n|-sidestart|p1: TTVNuzlockeAcademy|move: Aurora Veil\n|\n|-weather|Snow|[upkeep]\n|upkeep\n|turn|4\n|\n|t:|1682282554\n|move|p2b: Ratul\u00ed|Follow Me|p2b: Ratul\u00ed\n|-singleturn|p2b: Ratul\u00ed|move: Follow Me\n|move|p1a: Iron Bundle|Blizzard|p2b: Ratul\u00ed|[spread] p2a,p2b\n|-supereffective|p2a: Ortega y Gasset\n|-damage|p2a: Ortega y Gasset|0 fnt\n|-damage|p2b: Ratul\u00ed|18\/100\n|faint|p2a: Ortega y Gasset\n|move|p1b: Abomasnow|Blizzard|p2b: Ratul\u00ed\n|-damage|p2b: Ratul\u00ed|0 fnt\n|faint|p2b: Ratul\u00ed\n|\n|-weather|Snow|[upkeep]\n|upkeep\n|\n|t:|1682282564\n|switch|p2a: Manny|Great Tusk, L50|100\/100\n|switch|p2b: Termineitor|Torkoal, L50, M|100\/100\n|-weather|SunnyDay|[from] ability: Drought|[of] p2b: Termineitor\n|-activate|p2a: Manny|ability: Protosynthesis\n|-start|p2a: Manny|protosynthesisatk\n|turn|5\n|\n|t:|1682282581\n|switch|p1b: Gyarados|Gyarados, L50, F|100\/100\n|-ability|p1b: Gyarados|Intimidate|boost\n|-unboost|p2a: Manny|atk|1\n|-unboost|p2b: Termineitor|atk|1\n|move|p1a: Iron Bundle|Protect|p1a: Iron Bundle\n|-singleturn|p1a: Iron Bundle|Protect\n|move|p2a: Manny|Headlong Rush|p1a: Iron Bundle\n|-activate|p1a: Iron Bundle|move: Protect\n|move|p2b: Termineitor|Heat Wave|p1a: Iron Bundle|[spread] p1b\n|-activate|p1a: Iron Bundle|move: Protect\n|-resisted|p1b: Gyarados\n|-damage|p1b: Gyarados|89\/100\n|\n|-weather|SunnyDay|[upkeep]\n|upkeep\n|turn|6\n|inactive|TTVNuzlockeAcademy has 30 seconds left.\n|inactive|laquetecuento has 30 seconds left.\n|inactive|laquetecuento has 20 seconds left.\n|\n|t:|1682282616\n|switch|p1b: Abomasnow|Abomasnow, L50, M|100\/100\n|-weather|Snow|[from] ability: Snow Warning|[of] p1b: Abomasnow\n|-end|p2a: Manny|Protosynthesis\n|move|p2b: Termineitor|Protect|p2b: Termineitor\n|-singleturn|p2b: Termineitor|Protect\n|cant|p1a: Iron Bundle|par\n|move|p2a: Manny|Headlong Rush|p1a: Iron Bundle\n|-damage|p1a: Iron Bundle|64\/100 par\n|-unboost|p2a: Manny|def|1\n|-unboost|p2a: Manny|spd|1\n|-damage|p2a: Manny|91\/100|[from] item: Life Orb\n|\n|-weather|Snow|[upkeep]\n|upkeep\n|turn|7\n|\n|t:|1682282640\n|cant|p1a: Iron Bundle|par\n|move|p2a: Manny|Close Combat|p1a: Iron Bundle\n|-supereffective|p1a: Iron Bundle\n|-damage|p1a: Iron Bundle|0 fnt\n|-unboost|p2a: Manny|def|1\n|-unboost|p2a: Manny|spd|1\n|faint|p1a: Iron Bundle\n|-end|p1a: Iron Bundle|Quark Drive|[silent]\n|-damage|p2a: Manny|81\/100|[from] item: Life Orb\n|move|p1b: Abomasnow|Blizzard|p2b: Termineitor|[spread] p2a,p2b\n|-supereffective|p2a: Manny\n|-resisted|p2b: Termineitor\n|-damage|p2a: Manny|0 fnt\n|-damage|p2b: Termineitor|80\/100\n|faint|p2a: Manny\n|-end|p2a: Manny|Protosynthesis|[silent]\n|move|p2b: Termineitor|Heat Wave|p1b: Abomasnow\n|-supereffective|p1b: Abomasnow\n|-damage|p1b: Abomasnow|0 fnt\n|faint|p1b: Abomasnow\n|\n|-weather|Snow|[upkeep]\n|-sideend|p1: TTVNuzlockeAcademy|move: Aurora Veil\n|upkeep\n|\n|t:|1682282662\n|switch|p1a: Gyarados|Gyarados, L50, F|89\/100\n|switch|p1b: Maushold|Maushold-Four, L50|42\/100 par\n|-ability|p1a: Gyarados|Intimidate|boost\n|-unboost|p2b: Termineitor|atk|1\n|turn|8\n|\n|t:|1682282676\n|move|p1a: Gyarados|Waterfall|p2b: Termineitor\n|-supereffective|p2b: Termineitor\n|-damage|p2b: Termineitor|26\/100\n|move|p1b: Maushold|Population Bomb|p2b: Termineitor\n|-crit|p2b: Termineitor\n|-damage|p2b: Termineitor|19\/100\n|-damage|p2b: Termineitor|14\/100\n|-damage|p2b: Termineitor|9\/100\n|-damage|p2b: Termineitor|4\/100\n|-damage|p2b: Termineitor|0 fnt\n|faint|p2b: Termineitor\n|-hitcount|p2: Termineitor|5\n|\n|win|TTVNuzlockeAcademy\n|raw|TTVNuzlockeAcademy's rating: 1113 → 1137<\/strong> (+24 for winning)\n|raw|laquetecuento's rating: 1106 → 1082<\/strong> (-24 for losing)\n|l|\u2606laquetecuento\n","uploadtime":1682282693,"views":20,"p1id":"ttvnuzlockeacademy","p2id":"laquetecuento","formatid":"gen9vgc2023regulationc","rating":1082,"private":0,"password":""}