{"id":"gen9vgc2023regulationc-1846536515","p1":"KnightmareTheGreat","p2":"Rufus balor","format":"[Gen 9] VGC 2023 Regulation C","log":"|j|\u2606KnightmareTheGreat\n|j|\u2606Rufus balor\n|t:|1681849396\n|gametype|doubles\n|player|p1|KnightmareTheGreat|rocketgrunt|1075\n|player|p2|Rufus balor|lucas|1175\n|teamsize|p1|6\n|teamsize|p2|6\n|gen|9\n|tier|[Gen 9] VGC 2023 Regulation C\n|rated|\n|rule|Species Clause: Limit one of each Pok\u00e9mon\n|rule|Item Clause: Limit one of each item\n|clearpoke\n|poke|p1|Sylveon, L50, F|\n|poke|p1|Armarouge, L50, M|\n|poke|p1|Meowscarada, L50, M|\n|poke|p1|Arboliva, L50, M|\n|poke|p1|Torkoal, L50, M|\n|poke|p1|Indeedee-F, L50, F|\n|poke|p2|Chi-Yu, L50|\n|poke|p2|Dachsbun, L50, M|\n|poke|p2|Dragonite, L50, F|\n|poke|p2|Flutter Mane, L50|\n|poke|p2|Azumarill, L50, M|\n|poke|p2|Chien-Pao, L50|\n|teampreview|4\n|\n|t:|1681849420\n|start\n|switch|p1a: Indeedee|Indeedee-F, L50, F|100\/100\n|switch|p1b: Torkoal|Torkoal, L50, M|100\/100\n|switch|p2a: Chi-Yu|Chi-Yu, L50|100\/100\n|switch|p2b: Dachsbun|Dachsbun, L50, M|100\/100\n|-ability|p2a: Chi-Yu|Beads of Ruin\n|-fieldstart|move: Psychic Terrain|[from] ability: Psychic Surge|[of] p1a: Indeedee\n|-enditem|p1a: Indeedee|Psychic Seed\n|-boost|p1a: Indeedee|spd|1|[from] item: Psychic Seed\n|-weather|SunnyDay|[from] ability: Drought|[of] p1b: Torkoal\n|turn|1\n|\n|t:|1681849439\n|move|p1b: Torkoal|Protect|p1b: Torkoal\n|-singleturn|p1b: Torkoal|Protect\n|move|p2a: Chi-Yu|Lava Plume|p1a: Indeedee|[spread] p1a\n|-activate|p1b: Torkoal|move: Protect\n|-ability|p2b: Dachsbun|Well-Baked Body|boost\n|-boost|p2b: Dachsbun|def|2\n|-crit|p1a: Indeedee\n|-damage|p1a: Indeedee|19\/100\n|-status|p1a: Indeedee|brn\n|move|p2b: Dachsbun|Body Press|p1b: Torkoal\n|-activate|p1b: Torkoal|move: Protect\n|move|p1a: Indeedee|Trick Room|p1a: Indeedee\n|-fieldstart|move: Trick Room|[of] p1a: Indeedee\n|\n|-weather|SunnyDay|[upkeep]\n|-damage|p1a: Indeedee|12\/100 brn|[from] brn\n|upkeep\n|turn|2\n|\n|t:|1681849459\n|-terastallize|p1b: Torkoal|Fire\n|move|p1a: Indeedee|Follow Me|p1a: Indeedee\n|-singleturn|p1a: Indeedee|move: Follow Me\n|move|p1b: Torkoal|Eruption|p2a: Chi-Yu|[spread] p2a\n|-ability|p2b: Dachsbun|Well-Baked Body|boost\n|-boost|p2b: Dachsbun|def|2\n|-resisted|p2a: Chi-Yu\n|-damage|p2a: Chi-Yu|30\/100\n|move|p2b: Dachsbun|Body Press|p1a: Indeedee\n|-damage|p1a: Indeedee|0 fnt\n|faint|p1a: Indeedee\n|move|p2a: Chi-Yu|Lava Plume|p1b: Torkoal|[spread] p1b\n|-ability|p2b: Dachsbun|Well-Baked Body|boost\n|-boost|p2b: Dachsbun|def|2\n|-resisted|p1b: Torkoal\n|-damage|p1b: Torkoal|59\/100\n|\n|-weather|SunnyDay|[upkeep]\n|upkeep\n|\n|t:|1681849477\n|switch|p1a: Sylveon|Sylveon, L50, F|100\/100\n|turn|3\n|\n|t:|1681849492\n|move|p1b: Torkoal|Protect|p1b: Torkoal\n|-singleturn|p1b: Torkoal|Protect\n|move|p1a: Sylveon|Hyper Voice|p2b: Dachsbun|[spread] p2a,p2b\n|-damage|p2a: Chi-Yu|0 fnt\n|-damage|p2b: Dachsbun|49\/100\n|faint|p2a: Chi-Yu\n|-enditem|p1a: Sylveon|Throat Spray\n|-boost|p1a: Sylveon|spa|1|[from] item: Throat Spray\n|move|p2b: Dachsbun|Body Press|p1a: Sylveon\n|-resisted|p1a: Sylveon\n|-damage|p1a: Sylveon|47\/100\n|\n|-weather|SunnyDay|[upkeep]\n|-heal|p2b: Dachsbun|55\/100|[from] item: Leftovers\n|upkeep\n|\n|t:|1681849512\n|switch|p2a: Flutter Mane|Flutter Mane, L50|100\/100\n|-activate|p2a: Flutter Mane|ability: Protosynthesis\n|-start|p2a: Flutter Mane|protosynthesisspe\n|turn|4\n|\n|t:|1681849545\n|move|p1b: Torkoal|Eruption|p2a: Flutter Mane|[spread] p2a\n|-immune|p2b: Dachsbun|[from] ability: Well-Baked Body\n|-damage|p2a: Flutter Mane|30\/100\n|move|p1a: Sylveon|Hyper Voice|p2a: Flutter Mane|[spread] p2a,p2b\n|-damage|p2a: Flutter Mane|0 fnt\n|-damage|p2b: Dachsbun|0 fnt\n|faint|p2a: Flutter Mane\n|-end|p2a: Flutter Mane|Protosynthesis|[silent]\n|faint|p2b: Dachsbun\n|\n|-weather|SunnyDay|[upkeep]\n|upkeep\n|\n|t:|1681849561\n|switch|p2b: Chien-Pao|Chien-Pao, L50|100\/100\n|-ability|p2b: Chien-Pao|Sword of Ruin\n|turn|5\n|\n|t:|1681849573\n|move|p2b: Chien-Pao|Protect|p2b: Chien-Pao\n|-singleturn|p2b: Chien-Pao|Protect\n|move|p1a: Sylveon|Quick Attack|p2b: Chien-Pao\n|-activate|p2b: Chien-Pao|move: Psychic Terrain\n|move|p1b: Torkoal|Eruption|p2b: Chien-Pao\n|-activate|p2b: Chien-Pao|move: Protect\n|\n|-weather|none\n|-fieldend|move: Trick Room\n|-fieldend|move: Psychic Terrain\n|upkeep\n|turn|6\n|\n|t:|1681849595\n|switch|p1b: Arboliva|Arboliva, L50, M|100\/100\n|-terastallize|p2b: Chien-Pao|Dark\n|move|p2b: Chien-Pao|Ice Spinner|p1a: Sylveon\n|-damage|p1a: Sylveon|0 fnt\n|faint|p1a: Sylveon\n|\n|upkeep\n|\n|t:|1681849603\n|switch|p1a: Torkoal|Torkoal, L50, M, tera:Fire|59\/100\n|-weather|SunnyDay|[from] ability: Drought|[of] p1a: Torkoal\n|turn|7\n|\n|t:|1681849611\n|move|p2b: Chien-Pao|Throat Chop|p1a: Torkoal\n|-damage|p1a: Torkoal|4\/100\n|-start|p1a: Torkoal|Throat Chop|[silent]\n|move|p1b: Arboliva|Solar Beam||[still]\n|-prepare|p1b: Arboliva|Solar Beam\n|-anim|p1b: Arboliva|Solar Beam|p2b: Chien-Pao\n|-enditem|p2b: Chien-Pao|Focus Sash\n|-damage|p2b: Chien-Pao|1\/100\n|move|p1a: Torkoal|Eruption|p2b: Chien-Pao\n|-damage|p2b: Chien-Pao|0 fnt\n|faint|p2b: Chien-Pao\n|\n|win|KnightmareTheGreat\n|raw|KnightmareTheGreat's rating: 1075 → 1112<\/strong> (+37 for winning)\n|raw|Rufus balor's rating: 1175 → 1143<\/strong> (-32 for losing)\n","uploadtime":1681849628,"views":6,"p1id":"knightmarethegreat","p2id":"rufusbalor","formatid":"gen9vgc2023regulationc","rating":1112,"private":0,"password":""}