{"id":"gen9vgc2023regulationc-1859070854","p1":"scrubrocket","p2":"JVsaadi","format":"[Gen 9] VGC 2023 Regulation C","log":"|j|\u2606scrubrocket\n|j|\u2606JVsaadi\n|t:|1683400966\n|gametype|doubles\n|player|p1|scrubrocket|266|1075\n|player|p2|JVsaadi|169|1014\n|teamsize|p1|6\n|teamsize|p2|6\n|gen|9\n|tier|[Gen 9] VGC 2023 Regulation C\n|rated|\n|rule|Species Clause: Limit one of each Pok\u00e9mon\n|rule|Item Clause: Limit one of each item\n|clearpoke\n|poke|p1|Iron Bundle, L50|\n|poke|p1|Arcanine, L50, F|\n|poke|p1|Amoonguss, L50, M|\n|poke|p1|Chien-Pao, L50|\n|poke|p1|Dragonite, L50, M|\n|poke|p1|Flutter Mane, L50|\n|poke|p2|Pelipper, L50, M|\n|poke|p2|Amoonguss, L50, F|\n|poke|p2|Lurantis, L50, M|\n|poke|p2|Cyclizar, L50, M|\n|poke|p2|Farigiraf, L50, M|\n|poke|p2|Golduck, L50, M|\n|teampreview|4\n|\n|t:|1683401017\n|start\n|switch|p1a: Arcanine|Arcanine, L50, F|100\/100\n|switch|p1b: Iron Bundle|Iron Bundle, L50|100\/100\n|switch|p2a: Cyclizar|Cyclizar, L50, M|100\/100\n|switch|p2b: Amoonguss|Amoonguss, L50, F|100\/100\n|-ability|p1a: Arcanine|Intimidate|boost\n|-unboost|p2a: Cyclizar|atk|1\n|-unboost|p2b: Amoonguss|atk|1\n|turn|1\n|inactive|Battle timer is ON: inactive players will automatically lose when time's up. (requested by scrubrocket)\n|\n|t:|1683401026\n|move|p2b: Amoonguss|Protect|p2b: Amoonguss\n|-singleturn|p2b: Amoonguss|Protect\n|move|p1b: Iron Bundle|Freeze-Dry|p2a: Cyclizar\n|-supereffective|p2a: Cyclizar\n|-damage|p2a: Cyclizar|0 fnt\n|faint|p2a: Cyclizar\n|move|p1a: Arcanine|Flare Blitz|p2b: Amoonguss\n|-activate|p2b: Amoonguss|move: Protect\n|\n|upkeep\n|\n|t:|1683401036\n|switch|p2a: Golduck|Golduck, L50, M|100\/100\n|turn|2\n|\n|t:|1683401046\n|switch|p2b: Pelipper|Pelipper, L50, M|100\/100\n|-weather|RainDance|[from] ability: Drizzle|[of] p2b: Pelipper\n|move|p2a: Golduck|Focus Blast|p1b: Iron Bundle\n|-supereffective|p1b: Iron Bundle\n|-damage|p1b: Iron Bundle|0 fnt\n|faint|p1b: Iron Bundle\n|-end|p1b: Iron Bundle|Quark Drive|[silent]\n|move|p1a: Arcanine|Flare Blitz|p2b: Pelipper\n|-resisted|p2b: Pelipper\n|-damage|p2b: Pelipper|86\/100\n|-damage|p1a: Arcanine|96\/100|[from] Recoil\n|\n|-weather|RainDance|[upkeep]\n|-heal|p2b: Pelipper|92\/100|[from] item: Leftovers\n|upkeep\n|\n|t:|1683401056\n|switch|p1b: Dragonite|Dragonite, L50, M|100\/100\n|turn|3\n|\n|t:|1683401079\n|switch|p2a: Amoonguss|Amoonguss, L50, F|100\/100\n|-terastallize|p1b: Dragonite|Normal\n|move|p1b: Dragonite|Extreme Speed|p2a: Amoonguss\n|-damage|p2a: Amoonguss|42\/100\n|move|p1a: Arcanine|Extreme Speed|p2a: Amoonguss\n|-damage|p2a: Amoonguss|22\/100\n|move|p2b: Pelipper|Tailwind|p2b: Pelipper\n|-sidestart|p2: JVsaadi|move: Tailwind\n|\n|-weather|RainDance|[upkeep]\n|-heal|p2b: Pelipper|98\/100|[from] item: Leftovers\n|-heal|p2a: Amoonguss|28\/100|[from] item: Black Sludge\n|upkeep\n|turn|4\n|\n|t:|1683401093\n|move|p2a: Amoonguss|Protect|p2a: Amoonguss\n|-singleturn|p2a: Amoonguss|Protect\n|move|p1b: Dragonite|Extreme Speed|p2b: Pelipper\n|-damage|p2b: Pelipper|27\/100\n|move|p2b: Pelipper|Hurricane|p1b: Dragonite\n|-damage|p1b: Dragonite|59\/100\n|move|p1a: Arcanine|Flare Blitz|p2a: Amoonguss\n|-activate|p2a: Amoonguss|move: Protect\n|\n|-weather|RainDance|[upkeep]\n|-heal|p2b: Pelipper|33\/100|[from] item: Leftovers\n|-heal|p2a: Amoonguss|34\/100|[from] item: Black Sludge\n|upkeep\n|turn|5\n|inactive|JVsaadi has 30 seconds left.\n|inactive|JVsaadi has 20 seconds left.\n|inactive|JVsaadi has 15 seconds left.\n|\n|t:|1683401135\n|switch|p2a: Golduck|Golduck, L50, M|100\/100\n|move|p1b: Dragonite|Extreme Speed|p2a: Golduck\n|-damage|p2a: Golduck|14\/100\n|move|p1a: Arcanine|Extreme Speed|p2b: Pelipper\n|-damage|p2b: Pelipper|9\/100\n|move|p2b: Pelipper|Roost|p2b: Pelipper\n|-heal|p2b: Pelipper|59\/100\n|-singleturn|p2b: Pelipper|move: Roost\n|\n|-weather|RainDance|[upkeep]\n|-heal|p2b: Pelipper|65\/100|[from] item: Leftovers\n|upkeep\n|turn|6\n|-message|JVsaadi forfeited.\n|\n|win|scrubrocket\n|raw|scrubrocket's rating: 1075 → 1099<\/strong> (+24 for winning)\n|raw|JVsaadi's rating: 1014 → 1004<\/strong> (-10 for losing)\n|l|\u2606JVsaadi\n","uploadtime":1683401152,"views":7,"p1id":"scrubrocket","p2id":"jvsaadi","formatid":"gen9vgc2023regulationc","rating":1004,"private":0,"password":""}