{"id":"gen9vgc2023regulationc-1858636328","p1":"Minhhoaitrinh","p2":"fshgdz","format":"[Gen 9] VGC 2023 Regulation C","log":"|j|\u2606Minhhoaitrinh\n|j|\u203dfshgdz\n|t:|1683335451\n|gametype|doubles\n|player|p1|Minhhoaitrinh|1|1070\n|player|p2|fshgdz|101|1040\n|teamsize|p1|6\n|teamsize|p2|6\n|gen|9\n|tier|[Gen 9] VGC 2023 Regulation C\n|rated|\n|rule|Species Clause: Limit one of each Pok\u00e9mon\n|rule|Item Clause: Limit one of each item\n|clearpoke\n|poke|p1|Amoonguss, L50, M|\n|poke|p1|Ting-Lu, L50|\n|poke|p1|Farigiraf, L50, M|\n|poke|p1|Iron Hands, L50|\n|poke|p1|Kingambit, L50, F|\n|poke|p1|Arcanine, L50, F|\n|poke|p2|Talonflame, L50, F|\n|poke|p2|Farigiraf, L50, M|\n|poke|p2|Dragonite, L50, F|\n|poke|p2|Flutter Mane, L50|\n|poke|p2|Amoonguss, L50, F|\n|poke|p2|Palafin, L50, F|\n|teampreview|4\n|\n|t:|1683335486\n|start\n|switch|p1a: Ting-Lu|Ting-Lu, L50|100\/100\n|switch|p1b: Farigiraf|Farigiraf, L50, M|100\/100\n|switch|p2a: Farigiraf|Farigiraf, L50, M|100\/100\n|switch|p2b: Palafin|Palafin, L50, F|100\/100\n|-ability|p1a: Ting-Lu|Vessel of Ruin\n|turn|1\n|inactive|Battle timer is ON: inactive players will automatically lose when time's up. (requested by fshgdz)\n|inactive|fshgdz has 60 seconds left.\n|\n|t:|1683335521\n|detailschange|p2b: Palafin|Palafin-Hero, L50, F\n|switch|p2b: Amoonguss|Amoonguss, L50, F|100\/100\n|move|p2a: Farigiraf|Hyper Voice|p1a: Ting-Lu|[spread] p1a,p1b\n|-damage|p1a: Ting-Lu|86\/100\n|-damage|p1b: Farigiraf|73\/100\n|move|p1a: Ting-Lu|Fissure|p2b: Amoonguss|[miss]\n|-miss|p1a: Ting-Lu|p2b: Amoonguss\n|move|p1b: Farigiraf|Trick Room|p1b: Farigiraf\n|-fieldstart|move: Trick Room|[of] p1b: Farigiraf\n|\n|upkeep\n|turn|2\n|inactive|Minhhoaitrinh has 30 seconds left.\n|inactive|fshgdz has 30 seconds left.\n|inactive|Minhhoaitrinh has 20 seconds left.\n|inactive|Minhhoaitrinh has 15 seconds left.\n|inactive|Minhhoaitrinh has 10 seconds left.\n|\n|t:|1683335567\n|-terastallize|p1a: Ting-Lu|Grass\n|-terastallize|p2a: Farigiraf|Normal\n|move|p1b: Farigiraf|Protect|p1b: Farigiraf\n|-singleturn|p1b: Farigiraf|Protect\n|move|p2b: Amoonguss|Spore|p1b: Farigiraf\n|-activate|p1b: Farigiraf|move: Protect\n|move|p1a: Ting-Lu|Stomping Tantrum|p2b: Amoonguss\n|-damage|p2b: Amoonguss|53\/100\n|move|p2a: Farigiraf|Hyper Voice|p1a: Ting-Lu|[spread] p1a\n|-activate|p1b: Farigiraf|move: Protect\n|-damage|p1a: Ting-Lu|67\/100\n|\n|upkeep\n|turn|3\n|inactive|Minhhoaitrinh has 30 seconds left.\n|inactive|fshgdz has 30 seconds left.\n|inactive|fshgdz has 20 seconds left.\n|inactive|fshgdz has 15 seconds left.\n|\n|t:|1683335624\n|switch|p2b: Palafin|Palafin-Hero, L50, F|100\/100\n|-activate|p2b: Palafin|ability: Zero to Hero\n|move|p1a: Ting-Lu|Fissure|p2a: Farigiraf|[miss]\n|-miss|p1a: Ting-Lu|p2a: Farigiraf\n|move|p1b: Farigiraf|Hyper Voice|p2b: Palafin|[spread] p2a,p2b\n|-damage|p2a: Farigiraf|79\/100\n|-damage|p2b: Palafin|83\/100\n|move|p2a: Farigiraf|Hyper Voice|p1a: Ting-Lu|[spread] p1a,p1b\n|-damage|p1a: Ting-Lu|49\/100\n|-damage|p1b: Farigiraf|37\/100\n|\n|upkeep\n|turn|4\n|\n|t:|1683335646\n|switch|p2b: Amoonguss|Amoonguss, L50, F|86\/100\n|move|p1a: Ting-Lu|Fissure|p2b: Amoonguss\n|-damage|p2b: Amoonguss|0 fnt\n|faint|p2b: Amoonguss\n|-ohko\n|move|p1b: Farigiraf|Thunder Wave|p2a: Farigiraf\n|-status|p2a: Farigiraf|par\n|move|p2a: Farigiraf|Hyper Voice|p1a: Ting-Lu|[spread] p1a,p1b\n|-damage|p1a: Ting-Lu|28\/100\n|-damage|p1b: Farigiraf|2\/100\n|\n|upkeep\n|\n|t:|1683335667\n|switch|p2b: Palafin|Palafin-Hero, L50, F|83\/100\n|turn|5\n|\n|t:|1683335676\n|move|p1b: Farigiraf|Protect|p1b: Farigiraf\n|-singleturn|p1b: Farigiraf|Protect\n|move|p2b: Palafin|Protect|p2b: Palafin\n|-singleturn|p2b: Palafin|Protect\n|move|p2a: Farigiraf|Hyper Voice|p1a: Ting-Lu|[spread] p1a\n|-activate|p1b: Farigiraf|move: Protect\n|-damage|p1a: Ting-Lu|10\/100\n|move|p1a: Ting-Lu|Fissure|p2b: Palafin\n|-activate|p2b: Palafin|move: Protect\n|\n|-fieldend|move: Trick Room\n|upkeep\n|turn|6\n|inactive|Minhhoaitrinh has 30 seconds left.\n|\n|t:|1683335710\n|switch|p2b: Flutter Mane|Flutter Mane, L50|100\/100\n|-enditem|p2b: Flutter Mane|Booster Energy\n|-activate|p2b: Flutter Mane|ability: Protosynthesis|[fromitem]\n|-start|p2b: Flutter Mane|protosynthesisspa\n|switch|p1a: Kingambit|Kingambit, L50, F|100\/100\n|-item|p1a: Kingambit|Air Balloon\n|move|p2a: Farigiraf|Hyper Voice|p1a: Kingambit|[spread] p1a,p1b\n|-resisted|p1a: Kingambit\n|-damage|p1a: Kingambit|69\/100\n|-damage|p1b: Farigiraf|0 fnt\n|-enditem|p1a: Kingambit|Air Balloon\n|faint|p1b: Farigiraf\n|\n|upkeep\n|\n|t:|1683335730\n|switch|p1b: Arcanine|Arcanine, L50, F|100\/100\n|-ability|p1b: Arcanine|Intimidate|boost\n|-unboost|p2a: Farigiraf|atk|1\n|-unboost|p2b: Flutter Mane|atk|1\n|turn|7\n|\n|t:|1683335751\n|move|p2b: Flutter Mane|Protect|p2b: Flutter Mane\n|-singleturn|p2b: Flutter Mane|Protect\n|move|p1b: Arcanine|Flare Blitz|p2a: Farigiraf\n|-damage|p2a: Farigiraf|5\/100 par\n|-damage|p1b: Arcanine|76\/100|[from] Recoil\n|move|p1a: Kingambit|Iron Head|p2b: Flutter Mane\n|-activate|p2b: Flutter Mane|move: Protect\n|cant|p2a: Farigiraf|par\n|\n|upkeep\n|turn|8\n|\n|t:|1683335776\n|switch|p2a: Palafin|Palafin-Hero, L50, F|83\/100\n|move|p1b: Arcanine|Extreme Speed|p2a: Palafin\n|-damage|p2a: Palafin|60\/100\n|move|p2b: Flutter Mane|Moonblast|p1a: Kingambit\n|-damage|p1a: Kingambit|12\/100\n|-unboost|p1a: Kingambit|spa|1\n|-ability|p1a: Kingambit|Defiant|boost\n|-boost|p1a: Kingambit|atk|2\n|move|p1a: Kingambit|Iron Head|p2b: Flutter Mane\n|-supereffective|p2b: Flutter Mane\n|-damage|p2b: Flutter Mane|0 fnt\n|faint|p2b: Flutter Mane\n|-end|p2b: Flutter Mane|Protosynthesis|[silent]\n|\n|upkeep\n|\n|t:|1683335784\n|switch|p2b: Farigiraf|Farigiraf, L50, M, tera:Normal|5\/100 par\n|turn|9\n|inactive|Minhhoaitrinh has 30 seconds left.\n|\n|t:|1683335812\n|move|p2a: Palafin|Jet Punch|p1a: Kingambit\n|-damage|p1a: Kingambit|0 fnt\n|faint|p1a: Kingambit\n|move|p1b: Arcanine|Will-O-Wisp|p2a: Palafin\n|-status|p2a: Palafin|brn\n|move|p2b: Farigiraf|Hyper Voice|p1b: Arcanine\n|-damage|p1b: Arcanine|0 fnt\n|faint|p1b: Arcanine\n|\n|-damage|p2a: Palafin|54\/100 brn|[from] brn\n|upkeep\n|\n|t:|1683335831\n|switch|p1b: Ting-Lu|Ting-Lu, L50, tera:Grass|10\/100\n|-ability|p1b: Ting-Lu|Vessel of Ruin\n|turn|10\n|\n|t:|1683335837\n|move|p2a: Palafin|Wave Crash|p1b: Ting-Lu\n|-resisted|p1b: Ting-Lu\n|-damage|p1b: Ting-Lu|0 fnt\n|faint|p1b: Ting-Lu\n|-damage|p2a: Palafin|50\/100 brn|[from] Recoil\n|\n|win|fshgdz\n|raw|Minhhoaitrinh's rating: 1070 → 1048<\/strong> (-22 for losing)\n|raw|fshgdz's rating: 1040 → 1077<\/strong> (+37 for winning)\n|c|\u2606Minhhoaitrinh|Gg\n","uploadtime":1683335843,"views":12,"p1id":"minhhoaitrinh","p2id":"fshgdz","formatid":"gen9vgc2023regulationc","rating":1048,"private":0,"password":""}