{"id":"gen9vgc2023regulationc-1857441596","p1":"GooeyGoodraa","p2":"TrainerRYSA","format":"[Gen 9] VGC 2023 Regulation C","log":"|j|\u2606GooeyGoodraa\n|j|\u2606TrainerRYSA\n|t:|1683193743\n|gametype|doubles\n|player|p1|GooeyGoodraa|rood|1134\n|player|p2|TrainerRYSA|169|1203\n|teamsize|p1|6\n|teamsize|p2|6\n|gen|9\n|tier|[Gen 9] VGC 2023 Regulation C\n|rated|\n|rule|Species Clause: Limit one of each Pok\u00e9mon\n|rule|Item Clause: Limit one of each item\n|clearpoke\n|poke|p1|Toxtricity, L50, F|\n|poke|p1|Ampharos, L50, F|\n|poke|p1|Vivillon-Fancy, L50, F|\n|poke|p1|Corviknight, L50, M|\n|poke|p1|Ceruledge, L50, F|\n|poke|p1|Ting-Lu, L50|\n|poke|p2|Flutter Mane, L50|\n|poke|p2|Iron Hands, L50|\n|poke|p2|Dragonite, L50, M|\n|poke|p2|Umbreon, L50, M|\n|poke|p2|Gyarados, L50, F|\n|poke|p2|Chi-Yu, L50|\n|teampreview|4\nTrainerRYSA has agreed to open team sheets.\n|inactive|Battle timer is ON: inactive players will automatically lose when time's up. (requested by TrainerRYSA)\n|\n|t:|1683193795\n|start\n|switch|p1a: Ampharos|Ampharos, L50, F|100\/100\n|switch|p1b: Toxtricity|Toxtricity, L50, F|100\/100\n|switch|p2a: Sasuke|Umbreon, L50, M, shiny|100\/100\n|switch|p2b: Chi-Yu|Chi-Yu, L50|100\/100\n|-ability|p2b: Chi-Yu|Beads of Ruin\n|turn|1\n|inactive|GooeyGoodraa has 30 seconds left.\n|inactive|TrainerRYSA has 30 seconds left.\n|\n|t:|1683193821\n|move|p2b: Chi-Yu|Dark Pulse|p1a: Ampharos\n|-damage|p1a: Ampharos|53\/100\n|move|p1b: Toxtricity|Volt Switch|p2b: Chi-Yu\n|-damage|p2b: Chi-Yu|43\/100\n|\n|t:|1683193828\n|switch|p1b: Ceruledge|Ceruledge, L50, F|100\/100|[from] Volt Switch\n|move|p2a: Sasuke|Light Screen|p2a: Sasuke\n|-sidestart|p2: TrainerRYSA|move: Light Screen\n|move|p1a: Ampharos|Magnetic Flux|p1a: Ampharos\n|-boost|p1a: Ampharos|def|1\n|-boost|p1a: Ampharos|spd|1\n|-enditem|p2a: Sasuke|Mirror Herb\n|-boost|p2a: Sasuke|def|1|[from] item: Mirror Herb\n|-boost|p2a: Sasuke|spd|1|[from] item: Mirror Herb\n|\n|upkeep\n|turn|2\n|\n|t:|1683193849\n|switch|p2b: Dragonite|Dragonite, L50, M, shiny|100\/100\n|move|p1b: Ceruledge|Protect|p1b: Ceruledge\n|-singleturn|p1b: Ceruledge|Protect\n|move|p2a: Sasuke|Foul Play|p1b: Ceruledge\n|-activate|p1b: Ceruledge|move: Protect\n|move|p1a: Ampharos|Thunderbolt|p2b: Dragonite\n|-damage|p2b: Dragonite|90\/100\n|\n|upkeep\n|turn|3\n|\n|t:|1683193871\n|-terastallize|p2b: Dragonite|Normal\n|move|p2b: Dragonite|Rock Slide|p1a: Ampharos|[spread] p1a,p1b\n|-supereffective|p1b: Ceruledge\n|-damage|p1a: Ampharos|36\/100\n|-damage|p1b: Ceruledge|20\/100\n|-enditem|p1a: Ampharos|Sitrus Berry|[eat]\n|-heal|p1a: Ampharos|60\/100|[from] item: Sitrus Berry\n|move|p1b: Ceruledge|Bulk Up|p1b: Ceruledge\n|-boost|p1b: Ceruledge|atk|1\n|-boost|p1b: Ceruledge|def|1\n|move|p2a: Sasuke|Foul Play|p1b: Ceruledge\n|-supereffective|p1b: Ceruledge\n|-damage|p1b: Ceruledge|0 fnt\n|faint|p1b: Ceruledge\n|move|p1a: Ampharos|Cotton Guard|p1a: Ampharos\n|-boost|p1a: Ampharos|def|3\n|\n|upkeep\n|\n|t:|1683193892\n|switch|p1b: Toxtricity|Toxtricity, L50, F|100\/100\n|turn|4\n|\n|t:|1683193912\n|move|p1b: Toxtricity|Overdrive|p2b: Dragonite|[spread] p2a,p2b\n|-damage|p2a: Sasuke|87\/100\n|-damage|p2b: Dragonite|65\/100\n|move|p2b: Dragonite|Rock Slide|p1b: Toxtricity|[spread] p1b\n|-miss|p2b: Dragonite|p1a: Ampharos\n|-damage|p1b: Toxtricity|48\/100\n|move|p2a: Sasuke|Foul Play|p1a: Ampharos\n|-damage|p1a: Ampharos|54\/100\n|move|p1a: Ampharos|Magnetic Flux|p1a: Ampharos\n|-boost|p1a: Ampharos|def|1\n|-boost|p1a: Ampharos|spd|1\n|-boost|p1b: Toxtricity|def|1\n|-boost|p1b: Toxtricity|spd|1\n|\n|upkeep\n|turn|5\n|inactive|TrainerRYSA has 30 seconds left.\n|\n|t:|1683193940\n|move|p1b: Toxtricity|Overdrive|p2a: Sasuke|[spread] p2a,p2b\n|-damage|p2a: Sasuke|73\/100\n|-damage|p2b: Dragonite|39\/100\n|move|p2b: Dragonite|Rock Slide|p1b: Toxtricity|[spread] p1a,p1b\n|-damage|p1a: Ampharos|46\/100\n|-damage|p1b: Toxtricity|16\/100\n|move|p2a: Sasuke|Foul Play|p1b: Toxtricity\n|-damage|p1b: Toxtricity|0 fnt\n|faint|p1b: Toxtricity\n|move|p1a: Ampharos|Magnetic Flux|p1a: Ampharos\n|-boost|p1a: Ampharos|def|1\n|-boost|p1a: Ampharos|spd|1\n|\n|-sideend|p2: TrainerRYSA|move: Light Screen\n|upkeep\n|\n|t:|1683193954\n|switch|p1b: Corviknight|Corviknight, L50, M|100\/100\n|turn|6\n|\n|t:|1683193964\n|move|p2b: Dragonite|Rock Slide|p1a: Ampharos|[spread] p1a,p1b\n|-damage|p1a: Ampharos|39\/100\n|-damage|p1b: Corviknight|74\/100\n|move|p2a: Sasuke|Light Screen|p2a: Sasuke\n|-sidestart|p2: TrainerRYSA|move: Light Screen\n|cant|p1b: Corviknight|flinch\n|cant|p1a: Ampharos|flinch\n|\n|-heal|p1b: Corviknight|80\/100|[from] item: Leftovers\n|upkeep\n|turn|7\n|\n|t:|1683193978\n|switch|p2a: Chi-Yu|Chi-Yu, L50|43\/100\n|-ability|p2a: Chi-Yu|Beads of Ruin\n|move|p2b: Dragonite|Rock Slide|p1a: Ampharos|[spread] p1a,p1b\n|-damage|p1a: Ampharos|31\/100\n|-damage|p1b: Corviknight|54\/100\n|move|p1b: Corviknight|Iron Defense|p1b: Corviknight\n|-boost|p1b: Corviknight|def|2\n|move|p1a: Ampharos|Thunderbolt|p2b: Dragonite\n|-damage|p2b: Dragonite|12\/100\n|\n|-heal|p1b: Corviknight|60\/100|[from] item: Leftovers\n|upkeep\n|turn|8\n|inactive|GooeyGoodraa has 30 seconds left.\n|inactive|GooeyGoodraa has 20 seconds left.\n|inactive|GooeyGoodraa has 15 seconds left.\n|\n|t:|1683194018\n|-terastallize|p1b: Corviknight|Ghost\n|move|p2a: Chi-Yu|Heat Wave|p1b: Corviknight|[spread] p1a,p1b\n|-damage|p1a: Ampharos|16\/100\n|-damage|p1b: Corviknight|26\/100\n|move|p2b: Dragonite|Rock Slide|p1a: Ampharos|[spread] p1a,p1b\n|-damage|p1a: Ampharos|9\/100\n|-damage|p1b: Corviknight|13\/100\n|cant|p1b: Corviknight|flinch\n|move|p1a: Ampharos|Thunderbolt|p2b: Dragonite\n|-damage|p2b: Dragonite|0 fnt\n|faint|p2b: Dragonite\n|\n|-heal|p1b: Corviknight|19\/100|[from] item: Leftovers\n|upkeep\n|\n|t:|1683194033\n|switch|p2b: Iron Hands|Iron Hands, L50|100\/100\n|turn|9\n|\n|t:|1683194044\n|move|p2b: Iron Hands|Fake Out|p1a: Ampharos\n|-damage|p1a: Ampharos|5\/100\n|move|p2a: Chi-Yu|Heat Wave|p1b: Corviknight|[spread] p1a,p1b\n|-damage|p1a: Ampharos|0 fnt\n|-damage|p1b: Corviknight|0 fnt\n|faint|p1a: Ampharos\n|faint|p1b: Corviknight\n|\n|win|TrainerRYSA\n|raw|GooeyGoodraa's rating: 1134 → 1114<\/strong> (-20 for losing)\n|raw|TrainerRYSA's rating: 1203 → 1223<\/strong> (+20 for winning)\n|c|\u2606TrainerRYSA|gg\n","uploadtime":1683194055,"views":12,"p1id":"gooeygoodraa","p2id":"trainerrysa","formatid":"gen9vgc2023regulationc","rating":1114,"private":0,"password":""}