{"id":"gen9vgc2023regulationc-1846943564","p1":"kiringi","p2":"Eretarus","format":"[Gen 9] VGC 2023 Regulation C","log":"|j|\u2606kiringi\n|j|\u2606Eretarus\n|t:|1681904286\n|gametype|doubles\n|player|p1|kiringi|265|1258\n|player|p2|Eretarus|101|1361\n|teamsize|p1|6\n|teamsize|p2|6\n|gen|9\n|tier|[Gen 9] VGC 2023 Regulation C\n|rated|\n|rule|Species Clause: Limit one of each Pok\u00e9mon\n|rule|Item Clause: Limit one of each item\n|clearpoke\n|poke|p1|Flutter Mane, L50|\n|poke|p1|Chien-Pao, L50|\n|poke|p1|Amoonguss, L50, F|\n|poke|p1|Dragonite, L50, M|\n|poke|p1|Azumarill, L50, F|\n|poke|p1|Ceruledge, L50, M|\n|poke|p2|Baxcalibur, L50, M|\n|poke|p2|Ting-Lu, L50|\n|poke|p2|Dondozo, L50, M|\n|poke|p2|Flutter Mane, L50|\n|poke|p2|Glimmora, L50, M|\n|poke|p2|Tatsugiri, L50, M|\n|teampreview|4\n|inactive|Battle timer is ON: inactive players will automatically lose when time's up. (requested by Eretarus)\n|inactive|Eretarus has 60 seconds left.\n|\n|t:|1681904340\n|start\n|switch|p1a: Flutter Mane|Flutter Mane, L50|100\/100\n|switch|p1b: Chien-Pao|Chien-Pao, L50|100\/100\n|switch|p2a: Glimmora|Glimmora, L50, M|100\/100\n|switch|p2b: Dondozo|Dondozo, L50, M|100\/100\n|-ability|p1b: Chien-Pao|Sword of Ruin\n|-item|p2a: Glimmora|Air Balloon\n|-enditem|p1a: Flutter Mane|Booster Energy\n|-activate|p1a: Flutter Mane|ability: Protosynthesis|[fromitem]\n|-start|p1a: Flutter Mane|protosynthesisspe\n|turn|1\n|\n|t:|1681904363\n|move|p2a: Glimmora|Spiky Shield|p2a: Glimmora\n|-singleturn|p2a: Glimmora|move: Protect\n|move|p1a: Flutter Mane|Substitute|p1a: Flutter Mane\n|-start|p1a: Flutter Mane|Substitute\n|-damage|p1a: Flutter Mane|76\/100\n|move|p1b: Chien-Pao|Sacred Sword|p2b: Dondozo\n|-damage|p2b: Dondozo|71\/100\n|-damage|p1b: Chien-Pao|91\/100|[from] item: Life Orb\n|move|p2b: Dondozo|Yawn||[still]\n|-fail|p2b: Dondozo\n|\n|-heal|p2b: Dondozo|77\/100|[from] item: Leftovers\n|upkeep\n|turn|2\n|inactive|Eretarus has 30 seconds left.\n|\n|t:|1681904388\n|move|p1a: Flutter Mane|Icy Wind|p2b: Dondozo|[spread] p2a,p2b\n|-resisted|p2b: Dondozo\n|-damage|p2a: Glimmora|86\/100\n|-damage|p2b: Dondozo|72\/100\n|-unboost|p2a: Glimmora|spe|1\n|-unboost|p2b: Dondozo|spe|1\n|-enditem|p2a: Glimmora|Air Balloon\n|move|p1b: Chien-Pao|Ice Spinner|p2a: Glimmora\n|-damage|p2a: Glimmora|3\/100\n|-activate|p2a: Glimmora|ability: Toxic Debris\n|-sidestart|p1: kiringi|move: Toxic Spikes\n|-damage|p1b: Chien-Pao|81\/100|[from] item: Life Orb\n|move|p2a: Glimmora|Power Gem|p1a: Flutter Mane\n|-end|p1a: Flutter Mane|Substitute\n|move|p2b: Dondozo|Heavy Slam|p1a: Flutter Mane\n|-supereffective|p1a: Flutter Mane\n|-damage|p1a: Flutter Mane|0 fnt\n|faint|p1a: Flutter Mane\n|-end|p1a: Flutter Mane|Protosynthesis|[silent]\n|\n|-heal|p2b: Dondozo|79\/100|[from] item: Leftovers\n|upkeep\n|\n|t:|1681904407\n|switch|p1a: Amoonguss|Amoonguss, L50, F|100\/100\n|-sideend|p1: kiringi|move: Toxic Spikes|[of] p1a: Amoonguss\n|turn|3\n|inactive|Eretarus has 30 seconds left.\n|inactive|Eretarus has 20 seconds left.\n|\n|t:|1681904444\n|move|p1b: Chien-Pao|Protect|p1b: Chien-Pao\n|-singleturn|p1b: Chien-Pao|Protect\n|move|p2a: Glimmora|Spiky Shield|p2a: Glimmora\n|-singleturn|p2a: Glimmora|move: Protect\n|move|p1a: Amoonguss|Spore|p2b: Dondozo\n|-status|p2b: Dondozo|slp|[from] move: Spore\n|cant|p2b: Dondozo|slp\n|\n|-heal|p2b: Dondozo|85\/100 slp|[from] item: Leftovers\n|upkeep\n|turn|4\n|\n|t:|1681904467\n|move|p2a: Glimmora|Spiky Shield||[still]\n|-fail|p2a: Glimmora\n|move|p1b: Chien-Pao|Ice Spinner|p2a: Glimmora\n|-damage|p2a: Glimmora|0 fnt\n|-activate|p2a: Glimmora|ability: Toxic Debris\n|-sidestart|p1: kiringi|move: Toxic Spikes\n|faint|p2a: Glimmora\n|-damage|p1b: Chien-Pao|71\/100|[from] item: Life Orb\n|move|p1a: Amoonguss|Clear Smog|p2b: Dondozo\n|-damage|p2b: Dondozo|74\/100 slp\n|-clearboost|p2b: Dondozo\n|-curestatus|p2b: Dondozo|slp|[msg]\n|move|p2b: Dondozo|Yawn|p1a: Amoonguss\n|-start|p1a: Amoonguss|move: Yawn|[of] p2b: Dondozo\n|\n|-heal|p2b: Dondozo|80\/100|[from] item: Leftovers\n|upkeep\n|\n|t:|1681904484\n|switch|p2a: Baxcalibur|Baxcalibur, L50, M|100\/100\n|turn|5\n|\n|t:|1681904502\n|-terastallize|p2a: Baxcalibur|Poison\n|-terastallize|p1a: Amoonguss|Water\n|move|p1b: Chien-Pao|Protect|p1b: Chien-Pao\n|-singleturn|p1b: Chien-Pao|Protect\n|move|p2a: Baxcalibur|Glaive Rush|p1b: Chien-Pao\n|-activate|p1b: Chien-Pao|move: Protect\n|move|p2b: Dondozo|Yawn||[still]\n|-fail|p2b: Dondozo\n|move|p1a: Amoonguss|Spore|p2a: Baxcalibur\n|-status|p2a: Baxcalibur|slp|[from] move: Spore\n|\n|-heal|p2b: Dondozo|86\/100|[from] item: Leftovers\n|-end|p1a: Amoonguss|move: Yawn|[silent]\n|-status|p1a: Amoonguss|slp\n|upkeep\n|turn|6\n|inactive|kiringi has 30 seconds left.\n|\n|t:|1681904528\n|move|p1b: Chien-Pao|Sucker Punch|p2b: Dondozo\n|-damage|p2b: Dondozo|53\/100\n|-damage|p1b: Chien-Pao|62\/100|[from] item: Life Orb\n|cant|p2a: Baxcalibur|slp\n|move|p2b: Dondozo|Heavy Slam|p1b: Chien-Pao\n|-supereffective|p1b: Chien-Pao\n|-damage|p1b: Chien-Pao|37\/100\n|cant|p1a: Amoonguss|slp\n|\n|-heal|p2b: Dondozo|59\/100|[from] item: Leftovers\n|upkeep\n|turn|7\n|\n|t:|1681904548\n|move|p1b: Chien-Pao|Ice Spinner|p2a: Baxcalibur\n|-damage|p2a: Baxcalibur|46\/100 slp\n|-damage|p1b: Chien-Pao|28\/100|[from] item: Life Orb\n|cant|p2a: Baxcalibur|slp\n|move|p2b: Dondozo|Liquidation|p1b: Chien-Pao\n|-damage|p1b: Chien-Pao|0 fnt\n|faint|p1b: Chien-Pao\n|-curestatus|p1a: Amoonguss|slp|[msg]\n|move|p1a: Amoonguss|Pollen Puff|p1: Chien-Pao|[notarget]\n|-fail|p1a: Amoonguss\n|\n|-heal|p2b: Dondozo|65\/100|[from] item: Leftovers\n|upkeep\n|\n|t:|1681904560\n|switch|p1b: Azumarill|Azumarill, L50, F|100\/100\n|-status|p1b: Azumarill|psn\n|turn|8\n|\n|t:|1681904578\n|move|p2b: Dondozo|Protect|p2b: Dondozo\n|-singleturn|p2b: Dondozo|Protect\n|-curestatus|p2a: Baxcalibur|slp|[msg]\n|move|p2a: Baxcalibur|Glaive Rush|p1a: Amoonguss\n|-damage|p1a: Amoonguss|51\/100\n|-singlemove|p2a: Baxcalibur|Glaive Rush|[silent]\n|-damage|p2a: Baxcalibur|29\/100|[from] item: Rocky Helmet|[of] p1a: Amoonguss\n|move|p1b: Azumarill|Liquidation|p2a: Baxcalibur\n|-damage|p2a: Baxcalibur|0 fnt\n|faint|p2a: Baxcalibur\n|move|p1a: Amoonguss|Spore|p2b: Dondozo\n|-activate|p2b: Dondozo|move: Protect\n|\n|-heal|p2b: Dondozo|72\/100|[from] item: Leftovers\n|-damage|p1b: Azumarill|88\/100 psn|[from] psn\n|upkeep\n|\n|t:|1681904587\n|switch|p2a: Tatsugiri|Tatsugiri, L50, M|100\/100\n|turn|9\n|\n|t:|1681904606\n|move|p2a: Tatsugiri|Taunt|p1a: Amoonguss\n|-start|p1a: Amoonguss|move: Taunt\n|move|p1b: Azumarill|Play Rough|p2a: Tatsugiri\n|-supereffective|p2a: Tatsugiri\n|-damage|p2a: Tatsugiri|0 fnt\n|faint|p2a: Tatsugiri\n|move|p2b: Dondozo|Liquidation|p1a: Amoonguss\n|-resisted|p1a: Amoonguss\n|-damage|p1a: Amoonguss|40\/100\n|-unboost|p1a: Amoonguss|def|1\n|-damage|p2b: Dondozo|55\/100|[from] item: Rocky Helmet|[of] p1a: Amoonguss\n|cant|p1a: Amoonguss|move: Taunt|Spore\n|\n|-heal|p2b: Dondozo|62\/100|[from] item: Leftovers\n|-damage|p1b: Azumarill|76\/100 psn|[from] psn\n|upkeep\n|turn|10\n|\n|t:|1681904623\n|move|p1b: Azumarill|Play Rough|p2b: Dondozo\n|-damage|p2b: Dondozo|31\/100\n|move|p2b: Dondozo|Yawn|p1a: Amoonguss\n|-start|p1a: Amoonguss|move: Yawn|[of] p2b: Dondozo\n|move|p1a: Amoonguss|Pollen Puff|p2b: Dondozo\n|-damage|p2b: Dondozo|17\/100\n|\n|-heal|p2b: Dondozo|23\/100|[from] item: Leftovers\n|-damage|p1b: Azumarill|64\/100 psn|[from] psn\n|upkeep\n|turn|11\n|\n|t:|1681904645\n|move|p2b: Dondozo|Protect|p2b: Dondozo\n|-singleturn|p2b: Dondozo|Protect\n|move|p1b: Azumarill|Play Rough|p2b: Dondozo\n|-activate|p2b: Dondozo|move: Protect\n|move|p1a: Amoonguss|Pollen Puff|p1b: Azumarill\n|-heal|p1b: Azumarill|100\/100 psn\n|\n|-heal|p2b: Dondozo|29\/100|[from] item: Leftovers\n|-damage|p1b: Azumarill|88\/100 psn|[from] psn\n|-end|p1a: Amoonguss|move: Taunt\n|-end|p1a: Amoonguss|move: Yawn|[silent]\n|-status|p1a: Amoonguss|slp\n|upkeep\n|turn|12\n|\n|t:|1681904659\n|move|p1b: Azumarill|Play Rough|p2b: Dondozo|[miss]\n|-miss|p1b: Azumarill|p2b: Dondozo\n|move|p2b: Dondozo|Heavy Slam|p1b: Azumarill\n|-damage|p1b: Azumarill|57\/100 psn\n|cant|p1a: Amoonguss|slp\n|\n|-heal|p2b: Dondozo|36\/100|[from] item: Leftovers\n|-damage|p1b: Azumarill|45\/100 psn|[from] psn\n|upkeep\n|turn|13\n|\n|t:|1681904672\n|move|p1b: Azumarill|Play Rough|p2b: Dondozo\n|-damage|p2b: Dondozo|3\/100\n|move|p2b: Dondozo|Heavy Slam|p1b: Azumarill\n|-damage|p1b: Azumarill|15\/100 psn\n|-curestatus|p1a: Amoonguss|slp|[msg]\n|move|p1a: Amoonguss|Spore|p2b: Dondozo\n|-status|p2b: Dondozo|slp|[from] move: Spore\n|\n|-heal|p2b: Dondozo|9\/100 slp|[from] item: Leftovers\n|-damage|p1b: Azumarill|3\/100 psn|[from] psn\n|upkeep\n|turn|14\n|-message|Eretarus forfeited.\n|\n|win|kiringi\n|raw|kiringi's rating: 1258 → 1290<\/strong> (+32 for winning)\n|raw|Eretarus's rating: 1361 → 1335<\/strong> (-26 for losing)\n|l|\u2606Eretarus\n","uploadtime":1681904686,"views":13,"p1id":"kiringi","p2id":"eretarus","formatid":"gen9vgc2023regulationc","rating":1290,"private":0,"password":""}