{"id":"gen9vgc2023regulationc-1854436896","p1":"ChrisTheTree256","p2":"GhaziTest","format":"[Gen 9] VGC 2023 Regulation C","log":"|j|\u2606ChrisTheTree256\n|j|\u2606GhaziTest\n|t:|1682810764\n|gametype|doubles\n|player|p1|ChrisTheTree256|ingo|1058\n|player|p2|GhaziTest|lucas|1099\n|teamsize|p1|6\n|teamsize|p2|6\n|gen|9\n|tier|[Gen 9] VGC 2023 Regulation C\n|rated|\n|rule|Species Clause: Limit one of each Pok\u00e9mon\n|rule|Item Clause: Limit one of each item\n|clearpoke\n|poke|p1|Armarouge, L50, M|\n|poke|p1|Torkoal, L50, M|\n|poke|p1|Amoonguss, L50, F|\n|poke|p1|Indeedee-F, L50, F|\n|poke|p1|Annihilape, L50, F|\n|poke|p1|Great Tusk, L50|\n|poke|p2|Kingambit, L50, M|\n|poke|p2|Flutter Mane, L50|\n|poke|p2|Great Tusk, L50|\n|poke|p2|Iron Hands, L50|\n|poke|p2|Amoonguss, L50, F|\n|poke|p2|Volcarona, L50, M|\n|teampreview|4\n|inactive|Battle timer is ON: inactive players will automatically lose when time's up. (requested by GhaziTest)\nGhaziTest rejected open team sheets.\n|\n|t:|1682810792\n|start\n|switch|p1a: Armarouge|Armarouge, L50, M|100\/100\n|switch|p1b: Indeedee|Indeedee-F, L50, F|100\/100\n|switch|p2a: Great Tusk|Great Tusk, L50, shiny|100\/100\n|switch|p2b: Kingambit|Kingambit, L50, M, shiny|100\/100\n|-fieldstart|move: Psychic Terrain|[from] ability: Psychic Surge|[of] p1b: Indeedee\n|turn|1\n|\n|t:|1682810810\n|-terastallize|p2b: Kingambit|Flying\n|move|p2a: Great Tusk|Earthquake|p1a: Armarouge|[spread] p1a,p1b\n|-immune|p2b: Kingambit\n|-supereffective|p1a: Armarouge\n|-damage|p1a: Armarouge|24\/100\n|-damage|p1b: Indeedee|32\/100\n|move|p1b: Indeedee|Dazzling Gleam|p2b: Kingambit|[spread] p2a,p2b\n|-supereffective|p2a: Great Tusk\n|-damage|p2a: Great Tusk|56\/100\n|-damage|p2b: Kingambit|91\/100\n|move|p1a: Armarouge|Armor Cannon|p2b: Kingambit\n|-damage|p2b: Kingambit|49\/100\n|-unboost|p1a: Armarouge|def|1\n|-unboost|p1a: Armarouge|spd|1\n|move|p2b: Kingambit|Kowtow Cleave|p1a: Armarouge\n|-supereffective|p1a: Armarouge\n|-damage|p1a: Armarouge|0 fnt\n|faint|p1a: Armarouge\n|\n|upkeep\n|\n|t:|1682810829\n|switch|p1a: Annihilape|Annihilape, L50, F|100\/100\n|turn|2\n|\n|t:|1682810838\n|-terastallize|p1a: Annihilape|Ghost\n|move|p2b: Kingambit|Sucker Punch|p1a: Annihilape\n|-activate|p1a: Annihilape|move: Psychic Terrain\n|move|p2a: Great Tusk|Earthquake|p1a: Annihilape|[spread] p1a,p1b\n|-immune|p2b: Kingambit\n|-damage|p1a: Annihilape|49\/100\n|-damage|p1b: Indeedee|0 fnt\n|faint|p1b: Indeedee\n|move|p1a: Annihilape|Ice Punch|p2b: Kingambit\n|-supereffective|p2b: Kingambit\n|-damage|p2b: Kingambit|9\/100\n|-status|p2b: Kingambit|frz\n|\n|upkeep\n|\n|t:|1682810850\n|switch|p1b: Amoonguss|Amoonguss, L50, F|100\/100\n|turn|3\n|\n|t:|1682810869\n|move|p2a: Great Tusk|Earthquake|p1b: Amoonguss|[spread] p1a,p1b\n|-immune|p2b: Kingambit\n|-damage|p1a: Annihilape|0 fnt\n|-damage|p1b: Amoonguss|51\/100\n|faint|p1a: Annihilape\n|cant|p2b: Kingambit|frz\n|move|p1b: Amoonguss|Spore|p2a: Great Tusk\n|-status|p2a: Great Tusk|slp|[from] move: Spore\n|\n|-heal|p1b: Amoonguss|57\/100|[from] item: Leftovers\n|upkeep\n|turn|4\n|\n|t:|1682810884\n|cant|p2a: Great Tusk|slp\n|cant|p2b: Kingambit|frz\n|move|p1b: Amoonguss|Giga Drain|p2b: Kingambit\n|-resisted|p2b: Kingambit\n|-damage|p2b: Kingambit|2\/100 frz\n|-heal|p1b: Amoonguss|61\/100|[from] drain|[of] p2b: Kingambit\n|\n|-heal|p1b: Amoonguss|67\/100|[from] item: Leftovers\n|upkeep\n|turn|5\n|\n|t:|1682810896\n|cant|p2a: Great Tusk|slp\n|cant|p2b: Kingambit|frz\n|move|p1b: Amoonguss|Giga Drain|p2b: Kingambit\n|-resisted|p2b: Kingambit\n|-damage|p2b: Kingambit|0 fnt\n|-heal|p1b: Amoonguss|67\/100|[from] drain|[of] p2b: Kingambit\n|faint|p2b: Kingambit\n|\n|-heal|p1b: Amoonguss|73\/100|[from] item: Leftovers\n|-fieldend|move: Psychic Terrain\n|upkeep\n|\n|t:|1682810910\n|switch|p2b: Flutter Mane|Flutter Mane, L50, shiny|100\/100\n|turn|6\n|\n|t:|1682810914\n|cant|p2a: Great Tusk|slp\n|move|p2b: Flutter Mane|Shadow Ball|p1b: Amoonguss\n|-damage|p1b: Amoonguss|36\/100\n|-unboost|p1b: Amoonguss|spd|1\n|move|p1b: Amoonguss|Spore|p2b: Flutter Mane\n|-status|p2b: Flutter Mane|slp|[from] move: Spore\n|\n|-heal|p1b: Amoonguss|42\/100|[from] item: Leftovers\n|upkeep\n|turn|7\n|\n|t:|1682810925\n|-curestatus|p2a: Great Tusk|slp|[msg]\n|move|p2a: Great Tusk|Earthquake|p1b: Amoonguss|[spread] p2b,p1b\n|-damage|p2b: Flutter Mane|30\/100 slp\n|-damage|p1b: Amoonguss|0 fnt\n|faint|p1b: Amoonguss\n|\n|win|GhaziTest\n|raw|ChrisTheTree256's rating: 1058 → 1041<\/strong> (-17 for losing)\n|raw|GhaziTest's rating: 1099 → 1121<\/strong> (+22 for winning)\n|l|\u2606ChrisTheTree256\n","uploadtime":1682810934,"views":18,"p1id":"christhetree256","p2id":"ghazitest","formatid":"gen9vgc2023regulationc","rating":1041,"private":0,"password":""}