{"id":"gen9vgc2023regulationc-1856426660","p1":"Alexp","p2":"MammalianHybrid","format":"[Gen 9] VGC 2023 Regulation C","log":"|j|\u2606Alexp\n|j|\u2606MammalianHybrid\n|t:|1683060401\n|gametype|doubles\n|player|p1|Alexp|li|1082\n|player|p2|MammalianHybrid|acetrainer-gen4|1094\n|teamsize|p1|6\n|teamsize|p2|6\n|gen|9\n|tier|[Gen 9] VGC 2023 Regulation C\n|rated|\n|rule|Species Clause: Limit one of each Pok\u00e9mon\n|rule|Item Clause: Limit one of each item\n|clearpoke\n|poke|p1|Dragonite, L50, F|\n|poke|p1|Bronzong, L50|\n|poke|p1|Stantler, L50, M|\n|poke|p1|Flapple, L50, M|\n|poke|p1|Brute Bonnet, L50|\n|poke|p1|Gastrodon-East, L50, F|\n|poke|p2|Volcarona, L50, M|\n|poke|p2|Espathra, L50, M|\n|poke|p2|Oricorio-Sensu, L50, M|\n|poke|p2|Flamigo, L50, M|\n|poke|p2|Roaring Moon, L50|\n|poke|p2|Kingambit, L50, F|\n|teampreview|4\n|\n|t:|1683060419\n|start\n|switch|p1a: Stantler|Stantler, L50, M, shiny|100\/100\n|switch|p1b: Bronzong|Bronzong, L50, shiny|100\/100\n|switch|p2a: Volcarona|Volcarona, L50, M|100\/100\n|switch|p2b: Oricorio|Oricorio-Sensu, L50, M|100\/100\n|-ability|p1a: Stantler|Intimidate|boost\n|-unboost|p2a: Volcarona|atk|1\n|-unboost|p2b: Oricorio|atk|1\n|turn|1\n|inactive|Battle timer is ON: inactive players will automatically lose when time's up. (requested by Alexp)\n|\n|t:|1683060436\n|move|p2b: Oricorio|Icy Wind|p1a: Stantler|[spread] p1a,p1b\n|-resisted|p1b: Bronzong\n|-crit|p1b: Bronzong\n|-damage|p1a: Stantler|83\/100\n|-damage|p1b: Bronzong|93\/100\n|-unboost|p1a: Stantler|spe|1\n|-unboost|p1b: Bronzong|spe|1\n|move|p2a: Volcarona|Fiery Dance|p1b: Bronzong\n|-supereffective|p1b: Bronzong\n|-damage|p1b: Bronzong|55\/100\n|-boost|p2a: Volcarona|spa|1\n|-activate|p2b: Oricorio|ability: Dancer\n|move|p2b: Oricorio|Fiery Dance|p1b: Bronzong|[from]ability: Dancer\n|-supereffective|p1b: Bronzong\n|-damage|p1b: Bronzong|30\/100\n|move|p1b: Bronzong|Gravity|p1b: Bronzong\n|-fieldstart|move: Gravity\n|move|p1a: Stantler|Trick Room|p1a: Stantler\n|-fieldstart|move: Trick Room|[of] p1a: Stantler\n|\n|upkeep\n|turn|2\n|c|\u2606MammalianHybrid|Does Eviolite work on Stantler?\n|inactive|Alexp has 30 seconds left.\n|inactive|MammalianHybrid has 30 seconds left.\n|\n|t:|1683060470\n|move|p1b: Bronzong|Hypnosis|p2a: Volcarona\n|-status|p2a: Volcarona|slp|[from] move: Hypnosis\n|-enditem|p2a: Volcarona|Chesto Berry|[eat]\n|-curestatus|p2a: Volcarona|slp|[msg]\n|move|p1a: Stantler|Calm Mind|p1a: Stantler\n|-boost|p1a: Stantler|spa|1\n|-boost|p1a: Stantler|spd|1\n|move|p2a: Volcarona|Fiery Dance|p1b: Bronzong\n|-supereffective|p1b: Bronzong\n|-damage|p1b: Bronzong|0 fnt\n|-boost|p2a: Volcarona|spa|1\n|faint|p1b: Bronzong\n|-activate|p2b: Oricorio|ability: Dancer\n|move|p2b: Oricorio|Fiery Dance|p1a: Stantler|[from]ability: Dancer\n|-damage|p1a: Stantler|63\/100\n|-boost|p2b: Oricorio|spa|1\n|move|p2b: Oricorio|Air Slash|p1a: Stantler\n|-damage|p1a: Stantler|17\/100\n|\n|upkeep\n|inactive|Alexp has 30 seconds left.\n|\n|t:|1683060495\n|switch|p1b: Flapple|Flapple, L50, M, shiny|100\/100\n|-enditem|p1b: Flapple|Room Service\n|-unboost|p1b: Flapple|spe|1|[from] item: Room Service\n|turn|3\n|\n|t:|1683060507\n|move|p1b: Flapple|Acrobatics|p2a: Volcarona\n|-supereffective|p2a: Volcarona\n|-damage|p2a: Volcarona|0 fnt\n|faint|p2a: Volcarona\n|move|p1a: Stantler|Thunder|p2b: Oricorio\n|-supereffective|p2b: Oricorio\n|-crit|p2b: Oricorio\n|-damage|p2b: Oricorio|0 fnt\n|faint|p2b: Oricorio\n|\n|upkeep\n|\n|t:|1683060516\n|switch|p2a: Espathra|Espathra, L50, M|100\/100\n|switch|p2b: Flamigo|Flamigo, L50, M|100\/100\n|-copyboost|p2b: Flamigo|p2a: Espathra|[from] ability: Costar\n|turn|4\n|inactive|Alexp has 30 seconds left.\n|inactive|MammalianHybrid has 30 seconds left.\n|\n|t:|1683060545\n|-terastallize|p2b: Flamigo|Dark\n|move|p1b: Flapple|Grav Apple|p2a: Espathra\n|-enditem|p2a: Espathra|Focus Sash\n|-damage|p2a: Espathra|1\/100\n|-unboost|p2a: Espathra|def|1\n|move|p1a: Stantler|Thunder|p2b: Flamigo\n|-damage|p2b: Flamigo|48\/100\n|move|p2b: Flamigo|Throat Chop|p1a: Stantler\n|-damage|p1a: Stantler|0 fnt\n|faint|p1a: Stantler\n|move|p2a: Espathra|Dazzling Gleam|p1b: Flapple\n|-supereffective|p1b: Flapple\n|-damage|p1b: Flapple|20\/100\n|\n|-ability|p2a: Espathra|Speed Boost|boost\n|-boost|p2a: Espathra|spe|1\n|upkeep\n|\n|t:|1683060565\n|switch|p1a: Dragonite|Dragonite, L50, F, shiny|100\/100\n|turn|5\n|inactive|Alexp has 30 seconds left.\n|\n|t:|1683060592\n|move|p1b: Flapple|Acrobatics|p2b: Flamigo\n|-damage|p2b: Flamigo|0 fnt\n|faint|p2b: Flamigo\n|move|p1a: Dragonite|Rock Slide|p2a: Espathra\n|-damage|p2a: Espathra|0 fnt\n|faint|p2a: Espathra\n|\n|win|Alexp\n|raw|Alexp's rating: 1082 → 1111<\/strong> (+29 for winning)\n|raw|MammalianHybrid's rating: 1094 → 1069<\/strong> (-25 for losing)\n|l|\u2606MammalianHybrid\n","uploadtime":1683060706,"views":10,"p1id":"alexp","p2id":"mammalianhybrid","formatid":"gen9vgc2023regulationc","rating":1069,"private":0,"password":""}