{"id":"gen9vgc2023regulationc-1846014904","p1":"SorcererBadgerTG","p2":"azadel","format":"[Gen 9] VGC 2023 Regulation C","log":"|j|\u2606SorcererBadgerTG\n|j|\u2606azadel\n|t:|1681791666\n|gametype|doubles\n|player|p1|SorcererBadgerTG|169|1041\n|player|p2|azadel|266|1061\n|teamsize|p1|6\n|teamsize|p2|6\n|gen|9\n|tier|[Gen 9] VGC 2023 Regulation C\n|rated|\n|rule|Species Clause: Limit one of each Pok\u00e9mon\n|rule|Item Clause: Limit one of each item\n|clearpoke\n|poke|p1|Kingambit, L50, M|\n|poke|p1|Flutter Mane, L50|\n|poke|p1|Brute Bonnet, L50|\n|poke|p1|Annihilape, L50, M|\n|poke|p1|Gholdengo, L50|\n|poke|p1|Murkrow, L50, M|\n|poke|p2|Chi-Yu, L50|\n|poke|p2|Dachsbun, L50, F|\n|poke|p2|Dragonite, L50, M|\n|poke|p2|Flutter Mane, L50|\n|poke|p2|Azumarill, L50, F|\n|poke|p2|Chien-Pao, L50|\n|teampreview|4\n|\n|t:|1681791703\n|start\n|switch|p1a: Crow|Murkrow, L50, M|100\/100\n|switch|p1b: Goldstein|Gholdengo, L50|100\/100\n|switch|p2a: Chi-Yu|Chi-Yu, L50|100\/100\n|switch|p2b: Dachsbun|Dachsbun, L50, F|100\/100\n|-ability|p2a: Chi-Yu|Beads of Ruin\n|turn|1\n|\n|t:|1681791728\n|-terastallize|p1b: Goldstein|Steel\n|move|p1a: Crow|Tailwind|p1a: Crow\n|-sidestart|p1: SorcererBadgerTG|move: Tailwind\n|move|p2a: Chi-Yu|Lava Plume|p1a: Crow|[spread] p1a,p1b\n|-ability|p2b: Dachsbun|Well-Baked Body|boost\n|-boost|p2b: Dachsbun|def|2\n|-supereffective|p1b: Goldstein\n|-damage|p1a: Crow|36\/100\n|-damage|p1b: Goldstein|48\/100\n|move|p1b: Goldstein|Make It Rain|p2b: Dachsbun|[spread] p2a,p2b\n|-resisted|p2a: Chi-Yu\n|-supereffective|p2b: Dachsbun\n|-damage|p2a: Chi-Yu|62\/100\n|-damage|p2b: Dachsbun|0 fnt\n|-unboost|p1b: Goldstein|spa|1\n|faint|p2b: Dachsbun\n|\n|upkeep\n|\n|t:|1681791744\n|switch|p2b: Flutter Mane|Flutter Mane, L50|100\/100\n|-enditem|p2b: Flutter Mane|Booster Energy\n|-activate|p2b: Flutter Mane|ability: Protosynthesis|[fromitem]\n|-start|p2b: Flutter Mane|protosynthesisspe\n|turn|2\n|\n|t:|1681791775\n|move|p2b: Flutter Mane|Protect|p2b: Flutter Mane\n|-singleturn|p2b: Flutter Mane|Protect\n|move|p1a: Crow|Quash|p2b: Flutter Mane\n|-activate|p2b: Flutter Mane|move: Protect\n|move|p2a: Chi-Yu|Lava Plume|p1a: Crow|[spread] p1a,p1b\n|-activate|p2b: Flutter Mane|move: Protect\n|-supereffective|p1b: Goldstein\n|-damage|p1a: Crow|0 fnt\n|-damage|p1b: Goldstein|0 fnt\n|faint|p1a: Crow\n|faint|p1b: Goldstein\n|\n|upkeep\n|\n|t:|1681791779\n|switch|p1a: Metal Bat|Annihilape, L50, M|100\/100\n|switch|p1b: bad trip|Brute Bonnet, L50|100\/100\n|turn|3\n|\n|t:|1681791801\n|move|p1b: bad trip|Protect|p1b: bad trip\n|-singleturn|p1b: bad trip|Protect\n|move|p1a: Metal Bat|Rage Fist|p2b: Flutter Mane\n|-supereffective|p2b: Flutter Mane\n|-damage|p2b: Flutter Mane|0 fnt\n|faint|p2b: Flutter Mane\n|-end|p2b: Flutter Mane|Protosynthesis|[silent]\n|move|p2a: Chi-Yu|Lava Plume|p1a: Metal Bat|[spread] p1a\n|-activate|p1b: bad trip|move: Protect\n|-damage|p1a: Metal Bat|62\/100\n|\n|upkeep\n|\n|t:|1681791810\n|switch|p2b: Dragonite|Dragonite, L50, M|100\/100\n|turn|4\n|\n|t:|1681791819\n|-terastallize|p2b: Dragonite|Flying\n|move|p1a: Metal Bat|Rage Fist|p2a: Chi-Yu\n|-resisted|p2a: Chi-Yu\n|-damage|p2a: Chi-Yu|14\/100\n|move|p2a: Chi-Yu|Lava Plume|p1b: bad trip|[spread] p2b,p1a,p1b\n|-supereffective|p1b: bad trip\n|-damage|p2b: Dragonite|83\/100\n|-damage|p1a: Metal Bat|22\/100\n|-damage|p1b: bad trip|27\/100\n|-status|p2b: Dragonite|brn\n|-status|p1a: Metal Bat|brn\n|-status|p1b: bad trip|brn\n|move|p1b: bad trip|Bullet Seed|p2b: Dragonite\n|-resisted|p2b: Dragonite\n|-damage|p2b: Dragonite|80\/100 brn\n|-resisted|p2b: Dragonite\n|-damage|p2b: Dragonite|76\/100 brn\n|-resisted|p2b: Dragonite\n|-damage|p2b: Dragonite|73\/100 brn\n|-resisted|p2b: Dragonite\n|-damage|p2b: Dragonite|70\/100 brn\n|-hitcount|p2b: Dragonite|4\n|move|p2b: Dragonite|Tera Blast|p1a: Metal Bat\n|-supereffective|p1a: Metal Bat\n|-damage|p1a: Metal Bat|0 fnt\n|faint|p1a: Metal Bat\n|\n|-damage|p1b: bad trip|21\/100 brn|[from] brn\n|-damage|p2b: Dragonite|64\/100 brn|[from] brn\n|-sideend|p1: SorcererBadgerTG|move: Tailwind\n|upkeep\n|turn|5\n|c|\u2606SorcererBadgerTG|Triple burn?! That's insane\n|\n|t:|1681791859\n|move|p2b: Dragonite|Extreme Speed|p1b: bad trip\n|-damage|p1b: bad trip|6\/100 brn\n|move|p2a: Chi-Yu|Lava Plume|p1b: bad trip|[spread] p2b,p1b\n|-supereffective|p1b: bad trip\n|-damage|p2b: Dragonite|22\/100 brn\n|-damage|p1b: bad trip|0 fnt\n|faint|p1b: bad trip\n|-end|p1b: bad trip|Protosynthesis|[silent]\n|\n|win|azadel\n|raw|SorcererBadgerTG's rating: 1041 → 1026<\/strong> (-15 for losing)\n|raw|azadel's rating: 1061 → 1090<\/strong> (+29 for winning)\n","uploadtime":1681791871,"views":6,"p1id":"sorcererbadgertg","p2id":"azadel","formatid":"gen9vgc2023regulationc","rating":1026,"private":0,"password":""}