{"id":"gen9vgc2023regulationc-1848339768","p1":"7anfu","p2":"Reloadset","format":"[Gen 9] VGC 2023 Regulation C","log":"|j|\u26067anfu\n|j|\u2606Reloadset\n|t:|1682063252\n|gametype|doubles\n|player|p1|7anfu|266|1110\n|player|p2|Reloadset|266|1040\n|teamsize|p1|6\n|teamsize|p2|6\n|gen|9\n|tier|[Gen 9] VGC 2023 Regulation C\n|rated|\n|rule|Species Clause: Limit one of each Pok\u00e9mon\n|rule|Item Clause: Limit one of each item\n|clearpoke\n|poke|p1|Ting-Lu, L50|\n|poke|p1|Maushold-Four, L50|\n|poke|p1|Annihilape, L50, F|\n|poke|p1|Dragonite, L50, F|\n|poke|p1|Chien-Pao, L50|\n|poke|p1|Flutter Mane, L50|\n|poke|p2|Meowscarada, L50, M|\n|poke|p2|Iron Bundle, L50|\n|poke|p2|Abomasnow, L50, F|\n|poke|p2|Cetitan, L50, F|\n|poke|p2|Chi-Yu, L50|\n|poke|p2|Garganacl, L50, F|\n|teampreview|4\nReloadset rejected open team sheets.\n|inactive|Battle timer is ON: inactive players will automatically lose when time's up. (requested by Reloadset)\n|\n|t:|1682063309\n|start\n|switch|p1a: Maushold|Maushold-Four, L50|100\/100\n|switch|p1b: Annihilape|Annihilape, L50, F|100\/100\n|switch|p2a: Abomasnow|Abomasnow, L50, F|100\/100\n|switch|p2b: Iron Bundle|Iron Bundle, L50|100\/100\n|-weather|Snow|[from] ability: Snow Warning|[of] p2a: Abomasnow\n|-enditem|p2b: Iron Bundle|Booster Energy\n|-activate|p2b: Iron Bundle|ability: Quark Drive|[fromitem]\n|-start|p2b: Iron Bundle|quarkdrivespe\n|turn|1\n|\n|t:|1682063332\n|move|p1a: Maushold|Follow Me|p1a: Maushold\n|-singleturn|p1a: Maushold|move: Follow Me\n|move|p2b: Iron Bundle|Blizzard|p1a: Maushold|[spread] p1a,p1b\n|-damage|p1a: Maushold|54\/100\n|-damage|p1b: Annihilape|77\/100\n|move|p1b: Annihilape|Bulk Up|p1b: Annihilape\n|-boost|p1b: Annihilape|atk|1\n|-boost|p1b: Annihilape|def|1\n|move|p2a: Abomasnow|Aurora Veil|p2a: Abomasnow\n|-sidestart|p2: Reloadset|move: Aurora Veil\n|\n|-weather|Snow|[upkeep]\n|-heal|p1b: Annihilape|84\/100|[from] item: Leftovers\n|upkeep\n|turn|2\n|\n|t:|1682063350\n|move|p2a: Abomasnow|Helping Hand|p2b: Iron Bundle\n|-singleturn|p2b: Iron Bundle|Helping Hand|[of] p2a: Abomasnow\n|move|p2b: Iron Bundle|Blizzard|p1a: Maushold|[spread] p1a,p1b\n|-damage|p1a: Maushold|0 fnt\n|-damage|p1b: Annihilape|46\/100\n|faint|p1a: Maushold\n|move|p1b: Annihilape|Drain Punch|p2a: Abomasnow\n|-supereffective|p2a: Abomasnow\n|-damage|p2a: Abomasnow|50\/100\n|-heal|p1b: Annihilape|70\/100|[from] drain|[of] p2a: Abomasnow\n|\n|-weather|Snow|[upkeep]\n|-heal|p1b: Annihilape|76\/100|[from] item: Leftovers\n|upkeep\n|\n|t:|1682063361\n|switch|p1a: Chien-Pao|Chien-Pao, L50|100\/100\n|-ability|p1a: Chien-Pao|Sword of Ruin\n|turn|3\n|\n|t:|1682063381\n|-terastallize|p2b: Iron Bundle|Ice\n|move|p2a: Abomasnow|Helping Hand|p2b: Iron Bundle\n|-singleturn|p2b: Iron Bundle|Helping Hand|[of] p2a: Abomasnow\n|move|p1a: Chien-Pao|Protect|p1a: Chien-Pao\n|-singleturn|p1a: Chien-Pao|Protect\n|move|p2b: Iron Bundle|Blizzard|p1a: Chien-Pao|[spread] p1b\n|-activate|p1a: Chien-Pao|move: Protect\n|-damage|p1b: Annihilape|10\/100\n|move|p1b: Annihilape|Bulk Up|p1b: Annihilape\n|-boost|p1b: Annihilape|atk|1\n|-boost|p1b: Annihilape|def|1\n|\n|-weather|Snow|[upkeep]\n|-heal|p1b: Annihilape|16\/100|[from] item: Leftovers\n|upkeep\n|turn|4\n|\n|t:|1682063401\n|move|p2a: Abomasnow|Helping Hand|p2b: Iron Bundle\n|-singleturn|p2b: Iron Bundle|Helping Hand|[of] p2a: Abomasnow\n|move|p1b: Annihilape|Protect|p1b: Annihilape\n|-singleturn|p1b: Annihilape|Protect\n|move|p2b: Iron Bundle|Blizzard|p1a: Chien-Pao|[spread] p1a\n|-activate|p1b: Annihilape|move: Protect\n|-resisted|p1a: Chien-Pao\n|-damage|p1a: Chien-Pao|36\/100\n|move|p1a: Chien-Pao|Throat Chop|p2b: Iron Bundle\n|-damage|p2b: Iron Bundle|72\/100\n|-start|p2b: Iron Bundle|Throat Chop|[silent]\n|\n|-weather|Snow|[upkeep]\n|-heal|p1b: Annihilape|22\/100|[from] item: Leftovers\n|upkeep\n|turn|5\n|inactive|7anfu has 30 seconds left.\n|\n|t:|1682063427\n|switch|p1b: Flutter Mane|Flutter Mane, L50|100\/100\n|move|p2a: Abomasnow|Helping Hand|p2b: Iron Bundle\n|-singleturn|p2b: Iron Bundle|Helping Hand|[of] p2a: Abomasnow\n|move|p2b: Iron Bundle|Blizzard|p1b: Flutter Mane|[spread] p1a,p1b\n|-resisted|p1a: Chien-Pao\n|-damage|p1a: Chien-Pao|0 fnt\n|-damage|p1b: Flutter Mane|30\/100\n|-status|p1b: Flutter Mane|frz\n|faint|p1a: Chien-Pao\n|\n|-weather|none\n|-end|p2b: Iron Bundle|Throat Chop|[silent]\n|-sideend|p2: Reloadset|move: Aurora Veil\n|upkeep\n|\n|t:|1682063438\n|switch|p1a: Annihilape|Annihilape, L50, F|22\/100\n|turn|6\n|\n|t:|1682063452\n|-terastallize|p1a: Annihilape|Fire\n|move|p2a: Abomasnow|Helping Hand|p2b: Iron Bundle\n|-singleturn|p2b: Iron Bundle|Helping Hand|[of] p2a: Abomasnow\n|move|p2b: Iron Bundle|Blizzard|p1a: Annihilape|[spread] p1b\n|-miss|p2b: Iron Bundle|p1a: Annihilape\n|-damage|p1b: Flutter Mane|0 fnt\n|faint|p1b: Flutter Mane\n|-end|p1b: Flutter Mane|Protosynthesis|[silent]\n|move|p1a: Annihilape|Drain Punch|p2b: Iron Bundle\n|-supereffective|p2b: Iron Bundle\n|-damage|p2b: Iron Bundle|0 fnt\n|-heal|p1a: Annihilape|45\/100|[from] drain|[of] p2b: Iron Bundle\n|faint|p2b: Iron Bundle\n|-end|p2b: Iron Bundle|Quark Drive|[silent]\n|\n|-heal|p1a: Annihilape|51\/100|[from] item: Leftovers\n|upkeep\n|\n|t:|1682063470\n|switch|p2b: Chi-Yu|Chi-Yu, L50|100\/100\n|-ability|p2b: Chi-Yu|Beads of Ruin\n|turn|7\n|\n|t:|1682063493\n|move|p2a: Abomasnow|Helping Hand|p2b: Chi-Yu\n|-singleturn|p2b: Chi-Yu|Helping Hand|[of] p2a: Abomasnow\n|move|p2b: Chi-Yu|Dark Pulse|p1a: Annihilape\n|-damage|p1a: Annihilape|0 fnt\n|faint|p1a: Annihilape\n|\n|win|Reloadset\n|raw|7anfu's rating: 1110 → 1080<\/strong> (-30 for losing)\n|raw|Reloadset's rating: 1040 → 1081<\/strong> (+41 for winning)\n|l|\u26067anfu\n","uploadtime":1682063504,"views":11,"p1id":"7anfu","p2id":"reloadset","formatid":"gen9vgc2023regulationc","rating":1080,"private":0,"password":""}