{"id":"gen9vgc2023regulationc-1855672133","p1":"primeluke","p2":"zippLapZapper","format":"[Gen 9] VGC 2023 Regulation C","log":"|j|\u2606primeluke\n|j|\u2606zippLapZapper\n|t:|1682971843\n|gametype|doubles\n|player|p1|primeluke|red|1435\n|player|p2|zippLapZapper|hilbert-wonderlauncher|1454\n|teamsize|p1|6\n|teamsize|p2|6\n|gen|9\n|tier|[Gen 9] VGC 2023 Regulation C\n|rated|\n|rule|Species Clause: Limit one of each Pok\u00e9mon\n|rule|Item Clause: Limit one of each item\n|clearpoke\n|poke|p1|Ting-Lu, L50|\n|poke|p1|Iron Bundle, L50|\n|poke|p1|Abomasnow, L50, M|\n|poke|p1|Annihilape, L50, F|\n|poke|p1|Chien-Pao, L50|\n|poke|p1|Gastrodon-East, L50, M|\n|poke|p2|Garchomp, L50, M|\n|poke|p2|Talonflame, L50, F|\n|poke|p2|Tyranitar, L50, M|\n|poke|p2|Iron Bundle, L50|\n|poke|p2|Flutter Mane, L50|\n|poke|p2|Chien-Pao, L50|\n|teampreview|4\n|inactive|Battle timer is ON: inactive players will automatically lose when time's up. (requested by primeluke)\nzippLapZapper has agreed to open team sheets.\n|inactive|zippLapZapper has 60 seconds left.\n|\n|t:|1682971885\n|start\n|switch|p1a: Ting-Lu|Ting-Lu, L50|100\/100\n|switch|p1b: Chien-Pao|Chien-Pao, L50|100\/100\n|switch|p2a: Talonflame|Talonflame, L50, F|100\/100\n|switch|p2b: Tyranitar|Tyranitar, L50, M|100\/100\n|-ability|p1b: Chien-Pao|Sword of Ruin\n|-weather|Sandstorm|[from] ability: Sand Stream|[of] p2b: Tyranitar\n|-ability|p1a: Ting-Lu|Vessel of Ruin\n|turn|1\n|\n|t:|1682971900\n|-terastallize|p2b: Tyranitar|Grass\n|move|p1b: Chien-Pao|Sacred Sword|p2b: Tyranitar\n|-damage|p2b: Tyranitar|67\/100\n|move|p2a: Talonflame|Will-O-Wisp|p1a: Ting-Lu\n|-status|p1a: Ting-Lu|brn\n|move|p2b: Tyranitar|Low Kick|p1b: Chien-Pao\n|-supereffective|p1b: Chien-Pao\n|-enditem|p1b: Chien-Pao|Focus Sash\n|-damage|p1b: Chien-Pao|1\/100\n|move|p1a: Ting-Lu|Rock Slide|p2a: Talonflame|[spread] p2a,p2b\n|-supereffective|p2a: Talonflame\n|-damage|p2a: Talonflame|42\/100\n|-damage|p2b: Tyranitar|58\/100\n|\n|-weather|Sandstorm|[upkeep]\n|-damage|p1b: Chien-Pao|0 fnt|[from] Sandstorm\n|-damage|p2b: Tyranitar|52\/100|[from] Sandstorm\n|faint|p1b: Chien-Pao\n|-damage|p1a: Ting-Lu|94\/100 brn|[from] brn\n|upkeep\n|\n|t:|1682971913\n|switch|p1b: Annihilape|Annihilape, L50, F|100\/100\n|turn|2\n|\n|t:|1682971931\n|-terastallize|p1b: Annihilape|Fire\n|move|p2a: Talonflame|Will-O-Wisp|p1b: Annihilape|[miss]\n|-miss|p2a: Talonflame|p1b: Annihilape\n|move|p1b: Annihilape|Bulk Up|p1b: Annihilape\n|-boost|p1b: Annihilape|atk|1\n|-boost|p1b: Annihilape|def|1\n|move|p2b: Tyranitar|Low Kick|p1a: Ting-Lu\n|-supereffective|p1a: Ting-Lu\n|-crit|p1a: Ting-Lu\n|-damage|p1a: Ting-Lu|23\/100 brn\n|-enditem|p1a: Ting-Lu|Weakness Policy\n|-boost|p1a: Ting-Lu|atk|2|[from] item: Weakness Policy\n|-boost|p1a: Ting-Lu|spa|2|[from] item: Weakness Policy\n|move|p1a: Ting-Lu|Rock Slide|p2a: Talonflame|[spread] p2b\n|-miss|p1a: Ting-Lu|p2a: Talonflame\n|-damage|p2b: Tyranitar|39\/100\n|\n|-weather|Sandstorm|[upkeep]\n|-damage|p1b: Annihilape|94\/100|[from] Sandstorm\n|-damage|p2b: Tyranitar|33\/100|[from] Sandstorm\n|-damage|p1a: Ting-Lu|16\/100 brn|[from] brn\n|upkeep\n|turn|3\n|inactive|primeluke has 30 seconds left.\n|\n|t:|1682971960\n|move|p2a: Talonflame|Taunt|p1b: Annihilape\n|-start|p1b: Annihilape|move: Taunt\n|move|p1b: Annihilape|Rage Fist|p2b: Tyranitar\n|-damage|p2b: Tyranitar|0 fnt\n|faint|p2b: Tyranitar\n|move|p1a: Ting-Lu|Rock Slide|p2a: Talonflame\n|-supereffective|p2a: Talonflame\n|-damage|p2a: Talonflame|0 fnt\n|faint|p2a: Talonflame\n|\n|-weather|Sandstorm|[upkeep]\n|-damage|p1b: Annihilape|88\/100|[from] Sandstorm\n|-damage|p1a: Ting-Lu|10\/100 brn|[from] brn\n|upkeep\n|\n|t:|1682971966\n|switch|p2a: Flutter Mane|Flutter Mane, L50|100\/100\n|switch|p2b: Chien-Pao|Chien-Pao, L50|100\/100\n|-ability|p2b: Chien-Pao|Sword of Ruin\n|turn|4\n|inactive|zippLapZapper has 30 seconds left.\n|inactive|primeluke has 30 seconds left.\n|\n|t:|1682971998\n|move|p2b: Chien-Pao|Sacred Sword|p1b: Annihilape\n|-damage|p1b: Annihilape|51\/100\n|move|p2a: Flutter Mane|Shadow Ball|p1b: Annihilape\n|-damage|p1b: Annihilape|7\/100\n|-enditem|p1b: Annihilape|Sitrus Berry|[eat]\n|-heal|p1b: Annihilape|32\/100|[from] item: Sitrus Berry\n|move|p1b: Annihilape|Rage Fist|p2a: Flutter Mane\n|-supereffective|p2a: Flutter Mane\n|-damage|p2a: Flutter Mane|0 fnt\n|faint|p2a: Flutter Mane\n|-end|p2a: Flutter Mane|Protosynthesis|[silent]\n|move|p1a: Ting-Lu|Rock Slide|p2b: Chien-Pao\n|-supereffective|p2b: Chien-Pao\n|-damage|p2b: Chien-Pao|47\/100\n|\n|-weather|Sandstorm|[upkeep]\n|-damage|p2b: Chien-Pao|42\/100|[from] Sandstorm\n|-damage|p1b: Annihilape|26\/100|[from] Sandstorm\n|-damage|p1a: Ting-Lu|4\/100 brn|[from] brn\n|upkeep\n|turn|5\n|\n|t:|1682972020\n|move|p2b: Chien-Pao|Sacred Sword|p1a: Ting-Lu\n|-supereffective|p1a: Ting-Lu\n|-damage|p1a: Ting-Lu|0 fnt\n|faint|p1a: Ting-Lu\n|move|p1b: Annihilape|Drain Punch|p2b: Chien-Pao\n|-supereffective|p2b: Chien-Pao\n|-damage|p2b: Chien-Pao|0 fnt\n|-heal|p1b: Annihilape|41\/100|[from] drain|[of] p2b: Chien-Pao\n|faint|p2b: Chien-Pao\n|\n|win|primeluke\n|raw|primeluke's rating: 1435 → 1456<\/strong> (+21 for winning)\n|raw|zippLapZapper's rating: 1454 → 1433<\/strong> (-21 for losing)\n","uploadtime":1682972026,"views":16,"p1id":"primeluke","p2id":"zipplapzapper","formatid":"gen9vgc2023regulationc","rating":1433,"private":0,"password":""}