{"id":"gen9vgc2023regulationc-1853344801","p1":"Zrufianz","p2":"Hai8You","format":"[Gen 9] VGC 2023 Regulation C","log":"|j|\u2606Zrufianz\n|j|\u2606Hai8You\n|t:|1682671637\n|gametype|doubles\n|player|p1|Zrufianz|102|1101\n|player|p2|Hai8You|dragontamer|1087\n|teamsize|p1|6\n|teamsize|p2|6\n|gen|9\n|tier|[Gen 9] VGC 2023 Regulation C\n|rated|\n|rule|Species Clause: Limit one of each Pok\u00e9mon\n|rule|Item Clause: Limit one of each item\n|clearpoke\n|poke|p1|Palafin, L50, F|\n|poke|p1|Arcanine, L50, M|\n|poke|p1|Amoonguss, L50, M|\n|poke|p1|Ting-Lu, L50|\n|poke|p1|Baxcalibur, L50, M|\n|poke|p1|Flutter Mane, L50|\n|poke|p2|Garchomp, L50, M|\n|poke|p2|Annihilape, L50, F|\n|poke|p2|Amoonguss, L50, F|\n|poke|p2|Flutter Mane, L50|\n|poke|p2|Garganacl, L50, M|\n|poke|p2|Kingambit, L50, F|\n|teampreview|4\n|inactive|Battle timer is ON: inactive players will automatically lose when time's up. (requested by Hai8You)\nHai8You rejected open team sheets.\n|\n|t:|1682671676\n|start\n|switch|p1a: Palafin|Palafin, L50, F|100\/100\n|switch|p1b: Amoonguss|Amoonguss, L50, M|100\/100\n|switch|p2a: Garchomp|Garchomp, L50, M|100\/100\n|switch|p2b: Annihilape|Annihilape, L50, F|100\/100\n|turn|1\n|inactive|Zrufianz has 30 seconds left.\n|\n|t:|1682671710\n|switch|p2b: Garganacl|Garganacl, L50, M|100\/100\n|detailschange|p1a: Palafin|Palafin-Hero, L50, F\n|switch|p1a: Flutter Mane|Flutter Mane, L50|100\/100\n|move|p2a: Garchomp|Swords Dance|p2a: Garchomp\n|-boost|p2a: Garchomp|atk|2\n|move|p1b: Amoonguss|Spore|p2b: Garganacl\n|-immune|p2b: Garganacl|[from] ability: Purifying Salt\n|\n|upkeep\n|turn|2\n|inactive|Zrufianz has 30 seconds left.\n|inactive|Zrufianz has 20 seconds left.\n|inactive|Zrufianz has 15 seconds left.\n|inactive|Zrufianz has 10 seconds left.\n|\n|t:|1682671755\n|-end|p1a: Flutter Mane|Protosynthesis|[silent]\n|switch|p1a: Palafin|Palafin-Hero, L50, F|100\/100\n|-activate|p1a: Palafin|ability: Zero to Hero\n|move|p2a: Garchomp|Protect|p2a: Garchomp\n|-singleturn|p2a: Garchomp|Protect\n|move|p2b: Garganacl|Salt Cure|p1a: Palafin\n|-damage|p1a: Palafin|87\/100\n|-start|p1a: Palafin|Salt Cure\n|move|p1b: Amoonguss|Spore|p2a: Garchomp\n|-activate|p2a: Garchomp|move: Protect\n|\n|-damage|p1a: Palafin|62\/100|[from] Salt Cure\n|upkeep\n|turn|3\n|inactive|Zrufianz has 30 seconds left.\n|\n|t:|1682671785\n|-terastallize|p1a: Palafin|Water\n|move|p2b: Garganacl|Wide Guard|p2b: Garganacl\n|-singleturn|p2b: Garganacl|Wide Guard\n|move|p2a: Garchomp|Earthquake|p1b: Amoonguss|[spread] p1a,p1b\n|-activate|p2b: Garganacl|move: Wide Guard\n|-damage|p1a: Palafin|0 fnt\n|-damage|p1b: Amoonguss|15\/100\n|-enditem|p1b: Amoonguss|Sitrus Berry|[eat]\n|-heal|p1b: Amoonguss|39\/100|[from] item: Sitrus Berry\n|faint|p1a: Palafin\n|-damage|p2a: Garchomp|91\/100|[from] item: Life Orb\n|move|p1b: Amoonguss|Pollen Puff|p1: Palafin|[notarget]\n|-fail|p1b: Amoonguss\n|\n|upkeep\n|\n|t:|1682671802\n|switch|p1a: Flutter Mane|Flutter Mane, L50|100\/100\n|turn|4\n|\n|t:|1682671812\n|move|p2a: Garchomp|Protect|p2a: Garchomp\n|-singleturn|p2a: Garchomp|Protect\n|move|p1a: Flutter Mane|Dazzling Gleam|p2b: Garganacl|[spread] p2b\n|-activate|p2a: Garchomp|move: Protect\n|-damage|p2b: Garganacl|67\/100\n|move|p2b: Garganacl|Salt Cure|p1a: Flutter Mane\n|-damage|p1a: Flutter Mane|76\/100\n|-start|p1a: Flutter Mane|Salt Cure\n|move|p1b: Amoonguss|Spore|p2a: Garchomp\n|-activate|p2a: Garchomp|move: Protect\n|\n|-heal|p2b: Garganacl|72\/100|[from] item: Leftovers\n|-damage|p1a: Flutter Mane|64\/100|[from] Salt Cure\n|upkeep\n|turn|5\n|\n|t:|1682671832\n|move|p2b: Garganacl|Wide Guard|p2b: Garganacl\n|-singleturn|p2b: Garganacl|Wide Guard\n|move|p1a: Flutter Mane|Dazzling Gleam|p2a: Garchomp|[spread] \n|-activate|p2a: Garchomp|move: Wide Guard\n|-activate|p2b: Garganacl|move: Wide Guard\n|move|p2a: Garchomp|Earthquake|p1a: Flutter Mane|[spread] p1a,p1b\n|-activate|p2b: Garganacl|move: Wide Guard\n|-damage|p1a: Flutter Mane|0 fnt\n|-damage|p1b: Amoonguss|0 fnt\n|faint|p1a: Flutter Mane\n|-end|p1a: Flutter Mane|Protosynthesis|[silent]\n|faint|p1b: Amoonguss\n|-damage|p2a: Garchomp|81\/100|[from] item: Life Orb\n|\n|-heal|p2b: Garganacl|78\/100|[from] item: Leftovers\n|upkeep\n|\n|t:|1682671853\n|switch|p1b: Arcanine|Arcanine, L50, M|100\/100\n|-ability|p1b: Arcanine|Intimidate|boost\n|-unboost|p2a: Garchomp|atk|1\n|-unboost|p2b: Garganacl|atk|1\n|turn|6\n|\n|t:|1682671859\n|move|p2a: Garchomp|Protect|p2a: Garchomp\n|-singleturn|p2a: Garchomp|Protect\n|move|p1b: Arcanine|Flare Blitz|p2a: Garchomp\n|-activate|p2a: Garchomp|move: Protect\n|move|p2b: Garganacl|Salt Cure|p1b: Arcanine\n|-supereffective|p1b: Arcanine\n|-damage|p1b: Arcanine|82\/100\n|-start|p1b: Arcanine|Salt Cure\n|\n|-heal|p2b: Garganacl|84\/100|[from] item: Leftovers\n|-damage|p1b: Arcanine|70\/100|[from] Salt Cure\n|upkeep\n|turn|7\n|\n|t:|1682671875\n|-terastallize|p2a: Garchomp|Ground\n|move|p2b: Garganacl|Wide Guard|p2b: Garganacl\n|-singleturn|p2b: Garganacl|Wide Guard\n|move|p2a: Garchomp|Earthquake|p1b: Arcanine|[spread] p1b\n|-activate|p2b: Garganacl|move: Wide Guard\n|-supereffective|p1b: Arcanine\n|-damage|p1b: Arcanine|0 fnt\n|faint|p1b: Arcanine\n|-damage|p2a: Garchomp|71\/100|[from] item: Life Orb\n|\n|win|Hai8You\n|raw|Zrufianz's rating: 1101 → 1075<\/strong> (-26 for losing)\n|raw|Hai8You's rating: 1087 → 1115<\/strong> (+28 for winning)\n|l|\u2606Zrufianz\n","uploadtime":1682671886,"views":6,"p1id":"zrufianz","p2id":"hai8you","formatid":"gen9vgc2023regulationc","rating":1075,"private":0,"password":""}