{"id":"gen9vgc2023regulationc-1862257901","p1":"toglez","p2":"L0LZ4N0m4","format":"[Gen 9] VGC 2023 Regulation C","log":"|j|\u2606toglez\n|j|\u2606L0LZ4N0m4\n|t:|1683856065\n|gametype|doubles\n|player|p1|toglez|265|1197\n|player|p2|L0LZ4N0m4|aromalady|1317\n|teamsize|p1|6\n|teamsize|p2|6\n|gen|9\n|tier|[Gen 9] VGC 2023 Regulation C\n|rated|\n|rule|Species Clause: Limit one of each Pok\u00e9mon\n|rule|Item Clause: Limit one of each item\n|clearpoke\n|poke|p1|Garganacl, L50, M|\n|poke|p1|Iron Bundle, L50|\n|poke|p1|Arcanine, L50, M|\n|poke|p1|Ting-Lu, L50|\n|poke|p1|Roaring Moon, L50|\n|poke|p1|Amoonguss, L50, M|\n|poke|p2|Tyranitar, L50, M|\n|poke|p2|Palafin, L50, M|\n|poke|p2|Kingambit, L50, F|\n|poke|p2|Flutter Mane, L50|\n|poke|p2|Arcanine, L50, F|\n|poke|p2|Amoonguss, L50, F|\n|teampreview|4\n|inactive|Battle timer is ON: inactive players will automatically lose when time's up. (requested by L0LZ4N0m4)\n|inactive|toglez also wants the timer to be on.\n|inactive|L0LZ4N0m4 has 60 seconds left.\n|\n|t:|1683856100\n|start\n|switch|p1a: Iron Bundle|Iron Bundle, L50|100\/100\n|switch|p1b: Garganacl|Garganacl, L50, M|100\/100\n|switch|p2a: Palafin|Palafin, L50, M|100\/100\n|switch|p2b: Kingambit|Kingambit, L50, F|100\/100\n|turn|1\n|inactive|toglez has 30 seconds left.\n|\n|t:|1683856134\n|detailschange|p2a: Palafin|Palafin-Hero, L50, M\n|switch|p2a: Tyranitar|Tyranitar, L50, M|100\/100\n|-weather|Sandstorm|[from] ability: Sand Stream|[of] p2a: Tyranitar\n|move|p2b: Kingambit|Protect|p2b: Kingambit\n|-singleturn|p2b: Kingambit|Protect\n|move|p1a: Iron Bundle|Freeze-Dry|p2a: Tyranitar\n|-damage|p2a: Tyranitar|89\/100\n|move|p1b: Garganacl|Salt Cure|p2b: Kingambit\n|-activate|p2b: Kingambit|move: Protect\n|\n|-weather|Sandstorm|[upkeep]\n|-damage|p1a: Iron Bundle|94\/100|[from] Sandstorm\n|upkeep\n|turn|2\n|inactive|L0LZ4N0m4 has 30 seconds left.\n|\n|t:|1683856161\n|-end|p1a: Iron Bundle|Quark Drive|[silent]\n|switch|p1a: Ting-Lu|Ting-Lu, L50|100\/100\n|-ability|p1a: Ting-Lu|Vessel of Ruin\n|switch|p2b: Amoonguss|Amoonguss, L50, F|100\/100\n|move|p2a: Tyranitar|Rock Slide|p1a: Ting-Lu|[spread] p1a,p1b\n|-resisted|p1a: Ting-Lu\n|-damage|p1a: Ting-Lu|91\/100\n|-damage|p1b: Garganacl|82\/100\n|move|p1b: Garganacl|Stealth Rock|p2b: Amoonguss\n|-sidestart|p2: L0LZ4N0m4|move: Stealth Rock\n|\n|-weather|Sandstorm|[upkeep]\n|-damage|p2b: Amoonguss|95\/100|[from] Sandstorm\n|-heal|p1b: Garganacl|87\/100|[from] item: Leftovers\n|upkeep\n|turn|3\n|inactive|L0LZ4N0m4 has 30 seconds left.\n|\n|t:|1683856191\n|move|p2b: Amoonguss|Protect|p2b: Amoonguss\n|-singleturn|p2b: Amoonguss|Protect\n|move|p2a: Tyranitar|Low Kick|p1a: Ting-Lu\n|-supereffective|p1a: Ting-Lu\n|-damage|p1a: Ting-Lu|40\/100\n|move|p1a: Ting-Lu|Ruination|p2b: Amoonguss\n|-activate|p2b: Amoonguss|move: Protect\n|move|p1b: Garganacl|Salt Cure|p2a: Tyranitar\n|-damage|p2a: Tyranitar|78\/100\n|-start|p2a: Tyranitar|Salt Cure\n|\n|-weather|Sandstorm|[upkeep]\n|-damage|p2b: Amoonguss|89\/100|[from] Sandstorm\n|-heal|p1b: Garganacl|93\/100|[from] item: Leftovers\n|-damage|p2a: Tyranitar|66\/100|[from] Salt Cure\n|upkeep\n|turn|4\n|\n|t:|1683856211\n|switch|p1a: Arcanine|Arcanine, L50, M|100\/100\n|-ability|p1a: Arcanine|Intimidate|boost\n|-unboost|p2a: Tyranitar|atk|1\n|-unboost|p2b: Amoonguss|atk|1\n|move|p2a: Tyranitar|Low Kick|p1a: Arcanine\n|-damage|p1a: Arcanine|78\/100\n|move|p1b: Garganacl|Salt Cure|p2b: Amoonguss\n|-damage|p2b: Amoonguss|78\/100\n|-start|p2b: Amoonguss|Salt Cure\n|move|p2b: Amoonguss|Pollen Puff|p1a: Arcanine\n|-resisted|p1a: Arcanine\n|-damage|p1a: Arcanine|67\/100\n|\n|-weather|Sandstorm|[upkeep]\n|-damage|p1a: Arcanine|61\/100|[from] Sandstorm\n|-damage|p2b: Amoonguss|72\/100|[from] Sandstorm\n|-heal|p1b: Garganacl|99\/100|[from] item: Leftovers\n|-damage|p2a: Tyranitar|54\/100|[from] Salt Cure\n|-damage|p2b: Amoonguss|59\/100|[from] Salt Cure\n|upkeep\n|turn|5\n|inactive|toglez has 30 seconds left.\n|\n|t:|1683856239\n|-terastallize|p1a: Arcanine|Water\n|move|p2b: Amoonguss|Protect|p2b: Amoonguss\n|-singleturn|p2b: Amoonguss|Protect\n|move|p1a: Arcanine|Flare Blitz|p2b: Amoonguss\n|-activate|p2b: Amoonguss|move: Protect\n|move|p2a: Tyranitar|Rock Slide|p1b: Garganacl|[spread] p1a,p1b\n|-damage|p1a: Arcanine|40\/100\n|-damage|p1b: Garganacl|87\/100\n|move|p1b: Garganacl|Salt Cure|p2a: Tyranitar\n|-damage|p2a: Tyranitar|43\/100\n|\n|-weather|none\n|-heal|p1b: Garganacl|93\/100|[from] item: Leftovers\n|-damage|p2a: Tyranitar|30\/100|[from] Salt Cure\n|-damage|p2b: Amoonguss|47\/100|[from] Salt Cure\n|upkeep\n|-enditem|p2b: Amoonguss|Sitrus Berry|[eat]\n|-heal|p2b: Amoonguss|72\/100|[from] item: Sitrus Berry\n|turn|6\n|inactive|L0LZ4N0m4 has 30 seconds left.\n|\n|t:|1683856266\n|switch|p1a: Ting-Lu|Ting-Lu, L50|40\/100\n|-ability|p1a: Ting-Lu|Vessel of Ruin\n|switch|p2a: Kingambit|Kingambit, L50, F|100\/100\n|-damage|p2a: Kingambit|94\/100|[from] Stealth Rock\n|switch|p2b: Palafin|Palafin-Hero, L50, M|100\/100\n|-damage|p2b: Palafin|88\/100|[from] Stealth Rock\n|-activate|p2b: Palafin|ability: Zero to Hero\n|move|p1b: Garganacl|Salt Cure|p2b: Palafin\n|-damage|p2b: Palafin|75\/100\n|-start|p2b: Palafin|Salt Cure\n|\n|-heal|p1b: Garganacl|99\/100|[from] item: Leftovers\n|-damage|p2b: Palafin|50\/100|[from] Salt Cure\n|upkeep\n|turn|7\n|\n|t:|1683856288\n|move|p2a: Kingambit|Protect|p2a: Kingambit\n|-singleturn|p2a: Kingambit|Protect\n|move|p1b: Garganacl|Protect|p1b: Garganacl\n|-singleturn|p1b: Garganacl|Protect\n|move|p2b: Palafin|Wave Crash|p1b: Garganacl\n|-activate|p1b: Garganacl|move: Protect\n|move|p1a: Ting-Lu|Body Press|p2a: Kingambit\n|-activate|p2a: Kingambit|move: Protect\n|\n|-heal|p1b: Garganacl|100\/100|[from] item: Leftovers\n|-damage|p2b: Palafin|25\/100|[from] Salt Cure\n|upkeep\n|turn|8\n|inactive|toglez has 30 seconds left.\n|inactive|L0LZ4N0m4 has 30 seconds left.\n|inactive|L0LZ4N0m4 has 20 seconds left.\n|\n|t:|1683856326\n|switch|p1b: Iron Bundle|Iron Bundle, L50|94\/100\n|move|p2b: Palafin|Jet Punch|p1a: Ting-Lu\n|-supereffective|p1a: Ting-Lu\n|-damage|p1a: Ting-Lu|0 fnt\n|faint|p1a: Ting-Lu\n|move|p2a: Kingambit|Kowtow Cleave|p1b: Iron Bundle\n|-damage|p1b: Iron Bundle|37\/100\n|\n|-damage|p2b: Palafin|0 fnt|[from] Salt Cure\n|faint|p2b: Palafin\n|upkeep\n|\n|t:|1683856337\n|switch|p2b: Tyranitar|Tyranitar, L50, M|30\/100\n|switch|p1a: Garganacl|Garganacl, L50, M|100\/100\n|-damage|p2b: Tyranitar|18\/100|[from] Stealth Rock\n|-weather|Sandstorm|[from] ability: Sand Stream|[of] p2b: Tyranitar\n|turn|9\n|inactive|L0LZ4N0m4 has 30 seconds left.\n|\n|t:|1683856365\n|-terastallize|p2a: Kingambit|Dark\n|move|p1b: Iron Bundle|Protect|p1b: Iron Bundle\n|-singleturn|p1b: Iron Bundle|Protect\n|move|p2a: Kingambit|Sucker Punch||[still]\n|-fail|p2a: Kingambit\n|move|p2b: Tyranitar|Low Kick|p1a: Garganacl\n|-supereffective|p1a: Garganacl\n|-damage|p1a: Garganacl|48\/100\n|move|p1a: Garganacl|Salt Cure|p2b: Tyranitar\n|-damage|p2b: Tyranitar|8\/100\n|-start|p2b: Tyranitar|Salt Cure\n|\n|-weather|Sandstorm|[upkeep]\n|-damage|p1b: Iron Bundle|31\/100|[from] Sandstorm\n|-damage|p2a: Kingambit|88\/100|[from] Sandstorm\n|-heal|p1a: Garganacl|54\/100|[from] item: Leftovers\n|-damage|p2b: Tyranitar|0 fnt|[from] Salt Cure\n|faint|p2b: Tyranitar\n|upkeep\n|\n|t:|1683856369\n|switch|p2b: Amoonguss|Amoonguss, L50, F|100\/100\n|-damage|p2b: Amoonguss|88\/100|[from] Stealth Rock\n|turn|10\n|\n|t:|1683856391\n|move|p2a: Kingambit|Sucker Punch||[still]\n|-fail|p2a: Kingambit\n|move|p1b: Iron Bundle|Encore|p2a: Kingambit\n|-start|p2a: Kingambit|Encore\n|move|p1a: Garganacl|Recover|p1a: Garganacl\n|-heal|p1a: Garganacl|100\/100\n|move|p2b: Amoonguss|Pollen Puff|p2a: Kingambit\n|-heal|p2a: Kingambit|100\/100\n|\n|-weather|Sandstorm|[upkeep]\n|-damage|p1b: Iron Bundle|25\/100|[from] Sandstorm\n|-damage|p2a: Kingambit|94\/100|[from] Sandstorm\n|-damage|p2b: Amoonguss|82\/100|[from] Sandstorm\n|upkeep\n|turn|11\n|inactive|L0LZ4N0m4 has 30 seconds left.\n|\n|t:|1683856417\n|move|p2a: Kingambit|Sucker Punch|p1a: Garganacl\n|-damage|p1a: Garganacl|67\/100\n|move|p1b: Iron Bundle|Encore|p2b: Amoonguss\n|-start|p2b: Amoonguss|Encore\n|move|p1a: Garganacl|Salt Cure|p2a: Kingambit\n|-damage|p2a: Kingambit|82\/100\n|-start|p2a: Kingambit|Salt Cure\n|move|p2b: Amoonguss|Pollen Puff|p1a: Garganacl\n|-damage|p1a: Garganacl|57\/100\n|\n|-weather|Sandstorm|[upkeep]\n|-damage|p1b: Iron Bundle|19\/100|[from] Sandstorm\n|-damage|p2a: Kingambit|76\/100|[from] Sandstorm\n|-damage|p2b: Amoonguss|76\/100|[from] Sandstorm\n|-heal|p1a: Garganacl|63\/100|[from] item: Leftovers\n|-damage|p2a: Kingambit|63\/100|[from] Salt Cure\n|upkeep\n|turn|12\n|inactive|toglez has 30 seconds left.\n|\n|t:|1683856450\n|-end|p1b: Iron Bundle|Quark Drive|[silent]\n|switch|p1b: Arcanine|Arcanine, L50, M, tera:Water|40\/100\n|-ability|p1b: Arcanine|Intimidate|boost\n|-unboost|p2a: Kingambit|atk|1\n|-ability|p2a: Kingambit|Defiant|boost\n|-boost|p2a: Kingambit|atk|2\n|-unboost|p2b: Amoonguss|atk|1\n|move|p2a: Kingambit|Sucker Punch||[still]\n|-fail|p2a: Kingambit\n|move|p1a: Garganacl|Recover|p1a: Garganacl\n|-heal|p1a: Garganacl|100\/100\n|move|p2b: Amoonguss|Pollen Puff|p1b: Arcanine\n|-damage|p1b: Arcanine|19\/100\n|-enditem|p1b: Arcanine|Iapapa Berry|[eat]\n|-heal|p1b: Arcanine|53\/100|[from] item: Iapapa Berry\n|\n|-weather|Sandstorm|[upkeep]\n|-damage|p1b: Arcanine|47\/100|[from] Sandstorm\n|-damage|p2a: Kingambit|57\/100|[from] Sandstorm\n|-damage|p2b: Amoonguss|70\/100|[from] Sandstorm\n|-damage|p2a: Kingambit|45\/100|[from] Salt Cure\n|upkeep\n|turn|13\n|inactive|L0LZ4N0m4 has 30 seconds left.\n|\n|t:|1683856475\n|switch|p1a: Iron Bundle|Iron Bundle, L50|19\/100\n|move|p2a: Kingambit|Sucker Punch||[still]\n|-fail|p2a: Kingambit\n|move|p1b: Arcanine|Will-O-Wisp|p2a: Kingambit\n|-status|p2a: Kingambit|brn\n|-enditem|p2a: Kingambit|Lum Berry|[eat]\n|-curestatus|p2a: Kingambit|brn|[msg]\n|move|p2b: Amoonguss|Pollen Puff|p2a: Kingambit\n|-heal|p2a: Kingambit|95\/100\n|\n|-weather|none\n|-damage|p2a: Kingambit|82\/100|[from] Salt Cure\n|-end|p2a: Kingambit|Encore\n|-end|p2b: Amoonguss|Encore\n|upkeep\n|turn|14\n|inactive|toglez has 30 seconds left.\n|\n|t:|1683856500\n|move|p2b: Amoonguss|Protect|p2b: Amoonguss\n|-singleturn|p2b: Amoonguss|Protect\n|move|p1a: Iron Bundle|Encore|p2a: Kingambit\n|-start|p2a: Kingambit|Encore\n|move|p1b: Arcanine|Will-O-Wisp|p2a: Kingambit\n|-status|p2a: Kingambit|brn\n|move|p2a: Kingambit|Sucker Punch||[still]\n|-fail|p2a: Kingambit\n|\n|-damage|p2a: Kingambit|76\/100 brn|[from] brn\n|-damage|p2a: Kingambit|64\/100 brn|[from] Salt Cure\n|upkeep\n|turn|15\n|\n|t:|1683856519\n|move|p1b: Arcanine|Extreme Speed|p2a: Kingambit\n|-damage|p2a: Kingambit|43\/100 brn\n|move|p2a: Kingambit|Sucker Punch||[still]\n|-fail|p2a: Kingambit\n|move|p1a: Iron Bundle|Encore|p2b: Amoonguss\n|-start|p2b: Amoonguss|Encore\n|move|p2b: Amoonguss|Protect||[still]\n|-fail|p2b: Amoonguss\n|\n|-damage|p2a: Kingambit|37\/100 brn|[from] brn\n|-damage|p2a: Kingambit|25\/100 brn|[from] Salt Cure\n|upkeep\n|turn|16\n|\n|t:|1683856534\n|-end|p1a: Iron Bundle|Quark Drive|[silent]\n|switch|p1a: Garganacl|Garganacl, L50, M|100\/100\n|move|p2b: Amoonguss|Protect|p2b: Amoonguss\n|-singleturn|p2b: Amoonguss|Protect\n|move|p1b: Arcanine|Extreme Speed|p2a: Kingambit\n|-damage|p2a: Kingambit|4\/100 brn\n|move|p2a: Kingambit|Sucker Punch||[still]\n|-fail|p2a: Kingambit\n|\n|-damage|p2a: Kingambit|0 fnt|[from] brn\n|faint|p2a: Kingambit\n|upkeep\n|turn|17\n|\n|t:|1683856548\n|move|p2b: Amoonguss|Protect|p2b: Amoonguss\n|-singleturn|p2b: Amoonguss|Protect\n|move|p1b: Arcanine|Flare Blitz|p2b: Amoonguss\n|-activate|p2b: Amoonguss|move: Protect\n|move|p1a: Garganacl|Salt Cure|p2b: Amoonguss\n|-activate|p2b: Amoonguss|move: Protect\n|\n|-end|p2b: Amoonguss|Encore\n|upkeep\n|turn|18\n|\n|t:|1683856564\n|move|p1b: Arcanine|Flare Blitz|p2b: Amoonguss\n|-supereffective|p2b: Amoonguss\n|-damage|p2b: Amoonguss|0 fnt\n|faint|p2b: Amoonguss\n|-damage|p1b: Arcanine|21\/100|[from] Recoil\n|\n|win|toglez\n|raw|toglez's rating: 1197 → 1230<\/strong> (+33 for winning)\n|raw|L0LZ4N0m4's rating: 1317 → 1290<\/strong> (-27 for losing)\n","uploadtime":1683856568,"views":18,"p1id":"toglez","p2id":"l0lz4n0m4","formatid":"gen9vgc2023regulationc","rating":1230,"private":0,"password":""}