{"id":"gen9vgc2023regulationc-1854416826","p1":"Pkm_ant","p2":"giotre2","format":"[Gen 9] VGC 2023 Regulation C","log":"|j|\u2606Pkm_ant\n|j|\u2606giotre2\n|t:|1682808210\n|gametype|doubles\n|player|p1|Pkm_ant|101|1213\n|player|p2|giotre2|ruinmaniac|1251\n|teamsize|p1|6\n|teamsize|p2|6\n|gen|9\n|tier|[Gen 9] VGC 2023 Regulation C\n|rated|\n|rule|Species Clause: Limit one of each Pok\u00e9mon\n|rule|Item Clause: Limit one of each item\n|clearpoke\n|poke|p1|Slaking, L50, M|\n|poke|p1|Grafaiai, L50, F|\n|poke|p1|Tyranitar, L50, M|\n|poke|p1|Azumarill, L50, F|\n|poke|p1|Arcanine, L50, M|\n|poke|p1|Flutter Mane, L50|\n|poke|p2|Annihilape, L50, M|\n|poke|p2|Maushold, L50|\n|poke|p2|Flutter Mane, L50|\n|poke|p2|Tyranitar, L50, M|\n|poke|p2|Lycanroc, L50, F|\n|poke|p2|Ting-Lu, L50|\n|teampreview|4\n|\n|t:|1682808247\n|start\n|switch|p1a: Flutter Mane|Flutter Mane, L50|100\/100\n|switch|p1b: Slaking|Slaking, L50, M|100\/100\n|switch|p2a: Annihilape|Annihilape, L50, M|100\/100\n|switch|p2b: Maushold|Maushold, L50|100\/100\n|-enditem|p1a: Flutter Mane|Booster Energy\n|-activate|p1a: Flutter Mane|ability: Protosynthesis|[fromitem]\n|-start|p1a: Flutter Mane|protosynthesisspe\n|turn|1\n|\n|t:|1682808261\n|move|p2b: Maushold|Protect|p2b: Maushold\n|-singleturn|p2b: Maushold|Protect\n|move|p2a: Annihilape|Protect|p2a: Annihilape\n|-singleturn|p2a: Annihilape|Protect\n|move|p1a: Flutter Mane|Dazzling Gleam|p2a: Annihilape|[spread] \n|-activate|p2a: Annihilape|move: Protect\n|-activate|p2b: Maushold|move: Protect\n|move|p1b: Slaking|Focus Energy|p1b: Slaking\n|-start|p1b: Slaking|move: Focus Energy\n|\n|upkeep\n|turn|2\n|\n|t:|1682808280\n|-terastallize|p2a: Annihilape|Water\n|move|p1a: Flutter Mane|Dazzling Gleam|p2a: Annihilape|[spread] p2a,p2b\n|-damage|p2a: Annihilape|83\/100\n|-damage|p2b: Maushold|60\/100\n|move|p2b: Maushold|Beat Up|p2a: Annihilape\n|-damage|p2a: Annihilape|81\/100\n|-damage|p2a: Annihilape|79\/100\n|-damage|p2a: Annihilape|77\/100\n|-damage|p2a: Annihilape|75\/100\n|-hitcount|p2a: Annihilape|4\n|cant|p1b: Slaking|ability: Truant\n|move|p2a: Annihilape|Bulk Up|p2a: Annihilape\n|-boost|p2a: Annihilape|atk|1\n|-boost|p2a: Annihilape|def|1\n|\n|-heal|p2a: Annihilape|82\/100|[from] item: Leftovers\n|upkeep\n|turn|3\n|\n|t:|1682808296\n|move|p2b: Maushold|Protect|p2b: Maushold\n|-singleturn|p2b: Maushold|Protect\n|move|p2a: Annihilape|Protect|p2a: Annihilape\n|-singleturn|p2a: Annihilape|Protect\n|move|p1a: Flutter Mane|Thunderbolt|p2a: Annihilape\n|-activate|p2a: Annihilape|move: Protect\n|move|p1b: Slaking|Rock Slide|p2b: Maushold|[spread] \n|-activate|p2a: Annihilape|move: Protect\n|-activate|p2b: Maushold|move: Protect\n|\n|-heal|p2a: Annihilape|88\/100|[from] item: Leftovers\n|upkeep\n|turn|4\n|\n|t:|1682808323\n|move|p2b: Maushold|Baby-Doll Eyes|p1b: Slaking\n|-unboost|p1b: Slaking|atk|1\n|move|p1a: Flutter Mane|Dazzling Gleam|p2a: Annihilape|[spread] p2a,p2b\n|-damage|p2a: Annihilape|68\/100\n|-damage|p2b: Maushold|20\/100\n|cant|p1b: Slaking|ability: Truant\n|move|p2a: Annihilape|Rage Fist|p1a: Flutter Mane\n|-supereffective|p1a: Flutter Mane\n|-damage|p1a: Flutter Mane|0 fnt\n|faint|p1a: Flutter Mane\n|-end|p1a: Flutter Mane|Protosynthesis|[silent]\n|\n|-heal|p2a: Annihilape|75\/100|[from] item: Leftovers\n|upkeep\n|\n|t:|1682808330\n|switch|p1a: Grafaiai|Grafaiai, L50, F|100\/100\n|turn|5\n|\n|t:|1682808339\n|move|p2b: Maushold|Protect|p2b: Maushold\n|-singleturn|p2b: Maushold|Protect\n|move|p2a: Annihilape|Protect|p2a: Annihilape\n|-singleturn|p2a: Annihilape|Protect\n|move|p1a: Grafaiai|Doodle|p2a: Annihilape\n|-endability|p1a: Grafaiai|Prankster|[from] move: Doodle\n|-ability|p1a: Grafaiai|Defiant|[from] move: Doodle\n|-endability|p1b: Slaking|Truant|[from] move: Doodle\n|-ability|p1b: Slaking|Defiant|[from] move: Doodle\n|move|p1b: Slaking|Rock Slide|p2b: Maushold|[spread] \n|-activate|p2a: Annihilape|move: Protect\n|-activate|p2b: Maushold|move: Protect\n|\n|-heal|p2a: Annihilape|81\/100|[from] item: Leftovers\n|upkeep\n|turn|6\n|\n|t:|1682808367\n|move|p2b: Maushold|Follow Me|p2b: Maushold\n|-singleturn|p2b: Maushold|move: Follow Me\n|move|p1a: Grafaiai|Knock Off|p2b: Maushold\n|-damage|p2b: Maushold|0 fnt\n|-enditem|p2b: Maushold|Safety Goggles|[from] move: Knock Off|[of] p1a: Grafaiai\n|faint|p2b: Maushold\n|move|p1b: Slaking|Rock Slide|p2a: Annihilape\n|-crit|p2a: Annihilape\n|-damage|p2a: Annihilape|36\/100\n|cant|p2a: Annihilape|flinch\n|\n|-heal|p2a: Annihilape|42\/100|[from] item: Leftovers\n|upkeep\n|\n|t:|1682808377\n|switch|p2b: Flutter Mane|Flutter Mane, L50|100\/100\n|turn|7\n|\n|t:|1682808390\n|move|p2a: Annihilape|Protect|p2a: Annihilape\n|-singleturn|p2a: Annihilape|Protect\n|move|p2b: Flutter Mane|Moonblast|p1b: Slaking\n|-damage|p1b: Slaking|18\/100\n|-unboost|p1b: Slaking|spa|1\n|-ability|p1b: Slaking|Defiant|boost\n|-boost|p1b: Slaking|atk|2\n|move|p1a: Grafaiai|Parting Shot|p2b: Flutter Mane\n|-unboost|p2b: Flutter Mane|atk|1\n|-unboost|p2b: Flutter Mane|spa|1\n|\n|t:|1682808400\n|switch|p1a: Azumarill|Azumarill, L50, F|100\/100|[from] Parting Shot\n|move|p1b: Slaking|Rock Slide|p2a: Annihilape|[spread] p2b\n|-activate|p2a: Annihilape|move: Protect\n|-crit|p2b: Flutter Mane\n|-damage|p2b: Flutter Mane|0 fnt\n|faint|p2b: Flutter Mane\n|-end|p2b: Flutter Mane|Protosynthesis|[silent]\n|\n|-heal|p2a: Annihilape|48\/100|[from] item: Leftovers\n|upkeep\n|\n|t:|1682808406\n|switch|p2b: Ting-Lu|Ting-Lu, L50|100\/100\n|-ability|p2b: Ting-Lu|Vessel of Ruin\n|turn|8\n|\n|t:|1682808424\n|move|p1b: Slaking|Drain Punch|p2b: Ting-Lu\n|-supereffective|p2b: Ting-Lu\n|-crit|p2b: Ting-Lu\n|-damage|p2b: Ting-Lu|21\/100\n|-heal|p1b: Slaking|59\/100|[from] drain|[of] p2b: Ting-Lu\n|move|p2a: Annihilape|Rage Fist|p1a: Azumarill\n|-damage|p1a: Azumarill|0 fnt\n|faint|p1a: Azumarill\n|move|p2b: Ting-Lu|Fissure|p1b: Slaking\n|-damage|p1b: Slaking|0 fnt\n|faint|p1b: Slaking\n|-ohko\n|\n|-heal|p2a: Annihilape|54\/100|[from] item: Leftovers\n|upkeep\n|\n|t:|1682808434\n|switch|p1b: Grafaiai|Grafaiai, L50, F|100\/100\n|turn|9\n|\n|t:|1682808443\n|move|p1b: Grafaiai|Knock Off|p2a: Annihilape\n|-damage|p2a: Annihilape|41\/100\n|-enditem|p2a: Annihilape|Leftovers|[from] move: Knock Off|[of] p1b: Grafaiai\n|move|p2a: Annihilape|Drain Punch|p1b: Grafaiai\n|-damage|p1b: Grafaiai|33\/100\n|-heal|p2a: Annihilape|69\/100|[from] drain|[of] p1b: Grafaiai\n|move|p2b: Ting-Lu|Stomping Tantrum|p1b: Grafaiai\n|-supereffective|p1b: Grafaiai\n|-damage|p1b: Grafaiai|0 fnt\n|faint|p1b: Grafaiai\n|\n|win|giotre2\n|raw|Pkm_ant's rating: 1213 → 1191<\/strong> (-22 for losing)\n|raw|giotre2's rating: 1251 → 1273<\/strong> (+22 for winning)\n|l|\u2606Pkm_ant\n","uploadtime":1682808464,"views":19,"p1id":"pkmant","p2id":"giotre2","formatid":"gen9vgc2023regulationc","rating":1191,"private":0,"password":""}