{"id":"gen9vgc2023regulationc-1851723597","p1":"bgcfranky","p2":"Bluenight49","format":"[Gen 9] VGC 2023 Regulation C","log":"|j|\u2606bgcfranky\n|j|\u2606Bluenight49\n|t:|1682474423\n|gametype|doubles\n|player|p1|bgcfranky|rocketgrunt|1045\n|player|p2|Bluenight49|hilbert|1015\n|teamsize|p1|6\n|teamsize|p2|6\n|gen|9\n|tier|[Gen 9] VGC 2023 Regulation C\n|rated|\n|rule|Species Clause: Limit one of each Pok\u00e9mon\n|rule|Item Clause: Limit one of each item\n|clearpoke\n|poke|p1|Volcarona, L50, F|\n|poke|p1|Wo-Chien, L50|\n|poke|p1|Grimmsnarl, L50, M|\n|poke|p1|Iron Hands, L50|\n|poke|p1|Slowking, L50, M|\n|poke|p1|Salamence, L50, M|\n|poke|p2|Arcanine, L50, M|\n|poke|p2|Cetitan, L50, F|\n|poke|p2|Iron Bundle, L50|\n|poke|p2|Flutter Mane, L50|\n|poke|p2|Espathra, L50, F|\n|poke|p2|Hydreigon, L50, F|\n|teampreview|4\n|\n|t:|1682474466\n|start\n|switch|p1a: Volcarona|Volcarona, L50, F|100\/100\n|switch|p1b: Grimmsnarl|Grimmsnarl, L50, M, shiny|100\/100\n|switch|p2a: Flutter Mane|Flutter Mane, L50|100\/100\n|switch|p2b: Hydreigon|Hydreigon, L50, F|100\/100\n|-enditem|p2a: Flutter Mane|Booster Energy\n|-activate|p2a: Flutter Mane|ability: Protosynthesis|[fromitem]\n|-start|p2a: Flutter Mane|protosynthesisspe\n|turn|1\n|\n|t:|1682474504\n|-terastallize|p1a: Volcarona|Fairy\n|move|p1b: Grimmsnarl|Parting Shot|p2a: Flutter Mane\n|-unboost|p2a: Flutter Mane|atk|1\n|-unboost|p2a: Flutter Mane|spa|1\n|\n|t:|1682474517\n|switch|p1b: Wo-Chien|Wo-Chien, L50|100\/100|[from] Parting Shot\n|-ability|p1b: Wo-Chien|Tablets of Ruin\n|move|p2a: Flutter Mane|Moonblast|p1b: Wo-Chien\n|-supereffective|p1b: Wo-Chien\n|-damage|p1b: Wo-Chien|65\/100\n|move|p2b: Hydreigon|Flash Cannon|p1b: Wo-Chien\n|-damage|p1b: Wo-Chien|52\/100\n|move|p1a: Volcarona|Tera Blast|p2b: Hydreigon\n|-supereffective|p2b: Hydreigon\n|-damage|p2b: Hydreigon|0 fnt\n|faint|p2b: Hydreigon\n|\n|upkeep\n|\n|t:|1682474532\n|switch|p2b: Iron Bundle|Iron Bundle, L50|100\/100\n|turn|2\n|\n|t:|1682474557\n|-end|p2a: Flutter Mane|Protosynthesis|[silent]\n|switch|p2a: Arcanine|Arcanine, L50, M|100\/100\n|-ability|p2a: Arcanine|Intimidate|boost\n|-unboost|p1a: Volcarona|atk|1\n|-unboost|p1b: Wo-Chien|atk|1\n|switch|p1b: Grimmsnarl|Grimmsnarl, L50, M, shiny|100\/100\n|move|p2b: Iron Bundle|Hydro Pump|p1a: Volcarona\n|-damage|p1a: Volcarona|48\/100\n|move|p1a: Volcarona|Quiver Dance|p1a: Volcarona\n|-boost|p1a: Volcarona|spa|1\n|-boost|p1a: Volcarona|spd|1\n|-boost|p1a: Volcarona|spe|1\n|\n|upkeep\n|turn|3\n|\n|t:|1682474582\n|move|p1b: Grimmsnarl|Fake Out|p2b: Iron Bundle\n|-damage|p2b: Iron Bundle|86\/100\n|cant|p2b: Iron Bundle|flinch\n|move|p1a: Volcarona|Fiery Dance|p2b: Iron Bundle\n|-crit|p2b: Iron Bundle\n|-damage|p2b: Iron Bundle|0 fnt\n|faint|p2b: Iron Bundle\n|-end|p2b: Iron Bundle|Quark Drive|[silent]\n|move|p2a: Arcanine|Will-O-Wisp|p1b: Grimmsnarl\n|-status|p1b: Grimmsnarl|brn\n|\n|-damage|p1b: Grimmsnarl|95\/100 brn|[from] brn\n|upkeep\n|\n|t:|1682474594\n|switch|p2b: Flutter Mane|Flutter Mane, L50|100\/100\n|turn|4\n|\n|t:|1682474621\n|-terastallize|p2b: Flutter Mane|Ghost\n|move|p1a: Volcarona|Protect|p1a: Volcarona\n|-singleturn|p1a: Volcarona|Protect\n|move|p1b: Grimmsnarl|Parting Shot|p2b: Flutter Mane\n|-unboost|p2b: Flutter Mane|atk|1\n|-unboost|p2b: Flutter Mane|spa|1\n|\n|t:|1682474629\n|switch|p1b: Iron Hands|Iron Hands, L50|100\/100|[from] Parting Shot\n|move|p2b: Flutter Mane|Shadow Ball|p1a: Volcarona\n|-activate|p1a: Volcarona|move: Protect\n|move|p2a: Arcanine|Flare Blitz|p1a: Volcarona\n|-activate|p1a: Volcarona|move: Protect\n|\n|upkeep\n|turn|5\n|\n|t:|1682474655\n|move|p2b: Flutter Mane|Shadow Ball|p1a: Volcarona\n|-damage|p1a: Volcarona|25\/100\n|-unboost|p1a: Volcarona|spd|1\n|move|p1a: Volcarona|Fiery Dance|p2b: Flutter Mane\n|-damage|p2b: Flutter Mane|38\/100\n|-boost|p1a: Volcarona|spa|1\n|move|p2a: Arcanine|Will-O-Wisp|p1b: Iron Hands\n|-status|p1b: Iron Hands|brn\n|move|p1b: Iron Hands|Drain Punch|p2a: Arcanine\n|-damage|p2a: Arcanine|75\/100\n|\n|-heal|p2a: Arcanine|81\/100|[from] item: Leftovers\n|-damage|p1b: Iron Hands|94\/100 brn|[from] brn\n|upkeep\n|turn|6\n|\n|t:|1682474675\n|-end|p1b: Iron Hands|Quark Drive|[silent]\n|switch|p1b: Grimmsnarl|Grimmsnarl, L50, M, shiny|95\/100 brn\n|move|p1a: Volcarona|Protect|p1a: Volcarona\n|-singleturn|p1a: Volcarona|Protect\n|move|p2b: Flutter Mane|Shadow Ball|p1b: Grimmsnarl\n|-resisted|p1b: Grimmsnarl\n|-damage|p1b: Grimmsnarl|76\/100 brn\n|move|p2a: Arcanine|Flare Blitz|p1a: Volcarona\n|-activate|p1a: Volcarona|move: Protect\n|\n|-heal|p2a: Arcanine|88\/100|[from] item: Leftovers\n|-damage|p1b: Grimmsnarl|70\/100 brn|[from] brn\n|upkeep\n|turn|7\n|\n|t:|1682474706\n|move|p2a: Arcanine|Extreme Speed|p1b: Grimmsnarl\n|-damage|p1b: Grimmsnarl|45\/100 brn\n|move|p1b: Grimmsnarl|Parting Shot|p2b: Flutter Mane\n|-unboost|p2b: Flutter Mane|atk|1\n|-unboost|p2b: Flutter Mane|spa|1\n|\n|t:|1682474715\n|switch|p1b: Wo-Chien|Wo-Chien, L50|52\/100|[from] Parting Shot\n|-ability|p1b: Wo-Chien|Tablets of Ruin\n|move|p2b: Flutter Mane|Shadow Ball|p1a: Volcarona\n|-damage|p1a: Volcarona|0 fnt\n|faint|p1a: Volcarona\n|\n|-heal|p2a: Arcanine|94\/100|[from] item: Leftovers\n|upkeep\n|\n|t:|1682474735\n|switch|p1a: Iron Hands|Iron Hands, L50|94\/100 brn\n|turn|8\n|\n|t:|1682474749\n|move|p1a: Iron Hands|Fake Out|p2a: Arcanine\n|-damage|p2a: Arcanine|87\/100\n|move|p2b: Flutter Mane|Shadow Ball|p1a: Iron Hands\n|-damage|p1a: Iron Hands|75\/100 brn\n|cant|p2a: Arcanine|flinch\n|move|p1b: Wo-Chien|Knock Off|p2b: Flutter Mane\n|-supereffective|p2b: Flutter Mane\n|-damage|p2b: Flutter Mane|0 fnt\n|faint|p2b: Flutter Mane\n|-end|p2b: Flutter Mane|Protosynthesis|[silent]\n|\n|-heal|p2a: Arcanine|93\/100|[from] item: Leftovers\n|-damage|p1a: Iron Hands|69\/100 brn|[from] brn\n|upkeep\n|turn|9\n|\n|t:|1682474768\n|move|p2a: Arcanine|Flare Blitz|p1b: Wo-Chien\n|-supereffective|p1b: Wo-Chien\n|-damage|p1b: Wo-Chien|4\/100\n|-damage|p2a: Arcanine|76\/100|[from] Recoil\n|move|p1b: Wo-Chien|Pollen Puff|p1a: Iron Hands\n|-heal|p1a: Iron Hands|100\/100 brn\n|move|p1a: Iron Hands|Belly Drum|p1a: Iron Hands\n|-damage|p1a: Iron Hands|51\/100 brn\n|-setboost|p1a: Iron Hands|atk|6|[from] move: Belly Drum\n|\n|-heal|p2a: Arcanine|83\/100|[from] item: Leftovers\n|-damage|p1a: Iron Hands|45\/100 brn|[from] brn\n|upkeep\n|-enditem|p1a: Iron Hands|Sitrus Berry|[eat]\n|-heal|p1a: Iron Hands|69\/100 brn|[from] item: Sitrus Berry\n|turn|10\n|\n|t:|1682474794\n|switch|p1b: Grimmsnarl|Grimmsnarl, L50, M, shiny|45\/100 brn\n|move|p2a: Arcanine|Extreme Speed|p1b: Grimmsnarl\n|-damage|p1b: Grimmsnarl|19\/100 brn\n|move|p1a: Iron Hands|Drain Punch|p2a: Arcanine\n|-damage|p2a: Arcanine|0 fnt\n|-heal|p1a: Iron Hands|97\/100 brn|[from] drain|[of] p2a: Arcanine\n|faint|p2a: Arcanine\n|\n|win|bgcfranky\n|raw|bgcfranky's rating: 1045 → 1075<\/strong> (+30 for winning)\n|raw|Bluenight49's rating: 1015 → 1004<\/strong> (-11 for losing)\n|l|\u2606Bluenight49\n","uploadtime":1682474808,"views":10,"p1id":"bgcfranky","p2id":"bluenight49","formatid":"gen9vgc2023regulationc","rating":1004,"private":0,"password":""}