{"id":"gen9vgc2023regulationc-1862328734","p1":"jchemmy","p2":"Garydosses","format":"[Gen 9] VGC 2023 Regulation C","log":"|j|\u2606jchemmy\n|j|\u2606Garydosses\n|t:|1683866674\n|gametype|doubles\n|player|p1|jchemmy|brock|1399\n|player|p2|Garydosses|102|1359\n|teamsize|p1|6\n|teamsize|p2|6\n|gen|9\n|tier|[Gen 9] VGC 2023 Regulation C\n|rated|\n|rule|Species Clause: Limit one of each Pok\u00e9mon\n|rule|Item Clause: Limit one of each item\n|clearpoke\n|poke|p1|Flutter Mane, L50|\n|poke|p1|Ting-Lu, L50|\n|poke|p1|Baxcalibur, L50, M|\n|poke|p1|Palafin, L50, M|\n|poke|p1|Arcanine, L50, F|\n|poke|p1|Amoonguss, L50, M|\n|poke|p2|Tyranitar, L50, M|\n|poke|p2|Iron Bundle, L50|\n|poke|p2|Great Tusk, L50|\n|poke|p2|Corviknight, L50, M|\n|poke|p2|Palafin, L50, F|\n|poke|p2|Flutter Mane, L50|\n|teampreview|4\n|inactive|Battle timer is ON: inactive players will automatically lose when time's up. (requested by jchemmy)\n|inactive|Garydosses also wants the timer to be on.\njchemmy has agreed to open team sheets.\nGarydosses has agreed to open team sheets.\n|inactive|jchemmy has 60 seconds left.\n|inactive|Garydosses has 60 seconds left.\n|inactive|Garydosses has 30 seconds left.\n|inactive|Garydosses has 20 seconds left.\n|\n|t:|1683866749\n|start\n|switch|p1a: Arcanine|Arcanine, L50, F|100\/100\n|switch|p1b: Flutter Mane|Flutter Mane, L50|100\/100\n|switch|p2a: Palafin|Palafin, L50, F|100\/100\n|switch|p2b: Lycanrock|Great Tusk, L50|100\/100\n|-ability|p1a: Arcanine|Intimidate|boost\n|-unboost|p2a: Palafin|atk|1\n|-unboost|p2b: Lycanrock|atk|1\n|turn|1\n|inactive|Garydosses has 30 seconds left.\n|\n|t:|1683866775\n|-end|p1b: Flutter Mane|Protosynthesis|[silent]\n|switch|p1b: Amoonguss|Amoonguss, L50, M|100\/100\n|detailschange|p2a: Palafin|Palafin-Hero, L50, F\n|switch|p2a: Corviknight|Corviknight, L50, M|100\/100\n|-terastallize|p1a: Arcanine|Flying\n|move|p2b: Lycanrock|Earthquake|p1b: Amoonguss|[spread] p1b\n|-immune|p2a: Corviknight\n|-immune|p1a: Arcanine\n|-damage|p1b: Amoonguss|77\/100\n|move|p1a: Arcanine|Will-O-Wisp|p2b: Lycanrock|[miss]\n|-miss|p1a: Arcanine|p2b: Lycanrock\n|\n|upkeep\n|turn|2\n|inactive|jchemmy has 30 seconds left.\n|inactive|Garydosses has 30 seconds left.\n|inactive|jchemmy has 20 seconds left.\n|inactive|Garydosses has 20 seconds left.\n|\n|t:|1683866818\n|-end|p2b: Lycanrock|Protosynthesis|[silent]\n|switch|p2b: Flutter Mane|Flutter Mane, L50|100\/100\n|move|p1a: Arcanine|Will-O-Wisp|p2a: Corviknight\n|-status|p2a: Corviknight|brn\n|move|p2a: Corviknight|Tailwind|p2a: Corviknight\n|-sidestart|p2: Garydosses|move: Tailwind\n|move|p1b: Amoonguss|Spore|p2b: Flutter Mane\n|-activate|p2b: Flutter Mane|item: Safety Goggles|Spore\n|\n|-damage|p2a: Corviknight|95\/100 brn|[from] brn\n|upkeep\n|turn|3\n|inactive|Garydosses has 30 seconds left.\n|\n|t:|1683866844\n|switch|p1b: Ting-Lu|Ting-Lu, L50|100\/100\n|-ability|p1b: Ting-Lu|Vessel of Ruin\n|move|p2b: Flutter Mane|Calm Mind|p2b: Flutter Mane\n|-boost|p2b: Flutter Mane|spa|1\n|-boost|p2b: Flutter Mane|spd|1\n|move|p2a: Corviknight|Brave Bird|p1b: Ting-Lu\n|-damage|p1b: Ting-Lu|89\/100\n|-damage|p2a: Corviknight|90\/100 brn|[from] Recoil\n|move|p1a: Arcanine|Howl|p1a: Arcanine|[spread] p1a,p1b\n|-boost|p1a: Arcanine|atk|1\n|-boost|p1b: Ting-Lu|atk|1\n|\n|-damage|p2a: Corviknight|84\/100 brn|[from] brn\n|upkeep\n|turn|4\n|\n|t:|1683866863\n|-terastallize|p2b: Flutter Mane|Fairy\n|move|p1a: Arcanine|Protect|p1a: Arcanine\n|-singleturn|p1a: Arcanine|Protect\n|move|p2b: Flutter Mane|Moonblast|p1b: Ting-Lu\n|-supereffective|p1b: Ting-Lu\n|-damage|p1b: Ting-Lu|13\/100\n|move|p2a: Corviknight|Iron Head|p1a: Arcanine\n|-activate|p1a: Arcanine|move: Protect\n|move|p1b: Ting-Lu|Heavy Slam|p2b: Flutter Mane\n|-supereffective|p2b: Flutter Mane\n|-damage|p2b: Flutter Mane|0 fnt\n|faint|p2b: Flutter Mane\n|-end|p2b: Flutter Mane|Protosynthesis|[silent]\n|\n|-damage|p2a: Corviknight|78\/100 brn|[from] brn\n|upkeep\n|\n|t:|1683866871\n|switch|p2b: Palafin|Palafin-Hero, L50, F|100\/100\n|-activate|p2b: Palafin|ability: Zero to Hero\n|turn|5\n|\n|t:|1683866895\n|move|p2b: Palafin|Protect|p2b: Palafin\n|-singleturn|p2b: Palafin|Protect\n|move|p2a: Corviknight|Brave Bird|p1b: Ting-Lu\n|-crit|p1b: Ting-Lu\n|-damage|p1b: Ting-Lu|0 fnt\n|faint|p1b: Ting-Lu\n|-damage|p2a: Corviknight|73\/100 brn|[from] Recoil\n|move|p1a: Arcanine|Will-O-Wisp|p2b: Palafin\n|-activate|p2b: Palafin|move: Protect\n|\n|-damage|p2a: Corviknight|67\/100 brn|[from] brn\n|-sideend|p2: Garydosses|move: Tailwind\n|upkeep\n|\n|t:|1683866910\n|switch|p1b: Amoonguss|Amoonguss, L50, M|100\/100\n|turn|6\n|\n|t:|1683866929\n|move|p1a: Arcanine|Protect|p1a: Arcanine\n|-singleturn|p1a: Arcanine|Protect\n|move|p2b: Palafin|Wave Crash|p1b: Amoonguss\n|-resisted|p1b: Amoonguss\n|-damage|p1b: Amoonguss|62\/100\n|-damage|p2b: Palafin|87\/100|[from] Recoil\n|move|p2a: Corviknight|Brave Bird|p1b: Amoonguss\n|-supereffective|p1b: Amoonguss\n|-damage|p1b: Amoonguss|31\/100\n|-enditem|p1b: Amoonguss|Sitrus Berry|[eat]\n|-heal|p1b: Amoonguss|56\/100|[from] item: Sitrus Berry\n|-damage|p2a: Corviknight|57\/100 brn|[from] Recoil\n|move|p1b: Amoonguss|Spore|p2b: Palafin\n|-status|p2b: Palafin|slp|[from] move: Spore\n|\n|-damage|p2a: Corviknight|51\/100 brn|[from] brn\n|upkeep\n|turn|7\n|\n|t:|1683866949\n|switch|p1b: Flutter Mane|Flutter Mane, L50|100\/100\n|move|p1a: Arcanine|Flare Blitz|p2a: Corviknight\n|-supereffective|p2a: Corviknight\n|-damage|p2a: Corviknight|0 fnt\n|faint|p2a: Corviknight\n|-damage|p1a: Arcanine|83\/100|[from] Recoil\n|cant|p2b: Palafin|slp\n|\n|upkeep\n|\n|t:|1683866954\n|switch|p2a: Lycanrock|Great Tusk, L50|100\/100\n|turn|8\n|\n|t:|1683866973\n|-curestatus|p2b: Palafin|slp|[msg]\n|move|p2b: Palafin|Protect|p2b: Palafin\n|-singleturn|p2b: Palafin|Protect\n|move|p1b: Flutter Mane|Thunderbolt|p2b: Palafin\n|-activate|p2b: Palafin|move: Protect\n|move|p2a: Lycanrock|Headlong Rush|p1b: Flutter Mane\n|-damage|p1b: Flutter Mane|0 fnt\n|-unboost|p2a: Lycanrock|def|1\n|-unboost|p2a: Lycanrock|spd|1\n|faint|p1b: Flutter Mane\n|-end|p1b: Flutter Mane|Protosynthesis|[silent]\n|move|p1a: Arcanine|Will-O-Wisp|p2a: Lycanrock\n|-status|p2a: Lycanrock|brn\n|\n|-damage|p2a: Lycanrock|95\/100 brn|[from] brn\n|upkeep\n|\n|t:|1683866988\n|switch|p1b: Amoonguss|Amoonguss, L50, M|90\/100\n|turn|9\n|\n|t:|1683867010\n|move|p1b: Amoonguss|Rage Powder|p1b: Amoonguss\n|-singleturn|p1b: Amoonguss|move: Rage Powder\n|move|p2a: Lycanrock|Close Combat|p1b: Amoonguss\n|-resisted|p1b: Amoonguss\n|-damage|p1b: Amoonguss|75\/100\n|-unboost|p2a: Lycanrock|def|1\n|-unboost|p2a: Lycanrock|spd|1\n|move|p1a: Arcanine|Will-O-Wisp|p2b: Palafin\n|-status|p2b: Palafin|brn\n|move|p2b: Palafin|Wave Crash|p1b: Amoonguss\n|-resisted|p1b: Amoonguss\n|-damage|p1b: Amoonguss|56\/100\n|-damage|p2b: Palafin|81\/100 brn|[from] Recoil\n|\n|-damage|p2a: Lycanrock|89\/100 brn|[from] brn\n|-damage|p2b: Palafin|75\/100 brn|[from] brn\n|upkeep\n|turn|10\n|inactive|jchemmy has 30 seconds left.\n|\n|t:|1683867041\n|move|p2a: Lycanrock|Headlong Rush|p1b: Amoonguss\n|-damage|p1b: Amoonguss|28\/100\n|-unboost|p2a: Lycanrock|def|1\n|-unboost|p2a: Lycanrock|spd|1\n|move|p1a: Arcanine|Flare Blitz|p2a: Lycanrock\n|-damage|p2a: Lycanrock|0 fnt\n|faint|p2a: Lycanrock\n|-end|p2a: Lycanrock|Protosynthesis|[silent]\n|-damage|p1a: Arcanine|54\/100|[from] Recoil\n|move|p2b: Palafin|Wave Crash|p1b: Amoonguss\n|-resisted|p1b: Amoonguss\n|-damage|p1b: Amoonguss|8\/100\n|-damage|p2b: Palafin|68\/100 brn|[from] Recoil\n|move|p1b: Amoonguss|Pollen Puff|p1a: Arcanine\n|-heal|p1a: Arcanine|100\/100\n|\n|-damage|p2b: Palafin|62\/100 brn|[from] brn\n|upkeep\n|turn|11\n|\n|t:|1683867060\n|move|p1b: Amoonguss|Protect|p1b: Amoonguss\n|-singleturn|p1b: Amoonguss|Protect\n|move|p1a: Arcanine|Flare Blitz|p2b: Palafin\n|-resisted|p2b: Palafin\n|-damage|p2b: Palafin|33\/100 brn\n|-damage|p1a: Arcanine|90\/100|[from] Recoil\n|move|p2b: Palafin|Wave Crash|p1b: Amoonguss\n|-activate|p1b: Amoonguss|move: Protect\n|\n|-damage|p2b: Palafin|27\/100 brn|[from] brn\n|upkeep\n|turn|12\n|\n|t:|1683867073\n|move|p1b: Amoonguss|Rage Powder|p1b: Amoonguss\n|-singleturn|p1b: Amoonguss|move: Rage Powder\n|move|p1a: Arcanine|Flare Blitz|p2b: Palafin\n|-resisted|p2b: Palafin\n|-damage|p2b: Palafin|0 fnt\n|faint|p2b: Palafin\n|-damage|p1a: Arcanine|81\/100|[from] Recoil\n|\n|win|jchemmy\n|raw|jchemmy's rating: 1399 → 1417<\/strong> (+18 for winning)\n|raw|Garydosses's rating: 1359 → 1341<\/strong> (-18 for losing)\n|l|\u2606Garydosses\n","uploadtime":1683867079,"views":19,"p1id":"jchemmy","p2id":"garydosses","formatid":"gen9vgc2023regulationc","rating":1341,"private":0,"password":""}