{"id":"gen9vgc2023regulationc-1848197655","p1":"WillieDangerously","p2":"blastoise6122","format":"[Gen 9] VGC 2023 Regulation C","log":"|j|\u2606WillieDangerously\n|j|\u2606blastoise6122\n|t:|1682041322\n|gametype|doubles\n|player|p1|WillieDangerously|psychic-gen4|1074\n|player|p2|blastoise6122|riley|1106\n|teamsize|p1|6\n|teamsize|p2|6\n|gen|9\n|tier|[Gen 9] VGC 2023 Regulation C\n|rated|\n|rule|Species Clause: Limit one of each Pok\u00e9mon\n|rule|Item Clause: Limit one of each item\n|clearpoke\n|poke|p1|Espathra, L50, F|\n|poke|p1|Iron Bundle, L50|\n|poke|p1|Iron Valiant, L50|\n|poke|p1|Salamence, L50, F|\n|poke|p1|Scizor, L50, M|\n|poke|p1|Sandy Shocks, L50|\n|poke|p2|Orthworm, L50, F|\n|poke|p2|Glimmora, L50, F|\n|poke|p2|Gastrodon, L50, M|\n|poke|p2|Farigiraf, L50, F|\n|poke|p2|Mimikyu, L50, F|\n|poke|p2|Dragonite, L50, F|\n|teampreview|4\n|inactive|Battle timer is ON: inactive players will automatically lose when time's up. (requested by WillieDangerously)\n|\n|t:|1682041417\n|start\n|switch|p1a: Espathra|Espathra, L50, F|100\/100\n|switch|p1b: Sandy Shocks|Sandy Shocks, L50|100\/100\n|switch|p2a: Mimikyu|Mimikyu, L50, F|100\/100\n|switch|p2b: Gastrodon|Gastrodon, L50, M|100\/100\n|-enditem|p1b: Sandy Shocks|Booster Energy\n|-activate|p1b: Sandy Shocks|ability: Protosynthesis|[fromitem]\n|-start|p1b: Sandy Shocks|protosynthesisspe\n|turn|1\n|\n|t:|1682041439\n|move|p2b: Gastrodon|Protect|p2b: Gastrodon\n|-singleturn|p2b: Gastrodon|Protect\n|move|p1b: Sandy Shocks|Gravity|p1b: Sandy Shocks\n|-fieldstart|move: Gravity\n|move|p1a: Espathra|Hypnosis|p2a: Mimikyu\n|-status|p2a: Mimikyu|slp|[from] move: Hypnosis\n|cant|p2a: Mimikyu|slp\n|\n|-ability|p1a: Espathra|Speed Boost|boost\n|-boost|p1a: Espathra|spe|1\n|upkeep\n|turn|2\n|inactive|WillieDangerously has 30 seconds left.\n|inactive|blastoise6122 has 30 seconds left.\n|inactive|WillieDangerously has 20 seconds left.\n|\n|t:|1682041476\n|-end|p1b: Sandy Shocks|Protosynthesis|[silent]\n|switch|p1b: Scizor|Scizor, L50, M|100\/100\n|-curestatus|p2a: Mimikyu|slp|[msg]\n|move|p2a: Mimikyu|Protect|p2a: Mimikyu\n|-singleturn|p2a: Mimikyu|Protect\n|move|p1a: Espathra|Dazzling Gleam|p2b: Gastrodon|[spread] p2b\n|-activate|p2a: Mimikyu|move: Protect\n|-damage|p2b: Gastrodon|90\/100\n|move|p2b: Gastrodon|Earth Power|p1b: Scizor\n|-damage|p1b: Scizor|63\/100\n|\n|-heal|p2b: Gastrodon|96\/100|[from] item: Leftovers\n|-ability|p1a: Espathra|Speed Boost|boost\n|-boost|p1a: Espathra|spe|1\n|upkeep\n|turn|3\n|inactive|WillieDangerously has 30 seconds left.\n|inactive|blastoise6122 has 30 seconds left.\n|inactive|blastoise6122 has 20 seconds left.\n|\n|t:|1682041522\n|move|p2a: Mimikyu|Shadow Sneak|p1a: Espathra\n|-supereffective|p1a: Espathra\n|-crit|p1a: Espathra\n|-damage|p1a: Espathra|14\/100\n|move|p1a: Espathra|Dazzling Gleam|p2a: Mimikyu|[spread] p2a,p2b\n|-activate|p2a: Mimikyu|ability: Disguise\n|-damage|p2a: Mimikyu|100\/100\n|-damage|p2b: Gastrodon|85\/100\n|detailschange|p2a: Mimikyu|Mimikyu-Busted, L50, F\n|-damage|p2a: Mimikyu|88\/100|[from] pokemon: Mimikyu-Busted\n|move|p1b: Scizor|Swords Dance|p1b: Scizor\n|-boost|p1b: Scizor|atk|2\n|move|p2b: Gastrodon|Clear Smog|p1a: Espathra\n|-damage|p1a: Espathra|0 fnt\n|-clearboost|p1a: Espathra\n|faint|p1a: Espathra\n|\n|-heal|p2b: Gastrodon|91\/100|[from] item: Leftovers\n|upkeep\n|\n|t:|1682041539\n|switch|p1a: Sandy Shocks|Sandy Shocks, L50|100\/100\n|turn|4\n|\n|t:|1682041557\n|move|p1a: Sandy Shocks|Earth Power|p2b: Gastrodon\n|-damage|p2b: Gastrodon|63\/100\n|move|p1b: Scizor|Pounce|p2b: Gastrodon\n|-damage|p2b: Gastrodon|0 fnt\n|faint|p2b: Gastrodon\n|move|p2a: Mimikyu|Trick Room|p2a: Mimikyu\n|-fieldstart|move: Trick Room|[of] p2a: Mimikyu\n|\n|upkeep\n|\n|t:|1682041575\n|switch|p2b: Orthworm|Orthworm, L50, F|100\/100\n|turn|5\n|\n|t:|1682041590\n|move|p2a: Mimikyu|Shadow Sneak|p1b: Scizor\n|-damage|p1b: Scizor|42\/100\n|move|p1b: Scizor|Bullet Punch|p2a: Mimikyu\n|-supereffective|p2a: Mimikyu\n|-damage|p2a: Mimikyu|0 fnt\n|-damage|p1b: Scizor|26\/100|[from] item: Rocky Helmet|[of] p2a: Mimikyu\n|faint|p2a: Mimikyu\n|move|p2b: Orthworm|Body Press|p1b: Scizor\n|-damage|p1b: Scizor|0 fnt\n|faint|p1b: Scizor\n|move|p1a: Sandy Shocks|Earth Power|p2b: Orthworm\n|-immune|p2b: Orthworm|[from] ability: Earth Eater\n|\n|-fieldend|move: Gravity\n|upkeep\n|\n|t:|1682041605\n|switch|p2a: Dragonite|Dragonite, L50, F|100\/100\n|switch|p1b: Salamence|Salamence, L50, F|100\/100\n|turn|6\n|inactive|WillieDangerously has 30 seconds left.\n|inactive|WillieDangerously has 20 seconds left.\n|\n|t:|1682041643\n|-terastallize|p1b: Salamence|Rock\n|move|p2b: Orthworm|Body Press|p1a: Sandy Shocks\n|-damage|p1a: Sandy Shocks|66\/100\n|move|p2a: Dragonite|Ice Spinner|p1b: Salamence\n|-damage|p1b: Salamence|62\/100\n|move|p1a: Sandy Shocks|Gravity|p1a: Sandy Shocks\n|-fieldstart|move: Gravity\n|move|p1b: Salamence|Dragon Rush|p2a: Dragonite\n|-supereffective|p2a: Dragonite\n|-damage|p2a: Dragonite|40\/100\n|\n|upkeep\n|turn|7\n|inactive|WillieDangerously has 30 seconds left.\n|inactive|blastoise6122 has 30 seconds left.\n|\n|t:|1682041676\n|move|p2a: Dragonite|Protect|p2a: Dragonite\n|-singleturn|p2a: Dragonite|Protect\n|move|p2b: Orthworm|Body Press|p1b: Salamence\n|-supereffective|p1b: Salamence\n|-damage|p1b: Salamence|0 fnt\n|faint|p1b: Salamence\n|move|p1a: Sandy Shocks|Thunder|p2a: Dragonite\n|-activate|p2a: Dragonite|move: Protect\n|\n|upkeep\n|turn|8\n|\n|t:|1682041691\n|move|p1a: Sandy Shocks|Protect|p1a: Sandy Shocks\n|-singleturn|p1a: Sandy Shocks|Protect\n|move|p2b: Orthworm|Body Press|p1a: Sandy Shocks\n|-activate|p1a: Sandy Shocks|move: Protect\n|move|p2a: Dragonite|Ice Spinner|p1a: Sandy Shocks\n|-activate|p1a: Sandy Shocks|move: Protect\n|\n|-fieldend|move: Trick Room\n|upkeep\n|turn|9\n|\n|t:|1682041702\n|-terastallize|p2a: Dragonite|Normal\n|move|p2a: Dragonite|Extreme Speed|p1a: Sandy Shocks\n|-damage|p1a: Sandy Shocks|17\/100\n|move|p1a: Sandy Shocks|Thunder|p2b: Orthworm\n|-damage|p2b: Orthworm|20\/100\n|-enditem|p2b: Orthworm|Sitrus Berry|[eat]\n|-heal|p2b: Orthworm|45\/100|[from] item: Sitrus Berry\n|move|p2b: Orthworm|Body Press|p1a: Sandy Shocks\n|-damage|p1a: Sandy Shocks|0 fnt\n|faint|p1a: Sandy Shocks\n|-end|p1a: Sandy Shocks|Protosynthesis|[silent]\n|\n|win|blastoise6122\n|raw|WillieDangerously's rating: 1074 → 1055<\/strong> (-19 for losing)\n|raw|blastoise6122's rating: 1106 → 1129<\/strong> (+23 for winning)\n|l|\u2606blastoise6122\n","uploadtime":1682041713,"views":9,"p1id":"williedangerously","p2id":"blastoise6122","formatid":"gen9vgc2023regulationc","rating":1055,"private":0,"password":""}