{"id":"gen9vgc2023regulationc-1862898189","p1":"Rosalynpkmn","p2":"WhenWillIGetGood","format":"[Gen 9] VGC 2023 Regulation C","log":"|j|\u2606Rosalynpkmn\n|j|\u2606WhenWillIGetGood\n|t:|1683935468\n|gametype|doubles\n|player|p1|Rosalynpkmn|miriam|1211\n|player|p2|WhenWillIGetGood|101|1132\n|teamsize|p1|6\n|teamsize|p2|6\n|gen|9\n|tier|[Gen 9] VGC 2023 Regulation C\n|rated|\n|rule|Species Clause: Limit one of each Pok\u00e9mon\n|rule|Item Clause: Limit one of each item\n|clearpoke\n|poke|p1|Glimmora, L50, F|\n|poke|p1|Wo-Chien, L50|\n|poke|p1|Gyarados, L50, M|\n|poke|p1|Chi-Yu, L50|\n|poke|p1|Flutter Mane, L50|\n|poke|p1|Garganacl, L50, M|\n|poke|p2|Torkoal, L50, F|\n|poke|p2|Lilligant, L50, F|\n|poke|p2|Oranguru, L50, F|\n|poke|p2|Lycanroc-Midnight, L50, M|\n|poke|p2|Dondozo, L50, F|\n|poke|p2|Tatsugiri-Stretchy, L50, F|\n|teampreview|4\n|inactive|Battle timer is ON: inactive players will automatically lose when time's up. (requested by WhenWillIGetGood)\n|inactive|Rosalynpkmn has 60 seconds left.\n|inactive|WhenWillIGetGood has 60 seconds left.\n|\n|t:|1683935513\n|start\n|switch|p1a: Glimmora|Glimmora, L50, F|100\/100\n|switch|p1b: Garganacl|Garganacl, L50, M|100\/100\n|switch|p2a: Oranguru|Oranguru, L50, F|100\/100\n|switch|p2b: Lilligant|Lilligant, L50, F|100\/100\n|turn|1\n|\n|t:|1683935529\n|switch|p2b: Lycanroc|Lycanroc-Midnight, L50, M|100\/100\n|move|p1a: Glimmora|Mortal Spin|p2a: Oranguru|[spread] p2a,p2b\n|-resisted|p2b: Lycanroc\n|-damage|p2a: Oranguru|97\/100\n|-damage|p2b: Lycanroc|97\/100\n|-status|p2a: Oranguru|psn\n|-status|p2b: Lycanroc|psn\n|move|p2a: Oranguru|Skill Swap|p2b: Lycanroc\n|-activate|p2a: Oranguru|move: Skill Swap|||[of] p2b: Lycanroc\n|move|p1b: Garganacl|Salt Cure|p2a: Oranguru\n|-damage|p2a: Oranguru|86\/100 psn\n|-start|p2a: Oranguru|Salt Cure\n|\n|-damage|p2b: Lycanroc|85\/100 psn|[from] psn\n|-damage|p2a: Oranguru|74\/100 psn|[from] psn\n|-damage|p2a: Oranguru|62\/100 psn|[from] Salt Cure\n|upkeep\n|turn|2\n|inactive|Rosalynpkmn has 30 seconds left.\n|inactive|Rosalynpkmn has 20 seconds left.\n|inactive|Rosalynpkmn has 15 seconds left.\n|inactive|Rosalynpkmn has 10 seconds left.\n|\n|t:|1683935576\n|switch|p2b: Torkoal|Torkoal, L50, F|100\/100\n|-weather|SunnyDay|[from] ability: Drought|[of] p2b: Torkoal\n|move|p1b: Garganacl|Protect|p1b: Garganacl\n|-singleturn|p1b: Garganacl|Protect\n|move|p1a: Glimmora|Venoshock|p2a: Oranguru\n|-damage|p2a: Oranguru|11\/100 psn\n|move|p2a: Oranguru|Skill Swap|p2b: Torkoal\n|-activate|p2a: Oranguru|move: Skill Swap|||[of] p2b: Torkoal\n|\n|-weather|SunnyDay|[upkeep]\n|-damage|p2a: Oranguru|0 fnt|[from] psn\n|faint|p2a: Oranguru\n|upkeep\n|\n|t:|1683935580\n|switch|p2a: Lilligant|Lilligant, L50, F|100\/100\n|turn|3\n|inactive|Rosalynpkmn has 30 seconds left.\n|\n|t:|1683935606\n|move|p2b: Torkoal|Protect|p2b: Torkoal\n|-singleturn|p2b: Torkoal|Protect\n|move|p2a: Lilligant|Solar Beam||[still]\n|-prepare|p2a: Lilligant|Solar Beam\n|-anim|p2a: Lilligant|Solar Beam|p1b: Garganacl\n|-supereffective|p1b: Garganacl\n|-damage|p1b: Garganacl|24\/100\n|move|p1a: Glimmora|Mortal Spin|p2a: Lilligant|[spread] p2a\n|-activate|p2b: Torkoal|move: Protect\n|-supereffective|p2a: Lilligant\n|-crit|p2a: Lilligant\n|-damage|p2a: Lilligant|78\/100\n|-status|p2a: Lilligant|psn\n|move|p1b: Garganacl|Salt Cure|p2b: Torkoal\n|-activate|p2b: Torkoal|move: Protect\n|\n|-weather|SunnyDay|[upkeep]\n|-heal|p1b: Garganacl|30\/100|[from] item: Leftovers\n|-damage|p2a: Lilligant|66\/100 psn|[from] psn\n|upkeep\n|turn|4\n|\n|t:|1683935624\n|switch|p1a: Gyarados|Gyarados, L50, M|100\/100\n|-ability|p1a: Gyarados|Intimidate|boost\n|-unboost|p2a: Lilligant|atk|1\n|-unboost|p2b: Torkoal|atk|1\n|move|p1b: Garganacl|Protect|p1b: Garganacl\n|-singleturn|p1b: Garganacl|Protect\n|move|p2a: Lilligant|After You|p2b: Torkoal\n|-activate|p2b: Torkoal|move: After You\n|move|p2b: Torkoal|Fissure|p1a: Gyarados\n|-immune|p1a: Gyarados\n|\n|-weather|SunnyDay|[upkeep]\n|-heal|p1b: Garganacl|36\/100|[from] item: Leftovers\n|-damage|p2a: Lilligant|54\/100 psn|[from] psn\n|upkeep\n|turn|5\n|inactive|Rosalynpkmn has 30 seconds left.\n|\n|t:|1683935650\n|move|p1b: Garganacl|Wide Guard|p1b: Garganacl\n|-singleturn|p1b: Garganacl|Wide Guard\n|move|p2a: Lilligant|Solar Beam||[still]\n|-prepare|p2a: Lilligant|Solar Beam\n|-anim|p2a: Lilligant|Solar Beam|p1b: Garganacl\n|-supereffective|p1b: Garganacl\n|-damage|p1b: Garganacl|0 fnt\n|faint|p1b: Garganacl\n|move|p1a: Gyarados|Taunt|p2a: Lilligant\n|-start|p2a: Lilligant|move: Taunt\n|move|p2b: Torkoal|Yawn|p1a: Gyarados\n|-start|p1a: Gyarados|move: Yawn|[of] p2b: Torkoal\n|\n|-weather|SunnyDay|[upkeep]\n|-damage|p2a: Lilligant|41\/100 psn|[from] psn\n|upkeep\n|\n|t:|1683935657\n|switch|p1b: Glimmora|Glimmora, L50, F|100\/100\n|turn|6\n|\n|t:|1683935678\n|switch|p2a: Lycanroc|Lycanroc-Midnight, L50, M|85\/100 psn\n|switch|p1a: Wo-Chien|Wo-Chien, L50|100\/100\n|-ability|p1a: Wo-Chien|Tablets of Ruin\n|-terastallize|p1b: Glimmora|Grass\n|move|p2b: Torkoal|Protect|p2b: Torkoal\n|-singleturn|p2b: Torkoal|Protect\n|move|p1b: Glimmora|Power Gem|p2b: Torkoal\n|-activate|p2b: Torkoal|move: Protect\n|\n|-weather|none\n|-damage|p2a: Lycanroc|73\/100 psn|[from] psn\n|upkeep\n|turn|7\n|inactive|WhenWillIGetGood has 30 seconds left.\n|\n|t:|1683935705\n|switch|p1a: Gyarados|Gyarados, L50, M|100\/100\n|-ability|p1a: Gyarados|Intimidate|boost\n|-unboost|p2a: Lycanroc|atk|1\n|-unboost|p2b: Torkoal|atk|1\n|move|p2a: Lycanroc|Rock Slide|p1b: Glimmora|[spread] p1a,p1b\n|-supereffective|p1a: Gyarados\n|-damage|p1a: Gyarados|56\/100\n|-damage|p1b: Glimmora|83\/100\n|cant|p1b: Glimmora|flinch\n|move|p2b: Torkoal|Fissure|p1b: Glimmora\n|-damage|p1b: Glimmora|0 fnt\n|faint|p1b: Glimmora\n|-ohko\n|\n|-damage|p2a: Lycanroc|60\/100 psn|[from] psn\n|upkeep\n|\n|t:|1683935717\n|switch|p1b: Wo-Chien|Wo-Chien, L50|100\/100\n|-ability|p1b: Wo-Chien|Tablets of Ruin\n|turn|8\n|\n|t:|1683935722\n|move|p1b: Wo-Chien|Protect|p1b: Wo-Chien\n|-singleturn|p1b: Wo-Chien|Protect\n|move|p2a: Lycanroc|Rock Slide|p1a: Gyarados|[spread] p1a\n|-activate|p1b: Wo-Chien|move: Protect\n|-supereffective|p1a: Gyarados\n|-damage|p1a: Gyarados|28\/100\n|cant|p1a: Gyarados|flinch\n|move|p2b: Torkoal|Fissure|p1b: Wo-Chien\n|-activate|p1b: Wo-Chien|move: Protect\n|\n|-damage|p2a: Lycanroc|48\/100 psn|[from] psn\n|upkeep\n|turn|9\n|-message|Rosalynpkmn forfeited.\n|\n|win|WhenWillIGetGood\n|raw|Rosalynpkmn's rating: 1211 → 1180<\/strong> (-31 for losing)\n|raw|WhenWillIGetGood's rating: 1132 → 1163<\/strong> (+31 for winning)\n|l|\u2606Rosalynpkmn\n","uploadtime":1683935737,"views":8,"p1id":"rosalynpkmn","p2id":"whenwilligetgood","formatid":"gen9vgc2023regulationc","rating":1163,"private":0,"password":""}