{"id":"gen9vgc2023regulationc-1846182433","p1":"haha u rage quit","p2":"Cembranos123","format":"[Gen 9] VGC 2023 Regulation C","log":"|j|\u2606haha u rage quit\n|j|\u2606Cembranos123\n|t:|1681818375\n|gametype|doubles\n|player|p1|haha u rage quit|pokemaniac|1074\n|player|p2|Cembranos123|169|1039\n|teamsize|p1|6\n|teamsize|p2|6\n|gen|9\n|tier|[Gen 9] VGC 2023 Regulation C\n|rated|\n|rule|Species Clause: Limit one of each Pok\u00e9mon\n|rule|Item Clause: Limit one of each item\n|clearpoke\n|poke|p1|Garchomp, L50, M|\n|poke|p1|Flutter Mane, L50|\n|poke|p1|Great Tusk, L50|\n|poke|p1|Iron Bundle, L50|\n|poke|p1|Baxcalibur, L50, M|\n|poke|p1|Palafin, L50, M|\n|poke|p2|Lilligant, L50, F|\n|poke|p2|Torkoal, L50, F|\n|poke|p2|Flutter Mane, L50|\n|poke|p2|Kingambit, L50, F|\n|poke|p2|Dragonite, L50, F|\n|poke|p2|Great Tusk, L50|\n|teampreview|4\n|\n|t:|1681818403\n|start\n|switch|p1a: Garchomp|Garchomp, L50, M|100\/100\n|switch|p1b: Iron Bundle|Iron Bundle, L50|100\/100\n|switch|p2a: Espresso|Dragonite, L50, F|100\/100\n|switch|p2b: HOT|Kingambit, L50, F, shiny|100\/100\n|turn|1\n|\n|t:|1681818427\n|-terastallize|p1a: Garchomp|Ghost\n|-terastallize|p2a: Espresso|Flying\n|move|p2b: HOT|Sucker Punch|p1a: Garchomp\n|-supereffective|p1a: Garchomp\n|-damage|p1a: Garchomp|18\/100\n|-damage|p2b: HOT|88\/100|[from] ability: Rough Skin|[of] p1a: Garchomp\n|-enditem|p1a: Garchomp|Weakness Policy\n|-boost|p1a: Garchomp|atk|2|[from] item: Weakness Policy\n|-boost|p1a: Garchomp|spa|2|[from] item: Weakness Policy\n|move|p1b: Iron Bundle|Fling|p1a: Garchomp\n|-supereffective|p1a: Garchomp\n|-damage|p1a: Garchomp|13\/100\n|-boost|p1a: Garchomp|spe|1|[from] item: Salac Berry\n|-enditem|p1b: Iron Bundle|Salac Berry|[from] move: Fling\n|move|p1a: Garchomp|Rock Slide|p2b: HOT|[spread] p2a,p2b\n|-supereffective|p2a: Espresso\n|-resisted|p2b: HOT\n|-crit|p2b: HOT\n|-damage|p2a: Espresso|62\/100\n|-damage|p2b: HOT|65\/100\n|move|p2a: Espresso|Ice Spinner|p1a: Garchomp\n|-damage|p1a: Garchomp|0 fnt\n|-damage|p2a: Espresso|50\/100|[from] ability: Rough Skin|[of] p1a: Garchomp\n|faint|p1a: Garchomp\n|\n|upkeep\n|\n|t:|1681818450\n|switch|p1a: Great Tusk|Great Tusk, L50, shiny|100\/100\n|turn|2\n|\n|t:|1681818471\n|move|p1a: Great Tusk|Close Combat|p2b: HOT\n|-supereffective|p2b: HOT\n|-damage|p2b: HOT|0 fnt\n|-unboost|p1a: Great Tusk|def|1\n|-unboost|p1a: Great Tusk|spd|1\n|faint|p2b: HOT\n|move|p1b: Iron Bundle|Freeze-Dry|p2a: Espresso\n|-supereffective|p2a: Espresso\n|-damage|p2a: Espresso|0 fnt\n|faint|p2a: Espresso\n|\n|upkeep\n|\n|t:|1681818478\n|switch|p2a: Breakthrough|Torkoal, L50, F, shiny|100\/100\n|switch|p2b: FANCY|Flutter Mane, L50, shiny|100\/100\n|-weather|SunnyDay|[from] ability: Drought|[of] p2a: Breakthrough\n|-activate|p1a: Great Tusk|ability: Protosynthesis\n|-start|p1a: Great Tusk|protosynthesisatk\n|-activate|p2b: FANCY|ability: Protosynthesis\n|-start|p2b: FANCY|protosynthesisspa\n|turn|3\n|inactive|Battle timer is ON: inactive players will automatically lose when time's up. (requested by Cembranos123)\n|\n|t:|1681818506\n|-end|p1a: Great Tusk|Protosynthesis|[silent]\n|switch|p1a: Flutter Mane|Flutter Mane, L50|100\/100\n|-activate|p1a: Flutter Mane|ability: Protosynthesis\n|-start|p1a: Flutter Mane|protosynthesisspe\n|move|p1b: Iron Bundle|Protect|p1b: Iron Bundle\n|-singleturn|p1b: Iron Bundle|Protect\n|move|p2b: FANCY|Moonblast|p1a: Flutter Mane\n|-damage|p1a: Flutter Mane|0 fnt\n|faint|p1a: Flutter Mane\n|-end|p1a: Flutter Mane|Protosynthesis|[silent]\n|move|p2a: Breakthrough|Eruption|p1b: Iron Bundle\n|-activate|p1b: Iron Bundle|move: Protect\n|\n|-weather|SunnyDay|[upkeep]\n|upkeep\n|\n|t:|1681818519\n|switch|p1a: Great Tusk|Great Tusk, L50, shiny|100\/100\n|-activate|p1a: Great Tusk|ability: Protosynthesis\n|-start|p1a: Great Tusk|protosynthesisatk\n|turn|4\n|\n|t:|1681818533\n|move|p1b: Iron Bundle|Protect||[still]\n|-fail|p1b: Iron Bundle\n|move|p1a: Great Tusk|Earthquake|p2a: Breakthrough|[spread] p1b,p2a,p2b\n|-supereffective|p2a: Breakthrough\n|-damage|p1b: Iron Bundle|32\/100\n|-damage|p2a: Breakthrough|8\/100\n|-damage|p2b: FANCY|0 fnt\n|faint|p2b: FANCY\n|-end|p2b: FANCY|Protosynthesis|[silent]\n|move|p2a: Breakthrough|Eruption|p1a: Great Tusk|[spread] p1a,p1b\n|-damage|p1a: Great Tusk|91\/100\n|-damage|p1b: Iron Bundle|17\/100\n|\n|-weather|SunnyDay|[upkeep]\n|upkeep\n|turn|5\n|\n|t:|1681818545\n|move|p1b: Iron Bundle|Protect|p1b: Iron Bundle\n|-singleturn|p1b: Iron Bundle|Protect\n|move|p2a: Breakthrough|Protect|p2a: Breakthrough\n|-singleturn|p2a: Breakthrough|Protect\n|move|p1a: Great Tusk|Earthquake|p2a: Breakthrough|[spread] \n|-activate|p1b: Iron Bundle|move: Protect\n|-activate|p2a: Breakthrough|move: Protect\n|\n|-weather|SunnyDay|[upkeep]\n|upkeep\n|turn|6\n|\n|t:|1681818552\n|move|p1a: Great Tusk|Earthquake|p2a: Breakthrough|[spread] p1b,p2a\n|-supereffective|p2a: Breakthrough\n|-damage|p1b: Iron Bundle|0 fnt\n|-damage|p2a: Breakthrough|0 fnt\n|faint|p1b: Iron Bundle\n|-end|p1b: Iron Bundle|Quark Drive|[silent]\n|faint|p2a: Breakthrough\n|\n|win|haha u rage quit\n|raw|haha u rage quit's rating: 1074 → 1100<\/strong> (+26 for winning)\n|raw|Cembranos123's rating: 1039 → 1025<\/strong> (-14 for losing)\n|l|\u2606Cembranos123\n","uploadtime":1681818565,"views":5,"p1id":"hahauragequit","p2id":"cembranos123","formatid":"gen9vgc2023regulationc","rating":1025,"private":0,"password":""}