{"id":"gen9vgc2023regulationc-1861731877","p1":"PleaseStepBro","p2":"BluePkmnTrnr","format":"[Gen 9] VGC 2023 Regulation C","log":"|j|\u2606PleaseStepBro\n|j|\u2606BluePkmnTrnr\n|t:|1683801530\n|gametype|doubles\n|player|p1|PleaseStepBro|102|1000\n|player|p2|BluePkmnTrnr|blue|1045\n|teamsize|p1|6\n|teamsize|p2|6\n|gen|9\n|tier|[Gen 9] VGC 2023 Regulation C\n|rated|\n|rule|Species Clause: Limit one of each Pok\u00e9mon\n|rule|Item Clause: Limit one of each item\n|clearpoke\n|poke|p1|Scovillain, L50, F|\n|poke|p1|Grimmsnarl, L50, M|\n|poke|p1|Iron Bundle, L50|\n|poke|p1|Iron Valiant, L50|\n|poke|p1|Garganacl, L50, F|\n|poke|p1|Great Tusk, L50|\n|poke|p2|Glimmora, L50, M|\n|poke|p2|Palafin, L50, M|\n|poke|p2|Amoonguss, L50, M|\n|poke|p2|Baxcalibur, L50, M|\n|poke|p2|Flutter Mane, L50|\n|poke|p2|Chi-Yu, L50|\n|teampreview|4\n|inactive|Battle timer is ON: inactive players will automatically lose when time's up. (requested by BluePkmnTrnr)\n|\n|t:|1683801552\n|start\n|switch|p1a: Grimmsnarl|Grimmsnarl, L50, M|100\/100\n|switch|p1b: Scovillain|Scovillain, L50, F, shiny|100\/100\n|switch|p2a: Glimmora|Glimmora, L50, M|100\/100\n|switch|p2b: Palafin|Palafin, L50, M, shiny|100\/100\n|turn|1\n|\n|t:|1683801565\n|move|p1b: Scovillain|Protect|p1b: Scovillain\n|-singleturn|p1b: Scovillain|Protect\n|move|p1a: Grimmsnarl|Reflect|p1a: Grimmsnarl\n|-sidestart|p1: PleaseStepBro|Reflect\n|move|p2b: Palafin|Flip Turn|p1a: Grimmsnarl\n|-damage|p1a: Grimmsnarl|83\/100\n|\n|t:|1683801571\n|detailschange|p2b: Palafin|Palafin-Hero, L50, M, shiny\n|switch|p2b: Amoonguss|Amoonguss, L50, M, shiny|100\/100|[from] Flip Turn\n|move|p2a: Glimmora|Spikes|p1a: Grimmsnarl\n|-sidestart|p1: PleaseStepBro|Spikes\n|\n|-ability|p1b: Scovillain|Moody|boost\n|-boost|p1b: Scovillain|spe|2\n|-unboost|p1b: Scovillain|spa|1\n|upkeep\n|turn|2\n|\n|t:|1683801587\n|move|p1a: Grimmsnarl|Taunt|p2b: Amoonguss\n|-start|p2b: Amoonguss|move: Taunt\n|move|p1b: Scovillain|Leech Seed|p2a: Glimmora\n|-start|p2a: Glimmora|move: Leech Seed\n|move|p2a: Glimmora|Stealth Rock|p1b: Scovillain\n|-sidestart|p1: PleaseStepBro|move: Stealth Rock\n|cant|p2b: Amoonguss|move: Taunt|Spore\n|\n|-damage|p2a: Glimmora|88\/100|[from] Leech Seed|[of] p1b: Scovillain\n|-ability|p1b: Scovillain|Moody|boost\n|-boost|p1b: Scovillain|atk|2\n|-unboost|p1b: Scovillain|def|1\n|upkeep\n|turn|3\n|c|\u2606BluePkmnTrnr|ugh fat fingered\n|inactive|BluePkmnTrnr has 30 seconds left.\n|inactive|BluePkmnTrnr has 20 seconds left.\n|inactive|BluePkmnTrnr has 15 seconds left.\n|inactive|BluePkmnTrnr has 10 seconds left.\n|\n|t:|1683801635\n|move|p1a: Grimmsnarl|Light Screen|p1a: Grimmsnarl\n|-sidestart|p1: PleaseStepBro|move: Light Screen\n|move|p1b: Scovillain|Substitute|p1b: Scovillain\n|-start|p1b: Scovillain|Substitute\n|-damage|p1b: Scovillain|75\/100\n|move|p2a: Glimmora|Sludge Bomb|p1a: Grimmsnarl\n|-supereffective|p1a: Grimmsnarl\n|-damage|p1a: Grimmsnarl|47\/100\n|-status|p1a: Grimmsnarl|psn\n|move|p2b: Amoonguss|Pollen Puff|p2a: Glimmora\n|-heal|p2a: Glimmora|100\/100\n|\n|-heal|p1b: Scovillain|81\/100|[from] item: Leftovers\n|-damage|p2a: Glimmora|88\/100|[from] Leech Seed|[of] p1b: Scovillain\n|-heal|p1b: Scovillain|95\/100|[silent]\n|-damage|p1a: Grimmsnarl|35\/100 psn|[from] psn\n|-ability|p1b: Scovillain|Moody|boost\n|-boost|p1b: Scovillain|spa|2\n|-unboost|p1b: Scovillain|spe|1\n|upkeep\n|turn|4\n|inactive|PleaseStepBro has 30 seconds left.\n|\n|t:|1683801663\n|switch|p1a: Great Tusk|Great Tusk, L50|100\/100\n|-damage|p1a: Great Tusk|88\/100|[from] Spikes\n|-damage|p1a: Great Tusk|86\/100|[from] Stealth Rock\n|switch|p2b: Palafin|Palafin-Hero, L50, M, shiny|100\/100\n|-activate|p2b: Palafin|ability: Zero to Hero\n|move|p2a: Glimmora|Sludge Bomb|p1b: Scovillain\n|-supereffective|p1b: Scovillain\n|-crit|p1b: Scovillain\n|-end|p1b: Scovillain|Substitute\n|move|p1b: Scovillain|Flamethrower|p2b: Palafin\n|-resisted|p2b: Palafin\n|-damage|p2b: Palafin|72\/100\n|-status|p2b: Palafin|brn\n|\n|-heal|p1b: Scovillain|100\/100|[from] item: Leftovers\n|-damage|p2a: Glimmora|76\/100|[from] Leech Seed|[of] p1b: Scovillain\n|-damage|p2b: Palafin|66\/100 brn|[from] brn\n|-ability|p1b: Scovillain|Moody|boost\n|-boost|p1b: Scovillain|spa|2\n|-unboost|p1b: Scovillain|spe|1\n|upkeep\n|turn|5\n|\n|t:|1683801687\n|move|p2b: Palafin|Haze|p2b: Palafin\n|-clearallboost\n|move|p2a: Glimmora|Sludge Bomb|p1b: Scovillain\n|-supereffective|p1b: Scovillain\n|-damage|p1b: Scovillain|51\/100\n|-status|p1b: Scovillain|psn\n|move|p1a: Great Tusk|Rapid Spin|p2b: Palafin\n|-damage|p2b: Palafin|44\/100 brn\n|-boost|p1a: Great Tusk|spe|1\n|-sideend|p1: PleaseStepBro|Spikes|[from] move: Rapid Spin|[of] p1a: Great Tusk\n|-sideend|p1: PleaseStepBro|Stealth Rock|[from] move: Rapid Spin|[of] p1a: Great Tusk\n|move|p1b: Scovillain|Substitute|p1b: Scovillain\n|-start|p1b: Scovillain|Substitute\n|-damage|p1b: Scovillain|26\/100 psn\n|\n|-heal|p1b: Scovillain|32\/100 psn|[from] item: Leftovers\n|-damage|p2a: Glimmora|64\/100|[from] Leech Seed|[of] p1b: Scovillain\n|-heal|p1b: Scovillain|45\/100 psn|[silent]\n|-damage|p1b: Scovillain|33\/100 psn|[from] psn\n|-damage|p2b: Palafin|38\/100 brn|[from] brn\n|-ability|p1b: Scovillain|Moody|boost\n|-boost|p1b: Scovillain|spe|2\n|-unboost|p1b: Scovillain|spd|1\n|upkeep\n|turn|6\n|inactive|BluePkmnTrnr has 30 seconds left.\n|\n|t:|1683801717\n|move|p1b: Scovillain|Protect|p1b: Scovillain\n|-singleturn|p1b: Scovillain|Protect\n|move|p2b: Palafin|Wave Crash|p1a: Great Tusk\n|-supereffective|p1a: Great Tusk\n|-damage|p1a: Great Tusk|55\/100\n|-damage|p2b: Palafin|26\/100 brn|[from] Recoil\n|move|p1a: Great Tusk|Earthquake|p2a: Glimmora|[spread] p2a,p2b\n|-activate|p1b: Scovillain|move: Protect\n|-supereffective|p2a: Glimmora\n|-damage|p2a: Glimmora|0 fnt\n|-damage|p2b: Palafin|0 fnt\n|-activate|p2a: Glimmora|ability: Toxic Debris\n|-sidestart|p1: PleaseStepBro|move: Toxic Spikes\n|faint|p2a: Glimmora\n|faint|p2b: Palafin\n|\n|-heal|p1b: Scovillain|39\/100 psn|[from] item: Leftovers\n|-damage|p1b: Scovillain|27\/100 psn|[from] psn\n|-ability|p1b: Scovillain|Moody|boost\n|-boost|p1b: Scovillain|spd|2\n|-unboost|p1b: Scovillain|spe|1\n|upkeep\n|\n|t:|1683801736\n|switch|p2b: Baxcalibur|Baxcalibur, L50, M, shiny|100\/100\n|switch|p2a: Amoonguss|Amoonguss, L50, M, shiny|100\/100\n|turn|7\n|inactive|PleaseStepBro has 30 seconds left.\n|inactive|PleaseStepBro has 20 seconds left.\n|inactive|PleaseStepBro has 15 seconds left.\n|inactive|PleaseStepBro has 10 seconds left.\n|inactive|PleaseStepBro has 5 seconds left.\n|\n|t:|1683801791\n|move|p1b: Scovillain|Protect||[still]\n|-fail|p1b: Scovillain\n|move|p1a: Great Tusk|Rapid Spin|p2b: Baxcalibur\n|-damage|p2b: Baxcalibur|82\/100\n|-boost|p1a: Great Tusk|spe|1\n|-sideend|p1: PleaseStepBro|Toxic Spikes|[from] move: Rapid Spin|[of] p1a: Great Tusk\n|move|p2b: Baxcalibur|Glaive Rush|p1b: Scovillain\n|-end|p1b: Scovillain|Substitute\n|-singlemove|p2b: Baxcalibur|Glaive Rush|[silent]\n|move|p2a: Amoonguss|Spore|p1a: Great Tusk\n|-status|p1a: Great Tusk|slp|[from] move: Spore\n|\n|-heal|p1b: Scovillain|32\/100 psn|[from] item: Leftovers\n|-damage|p1b: Scovillain|20\/100 psn|[from] psn\n|-ability|p1b: Scovillain|Moody|boost\n|-boost|p1b: Scovillain|atk|2\n|-unboost|p1b: Scovillain|spe|1\n|upkeep\n|turn|8\n|\n|t:|1683801815\n|cant|p1a: Great Tusk|slp\n|move|p2b: Baxcalibur|Iron Head|p1b: Scovillain\n|-resisted|p1b: Scovillain\n|-damage|p1b: Scovillain|5\/100 psn\n|move|p1b: Scovillain|Flamethrower|p2a: Amoonguss\n|-supereffective|p2a: Amoonguss\n|-damage|p2a: Amoonguss|41\/100\n|-status|p2a: Amoonguss|brn\n|move|p2a: Amoonguss|Pollen Puff|p2b: Baxcalibur\n|-heal|p2b: Baxcalibur|100\/100\n|\n|-heal|p1b: Scovillain|10\/100 psn|[from] item: Leftovers\n|-heal|p2a: Amoonguss|47\/100 brn|[from] item: Leftovers\n|-damage|p1b: Scovillain|0 fnt|[from] psn\n|faint|p1b: Scovillain\n|-damage|p2a: Amoonguss|41\/100 brn|[from] brn\n|-sideend|p1: PleaseStepBro|Reflect\n|upkeep\n|\n|t:|1683801837\n|switch|p1b: Iron Valiant|Iron Valiant, L50|100\/100\n|-enditem|p1b: Iron Valiant|Booster Energy\n|-activate|p1b: Iron Valiant|ability: Quark Drive|[fromitem]\n|-start|p1b: Iron Valiant|quarkdrivespe\n|turn|9\n|\n|t:|1683801859\n|-terastallize|p1b: Iron Valiant|Ghost\n|move|p1b: Iron Valiant|Swords Dance|p1b: Iron Valiant\n|-boost|p1b: Iron Valiant|atk|2\n|cant|p1a: Great Tusk|slp\n|move|p2b: Baxcalibur|Iron Head|p1b: Iron Valiant\n|-damage|p1b: Iron Valiant|53\/100\n|move|p2a: Amoonguss|Spore|p1b: Iron Valiant\n|-status|p1b: Iron Valiant|slp|[from] move: Spore\n|\n|-heal|p2a: Amoonguss|47\/100 brn|[from] item: Leftovers\n|-damage|p2a: Amoonguss|41\/100 brn|[from] brn\n|upkeep\n|turn|10\n|inactive|PleaseStepBro has 30 seconds left.\n|inactive|BluePkmnTrnr has 30 seconds left.\n|inactive|BluePkmnTrnr has 20 seconds left.\n|\n|t:|1683801896\n|cant|p1b: Iron Valiant|slp\n|-curestatus|p1a: Great Tusk|slp|[msg]\n|move|p1a: Great Tusk|Close Combat|p2b: Baxcalibur\n|-supereffective|p2b: Baxcalibur\n|-damage|p2b: Baxcalibur|0 fnt\n|-unboost|p1a: Great Tusk|def|1\n|-unboost|p1a: Great Tusk|spd|1\n|faint|p2b: Baxcalibur\n|move|p2a: Amoonguss|Spore|p1a: Great Tusk\n|-status|p1a: Great Tusk|slp|[from] move: Spore\n|\n|-heal|p2a: Amoonguss|47\/100 brn|[from] item: Leftovers\n|-damage|p2a: Amoonguss|41\/100 brn|[from] brn\n|-sideend|p1: PleaseStepBro|move: Light Screen\n|upkeep\n|turn|11\n|inactive|PleaseStepBro has 30 seconds left.\n|inactive|PleaseStepBro has 20 seconds left.\n|inactive|PleaseStepBro has 15 seconds left.\n|inactive|PleaseStepBro has 10 seconds left.\n|inactive|PleaseStepBro has 5 seconds left.\n|\n|t:|1683801948\n|cant|p1b: Iron Valiant|slp\n|cant|p1a: Great Tusk|slp\n|move|p2a: Amoonguss|Pollen Puff|p1b: Iron Valiant\n|-resisted|p1b: Iron Valiant\n|-damage|p1b: Iron Valiant|37\/100 slp\n|\n|-heal|p2a: Amoonguss|47\/100 brn|[from] item: Leftovers\n|-damage|p2a: Amoonguss|41\/100 brn|[from] brn\n|upkeep\n|turn|12\n|\n|t:|1683801966\n|cant|p1b: Iron Valiant|slp\n|cant|p1a: Great Tusk|slp\n|move|p2a: Amoonguss|Spore|p1b: Iron Valiant\n|-fail|p1b: Iron Valiant|slp\n|\n|-heal|p2a: Amoonguss|47\/100 brn|[from] item: Leftovers\n|-damage|p2a: Amoonguss|41\/100 brn|[from] brn\n|upkeep\n|turn|13\n|inactive|PleaseStepBro has 30 seconds left.\n|\n|t:|1683801995\n|-curestatus|p1b: Iron Valiant|slp|[msg]\n|move|p1b: Iron Valiant|Zen Headbutt|p2a: Amoonguss\n|-supereffective|p2a: Amoonguss\n|-damage|p2a: Amoonguss|0 fnt\n|faint|p2a: Amoonguss\n|\n|win|PleaseStepBro\n|raw|PleaseStepBro's rating: 1000 → 1045<\/strong> (+45 for winning)\n|raw|BluePkmnTrnr's rating: 1045 → 1026<\/strong> (-19 for losing)\n|c|\u2606PleaseStepBro|ez\n|l|\u2606BluePkmnTrnr\n","uploadtime":1683802012,"views":17,"p1id":"pleasestepbro","p2id":"bluepkmntrnr","formatid":"gen9vgc2023regulationc","rating":1026,"private":0,"password":""}