{"id":"gen9vgc2023regulationc-1855492658","p1":"Elite_4_Allen","p2":"u got dirged","format":"[Gen 9] VGC 2023 Regulation C","log":"|j|\u2606Elite_4_Allen\n|j|\u2606u got dirged\n|t:|1682956364\n|gametype|doubles\n|player|p1|Elite_4_Allen|marlon|1378\n|player|p2|u got dirged|flannery|1373\n|teamsize|p1|6\n|teamsize|p2|6\n|gen|9\n|tier|[Gen 9] VGC 2023 Regulation C\n|rated|\n|rule|Species Clause: Limit one of each Pok\u00e9mon\n|rule|Item Clause: Limit one of each item\n|clearpoke\n|poke|p1|Dondozo, L50, M|\n|poke|p1|Tatsugiri-Droopy, L50, M|\n|poke|p1|Glimmora, L50, F|\n|poke|p1|Dragonite, L50, F|\n|poke|p1|Chien-Pao, L50|\n|poke|p1|Flutter Mane, L50|\n|poke|p2|Kingambit, L50, M|\n|poke|p2|Flutter Mane, L50|\n|poke|p2|Scream Tail, L50|\n|poke|p2|Corviknight, L50, F|\n|poke|p2|Baxcalibur, L50, F|\n|poke|p2|Rotom-Wash, L50|\n|teampreview|4\nu got dirged has agreed to open team sheets.\n|inactive|Battle timer is ON: inactive players will automatically lose when time's up. (requested by Elite_4_Allen)\nElite_4_Allen has agreed to open team sheets.\n|inactive|Elite_4_Allen has 60 seconds left.\n|inactive|u got dirged has 60 seconds left.\n|inactive|Elite_4_Allen has 30 seconds left.\n|inactive|u got dirged has 30 seconds left.\n|inactive|Elite_4_Allen has 20 seconds left.\n|inactive|u got dirged has 20 seconds left.\n|inactive|Elite_4_Allen has 15 seconds left.\n|inactive|u got dirged has 15 seconds left.\n|inactive|Elite_4_Allen has 10 seconds left.\n|inactive|u got dirged has 10 seconds left.\n|inactive|Elite_4_Allen has 5 seconds left.\n|\n|t:|1682956456\n|start\n|switch|p1a: Glimmora|Glimmora, L50, F, shiny|100\/100\n|switch|p1b: Flutter Mane|Flutter Mane, L50|100\/100\n|switch|p2a: Scream Tail|Scream Tail, L50, shiny|100\/100\n|switch|p2b: Baxcalibur|Baxcalibur, L50, F|100\/100\n|-enditem|p1b: Flutter Mane|Booster Energy\n|-activate|p1b: Flutter Mane|ability: Protosynthesis|[fromitem]\n|-start|p1b: Flutter Mane|protosynthesisspe\n|-enditem|p2a: Scream Tail|Booster Energy\n|-activate|p2a: Scream Tail|ability: Protosynthesis|[fromitem]\n|-start|p2a: Scream Tail|protosynthesisspe\n|turn|1\n|inactive|Elite_4_Allen has 30 seconds left.\n|inactive|u got dirged has 30 seconds left.\n|inactive|Elite_4_Allen has 20 seconds left.\n|\n|t:|1682956495\n|-terastallize|p2b: Baxcalibur|Poison\n|move|p1b: Flutter Mane|Substitute|p1b: Flutter Mane\n|-start|p1b: Flutter Mane|Substitute\n|-damage|p1b: Flutter Mane|76\/100\n|move|p2a: Scream Tail|Howl|p2a: Scream Tail|[spread] p2a,p2b\n|-boost|p2a: Scream Tail|atk|1\n|-boost|p2b: Baxcalibur|atk|1\n|move|p2b: Baxcalibur|Icicle Spear|p1b: Flutter Mane\n|-end|p1b: Flutter Mane|Substitute\n|-damage|p1b: Flutter Mane|35\/100\n|-damage|p1b: Flutter Mane|0 fnt\n|faint|p1b: Flutter Mane\n|-end|p1b: Flutter Mane|Protosynthesis|[silent]\n|-hitcount|p1: Flutter Mane|3\n|move|p1a: Glimmora|Mortal Spin|p2a: Scream Tail|[spread] p2a,p2b\n|-supereffective|p2a: Scream Tail\n|-resisted|p2b: Baxcalibur\n|-crit|p2b: Baxcalibur\n|-damage|p2a: Scream Tail|94\/100\n|-damage|p2b: Baxcalibur|97\/100\n|-status|p2a: Scream Tail|psn\n|\n|-damage|p2a: Scream Tail|82\/100 psn|[from] psn\n|upkeep\n|\n|t:|1682956512\n|switch|p1b: Dondozo|Dondozo, L50, M|100\/100\n|turn|2\n|inactive|Elite_4_Allen has 30 seconds left.\n|inactive|u got dirged has 30 seconds left.\n|\n|t:|1682956545\n|switch|p1a: Tatsugiri|Tatsugiri-Droopy, L50, M|100\/100\n|-activate|p1a: Tatsugiri|ability: Commander|[of] p1b: Dondozo\n|-boost|p1b: Dondozo|atk|2\n|-boost|p1b: Dondozo|spa|2\n|-boost|p1b: Dondozo|spe|2\n|-boost|p1b: Dondozo|def|2\n|-boost|p1b: Dondozo|spd|2\n|move|p2b: Baxcalibur|Protect|p2b: Baxcalibur\n|-singleturn|p2b: Baxcalibur|Protect\n|move|p2a: Scream Tail|Encore|p1a: Tatsugiri|[miss]\n|-miss|p2a: Scream Tail|p1a: Tatsugiri\n|move|p1b: Dondozo|Wave Crash|p2a: Scream Tail\n|-damage|p2a: Scream Tail|0 fnt\n|faint|p2a: Scream Tail\n|-end|p2a: Scream Tail|Protosynthesis|[silent]\n|-damage|p1b: Dondozo|74\/100|[from] Recoil\n|\n|-heal|p1b: Dondozo|80\/100|[from] item: Leftovers\n|upkeep\n|\n|t:|1682956559\n|switch|p2a: Rotom|Rotom-Wash, L50, shiny|100\/100\n|turn|3\n|inactive|Elite_4_Allen has 30 seconds left.\n|inactive|Elite_4_Allen has 20 seconds left.\n|inactive|Elite_4_Allen has 15 seconds left.\n|inactive|Elite_4_Allen has 10 seconds left.\n|\n|t:|1682956604\n|switch|p2b: Corviknight|Corviknight, L50, F, shiny|100\/100\n|move|p1b: Dondozo|Wave Crash|p2b: Corviknight\n|-damage|p2b: Corviknight|12\/100\n|-damage|p1b: Dondozo|54\/100|[from] Recoil\n|move|p2a: Rotom|Will-O-Wisp|p1b: Dondozo\n|-status|p1b: Dondozo|brn\n|\n|-heal|p1b: Dondozo|60\/100 brn|[from] item: Leftovers\n|-damage|p1b: Dondozo|54\/100 brn|[from] brn\n|upkeep\n|turn|4\n|inactive|Elite_4_Allen has 30 seconds left.\n|inactive|Elite_4_Allen has 20 seconds left.\n|inactive|Elite_4_Allen has 15 seconds left.\n|inactive|Elite_4_Allen has 10 seconds left.\n|inactive|Elite_4_Allen has 5 seconds left.\n|\n|t:|1682956657\n|-terastallize|p1b: Dondozo|Grass\n|move|p1b: Dondozo|Wave Crash|p2b: Corviknight\n|-damage|p2b: Corviknight|0 fnt\n|faint|p2b: Corviknight\n|-damage|p1b: Dondozo|50\/100 brn|[from] Recoil\n|move|p2a: Rotom|Thunderbolt|p1b: Dondozo\n|-resisted|p1b: Dondozo\n|-damage|p1b: Dondozo|41\/100 brn\n|\n|-heal|p1b: Dondozo|47\/100 brn|[from] item: Leftovers\n|-damage|p1b: Dondozo|41\/100 brn|[from] brn\n|upkeep\n|\n|t:|1682956668\n|switch|p2b: Baxcalibur|Baxcalibur, L50, F, tera:Poison|97\/100\n|turn|5\n|inactive|Elite_4_Allen has 30 seconds left.\n|inactive|u got dirged has 30 seconds left.\n|inactive|Elite_4_Allen has 20 seconds left.\n|inactive|u got dirged has 20 seconds left.\n|inactive|Elite_4_Allen has 15 seconds left.\n|\n|t:|1682956710\n|move|p1b: Dondozo|Tera Blast|p2a: Rotom\n|-supereffective|p2a: Rotom\n|-damage|p2a: Rotom|31\/100\n|-enditem|p2a: Rotom|Sitrus Berry|[eat]\n|-heal|p2a: Rotom|56\/100|[from] item: Sitrus Berry\n|move|p2b: Baxcalibur|Icicle Spear|p1b: Dondozo\n|-supereffective|p1b: Dondozo\n|-crit|p1b: Dondozo\n|-damage|p1b: Dondozo|7\/100 brn\n|-supereffective|p1b: Dondozo\n|-damage|p1b: Dondozo|0 fnt\n|faint|p1b: Dondozo\n|-hitcount|p1: Dondozo|2\n|move|p2a: Rotom|Thunderbolt|p1a: Tatsugiri\n|-damage|p1a: Tatsugiri|59\/100\n|\n|upkeep\n|\n|t:|1682956724\n|switch|p1b: Glimmora|Glimmora, L50, F, shiny|100\/100\n|turn|6\n|inactive|Elite_4_Allen has 30 seconds left.\n|inactive|u got dirged has 30 seconds left.\n|\n|t:|1682956754\n|move|p1a: Tatsugiri|Icy Wind|p2a: Rotom|[spread] p2a,p2b\n|-resisted|p2a: Rotom\n|-damage|p2a: Rotom|49\/100\n|-damage|p2b: Baxcalibur|83\/100\n|-unboost|p2a: Rotom|spe|1\n|-unboost|p2b: Baxcalibur|spe|1\n|move|p1b: Glimmora|Earth Power|p2b: Baxcalibur\n|-supereffective|p2b: Baxcalibur\n|-damage|p2b: Baxcalibur|23\/100\n|move|p2b: Baxcalibur|Icicle Spear|p1b: Glimmora\n|-damage|p1b: Glimmora|85\/100\n|-activate|p1b: Glimmora|ability: Toxic Debris\n|-sidestart|p2: u got dirged|move: Toxic Spikes\n|-damage|p1b: Glimmora|70\/100\n|-activate|p1b: Glimmora|ability: Toxic Debris\n|-sidestart|p2: u got dirged|move: Toxic Spikes\n|-damage|p1b: Glimmora|55\/100\n|-damage|p1b: Glimmora|38\/100\n|-hitcount|p1b: Glimmora|4\n|move|p2a: Rotom|Thunderbolt|p1b: Glimmora\n|-damage|p1b: Glimmora|16\/100\n|\n|upkeep\n|turn|7\n|inactive|Elite_4_Allen has 30 seconds left.\n|inactive|Elite_4_Allen has 20 seconds left.\n|inactive|Elite_4_Allen has 15 seconds left.\n|inactive|Elite_4_Allen has 10 seconds left.\n|\n|t:|1682956800\n|move|p2b: Baxcalibur|Ice Shard|p1b: Glimmora\n|-damage|p1b: Glimmora|0 fnt\n|faint|p1b: Glimmora\n|move|p1a: Tatsugiri|Icy Wind|p2b: Baxcalibur|[spread] p2a,p2b\n|-resisted|p2a: Rotom\n|-damage|p2a: Rotom|42\/100\n|-damage|p2b: Baxcalibur|8\/100\n|-unboost|p2a: Rotom|spe|1\n|-unboost|p2b: Baxcalibur|spe|1\n|move|p2a: Rotom|Thunderbolt|p1a: Tatsugiri\n|-damage|p1a: Tatsugiri|14\/100\n|\n|upkeep\n|turn|8\n|c|\u2606Elite_4_Allen|gg\n|c|\u2606u got dirged|gg\n|c|\u2606u got dirged|wp\n|\n|t:|1682956821\n|move|p2b: Baxcalibur|Ice Shard|p1a: Tatsugiri\n|-damage|p1a: Tatsugiri|0 fnt\n|faint|p1a: Tatsugiri\n|\n|win|u got dirged\n|raw|Elite_4_Allen's rating: 1378 → 1358<\/strong> (-20 for losing)\n|raw|u got dirged's rating: 1373 → 1393<\/strong> (+20 for winning)\n|l|\u2606Elite_4_Allen\n","uploadtime":1682956828,"views":20,"p1id":"elite4allen","p2id":"ugotdirged","formatid":"gen9vgc2023regulationc","rating":1358,"private":0,"password":""}