{"id":"gen9vgc2023regulationc-1855871561","p1":"Delibirdsbags","p2":"Aoi no Rider","format":"[Gen 9] VGC 2023 Regulation C","log":"|j|\u2606Delibirdsbags\n|j|\u2606Aoi no Rider\n|t:|1682994250\n|gametype|doubles\n|player|p1|Delibirdsbags|170|1361\n|player|p2|Aoi no Rider|tate|1318\n|teamsize|p1|6\n|teamsize|p2|6\n|gen|9\n|tier|[Gen 9] VGC 2023 Regulation C\n|rated|\n|rule|Species Clause: Limit one of each Pok\u00e9mon\n|rule|Item Clause: Limit one of each item\n|clearpoke\n|poke|p1|Krookodile, L50, F|\n|poke|p1|Flutter Mane, L50|\n|poke|p1|Volcarona, L50, F|\n|poke|p1|Murkrow, L50, M|\n|poke|p1|Azumarill, L50, M|\n|poke|p1|Iron Hands, L50|\n|poke|p2|Pelipper, L50, M|\n|poke|p2|Tatsugiri-Droopy, L50, M|\n|poke|p2|Dondozo, L50, M|\n|poke|p2|Gyarados, L50, M|\n|poke|p2|Iron Bundle, L50|\n|poke|p2|Drednaw, L50, F|\n|teampreview|4\n|inactive|Battle timer is ON: inactive players will automatically lose when time's up. (requested by Delibirdsbags)\n|\n|t:|1682994306\n|start\n|switch|p1a: Flutter Mane|Flutter Mane, L50|100\/100\n|switch|p1b: Iron Hands|Iron Hands, L50|100\/100\n|switch|p2a: Pelipper|Pelipper, L50, M|100\/100\n|switch|p2b: Drednaw|Drednaw, L50, F|100\/100\n|-weather|RainDance|[from] ability: Drizzle|[of] p2a: Pelipper\n|turn|1\n|inactive|Delibirdsbags has 30 seconds left.\n|inactive|Delibirdsbags has 20 seconds left.\n|inactive|Aoi no Rider has 30 seconds left.\n|inactive|Delibirdsbags has 15 seconds left.\n|\n|t:|1682994346\n|move|p2b: Drednaw|Rock Slide|p1a: Flutter Mane|[spread] p1a,p1b\n|-resisted|p1b: Iron Hands\n|-damage|p1a: Flutter Mane|55\/100\n|-damage|p1b: Iron Hands|91\/100\n|cant|p1a: Flutter Mane|flinch\n|move|p2a: Pelipper|Tailwind|p2a: Pelipper\n|-sidestart|p2: Aoi no Rider|move: Tailwind\n|move|p1b: Iron Hands|Wild Charge|p2a: Pelipper\n|-supereffective|p2a: Pelipper\n|-crit|p2a: Pelipper\n|-enditem|p2a: Pelipper|Focus Sash\n|-damage|p2a: Pelipper|1\/100\n|-damage|p1b: Iron Hands|77\/100|[from] Recoil\n|\n|-weather|RainDance|[upkeep]\n|upkeep\n|turn|2\n|inactive|Delibirdsbags has 30 seconds left.\n|inactive|Aoi no Rider has 30 seconds left.\n|\n|t:|1682994376\n|-end|p1b: Iron Hands|Quark Drive|[silent]\n|switch|p1b: Azumarill|Azumarill, L50, M|100\/100\n|move|p2b: Drednaw|Earthquake|p1a: Flutter Mane|[spread] p1a,p1b\n|-immune|p2a: Pelipper\n|-damage|p1a: Flutter Mane|16\/100\n|-damage|p1b: Azumarill|72\/100\n|move|p2a: Pelipper|Hurricane|p1a: Flutter Mane\n|-damage|p1a: Flutter Mane|0 fnt\n|faint|p1a: Flutter Mane\n|-end|p1a: Flutter Mane|Protosynthesis|[silent]\n|\n|-weather|RainDance|[upkeep]\n|upkeep\n|\n|t:|1682994391\n|switch|p1a: Iron Hands|Iron Hands, L50|77\/100\n|turn|3\n|\n|t:|1682994413\n|-terastallize|p2b: Drednaw|Grass\n|move|p2b: Drednaw|Tera Blast|p1b: Azumarill\n|-supereffective|p1b: Azumarill\n|-damage|p1b: Azumarill|0 fnt\n|faint|p1b: Azumarill\n|move|p2a: Pelipper|Hurricane|p1a: Iron Hands\n|-damage|p1a: Iron Hands|36\/100\n|-enditem|p1a: Iron Hands|Sitrus Berry|[eat]\n|-heal|p1a: Iron Hands|60\/100|[from] item: Sitrus Berry\n|move|p1a: Iron Hands|Wild Charge|p2b: Drednaw\n|-resisted|p2b: Drednaw\n|-damage|p2b: Drednaw|73\/100\n|-damage|p1a: Iron Hands|55\/100|[from] Recoil\n|\n|-weather|RainDance|[upkeep]\n|upkeep\n|\n|t:|1682994429\n|switch|p1b: Volcarona|Volcarona, L50, F|100\/100\n|turn|4\n|\n|t:|1682994450\n|-terastallize|p1b: Volcarona|Grass\n|move|p2b: Drednaw|Rock Slide|p1b: Volcarona|[spread] p1a,p1b\n|-resisted|p1a: Iron Hands\n|-damage|p1a: Iron Hands|45\/100\n|-damage|p1b: Volcarona|72\/100\n|move|p2a: Pelipper|Hurricane|p1b: Volcarona\n|-supereffective|p1b: Volcarona\n|-damage|p1b: Volcarona|0 fnt\n|faint|p1b: Volcarona\n|move|p1a: Iron Hands|Wild Charge|p2a: Pelipper\n|-supereffective|p2a: Pelipper\n|-damage|p2a: Pelipper|0 fnt\n|faint|p2a: Pelipper\n|-damage|p1a: Iron Hands|45\/100|[from] Recoil\n|\n|-weather|RainDance|[upkeep]\n|-sideend|p2: Aoi no Rider|move: Tailwind\n|upkeep\n|\n|t:|1682994467\n|switch|p2a: Tatsugiri|Tatsugiri-Droopy, L50, M, shiny|100\/100\n|turn|5\n|-message|Delibirdsbags forfeited.\n|\n|win|Aoi no Rider\n|raw|Delibirdsbags's rating: 1361 → 1339<\/strong> (-22 for losing)\n|raw|Aoi no Rider's rating: 1318 → 1340<\/strong> (+22 for winning)\n|l|\u2606Delibirdsbags\n","uploadtime":1682994795,"views":11,"p1id":"delibirdsbags","p2id":"aoinorider","formatid":"gen9vgc2023regulationc","rating":1339,"private":0,"password":""}