{"id":"gen9vgc2023regulationc-1858777611","p1":"ascore3","p2":"elllisha_OWO","format":"[Gen 9] VGC 2023 Regulation C","log":"|j|\u2606ascore3\n|j|\u2606elllisha_OWO\n|t:|1683359089\n|gametype|doubles\n|player|p1|ascore3|170|1166\n|player|p2|elllisha_OWO|roxie|1188\n|teamsize|p1|6\n|teamsize|p2|6\n|gen|9\n|tier|[Gen 9] VGC 2023 Regulation C\n|rated|\n|rule|Species Clause: Limit one of each Pok\u00e9mon\n|rule|Item Clause: Limit one of each item\n|clearpoke\n|poke|p1|Torkoal, L50, F|\n|poke|p1|Chi-Yu, L50|\n|poke|p1|Bronzong, L50|\n|poke|p1|Gastrodon, L50, F|\n|poke|p1|Grimmsnarl, L50, M|\n|poke|p1|Skeledirge, L50, M|\n|poke|p2|Oranguru, L50, M|\n|poke|p2|Torkoal, L50, M|\n|poke|p2|Hariyama, L50, F|\n|poke|p2|Dragonite, L50, F|\n|poke|p2|Lilligant, L50, F|\n|poke|p2|Flutter Mane, L50|\n|teampreview|4\nelllisha_OWO has agreed to open team sheets.\n|inactive|Battle timer is ON: inactive players will automatically lose when time's up. (requested by ascore3)\n|\n|t:|1683359128\n|start\n|switch|p1a: Chi-Yu|Chi-Yu, L50|100\/100\n|switch|p1b: Grimmsnarl|Grimmsnarl, L50, M|100\/100\n|switch|p2a: Dragonite|Dragonite, L50, F|100\/100\n|switch|p2b: Flutter Mane|Flutter Mane, L50|100\/100\n|-ability|p1a: Chi-Yu|Beads of Ruin\n|-enditem|p2b: Flutter Mane|Booster Energy\n|-activate|p2b: Flutter Mane|ability: Protosynthesis|[fromitem]\n|-start|p2b: Flutter Mane|protosynthesisspe\n|turn|1\n|inactive|elllisha_OWO has 30 seconds left.\n|inactive|elllisha_OWO has 20 seconds left.\n|inactive|elllisha_OWO has 15 seconds left.\n|inactive|elllisha_OWO has 10 seconds left.\n|\n|t:|1683359176\n|-terastallize|p2b: Flutter Mane|Fairy\n|move|p1a: Chi-Yu|Protect|p1a: Chi-Yu\n|-singleturn|p1a: Chi-Yu|Protect\n|move|p2a: Dragonite|Extreme Speed|p1a: Chi-Yu\n|-activate|p1a: Chi-Yu|move: Protect\n|move|p1b: Grimmsnarl|Trick|p2b: Flutter Mane\n|-activate|p1b: Grimmsnarl|move: Trick|[of] p2b: Flutter Mane\n|-item|p2b: Flutter Mane|Lagging Tail|[from] move: Trick\n|-enditem|p1b: Grimmsnarl|Lagging Tail|[silent]|[from] move: Trick\n|move|p2b: Flutter Mane|Dazzling Gleam|p1b: Grimmsnarl|[spread] p1b\n|-activate|p1a: Chi-Yu|move: Protect\n|-supereffective|p1b: Grimmsnarl\n|-damage|p1b: Grimmsnarl|0 fnt\n|faint|p1b: Grimmsnarl\n|\n|upkeep\n|inactive|ascore3 has 30 seconds left.\n|\n|t:|1683359206\n|switch|p1b: Skeledirge|Skeledirge, L50, M|100\/100\n|turn|2\n|\n|t:|1683359223\n|-terastallize|p1a: Chi-Yu|Ghost\n|move|p1b: Skeledirge|Protect|p1b: Skeledirge\n|-singleturn|p1b: Skeledirge|Protect\n|move|p2b: Flutter Mane|Protect|p2b: Flutter Mane\n|-singleturn|p2b: Flutter Mane|Protect\n|move|p2a: Dragonite|Extreme Speed|p1a: Chi-Yu\n|-immune|p1a: Chi-Yu\n|move|p1a: Chi-Yu|Snarl|p2a: Dragonite|[spread] p2a\n|-activate|p2b: Flutter Mane|move: Protect\n|-damage|p2a: Dragonite|76\/100\n|-unboost|p2a: Dragonite|spa|1\n|\n|upkeep\n|turn|3\n|\n|t:|1683359241\n|switch|p2a: Hariyama|Hariyama, L50, F|100\/100\n|move|p1a: Chi-Yu|Tera Blast|p2a: Hariyama\n|-damage|p2a: Hariyama|60\/100\n|move|p1b: Skeledirge|Encore|p2b: Flutter Mane\n|-start|p2b: Flutter Mane|Encore\n|move|p2b: Flutter Mane|Protect||[still]\n|-fail|p2b: Flutter Mane\n|\n|-status|p2a: Hariyama|brn|[from] item: Flame Orb\n|upkeep\n|turn|4\n|\n|t:|1683359263\n|-end|p2b: Flutter Mane|Protosynthesis|[silent]\n|switch|p2b: Dragonite|Dragonite, L50, F|76\/100\n|move|p1a: Chi-Yu|Substitute|p1a: Chi-Yu\n|-start|p1a: Chi-Yu|Substitute\n|-damage|p1a: Chi-Yu|76\/100\n|move|p1b: Skeledirge|Torch Song|p2a: Hariyama\n|-damage|p2a: Hariyama|14\/100 brn\n|-boost|p1b: Skeledirge|spa|1\n|move|p2a: Hariyama|Knock Off|p1a: Chi-Yu\n|-supereffective|p1a: Chi-Yu\n|-end|p1a: Chi-Yu|Substitute\n|\n|-damage|p2a: Hariyama|8\/100 brn|[from] brn\n|upkeep\n|turn|5\n|inactive|elllisha_OWO has 30 seconds left.\n|\n|t:|1683359291\n|move|p1a: Chi-Yu|Protect|p1a: Chi-Yu\n|-singleturn|p1a: Chi-Yu|Protect\n|move|p2a: Hariyama|Bullet Punch|p1a: Chi-Yu\n|-activate|p1a: Chi-Yu|move: Protect\n|move|p2b: Dragonite|Outrage|p1a: Chi-Yu\n|-activate|p1a: Chi-Yu|move: Protect\n|move|p1b: Skeledirge|Torch Song|p2a: Hariyama\n|-damage|p2a: Hariyama|0 fnt\n|-boost|p1b: Skeledirge|spa|1\n|faint|p2a: Hariyama\n|\n|upkeep\n|\n|t:|1683359300\n|switch|p2a: Flutter Mane|Flutter Mane, L50, tera:Fairy|100\/100\n|turn|6\n|\n|t:|1683359306\n|switch|p1a: Torkoal|Torkoal, L50, F|100\/100\n|-weather|SunnyDay|[from] ability: Drought|[of] p1a: Torkoal\n|-activate|p2a: Flutter Mane|ability: Protosynthesis\n|-start|p2a: Flutter Mane|protosynthesisspe\n|move|p2b: Dragonite|Outrage|p1b: Skeledirge\n|-damage|p1b: Skeledirge|19\/100\n|move|p1b: Skeledirge|Torch Song|p2a: Flutter Mane\n|-damage|p2a: Flutter Mane|0 fnt\n|-boost|p1b: Skeledirge|spa|1\n|faint|p2a: Flutter Mane\n|-end|p2a: Flutter Mane|Protosynthesis|[silent]\n|\n|-weather|SunnyDay|[upkeep]\n|-heal|p1b: Skeledirge|25\/100|[from] item: Leftovers\n|upkeep\n|\n|t:|1683359316\n|switch|p2a: Torkoal|Torkoal, L50, M|100\/100\n|turn|7\n|\n|t:|1683359341\n|move|p2b: Dragonite|Outrage|p1a: Torkoal|[from]lockedmove\n|-damage|p1a: Torkoal|26\/100\n|move|p1b: Skeledirge|Torch Song|p2a: Torkoal\n|-resisted|p2a: Torkoal\n|-damage|p2a: Torkoal|0 fnt\n|-boost|p1b: Skeledirge|spa|1\n|faint|p2a: Torkoal\n|move|p1a: Torkoal|Earth Power|p2b: Dragonite\n|-immune|p2b: Dragonite\n|\n|-weather|SunnyDay|[upkeep]\n|-heal|p1b: Skeledirge|31\/100|[from] item: Leftovers\n|upkeep\n|turn|8\n|\n|t:|1683359354\n|move|p1b: Skeledirge|Protect|p1b: Skeledirge\n|-singleturn|p1b: Skeledirge|Protect\n|move|p2b: Dragonite|Outrage|p1b: Skeledirge|[from]lockedmove\n|-activate|p1b: Skeledirge|move: Protect\n|-start|p2b: Dragonite|confusion|[fatigue]\n|move|p1a: Torkoal|Body Press|p2b: Dragonite\n|-resisted|p2b: Dragonite\n|-damage|p2b: Dragonite|60\/100\n|\n|-weather|SunnyDay|[upkeep]\n|-heal|p1b: Skeledirge|37\/100|[from] item: Leftovers\n|upkeep\n|turn|9\n|\n|t:|1683359365\n|-activate|p2b: Dragonite|confusion\n|move|p2b: Dragonite|Outrage|p1a: Torkoal\n|-damage|p1a: Torkoal|0 fnt\n|faint|p1a: Torkoal\n|move|p1b: Skeledirge|Tera Blast|p2b: Dragonite\n|-crit|p2b: Dragonite\n|-damage|p2b: Dragonite|0 fnt\n|faint|p2b: Dragonite\n|\n|win|ascore3\n|raw|ascore3's rating: 1166 → 1193<\/strong> (+27 for winning)\n|raw|elllisha_OWO's rating: 1188 → 1161<\/strong> (-27 for losing)\n","uploadtime":1683359369,"views":9,"p1id":"ascore3","p2id":"elllishaowo","formatid":"gen9vgc2023regulationc","rating":1161,"private":0,"password":""}