{"id":"gen9vgc2023regulationc-1858240246","p1":"Riverss1","p2":"SeydouVGC","format":"[Gen 9] VGC 2023 Regulation C","log":"|j|\u2606Riverss1\n|j|\u2606SeydouVGC\n|t:|1683294358\n|gametype|doubles\n|player|p1|Riverss1|koga|1157\n|player|p2|SeydouVGC|flint|1255\n|teamsize|p1|6\n|teamsize|p2|6\n|gen|9\n|tier|[Gen 9] VGC 2023 Regulation C\n|rated|\n|rule|Species Clause: Limit one of each Pok\u00e9mon\n|rule|Item Clause: Limit one of each item\n|clearpoke\n|poke|p1|Orthworm, L50, F|\n|poke|p1|Gyarados, L50, M|\n|poke|p1|Murkrow, L50, M|\n|poke|p1|Ceruledge, L50, M|\n|poke|p1|Amoonguss, L50, F|\n|poke|p1|Ting-Lu, L50|\n|poke|p2|Ting-Lu, L50|\n|poke|p2|Amoonguss, L50, F|\n|poke|p2|Arcanine, L50, F|\n|poke|p2|Roaring Moon, L50|\n|poke|p2|Garganacl, L50, F|\n|poke|p2|Iron Bundle, L50|\n|teampreview|4\n|inactive|Battle timer is ON: inactive players will automatically lose when time's up. (requested by Riverss1)\n|inactive|SeydouVGC has 60 seconds left.\n|\n|t:|1683294418\n|start\n|switch|p1a: Orthworm|Orthworm, L50, F, shiny|100\/100\n|switch|p1b: Gyarados|Gyarados, L50, M|100\/100\n|switch|p2a: Roaring Moon|Roaring Moon, L50, shiny|100\/100\n|switch|p2b: Amoonguss|Amoonguss, L50, F, shiny|100\/100\n|-ability|p1b: Gyarados|Intimidate|boost\n|-unboost|p2a: Roaring Moon|atk|1\n|-unboost|p2b: Amoonguss|atk|1\n|-enditem|p2a: Roaring Moon|Booster Energy\n|-activate|p2a: Roaring Moon|ability: Protosynthesis|[fromitem]\n|-start|p2a: Roaring Moon|protosynthesisatk\n|turn|1\n|\n|t:|1683294433\n|-terastallize|p2a: Roaring Moon|Flying\n|move|p2b: Amoonguss|Rage Powder|p2b: Amoonguss\n|-singleturn|p2b: Amoonguss|move: Rage Powder\n|move|p2a: Roaring Moon|Dragon Dance|p2a: Roaring Moon\n|-boost|p2a: Roaring Moon|atk|1\n|-boost|p2a: Roaring Moon|spe|1\n|move|p1b: Gyarados|Taunt|p2b: Amoonguss\n|-start|p2b: Amoonguss|move: Taunt\n|move|p1a: Orthworm|Iron Defense|p1a: Orthworm\n|-boost|p1a: Orthworm|def|2\n|\n|upkeep\n|turn|2\n|inactive|Riverss1 has 30 seconds left.\n|\n|t:|1683294460\n|switch|p2b: Arcanine|Arcanine, L50, F|100\/100\n|-ability|p2b: Arcanine|Intimidate|boost\n|-unboost|p1a: Orthworm|atk|1\n|-unboost|p1b: Gyarados|atk|1\n|move|p2a: Roaring Moon|Dragon Dance|p2a: Roaring Moon\n|-boost|p2a: Roaring Moon|atk|1\n|-boost|p2a: Roaring Moon|spe|1\n|move|p1b: Gyarados|Waterfall|p2a: Roaring Moon\n|-damage|p2a: Roaring Moon|74\/100\n|move|p1a: Orthworm|Shed Tail|p1a: Orthworm\n|-start|p1a: Orthworm|Substitute|[from] move: Shed Tail\n|-damage|p1a: Orthworm|50\/100\n|-enditem|p1a: Orthworm|Sitrus Berry|[eat]\n|-heal|p1a: Orthworm|75\/100|[from] item: Sitrus Berry\n|\n|t:|1683294479\n|switch|p1a: Amoonguss|Amoonguss, L50, F|100\/100|[from] Shed Tail\n|\n|upkeep\n|turn|3\n|\n|t:|1683294501\n|switch|p2b: Amoonguss|Amoonguss, L50, F, shiny|100\/100\n|move|p2a: Roaring Moon|Jaw Lock|p1b: Gyarados\n|-damage|p1b: Gyarados|25\/100\n|-activate|p2a: Roaring Moon|trapped\n|-activate|p1b: Gyarados|trapped\n|move|p1b: Gyarados|Waterfall|p2b: Amoonguss\n|-resisted|p2b: Amoonguss\n|-damage|p2b: Amoonguss|92\/100\n|move|p1a: Amoonguss|Spore|p2a: Roaring Moon\n|-status|p2a: Roaring Moon|slp|[from] move: Spore\n|\n|upkeep\n|turn|4\n|inactive|Riverss1 has 30 seconds left.\n|\n|t:|1683294534\n|cant|p2a: Roaring Moon|slp\n|move|p1b: Gyarados|Taunt|p2b: Amoonguss\n|-start|p2b: Amoonguss|move: Taunt\n|move|p1a: Amoonguss|Pollen Puff|p2b: Amoonguss\n|-damage|p2b: Amoonguss|74\/100\n|cant|p2b: Amoonguss|move: Taunt|Spore\n|\n|upkeep\n|turn|5\n|inactive|Riverss1 has 30 seconds left.\n|inactive|Riverss1 has 20 seconds left.\n|\n|t:|1683294571\n|-curestatus|p2a: Roaring Moon|slp|[msg]\n|move|p2a: Roaring Moon|Dragon Dance|p2a: Roaring Moon\n|-boost|p2a: Roaring Moon|atk|1\n|-boost|p2a: Roaring Moon|spe|1\n|move|p1b: Gyarados|Waterfall|p2a: Roaring Moon\n|-damage|p2a: Roaring Moon|50\/100\n|move|p1a: Amoonguss|Toxic|p2a: Roaring Moon\n|-status|p2a: Roaring Moon|tox\n|move|p2b: Amoonguss|Pollen Puff|p2a: Roaring Moon\n|-heal|p2a: Roaring Moon|99\/100 tox\n|\n|-damage|p2a: Roaring Moon|94\/100 tox|[from] psn\n|upkeep\n|turn|6\n|inactive|Riverss1 has 30 seconds left.\n|inactive|SeydouVGC has 30 seconds left.\n|inactive|Riverss1 has 20 seconds left.\n|\n|t:|1683294607\n|-terastallize|p1b: Gyarados|Flying\n|move|p1a: Amoonguss|Rage Powder|p1a: Amoonguss\n|-singleturn|p1a: Amoonguss|move: Rage Powder\n|move|p2a: Roaring Moon|Acrobatics|p1a: Amoonguss\n|-supereffective|p1a: Amoonguss\n|-end|p1a: Amoonguss|Substitute\n|move|p1b: Gyarados|Tera Blast|p2b: Amoonguss\n|-supereffective|p2b: Amoonguss\n|-damage|p2b: Amoonguss|30\/100\n|-enditem|p2b: Amoonguss|Sitrus Berry|[eat]\n|-heal|p2b: Amoonguss|55\/100|[from] item: Sitrus Berry\n|move|p2b: Amoonguss|Pollen Puff|p2a: Roaring Moon\n|-heal|p2a: Roaring Moon|100\/100 tox\n|\n|-damage|p2a: Roaring Moon|89\/100 tox|[from] psn\n|-end|p2b: Amoonguss|move: Taunt\n|upkeep\n|turn|7\n|inactive|Riverss1 has 30 seconds left.\n|inactive|SeydouVGC has 30 seconds left.\n|\n|t:|1683294639\n|switch|p1a: Orthworm|Orthworm, L50, F, shiny|75\/100\n|move|p2a: Roaring Moon|Acrobatics|p1b: Gyarados\n|-damage|p1b: Gyarados|0 fnt\n|faint|p1b: Gyarados\n|move|p2b: Amoonguss|Pollen Puff|p2a: Roaring Moon\n|-heal|p2a: Roaring Moon|100\/100 tox\n|\n|-damage|p2a: Roaring Moon|83\/100 tox|[from] psn\n|upkeep\n|\n|t:|1683294657\n|switch|p1b: Ceruledge|Ceruledge, L50, M, shiny|100\/100\n|turn|8\n|\n|t:|1683294671\n|move|p1b: Ceruledge|Protect|p1b: Ceruledge\n|-singleturn|p1b: Ceruledge|Protect\n|move|p2a: Roaring Moon|Jaw Lock|p1a: Orthworm\n|-damage|p1a: Orthworm|0 fnt\n|faint|p1a: Orthworm\n|move|p2b: Amoonguss|Spore|p1b: Ceruledge\n|-activate|p1b: Ceruledge|move: Protect\n|\n|-damage|p2a: Roaring Moon|60\/100 tox|[from] psn\n|upkeep\n|\n|t:|1683294680\n|switch|p1a: Amoonguss|Amoonguss, L50, F|100\/100\n|turn|9\n|\n|t:|1683294689\n|move|p1a: Amoonguss|Rage Powder|p1a: Amoonguss\n|-singleturn|p1a: Amoonguss|move: Rage Powder\n|move|p2a: Roaring Moon|Jaw Lock|p1a: Amoonguss\n|-damage|p1a: Amoonguss|8\/100\n|-activate|p2a: Roaring Moon|trapped\n|-activate|p1a: Amoonguss|trapped\n|-damage|p2a: Roaring Moon|43\/100 tox|[from] item: Rocky Helmet|[of] p1a: Amoonguss\n|move|p1b: Ceruledge|Bitter Blade|p2b: Amoonguss\n|-supereffective|p2b: Amoonguss\n|-damage|p2b: Amoonguss|0 fnt\n|faint|p2b: Amoonguss\n|\n|-damage|p2a: Roaring Moon|15\/100 tox|[from] psn\n|upkeep\n|\n|t:|1683294701\n|switch|p2b: Arcanine|Arcanine, L50, F|100\/100\n|-ability|p2b: Arcanine|Intimidate|boost\n|-unboost|p1a: Amoonguss|atk|1\n|-fail|p1b: Ceruledge|unboost|[from] item: Clear Amulet|[of] p1b: Ceruledge\n|turn|10\n|\n|t:|1683294713\n|move|p2b: Arcanine|Extreme Speed|p1a: Amoonguss\n|-damage|p1a: Amoonguss|0 fnt\n|-damage|p2b: Arcanine|84\/100|[from] item: Rocky Helmet|[of] p1a: Amoonguss\n|faint|p1a: Amoonguss\n|move|p1b: Ceruledge|Shadow Sneak|p2a: Roaring Moon\n|-damage|p2a: Roaring Moon|0 fnt\n|faint|p2a: Roaring Moon\n|-end|p2a: Roaring Moon|Protosynthesis|[silent]\n|\n|upkeep\n|\n|t:|1683294720\n|switch|p2a: Ting-Lu|Ting-Lu, L50|100\/100\n|-ability|p2a: Ting-Lu|Vessel of Ruin\n|turn|11\n|\n|t:|1683294732\n|move|p2b: Arcanine|Protect|p2b: Arcanine\n|-singleturn|p2b: Arcanine|Protect\n|move|p1b: Ceruledge|Bulk Up|p1b: Ceruledge\n|-boost|p1b: Ceruledge|atk|1\n|-boost|p1b: Ceruledge|def|1\n|move|p2a: Ting-Lu|Ruination|p1b: Ceruledge\n|-damage|p1b: Ceruledge|50\/100\n|\n|upkeep\n|turn|12\n|\n|t:|1683294746\n|move|p2b: Arcanine|Extreme Speed|p1b: Ceruledge\n|-immune|p1b: Ceruledge\n|move|p1b: Ceruledge|Bitter Blade|p2a: Ting-Lu\n|-damage|p2a: Ting-Lu|63\/100\n|-heal|p1b: Ceruledge|78\/100|[from] drain|[of] p2a: Ting-Lu\n|move|p2a: Ting-Lu|Stomping Tantrum|p1b: Ceruledge\n|-supereffective|p1b: Ceruledge\n|-damage|p1b: Ceruledge|24\/100\n|\n|upkeep\n|turn|13\n|\n|t:|1683294763\n|move|p2b: Arcanine|Protect|p2b: Arcanine\n|-singleturn|p2b: Arcanine|Protect\n|move|p1b: Ceruledge|Bitter Blade|p2a: Ting-Lu\n|-damage|p2a: Ting-Lu|19\/100\n|-heal|p1b: Ceruledge|55\/100|[from] drain|[of] p2a: Ting-Lu\n|move|p2a: Ting-Lu|Stomping Tantrum|p1b: Ceruledge\n|-supereffective|p1b: Ceruledge\n|-damage|p1b: Ceruledge|0 fnt\n|faint|p1b: Ceruledge\n|\n|win|SeydouVGC\n|raw|Riverss1's rating: 1157 → 1139<\/strong> (-18 for losing)\n|raw|SeydouVGC's rating: 1255 → 1273<\/strong> (+18 for winning)\n|l|\u2606Riverss1\n","uploadtime":1683294774,"views":8,"p1id":"riverss1","p2id":"seydouvgc","formatid":"gen9vgc2023regulationc","rating":1139,"private":0,"password":""}