{"id":"gen9vgc2023regulationc-1852569503","p1":"mugiwaraLux","p2":"JordanokeefeVGC","format":"[Gen 9] VGC 2023 Regulation C","log":"|j|\u2606mugiwaraLux\n|j|\u2606JordanokeefeVGC\n|t:|1682577942\n|gametype|doubles\n|player|p1|mugiwaraLux|265|1419\n|player|p2|JordanokeefeVGC|265|1356\n|teamsize|p1|6\n|teamsize|p2|6\n|gen|9\n|tier|[Gen 9] VGC 2023 Regulation C\n|rated|\n|rule|Species Clause: Limit one of each Pok\u00e9mon\n|rule|Item Clause: Limit one of each item\n|clearpoke\n|poke|p1|Palafin, L50, M|\n|poke|p1|Amoonguss, L50, M|\n|poke|p1|Flutter Mane, L50|\n|poke|p1|Arcanine, L50, M|\n|poke|p1|Chien-Pao, L50|\n|poke|p1|Roaring Moon, L50|\n|poke|p2|Goodra, L50, M|\n|poke|p2|Pelipper, L50, M|\n|poke|p2|Flutter Mane, L50|\n|poke|p2|Drednaw, L50, M|\n|poke|p2|Gyarados, L50, M|\n|poke|p2|Amoonguss, L50, M|\n|teampreview|4\n|inactive|Battle timer is ON: inactive players will automatically lose when time's up. (requested by JordanokeefeVGC)\n|inactive|mugiwaraLux also wants the timer to be on.\n|j| hello bean lol\n|inactive|mugiwaraLux has 60 seconds left.\nmugiwaraLux has agreed to open team sheets.\n|inactive|mugiwaraLux has 30 seconds left.\n|inactive|mugiwaraLux has 20 seconds left.\n|inactive|mugiwaraLux has 15 seconds left.\n|inactive|mugiwaraLux has 10 seconds left.\n|\n|t:|1682578026\n|start\n|switch|p1a: Mimi|Flutter Mane, L50|100\/100\n|switch|p1b: Palafin|Palafin, L50, M|100\/100\n|switch|p2a: Flutter Mane|Flutter Mane, L50|100\/100\n|switch|p2b: Drednaw|Drednaw, L50, M|100\/100\n|turn|1\n|\n|t:|1682578040\n|-end|p2a: Flutter Mane|Protosynthesis|[silent]\n|switch|p2a: Pelipper|Pelipper, L50, M|100\/100\n|-weather|RainDance|[from] ability: Drizzle|[of] p2a: Pelipper\n|detailschange|p1b: Palafin|Palafin-Hero, L50, M\n|switch|p1b: Amoonguss|Amoonguss, L50, M|100\/100\n|-terastallize|p2b: Drednaw|Water\n|move|p2b: Drednaw|Liquidation|p1a: Mimi\n|-damage|p1a: Mimi|0 fnt\n|faint|p1a: Mimi\n|-end|p1a: Mimi|Protosynthesis|[silent]\n|\n|-weather|RainDance|[upkeep]\n|upkeep\n|\n|t:|1682578046\n|switch|p1a: Palafin|Palafin-Hero, L50, M|100\/100\n|-activate|p1a: Palafin|ability: Zero to Hero\n|turn|2\n|\n|t:|1682578063\n|switch|p2b: Gyarados|Gyarados, L50, M|100\/100\n|-ability|p2b: Gyarados|Intimidate|boost\n|-unboost|p1a: Palafin|atk|1\n|-unboost|p1b: Amoonguss|atk|1\n|-terastallize|p1b: Amoonguss|Water\n|move|p1b: Amoonguss|Rage Powder|p1b: Amoonguss\n|-singleturn|p1b: Amoonguss|move: Rage Powder\n|move|p1a: Palafin|Wave Crash|p2b: Gyarados\n|-resisted|p2b: Gyarados\n|-damage|p2b: Gyarados|52\/100\n|-damage|p1a: Palafin|84\/100|[from] Recoil\n|move|p2a: Pelipper|Hurricane|p1b: Amoonguss\n|-damage|p1b: Amoonguss|66\/100\n|\n|-weather|RainDance|[upkeep]\n|upkeep\n|turn|3\n|\n|t:|1682578084\n|move|p1a: Palafin|Haze|p1a: Palafin\n|-clearallboost\n|move|p2b: Gyarados|Thunder Wave|p1a: Palafin\n|-status|p1a: Palafin|par\n|move|p2a: Pelipper|Hurricane|p1b: Amoonguss\n|-damage|p1b: Amoonguss|33\/100\n|-start|p1b: Amoonguss|confusion\n|-enditem|p1b: Amoonguss|Sitrus Berry|[eat]\n|-heal|p1b: Amoonguss|58\/100|[from] item: Sitrus Berry\n|-activate|p1b: Amoonguss|confusion\n|move|p1b: Amoonguss|Spore|p2a: Pelipper\n|-status|p2a: Pelipper|slp|[from] move: Spore\n|\n|-weather|RainDance|[upkeep]\n|upkeep\n|turn|4\n|\n|t:|1682578106\n|move|p2b: Gyarados|Taunt|p1b: Amoonguss\n|-start|p1b: Amoonguss|move: Taunt\n|cant|p2a: Pelipper|slp\n|move|p1a: Palafin|Wave Crash|p2b: Gyarados\n|-resisted|p2b: Gyarados\n|-damage|p2b: Gyarados|0 fnt\n|faint|p2b: Gyarados\n|-damage|p1a: Palafin|67\/100 par|[from] Recoil\n|-activate|p1b: Amoonguss|confusion\n|move|p1b: Amoonguss|Pollen Puff|p1a: Palafin\n|-heal|p1a: Palafin|100\/100 par\n|\n|-weather|RainDance|[upkeep]\n|upkeep\n|\n|t:|1682578118\n|switch|p2b: Flutter Mane|Flutter Mane, L50|100\/100\n|turn|5\n|\n|t:|1682578140\n|cant|p1a: Palafin|par\n|move|p2b: Flutter Mane|Thunderbolt|p1a: Palafin\n|-supereffective|p1a: Palafin\n|-damage|p1a: Palafin|3\/100 par\n|cant|p2a: Pelipper|slp\n|-activate|p1b: Amoonguss|confusion\n|move|p1b: Amoonguss|Pollen Puff|p1a: Palafin\n|-heal|p1a: Palafin|53\/100 par\n|\n|-weather|RainDance|[upkeep]\n|upkeep\n|turn|6\n|\n|t:|1682578155\n|switch|p1b: Roaring Moon|Roaring Moon, L50|100\/100\n|-enditem|p1b: Roaring Moon|Booster Energy\n|-activate|p1b: Roaring Moon|ability: Protosynthesis|[fromitem]\n|-start|p1b: Roaring Moon|protosynthesisatk\n|move|p1a: Palafin|Jet Punch|p2b: Flutter Mane\n|-damage|p2b: Flutter Mane|0 fnt\n|faint|p2b: Flutter Mane\n|-end|p2b: Flutter Mane|Protosynthesis|[silent]\n|cant|p2a: Pelipper|slp\n|\n|-weather|RainDance|[upkeep]\n|upkeep\n|\n|t:|1682578164\n|switch|p2b: Drednaw|Drednaw, L50, M, tera:Water|100\/100\n|turn|7\n|inactive|JordanokeefeVGC has 30 seconds left.\n|\n|t:|1682578194\n|switch|p1a: Amoonguss|Amoonguss, L50, M, tera:Water|91\/100\n|move|p1b: Roaring Moon|Protect|p1b: Roaring Moon\n|-singleturn|p1b: Roaring Moon|Protect\n|move|p2b: Drednaw|Earthquake|p1a: Amoonguss|[spread] p1a\n|-activate|p1b: Roaring Moon|move: Protect\n|-immune|p2a: Pelipper\n|-damage|p1a: Amoonguss|55\/100\n|-curestatus|p2a: Pelipper|slp|[msg]\n|move|p2a: Pelipper|Icy Wind|p1b: Roaring Moon|[spread] p1a\n|-activate|p1b: Roaring Moon|move: Protect\n|-resisted|p1a: Amoonguss\n|-damage|p1a: Amoonguss|50\/100\n|-unboost|p1a: Amoonguss|spe|1\n|\n|-weather|RainDance|[upkeep]\n|upkeep\n|turn|8\n|inactive|mugiwaraLux has 30 seconds left.\n|inactive|mugiwaraLux has 20 seconds left.\n|\n|t:|1682578232\n|-end|p1b: Roaring Moon|Protosynthesis|[silent]\n|switch|p1b: Palafin|Palafin-Hero, L50, M|53\/100 par\n|move|p2b: Drednaw|Earthquake|p1a: Amoonguss|[spread] p1a,p1b\n|-immune|p2a: Pelipper\n|-damage|p1a: Amoonguss|16\/100\n|-damage|p1b: Palafin|19\/100 par\n|move|p2a: Pelipper|Tailwind|p2a: Pelipper\n|-sidestart|p2: JordanokeefeVGC|move: Tailwind\n|move|p1a: Amoonguss|Spore|p2b: Drednaw\n|-status|p2b: Drednaw|slp|[from] move: Spore\n|\n|-weather|none\n|upkeep\n|turn|9\n|\n|t:|1682578256\n|cant|p2b: Drednaw|slp\n|move|p2a: Pelipper|Hurricane|p1a: Amoonguss\n|-damage|p1a: Amoonguss|0 fnt\n|faint|p1a: Amoonguss\n|move|p1b: Palafin|Wave Crash|p2a: Pelipper\n|-resisted|p2a: Pelipper\n|-damage|p2a: Pelipper|60\/100\n|-damage|p1b: Palafin|7\/100 par|[from] Recoil\n|\n|upkeep\n|\n|t:|1682578260\n|switch|p1a: Roaring Moon|Roaring Moon, L50|100\/100\n|turn|10\n|\n|t:|1682578270\n|cant|p2b: Drednaw|slp\n|move|p2a: Pelipper|Icy Wind|p1b: Palafin|[spread] p1a,p1b\n|-supereffective|p1a: Roaring Moon\n|-resisted|p1b: Palafin\n|-damage|p1a: Roaring Moon|79\/100\n|-damage|p1b: Palafin|2\/100 par\n|-unboost|p1a: Roaring Moon|spe|1\n|-unboost|p1b: Palafin|spe|1\n|move|p1a: Roaring Moon|Acrobatics|p2a: Pelipper\n|-damage|p2a: Pelipper|17\/100\n|cant|p1b: Palafin|par\n|\n|upkeep\n|turn|11\n|\n|t:|1682578292\n|move|p1a: Roaring Moon|Protect|p1a: Roaring Moon\n|-singleturn|p1a: Roaring Moon|Protect\n|move|p1b: Palafin|Jet Punch|p2a: Pelipper\n|-resisted|p2a: Pelipper\n|-damage|p2a: Pelipper|0 fnt\n|faint|p2a: Pelipper\n|-curestatus|p2b: Drednaw|slp|[msg]\n|move|p2b: Drednaw|Earthquake|p1a: Roaring Moon|[spread] p1b\n|-activate|p1a: Roaring Moon|move: Protect\n|-damage|p1b: Palafin|0 fnt\n|faint|p1b: Palafin\n|\n|-sideend|p2: JordanokeefeVGC|move: Tailwind\n|upkeep\n|turn|12\n|\n|t:|1682578304\n|move|p2b: Drednaw|Earthquake|p1a: Roaring Moon\n|-damage|p1a: Roaring Moon|16\/100\n|move|p1a: Roaring Moon|Throat Chop|p2b: Drednaw\n|-damage|p2b: Drednaw|42\/100\n|-start|p2b: Drednaw|Throat Chop|[silent]\n|\n|upkeep\n|turn|13\n|\n|t:|1682578315\n|move|p2b: Drednaw|Earthquake|p1a: Roaring Moon\n|-damage|p1a: Roaring Moon|0 fnt\n|faint|p1a: Roaring Moon\n|-end|p1a: Roaring Moon|Protosynthesis|[silent]\n|\n|win|JordanokeefeVGC\n|raw|mugiwaraLux's rating: 1419 → 1395<\/strong> (-24 for losing)\n|raw|JordanokeefeVGC's rating: 1356 → 1380<\/strong> (+24 for winning)\n","uploadtime":1682578318,"views":13,"p1id":"mugiwaralux","p2id":"jordanokeefevgc","formatid":"gen9vgc2023regulationc","rating":1380,"private":0,"password":""}