{"id":"gen9vgc2023regulationc-1859840824","p1":"Heaven64","p2":"PurpleStyle","format":"[Gen 9] VGC 2023 Regulation C","log":"|j|\u2606Heaven64\n|j|\u2606PurpleStyle\n|t:|1683568955\n|gametype|doubles\n|player|p1|Heaven64|leaf-masters|\n|player|p2|PurpleStyle|pokefan|\n|teamsize|p1|6\n|teamsize|p2|6\n|gen|9\n|tier|[Gen 9] VGC 2023 Regulation C\n|rule|Species Clause: Limit one of each Pok\u00e9mon\n|rule|Item Clause: Limit one of each item\n|clearpoke\n|poke|p1|Iron Jugulis, L50|\n|poke|p1|Klefki, L50, M|\n|poke|p1|Iron Thorns, L50|\n|poke|p1|Pelipper, L50, F|\n|poke|p1|Krookodile, L50, M|\n|poke|p1|Floatzel, L50, F|\n|poke|p2|Hippowdon, L50, M|\n|poke|p2|Houndstone, L50, F|\n|poke|p2|Chi-Yu, L50|\n|poke|p2|Maushold, L50|\n|poke|p2|Salamence, L50, M|\n|poke|p2|Magneton, L50|\n|teampreview|4\n|c|\u2606PurpleStyle|g2\nPurpleStyle rejected open team sheets.\n|\n|t:|1683569437\n|start\n|switch|p1a: Vault-TEC|Klefki, L50, M|100\/100\n|switch|p1b: Rhine|Floatzel, L50, F|100\/100\n|switch|p2a: Salamence|Salamence, L50, M|100\/100\n|switch|p2b: Magneton|Magneton, L50|100\/100\n|-ability|p2a: Salamence|Intimidate|boost\n|-unboost|p1a: Vault-TEC|atk|1\n|-fail|p1b: Rhine|unboost|[from] item: Clear Amulet|[of] p1b: Rhine\n|turn|1\n|\n|t:|1683569501\n|move|p1b: Rhine|Protect|p1b: Rhine\n|-singleturn|p1b: Rhine|Protect\n|move|p1a: Vault-TEC|Light Screen|p1a: Vault-TEC\n|-sidestart|p1: Heaven64|move: Light Screen\n|move|p2a: Salamence|Tailwind|p2a: Salamence\n|-sidestart|p2: PurpleStyle|move: Tailwind\n|move|p2b: Magneton|Reflect|p2b: Magneton\n|-sidestart|p2: PurpleStyle|Reflect\n|\n|upkeep\n|turn|2\n|\n|t:|1683569522\n|move|p1a: Vault-TEC|Rain Dance|p1a: Vault-TEC\n|-weather|RainDance\n|move|p1b: Rhine|Ice Spinner|p2a: Salamence\n|-supereffective|p2a: Salamence\n|-damage|p2a: Salamence|26\/100\n|-enditem|p2a: Salamence|Sitrus Berry|[eat]\n|-heal|p2a: Salamence|51\/100|[from] item: Sitrus Berry\n|move|p2a: Salamence|Draco Meteor|p1b: Rhine\n|-damage|p1b: Rhine|24\/100\n|-unboost|p2a: Salamence|spa|2\n|move|p2b: Magneton|Thunderbolt|p1b: Rhine\n|-supereffective|p1b: Rhine\n|-damage|p1b: Rhine|0 fnt\n|faint|p1b: Rhine\n|\n|-weather|RainDance|[upkeep]\n|upkeep\n|\n|t:|1683569536\n|switch|p1b: Black Mesa|Iron Jugulis, L50|100\/100\n|-enditem|p1b: Black Mesa|Booster Energy\n|-activate|p1b: Black Mesa|ability: Quark Drive|[fromitem]\n|-start|p1b: Black Mesa|quarkdrivespe\n|turn|3\n|\n|t:|1683569555\n|switch|p2a: Hippowdon|Hippowdon, L50, M|100\/100\n|-weather|Sandstorm|[from] ability: Sand Stream|[of] p2a: Hippowdon\n|move|p1a: Vault-TEC|Thunder Wave|p2a: Hippowdon\n|-immune|p2a: Hippowdon\n|move|p2b: Magneton|Light Screen|p2b: Magneton\n|-sidestart|p2: PurpleStyle|move: Light Screen\n|move|p1b: Black Mesa|Hurricane|p2a: Hippowdon\n|-damage|p2a: Hippowdon|73\/100\n|-start|p2a: Hippowdon|confusion\n|\n|-weather|Sandstorm|[upkeep]\n|-damage|p1b: Black Mesa|95\/100|[from] Sandstorm\n|-heal|p2a: Hippowdon|79\/100|[from] item: Leftovers\n|upkeep\n|turn|4\n|\n|t:|1683569581\n|move|p1b: Black Mesa|Protect|p1b: Black Mesa\n|-singleturn|p1b: Black Mesa|Protect\n|move|p1a: Vault-TEC|Reflect|p1a: Vault-TEC\n|-sidestart|p1: Heaven64|Reflect\n|move|p2b: Magneton|Thunderbolt|p1b: Black Mesa\n|-activate|p1b: Black Mesa|move: Protect\n|-activate|p2a: Hippowdon|confusion\n|move|p2a: Hippowdon|Yawn|p1a: Vault-TEC\n|-start|p1a: Vault-TEC|move: Yawn|[of] p2a: Hippowdon\n|\n|-weather|Sandstorm|[upkeep]\n|-damage|p1b: Black Mesa|89\/100|[from] Sandstorm\n|-heal|p2a: Hippowdon|85\/100|[from] item: Leftovers\n|-sideend|p2: PurpleStyle|move: Tailwind\n|upkeep\n|turn|5\n|\n|t:|1683569604\n|switch|p1a: Umbrella|Pelipper, L50, F|100\/100\n|-weather|RainDance|[from] ability: Drizzle|[of] p1a: Umbrella\n|move|p1b: Black Mesa|Earth Power|p2b: Magneton\n|-supereffective|p2b: Magneton\n|-damage|p2b: Magneton|24\/100\n|move|p2b: Magneton|Thunderbolt|p1b: Black Mesa\n|-supereffective|p1b: Black Mesa\n|-damage|p1b: Black Mesa|34\/100\n|-activate|p2a: Hippowdon|confusion\n|move|p2a: Hippowdon|Yawn|p1b: Black Mesa\n|-start|p1b: Black Mesa|move: Yawn|[of] p2a: Hippowdon\n|\n|-weather|RainDance|[upkeep]\n|-heal|p2a: Hippowdon|91\/100|[from] item: Leftovers\n|-sideend|p2: PurpleStyle|Reflect\n|-sideend|p1: Heaven64|move: Light Screen\n|upkeep\n|turn|6\n|\n|t:|1683569645\n|-end|p1b: Black Mesa|Quark Drive|[silent]\n|switch|p1b: Vault-TEC|Klefki, L50, M|100\/100\n|-terastallize|p2b: Magneton|Flying\n|-end|p2a: Hippowdon|confusion\n|move|p2a: Hippowdon|Protect|p2a: Hippowdon\n|-singleturn|p2a: Hippowdon|Protect\n|move|p2b: Magneton|Thunderbolt|p1a: Umbrella\n|-supereffective|p1a: Umbrella\n|-damage|p1a: Umbrella|0 fnt\n|faint|p1a: Umbrella\n|\n|-weather|RainDance|[upkeep]\n|-heal|p2a: Hippowdon|98\/100|[from] item: Leftovers\n|upkeep\n|\n|t:|1683569656\n|switch|p1a: Black Mesa|Iron Jugulis, L50|34\/100\n|turn|7\n|\n|t:|1683569668\n|move|p1b: Vault-TEC|Light Screen|p1b: Vault-TEC\n|-sidestart|p1: Heaven64|move: Light Screen\n|move|p1a: Black Mesa|Hurricane|p2b: Magneton\n|-damage|p2b: Magneton|0 fnt\n|faint|p2b: Magneton\n|move|p2a: Hippowdon|Yawn|p1a: Black Mesa\n|-start|p1a: Black Mesa|move: Yawn|[of] p2a: Hippowdon\n|\n|-weather|RainDance|[upkeep]\n|-heal|p2a: Hippowdon|100\/100|[from] item: Leftovers\n|-sideend|p2: PurpleStyle|move: Light Screen\n|upkeep\n|\n|t:|1683569678\n|switch|p2b: Salamence|Salamence, L50, M|51\/100\n|-ability|p2b: Salamence|Intimidate|boost\n|-unboost|p1a: Black Mesa|atk|1\n|-unboost|p1b: Vault-TEC|atk|1\n|turn|8\n|\n|t:|1683569685\n|move|p2b: Salamence|Protect|p2b: Salamence\n|-singleturn|p2b: Salamence|Protect\n|move|p2a: Hippowdon|Protect|p2a: Hippowdon\n|-singleturn|p2a: Hippowdon|Protect\n|move|p1b: Vault-TEC|Thunder Wave|p2b: Salamence\n|-activate|p2b: Salamence|move: Protect\n|move|p1a: Black Mesa|Tailwind|p1a: Black Mesa\n|-sidestart|p1: Heaven64|move: Tailwind\n|\n|-weather|RainDance|[upkeep]\n|-end|p1a: Black Mesa|move: Yawn|[silent]\n|-status|p1a: Black Mesa|slp\n|-sideend|p1: Heaven64|Reflect\n|upkeep\n|turn|9\n|\n|t:|1683569710\n|move|p1b: Vault-TEC|Thunder Wave|p2b: Salamence\n|-status|p2b: Salamence|par\n|cant|p1a: Black Mesa|slp\n|move|p2b: Salamence|Draco Meteor|p1a: Black Mesa\n|-damage|p1a: Black Mesa|0 fnt\n|-unboost|p2b: Salamence|spa|2\n|faint|p1a: Black Mesa\n|-end|p1a: Black Mesa|Quark Drive|[silent]\n|move|p2a: Hippowdon|Earthquake|p1b: Vault-TEC|[spread] p1b\n|-immune|p2b: Salamence\n|-supereffective|p1b: Vault-TEC\n|-damage|p1b: Vault-TEC|38\/100\n|\n|-weather|none\n|upkeep\n|turn|10\n|c|\u2606Heaven64|GG\n|\n|t:|1683569724\n|move|p1b: Vault-TEC|Rain Dance|p1b: Vault-TEC\n|-weather|RainDance\n|move|p2b: Salamence|Draco Meteor|p1b: Vault-TEC\n|-immune|p1b: Vault-TEC\n|move|p2a: Hippowdon|Earthquake|p1b: Vault-TEC|[spread] p1b\n|-immune|p2b: Salamence\n|-supereffective|p1b: Vault-TEC\n|-damage|p1b: Vault-TEC|0 fnt\n|faint|p1b: Vault-TEC\n|\n|win|PurpleStyle\n|c|\u2606PurpleStyle|gg\n","uploadtime":1683570249,"views":15,"p1id":"heaven64","p2id":"purplestyle","formatid":"gen9vgc2023regulationc","rating":0,"private":0,"password":""}