{"id":"gen9vgc2023regulationc-1863743947","p1":"Rodolfo00VGC","p2":"SM0KESgirl","format":"[Gen 9] VGC 2023 Regulation C","log":"|j|\u2606Rodolfo00VGC\n|j|\u2606SM0KESgirl\n|t:|1684070823\n|gametype|doubles\n|player|p1|Rodolfo00VGC|cynthia|1318\n|player|p2|SM0KESgirl|rosa|1317\n|teamsize|p1|6\n|teamsize|p2|6\n|gen|9\n|tier|[Gen 9] VGC 2023 Regulation C\n|rated|\n|rule|Species Clause: Limit one of each Pok\u00e9mon\n|rule|Item Clause: Limit one of each item\n|clearpoke\n|poke|p1|Orthworm, L50, M|\n|poke|p1|Dragonite, L50, M|\n|poke|p1|Ting-Lu, L50|\n|poke|p1|Gyarados, L50, M|\n|poke|p1|Flutter Mane, L50|\n|poke|p1|Chien-Pao, L50|\n|poke|p2|Gholdengo, L50|\n|poke|p2|Murkrow, L50, F|\n|poke|p2|Baxcalibur, L50, M|\n|poke|p2|Annihilape, L50, F|\n|poke|p2|Flutter Mane, L50|\n|poke|p2|Amoonguss, L50, F|\n|teampreview|4\n|inactive|Battle timer is ON: inactive players will automatically lose when time's up. (requested by SM0KESgirl)\nSM0KESgirl rejected open team sheets.\n|\n|t:|1684070858\n|start\n|switch|p1a: Orthworm|Orthworm, L50, M|100\/100\n|switch|p1b: Ting-Lu|Ting-Lu, L50|100\/100\n|switch|p2a: Murkrow|Murkrow, L50, F|100\/100\n|switch|p2b: Gholdengo|Gholdengo, L50|100\/100\n|-ability|p1b: Ting-Lu|Vessel of Ruin\n|turn|1\n|\n|t:|1684070882\n|move|p2a: Murkrow|Tailwind|p2a: Murkrow\n|-sidestart|p2: SM0KESgirl|move: Tailwind\n|move|p2b: Gholdengo|Make It Rain|p1b: Ting-Lu|[spread] p1a,p1b\n|-resisted|p1a: Orthworm\n|-damage|p1a: Orthworm|67\/100\n|-damage|p1b: Ting-Lu|59\/100\n|-unboost|p2b: Gholdengo|spa|1\n|move|p1b: Ting-Lu|Earthquake|p2a: Murkrow|[spread] p2b\n|-heal|p1a: Orthworm|92\/100|[from] ability: Earth Eater|[of] p1b: Ting-Lu\n|-immune|p2a: Murkrow\n|-supereffective|p2b: Gholdengo\n|-damage|p2b: Gholdengo|7\/100\n|move|p1a: Orthworm|Shed Tail|p1a: Orthworm\n|-start|p1a: Orthworm|Substitute|[from] move: Shed Tail\n|-damage|p1a: Orthworm|42\/100\n|-enditem|p1a: Orthworm|Sitrus Berry|[eat]\n|-heal|p1a: Orthworm|67\/100|[from] item: Sitrus Berry\n|\n|t:|1684070901\n|switch|p1a: Dragonite|Dragonite, L50, M|100\/100|[from] Shed Tail\n|\n|upkeep\n|turn|2\n|\n|t:|1684070911\n|move|p2a: Murkrow|Haze|p2a: Murkrow\n|-clearallboost\n|move|p2b: Gholdengo|Make It Rain|p1a: Dragonite|[spread] p1a,p1b\n|-end|p1a: Dragonite|Substitute\n|-damage|p1b: Ting-Lu|16\/100\n|-unboost|p2b: Gholdengo|spa|1\n|move|p1a: Dragonite|Dragon Dance|p1a: Dragonite\n|-boost|p1a: Dragonite|atk|1\n|-boost|p1a: Dragonite|spe|1\n|move|p1b: Ting-Lu|Earthquake|p2b: Gholdengo|[spread] p2b\n|-immune|p1a: Dragonite\n|-immune|p2a: Murkrow\n|-supereffective|p2b: Gholdengo\n|-damage|p2b: Gholdengo|0 fnt\n|faint|p2b: Gholdengo\n|\n|upkeep\n|\n|t:|1684070930\n|switch|p2b: Baxcalibur|Baxcalibur, L50, M|100\/100\n|turn|3\n|inactive|Rodolfo00VGC has 30 seconds left.\n|inactive|Rodolfo00VGC has 20 seconds left.\n|\n|t:|1684070965\n|switch|p1a: Orthworm|Orthworm, L50, M|67\/100\n|switch|p1b: Chien-Pao|Chien-Pao, L50|100\/100\n|-ability|p1b: Chien-Pao|Sword of Ruin\n|move|p2a: Murkrow|Haze|p2a: Murkrow\n|-clearallboost\n|move|p2b: Baxcalibur|Earthquake|p1a: Orthworm|[spread] p1b\n|-heal|p1a: Orthworm|92\/100|[from] ability: Earth Eater|[of] p2b: Baxcalibur\n|-immune|p2a: Murkrow\n|-damage|p1b: Chien-Pao|61\/100\n|\n|upkeep\n|turn|4\n|inactive|Rodolfo00VGC has 30 seconds left.\n|inactive|SM0KESgirl has 30 seconds left.\n|inactive|SM0KESgirl has 20 seconds left.\n|\n|t:|1684071005\n|move|p1b: Chien-Pao|Protect|p1b: Chien-Pao\n|-singleturn|p1b: Chien-Pao|Protect\n|move|p2a: Murkrow|Thunder Wave|p1a: Orthworm\n|-status|p1a: Orthworm|par\n|move|p2b: Baxcalibur|Icicle Spear|p1b: Chien-Pao\n|-activate|p1b: Chien-Pao|move: Protect\n|move|p1a: Orthworm|Heavy Slam|p2b: Baxcalibur\n|-supereffective|p2b: Baxcalibur\n|-damage|p2b: Baxcalibur|73\/100\n|\n|-sideend|p2: SM0KESgirl|move: Tailwind\n|upkeep\n|turn|5\n|inactive|SM0KESgirl has 30 seconds left.\n|\n|t:|1684071034\n|-terastallize|p1b: Chien-Pao|Dark\n|move|p1b: Chien-Pao|Sucker Punch|p2b: Baxcalibur\n|-damage|p2b: Baxcalibur|16\/100\n|move|p2a: Murkrow|Tailwind|p2a: Murkrow\n|-sidestart|p2: SM0KESgirl|move: Tailwind\n|move|p2b: Baxcalibur|Icicle Spear|p1b: Chien-Pao\n|-damage|p1b: Chien-Pao|41\/100\n|-damage|p1b: Chien-Pao|20\/100\n|-damage|p1b: Chien-Pao|0 fnt\n|faint|p1b: Chien-Pao\n|-hitcount|p1: Chien-Pao|3\n|move|p1a: Orthworm|Iron Defense|p1a: Orthworm\n|-boost|p1a: Orthworm|def|2\n|\n|upkeep\n|\n|t:|1684071057\n|switch|p1b: Dragonite|Dragonite, L50, M|100\/100\n|turn|6\n|\n|t:|1684071077\n|move|p1b: Dragonite|Extreme Speed|p2b: Baxcalibur\n|-damage|p2b: Baxcalibur|0 fnt\n|faint|p2b: Baxcalibur\n|move|p2a: Murkrow|Haze|p2a: Murkrow\n|-clearallboost\n|move|p1a: Orthworm|Iron Defense|p1a: Orthworm\n|-boost|p1a: Orthworm|def|2\n|\n|upkeep\n|\n|t:|1684071087\n|switch|p2b: Annihilape|Annihilape, L50, F|100\/100\n|turn|7\n|inactive|SM0KESgirl has 30 seconds left.\n|\n|t:|1684071120\n|move|p2b: Annihilape|Protect|p2b: Annihilape\n|-singleturn|p2b: Annihilape|Protect\n|move|p2a: Murkrow|Haze|p2a: Murkrow\n|-clearallboost\n|move|p1b: Dragonite|Dragon Dance|p1b: Dragonite\n|-boost|p1b: Dragonite|atk|1\n|-boost|p1b: Dragonite|spe|1\n|move|p1a: Orthworm|Iron Defense|p1a: Orthworm\n|-boost|p1a: Orthworm|def|2\n|\n|upkeep\n|turn|8\n|\n|t:|1684071140\n|move|p2a: Murkrow|Haze|p2a: Murkrow\n|-clearallboost\n|move|p2b: Annihilape|Bulk Up|p2b: Annihilape\n|-boost|p2b: Annihilape|atk|1\n|-boost|p2b: Annihilape|def|1\n|move|p1b: Dragonite|Earthquake|p2b: Annihilape|[spread] p2b\n|-heal|p1a: Orthworm|100\/100 par|[from] ability: Earth Eater|[of] p1b: Dragonite\n|-immune|p2a: Murkrow\n|-damage|p2b: Annihilape|84\/100\n|move|p1a: Orthworm|Body Press|p2a: Murkrow\n|-damage|p2a: Murkrow|69\/100\n|\n|-heal|p2b: Annihilape|90\/100|[from] item: Leftovers\n|-sideend|p2: SM0KESgirl|move: Tailwind\n|upkeep\n|turn|9\n|inactive|Rodolfo00VGC has 30 seconds left.\n|inactive|SM0KESgirl has 30 seconds left.\n|\n|t:|1684071170\n|move|p2a: Murkrow|Thunder Wave|p1b: Dragonite\n|-status|p1b: Dragonite|par\n|-enditem|p1b: Dragonite|Lum Berry|[eat]\n|-curestatus|p1b: Dragonite|par|[msg]\n|move|p1b: Dragonite|Earthquake|p2a: Murkrow|[spread] p2b\n|-immune|p1a: Orthworm|[from] ability: Earth Eater\n|-immune|p2a: Murkrow\n|-damage|p2b: Annihilape|74\/100\n|move|p2b: Annihilape|Rage Fist|p1b: Dragonite\n|-damage|p1b: Dragonite|52\/100\n|move|p1a: Orthworm|Iron Defense|p1a: Orthworm\n|-boost|p1a: Orthworm|def|2\n|\n|-heal|p2b: Annihilape|80\/100|[from] item: Leftovers\n|upkeep\n|turn|10\n|l|\u2606Rodolfo00VGC\n|inactive|Rodolfo00VGC disconnected and has a minute to reconnect!\n|player|p1|\n|inactive|Rodolfo00VGC has 30 seconds left.\n|inactive|SM0KESgirl has 30 seconds left.\n|inactive|Rodolfo00VGC has 20 seconds left.\n|inactive|Rodolfo00VGC has 15 seconds left.\n|inactive|Rodolfo00VGC has 10 seconds left.\n|inactive|Rodolfo00VGC has 5 seconds left.\n|-message|Rodolfo00VGC lost due to inactivity.\n|\n|win|SM0KESgirl\n|raw|Rodolfo00VGC's rating: 1299 → 1275<\/strong> (-24 for losing)\n|raw|SM0KESgirl's rating: 1317 → 1336<\/strong> (+19 for winning)\n","uploadtime":1684071231,"views":13,"p1id":"rodolfo00vgc","p2id":"sm0kesgirl","formatid":"gen9vgc2023regulationc","rating":1275,"private":0,"password":""}