{"id":"gen9vgc2023regulationc-1846953940","p1":"NerfGanon","p2":"Karajony","format":"[Gen 9] VGC 2023 Regulation C","log":"|j|\u2606NerfGanon\n|j|\u2606Karajony\n|t:|1681905565\n|gametype|doubles\n|player|p1|NerfGanon|swimmerf|1324\n|player|p2|Karajony|worker-gen4|1308\n|teamsize|p1|6\n|teamsize|p2|6\n|gen|9\n|tier|[Gen 9] VGC 2023 Regulation C\n|rated|\n|rule|Species Clause: Limit one of each Pok\u00e9mon\n|rule|Item Clause: Limit one of each item\n|clearpoke\n|poke|p1|Arcanine, L50, M|\n|poke|p1|Sableye, L50, M|\n|poke|p1|Palafin, L50, M|\n|poke|p1|Amoonguss, L50, M|\n|poke|p1|Baxcalibur, L50, F|\n|poke|p1|Flutter Mane, L50|\n|poke|p2|Flutter Mane, L50|\n|poke|p2|Iron Hands, L50|\n|poke|p2|Baxcalibur, L50, F|\n|poke|p2|Scream Tail, L50|\n|poke|p2|Chi-Yu, L50|\n|poke|p2|Gyarados, L50, F|\n|teampreview|4\n|inactive|Battle timer is ON: inactive players will automatically lose when time's up. (requested by Karajony)\nNerfGanon has agreed to open team sheets.\n|inactive|NerfGanon has 60 seconds left.\n|inactive|NerfGanon has 30 seconds left.\n|\n|t:|1681905629\n|start\n|switch|p1a: Sableye|Sableye, L50, M|100\/100\n|switch|p1b: Palafin|Palafin, L50, M|100\/100\n|switch|p2a: Iron Hands|Iron Hands, L50|100\/100\n|switch|p2b: Scream Tail|Scream Tail, L50|100\/100\n|turn|1\n|\n|t:|1681905647\n|move|p1b: Palafin|Protect|p1b: Palafin\n|-singleturn|p1b: Palafin|Protect\n|move|p1a: Sableye|Reflect|p1a: Sableye\n|-sidestart|p1: NerfGanon|Reflect\n|move|p2b: Scream Tail|Play Rough|p1a: Sableye\n|-supereffective|p1a: Sableye\n|-damage|p1a: Sableye|62\/100\n|move|p2a: Iron Hands|Swords Dance|p2a: Iron Hands\n|-boost|p2a: Iron Hands|atk|2\n|\n|upkeep\n|turn|2\n|inactive|NerfGanon has 30 seconds left.\n|inactive|Karajony has 30 seconds left.\n|\n|t:|1681905678\n|-terastallize|p1b: Palafin|Water\n|move|p2b: Scream Tail|Encore|p1a: Sableye\n|-start|p1a: Sableye|Encore\n|move|p1b: Palafin|Wave Crash|p2a: Iron Hands\n|-damage|p2a: Iron Hands|48\/100\n|-damage|p1b: Palafin|80\/100|[from] Recoil\n|move|p2a: Iron Hands|Wild Charge|p1b: Palafin\n|-supereffective|p1b: Palafin\n|-damage|p1b: Palafin|0 fnt\n|faint|p1b: Palafin\n|-damage|p2a: Iron Hands|31\/100|[from] Recoil\n|move|p1a: Sableye|Reflect||[still]\n|-fail|p1a: Sableye\n|\n|-heal|p2a: Iron Hands|37\/100|[from] item: Leftovers\n|upkeep\n|\n|t:|1681905703\n|switch|p1b: Flutter Mane|Flutter Mane, L50|100\/100\n|-enditem|p1b: Flutter Mane|Booster Energy\n|-activate|p1b: Flutter Mane|ability: Protosynthesis|[fromitem]\n|-start|p1b: Flutter Mane|protosynthesisspa\n|turn|3\n|inactive|NerfGanon has 30 seconds left.\n|\n|t:|1681905732\n|switch|p1a: Baxcalibur|Baxcalibur, L50, F|100\/100\n|move|p2a: Iron Hands|Detect|p2a: Iron Hands\n|-singleturn|p2a: Iron Hands|Protect\n|move|p1b: Flutter Mane|Substitute|p1b: Flutter Mane\n|-start|p1b: Flutter Mane|Substitute\n|-damage|p1b: Flutter Mane|76\/100\n|move|p2b: Scream Tail|Trick Room|p2b: Scream Tail\n|-fieldstart|move: Trick Room|[of] p2b: Scream Tail\n|\n|-heal|p2a: Iron Hands|43\/100|[from] item: Leftovers\n|upkeep\n|turn|4\n|inactive|NerfGanon has 30 seconds left.\n|inactive|Karajony has 30 seconds left.\n|\n|t:|1681905760\n|switch|p1a: Sableye|Sableye, L50, M|62\/100\n|-terastallize|p2a: Iron Hands|Grass\n|move|p2a: Iron Hands|Drain Punch|p1a: Sableye\n|-immune|p1a: Sableye\n|move|p2b: Scream Tail|Play Rough|p1b: Flutter Mane\n|-activate|p1b: Flutter Mane|move: Substitute|[damage]\n|move|p1b: Flutter Mane|Shadow Ball|p2a: Iron Hands\n|-damage|p2a: Iron Hands|0 fnt\n|faint|p2a: Iron Hands\n|-end|p2a: Iron Hands|Quark Drive|[silent]\n|\n|upkeep\n|\n|t:|1681905774\n|switch|p2a: Baxcalibur|Baxcalibur, L50, F|100\/100\n|turn|5\n|\n|t:|1681905791\n|move|p1a: Sableye|Foul Play|p2a: Baxcalibur\n|-damage|p2a: Baxcalibur|54\/100\n|move|p2a: Baxcalibur|Icicle Spear|p1b: Flutter Mane\n|-end|p1b: Flutter Mane|Substitute\n|-crit|p1b: Flutter Mane\n|-damage|p1b: Flutter Mane|40\/100\n|-damage|p1b: Flutter Mane|22\/100\n|-damage|p1b: Flutter Mane|6\/100\n|-hitcount|p1b: Flutter Mane|4\n|move|p2b: Scream Tail|Play Rough|p1b: Flutter Mane\n|-damage|p1b: Flutter Mane|0 fnt\n|faint|p1b: Flutter Mane\n|-end|p1b: Flutter Mane|Protosynthesis|[silent]\n|\n|upkeep\n|\n|t:|1681905802\n|switch|p1b: Baxcalibur|Baxcalibur, L50, F|100\/100\n|turn|6\n|inactive|NerfGanon has 30 seconds left.\n|\n|t:|1681905835\n|move|p2a: Baxcalibur|Protect|p2a: Baxcalibur\n|-singleturn|p2a: Baxcalibur|Protect\n|move|p1a: Sableye|Light Screen|p1a: Sableye\n|-sidestart|p1: NerfGanon|move: Light Screen\n|move|p1b: Baxcalibur|Dragon Dance|p1b: Baxcalibur\n|-boost|p1b: Baxcalibur|atk|1\n|-boost|p1b: Baxcalibur|spe|1\n|move|p2b: Scream Tail|Disable|p1a: Sableye\n|-start|p1a: Sableye|Disable|Light Screen\n|\n|upkeep\n|turn|7\n|\n|t:|1681905858\n|move|p1b: Baxcalibur|Protect|p1b: Baxcalibur\n|-singleturn|p1b: Baxcalibur|Protect\n|move|p1a: Sableye|Foul Play|p2a: Baxcalibur\n|-damage|p2a: Baxcalibur|4\/100\n|move|p2a: Baxcalibur|Glaive Rush|p1b: Baxcalibur\n|-activate|p1b: Baxcalibur|move: Protect\n|move|p2b: Scream Tail|Encore|p1a: Sableye\n|-start|p1a: Sableye|Encore\n|\n|-fieldend|move: Trick Room\n|upkeep\n|turn|8\n|\n|t:|1681905881\n|move|p2a: Baxcalibur|Protect|p2a: Baxcalibur\n|-singleturn|p2a: Baxcalibur|Protect\n|move|p1b: Baxcalibur|Glaive Rush|p2a: Baxcalibur\n|-activate|p2a: Baxcalibur|move: Protect\n|move|p1a: Sableye|Foul Play|p2b: Scream Tail\n|-damage|p2b: Scream Tail|84\/100\n|move|p2b: Scream Tail|Trick Room|p2b: Scream Tail\n|-fieldstart|move: Trick Room|[of] p2b: Scream Tail\n|\n|-sideend|p1: NerfGanon|Reflect\n|upkeep\n|turn|9\n|\n|t:|1681905904\n|switch|p2a: Gyarados|Gyarados, L50, F|100\/100\n|-ability|p2a: Gyarados|Intimidate|boost\n|-unboost|p1a: Sableye|atk|1\n|-fail|p1b: Baxcalibur|unboost|[from] item: Clear Amulet|[of] p1b: Baxcalibur\n|move|p1b: Baxcalibur|Protect|p1b: Baxcalibur\n|-singleturn|p1b: Baxcalibur|Protect\n|move|p1a: Sableye|Foul Play|p2a: Gyarados\n|-damage|p2a: Gyarados|58\/100\n|move|p2b: Scream Tail|Play Rough|p1b: Baxcalibur\n|-activate|p1b: Baxcalibur|move: Protect\n|\n|upkeep\n|turn|10\n|inactive|Karajony has 30 seconds left.\n|\n|t:|1681905934\n|move|p1a: Sableye|Foul Play|p2a: Gyarados\n|-damage|p2a: Gyarados|13\/100\n|-enditem|p2a: Gyarados|Sitrus Berry|[eat]\n|-heal|p2a: Gyarados|38\/100|[from] item: Sitrus Berry\n|move|p2a: Gyarados|Iron Head|p1b: Baxcalibur\n|-supereffective|p1b: Baxcalibur\n|-damage|p1b: Baxcalibur|58\/100\n|move|p2b: Scream Tail|Play Rough|p1b: Baxcalibur\n|-supereffective|p1b: Baxcalibur\n|-damage|p1b: Baxcalibur|20\/100\n|move|p1b: Baxcalibur|Icicle Crash|p2a: Gyarados\n|-damage|p2a: Gyarados|0 fnt\n|faint|p2a: Gyarados\n|\n|-end|p1a: Sableye|Encore\n|-end|p1a: Sableye|Disable\n|upkeep\n|\n|t:|1681905949\n|switch|p2a: Baxcalibur|Baxcalibur, L50, F|4\/100\n|turn|11\n|\n|t:|1681905957\n|move|p2a: Baxcalibur|Protect|p2a: Baxcalibur\n|-singleturn|p2a: Baxcalibur|Protect\n|move|p1b: Baxcalibur|Protect|p1b: Baxcalibur\n|-singleturn|p1b: Baxcalibur|Protect\n|move|p1a: Sableye|Reflect|p1a: Sableye\n|-sidestart|p1: NerfGanon|Reflect\n|move|p2b: Scream Tail|Disable|p1a: Sableye\n|-start|p1a: Sableye|Disable|Reflect\n|\n|upkeep\n|turn|12\n|\n|t:|1681905981\n|move|p2a: Baxcalibur|Ice Shard|p1b: Baxcalibur\n|-damage|p1b: Baxcalibur|6\/100\n|move|p1a: Sableye|Foul Play|p2a: Baxcalibur\n|-damage|p2a: Baxcalibur|0 fnt\n|faint|p2a: Baxcalibur\n|move|p2b: Scream Tail|Encore|p1b: Baxcalibur\n|-start|p1b: Baxcalibur|Encore\n|move|p1b: Baxcalibur|Protect||[still]\n|-fail|p1b: Baxcalibur\n|\n|-fieldend|move: Trick Room\n|upkeep\n|turn|13\n|inactive|NerfGanon has 30 seconds left.\n|\n|t:|1681906013\n|move|p1b: Baxcalibur|Protect|p1b: Baxcalibur\n|-singleturn|p1b: Baxcalibur|Protect\n|move|p2b: Scream Tail|Play Rough|p1a: Sableye\n|-supereffective|p1a: Sableye\n|-damage|p1a: Sableye|27\/100\n|move|p1a: Sableye|Foul Play|p2b: Scream Tail\n|-damage|p2b: Scream Tail|69\/100\n|\n|-sideend|p1: NerfGanon|move: Light Screen\n|upkeep\n|turn|14\n|inactive|NerfGanon has 30 seconds left.\n|\n|t:|1681906040\n|move|p1b: Baxcalibur|Protect|p1b: Baxcalibur\n|-singleturn|p1b: Baxcalibur|Protect\n|move|p2b: Scream Tail|Play Rough|p1b: Baxcalibur\n|-activate|p1b: Baxcalibur|move: Protect\n|move|p1a: Sableye|Foul Play|p2b: Scream Tail\n|-damage|p2b: Scream Tail|52\/100\n|\n|-end|p1b: Baxcalibur|Encore\n|upkeep\n|turn|15\n|\n|t:|1681906055\n|move|p1b: Baxcalibur|Icicle Crash|p2b: Scream Tail\n|-damage|p2b: Scream Tail|0 fnt\n|faint|p2b: Scream Tail\n|-end|p2b: Scream Tail|Protosynthesis|[silent]\n|\n|win|NerfGanon\n|raw|NerfGanon's rating: 1324 → 1343<\/strong> (+19 for winning)\n|raw|Karajony's rating: 1308 → 1289<\/strong> (-19 for losing)\n|l|\u2606NerfGanon\n|c|\u2606Karajony|lucky double protect\n|c|\u2606Karajony|gg\n","uploadtime":1681906073,"views":6,"p1id":"nerfganon","p2id":"karajony","formatid":"gen9vgc2023regulationc","rating":1289,"private":0,"password":""}