{"id":"gen9vgc2023regulationc-1845190346","p1":"RemHood","p2":"LilBadWord","format":"[Gen 9] VGC 2023 Regulation C","log":"|j|\u203dRemHood\n|j|\u2606LilBadWord\n|t:|1681694369\n|gametype|doubles\n|player|p1|RemHood|265|1000\n|player|p2|LilBadWord|102|1057\n|teamsize|p1|4\n|teamsize|p2|6\n|gen|9\n|tier|[Gen 9] VGC 2023 Regulation C\n|rated|\n|rule|Species Clause: Limit one of each Pok\u00e9mon\n|rule|Item Clause: Limit one of each item\n|clearpoke\n|poke|p1|Altaria, L50, F|\n|poke|p1|Iron Jugulis, L50|\n|poke|p1|Noivern, L50, M|\n|poke|p1|Salamence, L50, M|\n|poke|p2|Braviary, L50, M|\n|poke|p2|Klefki, L50, M|\n|poke|p2|Jolteon, L50, M|\n|poke|p2|Kingambit, L50, F|\n|poke|p2|Golduck, L50, F|\n|poke|p2|Arcanine, L50, M|\n|teampreview|4\n|inactive|Battle timer is ON: inactive players will automatically lose when time's up. (requested by RemHood)\n|c|\u2606LilBadWord|Less than 6, I'm in danger\n|inactive|LilBadWord has 60 seconds left.\n|\n|t:|1681694418\n|start\n|switch|p1a: Altaria|Altaria, L50, F, shiny|100\/100\n|switch|p1b: Noivern|Noivern, L50, M, shiny|100\/100\n|switch|p2a: Arcanine|Arcanine, L50, M|100\/100\n|switch|p2b: Golduck|Golduck, L50, F|100\/100\n|-ability|p2b: Golduck|Cloud Nine\n|-ability|p2a: Arcanine|Intimidate|boost\n|-unboost|p1a: Altaria|atk|1\n|-unboost|p1b: Noivern|atk|1\n|turn|1\n|\n|t:|1681694439\n|-terastallize|p1a: Altaria|Ghost\n|move|p1a: Altaria|Helping Hand|p1b: Noivern\n|-singleturn|p1b: Noivern|Helping Hand|[of] p1a: Altaria\n|move|p1b: Noivern|Boomburst|p2b: Golduck|[spread] p2a,p2b\n|-immune|p1a: Altaria\n|-damage|p2a: Arcanine|32\/100\n|-damage|p2b: Golduck|4\/100\n|move|p2b: Golduck|Blizzard|p1a: Altaria|[spread] p1a,p1b\n|-supereffective|p1b: Noivern\n|-damage|p1a: Altaria|77\/100\n|-damage|p1b: Noivern|0 fnt\n|faint|p1b: Noivern\n|move|p2a: Arcanine|Snarl|p1a: Altaria|[miss]\n|-miss|p2a: Arcanine|p1a: Altaria\n|\n|upkeep\n|\n|t:|1681694455\n|switch|p1b: Salamence|Salamence, L50, M, shiny|100\/100\n|turn|2\n|\n|t:|1681694473\n|move|p1b: Salamence|Earthquake|p2b: Golduck|[spread] p1a,p2a,p2b\n|-supereffective|p2a: Arcanine\n|-damage|p1a: Altaria|54\/100\n|-damage|p2a: Arcanine|0 fnt\n|-damage|p2b: Golduck|0 fnt\n|faint|p2a: Arcanine\n|faint|p2b: Golduck\n|-ability|p1b: Salamence|Moxie|boost\n|-boost|p1b: Salamence|atk|2\n|move|p1a: Altaria|Will-O-Wisp|p2: Arcanine|[notarget]\n|-fail|p1a: Altaria\n|\n|upkeep\n|\n|t:|1681694484\n|switch|p2b: Jolteon|Jolteon, L50, M|100\/100\n|switch|p2a: Klefki|Klefki, L50, M|100\/100\n|turn|3\n|\n|t:|1681694499\n|-terastallize|p2b: Jolteon|Electric\n|move|p2b: Jolteon|Protect|p2b: Jolteon\n|-singleturn|p2b: Jolteon|Protect\n|move|p2a: Klefki|Magnet Rise|p2a: Klefki\n|-start|p2a: Klefki|Magnet Rise\n|move|p1b: Salamence|Earthquake|p2a: Klefki|[spread] p1a\n|-activate|p2b: Jolteon|move: Protect\n|-immune|p2a: Klefki\n|-damage|p1a: Altaria|4\/100\n|move|p1a: Altaria|Defog|p2a: Klefki\n|-unboost|p2a: Klefki|evasion|1\n|\n|-status|p2b: Jolteon|brn|[from] item: Flame Orb\n|upkeep\n|turn|4\n|inactive|LilBadWord has 30 seconds left.\n|inactive|LilBadWord has 20 seconds left.\n|inactive|LilBadWord has 15 seconds left.\n|\n|t:|1681694541\n|switch|p1a: Iron Jugulis|Iron Jugulis, L50, shiny|100\/100\n|-enditem|p1a: Iron Jugulis|Booster Energy\n|-activate|p1a: Iron Jugulis|ability: Quark Drive|[fromitem]\n|-start|p1a: Iron Jugulis|quarkdrivespa\n|move|p2b: Jolteon|Electro Ball|p1b: Salamence\n|-damage|p1b: Salamence|55\/100\n|move|p1b: Salamence|Earthquake|p2b: Jolteon|[spread] p2b\n|-immune|p1a: Iron Jugulis\n|-immune|p2a: Klefki\n|-supereffective|p2b: Jolteon\n|-damage|p2b: Jolteon|0 fnt\n|faint|p2b: Jolteon\n|-ability|p1b: Salamence|Moxie|boost\n|-boost|p1b: Salamence|atk|1\n|move|p2a: Klefki|Draining Kiss|p1b: Salamence\n|-supereffective|p1b: Salamence\n|-damage|p1b: Salamence|5\/100\n|\n|upkeep\n|turn|5\n|\n|t:|1681694566\n|switch|p1b: Altaria|Altaria, L50, F, shiny, tera:Ghost|4\/100\n|move|p1a: Iron Jugulis|Heat Wave|p2a: Klefki\n|-supereffective|p2a: Klefki\n|-damage|p2a: Klefki|0 fnt\n|faint|p2a: Klefki\n|\n|win|RemHood\n|raw|RemHood's rating: 1000 → 1047<\/strong> (+47 for winning)\n|raw|LilBadWord's rating: 1057 → 1035<\/strong> (-22 for losing)\n|l|\u2606LilBadWord\n","uploadtime":1681694583,"views":28,"p1id":"remhood","p2id":"lilbadword","formatid":"gen9vgc2023regulationc","rating":1035,"private":0,"password":""}