{"id":"gen9vgc2023regulationc-1859478253","p1":"LetSheCook","p2":"Dux-El52","format":"[Gen 9] VGC 2023 Regulation C","log":"|j|\u2606LetSheCook\n|j|\u2606Dux-El52\n|t:|1683473694\n|gametype|doubles\n|player|p1|LetSheCook|maid|1502\n|player|p2|Dux-El52|266|1528\n|teamsize|p1|6\n|teamsize|p2|6\n|gen|9\n|tier|[Gen 9] VGC 2023 Regulation C\n|rated|\n|rule|Species Clause: Limit one of each Pok\u00e9mon\n|rule|Item Clause: Limit one of each item\n|clearpoke\n|poke|p1|Chien-Pao, L50|\n|poke|p1|Flutter Mane, L50|\n|poke|p1|Dragonite, L50, F|\n|poke|p1|Ting-Lu, L50|\n|poke|p1|Orthworm, L50, M|\n|poke|p1|Gyarados, L50, M|\n|poke|p2|Iron Bundle, L50|\n|poke|p2|Ceruledge, L50, M|\n|poke|p2|Garganacl, L50, M|\n|poke|p2|Chien-Pao, L50|\n|poke|p2|Azumarill, L50, F|\n|poke|p2|Chi-Yu, L50|\n|teampreview|4\n|inactive|Battle timer is ON: inactive players will automatically lose when time's up. (requested by LetSheCook)\n|n|\u2606LetSheCook|letshecook\n|j| Braindeadmeta\n|inactive|LetSheCook has 60 seconds left.\n|inactive|Dux-El52 has 60 seconds left.\n|j| trisew\n|inactive|LetSheCook has 30 seconds left.\n|inactive|LetSheCook has 20 seconds left.\n|inactive|LetSheCook has 15 seconds left.\n|inactive|LetSheCook has 10 seconds left.\n|\n|t:|1683473777\n|start\n|switch|p1a: Ting-Lu|Ting-Lu, L50|100\/100\n|switch|p1b: Orthworm|Orthworm, L50, M|100\/100\n|switch|p2a: Garganacl|Garganacl, L50, M, shiny|100\/100\n|switch|p2b: Azumarill|Azumarill, L50, F, shiny|100\/100\n|-ability|p1a: Ting-Lu|Vessel of Ruin\n|turn|1\n|inactive|LetSheCook has 30 seconds left.\n|inactive|Dux-El52 has 30 seconds left.\n|\n|t:|1683473807\n|-terastallize|p2a: Garganacl|Ghost\n|move|p1a: Ting-Lu|Earthquake|p2b: Azumarill|[spread] p2a,p2b\n|-immune|p1b: Orthworm|[from] ability: Earth Eater\n|-damage|p2a: Garganacl|66\/100\n|-damage|p2b: Azumarill|48\/100\n|move|p1b: Orthworm|Shed Tail|p1b: Orthworm\n|-start|p1b: Orthworm|Substitute|[from] move: Shed Tail\n|-damage|p1b: Orthworm|50\/100\n|-enditem|p1b: Orthworm|Sitrus Berry|[eat]\n|-heal|p1b: Orthworm|75\/100|[from] item: Sitrus Berry\n|\n|t:|1683473823\n|switch|p1b: Dragonite|Dragonite, L50, F|100\/100|[from] Shed Tail\n|move|p2b: Azumarill|Liquidation|p1a: Ting-Lu\n|-supereffective|p1a: Ting-Lu\n|-damage|p1a: Ting-Lu|27\/100\n|move|p2a: Garganacl|Iron Defense|p2a: Garganacl\n|-boost|p2a: Garganacl|def|2\n|\n|upkeep\n|turn|2\n|\n|t:|1683473845\n|move|p1b: Dragonite|Dragon Dance|p1b: Dragonite\n|-boost|p1b: Dragonite|atk|1\n|-boost|p1b: Dragonite|spe|1\n|move|p1a: Ting-Lu|Earthquake|p2b: Azumarill|[spread] p2a,p2b\n|-immune|p1b: Dragonite\n|-damage|p2a: Garganacl|48\/100\n|-damage|p2b: Azumarill|0 fnt\n|faint|p2b: Azumarill\n|move|p2a: Garganacl|Recover|p2a: Garganacl\n|-heal|p2a: Garganacl|99\/100\n|\n|upkeep\n|\n|t:|1683473859\n|switch|p2b: Iron Bundle|Iron Bundle, L50, shiny|100\/100\n|-enditem|p2b: Iron Bundle|Booster Energy\n|-activate|p2b: Iron Bundle|ability: Quark Drive|[fromitem]\n|-start|p2b: Iron Bundle|quarkdrivespe\n|turn|3\n|inactive|LetSheCook has 30 seconds left.\n|\n|t:|1683473892\n|switch|p1a: Orthworm|Orthworm, L50, M|75\/100\n|-terastallize|p1b: Dragonite|Flying\n|move|p2b: Iron Bundle|Protect|p2b: Iron Bundle\n|-singleturn|p2b: Iron Bundle|Protect\n|move|p1b: Dragonite|Earthquake|p2b: Iron Bundle|[spread] p2a\n|-activate|p2b: Iron Bundle|move: Protect\n|-heal|p1a: Orthworm|99\/100|[from] ability: Earth Eater|[of] p1b: Dragonite\n|-damage|p2a: Garganacl|86\/100\n|move|p2a: Garganacl|Body Press|p1a: Orthworm\n|-supereffective|p1a: Orthworm\n|-damage|p1a: Orthworm|37\/100\n|\n|upkeep\n|turn|4\n|\n|t:|1683473915\n|move|p2b: Iron Bundle|Hydro Pump|p1a: Orthworm\n|-damage|p1a: Orthworm|0 fnt\n|faint|p1a: Orthworm\n|move|p1b: Dragonite|Earthquake|p2b: Iron Bundle|[spread] p2a,p2b\n|-damage|p2a: Garganacl|72\/100\n|-damage|p2b: Iron Bundle|55\/100\n|move|p2a: Garganacl|Salt Cure|p1b: Dragonite\n|-supereffective|p1b: Dragonite\n|-activate|p1b: Dragonite|move: Substitute|[damage]\n|\n|upkeep\n|\n|t:|1683473927\n|switch|p1a: Flutter Mane|Flutter Mane, L50|100\/100\n|turn|5\n|-message|Dux-El52 forfeited.\n|\n|win|LetSheCook\n|raw|LetSheCook's rating: 1502 → 1523<\/strong> (+21 for winning)\n|raw|Dux-El52's rating: 1528 → 1507<\/strong> (-21 for losing)\n|l|\u2606Dux-El52\n","uploadtime":1683473941,"views":5,"p1id":"letshecook","p2id":"duxel52","formatid":"gen9vgc2023regulationc","rating":1507,"private":0,"password":""}