{"id":"gen9vgc2023regulationc-1857246481","p1":"SpadesTest","p2":"Nightfront","format":"[Gen 9] VGC 2023 Regulation C","log":"|j|\u2606SpadesTest\n|j|\u2606Nightfront\n|t:|1683162967\n|gametype|doubles\n|player|p1|SpadesTest|101|\n|player|p2|Nightfront|winona-gen6|\n|teamsize|p1|6\n|teamsize|p2|6\n|gen|9\n|tier|[Gen 9] VGC 2023 Regulation C\n|rule|Species Clause: Limit one of each Pok\u00e9mon\n|rule|Item Clause: Limit one of each item\n|clearpoke\n|poke|p1|Amoonguss, L50, F|\n|poke|p1|Palafin, L50, M|\n|poke|p1|Arcanine, L50, F|\n|poke|p1|Ting-Lu, L50|\n|poke|p1|Kingambit, L50, F|\n|poke|p1|Flutter Mane, L50|\n|poke|p2|Magnezone, L50|\n|poke|p2|Hydreigon, L50, F|\n|poke|p2|Mudsdale, L50, M|\n|poke|p2|Stantler, L50, M|\n|poke|p2|Slowking, L50, M|\n|poke|p2|Arboliva, L50, F|\n|teampreview|4\n|\n|t:|1683163003\n|start\n|switch|p1a: Timeline|Flutter Mane, L50|100\/100\n|switch|p1b: Fun Police|Arcanine, L50, F|100\/100\n|switch|p2a: Slowking|Slowking, L50, M|100\/100\n|switch|p2b: Hydreigon|Hydreigon, L50, F|100\/100\n|-ability|p1b: Fun Police|Intimidate|boost\n|-fail|p2a: Slowking|unboost|Attack|[from] ability: Oblivious|[of] p2a: Slowking\n|-unboost|p2b: Hydreigon|atk|1\n|turn|1\n|\n|t:|1683163014\n|switch|p1b: Magnus|Kingambit, L50, F|100\/100\n|move|p1a: Timeline|Shadow Ball|p2a: Slowking\n|-supereffective|p2a: Slowking\n|-damage|p2a: Slowking|17\/100\n|-unboost|p2a: Slowking|spd|1\n|move|p2b: Hydreigon|Dark Pulse|p1a: Timeline\n|-damage|p1a: Timeline|59\/100\n|move|p2a: Slowking|Trick Room|p2a: Slowking\n|-fieldstart|move: Trick Room|[of] p2a: Slowking\n|\n|upkeep\n|turn|2\n|\n|t:|1683163029\n|switch|p2a: Mudsdale|Mudsdale, L50, M|100\/100\n|-end|p1a: Timeline|Protosynthesis|[silent]\n|switch|p1a: Tiki|Ting-Lu, L50|100\/100\n|-ability|p1a: Tiki|Vessel of Ruin\n|-terastallize|p2b: Hydreigon|Poison\n|move|p1b: Magnus|Swords Dance|p1b: Magnus\n|-boost|p1b: Magnus|atk|2\n|move|p2b: Hydreigon|Tera Blast|p1a: Tiki\n|-resisted|p1a: Tiki\n|-damage|p1a: Tiki|93\/100\n|\n|upkeep\n|turn|3\n|\n|t:|1683163044\n|switch|p2b: Arboliva|Arboliva, L50, F|100\/100\n|move|p1b: Magnus|Protect|p1b: Magnus\n|-singleturn|p1b: Magnus|Protect\n|move|p2a: Mudsdale|Close Combat|p1b: Magnus\n|-activate|p1b: Magnus|move: Protect\n|move|p1a: Tiki|Ruination|p2a: Mudsdale\n|-damage|p2a: Mudsdale|51\/100\n|\n|upkeep\n|turn|4\n|\n|t:|1683163068\n|move|p1b: Magnus|Sucker Punch|p2a: Mudsdale\n|-damage|p2a: Mudsdale|0 fnt\n|faint|p2a: Mudsdale\n|move|p2b: Arboliva|Leech Seed|p1a: Tiki\n|-start|p1a: Tiki|move: Leech Seed\n|move|p1a: Tiki|Ruination|p2b: Arboliva\n|-damage|p2b: Arboliva|51\/100\n|\n|-damage|p1a: Tiki|81\/100|[from] Leech Seed|[of] p2b: Arboliva\n|-heal|p2b: Arboliva|66\/100|[silent]\n|upkeep\n|\n|t:|1683163074\n|switch|p2a: Slowking|Slowking, L50, M|17\/100\n|turn|5\n|\n|t:|1683163081\n|switch|p1a: Fun Police|Arcanine, L50, F|100\/100\n|-ability|p1a: Fun Police|Intimidate|boost\n|-fail|p2a: Slowking|unboost|Attack|[from] ability: Oblivious|[of] p2a: Slowking\n|-unboost|p2b: Arboliva|atk|1\n|move|p1b: Magnus|Protect|p1b: Magnus\n|-singleturn|p1b: Magnus|Protect\n|move|p2a: Slowking|Slack Off|p2a: Slowking\n|-heal|p2a: Slowking|67\/100\n|move|p2b: Arboliva|Leech Seed|p1b: Magnus\n|-activate|p1b: Magnus|move: Protect\n|\n|-fieldend|move: Trick Room\n|upkeep\n|turn|6\n|\n|t:|1683163094\n|switch|p2b: Hydreigon|Hydreigon, L50, F, tera:Poison|100\/100\n|move|p2a: Slowking|Protect|p2a: Slowking\n|-singleturn|p2a: Slowking|Protect\n|move|p1a: Fun Police|Flare Blitz|p2b: Hydreigon\n|-damage|p2b: Hydreigon|52\/100\n|-damage|p1a: Fun Police|84\/100|[from] Recoil\n|move|p1b: Magnus|Kowtow Cleave|p2a: Slowking\n|-activate|p2a: Slowking|move: Protect\n|\n|upkeep\n|turn|7\n|\n|t:|1683163104\n|move|p1a: Fun Police|Flare Blitz|p2b: Hydreigon\n|-damage|p2b: Hydreigon|4\/100\n|-damage|p1a: Fun Police|68\/100|[from] Recoil\n|move|p2b: Hydreigon|Draco Meteor|p1a: Fun Police\n|-damage|p1a: Fun Police|0 fnt\n|-unboost|p2b: Hydreigon|spa|2\n|faint|p1a: Fun Police\n|move|p1b: Magnus|Kowtow Cleave|p2a: Slowking\n|-supereffective|p2a: Slowking\n|-damage|p2a: Slowking|0 fnt\n|faint|p2a: Slowking\n|\n|upkeep\n|\n|t:|1683163112\n|switch|p1a: Timeline|Flutter Mane, L50|59\/100\n|switch|p2a: Arboliva|Arboliva, L50, F|66\/100\n|turn|8\n|\n|t:|1683163117\n|move|p1a: Timeline|Dazzling Gleam|p2a: Arboliva|[spread] p2a,p2b\n|-resisted|p2b: Hydreigon\n|-damage|p2a: Arboliva|25\/100\n|-damage|p2b: Hydreigon|0 fnt\n|-enditem|p2a: Arboliva|Sitrus Berry|[eat]\n|-heal|p2a: Arboliva|50\/100|[from] item: Sitrus Berry\n|faint|p2b: Hydreigon\n|move|p1b: Magnus|Kowtow Cleave|p2a: Arboliva\n|-damage|p2a: Arboliva|0 fnt\n|faint|p2a: Arboliva\n|\n|win|SpadesTest\n|l|\u2606SpadesTest\n|l|\u2606Nightfront\n|j|\u2606Nightfront\n|player|p2|Nightfront|winona-gen6\n","uploadtime":1683163578,"views":13,"p1id":"spadestest","p2id":"nightfront","formatid":"gen9vgc2023regulationc","rating":0,"private":0,"password":""}