{"id":"gen9vgc2023regulationc-1854193150","p1":"lumptious","p2":"kiwigal","format":"[Gen 9] VGC 2023 Regulation C","log":"|j|\u2606lumptious\n|j|\u2606kiwigal\n|t:|1682782020\n|gametype|doubles\n|player|p1|lumptious|worker-gen4|1413\n|player|p2|kiwigal|emma|1370\n|teamsize|p1|6\n|teamsize|p2|6\n|gen|9\n|tier|[Gen 9] VGC 2023 Regulation C\n|rated|\n|rule|Species Clause: Limit one of each Pok\u00e9mon\n|rule|Item Clause: Limit one of each item\n|clearpoke\n|poke|p1|Klefki, L50, M|\n|poke|p1|Azumarill, L50, F|\n|poke|p1|Lurantis, L50, F|\n|poke|p1|Garchomp, L50, M|\n|poke|p1|Houndstone, L50, M|\n|poke|p1|Raichu, L50, M|\n|poke|p2|Dondozo, L50, M|\n|poke|p2|Tatsugiri-Droopy, L50, M|\n|poke|p2|Wo-Chien, L50|\n|poke|p2|Pelipper, L50, M|\n|poke|p2|Iron Treads, L50|\n|poke|p2|Baxcalibur, L50, F|\n|teampreview|4\n|j| PunkCharizard\n|inactive|Battle timer is ON: inactive players will automatically lose when time's up. (requested by lumptious)\nlumptious has agreed to open team sheets.\nkiwigal has agreed to open team sheets.\n|inactive|kiwigal has 60 seconds left.\n|\n|t:|1682782097\n|start\n|switch|p1a: Plinkenton|Klefki, L50, M|100\/100\n|switch|p1b: Butternugget|Azumarill, L50, F, shiny|100\/100\n|switch|p2a: Wo-Chien|Wo-Chien, L50|100\/100\n|switch|p2b: Pelipper|Pelipper, L50, M|100\/100\n|-ability|p2a: Wo-Chien|Tablets of Ruin\n|-weather|RainDance|[from] ability: Drizzle|[of] p2b: Pelipper\n|turn|1\n|\n|t:|1682782117\n|move|p2a: Wo-Chien|Protect|p2a: Wo-Chien\n|-singleturn|p2a: Wo-Chien|Protect\n|move|p1a: Plinkenton|Light Screen|p1a: Plinkenton\n|-sidestart|p1: lumptious|move: Light Screen\n|move|p2b: Pelipper|Tailwind|p2b: Pelipper\n|-sidestart|p2: kiwigal|move: Tailwind\n|move|p1b: Butternugget|Play Rough|p2b: Pelipper\n|-damage|p2b: Pelipper|65\/100\n|\n|-weather|RainDance|[upkeep]\n|upkeep\n|turn|2\n|\n|t:|1682782137\n|switch|p1a: Raichu|Raichu, L50, M|100\/100\n|move|p2a: Wo-Chien|Leech Seed|p1b: Butternugget\n|-start|p1b: Butternugget|move: Leech Seed\n|move|p2b: Pelipper|U-turn|p1b: Butternugget\n|-resisted|p1b: Butternugget\n|-damage|p1b: Butternugget|98\/100\n|\n|t:|1682782148\n|switch|p2b: Dondozo|Dondozo, L50, M|100\/100|[from] U-turn\n|move|p1b: Butternugget|Play Rough|p2a: Wo-Chien|[miss]\n|-miss|p1b: Butternugget|p2a: Wo-Chien\n|\n|-weather|RainDance|[upkeep]\n|-damage|p1b: Butternugget|86\/100|[from] Leech Seed|[of] p2a: Wo-Chien\n|upkeep\n|turn|3\n|l| PunkCharizard\n|\n|t:|1682782171\n|switch|p1b: Hamadamalin|Lurantis, L50, F|100\/100\n|-terastallize|p2b: Dondozo|Steel\n|move|p2a: Wo-Chien|Protect|p2a: Wo-Chien\n|-singleturn|p2a: Wo-Chien|Protect\n|move|p1a: Raichu|Fake Out|p2b: Dondozo\n|-resisted|p2b: Dondozo\n|-damage|p2b: Dondozo|99\/100\n|cant|p2b: Dondozo|flinch\n|\n|-weather|RainDance|[upkeep]\n|upkeep\n|turn|4\n|\n|t:|1682782192\n|switch|p2a: Tatsugiri|Tatsugiri-Droopy, L50, M|100\/100\n|-activate|p2a: Tatsugiri|ability: Commander|[of] p2b: Dondozo\n|-boost|p2b: Dondozo|atk|2\n|-boost|p2b: Dondozo|spa|2\n|-boost|p2b: Dondozo|spe|2\n|-boost|p2b: Dondozo|def|2\n|-boost|p2b: Dondozo|spd|2\n|move|p1a: Raichu|Protect|p1a: Raichu\n|-singleturn|p1a: Raichu|Protect\n|move|p2b: Dondozo|Surf|p1b: Hamadamalin|[spread] p1b\n|-miss|p2b: Dondozo|p2a: Tatsugiri\n|-activate|p1a: Raichu|move: Protect\n|-resisted|p1b: Hamadamalin\n|-damage|p1b: Hamadamalin|65\/100\n|move|p1b: Hamadamalin|Leaf Storm|p2b: Dondozo|[miss]\n|-miss|p1b: Hamadamalin|p2b: Dondozo\n|\n|-weather|RainDance|[upkeep]\n|-sideend|p2: kiwigal|move: Tailwind\n|upkeep\n|turn|5\n|inactive|lumptious has 30 seconds left.\n|\n|t:|1682782219\n|move|p2b: Dondozo|Surf|p1a: Raichu|[spread] p1a,p1b\n|-miss|p2b: Dondozo|p2a: Tatsugiri\n|-resisted|p1b: Hamadamalin\n|-enditem|p1a: Raichu|Focus Sash\n|-damage|p1a: Raichu|1\/100\n|-damage|p1b: Hamadamalin|30\/100\n|move|p1a: Raichu|Thunderbolt|p2b: Dondozo\n|-damage|p2b: Dondozo|80\/100\n|move|p1b: Hamadamalin|Giga Drain|p2b: Dondozo\n|-resisted|p2b: Dondozo\n|-damage|p2b: Dondozo|69\/100\n|-heal|p1b: Hamadamalin|38\/100|[from] drain|[of] p2b: Dondozo\n|\n|-weather|none\n|upkeep\n|turn|6\n|j| coolerdynastic\n|\n|t:|1682782239\n|move|p2b: Dondozo|Surf|p1b: Hamadamalin|[spread] p1a,p1b\n|-miss|p2b: Dondozo|p2a: Tatsugiri\n|-resisted|p1b: Hamadamalin\n|-damage|p1a: Raichu|0 fnt\n|-damage|p1b: Hamadamalin|12\/100\n|faint|p1a: Raichu\n|move|p1b: Hamadamalin|Leaf Storm|p2b: Dondozo\n|-resisted|p2b: Dondozo\n|-damage|p2b: Dondozo|50\/100\n|-boost|p1b: Hamadamalin|spa|2\n|\n|upkeep\n|\n|t:|1682782251\n|switch|p1a: Butternugget|Azumarill, L50, F, shiny|86\/100\n|turn|7\n|\n|t:|1682782260\n|-terastallize|p1a: Butternugget|Water\n|move|p1b: Hamadamalin|Protect|p1b: Hamadamalin\n|-singleturn|p1b: Hamadamalin|Protect\n|move|p2b: Dondozo|Surf|p1b: Hamadamalin|[spread] p1a\n|-miss|p2b: Dondozo|p2a: Tatsugiri\n|-activate|p1b: Hamadamalin|move: Protect\n|-resisted|p1a: Butternugget\n|-damage|p1a: Butternugget|69\/100\n|move|p1a: Butternugget|Liquidation|p2b: Dondozo\n|-damage|p2b: Dondozo|24\/100\n|\n|upkeep\n|turn|8\n|inactive|lumptious has 30 seconds left.\n|\n|t:|1682782286\n|move|p2b: Dondozo|Surf|p1b: Hamadamalin|[spread] p1a,p1b\n|-miss|p2b: Dondozo|p2a: Tatsugiri\n|-resisted|p1a: Butternugget\n|-resisted|p1b: Hamadamalin\n|-damage|p1a: Butternugget|54\/100\n|-damage|p1b: Hamadamalin|0 fnt\n|faint|p1b: Hamadamalin\n|move|p1a: Butternugget|Liquidation|p2b: Dondozo\n|-damage|p2b: Dondozo|0 fnt\n|faint|p2b: Dondozo\n|\n|-sideend|p1: lumptious|move: Light Screen\n|upkeep\n|\n|t:|1682782298\n|switch|p2b: Wo-Chien|Wo-Chien, L50|100\/100\n|switch|p1b: Plinkenton|Klefki, L50, M|100\/100\n|-ability|p2b: Wo-Chien|Tablets of Ruin\n|turn|9\n|\n|t:|1682782312\n|move|p1b: Plinkenton|Light Screen|p1b: Plinkenton\n|-sidestart|p1: lumptious|move: Light Screen\n|move|p2a: Tatsugiri|Draco Meteor|p1a: Butternugget\n|-damage|p1a: Butternugget|24\/100\n|-unboost|p2a: Tatsugiri|spa|2\n|move|p2b: Wo-Chien|Giga Drain|p1a: Butternugget\n|-supereffective|p1a: Butternugget\n|-damage|p1a: Butternugget|0 fnt\n|faint|p1a: Butternugget\n|\n|upkeep\n|turn|10\n|\n|t:|1682782328\n|switch|p2a: Pelipper|Pelipper, L50, M|65\/100\n|-weather|RainDance|[from] ability: Drizzle|[of] p2a: Pelipper\n|move|p1b: Plinkenton|Dazzling Gleam|p2a: Pelipper|[spread] p2a,p2b\n|-supereffective|p2b: Wo-Chien\n|-damage|p2a: Pelipper|41\/100\n|-damage|p2b: Wo-Chien|78\/100\n|move|p2b: Wo-Chien|Leech Seed|p1b: Plinkenton|[miss]\n|-miss|p2b: Wo-Chien|p1b: Plinkenton\n|\n|-weather|RainDance|[upkeep]\n|-heal|p2b: Wo-Chien|84\/100|[from] item: Leftovers\n|upkeep\n|turn|11\n|\n|t:|1682782341\n|move|p1b: Plinkenton|Dazzling Gleam|p2a: Pelipper|[spread] p2a,p2b\n|-supereffective|p2b: Wo-Chien\n|-damage|p2a: Pelipper|18\/100\n|-damage|p2b: Wo-Chien|61\/100\n|move|p2b: Wo-Chien|Pollen Puff|p2a: Pelipper\n|-heal|p2a: Pelipper|68\/100\n|move|p2a: Pelipper|Tailwind|p2a: Pelipper\n|-sidestart|p2: kiwigal|move: Tailwind\n|\n|-weather|RainDance|[upkeep]\n|-heal|p2b: Wo-Chien|67\/100|[from] item: Leftovers\n|upkeep\n|turn|12\n|\n|t:|1682782356\n|move|p2b: Wo-Chien|Leech Seed|p1b: Plinkenton\n|-start|p1b: Plinkenton|move: Leech Seed\n|move|p2a: Pelipper|Hurricane|p1b: Plinkenton\n|-resisted|p1b: Plinkenton\n|-damage|p1b: Plinkenton|85\/100\n|move|p1b: Plinkenton|Dazzling Gleam|p2a: Pelipper|[spread] p2a,p2b\n|-supereffective|p2b: Wo-Chien\n|-damage|p2a: Pelipper|42\/100\n|-damage|p2b: Wo-Chien|45\/100\n|\n|-weather|RainDance|[upkeep]\n|-heal|p2b: Wo-Chien|52\/100|[from] item: Leftovers\n|-damage|p1b: Plinkenton|72\/100|[from] Leech Seed|[of] p2b: Wo-Chien\n|-heal|p2b: Wo-Chien|62\/100|[silent]\n|upkeep\n|turn|13\n|\n|t:|1682782374\n|move|p2b: Wo-Chien|Pollen Puff|p2a: Pelipper\n|-heal|p2a: Pelipper|92\/100\n|move|p2a: Pelipper|Hurricane|p1b: Plinkenton\n|-resisted|p1b: Plinkenton\n|-damage|p1b: Plinkenton|58\/100\n|move|p1b: Plinkenton|Dazzling Gleam|p2b: Wo-Chien|[spread] p2a,p2b\n|-supereffective|p2b: Wo-Chien\n|-damage|p2a: Pelipper|66\/100\n|-damage|p2b: Wo-Chien|40\/100\n|\n|-weather|RainDance|[upkeep]\n|-heal|p2b: Wo-Chien|46\/100|[from] item: Leftovers\n|-damage|p1b: Plinkenton|46\/100|[from] Leech Seed|[of] p2b: Wo-Chien\n|-heal|p2b: Wo-Chien|57\/100|[silent]\n|upkeep\n|turn|14\n|\n|t:|1682782392\n|move|p2b: Wo-Chien|Protect|p2b: Wo-Chien\n|-singleturn|p2b: Wo-Chien|Protect\n|move|p2a: Pelipper|Hurricane|p1b: Plinkenton\n|-resisted|p1b: Plinkenton\n|-damage|p1b: Plinkenton|32\/100\n|move|p1b: Plinkenton|Dazzling Gleam|p2b: Wo-Chien|[spread] p2a\n|-activate|p2b: Wo-Chien|move: Protect\n|-damage|p2a: Pelipper|44\/100\n|\n|-weather|none\n|-heal|p2b: Wo-Chien|63\/100|[from] item: Leftovers\n|-damage|p1b: Plinkenton|19\/100|[from] Leech Seed|[of] p2b: Wo-Chien\n|-heal|p2b: Wo-Chien|73\/100|[silent]\n|-sideend|p2: kiwigal|move: Tailwind\n|upkeep\n|turn|15\n|\n|t:|1682782405\n|move|p1b: Plinkenton|Dazzling Gleam|p2b: Wo-Chien|[spread] p2a,p2b\n|-supereffective|p2b: Wo-Chien\n|-damage|p2a: Pelipper|19\/100\n|-damage|p2b: Wo-Chien|54\/100\n|move|p2b: Wo-Chien|Pollen Puff|p2a: Pelipper\n|-heal|p2a: Pelipper|69\/100\n|move|p2a: Pelipper|Tailwind|p2a: Pelipper\n|-sidestart|p2: kiwigal|move: Tailwind\n|\n|-heal|p2b: Wo-Chien|60\/100|[from] item: Leftovers\n|-damage|p1b: Plinkenton|7\/100|[from] Leech Seed|[of] p2b: Wo-Chien\n|-heal|p2b: Wo-Chien|70\/100|[silent]\n|upkeep\n|turn|16\n|\n|t:|1682782418\n|move|p2b: Wo-Chien|Giga Drain|p1b: Plinkenton\n|-resisted|p1b: Plinkenton\n|-damage|p1b: Plinkenton|0 fnt\n|-heal|p2b: Wo-Chien|73\/100|[from] drain|[of] p1b: Plinkenton\n|faint|p1b: Plinkenton\n|\n|win|kiwigal\n|raw|lumptious's rating: 1413 → 1391<\/strong> (-22 for losing)\n|raw|kiwigal's rating: 1370 → 1392<\/strong> (+22 for winning)\n|l|\u2606lumptious\n","uploadtime":1682782432,"views":23,"p1id":"lumptious","p2id":"kiwigal","formatid":"gen9vgc2023regulationc","rating":1391,"private":0,"password":""}