{"id":"gen9vgc2023regulationc-1855785030","p1":"HoldaUno","p2":"Leannerose","format":"[Gen 9] VGC 2023 Regulation C","log":"|j|\u2606HoldaUno\n|j|\u2606Leannerose\n|t:|1682983862\n|gametype|doubles\n|player|p1|HoldaUno|169|1037\n|player|p2|Leannerose|flannery|1122\n|teamsize|p1|6\n|teamsize|p2|6\n|gen|9\n|tier|[Gen 9] VGC 2023 Regulation C\n|rated|\n|rule|Species Clause: Limit one of each Pok\u00e9mon\n|rule|Item Clause: Limit one of each item\n|clearpoke\n|poke|p1|Chansey, L50, F|\n|poke|p1|Ting-Lu, L50|\n|poke|p1|Lycanroc-Midnight, L50, M|\n|poke|p1|Oranguru, L50, F|\n|poke|p1|Sableye, L50, F|\n|poke|p1|Indeedee-F, L50, F|\n|poke|p2|Gardevoir, L50, F|\n|poke|p2|Hatterene, L50, F|\n|poke|p2|Armarouge, L50, M|\n|poke|p2|Torkoal, L50, F|\n|poke|p2|Hariyama, L50, F|\n|poke|p2|Toedscruel, L50, M|\n|teampreview|4\n|inactive|Battle timer is ON: inactive players will automatically lose when time's up. (requested by Leannerose)\n|\n|t:|1682983875\n|start\n|switch|p1a: Sableye|Sableye, L50, F, shiny|100\/100\n|switch|p1b: Oranguru|Oranguru, L50, F, shiny|100\/100\n|switch|p2a: Hatterene|Hatterene, L50, F|100\/100\n|switch|p2b: Hariyama|Hariyama, L50, F|100\/100\n|turn|1\n|inactive|HoldaUno has 30 seconds left.\n|\n|t:|1682983908\n|move|p2b: Hariyama|Fake Out|p1b: Oranguru\n|-damage|p1b: Oranguru|90\/100\n|move|p1a: Sableye|Substitute|p1a: Sableye\n|-start|p1a: Sableye|Substitute\n|-damage|p1a: Sableye|76\/100\n|move|p2a: Hatterene|Play Rough|p1a: Sableye\n|-supereffective|p1a: Sableye\n|-end|p1a: Sableye|Substitute\n|move|p1b: Oranguru|Trick Room|p1b: Oranguru\n|-fieldstart|move: Trick Room|[of] p1b: Oranguru\n|\n|-status|p2b: Hariyama|brn|[from] item: Flame Orb\n|upkeep\n|turn|2\n|\n|t:|1682983933\n|switch|p1b: Lycanroc|Lycanroc-Midnight, L50, M, shiny|100\/100\n|-terastallize|p1a: Sableye|Steel\n|move|p1a: Sableye|Skill Swap|p1b: Lycanroc\n|-activate|p1a: Sableye|move: Skill Swap|||[of] p1b: Lycanroc\n|move|p2a: Hatterene|Play Rough|p1a: Sableye\n|-resisted|p1a: Sableye\n|-damage|p1a: Sableye|55\/100\n|move|p2b: Hariyama|Knock Off|p1b: Lycanroc\n|-damage|p1b: Lycanroc|42\/100\n|-enditem|p1b: Lycanroc|Eject Button|[from] move: Knock Off|[of] p2b: Hariyama\n|\n|-damage|p2b: Hariyama|95\/100 brn|[from] brn\n|upkeep\n|turn|3\n|\n|t:|1682983956\n|switch|p1b: Ting-Lu|Ting-Lu, L50|100\/100\n|-ability|p1b: Ting-Lu|Vessel of Ruin\n|move|p2a: Hatterene|Light Screen|p2a: Hatterene\n|-sidestart|p2: Leannerose|move: Light Screen\n|move|p1a: Sableye|Skill Swap|p1b: Ting-Lu\n|-activate|p1a: Sableye|move: Skill Swap|||[of] p1b: Ting-Lu\n|-ability|p1a: Sableye|Vessel of Ruin\n|move|p2b: Hariyama|Drain Punch|p1a: Sableye\n|-supereffective|p1a: Sableye\n|-damage|p1a: Sableye|0 fnt\n|-heal|p2b: Hariyama|100\/100 brn|[from] drain|[of] p1a: Sableye\n|faint|p1a: Sableye\n|\n|-damage|p2b: Hariyama|95\/100 brn|[from] brn\n|upkeep\n|\n|t:|1682983972\n|switch|p1a: Oranguru|Oranguru, L50, F, shiny|90\/100\n|turn|4\n|\n|t:|1682983987\n|move|p2a: Hatterene|Play Rough|p1b: Ting-Lu\n|-supereffective|p1b: Ting-Lu\n|-damage|p1b: Ting-Lu|68\/100\n|move|p1b: Ting-Lu|Fissure|p2b: Hariyama\n|-damage|p2b: Hariyama|0 fnt\n|faint|p2b: Hariyama\n|-ohko\n|move|p1a: Oranguru|Instruct|p1b: Ting-Lu\n|-singleturn|p1b: Ting-Lu|move: Instruct|[of] p1a: Oranguru\n|move|p1b: Ting-Lu|Fissure|p2a: Hatterene\n|-damage|p2a: Hatterene|0 fnt\n|faint|p2a: Hatterene\n|-ohko\n|\n|-heal|p1b: Ting-Lu|74\/100|[from] item: Leftovers\n|upkeep\n|\n|t:|1682984001\n|switch|p2a: Torkoal|Torkoal, L50, F|100\/100\n|switch|p2b: Toedscruel|Toedscruel, L50, M, shiny|100\/100\n|-weather|SunnyDay|[from] ability: Drought|[of] p2a: Torkoal\n|turn|5\n|\n|t:|1682984012\n|-terastallize|p2a: Torkoal|Fire\n|move|p2a: Torkoal|Eruption|p1a: Oranguru|[spread] p1a,p1b\n|-damage|p1a: Oranguru|2\/100\n|-damage|p1b: Ting-Lu|4\/100\n|move|p1b: Ting-Lu|Fissure|p2b: Toedscruel\n|-damage|p2b: Toedscruel|0 fnt\n|faint|p2b: Toedscruel\n|-ohko\n|move|p1a: Oranguru|Instruct|p1b: Ting-Lu\n|-singleturn|p1b: Ting-Lu|move: Instruct|[of] p1a: Oranguru\n|move|p1b: Ting-Lu|Fissure|p2a: Torkoal\n|-damage|p2a: Torkoal|0 fnt\n|faint|p2a: Torkoal\n|-ohko\n|\n|win|HoldaUno\n|raw|HoldaUno's rating: 1037 → 1080<\/strong> (+43 for winning)\n|raw|Leannerose's rating: 1122 → 1091<\/strong> (-31 for losing)\n|c|\u2606HoldaUno|gg\n","uploadtime":1682984030,"views":21,"p1id":"holdauno","p2id":"leannerose","formatid":"gen9vgc2023regulationc","rating":1080,"private":0,"password":""}