{"id":"gen9vgc2023regulationc-1847274859","p1":"Fmzs","p2":"hoogo moogo","format":"[Gen 9] VGC 2023 Regulation C","log":"|j|\u2606Fmzs\n|j|\u2606hoogo moogo\n|t:|1681933750\n|gametype|doubles\n|player|p1|Fmzs|sage|1320\n|player|p2|hoogo moogo|169|1366\n|teamsize|p1|6\n|teamsize|p2|6\n|gen|9\n|tier|[Gen 9] VGC 2023 Regulation C\n|rated|\n|rule|Species Clause: Limit one of each Pok\u00e9mon\n|rule|Item Clause: Limit one of each item\n|clearpoke\n|poke|p1|Flutter Mane, L50|\n|poke|p1|Wo-Chien, L50|\n|poke|p1|Palafin, L50, F|\n|poke|p1|Volcarona, L50, F|\n|poke|p1|Annihilape, L50, M|\n|poke|p1|Salamence, L50, M|\n|poke|p2|Ting-Lu, L50|\n|poke|p2|Gyarados, L50, M|\n|poke|p2|Orthworm, L50, F|\n|poke|p2|Flutter Mane, L50|\n|poke|p2|Baxcalibur, L50, M|\n|poke|p2|Volcarona, L50, M|\n|teampreview|4\n|\n|t:|1681933776\n|start\n|switch|p1a: Flutter Mane|Flutter Mane, L50|100\/100\n|switch|p1b: Palafin|Palafin, L50, F|100\/100\n|switch|p2a: Ting-Lu|Ting-Lu, L50|100\/100\n|switch|p2b: Orthworm|Orthworm, L50, F|100\/100\n|-ability|p2a: Ting-Lu|Vessel of Ruin\n|turn|1\n|inactive|Battle timer is ON: inactive players will automatically lose when time's up. (requested by Fmzs)\n|inactive|hoogo moogo has 60 seconds left.\n|\n|t:|1681933813\n|detailschange|p1b: Palafin|Palafin-Hero, L50, F\n|switch|p1b: Annihilape|Annihilape, L50, M|100\/100\n|-terastallize|p2a: Ting-Lu|Water\n|move|p1a: Flutter Mane|Mystical Fire|p2b: Orthworm\n|-supereffective|p2b: Orthworm\n|-damage|p2b: Orthworm|28\/100\n|-unboost|p2b: Orthworm|spa|1\n|-enditem|p2b: Orthworm|Sitrus Berry|[eat]\n|-heal|p2b: Orthworm|53\/100|[from] item: Sitrus Berry\n|move|p2b: Orthworm|Iron Defense|p2b: Orthworm\n|-boost|p2b: Orthworm|def|2\n|move|p2a: Ting-Lu|Earthquake|p1b: Annihilape|[spread] p1a,p1b\n|-heal|p2b: Orthworm|78\/100|[from] ability: Earth Eater|[of] p2a: Ting-Lu\n|-damage|p1a: Flutter Mane|0 fnt\n|-damage|p1b: Annihilape|49\/100\n|faint|p1a: Flutter Mane\n|-end|p1a: Flutter Mane|Protosynthesis|[silent]\n|\n|upkeep\n|\n|t:|1681933828\n|switch|p1a: Palafin|Palafin-Hero, L50, F|100\/100\n|-activate|p1a: Palafin|ability: Zero to Hero\n|turn|2\n|inactive|Fmzs has 30 seconds left.\n|inactive|hoogo moogo has 30 seconds left.\n|inactive|Fmzs has 20 seconds left.\n|\n|t:|1681933864\n|-terastallize|p1a: Palafin|Water\n|move|p1a: Palafin|Wave Crash|p2b: Orthworm\n|-damage|p2b: Orthworm|34\/100\n|-damage|p1a: Palafin|88\/100|[from] Recoil\n|move|p1b: Annihilape|Drain Punch|p2b: Orthworm\n|-supereffective|p2b: Orthworm\n|-damage|p2b: Orthworm|12\/100\n|-heal|p1b: Annihilape|58\/100|[from] drain|[of] p2b: Orthworm\n|move|p2b: Orthworm|Iron Defense|p2b: Orthworm\n|-boost|p2b: Orthworm|def|2\n|move|p2a: Ting-Lu|Earthquake|p1a: Palafin|[spread] p1a,p1b\n|-heal|p2b: Orthworm|37\/100|[from] ability: Earth Eater|[of] p2a: Ting-Lu\n|-damage|p1a: Palafin|41\/100\n|-damage|p1b: Annihilape|2\/100\n|\n|upkeep\n|turn|3\n|inactive|Fmzs has 30 seconds left.\n|inactive|hoogo moogo has 30 seconds left.\n|\n|t:|1681933891\n|move|p1a: Palafin|Protect|p1a: Palafin\n|-singleturn|p1a: Palafin|Protect\n|move|p1b: Annihilape|Rage Fist|p2a: Ting-Lu\n|-damage|p2a: Ting-Lu|62\/100\n|move|p2b: Orthworm|Body Press|p1a: Palafin\n|-activate|p1a: Palafin|move: Protect\n|move|p2a: Ting-Lu|Earthquake|p1b: Annihilape|[spread] p1b\n|-activate|p1a: Palafin|move: Protect\n|-heal|p2b: Orthworm|62\/100|[from] ability: Earth Eater|[of] p2a: Ting-Lu\n|-damage|p1b: Annihilape|0 fnt\n|faint|p1b: Annihilape\n|\n|upkeep\n|\n|t:|1681933897\n|switch|p1b: Volcarona|Volcarona, L50, F|100\/100\n|turn|4\n|inactive|hoogo moogo has 30 seconds left.\n|inactive|hoogo moogo has 20 seconds left.\n|inactive|hoogo moogo has 15 seconds left.\n|\n|t:|1681933939\n|move|p1b: Volcarona|Overheat|p2b: Orthworm\n|-supereffective|p2b: Orthworm\n|-damage|p2b: Orthworm|0 fnt\n|-unboost|p1b: Volcarona|spa|2\n|faint|p2b: Orthworm\n|move|p1a: Palafin|Wave Crash|p2a: Ting-Lu\n|-resisted|p2a: Ting-Lu\n|-damage|p2a: Ting-Lu|22\/100\n|-damage|p1a: Palafin|26\/100|[from] Recoil\n|move|p2a: Ting-Lu|Earthquake|p1b: Volcarona|[spread] p1a,p1b\n|-damage|p1a: Palafin|0 fnt\n|-damage|p1b: Volcarona|44\/100\n|-enditem|p1b: Volcarona|Sitrus Berry|[eat]\n|-heal|p1b: Volcarona|69\/100|[from] item: Sitrus Berry\n|faint|p1a: Palafin\n|\n|upkeep\n|\n|t:|1681933955\n|switch|p2b: Baxcalibur|Baxcalibur, L50, M|100\/100\n|turn|5\n|c|\u2606Fmzs|GG\n|\n|t:|1681933966\n|switch|p2a: Flutter Mane|Flutter Mane, L50|100\/100\n|move|p2b: Baxcalibur|Glaive Rush|p1b: Volcarona\n|-damage|p1b: Volcarona|2\/100\n|-singlemove|p2b: Baxcalibur|Glaive Rush|[silent]\n|move|p1b: Volcarona|Overheat|p2b: Baxcalibur\n|-damage|p2b: Baxcalibur|34\/100\n|-unboost|p1b: Volcarona|spa|2\n|-ability|p2b: Baxcalibur|Thermal Exchange|boost\n|-boost|p2b: Baxcalibur|atk|1\n|\n|upkeep\n|turn|6\n|c|\u2606hoogo moogo|gg\n|\n|t:|1681933980\n|move|p2b: Baxcalibur|Ice Shard|p1b: Volcarona\n|-resisted|p1b: Volcarona\n|-damage|p1b: Volcarona|0 fnt\n|faint|p1b: Volcarona\n|\n|win|hoogo moogo\n|raw|Fmzs's rating: 1320 → 1303<\/strong> (-17 for losing)\n|raw|hoogo moogo's rating: 1366 → 1383<\/strong> (+17 for winning)\n|l|\u2606Fmzs\n","uploadtime":1681933988,"views":13,"p1id":"fmzs","p2id":"hoogomoogo","formatid":"gen9vgc2023regulationc","rating":1303,"private":0,"password":""}