{"id":"gen9vgc2023regulationc-1855678655","p1":"Jbenn","p2":"previouslyunnamed","format":"[Gen 9] VGC 2023 Regulation C","log":"|j|\u2606Jbenn\n|j|\u2606previouslyunnamed\n|t:|1682972450\n|gametype|doubles\n|player|p1|Jbenn|steven|1409\n|player|p2|previouslyunnamed|swimmerf-gen4|1336\n|teamsize|p1|6\n|teamsize|p2|6\n|gen|9\n|tier|[Gen 9] VGC 2023 Regulation C\n|rated|\n|rule|Species Clause: Limit one of each Pok\u00e9mon\n|rule|Item Clause: Limit one of each item\n|clearpoke\n|poke|p1|Roaring Moon, L50|\n|poke|p1|Great Tusk, L50|\n|poke|p1|Gholdengo, L50|\n|poke|p1|Hariyama, L50, M|\n|poke|p1|Mimikyu, L50, M|\n|poke|p1|Gyarados, L50, M|\n|poke|p2|Indeedee-F, L50, F|\n|poke|p2|Hariyama, L50, M|\n|poke|p2|Hatterene, L50, F|\n|poke|p2|Torkoal, L50, M|\n|poke|p2|Oranguru, L50, F|\n|poke|p2|Kingambit, L50, F|\n|teampreview|4\n|inactive|Battle timer is ON: inactive players will automatically lose when time's up. (requested by previouslyunnamed)\nJbenn has agreed to open team sheets.\n|inactive|previouslyunnamed has 60 seconds left.\n|\n|t:|1682972494\n|start\n|switch|p1a: Hariyama|Hariyama, L50, M, shiny|100\/100\n|switch|p1b: Mimikyu|Mimikyu, L50, M|100\/100\n|switch|p2a: Hatterene|Hatterene, L50, F|100\/100\n|switch|p2b: Kingambit|Kingambit, L50, F|100\/100\n|turn|1\n|\n|t:|1682972509\n|-terastallize|p1a: Hariyama|Steel\n|move|p1a: Hariyama|Fake Out|p2b: Kingambit\n|-resisted|p2b: Kingambit\n|-damage|p2b: Kingambit|95\/100\n|move|p1b: Mimikyu|Curse|p2b: Kingambit\n|-start|p2b: Kingambit|Curse|[of] p1b: Mimikyu\n|-damage|p1b: Mimikyu|50\/100\n|-enditem|p1b: Mimikyu|Sitrus Berry|[eat]\n|-heal|p1b: Mimikyu|75\/100|[from] item: Sitrus Berry\n|cant|p2b: Kingambit|flinch\n|move|p2a: Hatterene|Dazzling Gleam|p1b: Mimikyu|[spread] p1a,p1b\n|-resisted|p1a: Hariyama\n|-damage|p1a: Hariyama|78\/100\n|-activate|p1b: Mimikyu|ability: Disguise\n|-damage|p1b: Mimikyu|75\/100\n|detailschange|p1b: Mimikyu|Mimikyu-Busted, L50, M\n|-damage|p1b: Mimikyu|63\/100|[from] pokemon: Mimikyu-Busted\n|-damage|p2a: Hatterene|91\/100|[from] item: Life Orb\n|\n|-damage|p2b: Kingambit|70\/100|[from] Curse\n|upkeep\n|turn|2\n|\n|t:|1682972529\n|switch|p2b: Torkoal|Torkoal, L50, M|100\/100\n|-weather|SunnyDay|[from] ability: Drought|[of] p2b: Torkoal\n|move|p1b: Mimikyu|Protect|p1b: Mimikyu\n|-singleturn|p1b: Mimikyu|Protect\n|move|p1a: Hariyama|Wide Guard|p1a: Hariyama\n|-singleturn|p1a: Hariyama|Wide Guard\n|move|p2a: Hatterene|Trick Room|p2a: Hatterene\n|-fieldstart|move: Trick Room|[of] p2a: Hatterene\n|\n|-weather|SunnyDay|[upkeep]\n|upkeep\n|turn|3\n|\n|t:|1682972549\n|move|p1a: Hariyama|Wide Guard|p1a: Hariyama\n|-singleturn|p1a: Hariyama|Wide Guard\n|move|p2a: Hatterene|Psyshock|p1b: Mimikyu\n|-damage|p1b: Mimikyu|0 fnt\n|faint|p1b: Mimikyu\n|-damage|p2a: Hatterene|82\/100|[from] item: Life Orb\n|move|p2b: Torkoal|Flamethrower|p1a: Hariyama\n|-supereffective|p1a: Hariyama\n|-damage|p1a: Hariyama|12\/100\n|\n|-weather|SunnyDay|[upkeep]\n|upkeep\n|\n|t:|1682972559\n|switch|p1b: Great Tusk|Great Tusk, L50|100\/100\n|-activate|p1b: Great Tusk|ability: Protosynthesis\n|-start|p1b: Great Tusk|protosynthesisatk\n|turn|4\n|\n|t:|1682972570\n|move|p1a: Hariyama|Wide Guard|p1a: Hariyama\n|-singleturn|p1a: Hariyama|Wide Guard\n|move|p2a: Hatterene|Psyshock|p1b: Great Tusk\n|-supereffective|p1b: Great Tusk\n|-damage|p1b: Great Tusk|15\/100\n|-damage|p2a: Hatterene|72\/100|[from] item: Life Orb\n|move|p2b: Torkoal|Flamethrower|p1a: Hariyama\n|-supereffective|p1a: Hariyama\n|-damage|p1a: Hariyama|0 fnt\n|faint|p1a: Hariyama\n|move|p1b: Great Tusk|Earthquake|p2b: Torkoal|[spread] p2a,p2b\n|-supereffective|p2b: Torkoal\n|-damage|p2a: Hatterene|0 fnt\n|-damage|p2b: Torkoal|0 fnt\n|faint|p2a: Hatterene\n|faint|p2b: Torkoal\n|-damage|p1b: Great Tusk|5\/100|[from] item: Life Orb\n|\n|-weather|SunnyDay|[upkeep]\n|upkeep\n|\n|t:|1682972586\n|switch|p2a: Oranguru|Oranguru, L50, F|100\/100\n|switch|p2b: Kingambit|Kingambit, L50, F|70\/100\n|switch|p1a: Gyarados|Gyarados, L50, M|100\/100\n|-ability|p1a: Gyarados|Intimidate|boost\n|-fail|p2a: Oranguru|unboost|Attack|[from] ability: Inner Focus|[of] p2a: Oranguru\n|-unboost|p2b: Kingambit|atk|1\n|-ability|p2b: Kingambit|Defiant|boost\n|-boost|p2b: Kingambit|atk|2\n|turn|5\n|\n|t:|1682972600\n|move|p1b: Great Tusk|Protect|p1b: Great Tusk\n|-singleturn|p1b: Great Tusk|Protect\n|move|p2b: Kingambit|Kowtow Cleave|p1a: Gyarados\n|-damage|p1a: Gyarados|33\/100\n|move|p2a: Oranguru|Psychic|p1b: Great Tusk\n|-activate|p1b: Great Tusk|move: Protect\n|move|p1a: Gyarados|Thunder Wave|p2b: Kingambit\n|-status|p2b: Kingambit|par\n|\n|-weather|SunnyDay|[upkeep]\n|upkeep\n|turn|6\n|\n|t:|1682972615\n|move|p1b: Great Tusk|Protect|p1b: Great Tusk\n|-singleturn|p1b: Great Tusk|Protect\n|cant|p2b: Kingambit|par\n|move|p2a: Oranguru|Psychic|p1b: Great Tusk\n|-activate|p1b: Great Tusk|move: Protect\n|move|p1a: Gyarados|Waterfall|p2b: Kingambit\n|-damage|p2b: Kingambit|55\/100 par\n|\n|-weather|none\n|-end|p1b: Great Tusk|Protosynthesis\n|-fieldend|move: Trick Room\n|upkeep\n|turn|7\n|\n|t:|1682972627\n|move|p2b: Kingambit|Sucker Punch|p1b: Great Tusk\n|-resisted|p1b: Great Tusk\n|-damage|p1b: Great Tusk|0 fnt\n|faint|p1b: Great Tusk\n|-end|p1b: Great Tusk|Protosynthesis|[silent]\n|move|p1a: Gyarados|Waterfall|p2a: Oranguru\n|-damage|p2a: Oranguru|68\/100\n|move|p2a: Oranguru|Psychic|p1a: Gyarados\n|-damage|p1a: Gyarados|8\/100\n|-unboost|p1a: Gyarados|spd|1\n|\n|upkeep\n|turn|8\n|-message|Jbenn forfeited.\n|\n|win|previouslyunnamed\n|raw|Jbenn's rating: 1409 → 1385<\/strong> (-24 for losing)\n|raw|previouslyunnamed's rating: 1336 → 1360<\/strong> (+24 for winning)\n|l|\u2606Jbenn\n","uploadtime":1682972650,"views":10,"p1id":"jbenn","p2id":"previouslyunnamed","formatid":"gen9vgc2023regulationc","rating":1360,"private":0,"password":""}