{"id":"gen9vgc2023regulationc-1861417059","p1":"revocolombia","p2":"Skroomlite","format":"[Gen 9] VGC 2023 Regulation C","log":"|j|\u2606revocolombia\n|j|\u2606Skroomlite\n|t:|1683755420\n|gametype|doubles\n|player|p1|revocolombia|169|1000\n|player|p2|Skroomlite|steven|1000\n|teamsize|p1|6\n|teamsize|p2|6\n|gen|9\n|tier|[Gen 9] VGC 2023 Regulation C\n|rated|\n|rule|Species Clause: Limit one of each Pok\u00e9mon\n|rule|Item Clause: Limit one of each item\n|clearpoke\n|poke|p1|Flutter Mane, L50|\n|poke|p1|Great Tusk, L50|\n|poke|p1|Gholdengo, L50|\n|poke|p1|Chien-Pao, L50|\n|poke|p1|Murkrow, L50, F|\n|poke|p1|Dragonite, L50, F|\n|poke|p2|Arcanine, L50, M|\n|poke|p2|Amoonguss, L50, M|\n|poke|p2|Flutter Mane, L50|\n|poke|p2|Palafin, L50, M|\n|poke|p2|Scream Tail, L50|\n|poke|p2|Gothitelle, L50, F|\n|teampreview|4\n|j| TheGreatG00sby\nSkroomlite has agreed to open team sheets.\n|\n|t:|1683755473\n|start\n|switch|p1a: Gholdengo|Gholdengo, L50|100\/100\n|switch|p1b: Flutter Mane|Flutter Mane, L50|100\/100\n|switch|p2a: Arcanine|Arcanine, L50, M|100\/100\n|switch|p2b: Palafin|Palafin, L50, M|100\/100\n|-ability|p2a: Arcanine|Intimidate|boost\n|-unboost|p1a: Gholdengo|atk|1\n|-unboost|p1b: Flutter Mane|atk|1\n|-enditem|p1b: Flutter Mane|Booster Energy\n|-activate|p1b: Flutter Mane|ability: Protosynthesis|[fromitem]\n|-start|p1b: Flutter Mane|protosynthesisspa\n|turn|1\n|\n|t:|1683755521\n|detailschange|p2b: Palafin|Palafin-Hero, L50, M\n|switch|p2b: Amoonguss|Amoonguss, L50, M, shiny|100\/100\n|-terastallize|p1a: Gholdengo|Water\n|move|p1b: Flutter Mane|Thunderbolt|p2a: Arcanine\n|-damage|p2a: Arcanine|52\/100\n|move|p2a: Arcanine|Flare Blitz|p1a: Gholdengo\n|-resisted|p1a: Gholdengo\n|-damage|p1a: Gholdengo|76\/100\n|-damage|p2a: Arcanine|45\/100|[from] Recoil\n|move|p1a: Gholdengo|Thunderbolt|p2b: Amoonguss\n|-resisted|p2b: Amoonguss\n|-damage|p2b: Amoonguss|78\/100\n|\n|upkeep\n|turn|2\n|\n|t:|1683755551\n|-end|p1b: Flutter Mane|Protosynthesis|[silent]\n|switch|p1b: Dragonite|Dragonite, L50, F|100\/100\n|move|p2a: Arcanine|Protect|p2a: Arcanine\n|-singleturn|p2a: Arcanine|Protect\n|move|p1a: Gholdengo|Thunderbolt|p2a: Arcanine\n|-activate|p2a: Arcanine|move: Protect\n|move|p2b: Amoonguss|Spore|p1b: Dragonite\n|-status|p1b: Dragonite|slp|[from] move: Spore\n|-enditem|p1b: Dragonite|Lum Berry|[eat]\n|-curestatus|p1b: Dragonite|slp|[msg]\n|\n|upkeep\n|turn|3\n|\n|t:|1683755593\n|switch|p2a: Palafin|Palafin-Hero, L50, M|100\/100\n|-activate|p2a: Palafin|ability: Zero to Hero\n|move|p1b: Dragonite|Extreme Speed|p2b: Amoonguss\n|-damage|p2b: Amoonguss|58\/100\n|move|p2b: Amoonguss|Rage Powder|p2b: Amoonguss\n|-singleturn|p2b: Amoonguss|move: Rage Powder\n|move|p1a: Gholdengo|Thunderbolt|p2b: Amoonguss\n|-resisted|p2b: Amoonguss\n|-damage|p2b: Amoonguss|35\/100\n|-enditem|p2b: Amoonguss|Sitrus Berry|[eat]\n|-heal|p2b: Amoonguss|60\/100|[from] item: Sitrus Berry\n|\n|upkeep\n|turn|4\n|l| TheGreatG00sby\n|\n|t:|1683755618\n|move|p2a: Palafin|Protect|p2a: Palafin\n|-singleturn|p2a: Palafin|Protect\n|move|p1b: Dragonite|Extreme Speed|p2a: Palafin\n|-activate|p2a: Palafin|move: Protect\n|move|p1a: Gholdengo|Thunderbolt|p2a: Palafin\n|-activate|p2a: Palafin|move: Protect\n|move|p2b: Amoonguss|Spore|p1b: Dragonite\n|-status|p1b: Dragonite|slp|[from] move: Spore\n|\n|upkeep\n|turn|5\n|\n|t:|1683755652\n|cant|p1b: Dragonite|slp\n|move|p1a: Gholdengo|Thunderbolt|p2a: Palafin\n|-supereffective|p2a: Palafin\n|-damage|p2a: Palafin|0 fnt\n|faint|p2a: Palafin\n|move|p2b: Amoonguss|Pollen Puff|p2: Palafin|[notarget]\n|-fail|p2b: Amoonguss\n|\n|upkeep\n|\n|t:|1683755660\n|switch|p2a: Arcanine|Arcanine, L50, M|45\/100\n|-ability|p2a: Arcanine|Intimidate|boost\n|-unboost|p1a: Gholdengo|atk|1\n|-unboost|p1b: Dragonite|atk|1\n|turn|6\n|\n|t:|1683755693\n|move|p2a: Arcanine|Extreme Speed|p1a: Gholdengo\n|-damage|p1a: Gholdengo|53\/100\n|-curestatus|p1b: Dragonite|slp|[msg]\n|move|p1b: Dragonite|Extreme Speed|p2b: Amoonguss\n|-damage|p2b: Amoonguss|45\/100\n|move|p1a: Gholdengo|Thunderbolt|p2b: Amoonguss\n|-resisted|p2b: Amoonguss\n|-damage|p2b: Amoonguss|20\/100\n|move|p2b: Amoonguss|Pollen Puff|p2a: Arcanine\n|-heal|p2a: Arcanine|95\/100\n|\n|upkeep\n|turn|7\n|\n|t:|1683755737\n|switch|p2b: Scream Tail|Scream Tail, L50, shiny|100\/100\n|-enditem|p2b: Scream Tail|Booster Energy\n|-activate|p2b: Scream Tail|ability: Protosynthesis|[fromitem]\n|-start|p2b: Scream Tail|protosynthesisspe\n|move|p1b: Dragonite|Extreme Speed|p2b: Scream Tail\n|-crit|p2b: Scream Tail\n|-damage|p2b: Scream Tail|71\/100\n|move|p2a: Arcanine|Will-O-Wisp|p1b: Dragonite\n|-status|p1b: Dragonite|brn\n|move|p1a: Gholdengo|Thunderbolt|p2a: Arcanine\n|-damage|p2a: Arcanine|35\/100\n|\n|-damage|p1b: Dragonite|95\/100 brn|[from] brn\n|upkeep\n|turn|8\n|\n|t:|1683755766\n|move|p2a: Arcanine|Protect|p2a: Arcanine\n|-singleturn|p2a: Arcanine|Protect\n|move|p1b: Dragonite|Extreme Speed|p2a: Arcanine\n|-activate|p2a: Arcanine|move: Protect\n|move|p2b: Scream Tail|Play Rough|p1a: Gholdengo|[miss]\n|-miss|p2b: Scream Tail|p1a: Gholdengo\n|move|p1a: Gholdengo|Thunderbolt|p2b: Scream Tail\n|-damage|p2b: Scream Tail|32\/100\n|\n|-damage|p1b: Dragonite|89\/100 brn|[from] brn\n|upkeep\n|turn|9\n|\n|t:|1683755784\n|switch|p2a: Amoonguss|Amoonguss, L50, M, shiny|53\/100\n|move|p2b: Scream Tail|Protect|p2b: Scream Tail\n|-singleturn|p2b: Scream Tail|Protect\n|move|p1b: Dragonite|Extreme Speed|p2a: Amoonguss\n|-damage|p2a: Amoonguss|47\/100\n|move|p1a: Gholdengo|Thunderbolt|p2b: Scream Tail\n|-activate|p2b: Scream Tail|move: Protect\n|\n|-damage|p1b: Dragonite|83\/100 brn|[from] brn\n|upkeep\n|turn|10\n|\n|t:|1683755813\n|move|p1b: Dragonite|Extreme Speed|p2a: Amoonguss\n|-damage|p2a: Amoonguss|40\/100\n|move|p2a: Amoonguss|Rage Powder|p2a: Amoonguss\n|-singleturn|p2a: Amoonguss|move: Rage Powder\n|move|p2b: Scream Tail|Play Rough|p1a: Gholdengo\n|-damage|p1a: Gholdengo|28\/100\n|move|p1a: Gholdengo|Thunderbolt|p2a: Amoonguss\n|-resisted|p2a: Amoonguss\n|-damage|p2a: Amoonguss|13\/100\n|\n|-damage|p1b: Dragonite|78\/100 brn|[from] brn\n|upkeep\n|turn|11\n|\n|t:|1683755832\n|move|p2b: Scream Tail|Protect|p2b: Scream Tail\n|-singleturn|p2b: Scream Tail|Protect\n|move|p2a: Amoonguss|Protect|p2a: Amoonguss\n|-singleturn|p2a: Amoonguss|Protect\n|move|p1b: Dragonite|Extreme Speed|p2a: Amoonguss\n|-activate|p2a: Amoonguss|move: Protect\n|move|p1a: Gholdengo|Thunderbolt|p2b: Scream Tail\n|-activate|p2b: Scream Tail|move: Protect\n|\n|-damage|p1b: Dragonite|72\/100 brn|[from] brn\n|upkeep\n|turn|12\n|\n|t:|1683755859\n|move|p2b: Scream Tail|Play Rough|p1a: Gholdengo\n|-damage|p1a: Gholdengo|0 fnt\n|faint|p1a: Gholdengo\n|move|p1b: Dragonite|Dragon Dance|p1b: Dragonite\n|-boost|p1b: Dragonite|atk|1\n|-boost|p1b: Dragonite|spe|1\n|move|p2a: Amoonguss|Pollen Puff|p2b: Scream Tail\n|-heal|p2b: Scream Tail|82\/100\n|\n|-damage|p1b: Dragonite|66\/100 brn|[from] brn\n|upkeep\n|\n|t:|1683755875\n|switch|p1a: Great Tusk|Great Tusk, L50|100\/100\n|turn|13\n|\n|t:|1683755895\n|switch|p2a: Arcanine|Arcanine, L50, M|35\/100\n|-ability|p2a: Arcanine|Intimidate|boost\n|-fail|p1a: Great Tusk|unboost|[from] item: Clear Amulet|[of] p1a: Great Tusk\n|-unboost|p1b: Dragonite|atk|1\n|move|p2b: Scream Tail|Play Rough|p1b: Dragonite\n|-supereffective|p1b: Dragonite\n|-damage|p1b: Dragonite|17\/100 brn\n|move|p1b: Dragonite|Dragon Dance|p1b: Dragonite\n|-boost|p1b: Dragonite|atk|1\n|-boost|p1b: Dragonite|spe|1\n|move|p1a: Great Tusk|Earthquake|p2a: Arcanine|[spread] p2a,p2b\n|-immune|p1b: Dragonite\n|-supereffective|p2a: Arcanine\n|-damage|p2a: Arcanine|0 fnt\n|-damage|p2b: Scream Tail|52\/100\n|faint|p2a: Arcanine\n|\n|-damage|p1b: Dragonite|11\/100 brn|[from] brn\n|upkeep\n|\n|t:|1683755912\n|switch|p2a: Amoonguss|Amoonguss, L50, M, shiny|46\/100\n|turn|14\n|\n|t:|1683755926\n|move|p2b: Scream Tail|Protect|p2b: Scream Tail\n|-singleturn|p2b: Scream Tail|Protect\n|move|p1b: Dragonite|Thunder Punch|p2b: Scream Tail\n|-activate|p2b: Scream Tail|move: Protect\n|move|p1a: Great Tusk|Earthquake|p2a: Amoonguss|[spread] p2a\n|-activate|p2b: Scream Tail|move: Protect\n|-immune|p1b: Dragonite\n|-damage|p2a: Amoonguss|16\/100\n|move|p2a: Amoonguss|Spore|p1a: Great Tusk\n|-status|p1a: Great Tusk|slp|[from] move: Spore\n|\n|-damage|p1b: Dragonite|6\/100 brn|[from] brn\n|upkeep\n|turn|15\n|\n|t:|1683755947\n|move|p2a: Amoonguss|Protect|p2a: Amoonguss\n|-singleturn|p2a: Amoonguss|Protect\n|move|p1b: Dragonite|Thunder Punch|p2a: Amoonguss\n|-activate|p2a: Amoonguss|move: Protect\n|move|p2b: Scream Tail|Fire Punch|p1b: Dragonite\n|-resisted|p1b: Dragonite\n|-damage|p1b: Dragonite|0 fnt\n|faint|p1b: Dragonite\n|cant|p1a: Great Tusk|slp\n|\n|upkeep\n|\n|t:|1683755958\n|switch|p1b: Flutter Mane|Flutter Mane, L50|100\/100\n|turn|16\n|\n|t:|1683755985\n|move|p2a: Amoonguss|Rage Powder|p2a: Amoonguss\n|-singleturn|p2a: Amoonguss|move: Rage Powder\n|move|p2b: Scream Tail|Perish Song|p2b: Scream Tail\n|-start|p1a: Great Tusk|perish3|[silent]\n|-start|p1b: Flutter Mane|perish3|[silent]\n|-start|p2a: Amoonguss|perish3|[silent]\n|-start|p2b: Scream Tail|perish3|[silent]\n|-fieldactivate|move: Perish Song\n|move|p1b: Flutter Mane|Thunderbolt|p2a: Amoonguss\n|-resisted|p2a: Amoonguss\n|-damage|p2a: Amoonguss|0 fnt\n|faint|p2a: Amoonguss\n|-curestatus|p1a: Great Tusk|slp|[msg]\n|move|p1a: Great Tusk|Rock Slide|p2b: Scream Tail\n|-damage|p2b: Scream Tail|29\/100\n|\n|-start|p2b: Scream Tail|perish3\n|-start|p1b: Flutter Mane|perish3\n|-start|p1a: Great Tusk|perish3\n|upkeep\n|turn|17\n|\n|t:|1683756007\n|move|p2b: Scream Tail|Protect|p2b: Scream Tail\n|-singleturn|p2b: Scream Tail|Protect\n|move|p1b: Flutter Mane|Dazzling Gleam|p2b: Scream Tail\n|-activate|p2b: Scream Tail|move: Protect\n|move|p1a: Great Tusk|Brick Break|p2b: Scream Tail\n|-activate|p2b: Scream Tail|move: Protect\n|\n|-start|p2b: Scream Tail|perish2\n|-start|p1b: Flutter Mane|perish2\n|-start|p1a: Great Tusk|perish2\n|upkeep\n|turn|18\n|\n|t:|1683756024\n|-terastallize|p2b: Scream Tail|Fairy\n|move|p2b: Scream Tail|Play Rough|p1a: Great Tusk\n|-supereffective|p1a: Great Tusk\n|-damage|p1a: Great Tusk|58\/100\n|move|p1b: Flutter Mane|Dazzling Gleam|p2b: Scream Tail\n|-damage|p2b: Scream Tail|0 fnt\n|faint|p2b: Scream Tail\n|-end|p2b: Scream Tail|Protosynthesis|[silent]\n|\n|win|revocolombia\n|raw|revocolombia's rating: 1000 → 1040<\/strong> (+40 for winning)\n|raw|Skroomlite's rating: 1000 → 1000<\/strong> (+0 for losing)\n|l|\u2606Skroomlite\n","uploadtime":1683756153,"views":5,"p1id":"revocolombia","p2id":"skroomlite","formatid":"gen9vgc2023regulationc","rating":1000,"private":0,"password":""}