{"id":"gen9vgc2023regulationc-1847729396","p1":"sauceconnoisseur","p2":"DD.MasterD","format":"[Gen 9] VGC 2023 Regulation C","log":"|j|\u2606sauceconnoisseur\n|j|\u2606DD.MasterD\n|t:|1681996886\n|gametype|doubles\n|player|p1|sauceconnoisseur|swimmer|1317\n|player|p2|DD.MasterD|101|1239\n|teamsize|p1|6\n|teamsize|p2|6\n|gen|9\n|tier|[Gen 9] VGC 2023 Regulation C\n|rated|\n|rule|Species Clause: Limit one of each Pok\u00e9mon\n|rule|Item Clause: Limit one of each item\n|clearpoke\n|poke|p1|Maushold, L50|\n|poke|p1|Annihilape, L50, F|\n|poke|p1|Amoonguss, L50, M|\n|poke|p1|Flutter Mane, L50|\n|poke|p1|Talonflame, L50, F|\n|poke|p1|Palafin, L50, F|\n|poke|p2|Great Tusk, L50|\n|poke|p2|Dragonite, L50, M|\n|poke|p2|Murkrow, L50, F|\n|poke|p2|Chi-Yu, L50|\n|poke|p2|Flutter Mane, L50|\n|poke|p2|Chien-Pao, L50|\n|teampreview|4\n|\n|t:|1681996923\n|start\n|switch|p1a: Mane 2.0|Flutter Mane, L50|100\/100\n|switch|p1b: Palafin|Palafin, L50, F|100\/100\n|switch|p2a: Murkrow|Murkrow, L50, F|100\/100\n|switch|p2b: Great Tusk|Great Tusk, L50|100\/100\n|turn|1\n|\n|t:|1681996938\n|detailschange|p1b: Palafin|Palafin-Hero, L50, F\n|switch|p1b: Maushold|Maushold, L50|100\/100\n|-terastallize|p2b: Great Tusk|Ground\n|move|p2a: Murkrow|Tailwind|p2a: Murkrow\n|-sidestart|p2: DD.MasterD|move: Tailwind\n|move|p2b: Great Tusk|Earthquake|p1a: Mane 2.0|[spread] p1a,p1b\n|-immune|p2a: Murkrow\n|-damage|p1a: Mane 2.0|36\/100\n|-damage|p1b: Maushold|36\/100\n|move|p1a: Mane 2.0|Dazzling Gleam|p2b: Great Tusk|[spread] p2a,p2b\n|-supereffective|p2a: Murkrow\n|-damage|p2a: Murkrow|0 fnt\n|-damage|p2b: Great Tusk|37\/100\n|faint|p2a: Murkrow\n|-damage|p1a: Mane 2.0|27\/100|[from] item: Life Orb\n|\n|upkeep\n|\n|t:|1681996953\n|switch|p2a: Dragonite|Dragonite, L50, M|100\/100\n|turn|2\n|\n|t:|1681996970\n|move|p1a: Mane 2.0|Protect|p1a: Mane 2.0\n|-singleturn|p1a: Mane 2.0|Protect\n|move|p1b: Maushold|Protect|p1b: Maushold\n|-singleturn|p1b: Maushold|Protect\n|move|p2a: Dragonite|Extreme Speed|p1b: Maushold\n|-activate|p1b: Maushold|move: Protect\n|move|p2b: Great Tusk|Earthquake|p1a: Mane 2.0|[spread] \n|-activate|p1a: Mane 2.0|move: Protect\n|-activate|p1b: Maushold|move: Protect\n|-immune|p2a: Dragonite\n|\n|upkeep\n|turn|3\n|inactive|Battle timer is ON: inactive players will automatically lose when time's up. (requested by sauceconnoisseur)\n|\n|t:|1681996994\n|-end|p1a: Mane 2.0|Protosynthesis|[silent]\n|switch|p1a: Palafin|Palafin-Hero, L50, F|100\/100\n|-activate|p1a: Palafin|ability: Zero to Hero\n|switch|p1b: Ape 2.0|Annihilape, L50, F|100\/100\n|move|p2a: Dragonite|Extreme Speed|p1a: Palafin\n|-damage|p1a: Palafin|61\/100\n|move|p2b: Great Tusk|Earthquake|p1a: Palafin|[spread] p1a,p1b\n|-immune|p2a: Dragonite\n|-damage|p1a: Palafin|5\/100\n|-damage|p1b: Ape 2.0|39\/100\n|\n|-heal|p1b: Ape 2.0|45\/100|[from] item: Leftovers\n|upkeep\n|turn|4\n|\n|t:|1681997015\n|move|p1a: Palafin|Protect|p1a: Palafin\n|-singleturn|p1a: Palafin|Protect\n|move|p1b: Ape 2.0|Protect|p1b: Ape 2.0\n|-singleturn|p1b: Ape 2.0|Protect\n|move|p2a: Dragonite|Extreme Speed|p1a: Palafin\n|-activate|p1a: Palafin|move: Protect\n|move|p2b: Great Tusk|Earthquake|p1b: Ape 2.0|[spread] \n|-activate|p1a: Palafin|move: Protect\n|-activate|p1b: Ape 2.0|move: Protect\n|-immune|p2a: Dragonite\n|\n|-heal|p1b: Ape 2.0|51\/100|[from] item: Leftovers\n|-sideend|p2: DD.MasterD|move: Tailwind\n|upkeep\n|turn|5\n|\n|t:|1681997030\n|switch|p1a: Maushold|Maushold, L50|36\/100\n|move|p2a: Dragonite|Extreme Speed|p1a: Maushold\n|-damage|p1a: Maushold|0 fnt\n|faint|p1a: Maushold\n|move|p2b: Great Tusk|Earthquake|p1b: Ape 2.0|[spread] p1b\n|-immune|p2a: Dragonite\n|-damage|p1b: Ape 2.0|0 fnt\n|faint|p1b: Ape 2.0\n|\n|upkeep\n|\n|t:|1681997034\n|switch|p1a: Palafin|Palafin-Hero, L50, F|5\/100\n|switch|p1b: Mane 2.0|Flutter Mane, L50|27\/100\n|turn|6\n|\n|t:|1681997054\n|move|p1a: Palafin|Protect|p1a: Palafin\n|-singleturn|p1a: Palafin|Protect\n|move|p2a: Dragonite|Extreme Speed|p1a: Palafin\n|-activate|p1a: Palafin|move: Protect\n|move|p2b: Great Tusk|Earthquake|p1a: Palafin|[spread] p1b\n|-activate|p1a: Palafin|move: Protect\n|-immune|p2a: Dragonite\n|-damage|p1b: Mane 2.0|0 fnt\n|faint|p1b: Mane 2.0\n|-end|p1b: Mane 2.0|Protosynthesis|[silent]\n|\n|upkeep\n|turn|7\n|c|\u2606DD.MasterD|scarf tusk\n|c|\u2606DD.MasterD|gg\n|inactive|DD.MasterD has 30 seconds left.\n|\n|t:|1681997082\n|-terastallize|p1a: Palafin|Water\n|move|p2a: Dragonite|Extreme Speed|p1a: Palafin\n|-damage|p1a: Palafin|0 fnt\n|faint|p1a: Palafin\n|\n|win|DD.MasterD\n|raw|sauceconnoisseur's rating: 1317 → 1293<\/strong> (-24 for losing)\n|raw|DD.MasterD's rating: 1239 → 1270<\/strong> (+31 for winning)\n|c|\u2606sauceconnoisseur|gg\n|c|\u2606sauceconnoisseur|that's my least favorite tusk lol\n|l|\u2606DD.MasterD\n","uploadtime":1681997158,"views":13,"p1id":"sauceconnoisseur","p2id":"ddmasterd","formatid":"gen9vgc2023regulationc","rating":1270,"private":0,"password":""}