{"id":"gen9vgc2023regulationc-1850726066","p1":"19402u","p2":"lateralvs","format":"[Gen 9] VGC 2023 Regulation C","log":"|j|\u260619402u\n|j|\u2606lateralvs\n|t:|1682362371\n|gametype|doubles\n|player|p1|19402u|265|1434\n|player|p2|lateralvs|giovanni|1542\n|teamsize|p1|6\n|teamsize|p2|6\n|gen|9\n|tier|[Gen 9] VGC 2023 Regulation C\n|rated|\n|rule|Species Clause: Limit one of each Pok\u00e9mon\n|rule|Item Clause: Limit one of each item\n|clearpoke\n|poke|p1|Palafin, L50, F|\n|poke|p1|Arcanine, L50, M|\n|poke|p1|Amoonguss, L50, M|\n|poke|p1|Kingambit, L50, F|\n|poke|p1|Flutter Mane, L50|\n|poke|p1|Dragonite, L50, F|\n|poke|p2|Iron Jugulis, L50|\n|poke|p2|Garchomp, L50, F|\n|poke|p2|Gyarados, L50, M|\n|poke|p2|Gholdengo, L50|\n|poke|p2|Iron Hands, L50|\n|poke|p2|Amoonguss, L50, M|\n|teampreview|4\n19402u has agreed to open team sheets.\nlateralvs has agreed to open team sheets.\n|inactive|Battle timer is ON: inactive players will automatically lose when time's up. (requested by 19402u)\n|\n|t:|1682362489\n|start\n|switch|p1a: Palafin|Palafin, L50, F|100\/100\n|switch|p1b: Flutter Mane|Flutter Mane, L50|100\/100\n|switch|p2a: Higuain 3-2|Gholdengo, L50|100\/100\n|switch|p2b: Ronaldo 2-1|Amoonguss, L50, M|100\/100\n|-enditem|p1b: Flutter Mane|Booster Energy\n|-activate|p1b: Flutter Mane|ability: Protosynthesis|[fromitem]\n|-start|p1b: Flutter Mane|protosynthesisspa\n|turn|1\n|inactive|19402u has 30 seconds left.\n|inactive|lateralvs has 30 seconds left.\n|\n|t:|1682362524\n|move|p1b: Flutter Mane|Protect|p1b: Flutter Mane\n|-singleturn|p1b: Flutter Mane|Protect\n|move|p1a: Palafin|Protect|p1a: Palafin\n|-singleturn|p1a: Palafin|Protect\n|move|p2b: Ronaldo 2-1|Rage Powder|p2b: Ronaldo 2-1\n|-singleturn|p2b: Ronaldo 2-1|move: Rage Powder\n|move|p2a: Higuain 3-2|Shadow Ball|p1b: Flutter Mane\n|-activate|p1b: Flutter Mane|move: Protect\n|\n|upkeep\n|turn|2\n|inactive|19402u has 30 seconds left.\n|inactive|lateralvs has 30 seconds left.\n|\n|t:|1682362554\n|-end|p1b: Flutter Mane|Protosynthesis|[silent]\n|switch|p1b: Dragonite|Dragonite, L50, F|100\/100\n|detailschange|p1a: Palafin|Palafin-Hero, L50, F\n|switch|p1a: Arcanine|Arcanine, L50, M|100\/100\n|-ability|p1a: Arcanine|Intimidate|boost\n|-unboost|p2a: Higuain 3-2|atk|1\n|-unboost|p2b: Ronaldo 2-1|atk|1\n|move|p2b: Ronaldo 2-1|Rage Powder|p2b: Ronaldo 2-1\n|-singleturn|p2b: Ronaldo 2-1|move: Rage Powder\n|move|p2a: Higuain 3-2|Shadow Ball|p1b: Dragonite\n|-damage|p1b: Dragonite|80\/100\n|-unboost|p1b: Dragonite|spd|1\n|\n|upkeep\n|turn|3\n|inactive|19402u has 30 seconds left.\n|inactive|lateralvs has 30 seconds left.\n|inactive|19402u has 20 seconds left.\n|inactive|19402u has 15 seconds left.\n|\n|t:|1682362599\n|switch|p2b: Cuadrado 3-2|Gyarados, L50, M|100\/100\n|-ability|p2b: Cuadrado 3-2|Intimidate|boost\n|-unboost|p1a: Arcanine|atk|1\n|-unboost|p1b: Dragonite|atk|1\n|-terastallize|p1b: Dragonite|Flying\n|move|p1a: Arcanine|Howl|p1a: Arcanine|[spread] p1a,p1b\n|-boost|p1a: Arcanine|atk|1\n|-boost|p1b: Dragonite|atk|1\n|move|p1b: Dragonite|Tera Blast|p2b: Cuadrado 3-2\n|-damage|p2b: Cuadrado 3-2|48\/100\n|move|p2a: Higuain 3-2|Shadow Ball|p1b: Dragonite\n|-damage|p1b: Dragonite|15\/100\n|\n|upkeep\n|turn|4\n|inactive|19402u has 30 seconds left.\n|inactive|lateralvs has 30 seconds left.\n|inactive|lateralvs has 20 seconds left.\n|inactive|lateralvs has 15 seconds left.\n|inactive|lateralvs has 10 seconds left.\n|inactive|lateralvs has 5 seconds left.\n|\n|t:|1682362652\n|move|p1a: Arcanine|Flare Blitz|p2a: Higuain 3-2\n|-supereffective|p2a: Higuain 3-2\n|-damage|p2a: Higuain 3-2|16\/100\n|-damage|p1a: Arcanine|73\/100|[from] Recoil\n|move|p1b: Dragonite|Tera Blast|p2b: Cuadrado 3-2\n|-damage|p2b: Cuadrado 3-2|0 fnt\n|faint|p2b: Cuadrado 3-2\n|move|p2a: Higuain 3-2|Shadow Ball|p1b: Dragonite\n|-damage|p1b: Dragonite|0 fnt\n|faint|p1b: Dragonite\n|\n|upkeep\n|inactive|lateralvs has 30 seconds left.\n|\n|t:|1682362685\n|switch|p1b: Flutter Mane|Flutter Mane, L50|100\/100\n|switch|p2b: Ronaldo 2-1|Amoonguss, L50, M|100\/100\n|turn|5\n|inactive|19402u has 30 seconds left.\n|inactive|lateralvs has 30 seconds left.\n|inactive|lateralvs has 20 seconds left.\n|inactive|lateralvs has 15 seconds left.\n|inactive|lateralvs has 10 seconds left.\n|inactive|lateralvs has 5 seconds left.\n|\n|t:|1682362735\n|move|p1b: Flutter Mane|Dazzling Gleam|p2a: Higuain 3-2|[spread] p2a,p2b\n|-resisted|p2a: Higuain 3-2\n|-resisted|p2b: Ronaldo 2-1\n|-damage|p2a: Higuain 3-2|1\/100\n|-damage|p2b: Ronaldo 2-1|86\/100\n|move|p1a: Arcanine|Will-O-Wisp|p1b: Flutter Mane|[miss]\n|-miss|p1a: Arcanine|p1b: Flutter Mane\n|move|p2a: Higuain 3-2|Shadow Ball|p1a: Arcanine\n|-damage|p1a: Arcanine|0 fnt\n|faint|p1a: Arcanine\n|move|p2b: Ronaldo 2-1|Spore|p1b: Flutter Mane\n|-status|p1b: Flutter Mane|slp|[from] move: Spore\n|\n|upkeep\n|\n|t:|1682362743\n|switch|p1a: Palafin|Palafin-Hero, L50, F|100\/100\n|-activate|p1a: Palafin|ability: Zero to Hero\n|turn|6\n|j| PiccoloRuiz\n|inactive|19402u has 30 seconds left.\n|inactive|19402u has 20 seconds left.\n|\n|t:|1682362779\n|cant|p1b: Flutter Mane|slp\n|move|p2b: Ronaldo 2-1|Rage Powder|p2b: Ronaldo 2-1\n|-singleturn|p2b: Ronaldo 2-1|move: Rage Powder\n|move|p1a: Palafin|Jet Punch|p2b: Ronaldo 2-1\n|-resisted|p2b: Ronaldo 2-1\n|-damage|p2b: Ronaldo 2-1|67\/100\n|move|p2a: Higuain 3-2|Shadow Ball|p1b: Flutter Mane\n|-supereffective|p1b: Flutter Mane\n|-damage|p1b: Flutter Mane|0 fnt\n|faint|p1b: Flutter Mane\n|-end|p1b: Flutter Mane|Protosynthesis|[silent]\n|\n|upkeep\n|turn|7\n|-message|19402u forfeited.\n|\n|win|lateralvs\n|raw|19402u's rating: 1434 → 1420<\/strong> (-14 for losing)\n|raw|lateralvs's rating: 1542 → 1556<\/strong> (+14 for winning)\n|l|\u260619402u\n","uploadtime":1682362789,"views":17,"p1id":"19402u","p2id":"lateralvs","formatid":"gen9vgc2023regulationc","rating":1420,"private":0,"password":""}