{"id":"gen9vgc2023regulationc-1863222199","p1":"AGSilver935","p2":"Elphaba Thropp","format":"[Gen 9] VGC 2023 Regulation C","log":"|j|\u2606AGSilver935\n|j|\u2606Elphaba Thropp\n|t:|1683990276\n|gametype|doubles\n|player|p1|AGSilver935|1|\n|player|p2|Elphaba Thropp|hexmaniac-gen6|\n|teamsize|p1|6\n|teamsize|p2|6\n|gen|9\n|tier|[Gen 9] VGC 2023 Regulation C\n|rule|Species Clause: Limit one of each Pok\u00e9mon\n|rule|Item Clause: Limit one of each item\n|clearpoke\n|poke|p1|Baxcalibur, L50, F|\n|poke|p1|Flutter Mane, L50|\n|poke|p1|Chi-Yu, L50|\n|poke|p1|Iron Bundle, L50|\n|poke|p1|Amoonguss, L50, M|\n|poke|p1|Arcanine, L50, F|\n|poke|p2|Palafin, L50, M|\n|poke|p2|Arcanine, L50, F|\n|poke|p2|Amoonguss, L50, M|\n|poke|p2|Ting-Lu, L50|\n|poke|p2|Baxcalibur, L50, M|\n|poke|p2|Flutter Mane, L50|\n|teampreview|4\n|c|\u2606Elphaba Thropp|G1\nElphaba Thropp has agreed to open team sheets.\nAGSilver935 has agreed to open team sheets.\n|\n|t:|1683990381\n|start\n|switch|p1a: Baxcalibur|Baxcalibur, L50, F|100\/100\n|switch|p1b: Arcanine|Arcanine, L50, F|100\/100\n|switch|p2a: Flutter Mane|Flutter Mane, L50|100\/100\n|switch|p2b: Palafin|Palafin, L50, M|100\/100\n|-ability|p1b: Arcanine|Intimidate|boost\n|-unboost|p2a: Flutter Mane|atk|1\n|-unboost|p2b: Palafin|atk|1\n|turn|1\n|\n|t:|1683990414\n|-terastallize|p1a: Baxcalibur|Poison\n|-terastallize|p2b: Palafin|Water\n|move|p2b: Palafin|Jet Punch|p1b: Arcanine\n|-supereffective|p1b: Arcanine\n|-damage|p1b: Arcanine|51\/100\n|move|p2a: Flutter Mane|Shadow Ball|p1b: Arcanine\n|-damage|p1b: Arcanine|0 fnt\n|faint|p1b: Arcanine\n|move|p1a: Baxcalibur|Icicle Crash|p2a: Flutter Mane\n|-damage|p2a: Flutter Mane|37\/100\n|\n|upkeep\n|\n|t:|1683990430\n|switch|p1b: Iron Bundle|Iron Bundle, L50|100\/100\n|-enditem|p1b: Iron Bundle|Booster Energy\n|-activate|p1b: Iron Bundle|ability: Quark Drive|[fromitem]\n|-start|p1b: Iron Bundle|quarkdrivespe\n|turn|2\n|\n|t:|1683990446\n|detailschange|p2b: Palafin|Palafin-Hero, L50, M, tera:Water\n|switch|p2b: Ting-Lu|Ting-Lu, L50|100\/100\n|-ability|p2b: Ting-Lu|Vessel of Ruin\n|move|p1b: Iron Bundle|Icy Wind|p2a: Flutter Mane|[spread] p2a,p2b\n|-supereffective|p2b: Ting-Lu\n|-damage|p2a: Flutter Mane|23\/100\n|-damage|p2b: Ting-Lu|85\/100\n|-unboost|p2a: Flutter Mane|spe|1\n|-unboost|p2b: Ting-Lu|spe|1\n|move|p1a: Baxcalibur|Icicle Crash|p2a: Flutter Mane\n|-damage|p2a: Flutter Mane|0 fnt\n|faint|p2a: Flutter Mane\n|-end|p2a: Flutter Mane|Protosynthesis|[silent]\n|\n|upkeep\n|\n|t:|1683990479\n|switch|p2a: Palafin|Palafin-Hero, L50, M, tera:Water|100\/100\n|-activate|p2a: Palafin|ability: Zero to Hero\n|turn|3\n|\n|t:|1683990547\n|switch|p1a: Amoonguss|Amoonguss, L50, M|100\/100\n|move|p2a: Palafin|Protect|p2a: Palafin\n|-singleturn|p2a: Palafin|Protect\n|move|p1b: Iron Bundle|Freeze-Dry|p2a: Palafin\n|-activate|p2a: Palafin|move: Protect\n|move|p2b: Ting-Lu|Ruination|p1b: Iron Bundle\n|-damage|p1b: Iron Bundle|51\/100\n|\n|upkeep\n|turn|4\n|\n|t:|1683990571\n|switch|p2a: Baxcalibur|Baxcalibur, L50, M|100\/100\n|move|p1b: Iron Bundle|Protect|p1b: Iron Bundle\n|-singleturn|p1b: Iron Bundle|Protect\n|move|p1a: Amoonguss|Spore|p2b: Ting-Lu\n|-status|p2b: Ting-Lu|slp|[from] move: Spore\n|cant|p2b: Ting-Lu|slp\n|\n|upkeep\n|turn|5\n|\n|t:|1683990615\n|move|p1b: Iron Bundle|Freeze-Dry|p2b: Ting-Lu\n|-supereffective|p2b: Ting-Lu\n|-damage|p2b: Ting-Lu|59\/100 slp\n|move|p2a: Baxcalibur|Glaive Rush|p1b: Iron Bundle\n|-damage|p1b: Iron Bundle|0 fnt\n|-singlemove|p2a: Baxcalibur|Glaive Rush|[silent]\n|faint|p1b: Iron Bundle\n|-end|p1b: Iron Bundle|Quark Drive|[silent]\n|move|p1a: Amoonguss|Spore|p2a: Baxcalibur\n|-status|p2a: Baxcalibur|slp|[from] move: Spore\n|cant|p2b: Ting-Lu|slp\n|\n|upkeep\n|\n|t:|1683990626\n|switch|p1b: Baxcalibur|Baxcalibur, L50, F, tera:Poison|100\/100\n|turn|6\n|\n|t:|1683990638\n|move|p1a: Amoonguss|Rage Powder|p1a: Amoonguss\n|-singleturn|p1a: Amoonguss|move: Rage Powder\n|cant|p2a: Baxcalibur|slp\n|move|p1b: Baxcalibur|Glaive Rush|p2a: Baxcalibur\n|-supereffective|p2a: Baxcalibur\n|-damage|p2a: Baxcalibur|0 fnt\n|-singlemove|p1b: Baxcalibur|Glaive Rush|[silent]\n|faint|p2a: Baxcalibur\n|-curestatus|p2b: Ting-Lu|slp|[msg]\n|move|p2b: Ting-Lu|Ruination|p1a: Amoonguss\n|-damage|p1a: Amoonguss|50\/100\n|-enditem|p1a: Amoonguss|Sitrus Berry|[eat]\n|-heal|p1a: Amoonguss|75\/100|[from] item: Sitrus Berry\n|\n|upkeep\n|\n|t:|1683990650\n|switch|p2a: Palafin|Palafin-Hero, L50, M, tera:Water|100\/100\n|turn|7\n|\n|t:|1683990671\n|move|p1b: Baxcalibur|Protect|p1b: Baxcalibur\n|-singleturn|p1b: Baxcalibur|Protect\n|move|p2a: Palafin|Substitute|p2a: Palafin\n|-start|p2a: Palafin|Substitute\n|-damage|p2a: Palafin|76\/100\n|move|p1a: Amoonguss|Spore||[still]\n|-fail|p1a: Amoonguss\n|move|p2b: Ting-Lu|Stomping Tantrum|p1b: Baxcalibur\n|-activate|p1b: Baxcalibur|move: Protect\n|\n|upkeep\n|turn|8\n|\n|t:|1683990686\n|move|p2a: Palafin|Protect|p2a: Palafin\n|-singleturn|p2a: Palafin|Protect\n|move|p1a: Amoonguss|Rage Powder|p1a: Amoonguss\n|-singleturn|p1a: Amoonguss|move: Rage Powder\n|move|p1b: Baxcalibur|Icicle Crash|p2b: Ting-Lu\n|-supereffective|p2b: Ting-Lu\n|-damage|p2b: Ting-Lu|0 fnt\n|faint|p2b: Ting-Lu\n|\n|upkeep\n|turn|9\n|\n|t:|1683990707\n|move|p1b: Baxcalibur|Glaive Rush|p2a: Palafin\n|-end|p2a: Palafin|Substitute\n|-singlemove|p1b: Baxcalibur|Glaive Rush|[silent]\n|move|p2a: Palafin|Wave Crash|p1b: Baxcalibur\n|-damage|p1b: Baxcalibur|0 fnt\n|faint|p1b: Baxcalibur\n|-damage|p2a: Palafin|44\/100|[from] Recoil\n|move|p1a: Amoonguss|Spore|p2a: Palafin\n|-status|p2a: Palafin|slp|[from] move: Spore\n|\n|upkeep\n|turn|10\n|\n|t:|1683990719\n|cant|p2a: Palafin|slp\n|move|p1a: Amoonguss|Pollen Puff|p2a: Palafin\n|-damage|p2a: Palafin|28\/100 slp\n|\n|upkeep\n|turn|11\n|c|\u2606Elphaba Thropp|funny time\n|\n|t:|1683990728\n|-curestatus|p2a: Palafin|slp|[msg]\n|move|p2a: Palafin|Jet Punch|p1a: Amoonguss\n|-resisted|p1a: Amoonguss\n|-damage|p1a: Amoonguss|48\/100\n|move|p1a: Amoonguss|Pollen Puff|p2a: Palafin\n|-damage|p2a: Palafin|10\/100\n|\n|upkeep\n|turn|12\n|\n|t:|1683990738\n|move|p2a: Palafin|Wave Crash|p1a: Amoonguss\n|-resisted|p1a: Amoonguss\n|-damage|p1a: Amoonguss|0 fnt\n|faint|p1a: Amoonguss\n|-damage|p2a: Palafin|0 fnt|[from] Recoil\n|faint|p2a: Palafin\n|\n|win|Elphaba Thropp\n|c|\u2606Elphaba Thropp|gg\n|c|\u2606AGSilver935|gg\n","uploadtime":1683990746,"views":5,"p1id":"agsilver935","p2id":"elphabathropp","formatid":"gen9vgc2023regulationc","rating":0,"private":0,"password":""}