{"id":"gen9vgc2023regulationc-1855053020","p1":"Capitan smoker","p2":"Steakman5","format":"[Gen 9] VGC 2023 Regulation C","log":"|j|\u2606Capitan smoker\n|j|\u2606Steakman5\n|t:|1682895590\n|gametype|doubles\n|player|p1|Capitan smoker|102|1191\n|player|p2|Steakman5|swimmer-gen4|1199\n|teamsize|p1|6\n|teamsize|p2|6\n|gen|9\n|tier|[Gen 9] VGC 2023 Regulation C\n|rated|\n|rule|Species Clause: Limit one of each Pok\u00e9mon\n|rule|Item Clause: Limit one of each item\n|clearpoke\n|poke|p1|Braviary, L50, M|\n|poke|p1|Dragonite, L50, F|\n|poke|p1|Flutter Mane, L50|\n|poke|p1|Torkoal, L50, M|\n|poke|p1|Lilligant, L50, F|\n|poke|p1|Great Tusk, L50|\n|poke|p2|Flutter Mane, L50|\n|poke|p2|Altaria, L50, M|\n|poke|p2|Amoonguss, L50, F|\n|poke|p2|Dragonite, L50, F|\n|poke|p2|Chien-Pao, L50|\n|poke|p2|Ceruledge, L50, F|\n|teampreview|4\n|\n|t:|1682895605\n|start\n|switch|p1a: Braviary|Braviary, L50, M|100\/100\n|switch|p1b: Dragonite|Dragonite, L50, F, shiny|100\/100\n|switch|p2a: Altaria|Altaria, L50, M|100\/100\n|switch|p2b: Ceruledge|Ceruledge, L50, F|100\/100\n|-ability|p2a: Altaria|Cloud Nine\n|turn|1\n|\n|t:|1682895634\n|move|p2a: Altaria|Protect|p2a: Altaria\n|-singleturn|p2a: Altaria|Protect\n|move|p1b: Dragonite|Earthquake|p2b: Ceruledge|[spread] p2b\n|-activate|p2a: Altaria|move: Protect\n|-immune|p1a: Braviary\n|-supereffective|p2b: Ceruledge\n|-damage|p2b: Ceruledge|17\/100\n|move|p1a: Braviary|Tailwind|p1a: Braviary\n|-sidestart|p1: Capitan smoker|move: Tailwind\n|move|p2b: Ceruledge|Bulk Up|p2b: Ceruledge\n|-boost|p2b: Ceruledge|atk|1\n|-boost|p2b: Ceruledge|def|1\n|\n|-heal|p2b: Ceruledge|23\/100|[from] item: Leftovers\n|upkeep\n|turn|2\n|\n|t:|1682895648\n|switch|p2b: Dragonite|Dragonite, L50, F|100\/100\n|move|p1a: Braviary|Brave Bird|p2a: Altaria\n|-damage|p2a: Altaria|46\/100\n|-enditem|p2a: Altaria|Sitrus Berry|[eat]\n|-heal|p2a: Altaria|70\/100|[from] item: Sitrus Berry\n|-damage|p1a: Braviary|82\/100|[from] Recoil\n|move|p1b: Dragonite|Earthquake|p2a: Altaria|[spread] \n|-immune|p1a: Braviary\n|-immune|p2a: Altaria\n|-immune|p2b: Dragonite\n|move|p2a: Altaria|Tailwind|p2a: Altaria\n|-sidestart|p2: Steakman5|move: Tailwind\n|\n|-heal|p1a: Braviary|88\/100|[from] item: Leftovers\n|upkeep\n|turn|3\n|\n|t:|1682895672\n|switch|p1b: Lilligant|Lilligant, L50, F|100\/100\n|move|p1a: Braviary|Brave Bird|p2a: Altaria\n|-damage|p2a: Altaria|8\/100\n|-damage|p1a: Braviary|66\/100|[from] Recoil\n|move|p2b: Dragonite|Ice Spinner|p1a: Braviary\n|-supereffective|p1a: Braviary\n|-damage|p1a: Braviary|0 fnt\n|faint|p1a: Braviary\n|move|p2a: Altaria|Moonblast|p1b: Lilligant\n|-damage|p1b: Lilligant|75\/100\n|\n|upkeep\n|\n|t:|1682895678\n|switch|p1a: Dragonite|Dragonite, L50, F, shiny|100\/100\n|turn|4\n|\n|t:|1682895698\n|switch|p2a: Chien-Pao|Chien-Pao, L50|100\/100\n|-ability|p2a: Chien-Pao|Sword of Ruin\n|-terastallize|p1a: Dragonite|Normal\n|-terastallize|p2b: Dragonite|Normal\n|move|p1a: Dragonite|Extreme Speed|p2a: Chien-Pao\n|-damage|p2a: Chien-Pao|4\/100\n|move|p2b: Dragonite|Extreme Speed|p1b: Lilligant\n|-damage|p1b: Lilligant|0 fnt\n|faint|p1b: Lilligant\n|\n|-sideend|p1: Capitan smoker|move: Tailwind\n|upkeep\n|\n|t:|1682895710\n|switch|p1b: Torkoal|Torkoal, L50, M|100\/100\n|-weather|SunnyDay|[from] ability: Drought|[of] p1b: Torkoal\n|turn|5\n|\n|t:|1682895724\n|move|p2a: Chien-Pao|Protect|p2a: Chien-Pao\n|-singleturn|p2a: Chien-Pao|Protect\n|move|p2b: Dragonite|Extreme Speed|p1b: Torkoal\n|-damage|p1b: Torkoal|51\/100\n|move|p1a: Dragonite|Extreme Speed|p2a: Chien-Pao\n|-activate|p2a: Chien-Pao|move: Protect\n|move|p1b: Torkoal|Heat Wave|p2b: Dragonite|[spread] p2b\n|-activate|p2a: Chien-Pao|move: Protect\n|-damage|p2b: Dragonite|75\/100\n|\n|-weather|SunnyDay|[upkeep]\n|-sideend|p2: Steakman5|move: Tailwind\n|upkeep\n|turn|6\n|\n|t:|1682895752\n|switch|p2a: Ceruledge|Ceruledge, L50, F|23\/100\n|move|p1a: Dragonite|Extreme Speed|p2b: Dragonite\n|-damage|p2b: Dragonite|16\/100\n|move|p2b: Dragonite|Extreme Speed|p1a: Dragonite\n|-damage|p1a: Dragonite|79\/100\n|move|p1b: Torkoal|Heat Wave|p2a: Ceruledge|[spread] p2b\n|-start|p2a: Ceruledge|ability: Flash Fire\n|-damage|p2b: Dragonite|0 fnt\n|faint|p2b: Dragonite\n|\n|-weather|SunnyDay|[upkeep]\n|-heal|p2a: Ceruledge|29\/100|[from] item: Leftovers\n|upkeep\n|\n|t:|1682895768\n|switch|p2b: Chien-Pao|Chien-Pao, L50|4\/100\n|-ability|p2b: Chien-Pao|Sword of Ruin\n|turn|7\n|\n|t:|1682895775\n|move|p2b: Chien-Pao|Protect|p2b: Chien-Pao\n|-singleturn|p2b: Chien-Pao|Protect\n|move|p1a: Dragonite|Extreme Speed|p2b: Chien-Pao\n|-activate|p2b: Chien-Pao|move: Protect\n|move|p2a: Ceruledge|Bitter Blade|p1a: Dragonite\n|-damage|p1a: Dragonite|0 fnt\n|-heal|p2a: Ceruledge|66\/100|[from] drain|[of] p1a: Dragonite\n|faint|p1a: Dragonite\n|move|p1b: Torkoal|Solar Beam||[still]\n|-prepare|p1b: Torkoal|Solar Beam\n|-anim|p1b: Torkoal|Solar Beam|p2a: Ceruledge\n|-resisted|p2a: Ceruledge\n|-damage|p2a: Ceruledge|49\/100\n|\n|-weather|SunnyDay|[upkeep]\n|-heal|p2a: Ceruledge|55\/100|[from] item: Leftovers\n|upkeep\n|turn|8\n|-message|Capitan smoker forfeited.\n|\n|win|Steakman5\n|raw|Capitan smoker's rating: 1191 → 1167<\/strong> (-24 for losing)\n|raw|Steakman5's rating: 1199 → 1223<\/strong> (+24 for winning)\n|l|\u2606Capitan smoker\n","uploadtime":1682895794,"views":13,"p1id":"capitansmoker","p2id":"steakman5","formatid":"gen9vgc2023regulationc","rating":1167,"private":0,"password":""}