{"id":"gen9vgc2023regulationc-1854353862","p1":"SMAG_99","p2":"Kirozvz","format":"[Gen 9] VGC 2023 Regulation C","log":"|j|\u2606SMAG_99\n|j|\u2606Kirozvz\n|t:|1682800528\n|gametype|doubles\n|player|p1|SMAG_99|gambler|1303\n|player|p2|Kirozvz|lance|1337\n|teamsize|p1|6\n|teamsize|p2|6\n|gen|9\n|tier|[Gen 9] VGC 2023 Regulation C\n|rated|\n|rule|Species Clause: Limit one of each Pok\u00e9mon\n|rule|Item Clause: Limit one of each item\n|clearpoke\n|poke|p1|Tatsugiri, L50, F|\n|poke|p1|Glimmora, L50, M|\n|poke|p1|Dragonite, L50, M|\n|poke|p1|Iron Bundle, L50|\n|poke|p1|Dondozo, L50, M|\n|poke|p1|Chi-Yu, L50|\n|poke|p2|Dondozo, L50, M|\n|poke|p2|Tatsugiri-Stretchy, L50, M|\n|poke|p2|Chi-Yu, L50|\n|poke|p2|Flutter Mane, L50|\n|poke|p2|Dragonite, L50, M|\n|poke|p2|Glimmora, L50, F|\n|teampreview|4\n|\n|t:|1682800573\n|start\n|switch|p1a: ALORDA|Glimmora, L50, M|100\/100\n|switch|p1b: MAGICO|Dondozo, L50, M|100\/100\n|switch|p2a: Glimmora|Glimmora, L50, F|100\/100\n|switch|p2b: Dondozo|Dondozo, L50, M|100\/100\n|turn|1\n|inactive|Battle timer is ON: inactive players will automatically lose when time's up. (requested by Kirozvz)\n|\n|t:|1682800651\n|-terastallize|p1b: MAGICO|Grass\n|move|p2b: Dondozo|Protect|p2b: Dondozo\n|-singleturn|p2b: Dondozo|Protect\n|move|p1a: ALORDA|Earth Power|p2a: Glimmora\n|-supereffective|p2a: Glimmora\n|-enditem|p2a: Glimmora|Focus Sash\n|-damage|p2a: Glimmora|1\/100\n|move|p2a: Glimmora|Toxic|p1b: MAGICO\n|-status|p1b: MAGICO|tox\n|move|p1b: MAGICO|Tera Blast|p2b: Dondozo\n|-activate|p2b: Dondozo|move: Protect\n|\n|-damage|p1b: MAGICO|94\/100 tox|[from] psn\n|upkeep\n|turn|2\n|\n|t:|1682800675\n|move|p2a: Glimmora|Spiky Shield|p2a: Glimmora\n|-singleturn|p2a: Glimmora|move: Protect\n|move|p1a: ALORDA|Mortal Spin|p2b: Dondozo|[spread] p2b\n|-activate|p2a: Glimmora|move: Protect\n|-damage|p1a: ALORDA|88\/100|[from] Spiky Shield|[of] p2a: Glimmora\n|-damage|p2b: Dondozo|97\/100\n|-status|p2b: Dondozo|psn\n|move|p2b: Dondozo|Yawn|p1a: ALORDA\n|-start|p1a: ALORDA|move: Yawn|[of] p2b: Dondozo\n|move|p1b: MAGICO|Tera Blast|p2b: Dondozo\n|-supereffective|p2b: Dondozo\n|-damage|p2b: Dondozo|61\/100 psn\n|\n|-heal|p1b: MAGICO|100\/100 tox|[from] item: Leftovers\n|-damage|p2b: Dondozo|49\/100 psn|[from] psn\n|-damage|p1b: MAGICO|88\/100 tox|[from] psn\n|upkeep\n|-enditem|p2b: Dondozo|Sitrus Berry|[eat]\n|-heal|p2b: Dondozo|74\/100 psn|[from] item: Sitrus Berry\n|turn|3\n|inactive|SMAG_99 has 30 seconds left.\n|inactive|SMAG_99 has 20 seconds left.\n|inactive|Kirozvz has 30 seconds left.\n|\n|t:|1682800721\n|move|p2b: Dondozo|Protect|p2b: Dondozo\n|-singleturn|p2b: Dondozo|Protect\n|move|p2a: Glimmora|Earth Power|p1a: ALORDA\n|-supereffective|p1a: ALORDA\n|-damage|p1a: ALORDA|0 fnt\n|faint|p1a: ALORDA\n|move|p1b: MAGICO|Tera Blast|p2b: Dondozo\n|-activate|p2b: Dondozo|move: Protect\n|\n|-heal|p1b: MAGICO|94\/100 tox|[from] item: Leftovers\n|-damage|p2b: Dondozo|61\/100 psn|[from] psn\n|-damage|p1b: MAGICO|76\/100 tox|[from] psn\n|upkeep\n|\n|t:|1682800738\n|switch|p1a: ANKARA|Chi-Yu, L50|100\/100\n|-ability|p1a: ANKARA|Beads of Ruin\n|turn|4\n|\n|t:|1682800756\n|move|p2a: Glimmora|Spiky Shield|p2a: Glimmora\n|-singleturn|p2a: Glimmora|move: Protect\n|move|p1a: ANKARA|Heat Wave|p2b: Dondozo|[spread] p2b\n|-activate|p2a: Glimmora|move: Protect\n|-resisted|p2b: Dondozo\n|-damage|p2b: Dondozo|43\/100 psn\n|move|p2b: Dondozo|Bulldoze|p1b: MAGICO|[spread] p1a,p1b\n|-activate|p2a: Glimmora|move: Protect\n|-supereffective|p1a: ANKARA\n|-resisted|p1b: MAGICO\n|-damage|p1a: ANKARA|65\/100\n|-damage|p1b: MAGICO|73\/100 tox\n|-unboost|p1a: ANKARA|spe|1\n|-unboost|p1b: MAGICO|spe|1\n|move|p1b: MAGICO|Tera Blast|p2b: Dondozo\n|-supereffective|p2b: Dondozo\n|-damage|p2b: Dondozo|11\/100 psn\n|\n|-heal|p1b: MAGICO|79\/100 tox|[from] item: Leftovers\n|-damage|p2b: Dondozo|0 fnt|[from] psn\n|faint|p2b: Dondozo\n|-damage|p1b: MAGICO|55\/100 tox|[from] psn\n|upkeep\n|inactive|Kirozvz has 30 seconds left.\n|inactive|Kirozvz has 20 seconds left.\n|\n|t:|1682800791\n|switch|p2b: Tatsugiri|Tatsugiri-Stretchy, L50, M|100\/100\n|turn|5\n|inactive|SMAG_99 has 30 seconds left.\n|inactive|SMAG_99 has 20 seconds left.\n|\n|t:|1682800827\n|move|p2a: Glimmora|Power Gem|p1a: ANKARA\n|-supereffective|p1a: ANKARA\n|-damage|p1a: ANKARA|0 fnt\n|faint|p1a: ANKARA\n|move|p2b: Tatsugiri|Muddy Water|p1b: MAGICO|[miss]\n|-miss|p2b: Tatsugiri|p1b: MAGICO\n|move|p1b: MAGICO|Tera Blast|p2b: Tatsugiri\n|-damage|p2b: Tatsugiri|57\/100\n|\n|-heal|p1b: MAGICO|61\/100 tox|[from] item: Leftovers\n|-damage|p1b: MAGICO|30\/100 tox|[from] psn\n|upkeep\n|\n|t:|1682800838\n|switch|p1a: ALGO|Tatsugiri, L50, F|100\/100\n|-activate|p1a: ALGO|ability: Commander|[of] p1b: MAGICO\n|-boost|p1b: MAGICO|atk|2\n|-boost|p1b: MAGICO|spa|2\n|-boost|p1b: MAGICO|spe|2\n|-boost|p1b: MAGICO|def|2\n|-boost|p1b: MAGICO|spd|2\n|turn|6\n|\n|t:|1682800857\n|move|p2a: Glimmora|Spiky Shield|p2a: Glimmora\n|-singleturn|p2a: Glimmora|move: Protect\n|move|p2b: Tatsugiri|Muddy Water|p1b: MAGICO|[spread] p1b\n|-miss|p2b: Tatsugiri|p1a: ALGO\n|-resisted|p1b: MAGICO\n|-damage|p1b: MAGICO|16\/100 tox\n|move|p1b: MAGICO|Earthquake|p2a: Glimmora|[spread] p2b\n|-miss|p1b: MAGICO|p1a: ALGO\n|-activate|p2a: Glimmora|move: Protect\n|-damage|p2b: Tatsugiri|1\/100\n|\n|-heal|p1b: MAGICO|22\/100 tox|[from] item: Leftovers\n|-damage|p1b: MAGICO|0 fnt|[from] psn\n|faint|p1b: MAGICO\n|upkeep\n|turn|7\n|-message|SMAG_99 forfeited.\n|\n|win|Kirozvz\n|raw|SMAG_99's rating: 1303 → 1284<\/strong> (-19 for losing)\n|raw|Kirozvz's rating: 1321 → 1340<\/strong> (+19 for winning)\n|l|\u2606SMAG_99\n","uploadtime":1682800874,"views":16,"p1id":"smag99","p2id":"kirozvz","formatid":"gen9vgc2023regulationc","rating":1284,"private":0,"password":""}