{"id":"gen9vgc2023regulationc-1859666910","p1":"Enemypie","p2":"Girlietina","format":"[Gen 9] VGC 2023 Regulation C","log":"|j|\u2606Enemypie\n|j|\u2606Girlietina\n|t:|1683554295\n|gametype|doubles\n|player|p1|Enemypie|hilbert-wonderlauncher|1157\n|player|p2|Girlietina|flannery|1083\n|teamsize|p1|6\n|teamsize|p2|6\n|gen|9\n|tier|[Gen 9] VGC 2023 Regulation C\n|rated|\n|rule|Species Clause: Limit one of each Pok\u00e9mon\n|rule|Item Clause: Limit one of each item\n|clearpoke\n|poke|p1|Chien-Pao, L50|\n|poke|p1|Dragapult, L50, M|\n|poke|p1|Ting-Lu, L50|\n|poke|p1|Amoonguss, L50, M|\n|poke|p1|Indeedee-F, L50, F|\n|poke|p1|Armarouge, L50, M|\n|poke|p2|Amoonguss, L50, F|\n|poke|p2|Arcanine, L50, M|\n|poke|p2|Azumarill, L50, F|\n|poke|p2|Scream Tail, L50|\n|poke|p2|Flutter Mane, L50|\n|poke|p2|Volcarona, L50, F|\n|teampreview|4\n|inactive|Battle timer is ON: inactive players will automatically lose when time's up. (requested by Girlietina)\n|inactive|Girlietina has 60 seconds left.\n|\n|t:|1683554340\n|start\n|switch|p1a: Chien-Pao|Chien-Pao, L50|100\/100\n|switch|p1b: Dragapult|Dragapult, L50, M|100\/100\n|switch|p2a: Amoonguss|Amoonguss, L50, F|100\/100\n|switch|p2b: Azumarill|Azumarill, L50, F|100\/100\n|-ability|p1a: Chien-Pao|Sword of Ruin\n|turn|1\n|\n|t:|1683554358\n|-terastallize|p1b: Dragapult|Steel\n|move|p2a: Amoonguss|Protect|p2a: Amoonguss\n|-singleturn|p2a: Amoonguss|Protect\n|move|p1a: Chien-Pao|Ice Spinner|p2a: Amoonguss\n|-activate|p2a: Amoonguss|move: Protect\n|move|p1b: Dragapult|Dragon Dance|p1b: Dragapult\n|-boost|p1b: Dragapult|atk|1\n|-boost|p1b: Dragapult|spe|1\n|move|p2b: Azumarill|Play Rough|p1b: Dragapult\n|-resisted|p1b: Dragapult\n|-damage|p1b: Dragapult|39\/100\n|\n|upkeep\n|turn|2\n|inactive|Girlietina has 30 seconds left.\n|\n|t:|1683554383\n|switch|p2a: Scream Tail|Scream Tail, L50|100\/100\n|move|p2b: Azumarill|Aqua Jet|p1b: Dragapult\n|-damage|p1b: Dragapult|0 fnt\n|faint|p1b: Dragapult\n|move|p1a: Chien-Pao|Ice Spinner|p2a: Scream Tail\n|-damage|p2a: Scream Tail|60\/100\n|\n|upkeep\n|\n|t:|1683554392\n|switch|p1b: Ting-Lu|Ting-Lu, L50|100\/100\n|-ability|p1b: Ting-Lu|Vessel of Ruin\n|turn|3\n|\n|t:|1683554411\n|move|p1a: Chien-Pao|Sucker Punch||[still]\n|-fail|p1a: Chien-Pao\n|move|p2a: Scream Tail|Reflect|p2a: Scream Tail\n|-sidestart|p2: Girlietina|Reflect\n|move|p2b: Azumarill|Play Rough|p1a: Chien-Pao\n|-supereffective|p1a: Chien-Pao\n|-crit|p1a: Chien-Pao\n|-enditem|p1a: Chien-Pao|Focus Sash\n|-damage|p1a: Chien-Pao|1\/100\n|-unboost|p1a: Chien-Pao|atk|1\n|move|p1b: Ting-Lu|Fissure|p2b: Azumarill\n|-damage|p2b: Azumarill|0 fnt\n|faint|p2b: Azumarill\n|-ohko\n|\n|upkeep\n|\n|t:|1683554425\n|switch|p2b: Amoonguss|Amoonguss, L50, F|100\/100\n|turn|4\n|\n|t:|1683554439\n|move|p2a: Scream Tail|Protect|p2a: Scream Tail\n|-singleturn|p2a: Scream Tail|Protect\n|move|p1a: Chien-Pao|Ice Shard|p2a: Scream Tail\n|-activate|p2a: Scream Tail|move: Protect\n|move|p1b: Ting-Lu|Heavy Slam|p2a: Scream Tail\n|-activate|p2a: Scream Tail|move: Protect\n|move|p2b: Amoonguss|Spore|p1b: Ting-Lu\n|-status|p1b: Ting-Lu|slp|[from] move: Spore\n|\n|upkeep\n|turn|5\n|\n|t:|1683554458\n|move|p2b: Amoonguss|Protect|p2b: Amoonguss\n|-singleturn|p2b: Amoonguss|Protect\n|move|p1a: Chien-Pao|Ice Shard|p2b: Amoonguss\n|-activate|p2b: Amoonguss|move: Protect\n|move|p2a: Scream Tail|Play Rough|p1b: Ting-Lu\n|-supereffective|p1b: Ting-Lu\n|-damage|p1b: Ting-Lu|68\/100 slp\n|cant|p1b: Ting-Lu|slp\n|\n|upkeep\n|turn|6\n|\n|t:|1683554481\n|move|p2b: Amoonguss|Rage Powder|p2b: Amoonguss\n|-singleturn|p2b: Amoonguss|move: Rage Powder\n|move|p1a: Chien-Pao|Ice Spinner|p2b: Amoonguss\n|-supereffective|p2b: Amoonguss\n|-damage|p2b: Amoonguss|51\/100\n|move|p2a: Scream Tail|Play Rough|p1a: Chien-Pao\n|-supereffective|p1a: Chien-Pao\n|-damage|p1a: Chien-Pao|0 fnt\n|faint|p1a: Chien-Pao\n|-curestatus|p1b: Ting-Lu|slp|[msg]\n|move|p1b: Ting-Lu|Heavy Slam|p2b: Amoonguss\n|-damage|p2b: Amoonguss|22\/100\n|\n|-heal|p2b: Amoonguss|28\/100|[from] item: Leftovers\n|upkeep\n|\n|t:|1683554489\n|switch|p1a: Amoonguss|Amoonguss, L50, M|100\/100\n|turn|7\n|\n|t:|1683554504\n|move|p2a: Scream Tail|Protect|p2a: Scream Tail\n|-singleturn|p2a: Scream Tail|Protect\n|move|p1b: Ting-Lu|Fissure|p2a: Scream Tail\n|-activate|p2a: Scream Tail|move: Protect\n|move|p2b: Amoonguss|Spore|p1b: Ting-Lu\n|-status|p1b: Ting-Lu|slp|[from] move: Spore\n|move|p1a: Amoonguss|Pollen Puff|p1b: Ting-Lu\n|-heal|p1b: Ting-Lu|100\/100 slp\n|\n|-heal|p2b: Amoonguss|34\/100|[from] item: Leftovers\n|upkeep\n|turn|8\n|\n|t:|1683554521\n|-end|p2a: Scream Tail|Protosynthesis|[silent]\n|switch|p2a: Volcarona|Volcarona, L50, F|100\/100\n|cant|p1b: Ting-Lu|slp\n|move|p2b: Amoonguss|Sludge Bomb|p1a: Amoonguss\n|-damage|p1a: Amoonguss|81\/100\n|move|p1a: Amoonguss|Pollen Puff|p2b: Amoonguss\n|-damage|p2b: Amoonguss|20\/100\n|\n|-heal|p2b: Amoonguss|26\/100|[from] item: Leftovers\n|-heal|p1a: Amoonguss|87\/100|[from] item: Black Sludge\n|upkeep\n|turn|9\n|\n|t:|1683554539\n|move|p2b: Amoonguss|Rage Powder|p2b: Amoonguss\n|-singleturn|p2b: Amoonguss|move: Rage Powder\n|move|p2a: Volcarona|Quiver Dance|p2a: Volcarona\n|-boost|p2a: Volcarona|spa|1\n|-boost|p2a: Volcarona|spd|1\n|-boost|p2a: Volcarona|spe|1\n|-curestatus|p1b: Ting-Lu|slp|[msg]\n|move|p1b: Ting-Lu|Fissure|p2b: Amoonguss|[miss]\n|-miss|p1b: Ting-Lu|p2b: Amoonguss\n|move|p1a: Amoonguss|Clear Smog|p2a: Volcarona\n|-damage|p2a: Volcarona|87\/100\n|-clearboost|p2a: Volcarona\n|\n|-heal|p2b: Amoonguss|32\/100|[from] item: Leftovers\n|-heal|p1a: Amoonguss|93\/100|[from] item: Black Sludge\n|upkeep\n|turn|10\n|\n|t:|1683554562\n|move|p2a: Volcarona|Fiery Dance|p1a: Amoonguss\n|-supereffective|p1a: Amoonguss\n|-crit|p1a: Amoonguss\n|-damage|p1a: Amoonguss|0 fnt\n|-boost|p2a: Volcarona|spa|1\n|faint|p1a: Amoonguss\n|move|p1b: Ting-Lu|Stomping Tantrum|p2b: Amoonguss\n|-damage|p2b: Amoonguss|0 fnt\n|faint|p2b: Amoonguss\n|\n|-sideend|p2: Girlietina|Reflect\n|upkeep\n|\n|t:|1683554566\n|switch|p2b: Scream Tail|Scream Tail, L50|60\/100\n|turn|11\n|\n|t:|1683554572\n|move|p2b: Scream Tail|Reflect|p2b: Scream Tail\n|-sidestart|p2: Girlietina|Reflect\n|move|p2a: Volcarona|Quiver Dance|p2a: Volcarona\n|-boost|p2a: Volcarona|spa|1\n|-boost|p2a: Volcarona|spd|1\n|-boost|p2a: Volcarona|spe|1\n|move|p1b: Ting-Lu|Fissure|p2a: Volcarona\n|-damage|p2a: Volcarona|0 fnt\n|faint|p2a: Volcarona\n|-ohko\n|\n|upkeep\n|turn|12\n|\n|t:|1683554581\n|move|p2b: Scream Tail|Play Rough|p1b: Ting-Lu|[miss]\n|-miss|p2b: Scream Tail|p1b: Ting-Lu\n|move|p1b: Ting-Lu|Heavy Slam|p2b: Scream Tail\n|-supereffective|p2b: Scream Tail\n|-damage|p2b: Scream Tail|19\/100\n|\n|upkeep\n|turn|13\n|c|\u2606Girlietina|hahaha\n|\n|t:|1683554589\n|move|p2b: Scream Tail|Play Rough|p1b: Ting-Lu\n|-supereffective|p1b: Ting-Lu\n|-damage|p1b: Ting-Lu|75\/100\n|move|p1b: Ting-Lu|Heavy Slam|p2b: Scream Tail\n|-supereffective|p2b: Scream Tail\n|-damage|p2b: Scream Tail|0 fnt\n|faint|p2b: Scream Tail\n|-end|p2b: Scream Tail|Protosynthesis|[silent]\n|\n|win|Enemypie\n|raw|Enemypie's rating: 1157 → 1177<\/strong> (+20 for winning)\n|raw|Girlietina's rating: 1083 → 1065<\/strong> (-18 for losing)\n|c|\u2606Girlietina|i miss play rough but u get ur fissures\n|c|\u2606Enemypie|That fissure carried\n|c|\u2606Girlietina|cest la vie, gg\n|c|\u2606Enemypie|I woulda lost without it\n|c|\u2606Enemypie|Gg\n","uploadtime":1683554626,"views":7,"p1id":"enemypie","p2id":"girlietina","formatid":"gen9vgc2023regulationc","rating":1065,"private":0,"password":""}