{"id":"gen9vgc2023regulationc-1851414098","p1":"mythical weavile","p2":"ballin on mfs","format":"[Gen 9] VGC 2023 Regulation C","log":"|j|\u2606mythical weavile\n|j|\u2606ballin on mfs\n|t:|1682443192\n|gametype|doubles\n|player|p1|mythical weavile|169|1389\n|player|p2|ballin on mfs|psychic-gen4|1399\n|teamsize|p1|6\n|teamsize|p2|6\n|gen|9\n|tier|[Gen 9] VGC 2023 Regulation C\n|rated|\n|rule|Species Clause: Limit one of each Pok\u00e9mon\n|rule|Item Clause: Limit one of each item\n|clearpoke\n|poke|p1|Dondozo, L50, M|\n|poke|p1|Tatsugiri, L50, M|\n|poke|p1|Flutter Mane, L50|\n|poke|p1|Glimmora, L50, F|\n|poke|p1|Chi-Yu, L50|\n|poke|p1|Iron Bundle, L50|\n|poke|p2|Gyarados, L50, M|\n|poke|p2|Tatsugiri, L50, M|\n|poke|p2|Flutter Mane, L50|\n|poke|p2|Great Tusk, L50|\n|poke|p2|Iron Hands, L50|\n|poke|p2|Murkrow, L50, M|\n|teampreview|4\n|inactive|Battle timer is ON: inactive players will automatically lose when time's up. (requested by mythical weavile)\n|\n|t:|1682443234\n|start\n|switch|p1a: Flutter Mane|Flutter Mane, L50|100\/100\n|switch|p1b: Iron Bundle|Iron Bundle, L50|100\/100\n|switch|p2a: Gyarados|Gyarados, L50, M|100\/100\n|switch|p2b: Flutter Mane|Flutter Mane, L50|100\/100\n|-ability|p2a: Gyarados|Intimidate|boost\n|-unboost|p1a: Flutter Mane|atk|1\n|-unboost|p1b: Iron Bundle|atk|1\n|-enditem|p1b: Iron Bundle|Booster Energy\n|-activate|p1b: Iron Bundle|ability: Quark Drive|[fromitem]\n|-start|p1b: Iron Bundle|quarkdrivespe\n|turn|1\n|\n|t:|1682443258\n|-terastallize|p2a: Gyarados|Steel\n|move|p1b: Iron Bundle|Icy Wind|p2a: Gyarados|[spread] p2a,p2b\n|-resisted|p2a: Gyarados\n|-damage|p2a: Gyarados|92\/100\n|-damage|p2b: Flutter Mane|80\/100\n|-unboost|p2a: Gyarados|spe|1\n|-unboost|p2b: Flutter Mane|spe|1\n|move|p1a: Flutter Mane|Shadow Ball|p2b: Flutter Mane\n|-supereffective|p2b: Flutter Mane\n|-damage|p2b: Flutter Mane|0 fnt\n|faint|p2b: Flutter Mane\n|-end|p2b: Flutter Mane|Protosynthesis|[silent]\n|move|p2a: Gyarados|Iron Head|p1a: Flutter Mane\n|-supereffective|p1a: Flutter Mane\n|-damage|p1a: Flutter Mane|0 fnt\n|faint|p1a: Flutter Mane\n|-end|p1a: Flutter Mane|Protosynthesis|[silent]\n|\n|upkeep\n|\n|t:|1682443272\n|switch|p1a: Dondozo|Dondozo, L50, M|100\/100\n|switch|p2b: Iron Hands|Iron Hands, L50|100\/100\n|turn|2\n|inactive|mythical weavile has 30 seconds left.\n|inactive|ballin on mfs has 30 seconds left.\n|\n|t:|1682443306\n|-end|p1b: Iron Bundle|Quark Drive|[silent]\n|switch|p1b: Tatsugiri|Tatsugiri, L50, M|100\/100\n|-activate|p1b: Tatsugiri|ability: Commander|[of] p1a: Dondozo\n|-boost|p1a: Dondozo|atk|2\n|-boost|p1a: Dondozo|spa|2\n|-boost|p1a: Dondozo|spe|2\n|-boost|p1a: Dondozo|def|2\n|-boost|p1a: Dondozo|spd|2\n|-terastallize|p1a: Dondozo|Grass\n|move|p1a: Dondozo|Earthquake|p2b: Iron Hands|[spread] p2a,p2b\n|-miss|p1a: Dondozo|p1b: Tatsugiri\n|-supereffective|p2a: Gyarados\n|-supereffective|p2b: Iron Hands\n|-damage|p2a: Gyarados|5\/100\n|-damage|p2b: Iron Hands|45\/100\n|move|p2a: Gyarados|Thunder Wave|p1a: Dondozo|[miss]\n|-miss|p2a: Gyarados|p1a: Dondozo\n|move|p2b: Iron Hands|Wild Charge|p1a: Dondozo\n|-resisted|p1a: Dondozo\n|-crit|p1a: Dondozo\n|-damage|p1a: Dondozo|73\/100\n|-damage|p2b: Iron Hands|39\/100|[from] Recoil\n|\n|-heal|p1a: Dondozo|79\/100|[from] item: Leftovers\n|upkeep\n|turn|3\n|inactive|ballin on mfs has 30 seconds left.\n|inactive|ballin on mfs has 20 seconds left.\n|inactive|ballin on mfs has 15 seconds left.\n|\n|t:|1682443348\n|-end|p2b: Iron Hands|Quark Drive|[silent]\n|switch|p2b: Murkrow|Murkrow, L50, M|100\/100\n|move|p1a: Dondozo|Earthquake|p2b: Murkrow|[spread] p2a\n|-miss|p1a: Dondozo|p1b: Tatsugiri\n|-immune|p2b: Murkrow\n|-supereffective|p2a: Gyarados\n|-damage|p2a: Gyarados|0 fnt\n|faint|p2a: Gyarados\n|\n|-heal|p1a: Dondozo|85\/100|[from] item: Leftovers\n|upkeep\n|\n|t:|1682443353\n|switch|p2a: Iron Hands|Iron Hands, L50|39\/100\n|turn|4\n|\n|t:|1682443361\n|move|p2b: Murkrow|Haze|p2b: Murkrow\n|-clearallboost\n|move|p1a: Dondozo|Earthquake|p2b: Murkrow|[spread] p2a\n|-miss|p1a: Dondozo|p1b: Tatsugiri\n|-immune|p2b: Murkrow\n|-supereffective|p2a: Iron Hands\n|-damage|p2a: Iron Hands|7\/100\n|move|p2a: Iron Hands|Wild Charge|p1a: Dondozo\n|-resisted|p1a: Dondozo\n|-crit|p1a: Dondozo\n|-damage|p1a: Dondozo|59\/100\n|-damage|p2a: Iron Hands|1\/100|[from] Recoil\n|\n|-heal|p1a: Dondozo|65\/100|[from] item: Leftovers\n|upkeep\n|turn|5\n|\n|t:|1682443371\n|move|p2b: Murkrow|Foul Play|p1a: Dondozo\n|-damage|p1a: Dondozo|37\/100\n|move|p1a: Dondozo|Earthquake|p2b: Murkrow|[spread] p2a\n|-miss|p1a: Dondozo|p1b: Tatsugiri\n|-immune|p2b: Murkrow\n|-supereffective|p2a: Iron Hands\n|-damage|p2a: Iron Hands|0 fnt\n|faint|p2a: Iron Hands\n|-end|p2a: Iron Hands|Quark Drive|[silent]\n|\n|-heal|p1a: Dondozo|43\/100|[from] item: Leftovers\n|upkeep\n|turn|6\n|-message|ballin on mfs forfeited.\n|\n|win|mythical weavile\n|raw|mythical weavile's rating: 1389 → 1410<\/strong> (+21 for winning)\n|raw|ballin on mfs's rating: 1399 → 1378<\/strong> (-21 for losing)\n|l|\u2606ballin on mfs\n","uploadtime":1682443383,"views":14,"p1id":"mythicalweavile","p2id":"ballinonmfs","formatid":"gen9vgc2023regulationc","rating":1378,"private":0,"password":""}