{"id":"gen9vgc2023regulationc-1851239551","p1":"VGCmento","p2":"jesus.utrilla","format":"[Gen 9] VGC 2023 Regulation C","log":"|j|\u2606VGCmento\n|j|\u2606jesus.utrilla\n|t:|1682428458\n|gametype|doubles\n|player|p1|VGCmento|clown|1467\n|player|p2|jesus.utrilla|rosa|1462\n|teamsize|p1|6\n|teamsize|p2|6\n|gen|9\n|tier|[Gen 9] VGC 2023 Regulation C\n|rated|\n|rule|Species Clause: Limit one of each Pok\u00e9mon\n|rule|Item Clause: Limit one of each item\n|clearpoke\n|poke|p1|Palafin, L50, F|\n|poke|p1|Chi-Yu, L50|\n|poke|p1|Amoonguss, L50, F|\n|poke|p1|Gholdengo, L50|\n|poke|p1|Arcanine, L50, M|\n|poke|p1|Flutter Mane, L50|\n|poke|p2|Wo-Chien, L50|\n|poke|p2|Glimmora, L50, F|\n|poke|p2|Ting-Lu, L50|\n|poke|p2|Corviknight, L50, M|\n|poke|p2|Dondozo, L50, M|\n|poke|p2|Tatsugiri, L50, M|\n|teampreview|4\nVGCmento has agreed to open team sheets.\n|inactive|Battle timer is ON: inactive players will automatically lose when time's up. (requested by VGCmento)\n|\n|t:|1682428494\n|start\n|switch|p1a: Amoonguss|Amoonguss, L50, F|100\/100\n|switch|p1b: Gholdengo|Gholdengo, L50|100\/100\n|switch|p2a: Glimmora|Glimmora, L50, F, shiny|100\/100\n|switch|p2b: Ting-Lu|Ting-Lu, L50|100\/100\n|-ability|p2b: Ting-Lu|Vessel of Ruin\n|turn|1\n|\n|t:|1682428516\n|move|p2a: Glimmora|Spiky Shield|p2a: Glimmora\n|-singleturn|p2a: Glimmora|move: Protect\n|move|p1b: Gholdengo|Nasty Plot|p1b: Gholdengo\n|-boost|p1b: Gholdengo|spa|2\n|move|p2b: Ting-Lu|Fissure|p1b: Gholdengo\n|-damage|p1b: Gholdengo|0 fnt\n|faint|p1b: Gholdengo\n|-ohko\n|move|p1a: Amoonguss|Spore|p2b: Ting-Lu\n|-status|p2b: Ting-Lu|slp|[from] move: Spore\n|\n|upkeep\n|\n|t:|1682428531\n|switch|p1b: Arcanine|Arcanine, L50, M|100\/100\n|-ability|p1b: Arcanine|Intimidate|boost\n|-unboost|p2a: Glimmora|atk|1\n|-unboost|p2b: Ting-Lu|atk|1\n|turn|2\n|\n|t:|1682428547\n|move|p1b: Arcanine|Protect|p1b: Arcanine\n|-singleturn|p1b: Arcanine|Protect\n|move|p2a: Glimmora|Mortal Spin|p1a: Amoonguss|[spread] p1a\n|-activate|p1b: Arcanine|move: Protect\n|-crit|p1a: Amoonguss\n|-damage|p1a: Amoonguss|95\/100\n|-status|p1a: Amoonguss|psn\n|cant|p2b: Ting-Lu|slp\n|move|p1a: Amoonguss|Spore|p2a: Glimmora\n|-status|p2a: Glimmora|slp|[from] move: Spore\n|\n|-damage|p1a: Amoonguss|82\/100 psn|[from] psn\n|upkeep\n|turn|3\n|\n|t:|1682428563\n|switch|p1b: Flutter Mane|Flutter Mane, L50|100\/100\n|cant|p2a: Glimmora|slp\n|move|p1a: Amoonguss|Rage Powder|p1a: Amoonguss\n|-singleturn|p1a: Amoonguss|move: Rage Powder\n|-curestatus|p2b: Ting-Lu|slp|[msg]\n|move|p2b: Ting-Lu|Fissure|p1a: Amoonguss\n|-damage|p1a: Amoonguss|0 fnt\n|faint|p1a: Amoonguss\n|-ohko\n|\n|upkeep\n|\n|t:|1682428573\n|switch|p1a: Arcanine|Arcanine, L50, M|100\/100\n|-ability|p1a: Arcanine|Intimidate|boost\n|-unboost|p2a: Glimmora|atk|1\n|-unboost|p2b: Ting-Lu|atk|1\n|turn|4\n|\n|t:|1682428583\n|-terastallize|p1b: Flutter Mane|Fairy\n|move|p1b: Flutter Mane|Dazzling Gleam|p2b: Ting-Lu|[spread] p2a,p2b\n|-resisted|p2a: Glimmora\n|-supereffective|p2b: Ting-Lu\n|-damage|p2a: Glimmora|84\/100 slp\n|-damage|p2b: Ting-Lu|67\/100\n|move|p1a: Arcanine|Flare Blitz|p2b: Ting-Lu\n|-damage|p2b: Ting-Lu|47\/100\n|-status|p2b: Ting-Lu|brn\n|-damage|p1a: Arcanine|91\/100|[from] Recoil\n|cant|p2a: Glimmora|slp\n|move|p2b: Ting-Lu|Heavy Slam|p1b: Flutter Mane\n|-supereffective|p1b: Flutter Mane\n|-damage|p1b: Flutter Mane|69\/100\n|\n|-damage|p2b: Ting-Lu|41\/100 brn|[from] brn\n|upkeep\n|turn|5\n|\n|t:|1682428604\n|move|p1b: Flutter Mane|Dazzling Gleam|p2a: Glimmora|[spread] p2a,p2b\n|-resisted|p2a: Glimmora\n|-supereffective|p2b: Ting-Lu\n|-damage|p2a: Glimmora|66\/100 slp\n|-damage|p2b: Ting-Lu|5\/100 brn\n|move|p1a: Arcanine|Flare Blitz|p2a: Glimmora\n|-resisted|p2a: Glimmora\n|-damage|p2a: Glimmora|45\/100 slp\n|-enditem|p2a: Glimmora|Sitrus Berry|[eat]\n|-heal|p2a: Glimmora|69\/100 slp|[from] item: Sitrus Berry\n|-damage|p1a: Arcanine|84\/100|[from] Recoil\n|cant|p2a: Glimmora|slp\n|move|p2b: Ting-Lu|Stomping Tantrum|p1a: Arcanine\n|-supereffective|p1a: Arcanine\n|-damage|p1a: Arcanine|68\/100\n|\n|-damage|p2b: Ting-Lu|0 fnt|[from] brn\n|faint|p2b: Ting-Lu\n|upkeep\n|\n|t:|1682428616\n|switch|p2b: Dondozo|Dondozo, L50, M, shiny|100\/100\n|turn|6\n|\n|t:|1682428626\n|move|p2b: Dondozo|Protect|p2b: Dondozo\n|-singleturn|p2b: Dondozo|Protect\n|move|p1b: Flutter Mane|Shadow Ball|p2b: Dondozo\n|-activate|p2b: Dondozo|move: Protect\n|move|p1a: Arcanine|Will-O-Wisp|p2b: Dondozo\n|-activate|p2b: Dondozo|move: Protect\n|-curestatus|p2a: Glimmora|slp|[msg]\n|move|p2a: Glimmora|Mortal Spin|p1b: Flutter Mane|[spread] p1a,p1b\n|-supereffective|p1b: Flutter Mane\n|-damage|p1a: Arcanine|65\/100\n|-damage|p1b: Flutter Mane|60\/100\n|-status|p1a: Arcanine|psn\n|-status|p1b: Flutter Mane|psn\n|\n|-damage|p1b: Flutter Mane|48\/100 psn|[from] psn\n|-damage|p1a: Arcanine|53\/100 psn|[from] psn\n|upkeep\n|turn|7\n|\n|t:|1682428645\n|switch|p2a: Tatsugiri|Tatsugiri, L50, M|100\/100\n|-activate|p2a: Tatsugiri|ability: Commander|[of] p2b: Dondozo\n|-boost|p2b: Dondozo|atk|2\n|-boost|p2b: Dondozo|spa|2\n|-boost|p2b: Dondozo|spe|2\n|-boost|p2b: Dondozo|def|2\n|-boost|p2b: Dondozo|spd|2\n|move|p1b: Flutter Mane|Dazzling Gleam|p2b: Dondozo|[spread] p2b\n|-miss|p1b: Flutter Mane|p2a: Tatsugiri\n|-damage|p2b: Dondozo|81\/100\n|move|p2b: Dondozo|Earthquake|p1a: Arcanine|[spread] p1a,p1b\n|-miss|p2b: Dondozo|p2a: Tatsugiri\n|-supereffective|p1a: Arcanine\n|-damage|p1a: Arcanine|0 fnt\n|-damage|p1b: Flutter Mane|0 fnt\n|faint|p1a: Arcanine\n|faint|p1b: Flutter Mane\n|-end|p1b: Flutter Mane|Protosynthesis|[silent]\n|\n|win|jesus.utrilla\n|raw|VGCmento's rating: 1467 → 1447<\/strong> (-20 for losing)\n|raw|jesus.utrilla's rating: 1462 → 1482<\/strong> (+20 for winning)\n|c|\u2606VGCmento|GG\n|l|\u2606VGCmento\n","uploadtime":1682428678,"views":19,"p1id":"vgcmento","p2id":"jesusutrilla","formatid":"gen9vgc2023regulationc","rating":1447,"private":0,"password":""}