{"id":"gen9vgc2023regulationc-1846694392","p1":"Millie Jean","p2":"Saltii_Pokemon","format":"[Gen 9] VGC 2023 Regulation C","log":"|j|\u203dMillie Jean\n|j|\u2606Saltii_Pokemon\n|t:|1681866777\n|gametype|doubles\n|player|p1|Millie Jean|whitney|1303\n|player|p2|Saltii_Pokemon|pryce|1321\n|teamsize|p1|6\n|teamsize|p2|6\n|gen|9\n|tier|[Gen 9] VGC 2023 Regulation C\n|rated|\n|rule|Species Clause: Limit one of each Pok\u00e9mon\n|rule|Item Clause: Limit one of each item\n|clearpoke\n|poke|p1|Wo-Chien, L50|\n|poke|p1|Glimmora, L50, F|\n|poke|p1|Dondozo, L50, F|\n|poke|p1|Tatsugiri, L50, F|\n|poke|p1|Arcanine, L50, F|\n|poke|p1|Flutter Mane, L50|\n|poke|p2|Garchomp, L50, F|\n|poke|p2|Corviknight, L50, M|\n|poke|p2|Tyranitar, L50, F|\n|poke|p2|Gastrodon, L50, F|\n|poke|p2|Flutter Mane, L50|\n|poke|p2|Volcarona, L50, F|\n|teampreview|4\n|inactive|Battle timer is ON: inactive players will automatically lose when time's up. (requested by Millie Jean)\nMillie Jean has agreed to open team sheets.\n|inactive|Millie Jean has 60 seconds left.\n|inactive|Saltii_Pokemon has 60 seconds left.\n|\n|t:|1681866834\n|start\n|switch|p1a: Wo-Chien|Wo-Chien, L50|100\/100\n|switch|p1b: Arcanine|Arcanine, L50, F|100\/100\n|switch|p2a: Corviknight|Corviknight, L50, M|100\/100\n|switch|p2b: Garchomp|Garchomp, L50, F|100\/100\n|-ability|p1b: Arcanine|Intimidate|boost\n|-ability|p2a: Corviknight|Mirror Armor\n|-unboost|p1b: Arcanine|atk|1\n|-fail|p2b: Garchomp|unboost|[from] item: Clear Amulet|[of] p2b: Garchomp\n|-ability|p1a: Wo-Chien|Tablets of Ruin\n|turn|1\n|\n|t:|1681866854\n|-terastallize|p2b: Garchomp|Fire\n|move|p2b: Garchomp|Earthquake|p1a: Wo-Chien|[spread] p1a,p1b\n|-immune|p2a: Corviknight\n|-resisted|p1a: Wo-Chien\n|-supereffective|p1b: Arcanine\n|-crit|p1b: Arcanine\n|-damage|p1a: Wo-Chien|91\/100\n|-damage|p1b: Arcanine|15\/100\n|move|p1b: Arcanine|Will-O-Wisp|p2b: Garchomp\n|-immune|p2b: Garchomp\n|move|p2a: Corviknight|Brave Bird|p1a: Wo-Chien\n|-supereffective|p1a: Wo-Chien\n|-damage|p1a: Wo-Chien|37\/100\n|-enditem|p1a: Wo-Chien|Sitrus Berry|[eat]\n|-heal|p1a: Wo-Chien|62\/100|[from] item: Sitrus Berry\n|-damage|p2a: Corviknight|84\/100|[from] Recoil\n|move|p1a: Wo-Chien|Leech Seed|p2b: Garchomp\n|-start|p2b: Garchomp|move: Leech Seed\n|\n|-damage|p2b: Garchomp|88\/100|[from] Leech Seed|[of] p1a: Wo-Chien\n|-heal|p1a: Wo-Chien|75\/100|[silent]\n|upkeep\n|turn|2\n|\n|t:|1681866878\n|move|p1b: Arcanine|Protect|p1b: Arcanine\n|-singleturn|p1b: Arcanine|Protect\n|move|p1a: Wo-Chien|Protect|p1a: Wo-Chien\n|-singleturn|p1a: Wo-Chien|Protect\n|move|p2b: Garchomp|Earthquake|p1a: Wo-Chien|[spread] \n|-activate|p1a: Wo-Chien|move: Protect\n|-activate|p1b: Arcanine|move: Protect\n|-immune|p2a: Corviknight\n|move|p2a: Corviknight|Bulk Up|p2a: Corviknight\n|-boost|p2a: Corviknight|atk|1\n|-boost|p2a: Corviknight|def|1\n|\n|-damage|p2b: Garchomp|76\/100|[from] Leech Seed|[of] p1a: Wo-Chien\n|-heal|p1a: Wo-Chien|87\/100|[silent]\n|upkeep\n|turn|3\n|\n|t:|1681866902\n|move|p2b: Garchomp|Earthquake|p1a: Wo-Chien|[spread] p1a,p1b\n|-immune|p2a: Corviknight\n|-resisted|p1a: Wo-Chien\n|-supereffective|p1b: Arcanine\n|-damage|p1a: Wo-Chien|77\/100\n|-damage|p1b: Arcanine|0 fnt\n|faint|p1b: Arcanine\n|move|p2a: Corviknight|Bulk Up|p2a: Corviknight\n|-boost|p2a: Corviknight|atk|1\n|-boost|p2a: Corviknight|def|1\n|move|p1a: Wo-Chien|Leech Seed|p2a: Corviknight\n|-start|p2a: Corviknight|move: Leech Seed\n|\n|-damage|p2b: Garchomp|64\/100|[from] Leech Seed|[of] p1a: Wo-Chien\n|-heal|p1a: Wo-Chien|90\/100|[silent]\n|-damage|p2a: Corviknight|71\/100|[from] Leech Seed|[of] p1a: Wo-Chien\n|-heal|p1a: Wo-Chien|100\/100|[silent]\n|upkeep\n|\n|t:|1681866922\n|switch|p1b: Tatsugiri|Tatsugiri, L50, F|100\/100\n|turn|4\n|\n|t:|1681866941\n|switch|p1a: Dondozo|Dondozo, L50, F|100\/100\n|-activate|p1b: Tatsugiri|ability: Commander|[of] p1a: Dondozo\n|-boost|p1a: Dondozo|atk|2\n|-boost|p1a: Dondozo|spa|2\n|-boost|p1a: Dondozo|spe|2\n|-boost|p1a: Dondozo|def|2\n|-boost|p1a: Dondozo|spd|2\n|move|p2b: Garchomp|Rock Slide|p1b: Tatsugiri|[spread] p1a\n|-miss|p2b: Garchomp|p1b: Tatsugiri\n|-damage|p1a: Dondozo|93\/100\n|move|p2a: Corviknight|Brave Bird|p1a: Dondozo\n|-damage|p1a: Dondozo|77\/100\n|-damage|p2a: Corviknight|65\/100|[from] Recoil\n|\n|-heal|p1a: Dondozo|83\/100|[from] item: Leftovers\n|-damage|p2b: Garchomp|52\/100|[from] Leech Seed|[of] p1a: Dondozo\n|-heal|p1a: Dondozo|94\/100|[silent]\n|-damage|p2a: Corviknight|53\/100|[from] Leech Seed|[of] p1a: Dondozo\n|-heal|p1a: Dondozo|100\/100|[silent]\n|upkeep\n|turn|5\n|\n|t:|1681866964\n|switch|p2b: Gastrodon|Gastrodon, L50, F|100\/100\n|move|p1a: Dondozo|Order Up|p2a: Corviknight\n|-resisted|p2a: Corviknight\n|-damage|p2a: Corviknight|36\/100\n|-enditem|p2a: Corviknight|Sitrus Berry|[eat]\n|-heal|p2a: Corviknight|61\/100|[from] item: Sitrus Berry\n|-boost|p1a: Dondozo|atk|1\n|move|p2a: Corviknight|Tailwind|p2a: Corviknight\n|-sidestart|p2: Saltii_Pokemon|move: Tailwind\n|\n|-damage|p2a: Corviknight|48\/100|[from] Leech Seed|[of] p1a: Dondozo\n|upkeep\n|turn|6\n|\n|t:|1681866988\n|switch|p2a: Tyranitar|Tyranitar, L50, F|100\/100\n|-weather|Sandstorm|[from] ability: Sand Stream|[of] p2a: Tyranitar\n|move|p1a: Dondozo|Order Up|p2a: Tyranitar\n|-crit|p2a: Tyranitar\n|-damage|p2a: Tyranitar|20\/100\n|-boost|p1a: Dondozo|atk|1\n|move|p2b: Gastrodon|Earth Power|p1a: Dondozo\n|-damage|p1a: Dondozo|84\/100\n|\n|-weather|Sandstorm|[upkeep]\n|-damage|p1b: Tatsugiri|94\/100|[from] Sandstorm\n|-damage|p1a: Dondozo|78\/100|[from] Sandstorm\n|-heal|p1a: Dondozo|84\/100|[from] item: Leftovers\n|upkeep\n|turn|7\n|\n|t:|1681867004\n|move|p2a: Tyranitar|Low Kick|p1a: Dondozo\n|-damage|p1a: Dondozo|59\/100\n|move|p1a: Dondozo|Earthquake|p2b: Gastrodon|[spread] p2a,p2b\n|-miss|p1a: Dondozo|p1b: Tatsugiri\n|-supereffective|p2a: Tyranitar\n|-damage|p2a: Tyranitar|0 fnt\n|-damage|p2b: Gastrodon|39\/100\n|faint|p2a: Tyranitar\n|move|p2b: Gastrodon|Earth Power|p1a: Dondozo\n|-damage|p1a: Dondozo|43\/100\n|\n|-weather|Sandstorm|[upkeep]\n|-damage|p1b: Tatsugiri|88\/100|[from] Sandstorm\n|-damage|p1a: Dondozo|37\/100|[from] Sandstorm\n|-heal|p1a: Dondozo|43\/100|[from] item: Leftovers\n|upkeep\n|\n|t:|1681867011\n|switch|p2a: Corviknight|Corviknight, L50, M|48\/100\n|turn|8\n|\n|t:|1681867021\n|move|p2a: Corviknight|Brave Bird|p1a: Dondozo\n|-damage|p1a: Dondozo|27\/100\n|-damage|p2a: Corviknight|42\/100|[from] Recoil\n|move|p1a: Dondozo|Order Up|p2b: Gastrodon\n|-damage|p2b: Gastrodon|0 fnt\n|faint|p2b: Gastrodon\n|-boost|p1a: Dondozo|atk|1\n|\n|-weather|Sandstorm|[upkeep]\n|-damage|p1b: Tatsugiri|82\/100|[from] Sandstorm\n|-damage|p1a: Dondozo|21\/100|[from] Sandstorm\n|-heal|p1a: Dondozo|27\/100|[from] item: Leftovers\n|-sideend|p2: Saltii_Pokemon|move: Tailwind\n|upkeep\n|\n|t:|1681867028\n|switch|p2b: Garchomp|Garchomp, L50, F, tera:Fire|52\/100\n|turn|9\n|\n|t:|1681867043\n|move|p2b: Garchomp|Protect|p2b: Garchomp\n|-singleturn|p2b: Garchomp|Protect\n|move|p1a: Dondozo|Order Up|p2a: Corviknight\n|-resisted|p2a: Corviknight\n|-damage|p2a: Corviknight|11\/100\n|-boost|p1a: Dondozo|atk|1\n|move|p2a: Corviknight|Tailwind|p2a: Corviknight\n|-sidestart|p2: Saltii_Pokemon|move: Tailwind\n|\n|-weather|Sandstorm|[upkeep]\n|-damage|p2b: Garchomp|45\/100|[from] Sandstorm\n|-damage|p1b: Tatsugiri|75\/100|[from] Sandstorm\n|-damage|p1a: Dondozo|21\/100|[from] Sandstorm\n|-heal|p1a: Dondozo|27\/100|[from] item: Leftovers\n|upkeep\n|turn|10\n|\n|t:|1681867057\n|move|p2b: Garchomp|Earthquake|p1b: Tatsugiri|[spread] p1a\n|-miss|p2b: Garchomp|p1b: Tatsugiri\n|-immune|p2a: Corviknight\n|-damage|p1a: Dondozo|12\/100\n|move|p2a: Corviknight|Iron Head|p1a: Dondozo\n|-resisted|p1a: Dondozo\n|-damage|p1a: Dondozo|7\/100\n|move|p1a: Dondozo|Earthquake|p2b: Garchomp|[spread] p2b\n|-miss|p1a: Dondozo|p1b: Tatsugiri\n|-immune|p2a: Corviknight\n|-supereffective|p2b: Garchomp\n|-damage|p2b: Garchomp|0 fnt\n|faint|p2b: Garchomp\n|\n|-weather|none\n|-heal|p1a: Dondozo|13\/100|[from] item: Leftovers\n|upkeep\n|turn|11\n|\n|t:|1681867076\n|move|p2a: Corviknight|Iron Head|p1a: Dondozo\n|-resisted|p1a: Dondozo\n|-damage|p1a: Dondozo|8\/100\n|move|p1a: Dondozo|Order Up|p2a: Corviknight\n|-resisted|p2a: Corviknight\n|-damage|p2a: Corviknight|0 fnt\n|faint|p2a: Corviknight\n|\n|win|Millie Jean\n|raw|Millie Jean's rating: 1303 → 1324<\/strong> (+21 for winning)\n|raw|Saltii_Pokemon's rating: 1321 → 1300<\/strong> (-21 for losing)\n|l|\u2606Saltii_Pokemon\n","uploadtime":1681867087,"views":14,"p1id":"milliejean","p2id":"saltiipokemon","formatid":"gen9vgc2023regulationc","rating":1300,"private":0,"password":""}