{"id":"gen9vgc2023regulationc-1845921006","p1":"QuoiseSSBM","p2":"gankyburner","format":"[Gen 9] VGC 2023 Regulation C","log":"|j|\u2606QuoiseSSBM\n|j|\u2606gankyburner\n|t:|1681779455\n|gametype|doubles\n|player|p1|QuoiseSSBM|cynthia-gen4|1173\n|player|p2|gankyburner|169|1140\n|teamsize|p1|6\n|teamsize|p2|6\n|gen|9\n|tier|[Gen 9] VGC 2023 Regulation C\n|rated|\n|rule|Species Clause: Limit one of each Pok\u00e9mon\n|rule|Item Clause: Limit one of each item\n|clearpoke\n|poke|p1|Dragonite, L50, F|\n|poke|p1|Wo-Chien, L50|\n|poke|p1|Dondozo, L50, F|\n|poke|p1|Tatsugiri-Droopy, L50, F|\n|poke|p1|Glimmora, L50, F|\n|poke|p1|Tinkaton, L50, F|\n|poke|p2|Murkrow, L50, F|\n|poke|p2|Tyranitar, L50, M|\n|poke|p2|Houndstone, L50, F|\n|poke|p2|Chi-Yu, L50|\n|poke|p2|Corviknight, L50, M|\n|poke|p2|Leafeon, L50, M|\n|teampreview|4\n|inactive|Battle timer is ON: inactive players will automatically lose when time's up. (requested by QuoiseSSBM)\n|\n|t:|1681779470\n|start\n|switch|p1a: Tinkaton|Tinkaton, L50, F|100\/100\n|switch|p1b: Wo-Chien|Wo-Chien, L50|100\/100\n|switch|p2a: Dragula|Houndstone, L50, F, shiny|100\/100\n|switch|p2b: C'mon C'mon|Murkrow, L50, F|100\/100\n|-ability|p1a: Tinkaton|Mold Breaker\n|-ability|p1b: Wo-Chien|Tablets of Ruin\n|turn|1\n|\n|t:|1681779490\n|move|p2b: C'mon C'mon|Tailwind|p2b: C'mon C'mon\n|-sidestart|p2: gankyburner|move: Tailwind\n|move|p2a: Dragula|Will-O-Wisp|p1a: Tinkaton\n|-status|p1a: Tinkaton|brn\n|move|p1a: Tinkaton|Play Rough|p2b: C'mon C'mon\n|-supereffective|p2b: C'mon C'mon\n|-damage|p2b: C'mon C'mon|76\/100\n|move|p1b: Wo-Chien|Leech Seed|p2a: Dragula\n|-start|p2a: Dragula|move: Leech Seed\n|\n|-damage|p2a: Dragula|88\/100|[from] Leech Seed|[of] p1b: Wo-Chien\n|-damage|p1a: Tinkaton|94\/100 brn|[from] brn\n|upkeep\n|turn|2\n|inactive|gankyburner has 30 seconds left.\n|\n|t:|1681779520\n|switch|p2b: Plantasia|Leafeon, L50, M|100\/100\n|move|p2a: Dragula|Will-O-Wisp|p1b: Wo-Chien|[miss]\n|-miss|p2a: Dragula|p1b: Wo-Chien\n|move|p1a: Tinkaton|Knock Off|p2a: Dragula\n|-supereffective|p2a: Dragula\n|-damage|p2a: Dragula|73\/100\n|-enditem|p2a: Dragula|Wide Lens|[from] move: Knock Off|[of] p1a: Tinkaton\n|move|p1b: Wo-Chien|Pollen Puff|p2b: Plantasia\n|-supereffective|p2b: Plantasia\n|-damage|p2b: Plantasia|22\/100\n|\n|-damage|p2a: Dragula|61\/100|[from] Leech Seed|[of] p1b: Wo-Chien\n|-damage|p1a: Tinkaton|88\/100 brn|[from] brn\n|upkeep\n|turn|3\n|inactive|gankyburner has 30 seconds left.\n|\n|t:|1681779547\n|move|p2b: Plantasia|Double-Edge|p1b: Wo-Chien\n|-damage|p1b: Wo-Chien|75\/100\n|-damage|p2b: Plantasia|11\/100|[from] Recoil\n|move|p2a: Dragula|Will-O-Wisp|p1b: Wo-Chien\n|-status|p1b: Wo-Chien|brn\n|move|p1a: Tinkaton|Gigaton Hammer|p2a: Dragula\n|-damage|p2a: Dragula|42\/100\n|move|p1b: Wo-Chien|Pollen Puff|p2b: Plantasia\n|-supereffective|p2b: Plantasia\n|-damage|p2b: Plantasia|0 fnt\n|faint|p2b: Plantasia\n|\n|-damage|p2a: Dragula|30\/100|[from] Leech Seed|[of] p1b: Wo-Chien\n|-heal|p1b: Wo-Chien|86\/100 brn|[silent]\n|-damage|p1a: Tinkaton|82\/100 brn|[from] brn\n|-damage|p1b: Wo-Chien|80\/100 brn|[from] brn\n|upkeep\n|\n|t:|1681779563\n|switch|p2b: Godzilla|Tyranitar, L50, M, shiny|100\/100\n|-weather|Sandstorm|[from] ability: Sand Stream|[of] p2b: Godzilla\n|turn|4\n|\n|t:|1681779578\n|-terastallize|p2b: Godzilla|Flying\n|move|p2a: Dragula|Howl|p2a: Dragula|[spread] p2a,p2b\n|-boost|p2a: Dragula|atk|1\n|-boost|p2b: Godzilla|atk|1\n|move|p2b: Godzilla|Tera Blast|p1b: Wo-Chien\n|-supereffective|p1b: Wo-Chien\n|-damage|p1b: Wo-Chien|0 fnt\n|faint|p1b: Wo-Chien\n|move|p1a: Tinkaton|Play Rough|p2b: Godzilla\n|-damage|p2b: Godzilla|90\/100\n|\n|-weather|Sandstorm|[upkeep]\n|-damage|p2b: Godzilla|84\/100|[from] Sandstorm\n|-damage|p1a: Tinkaton|76\/100 brn|[from] brn\n|-sideend|p2: gankyburner|move: Tailwind\n|upkeep\n|\n|t:|1681779583\n|switch|p1b: Dondozo|Dondozo, L50, F|100\/100\n|turn|5\n|inactive|gankyburner has 30 seconds left.\n|\n|t:|1681779611\n|move|p2a: Dragula|Will-O-Wisp|p1b: Dondozo\n|-status|p1b: Dondozo|brn\n|move|p1a: Tinkaton|Gigaton Hammer|p2b: Godzilla\n|-damage|p2b: Godzilla|65\/100\n|move|p2b: Godzilla|Low Kick|p1a: Tinkaton\n|-damage|p1a: Tinkaton|8\/100 brn\n|-enditem|p1a: Tinkaton|Sitrus Berry|[eat]\n|-heal|p1a: Tinkaton|33\/100 brn|[from] item: Sitrus Berry\n|move|p1b: Dondozo|Wave Crash|p2b: Godzilla\n|-damage|p2b: Godzilla|47\/100\n|-damage|p1b: Dondozo|95\/100 brn|[from] Recoil\n|\n|-weather|Sandstorm|[upkeep]\n|-damage|p2b: Godzilla|41\/100|[from] Sandstorm\n|-damage|p1b: Dondozo|89\/100 brn|[from] Sandstorm\n|-heal|p1b: Dondozo|95\/100 brn|[from] item: Leftovers\n|-damage|p2a: Dragula|18\/100|[from] Leech Seed|[of] p1b: Dondozo\n|-heal|p1b: Dondozo|100\/100 brn|[silent]\n|-damage|p1a: Tinkaton|26\/100 brn|[from] brn\n|-damage|p1b: Dondozo|94\/100 brn|[from] brn\n|upkeep\n|turn|6\n|inactive|gankyburner has 30 seconds left.\n|inactive|gankyburner has 20 seconds left.\n|\n|t:|1681779650\n|switch|p2a: C'mon C'mon|Murkrow, L50, F|76\/100\n|move|p1b: Dondozo|Protect|p1b: Dondozo\n|-singleturn|p1b: Dondozo|Protect\n|move|p1a: Tinkaton|Knock Off|p2a: C'mon C'mon\n|-resisted|p2a: C'mon C'mon\n|-damage|p2a: C'mon C'mon|71\/100\n|-enditem|p2a: C'mon C'mon|Eviolite|[from] move: Knock Off|[of] p1a: Tinkaton\n|move|p2b: Godzilla|Rock Slide|p1a: Tinkaton|[spread] p1a\n|-activate|p1b: Dondozo|move: Protect\n|-resisted|p1a: Tinkaton\n|-damage|p1a: Tinkaton|0 fnt\n|faint|p1a: Tinkaton\n|\n|-weather|Sandstorm|[upkeep]\n|-damage|p2a: C'mon C'mon|65\/100|[from] Sandstorm\n|-damage|p2b: Godzilla|35\/100|[from] Sandstorm\n|-damage|p1b: Dondozo|88\/100 brn|[from] Sandstorm\n|-heal|p1b: Dondozo|94\/100 brn|[from] item: Leftovers\n|-damage|p1b: Dondozo|88\/100 brn|[from] brn\n|upkeep\n|\n|t:|1681779656\n|switch|p1a: Tatsugiri|Tatsugiri-Droopy, L50, F, shiny|100\/100\n|-activate|p1a: Tatsugiri|ability: Commander|[of] p1b: Dondozo\n|-boost|p1b: Dondozo|atk|2\n|-boost|p1b: Dondozo|spa|2\n|-boost|p1b: Dondozo|spe|2\n|-boost|p1b: Dondozo|def|2\n|-boost|p1b: Dondozo|spd|2\n|turn|7\n|\n|t:|1681779677\n|move|p2a: C'mon C'mon|Haze|p2a: C'mon C'mon\n|-clearallboost\n|move|p2b: Godzilla|Assurance|p1b: Dondozo\n|-damage|p1b: Dondozo|65\/100 brn\n|move|p1b: Dondozo|Wave Crash|p2a: C'mon C'mon\n|-damage|p2a: C'mon C'mon|25\/100\n|-damage|p1b: Dondozo|56\/100 brn|[from] Recoil\n|\n|-weather|Sandstorm|[upkeep]\n|-damage|p1a: Tatsugiri|94\/100|[from] Sandstorm\n|-damage|p2a: C'mon C'mon|19\/100|[from] Sandstorm\n|-damage|p2b: Godzilla|28\/100|[from] Sandstorm\n|-damage|p1b: Dondozo|50\/100 brn|[from] Sandstorm\n|-heal|p1b: Dondozo|56\/100 brn|[from] item: Leftovers\n|-damage|p1b: Dondozo|50\/100 brn|[from] brn\n|upkeep\n|turn|8\n|\n|t:|1681779694\n|move|p2a: C'mon C'mon|Foul Play|p1b: Dondozo\n|-damage|p1b: Dondozo|19\/100 brn\n|move|p2b: Godzilla|Assurance|p1b: Dondozo\n|-damage|p1b: Dondozo|0 fnt\n|faint|p1b: Dondozo\n|\n|-weather|none\n|upkeep\n|turn|9\n|\n|t:|1681779705\n|move|p2a: C'mon C'mon|Tailwind|p2a: C'mon C'mon\n|-sidestart|p2: gankyburner|move: Tailwind\n|move|p1a: Tatsugiri|Icy Wind|p2b: Godzilla|[spread] p2a,p2b\n|-supereffective|p2a: C'mon C'mon\n|-supereffective|p2b: Godzilla\n|-damage|p2a: C'mon C'mon|0 fnt\n|-damage|p2b: Godzilla|10\/100\n|-unboost|p2b: Godzilla|spe|1\n|faint|p2a: C'mon C'mon\n|move|p2b: Godzilla|Tera Blast|p1a: Tatsugiri\n|-damage|p1a: Tatsugiri|11\/100\n|\n|upkeep\n|\n|t:|1681779715\n|switch|p2a: Dragula|Houndstone, L50, F, shiny|18\/100\n|turn|10\n|\n|t:|1681779721\n|-terastallize|p1a: Tatsugiri|Steel\n|move|p2a: Dragula|Last Respects|p1a: Tatsugiri\n|-damage|p1a: Tatsugiri|0 fnt\n|faint|p1a: Tatsugiri\n|\n|win|gankyburner\n|raw|QuoiseSSBM's rating: 1173 → 1146<\/strong> (-27 for losing)\n|raw|gankyburner's rating: 1140 → 1167<\/strong> (+27 for winning)\n|l|\u2606QuoiseSSBM\n|c|\u2606gankyburner|gg\n","uploadtime":1681779730,"views":9,"p1id":"quoisessbm","p2id":"gankyburner","formatid":"gen9vgc2023regulationc","rating":1146,"private":0,"password":""}