{"id":"gen9vgc2023regulationc-1857293255","p1":"esotilin123456","p2":"TStorm","format":"[Gen 9] VGC 2023 Regulation C","log":"|j|\u2606esotilin123456\n|j|\u2606TStorm\n|t:|1683168909\n|gametype|doubles\n|player|p1|esotilin123456|hilbert-wonderlauncher|\n|player|p2|TStorm|170|\n|teamsize|p1|6\n|teamsize|p2|6\n|gen|9\n|tier|[Gen 9] VGC 2023 Regulation C\n|rated|Tournament battle\n|rule|Species Clause: Limit one of each Pok\u00e9mon\n|rule|Item Clause: Limit one of each item\n|clearpoke\n|poke|p1|Tyranitar, L50, M|\n|poke|p1|Corviknight, L50, M|\n|poke|p1|Salamence, L50, M|\n|poke|p1|Arcanine, L50, M|\n|poke|p1|Gastrodon, L50, F|\n|poke|p1|Rotom-Mow, L50|\n|poke|p2|Flutter Mane, L50|\n|poke|p2|Ting-Lu, L50|\n|poke|p2|Kingambit, L50, M|\n|poke|p2|Arcanine, L50, M|\n|poke|p2|Palafin, L50, M|\n|poke|p2|Amoonguss, L50, F|\n|teampreview|4\n|raw| Open Team Sheet for esotilin123456<\/summary>Great Tyrant (Tyranitar) (M) @ Chople Berry Ability: Sand Stream Level: 50 Shiny: Yes Tera Type: Rock - Protect - Rock Slide - Crunch - Ice Punch IRON BIRD (Corviknight) @ Aguav Berry Ability: Mirror Armor Level: 50 Tera Type: Grass - Protect - Bulk Up - Brave Bird - Roost RORAAAHOHHHH (Salamence) @ Life Orb Ability: Intimidate Level: 50 Tera Type: Fire - Protect - Tailwind - Draco Meteor - Flamethrower good boi (Arcanine) (M) @ Assault Vest Ability: Intimidate Level: 50 Tera Type: Grass - Flare Blitz - Extreme Speed - Snarl - Close Combat GROHAHSHSHSH (Gastrodon) (F) @ Leftovers Ability: Storm Drain Level: 50 Tera Type: Fire - Protect - Yawn - Ice Beam - Earth Power IRON MUGULIS (Rotom-Mow) @ Sitrus Berry Ability: Levitate Level: 50 Tera Type: Electric - Protect - Will-O-Wisp - Thunderbolt - Leaf Storm <\/details><\/div> Open Team Sheet for TStorm<\/summary>Flutter Mane @ Choice Specs Ability: Protosynthesis Level: 50 Tera Type: Fairy - Shadow Ball - Dazzling Gleam - Thunderbolt - Moonblast Ting-Lu @ Assault Vest Ability: Vessel of Ruin Level: 50 Tera Type: Poison - Stomping Tantrum - Heavy Slam - Stone Edge - Ruination Kingambit @ Lum Berry Ability: Defiant Level: 50 Tera Type: Dark - Kowtow Cleave - Swords Dance - Sucker Punch - Protect Arcanine @ Safety Goggles Ability: Intimidate Level: 50 Tera Type: Flying - Flare Blitz - Will-O-Wisp - Howl - Protect Palafin @ Mystic Water Ability: Zero to Hero Level: 50 Tera Type: Water - Jet Punch - Wave Crash - Haze - Protect Amoonguss @ Sitrus Berry Ability: Regenerator Level: 50 Tera Type: Water - Pollen Puff - Rage Powder - Spore - Protect <\/details><\/div>\n|j| Radio Free C-Side\n|j| Gizball\n|c|\u2606TStorm|Glhf????\n|c|\u2606esotilin123456|no\n|c|\u2606esotilin123456|dont say it\n|c|\u2606esotilin123456|if u say gl u will fail all your moves\n|c|\u2606esotilin123456|and vgc is boring\n|j| 413XPlayz\n|j| bdogplatinum\n|j|%Therazer456\n|\n|t:|1683169031\n|start\n|switch|p1a: Great Tyrant|Tyranitar, L50, M, shiny|100\/100\n|switch|p1b: IRON MUGULIS|Rotom-Mow, L50|100\/100\n|switch|p2a: Amoonguss|Amoonguss, L50, F|100\/100\n|switch|p2b: Kingambit|Kingambit, L50, M|100\/100\n|-weather|Sandstorm|[from] ability: Sand Stream|[of] p1a: Great Tyrant\n|turn|1\n|inactive|Battle timer is ON: inactive players will automatically lose when time's up. (requested by esotilin123456)\n|\n|t:|1683169061\n|move|p1a: Great Tyrant|Protect|p1a: Great Tyrant\n|-singleturn|p1a: Great Tyrant|Protect\n|move|p2b: Kingambit|Protect|p2b: Kingambit\n|-singleturn|p2b: Kingambit|Protect\n|move|p1b: IRON MUGULIS|Will-O-Wisp|p2b: Kingambit\n|-activate|p2b: Kingambit|move: Protect\n|move|p2a: Amoonguss|Spore|p1a: Great Tyrant\n|-activate|p1a: Great Tyrant|move: Protect\n|\n|-weather|Sandstorm|[upkeep]\n|-damage|p1b: IRON MUGULIS|95\/100|[from] Sandstorm\n|-damage|p2a: Amoonguss|95\/100|[from] Sandstorm\n|upkeep\n|turn|2\n|l|%Therazer456\n|c| Radio Free C-Side|esotilin plays vgc for the same reason a monk shaves their head, zero enjoyment, just commitment\n|\n|t:|1683169079\n|switch|p1a: GROHAHSHSHSH|Gastrodon, L50, F|100\/100\n|move|p1b: IRON MUGULIS|Will-O-Wisp|p2b: Kingambit\n|-status|p2b: Kingambit|brn\n|-enditem|p2b: Kingambit|Lum Berry|[eat]\n|-curestatus|p2b: Kingambit|brn|[msg]\n|move|p2b: Kingambit|Swords Dance|p2b: Kingambit\n|-boost|p2b: Kingambit|atk|2\n|move|p2a: Amoonguss|Spore|p1a: GROHAHSHSHSH\n|-status|p1a: GROHAHSHSHSH|slp|[from] move: Spore\n|\n|-weather|Sandstorm|[upkeep]\n|-damage|p1b: IRON MUGULIS|89\/100|[from] Sandstorm\n|-damage|p2a: Amoonguss|89\/100|[from] Sandstorm\n|upkeep\n|turn|3\n|j|%Borghi\n|\n|t:|1683169100\n|switch|p2a: Arcanine|Arcanine, L50, M|100\/100\n|-ability|p2a: Arcanine|Intimidate|boost\n|-unboost|p1a: GROHAHSHSHSH|atk|1\n|-unboost|p1b: IRON MUGULIS|atk|1\n|move|p1b: IRON MUGULIS|Will-O-Wisp|p2b: Kingambit\n|-status|p2b: Kingambit|brn\n|move|p2b: Kingambit|Swords Dance|p2b: Kingambit\n|-boost|p2b: Kingambit|atk|2\n|cant|p1a: GROHAHSHSHSH|slp\n|\n|-weather|Sandstorm|[upkeep]\n|-damage|p1b: IRON MUGULIS|83\/100|[from] Sandstorm\n|-damage|p2b: Kingambit|95\/100 brn|[from] brn\n|upkeep\n|turn|4\n|c| Gizball|Dat's 1 strong gambit\n|\n|t:|1683169127\n|-terastallize|p1b: IRON MUGULIS|Electric\n|-terastallize|p2b: Kingambit|Dark\n|move|p2a: Arcanine|Will-O-Wisp|p1b: IRON MUGULIS\n|-status|p1b: IRON MUGULIS|brn\n|move|p1b: IRON MUGULIS|Thunderbolt|p2b: Kingambit\n|-damage|p2b: Kingambit|47\/100 brn\n|move|p2b: Kingambit|Kowtow Cleave|p1a: GROHAHSHSHSH\n|-damage|p1a: GROHAHSHSHSH|6\/100 slp\n|-curestatus|p1a: GROHAHSHSHSH|slp|[msg]\n|move|p1a: GROHAHSHSHSH|Earth Power|p2b: Kingambit\n|-damage|p2b: Kingambit|12\/100 brn\n|\n|-weather|Sandstorm|[upkeep]\n|-damage|p1b: IRON MUGULIS|77\/100 brn|[from] Sandstorm\n|-damage|p2b: Kingambit|6\/100 brn|[from] Sandstorm\n|-heal|p1a: GROHAHSHSHSH|12\/100|[from] item: Leftovers\n|-damage|p1b: IRON MUGULIS|72\/100 brn|[from] brn\n|-damage|p2b: Kingambit|0 fnt|[from] brn\n|faint|p2b: Kingambit\n|upkeep\n|\n|t:|1683169145\n|switch|p2b: Flutter Mane|Flutter Mane, L50|100\/100\n|turn|5\n|c| Radio Free C-Side|and nows it a dead gambit\n|\n|t:|1683169155\n|move|p2b: Flutter Mane|Dazzling Gleam|p1b: IRON MUGULIS|[spread] p1a,p1b\n|-damage|p1a: GROHAHSHSHSH|0 fnt\n|-damage|p1b: IRON MUGULIS|25\/100 brn\n|-enditem|p1b: IRON MUGULIS|Sitrus Berry|[eat]\n|-heal|p1b: IRON MUGULIS|50\/100 brn|[from] item: Sitrus Berry\n|faint|p1a: GROHAHSHSHSH\n|move|p2a: Arcanine|Flare Blitz|p1b: IRON MUGULIS\n|-damage|p1b: IRON MUGULIS|8\/100 brn\n|-damage|p2a: Arcanine|89\/100|[from] Recoil\n|move|p1b: IRON MUGULIS|Thunderbolt|p2a: Arcanine\n|-damage|p2a: Arcanine|43\/100\n|-status|p2a: Arcanine|par\n|\n|-weather|none\n|-damage|p1b: IRON MUGULIS|2\/100 brn|[from] brn\n|upkeep\n|c| Gizball|He was strong\n|c| Gizball|He went down swinging\n|c| Gizball|lol\n|j| Xurcitree\n|\n|t:|1683169172\n|switch|p1a: Great Tyrant|Tyranitar, L50, M, shiny|100\/100\n|-weather|Sandstorm|[from] ability: Sand Stream|[of] p1a: Great Tyrant\n|turn|6\n|\n|t:|1683169187\n|-end|p2b: Flutter Mane|Protosynthesis|[silent]\n|switch|p2b: Amoonguss|Amoonguss, L50, F|100\/100\n|switch|p1b: IRON BIRD|Corviknight, L50, M|100\/100\n|move|p1a: Great Tyrant|Rock Slide|p2b: Amoonguss|[spread] p2a,p2b\n|-supereffective|p2a: Arcanine\n|-damage|p2a: Arcanine|0 fnt\n|-damage|p2b: Amoonguss|76\/100\n|faint|p2a: Arcanine\n|\n|-weather|Sandstorm|[upkeep]\n|-damage|p2b: Amoonguss|70\/100|[from] Sandstorm\n|upkeep\n|c|\u2606esotilin123456|certified wo chien reaction\n|\n|t:|1683169195\n|switch|p2a: Flutter Mane|Flutter Mane, L50|100\/100\n|turn|7\n|\n|t:|1683169204\n|move|p2a: Flutter Mane|Moonblast|p1a: Great Tyrant\n|-supereffective|p1a: Great Tyrant\n|-damage|p1a: Great Tyrant|18\/100\n|-unboost|p1a: Great Tyrant|spa|1\n|move|p1b: IRON BIRD|Brave Bird|p2a: Flutter Mane\n|-damage|p2a: Flutter Mane|33\/100\n|-damage|p1b: IRON BIRD|84\/100|[from] Recoil\n|move|p1a: Great Tyrant|Rock Slide|p2b: Amoonguss|[spread] p2a,p2b\n|-damage|p2a: Flutter Mane|0 fnt\n|-damage|p2b: Amoonguss|47\/100\n|-enditem|p2b: Amoonguss|Sitrus Berry|[eat]\n|-heal|p2b: Amoonguss|72\/100|[from] item: Sitrus Berry\n|faint|p2a: Flutter Mane\n|-end|p2a: Flutter Mane|Protosynthesis|[silent]\n|move|p2b: Amoonguss|Spore|p1b: IRON BIRD\n|-status|p1b: IRON BIRD|slp|[from] move: Spore\n|\n|-weather|Sandstorm|[upkeep]\n|-damage|p2b: Amoonguss|66\/100|[from] Sandstorm\n|upkeep\n|turn|8\n|c|\u2606esotilin123456|gg\n|-message|TStorm forfeited.\n|\n|win|esotilin123456\n|n|\u2606esotilin123456|esotilin123456\n|n|\u2606TStorm|tstorm\n|n| Radio Free C-Side|radiofreecside\n|n| Gizball|gizball\n|n| 413XPlayz|413xplayz\n|n| bdogplatinum|bdogplatinum\n|n| Borghi|borghi\n|n| Xurcitree|xurcitree\n","uploadtime":1683169220,"views":14,"p1id":"esotilin123456","p2id":"tstorm","formatid":"gen9vgc2023regulationc","rating":0,"private":0,"password":""}