{"id":"gen9vgc2023regulationc-1846019834","p1":"CandyGhostiuu","p2":"knight8512","format":"[Gen 9] VGC 2023 Regulation C","log":"|j|\u2606CandyGhostiuu\n|j|\u2606knight8512\n|t:|1681792481\n|gametype|doubles\n|player|p1|CandyGhostiuu|n|1080\n|player|p2|knight8512|boarder|1167\n|teamsize|p1|6\n|teamsize|p2|6\n|gen|9\n|tier|[Gen 9] VGC 2023 Regulation C\n|rated|\n|rule|Species Clause: Limit one of each Pok\u00e9mon\n|rule|Item Clause: Limit one of each item\n|clearpoke\n|poke|p1|Amoonguss, L50, F|\n|poke|p1|Palafin, L50, M|\n|poke|p1|Arcanine, L50, M|\n|poke|p1|Flutter Mane, L50|\n|poke|p1|Ting-Lu, L50|\n|poke|p1|Dragonite, L50, F|\n|poke|p2|Talonflame, L50, F|\n|poke|p2|Garchomp, L50, F|\n|poke|p2|Gyarados, L50, M|\n|poke|p2|Kingambit, L50, M|\n|poke|p2|Flutter Mane, L50|\n|poke|p2|Arboliva, L50, M|\n|teampreview|4\n|\n|t:|1681792546\n|start\n|switch|p1a: Neos|Palafin, L50, M|100\/100\n|switch|p1b: Fissure|Ting-Lu, L50|100\/100\n|switch|p2a: Talonflame|Talonflame, L50, F|100\/100\n|switch|p2b: Arboliva|Arboliva, L50, M|100\/100\n|-ability|p1b: Fissure|Vessel of Ruin\n|turn|1\n|\n|t:|1681792575\n|detailschange|p1a: Neos|Palafin-Hero, L50, M\n|switch|p1a: Sonic|Arcanine, L50, M|100\/100\n|-ability|p1a: Sonic|Intimidate|boost\n|-unboost|p2a: Talonflame|atk|1\n|-unboost|p2b: Arboliva|atk|1\n|move|p2a: Talonflame|Tailwind|p2a: Talonflame\n|-sidestart|p2: knight8512|move: Tailwind\n|move|p2b: Arboliva|Strength Sap|p1a: Sonic\n|-unboost|p1a: Sonic|atk|1\n|move|p1b: Fissure|Fissure|p2b: Arboliva|[miss]\n|-miss|p1b: Fissure|p2b: Arboliva\n|\n|upkeep\n|turn|2\n|inactive|Battle timer is ON: inactive players will automatically lose when time's up. (requested by CandyGhostiuu)\n|\n|t:|1681792606\n|move|p2a: Talonflame|Will-O-Wisp|p1b: Fissure|[miss]\n|-miss|p2a: Talonflame|p1b: Fissure\n|move|p1a: Sonic|Howl|p1a: Sonic|[spread] p1a,p1b\n|-boost|p1a: Sonic|atk|1\n|-boost|p1b: Fissure|atk|1\n|move|p2b: Arboliva|Leech Seed|p1b: Fissure\n|-start|p1b: Fissure|move: Leech Seed\n|move|p1b: Fissure|Fissure|p2b: Arboliva|[miss]\n|-miss|p1b: Fissure|p2b: Arboliva\n|\n|-damage|p1b: Fissure|88\/100|[from] Leech Seed|[of] p2b: Arboliva\n|upkeep\n|turn|3\n|inactive|knight8512 has 30 seconds left.\n|inactive|CandyGhostiuu has 30 seconds left.\n|\n|t:|1681792640\n|switch|p1b: Neos|Palafin-Hero, L50, M|100\/100\n|-activate|p1b: Neos|ability: Zero to Hero\n|move|p2a: Talonflame|Taunt|p1a: Sonic\n|-start|p1a: Sonic|move: Taunt\n|move|p1a: Sonic|Flare Blitz|p2b: Arboliva\n|-supereffective|p2b: Arboliva\n|-damage|p2b: Arboliva|3\/100\n|-fieldstart|move: Grassy Terrain|[from] ability: Seed Sower|[of] p2b: Arboliva\n|-enditem|p2b: Arboliva|Grassy Seed\n|-boost|p2b: Arboliva|def|1|[from] item: Grassy Seed\n|-damage|p1a: Sonic|70\/100|[from] Recoil\n|move|p2b: Arboliva|Giga Drain|p1b: Neos\n|-supereffective|p1b: Neos\n|-damage|p1b: Neos|11\/100\n|-heal|p2b: Arboliva|46\/100|[from] drain|[of] p1b: Neos\n|\n|-heal|p1b: Neos|17\/100|[from] Grassy Terrain\n|-heal|p1a: Sonic|76\/100|[from] Grassy Terrain\n|-heal|p2b: Arboliva|52\/100|[from] Grassy Terrain\n|upkeep\n|turn|4\n|inactive|CandyGhostiuu has 30 seconds left.\n|inactive|knight8512 has 30 seconds left.\n|inactive|knight8512 has 20 seconds left.\n|inactive|knight8512 has 15 seconds left.\n|inactive|knight8512 has 10 seconds left.\n|\n|t:|1681792685\n|-terastallize|p2b: Arboliva|Fairy\n|move|p1b: Neos|Protect|p1b: Neos\n|-singleturn|p1b: Neos|Protect\n|move|p2a: Talonflame|Brave Bird|p1b: Neos\n|-activate|p1b: Neos|move: Protect\n|move|p1a: Sonic|Flare Blitz|p2b: Arboliva\n|-damage|p2b: Arboliva|19\/100\n|-damage|p1a: Sonic|66\/100|[from] Recoil\n|move|p2b: Arboliva|Strength Sap|p1a: Sonic\n|-unboost|p1a: Sonic|atk|1\n|-heal|p2b: Arboliva|100\/100\n|\n|-heal|p1b: Neos|23\/100|[from] Grassy Terrain\n|-heal|p1a: Sonic|72\/100|[from] Grassy Terrain\n|-sideend|p2: knight8512|move: Tailwind\n|upkeep\n|turn|5\n|-message|CandyGhostiuu forfeited.\n|\n|win|knight8512\n|raw|CandyGhostiuu's rating: 1080 → 1063<\/strong> (-17 for losing)\n|raw|knight8512's rating: 1167 → 1186<\/strong> (+19 for winning)\n|l|\u2606CandyGhostiuu\n","uploadtime":1681792823,"views":5,"p1id":"candyghostiuu","p2id":"knight8512","formatid":"gen9vgc2023regulationc","rating":1063,"private":0,"password":""}