{"id":"gen9vgc2023regulationc-1845857237","p1":"Keveloper","p2":"jmz900","format":"[Gen 9] VGC 2023 Regulation C","log":"|j|\u2606Keveloper\n|j|\u2606jmz900\n|t:|1681772032\n|gametype|doubles\n|player|p1|Keveloper|ash|1419\n|player|p2|jmz900|169|1515\n|teamsize|p1|6\n|teamsize|p2|6\n|gen|9\n|tier|[Gen 9] VGC 2023 Regulation C\n|rated|\n|rule|Species Clause: Limit one of each Pok\u00e9mon\n|rule|Item Clause: Limit one of each item\n|clearpoke\n|poke|p1|Orthworm, L50, F|\n|poke|p1|Dragonite, L50, F|\n|poke|p1|Ting-Lu, L50|\n|poke|p1|Gyarados, L50, M|\n|poke|p1|Flutter Mane, L50|\n|poke|p1|Chien-Pao, L50|\n|poke|p2|Palafin, L50, F|\n|poke|p2|Baxcalibur, L50, M|\n|poke|p2|Ting-Lu, L50|\n|poke|p2|Arcanine, L50, M|\n|poke|p2|Amoonguss, L50, M|\n|poke|p2|Flutter Mane, L50|\n|teampreview|4\n|\n|t:|1681772067\n|start\n|switch|p1a: Orthworm|Orthworm, L50, F|100\/100\n|switch|p1b: Gyarados|Gyarados, L50, M|100\/100\n|switch|p2a: Baxcalibur|Baxcalibur, L50, M|100\/100\n|switch|p2b: Arcanine|Arcanine, L50, M|100\/100\n|-ability|p1b: Gyarados|Intimidate|boost\n|-fail|p2a: Baxcalibur|unboost|[from] item: Clear Amulet|[of] p2a: Baxcalibur\n|-unboost|p2b: Arcanine|atk|1\n|-ability|p2b: Arcanine|Intimidate|boost\n|-unboost|p1a: Orthworm|atk|1\n|-unboost|p1b: Gyarados|atk|1\n|turn|1\n|\n|t:|1681772089\n|move|p1b: Gyarados|Bulldoze|p2b: Arcanine|[spread] p2a,p2b\n|-immune|p1a: Orthworm|[from] ability: Earth Eater\n|-supereffective|p2b: Arcanine\n|-damage|p2a: Baxcalibur|94\/100\n|-damage|p2b: Arcanine|81\/100\n|-unboost|p2b: Arcanine|spe|1\n|move|p2a: Baxcalibur|Glaive Rush|p1a: Orthworm\n|-resisted|p1a: Orthworm\n|-damage|p1a: Orthworm|78\/100\n|-singlemove|p2a: Baxcalibur|Glaive Rush|[silent]\n|move|p1a: Orthworm|Shed Tail|p1a: Orthworm\n|-start|p1a: Orthworm|Substitute|[from] move: Shed Tail\n|-damage|p1a: Orthworm|28\/100\n|-enditem|p1a: Orthworm|Sitrus Berry|[eat]\n|-heal|p1a: Orthworm|53\/100|[from] item: Sitrus Berry\n|\n|t:|1681772102\n|switch|p1a: Dragonite|Dragonite, L50, F|100\/100|[from] Shed Tail\n|move|p2b: Arcanine|Howl|p2b: Arcanine|[spread] p2a,p2b\n|-boost|p2a: Baxcalibur|atk|1\n|-boost|p2b: Arcanine|atk|1\n|\n|upkeep\n|turn|2\n|\n|t:|1681772124\n|switch|p2b: Flutter Mane|Flutter Mane, L50|100\/100\n|move|p2a: Baxcalibur|Ice Shard|p1a: Dragonite\n|-supereffective|p1a: Dragonite\n|-crit|p1a: Dragonite\n|-end|p1a: Dragonite|Substitute\n|move|p1a: Dragonite|Earthquake|p2a: Baxcalibur|[spread] p2a,p2b\n|-immune|p1b: Gyarados\n|-damage|p2a: Baxcalibur|72\/100\n|-damage|p2b: Flutter Mane|58\/100\n|move|p1b: Gyarados|Thunder Wave|p2b: Flutter Mane\n|-status|p2b: Flutter Mane|par\n|\n|upkeep\n|turn|3\n|\n|t:|1681772147\n|-terastallize|p1a: Dragonite|Flying\n|move|p1a: Dragonite|Earthquake|p2a: Baxcalibur|[spread] p2a,p2b\n|-immune|p1b: Gyarados\n|-damage|p2a: Baxcalibur|48\/100\n|-damage|p2b: Flutter Mane|11\/100 par\n|move|p1b: Gyarados|Bulldoze|p2b: Flutter Mane|[spread] p2a,p2b\n|-immune|p1a: Dragonite\n|-damage|p2a: Baxcalibur|41\/100\n|-damage|p2b: Flutter Mane|0 fnt\n|faint|p2b: Flutter Mane\n|-end|p2b: Flutter Mane|Protosynthesis|[silent]\n|move|p2a: Baxcalibur|Icicle Crash|p1a: Dragonite\n|-supereffective|p1a: Dragonite\n|-damage|p1a: Dragonite|16\/100\n|\n|upkeep\n|\n|t:|1681772167\n|switch|p2b: Amoonguss|Amoonguss, L50, M|100\/100\n|turn|4\n|\n|t:|1681772183\n|switch|p1a: Orthworm|Orthworm, L50, F|53\/100\n|move|p2a: Baxcalibur|Ice Shard|p1a: Orthworm\n|-resisted|p1a: Orthworm\n|-damage|p1a: Orthworm|39\/100\n|move|p1b: Gyarados|Bulldoze|p2a: Baxcalibur|[spread] p2a,p2b\n|-heal|p1a: Orthworm|64\/100|[from] ability: Earth Eater|[of] p1b: Gyarados\n|-damage|p2a: Baxcalibur|33\/100\n|-damage|p2b: Amoonguss|94\/100\n|-unboost|p2b: Amoonguss|spe|1\n|move|p2b: Amoonguss|Pollen Puff|p2a: Baxcalibur\n|-heal|p2a: Baxcalibur|83\/100\n|\n|upkeep\n|turn|5\n|\n|t:|1681772205\n|switch|p2b: Arcanine|Arcanine, L50, M|81\/100\n|-ability|p2b: Arcanine|Intimidate|boost\n|-unboost|p1a: Orthworm|atk|1\n|-unboost|p1b: Gyarados|atk|1\n|move|p1b: Gyarados|Taunt|p2b: Arcanine\n|-start|p2b: Arcanine|move: Taunt\n|move|p2a: Baxcalibur|Glaive Rush|p1b: Gyarados\n|-damage|p1b: Gyarados|0 fnt\n|-singlemove|p2a: Baxcalibur|Glaive Rush|[silent]\n|faint|p1b: Gyarados\n|move|p1a: Orthworm|Body Press|p2a: Baxcalibur\n|-supereffective|p2a: Baxcalibur\n|-damage|p2a: Baxcalibur|0 fnt\n|faint|p2a: Baxcalibur\n|\n|upkeep\n|\n|t:|1681772219\n|switch|p1b: Ting-Lu|Ting-Lu, L50|100\/100\n|switch|p2a: Amoonguss|Amoonguss, L50, M|100\/100\n|-ability|p1b: Ting-Lu|Vessel of Ruin\n|turn|6\n|\n|t:|1681772235\n|move|p2b: Arcanine|Flare Blitz|p1a: Orthworm\n|-supereffective|p1a: Orthworm\n|-damage|p1a: Orthworm|0 fnt\n|faint|p1a: Orthworm\n|-damage|p2b: Arcanine|63\/100|[from] Recoil\n|move|p1b: Ting-Lu|Earthquake|p2b: Arcanine|[spread] p2a,p2b\n|-supereffective|p2b: Arcanine\n|-damage|p2a: Amoonguss|64\/100\n|-damage|p2b: Arcanine|0 fnt\n|faint|p2b: Arcanine\n|move|p2a: Amoonguss|Spore|p1b: Ting-Lu\n|-status|p1b: Ting-Lu|slp|[from] move: Spore\n|\n|upkeep\n|\n|t:|1681772244\n|switch|p1a: Dragonite|Dragonite, L50, F, tera:Flying|16\/100\n|turn|7\n|-message|jmz900 forfeited.\n|\n|win|Keveloper\n|raw|Keveloper's rating: 1419 → 1444<\/strong> (+25 for winning)\n|raw|jmz900's rating: 1515 → 1490<\/strong> (-25 for losing)\n|l|\u2606jmz900\n","uploadtime":1681772257,"views":7,"p1id":"keveloper","p2id":"jmz900","formatid":"gen9vgc2023regulationc","rating":1444,"private":0,"password":""}