{"id":"gen9vgc2023regulationc-1861113810","p1":"Double Clxtch","p2":"ECMBB","format":"[Gen 9] VGC 2023 Regulation C","log":"|j|\u2606Double Clxtch\n|j|\u2606ECMBB\n|t:|1683727781\n|gametype|doubles\n|player|p1|Double Clxtch|blue|1146\n|player|p2|ECMBB|koga|1145\n|teamsize|p1|6\n|teamsize|p2|6\n|gen|9\n|tier|[Gen 9] VGC 2023 Regulation C\n|rated|\n|rule|Species Clause: Limit one of each Pok\u00e9mon\n|rule|Item Clause: Limit one of each item\n|clearpoke\n|poke|p1|Orthworm, L50, M|\n|poke|p1|Gyarados, L50, F|\n|poke|p1|Salamence, L50, F|\n|poke|p1|Ting-Lu, L50|\n|poke|p1|Roaring Moon, L50|\n|poke|p1|Grimmsnarl, L50, M|\n|poke|p2|Floatzel, L50, M|\n|poke|p2|Pelipper, L50, M|\n|poke|p2|Rotom-Wash, L50|\n|poke|p2|Gastrodon-East, L50, M|\n|poke|p2|Palafin, L50, M|\n|poke|p2|Gyarados, L50, F|\n|teampreview|4\n|inactive|Battle timer is ON: inactive players will automatically lose when time's up. (requested by ECMBB)\n|inactive|ECMBB has 60 seconds left.\n|\n|t:|1683727856\n|start\n|switch|p1a: Grimmsnarl|Grimmsnarl, L50, M, shiny|100\/100\n|switch|p1b: Orthworm|Orthworm, L50, M, shiny|100\/100\n|switch|p2a: Pelipper|Pelipper, L50, M|100\/100\n|switch|p2b: Gastrodon|Gastrodon-East, L50, M|100\/100\n|-weather|RainDance|[from] ability: Drizzle|[of] p2a: Pelipper\n|turn|1\n|\n|t:|1683727877\n|move|p1a: Grimmsnarl|Light Screen|p1a: Grimmsnarl\n|-sidestart|p1: Double Clxtch|move: Light Screen\n|move|p2a: Pelipper|Tailwind|p2a: Pelipper\n|-sidestart|p2: ECMBB|move: Tailwind\n|move|p2b: Gastrodon|Yawn|p1a: Grimmsnarl\n|-start|p1a: Grimmsnarl|move: Yawn|[of] p2b: Gastrodon\n|move|p1b: Orthworm|Coil|p1b: Orthworm\n|-boost|p1b: Orthworm|atk|1\n|-boost|p1b: Orthworm|def|1\n|-boost|p1b: Orthworm|accuracy|1\n|\n|-weather|RainDance|[upkeep]\n|upkeep\n|turn|2\n|inactive|Double Clxtch has 30 seconds left.\n|\n|t:|1683727905\n|switch|p1b: Ting-Lu|Ting-Lu, L50|100\/100\n|-ability|p1b: Ting-Lu|Vessel of Ruin\n|move|p1a: Grimmsnarl|Parting Shot|p2b: Gastrodon\n|-unboost|p2b: Gastrodon|atk|1\n|-unboost|p2b: Gastrodon|spa|1\n|\n|t:|1683727913\n|switch|p1a: Salamence|Salamence, L50, F, shiny|100\/100|[from] Parting Shot\n|move|p2a: Pelipper|Hurricane|p1a: Salamence\n|-damage|p1a: Salamence|73\/100\n|move|p2b: Gastrodon|Yawn|p1b: Ting-Lu\n|-start|p1b: Ting-Lu|move: Yawn|[of] p2b: Gastrodon\n|\n|-weather|RainDance|[upkeep]\n|upkeep\n|turn|3\n|\n|t:|1683727933\n|move|p2a: Pelipper|Surf|p1b: Ting-Lu|[spread] p1a,p1b\n|-ability|p2b: Gastrodon|Storm Drain|boost\n|-boost|p2b: Gastrodon|spa|1\n|-resisted|p1a: Salamence\n|-supereffective|p1b: Ting-Lu\n|-damage|p1a: Salamence|61\/100\n|-damage|p1b: Ting-Lu|83\/100\n|move|p1a: Salamence|Dragon Dance|p1a: Salamence\n|-boost|p1a: Salamence|atk|1\n|-boost|p1a: Salamence|spe|1\n|move|p2b: Gastrodon|Surf|p1a: Salamence|[spread] p2a,p1a,p1b\n|-resisted|p2a: Pelipper\n|-resisted|p1a: Salamence\n|-supereffective|p1b: Ting-Lu\n|-damage|p2a: Pelipper|80\/100\n|-damage|p1a: Salamence|50\/100\n|-damage|p1b: Ting-Lu|67\/100\n|move|p1b: Ting-Lu|Ruination|p2b: Gastrodon|[miss]\n|-miss|p1b: Ting-Lu|p2b: Gastrodon\n|\n|-weather|RainDance|[upkeep]\n|-end|p1b: Ting-Lu|move: Yawn|[silent]\n|-status|p1b: Ting-Lu|slp\n|upkeep\n|turn|4\n|\n|t:|1683727957\n|switch|p2a: Rotom|Rotom-Wash, L50|100\/100\n|move|p1a: Salamence|Dragon Dance|p1a: Salamence\n|-boost|p1a: Salamence|atk|1\n|-boost|p1a: Salamence|spe|1\n|move|p2b: Gastrodon|Surf|p1b: Ting-Lu|[spread] p2a,p1a,p1b\n|-resisted|p2a: Rotom\n|-resisted|p1a: Salamence\n|-supereffective|p1b: Ting-Lu\n|-damage|p2a: Rotom|87\/100\n|-damage|p1a: Salamence|40\/100\n|-damage|p1b: Ting-Lu|51\/100 slp\n|cant|p1b: Ting-Lu|slp\n|\n|-weather|RainDance|[upkeep]\n|-sideend|p2: ECMBB|move: Tailwind\n|upkeep\n|turn|5\n|\n|t:|1683727980\n|move|p2b: Gastrodon|Protect|p2b: Gastrodon\n|-singleturn|p2b: Gastrodon|Protect\n|move|p1a: Salamence|Dragon Dance|p1a: Salamence\n|-boost|p1a: Salamence|atk|1\n|-boost|p1a: Salamence|spe|1\n|move|p2a: Rotom|Thunder|p1a: Salamence\n|-damage|p1a: Salamence|11\/100\n|cant|p1b: Ting-Lu|slp\n|\n|-weather|RainDance|[upkeep]\n|upkeep\n|turn|6\n|\n|t:|1683728003\n|move|p1a: Salamence|Outrage|p2b: Gastrodon\n|-damage|p2b: Gastrodon|0 fnt\n|faint|p2b: Gastrodon\n|-ability|p1a: Salamence|Moxie|boost\n|-boost|p1a: Salamence|atk|1\n|move|p2a: Rotom|Light Screen|p2a: Rotom\n|-sidestart|p2: ECMBB|move: Light Screen\n|cant|p1b: Ting-Lu|slp\n|\n|-weather|RainDance|[upkeep]\n|upkeep\n|\n|t:|1683728015\n|switch|p2b: Floatzel|Floatzel, L50, M|100\/100\n|turn|7\n|\n|t:|1683728030\n|-terastallize|p2b: Floatzel|Water\n|move|p2b: Floatzel|Aqua Jet|p1a: Salamence\n|-resisted|p1a: Salamence\n|-damage|p1a: Salamence|0 fnt\n|faint|p1a: Salamence\n|move|p2a: Rotom|Volt Switch|p1b: Ting-Lu\n|-immune|p1b: Ting-Lu\n|-curestatus|p1b: Ting-Lu|slp|[msg]\n|move|p1b: Ting-Lu|Ruination|p2a: Rotom\n|-damage|p2a: Rotom|44\/100\n|\n|-weather|RainDance|[upkeep]\n|upkeep\n|\n|t:|1683728044\n|switch|p1a: Orthworm|Orthworm, L50, M, shiny|100\/100\n|turn|8\n|\n|t:|1683728057\n|move|p2b: Floatzel|Aqua Jet|p1b: Ting-Lu\n|-supereffective|p1b: Ting-Lu\n|-damage|p1b: Ting-Lu|0 fnt\n|faint|p1b: Ting-Lu\n|move|p2a: Rotom|Will-O-Wisp|p1a: Orthworm\n|-status|p1a: Orthworm|brn\n|move|p1a: Orthworm|Coil|p1a: Orthworm\n|-boost|p1a: Orthworm|atk|1\n|-boost|p1a: Orthworm|def|1\n|-boost|p1a: Orthworm|accuracy|1\n|\n|-weather|none\n|-damage|p1a: Orthworm|94\/100 brn|[from] brn\n|-sideend|p1: Double Clxtch|move: Light Screen\n|upkeep\n|\n|t:|1683728073\n|switch|p1b: Grimmsnarl|Grimmsnarl, L50, M, shiny|100\/100\n|turn|9\n|\n|t:|1683728086\n|switch|p2a: Pelipper|Pelipper, L50, M|80\/100\n|-weather|RainDance|[from] ability: Drizzle|[of] p2a: Pelipper\n|move|p2b: Floatzel|Aqua Jet|p1a: Orthworm\n|-damage|p1a: Orthworm|74\/100 brn\n|move|p1b: Grimmsnarl|Thunder Wave|p2b: Floatzel\n|-status|p2b: Floatzel|par\n|move|p1a: Orthworm|Coil|p1a: Orthworm\n|-boost|p1a: Orthworm|atk|1\n|-boost|p1a: Orthworm|def|1\n|-boost|p1a: Orthworm|accuracy|1\n|\n|-weather|RainDance|[upkeep]\n|-damage|p1a: Orthworm|68\/100 brn|[from] brn\n|upkeep\n|turn|10\n|inactive|ECMBB has 30 seconds left.\n|\n|t:|1683728117\n|cant|p2b: Floatzel|par\n|move|p1b: Grimmsnarl|Thunder Wave|p2a: Pelipper\n|-status|p2a: Pelipper|par\n|move|p1a: Orthworm|Coil|p1a: Orthworm\n|-boost|p1a: Orthworm|atk|1\n|-boost|p1a: Orthworm|def|1\n|-boost|p1a: Orthworm|accuracy|1\n|move|p2a: Pelipper|Tailwind|p2a: Pelipper\n|-sidestart|p2: ECMBB|move: Tailwind\n|\n|-weather|RainDance|[upkeep]\n|-damage|p1a: Orthworm|62\/100 brn|[from] brn\n|-sideend|p2: ECMBB|move: Light Screen\n|upkeep\n|turn|11\n|inactive|Double Clxtch has 30 seconds left.\n|inactive|ECMBB has 30 seconds left.\n|inactive|Double Clxtch has 20 seconds left.\n|\n|t:|1683728155\n|move|p2b: Floatzel|Aqua Jet|p1b: Grimmsnarl\n|-damage|p1b: Grimmsnarl|57\/100\n|move|p1b: Grimmsnarl|Reflect|p1b: Grimmsnarl\n|-sidestart|p1: Double Clxtch|Reflect\n|move|p2a: Pelipper|Hurricane|p1b: Grimmsnarl\n|-crit|p1b: Grimmsnarl\n|-damage|p1b: Grimmsnarl|0 fnt\n|faint|p1b: Grimmsnarl\n|move|p1a: Orthworm|Body Press|p2b: Floatzel\n|-crit|p2b: Floatzel\n|-damage|p2b: Floatzel|10\/100 par\n|\n|-weather|RainDance|[upkeep]\n|-damage|p1a: Orthworm|55\/100 brn|[from] brn\n|upkeep\n|turn|12\n|\n|t:|1683728178\n|move|p2b: Floatzel|Protect|p2b: Floatzel\n|-singleturn|p2b: Floatzel|Protect\n|move|p2a: Pelipper|Hurricane|p1a: Orthworm\n|-resisted|p1a: Orthworm\n|-damage|p1a: Orthworm|33\/100 brn\n|-enditem|p1a: Orthworm|Sitrus Berry|[eat]\n|-heal|p1a: Orthworm|58\/100 brn|[from] item: Sitrus Berry\n|move|p1a: Orthworm|Body Press|p2a: Pelipper\n|-resisted|p2a: Pelipper\n|-damage|p2a: Pelipper|63\/100 par\n|\n|-weather|RainDance|[upkeep]\n|-damage|p1a: Orthworm|51\/100 brn|[from] brn\n|upkeep\n|turn|13\n|\n|t:|1683728194\n|switch|p2b: Rotom|Rotom-Wash, L50|44\/100\n|cant|p2a: Pelipper|par\n|move|p1a: Orthworm|Iron Head|p2a: Pelipper\n|-resisted|p2a: Pelipper\n|-damage|p2a: Pelipper|48\/100 par\n|\n|-weather|RainDance|[upkeep]\n|-damage|p1a: Orthworm|45\/100 brn|[from] brn\n|-sideend|p2: ECMBB|move: Tailwind\n|upkeep\n|turn|14\n|\n|t:|1683728211\n|move|p2b: Rotom|Light Screen|p2b: Rotom\n|-sidestart|p2: ECMBB|move: Light Screen\n|move|p1a: Orthworm|Body Press|p2b: Rotom\n|-damage|p2b: Rotom|12\/100\n|-enditem|p2b: Rotom|Aguav Berry|[eat]\n|-heal|p2b: Rotom|45\/100|[from] item: Aguav Berry\n|move|p2a: Pelipper|Tailwind|p2a: Pelipper\n|-sidestart|p2: ECMBB|move: Tailwind\n|\n|-weather|RainDance|[upkeep]\n|-damage|p1a: Orthworm|39\/100 brn|[from] brn\n|upkeep\n|turn|15\n|\n|t:|1683728226\n|move|p2b: Rotom|Thunder|p1a: Orthworm\n|-damage|p1a: Orthworm|0 fnt\n|faint|p1a: Orthworm\n|\n|win|ECMBB\n|raw|Double Clxtch's rating: 1146 → 1121<\/strong> (-25 for losing)\n|raw|ECMBB's rating: 1145 → 1170<\/strong> (+25 for winning)\n|l|\u2606Double Clxtch\n","uploadtime":1683728234,"views":16,"p1id":"doubleclxtch","p2id":"ecmbb","formatid":"gen9vgc2023regulationc","rating":1121,"private":0,"password":""}