{"id":"gen9vgc2023regulationc-1847029567","p1":"jessemonxyj","p2":"ANTIVALLEY","format":"[Gen 9] VGC 2023 Regulation C","log":"|j|\u203djessemonxyj\n|j|\u2606ANTIVALLEY\n|t:|1681913138\n|gametype|doubles\n|player|p1|jessemonxyj|gentleman-gen4|1228\n|player|p2|ANTIVALLEY|penny|1125\n|teamsize|p1|6\n|teamsize|p2|6\n|gen|9\n|tier|[Gen 9] VGC 2023 Regulation C\n|rated|\n|rule|Species Clause: Limit one of each Pok\u00e9mon\n|rule|Item Clause: Limit one of each item\n|clearpoke\n|poke|p1|Gastrodon-East, L50, M|\n|poke|p1|Mimikyu, L50, M|\n|poke|p1|Volcarona, L50, M|\n|poke|p1|Kilowattrel, L50, M|\n|poke|p1|Kingambit, L50, F|\n|poke|p1|Tauros-Paldea-Aqua, L50, M|\n|poke|p2|Lycanroc, L50, M|\n|poke|p2|Tyranitar, L50, F|\n|poke|p2|Flutter Mane, L50|\n|poke|p2|Chi-Yu, L50|\n|poke|p2|Farigiraf, L50, F|\n|poke|p2|Gyarados, L50, F|\n|teampreview|4\nANTIVALLEY rejected open team sheets.\n|\n|t:|1681913208\n|start\n|switch|p1a: Kilowattrel|Kilowattrel, L50, M, shiny|100\/100\n|switch|p1b: Volcarona|Volcarona, L50, M|100\/100\n|switch|p2a: Lycanroc|Lycanroc, L50, M|100\/100\n|switch|p2b: Tyranitar|Tyranitar, L50, F|100\/100\n|-weather|Sandstorm|[from] ability: Sand Stream|[of] p2b: Tyranitar\n|turn|1\n|\n|t:|1681913233\n|switch|p1a: Tauros|Tauros-Paldea-Aqua, L50, M, shiny|100\/100\n|-ability|p1a: Tauros|Intimidate|boost\n|-unboost|p2a: Lycanroc|atk|1\n|-unboost|p2b: Tyranitar|atk|1\n|switch|p1b: Gastrodon|Gastrodon-East, L50, M|100\/100\n|move|p2a: Lycanroc|Rock Blast|p1a: Tauros\n|-resisted|p1a: Tauros\n|-crit|p1a: Tauros\n|-damage|p1a: Tauros|92\/100\n|-resisted|p1a: Tauros\n|-damage|p1a: Tauros|88\/100\n|-resisted|p1a: Tauros\n|-damage|p1a: Tauros|84\/100\n|-resisted|p1a: Tauros\n|-damage|p1a: Tauros|80\/100\n|-hitcount|p1a: Tauros|4\n|move|p2b: Tyranitar|Rock Slide|p1a: Tauros|[spread] p1a,p1b\n|-resisted|p1a: Tauros\n|-resisted|p1b: Gastrodon\n|-damage|p1a: Tauros|70\/100\n|-damage|p1b: Gastrodon|91\/100\n|\n|-weather|Sandstorm|[upkeep]\n|-damage|p1a: Tauros|64\/100|[from] Sandstorm\n|-heal|p1b: Gastrodon|97\/100|[from] item: Leftovers\n|upkeep\n|turn|2\n|\n|t:|1681913265\n|switch|p2b: Flutter Mane|Flutter Mane, L50|100\/100\n|-enditem|p2b: Flutter Mane|Booster Energy\n|-activate|p2b: Flutter Mane|ability: Protosynthesis|[fromitem]\n|-start|p2b: Flutter Mane|protosynthesisspe\n|move|p2a: Lycanroc|Endure|p2a: Lycanroc\n|-singleturn|p2a: Lycanroc|move: Endure\n|move|p1a: Tauros|Close Combat|p2a: Lycanroc\n|-supereffective|p2a: Lycanroc\n|-activate|p2a: Lycanroc|move: Endure\n|-damage|p2a: Lycanroc|1\/100\n|-unboost|p1a: Tauros|def|1\n|-unboost|p1a: Tauros|spd|1\n|move|p1b: Gastrodon|Earth Power|p2b: Flutter Mane\n|-damage|p2b: Flutter Mane|72\/100\n|\n|-weather|Sandstorm|[upkeep]\n|-damage|p2b: Flutter Mane|66\/100|[from] Sandstorm\n|-damage|p1a: Tauros|58\/100|[from] Sandstorm\n|-heal|p1b: Gastrodon|100\/100|[from] item: Leftovers\n|upkeep\n|turn|3\n|\n|t:|1681913288\n|move|p2a: Lycanroc|Endeavor|p1b: Gastrodon\n|-damage|p1b: Gastrodon|1\/100\n|move|p2b: Flutter Mane|Dazzling Gleam|p1a: Tauros|[spread] p1a,p1b\n|-supereffective|p1a: Tauros\n|-damage|p1a: Tauros|0 fnt\n|-damage|p1b: Gastrodon|0 fnt\n|faint|p1a: Tauros\n|faint|p1b: Gastrodon\n|\n|-weather|Sandstorm|[upkeep]\n|-damage|p2b: Flutter Mane|60\/100|[from] Sandstorm\n|upkeep\n|\n|t:|1681913300\n|switch|p1a: Volcarona|Volcarona, L50, M|100\/100\n|switch|p1b: Kilowattrel|Kilowattrel, L50, M, shiny|100\/100\n|turn|4\n|\n|t:|1681913316\n|move|p1b: Kilowattrel|Protect|p1b: Kilowattrel\n|-singleturn|p1b: Kilowattrel|Protect\n|move|p2a: Lycanroc|Rock Slide|p1a: Volcarona|[spread] p1a\n|-activate|p1b: Kilowattrel|move: Protect\n|-supereffective|p1a: Volcarona\n|-damage|p1a: Volcarona|7\/100\n|move|p2b: Flutter Mane|Shadow Ball|p1b: Kilowattrel\n|-activate|p1b: Kilowattrel|move: Protect\n|move|p1a: Volcarona|Heat Wave|p2a: Lycanroc|[spread] p2a,p2b\n|-resisted|p2a: Lycanroc\n|-damage|p2a: Lycanroc|0 fnt\n|-damage|p2b: Flutter Mane|15\/100\n|faint|p2a: Lycanroc\n|\n|-weather|Sandstorm|[upkeep]\n|-damage|p2b: Flutter Mane|9\/100|[from] Sandstorm\n|-damage|p1b: Kilowattrel|94\/100|[from] Sandstorm\n|-damage|p1a: Volcarona|0 fnt|[from] Sandstorm\n|faint|p1a: Volcarona\n|upkeep\n|\n|t:|1681913332\n|switch|p2a: Chi-Yu|Chi-Yu, L50|100\/100\n|-ability|p2a: Chi-Yu|Beads of Ruin\n|turn|5\n|\n|t:|1681913350\n|move|p2b: Flutter Mane|Shadow Ball|p1b: Kilowattrel\n|-damage|p1b: Kilowattrel|0 fnt\n|faint|p1b: Kilowattrel\n|\n|win|ANTIVALLEY\n|raw|jessemonxyj's rating: 1228 → 1196<\/strong> (-32 for losing)\n|raw|ANTIVALLEY's rating: 1125 → 1157<\/strong> (+32 for winning)\n|l|\u203djessemonxyj\n","uploadtime":1681913368,"views":7,"p1id":"jessemonxyj","p2id":"antivalley","formatid":"gen9vgc2023regulationc","rating":1157,"private":0,"password":""}