{"id":"gen9vgc2023regulationc-1855846823","p1":"Lokingkong","p2":"UltimoRyu","format":"[Gen 9] VGC 2023 Regulation C","log":"|j|\u2606Lokingkong\n|j|\u2606UltimoRyu\n|t:|1682991206\n|gametype|doubles\n|player|p1|Lokingkong|101|1089\n|player|p2|UltimoRyu|crasherwake|1131\n|teamsize|p1|6\n|teamsize|p2|6\n|gen|9\n|tier|[Gen 9] VGC 2023 Regulation C\n|rated|\n|rule|Species Clause: Limit one of each Pok\u00e9mon\n|rule|Item Clause: Limit one of each item\n|clearpoke\n|poke|p1|Amoonguss, L50, F|\n|poke|p1|Torkoal, L50, F|\n|poke|p1|Flutter Mane, L50|\n|poke|p1|Chien-Pao, L50|\n|poke|p1|Orthworm, L50, F|\n|poke|p1|Dragonite, L50, F|\n|poke|p2|Garchomp, L50, F|\n|poke|p2|Rotom-Wash, L50|\n|poke|p2|Iron Bundle, L50|\n|poke|p2|Gyarados, L50, F|\n|poke|p2|Slither Wing, L50|\n|poke|p2|Gardevoir, L50, M|\n|teampreview|4\n|\n|t:|1682991287\n|start\n|switch|p1a: Amoonguss|Amoonguss, L50, F|100\/100\n|switch|p1b: Flutter Mane|Flutter Mane, L50|100\/100\n|switch|p2a: Gardevoir|Gardevoir, L50, M|100\/100\n|switch|p2b: Rotom|Rotom-Wash, L50|100\/100\n|turn|1\n|\n|t:|1682991309\n|-end|p1b: Flutter Mane|Protosynthesis|[silent]\n|switch|p1b: Torkoal|Torkoal, L50, F|100\/100\n|-weather|SunnyDay|[from] ability: Drought|[of] p1b: Torkoal\n|move|p2b: Rotom|Discharge|p1a: Amoonguss|[spread] p1a,p1b\n|-activate|p2a: Gardevoir|ability: Telepathy\n|-resisted|p1a: Amoonguss\n|-damage|p1a: Amoonguss|91\/100\n|-damage|p1b: Torkoal|68\/100\n|move|p2a: Gardevoir|Light Screen|p2a: Gardevoir\n|-sidestart|p2: UltimoRyu|move: Light Screen\n|move|p1a: Amoonguss|Solar Beam||[still]\n|-prepare|p1a: Amoonguss|Solar Beam\n|-anim|p1a: Amoonguss|Solar Beam|p2b: Rotom\n|-supereffective|p2b: Rotom\n|-damage|p2b: Rotom|44\/100\n|\n|-weather|SunnyDay|[upkeep]\n|upkeep\n|turn|2\n|\n|t:|1682991346\n|move|p2b: Rotom|Hydro Pump|p1b: Torkoal\n|-supereffective|p1b: Torkoal\n|-damage|p1b: Torkoal|10\/100\n|-enditem|p1b: Torkoal|Sitrus Berry|[eat]\n|-heal|p1b: Torkoal|34\/100|[from] item: Sitrus Berry\n|move|p2a: Gardevoir|Psyshock|p1a: Amoonguss\n|-supereffective|p1a: Amoonguss\n|-damage|p1a: Amoonguss|24\/100\n|move|p1b: Torkoal|Heat Wave|p2b: Rotom|[spread] p2a,p2b\n|-resisted|p2b: Rotom\n|-damage|p2a: Gardevoir|82\/100\n|-damage|p2b: Rotom|32\/100\n|move|p1a: Amoonguss|Spore|p2a: Gardevoir\n|-status|p2a: Gardevoir|slp|[from] move: Spore\n|\n|-weather|SunnyDay|[upkeep]\n|-heal|p2a: Gardevoir|87\/100 slp|[from] item: Leftovers\n|upkeep\n|turn|3\n|\n|t:|1682991365\n|switch|p2a: Garchomp|Garchomp, L50, F|100\/100\n|move|p1b: Torkoal|Protect|p1b: Torkoal\n|-singleturn|p1b: Torkoal|Protect\n|move|p2b: Rotom|Discharge|p1b: Torkoal|[spread] p1a\n|-activate|p1b: Torkoal|move: Protect\n|-immune|p2a: Garchomp\n|-resisted|p1a: Amoonguss\n|-damage|p1a: Amoonguss|13\/100\n|-status|p1a: Amoonguss|par\n|move|p1a: Amoonguss|Solar Beam||[still]\n|-prepare|p1a: Amoonguss|Solar Beam\n|-anim|p1a: Amoonguss|Solar Beam|p2b: Rotom\n|-supereffective|p2b: Rotom\n|-damage|p2b: Rotom|0 fnt\n|faint|p2b: Rotom\n|\n|-weather|SunnyDay|[upkeep]\n|upkeep\n|\n|t:|1682991388\n|switch|p2b: Slither Wing|Slither Wing, L50|100\/100\n|-activate|p2b: Slither Wing|ability: Protosynthesis\n|-start|p2b: Slither Wing|protosynthesisatk\n|turn|4\n|\n|t:|1682991411\n|switch|p1a: Flutter Mane|Flutter Mane, L50|100\/100\n|-activate|p1a: Flutter Mane|ability: Protosynthesis\n|-start|p1a: Flutter Mane|protosynthesisspe\n|move|p2a: Garchomp|Rock Slide|p1b: Torkoal|[spread] p1a,p1b\n|-supereffective|p1b: Torkoal\n|-damage|p1a: Flutter Mane|52\/100\n|-damage|p1b: Torkoal|3\/100\n|move|p2b: Slither Wing|Flare Blitz|p1a: Flutter Mane\n|-damage|p1a: Flutter Mane|0 fnt\n|faint|p1a: Flutter Mane\n|-end|p1a: Flutter Mane|Protosynthesis|[silent]\n|-damage|p2b: Slither Wing|89\/100|[from] Recoil\n|cant|p1b: Torkoal|flinch\n|\n|-weather|SunnyDay|[upkeep]\n|upkeep\n|\n|t:|1682991432\n|switch|p1a: Dragonite|Dragonite, L50, F|100\/100\n|turn|5\n|\n|t:|1682991473\n|-terastallize|p1a: Dragonite|Normal\n|-terastallize|p2b: Slither Wing|Steel\n|move|p1b: Torkoal|Helping Hand|p1a: Dragonite\n|-singleturn|p1a: Dragonite|Helping Hand|[of] p1b: Torkoal\n|move|p1a: Dragonite|Dragon Claw|p2a: Garchomp\n|-supereffective|p2a: Garchomp\n|-damage|p2a: Garchomp|0 fnt\n|-damage|p1a: Dragonite|88\/100|[from] ability: Rough Skin|[of] p2a: Garchomp\n|faint|p2a: Garchomp\n|move|p2b: Slither Wing|Flare Blitz|p1a: Dragonite\n|-damage|p1a: Dragonite|0 fnt\n|faint|p1a: Dragonite\n|-damage|p2b: Slither Wing|62\/100|[from] Recoil\n|\n|-weather|none\n|-end|p2b: Slither Wing|Protosynthesis\n|-sideend|p2: UltimoRyu|move: Light Screen\n|upkeep\n|\n|t:|1682991492\n|switch|p1a: Amoonguss|Amoonguss, L50, F|46\/100 par\n|switch|p2a: Gardevoir|Gardevoir, L50, M|87\/100 slp\n|turn|6\n|\n|t:|1682991512\n|move|p1a: Amoonguss|Rage Powder|p1a: Amoonguss\n|-singleturn|p1a: Amoonguss|move: Rage Powder\n|move|p2b: Slither Wing|Flare Blitz|p1a: Amoonguss\n|-supereffective|p1a: Amoonguss\n|-damage|p1a: Amoonguss|0 fnt\n|-damage|p2b: Slither Wing|46\/100|[from] item: Rocky Helmet|[of] p1a: Amoonguss\n|faint|p1a: Amoonguss\n|-damage|p2b: Slither Wing|29\/100|[from] Recoil\n|cant|p2a: Gardevoir|slp\n|move|p1b: Torkoal|Heat Wave|p2b: Slither Wing|[spread] p2a,p2b\n|-supereffective|p2b: Slither Wing\n|-damage|p2a: Gardevoir|67\/100 slp\n|-damage|p2b: Slither Wing|0 fnt\n|faint|p2b: Slither Wing\n|-end|p2b: Slither Wing|Protosynthesis|[silent]\n|\n|-heal|p2a: Gardevoir|72\/100 slp|[from] item: Leftovers\n|upkeep\n|turn|7\n|\n|t:|1682991528\n|-curestatus|p2a: Gardevoir|slp|[msg]\n|move|p2a: Gardevoir|Psyshock|p1b: Torkoal\n|-damage|p1b: Torkoal|0 fnt\n|faint|p1b: Torkoal\n|\n|win|UltimoRyu\n|raw|Lokingkong's rating: 1089 → 1068<\/strong> (-21 for losing)\n|raw|UltimoRyu's rating: 1131 → 1153<\/strong> (+22 for winning)\n|l|\u2606Lokingkong\n|c|\u2606UltimoRyu|Gg\n","uploadtime":1682991546,"views":15,"p1id":"lokingkong","p2id":"ultimoryu","formatid":"gen9vgc2023regulationc","rating":1068,"private":0,"password":""}