{"id":"gen9vgc2023regulationc-1854827484","p1":"Betty23333","p2":"tomato233","format":"[Gen 9] VGC 2023 Regulation C","log":"|j|\u2606Betty23333\n|j|\u2606tomato233\n|t:|1682870704\n|gametype|doubles\n|player|p1|Betty23333|lass-gen4dp|\n|player|p2|tomato233|hilbert|\n|teamsize|p1|6\n|teamsize|p2|6\n|gen|9\n|tier|[Gen 9] VGC 2023 Regulation C\n|rule|Species Clause: Limit one of each Pok\u00e9mon\n|rule|Item Clause: Limit one of each item\n|clearpoke\n|poke|p1|Slowking, L50, M|\n|poke|p1|Glaceon, L50, F|\n|poke|p1|Amoonguss, L50, M|\n|poke|p1|Abomasnow, L50, M|\n|poke|p1|Mimikyu, L50, M|\n|poke|p1|Dragonite, L50, M|\n|poke|p2|Palafin, L50, M|\n|poke|p2|Blissey, L50, F|\n|poke|p2|Iron Moth, L50|\n|poke|p2|Orthworm, L50, M|\n|poke|p2|Ceruledge, L50, F|\n|poke|p2|Garganacl, L50, M|\n|teampreview|4\n|\n|t:|1682870745\n|start\n|switch|p1a: \u51b0\u5e03\u7740\u6025|Glaceon, L50, F|100\/100\n|switch|p1b: \u5f1f\u5f1f\u738b|Slowking, L50, M|100\/100\n|switch|p2a: Palafin|Palafin, L50, M|100\/100\n|switch|p2b: Garganacl|Garganacl, L50, M|100\/100\n|turn|1\n|l|\u2606Betty23333\n|player|p1|\n|j|\u2606Betty23333\n|player|p1|Betty23333|lass-gen4dp\n|\n|t:|1682870795\n|move|p2a: Palafin|Flip Turn|p1a: \u51b0\u5e03\u7740\u6025\n|-damage|p1a: \u51b0\u5e03\u7740\u6025|66\/100\n|\n|t:|1682870803\n|detailschange|p2a: Palafin|Palafin-Hero, L50, M\n|switch|p2a: Iron Moth|Iron Moth, L50|100\/100|[from] Flip Turn\n|move|p1a: \u51b0\u5e03\u7740\u6025|Freeze-Dry|p2a: Iron Moth\n|-resisted|p2a: Iron Moth\n|-damage|p2a: Iron Moth|79\/100\n|move|p2b: Garganacl|Tera Blast|p1b: \u5f1f\u5f1f\u738b\n|-damage|p1b: \u5f1f\u5f1f\u738b|93\/100\n|move|p1b: \u5f1f\u5f1f\u738b|Hydro Pump|p2b: Garganacl\n|-supereffective|p2b: Garganacl\n|-damage|p2b: Garganacl|42\/100\n|-enditem|p2b: Garganacl|Sitrus Berry|[eat]\n|-heal|p2b: Garganacl|66\/100|[from] item: Sitrus Berry\n|\n|-heal|p1a: \u51b0\u5e03\u7740\u6025|71\/100|[from] item: Leftovers\n|upkeep\n|turn|2\n|\n|t:|1682870840\n|move|p1a: \u51b0\u5e03\u7740\u6025|Protect|p1a: \u51b0\u5e03\u7740\u6025\n|-singleturn|p1a: \u51b0\u5e03\u7740\u6025|Protect\n|move|p2b: Garganacl|Protect|p2b: Garganacl\n|-singleturn|p2b: Garganacl|Protect\n|move|p2a: Iron Moth|Fiery Dance|p1a: \u51b0\u5e03\u7740\u6025\n|-activate|p1a: \u51b0\u5e03\u7740\u6025|move: Protect\n|move|p1b: \u5f1f\u5f1f\u738b|Hydro Pump|p2a: Iron Moth\n|-supereffective|p2a: Iron Moth\n|-damage|p2a: Iron Moth|0 fnt\n|faint|p2a: Iron Moth\n|-end|p2a: Iron Moth|Quark Drive|[silent]\n|\n|-heal|p1a: \u51b0\u5e03\u7740\u6025|77\/100|[from] item: Leftovers\n|upkeep\n|\n|t:|1682870861\n|switch|p2a: Palafin|Palafin-Hero, L50, M|100\/100\n|-activate|p2a: Palafin|ability: Zero to Hero\n|turn|3\n|\n|t:|1682870885\n|-terastallize|p1a: \u51b0\u5e03\u7740\u6025|Ice\n|move|p2a: Palafin|Jet Punch|p1b: \u5f1f\u5f1f\u738b\n|-resisted|p1b: \u5f1f\u5f1f\u738b\n|-damage|p1b: \u5f1f\u5f1f\u738b|66\/100\n|move|p1a: \u51b0\u5e03\u7740\u6025|Freeze-Dry|p2a: Palafin\n|-supereffective|p2a: Palafin\n|-crit|p2a: Palafin\n|-damage|p2a: Palafin|0 fnt\n|faint|p2a: Palafin\n|move|p2b: Garganacl|Recover|p2b: Garganacl\n|-heal|p2b: Garganacl|100\/100\n|move|p1b: \u5f1f\u5f1f\u738b|Hydro Pump|p2b: Garganacl\n|-supereffective|p2b: Garganacl\n|-damage|p2b: Garganacl|34\/100\n|\n|-heal|p1a: \u51b0\u5e03\u7740\u6025|83\/100|[from] item: Leftovers\n|upkeep\n|\n|t:|1682870902\n|switch|p2a: Ceruledge|Ceruledge, L50, F|100\/100\n|-item|p2a: Ceruledge|Air Balloon\n|turn|4\n|\n|t:|1682870946\n|-terastallize|p2a: Ceruledge|Fire\n|move|p1a: \u51b0\u5e03\u7740\u6025|Protect|p1a: \u51b0\u5e03\u7740\u6025\n|-singleturn|p1a: \u51b0\u5e03\u7740\u6025|Protect\n|move|p2a: Ceruledge|Bitter Blade|p1a: \u51b0\u5e03\u7740\u6025\n|-activate|p1a: \u51b0\u5e03\u7740\u6025|move: Protect\n|move|p2b: Garganacl|Earthquake|p1a: \u51b0\u5e03\u7740\u6025|[spread] p1b\n|-activate|p1a: \u51b0\u5e03\u7740\u6025|move: Protect\n|-immune|p2a: Ceruledge\n|-damage|p1b: \u5f1f\u5f1f\u738b|50\/100\n|-enditem|p1b: \u5f1f\u5f1f\u738b|Sitrus Berry|[eat]\n|-heal|p1b: \u5f1f\u5f1f\u738b|75\/100|[from] item: Sitrus Berry\n|move|p1b: \u5f1f\u5f1f\u738b|Power Gem|p2a: Ceruledge\n|-supereffective|p2a: Ceruledge\n|-damage|p2a: Ceruledge|42\/100\n|-enditem|p2a: Ceruledge|Air Balloon\n|\n|-heal|p1a: \u51b0\u5e03\u7740\u6025|89\/100|[from] item: Leftovers\n|upkeep\n|turn|5\n|\n|t:|1682870976\n|switch|p1a: \u963f\u5df4\u5df4|Abomasnow, L50, M|100\/100\n|-weather|Snow|[from] ability: Snow Warning|[of] p1a: \u963f\u5df4\u5df4\n|move|p2a: Ceruledge|Bitter Blade|p1a: \u963f\u5df4\u5df4\n|-supereffective|p1a: \u963f\u5df4\u5df4\n|-enditem|p1a: \u963f\u5df4\u5df4|Focus Sash\n|-damage|p1a: \u963f\u5df4\u5df4|1\/100\n|-heal|p2a: Ceruledge|100\/100|[from] drain|[of] p1a: \u963f\u5df4\u5df4\n|move|p2b: Garganacl|Recover|p2b: Garganacl\n|-heal|p2b: Garganacl|84\/100\n|move|p1b: \u5f1f\u5f1f\u738b|Power Gem|p2a: Ceruledge\n|-supereffective|p2a: Ceruledge\n|-damage|p2a: Ceruledge|46\/100\n|\n|-weather|Snow|[upkeep]\n|upkeep\n|turn|6\n|\n|t:|1682871028\n|move|p2b: Garganacl|Protect|p2b: Garganacl\n|-singleturn|p2b: Garganacl|Protect\n|move|p2a: Ceruledge|Shadow Sneak|p1a: \u963f\u5df4\u5df4\n|-damage|p1a: \u963f\u5df4\u5df4|0 fnt\n|faint|p1a: \u963f\u5df4\u5df4\n|move|p1b: \u5f1f\u5f1f\u738b|Hydro Pump|p2a: Ceruledge\n|-supereffective|p2a: Ceruledge\n|-damage|p2a: Ceruledge|0 fnt\n|faint|p2a: Ceruledge\n|\n|-weather|Snow|[upkeep]\n|upkeep\n|\n|t:|1682871045\n|switch|p1a: \u51b0\u5e03\u7740\u6025|Glaceon, L50, F, tera:Ice|89\/100\n|turn|7\n|\n|t:|1682871057\n|move|p1a: \u51b0\u5e03\u7740\u6025|Water Pulse|p2b: Garganacl\n|-supereffective|p2b: Garganacl\n|-damage|p2b: Garganacl|54\/100\n|-start|p2b: Garganacl|confusion\n|-activate|p2b: Garganacl|confusion\n|move|p2b: Garganacl|Earthquake|p1b: \u5f1f\u5f1f\u738b|[spread] p1a,p1b\n|-damage|p1a: \u51b0\u5e03\u7740\u6025|77\/100\n|-damage|p1b: \u5f1f\u5f1f\u738b|59\/100\n|move|p1b: \u5f1f\u5f1f\u738b|Hydro Pump|p2b: Garganacl\n|-supereffective|p2b: Garganacl\n|-damage|p2b: Garganacl|0 fnt\n|faint|p2b: Garganacl\n|\n|win|Betty23333\n","uploadtime":1682871069,"views":8,"p1id":"betty23333","p2id":"tomato233","formatid":"gen9vgc2023regulationc","rating":0,"private":0,"password":""}