{"id":"gen9vgc2023regulationc-1851389603","p1":"Tego_Amigo","p2":"SovieticBudda","format":"[Gen 9] VGC 2023 Regulation C","log":"|j|\u2606Tego_Amigo\n|j|\u2606SovieticBudda\n|t:|1682441222\n|gametype|doubles\n|player|p1|Tego_Amigo|2|1136\n|player|p2|SovieticBudda|cynthia-gen4|1083\n|teamsize|p1|6\n|teamsize|p2|6\n|gen|9\n|tier|[Gen 9] VGC 2023 Regulation C\n|rated|\n|rule|Species Clause: Limit one of each Pok\u00e9mon\n|rule|Item Clause: Limit one of each item\n|clearpoke\n|poke|p1|Skeledirge, L50, M|\n|poke|p1|Meowscarada, L50, F|\n|poke|p1|Hydreigon, L50, M|\n|poke|p1|Kingambit, L50, M|\n|poke|p1|Annihilape, L50, M|\n|poke|p1|Amoonguss, L50, M|\n|poke|p2|Dondozo, L50, F|\n|poke|p2|Tatsugiri, L50, M|\n|poke|p2|Flutter Mane, L50|\n|poke|p2|Pawmot, L50, F|\n|poke|p2|Great Tusk, L50|\n|poke|p2|Talonflame, L50, F|\n|teampreview|4\nTego_Amigo rejected open team sheets.\n|inactive|Battle timer is ON: inactive players will automatically lose when time's up. (requested by SovieticBudda)\n|inactive|SovieticBudda has 60 seconds left.\n|\n|t:|1682441288\n|start\n|switch|p1a: Annihilape|Annihilape, L50, M, shiny|100\/100\n|switch|p1b: Skeledirge|Skeledirge, L50, M, shiny|100\/100\n|switch|p2a: Dondozo|Dondozo, L50, F|100\/100\n|switch|p2b: Talonflame|Talonflame, L50, F|100\/100\n|turn|1\n|inactive|SovieticBudda has 30 seconds left.\n|inactive|SovieticBudda has 20 seconds left.\n|\n|t:|1682441323\n|switch|p2a: Flutter Mane|Flutter Mane, L50|100\/100\n|move|p1b: Skeledirge|Protect|p1b: Skeledirge\n|-singleturn|p1b: Skeledirge|Protect\n|move|p2b: Talonflame|Tailwind|p2b: Talonflame\n|-sidestart|p2: SovieticBudda|move: Tailwind\n|move|p1a: Annihilape|Final Gambit|p2a: Flutter Mane\n|-immune|p2a: Flutter Mane\n|\n|upkeep\n|turn|2\n|inactive|SovieticBudda has 30 seconds left.\n|\n|t:|1682441349\n|switch|p1a: Amoonguss|Amoonguss, L50, M, shiny|100\/100\n|-terastallize|p2a: Flutter Mane|Fairy\n|move|p2b: Talonflame|Brave Bird|p1a: Amoonguss\n|-supereffective|p1a: Amoonguss\n|-damage|p1a: Amoonguss|34\/100\n|-damage|p2b: Talonflame|84\/100|[from] item: Rocky Helmet|[of] p1a: Amoonguss\n|-damage|p2b: Talonflame|53\/100|[from] Recoil\n|move|p2a: Flutter Mane|Dazzling Gleam|p1a: Amoonguss|[spread] p1a,p1b\n|-resisted|p1a: Amoonguss\n|-resisted|p1b: Skeledirge\n|-crit|p1b: Skeledirge\n|-damage|p1a: Amoonguss|6\/100\n|-damage|p1b: Skeledirge|57\/100\n|move|p1b: Skeledirge|Torch Song|p2a: Flutter Mane\n|-damage|p2a: Flutter Mane|66\/100\n|-boost|p1b: Skeledirge|spa|1\n|\n|-heal|p1b: Skeledirge|63\/100|[from] item: Leftovers\n|upkeep\n|turn|3\n|\n|t:|1682441373\n|move|p1b: Skeledirge|Protect|p1b: Skeledirge\n|-singleturn|p1b: Skeledirge|Protect\n|move|p1a: Amoonguss|Protect|p1a: Amoonguss\n|-singleturn|p1a: Amoonguss|Protect\n|move|p2a: Flutter Mane|Dazzling Gleam|p1a: Amoonguss|[spread] \n|-activate|p1a: Amoonguss|move: Protect\n|-activate|p1b: Skeledirge|move: Protect\n|move|p2b: Talonflame|Brave Bird|p1b: Skeledirge\n|-activate|p1b: Skeledirge|move: Protect\n|\n|-heal|p1b: Skeledirge|69\/100|[from] item: Leftovers\n|upkeep\n|turn|4\n|\n|t:|1682441391\n|move|p1a: Amoonguss|Rage Powder|p1a: Amoonguss\n|-singleturn|p1a: Amoonguss|move: Rage Powder\n|move|p2a: Flutter Mane|Dazzling Gleam|p1b: Skeledirge|[spread] p1a,p1b\n|-resisted|p1a: Amoonguss\n|-resisted|p1b: Skeledirge\n|-damage|p1a: Amoonguss|0 fnt\n|-damage|p1b: Skeledirge|39\/100\n|faint|p1a: Amoonguss\n|move|p2b: Talonflame|Brave Bird|p1b: Skeledirge\n|-damage|p1b: Skeledirge|6\/100\n|-damage|p2b: Talonflame|39\/100|[from] Recoil\n|move|p1b: Skeledirge|Slack Off|p1b: Skeledirge\n|-heal|p1b: Skeledirge|56\/100\n|\n|-heal|p1b: Skeledirge|63\/100|[from] item: Leftovers\n|-sideend|p2: SovieticBudda|move: Tailwind\n|upkeep\n|\n|t:|1682441415\n|switch|p1a: Annihilape|Annihilape, L50, M, shiny|100\/100\n|turn|5\n|l|\u2606SovieticBudda\n|inactive|SovieticBudda disconnected and has a minute to reconnect!\n|player|p2|\n|inactive|SovieticBudda has 30 seconds left.\n|j|\u2606SovieticBudda\n|inactive|SovieticBudda reconnected and has 25 seconds left.\n|player|p2|SovieticBudda|cynthia-gen4\n|inactive|SovieticBudda has 20 seconds left.\n|inactive|SovieticBudda has 15 seconds left.\n|\n|t:|1682441458\n|move|p1a: Annihilape|U-turn|p2a: Flutter Mane\n|-resisted|p2a: Flutter Mane\n|-damage|p2a: Flutter Mane|46\/100\n|\n|t:|1682441461\n|switch|p1a: Meowscarada|Meowscarada, L50, F, shiny|100\/100|[from] U-turn\n|move|p2a: Flutter Mane|Dazzling Gleam|p1b: Skeledirge|[spread] p1a,p1b\n|-supereffective|p1a: Meowscarada\n|-resisted|p1b: Skeledirge\n|-enditem|p1a: Meowscarada|Focus Sash\n|-damage|p1a: Meowscarada|1\/100\n|-damage|p1b: Skeledirge|34\/100\n|move|p2b: Talonflame|Tailwind|p2b: Talonflame\n|-sidestart|p2: SovieticBudda|move: Tailwind\n|move|p1b: Skeledirge|Torch Song|p2a: Flutter Mane\n|-damage|p2a: Flutter Mane|0 fnt\n|-boost|p1b: Skeledirge|spa|1\n|faint|p2a: Flutter Mane\n|-end|p2a: Flutter Mane|Protosynthesis|[silent]\n|\n|-heal|p1b: Skeledirge|40\/100|[from] item: Leftovers\n|upkeep\n|\n|t:|1682441483\n|switch|p2a: Dondozo|Dondozo, L50, F|100\/100\n|turn|6\n|inactive|SovieticBudda has 30 seconds left.\n|\n|t:|1682441516\n|switch|p2b: Tatsugiri|Tatsugiri, L50, M|100\/100\n|-activate|p2b: Tatsugiri|ability: Commander|[of] p2a: Dondozo\n|-boost|p2a: Dondozo|atk|2\n|-boost|p2a: Dondozo|spa|2\n|-boost|p2a: Dondozo|spe|2\n|-boost|p2a: Dondozo|def|2\n|-boost|p2a: Dondozo|spd|2\n|move|p1a: Meowscarada|Protect|p1a: Meowscarada\n|-singleturn|p1a: Meowscarada|Protect\n|move|p1b: Skeledirge|Protect|p1b: Skeledirge\n|-singleturn|p1b: Skeledirge|Protect\n|move|p2a: Dondozo|Order Up|p1a: Meowscarada\n|-activate|p1a: Meowscarada|move: Protect\n|\n|-heal|p1b: Skeledirge|46\/100|[from] item: Leftovers\n|upkeep\n|turn|7\n|\n|t:|1682441534\n|move|p2a: Dondozo|Order Up|p1a: Meowscarada\n|-damage|p1a: Meowscarada|0 fnt\n|faint|p1a: Meowscarada\n|-boost|p2a: Dondozo|atk|1\n|move|p1b: Skeledirge|Slack Off|p1b: Skeledirge\n|-heal|p1b: Skeledirge|97\/100\n|\n|-heal|p1b: Skeledirge|100\/100|[from] item: Leftovers\n|upkeep\n|\n|t:|1682441542\n|switch|p1a: Annihilape|Annihilape, L50, M, shiny|100\/100\n|turn|8\n|\n|t:|1682441555\n|-terastallize|p1b: Skeledirge|Fairy\n|move|p2a: Dondozo|Wave Crash|p1b: Skeledirge\n|-damage|p1b: Skeledirge|62\/100\n|-damage|p2a: Dondozo|89\/100|[from] Recoil\n|move|p1a: Annihilape|Final Gambit|p2a: Dondozo\n|-damage|p2a: Dondozo|0 fnt\n|faint|p1a: Annihilape\n|faint|p2a: Dondozo\n|move|p1b: Skeledirge|Tera Blast|p2b: Tatsugiri\n|-supereffective|p2b: Tatsugiri\n|-damage|p2b: Tatsugiri|0 fnt\n|faint|p2b: Tatsugiri\n|\n|-heal|p1b: Skeledirge|68\/100|[from] item: Leftovers\n|-sideend|p2: SovieticBudda|move: Tailwind\n|upkeep\n|\n|t:|1682441573\n|switch|p2a: Talonflame|Talonflame, L50, F|39\/100\n|turn|9\n|\n|t:|1682441586\n|move|p1b: Skeledirge|Protect|p1b: Skeledirge\n|-singleturn|p1b: Skeledirge|Protect\n|move|p2a: Talonflame|Brave Bird|p1b: Skeledirge\n|-activate|p1b: Skeledirge|move: Protect\n|\n|-heal|p1b: Skeledirge|74\/100|[from] item: Leftovers\n|upkeep\n|turn|10\n|\n|t:|1682441598\n|move|p2a: Talonflame|Brave Bird|p1b: Skeledirge\n|-damage|p1b: Skeledirge|36\/100\n|-damage|p2a: Talonflame|21\/100|[from] Recoil\n|move|p1b: Skeledirge|Tera Blast|p2a: Talonflame\n|-resisted|p2a: Talonflame\n|-damage|p2a: Talonflame|0 fnt\n|faint|p2a: Talonflame\n|\n|win|Tego_Amigo\n|raw|Tego_Amigo's rating: 1136 → 1157<\/strong> (+21 for winning)\n|raw|SovieticBudda's rating: 1083 → 1064<\/strong> (-19 for losing)\n","uploadtime":1682441608,"views":9,"p1id":"tegoamigo","p2id":"sovieticbudda","formatid":"gen9vgc2023regulationc","rating":1064,"private":0,"password":""}