{"id":"gen9vgc2023regulationc-1864380682","p1":"yohjek","p2":"littlemasteraik","format":"[Gen 9] VGC 2023 Regulation C","log":"|j|\u2606yohjek\n|j|\u2606littlemasteraik\n|t:|1684161387\n|gametype|doubles\n|player|p1|yohjek|maylene|1280\n|player|p2|littlemasteraik|102|1353\n|teamsize|p1|6\n|teamsize|p2|6\n|gen|9\n|tier|[Gen 9] VGC 2023 Regulation C\n|rated|\n|rule|Species Clause: Limit one of each Pok\u00e9mon\n|rule|Item Clause: Limit one of each item\n|clearpoke\n|poke|p1|Baxcalibur, L50, M|\n|poke|p1|Volcarona, L50, F|\n|poke|p1|Glimmora, L50, M|\n|poke|p1|Great Tusk, L50|\n|poke|p1|Flutter Mane, L50|\n|poke|p1|Gholdengo, L50|\n|poke|p2|Talonflame, L50, M|\n|poke|p2|Amoonguss, L50, F|\n|poke|p2|Flutter Mane, L50|\n|poke|p2|Chi-Yu, L50|\n|poke|p2|Iron Bundle, L50|\n|poke|p2|Azumarill, L50, F|\n|teampreview|4\n|\n|t:|1684161413\n|start\n|switch|p1a: Volcarona|Volcarona, L50, F|100\/100\n|switch|p1b: Glimmora|Glimmora, L50, M|100\/100\n|switch|p2a: Amoonguss|Amoonguss, L50, F|100\/100\n|switch|p2b: Azumarill|Azumarill, L50, F|100\/100\n|turn|1\n|inactive|Battle timer is ON: inactive players will automatically lose when time's up. (requested by littlemasteraik)\n|inactive|littlemasteraik has 60 seconds left.\n|\n|t:|1684161461\n|move|p1a: Volcarona|Heat Wave|p2b: Azumarill|[spread] p2a\n|-miss|p1a: Volcarona|p2b: Azumarill\n|-supereffective|p2a: Amoonguss\n|-damage|p2a: Amoonguss|44\/100\n|-enditem|p2a: Amoonguss|Sitrus Berry|[eat]\n|-heal|p2a: Amoonguss|69\/100|[from] item: Sitrus Berry\n|move|p1b: Glimmora|Stealth Rock|p2b: Azumarill\n|-sidestart|p2: littlemasteraik|move: Stealth Rock\n|move|p2b: Azumarill|Liquidation|p1b: Glimmora\n|-supereffective|p1b: Glimmora\n|-damage|p1b: Glimmora|9\/100\n|-activate|p1b: Glimmora|ability: Toxic Debris\n|-sidestart|p2: littlemasteraik|move: Toxic Spikes\n|-enditem|p1b: Glimmora|Aguav Berry|[eat]\n|-heal|p1b: Glimmora|42\/100|[from] item: Aguav Berry\n|move|p2a: Amoonguss|Clear Smog|p1a: Volcarona\n|-damage|p1a: Volcarona|87\/100\n|-clearboost|p1a: Volcarona\n|\n|upkeep\n|turn|2\n|inactive|littlemasteraik has 30 seconds left.\n|inactive|littlemasteraik has 20 seconds left.\n|inactive|littlemasteraik has 15 seconds left.\n|inactive|littlemasteraik has 10 seconds left.\n|inactive|littlemasteraik has 5 seconds left.\n|\n|t:|1684161515\n|-terastallize|p2a: Amoonguss|Water\n|move|p1b: Glimmora|Spiky Shield|p1b: Glimmora\n|-singleturn|p1b: Glimmora|move: Protect\n|move|p2b: Azumarill|Aqua Jet|p1b: Glimmora\n|-activate|p1b: Glimmora|move: Protect\n|-damage|p2b: Azumarill|88\/100|[from] Spiky Shield|[of] p1b: Glimmora\n|move|p1a: Volcarona|Heat Wave|p2b: Azumarill|[spread] p2a,p2b\n|-resisted|p2a: Amoonguss\n|-resisted|p2b: Azumarill\n|-damage|p2a: Amoonguss|57\/100\n|-damage|p2b: Azumarill|77\/100\n|move|p2a: Amoonguss|Spore|p1a: Volcarona\n|-status|p1a: Volcarona|slp|[from] move: Spore\n|\n|upkeep\n|turn|3\n|\n|t:|1684161535\n|-terastallize|p1b: Glimmora|Grass\n|cant|p1a: Volcarona|slp\n|move|p1b: Glimmora|Mortal Spin|p2a: Amoonguss|[spread] p2a,p2b\n|-supereffective|p2b: Azumarill\n|-damage|p2a: Amoonguss|53\/100\n|-damage|p2b: Azumarill|68\/100\n|-status|p2a: Amoonguss|psn\n|-status|p2b: Azumarill|psn\n|move|p2b: Azumarill|Liquidation|p1b: Glimmora\n|-resisted|p1b: Glimmora\n|-damage|p1b: Glimmora|16\/100\n|-activate|p1b: Glimmora|ability: Toxic Debris\n|-sidestart|p2: littlemasteraik|move: Toxic Spikes\n|move|p2a: Amoonguss|Pollen Puff|p2b: Azumarill\n|-heal|p2b: Azumarill|100\/100 psn\n|\n|-damage|p2b: Azumarill|88\/100 psn|[from] psn\n|-damage|p2a: Amoonguss|41\/100 psn|[from] psn\n|upkeep\n|turn|4\n|\n|t:|1684161558\n|move|p1b: Glimmora|Spiky Shield|p1b: Glimmora\n|-singleturn|p1b: Glimmora|move: Protect\n|-curestatus|p1a: Volcarona|slp|[msg]\n|move|p1a: Volcarona|Struggle Bug|p2b: Azumarill|[spread] p2a,p2b\n|-resisted|p2b: Azumarill\n|-damage|p2a: Amoonguss|27\/100 psn\n|-damage|p2b: Azumarill|83\/100 psn\n|-unboost|p2a: Amoonguss|spa|1\n|-unboost|p2b: Azumarill|spa|1\n|move|p2b: Azumarill|Liquidation|p1a: Volcarona\n|-supereffective|p1a: Volcarona\n|-damage|p1a: Volcarona|0 fnt\n|-damage|p2b: Azumarill|66\/100 psn|[from] item: Rocky Helmet|[of] p1a: Volcarona\n|faint|p1a: Volcarona\n|move|p2a: Amoonguss|Pollen Puff|p1b: Glimmora\n|-activate|p1b: Glimmora|move: Protect\n|\n|-damage|p2b: Azumarill|54\/100 psn|[from] psn\n|-damage|p2a: Amoonguss|14\/100 psn|[from] psn\n|upkeep\n|\n|t:|1684161579\n|switch|p1a: Gholdengo|Gholdengo, L50|100\/100\n|turn|5\n|\n|t:|1684161596\n|move|p2a: Amoonguss|Rage Powder|p2a: Amoonguss\n|-singleturn|p2a: Amoonguss|move: Rage Powder\n|move|p1a: Gholdengo|Thunderbolt|p2a: Amoonguss\n|-supereffective|p2a: Amoonguss\n|-damage|p2a: Amoonguss|0 fnt\n|faint|p2a: Amoonguss\n|move|p1b: Glimmora|Ancient Power|p2b: Azumarill\n|-damage|p2b: Azumarill|37\/100 psn\n|move|p2b: Azumarill|Liquidation|p1a: Gholdengo\n|-damage|p1a: Gholdengo|47\/100\n|\n|-damage|p2b: Azumarill|25\/100 psn|[from] psn\n|upkeep\n|\n|t:|1684161617\n|switch|p2a: Flutter Mane|Flutter Mane, L50|100\/100\n|-damage|p2a: Flutter Mane|89\/100|[from] Stealth Rock\n|-status|p2a: Flutter Mane|tox\n|turn|6\n|\n|t:|1684161638\n|move|p1b: Glimmora|Spiky Shield|p1b: Glimmora\n|-singleturn|p1b: Glimmora|move: Protect\n|move|p2a: Flutter Mane|Shadow Ball|p1a: Gholdengo\n|-supereffective|p1a: Gholdengo\n|-damage|p1a: Gholdengo|0 fnt\n|faint|p1a: Gholdengo\n|move|p2b: Azumarill|Liquidation|p1b: Glimmora\n|-activate|p1b: Glimmora|move: Protect\n|-damage|p2b: Azumarill|13\/100 psn|[from] Spiky Shield|[of] p1b: Glimmora\n|\n|-damage|p2a: Flutter Mane|83\/100 tox|[from] psn\n|-damage|p2b: Azumarill|0 fnt|[from] psn\n|faint|p2b: Azumarill\n|upkeep\n|\n|t:|1684161653\n|switch|p1a: Flutter Mane|Flutter Mane, L50|100\/100\n|switch|p2b: Chi-Yu|Chi-Yu, L50|100\/100\n|-damage|p2b: Chi-Yu|76\/100|[from] Stealth Rock\n|-status|p2b: Chi-Yu|tox\n|-ability|p2b: Chi-Yu|Beads of Ruin\n|turn|7\n|\n|t:|1684161665\n|move|p1a: Flutter Mane|Shadow Ball|p2a: Flutter Mane\n|-supereffective|p2a: Flutter Mane\n|-damage|p2a: Flutter Mane|0 fnt\n|faint|p2a: Flutter Mane\n|-end|p2a: Flutter Mane|Protosynthesis|[silent]\n|move|p2b: Chi-Yu|Heat Wave|p1a: Flutter Mane|[spread] p1a,p1b\n|-supereffective|p1b: Glimmora\n|-damage|p1a: Flutter Mane|60\/100\n|-damage|p1b: Glimmora|0 fnt\n|faint|p1b: Glimmora\n|\n|-heal|p1a: Flutter Mane|67\/100|[from] item: Leftovers\n|-heal|p2b: Chi-Yu|82\/100 tox|[from] item: Leftovers\n|-damage|p2b: Chi-Yu|76\/100 tox|[from] psn\n|upkeep\n|turn|8\n|\n|t:|1684161685\n|move|p1a: Flutter Mane|Moonblast|p2b: Chi-Yu\n|-damage|p2b: Chi-Yu|37\/100 tox\n|move|p2b: Chi-Yu|Heat Wave|p1a: Flutter Mane\n|-damage|p1a: Flutter Mane|10\/100\n|\n|-heal|p1a: Flutter Mane|17\/100|[from] item: Leftovers\n|-heal|p2b: Chi-Yu|43\/100 tox|[from] item: Leftovers\n|-damage|p2b: Chi-Yu|31\/100 tox|[from] psn\n|upkeep\n|turn|9\n|\n|t:|1684161697\n|move|p1a: Flutter Mane|Protect|p1a: Flutter Mane\n|-singleturn|p1a: Flutter Mane|Protect\n|move|p2b: Chi-Yu|Heat Wave|p1a: Flutter Mane\n|-activate|p1a: Flutter Mane|move: Protect\n|\n|-heal|p1a: Flutter Mane|23\/100|[from] item: Leftovers\n|-heal|p2b: Chi-Yu|37\/100 tox|[from] item: Leftovers\n|-damage|p2b: Chi-Yu|18\/100 tox|[from] psn\n|upkeep\n|turn|10\n|\n|t:|1684161707\n|move|p1a: Flutter Mane|Moonblast|p2b: Chi-Yu\n|-damage|p2b: Chi-Yu|0 fnt\n|faint|p2b: Chi-Yu\n|\n|win|yohjek\n|raw|yohjek's rating: 1280 → 1310<\/strong> (+30 for winning)\n|raw|littlemasteraik's rating: 1353 → 1329<\/strong> (-24 for losing)\n|l|\u2606yohjek\n","uploadtime":1684161714,"views":8,"p1id":"yohjek","p2id":"littlemasteraik","formatid":"gen9vgc2023regulationc","rating":1310,"private":0,"password":""}