{"id":"gen9vgc2023regulationc-1855455398","p1":"MrOktagon","p2":"xxKlb7xx","format":"[Gen 9] VGC 2023 Regulation C","log":"|j|\u2606MrOktagon\n|j|\u2606xxKlb7xx\n|t:|1682953043\n|gametype|doubles\n|player|p1|MrOktagon|fisherman-gen4|1093\n|player|p2|xxKlb7xx|ghetsis|1125\n|teamsize|p1|6\n|teamsize|p2|6\n|gen|9\n|tier|[Gen 9] VGC 2023 Regulation C\n|rated|\n|rule|Species Clause: Limit one of each Pok\u00e9mon\n|rule|Item Clause: Limit one of each item\n|clearpoke\n|poke|p1|Palafin, L50, M|\n|poke|p1|Arcanine, L50, M|\n|poke|p1|Amoonguss, L50, M|\n|poke|p1|Ting-Lu, L50|\n|poke|p1|Kingambit, L50, M|\n|poke|p1|Flutter Mane, L50|\n|poke|p2|Lucario, L50, M|\n|poke|p2|Maushold, L50|\n|poke|p2|Murkrow, L50, M|\n|poke|p2|Flamigo, L50, M|\n|poke|p2|Gholdengo, L50|\n|poke|p2|Weavile, L50, M|\n|teampreview|4\n|\n|t:|1682953070\n|start\n|switch|p1a: Flutter Mane|Flutter Mane, L50|100\/100\n|switch|p1b: Kingambit|Kingambit, L50, M|100\/100\n|switch|p2a: Lucario|Lucario, L50, M|100\/100\n|switch|p2b: Weavile|Weavile, L50, M|100\/100\n|turn|1\n|\n|t:|1682953087\n|move|p1b: Kingambit|Protect|p1b: Kingambit\n|-singleturn|p1b: Kingambit|Protect\n|move|p2b: Weavile|Beat Up|p2a: Lucario\n|-resisted|p2a: Lucario\n|-damage|p2a: Lucario|95\/100\n|-ability|p2a: Lucario|Justified|boost\n|-boost|p2a: Lucario|atk|1\n|-resisted|p2a: Lucario\n|-damage|p2a: Lucario|89\/100\n|-ability|p2a: Lucario|Justified|boost\n|-boost|p2a: Lucario|atk|1\n|-resisted|p2a: Lucario\n|-damage|p2a: Lucario|85\/100\n|-ability|p2a: Lucario|Justified|boost\n|-boost|p2a: Lucario|atk|1\n|-resisted|p2a: Lucario\n|-damage|p2a: Lucario|80\/100\n|-ability|p2a: Lucario|Justified|boost\n|-boost|p2a: Lucario|atk|1\n|-hitcount|p2a: Lucario|4\n|move|p1a: Flutter Mane|Moonblast|p2b: Weavile\n|-supereffective|p2b: Weavile\n|-enditem|p2b: Weavile|Focus Sash\n|-damage|p2b: Weavile|1\/100\n|-unboost|p2b: Weavile|spa|1\n|move|p2a: Lucario|Earthquake|p1a: Flutter Mane|[spread] p2b,p1a\n|-activate|p1b: Kingambit|move: Protect\n|-damage|p2b: Weavile|0 fnt\n|-damage|p1a: Flutter Mane|0 fnt\n|faint|p2b: Weavile\n|faint|p1a: Flutter Mane\n|-end|p1a: Flutter Mane|Protosynthesis|[silent]\n|\n|upkeep\n|\n|t:|1682953114\n|switch|p2b: Murkrow|Murkrow, L50, M|100\/100\n|switch|p1a: Super Bowl|Ting-Lu, L50|100\/100\n|-ability|p1a: Super Bowl|Vessel of Ruin\n|turn|2\n|\n|t:|1682953143\n|-terastallize|p2a: Lucario|Flying\n|-terastallize|p1b: Kingambit|Dark\n|move|p2b: Murkrow|Tailwind|p2b: Murkrow\n|-sidestart|p2: xxKlb7xx|move: Tailwind\n|move|p1b: Kingambit|Sucker Punch|p2a: Lucario\n|-damage|p2a: Lucario|8\/100\n|-ability|p2a: Lucario|Justified|boost\n|-boost|p2a: Lucario|atk|1\n|move|p2a: Lucario|Drain Punch|p1a: Super Bowl\n|-supereffective|p1a: Super Bowl\n|-damage|p1a: Super Bowl|0 fnt\n|-heal|p2a: Lucario|74\/100|[from] drain|[of] p1a: Super Bowl\n|faint|p1a: Super Bowl\n|\n|upkeep\n|\n|t:|1682953155\n|switch|p1a: Network|Amoonguss, L50, M, shiny|100\/100\n|turn|3\n|\n|t:|1682953175\n|move|p2a: Lucario|Bullet Punch|p1b: Kingambit\n|-damage|p1b: Kingambit|55\/100\n|move|p1b: Kingambit|Sucker Punch||[still]\n|-fail|p1b: Kingambit\n|move|p2b: Murkrow|Foul Play|p1b: Kingambit\n|-resisted|p1b: Kingambit\n|-damage|p1b: Kingambit|35\/100\n|move|p1a: Network|Spore|p2b: Murkrow\n|-status|p2b: Murkrow|slp|[from] move: Spore\n|\n|upkeep\n|turn|4\n|\n|t:|1682953192\n|switch|p2b: Gholdengo|Gholdengo, L50|100\/100\n|move|p1b: Kingambit|Protect|p1b: Kingambit\n|-singleturn|p1b: Kingambit|Protect\n|move|p2a: Lucario|Extreme Speed|p1b: Kingambit\n|-activate|p1b: Kingambit|move: Protect\n|move|p1a: Network|Spore|p2a: Lucario\n|-status|p2a: Lucario|slp|[from] move: Spore\n|\n|upkeep\n|turn|5\n|\n|t:|1682953217\n|cant|p2a: Lucario|slp\n|move|p1b: Kingambit|Sucker Punch|p2b: Gholdengo\n|-supereffective|p2b: Gholdengo\n|-crit|p2b: Gholdengo\n|-damage|p2b: Gholdengo|0 fnt\n|faint|p2b: Gholdengo\n|move|p1a: Network|Pollen Puff|p1b: Kingambit\n|-heal|p1b: Kingambit|85\/100\n|\n|-sideend|p2: xxKlb7xx|move: Tailwind\n|upkeep\n|\n|t:|1682953228\n|switch|p2b: Murkrow|Murkrow, L50, M|100\/100 slp\n|turn|6\n|\n|t:|1682953242\n|cant|p2b: Murkrow|slp\n|cant|p2a: Lucario|slp\n|move|p1b: Kingambit|Kowtow Cleave|p2a: Lucario\n|-damage|p2a: Lucario|0 fnt\n|faint|p2a: Lucario\n|move|p1a: Network|Pollen Puff|p1b: Kingambit\n|-heal|p1b: Kingambit|100\/100\n|\n|upkeep\n|turn|7\n|-message|xxKlb7xx forfeited.\n|\n|win|MrOktagon\n|raw|MrOktagon's rating: 1093 → 1121<\/strong> (+28 for winning)\n|raw|xxKlb7xx's rating: 1125 → 1098<\/strong> (-27 for losing)\n|l|\u2606xxKlb7xx\n","uploadtime":1682953304,"views":22,"p1id":"mroktagon","p2id":"xxklb7xx","formatid":"gen9vgc2023regulationc","rating":1098,"private":0,"password":""}