{"id":"gen9vgc2023regulationc-1848470977","p1":"KrisBlazeKick","p2":"Terry kloak","format":"[Gen 9] VGC 2023 Regulation C","log":"|j|\u2606KrisBlazeKick\n|j|\u2606Terry kloak\n|t:|1682081963\n|gametype|doubles\n|player|p1|KrisBlazeKick|170|1633\n|player|p2|Terry kloak|gentleman-gen4|1732\n|teamsize|p1|6\n|teamsize|p2|6\n|gen|9\n|tier|[Gen 9] VGC 2023 Regulation C\n|rated|\n|rule|Species Clause: Limit one of each Pok\u00e9mon\n|rule|Item Clause: Limit one of each item\n|clearpoke\n|poke|p1|Scizor, L50, F|\n|poke|p1|Palafin, L50, F|\n|poke|p1|Flutter Mane, L50|\n|poke|p1|Iron Hands, L50|\n|poke|p1|Chi-Yu, L50|\n|poke|p1|Farigiraf, L50, F|\n|poke|p2|Ceruledge, L50, M|\n|poke|p2|Orthworm, L50, M|\n|poke|p2|Ting-Lu, L50|\n|poke|p2|Dragonite, L50, F|\n|poke|p2|Iron Bundle, L50|\n|poke|p2|Grimmsnarl, L50, M|\n|teampreview|4\n|inactive|Battle timer is ON: inactive players will automatically lose when time's up. (requested by Terry kloak)\n|\n|t:|1682081989\n|start\n|switch|p1a: Iron Hands|Iron Hands, L50|100\/100\n|switch|p1b: Flutter Mane|Flutter Mane, L50|100\/100\n|switch|p2a: Ting-Lu|Ting-Lu, L50|100\/100\n|switch|p2b: Orthworm|Orthworm, L50, M|100\/100\n|-ability|p2a: Ting-Lu|Vessel of Ruin\n|-enditem|p1b: Flutter Mane|Booster Energy\n|-activate|p1b: Flutter Mane|ability: Protosynthesis|[fromitem]\n|-start|p1b: Flutter Mane|protosynthesisspe\n|turn|1\n|\n|t:|1682082006\n|-terastallize|p2a: Ting-Lu|Poison\n|move|p1b: Flutter Mane|Moonblast|p2a: Ting-Lu\n|-resisted|p2a: Ting-Lu\n|-damage|p2a: Ting-Lu|91\/100\n|-unboost|p2a: Ting-Lu|spa|1\n|move|p2a: Ting-Lu|Earthquake|p1b: Flutter Mane|[spread] p1a,p1b\n|-immune|p2b: Orthworm|[from] ability: Earth Eater\n|-supereffective|p1a: Iron Hands\n|-damage|p1a: Iron Hands|61\/100\n|-damage|p1b: Flutter Mane|39\/100\n|move|p2b: Orthworm|Shed Tail|p2b: Orthworm\n|-start|p2b: Orthworm|Substitute|[from] move: Shed Tail\n|-damage|p2b: Orthworm|50\/100\n|-enditem|p2b: Orthworm|Sitrus Berry|[eat]\n|-heal|p2b: Orthworm|75\/100|[from] item: Sitrus Berry\n|\n|t:|1682082021\n|switch|p2b: Ceruledge|Ceruledge, L50, M|100\/100|[from] Shed Tail\n|move|p1a: Iron Hands|Close Combat|p2a: Ting-Lu\n|-resisted|p2a: Ting-Lu\n|-crit|p2a: Ting-Lu\n|-damage|p2a: Ting-Lu|62\/100\n|-unboost|p1a: Iron Hands|def|1\n|-unboost|p1a: Iron Hands|spd|1\n|\n|upkeep\n|turn|2\n|\n|t:|1682082046\n|move|p2b: Ceruledge|Protect|p2b: Ceruledge\n|-singleturn|p2b: Ceruledge|Protect\n|move|p1b: Flutter Mane|Dazzling Gleam|p2a: Ting-Lu|[spread] p2a\n|-activate|p2b: Ceruledge|move: Protect\n|-resisted|p2a: Ting-Lu\n|-damage|p2a: Ting-Lu|57\/100\n|move|p2a: Ting-Lu|Earthquake|p1b: Flutter Mane|[spread] p1a,p1b\n|-activate|p2b: Ceruledge|move: Protect\n|-supereffective|p1a: Iron Hands\n|-damage|p1a: Iron Hands|1\/100\n|-damage|p1b: Flutter Mane|0 fnt\n|faint|p1b: Flutter Mane\n|-end|p1b: Flutter Mane|Protosynthesis|[silent]\n|move|p1a: Iron Hands|Volt Switch|p2b: Ceruledge\n|-activate|p2b: Ceruledge|move: Protect\n|\n|upkeep\n|\n|t:|1682082054\n|switch|p1b: Scizor|Scizor, L50, F|100\/100\n|turn|3\n|\n|t:|1682082072\n|-terastallize|p1b: Scizor|Water\n|move|p2b: Ceruledge|Bitter Blade|p1b: Scizor\n|-resisted|p1b: Scizor\n|-damage|p1b: Scizor|75\/100\n|move|p1b: Scizor|Swords Dance|p1b: Scizor\n|-boost|p1b: Scizor|atk|2\n|move|p2a: Ting-Lu|Throat Chop|p1a: Iron Hands\n|-resisted|p1a: Iron Hands\n|-damage|p1a: Iron Hands|0 fnt\n|faint|p1a: Iron Hands\n|-end|p1a: Iron Hands|Quark Drive|[silent]\n|\n|upkeep\n|\n|t:|1682082082\n|switch|p1a: Chi-Yu|Chi-Yu, L50|100\/100\n|-ability|p1a: Chi-Yu|Beads of Ruin\n|turn|4\n|\n|t:|1682082100\n|move|p1a: Chi-Yu|Dark Pulse|p2b: Ceruledge\n|-supereffective|p2b: Ceruledge\n|-end|p2b: Ceruledge|Substitute\n|move|p2b: Ceruledge|Bitter Blade|p1a: Chi-Yu\n|-resisted|p1a: Chi-Yu\n|-damage|p1a: Chi-Yu|62\/100\n|move|p1b: Scizor|Tera Blast|p2a: Ting-Lu\n|-damage|p2a: Ting-Lu|1\/100\n|move|p2a: Ting-Lu|Earthquake|p1b: Scizor|[spread] p2b,p1a,p1b\n|-supereffective|p2b: Ceruledge\n|-supereffective|p1a: Chi-Yu\n|-damage|p2b: Ceruledge|31\/100\n|-damage|p1a: Chi-Yu|0 fnt\n|-damage|p1b: Scizor|43\/100\n|faint|p1a: Chi-Yu\n|\n|-heal|p2b: Ceruledge|37\/100|[from] item: Leftovers\n|upkeep\n|turn|5\n|-message|KrisBlazeKick forfeited.\n|\n|win|Terry kloak\n|raw|KrisBlazeKick's rating: 1633 → 1619<\/strong> (-14 for losing)\n|raw|Terry kloak's rating: 1732 → 1746<\/strong> (+14 for winning)\n|l|\u2606KrisBlazeKick\n","uploadtime":1682082157,"views":10,"p1id":"krisblazekick","p2id":"terrykloak","formatid":"gen9vgc2023regulationc","rating":1619,"private":0,"password":""}