{"id":"gen9vgc2023regulationc-1855289367","p1":"alanfournumbers","p2":"haha you rage quit","format":"[Gen 9] VGC 2023 Regulation C","log":"|j|\u2606alanfournumbers\n|j|\u2606haha you rage quit\n|t:|1682930790\n|gametype|doubles\n|player|p1|alanfournumbers|pokemonranger-gen4|1176\n|player|p2|haha you rage quit|pokemaniac|1292\n|teamsize|p1|6\n|teamsize|p2|6\n|gen|9\n|tier|[Gen 9] VGC 2023 Regulation C\n|rated|\n|rule|Species Clause: Limit one of each Pok\u00e9mon\n|rule|Item Clause: Limit one of each item\n|clearpoke\n|poke|p1|Raichu, L50, M|\n|poke|p1|Gyarados, L50, F|\n|poke|p1|Orthworm, L50, M|\n|poke|p1|Great Tusk, L50|\n|poke|p1|Magnezone, L50|\n|poke|p1|Mismagius, L50, M|\n|poke|p2|Dondozo, L50, M|\n|poke|p2|Tatsugiri-Droopy, L50, M|\n|poke|p2|Torkoal, L50, M|\n|poke|p2|Flutter Mane, L50|\n|poke|p2|Kingambit, L50, M|\n|poke|p2|Indeedee-F, L50, F|\n|teampreview|4\n|j| JKXCKSUJGJU\n|l| JKXCKSUJGJU\n|inactive|Battle timer is ON: inactive players will automatically lose when time's up. (requested by alanfournumbers)\n|inactive|haha you rage quit has 60 seconds left.\n|inactive|haha you rage quit has 30 seconds left.\n|\n|t:|1682930904\n|start\n|switch|p1a: Magnezone|Magnezone, L50|100\/100\n|switch|p1b: Raichu|Raichu, L50, M|100\/100\n|switch|p2a: Torkoal|Torkoal, L50, M|100\/100\n|switch|p2b: Indeedee|Indeedee-F, L50, F, shiny|100\/100\n|-fieldstart|move: Psychic Terrain|[from] ability: Psychic Surge|[of] p2b: Indeedee\n|-enditem|p2b: Indeedee|Psychic Seed\n|-boost|p2b: Indeedee|spd|1|[from] item: Psychic Seed\n|-weather|SunnyDay|[from] ability: Drought|[of] p2a: Torkoal\n|turn|1\n|\n|t:|1682930922\n|move|p1b: Raichu|Light Screen|p1b: Raichu\n|-sidestart|p1: alanfournumbers|move: Light Screen\n|move|p1a: Magnezone|Discharge|p2a: Torkoal|[spread] p2a,p2b\n|-ability|p1b: Raichu|Lightning Rod|boost\n|-boost|p1b: Raichu|spa|1\n|-damage|p2a: Torkoal|52\/100\n|-damage|p2b: Indeedee|83\/100\n|move|p2a: Torkoal|Heat Wave|p1b: Raichu|[spread] p1a\n|-miss|p2a: Torkoal|p1b: Raichu\n|-supereffective|p1a: Magnezone\n|-damage|p1a: Magnezone|53\/100\n|move|p2b: Indeedee|Trick Room|p2b: Indeedee\n|-fieldstart|move: Trick Room|[of] p2b: Indeedee\n|\n|-weather|SunnyDay|[upkeep]\n|upkeep\n|turn|2\n|inactive|haha you rage quit has 30 seconds left.\n|\n|t:|1682930952\n|move|p2a: Torkoal|Heat Wave|p1a: Magnezone|[spread] p1a,p1b\n|-supereffective|p1a: Magnezone\n|-damage|p1a: Magnezone|3\/100\n|-damage|p1b: Raichu|48\/100\n|move|p1a: Magnezone|Discharge|p2b: Indeedee|[spread] p2a,p2b\n|-ability|p1b: Raichu|Lightning Rod|boost\n|-boost|p1b: Raichu|spa|1\n|-crit|p2a: Torkoal\n|-damage|p2a: Torkoal|0 fnt\n|-damage|p2b: Indeedee|65\/100\n|faint|p2a: Torkoal\n|move|p2b: Indeedee|Dazzling Gleam|p1a: Magnezone|[spread] p1a,p1b\n|-resisted|p1a: Magnezone\n|-damage|p1a: Magnezone|0 fnt\n|-damage|p1b: Raichu|34\/100\n|faint|p1a: Magnezone\n|move|p1b: Raichu|Discharge|p2b: Indeedee\n|-damage|p2b: Indeedee|32\/100\n|\n|-weather|SunnyDay|[upkeep]\n|upkeep\n|\n|t:|1682930970\n|switch|p2a: Kingambit|Kingambit, L50, M, shiny|100\/100\n|switch|p1a: Mismagius|Mismagius, L50, M|100\/100\n|turn|3\n|\n|t:|1682930995\n|move|p2b: Indeedee|Follow Me|p2b: Indeedee\n|-singleturn|p2b: Indeedee|move: Follow Me\n|move|p2a: Kingambit|Kowtow Cleave|p1b: Raichu\n|-damage|p1b: Raichu|0 fnt\n|faint|p1b: Raichu\n|move|p1a: Mismagius|Will-O-Wisp|p2b: Indeedee\n|-status|p2b: Indeedee|brn\n|\n|-weather|SunnyDay|[upkeep]\n|-damage|p2b: Indeedee|25\/100 brn|[from] brn\n|upkeep\n|\n|t:|1682931003\n|switch|p1b: Gyarados|Gyarados, L50, F|100\/100\n|-ability|p1b: Gyarados|Intimidate|boost\n|-unboost|p2a: Kingambit|atk|1\n|-ability|p2a: Kingambit|Defiant|boost\n|-boost|p2a: Kingambit|atk|2\n|-unboost|p2b: Indeedee|atk|1\n|turn|4\n|\n|t:|1682931025\n|move|p2b: Indeedee|Follow Me|p2b: Indeedee\n|-singleturn|p2b: Indeedee|move: Follow Me\n|move|p2a: Kingambit|Kowtow Cleave|p1b: Gyarados\n|-damage|p1b: Gyarados|12\/100\n|move|p1a: Mismagius|Will-O-Wisp|p2b: Indeedee\n|-fail|p2b: Indeedee|brn\n|move|p1b: Gyarados|Earthquake|p2a: Kingambit|[spread] p2a,p2b\n|-immune|p1a: Mismagius|[from] ability: Levitate\n|-supereffective|p2a: Kingambit\n|-damage|p2a: Kingambit|60\/100\n|-damage|p2b: Indeedee|0 fnt\n|faint|p2b: Indeedee\n|\n|-weather|SunnyDay|[upkeep]\n|upkeep\n|\n|t:|1682931037\n|switch|p2b: Flutter Mane|Flutter Mane, L50, shiny|100\/100\n|-activate|p2b: Flutter Mane|ability: Protosynthesis\n|-start|p2b: Flutter Mane|protosynthesisspe\n|turn|5\n|inactive|alanfournumbers has 30 seconds left.\n|inactive|alanfournumbers has 20 seconds left.\n|inactive|alanfournumbers has 15 seconds left.\n|\n|t:|1682931079\n|-terastallize|p1a: Mismagius|Dark\n|move|p2a: Kingambit|Kowtow Cleave|p1b: Gyarados\n|-damage|p1b: Gyarados|0 fnt\n|faint|p1b: Gyarados\n|move|p1a: Mismagius|Will-O-Wisp|p2a: Kingambit\n|-status|p2a: Kingambit|brn\n|-enditem|p2a: Kingambit|Lum Berry|[eat]\n|-curestatus|p2a: Kingambit|brn|[msg]\n|move|p2b: Flutter Mane|Shadow Ball|p1a: Mismagius\n|-resisted|p1a: Mismagius\n|-damage|p1a: Mismagius|84\/100\n|\n|-weather|SunnyDay|[upkeep]\n|-heal|p1a: Mismagius|89\/100|[from] item: Leftovers\n|-sideend|p1: alanfournumbers|move: Light Screen\n|-fieldend|move: Trick Room\n|-fieldend|move: Psychic Terrain\n|upkeep\n|turn|6\n|\n|t:|1682931095\n|move|p2b: Flutter Mane|Shadow Ball|p1a: Mismagius\n|-resisted|p1a: Mismagius\n|-damage|p1a: Mismagius|62\/100\n|move|p1a: Mismagius|Hex|p2b: Flutter Mane\n|-supereffective|p2b: Flutter Mane\n|-damage|p2b: Flutter Mane|41\/100\n|move|p2a: Kingambit|Low Kick|p1a: Mismagius\n|-supereffective|p1a: Mismagius\n|-damage|p1a: Mismagius|25\/100\n|\n|-weather|SunnyDay|[upkeep]\n|-heal|p1a: Mismagius|30\/100|[from] item: Leftovers\n|upkeep\n|turn|7\n|\n|t:|1682931106\n|move|p2b: Flutter Mane|Shadow Ball|p1a: Mismagius\n|-resisted|p1a: Mismagius\n|-damage|p1a: Mismagius|3\/100\n|move|p1a: Mismagius|Hex|p2b: Flutter Mane\n|-supereffective|p2b: Flutter Mane\n|-damage|p2b: Flutter Mane|0 fnt\n|faint|p2b: Flutter Mane\n|-end|p2b: Flutter Mane|Protosynthesis|[silent]\n|move|p2a: Kingambit|Low Kick|p1a: Mismagius\n|-supereffective|p1a: Mismagius\n|-damage|p1a: Mismagius|0 fnt\n|faint|p1a: Mismagius\n|\n|win|haha you rage quit\n|raw|alanfournumbers's rating: 1176 → 1159<\/strong> (-17 for losing)\n|raw|haha you rage quit's rating: 1292 → 1309<\/strong> (+17 for winning)\n|c|\u2606alanfournumbers|ggs\n","uploadtime":1682931120,"views":21,"p1id":"alanfournumbers","p2id":"hahayouragequit","formatid":"gen9vgc2023regulationc","rating":1159,"private":0,"password":""}