{"id":"gen9vgc2023regulationc-1847753260","p1":"Imtehkyng","p2":"Chamix90","format":"[Gen 9] VGC 2023 Regulation C","log":"|j|\u2606Imtehkyng\n|j|\u2606Chamix90\n|t:|1681999058\n|gametype|doubles\n|player|p1|Imtehkyng|2|1139\n|player|p2|Chamix90|170|1195\n|teamsize|p1|6\n|teamsize|p2|6\n|gen|9\n|tier|[Gen 9] VGC 2023 Regulation C\n|rated|\n|rule|Species Clause: Limit one of each Pok\u00e9mon\n|rule|Item Clause: Limit one of each item\n|clearpoke\n|poke|p1|Ting-Lu, L50|\n|poke|p1|Dragonite, L50, M|\n|poke|p1|Scream Tail, L50|\n|poke|p1|Annihilape, L50, F|\n|poke|p1|Hydreigon, L50, M|\n|poke|p1|Kingambit, L50, M|\n|poke|p2|Ting-Lu, L50|\n|poke|p2|Amoonguss, L50, F|\n|poke|p2|Azumarill, L50, F|\n|poke|p2|Dragonite, L50, F|\n|poke|p2|Gyarados, L50, M|\n|poke|p2|Flutter Mane, L50|\n|teampreview|4\n|\n|t:|1681999111\n|start\n|switch|p1a: Annihilape|Annihilape, L50, F|100\/100\n|switch|p1b: Kingambit|Kingambit, L50, M|100\/100\n|switch|p2a: Amoonguss|Amoonguss, L50, F|100\/100\n|switch|p2b: Flutter Mane|Flutter Mane, L50|100\/100\n|-enditem|p2b: Flutter Mane|Booster Energy\n|-activate|p2b: Flutter Mane|ability: Protosynthesis|[fromitem]\n|-start|p2b: Flutter Mane|protosynthesisspa\n|turn|1\n|inactive|Battle timer is ON: inactive players will automatically lose when time's up. (requested by Imtehkyng)\n|\n|t:|1681999129\n|-terastallize|p2b: Flutter Mane|Steel\n|move|p1a: Annihilape|Final Gambit|p2a: Amoonguss\n|-damage|p2a: Amoonguss|16\/100\n|faint|p1a: Annihilape\n|move|p2b: Flutter Mane|Dazzling Gleam|p1b: Kingambit\n|-damage|p1b: Kingambit|42\/100\n|move|p1b: Kingambit|Iron Head|p2b: Flutter Mane\n|-resisted|p2b: Flutter Mane\n|-damage|p2b: Flutter Mane|65\/100\n|move|p2a: Amoonguss|Spore|p1b: Kingambit\n|-status|p1b: Kingambit|slp|[from] move: Spore\n|\n|upkeep\n|\n|t:|1681999144\n|switch|p1a: Ting-Lu|Ting-Lu, L50|100\/100\n|-ability|p1a: Ting-Lu|Vessel of Ruin\n|turn|2\n|\n|t:|1681999153\n|switch|p2a: Gyarados|Gyarados, L50, M, shiny|100\/100\n|-ability|p2a: Gyarados|Intimidate|boost\n|-unboost|p1a: Ting-Lu|atk|1\n|-unboost|p1b: Kingambit|atk|1\n|move|p2b: Flutter Mane|Protect|p2b: Flutter Mane\n|-singleturn|p2b: Flutter Mane|Protect\n|move|p1a: Ting-Lu|Protect|p1a: Ting-Lu\n|-singleturn|p1a: Ting-Lu|Protect\n|cant|p1b: Kingambit|slp\n|\n|upkeep\n|turn|3\n|inactive|Chamix90 has 30 seconds left.\n|\n|t:|1681999181\n|-end|p2b: Flutter Mane|Protosynthesis|[silent]\n|switch|p2b: Ting-Lu|Ting-Lu, L50|100\/100\n|-ability|p2b: Ting-Lu|Vessel of Ruin\n|-terastallize|p1a: Ting-Lu|Steel\n|move|p2a: Gyarados|Waterfall|p1a: Ting-Lu\n|-damage|p1a: Ting-Lu|82\/100\n|-curestatus|p1b: Kingambit|slp|[msg]\n|move|p1b: Kingambit|Kowtow Cleave|p2b: Ting-Lu\n|-resisted|p2b: Ting-Lu\n|-damage|p2b: Ting-Lu|91\/100\n|move|p1a: Ting-Lu|Fissure|p2b: Ting-Lu|[miss]\n|-miss|p1a: Ting-Lu|p2b: Ting-Lu\n|\n|-heal|p1a: Ting-Lu|88\/100|[from] item: Leftovers\n|-heal|p2b: Ting-Lu|97\/100|[from] item: Leftovers\n|upkeep\n|turn|4\n|\n|t:|1681999206\n|switch|p1a: Hydreigon|Hydreigon, L50, M|100\/100\n|move|p2a: Gyarados|Thunder Wave|p1a: Hydreigon\n|-status|p1a: Hydreigon|par\n|move|p1b: Kingambit|Kowtow Cleave|p2a: Gyarados\n|-damage|p2a: Gyarados|72\/100\n|move|p2b: Ting-Lu|Stomping Tantrum|p1b: Kingambit\n|-supereffective|p1b: Kingambit\n|-damage|p1b: Kingambit|0 fnt\n|faint|p1b: Kingambit\n|-end|p1b: Kingambit|fallenundefined|[silent]\n|\n|-heal|p2b: Ting-Lu|100\/100|[from] item: Leftovers\n|upkeep\n|\n|t:|1681999215\n|switch|p1b: Ting-Lu|Ting-Lu, L50, tera:Steel|88\/100\n|-ability|p1b: Ting-Lu|Vessel of Ruin\n|turn|5\n|\n|t:|1681999235\n|move|p2a: Gyarados|Thunder Wave|p1b: Ting-Lu\n|-status|p1b: Ting-Lu|par\n|move|p2b: Ting-Lu|Rock Slide|p1b: Ting-Lu|[spread] p1a,p1b\n|-resisted|p1b: Ting-Lu\n|-damage|p1a: Hydreigon|86\/100 par\n|-damage|p1b: Ting-Lu|84\/100 par\n|cant|p1a: Hydreigon|flinch\n|cant|p1b: Ting-Lu|par\n|\n|-heal|p1b: Ting-Lu|90\/100 par|[from] item: Leftovers\n|upkeep\n|turn|6\n|\n|t:|1681999254\n|switch|p2a: Flutter Mane|Flutter Mane, L50, tera:Steel|65\/100\n|move|p2b: Ting-Lu|Rock Slide|p1b: Ting-Lu|[spread] p1a,p1b\n|-resisted|p1b: Ting-Lu\n|-damage|p1a: Hydreigon|73\/100 par\n|-damage|p1b: Ting-Lu|86\/100 par\n|cant|p1a: Hydreigon|par\n|cant|p1b: Ting-Lu|flinch\n|\n|-heal|p1b: Ting-Lu|92\/100 par|[from] item: Leftovers\n|upkeep\n|turn|7\n|\n|t:|1681999272\n|move|p2a: Flutter Mane|Dazzling Gleam|p1a: Hydreigon|[spread] p1a,p1b\n|-supereffective|p1a: Hydreigon\n|-resisted|p1b: Ting-Lu\n|-damage|p1a: Hydreigon|0 fnt\n|-damage|p1b: Ting-Lu|85\/100 par\n|faint|p1a: Hydreigon\n|move|p2b: Ting-Lu|Rock Slide|p1b: Ting-Lu\n|-resisted|p1b: Ting-Lu\n|-damage|p1b: Ting-Lu|79\/100 par\n|cant|p1b: Ting-Lu|par\n|\n|-heal|p1b: Ting-Lu|85\/100 par|[from] item: Leftovers\n|upkeep\n|turn|8\n|-message|Imtehkyng forfeited.\n|\n|win|Chamix90\n|raw|Imtehkyng's rating: 1139 → 1118<\/strong> (-21 for losing)\n|raw|Chamix90's rating: 1195 → 1216<\/strong> (+21 for winning)\n|l|\u2606Imtehkyng\n","uploadtime":1681999290,"views":8,"p1id":"imtehkyng","p2id":"chamix90","formatid":"gen9vgc2023regulationc","rating":1118,"private":0,"password":""}