{"id":"gen9vgc2023regulationc-1861539025","p1":"JubioHDX","p2":"6Roggenrolas","format":"[Gen 9] VGC 2023 Regulation C","log":"|j|\u2606JubioHDX\n|j|\u26066Roggenrolas\n|t:|1683770476\n|gametype|doubles\n|player|p1|JubioHDX|nate|\n|player|p2|6Roggenrolas|schoolkid-gen4dp|\n|teamsize|p1|6\n|teamsize|p2|6\n|gen|9\n|tier|[Gen 9] VGC 2023 Regulation C\n|rule|Tera Type Preview: Tera Types are shown at Team Preview\n|rule|Species Clause: Limit one of each Pok\u00e9mon\n|rule|Item Clause: Limit one of each item\n|clearpoke\n|poke|p1|Maushold, L50|\n|poke|p1|Mudsdale, L50, M|\n|poke|p1|Hatterene, L50, F|\n|poke|p1|Vaporeon, L50, F|\n|poke|p1|Bombirdier, L50, M|\n|poke|p1|Brute Bonnet, L50|\n|poke|p2|Dragonite, L50, M|\n|poke|p2|Iron Bundle, L50|\n|poke|p2|Iron Treads, L50|\n|poke|p2|Iron Moth, L50|\n|poke|p2|Pincurchin, L50, M|\n|poke|p2|Mimikyu, L50, F|\n|teampreview|4\n|raw|JubioHDX's Tera Types: \/ \/ \/ \/ \/ \n|raw|6Roggenrolas's Tera Types: \/ \/ \/ \/ \/ \n|c|\u26066Roggenrolas|are these open sheets?\n|c|\u2606JubioHDX|only tera preview\n|c|\u26066Roggenrolas|gotcha\n|c|\u2606JubioHDX|we need to open all 3 games first tho\n|c|\u26066Roggenrolas|gl hf\n|c|\u26066Roggenrolas|g1\n|c|\u2606JubioHDX|aight glhf!\n|inactive|Battle timer is ON: inactive players will automatically lose when time's up. (requested by JubioHDX)\n|inactive|6Roggenrolas has 60 seconds left.\n|\n|t:|1683770592\n|start\n|switch|p1a: Bombirdier|Bombirdier, L50, M|100\/100\n|switch|p1b: Hatterene|Hatterene, L50, F|100\/100\n|switch|p2a: PILLOWKILL|Dragonite, L50, M|100\/100\n|switch|p2b: used napkin|Mimikyu, L50, F|100\/100\n|turn|1\n|inactive|6Roggenrolas has 30 seconds left.\n|inactive|6Roggenrolas has 20 seconds left.\n|\n|t:|1683770629\n|-terastallize|p1a: Bombirdier|Rock\n|move|p2a: PILLOWKILL|Protect|p2a: PILLOWKILL\n|-singleturn|p2a: PILLOWKILL|Protect\n|move|p2b: used napkin|Will-O-Wisp|p1a: Bombirdier\n|-status|p1a: Bombirdier|brn\n|move|p1a: Bombirdier|Rock Blast|p2a: PILLOWKILL\n|-activate|p2a: PILLOWKILL|move: Protect\n|move|p1b: Hatterene|Trick Room|p1b: Hatterene\n|-fieldstart|move: Trick Room|[of] p1b: Hatterene\n|\n|-damage|p1a: Bombirdier|94\/100 brn|[from] brn\n|upkeep\n|turn|2\n|\n|t:|1683770653\n|switch|p2a: vape pen|Iron Treads, L50|100\/100\n|-enditem|p2a: vape pen|Booster Energy\n|-activate|p2a: vape pen|ability: Quark Drive|[fromitem]\n|-start|p2a: vape pen|quarkdriveatk\n|move|p1b: Hatterene|Dazzling Gleam|p2a: vape pen|[spread] p2a,p2b\n|-resisted|p2a: vape pen\n|-damage|p2a: vape pen|74\/100\n|-activate|p2b: used napkin|ability: Disguise\n|-damage|p2b: used napkin|100\/100\n|detailschange|p2b: used napkin|Mimikyu-Busted, L50, F\n|-damage|p2b: used napkin|88\/100|[from] pokemon: Mimikyu-Busted\n|-damage|p1b: Hatterene|91\/100|[from] item: Life Orb\n|move|p1a: Bombirdier|Rock Blast|p2b: used napkin\n|-damage|p2b: used napkin|77\/100\n|-damage|p2b: used napkin|66\/100\n|-damage|p2b: used napkin|55\/100\n|-damage|p2b: used napkin|44\/100\n|-enditem|p2b: used napkin|Sitrus Berry|[eat]\n|-heal|p2b: used napkin|68\/100|[from] item: Sitrus Berry\n|-hitcount|p2b: used napkin|4\n|move|p2b: used napkin|Trick Room|p2b: used napkin\n|-fieldend|move: Trick Room\n|\n|-damage|p1a: Bombirdier|88\/100 brn|[from] brn\n|upkeep\n|turn|3\n|inactive|JubioHDX has 30 seconds left.\n|inactive|6Roggenrolas has 30 seconds left.\n|inactive|JubioHDX has 20 seconds left.\n|inactive|6Roggenrolas has 20 seconds left.\n|\n|t:|1683770691\n|move|p1a: Bombirdier|Protect|p1a: Bombirdier\n|-singleturn|p1a: Bombirdier|Protect\n|move|p2a: vape pen|Iron Head|p1b: Hatterene\n|-supereffective|p1b: Hatterene\n|-damage|p1b: Hatterene|0 fnt\n|faint|p1b: Hatterene\n|move|p2b: used napkin|Shadow Claw|p1a: Bombirdier\n|-activate|p1a: Bombirdier|move: Protect\n|\n|-damage|p1a: Bombirdier|82\/100 brn|[from] brn\n|upkeep\n|\n|t:|1683770703\n|switch|p1b: Vaporeon|Vaporeon, L50, F|100\/100\n|turn|4\n|inactive|JubioHDX has 30 seconds left.\n|\n|t:|1683770730\n|switch|p2b: PILLOWKILL|Dragonite, L50, M|100\/100\n|-terastallize|p2a: vape pen|Ground\n|move|p2a: vape pen|Earthquake|p1b: Vaporeon|[spread] p1a,p1b\n|-immune|p2b: PILLOWKILL\n|-supereffective|p1a: Bombirdier\n|-damage|p1a: Bombirdier|0 fnt\n|-damage|p1b: Vaporeon|33\/100\n|faint|p1a: Bombirdier\n|move|p1b: Vaporeon|Hydro Pump|p2a: vape pen\n|-supereffective|p2a: vape pen\n|-damage|p2a: vape pen|0 fnt\n|faint|p2a: vape pen\n|-end|p2a: vape pen|Quark Drive|[silent]\n|\n|-heal|p1b: Vaporeon|39\/100|[from] item: Leftovers\n|upkeep\n|\n|t:|1683770745\n|switch|p2a: wet sack|Iron Bundle, L50|100\/100\n|switch|p1a: Brute Bonnet|Brute Bonnet, L50|100\/100\n|-enditem|p1a: Brute Bonnet|Booster Energy\n|-activate|p1a: Brute Bonnet|ability: Protosynthesis|[fromitem]\n|-start|p1a: Brute Bonnet|protosynthesisatk\n|turn|5\n|inactive|JubioHDX has 30 seconds left.\n|\n|t:|1683770771\n|move|p1b: Vaporeon|Detect|p1b: Vaporeon\n|-singleturn|p1b: Vaporeon|Protect\n|move|p1a: Brute Bonnet|Sucker Punch|p2a: wet sack\n|-damage|p2a: wet sack|57\/100\n|move|p2a: wet sack|Freeze-Dry|p1b: Vaporeon\n|-activate|p1b: Vaporeon|move: Protect\n|move|p2b: PILLOWKILL|Fire Punch|p1a: Brute Bonnet\n|-supereffective|p1a: Brute Bonnet\n|-damage|p1a: Brute Bonnet|36\/100\n|-damage|p2b: PILLOWKILL|91\/100|[from] item: Life Orb\n|\n|-heal|p1b: Vaporeon|45\/100|[from] item: Leftovers\n|upkeep\n|turn|6\n|\n|t:|1683770794\n|move|p1a: Brute Bonnet|Sucker Punch|p2b: PILLOWKILL\n|-damage|p2b: PILLOWKILL|50\/100\n|move|p2a: wet sack|Freeze-Dry|p1b: Vaporeon\n|-supereffective|p1b: Vaporeon\n|-damage|p1b: Vaporeon|0 fnt\n|faint|p1b: Vaporeon\n|move|p2b: PILLOWKILL|Fire Punch|p1a: Brute Bonnet\n|-supereffective|p1a: Brute Bonnet\n|-damage|p1a: Brute Bonnet|0 fnt\n|faint|p1a: Brute Bonnet\n|-end|p1a: Brute Bonnet|Protosynthesis|[silent]\n|-damage|p2b: PILLOWKILL|40\/100|[from] item: Life Orb\n|\n|win|6Roggenrolas\n|c|\u2606JubioHDX|gg on this one lol\n|c|\u26066Roggenrolas|gg\n|l|\u26066Roggenrolas\n","uploadtime":1683770814,"views":36,"p1id":"jubiohdx","p2id":"6roggenrolas","formatid":"gen9vgc2023regulationc","rating":0,"private":0,"password":""}