{"id":"gen9vgc2023regulationc-1862783325","p1":"fizzywizzyglizzy","p2":"Mr.Fabulas","format":"[Gen 9] VGC 2023 Regulation C","log":"|j|\u2606fizzywizzyglizzy\n|j|\u2606Mr.Fabulas\n|t:|1683921481\n|gametype|doubles\n|player|p1|fizzywizzyglizzy|1|\n|player|p2|Mr.Fabulas|265|\n|teamsize|p1|6\n|teamsize|p2|6\n|gen|9\n|tier|[Gen 9] VGC 2023 Regulation C\n|rule|Species Clause: Limit one of each Pok\u00e9mon\n|rule|Item Clause: Limit one of each item\n|clearpoke\n|poke|p1|Pawniard, L50, M|\n|poke|p1|Wattrel, L50, F|\n|poke|p1|Mudbray, L50, M|\n|poke|p1|Skiddo, L50, F|\n|poke|p1|Glimmet, L50, F|\n|poke|p1|Tandemaus, L50|\n|poke|p2|Deerling-Summer, L50, F|\n|poke|p2|Salandit, L50, F|\n|poke|p2|Pawniard, L50, M|\n|poke|p2|Mudbray, L50, M|\n|poke|p2|Foongus, L50, M|\n|poke|p2|Wattrel, L50, F|\n|teampreview|4\nfizzywizzyglizzy has agreed to open team sheets.\nMr.Fabulas has agreed to open team sheets.\n|l|\u2606fizzywizzyglizzy\n|player|p1|\n|j|\u2606fizzywizzyglizzy\n|player|p1|fizzywizzyglizzy|1\n|c|\u2606fizzywizzyglizzy|g2\n|c|\u2606fizzywizzyglizzy|sorry on mobile and saved replay\n|c|\u2606fizzywizzyglizzy|glhf\n|c|\u2606Mr.Fabulas|okie no worrie\n|c|\u2606Mr.Fabulas|btw tandemaus is so annoying\n|\n|t:|1683921882\n|start\n|switch|p1a: Tandemaus|Tandemaus, L50|100\/100\n|switch|p1b: Bode|Glimmet, L50, F, shiny|100\/100\n|switch|p2a: Salandit|Salandit, L50, F, shiny|100\/100\n|switch|p2b: Wattrel|Wattrel, L50, F, shiny|100\/100\n|turn|1\n|\n|t:|1683921921\n|switch|p2a: Pawniard|Pawniard, L50, M, shiny|100\/100\n|move|p1a: Tandemaus|Population Bomb|p2b: Wattrel\n|-damage|p2b: Wattrel|81\/100\n|-damage|p2b: Wattrel|62\/100\n|-damage|p2b: Wattrel|43\/100\n|-damage|p2b: Wattrel|22\/100\n|-damage|p2b: Wattrel|1\/100\n|-damage|p2b: Wattrel|0 fnt\n|faint|p2b: Wattrel\n|-hitcount|p2: Wattrel|6\n|move|p1b: Bode|Power Gem|p2a: Pawniard\n|-resisted|p2a: Pawniard\n|-damage|p2a: Pawniard|66\/100\n|-damage|p1b: Bode|91\/100|[from] item: Life Orb\n|\n|upkeep\n|\n|t:|1683921938\n|switch|p2b: Salandit|Salandit, L50, F, shiny|100\/100\n|turn|2\n|\n|t:|1683921950\n|move|p2a: Pawniard|Sucker Punch|p1a: Tandemaus\n|-damage|p1a: Tandemaus|24\/100\n|move|p2b: Salandit|Heat Wave|p1a: Tandemaus|[spread] p1a,p1b\n|-resisted|p1b: Bode\n|-damage|p1a: Tandemaus|0 fnt\n|-damage|p1b: Bode|52\/100\n|faint|p1a: Tandemaus\n|move|p1b: Bode|Power Gem|p2b: Salandit\n|-supereffective|p2b: Salandit\n|-damage|p2b: Salandit|0 fnt\n|faint|p2b: Salandit\n|-damage|p1b: Bode|42\/100|[from] item: Life Orb\n|\n|upkeep\n|\n|t:|1683921976\n|switch|p2b: Deerling|Deerling-Summer, L50, F, shiny|100\/100\n|switch|p1a: Skiddo|Skiddo, L50, F, shiny|100\/100\n|turn|3\n|\n|t:|1683922013\n|-terastallize|p2b: Deerling|Fire\n|-terastallize|p1a: Skiddo|Steel\n|move|p1b: Bode|Protect|p1b: Bode\n|-singleturn|p1b: Bode|Protect\n|move|p2a: Pawniard|Sucker Punch||[still]\n|-fail|p2a: Pawniard\n|move|p2b: Deerling|Tera Blast|p1a: Skiddo\n|-supereffective|p1a: Skiddo\n|-damage|p1a: Skiddo|39\/100\n|-damage|p2b: Deerling|91\/100|[from] item: Life Orb\n|move|p1a: Skiddo|Leech Seed|p2a: Pawniard\n|-start|p2a: Pawniard|move: Leech Seed\n|\n|-damage|p2a: Pawniard|53\/100|[from] Leech Seed|[of] p1a: Skiddo\n|-heal|p1a: Skiddo|50\/100|[silent]\n|upkeep\n|turn|4\n|\n|t:|1683922044\n|switch|p1b: Pawniard|Pawniard, L50, M, shiny|100\/100\n|move|p2b: Deerling|Protect|p2b: Deerling\n|-singleturn|p2b: Deerling|Protect\n|move|p1a: Skiddo|Protect|p1a: Skiddo\n|-singleturn|p1a: Skiddo|Protect\n|move|p2a: Pawniard|Sucker Punch||[still]\n|-fail|p2a: Pawniard\n|\n|-damage|p2a: Pawniard|41\/100|[from] Leech Seed|[of] p1a: Skiddo\n|-heal|p1a: Skiddo|62\/100|[silent]\n|upkeep\n|turn|5\n|\n|t:|1683922079\n|switch|p1a: Bode|Glimmet, L50, F, shiny|42\/100\n|move|p2b: Deerling|Tera Blast|p1b: Pawniard\n|-supereffective|p1b: Pawniard\n|-damage|p1b: Pawniard|0 fnt\n|faint|p1b: Pawniard\n|-damage|p2b: Deerling|81\/100|[from] item: Life Orb\n|move|p2a: Pawniard|Assurance|p1a: Bode\n|-damage|p1a: Bode|0 fnt\n|-activate|p1a: Bode|ability: Toxic Debris\n|-sidestart|p2: Mr.Fabulas|move: Toxic Spikes\n|faint|p1a: Bode\n|\n|upkeep\n|\n|t:|1683922094\n|switch|p1b: Skiddo|Skiddo, L50, F, shiny, tera:Steel|62\/100\n|turn|6\n|\n|t:|1683922101\n|move|p1b: Skiddo|Protect|p1b: Skiddo\n|-singleturn|p1b: Skiddo|Protect\n|move|p2b: Deerling|Tera Blast|p1b: Skiddo\n|-activate|p1b: Skiddo|move: Protect\n|move|p2a: Pawniard|Assurance|p1b: Skiddo\n|-activate|p1b: Skiddo|move: Protect\n|\n|upkeep\n|turn|7\n|\n|t:|1683922112\n|move|p2b: Deerling|Tera Blast|p1b: Skiddo\n|-supereffective|p1b: Skiddo\n|-damage|p1b: Skiddo|4\/100\n|-damage|p2b: Deerling|72\/100|[from] item: Life Orb\n|move|p2a: Pawniard|Assurance|p1b: Skiddo\n|-damage|p1b: Skiddo|0 fnt\n|faint|p1b: Skiddo\n|\n|win|Mr.Fabulas\n|c|\u2606Mr.Fabulas|gg\n|c|\u2606fizzywizzyglizzy|gg\n|l|\u2606fizzywizzyglizzy\n|l|\u2606Mr.Fabulas\n|j|\u2606fizzywizzyglizzy\n|player|p1|fizzywizzyglizzy|1\n","uploadtime":1683922418,"views":12,"p1id":"fizzywizzyglizzy","p2id":"mrfabulas","formatid":"gen9vgc2023regulationc","rating":0,"private":0,"password":""}