{"id":"gen9vgc2023regulationc-1850565269","p1":"Fastjon4444","p2":"walkin.steele","format":"[Gen 9] VGC 2023 Regulation C","log":"|j|\u2606Fastjon4444\n|j|\u2606walkin.steele\n|t:|1682349114\n|gametype|doubles\n|player|p1|Fastjon4444|hilbert|1336\n|player|p2|walkin.steele|blue|1274\n|teamsize|p1|6\n|teamsize|p2|6\n|gen|9\n|tier|[Gen 9] VGC 2023 Regulation C\n|rated|\n|rule|Species Clause: Limit one of each Pok\u00e9mon\n|rule|Item Clause: Limit one of each item\n|clearpoke\n|poke|p1|Chien-Pao, L50|\n|poke|p1|Dragapult, L50, M|\n|poke|p1|Arcanine, L50, F|\n|poke|p1|Flutter Mane, L50|\n|poke|p1|Palafin, L50, M|\n|poke|p1|Amoonguss, L50, M|\n|poke|p2|Dragapult, L50, M|\n|poke|p2|Chien-Pao, L50|\n|poke|p2|Gallade, L50, M|\n|poke|p2|Corviknight, L50, M|\n|poke|p2|Scream Tail, L50|\n|poke|p2|Brute Bonnet, L50|\n|teampreview|4\nwalkin.steele has agreed to open team sheets.\n|\n|t:|1682349156\n|start\n|switch|p1a: Arcanine|Arcanine, L50, F|100\/100\n|switch|p1b: Flutter Mane|Flutter Mane, L50|100\/100\n|switch|p2a: Yata-Garasu|Corviknight, L50, M|100\/100\n|switch|p2b: Ariana|Scream Tail, L50|100\/100\n|-ability|p1a: Arcanine|Intimidate|boost\n|-ability|p2a: Yata-Garasu|Mirror Armor\n|-unboost|p1a: Arcanine|atk|1\n|-unboost|p2b: Ariana|atk|1\n|-enditem|p2b: Ariana|Booster Energy\n|-activate|p2b: Ariana|ability: Protosynthesis|[fromitem]\n|-start|p2b: Ariana|protosynthesisspe\n|turn|1\n|inactive|Battle timer is ON: inactive players will automatically lose when time's up. (requested by walkin.steele)\n|inactive|Fastjon4444 has 60 seconds left.\n|\n|t:|1682349197\n|move|p1a: Arcanine|Protect|p1a: Arcanine\n|-singleturn|p1a: Arcanine|Protect\n|move|p2b: Ariana|Howl|p2b: Ariana|[spread] p2a,p2b\n|-boost|p2a: Yata-Garasu|atk|1\n|-boost|p2b: Ariana|atk|1\n|move|p1b: Flutter Mane|Thunderbolt|p2a: Yata-Garasu\n|-supereffective|p2a: Yata-Garasu\n|-damage|p2a: Yata-Garasu|20\/100\n|move|p2a: Yata-Garasu|Tailwind|p2a: Yata-Garasu\n|-sidestart|p2: walkin.steele|move: Tailwind\n|\n|upkeep\n|turn|2\n|\n|t:|1682349218\n|-end|p1b: Flutter Mane|Protosynthesis|[silent]\n|switch|p1b: Amoonguss|Amoonguss, L50, M|100\/100\n|-terastallize|p2a: Yata-Garasu|Dragon\n|move|p1a: Arcanine|Extreme Speed|p2a: Yata-Garasu\n|-damage|p2a: Yata-Garasu|6\/100\n|-damage|p1a: Arcanine|84\/100|[from] item: Rocky Helmet|[of] p2a: Yata-Garasu\n|move|p2b: Ariana|Encore|p1a: Arcanine\n|-start|p1a: Arcanine|Encore\n|move|p2a: Yata-Garasu|Iron Head|p1b: Amoonguss\n|-damage|p1b: Amoonguss|72\/100\n|-damage|p2a: Yata-Garasu|0 fnt|[from] item: Rocky Helmet|[of] p1b: Amoonguss\n|faint|p2a: Yata-Garasu\n|\n|upkeep\n|\n|t:|1682349236\n|switch|p2a: Nanami|Gallade, L50, M|100\/100\n|turn|3\n|\n|t:|1682349259\n|switch|p1a: Flutter Mane|Flutter Mane, L50|100\/100\n|-terastallize|p1b: Amoonguss|Water\n|move|p2b: Ariana|Howl|p2b: Ariana|[spread] p2a,p2b\n|-boost|p2a: Nanami|atk|1\n|-boost|p2b: Ariana|atk|1\n|move|p2a: Nanami|Psycho Cut|p1b: Amoonguss\n|-damage|p1b: Amoonguss|16\/100\n|move|p1b: Amoonguss|Spore|p2a: Nanami\n|-status|p2a: Nanami|slp|[from] move: Spore\n|\n|upkeep\n|turn|4\n|inactive|Fastjon4444 has 30 seconds left.\n|inactive|Fastjon4444 has 20 seconds left.\n|inactive|walkin.steele has 30 seconds left.\n|inactive|Fastjon4444 has 15 seconds left.\n|inactive|Fastjon4444 has 10 seconds left.\n|\n|t:|1682349309\n|switch|p1b: Arcanine|Arcanine, L50, F|84\/100\n|-ability|p1b: Arcanine|Intimidate|boost\n|-unboost|p2a: Nanami|atk|1\n|-unboost|p2b: Ariana|atk|1\n|move|p2b: Ariana|Disable||[still]\n|-fail|p2b: Ariana\n|cant|p2a: Nanami|slp\n|move|p1a: Flutter Mane|Shadow Ball|p2a: Nanami\n|-supereffective|p2a: Nanami\n|-damage|p2a: Nanami|0 fnt\n|faint|p2a: Nanami\n|\n|-sideend|p2: walkin.steele|move: Tailwind\n|upkeep\n|\n|t:|1682349317\n|switch|p2a: Chien-Pao|Chien-Pao, L50|100\/100\n|-ability|p2a: Chien-Pao|Sword of Ruin\n|turn|5\n|\n|t:|1682349335\n|move|p2a: Chien-Pao|Protect|p2a: Chien-Pao\n|-singleturn|p2a: Chien-Pao|Protect\n|move|p2b: Ariana|Howl|p2b: Ariana|[spread] p2a,p2b\n|-boost|p2a: Chien-Pao|atk|1\n|-boost|p2b: Ariana|atk|1\n|move|p1a: Flutter Mane|Shadow Ball|p2b: Ariana\n|-supereffective|p2b: Ariana\n|-damage|p2b: Ariana|17\/100\n|move|p1b: Arcanine|Will-O-Wisp|p2a: Chien-Pao\n|-activate|p2a: Chien-Pao|move: Protect\n|\n|upkeep\n|turn|6\n|\n|t:|1682349356\n|move|p2a: Chien-Pao|Sucker Punch|p1a: Flutter Mane\n|-crit|p1a: Flutter Mane\n|-damage|p1a: Flutter Mane|0 fnt\n|faint|p1a: Flutter Mane\n|-end|p1a: Flutter Mane|Protosynthesis|[silent]\n|move|p2b: Ariana|Disable|p1b: Arcanine\n|-start|p1b: Arcanine|Disable|Will-O-Wisp\n|move|p1b: Arcanine|Flare Blitz|p2a: Chien-Pao\n|-supereffective|p2a: Chien-Pao\n|-enditem|p2a: Chien-Pao|Focus Sash\n|-damage|p2a: Chien-Pao|1\/100\n|-damage|p1b: Arcanine|58\/100|[from] Recoil\n|\n|upkeep\n|\n|t:|1682349371\n|switch|p1a: Chien-Pao|Chien-Pao, L50|100\/100\n|-ability|p1a: Chien-Pao|Sword of Ruin\n|turn|7\n|-message|walkin.steele forfeited.\n|\n|win|Fastjon4444\n|raw|Fastjon4444's rating: 1336 → 1352<\/strong> (+16 for winning)\n|raw|walkin.steele's rating: 1274 → 1253<\/strong> (-21 for losing)\n|l|\u2606walkin.steele\n","uploadtime":1682349405,"views":26,"p1id":"fastjon4444","p2id":"walkinsteele","formatid":"gen9vgc2023regulationc","rating":1253,"private":0,"password":""}