{"id":"gen9vgc2023regulationc-1848752124","p1":"willz_vgc","p2":"dotcubus","format":"[Gen 9] VGC 2023 Regulation C","log":"|j|\u2606willz_vgc\n|j|\u2606dotcubus\n|t:|1682106847\n|gametype|doubles\n|player|p1|willz_vgc|265|1190\n|player|p2|dotcubus|skyla|1185\n|teamsize|p1|6\n|teamsize|p2|6\n|gen|9\n|tier|[Gen 9] VGC 2023 Regulation C\n|rated|\n|rule|Species Clause: Limit one of each Pok\u00e9mon\n|rule|Item Clause: Limit one of each item\n|clearpoke\n|poke|p1|Tinkaton, L50, F|\n|poke|p1|Talonflame, L50, M|\n|poke|p1|Gyarados, L50, M|\n|poke|p1|Ting-Lu, L50|\n|poke|p1|Amoonguss, L50, F|\n|poke|p1|Flutter Mane, L50|\n|poke|p2|Orthworm, L50, F|\n|poke|p2|Talonflame, L50, F|\n|poke|p2|Garchomp, L50, M|\n|poke|p2|Flutter Mane, L50|\n|poke|p2|Chi-Yu, L50|\n|poke|p2|Iron Bundle, L50|\n|teampreview|4\n|\n|t:|1682106887\n|start\n|switch|p1a: Talonflame|Talonflame, L50, M|100\/100\n|switch|p1b: Flutter Mane|Flutter Mane, L50|100\/100\n|switch|p2a: Talonflame|Talonflame, L50, F|100\/100\n|switch|p2b: Chi-Yu|Chi-Yu, L50|100\/100\n|-ability|p2b: Chi-Yu|Beads of Ruin\n|turn|1\n|inactive|Battle timer is ON: inactive players will automatically lose when time's up. (requested by willz_vgc)\n|\n|t:|1682106925\n|-terastallize|p1b: Flutter Mane|Normal\n|move|p2a: Talonflame|Tailwind|p2a: Talonflame\n|-sidestart|p2: dotcubus|move: Tailwind\n|move|p1a: Talonflame|Tailwind|p1a: Talonflame\n|-sidestart|p1: willz_vgc|move: Tailwind\n|move|p1b: Flutter Mane|Hyper Voice|p2a: Talonflame|[spread] p2a,p2b\n|-damage|p2a: Talonflame|29\/100\n|-damage|p2b: Chi-Yu|58\/100\n|-enditem|p1b: Flutter Mane|Throat Spray\n|-boost|p1b: Flutter Mane|spa|1|[from] item: Throat Spray\n|move|p2b: Chi-Yu|Heat Wave|p1b: Flutter Mane|[spread] p1a\n|-miss|p2b: Chi-Yu|p1b: Flutter Mane\n|-resisted|p1a: Talonflame\n|-damage|p1a: Talonflame|67\/100\n|\n|upkeep\n|turn|2\n|inactive|willz_vgc has 30 seconds left.\n|inactive|dotcubus has 30 seconds left.\n|inactive|willz_vgc has 20 seconds left.\n|inactive|dotcubus has 20 seconds left.\n|inactive|willz_vgc has 15 seconds left.\n|inactive|dotcubus has 15 seconds left.\n|\n|t:|1682106969\n|move|p1b: Flutter Mane|Protect|p1b: Flutter Mane\n|-singleturn|p1b: Flutter Mane|Protect\n|move|p1a: Talonflame|Brave Bird|p2a: Talonflame\n|-damage|p2a: Talonflame|0 fnt\n|faint|p2a: Talonflame\n|-damage|p1a: Talonflame|58\/100|[from] Recoil\n|move|p2b: Chi-Yu|Dark Pulse|p1b: Flutter Mane\n|-activate|p1b: Flutter Mane|move: Protect\n|\n|upkeep\n|\n|t:|1682106981\n|switch|p2a: Iron Bundle|Iron Bundle, L50|100\/100\n|-enditem|p2a: Iron Bundle|Booster Energy\n|-activate|p2a: Iron Bundle|ability: Quark Drive|[fromitem]\n|-start|p2a: Iron Bundle|quarkdrivespe\n|turn|3\n|\n|t:|1682107002\n|switch|p1a: Gyarados|Gyarados, L50, M|100\/100\n|-ability|p1a: Gyarados|Intimidate|boost\n|-unboost|p2a: Iron Bundle|atk|1\n|-unboost|p2b: Chi-Yu|atk|1\n|move|p2b: Chi-Yu|Protect|p2b: Chi-Yu\n|-singleturn|p2b: Chi-Yu|Protect\n|move|p2a: Iron Bundle|Icy Wind|p1b: Flutter Mane|[spread] p1a,p1b\n|-damage|p1a: Gyarados|79\/100\n|-damage|p1b: Flutter Mane|71\/100\n|-unboost|p1a: Gyarados|spe|1\n|-unboost|p1b: Flutter Mane|spe|1\n|move|p1b: Flutter Mane|Dazzling Gleam|p2b: Chi-Yu|[spread] p2a\n|-activate|p2b: Chi-Yu|move: Protect\n|-damage|p2a: Iron Bundle|0 fnt\n|faint|p2a: Iron Bundle\n|-end|p2a: Iron Bundle|Quark Drive|[silent]\n|\n|upkeep\n|\n|t:|1682107016\n|switch|p2a: Flutter Mane|Flutter Mane, L50|100\/100\n|turn|4\n|\n|t:|1682107036\n|-terastallize|p2a: Flutter Mane|Fairy\n|move|p1b: Flutter Mane|Protect|p1b: Flutter Mane\n|-singleturn|p1b: Flutter Mane|Protect\n|move|p2a: Flutter Mane|Dazzling Gleam|p1a: Gyarados|[spread] p1a\n|-activate|p1b: Flutter Mane|move: Protect\n|-damage|p1a: Gyarados|8\/100\n|move|p2b: Chi-Yu|Dark Pulse|p1a: Gyarados\n|-damage|p1a: Gyarados|0 fnt\n|faint|p1a: Gyarados\n|\n|-sideend|p1: willz_vgc|move: Tailwind\n|-sideend|p2: dotcubus|move: Tailwind\n|upkeep\n|\n|t:|1682107045\n|switch|p1a: Talonflame|Talonflame, L50, M|58\/100\n|turn|5\n|\n|t:|1682107056\n|move|p2a: Flutter Mane|Dazzling Gleam|p1b: Flutter Mane|[spread] p1a,p1b\n|-resisted|p1a: Talonflame\n|-damage|p1a: Talonflame|0 fnt\n|-damage|p1b: Flutter Mane|0 fnt\n|faint|p1a: Talonflame\n|faint|p1b: Flutter Mane\n|-end|p1b: Flutter Mane|Protosynthesis|[silent]\n|move|p2b: Chi-Yu|Dark Pulse|p1: Talonflame|[notarget]\n|-fail|p2b: Chi-Yu\n|\n|upkeep\n|\n|t:|1682107063\n|switch|p1b: Ting-Lu|Ting-Lu, L50|100\/100\n|-ability|p1b: Ting-Lu|Vessel of Ruin\n|turn|6\n|\n|t:|1682107074\n|move|p2a: Flutter Mane|Dazzling Gleam|p1b: Ting-Lu\n|-supereffective|p1b: Ting-Lu\n|-damage|p1b: Ting-Lu|7\/100\n|move|p2b: Chi-Yu|Overheat|p1b: Ting-Lu|[miss]\n|-miss|p2b: Chi-Yu|p1b: Ting-Lu\n|move|p1b: Ting-Lu|Snarl|p2b: Chi-Yu|[spread] p2a,p2b\n|-resisted|p2a: Flutter Mane\n|-resisted|p2b: Chi-Yu\n|-damage|p2a: Flutter Mane|96\/100\n|-damage|p2b: Chi-Yu|54\/100\n|-unboost|p2a: Flutter Mane|spa|1\n|-unboost|p2b: Chi-Yu|spa|1\n|\n|upkeep\n|turn|7\n|c|\u2606willz_vgc|Lucky you\n|-message|willz_vgc forfeited.\n|\n|win|dotcubus\n|raw|willz_vgc's rating: 1190 → 1165<\/strong> (-25 for losing)\n|raw|dotcubus's rating: 1185 → 1210<\/strong> (+25 for winning)\n|l|\u2606willz_vgc\n","uploadtime":1682107111,"views":8,"p1id":"willzvgc","p2id":"dotcubus","formatid":"gen9vgc2023regulationc","rating":1165,"private":0,"password":""}