{"id":"gen9vgc2023regulationc-1856426107","p1":"AlexC5000","p2":"Lizardon0311","format":"[Gen 9] VGC 2023 Regulation C","log":"|j|\u2606AlexC5000\n|j|\u2606Lizardon0311\n|t:|1683060341\n|gametype|doubles\n|player|p1|AlexC5000|ingo|1166\n|player|p2|Lizardon0311|101|1225\n|teamsize|p1|6\n|teamsize|p2|6\n|gen|9\n|tier|[Gen 9] VGC 2023 Regulation C\n|rated|\n|rule|Species Clause: Limit one of each Pok\u00e9mon\n|rule|Item Clause: Limit one of each item\n|clearpoke\n|poke|p1|Skeledirge, L50, F|\n|poke|p1|Garchomp, L50, F|\n|poke|p1|Meowscarada, L50, F|\n|poke|p1|Arcanine, L50, M|\n|poke|p1|Tinkaton, L50, F|\n|poke|p1|Iron Bundle, L50|\n|poke|p2|Ting-Lu, L50|\n|poke|p2|Flutter Mane, L50|\n|poke|p2|Ceruledge, L50, F|\n|poke|p2|Palafin, L50, M|\n|poke|p2|Amoonguss, L50, M|\n|poke|p2|Iron Hands, L50|\n|teampreview|4\n|inactive|Battle timer is ON: inactive players will automatically lose when time's up. (requested by Lizardon0311)\n|inactive|AlexC5000 has 60 seconds left.\n|inactive|Lizardon0311 has 60 seconds left.\n|inactive|Lizardon0311 has 30 seconds left.\n|inactive|Lizardon0311 has 20 seconds left.\n|inactive|Lizardon0311 has 15 seconds left.\n|inactive|Lizardon0311 has 10 seconds left.\n|\n|t:|1683060424\n|start\n|switch|p1a: Chomps|Garchomp, L50, F|100\/100\n|switch|p1b: Doggy|Arcanine, L50, M|100\/100\n|switch|p2a: Flutter Mane|Flutter Mane, L50, shiny|100\/100\n|switch|p2b: Iron Hands|Iron Hands, L50, shiny|100\/100\n|-ability|p1b: Doggy|Intimidate|boost\n|-unboost|p2a: Flutter Mane|atk|1\n|-unboost|p2b: Iron Hands|atk|1\n|turn|1\n|inactive|Lizardon0311 has 30 seconds left.\n|inactive|Lizardon0311 has 20 seconds left.\n|\n|t:|1683060462\n|-terastallize|p1a: Chomps|Steel\n|move|p2b: Iron Hands|Fake Out|p1a: Chomps\n|-resisted|p1a: Chomps\n|-damage|p1a: Chomps|96\/100\n|-damage|p2b: Iron Hands|88\/100|[from] ability: Rough Skin|[of] p1a: Chomps\n|-damage|p2b: Iron Hands|72\/100|[from] item: Rocky Helmet|[of] p1a: Chomps\n|move|p2a: Flutter Mane|Shadow Ball|p1b: Doggy\n|-damage|p1b: Doggy|36\/100\n|cant|p1a: Chomps|flinch\n|move|p1b: Doggy|Will-O-Wisp|p2b: Iron Hands\n|-status|p2b: Iron Hands|brn\n|\n|-damage|p2b: Iron Hands|66\/100 brn|[from] brn\n|upkeep\n|turn|2\n|\n|t:|1683060485\n|move|p2a: Flutter Mane|Shadow Ball|p1b: Doggy\n|-damage|p1b: Doggy|0 fnt\n|faint|p1b: Doggy\n|move|p1a: Chomps|Iron Head|p2a: Flutter Mane\n|-supereffective|p2a: Flutter Mane\n|-damage|p2a: Flutter Mane|0 fnt\n|faint|p2a: Flutter Mane\n|-end|p2a: Flutter Mane|Protosynthesis|[silent]\n|move|p2b: Iron Hands|Volt Switch|p1a: Chomps\n|-damage|p1a: Chomps|81\/100\n|\n|t:|1683060493\n|-end|p2b: Iron Hands|Quark Drive|[silent]\n|switch|p2b: Ceruledge|Ceruledge, L50, F, shiny|100\/100|[from] Volt Switch\n|\n|upkeep\n|\n|t:|1683060499\n|switch|p2a: Iron Hands|Iron Hands, L50, shiny|66\/100 brn\n|switch|p1b: Crab Apple|Skeledirge, L50, F|100\/100\n|turn|3\n|\n|t:|1683060515\n|-terastallize|p2b: Ceruledge|Grass\n|move|p1b: Crab Apple|Protect|p1b: Crab Apple\n|-singleturn|p1b: Crab Apple|Protect\n|move|p1a: Chomps|Earthquake|p2b: Ceruledge|[spread] p2a,p2b\n|-activate|p1b: Crab Apple|move: Protect\n|-supereffective|p2a: Iron Hands\n|-resisted|p2b: Ceruledge\n|-damage|p2a: Iron Hands|13\/100 brn\n|-damage|p2b: Ceruledge|79\/100\n|move|p2b: Ceruledge|Bitter Blade|p1a: Chomps\n|-supereffective|p1a: Chomps\n|-damage|p1a: Chomps|0 fnt\n|-heal|p2b: Ceruledge|100\/100|[from] drain|[of] p1a: Chomps\n|-damage|p2b: Ceruledge|88\/100|[from] ability: Rough Skin|[of] p1a: Chomps\n|-damage|p2b: Ceruledge|72\/100|[from] item: Rocky Helmet|[of] p1a: Chomps\n|faint|p1a: Chomps\n|move|p2a: Iron Hands|Volt Switch|p1b: Crab Apple\n|-activate|p1b: Crab Apple|move: Protect\n|\n|-damage|p2a: Iron Hands|7\/100 brn|[from] brn\n|upkeep\n|\n|t:|1683060534\n|switch|p1a: Joker|Meowscarada, L50, F|100\/100\n|turn|4\n|\n|t:|1683060558\n|move|p1a: Joker|Protect|p1a: Joker\n|-singleturn|p1a: Joker|Protect\n|move|p2b: Ceruledge|Bitter Blade|p1a: Joker\n|-activate|p1a: Joker|move: Protect\n|move|p1b: Crab Apple|Tera Blast|p2b: Ceruledge\n|-damage|p2b: Ceruledge|50\/100\n|move|p2a: Iron Hands|Drain Punch|p1a: Joker\n|-activate|p1a: Joker|move: Protect\n|\n|-damage|p2a: Iron Hands|1\/100 brn|[from] brn\n|upkeep\n|turn|5\n|\n|t:|1683060578\n|move|p1a: Joker|Sucker Punch|p2b: Ceruledge\n|-damage|p2b: Ceruledge|13\/100\n|move|p2b: Ceruledge|Bitter Blade|p1a: Joker\n|-supereffective|p1a: Joker\n|-enditem|p1a: Joker|Focus Sash\n|-damage|p1a: Joker|1\/100\n|-heal|p2b: Ceruledge|54\/100|[from] drain|[of] p1a: Joker\n|move|p1b: Crab Apple|Tera Blast|p2a: Iron Hands\n|-damage|p2a: Iron Hands|0 fnt\n|faint|p2a: Iron Hands\n|-end|p2a: Iron Hands|Quark Drive|[silent]\n|\n|upkeep\n|\n|t:|1683060588\n|switch|p2a: Ting-Lu|Ting-Lu, L50|100\/100\n|-ability|p2a: Ting-Lu|Vessel of Ruin\n|turn|6\n|\n|t:|1683060599\n|move|p2b: Ceruledge|Shadow Sneak|p1a: Joker\n|-resisted|p1a: Joker\n|-damage|p1a: Joker|0 fnt\n|faint|p1a: Joker\n|move|p1b: Crab Apple|Tera Blast|p2b: Ceruledge\n|-damage|p2b: Ceruledge|38\/100\n|move|p2a: Ting-Lu|Ruination|p1b: Crab Apple\n|-damage|p1b: Crab Apple|51\/100\n|\n|-heal|p1b: Crab Apple|57\/100|[from] item: Leftovers\n|upkeep\n|turn|7\n|\n|t:|1683060617\n|move|p2b: Ceruledge|Shadow Sneak|p1b: Crab Apple\n|-supereffective|p1b: Crab Apple\n|-damage|p1b: Crab Apple|22\/100\n|move|p1b: Crab Apple|Slack Off|p1b: Crab Apple\n|-heal|p1b: Crab Apple|72\/100\n|move|p2a: Ting-Lu|Taunt|p1b: Crab Apple\n|-start|p1b: Crab Apple|move: Taunt\n|\n|-heal|p1b: Crab Apple|78\/100|[from] item: Leftovers\n|upkeep\n|turn|8\n|\n|t:|1683060628\n|move|p2b: Ceruledge|Shadow Sneak|p1b: Crab Apple\n|-supereffective|p1b: Crab Apple\n|-damage|p1b: Crab Apple|44\/100\n|move|p1b: Crab Apple|Tera Blast|p2b: Ceruledge\n|-damage|p2b: Ceruledge|21\/100\n|move|p2a: Ting-Lu|Stomping Tantrum|p1b: Crab Apple\n|-supereffective|p1b: Crab Apple\n|-crit|p1b: Crab Apple\n|-damage|p1b: Crab Apple|0 fnt\n|faint|p1b: Crab Apple\n|\n|win|Lizardon0311\n|raw|AlexC5000's rating: 1166 → 1145<\/strong> (-21 for losing)\n|raw|Lizardon0311's rating: 1225 → 1246<\/strong> (+21 for winning)\n|l|\u2606AlexC5000\n","uploadtime":1683060640,"views":7,"p1id":"alexc5000","p2id":"lizardon0311","formatid":"gen9vgc2023regulationc","rating":1145,"private":0,"password":""}