{"id":"gen9vgc2023regulationc-1848792488","p1":"VGCmento","p2":"ErebusZX","format":"[Gen 9] VGC 2023 Regulation C","log":"|j|\u2606VGCmento\n|j|\u2606ErebusZX\n|t:|1682110888\n|gametype|doubles\n|player|p1|VGCmento|clown|1564\n|player|p2|ErebusZX|101|1524\n|teamsize|p1|6\n|teamsize|p2|6\n|gen|9\n|tier|[Gen 9] VGC 2023 Regulation C\n|rated|\n|rule|Species Clause: Limit one of each Pok\u00e9mon\n|rule|Item Clause: Limit one of each item\n|clearpoke\n|poke|p1|Grimmsnarl, L50, M|\n|poke|p1|Garganacl, L50, M|\n|poke|p1|Arcanine, L50, F|\n|poke|p1|Flutter Mane, L50|\n|poke|p1|Amoonguss, L50, F|\n|poke|p1|Ting-Lu, L50|\n|poke|p2|Annihilape, L50, M|\n|poke|p2|Grimmsnarl, L50, M|\n|poke|p2|Chien-Pao, L50|\n|poke|p2|Chi-Yu, L50|\n|poke|p2|Baxcalibur, L50, F|\n|poke|p2|Rotom-Wash, L50|\n|teampreview|4\nVGCmento has agreed to open team sheets.\n|inactive|Battle timer is ON: inactive players will automatically lose when time's up. (requested by VGCmento)\n|\n|t:|1682110939\n|start\n|switch|p1a: Grimmsnarl|Grimmsnarl, L50, M, shiny|100\/100\n|switch|p1b: Garganacl|Garganacl, L50, M|100\/100\n|switch|p2a: Annihilape|Annihilape, L50, M|100\/100\n|switch|p2b: Grimmsnarl|Grimmsnarl, L50, M|100\/100\n|turn|1\n|j| testafiesta\n|\n|t:|1682110954\n|move|p1a: Grimmsnarl|Fake Out|p2b: Grimmsnarl\n|-damage|p2b: Grimmsnarl|87\/100\n|cant|p2b: Grimmsnarl|flinch\n|move|p2a: Annihilape|Bulk Up|p2a: Annihilape\n|-boost|p2a: Annihilape|atk|1\n|-boost|p2a: Annihilape|def|1\n|move|p1b: Garganacl|Salt Cure|p2a: Annihilape\n|-resisted|p2a: Annihilape\n|-damage|p2a: Annihilape|96\/100\n|-start|p2a: Annihilape|Salt Cure\n|\n|-heal|p2a: Annihilape|100\/100|[from] item: Leftovers\n|-damage|p2a: Annihilape|88\/100|[from] Salt Cure\n|upkeep\n|turn|2\n|\n|t:|1682110977\n|-terastallize|p1b: Garganacl|Flying\n|move|p1a: Grimmsnarl|Reflect|p1a: Grimmsnarl\n|-sidestart|p1: VGCmento|Reflect\n|move|p2b: Grimmsnarl|Reflect|p2b: Grimmsnarl\n|-sidestart|p2: ErebusZX|Reflect\n|move|p2a: Annihilape|Bulk Up|p2a: Annihilape\n|-boost|p2a: Annihilape|atk|1\n|-boost|p2a: Annihilape|def|1\n|move|p1b: Garganacl|Salt Cure|p2b: Grimmsnarl\n|-damage|p2b: Grimmsnarl|75\/100\n|-start|p2b: Grimmsnarl|Salt Cure\n|\n|-heal|p2a: Annihilape|94\/100|[from] item: Leftovers\n|-damage|p2a: Annihilape|82\/100|[from] Salt Cure\n|-damage|p2b: Grimmsnarl|62\/100|[from] Salt Cure\n|upkeep\n|turn|3\n|\n|t:|1682110994\n|switch|p1a: Amoonguss|Amoonguss, L50, F|100\/100\n|move|p1b: Garganacl|Protect|p1b: Garganacl\n|-singleturn|p1b: Garganacl|Protect\n|move|p2b: Grimmsnarl|Light Screen|p2b: Grimmsnarl\n|-sidestart|p2: ErebusZX|move: Light Screen\n|move|p2a: Annihilape|Bulk Up|p2a: Annihilape\n|-boost|p2a: Annihilape|atk|1\n|-boost|p2a: Annihilape|def|1\n|\n|-heal|p2a: Annihilape|88\/100|[from] item: Leftovers\n|-damage|p2a: Annihilape|75\/100|[from] Salt Cure\n|-damage|p2b: Grimmsnarl|50\/100|[from] Salt Cure\n|upkeep\n|turn|4\n|\n|t:|1682111009\n|move|p2b: Grimmsnarl|Taunt|p1a: Amoonguss\n|-start|p1a: Amoonguss|move: Taunt\n|move|p2a: Annihilape|Rage Fist|p1a: Amoonguss\n|-damage|p1a: Amoonguss|46\/100\n|-enditem|p1a: Amoonguss|Sitrus Berry|[eat]\n|-heal|p1a: Amoonguss|70\/100|[from] item: Sitrus Berry\n|move|p1b: Garganacl|Body Press|p2b: Grimmsnarl\n|-damage|p2b: Grimmsnarl|30\/100\n|cant|p1a: Amoonguss|move: Taunt|Spore\n|\n|-heal|p2a: Annihilape|81\/100|[from] item: Leftovers\n|-damage|p2a: Annihilape|69\/100|[from] Salt Cure\n|-damage|p2b: Grimmsnarl|18\/100|[from] Salt Cure\n|upkeep\n|turn|5\n|\n|t:|1682111031\n|switch|p1a: Grimmsnarl|Grimmsnarl, L50, M, shiny|100\/100\n|move|p2b: Grimmsnarl|Parting Shot|p1a: Grimmsnarl\n|-hint|Since gen 7, Dark is immune to Prankster moves.\n|-immune|p1a: Grimmsnarl\n|move|p2a: Annihilape|Rage Fist|p1a: Grimmsnarl\n|-resisted|p1a: Grimmsnarl\n|-damage|p1a: Grimmsnarl|70\/100\n|move|p1b: Garganacl|Body Press|p2b: Grimmsnarl\n|-damage|p2b: Grimmsnarl|0 fnt\n|faint|p2b: Grimmsnarl\n|\n|-heal|p2a: Annihilape|75\/100|[from] item: Leftovers\n|-damage|p2a: Annihilape|62\/100|[from] Salt Cure\n|upkeep\n|\n|t:|1682111038\n|switch|p2b: Baxcalibur|Baxcalibur, L50, F|100\/100\n|turn|6\n|\n|t:|1682111051\n|move|p2b: Baxcalibur|Protect|p2b: Baxcalibur\n|-singleturn|p2b: Baxcalibur|Protect\n|move|p1a: Grimmsnarl|Fake Out|p2b: Baxcalibur\n|-activate|p2b: Baxcalibur|move: Protect\n|move|p2a: Annihilape|Drain Punch|p1a: Grimmsnarl\n|-damage|p1a: Grimmsnarl|24\/100\n|-heal|p2a: Annihilape|83\/100|[from] drain|[of] p1a: Grimmsnarl\n|move|p1b: Garganacl|Salt Cure|p2b: Baxcalibur\n|-activate|p2b: Baxcalibur|move: Protect\n|\n|-heal|p2a: Annihilape|89\/100|[from] item: Leftovers\n|-damage|p2a: Annihilape|77\/100|[from] Salt Cure\n|upkeep\n|turn|7\n|\n|t:|1682111075\n|switch|p1a: Amoonguss|Amoonguss, L50, F|100\/100\n|move|p2b: Baxcalibur|Ice Shard|p2a: Annihilape\n|-damage|p2a: Annihilape|70\/100\n|move|p2a: Annihilape|Rage Fist|p1b: Garganacl\n|-damage|p1b: Garganacl|66\/100\n|move|p1b: Garganacl|Salt Cure|p2b: Baxcalibur\n|-supereffective|p2b: Baxcalibur\n|-crit|p2b: Baxcalibur\n|-damage|p2b: Baxcalibur|64\/100\n|-start|p2b: Baxcalibur|Salt Cure\n|\n|-heal|p2a: Annihilape|76\/100|[from] item: Leftovers\n|-heal|p1b: Garganacl|72\/100|[from] item: Leftovers\n|-damage|p2b: Baxcalibur|52\/100|[from] Salt Cure\n|-damage|p2a: Annihilape|63\/100|[from] Salt Cure\n|upkeep\n|turn|8\n|\n|t:|1682111095\n|move|p1a: Amoonguss|Protect|p1a: Amoonguss\n|-singleturn|p1a: Amoonguss|Protect\n|move|p2b: Baxcalibur|Ice Shard|p2a: Annihilape\n|-damage|p2a: Annihilape|56\/100\n|move|p2a: Annihilape|Rage Fist|p1a: Amoonguss\n|-activate|p1a: Amoonguss|move: Protect\n|move|p1b: Garganacl|Body Press|p2b: Baxcalibur\n|-supereffective|p2b: Baxcalibur\n|-damage|p2b: Baxcalibur|23\/100\n|\n|-heal|p2a: Annihilape|62\/100|[from] item: Leftovers\n|-heal|p1b: Garganacl|78\/100|[from] item: Leftovers\n|-damage|p2b: Baxcalibur|11\/100|[from] Salt Cure\n|-damage|p2a: Annihilape|50\/100|[from] Salt Cure\n|upkeep\n|turn|9\n|\n|t:|1682111115\n|switch|p1a: Ting-Lu|Ting-Lu, L50|100\/100\n|-ability|p1a: Ting-Lu|Vessel of Ruin\n|move|p2b: Baxcalibur|Icicle Crash|p1b: Garganacl\n|-supereffective|p1b: Garganacl\n|-damage|p1b: Garganacl|28\/100\n|move|p2a: Annihilape|Rage Fist|p1a: Ting-Lu\n|-resisted|p1a: Ting-Lu\n|-damage|p1a: Ting-Lu|64\/100\n|cant|p1b: Garganacl|flinch\n|\n|-heal|p2a: Annihilape|56\/100|[from] item: Leftovers\n|-heal|p1b: Garganacl|34\/100|[from] item: Leftovers\n|-damage|p2b: Baxcalibur|0 fnt|[from] Salt Cure\n|faint|p2b: Baxcalibur\n|-damage|p2a: Annihilape|43\/100|[from] Salt Cure\n|-sideend|p2: ErebusZX|Reflect\n|-sideend|p1: VGCmento|Reflect\n|upkeep\n|\n|t:|1682111120\n|switch|p2b: Chien-Pao|Chien-Pao, L50|100\/100\n|-ability|p2b: Chien-Pao|Sword of Ruin\n|turn|10\n|\n|t:|1682111141\n|move|p2b: Chien-Pao|Ice Spinner|p1b: Garganacl\n|-supereffective|p1b: Garganacl\n|-damage|p1b: Garganacl|0 fnt\n|faint|p1b: Garganacl\n|move|p2a: Annihilape|Drain Punch|p1a: Ting-Lu\n|-supereffective|p1a: Ting-Lu\n|-damage|p1a: Ting-Lu|0 fnt\n|-heal|p2a: Annihilape|81\/100|[from] drain|[of] p1a: Ting-Lu\n|faint|p1a: Ting-Lu\n|\n|-heal|p2a: Annihilape|87\/100|[from] item: Leftovers\n|-damage|p2a: Annihilape|74\/100|[from] Salt Cure\n|-sideend|p2: ErebusZX|move: Light Screen\n|upkeep\n|\n|t:|1682111152\n|switch|p1a: Grimmsnarl|Grimmsnarl, L50, M, shiny|24\/100\n|switch|p1b: Amoonguss|Amoonguss, L50, F|100\/100\n|turn|11\n|\n|t:|1682111158\n|move|p2b: Chien-Pao|Protect|p2b: Chien-Pao\n|-singleturn|p2b: Chien-Pao|Protect\n|move|p2a: Annihilape|Protect|p2a: Annihilape\n|-singleturn|p2a: Annihilape|Protect\n|move|p1a: Grimmsnarl|Fake Out|p2b: Chien-Pao\n|-activate|p2b: Chien-Pao|move: Protect\n|move|p1b: Amoonguss|Spore|p2a: Annihilape\n|-activate|p2a: Annihilape|move: Protect\n|\n|-heal|p2a: Annihilape|80\/100|[from] item: Leftovers\n|-damage|p2a: Annihilape|68\/100|[from] Salt Cure\n|upkeep\n|turn|12\n|\n|t:|1682111174\n|move|p1a: Grimmsnarl|Reflect|p1a: Grimmsnarl\n|-sidestart|p1: VGCmento|Reflect\n|move|p2b: Chien-Pao|Ice Spinner|p1a: Grimmsnarl\n|-crit|p1a: Grimmsnarl\n|-damage|p1a: Grimmsnarl|0 fnt\n|faint|p1a: Grimmsnarl\n|move|p2a: Annihilape|Rage Fist|p1b: Amoonguss\n|-damage|p1b: Amoonguss|0 fnt\n|faint|p1b: Amoonguss\n|\n|win|ErebusZX\n|raw|VGCmento's rating: 1564 → 1542<\/strong> (-22 for losing)\n|raw|ErebusZX's rating: 1524 → 1546<\/strong> (+22 for winning)\n|l| testafiesta\n|l|\u2606VGCmento\n","uploadtime":1682111204,"views":11,"p1id":"vgcmento","p2id":"erebuszx","formatid":"gen9vgc2023regulationc","rating":1542,"private":0,"password":""}