{"id":"gen9vgc2023regulationc-1846409698","p1":"Paladin Dawn","p2":"iron brate","format":"[Gen 9] VGC 2023 Regulation C","log":"|j|\u2606Paladin Dawn\n|j|\u2606iron brate\n|t:|1681838598\n|gametype|doubles\n|player|p1|Paladin Dawn|guitarist|\n|player|p2|iron brate|1|\n|teamsize|p1|6\n|teamsize|p2|6\n|gen|9\n|tier|[Gen 9] VGC 2023 Regulation C\n|rule|Species Clause: Limit one of each Pok\u00e9mon\n|rule|Item Clause: Limit one of each item\n|clearpoke\n|poke|p1|Flutter Mane, L50|\n|poke|p1|Baxcalibur, L50, F|\n|poke|p1|Ting-Lu, L50|\n|poke|p1|Amoonguss, L50, F|\n|poke|p1|Arcanine, L50, F|\n|poke|p1|Palafin, L50, F|\n|poke|p2|Flutter Mane, L50|\n|poke|p2|Gothitelle, L50, F|\n|poke|p2|Iron Hands, L50|\n|poke|p2|Amoonguss, L50, M|\n|poke|p2|Ting-Lu, L50|\n|poke|p2|Gyarados, L50, M|\n|teampreview|4\n|inactive|Battle timer is ON: inactive players will automatically lose when time's up. (requested by iron brate)\n|inactiveoff|Battle timer is now OFF.\nPaladin Dawn has agreed to open team sheets.\niron brate has agreed to open team sheets.\n|j| DOUUS Octoto\n|c|\u2606iron brate|we need to open all 3\n|c| DOUUS Octoto|yes\n|inactive|Battle timer is ON: inactive players will automatically lose when time's up. (requested by Paladin Dawn)\n|inactiveoff|Battle timer is now OFF.\n|c|\u2606iron brate|Paladin I challed you\n|c| DOUUS Octoto|please accept the next challenge, Paladin\n|c| DOUUS Octoto|Once all 3 games are open, you can start here with G1\n|c|\u2606iron brate|G1\n|c|\u2606Paladin Dawn|OK\n|c|\u2606iron brate|let's open G3\n|c|\u2606Paladin Dawn|Start first game? :)\n|c| DOUUS Octoto|aye! ready when you both are!\n|\n|t:|1681838899\n|start\n|switch|p1a: Flutter Mane|Flutter Mane, L50|100\/100\n|switch|p1b: Arcanine|Arcanine, L50, F, shiny|100\/100\n|switch|p2a: Iron Hands|Iron Hands, L50|100\/100\n|switch|p2b: Ting-Lu|Ting-Lu, L50|100\/100\n|-ability|p1b: Arcanine|Intimidate|boost\n|-unboost|p2a: Iron Hands|atk|1\n|-unboost|p2b: Ting-Lu|atk|1\n|-ability|p2b: Ting-Lu|Vessel of Ruin\n|turn|1\n|\n|t:|1681838932\n|switch|p2b: Gothitelle|Gothitelle, L50, F|100\/100\n|-terastallize|p2a: Iron Hands|Fire\n|move|p1a: Flutter Mane|Dazzling Gleam|p2b: Gothitelle|[spread] p2a,p2b\n|-resisted|p2a: Iron Hands\n|-damage|p2a: Iron Hands|84\/100\n|-damage|p2b: Gothitelle|59\/100\n|move|p1b: Arcanine|Will-O-Wisp|p2a: Iron Hands|[miss]\n|-miss|p1b: Arcanine|p2a: Iron Hands\n|move|p2a: Iron Hands|Swords Dance|p2a: Iron Hands\n|-boost|p2a: Iron Hands|atk|2\n|\n|upkeep\n|turn|2\n|\n|t:|1681838956\n|move|p2b: Gothitelle|Fake Out|p1b: Arcanine\n|-damage|p1b: Arcanine|96\/100\n|cant|p1b: Arcanine|flinch\n|move|p1a: Flutter Mane|Dazzling Gleam|p2b: Gothitelle|[spread] p2a,p2b\n|-resisted|p2a: Iron Hands\n|-damage|p2a: Iron Hands|67\/100\n|-damage|p2b: Gothitelle|19\/100\n|-enditem|p2b: Gothitelle|Sitrus Berry|[eat]\n|-heal|p2b: Gothitelle|44\/100|[from] item: Sitrus Berry\n|move|p2a: Iron Hands|Drain Punch|p1b: Arcanine\n|-damage|p1b: Arcanine|40\/100\n|-heal|p2a: Iron Hands|91\/100|[from] drain|[of] p1b: Arcanine\n|\n|upkeep\n|turn|3\n|\n|t:|1681838983\n|move|p1a: Flutter Mane|Dazzling Gleam|p2b: Gothitelle|[spread] p2a,p2b\n|-resisted|p2a: Iron Hands\n|-damage|p2a: Iron Hands|74\/100\n|-damage|p2b: Gothitelle|5\/100\n|move|p1b: Arcanine|Flare Blitz|p2b: Gothitelle\n|-damage|p2b: Gothitelle|0 fnt\n|faint|p2b: Gothitelle\n|-damage|p1b: Arcanine|39\/100|[from] Recoil\n|move|p2a: Iron Hands|Wild Charge|p1a: Flutter Mane\n|-damage|p1a: Flutter Mane|0 fnt\n|faint|p1a: Flutter Mane\n|-end|p1a: Flutter Mane|Protosynthesis|[silent]\n|-damage|p2a: Iron Hands|58\/100|[from] Recoil\n|\n|upkeep\n|\n|t:|1681838995\n|switch|p1a: Ting-Lu|Ting-Lu, L50|100\/100\n|switch|p2b: Flutter Mane|Flutter Mane, L50, shiny|100\/100\n|-ability|p1a: Ting-Lu|Vessel of Ruin\n|turn|4\n|\n|t:|1681839018\n|move|p1b: Arcanine|Protect|p1b: Arcanine\n|-singleturn|p1b: Arcanine|Protect\n|move|p2b: Flutter Mane|Moonblast|p1a: Ting-Lu\n|-supereffective|p1a: Ting-Lu\n|-damage|p1a: Ting-Lu|57\/100\n|-damage|p2b: Flutter Mane|91\/100|[from] item: Life Orb\n|move|p2a: Iron Hands|Drain Punch|p1a: Ting-Lu\n|-supereffective|p1a: Ting-Lu\n|-damage|p1a: Ting-Lu|0 fnt\n|-heal|p2a: Iron Hands|88\/100|[from] drain|[of] p1a: Ting-Lu\n|faint|p1a: Ting-Lu\n|\n|upkeep\n|\n|t:|1681839030\n|switch|p1a: Baxcalibur|Baxcalibur, L50, F|100\/100\n|turn|5\n|\n|t:|1681839040\n|-terastallize|p1a: Baxcalibur|Poison\n|move|p1b: Arcanine|Extreme Speed|p2a: Iron Hands\n|-damage|p2a: Iron Hands|71\/100\n|move|p2b: Flutter Mane|Shadow Ball|p1b: Arcanine\n|-damage|p1b: Arcanine|0 fnt\n|faint|p1b: Arcanine\n|-damage|p2b: Flutter Mane|82\/100|[from] item: Life Orb\n|move|p1a: Baxcalibur|Glaive Rush|p2a: Iron Hands\n|-damage|p2a: Iron Hands|25\/100\n|-singlemove|p1a: Baxcalibur|Glaive Rush|[silent]\n|move|p2a: Iron Hands|Wild Charge|p1a: Baxcalibur\n|-damage|p1a: Baxcalibur|0 fnt\n|faint|p1a: Baxcalibur\n|-damage|p2a: Iron Hands|1\/100|[from] Recoil\n|\n|win|iron brate\n|c|\u2606iron brate|gg\n|c|\u2606Paladin Dawn|gg\n","uploadtime":1681839052,"views":14,"p1id":"paladindawn","p2id":"ironbrate","formatid":"gen9vgc2023regulationc","rating":0,"private":0,"password":""}