{"id":"gen9vgc2023regulationc-1856080163","p1":"Abugbog","p2":"Oorko","format":"[Gen 9] VGC 2023 Regulation C","log":"|j|\u2606Abugbog\n|j|\u2606Oorko\n|t:|1683027623\n|gametype|doubles\n|player|p1|Abugbog|170|1180\n|player|p2|Oorko|dragontamer|1204\n|teamsize|p1|6\n|teamsize|p2|6\n|gen|9\n|tier|[Gen 9] VGC 2023 Regulation C\n|rated|\n|rule|Species Clause: Limit one of each Pok\u00e9mon\n|rule|Item Clause: Limit one of each item\n|clearpoke\n|poke|p1|Ting-Lu, L50|\n|poke|p1|Iron Hands, L50|\n|poke|p1|Bronzong, L50|\n|poke|p1|Palafin, L50, M|\n|poke|p1|Annihilape, L50, M|\n|poke|p1|Amoonguss, L50, M|\n|poke|p2|Amoonguss, L50, F|\n|poke|p2|Gholdengo, L50|\n|poke|p2|Pelipper, L50, M|\n|poke|p2|Palafin, L50, M|\n|poke|p2|Kingambit, L50, F|\n|poke|p2|Chien-Pao, L50|\n|teampreview|4\n|inactive|Battle timer is ON: inactive players will automatically lose when time's up. (requested by Oorko)\n|inactive|Abugbog has 60 seconds left.\n|inactive|Abugbog has 30 seconds left.\n|\n|t:|1683027691\n|start\n|switch|p1a: Iron Hands|Iron Hands, L50, shiny|100\/100\n|switch|p1b: Bronzong|Bronzong, L50|100\/100\n|switch|p2a: Amoonguss|Amoonguss, L50, F|100\/100\n|switch|p2b: Gholdengo|Gholdengo, L50|100\/100\n|turn|1\n|inactive|Abugbog has 30 seconds left.\n|\n|t:|1683027725\n|move|p1a: Iron Hands|Fake Out|p2a: Amoonguss\n|-damage|p2a: Amoonguss|88\/100\n|move|p2b: Gholdengo|Nasty Plot|p2b: Gholdengo\n|-boost|p2b: Gholdengo|spa|2\n|cant|p2a: Amoonguss|flinch\n|move|p1b: Bronzong|Trick Room|p1b: Bronzong\n|-fieldstart|move: Trick Room|[of] p1b: Bronzong\n|\n|upkeep\n|turn|2\n|inactive|Abugbog has 30 seconds left.\n|inactive|Abugbog has 20 seconds left.\n|inactive|Abugbog has 15 seconds left.\n|inactive|Abugbog has 10 seconds left.\n|inactive|Abugbog has 5 seconds left.\n|\n|t:|1683027780\n|move|p2a: Amoonguss|Rage Powder|p2a: Amoonguss\n|-singleturn|p2a: Amoonguss|move: Rage Powder\n|move|p1b: Bronzong|Body Press|p2a: Amoonguss\n|-resisted|p2a: Amoonguss\n|-damage|p2a: Amoonguss|77\/100\n|move|p1a: Iron Hands|Volt Switch|p2a: Amoonguss\n|-resisted|p2a: Amoonguss\n|-damage|p2a: Amoonguss|71\/100\n|\n|t:|1683027790\n|-end|p1a: Iron Hands|Quark Drive|[silent]\n|switch|p1a: Ting-Lu|Ting-Lu, L50|100\/100|[from] Volt Switch\n|-ability|p1a: Ting-Lu|Vessel of Ruin\n|move|p2b: Gholdengo|Nasty Plot|p2b: Gholdengo\n|-boost|p2b: Gholdengo|spa|2\n|\n|upkeep\n|turn|3\n|\n|t:|1683027805\n|-terastallize|p1a: Ting-Lu|Poison\n|-terastallize|p2b: Gholdengo|Water\n|move|p2a: Amoonguss|Rage Powder|p2a: Amoonguss\n|-singleturn|p2a: Amoonguss|move: Rage Powder\n|move|p1b: Bronzong|Bulldoze|p2a: Amoonguss|[spread] p1a,p2a,p2b\n|-supereffective|p1a: Ting-Lu\n|-damage|p1a: Ting-Lu|90\/100\n|-damage|p2a: Amoonguss|64\/100\n|-damage|p2b: Gholdengo|92\/100\n|-unboost|p1a: Ting-Lu|spe|1\n|-unboost|p2a: Amoonguss|spe|1\n|-unboost|p2b: Gholdengo|spe|1\n|-enditem|p1a: Ting-Lu|Weakness Policy\n|-boost|p1a: Ting-Lu|atk|2|[from] item: Weakness Policy\n|-boost|p1a: Ting-Lu|spa|2|[from] item: Weakness Policy\n|move|p1a: Ting-Lu|Earthquake|p2a: Amoonguss|[spread] p2a,p2b\n|-immune|p1b: Bronzong|[from] ability: Levitate\n|-crit|p2a: Amoonguss\n|-damage|p2a: Amoonguss|0 fnt\n|-damage|p2b: Gholdengo|23\/100\n|faint|p2a: Amoonguss\n|move|p2b: Gholdengo|Shadow Ball|p1b: Bronzong\n|-supereffective|p1b: Bronzong\n|-damage|p1b: Bronzong|0 fnt\n|faint|p1b: Bronzong\n|\n|-heal|p2b: Gholdengo|29\/100|[from] item: Leftovers\n|upkeep\n|inactive|Abugbog has 30 seconds left.\n|inactive|Oorko has 30 seconds left.\n|\n|t:|1683027832\n|switch|p1b: Iron Hands|Iron Hands, L50, shiny|100\/100\n|switch|p2a: Kingambit|Kingambit, L50, F|100\/100\n|turn|4\n|\n|t:|1683027850\n|move|p2a: Kingambit|Protect|p2a: Kingambit\n|-singleturn|p2a: Kingambit|Protect\n|move|p2b: Gholdengo|Protect|p2b: Gholdengo\n|-singleturn|p2b: Gholdengo|Protect\n|move|p1a: Ting-Lu|Throat Chop|p2b: Gholdengo\n|-activate|p2b: Gholdengo|move: Protect\n|move|p1b: Iron Hands|Drain Punch|p2a: Kingambit\n|-activate|p2a: Kingambit|move: Protect\n|\n|-heal|p2b: Gholdengo|34\/100|[from] item: Leftovers\n|upkeep\n|turn|5\n|\n|t:|1683027866\n|move|p2b: Gholdengo|Protect||[still]\n|-fail|p2b: Gholdengo\n|move|p2a: Kingambit|Sucker Punch|p1a: Ting-Lu\n|-damage|p1a: Ting-Lu|65\/100\n|move|p1a: Ting-Lu|Throat Chop|p2b: Gholdengo\n|-damage|p2b: Gholdengo|0 fnt\n|faint|p2b: Gholdengo\n|move|p1b: Iron Hands|Drain Punch|p2a: Kingambit\n|-supereffective|p2a: Kingambit\n|-damage|p2a: Kingambit|0 fnt\n|faint|p2a: Kingambit\n|\n|-fieldend|move: Trick Room\n|upkeep\n|inactive|Oorko has 30 seconds left.\n|inactive|Oorko has 20 seconds left.\n|inactive|Oorko has 15 seconds left.\n|inactive|Oorko has 10 seconds left.\n|inactive|Oorko has 5 seconds left.\n|\n|t:|1683027921\n|switch|p2a: Chien-Pao|Chien-Pao, L50|100\/100\n|-ability|p2a: Chien-Pao|Sword of Ruin\n|turn|6\n|inactive|Oorko has 30 seconds left.\n|inactive|Oorko has 20 seconds left.\n|inactive|Oorko has 15 seconds left.\n|inactive|Oorko has 10 seconds left.\n|inactive|Oorko has 5 seconds left.\n|\n|t:|1683027977\n|move|p2a: Chien-Pao|Sacred Sword|p1b: Iron Hands\n|-damage|p1b: Iron Hands|72\/100\n|move|p1b: Iron Hands|Drain Punch|p2a: Chien-Pao\n|-supereffective|p2a: Chien-Pao\n|-enditem|p2a: Chien-Pao|Focus Sash\n|-damage|p2a: Chien-Pao|1\/100\n|-heal|p1b: Iron Hands|100\/100|[from] drain|[of] p2a: Chien-Pao\n|move|p1a: Ting-Lu|Heavy Slam|p2a: Chien-Pao\n|-supereffective|p2a: Chien-Pao\n|-damage|p2a: Chien-Pao|0 fnt\n|faint|p2a: Chien-Pao\n|\n|win|Abugbog\n|raw|Abugbog's rating: 1180 → 1207<\/strong> (+27 for winning)\n|raw|Oorko's rating: 1204 → 1177<\/strong> (-27 for losing)\n","uploadtime":1683027993,"views":8,"p1id":"abugbog","p2id":"oorko","formatid":"gen9vgc2023regulationc","rating":1177,"private":0,"password":""}