{"id":"gen9vgc2023regulationc-1854240233","p1":"Even Greener Grass","p2":"luizhsouza3","format":"[Gen 9] VGC 2023 Regulation C","log":"|j|\u2606Even Greener Grass\n|j|\u2606luizhsouza3\n|t:|1682787447\n|gametype|doubles\n|player|p1|Even Greener Grass|kahili|1114\n|player|p2|luizhsouza3|buck|1068\n|teamsize|p1|6\n|teamsize|p2|6\n|gen|9\n|tier|[Gen 9] VGC 2023 Regulation C\n|rated|\n|rule|Species Clause: Limit one of each Pok\u00e9mon\n|rule|Item Clause: Limit one of each item\n|clearpoke\n|poke|p1|Torkoal, L50, F|\n|poke|p1|Chi-Yu, L50|\n|poke|p1|Slither Wing, L50|\n|poke|p1|Scizor, L50, F|\n|poke|p1|Lilligant, L50, F|\n|poke|p1|Flutter Mane, L50|\n|poke|p2|Armarouge, L50, M|\n|poke|p2|Indeedee-F, L50, F|\n|poke|p2|Kingambit, L50, M|\n|poke|p2|Appletun, L50, M|\n|poke|p2|Great Tusk, L50|\n|poke|p2|Gyarados, L50, F|\n|teampreview|4\n|inactive|Battle timer is ON: inactive players will automatically lose when time's up. (requested by Even Greener Grass)\n|inactive|luizhsouza3 also wants the timer to be on.\n|inactive|Even Greener Grass has 60 seconds left.\n|\n|t:|1682787487\n|start\n|switch|p1a: Mommy|Lilligant, L50, F, shiny|100\/100\n|switch|p1b: Beverly|Chi-Yu, L50|100\/100\n|switch|p2a: Armarouge|Armarouge, L50, M|100\/100\n|switch|p2b: Appletun|Appletun, L50, M|100\/100\n|-ability|p1b: Beverly|Beads of Ruin\n|turn|1\n|c|\u2606Even Greener Grass|Good luck, have fun.\n|\n|t:|1682787501\n|move|p2a: Armarouge|Protect|p2a: Armarouge\n|-singleturn|p2a: Armarouge|Protect\n|move|p1b: Beverly|Dark Pulse|p2a: Armarouge\n|-activate|p2a: Armarouge|move: Protect\n|move|p1a: Mommy|Quiver Dance|p1a: Mommy\n|-boost|p1a: Mommy|spa|1\n|-boost|p1a: Mommy|spd|1\n|-boost|p1a: Mommy|spe|1\n|move|p2b: Appletun|Leech Seed|p1b: Beverly\n|-start|p1b: Beverly|move: Leech Seed\n|\n|-damage|p1b: Beverly|88\/100|[from] Leech Seed|[of] p2b: Appletun\n|upkeep\n|turn|2\n|inactive|luizhsouza3 has 30 seconds left.\n|\n|t:|1682787529\n|switch|p2b: Indeedee|Indeedee-F, L50, F|100\/100\n|-fieldstart|move: Psychic Terrain|[from] ability: Psychic Surge|[of] p2b: Indeedee\n|-enditem|p2b: Indeedee|Psychic Seed\n|-boost|p2b: Indeedee|spd|1|[from] item: Psychic Seed\n|move|p1a: Mommy|Tera Blast|p2a: Armarouge\n|-damage|p2a: Armarouge|48\/100\n|move|p1b: Beverly|Dark Pulse|p2a: Armarouge\n|-supereffective|p2a: Armarouge\n|-damage|p2a: Armarouge|0 fnt\n|faint|p2a: Armarouge\n|\n|-damage|p1b: Beverly|76\/100|[from] Leech Seed|[of] p2b: Indeedee\n|upkeep\n|\n|t:|1682787542\n|switch|p2a: Great Tusk|Great Tusk, L50|100\/100\n|turn|3\n|\n|t:|1682787555\n|-terastallize|p2a: Great Tusk|Fighting\n|move|p2b: Indeedee|Helping Hand|p2a: Great Tusk\n|-singleturn|p2a: Great Tusk|Helping Hand|[of] p2b: Indeedee\n|move|p1a: Mommy|Solar Beam||[still]\n|-prepare|p1a: Mommy|Solar Beam\n|move|p1b: Beverly|Dark Pulse|p2b: Indeedee\n|-supereffective|p2b: Indeedee\n|-damage|p2b: Indeedee|0 fnt\n|faint|p2b: Indeedee\n|move|p2a: Great Tusk|Brick Break|p1b: Beverly\n|-supereffective|p1b: Beverly\n|-damage|p1b: Beverly|0 fnt\n|faint|p1b: Beverly\n|\n|upkeep\n|\n|t:|1682787571\n|switch|p1b: Dawg|Torkoal, L50, F|100\/100\n|switch|p2b: Appletun|Appletun, L50, M|100\/100\n|-weather|SunnyDay|[from] ability: Drought|[of] p1b: Dawg\n|-activate|p2a: Great Tusk|ability: Protosynthesis\n|-start|p2a: Great Tusk|protosynthesisatk\n|turn|4\n|\n|t:|1682787583\n|move|p1a: Mommy|Solar Beam|p2a: Great Tusk|[from]lockedmove\n|-damage|p2a: Great Tusk|0 fnt\n|faint|p2a: Great Tusk\n|-end|p2a: Great Tusk|Protosynthesis|[silent]\n|move|p1b: Dawg|Heat Wave|p2b: Appletun\n|-damage|p2b: Appletun|77\/100\n|move|p2b: Appletun|Leech Seed|p1b: Dawg\n|-start|p1b: Dawg|move: Leech Seed\n|\n|-weather|SunnyDay|[upkeep]\n|-heal|p2b: Appletun|83\/100|[from] item: Leftovers\n|-damage|p1b: Dawg|88\/100|[from] Leech Seed|[of] p2b: Appletun\n|-heal|p2b: Appletun|91\/100|[silent]\n|upkeep\n|turn|5\n|\n|t:|1682787607\n|switch|p1b: DEMI-GOD|Flutter Mane, L50|100\/100\n|-activate|p1b: DEMI-GOD|ability: Protosynthesis\n|-start|p1b: DEMI-GOD|protosynthesisspa\n|-terastallize|p1a: Mommy|Fire\n|move|p1a: Mommy|Tera Blast|p2b: Appletun\n|-damage|p2b: Appletun|56\/100\n|move|p2b: Appletun|Dragon Pulse|p1a: Mommy\n|-damage|p1a: Mommy|72\/100\n|\n|-weather|SunnyDay|[upkeep]\n|-heal|p2b: Appletun|62\/100|[from] item: Leftovers\n|upkeep\n|turn|6\n|\n|t:|1682787620\n|move|p1a: Mommy|Tera Blast|p2b: Appletun\n|-damage|p2b: Appletun|22\/100\n|move|p1b: DEMI-GOD|Moonblast|p2b: Appletun\n|-supereffective|p2b: Appletun\n|-damage|p2b: Appletun|0 fnt\n|faint|p2b: Appletun\n|\n|win|Even Greener Grass\n|raw|Even Greener Grass's rating: 1114 → 1136<\/strong> (+22 for winning)\n|raw|luizhsouza3's rating: 1068 → 1050<\/strong> (-18 for losing)\n|c|\u2606Even Greener Grass|g.g.w.p.\n","uploadtime":1682787626,"views":19,"p1id":"evengreenergrass","p2id":"luizhsouza3","formatid":"gen9vgc2023regulationc","rating":1050,"private":0,"password":""}