{"id":"gen9vgc2023regulationc-1862783543","p1":"fizzywizzyglizzy","p2":"Mr.Fabulas","format":"[Gen 9] VGC 2023 Regulation C","log":"|j|\u2606fizzywizzyglizzy\n|j|\u2606Mr.Fabulas\n|t:|1683921503\n|gametype|doubles\n|player|p1|fizzywizzyglizzy|1|\n|player|p2|Mr.Fabulas|265|\n|teamsize|p1|6\n|teamsize|p2|6\n|gen|9\n|tier|[Gen 9] VGC 2023 Regulation C\n|rule|Species Clause: Limit one of each Pok\u00e9mon\n|rule|Item Clause: Limit one of each item\n|clearpoke\n|poke|p1|Pawniard, L50, M|\n|poke|p1|Wattrel, L50, M|\n|poke|p1|Mudbray, L50, F|\n|poke|p1|Skiddo, L50, M|\n|poke|p1|Glimmet, L50, F|\n|poke|p1|Tandemaus, L50|\n|poke|p2|Deerling-Summer, L50, M|\n|poke|p2|Salandit, L50, M|\n|poke|p2|Pawniard, L50, F|\n|poke|p2|Mudbray, L50, F|\n|poke|p2|Foongus, L50, F|\n|poke|p2|Wattrel, L50, M|\n|teampreview|4\nfizzywizzyglizzy has agreed to open team sheets.\n|c|\u2606fizzywizzyglizzy|g3\nMr.Fabulas has agreed to open team sheets.\n|l|\u2606fizzywizzyglizzy\n|player|p1|\n|j|\u2606fizzywizzyglizzy\n|player|p1|fizzywizzyglizzy|1\n|c|\u2606fizzywizzyglizzy|glhf\n|c|\u2606Mr.Fabulas|here we go\n|c|\u2606Mr.Fabulas|glhf\n|\n|t:|1683922168\n|start\n|switch|p1a: Wattrel|Wattrel, L50, M|100\/100\n|switch|p1b: Mudbray|Mudbray, L50, F|100\/100\n|switch|p2a: Foongus|Foongus, L50, F, shiny|100\/100\n|switch|p2b: Pawniard|Pawniard, L50, F, shiny|100\/100\n|turn|1\n|\n|t:|1683922204\n|-terastallize|p2b: Pawniard|Flying\n|move|p1a: Wattrel|Discharge|p2a: Foongus|[spread] p2a,p2b\n|-immune|p1b: Mudbray\n|-resisted|p2a: Foongus\n|-supereffective|p2b: Pawniard\n|-damage|p2a: Foongus|89\/100\n|-damage|p2b: Pawniard|44\/100\n|-status|p2b: Pawniard|par\n|move|p1b: Mudbray|Earthquake|p2a: Foongus|[spread] p2a\n|-immune|p1a: Wattrel\n|-immune|p2b: Pawniard\n|-damage|p2a: Foongus|18\/100\n|-enditem|p2a: Foongus|Sitrus Berry|[eat]\n|-heal|p2a: Foongus|43\/100|[from] item: Sitrus Berry\n|move|p2b: Pawniard|Assurance|p1a: Wattrel\n|-crit|p1a: Wattrel\n|-enditem|p1a: Wattrel|Focus Sash\n|-damage|p1a: Wattrel|1\/100\n|move|p2a: Foongus|Spore|p1b: Mudbray\n|-status|p1b: Mudbray|slp|[from] move: Spore\n|\n|upkeep\n|turn|2\n|\n|t:|1683922230\n|move|p2b: Pawniard|Sucker Punch||[still]\n|-fail|p2b: Pawniard\n|move|p1a: Wattrel|Tailwind|p1a: Wattrel\n|-sidestart|p1: fizzywizzyglizzy|move: Tailwind\n|-start|p1a: Wattrel|Charge|Tailwind|[from] ability: Wind Power\n|cant|p1b: Mudbray|slp\n|move|p2a: Foongus|Pollen Puff|p2b: Pawniard\n|-heal|p2b: Pawniard|94\/100 par\n|\n|upkeep\n|turn|3\n|\n|t:|1683922265\n|move|p1a: Wattrel|Air Slash|p2a: Foongus\n|-supereffective|p2a: Foongus\n|-damage|p2a: Foongus|0 fnt\n|faint|p2a: Foongus\n|cant|p1b: Mudbray|slp\n|move|p2b: Pawniard|Iron Head|p1b: Mudbray\n|-damage|p1b: Mudbray|50\/100 slp\n|\n|upkeep\n|\n|t:|1683922276\n|switch|p2a: Salandit|Salandit, L50, M, shiny|100\/100\n|turn|4\n|\n|t:|1683922298\n|move|p2b: Pawniard|Sucker Punch|p1a: Wattrel\n|-damage|p1a: Wattrel|0 fnt\n|faint|p1a: Wattrel\n|-curestatus|p1b: Mudbray|slp|[msg]\n|move|p1b: Mudbray|Earthquake|p2a: Salandit|[spread] p2a\n|-immune|p2b: Pawniard\n|-supereffective|p2a: Salandit\n|-damage|p2a: Salandit|0 fnt\n|faint|p2a: Salandit\n|\n|upkeep\n|\n|t:|1683922313\n|switch|p2a: Deerling|Deerling-Summer, L50, M, shiny|100\/100\n|switch|p1a: Tandemaus|Tandemaus, L50|100\/100\n|turn|5\n|\n|t:|1683922327\n|switch|p1b: Pawniard|Pawniard, L50, M, shiny|100\/100\n|move|p2a: Deerling|Protect|p2a: Deerling\n|-singleturn|p2a: Deerling|Protect\n|move|p2b: Pawniard|Sucker Punch|p1a: Tandemaus\n|-damage|p1a: Tandemaus|13\/100\n|move|p1a: Tandemaus|Population Bomb|p2b: Pawniard\n|-damage|p2b: Pawniard|87\/100 par\n|-damage|p2b: Pawniard|81\/100 par\n|-damage|p2b: Pawniard|74\/100 par\n|-damage|p2b: Pawniard|68\/100 par\n|-damage|p2b: Pawniard|61\/100 par\n|-damage|p2b: Pawniard|54\/100 par\n|-damage|p2b: Pawniard|48\/100 par\n|-damage|p2b: Pawniard|41\/100 par\n|-damage|p2b: Pawniard|33\/100 par\n|-crit|p2b: Pawniard\n|-damage|p2b: Pawniard|24\/100 par\n|-hitcount|p2b: Pawniard|10\n|\n|-sideend|p1: fizzywizzyglizzy|move: Tailwind\n|upkeep\n|turn|6\n|\n|t:|1683922359\n|move|p1b: Pawniard|Sucker Punch|p2b: Pawniard\n|-damage|p2b: Pawniard|0 fnt\n|faint|p2b: Pawniard\n|move|p1a: Tandemaus|Population Bomb|p2a: Deerling\n|-damage|p2a: Deerling|87\/100\n|-damage|p2a: Deerling|73\/100\n|-damage|p2a: Deerling|59\/100\n|-damage|p2a: Deerling|45\/100\n|-damage|p2a: Deerling|32\/100\n|-damage|p2a: Deerling|20\/100\n|-crit|p2a: Deerling\n|-damage|p2a: Deerling|0 fnt\n|faint|p2a: Deerling\n|-hitcount|p2: Deerling|7\n|\n|win|fizzywizzyglizzy\n|c|\u2606Mr.Fabulas|gg\n|c|\u2606fizzywizzyglizzy|ggs!\n|c|\u2606Mr.Fabulas|nice team\n|c|\u2606fizzywizzyglizzy|you too\n|c|\u2606fizzywizzyglizzy|deerling was awesome\n|c|\u2606Mr.Fabulas|i love deerling\n|c|\u2606fizzywizzyglizzy|and salandit s speed was tough to play around\n","uploadtime":1683922396,"views":14,"p1id":"fizzywizzyglizzy","p2id":"mrfabulas","formatid":"gen9vgc2023regulationc","rating":0,"private":0,"password":""}