{"id":"gen9vgc2023regulationc-1855564936","p1":"wisedyVGC","p2":"Titannexus","format":"[Gen 9] VGC 2023 Regulation C","log":"|j|\u2606wisedyVGC\n|j|\u2606Titannexus\n|t:|1682962477\n|gametype|doubles\n|player|p1|wisedyVGC|cynthia-gen4|1520\n|player|p2|Titannexus|acetrainer-gen4|1433\n|teamsize|p1|6\n|teamsize|p2|6\n|gen|9\n|tier|[Gen 9] VGC 2023 Regulation C\n|rated|\n|rule|Species Clause: Limit one of each Pok\u00e9mon\n|rule|Item Clause: Limit one of each item\n|clearpoke\n|poke|p1|Iron Hands, L50|\n|poke|p1|Amoonguss, L50, F|\n|poke|p1|Chi-Yu, L50|\n|poke|p1|Iron Bundle, L50|\n|poke|p1|Mimikyu, L50, F|\n|poke|p1|Dragonite, L50, F|\n|poke|p2|Dondozo, L50, F|\n|poke|p2|Tatsugiri, L50, M|\n|poke|p2|Glimmora, L50, F|\n|poke|p2|Arcanine, L50, M|\n|poke|p2|Corviknight, L50, M|\n|poke|p2|Tyranitar, L50, F|\n|teampreview|4\n|inactive|Battle timer is ON: inactive players will automatically lose when time's up. (requested by wisedyVGC)\n|\n|t:|1682962508\n|start\n|switch|p1a: Bob|Iron Bundle, L50|100\/100\n|switch|p1b: Phil|Chi-Yu, L50|100\/100\n|switch|p2a: Glimmora|Glimmora, L50, F|100\/100\n|switch|p2b: Corviknight|Corviknight, L50, M|100\/100\n|-ability|p1b: Phil|Beads of Ruin\n|-enditem|p1a: Bob|Booster Energy\n|-activate|p1a: Bob|ability: Quark Drive|[fromitem]\n|-start|p1a: Bob|quarkdrivespe\n|turn|1\n|inactive|wisedyVGC has 30 seconds left.\n|\n|t:|1682962534\n|-terastallize|p2b: Corviknight|Fire\n|move|p1a: Bob|Hydro Pump|p2a: Glimmora\n|-supereffective|p2a: Glimmora\n|-enditem|p2a: Glimmora|Focus Sash\n|-damage|p2a: Glimmora|1\/100\n|move|p1b: Phil|Heat Wave|p2b: Corviknight|[spread] p2b\n|-miss|p1b: Phil|p2a: Glimmora\n|-resisted|p2b: Corviknight\n|-damage|p2b: Corviknight|72\/100\n|move|p2a: Glimmora|Power Gem|p1b: Phil\n|-supereffective|p1b: Phil\n|-crit|p1b: Phil\n|-enditem|p1b: Phil|Focus Sash\n|-damage|p1b: Phil|1\/100\n|move|p2b: Corviknight|Iron Head|p1a: Bob\n|-damage|p1a: Bob|39\/100\n|\n|upkeep\n|turn|2\n|inactive|Titannexus has 30 seconds left.\n|\n|t:|1682962567\n|switch|p2a: Tatsugiri|Tatsugiri, L50, M|100\/100\n|switch|p2b: Dondozo|Dondozo, L50, F|100\/100\n|-activate|p2a: Tatsugiri|ability: Commander|[of] p2b: Dondozo\n|-boost|p2b: Dondozo|atk|2\n|-boost|p2b: Dondozo|spa|2\n|-boost|p2b: Dondozo|spe|2\n|-boost|p2b: Dondozo|def|2\n|-boost|p2b: Dondozo|spd|2\n|move|p1a: Bob|Hydro Pump|p2b: Dondozo\n|-resisted|p2b: Dondozo\n|-damage|p2b: Dondozo|83\/100\n|move|p1b: Phil|Heat Wave|p2a: Tatsugiri|[spread] p2b\n|-miss|p1b: Phil|p2a: Tatsugiri\n|-resisted|p2b: Dondozo\n|-damage|p2b: Dondozo|71\/100\n|\n|upkeep\n|turn|3\n|\n|t:|1682962587\n|-terastallize|p1a: Bob|Ice\n|move|p1a: Bob|Freeze-Dry|p2b: Dondozo\n|-supereffective|p2b: Dondozo\n|-damage|p2b: Dondozo|15\/100\n|move|p2b: Dondozo|Earthquake|p1a: Bob|[spread] p1a,p1b\n|-miss|p2b: Dondozo|p2a: Tatsugiri\n|-supereffective|p1b: Phil\n|-damage|p1a: Bob|0 fnt\n|-damage|p1b: Phil|0 fnt\n|faint|p1a: Bob\n|-end|p1a: Bob|Quark Drive|[silent]\n|faint|p1b: Phil\n|\n|upkeep\n|\n|t:|1682962596\n|switch|p1a: John|Iron Hands, L50|100\/100\n|switch|p1b: Simone|Amoonguss, L50, F|100\/100\n|turn|4\n|\n|t:|1682962603\n|move|p1a: John|Fake Out|p2b: Dondozo\n|-damage|p2b: Dondozo|9\/100\n|cant|p2b: Dondozo|flinch\n|move|p1b: Simone|Spore|p2b: Dondozo\n|-status|p2b: Dondozo|slp|[from] move: Spore\n|-enditem|p2b: Dondozo|Chesto Berry|[eat]\n|-curestatus|p2b: Dondozo|slp|[msg]\n|\n|upkeep\n|turn|5\n|\n|t:|1682962616\n|move|p2b: Dondozo|Earthquake|p1b: Simone|[spread] p1a,p1b\n|-miss|p2b: Dondozo|p2a: Tatsugiri\n|-supereffective|p1a: John\n|-damage|p1a: John|44\/100\n|-damage|p1b: Simone|68\/100\n|move|p1a: John|Wild Charge|p2b: Dondozo\n|-supereffective|p2b: Dondozo\n|-damage|p2b: Dondozo|0 fnt\n|faint|p2b: Dondozo\n|-damage|p1a: John|42\/100|[from] Recoil\n|move|p1b: Simone|Spore|p2a: Tatsugiri\n|-status|p2a: Tatsugiri|slp|[from] move: Spore\n|\n|upkeep\n|\n|t:|1682962624\n|switch|p2b: Corviknight|Corviknight, L50, M, tera:Fire|72\/100\n|turn|6\n|\n|t:|1682962637\n|cant|p2a: Tatsugiri|slp\n|move|p2b: Corviknight|Brave Bird|p1b: Simone\n|-supereffective|p1b: Simone\n|-damage|p1b: Simone|0 fnt\n|-damage|p2b: Corviknight|55\/100|[from] item: Rocky Helmet|[of] p1b: Simone\n|faint|p1b: Simone\n|-damage|p2b: Corviknight|29\/100|[from] Recoil\n|move|p1a: John|Drain Punch|p2b: Corviknight\n|-damage|p2b: Corviknight|0 fnt\n|-heal|p1a: John|54\/100|[from] drain|[of] p2b: Corviknight\n|faint|p2b: Corviknight\n|\n|upkeep\n|\n|t:|1682962640\n|switch|p2b: Glimmora|Glimmora, L50, F|1\/100\n|turn|7\n|\n|t:|1682962656\n|move|p2b: Glimmora|Spiky Shield|p2b: Glimmora\n|-singleturn|p2b: Glimmora|move: Protect\n|cant|p2a: Tatsugiri|slp\n|move|p1a: John|Drain Punch|p2a: Tatsugiri\n|-damage|p2a: Tatsugiri|21\/100 slp\n|-heal|p1a: John|77\/100|[from] drain|[of] p2a: Tatsugiri\n|\n|upkeep\n|turn|8\n|\n|t:|1682962666\n|-curestatus|p2a: Tatsugiri|slp|[msg]\n|move|p2a: Tatsugiri|Draco Meteor|p1a: John\n|-damage|p1a: John|39\/100\n|-unboost|p2a: Tatsugiri|spa|2\n|move|p2b: Glimmora|Earth Power|p1a: John\n|-supereffective|p1a: John\n|-damage|p1a: John|0 fnt\n|faint|p1a: John\n|-end|p1a: John|Quark Drive|[silent]\n|\n|win|Titannexus\n|raw|wisedyVGC's rating: 1520 → 1495<\/strong> (-25 for losing)\n|raw|Titannexus's rating: 1433 → 1458<\/strong> (+25 for winning)\n|l|\u2606Titannexus\n","uploadtime":1682962677,"views":34,"p1id":"wisedyvgc","p2id":"titannexus","formatid":"gen9vgc2023regulationc","rating":1458,"private":0,"password":""}