{"id":"gen9vgc2023regulationc-1858050233","p1":"Kush_Fairy_dust","p2":"Shining9000","format":"[Gen 9] VGC 2023 Regulation C","log":"|j|\u2606Kush_Fairy_dust\n|j|\u2606Shining9000\n|t:|1683266887\n|gametype|doubles\n|player|p1|Kush_Fairy_dust|cress|1168\n|player|p2|Shining9000|266|1110\n|teamsize|p1|6\n|teamsize|p2|6\n|gen|9\n|tier|[Gen 9] VGC 2023 Regulation C\n|rated|\n|rule|Species Clause: Limit one of each Pok\u00e9mon\n|rule|Item Clause: Limit one of each item\n|clearpoke\n|poke|p1|Dondozo, L50, M|\n|poke|p1|Tatsugiri, L50, F|\n|poke|p1|Pelipper, L50, F|\n|poke|p1|Palafin, L50, M|\n|poke|p1|Iron Bundle, L50|\n|poke|p1|Quaquaval, L50, M|\n|poke|p2|Gastrodon, L50, F|\n|poke|p2|Amoonguss, L50, F|\n|poke|p2|Flutter Mane, L50|\n|poke|p2|Chi-Yu, L50|\n|poke|p2|Farigiraf, L50, F|\n|poke|p2|Iron Bundle, L50|\n|teampreview|4\nShining9000 rejected open team sheets.\n|\n|t:|1683266934\n|start\n|switch|p1a: Palafin|Palafin, L50, M|100\/100\n|switch|p1b: Tatsugiri|Tatsugiri, L50, F|100\/100\n|switch|p2a: Iron Bundle|Iron Bundle, L50|100\/100\n|switch|p2b: Amoonguss|Amoonguss, L50, F|100\/100\n|-enditem|p2a: Iron Bundle|Booster Energy\n|-activate|p2a: Iron Bundle|ability: Quark Drive|[fromitem]\n|-start|p2a: Iron Bundle|quarkdrivespe\n|turn|1\n|\n|t:|1683266956\n|detailschange|p1a: Palafin|Palafin-Hero, L50, M\n|switch|p1a: Dondozo|Dondozo, L50, M|100\/100\n|-activate|p1b: Tatsugiri|ability: Commander|[of] p1a: Dondozo\n|-boost|p1a: Dondozo|atk|2\n|-boost|p1a: Dondozo|spa|2\n|-boost|p1a: Dondozo|spe|2\n|-boost|p1a: Dondozo|def|2\n|-boost|p1a: Dondozo|spd|2\n|move|p2a: Iron Bundle|Icy Wind|p1a: Dondozo|[spread] p1a\n|-miss|p2a: Iron Bundle|p1b: Tatsugiri\n|-resisted|p1a: Dondozo\n|-damage|p1a: Dondozo|96\/100\n|-unboost|p1a: Dondozo|spe|1\n|move|p2b: Amoonguss|Spore|p1a: Dondozo\n|-status|p1a: Dondozo|slp|[from] move: Spore\n|\n|-heal|p1a: Dondozo|100\/100 slp|[from] item: Leftovers\n|upkeep\n|turn|2\n|\n|t:|1683266978\n|switch|p2b: Gastrodon|Gastrodon, L50, F|100\/100\n|-terastallize|p1a: Dondozo|Steel\n|move|p2a: Iron Bundle|Icy Wind|p1b: Tatsugiri|[spread] p1a\n|-miss|p2a: Iron Bundle|p1b: Tatsugiri\n|-resisted|p1a: Dondozo\n|-damage|p1a: Dondozo|96\/100 slp\n|-unboost|p1a: Dondozo|spe|1\n|cant|p1a: Dondozo|slp\n|\n|-heal|p1a: Dondozo|100\/100 slp|[from] item: Leftovers\n|upkeep\n|turn|3\n|\n|t:|1683267002\n|move|p2a: Iron Bundle|Icy Wind|p1b: Tatsugiri|[spread] p1a\n|-miss|p2a: Iron Bundle|p1b: Tatsugiri\n|-resisted|p1a: Dondozo\n|-damage|p1a: Dondozo|96\/100 slp\n|-unboost|p1a: Dondozo|spe|1\n|-curestatus|p1a: Dondozo|slp|[msg]\n|move|p1a: Dondozo|Substitute|p1a: Dondozo\n|-start|p1a: Dondozo|Substitute\n|-damage|p1a: Dondozo|72\/100\n|move|p2b: Gastrodon|Earth Power|p1a: Dondozo\n|-supereffective|p1a: Dondozo\n|-end|p1a: Dondozo|Substitute\n|\n|-heal|p1a: Dondozo|78\/100|[from] item: Leftovers\n|upkeep\n|turn|4\n|\n|t:|1683267024\n|move|p2a: Iron Bundle|Encore|p1a: Dondozo\n|-start|p1a: Dondozo|Encore\n|move|p1a: Dondozo|Substitute|p1a: Dondozo\n|-start|p1a: Dondozo|Substitute\n|-damage|p1a: Dondozo|53\/100\n|move|p2b: Gastrodon|Earth Power|p1a: Dondozo\n|-supereffective|p1a: Dondozo\n|-end|p1a: Dondozo|Substitute\n|\n|-heal|p1a: Dondozo|59\/100|[from] item: Leftovers\n|upkeep\n|turn|5\n|\n|t:|1683267047\n|move|p2a: Iron Bundle|Hydro Pump|p2b: Gastrodon\n|-ability|p2b: Gastrodon|Storm Drain|boost\n|-boost|p2b: Gastrodon|spa|1\n|move|p1a: Dondozo|Substitute|p1a: Dondozo\n|-start|p1a: Dondozo|Substitute\n|-damage|p1a: Dondozo|34\/100\n|move|p2b: Gastrodon|Clear Smog|p1a: Dondozo\n|-immune|p1a: Dondozo\n|\n|-heal|p1a: Dondozo|40\/100|[from] item: Leftovers\n|upkeep\n|turn|6\n|\n|t:|1683267060\n|move|p2a: Iron Bundle|Hydro Pump|p2b: Gastrodon\n|-ability|p2b: Gastrodon|Storm Drain|boost\n|-boost|p2b: Gastrodon|spa|1\n|move|p1a: Dondozo|Substitute|p1a: Dondozo\n|-fail|p1a: Dondozo|move: Substitute\n|move|p2b: Gastrodon|Earth Power|p1a: Dondozo\n|-supereffective|p1a: Dondozo\n|-end|p1a: Dondozo|Substitute\n|\n|-heal|p1a: Dondozo|47\/100|[from] item: Leftovers\n|-end|p1a: Dondozo|Encore\n|upkeep\n|turn|7\n|\n|t:|1683267077\n|move|p2a: Iron Bundle|Encore|p1a: Dondozo\n|-start|p1a: Dondozo|Encore\n|move|p1a: Dondozo|Substitute|p1a: Dondozo\n|-start|p1a: Dondozo|Substitute\n|-damage|p1a: Dondozo|22\/100\n|move|p2b: Gastrodon|Clear Smog|p1a: Dondozo\n|-immune|p1a: Dondozo\n|\n|-heal|p1a: Dondozo|28\/100|[from] item: Leftovers\n|upkeep\n|turn|8\n|\n|t:|1683267091\n|move|p2a: Iron Bundle|Hydro Pump|p2b: Gastrodon\n|-ability|p2b: Gastrodon|Storm Drain|boost\n|-boost|p2b: Gastrodon|spa|1\n|move|p1a: Dondozo|Substitute|p1a: Dondozo\n|-fail|p1a: Dondozo|move: Substitute\n|move|p2b: Gastrodon|Earth Power|p1a: Dondozo\n|-supereffective|p1a: Dondozo\n|-end|p1a: Dondozo|Substitute\n|\n|-heal|p1a: Dondozo|34\/100|[from] item: Leftovers\n|upkeep\n|turn|9\n|\n|t:|1683267104\n|move|p2a: Iron Bundle|Hydro Pump|p2b: Gastrodon\n|-ability|p2b: Gastrodon|Storm Drain|boost\n|-boost|p2b: Gastrodon|spa|1\n|move|p1a: Dondozo|Substitute|p1a: Dondozo\n|-start|p1a: Dondozo|Substitute\n|-damage|p1a: Dondozo|9\/100\n|move|p2b: Gastrodon|Earth Power|p1a: Dondozo\n|-supereffective|p1a: Dondozo\n|-end|p1a: Dondozo|Substitute\n|\n|-heal|p1a: Dondozo|16\/100|[from] item: Leftovers\n|-end|p1a: Dondozo|Encore\n|upkeep\n|turn|10\n|\n|t:|1683267122\n|move|p2a: Iron Bundle|Hydro Pump|p2b: Gastrodon\n|-ability|p2b: Gastrodon|Storm Drain|boost\n|-boost|p2b: Gastrodon|spa|1\n|move|p1a: Dondozo|Earthquake|p2a: Iron Bundle|[spread] p2a,p2b\n|-miss|p1a: Dondozo|p1b: Tatsugiri\n|-damage|p2a: Iron Bundle|46\/100\n|-damage|p2b: Gastrodon|55\/100\n|move|p2b: Gastrodon|Earth Power|p1a: Dondozo\n|-supereffective|p1a: Dondozo\n|-damage|p1a: Dondozo|0 fnt\n|faint|p1a: Dondozo\n|\n|-heal|p2b: Gastrodon|61\/100|[from] item: Leftovers\n|upkeep\n|\n|t:|1683267135\n|switch|p1a: Iron Bundle|Iron Bundle, L50|100\/100\n|turn|11\n|\n|t:|1683267152\n|move|p2b: Gastrodon|Protect|p2b: Gastrodon\n|-singleturn|p2b: Gastrodon|Protect\n|move|p2a: Iron Bundle|Icy Wind|p1b: Tatsugiri|[spread] p1a,p1b\n|-resisted|p1a: Iron Bundle\n|-damage|p1a: Iron Bundle|92\/100\n|-damage|p1b: Tatsugiri|77\/100\n|-unboost|p1a: Iron Bundle|spe|1\n|-unboost|p1b: Tatsugiri|spe|1\n|move|p1a: Iron Bundle|Freeze-Dry|p2a: Iron Bundle\n|-damage|p2a: Iron Bundle|0 fnt\n|faint|p2a: Iron Bundle\n|-end|p2a: Iron Bundle|Quark Drive|[silent]\n|move|p1b: Tatsugiri|Icy Wind|p2b: Gastrodon\n|-activate|p2b: Gastrodon|move: Protect\n|\n|-heal|p2b: Gastrodon|67\/100|[from] item: Leftovers\n|upkeep\n|\n|t:|1683267164\n|switch|p2a: Flutter Mane|Flutter Mane, L50|100\/100\n|turn|12\n|\n|t:|1683267195\n|move|p1a: Iron Bundle|Protect|p1a: Iron Bundle\n|-singleturn|p1a: Iron Bundle|Protect\n|move|p1b: Tatsugiri|Protect|p1b: Tatsugiri\n|-singleturn|p1b: Tatsugiri|Protect\n|move|p2a: Flutter Mane|Dazzling Gleam|p1b: Tatsugiri|[spread] \n|-activate|p1a: Iron Bundle|move: Protect\n|-activate|p1b: Tatsugiri|move: Protect\n|move|p2b: Gastrodon|Earth Power|p1a: Iron Bundle\n|-activate|p1a: Iron Bundle|move: Protect\n|\n|-heal|p2b: Gastrodon|73\/100|[from] item: Leftovers\n|upkeep\n|turn|13\n|\n|t:|1683267217\n|move|p2a: Flutter Mane|Dazzling Gleam|p1a: Iron Bundle|[spread] p1a,p1b\n|-supereffective|p1b: Tatsugiri\n|-damage|p1a: Iron Bundle|23\/100\n|-damage|p1b: Tatsugiri|0 fnt\n|faint|p1b: Tatsugiri\n|move|p1a: Iron Bundle|Freeze-Dry|p2b: Gastrodon\n|-supereffective|p2b: Gastrodon\n|-damage|p2b: Gastrodon|0 fnt\n|faint|p2b: Gastrodon\n|\n|upkeep\n|\n|t:|1683267227\n|switch|p1b: Palafin|Palafin-Hero, L50, M|100\/100\n|switch|p2b: Amoonguss|Amoonguss, L50, F|100\/100\n|-activate|p1b: Palafin|ability: Zero to Hero\n|turn|14\n|\n|t:|1683267248\n|-terastallize|p2a: Flutter Mane|Fairy\n|move|p1a: Iron Bundle|Protect|p1a: Iron Bundle\n|-singleturn|p1a: Iron Bundle|Protect\n|move|p2a: Flutter Mane|Dazzling Gleam|p1b: Palafin|[spread] p1b\n|-activate|p1a: Iron Bundle|move: Protect\n|-damage|p1b: Palafin|65\/100\n|move|p1b: Palafin|Wave Crash|p2a: Flutter Mane\n|-enditem|p2a: Flutter Mane|Focus Sash\n|-damage|p2a: Flutter Mane|1\/100\n|-damage|p1b: Palafin|40\/100|[from] Recoil\n|move|p2b: Amoonguss|Spore|p1b: Palafin\n|-status|p1b: Palafin|slp|[from] move: Spore\n|\n|upkeep\n|turn|15\n|\n|t:|1683267270\n|cant|p1b: Palafin|slp\n|move|p2a: Flutter Mane|Dazzling Gleam|p1b: Palafin|[spread] p1a,p1b\n|-damage|p1a: Iron Bundle|0 fnt\n|-damage|p1b: Palafin|5\/100 slp\n|faint|p1a: Iron Bundle\n|-end|p1a: Iron Bundle|Quark Drive|[silent]\n|move|p2b: Amoonguss|Pollen Puff|p1b: Palafin\n|-damage|p1b: Palafin|0 fnt\n|faint|p1b: Palafin\n|\n|win|Shining9000\n|raw|Kush_Fairy_dust's rating: 1168 → 1139<\/strong> (-29 for losing)\n|raw|Shining9000's rating: 1110 → 1139<\/strong> (+29 for winning)\n|l|\u2606Shining9000\n","uploadtime":1683267282,"views":6,"p1id":"kushfairydust","p2id":"shining9000","formatid":"gen9vgc2023regulationc","rating":1139,"private":0,"password":""}