{"id":"gen9vgc2023regulationc-1846584000","p1":"Chavalonmaster","p2":"z0ulda","format":"[Gen 9] VGC 2023 Regulation C","log":"|j|\u2606Chavalonmaster\n|j|\u2606z0ulda\n|t:|1681854148\n|gametype|doubles\n|player|p1|Chavalonmaster|1|1148\n|player|p2|z0ulda|265|1114\n|teamsize|p1|6\n|teamsize|p2|6\n|gen|9\n|tier|[Gen 9] VGC 2023 Regulation C\n|rated|\n|rule|Species Clause: Limit one of each Pok\u00e9mon\n|rule|Item Clause: Limit one of each item\n|clearpoke\n|poke|p1|Goodra, L50, M|\n|poke|p1|Palafin, L50, M|\n|poke|p1|Lumineon, L50, F|\n|poke|p1|Iron Valiant, L50|\n|poke|p1|Chien-Pao, L50|\n|poke|p1|Zoroark, L50, F|\n|poke|p2|Meowscarada, L50, M|\n|poke|p2|Flutter Mane, L50|\n|poke|p2|Chi-Yu, L50|\n|poke|p2|Palafin, L50, M|\n|poke|p2|Orthworm, L50, M|\n|poke|p2|Scizor, L50, M|\n|teampreview|4\n|\n|t:|1681854190\n|start\n|switch|p1a: Goodra|Goodra, L50, M, shiny|100\/100\n|switch|p1b: Palafin|Palafin, L50, M, shiny|100\/100\n|switch|p2a: Orthworm|Orthworm, L50, M|100\/100\n|switch|p2b: Flutter Mane|Flutter Mane, L50|100\/100\n|-enditem|p2b: Flutter Mane|Booster Energy\n|-activate|p2b: Flutter Mane|ability: Protosynthesis|[fromitem]\n|-start|p2b: Flutter Mane|protosynthesisspa\n|turn|1\n|\n|t:|1681854210\n|detailschange|p1b: Palafin|Palafin-Hero, L50, M, shiny\n|switch|p1b: Lumineon|Lumineon, L50, F, shiny|100\/100\n|-terastallize|p1a: Goodra|Poison\n|move|p2b: Flutter Mane|Protect|p2b: Flutter Mane\n|-singleturn|p2b: Flutter Mane|Protect\n|move|p1a: Goodra|Rain Dance|p1a: Goodra\n|-weather|RainDance\n|move|p2a: Orthworm|Shed Tail|p2a: Orthworm\n|-start|p2a: Orthworm|Substitute|[from] move: Shed Tail\n|-damage|p2a: Orthworm|50\/100\n|-enditem|p2a: Orthworm|Sitrus Berry|[eat]\n|-heal|p2a: Orthworm|75\/100|[from] item: Sitrus Berry\n|\n|t:|1681854231\n|switch|p2a: Meowscarada|Meowscarada, L50, M|100\/100|[from] Shed Tail\n|\n|-weather|RainDance|[upkeep]\n|upkeep\n|turn|2\n|inactive|Battle timer is ON: inactive players will automatically lose when time's up. (requested by z0ulda)\n|\n|t:|1681854260\n|move|p1b: Lumineon|Encore|p2b: Flutter Mane\n|-start|p2b: Flutter Mane|Encore\n|move|p2a: Meowscarada|Flower Trick|p1b: Lumineon\n|-start|p2a: Meowscarada|typechange|Grass|[from] ability: Protean\n|-supereffective|p1b: Lumineon\n|-crit|p1b: Lumineon\n|-damage|p1b: Lumineon|5\/100\n|move|p2b: Flutter Mane|Protect||[still]\n|-fail|p2b: Flutter Mane\n|move|p1a: Goodra|Acid Spray|p2a: Meowscarada\n|-supereffective|p2a: Meowscarada\n|-end|p2a: Meowscarada|Substitute\n|\n|-weather|RainDance|[upkeep]\n|-heal|p1b: Lumineon|11\/100|[from] item: Leftovers\n|upkeep\n|turn|3\n|inactive|Chavalonmaster has 30 seconds left.\n|inactive|z0ulda has 30 seconds left.\n|\n|t:|1681854291\n|move|p2b: Flutter Mane|Protect|p2b: Flutter Mane\n|-singleturn|p2b: Flutter Mane|Protect\n|move|p1b: Lumineon|Icy Wind|p2a: Meowscarada|[spread] p2a\n|-activate|p2b: Flutter Mane|move: Protect\n|-supereffective|p2a: Meowscarada\n|-damage|p2a: Meowscarada|79\/100\n|-unboost|p2a: Meowscarada|spe|1\n|move|p2a: Meowscarada|Petal Blizzard|p1b: Lumineon|[spread] p1a,p1b\n|-activate|p2b: Flutter Mane|move: Protect\n|-resisted|p1a: Goodra\n|-supereffective|p1b: Lumineon\n|-damage|p1a: Goodra|85\/100\n|-damage|p1b: Lumineon|0 fnt\n|faint|p1b: Lumineon\n|move|p1a: Goodra|Thunder|p2a: Meowscarada\n|-resisted|p2a: Meowscarada\n|-damage|p2a: Meowscarada|53\/100\n|-status|p2a: Meowscarada|par\n|\n|-weather|RainDance|[upkeep]\n|upkeep\n|inactive|Chavalonmaster has 30 seconds left.\n|\n|t:|1681854321\n|switch|p1b: Palafin|Palafin-Hero, L50, M, shiny|100\/100\n|-activate|p1b: Palafin|ability: Zero to Hero\n|turn|4\n|\n|t:|1681854338\n|move|p2b: Flutter Mane|Protect||[still]\n|-fail|p2b: Flutter Mane\n|move|p1b: Palafin|Bulk Up|p1b: Palafin\n|-boost|p1b: Palafin|atk|1\n|-boost|p1b: Palafin|def|1\n|move|p1a: Goodra|Acid Spray|p2a: Meowscarada\n|-supereffective|p2a: Meowscarada\n|-damage|p2a: Meowscarada|0 fnt\n|faint|p2a: Meowscarada\n|\n|-weather|RainDance|[upkeep]\n|-end|p2b: Flutter Mane|Encore\n|upkeep\n|\n|t:|1681854350\n|switch|p2a: Orthworm|Orthworm, L50, M|75\/100\n|turn|5\n|\n|t:|1681854372\n|-terastallize|p2b: Flutter Mane|Fairy\n|move|p2b: Flutter Mane|Dazzling Gleam|p1b: Palafin|[spread] p1a,p1b\n|-resisted|p1a: Goodra\n|-damage|p1a: Goodra|63\/100\n|-damage|p1b: Palafin|24\/100\n|move|p1b: Palafin|Drain Punch|p2a: Orthworm\n|-supereffective|p2a: Orthworm\n|-damage|p2a: Orthworm|8\/100\n|-heal|p1b: Palafin|58\/100|[from] drain|[of] p2a: Orthworm\n|move|p1a: Goodra|Thunder|p2b: Flutter Mane\n|-damage|p2b: Flutter Mane|67\/100\n|-status|p2b: Flutter Mane|par\n|move|p2a: Orthworm|Iron Defense|p2a: Orthworm\n|-boost|p2a: Orthworm|def|2\n|\n|-weather|none\n|upkeep\n|turn|6\n|inactive|Chavalonmaster has 30 seconds left.\n|inactive|z0ulda has 30 seconds left.\n|\n|t:|1681854405\n|move|p1b: Palafin|Jet Punch|p2b: Flutter Mane\n|-damage|p2b: Flutter Mane|0 fnt\n|faint|p2b: Flutter Mane\n|-end|p2b: Flutter Mane|Protosynthesis|[silent]\n|move|p1a: Goodra|Rain Dance|p1a: Goodra\n|-weather|RainDance\n|move|p2a: Orthworm|Body Press|p1a: Goodra\n|-resisted|p1a: Goodra\n|-damage|p1a: Goodra|42\/100\n|-ability|p1a: Goodra|Gooey\n|-unboost|p2a: Orthworm|spe|1\n|\n|-weather|RainDance|[upkeep]\n|upkeep\n|\n|t:|1681854412\n|switch|p2b: Chi-Yu|Chi-Yu, L50|100\/100\n|-ability|p2b: Chi-Yu|Beads of Ruin\n|turn|7\n|\n|t:|1681854435\n|move|p1b: Palafin|Jet Punch|p2b: Chi-Yu\n|-supereffective|p2b: Chi-Yu\n|-damage|p2b: Chi-Yu|0 fnt\n|faint|p2b: Chi-Yu\n|move|p1a: Goodra|Dragon Pulse|p2a: Orthworm\n|-resisted|p2a: Orthworm\n|-damage|p2a: Orthworm|0 fnt\n|faint|p2a: Orthworm\n|\n|win|Chavalonmaster\n|raw|Chavalonmaster's rating: 1148 → 1171<\/strong> (+23 for winning)\n|raw|z0ulda's rating: 1114 → 1091<\/strong> (-23 for losing)\n|l|\u2606z0ulda\n","uploadtime":1681854450,"views":15,"p1id":"chavalonmaster","p2id":"z0ulda","formatid":"gen9vgc2023regulationc","rating":1091,"private":0,"password":""}