{"id":"gen9vgc2023regulationc-1857802686","p1":"Leontrophic","p2":"mythical weavile","format":"[Gen 9] VGC 2023 Regulation C","log":"|j|\u2606Leontrophic\n|j|\u2606mythical weavile\n|t:|1683233324\n|gametype|doubles\n|player|p1|Leontrophic|red|1337\n|player|p2|mythical weavile|1|1386\n|teamsize|p1|6\n|teamsize|p2|6\n|gen|9\n|tier|[Gen 9] VGC 2023 Regulation C\n|rated|\n|rule|Species Clause: Limit one of each Pok\u00e9mon\n|rule|Item Clause: Limit one of each item\n|clearpoke\n|poke|p1|Sandy Shocks, L50|\n|poke|p1|Espathra, L50, F|\n|poke|p1|Annihilape, L50, F|\n|poke|p1|Chi-Yu, L50|\n|poke|p1|Iron Bundle, L50|\n|poke|p1|Dragonite, L50, M|\n|poke|p2|Dondozo, L50, F|\n|poke|p2|Tatsugiri, L50, F|\n|poke|p2|Garchomp, L50, F|\n|poke|p2|Talonflame, L50, F|\n|poke|p2|Iron Bundle, L50|\n|poke|p2|Chi-Yu, L50|\n|teampreview|4\n|inactive|Battle timer is ON: inactive players will automatically lose when time's up. (requested by mythical weavile)\n|inactive|Leontrophic has 60 seconds left.\n|\n|t:|1683233379\n|start\n|switch|p1a: Dragonite|Dragonite, L50, M|100\/100\n|switch|p1b: Chi-Yu|Chi-Yu, L50|100\/100\n|switch|p2a: Garchomp|Garchomp, L50, F|100\/100\n|switch|p2b: Talonflame|Talonflame, L50, F|100\/100\n|-ability|p1b: Chi-Yu|Beads of Ruin\n|turn|1\n|inactive|Leontrophic has 30 seconds left.\n|inactive|mythical weavile has 30 seconds left.\n|inactive|Leontrophic has 20 seconds left.\n|\n|t:|1683233419\n|-terastallize|p1b: Chi-Yu|Ghost\n|move|p2b: Talonflame|Will-O-Wisp|p1a: Dragonite\n|-status|p1a: Dragonite|brn\n|move|p2a: Garchomp|Rock Slide|p1b: Chi-Yu|[spread] p1a,p1b\n|-supereffective|p1a: Dragonite\n|-crit|p1a: Dragonite\n|-damage|p1a: Dragonite|72\/100 brn\n|-damage|p1b: Chi-Yu|74\/100\n|move|p1b: Chi-Yu|Heat Wave|p2a: Garchomp|[spread] p2a,p2b\n|-resisted|p2a: Garchomp\n|-resisted|p2b: Talonflame\n|-damage|p2a: Garchomp|74\/100\n|-damage|p2b: Talonflame|63\/100\n|cant|p1a: Dragonite|flinch\n|\n|-damage|p1a: Dragonite|66\/100 brn|[from] brn\n|upkeep\n|turn|2\n|inactive|Leontrophic has 30 seconds left.\n|\n|t:|1683233447\n|move|p2b: Talonflame|Tailwind|p2b: Talonflame\n|-sidestart|p2: mythical weavile|move: Tailwind\n|move|p2a: Garchomp|Rock Slide|p1b: Chi-Yu|[spread] p1b\n|-miss|p2a: Garchomp|p1a: Dragonite\n|-damage|p1b: Chi-Yu|48\/100\n|move|p1b: Chi-Yu|Dark Pulse|p2a: Garchomp\n|-damage|p2a: Garchomp|5\/100\n|move|p1a: Dragonite|Tailwind|p1a: Dragonite\n|-sidestart|p1: Leontrophic|move: Tailwind\n|\n|-damage|p1a: Dragonite|60\/100 brn|[from] brn\n|upkeep\n|turn|3\n|inactive|mythical weavile has 30 seconds left.\n|inactive|mythical weavile has 20 seconds left.\n|\n|t:|1683233485\n|move|p2a: Garchomp|Protect|p2a: Garchomp\n|-singleturn|p2a: Garchomp|Protect\n|move|p1a: Dragonite|Extreme Speed|p2a: Garchomp\n|-activate|p2a: Garchomp|move: Protect\n|move|p2b: Talonflame|Brave Bird|p1b: Chi-Yu\n|-damage|p1b: Chi-Yu|0 fnt\n|faint|p1b: Chi-Yu\n|-damage|p2b: Talonflame|48\/100|[from] Recoil\n|\n|-damage|p1a: Dragonite|54\/100 brn|[from] brn\n|upkeep\n|\n|t:|1683233506\n|switch|p1b: Sandy Shocks|Sandy Shocks, L50|100\/100\n|-enditem|p1b: Sandy Shocks|Booster Energy\n|-activate|p1b: Sandy Shocks|ability: Protosynthesis|[fromitem]\n|-start|p1b: Sandy Shocks|protosynthesisspe\n|turn|4\n|\n|t:|1683233521\n|move|p1a: Dragonite|Extreme Speed|p2a: Garchomp\n|-damage|p2a: Garchomp|0 fnt\n|-damage|p1a: Dragonite|42\/100 brn|[from] ability: Rough Skin|[of] p2a: Garchomp\n|faint|p2a: Garchomp\n|move|p1b: Sandy Shocks|Gravity|p1b: Sandy Shocks\n|-fieldstart|move: Gravity\n|move|p2b: Talonflame|Taunt|p1b: Sandy Shocks\n|-start|p1b: Sandy Shocks|move: Taunt\n|\n|-damage|p1a: Dragonite|37\/100 brn|[from] brn\n|upkeep\n|\n|t:|1683233530\n|switch|p2a: Dondozo|Dondozo, L50, F|100\/100\n|turn|5\n|inactive|mythical weavile has 30 seconds left.\n|\n|t:|1683233561\n|switch|p2b: Tatsugiri|Tatsugiri, L50, F|100\/100\n|-activate|p2b: Tatsugiri|ability: Commander|[of] p2a: Dondozo\n|-boost|p2a: Dondozo|atk|2\n|-boost|p2a: Dondozo|spa|2\n|-boost|p2a: Dondozo|spe|2\n|-boost|p2a: Dondozo|def|2\n|-boost|p2a: Dondozo|spd|2\n|-terastallize|p2a: Dondozo|Grass\n|move|p1a: Dragonite|Extreme Speed|p2b: Tatsugiri|[miss]\n|-miss|p1a: Dragonite|p2b: Tatsugiri\n|move|p1b: Sandy Shocks|Thunder|p2a: Dondozo\n|-resisted|p2a: Dondozo\n|-damage|p2a: Dondozo|91\/100\n|-status|p2a: Dondozo|par\n|move|p2a: Dondozo|Earthquake|p1b: Sandy Shocks|[spread] p1a,p1b\n|-miss|p2a: Dondozo|p2b: Tatsugiri\n|-supereffective|p1b: Sandy Shocks\n|-damage|p1a: Dragonite|0 fnt\n|-damage|p1b: Sandy Shocks|17\/100\n|faint|p1a: Dragonite\n|\n|-heal|p2a: Dondozo|97\/100 par|[from] item: Leftovers\n|-sideend|p2: mythical weavile|move: Tailwind\n|-sideend|p1: Leontrophic|move: Tailwind\n|upkeep\n|\n|t:|1683233583\n|switch|p1a: Espathra|Espathra, L50, F|100\/100\n|turn|6\n|\n|t:|1683233593\n|move|p1a: Espathra|Protect|p1a: Espathra\n|-singleturn|p1a: Espathra|Protect\n|move|p1b: Sandy Shocks|Thunder|p2a: Dondozo\n|-resisted|p2a: Dondozo\n|-damage|p2a: Dondozo|87\/100 par\n|move|p2a: Dondozo|Earthquake|p1b: Sandy Shocks|[spread] p1b\n|-miss|p2a: Dondozo|p2b: Tatsugiri\n|-activate|p1a: Espathra|move: Protect\n|-supereffective|p1b: Sandy Shocks\n|-damage|p1b: Sandy Shocks|0 fnt\n|faint|p1b: Sandy Shocks\n|-end|p1b: Sandy Shocks|Protosynthesis|[silent]\n|\n|-heal|p2a: Dondozo|93\/100 par|[from] item: Leftovers\n|-ability|p1a: Espathra|Speed Boost|boost\n|-boost|p1a: Espathra|spe|1\n|upkeep\n|turn|7\n|\n|t:|1683233613\n|move|p1a: Espathra|Lumina Crash|p2a: Dondozo\n|-damage|p2a: Dondozo|80\/100 par\n|-unboost|p2a: Dondozo|spd|2\n|move|p2a: Dondozo|Wave Crash|p1a: Espathra\n|-damage|p1a: Espathra|0 fnt\n|faint|p1a: Espathra\n|-damage|p2a: Dondozo|54\/100 par|[from] Recoil\n|\n|win|mythical weavile\n|raw|Leontrophic's rating: 1337 → 1320<\/strong> (-17 for losing)\n|raw|mythical weavile's rating: 1386 → 1403<\/strong> (+17 for winning)\n|l|\u2606Leontrophic\n","uploadtime":1683233625,"views":42,"p1id":"leontrophic","p2id":"mythicalweavile","formatid":"gen9vgc2023regulationc","rating":1320,"private":0,"password":""}