{"id":"gen9vgc2023regulationc-1850706744","p1":"Pikachudo2","p2":"That_Leek","format":"[Gen 9] VGC 2023 Regulation C","log":"|j|\u2606Pikachudo2\n|j|\u2606That_Leek\n|t:|1682360753\n|gametype|doubles\n|player|p1|Pikachudo2|170|1443\n|player|p2|That_Leek|blue-masters|1373\n|teamsize|p1|6\n|teamsize|p2|6\n|gen|9\n|tier|[Gen 9] VGC 2023 Regulation C\n|rated|\n|rule|Species Clause: Limit one of each Pok\u00e9mon\n|rule|Item Clause: Limit one of each item\n|clearpoke\n|poke|p1|Chi-Yu, L50|\n|poke|p1|Flutter Mane, L50|\n|poke|p1|Glimmora, L50, F|\n|poke|p1|Wo-Chien, L50|\n|poke|p1|Indeedee-F, L50, F|\n|poke|p1|Iron Hands, L50|\n|poke|p2|Gholdengo, L50|\n|poke|p2|Gyarados, L50, M|\n|poke|p2|Tyranitar, L50, F|\n|poke|p2|Maushold-Four, L50|\n|poke|p2|Annihilape, L50, F|\n|poke|p2|Volcarona, L50, F|\n|teampreview|4\nThat_Leek has agreed to open team sheets.\n|\n|t:|1682360798\n|start\n|switch|p1a: Chi-Yu|Chi-Yu, L50|100\/100\n|switch|p1b: Indeedee|Indeedee-F, L50, F|100\/100\n|switch|p2a: Tyranitar|Tyranitar, L50, F|100\/100\n|switch|p2b: Annihilape|Annihilape, L50, F|100\/100\n|-ability|p1a: Chi-Yu|Beads of Ruin\n|-fieldstart|move: Psychic Terrain|[from] ability: Psychic Surge|[of] p1b: Indeedee\n|-enditem|p1b: Indeedee|Psychic Seed\n|-boost|p1b: Indeedee|spd|1|[from] item: Psychic Seed\n|-weather|Sandstorm|[from] ability: Sand Stream|[of] p2a: Tyranitar\n|turn|1\n|inactive|Battle timer is ON: inactive players will automatically lose when time's up. (requested by Pikachudo2)\n|\n|t:|1682360840\n|move|p2b: Annihilape|Protect|p2b: Annihilape\n|-singleturn|p2b: Annihilape|Protect\n|move|p1b: Indeedee|Follow Me|p1b: Indeedee\n|-singleturn|p1b: Indeedee|move: Follow Me\n|move|p1a: Chi-Yu|Will-O-Wisp|p2a: Tyranitar\n|-status|p2a: Tyranitar|brn\n|move|p2a: Tyranitar|Rock Slide|p1a: Chi-Yu|[spread] p1a,p1b\n|-supereffective|p1a: Chi-Yu\n|-damage|p1a: Chi-Yu|47\/100\n|-damage|p1b: Indeedee|78\/100\n|\n|-weather|Sandstorm|[upkeep]\n|-damage|p1a: Chi-Yu|40\/100|[from] Sandstorm\n|-damage|p2b: Annihilape|94\/100|[from] Sandstorm\n|-damage|p1b: Indeedee|72\/100|[from] Sandstorm\n|-heal|p2b: Annihilape|100\/100|[from] item: Leftovers\n|-damage|p2a: Tyranitar|95\/100 brn|[from] brn\n|upkeep\n|turn|2\n|\n|t:|1682360851\n|switch|p1b: Iron Hands|Iron Hands, L50|100\/100\n|-terastallize|p2b: Annihilape|Fire\n|move|p1a: Chi-Yu|Will-O-Wisp|p2b: Annihilape\n|-immune|p2b: Annihilape\n|move|p2b: Annihilape|Bulk Up|p2b: Annihilape\n|-boost|p2b: Annihilape|atk|1\n|-boost|p2b: Annihilape|def|1\n|move|p2a: Tyranitar|Rock Slide|p1a: Chi-Yu|[spread] p1a\n|-miss|p2a: Tyranitar|p1b: Iron Hands\n|-supereffective|p1a: Chi-Yu\n|-crit|p1a: Chi-Yu\n|-damage|p1a: Chi-Yu|0 fnt\n|faint|p1a: Chi-Yu\n|\n|-weather|Sandstorm|[upkeep]\n|-damage|p2b: Annihilape|94\/100|[from] Sandstorm\n|-damage|p1b: Iron Hands|94\/100|[from] Sandstorm\n|-heal|p2b: Annihilape|100\/100|[from] item: Leftovers\n|-damage|p2a: Tyranitar|89\/100 brn|[from] brn\n|upkeep\n|\n|t:|1682360859\n|switch|p1a: Flutter Mane|Flutter Mane, L50|100\/100\n|-enditem|p1a: Flutter Mane|Booster Energy\n|-activate|p1a: Flutter Mane|ability: Protosynthesis|[fromitem]\n|-start|p1a: Flutter Mane|protosynthesisspe\n|turn|3\n|\n|t:|1682360879\n|switch|p2a: Maushold|Maushold-Four, L50|100\/100\n|move|p2b: Annihilape|Protect|p2b: Annihilape\n|-singleturn|p2b: Annihilape|Protect\n|move|p1b: Iron Hands|Fake Out|p2b: Annihilape\n|-activate|p2b: Annihilape|move: Psychic Terrain\n|move|p1a: Flutter Mane|Substitute|p1a: Flutter Mane\n|-start|p1a: Flutter Mane|Substitute\n|-damage|p1a: Flutter Mane|76\/100\n|\n|-weather|Sandstorm|[upkeep]\n|-damage|p1a: Flutter Mane|70\/100|[from] Sandstorm\n|-damage|p2b: Annihilape|94\/100|[from] Sandstorm\n|-damage|p1b: Iron Hands|88\/100|[from] Sandstorm\n|-heal|p2b: Annihilape|100\/100|[from] item: Leftovers\n|upkeep\n|turn|4\n|\n|t:|1682360891\n|move|p1a: Flutter Mane|Dazzling Gleam|p2a: Maushold|[spread] p2a,p2b\n|-resisted|p2b: Annihilape\n|-damage|p2a: Maushold|57\/100\n|-damage|p2b: Annihilape|92\/100\n|move|p2a: Maushold|Beat Up|p1a: Flutter Mane\n|-activate|p1a: Flutter Mane|move: Substitute|[damage]\n|-activate|p1a: Flutter Mane|move: Substitute|[damage]\n|-activate|p1a: Flutter Mane|move: Substitute|[damage]\n|-hitcount|p1a: Flutter Mane|3\n|move|p2b: Annihilape|Rage Fist|p1a: Flutter Mane\n|-supereffective|p1a: Flutter Mane\n|-end|p1a: Flutter Mane|Substitute\n|move|p1b: Iron Hands|Drain Punch|p2a: Maushold\n|-supereffective|p2a: Maushold\n|-damage|p2a: Maushold|0 fnt\n|-heal|p1b: Iron Hands|100\/100|[from] drain|[of] p2a: Maushold\n|faint|p2a: Maushold\n|\n|-weather|Sandstorm|[upkeep]\n|-damage|p1a: Flutter Mane|64\/100|[from] Sandstorm\n|-damage|p2b: Annihilape|86\/100|[from] Sandstorm\n|-damage|p1b: Iron Hands|94\/100|[from] Sandstorm\n|-heal|p2b: Annihilape|92\/100|[from] item: Leftovers\n|upkeep\n|\n|t:|1682360898\n|switch|p2a: Gyarados|Gyarados, L50, M|100\/100\n|-ability|p2a: Gyarados|Intimidate|boost\n|-unboost|p1a: Flutter Mane|atk|1\n|-unboost|p1b: Iron Hands|atk|1\n|turn|5\n|\n|t:|1682360923\n|move|p1a: Flutter Mane|Protect|p1a: Flutter Mane\n|-singleturn|p1a: Flutter Mane|Protect\n|move|p2b: Annihilape|Rage Fist|p1a: Flutter Mane\n|-activate|p1a: Flutter Mane|move: Protect\n|move|p2a: Gyarados|Waterfall|p1a: Flutter Mane\n|-activate|p1a: Flutter Mane|move: Protect\n|move|p1b: Iron Hands|Volt Switch|p2a: Gyarados\n|-supereffective|p2a: Gyarados\n|-damage|p2a: Gyarados|51\/100\n|\n|t:|1682360930\n|-end|p1b: Iron Hands|Quark Drive|[silent]\n|switch|p1b: Indeedee|Indeedee-F, L50, F|72\/100|[from] Volt Switch\n|\n|-weather|none\n|-heal|p2b: Annihilape|99\/100|[from] item: Leftovers\n|-fieldend|move: Psychic Terrain\n|upkeep\n|turn|6\n|\n|t:|1682360942\n|move|p1b: Indeedee|Follow Me|p1b: Indeedee\n|-singleturn|p1b: Indeedee|move: Follow Me\n|move|p1a: Flutter Mane|Dazzling Gleam|p2b: Annihilape|[spread] p2a,p2b\n|-resisted|p2b: Annihilape\n|-damage|p2a: Gyarados|20\/100\n|-damage|p2b: Annihilape|86\/100\n|-enditem|p2a: Gyarados|Sitrus Berry|[eat]\n|-heal|p2a: Gyarados|45\/100|[from] item: Sitrus Berry\n|move|p2b: Annihilape|Drain Punch|p1b: Indeedee\n|-damage|p1b: Indeedee|6\/100\n|-heal|p2b: Annihilape|100\/100|[from] drain|[of] p1b: Indeedee\n|move|p2a: Gyarados|Waterfall|p1b: Indeedee\n|-damage|p1b: Indeedee|0 fnt\n|faint|p1b: Indeedee\n|\n|upkeep\n|\n|t:|1682360948\n|switch|p1b: Iron Hands|Iron Hands, L50|94\/100\n|turn|7\n|inactive|Pikachudo2 has 30 seconds left.\n|inactive|Pikachudo2 has 20 seconds left.\n|\n|t:|1682360988\n|switch|p2a: Tyranitar|Tyranitar, L50, F|89\/100 brn\n|-weather|Sandstorm|[from] ability: Sand Stream|[of] p2a: Tyranitar\n|move|p2b: Annihilape|Protect|p2b: Annihilape\n|-singleturn|p2b: Annihilape|Protect\n|move|p1b: Iron Hands|Fake Out|p2b: Annihilape\n|-activate|p2b: Annihilape|move: Protect\n|move|p1a: Flutter Mane|Substitute|p1a: Flutter Mane\n|-start|p1a: Flutter Mane|Substitute\n|-damage|p1a: Flutter Mane|39\/100\n|\n|-weather|Sandstorm|[upkeep]\n|-damage|p1a: Flutter Mane|33\/100|[from] Sandstorm\n|-damage|p2b: Annihilape|94\/100|[from] Sandstorm\n|-damage|p1b: Iron Hands|88\/100|[from] Sandstorm\n|-heal|p2b: Annihilape|100\/100|[from] item: Leftovers\n|-damage|p2a: Tyranitar|83\/100 brn|[from] brn\n|upkeep\n|turn|8\n|\n|t:|1682361000\n|move|p1a: Flutter Mane|Hex|p2b: Annihilape\n|-damage|p2b: Annihilape|75\/100\n|move|p2b: Annihilape|Rage Fist|p1b: Iron Hands\n|-damage|p1b: Iron Hands|2\/100\n|move|p2a: Tyranitar|Rock Slide|p1b: Iron Hands|[spread] p1a\n|-miss|p2a: Tyranitar|p1b: Iron Hands\n|-end|p1a: Flutter Mane|Substitute\n|move|p1b: Iron Hands|Drain Punch|p2a: Tyranitar\n|-supereffective|p2a: Tyranitar\n|-damage|p2a: Tyranitar|0 fnt\n|-heal|p1b: Iron Hands|37\/100|[from] drain|[of] p2a: Tyranitar\n|faint|p2a: Tyranitar\n|\n|-weather|Sandstorm|[upkeep]\n|-damage|p1a: Flutter Mane|27\/100|[from] Sandstorm\n|-damage|p2b: Annihilape|68\/100|[from] Sandstorm\n|-damage|p1b: Iron Hands|30\/100|[from] Sandstorm\n|-heal|p2b: Annihilape|75\/100|[from] item: Leftovers\n|upkeep\n|\n|t:|1682361006\n|switch|p2a: Gyarados|Gyarados, L50, M|45\/100\n|-ability|p2a: Gyarados|Intimidate|boost\n|-unboost|p1a: Flutter Mane|atk|1\n|-unboost|p1b: Iron Hands|atk|1\n|turn|9\n|\n|t:|1682361023\n|move|p1a: Flutter Mane|Dazzling Gleam|p2b: Annihilape|[spread] p2a,p2b\n|-resisted|p2b: Annihilape\n|-damage|p2a: Gyarados|16\/100\n|-damage|p2b: Annihilape|63\/100\n|move|p2b: Annihilape|Rage Fist|p1a: Flutter Mane\n|-supereffective|p1a: Flutter Mane\n|-damage|p1a: Flutter Mane|0 fnt\n|faint|p1a: Flutter Mane\n|-end|p1a: Flutter Mane|Protosynthesis|[silent]\n|move|p2a: Gyarados|Waterfall|p1b: Iron Hands\n|-damage|p1b: Iron Hands|0 fnt\n|faint|p1b: Iron Hands\n|-end|p1b: Iron Hands|Quark Drive|[silent]\n|\n|win|That_Leek\n|raw|Pikachudo2's rating: 1443 → 1419<\/strong> (-24 for losing)\n|raw|That_Leek's rating: 1373 → 1397<\/strong> (+24 for winning)\n","uploadtime":1682361032,"views":14,"p1id":"pikachudo2","p2id":"thatleek","formatid":"gen9vgc2023regulationc","rating":1397,"private":0,"password":""}