{"id":"gen9vgc2023regulationc-1856992726","p1":"All Puff","p2":"Takidame","format":"[Gen 9] VGC 2023 Regulation C","log":"|j|\u2606All Puff\n|j|\u2606Takidame\n|t:|1683134437\n|gametype|doubles\n|player|p1|All Puff|101|\n|player|p2|Takidame|janine|\n|teamsize|p1|6\n|teamsize|p2|6\n|gen|9\n|tier|[Gen 9] VGC 2023 Regulation C\n|rule|Species Clause: Limit one of each Pok\u00e9mon\n|rule|Item Clause: Limit one of each item\n|clearpoke\n|poke|p1|Flutter Mane, L50|\n|poke|p1|Scream Tail, L50|\n|poke|p1|Gothitelle, L50, F|\n|poke|p1|Arcanine, L50, F|\n|poke|p1|Brute Bonnet, L50|\n|poke|p1|Ting-Lu, L50|\n|poke|p2|Hydreigon, L50, F|\n|poke|p2|Hariyama, L50, F|\n|poke|p2|Maushold-Four, L50|\n|poke|p2|Shroodle, L50, M|\n|poke|p2|Indeedee-F, L50, F|\n|poke|p2|Magnezone, L50|\n|teampreview|4\n|j| ContessaZia\nAll Puff has agreed to open team sheets.\nTakidame has agreed to open team sheets.\n|\n|t:|1683134554\n|start\n|switch|p1a: Flutter Mane|Flutter Mane, L50|100\/100\n|switch|p1b: Gothitelle|Gothitelle, L50, F|100\/100\n|switch|p2a: Shroodle|Shroodle, L50, M|100\/100\n|switch|p2b: Magnezone|Magnezone, L50|100\/100\n|turn|1\n|\n|t:|1683134574\n|-end|p1a: Flutter Mane|Protosynthesis|[silent]\n|switch|p1a: Arcanine|Arcanine, L50, F|100\/100\n|-ability|p1a: Arcanine|Intimidate|boost\n|-unboost|p2a: Shroodle|atk|1\n|-unboost|p2b: Magnezone|atk|1\n|move|p1b: Gothitelle|Fake Out|p2b: Magnezone\n|-resisted|p2b: Magnezone\n|-damage|p2b: Magnezone|98\/100\n|move|p2a: Shroodle|Taunt|p1a: Arcanine\n|-start|p1a: Arcanine|move: Taunt\n|cant|p2b: Magnezone|flinch\n|\n|upkeep\n|turn|2\n|\n|t:|1683134615\n|move|p2a: Shroodle|Parting Shot|p1b: Gothitelle\n|-unboost|p1b: Gothitelle|atk|1\n|-unboost|p1b: Gothitelle|spa|1\n|\n|t:|1683134621\n|switch|p2a: Maushold|Maushold-Four, L50|100\/100|[from] Parting Shot\n|move|p1a: Arcanine|Flare Blitz|p2b: Magnezone\n|-supereffective|p2b: Magnezone\n|-damage|p2b: Magnezone|5\/100\n|-status|p2b: Magnezone|brn\n|-damage|p1a: Arcanine|69\/100|[from] Recoil\n|move|p1b: Gothitelle|Psychic|p2a: Maushold\n|-damage|p2a: Maushold|68\/100\n|move|p2b: Magnezone|Volt Switch|p1a: Arcanine\n|-damage|p1a: Arcanine|2\/100\n|\n|t:|1683134634\n|switch|p2b: Indeedee|Indeedee-F, L50, F|100\/100|[from] Volt Switch\n|-fieldstart|move: Psychic Terrain|[from] ability: Psychic Surge|[of] p2b: Indeedee\n|-enditem|p2b: Indeedee|Psychic Seed\n|-boost|p2b: Indeedee|spd|1|[from] item: Psychic Seed\n|\n|upkeep\n|turn|3\n|\n|t:|1683134653\n|move|p1b: Gothitelle|Protect|p1b: Gothitelle\n|-singleturn|p1b: Gothitelle|Protect\n|move|p2a: Maushold|Population Bomb|p1b: Gothitelle\n|-activate|p1b: Gothitelle|move: Protect\n|move|p1a: Arcanine|Flare Blitz|p2a: Maushold\n|-damage|p2a: Maushold|0 fnt\n|faint|p2a: Maushold\n|-damage|p1a: Arcanine|0 fnt|[from] Recoil\n|faint|p1a: Arcanine\n|move|p2b: Indeedee|Psychic|p1b: Gothitelle\n|-activate|p1b: Gothitelle|move: Protect\n|\n|upkeep\n|\n|t:|1683134674\n|switch|p2a: Shroodle|Shroodle, L50, M|100\/100\n|switch|p1a: Ting-Lu|Ting-Lu, L50|100\/100\n|-ability|p1a: Ting-Lu|Vessel of Ruin\n|turn|4\n|\n|t:|1683134777\n|switch|p1b: Flutter Mane|Flutter Mane, L50|100\/100\n|-terastallize|p2b: Indeedee|Ghost\n|move|p2a: Shroodle|Acid Spray|p1a: Ting-Lu\n|-resisted|p1a: Ting-Lu\n|-damage|p1a: Ting-Lu|99\/100\n|-unboost|p1a: Ting-Lu|spd|2\n|move|p2b: Indeedee|Psychic|p1a: Ting-Lu\n|-immune|p1a: Ting-Lu\n|move|p1a: Ting-Lu|Throat Chop|p2b: Indeedee\n|-supereffective|p2b: Indeedee\n|-damage|p2b: Indeedee|21\/100\n|-start|p2b: Indeedee|Throat Chop|[silent]\n|\n|upkeep\n|turn|5\n|\n|t:|1683134860\n|move|p2a: Shroodle|Taunt|p1b: Flutter Mane\n|-activate|p1b: Flutter Mane|move: Psychic Terrain\n|move|p1b: Flutter Mane|Moonblast|p2a: Shroodle\n|-resisted|p2a: Shroodle\n|-damage|p2a: Shroodle|36\/100\n|move|p2b: Indeedee|Psychic|p1b: Flutter Mane\n|-damage|p1b: Flutter Mane|68\/100\n|move|p1a: Ting-Lu|Throat Chop|p2b: Indeedee\n|-supereffective|p2b: Indeedee\n|-damage|p2b: Indeedee|0 fnt\n|faint|p2b: Indeedee\n|\n|upkeep\n|\n|t:|1683134871\n|switch|p2b: Magnezone|Magnezone, L50|5\/100 brn\n|turn|6\n|\n|t:|1683134897\n|move|p1b: Flutter Mane|Shadow Ball|p2b: Magnezone\n|-damage|p2b: Magnezone|0 fnt\n|faint|p2b: Magnezone\n|move|p2a: Shroodle|Acid Spray|p1b: Flutter Mane\n|-damage|p1b: Flutter Mane|61\/100\n|-unboost|p1b: Flutter Mane|spd|2\n|move|p1a: Ting-Lu|Stomping Tantrum|p2a: Shroodle\n|-supereffective|p2a: Shroodle\n|-damage|p2a: Shroodle|0 fnt\n|faint|p2a: Shroodle\n|\n|win|All Puff\n","uploadtime":1683134964,"views":20,"p1id":"allpuff","p2id":"takidame","formatid":"gen9vgc2023regulationc","rating":0,"private":0,"password":""}