{"id":"gen9vgc2023regulationc-1858283756","p1":"Relivo101","p2":"PigsRuleVGC!!!","format":"[Gen 9] VGC 2023 Regulation C","log":"|j|\u2606Relivo101\n|j|\u2606PigsRuleVGC!!!\n|t:|1683298382\n|gametype|doubles\n|player|p1|Relivo101|2|1268\n|player|p2|PigsRuleVGC!!!|acetrainer|1322\n|teamsize|p1|6\n|teamsize|p2|6\n|gen|9\n|tier|[Gen 9] VGC 2023 Regulation C\n|rated|\n|rule|Species Clause: Limit one of each Pok\u00e9mon\n|rule|Item Clause: Limit one of each item\n|clearpoke\n|poke|p1|Iron Jugulis, L50|\n|poke|p1|Great Tusk, L50|\n|poke|p1|Iron Bundle, L50|\n|poke|p1|Iron Hands, L50|\n|poke|p1|Gholdengo, L50|\n|poke|p1|Gothitelle, L50, M|\n|poke|p2|Palafin, L50, M|\n|poke|p2|Corviknight, L50, M|\n|poke|p2|Chi-Yu, L50|\n|poke|p2|Roaring Moon, L50|\n|poke|p2|Amoonguss, L50, M|\n|poke|p2|Flutter Mane, L50|\n|teampreview|4\n|inactive|Battle timer is ON: inactive players will automatically lose when time's up. (requested by PigsRuleVGC!!!)\n|inactive|PigsRuleVGC!!! has 60 seconds left.\n|\n|t:|1683298414\n|start\n|switch|p1a: Iron Jugulis|Iron Jugulis, L50|100\/100\n|switch|p1b: Gholdengo|Gholdengo, L50|100\/100\n|switch|p2a: Palafin|Palafin, L50, M|100\/100\n|switch|p2b: Corviknight|Corviknight, L50, M|100\/100\n|-enditem|p1a: Iron Jugulis|Booster Energy\n|-activate|p1a: Iron Jugulis|ability: Quark Drive|[fromitem]\n|-start|p1a: Iron Jugulis|quarkdrivespe\n|turn|1\n|inactive|PigsRuleVGC!!! has 30 seconds left.\n|\n|t:|1683298449\n|move|p2a: Palafin|Protect|p2a: Palafin\n|-singleturn|p2a: Palafin|Protect\n|move|p1a: Iron Jugulis|Tailwind|p1a: Iron Jugulis\n|-sidestart|p1: Relivo101|move: Tailwind\n|move|p1b: Gholdengo|Trick|p2b: Corviknight\n|-activate|p1b: Gholdengo|move: Trick|[of] p2b: Corviknight\n|-item|p2b: Corviknight|Choice Specs|[from] move: Trick\n|-item|p1b: Gholdengo|Safety Goggles|[from] move: Trick\n|move|p2b: Corviknight|Tailwind|p2b: Corviknight\n|-sidestart|p2: PigsRuleVGC!!!|move: Tailwind\n|\n|upkeep\n|turn|2\n|inactive|PigsRuleVGC!!! has 30 seconds left.\n|inactive|PigsRuleVGC!!! has 20 seconds left.\n|\n|t:|1683298485\n|detailschange|p2a: Palafin|Palafin-Hero, L50, M\n|switch|p2a: Flutter Mane|Flutter Mane, L50|100\/100\n|switch|p2b: Roaring Moon|Roaring Moon, L50|100\/100\n|-enditem|p2b: Roaring Moon|Booster Energy\n|-activate|p2b: Roaring Moon|ability: Protosynthesis|[fromitem]\n|-start|p2b: Roaring Moon|protosynthesisatk\n|move|p1a: Iron Jugulis|Air Slash|p2a: Flutter Mane\n|-damage|p2a: Flutter Mane|68\/100\n|move|p1b: Gholdengo|Shadow Ball|p2b: Roaring Moon\n|-resisted|p2b: Roaring Moon\n|-damage|p2b: Roaring Moon|81\/100\n|\n|upkeep\n|turn|3\n|inactive|Relivo101 has 30 seconds left.\n|inactive|PigsRuleVGC!!! has 30 seconds left.\n|inactive|Relivo101 has 20 seconds left.\n|inactive|PigsRuleVGC!!! has 20 seconds left.\n|inactive|Relivo101 has 15 seconds left.\n|inactive|Relivo101 has 10 seconds left.\n|inactive|Relivo101 has 5 seconds left.\n|\n|t:|1683298535\n|move|p1a: Iron Jugulis|Snarl|p2b: Roaring Moon|[spread] p2a,p2b\n|-resisted|p2b: Roaring Moon\n|-damage|p2a: Flutter Mane|51\/100\n|-damage|p2b: Roaring Moon|74\/100\n|-unboost|p2a: Flutter Mane|spa|1\n|-unboost|p2b: Roaring Moon|spa|1\n|move|p2b: Roaring Moon|Throat Chop|p1b: Gholdengo\n|-supereffective|p1b: Gholdengo\n|-damage|p1b: Gholdengo|0 fnt\n|faint|p1b: Gholdengo\n|move|p2a: Flutter Mane|Dazzling Gleam|p1a: Iron Jugulis\n|-supereffective|p1a: Iron Jugulis\n|-crit|p1a: Iron Jugulis\n|-damage|p1a: Iron Jugulis|0 fnt\n|faint|p1a: Iron Jugulis\n|-end|p1a: Iron Jugulis|Quark Drive|[silent]\n|\n|upkeep\n|\n|t:|1683298551\n|switch|p1a: Iron Bundle|Iron Bundle, L50|100\/100\n|switch|p1b: Great Tusk|Great Tusk, L50|100\/100\n|turn|4\n|\n|t:|1683298558\n|-end|p2a: Flutter Mane|Protosynthesis|[silent]\n|switch|p2a: Corviknight|Corviknight, L50, M|100\/100\n|-terastallize|p1a: Iron Bundle|Flying\n|move|p2b: Roaring Moon|Protect|p2b: Roaring Moon\n|-singleturn|p2b: Roaring Moon|Protect\n|move|p1a: Iron Bundle|Icy Wind|p2b: Roaring Moon|[spread] p2a\n|-activate|p2b: Roaring Moon|move: Protect\n|-damage|p2a: Corviknight|84\/100\n|-ability|p2a: Corviknight|Mirror Armor\n|-unboost|p1a: Iron Bundle|spe|1\n|move|p1b: Great Tusk|Earthquake|p2b: Roaring Moon|[spread] \n|-activate|p2b: Roaring Moon|move: Protect\n|-immune|p1a: Iron Bundle\n|-immune|p2a: Corviknight\n|\n|-sideend|p1: Relivo101|move: Tailwind\n|-sideend|p2: PigsRuleVGC!!!|move: Tailwind\n|upkeep\n|turn|5\n|inactive|Relivo101 has 30 seconds left.\n|inactive|Relivo101 has 20 seconds left.\n|inactive|Relivo101 has 15 seconds left.\n|inactive|Relivo101 has 10 seconds left.\n|\n|t:|1683298607\n|move|p2b: Roaring Moon|Throat Chop|p1a: Iron Bundle\n|-damage|p1a: Iron Bundle|36\/100\n|-start|p1a: Iron Bundle|Throat Chop|[silent]\n|move|p1b: Great Tusk|Earthquake|p2b: Roaring Moon|[spread] p2b\n|-immune|p1a: Iron Bundle\n|-immune|p2a: Corviknight\n|-damage|p2b: Roaring Moon|14\/100\n|-damage|p1b: Great Tusk|91\/100|[from] item: Life Orb\n|move|p1a: Iron Bundle|Icy Wind|p2a: Corviknight|[spread] p2a,p2b\n|-supereffective|p2b: Roaring Moon\n|-damage|p2a: Corviknight|69\/100\n|-damage|p2b: Roaring Moon|0 fnt\n|-ability|p2a: Corviknight|Mirror Armor\n|-unboost|p1a: Iron Bundle|spe|1\n|faint|p2b: Roaring Moon\n|-end|p2b: Roaring Moon|Protosynthesis|[silent]\n|move|p2a: Corviknight|Tailwind|p2a: Corviknight\n|-sidestart|p2: PigsRuleVGC!!!|move: Tailwind\n|\n|upkeep\n|\n|t:|1683298611\n|switch|p2b: Flutter Mane|Flutter Mane, L50|51\/100\n|turn|6\n|\n|t:|1683298633\n|switch|p2a: Palafin|Palafin-Hero, L50, M|100\/100\n|-activate|p2a: Palafin|ability: Zero to Hero\n|-terastallize|p2b: Flutter Mane|Fairy\n|move|p2b: Flutter Mane|Dazzling Gleam|p1b: Great Tusk|[spread] p1a,p1b\n|-supereffective|p1b: Great Tusk\n|-damage|p1a: Iron Bundle|0 fnt\n|-damage|p1b: Great Tusk|0 fnt\n|faint|p1a: Iron Bundle\n|-end|p1a: Iron Bundle|Quark Drive|[silent]\n|faint|p1b: Great Tusk\n|-end|p1b: Great Tusk|Protosynthesis|[silent]\n|\n|win|PigsRuleVGC!!!\n|raw|Relivo101's rating: 1292 → 1269<\/strong> (-23 for losing)\n|raw|PigsRuleVGC!!!'s rating: 1322 → 1340<\/strong> (+18 for winning)\n|l|\u2606Relivo101\n","uploadtime":1683298669,"views":7,"p1id":"relivo101","p2id":"pigsrulevgc","formatid":"gen9vgc2023regulationc","rating":1269,"private":0,"password":""}