{"id":"gen9vgc2023regulationc-1847967781","p1":"KiryaeTest","p2":"Sophie Lumina","format":"[Gen 9] VGC 2023 Regulation C","log":"|j|\u2606KiryaeTest\n|j|\u2606Sophie Lumina\n|t:|1682016633\n|gametype|doubles\n|player|p1|KiryaeTest|2|1135\n|player|p2|Sophie Lumina|iono|1174\n|teamsize|p1|6\n|teamsize|p2|6\n|gen|9\n|tier|[Gen 9] VGC 2023 Regulation C\n|rated|\n|rule|Species Clause: Limit one of each Pok\u00e9mon\n|rule|Item Clause: Limit one of each item\n|clearpoke\n|poke|p1|Chi-Yu, L50|\n|poke|p1|Iron Bundle, L50|\n|poke|p1|Flutter Mane, L50|\n|poke|p1|Amoonguss, L50, F|\n|poke|p1|Dragonite, L50, F|\n|poke|p1|Gyarados, L50, F|\n|poke|p2|Volcarona, L50, M|\n|poke|p2|Bellibolt, L50, F|\n|poke|p2|Glimmora, L50, M|\n|poke|p2|Orthworm, L50, F|\n|poke|p2|Dragonite, L50, F|\n|poke|p2|Great Tusk, L50|\n|teampreview|4\n|inactive|Battle timer is ON: inactive players will automatically lose when time's up. (requested by KiryaeTest)\n|\n|t:|1682016658\n|start\n|switch|p1a: Chi-Yu|Chi-Yu, L50|100\/100\n|switch|p1b: Iron Bundle|Iron Bundle, L50|100\/100\n|switch|p2a: Volcarona|Volcarona, L50, M|100\/100\n|switch|p2b: Glimmora|Glimmora, L50, M|100\/100\n|-ability|p1a: Chi-Yu|Beads of Ruin\n|-enditem|p1b: Iron Bundle|Booster Energy\n|-activate|p1b: Iron Bundle|ability: Quark Drive|[fromitem]\n|-start|p1b: Iron Bundle|quarkdrivespe\n|turn|1\n|\n|t:|1682016678\n|-terastallize|p1a: Chi-Yu|Grass\n|move|p1b: Iron Bundle|Hydro Pump|p2a: Volcarona\n|-supereffective|p2a: Volcarona\n|-damage|p2a: Volcarona|0 fnt\n|faint|p2a: Volcarona\n|move|p1a: Chi-Yu|Heat Wave|p2b: Glimmora\n|-resisted|p2b: Glimmora\n|-damage|p2b: Glimmora|53\/100\n|move|p2b: Glimmora|Light Screen|p2b: Glimmora\n|-sidestart|p2: Sophie Lumina|move: Light Screen\n|\n|upkeep\n|\n|t:|1682016693\n|switch|p2a: Dragonite|Dragonite, L50, F|100\/100\n|turn|2\n|\n|t:|1682016705\n|-end|p1b: Iron Bundle|Quark Drive|[silent]\n|switch|p1b: Gyarados|Gyarados, L50, F|100\/100\n|-ability|p1b: Gyarados|Intimidate|boost\n|-unboost|p2a: Dragonite|atk|1\n|-unboost|p2b: Glimmora|atk|1\n|move|p1a: Chi-Yu|Dark Pulse|p2b: Glimmora\n|-damage|p2b: Glimmora|0 fnt\n|faint|p2b: Glimmora\n|move|p2a: Dragonite|Ice Spinner|p1a: Chi-Yu\n|-supereffective|p1a: Chi-Yu\n|-damage|p1a: Chi-Yu|32\/100\n|\n|upkeep\n|\n|t:|1682016717\n|switch|p2b: Bellibolt|Bellibolt, L50, F|100\/100\n|turn|3\n|\n|t:|1682016728\n|move|p2b: Bellibolt|Protect|p2b: Bellibolt\n|-singleturn|p2b: Bellibolt|Protect\n|move|p1a: Chi-Yu|Dark Pulse|p2a: Dragonite\n|-damage|p2a: Dragonite|89\/100\n|move|p1b: Gyarados|Iron Head|p2a: Dragonite\n|-damage|p2a: Dragonite|67\/100\n|cant|p2a: Dragonite|flinch\n|\n|upkeep\n|turn|4\n|l|\u2606KiryaeTest\n|inactive|KiryaeTest disconnected and has a minute to reconnect!\n|player|p1|\n|inactive|KiryaeTest has 30 seconds left.\n|j|\u2606KiryaeTest\n|inactive|KiryaeTest reconnected and has 25 seconds left.\n|player|p1|KiryaeTest|2\n|inactive|KiryaeTest has 20 seconds left.\n|\n|t:|1682016764\n|move|p1a: Chi-Yu|Dark Pulse|p2a: Dragonite\n|-damage|p2a: Dragonite|45\/100\n|move|p1b: Gyarados|Iron Head|p2a: Dragonite\n|-damage|p2a: Dragonite|22\/100\n|move|p2a: Dragonite|Ice Spinner|p1a: Chi-Yu\n|-supereffective|p1a: Chi-Yu\n|-damage|p1a: Chi-Yu|0 fnt\n|faint|p1a: Chi-Yu\n|move|p2b: Bellibolt|Parabolic Charge|p1b: Gyarados|[spread] p2a,p1b\n|-supereffective|p1b: Gyarados\n|-damage|p2a: Dragonite|10\/100\n|-damage|p1b: Gyarados|20\/100\n|\n|upkeep\n|inactive|KiryaeTest has 30 seconds left.\n|inactive|KiryaeTest has 20 seconds left.\n|inactive|KiryaeTest has 15 seconds left.\n|inactive|KiryaeTest has 10 seconds left.\n|inactive|KiryaeTest has 5 seconds left.\n|\n|t:|1682016817\n|switch|p1a: Flutter Mane|Flutter Mane, L50|100\/100\n|turn|5\n|\n|t:|1682016833\n|move|p2a: Dragonite|Extreme Speed|p1b: Gyarados\n|-damage|p1b: Gyarados|0 fnt\n|faint|p1b: Gyarados\n|move|p1a: Flutter Mane|Dazzling Gleam|p2a: Dragonite|[spread] p2a,p2b\n|-supereffective|p2a: Dragonite\n|-damage|p2a: Dragonite|0 fnt\n|-damage|p2b: Bellibolt|69\/100\n|-start|p2b: Bellibolt|Charge|Dazzling Gleam|[from] ability: Electromorphosis\n|faint|p2a: Dragonite\n|move|p2b: Bellibolt|Muddy Water|p1a: Flutter Mane\n|-damage|p1a: Flutter Mane|70\/100\n|\n|upkeep\n|\n|t:|1682016852\n|switch|p1b: Iron Bundle|Iron Bundle, L50|100\/100\n|turn|6\n|\n|t:|1682016858\n|move|p1b: Iron Bundle|Freeze-Dry|p2b: Bellibolt\n|-damage|p2b: Bellibolt|45\/100\n|-start|p2b: Bellibolt|Charge|Freeze-Dry|[from] ability: Electromorphosis\n|move|p1a: Flutter Mane|Dazzling Gleam|p2b: Bellibolt\n|-damage|p2b: Bellibolt|4\/100\n|-start|p2b: Bellibolt|Charge|Dazzling Gleam|[from] ability: Electromorphosis\n|move|p2b: Bellibolt|Parabolic Charge|p1a: Flutter Mane|[spread] p1a,p1b\n|-supereffective|p1b: Iron Bundle\n|-damage|p1a: Flutter Mane|18\/100\n|-heal|p2b: Bellibolt|22\/100|[from] drain|[of] p1a: Flutter Mane\n|-damage|p1b: Iron Bundle|0 fnt\n|-heal|p2b: Bellibolt|53\/100|[from] drain|[of] p1b: Iron Bundle\n|faint|p1b: Iron Bundle\n|-end|p1b: Iron Bundle|Quark Drive|[silent]\n|-end|p2b: Bellibolt|Charge|[silent]\n|\n|upkeep\n|turn|7\n|l|\u2606KiryaeTest\n|inactive|KiryaeTest disconnected and has a minute to reconnect!\n|player|p1|\n|inactive|KiryaeTest has 30 seconds left.\n|c|\u2606Sophie Lumina|shoutouts to light screen\n|inactive|KiryaeTest has 20 seconds left.\n|inactive|KiryaeTest has 15 seconds left.\n|inactive|KiryaeTest has 10 seconds left.\n|inactive|KiryaeTest has 5 seconds left.\n|-message|KiryaeTest lost due to inactivity.\n|\n|win|Sophie Lumina\n|raw|KiryaeTest's rating: 1135 → 1113<\/strong> (-22 for losing)\n|raw|Sophie Lumina's rating: 1174 → 1196<\/strong> (+22 for winning)\n","uploadtime":1682016918,"views":21,"p1id":"kiryaetest","p2id":"sophielumina","formatid":"gen9vgc2023regulationc","rating":1113,"private":0,"password":""}