{"id":"gen9vgc2023regulationc-1853200223","p1":"r3gCt3st","p2":"Lixuesen","format":"[Gen 9] VGC 2023 Regulation C","log":"|j|\u2606r3gCt3st\n|j|\u2606Lixuesen\n|t:|1682647719\n|gametype|doubles\n|player|p1|r3gCt3st|unknown|1171\n|player|p2|Lixuesen|dawn|1236\n|teamsize|p1|6\n|teamsize|p2|6\n|gen|9\n|tier|[Gen 9] VGC 2023 Regulation C\n|rated|\n|rule|Species Clause: Limit one of each Pok\u00e9mon\n|rule|Item Clause: Limit one of each item\n|clearpoke\n|poke|p1|Iron Bundle, L50|\n|poke|p1|Annihilape, L50, F|\n|poke|p1|Amoonguss, L50, F|\n|poke|p1|Ting-Lu, L50|\n|poke|p1|Arcanine, L50, F|\n|poke|p1|Flutter Mane, L50|\n|poke|p2|Ting-Lu, L50|\n|poke|p2|Gyarados, L50, M|\n|poke|p2|Flutter Mane, L50|\n|poke|p2|Baxcalibur, L50, M|\n|poke|p2|Chi-Yu, L50|\n|poke|p2|Amoonguss, L50, M|\n|teampreview|4\n|\n|t:|1682647759\n|start\n|switch|p1a: Iron Bundle|Iron Bundle, L50|100\/100\n|switch|p1b: Annihilape|Annihilape, L50, F|100\/100\n|switch|p2a: Baxcalibur|Baxcalibur, L50, M|100\/100\n|switch|p2b: Flutter Mane|Flutter Mane, L50|100\/100\n|-enditem|p2b: Flutter Mane|Booster Energy\n|-activate|p2b: Flutter Mane|ability: Protosynthesis|[fromitem]\n|-start|p2b: Flutter Mane|protosynthesisspe\n|turn|1\n|\n|t:|1682647788\n|-terastallize|p1b: Annihilape|Fire\n|move|p2a: Baxcalibur|Protect|p2a: Baxcalibur\n|-singleturn|p2a: Baxcalibur|Protect\n|move|p2b: Flutter Mane|Thunderbolt|p1a: Iron Bundle\n|-supereffective|p1a: Iron Bundle\n|-damage|p1a: Iron Bundle|3\/100\n|move|p1a: Iron Bundle|Chilling Water|p2a: Baxcalibur\n|-activate|p2a: Baxcalibur|move: Protect\n|move|p1b: Annihilape|Rage Fist|p2b: Flutter Mane\n|-supereffective|p2b: Flutter Mane\n|-damage|p2b: Flutter Mane|42\/100\n|\n|upkeep\n|turn|2\n|\n|t:|1682647804\n|move|p2b: Flutter Mane|Protect|p2b: Flutter Mane\n|-singleturn|p2b: Flutter Mane|Protect\n|move|p2a: Baxcalibur|Ice Shard|p1a: Iron Bundle\n|-resisted|p1a: Iron Bundle\n|-damage|p1a: Iron Bundle|0 fnt\n|faint|p1a: Iron Bundle\n|-end|p1a: Iron Bundle|Quark Drive|[silent]\n|move|p1b: Annihilape|Rage Fist|p2b: Flutter Mane\n|-activate|p2b: Flutter Mane|move: Protect\n|\n|upkeep\n|\n|t:|1682647808\n|switch|p1a: Arcanine|Arcanine, L50, F|100\/100\n|-ability|p1a: Arcanine|Intimidate|boost\n|-unboost|p2a: Baxcalibur|atk|1\n|-unboost|p2b: Flutter Mane|atk|1\n|turn|3\n|\n|t:|1682647829\n|-terastallize|p2a: Baxcalibur|Water\n|move|p2b: Flutter Mane|Shadow Ball|p1b: Annihilape\n|-damage|p1b: Annihilape|73\/100\n|-unboost|p1b: Annihilape|spd|1\n|move|p1a: Arcanine|Flare Blitz|p2b: Flutter Mane\n|-damage|p2b: Flutter Mane|0 fnt\n|faint|p2b: Flutter Mane\n|-end|p2b: Flutter Mane|Protosynthesis|[silent]\n|-damage|p1a: Arcanine|91\/100|[from] Recoil\n|move|p2a: Baxcalibur|Glaive Rush|p1b: Annihilape\n|-damage|p1b: Annihilape|29\/100\n|-singlemove|p2a: Baxcalibur|Glaive Rush|[silent]\n|move|p1b: Annihilape|Bulk Up|p1b: Annihilape\n|-boost|p1b: Annihilape|atk|1\n|-boost|p1b: Annihilape|def|1\n|\n|-heal|p1b: Annihilape|36\/100|[from] item: Leftovers\n|upkeep\n|\n|t:|1682647851\n|switch|p2b: Gyarados|Gyarados, L50, M|100\/100\n|-ability|p2b: Gyarados|Intimidate|boost\n|-unboost|p1a: Arcanine|atk|1\n|-unboost|p1b: Annihilape|atk|1\n|turn|4\n|\n|t:|1682647878\n|switch|p1a: Ting-Lu|Ting-Lu, L50|100\/100\n|-ability|p1a: Ting-Lu|Vessel of Ruin\n|move|p2b: Gyarados|Helping Hand|p2a: Baxcalibur\n|-singleturn|p2a: Baxcalibur|Helping Hand|[of] p2b: Gyarados\n|move|p1b: Annihilape|Protect|p1b: Annihilape\n|-singleturn|p1b: Annihilape|Protect\n|move|p2a: Baxcalibur|Glaive Rush|p1b: Annihilape\n|-activate|p1b: Annihilape|move: Protect\n|\n|-heal|p1b: Annihilape|42\/100|[from] item: Leftovers\n|upkeep\n|turn|5\n|\n|t:|1682647896\n|switch|p1a: Arcanine|Arcanine, L50, F|91\/100\n|-ability|p1a: Arcanine|Intimidate|boost\n|-unboost|p2a: Baxcalibur|atk|1\n|-unboost|p2b: Gyarados|atk|1\n|move|p2b: Gyarados|Helping Hand|p2a: Baxcalibur\n|-singleturn|p2a: Baxcalibur|Helping Hand|[of] p2b: Gyarados\n|move|p2a: Baxcalibur|Glaive Rush|p1b: Annihilape\n|-damage|p1b: Annihilape|11\/100\n|-singlemove|p2a: Baxcalibur|Glaive Rush|[silent]\n|move|p1b: Annihilape|Rage Fist|p2b: Gyarados\n|-damage|p2b: Gyarados|25\/100\n|-enditem|p2b: Gyarados|Sitrus Berry|[eat]\n|-heal|p2b: Gyarados|50\/100|[from] item: Sitrus Berry\n|\n|-heal|p1b: Annihilape|17\/100|[from] item: Leftovers\n|upkeep\n|turn|6\n|\n|t:|1682647930\n|switch|p2a: Chi-Yu|Chi-Yu, L50|100\/100\n|-ability|p2a: Chi-Yu|Beads of Ruin\n|move|p1a: Arcanine|Will-O-Wisp|p2b: Gyarados\n|-status|p2b: Gyarados|brn\n|move|p1b: Annihilape|Rage Fist|p2a: Chi-Yu\n|-resisted|p2a: Chi-Yu\n|-damage|p2a: Chi-Yu|49\/100\n|move|p2b: Gyarados|Taunt|p1b: Annihilape\n|-start|p1b: Annihilape|move: Taunt\n|\n|-heal|p1b: Annihilape|24\/100|[from] item: Leftovers\n|-damage|p2b: Gyarados|44\/100 brn|[from] brn\n|upkeep\n|turn|7\n|\n|t:|1682647955\n|switch|p1b: Ting-Lu|Ting-Lu, L50|100\/100\n|-ability|p1b: Ting-Lu|Vessel of Ruin\n|switch|p2b: Baxcalibur|Baxcalibur, L50, M, tera:Water|100\/100\n|move|p2a: Chi-Yu|Dark Pulse|p1b: Ting-Lu\n|-resisted|p1b: Ting-Lu\n|-damage|p1b: Ting-Lu|91\/100\n|move|p1a: Arcanine|Flare Blitz|p2a: Chi-Yu\n|-resisted|p2a: Chi-Yu\n|-damage|p2a: Chi-Yu|19\/100\n|-damage|p1a: Arcanine|83\/100|[from] Recoil\n|\n|upkeep\n|turn|8\n|\n|t:|1682647982\n|switch|p2a: Gyarados|Gyarados, L50, M|44\/100 brn\n|-ability|p2a: Gyarados|Intimidate|boost\n|-unboost|p1a: Arcanine|atk|1\n|-unboost|p1b: Ting-Lu|atk|1\n|switch|p1a: Annihilape|Annihilape, L50, F, tera:Fire|24\/100\n|move|p2b: Baxcalibur|Icicle Spear|p1b: Ting-Lu\n|-supereffective|p1b: Ting-Lu\n|-damage|p1b: Ting-Lu|76\/100\n|-supereffective|p1b: Ting-Lu\n|-damage|p1b: Ting-Lu|62\/100\n|-supereffective|p1b: Ting-Lu\n|-damage|p1b: Ting-Lu|46\/100\n|-supereffective|p1b: Ting-Lu\n|-damage|p1b: Ting-Lu|30\/100\n|-supereffective|p1b: Ting-Lu\n|-damage|p1b: Ting-Lu|17\/100\n|-hitcount|p1b: Ting-Lu|5\n|move|p1b: Ting-Lu|Fissure|p2b: Baxcalibur\n|-damage|p2b: Baxcalibur|0 fnt\n|faint|p2b: Baxcalibur\n|-ohko\n|\n|-heal|p1a: Annihilape|30\/100|[from] item: Leftovers\n|-damage|p2a: Gyarados|38\/100 brn|[from] brn\n|upkeep\n|\n|t:|1682648005\n|switch|p2b: Chi-Yu|Chi-Yu, L50|19\/100\n|-ability|p2b: Chi-Yu|Beads of Ruin\n|turn|9\n|\n|t:|1682648021\n|switch|p1b: Arcanine|Arcanine, L50, F|83\/100\n|-ability|p1b: Arcanine|Intimidate|boost\n|-unboost|p2a: Gyarados|atk|1\n|-unboost|p2b: Chi-Yu|atk|1\n|move|p1a: Annihilape|Protect|p1a: Annihilape\n|-singleturn|p1a: Annihilape|Protect\n|move|p2b: Chi-Yu|Dark Pulse|p1b: Arcanine\n|-damage|p1b: Arcanine|22\/100\n|-enditem|p1b: Arcanine|Aguav Berry|[eat]\n|-heal|p1b: Arcanine|55\/100|[from] item: Aguav Berry\n|move|p2a: Gyarados|Waterfall|p1a: Annihilape\n|-activate|p1a: Annihilape|move: Protect\n|\n|-heal|p1a: Annihilape|36\/100|[from] item: Leftovers\n|-damage|p2a: Gyarados|32\/100 brn|[from] brn\n|upkeep\n|turn|10\n|\n|t:|1682648040\n|switch|p1b: Ting-Lu|Ting-Lu, L50|17\/100\n|-ability|p1b: Ting-Lu|Vessel of Ruin\n|move|p2b: Chi-Yu|Dark Pulse|p1a: Annihilape\n|-damage|p1a: Annihilape|6\/100\n|move|p1a: Annihilape|Rage Fist|p2a: Gyarados\n|-damage|p2a: Gyarados|0 fnt\n|faint|p2a: Gyarados\n|\n|-heal|p1a: Annihilape|12\/100|[from] item: Leftovers\n|upkeep\n|turn|11\n|-message|Lixuesen forfeited.\n|\n|win|r3gCt3st\n|raw|r3gCt3st's rating: 1171 → 1201<\/strong> (+30 for winning)\n|raw|Lixuesen's rating: 1236 → 1206<\/strong> (-30 for losing)\n|l|\u2606Lixuesen\n","uploadtime":1682648057,"views":4,"p1id":"r3gct3st","p2id":"lixuesen","formatid":"gen9vgc2023regulationc","rating":1201,"private":0,"password":""}