{"id":"gen9vgc2023regulationc-1862761675","p1":"andur13","p2":"Tornadoforever17","format":"[Gen 9] VGC 2023 Regulation C","log":"|j|\u2606andur13\n|j|\u2606Tornadoforever17\n|t:|1683919243\n|gametype|doubles\n|player|p1|andur13|265|1110\n|player|p2|Tornadoforever17|hilda|1108\n|teamsize|p1|6\n|teamsize|p2|6\n|gen|9\n|tier|[Gen 9] VGC 2023 Regulation C\n|rated|\n|rule|Species Clause: Limit one of each Pok\u00e9mon\n|rule|Item Clause: Limit one of each item\n|clearpoke\n|poke|p1|Krookodile, L50, M|\n|poke|p1|Bellibolt, L50, F|\n|poke|p1|Grimmsnarl, L50, M|\n|poke|p1|Dragapult, L50, F|\n|poke|p1|Chien-Pao, L50|\n|poke|p1|Kilowattrel, L50, F|\n|poke|p2|Ting-Lu, L50|\n|poke|p2|Amoonguss, L50, F|\n|poke|p2|Chi-Yu, L50|\n|poke|p2|Flutter Mane, L50|\n|poke|p2|Garganacl, L50, F|\n|poke|p2|Gyarados, L50, M|\n|teampreview|4\n|\n|t:|1683919286\n|start\n|switch|p1a: Chien-Pao|Chien-Pao, L50|100\/100\n|switch|p1b: Dragapult|Dragapult, L50, F|100\/100\n|switch|p2a: Amoonguss|Amoonguss, L50, F|100\/100\n|switch|p2b: Gyarados|Gyarados, L50, M|100\/100\n|-ability|p1a: Chien-Pao|Sword of Ruin\n|-ability|p2b: Gyarados|Intimidate|boost\n|-unboost|p1a: Chien-Pao|atk|1\n|-fail|p1b: Dragapult|unboost|[from] ability: Clear Body|[of] p1b: Dragapult\n|turn|1\n|\n|t:|1683919323\n|move|p2a: Amoonguss|Protect|p2a: Amoonguss\n|-singleturn|p2a: Amoonguss|Protect\n|move|p1b: Dragapult|U-turn|p2a: Amoonguss\n|-activate|p2a: Amoonguss|move: Protect\n|move|p1a: Chien-Pao|Icicle Crash|p2a: Amoonguss\n|-activate|p2a: Amoonguss|move: Protect\n|move|p2b: Gyarados|Icy Wind|p1a: Chien-Pao|[spread] p1a,p1b\n|-resisted|p1a: Chien-Pao\n|-supereffective|p1b: Dragapult\n|-damage|p1a: Chien-Pao|95\/100\n|-damage|p1b: Dragapult|85\/100\n|-unboost|p1a: Chien-Pao|spe|1\n|\n|upkeep\n|turn|2\n|\n|t:|1683919345\n|switch|p2a: Garganacl|Garganacl, L50, F|100\/100\n|move|p1b: Dragapult|U-turn|p2a: Garganacl\n|-crit|p2a: Garganacl\n|-damage|p2a: Garganacl|60\/100\n|\n|t:|1683919353\n|switch|p1b: Bellibolt|Bellibolt, L50, F|100\/100|[from] U-turn\n|move|p1a: Chien-Pao|Icicle Crash|p2a: Garganacl\n|-damage|p2a: Garganacl|41\/100\n|-enditem|p2a: Garganacl|Sitrus Berry|[eat]\n|-heal|p2a: Garganacl|66\/100|[from] item: Sitrus Berry\n|move|p2b: Gyarados|Whirlpool|p1a: Chien-Pao\n|-crit|p1a: Chien-Pao\n|-damage|p1a: Chien-Pao|73\/100\n|-activate|p1a: Chien-Pao|move: Whirlpool|[of] p2b: Gyarados\n|\n|-damage|p1a: Chien-Pao|61\/100|[from] move: Whirlpool|[partiallytrapped]\n|upkeep\n|turn|3\n|inactive|Battle timer is ON: inactive players will automatically lose when time's up. (requested by Tornadoforever17)\n|inactive|andur13 has 60 seconds left.\n|inactive|andur13 has 30 seconds left.\n|\n|t:|1683919467\n|switch|p2b: Flutter Mane|Flutter Mane, L50|100\/100\n|-enditem|p2b: Flutter Mane|Booster Energy\n|-activate|p2b: Flutter Mane|ability: Protosynthesis|[fromitem]\n|-start|p2b: Flutter Mane|protosynthesisspe\n|move|p1a: Chien-Pao|Sacred Sword|p2a: Garganacl\n|-supereffective|p2a: Garganacl\n|-damage|p2a: Garganacl|35\/100\n|move|p1b: Bellibolt|Parabolic Charge|p2a: Garganacl|[spread] p1a,p2a,p2b\n|-damage|p1a: Chien-Pao|35\/100\n|-damage|p2a: Garganacl|18\/100\n|-damage|p2b: Flutter Mane|82\/100\n|move|p2a: Garganacl|Recover|p2a: Garganacl\n|-heal|p2a: Garganacl|68\/100\n|\n|-end|p1a: Chien-Pao|Whirlpool|[partiallytrapped]|[silent]\n|upkeep\n|turn|4\n|\n|t:|1683919492\n|move|p2b: Flutter Mane|Dazzling Gleam|p1b: Bellibolt|[spread] p1a,p1b\n|-supereffective|p1a: Chien-Pao\n|-crit|p1b: Bellibolt\n|-damage|p1a: Chien-Pao|0 fnt\n|-damage|p1b: Bellibolt|80\/100\n|-start|p1b: Bellibolt|Charge|Dazzling Gleam|[from] ability: Electromorphosis\n|faint|p1a: Chien-Pao\n|move|p1b: Bellibolt|Muddy Water|p2b: Flutter Mane|[spread] p2a,p2b\n|-supereffective|p2a: Garganacl\n|-damage|p2a: Garganacl|37\/100\n|-damage|p2b: Flutter Mane|64\/100\n|move|p2a: Garganacl|Recover|p2a: Garganacl\n|-heal|p2a: Garganacl|87\/100\n|\n|upkeep\n|\n|t:|1683919507\n|switch|p1a: Dragapult|Dragapult, L50, F|85\/100\n|turn|5\n|\n|t:|1683919529\n|-terastallize|p2b: Flutter Mane|Grass\n|-terastallize|p1a: Dragapult|Ghost\n|move|p2b: Flutter Mane|Dazzling Gleam|p1a: Dragapult|[spread] p1a,p1b\n|-crit|p1a: Dragapult\n|-damage|p1a: Dragapult|20\/100\n|-damage|p1b: Bellibolt|66\/100\n|-start|p1b: Bellibolt|Charge|Dazzling Gleam|[from] ability: Electromorphosis\n|move|p1a: Dragapult|Tera Blast|p2b: Flutter Mane\n|-damage|p2b: Flutter Mane|0 fnt\n|faint|p2b: Flutter Mane\n|-end|p2b: Flutter Mane|Protosynthesis|[silent]\n|move|p1b: Bellibolt|Volt Switch|p2a: Garganacl\n|-crit|p2a: Garganacl\n|-damage|p2a: Garganacl|16\/100\n|-end|p1b: Bellibolt|Charge|[silent]\n|\n|t:|1683919544\n|switch|p1b: Kilowattrel|Kilowattrel, L50, F|100\/100|[from] Volt Switch\n|move|p2a: Garganacl|Salt Cure|p1a: Dragapult\n|-damage|p1a: Dragapult|0 fnt\n|faint|p1a: Dragapult\n|\n|upkeep\n|\n|t:|1683919554\n|switch|p1a: Bellibolt|Bellibolt, L50, F|66\/100\n|switch|p2b: Amoonguss|Amoonguss, L50, F|100\/100\n|turn|6\n|\n|t:|1683919566\n|move|p2a: Garganacl|Protect|p2a: Garganacl\n|-singleturn|p2a: Garganacl|Protect\n|move|p1b: Kilowattrel|Tailwind|p1b: Kilowattrel\n|-sidestart|p1: andur13|move: Tailwind\n|move|p1a: Bellibolt|Parabolic Charge|p2a: Garganacl|[spread] p2b\n|-activate|p2a: Garganacl|move: Protect\n|-immune|p1b: Kilowattrel|[from] ability: Volt Absorb\n|-resisted|p2b: Amoonguss\n|-damage|p2b: Amoonguss|94\/100\n|-heal|p1a: Bellibolt|69\/100|[from] drain|[of] p2b: Amoonguss\n|move|p2b: Amoonguss|Spore|p1b: Kilowattrel\n|-status|p1b: Kilowattrel|slp|[from] move: Spore\n|\n|upkeep\n|turn|7\n|inactive|Tornadoforever17 has 30 seconds left.\n|\n|t:|1683919592\n|cant|p1b: Kilowattrel|slp\n|move|p1a: Bellibolt|Muddy Water|p2a: Garganacl|[spread] p2a,p2b\n|-supereffective|p2a: Garganacl\n|-resisted|p2b: Amoonguss\n|-damage|p2a: Garganacl|0 fnt\n|-damage|p2b: Amoonguss|88\/100\n|-unboost|p2b: Amoonguss|accuracy|1\n|faint|p2a: Garganacl\n|move|p2b: Amoonguss|Spore|p1a: Bellibolt\n|-status|p1a: Bellibolt|slp|[from] move: Spore\n|\n|upkeep\n|\n|t:|1683919601\n|switch|p2a: Gyarados|Gyarados, L50, M|100\/100\n|-ability|p2a: Gyarados|Intimidate|boost\n|-unboost|p1a: Bellibolt|atk|1\n|-unboost|p1b: Kilowattrel|atk|1\n|turn|8\n|\n|t:|1683919624\n|cant|p1b: Kilowattrel|slp\n|cant|p1a: Bellibolt|slp\n|move|p2a: Gyarados|Whirlpool|p1b: Kilowattrel\n|-damage|p1b: Kilowattrel|83\/100 slp\n|-activate|p1b: Kilowattrel|move: Whirlpool|[of] p2a: Gyarados\n|move|p2b: Amoonguss|Pollen Puff|p1b: Kilowattrel\n|-resisted|p1b: Kilowattrel\n|-damage|p1b: Kilowattrel|65\/100 slp\n|\n|-damage|p1b: Kilowattrel|53\/100 slp|[from] move: Whirlpool|[partiallytrapped]\n|upkeep\n|turn|9\n|\n|t:|1683919642\n|move|p2b: Amoonguss|Rage Powder|p2b: Amoonguss\n|-singleturn|p2b: Amoonguss|move: Rage Powder\n|cant|p1b: Kilowattrel|slp\n|cant|p1a: Bellibolt|slp\n|move|p2a: Gyarados|Icy Wind|p1a: Bellibolt|[spread] p1a,p1b\n|-supereffective|p1b: Kilowattrel\n|-damage|p1a: Bellibolt|66\/100 slp\n|-damage|p1b: Kilowattrel|28\/100 slp\n|-unboost|p1a: Bellibolt|spe|1\n|-start|p1a: Bellibolt|Charge|Icy Wind|[from] ability: Electromorphosis\n|\n|-damage|p1b: Kilowattrel|16\/100 slp|[from] move: Whirlpool|[partiallytrapped]\n|-sideend|p1: andur13|move: Tailwind\n|upkeep\n|turn|10\n|inactive|andur13 has 30 seconds left.\n|inactive|Tornadoforever17 has 30 seconds left.\n|\n|t:|1683919676\n|-curestatus|p1b: Kilowattrel|slp|[msg]\n|move|p1b: Kilowattrel|Tailwind|p1b: Kilowattrel\n|-sidestart|p1: andur13|move: Tailwind\n|move|p2a: Gyarados|Whirlpool|p1b: Kilowattrel\n|-damage|p1b: Kilowattrel|0 fnt\n|faint|p1b: Kilowattrel\n|cant|p1a: Bellibolt|slp\n|-end|p1a: Bellibolt|Charge|[silent]\n|move|p2b: Amoonguss|Pollen Puff|p1a: Bellibolt\n|-damage|p1a: Bellibolt|58\/100 slp\n|-start|p1a: Bellibolt|Charge|Pollen Puff|[from] ability: Electromorphosis\n|\n|upkeep\n|turn|11\n|\n|t:|1683919700\n|move|p2a: Gyarados|Whirlpool|p1a: Bellibolt\n|-damage|p1a: Bellibolt|54\/100 slp\n|-activate|p1a: Bellibolt|move: Whirlpool|[of] p2a: Gyarados\n|-start|p1a: Bellibolt|Charge|Whirlpool|[from] ability: Electromorphosis\n|-curestatus|p1a: Bellibolt|slp|[msg]\n|move|p1a: Bellibolt|Parabolic Charge|p2a: Gyarados|[spread] p2a,p2b\n|-supereffective|p2a: Gyarados\n|-resisted|p2b: Amoonguss\n|-damage|p2a: Gyarados|12\/100\n|-heal|p1a: Bellibolt|94\/100|[from] drain|[of] p2a: Gyarados\n|-damage|p2b: Amoonguss|74\/100\n|-heal|p1a: Bellibolt|100\/100|[from] drain|[of] p2b: Amoonguss\n|-end|p1a: Bellibolt|Charge|[silent]\n|move|p2b: Amoonguss|Spore|p1a: Bellibolt|[miss]\n|-miss|p2b: Amoonguss|p1a: Bellibolt\n|\n|-damage|p1a: Bellibolt|88\/100|[from] move: Whirlpool|[partiallytrapped]\n|upkeep\n|turn|12\n|inactive|Tornadoforever17 has 30 seconds left.\n|\n|t:|1683919731\n|move|p2a: Gyarados|Whirlpool|p1a: Bellibolt\n|-damage|p1a: Bellibolt|84\/100\n|-start|p1a: Bellibolt|Charge|Whirlpool|[from] ability: Electromorphosis\n|move|p1a: Bellibolt|Parabolic Charge|p2a: Gyarados|[spread] p2a,p2b\n|-supereffective|p2a: Gyarados\n|-resisted|p2b: Amoonguss\n|-damage|p2a: Gyarados|0 fnt\n|-heal|p1a: Bellibolt|90\/100|[from] drain|[of] p2a: Gyarados\n|-damage|p2b: Amoonguss|62\/100\n|-heal|p1a: Bellibolt|96\/100|[from] drain|[of] p2b: Amoonguss\n|faint|p2a: Gyarados\n|-end|p1a: Bellibolt|Charge|[silent]\n|move|p2b: Amoonguss|Spore|p1a: Bellibolt\n|-status|p1a: Bellibolt|slp|[from] move: Spore\n|\n|-end|p1a: Bellibolt|Whirlpool|[partiallytrapped]|[silent]\n|upkeep\n|turn|13\n|\n|t:|1683919748\n|cant|p1a: Bellibolt|slp\n|move|p2b: Amoonguss|Pollen Puff|p1a: Bellibolt|[miss]\n|-miss|p2b: Amoonguss|p1a: Bellibolt\n|\n|-sideend|p1: andur13|move: Tailwind\n|upkeep\n|turn|14\n|\n|t:|1683919756\n|move|p2b: Amoonguss|Pollen Puff|p1a: Bellibolt\n|-damage|p1a: Bellibolt|88\/100 slp\n|-start|p1a: Bellibolt|Charge|Pollen Puff|[from] ability: Electromorphosis\n|-curestatus|p1a: Bellibolt|slp|[msg]\n|move|p1a: Bellibolt|Muddy Water|p2b: Amoonguss\n|-resisted|p2b: Amoonguss\n|-damage|p2b: Amoonguss|53\/100\n|-unboost|p2b: Amoonguss|accuracy|1\n|\n|upkeep\n|turn|15\n|\n|t:|1683919778\n|move|p2b: Amoonguss|Spore|p1a: Bellibolt|[miss]\n|-miss|p2b: Amoonguss|p1a: Bellibolt\n|move|p1a: Bellibolt|Muddy Water|p2b: Amoonguss\n|-resisted|p2b: Amoonguss\n|-damage|p2b: Amoonguss|45\/100\n|\n|upkeep\n|turn|16\n|\n|t:|1683919785\n|move|p2b: Amoonguss|Spore|p1a: Bellibolt\n|-status|p1a: Bellibolt|slp|[from] move: Spore\n|cant|p1a: Bellibolt|slp\n|-end|p1a: Bellibolt|Charge|[silent]\n|\n|upkeep\n|turn|17\n|\n|t:|1683919791\n|move|p2b: Amoonguss|Pollen Puff|p1a: Bellibolt|[miss]\n|-miss|p2b: Amoonguss|p1a: Bellibolt\n|cant|p1a: Bellibolt|slp\n|\n|upkeep\n|turn|18\n|\n|t:|1683919798\n|move|p2b: Amoonguss|Pollen Puff|p1a: Bellibolt|[miss]\n|-miss|p2b: Amoonguss|p1a: Bellibolt\n|cant|p1a: Bellibolt|slp\n|\n|upkeep\n|turn|19\n|\n|t:|1683919806\n|move|p2b: Amoonguss|Pollen Puff|p1a: Bellibolt\n|-damage|p1a: Bellibolt|80\/100 slp\n|-start|p1a: Bellibolt|Charge|Pollen Puff|[from] ability: Electromorphosis\n|-curestatus|p1a: Bellibolt|slp|[msg]\n|move|p1a: Bellibolt|Parabolic Charge|p2b: Amoonguss\n|-resisted|p2b: Amoonguss\n|-damage|p2b: Amoonguss|29\/100\n|-heal|p1a: Bellibolt|88\/100|[from] drain|[of] p2b: Amoonguss\n|-end|p1a: Bellibolt|Charge|[silent]\n|\n|upkeep\n|turn|20\n|\n|t:|1683919824\n|move|p2b: Amoonguss|Spore|p1a: Bellibolt|[miss]\n|-miss|p2b: Amoonguss|p1a: Bellibolt\n|move|p1a: Bellibolt|Parabolic Charge|p2b: Amoonguss\n|-resisted|p2b: Amoonguss\n|-damage|p2b: Amoonguss|20\/100\n|-heal|p1a: Bellibolt|93\/100|[from] drain|[of] p2b: Amoonguss\n|\n|upkeep\n|turn|21\n|\n|t:|1683919832\n|move|p2b: Amoonguss|Pollen Puff|p1a: Bellibolt|[miss]\n|-miss|p2b: Amoonguss|p1a: Bellibolt\n|move|p1a: Bellibolt|Parabolic Charge|p2b: Amoonguss\n|-resisted|p2b: Amoonguss\n|-damage|p2b: Amoonguss|11\/100\n|-heal|p1a: Bellibolt|98\/100|[from] drain|[of] p2b: Amoonguss\n|\n|upkeep\n|turn|22\n|\n|t:|1683919845\n|move|p2b: Amoonguss|Spore|p1a: Bellibolt\n|-status|p1a: Bellibolt|slp|[from] move: Spore\n|cant|p1a: Bellibolt|slp\n|\n|upkeep\n|turn|23\n|\n|t:|1683919851\n|move|p2b: Amoonguss|Pollen Puff|p1a: Bellibolt\n|-damage|p1a: Bellibolt|89\/100 slp\n|-start|p1a: Bellibolt|Charge|Pollen Puff|[from] ability: Electromorphosis\n|cant|p1a: Bellibolt|slp\n|-end|p1a: Bellibolt|Charge|[silent]\n|\n|upkeep\n|turn|24\n|\n|t:|1683919860\n|move|p2b: Amoonguss|Pollen Puff|p1a: Bellibolt|[miss]\n|-miss|p2b: Amoonguss|p1a: Bellibolt\n|-curestatus|p1a: Bellibolt|slp|[msg]\n|move|p1a: Bellibolt|Parabolic Charge|p2b: Amoonguss\n|-resisted|p2b: Amoonguss\n|-damage|p2b: Amoonguss|1\/100\n|-heal|p1a: Bellibolt|94\/100|[from] drain|[of] p2b: Amoonguss\n|\n|upkeep\n|turn|25\n|\n|t:|1683919873\n|move|p2b: Amoonguss|Pollen Puff|p1a: Bellibolt\n|-damage|p1a: Bellibolt|86\/100\n|-start|p1a: Bellibolt|Charge|Pollen Puff|[from] ability: Electromorphosis\n|move|p1a: Bellibolt|Parabolic Charge|p2b: Amoonguss\n|-resisted|p2b: Amoonguss\n|-damage|p2b: Amoonguss|0 fnt\n|-heal|p1a: Bellibolt|86\/100|[from] drain|[of] p2b: Amoonguss\n|faint|p2b: Amoonguss\n|-end|p1a: Bellibolt|Charge|[silent]\n|\n|win|andur13\n|raw|andur13's rating: 1110 → 1135<\/strong> (+25 for winning)\n|raw|Tornadoforever17's rating: 1108 → 1083<\/strong> (-25 for losing)\n|c|\u2606Tornadoforever17|gg\n|c|\u2606andur13|Gg\n","uploadtime":1683919886,"views":16,"p1id":"andur13","p2id":"tornadoforever17","formatid":"gen9vgc2023regulationc","rating":1083,"private":0,"password":""}