{"id":"gen9vgc2023regulationc-1851691682","p1":"Zjpili","p2":"marioman6444","format":"[Gen 9] VGC 2023 Regulation C","log":"|j|\u2606Zjpili\n|j|\u2606marioman6444\n|t:|1682470524\n|gametype|doubles\n|player|p1|Zjpili|camper|1240\n|player|p2|marioman6444|hoopster|1199\n|teamsize|p1|6\n|teamsize|p2|6\n|gen|9\n|tier|[Gen 9] VGC 2023 Regulation C\n|rated|\n|rule|Species Clause: Limit one of each Pok\u00e9mon\n|rule|Item Clause: Limit one of each item\n|clearpoke\n|poke|p1|Scizor, L50, F|\n|poke|p1|Flutter Mane, L50|\n|poke|p1|Rotom-Wash, L50|\n|poke|p1|Great Tusk, L50|\n|poke|p1|Arcanine, L50, M|\n|poke|p1|Chien-Pao, L50|\n|poke|p2|Tsareena, L50, F|\n|poke|p2|Gyarados, L50, M|\n|poke|p2|Sableye, L50, M|\n|poke|p2|Gholdengo, L50|\n|poke|p2|Roaring Moon, L50|\n|poke|p2|Ting-Lu, L50|\n|teampreview|4\n|inactive|Battle timer is ON: inactive players will automatically lose when time's up. (requested by marioman6444)\n|inactive|Zjpili has 60 seconds left.\n|inactive|marioman6444 has 60 seconds left.\n|inactive|marioman6444 has 30 seconds left.\n|\n|t:|1682470591\n|start\n|switch|p1a: Scizor|Scizor, L50, F|100\/100\n|switch|p1b: Chien-Pao|Chien-Pao, L50|100\/100\n|switch|p2a: GyaraDON'T|Gyarados, L50, M, shiny|100\/100\n|switch|p2b: G\u25cbBLIN M\u25cbDE|Sableye, L50, M, shiny|100\/100\n|-ability|p1b: Chien-Pao|Sword of Ruin\n|-ability|p2a: GyaraDON'T|Intimidate|boost\n|-unboost|p1a: Scizor|atk|1\n|-unboost|p1b: Chien-Pao|atk|1\n|turn|1\n|inactive|Zjpili has 30 seconds left.\n|\n|t:|1682470622\n|move|p2b: G\u25cbBLIN M\u25cbDE|Will-O-Wisp|p1a: Scizor\n|-status|p1a: Scizor|brn\n|move|p1b: Chien-Pao|Ice Spinner|p2a: GyaraDON'T\n|-damage|p2a: GyaraDON'T|66\/100\n|move|p2a: GyaraDON'T|Thunder Wave|p1b: Chien-Pao\n|-status|p1b: Chien-Pao|par\n|move|p1a: Scizor|U-turn|p2a: GyaraDON'T\n|-resisted|p2a: GyaraDON'T\n|-damage|p2a: GyaraDON'T|57\/100\n|\n|t:|1682470646\n|switch|p1a: Great Tusk|Great Tusk, L50|100\/100|[from] U-turn\n|\n|upkeep\n|turn|2\n|inactive|Zjpili has 30 seconds left.\n|\n|t:|1682470676\n|move|p2b: G\u25cbBLIN M\u25cbDE|Will-O-Wisp|p1a: Great Tusk\n|-status|p1a: Great Tusk|brn\n|move|p1a: Great Tusk|Rock Slide|p2a: GyaraDON'T|[spread] p2a,p2b\n|-supereffective|p2a: GyaraDON'T\n|-damage|p2a: GyaraDON'T|29\/100\n|-damage|p2b: G\u25cbBLIN M\u25cbDE|85\/100\n|-enditem|p2a: GyaraDON'T|Sitrus Berry|[eat]\n|-heal|p2a: GyaraDON'T|53\/100|[from] item: Sitrus Berry\n|cant|p2a: GyaraDON'T|flinch\n|move|p1b: Chien-Pao|Ice Spinner|p2a: GyaraDON'T\n|-damage|p2a: GyaraDON'T|12\/100\n|\n|-damage|p1a: Great Tusk|95\/100 brn|[from] brn\n|upkeep\n|turn|3\n|inactive|Zjpili has 30 seconds left.\n|inactive|marioman6444 has 30 seconds left.\n|\n|t:|1682470709\n|move|p1a: Great Tusk|Rock Slide|p2b: G\u25cbBLIN M\u25cbDE|[spread] p2a,p2b\n|-supereffective|p2a: GyaraDON'T\n|-damage|p2a: GyaraDON'T|0 fnt\n|-damage|p2b: G\u25cbBLIN M\u25cbDE|70\/100\n|faint|p2a: GyaraDON'T\n|move|p1b: Chien-Pao|Ice Spinner|p2b: G\u25cbBLIN M\u25cbDE\n|-damage|p2b: G\u25cbBLIN M\u25cbDE|25\/100\n|move|p2b: G\u25cbBLIN M\u25cbDE|Foul Play|p1b: Chien-Pao\n|-resisted|p1b: Chien-Pao\n|-damage|p1b: Chien-Pao|77\/100 par\n|\n|-damage|p1a: Great Tusk|89\/100 brn|[from] brn\n|upkeep\n|\n|t:|1682470722\n|switch|p2a: G Holden GO|Gholdengo, L50|100\/100\n|turn|4\n|inactive|Zjpili has 30 seconds left.\n|inactive|marioman6444 has 30 seconds left.\n|\n|t:|1682470757\n|-end|p1a: Great Tusk|Protosynthesis|[silent]\n|switch|p1a: Scizor|Scizor, L50, F|100\/100 brn\n|-terastallize|p2a: G Holden GO|Water\n|cant|p1b: Chien-Pao|par\n|move|p2b: G\u25cbBLIN M\u25cbDE|Light Screen|p2b: G\u25cbBLIN M\u25cbDE\n|-sidestart|p2: marioman6444|move: Light Screen\n|move|p2a: G Holden GO|Nasty Plot|p2a: G Holden GO\n|-boost|p2a: G Holden GO|spa|2\n|\n|-damage|p1a: Scizor|95\/100 brn|[from] brn\n|upkeep\n|turn|5\n|inactive|Zjpili has 30 seconds left.\n|inactive|marioman6444 has 30 seconds left.\n|l|\u2606marioman6444\n|inactive|marioman6444 disconnected and has a minute to reconnect!\n|player|p2|\n|inactive|Zjpili has 20 seconds left.\n|inactive|Zjpili has 15 seconds left.\n|\n|t:|1682470800\n|switch|p1b: Great Tusk|Great Tusk, L50|89\/100 brn\n|switch|p2b: YOU'RE QUEEN|Tsareena, L50, F, shiny|100\/100\n|move|p2a: G Holden GO|Shadow Ball|p1a: Scizor\n|-damage|p1a: Scizor|0 fnt\n|faint|p1a: Scizor\n|-damage|p2a: G Holden GO|91\/100|[from] item: Life Orb\n|\n|-damage|p1b: Great Tusk|83\/100 brn|[from] brn\n|upkeep\n|j|\u2606marioman6444\n|inactive|marioman6444 reconnected.\n|player|p2|marioman6444|hoopster\n|\n|t:|1682470817\n|switch|p1a: Chien-Pao|Chien-Pao, L50|77\/100 par\n|-ability|p1a: Chien-Pao|Sword of Ruin\n|turn|6\n|inactive|Zjpili has 30 seconds left.\n|inactive|marioman6444 has 30 seconds left.\n|inactive|Zjpili has 20 seconds left.\n|\n|t:|1682470852\n|-terastallize|p1b: Great Tusk|Steel\n|move|p2a: G Holden GO|Protect|p2a: G Holden GO\n|-singleturn|p2a: G Holden GO|Protect\n|move|p1b: Great Tusk|Close Combat|p2a: G Holden GO\n|-activate|p2a: G Holden GO|move: Protect\n|cant|p1a: Chien-Pao|par\n|move|p2b: YOU'RE QUEEN|Power Whip|p1b: Great Tusk\n|-resisted|p1b: Great Tusk\n|-crit|p1b: Great Tusk\n|-damage|p1b: Great Tusk|33\/100 brn\n|\n|-damage|p1b: Great Tusk|27\/100 brn|[from] brn\n|upkeep\n|turn|7\n|inactive|Zjpili has 30 seconds left.\n|inactive|marioman6444 has 30 seconds left.\n|\n|t:|1682470885\n|move|p1b: Great Tusk|Close Combat|p2a: G Holden GO\n|-damage|p2a: G Holden GO|41\/100\n|-unboost|p1b: Great Tusk|def|1\n|-unboost|p1b: Great Tusk|spd|1\n|move|p2a: G Holden GO|Make It Rain|p1a: Chien-Pao|[spread] p1a,p1b\n|-supereffective|p1a: Chien-Pao\n|-resisted|p1b: Great Tusk\n|-damage|p1a: Chien-Pao|0 fnt\n|-damage|p1b: Great Tusk|0 fnt\n|-unboost|p2a: G Holden GO|spa|1\n|faint|p1a: Chien-Pao\n|faint|p1b: Great Tusk\n|-end|p1b: Great Tusk|Protosynthesis|[silent]\n|-damage|p2a: G Holden GO|31\/100|[from] item: Life Orb\n|move|p2b: YOU'RE QUEEN|High Jump Kick|p1: Chien-Pao|[notarget]\n|-fail|p2b: YOU'RE QUEEN\n|\n|upkeep\n|-message|Zjpili forfeited.\n|\n|win|marioman6444\n|raw|Zjpili's rating: 1240 → 1212<\/strong> (-28 for losing)\n|raw|marioman6444's rating: 1199 → 1227<\/strong> (+28 for winning)\n|l|\u2606Zjpili\n","uploadtime":1682470910,"views":12,"p1id":"zjpili","p2id":"marioman6444","formatid":"gen9vgc2023regulationc","rating":1212,"private":0,"password":""}