{"id":"gen9vgc2023regulationc-1854793316","p1":"We_Love_The_Gong","p2":"Gab98","format":"[Gen 9] VGC 2023 Regulation C","log":"|j|\u2606We_Love_The_Gong\n|j|\u2606Gab98\n|t:|1682866716\n|gametype|doubles\n|player|p1|We_Love_The_Gong|fantina|1443\n|player|p2|Gab98|lucas|1458\n|teamsize|p1|6\n|teamsize|p2|6\n|gen|9\n|tier|[Gen 9] VGC 2023 Regulation C\n|rated|\n|rule|Species Clause: Limit one of each Pok\u00e9mon\n|rule|Item Clause: Limit one of each item\n|clearpoke\n|poke|p1|Gholdengo, L50|\n|poke|p1|Ting-Lu, L50|\n|poke|p1|Gyarados, L50, F|\n|poke|p1|Flutter Mane, L50|\n|poke|p1|Amoonguss, L50, M|\n|poke|p1|Baxcalibur, L50, M|\n|poke|p2|Great Tusk, L50|\n|poke|p2|Chien-Pao, L50|\n|poke|p2|Ceruledge, L50, M|\n|poke|p2|Dragonite, L50, F|\n|poke|p2|Flutter Mane, L50|\n|poke|p2|Gyarados, L50, M|\n|teampreview|4\nWe_Love_The_Gong has agreed to open team sheets.\n|\n|t:|1682866784\n|start\n|switch|p1a: Flutter Mane|Flutter Mane, L50|100\/100\n|switch|p1b: Amoonguss|Amoonguss, L50, M|100\/100\n|switch|p2a: Flutter Mane|Flutter Mane, L50|100\/100\n|switch|p2b: Dragonite|Dragonite, L50, F|100\/100\n|turn|1\n|\n|t:|1682866823\n|-terastallize|p2b: Dragonite|Normal\n|move|p1b: Amoonguss|Protect|p1b: Amoonguss\n|-singleturn|p1b: Amoonguss|Protect\n|move|p2b: Dragonite|Extreme Speed|p1b: Amoonguss\n|-activate|p1b: Amoonguss|move: Protect\n|move|p2a: Flutter Mane|Shadow Ball|p1b: Amoonguss\n|-activate|p1b: Amoonguss|move: Protect\n|move|p1a: Flutter Mane|Dazzling Gleam|p2a: Flutter Mane|[spread] p2a,p2b\n|-damage|p2a: Flutter Mane|63\/100\n|-damage|p2b: Dragonite|76\/100\n|\n|upkeep\n|turn|2\n|\n|t:|1682866869\n|-end|p1a: Flutter Mane|Protosynthesis|[silent]\n|switch|p1a: Gyarados|Gyarados, L50, F|100\/100\n|-ability|p1a: Gyarados|Intimidate|boost\n|-unboost|p2a: Flutter Mane|atk|1\n|-unboost|p2b: Dragonite|atk|1\n|switch|p1b: Ting-Lu|Ting-Lu, L50|100\/100\n|-ability|p1b: Ting-Lu|Vessel of Ruin\n|move|p2b: Dragonite|Extreme Speed|p1b: Ting-Lu\n|-damage|p1b: Ting-Lu|72\/100\n|move|p2a: Flutter Mane|Shadow Ball|p1b: Ting-Lu\n|-resisted|p1b: Ting-Lu\n|-damage|p1b: Ting-Lu|62\/100\n|\n|upkeep\n|turn|3\n|inactive|Battle timer is ON: inactive players will automatically lose when time's up. (requested by Gab98)\n|inactive|We_Love_The_Gong has 60 seconds left.\n|\n|t:|1682866903\n|-end|p2a: Flutter Mane|Protosynthesis|[silent]\n|switch|p2a: Gyarados|Gyarados, L50, M, shiny|100\/100\n|-ability|p2a: Gyarados|Intimidate|boost\n|-unboost|p1a: Gyarados|atk|1\n|-unboost|p1b: Ting-Lu|atk|1\n|switch|p2b: Great Tusk|Great Tusk, L50|100\/100\n|switch|p1b: Amoonguss|Amoonguss, L50, M|100\/100\n|move|p1a: Gyarados|Thunder Wave|p2b: Great Tusk\n|-immune|p2b: Great Tusk\n|\n|upkeep\n|turn|4\n|\n|t:|1682866916\n|move|p1b: Amoonguss|Protect|p1b: Amoonguss\n|-singleturn|p1b: Amoonguss|Protect\n|move|p2b: Great Tusk|Rock Slide|p1a: Gyarados|[spread] \n|-activate|p1b: Amoonguss|move: Protect\n|-miss|p2b: Great Tusk|p1a: Gyarados\n|move|p2a: Gyarados|Taunt|p1b: Amoonguss\n|-activate|p1b: Amoonguss|move: Protect\n|move|p1a: Gyarados|Waterfall|p2b: Great Tusk\n|-supereffective|p2b: Great Tusk\n|-damage|p2b: Great Tusk|68\/100\n|\n|upkeep\n|turn|5\n|\n|t:|1682866933\n|switch|p1a: Ting-Lu|Ting-Lu, L50|62\/100\n|-ability|p1a: Ting-Lu|Vessel of Ruin\n|move|p2b: Great Tusk|Rock Slide|p1b: Amoonguss|[spread] p1a,p1b\n|-resisted|p1a: Ting-Lu\n|-damage|p1a: Ting-Lu|55\/100\n|-damage|p1b: Amoonguss|84\/100\n|move|p2a: Gyarados|Thunder Wave|p1a: Ting-Lu\n|-immune|p1a: Ting-Lu\n|move|p1b: Amoonguss|Pollen Puff|p1a: Ting-Lu\n|-heal|p1a: Ting-Lu|100\/100\n|\n|upkeep\n|turn|6\n|\n|t:|1682866954\n|-end|p2b: Great Tusk|Protosynthesis|[silent]\n|switch|p2b: Flutter Mane|Flutter Mane, L50|63\/100\n|switch|p1b: Gyarados|Gyarados, L50, F|100\/100\n|-ability|p1b: Gyarados|Intimidate|boost\n|-unboost|p2a: Gyarados|atk|1\n|-unboost|p2b: Flutter Mane|atk|1\n|move|p2a: Gyarados|Taunt|p1b: Gyarados\n|-start|p1b: Gyarados|move: Taunt\n|move|p1a: Ting-Lu|Ruination|p2a: Gyarados\n|-damage|p2a: Gyarados|51\/100\n|\n|upkeep\n|turn|7\n|\n|t:|1682866972\n|move|p2b: Flutter Mane|Thunderbolt|p1b: Gyarados\n|-supereffective|p1b: Gyarados\n|-damage|p1b: Gyarados|0 fnt\n|faint|p1b: Gyarados\n|move|p2a: Gyarados|Thunder Wave|p1a: Ting-Lu\n|-immune|p1a: Ting-Lu\n|move|p1a: Ting-Lu|Heavy Slam|p2b: Flutter Mane\n|-supereffective|p2b: Flutter Mane\n|-damage|p2b: Flutter Mane|0 fnt\n|faint|p2b: Flutter Mane\n|-end|p2b: Flutter Mane|Protosynthesis|[silent]\n|\n|upkeep\n|\n|t:|1682866991\n|switch|p2b: Great Tusk|Great Tusk, L50|68\/100\n|switch|p1b: Flutter Mane|Flutter Mane, L50|100\/100\n|turn|8\n|\n|t:|1682867007\n|-end|p1b: Flutter Mane|Protosynthesis|[silent]\n|switch|p1b: Amoonguss|Amoonguss, L50, M|100\/100\n|move|p2a: Gyarados|Protect|p2a: Gyarados\n|-singleturn|p2a: Gyarados|Protect\n|move|p2b: Great Tusk|Earthquake|p1a: Ting-Lu|[spread] p1a,p1b\n|-activate|p2a: Gyarados|move: Protect\n|-damage|p1a: Ting-Lu|72\/100\n|-damage|p1b: Amoonguss|65\/100\n|move|p1a: Ting-Lu|Rock Slide|p2a: Gyarados|[spread] p2b\n|-activate|p2a: Gyarados|move: Protect\n|-resisted|p2b: Great Tusk\n|-crit|p2b: Great Tusk\n|-damage|p2b: Great Tusk|63\/100\n|\n|upkeep\n|turn|9\n|inactive|We_Love_The_Gong has 30 seconds left.\n|\n|t:|1682867034\n|move|p1b: Amoonguss|Protect|p1b: Amoonguss\n|-singleturn|p1b: Amoonguss|Protect\n|move|p2b: Great Tusk|Earthquake|p1b: Amoonguss|[spread] p1a\n|-activate|p1b: Amoonguss|move: Protect\n|-immune|p2a: Gyarados\n|-damage|p1a: Ting-Lu|47\/100\n|move|p2a: Gyarados|Taunt|p1b: Amoonguss\n|-activate|p1b: Amoonguss|move: Protect\n|move|p1a: Ting-Lu|Rock Slide|p2b: Great Tusk|[spread] p2a,p2b\n|-supereffective|p2a: Gyarados\n|-resisted|p2b: Great Tusk\n|-damage|p2a: Gyarados|17\/100\n|-damage|p2b: Great Tusk|60\/100\n|-enditem|p2a: Gyarados|Iapapa Berry|[eat]\n|-heal|p2a: Gyarados|50\/100|[from] item: Iapapa Berry\n|\n|upkeep\n|turn|10\n|\n|t:|1682867056\n|switch|p1a: Flutter Mane|Flutter Mane, L50|100\/100\n|move|p2b: Great Tusk|Earthquake|p1b: Amoonguss|[spread] p1a,p1b\n|-immune|p2a: Gyarados\n|-damage|p1a: Flutter Mane|28\/100\n|-damage|p1b: Amoonguss|29\/100\n|move|p2a: Gyarados|Taunt|p1b: Amoonguss\n|-start|p1b: Amoonguss|move: Taunt\n|move|p1b: Amoonguss|Pollen Puff|p1a: Flutter Mane\n|-heal|p1a: Flutter Mane|78\/100\n|\n|upkeep\n|turn|11\n|\n|t:|1682867074\n|-terastallize|p1a: Flutter Mane|Fairy\n|move|p2a: Gyarados|Protect|p2a: Gyarados\n|-singleturn|p2a: Gyarados|Protect\n|move|p2b: Great Tusk|Earthquake|p1b: Amoonguss|[spread] p1a,p1b\n|-activate|p2a: Gyarados|move: Protect\n|-damage|p1a: Flutter Mane|10\/100\n|-damage|p1b: Amoonguss|0 fnt\n|faint|p1b: Amoonguss\n|move|p1a: Flutter Mane|Dazzling Gleam|p2a: Gyarados|[spread] p2b\n|-activate|p2a: Gyarados|move: Protect\n|-supereffective|p2b: Great Tusk\n|-damage|p2b: Great Tusk|0 fnt\n|faint|p2b: Great Tusk\n|-end|p2b: Great Tusk|Protosynthesis|[silent]\n|\n|upkeep\n|\n|t:|1682867083\n|switch|p2b: Dragonite|Dragonite, L50, F, tera:Normal|76\/100\n|switch|p1b: Ting-Lu|Ting-Lu, L50|47\/100\n|-ability|p1b: Ting-Lu|Vessel of Ruin\n|turn|12\n|\n|t:|1682867089\n|move|p2b: Dragonite|Extreme Speed|p1a: Flutter Mane\n|-damage|p1a: Flutter Mane|0 fnt\n|faint|p1a: Flutter Mane\n|-end|p1a: Flutter Mane|Protosynthesis|[silent]\n|move|p2a: Gyarados|Waterfall|p1b: Ting-Lu\n|-supereffective|p1b: Ting-Lu\n|-damage|p1b: Ting-Lu|21\/100\n|move|p1b: Ting-Lu|Rock Slide|p2b: Dragonite|[spread] p2a,p2b\n|-supereffective|p2a: Gyarados\n|-crit|p2a: Gyarados\n|-damage|p2a: Gyarados|6\/100\n|-damage|p2b: Dragonite|59\/100\n|\n|upkeep\n|turn|13\n|-message|We_Love_The_Gong forfeited.\n|\n|win|Gab98\n|raw|We_Love_The_Gong's rating: 1443 → 1424<\/strong> (-19 for losing)\n|raw|Gab98's rating: 1458 → 1477<\/strong> (+19 for winning)\n","uploadtime":1682867099,"views":13,"p1id":"welovethegong","p2id":"gab98","formatid":"gen9vgc2023regulationc","rating":1424,"private":0,"password":""}