{"id":"gen9vgc2023regulationc-1851331390","p1":"WillieDangerously","p2":"higgydude","format":"[Gen 9] VGC 2023 Regulation C","log":"|j|\u2606WillieDangerously\n|j|\u2606higgydude\n|t:|1682436454\n|gametype|doubles\n|player|p1|WillieDangerously|psychic-gen4|1106\n|player|p2|higgydude|265|1060\n|teamsize|p1|6\n|teamsize|p2|6\n|gen|9\n|tier|[Gen 9] VGC 2023 Regulation C\n|rated|\n|rule|Species Clause: Limit one of each Pok\u00e9mon\n|rule|Item Clause: Limit one of each item\n|clearpoke\n|poke|p1|Espathra, L50, F|\n|poke|p1|Iron Bundle, L50|\n|poke|p1|Iron Valiant, L50|\n|poke|p1|Salamence, L50, F|\n|poke|p1|Scizor, L50, F|\n|poke|p1|Sandy Shocks, L50|\n|poke|p2|Tyranitar, L50, F|\n|poke|p2|Spiritomb, L50, M|\n|poke|p2|Iron Hands, L50|\n|poke|p2|Amoonguss, L50, F|\n|poke|p2|Flutter Mane, L50|\n|poke|p2|Sylveon, L50, M|\n|teampreview|4\n|inactive|Battle timer is ON: inactive players will automatically lose when time's up. (requested by higgydude)\n|inactive|WillieDangerously has 60 seconds left.\n|\n|t:|1682436509\n|start\n|switch|p1a: Espathra|Espathra, L50, F|100\/100\n|switch|p1b: Sandy Shocks|Sandy Shocks, L50|100\/100\n|switch|p2a: Tyranitar|Tyranitar, L50, F|100\/100\n|switch|p2b: Spiritomb|Spiritomb, L50, M|100\/100\n|-weather|Sandstorm|[from] ability: Sand Stream|[of] p2a: Tyranitar\n|-enditem|p1b: Sandy Shocks|Booster Energy\n|-activate|p1b: Sandy Shocks|ability: Protosynthesis|[fromitem]\n|-start|p1b: Sandy Shocks|protosynthesisspe\n|turn|1\n|inactive|higgydude has 30 seconds left.\n|\n|t:|1682436539\n|-terastallize|p1a: Espathra|Dark\n|move|p1b: Sandy Shocks|Gravity|p1b: Sandy Shocks\n|-fieldstart|move: Gravity\n|move|p1a: Espathra|Hypnosis|p2b: Spiritomb\n|-status|p2b: Spiritomb|slp|[from] move: Hypnosis\n|move|p2a: Tyranitar|Crunch|p1a: Espathra\n|-resisted|p1a: Espathra\n|-damage|p1a: Espathra|68\/100\n|cant|p2b: Spiritomb|slp\n|\n|-weather|Sandstorm|[upkeep]\n|-damage|p1a: Espathra|62\/100|[from] Sandstorm\n|-damage|p2b: Spiritomb|95\/100 slp|[from] Sandstorm\n|-ability|p1a: Espathra|Speed Boost|boost\n|-boost|p1a: Espathra|spe|1\n|upkeep\n|turn|2\n|\n|t:|1682436559\n|move|p2a: Tyranitar|Protect|p2a: Tyranitar\n|-singleturn|p2a: Tyranitar|Protect\n|move|p1a: Espathra|Hypnosis|p2a: Tyranitar\n|-activate|p2a: Tyranitar|move: Protect\n|move|p1b: Sandy Shocks|Thunder|p2b: Spiritomb\n|-damage|p2b: Spiritomb|52\/100 slp\n|-curestatus|p2b: Spiritomb|slp|[msg]\n|move|p2b: Spiritomb|Trick Room|p2b: Spiritomb\n|-fieldstart|move: Trick Room|[of] p2b: Spiritomb\n|\n|-weather|Sandstorm|[upkeep]\n|-damage|p2b: Spiritomb|46\/100|[from] Sandstorm\n|-damage|p1a: Espathra|56\/100|[from] Sandstorm\n|-ability|p1a: Espathra|Speed Boost|boost\n|-boost|p1a: Espathra|spe|1\n|upkeep\n|turn|3\n|inactive|WillieDangerously has 30 seconds left.\n|\n|t:|1682436585\n|-terastallize|p2a: Tyranitar|Grass\n|move|p1a: Espathra|Protect|p1a: Espathra\n|-singleturn|p1a: Espathra|Protect\n|move|p2b: Spiritomb|Ally Switch|p2b: Spiritomb\n|swap|p2b: Spiritomb|0|[from] move: Ally Switch\n|move|p2b: Tyranitar|Tera Blast|p1b: Sandy Shocks\n|-supereffective|p1b: Sandy Shocks\n|-damage|p1b: Sandy Shocks|2\/100\n|move|p1b: Sandy Shocks|Earth Power|p2a: Spiritomb\n|-damage|p2a: Spiritomb|15\/100\n|\n|-weather|Sandstorm|[upkeep]\n|-damage|p2a: Spiritomb|9\/100|[from] Sandstorm\n|-damage|p2b: Tyranitar|95\/100|[from] Sandstorm\n|-damage|p1a: Espathra|50\/100|[from] Sandstorm\n|-ability|p1a: Espathra|Speed Boost|boost\n|-boost|p1a: Espathra|spe|1\n|upkeep\n|turn|4\n|inactive|WillieDangerously has 30 seconds left.\n|\n|t:|1682436610\n|switch|p2a: Sylveon|Sylveon, L50, M, shiny|100\/100\n|switch|p1a: Scizor|Scizor, L50, F|100\/100\n|move|p1b: Sandy Shocks|Protect|p1b: Sandy Shocks\n|-singleturn|p1b: Sandy Shocks|Protect\n|move|p2b: Tyranitar|Rock Slide|p1a: Scizor|[spread] p1a\n|-activate|p1b: Sandy Shocks|move: Protect\n|-damage|p1a: Scizor|66\/100\n|\n|-weather|Sandstorm|[upkeep]\n|-damage|p2a: Sylveon|95\/100|[from] Sandstorm\n|-damage|p2b: Tyranitar|89\/100|[from] Sandstorm\n|upkeep\n|turn|5\n|inactive|WillieDangerously has 30 seconds left.\n|inactive|higgydude has 30 seconds left.\n|\n|t:|1682436642\n|switch|p2a: Amoonguss|Amoonguss, L50, F|100\/100\n|-end|p1b: Sandy Shocks|Protosynthesis|[silent]\n|switch|p1b: Espathra|Espathra, L50, F, tera:Dark|50\/100\n|move|p2b: Tyranitar|Rock Slide|p1b: Espathra|[spread] p1a,p1b\n|-damage|p1a: Scizor|28\/100\n|-damage|p1b: Espathra|5\/100\n|cant|p1a: Scizor|flinch\n|\n|-weather|none\n|-fieldend|move: Gravity\n|upkeep\n|turn|6\n|inactive|higgydude has 30 seconds left.\n|\n|t:|1682436667\n|move|p2a: Amoonguss|Spore|p1a: Scizor\n|-activate|p1a: Scizor|item: Safety Goggles|Spore\n|move|p2b: Tyranitar|Crunch|p1b: Espathra\n|-resisted|p1b: Espathra\n|-damage|p1b: Espathra|0 fnt\n|faint|p1b: Espathra\n|move|p1a: Scizor|Pounce|p2b: Tyranitar\n|-supereffective|p2b: Tyranitar\n|-damage|p2b: Tyranitar|10\/100\n|-unboost|p2b: Tyranitar|spe|1\n|-enditem|p2b: Tyranitar|Weakness Policy\n|-boost|p2b: Tyranitar|atk|2|[from] item: Weakness Policy\n|-boost|p2b: Tyranitar|spa|2|[from] item: Weakness Policy\n|\n|-fieldend|move: Trick Room\n|upkeep\n|\n|t:|1682436685\n|switch|p1b: Sandy Shocks|Sandy Shocks, L50|2\/100\n|turn|7\n|\n|t:|1682436695\n|move|p1a: Scizor|Feint|p2b: Tyranitar\n|-damage|p2b: Tyranitar|0 fnt\n|faint|p2b: Tyranitar\n|move|p2a: Amoonguss|Rage Powder|p2a: Amoonguss\n|-singleturn|p2a: Amoonguss|move: Rage Powder\n|move|p1b: Sandy Shocks|Gravity|p1b: Sandy Shocks\n|-fieldstart|move: Gravity\n|\n|upkeep\n|\n|t:|1682436709\n|switch|p2b: Spiritomb|Spiritomb, L50, M|9\/100\n|turn|8\n|inactive|WillieDangerously has 30 seconds left.\n|\n|t:|1682436737\n|-end|p1b: Sandy Shocks|Protosynthesis|[silent]\n|switch|p1b: Iron Valiant|Iron Valiant, L50|100\/100\n|move|p2b: Spiritomb|Ally Switch|p2b: Spiritomb\n|swap|p2b: Spiritomb|0|[from] move: Ally Switch\n|move|p1a: Scizor|Swords Dance|p1a: Scizor\n|-boost|p1a: Scizor|atk|2\n|move|p2b: Amoonguss|Pollen Puff|p1b: Iron Valiant\n|-resisted|p1b: Iron Valiant\n|-damage|p1b: Iron Valiant|92\/100\n|\n|upkeep\n|turn|9\n|inactive|WillieDangerously has 30 seconds left.\n|inactive|higgydude has 30 seconds left.\n|\n|t:|1682436765\n|move|p1b: Iron Valiant|Hypnosis|p2b: Amoonguss\n|-status|p2b: Amoonguss|slp|[from] move: Hypnosis\n|move|p1a: Scizor|Swords Dance|p1a: Scizor\n|-boost|p1a: Scizor|atk|2\n|move|p2a: Spiritomb|Will-O-Wisp|p1a: Scizor\n|-status|p1a: Scizor|brn\n|cant|p2b: Amoonguss|slp\n|\n|-damage|p1a: Scizor|22\/100 brn|[from] brn\n|upkeep\n|turn|10\n|inactive|WillieDangerously has 30 seconds left.\n|\n|t:|1682436797\n|move|p2a: Spiritomb|Ally Switch|p2a: Spiritomb\n|swap|p2a: Spiritomb|1|[from] move: Ally Switch\n|move|p1b: Iron Valiant|Moonblast|p2a: Amoonguss\n|-resisted|p2a: Amoonguss\n|-damage|p2a: Amoonguss|86\/100 slp\n|-unboost|p2a: Amoonguss|spa|1\n|move|p1a: Scizor|Pounce|p2b: Spiritomb\n|-damage|p2b: Spiritomb|0 fnt\n|faint|p2b: Spiritomb\n|cant|p2a: Amoonguss|slp\n|\n|-damage|p1a: Scizor|16\/100 brn|[from] brn\n|upkeep\n|\n|t:|1682436806\n|switch|p2b: Sylveon|Sylveon, L50, M, shiny|95\/100\n|turn|11\n|\n|t:|1682436815\n|move|p1a: Scizor|Feint|p2b: Sylveon\n|-damage|p2b: Sylveon|62\/100\n|cant|p2a: Amoonguss|slp\n|move|p1b: Iron Valiant|Hypnosis|p2b: Sylveon\n|-status|p2b: Sylveon|slp|[from] move: Hypnosis\n|cant|p2b: Sylveon|slp\n|\n|-damage|p1a: Scizor|10\/100 brn|[from] brn\n|-fieldend|move: Gravity\n|upkeep\n|turn|12\n|\n|t:|1682436830\n|-end|p1b: Iron Valiant|Quark Drive|[silent]\n|switch|p1b: Sandy Shocks|Sandy Shocks, L50|2\/100\n|-curestatus|p2a: Amoonguss|slp|[msg]\n|move|p2a: Amoonguss|Rage Powder|p2a: Amoonguss\n|-singleturn|p2a: Amoonguss|move: Rage Powder\n|move|p1a: Scizor|Bullet Punch|p2b: Sylveon\n|-supereffective|p2b: Sylveon\n|-damage|p2b: Sylveon|0 fnt\n|faint|p2b: Sylveon\n|\n|-damage|p1a: Scizor|4\/100 brn|[from] brn\n|upkeep\n|turn|13\n|inactive|higgydude has 30 seconds left.\n|-message|higgydude forfeited.\n|\n|win|WillieDangerously\n|raw|WillieDangerously's rating: 1106 → 1128<\/strong> (+22 for winning)\n|raw|higgydude's rating: 1060 → 1044<\/strong> (-16 for losing)\n|l|\u2606higgydude\n","uploadtime":1682436861,"views":11,"p1id":"williedangerously","p2id":"higgydude","formatid":"gen9vgc2023regulationc","rating":1044,"private":0,"password":""}