{"id":"gen9vgc2023regulationc-1858660021","p1":"Snowstorm brute","p2":"TheEeveeAnimations","format":"[Gen 9] VGC 2023 Regulation C","log":"|j|\u2606Snowstorm brute\n|j|\u2606TheEeveeAnimations\n|t:|1683338728\n|gametype|doubles\n|player|p1|Snowstorm brute|169|\n|player|p2|TheEeveeAnimations|dahlia|\n|teamsize|p1|6\n|teamsize|p2|6\n|gen|9\n|tier|[Gen 9] VGC 2023 Regulation C\n|rated|Tournament battle\n|rule|Species Clause: Limit one of each Pok\u00e9mon\n|rule|Item Clause: Limit one of each item\n|clearpoke\n|poke|p1|Ting-Lu, L50|\n|poke|p1|Roaring Moon, L50|\n|poke|p1|Klefki, L50, M|\n|poke|p1|Skeledirge, L50, M|\n|poke|p1|Iron Bundle, L50|\n|poke|p1|Slaking, L50, M|\n|poke|p2|Dragonite, L50, F|\n|poke|p2|Kingambit, L50, M|\n|poke|p2|Iron Bundle, L50|\n|poke|p2|Glimmora, L50, F|\n|poke|p2|Orthworm, L50, M|\n|poke|p2|Ting-Lu, L50|\n|teampreview|4\n|raw| Open Team Sheet for Snowstorm brute<\/summary>Ting-Lu @ Leftovers Ability: Vessel of Ruin Level: 50 Tera Type: Water - Body Press - Throat Chop - Whirlwind - Protect Roaring Moon @ Booster Energy Ability: Protosynthesis Level: 50 Tera Type: Flying - Substitute - Acrobatics - Jaw Lock - Protect Klefki @ Light Clay Ability: Prankster Level: 50 Tera Type: Water - Reflect - Light Screen - Thunder Wave - Dazzling Gleam Skeledirge @ Sitrus Berry Ability: Unaware Level: 50 Tera Type: Fairy - Will-O-Wisp - Torch Song - Shadow Ball - Slack Off Iron Bundle @ Safety Goggles Ability: Quark Drive Level: 50 Tera Type: Poison - Hydro Pump - Freeze-Dry - Flip Turn - Protect Slaking @ Clear Amulet Ability: Truant Level: 50 Tera Type: Fire - Encore - Substitute - Giga Impact - Shadow Claw <\/details><\/div> Open Team Sheet for TheEeveeAnimations<\/summary>Dragonite @ Choice Band Ability: Multiscale Level: 50 Tera Type: Flying - Extreme Speed - Tera Blast - Earthquake - Rock Slide Kingambit @ Assault Vest Ability: Defiant Level: 50 Tera Type: Flying - Sucker Punch - Iron Head - Assurance - Low Kick Iron Bundle @ Booster Energy Ability: Quark Drive Level: 50 Tera Type: Steel - Protect - Icy Wind - Freeze-Dry - Hydro Pump Glimmora @ Choice Specs Ability: Toxic Debris Level: 50 Tera Type: Grass - Sludge Wave - Energy Ball - Earth Power - Power Gem Orthworm @ Sitrus Berry Ability: Earth Eater Level: 50 Tera Type: Ghost - Shed Tail - Helping Hand - Protect - Heavy Slam Ting-Lu @ Leftovers Ability: Vessel of Ruin Level: 50 Tera Type: Steel - Earthquake - Heavy Slam - Protect - Ruination <\/details><\/div>\n|j|%Bright Size\n|c|\u2606Snowstorm brute|for slaking\n|l|%Bright Size\n|c|\u2606TheEeveeAnimations|neat\n|c|\u2606Snowstorm brute|glhf\n|c|\u2606TheEeveeAnimations|i do not have a slaking matchup\n|\n|t:|1683338817\n|start\n|switch|p1a: Klefki|Klefki, L50, M|100\/100\n|switch|p1b: Iron Bundle|Iron Bundle, L50|100\/100\n|switch|p2a: Glimmora|Glimmora, L50, F|100\/100\n|switch|p2b: Orthworm|Orthworm, L50, M|100\/100\n|turn|1\n|\n|t:|1683338827\n|move|p1b: Iron Bundle|Protect|p1b: Iron Bundle\n|-singleturn|p1b: Iron Bundle|Protect\n|move|p1a: Klefki|Light Screen|p1a: Klefki\n|-sidestart|p1: Snowstorm brute|move: Light Screen\n|move|p2a: Glimmora|Power Gem|p1b: Iron Bundle\n|-activate|p1b: Iron Bundle|move: Protect\n|move|p2b: Orthworm|Shed Tail|p2b: Orthworm\n|-start|p2b: Orthworm|Substitute|[from] move: Shed Tail\n|-damage|p2b: Orthworm|50\/100\n|-enditem|p2b: Orthworm|Sitrus Berry|[eat]\n|-heal|p2b: Orthworm|75\/100|[from] item: Sitrus Berry\n|\n|t:|1683338838\n|switch|p2b: Dragonite|Dragonite, L50, F|100\/100|[from] Shed Tail\n|\n|upkeep\n|turn|2\n|\n|t:|1683338849\n|switch|p2a: Orthworm|Orthworm, L50, M|75\/100\n|move|p1a: Klefki|Thunder Wave|p2a: Orthworm\n|-status|p2a: Orthworm|par\n|move|p1b: Iron Bundle|Hydro Pump|p2a: Orthworm\n|-damage|p2a: Orthworm|21\/100 par\n|move|p2b: Dragonite|Earthquake|p1b: Iron Bundle|[spread] p1a,p1b\n|-heal|p2a: Orthworm|46\/100 par|[from] ability: Earth Eater|[of] p2b: Dragonite\n|-supereffective|p1a: Klefki\n|-damage|p1a: Klefki|15\/100\n|-damage|p1b: Iron Bundle|57\/100\n|\n|upkeep\n|turn|3\n|\n|t:|1683338864\n|move|p2a: Orthworm|Helping Hand|p2b: Dragonite\n|-singleturn|p2b: Dragonite|Helping Hand|[of] p2a: Orthworm\n|move|p1b: Iron Bundle|Protect|p1b: Iron Bundle\n|-singleturn|p1b: Iron Bundle|Protect\n|move|p1a: Klefki|Reflect|p1a: Klefki\n|-sidestart|p1: Snowstorm brute|Reflect\n|move|p2b: Dragonite|Earthquake|p1a: Klefki|[spread] p1a\n|-activate|p1b: Iron Bundle|move: Protect\n|-heal|p2a: Orthworm|70\/100 par|[from] ability: Earth Eater|[of] p2b: Dragonite\n|-supereffective|p1a: Klefki\n|-damage|p1a: Klefki|0 fnt\n|faint|p1a: Klefki\n|\n|upkeep\n|\n|t:|1683338869\n|switch|p1a: Skeledirge|Skeledirge, L50, M|100\/100\n|turn|4\n|\n|t:|1683338891\n|-end|p1b: Iron Bundle|Quark Drive|[silent]\n|switch|p1b: Ting-Lu|Ting-Lu, L50|100\/100\n|-ability|p1b: Ting-Lu|Vessel of Ruin\n|-terastallize|p1a: Skeledirge|Fairy\n|move|p2b: Dragonite|Earthquake|p1a: Skeledirge|[spread] p1a,p1b\n|-heal|p2a: Orthworm|95\/100 par|[from] ability: Earth Eater|[of] p2b: Dragonite\n|-damage|p1a: Skeledirge|77\/100\n|-damage|p1b: Ting-Lu|89\/100\n|move|p1a: Skeledirge|Torch Song|p2a: Orthworm\n|-supereffective|p2a: Orthworm\n|-damage|p2a: Orthworm|46\/100 par\n|-boost|p1a: Skeledirge|spa|1\n|move|p2a: Orthworm|Heavy Slam|p1a: Skeledirge\n|-supereffective|p1a: Skeledirge\n|-damage|p1a: Skeledirge|62\/100\n|\n|-heal|p1b: Ting-Lu|95\/100|[from] item: Leftovers\n|upkeep\n|turn|5\n|j| SlowHomie\n|\n|t:|1683338913\n|move|p2a: Orthworm|Helping Hand|p2b: Dragonite\n|-singleturn|p2b: Dragonite|Helping Hand|[of] p2a: Orthworm\n|move|p2b: Dragonite|Earthquake|p1b: Ting-Lu|[spread] p1a,p1b\n|-heal|p2a: Orthworm|70\/100 par|[from] ability: Earth Eater|[of] p2b: Dragonite\n|-damage|p1a: Skeledirge|28\/100\n|-damage|p1b: Ting-Lu|75\/100\n|-enditem|p1a: Skeledirge|Sitrus Berry|[eat]\n|-heal|p1a: Skeledirge|52\/100|[from] item: Sitrus Berry\n|move|p1a: Skeledirge|Slack Off|p1a: Skeledirge\n|-heal|p1a: Skeledirge|100\/100\n|move|p1b: Ting-Lu|Body Press|p2a: Orthworm\n|-supereffective|p2a: Orthworm\n|-damage|p2a: Orthworm|29\/100 par\n|\n|-heal|p1b: Ting-Lu|81\/100|[from] item: Leftovers\n|upkeep\n|turn|6\n|\n|t:|1683338942\n|move|p2a: Orthworm|Helping Hand|p2b: Dragonite\n|-singleturn|p2b: Dragonite|Helping Hand|[of] p2a: Orthworm\n|move|p2b: Dragonite|Earthquake|p1b: Ting-Lu|[spread] p1a,p1b\n|-heal|p2a: Orthworm|54\/100 par|[from] ability: Earth Eater|[of] p2b: Dragonite\n|-damage|p1a: Skeledirge|66\/100\n|-damage|p1b: Ting-Lu|62\/100\n|move|p1a: Skeledirge|Shadow Ball|p2b: Dragonite\n|-activate|p2b: Dragonite|move: Substitute|[damage]\n|move|p1b: Ting-Lu|Throat Chop|p2b: Dragonite\n|-end|p2b: Dragonite|Substitute\n|\n|-heal|p1b: Ting-Lu|68\/100|[from] item: Leftovers\n|upkeep\n|turn|7\n|\n|t:|1683338964\n|switch|p2b: Glimmora|Glimmora, L50, F|100\/100\n|cant|p2a: Orthworm|par\n|move|p1a: Skeledirge|Will-O-Wisp|p2b: Glimmora\n|-status|p2b: Glimmora|brn\n|move|p1b: Ting-Lu|Body Press|p2a: Orthworm\n|-supereffective|p2a: Orthworm\n|-damage|p2a: Orthworm|12\/100 par\n|\n|-heal|p1b: Ting-Lu|74\/100|[from] item: Leftovers\n|-damage|p2b: Glimmora|95\/100 brn|[from] brn\n|upkeep\n|turn|8\n|\n|t:|1683338976\n|move|p2a: Orthworm|Helping Hand|p2b: Glimmora\n|-singleturn|p2b: Glimmora|Helping Hand|[of] p2a: Orthworm\n|move|p2b: Glimmora|Sludge Wave|p1b: Ting-Lu|[spread] p1a,p1b\n|-immune|p2a: Orthworm\n|-supereffective|p1a: Skeledirge\n|-resisted|p1b: Ting-Lu\n|-damage|p1a: Skeledirge|3\/100\n|-damage|p1b: Ting-Lu|61\/100\n|move|p1a: Skeledirge|Slack Off|p1a: Skeledirge\n|-heal|p1a: Skeledirge|54\/100\n|move|p1b: Ting-Lu|Whirlwind|p2b: Glimmora\n|drag|p2b: Dragonite|Dragonite, L50, F|100\/100\n|\n|-heal|p1b: Ting-Lu|67\/100|[from] item: Leftovers\n|-sideend|p1: Snowstorm brute|move: Light Screen\n|upkeep\n|turn|9\n|l| SlowHomie\n|c|\u2606TheEeveeAnimations|living the sludge wave from specs glim is insane\n|c|\u2606Snowstorm brute|yes\n|\n|t:|1683339011\n|switch|p2b: Glimmora|Glimmora, L50, F|95\/100 brn\n|move|p1b: Ting-Lu|Protect|p1b: Ting-Lu\n|-singleturn|p1b: Ting-Lu|Protect\n|move|p1a: Skeledirge|Slack Off|p1a: Skeledirge\n|-heal|p1a: Skeledirge|100\/100\n|cant|p2a: Orthworm|par\n|\n|-heal|p1b: Ting-Lu|73\/100|[from] item: Leftovers\n|-damage|p2b: Glimmora|89\/100 brn|[from] brn\n|upkeep\n|turn|10\n|\n|t:|1683339026\n|switch|p1a: Iron Bundle|Iron Bundle, L50|57\/100\n|move|p2a: Orthworm|Helping Hand|p2b: Glimmora\n|-singleturn|p2b: Glimmora|Helping Hand|[of] p2a: Orthworm\n|move|p2b: Glimmora|Sludge Wave|p1b: Ting-Lu|[spread] p1a,p1b\n|-immune|p2a: Orthworm\n|-resisted|p1b: Ting-Lu\n|-damage|p1a: Iron Bundle|0 fnt\n|-damage|p1b: Ting-Lu|51\/100\n|faint|p1a: Iron Bundle\n|-end|p1a: Iron Bundle|Quark Drive|[silent]\n|move|p1b: Ting-Lu|Body Press|p2a: Orthworm\n|-supereffective|p2a: Orthworm\n|-damage|p2a: Orthworm|0 fnt\n|faint|p2a: Orthworm\n|\n|-heal|p1b: Ting-Lu|57\/100|[from] item: Leftovers\n|-damage|p2b: Glimmora|84\/100 brn|[from] brn\n|-sideend|p1: Snowstorm brute|Reflect\n|upkeep\n|\n|t:|1683339040\n|switch|p1a: Skeledirge|Skeledirge, L50, M, tera:Fairy|100\/100\n|switch|p2a: Ting-Lu|Ting-Lu, L50|100\/100\n|-ability|p2a: Ting-Lu|Vessel of Ruin\n|turn|11\n|\n|t:|1683339045\n|-terastallize|p2a: Ting-Lu|Steel\n|move|p2b: Glimmora|Sludge Wave|p1a: Skeledirge|[spread] p1a,p1b\n|-immune|p2a: Ting-Lu\n|-supereffective|p1a: Skeledirge\n|-resisted|p1b: Ting-Lu\n|-damage|p1a: Skeledirge|34\/100\n|-damage|p1b: Ting-Lu|43\/100\n|move|p2a: Ting-Lu|Heavy Slam|p1a: Skeledirge\n|-supereffective|p1a: Skeledirge\n|-damage|p1a: Skeledirge|0 fnt\n|faint|p1a: Skeledirge\n|move|p1b: Ting-Lu|Throat Chop|p2b: Glimmora\n|-damage|p2b: Glimmora|50\/100 brn\n|-start|p2b: Glimmora|Throat Chop|[silent]\n|-activate|p2b: Glimmora|ability: Toxic Debris\n|-sidestart|p1: Snowstorm brute|move: Toxic Spikes\n|\n|-heal|p1b: Ting-Lu|50\/100|[from] item: Leftovers\n|-damage|p2b: Glimmora|44\/100 brn|[from] brn\n|upkeep\n|turn|12\n|c|\u2606TheEeveeAnimations|gg\n|\n|t:|1683339065\n|move|p1b: Ting-Lu|Protect|p1b: Ting-Lu\n|-singleturn|p1b: Ting-Lu|Protect\n|move|p2b: Glimmora|Sludge Wave|p1b: Ting-Lu|[spread] \n|-activate|p1b: Ting-Lu|move: Protect\n|-immune|p2a: Ting-Lu\n|move|p2a: Ting-Lu|Heavy Slam|p1b: Ting-Lu\n|-activate|p1b: Ting-Lu|move: Protect\n|\n|-heal|p1b: Ting-Lu|56\/100|[from] item: Leftovers\n|-damage|p2b: Glimmora|38\/100 brn|[from] brn\n|-end|p2b: Glimmora|Throat Chop|[silent]\n|upkeep\n|turn|13\n|c|\u2606Snowstorm brute|gg\n|c|\u2606Snowstorm brute|fast tin lu?\n|c|\u2606TheEeveeAnimations|86 speed\n|\n|t:|1683339084\n|move|p2b: Glimmora|Sludge Wave|p1b: Ting-Lu|[spread] p1b\n|-immune|p2a: Ting-Lu\n|-resisted|p1b: Ting-Lu\n|-damage|p1b: Ting-Lu|41\/100\n|move|p2a: Ting-Lu|Ruination|p1b: Ting-Lu\n|-damage|p1b: Ting-Lu|21\/100\n|move|p1b: Ting-Lu|Throat Chop|p2b: Glimmora\n|-damage|p2b: Glimmora|4\/100 brn\n|-start|p2b: Glimmora|Throat Chop|[silent]\n|-activate|p2b: Glimmora|ability: Toxic Debris\n|-sidestart|p1: Snowstorm brute|move: Toxic Spikes\n|\n|-heal|p1b: Ting-Lu|27\/100|[from] item: Leftovers\n|-damage|p2b: Glimmora|0 fnt|[from] brn\n|faint|p2b: Glimmora\n|upkeep\n|c|\u2606TheEeveeAnimations|to outrun my orthwrom for the side eq\n|\n|t:|1683339098\n|switch|p2b: Dragonite|Dragonite, L50, F|100\/100\n|turn|14\n|c|\u2606Snowstorm brute|speed tie\n|c|\u2606TheEeveeAnimations|we take those\n|\n|t:|1683339116\n|move|p1b: Ting-Lu|Protect|p1b: Ting-Lu\n|-singleturn|p1b: Ting-Lu|Protect\n|move|p2b: Dragonite|Extreme Speed|p1b: Ting-Lu\n|-activate|p1b: Ting-Lu|move: Protect\n|move|p2a: Ting-Lu|Heavy Slam|p1b: Ting-Lu\n|-activate|p1b: Ting-Lu|move: Protect\n|\n|-heal|p1b: Ting-Lu|33\/100|[from] item: Leftovers\n|upkeep\n|turn|15\n|\n|t:|1683339127\n|move|p1b: Ting-Lu|Protect|p1b: Ting-Lu\n|-singleturn|p1b: Ting-Lu|Protect\n|move|p2b: Dragonite|Extreme Speed|p1b: Ting-Lu\n|-activate|p1b: Ting-Lu|move: Protect\n|move|p2a: Ting-Lu|Earthquake|p1b: Ting-Lu|[spread] \n|-activate|p1b: Ting-Lu|move: Protect\n|-immune|p2b: Dragonite\n|\n|-heal|p1b: Ting-Lu|40\/100|[from] item: Leftovers\n|upkeep\n|turn|16\n|\n|t:|1683339136\n|move|p2b: Dragonite|Extreme Speed|p1b: Ting-Lu\n|-damage|p1b: Ting-Lu|19\/100\n|move|p2a: Ting-Lu|Earthquake|p1b: Ting-Lu|[spread] p1b\n|-immune|p2b: Dragonite\n|-damage|p1b: Ting-Lu|6\/100\n|move|p1b: Ting-Lu|Body Press|p2a: Ting-Lu\n|-supereffective|p2a: Ting-Lu\n|-damage|p2a: Ting-Lu|68\/100\n|\n|-heal|p2a: Ting-Lu|74\/100|[from] item: Leftovers\n|-heal|p1b: Ting-Lu|12\/100|[from] item: Leftovers\n|upkeep\n|turn|17\n|j| Wheeel\n|\n|t:|1683339146\n|move|p1b: Ting-Lu|Protect|p1b: Ting-Lu\n|-singleturn|p1b: Ting-Lu|Protect\n|move|p2b: Dragonite|Extreme Speed|p1b: Ting-Lu\n|-activate|p1b: Ting-Lu|move: Protect\n|move|p2a: Ting-Lu|Earthquake|p1b: Ting-Lu|[spread] \n|-activate|p1b: Ting-Lu|move: Protect\n|-immune|p2b: Dragonite\n|\n|-heal|p2a: Ting-Lu|81\/100|[from] item: Leftovers\n|-heal|p1b: Ting-Lu|19\/100|[from] item: Leftovers\n|upkeep\n|turn|18\n|\n|t:|1683339153\n|move|p1b: Ting-Lu|Protect||[still]\n|-fail|p1b: Ting-Lu\n|move|p2b: Dragonite|Extreme Speed|p1b: Ting-Lu\n|-damage|p1b: Ting-Lu|0 fnt\n|faint|p1b: Ting-Lu\n|\n|win|TheEeveeAnimations\n|n|\u2606Snowstorm brute|snowstormbrute\n|n|\u2606TheEeveeAnimations|theeeveeanimations\n|n| Wheeel|wheeel\n","uploadtime":1683339154,"views":15,"p1id":"snowstormbrute","p2id":"theeeveeanimations","formatid":"gen9vgc2023regulationc","rating":0,"private":0,"password":""}