{"id":"gen9vgc2023regulationc-1847358722","p1":"Rizzelda","p2":"Hadrian1917","format":"[Gen 9] VGC 2023 Regulation C","log":"|j|\u2606Rizzelda\n|j|\u2606Hadrian1917\n|t:|1681942178\n|gametype|doubles\n|player|p1|Rizzelda|bellelba|1158\n|player|p2|Hadrian1917|brock|1125\n|teamsize|p1|6\n|teamsize|p2|6\n|gen|9\n|tier|[Gen 9] VGC 2023 Regulation C\n|rated|\n|rule|Species Clause: Limit one of each Pok\u00e9mon\n|rule|Item Clause: Limit one of each item\n|clearpoke\n|poke|p1|Gyarados, L50, M|\n|poke|p1|Wo-Chien, L50|\n|poke|p1|Chi-Yu, L50|\n|poke|p1|Clodsire, L50, F|\n|poke|p1|Flutter Mane, L50|\n|poke|p1|Iron Hands, L50|\n|poke|p2|Flutter Mane, L50|\n|poke|p2|Arcanine, L50, M|\n|poke|p2|Baxcalibur, L50, M|\n|poke|p2|Ting-Lu, L50|\n|poke|p2|Gyarados, L50, F|\n|poke|p2|Amoonguss, L50, F|\n|teampreview|4\n|inactive|Battle timer is ON: inactive players will automatically lose when time's up. (requested by Hadrian1917)\n|\n|t:|1681942223\n|start\n|switch|p1a: Wo-Chien|Wo-Chien, L50|100\/100\n|switch|p1b: Iron Hands|Iron Hands, L50|100\/100\n|switch|p2a: Ting-Lu|Ting-Lu, L50|100\/100\n|switch|p2b: Amoonguss|Amoonguss, L50, F|100\/100\n|-ability|p1a: Wo-Chien|Tablets of Ruin\n|-ability|p2a: Ting-Lu|Vessel of Ruin\n|turn|1\n|\n|t:|1681942246\n|switch|p2a: Arcanine|Arcanine, L50, M|100\/100\n|-ability|p2a: Arcanine|Intimidate|boost\n|-unboost|p1a: Wo-Chien|atk|1\n|-unboost|p1b: Iron Hands|atk|1\n|move|p1b: Iron Hands|Fake Out|p2b: Amoonguss\n|-damage|p2b: Amoonguss|94\/100\n|-damage|p1b: Iron Hands|84\/100|[from] item: Rocky Helmet|[of] p2b: Amoonguss\n|move|p1a: Wo-Chien|Leech Seed|p2a: Arcanine\n|-start|p2a: Arcanine|move: Leech Seed\n|cant|p2b: Amoonguss|flinch\n|\n|-damage|p2a: Arcanine|88\/100|[from] Leech Seed|[of] p1a: Wo-Chien\n|upkeep\n|turn|2\n|inactive|Rizzelda has 30 seconds left.\n|inactive|Hadrian1917 has 30 seconds left.\n|\n|t:|1681942275\n|switch|p2a: Ting-Lu|Ting-Lu, L50|100\/100\n|-ability|p2a: Ting-Lu|Vessel of Ruin\n|-end|p1b: Iron Hands|Quark Drive|[silent]\n|switch|p1b: Clodsire|Clodsire, L50, F|100\/100\n|move|p1a: Wo-Chien|Protect|p1a: Wo-Chien\n|-singleturn|p1a: Wo-Chien|Protect\n|move|p2b: Amoonguss|Spore|p1b: Clodsire\n|-activate|p1b: Clodsire|item: Safety Goggles|Spore\n|\n|upkeep\n|turn|3\n|inactive|Rizzelda has 30 seconds left.\n|inactive|Hadrian1917 has 30 seconds left.\n|\n|t:|1681942305\n|move|p2b: Amoonguss|Rage Powder|p2b: Amoonguss\n|-singleturn|p2b: Amoonguss|move: Rage Powder\n|move|p1a: Wo-Chien|Ruination|p2b: Amoonguss\n|-damage|p2b: Amoonguss|48\/100\n|move|p2a: Ting-Lu|Fissure|p1b: Clodsire|[miss]\n|-miss|p2a: Ting-Lu|p1b: Clodsire\n|move|p1b: Clodsire|Toxic|p2a: Ting-Lu\n|-status|p2a: Ting-Lu|tox\n|\n|-damage|p2a: Ting-Lu|95\/100 tox|[from] psn\n|upkeep\n|turn|4\n|inactive|Rizzelda has 30 seconds left.\n|inactive|Rizzelda has 20 seconds left.\n|inactive|Rizzelda has 15 seconds left.\n|inactive|Rizzelda has 10 seconds left.\n|\n|t:|1681942350\n|switch|p2b: Arcanine|Arcanine, L50, M|88\/100\n|-ability|p2b: Arcanine|Intimidate|boost\n|-unboost|p1a: Wo-Chien|atk|1\n|-unboost|p1b: Clodsire|atk|1\n|move|p1b: Clodsire|Protect|p1b: Clodsire\n|-singleturn|p1b: Clodsire|Protect\n|move|p1a: Wo-Chien|Leech Seed|p2a: Ting-Lu|[miss]\n|-miss|p1a: Wo-Chien|p2a: Ting-Lu\n|move|p2a: Ting-Lu|Stomping Tantrum|p1b: Clodsire\n|-activate|p1b: Clodsire|move: Protect\n|\n|-damage|p2a: Ting-Lu|83\/100 tox|[from] psn\n|upkeep\n|turn|5\n|inactive|Rizzelda has 30 seconds left.\n|\n|t:|1681942377\n|move|p2b: Arcanine|Flare Blitz|p1a: Wo-Chien\n|-supereffective|p1a: Wo-Chien\n|-damage|p1a: Wo-Chien|34\/100\n|-damage|p2b: Arcanine|67\/100|[from] Recoil\n|move|p1a: Wo-Chien|Pollen Puff|p2a: Ting-Lu\n|-supereffective|p2a: Ting-Lu\n|-damage|p2a: Ting-Lu|67\/100 tox\n|move|p2a: Ting-Lu|Fissure|p1b: Clodsire|[miss]\n|-miss|p2a: Ting-Lu|p1b: Clodsire\n|move|p1b: Clodsire|Toxic|p2b: Arcanine\n|-status|p2b: Arcanine|tox\n|\n|-heal|p1a: Wo-Chien|40\/100|[from] item: Leftovers\n|-damage|p2b: Arcanine|61\/100 tox|[from] psn\n|-damage|p2a: Ting-Lu|49\/100 tox|[from] psn\n|upkeep\n|turn|6\n|inactive|Hadrian1917 has 30 seconds left.\n|\n|t:|1681942403\n|move|p1a: Wo-Chien|Protect|p1a: Wo-Chien\n|-singleturn|p1a: Wo-Chien|Protect\n|move|p1b: Clodsire|Protect|p1b: Clodsire\n|-singleturn|p1b: Clodsire|Protect\n|move|p2b: Arcanine|Howl|p2b: Arcanine|[spread] p2a,p2b\n|-boost|p2a: Ting-Lu|atk|1\n|-boost|p2b: Arcanine|atk|1\n|move|p2a: Ting-Lu|Stomping Tantrum|p1b: Clodsire\n|-activate|p1b: Clodsire|move: Protect\n|\n|-heal|p1a: Wo-Chien|45\/100|[from] item: Leftovers\n|-damage|p2b: Arcanine|49\/100 tox|[from] psn\n|-damage|p2a: Ting-Lu|26\/100 tox|[from] psn\n|upkeep\n|turn|7\n|inactive|Rizzelda has 30 seconds left.\n|\n|t:|1681942435\n|move|p2b: Arcanine|Flare Blitz|p1a: Wo-Chien\n|-supereffective|p1a: Wo-Chien\n|-damage|p1a: Wo-Chien|0 fnt\n|faint|p1a: Wo-Chien\n|-damage|p2b: Arcanine|35\/100 tox|[from] Recoil\n|move|p2a: Ting-Lu|Fissure|p1b: Clodsire\n|-damage|p1b: Clodsire|0 fnt\n|faint|p1b: Clodsire\n|-ohko\n|\n|-damage|p2b: Arcanine|16\/100 tox|[from] psn\n|-damage|p2a: Ting-Lu|0 fnt|[from] psn\n|faint|p2a: Ting-Lu\n|upkeep\n|\n|t:|1681942447\n|switch|p1a: Iron Hands|Iron Hands, L50|84\/100\n|switch|p2a: Amoonguss|Amoonguss, L50, F|81\/100\n|switch|p1b: Flutter Mane|Flutter Mane, L50|100\/100\n|-enditem|p1b: Flutter Mane|Booster Energy\n|-activate|p1b: Flutter Mane|ability: Protosynthesis|[fromitem]\n|-start|p1b: Flutter Mane|protosynthesisspa\n|turn|8\n|\n|t:|1681942467\n|move|p1b: Flutter Mane|Protect|p1b: Flutter Mane\n|-singleturn|p1b: Flutter Mane|Protect\n|move|p2a: Amoonguss|Protect|p2a: Amoonguss\n|-singleturn|p2a: Amoonguss|Protect\n|move|p1a: Iron Hands|Fake Out|p2a: Amoonguss\n|-activate|p2a: Amoonguss|move: Protect\n|move|p2b: Arcanine|Will-O-Wisp|p1a: Iron Hands\n|-status|p1a: Iron Hands|brn\n|\n|-damage|p2b: Arcanine|0 fnt|[from] psn\n|faint|p2b: Arcanine\n|-damage|p1a: Iron Hands|78\/100 brn|[from] brn\n|upkeep\n|\n|t:|1681942480\n|switch|p2b: Baxcalibur|Baxcalibur, L50, M|100\/100\n|turn|9\n|\n|t:|1681942501\n|-terastallize|p2b: Baxcalibur|Poison\n|move|p1b: Flutter Mane|Substitute|p1b: Flutter Mane\n|-start|p1b: Flutter Mane|Substitute\n|-damage|p1b: Flutter Mane|76\/100\n|move|p2b: Baxcalibur|Icicle Crash|p1b: Flutter Mane\n|-end|p1b: Flutter Mane|Substitute\n|move|p1a: Iron Hands|Drain Punch|p2b: Baxcalibur\n|-resisted|p2b: Baxcalibur\n|-damage|p2b: Baxcalibur|92\/100\n|-heal|p1a: Iron Hands|82\/100 brn|[from] drain|[of] p2b: Baxcalibur\n|move|p2a: Amoonguss|Spore|p1b: Flutter Mane\n|-status|p1b: Flutter Mane|slp|[from] move: Spore\n|\n|-damage|p1a: Iron Hands|76\/100 brn|[from] brn\n|upkeep\n|turn|10\n|\n|t:|1681942522\n|move|p2a: Amoonguss|Protect|p2a: Amoonguss\n|-singleturn|p2a: Amoonguss|Protect\n|cant|p1b: Flutter Mane|slp\n|move|p2b: Baxcalibur|Icicle Crash|p1b: Flutter Mane\n|-damage|p1b: Flutter Mane|0 fnt\n|faint|p1b: Flutter Mane\n|-end|p1b: Flutter Mane|Protosynthesis|[silent]\n|move|p1a: Iron Hands|Heavy Slam|p2b: Baxcalibur\n|-damage|p2b: Baxcalibur|85\/100\n|\n|-damage|p1a: Iron Hands|70\/100 brn|[from] brn\n|upkeep\n|turn|11\n|-message|Rizzelda forfeited.\n|\n|win|Hadrian1917\n|raw|Rizzelda's rating: 1158 → 1131<\/strong> (-27 for losing)\n|raw|Hadrian1917's rating: 1125 → 1152<\/strong> (+27 for winning)\n|l|\u2606Rizzelda\n","uploadtime":1681942539,"views":3,"p1id":"rizzelda","p2id":"hadrian1917","formatid":"gen9vgc2023regulationc","rating":1131,"private":0,"password":""}