{"id":"gen9vgc2023regulationc-1855702230","p1":"Ciq108","p2":"noahthenumbat","format":"[Gen 9] VGC 2023 Regulation C","log":"|j|\u2606Ciq108\n|j|\u2606noahthenumbat\n|t:|1682974737\n|gametype|doubles\n|player|p1|Ciq108|2|\n|player|p2|noahthenumbat|backersf|\n|teamsize|p1|6\n|teamsize|p2|6\n|gen|9\n|tier|[Gen 9] VGC 2023 Regulation C\n|rule|Species Clause: Limit one of each Pok\u00e9mon\n|rule|Item Clause: Limit one of each item\n|clearpoke\n|poke|p1|Chien-Pao, L50|\n|poke|p1|Garchomp, L50, F|\n|poke|p1|Staraptor, L50, M|\n|poke|p1|Lucario, L50, M|\n|poke|p1|Rotom-Heat, L50|\n|poke|p1|Gardevoir, L50, F|\n|poke|p2|Dondozo, L50, F|\n|poke|p2|Tatsugiri-Droopy, L50, F|\n|poke|p2|Abomasnow, L50, M|\n|poke|p2|Ceruledge, L50, M|\n|poke|p2|Pawmot, L50, F|\n|poke|p2|Lycanroc, L50, M|\n|teampreview|4\n|c|\u2606noahthenumbat|glhf\n|c|\u2606Ciq108|U2 m8\n|c|\u2606Ciq108|Can u get links btw\n|c|\u2606noahthenumbat|sure\n|c|\u2606Ciq108|G1\n|j| Toronto 6ix\n|j| HottieLamatie\n|j| SusJingles\n|c| SusJingles|Dont be sus\n|c|\u2606noahthenumbat|with these sets? not an option\n|j| kevsmoreno\n|c| kevsmoreno|Damn ciq gonna lose again?\n|\n|t:|1682974931\n|start\n|switch|p1a: Lucario|Lucario, L50, M|100\/100\n|switch|p1b: Staraptor|Staraptor, L50, M|100\/100\n|switch|p2a: Dondozo|Dondozo, L50, F|100\/100\n|switch|p2b: Lycanroc|Lycanroc, L50, M|100\/100\n|-ability|p1b: Staraptor|Intimidate|boost\n|-unboost|p2a: Dondozo|atk|1\n|-unboost|p2b: Lycanroc|atk|1\n|turn|1\n|\n|t:|1682974963\n|switch|p1b: Gardevoir|Gardevoir, L50, F|100\/100\n|move|p2b: Lycanroc|Howl|p2b: Lycanroc|[spread] p2a,p2b\n|-boost|p2a: Dondozo|atk|1\n|-enditem|p1b: Gardevoir|Mirror Herb\n|-boost|p1b: Gardevoir|atk|1|[from] item: Mirror Herb\n|-boost|p2b: Lycanroc|atk|1\n|move|p1a: Lucario|Close Combat|p2b: Lycanroc\n|-supereffective|p2b: Lycanroc\n|-enditem|p2b: Lycanroc|Focus Sash\n|-damage|p2b: Lycanroc|1\/100\n|-unboost|p1a: Lucario|def|1\n|-unboost|p1a: Lucario|spd|1\n|move|p2a: Dondozo|Wave Crash|p1b: Gardevoir\n|-damage|p1b: Gardevoir|0 fnt\n|faint|p1b: Gardevoir\n|-damage|p2a: Dondozo|76\/100|[from] Recoil\n|\n|upkeep\n|\n|t:|1682974985\n|switch|p1b: Staraptor|Staraptor, L50, M|100\/100\n|-ability|p1b: Staraptor|Intimidate|boost\n|-unboost|p2a: Dondozo|atk|1\n|-unboost|p2b: Lycanroc|atk|1\n|turn|2\n|\n|t:|1682974996\n|switch|p2b: Tatsugiri|Tatsugiri-Droopy, L50, F|100\/100\n|-activate|p2b: Tatsugiri|ability: Commander|[of] p2a: Dondozo\n|-boost|p2a: Dondozo|atk|2\n|-boost|p2a: Dondozo|spa|2\n|-boost|p2a: Dondozo|spe|2\n|-boost|p2a: Dondozo|def|2\n|-boost|p2a: Dondozo|spd|2\n|switch|p1a: Garchomp|Garchomp, L50, F|100\/100\n|move|p2a: Dondozo|Wave Crash|p1b: Staraptor\n|-damage|p1b: Staraptor|0 fnt\n|faint|p1b: Staraptor\n|-damage|p2a: Dondozo|48\/100|[from] Recoil\n|\n|upkeep\n|\n|t:|1682975003\n|switch|p1b: Lucario|Lucario, L50, M|100\/100\n|turn|3\n|\n|t:|1682975040\n|-terastallize|p1b: Lucario|Normal\n|move|p1b: Lucario|Extreme Speed|p2a: Dondozo\n|-damage|p2a: Dondozo|26\/100\n|move|p2a: Dondozo|Wave Crash|p1b: Lucario\n|-damage|p1b: Lucario|0 fnt\n|faint|p1b: Lucario\n|-damage|p2a: Dondozo|4\/100|[from] Recoil\n|move|p1a: Garchomp|Substitute|p1a: Garchomp\n|-start|p1a: Garchomp|Substitute\n|-damage|p1a: Garchomp|76\/100\n|\n|upkeep\n|turn|4\n|\n|t:|1682975052\n|move|p2a: Dondozo|Wave Crash|p1a: Garchomp\n|-end|p1a: Garchomp|Substitute\n|-damage|p2a: Dondozo|0 fnt|[from] Recoil|[of] p1a: Garchomp\n|faint|p2a: Dondozo\n|move|p1a: Garchomp|Substitute|p1a: Garchomp\n|-start|p1a: Garchomp|Substitute\n|-damage|p1a: Garchomp|51\/100\n|\n|upkeep\n|\n|t:|1682975063\n|switch|p2a: Pawmot|Pawmot, L50, F|100\/100\n|-item|p2a: Pawmot|Air Balloon\n|turn|5\n|\n|t:|1682975083\n|-terastallize|p2b: Tatsugiri|Steel\n|move|p2b: Tatsugiri|Icy Wind|p1a: Garchomp\n|-supereffective|p1a: Garchomp\n|-end|p1a: Garchomp|Substitute\n|move|p2a: Pawmot|Revival Blessing|p2a: Pawmot\n|j| gazzlb\n|\n|t:|1682975089\n|-heal|p2: Dondozo|50\/100|[from] move: Revival Blessing\n|move|p1a: Garchomp|Dragon Claw|p2b: Tatsugiri\n|-resisted|p2b: Tatsugiri\n|-damage|p2b: Tatsugiri|60\/100\n|\n|upkeep\n|turn|6\n|c|\u2606Ciq108|Gg\n|l| gazzlb\n|\n|t:|1682975102\n|switch|p2a: Lycanroc|Lycanroc, L50, M|1\/100\n|move|p2b: Tatsugiri|Icy Wind|p1a: Garchomp\n|-supereffective|p1a: Garchomp\n|-damage|p1a: Garchomp|0 fnt\n|faint|p1a: Garchomp\n|\n|win|noahthenumbat\n|c|\u2606noahthenumbat|gg\n|l| Toronto 6ix\n|l| SusJingles\n|l| kevsmoreno\n|l| HottieLamatie\n|j| KinkyNesquick\n|l| KinkyNesquick\n|l|\u2606Ciq108\n|l|\u2606noahthenumbat\n|j|\u2606noahthenumbat\n|player|p2|noahthenumbat|backersf\n|l|\u2606noahthenumbat\n|player|p2|\n|j|\u2606noahthenumbat\n|player|p2|noahthenumbat|backersf\n","uploadtime":1682976617,"views":21,"p1id":"ciq108","p2id":"noahthenumbat","formatid":"gen9vgc2023regulationc","rating":0,"private":0,"password":""}