{"id":"gen9vgc2023regulationc-1856496185","p1":"mafumafusimpsimp","p2":"SeaWolfMikess","format":"[Gen 9] VGC 2023 Regulation C","log":"|j|\u2606mafumafusimpsimp\n|j|\u2606SeaWolfMikess\n|t:|1683068068\n|gametype|doubles\n|player|p1|mafumafusimpsimp|crasherwake|1310\n|player|p2|SeaWolfMikess|hugh|1326\n|teamsize|p1|6\n|teamsize|p2|6\n|gen|9\n|tier|[Gen 9] VGC 2023 Regulation C\n|rated|\n|rule|Species Clause: Limit one of each Pok\u00e9mon\n|rule|Item Clause: Limit one of each item\n|clearpoke\n|poke|p1|Breloom, L50, M|\n|poke|p1|Chien-Pao, L50|\n|poke|p1|Flutter Mane, L50|\n|poke|p1|Kingambit, L50, F|\n|poke|p1|Iron Hands, L50|\n|poke|p1|Iron Bundle, L50|\n|poke|p2|Talonflame, L50, M|\n|poke|p2|Garchomp, L50, M|\n|poke|p2|Azumarill, L50, M|\n|poke|p2|Kingambit, L50, M|\n|poke|p2|Flutter Mane, L50|\n|poke|p2|Pawmot, L50, F|\n|teampreview|4\nmafumafusimpsimp has agreed to open team sheets.\n|c|\u2606mafumafusimpsimp|glhf\nSeaWolfMikess has agreed to open team sheets.\n|\n|t:|1683068105\n|start\n|switch|p1a: Flutter Pain|Flutter Mane, L50|100\/100\n|switch|p1b: Smolman|Breloom, L50, M|100\/100\n|switch|p2a: Pawmot|Pawmot, L50, F|100\/100\n|switch|p2b: Talonflame|Talonflame, L50, M|100\/100\n|-enditem|p1a: Flutter Pain|Booster Energy\n|-activate|p1a: Flutter Pain|ability: Protosynthesis|[fromitem]\n|-start|p1a: Flutter Pain|protosynthesisspa\n|turn|1\n|\n|t:|1683068145\n|move|p1a: Flutter Pain|Protect|p1a: Flutter Pain\n|-singleturn|p1a: Flutter Pain|Protect\n|move|p2a: Pawmot|Fake Out|p1b: Smolman\n|-damage|p1b: Smolman|78\/100\n|move|p2b: Talonflame|Tailwind|p2b: Talonflame\n|-sidestart|p2: SeaWolfMikess|move: Tailwind\n|cant|p1b: Smolman|flinch\n|\n|upkeep\n|turn|2\n|\n|t:|1683068158\n|-end|p1a: Flutter Pain|Protosynthesis|[silent]\n|switch|p1a: Only Hands|Iron Hands, L50|100\/100\n|-terastallize|p2a: Pawmot|Electric\n|move|p2b: Talonflame|Brave Bird|p1b: Smolman\n|-supereffective|p1b: Smolman\n|-damage|p1b: Smolman|0 fnt\n|faint|p1b: Smolman\n|-damage|p2b: Talonflame|78\/100|[from] Recoil\n|move|p2a: Pawmot|Double Shock|p1a: Only Hands\n|-resisted|p1a: Only Hands\n|-damage|p1a: Only Hands|74\/100\n|-start|p2a: Pawmot|typechange|Electric|[from] move: Double Shock\n|\n|upkeep\n|\n|t:|1683068177\n|switch|p1b: Flutter Pain|Flutter Mane, L50|100\/100\n|turn|3\n|\n|t:|1683068196\n|switch|p2a: Flutter Mane|Flutter Mane, L50|100\/100\n|-enditem|p2a: Flutter Mane|Booster Energy\n|-activate|p2a: Flutter Mane|ability: Protosynthesis|[fromitem]\n|-start|p2a: Flutter Mane|protosynthesisspa\n|-terastallize|p1a: Only Hands|Fire\n|move|p1b: Flutter Pain|Protect|p1b: Flutter Pain\n|-singleturn|p1b: Flutter Pain|Protect\n|move|p2b: Talonflame|Brave Bird|p1b: Flutter Pain\n|-activate|p1b: Flutter Pain|move: Protect\n|move|p1a: Only Hands|Drain Punch|p2a: Flutter Mane\n|-immune|p2a: Flutter Mane\n|\n|upkeep\n|turn|4\n|\n|t:|1683068229\n|switch|p2b: Pawmot|Pawmot, L50, F, tera:Electric|100\/100\n|-end|p1b: Flutter Pain|Protosynthesis|[silent]\n|switch|p1b: Iron Fumble|Iron Bundle, L50|100\/100\n|move|p1a: Only Hands|Protect|p1a: Only Hands\n|-singleturn|p1a: Only Hands|Protect\n|move|p2a: Flutter Mane|Shadow Ball|p1b: Iron Fumble\n|-damage|p1b: Iron Fumble|0 fnt\n|faint|p1b: Iron Fumble\n|-end|p1b: Iron Fumble|Quark Drive|[silent]\n|\n|-sideend|p2: SeaWolfMikess|move: Tailwind\n|upkeep\n|\n|t:|1683068241\n|switch|p1b: Flutter Pain|Flutter Mane, L50|100\/100\n|turn|5\n|\n|t:|1683068248\n|move|p1b: Flutter Pain|Protect|p1b: Flutter Pain\n|-singleturn|p1b: Flutter Pain|Protect\n|move|p2b: Pawmot|Fake Out|p1a: Only Hands\n|-damage|p1a: Only Hands|64\/100\n|move|p2a: Flutter Mane|Shadow Ball|p1b: Flutter Pain\n|-activate|p1b: Flutter Pain|move: Protect\n|cant|p1a: Only Hands|flinch\n|\n|upkeep\n|turn|6\n|\n|t:|1683068257\n|switch|p2b: Talonflame|Talonflame, L50, M|78\/100\n|move|p2a: Flutter Mane|Shadow Ball|p1b: Flutter Pain\n|-supereffective|p1b: Flutter Pain\n|-damage|p1b: Flutter Pain|2\/100\n|move|p1b: Flutter Pain|Shadow Ball|p2a: Flutter Mane\n|-supereffective|p2a: Flutter Mane\n|-damage|p2a: Flutter Mane|24\/100\n|move|p1a: Only Hands|Thunder Punch|p2a: Flutter Mane\n|-damage|p2a: Flutter Mane|0 fnt\n|faint|p2a: Flutter Mane\n|-end|p2a: Flutter Mane|Protosynthesis|[silent]\n|\n|upkeep\n|\n|t:|1683068274\n|switch|p2a: Garchomp|Garchomp, L50, M|100\/100\n|turn|7\n|\n|t:|1683068297\n|move|p2b: Talonflame|Brave Bird|p1b: Flutter Pain\n|-damage|p1b: Flutter Pain|0 fnt\n|faint|p1b: Flutter Pain\n|-end|p1b: Flutter Pain|Protosynthesis|[silent]\n|-damage|p2b: Talonflame|77\/100|[from] Recoil\n|move|p2a: Garchomp|Earthquake|p1a: Only Hands|[spread] p1a\n|-immune|p2b: Talonflame\n|-supereffective|p1a: Only Hands\n|-damage|p1a: Only Hands|0 fnt\n|faint|p1a: Only Hands\n|-end|p1a: Only Hands|Quark Drive|[silent]\n|-damage|p2a: Garchomp|91\/100|[from] item: Life Orb\n|\n|win|SeaWolfMikess\n|raw|mafumafusimpsimp's rating: 1310 → 1291<\/strong> (-19 for losing)\n|raw|SeaWolfMikess's rating: 1326 → 1345<\/strong> (+19 for winning)\n|c|\u2606mafumafusimpsimp|gg\n|l|\u2606mafumafusimpsimp\n","uploadtime":1683068302,"views":4,"p1id":"mafumafusimpsimp","p2id":"seawolfmikess","formatid":"gen9vgc2023regulationc","rating":1291,"private":0,"password":""}