{"id":"gen9vgc2023regulationc-1857976613","p1":"Beamtime Teamtime","p2":"Charlisito","format":"[Gen 9] VGC 2023 Regulation C","log":"|j|\u2606Beamtime Teamtime\n|j|\u2606Charlisito\n|t:|1683254803\n|gametype|doubles\n|player|p1|Beamtime Teamtime|ethan|1344\n|player|p2|Charlisito|lucas|1327\n|teamsize|p1|6\n|teamsize|p2|6\n|gen|9\n|tier|[Gen 9] VGC 2023 Regulation C\n|rated|\n|rule|Species Clause: Limit one of each Pok\u00e9mon\n|rule|Item Clause: Limit one of each item\n|clearpoke\n|poke|p1|Ting-Lu, L50|\n|poke|p1|Gyarados, L50, F|\n|poke|p1|Amoonguss, L50, F|\n|poke|p1|Flutter Mane, L50|\n|poke|p1|Baxcalibur, L50, F|\n|poke|p1|Ceruledge, L50, M|\n|poke|p2|Palafin, L50, M|\n|poke|p2|Arcanine, L50, M|\n|poke|p2|Amoonguss, L50, M|\n|poke|p2|Flutter Mane, L50|\n|poke|p2|Ting-Lu, L50|\n|poke|p2|Bellibolt, L50, F|\n|teampreview|4\n|inactive|Battle timer is ON: inactive players will automatically lose when time's up. (requested by Beamtime Teamtime)\nBeamtime Teamtime has agreed to open team sheets.\n|inactive|Beamtime Teamtime has 60 seconds left.\n|\n|t:|1683254835\n|start\n|switch|p1a: Gyarados|Gyarados, L50, F|100\/100\n|switch|p1b: Ceruledge|Ceruledge, L50, M|100\/100\n|switch|p2a: Flutter Mane|Flutter Mane, L50|100\/100\n|switch|p2b: Arcanine|Arcanine, L50, M|100\/100\n|-ability|p2b: Arcanine|Intimidate|boost\n|-unboost|p1a: Gyarados|atk|1\n|-unboost|p1b: Ceruledge|atk|1\n|-ability|p1a: Gyarados|Intimidate|boost\n|-unboost|p2a: Flutter Mane|atk|1\n|-unboost|p2b: Arcanine|atk|1\n|-enditem|p2a: Flutter Mane|Booster Energy\n|-activate|p2a: Flutter Mane|ability: Protosynthesis|[fromitem]\n|-start|p2a: Flutter Mane|protosynthesisspa\n|turn|1\n|\n|t:|1683254855\n|-end|p2a: Flutter Mane|Protosynthesis|[silent]\n|switch|p2a: Amoonguss|Amoonguss, L50, M|100\/100\n|switch|p1b: Ting-Lu|Ting-Lu, L50|100\/100\n|-ability|p1b: Ting-Lu|Vessel of Ruin\n|move|p2b: Arcanine|Will-O-Wisp|p1a: Gyarados\n|-status|p1a: Gyarados|brn\n|move|p1a: Gyarados|Thunder Wave|p2a: Amoonguss|[miss]\n|-miss|p1a: Gyarados|p2a: Amoonguss\n|\n|-damage|p1a: Gyarados|95\/100 brn|[from] brn\n|upkeep\n|turn|2\n|inactive|Beamtime Teamtime has 30 seconds left.\n|inactive|Charlisito has 30 seconds left.\n|inactive|Charlisito has 20 seconds left.\n|inactive|Charlisito has 15 seconds left.\n|inactive|Charlisito has 10 seconds left.\n|inactive|Charlisito has 5 seconds left.\n|\n|t:|1683254910\n|switch|p1a: Baxcalibur|Baxcalibur, L50, F|100\/100\n|switch|p1b: Ceruledge|Ceruledge, L50, M|100\/100\n|move|p2b: Arcanine|Flare Blitz|p1a: Baxcalibur\n|-damage|p1a: Baxcalibur|72\/100\n|-ability|p1a: Baxcalibur|Thermal Exchange|boost\n|-boost|p1a: Baxcalibur|atk|1\n|-damage|p2b: Arcanine|90\/100|[from] Recoil\n|move|p2a: Amoonguss|Spore|p1a: Baxcalibur\n|-status|p1a: Baxcalibur|slp|[from] move: Spore\n|\n|upkeep\n|turn|3\n|inactive|Charlisito has 30 seconds left.\n|inactive|Charlisito has 20 seconds left.\n|\n|t:|1683254948\n|-terastallize|p1b: Ceruledge|Grass\n|-terastallize|p2a: Amoonguss|Water\n|cant|p1a: Baxcalibur|slp\n|move|p2b: Arcanine|Flare Blitz|p1a: Baxcalibur\n|-damage|p1a: Baxcalibur|44\/100 slp\n|-ability|p1a: Baxcalibur|Thermal Exchange|boost\n|-boost|p1a: Baxcalibur|atk|1\n|-damage|p2b: Arcanine|80\/100|[from] Recoil\n|move|p1b: Ceruledge|Bulk Up|p1b: Ceruledge\n|-boost|p1b: Ceruledge|atk|1\n|-boost|p1b: Ceruledge|def|1\n|move|p2a: Amoonguss|Clear Smog|p1b: Ceruledge\n|-supereffective|p1b: Ceruledge\n|-damage|p1b: Ceruledge|76\/100\n|-clearboost|p1b: Ceruledge\n|\n|-heal|p1b: Ceruledge|82\/100|[from] item: Leftovers\n|upkeep\n|turn|4\n|inactive|Charlisito has 30 seconds left.\n|\n|t:|1683254977\n|move|p2b: Arcanine|Flare Blitz|p1a: Baxcalibur\n|-crit|p1a: Baxcalibur\n|-damage|p1a: Baxcalibur|0 fnt\n|faint|p1a: Baxcalibur\n|-damage|p2b: Arcanine|63\/100|[from] Recoil\n|move|p1b: Ceruledge|Bulk Up|p1b: Ceruledge\n|-boost|p1b: Ceruledge|atk|1\n|-boost|p1b: Ceruledge|def|1\n|move|p2a: Amoonguss|Clear Smog|p1b: Ceruledge\n|-supereffective|p1b: Ceruledge\n|-damage|p1b: Ceruledge|58\/100\n|-clearboost|p1b: Ceruledge\n|\n|-heal|p1b: Ceruledge|64\/100|[from] item: Leftovers\n|upkeep\n|\n|t:|1683254994\n|switch|p1a: Gyarados|Gyarados, L50, F|95\/100 brn\n|-ability|p1a: Gyarados|Intimidate|boost\n|-unboost|p2a: Amoonguss|atk|1\n|-unboost|p2b: Arcanine|atk|1\n|turn|5\n|\n|t:|1683255000\n|switch|p2b: Bellibolt|Bellibolt, L50, F|100\/100\n|move|p1b: Ceruledge|Protect|p1b: Ceruledge\n|-singleturn|p1b: Ceruledge|Protect\n|move|p1a: Gyarados|Thunder Wave|p2a: Amoonguss\n|-status|p2a: Amoonguss|par\n|move|p2a: Amoonguss|Clear Smog|p1b: Ceruledge\n|-activate|p1b: Ceruledge|move: Protect\n|\n|-heal|p1b: Ceruledge|70\/100|[from] item: Leftovers\n|-damage|p1a: Gyarados|89\/100 brn|[from] brn\n|upkeep\n|turn|6\n|\n|t:|1683255021\n|switch|p1a: Ting-Lu|Ting-Lu, L50|100\/100\n|-ability|p1a: Ting-Lu|Vessel of Ruin\n|move|p1b: Ceruledge|Shadow Sneak|p2a: Amoonguss\n|-damage|p2a: Amoonguss|86\/100 par\n|move|p2b: Bellibolt|Volt Switch|p1a: Ting-Lu\n|-immune|p1a: Ting-Lu\n|move|p2a: Amoonguss|Clear Smog|p1b: Ceruledge\n|-supereffective|p1b: Ceruledge\n|-damage|p1b: Ceruledge|52\/100\n|-clearboost|p1b: Ceruledge\n|\n|-heal|p1b: Ceruledge|59\/100|[from] item: Leftovers\n|upkeep\n|turn|7\n|inactive|Charlisito has 30 seconds left.\n|\n|t:|1683255048\n|move|p2a: Amoonguss|Rage Powder|p2a: Amoonguss\n|-singleturn|p2a: Amoonguss|move: Rage Powder\n|move|p1b: Ceruledge|Bitter Blade|p2a: Amoonguss\n|-resisted|p2a: Amoonguss\n|-damage|p2a: Amoonguss|71\/100 par\n|-heal|p1b: Ceruledge|68\/100|[from] drain|[of] p2a: Amoonguss\n|move|p2b: Bellibolt|Volt Switch|p1b: Ceruledge\n|-resisted|p1b: Ceruledge\n|-damage|p1b: Ceruledge|61\/100\n|\n|t:|1683255058\n|switch|p2b: Arcanine|Arcanine, L50, M|63\/100|[from] Volt Switch\n|-ability|p2b: Arcanine|Intimidate|boost\n|-unboost|p1a: Ting-Lu|atk|1\n|-unboost|p1b: Ceruledge|atk|1\n|move|p1a: Ting-Lu|Ruination|p2a: Amoonguss\n|-damage|p2a: Amoonguss|36\/100 par\n|-enditem|p2a: Amoonguss|Sitrus Berry|[eat]\n|-heal|p2a: Amoonguss|61\/100 par|[from] item: Sitrus Berry\n|\n|-heal|p1b: Ceruledge|67\/100|[from] item: Leftovers\n|upkeep\n|turn|8\n|\n|t:|1683255074\n|move|p2b: Arcanine|Will-O-Wisp|p1a: Ting-Lu\n|-status|p1a: Ting-Lu|brn\n|move|p1b: Ceruledge|Bulk Up|p1b: Ceruledge\n|-boost|p1b: Ceruledge|atk|1\n|-boost|p1b: Ceruledge|def|1\n|move|p1a: Ting-Lu|Ruination|p2a: Amoonguss\n|-damage|p2a: Amoonguss|31\/100 par\n|cant|p2a: Amoonguss|par\n|\n|-heal|p1b: Ceruledge|73\/100|[from] item: Leftovers\n|-damage|p1a: Ting-Lu|94\/100 brn|[from] brn\n|upkeep\n|turn|9\n|inactive|Charlisito has 30 seconds left.\n|\n|t:|1683255106\n|switch|p2b: Flutter Mane|Flutter Mane, L50|100\/100\n|move|p1b: Ceruledge|Shadow Sneak|p2a: Amoonguss\n|-damage|p2a: Amoonguss|16\/100 par\n|move|p1a: Ting-Lu|Ruination|p2b: Flutter Mane\n|-damage|p2b: Flutter Mane|50\/100\n|cant|p2a: Amoonguss|par\n|\n|-heal|p1b: Ceruledge|79\/100|[from] item: Leftovers\n|-damage|p1a: Ting-Lu|88\/100 brn|[from] brn\n|upkeep\n|turn|10\n|\n|t:|1683255121\n|switch|p2a: Arcanine|Arcanine, L50, M|63\/100\n|-ability|p2a: Arcanine|Intimidate|boost\n|-unboost|p1a: Ting-Lu|atk|1\n|-unboost|p1b: Ceruledge|atk|1\n|move|p1b: Ceruledge|Shadow Sneak|p2b: Flutter Mane\n|-supereffective|p2b: Flutter Mane\n|-damage|p2b: Flutter Mane|9\/100\n|move|p2b: Flutter Mane|Shadow Ball|p1b: Ceruledge\n|-damage|p1b: Ceruledge|54\/100\n|move|p1a: Ting-Lu|Stomping Tantrum|p2a: Arcanine\n|-supereffective|p2a: Arcanine\n|-damage|p2a: Arcanine|48\/100\n|\n|-heal|p1b: Ceruledge|60\/100|[from] item: Leftovers\n|-damage|p1a: Ting-Lu|82\/100 brn|[from] brn\n|upkeep\n|turn|11\n|\n|t:|1683255141\n|switch|p2a: Amoonguss|Amoonguss, L50, M, tera:Water|49\/100 par\n|switch|p1a: Gyarados|Gyarados, L50, F|89\/100 brn\n|-ability|p1a: Gyarados|Intimidate|boost\n|-unboost|p2a: Amoonguss|atk|1\n|-unboost|p2b: Flutter Mane|atk|1\n|move|p2b: Flutter Mane|Protect|p2b: Flutter Mane\n|-singleturn|p2b: Flutter Mane|Protect\n|move|p1b: Ceruledge|Shadow Sneak|p2b: Flutter Mane\n|-activate|p2b: Flutter Mane|move: Protect\n|\n|-heal|p1b: Ceruledge|66\/100|[from] item: Leftovers\n|-damage|p1a: Gyarados|83\/100 brn|[from] brn\n|upkeep\n|turn|12\n|\n|t:|1683255156\n|-end|p2b: Flutter Mane|Protosynthesis|[silent]\n|switch|p2b: Arcanine|Arcanine, L50, M|48\/100\n|-ability|p2b: Arcanine|Intimidate|boost\n|-unboost|p1a: Gyarados|atk|1\n|-unboost|p1b: Ceruledge|atk|1\n|switch|p1a: Ting-Lu|Ting-Lu, L50|82\/100 brn\n|-ability|p1a: Ting-Lu|Vessel of Ruin\n|switch|p2a: Bellibolt|Bellibolt, L50, F|100\/100\n|move|p1b: Ceruledge|Shadow Sneak|p2b: Arcanine\n|-damage|p2b: Arcanine|38\/100\n|\n|-heal|p1b: Ceruledge|72\/100|[from] item: Leftovers\n|-damage|p1a: Ting-Lu|76\/100 brn|[from] brn\n|upkeep\n|turn|13\n|\n|t:|1683255174\n|move|p2b: Arcanine|Protect|p2b: Arcanine\n|-singleturn|p2b: Arcanine|Protect\n|move|p1b: Ceruledge|Bulk Up|p1b: Ceruledge\n|-boost|p1b: Ceruledge|atk|1\n|-boost|p1b: Ceruledge|def|1\n|move|p2a: Bellibolt|Muddy Water|p1b: Ceruledge|[spread] p1a,p1b\n|-supereffective|p1a: Ting-Lu\n|-resisted|p1b: Ceruledge\n|-damage|p1a: Ting-Lu|63\/100 brn\n|-damage|p1b: Ceruledge|67\/100\n|move|p1a: Ting-Lu|Stomping Tantrum|p2b: Arcanine\n|-activate|p2b: Arcanine|move: Protect\n|\n|-heal|p1b: Ceruledge|73\/100|[from] item: Leftovers\n|-damage|p1a: Ting-Lu|57\/100 brn|[from] brn\n|upkeep\n|turn|14\n|\n|t:|1683255190\n|switch|p2b: Amoonguss|Amoonguss, L50, M, tera:Water|82\/100 par\n|move|p1b: Ceruledge|Bulk Up|p1b: Ceruledge\n|-boost|p1b: Ceruledge|atk|1\n|-boost|p1b: Ceruledge|def|1\n|move|p1a: Ting-Lu|Stomping Tantrum|p2b: Amoonguss\n|-damage|p2b: Amoonguss|70\/100 par\n|move|p2a: Bellibolt|Volt Switch|p1b: Ceruledge\n|-resisted|p1b: Ceruledge\n|-crit|p1b: Ceruledge\n|-damage|p1b: Ceruledge|62\/100\n|\n|t:|1683255192\n|switch|p2a: Arcanine|Arcanine, L50, M|38\/100|[from] Volt Switch\n|-ability|p2a: Arcanine|Intimidate|boost\n|-unboost|p1a: Ting-Lu|atk|1\n|-unboost|p1b: Ceruledge|atk|1\n|\n|-heal|p1b: Ceruledge|68\/100|[from] item: Leftovers\n|-damage|p1a: Ting-Lu|51\/100 brn|[from] brn\n|upkeep\n|turn|15\n|inactive|Charlisito has 30 seconds left.\n|\n|t:|1683255218\n|move|p2a: Arcanine|Extreme Speed|p1b: Ceruledge\n|-damage|p1b: Ceruledge|57\/100\n|move|p1b: Ceruledge|Bitter Blade|p2a: Arcanine\n|-resisted|p2a: Arcanine\n|-damage|p2a: Arcanine|24\/100\n|-heal|p1b: Ceruledge|65\/100|[from] drain|[of] p2a: Arcanine\n|move|p1a: Ting-Lu|Ruination|p2b: Amoonguss\n|-damage|p2b: Amoonguss|35\/100 par\n|move|p2b: Amoonguss|Pollen Puff|p2a: Arcanine\n|-heal|p2a: Arcanine|74\/100\n|\n|-heal|p1b: Ceruledge|71\/100|[from] item: Leftovers\n|-damage|p1a: Ting-Lu|45\/100 brn|[from] brn\n|upkeep\n|turn|16\n|\n|t:|1683255240\n|switch|p2b: Bellibolt|Bellibolt, L50, F|100\/100\n|move|p1b: Ceruledge|Shadow Sneak|p2b: Bellibolt\n|-damage|p2b: Bellibolt|91\/100\n|-start|p2b: Bellibolt|Charge|Shadow Sneak|[from] ability: Electromorphosis\n|move|p2a: Arcanine|Flare Blitz|p1a: Ting-Lu\n|-damage|p1a: Ting-Lu|22\/100 brn\n|-damage|p2a: Arcanine|64\/100|[from] Recoil\n|move|p1a: Ting-Lu|Rock Slide|p2b: Bellibolt|[spread] p2a,p2b\n|-supereffective|p2a: Arcanine\n|-damage|p2a: Arcanine|54\/100\n|-damage|p2b: Bellibolt|87\/100\n|-start|p2b: Bellibolt|Charge|Rock Slide|[from] ability: Electromorphosis\n|\n|-heal|p1b: Ceruledge|77\/100|[from] item: Leftovers\n|-damage|p1a: Ting-Lu|15\/100 brn|[from] brn\n|upkeep\n|turn|17\n|inactive|Charlisito has 30 seconds left.\n|inactive|Charlisito has 20 seconds left.\n|inactive|Charlisito has 15 seconds left.\n|inactive|Charlisito has 10 seconds left.\n|\n|t:|1683255288\n|switch|p2a: Amoonguss|Amoonguss, L50, M, tera:Water|69\/100 par\n|move|p1b: Ceruledge|Bulk Up|p1b: Ceruledge\n|-boost|p1b: Ceruledge|atk|1\n|-boost|p1b: Ceruledge|def|1\n|move|p1a: Ting-Lu|Ruination|p2a: Amoonguss\n|-damage|p2a: Amoonguss|35\/100 par\n|move|p2b: Bellibolt|Volt Switch|p1b: Ceruledge\n|-resisted|p1b: Ceruledge\n|-damage|p1b: Ceruledge|62\/100\n|-end|p2b: Bellibolt|Charge|[silent]\n|\n|t:|1683255290\n|switch|p2b: Arcanine|Arcanine, L50, M|54\/100|[from] Volt Switch\n|-ability|p2b: Arcanine|Intimidate|boost\n|-unboost|p1a: Ting-Lu|atk|1\n|-unboost|p1b: Ceruledge|atk|1\n|\n|-heal|p1b: Ceruledge|68\/100|[from] item: Leftovers\n|-damage|p1a: Ting-Lu|9\/100 brn|[from] brn\n|upkeep\n|turn|18\n|\n|t:|1683255315\n|switch|p2a: Bellibolt|Bellibolt, L50, F|87\/100\n|move|p2b: Arcanine|Extreme Speed|p1a: Ting-Lu\n|-damage|p1a: Ting-Lu|0 fnt\n|faint|p1a: Ting-Lu\n|move|p1b: Ceruledge|Shadow Sneak|p2a: Bellibolt\n|-damage|p2a: Bellibolt|75\/100\n|-start|p2a: Bellibolt|Charge|Shadow Sneak|[from] ability: Electromorphosis\n|\n|-heal|p1b: Ceruledge|75\/100|[from] item: Leftovers\n|upkeep\n|\n|t:|1683255325\n|switch|p1a: Gyarados|Gyarados, L50, F|83\/100 brn\n|-ability|p1a: Gyarados|Intimidate|boost\n|-unboost|p2a: Bellibolt|atk|1\n|-unboost|p2b: Arcanine|atk|1\n|turn|19\n|\n|t:|1683255337\n|switch|p2b: Amoonguss|Amoonguss, L50, M, tera:Water|68\/100 par\n|move|p1b: Ceruledge|Bulk Up|p1b: Ceruledge\n|-boost|p1b: Ceruledge|atk|1\n|-boost|p1b: Ceruledge|def|1\n|move|p1a: Gyarados|Waterfall|p2b: Amoonguss\n|-resisted|p2b: Amoonguss\n|-damage|p2b: Amoonguss|61\/100 par\n|move|p2a: Bellibolt|Volt Switch|p1a: Gyarados\n|-supereffective|p1a: Gyarados\n|-damage|p1a: Gyarados|0 fnt\n|faint|p1a: Gyarados\n|-end|p2a: Bellibolt|Charge|[silent]\n|\n|t:|1683255340\n|switch|p2a: Flutter Mane|Flutter Mane, L50|9\/100|[from] Volt Switch\n|\n|-heal|p1b: Ceruledge|81\/100|[from] item: Leftovers\n|upkeep\n|turn|20\n|\n|t:|1683255353\n|move|p2a: Flutter Mane|Protect|p2a: Flutter Mane\n|-singleturn|p2a: Flutter Mane|Protect\n|move|p1b: Ceruledge|Shadow Sneak|p2a: Flutter Mane\n|-activate|p2a: Flutter Mane|move: Protect\n|move|p2b: Amoonguss|Clear Smog|p1b: Ceruledge\n|-supereffective|p1b: Ceruledge\n|-damage|p1b: Ceruledge|57\/100\n|-clearboost|p1b: Ceruledge\n|\n|-heal|p1b: Ceruledge|63\/100|[from] item: Leftovers\n|upkeep\n|turn|21\n|\n|t:|1683255370\n|move|p2b: Amoonguss|Rage Powder|p2b: Amoonguss\n|-singleturn|p2b: Amoonguss|move: Rage Powder\n|move|p1b: Ceruledge|Shadow Sneak|p2a: Flutter Mane\n|-supereffective|p2a: Flutter Mane\n|-damage|p2a: Flutter Mane|0 fnt\n|faint|p2a: Flutter Mane\n|-end|p2a: Flutter Mane|Protosynthesis|[silent]\n|\n|-heal|p1b: Ceruledge|70\/100|[from] item: Leftovers\n|upkeep\n|\n|t:|1683255378\n|switch|p2a: Arcanine|Arcanine, L50, M|54\/100\n|-ability|p2a: Arcanine|Intimidate|boost\n|-unboost|p1b: Ceruledge|atk|1\n|turn|22\n|\n|t:|1683255388\n|move|p1b: Ceruledge|Protect|p1b: Ceruledge\n|-singleturn|p1b: Ceruledge|Protect\n|move|p2a: Arcanine|Extreme Speed|p1b: Ceruledge\n|-activate|p1b: Ceruledge|move: Protect\n|move|p2b: Amoonguss|Pollen Puff|p2a: Arcanine\n|-heal|p2a: Arcanine|100\/100\n|\n|-heal|p1b: Ceruledge|76\/100|[from] item: Leftovers\n|upkeep\n|turn|23\n|inactive|Charlisito has 30 seconds left.\n|inactive|Charlisito has 20 seconds left.\n|inactive|Charlisito has 15 seconds left.\n|inactive|Charlisito has 10 seconds left.\n|inactive|Charlisito has 5 seconds left.\n|-message|Charlisito lost due to inactivity.\n|\n|win|Beamtime Teamtime\n|raw|Beamtime Teamtime's rating: 1344 → 1363<\/strong> (+19 for winning)\n|raw|Charlisito's rating: 1327 → 1308<\/strong> (-19 for losing)\n|l|\u2606Beamtime Teamtime\n","uploadtime":1683255536,"views":9,"p1id":"beamtimeteamtime","p2id":"charlisito","formatid":"gen9vgc2023regulationc","rating":1308,"private":0,"password":""}