{"id":"gen9vgc2023regulationc-1858909644","p1":"M4tty02","p2":"Keter.Kun","format":"[Gen 9] VGC 2023 Regulation C","log":"|j|\u2606M4tty02\n|j|\u2606Keter.Kun\n|t:|1683382210\n|gametype|doubles\n|player|p1|M4tty02|emmet|\n|player|p2|Keter.Kun|2|\n|teamsize|p1|6\n|teamsize|p2|6\n|gen|9\n|tier|[Gen 9] VGC 2023 Regulation C\n|rule|Species Clause: Limit one of each Pok\u00e9mon\n|rule|Item Clause: Limit one of each item\n|clearpoke\n|poke|p1|Chi-Yu, L50|\n|poke|p1|Flutter Mane, L50|\n|poke|p1|Amoonguss, L50, M|\n|poke|p1|Iron Hands, L50|\n|poke|p1|Palafin, L50, F|\n|poke|p1|Arcanine, L50, M|\n|poke|p2|Volcarona, L50, M|\n|poke|p2|Oricorio-Pom-Pom, L50, F|\n|poke|p2|Amoonguss, L50, F|\n|poke|p2|Iron Bundle, L50|\n|poke|p2|Great Tusk, L50|\n|poke|p2|Kingambit, L50, F|\n|teampreview|4\nM4tty02 has agreed to open team sheets.\nKeter.Kun has agreed to open team sheets.\n|j| lucarioex555\n|\n|t:|1683382234\n|start\n|switch|p1a: Chi-Yu|Chi-Yu, L50|100\/100\n|switch|p1b: Palafin|Palafin, L50, F, shiny|100\/100\n|switch|p2a: Volcarona|Volcarona, L50, M|100\/100\n|switch|p2b: Oricorio|Oricorio-Pom-Pom, L50, F|100\/100\n|-ability|p1a: Chi-Yu|Beads of Ruin\n|turn|1\n|inactive|Battle timer is ON: inactive players will automatically lose when time's up. (requested by Keter.Kun)\n|\n|t:|1683382261\n|detailschange|p1b: Palafin|Palafin-Hero, L50, F, shiny\n|switch|p1b: Iron Hands|Iron Hands, L50|100\/100\n|-terastallize|p1a: Chi-Yu|Grass\n|-terastallize|p2a: Volcarona|Water\n|move|p2b: Oricorio|Protect|p2b: Oricorio\n|-singleturn|p2b: Oricorio|Protect\n|move|p1a: Chi-Yu|Tera Blast|p2a: Volcarona\n|-supereffective|p2a: Volcarona\n|-damage|p2a: Volcarona|0 fnt\n|faint|p2a: Volcarona\n|\n|upkeep\n|c|\u2606Keter.Kun|gg\n|c|\u2606M4tty02|gg\n|\n|t:|1683382275\n|switch|p2a: Amoonguss|Amoonguss, L50, F|100\/100\n|turn|2\n|inactive|M4tty02 has 30 seconds left.\n|\n|t:|1683382301\n|switch|p1a: Flutter Mane|Flutter Mane, L50|100\/100\n|-enditem|p1a: Flutter Mane|Booster Energy\n|-activate|p1a: Flutter Mane|ability: Protosynthesis|[fromitem]\n|-start|p1a: Flutter Mane|protosynthesisspa\n|move|p1b: Iron Hands|Fake Out|p2b: Oricorio\n|-damage|p2b: Oricorio|78\/100\n|cant|p2b: Oricorio|flinch\n|move|p2a: Amoonguss|Spore|p1b: Iron Hands\n|-status|p1b: Iron Hands|slp|[from] move: Spore\n|\n|upkeep\n|turn|3\n|\n|t:|1683382325\n|move|p1a: Flutter Mane|Protect|p1a: Flutter Mane\n|-singleturn|p1a: Flutter Mane|Protect\n|move|p2b: Oricorio|Air Slash|p1b: Iron Hands\n|-damage|p1b: Iron Hands|83\/100 slp\n|cant|p1b: Iron Hands|slp\n|move|p2a: Amoonguss|Spore|p1a: Flutter Mane\n|-activate|p1a: Flutter Mane|move: Protect\n|\n|upkeep\n|turn|4\n|\n|t:|1683382339\n|-end|p1a: Flutter Mane|Protosynthesis|[silent]\n|switch|p1a: Chi-Yu|Chi-Yu, L50, tera:Grass|100\/100\n|-ability|p1a: Chi-Yu|Beads of Ruin\n|move|p2b: Oricorio|Air Slash|p1a: Chi-Yu\n|-supereffective|p1a: Chi-Yu\n|-damage|p1a: Chi-Yu|21\/100\n|cant|p1b: Iron Hands|slp\n|move|p2a: Amoonguss|Clear Smog|p1a: Chi-Yu\n|-supereffective|p1a: Chi-Yu\n|-damage|p1a: Chi-Yu|0 fnt\n|-clearboost|p1a: Chi-Yu\n|faint|p1a: Chi-Yu\n|\n|upkeep\n|\n|t:|1683382353\n|switch|p1a: Flutter Mane|Flutter Mane, L50|100\/100\n|turn|5\n|\n|t:|1683382358\n|move|p2b: Oricorio|Protect|p2b: Oricorio\n|-singleturn|p2b: Oricorio|Protect\n|move|p1a: Flutter Mane|Protect|p1a: Flutter Mane\n|-singleturn|p1a: Flutter Mane|Protect\n|-curestatus|p1b: Iron Hands|slp|[msg]\n|move|p1b: Iron Hands|Volt Switch|p2b: Oricorio\n|-activate|p2b: Oricorio|move: Protect\n|move|p2a: Amoonguss|Spore|p1b: Iron Hands\n|-status|p1b: Iron Hands|slp|[from] move: Spore\n|\n|upkeep\n|turn|6\n|\n|t:|1683382381\n|move|p1a: Flutter Mane|Shadow Ball|p2a: Amoonguss\n|-damage|p2a: Amoonguss|62\/100\n|move|p2b: Oricorio|Air Slash|p1b: Iron Hands\n|-damage|p1b: Iron Hands|69\/100 slp\n|cant|p1b: Iron Hands|slp\n|move|p2a: Amoonguss|Spore|p1a: Flutter Mane\n|-status|p1a: Flutter Mane|slp|[from] move: Spore\n|\n|upkeep\n|turn|7\n|inactive|M4tty02 has 30 seconds left.\n|inactive|Keter.Kun has 30 seconds left.\n|\n|t:|1683382407\n|-end|p1a: Flutter Mane|Protosynthesis|[silent]\n|switch|p1a: Palafin|Palafin-Hero, L50, F, shiny|100\/100\n|-activate|p1a: Palafin|ability: Zero to Hero\n|move|p2b: Oricorio|Air Slash|p1b: Iron Hands\n|-damage|p1b: Iron Hands|52\/100 slp\n|-curestatus|p1b: Iron Hands|slp|[msg]\n|cant|p1b: Iron Hands|flinch\n|move|p2a: Amoonguss|Pollen Puff|p2b: Oricorio\n|-heal|p2b: Oricorio|100\/100\n|\n|upkeep\n|turn|8\n|inactive|Keter.Kun has 30 seconds left.\n|inactive|Keter.Kun has 20 seconds left.\n|\n|t:|1683382444\n|-end|p1b: Iron Hands|Quark Drive|[silent]\n|switch|p1b: Flutter Mane|Flutter Mane, L50|100\/100 slp\n|move|p1a: Palafin|Protect|p1a: Palafin\n|-singleturn|p1a: Palafin|Protect\n|move|p2b: Oricorio|Revelation Dance|p1a: Palafin\n|-activate|p1a: Palafin|move: Protect\n|move|p2a: Amoonguss|Clear Smog|p1b: Flutter Mane\n|-damage|p1b: Flutter Mane|87\/100 slp\n|-clearboost|p1b: Flutter Mane\n|\n|upkeep\n|turn|9\n|inactive|Keter.Kun has 30 seconds left.\n|\n|t:|1683382474\n|switch|p1a: Iron Hands|Iron Hands, L50|52\/100\n|cant|p1b: Flutter Mane|slp\n|move|p2b: Oricorio|Air Slash|p1b: Flutter Mane\n|-damage|p1b: Flutter Mane|59\/100 slp\n|move|p2a: Amoonguss|Spore|p1a: Iron Hands\n|-status|p1a: Iron Hands|slp|[from] move: Spore\n|\n|upkeep\n|turn|10\n|inactive|Keter.Kun has 30 seconds left.\n|\n|t:|1683382499\n|cant|p1a: Iron Hands|slp\n|move|p2b: Oricorio|Revelation Dance|p1b: Flutter Mane\n|-damage|p1b: Flutter Mane|25\/100 slp\n|-curestatus|p1b: Flutter Mane|slp|[msg]\n|move|p1b: Flutter Mane|Shadow Ball|p2a: Amoonguss\n|-damage|p2a: Amoonguss|26\/100\n|move|p2a: Amoonguss|Clear Smog|p1b: Flutter Mane\n|-crit|p1b: Flutter Mane\n|-damage|p1b: Flutter Mane|3\/100\n|-clearboost|p1b: Flutter Mane\n|\n|upkeep\n|turn|11\n|\n|t:|1683382522\n|switch|p2a: Iron Bundle|Iron Bundle, L50|100\/100\n|-enditem|p2a: Iron Bundle|Booster Energy\n|-activate|p2a: Iron Bundle|ability: Quark Drive|[fromitem]\n|-start|p2a: Iron Bundle|quarkdrivespe\n|move|p1b: Flutter Mane|Dazzling Gleam|p2b: Oricorio|[spread] p2a,p2b\n|-damage|p2a: Iron Bundle|25\/100\n|-damage|p2b: Oricorio|44\/100\n|move|p2b: Oricorio|Air Slash|p1a: Iron Hands\n|-damage|p1a: Iron Hands|35\/100 slp\n|cant|p1a: Iron Hands|slp\n|\n|upkeep\n|turn|12\n|inactive|M4tty02 has 30 seconds left.\n|\n|t:|1683382547\n|move|p1b: Flutter Mane|Protect|p1b: Flutter Mane\n|-singleturn|p1b: Flutter Mane|Protect\n|move|p2a: Iron Bundle|Icy Wind|p1b: Flutter Mane|[spread] p1a\n|-activate|p1b: Flutter Mane|move: Protect\n|-damage|p1a: Iron Hands|25\/100 slp\n|-unboost|p1a: Iron Hands|spe|1\n|move|p2b: Oricorio|Air Slash|p1a: Iron Hands\n|-damage|p1a: Iron Hands|9\/100 slp\n|cant|p1a: Iron Hands|slp\n|\n|upkeep\n|turn|13\n|\n|t:|1683382568\n|-end|p1b: Flutter Mane|Protosynthesis|[silent]\n|switch|p1b: Palafin|Palafin-Hero, L50, F, shiny|100\/100\n|move|p2a: Iron Bundle|Icy Wind|p1a: Iron Hands|[spread] p1a,p1b\n|-crit|p1a: Iron Hands\n|-resisted|p1b: Palafin\n|-damage|p1a: Iron Hands|0 fnt\n|-damage|p1b: Palafin|90\/100\n|-unboost|p1b: Palafin|spe|1\n|faint|p1a: Iron Hands\n|-end|p1a: Iron Hands|Quark Drive|[silent]\n|move|p2b: Oricorio|Revelation Dance|p1b: Palafin\n|-supereffective|p1b: Palafin\n|-damage|p1b: Palafin|12\/100\n|\n|upkeep\n|\n|t:|1683382574\n|switch|p1a: Flutter Mane|Flutter Mane, L50|3\/100\n|turn|14\n|inactive|Keter.Kun has 30 seconds left.\n|inactive|Keter.Kun has 20 seconds left.\n|\n|t:|1683382610\n|move|p1b: Palafin|Jet Punch|p2a: Iron Bundle\n|-resisted|p2a: Iron Bundle\n|-damage|p2a: Iron Bundle|0 fnt\n|faint|p2a: Iron Bundle\n|-end|p2a: Iron Bundle|Quark Drive|[silent]\n|move|p1a: Flutter Mane|Moonblast|p2b: Oricorio\n|-damage|p2b: Oricorio|0 fnt\n|faint|p2b: Oricorio\n|\n|upkeep\n|\n|t:|1683382633\n|switch|p2b: Amoonguss|Amoonguss, L50, F|59\/100\n|turn|15\n|\n|t:|1683382643\n|move|p1a: Flutter Mane|Shadow Ball|p2b: Amoonguss\n|-damage|p2b: Amoonguss|18\/100\n|-enditem|p2b: Amoonguss|Aguav Berry|[eat]\n|-heal|p2b: Amoonguss|51\/100|[from] item: Aguav Berry\n|move|p1b: Palafin|Wave Crash|p2b: Amoonguss\n|-resisted|p2b: Amoonguss\n|-damage|p2b: Amoonguss|15\/100\n|-damage|p1b: Palafin|0 fnt|[from] Recoil\n|faint|p1b: Palafin\n|move|p2b: Amoonguss|Clear Smog|p1a: Flutter Mane\n|-damage|p1a: Flutter Mane|0 fnt\n|-clearboost|p1a: Flutter Mane\n|faint|p1a: Flutter Mane\n|-end|p1a: Flutter Mane|Protosynthesis|[silent]\n|\n|win|Keter.Kun\n|c|\u2606Keter.Kun|gg\n|c|\u2606M4tty02|gg\n|l|\u2606Keter.Kun\n|l| lucarioex555\n","uploadtime":1683383062,"views":9,"p1id":"m4tty02","p2id":"keterkun","formatid":"gen9vgc2023regulationc","rating":0,"private":0,"password":""}