{"id":"gen9vgc2023regulationc-1861984056","p1":"buggahz349","p2":"Grandmas Cookin","format":"[Gen 9] VGC 2023 Regulation C","log":"|j|\u2606buggahz349\n|j|\u2606Grandmas Cookin\n|t:|1683826320\n|gametype|doubles\n|player|p1|buggahz349|n|\n|player|p2|Grandmas Cookin|#scl1dynamos|\n|teamsize|p1|6\n|teamsize|p2|6\n|gen|9\n|tier|[Gen 9] VGC 2023 Regulation C\n|rated|Tournament battle\n|rule|Species Clause: Limit one of each Pok\u00e9mon\n|rule|Item Clause: Limit one of each item\n|clearpoke\n|poke|p1|Sylveon, L50, M|\n|poke|p1|Gothitelle, L50, M|\n|poke|p1|Garganacl, L50, F|\n|poke|p1|Ting-Lu, L50|\n|poke|p1|Iron Hands, L50|\n|poke|p1|Mimikyu, L50, M|\n|poke|p2|Arcanine, L50, F|\n|poke|p2|Palafin, L50, M|\n|poke|p2|Amoonguss, L50, F|\n|poke|p2|Chien-Pao, L50|\n|poke|p2|Dragonite, L50, M|\n|poke|p2|Flutter Mane, L50|\n|teampreview|4\n|raw| Open Team Sheet for buggahz349<\/summary>Sylveon @ Choice Specs Ability: Pixilate Level: 50 Shiny: Yes Tera Type: Fairy - Hyper Voice - Hyper Beam - Psyshock - Quick Attack Gothitelle @ Safety Goggles Ability: Shadow Tag Level: 50 Shiny: Yes Tera Type: Fairy - Fake Out - Trick Room - Psyshock - Protect Garganacl @ Leftovers Ability: Purifying Salt Level: 50 Shiny: Yes Tera Type: Flying - Salt Cure - Protect - Recover - Wide Guard Ting-Lu @ Choice Band Ability: Vessel of Ruin Level: 50 Tera Type: Poison - Stomping Tantrum - Throat Chop - Tera Blast - Rock Slide Iron Hands @ Assault Vest Ability: Quark Drive Level: 50 Shiny: Yes Tera Type: Fire - Fake Out - Wild Charge - Drain Punch - Fire Punch Mimikyu @ Life Orb Ability: Disguise Level: 50 Shiny: Yes Tera Type: Fairy - Trick Room - Taunt - Play Rough - Shadow Claw <\/details><\/div> Open Team Sheet for Grandmas Cookin<\/summary>Arcanine @ Safety Goggles Ability: Intimidate Level: 50 Tera Type: Grass - Flare Blitz - Extreme Speed - Will-O-Wisp - Howl Palafin @ Life Orb Ability: Zero to Hero Level: 50 Tera Type: Grass - Protect - Wave Crash - Tera Blast - Jet Punch Amoonguss @ Sitrus Berry Ability: Regenerator Level: 50 Tera Type: Water - Protect - Pollen Puff - Spore - Rage Powder Chien-Pao @ Focus Sash Ability: Sword of Ruin Level: 50 Tera Type: Ghost - Protect - Sucker Punch - Sacred Sword - Ice Spinner Dragonite @ Assault Vest Ability: Multiscale Level: 50 Tera Type: Flying - Tera Blast - Extreme Speed - Low Kick - Stomping Tantrum Flutter Mane @ Booster Energy Ability: Protosynthesis Level: 50 Tera Type: Fairy - Protect - Shadow Ball - Substitute - Moonblast <\/details><\/div>\n|inactive|Battle timer is ON: inactive players will automatically lose when time's up. (requested by Grandmas Cookin)\n|j| NeuroticTC\n|c|\u2606Grandmas Cookin|hf\n|c|\u2606buggahz349|glhf\n|c|\u2606buggahz349|gotta stop the 2peat\n|inactive|buggahz349 has 60 seconds left.\n|inactive|Grandmas Cookin has 60 seconds left.\n|\n|t:|1683826362\n|start\n|switch|p1a: Gothitelle|Gothitelle, L50, M, shiny|100\/100\n|switch|p1b: Iron Hands|Iron Hands, L50, shiny|100\/100\n|switch|p2a: Flutter Mane|Flutter Mane, L50|100\/100\n|switch|p2b: Amoonguss|Amoonguss, L50, F|100\/100\n|-enditem|p2a: Flutter Mane|Booster Energy\n|-activate|p2a: Flutter Mane|ability: Protosynthesis|[fromitem]\n|-start|p2a: Flutter Mane|protosynthesisspa\n|turn|1\n|inactive|buggahz349 has 30 seconds left.\n|inactive|buggahz349 has 20 seconds left.\n|inactive|buggahz349 has 15 seconds left.\n|inactive|buggahz349 has 10 seconds left.\n|\n|t:|1683826411\n|-end|p1b: Iron Hands|Quark Drive|[silent]\n|switch|p1b: Garganacl|Garganacl, L50, F, shiny|100\/100\n|move|p2a: Flutter Mane|Shadow Ball|p1a: Gothitelle\n|-supereffective|p1a: Gothitelle\n|-damage|p1a: Gothitelle|22\/100\n|move|p1a: Gothitelle|Psyshock|p2a: Flutter Mane\n|-damage|p2a: Flutter Mane|49\/100\n|move|p2b: Amoonguss|Spore|p1b: Garganacl\n|-immune|p1b: Garganacl|[from] ability: Purifying Salt\n|\n|upkeep\n|turn|2\n|j| Mumumumum\n|\n|t:|1683826433\n|move|p2a: Flutter Mane|Moonblast|p1a: Gothitelle\n|-damage|p1a: Gothitelle|0 fnt\n|faint|p1a: Gothitelle\n|move|p2b: Amoonguss|Pollen Puff|p2a: Flutter Mane\n|-heal|p2a: Flutter Mane|99\/100\n|move|p1b: Garganacl|Salt Cure|p2b: Amoonguss\n|-damage|p2b: Amoonguss|88\/100\n|-start|p2b: Amoonguss|Salt Cure\n|\n|-damage|p2b: Amoonguss|76\/100|[from] Salt Cure\n|upkeep\n|\n|t:|1683826444\n|switch|p1a: Iron Hands|Iron Hands, L50, shiny|100\/100\n|turn|3\n|\n|t:|1683826454\n|-terastallize|p1a: Iron Hands|Fire\n|move|p2a: Flutter Mane|Protect|p2a: Flutter Mane\n|-singleturn|p2a: Flutter Mane|Protect\n|move|p1a: Iron Hands|Fake Out|p2b: Amoonguss\n|-damage|p2b: Amoonguss|61\/100\n|cant|p2b: Amoonguss|flinch\n|move|p1b: Garganacl|Salt Cure|p2a: Flutter Mane\n|-activate|p2a: Flutter Mane|move: Protect\n|\n|-damage|p2b: Amoonguss|48\/100|[from] Salt Cure\n|upkeep\n|-enditem|p2b: Amoonguss|Sitrus Berry|[eat]\n|-heal|p2b: Amoonguss|73\/100|[from] item: Sitrus Berry\n|turn|4\n|\n|t:|1683826466\n|move|p2a: Flutter Mane|Shadow Ball|p1a: Iron Hands\n|-damage|p1a: Iron Hands|71\/100\n|-unboost|p1a: Iron Hands|spd|1\n|move|p1a: Iron Hands|Fire Punch|p2b: Amoonguss\n|-supereffective|p2b: Amoonguss\n|-damage|p2b: Amoonguss|0 fnt\n|faint|p2b: Amoonguss\n|move|p1b: Garganacl|Salt Cure|p2a: Flutter Mane\n|-damage|p2a: Flutter Mane|72\/100\n|-start|p2a: Flutter Mane|Salt Cure\n|\n|-damage|p2a: Flutter Mane|60\/100|[from] Salt Cure\n|upkeep\n|\n|t:|1683826472\n|switch|p2b: Dragonite|Dragonite, L50, M|100\/100\n|turn|5\n|\n|t:|1683826483\n|-end|p1a: Iron Hands|Quark Drive|[silent]\n|switch|p1a: Ting-Lu|Ting-Lu, L50|100\/100\n|-ability|p1a: Ting-Lu|Vessel of Ruin\n|move|p2a: Flutter Mane|Shadow Ball|p1a: Ting-Lu\n|-resisted|p1a: Ting-Lu\n|-damage|p1a: Ting-Lu|85\/100\n|-unboost|p1a: Ting-Lu|spd|1\n|move|p2b: Dragonite|Stomping Tantrum|p1a: Ting-Lu\n|-damage|p1a: Ting-Lu|67\/100\n|move|p1b: Garganacl|Salt Cure|p2b: Dragonite\n|-supereffective|p2b: Dragonite\n|-damage|p2b: Dragonite|87\/100\n|-start|p2b: Dragonite|Salt Cure\n|\n|-damage|p2a: Flutter Mane|48\/100|[from] Salt Cure\n|-damage|p2b: Dragonite|74\/100|[from] Salt Cure\n|upkeep\n|turn|6\n|j| appokalypstik\n|inactive|buggahz349 has 30 seconds left.\n|l| appokalypstik\n|\n|t:|1683826518\n|move|p2a: Flutter Mane|Moonblast|p1b: Garganacl\n|-damage|p1b: Garganacl|57\/100\n|move|p2b: Dragonite|Low Kick|p1b: Garganacl\n|-supereffective|p1b: Garganacl\n|-damage|p1b: Garganacl|8\/100\n|move|p1a: Ting-Lu|Rock Slide|p2b: Dragonite|[spread] p2a,p2b\n|-supereffective|p2b: Dragonite\n|-damage|p2a: Flutter Mane|0 fnt\n|-damage|p2b: Dragonite|19\/100\n|faint|p2a: Flutter Mane\n|-end|p2a: Flutter Mane|Protosynthesis|[silent]\n|move|p1b: Garganacl|Salt Cure|p2b: Dragonite\n|-supereffective|p2b: Dragonite\n|-damage|p2b: Dragonite|0 fnt\n|faint|p2b: Dragonite\n|\n|-heal|p1b: Garganacl|14\/100|[from] item: Leftovers\n|upkeep\n|\n|t:|1683826521\n|switch|p2b: Arcanine|Arcanine, L50, F|100\/100\n|-ability|p2b: Arcanine|Intimidate|boost\n|-unboost|p1a: Ting-Lu|atk|1\n|-unboost|p1b: Garganacl|atk|1\n|turn|7\n|\n|t:|1683826537\n|switch|p1a: Iron Hands|Iron Hands, L50, shiny, tera:Fire|71\/100\n|-terastallize|p2b: Arcanine|Grass\n|move|p2b: Arcanine|Flare Blitz|p1b: Garganacl\n|-resisted|p1b: Garganacl\n|-damage|p1b: Garganacl|2\/100\n|-damage|p2b: Arcanine|96\/100|[from] Recoil\n|move|p1b: Garganacl|Recover|p1b: Garganacl\n|-heal|p1b: Garganacl|53\/100\n|\n|-heal|p1b: Garganacl|58\/100|[from] item: Leftovers\n|upkeep\n|turn|8\n|c|\u2606Grandmas Cookin|damn that ate\n|c|\u2606Grandmas Cookin|gg\n|-message|Grandmas Cookin forfeited.\n|\n|win|buggahz349\n|n|\u2606buggahz349|buggahz349\n|n|\u2606Grandmas Cookin|grandmascookin\n|n| NeuroticTC|neurotictc\n|n| Mumumumum|mumumumum\n","uploadtime":1683826550,"views":7,"p1id":"buggahz349","p2id":"grandmascookin","formatid":"gen9vgc2023regulationc","rating":0,"private":0,"password":""}