{"id":"gen9vgc2023regulationc-1858387488","p1":"TESTFELOPE","p2":"UncleLanddrops","format":"[Gen 9] VGC 2023 Regulation C","log":"|j|\u2606TESTFELOPE\n|j|\u2606UncleLanddrops\n|t:|1683307638\n|gametype|doubles\n|player|p1|TESTFELOPE|1|1082\n|player|p2|UncleLanddrops|170|1117\n|teamsize|p1|6\n|teamsize|p2|6\n|gen|9\n|tier|[Gen 9] VGC 2023 Regulation C\n|rated|\n|rule|Species Clause: Limit one of each Pok\u00e9mon\n|rule|Item Clause: Limit one of each item\n|clearpoke\n|poke|p1|Iron Bundle, L50|\n|poke|p1|Roaring Moon, L50|\n|poke|p1|Arcanine, L50, F|\n|poke|p1|Flutter Mane, L50|\n|poke|p1|Gholdengo, L50|\n|poke|p1|Amoonguss, L50, F|\n|poke|p2|Lycanroc, L50, M|\n|poke|p2|Tyranitar, L50, M|\n|poke|p2|Indeedee-F, L50, F|\n|poke|p2|Armarouge, L50, M|\n|poke|p2|Tatsugiri, L50, M|\n|poke|p2|Dondozo, L50, F|\n|teampreview|4\n|inactive|Battle timer is ON: inactive players will automatically lose when time's up. (requested by UncleLanddrops)\n|inactive|TESTFELOPE has 60 seconds left.\n|inactive|UncleLanddrops has 60 seconds left.\n|inactive|TESTFELOPE has 30 seconds left.\n|inactive|UncleLanddrops has 30 seconds left.\n|inactive|TESTFELOPE has 20 seconds left.\n|inactive|TESTFELOPE has 15 seconds left.\n|inactive|UncleLanddrops has 20 seconds left.\n|inactive|TESTFELOPE has 10 seconds left.\n|inactive|TESTFELOPE has 5 seconds left.\n|\n|t:|1683307727\n|start\n|switch|p1a: Gholdengo|Gholdengo, L50|100\/100\n|switch|p1b: Arcanine|Arcanine, L50, F|100\/100\n|switch|p2a: Lycanroc|Lycanroc, L50, M, shiny|100\/100\n|switch|p2b: Armarouge|Armarouge, L50, M|100\/100\n|-ability|p1b: Arcanine|Intimidate|boost\n|-unboost|p2a: Lycanroc|atk|1\n|-unboost|p2b: Armarouge|atk|1\n|turn|1\n|inactive|UncleLanddrops has 30 seconds left.\n|\n|t:|1683307757\n|-terastallize|p1a: Gholdengo|Water\n|move|p2a: Lycanroc|Protect|p2a: Lycanroc\n|-singleturn|p2a: Lycanroc|Protect\n|move|p1b: Arcanine|Snarl|p2a: Lycanroc|[spread] p2b\n|-activate|p2a: Lycanroc|move: Protect\n|-supereffective|p2b: Armarouge\n|-damage|p2b: Armarouge|81\/100\n|-unboost|p2b: Armarouge|spa|1\n|move|p1a: Gholdengo|Nasty Plot|p1a: Gholdengo\n|-boost|p1a: Gholdengo|spa|2\n|move|p2b: Armarouge|Heat Wave|p1b: Arcanine|[spread] p1a,p1b\n|-resisted|p1a: Gholdengo\n|-resisted|p1b: Arcanine\n|-damage|p1a: Gholdengo|86\/100\n|-damage|p1b: Arcanine|82\/100\n|-damage|p2b: Armarouge|72\/100|[from] item: Life Orb\n|\n|upkeep\n|turn|2\n|inactive|TESTFELOPE has 30 seconds left.\n|inactive|UncleLanddrops has 30 seconds left.\n|inactive|UncleLanddrops has 20 seconds left.\n|\n|t:|1683307796\n|switch|p2b: Tyranitar|Tyranitar, L50, M|100\/100\n|-weather|Sandstorm|[from] ability: Sand Stream|[of] p2b: Tyranitar\n|move|p2a: Lycanroc|Rock Slide|p1b: Arcanine|[spread] p1a,p1b\n|-supereffective|p1b: Arcanine\n|-damage|p1a: Gholdengo|65\/100\n|-damage|p1b: Arcanine|42\/100\n|move|p1b: Arcanine|Will-O-Wisp|p2a: Lycanroc|[miss]\n|-miss|p1b: Arcanine|p2a: Lycanroc\n|move|p1a: Gholdengo|Shadow Ball|p2b: Tyranitar\n|-resisted|p2b: Tyranitar\n|-damage|p2b: Tyranitar|85\/100\n|\n|-weather|Sandstorm|[upkeep]\n|-damage|p1a: Gholdengo|59\/100|[from] Sandstorm\n|-heal|p2b: Tyranitar|91\/100|[from] item: Leftovers\n|upkeep\n|turn|3\n|inactive|UncleLanddrops has 30 seconds left.\n|\n|t:|1683307822\n|move|p2b: Tyranitar|Protect|p2b: Tyranitar\n|-singleturn|p2b: Tyranitar|Protect\n|move|p2a: Lycanroc|Rock Slide|p1a: Gholdengo|[spread] p1a,p1b\n|-supereffective|p1b: Arcanine\n|-damage|p1a: Gholdengo|40\/100\n|-damage|p1b: Arcanine|1\/100\n|-enditem|p1a: Gholdengo|Sitrus Berry|[eat]\n|-heal|p1a: Gholdengo|64\/100|[from] item: Sitrus Berry\n|move|p1b: Arcanine|Will-O-Wisp|p2b: Tyranitar\n|-activate|p2b: Tyranitar|move: Protect\n|move|p1a: Gholdengo|Make It Rain|p2b: Tyranitar|[spread] p2a\n|-activate|p2b: Tyranitar|move: Protect\n|-supereffective|p2a: Lycanroc\n|-enditem|p2a: Lycanroc|Focus Sash\n|-damage|p2a: Lycanroc|1\/100\n|-unboost|p1a: Gholdengo|spa|1\n|\n|-weather|Sandstorm|[upkeep]\n|-damage|p1a: Gholdengo|58\/100|[from] Sandstorm\n|-heal|p2b: Tyranitar|97\/100|[from] item: Leftovers\n|upkeep\n|turn|4\n|inactive|TESTFELOPE has 30 seconds left.\n|inactive|UncleLanddrops has 30 seconds left.\n|\n|t:|1683307851\n|switch|p2b: Armarouge|Armarouge, L50, M|72\/100\n|move|p2a: Lycanroc|Protect|p2a: Lycanroc\n|-singleturn|p2a: Lycanroc|Protect\n|move|p1a: Gholdengo|Protect|p1a: Gholdengo\n|-singleturn|p1a: Gholdengo|Protect\n|move|p1b: Arcanine|Snarl|p2b: Armarouge|[spread] p2b\n|-activate|p2a: Lycanroc|move: Protect\n|-supereffective|p2b: Armarouge\n|-damage|p2b: Armarouge|53\/100\n|-unboost|p2b: Armarouge|spa|1\n|\n|-weather|Sandstorm|[upkeep]\n|-damage|p1a: Gholdengo|52\/100|[from] Sandstorm\n|-damage|p2b: Armarouge|47\/100|[from] Sandstorm\n|upkeep\n|turn|5\n|\n|t:|1683307874\n|move|p2b: Armarouge|Protect|p2b: Armarouge\n|-singleturn|p2b: Armarouge|Protect\n|move|p2a: Lycanroc|Rock Slide|p1a: Gholdengo|[spread] p1a,p1b\n|-supereffective|p1b: Arcanine\n|-damage|p1a: Gholdengo|33\/100\n|-damage|p1b: Arcanine|0 fnt\n|faint|p1b: Arcanine\n|move|p1a: Gholdengo|Make It Rain|p2a: Lycanroc|[spread] p2a\n|-activate|p2b: Armarouge|move: Protect\n|-supereffective|p2a: Lycanroc\n|-damage|p2a: Lycanroc|0 fnt\n|-unboost|p1a: Gholdengo|spa|1\n|faint|p2a: Lycanroc\n|\n|-weather|Sandstorm|[upkeep]\n|-damage|p1a: Gholdengo|27\/100|[from] Sandstorm\n|-damage|p2b: Armarouge|41\/100|[from] Sandstorm\n|upkeep\n|\n|t:|1683307892\n|switch|p2a: Indeedee|Indeedee-F, L50, F|100\/100\n|switch|p1b: Amoonguss|Amoonguss, L50, F|100\/100\n|-fieldstart|move: Psychic Terrain|[from] ability: Psychic Surge|[of] p2a: Indeedee\n|turn|6\n|inactive|TESTFELOPE has 30 seconds left.\n|inactive|UncleLanddrops has 30 seconds left.\n|inactive|TESTFELOPE has 20 seconds left.\n|inactive|UncleLanddrops has 20 seconds left.\n|inactive|UncleLanddrops has 15 seconds left.\n|\n|t:|1683307941\n|-terastallize|p2a: Indeedee|Grass\n|move|p2a: Indeedee|Follow Me|p2a: Indeedee\n|-singleturn|p2a: Indeedee|move: Follow Me\n|move|p1a: Gholdengo|Nasty Plot|p1a: Gholdengo\n|-boost|p1a: Gholdengo|spa|2\n|move|p2b: Armarouge|Expanding Force|p1b: Amoonguss|[spread] p1a,p1b\n|-supereffective|p1b: Amoonguss\n|-damage|p1a: Gholdengo|0 fnt\n|-damage|p1b: Amoonguss|4\/100\n|faint|p1a: Gholdengo\n|-damage|p2b: Armarouge|32\/100|[from] item: Life Orb\n|move|p1b: Amoonguss|Spore|p2a: Indeedee\n|-immune|p2a: Indeedee\n|\n|-weather|none\n|upkeep\n|\n|t:|1683307957\n|switch|p1a: Iron Bundle|Iron Bundle, L50|100\/100\n|turn|7\n|inactive|TESTFELOPE has 30 seconds left.\n|inactive|TESTFELOPE has 20 seconds left.\n|inactive|TESTFELOPE has 15 seconds left.\n|inactive|TESTFELOPE has 10 seconds left.\n|inactive|TESTFELOPE has 5 seconds left.\n|\n|t:|1683308011\n|move|p2b: Armarouge|Protect|p2b: Armarouge\n|-singleturn|p2b: Armarouge|Protect\n|move|p1b: Amoonguss|Rage Powder|p1b: Amoonguss\n|-singleturn|p1b: Amoonguss|move: Rage Powder\n|move|p1a: Iron Bundle|Freeze-Dry|p2a: Indeedee\n|-supereffective|p2a: Indeedee\n|-damage|p2a: Indeedee|55\/100\n|move|p2a: Indeedee|Trick Room|p2a: Indeedee\n|-fieldstart|move: Trick Room|[of] p2a: Indeedee\n|\n|upkeep\n|turn|8\n|\n|t:|1683308034\n|move|p1b: Amoonguss|Rage Powder|p1b: Amoonguss\n|-singleturn|p1b: Amoonguss|move: Rage Powder\n|move|p2a: Indeedee|Follow Me|p2a: Indeedee\n|-singleturn|p2a: Indeedee|move: Follow Me\n|move|p2b: Armarouge|Expanding Force|p1a: Iron Bundle|[spread] p1a,p1b\n|-supereffective|p1b: Amoonguss\n|-damage|p1a: Iron Bundle|50\/100\n|-damage|p1b: Amoonguss|0 fnt\n|faint|p1b: Amoonguss\n|-damage|p2b: Armarouge|22\/100|[from] item: Life Orb\n|move|p1a: Iron Bundle|Freeze-Dry|p2a: Indeedee\n|-supereffective|p2a: Indeedee\n|-damage|p2a: Indeedee|7\/100\n|-enditem|p2a: Indeedee|Sitrus Berry|[eat]\n|-heal|p2a: Indeedee|32\/100|[from] item: Sitrus Berry\n|\n|upkeep\n|turn|9\n|\n|t:|1683308052\n|move|p2a: Indeedee|Heal Pulse|p2b: Armarouge\n|-heal|p2b: Armarouge|72\/100\n|move|p2b: Armarouge|Energy Ball|p1a: Iron Bundle\n|-supereffective|p1a: Iron Bundle\n|-damage|p1a: Iron Bundle|0 fnt\n|faint|p1a: Iron Bundle\n|-end|p1a: Iron Bundle|Quark Drive|[silent]\n|-damage|p2b: Armarouge|63\/100|[from] item: Life Orb\n|\n|win|UncleLanddrops\n|raw|TESTFELOPE's rating: 1082 → 1062<\/strong> (-20 for losing)\n|raw|UncleLanddrops's rating: 1117 → 1139<\/strong> (+22 for winning)\n|l|\u2606TESTFELOPE\n","uploadtime":1683308061,"views":13,"p1id":"testfelope","p2id":"unclelanddrops","formatid":"gen9vgc2023regulationc","rating":1062,"private":0,"password":""}