{"id":"gen9vgc2023regulationc-1849665442","p1":"Flamingwrench11234","p2":"rv100","format":"[Gen 9] VGC 2023 Regulation C","log":"|j|\u2606Flamingwrench11234\n|j|\u2606rv100\n|t:|1682228314\n|gametype|doubles\n|player|p1|Flamingwrench11234|265|\n|player|p2|rv100|ethan|\n|teamsize|p1|6\n|teamsize|p2|6\n|gen|9\n|tier|[Gen 9] VGC 2023 Regulation C\n|rule|Species Clause: Limit one of each Pok\u00e9mon\n|rule|Item Clause: Limit one of each item\n|clearpoke\n|poke|p1|Riolu, L50, M|\n|poke|p1|Brute Bonnet, L50|\n|poke|p1|Flutter Mane, L50|\n|poke|p1|Arcanine, L50, F|\n|poke|p1|Dragonite, L50, M|\n|poke|p1|Baxcalibur, L50, M|\n|poke|p2|Riolu, L50, F|\n|poke|p2|Rotom-Wash, L50|\n|poke|p2|Garchomp, L50, F|\n|poke|p2|Iron Bundle, L50|\n|poke|p2|Dragapult, L50, F|\n|poke|p2|Flutter Mane, L50|\n|teampreview|4\n|c|\u2606Flamingwrench11234|Ok\n|c|\u2606rv100|this is the first riolu mirror battle\n|c|\u2606Flamingwrench11234|But we both know we are not bringing it'\n|c|\u2606rv100|Flamingwrench11234 that's another cool part about riolu tbh\n|c|\u2606rv100|you never know when your opponent is gonna bring it\n|c|\u2606Flamingwrench11234|Yeah\n|c|\u2606Flamingwrench11234|wait a fricking minute\n|\n|t:|1682228381\n|start\n|switch|p1a: Flutter Mane|Flutter Mane, L50|100\/100\n|switch|p1b: Arcanine|Arcanine, L50, F|100\/100\n|switch|p2a: Iron Bundle|Iron Bundle, L50|100\/100\n|switch|p2b: Flutter Mane|Flutter Mane, L50|100\/100\n|-ability|p1b: Arcanine|Intimidate|boost\n|-unboost|p2a: Iron Bundle|atk|1\n|-unboost|p2b: Flutter Mane|atk|1\n|-enditem|p2a: Iron Bundle|Booster Energy\n|-activate|p2a: Iron Bundle|ability: Quark Drive|[fromitem]\n|-start|p2a: Iron Bundle|quarkdrivespe\n|turn|1\n|c|\u2606rv100|ngl i can't bring my riolu out rn\n|c|\u2606Flamingwrench11234|we can run dig and copycat\n|c|\u2606rv100|Flamingwrench11234 oh ye\n|c|\u2606Flamingwrench11234|lets replace cricle throw\n|c|\u2606rv100|wait but\n|c|\u2606rv100|you can't copy that move imediently it wastes one turn\n|c|\u2606Flamingwrench11234|no one uses earthuake here\n|c|\u2606rv100|like it;s a 2 turn move\n|c|\u2606Flamingwrench11234|exactly\n|c|\u2606Flamingwrench11234|they cannot hit you\n|c|\u2606rv100|but it doesn't have priorty when using dig\n|c|\u2606rv100|unless it's copying a different mon\n|\n|t:|1682228458\n|move|p1a: Flutter Mane|Protect|p1a: Flutter Mane\n|-singleturn|p1a: Flutter Mane|Protect\n|move|p2a: Iron Bundle|Icy Wind|p1b: Arcanine|[spread] p1b\n|-activate|p1a: Flutter Mane|move: Protect\n|-resisted|p1b: Arcanine\n|-damage|p1b: Arcanine|92\/100\n|-unboost|p1b: Arcanine|spe|1\n|move|p2b: Flutter Mane|Shadow Ball|p1a: Flutter Mane\n|-activate|p1a: Flutter Mane|move: Protect\n|move|p1b: Arcanine|Snarl|p2a: Iron Bundle|[spread] p2a,p2b\n|-damage|p2a: Iron Bundle|84\/100\n|-damage|p2b: Flutter Mane|92\/100\n|-unboost|p2a: Iron Bundle|spa|1\n|-unboost|p2b: Flutter Mane|spa|1\n|\n|upkeep\n|turn|2\n|\n|t:|1682228475\n|move|p2a: Iron Bundle|Hydro Pump|p1b: Arcanine\n|-supereffective|p1b: Arcanine\n|-damage|p1b: Arcanine|21\/100\n|move|p1a: Flutter Mane|Dazzling Gleam|p2a: Iron Bundle|[spread] p2a,p2b\n|-damage|p2a: Iron Bundle|0 fnt\n|-damage|p2b: Flutter Mane|47\/100\n|faint|p2a: Iron Bundle\n|-end|p2a: Iron Bundle|Quark Drive|[silent]\n|-damage|p1a: Flutter Mane|91\/100|[from] item: Life Orb\n|move|p2b: Flutter Mane|Dazzling Gleam|p1b: Arcanine|[spread] p1a,p1b\n|-resisted|p1b: Arcanine\n|-damage|p1a: Flutter Mane|69\/100\n|-damage|p1b: Arcanine|11\/100\n|move|p1b: Arcanine|Snarl|p2b: Flutter Mane\n|-damage|p2b: Flutter Mane|35\/100\n|-unboost|p2b: Flutter Mane|spa|1\n|\n|upkeep\n|\n|t:|1682228481\n|switch|p2a: Garchomp|Garchomp, L50, F|100\/100\n|turn|3\n|\n|t:|1682228494\n|-terastallize|p2a: Garchomp|Ground\n|move|p2b: Flutter Mane|Protect|p2b: Flutter Mane\n|-singleturn|p2b: Flutter Mane|Protect\n|move|p1a: Flutter Mane|Dazzling Gleam|p2b: Flutter Mane|[spread] p2a\n|-activate|p2b: Flutter Mane|move: Protect\n|-damage|p2a: Garchomp|70\/100\n|-damage|p1a: Flutter Mane|59\/100|[from] item: Life Orb\n|move|p2a: Garchomp|Earthquake|p1a: Flutter Mane|[spread] p1a,p1b\n|-activate|p2b: Flutter Mane|move: Protect\n|-supereffective|p1b: Arcanine\n|-crit|p1b: Arcanine\n|-damage|p1a: Flutter Mane|0 fnt\n|-damage|p1b: Arcanine|0 fnt\n|faint|p1a: Flutter Mane\n|-end|p1a: Flutter Mane|Protosynthesis|[silent]\n|faint|p1b: Arcanine\n|\n|upkeep\n|\n|t:|1682228502\n|switch|p1a: Baxcalibur|Baxcalibur, L50, M|100\/100\n|switch|p1b: Dragonite|Dragonite, L50, M|100\/100\n|turn|4\n|\n|t:|1682228516\n|-terastallize|p1b: Dragonite|Flying\n|move|p1a: Baxcalibur|Ice Shard|p2b: Flutter Mane\n|-damage|p2b: Flutter Mane|0 fnt\n|faint|p2b: Flutter Mane\n|-end|p2b: Flutter Mane|Protosynthesis|[silent]\n|move|p2a: Garchomp|Dragon Claw|p1a: Baxcalibur\n|-supereffective|p1a: Baxcalibur\n|-damage|p1a: Baxcalibur|31\/100\n|move|p1b: Dragonite|Tera Blast|p2a: Garchomp\n|-damage|p2a: Garchomp|9\/100\n|\n|upkeep\n|\n|t:|1682228520\n|switch|p2b: OMG|Dragapult, L50, F|100\/100\n|turn|5\n|\n|t:|1682228535\n|move|p1a: Baxcalibur|Ice Shard|p2a: Garchomp\n|-supereffective|p2a: Garchomp\n|-damage|p2a: Garchomp|0 fnt\n|faint|p2a: Garchomp\n|move|p2b: OMG|Dragon Darts|p1a: Baxcalibur\n|-supereffective|p1a: Baxcalibur\n|-damage|p1a: Baxcalibur|0 fnt\n|-anim|p2b: OMG|Dragon Darts|p1b: Dragonite\n|-damage|p1b: Dragonite|88\/100\n|faint|p1a: Baxcalibur\n|move|p1b: Dragonite|Tera Blast|p2b: OMG\n|-damage|p2b: OMG|16\/100\n|\n|upkeep\n|turn|6\n|\n|t:|1682228552\n|move|p2b: OMG|Phantom Force||[still]\n|-prepare|p2b: OMG|Phantom Force\n|-enditem|p2b: OMG|Power Herb\n|-anim|p2b: OMG|Phantom Force|p1b: Dragonite\n|-damage|p1b: Dragonite|43\/100\n|move|p1b: Dragonite|Tera Blast|p2b: OMG\n|-damage|p2b: OMG|0 fnt\n|faint|p2b: OMG\n|\n|win|Flamingwrench11234\n","uploadtime":1682228328,"views":19,"p1id":"flamingwrench11234","p2id":"rv100","formatid":"gen9vgc2023regulationc","rating":0,"private":0,"password":""}