{"id":"gen9vgc2023regulationc-1849258370","p1":"MidianVGC","p2":"jotapeloafrutado","format":"[Gen 9] VGC 2023 Regulation C","log":"|j|\u2606MidianVGC\n|j|\u2606jotapeloafrutado\n|t:|1682178723\n|gametype|doubles\n|player|p1|MidianVGC|2|1124\n|player|p2|jotapeloafrutado|2|1108\n|teamsize|p1|6\n|teamsize|p2|6\n|gen|9\n|tier|[Gen 9] VGC 2023 Regulation C\n|rated|\n|rule|Species Clause: Limit one of each Pok\u00e9mon\n|rule|Item Clause: Limit one of each item\n|clearpoke\n|poke|p1|Grimmsnarl, L50, M|\n|poke|p1|Chi-Yu, L50|\n|poke|p1|Gyarados, L50, F|\n|poke|p1|Flutter Mane, L50|\n|poke|p1|Iron Bundle, L50|\n|poke|p1|Brute Bonnet, L50|\n|poke|p2|Flutter Mane, L50|\n|poke|p2|Kingambit, L50, M|\n|poke|p2|Iron Bundle, L50|\n|poke|p2|Arcanine, L50, M|\n|poke|p2|Great Tusk, L50|\n|poke|p2|Corviknight, L50, F|\n|teampreview|4\n|inactive|Battle timer is ON: inactive players will automatically lose when time's up. (requested by jotapeloafrutado)\n|\n|t:|1682178786\n|start\n|switch|p1a: Grimmsnarl|Grimmsnarl, L50, M, shiny|100\/100\n|switch|p1b: Chi-Yu|Chi-Yu, L50|100\/100\n|switch|p2a: Captain Holt|Corviknight, L50, F, shiny|100\/100\n|switch|p2b: Peralta|Kingambit, L50, M, shiny|100\/100\n|-ability|p1b: Chi-Yu|Beads of Ruin\n|turn|1\n|inactive|jotapeloafrutado has 30 seconds left.\n|inactive|jotapeloafrutado has 20 seconds left.\n|inactive|jotapeloafrutado has 15 seconds left.\n|inactive|jotapeloafrutado has 10 seconds left.\n|\n|t:|1682178835\n|switch|p2b: Cheddar|Arcanine, L50, M|100\/100\n|-ability|p2b: Cheddar|Intimidate|boost\n|-unboost|p1a: Grimmsnarl|atk|1\n|-unboost|p1b: Chi-Yu|atk|1\n|-terastallize|p2a: Captain Holt|Dragon\n|move|p1a: Grimmsnarl|Reflect|p1a: Grimmsnarl\n|-sidestart|p1: MidianVGC|Reflect\n|move|p1b: Chi-Yu|Substitute|p1b: Chi-Yu\n|-start|p1b: Chi-Yu|Substitute\n|-damage|p1b: Chi-Yu|76\/100\n|move|p2a: Captain Holt|Tailwind|p2a: Captain Holt\n|-sidestart|p2: jotapeloafrutado|move: Tailwind\n|\n|upkeep\n|turn|2\n|inactive|MidianVGC has 30 seconds left.\n|\n|t:|1682178870\n|move|p1b: Chi-Yu|Protect|p1b: Chi-Yu\n|-singleturn|p1b: Chi-Yu|Protect\n|move|p1a: Grimmsnarl|Thunder Wave|p2b: Cheddar\n|-status|p2b: Cheddar|par\n|move|p2a: Captain Holt|Brave Bird|p1a: Grimmsnarl\n|-damage|p1a: Grimmsnarl|70\/100\n|-damage|p2a: Captain Holt|90\/100|[from] Recoil\n|move|p2b: Cheddar|Snarl|p1a: Grimmsnarl|[spread] p1a\n|-activate|p1b: Chi-Yu|move: Protect\n|-resisted|p1a: Grimmsnarl\n|-damage|p1a: Grimmsnarl|67\/100\n|\n|upkeep\n|turn|3\n|inactive|MidianVGC has 30 seconds left.\n|inactive|jotapeloafrutado has 30 seconds left.\n|inactive|jotapeloafrutado has 20 seconds left.\n|\n|t:|1682178905\n|move|p1a: Grimmsnarl|Thunder Wave|p2a: Captain Holt\n|-status|p2a: Captain Holt|par\n|move|p1b: Chi-Yu|Dark Pulse|p2a: Captain Holt\n|-damage|p2a: Captain Holt|21\/100 par\n|-damage|p1b: Chi-Yu|66\/100|[from] item: Life Orb\n|move|p2b: Cheddar|Will-O-Wisp|p1a: Grimmsnarl\n|-status|p1a: Grimmsnarl|brn\n|cant|p2a: Captain Holt|par\n|\n|-damage|p1a: Grimmsnarl|61\/100 brn|[from] brn\n|upkeep\n|turn|4\n|inactive|jotapeloafrutado has 30 seconds left.\n|\n|t:|1682178933\n|switch|p2a: Boyle|Iron Bundle, L50|100\/100\n|-enditem|p2a: Boyle|Booster Energy\n|-activate|p2a: Boyle|ability: Quark Drive|[fromitem]\n|-start|p2a: Boyle|quarkdrivespe\n|switch|p1a: Iron Bundle|Iron Bundle, L50, shiny|100\/100\n|-enditem|p1a: Iron Bundle|Booster Energy\n|-activate|p1a: Iron Bundle|ability: Quark Drive|[fromitem]\n|-start|p1a: Iron Bundle|quarkdrivespe\n|cant|p2b: Cheddar|par\n|move|p1b: Chi-Yu|Dark Pulse|p2a: Boyle\n|-damage|p2a: Boyle|0 fnt\n|faint|p2a: Boyle\n|-end|p2a: Boyle|Quark Drive|[silent]\n|-damage|p1b: Chi-Yu|56\/100|[from] item: Life Orb\n|\n|-sideend|p2: jotapeloafrutado|move: Tailwind\n|upkeep\n|\n|t:|1682178949\n|switch|p2a: Captain Holt|Corviknight, L50, F, shiny, tera:Dragon|21\/100 par\n|turn|5\n|\n|t:|1682178961\n|move|p1a: Iron Bundle|Hydro Pump|p2b: Cheddar\n|-supereffective|p2b: Cheddar\n|-damage|p2b: Cheddar|0 fnt\n|faint|p2b: Cheddar\n|move|p1b: Chi-Yu|Dark Pulse|p2a: Captain Holt\n|-damage|p2a: Captain Holt|0 fnt\n|faint|p2a: Captain Holt\n|-damage|p1b: Chi-Yu|46\/100|[from] item: Life Orb\n|\n|-sideend|p1: MidianVGC|Reflect\n|upkeep\n|\n|t:|1682178982\n|switch|p2a: Peralta|Kingambit, L50, M, shiny|100\/100\n|turn|6\n|inactive|jotapeloafrutado has 30 seconds left.\n|l|\u2606jotapeloafrutado\n|inactive|jotapeloafrutado disconnected and has a minute to reconnect!\n|player|p2|\n|j|\u2606jotapeloafrutado\n|inactive|jotapeloafrutado reconnected and has 25 seconds left.\n|player|p2|jotapeloafrutado|2\n|inactive|jotapeloafrutado has 20 seconds left.\n|\n|t:|1682179021\n|move|p1a: Iron Bundle|Hydro Pump|p2a: Peralta\n|-damage|p2a: Peralta|58\/100\n|move|p1b: Chi-Yu|Heat Wave|p2a: Peralta\n|-supereffective|p2a: Peralta\n|-crit|p2a: Peralta\n|-damage|p2a: Peralta|0 fnt\n|faint|p2a: Peralta\n|-damage|p1b: Chi-Yu|36\/100|[from] item: Life Orb\n|\n|win|MidianVGC\n|raw|MidianVGC's rating: 1124 → 1148<\/strong> (+24 for winning)\n|raw|jotapeloafrutado's rating: 1108 → 1084<\/strong> (-24 for losing)\n|l|\u2606jotapeloafrutado\n","uploadtime":1682179036,"views":9,"p1id":"midianvgc","p2id":"jotapeloafrutado","formatid":"gen9vgc2023regulationc","rating":1084,"private":0,"password":""}