{"id":"gen9vgc2023regulationc-1847096540","p1":"bigfantsantan","p2":"Sadkeum","format":"[Gen 9] VGC 2023 Regulation C","log":"|j|\u2606bigfantsantan\n|j|\u2606Sadkeum\n|t:|1681918771\n|gametype|doubles\n|player|p1|bigfantsantan|169|1000\n|player|p2|Sadkeum|169|1085\n|teamsize|p1|6\n|teamsize|p2|6\n|gen|9\n|tier|[Gen 9] VGC 2023 Regulation C\n|rated|\n|rule|Species Clause: Limit one of each Pok\u00e9mon\n|rule|Item Clause: Limit one of each item\n|clearpoke\n|poke|p1|Flutter Mane, L50|\n|poke|p1|Amoonguss, L50, M|\n|poke|p1|Palafin, L50, F|\n|poke|p1|Arcanine, L50, M|\n|poke|p1|Ting-Lu, L50|\n|poke|p1|Baxcalibur, L50, F|\n|poke|p2|Maushold-Four, L50|\n|poke|p2|Roaring Moon, L50|\n|poke|p2|Arcanine, L50, M|\n|poke|p2|Meowscarada, L50, M|\n|poke|p2|Chien-Pao, L50|\n|poke|p2|Flutter Mane, L50|\n|teampreview|4\n|inactive|Battle timer is ON: inactive players will automatically lose when time's up. (requested by Sadkeum)\n|\n|t:|1681918800\n|start\n|switch|p1a: Flutter Mane|Flutter Mane, L50|100\/100\n|switch|p1b: Palafin|Palafin, L50, F|100\/100\n|switch|p2a: Roaring Moon|Roaring Moon, L50|100\/100\n|switch|p2b: Meowscarada|Meowscarada, L50, M|100\/100\n|-enditem|p2a: Roaring Moon|Booster Energy\n|-activate|p2a: Roaring Moon|ability: Protosynthesis|[fromitem]\n|-start|p2a: Roaring Moon|protosynthesisspe\n|-enditem|p1a: Flutter Mane|Booster Energy\n|-activate|p1a: Flutter Mane|ability: Protosynthesis|[fromitem]\n|-start|p1a: Flutter Mane|protosynthesisspa\n|turn|1\n|inactive|Sadkeum has 30 seconds left.\n|inactive|Sadkeum has 20 seconds left.\n|\n|t:|1681918837\n|detailschange|p1b: Palafin|Palafin-Hero, L50, F\n|switch|p1b: Arcanine|Arcanine, L50, M|100\/100\n|-ability|p1b: Arcanine|Intimidate|boost\n|-unboost|p2a: Roaring Moon|atk|1\n|-unboost|p2b: Meowscarada|atk|1\n|move|p1a: Flutter Mane|Protect|p1a: Flutter Mane\n|-singleturn|p1a: Flutter Mane|Protect\n|move|p2a: Roaring Moon|Tailwind|p2a: Roaring Moon\n|-sidestart|p2: Sadkeum|move: Tailwind\n|move|p2b: Meowscarada|Flower Trick|p1a: Flutter Mane\n|-start|p2b: Meowscarada|typechange|Grass|[from] ability: Protean\n|-activate|p1a: Flutter Mane|move: Protect\n|\n|upkeep\n|turn|2\n|inactive|bigfantsantan has 30 seconds left.\n|\n|t:|1681918871\n|move|p2a: Roaring Moon|Breaking Swipe|p1a: Flutter Mane|[spread] p1b\n|-immune|p1a: Flutter Mane\n|-damage|p1b: Arcanine|82\/100\n|-unboost|p1b: Arcanine|atk|1\n|move|p2b: Meowscarada|Flower Trick|p1a: Flutter Mane\n|-crit|p1a: Flutter Mane\n|-damage|p1a: Flutter Mane|0 fnt\n|faint|p1a: Flutter Mane\n|-end|p1a: Flutter Mane|Protosynthesis|[silent]\n|move|p1b: Arcanine|Flare Blitz|p2b: Meowscarada\n|-supereffective|p2b: Meowscarada\n|-damage|p2b: Meowscarada|0 fnt\n|faint|p2b: Meowscarada\n|-damage|p1b: Arcanine|56\/100|[from] Recoil\n|\n|upkeep\n|\n|t:|1681918896\n|switch|p2b: Chien-Pao|Chien-Pao, L50|100\/100\n|switch|p1a: Ting-Lu|Ting-Lu, L50|100\/100\n|-ability|p2b: Chien-Pao|Sword of Ruin\n|-ability|p1a: Ting-Lu|Vessel of Ruin\n|turn|3\n|\n|t:|1681918910\n|-terastallize|p2b: Chien-Pao|Ghost\n|-terastallize|p1a: Ting-Lu|Water\n|move|p2a: Roaring Moon|Breaking Swipe|p1a: Ting-Lu|[spread] p1a,p1b\n|-damage|p1a: Ting-Lu|89\/100\n|-damage|p1b: Arcanine|36\/100\n|-unboost|p1a: Ting-Lu|atk|1\n|-unboost|p1b: Arcanine|atk|1\n|move|p2b: Chien-Pao|Icicle Crash|p1a: Ting-Lu\n|-resisted|p1a: Ting-Lu\n|-damage|p1a: Ting-Lu|71\/100\n|move|p1b: Arcanine|Will-O-Wisp|p2a: Roaring Moon\n|-status|p2a: Roaring Moon|brn\n|move|p1a: Ting-Lu|Heavy Slam|p2b: Chien-Pao\n|-damage|p2b: Chien-Pao|70\/100\n|\n|-damage|p2a: Roaring Moon|95\/100 brn|[from] brn\n|upkeep\n|turn|4\n|inactive|bigfantsantan has 30 seconds left.\n|inactive|Sadkeum has 30 seconds left.\n|inactive|bigfantsantan has 20 seconds left.\n|inactive|bigfantsantan has 15 seconds left.\n|inactive|Sadkeum has 20 seconds left.\n|inactive|bigfantsantan has 10 seconds left.\n|inactive|bigfantsantan has 5 seconds left.\n|\n|t:|1681918962\n|move|p1b: Arcanine|Protect|p1b: Arcanine\n|-singleturn|p1b: Arcanine|Protect\n|move|p2a: Roaring Moon|Breaking Swipe|p1b: Arcanine|[spread] p1a\n|-activate|p1b: Arcanine|move: Protect\n|-damage|p1a: Ting-Lu|65\/100\n|-unboost|p1a: Ting-Lu|atk|1\n|move|p2b: Chien-Pao|Sacred Sword|p1b: Arcanine\n|-activate|p1b: Arcanine|move: Protect\n|move|p1a: Ting-Lu|Ruination|p2a: Roaring Moon|[miss]\n|-miss|p1a: Ting-Lu|p2a: Roaring Moon\n|\n|-damage|p2a: Roaring Moon|89\/100 brn|[from] brn\n|-sideend|p2: Sadkeum|move: Tailwind\n|upkeep\n|turn|5\n|inactive|bigfantsantan has 30 seconds left.\n|inactive|Sadkeum has 30 seconds left.\n|\n|t:|1681918990\n|move|p1b: Arcanine|Extreme Speed|p2a: Roaring Moon\n|-damage|p2a: Roaring Moon|68\/100 brn\n|move|p2a: Roaring Moon|Breaking Swipe|p1a: Ting-Lu|[spread] p1a,p1b\n|-damage|p1a: Ting-Lu|59\/100\n|-damage|p1b: Arcanine|24\/100\n|-unboost|p1a: Ting-Lu|atk|1\n|-unboost|p1b: Arcanine|atk|1\n|move|p2b: Chien-Pao|Sacred Sword|p1b: Arcanine\n|-damage|p1b: Arcanine|0 fnt\n|faint|p1b: Arcanine\n|move|p1a: Ting-Lu|Ruination|p2a: Roaring Moon\n|-damage|p2a: Roaring Moon|35\/100 brn\n|\n|-damage|p2a: Roaring Moon|29\/100 brn|[from] brn\n|upkeep\n|\n|t:|1681919007\n|switch|p1b: Palafin|Palafin-Hero, L50, F|100\/100\n|-activate|p1b: Palafin|ability: Zero to Hero\n|turn|6\n|inactive|bigfantsantan has 30 seconds left.\n|\n|t:|1681919041\n|move|p2a: Roaring Moon|Protect|p2a: Roaring Moon\n|-singleturn|p2a: Roaring Moon|Protect\n|move|p1b: Palafin|Protect|p1b: Palafin\n|-singleturn|p1b: Palafin|Protect\n|move|p2b: Chien-Pao|Sacred Sword|p1b: Palafin\n|-activate|p1b: Palafin|move: Protect\n|move|p1a: Ting-Lu|Stomping Tantrum|p2a: Roaring Moon\n|-activate|p2a: Roaring Moon|move: Protect\n|\n|-damage|p2a: Roaring Moon|23\/100 brn|[from] brn\n|upkeep\n|turn|7\n|inactive|bigfantsantan has 30 seconds left.\n|inactive|Sadkeum has 30 seconds left.\n|inactive|bigfantsantan has 20 seconds left.\n|inactive|bigfantsantan has 15 seconds left.\n|inactive|bigfantsantan has 10 seconds left.\n|inactive|bigfantsantan has 5 seconds left.\n|\n|t:|1681919097\n|switch|p2b: Arcanine|Arcanine, L50, M|100\/100\n|-ability|p2b: Arcanine|Intimidate|boost\n|-unboost|p1a: Ting-Lu|atk|1\n|-unboost|p1b: Palafin|atk|1\n|move|p1b: Palafin|Jet Punch|p2a: Roaring Moon\n|-resisted|p2a: Roaring Moon\n|-damage|p2a: Roaring Moon|2\/100 brn\n|move|p2a: Roaring Moon|Tailwind|p2a: Roaring Moon\n|-sidestart|p2: Sadkeum|move: Tailwind\n|move|p1a: Ting-Lu|Earthquake|p2a: Roaring Moon|[spread] p1b,p2a,p2b\n|-supereffective|p2b: Arcanine\n|-damage|p1b: Palafin|89\/100\n|-damage|p2a: Roaring Moon|0 fnt\n|-damage|p2b: Arcanine|78\/100\n|faint|p2a: Roaring Moon\n|-end|p2a: Roaring Moon|Protosynthesis|[silent]\n|\n|upkeep\n|\n|t:|1681919115\n|switch|p2a: Chien-Pao|Chien-Pao, L50, tera:Ghost|70\/100\n|-ability|p2a: Chien-Pao|Sword of Ruin\n|turn|8\n|inactive|bigfantsantan has 30 seconds left.\n|inactive|Sadkeum has 30 seconds left.\n|inactive|bigfantsantan has 20 seconds left.\n|inactive|bigfantsantan has 15 seconds left.\n|inactive|bigfantsantan has 10 seconds left.\n|inactive|bigfantsantan has 5 seconds left.\n|inactive|Sadkeum has 20 seconds left.\n|\n|t:|1681919170\n|move|p2b: Arcanine|Protect|p2b: Arcanine\n|-singleturn|p2b: Arcanine|Protect\n|move|p2a: Chien-Pao|Sucker Punch|p1a: Ting-Lu\n|-damage|p1a: Ting-Lu|29\/100\n|move|p1b: Palafin|Jet Punch|p2a: Chien-Pao\n|-damage|p2a: Chien-Pao|21\/100\n|move|p1a: Ting-Lu|Earthquake|p2a: Chien-Pao|[spread] p1b,p2a\n|-activate|p2b: Arcanine|move: Protect\n|-damage|p1b: Palafin|73\/100\n|-damage|p2a: Chien-Pao|3\/100\n|\n|upkeep\n|turn|9\n|inactive|bigfantsantan has 30 seconds left.\n|inactive|bigfantsantan has 20 seconds left.\n|inactive|bigfantsantan has 15 seconds left.\n|inactive|bigfantsantan has 10 seconds left.\n|inactive|bigfantsantan has 5 seconds left.\n|\n|t:|1681919225\n|move|p2a: Chien-Pao|Sucker Punch|p1a: Ting-Lu\n|-damage|p1a: Ting-Lu|0 fnt\n|faint|p1a: Ting-Lu\n|move|p1b: Palafin|Jet Punch|p2b: Arcanine\n|-supereffective|p2b: Arcanine\n|-damage|p2b: Arcanine|8\/100\n|move|p2b: Arcanine|Will-O-Wisp|p1b: Palafin\n|-status|p1b: Palafin|brn\n|\n|-damage|p1b: Palafin|67\/100 brn|[from] brn\n|upkeep\n|turn|10\n|\n|t:|1681919250\n|move|p2a: Chien-Pao|Protect|p2a: Chien-Pao\n|-singleturn|p2a: Chien-Pao|Protect\n|move|p2b: Arcanine|Extreme Speed|p1b: Palafin\n|-damage|p1b: Palafin|43\/100 brn\n|move|p1b: Palafin|Jet Punch|p2a: Chien-Pao\n|-activate|p2a: Chien-Pao|move: Protect\n|\n|-damage|p1b: Palafin|37\/100 brn|[from] brn\n|-sideend|p2: Sadkeum|move: Tailwind\n|upkeep\n|turn|11\n|\n|t:|1681919264\n|move|p2b: Arcanine|Extreme Speed|p1b: Palafin\n|-damage|p1b: Palafin|12\/100 brn\n|move|p1b: Palafin|Jet Punch|p2a: Chien-Pao\n|-damage|p2a: Chien-Pao|0 fnt\n|faint|p2a: Chien-Pao\n|\n|-damage|p1b: Palafin|6\/100 brn|[from] brn\n|upkeep\n|turn|12\n|\n|t:|1681919276\n|move|p2b: Arcanine|Extreme Speed|p1b: Palafin\n|-damage|p1b: Palafin|0 fnt\n|faint|p1b: Palafin\n|\n|win|Sadkeum\n|raw|bigfantsantan's rating: 1000 → 1000<\/strong> (+0 for losing)\n|raw|Sadkeum's rating: 1085 → 1106<\/strong> (+21 for winning)\n|l|\u2606bigfantsantan\n","uploadtime":1681919360,"views":11,"p1id":"bigfantsantan","p2id":"sadkeum","formatid":"gen9vgc2023regulationc","rating":1000,"private":0,"password":""}