{"id":"gen9vgc2023regulationc-1857458087","p1":"tadano-reol","p2":"haha you rage quit","format":"[Gen 9] VGC 2023 Regulation C","log":"|j|\u2606tadano-reol\n|j|\u2606haha you rage quit\n|t:|1683196348\n|gametype|doubles\n|player|p1|tadano-reol|red|1186\n|player|p2|haha you rage quit|pokemaniac|1184\n|teamsize|p1|6\n|teamsize|p2|6\n|gen|9\n|tier|[Gen 9] VGC 2023 Regulation C\n|rated|\n|rule|Species Clause: Limit one of each Pok\u00e9mon\n|rule|Item Clause: Limit one of each item\n|clearpoke\n|poke|p1|Armarouge, L50, M|\n|poke|p1|Indeedee-F, L50, F|\n|poke|p1|Roaring Moon, L50|\n|poke|p1|Corviknight, L50, F|\n|poke|p1|Garchomp, L50, M|\n|poke|p1|Flutter Mane, L50|\n|poke|p2|Flutter Mane, L50|\n|poke|p2|Chi-Yu, L50|\n|poke|p2|Baxcalibur, L50, M|\n|poke|p2|Gholdengo, L50|\n|poke|p2|Iron Bundle, L50|\n|poke|p2|Murkrow, L50, M|\n|teampreview|4\n|j| hisanory\n|inactive|Battle timer is ON: inactive players will automatically lose when time's up. (requested by tadano-reol)\n|\n|t:|1683196398\n|start\n|switch|p1a: Garchomp|Garchomp, L50, M|100\/100\n|switch|p1b: Roaring Moon|Roaring Moon, L50, shiny|100\/100\n|switch|p2a: Flutter Mane|Flutter Mane, L50, shiny|100\/100\n|switch|p2b: Chi-Yu|Chi-Yu, L50|100\/100\n|-ability|p2b: Chi-Yu|Beads of Ruin\n|-enditem|p2a: Flutter Mane|Booster Energy\n|-activate|p2a: Flutter Mane|ability: Protosynthesis|[fromitem]\n|-start|p2a: Flutter Mane|protosynthesisspe\n|-enditem|p1b: Roaring Moon|Booster Energy\n|-activate|p1b: Roaring Moon|ability: Protosynthesis|[fromitem]\n|-start|p1b: Roaring Moon|protosynthesisspe\n|turn|1\n|inactive|haha you rage quit has 30 seconds left.\n|inactive|haha you rage quit has 20 seconds left.\n|inactive|haha you rage quit has 15 seconds left.\n|inactive|haha you rage quit has 10 seconds left.\n|\n|t:|1683196444\n|-terastallize|p1b: Roaring Moon|Flying\n|move|p2b: Chi-Yu|Protect|p2b: Chi-Yu\n|-singleturn|p2b: Chi-Yu|Protect\n|move|p2a: Flutter Mane|Dazzling Gleam|p1a: Garchomp|[spread] p1a,p1b\n|-supereffective|p1a: Garchomp\n|-damage|p1a: Garchomp|9\/100\n|-damage|p1b: Roaring Moon|56\/100\n|move|p1b: Roaring Moon|Tailwind|p1b: Roaring Moon\n|-sidestart|p1: tadano-reol|move: Tailwind\n|move|p1a: Garchomp|Earthquake|p2a: Flutter Mane|[spread] p2a\n|-activate|p2b: Chi-Yu|move: Protect\n|-immune|p1b: Roaring Moon\n|-damage|p2a: Flutter Mane|10\/100\n|\n|upkeep\n|turn|2\n|inactive|haha you rage quit has 30 seconds left.\n|inactive|haha you rage quit has 20 seconds left.\n|\n|t:|1683196480\n|switch|p2b: Murkrow|Murkrow, L50, M|100\/100\n|move|p2a: Flutter Mane|Protect|p2a: Flutter Mane\n|-singleturn|p2a: Flutter Mane|Protect\n|move|p1b: Roaring Moon|Acrobatics|p2b: Murkrow\n|-enditem|p2b: Murkrow|Focus Sash\n|-damage|p2b: Murkrow|1\/100\n|move|p1a: Garchomp|Earthquake|p2a: Flutter Mane|[spread] \n|-activate|p2a: Flutter Mane|move: Protect\n|-immune|p1b: Roaring Moon\n|-immune|p2b: Murkrow\n|\n|upkeep\n|turn|3\n|\n|t:|1683196502\n|move|p2b: Murkrow|Tailwind|p2b: Murkrow\n|-sidestart|p2: haha you rage quit|move: Tailwind\n|move|p2a: Flutter Mane|Icy Wind|p1a: Garchomp|[spread] p1a\n|-miss|p2a: Flutter Mane|p1b: Roaring Moon\n|-supereffective|p1a: Garchomp\n|-damage|p1a: Garchomp|0 fnt\n|faint|p1a: Garchomp\n|move|p1b: Roaring Moon|Acrobatics|p2b: Murkrow\n|-damage|p2b: Murkrow|0 fnt\n|faint|p2b: Murkrow\n|\n|upkeep\n|\n|t:|1683196515\n|switch|p1a: Indeedee|Indeedee-F, L50, F, shiny|100\/100\n|switch|p2b: Baxcalibur|Baxcalibur, L50, M|100\/100\n|-fieldstart|move: Psychic Terrain|[from] ability: Psychic Surge|[of] p1a: Indeedee\n|turn|4\n|\n|t:|1683196532\n|move|p1a: Indeedee|Follow Me|p1a: Indeedee\n|-singleturn|p1a: Indeedee|move: Follow Me\n|move|p2a: Flutter Mane|Icy Wind|p1b: Roaring Moon|[spread] p1a,p1b\n|-supereffective|p1b: Roaring Moon\n|-damage|p1a: Indeedee|87\/100\n|-damage|p1b: Roaring Moon|25\/100\n|-unboost|p1a: Indeedee|spe|1\n|-unboost|p1b: Roaring Moon|spe|1\n|move|p1b: Roaring Moon|Acrobatics|p2a: Flutter Mane\n|-damage|p2a: Flutter Mane|0 fnt\n|faint|p2a: Flutter Mane\n|-end|p2a: Flutter Mane|Protosynthesis|[silent]\n|move|p2b: Baxcalibur|Icicle Spear|p1a: Indeedee\n|-damage|p1a: Indeedee|70\/100\n|-damage|p1a: Indeedee|53\/100\n|-damage|p1a: Indeedee|34\/100\n|-damage|p1a: Indeedee|17\/100\n|-hitcount|p1a: Indeedee|4\n|\n|-sideend|p1: tadano-reol|move: Tailwind\n|upkeep\n|\n|t:|1683196551\n|switch|p2a: Chi-Yu|Chi-Yu, L50|100\/100\n|-ability|p2a: Chi-Yu|Beads of Ruin\n|turn|5\n|inactive|tadano-reol has 30 seconds left.\n|\n|t:|1683196581\n|move|p1a: Indeedee|Follow Me|p1a: Indeedee\n|-singleturn|p1a: Indeedee|move: Follow Me\n|move|p2a: Chi-Yu|Heat Wave|p1b: Roaring Moon|[spread] p1a\n|-miss|p2a: Chi-Yu|p1b: Roaring Moon\n|-crit|p1a: Indeedee\n|-damage|p1a: Indeedee|0 fnt\n|faint|p1a: Indeedee\n|move|p2b: Baxcalibur|Icicle Spear|p1b: Roaring Moon\n|-supereffective|p1b: Roaring Moon\n|-damage|p1b: Roaring Moon|0 fnt\n|faint|p1b: Roaring Moon\n|-end|p1b: Roaring Moon|Protosynthesis|[silent]\n|-hitcount|p1: Roaring Moon|1\n|\n|upkeep\n|\n|t:|1683196590\n|switch|p1b: Flutter Mane|Flutter Mane, L50|100\/100\n|turn|6\n|-message|tadano-reol forfeited.\n|\n|win|haha you rage quit\n|raw|tadano-reol's rating: 1186 → 1161<\/strong> (-25 for losing)\n|raw|haha you rage quit's rating: 1184 → 1209<\/strong> (+25 for winning)\n|l|\u2606tadano-reol\n|l|\u2606haha you rage quit\n|j|\u2606haha you rage quit\n|player|p2|haha you rage quit|pokemaniac\n","uploadtime":1683196602,"views":15,"p1id":"tadanoreol","p2id":"hahayouragequit","formatid":"gen9vgc2023regulationc","rating":1161,"private":0,"password":""}