{"id":"gen9vgc2023regulationc-1858197252","p1":"Merci12","p2":"Broskander","format":"[Gen 9] VGC 2023 Regulation C","log":"|j|\u2606Merci12\n|j|\u2606Broskander\n|t:|1683289915\n|gametype|doubles\n|player|p1|Merci12|169|1176\n|player|p2|Broskander|2|1216\n|teamsize|p1|6\n|teamsize|p2|6\n|gen|9\n|tier|[Gen 9] VGC 2023 Regulation C\n|rated|\n|rule|Species Clause: Limit one of each Pok\u00e9mon\n|rule|Item Clause: Limit one of each item\n|clearpoke\n|poke|p1|Garchomp, L50, M|\n|poke|p1|Gardevoir, L50, M|\n|poke|p1|Arcanine, L50, M|\n|poke|p1|Azumarill, L50, F|\n|poke|p1|Maushold-Four, L50|\n|poke|p1|Gothitelle, L50, F|\n|poke|p2|Amoonguss, L50, M|\n|poke|p2|Palafin, L50, F|\n|poke|p2|Ting-Lu, L50|\n|poke|p2|Arcanine, L50, F|\n|poke|p2|Flutter Mane, L50|\n|poke|p2|Roaring Moon, L50|\n|teampreview|4\n|inactive|Battle timer is ON: inactive players will automatically lose when time's up. (requested by Merci12)\n|inactive|Merci12 has 60 seconds left.\n|inactive|Broskander has 60 seconds left.\n|\n|t:|1683289972\n|start\n|switch|p1a: Gothitelle|Gothitelle, L50, F|100\/100\n|switch|p1b: Arcanine|Arcanine, L50, M|100\/100\n|switch|p2a: Flutter Mane|Flutter Mane, L50|100\/100\n|switch|p2b: Roaring Moon|Roaring Moon, L50|100\/100\n|-ability|p1b: Arcanine|Intimidate|boost\n|-unboost|p2a: Flutter Mane|atk|1\n|-unboost|p2b: Roaring Moon|atk|1\n|-enditem|p2b: Roaring Moon|Booster Energy\n|-activate|p2b: Roaring Moon|ability: Protosynthesis|[fromitem]\n|-start|p2b: Roaring Moon|protosynthesisatk\n|turn|1\n|\n|t:|1683289990\n|move|p2b: Roaring Moon|Protect|p2b: Roaring Moon\n|-singleturn|p2b: Roaring Moon|Protect\n|move|p1a: Gothitelle|Fake Out|p2b: Roaring Moon\n|-activate|p2b: Roaring Moon|move: Protect\n|move|p2a: Flutter Mane|Substitute|p2a: Flutter Mane\n|-start|p2a: Flutter Mane|Substitute\n|-damage|p2a: Flutter Mane|76\/100\n|move|p1b: Arcanine|Will-O-Wisp|p2b: Roaring Moon\n|-activate|p2b: Roaring Moon|move: Protect\n|\n|-heal|p2a: Flutter Mane|82\/100|[from] item: Leftovers\n|upkeep\n|turn|2\n|\n|t:|1683290010\n|-terastallize|p2b: Roaring Moon|Flying\n|move|p2a: Flutter Mane|Calm Mind|p2a: Flutter Mane\n|-boost|p2a: Flutter Mane|spa|1\n|-boost|p2a: Flutter Mane|spd|1\n|move|p2b: Roaring Moon|Acrobatics|p1b: Arcanine\n|-damage|p1b: Arcanine|35\/100\n|move|p1b: Arcanine|Will-O-Wisp|p2b: Roaring Moon\n|-status|p2b: Roaring Moon|brn\n|move|p1a: Gothitelle|Psyshock|p2a: Flutter Mane\n|-end|p2a: Flutter Mane|Substitute\n|\n|-heal|p2a: Flutter Mane|87\/100|[from] item: Leftovers\n|-damage|p2b: Roaring Moon|95\/100 brn|[from] brn\n|upkeep\n|turn|3\n|\n|t:|1683290032\n|switch|p1b: Azumarill|Azumarill, L50, F|100\/100\n|move|p2a: Flutter Mane|Shadow Ball|p1a: Gothitelle\n|-supereffective|p1a: Gothitelle\n|-damage|p1a: Gothitelle|8\/100\n|move|p2b: Roaring Moon|Throat Chop|p1a: Gothitelle\n|-supereffective|p1a: Gothitelle\n|-damage|p1a: Gothitelle|0 fnt\n|faint|p1a: Gothitelle\n|\n|-heal|p2a: Flutter Mane|93\/100|[from] item: Leftovers\n|-damage|p2b: Roaring Moon|89\/100 brn|[from] brn\n|upkeep\n|\n|t:|1683290043\n|switch|p1a: Garchomp|Garchomp, L50, M|100\/100\n|turn|4\n|\n|t:|1683290061\n|-end|p2b: Roaring Moon|Protosynthesis|[silent]\n|switch|p2b: Arcanine|Arcanine, L50, F|100\/100\n|-ability|p2b: Arcanine|Intimidate|boost\n|-unboost|p1a: Garchomp|atk|1\n|-unboost|p1b: Azumarill|atk|1\n|-terastallize|p1a: Garchomp|Ground\n|move|p2a: Flutter Mane|Substitute|p2a: Flutter Mane\n|-start|p2a: Flutter Mane|Substitute\n|-damage|p2a: Flutter Mane|68\/100\n|move|p1a: Garchomp|Rock Slide|p2b: Arcanine|[spread] p2a,p2b\n|-activate|p2a: Flutter Mane|move: Substitute|[damage]\n|-supereffective|p2b: Arcanine\n|-damage|p2b: Arcanine|70\/100\n|move|p1b: Azumarill|Liquidation|p2a: Flutter Mane\n|-end|p2a: Flutter Mane|Substitute\n|\n|-heal|p2a: Flutter Mane|74\/100|[from] item: Leftovers\n|upkeep\n|turn|5\n|\n|t:|1683290086\n|-end|p2a: Flutter Mane|Protosynthesis|[silent]\n|switch|p2a: Roaring Moon|Roaring Moon, L50, tera:Flying|89\/100 brn\n|switch|p1b: Arcanine|Arcanine, L50, M|35\/100\n|-ability|p1b: Arcanine|Intimidate|boost\n|-unboost|p2a: Roaring Moon|atk|1\n|-unboost|p2b: Arcanine|atk|1\n|move|p2b: Arcanine|Will-O-Wisp|p1a: Garchomp\n|-status|p1a: Garchomp|brn\n|move|p1a: Garchomp|Earthquake|p2a: Roaring Moon|[spread] p1b,p2b\n|-immune|p2a: Roaring Moon\n|-supereffective|p1b: Arcanine\n|-supereffective|p2b: Arcanine\n|-damage|p1b: Arcanine|0 fnt\n|-damage|p2b: Arcanine|26\/100\n|faint|p1b: Arcanine\n|\n|-damage|p1a: Garchomp|95\/100 brn|[from] brn\n|-damage|p2a: Roaring Moon|83\/100 brn|[from] brn\n|upkeep\n|-message|Merci12 forfeited.\n|\n|win|Broskander\n|raw|Merci12's rating: 1176 → 1154<\/strong> (-22 for losing)\n|raw|Broskander's rating: 1216 → 1238<\/strong> (+22 for winning)\n|l|\u2606Merci12\n","uploadtime":1683290130,"views":6,"p1id":"merci12","p2id":"broskander","formatid":"gen9vgc2023regulationc","rating":1154,"private":0,"password":""}