{"id":"gen9vgc2023regulationc-1846945118","p1":"andre90210","p2":"bigguygrrrrr","format":"[Gen 9] VGC 2023 Regulation C","log":"|j|\u2606andre90210\n|j|\u2606bigguygrrrrr\n|t:|1681904488\n|gametype|doubles\n|player|p1|andre90210|lucas|1043\n|player|p2|bigguygrrrrr|169|1000\n|teamsize|p1|6\n|teamsize|p2|6\n|gen|9\n|tier|[Gen 9] VGC 2023 Regulation C\n|rated|\n|rule|Species Clause: Limit one of each Pok\u00e9mon\n|rule|Item Clause: Limit one of each item\n|clearpoke\n|poke|p1|Baxcalibur, L50, F|\n|poke|p1|Palafin, L50, M|\n|poke|p1|Arcanine, L50, F|\n|poke|p1|Amoonguss, L50, M|\n|poke|p1|Flutter Mane, L50|\n|poke|p1|Ting-Lu, L50|\n|poke|p2|Revavroom, L50, M|\n|poke|p2|Amoonguss, L50, M|\n|poke|p2|Dragonite, L50, M|\n|poke|p2|Gyarados, L50, M|\n|poke|p2|Great Tusk, L50|\n|poke|p2|Skeledirge, L50, M|\n|teampreview|4\n|\n|t:|1681904529\n|start\n|switch|p1a: Palafin|Palafin, L50, M|100\/100\n|switch|p1b: Arcanine|Arcanine, L50, F|100\/100\n|switch|p2a: Amoonguss|Amoonguss, L50, M|100\/100\n|switch|p2b: Revavroom|Revavroom, L50, M|100\/100\n|-ability|p1b: Arcanine|Intimidate|boost\n|-unboost|p2a: Amoonguss|atk|1\n|-unboost|p2b: Revavroom|atk|1\n|turn|1\n|\n|t:|1681904583\n|move|p1a: Palafin|Jet Punch|p2b: Revavroom\n|-damage|p2b: Revavroom|70\/100\n|move|p1b: Arcanine|Flare Blitz|p2a: Amoonguss\n|-supereffective|p2a: Amoonguss\n|-damage|p2a: Amoonguss|9\/100\n|-damage|p1b: Arcanine|64\/100|[from] Recoil\n|move|p2b: Revavroom|Toxic Spikes|p1b: Arcanine\n|-sidestart|p1: andre90210|move: Toxic Spikes\n|move|p2a: Amoonguss|Spore|p1b: Arcanine\n|-status|p1b: Arcanine|slp|[from] move: Spore\n|\n|-heal|p2a: Amoonguss|15\/100|[from] item: Leftovers\n|upkeep\n|turn|2\n|\n|t:|1681904619\n|detailschange|p1a: Palafin|Palafin-Hero, L50, M\n|switch|p1a: Amoonguss|Amoonguss, L50, M|100\/100\n|-sideend|p1: andre90210|move: Toxic Spikes|[of] p1a: Amoonguss\n|cant|p1b: Arcanine|slp\n|move|p2b: Revavroom|Flash Cannon|p1b: Arcanine\n|-resisted|p1b: Arcanine\n|-damage|p1b: Arcanine|52\/100 slp\n|move|p2a: Amoonguss|Body Slam|p1a: Amoonguss\n|-damage|p1a: Amoonguss|91\/100\n|-status|p1a: Amoonguss|par\n|\n|-heal|p2a: Amoonguss|21\/100|[from] item: Leftovers\n|upkeep\n|turn|3\n|\n|t:|1681904639\n|move|p2a: Amoonguss|Protect|p2a: Amoonguss\n|-singleturn|p2a: Amoonguss|Protect\n|cant|p1b: Arcanine|slp\n|move|p2b: Revavroom|Overheat|p1a: Amoonguss\n|-supereffective|p1a: Amoonguss\n|-damage|p1a: Amoonguss|38\/100 par\n|-unboost|p2b: Revavroom|spa|2\n|-enditem|p1a: Amoonguss|Sitrus Berry|[eat]\n|-heal|p1a: Amoonguss|62\/100 par|[from] item: Sitrus Berry\n|move|p1a: Amoonguss|Pollen Puff|p1b: Arcanine\n|-heal|p1b: Arcanine|100\/100 slp\n|\n|-heal|p2a: Amoonguss|28\/100|[from] item: Leftovers\n|upkeep\n|turn|4\n|\n|t:|1681904668\n|-curestatus|p1b: Arcanine|slp|[msg]\n|move|p1b: Arcanine|Flare Blitz|p2a: Amoonguss\n|-supereffective|p2a: Amoonguss\n|-damage|p2a: Amoonguss|0 fnt\n|faint|p2a: Amoonguss\n|-damage|p1b: Arcanine|90\/100|[from] Recoil\n|move|p2b: Revavroom|Overheat|p1a: Amoonguss\n|-supereffective|p1a: Amoonguss\n|-damage|p1a: Amoonguss|38\/100 par\n|-unboost|p2b: Revavroom|spa|2\n|move|p1a: Amoonguss|Spore|p2b: Revavroom\n|-immune|p2b: Revavroom|[from] ability: Overcoat\n|\n|upkeep\n|\n|t:|1681904684\n|switch|p2a: Dragonite|Dragonite, L50, M|100\/100\n|turn|5\n|\n|t:|1681904696\n|move|p1b: Arcanine|Will-O-Wisp|p2a: Dragonite\n|-status|p2a: Dragonite|brn\n|move|p2a: Dragonite|Earthquake|p1b: Arcanine|[spread] p2b,p1a,p1b\n|-supereffective|p2b: Revavroom\n|-supereffective|p1b: Arcanine\n|-damage|p2b: Revavroom|22\/100\n|-damage|p1a: Amoonguss|29\/100 par\n|-damage|p1b: Arcanine|67\/100\n|move|p2b: Revavroom|Toxic Spikes|p1a: Amoonguss\n|-sidestart|p1: andre90210|move: Toxic Spikes\n|cant|p1a: Amoonguss|par\n|\n|-damage|p2a: Dragonite|94\/100 brn|[from] brn\n|upkeep\n|turn|6\n|\n|t:|1681904725\n|-terastallize|p2a: Dragonite|Dragon\n|move|p2b: Revavroom|Protect|p2b: Revavroom\n|-singleturn|p2b: Revavroom|Protect\n|move|p1b: Arcanine|Flare Blitz|p2b: Revavroom\n|-activate|p2b: Revavroom|move: Protect\n|move|p2a: Dragonite|Outrage|p1a: Amoonguss\n|-damage|p1a: Amoonguss|3\/100 par\n|move|p1a: Amoonguss|Pollen Puff|p2b: Revavroom\n|-activate|p2b: Revavroom|move: Protect\n|\n|-damage|p2a: Dragonite|88\/100 brn|[from] brn\n|upkeep\n|turn|7\n|\n|t:|1681904750\n|cant|p1a: Amoonguss|par\n|move|p1b: Arcanine|Flare Blitz|p2b: Revavroom\n|-supereffective|p2b: Revavroom\n|-damage|p2b: Revavroom|0 fnt\n|faint|p2b: Revavroom\n|-damage|p1b: Arcanine|60\/100|[from] Recoil\n|move|p2a: Dragonite|Outrage|p1b: Arcanine|[from]lockedmove\n|-damage|p1b: Arcanine|23\/100\n|-enditem|p1b: Arcanine|Figy Berry|[eat]\n|-heal|p1b: Arcanine|57\/100|[from] item: Figy Berry\n|\n|-damage|p2a: Dragonite|82\/100 brn|[from] brn\n|upkeep\n|\n|t:|1681904762\n|switch|p2b: Skeledirge|Skeledirge, L50, M|100\/100\n|-item|p2b: Skeledirge|Air Balloon\n|turn|8\n|\n|t:|1681904808\n|switch|p1b: Palafin|Palafin-Hero, L50, M|100\/100\n|-status|p1b: Palafin|psn\n|-activate|p1b: Palafin|ability: Zero to Hero\n|move|p2a: Dragonite|Outrage|p1a: Amoonguss|[from]lockedmove\n|-damage|p1a: Amoonguss|0 fnt\n|faint|p1a: Amoonguss\n|-start|p2a: Dragonite|confusion|[fatigue]\n|move|p2b: Skeledirge|Substitute|p2b: Skeledirge\n|-start|p2b: Skeledirge|Substitute\n|-damage|p2b: Skeledirge|76\/100\n|\n|-damage|p1b: Palafin|88\/100 psn|[from] psn\n|-damage|p2a: Dragonite|76\/100 brn|[from] brn\n|upkeep\n|\n|t:|1681904827\n|switch|p1a: Ting-Lu|Ting-Lu, L50|100\/100\n|-status|p1a: Ting-Lu|psn\n|-ability|p1a: Ting-Lu|Vessel of Ruin\n|turn|9\n|\n|t:|1681904854\n|move|p1b: Palafin|Jet Punch|p2a: Dragonite\n|-resisted|p2a: Dragonite\n|-damage|p2a: Dragonite|54\/100 brn\n|-activate|p2a: Dragonite|confusion\n|move|p2a: Dragonite|Body Slam|p1a: Ting-Lu\n|-damage|p1a: Ting-Lu|94\/100 psn\n|move|p2b: Skeledirge|Will-O-Wisp|p1b: Palafin|[miss]\n|-miss|p2b: Skeledirge|p1b: Palafin\n|move|p1a: Ting-Lu|Heavy Slam|p2a: Dragonite\n|-crit|p2a: Dragonite\n|-damage|p2a: Dragonite|26\/100 brn\n|\n|-damage|p1b: Palafin|76\/100 psn|[from] psn\n|-damage|p1a: Ting-Lu|82\/100 psn|[from] psn\n|-damage|p2a: Dragonite|19\/100 brn|[from] brn\n|upkeep\n|turn|10\n|inactive|Battle timer is ON: inactive players will automatically lose when time's up. (requested by andre90210)\n|\n|t:|1681904899\n|move|p1b: Palafin|Protect|p1b: Palafin\n|-singleturn|p1b: Palafin|Protect\n|-end|p2a: Dragonite|confusion\n|move|p2a: Dragonite|Extreme Speed|p1b: Palafin\n|-activate|p1b: Palafin|move: Protect\n|move|p2b: Skeledirge|Shadow Ball|p1b: Palafin\n|-activate|p1b: Palafin|move: Protect\n|move|p1a: Ting-Lu|Fissure|p2b: Skeledirge\n|-immune|p2b: Skeledirge\n|\n|-damage|p1b: Palafin|64\/100 psn|[from] psn\n|-damage|p1a: Ting-Lu|70\/100 psn|[from] psn\n|-damage|p2a: Dragonite|13\/100 brn|[from] brn\n|upkeep\n|turn|11\n|inactive|andre90210 has 30 seconds left.\n|inactive|bigguygrrrrr has 30 seconds left.\n|inactive|bigguygrrrrr has 20 seconds left.\n|inactive|bigguygrrrrr has 15 seconds left.\n|\n|t:|1681904943\n|move|p2a: Dragonite|Extreme Speed|p1b: Palafin\n|-damage|p1b: Palafin|54\/100 psn\n|move|p1b: Palafin|Wave Crash|p2b: Skeledirge\n|-supereffective|p2b: Skeledirge\n|-end|p2b: Skeledirge|Substitute\n|-damage|p1b: Palafin|46\/100 psn|[from] Recoil|[of] p2b: Skeledirge\n|-enditem|p2b: Skeledirge|Air Balloon\n|move|p2b: Skeledirge|Will-O-Wisp|p1a: Ting-Lu|[miss]\n|-miss|p2b: Skeledirge|p1a: Ting-Lu\n|move|p1a: Ting-Lu|Heavy Slam|p2a: Dragonite\n|-damage|p2a: Dragonite|0 fnt\n|faint|p2a: Dragonite\n|\n|-damage|p1b: Palafin|34\/100 psn|[from] psn\n|-damage|p1a: Ting-Lu|57\/100 psn|[from] psn\n|upkeep\n|turn|12\n|inactive|andre90210 has 30 seconds left.\n|inactive|bigguygrrrrr has 30 seconds left.\n|\n|t:|1681904973\n|move|p1b: Palafin|Jet Punch|p2b: Skeledirge\n|-supereffective|p2b: Skeledirge\n|-damage|p2b: Skeledirge|0 fnt\n|faint|p2b: Skeledirge\n|\n|win|andre90210\n|raw|andre90210's rating: 1043 → 1072<\/strong> (+29 for winning)\n|raw|bigguygrrrrr's rating: 1000 → 1000<\/strong> (+0 for losing)\n","uploadtime":1681904987,"views":18,"p1id":"andre90210","p2id":"bigguygrrrrr","formatid":"gen9vgc2023regulationc","rating":1000,"private":0,"password":""}