{"id":"gen9vgc2023regulationc-1862243060","p1":"cyberhex","p2":"stack of pancake","format":"[Gen 9] VGC 2023 Regulation C","log":"|j|\u2606cyberhex\n|j|\u2606stack of pancake\n|t:|1683854076\n|gametype|doubles\n|player|p1|cyberhex|170|1293\n|player|p2|stack of pancake|steven|1180\n|teamsize|p1|6\n|teamsize|p2|6\n|gen|9\n|tier|[Gen 9] VGC 2023 Regulation C\n|rated|\n|rule|Species Clause: Limit one of each Pok\u00e9mon\n|rule|Item Clause: Limit one of each item\n|clearpoke\n|poke|p1|Dondozo, L50, M|\n|poke|p1|Tatsugiri-Droopy, L50, F|\n|poke|p1|Amoonguss, L50, M|\n|poke|p1|Arcanine, L50, F|\n|poke|p1|Baxcalibur, L50, F|\n|poke|p1|Flutter Mane, L50|\n|poke|p2|Murkrow, L50, F|\n|poke|p2|Flutter Mane, L50|\n|poke|p2|Great Tusk, L50|\n|poke|p2|Amoonguss, L50, F|\n|poke|p2|Kingambit, L50, F|\n|poke|p2|Chien-Pao, L50|\n|teampreview|4\n|inactive|Battle timer is ON: inactive players will automatically lose when time's up. (requested by cyberhex)\nstack of pancake has agreed to open team sheets.\n|inactive|cyberhex has 60 seconds left.\n|inactive|stack of pancake has 60 seconds left.\n|\n|t:|1683854125\n|start\n|switch|p1a: b e e g|Dondozo, L50, M|100\/100\n|switch|p1b: d o d g e|Tatsugiri-Droopy, L50, F, shiny|100\/100\n|switch|p2a: Flutter Mane|Flutter Mane, L50|100\/100\n|switch|p2b: Kingambit|Kingambit, L50, F|100\/100\n|-activate|p1b: d o d g e|ability: Commander|[of] p1a: b e e g\n|-boost|p1a: b e e g|atk|2\n|-boost|p1a: b e e g|spa|2\n|-boost|p1a: b e e g|spe|2\n|-boost|p1a: b e e g|def|2\n|-boost|p1a: b e e g|spd|2\n|turn|1\n|inactive|stack of pancake has 30 seconds left.\n|inactive|stack of pancake has 20 seconds left.\n|inactive|stack of pancake has 15 seconds left.\n|\n|t:|1683854168\n|-end|p2a: Flutter Mane|Protosynthesis|[silent]\n|switch|p2a: Murkrow|Murkrow, L50, F|100\/100\n|move|p1a: b e e g|Heavy Slam|p2a: Murkrow\n|-enditem|p2a: Murkrow|Focus Sash\n|-damage|p2a: Murkrow|1\/100\n|move|p2b: Kingambit|Assurance|p1a: b e e g\n|-damage|p1a: b e e g|88\/100\n|\n|upkeep\n|turn|2\n|\n|t:|1683854188\n|-terastallize|p2b: Kingambit|Flying\n|move|p2a: Murkrow|Haze|p2a: Murkrow\n|-clearallboost\n|move|p1a: b e e g|Rock Slide|p2b: Kingambit|[spread] p2a,p2b\n|-supereffective|p2a: Murkrow\n|-supereffective|p2b: Kingambit\n|-damage|p2a: Murkrow|0 fnt\n|-damage|p2b: Kingambit|77\/100\n|faint|p2a: Murkrow\n|move|p2b: Kingambit|Tera Blast|p1a: b e e g\n|-damage|p1a: b e e g|52\/100\n|\n|upkeep\n|\n|t:|1683854209\n|switch|p2a: Flutter Mane|Flutter Mane, L50|100\/100\n|turn|3\n|\n|t:|1683854227\n|move|p2a: Flutter Mane|Shadow Ball|p1a: b e e g\n|-damage|p1a: b e e g|0 fnt\n|faint|p1a: b e e g\n|move|p2b: Kingambit|Tera Blast|p1b: d o d g e\n|-damage|p1b: d o d g e|36\/100\n|\n|upkeep\n|\n|t:|1683854234\n|switch|p1a: s l a y|Flutter Mane, L50|100\/100\n|turn|4\n|inactive|stack of pancake has 30 seconds left.\n|\n|t:|1683854259\n|-terastallize|p1a: s l a y|Fairy\n|move|p1b: d o d g e|Helping Hand|p1a: s l a y\n|-singleturn|p1a: s l a y|Helping Hand|[of] p1b: d o d g e\n|move|p1a: s l a y|Dazzling Gleam|p2b: Kingambit|[spread] p2a,p2b\n|-damage|p2a: Flutter Mane|23\/100\n|-damage|p2b: Kingambit|21\/100\n|move|p2a: Flutter Mane|Shadow Ball|p1b: d o d g e\n|-damage|p1b: d o d g e|0 fnt\n|faint|p1b: d o d g e\n|move|p2b: Kingambit|Iron Head|p1a: s l a y\n|-supereffective|p1a: s l a y\n|-damage|p1a: s l a y|0 fnt\n|faint|p1a: s l a y\n|-end|p1a: s l a y|Protosynthesis|[silent]\n|\n|upkeep\n|\n|t:|1683854279\n|switch|p1b: s t i c k|Baxcalibur, L50, F|100\/100\n|turn|5\n|\n|t:|1683854299\n|move|p1b: s t i c k|Ice Shard|p2b: Kingambit\n|-supereffective|p2b: Kingambit\n|-damage|p2b: Kingambit|0 fnt\n|faint|p2b: Kingambit\n|move|p2a: Flutter Mane|Shadow Ball|p1b: s t i c k\n|-damage|p1b: s t i c k|42\/100\n|-unboost|p1b: s t i c k|spd|1\n|\n|upkeep\n|\n|t:|1683854305\n|switch|p2b: Great Tusk|Great Tusk, L50|100\/100\n|turn|6\n|\n|t:|1683854312\n|move|p1b: s t i c k|Protect|p1b: s t i c k\n|-singleturn|p1b: s t i c k|Protect\n|move|p2b: Great Tusk|Close Combat|p1b: s t i c k\n|-activate|p1b: s t i c k|move: Protect\n|move|p2a: Flutter Mane|Shadow Ball|p1b: s t i c k\n|-activate|p1b: s t i c k|move: Protect\n|\n|upkeep\n|turn|7\n|\n|t:|1683854321\n|move|p1b: s t i c k|Ice Shard|p2a: Flutter Mane\n|-damage|p2a: Flutter Mane|0 fnt\n|faint|p2a: Flutter Mane\n|-end|p2a: Flutter Mane|Protosynthesis|[silent]\n|move|p2b: Great Tusk|Close Combat|p1b: s t i c k\n|-supereffective|p1b: s t i c k\n|-damage|p1b: s t i c k|0 fnt\n|-unboost|p2b: Great Tusk|def|1\n|-unboost|p2b: Great Tusk|spd|1\n|faint|p1b: s t i c k\n|\n|win|stack of pancake\n|raw|cyberhex's rating: 1293 → 1260<\/strong> (-33 for losing)\n|raw|stack of pancake's rating: 1180 → 1213<\/strong> (+33 for winning)\n|l|\u2606cyberhex\n","uploadtime":1683854333,"views":8,"p1id":"cyberhex","p2id":"stackofpancake","formatid":"gen9vgc2023regulationc","rating":1213,"private":0,"password":""}