{"id":"gen9vgc2023regulationc-1857290781","p1":"pokemon homo","p2":"768\u53f7\u6b66\u58ebmax","format":"[Gen 9] VGC 2023 Regulation C","log":"|j|\u2606pokemon homo\n|j|\u2606768\u53f7\u6b66\u58ebmax\n|t:|1683168582\n|gametype|doubles\n|player|p1|pokemon homo|rosa|\n|player|p2|768\u53f7\u6b66\u58ebmax|guzma|\n|teamsize|p1|6\n|teamsize|p2|6\n|gen|9\n|tier|[Gen 9] VGC 2023 Regulation C\n|rule|Species Clause: Limit one of each Pok\u00e9mon\n|rule|Item Clause: Limit one of each item\n|clearpoke\n|poke|p1|Chien-Pao, L50|\n|poke|p1|Dragonite, L50, M|\n|poke|p1|Ting-Lu, L50|\n|poke|p1|Gyarados, L50, F|\n|poke|p1|Flutter Mane, L50|\n|poke|p1|Amoonguss, L50, M|\n|poke|p2|Wo-Chien, L50|\n|poke|p2|Flutter Mane, L50|\n|poke|p2|Chi-Yu, L50|\n|poke|p2|Iron Bundle, L50|\n|poke|p2|Baxcalibur, L50, M|\n|poke|p2|Scizor, L50, M|\n|teampreview|4\npokemon homo has agreed to open team sheets.\n768\u53f7\u6b66\u58ebmax has agreed to open team sheets.\n|\n|t:|1683168627\n|start\n|switch|p1a: Dragonite|Dragonite, L50, M|100\/100\n|switch|p1b: Chien-Pao|Chien-Pao, L50|100\/100\n|switch|p2a: \u94c1\u00b7\u96f7\u5409\u827e\u52d2\u5947|Iron Bundle, L50, shiny|100\/100\n|switch|p2b: \u857e\u51a0\u53d1|Flutter Mane, L50|100\/100\n|-ability|p1b: Chien-Pao|Sword of Ruin\n|-enditem|p2a: \u94c1\u00b7\u96f7\u5409\u827e\u52d2\u5947|Booster Energy\n|-activate|p2a: \u94c1\u00b7\u96f7\u5409\u827e\u52d2\u5947|ability: Quark Drive|[fromitem]\n|-start|p2a: \u94c1\u00b7\u96f7\u5409\u827e\u52d2\u5947|quarkdrivespe\n|turn|1\n|\n|t:|1683168681\n|-terastallize|p2a: \u94c1\u00b7\u96f7\u5409\u827e\u52d2\u5947|Ghost\n|-terastallize|p1a: Dragonite|Normal\n|move|p1b: Chien-Pao|Protect|p1b: Chien-Pao\n|-singleturn|p1b: Chien-Pao|Protect\n|move|p2a: \u94c1\u00b7\u96f7\u5409\u827e\u52d2\u5947|Icy Wind|p1b: Chien-Pao|[spread] p1a\n|-activate|p1b: Chien-Pao|move: Protect\n|-damage|p1a: Dragonite|82\/100\n|-unboost|p1a: Dragonite|spe|1\n|move|p2b: \u857e\u51a0\u53d1|Dazzling Gleam|p1a: Dragonite|[spread] p1a\n|-activate|p1b: Chien-Pao|move: Protect\n|-damage|p1a: Dragonite|42\/100\n|move|p1a: Dragonite|Aerial Ace|p2b: \u857e\u51a0\u53d1\n|-damage|p2b: \u857e\u51a0\u53d1|0 fnt\n|faint|p2b: \u857e\u51a0\u53d1\n|-end|p2b: \u857e\u51a0\u53d1|Protosynthesis|[silent]\n|\n|upkeep\n|\n|t:|1683168700\n|switch|p2b: \u70bd\u7130\u5486\u54ee\u9c7c|Chi-Yu, L50|100\/100\n|-ability|p2b: \u70bd\u7130\u5486\u54ee\u9c7c|Beads of Ruin\n|turn|2\n|\n|t:|1683168718\n|switch|p1a: Gyarados|Gyarados, L50, F|100\/100\n|-ability|p1a: Gyarados|Intimidate|boost\n|-unboost|p2a: \u94c1\u00b7\u96f7\u5409\u827e\u52d2\u5947|atk|1\n|-unboost|p2b: \u70bd\u7130\u5486\u54ee\u9c7c|atk|1\n|move|p2a: \u94c1\u00b7\u96f7\u5409\u827e\u52d2\u5947|Protect|p2a: \u94c1\u00b7\u96f7\u5409\u827e\u52d2\u5947\n|-singleturn|p2a: \u94c1\u00b7\u96f7\u5409\u827e\u52d2\u5947|Protect\n|move|p1b: Chien-Pao|Sucker Punch||[still]\n|-fail|p1b: Chien-Pao\n|move|p2b: \u70bd\u7130\u5486\u54ee\u9c7c|Heat Wave|p1a: Gyarados|[spread] p1a,p1b\n|-resisted|p1a: Gyarados\n|-supereffective|p1b: Chien-Pao\n|-damage|p1a: Gyarados|70\/100\n|-enditem|p1b: Chien-Pao|Focus Sash\n|-damage|p1b: Chien-Pao|1\/100\n|-damage|p2b: \u70bd\u7130\u5486\u54ee\u9c7c|91\/100|[from] item: Life Orb\n|\n|upkeep\n|turn|3\n|\n|t:|1683168783\n|switch|p2b: \u53e4\u7b80\u54d1\u94c3|Wo-Chien, L50|100\/100\n|-ability|p2b: \u53e4\u7b80\u54d1\u94c3|Tablets of Ruin\n|move|p2a: \u94c1\u00b7\u96f7\u5409\u827e\u52d2\u5947|Protect||[still]\n|-fail|p2a: \u94c1\u00b7\u96f7\u5409\u827e\u52d2\u5947\n|move|p1b: Chien-Pao|Sucker Punch||[still]\n|-fail|p1b: Chien-Pao\n|move|p1a: Gyarados|Waterfall|p2b: \u53e4\u7b80\u54d1\u94c3\n|-resisted|p2b: \u53e4\u7b80\u54d1\u94c3\n|-damage|p2b: \u53e4\u7b80\u54d1\u94c3|86\/100\n|\n|upkeep\n|turn|4\n|\n|t:|1683168810\n|move|p2a: \u94c1\u00b7\u96f7\u5409\u827e\u52d2\u5947|Protect|p2a: \u94c1\u00b7\u96f7\u5409\u827e\u52d2\u5947\n|-singleturn|p2a: \u94c1\u00b7\u96f7\u5409\u827e\u52d2\u5947|Protect\n|move|p1b: Chien-Pao|Sucker Punch||[still]\n|-fail|p1b: Chien-Pao\n|move|p1a: Gyarados|Thunder Wave|p2b: \u53e4\u7b80\u54d1\u94c3|[miss]\n|-miss|p1a: Gyarados|p2b: \u53e4\u7b80\u54d1\u94c3\n|move|p2b: \u53e4\u7b80\u54d1\u94c3|Ruination|p1b: Chien-Pao\n|-damage|p1b: Chien-Pao|0 fnt\n|faint|p1b: Chien-Pao\n|\n|upkeep\n|\n|t:|1683168820\n|switch|p1b: Flutter Mane|Flutter Mane, L50|100\/100\n|-enditem|p1b: Flutter Mane|Booster Energy\n|-activate|p1b: Flutter Mane|ability: Protosynthesis|[fromitem]\n|-start|p1b: Flutter Mane|protosynthesisspa\n|turn|5\n|\n|t:|1683168893\n|move|p1a: Gyarados|Protect|p1a: Gyarados\n|-singleturn|p1a: Gyarados|Protect\n|move|p2a: \u94c1\u00b7\u96f7\u5409\u827e\u52d2\u5947|Freeze-Dry|p1a: Gyarados\n|-activate|p1a: Gyarados|move: Protect\n|move|p1b: Flutter Mane|Moonblast|p2a: \u94c1\u00b7\u96f7\u5409\u827e\u52d2\u5947\n|-damage|p2a: \u94c1\u00b7\u96f7\u5409\u827e\u52d2\u5947|0 fnt\n|faint|p2a: \u94c1\u00b7\u96f7\u5409\u827e\u52d2\u5947\n|-end|p2a: \u94c1\u00b7\u96f7\u5409\u827e\u52d2\u5947|Quark Drive|[silent]\n|move|p2b: \u53e4\u7b80\u54d1\u94c3|Giga Drain|p1b: Flutter Mane\n|-damage|p1b: Flutter Mane|72\/100\n|-heal|p2b: \u53e4\u7b80\u54d1\u94c3|98\/100|[from] drain|[of] p1b: Flutter Mane\n|\n|upkeep\n|\n|t:|1683168904\n|switch|p2a: \u70bd\u7130\u5486\u54ee\u9c7c|Chi-Yu, L50|91\/100\n|-ability|p2a: \u70bd\u7130\u5486\u54ee\u9c7c|Beads of Ruin\n|turn|6\n|\n|t:|1683168921\n|move|p1b: Flutter Mane|Moonblast|p2b: \u53e4\u7b80\u54d1\u94c3\n|-supereffective|p2b: \u53e4\u7b80\u54d1\u94c3\n|-damage|p2b: \u53e4\u7b80\u54d1\u94c3|7\/100\n|move|p2a: \u70bd\u7130\u5486\u54ee\u9c7c|Dark Pulse|p1a: Gyarados\n|-damage|p1a: Gyarados|3\/100\n|-damage|p2a: \u70bd\u7130\u5486\u54ee\u9c7c|82\/100|[from] item: Life Orb\n|move|p1a: Gyarados|Waterfall|p2a: \u70bd\u7130\u5486\u54ee\u9c7c\n|-supereffective|p2a: \u70bd\u7130\u5486\u54ee\u9c7c\n|-damage|p2a: \u70bd\u7130\u5486\u54ee\u9c7c|5\/100\n|move|p2b: \u53e4\u7b80\u54d1\u94c3|Ruination|p1b: Flutter Mane\n|-damage|p1b: Flutter Mane|36\/100\n|\n|upkeep\n|turn|7\n|\n|t:|1683168937\n|move|p1b: Flutter Mane|Dazzling Gleam|p2a: \u70bd\u7130\u5486\u54ee\u9c7c|[spread] p2a,p2b\n|-supereffective|p2b: \u53e4\u7b80\u54d1\u94c3\n|-damage|p2a: \u70bd\u7130\u5486\u54ee\u9c7c|0 fnt\n|-damage|p2b: \u53e4\u7b80\u54d1\u94c3|0 fnt\n|faint|p2a: \u70bd\u7130\u5486\u54ee\u9c7c\n|faint|p2b: \u53e4\u7b80\u54d1\u94c3\n|\n|win|pokemon homo\n|l|\u2606768\u53f7\u6b66\u58ebmax\n","uploadtime":1683169004,"views":10,"p1id":"pokemonhomo","p2id":"768max","formatid":"gen9vgc2023regulationc","rating":0,"private":0,"password":""}