{"id":"gen9vgc2023regulationc-1857085142","p1":"BIGHAXORUSFAN147","p2":"19402u","format":"[Gen 9] VGC 2023 Regulation C","log":"|j|\u2606BIGHAXORUSFAN147\n|j|\u260619402u\n|t:|1683144285\n|gametype|doubles\n|player|p1|BIGHAXORUSFAN147|grimsley-masters|1405\n|player|p2|19402u|265|1410\n|teamsize|p1|6\n|teamsize|p2|6\n|gen|9\n|tier|[Gen 9] VGC 2023 Regulation C\n|rated|\n|rule|Species Clause: Limit one of each Pok\u00e9mon\n|rule|Item Clause: Limit one of each item\n|clearpoke\n|poke|p1|Chien-Pao, L50|\n|poke|p1|Palafin, L50, M|\n|poke|p1|Dragonite, L50, M|\n|poke|p1|Amoonguss, L50, M|\n|poke|p1|Arcanine, L50, M|\n|poke|p1|Flutter Mane, L50|\n|poke|p2|Dragonite, L50, M|\n|poke|p2|Iron Hands, L50|\n|poke|p2|Amoonguss, L50, F|\n|poke|p2|Ting-Lu, L50|\n|poke|p2|Flutter Mane, L50|\n|poke|p2|Chien-Pao, L50|\n|teampreview|4\n19402u has agreed to open team sheets.\nBIGHAXORUSFAN147 has agreed to open team sheets.\n|\n|t:|1683144348\n|start\n|switch|p1a: Adam|Arcanine, L50, M|100\/100\n|switch|p1b: Iris|Chien-Pao, L50|100\/100\n|switch|p2a: Dragonite|Dragonite, L50, M, shiny|100\/100\n|switch|p2b: Ting-Lu|Ting-Lu, L50|100\/100\n|-ability|p1b: Iris|Sword of Ruin\n|-ability|p1a: Adam|Intimidate|boost\n|-unboost|p2a: Dragonite|atk|1\n|-fail|p2b: Ting-Lu|unboost|[from] item: Clear Amulet|[of] p2b: Ting-Lu\n|-ability|p2b: Ting-Lu|Vessel of Ruin\n|turn|1\n|\n|t:|1683144410\n|-terastallize|p2b: Ting-Lu|Fire\n|move|p1a: Adam|Extreme Speed|p2a: Dragonite\n|-damage|p2a: Dragonite|84\/100\n|move|p1b: Iris|Ice Spinner|p2a: Dragonite\n|-supereffective|p2a: Dragonite\n|-damage|p2a: Dragonite|0 fnt\n|faint|p2a: Dragonite\n|move|p2b: Ting-Lu|Earthquake|p1a: Adam|[spread] p1a,p1b\n|-supereffective|p1a: Adam\n|-damage|p1a: Adam|0 fnt\n|-damage|p1b: Iris|49\/100\n|faint|p1a: Adam\n|\n|upkeep\n|\n|t:|1683144438\n|switch|p2a: Chien-Pao|Chien-Pao, L50|100\/100\n|switch|p1a: Avery|Dragonite, L50, M, shiny|100\/100\n|-ability|p2a: Chien-Pao|Sword of Ruin\n|turn|2\n|\n|t:|1683144474\n|-terastallize|p1a: Avery|Flying\n|move|p1b: Iris|Protect|p1b: Iris\n|-singleturn|p1b: Iris|Protect\n|move|p2a: Chien-Pao|Protect|p2a: Chien-Pao\n|-singleturn|p2a: Chien-Pao|Protect\n|move|p1a: Avery|Tera Blast|p2b: Ting-Lu\n|-damage|p2b: Ting-Lu|57\/100\n|move|p2b: Ting-Lu|Earthquake|p1b: Iris|[spread] \n|-activate|p2a: Chien-Pao|move: Protect\n|-activate|p1b: Iris|move: Protect\n|-immune|p1a: Avery\n|\n|upkeep\n|turn|3\n|\n|t:|1683144525\n|move|p1a: Avery|Extreme Speed|p2a: Chien-Pao\n|-crit|p2a: Chien-Pao\n|-damage|p2a: Chien-Pao|38\/100\n|move|p1b: Iris|Sacred Sword|p2a: Chien-Pao\n|-supereffective|p2a: Chien-Pao\n|-damage|p2a: Chien-Pao|0 fnt\n|faint|p2a: Chien-Pao\n|move|p2b: Ting-Lu|Throat Chop|p1a: Avery\n|-damage|p1a: Avery|75\/100\n|-start|p1a: Avery|Throat Chop|[silent]\n|\n|upkeep\n|\n|t:|1683144531\n|switch|p2a: Flutter Mane|Flutter Mane, L50, shiny|100\/100\n|-enditem|p2a: Flutter Mane|Booster Energy\n|-activate|p2a: Flutter Mane|ability: Protosynthesis|[fromitem]\n|-start|p2a: Flutter Mane|protosynthesisspa\n|turn|4\n|\n|t:|1683144548\n|move|p1b: Iris|Protect|p1b: Iris\n|-singleturn|p1b: Iris|Protect\n|move|p2a: Flutter Mane|Moonblast|p1b: Iris\n|-activate|p1b: Iris|move: Protect\n|move|p1a: Avery|Iron Head|p2a: Flutter Mane\n|-supereffective|p2a: Flutter Mane\n|-damage|p2a: Flutter Mane|0 fnt\n|faint|p2a: Flutter Mane\n|-end|p2a: Flutter Mane|Protosynthesis|[silent]\n|move|p2b: Ting-Lu|Throat Chop|p1a: Avery\n|-damage|p1a: Avery|21\/100\n|\n|-end|p1a: Avery|Throat Chop|[silent]\n|upkeep\n|turn|5\n|-message|19402u forfeited.\n|\n|win|BIGHAXORUSFAN147\n|raw|BIGHAXORUSFAN147's rating: 1405 → 1425<\/strong> (+20 for winning)\n|raw|19402u's rating: 1410 → 1390<\/strong> (-20 for losing)\n|l|\u260619402u\n","uploadtime":1683144567,"views":11,"p1id":"bighaxorusfan147","p2id":"19402u","formatid":"gen9vgc2023regulationc","rating":1390,"private":0,"password":""}