{"id":"gen9vgc2023regulationc-1855459111","p1":"Felipe.Miller.V","p2":"pardosimmia","format":"[Gen 9] VGC 2023 Regulation C","log":"|j|\u2606Felipe.Miller.V\n|j|\u2606pardosimmia\n|t:|1682953386\n|gametype|doubles\n|player|p1|Felipe.Miller.V|102|1209\n|player|p2|pardosimmia|169|1229\n|teamsize|p1|6\n|teamsize|p2|6\n|gen|9\n|tier|[Gen 9] VGC 2023 Regulation C\n|rated|\n|rule|Species Clause: Limit one of each Pok\u00e9mon\n|rule|Item Clause: Limit one of each item\n|clearpoke\n|poke|p1|Mabosstiff, L50, F|\n|poke|p1|Copperajah, L50, F|\n|poke|p1|Sylveon, L50, M|\n|poke|p1|Hatterene, L50, F|\n|poke|p1|Heracross, L50, M|\n|poke|p1|Oranguru, L50, F|\n|poke|p2|Annihilape, L50, F|\n|poke|p2|Maushold-Four, L50|\n|poke|p2|Flutter Mane, L50|\n|poke|p2|Gyarados, L50, M|\n|poke|p2|Amoonguss, L50, M|\n|poke|p2|Scizor, L50, M|\n|teampreview|4\npardosimmia has agreed to open team sheets.\n|inactive|Battle timer is ON: inactive players will automatically lose when time's up. (requested by Felipe.Miller.V)\n|\n|t:|1682953450\n|start\n|switch|p1a: Copperajah|Copperajah, L50, F|100\/100\n|switch|p1b: Hatterene|Hatterene, L50, F, shiny|100\/100\n|switch|p2a: Scizor|Scizor, L50, M|100\/100\n|switch|p2b: Annihilape|Annihilape, L50, F, shiny|100\/100\n|turn|1\n|\n|t:|1682953474\n|-terastallize|p2b: Annihilape|Water\n|-terastallize|p1b: Hatterene|Fire\n|move|p2a: Scizor|Bullet Punch|p1b: Hatterene\n|-resisted|p1b: Hatterene\n|-damage|p1b: Hatterene|83\/100\n|move|p2b: Annihilape|Bulk Up|p2b: Annihilape\n|-boost|p2b: Annihilape|atk|1\n|-boost|p2b: Annihilape|def|1\n|move|p1a: Copperajah|Curse|p1a: Copperajah\n|-unboost|p1a: Copperajah|spe|1\n|-boost|p1a: Copperajah|atk|1\n|-boost|p1a: Copperajah|def|1\n|move|p1b: Hatterene|Trick Room|p1b: Hatterene\n|-fieldstart|move: Trick Room|[of] p1b: Hatterene\n|\n|upkeep\n|turn|2\n|inactive|Felipe.Miller.V has 30 seconds left.\n|inactive|pardosimmia has 30 seconds left.\n|\n|t:|1682953503\n|move|p1a: Copperajah|Curse|p1a: Copperajah\n|-unboost|p1a: Copperajah|spe|1\n|-boost|p1a: Copperajah|atk|1\n|-boost|p1a: Copperajah|def|1\n|move|p1b: Hatterene|Mystical Fire|p2a: Scizor\n|-supereffective|p2a: Scizor\n|-damage|p2a: Scizor|0 fnt\n|faint|p2a: Scizor\n|move|p2b: Annihilape|Drain Punch|p1a: Copperajah\n|-supereffective|p1a: Copperajah\n|-damage|p1a: Copperajah|51\/100\n|\n|upkeep\n|\n|t:|1682953516\n|switch|p2a: Amoonguss|Amoonguss, L50, M|100\/100\n|turn|3\n|\n|t:|1682953533\n|move|p1a: Copperajah|Zen Headbutt|p2a: Amoonguss\n|-supereffective|p2a: Amoonguss\n|-damage|p2a: Amoonguss|0 fnt\n|faint|p2a: Amoonguss\n|move|p1b: Hatterene|Psychic|p2b: Annihilape\n|-damage|p2b: Annihilape|61\/100\n|move|p2b: Annihilape|Bulk Up|p2b: Annihilape\n|-boost|p2b: Annihilape|atk|1\n|-boost|p2b: Annihilape|def|1\n|\n|-heal|p2b: Annihilape|68\/100|[from] item: Leftovers\n|upkeep\n|\n|t:|1682953544\n|switch|p2a: Maushold|Maushold-Four, L50|100\/100\n|turn|4\n|\n|t:|1682953553\n|move|p2a: Maushold|Protect|p2a: Maushold\n|-singleturn|p2a: Maushold|Protect\n|move|p1a: Copperajah|Rock Slide|p2b: Annihilape|[spread] p2b\n|-activate|p2a: Maushold|move: Protect\n|-damage|p2b: Annihilape|45\/100\n|move|p1b: Hatterene|Psychic|p2b: Annihilape\n|-damage|p2b: Annihilape|15\/100\n|move|p2b: Annihilape|Drain Punch|p1a: Copperajah\n|-supereffective|p1a: Copperajah\n|-damage|p1a: Copperajah|0 fnt\n|-heal|p2b: Annihilape|42\/100|[from] drain|[of] p1a: Copperajah\n|faint|p1a: Copperajah\n|\n|-heal|p2b: Annihilape|49\/100|[from] item: Leftovers\n|upkeep\n|inactive|Felipe.Miller.V has 30 seconds left.\n|\n|t:|1682953581\n|switch|p1a: Sylveon|Sylveon, L50, M, shiny|100\/100\n|turn|5\n|\n|t:|1682953600\n|move|p2b: Annihilape|Protect|p2b: Annihilape\n|-singleturn|p2b: Annihilape|Protect\n|move|p2a: Maushold|Protect||[still]\n|-fail|p2a: Maushold\n|move|p1b: Hatterene|Dazzling Gleam|p2b: Annihilape|[spread] p2a\n|-activate|p2b: Annihilape|move: Protect\n|-damage|p2a: Maushold|65\/100\n|move|p1a: Sylveon|Shadow Ball|p2b: Annihilape\n|-activate|p2b: Annihilape|move: Protect\n|\n|-heal|p2b: Annihilape|55\/100|[from] item: Leftovers\n|-fieldend|move: Trick Room\n|upkeep\n|turn|6\n|\n|t:|1682953618\n|move|p2a: Maushold|Follow Me|p2a: Maushold\n|-singleturn|p2a: Maushold|move: Follow Me\n|move|p2b: Annihilape|Rage Fist|p1a: Sylveon\n|-damage|p1a: Sylveon|0 fnt\n|faint|p1a: Sylveon\n|move|p1b: Hatterene|Trick Room|p1b: Hatterene\n|-fieldstart|move: Trick Room|[of] p1b: Hatterene\n|\n|-heal|p2b: Annihilape|61\/100|[from] item: Leftovers\n|upkeep\n|\n|t:|1682953625\n|switch|p1a: Mabosstiff|Mabosstiff, L50, F, shiny|100\/100\n|turn|7\n|\n|t:|1682953636\n|move|p2a: Maushold|Follow Me|p2a: Maushold\n|-singleturn|p2a: Maushold|move: Follow Me\n|move|p1b: Hatterene|Psychic|p2a: Maushold\n|-damage|p2a: Maushold|10\/100\n|move|p1a: Mabosstiff|Fake Tears|p2a: Maushold\n|-unboost|p2a: Maushold|spd|2\n|move|p2b: Annihilape|Drain Punch|p1a: Mabosstiff\n|-supereffective|p1a: Mabosstiff\n|-damage|p1a: Mabosstiff|0 fnt\n|-heal|p2b: Annihilape|100\/100|[from] drain|[of] p1a: Mabosstiff\n|-damage|p2b: Annihilape|84\/100|[from] item: Rocky Helmet|[of] p1a: Mabosstiff\n|faint|p1a: Mabosstiff\n|\n|-heal|p2b: Annihilape|90\/100|[from] item: Leftovers\n|upkeep\n|turn|8\n|-message|Felipe.Miller.V forfeited.\n|\n|win|pardosimmia\n|raw|Felipe.Miller.V's rating: 1209 → 1185<\/strong> (-24 for losing)\n|raw|pardosimmia's rating: 1229 → 1253<\/strong> (+24 for winning)\n|l|\u2606Felipe.Miller.V\n","uploadtime":1682953655,"views":24,"p1id":"felipemillerv","p2id":"pardosimmia","formatid":"gen9vgc2023regulationc","rating":1185,"private":0,"password":""}