{"id":"gen9vgc2023regulationc-1863866199","p1":"beastista","p2":"k3ksmann","format":"[Gen 9] VGC 2023 Regulation C","log":"|j|\u2606beastista\n|j|\u2606k3ksmann\n|t:|1684087132\n|gametype|doubles\n|player|p1|beastista|265|\n|player|p2|k3ksmann|grusha|\n|teamsize|p1|6\n|teamsize|p2|6\n|gen|9\n|tier|[Gen 9] VGC 2023 Regulation C\n|rule|Species Clause: Limit one of each Pok\u00e9mon\n|rule|Item Clause: Limit one of each item\n|clearpoke\n|poke|p1|Squawkabilly, L50, F|\n|poke|p1|Brambleghast, L50, F|\n|poke|p1|Rabsca, L50, F|\n|poke|p1|Pachirisu, L50, M|\n|poke|p1|Rotom-Fan, L50|\n|poke|p1|Mimikyu, L50, M|\n|poke|p2|Maushold, L50|\n|poke|p2|Frosmoth, L50, F|\n|poke|p2|Tropius, L50, M|\n|poke|p2|Klefki, L50, F|\n|poke|p2|Qwilfish, L50, F|\n|poke|p2|Pawmot, L50, M|\n|teampreview|4\n|c|\u2606k3ksmann|open 3 games or do one by one?\n|\n|t:|1684087202\n|start\n|switch|p1a: Mimikyu|Mimikyu, L50, M|100\/100\n|switch|p1b: Brambleghast|Brambleghast, L50, F|100\/100\n|switch|p2a: Maushold|Maushold, L50|100\/100\n|switch|p2b: Frosmoth|Frosmoth, L50, F|100\/100\n|turn|1\n|c|\u2606k3ksmann|glhf!\n|\n|t:|1684087240\n|move|p2a: Maushold|Follow Me|p2a: Maushold\n|-singleturn|p2a: Maushold|move: Follow Me\n|move|p1a: Mimikyu|Taunt|p2a: Maushold\n|-start|p2a: Maushold|move: Taunt\n|move|p1b: Brambleghast|Power Whip|p2a: Maushold\n|-damage|p2a: Maushold|12\/100\n|move|p2b: Frosmoth|Ice Beam|p1b: Brambleghast\n|-supereffective|p1b: Brambleghast\n|-enditem|p1b: Brambleghast|Yache Berry|[eat]\n|-enditem|p1b: Brambleghast|Yache Berry|[weaken]\n|-damage|p1b: Brambleghast|18\/100\n|-damage|p2b: Frosmoth|91\/100|[from] item: Life Orb\n|\n|upkeep\n|turn|2\n|\n|t:|1684087276\n|switch|p2a: Qwilfish|Qwilfish, L50, F|100\/100\n|-ability|p2a: Qwilfish|Intimidate|boost\n|-unboost|p1a: Mimikyu|atk|1\n|-unboost|p1b: Brambleghast|atk|1\n|move|p2b: Frosmoth|Protect|p2b: Frosmoth\n|-singleturn|p2b: Frosmoth|Protect\n|move|p1a: Mimikyu|Play Rough|p2b: Frosmoth\n|-activate|p2b: Frosmoth|move: Protect\n|move|p1b: Brambleghast|Strength Sap|p2a: Qwilfish\n|-unboost|p2a: Qwilfish|atk|1\n|-heal|p1b: Brambleghast|100\/100\n|\n|upkeep\n|turn|3\n|\n|t:|1684087302\n|move|p2a: Qwilfish|Icy Wind|p1b: Brambleghast|[spread] p1a,p1b\n|-supereffective|p1b: Brambleghast\n|-activate|p1a: Mimikyu|ability: Disguise\n|-damage|p1a: Mimikyu|100\/100\n|-damage|p1b: Brambleghast|86\/100\n|-unboost|p1a: Mimikyu|spe|1\n|-unboost|p1b: Brambleghast|spe|1\n|detailschange|p1a: Mimikyu|Mimikyu-Busted, L50, M\n|-damage|p1a: Mimikyu|88\/100|[from] pokemon: Mimikyu-Busted\n|move|p2b: Frosmoth|Ice Beam|p1b: Brambleghast\n|-supereffective|p1b: Brambleghast\n|-damage|p1b: Brambleghast|0 fnt\n|faint|p1b: Brambleghast\n|-damage|p2b: Frosmoth|81\/100|[from] item: Life Orb\n|move|p1a: Mimikyu|Play Rough|p2b: Frosmoth\n|-damage|p2b: Frosmoth|49\/100\n|\n|upkeep\n|\n|t:|1684087331\n|switch|p1b: Rotom|Rotom-Fan, L50|100\/100\n|turn|4\n|j| fheopjgaoijfaofjo\n|\n|t:|1684087366\n|-terastallize|p1b: Rotom|Electric\n|move|p2b: Frosmoth|Protect|p2b: Frosmoth\n|-singleturn|p2b: Frosmoth|Protect\n|move|p2a: Qwilfish|Icy Wind|p1a: Mimikyu|[spread] p1a,p1b\n|-crit|p1a: Mimikyu\n|-damage|p1a: Mimikyu|80\/100\n|-damage|p1b: Rotom|95\/100\n|-unboost|p1a: Mimikyu|spe|1\n|-unboost|p1b: Rotom|spe|1\n|move|p1b: Rotom|Thunderbolt|p2a: Qwilfish\n|-supereffective|p2a: Qwilfish\n|-damage|p2a: Qwilfish|0 fnt\n|faint|p2a: Qwilfish\n|move|p1a: Mimikyu|Play Rough|p2b: Frosmoth\n|-activate|p2b: Frosmoth|move: Protect\n|\n|upkeep\n|\n|t:|1684087390\n|switch|p2a: Pawmot|Pawmot, L50, M|100\/100\n|turn|5\n|\n|t:|1684087430\n|move|p2a: Pawmot|Fake Out|p1b: Rotom\n|-damage|p1b: Rotom|83\/100\n|-damage|p2a: Pawmot|84\/100|[from] item: Rocky Helmet|[of] p1b: Rotom\n|move|p2b: Frosmoth|Quiver Dance|p2b: Frosmoth\n|-boost|p2b: Frosmoth|spa|1\n|-boost|p2b: Frosmoth|spd|1\n|-boost|p2b: Frosmoth|spe|1\n|cant|p1b: Rotom|flinch\n|move|p1a: Mimikyu|Will-O-Wisp|p2a: Pawmot\n|-status|p2a: Pawmot|brn\n|\n|-damage|p2a: Pawmot|78\/100 brn|[from] brn\n|upkeep\n|turn|6\n|\n|t:|1684087463\n|move|p2a: Pawmot|Revival Blessing|p2a: Pawmot\n|\n|t:|1684087466\n|-heal|p2: Qwilfish|50\/100|[from] move: Revival Blessing\n|move|p2b: Frosmoth|Ice Beam|p1b: Rotom\n|-damage|p1b: Rotom|0 fnt\n|faint|p1b: Rotom\n|-damage|p2b: Frosmoth|39\/100|[from] item: Life Orb\n|move|p1a: Mimikyu|Play Rough|p2b: Frosmoth\n|-damage|p2b: Frosmoth|7\/100\n|\n|-damage|p2a: Pawmot|72\/100 brn|[from] brn\n|upkeep\n|\n|t:|1684087480\n|switch|p1b: Squawkabilly|Squawkabilly, L50, F|100\/100\n|-ability|p1b: Squawkabilly|Intimidate|boost\n|-fail|p2a: Pawmot|unboost|[from] item: Clear Amulet|[of] p2a: Pawmot\n|-unboost|p2b: Frosmoth|atk|1\n|turn|7\n|\n|t:|1684087487\n|move|p1b: Squawkabilly|Brave Bird|p2b: Frosmoth\n|-supereffective|p2b: Frosmoth\n|-damage|p2b: Frosmoth|0 fnt\n|faint|p2b: Frosmoth\n|-damage|p1b: Squawkabilly|98\/100|[from] Recoil\n|move|p2a: Pawmot|Ice Punch|p1b: Squawkabilly\n|-supereffective|p1b: Squawkabilly\n|-damage|p1b: Squawkabilly|53\/100\n|move|p1a: Mimikyu|Play Rough|p2a: Pawmot\n|-supereffective|p2a: Pawmot\n|-damage|p2a: Pawmot|6\/100 brn\n|\n|-damage|p2a: Pawmot|0 fnt|[from] brn\n|faint|p2a: Pawmot\n|upkeep\n|\n|t:|1684087501\n|switch|p2a: Qwilfish|Qwilfish, L50, F|50\/100\n|switch|p2b: Maushold|Maushold, L50|12\/100\n|-ability|p2a: Qwilfish|Intimidate|boost\n|-unboost|p1a: Mimikyu|atk|1\n|-unboost|p1b: Squawkabilly|atk|1\n|turn|8\n|\n|t:|1684087518\n|move|p2b: Maushold|Follow Me|p2b: Maushold\n|-singleturn|p2b: Maushold|move: Follow Me\n|move|p1b: Squawkabilly|Brave Bird|p2b: Maushold\n|-damage|p2b: Maushold|0 fnt\n|faint|p2b: Maushold\n|-damage|p1b: Squawkabilly|49\/100|[from] Recoil\n|move|p2a: Qwilfish|Gunk Shot|p1b: Squawkabilly\n|-damage|p1b: Squawkabilly|0 fnt\n|faint|p1b: Squawkabilly\n|move|p1a: Mimikyu|Play Rough|p2a: Qwilfish\n|-resisted|p2a: Qwilfish\n|-damage|p2a: Qwilfish|39\/100\n|\n|upkeep\n|turn|9\n|\n|t:|1684087532\n|move|p2a: Qwilfish|Gunk Shot|p1a: Mimikyu\n|-damage|p1a: Mimikyu|9\/100\n|-status|p1a: Mimikyu|psn\n|move|p1a: Mimikyu|Will-O-Wisp|p2a: Qwilfish\n|-status|p2a: Qwilfish|brn\n|\n|-damage|p1a: Mimikyu|0 fnt|[from] psn\n|faint|p1a: Mimikyu\n|\n|win|k3ksmann\n|upkeep\n","uploadtime":1684087544,"views":17,"p1id":"beastista","p2id":"k3ksmann","formatid":"gen9vgc2023regulationc","rating":0,"private":0,"password":""}