{"id":"gen9vgc2023regulationc-1858163692","p1":"TitusLance","p2":"RazorSquid","format":"[Gen 9] VGC 2023 Regulation C","log":"|j|\u2606TitusLance\n|j|\u2606RazorSquid\n|t:|1683285713\n|gametype|doubles\n|player|p1|TitusLance|101|1097\n|player|p2|RazorSquid|roughneck-gen4|1171\n|teamsize|p1|6\n|teamsize|p2|6\n|gen|9\n|tier|[Gen 9] VGC 2023 Regulation C\n|rated|\n|rule|Species Clause: Limit one of each Pok\u00e9mon\n|rule|Item Clause: Limit one of each item\n|clearpoke\n|poke|p1|Chi-Yu, L50|\n|poke|p1|Gastrodon, L50, M|\n|poke|p1|Torkoal, L50, F|\n|poke|p1|Dondozo, L50, F|\n|poke|p1|Tatsugiri, L50, F|\n|poke|p1|Jumpluff, L50, M|\n|poke|p2|Iron Bundle, L50|\n|poke|p2|Vivillon, L50, F|\n|poke|p2|Abomasnow, L50, M|\n|poke|p2|Annihilape, L50, F|\n|poke|p2|Chien-Pao, L50|\n|poke|p2|Ting-Lu, L50|\n|teampreview|4\n|inactive|Battle timer is ON: inactive players will automatically lose when time's up. (requested by RazorSquid)\nTitusLance has agreed to open team sheets.\n|inactive|TitusLance has 60 seconds left.\n|inactive|RazorSquid has 60 seconds left.\n|\n|t:|1683285758\n|start\n|switch|p1a: Jumpluff|Jumpluff, L50, M|100\/100\n|switch|p1b: Chi-Yu|Chi-Yu, L50|100\/100\n|switch|p2a: Annihilape|Annihilape, L50, F|100\/100\n|switch|p2b: Vivillon|Vivillon, L50, F|100\/100\n|-ability|p1b: Chi-Yu|Beads of Ruin\n|turn|1\n|inactive|TitusLance has 30 seconds left.\n|\n|t:|1683285783\n|switch|p1b: Torkoal|Torkoal, L50, F|100\/100\n|-weather|SunnyDay|[from] ability: Drought|[of] p1b: Torkoal\n|move|p2b: Vivillon|Rage Powder|p2b: Vivillon\n|-singleturn|p2b: Vivillon|move: Rage Powder\n|move|p1a: Jumpluff|Sleep Powder|p2a: Annihilape|[miss]\n|-miss|p1a: Jumpluff|p2a: Annihilape\n|move|p2a: Annihilape|Drain Punch|p1b: Torkoal\n|-damage|p1b: Torkoal|73\/100\n|\n|-weather|SunnyDay|[upkeep]\n|upkeep\n|turn|2\n|inactive|RazorSquid has 30 seconds left.\n|\n|t:|1683285817\n|switch|p2a: Abomasnow|Abomasnow, L50, M|100\/100\n|-weather|Snow|[from] ability: Snow Warning|[of] p2a: Abomasnow\n|-terastallize|p1b: Torkoal|Grass\n|move|p2b: Vivillon|Safeguard|p2b: Vivillon\n|-sidestart|p2: RazorSquid|Safeguard\n|move|p1a: Jumpluff|Sleep Powder|p2a: Abomasnow\n|-immune|p2a: Abomasnow\n|move|p1b: Torkoal|Heat Wave|p2b: Vivillon|[spread] p2a,p2b\n|-supereffective|p2a: Abomasnow\n|-supereffective|p2b: Vivillon\n|-damage|p2a: Abomasnow|0 fnt\n|-enditem|p2b: Vivillon|Focus Sash\n|-damage|p2b: Vivillon|1\/100\n|faint|p2a: Abomasnow\n|\n|-weather|Snow|[upkeep]\n|upkeep\n|\n|t:|1683285831\n|switch|p2a: Iron Bundle|Iron Bundle, L50|100\/100\n|-enditem|p2a: Iron Bundle|Booster Energy\n|-activate|p2a: Iron Bundle|ability: Quark Drive|[fromitem]\n|-start|p2a: Iron Bundle|quarkdrivespe\n|turn|3\n|\n|t:|1683285842\n|move|p2a: Iron Bundle|Blizzard|p1a: Jumpluff|[spread] p1a,p1b\n|-supereffective|p1a: Jumpluff\n|-supereffective|p1b: Torkoal\n|-enditem|p1a: Jumpluff|Focus Sash\n|-damage|p1a: Jumpluff|1\/100\n|-damage|p1b: Torkoal|0 fnt\n|faint|p1b: Torkoal\n|move|p2b: Vivillon|Pollen Puff|p1a: Jumpluff\n|-damage|p1a: Jumpluff|0 fnt\n|faint|p1a: Jumpluff\n|\n|-weather|Snow|[upkeep]\n|upkeep\n|\n|t:|1683285851\n|switch|p1a: Gastrodon|Gastrodon, L50, M|100\/100\n|switch|p1b: Chi-Yu|Chi-Yu, L50|100\/100\n|-ability|p1b: Chi-Yu|Beads of Ruin\n|turn|4\n|\n|t:|1683285869\n|move|p2a: Iron Bundle|Blizzard|p1a: Gastrodon|[spread] p1a,p1b\n|-resisted|p1b: Chi-Yu\n|-damage|p1a: Gastrodon|58\/100\n|-damage|p1b: Chi-Yu|80\/100\n|move|p2b: Vivillon|Pollen Puff|p1a: Gastrodon\n|-damage|p1a: Gastrodon|19\/100\n|move|p1b: Chi-Yu|Heat Wave|p2a: Iron Bundle|[spread] p2a,p2b\n|-supereffective|p2b: Vivillon\n|-damage|p2a: Iron Bundle|12\/100\n|-damage|p2b: Vivillon|0 fnt\n|faint|p2b: Vivillon\n|move|p1a: Gastrodon|Icy Wind|p2a: Iron Bundle\n|-resisted|p2a: Iron Bundle\n|-damage|p2a: Iron Bundle|7\/100\n|-unboost|p2a: Iron Bundle|spe|1\n|\n|-weather|Snow|[upkeep]\n|-heal|p1a: Gastrodon|25\/100|[from] item: Leftovers\n|upkeep\n|\n|t:|1683285877\n|switch|p2b: Annihilape|Annihilape, L50, F|100\/100\n|turn|5\n|inactive|RazorSquid has 30 seconds left.\n|\n|t:|1683285903\n|-terastallize|p2b: Annihilape|Fire\n|move|p2a: Iron Bundle|Blizzard|p1a: Gastrodon|[spread] p1a,p1b\n|-resisted|p1b: Chi-Yu\n|-damage|p1a: Gastrodon|0 fnt\n|-damage|p1b: Chi-Yu|59\/100\n|faint|p1a: Gastrodon\n|move|p2b: Annihilape|Drain Punch|p1b: Chi-Yu\n|-supereffective|p1b: Chi-Yu\n|-damage|p1b: Chi-Yu|0 fnt\n|faint|p1b: Chi-Yu\n|\n|win|RazorSquid\n|raw|TitusLance's rating: 1097 → 1078<\/strong> (-19 for losing)\n|raw|RazorSquid's rating: 1171 → 1191<\/strong> (+20 for winning)\n|l|\u2606TitusLance\n","uploadtime":1683285917,"views":19,"p1id":"tituslance","p2id":"razorsquid","formatid":"gen9vgc2023regulationc","rating":1078,"private":0,"password":""}