{"id":"gen9vgc2023regulationc-1857200269","p1":"Primal Latios","p2":"Lealrec","format":"[Gen 9] VGC 2023 Regulation C","log":"|j|\u2606Primal Latios\n|j|\u2606Lealrec\n|t:|1683157171\n|gametype|doubles\n|player|p1|Primal Latios|102|1265\n|player|p2|Lealrec|265|1247\n|teamsize|p1|6\n|teamsize|p2|6\n|gen|9\n|tier|[Gen 9] VGC 2023 Regulation C\n|rated|\n|rule|Species Clause: Limit one of each Pok\u00e9mon\n|rule|Item Clause: Limit one of each item\n|clearpoke\n|poke|p1|Arcanine, L50, M|\n|poke|p1|Kingambit, L50, M|\n|poke|p1|Flutter Mane, L50|\n|poke|p1|Palafin, L50, F|\n|poke|p1|Amoonguss, L50, M|\n|poke|p1|Ting-Lu, L50|\n|poke|p2|Flutter Mane, L50|\n|poke|p2|Great Tusk, L50|\n|poke|p2|Corviknight, L50, F|\n|poke|p2|Chi-Yu, L50|\n|poke|p2|Gyarados, L50, F|\n|poke|p2|Amoonguss, L50, F|\n|teampreview|4\n|\n|t:|1683157211\n|start\n|switch|p1a: Daifuku|Palafin, L50, F|100\/100\n|switch|p1b: Judah|Arcanine, L50, M|100\/100\n|switch|p2a: Great Tusk|Great Tusk, L50|100\/100\n|switch|p2b: Corviknight|Corviknight, L50, F|100\/100\n|-ability|p1b: Judah|Intimidate|boost\n|-unboost|p2a: Great Tusk|atk|1\n|-ability|p2b: Corviknight|Mirror Armor\n|-unboost|p1b: Judah|atk|1\n|turn|1\n|\n|t:|1683157257\n|detailschange|p1a: Daifuku|Palafin-Hero, L50, F\n|switch|p1a: Ding-Dong|Ting-Lu, L50|100\/100\n|-ability|p1a: Ding-Dong|Vessel of Ruin\n|-terastallize|p1b: Judah|Grass\n|-terastallize|p2a: Great Tusk|Fire\n|move|p1b: Judah|Howl|p1b: Judah|[spread] p1a,p1b\n|-boost|p1a: Ding-Dong|atk|1\n|-boost|p1b: Judah|atk|1\n|move|p2a: Great Tusk|Earthquake|p1b: Judah|[spread] p1a,p1b\n|-immune|p2b: Corviknight\n|-resisted|p1b: Judah\n|-damage|p1a: Ding-Dong|85\/100\n|-damage|p1b: Judah|85\/100\n|move|p2b: Corviknight|Bulk Up|p2b: Corviknight\n|-boost|p2b: Corviknight|atk|1\n|-boost|p2b: Corviknight|def|1\n|\n|upkeep\n|turn|2\n|\n|t:|1683157304\n|move|p1b: Judah|Flare Blitz|p2b: Corviknight\n|-supereffective|p2b: Corviknight\n|-damage|p2b: Corviknight|46\/100\n|-damage|p1b: Judah|67\/100|[from] Recoil\n|move|p2a: Great Tusk|Headlong Rush|p1a: Ding-Dong\n|-damage|p1a: Ding-Dong|57\/100\n|-unboost|p2a: Great Tusk|def|1\n|-unboost|p2a: Great Tusk|spd|1\n|move|p2b: Corviknight|Brave Bird|p1b: Judah\n|-supereffective|p1b: Judah\n|-damage|p1b: Judah|0 fnt\n|faint|p1b: Judah\n|-damage|p2b: Corviknight|25\/100|[from] Recoil\n|move|p1a: Ding-Dong|Stomping Tantrum|p2a: Great Tusk\n|-supereffective|p2a: Great Tusk\n|-damage|p2a: Great Tusk|0 fnt\n|faint|p2a: Great Tusk\n|-end|p2a: Great Tusk|Protosynthesis|[silent]\n|\n|upkeep\n|\n|t:|1683157337\n|switch|p1b: Lionette|Flutter Mane, L50|100\/100\n|switch|p2a: Flutter Mane|Flutter Mane, L50|100\/100\n|turn|3\n|\n|t:|1683157361\n|-end|p2a: Flutter Mane|Protosynthesis|[silent]\n|switch|p2a: Chi-Yu|Chi-Yu, L50|100\/100\n|-ability|p2a: Chi-Yu|Beads of Ruin\n|move|p1b: Lionette|Shadow Ball|p2b: Corviknight\n|-damage|p2b: Corviknight|0 fnt\n|faint|p2b: Corviknight\n|move|p1a: Ding-Dong|Heavy Slam|p2a: Chi-Yu\n|-resisted|p2a: Chi-Yu\n|-damage|p2a: Chi-Yu|56\/100\n|\n|upkeep\n|\n|t:|1683157373\n|switch|p2b: Flutter Mane|Flutter Mane, L50|100\/100\n|turn|4\n|\n|t:|1683157409\n|move|p2b: Flutter Mane|Shadow Ball|p1b: Lionette\n|-supereffective|p1b: Lionette\n|-damage|p1b: Lionette|0 fnt\n|faint|p1b: Lionette\n|-end|p1b: Lionette|Protosynthesis|[silent]\n|move|p2a: Chi-Yu|Dark Pulse|p1a: Ding-Dong\n|-resisted|p1a: Ding-Dong\n|-damage|p1a: Ding-Dong|39\/100\n|move|p1a: Ding-Dong|Stomping Tantrum|p2a: Chi-Yu\n|-supereffective|p2a: Chi-Yu\n|-damage|p2a: Chi-Yu|0 fnt\n|faint|p2a: Chi-Yu\n|\n|upkeep\n|\n|t:|1683157422\n|switch|p1b: Daifuku|Palafin-Hero, L50, F|100\/100\n|-activate|p1b: Daifuku|ability: Zero to Hero\n|turn|5\n|\n|t:|1683157431\n|move|p2b: Flutter Mane|Shadow Ball|p1a: Ding-Dong\n|-resisted|p1a: Ding-Dong\n|-crit|p1a: Ding-Dong\n|-damage|p1a: Ding-Dong|11\/100\n|move|p1b: Daifuku|Wave Crash|p2b: Flutter Mane\n|-damage|p2b: Flutter Mane|0 fnt\n|faint|p2b: Flutter Mane\n|-end|p2b: Flutter Mane|Protosynthesis|[silent]\n|-damage|p1b: Daifuku|78\/100|[from] Recoil\n|\n|win|Primal Latios\n|raw|Primal Latios's rating: 1265 → 1289<\/strong> (+24 for winning)\n|raw|Lealrec's rating: 1247 → 1223<\/strong> (-24 for losing)\n|l|\u2606Lealrec\n","uploadtime":1683157442,"views":11,"p1id":"primallatios","p2id":"lealrec","formatid":"gen9vgc2023regulationc","rating":1223,"private":0,"password":""}