{"id":"gen9vgc2023regulationc-1845705510","p1":"Sotero23","p2":"Valhala Alfa","format":"[Gen 9] VGC 2023 Regulation C","log":"|j|\u2606Sotero23\n|j|\u2606Valhala Alfa\n|t:|1681757126\n|gametype|doubles\n|player|p1|Sotero23|101|1225\n|player|p2|Valhala Alfa|1|1213\n|teamsize|p1|6\n|teamsize|p2|6\n|gen|9\n|tier|[Gen 9] VGC 2023 Regulation C\n|rated|\n|rule|Species Clause: Limit one of each Pok\u00e9mon\n|rule|Item Clause: Limit one of each item\n|clearpoke\n|poke|p1|Scizor, L50, F|\n|poke|p1|Gothitelle, L50, F|\n|poke|p1|Chi-Yu, L50|\n|poke|p1|Dragonite, L50, M|\n|poke|p1|Amoonguss, L50, F|\n|poke|p1|Flutter Mane, L50|\n|poke|p2|Gyarados, L50, F|\n|poke|p2|Maushold, L50|\n|poke|p2|Annihilape, L50, F|\n|poke|p2|Ampharos, L50, F|\n|poke|p2|Baxcalibur, L50, M|\n|poke|p2|Amoonguss, L50, F|\n|teampreview|4\n|inactive|Battle timer is ON: inactive players will automatically lose when time's up. (requested by Valhala Alfa)\nValhala Alfa rejected open team sheets.\n|inactive|Valhala Alfa has 60 seconds left.\n|\n|t:|1681757170\n|start\n|switch|p1a: Chi-Yu|Chi-Yu, L50|100\/100\n|switch|p1b: Flutter Mane|Flutter Mane, L50|100\/100\n|switch|p2a: Maushold|Maushold, L50|100\/100\n|switch|p2b: Annihilape|Annihilape, L50, F|100\/100\n|-ability|p1a: Chi-Yu|Beads of Ruin\n|-enditem|p1b: Flutter Mane|Booster Energy\n|-activate|p1b: Flutter Mane|ability: Protosynthesis|[fromitem]\n|-start|p1b: Flutter Mane|protosynthesisspa\n|turn|1\n|inactive|Valhala Alfa has 30 seconds left.\n|\n|t:|1681757202\n|-terastallize|p2b: Annihilape|Fire\n|move|p1a: Chi-Yu|Dark Pulse|p2a: Maushold\n|-damage|p2a: Maushold|47\/100\n|-enditem|p2a: Maushold|Sitrus Berry|[eat]\n|-heal|p2a: Maushold|72\/100|[from] item: Sitrus Berry\n|move|p1b: Flutter Mane|Moonblast|p2a: Maushold\n|-damage|p2a: Maushold|0 fnt\n|faint|p2a: Maushold\n|move|p2b: Annihilape|Rage Fist|p1b: Flutter Mane\n|-supereffective|p1b: Flutter Mane\n|-damage|p1b: Flutter Mane|25\/100\n|\n|upkeep\n|\n|t:|1681757218\n|switch|p2a: Gyarados|Gyarados, L50, F, shiny|100\/100\n|-ability|p2a: Gyarados|Intimidate|boost\n|-unboost|p1a: Chi-Yu|atk|1\n|-unboost|p1b: Flutter Mane|atk|1\n|turn|2\n|\n|t:|1681757233\n|move|p2b: Annihilape|Protect|p2b: Annihilape\n|-singleturn|p2b: Annihilape|Protect\n|move|p1a: Chi-Yu|Dark Pulse|p2a: Gyarados\n|-damage|p2a: Gyarados|40\/100\n|move|p1b: Flutter Mane|Moonblast|p2a: Gyarados\n|-crit|p2a: Gyarados\n|-damage|p2a: Gyarados|0 fnt\n|faint|p2a: Gyarados\n|\n|upkeep\n|\n|t:|1681757240\n|switch|p2a: Ampharos|Ampharos, L50, F|100\/100\n|turn|3\n|\n|t:|1681757263\n|move|p2a: Ampharos|Protect|p2a: Ampharos\n|-singleturn|p2a: Ampharos|Protect\n|move|p1a: Chi-Yu|Dark Pulse|p2a: Ampharos\n|-activate|p2a: Ampharos|move: Protect\n|move|p1b: Flutter Mane|Moonblast|p2a: Ampharos\n|-activate|p2a: Ampharos|move: Protect\n|move|p2b: Annihilape|Rage Fist|p1b: Flutter Mane\n|-supereffective|p1b: Flutter Mane\n|-damage|p1b: Flutter Mane|0 fnt\n|faint|p1b: Flutter Mane\n|-end|p1b: Flutter Mane|Protosynthesis|[silent]\n|\n|upkeep\n|\n|t:|1681757266\n|switch|p1b: Amoonguss|Amoonguss, L50, F|100\/100\n|turn|4\n|\n|t:|1681757285\n|move|p1a: Chi-Yu|Dark Pulse|p2a: Ampharos\n|-damage|p2a: Ampharos|53\/100\n|move|p2b: Annihilape|Substitute|p2b: Annihilape\n|-start|p2b: Annihilape|Substitute\n|-damage|p2b: Annihilape|76\/100\n|move|p2a: Ampharos|Volt Switch|p1a: Chi-Yu\n|-damage|p1a: Chi-Yu|66\/100\n|move|p1b: Amoonguss|Spore||[still]\n|-fail|p1b: Amoonguss\n|\n|-heal|p2b: Annihilape|82\/100|[from] item: Leftovers\n|upkeep\n|turn|5\n|\n|t:|1681757304\n|move|p2a: Ampharos|Protect|p2a: Ampharos\n|-singleturn|p2a: Ampharos|Protect\n|move|p1b: Amoonguss|Rage Powder|p1b: Amoonguss\n|-singleturn|p1b: Amoonguss|move: Rage Powder\n|move|p1a: Chi-Yu|Dark Pulse|p2a: Ampharos\n|-activate|p2a: Ampharos|move: Protect\n|move|p2b: Annihilape|Drain Punch|p1b: Amoonguss\n|-resisted|p1b: Amoonguss\n|-damage|p1b: Amoonguss|87\/100\n|-heal|p2b: Annihilape|89\/100|[from] drain|[of] p1b: Amoonguss\n|\n|-heal|p2b: Annihilape|95\/100|[from] item: Leftovers\n|upkeep\n|turn|6\n|\n|t:|1681757316\n|move|p1b: Amoonguss|Rage Powder|p1b: Amoonguss\n|-singleturn|p1b: Amoonguss|move: Rage Powder\n|move|p1a: Chi-Yu|Dark Pulse|p2a: Ampharos\n|-damage|p2a: Ampharos|3\/100\n|move|p2b: Annihilape|Rage Fist|p1b: Amoonguss\n|-damage|p1b: Amoonguss|69\/100\n|move|p2a: Ampharos|Volt Switch|p1b: Amoonguss\n|-resisted|p1b: Amoonguss\n|-damage|p1b: Amoonguss|51\/100\n|\n|-heal|p2b: Annihilape|100\/100|[from] item: Leftovers\n|upkeep\n|turn|7\n|\n|t:|1681757333\n|move|p2a: Ampharos|Protect|p2a: Ampharos\n|-singleturn|p2a: Ampharos|Protect\n|move|p1b: Amoonguss|Rage Powder|p1b: Amoonguss\n|-singleturn|p1b: Amoonguss|move: Rage Powder\n|move|p1a: Chi-Yu|Dark Pulse|p2a: Ampharos\n|-activate|p2a: Ampharos|move: Protect\n|move|p2b: Annihilape|Drain Punch|p1b: Amoonguss\n|-resisted|p1b: Amoonguss\n|-damage|p1b: Amoonguss|38\/100\n|-enditem|p1b: Amoonguss|Sitrus Berry|[eat]\n|-heal|p1b: Amoonguss|63\/100|[from] item: Sitrus Berry\n|\n|upkeep\n|turn|8\n|\n|t:|1681757341\n|move|p2a: Ampharos|Protect||[still]\n|-fail|p2a: Ampharos\n|move|p1b: Amoonguss|Rage Powder|p1b: Amoonguss\n|-singleturn|p1b: Amoonguss|move: Rage Powder\n|move|p1a: Chi-Yu|Dark Pulse|p2a: Ampharos\n|-damage|p2a: Ampharos|0 fnt\n|faint|p2a: Ampharos\n|move|p2b: Annihilape|Rage Fist|p1b: Amoonguss\n|-damage|p1b: Amoonguss|43\/100\n|\n|upkeep\n|turn|9\n|\n|t:|1681757354\n|move|p1a: Chi-Yu|Dark Pulse|p2b: Annihilape\n|-end|p2b: Annihilape|Substitute\n|move|p2b: Annihilape|Drain Punch|p1a: Chi-Yu\n|-supereffective|p1a: Chi-Yu\n|-crit|p1a: Chi-Yu\n|-damage|p1a: Chi-Yu|0 fnt\n|faint|p1a: Chi-Yu\n|move|p1b: Amoonguss|Spore|p2b: Annihilape\n|-status|p2b: Annihilape|slp|[from] move: Spore\n|\n|upkeep\n|\n|t:|1681757363\n|switch|p1a: Dragonite|Dragonite, L50, M|100\/100\n|turn|10\n|\n|t:|1681757373\n|cant|p2b: Annihilape|slp\n|move|p1a: Dragonite|Dragon Dance|p1a: Dragonite\n|-boost|p1a: Dragonite|atk|1\n|-boost|p1a: Dragonite|spe|1\n|move|p1b: Amoonguss|Clear Smog|p2b: Annihilape\n|-damage|p2b: Annihilape|89\/100 slp\n|-clearboost|p2b: Annihilape\n|\n|-heal|p2b: Annihilape|95\/100 slp|[from] item: Leftovers\n|upkeep\n|turn|11\n|\n|t:|1681757391\n|move|p1b: Amoonguss|Rage Powder|p1b: Amoonguss\n|-singleturn|p1b: Amoonguss|move: Rage Powder\n|move|p1a: Dragonite|Dragon Dance|p1a: Dragonite\n|-boost|p1a: Dragonite|atk|1\n|-boost|p1a: Dragonite|spe|1\n|cant|p2b: Annihilape|slp\n|\n|-heal|p2b: Annihilape|100\/100 slp|[from] item: Leftovers\n|upkeep\n|turn|12\n|\n|t:|1681757400\n|move|p1b: Amoonguss|Rage Powder|p1b: Amoonguss\n|-singleturn|p1b: Amoonguss|move: Rage Powder\n|move|p1a: Dragonite|Dragon Dance|p1a: Dragonite\n|-boost|p1a: Dragonite|atk|1\n|-boost|p1a: Dragonite|spe|1\n|-curestatus|p2b: Annihilape|slp|[msg]\n|move|p2b: Annihilape|Rage Fist|p1b: Amoonguss\n|-damage|p1b: Amoonguss|9\/100\n|\n|upkeep\n|turn|13\n|\n|t:|1681757424\n|move|p1b: Amoonguss|Rage Powder|p1b: Amoonguss\n|-singleturn|p1b: Amoonguss|move: Rage Powder\n|move|p1a: Dragonite|Dragon Claw|p2b: Annihilape\n|-damage|p2b: Annihilape|0 fnt\n|faint|p2b: Annihilape\n|\n|win|Sotero23\n|raw|Sotero23's rating: 1225 → 1249<\/strong> (+24 for winning)\n|raw|Valhala Alfa's rating: 1213 → 1189<\/strong> (-24 for losing)\n","uploadtime":1681757431,"views":10,"p1id":"sotero23","p2id":"valhalaalfa","formatid":"gen9vgc2023regulationc","rating":1189,"private":0,"password":""}