{"id":"gen9vgc2023regulationc-1851841878","p1":"Trap Jihad","p2":"Mess in Distress","format":"[Gen 9] VGC 2023 Regulation C","log":"|j|\u2606Trap Jihad\n|j|\u2606Mess in Distress\n|t:|1682493495\n|gametype|doubles\n|player|p1|Trap Jihad|unknown|1483\n|player|p2|Mess in Distress|265|1448\n|teamsize|p1|6\n|teamsize|p2|6\n|gen|9\n|tier|[Gen 9] VGC 2023 Regulation C\n|rated|\n|rule|Species Clause: Limit one of each Pok\u00e9mon\n|rule|Item Clause: Limit one of each item\n|clearpoke\n|poke|p1|Flutter Mane, L50|\n|poke|p1|Iron Bundle, L50|\n|poke|p1|Tauros-Paldea-Blaze, L50, M|\n|poke|p1|Gholdengo, L50|\n|poke|p1|Grimmsnarl, L50, M|\n|poke|p1|Amoonguss, L50, M|\n|poke|p2|Dondozo, L50, M|\n|poke|p2|Tatsugiri-Droopy, L50, F|\n|poke|p2|Flutter Mane, L50|\n|poke|p2|Chi-Yu, L50|\n|poke|p2|Dragonite, L50, M|\n|poke|p2|Iron Hands, L50|\n|teampreview|4\n|\n|t:|1682493513\n|start\n|switch|p1a: Gholdengo|Gholdengo, L50|100\/100\n|switch|p1b: Grimmsnarl|Grimmsnarl, L50, M|100\/100\n|switch|p2a: Dondozo|Dondozo, L50, M, shiny|100\/100\n|switch|p2b: Flutter Mane|Flutter Mane, L50, shiny|100\/100\n|turn|1\n|\n|t:|1682493525\n|-end|p2b: Flutter Mane|Protosynthesis|[silent]\n|switch|p2b: Tatsugiri|Tatsugiri-Droopy, L50, F, shiny|100\/100\n|-activate|p2b: Tatsugiri|ability: Commander|[of] p2a: Dondozo\n|-boost|p2a: Dondozo|atk|2\n|-boost|p2a: Dondozo|spa|2\n|-boost|p2a: Dondozo|spe|2\n|-boost|p2a: Dondozo|def|2\n|-boost|p2a: Dondozo|spd|2\n|move|p1a: Gholdengo|Protect|p1a: Gholdengo\n|-singleturn|p1a: Gholdengo|Protect\n|move|p1b: Grimmsnarl|Light Screen|p1b: Grimmsnarl\n|-sidestart|p1: Trap Jihad|move: Light Screen\n|move|p2a: Dondozo|Earthquake|p1a: Gholdengo|[spread] p1b\n|-miss|p2a: Dondozo|p2b: Tatsugiri\n|-activate|p1a: Gholdengo|move: Protect\n|-damage|p1b: Grimmsnarl|54\/100\n|\n|upkeep\n|turn|2\n|j| Dreyxpokemonmaster\n|\n|t:|1682493546\n|switch|p1a: Amoonguss|Amoonguss, L50, M|100\/100\n|move|p1b: Grimmsnarl|Reflect|p1b: Grimmsnarl\n|-sidestart|p1: Trap Jihad|Reflect\n|move|p2a: Dondozo|Earthquake|p1a: Amoonguss|[spread] p1a,p1b\n|-miss|p2a: Dondozo|p2b: Tatsugiri\n|-damage|p1a: Amoonguss|79\/100\n|-damage|p1b: Grimmsnarl|25\/100\n|\n|upkeep\n|turn|3\n|\n|t:|1682493561\n|-terastallize|p2a: Dondozo|Steel\n|move|p1b: Grimmsnarl|Parting Shot|p2a: Dondozo\n|-unboost|p2a: Dondozo|atk|1\n|-unboost|p2a: Dondozo|spa|1\n|\n|t:|1682493566\n|switch|p1b: Iron Bundle|Iron Bundle, L50|100\/100|[from] Parting Shot\n|-enditem|p1b: Iron Bundle|Booster Energy\n|-activate|p1b: Iron Bundle|ability: Quark Drive|[fromitem]\n|-start|p1b: Iron Bundle|quarkdrivespe\n|move|p2a: Dondozo|Heavy Slam|p1a: Amoonguss\n|-damage|p1a: Amoonguss|40\/100\n|-enditem|p1a: Amoonguss|Sitrus Berry|[eat]\n|-heal|p1a: Amoonguss|65\/100|[from] item: Sitrus Berry\n|move|p1a: Amoonguss|Pollen Puff|p1b: Iron Bundle\n|-immune|p1b: Iron Bundle\n|\n|upkeep\n|turn|4\n|\n|t:|1682493584\n|move|p1b: Iron Bundle|Protect|p1b: Iron Bundle\n|-singleturn|p1b: Iron Bundle|Protect\n|move|p2a: Dondozo|Earthquake|p1b: Iron Bundle|[spread] p1a\n|-miss|p2a: Dondozo|p2b: Tatsugiri\n|-activate|p1b: Iron Bundle|move: Protect\n|-damage|p1a: Amoonguss|45\/100\n|move|p1a: Amoonguss|Spore|p2a: Dondozo\n|-status|p2a: Dondozo|slp|[from] move: Spore\n|\n|upkeep\n|turn|5\n|\n|t:|1682493596\n|switch|p1a: Grimmsnarl|Grimmsnarl, L50, M|25\/100\n|move|p1b: Iron Bundle|Hydro Pump|p2a: Dondozo\n|-damage|p2a: Dondozo|79\/100 slp\n|cant|p2a: Dondozo|slp\n|\n|-heal|p2a: Dondozo|85\/100 slp|[from] item: Leftovers\n|upkeep\n|turn|6\n|\n|t:|1682493617\n|move|p1a: Grimmsnarl|Parting Shot|p2a: Dondozo\n|-unboost|p2a: Dondozo|atk|1\n|-unboost|p2a: Dondozo|spa|1\n|\n|t:|1682493620\n|switch|p1a: Amoonguss|Amoonguss, L50, M|78\/100|[from] Parting Shot\n|move|p1b: Iron Bundle|Hydro Pump|p2a: Dondozo\n|-damage|p2a: Dondozo|63\/100 slp\n|cant|p2a: Dondozo|slp\n|\n|-heal|p2a: Dondozo|69\/100 slp|[from] item: Leftovers\n|upkeep\n|turn|7\n|\n|t:|1682493642\n|move|p1b: Iron Bundle|Hydro Pump|p2a: Dondozo\n|-damage|p2a: Dondozo|46\/100 slp\n|-curestatus|p2a: Dondozo|slp|[msg]\n|move|p2a: Dondozo|Heavy Slam|p1b: Iron Bundle\n|-damage|p1b: Iron Bundle|66\/100\n|move|p1a: Amoonguss|Pollen Puff|p1b: Iron Bundle\n|-heal|p1b: Iron Bundle|100\/100\n|\n|-heal|p2a: Dondozo|52\/100|[from] item: Leftovers\n|upkeep\n|turn|8\n|\n|t:|1682493653\n|move|p1b: Iron Bundle|Hydro Pump|p2a: Dondozo\n|-damage|p2a: Dondozo|31\/100\n|move|p2a: Dondozo|Yawn|p1b: Iron Bundle\n|-start|p1b: Iron Bundle|move: Yawn|[of] p2a: Dondozo\n|move|p1a: Amoonguss|Spore|p2a: Dondozo\n|-status|p2a: Dondozo|slp|[from] move: Spore\n|\n|-heal|p2a: Dondozo|37\/100 slp|[from] item: Leftovers\n|-sideend|p1: Trap Jihad|move: Light Screen\n|upkeep\n|turn|9\n|\n|t:|1682493672\n|switch|p1a: Gholdengo|Gholdengo, L50|100\/100\n|move|p1b: Iron Bundle|Hydro Pump|p2a: Dondozo\n|-damage|p2a: Dondozo|15\/100 slp\n|cant|p2a: Dondozo|slp\n|\n|-heal|p2a: Dondozo|21\/100 slp|[from] item: Leftovers\n|-end|p1b: Iron Bundle|move: Yawn|[silent]\n|-status|p1b: Iron Bundle|slp\n|-sideend|p1: Trap Jihad|Reflect\n|upkeep\n|turn|10\n|\n|t:|1682493693\n|cant|p1b: Iron Bundle|slp\n|move|p1a: Gholdengo|Nasty Plot|p1a: Gholdengo\n|-boost|p1a: Gholdengo|spa|2\n|-curestatus|p2a: Dondozo|slp|[msg]\n|move|p2a: Dondozo|Earthquake|p1a: Gholdengo|[spread] p1a,p1b\n|-miss|p2a: Dondozo|p2b: Tatsugiri\n|-supereffective|p1a: Gholdengo\n|-damage|p1a: Gholdengo|56\/100\n|-damage|p1b: Iron Bundle|75\/100 slp\n|\n|-heal|p1a: Gholdengo|62\/100|[from] item: Leftovers\n|-heal|p2a: Dondozo|28\/100|[from] item: Leftovers\n|upkeep\n|turn|11\n|\n|t:|1682493720\n|cant|p1b: Iron Bundle|slp\n|move|p1a: Gholdengo|Shadow Ball|p2a: Dondozo\n|-damage|p2a: Dondozo|10\/100\n|move|p2a: Dondozo|Earthquake|p1a: Gholdengo|[spread] p1a,p1b\n|-miss|p2a: Dondozo|p2b: Tatsugiri\n|-supereffective|p1a: Gholdengo\n|-damage|p1a: Gholdengo|18\/100\n|-damage|p1b: Iron Bundle|51\/100 slp\n|\n|-heal|p1a: Gholdengo|24\/100|[from] item: Leftovers\n|-heal|p2a: Dondozo|16\/100|[from] item: Leftovers\n|upkeep\n|turn|12\n|\n|t:|1682493740\n|cant|p1b: Iron Bundle|slp\n|move|p1a: Gholdengo|Shadow Ball|p2b: Tatsugiri|[miss]\n|-miss|p1a: Gholdengo|p2b: Tatsugiri\n|move|p2a: Dondozo|Earthquake|p1a: Gholdengo|[spread] p1a,p1b\n|-miss|p2a: Dondozo|p2b: Tatsugiri\n|-supereffective|p1a: Gholdengo\n|-damage|p1a: Gholdengo|0 fnt\n|-damage|p1b: Iron Bundle|29\/100 slp\n|faint|p1a: Gholdengo\n|\n|-heal|p2a: Dondozo|23\/100|[from] item: Leftovers\n|upkeep\n|\n|t:|1682493747\n|switch|p1a: Amoonguss|Amoonguss, L50, M|100\/100\n|turn|13\n|\n|t:|1682493752\n|-curestatus|p1b: Iron Bundle|slp|[msg]\n|move|p1b: Iron Bundle|Protect|p1b: Iron Bundle\n|-singleturn|p1b: Iron Bundle|Protect\n|move|p2a: Dondozo|Heavy Slam|p1b: Iron Bundle\n|-activate|p1b: Iron Bundle|move: Protect\n|move|p1a: Amoonguss|Spore|p2a: Dondozo\n|-status|p2a: Dondozo|slp|[from] move: Spore\n|\n|-heal|p2a: Dondozo|29\/100 slp|[from] item: Leftovers\n|upkeep\n|turn|14\n|\n|t:|1682493756\n|move|p1b: Iron Bundle|Hydro Pump|p2a: Dondozo\n|-damage|p2a: Dondozo|7\/100 slp\n|cant|p2a: Dondozo|slp\n|move|p1a: Amoonguss|Pollen Puff|p1b: Iron Bundle\n|-heal|p1b: Iron Bundle|78\/100\n|\n|-heal|p2a: Dondozo|13\/100 slp|[from] item: Leftovers\n|upkeep\n|turn|15\n|\n|t:|1682493770\n|move|p1b: Iron Bundle|Hydro Pump|p2a: Dondozo\n|-damage|p2a: Dondozo|0 fnt\n|faint|p2a: Dondozo\n|move|p1a: Amoonguss|Spore|p2b: Tatsugiri\n|-status|p2b: Tatsugiri|slp|[from] move: Spore\n|\n|upkeep\n|\n|t:|1682493777\n|switch|p2a: Flutter Mane|Flutter Mane, L50, shiny|100\/100\n|turn|16\n|\n|t:|1682493783\n|move|p2a: Flutter Mane|Protect|p2a: Flutter Mane\n|-singleturn|p2a: Flutter Mane|Protect\n|move|p1a: Amoonguss|Rage Powder|p1a: Amoonguss\n|-singleturn|p1a: Amoonguss|move: Rage Powder\n|move|p1b: Iron Bundle|Freeze-Dry|p2b: Tatsugiri\n|-supereffective|p2b: Tatsugiri\n|-enditem|p2b: Tatsugiri|Focus Sash\n|-damage|p2b: Tatsugiri|1\/100 slp\n|cant|p2b: Tatsugiri|slp\n|\n|upkeep\n|turn|17\n|\n|t:|1682493796\n|cant|p2b: Tatsugiri|slp\n|move|p1a: Amoonguss|Rage Powder|p1a: Amoonguss\n|-singleturn|p1a: Amoonguss|move: Rage Powder\n|move|p1b: Iron Bundle|Encore|p2a: Flutter Mane\n|-start|p2a: Flutter Mane|Encore\n|move|p2a: Flutter Mane|Protect||[still]\n|-fail|p2a: Flutter Mane\n|\n|upkeep\n|turn|18\n|\n|t:|1682493805\n|-end|p2a: Flutter Mane|Protosynthesis|[silent]\n|switch|p2a: Chi-Yu|Chi-Yu, L50|100\/100\n|-ability|p2a: Chi-Yu|Beads of Ruin\n|move|p1a: Amoonguss|Rage Powder|p1a: Amoonguss\n|-singleturn|p1a: Amoonguss|move: Rage Powder\n|move|p1b: Iron Bundle|Freeze-Dry|p2b: Tatsugiri\n|-supereffective|p2b: Tatsugiri\n|-damage|p2b: Tatsugiri|0 fnt\n|faint|p2b: Tatsugiri\n|\n|upkeep\n|\n|t:|1682493812\n|switch|p2b: Flutter Mane|Flutter Mane, L50, shiny|100\/100\n|turn|19\n|\n|t:|1682493824\n|switch|p1a: Grimmsnarl|Grimmsnarl, L50, M|25\/100\n|move|p1b: Iron Bundle|Protect|p1b: Iron Bundle\n|-singleturn|p1b: Iron Bundle|Protect\n|move|p2a: Chi-Yu|Heat Wave|p1a: Grimmsnarl|[spread] p1a\n|-activate|p1b: Iron Bundle|move: Protect\n|-damage|p1a: Grimmsnarl|0 fnt\n|faint|p1a: Grimmsnarl\n|move|p2b: Flutter Mane|Moonblast|p1b: Iron Bundle\n|-activate|p1b: Iron Bundle|move: Protect\n|\n|upkeep\n|\n|t:|1682493832\n|switch|p1a: Amoonguss|Amoonguss, L50, M|100\/100\n|turn|20\n|j| iamrobotman\n|\n|t:|1682493856\n|-terastallize|p1b: Iron Bundle|Ghost\n|move|p1a: Amoonguss|Rage Powder|p1a: Amoonguss\n|-singleturn|p1a: Amoonguss|move: Rage Powder\n|move|p1b: Iron Bundle|Hydro Pump|p2a: Chi-Yu\n|-supereffective|p2a: Chi-Yu\n|-damage|p2a: Chi-Yu|0 fnt\n|faint|p2a: Chi-Yu\n|move|p2b: Flutter Mane|Dazzling Gleam|p1a: Amoonguss|[spread] p1a,p1b\n|-resisted|p1a: Amoonguss\n|-damage|p1a: Amoonguss|81\/100\n|-damage|p1b: Iron Bundle|28\/100\n|-damage|p2b: Flutter Mane|91\/100|[from] item: Life Orb\n|\n|upkeep\n|turn|21\n|\n|t:|1682493867\n|move|p1b: Iron Bundle|Protect|p1b: Iron Bundle\n|-singleturn|p1b: Iron Bundle|Protect\n|move|p2b: Flutter Mane|Protect|p2b: Flutter Mane\n|-singleturn|p2b: Flutter Mane|Protect\n|move|p1a: Amoonguss|Spore|p2b: Flutter Mane\n|-activate|p2b: Flutter Mane|move: Protect\n|\n|upkeep\n|turn|22\n|\n|t:|1682493877\n|move|p1b: Iron Bundle|Encore|p2b: Flutter Mane\n|-start|p2b: Flutter Mane|Encore\n|move|p2b: Flutter Mane|Protect||[still]\n|-fail|p2b: Flutter Mane\n|move|p1a: Amoonguss|Pollen Puff|p1b: Iron Bundle\n|-heal|p1b: Iron Bundle|78\/100\n|\n|upkeep\n|turn|23\n|\n|t:|1682493881\n|move|p2b: Flutter Mane|Protect|p2b: Flutter Mane\n|-singleturn|p2b: Flutter Mane|Protect\n|move|p1b: Iron Bundle|Freeze-Dry|p2b: Flutter Mane\n|-activate|p2b: Flutter Mane|move: Protect\n|move|p1a: Amoonguss|Spore|p2b: Flutter Mane\n|-activate|p2b: Flutter Mane|move: Protect\n|\n|upkeep\n|turn|24\n|l|\u2606Mess in Distress\n|player|p2|\n|inactive|Battle timer is ON: inactive players will automatically lose when time's up. (requested by Trap Jihad)\n|inactive|Mess in Distress has 30 seconds to reconnect!\n|inactive|Mess in Distress has 20 seconds to reconnect!\n|inactive|Mess in Distress has 15 seconds to reconnect!\n|inactive|Mess in Distress has 10 seconds to reconnect!\n|inactive|Mess in Distress has 5 seconds to reconnect!\n|-message|Mess in Distress lost due to inactivity.\n|\n|win|Trap Jihad\n|raw|Trap Jihad's rating: 1483 → 1501<\/strong> (+18 for winning)\n|raw|Mess in Distress's rating: 1448 → 1430<\/strong> (-18 for losing)\n","uploadtime":1682493968,"views":24,"p1id":"trapjihad","p2id":"messindistress","formatid":"gen9vgc2023regulationc","rating":1430,"private":0,"password":""}