{"id":"gen9vgc2023regulationc-1850849390","p1":"Celestia74","p2":"Radio Free C-Side","format":"[Gen 9] VGC 2023 Regulation C","log":"|j|\u2606Celestia74\n|j|\u2606Radio Free C-Side\n|t:|1682374118\n|gametype|doubles\n|player|p1|Celestia74|skyla|\n|player|p2|Radio Free C-Side|steven|\n|teamsize|p1|6\n|teamsize|p2|6\n|gen|9\n|tier|[Gen 9] VGC 2023 Regulation C\n|rated|Tournament battle\n|rule|Species Clause: Limit one of each Pok\u00e9mon\n|rule|Item Clause: Limit one of each item\n|clearpoke\n|poke|p1|Ceruledge, L50, F|\n|poke|p1|Flutter Mane, L50|\n|poke|p1|Iron Valiant, L50|\n|poke|p1|Brute Bonnet, L50|\n|poke|p1|Sandy Shocks, L50|\n|poke|p1|Azumarill, L50, F|\n|poke|p2|Dragapult, L50, F|\n|poke|p2|Stantler, L50, F|\n|poke|p2|Kingambit, L50, F|\n|poke|p2|Hatterene, L50, F|\n|poke|p2|Indeedee-F, L50, F|\n|poke|p2|Iron Hands, L50|\n|teampreview|4\n|raw| Open Team Sheet for Celestia74<\/summary>M\u00f2rag (Ceruledge) (F) @ Leftovers Ability: Flash Fire Level: 50 Shiny: Yes Tera Type: Bug - Bitter Blade - Protect - Will-O-Wisp - Shadow Sneak Nightmare (Flutter Mane) @ Life Orb Ability: Protosynthesis Level: 50 Tera Type: Fairy - Dazzling Gleam - Shadow Ball - Psyshock - Protect Sentinel (Iron Valiant) @ Booster Energy Ability: Quark Drive Level: 50 Shiny: Yes Tera Type: Steel - Close Combat - Protect - Ice Punch - Shadow Claw Brute Bonnet @ Assault Vest Ability: Protosynthesis Level: 50 Shiny: Yes Tera Type: Water - Crunch - Sucker Punch - Seed Bomb - Clear Smog Zeke (Sandy Shocks) @ Focus Sash Ability: Protosynthesis Level: 50 Tera Type: Flying - Earth Power - Thunderbolt - Tera Blast - Protect the rabbit (Azumarill) @ Clear Amulet Ability: Huge Power Level: 50 Tera Type: Water - Aqua Jet - Play Rough - Ice Spinner - Tickle <\/details><\/div> Open Team Sheet for Radio Free C-Side<\/summary>Dragapult @ Choice Band Ability: Clear Body Level: 50 Tera Type: Steel - Dragon Darts - Phantom Force - Tera Blast - Facade Stantler @ Eviolite Ability: Intimidate Level: 50 Tera Type: Ghost - Skill Swap - Trick Room - Bulldoze - Shadow Ball Kingambit @ Weakness Policy Ability: Defiant Level: 50 Tera Type: Flying - Tera Blast - Kowtow Cleave - Protect - Sucker Punch Hatterene (F) @ Life Orb Ability: Magic Bounce Level: 50 Tera Type: Fairy - Dazzling Gleam - Psyshock - Protect - Trick Room Indeedee (Indeedee-F) (F) @ Psychic Seed Ability: Psychic Surge Level: 50 Tera Type: Fairy - Trick Room - Follow Me - Helping Hand - Heal Pulse Iron Hands @ Safety Goggles Ability: Quark Drive Level: 50 Tera Type: Fire - Fake Out - Swords Dance - Drain Punch - Wild Charge <\/details><\/div>\n|inactive|Battle timer is ON: inactive players will automatically lose when time's up. (requested by Celestia74)\n|c|\u2606Radio Free C-Side|glhf\n|j| MafuMafuSimp\n|j| Wooper187\n|inactive|Celestia74 has 60 seconds left.\n|inactive|Radio Free C-Side has 60 seconds left.\n|j| Mushyyyy\n|inactive|Celestia74 has 30 seconds left.\n|\n|t:|1682374188\n|start\n|switch|p1a: Nightmare|Flutter Mane, L50|100\/100\n|switch|p1b: Brute Bonnet|Brute Bonnet, L50, shiny|100\/100\n|switch|p2a: Dragapult|Dragapult, L50, F|100\/100\n|switch|p2b: Iron Hands|Iron Hands, L50|100\/100\n|turn|1\n|\n|t:|1682374205\n|-terastallize|p2a: Dragapult|Steel\n|move|p1a: Nightmare|Protect|p1a: Nightmare\n|-singleturn|p1a: Nightmare|Protect\n|move|p2b: Iron Hands|Fake Out|p1b: Brute Bonnet\n|-damage|p1b: Brute Bonnet|85\/100\n|move|p2a: Dragapult|Tera Blast|p1a: Nightmare\n|-activate|p1a: Nightmare|move: Protect\n|cant|p1b: Brute Bonnet|flinch\n|\n|upkeep\n|turn|2\n|j| ITawtITawAPuddyTat\n|\n|t:|1682374219\n|-end|p1a: Nightmare|Protosynthesis|[silent]\n|switch|p1a: M\u00f2rag|Ceruledge, L50, F, shiny|100\/100\n|move|p2a: Dragapult|Tera Blast|p1a: M\u00f2rag\n|-resisted|p1a: M\u00f2rag\n|-damage|p1a: M\u00f2rag|76\/100\n|move|p1b: Brute Bonnet|Crunch|p2a: Dragapult\n|-damage|p2a: Dragapult|32\/100\n|move|p2b: Iron Hands|Drain Punch|p1b: Brute Bonnet\n|-supereffective|p1b: Brute Bonnet\n|-damage|p1b: Brute Bonnet|3\/100\n|\n|-heal|p1a: M\u00f2rag|82\/100|[from] item: Leftovers\n|upkeep\n|turn|3\n|\n|t:|1682374238\n|switch|p2a: Indeedee|Indeedee-F, L50, F|100\/100\n|-fieldstart|move: Psychic Terrain|[from] ability: Psychic Surge|[of] p2a: Indeedee\n|-enditem|p2a: Indeedee|Psychic Seed\n|-boost|p2a: Indeedee|spd|1|[from] item: Psychic Seed\n|move|p1b: Brute Bonnet|Sucker Punch||[still]\n|-fail|p1b: Brute Bonnet\n|move|p1a: M\u00f2rag|Will-O-Wisp|p2b: Iron Hands\n|-status|p2b: Iron Hands|brn\n|move|p2b: Iron Hands|Wild Charge|p1a: M\u00f2rag\n|-damage|p1a: M\u00f2rag|59\/100\n|-damage|p2b: Iron Hands|96\/100 brn|[from] Recoil\n|\n|-heal|p1a: M\u00f2rag|65\/100|[from] item: Leftovers\n|-damage|p2b: Iron Hands|90\/100 brn|[from] brn\n|upkeep\n|turn|4\n|\n|t:|1682374253\n|move|p2a: Indeedee|Helping Hand|p2b: Iron Hands\n|-singleturn|p2b: Iron Hands|Helping Hand|[of] p2a: Indeedee\n|move|p1a: M\u00f2rag|Bitter Blade|p2a: Indeedee\n|-damage|p2a: Indeedee|58\/100\n|-heal|p1a: M\u00f2rag|87\/100|[from] drain|[of] p2a: Indeedee\n|move|p1b: Brute Bonnet|Crunch|p2a: Indeedee\n|-supereffective|p2a: Indeedee\n|-damage|p2a: Indeedee|0 fnt\n|faint|p2a: Indeedee\n|move|p2b: Iron Hands|Wild Charge|p1a: M\u00f2rag\n|-damage|p1a: M\u00f2rag|55\/100\n|-damage|p2b: Iron Hands|84\/100 brn|[from] Recoil\n|\n|-heal|p1a: M\u00f2rag|61\/100|[from] item: Leftovers\n|-damage|p2b: Iron Hands|78\/100 brn|[from] brn\n|upkeep\n|\n|t:|1682374265\n|switch|p2a: Dragapult|Dragapult, L50, F, tera:Steel|32\/100\n|turn|5\n|\n|t:|1682374270\n|move|p2a: Dragapult|Phantom Force||[still]\n|-prepare|p2a: Dragapult|Phantom Force\n|move|p1a: M\u00f2rag|Bitter Blade|p2a: Dragapult|[miss]\n|-miss|p1a: M\u00f2rag|p2a: Dragapult\n|move|p1b: Brute Bonnet|Crunch|p2a: Dragapult|[miss]\n|-miss|p1b: Brute Bonnet|p2a: Dragapult\n|move|p2b: Iron Hands|Drain Punch|p1b: Brute Bonnet\n|-supereffective|p1b: Brute Bonnet\n|-damage|p1b: Brute Bonnet|0 fnt\n|-heal|p2b: Iron Hands|79\/100 brn|[from] drain|[of] p1b: Brute Bonnet\n|faint|p1b: Brute Bonnet\n|-end|p1b: Brute Bonnet|Protosynthesis|[silent]\n|\n|-heal|p1a: M\u00f2rag|67\/100|[from] item: Leftovers\n|-damage|p2b: Iron Hands|73\/100 brn|[from] brn\n|upkeep\n|\n|t:|1682374274\n|switch|p1b: the rabbit|Azumarill, L50, F|100\/100\n|turn|6\n|\n|t:|1682374280\n|move|p2a: Dragapult|Phantom Force|p1a: M\u00f2rag|[from]lockedmove\n|-supereffective|p1a: M\u00f2rag\n|-damage|p1a: M\u00f2rag|0 fnt\n|faint|p1a: M\u00f2rag\n|move|p1b: the rabbit|Ice Spinner|p2a: Dragapult\n|-resisted|p2a: Dragapult\n|-crit|p2a: Dragapult\n|-damage|p2a: Dragapult|0 fnt\n|-fieldend|move: Psychic Terrain\n|faint|p2a: Dragapult\n|move|p2b: Iron Hands|Wild Charge|p1b: the rabbit\n|-supereffective|p1b: the rabbit\n|-damage|p1b: the rabbit|41\/100\n|-damage|p2b: Iron Hands|60\/100 brn|[from] Recoil\n|\n|-damage|p2b: Iron Hands|54\/100 brn|[from] brn\n|upkeep\n|\n|t:|1682374289\n|switch|p2a: Hatterene|Hatterene, L50, F|100\/100\n|switch|p1a: Nightmare|Flutter Mane, L50|100\/100\n|turn|7\n|\n|t:|1682374296\n|move|p1a: Nightmare|Shadow Ball|p2a: Hatterene\n|-supereffective|p2a: Hatterene\n|-damage|p2a: Hatterene|0 fnt\n|faint|p2a: Hatterene\n|-damage|p1a: Nightmare|91\/100|[from] item: Life Orb\n|move|p1b: the rabbit|Play Rough|p2b: Iron Hands\n|-supereffective|p2b: Iron Hands\n|-damage|p2b: Iron Hands|0 fnt\n|faint|p2b: Iron Hands\n|-end|p2b: Iron Hands|Quark Drive|[silent]\n|\n|win|Celestia74\n|n|\u2606Celestia74|celestia74\n|n|\u2606Radio Free C-Side|radiofreecside\n|n| MafuMafuSimp|mafumafusimp\n|n| Wooper187|wooper187\n|n| Mushyyyy|mushyyyy\n|n| ITawtITawAPuddyTat|itawtitawapuddytat\n","uploadtime":1682374297,"views":13,"p1id":"celestia74","p2id":"radiofreecside","formatid":"gen9vgc2023regulationc","rating":0,"private":0,"password":""}