{"id":"gen9vgc2023regulationc-1861150300","p1":"Nejisuke","p2":"mawilesarang","format":"[Gen 9] VGC 2023 Regulation C","log":"|j|\u2606Nejisuke\n|j|\u2606mawilesarang\n|t:|1683730982\n|gametype|doubles\n|player|p1|Nejisuke|169|1214\n|player|p2|mawilesarang|266|1208\n|teamsize|p1|6\n|teamsize|p2|6\n|gen|9\n|tier|[Gen 9] VGC 2023 Regulation C\n|rated|\n|rule|Species Clause: Limit one of each Pok\u00e9mon\n|rule|Item Clause: Limit one of each item\n|clearpoke\n|poke|p1|Ceruledge, L50, F|\n|poke|p1|Cetitan, L50, M|\n|poke|p1|Avalugg, L50, F|\n|poke|p1|Abomasnow, L50, M|\n|poke|p1|Iron Bundle, L50|\n|poke|p1|Blissey, L50, F|\n|poke|p2|Dondozo, L50, F|\n|poke|p2|Tatsugiri-Droopy, L50, M|\n|poke|p2|Pelipper, L50, M|\n|poke|p2|Drednaw, L50, M|\n|poke|p2|Dragonite, L50, M|\n|poke|p2|Chien-Pao, L50|\n|teampreview|4\nmawilesarang rejected open team sheets.\n|inactive|Battle timer is ON: inactive players will automatically lose when time's up. (requested by mawilesarang)\n|inactive|Nejisuke has 60 seconds left.\n|\n|t:|1683731026\n|start\n|switch|p1a: Avalugg|Avalugg, L50, F|100\/100\n|switch|p1b: Cetitan|Cetitan, L50, M|100\/100\n|switch|p2a: Dondozo|Dondozo, L50, F|100\/100\n|switch|p2b: Pelipper|Pelipper, L50, M|100\/100\n|-weather|RainDance|[from] ability: Drizzle|[of] p2b: Pelipper\n|turn|1\n|inactive|Nejisuke has 30 seconds left.\n|inactive|mawilesarang has 30 seconds left.\n|\n|t:|1683731056\n|-terastallize|p1a: Avalugg|Electric\n|move|p2a: Dondozo|Protect|p2a: Dondozo\n|-singleturn|p2a: Dondozo|Protect\n|move|p1b: Cetitan|Icicle Crash|p2b: Pelipper\n|-damage|p2b: Pelipper|48\/100\n|-damage|p1b: Cetitan|91\/100|[from] item: Life Orb\n|move|p2b: Pelipper|Tailwind|p2b: Pelipper\n|-sidestart|p2: mawilesarang|move: Tailwind\n|move|p1a: Avalugg|Tera Blast|p2b: Pelipper\n|-supereffective|p2b: Pelipper\n|-damage|p2b: Pelipper|0 fnt\n|faint|p2b: Pelipper\n|\n|-weather|RainDance|[upkeep]\n|upkeep\n|\n|t:|1683731069\n|switch|p2b: Drednaw|Drednaw, L50, M|100\/100\n|turn|2\n|\n|t:|1683731090\n|switch|p2b: Tatsugiri|Tatsugiri-Droopy, L50, M, shiny|100\/100\n|-activate|p2b: Tatsugiri|ability: Commander|[of] p2a: Dondozo\n|-boost|p2a: Dondozo|atk|2\n|-boost|p2a: Dondozo|spa|2\n|-boost|p2a: Dondozo|spe|2\n|-boost|p2a: Dondozo|def|2\n|-boost|p2a: Dondozo|spd|2\n|switch|p1b: Abomasnow|Abomasnow, L50, M|100\/100\n|-weather|Snow|[from] ability: Snow Warning|[of] p1b: Abomasnow\n|-terastallize|p2a: Dondozo|Water\n|move|p2a: Dondozo|Surf|p1b: Abomasnow|[spread] p1a,p1b\n|-miss|p2a: Dondozo|p2b: Tatsugiri\n|-resisted|p1b: Abomasnow\n|-damage|p1a: Avalugg|22\/100\n|-damage|p1b: Abomasnow|74\/100\n|-enditem|p1a: Avalugg|Aguav Berry|[eat]\n|-heal|p1a: Avalugg|55\/100|[from] item: Aguav Berry\n|-damage|p2a: Dondozo|91\/100|[from] item: Life Orb\n|move|p1a: Avalugg|Tera Blast|p2b: Tatsugiri|[miss]\n|-miss|p1a: Avalugg|p2b: Tatsugiri\n|\n|-weather|Snow|[upkeep]\n|-heal|p1a: Avalugg|61\/100|[from] ability: Ice Body\n|upkeep\n|turn|3\n|inactive|Nejisuke has 30 seconds left.\n|\n|t:|1683731119\n|switch|p1a: Iron Bundle|Iron Bundle, L50, shiny|100\/100\n|-enditem|p1a: Iron Bundle|Booster Energy\n|-activate|p1a: Iron Bundle|ability: Quark Drive|[fromitem]\n|-start|p1a: Iron Bundle|quarkdrivespe\n|move|p2a: Dondozo|Surf|p1b: Abomasnow|[spread] p1a,p1b\n|-miss|p2a: Dondozo|p2b: Tatsugiri\n|-resisted|p1a: Iron Bundle\n|-resisted|p1b: Abomasnow\n|-damage|p1a: Iron Bundle|21\/100\n|-damage|p1b: Abomasnow|47\/100\n|-damage|p2a: Dondozo|81\/100|[from] item: Life Orb\n|move|p1b: Abomasnow|Giga Drain|p2a: Dondozo\n|-supereffective|p2a: Dondozo\n|-damage|p2a: Dondozo|46\/100\n|-heal|p1b: Abomasnow|68\/100|[from] drain|[of] p2a: Dondozo\n|\n|-weather|Snow|[upkeep]\n|upkeep\n|turn|4\n|\n|t:|1683731135\n|move|p1a: Iron Bundle|Protect|p1a: Iron Bundle\n|-singleturn|p1a: Iron Bundle|Protect\n|move|p2a: Dondozo|Surf|p1b: Abomasnow|[spread] p1b\n|-miss|p2a: Dondozo|p2b: Tatsugiri\n|-activate|p1a: Iron Bundle|move: Protect\n|-resisted|p1b: Abomasnow\n|-damage|p1b: Abomasnow|43\/100\n|-damage|p2a: Dondozo|36\/100|[from] item: Life Orb\n|move|p1b: Abomasnow|Giga Drain|p2a: Dondozo\n|-supereffective|p2a: Dondozo\n|-damage|p2a: Dondozo|0 fnt\n|-heal|p1b: Abomasnow|63\/100|[from] drain|[of] p2a: Dondozo\n|faint|p2a: Dondozo\n|\n|-weather|Snow|[upkeep]\n|-sideend|p2: mawilesarang|move: Tailwind\n|upkeep\n|\n|t:|1683731139\n|switch|p2a: Drednaw|Drednaw, L50, M|100\/100\n|turn|5\n|\n|t:|1683731159\n|move|p1a: Iron Bundle|Aurora Veil|p1a: Iron Bundle\n|-sidestart|p1: Nejisuke|move: Aurora Veil\n|move|p2b: Tatsugiri|Icy Wind|p1a: Iron Bundle|[spread] p1a,p1b\n|-resisted|p1a: Iron Bundle\n|-damage|p1a: Iron Bundle|17\/100\n|-damage|p1b: Abomasnow|57\/100\n|-unboost|p1a: Iron Bundle|spe|1\n|-unboost|p1b: Abomasnow|spe|1\n|move|p2a: Drednaw|Rock Slide|p1a: Iron Bundle|[spread] p1a,p1b\n|-supereffective|p1a: Iron Bundle\n|-supereffective|p1b: Abomasnow\n|-damage|p1a: Iron Bundle|0 fnt\n|-damage|p1b: Abomasnow|10\/100\n|faint|p1a: Iron Bundle\n|-end|p1a: Iron Bundle|Quark Drive|[silent]\n|move|p1b: Abomasnow|Blizzard|p2b: Tatsugiri|[spread] p2a,p2b\n|-resisted|p2a: Drednaw\n|-damage|p2a: Drednaw|71\/100\n|-damage|p2b: Tatsugiri|54\/100\n|\n|-weather|Snow|[upkeep]\n|upkeep\n|\n|t:|1683731175\n|switch|p1a: Cetitan|Cetitan, L50, M|91\/100\n|turn|6\n|\n|t:|1683731196\n|move|p1a: Cetitan|Icicle Crash|p2b: Tatsugiri\n|-damage|p2b: Tatsugiri|0 fnt\n|faint|p2b: Tatsugiri\n|-damage|p1a: Cetitan|81\/100|[from] item: Life Orb\n|move|p2a: Drednaw|Rock Slide|p1a: Cetitan|[spread] p1a,p1b\n|-supereffective|p1a: Cetitan\n|-supereffective|p1b: Abomasnow\n|-damage|p1a: Cetitan|43\/100\n|-damage|p1b: Abomasnow|0 fnt\n|faint|p1b: Abomasnow\n|\n|-weather|none\n|upkeep\n|\n|t:|1683731206\n|switch|p1b: Avalugg|Avalugg, L50, F, tera:Electric|61\/100\n|turn|7\n|\n|t:|1683731219\n|move|p1a: Cetitan|Superpower|p2a: Drednaw\n|-supereffective|p2a: Drednaw\n|-damage|p2a: Drednaw|0 fnt\n|-unboost|p1a: Cetitan|atk|1\n|-unboost|p1a: Cetitan|def|1\n|faint|p2a: Drednaw\n|-damage|p1a: Cetitan|33\/100|[from] item: Life Orb\n|\n|win|Nejisuke\n|raw|Nejisuke's rating: 1214 → 1239<\/strong> (+25 for winning)\n|raw|mawilesarang's rating: 1208 → 1183<\/strong> (-25 for losing)\n|l|\u2606mawilesarang\n","uploadtime":1683731245,"views":6,"p1id":"nejisuke","p2id":"mawilesarang","formatid":"gen9vgc2023regulationc","rating":1183,"private":0,"password":""}