{"id":"gen9vgc2023regulationc-1845544170","p1":"Pingwie","p2":"Abstrct212","format":"[Gen 9] VGC 2023 Regulation C","log":"|j|\u2606Pingwie\n|j|\u2606Abstrct212\n|t:|1681743677\n|gametype|doubles\n|player|p1|Pingwie|1|1111\n|player|p2|Abstrct212|102|1104\n|teamsize|p1|6\n|teamsize|p2|6\n|gen|9\n|tier|[Gen 9] VGC 2023 Regulation C\n|rated|\n|rule|Species Clause: Limit one of each Pok\u00e9mon\n|rule|Item Clause: Limit one of each item\n|clearpoke\n|poke|p1|Gyarados, L50, M|\n|poke|p1|Pawmot, L50, F|\n|poke|p1|Dragapult, L50, M|\n|poke|p1|Palafin, L50, M|\n|poke|p1|Iron Jugulis, L50|\n|poke|p1|Chi-Yu, L50|\n|poke|p2|Quaquaval, L50, F|\n|poke|p2|Amoonguss, L50, M|\n|poke|p2|Talonflame, L50, M|\n|poke|p2|Flutter Mane, L50|\n|poke|p2|Baxcalibur, L50, F|\n|poke|p2|Chien-Pao, L50|\n|teampreview|4\n|inactive|Battle timer is ON: inactive players will automatically lose when time's up. (requested by Abstrct212)\n|\n|t:|1681743708\n|start\n|switch|p1a: Pawmot|Pawmot, L50, F|100\/100\n|switch|p1b: Palafin|Palafin, L50, M|100\/100\n|switch|p2a: Quaquaval|Quaquaval, L50, F|100\/100\n|switch|p2b: Flutter Mane|Flutter Mane, L50|100\/100\n|turn|1\n|inactive|Pingwie has 30 seconds left.\n|\n|t:|1681743733\n|detailschange|p1b: Palafin|Palafin-Hero, L50, M\n|switch|p1b: Dragapult|Dragapult, L50, M|100\/100\n|-terastallize|p2b: Flutter Mane|Fairy\n|move|p2a: Quaquaval|Protect|p2a: Quaquaval\n|-singleturn|p2a: Quaquaval|Protect\n|move|p2b: Flutter Mane|Dazzling Gleam|p1a: Pawmot|[spread] p1a,p1b\n|-supereffective|p1a: Pawmot\n|-supereffective|p1b: Dragapult\n|-enditem|p1a: Pawmot|Focus Sash\n|-damage|p1a: Pawmot|1\/100\n|-damage|p1b: Dragapult|0 fnt\n|faint|p1b: Dragapult\n|move|p1a: Pawmot|Double Shock|p2a: Quaquaval\n|-activate|p2a: Quaquaval|move: Protect\n|\n|upkeep\n|\n|t:|1681743748\n|switch|p1b: Palafin|Palafin-Hero, L50, M|100\/100\n|-activate|p1b: Palafin|ability: Zero to Hero\n|turn|2\n|\n|t:|1681743760\n|-terastallize|p1b: Palafin|Water\n|move|p1b: Palafin|Jet Punch|p2b: Flutter Mane\n|-damage|p2b: Flutter Mane|0 fnt\n|faint|p2b: Flutter Mane\n|-end|p2b: Flutter Mane|Protosynthesis|[silent]\n|move|p1a: Pawmot|Double Shock|p2a: Quaquaval\n|-supereffective|p2a: Quaquaval\n|-crit|p2a: Quaquaval\n|-damage|p2a: Quaquaval|0 fnt\n|-start|p1a: Pawmot|typechange|???\/Fighting|[from] move: Double Shock\n|faint|p2a: Quaquaval\n|\n|upkeep\n|\n|t:|1681743770\n|switch|p2b: Amoonguss|Amoonguss, L50, M|100\/100\n|switch|p2a: Chien-Pao|Chien-Pao, L50|100\/100\n|-ability|p2a: Chien-Pao|Sword of Ruin\n|turn|3\n|\n|t:|1681743792\n|move|p2b: Amoonguss|Rage Powder|p2b: Amoonguss\n|-singleturn|p2b: Amoonguss|move: Rage Powder\n|move|p2a: Chien-Pao|Crunch|p1a: Pawmot\n|-resisted|p1a: Pawmot\n|-damage|p1a: Pawmot|0 fnt\n|faint|p1a: Pawmot\n|move|p1b: Palafin|Wave Crash|p2b: Amoonguss\n|-resisted|p2b: Amoonguss\n|-damage|p2b: Amoonguss|30\/100\n|-enditem|p2b: Amoonguss|Sitrus Berry|[eat]\n|-heal|p2b: Amoonguss|55\/100|[from] item: Sitrus Berry\n|-damage|p1b: Palafin|76\/100|[from] Recoil\n|\n|upkeep\n|\n|t:|1681743802\n|switch|p1a: Chi-Yu|Chi-Yu, L50|100\/100\n|-ability|p1a: Chi-Yu|Beads of Ruin\n|turn|4\n|\n|t:|1681743821\n|move|p2b: Amoonguss|Protect|p2b: Amoonguss\n|-singleturn|p2b: Amoonguss|Protect\n|move|p2a: Chien-Pao|Crunch|p1b: Palafin\n|-damage|p1b: Palafin|32\/100\n|-unboost|p1b: Palafin|def|1\n|move|p1a: Chi-Yu|Heat Wave|p2b: Amoonguss|[spread] p2a\n|-activate|p2b: Amoonguss|move: Protect\n|-supereffective|p2a: Chien-Pao\n|-enditem|p2a: Chien-Pao|Focus Sash\n|-damage|p2a: Chien-Pao|1\/100\n|move|p1b: Palafin|Wave Crash|p2a: Chien-Pao\n|-damage|p2a: Chien-Pao|0 fnt\n|faint|p2a: Chien-Pao\n|-damage|p1b: Palafin|32\/100|[from] Recoil\n|\n|upkeep\n|turn|5\n|\n|t:|1681743839\n|move|p1a: Chi-Yu|Heat Wave|p2b: Amoonguss\n|-supereffective|p2b: Amoonguss\n|-damage|p2b: Amoonguss|0 fnt\n|faint|p2b: Amoonguss\n|\n|win|Pingwie\n|raw|Pingwie's rating: 1111 → 1135<\/strong> (+24 for winning)\n|raw|Abstrct212's rating: 1104 → 1080<\/strong> (-24 for losing)\n|c|\u2606Abstrct212|gg\n|l|\u2606Pingwie\n","uploadtime":1681743883,"views":12,"p1id":"pingwie","p2id":"abstrct212","formatid":"gen9vgc2023regulationc","rating":1080,"private":0,"password":""}