{"id":"gen9vgc2023regulationc-1857905385","p1":"flamingfearow","p2":"Bdogplatinum","format":"[Gen 9] VGC 2023 Regulation C","log":"|j|\u2606flamingfearow\n|j|\u2606Bdogplatinum\n|t:|1683245559\n|gametype|doubles\n|player|p1|flamingfearow|266|\n|player|p2|Bdogplatinum|cress|\n|teamsize|p1|6\n|teamsize|p2|6\n|gen|9\n|tier|[Gen 9] VGC 2023 Regulation C\n|rated|Tournament battle\n|rule|Species Clause: Limit one of each Pok\u00e9mon\n|rule|Item Clause: Limit one of each item\n|clearpoke\n|poke|p1|Great Tusk, L50|\n|poke|p1|Flutter Mane, L50|\n|poke|p1|Chien-Pao, L50|\n|poke|p1|Dragonite, L50, F|\n|poke|p1|Gyarados, L50, F|\n|poke|p1|Kingambit, L50, M|\n|poke|p2|Iron Valiant, L50|\n|poke|p2|Bellibolt, L50, F|\n|poke|p2|Gyarados, L50, F|\n|poke|p2|Iron Treads, L50|\n|poke|p2|Chi-Yu, L50|\n|poke|p2|Dragonite, L50, M|\n|teampreview|4\n|raw| Open Team Sheet for flamingfearow<\/summary>Great Tusk @ Choice Scarf Ability: Protosynthesis Level: 50 Shiny: Yes Tera Type: Fire - Headlong Rush - Close Combat - Earthquake - Rock Slide Flutter Mane @ Choice Specs Ability: Protosynthesis Level: 50 Shiny: Yes Tera Type: Water - Shadow Ball - Moonblast - Dazzling Gleam - Power Gem Chien-Pao @ Focus Sash Ability: Sword of Ruin Level: 50 Tera Type: Ghost - Ice Spinner - Sacred Sword - Sucker Punch - Protect Dragonite @ Choice Band Ability: Multiscale Level: 50 Tera Type: Normal - Extreme Speed - Aerial Ace - Rock Slide - Facade Gyarados @ Sitrus Berry Ability: Intimidate Level: 50 Tera Type: Poison - Thunder Wave - Waterfall - Taunt - Protect Kingambit @ Assault Vest Ability: Defiant Level: 50 Tera Type: Fire - Assurance - Sucker Punch - Low Kick - Iron Head <\/details><\/div> Open Team Sheet for Bdogplatinum<\/summary>Iron Valiant @ Focus Sash Ability: Quark Drive Level: 50 Tera Type: Ghost - Protect - Shadow Sneak - Moonblast - Aura Sphere Bellibolt @ Assault Vest Ability: Electromorphosis Level: 50 Tera Type: Flying - Parabolic Charge - Thunderbolt - Muddy Water - Tera Blast Gyarados @ Safety Goggles Ability: Intimidate Level: 50 Tera Type: Ground - Protect - Thunder Wave - Taunt - Waterfall Iron Treads @ Booster Energy Ability: Quark Drive Level: 50 Tera Type: Water - Protect - Iron Head - Stomping Tantrum - Earthquake Chi-Yu @ Choice Scarf Ability: Beads of Ruin Level: 50 Tera Type: Grass - Heat Wave - Overheat - Dark Pulse - Tera Blast Dragonite @ Lum Berry Ability: Multiscale Level: 50 Tera Type: Flying - Tailwind - Tera Blast - Extreme Speed - Ice Spinner <\/details><\/div>\n|j|+ToastNoButter\n|j| crimson_requiem5\n|j| Benassiesto\n|j| Dat guy In black\n|c|\u2606flamingfearow|this team is funny\n|c|+ToastNoButter|i agree\n|c|\u2606flamingfearow|I enjoy bellibolt\n|c|\u2606Bdogplatinum|lol same\n|j| Grewt\n|j| Pic1070\n|\n|t:|1683245623\n|start\n|switch|p1a: Kingambit|Kingambit, L50, M|100\/100\n|switch|p1b: Great Tusk|Great Tusk, L50, shiny|100\/100\n|switch|p2a: Dragonite|Dragonite, L50, M|100\/100\n|switch|p2b: Iron Treads|Iron Treads, L50|100\/100\n|-enditem|p2b: Iron Treads|Booster Energy\n|-activate|p2b: Iron Treads|ability: Quark Drive|[fromitem]\n|-start|p2b: Iron Treads|quarkdrivespe\n|turn|1\n|\n|t:|1683245641\n|switch|p1a: Gyarados|Gyarados, L50, F|100\/100\n|-ability|p1a: Gyarados|Intimidate|boost\n|-unboost|p2a: Dragonite|atk|1\n|-unboost|p2b: Iron Treads|atk|1\n|move|p2b: Iron Treads|Protect|p2b: Iron Treads\n|-singleturn|p2b: Iron Treads|Protect\n|move|p1b: Great Tusk|Earthquake|p2a: Dragonite|[spread] \n|-activate|p2b: Iron Treads|move: Protect\n|-immune|p1a: Gyarados\n|-immune|p2a: Dragonite\n|move|p2a: Dragonite|Tailwind|p2a: Dragonite\n|-sidestart|p2: Bdogplatinum|move: Tailwind\n|\n|upkeep\n|turn|2\n|c| Pic1070|I think i vs bdog in a battle today\n|\n|t:|1683245674\n|switch|p1a: Dragonite|Dragonite, L50, F|100\/100\n|move|p2b: Iron Treads|Earthquake|p1b: Great Tusk|[spread] p1b\n|-immune|p2a: Dragonite\n|-immune|p1a: Dragonite\n|-damage|p1b: Great Tusk|84\/100\n|move|p2a: Dragonite|Ice Spinner|p1a: Dragonite\n|-supereffective|p1a: Dragonite\n|-damage|p1a: Dragonite|61\/100\n|move|p1b: Great Tusk|Earthquake|p2a: Dragonite|[spread] p2b\n|-immune|p1a: Dragonite\n|-immune|p2a: Dragonite\n|-supereffective|p2b: Iron Treads\n|-damage|p2b: Iron Treads|28\/100\n|\n|upkeep\n|turn|3\n|c|\u2606flamingfearow|did you win\n|c| Pic1070|no\n|c|\u2606flamingfearow|that sucks\n|\n|t:|1683245697\n|switch|p2a: Iron Valiant|Iron Valiant, L50|100\/100\n|switch|p1a: Gyarados|Gyarados, L50, F|100\/100\n|-ability|p1a: Gyarados|Intimidate|boost\n|-unboost|p2a: Iron Valiant|atk|1\n|-unboost|p2b: Iron Treads|atk|1\n|move|p2b: Iron Treads|Iron Head|p1a: Gyarados\n|-resisted|p1a: Gyarados\n|-damage|p1a: Gyarados|91\/100\n|move|p1b: Great Tusk|Earthquake|p2b: Iron Treads|[spread] p2a,p2b\n|-immune|p1a: Gyarados\n|-supereffective|p2b: Iron Treads\n|-damage|p2a: Iron Valiant|44\/100\n|-damage|p2b: Iron Treads|0 fnt\n|faint|p2b: Iron Treads\n|-end|p2b: Iron Treads|Quark Drive|[silent]\n|\n|upkeep\n|\n|t:|1683245702\n|switch|p2b: Chi-Yu|Chi-Yu, L50|100\/100\n|-ability|p2b: Chi-Yu|Beads of Ruin\n|turn|4\n|c| Pic1070|his bellibolt was bulky and i couldn't break through\n|c|+ToastNoButter|ik that feeling\n|c|\u2606Bdogplatinum|lol\n|\n|t:|1683245754\n|-end|p1b: Great Tusk|Protosynthesis|[silent]\n|switch|p1b: Dragonite|Dragonite, L50, F|61\/100\n|-terastallize|p2b: Chi-Yu|Grass\n|move|p2b: Chi-Yu|Heat Wave|p1a: Gyarados|[spread] p1b\n|-miss|p2b: Chi-Yu|p1a: Gyarados\n|-resisted|p1b: Dragonite\n|-damage|p1b: Dragonite|38\/100\n|move|p2a: Iron Valiant|Moonblast|p1b: Dragonite\n|-supereffective|p1b: Dragonite\n|-damage|p1b: Dragonite|0 fnt\n|faint|p1b: Dragonite\n|move|p1a: Gyarados|Thunder Wave|p2b: Chi-Yu\n|-status|p2b: Chi-Yu|par\n|\n|-sideend|p2: Bdogplatinum|move: Tailwind\n|upkeep\n|\n|t:|1683245768\n|switch|p1b: Great Tusk|Great Tusk, L50, shiny|84\/100\n|turn|5\n|\n|t:|1683245783\n|switch|p2b: Dragonite|Dragonite, L50, M|100\/100\n|-terastallize|p1b: Great Tusk|Fire\n|move|p2a: Iron Valiant|Protect|p2a: Iron Valiant\n|-singleturn|p2a: Iron Valiant|Protect\n|move|p1b: Great Tusk|Earthquake|p2b: Dragonite|[spread] \n|-activate|p2a: Iron Valiant|move: Protect\n|-immune|p1a: Gyarados\n|-immune|p2b: Dragonite\n|move|p1a: Gyarados|Thunder Wave|p2a: Iron Valiant\n|-activate|p2a: Iron Valiant|move: Protect\n|\n|upkeep\n|turn|6\n|\n|t:|1683245794\n|-end|p2a: Iron Valiant|Quark Drive|[silent]\n|switch|p2a: Chi-Yu|Chi-Yu, L50, tera:Grass|100\/100 par\n|-ability|p2a: Chi-Yu|Beads of Ruin\n|move|p1b: Great Tusk|Earthquake|p2a: Chi-Yu|[spread] p2a\n|-immune|p1a: Gyarados\n|-immune|p2b: Dragonite\n|-resisted|p2a: Chi-Yu\n|-damage|p2a: Chi-Yu|73\/100 par\n|move|p2b: Dragonite|Tailwind|p2b: Dragonite\n|-sidestart|p2: Bdogplatinum|move: Tailwind\n|move|p1a: Gyarados|Thunder Wave|p2a: Chi-Yu\n|-fail|p2a: Chi-Yu|par\n|\n|upkeep\n|turn|7\n|c| Pic1070|was it you be dog\n|c| Pic1070|bdog\n|\n|t:|1683245813\n|-end|p1b: Great Tusk|Protosynthesis|[silent]\n|switch|p1b: Kingambit|Kingambit, L50, M|100\/100\n|move|p2b: Dragonite|Ice Spinner|p1a: Gyarados\n|-damage|p1a: Gyarados|56\/100\n|move|p2a: Chi-Yu|Dark Pulse|p1a: Gyarados\n|-damage|p1a: Gyarados|21\/100\n|-enditem|p1a: Gyarados|Sitrus Berry|[eat]\n|-heal|p1a: Gyarados|45\/100|[from] item: Sitrus Berry\n|move|p1a: Gyarados|Thunder Wave|p2b: Dragonite\n|-status|p2b: Dragonite|par\n|-enditem|p2b: Dragonite|Lum Berry|[eat]\n|-curestatus|p2b: Dragonite|par|[msg]\n|\n|upkeep\n|turn|8\n|\n|t:|1683245840\n|switch|p2a: Iron Valiant|Iron Valiant, L50|44\/100\n|move|p1a: Gyarados|Protect|p1a: Gyarados\n|-singleturn|p1a: Gyarados|Protect\n|move|p2b: Dragonite|Ice Spinner|p1a: Gyarados\n|-activate|p1a: Gyarados|move: Protect\n|move|p1b: Kingambit|Iron Head|p2b: Dragonite\n|-damage|p2b: Dragonite|80\/100\n|\n|upkeep\n|turn|9\n|\n|t:|1683245883\n|move|p2a: Iron Valiant|Protect|p2a: Iron Valiant\n|-singleturn|p2a: Iron Valiant|Protect\n|move|p1b: Kingambit|Sucker Punch||[still]\n|-fail|p1b: Kingambit\n|move|p2b: Dragonite|Ice Spinner|p1a: Gyarados\n|-damage|p1a: Gyarados|11\/100\n|move|p1a: Gyarados|Thunder Wave|p2b: Dragonite\n|-status|p2b: Dragonite|par\n|\n|-sideend|p2: Bdogplatinum|move: Tailwind\n|upkeep\n|turn|10\n|\n|t:|1683245899\n|move|p2b: Dragonite|Extreme Speed|p1a: Gyarados\n|-damage|p1a: Gyarados|0 fnt\n|faint|p1a: Gyarados\n|move|p1b: Kingambit|Sucker Punch|p2a: Iron Valiant\n|-resisted|p2a: Iron Valiant\n|-crit|p2a: Iron Valiant\n|-damage|p2a: Iron Valiant|25\/100\n|move|p2a: Iron Valiant|Aura Sphere|p1b: Kingambit\n|-supereffective|p1b: Kingambit\n|-damage|p1b: Kingambit|0 fnt\n|faint|p1b: Kingambit\n|\n|upkeep\n|c|\u2606flamingfearow|why is that not a psychic type\n|\n|t:|1683245912\n|switch|p1b: Great Tusk|Great Tusk, L50, shiny, tera:Fire|84\/100\n|turn|11\n|c|\u2606Bdogplatinum|lol\n|\n|t:|1683245917\n|move|p2a: Iron Valiant|Protect|p2a: Iron Valiant\n|-singleturn|p2a: Iron Valiant|Protect\n|move|p1b: Great Tusk|Rock Slide|p2b: Dragonite|[spread] p2b\n|-activate|p2a: Iron Valiant|move: Protect\n|-supereffective|p2b: Dragonite\n|-damage|p2b: Dragonite|41\/100 par\n|move|p2b: Dragonite|Tailwind|p2b: Dragonite\n|-sidestart|p2: Bdogplatinum|move: Tailwind\n|\n|upkeep\n|turn|12\n|c|+ToastNoButter|because it hates kingambit that much\n|j| WeirdPolyCouple\n|c|\u2606Bdogplatinum|yup\n|\n|t:|1683245928\n|move|p2b: Dragonite|Extreme Speed|p1b: Great Tusk\n|-damage|p1b: Great Tusk|59\/100\n|move|p2a: Iron Valiant|Aura Sphere|p1b: Great Tusk\n|-damage|p1b: Great Tusk|0 fnt\n|faint|p1b: Great Tusk\n|-end|p1b: Great Tusk|Protosynthesis|[silent]\n|\n|win|Bdogplatinum\n|n|\u2606flamingfearow|flamingfearow\n|n|\u2606Bdogplatinum|bdogplatinum\n|n| ToastNoButter|toastnobutter\n|n| crimson_requiem5|crimsonrequiem5\n|n| Benassiesto|benassiesto\n|n| Dat guy In black|datguyinblack\n|n| Grewt|grewt\n|n| Pic1070|pic1070\n|n| WeirdPolyCouple|weirdpolycouple\n|c|\u2606Bdogplatinum|ggs\n|c|\u2606flamingfearow|gg\n|j| baldafor\n|l| Grewt\n|l|\u2606flamingfearow\n|l| Benassiesto\n|l| Dat guy In black\n","uploadtime":1683245929,"views":11,"p1id":"flamingfearow","p2id":"bdogplatinum","formatid":"gen9vgc2023regulationc","rating":0,"private":0,"password":""}