{"id":"gen9vgc2023regulationc-1847081896","p1":"ItsYaBoiGuz","p2":"SrBalleno","format":"[Gen 9] VGC 2023 Regulation C","log":"|j|\u2606ItsYaBoiGuz\n|j|\u2606SrBalleno\n|t:|1681917573\n|gametype|doubles\n|player|p1|ItsYaBoiGuz|hugh|1187\n|player|p2|SrBalleno|wattson|1138\n|teamsize|p1|6\n|teamsize|p2|6\n|gen|9\n|tier|[Gen 9] VGC 2023 Regulation C\n|rated|\n|rule|Species Clause: Limit one of each Pok\u00e9mon\n|rule|Item Clause: Limit one of each item\n|clearpoke\n|poke|p1|Chien-Pao, L50|\n|poke|p1|Dragonite, L50, M|\n|poke|p1|Palafin, L50, M|\n|poke|p1|Iron Hands, L50|\n|poke|p1|Amoonguss, L50, M|\n|poke|p1|Arcanine, L50, M|\n|poke|p2|Palafin, L50, M|\n|poke|p2|Talonflame, L50, F|\n|poke|p2|Flutter Mane, L50|\n|poke|p2|Iron Hands, L50|\n|poke|p2|Amoonguss, L50, M|\n|poke|p2|Chien-Pao, L50|\n|teampreview|4\n|inactive|Battle timer is ON: inactive players will automatically lose when time's up. (requested by ItsYaBoiGuz)\nSrBalleno has agreed to open team sheets.\nItsYaBoiGuz has agreed to open team sheets.\n|inactive|ItsYaBoiGuz has 60 seconds left.\n|inactive|SrBalleno has 60 seconds left.\n|\n|t:|1681917632\n|start\n|switch|p1a: Arcanine|Arcanine, L50, M, shiny|100\/100\n|switch|p1b: Palafin|Palafin, L50, M, shiny|100\/100\n|switch|p2a: Palafin|Palafin, L50, M|100\/100\n|switch|p2b: Talonflame|Talonflame, L50, F|100\/100\n|-ability|p1a: Arcanine|Intimidate|boost\n|-unboost|p2a: Palafin|atk|1\n|-unboost|p2b: Talonflame|atk|1\n|turn|1\n|\n|t:|1681917650\n|detailschange|p1b: Palafin|Palafin-Hero, L50, M, shiny\n|switch|p1b: Amoonguss|Amoonguss, L50, M, shiny|100\/100\n|move|p2a: Palafin|Protect|p2a: Palafin\n|-singleturn|p2a: Palafin|Protect\n|move|p2b: Talonflame|Will-O-Wisp|p1b: Amoonguss|[miss]\n|-miss|p2b: Talonflame|p1b: Amoonguss\n|move|p1a: Arcanine|Snarl|p2b: Talonflame|[spread] p2b\n|-activate|p2a: Palafin|move: Protect\n|-damage|p2b: Talonflame|88\/100\n|\n|upkeep\n|turn|2\n|\n|t:|1681917673\n|detailschange|p2a: Palafin|Palafin-Hero, L50, M\n|switch|p2a: Iron Hands|Iron Hands, L50|100\/100\n|move|p1b: Amoonguss|Protect|p1b: Amoonguss\n|-singleturn|p1b: Amoonguss|Protect\n|move|p2b: Talonflame|Taunt|p1b: Amoonguss\n|-activate|p1b: Amoonguss|move: Protect\n|move|p1a: Arcanine|Will-O-Wisp|p2a: Iron Hands\n|-status|p2a: Iron Hands|brn\n|\n|-damage|p2a: Iron Hands|95\/100 brn|[from] brn\n|upkeep\n|turn|3\n|\n|t:|1681917693\n|switch|p1b: Palafin|Palafin-Hero, L50, M, shiny|100\/100\n|-activate|p1b: Palafin|ability: Zero to Hero\n|move|p1a: Arcanine|Protect|p1a: Arcanine\n|-singleturn|p1a: Arcanine|Protect\n|move|p2a: Iron Hands|Fake Out|p1a: Arcanine\n|-activate|p1a: Arcanine|move: Protect\n|move|p2b: Talonflame|Taunt|p1b: Palafin\n|-start|p1b: Palafin|move: Taunt\n|\n|-damage|p2a: Iron Hands|89\/100 brn|[from] brn\n|upkeep\n|turn|4\n|inactive|SrBalleno has 30 seconds left.\n|inactive|SrBalleno has 20 seconds left.\n|\n|t:|1681917729\n|switch|p1b: Amoonguss|Amoonguss, L50, M, shiny|100\/100\n|-terastallize|p2b: Talonflame|Grass\n|move|p2b: Talonflame|Will-O-Wisp|p1b: Amoonguss\n|-status|p1b: Amoonguss|brn\n|move|p1a: Arcanine|Will-O-Wisp|p2b: Talonflame\n|-status|p2b: Talonflame|brn\n|move|p2a: Iron Hands|Wild Charge|p1b: Amoonguss\n|-resisted|p1b: Amoonguss\n|-damage|p1b: Amoonguss|90\/100 brn\n|-damage|p2a: Iron Hands|86\/100 brn|[from] Recoil\n|\n|-damage|p2b: Talonflame|82\/100 brn|[from] brn\n|-damage|p2a: Iron Hands|80\/100 brn|[from] brn\n|-damage|p1b: Amoonguss|85\/100 brn|[from] brn\n|upkeep\n|turn|5\n|inactive|SrBalleno has 30 seconds left.\n|\n|t:|1681917758\n|switch|p2b: Palafin|Palafin-Hero, L50, M|100\/100\n|-activate|p2b: Palafin|ability: Zero to Hero\n|move|p1b: Amoonguss|Protect|p1b: Amoonguss\n|-singleturn|p1b: Amoonguss|Protect\n|move|p1a: Arcanine|Flare Blitz|p2b: Palafin\n|-resisted|p2b: Palafin\n|-damage|p2b: Palafin|75\/100\n|-status|p2b: Palafin|brn\n|-damage|p1a: Arcanine|92\/100|[from] Recoil\n|move|p2a: Iron Hands|Drain Punch|p1a: Arcanine\n|-damage|p1a: Arcanine|68\/100\n|-heal|p2a: Iron Hands|90\/100 brn|[from] drain|[of] p1a: Arcanine\n|\n|-damage|p2b: Palafin|69\/100 brn|[from] brn\n|-damage|p2a: Iron Hands|84\/100 brn|[from] brn\n|-damage|p1b: Amoonguss|79\/100 brn|[from] brn\n|upkeep\n|turn|6\n|inactive|SrBalleno has 30 seconds left.\n|\n|t:|1681917791\n|move|p1a: Arcanine|Protect|p1a: Arcanine\n|-singleturn|p1a: Arcanine|Protect\n|move|p2b: Palafin|Wave Crash|p1a: Arcanine\n|-activate|p1a: Arcanine|move: Protect\n|move|p2a: Iron Hands|Volt Switch|p1b: Amoonguss\n|-resisted|p1b: Amoonguss\n|-damage|p1b: Amoonguss|73\/100 brn\n|\n|t:|1681917799\n|-end|p2a: Iron Hands|Quark Drive|[silent]\n|switch|p2a: Talonflame|Talonflame, L50, F, tera:Grass|82\/100 brn|[from] Volt Switch\n|move|p1b: Amoonguss|Pollen Puff|p1a: Arcanine\n|-activate|p1a: Arcanine|move: Protect\n|\n|-damage|p2a: Talonflame|76\/100 brn|[from] brn\n|-damage|p2b: Palafin|62\/100 brn|[from] brn\n|-damage|p1b: Amoonguss|67\/100 brn|[from] brn\n|upkeep\n|turn|7\n|\n|t:|1681917818\n|switch|p2a: Iron Hands|Iron Hands, L50|84\/100 brn\n|-terastallize|p1a: Arcanine|Water\n|move|p1b: Amoonguss|Protect|p1b: Amoonguss\n|-singleturn|p1b: Amoonguss|Protect\n|move|p1a: Arcanine|Flare Blitz|p2a: Iron Hands\n|-damage|p2a: Iron Hands|45\/100 brn\n|-damage|p1a: Arcanine|51\/100|[from] Recoil\n|move|p2b: Palafin|Wave Crash|p1a: Arcanine\n|-resisted|p1a: Arcanine\n|-damage|p1a: Arcanine|24\/100\n|-damage|p2b: Palafin|54\/100 brn|[from] Recoil\n|\n|-damage|p2b: Palafin|47\/100 brn|[from] brn\n|-damage|p2a: Iron Hands|39\/100 brn|[from] brn\n|-damage|p1b: Amoonguss|61\/100 brn|[from] brn\n|upkeep\n|turn|8\n|\n|t:|1681917838\n|switch|p1a: Palafin|Palafin-Hero, L50, M, shiny|100\/100\n|switch|p2b: Talonflame|Talonflame, L50, F, tera:Grass|76\/100 brn\n|move|p2a: Iron Hands|Fake Out|p1a: Palafin\n|-damage|p1a: Palafin|93\/100\n|move|p1b: Amoonguss|Rage Powder|p1b: Amoonguss\n|-singleturn|p1b: Amoonguss|move: Rage Powder\n|\n|-damage|p2b: Talonflame|70\/100 brn|[from] brn\n|-damage|p2a: Iron Hands|33\/100 brn|[from] brn\n|-damage|p1b: Amoonguss|55\/100 brn|[from] brn\n|upkeep\n|turn|9\n|inactive|SrBalleno has 30 seconds left.\n|\n|t:|1681917865\n|-end|p2a: Iron Hands|Quark Drive|[silent]\n|switch|p2a: Palafin|Palafin-Hero, L50, M|47\/100 brn\n|switch|p1b: Arcanine|Arcanine, L50, M, shiny, tera:Water|24\/100\n|-ability|p1b: Arcanine|Intimidate|boost\n|-unboost|p2a: Palafin|atk|1\n|-unboost|p2b: Talonflame|atk|1\n|move|p1a: Palafin|Protect|p1a: Palafin\n|-singleturn|p1a: Palafin|Protect\n|move|p2b: Talonflame|Will-O-Wisp|p1a: Palafin\n|-activate|p1a: Palafin|move: Protect\n|\n|-damage|p2b: Talonflame|64\/100 brn|[from] brn\n|-damage|p2a: Palafin|41\/100 brn|[from] brn\n|upkeep\n|turn|10\n|\n|t:|1681917881\n|switch|p1a: Amoonguss|Amoonguss, L50, M, shiny|89\/100 brn\n|move|p1b: Arcanine|Protect|p1b: Arcanine\n|-singleturn|p1b: Arcanine|Protect\n|move|p2a: Palafin|Protect|p2a: Palafin\n|-singleturn|p2a: Palafin|Protect\n|move|p2b: Talonflame|Will-O-Wisp|p1a: Amoonguss|[miss]\n|-miss|p2b: Talonflame|p1a: Amoonguss\n|\n|-damage|p2b: Talonflame|58\/100 brn|[from] brn\n|-damage|p2a: Palafin|35\/100 brn|[from] brn\n|-damage|p1a: Amoonguss|83\/100 brn|[from] brn\n|upkeep\n|turn|11\n|\n|t:|1681917906\n|move|p1a: Amoonguss|Rage Powder|p1a: Amoonguss\n|-singleturn|p1a: Amoonguss|move: Rage Powder\n|move|p2b: Talonflame|Tailwind|p2b: Talonflame\n|-sidestart|p2: SrBalleno|move: Tailwind\n|move|p2a: Palafin|Haze|p2a: Palafin\n|-clearallboost\n|move|p1b: Arcanine|Flare Blitz|p2b: Talonflame\n|-supereffective|p2b: Talonflame\n|-damage|p2b: Talonflame|0 fnt\n|faint|p2b: Talonflame\n|-damage|p1b: Arcanine|6\/100|[from] Recoil\n|\n|-damage|p2a: Palafin|29\/100 brn|[from] brn\n|-damage|p1a: Amoonguss|77\/100 brn|[from] brn\n|upkeep\n|\n|t:|1681917920\n|switch|p2b: Flutter Mane|Flutter Mane, L50|100\/100\n|-enditem|p2b: Flutter Mane|Booster Energy\n|-activate|p2b: Flutter Mane|ability: Protosynthesis|[fromitem]\n|-start|p2b: Flutter Mane|protosynthesisspa\n|turn|12\n|\n|t:|1681917930\n|move|p1b: Arcanine|Protect|p1b: Arcanine\n|-singleturn|p1b: Arcanine|Protect\n|move|p2a: Palafin|Jet Punch|p1b: Arcanine\n|-activate|p1b: Arcanine|move: Protect\n|move|p2b: Flutter Mane|Shadow Ball|p1a: Amoonguss\n|-damage|p1a: Amoonguss|27\/100 brn\n|-enditem|p1a: Amoonguss|Sitrus Berry|[eat]\n|-heal|p1a: Amoonguss|52\/100 brn|[from] item: Sitrus Berry\n|move|p1a: Amoonguss|Spore|p2b: Flutter Mane\n|-status|p2b: Flutter Mane|slp|[from] move: Spore\n|\n|-damage|p2a: Palafin|22\/100 brn|[from] brn\n|-damage|p1a: Amoonguss|46\/100 brn|[from] brn\n|upkeep\n|turn|13\n|\n|t:|1681917944\n|move|p1a: Amoonguss|Rage Powder|p1a: Amoonguss\n|-singleturn|p1a: Amoonguss|move: Rage Powder\n|move|p2a: Palafin|Jet Punch|p1a: Amoonguss\n|-resisted|p1a: Amoonguss\n|-damage|p1a: Amoonguss|36\/100 brn\n|cant|p2b: Flutter Mane|slp\n|move|p1b: Arcanine|Flare Blitz|p2b: Flutter Mane\n|-damage|p2b: Flutter Mane|0 fnt\n|faint|p2b: Flutter Mane\n|-end|p2b: Flutter Mane|Protosynthesis|[silent]\n|-damage|p1b: Arcanine|0 fnt|[from] Recoil\n|faint|p1b: Arcanine\n|\n|-damage|p2a: Palafin|16\/100 brn|[from] brn\n|-damage|p1a: Amoonguss|30\/100 brn|[from] brn\n|upkeep\n|-message|SrBalleno forfeited.\n|\n|win|ItsYaBoiGuz\n|raw|ItsYaBoiGuz's rating: 1187 → 1208<\/strong> (+21 for winning)\n|raw|SrBalleno's rating: 1138 → 1117<\/strong> (-21 for losing)\n|l|\u2606SrBalleno\n|l|\u2606ItsYaBoiGuz\n|j|\u2606ItsYaBoiGuz\n|player|p1|ItsYaBoiGuz|hugh\n","uploadtime":1681918229,"views":7,"p1id":"itsyaboiguz","p2id":"srballeno","formatid":"gen9vgc2023regulationc","rating":1117,"private":0,"password":""}