{"id":"gen9vgc2023regulationc-1846711566","p1":"Gill x Mayhem","p2":"Kuriboh448","format":"[Gen 9] VGC 2023 Regulation C","log":"|j|\u2606Gill x Mayhem\n|j|\u2606Kuriboh448\n|t:|1681868831\n|gametype|doubles\n|player|p1|Gill x Mayhem|1|\n|player|p2|Kuriboh448|102|\n|teamsize|p1|6\n|teamsize|p2|6\n|gen|9\n|tier|[Gen 9] VGC 2023 Regulation C\n|rule|Species Clause: Limit one of each Pok\u00e9mon\n|rule|Item Clause: Limit one of each item\n|clearpoke\n|poke|p1|Chien-Pao, L50|\n|poke|p1|Dragonite, L50, F|\n|poke|p1|Farigiraf, L50, F|\n|poke|p1|Annihilape, L50, F|\n|poke|p1|Amoonguss, L50, M|\n|poke|p1|Iron Hands, L50|\n|poke|p2|Iron Bundle, L50|\n|poke|p2|Corviknight, L50, M|\n|poke|p2|Abomasnow, L50, F|\n|poke|p2|Garchomp, L50, M|\n|poke|p2|Chi-Yu, L50|\n|poke|p2|Flutter Mane, L50|\n|teampreview|4\nGill x Mayhem has agreed to open team sheets.\n|c|\u2606Kuriboh448|G2\nKuriboh448 has agreed to open team sheets.\n|c|\u2606Kuriboh448|glhf\n|c|\u2606Gill x Mayhem|you too!\n|\n|t:|1681869056\n|start\n|switch|p1a: Farigiraf|Farigiraf, L50, F|100\/100\n|switch|p1b: Annihilape|Annihilape, L50, F|100\/100\n|switch|p2a: Abomasnow|Abomasnow, L50, F|100\/100\n|switch|p2b: Flutter Mane|Flutter Mane, L50|100\/100\n|-weather|Snow|[from] ability: Snow Warning|[of] p2a: Abomasnow\n|turn|1\n|\n|t:|1681869075\n|-terastallize|p1b: Annihilape|Poison\n|move|p2b: Flutter Mane|Dazzling Gleam|p1b: Annihilape|[spread] p1a,p1b\n|-crit|p1a: Farigiraf\n|-resisted|p1b: Annihilape\n|-crit|p1b: Annihilape\n|-damage|p1a: Farigiraf|44\/100\n|-damage|p1b: Annihilape|75\/100\n|move|p1b: Annihilape|Rage Fist|p2b: Flutter Mane\n|-supereffective|p2b: Flutter Mane\n|-damage|p2b: Flutter Mane|0 fnt\n|faint|p2b: Flutter Mane\n|-end|p2b: Flutter Mane|Protosynthesis|[silent]\n|move|p2a: Abomasnow|Aurora Veil|p2a: Abomasnow\n|-sidestart|p2: Kuriboh448|move: Aurora Veil\n|move|p1a: Farigiraf|Trick Room|p1a: Farigiraf\n|-fieldstart|move: Trick Room|[of] p1a: Farigiraf\n|\n|-weather|Snow|[upkeep]\n|-heal|p1b: Annihilape|81\/100|[from] item: Leftovers\n|upkeep\n|\n|t:|1681869088\n|switch|p2b: Corviknight|Corviknight, L50, M|100\/100\n|turn|2\n|\n|t:|1681869094\n|move|p2a: Abomasnow|Protect|p2a: Abomasnow\n|-singleturn|p2a: Abomasnow|Protect\n|move|p1a: Farigiraf|Beat Up|p1b: Annihilape\n|-damage|p1b: Annihilape|79\/100\n|-damage|p1b: Annihilape|75\/100\n|-damage|p1b: Annihilape|72\/100\n|-damage|p1b: Annihilape|68\/100\n|-hitcount|p1b: Annihilape|4\n|move|p1b: Annihilape|Rage Fist|p2b: Corviknight\n|-damage|p2b: Corviknight|39\/100\n|move|p2b: Corviknight|Bulk Up|p2b: Corviknight\n|-boost|p2b: Corviknight|atk|1\n|-boost|p2b: Corviknight|def|1\n|\n|-weather|Snow|[upkeep]\n|-heal|p2b: Corviknight|44\/100|[from] item: Leftovers\n|-heal|p1b: Annihilape|74\/100|[from] item: Leftovers\n|upkeep\n|turn|3\n|\n|t:|1681869112\n|move|p1a: Farigiraf|Ally Switch|p1a: Farigiraf\n|swap|p1a: Farigiraf|1|[from] move: Ally Switch\n|move|p2a: Abomasnow|Blizzard|p1b: Farigiraf|[spread] p1a,p1b\n|-damage|p1a: Annihilape|51\/100\n|-damage|p1b: Farigiraf|18\/100\n|move|p2b: Corviknight|Brave Bird|p1b: Farigiraf\n|-damage|p1b: Farigiraf|0 fnt\n|faint|p1b: Farigiraf\n|-damage|p2b: Corviknight|38\/100|[from] Recoil\n|move|p1a: Annihilape|Rage Fist|p2b: Corviknight\n|-damage|p2b: Corviknight|0 fnt\n|faint|p2b: Corviknight\n|\n|-weather|Snow|[upkeep]\n|-heal|p1a: Annihilape|58\/100|[from] item: Leftovers\n|upkeep\n|\n|t:|1681869132\n|switch|p1b: Iron Hands|Iron Hands, L50|100\/100\n|switch|p2b: Iron Bundle|Iron Bundle, L50|100\/100\n|-enditem|p2b: Iron Bundle|Booster Energy\n|-activate|p2b: Iron Bundle|ability: Quark Drive|[fromitem]\n|-start|p2b: Iron Bundle|quarkdrivespe\n|turn|4\n|\n|t:|1681869148\n|move|p2b: Iron Bundle|Protect|p2b: Iron Bundle\n|-singleturn|p2b: Iron Bundle|Protect\n|move|p1b: Iron Hands|Drain Punch|p2a: Abomasnow\n|-supereffective|p2a: Abomasnow\n|-damage|p2a: Abomasnow|59\/100\n|move|p2a: Abomasnow|Blizzard|p1a: Annihilape|[spread] p1a,p1b\n|-damage|p1a: Annihilape|33\/100\n|-damage|p1b: Iron Hands|80\/100\n|move|p1a: Annihilape|Drain Punch|p2a: Abomasnow\n|-supereffective|p2a: Abomasnow\n|-damage|p2a: Abomasnow|23\/100\n|-heal|p1a: Annihilape|50\/100|[from] drain|[of] p2a: Abomasnow\n|\n|-weather|Snow|[upkeep]\n|-heal|p1a: Annihilape|56\/100|[from] item: Leftovers\n|upkeep\n|turn|5\n|\n|t:|1681869164\n|move|p1b: Iron Hands|Drain Punch|p2b: Iron Bundle\n|-supereffective|p2b: Iron Bundle\n|-damage|p2b: Iron Bundle|60\/100\n|-heal|p1b: Iron Hands|90\/100|[from] drain|[of] p2b: Iron Bundle\n|move|p2a: Abomasnow|Blizzard|p1b: Iron Hands|[spread] p1a,p1b\n|-damage|p1a: Annihilape|34\/100\n|-damage|p1b: Iron Hands|70\/100\n|move|p1a: Annihilape|Drain Punch|p2b: Iron Bundle\n|-supereffective|p2b: Iron Bundle\n|-damage|p2b: Iron Bundle|23\/100\n|-heal|p1a: Annihilape|46\/100|[from] drain|[of] p2b: Iron Bundle\n|move|p2b: Iron Bundle|Hydro Pump|p1b: Iron Hands\n|-crit|p1b: Iron Hands\n|-damage|p1b: Iron Hands|14\/100\n|\n|-weather|none\n|-heal|p1a: Annihilape|52\/100|[from] item: Leftovers\n|-fieldend|move: Trick Room\n|upkeep\n|turn|6\n|\n|t:|1681869199\n|-terastallize|p2b: Iron Bundle|Ice\n|move|p2a: Abomasnow|Helping Hand|p2b: Iron Bundle\n|-singleturn|p2b: Iron Bundle|Helping Hand|[of] p2a: Abomasnow\n|move|p2b: Iron Bundle|Freeze-Dry|p1a: Annihilape\n|-damage|p1a: Annihilape|0 fnt\n|faint|p1a: Annihilape\n|move|p1b: Iron Hands|Drain Punch|p2b: Iron Bundle\n|-supereffective|p2b: Iron Bundle\n|-damage|p2b: Iron Bundle|0 fnt\n|-heal|p1b: Iron Hands|20\/100|[from] drain|[of] p2b: Iron Bundle\n|faint|p2b: Iron Bundle\n|-end|p2b: Iron Bundle|Quark Drive|[silent]\n|\n|upkeep\n|\n|t:|1681869209\n|switch|p1a: Chien-Pao|Chien-Pao, L50|100\/100\n|-ability|p1a: Chien-Pao|Sword of Ruin\n|turn|7\n|\n|t:|1681869215\n|move|p1a: Chien-Pao|Sacred Sword|p2a: Abomasnow\n|-supereffective|p2a: Abomasnow\n|-damage|p2a: Abomasnow|0 fnt\n|faint|p2a: Abomasnow\n|\n|win|Gill x Mayhem\n|c|\u2606Gill x Mayhem|gg\n|c|\u2606Kuriboh448|gg\n","uploadtime":1681869228,"views":8,"p1id":"gillxmayhem","p2id":"kuriboh448","formatid":"gen9vgc2023regulationc","rating":0,"private":0,"password":""}