{"id":"gen9vgc2023regulationc-1846071053","p1":"Sumo'sWeenusVGC","p2":"zachleft","format":"[Gen 9] VGC 2023 Regulation C","log":"|j|\u2606Sumo'sWeenusVGC\n|j|\u2606zachleft\n|t:|1681801403\n|gametype|doubles\n|player|p1|Sumo'sWeenusVGC|colress|1188\n|player|p2|zachleft|101|1125\n|teamsize|p1|6\n|teamsize|p2|6\n|gen|9\n|tier|[Gen 9] VGC 2023 Regulation C\n|rated|\n|rule|Species Clause: Limit one of each Pok\u00e9mon\n|rule|Item Clause: Limit one of each item\n|clearpoke\n|poke|p1|Ting-Lu, L50|\n|poke|p1|Wo-Chien, L50|\n|poke|p1|Flutter Mane, L50|\n|poke|p1|Glimmora, L50, F|\n|poke|p1|Palafin, L50, F|\n|poke|p1|Arcanine, L50, M|\n|poke|p2|Meowscarada, L50, M|\n|poke|p2|Garganacl, L50, F|\n|poke|p2|Sylveon, L50, M|\n|poke|p2|Grafaiai, L50, M|\n|poke|p2|Annihilape, L50, F|\n|poke|p2|Baxcalibur, L50, M|\n|teampreview|4\n|inactive|Battle timer is ON: inactive players will automatically lose when time's up. (requested by Sumo'sWeenusVGC)\nSumo'sWeenusVGC has agreed to open team sheets.\n|inactive|Sumo'sWeenusVGC has 60 seconds left.\n|\n|t:|1681801447\n|start\n|switch|p1a: Bad Dolphin|Palafin, L50, F, shiny|100\/100\n|switch|p1b: Flutter Mane|Flutter Mane, L50, shiny|100\/100\n|switch|p2a: Annihilape|Annihilape, L50, F, shiny|100\/100\n|switch|p2b: Baxcalibur|Baxcalibur, L50, M|100\/100\n|turn|1\n|\n|t:|1681801470\n|detailschange|p1a: Bad Dolphin|Palafin-Hero, L50, F, shiny\n|switch|p1a: Wo-Chien|Wo-Chien, L50|100\/100\n|-ability|p1a: Wo-Chien|Tablets of Ruin\n|-terastallize|p1b: Flutter Mane|Fairy\n|move|p2b: Baxcalibur|Protect|p2b: Baxcalibur\n|-singleturn|p2b: Baxcalibur|Protect\n|move|p1b: Flutter Mane|Moonblast|p2b: Baxcalibur\n|-activate|p2b: Baxcalibur|move: Protect\n|move|p2a: Annihilape|Rage Fist|p1b: Flutter Mane\n|-damage|p1b: Flutter Mane|66\/100\n|\n|upkeep\n|turn|2\n|inactive|zachleft has 30 seconds left.\n|inactive|zachleft has 20 seconds left.\n|inactive|zachleft has 15 seconds left.\n|\n|t:|1681801515\n|move|p2b: Baxcalibur|Ice Shard|p1b: Flutter Mane\n|-crit|p1b: Flutter Mane\n|-damage|p1b: Flutter Mane|16\/100\n|move|p1b: Flutter Mane|Moonblast|p2b: Baxcalibur\n|-supereffective|p2b: Baxcalibur\n|-damage|p2b: Baxcalibur|0 fnt\n|faint|p2b: Baxcalibur\n|move|p2a: Annihilape|Drain Punch|p1a: Wo-Chien\n|-supereffective|p1a: Wo-Chien\n|-damage|p1a: Wo-Chien|57\/100\n|move|p1a: Wo-Chien|Foul Play|p2a: Annihilape\n|-damage|p2a: Annihilape|53\/100\n|\n|-heal|p1a: Wo-Chien|63\/100|[from] item: Leftovers\n|upkeep\n|\n|t:|1681801530\n|switch|p2b: Sylveon|Sylveon, L50, M, shiny|100\/100\n|turn|3\n|\n|t:|1681801543\n|move|p1a: Wo-Chien|Protect|p1a: Wo-Chien\n|-singleturn|p1a: Wo-Chien|Protect\n|move|p1b: Flutter Mane|Moonblast|p2a: Annihilape\n|-supereffective|p2a: Annihilape\n|-damage|p2a: Annihilape|0 fnt\n|faint|p2a: Annihilape\n|move|p2b: Sylveon|Hyper Voice|p1a: Wo-Chien|[spread] p1b\n|-activate|p1a: Wo-Chien|move: Protect\n|-damage|p1b: Flutter Mane|0 fnt\n|faint|p1b: Flutter Mane\n|-end|p1b: Flutter Mane|Protosynthesis|[silent]\n|-enditem|p2b: Sylveon|Throat Spray\n|-boost|p2b: Sylveon|spa|1|[from] item: Throat Spray\n|\n|-heal|p1a: Wo-Chien|69\/100|[from] item: Leftovers\n|upkeep\n|\n|t:|1681801558\n|switch|p1b: Glimmora|Glimmora, L50, F, shiny|100\/100\n|switch|p2a: Garganacl|Garganacl, L50, F|100\/100\n|turn|4\n|\n|t:|1681801578\n|move|p2a: Garganacl|Protect|p2a: Garganacl\n|-singleturn|p2a: Garganacl|Protect\n|move|p1b: Glimmora|Sludge Bomb|p2b: Sylveon\n|-supereffective|p2b: Sylveon\n|-damage|p2b: Sylveon|31\/100\n|-status|p2b: Sylveon|psn\n|move|p1a: Wo-Chien|Leech Seed|p2a: Garganacl\n|-activate|p2a: Garganacl|move: Protect\n|move|p2b: Sylveon|Hyper Voice|p1a: Wo-Chien|[spread] p1a,p1b\n|-supereffective|p1a: Wo-Chien\n|-resisted|p1b: Glimmora\n|-damage|p1a: Wo-Chien|0 fnt\n|-damage|p1b: Glimmora|68\/100\n|faint|p1a: Wo-Chien\n|\n|-damage|p2b: Sylveon|19\/100 psn|[from] psn\n|upkeep\n|\n|t:|1681801592\n|switch|p1a: Bad Dolphin|Palafin-Hero, L50, F, shiny|100\/100\n|-activate|p1a: Bad Dolphin|ability: Zero to Hero\n|turn|5\n|\n|t:|1681801603\n|-terastallize|p2a: Garganacl|Ghost\n|move|p2b: Sylveon|Protect|p2b: Sylveon\n|-singleturn|p2b: Sylveon|Protect\n|move|p1a: Bad Dolphin|Wave Crash|p2a: Garganacl\n|-damage|p2a: Garganacl|54\/100\n|-damage|p1a: Bad Dolphin|84\/100|[from] item: Rocky Helmet|[of] p2a: Garganacl\n|-damage|p1a: Bad Dolphin|69\/100|[from] Recoil\n|move|p1b: Glimmora|Sludge Bomb|p2b: Sylveon\n|-activate|p2b: Sylveon|move: Protect\n|move|p2a: Garganacl|Salt Cure|p1a: Bad Dolphin\n|-damage|p1a: Bad Dolphin|55\/100\n|-start|p1a: Bad Dolphin|Salt Cure\n|\n|-damage|p2b: Sylveon|6\/100 psn|[from] psn\n|-damage|p1a: Bad Dolphin|30\/100|[from] Salt Cure\n|upkeep\n|turn|6\n|\n|t:|1681801625\n|move|p2a: Garganacl|Protect|p2a: Garganacl\n|-singleturn|p2a: Garganacl|Protect\n|move|p2b: Sylveon|Quick Attack|p1a: Bad Dolphin\n|-damage|p1a: Bad Dolphin|22\/100\n|move|p1a: Bad Dolphin|Wave Crash|p2a: Garganacl\n|-activate|p2a: Garganacl|move: Protect\n|move|p1b: Glimmora|Sludge Bomb|p2b: Sylveon\n|-supereffective|p2b: Sylveon\n|-damage|p2b: Sylveon|0 fnt\n|faint|p2b: Sylveon\n|\n|-damage|p1a: Bad Dolphin|0 fnt|[from] Salt Cure\n|faint|p1a: Bad Dolphin\n|upkeep\n|turn|7\n|\n|t:|1681801644\n|move|p1b: Glimmora|Spiky Shield|p1b: Glimmora\n|-singleturn|p1b: Glimmora|move: Protect\n|move|p2a: Garganacl|Recover|p2a: Garganacl\n|-heal|p2a: Garganacl|100\/100\n|\n|upkeep\n|turn|8\n|\n|t:|1681801658\n|move|p1b: Glimmora|Sludge Bomb|p2a: Garganacl\n|-resisted|p2a: Garganacl\n|-damage|p2a: Garganacl|78\/100\n|move|p2a: Garganacl|Salt Cure|p1b: Glimmora\n|-damage|p1b: Glimmora|54\/100\n|-start|p1b: Glimmora|Salt Cure\n|\n|-damage|p1b: Glimmora|42\/100|[from] Salt Cure\n|upkeep\n|turn|9\n|\n|t:|1681801667\n|move|p1b: Glimmora|Sludge Bomb|p2a: Garganacl\n|-resisted|p2a: Garganacl\n|-damage|p2a: Garganacl|54\/100\n|move|p2a: Garganacl|Salt Cure|p1b: Glimmora\n|-damage|p1b: Glimmora|27\/100\n|\n|-damage|p1b: Glimmora|15\/100|[from] Salt Cure\n|upkeep\n|turn|10\n|\n|t:|1681801676\n|move|p1b: Glimmora|Sludge Bomb|p2a: Garganacl\n|-resisted|p2a: Garganacl\n|-damage|p2a: Garganacl|32\/100\n|move|p2a: Garganacl|Recover|p2a: Garganacl\n|-heal|p2a: Garganacl|82\/100\n|\n|-damage|p1b: Glimmora|3\/100|[from] Salt Cure\n|upkeep\n|turn|11\n|c|\u2606Sumo'sWeenusVGC|gg\n|\n|t:|1681801685\n|move|p1b: Glimmora|Energy Ball|p2a: Garganacl\n|-damage|p2a: Garganacl|50\/100\n|move|p2a: Garganacl|Salt Cure|p1b: Glimmora\n|-damage|p1b: Glimmora|0 fnt\n|faint|p1b: Glimmora\n|\n|win|zachleft\n|raw|Sumo'sWeenusVGC's rating: 1188 → 1159<\/strong> (-29 for losing)\n|raw|zachleft's rating: 1125 → 1154<\/strong> (+29 for winning)\n|c|\u2606zachleft|gg\n","uploadtime":1681801696,"views":7,"p1id":"sumosweenusvgc","p2id":"zachleft","formatid":"gen9vgc2023regulationc","rating":1154,"private":0,"password":""}