{"id":"gen9vgc2023regulationc-1862408401","p1":"Inrentyrion","p2":"SbradyB","format":"[Gen 9] VGC 2023 Regulation C","log":"|j|\u2606Inrentyrion\n|j|\u2606SbradyB\n|t:|1683881189\n|gametype|doubles\n|player|p1|Inrentyrion|cynthia|1478\n|player|p2|SbradyB|265|1525\n|teamsize|p1|6\n|teamsize|p2|6\n|gen|9\n|tier|[Gen 9] VGC 2023 Regulation C\n|rated|\n|rule|Species Clause: Limit one of each Pok\u00e9mon\n|rule|Item Clause: Limit one of each item\n|clearpoke\n|poke|p1|Chi-Yu, L50|\n|poke|p1|Flutter Mane, L50|\n|poke|p1|Gyarados, L50, M|\n|poke|p1|Dragapult, L50, F|\n|poke|p1|Iron Bundle, L50|\n|poke|p1|Abomasnow, L50, M|\n|poke|p2|Chi-Yu, L50|\n|poke|p2|Gyarados, L50, M|\n|poke|p2|Wo-Chien, L50|\n|poke|p2|Glimmora, L50, F|\n|poke|p2|Tyranitar, L50, M|\n|poke|p2|Flutter Mane, L50|\n|teampreview|4\n|inactive|Battle timer is ON: inactive players will automatically lose when time's up. (requested by SbradyB)\n|inactive|Inrentyrion has 60 seconds left.\n|inactive|SbradyB has 60 seconds left.\n|\n|t:|1683881251\n|start\n|switch|p1a: Abomasnow|Abomasnow, L50, M, shiny|100\/100\n|switch|p1b: Iron Bundle|Iron Bundle, L50|100\/100\n|switch|p2a: Flutter Mane|Flutter Mane, L50|100\/100\n|switch|p2b: Tyranitar|Tyranitar, L50, M|100\/100\n|-weather|Sandstorm|[from] ability: Sand Stream|[of] p2b: Tyranitar\n|-weather|Snow|[from] ability: Snow Warning|[of] p1a: Abomasnow\n|-enditem|p2a: Flutter Mane|Booster Energy\n|-activate|p2a: Flutter Mane|ability: Protosynthesis|[fromitem]\n|-start|p2a: Flutter Mane|protosynthesisspe\n|turn|1\n|inactive|Inrentyrion has 30 seconds left.\n|inactive|Inrentyrion has 20 seconds left.\n|inactive|Inrentyrion has 15 seconds left.\n|\n|t:|1683881294\n|-end|p1b: Iron Bundle|Quark Drive|[silent]\n|switch|p1b: Gyarados|Gyarados, L50, M|100\/100\n|-ability|p1b: Gyarados|Intimidate|boost\n|-unboost|p2a: Flutter Mane|atk|1\n|-unboost|p2b: Tyranitar|atk|1\n|move|p2a: Flutter Mane|Icy Wind|p1a: Abomasnow|[spread] p1a,p1b\n|-damage|p1a: Abomasnow|91\/100\n|-damage|p1b: Gyarados|87\/100\n|-unboost|p1a: Abomasnow|spe|1\n|-unboost|p1b: Gyarados|spe|1\n|move|p2b: Tyranitar|Rock Slide|p1a: Abomasnow|[spread] p1a,p1b\n|-supereffective|p1a: Abomasnow\n|-supereffective|p1b: Gyarados\n|-damage|p1a: Abomasnow|45\/100\n|-damage|p1b: Gyarados|14\/100\n|move|p1a: Abomasnow|Blizzard|p2b: Tyranitar|[spread] p2a,p2b\n|-damage|p2a: Flutter Mane|64\/100\n|-damage|p2b: Tyranitar|67\/100\n|-status|p2b: Tyranitar|frz\n|\n|-weather|Snow|[upkeep]\n|upkeep\n|turn|2\n|inactive|Inrentyrion has 30 seconds left.\n|inactive|SbradyB has 30 seconds left.\n|inactive|Inrentyrion has 20 seconds left.\n|inactive|SbradyB has 20 seconds left.\n|inactive|Inrentyrion has 15 seconds left.\n|\n|t:|1683881339\n|move|p2a: Flutter Mane|Moonblast|p1a: Abomasnow\n|-damage|p1a: Abomasnow|12\/100\n|cant|p2b: Tyranitar|frz\n|move|p1b: Gyarados|Waterfall|p2a: Flutter Mane\n|-damage|p2a: Flutter Mane|0 fnt\n|faint|p2a: Flutter Mane\n|-end|p2a: Flutter Mane|Protosynthesis|[silent]\n|move|p1a: Abomasnow|Energy Ball|p2b: Tyranitar\n|-supereffective|p2b: Tyranitar\n|-damage|p2b: Tyranitar|0 fnt\n|faint|p2b: Tyranitar\n|\n|-weather|Snow|[upkeep]\n|upkeep\n|\n|t:|1683881346\n|switch|p2a: Wo-Chien|Wo-Chien, L50|100\/100\n|switch|p2b: DebrisLarson|Glimmora, L50, F|100\/100\n|-ability|p2a: Wo-Chien|Tablets of Ruin\n|turn|3\n|\n|t:|1683881369\n|-terastallize|p2a: Wo-Chien|Water\n|move|p2b: DebrisLarson|Power Gem|p1b: Gyarados\n|-supereffective|p1b: Gyarados\n|-damage|p1b: Gyarados|0 fnt\n|faint|p1b: Gyarados\n|move|p2a: Wo-Chien|Snarl|p1a: Abomasnow\n|-damage|p1a: Abomasnow|0 fnt\n|faint|p1a: Abomasnow\n|\n|-weather|Snow|[upkeep]\n|upkeep\n|\n|t:|1683881380\n|switch|p1b: Iron Bundle|Iron Bundle, L50|100\/100\n|switch|p1a: Flutter Mane|Flutter Mane, L50|100\/100\n|-enditem|p1a: Flutter Mane|Booster Energy\n|-activate|p1a: Flutter Mane|ability: Protosynthesis|[fromitem]\n|-start|p1a: Flutter Mane|protosynthesisspa\n|turn|4\n|inactive|Inrentyrion has 30 seconds left.\n|\n|t:|1683881413\n|-terastallize|p1a: Flutter Mane|Water\n|move|p2b: DebrisLarson|Spiky Shield|p2b: DebrisLarson\n|-singleturn|p2b: DebrisLarson|move: Protect\n|move|p1b: Iron Bundle|Freeze-Dry|p2a: Wo-Chien\n|-supereffective|p2a: Wo-Chien\n|-damage|p2a: Wo-Chien|61\/100\n|-damage|p1b: Iron Bundle|91\/100|[from] item: Life Orb\n|move|p1a: Flutter Mane|Dazzling Gleam|p2a: Wo-Chien|[spread] p2a\n|-activate|p2b: DebrisLarson|move: Protect\n|-damage|p2a: Wo-Chien|44\/100\n|move|p2a: Wo-Chien|Giga Drain|p1b: Iron Bundle\n|-supereffective|p1b: Iron Bundle\n|-damage|p1b: Iron Bundle|0 fnt\n|-heal|p2a: Wo-Chien|75\/100|[from] drain|[of] p1b: Iron Bundle\n|faint|p1b: Iron Bundle\n|-end|p1b: Iron Bundle|Quark Drive|[silent]\n|\n|-weather|Snow|[upkeep]\n|upkeep\n|turn|5\n|\n|t:|1683881433\n|move|p1a: Flutter Mane|Dazzling Gleam|p2a: Wo-Chien|[spread] p2a,p2b\n|-resisted|p2b: DebrisLarson\n|-damage|p2a: Wo-Chien|57\/100\n|-damage|p2b: DebrisLarson|74\/100\n|move|p2b: DebrisLarson|Toxic|p1a: Flutter Mane\n|-status|p1a: Flutter Mane|tox\n|move|p2a: Wo-Chien|Giga Drain|p1a: Flutter Mane\n|-supereffective|p1a: Flutter Mane\n|-crit|p1a: Flutter Mane\n|-damage|p1a: Flutter Mane|31\/100 tox\n|-heal|p2a: Wo-Chien|87\/100|[from] drain|[of] p1a: Flutter Mane\n|\n|-weather|none\n|-damage|p1a: Flutter Mane|26\/100 tox|[from] psn\n|upkeep\n|turn|6\n|-message|Inrentyrion forfeited.\n|\n|win|SbradyB\n|raw|Inrentyrion's rating: 1478 → 1461<\/strong> (-17 for losing)\n|raw|SbradyB's rating: 1525 → 1542<\/strong> (+17 for winning)\n|l|\u2606Inrentyrion\n","uploadtime":1683881453,"views":5,"p1id":"inrentyrion","p2id":"sbradyb","formatid":"gen9vgc2023regulationc","rating":1461,"private":0,"password":""}