{"id":"gen9vgc2023regulationc-1854866791","p1":"Carlipop6","p2":"salamencetv","format":"[Gen 9] VGC 2023 Regulation C","log":"|j|\u2606Carlipop6\n|j|\u2606salamencetv\n|t:|1682874993\n|gametype|doubles\n|player|p1|Carlipop6|169|\n|player|p2|salamencetv|pryce|\n|teamsize|p1|6\n|teamsize|p2|6\n|gen|9\n|tier|[Gen 9] VGC 2023 Regulation C\n|rule|Species Clause: Limit one of each Pok\u00e9mon\n|rule|Item Clause: Limit one of each item\n|clearpoke\n|poke|p1|Armarouge, L50, F|\n|poke|p1|Indeedee, L50, M|\n|poke|p1|Iron Hands, L50|\n|poke|p1|Amoonguss, L50, M|\n|poke|p1|Quaquaval, L50, M|\n|poke|p1|Misdreavus, L50, M|\n|poke|p2|Gholdengo, L50|\n|poke|p2|Cetitan, L50, M|\n|poke|p2|Brute Bonnet, L50|\n|poke|p2|Slowking, L50, M|\n|poke|p2|Garchomp, L50, M|\n|poke|p2|Sylveon, L50, F|\n|teampreview|4\n|c|\u2606salamencetv|G1 GLHF\n|c|\u2606salamencetv|Btw accept the other two games\n|inactive|Battle timer is ON: inactive players will automatically lose when time's up. (requested by Carlipop6)\n|\n|t:|1682875076\n|start\n|switch|p1a: Misdreavus|Misdreavus, L50, M, shiny|100\/100\n|switch|p1b: Amoonguss|Amoonguss, L50, M, shiny|100\/100\n|switch|p2a: SubMom|Sylveon, L50, F|100\/100\n|switch|p2b: Whiffin|Slowking, L50, M|100\/100\n|turn|1\n|inactive|Carlipop6 has 30 seconds left.\n|inactive|salamencetv has 30 seconds left.\n|inactive|Carlipop6 has 20 seconds left.\n|inactive|salamencetv has 20 seconds left.\n|inactive|Carlipop6 has 15 seconds left.\n|inactive|Carlipop6 has 10 seconds left.\n|inactive|Carlipop6 has 5 seconds left.\n|\n|t:|1682875131\n|move|p1a: Misdreavus|Thunder Wave|p2b: Whiffin\n|-status|p2b: Whiffin|par\n|move|p2a: SubMom|Yawn|p1b: Amoonguss\n|-start|p1b: Amoonguss|move: Yawn|[of] p2a: SubMom\n|move|p1b: Amoonguss|Spore|p2a: SubMom\n|-status|p2a: SubMom|slp|[from] move: Spore\n|move|p2b: Whiffin|Psychic|p1b: Amoonguss\n|-supereffective|p1b: Amoonguss\n|-damage|p1b: Amoonguss|57\/100\n|\n|upkeep\n|turn|2\n|\n|t:|1682875150\n|cant|p2a: SubMom|slp\n|move|p1a: Misdreavus|Perish Song|p1a: Misdreavus\n|-start|p1a: Misdreavus|perish3|[silent]\n|-start|p1b: Amoonguss|perish3|[silent]\n|-start|p2a: SubMom|perish3|[silent]\n|-start|p2b: Whiffin|perish3|[silent]\n|-fieldactivate|move: Perish Song\n|move|p1b: Amoonguss|Sludge Bomb|p2a: SubMom\n|-supereffective|p2a: SubMom\n|-damage|p2a: SubMom|57\/100 slp\n|cant|p2b: Whiffin|par\n|\n|-end|p1b: Amoonguss|move: Yawn|[silent]\n|-status|p1b: Amoonguss|slp\n|-start|p1a: Misdreavus|perish3\n|-start|p2a: SubMom|perish3\n|-start|p1b: Amoonguss|perish3\n|-start|p2b: Whiffin|perish3\n|upkeep\n|turn|3\n|\n|t:|1682875173\n|cant|p1b: Amoonguss|slp\n|move|p1a: Misdreavus|Dazzling Gleam|p2a: SubMom|[spread] p2a,p2b\n|-damage|p2a: SubMom|48\/100 slp\n|-damage|p2b: Whiffin|91\/100 par\n|cant|p2a: SubMom|slp\n|move|p2b: Whiffin|Trick Room|p2b: Whiffin\n|-fieldstart|move: Trick Room|[of] p2b: Whiffin\n|\n|-start|p2b: Whiffin|perish2\n|-start|p1b: Amoonguss|perish2\n|-start|p2a: SubMom|perish2\n|-start|p1a: Misdreavus|perish2\n|upkeep\n|turn|4\n|\n|t:|1682875193\n|cant|p1b: Amoonguss|slp\n|move|p2b: Whiffin|Psychic|p1b: Amoonguss\n|-supereffective|p1b: Amoonguss\n|-damage|p1b: Amoonguss|15\/100 slp\n|-unboost|p1b: Amoonguss|spd|1\n|-enditem|p1b: Amoonguss|Aguav Berry|[eat]\n|-heal|p1b: Amoonguss|48\/100 slp|[from] item: Aguav Berry\n|-curestatus|p2a: SubMom|slp|[msg]\n|move|p2a: SubMom|Hyper Voice|p1b: Amoonguss|[spread] p1a,p1b\n|-resisted|p1b: Amoonguss\n|-damage|p1a: Misdreavus|79\/100\n|-damage|p1b: Amoonguss|28\/100 slp\n|-enditem|p2a: SubMom|Throat Spray\n|-boost|p2a: SubMom|spa|1|[from] item: Throat Spray\n|move|p1a: Misdreavus|Dazzling Gleam|p2b: Whiffin|[spread] p2a,p2b\n|-damage|p2a: SubMom|39\/100\n|-damage|p2b: Whiffin|82\/100 par\n|\n|-start|p2b: Whiffin|perish1\n|-start|p1b: Amoonguss|perish1\n|-start|p2a: SubMom|perish1\n|-start|p1a: Misdreavus|perish1\n|upkeep\n|turn|5\n|inactive|Carlipop6 has 30 seconds left.\n|\n|t:|1682875223\n|switch|p2b: GholdenGONOW|Gholdengo, L50|100\/100\n|switch|p2a: Whalecum|Cetitan, L50, M|100\/100\n|cant|p1b: Amoonguss|slp\n|move|p1a: Misdreavus|Thunder Wave|p2a: Whalecum|[miss]\n|-miss|p1a: Misdreavus|p2a: Whalecum\n|\n|-start|p1b: Amoonguss|perish0\n|-start|p1a: Misdreavus|perish0\n|faint|p1b: Amoonguss\n|faint|p1a: Misdreavus\n|upkeep\n|\n|t:|1682875235\n|switch|p1b: Quaquaval|Quaquaval, L50, M|100\/100\n|switch|p1a: Iron Hands|Iron Hands, L50, shiny|100\/100\n|turn|6\n|inactive|salamencetv has 30 seconds left.\n|\n|t:|1682875266\n|move|p1a: Iron Hands|Wild Charge|p2b: GholdenGONOW\n|-damage|p2b: GholdenGONOW|50\/100\n|-damage|p1a: Iron Hands|92\/100|[from] Recoil\n|move|p2a: Whalecum|Liquidation|p1a: Iron Hands\n|-damage|p1a: Iron Hands|78\/100\n|move|p2b: GholdenGONOW|Thunderbolt|p1b: Quaquaval\n|-supereffective|p1b: Quaquaval\n|-damage|p1b: Quaquaval|0 fnt\n|faint|p1b: Quaquaval\n|-damage|p2b: GholdenGONOW|40\/100|[from] item: Life Orb\n|\n|upkeep\n|turn|7\n|\n|t:|1682875278\n|move|p2b: GholdenGONOW|Protect|p2b: GholdenGONOW\n|-singleturn|p2b: GholdenGONOW|Protect\n|move|p1a: Iron Hands|Wild Charge|p2b: GholdenGONOW\n|-activate|p2b: GholdenGONOW|move: Protect\n|move|p2a: Whalecum|Ice Spinner|p1a: Iron Hands\n|-damage|p1a: Iron Hands|57\/100\n|\n|-fieldend|move: Trick Room\n|upkeep\n|turn|8\n|\n|t:|1682875290\n|move|p2b: GholdenGONOW|Shadow Ball|p1a: Iron Hands\n|-damage|p1a: Iron Hands|17\/100\n|-damage|p2b: GholdenGONOW|31\/100|[from] item: Life Orb\n|move|p2a: Whalecum|Ice Spinner|p1a: Iron Hands\n|-damage|p1a: Iron Hands|0 fnt\n|faint|p1a: Iron Hands\n|-end|p1a: Iron Hands|Quark Drive|[silent]\n|\n|win|salamencetv\n|c|\u2606salamencetv|GG\n","uploadtime":1682875856,"views":11,"p1id":"carlipop6","p2id":"salamencetv","formatid":"gen9vgc2023regulationc","rating":0,"private":0,"password":""}