{"id":"gen9vgc2023regulationc-1861582720","p1":"humanityhater69","p2":"Catv470","format":"[Gen 9] VGC 2023 Regulation C","log":"|j|\u2606humanityhater69\n|j|\u2606Catv470\n|t:|1683776506\n|gametype|doubles\n|player|p1|humanityhater69|aromalady|1050\n|player|p2|Catv470|sonia-professor|1034\n|teamsize|p1|6\n|teamsize|p2|6\n|gen|9\n|tier|[Gen 9] VGC 2023 Regulation C\n|rated|\n|rule|Species Clause: Limit one of each Pok\u00e9mon\n|rule|Item Clause: Limit one of each item\n|clearpoke\n|poke|p1|Hippowdon, L50, F|\n|poke|p1|Dondozo, L50, F|\n|poke|p1|Tatsugiri-Droopy, L50, F|\n|poke|p1|Chien-Pao, L50|\n|poke|p1|Ting-Lu, L50|\n|poke|p1|Kingambit, L50, M|\n|poke|p2|Chien-Pao, L50|\n|poke|p2|Dragonite, L50, M|\n|poke|p2|Farigiraf, L50, F|\n|poke|p2|Gyarados, L50, M|\n|poke|p2|Flutter Mane, L50|\n|poke|p2|Roaring Moon, L50|\n|teampreview|4\n|inactive|Battle timer is ON: inactive players will automatically lose when time's up. (requested by Catv470)\n|\n|t:|1683776534\n|start\n|switch|p1a: Hippowsy|Hippowdon, L50, F|100\/100\n|switch|p1b: Chienpaussy|Chien-Pao, L50|100\/100\n|switch|p2a: salt|Roaring Moon, L50|100\/100\n|switch|p2b: l + ratio|Farigiraf, L50, F|100\/100\n|-ability|p1b: Chienpaussy|Sword of Ruin\n|-weather|Sandstorm|[from] ability: Sand Stream|[of] p1a: Hippowsy\n|-enditem|p2a: salt|Booster Energy\n|-activate|p2a: salt|ability: Protosynthesis|[fromitem]\n|-start|p2a: salt|protosynthesisatk\n|turn|1\n|inactive|Catv470 has 30 seconds left.\n|\n|t:|1683776563\n|move|p2b: l + ratio|Ally Switch|p2b: l + ratio\n|swap|p2b: l + ratio|0|[from] move: Ally Switch\n|move|p1b: Chienpaussy|Sheer Cold|p2a: l + ratio\n|-damage|p2a: l + ratio|0 fnt\n|faint|p2a: l + ratio\n|-ohko\n|move|p2b: salt|Acrobatics|p1b: Chienpaussy\n|-damage|p1b: Chienpaussy|17\/100\n|move|p1a: Hippowsy|Fissure|p2b: salt|[miss]\n|-miss|p1a: Hippowsy|p2b: salt\n|\n|-weather|Sandstorm|[upkeep]\n|-damage|p1b: Chienpaussy|11\/100|[from] Sandstorm\n|-damage|p2b: salt|94\/100|[from] Sandstorm\n|upkeep\n|\n|t:|1683776571\n|switch|p2a: huh|Dragonite, L50, M, shiny|100\/100\n|turn|2\n|\n|t:|1683776580\n|move|p2b: salt|Protect|p2b: salt\n|-singleturn|p2b: salt|Protect\n|move|p2a: huh|Extreme Speed|p1b: Chienpaussy\n|-crit|p1b: Chienpaussy\n|-damage|p1b: Chienpaussy|0 fnt\n|faint|p1b: Chienpaussy\n|move|p1a: Hippowsy|Fissure|p2b: salt\n|-activate|p2b: salt|move: Protect\n|\n|-weather|Sandstorm|[upkeep]\n|-damage|p2b: salt|88\/100|[from] Sandstorm\n|-damage|p2a: huh|94\/100|[from] Sandstorm\n|upkeep\n|\n|t:|1683776584\n|switch|p1b: Dondussy|Dondozo, L50, F|100\/100\n|turn|3\n|\n|t:|1683776594\n|-terastallize|p2a: huh|Normal\n|move|p2a: huh|Extreme Speed|p1b: Dondussy\n|-damage|p1b: Dondussy|55\/100\n|move|p2b: salt|Acrobatics|p1b: Dondussy\n|-crit|p1b: Dondussy\n|-damage|p1b: Dondussy|4\/100\n|move|p1b: Dondussy|Supersonic|p2a: huh\n|-start|p2a: huh|confusion\n|move|p1a: Hippowsy|Fissure|p2b: salt|[miss]\n|-miss|p1a: Hippowsy|p2b: salt\n|\n|-weather|Sandstorm|[upkeep]\n|-damage|p2b: salt|82\/100|[from] Sandstorm\n|-damage|p2a: huh|88\/100|[from] Sandstorm\n|-damage|p1b: Dondussy|0 fnt|[from] Sandstorm\n|faint|p1b: Dondussy\n|upkeep\n|\n|t:|1683776603\n|switch|p1b: Tatsussy|Tatsugiri-Droopy, L50, F|100\/100\n|turn|4\n|\n|t:|1683776610\n|-terastallize|p1b: Tatsussy|Normal\n|-activate|p2a: huh|confusion\n|-damage|p2a: huh|74\/100|[from] confusion\n|move|p1b: Tatsussy|Giga Impact|p2a: huh\n|-damage|p2a: huh|26\/100\n|-mustrecharge|p1b: Tatsussy\n|move|p2b: salt|Acrobatics|p1a: Hippowsy\n|-damage|p1a: Hippowsy|62\/100\n|move|p1a: Hippowsy|Fissure|p2b: salt|[miss]\n|-miss|p1a: Hippowsy|p2b: salt\n|\n|-weather|Sandstorm|[upkeep]\n|-damage|p1b: Tatsussy|95\/100|[from] Sandstorm\n|-damage|p2b: salt|76\/100|[from] Sandstorm\n|-damage|p2a: huh|20\/100|[from] Sandstorm\n|-heal|p1a: Hippowsy|68\/100|[from] item: Leftovers\n|upkeep\n|turn|5\n|\n|t:|1683776620\n|-end|p2a: huh|confusion\n|move|p2a: huh|Extreme Speed|p1b: Tatsussy\n|-crit|p1b: Tatsussy\n|-damage|p1b: Tatsussy|0 fnt\n|faint|p1b: Tatsussy\n|move|p2b: salt|Acrobatics|p1a: Hippowsy\n|-damage|p1a: Hippowsy|29\/100\n|move|p1a: Hippowsy|Fissure|p2b: salt\n|-damage|p2b: salt|0 fnt\n|faint|p2b: salt\n|-end|p2b: salt|Protosynthesis|[silent]\n|-ohko\n|\n|-weather|none\n|-heal|p1a: Hippowsy|35\/100|[from] item: Leftovers\n|upkeep\n|\n|t:|1683776628\n|switch|p2b: misdrevaus+|Flutter Mane, L50|100\/100\n|turn|6\n|-message|humanityhater69 forfeited.\n|\n|win|Catv470\n|raw|humanityhater69's rating: 1050 → 1032<\/strong> (-18 for losing)\n|raw|Catv470's rating: 1034 → 1071<\/strong> (+37 for winning)\n|l|\u2606humanityhater69\n|l|\u2606Catv470\n|j|\u2606Catv470\n|player|p2|Catv470|sonia-professor\n","uploadtime":1683776644,"views":19,"p1id":"humanityhater69","p2id":"catv470","formatid":"gen9vgc2023regulationc","rating":1032,"private":0,"password":""}