{"id":"gen9vgc2023regulationc-1859658939","p1":"Terry kloak","p2":"micicibiqueen","format":"[Gen 9] VGC 2023 Regulation C","log":"|j|\u2606Terry kloak\n|j|\u2606micicibiqueen\n|t:|1683553549\n|gametype|doubles\n|player|p1|Terry kloak|gentleman-gen4|1641\n|player|p2|micicibiqueen|hilda-wonderlauncher|1628\n|teamsize|p1|6\n|teamsize|p2|6\n|gen|9\n|tier|[Gen 9] VGC 2023 Regulation C\n|rated|\n|rule|Species Clause: Limit one of each Pok\u00e9mon\n|rule|Item Clause: Limit one of each item\n|clearpoke\n|poke|p1|Ceruledge, L50, M|\n|poke|p1|Orthworm, L50, M|\n|poke|p1|Ting-Lu, L50|\n|poke|p1|Dragonite, L50, M|\n|poke|p1|Iron Bundle, L50|\n|poke|p1|Gothitelle, L50, M|\n|poke|p2|Flutter Mane, L50|\n|poke|p2|Tatsugiri, L50, M|\n|poke|p2|Talonflame, L50, M|\n|poke|p2|Dondozo, L50, F|\n|poke|p2|Kingambit, L50, F|\n|poke|p2|Indeedee-F, L50, F|\n|teampreview|4\n|inactive|Battle timer is ON: inactive players will automatically lose when time's up. (requested by Terry kloak)\n|\n|t:|1683553566\n|start\n|switch|p1a: Ting-Lu|Ting-Lu, L50|100\/100\n|switch|p1b: Orthworm|Orthworm, L50, M|100\/100\n|switch|p2a: Kingambit|Kingambit, L50, F|100\/100\n|switch|p2b: Talonflame|Talonflame, L50, M|100\/100\n|-ability|p1a: Ting-Lu|Vessel of Ruin\n|turn|1\n|inactive|Terry kloak has 30 seconds left.\n|\n|t:|1683553593\n|-terastallize|p1a: Ting-Lu|Poison\n|move|p1b: Orthworm|Protect|p1b: Orthworm\n|-singleturn|p1b: Orthworm|Protect\n|move|p2b: Talonflame|Flare Blitz|p1b: Orthworm\n|-activate|p1b: Orthworm|move: Protect\n|move|p2a: Kingambit|Iron Head|p1b: Orthworm\n|-activate|p1b: Orthworm|move: Protect\n|move|p1a: Ting-Lu|Stone Edge|p2b: Talonflame\n|-supereffective|p2b: Talonflame\n|-damage|p2b: Talonflame|0 fnt\n|faint|p2b: Talonflame\n|\n|upkeep\n|\n|t:|1683553599\n|switch|p2b: Dondozo|Dondozo, L50, F|100\/100\n|turn|2\n|\n|t:|1683553614\n|switch|p2a: Tatsugiri|Tatsugiri, L50, M|100\/100\n|-activate|p2a: Tatsugiri|ability: Commander|[of] p2b: Dondozo\n|-boost|p2b: Dondozo|atk|2\n|-boost|p2b: Dondozo|spa|2\n|-boost|p2b: Dondozo|spe|2\n|-boost|p2b: Dondozo|def|2\n|-boost|p2b: Dondozo|spd|2\n|-terastallize|p2b: Dondozo|Fire\n|move|p2b: Dondozo|Tera Blast|p1b: Orthworm\n|-supereffective|p1b: Orthworm\n|-damage|p1b: Orthworm|0 fnt\n|faint|p1b: Orthworm\n|move|p1a: Ting-Lu|Earthquake|p2a: Tatsugiri|[spread] p2b\n|-miss|p1a: Ting-Lu|p2a: Tatsugiri\n|-supereffective|p2b: Dondozo\n|-damage|p2b: Dondozo|79\/100\n|\n|-heal|p2b: Dondozo|85\/100|[from] item: Leftovers\n|upkeep\n|\n|t:|1683553633\n|switch|p1b: Iron Bundle|Iron Bundle, L50|100\/100\n|-enditem|p1b: Iron Bundle|Booster Energy\n|-activate|p1b: Iron Bundle|ability: Quark Drive|[fromitem]\n|-start|p1b: Iron Bundle|quarkdrivespe\n|turn|3\n|\n|t:|1683553640\n|move|p1b: Iron Bundle|Protect|p1b: Iron Bundle\n|-singleturn|p1b: Iron Bundle|Protect\n|move|p2b: Dondozo|Protect|p2b: Dondozo\n|-singleturn|p2b: Dondozo|Protect\n|move|p1a: Ting-Lu|Ruination|p2b: Dondozo\n|-activate|p2b: Dondozo|move: Protect\n|\n|-heal|p2b: Dondozo|91\/100|[from] item: Leftovers\n|upkeep\n|turn|4\n|\n|t:|1683553654\n|move|p1b: Iron Bundle|Encore|p2b: Dondozo\n|-start|p2b: Dondozo|Encore\n|move|p2b: Dondozo|Protect||[still]\n|-fail|p2b: Dondozo\n|move|p1a: Ting-Lu|Ruination|p2b: Dondozo\n|-damage|p2b: Dondozo|46\/100\n|\n|-heal|p2b: Dondozo|52\/100|[from] item: Leftovers\n|upkeep\n|turn|5\n|-message|micicibiqueen forfeited.\n|\n|win|Terry kloak\n|raw|Terry kloak's rating: 1641 → 1660<\/strong> (+19 for winning)\n|raw|micicibiqueen's rating: 1628 → 1609<\/strong> (-19 for losing)\n|l|\u2606micicibiqueen\n","uploadtime":1683553679,"views":11,"p1id":"terrykloak","p2id":"micicibiqueen","formatid":"gen9vgc2023regulationc","rating":1609,"private":0,"password":""}