{"id":"gen9vgc2023regulationc-1852635140","p1":"SassaroThePubber","p2":"diejjo","format":"[Gen 9] VGC 2023 Regulation C","log":"|j|\u2606SassaroThePubber\n|j|\u2606diejjo\n|t:|1682588876\n|gametype|doubles\n|player|p1|SassaroThePubber|102|1152\n|player|p2|diejjo|ethan|1229\n|teamsize|p1|6\n|teamsize|p2|6\n|gen|9\n|tier|[Gen 9] VGC 2023 Regulation C\n|rated|\n|rule|Species Clause: Limit one of each Pok\u00e9mon\n|rule|Item Clause: Limit one of each item\n|clearpoke\n|poke|p1|Ting-Lu, L50|\n|poke|p1|Annihilape, L50, F|\n|poke|p1|Maushold-Four, L50|\n|poke|p1|Iron Bundle, L50|\n|poke|p1|Wo-Chien, L50|\n|poke|p1|Arcanine, L50, F|\n|poke|p2|Talonflame, L50, F|\n|poke|p2|Iron Bundle, L50|\n|poke|p2|Iron Hands, L50|\n|poke|p2|Gholdengo, L50|\n|poke|p2|Garchomp, L50, M|\n|poke|p2|Chien-Pao, L50|\n|teampreview|4\n|c|\u2606SassaroThePubber|Glhf\n|\n|t:|1682588912\n|start\n|switch|p1a: Iron Bundle|Iron Bundle, L50|100\/100\n|switch|p1b: Ting-Lu|Ting-Lu, L50|100\/100\n|switch|p2a: Talonflame|Talonflame, L50, F|100\/100\n|switch|p2b: Gholdengo|Gholdengo, L50|100\/100\n|-ability|p1b: Ting-Lu|Vessel of Ruin\n|-enditem|p1a: Iron Bundle|Booster Energy\n|-activate|p1a: Iron Bundle|ability: Quark Drive|[fromitem]\n|-start|p1a: Iron Bundle|quarkdrivespe\n|turn|1\n|inactive|Battle timer is ON: inactive players will automatically lose when time's up. (requested by diejjo)\n|c|\u2606diejjo|glhf\n|\n|t:|1682588943\n|switch|p2a: Iron Bundle|Iron Bundle, L50, shiny|100\/100\n|-enditem|p2a: Iron Bundle|Booster Energy\n|-activate|p2a: Iron Bundle|ability: Quark Drive|[fromitem]\n|-start|p2a: Iron Bundle|quarkdrivespe\n|-terastallize|p2b: Gholdengo|Steel\n|move|p1a: Iron Bundle|Encore||[still]\n|-fail|p1a: Iron Bundle\n|move|p2b: Gholdengo|Make It Rain|p1a: Iron Bundle|[spread] p1a,p1b\n|-damage|p1a: Iron Bundle|0 fnt\n|-damage|p1b: Ting-Lu|67\/100\n|-unboost|p2b: Gholdengo|spa|1\n|faint|p1a: Iron Bundle\n|-end|p1a: Iron Bundle|Quark Drive|[silent]\n|move|p1b: Ting-Lu|Stomping Tantrum|p2b: Gholdengo\n|-supereffective|p2b: Gholdengo\n|-damage|p2b: Gholdengo|27\/100\n|\n|upkeep\n|\n|t:|1682588957\n|switch|p1a: Wo-Chien|Wo-Chien, L50|100\/100\n|-ability|p1a: Wo-Chien|Tablets of Ruin\n|turn|2\n|\n|t:|1682588982\n|switch|p2b: Talonflame|Talonflame, L50, F|100\/100\n|-terastallize|p1a: Wo-Chien|Poison\n|move|p2a: Iron Bundle|Freeze-Dry|p1b: Ting-Lu\n|-supereffective|p1b: Ting-Lu\n|-damage|p1b: Ting-Lu|41\/100\n|move|p1a: Wo-Chien|Giga Drain|p2a: Iron Bundle\n|-supereffective|p2a: Iron Bundle\n|-damage|p2a: Iron Bundle|27\/100\n|move|p1b: Ting-Lu|Earthquake|p2b: Talonflame|[spread] p1a,p2a\n|-immune|p2b: Talonflame\n|-supereffective|p1a: Wo-Chien\n|-damage|p1a: Wo-Chien|54\/100\n|-damage|p2a: Iron Bundle|0 fnt\n|faint|p2a: Iron Bundle\n|-end|p2a: Iron Bundle|Quark Drive|[silent]\n|\n|upkeep\n|\n|t:|1682588992\n|switch|p2a: Gholdengo|Gholdengo, L50, tera:Steel|27\/100\n|turn|3\n|\n|t:|1682589004\n|move|p1a: Wo-Chien|Protect|p1a: Wo-Chien\n|-singleturn|p1a: Wo-Chien|Protect\n|move|p2b: Talonflame|Brave Bird|p1a: Wo-Chien\n|-activate|p1a: Wo-Chien|move: Protect\n|move|p2a: Gholdengo|Make It Rain|p1b: Ting-Lu|[spread] p1b\n|-activate|p1a: Wo-Chien|move: Protect\n|-damage|p1b: Ting-Lu|8\/100\n|-unboost|p2a: Gholdengo|spa|1\n|move|p1b: Ting-Lu|Stomping Tantrum|p2a: Gholdengo\n|-supereffective|p2a: Gholdengo\n|-damage|p2a: Gholdengo|0 fnt\n|faint|p2a: Gholdengo\n|\n|upkeep\n|\n|t:|1682589015\n|switch|p2a: Chien-Pao|Chien-Pao, L50|100\/100\n|-ability|p2a: Chien-Pao|Sword of Ruin\n|turn|4\n|\n|t:|1682589029\n|switch|p1b: Arcanine|Arcanine, L50, F|100\/100\n|-ability|p1b: Arcanine|Intimidate|boost\n|-unboost|p2a: Chien-Pao|atk|1\n|-unboost|p2b: Talonflame|atk|1\n|move|p2b: Talonflame|Brave Bird|p1b: Arcanine\n|-damage|p1b: Arcanine|75\/100\n|-damage|p2b: Talonflame|91\/100|[from] Recoil\n|move|p2a: Chien-Pao|Ice Spinner|p1a: Wo-Chien\n|-damage|p1a: Wo-Chien|33\/100\n|move|p1a: Wo-Chien|Leech Seed|p2a: Chien-Pao\n|-start|p2a: Chien-Pao|move: Leech Seed\n|\n|-damage|p2a: Chien-Pao|88\/100|[from] Leech Seed|[of] p1a: Wo-Chien\n|-heal|p1a: Wo-Chien|46\/100|[silent]\n|upkeep\n|turn|5\n|-message|diejjo forfeited.\n|\n|win|SassaroThePubber\n|raw|SassaroThePubber's rating: 1152 → 1182<\/strong> (+30 for winning)\n|raw|diejjo's rating: 1229 → 1199<\/strong> (-30 for losing)\n|l|\u2606diejjo\n","uploadtime":1682589038,"views":10,"p1id":"sassarothepubber","p2id":"diejjo","formatid":"gen9vgc2023regulationc","rating":1182,"private":0,"password":""}