{"id":"gen9vgc2023regulationc-1857669173","p1":"austinerzs","p2":"OMGPACHIMARI","format":"[Gen 9] VGC 2023 Regulation C","log":"|j|\u2606austinerzs\n|j|\u2606OMGPACHIMARI\n|t:|1683220247\n|gametype|doubles\n|player|p1|austinerzs|266|\n|player|p2|OMGPACHIMARI|norman|\n|teamsize|p1|6\n|teamsize|p2|6\n|gen|9\n|tier|[Gen 9] VGC 2023 Regulation C\n|rule|Species Clause: Limit one of each Pok\u00e9mon\n|rule|Item Clause: Limit one of each item\n|clearpoke\n|poke|p1|Pachirisu, L50, F|\n|poke|p1|Armarouge, L50, M|\n|poke|p1|Kingambit, L50, F|\n|poke|p1|Indeedee, L50, M|\n|poke|p1|Hatterene, L50, F|\n|poke|p1|Baxcalibur, L50, F|\n|poke|p2|Indeedee-F, L50, F|\n|poke|p2|Garganacl, L50, F|\n|poke|p2|Ceruledge, L50, F|\n|poke|p2|Iron Valiant, L50|\n|poke|p2|Gyarados, L50, M|\n|poke|p2|Dedenne, L50, F|\n|teampreview|4\n|inactive|Battle timer is ON: inactive players will automatically lose when time's up. (requested by OMGPACHIMARI)\n|j| jayballester\nOMGPACHIMARI rejected open team sheets.\n|c|\u2606austinerzs|glhf\n|c|\u2606OMGPACHIMARI|glhf\n|inactive|austinerzs has 60 seconds left.\n|inactive|austinerzs has 30 seconds left.\n|j| Jstardude\n|inactive|austinerzs has 20 seconds left.\n|\n|t:|1683220319\n|start\n|switch|p1a: Kingambit|Kingambit, L50, F|100\/100\n|switch|p1b: Hatterene|Hatterene, L50, F|100\/100\n|switch|p2a: Dedenne|Dedenne, L50, F|100\/100\n|switch|p2b: Iron Valiant|Iron Valiant, L50|100\/100\n|turn|1\n|j| F3athers\n|inactive|OMGPACHIMARI has 30 seconds left.\n|\n|t:|1683220344\n|move|p2a: Dedenne|Electric Terrain|p2a: Dedenne\n|-fieldstart|move: Electric Terrain\n|-activate|p2b: Iron Valiant|ability: Quark Drive\n|-start|p2b: Iron Valiant|quarkdrivespa\n|move|p2b: Iron Valiant|Aura Sphere|p1a: Kingambit\n|-supereffective|p1a: Kingambit\n|-enditem|p1a: Kingambit|Chople Berry|[eat]\n|-enditem|p1a: Kingambit|Chople Berry|[weaken]\n|-damage|p1a: Kingambit|6\/100\n|move|p1a: Kingambit|Swords Dance|p1a: Kingambit\n|-boost|p1a: Kingambit|atk|2\n|move|p1b: Hatterene|Trick Room|p1b: Hatterene\n|-fieldstart|move: Trick Room|[of] p1b: Hatterene\n|\n|upkeep\n|turn|2\n|n| F3athers|f3athers\n|n| F3athers|f3athers\n|inactive|OMGPACHIMARI has 30 seconds left.\n|\n|t:|1683220371\n|-end|p2b: Iron Valiant|Quark Drive|[silent]\n|switch|p2b: Indeedee|Indeedee-F, L50, F|100\/100\n|move|p1a: Kingambit|Protect|p1a: Kingambit\n|-singleturn|p1a: Kingambit|Protect\n|move|p1b: Hatterene|Dazzling Gleam|p2a: Dedenne|[spread] p2a,p2b\n|-damage|p2a: Dedenne|62\/100\n|-damage|p2b: Indeedee|73\/100\n|move|p2a: Dedenne|U-turn|p1a: Kingambit\n|-activate|p1a: Kingambit|move: Protect\n|\n|upkeep\n|turn|3\n|n| F3athers|f3athers\n|\n|t:|1683220387\n|move|p2b: Indeedee|Fake Out|p1b: Hatterene\n|-damage|p1b: Hatterene|91\/100\n|cant|p1b: Hatterene|flinch\n|move|p1a: Kingambit|Iron Head|p2a: Dedenne\n|-damage|p2a: Dedenne|0 fnt\n|faint|p2a: Dedenne\n|\n|-heal|p1b: Hatterene|97\/100|[from] item: Leftovers\n|upkeep\n|\n|t:|1683220396\n|switch|p2a: Gyarados|Gyarados, L50, M|100\/100\n|turn|4\n|\n|t:|1683220407\n|move|p2b: Indeedee|Follow Me|p2b: Indeedee\n|-singleturn|p2b: Indeedee|move: Follow Me\n|move|p1b: Hatterene|Dazzling Gleam|p2a: Gyarados|[spread] p2a,p2b\n|-damage|p2a: Gyarados|85\/100\n|-damage|p2b: Indeedee|49\/100\n|move|p1a: Kingambit|Iron Head|p2b: Indeedee\n|-damage|p2b: Indeedee|0 fnt\n|faint|p2b: Indeedee\n|move|p2a: Gyarados|Waterfall|p1a: Kingambit\n|-damage|p1a: Kingambit|0 fnt\n|faint|p1a: Kingambit\n|-ability|p2a: Gyarados|Moxie|boost\n|-boost|p2a: Gyarados|atk|1\n|\n|-heal|p1b: Hatterene|100\/100|[from] item: Leftovers\n|upkeep\n|\n|t:|1683220426\n|switch|p1a: Baxcalibur|Baxcalibur, L50, F|100\/100\n|switch|p2b: Iron Valiant|Iron Valiant, L50|100\/100\n|-activate|p2b: Iron Valiant|ability: Quark Drive\n|-start|p2b: Iron Valiant|quarkdrivespa\n|turn|5\n|c| jayballester|moxie gyarados is a threat\n|inactive|OMGPACHIMARI has 30 seconds left.\n|\n|t:|1683220453\n|-terastallize|p1a: Baxcalibur|Poison\n|move|p2b: Iron Valiant|Protect|p2b: Iron Valiant\n|-singleturn|p2b: Iron Valiant|Protect\n|move|p1b: Hatterene|Dazzling Gleam|p2a: Gyarados|[spread] p2a\n|-activate|p2b: Iron Valiant|move: Protect\n|-damage|p2a: Gyarados|70\/100\n|move|p2a: Gyarados|Bite|p1b: Hatterene\n|-damage|p1b: Hatterene|72\/100\n|move|p1a: Baxcalibur|Swords Dance|p1a: Baxcalibur\n|-boost|p1a: Baxcalibur|atk|2\n|\n|-heal|p1b: Hatterene|78\/100|[from] item: Leftovers\n|-fieldend|move: Trick Room\n|-fieldend|move: Electric Terrain\n|-end|p2b: Iron Valiant|Quark Drive\n|upkeep\n|turn|6\n|inactive|austinerzs has 30 seconds left.\n|inactive|OMGPACHIMARI has 30 seconds left.\n|c| Jstardude|DOUBLE SD???\n|c| F3athers|yup im still sad mattchu sniped gyra the pick before mine in the draft :(\n|\n|t:|1683220485\n|move|p1a: Baxcalibur|Protect|p1a: Baxcalibur\n|-singleturn|p1a: Baxcalibur|Protect\n|move|p2b: Iron Valiant|Thunderbolt|p1a: Baxcalibur\n|-activate|p1a: Baxcalibur|move: Protect\n|move|p2a: Gyarados|Waterfall|p1a: Baxcalibur\n|-activate|p1a: Baxcalibur|move: Protect\n|move|p1b: Hatterene|Trick Room|p1b: Hatterene\n|-fieldstart|move: Trick Room|[of] p1b: Hatterene\n|\n|-heal|p1b: Hatterene|84\/100|[from] item: Leftovers\n|upkeep\n|turn|7\n|c|\u2606OMGPACHIMARI|oh shit\n|c|\u2606OMGPACHIMARI|I got rolled\n|c| jayballester|damn raed like a book\n|\n|t:|1683220508\n|move|p2b: Iron Valiant|Protect|p2b: Iron Valiant\n|-singleturn|p2b: Iron Valiant|Protect\n|move|p1a: Baxcalibur|Ice Shard|p2b: Iron Valiant\n|-activate|p2b: Iron Valiant|move: Protect\n|move|p1b: Hatterene|Dazzling Gleam|p2b: Iron Valiant|[spread] p2a\n|-activate|p2b: Iron Valiant|move: Protect\n|-damage|p2a: Gyarados|52\/100\n|move|p2a: Gyarados|Waterfall|p1a: Baxcalibur\n|-damage|p1a: Baxcalibur|60\/100\n|\n|-heal|p1b: Hatterene|90\/100|[from] item: Leftovers\n|upkeep\n|turn|8\n|inactive|austinerzs has 30 seconds left.\n|inactive|OMGPACHIMARI has 30 seconds left.\n|\n|t:|1683220538\n|move|p1b: Hatterene|Protect|p1b: Hatterene\n|-singleturn|p1b: Hatterene|Protect\n|move|p1a: Baxcalibur|Ice Shard|p2b: Iron Valiant\n|-damage|p2b: Iron Valiant|40\/100\n|move|p2a: Gyarados|Bite|p1b: Hatterene\n|-activate|p1b: Hatterene|move: Protect\n|move|p2b: Iron Valiant|Thunderbolt|p1a: Baxcalibur\n|-damage|p1a: Baxcalibur|20\/100\n|\n|-heal|p1b: Hatterene|96\/100|[from] item: Leftovers\n|upkeep\n|turn|9\n|\n|t:|1683220553\n|move|p1a: Baxcalibur|Protect|p1a: Baxcalibur\n|-singleturn|p1a: Baxcalibur|Protect\n|move|p2b: Iron Valiant|Protect|p2b: Iron Valiant\n|-singleturn|p2b: Iron Valiant|Protect\n|move|p1b: Hatterene|Dazzling Gleam|p2a: Gyarados|[spread] p2a\n|-activate|p2b: Iron Valiant|move: Protect\n|-damage|p2a: Gyarados|37\/100\n|move|p2a: Gyarados|Waterfall|p1a: Baxcalibur\n|-activate|p1a: Baxcalibur|move: Protect\n|\n|-heal|p1b: Hatterene|100\/100|[from] item: Leftovers\n|upkeep\n|turn|10\n|\n|t:|1683220577\n|move|p2b: Iron Valiant|Protect||[still]\n|-fail|p2b: Iron Valiant\n|move|p1a: Baxcalibur|Ice Shard|p2a: Gyarados\n|-damage|p2a: Gyarados|0 fnt\n|faint|p2a: Gyarados\n|move|p1b: Hatterene|Dazzling Gleam|p2b: Iron Valiant\n|-supereffective|p2b: Iron Valiant\n|-damage|p2b: Iron Valiant|0 fnt\n|faint|p2b: Iron Valiant\n|-end|p2b: Iron Valiant|Quark Drive|[silent]\n|\n|win|austinerzs\n|c| jayballester|crazy\n|c|\u2606OMGPACHIMARI|gg\n|c|\u2606austinerzs|ggs\n|l| Jstardude\n|l| F3athers\n|c|\u2606austinerzs|sm1 post replay pls\n|l|\u2606austinerzs\n|c|\u2606OMGPACHIMARI|I will\n","uploadtime":1683220611,"views":17,"p1id":"austinerzs","p2id":"omgpachimari","formatid":"gen9vgc2023regulationc","rating":0,"private":0,"password":""}