{"id":"gen9vgc2023regulationc-1860829383","p1":"Livnlarge27","p2":"BlindMagneton","format":"[Gen 9] VGC 2023 Regulation C","log":"|j|\u2606Livnlarge27\n|j|\u2606BlindMagneton\n|t:|1683682975\n|gametype|doubles\n|player|p1|Livnlarge27|silver|1319\n|player|p2|BlindMagneton|wattson|1251\n|teamsize|p1|6\n|teamsize|p2|6\n|gen|9\n|tier|[Gen 9] VGC 2023 Regulation C\n|rated|\n|rule|Species Clause: Limit one of each Pok\u00e9mon\n|rule|Item Clause: Limit one of each item\n|clearpoke\n|poke|p1|Cyclizar, L50, F|\n|poke|p1|Baxcalibur, L50, F|\n|poke|p1|Flutter Mane, L50|\n|poke|p1|Clawitzer, L50, M|\n|poke|p1|Chi-Yu, L50|\n|poke|p1|Iron Jugulis, L50|\n|poke|p2|Iron Bundle, L50|\n|poke|p2|Sandy Shocks, L50|\n|poke|p2|Pelipper, L50, M|\n|poke|p2|Scizor, L50, F|\n|poke|p2|Magnezone, L50|\n|poke|p2|Azumarill, L50, F|\n|teampreview|4\n|inactive|Battle timer is ON: inactive players will automatically lose when time's up. (requested by Livnlarge27)\n|inactive|BlindMagneton has 60 seconds left.\n|inactive|BlindMagneton has 30 seconds left.\n|\n|t:|1683683067\n|start\n|switch|p1a: Cyclizar|Cyclizar, L50, F|100\/100\n|switch|p1b: Baxcalibur|Baxcalibur, L50, F|100\/100\n|switch|p2a: Iron Bundle|Iron Bundle, L50|100\/100\n|switch|p2b: Sandy Shocks|Sandy Shocks, L50|100\/100\n|-enditem|p2b: Sandy Shocks|Booster Energy\n|-activate|p2b: Sandy Shocks|ability: Protosynthesis|[fromitem]\n|-start|p2b: Sandy Shocks|protosynthesisspe\n|turn|1\n|inactive|Livnlarge27 has 30 seconds left.\n|\n|t:|1683683096\n|move|p2b: Sandy Shocks|Gravity|p2b: Sandy Shocks\n|-fieldstart|move: Gravity\n|move|p2a: Iron Bundle|Blizzard|p1a: Cyclizar|[spread] p1a,p1b\n|-supereffective|p1a: Cyclizar\n|-damage|p1a: Cyclizar|0 fnt\n|-damage|p1b: Baxcalibur|41\/100\n|faint|p1a: Cyclizar\n|move|p1b: Baxcalibur|Earthquake|p2a: Iron Bundle|[spread] p2a,p2b\n|-supereffective|p2b: Sandy Shocks\n|-damage|p2a: Iron Bundle|44\/100\n|-damage|p2b: Sandy Shocks|17\/100\n|\n|upkeep\n|\n|t:|1683683105\n|switch|p1a: Flutter Mane|Flutter Mane, L50|100\/100\n|turn|2\n|inactive|BlindMagneton has 30 seconds left.\n|\n|t:|1683683130\n|-end|p2b: Sandy Shocks|Protosynthesis|[silent]\n|switch|p2b: Pelipper|Pelipper, L50, M|100\/100\n|-weather|RainDance|[from] ability: Drizzle|[of] p2b: Pelipper\n|switch|p1b: Chi-Yu|Chi-Yu, L50|100\/100\n|-ability|p1b: Chi-Yu|Beads of Ruin\n|-terastallize|p1a: Flutter Mane|Fairy\n|move|p2a: Iron Bundle|Blizzard|p1a: Flutter Mane|[spread] p1a,p1b\n|-resisted|p1b: Chi-Yu\n|-damage|p1a: Flutter Mane|30\/100\n|-damage|p1b: Chi-Yu|67\/100\n|move|p1a: Flutter Mane|Dazzling Gleam|p2b: Pelipper|[spread] p2a,p2b\n|-damage|p2a: Iron Bundle|0 fnt\n|-enditem|p2b: Pelipper|Focus Sash\n|-damage|p2b: Pelipper|1\/100\n|faint|p2a: Iron Bundle\n|-end|p2a: Iron Bundle|Quark Drive|[silent]\n|\n|-weather|RainDance|[upkeep]\n|upkeep\n|\n|t:|1683683154\n|switch|p2a: Azumarill|Azumarill, L50, F|100\/100\n|turn|3\n|\n|t:|1683683169\n|-end|p1a: Flutter Mane|Protosynthesis|[silent]\n|switch|p1a: Baxcalibur|Baxcalibur, L50, F|41\/100\n|-terastallize|p2a: Azumarill|Water\n|move|p2b: Pelipper|Wide Guard|p2b: Pelipper\n|-singleturn|p2b: Pelipper|Wide Guard\n|move|p2a: Azumarill|Aqua Jet|p1b: Chi-Yu\n|-supereffective|p1b: Chi-Yu\n|-damage|p1b: Chi-Yu|0 fnt\n|faint|p1b: Chi-Yu\n|\n|-weather|RainDance|[upkeep]\n|upkeep\n|\n|t:|1683683178\n|switch|p1b: Flutter Mane|Flutter Mane, L50, tera:Fairy|30\/100\n|turn|4\n|inactive|BlindMagneton has 30 seconds left.\n|\n|t:|1683683208\n|move|p1a: Baxcalibur|Ice Shard|p2b: Pelipper\n|-damage|p2b: Pelipper|0 fnt\n|faint|p2b: Pelipper\n|move|p2a: Azumarill|Aqua Jet|p1b: Flutter Mane\n|-damage|p1b: Flutter Mane|0 fnt\n|faint|p1b: Flutter Mane\n|-end|p1b: Flutter Mane|Protosynthesis|[silent]\n|\n|-weather|RainDance|[upkeep]\n|upkeep\n|\n|t:|1683683215\n|switch|p2b: Sandy Shocks|Sandy Shocks, L50|17\/100\n|turn|5\n|\n|t:|1683683224\n|move|p1a: Baxcalibur|Ice Shard|p2b: Sandy Shocks\n|-supereffective|p2b: Sandy Shocks\n|-damage|p2b: Sandy Shocks|0 fnt\n|faint|p2b: Sandy Shocks\n|-end|p2b: Sandy Shocks|Protosynthesis|[silent]\n|move|p2a: Azumarill|Aqua Jet|p1a: Baxcalibur\n|-resisted|p1a: Baxcalibur\n|-damage|p1a: Baxcalibur|1\/100\n|\n|-weather|RainDance|[upkeep]\n|-fieldend|move: Gravity\n|upkeep\n|turn|6\n|\n|t:|1683683232\n|move|p1a: Baxcalibur|Ice Shard|p2a: Azumarill\n|-resisted|p2a: Azumarill\n|-damage|p2a: Azumarill|82\/100\n|move|p2a: Azumarill|Aqua Jet|p1a: Baxcalibur\n|-resisted|p1a: Baxcalibur\n|-damage|p1a: Baxcalibur|0 fnt\n|faint|p1a: Baxcalibur\n|\n|win|BlindMagneton\n|raw|Livnlarge27's rating: 1319 → 1295<\/strong> (-24 for losing)\n|raw|BlindMagneton's rating: 1251 → 1281<\/strong> (+30 for winning)\n|l|\u2606Livnlarge27\n","uploadtime":1683683241,"views":11,"p1id":"livnlarge27","p2id":"blindmagneton","formatid":"gen9vgc2023regulationc","rating":1281,"private":0,"password":""}