{"id":"gen9vgc2023regulationc-1858726815","p1":"StupidFlandrs48","p2":"ustillo","format":"[Gen 9] VGC 2023 Regulation C","log":"|j|\u2606StupidFlandrs48\n|j|\u2606ustillo\n|t:|1683349081\n|gametype|doubles\n|player|p1|StupidFlandrs48|101|1070\n|player|p2|ustillo|102|1034\n|teamsize|p1|6\n|teamsize|p2|6\n|gen|9\n|tier|[Gen 9] VGC 2023 Regulation C\n|rated|\n|rule|Species Clause: Limit one of each Pok\u00e9mon\n|rule|Item Clause: Limit one of each item\n|clearpoke\n|poke|p1|Abomasnow, L50, M|\n|poke|p1|Crabominable, L50, F|\n|poke|p1|Gothitelle, L50, F|\n|poke|p1|Toedscruel, L50, M|\n|poke|p1|Gholdengo, L50|\n|poke|p1|Rotom-Wash, L50|\n|poke|p2|Pelipper, L50, F|\n|poke|p2|Drednaw, L50, M|\n|poke|p2|Iron Bundle, L50|\n|poke|p2|Dondozo, L50, M|\n|poke|p2|Gastrodon, L50, F|\n|poke|p2|Tatsugiri, L50, M|\n|teampreview|4\n|\n|t:|1683349152\n|start\n|switch|p1a: Aboma BLAST|Abomasnow, L50, M, shiny|100\/100\n|switch|p1b: Michelle Aboma|Crabominable, L50, F|100\/100\n|switch|p2a: Pelipper|Pelipper, L50, F|100\/100\n|switch|p2b: Iron Bundle|Iron Bundle, L50|100\/100\n|-weather|RainDance|[from] ability: Drizzle|[of] p2a: Pelipper\n|-weather|Snow|[from] ability: Snow Warning|[of] p1a: Aboma BLAST\n|-enditem|p2b: Iron Bundle|Booster Energy\n|-activate|p2b: Iron Bundle|ability: Quark Drive|[fromitem]\n|-start|p2b: Iron Bundle|quarkdrivespe\n|turn|1\n|inactive|Battle timer is ON: inactive players will automatically lose when time's up. (requested by ustillo)\n|\n|t:|1683349182\n|-terastallize|p1b: Michelle Aboma|Electric\n|move|p2b: Iron Bundle|Protect|p2b: Iron Bundle\n|-singleturn|p2b: Iron Bundle|Protect\n|move|p2a: Pelipper|Hurricane|p1a: Aboma BLAST|[miss]\n|-miss|p2a: Pelipper|p1a: Aboma BLAST\n|move|p1a: Aboma BLAST|Aurora Veil|p1a: Aboma BLAST\n|-sidestart|p1: StupidFlandrs48|move: Aurora Veil\n|move|p1b: Michelle Aboma|Thunder Punch|p2b: Iron Bundle\n|-activate|p2b: Iron Bundle|move: Protect\n|\n|-weather|Snow|[upkeep]\n|upkeep\n|turn|2\n|inactive|StupidFlandrs48 has 30 seconds left.\n|inactive|StupidFlandrs48 has 20 seconds left.\n|inactive|StupidFlandrs48 has 15 seconds left.\n|\n|t:|1683349225\n|switch|p1a: Eater of the Rich|Gholdengo, L50|100\/100\n|-item|p1a: Eater of the Rich|Air Balloon\n|move|p2b: Iron Bundle|Freeze-Dry|p1a: Eater of the Rich\n|-resisted|p1a: Eater of the Rich\n|-damage|p1a: Eater of the Rich|88\/100\n|-enditem|p1a: Eater of the Rich|Air Balloon\n|move|p2a: Pelipper|Hurricane|p1a: Eater of the Rich\n|-resisted|p1a: Eater of the Rich\n|-damage|p1a: Eater of the Rich|73\/100\n|-start|p1a: Eater of the Rich|confusion\n|move|p1b: Michelle Aboma|Close Combat|p2b: Iron Bundle\n|-supereffective|p2b: Iron Bundle\n|-crit|p2b: Iron Bundle\n|-damage|p2b: Iron Bundle|0 fnt\n|-unboost|p1b: Michelle Aboma|def|1\n|-unboost|p1b: Michelle Aboma|spd|1\n|faint|p2b: Iron Bundle\n|-end|p2b: Iron Bundle|Quark Drive|[silent]\n|\n|-weather|Snow|[upkeep]\n|upkeep\n|\n|t:|1683349234\n|switch|p2b: Dondozo|Dondozo, L50, M|100\/100\n|turn|3\n|inactive|StupidFlandrs48 has 30 seconds left.\n|inactive|StupidFlandrs48 has 20 seconds left.\n|inactive|StupidFlandrs48 has 15 seconds left.\n|\n|t:|1683349275\n|switch|p2a: Tatsugiri|Tatsugiri, L50, M|100\/100\n|-activate|p2a: Tatsugiri|ability: Commander|[of] p2b: Dondozo\n|-boost|p2b: Dondozo|atk|2\n|-boost|p2b: Dondozo|spa|2\n|-boost|p2b: Dondozo|spe|2\n|-boost|p2b: Dondozo|def|2\n|-boost|p2b: Dondozo|spd|2\n|switch|p1a: Money Laundry|Rotom-Wash, L50|100\/100\n|-terastallize|p2b: Dondozo|Ground\n|move|p2b: Dondozo|Substitute|p2b: Dondozo\n|-start|p2b: Dondozo|Substitute\n|-damage|p2b: Dondozo|75\/100\n|move|p1b: Michelle Aboma|Thunder Punch|p2b: Dondozo\n|-immune|p2b: Dondozo\n|\n|-weather|Snow|[upkeep]\n|-heal|p2b: Dondozo|82\/100|[from] item: Leftovers\n|upkeep\n|turn|4\n|inactive|StupidFlandrs48 has 30 seconds left.\n|inactive|ustillo has 30 seconds left.\n|\n|t:|1683349308\n|move|p2b: Dondozo|Protect|p2b: Dondozo\n|-singleturn|p2b: Dondozo|Protect\n|move|p1a: Money Laundry|Hydro Pump|p2b: Dondozo\n|-activate|p2b: Dondozo|move: Protect\n|move|p1b: Michelle Aboma|Ice Hammer|p2b: Dondozo\n|-activate|p2b: Dondozo|move: Protect\n|\n|-weather|Snow|[upkeep]\n|-heal|p2b: Dondozo|88\/100|[from] item: Leftovers\n|upkeep\n|turn|5\n|\n|t:|1683349328\n|move|p2b: Dondozo|Earthquake|p1a: Money Laundry|[spread] p1b\n|-miss|p2b: Dondozo|p2a: Tatsugiri\n|-immune|p1a: Money Laundry|[from] ability: Levitate\n|-supereffective|p1b: Michelle Aboma\n|-crit|p1b: Michelle Aboma\n|-damage|p1b: Michelle Aboma|0 fnt\n|faint|p1b: Michelle Aboma\n|move|p1a: Money Laundry|Hydro Pump|p2b: Dondozo\n|-supereffective|p2b: Dondozo\n|-end|p2b: Dondozo|Substitute\n|\n|-weather|none\n|-heal|p2b: Dondozo|94\/100|[from] item: Leftovers\n|-sideend|p1: StupidFlandrs48|move: Aurora Veil\n|upkeep\n|\n|t:|1683349349\n|switch|p1b: Aboma BLAST|Abomasnow, L50, M, shiny|100\/100\n|-weather|Snow|[from] ability: Snow Warning|[of] p1b: Aboma BLAST\n|turn|6\n|\n|t:|1683349370\n|move|p1a: Money Laundry|Helping Hand|p1b: Aboma BLAST\n|-singleturn|p1b: Aboma BLAST|Helping Hand|[of] p1a: Money Laundry\n|move|p2b: Dondozo|Order Up|p1a: Money Laundry\n|-damage|p1a: Money Laundry|66\/100\n|-boost|p2b: Dondozo|atk|1\n|move|p1b: Aboma BLAST|Blizzard|p2a: Tatsugiri|[spread] p2b\n|-miss|p1b: Aboma BLAST|p2a: Tatsugiri\n|-supereffective|p2b: Dondozo\n|-damage|p2b: Dondozo|37\/100\n|\n|-weather|Snow|[upkeep]\n|-heal|p2b: Dondozo|43\/100|[from] item: Leftovers\n|upkeep\n|turn|7\n|inactive|StupidFlandrs48 has 30 seconds left.\n|\n|t:|1683349402\n|move|p2b: Dondozo|Protect|p2b: Dondozo\n|-singleturn|p2b: Dondozo|Protect\n|move|p1a: Money Laundry|Hydro Pump|p2b: Dondozo\n|-activate|p2b: Dondozo|move: Protect\n|move|p1b: Aboma BLAST|Aurora Veil|p1b: Aboma BLAST\n|-sidestart|p1: StupidFlandrs48|move: Aurora Veil\n|\n|-weather|Snow|[upkeep]\n|-heal|p2b: Dondozo|50\/100|[from] item: Leftovers\n|upkeep\n|turn|8\n|\n|t:|1683349417\n|move|p2b: Dondozo|Substitute|p2b: Dondozo\n|-start|p2b: Dondozo|Substitute\n|-damage|p2b: Dondozo|25\/100\n|move|p1a: Money Laundry|Hydro Pump|p2b: Dondozo\n|-supereffective|p2b: Dondozo\n|-end|p2b: Dondozo|Substitute\n|move|p1b: Aboma BLAST|Blizzard|p2b: Dondozo|[spread] p2b\n|-miss|p1b: Aboma BLAST|p2a: Tatsugiri\n|-supereffective|p2b: Dondozo\n|-damage|p2b: Dondozo|0 fnt\n|faint|p2b: Dondozo\n|\n|-weather|Snow|[upkeep]\n|upkeep\n|-message|ustillo forfeited.\n|\n|win|StupidFlandrs48\n|raw|StupidFlandrs48's rating: 1070 → 1096<\/strong> (+26 for winning)\n|raw|ustillo's rating: 1034 → 1020<\/strong> (-14 for losing)\n|l|\u2606ustillo\n","uploadtime":1683349432,"views":6,"p1id":"stupidflandrs48","p2id":"ustillo","formatid":"gen9vgc2023regulationc","rating":1020,"private":0,"password":""}