{"id":"gen9vgc2023regulationc-1849711503","p1":"b4d3","p2":"Picaro7","format":"[Gen 9] VGC 2023 Regulation C","log":"|j|\u2606b4d3\n|j|\u2606Picaro7\n|t:|1682237334\n|gametype|doubles\n|player|p1|b4d3|101|\n|player|p2|Picaro7|gambler|\n|teamsize|p1|6\n|teamsize|p2|6\n|gen|9\n|tier|[Gen 9] VGC 2023 Regulation C\n|rule|Species Clause: Limit one of each Pok\u00e9mon\n|rule|Item Clause: Limit one of each item\n|clearpoke\n|poke|p1|Murkrow, L50, M|\n|poke|p1|Meowscarada, L50, M|\n|poke|p1|Garchomp, L50, M|\n|poke|p1|Scizor, L50, F|\n|poke|p1|Corviknight, L50, M|\n|poke|p1|Rotom-Heat, L50|\n|poke|p2|Gyarados, L50, F|\n|poke|p2|Lucario, L50, M|\n|poke|p2|Tyranitar, L50, M|\n|poke|p2|Dragapult, L50, M|\n|poke|p2|Scream Tail, L50|\n|poke|p2|Murkrow, L50, M|\n|teampreview|4\n|\n|t:|1682237355\n|start\n|switch|p1a: Murkrow|Murkrow, L50, M, shiny|100\/100\n|switch|p1b: Meowscarada|Meowscarada, L50, M|100\/100\n|switch|p2a: Murkrow|Murkrow, L50, M|100\/100\n|switch|p2b: Tyranitar|Tyranitar, L50, M|100\/100\n|-ability|p2b: Tyranitar|Unnerve\n|turn|1\n|\n|t:|1682237397\n|switch|p2b: Scream Tail|Scream Tail, L50|100\/100\n|-enditem|p2b: Scream Tail|Booster Energy\n|-activate|p2b: Scream Tail|ability: Protosynthesis|[fromitem]\n|-start|p2b: Scream Tail|protosynthesisspe\n|move|p1a: Murkrow|Tailwind|p1a: Murkrow\n|-sidestart|p1: b4d3|move: Tailwind\n|move|p1b: Meowscarada|Play Rough|p2b: Scream Tail\n|-start|p1b: Meowscarada|typechange|Fairy|[from] ability: Protean\n|-damage|p2b: Scream Tail|51\/100\n|-damage|p1b: Meowscarada|91\/100|[from] item: Life Orb\n|move|p2a: Murkrow|Foul Play|p1b: Meowscarada\n|-resisted|p1b: Meowscarada\n|-damage|p1b: Meowscarada|54\/100\n|\n|upkeep\n|turn|2\n|\n|t:|1682237464\n|-terastallize|p2b: Scream Tail|Fairy\n|move|p1a: Murkrow|Taunt|p2b: Scream Tail\n|-start|p2b: Scream Tail|move: Taunt\n|move|p1b: Meowscarada|U-turn|p2a: Murkrow\n|-damage|p2a: Murkrow|72\/100\n|-damage|p1b: Meowscarada|45\/100|[from] item: Life Orb\n|\n|t:|1682237473\n|switch|p1b: Scizor|Scizor, L50, F, shiny|100\/100|[from] U-turn\n|move|p2b: Scream Tail|Dazzling Gleam|p1a: Murkrow|[spread] p1a,p1b\n|-supereffective|p1a: Murkrow\n|-resisted|p1b: Scizor\n|-damage|p1a: Murkrow|50\/100\n|-damage|p1b: Scizor|89\/100\n|move|p2a: Murkrow|Foul Play|p1b: Scizor\n|-damage|p1b: Scizor|36\/100\n|\n|upkeep\n|turn|3\n|\n|t:|1682237510\n|move|p1a: Murkrow|Protect|p1a: Murkrow\n|-singleturn|p1a: Murkrow|Protect\n|move|p1b: Scizor|Bullet Punch|p2b: Scream Tail\n|-supereffective|p2b: Scream Tail\n|-damage|p2b: Scream Tail|0 fnt\n|faint|p2b: Scream Tail\n|-end|p2b: Scream Tail|Protosynthesis|[silent]\n|move|p2a: Murkrow|Foul Play|p1b: Scizor\n|-crit|p1b: Scizor\n|-damage|p1b: Scizor|0 fnt\n|faint|p1b: Scizor\n|\n|upkeep\n|\n|t:|1682237535\n|switch|p2b: Dragapult|Dragapult, L50, M, shiny|100\/100\n|switch|p1b: Meowscarada|Meowscarada, L50, M|45\/100\n|turn|4\n|\n|t:|1682237554\n|switch|p1b: Garchomp|Garchomp, L50, M|100\/100\n|move|p2a: Murkrow|Tailwind|p2a: Murkrow\n|-sidestart|p2: Picaro7|move: Tailwind\n|move|p2b: Dragapult|U-turn|p1b: Garchomp\n|-damage|p1b: Garchomp|80\/100\n|-damage|p2b: Dragapult|88\/100|[from] ability: Rough Skin|[of] p1b: Garchomp\n|-damage|p2b: Dragapult|72\/100|[from] item: Rocky Helmet|[of] p1b: Garchomp\n|\n|t:|1682237563\n|switch|p2b: Tyranitar|Tyranitar, L50, M|100\/100|[from] U-turn\n|-ability|p2b: Tyranitar|Unnerve\n|move|p1a: Murkrow|Foul Play|p2b: Tyranitar\n|-resisted|p2b: Tyranitar\n|-damage|p2b: Tyranitar|78\/100\n|\n|-sideend|p1: b4d3|move: Tailwind\n|upkeep\n|turn|5\n|\n|t:|1682237600\n|move|p1a: Murkrow|Tailwind|p1a: Murkrow\n|-sidestart|p1: b4d3|move: Tailwind\n|move|p1b: Garchomp|Dragon Claw|p2a: Murkrow\n|-damage|p2a: Murkrow|32\/100\n|move|p2a: Murkrow|Foul Play|p1b: Garchomp\n|-damage|p1b: Garchomp|42\/100\n|-damage|p2a: Murkrow|20\/100|[from] ability: Rough Skin|[of] p1b: Garchomp\n|-damage|p2a: Murkrow|4\/100|[from] item: Rocky Helmet|[of] p1b: Garchomp\n|move|p2b: Tyranitar|Avalanche|p1b: Garchomp\n|-supereffective|p1b: Garchomp\n|-damage|p1b: Garchomp|0 fnt\n|-damage|p2b: Tyranitar|66\/100|[from] ability: Rough Skin|[of] p1b: Garchomp\n|-damage|p2b: Tyranitar|49\/100|[from] item: Rocky Helmet|[of] p1b: Garchomp\n|faint|p1b: Garchomp\n|\n|upkeep\n|\n|t:|1682237616\n|switch|p1b: Meowscarada|Meowscarada, L50, M|45\/100\n|turn|6\n|\n|t:|1682237650\n|move|p1b: Meowscarada|Play Rough|p2b: Tyranitar\n|-start|p1b: Meowscarada|typechange|Fairy|[from] ability: Protean\n|-supereffective|p2b: Tyranitar\n|-damage|p2b: Tyranitar|0 fnt\n|faint|p2b: Tyranitar\n|-damage|p1b: Meowscarada|35\/100|[from] item: Life Orb\n|move|p1a: Murkrow|Foul Play|p2a: Murkrow\n|-resisted|p2a: Murkrow\n|-damage|p2a: Murkrow|0 fnt\n|faint|p2a: Murkrow\n|\n|upkeep\n|\n|t:|1682237662\n|switch|p2a: Dragapult|Dragapult, L50, M, shiny|72\/100\n|turn|7\n|\n|t:|1682237703\n|move|p2a: Dragapult|Phantom Force||[still]\n|-prepare|p2a: Dragapult|Phantom Force\n|move|p1b: Meowscarada|Knock Off|p2a: Dragapult|[miss]\n|-miss|p1b: Meowscarada|p2a: Dragapult\n|move|p1a: Murkrow|Foul Play|p2a: Dragapult|[miss]\n|-miss|p1a: Murkrow|p2a: Dragapult\n|\n|-sideend|p2: Picaro7|move: Tailwind\n|upkeep\n|turn|8\n|\n|t:|1682237739\n|-terastallize|p1a: Murkrow|Dark\n|move|p1b: Meowscarada|Play Rough|p2a: Dragapult|[miss]\n|-miss|p1b: Meowscarada|p2a: Dragapult\n|move|p1a: Murkrow|Foul Play|p2a: Dragapult|[miss]\n|-miss|p1a: Murkrow|p2a: Dragapult\n|move|p2a: Dragapult|Phantom Force|p1b: Meowscarada|[from]lockedmove\n|-damage|p1b: Meowscarada|0 fnt\n|faint|p1b: Meowscarada\n|\n|-sideend|p1: b4d3|move: Tailwind\n|upkeep\n|turn|9\n|\n|t:|1682237792\n|move|p2a: Dragapult|Dragon Darts|p1a: Murkrow\n|-damage|p1a: Murkrow|23\/100\n|-anim|p2a: Dragapult|Dragon Darts|p1a: Murkrow\n|-damage|p1a: Murkrow|0 fnt\n|faint|p1a: Murkrow\n|\n|win|Picaro7\n|l|\u2606b4d3\n","uploadtime":1682237820,"views":17,"p1id":"b4d3","p2id":"picaro7","formatid":"gen9vgc2023regulationc","rating":0,"private":0,"password":""}