{"id":"gen9vgc2023regulationc-1862606190","p1":"Murairac","p2":"skuchi4","format":"[Gen 9] VGC 2023 Regulation C","log":"|j|\u2606Murairac\n|j|\u2606skuchi4\n|t:|1683904995\n|gametype|doubles\n|player|p1|Murairac|ethan|1214\n|player|p2|skuchi4|clair|1172\n|teamsize|p1|6\n|teamsize|p2|6\n|gen|9\n|tier|[Gen 9] VGC 2023 Regulation C\n|rated|\n|rule|Species Clause: Limit one of each Pok\u00e9mon\n|rule|Item Clause: Limit one of each item\n|clearpoke\n|poke|p1|Palafin, L50, M|\n|poke|p1|Flutter Mane, L50|\n|poke|p1|Arcanine, L50, F|\n|poke|p1|Ting-Lu, L50|\n|poke|p1|Amoonguss, L50, F|\n|poke|p1|Kingambit, L50, F|\n|poke|p2|Amoonguss, L50, M|\n|poke|p2|Arcanine, L50, M|\n|poke|p2|Palafin, L50, F|\n|poke|p2|Magnezone, L50|\n|poke|p2|Annihilape, L50, M|\n|poke|p2|Armarouge, L50, F|\n|teampreview|4\n|\n|t:|1683905063\n|start\n|switch|p1a: Kingambit|Kingambit, L50, F|100\/100\n|switch|p1b: Palafin|Palafin, L50, M|100\/100\n|switch|p2a: Palafin|Palafin, L50, F|100\/100\n|switch|p2b: Armarouge|Armarouge, L50, F|100\/100\n|turn|1\n|\n|t:|1683905095\n|detailschange|p2a: Palafin|Palafin-Hero, L50, F\n|switch|p2a: Magnezone|Magnezone, L50|100\/100\n|detailschange|p1b: Palafin|Palafin-Hero, L50, M\n|switch|p1b: Ting-Lu|Ting-Lu, L50|100\/100\n|-ability|p1b: Ting-Lu|Vessel of Ruin\n|move|p2b: Armarouge|Armor Cannon|p1a: Kingambit\n|-supereffective|p1a: Kingambit\n|-damage|p1a: Kingambit|0 fnt\n|-unboost|p2b: Armarouge|def|1\n|-unboost|p2b: Armarouge|spd|1\n|faint|p1a: Kingambit\n|\n|upkeep\n|\n|t:|1683905114\n|switch|p1a: Arcanine|Arcanine, L50, F|100\/100\n|-ability|p1a: Arcanine|Intimidate|boost\n|-unboost|p2a: Magnezone|atk|1\n|-unboost|p2b: Armarouge|atk|1\n|turn|2\n|\n|t:|1683905132\n|-terastallize|p2b: Armarouge|Grass\n|move|p2a: Magnezone|Protect|p2a: Magnezone\n|-singleturn|p2a: Magnezone|Protect\n|move|p1a: Arcanine|Flare Blitz|p2a: Magnezone\n|-activate|p2a: Magnezone|move: Protect\n|move|p2b: Armarouge|Energy Ball|p1b: Ting-Lu\n|-supereffective|p1b: Ting-Lu\n|-crit|p1b: Ting-Lu\n|-damage|p1b: Ting-Lu|46\/100\n|move|p1b: Ting-Lu|Stomping Tantrum|p2b: Armarouge\n|-resisted|p2b: Armarouge\n|-damage|p2b: Armarouge|74\/100\n|\n|upkeep\n|turn|3\n|\n|t:|1683905171\n|switch|p2a: Palafin|Palafin-Hero, L50, F|100\/100\n|-activate|p2a: Palafin|ability: Zero to Hero\n|move|p1a: Arcanine|Flare Blitz|p2b: Armarouge\n|-start|p2b: Armarouge|ability: Flash Fire\n|move|p2b: Armarouge|Energy Ball|p1b: Ting-Lu\n|-supereffective|p1b: Ting-Lu\n|-damage|p1b: Ting-Lu|7\/100\n|move|p1b: Ting-Lu|Ruination|p2a: Palafin\n|-damage|p2a: Palafin|50\/100\n|\n|upkeep\n|turn|4\n|\n|t:|1683905267\n|move|p1a: Arcanine|Extreme Speed|p2b: Armarouge\n|-damage|p2b: Armarouge|44\/100\n|move|p2a: Palafin|Wave Crash|p1a: Arcanine\n|-supereffective|p1a: Arcanine\n|-damage|p1a: Arcanine|0 fnt\n|faint|p1a: Arcanine\n|-damage|p2a: Palafin|14\/100|[from] Recoil\n|move|p2b: Armarouge|Energy Ball|p1b: Ting-Lu\n|-supereffective|p1b: Ting-Lu\n|-damage|p1b: Ting-Lu|0 fnt\n|faint|p1b: Ting-Lu\n|\n|upkeep\n|\n|t:|1683905280\n|switch|p1b: Palafin|Palafin-Hero, L50, M|100\/100\n|-activate|p1b: Palafin|ability: Zero to Hero\n|turn|5\n|\n|t:|1683905288\n|move|p2a: Palafin|Drain Punch|p1b: Palafin\n|-damage|p1b: Palafin|72\/100\n|-heal|p2a: Palafin|31\/100|[from] drain|[of] p1b: Palafin\n|move|p1b: Palafin|Wave Crash|p2b: Armarouge\n|-resisted|p2b: Armarouge\n|-damage|p2b: Armarouge|0 fnt\n|faint|p2b: Armarouge\n|-damage|p1b: Palafin|58\/100|[from] Recoil\n|\n|upkeep\n|\n|t:|1683905296\n|switch|p2b: Magnezone|Magnezone, L50|100\/100\n|turn|6\n|\n|t:|1683905300\n|move|p2a: Palafin|Drain Punch|p1b: Palafin\n|-damage|p1b: Palafin|32\/100\n|-heal|p2a: Palafin|46\/100|[from] drain|[of] p1b: Palafin\n|move|p1b: Palafin|Wave Crash|p2a: Palafin\n|-resisted|p2a: Palafin\n|-damage|p2a: Palafin|0 fnt\n|faint|p2a: Palafin\n|-damage|p1b: Palafin|20\/100|[from] Recoil\n|move|p2b: Magnezone|Thunderbolt|p1b: Palafin\n|-supereffective|p1b: Palafin\n|-damage|p1b: Palafin|0 fnt\n|faint|p1b: Palafin\n|\n|win|skuchi4\n|raw|Murairac's rating: 1214 → 1186<\/strong> (-28 for losing)\n|raw|skuchi4's rating: 1172 → 1200<\/strong> (+28 for winning)\n|l|\u2606Murairac\n","uploadtime":1683905317,"views":9,"p1id":"murairac","p2id":"skuchi4","formatid":"gen9vgc2023regulationc","rating":1186,"private":0,"password":""}