{"id":"gen9vgc2023regulationc-1846897953","p1":"thirion2003","p2":"zfbzcgb","format":"[Gen 9] VGC 2023 Regulation C","log":"|j|\u2606thirion2003\n|j|\u2606zfbzcgb\n|t:|1681897747\n|gametype|doubles\n|player|p1|thirion2003|170|1084\n|player|p2|zfbzcgb|170|1122\n|teamsize|p1|6\n|teamsize|p2|6\n|gen|9\n|tier|[Gen 9] VGC 2023 Regulation C\n|rated|\n|rule|Species Clause: Limit one of each Pok\u00e9mon\n|rule|Item Clause: Limit one of each item\n|clearpoke\n|poke|p1|Garganacl, L50, F|\n|poke|p1|Noivern, L50, M|\n|poke|p1|Azumarill, L50, F|\n|poke|p1|Annihilape, L50, M|\n|poke|p1|Gholdengo, L50|\n|poke|p1|Maushold-Four, L50|\n|poke|p2|Torkoal, L50, M|\n|poke|p2|Chi-Yu, L50|\n|poke|p2|Bronzong, L50|\n|poke|p2|Gastrodon, L50, M|\n|poke|p2|Grimmsnarl, L50, M|\n|poke|p2|Skeledirge, L50, F|\n|teampreview|4\n|inactive|Battle timer is ON: inactive players will automatically lose when time's up. (requested by zfbzcgb)\n|\n|t:|1681897788\n|start\n|switch|p1a: merquetenge|Garganacl, L50, F|100\/100\n|switch|p1b: oyeronElRempalago|Noivern, L50, M|100\/100\n|switch|p2a: Torkoal|Torkoal, L50, M|100\/100\n|switch|p2b: Grimmsnarl|Grimmsnarl, L50, M|100\/100\n|-weather|SunnyDay|[from] ability: Drought|[of] p2a: Torkoal\n|turn|1\n|inactive|thirion2003 has 30 seconds left.\n|\n|t:|1681897816\n|move|p2a: Torkoal|Protect|p2a: Torkoal\n|-singleturn|p2a: Torkoal|Protect\n|move|p1b: oyeronElRempalago|Tailwind|p1b: oyeronElRempalago\n|-sidestart|p1: thirion2003|move: Tailwind\n|move|p1a: merquetenge|Curse|p1a: merquetenge\n|-unboost|p1a: merquetenge|spe|1\n|-boost|p1a: merquetenge|atk|1\n|-boost|p1a: merquetenge|def|1\n|move|p2b: Grimmsnarl|Spirit Break|p1b: oyeronElRempalago\n|-supereffective|p1b: oyeronElRempalago\n|-damage|p1b: oyeronElRempalago|5\/100\n|-unboost|p1b: oyeronElRempalago|spa|1\n|\n|-weather|SunnyDay|[upkeep]\n|upkeep\n|turn|2\n|\n|t:|1681897834\n|switch|p1b: soy ese|Gholdengo, L50|100\/100\n|switch|p2a: Skeledirge|Skeledirge, L50, F|100\/100\n|move|p2b: Grimmsnarl|Sucker Punch||[still]\n|-fail|p2b: Grimmsnarl\n|move|p1a: merquetenge|Explosion|p2a: Skeledirge|[spread] p2b\n|-immune|p1b: soy ese\n|-immune|p2a: Skeledirge\n|-enditem|p1a: merquetenge|Normal Gem|[from] gem\n|-damage|p2b: Grimmsnarl|0 fnt\n|faint|p1a: merquetenge\n|faint|p2b: Grimmsnarl\n|\n|-weather|SunnyDay|[upkeep]\n|upkeep\n|\n|t:|1681897853\n|switch|p1a: oyeronElRempalago|Noivern, L50, M|5\/100\n|switch|p2b: Torkoal|Torkoal, L50, M|100\/100\n|turn|3\n|\n|t:|1681897864\n|move|p2a: Skeledirge|Protect|p2a: Skeledirge\n|-singleturn|p2a: Skeledirge|Protect\n|move|p2b: Torkoal|Protect|p2b: Torkoal\n|-singleturn|p2b: Torkoal|Protect\n|move|p1a: oyeronElRempalago|Draco Meteor|p2b: Torkoal\n|-activate|p2b: Torkoal|move: Protect\n|move|p1b: soy ese|Shadow Ball|p2a: Skeledirge\n|-activate|p2a: Skeledirge|move: Protect\n|\n|-weather|SunnyDay|[upkeep]\n|upkeep\n|turn|4\n|\n|t:|1681897879\n|switch|p2b: Gastrodon|Gastrodon, L50, M|100\/100\n|-terastallize|p2a: Skeledirge|Fairy\n|move|p1a: oyeronElRempalago|Draco Meteor|p2b: Gastrodon\n|-damage|p2b: Gastrodon|56\/100\n|-unboost|p1a: oyeronElRempalago|spa|2\n|move|p1b: soy ese|Shadow Ball|p2a: Skeledirge\n|-damage|p2a: Skeledirge|31\/100\n|move|p2a: Skeledirge|Torch Song|p1b: soy ese\n|-supereffective|p1b: soy ese\n|-damage|p1b: soy ese|0 fnt\n|-boost|p2a: Skeledirge|spa|1\n|faint|p1b: soy ese\n|\n|-weather|SunnyDay|[upkeep]\n|-heal|p2a: Skeledirge|37\/100|[from] item: Leftovers\n|-sideend|p1: thirion2003|move: Tailwind\n|upkeep\n|\n|t:|1681897885\n|switch|p1b: monk te pego|Annihilape, L50, M|100\/100\n|turn|5\n|inactive|thirion2003 has 30 seconds left.\n|\n|t:|1681897912\n|move|p1b: monk te pego|Rage Fist|p2a: Skeledirge\n|-damage|p2a: Skeledirge|19\/100\n|move|p1a: oyeronElRempalago|Draco Meteor|p2b: Gastrodon\n|-damage|p2b: Gastrodon|35\/100\n|-unboost|p1a: oyeronElRempalago|spa|2\n|move|p2a: Skeledirge|Encore|p1b: monk te pego\n|-start|p1b: monk te pego|Encore\n|move|p2b: Gastrodon|Sludge Bomb|p1a: oyeronElRempalago\n|-damage|p1a: oyeronElRempalago|0 fnt\n|faint|p1a: oyeronElRempalago\n|\n|-weather|none\n|-heal|p2a: Skeledirge|25\/100|[from] item: Leftovers\n|upkeep\n|turn|6\n|-message|thirion2003 forfeited.\n|\n|win|zfbzcgb\n|raw|thirion2003's rating: 1084 → 1064<\/strong> (-20 for losing)\n|raw|zfbzcgb's rating: 1122 → 1144<\/strong> (+22 for winning)\n|l|\u2606thirion2003\n","uploadtime":1681897926,"views":12,"p1id":"thirion2003","p2id":"zfbzcgb","formatid":"gen9vgc2023regulationc","rating":1064,"private":0,"password":""}