{"id":"gen9vgc2023regulationc-1855857639","p1":"dltme xqiht","p2":"768\u53f7\u6b66\u58ebmax","format":"[Gen 9] VGC 2023 Regulation C","log":"|j|\u2606dltme xqiht\n|j|\u2606768\u53f7\u6b66\u58ebmax\n|t:|1682992552\n|gametype|doubles\n|player|p1|dltme xqiht|diantha-masters|\n|player|p2|768\u53f7\u6b66\u58ebmax|guzma|\n|teamsize|p1|6\n|teamsize|p2|6\n|gen|9\n|tier|[Gen 9] VGC 2023 Regulation C\n|rule|Species Clause: Limit one of each Pok\u00e9mon\n|rule|Item Clause: Limit one of each item\n|clearpoke\n|poke|p1|Palafin, L50, F|\n|poke|p1|Chien-Pao, L50|\n|poke|p1|Dragapult, L50, M|\n|poke|p1|Amoonguss, L50, F|\n|poke|p1|Arcanine, L50, F|\n|poke|p1|Flutter Mane, L50|\n|poke|p2|Tyranitar, L50, M|\n|poke|p2|Lycanroc, L50, M|\n|poke|p2|Indeedee-F, L50, F|\n|poke|p2|Ting-Lu, L50|\n|poke|p2|Annihilape, L50, M|\n|poke|p2|Flutter Mane, L50|\n|teampreview|4\ndltme xqiht has agreed to open team sheets.\n768\u53f7\u6b66\u58ebmax has agreed to open team sheets.\n|\n|t:|1682992588\n|start\n|switch|p1a: Dozo|Palafin, L50, F|100\/100\n|switch|p1b: Bundle|Chien-Pao, L50|100\/100\n|switch|p2a: Flutter Mane|Flutter Mane, L50, shiny|100\/100\n|switch|p2b: Indeedee|Indeedee-F, L50, F, shiny|100\/100\n|-ability|p1b: Bundle|Sword of Ruin\n|-fieldstart|move: Psychic Terrain|[from] ability: Psychic Surge|[of] p2b: Indeedee\n|-enditem|p2a: Flutter Mane|Booster Energy\n|-activate|p2a: Flutter Mane|ability: Protosynthesis|[fromitem]\n|-start|p2a: Flutter Mane|protosynthesisspe\n|turn|1\n|\n|t:|1682992647\n|detailschange|p1a: Dozo|Palafin-Hero, L50, F\n|switch|p1a: WoChien|Amoonguss, L50, F|100\/100\n|-terastallize|p2a: Flutter Mane|Fairy\n|move|p2b: Indeedee|Follow Me|p2b: Indeedee\n|-singleturn|p2b: Indeedee|move: Follow Me\n|move|p2a: Flutter Mane|Dazzling Gleam|p1b: Bundle|[spread] p1a,p1b\n|-resisted|p1a: WoChien\n|-supereffective|p1b: Bundle\n|-damage|p1a: WoChien|85\/100\n|-enditem|p1b: Bundle|Focus Sash\n|-damage|p1b: Bundle|1\/100\n|move|p1b: Bundle|Ice Spinner|p2b: Indeedee\n|-damage|p2b: Indeedee|42\/100\n|-fieldend|move: Psychic Terrain\n|\n|upkeep\n|turn|2\n|\n|t:|1682992668\n|switch|p1a: Dozo|Palafin-Hero, L50, F|100\/100\n|-activate|p1a: Dozo|ability: Zero to Hero\n|move|p1b: Bundle|Protect|p1b: Bundle\n|-singleturn|p1b: Bundle|Protect\n|move|p2b: Indeedee|Follow Me|p2b: Indeedee\n|-singleturn|p2b: Indeedee|move: Follow Me\n|move|p2a: Flutter Mane|Dazzling Gleam|p1b: Bundle|[spread] p1a\n|-activate|p1b: Bundle|move: Protect\n|-damage|p1a: Dozo|56\/100\n|\n|upkeep\n|turn|3\n|\n|t:|1682992686\n|switch|p1b: WoChien|Amoonguss, L50, F|100\/100\n|switch|p2b: Tyranitar|Tyranitar, L50, M, shiny|100\/100\n|-weather|Sandstorm|[from] ability: Sand Stream|[of] p2b: Tyranitar\n|move|p2a: Flutter Mane|Protect|p2a: Flutter Mane\n|-singleturn|p2a: Flutter Mane|Protect\n|move|p1a: Dozo|Jet Punch|p2b: Tyranitar\n|-supereffective|p2b: Tyranitar\n|-damage|p2b: Tyranitar|17\/100\n|\n|-weather|Sandstorm|[upkeep]\n|-damage|p2a: Flutter Mane|95\/100|[from] Sandstorm\n|-damage|p1a: Dozo|50\/100|[from] Sandstorm\n|-damage|p1b: WoChien|95\/100|[from] Sandstorm\n|upkeep\n|turn|4\n|\n|t:|1682992706\n|-end|p2a: Flutter Mane|Protosynthesis|[silent]\n|switch|p2a: Indeedee|Indeedee-F, L50, F, shiny|42\/100\n|-fieldstart|move: Psychic Terrain|[from] ability: Psychic Surge|[of] p2a: Indeedee\n|move|p1a: Dozo|Protect|p1a: Dozo\n|-singleturn|p1a: Dozo|Protect\n|move|p2b: Tyranitar|Rock Slide|p1b: WoChien|[spread] p1b\n|-activate|p1a: Dozo|move: Protect\n|-damage|p1b: WoChien|55\/100\n|cant|p1b: WoChien|flinch\n|\n|-weather|Sandstorm|[upkeep]\n|-damage|p1a: Dozo|45\/100|[from] Sandstorm\n|-damage|p1b: WoChien|49\/100|[from] Sandstorm\n|-enditem|p1b: WoChien|Sitrus Berry|[eat]\n|-heal|p1b: WoChien|74\/100|[from] item: Sitrus Berry\n|upkeep\n|turn|5\n|c|\u2606dltme xqiht|nm\u2026\u2026\n|\n|t:|1682992733\n|move|p2a: Indeedee|Follow Me|p2a: Indeedee\n|-singleturn|p2a: Indeedee|move: Follow Me\n|move|p1a: Dozo|Wave Crash|p2a: Indeedee\n|-damage|p2a: Indeedee|0 fnt\n|faint|p2a: Indeedee\n|-damage|p1a: Dozo|33\/100|[from] Recoil\n|move|p2b: Tyranitar|Rock Slide|p1a: Dozo|[spread] p1a,p1b\n|-damage|p1a: Dozo|0 fnt\n|-damage|p1b: WoChien|34\/100\n|faint|p1a: Dozo\n|move|p1b: WoChien|Pollen Puff|p2b: Tyranitar\n|-supereffective|p2b: Tyranitar\n|-damage|p2b: Tyranitar|0 fnt\n|faint|p2b: Tyranitar\n|\n|-weather|Sandstorm|[upkeep]\n|-damage|p1b: WoChien|28\/100|[from] Sandstorm\n|upkeep\n|\n|t:|1682992753\n|switch|p1a: Dnite|Dragapult, L50, M|100\/100\n|switch|p2a: Flutter Mane|Flutter Mane, L50, shiny, tera:Fairy|95\/100\n|switch|p2b: Lycanroc|Lycanroc, L50, M|100\/100\n|turn|6\n|\n|t:|1682992761\n|-terastallize|p1a: Dnite|Steel\n|move|p2b: Lycanroc|Rock Slide|p1b: WoChien|[spread] p1a,p1b\n|-resisted|p1a: Dnite\n|-damage|p1a: Dnite|81\/100\n|-damage|p1b: WoChien|3\/100\n|move|p1a: Dnite|Tera Blast|p2a: Flutter Mane\n|-supereffective|p2a: Flutter Mane\n|-damage|p2a: Flutter Mane|0 fnt\n|faint|p2a: Flutter Mane\n|-end|p2a: Flutter Mane|Protosynthesis|[silent]\n|move|p1b: WoChien|Spore|p2b: Lycanroc\n|-status|p2b: Lycanroc|slp|[from] move: Spore\n|\n|-weather|Sandstorm|[upkeep]\n|-damage|p1b: WoChien|0 fnt|[from] Sandstorm\n|faint|p1b: WoChien\n|upkeep\n|\n|t:|1682992771\n|switch|p1b: Bundle|Chien-Pao, L50|1\/100\n|-ability|p1b: Bundle|Sword of Ruin\n|turn|7\n|\n|t:|1682992778\n|cant|p2b: Lycanroc|slp\n|move|p1a: Dnite|Tera Blast|p2b: Lycanroc\n|-supereffective|p2b: Lycanroc\n|-enditem|p2b: Lycanroc|Focus Sash\n|-damage|p2b: Lycanroc|1\/100 slp\n|move|p1b: Bundle|Sacred Sword|p2b: Lycanroc\n|-supereffective|p2b: Lycanroc\n|-damage|p2b: Lycanroc|0 fnt\n|faint|p2b: Lycanroc\n|\n|win|dltme xqiht\n|c|\u2606dltme xqiht|gg\n","uploadtime":1682992785,"views":13,"p1id":"dltmexqiht","p2id":"768max","formatid":"gen9vgc2023regulationc","rating":0,"private":0,"password":""}