{"id":"gen9vgc2023regulationc-1855341875","p1":"Hinokami Ascension","p2":"Blamantyrytyryhvjh","format":"[Gen 9] VGC 2023 Regulation C","log":"|j|\u2606Hinokami Ascension\n|j|\u2606Blamantyrytyryhvjh\n|t:|1682940134\n|gametype|doubles\n|player|p1|Hinokami Ascension|hilbert-wonderlauncher|1000\n|player|p2|Blamantyrytyryhvjh|2|1000\n|teamsize|p1|6\n|teamsize|p2|6\n|gen|9\n|tier|[Gen 9] VGC 2023 Regulation C\n|rated|\n|rule|Species Clause: Limit one of each Pok\u00e9mon\n|rule|Item Clause: Limit one of each item\n|clearpoke\n|poke|p1|Talonflame, L50, F|\n|poke|p1|Iron Bundle, L50|\n|poke|p1|Torkoal, L50, F|\n|poke|p1|Flutter Mane, L50|\n|poke|p1|Great Tusk, L50|\n|poke|p1|Chi-Yu, L50|\n|poke|p2|Grafaiai, L50, F|\n|poke|p2|Grimmsnarl, L50, M|\n|poke|p2|Iron Bundle, L50|\n|poke|p2|Armarouge, L50, M|\n|poke|p2|Indeedee-F, L50, F|\n|poke|p2|Great Tusk, L50|\n|teampreview|4\n|inactive|Battle timer is ON: inactive players will automatically lose when time's up. (requested by Blamantyrytyryhvjh)\n|inactive|Hinokami Ascension has 60 seconds left.\n|\n|t:|1682940174\n|start\n|switch|p1a: Shinobu|Flutter Mane, L50, shiny|100\/100\n|switch|p1b: Rengoku|Chi-Yu, L50|100\/100\n|switch|p2a: Grafaiai|Grafaiai, L50, F|100\/100\n|switch|p2b: Grimmsnarl|Grimmsnarl, L50, M|100\/100\n|-ability|p1b: Rengoku|Beads of Ruin\n|turn|1\n|\n|t:|1682940195\n|-terastallize|p2a: Grafaiai|Fighting\n|move|p2b: Grimmsnarl|Swagger|p1a: Shinobu|[miss]\n|-miss|p2b: Grimmsnarl|p1a: Shinobu\n|move|p1a: Shinobu|Moonblast|p2b: Grimmsnarl\n|-supereffective|p2b: Grimmsnarl\n|-damage|p2b: Grimmsnarl|0 fnt\n|faint|p2b: Grimmsnarl\n|move|p1b: Rengoku|Dark Pulse|p2a: Grafaiai\n|-resisted|p2a: Grafaiai\n|-damage|p2a: Grafaiai|42\/100\n|-damage|p1b: Rengoku|90\/100|[from] item: Life Orb\n|move|p2a: Grafaiai|Tera Blast|p1b: Rengoku\n|-supereffective|p1b: Rengoku\n|-damage|p1b: Rengoku|0 fnt\n|faint|p1b: Rengoku\n|\n|upkeep\n|inactive|Blamantyrytyryhvjh has 30 seconds left.\n|inactive|Blamantyrytyryhvjh has 20 seconds left.\n|\n|t:|1682940233\n|switch|p1b: Tomioka|Iron Bundle, L50, shiny|100\/100\n|switch|p2b: Iron Bundle|Iron Bundle, L50|100\/100\n|-enditem|p2b: Iron Bundle|Booster Energy\n|-activate|p2b: Iron Bundle|ability: Quark Drive|[fromitem]\n|-start|p2b: Iron Bundle|quarkdrivespe\n|-enditem|p1b: Tomioka|Booster Energy\n|-activate|p1b: Tomioka|ability: Quark Drive|[fromitem]\n|-start|p1b: Tomioka|quarkdrivespe\n|turn|2\n|\n|t:|1682940253\n|move|p2a: Grafaiai|Protect|p2a: Grafaiai\n|-singleturn|p2a: Grafaiai|Protect\n|move|p1b: Tomioka|Icy Wind|p2b: Iron Bundle|[spread] p2b\n|-activate|p2a: Grafaiai|move: Protect\n|-resisted|p2b: Iron Bundle\n|-damage|p2b: Iron Bundle|91\/100\n|-unboost|p2b: Iron Bundle|spe|1\n|move|p2b: Iron Bundle|Hydro Pump|p1a: Shinobu\n|-damage|p1a: Shinobu|47\/100\n|move|p1a: Shinobu|Moonblast|p2a: Grafaiai\n|-activate|p2a: Grafaiai|move: Protect\n|\n|upkeep\n|turn|3\n|\n|t:|1682940276\n|move|p1b: Tomioka|Icy Wind|p2a: Grafaiai|[spread] p2a,p2b\n|-resisted|p2b: Iron Bundle\n|-damage|p2a: Grafaiai|11\/100\n|-damage|p2b: Iron Bundle|81\/100\n|-unboost|p2a: Grafaiai|spe|1\n|-unboost|p2b: Iron Bundle|spe|1\n|move|p1a: Shinobu|Moonblast|p2b: Iron Bundle\n|-damage|p2b: Iron Bundle|0 fnt\n|faint|p2b: Iron Bundle\n|-end|p2b: Iron Bundle|Quark Drive|[silent]\n|move|p2a: Grafaiai|Tera Blast|p1b: Tomioka\n|-supereffective|p1b: Tomioka\n|-damage|p1b: Tomioka|21\/100\n|\n|upkeep\n|\n|t:|1682940287\n|switch|p2b: Great Tusk|Great Tusk, L50|100\/100\n|turn|4\n|\n|t:|1682940296\n|move|p2a: Grafaiai|Protect|p2a: Grafaiai\n|-singleturn|p2a: Grafaiai|Protect\n|move|p1b: Tomioka|Icy Wind|p2a: Grafaiai|[spread] p2b\n|-activate|p2a: Grafaiai|move: Protect\n|-supereffective|p2b: Great Tusk\n|-damage|p2b: Great Tusk|59\/100\n|-unboost|p2b: Great Tusk|spe|1\n|move|p1a: Shinobu|Moonblast|p2b: Great Tusk\n|-supereffective|p2b: Great Tusk\n|-crit|p2b: Great Tusk\n|-damage|p2b: Great Tusk|0 fnt\n|faint|p2b: Great Tusk\n|-end|p2b: Great Tusk|Protosynthesis|[silent]\n|\n|upkeep\n|turn|5\n|-message|Blamantyrytyryhvjh forfeited.\n|\n|win|Hinokami Ascension\n|raw|Hinokami Ascension's rating: 1000 → 1040<\/strong> (+40 for winning)\n|raw|Blamantyrytyryhvjh's rating: 1000 → 1000<\/strong> (+0 for losing)\n|l|\u2606Blamantyrytyryhvjh\n|n|\u2606Hinokami Ascension|hinokamiascension\n","uploadtime":1682940608,"views":21,"p1id":"hinokamiascension","p2id":"blamantyrytyryhvjh","formatid":"gen9vgc2023regulationc","rating":1000,"private":0,"password":""}