{"id":"gen9vgc2023regulationc-1847153149","p1":"Jero 14","p2":"haha u rage quit","format":"[Gen 9] VGC 2023 Regulation C","log":"|j|\u2606Jero 14\n|j|\u2606haha u rage quit\n|t:|1681923420\n|gametype|doubles\n|player|p1|Jero 14|alder|1148\n|player|p2|haha u rage quit|pokemaniac|1225\n|teamsize|p1|6\n|teamsize|p2|6\n|gen|9\n|tier|[Gen 9] VGC 2023 Regulation C\n|rated|\n|rule|Species Clause: Limit one of each Pok\u00e9mon\n|rule|Item Clause: Limit one of each item\n|clearpoke\n|poke|p1|Annihilape, L50, M|\n|poke|p1|Maushold-Four, L50|\n|poke|p1|Ting-Lu, L50|\n|poke|p1|Roaring Moon, L50|\n|poke|p1|Arcanine, L50, F|\n|poke|p1|Sylveon, L50, M|\n|poke|p2|Garganacl, L50, M|\n|poke|p2|Wo-Chien, L50|\n|poke|p2|Amoonguss, L50, M|\n|poke|p2|Ting-Lu, L50|\n|poke|p2|Dondozo, L50, M|\n|poke|p2|Arcanine, L50, M|\n|teampreview|4\n|inactive|Battle timer is ON: inactive players will automatically lose when time's up. (requested by Jero 14)\n|inactive|haha u rage quit has 60 seconds left.\n|\n|t:|1681923459\n|start\n|switch|p1a: Annihilape|Annihilape, L50, M|100\/100\n|switch|p1b: Maushold|Maushold-Four, L50|100\/100\n|switch|p2a: Dondozo|Dondozo, L50, M|100\/100\n|switch|p2b: Amoonguss|Amoonguss, L50, M|100\/100\n|turn|1\n|inactive|Jero 14 has 30 seconds left.\n|\n|t:|1681923487\n|move|p1b: Maushold|Protect|p1b: Maushold\n|-singleturn|p1b: Maushold|Protect\n|move|p1a: Annihilape|Protect|p1a: Annihilape\n|-singleturn|p1a: Annihilape|Protect\n|move|p2a: Dondozo|Fissure|p1a: Annihilape\n|-activate|p1a: Annihilape|move: Protect\n|move|p2b: Amoonguss|Spore|p1a: Annihilape\n|-activate|p1a: Annihilape|move: Protect\n|\n|upkeep\n|turn|2\n|inactive|Jero 14 has 30 seconds left.\n|inactive|haha u rage quit has 30 seconds left.\n|inactive|Jero 14 has 20 seconds left.\n|inactive|Jero 14 has 15 seconds left.\n|\n|t:|1681923529\n|move|p1b: Maushold|Taunt|p2b: Amoonguss\n|-start|p2b: Amoonguss|move: Taunt\n|move|p1a: Annihilape|Bulk Up|p1a: Annihilape\n|-boost|p1a: Annihilape|atk|1\n|-boost|p1a: Annihilape|def|1\n|move|p2a: Dondozo|Yawn|p1b: Maushold\n|-start|p1b: Maushold|move: Yawn|[of] p2a: Dondozo\n|move|p2b: Amoonguss|Pollen Puff|p2a: Dondozo\n|-immune|p2a: Dondozo\n|\n|upkeep\n|turn|3\n|\n|t:|1681923551\n|move|p1b: Maushold|Beat Up|p1a: Annihilape\n|-damage|p1a: Annihilape|99\/100\n|-damage|p1a: Annihilape|98\/100\n|-damage|p1a: Annihilape|97\/100\n|-damage|p1a: Annihilape|95\/100\n|-hitcount|p1a: Annihilape|4\n|move|p1a: Annihilape|Rage Fist|p2a: Dondozo\n|-damage|p2a: Dondozo|36\/100\n|move|p2a: Dondozo|Fissure|p1a: Annihilape|[miss]\n|-miss|p2a: Dondozo|p1a: Annihilape\n|move|p2b: Amoonguss|Pollen Puff|p2a: Dondozo\n|-heal|p2a: Dondozo|86\/100\n|\n|-heal|p1a: Annihilape|100\/100|[from] item: Leftovers\n|-end|p1b: Maushold|move: Yawn|[silent]\n|-status|p1b: Maushold|slp\n|upkeep\n|turn|4\n|inactive|haha u rage quit has 30 seconds left.\n|\n|t:|1681923577\n|cant|p1b: Maushold|slp\n|move|p1a: Annihilape|Rage Fist|p2a: Dondozo\n|-damage|p2a: Dondozo|20\/100\n|-enditem|p2a: Dondozo|Aguav Berry|[eat]\n|-heal|p2a: Dondozo|53\/100|[from] item: Aguav Berry\n|move|p2a: Dondozo|Fissure|p1a: Annihilape\n|-damage|p1a: Annihilape|0 fnt\n|faint|p1a: Annihilape\n|-ohko\n|move|p2b: Amoonguss|Pollen Puff|p2a: Dondozo\n|-heal|p2a: Dondozo|100\/100\n|\n|-end|p2b: Amoonguss|move: Taunt\n|upkeep\n|\n|t:|1681923598\n|switch|p1a: Roaring Moon|Roaring Moon, L50|100\/100\n|-enditem|p1a: Roaring Moon|Booster Energy\n|-activate|p1a: Roaring Moon|ability: Protosynthesis|[fromitem]\n|-start|p1a: Roaring Moon|protosynthesisatk\n|turn|5\n|\n|t:|1681923609\n|-terastallize|p1a: Roaring Moon|Flying\n|move|p2b: Amoonguss|Protect|p2b: Amoonguss\n|-singleturn|p2b: Amoonguss|Protect\n|move|p1a: Roaring Moon|Acrobatics|p2a: Dondozo\n|-damage|p2a: Dondozo|55\/100\n|cant|p1b: Maushold|slp\n|move|p2a: Dondozo|Yawn|p1a: Roaring Moon\n|-start|p1a: Roaring Moon|move: Yawn|[of] p2a: Dondozo\n|\n|upkeep\n|turn|6\n|\n|t:|1681923631\n|-terastallize|p2b: Amoonguss|Water\n|move|p1a: Roaring Moon|Dragon Rush|p2a: Dondozo\n|-damage|p2a: Dondozo|10\/100\n|-curestatus|p1b: Maushold|slp|[msg]\n|move|p1b: Maushold|Taunt|p2b: Amoonguss\n|-start|p2b: Amoonguss|move: Taunt\n|move|p2a: Dondozo|Fissure|p1a: Roaring Moon\n|-immune|p1a: Roaring Moon\n|move|p2b: Amoonguss|Pollen Puff|p2a: Dondozo\n|-heal|p2a: Dondozo|60\/100\n|\n|-damage|p2b: Amoonguss|88\/100|[from] item: Black Sludge\n|-end|p1a: Roaring Moon|move: Yawn|[silent]\n|-status|p1a: Roaring Moon|slp\n|upkeep\n|turn|7\n|inactive|Jero 14 has 30 seconds left.\n|\n|t:|1681923666\n|cant|p1a: Roaring Moon|slp\n|move|p1b: Maushold|Beat Up|p2b: Amoonguss\n|-damage|p2b: Amoonguss|86\/100\n|-damage|p2b: Amoonguss|84\/100\n|-hitcount|p2b: Amoonguss|2\n|move|p2a: Dondozo|Fissure|p1b: Maushold|[miss]\n|-miss|p2a: Dondozo|p1b: Maushold\n|move|p2b: Amoonguss|Pollen Puff|p2a: Dondozo\n|-heal|p2a: Dondozo|100\/100\n|\n|-damage|p2b: Amoonguss|71\/100|[from] item: Black Sludge\n|upkeep\n|turn|8\n|\n|t:|1681923684\n|switch|p2a: Arcanine|Arcanine, L50, M|100\/100\n|-ability|p2a: Arcanine|Intimidate|boost\n|-unboost|p1a: Roaring Moon|atk|1\n|-unboost|p1b: Maushold|atk|1\n|-curestatus|p1a: Roaring Moon|slp|[msg]\n|move|p1a: Roaring Moon|Acrobatics|p2a: Arcanine\n|-damage|p2a: Arcanine|41\/100\n|move|p1b: Maushold|Beat Up|p2a: Arcanine\n|-damage|p2a: Arcanine|38\/100\n|-damage|p2a: Arcanine|37\/100\n|-damage|p2a: Arcanine|34\/100\n|-hitcount|p2a: Arcanine|3\n|move|p2b: Amoonguss|Pollen Puff|p2a: Arcanine\n|-heal|p2a: Arcanine|84\/100\n|\n|-damage|p2b: Amoonguss|59\/100|[from] item: Black Sludge\n|-end|p2b: Amoonguss|move: Taunt\n|upkeep\n|turn|9\n|\n|t:|1681923707\n|switch|p2a: Garganacl|Garganacl, L50, M|100\/100\n|move|p1a: Roaring Moon|Acrobatics|p2a: Garganacl\n|-resisted|p2a: Garganacl\n|-damage|p2a: Garganacl|83\/100\n|move|p1b: Maushold|Taunt|p2b: Amoonguss\n|-start|p2b: Amoonguss|move: Taunt\n|cant|p2b: Amoonguss|move: Taunt|Spore\n|\n|-heal|p2a: Garganacl|89\/100|[from] item: Leftovers\n|-damage|p2b: Amoonguss|47\/100|[from] item: Black Sludge\n|upkeep\n|turn|10\n|\n|t:|1681923727\n|switch|p2b: Arcanine|Arcanine, L50, M|84\/100\n|-ability|p2b: Arcanine|Intimidate|boost\n|-unboost|p1a: Roaring Moon|atk|1\n|-unboost|p1b: Maushold|atk|1\n|move|p1b: Maushold|Follow Me|p1b: Maushold\n|-singleturn|p1b: Maushold|move: Follow Me\n|move|p1a: Roaring Moon|Dragon Rush|p2a: Garganacl\n|-damage|p2a: Garganacl|64\/100\n|move|p2a: Garganacl|Salt Cure|p1b: Maushold\n|-damage|p1b: Maushold|81\/100\n|-start|p1b: Maushold|Salt Cure\n|\n|-heal|p2a: Garganacl|70\/100|[from] item: Leftovers\n|-damage|p1b: Maushold|68\/100|[from] Salt Cure\n|upkeep\n|turn|11\n|\n|t:|1681923751\n|-end|p1a: Roaring Moon|Protosynthesis|[silent]\n|switch|p1a: Ting-Lu|Ting-Lu, L50|100\/100\n|-ability|p1a: Ting-Lu|Vessel of Ruin\n|switch|p2b: Amoonguss|Amoonguss, L50, M, tera:Water|80\/100\n|move|p1b: Maushold|Taunt|p2b: Amoonguss\n|-start|p2b: Amoonguss|move: Taunt\n|move|p2a: Garganacl|Salt Cure|p1a: Ting-Lu\n|-resisted|p1a: Ting-Lu\n|-damage|p1a: Ting-Lu|98\/100\n|-start|p1a: Ting-Lu|Salt Cure\n|\n|-heal|p2a: Garganacl|76\/100|[from] item: Leftovers\n|-damage|p2b: Amoonguss|68\/100|[from] item: Black Sludge\n|-damage|p1b: Maushold|56\/100|[from] Salt Cure\n|-damage|p1a: Ting-Lu|86\/100|[from] Salt Cure\n|upkeep\n|turn|12\n|inactive|Jero 14 has 30 seconds left.\n|inactive|haha u rage quit has 30 seconds left.\n|\n|t:|1681923781\n|switch|p2b: Dondozo|Dondozo, L50, M|100\/100\n|move|p2a: Garganacl|Protect|p2a: Garganacl\n|-singleturn|p2a: Garganacl|Protect\n|move|p1b: Maushold|Follow Me|p1b: Maushold\n|-singleturn|p1b: Maushold|move: Follow Me\n|move|p1a: Ting-Lu|Heavy Slam|p2a: Garganacl\n|-activate|p2a: Garganacl|move: Protect\n|\n|-heal|p2a: Garganacl|82\/100|[from] item: Leftovers\n|-damage|p1b: Maushold|44\/100|[from] Salt Cure\n|-damage|p1a: Ting-Lu|73\/100|[from] Salt Cure\n|upkeep\n|turn|13\n|\n|t:|1681923800\n|switch|p1b: Roaring Moon|Roaring Moon, L50, tera:Flying|100\/100\n|switch|p2a: Amoonguss|Amoonguss, L50, M, tera:Water|100\/100\n|move|p1a: Ting-Lu|Ruination|p2a: Amoonguss|[miss]\n|-miss|p1a: Ting-Lu|p2a: Amoonguss\n|move|p2b: Dondozo|Fissure|p1a: Ting-Lu\n|-damage|p1a: Ting-Lu|0 fnt\n|faint|p1a: Ting-Lu\n|-ohko\n|\n|-damage|p2a: Amoonguss|88\/100|[from] item: Black Sludge\n|upkeep\n|\n|t:|1681923815\n|switch|p1a: Maushold|Maushold-Four, L50|44\/100\n|turn|14\n|\n|t:|1681923823\n|move|p1b: Roaring Moon|Dragon Rush|p2b: Dondozo|[miss]\n|-miss|p1b: Roaring Moon|p2b: Dondozo\n|move|p1a: Maushold|Taunt|p2a: Amoonguss\n|-start|p2a: Amoonguss|move: Taunt\n|move|p2b: Dondozo|Wave Crash|p1a: Maushold\n|-damage|p1a: Maushold|0 fnt\n|faint|p1a: Maushold\n|-damage|p2b: Dondozo|90\/100|[from] Recoil\n|move|p2a: Amoonguss|Pollen Puff|p1b: Roaring Moon\n|-resisted|p1b: Roaring Moon\n|-damage|p1b: Roaring Moon|91\/100\n|\n|-damage|p2a: Amoonguss|76\/100|[from] item: Black Sludge\n|upkeep\n|turn|15\n|\n|t:|1681923844\n|switch|p2b: Arcanine|Arcanine, L50, M|84\/100\n|-ability|p2b: Arcanine|Intimidate|boost\n|-unboost|p1b: Roaring Moon|atk|1\n|switch|p2a: Garganacl|Garganacl, L50, M|82\/100\n|move|p1b: Roaring Moon|Dragon Rush|p2b: Arcanine\n|-damage|p2b: Arcanine|38\/100\n|\n|-heal|p2a: Garganacl|87\/100|[from] item: Leftovers\n|upkeep\n|turn|16\n|\n|t:|1681923862\n|switch|p2b: Amoonguss|Amoonguss, L50, M, tera:Water|100\/100\n|move|p1b: Roaring Moon|Acrobatics|p2b: Amoonguss\n|-damage|p2b: Amoonguss|67\/100\n|move|p2a: Garganacl|Salt Cure|p1b: Roaring Moon\n|-supereffective|p1b: Roaring Moon\n|-damage|p1b: Roaring Moon|53\/100\n|-start|p1b: Roaring Moon|Salt Cure\n|\n|-heal|p2a: Garganacl|93\/100|[from] item: Leftovers\n|-damage|p2b: Amoonguss|55\/100|[from] item: Black Sludge\n|-damage|p1b: Roaring Moon|41\/100|[from] Salt Cure\n|upkeep\n|turn|17\n|-message|Jero 14 forfeited.\n|\n|win|haha u rage quit\n|raw|Jero 14's rating: 1126 → 1108<\/strong> (-18 for losing)\n|raw|haha u rage quit's rating: 1225 → 1243<\/strong> (+18 for winning)\n|l|\u2606Jero 14\n","uploadtime":1681923911,"views":13,"p1id":"jero14","p2id":"hahauragequit","formatid":"gen9vgc2023regulationc","rating":1108,"private":0,"password":""}