{"id":"gen9vgc2023regulationc-1861254273","p1":"O neno du ponfe","p2":"wackomarko","format":"[Gen 9] VGC 2023 Regulation C","log":"|j|\u2606O neno du ponfe\n|j|\u2606wackomarko\n|t:|1683739856\n|gametype|doubles\n|player|p1|O neno du ponfe|baker|1182\n|player|p2|wackomarko|hiker-gen4|1155\n|teamsize|p1|6\n|teamsize|p2|6\n|gen|9\n|tier|[Gen 9] VGC 2023 Regulation C\n|rated|\n|rule|Species Clause: Limit one of each Pok\u00e9mon\n|rule|Item Clause: Limit one of each item\n|clearpoke\n|poke|p1|Great Tusk, L50|\n|poke|p1|Chien-Pao, L50|\n|poke|p1|Scream Tail, L50|\n|poke|p1|Dragonite, L50, M|\n|poke|p1|Gyarados, L50, M|\n|poke|p1|Rotom-Heat, L50|\n|poke|p2|Talonflame, L50, F|\n|poke|p2|Amoonguss, L50, M|\n|poke|p2|Flutter Mane, L50|\n|poke|p2|Chien-Pao, L50|\n|poke|p2|Gyarados, L50, M|\n|poke|p2|Dragapult, L50, F|\n|teampreview|4\nwackomarko has agreed to open team sheets.\nO neno du ponfe rejected open team sheets.\n|\n|t:|1683739993\n|start\n|switch|p1a: Rotom|Rotom-Heat, L50|100\/100\n|switch|p1b: Dragonite|Dragonite, L50, M|100\/100\n|switch|p2a: Talonflame|Talonflame, L50, F, shiny|100\/100\n|switch|p2b: Gyarados|Gyarados, L50, M, shiny|100\/100\n|-ability|p2b: Gyarados|Intimidate|boost\n|-unboost|p1a: Rotom|atk|1\n|-unboost|p1b: Dragonite|atk|1\n|turn|1\n|\n|t:|1683740045\n|switch|p2b: Dragapult|Dragapult, L50, F, shiny|100\/100\n|move|p1a: Rotom|Protect|p1a: Rotom\n|-singleturn|p1a: Rotom|Protect\n|move|p2a: Talonflame|Tailwind|p2a: Talonflame\n|-sidestart|p2: wackomarko|move: Tailwind\n|move|p1b: Dragonite|Rock Slide|p2b: Dragapult|[spread] p2a,p2b\n|-supereffective|p2a: Talonflame\n|-damage|p2a: Talonflame|32\/100\n|-damage|p2b: Dragapult|79\/100\n|\n|upkeep\n|turn|2\n|\n|t:|1683740086\n|switch|p2a: Chien-Pao|Chien-Pao, L50|100\/100\n|-ability|p2a: Chien-Pao|Sword of Ruin\n|switch|p1b: Scream Tail|Scream Tail, L50|100\/100\n|-enditem|p1b: Scream Tail|Booster Energy\n|-activate|p1b: Scream Tail|ability: Protosynthesis|[fromitem]\n|-start|p1b: Scream Tail|protosynthesisspe\n|-terastallize|p2b: Dragapult|Dragon\n|move|p2b: Dragapult|Dragon Darts|p1a: Rotom\n|-damage|p1a: Rotom|27\/100\n|-anim|p2b: Dragapult|Dragon Darts|p1a: Rotom\n|-damage|p1a: Rotom|0 fnt\n|faint|p1a: Rotom\n|\n|upkeep\n|\n|t:|1683740102\n|switch|p1a: Chien-Pao|Chien-Pao, L50|100\/100\n|-ability|p1a: Chien-Pao|Sword of Ruin\n|turn|3\n|\n|t:|1683740127\n|switch|p2b: Gyarados|Gyarados, L50, M, shiny|100\/100\n|-ability|p2b: Gyarados|Intimidate|boost\n|-unboost|p1a: Chien-Pao|atk|1\n|-unboost|p1b: Scream Tail|atk|1\n|move|p1a: Chien-Pao|Protect|p1a: Chien-Pao\n|-singleturn|p1a: Chien-Pao|Protect\n|move|p2a: Chien-Pao|Ice Spinner|p1a: Chien-Pao\n|-activate|p1a: Chien-Pao|move: Protect\n|move|p1b: Scream Tail|Play Rough|p2b: Gyarados\n|-damage|p2b: Gyarados|77\/100\n|\n|upkeep\n|turn|4\n|\n|t:|1683740155\n|move|p2a: Chien-Pao|Ice Spinner|p1a: Chien-Pao\n|-resisted|p1a: Chien-Pao\n|-damage|p1a: Chien-Pao|73\/100\n|move|p1b: Scream Tail|Howl|p1b: Scream Tail|[spread] p1a,p1b\n|-boost|p1a: Chien-Pao|atk|1\n|-boost|p1b: Scream Tail|atk|1\n|move|p2b: Gyarados|Waterfall|p1a: Chien-Pao\n|-damage|p1a: Chien-Pao|13\/100\n|move|p1a: Chien-Pao|Ice Spinner|p2b: Gyarados\n|-damage|p2b: Gyarados|20\/100\n|\n|-sideend|p2: wackomarko|move: Tailwind\n|upkeep\n|turn|5\n|\n|t:|1683740182\n|switch|p2b: Talonflame|Talonflame, L50, F, shiny|32\/100\n|move|p1a: Chien-Pao|Protect|p1a: Chien-Pao\n|-singleturn|p1a: Chien-Pao|Protect\n|move|p2a: Chien-Pao|Sucker Punch||[still]\n|-fail|p2a: Chien-Pao\n|move|p1b: Scream Tail|Thunder Wave|p2a: Chien-Pao\n|-status|p2a: Chien-Pao|par\n|\n|upkeep\n|turn|6\n|\n|t:|1683740195\n|move|p2a: Chien-Pao|Sucker Punch|p1a: Chien-Pao\n|-resisted|p1a: Chien-Pao\n|-damage|p1a: Chien-Pao|0 fnt\n|faint|p1a: Chien-Pao\n|move|p1b: Scream Tail|Play Rough|p2a: Chien-Pao|[miss]\n|-miss|p1b: Scream Tail|p2a: Chien-Pao\n|move|p2b: Talonflame|Tailwind|p2b: Talonflame\n|-sidestart|p2: wackomarko|move: Tailwind\n|\n|upkeep\n|\n|t:|1683740200\n|switch|p1a: Dragonite|Dragonite, L50, M|100\/100\n|turn|7\n|\n|t:|1683740218\n|-terastallize|p1a: Dragonite|Flying\n|move|p2a: Chien-Pao|Sucker Punch|p1a: Dragonite\n|-damage|p1a: Dragonite|80\/100\n|move|p2b: Talonflame|Will-O-Wisp|p1a: Dragonite|[miss]\n|-miss|p2b: Talonflame|p1a: Dragonite\n|move|p1b: Scream Tail|Howl|p1b: Scream Tail|[spread] p1a,p1b\n|-boost|p1a: Dragonite|atk|1\n|-boost|p1b: Scream Tail|atk|1\n|move|p1a: Dragonite|Rock Slide|p2b: Talonflame|[spread] p2a\n|-miss|p1a: Dragonite|p2b: Talonflame\n|-supereffective|p2a: Chien-Pao\n|-damage|p2a: Chien-Pao|8\/100 par\n|\n|upkeep\n|turn|8\n|\n|t:|1683740271\n|move|p1a: Dragonite|Extreme Speed|p2b: Talonflame\n|-damage|p2b: Talonflame|0 fnt\n|faint|p2b: Talonflame\n|cant|p2a: Chien-Pao|par\n|move|p1b: Scream Tail|Play Rough|p2a: Chien-Pao\n|-supereffective|p2a: Chien-Pao\n|-damage|p2a: Chien-Pao|0 fnt\n|faint|p2a: Chien-Pao\n|\n|upkeep\n|\n|t:|1683740282\n|switch|p2a: Gyarados|Gyarados, L50, M, shiny|20\/100\n|switch|p2b: Dragapult|Dragapult, L50, F, shiny, tera:Dragon|79\/100\n|-ability|p2a: Gyarados|Intimidate|boost\n|-unboost|p1a: Dragonite|atk|1\n|-unboost|p1b: Scream Tail|atk|1\n|turn|9\n|\n|t:|1683740321\n|move|p2a: Gyarados|Protect|p2a: Gyarados\n|-singleturn|p2a: Gyarados|Protect\n|move|p1a: Dragonite|Extreme Speed|p2a: Gyarados\n|-activate|p2a: Gyarados|move: Protect\n|move|p2b: Dragapult|Phantom Force||[still]\n|-prepare|p2b: Dragapult|Phantom Force\n|move|p1b: Scream Tail|Thunder Wave|p2b: Dragapult|[miss]\n|-miss|p1b: Scream Tail|p2b: Dragapult\n|\n|-sideend|p2: wackomarko|move: Tailwind\n|upkeep\n|turn|10\n|\n|t:|1683740357\n|move|p2a: Gyarados|Protect||[still]\n|-fail|p2a: Gyarados\n|move|p1a: Dragonite|Extreme Speed|p2a: Gyarados\n|-damage|p2a: Gyarados|0 fnt\n|faint|p2a: Gyarados\n|move|p1b: Scream Tail|Howl|p1b: Scream Tail|[spread] p1a,p1b\n|-boost|p1a: Dragonite|atk|1\n|-boost|p1b: Scream Tail|atk|1\n|move|p2b: Dragapult|Phantom Force|p1a: Dragonite|[from]lockedmove\n|-damage|p1a: Dragonite|15\/100\n|\n|upkeep\n|turn|11\n|\n|t:|1683740386\n|move|p1b: Scream Tail|Thunder Wave|p2b: Dragapult\n|-status|p2b: Dragapult|par\n|move|p1a: Dragonite|Tera Blast|p2b: Dragapult\n|-damage|p2b: Dragapult|0 fnt\n|faint|p2b: Dragapult\n|\n|win|O neno du ponfe\n|raw|O neno du ponfe's rating: 1182 → 1205<\/strong> (+23 for winning)\n|raw|wackomarko's rating: 1155 → 1132<\/strong> (-23 for losing)\n|l|\u2606O neno du ponfe\n","uploadtime":1683740397,"views":7,"p1id":"onenoduponfe","p2id":"wackomarko","formatid":"gen9vgc2023regulationc","rating":1132,"private":0,"password":""}