{"id":"gen9vgc2023regulationc-1857225186","p1":"289828a","p2":"Blackth0rn","format":"[Gen 9] VGC 2023 Regulation C","log":"|j|\u2606289828a\n|j|\u2606Blackth0rn\n|t:|1683160251\n|gametype|doubles\n|player|p1|289828a|169|1352\n|player|p2|Blackth0rn|ghetsis|1436\n|teamsize|p1|6\n|teamsize|p2|6\n|gen|9\n|tier|[Gen 9] VGC 2023 Regulation C\n|rated|\n|rule|Species Clause: Limit one of each Pok\u00e9mon\n|rule|Item Clause: Limit one of each item\n|clearpoke\n|poke|p1|Kingambit, L50, F|\n|poke|p1|Gyarados, L50, F|\n|poke|p1|Baxcalibur, L50, F|\n|poke|p1|Iron Moth, L50|\n|poke|p1|Flutter Mane, L50|\n|poke|p1|Magnezone, L50|\n|poke|p2|Abomasnow, L50, F|\n|poke|p2|Iron Bundle, L50|\n|poke|p2|Arcanine, L50, M|\n|poke|p2|Flutter Mane, L50|\n|poke|p2|Iron Hands, L50|\n|poke|p2|Dragonite, L50, F|\n|teampreview|4\nBlackth0rn has agreed to open team sheets.\n|\n|t:|1683160277\n|start\n|switch|p1a: Iron Moth|Iron Moth, L50|100\/100\n|switch|p1b: Magnezone|Magnezone, L50|100\/100\n|switch|p2a: Iron Hands|Iron Hands, L50|100\/100\n|switch|p2b: Iron Bundle|Iron Bundle, L50|100\/100\n|-enditem|p2b: Iron Bundle|Booster Energy\n|-activate|p2b: Iron Bundle|ability: Quark Drive|[fromitem]\n|-start|p2b: Iron Bundle|quarkdrivespe\n|-enditem|p1a: Iron Moth|Booster Energy\n|-activate|p1a: Iron Moth|ability: Quark Drive|[fromitem]\n|-start|p1a: Iron Moth|quarkdrivespe\n|turn|1\n|inactive|Battle timer is ON: inactive players will automatically lose when time's up. (requested by Blackth0rn)\n|\n|t:|1683160298\n|move|p2b: Iron Bundle|Protect|p2b: Iron Bundle\n|-singleturn|p2b: Iron Bundle|Protect\n|move|p1a: Iron Moth|Protect|p1a: Iron Moth\n|-singleturn|p1a: Iron Moth|Protect\n|move|p1b: Magnezone|Discharge|p2b: Iron Bundle|[spread] p2a\n|-activate|p1a: Iron Moth|move: Protect\n|-activate|p2b: Iron Bundle|move: Protect\n|-resisted|p2a: Iron Hands\n|-damage|p2a: Iron Hands|90\/100\n|move|p2a: Iron Hands|Drain Punch|p1b: Magnezone\n|-supereffective|p1b: Magnezone\n|-damage|p1b: Magnezone|33\/100\n|-heal|p2a: Iron Hands|100\/100|[from] drain|[of] p1b: Magnezone\n|\n|upkeep\n|turn|2\n|inactive|289828a has 30 seconds left.\n|\n|t:|1683160323\n|switch|p1b: Flutter Mane|Flutter Mane, L50|100\/100\n|move|p2b: Iron Bundle|Hydro Pump|p1a: Iron Moth|[miss]\n|-miss|p2b: Iron Bundle|p1a: Iron Moth\n|move|p1a: Iron Moth|Acid Spray|p2a: Iron Hands\n|-damage|p2a: Iron Hands|85\/100\n|-unboost|p2a: Iron Hands|spd|2\n|move|p2a: Iron Hands|Drain Punch|p1b: Flutter Mane\n|-immune|p1b: Flutter Mane\n|\n|upkeep\n|turn|3\n|inactive|289828a has 30 seconds left.\n|inactive|Blackth0rn has 30 seconds left.\n|\n|t:|1683160355\n|-end|p2a: Iron Hands|Quark Drive|[silent]\n|switch|p2a: Flutter Mane|Flutter Mane, L50|100\/100\n|-terastallize|p1a: Iron Moth|Grass\n|move|p2b: Iron Bundle|Freeze-Dry|p1b: Flutter Mane\n|-damage|p1b: Flutter Mane|60\/100\n|move|p1a: Iron Moth|Energy Ball|p2b: Iron Bundle\n|-supereffective|p2b: Iron Bundle\n|-damage|p2b: Iron Bundle|0 fnt\n|faint|p2b: Iron Bundle\n|-end|p2b: Iron Bundle|Quark Drive|[silent]\n|move|p1b: Flutter Mane|Moonblast|p2a: Flutter Mane\n|-damage|p2a: Flutter Mane|31\/100\n|-unboost|p2a: Flutter Mane|spa|1\n|-damage|p1b: Flutter Mane|50\/100|[from] item: Life Orb\n|\n|upkeep\n|\n|t:|1683160377\n|switch|p2b: Dragonite|Dragonite, L50, F|100\/100\n|turn|4\n|\n|t:|1683160385\n|-terastallize|p2b: Dragonite|Flying\n|move|p1a: Iron Moth|Acid Spray|p2b: Dragonite\n|-damage|p2b: Dragonite|92\/100\n|-unboost|p2b: Dragonite|spd|2\n|move|p1b: Flutter Mane|Dazzling Gleam|p2a: Flutter Mane|[spread] p2a,p2b\n|-damage|p2a: Flutter Mane|0 fnt\n|-damage|p2b: Dragonite|10\/100\n|faint|p2a: Flutter Mane\n|-end|p2a: Flutter Mane|Protosynthesis|[silent]\n|-damage|p1b: Flutter Mane|40\/100|[from] item: Life Orb\n|move|p2b: Dragonite|Tera Blast|p1a: Iron Moth\n|-supereffective|p1a: Iron Moth\n|-damage|p1a: Iron Moth|0 fnt\n|faint|p1a: Iron Moth\n|-end|p1a: Iron Moth|Quark Drive|[silent]\n|\n|upkeep\n|\n|t:|1683160404\n|switch|p1a: Magnezone|Magnezone, L50|33\/100\n|switch|p2a: Iron Hands|Iron Hands, L50|85\/100\n|turn|5\n|\n|t:|1683160426\n|move|p1b: Flutter Mane|Dazzling Gleam|p2b: Dragonite|[spread] p2a,p2b\n|-supereffective|p2a: Iron Hands\n|-damage|p2a: Iron Hands|30\/100\n|-damage|p2b: Dragonite|0 fnt\n|-enditem|p2a: Iron Hands|Sitrus Berry|[eat]\n|-heal|p2a: Iron Hands|55\/100|[from] item: Sitrus Berry\n|faint|p2b: Dragonite\n|-damage|p1b: Flutter Mane|30\/100|[from] item: Life Orb\n|move|p1a: Magnezone|Body Press|p2a: Iron Hands\n|-damage|p2a: Iron Hands|41\/100\n|move|p2a: Iron Hands|Thunder Punch|p1b: Flutter Mane\n|-damage|p1b: Flutter Mane|0 fnt\n|faint|p1b: Flutter Mane\n|-end|p1b: Flutter Mane|Protosynthesis|[silent]\n|\n|upkeep\n|\n|t:|1683160439\n|switch|p1b: Baxcalibur|Baxcalibur, L50, F|100\/100\n|turn|6\n|\n|t:|1683160457\n|move|p1b: Baxcalibur|Protect|p1b: Baxcalibur\n|-singleturn|p1b: Baxcalibur|Protect\n|move|p1a: Magnezone|Steel Beam|p2a: Iron Hands\n|-resisted|p2a: Iron Hands\n|-damage|p2a: Iron Hands|13\/100\n|-damage|p1a: Magnezone|0 fnt|[from] steelbeam\n|faint|p1a: Magnezone\n|move|p2a: Iron Hands|Drain Punch|p1b: Baxcalibur\n|-activate|p1b: Baxcalibur|move: Protect\n|\n|upkeep\n|turn|7\n|\n|t:|1683160467\n|move|p1b: Baxcalibur|Glaive Rush|p2a: Iron Hands\n|-damage|p2a: Iron Hands|0 fnt\n|-singlemove|p1b: Baxcalibur|Glaive Rush|[silent]\n|faint|p2a: Iron Hands\n|-end|p2a: Iron Hands|Quark Drive|[silent]\n|\n|win|289828a\n|raw|289828a's rating: 1352 → 1377<\/strong> (+25 for winning)\n|raw|Blackth0rn's rating: 1436 → 1411<\/strong> (-25 for losing)\n|l|\u2606289828a\n","uploadtime":1683160482,"views":15,"p1id":"289828a","p2id":"blackth0rn","formatid":"gen9vgc2023regulationc","rating":1377,"private":0,"password":""}