{"id":"gen9vgc2023regulationc-1861460544","p1":"Gostzin","p2":"revocolombia","format":"[Gen 9] VGC 2023 Regulation C","log":"|j|\u2606Gostzin\n|j|\u2606revocolombia\n|t:|1683760611\n|gametype|doubles\n|player|p1|Gostzin|lucas-gen4pt|1210\n|player|p2|revocolombia|169|1215\n|teamsize|p1|6\n|teamsize|p2|6\n|gen|9\n|tier|[Gen 9] VGC 2023 Regulation C\n|rated|\n|rule|Species Clause: Limit one of each Pok\u00e9mon\n|rule|Item Clause: Limit one of each item\n|clearpoke\n|poke|p1|Garganacl, L50, M|\n|poke|p1|Palafin, L50, M|\n|poke|p1|Amoonguss, L50, F|\n|poke|p1|Flutter Mane, L50|\n|poke|p1|Arcanine, L50, M|\n|poke|p1|Ting-Lu, L50|\n|poke|p2|Flutter Mane, L50|\n|poke|p2|Great Tusk, L50|\n|poke|p2|Gholdengo, L50|\n|poke|p2|Chien-Pao, L50|\n|poke|p2|Murkrow, L50, F|\n|poke|p2|Dragonite, L50, M|\n|teampreview|4\n|inactive|Battle timer is ON: inactive players will automatically lose when time's up. (requested by Gostzin)\nGostzin has agreed to open team sheets.\n|inactive|Gostzin has 60 seconds left.\n|inactive|revocolombia has 60 seconds left.\n|\n|t:|1683760647\n|start\n|switch|p1a: Palafin|Palafin, L50, M|100\/100\n|switch|p1b: Garganacl|Garganacl, L50, M|100\/100\n|switch|p2a: Great Tusk|Great Tusk, L50|100\/100\n|switch|p2b: Murkrow|Murkrow, L50, F|100\/100\n|turn|1\n|\n|t:|1683760671\n|detailschange|p1a: Palafin|Palafin-Hero, L50, M\n|switch|p1a: Arcanine|Arcanine, L50, M|100\/100\n|-ability|p1a: Arcanine|Intimidate|boost\n|-fail|p2a: Great Tusk|unboost|[from] item: Clear Amulet|[of] p2a: Great Tusk\n|-unboost|p2b: Murkrow|atk|1\n|move|p1b: Garganacl|Protect|p1b: Garganacl\n|-singleturn|p1b: Garganacl|Protect\n|move|p2b: Murkrow|Sunny Day|p2b: Murkrow\n|-weather|SunnyDay\n|-activate|p2a: Great Tusk|ability: Protosynthesis\n|-start|p2a: Great Tusk|protosynthesisatk\n|move|p2a: Great Tusk|Brick Break|p1b: Garganacl\n|-activate|p1b: Garganacl|move: Protect\n|\n|-weather|SunnyDay|[upkeep]\n|upkeep\n|turn|2\n|\n|t:|1683760693\n|-terastallize|p2a: Great Tusk|Fire\n|move|p1b: Garganacl|Wide Guard|p1b: Garganacl\n|-singleturn|p1b: Garganacl|Wide Guard\n|move|p2b: Murkrow|Tailwind|p2b: Murkrow\n|-sidestart|p2: revocolombia|move: Tailwind\n|move|p2a: Great Tusk|Earthquake|p1b: Garganacl|[spread] \n|-activate|p1a: Arcanine|move: Wide Guard\n|-activate|p1b: Garganacl|move: Wide Guard\n|-immune|p2b: Murkrow\n|move|p1a: Arcanine|Will-O-Wisp|p2a: Great Tusk\n|-immune|p2a: Great Tusk\n|\n|-weather|SunnyDay|[upkeep]\n|upkeep\n|turn|3\n|\n|t:|1683760716\n|switch|p2b: Flutter Mane|Flutter Mane, L50|100\/100\n|-activate|p2b: Flutter Mane|ability: Protosynthesis\n|-start|p2b: Flutter Mane|protosynthesisspa\n|move|p1a: Arcanine|Protect|p1a: Arcanine\n|-singleturn|p1a: Arcanine|Protect\n|move|p2a: Great Tusk|Brick Break|p1b: Garganacl\n|-supereffective|p1b: Garganacl\n|-crit|p1b: Garganacl\n|-damage|p1b: Garganacl|0 fnt\n|faint|p1b: Garganacl\n|\n|-weather|SunnyDay|[upkeep]\n|upkeep\n|\n|t:|1683760730\n|switch|p1b: Amoonguss|Amoonguss, L50, F|100\/100\n|turn|4\n|\n|t:|1683760745\n|-end|p2b: Flutter Mane|Protosynthesis|[silent]\n|switch|p2b: Murkrow|Murkrow, L50, F|100\/100\n|move|p2a: Great Tusk|Earthquake|p1a: Arcanine|[spread] p1a,p1b\n|-immune|p2b: Murkrow\n|-supereffective|p1a: Arcanine\n|-damage|p1a: Arcanine|0 fnt\n|-damage|p1b: Amoonguss|55\/100\n|faint|p1a: Arcanine\n|move|p1b: Amoonguss|Spore|p2a: Great Tusk\n|-status|p2a: Great Tusk|slp|[from] move: Spore\n|\n|-weather|SunnyDay|[upkeep]\n|upkeep\n|\n|t:|1683760755\n|switch|p1a: Palafin|Palafin-Hero, L50, M|100\/100\n|-activate|p1a: Palafin|ability: Zero to Hero\n|turn|5\n|\n|t:|1683760767\n|-terastallize|p1a: Palafin|Water\n|move|p1b: Amoonguss|Protect|p1b: Amoonguss\n|-singleturn|p1b: Amoonguss|Protect\n|move|p2b: Murkrow|Taunt|p1b: Amoonguss\n|-activate|p1b: Amoonguss|move: Protect\n|cant|p2a: Great Tusk|slp\n|move|p1a: Palafin|Wave Crash|p2a: Great Tusk\n|-supereffective|p2a: Great Tusk\n|-damage|p2a: Great Tusk|13\/100 slp\n|-damage|p1a: Palafin|71\/100|[from] Recoil\n|\n|-weather|none\n|-end|p2a: Great Tusk|Protosynthesis\n|-sideend|p2: revocolombia|move: Tailwind\n|upkeep\n|turn|6\n|inactive|Gostzin has 30 seconds left.\n|\n|t:|1683760792\n|move|p2b: Murkrow|Sunny Day|p2b: Murkrow\n|-weather|SunnyDay\n|-activate|p2a: Great Tusk|ability: Protosynthesis\n|-start|p2a: Great Tusk|protosynthesisatk\n|move|p1a: Palafin|Wave Crash|p2b: Murkrow\n|-damage|p2b: Murkrow|35\/100\n|-damage|p1a: Palafin|53\/100|[from] Recoil\n|-curestatus|p2a: Great Tusk|slp|[msg]\n|move|p2a: Great Tusk|Earthquake|p1b: Amoonguss|[spread] p1a,p1b\n|-immune|p2b: Murkrow\n|-damage|p1a: Palafin|0 fnt\n|-damage|p1b: Amoonguss|11\/100\n|-enditem|p1b: Amoonguss|Sitrus Berry|[eat]\n|-heal|p1b: Amoonguss|36\/100|[from] item: Sitrus Berry\n|faint|p1a: Palafin\n|move|p1b: Amoonguss|Pollen Puff|p1: Palafin|[notarget]\n|-fail|p1b: Amoonguss\n|\n|-weather|SunnyDay|[upkeep]\n|upkeep\n|turn|7\n|-message|Gostzin forfeited.\n|\n|win|revocolombia\n|raw|Gostzin's rating: 1210 → 1185<\/strong> (-25 for losing)\n|raw|revocolombia's rating: 1215 → 1240<\/strong> (+25 for winning)\n|l|\u2606Gostzin\n","uploadtime":1683760815,"views":5,"p1id":"gostzin","p2id":"revocolombia","formatid":"gen9vgc2023regulationc","rating":1185,"private":0,"password":""}