{"id":"gen9vgc2023regulationc-1854324928","p1":"enelson5","p2":"Tayekc","format":"[Gen 9] VGC 2023 Regulation C","log":"|j|\u2606enelson5\n|j|\u2606Tayekc\n|t:|1682797168\n|gametype|doubles\n|player|p1|enelson5|101|1108\n|player|p2|Tayekc|hilbert|1103\n|teamsize|p1|6\n|teamsize|p2|6\n|gen|9\n|tier|[Gen 9] VGC 2023 Regulation C\n|rated|\n|rule|Species Clause: Limit one of each Pok\u00e9mon\n|rule|Item Clause: Limit one of each item\n|clearpoke\n|poke|p1|Gyarados, L50, M|\n|poke|p1|Flutter Mane, L50|\n|poke|p1|Amoonguss, L50, F|\n|poke|p1|Garchomp, L50, F|\n|poke|p1|Corviknight, L50, F|\n|poke|p1|Chien-Pao, L50|\n|poke|p2|Chien-Pao, L50|\n|poke|p2|Dragapult, L50, M|\n|poke|p2|Scizor, L50, M|\n|poke|p2|Flutter Mane, L50|\n|poke|p2|Chi-Yu, L50|\n|poke|p2|Iron Bundle, L50|\n|teampreview|4\nTayekc has agreed to open team sheets.\n|\n|t:|1682797193\n|start\n|switch|p1a: Gyarados|Gyarados, L50, M|100\/100\n|switch|p1b: Garchomp|Garchomp, L50, F|100\/100\n|switch|p2a: Chi-Yu|Chi-Yu, L50|100\/100\n|switch|p2b: Iron Bundle|Iron Bundle, L50, shiny|100\/100\n|-ability|p2a: Chi-Yu|Beads of Ruin\n|-ability|p1a: Gyarados|Intimidate|boost\n|-unboost|p2a: Chi-Yu|atk|1\n|-unboost|p2b: Iron Bundle|atk|1\n|-enditem|p2b: Iron Bundle|Booster Energy\n|-activate|p2b: Iron Bundle|ability: Quark Drive|[fromitem]\n|-start|p2b: Iron Bundle|quarkdrivespe\n|turn|1\n|\n|t:|1682797226\n|switch|p1a: Corviknight|Corviknight, L50, F|100\/100\n|-terastallize|p2a: Chi-Yu|Grass\n|move|p1b: Garchomp|Protect|p1b: Garchomp\n|-singleturn|p1b: Garchomp|Protect\n|move|p2b: Iron Bundle|Freeze-Dry|p1a: Corviknight\n|-damage|p1a: Corviknight|58\/100\n|move|p2a: Chi-Yu|Dark Pulse|p1b: Garchomp\n|-activate|p1b: Garchomp|move: Protect\n|\n|upkeep\n|turn|2\n|\n|t:|1682797254\n|switch|p1b: Chien-Pao|Chien-Pao, L50|100\/100\n|-ability|p1b: Chien-Pao|Sword of Ruin\n|-terastallize|p1a: Corviknight|Flying\n|move|p2b: Iron Bundle|Freeze-Dry|p1b: Chien-Pao\n|-resisted|p1b: Chien-Pao\n|-damage|p1b: Chien-Pao|62\/100\n|move|p2a: Chi-Yu|Dark Pulse|p1a: Corviknight\n|-damage|p1a: Corviknight|6\/100\n|move|p1a: Corviknight|Tailwind|p1a: Corviknight\n|-sidestart|p1: enelson5|move: Tailwind\n|\n|upkeep\n|turn|3\n|\n|t:|1682797277\n|move|p2b: Iron Bundle|Protect|p2b: Iron Bundle\n|-singleturn|p2b: Iron Bundle|Protect\n|move|p1b: Chien-Pao|Sacred Sword|p2b: Iron Bundle\n|-activate|p2b: Iron Bundle|move: Protect\n|move|p2a: Chi-Yu|Dark Pulse|p1a: Corviknight\n|-damage|p1a: Corviknight|0 fnt\n|faint|p1a: Corviknight\n|\n|upkeep\n|\n|t:|1682797292\n|switch|p1a: Gyarados|Gyarados, L50, M|100\/100\n|-ability|p1a: Gyarados|Intimidate|boost\n|-unboost|p2a: Chi-Yu|atk|1\n|-unboost|p2b: Iron Bundle|atk|1\n|turn|4\n|\n|t:|1682797316\n|-end|p2b: Iron Bundle|Quark Drive|[silent]\n|switch|p2b: Dragapult|Dragapult, L50, M, shiny|100\/100\n|move|p1b: Chien-Pao|Sacred Sword|p2b: Dragapult\n|-immune|p2b: Dragapult\n|move|p2a: Chi-Yu|Dark Pulse|p1b: Chien-Pao\n|-resisted|p1b: Chien-Pao\n|-damage|p1b: Chien-Pao|15\/100\n|move|p1a: Gyarados|Thunder Wave|p2a: Chi-Yu\n|-status|p2a: Chi-Yu|par\n|\n|upkeep\n|turn|5\n|\n|t:|1682797336\n|move|p1a: Gyarados|Helping Hand|p1b: Chien-Pao\n|-singleturn|p1b: Chien-Pao|Helping Hand|[of] p1a: Gyarados\n|move|p1b: Chien-Pao|Ice Spinner|p2a: Chi-Yu\n|-supereffective|p2a: Chi-Yu\n|-damage|p2a: Chi-Yu|0 fnt\n|faint|p2a: Chi-Yu\n|move|p2b: Dragapult|U-turn|p1b: Chien-Pao\n|-supereffective|p1b: Chien-Pao\n|-damage|p1b: Chien-Pao|0 fnt\n|faint|p1b: Chien-Pao\n|\n|t:|1682797348\n|switch|p2b: Iron Bundle|Iron Bundle, L50, shiny|100\/100|[from] U-turn\n|\n|-sideend|p1: enelson5|move: Tailwind\n|upkeep\n|\n|t:|1682797357\n|switch|p1b: Garchomp|Garchomp, L50, F|100\/100\n|switch|p2a: Dragapult|Dragapult, L50, M, shiny|100\/100\n|turn|6\n|\n|t:|1682797375\n|move|p1b: Garchomp|Protect|p1b: Garchomp\n|-singleturn|p1b: Garchomp|Protect\n|move|p2a: Dragapult|Dragon Darts|p1a: Gyarados\n|-damage|p1a: Gyarados|69\/100\n|-anim|p2a: Dragapult|Dragon Darts|p1a: Gyarados\n|-damage|p1a: Gyarados|38\/100\n|move|p2b: Iron Bundle|Freeze-Dry|p1a: Gyarados\n|-supereffective|p1a: Gyarados\n|-damage|p1a: Gyarados|0 fnt\n|faint|p1a: Gyarados\n|\n|upkeep\n|turn|7\n|-message|enelson5 forfeited.\n|\n|win|Tayekc\n|raw|enelson5's rating: 1108 → 1083<\/strong> (-25 for losing)\n|raw|Tayekc's rating: 1103 → 1128<\/strong> (+25 for winning)\n|l|\u2606enelson5\n","uploadtime":1682797397,"views":19,"p1id":"enelson5","p2id":"tayekc","formatid":"gen9vgc2023regulationc","rating":1083,"private":0,"password":""}