{"id":"gen9vgc2023regulationc-1860625570","p1":"Spearwinner","p2":"pessopissaoyeye","format":"[Gen 9] VGC 2023 Regulation C","log":"|j|\u2606Spearwinner\n|j|\u2606pessopissaoyeye\n|t:|1683660218\n|gametype|doubles\n|player|p1|Spearwinner|169|\n|player|p2|pessopissaoyeye|brycenman|\n|teamsize|p1|6\n|teamsize|p2|6\n|gen|9\n|tier|[Gen 9] VGC 2023 Regulation C\n|rule|Species Clause: Limit one of each Pok\u00e9mon\n|rule|Item Clause: Limit one of each item\n|clearpoke\n|poke|p1|Indeedee-F, L50, F|\n|poke|p1|Armarouge, L50, M|\n|poke|p1|Torkoal, L50, M|\n|poke|p1|Hatterene, L50, F|\n|poke|p1|Kingambit, L50, M|\n|poke|p1|Lilligant, L50, F|\n|poke|p2|Palafin, L50, F|\n|poke|p2|Arcanine, L50, F|\n|poke|p2|Amoonguss, L50, F|\n|poke|p2|Ting-Lu, L50|\n|poke|p2|Iron Hands, L50|\n|poke|p2|Flutter Mane, L50|\n|teampreview|4\n|inactive|Battle timer is ON: inactive players will automatically lose when time's up. (requested by pessopissaoyeye)\npessopissaoyeye has agreed to open team sheets.\nSpearwinner has agreed to open team sheets.\n|c|\u2606Spearwinner|g1\n|j| DOUUS Octoto\n|inactiveoff|Battle timer is now OFF.\n|c|\u2606pessopissaoyeye|glhf\n|c|\u2606Spearwinner|glhf\n|inactive|Battle timer is ON: inactive players will automatically lose when time's up. (requested by pessopissaoyeye)\n|\n|t:|1683660315\n|start\n|switch|p1a: Indeedee|Indeedee-F, L50, F|100\/100\n|switch|p1b: Armarouge|Armarouge, L50, M, shiny|100\/100\n|switch|p2a: Ting-Lu|Ting-Lu, L50|100\/100\n|switch|p2b: Arcanine|Arcanine, L50, F|100\/100\n|-ability|p2b: Arcanine|Intimidate|boost\n|-unboost|p1a: Indeedee|atk|1\n|-unboost|p1b: Armarouge|atk|1\n|-fieldstart|move: Psychic Terrain|[from] ability: Psychic Surge|[of] p1a: Indeedee\n|-enditem|p1a: Indeedee|Psychic Seed\n|-boost|p1a: Indeedee|spd|1|[from] item: Psychic Seed\n|-ability|p2a: Ting-Lu|Vessel of Ruin\n|turn|1\n|inactive|Spearwinner has 30 seconds left.\n|inactive|pessopissaoyeye has 30 seconds left.\n|inactive|Spearwinner has 20 seconds left.\n|\n|t:|1683660352\n|-terastallize|p1b: Armarouge|Normal\n|move|p1a: Indeedee|Helping Hand|p1b: Armarouge\n|-singleturn|p1b: Armarouge|Helping Hand|[of] p1a: Indeedee\n|move|p2b: Arcanine|Will-O-Wisp|p1a: Indeedee\n|-status|p1a: Indeedee|brn\n|move|p1b: Armarouge|Aura Sphere|p2a: Ting-Lu\n|-supereffective|p2a: Ting-Lu\n|-crit|p2a: Ting-Lu\n|-damage|p2a: Ting-Lu|36\/100\n|move|p2a: Ting-Lu|Ruination|p1a: Indeedee\n|-damage|p1a: Indeedee|51\/100 brn\n|\n|-heal|p2a: Ting-Lu|42\/100|[from] item: Leftovers\n|-damage|p1a: Indeedee|45\/100 brn|[from] brn\n|upkeep\n|turn|2\n|inactive|Spearwinner has 30 seconds left.\n|inactive|pessopissaoyeye has 30 seconds left.\n|inactive|Spearwinner has 20 seconds left.\n|inactive|pessopissaoyeye has 20 seconds left.\n|inactive|Spearwinner has 15 seconds left.\n|inactive|pessopissaoyeye has 15 seconds left.\n|inactive|Spearwinner has 10 seconds left.\n|inactive|Spearwinner has 5 seconds left.\n|\n|t:|1683660406\n|move|p1a: Indeedee|Helping Hand|p1b: Armarouge\n|-singleturn|p1b: Armarouge|Helping Hand|[of] p1a: Indeedee\n|move|p2b: Arcanine|Flare Blitz|p1a: Indeedee\n|-damage|p1a: Indeedee|0 fnt\n|faint|p1a: Indeedee\n|-damage|p2b: Arcanine|87\/100|[from] Recoil\n|move|p1b: Armarouge|Expanding Force|p2b: Arcanine|[spread] p2b\n|-immune|p2a: Ting-Lu\n|-damage|p2b: Arcanine|11\/100\n|move|p2a: Ting-Lu|Ruination|p1b: Armarouge\n|-damage|p1b: Armarouge|51\/100\n|\n|-heal|p2a: Ting-Lu|48\/100|[from] item: Leftovers\n|upkeep\n|\n|t:|1683660422\n|switch|p1a: Kingambit|Kingambit, L50, M|100\/100\n|turn|3\n|\n|t:|1683660444\n|switch|p1a: Torkoal|Torkoal, L50, M|100\/100\n|-weather|SunnyDay|[from] ability: Drought|[of] p1a: Torkoal\n|move|p2b: Arcanine|Will-O-Wisp|p1a: Torkoal\n|-immune|p1a: Torkoal\n|move|p2a: Ting-Lu|Stomping Tantrum|p1a: Torkoal\n|-supereffective|p1a: Torkoal\n|-crit|p1a: Torkoal\n|-damage|p1a: Torkoal|19\/100\n|move|p1b: Armarouge|Trick Room|p1b: Armarouge\n|-fieldstart|move: Trick Room|[of] p1b: Armarouge\n|\n|-weather|SunnyDay|[upkeep]\n|-heal|p2a: Ting-Lu|54\/100|[from] item: Leftovers\n|upkeep\n|turn|4\n|inactive|Spearwinner has 30 seconds left.\n|inactive|Spearwinner has 20 seconds left.\n|\n|t:|1683660481\n|move|p2a: Ting-Lu|Protect|p2a: Ting-Lu\n|-singleturn|p2a: Ting-Lu|Protect\n|move|p2b: Arcanine|Protect|p2b: Arcanine\n|-singleturn|p2b: Arcanine|Protect\n|move|p1a: Torkoal|Earth Power|p2a: Ting-Lu\n|-activate|p2a: Ting-Lu|move: Protect\n|move|p1b: Armarouge|Expanding Force|p2b: Arcanine|[spread] \n|-activate|p2a: Ting-Lu|move: Protect\n|-activate|p2b: Arcanine|move: Protect\n|\n|-weather|SunnyDay|[upkeep]\n|-heal|p2a: Ting-Lu|61\/100|[from] item: Leftovers\n|upkeep\n|turn|5\n|\n|t:|1683660505\n|move|p2b: Arcanine|Protect|p2b: Arcanine\n|-singleturn|p2b: Arcanine|Protect\n|move|p1a: Torkoal|Flamethrower|p2a: Ting-Lu\n|-damage|p2a: Ting-Lu|24\/100\n|move|p2a: Ting-Lu|Stomping Tantrum|p1b: Armarouge\n|-damage|p1b: Armarouge|21\/100\n|move|p1b: Armarouge|Aura Sphere|p2a: Ting-Lu\n|-supereffective|p2a: Ting-Lu\n|-damage|p2a: Ting-Lu|0 fnt\n|faint|p2a: Ting-Lu\n|\n|-weather|SunnyDay|[upkeep]\n|-fieldend|move: Psychic Terrain\n|upkeep\n|\n|t:|1683660514\n|switch|p2a: Amoonguss|Amoonguss, L50, F|100\/100\n|turn|6\n|inactive|Spearwinner has 30 seconds left.\n|\n|t:|1683660544\n|switch|p1b: Kingambit|Kingambit, L50, M|100\/100\n|-terastallize|p2a: Amoonguss|Water\n|move|p2b: Arcanine|Extreme Speed|p1a: Torkoal\n|-damage|p1a: Torkoal|0 fnt\n|faint|p1a: Torkoal\n|move|p2a: Amoonguss|Pollen Puff|p2b: Arcanine\n|-heal|p2b: Arcanine|61\/100\n|\n|-weather|SunnyDay|[upkeep]\n|upkeep\n|\n|t:|1683660553\n|switch|p1a: Armarouge|Armarouge, L50, M, shiny, tera:Normal|21\/100\n|turn|7\n|\n|t:|1683660579\n|move|p2b: Arcanine|Extreme Speed|p1a: Armarouge\n|-damage|p1a: Armarouge|1\/100\n|move|p1b: Kingambit|Swords Dance|p1b: Kingambit\n|-boost|p1b: Kingambit|atk|2\n|move|p2a: Amoonguss|Spore|p1b: Kingambit\n|-activate|p1b: Kingambit|item: Safety Goggles|Spore\n|move|p1a: Armarouge|Expanding Force|p2a: Amoonguss\n|-damage|p2a: Amoonguss|61\/100\n|\n|-weather|none\n|-fieldend|move: Trick Room\n|upkeep\n|turn|8\n|inactive|Spearwinner has 30 seconds left.\n|inactive|Spearwinner has 20 seconds left.\n|inactive|Spearwinner has 15 seconds left.\n|\n|t:|1683660623\n|move|p2a: Amoonguss|Rage Powder|p2a: Amoonguss\n|-singleturn|p2a: Amoonguss|move: Rage Powder\n|move|p2b: Arcanine|Flare Blitz|p1b: Kingambit\n|-supereffective|p1b: Kingambit\n|-damage|p1b: Kingambit|19\/100\n|-status|p1b: Kingambit|brn\n|-damage|p2b: Arcanine|33\/100|[from] Recoil\n|move|p1a: Armarouge|Expanding Force|p2a: Amoonguss\n|-damage|p2a: Amoonguss|19\/100\n|-enditem|p2a: Amoonguss|Sitrus Berry|[eat]\n|-heal|p2a: Amoonguss|44\/100|[from] item: Sitrus Berry\n|move|p1b: Kingambit|Kowtow Cleave|p2b: Arcanine\n|-damage|p2b: Arcanine|0 fnt\n|faint|p2b: Arcanine\n|\n|-damage|p1b: Kingambit|14\/100 brn|[from] brn\n|upkeep\n|\n|t:|1683660637\n|switch|p2b: Flutter Mane|Flutter Mane, L50|100\/100\n|turn|9\n|\n|t:|1683660666\n|move|p1b: Kingambit|Sucker Punch|p2b: Flutter Mane\n|-damage|p2b: Flutter Mane|34\/100\n|move|p2b: Flutter Mane|Dazzling Gleam|p1a: Armarouge|[spread] p1a,p1b\n|-damage|p1a: Armarouge|0 fnt\n|-damage|p1b: Kingambit|0 fnt\n|faint|p1a: Armarouge\n|faint|p1b: Kingambit\n|\n|win|pessopissaoyeye\n|c|\u2606Spearwinner|gg the burn ;(\n|l|\u2606Spearwinner\n|l| DOUUS Octoto\n","uploadtime":1683662181,"views":18,"p1id":"spearwinner","p2id":"pessopissaoyeye","formatid":"gen9vgc2023regulationc","rating":0,"private":0,"password":""}