{"id":"gen9vgc2023regulationc-1850506289","p1":"jemenuieeee","p2":"Prompto88","format":"[Gen 9] VGC 2023 Regulation C","log":"|j|\u2606jemenuieeee\n|j|\u2606Prompto88\n|t:|1682343970\n|gametype|doubles\n|player|p1|jemenuieeee|2|1226\n|player|p2|Prompto88|2|1198\n|teamsize|p1|6\n|teamsize|p2|6\n|gen|9\n|tier|[Gen 9] VGC 2023 Regulation C\n|rated|\n|rule|Species Clause: Limit one of each Pok\u00e9mon\n|rule|Item Clause: Limit one of each item\n|clearpoke\n|poke|p1|Iron Bundle, L50|\n|poke|p1|Iron Hands, L50|\n|poke|p1|Abomasnow, L50, F|\n|poke|p1|Chien-Pao, L50|\n|poke|p1|Ceruledge, L50, F|\n|poke|p1|Farigiraf, L50, M|\n|poke|p2|Gyarados, L50, F|\n|poke|p2|Arcanine, L50, F|\n|poke|p2|Garganacl, L50, M|\n|poke|p2|Ting-Lu, L50|\n|poke|p2|Wo-Chien, L50|\n|poke|p2|Orthworm, L50, M|\n|teampreview|4\n|inactive|Battle timer is ON: inactive players will automatically lose when time's up. (requested by Prompto88)\n|\n|t:|1682343996\n|start\n|switch|p1a: Abomasnow|Abomasnow, L50, F|100\/100\n|switch|p1b: Iron Bundle|Iron Bundle, L50|100\/100\n|switch|p2a: Arcanine|Arcanine, L50, F|100\/100\n|switch|p2b: Orthworm|Orthworm, L50, M|100\/100\n|-ability|p2a: Arcanine|Intimidate|boost\n|-unboost|p1a: Abomasnow|atk|1\n|-unboost|p1b: Iron Bundle|atk|1\n|-weather|Snow|[from] ability: Snow Warning|[of] p1a: Abomasnow\n|turn|1\n|inactive|Prompto88 has 30 seconds left.\n|\n|t:|1682344022\n|-terastallize|p2a: Arcanine|Steel\n|move|p2b: Orthworm|Protect|p2b: Orthworm\n|-singleturn|p2b: Orthworm|Protect\n|move|p1b: Iron Bundle|Hydro Pump|p2a: Arcanine\n|-damage|p2a: Arcanine|48\/100\n|move|p2a: Arcanine|Snarl|p1b: Iron Bundle|[spread] p1a,p1b\n|-damage|p1a: Abomasnow|92\/100\n|-damage|p1b: Iron Bundle|82\/100\n|-unboost|p1a: Abomasnow|spa|1\n|-unboost|p1b: Iron Bundle|spa|1\n|move|p1a: Abomasnow|Aurora Veil|p1a: Abomasnow\n|-sidestart|p1: jemenuieeee|move: Aurora Veil\n|\n|-weather|Snow|[upkeep]\n|upkeep\n|turn|2\n|\n|t:|1682344042\n|switch|p1a: Iron Hands|Iron Hands, L50|100\/100\n|move|p1b: Iron Bundle|Encore|p2b: Orthworm\n|-start|p2b: Orthworm|Encore\n|move|p2a: Arcanine|Snarl|p1b: Iron Bundle|[spread] p1a,p1b\n|-resisted|p1a: Iron Hands\n|-damage|p1a: Iron Hands|99\/100\n|-damage|p1b: Iron Bundle|71\/100\n|-unboost|p1a: Iron Hands|spa|1\n|-unboost|p1b: Iron Bundle|spa|1\n|move|p2b: Orthworm|Protect||[still]\n|-fail|p2b: Orthworm\n|\n|-weather|Snow|[upkeep]\n|upkeep\n|turn|3\n|\n|t:|1682344064\n|switch|p2b: Gyarados|Gyarados, L50, F|100\/100\n|-ability|p2b: Gyarados|Intimidate|boost\n|-unboost|p1a: Iron Hands|atk|1\n|-unboost|p1b: Iron Bundle|atk|1\n|move|p1b: Iron Bundle|Electric Terrain|p1b: Iron Bundle\n|-fieldstart|move: Electric Terrain\n|-activate|p1b: Iron Bundle|ability: Quark Drive\n|-start|p1b: Iron Bundle|quarkdrivespe\n|-enditem|p1b: Iron Bundle|Electric Seed\n|-boost|p1b: Iron Bundle|def|1|[from] item: Electric Seed\n|-activate|p1a: Iron Hands|ability: Quark Drive\n|-start|p1a: Iron Hands|quarkdriveatk\n|move|p2a: Arcanine|Will-O-Wisp|p1a: Iron Hands\n|-status|p1a: Iron Hands|brn\n|move|p1a: Iron Hands|Drain Punch|p2a: Arcanine\n|-supereffective|p2a: Arcanine\n|-damage|p2a: Arcanine|12\/100\n|-heal|p1a: Iron Hands|100\/100 brn|[from] drain|[of] p2a: Arcanine\n|\n|-weather|Snow|[upkeep]\n|-damage|p1a: Iron Hands|94\/100 brn|[from] brn\n|upkeep\n|turn|4\n|inactive|Prompto88 has 30 seconds left.\n|\n|t:|1682344091\n|switch|p2a: Garganacl|Garganacl, L50, M|100\/100\n|move|p1b: Iron Bundle|Freeze-Dry|p2b: Gyarados\n|-supereffective|p2b: Gyarados\n|-damage|p2b: Gyarados|41\/100\n|move|p2b: Gyarados|Thunder Wave|p1b: Iron Bundle\n|-status|p1b: Iron Bundle|par\n|move|p1a: Iron Hands|Drain Punch|p2a: Garganacl\n|-supereffective|p2a: Garganacl\n|-damage|p2a: Garganacl|74\/100\n|-heal|p1a: Iron Hands|100\/100 brn|[from] drain|[of] p2a: Garganacl\n|\n|-weather|Snow|[upkeep]\n|-heal|p2a: Garganacl|80\/100|[from] item: Leftovers\n|-damage|p1a: Iron Hands|94\/100 brn|[from] brn\n|upkeep\n|turn|5\n|inactive|jemenuieeee has 30 seconds left.\n|inactive|jemenuieeee has 20 seconds left.\n|inactive|Prompto88 has 30 seconds left.\n|inactive|jemenuieeee has 15 seconds left.\n|inactive|jemenuieeee has 10 seconds left.\n|\n|t:|1682344137\n|move|p1b: Iron Bundle|Encore|p2b: Gyarados\n|-start|p2b: Gyarados|Encore\n|move|p2b: Gyarados|Thunder Wave||[still]\n|-fail|p2b: Gyarados\n|move|p2a: Garganacl|Salt Cure|p1b: Iron Bundle\n|-supereffective|p1b: Iron Bundle\n|-damage|p1b: Iron Bundle|61\/100 par\n|-start|p1b: Iron Bundle|Salt Cure\n|move|p1a: Iron Hands|Drain Punch|p2a: Garganacl\n|-supereffective|p2a: Garganacl\n|-damage|p2a: Garganacl|55\/100\n|-heal|p1a: Iron Hands|100\/100 brn|[from] drain|[of] p2a: Garganacl\n|\n|-weather|none\n|-heal|p2a: Garganacl|60\/100|[from] item: Leftovers\n|-damage|p1a: Iron Hands|94\/100 brn|[from] brn\n|-damage|p1b: Iron Bundle|36\/100 par|[from] Salt Cure\n|upkeep\n|turn|6\n|\n|t:|1682344159\n|switch|p2b: Arcanine|Arcanine, L50, F, tera:Steel|12\/100\n|-ability|p2b: Arcanine|Intimidate|boost\n|-unboost|p1a: Iron Hands|atk|1\n|-unboost|p1b: Iron Bundle|atk|1\n|move|p1b: Iron Bundle|Freeze-Dry|p2b: Arcanine\n|-resisted|p2b: Arcanine\n|-damage|p2b: Arcanine|4\/100\n|move|p2a: Garganacl|Salt Cure|p1a: Iron Hands\n|-resisted|p1a: Iron Hands\n|-damage|p1a: Iron Hands|91\/100 brn\n|-start|p1a: Iron Hands|Salt Cure\n|move|p1a: Iron Hands|Drain Punch|p2a: Garganacl\n|-supereffective|p2a: Garganacl\n|-damage|p2a: Garganacl|40\/100\n|-heal|p1a: Iron Hands|99\/100 brn|[from] drain|[of] p2a: Garganacl\n|\n|-heal|p2a: Garganacl|46\/100|[from] item: Leftovers\n|-damage|p1a: Iron Hands|93\/100 brn|[from] brn\n|-damage|p1b: Iron Bundle|12\/100 par|[from] Salt Cure\n|-damage|p1a: Iron Hands|81\/100 brn|[from] Salt Cure\n|upkeep\n|turn|7\n|inactive|jemenuieeee has 30 seconds left.\n|inactive|jemenuieeee has 20 seconds left.\n|\n|t:|1682344198\n|-end|p1a: Iron Hands|Quark Drive|[silent]\n|switch|p1a: Abomasnow|Abomasnow, L50, F|92\/100\n|-weather|Snow|[from] ability: Snow Warning|[of] p1a: Abomasnow\n|move|p2b: Arcanine|Protect|p2b: Arcanine\n|-singleturn|p2b: Arcanine|Protect\n|cant|p1b: Iron Bundle|par\n|move|p2a: Garganacl|Recover|p2a: Garganacl\n|-heal|p2a: Garganacl|96\/100\n|\n|-weather|Snow|[upkeep]\n|-heal|p2a: Garganacl|100\/100|[from] item: Leftovers\n|-damage|p1b: Iron Bundle|0 fnt|[from] Salt Cure\n|faint|p1b: Iron Bundle\n|-end|p1b: Iron Bundle|Quark Drive|[silent]\n|-fieldend|move: Electric Terrain\n|upkeep\n|\n|t:|1682344210\n|switch|p1b: Iron Hands|Iron Hands, L50|81\/100 brn\n|turn|8\n|inactive|jemenuieeee has 30 seconds left.\n|inactive|jemenuieeee has 20 seconds left.\n|\n|t:|1682344246\n|switch|p2b: Gyarados|Gyarados, L50, F|41\/100\n|-ability|p2b: Gyarados|Intimidate|boost\n|-unboost|p1a: Abomasnow|atk|1\n|-unboost|p1b: Iron Hands|atk|1\n|-terastallize|p1a: Abomasnow|Water\n|move|p1b: Iron Hands|Fake Out|p2b: Gyarados\n|-damage|p2b: Gyarados|36\/100\n|move|p1a: Abomasnow|Energy Ball|p2a: Garganacl\n|-supereffective|p2a: Garganacl\n|-damage|p2a: Garganacl|43\/100\n|move|p2a: Garganacl|Salt Cure|p1b: Iron Hands\n|-resisted|p1b: Iron Hands\n|-damage|p1b: Iron Hands|78\/100 brn\n|-start|p1b: Iron Hands|Salt Cure\n|\n|-weather|Snow|[upkeep]\n|-heal|p2a: Garganacl|48\/100|[from] item: Leftovers\n|-damage|p1b: Iron Hands|71\/100 brn|[from] brn\n|-damage|p1b: Iron Hands|59\/100 brn|[from] Salt Cure\n|-sideend|p1: jemenuieeee|move: Aurora Veil\n|upkeep\n|turn|9\n|\n|t:|1682344265\n|move|p2a: Garganacl|Protect|p2a: Garganacl\n|-singleturn|p2a: Garganacl|Protect\n|move|p2b: Gyarados|Thunder Wave|p1a: Abomasnow\n|-status|p1a: Abomasnow|par\n|move|p1b: Iron Hands|Wild Charge|p2b: Gyarados\n|-supereffective|p2b: Gyarados\n|-damage|p2b: Gyarados|0 fnt\n|faint|p2b: Gyarados\n|-damage|p1b: Iron Hands|52\/100 brn|[from] Recoil\n|move|p1a: Abomasnow|Aurora Veil|p1a: Abomasnow\n|-sidestart|p1: jemenuieeee|move: Aurora Veil\n|\n|-weather|Snow|[upkeep]\n|-heal|p2a: Garganacl|54\/100|[from] item: Leftovers\n|-damage|p1b: Iron Hands|46\/100 brn|[from] brn\n|-damage|p1b: Iron Hands|34\/100 brn|[from] Salt Cure\n|upkeep\n|\n|t:|1682344279\n|switch|p2b: Orthworm|Orthworm, L50, M|100\/100\n|turn|10\n|\n|t:|1682344291\n|switch|p2a: Arcanine|Arcanine, L50, F, tera:Steel|4\/100\n|-ability|p2a: Arcanine|Intimidate|boost\n|-unboost|p1a: Abomasnow|atk|1\n|-unboost|p1b: Iron Hands|atk|1\n|move|p2b: Orthworm|Iron Defense|p2b: Orthworm\n|-boost|p2b: Orthworm|def|2\n|move|p1b: Iron Hands|Drain Punch|p2a: Arcanine\n|-supereffective|p2a: Arcanine\n|-damage|p2a: Arcanine|0 fnt\n|-heal|p1b: Iron Hands|35\/100 brn|[from] drain|[of] p2a: Arcanine\n|faint|p2a: Arcanine\n|move|p1a: Abomasnow|Energy Ball|p2b: Orthworm\n|-resisted|p2b: Orthworm\n|-damage|p2b: Orthworm|78\/100\n|\n|-weather|Snow|[upkeep]\n|-damage|p1b: Iron Hands|29\/100 brn|[from] brn\n|-damage|p1b: Iron Hands|17\/100 brn|[from] Salt Cure\n|upkeep\n|\n|t:|1682344306\n|switch|p2a: Garganacl|Garganacl, L50, M|54\/100\n|turn|11\n|\n|t:|1682344317\n|move|p2a: Garganacl|Protect|p2a: Garganacl\n|-singleturn|p2a: Garganacl|Protect\n|move|p2b: Orthworm|Body Press|p1a: Abomasnow\n|-damage|p1a: Abomasnow|49\/100 par\n|move|p1b: Iron Hands|Drain Punch|p2a: Garganacl\n|-activate|p2a: Garganacl|move: Protect\n|move|p1a: Abomasnow|Energy Ball|p2a: Garganacl\n|-activate|p2a: Garganacl|move: Protect\n|\n|-weather|none\n|-heal|p2a: Garganacl|60\/100|[from] item: Leftovers\n|-damage|p1b: Iron Hands|10\/100 brn|[from] brn\n|-damage|p1b: Iron Hands|0 fnt|[from] Salt Cure\n|faint|p1b: Iron Hands\n|-end|p1b: Iron Hands|Quark Drive|[silent]\n|upkeep\n|\n|t:|1682344320\n|switch|p1b: Farigiraf|Farigiraf, L50, M|100\/100\n|turn|12\n|\n|t:|1682344338\n|move|p2b: Orthworm|Body Press|p1a: Abomasnow\n|-damage|p1a: Abomasnow|6\/100 par\n|move|p1b: Farigiraf|Nasty Plot|p1b: Farigiraf\n|-boost|p1b: Farigiraf|spa|2\n|move|p2a: Garganacl|Salt Cure|p1a: Abomasnow\n|-damage|p1a: Abomasnow|0 fnt\n|faint|p1a: Abomasnow\n|\n|-heal|p2a: Garganacl|66\/100|[from] item: Leftovers\n|upkeep\n|turn|13\n|inactive|jemenuieeee has 30 seconds left.\n|\n|t:|1682344363\n|move|p2b: Orthworm|Body Press|p1b: Farigiraf\n|-damage|p1b: Farigiraf|62\/100\n|move|p1b: Farigiraf|Future Sight|p2a: Garganacl\n|-start|p1b: Farigiraf|move: Future Sight\n|move|p2a: Garganacl|Salt Cure|p1b: Farigiraf\n|-damage|p1b: Farigiraf|52\/100\n|-start|p1b: Farigiraf|Salt Cure\n|\n|-heal|p2a: Garganacl|72\/100|[from] item: Leftovers\n|-damage|p1b: Farigiraf|40\/100|[from] Salt Cure\n|upkeep\n|turn|14\n|-message|jemenuieeee forfeited.\n|\n|win|Prompto88\n|raw|jemenuieeee's rating: 1226 → 1199<\/strong> (-27 for losing)\n|raw|Prompto88's rating: 1198 → 1225<\/strong> (+27 for winning)\n|l|\u2606jemenuieeee\n","uploadtime":1682344378,"views":29,"p1id":"jemenuieeee","p2id":"prompto88","formatid":"gen9vgc2023regulationc","rating":1199,"private":0,"password":""}