{"id":"gen9vgc2023regulationc-1860624795","p1":"Mumumumum","p2":"Soooma","format":"[Gen 9] VGC 2023 Regulation C","log":"|j|\u2606Mumumumum\n|j|\u2606Soooma\n|t:|1683660145\n|gametype|doubles\n|player|p1|Mumumumum|265|1321\n|player|p2|Soooma|1|1408\n|teamsize|p1|6\n|teamsize|p2|6\n|gen|9\n|tier|[Gen 9] VGC 2023 Regulation C\n|rated|\n|rule|Species Clause: Limit one of each Pok\u00e9mon\n|rule|Item Clause: Limit one of each item\n|clearpoke\n|poke|p1|Sandy Shocks, L50|\n|poke|p1|Talonflame, L50, F|\n|poke|p1|Espathra, L50, M|\n|poke|p1|Sylveon, L50, M|\n|poke|p1|Dondozo, L50, M|\n|poke|p1|Tatsugiri-Stretchy, L50, M|\n|poke|p2|Iron Hands, L50|\n|poke|p2|Amoonguss, L50, M|\n|poke|p2|Arcanine, L50, M|\n|poke|p2|Kingambit, L50, M|\n|poke|p2|Palafin, L50, M|\n|poke|p2|Armarouge, L50, M|\n|teampreview|4\n|inactive|Battle timer is ON: inactive players will automatically lose when time's up. (requested by Soooma)\n|\n|t:|1683660182\n|start\n|switch|p1a: Sandy Shocks|Sandy Shocks, L50, shiny|100\/100\n|switch|p1b: Sylveon|Sylveon, L50, M|100\/100\n|switch|p2a: Palafin|Palafin, L50, M|100\/100\n|switch|p2b: Arcanine|Arcanine, L50, M|100\/100\n|-ability|p2b: Arcanine|Intimidate|boost\n|-unboost|p1a: Sandy Shocks|atk|1\n|-unboost|p1b: Sylveon|atk|1\n|turn|1\n|\n|t:|1683660200\n|detailschange|p2a: Palafin|Palafin-Hero, L50, M\n|switch|p2a: Amoonguss|Amoonguss, L50, M|100\/100\n|move|p1a: Sandy Shocks|Stealth Rock|p2a: Amoonguss\n|-sidestart|p2: Soooma|move: Stealth Rock\n|move|p2b: Arcanine|Flare Blitz|p1a: Sandy Shocks\n|-damage|p1a: Sandy Shocks|38\/100\n|-damage|p2b: Arcanine|82\/100|[from] Recoil\n|move|p1b: Sylveon|Hyper Voice|p2b: Arcanine|[spread] p2a,p2b\n|-resisted|p2a: Amoonguss\n|-resisted|p2b: Arcanine\n|-damage|p2a: Amoonguss|86\/100\n|-damage|p2b: Arcanine|61\/100\n|\n|upkeep\n|turn|2\n|\n|t:|1683660216\n|move|p1b: Sylveon|Protect|p1b: Sylveon\n|-singleturn|p1b: Sylveon|Protect\n|move|p1a: Sandy Shocks|Earth Power|p2b: Arcanine\n|-supereffective|p2b: Arcanine\n|-damage|p2b: Arcanine|0 fnt\n|faint|p2b: Arcanine\n|move|p2a: Amoonguss|Spore|p1b: Sylveon\n|-activate|p1b: Sylveon|move: Protect\n|\n|upkeep\n|\n|t:|1683660228\n|switch|p2b: Kingambit|Kingambit, L50, M|100\/100\n|-damage|p2b: Kingambit|94\/100|[from] Stealth Rock\n|turn|3\n|\n|t:|1683660238\n|move|p2b: Kingambit|Sucker Punch||[still]\n|-fail|p2b: Kingambit\n|move|p1a: Sandy Shocks|Gravity|p1a: Sandy Shocks\n|-fieldstart|move: Gravity\n|move|p1b: Sylveon|Hyper Voice|p2a: Amoonguss|[spread] p2a,p2b\n|-resisted|p2a: Amoonguss\n|-damage|p2a: Amoonguss|70\/100\n|-damage|p2b: Kingambit|62\/100\n|move|p2a: Amoonguss|Spore|p1b: Sylveon\n|-status|p1b: Sylveon|slp|[from] move: Spore\n|\n|upkeep\n|turn|4\n|\n|t:|1683660252\n|move|p2a: Amoonguss|Rage Powder|p2a: Amoonguss\n|-singleturn|p2a: Amoonguss|move: Rage Powder\n|move|p1a: Sandy Shocks|Earth Power|p2a: Amoonguss\n|-damage|p2a: Amoonguss|34\/100\n|-unboost|p2a: Amoonguss|spd|1\n|-enditem|p2a: Amoonguss|Sitrus Berry|[eat]\n|-heal|p2a: Amoonguss|59\/100|[from] item: Sitrus Berry\n|cant|p1b: Sylveon|slp\n|move|p2b: Kingambit|Kowtow Cleave|p1a: Sandy Shocks\n|-damage|p1a: Sandy Shocks|0 fnt\n|faint|p1a: Sandy Shocks\n|-end|p1a: Sandy Shocks|Protosynthesis|[silent]\n|\n|upkeep\n|\n|t:|1683660263\n|switch|p1a: Dondozo|Dondozo, L50, M|100\/100\n|turn|5\n|\n|t:|1683660274\n|switch|p1b: Tatsugiri|Tatsugiri-Stretchy, L50, M|100\/100\n|-activate|p1b: Tatsugiri|ability: Commander|[of] p1a: Dondozo\n|-boost|p1a: Dondozo|atk|2\n|-boost|p1a: Dondozo|spa|2\n|-boost|p1a: Dondozo|spe|2\n|-boost|p1a: Dondozo|def|2\n|-boost|p1a: Dondozo|spd|2\n|-terastallize|p1a: Dondozo|Ground\n|move|p1a: Dondozo|Earthquake|p2a: Amoonguss|[spread] p2a,p2b\n|-miss|p1a: Dondozo|p1b: Tatsugiri\n|-supereffective|p2b: Kingambit\n|-damage|p2a: Amoonguss|0 fnt\n|-damage|p2b: Kingambit|0 fnt\n|faint|p2a: Amoonguss\n|faint|p2b: Kingambit\n|\n|upkeep\n|\n|t:|1683660288\n|switch|p2b: Palafin|Palafin-Hero, L50, M|100\/100\n|-damage|p2b: Palafin|88\/100|[from] Stealth Rock\n|-activate|p2b: Palafin|ability: Zero to Hero\n|turn|6\n|\n|t:|1683660304\n|move|p1a: Dondozo|Earthquake|p2b: Palafin|[spread] p2b\n|-miss|p1a: Dondozo|p1b: Tatsugiri\n|-damage|p2b: Palafin|0 fnt\n|faint|p2b: Palafin\n|\n|win|Mumumumum\n|raw|Mumumumum's rating: 1321 → 1346<\/strong> (+25 for winning)\n|raw|Soooma's rating: 1408 → 1383<\/strong> (-25 for losing)\n","uploadtime":1683660309,"views":19,"p1id":"mumumumum","p2id":"soooma","formatid":"gen9vgc2023regulationc","rating":1346,"private":0,"password":""}