{"id":"gen9vgc2023regulationc-1863395129","p1":"MatePod Testing","p2":"Humanberrito 2.0","format":"[Gen 9] VGC 2023 Regulation C","log":"|j|\u2606MatePod Testing\n|j|\u2606Humanberrito 2.0\n|t:|1684011497\n|gametype|doubles\n|player|p1|MatePod Testing|1|\n|player|p2|Humanberrito 2.0|unknown|\n|teamsize|p1|6\n|teamsize|p2|6\n|gen|9\n|tier|[Gen 9] VGC 2023 Regulation C\n|rated|Tournament battle\n|rule|Species Clause: Limit one of each Pok\u00e9mon\n|rule|Item Clause: Limit one of each item\n|clearpoke\n|poke|p1|Chi-Yu, L50|\n|poke|p1|Murkrow, L50, M|\n|poke|p1|Flutter Mane, L50|\n|poke|p1|Scizor, L50, F|\n|poke|p1|Gyarados, L50, F|\n|poke|p1|Amoonguss, L50, M|\n|poke|p2|Flutter Mane, L50|\n|poke|p2|Ting-Lu, L50|\n|poke|p2|Arcanine, L50, F|\n|poke|p2|Palafin, L50, F|\n|poke|p2|Chien-Pao, L50|\n|poke|p2|Talonflame, L50, M|\n|teampreview|4\n|raw| Open Team Sheet for MatePod Testing<\/summary>Chi-Yu @ Choice Specs Ability: Beads of Ruin Level: 50 Tera Type: Fire - Heat Wave - Dark Pulse - Snarl - Flamethrower Murkrow @ Eviolite Ability: Prankster Level: 50 Shiny: Yes Tera Type: Dark - Tailwind - Sunny Day - Haze - Foul Play Flutter Mane @ Booster Energy Ability: Protosynthesis Level: 50 Tera Type: Fairy - Dazzling Gleam - Shadow Ball - Protect - Power Gem Scizor @ Life Orb Ability: Technician Level: 50 Tera Type: Fire - X-Scissor - Bullet Punch - Swords Dance - Protect Gyarados @ Clear Amulet Ability: Intimidate Level: 50 Shiny: Yes Tera Type: Ground - Waterfall - Ice Fang - Dragon Dance - Protect Amoonguss @ Sitrus Berry Ability: Regenerator Level: 50 Shiny: Yes Tera Type: Water - Pollen Puff - Rage Powder - Spore - Protect <\/details><\/div> Open Team Sheet for Humanberrito 2.0<\/summary>Flutter Mane @ Choice Specs Ability: Protosynthesis Level: 50 Tera Type: Fairy - Moonblast - Shadow Ball - Dazzling Gleam - Energy Ball Ting-Lu @ Assault Vest Ability: Vessel of Ruin Level: 50 Tera Type: Steel - Fissure - Stomping Tantrum - Body Press - Mud-Slap Arcanine @ Safety Goggles Ability: Intimidate Level: 50 Tera Type: Ghost - Flare Blitz - Will-O-Wisp - Extreme Speed - Protect Palafin @ Mystic Water Ability: Zero to Hero Level: 50 Tera Type: Water - Jet Punch - Wave Crash - Haze - Protect Chien-Pao @ Focus Sash Ability: Sword of Ruin Level: 50 Tera Type: Ghost - Ice Spinner - Sucker Punch - Sacred Sword - Protect Talonflame @ Covert Cloak Ability: Gale Wings Level: 50 Tera Type: Fire - Brave Bird - Taunt - Will-O-Wisp - Tailwind <\/details><\/div>\n|inactive|Battle timer is ON: inactive players will automatically lose when time's up. (requested by MatePod Testing)\n|c|\u2606MatePod Testing|glhf\n|j| A1ge7\n|c|\u2606Humanberrito 2.0|U2\n|j| Draxolotl\n|inactive|MatePod Testing has 60 seconds left.\n|\n|t:|1684011531\n|start\n|switch|p1a: Scizor|Scizor, L50, F|100\/100\n|switch|p1b: Gyarados|Gyarados, L50, F, shiny|100\/100\n|switch|p2a: Palafin|Palafin, L50, F|100\/100\n|switch|p2b: Talonflame|Talonflame, L50, M|100\/100\n|-ability|p1b: Gyarados|Intimidate|boost\n|-unboost|p2a: Palafin|atk|1\n|-unboost|p2b: Talonflame|atk|1\n|turn|1\n|\n|t:|1684011551\n|detailschange|p2a: Palafin|Palafin-Hero, L50, F\n|switch|p2a: Arcanine|Arcanine, L50, F|100\/100\n|-ability|p2a: Arcanine|Intimidate|boost\n|-unboost|p1a: Scizor|atk|1\n|-fail|p1b: Gyarados|unboost|[from] item: Clear Amulet|[of] p1b: Gyarados\n|move|p1a: Scizor|Protect|p1a: Scizor\n|-singleturn|p1a: Scizor|Protect\n|move|p2b: Talonflame|Tailwind|p2b: Talonflame\n|-sidestart|p2: Humanberrito 2.0|move: Tailwind\n|move|p1b: Gyarados|Dragon Dance|p1b: Gyarados\n|-boost|p1b: Gyarados|atk|1\n|-boost|p1b: Gyarados|spe|1\n|\n|upkeep\n|turn|2\n|j| Zilluhh\n|\n|t:|1684011571\n|switch|p1a: Flutter Mane|Flutter Mane, L50|100\/100\n|-enditem|p1a: Flutter Mane|Booster Energy\n|-activate|p1a: Flutter Mane|ability: Protosynthesis|[fromitem]\n|-start|p1a: Flutter Mane|protosynthesisspa\n|move|p2b: Talonflame|Will-O-Wisp|p1b: Gyarados\n|-status|p1b: Gyarados|brn\n|move|p2a: Arcanine|Will-O-Wisp|p1a: Flutter Mane\n|-status|p1a: Flutter Mane|brn\n|move|p1b: Gyarados|Waterfall|p2b: Talonflame\n|-supereffective|p2b: Talonflame\n|-damage|p2b: Talonflame|22\/100\n|\n|-damage|p1b: Gyarados|94\/100 brn|[from] brn\n|-damage|p1a: Flutter Mane|95\/100 brn|[from] brn\n|upkeep\n|turn|3\n|\n|t:|1684011584\n|move|p1a: Flutter Mane|Protect|p1a: Flutter Mane\n|-singleturn|p1a: Flutter Mane|Protect\n|move|p2b: Talonflame|Brave Bird|p1a: Flutter Mane\n|-activate|p1a: Flutter Mane|move: Protect\n|move|p2a: Arcanine|Flare Blitz|p1a: Flutter Mane\n|-activate|p1a: Flutter Mane|move: Protect\n|move|p1b: Gyarados|Waterfall|p2b: Talonflame\n|-supereffective|p2b: Talonflame\n|-damage|p2b: Talonflame|0 fnt\n|faint|p2b: Talonflame\n|\n|-damage|p1b: Gyarados|88\/100 brn|[from] brn\n|-damage|p1a: Flutter Mane|89\/100 brn|[from] brn\n|upkeep\n|\n|t:|1684011588\n|switch|p2b: Flutter Mane|Flutter Mane, L50|100\/100\n|turn|4\n|\n|t:|1684011610\n|switch|p2a: Palafin|Palafin-Hero, L50, F|100\/100\n|-activate|p2a: Palafin|ability: Zero to Hero\n|-end|p1a: Flutter Mane|Protosynthesis|[silent]\n|switch|p1a: Scizor|Scizor, L50, F|100\/100\n|-terastallize|p2b: Flutter Mane|Fairy\n|move|p2b: Flutter Mane|Moonblast|p1b: Gyarados\n|-damage|p1b: Gyarados|8\/100 brn\n|move|p1b: Gyarados|Waterfall|p2a: Palafin\n|-resisted|p2a: Palafin\n|-damage|p2a: Palafin|87\/100\n|\n|-damage|p1b: Gyarados|2\/100 brn|[from] brn\n|-sideend|p2: Humanberrito 2.0|move: Tailwind\n|upkeep\n|turn|5\n|inactive|MatePod Testing has 30 seconds left.\n|\n|t:|1684011644\n|-end|p2b: Flutter Mane|Protosynthesis|[silent]\n|switch|p2b: Arcanine|Arcanine, L50, F|100\/100\n|-ability|p2b: Arcanine|Intimidate|boost\n|-unboost|p1a: Scizor|atk|1\n|-fail|p1b: Gyarados|unboost|[from] item: Clear Amulet|[of] p1b: Gyarados\n|switch|p1b: Amoonguss|Amoonguss, L50, M, shiny|100\/100\n|move|p2a: Palafin|Protect|p2a: Palafin\n|-singleturn|p2a: Palafin|Protect\n|move|p1a: Scizor|Swords Dance|p1a: Scizor\n|-boost|p1a: Scizor|atk|2\n|\n|upkeep\n|turn|6\n|j| rent_b0i\n|\n|t:|1684011661\n|-terastallize|p1b: Amoonguss|Water\n|move|p1b: Amoonguss|Rage Powder|p1b: Amoonguss\n|-singleturn|p1b: Amoonguss|move: Rage Powder\n|move|p2a: Palafin|Haze|p2a: Palafin\n|-clearallboost\n|move|p2b: Arcanine|Flare Blitz|p1a: Scizor\n|-supereffective|p1a: Scizor\n|-damage|p1a: Scizor|0 fnt\n|faint|p1a: Scizor\n|-damage|p2b: Arcanine|71\/100|[from] Recoil\n|\n|upkeep\n|\n|t:|1684011671\n|switch|p1a: Flutter Mane|Flutter Mane, L50|89\/100 brn\n|turn|7\n|inactive|Humanberrito 2.0 has 30 seconds left.\n|l| Zilluhh\n|inactive|Humanberrito 2.0 has 20 seconds left.\n|\n|t:|1684011707\n|move|p1b: Amoonguss|Rage Powder|p1b: Amoonguss\n|-singleturn|p1b: Amoonguss|move: Rage Powder\n|move|p1a: Flutter Mane|Power Gem|p2b: Arcanine\n|-supereffective|p2b: Arcanine\n|-damage|p2b: Arcanine|18\/100\n|move|p2a: Palafin|Wave Crash|p1b: Amoonguss\n|-resisted|p1b: Amoonguss\n|-damage|p1b: Amoonguss|62\/100\n|-damage|p2a: Palafin|71\/100|[from] Recoil\n|move|p2b: Arcanine|Flare Blitz|p1b: Amoonguss\n|-resisted|p1b: Amoonguss\n|-damage|p1b: Amoonguss|43\/100\n|-enditem|p1b: Amoonguss|Sitrus Berry|[eat]\n|-heal|p1b: Amoonguss|68\/100|[from] item: Sitrus Berry\n|-damage|p2b: Arcanine|11\/100|[from] Recoil\n|\n|-damage|p1a: Flutter Mane|83\/100 brn|[from] brn\n|upkeep\n|turn|8\n|l| Draxolotl\n|\n|t:|1684011719\n|move|p2b: Arcanine|Protect|p2b: Arcanine\n|-singleturn|p2b: Arcanine|Protect\n|move|p1b: Amoonguss|Rage Powder|p1b: Amoonguss\n|-singleturn|p1b: Amoonguss|move: Rage Powder\n|move|p1a: Flutter Mane|Dazzling Gleam|p2a: Palafin|[spread] p2a\n|-activate|p2b: Arcanine|move: Protect\n|-damage|p2a: Palafin|32\/100\n|move|p2a: Palafin|Wave Crash|p1b: Amoonguss\n|-resisted|p1b: Amoonguss\n|-damage|p1b: Amoonguss|29\/100\n|-damage|p2a: Palafin|17\/100|[from] Recoil\n|\n|-damage|p1a: Flutter Mane|77\/100 brn|[from] brn\n|upkeep\n|turn|9\n|\n|t:|1684011740\n|move|p2b: Arcanine|Extreme Speed|p1b: Amoonguss\n|-damage|p1b: Amoonguss|12\/100\n|move|p1b: Amoonguss|Rage Powder|p1b: Amoonguss\n|-singleturn|p1b: Amoonguss|move: Rage Powder\n|move|p2a: Palafin|Jet Punch|p1b: Amoonguss\n|-resisted|p1b: Amoonguss\n|-damage|p1b: Amoonguss|0 fnt\n|faint|p1b: Amoonguss\n|move|p1a: Flutter Mane|Dazzling Gleam|p2b: Arcanine|[spread] p2a,p2b\n|-resisted|p2b: Arcanine\n|-damage|p2a: Palafin|0 fnt\n|-damage|p2b: Arcanine|0 fnt\n|faint|p2a: Palafin\n|faint|p2b: Arcanine\n|\n|-damage|p1a: Flutter Mane|71\/100 brn|[from] brn\n|upkeep\n|\n|t:|1684011747\n|switch|p2b: Flutter Mane|Flutter Mane, L50, tera:Fairy|100\/100\n|switch|p1b: Gyarados|Gyarados, L50, F, shiny|2\/100 brn\n|-ability|p1b: Gyarados|Intimidate|boost\n|-unboost|p2b: Flutter Mane|atk|1\n|turn|10\n|\n|t:|1684011752\n|move|p2b: Flutter Mane|Shadow Ball|p1a: Flutter Mane\n|-supereffective|p1a: Flutter Mane\n|-damage|p1a: Flutter Mane|0 fnt\n|faint|p1a: Flutter Mane\n|-end|p1a: Flutter Mane|Protosynthesis|[silent]\n|move|p1b: Gyarados|Waterfall|p2b: Flutter Mane\n|-damage|p2b: Flutter Mane|70\/100\n|\n|-damage|p1b: Gyarados|0 fnt|[from] brn\n|faint|p1b: Gyarados\n|\n|win|Humanberrito 2.0\n|upkeep\n|n|\u2606MatePod Testing|matepodtesting\n|n|\u2606Humanberrito 2.0|humanberrito20\n|n| A1ge7|a1ge7\n|n| rent_b0i|rentb0i\n|c|\u2606MatePod Testing|gg\n","uploadtime":1684011761,"views":11,"p1id":"matepodtesting","p2id":"humanberrito20","formatid":"gen9vgc2023regulationc","rating":0,"private":0,"password":""}