{"id":"gen9vgc2023regulationc-1851969031","p1":"megagenger2023","p2":"SDcupl","format":"[Gen 9] VGC 2023 Regulation C","log":"|j|\u2606megagenger2023\n|j|\u2606SDcupl\n|t:|1682512255\n|gametype|doubles\n|player|p1|megagenger2023|1|1642\n|player|p2|SDcupl|dawn-masters|1624\n|teamsize|p1|6\n|teamsize|p2|6\n|gen|9\n|tier|[Gen 9] VGC 2023 Regulation C\n|rated|\n|rule|Species Clause: Limit one of each Pok\u00e9mon\n|rule|Item Clause: Limit one of each item\n|clearpoke\n|poke|p1|Flutter Mane, L50|\n|poke|p1|Azumarill, L50, M|\n|poke|p1|Ting-Lu, L50|\n|poke|p1|Gothitelle, L50, F|\n|poke|p1|Arcanine, L50, M|\n|poke|p1|Amoonguss, L50, M|\n|poke|p2|Chi-Yu, L50|\n|poke|p2|Flutter Mane, L50|\n|poke|p2|Gothitelle, L50, F|\n|poke|p2|Iron Hands, L50|\n|poke|p2|Chien-Pao, L50|\n|poke|p2|Dragonite, L50, F|\n|teampreview|4\n|inactive|Battle timer is ON: inactive players will automatically lose when time's up. (requested by megagenger2023)\n|inactive|megagenger2023 has 60 seconds left.\n|inactive|SDcupl has 60 seconds left.\n|\n|t:|1682512293\n|start\n|switch|p1a: Flutter Mane|Flutter Mane, L50|100\/100\n|switch|p1b: Ting-Lu|Ting-Lu, L50|100\/100\n|switch|p2a: Chien-Pao|Chien-Pao, L50|100\/100\n|switch|p2b: Dragonite|Dragonite, L50, F|100\/100\n|-ability|p2a: Chien-Pao|Sword of Ruin\n|-ability|p1b: Ting-Lu|Vessel of Ruin\n|turn|1\n|j| PutPat\n|inactive|SDcupl has 30 seconds left.\n|inactive|megagenger2023 has 30 seconds left.\n|\n|t:|1682512339\n|-end|p1a: Flutter Mane|Protosynthesis|[silent]\n|switch|p1a: Arcanine|Arcanine, L50, M|100\/100\n|-ability|p1a: Arcanine|Intimidate|boost\n|-unboost|p2a: Chien-Pao|atk|1\n|-fail|p2b: Dragonite|unboost|Attack|[from] ability: Inner Focus|[of] p2b: Dragonite\n|-terastallize|p1b: Ting-Lu|Poison\n|move|p2a: Chien-Pao|Sucker Punch||[still]\n|-fail|p2a: Chien-Pao\n|move|p2b: Dragonite|Aqua Jet|p1a: Arcanine\n|-supereffective|p1a: Arcanine\n|-damage|p1a: Arcanine|29\/100\n|move|p1b: Ting-Lu|Heavy Slam|p2a: Chien-Pao\n|-supereffective|p2a: Chien-Pao\n|-damage|p2a: Chien-Pao|30\/100\n|\n|upkeep\n|turn|2\n|inactive|megagenger2023 has 30 seconds left.\n|inactive|SDcupl has 30 seconds left.\n|l| PutPat\n|inactive|SDcupl has 20 seconds left.\n|\n|t:|1682512375\n|switch|p2a: Iron Hands|Iron Hands, L50|100\/100\n|move|p1a: Arcanine|Protect|p1a: Arcanine\n|-singleturn|p1a: Arcanine|Protect\n|move|p2b: Dragonite|Aqua Jet|p1a: Arcanine\n|-activate|p1a: Arcanine|move: Protect\n|move|p1b: Ting-Lu|Heavy Slam|p2a: Iron Hands\n|-resisted|p2a: Iron Hands\n|-damage|p2a: Iron Hands|97\/100\n|\n|upkeep\n|turn|3\n|j| PutPat\n|l| PutPat\n|inactive|megagenger2023 has 30 seconds left.\n|inactive|SDcupl has 30 seconds left.\n|inactive|SDcupl has 20 seconds left.\n|\n|t:|1682512413\n|switch|p1a: Flutter Mane|Flutter Mane, L50|100\/100\n|switch|p2b: Chien-Pao|Chien-Pao, L50|30\/100\n|-ability|p2b: Chien-Pao|Sword of Ruin\n|move|p2a: Iron Hands|Fake Out|p1b: Ting-Lu\n|-damage|p1b: Ting-Lu|89\/100\n|cant|p1b: Ting-Lu|flinch\n|\n|upkeep\n|turn|4\n|inactive|megagenger2023 has 30 seconds left.\n|inactive|SDcupl has 30 seconds left.\n|inactive|SDcupl has 20 seconds left.\n|inactive|SDcupl has 15 seconds left.\n|inactive|SDcupl has 10 seconds left.\n|\n|t:|1682512461\n|move|p1a: Flutter Mane|Protect|p1a: Flutter Mane\n|-singleturn|p1a: Flutter Mane|Protect\n|move|p2b: Chien-Pao|Sucker Punch||[still]\n|-fail|p2b: Chien-Pao\n|move|p1b: Ting-Lu|Heavy Slam|p2b: Chien-Pao\n|-supereffective|p2b: Chien-Pao\n|-damage|p2b: Chien-Pao|0 fnt\n|faint|p2b: Chien-Pao\n|move|p2a: Iron Hands|Drain Punch|p1b: Ting-Lu\n|-resisted|p1b: Ting-Lu\n|-damage|p1b: Ting-Lu|77\/100\n|-heal|p2a: Iron Hands|100\/100|[from] drain|[of] p1b: Ting-Lu\n|\n|upkeep\n|\n|t:|1682512480\n|switch|p2b: Dragonite|Dragonite, L50, F|100\/100\n|turn|5\n|\n|t:|1682512491\n|-terastallize|p2b: Dragonite|Normal\n|move|p2b: Dragonite|Extreme Speed|p1b: Ting-Lu\n|-damage|p1b: Ting-Lu|39\/100\n|move|p1a: Flutter Mane|Moonblast|p2a: Iron Hands\n|-supereffective|p2a: Iron Hands\n|-damage|p2a: Iron Hands|72\/100\n|move|p1b: Ting-Lu|Stomping Tantrum|p2a: Iron Hands\n|-supereffective|p2a: Iron Hands\n|-damage|p2a: Iron Hands|32\/100\n|move|p2a: Iron Hands|Wild Charge|p1a: Flutter Mane\n|-damage|p1a: Flutter Mane|41\/100\n|-damage|p2a: Iron Hands|23\/100|[from] Recoil\n|\n|-heal|p1a: Flutter Mane|47\/100|[from] item: Leftovers\n|upkeep\n|turn|6\n|inactive|SDcupl has 30 seconds left.\n|\n|t:|1682512525\n|-end|p2a: Iron Hands|Quark Drive|[silent]\n|switch|p2a: Flutter Mane|Flutter Mane, L50|100\/100\n|move|p1b: Ting-Lu|Protect|p1b: Ting-Lu\n|-singleturn|p1b: Ting-Lu|Protect\n|move|p2b: Dragonite|Extreme Speed|p1b: Ting-Lu\n|-activate|p1b: Ting-Lu|move: Protect\n|move|p1a: Flutter Mane|Moonblast|p2a: Flutter Mane\n|-damage|p2a: Flutter Mane|65\/100\n|\n|-heal|p1a: Flutter Mane|53\/100|[from] item: Leftovers\n|upkeep\n|turn|7\n|j| checas\n|inactive|megagenger2023 has 30 seconds left.\n|inactive|SDcupl has 30 seconds left.\n|\n|t:|1682512558\n|move|p2a: Flutter Mane|Protect|p2a: Flutter Mane\n|-singleturn|p2a: Flutter Mane|Protect\n|move|p1a: Flutter Mane|Protect|p1a: Flutter Mane\n|-singleturn|p1a: Flutter Mane|Protect\n|move|p2b: Dragonite|Extreme Speed|p1b: Ting-Lu\n|-damage|p1b: Ting-Lu|3\/100\n|-enditem|p1b: Ting-Lu|Figy Berry|[eat]\n|-heal|p1b: Ting-Lu|37\/100|[from] item: Figy Berry\n|move|p1b: Ting-Lu|Heavy Slam|p2a: Flutter Mane\n|-activate|p2a: Flutter Mane|move: Protect\n|\n|-heal|p1a: Flutter Mane|60\/100|[from] item: Leftovers\n|upkeep\n|turn|8\n|\n|t:|1682512587\n|move|p2b: Dragonite|Extreme Speed|p1b: Ting-Lu\n|-damage|p1b: Ting-Lu|0 fnt\n|faint|p1b: Ting-Lu\n|move|p2a: Flutter Mane|Shadow Ball|p1a: Flutter Mane\n|-supereffective|p1a: Flutter Mane\n|-damage|p1a: Flutter Mane|0 fnt\n|faint|p1a: Flutter Mane\n|-end|p1a: Flutter Mane|Protosynthesis|[silent]\n|\n|upkeep\n|\n|t:|1682512596\n|switch|p1a: Azumarill|Azumarill, L50, M|100\/100\n|switch|p1b: Arcanine|Arcanine, L50, M|29\/100\n|-ability|p1b: Arcanine|Intimidate|boost\n|-unboost|p2a: Flutter Mane|atk|1\n|-fail|p2b: Dragonite|unboost|Attack|[from] ability: Inner Focus|[of] p2b: Dragonite\n|turn|9\n|inactive|SDcupl has 30 seconds left.\n|j| Horuskoria\n|inactive|SDcupl has 20 seconds left.\n|\n|t:|1682512635\n|move|p1a: Azumarill|Protect|p1a: Azumarill\n|-singleturn|p1a: Azumarill|Protect\n|move|p2b: Dragonite|Extreme Speed|p1b: Arcanine\n|-damage|p1b: Arcanine|0 fnt\n|faint|p1b: Arcanine\n|move|p2a: Flutter Mane|Shadow Ball|p1a: Azumarill\n|-activate|p1a: Azumarill|move: Protect\n|\n|upkeep\n|turn|10\n|inactive|megagenger2023 has 30 seconds left.\n|inactive|megagenger2023 has 20 seconds left.\n|inactive|megagenger2023 has 15 seconds left.\n|inactive|megagenger2023 has 10 seconds left.\n|inactive|megagenger2023 has 5 seconds left.\n|\n|t:|1682512690\n|move|p2b: Dragonite|Extreme Speed|p1a: Azumarill\n|-damage|p1a: Azumarill|33\/100\n|-enditem|p1a: Azumarill|Sitrus Berry|[eat]\n|-heal|p1a: Azumarill|58\/100|[from] item: Sitrus Berry\n|move|p1a: Azumarill|Aqua Jet|p2a: Flutter Mane\n|-damage|p2a: Flutter Mane|10\/100\n|move|p2a: Flutter Mane|Shadow Ball|p1a: Azumarill\n|-damage|p1a: Azumarill|12\/100\n|\n|upkeep\n|turn|11\n|inactive|megagenger2023 has 30 seconds left.\n|inactive|megagenger2023 has 20 seconds left.\n|inactive|megagenger2023 has 15 seconds left.\n|j| screantail\n|inactive|megagenger2023 has 10 seconds left.\n|inactive|megagenger2023 has 5 seconds left.\n|\n|t:|1682512745\n|move|p2b: Dragonite|Extreme Speed|p1a: Azumarill\n|-damage|p1a: Azumarill|0 fnt\n|faint|p1a: Azumarill\n|\n|win|SDcupl\n|raw|megagenger2023's rating: 1642 → 1621<\/strong> (-21 for losing)\n|raw|SDcupl's rating: 1624 → 1645<\/strong> (+21 for winning)\n|l|\u2606SDcupl\n|j| Nihilego Abduction\n|l| Horuskoria\n|l|\u2606megagenger2023\n|l| checas\n","uploadtime":1682512816,"views":15,"p1id":"megagenger2023","p2id":"sdcupl","formatid":"gen9vgc2023regulationc","rating":1621,"private":0,"password":""}