{"id":"gen9vgc2023regulationc-1852872132","p1":"CalledComa","p2":"bgcfranky","format":"[Gen 9] VGC 2023 Regulation C","log":"|j|\u2606CalledComa\n|j|\u2606bgcfranky\n|t:|1682613349\n|gametype|doubles\n|player|p1|CalledComa|266|1231\n|player|p2|bgcfranky|rocketgrunt|1138\n|teamsize|p1|6\n|teamsize|p2|6\n|gen|9\n|tier|[Gen 9] VGC 2023 Regulation C\n|rated|\n|rule|Species Clause: Limit one of each Pok\u00e9mon\n|rule|Item Clause: Limit one of each item\n|clearpoke\n|poke|p1|Palafin, L50, F|\n|poke|p1|Chien-Pao, L50|\n|poke|p1|Dragapult, L50, F|\n|poke|p1|Amoonguss, L50, M|\n|poke|p1|Arcanine, L50, F|\n|poke|p1|Flutter Mane, L50|\n|poke|p2|Volcarona, L50, M|\n|poke|p2|Wo-Chien, L50|\n|poke|p2|Grimmsnarl, L50, M|\n|poke|p2|Iron Hands, L50|\n|poke|p2|Slowking, L50, F|\n|poke|p2|Salamence, L50, F|\n|teampreview|4\n|\n|t:|1682613402\n|start\n|switch|p1a: Dozo|Palafin, L50, F|100\/100\n|switch|p1b: Dnite|Dragapult, L50, F|100\/100\n|switch|p2a: Iron Hands|Iron Hands, L50|100\/100\n|switch|p2b: Slowking|Slowking, L50, F|100\/100\n|turn|1\n|\n|t:|1682613448\n|move|p1a: Dozo|Protect|p1a: Dozo\n|-singleturn|p1a: Dozo|Protect\n|move|p1b: Dnite|U-turn|p2b: Slowking\n|-supereffective|p2b: Slowking\n|-damage|p2b: Slowking|35\/100\n|\n|t:|1682613454\n|switch|p1b: ChiYu|Arcanine, L50, F|100\/100|[from] U-turn\n|-ability|p1b: ChiYu|Intimidate|boost\n|-unboost|p2a: Iron Hands|atk|1\n|-unboost|p2b: Slowking|atk|1\n|move|p2a: Iron Hands|Belly Drum|p2a: Iron Hands\n|-damage|p2a: Iron Hands|51\/100\n|-setboost|p2a: Iron Hands|atk|6|[from] move: Belly Drum\n|move|p2b: Slowking|Trick Room|p2b: Slowking\n|-fieldstart|move: Trick Room|[of] p2b: Slowking\n|\n|upkeep\n|turn|2\n|\n|t:|1682613492\n|move|p2b: Slowking|Heal Pulse|p2a: Iron Hands\n|-heal|p2a: Iron Hands|100\/100\n|move|p2a: Iron Hands|Thunder Punch|p1a: Dozo\n|-supereffective|p1a: Dozo\n|-damage|p1a: Dozo|0 fnt\n|faint|p1a: Dozo\n|move|p1b: ChiYu|Will-O-Wisp|p2a: Iron Hands\n|-status|p2a: Iron Hands|brn\n|\n|-damage|p2a: Iron Hands|94\/100 brn|[from] brn\n|upkeep\n|\n|t:|1682613511\n|switch|p1a: Bundle|Chien-Pao, L50|100\/100\n|-ability|p1a: Bundle|Sword of Ruin\n|turn|3\n|\n|t:|1682613542\n|switch|p2b: Salamence|Salamence, L50, F, shiny|100\/100\n|-ability|p2b: Salamence|Intimidate|boost\n|-unboost|p1a: Bundle|atk|1\n|-unboost|p1b: ChiYu|atk|1\n|move|p1a: Bundle|Protect|p1a: Bundle\n|-singleturn|p1a: Bundle|Protect\n|move|p2a: Iron Hands|Drain Punch|p1a: Bundle\n|-activate|p1a: Bundle|move: Protect\n|move|p1b: ChiYu|Flare Blitz|p2a: Iron Hands\n|-damage|p2a: Iron Hands|68\/100 brn\n|-damage|p1b: ChiYu|89\/100|[from] Recoil\n|\n|-damage|p2a: Iron Hands|62\/100 brn|[from] brn\n|upkeep\n|turn|4\n|\n|t:|1682613564\n|-terastallize|p1a: Bundle|Ghost\n|move|p1b: ChiYu|Protect|p1b: ChiYu\n|-singleturn|p1b: ChiYu|Protect\n|move|p2a: Iron Hands|Thunder Punch|p1a: Bundle\n|-damage|p1a: Bundle|4\/100\n|move|p2b: Salamence|Air Slash|p1a: Bundle\n|-damage|p1a: Bundle|0 fnt\n|faint|p1a: Bundle\n|-damage|p2b: Salamence|91\/100|[from] item: Life Orb\n|\n|-damage|p2a: Iron Hands|56\/100 brn|[from] brn\n|upkeep\n|\n|t:|1682613577\n|switch|p1a: Dnite|Dragapult, L50, F|100\/100\n|turn|5\n|\n|t:|1682613590\n|-terastallize|p2b: Salamence|Dragon\n|move|p2a: Iron Hands|Drain Punch|p1b: ChiYu\n|-damage|p1b: ChiYu|4\/100\n|-heal|p2a: Iron Hands|87\/100 brn|[from] drain|[of] p1b: ChiYu\n|move|p2b: Salamence|Draco Meteor|p1a: Dnite|[miss]\n|-miss|p2b: Salamence|p1a: Dnite\n|move|p1b: ChiYu|Flare Blitz|p2a: Iron Hands\n|-damage|p2a: Iron Hands|67\/100 brn\n|-damage|p1b: ChiYu|0 fnt|[from] Recoil\n|faint|p1b: ChiYu\n|move|p1a: Dnite|Dragon Darts|p2a: Iron Hands\n|-damage|p2a: Iron Hands|43\/100 brn\n|-enditem|p2a: Iron Hands|Sitrus Berry|[eat]\n|-heal|p2a: Iron Hands|68\/100 brn|[from] item: Sitrus Berry\n|-anim|p1a: Dnite|Dragon Darts|p2b: Salamence\n|-supereffective|p2b: Salamence\n|-damage|p2b: Salamence|18\/100\n|\n|-damage|p2a: Iron Hands|61\/100 brn|[from] brn\n|-fieldend|move: Trick Room\n|upkeep\n|turn|6\n|inactive|Battle timer is ON: inactive players will automatically lose when time's up. (requested by CalledComa)\n|\n|t:|1682613639\n|move|p1a: Dnite|Dragon Darts|p2a: Iron Hands\n|-damage|p2a: Iron Hands|38\/100 brn\n|-anim|p1a: Dnite|Dragon Darts|p2b: Salamence\n|-supereffective|p2b: Salamence\n|-damage|p2b: Salamence|0 fnt\n|faint|p2b: Salamence\n|move|p2a: Iron Hands|Thunder Punch|p1a: Dnite\n|-resisted|p1a: Dnite\n|-damage|p1a: Dnite|50\/100\n|\n|-damage|p2a: Iron Hands|32\/100 brn|[from] brn\n|upkeep\n|\n|t:|1682613652\n|switch|p2b: Slowking|Slowking, L50, F|68\/100\n|turn|7\n|\n|t:|1682613666\n|move|p1a: Dnite|Dragon Darts|p2b: Slowking\n|-damage|p2b: Slowking|36\/100\n|-anim|p1a: Dnite|Dragon Darts|p2a: Iron Hands\n|-damage|p2a: Iron Hands|8\/100 brn\n|move|p2a: Iron Hands|Thunder Punch|p1a: Dnite\n|-resisted|p1a: Dnite\n|-damage|p1a: Dnite|0 fnt\n|faint|p1a: Dnite\n|\n|win|bgcfranky\n|raw|CalledComa's rating: 1231 → 1199<\/strong> (-32 for losing)\n|raw|bgcfranky's rating: 1138 → 1170<\/strong> (+32 for winning)\n|l|\u2606CalledComa\n","uploadtime":1682613689,"views":8,"p1id":"calledcoma","p2id":"bgcfranky","formatid":"gen9vgc2023regulationc","rating":1170,"private":0,"password":""}