{"id":"gen9vgc2023regulationc-1848844221","p1":"Stalldozo","p2":"TrainerDylan24","format":"[Gen 9] VGC 2023 Regulation C","log":"|j|\u2606Stalldozo\n|j|\u2606TrainerDylan24\n|t:|1682116635\n|gametype|doubles\n|player|p1|Stalldozo|265|1085\n|player|p2|TrainerDylan24|grimsley|1102\n|teamsize|p1|6\n|teamsize|p2|6\n|gen|9\n|tier|[Gen 9] VGC 2023 Regulation C\n|rated|\n|rule|Species Clause: Limit one of each Pok\u00e9mon\n|rule|Item Clause: Limit one of each item\n|clearpoke\n|poke|p1|Scream Tail, L50|\n|poke|p1|Tatsugiri-Stretchy, L50, M|\n|poke|p1|Dondozo, L50, M|\n|poke|p1|Brute Bonnet, L50|\n|poke|p1|Gothitelle, L50, M|\n|poke|p1|Flamigo, L50, F|\n|poke|p2|Annihilape, L50, M|\n|poke|p2|Bellibolt, L50, M|\n|poke|p2|Kingambit, L50, M|\n|poke|p2|Iron Hands, L50|\n|poke|p2|Dondozo, L50, M|\n|poke|p2|Tatsugiri, L50, M|\n|teampreview|4\nStalldozo has agreed to open team sheets.\n|inactive|Battle timer is ON: inactive players will automatically lose when time's up. (requested by Stalldozo)\n|\n|t:|1682116679\n|start\n|switch|p1a: Tatsugiri|Tatsugiri-Stretchy, L50, M, shiny|100\/100\n|switch|p1b: Scream Tail|Scream Tail, L50|100\/100\n|switch|p2a: Dondozo|Dondozo, L50, M|100\/100\n|switch|p2b: Tatsugiri|Tatsugiri, L50, M|100\/100\n|-activate|p2b: Tatsugiri|ability: Commander|[of] p2a: Dondozo\n|-boost|p2a: Dondozo|atk|2\n|-boost|p2a: Dondozo|spa|2\n|-boost|p2a: Dondozo|spe|2\n|-boost|p2a: Dondozo|def|2\n|-boost|p2a: Dondozo|spd|2\n|-enditem|p1b: Scream Tail|Booster Energy\n|-activate|p1b: Scream Tail|ability: Protosynthesis|[fromitem]\n|-start|p1b: Scream Tail|protosynthesisspd\n|turn|1\n|\n|t:|1682116701\n|move|p1b: Scream Tail|Perish Song|p1b: Scream Tail\n|-start|p1a: Tatsugiri|perish3|[silent]\n|-start|p1b: Scream Tail|perish3|[silent]\n|-start|p2a: Dondozo|perish3|[silent]\n|-miss|p1b: Scream Tail|p2b: Tatsugiri\n|-fieldactivate|move: Perish Song\n|move|p1a: Tatsugiri|Icy Wind|p2a: Dondozo|[spread] p2a\n|-miss|p1a: Tatsugiri|p2b: Tatsugiri\n|-resisted|p2a: Dondozo\n|-damage|p2a: Dondozo|98\/100\n|-unboost|p2a: Dondozo|spe|1\n|move|p2a: Dondozo|Order Up|p1a: Tatsugiri\n|-supereffective|p1a: Tatsugiri\n|-damage|p1a: Tatsugiri|0 fnt\n|faint|p1a: Tatsugiri\n|-boost|p2a: Dondozo|atk|1\n|\n|-heal|p2a: Dondozo|100\/100|[from] item: Leftovers\n|-start|p1b: Scream Tail|perish3\n|-start|p2a: Dondozo|perish3\n|upkeep\n|\n|t:|1682116714\n|switch|p1a: Gothitelle|Gothitelle, L50, M|100\/100\n|turn|2\n|\n|t:|1682116737\n|move|p1a: Gothitelle|Fake Out|p2a: Dondozo\n|-damage|p2a: Dondozo|98\/100\n|move|p1b: Scream Tail|Encore|p2a: Dondozo\n|-start|p2a: Dondozo|Encore\n|cant|p2a: Dondozo|flinch\n|\n|-heal|p2a: Dondozo|100\/100|[from] item: Leftovers\n|-start|p1b: Scream Tail|perish2\n|-start|p2a: Dondozo|perish2\n|upkeep\n|turn|3\n|\n|t:|1682116749\n|-end|p1b: Scream Tail|Protosynthesis|[silent]\n|switch|p1b: Brute Bonnet|Brute Bonnet, L50|100\/100\n|move|p1a: Gothitelle|Torment|p2a: Dondozo\n|-start|p2a: Dondozo|Torment\n|move|p2a: Dondozo|Order Up|p1a: Gothitelle\n|-damage|p1a: Gothitelle|46\/100\n|-enditem|p1a: Gothitelle|Sitrus Berry|[eat]\n|-heal|p1a: Gothitelle|71\/100|[from] item: Sitrus Berry\n|-boost|p2a: Dondozo|atk|1\n|\n|-start|p2a: Dondozo|perish1\n|upkeep\n|turn|4\n|\n|t:|1682116766\n|switch|p1a: Scream Tail|Scream Tail, L50|100\/100\n|move|p1b: Brute Bonnet|Spore|p2a: Dondozo\n|-status|p2a: Dondozo|slp|[from] move: Spore\n|cant|p2a: Dondozo|slp\n|\n|-end|p2a: Dondozo|Encore\n|-start|p2a: Dondozo|perish0\n|upkeep\n|faint|p2a: Dondozo\n|\n|t:|1682116781\n|switch|p2a: Iron Hands|Iron Hands, L50|100\/100\n|turn|5\n|\n|t:|1682116794\n|-terastallize|p1b: Brute Bonnet|Poison\n|-terastallize|p2a: Iron Hands|Electric\n|move|p2b: Tatsugiri|Icy Wind|p1b: Brute Bonnet|[spread] p1a,p1b\n|-damage|p1a: Scream Tail|91\/100\n|-damage|p1b: Brute Bonnet|89\/100\n|-unboost|p1a: Scream Tail|spe|1\n|-unboost|p1b: Brute Bonnet|spe|1\n|move|p1a: Scream Tail|Howl|p1a: Scream Tail|[spread] p1a,p1b\n|-boost|p1a: Scream Tail|atk|1\n|-boost|p1b: Brute Bonnet|atk|1\n|move|p2a: Iron Hands|Thunder Punch|p1b: Brute Bonnet\n|-damage|p1b: Brute Bonnet|40\/100\n|-status|p1b: Brute Bonnet|par\n|cant|p1b: Brute Bonnet|par\n|\n|upkeep\n|turn|6\n|\n|t:|1682116817\n|move|p2b: Tatsugiri|Muddy Water|p1a: Scream Tail|[spread] p1a,p1b\n|-damage|p1a: Scream Tail|71\/100\n|-damage|p1b: Brute Bonnet|11\/100 par\n|-unboost|p1a: Scream Tail|accuracy|1\n|move|p1a: Scream Tail|Perish Song|p1a: Scream Tail\n|-start|p1a: Scream Tail|perish3|[silent]\n|-start|p1b: Brute Bonnet|perish3|[silent]\n|-start|p2a: Iron Hands|perish3|[silent]\n|-start|p2b: Tatsugiri|perish3|[silent]\n|-fieldactivate|move: Perish Song\n|move|p2a: Iron Hands|Thunder Punch|p1a: Scream Tail\n|-damage|p1a: Scream Tail|25\/100\n|move|p1b: Brute Bonnet|Spore|p2a: Iron Hands\n|-status|p2a: Iron Hands|slp|[from] move: Spore\n|\n|-start|p2b: Tatsugiri|perish3\n|-start|p1a: Scream Tail|perish3\n|-start|p2a: Iron Hands|perish3\n|-start|p1b: Brute Bonnet|perish3\n|upkeep\n|turn|7\n|\n|t:|1682116837\n|-end|p1a: Scream Tail|Protosynthesis|[silent]\n|switch|p1a: Gothitelle|Gothitelle, L50, M|71\/100\n|cant|p2a: Iron Hands|slp\n|move|p2b: Tatsugiri|Muddy Water|p1b: Brute Bonnet|[spread] p1a,p1b\n|-damage|p1a: Gothitelle|46\/100\n|-damage|p1b: Brute Bonnet|0 fnt\n|-unboost|p1a: Gothitelle|accuracy|1\n|faint|p1b: Brute Bonnet\n|-end|p1b: Brute Bonnet|Protosynthesis|[silent]\n|\n|-start|p2b: Tatsugiri|perish2\n|-start|p2a: Iron Hands|perish2\n|upkeep\n|\n|t:|1682116843\n|switch|p1b: Scream Tail|Scream Tail, L50|25\/100\n|turn|8\n|\n|t:|1682116854\n|move|p2b: Tatsugiri|Muddy Water|p1a: Gothitelle|[spread] p1a,p1b\n|-damage|p1a: Gothitelle|23\/100\n|-damage|p1b: Scream Tail|3\/100\n|move|p1b: Scream Tail|Encore|p2a: Iron Hands\n|-start|p2a: Iron Hands|Encore\n|move|p1a: Gothitelle|Torment|p2a: Iron Hands\n|-start|p2a: Iron Hands|Torment\n|cant|p2a: Iron Hands|slp\n|\n|-start|p2b: Tatsugiri|perish1\n|-start|p2a: Iron Hands|perish1\n|upkeep\n|turn|9\n|-message|Stalldozo forfeited.\n|\n|win|TrainerDylan24\n|raw|Stalldozo's rating: 1085 → 1063<\/strong> (-22 for losing)\n|raw|TrainerDylan24's rating: 1102 → 1126<\/strong> (+24 for winning)\n|l|\u2606Stalldozo\n","uploadtime":1682116873,"views":8,"p1id":"stalldozo","p2id":"trainerdylan24","formatid":"gen9vgc2023regulationc","rating":1063,"private":0,"password":""}