{"id":"gen9vgc2023regulationc-1850349564","p1":"Evlers","p2":"ether21","format":"[Gen 9] VGC 2023 Regulation C","log":"|j|\u2606Evlers\n|j|\u2606ether21\n|t:|1682322723\n|gametype|doubles\n|player|p1|Evlers|cynthia-gen7|1075\n|player|p2|ether21|twins-gen4dp|1171\n|teamsize|p1|6\n|teamsize|p2|6\n|gen|9\n|tier|[Gen 9] VGC 2023 Regulation C\n|rated|\n|rule|Species Clause: Limit one of each Pok\u00e9mon\n|rule|Item Clause: Limit one of each item\n|clearpoke\n|poke|p1|Chien-Pao, L50|\n|poke|p1|Flutter Mane, L50|\n|poke|p1|Palafin, L50, M|\n|poke|p1|Arcanine, L50, M|\n|poke|p1|Amoonguss, L50, F|\n|poke|p1|Dragapult, L50, M|\n|poke|p2|Torkoal, L50, M|\n|poke|p2|Kingambit, L50, M|\n|poke|p2|Lilligant, L50, F|\n|poke|p2|Chi-Yu, L50|\n|poke|p2|Dachsbun, L50, F|\n|poke|p2|Flutter Mane, L50|\n|teampreview|4\n|\n|t:|1682322740\n|start\n|switch|p1a: Palafin|Palafin, L50, M|100\/100\n|switch|p1b: Arcanine|Arcanine, L50, M, shiny|100\/100\n|switch|p2a: GroudonJr|Torkoal, L50, M|100\/100\n|switch|p2b: PresserOfBodies|Dachsbun, L50, F|100\/100\n|-ability|p1b: Arcanine|Intimidate|boost\n|-unboost|p2a: GroudonJr|atk|1\n|-unboost|p2b: PresserOfBodies|atk|1\n|-weather|SunnyDay|[from] ability: Drought|[of] p2a: GroudonJr\n|turn|1\n|\n|t:|1682322776\n|detailschange|p1a: Palafin|Palafin-Hero, L50, M\n|switch|p1a: Dragapult|Dragapult, L50, M, shiny|100\/100\n|move|p1b: Arcanine|Extreme Speed|p2a: GroudonJr\n|-damage|p2a: GroudonJr|83\/100\n|move|p2b: PresserOfBodies|Wish|p2b: PresserOfBodies\n|move|p2a: GroudonJr|Lava Plume|p1a: Dragapult|[spread] p1a,p1b\n|-ability|p2b: PresserOfBodies|Well-Baked Body|boost\n|-boost|p2b: PresserOfBodies|def|2\n|-resisted|p1a: Dragapult\n|-resisted|p1b: Arcanine\n|-damage|p1a: Dragapult|59\/100\n|-damage|p1b: Arcanine|69\/100\n|\n|-weather|SunnyDay|[upkeep]\n|upkeep\n|turn|2\n|\n|t:|1682322801\n|move|p1b: Arcanine|Extreme Speed|p2a: GroudonJr\n|-damage|p2a: GroudonJr|67\/100\n|move|p1a: Dragapult|Dragon Darts|p2a: GroudonJr\n|-damage|p2a: GroudonJr|38\/100\n|-anim|p1a: Dragapult|Dragon Darts|p2a: GroudonJr\n|-damage|p2a: GroudonJr|10\/100\n|move|p2b: PresserOfBodies|Yawn|p1a: Dragapult\n|-start|p1a: Dragapult|move: Yawn|[of] p2b: PresserOfBodies\n|move|p2a: GroudonJr|Lava Plume|p1a: Dragapult|[spread] p1a,p1b\n|-ability|p2b: PresserOfBodies|Well-Baked Body|boost\n|-boost|p2b: PresserOfBodies|def|2\n|-resisted|p1a: Dragapult\n|-resisted|p1b: Arcanine\n|-damage|p1a: Dragapult|18\/100\n|-damage|p1b: Arcanine|35\/100\n|\n|-weather|SunnyDay|[upkeep]\n|upkeep\n|turn|3\n|\n|t:|1682322860\n|move|p1b: Arcanine|Protect|p1b: Arcanine\n|-singleturn|p1b: Arcanine|Protect\n|move|p1a: Dragapult|Dragon Darts|p2a: GroudonJr\n|-damage|p2a: GroudonJr|0 fnt\n|faint|p2a: GroudonJr\n|move|p2b: PresserOfBodies|Body Press|p1b: Arcanine\n|-activate|p1b: Arcanine|move: Protect\n|\n|-weather|SunnyDay|[upkeep]\n|-end|p1a: Dragapult|move: Yawn|[silent]\n|-status|p1a: Dragapult|slp\n|upkeep\n|\n|t:|1682322863\n|switch|p2a: SuperSpecs|Flutter Mane, L50|100\/100\n|-activate|p2a: SuperSpecs|ability: Protosynthesis\n|-start|p2a: SuperSpecs|protosynthesisspe\n|turn|4\n|\n|t:|1682322887\n|move|p2a: SuperSpecs|Dazzling Gleam|p1a: Dragapult|[spread] p1a,p1b\n|-supereffective|p1a: Dragapult\n|-resisted|p1b: Arcanine\n|-damage|p1a: Dragapult|0 fnt\n|-damage|p1b: Arcanine|14\/100\n|faint|p1a: Dragapult\n|-damage|p2a: SuperSpecs|90\/100|[from] item: Life Orb\n|move|p1b: Arcanine|Flare Blitz|p2a: SuperSpecs\n|-damage|p2a: SuperSpecs|0 fnt\n|faint|p2a: SuperSpecs\n|-end|p2a: SuperSpecs|Protosynthesis|[silent]\n|-damage|p1b: Arcanine|0 fnt|[from] Recoil\n|faint|p1b: Arcanine\n|move|p2b: PresserOfBodies|Body Press|p1: Dragapult|[notarget]\n|-fail|p2b: PresserOfBodies\n|\n|-weather|SunnyDay|[upkeep]\n|upkeep\n|\n|t:|1682322903\n|switch|p1a: Palafin|Palafin-Hero, L50, M|100\/100\n|switch|p2a: Gmax Zard|Chi-Yu, L50|100\/100\n|switch|p1b: Chien-Pao|Chien-Pao, L50|100\/100\n|-ability|p2a: Gmax Zard|Beads of Ruin\n|-ability|p1b: Chien-Pao|Sword of Ruin\n|-activate|p1a: Palafin|ability: Zero to Hero\n|turn|5\n|\n|t:|1682322921\n|-terastallize|p1b: Chien-Pao|Ghost\n|-terastallize|p2b: PresserOfBodies|Steel\n|move|p2a: Gmax Zard|Lava Plume|p1b: Chien-Pao|[spread] p1a,p1b\n|-ability|p2b: PresserOfBodies|Well-Baked Body|boost\n|-boost|p2b: PresserOfBodies|def|2\n|-resisted|p1a: Palafin\n|-damage|p1a: Palafin|67\/100\n|-enditem|p1b: Chien-Pao|Focus Sash\n|-damage|p1b: Chien-Pao|1\/100\n|move|p1b: Chien-Pao|Sacred Sword|p2a: Gmax Zard\n|-supereffective|p2a: Gmax Zard\n|-damage|p2a: Gmax Zard|0 fnt\n|faint|p2a: Gmax Zard\n|move|p1a: Palafin|Haze|p1a: Palafin\n|-clearallboost\n|move|p2b: PresserOfBodies|Body Press|p1a: Palafin\n|-damage|p1a: Palafin|44\/100\n|\n|-weather|none\n|upkeep\n|turn|6\n|\n|t:|1682322943\n|move|p1b: Chien-Pao|Sacred Sword|p2b: PresserOfBodies\n|-supereffective|p2b: PresserOfBodies\n|-damage|p2b: PresserOfBodies|30\/100\n|move|p1a: Palafin|Wave Crash|p2b: PresserOfBodies\n|-damage|p2b: PresserOfBodies|0 fnt\n|faint|p2b: PresserOfBodies\n|-damage|p1a: Palafin|36\/100|[from] Recoil\n|\n|win|Evlers\n|raw|Evlers's rating: 1075 → 1113<\/strong> (+38 for winning)\n|raw|ether21's rating: 1195 → 1162<\/strong> (-33 for losing)\n|l|\u2606ether21\n","uploadtime":1682322985,"views":31,"p1id":"evlers","p2id":"ether21","formatid":"gen9vgc2023regulationc","rating":1113,"private":0,"password":""}