{"id":"gen9vgc2023regulationc-1852645245","p1":"abhinavamp","p2":"Ytterby","format":"[Gen 9] VGC 2023 Regulation C","log":"|j|\u2606abhinavamp\n|j|\u2606Ytterby\n|t:|1682590447\n|gametype|doubles\n|player|p1|abhinavamp|hilbert|1177\n|player|p2|Ytterby|brycenman|1166\n|teamsize|p1|6\n|teamsize|p2|6\n|gen|9\n|tier|[Gen 9] VGC 2023 Regulation C\n|rated|\n|rule|Species Clause: Limit one of each Pok\u00e9mon\n|rule|Item Clause: Limit one of each item\n|clearpoke\n|poke|p1|Dragonite, L50, M|\n|poke|p1|Arcanine, L50, M|\n|poke|p1|Amoonguss, L50, M|\n|poke|p1|Palafin, L50, M|\n|poke|p1|Garganacl, L50, M|\n|poke|p1|Flutter Mane, L50|\n|poke|p2|Flutter Mane, L50|\n|poke|p2|Arcanine, L50, M|\n|poke|p2|Torkoal, L50, F|\n|poke|p2|Great Tusk, L50|\n|poke|p2|Indeedee-F, L50, F|\n|poke|p2|Talonflame, L50, F|\n|teampreview|4\n|inactive|Battle timer is ON: inactive players will automatically lose when time's up. (requested by abhinavamp)\n|inactive|Ytterby has 60 seconds left.\n|\n|t:|1682590495\n|start\n|switch|p1a: Garganacl|Garganacl, L50, M|100\/100\n|switch|p1b: Amoonguss|Amoonguss, L50, M|100\/100\n|switch|p2a: Great Tusk|Great Tusk, L50|100\/100\n|switch|p2b: Talonflame|Talonflame, L50, F|100\/100\n|turn|1\n|inactive|abhinavamp has 30 seconds left.\n|\n|t:|1682590530\n|move|p2b: Talonflame|Protect|p2b: Talonflame\n|-singleturn|p2b: Talonflame|Protect\n|move|p2a: Great Tusk|Protect|p2a: Great Tusk\n|-singleturn|p2a: Great Tusk|Protect\n|move|p1a: Garganacl|Wide Guard|p1a: Garganacl\n|-singleturn|p1a: Garganacl|Wide Guard\n|move|p1b: Amoonguss|Spore|p2b: Talonflame\n|-activate|p2b: Talonflame|move: Protect\n|\n|upkeep\n|turn|2\n|\n|t:|1682590547\n|-terastallize|p2b: Talonflame|Flying\n|move|p1b: Amoonguss|Protect|p1b: Amoonguss\n|-singleturn|p1b: Amoonguss|Protect\n|move|p2b: Talonflame|Brave Bird|p1b: Amoonguss\n|-activate|p1b: Amoonguss|move: Protect\n|move|p2a: Great Tusk|Headlong Rush|p1a: Garganacl\n|-supereffective|p1a: Garganacl\n|-damage|p1a: Garganacl|28\/100\n|-unboost|p2a: Great Tusk|def|1\n|-unboost|p2a: Great Tusk|spd|1\n|move|p1a: Garganacl|Salt Cure|p2b: Talonflame\n|-supereffective|p2b: Talonflame\n|-damage|p2b: Talonflame|57\/100\n|\n|-heal|p1a: Garganacl|34\/100|[from] item: Leftovers\n|upkeep\n|turn|3\n|inactive|abhinavamp has 30 seconds left.\n|inactive|Ytterby has 30 seconds left.\n|\n|t:|1682590575\n|-terastallize|p1b: Amoonguss|Dark\n|move|p1a: Garganacl|Protect|p1a: Garganacl\n|-singleturn|p1a: Garganacl|Protect\n|move|p2b: Talonflame|Tailwind|p2b: Talonflame\n|-sidestart|p2: Ytterby|move: Tailwind\n|move|p2a: Great Tusk|Earthquake|p1b: Amoonguss|[spread] p1b\n|-activate|p1a: Garganacl|move: Protect\n|-immune|p2b: Talonflame\n|-damage|p1b: Amoonguss|62\/100\n|move|p1b: Amoonguss|Spore|p2a: Great Tusk\n|-status|p2a: Great Tusk|slp|[from] move: Spore\n|\n|-heal|p1a: Garganacl|40\/100|[from] item: Leftovers\n|upkeep\n|turn|4\n|inactive|Ytterby has 30 seconds left.\n|inactive|Ytterby has 20 seconds left.\n|inactive|Ytterby has 15 seconds left.\n|inactive|Ytterby has 10 seconds left.\n|\n|t:|1682590625\n|move|p2b: Talonflame|Protect|p2b: Talonflame\n|-singleturn|p2b: Talonflame|Protect\n|move|p1b: Amoonguss|Protect|p1b: Amoonguss\n|-singleturn|p1b: Amoonguss|Protect\n|cant|p2a: Great Tusk|slp\n|move|p1a: Garganacl|Salt Cure|p2a: Great Tusk\n|-resisted|p2a: Great Tusk\n|-damage|p2a: Great Tusk|97\/100 slp\n|-start|p2a: Great Tusk|Salt Cure\n|\n|-heal|p1a: Garganacl|45\/100|[from] item: Leftovers\n|-damage|p2a: Great Tusk|85\/100 slp|[from] Salt Cure\n|upkeep\n|turn|5\n|inactive|Ytterby has 30 seconds left.\n|\n|t:|1682590651\n|-end|p2a: Great Tusk|Protosynthesis|[silent]\n|switch|p2a: Arcanine|Arcanine, L50, M|100\/100\n|-ability|p2a: Arcanine|Intimidate|boost\n|-unboost|p1a: Garganacl|atk|1\n|-unboost|p1b: Amoonguss|atk|1\n|switch|p1b: Palafin|Palafin, L50, M|100\/100\n|move|p2b: Talonflame|Will-O-Wisp|p1a: Garganacl\n|-immune|p1a: Garganacl|[from] ability: Purifying Salt\n|move|p1a: Garganacl|Stealth Rock|p2b: Talonflame\n|-sidestart|p2: Ytterby|move: Stealth Rock\n|\n|-heal|p1a: Garganacl|51\/100|[from] item: Leftovers\n|upkeep\n|turn|6\n|inactive|Ytterby has 30 seconds left.\n|inactive|Ytterby has 20 seconds left.\n|\n|t:|1682590687\n|move|p1b: Palafin|Protect|p1b: Palafin\n|-singleturn|p1b: Palafin|Protect\n|move|p2b: Talonflame|Will-O-Wisp|p1b: Palafin\n|-activate|p1b: Palafin|move: Protect\n|move|p2a: Arcanine|Heat Wave|p1a: Garganacl|[spread] p1a\n|-activate|p1b: Palafin|move: Protect\n|-resisted|p1a: Garganacl\n|-damage|p1a: Garganacl|36\/100\n|move|p1a: Garganacl|Salt Cure|p2b: Talonflame\n|-supereffective|p2b: Talonflame\n|-damage|p2b: Talonflame|31\/100\n|\n|-heal|p1a: Garganacl|42\/100|[from] item: Leftovers\n|-sideend|p2: Ytterby|move: Tailwind\n|upkeep\n|turn|7\n|inactive|Ytterby has 30 seconds left.\n|\n|t:|1682590718\n|switch|p2a: Great Tusk|Great Tusk, L50|85\/100 slp\n|-damage|p2a: Great Tusk|82\/100 slp|[from] Stealth Rock\n|detailschange|p1b: Palafin|Palafin-Hero, L50, M\n|switch|p1b: Arcanine|Arcanine, L50, M|100\/100\n|-ability|p1b: Arcanine|Intimidate|boost\n|-unboost|p2a: Great Tusk|atk|1\n|-unboost|p2b: Talonflame|atk|1\n|move|p1a: Garganacl|Wide Guard|p1a: Garganacl\n|-singleturn|p1a: Garganacl|Wide Guard\n|move|p2b: Talonflame|Will-O-Wisp|p1b: Arcanine\n|-immune|p1b: Arcanine\n|\n|-heal|p1a: Garganacl|48\/100|[from] item: Leftovers\n|upkeep\n|turn|8\n|inactive|Ytterby has 30 seconds left.\n|\n|t:|1682590750\n|switch|p2b: Arcanine|Arcanine, L50, M|100\/100\n|-damage|p2b: Arcanine|76\/100|[from] Stealth Rock\n|-ability|p2b: Arcanine|Intimidate|boost\n|-unboost|p1a: Garganacl|atk|1\n|-unboost|p1b: Arcanine|atk|1\n|move|p1b: Arcanine|Extreme Speed|p2b: Arcanine\n|-damage|p2b: Arcanine|55\/100\n|cant|p2a: Great Tusk|slp\n|move|p1a: Garganacl|Salt Cure|p2a: Great Tusk\n|-resisted|p2a: Great Tusk\n|-damage|p2a: Great Tusk|81\/100 slp\n|-start|p2a: Great Tusk|Salt Cure\n|\n|-heal|p1a: Garganacl|54\/100|[from] item: Leftovers\n|-damage|p2a: Great Tusk|69\/100 slp|[from] Salt Cure\n|upkeep\n|turn|9\n|inactive|Ytterby has 30 seconds left.\n|inactive|Ytterby has 20 seconds left.\n|\n|t:|1682590788\n|switch|p1b: Palafin|Palafin-Hero, L50, M|100\/100\n|-activate|p1b: Palafin|ability: Zero to Hero\n|switch|p2b: Talonflame|Talonflame, L50, F, tera:Flying|31\/100\n|-damage|p2b: Talonflame|6\/100|[from] Stealth Rock\n|move|p1a: Garganacl|Wide Guard|p1a: Garganacl\n|-singleturn|p1a: Garganacl|Wide Guard\n|cant|p2a: Great Tusk|slp\n|\n|-heal|p1a: Garganacl|59\/100|[from] item: Leftovers\n|-damage|p2a: Great Tusk|57\/100 slp|[from] Salt Cure\n|upkeep\n|turn|10\n|\n|t:|1682590813\n|-end|p2a: Great Tusk|Protosynthesis|[silent]\n|switch|p2a: Arcanine|Arcanine, L50, M|55\/100\n|-damage|p2a: Arcanine|30\/100|[from] Stealth Rock\n|-ability|p2a: Arcanine|Intimidate|boost\n|-unboost|p1a: Garganacl|atk|1\n|-unboost|p1b: Palafin|atk|1\n|move|p2b: Talonflame|Protect|p2b: Talonflame\n|-singleturn|p2b: Talonflame|Protect\n|move|p1b: Palafin|Protect|p1b: Palafin\n|-singleturn|p1b: Palafin|Protect\n|move|p1a: Garganacl|Salt Cure|p2b: Talonflame\n|-activate|p2b: Talonflame|move: Protect\n|\n|-heal|p1a: Garganacl|65\/100|[from] item: Leftovers\n|upkeep\n|turn|11\n|inactive|Ytterby has 30 seconds left.\n|inactive|Ytterby has 20 seconds left.\n|inactive|Ytterby has 15 seconds left.\n|inactive|Ytterby has 10 seconds left.\n|\n|t:|1682590859\n|move|p1b: Palafin|Jet Punch|p2a: Arcanine\n|-supereffective|p2a: Arcanine\n|-damage|p2a: Arcanine|0 fnt\n|faint|p2a: Arcanine\n|move|p2b: Talonflame|Will-O-Wisp|p1b: Palafin\n|-status|p1b: Palafin|brn\n|move|p1a: Garganacl|Salt Cure|p2b: Talonflame\n|-supereffective|p2b: Talonflame\n|-damage|p2b: Talonflame|0 fnt\n|faint|p2b: Talonflame\n|\n|-heal|p1a: Garganacl|71\/100|[from] item: Leftovers\n|-damage|p1b: Palafin|95\/100 brn|[from] brn\n|upkeep\n|\n|t:|1682590868\n|switch|p2b: Flutter Mane|Flutter Mane, L50|100\/100\n|switch|p2a: Great Tusk|Great Tusk, L50|57\/100 slp\n|-damage|p2b: Flutter Mane|88\/100|[from] Stealth Rock\n|-damage|p2a: Great Tusk|54\/100 slp|[from] Stealth Rock\n|turn|12\n|\n|t:|1682590889\n|move|p2b: Flutter Mane|Protect|p2b: Flutter Mane\n|-singleturn|p2b: Flutter Mane|Protect\n|move|p1b: Palafin|Jet Punch|p2b: Flutter Mane\n|-activate|p2b: Flutter Mane|move: Protect\n|-curestatus|p2a: Great Tusk|slp|[msg]\n|move|p2a: Great Tusk|Headlong Rush|p1a: Garganacl\n|-supereffective|p1a: Garganacl\n|-damage|p1a: Garganacl|0 fnt\n|-unboost|p2a: Great Tusk|def|1\n|-unboost|p2a: Great Tusk|spd|1\n|faint|p1a: Garganacl\n|\n|-damage|p1b: Palafin|89\/100 brn|[from] brn\n|upkeep\n|\n|t:|1682590903\n|switch|p1a: Amoonguss|Amoonguss, L50, M, tera:Dark|96\/100\n|turn|13\n|\n|t:|1682590923\n|move|p2b: Flutter Mane|Moonblast|p1a: Amoonguss\n|-supereffective|p1a: Amoonguss\n|-damage|p1a: Amoonguss|0 fnt\n|faint|p1a: Amoonguss\n|-damage|p2b: Flutter Mane|78\/100|[from] item: Life Orb\n|move|p2a: Great Tusk|Rock Slide|p1b: Palafin\n|-damage|p1b: Palafin|64\/100 brn\n|move|p1b: Palafin|Wave Crash|p2a: Great Tusk\n|-supereffective|p2a: Great Tusk\n|-damage|p2a: Great Tusk|0 fnt\n|faint|p2a: Great Tusk\n|-end|p2a: Great Tusk|Protosynthesis|[silent]\n|-damage|p1b: Palafin|47\/100 brn|[from] Recoil\n|\n|-damage|p1b: Palafin|41\/100 brn|[from] brn\n|upkeep\n|\n|t:|1682590937\n|switch|p1a: Arcanine|Arcanine, L50, M|100\/100\n|-ability|p1a: Arcanine|Intimidate|boost\n|-unboost|p2b: Flutter Mane|atk|1\n|turn|14\n|\n|t:|1682590947\n|move|p2b: Flutter Mane|Protect|p2b: Flutter Mane\n|-singleturn|p2b: Flutter Mane|Protect\n|move|p1b: Palafin|Jet Punch|p2b: Flutter Mane\n|-activate|p2b: Flutter Mane|move: Protect\n|move|p1a: Arcanine|Flare Blitz|p2b: Flutter Mane\n|-activate|p2b: Flutter Mane|move: Protect\n|\n|-damage|p1b: Palafin|35\/100 brn|[from] brn\n|upkeep\n|turn|15\n|inactive|Ytterby has 30 seconds left.\n|\n|t:|1682590964\n|move|p1b: Palafin|Jet Punch|p2b: Flutter Mane\n|-damage|p2b: Flutter Mane|45\/100\n|move|p2b: Flutter Mane|Dazzling Gleam|p1a: Arcanine|[spread] p1a,p1b\n|-resisted|p1a: Arcanine\n|-damage|p1a: Arcanine|72\/100\n|-damage|p1b: Palafin|0 fnt\n|faint|p1b: Palafin\n|-damage|p2b: Flutter Mane|35\/100|[from] item: Life Orb\n|move|p1a: Arcanine|Flare Blitz|p2b: Flutter Mane\n|-damage|p2b: Flutter Mane|0 fnt\n|faint|p2b: Flutter Mane\n|-end|p2b: Flutter Mane|Protosynthesis|[silent]\n|-damage|p1a: Arcanine|63\/100|[from] Recoil\n|\n|win|abhinavamp\n|inactive|Ytterby has 30 seconds left this turn.\n|raw|abhinavamp's rating: 1177 → 1201<\/strong> (+24 for winning)\n|raw|Ytterby's rating: 1166 → 1142<\/strong> (-24 for losing)\n","uploadtime":1682590976,"views":8,"p1id":"abhinavamp","p2id":"ytterby","formatid":"gen9vgc2023regulationc","rating":1142,"private":0,"password":""}