{"id":"gen9vgc2023regulationc-1852007768","p1":"Lewlo","p2":"Debilitame esta","format":"[Gen 9] VGC 2023 Regulation C","log":"|j|\u2606Lewlo\n|j|\u2606Debilitame esta\n|t:|1682516205\n|gametype|doubles\n|player|p1|Lewlo|pokemonbreeder-gen4|1228\n|player|p2|Debilitame esta|volkner|1190\n|teamsize|p1|6\n|teamsize|p2|6\n|gen|9\n|tier|[Gen 9] VGC 2023 Regulation C\n|rated|\n|rule|Species Clause: Limit one of each Pok\u00e9mon\n|rule|Item Clause: Limit one of each item\n|clearpoke\n|poke|p1|Sylveon, L50, F|\n|poke|p1|Wo-Chien, L50|\n|poke|p1|Glimmora, L50, M|\n|poke|p1|Ting-Lu, L50|\n|poke|p1|Arcanine, L50, M|\n|poke|p1|Garganacl, L50, M|\n|poke|p2|Chien-Pao, L50|\n|poke|p2|Dragapult, L50, F|\n|poke|p2|Volcarona, L50, M|\n|poke|p2|Flutter Mane, L50|\n|poke|p2|Azumarill, L50, M|\n|poke|p2|Amoonguss, L50, F|\n|teampreview|4\n|inactive|Battle timer is ON: inactive players will automatically lose when time's up. (requested by Lewlo)\nLewlo has agreed to open team sheets.\n|inactive|Lewlo has 60 seconds left.\n|inactive|Debilitame esta has 60 seconds left.\n|\n|t:|1682516258\n|start\n|switch|p1a: Glimmora|Glimmora, L50, M|100\/100\n|switch|p1b: Sylveon|Sylveon, L50, F|100\/100\n|switch|p2a: Azumarill|Azumarill, L50, M|100\/100\n|switch|p2b: Dragapult|Dragapult, L50, F|100\/100\n|turn|1\n|\n|t:|1682516280\n|move|p1b: Sylveon|Quick Attack|p1a: Glimmora\n|-resisted|p1a: Glimmora\n|-damage|p1a: Glimmora|96\/100\n|-activate|p1a: Glimmora|ability: Toxic Debris\n|-sidestart|p2: Debilitame esta|move: Toxic Spikes\n|move|p2b: Dragapult|Phantom Force||[still]\n|-prepare|p2b: Dragapult|Phantom Force\n|move|p1a: Glimmora|Mortal Spin|p2b: Dragapult|[spread] p2a\n|-miss|p1a: Glimmora|p2b: Dragapult\n|-supereffective|p2a: Azumarill\n|-damage|p2a: Azumarill|92\/100\n|-status|p2a: Azumarill|psn\n|move|p2a: Azumarill|Liquidation|p1a: Glimmora\n|-supereffective|p1a: Glimmora\n|-damage|p1a: Glimmora|0 fnt\n|-activate|p1a: Glimmora|ability: Toxic Debris\n|-sidestart|p2: Debilitame esta|move: Toxic Spikes\n|faint|p1a: Glimmora\n|\n|-damage|p2a: Azumarill|80\/100 psn|[from] psn\n|upkeep\n|\n|t:|1682516299\n|switch|p1a: Wo-Chien|Wo-Chien, L50|100\/100\n|-ability|p1a: Wo-Chien|Tablets of Ruin\n|turn|2\n|\n|t:|1682516318\n|move|p2b: Dragapult|Phantom Force|p1b: Sylveon|[from]lockedmove\n|-damage|p1b: Sylveon|59\/100\n|-enditem|p1b: Sylveon|Red Card|[of] p2b: Dragapult\n|drag|p2b: Volcarona|Volcarona, L50, M|100\/100\n|-status|p2b: Volcarona|tox\n|move|p1a: Wo-Chien|Leech Seed|p2a: Azumarill\n|-start|p2a: Azumarill|move: Leech Seed\n|move|p1b: Sylveon|Hyper Voice|p2b: Volcarona|[spread] p2a,p2b\n|-resisted|p2b: Volcarona\n|-damage|p2a: Azumarill|57\/100 psn\n|-damage|p2b: Volcarona|85\/100 tox\n|move|p2a: Azumarill|Ice Spinner|p1a: Wo-Chien\n|-supereffective|p1a: Wo-Chien\n|-crit|p1a: Wo-Chien\n|-damage|p1a: Wo-Chien|46\/100\n|\n|-heal|p2b: Volcarona|91\/100 tox|[from] item: Leftovers\n|-heal|p1a: Wo-Chien|53\/100|[from] item: Leftovers\n|-damage|p2a: Azumarill|45\/100 psn|[from] Leech Seed|[of] p1a: Wo-Chien\n|-heal|p1a: Wo-Chien|66\/100|[silent]\n|-damage|p2b: Volcarona|85\/100 tox|[from] psn\n|-damage|p2a: Azumarill|33\/100 psn|[from] psn\n|upkeep\n|turn|3\n|inactive|Lewlo has 30 seconds left.\n|\n|t:|1682516344\n|switch|p1a: Garganacl|Garganacl, L50, M|100\/100\n|move|p2b: Volcarona|Quiver Dance|p2b: Volcarona\n|-boost|p2b: Volcarona|spa|1\n|-boost|p2b: Volcarona|spd|1\n|-boost|p2b: Volcarona|spe|1\n|move|p1b: Sylveon|Hyper Voice|p2a: Azumarill|[spread] p2a,p2b\n|-resisted|p2b: Volcarona\n|-damage|p2a: Azumarill|8\/100 psn\n|-damage|p2b: Volcarona|74\/100 tox\n|move|p2a: Azumarill|Liquidation|p1b: Sylveon\n|-damage|p1b: Sylveon|9\/100\n|\n|-heal|p2b: Volcarona|80\/100 tox|[from] item: Leftovers\n|-damage|p2a: Azumarill|0 fnt|[from] Leech Seed|[of] p1a: Garganacl\n|faint|p2a: Azumarill\n|-damage|p2b: Volcarona|68\/100 tox|[from] psn\n|upkeep\n|\n|t:|1682516366\n|switch|p2a: Dragapult|Dragapult, L50, F|100\/100\n|-status|p2a: Dragapult|tox\n|turn|4\n|\n|t:|1682516374\n|move|p2b: Volcarona|Heat Wave|p1b: Sylveon|[spread] p1a,p1b\n|-resisted|p1a: Garganacl\n|-damage|p1a: Garganacl|83\/100\n|-damage|p1b: Sylveon|0 fnt\n|faint|p1b: Sylveon\n|move|p2a: Dragapult|Dragon Dance|p2a: Dragapult\n|-boost|p2a: Dragapult|atk|1\n|-boost|p2a: Dragapult|spe|1\n|move|p1a: Garganacl|Salt Cure|p2b: Volcarona\n|-supereffective|p2b: Volcarona\n|-damage|p2b: Volcarona|0 fnt\n|faint|p2b: Volcarona\n|\n|-damage|p2a: Dragapult|95\/100 tox|[from] psn\n|upkeep\n|\n|t:|1682516384\n|switch|p2b: Flutter Mane|Flutter Mane, L50|100\/100\n|switch|p1b: Wo-Chien|Wo-Chien, L50|66\/100\n|-status|p2b: Flutter Mane|tox\n|-ability|p1b: Wo-Chien|Tablets of Ruin\n|-enditem|p2b: Flutter Mane|Booster Energy\n|-activate|p2b: Flutter Mane|ability: Protosynthesis|[fromitem]\n|-start|p2b: Flutter Mane|protosynthesisspe\n|turn|5\n|\n|t:|1682516402\n|-terastallize|p2b: Flutter Mane|Fairy\n|move|p2a: Dragapult|Dragon Dance|p2a: Dragapult\n|-boost|p2a: Dragapult|atk|1\n|-boost|p2a: Dragapult|spe|1\n|move|p2b: Flutter Mane|Dazzling Gleam|p1a: Garganacl|[spread] p1a,p1b\n|-supereffective|p1b: Wo-Chien\n|-damage|p1a: Garganacl|53\/100\n|-damage|p1b: Wo-Chien|9\/100\n|move|p1b: Wo-Chien|Leech Seed|p2a: Dragapult\n|-start|p2a: Dragapult|move: Leech Seed\n|move|p1a: Garganacl|Salt Cure|p2a: Dragapult\n|-crit|p2a: Dragapult\n|-damage|p2a: Dragapult|73\/100 tox\n|-start|p2a: Dragapult|Salt Cure\n|\n|-heal|p1b: Wo-Chien|16\/100|[from] item: Leftovers\n|-damage|p2a: Dragapult|60\/100 tox|[from] Leech Seed|[of] p1b: Wo-Chien\n|-heal|p1b: Wo-Chien|27\/100|[silent]\n|-damage|p2a: Dragapult|48\/100 tox|[from] psn\n|-damage|p2b: Flutter Mane|94\/100 tox|[from] psn\n|-damage|p2a: Dragapult|36\/100 tox|[from] Salt Cure\n|upkeep\n|turn|6\n|inactive|Lewlo has 30 seconds left.\n|\n|t:|1682516431\n|move|p1b: Wo-Chien|Protect|p1b: Wo-Chien\n|-singleturn|p1b: Wo-Chien|Protect\n|move|p1a: Garganacl|Wide Guard|p1a: Garganacl\n|-singleturn|p1a: Garganacl|Wide Guard\n|move|p2a: Dragapult|Dragon Darts|p1a: Garganacl\n|-damage|p1a: Garganacl|18\/100\n|-enditem|p1a: Garganacl|Sitrus Berry|[eat]\n|-heal|p1a: Garganacl|43\/100|[from] item: Sitrus Berry\n|-anim|p2a: Dragapult|Dragon Darts|p1a: Garganacl\n|-damage|p1a: Garganacl|10\/100\n|-damage|p2a: Dragapult|26\/100 tox|[from] item: Life Orb\n|move|p2b: Flutter Mane|Dazzling Gleam|p1a: Garganacl|[spread] \n|-activate|p1a: Garganacl|move: Wide Guard\n|-activate|p1b: Wo-Chien|move: Wide Guard\n|\n|-heal|p1b: Wo-Chien|33\/100|[from] item: Leftovers\n|-damage|p2a: Dragapult|14\/100 tox|[from] Leech Seed|[of] p1b: Wo-Chien\n|-heal|p1b: Wo-Chien|44\/100|[silent]\n|-damage|p2a: Dragapult|0 fnt|[from] psn\n|faint|p2a: Dragapult\n|-damage|p2b: Flutter Mane|82\/100 tox|[from] psn\n|upkeep\n|turn|7\n|inactive|Lewlo has 30 seconds left.\n|inactive|Debilitame esta has 30 seconds left.\n|\n|t:|1682516460\n|-terastallize|p1b: Wo-Chien|Poison\n|move|p2b: Flutter Mane|Moonblast|p1b: Wo-Chien\n|-resisted|p1b: Wo-Chien\n|-damage|p1b: Wo-Chien|21\/100\n|-unboost|p1b: Wo-Chien|spa|1\n|move|p1b: Wo-Chien|Leech Seed|p2b: Flutter Mane\n|-start|p2b: Flutter Mane|move: Leech Seed\n|move|p1a: Garganacl|Recover|p1a: Garganacl\n|-heal|p1a: Garganacl|60\/100\n|\n|-heal|p1b: Wo-Chien|27\/100|[from] item: Leftovers\n|-damage|p2b: Flutter Mane|69\/100 tox|[from] Leech Seed|[of] p1b: Wo-Chien\n|-heal|p1b: Wo-Chien|37\/100|[silent]\n|-damage|p2b: Flutter Mane|50\/100 tox|[from] psn\n|upkeep\n|turn|8\n|\n|t:|1682516476\n|move|p1b: Wo-Chien|Protect|p1b: Wo-Chien\n|-singleturn|p1b: Wo-Chien|Protect\n|move|p2b: Flutter Mane|Shadow Ball|p1a: Garganacl\n|-damage|p1a: Garganacl|47\/100\n|-unboost|p1a: Garganacl|spd|1\n|move|p1a: Garganacl|Salt Cure|p2b: Flutter Mane\n|-damage|p2b: Flutter Mane|31\/100 tox\n|-start|p2b: Flutter Mane|Salt Cure\n|\n|-heal|p1b: Wo-Chien|44\/100|[from] item: Leftovers\n|-damage|p2b: Flutter Mane|19\/100 tox|[from] Leech Seed|[of] p1b: Wo-Chien\n|-heal|p1b: Wo-Chien|54\/100|[silent]\n|-damage|p2b: Flutter Mane|0 fnt|[from] psn\n|faint|p2b: Flutter Mane\n|-end|p2b: Flutter Mane|Protosynthesis|[silent]\n|\n|win|Lewlo\n|upkeep\n|raw|Lewlo's rating: 1228 → 1250<\/strong> (+22 for winning)\n|raw|Debilitame esta's rating: 1190 → 1168<\/strong> (-22 for losing)\n|c|\u2606Lewlo|gg\n|l|\u2606Debilitame esta\n","uploadtime":1682516500,"views":12,"p1id":"lewlo","p2id":"debilitameesta","formatid":"gen9vgc2023regulationc","rating":1168,"private":0,"password":""}