{"id":"gen9vgc2023regulationc-1860781913","p1":"toglez","p2":"NewCHALKOnTheBlock","format":"[Gen 9] VGC 2023 Regulation C","log":"|j|\u2606toglez\n|j|\u2606NewCHALKOnTheBlock\n|t:|1683677230\n|gametype|doubles\n|player|p1|toglez|101|\n|player|p2|NewCHALKOnTheBlock|miriam|\n|teamsize|p1|6\n|teamsize|p2|6\n|gen|9\n|tier|[Gen 9] VGC 2023 Regulation C\n|rated|Tournament battle\n|rule|Species Clause: Limit one of each Pok\u00e9mon\n|rule|Item Clause: Limit one of each item\n|clearpoke\n|poke|p1|Torkoal, L50, M|\n|poke|p1|Great Tusk, L50|\n|poke|p1|Flutter Mane, L50|\n|poke|p1|Jumpluff, L50, M|\n|poke|p1|Kingambit, L50, M|\n|poke|p1|Chien-Pao, L50|\n|poke|p2|Baxcalibur, L50, M|\n|poke|p2|Palafin, L50, F|\n|poke|p2|Flutter Mane, L50|\n|poke|p2|Amoonguss, L50, F|\n|poke|p2|Arcanine, L50, M|\n|poke|p2|Tyranitar, L50, M|\n|teampreview|4\n|raw| Open Team Sheet for toglez<\/summary>Torkoal (M) @ Eject Pack Ability: Drought Level: 50 Tera Type: Flying - Overheat - Helping Hand - Fissure - Protect Great Tusk @ Choice Scarf Ability: Protosynthesis Level: 50 Hidden Power: Fighting Tera Type: Fire - Headlong Rush - Close Combat - Earthquake - Rock Slide Flutter Mane @ Choice Specs Ability: Protosynthesis Level: 50 Tera Type: Fairy - Shadow Ball - Dazzling Gleam - Thunderbolt - Moonblast Jumpluff (M) @ Covert Cloak Ability: Chlorophyll Level: 50 Tera Type: Water - Leaf Storm - Sleep Powder - Encore - Tailwind Kingambit (M) @ Assault Vest Ability: Defiant Level: 50 Tera Type: Fire - Iron Head - Kowtow Cleave - Sucker Punch - Tera Blast Chien-Pao @ Focus Sash Ability: Sword of Ruin Level: 50 Tera Type: Flying - Ice Spinner - Sucker Punch - Taunt - Protect <\/details><\/div> Open Team Sheet for NewCHALKOnTheBlock<\/summary>Baxcalibur @ Clear Amulet Ability: Thermal Exchange Level: 50 Tera Type: Poison - Icicle Crash - Glaive Rush - Ice Shard - Protect Palafin @ Mystic Water Ability: Zero to Hero Level: 50 Tera Type: Grass - Jet Punch - Wave Crash - Haze - Protect Flutter Mane @ Booster Energy Ability: Protosynthesis Level: 50 Tera Type: Fairy - Moonblast - Shadow Ball - Dazzling Gleam - Protect Amoonguss @ Sitrus Berry Ability: Regenerator Level: 50 Tera Type: Water - Pollen Puff - Spore - Rage Powder - Clear Smog Arcanine @ Safety Goggles Ability: Intimidate Level: 50 Tera Type: Water - Flare Blitz - Will-O-Wisp - Howl - Protect Tyranitar @ Assault Vest Ability: Sand Stream Level: 50 Tera Type: Flying - Rock Slide - Assurance - Low Kick - Tera Blast <\/details><\/div>\n|inactive|Battle timer is ON: inactive players will automatically lose when time's up. (requested by toglez)\n|j| gmaxdurant\n|j| CyborgCrafter\n|l| CyborgCrafter\n|inactive|NewCHALKOnTheBlock has 60 seconds left.\n|\n|t:|1683677288\n|start\n|switch|p1a: Jumpluff|Jumpluff, L50, M|100\/100\n|switch|p1b: Kingambit|Kingambit, L50, M|100\/100\n|switch|p2a: Baxcalibur|Baxcalibur, L50, M|100\/100\n|switch|p2b: Tyranitar|Tyranitar, L50, M|100\/100\n|-weather|Sandstorm|[from] ability: Sand Stream|[of] p2b: Tyranitar\n|turn|1\n|inactive|toglez has 30 seconds left.\n|j| Rillaroartest\n|\n|t:|1683677322\n|switch|p1a: Great Tusk|Great Tusk, L50|100\/100\n|-terastallize|p2b: Tyranitar|Flying\n|move|p2a: Baxcalibur|Ice Shard|p1a: Great Tusk\n|-supereffective|p1a: Great Tusk\n|-damage|p1a: Great Tusk|66\/100\n|move|p2b: Tyranitar|Low Kick|p1b: Kingambit\n|-supereffective|p1b: Kingambit\n|-damage|p1b: Kingambit|0 fnt\n|faint|p1b: Kingambit\n|\n|-weather|Sandstorm|[upkeep]\n|-damage|p2a: Baxcalibur|95\/100|[from] Sandstorm\n|-damage|p2b: Tyranitar|95\/100|[from] Sandstorm\n|upkeep\n|\n|t:|1683677337\n|switch|p1b: Torkoal|Torkoal, L50, M|100\/100\n|-weather|SunnyDay|[from] ability: Drought|[of] p1b: Torkoal\n|-activate|p1a: Great Tusk|ability: Protosynthesis\n|-start|p1a: Great Tusk|protosynthesisatk\n|turn|2\n|\n|t:|1683677362\n|switch|p2b: Arcanine|Arcanine, L50, M|100\/100\n|-ability|p2b: Arcanine|Intimidate|boost\n|-unboost|p1a: Great Tusk|atk|1\n|-unboost|p1b: Torkoal|atk|1\n|-enditem|p1b: Torkoal|Eject Pack\n|\n|t:|1683677366\n|switch|p1b: Jumpluff|Jumpluff, L50, M|100\/100\n|move|p2a: Baxcalibur|Ice Shard|p1b: Jumpluff\n|-supereffective|p1b: Jumpluff\n|-damage|p1b: Jumpluff|0 fnt\n|faint|p1b: Jumpluff\n|move|p1a: Great Tusk|Rock Slide|p2a: Baxcalibur|[spread] p2a,p2b\n|-supereffective|p2a: Baxcalibur\n|-crit|p2a: Baxcalibur\n|-supereffective|p2b: Arcanine\n|-damage|p2a: Baxcalibur|13\/100\n|-damage|p2b: Arcanine|65\/100\n|\n|-weather|SunnyDay|[upkeep]\n|upkeep\n|\n|t:|1683677376\n|switch|p1b: Torkoal|Torkoal, L50, M|100\/100\n|turn|3\n|\n|t:|1683677401\n|-terastallize|p1a: Great Tusk|Fire\n|move|p1b: Torkoal|Helping Hand|p1a: Great Tusk\n|-singleturn|p1a: Great Tusk|Helping Hand|[of] p1b: Torkoal\n|move|p2a: Baxcalibur|Ice Shard|p1a: Great Tusk\n|-resisted|p1a: Great Tusk\n|-damage|p1a: Great Tusk|58\/100\n|move|p1a: Great Tusk|Rock Slide|p2a: Baxcalibur|[spread] p2a,p2b\n|-supereffective|p2a: Baxcalibur\n|-supereffective|p2b: Arcanine\n|-damage|p2a: Baxcalibur|0 fnt\n|-damage|p2b: Arcanine|4\/100\n|faint|p2a: Baxcalibur\n|cant|p2b: Arcanine|flinch\n|\n|-weather|SunnyDay|[upkeep]\n|upkeep\n|\n|t:|1683677414\n|switch|p2a: Tyranitar|Tyranitar, L50, M, tera:Flying|95\/100\n|-weather|Sandstorm|[from] ability: Sand Stream|[of] p2a: Tyranitar\n|-end|p1a: Great Tusk|Protosynthesis\n|turn|4\n|\n|t:|1683677429\n|move|p2b: Arcanine|Protect|p2b: Arcanine\n|-singleturn|p2b: Arcanine|Protect\n|move|p1b: Torkoal|Protect|p1b: Torkoal\n|-singleturn|p1b: Torkoal|Protect\n|move|p1a: Great Tusk|Rock Slide|p2a: Tyranitar|[spread] p2a\n|-activate|p2b: Arcanine|move: Protect\n|-supereffective|p2a: Tyranitar\n|-damage|p2a: Tyranitar|72\/100\n|cant|p2a: Tyranitar|flinch\n|\n|-weather|Sandstorm|[upkeep]\n|-damage|p1a: Great Tusk|52\/100|[from] Sandstorm\n|-damage|p2a: Tyranitar|67\/100|[from] Sandstorm\n|-damage|p1b: Torkoal|94\/100|[from] Sandstorm\n|upkeep\n|turn|5\n|inactive|NewCHALKOnTheBlock has 30 seconds left.\n|\n|t:|1683677455\n|move|p1b: Torkoal|Helping Hand|p1a: Great Tusk\n|-singleturn|p1a: Great Tusk|Helping Hand|[of] p1b: Torkoal\n|move|p1a: Great Tusk|Rock Slide|p2b: Arcanine|[spread] p2a,p2b\n|-supereffective|p2a: Tyranitar\n|-supereffective|p2b: Arcanine\n|-damage|p2a: Tyranitar|30\/100\n|-damage|p2b: Arcanine|0 fnt\n|faint|p2b: Arcanine\n|move|p2a: Tyranitar|Rock Slide|p1b: Torkoal|[spread] p1a,p1b\n|-supereffective|p1a: Great Tusk\n|-supereffective|p1b: Torkoal\n|-damage|p1a: Great Tusk|7\/100\n|-damage|p1b: Torkoal|42\/100\n|\n|-weather|Sandstorm|[upkeep]\n|-damage|p1a: Great Tusk|1\/100|[from] Sandstorm\n|-damage|p2a: Tyranitar|24\/100|[from] Sandstorm\n|-damage|p1b: Torkoal|36\/100|[from] Sandstorm\n|upkeep\n|\n|t:|1683677467\n|switch|p2b: Flutter Mane|Flutter Mane, L50|100\/100\n|-enditem|p2b: Flutter Mane|Booster Energy\n|-activate|p2b: Flutter Mane|ability: Protosynthesis|[fromitem]\n|-start|p2b: Flutter Mane|protosynthesisspa\n|turn|6\n|\n|t:|1683677475\n|move|p1b: Torkoal|Helping Hand|p1a: Great Tusk\n|-singleturn|p1a: Great Tusk|Helping Hand|[of] p1b: Torkoal\n|move|p2b: Flutter Mane|Protect|p2b: Flutter Mane\n|-singleturn|p2b: Flutter Mane|Protect\n|move|p1a: Great Tusk|Rock Slide|p2a: Tyranitar|[spread] p2a\n|-activate|p2b: Flutter Mane|move: Protect\n|-supereffective|p2a: Tyranitar\n|-damage|p2a: Tyranitar|0 fnt\n|faint|p2a: Tyranitar\n|\n|-weather|Sandstorm|[upkeep]\n|-damage|p1a: Great Tusk|0 fnt|[from] Sandstorm\n|-damage|p2b: Flutter Mane|95\/100|[from] Sandstorm\n|-damage|p1b: Torkoal|30\/100|[from] Sandstorm\n|faint|p1a: Great Tusk\n|-end|p1a: Great Tusk|Protosynthesis|[silent]\n|upkeep\n|turn|7\n|\n|t:|1683677491\n|move|p2b: Flutter Mane|Shadow Ball|p1b: Torkoal\n|-damage|p1b: Torkoal|0 fnt\n|faint|p1b: Torkoal\n|\n|win|NewCHALKOnTheBlock\n|n|\u2606toglez|toglez\n|n|\u2606NewCHALKOnTheBlock|newchalkontheblock\n|n| gmaxdurant|gmaxdurant\n|n| Rillaroartest|rillaroartest\n|l| Rillaroartest\n|l|\u2606toglez\n","uploadtime":1683678257,"views":16,"p1id":"toglez","p2id":"newchalkontheblock","formatid":"gen9vgc2023regulationc","rating":0,"private":0,"password":""}