{"id":"gen9vgc2023regulationc-1850630355","p1":"DeoxysHugger","p2":"iPikari","format":"[Gen 9] VGC 2023 Regulation C","log":"|j|\u2606DeoxysHugger\n|j|\u2606iPikari\n|t:|1682354462\n|gametype|doubles\n|player|p1|DeoxysHugger|byron|1118\n|player|p2|iPikari|cheren-gen5bw2|1199\n|teamsize|p1|6\n|teamsize|p2|6\n|gen|9\n|tier|[Gen 9] VGC 2023 Regulation C\n|rated|\n|rule|Species Clause: Limit one of each Pok\u00e9mon\n|rule|Item Clause: Limit one of each item\n|clearpoke\n|poke|p1|Ting-Lu, L50|\n|poke|p1|Tyranitar, L50, M|\n|poke|p1|Flutter Mane, L50|\n|poke|p1|Arcanine, L50, M|\n|poke|p1|Scizor, L50, F|\n|poke|p1|Annihilape, L50, F|\n|poke|p2|Baxcalibur, L50, F|\n|poke|p2|Palafin, L50, M|\n|poke|p2|Volcarona, L50, M|\n|poke|p2|Annihilape, L50, F|\n|poke|p2|Farigiraf, L50, M|\n|poke|p2|Glimmora, L50, F|\n|teampreview|4\n|inactive|Battle timer is ON: inactive players will automatically lose when time's up. (requested by DeoxysHugger)\niPikari has agreed to open team sheets.\n|inactive|DeoxysHugger has 60 seconds left.\n|inactive|iPikari has 60 seconds left.\n|\n|t:|1682354497\n|start\n|switch|p1a: Ting-Lu|Ting-Lu, L50|100\/100\n|switch|p1b: Annihilape|Annihilape, L50, F|100\/100\n|switch|p2a: Volcarona|Volcarona, L50, M|100\/100\n|switch|p2b: Palafin|Palafin, L50, M|100\/100\n|-ability|p1a: Ting-Lu|Vessel of Ruin\n|turn|1\n|inactive|DeoxysHugger has 30 seconds left.\n|\n|t:|1682354526\n|detailschange|p2b: Palafin|Palafin-Hero, L50, M\n|switch|p2b: Annihilape|Annihilape, L50, F|100\/100\n|move|p1b: Annihilape|U-turn|p2b: Annihilape\n|-resisted|p2b: Annihilape\n|-damage|p2b: Annihilape|96\/100\n|\n|t:|1682354533\n|switch|p1b: Tyranitar|Tyranitar, L50, M|100\/100|[from] U-turn\n|-weather|Sandstorm|[from] ability: Sand Stream|[of] p1b: Tyranitar\n|move|p2a: Volcarona|Will-O-Wisp|p1b: Tyranitar\n|-status|p1b: Tyranitar|brn\n|move|p1a: Ting-Lu|Rock Slide|p2b: Annihilape|[spread] p2b\n|-miss|p1a: Ting-Lu|p2a: Volcarona\n|-resisted|p2b: Annihilape\n|-damage|p2b: Annihilape|89\/100\n|\n|-weather|Sandstorm|[upkeep]\n|-damage|p2b: Annihilape|83\/100|[from] Sandstorm\n|-damage|p2a: Volcarona|94\/100|[from] Sandstorm\n|-heal|p2b: Annihilape|89\/100|[from] item: Leftovers\n|-damage|p1b: Tyranitar|95\/100 brn|[from] brn\n|upkeep\n|turn|2\n|\n|t:|1682354550\n|switch|p2a: Palafin|Palafin-Hero, L50, M|100\/100\n|-activate|p2a: Palafin|ability: Zero to Hero\n|move|p2b: Annihilape|Bulk Up|p2b: Annihilape\n|-boost|p2b: Annihilape|atk|1\n|-boost|p2b: Annihilape|def|1\n|move|p1b: Tyranitar|Rock Slide|p2b: Annihilape|[spread] p2a,p2b\n|-resisted|p2b: Annihilape\n|-damage|p2a: Palafin|76\/100\n|-damage|p2b: Annihilape|81\/100\n|move|p1a: Ting-Lu|Rock Slide|p2a: Palafin|[spread] p2a,p2b\n|-resisted|p2b: Annihilape\n|-damage|p2a: Palafin|62\/100\n|-damage|p2b: Annihilape|76\/100\n|\n|-weather|Sandstorm|[upkeep]\n|-damage|p2a: Palafin|56\/100|[from] Sandstorm\n|-damage|p2b: Annihilape|70\/100|[from] Sandstorm\n|-heal|p2b: Annihilape|76\/100|[from] item: Leftovers\n|-damage|p1b: Tyranitar|89\/100 brn|[from] brn\n|upkeep\n|turn|3\n|\n|t:|1682354575\n|switch|p1b: Annihilape|Annihilape, L50, F|100\/100\n|-terastallize|p2a: Palafin|Water\n|move|p2a: Palafin|Wave Crash|p1a: Ting-Lu\n|-supereffective|p1a: Ting-Lu\n|-damage|p1a: Ting-Lu|0 fnt\n|faint|p1a: Ting-Lu\n|-damage|p2a: Palafin|8\/100|[from] Recoil\n|move|p2b: Annihilape|Drain Punch|p1b: Annihilape\n|-immune|p1b: Annihilape\n|\n|-weather|Sandstorm|[upkeep]\n|-damage|p1b: Annihilape|95\/100|[from] Sandstorm\n|-damage|p2a: Palafin|2\/100|[from] Sandstorm\n|-damage|p2b: Annihilape|70\/100|[from] Sandstorm\n|-heal|p2b: Annihilape|76\/100|[from] item: Leftovers\n|upkeep\n|\n|t:|1682354587\n|switch|p1a: Flutter Mane|Flutter Mane, L50|100\/100\n|turn|4\n|\n|t:|1682354598\n|move|p2a: Palafin|Jet Punch|p1a: Flutter Mane\n|-crit|p1a: Flutter Mane\n|-damage|p1a: Flutter Mane|0 fnt\n|faint|p1a: Flutter Mane\n|-end|p1a: Flutter Mane|Protosynthesis|[silent]\n|move|p1b: Annihilape|U-turn|p2a: Palafin\n|-damage|p2a: Palafin|0 fnt\n|faint|p2a: Palafin\n|\n|t:|1682354601\n|switch|p1b: Tyranitar|Tyranitar, L50, M|89\/100 brn|[from] U-turn\n|move|p2b: Annihilape|Rage Fist|p1b: Tyranitar\n|-resisted|p1b: Tyranitar\n|-damage|p1b: Tyranitar|34\/100 brn\n|\n|-weather|Sandstorm|[upkeep]\n|-damage|p2b: Annihilape|70\/100|[from] Sandstorm\n|-heal|p2b: Annihilape|76\/100|[from] item: Leftovers\n|-damage|p1b: Tyranitar|28\/100 brn|[from] brn\n|upkeep\n|\n|t:|1682354614\n|switch|p1a: Annihilape|Annihilape, L50, F|95\/100\n|switch|p2a: Baxcalibur|Baxcalibur, L50, F|100\/100\n|turn|5\n|\n|t:|1682354638\n|move|p1a: Annihilape|Phantom Force||[still]\n|-prepare|p1a: Annihilape|Phantom Force\n|move|p2b: Annihilape|Rage Fist|p1a: Annihilape|[miss]\n|-miss|p2b: Annihilape|p1a: Annihilape\n|move|p2a: Baxcalibur|Dragon Dance|p2a: Baxcalibur\n|-boost|p2a: Baxcalibur|atk|1\n|-boost|p2a: Baxcalibur|spe|1\n|move|p1b: Tyranitar|Earthquake|p2b: Annihilape|[spread] p2a,p2b\n|-miss|p1b: Tyranitar|p1a: Annihilape\n|-damage|p2a: Baxcalibur|81\/100\n|-damage|p2b: Annihilape|60\/100\n|\n|-weather|none\n|-heal|p2b: Annihilape|66\/100|[from] item: Leftovers\n|-damage|p1b: Tyranitar|22\/100 brn|[from] brn\n|upkeep\n|turn|6\n|\n|t:|1682354659\n|move|p1a: Annihilape|Phantom Force|p2a: Baxcalibur|[from]lockedmove\n|-damage|p2a: Baxcalibur|46\/100\n|move|p2a: Baxcalibur|Icicle Spear|p1b: Tyranitar\n|-damage|p1b: Tyranitar|4\/100 brn\n|-damage|p1b: Tyranitar|0 fnt\n|faint|p1b: Tyranitar\n|-hitcount|p1: Tyranitar|2\n|move|p2b: Annihilape|Rage Fist|p1a: Annihilape\n|-supereffective|p1a: Annihilape\n|-damage|p1a: Annihilape|0 fnt\n|faint|p1a: Annihilape\n|\n|win|iPikari\n|raw|DeoxysHugger's rating: 1118 → 1099<\/strong> (-19 for losing)\n|raw|iPikari's rating: 1199 → 1218<\/strong> (+19 for winning)\n|l|\u2606DeoxysHugger\n","uploadtime":1682354683,"views":17,"p1id":"deoxyshugger","p2id":"ipikari","formatid":"gen9vgc2023regulationc","rating":1099,"private":0,"password":""}