{"id":"gen9vgc2023regulationc-1857097910","p1":"haha you rage quit","p2":"FlipsicleTwo","format":"[Gen 9] VGC 2023 Regulation C","log":"|j|\u2606haha you rage quit\n|j|\u2606FlipsicleTwo\n|t:|1683145551\n|gametype|doubles\n|player|p1|haha you rage quit|pokemaniac|1229\n|player|p2|FlipsicleTwo|elesa-masters|1142\n|teamsize|p1|6\n|teamsize|p2|6\n|gen|9\n|tier|[Gen 9] VGC 2023 Regulation C\n|rated|\n|rule|Species Clause: Limit one of each Pok\u00e9mon\n|rule|Item Clause: Limit one of each item\n|clearpoke\n|poke|p1|Flutter Mane, L50|\n|poke|p1|Chi-Yu, L50|\n|poke|p1|Donphan, L50, M|\n|poke|p1|Gholdengo, L50|\n|poke|p1|Talonflame, L50, M|\n|poke|p1|Murkrow, L50, M|\n|poke|p2|Dondozo, L50, F|\n|poke|p2|Tatsugiri-Droopy, L50, M|\n|poke|p2|Glimmora, L50, M|\n|poke|p2|Chi-Yu, L50|\n|poke|p2|Flutter Mane, L50|\n|poke|p2|Lucario, L50, M|\n|teampreview|4\nFlipsicleTwo rejected open team sheets.\n|l|\u2606haha you rage quit\n|player|p1|\n|j|\u2606haha you rage quit\n|player|p1|haha you rage quit|pokemaniac\n|\n|t:|1683145602\n|start\n|switch|p1a: Talonflame|Talonflame, L50, M|100\/100\n|switch|p1b: Donphan|Donphan, L50, M|100\/100\n|switch|p2a: Tatsugiri|Tatsugiri-Droopy, L50, M|100\/100\n|switch|p2b: Glimmora|Glimmora, L50, M|100\/100\n|turn|1\n|\n|t:|1683145644\n|-terastallize|p2b: Glimmora|Grass\n|-terastallize|p1b: Donphan|Water\n|move|p1a: Talonflame|Tailwind|p1a: Talonflame\n|-sidestart|p1: haha you rage quit|move: Tailwind\n|move|p1b: Donphan|High Horsepower|p2a: Tatsugiri\n|-damage|p2a: Tatsugiri|9\/100\n|move|p2b: Glimmora|Energy Ball|p1b: Donphan\n|-supereffective|p1b: Donphan\n|-ability|p1b: Donphan|Sturdy\n|-damage|p1b: Donphan|1\/100\n|move|p2a: Tatsugiri|Muddy Water|p1a: Talonflame|[spread] p1a,p1b\n|-supereffective|p1a: Talonflame\n|-resisted|p1b: Donphan\n|-damage|p1a: Talonflame|0 fnt\n|-damage|p1b: Donphan|0 fnt\n|faint|p1a: Talonflame\n|faint|p1b: Donphan\n|\n|upkeep\n|\n|t:|1683145664\n|switch|p1a: Gholdengo|Gholdengo, L50|100\/100\n|switch|p1b: Murkrow|Murkrow, L50, M|100\/100\n|turn|2\n|\n|t:|1683145690\n|move|p1b: Murkrow|Foul Play|p1a: Gholdengo\n|-supereffective|p1a: Gholdengo\n|-damage|p1a: Gholdengo|66\/100\n|-enditem|p1a: Gholdengo|Weakness Policy\n|-boost|p1a: Gholdengo|atk|2|[from] item: Weakness Policy\n|-boost|p1a: Gholdengo|spa|2|[from] item: Weakness Policy\n|move|p1a: Gholdengo|Make It Rain|p2b: Glimmora|[spread] p2a,p2b\n|-resisted|p2a: Tatsugiri\n|-crit|p2b: Glimmora\n|-damage|p2a: Tatsugiri|0 fnt\n|-damage|p2b: Glimmora|0 fnt\n|-unboost|p1a: Gholdengo|spa|1\n|faint|p2a: Tatsugiri\n|faint|p2b: Glimmora\n|\n|upkeep\n|inactive|Battle timer is ON: inactive players will automatically lose when time's up. (requested by haha you rage quit)\n|\n|t:|1683145717\n|switch|p2b: Flutter Mane|Flutter Mane, L50|100\/100\n|switch|p2a: Lucario|Lucario, L50, M|100\/100\n|-enditem|p2b: Flutter Mane|Booster Energy\n|-activate|p2b: Flutter Mane|ability: Protosynthesis|[fromitem]\n|-start|p2b: Flutter Mane|protosynthesisspe\n|turn|3\n|\n|t:|1683145740\n|move|p2b: Flutter Mane|Protect|p2b: Flutter Mane\n|-singleturn|p2b: Flutter Mane|Protect\n|move|p1a: Gholdengo|Protect|p1a: Gholdengo\n|-singleturn|p1a: Gholdengo|Protect\n|move|p2a: Lucario|Detect|p2a: Lucario\n|-singleturn|p2a: Lucario|Protect\n|move|p1b: Murkrow|Foul Play|p2a: Lucario\n|-activate|p2a: Lucario|move: Protect\n|\n|upkeep\n|turn|4\n|\n|t:|1683145754\n|move|p1b: Murkrow|Quash|p2b: Flutter Mane\n|-activate|p2b: Flutter Mane|move: Quash\n|move|p2a: Lucario|Bullet Punch|p1a: Gholdengo\n|-resisted|p1a: Gholdengo\n|-damage|p1a: Gholdengo|57\/100\n|move|p1a: Gholdengo|Make It Rain|p2a: Lucario|[spread] p2a,p2b\n|-resisted|p2a: Lucario\n|-supereffective|p2b: Flutter Mane\n|-damage|p2a: Lucario|41\/100\n|-damage|p2b: Flutter Mane|0 fnt\n|-unboost|p1a: Gholdengo|spa|1\n|faint|p2b: Flutter Mane\n|-end|p2b: Flutter Mane|Protosynthesis|[silent]\n|\n|-sideend|p1: haha you rage quit|move: Tailwind\n|upkeep\n|turn|5\n|-message|FlipsicleTwo forfeited.\n|\n|win|haha you rage quit\n|raw|haha you rage quit's rating: 1229 → 1248<\/strong> (+19 for winning)\n|raw|FlipsicleTwo's rating: 1142 → 1123<\/strong> (-19 for losing)\n|l|\u2606FlipsicleTwo\n","uploadtime":1683145787,"views":10,"p1id":"hahayouragequit","p2id":"flipsicletwo","formatid":"gen9vgc2023regulationc","rating":1123,"private":0,"password":""}