{"id":"gen9vgc2023regulationc-1847699922","p1":"Sml12","p2":"trashy pup","format":"[Gen 9] VGC 2023 Regulation C","log":"|j|\u2606Sml12\n|j|\u2606trashy pup\n|t:|1681993882\n|gametype|doubles\n|player|p1|Sml12|102|1252\n|player|p2|trashy pup|fisherman-gen4|1168\n|teamsize|p1|6\n|teamsize|p2|6\n|gen|9\n|tier|[Gen 9] VGC 2023 Regulation C\n|rated|\n|rule|Species Clause: Limit one of each Pok\u00e9mon\n|rule|Item Clause: Limit one of each item\n|clearpoke\n|poke|p1|Kingambit, L50, F|\n|poke|p1|Flutter Mane, L50|\n|poke|p1|Amoonguss, L50, F|\n|poke|p1|Talonflame, L50, M|\n|poke|p1|Clawitzer, L50, M|\n|poke|p1|Iron Treads, L50|\n|poke|p2|Pelipper, L50, M|\n|poke|p2|Palafin, L50, F|\n|poke|p2|Amoonguss, L50, M|\n|poke|p2|Tauros-Paldea-Blaze, L50, M|\n|poke|p2|Chien-Pao, L50|\n|poke|p2|Gholdengo, L50|\n|teampreview|4\n|inactive|Battle timer is ON: inactive players will automatically lose when time's up. (requested by trashy pup)\ntrashy pup rejected open team sheets.\n|inactive|Sml12 has 60 seconds left.\n|\n|t:|1681993935\n|start\n|switch|p1a: Amoonguss|Amoonguss, L50, F|100\/100\n|switch|p1b: Iron Treads|Iron Treads, L50|100\/100\n|switch|p2a: Pelipper|Pelipper, L50, M|100\/100\n|switch|p2b: Palafin|Palafin, L50, F|100\/100\n|-weather|RainDance|[from] ability: Drizzle|[of] p2a: Pelipper\n|turn|1\n|\n|t:|1681993955\n|detailschange|p2b: Palafin|Palafin-Hero, L50, F\n|switch|p2b: Amoonguss|Amoonguss, L50, M, shiny|100\/100\n|move|p2a: Pelipper|Hurricane|p1a: Amoonguss\n|-supereffective|p1a: Amoonguss\n|-damage|p1a: Amoonguss|24\/100\n|-start|p1a: Amoonguss|confusion\n|move|p1b: Iron Treads|Volt Switch|p2a: Pelipper\n|-supereffective|p2a: Pelipper\n|-enditem|p2a: Pelipper|Focus Sash\n|-damage|p2a: Pelipper|1\/100\n|-damage|p1b: Iron Treads|91\/100|[from] item: Life Orb\n|\n|t:|1681993971\n|-end|p1b: Iron Treads|Quark Drive|[silent]\n|switch|p1b: Clawitzer|Clawitzer, L50, M|100\/100|[from] Volt Switch\n|-activate|p1a: Amoonguss|confusion\n|move|p1a: Amoonguss|Spore|p2b: Amoonguss\n|-immune|p2b: Amoonguss\n|\n|-weather|RainDance|[upkeep]\n|upkeep\n|turn|2\n|\n|t:|1681993982\n|switch|p1a: Kingambit|Kingambit, L50, F|100\/100\n|move|p2b: Amoonguss|Rage Powder|p2b: Amoonguss\n|-singleturn|p2b: Amoonguss|move: Rage Powder\n|move|p2a: Pelipper|Tailwind|p2a: Pelipper\n|-sidestart|p2: trashy pup|move: Tailwind\n|move|p1b: Clawitzer|Icy Wind|p2a: Pelipper|[spread] p2a,p2b\n|-supereffective|p2b: Amoonguss\n|-damage|p2a: Pelipper|0 fnt\n|-damage|p2b: Amoonguss|79\/100\n|faint|p2a: Pelipper\n|\n|-weather|RainDance|[upkeep]\n|upkeep\n|\n|t:|1681993992\n|switch|p2a: Palafin|Palafin-Hero, L50, F|100\/100\n|-activate|p2a: Palafin|ability: Zero to Hero\n|turn|3\n|\n|t:|1681994010\n|-terastallize|p1a: Kingambit|Flying\n|move|p2a: Palafin|Bulk Up|p2a: Palafin\n|-boost|p2a: Palafin|atk|1\n|-boost|p2a: Palafin|def|1\n|move|p1b: Clawitzer|Dragon Pulse|p2a: Palafin\n|-damage|p2a: Palafin|58\/100\n|move|p2b: Amoonguss|Spore|p1a: Kingambit\n|-status|p1a: Kingambit|slp|[from] move: Spore\n|cant|p1a: Kingambit|slp\n|\n|-weather|RainDance|[upkeep]\n|upkeep\n|turn|4\n|\n|t:|1681994032\n|-terastallize|p2a: Palafin|Water\n|move|p2a: Palafin|Jet Punch|p1b: Clawitzer\n|-resisted|p1b: Clawitzer\n|-damage|p1b: Clawitzer|44\/100\n|-enditem|p1b: Clawitzer|Sitrus Berry|[eat]\n|-heal|p1b: Clawitzer|68\/100|[from] item: Sitrus Berry\n|move|p1b: Clawitzer|Dragon Pulse|p2a: Palafin\n|-damage|p2a: Palafin|19\/100\n|move|p2b: Amoonguss|Pollen Puff|p2a: Palafin\n|-heal|p2a: Palafin|69\/100\n|cant|p1a: Kingambit|slp\n|\n|-weather|RainDance|[upkeep]\n|upkeep\n|turn|5\n|\n|t:|1681994046\n|move|p1b: Clawitzer|Protect|p1b: Clawitzer\n|-singleturn|p1b: Clawitzer|Protect\n|move|p2a: Palafin|Jet Punch|p1a: Kingambit\n|-damage|p1a: Kingambit|22\/100 slp\n|move|p2b: Amoonguss|Pollen Puff|p2a: Palafin\n|-heal|p2a: Palafin|100\/100\n|-curestatus|p1a: Kingambit|slp|[msg]\n|move|p1a: Kingambit|Tera Blast|p2b: Amoonguss\n|-supereffective|p2b: Amoonguss\n|-damage|p2b: Amoonguss|0 fnt\n|faint|p2b: Amoonguss\n|\n|-weather|none\n|-sideend|p2: trashy pup|move: Tailwind\n|upkeep\n|\n|t:|1681994057\n|switch|p2b: Tauros|Tauros-Paldea-Blaze, L50, M|100\/100\n|-ability|p2b: Tauros|Intimidate|boost\n|-unboost|p1a: Kingambit|atk|1\n|-ability|p1a: Kingambit|Defiant|boost\n|-boost|p1a: Kingambit|atk|2\n|-unboost|p1b: Clawitzer|atk|1\n|turn|6\n|\n|t:|1681994068\n|move|p2a: Palafin|Jet Punch|p1a: Kingambit\n|-damage|p1a: Kingambit|0 fnt\n|faint|p1a: Kingambit\n|move|p2b: Tauros|Close Combat|p1b: Clawitzer\n|-damage|p1b: Clawitzer|0 fnt\n|-unboost|p2b: Tauros|def|1\n|-unboost|p2b: Tauros|spd|1\n|faint|p1b: Clawitzer\n|\n|upkeep\n|\n|t:|1681994073\n|switch|p1b: Amoonguss|Amoonguss, L50, F|57\/100\n|switch|p1a: Iron Treads|Iron Treads, L50|91\/100\n|turn|7\n|\n|t:|1681994083\n|move|p1b: Amoonguss|Rage Powder|p1b: Amoonguss\n|-singleturn|p1b: Amoonguss|move: Rage Powder\n|move|p2a: Palafin|Jet Punch|p1a: Iron Treads\n|-supereffective|p1a: Iron Treads\n|-damage|p1a: Iron Treads|0 fnt\n|faint|p1a: Iron Treads\n|-end|p1a: Iron Treads|Quark Drive|[silent]\n|move|p2b: Tauros|Raging Bull|p1b: Amoonguss\n|-supereffective|p1b: Amoonguss\n|-damage|p1b: Amoonguss|0 fnt\n|faint|p1b: Amoonguss\n|\n|win|trashy pup\n|raw|Sml12's rating: 1252 → 1221<\/strong> (-31 for losing)\n|raw|trashy pup's rating: 1168 → 1199<\/strong> (+31 for winning)\n|l|\u2606Sml12\n|c|\u2606trashy pup|GG EZ\n|c|\u2606trashy pup|: )\n","uploadtime":1681994116,"views":12,"p1id":"sml12","p2id":"trashypup","formatid":"gen9vgc2023regulationc","rating":1199,"private":0,"password":""}