{"id":"gen9vgc2023regulationc-1857270559","p1":"jakevw19","p2":"sakuraaVGC","format":"[Gen 9] VGC 2023 Regulation C","log":"|j|\u2606jakevw19\n|j|\u2606sakuraaVGC\n|t:|1683165964\n|gametype|doubles\n|player|p1|jakevw19|depotagent|1197\n|player|p2|sakuraaVGC|pokemonbreederf-gen4|1286\n|teamsize|p1|6\n|teamsize|p2|6\n|gen|9\n|tier|[Gen 9] VGC 2023 Regulation C\n|rated|\n|rule|Species Clause: Limit one of each Pok\u00e9mon\n|rule|Item Clause: Limit one of each item\n|clearpoke\n|poke|p1|Garganacl, L50, M|\n|poke|p1|Glimmora, L50, F|\n|poke|p1|Palafin, L50, F|\n|poke|p1|Rotom-Heat, L50|\n|poke|p1|Mimikyu, L50, F|\n|poke|p1|Ting-Lu, L50|\n|poke|p2|Iron Bundle, L50|\n|poke|p2|Flutter Mane, L50|\n|poke|p2|Chi-Yu, L50|\n|poke|p2|Wo-Chien, L50|\n|poke|p2|Baxcalibur, L50, F|\n|poke|p2|Scizor, L50, F|\n|teampreview|4\n|inactive|Battle timer is ON: inactive players will automatically lose when time's up. (requested by sakuraaVGC)\n|inactive|jakevw19 has 60 seconds left.\n|inactive|sakuraaVGC has 60 seconds left.\n|\n|t:|1683166017\n|start\n|switch|p1a: The Dolphin|Palafin, L50, F|100\/100\n|switch|p1b: The Oven|Rotom-Heat, L50|100\/100\n|switch|p2a: Scizor|Scizor, L50, F|100\/100\n|switch|p2b: Iron Bundle|Iron Bundle, L50|100\/100\n|-enditem|p2b: Iron Bundle|Booster Energy\n|-activate|p2b: Iron Bundle|ability: Quark Drive|[fromitem]\n|-start|p2b: Iron Bundle|quarkdrivespe\n|turn|1\n|inactive|jakevw19 has 30 seconds left.\n|\n|t:|1683166045\n|move|p2b: Iron Bundle|Protect|p2b: Iron Bundle\n|-singleturn|p2b: Iron Bundle|Protect\n|move|p2a: Scizor|Protect|p2a: Scizor\n|-singleturn|p2a: Scizor|Protect\n|move|p1a: The Dolphin|Flip Turn|p2a: Scizor\n|-activate|p2a: Scizor|move: Protect\n|move|p1b: The Oven|Thunderbolt|p2b: Iron Bundle\n|-activate|p2b: Iron Bundle|move: Protect\n|\n|upkeep\n|turn|2\n|\n|t:|1683166064\n|move|p2a: Scizor|Bullet Punch|p1a: The Dolphin\n|-resisted|p1a: The Dolphin\n|-damage|p1a: The Dolphin|77\/100\n|move|p2b: Iron Bundle|Freeze-Dry|p1a: The Dolphin\n|-supereffective|p1a: The Dolphin\n|-damage|p1a: The Dolphin|0 fnt\n|faint|p1a: The Dolphin\n|move|p1b: The Oven|Thunderbolt|p2b: Iron Bundle\n|-supereffective|p2b: Iron Bundle\n|-damage|p2b: Iron Bundle|0 fnt\n|faint|p2b: Iron Bundle\n|-end|p2b: Iron Bundle|Quark Drive|[silent]\n|\n|upkeep\n|\n|t:|1683166082\n|switch|p2b: Wo-Chien|Wo-Chien, L50|100\/100\n|switch|p1a: The Moose|Ting-Lu, L50|100\/100\n|-ability|p2b: Wo-Chien|Tablets of Ruin\n|-ability|p1a: The Moose|Vessel of Ruin\n|turn|3\n|\n|t:|1683166099\n|switch|p1b: The Devil (FTB)|Glimmora, L50, F|100\/100\n|-terastallize|p2b: Wo-Chien|Water\n|move|p2b: Wo-Chien|Tera Blast|p1b: The Devil (FTB)\n|-supereffective|p1b: The Devil (FTB)\n|-damage|p1b: The Devil (FTB)|38\/100\n|move|p2a: Scizor|Tailwind|p2a: Scizor\n|-sidestart|p2: sakuraaVGC|move: Tailwind\n|move|p1a: The Moose|Stomping Tantrum|p2a: Scizor\n|-damage|p2a: Scizor|72\/100\n|\n|upkeep\n|turn|4\n|inactive|jakevw19 has 30 seconds left.\n|\n|t:|1683166127\n|move|p2b: Wo-Chien|Giga Drain|p1b: The Devil (FTB)\n|-damage|p1b: The Devil (FTB)|9\/100\n|move|p2a: Scizor|Close Combat|p1a: The Moose\n|-supereffective|p1a: The Moose\n|-damage|p1a: The Moose|64\/100\n|-unboost|p2a: Scizor|def|1\n|-unboost|p2a: Scizor|spd|1\n|move|p1b: The Devil (FTB)|Mortal Spin|p2a: Scizor|[spread] p2b\n|-immune|p2a: Scizor\n|-damage|p2b: Wo-Chien|98\/100\n|-status|p2b: Wo-Chien|psn\n|move|p1a: The Moose|Ruination|p2b: Wo-Chien\n|-damage|p2b: Wo-Chien|49\/100 psn\n|\n|-damage|p2b: Wo-Chien|37\/100 psn|[from] psn\n|upkeep\n|turn|5\n|inactive|jakevw19 has 30 seconds left.\n|\n|t:|1683166153\n|move|p1b: The Devil (FTB)|Spiky Shield|p1b: The Devil (FTB)\n|-singleturn|p1b: The Devil (FTB)|move: Protect\n|move|p2a: Scizor|Bullet Punch|p1b: The Devil (FTB)\n|-activate|p1b: The Devil (FTB)|move: Protect\n|-damage|p2a: Scizor|60\/100|[from] Spiky Shield|[of] p1b: The Devil (FTB)\n|move|p2b: Wo-Chien|Giga Drain|p1a: The Moose\n|-supereffective|p1a: The Moose\n|-damage|p1a: The Moose|42\/100\n|-heal|p2b: Wo-Chien|52\/100 psn|[from] drain|[of] p1a: The Moose\n|move|p1a: The Moose|Body Press|p2a: Scizor\n|-damage|p2a: Scizor|35\/100\n|-enditem|p2a: Scizor|Sitrus Berry|[eat]\n|-heal|p2a: Scizor|60\/100|[from] item: Sitrus Berry\n|\n|-damage|p2b: Wo-Chien|39\/100 psn|[from] psn\n|upkeep\n|turn|6\n|c|\u2606jakevw19|holy fuck\n|c|\u2606jakevw19|howd ya make him so tanky bro\n|inactive|jakevw19 has 30 seconds left.\n|inactive|sakuraaVGC has 30 seconds left.\n|\n|t:|1683166191\n|move|p2b: Wo-Chien|Giga Drain|p1a: The Moose\n|-supereffective|p1a: The Moose\n|-damage|p1a: The Moose|20\/100\n|-heal|p2b: Wo-Chien|54\/100 psn|[from] drain|[of] p1a: The Moose\n|move|p2a: Scizor|Close Combat|p1b: The Devil (FTB)\n|-damage|p1b: The Devil (FTB)|0 fnt\n|-unboost|p2a: Scizor|def|1\n|-unboost|p2a: Scizor|spd|1\n|-activate|p1b: The Devil (FTB)|ability: Toxic Debris\n|-sidestart|p2: sakuraaVGC|move: Toxic Spikes\n|faint|p1b: The Devil (FTB)\n|move|p1a: The Moose|Body Press|p2b: Wo-Chien\n|-damage|p2b: Wo-Chien|39\/100 psn\n|\n|-damage|p2b: Wo-Chien|27\/100 psn|[from] psn\n|-sideend|p2: sakuraaVGC|move: Tailwind\n|upkeep\n|\n|t:|1683166209\n|switch|p1b: The Oven|Rotom-Heat, L50|100\/100\n|turn|7\n|inactive|sakuraaVGC has 30 seconds left.\n|\n|t:|1683166237\n|move|p1b: The Oven|Thunderbolt|p2a: Scizor\n|-damage|p2a: Scizor|0 fnt\n|faint|p2a: Scizor\n|move|p2b: Wo-Chien|Tera Blast|p1b: The Oven\n|-supereffective|p1b: The Oven\n|-damage|p1b: The Oven|30\/100\n|move|p1a: The Moose|Stomping Tantrum|p2b: Wo-Chien\n|-damage|p2b: Wo-Chien|5\/100 psn\n|\n|-damage|p2b: Wo-Chien|0 fnt|[from] psn\n|faint|p2b: Wo-Chien\n|upkeep\n|\n|t:|1683166242\n|switch|p2a: Flutter Mane|Flutter Mane, L50|100\/100\n|-status|p2a: Flutter Mane|psn\n|turn|8\n|\n|t:|1683166253\n|move|p2a: Flutter Mane|Moonblast|p1a: The Moose\n|-supereffective|p1a: The Moose\n|-damage|p1a: The Moose|0 fnt\n|faint|p1a: The Moose\n|move|p1b: The Oven|Thunderbolt|p2a: Flutter Mane\n|-damage|p2a: Flutter Mane|45\/100 psn\n|\n|-damage|p2a: Flutter Mane|33\/100 psn|[from] psn\n|upkeep\n|turn|9\n|\n|t:|1683166262\n|move|p2a: Flutter Mane|Moonblast|p1b: The Oven\n|-resisted|p1b: The Oven\n|-damage|p1b: The Oven|0 fnt\n|faint|p1b: The Oven\n|\n|win|sakuraaVGC\n|raw|jakevw19's rating: 1197 → 1178<\/strong> (-19 for losing)\n|raw|sakuraaVGC's rating: 1286 → 1305<\/strong> (+19 for winning)\n|c|\u2606jakevw19|gg\n","uploadtime":1683166267,"views":9,"p1id":"jakevw19","p2id":"sakuraavgc","formatid":"gen9vgc2023regulationc","rating":1178,"private":0,"password":""}