{"id":"gen9vgc2023regulationc-1863741654","p1":"Placidbee","p2":"Skinmeat","format":"[Gen 9] VGC 2023 Regulation C","log":"|j|\u2606Placidbee\n|j|\u2606Skinmeat\n|t:|1684070456\n|gametype|doubles\n|player|p1|Placidbee|parasollady|1093\n|player|p2|Skinmeat|hiker-gen4|1000\n|teamsize|p1|6\n|teamsize|p2|6\n|gen|9\n|tier|[Gen 9] VGC 2023 Regulation C\n|rated|\n|rule|Species Clause: Limit one of each Pok\u00e9mon\n|rule|Item Clause: Limit one of each item\n|clearpoke\n|poke|p1|Ceruledge, L50, M|\n|poke|p1|Torkoal, L50, F|\n|poke|p1|Kingambit, L50, M|\n|poke|p1|Rotom-Wash, L50|\n|poke|p1|Arboliva, L50, F|\n|poke|p1|Flutter Mane, L50|\n|poke|p2|Arcanine, L50, F|\n|poke|p2|Iron Valiant, L50|\n|poke|p2|Gyarados, L50, F|\n|poke|p2|Sylveon, L50, M|\n|poke|p2|Garchomp, L50, M|\n|poke|p2|Eelektross, L50, M|\n|teampreview|4\n|\n|t:|1684070498\n|start\n|switch|p1a: Ceruledge|Ceruledge, L50, M|100\/100\n|switch|p1b: Rotom|Rotom-Wash, L50|100\/100\n|switch|p2a: Eelektross|Eelektross, L50, M|100\/100\n|switch|p2b: Garchomp|Garchomp, L50, M|100\/100\n|turn|1\n|\n|t:|1684070524\n|switch|p1a: Arboliva|Arboliva, L50, F|100\/100\n|move|p2b: Garchomp|Rock Slide|p1b: Rotom|[spread] p1a,p1b\n|-damage|p1a: Arboliva|81\/100\n|-damage|p1b: Rotom|72\/100\n|move|p1b: Rotom|Will-O-Wisp|p2b: Garchomp\n|-status|p2b: Garchomp|brn\n|move|p2a: Eelektross|Discharge|p1a: Arboliva|[spread] p1a,p1b\n|-immune|p2b: Garchomp\n|-resisted|p1a: Arboliva\n|-damage|p1a: Arboliva|71\/100\n|-damage|p1b: Rotom|29\/100\n|-status|p1a: Arboliva|par\n|\n|-damage|p2b: Garchomp|94\/100 brn|[from] brn\n|upkeep\n|turn|2\n|\n|t:|1684070548\n|move|p2b: Garchomp|Rock Slide|p1a: Arboliva|[spread] p1a,p1b\n|-damage|p1a: Arboliva|61\/100 par\n|-damage|p1b: Rotom|16\/100\n|move|p1b: Rotom|Light Screen|p1b: Rotom\n|-sidestart|p1: Placidbee|move: Light Screen\n|move|p2a: Eelektross|Flamethrower|p1a: Arboliva\n|-supereffective|p1a: Arboliva\n|-damage|p1a: Arboliva|37\/100 par\n|-enditem|p1a: Arboliva|Sitrus Berry|[eat]\n|-heal|p1a: Arboliva|62\/100 par|[from] item: Sitrus Berry\n|move|p1a: Arboliva|Substitute|p1a: Arboliva\n|-start|p1a: Arboliva|Substitute\n|-damage|p1a: Arboliva|37\/100 par\n|\n|-damage|p2b: Garchomp|88\/100 brn|[from] brn\n|-item|p1a: Arboliva|Sitrus Berry|[from] ability: Harvest\n|upkeep\n|-enditem|p1a: Arboliva|Sitrus Berry|[eat]\n|-heal|p1a: Arboliva|62\/100 par|[from] item: Sitrus Berry\n|turn|3\n|\n|t:|1684070571\n|move|p2b: Garchomp|Iron Head|p1a: Arboliva\n|-activate|p1a: Arboliva|move: Substitute|[damage]\n|move|p1b: Rotom|Will-O-Wisp|p2a: Eelektross|[miss]\n|-miss|p1b: Rotom|p2a: Eelektross\n|move|p2a: Eelektross|Discharge|p1a: Arboliva|[spread] p1a,p1b\n|-immune|p2b: Garchomp\n|-resisted|p1a: Arboliva\n|-activate|p1a: Arboliva|move: Substitute|[damage]\n|-damage|p1b: Rotom|0 fnt\n|faint|p1b: Rotom\n|move|p1a: Arboliva|Leech Seed|p2b: Garchomp\n|-start|p2b: Garchomp|move: Leech Seed\n|\n|-damage|p2b: Garchomp|76\/100 brn|[from] Leech Seed|[of] p1a: Arboliva\n|-heal|p1a: Arboliva|74\/100 par|[silent]\n|-damage|p2b: Garchomp|70\/100 brn|[from] brn\n|-item|p1a: Arboliva|Sitrus Berry|[from] ability: Harvest\n|upkeep\n|\n|t:|1684070592\n|switch|p1b: Torkoal|Torkoal, L50, F|100\/100\n|-weather|SunnyDay|[from] ability: Drought|[of] p1b: Torkoal\n|turn|4\n|c|\u2606Skinmeat|Really bri\n|c|\u2606Skinmeat|bro\n|c|\u2606Skinmeat|you gnna stall in vgc?\n|\n|t:|1684070615\n|switch|p2b: Sylveon|Sylveon, L50, M|100\/100\n|move|p2a: Eelektross|Discharge|p1b: Torkoal|[spread] p2b,p1a,p1b\n|-resisted|p1a: Arboliva\n|-crit|p1a: Arboliva\n|-end|p1a: Arboliva|Substitute\n|-damage|p2b: Sylveon|78\/100\n|-damage|p1b: Torkoal|74\/100\n|-status|p2b: Sylveon|par\n|move|p1b: Torkoal|Heat Wave|p2b: Sylveon|[spread] p2a\n|-miss|p1b: Torkoal|p2b: Sylveon\n|-damage|p2a: Eelektross|48\/100\n|-enditem|p2a: Eelektross|Red Card|[of] p1b: Torkoal\n|drag|p1b: Ceruledge|Ceruledge, L50, M|100\/100\n|move|p1a: Arboliva|Leech Seed|p2a: Eelektross\n|-start|p2a: Eelektross|move: Leech Seed\n|\n|-weather|SunnyDay|[upkeep]\n|-damage|p2a: Eelektross|36\/100|[from] Leech Seed|[of] p1a: Arboliva\n|-heal|p1a: Arboliva|86\/100 par|[silent]\n|upkeep\n|turn|5\n|c|\u2606Skinmeat|You corny bro\n|\n|t:|1684070652\n|-terastallize|p1b: Ceruledge|Grass\n|move|p1b: Ceruledge|Bitter Blade|p2b: Sylveon\n|-damage|p2b: Sylveon|8\/100 par\n|move|p2a: Eelektross|Flamethrower|p1a: Arboliva\n|-supereffective|p1a: Arboliva\n|-damage|p1a: Arboliva|45\/100 par\n|-enditem|p1a: Arboliva|Sitrus Berry|[eat]\n|-heal|p1a: Arboliva|70\/100 par|[from] item: Sitrus Berry\n|move|p2b: Sylveon|Hyper Voice|p1a: Arboliva|[spread] p1a,p1b\n|-damage|p1a: Arboliva|52\/100 par\n|-damage|p1b: Ceruledge|83\/100\n|-enditem|p2b: Sylveon|Throat Spray\n|-boost|p2b: Sylveon|spa|1|[from] item: Throat Spray\n|move|p1a: Arboliva|Leech Seed|p2b: Sylveon\n|-start|p2b: Sylveon|move: Leech Seed\n|\n|-weather|SunnyDay|[upkeep]\n|-damage|p2a: Eelektross|24\/100|[from] Leech Seed|[of] p1a: Arboliva\n|-heal|p1a: Arboliva|64\/100 par|[silent]\n|-damage|p2b: Sylveon|0 fnt|[from] Leech Seed|[of] p1a: Arboliva\n|-heal|p1a: Arboliva|72\/100 par|[silent]\n|faint|p2b: Sylveon\n|-item|p1a: Arboliva|Sitrus Berry|[from] ability: Harvest\n|upkeep\n|\n|t:|1684070677\n|switch|p2b: Iron Valiant|Iron Valiant, L50|100\/100\n|turn|6\n|\n|t:|1684070696\n|-terastallize|p2b: Iron Valiant|Fairy\n|move|p1a: Arboliva|Protect|p1a: Arboliva\n|-singleturn|p1a: Arboliva|Protect\n|move|p2b: Iron Valiant|Dazzling Gleam|p1b: Ceruledge|[spread] p1b\n|-activate|p1a: Arboliva|move: Protect\n|-damage|p1b: Ceruledge|68\/100\n|move|p1b: Ceruledge|Bitter Blade|p2b: Iron Valiant\n|-damage|p2b: Iron Valiant|24\/100\n|-heal|p1b: Ceruledge|100\/100|[from] drain|[of] p2b: Iron Valiant\n|move|p2a: Eelektross|Flamethrower|p1a: Arboliva\n|-activate|p1a: Arboliva|move: Protect\n|\n|-weather|SunnyDay|[upkeep]\n|-damage|p2a: Eelektross|12\/100|[from] Leech Seed|[of] p1a: Arboliva\n|-heal|p1a: Arboliva|85\/100 par|[silent]\n|upkeep\n|turn|7\n|c|\u2606Skinmeat|Corny\n|n|!Skinmeat|skinmeat\n|-message|Skinmeat forfeited.\n|\n|win|Placidbee\n|raw|Placidbee's rating: 1093 → 1112<\/strong> (+19 for winning)\n|raw|Skinmeat's rating: 1000 → 1000<\/strong> (+0 for losing)\n","uploadtime":1684070715,"views":13,"p1id":"placidbee","p2id":"skinmeat","formatid":"gen9vgc2023regulationc","rating":1000,"private":0,"password":""}