{"id":"gen9vgc2023regulationc-1864040825","p1":"EightyHall","p2":"OneStrangeOnion","format":"[Gen 9] VGC 2023 Regulation C","log":"|j|\u2606EightyHall\n|j|\u2606OneStrangeOnion\n|t:|1684109123\n|gametype|doubles\n|player|p1|EightyHall|265|1063\n|player|p2|OneStrangeOnion|rosa|1000\n|teamsize|p1|6\n|teamsize|p2|6\n|gen|9\n|tier|[Gen 9] VGC 2023 Regulation C\n|rated|\n|rule|Species Clause: Limit one of each Pok\u00e9mon\n|rule|Item Clause: Limit one of each item\n|clearpoke\n|poke|p1|Abomasnow, L50, M|\n|poke|p1|Scream Tail, L50|\n|poke|p1|Cetitan, L50, F|\n|poke|p1|Sandy Shocks, L50|\n|poke|p1|Vivillon-Fancy, L50, F|\n|poke|p1|Annihilape, L50, F|\n|poke|p2|Polteageist-Antique, L50|\n|poke|p2|Appletun, L50, M|\n|poke|p2|Garganacl, L50, M|\n|poke|p2|Veluza, L50, M|\n|poke|p2|Chansey, L50, F|\n|poke|p2|Vespiquen, L50, F|\n|teampreview|4\n|inactive|Battle timer is ON: inactive players will automatically lose when time's up. (requested by OneStrangeOnion)\n|inactive|OneStrangeOnion has 60 seconds left.\n|\n|t:|1684109164\n|start\n|switch|p1a: Sandy Shocks|Sandy Shocks, L50|100\/100\n|switch|p1b: Vivillon|Vivillon-Fancy, L50, F|100\/100\n|switch|p2a: \u8336|Polteageist-Antique, L50, shiny|100\/100\n|switch|p2b: \u9b5a|Veluza, L50, M|100\/100\n|turn|1\n|\n|t:|1684109184\n|move|p1b: Vivillon|Rage Powder|p1b: Vivillon\n|-singleturn|p1b: Vivillon|move: Rage Powder\n|move|p1a: Sandy Shocks|Gravity|p1a: Sandy Shocks\n|-fieldstart|move: Gravity\n|move|p2b: \u9b5a|Fillet Away|p2b: \u9b5a\n|-boost|p2b: \u9b5a|atk|2\n|-boost|p2b: \u9b5a|spa|2\n|-boost|p2b: \u9b5a|spe|2\n|-damage|p2b: \u9b5a|50\/100\n|-enditem|p2b: \u9b5a|Sitrus Berry|[eat]\n|-heal|p2b: \u9b5a|75\/100|[from] item: Sitrus Berry\n|move|p2a: \u8336|Will-O-Wisp|p1b: Vivillon\n|-status|p1b: Vivillon|brn\n|\n|-damage|p1b: Vivillon|95\/100 brn|[from] brn\n|upkeep\n|turn|2\n|inactive|OneStrangeOnion has 30 seconds left.\n|inactive|OneStrangeOnion has 20 seconds left.\n|inactive|OneStrangeOnion has 15 seconds left.\n|\n|t:|1684109226\n|move|p2b: \u9b5a|Aqua Cutter|p1a: Sandy Shocks\n|-supereffective|p1a: Sandy Shocks\n|-damage|p1a: Sandy Shocks|0 fnt\n|faint|p1a: Sandy Shocks\n|-end|p1a: Sandy Shocks|Protosynthesis|[silent]\n|move|p1b: Vivillon|Sleep Powder|p2a: \u8336\n|-status|p2a: \u8336|slp|[from] move: Sleep Powder\n|cant|p2a: \u8336|slp\n|\n|-damage|p1b: Vivillon|89\/100 brn|[from] brn\n|upkeep\n|\n|t:|1684109239\n|switch|p1a: Annihilape|Annihilape, L50, F|100\/100\n|turn|3\n|inactive|OneStrangeOnion has 30 seconds left.\n|inactive|OneStrangeOnion has 20 seconds left.\n|inactive|OneStrangeOnion has 15 seconds left.\n|inactive|OneStrangeOnion has 10 seconds left.\n|inactive|OneStrangeOnion has 5 seconds left.\n|\n|t:|1684109290\n|switch|p2a: \u5375|Chansey, L50, F|100\/100\n|move|p2b: \u9b5a|Psycho Cut|p1a: Annihilape\n|-supereffective|p1a: Annihilape\n|-damage|p1a: Annihilape|0 fnt\n|faint|p1a: Annihilape\n|move|p1b: Vivillon|Sleep Powder|p2b: \u9b5a\n|-status|p2b: \u9b5a|slp|[from] move: Sleep Powder\n|\n|-damage|p1b: Vivillon|83\/100 brn|[from] brn\n|upkeep\n|\n|t:|1684109302\n|switch|p1a: Cetitan|Cetitan, L50, F|100\/100\n|turn|4\n|inactive|OneStrangeOnion has 30 seconds left.\n|inactive|OneStrangeOnion has 20 seconds left.\n|inactive|OneStrangeOnion has 15 seconds left.\n|inactive|OneStrangeOnion has 10 seconds left.\n|\n|t:|1684109350\n|cant|p2b: \u9b5a|slp\n|move|p1b: Vivillon|Sleep Powder|p2a: \u5375\n|-status|p2a: \u5375|slp|[from] move: Sleep Powder\n|move|p1a: Cetitan|Heavy Slam|p2b: \u9b5a\n|-resisted|p2b: \u9b5a\n|-damage|p2b: \u9b5a|55\/100 slp\n|cant|p2a: \u5375|slp\n|\n|-damage|p1b: Vivillon|77\/100 brn|[from] brn\n|upkeep\n|turn|5\n|inactive|OneStrangeOnion has 30 seconds left.\n|\n|t:|1684109376\n|cant|p2b: \u9b5a|slp\n|move|p1b: Vivillon|Pollen Puff|p2b: \u9b5a\n|-supereffective|p2b: \u9b5a\n|-damage|p2b: \u9b5a|0 fnt\n|faint|p2b: \u9b5a\n|move|p1a: Cetitan|Icicle Crash|p2a: \u5375\n|-damage|p2a: \u5375|74\/100 slp\n|cant|p2a: \u5375|slp\n|\n|-damage|p1b: Vivillon|71\/100 brn|[from] brn\n|-fieldend|move: Gravity\n|upkeep\n|\n|t:|1684109393\n|switch|p2b: \u5869|Garganacl, L50, M|100\/100\n|turn|6\n|\n|t:|1684109411\n|-terastallize|p1a: Cetitan|Water\n|move|p1b: Vivillon|Rage Powder|p1b: Vivillon\n|-singleturn|p1b: Vivillon|move: Rage Powder\n|move|p1a: Cetitan|Liquidation|p2b: \u5869\n|-supereffective|p2b: \u5869\n|-damage|p2b: \u5869|39\/100\n|-unboost|p2b: \u5869|def|1\n|-enditem|p2b: \u5869|Weakness Policy\n|-boost|p2b: \u5869|atk|2|[from] item: Weakness Policy\n|-boost|p2b: \u5869|spa|2|[from] item: Weakness Policy\n|cant|p2a: \u5375|slp\n|move|p2b: \u5869|Salt Cure|p1b: Vivillon\n|-supereffective|p1b: Vivillon\n|-damage|p1b: Vivillon|0 fnt\n|faint|p1b: Vivillon\n|\n|upkeep\n|turn|7\n|\n|t:|1684109434\n|-terastallize|p2b: \u5869|Ghost\n|move|p1a: Cetitan|Liquidation|p2b: \u5869\n|-damage|p2b: \u5869|0 fnt\n|faint|p2b: \u5869\n|-curestatus|p2a: \u5375|slp|[msg]\n|move|p2a: \u5375|Heal Pulse|p2: \u5869|[notarget]\n|-fail|p2a: \u5375\n|\n|upkeep\n|\n|t:|1684109441\n|switch|p2b: \u8336|Polteageist-Antique, L50, shiny|100\/100 slp\n|turn|8\n|\n|t:|1684109455\n|move|p1a: Cetitan|Superpower|p2a: \u5375\n|-supereffective|p2a: \u5375\n|-damage|p2a: \u5375|27\/100\n|-unboost|p1a: Cetitan|atk|1\n|-unboost|p1a: Cetitan|def|1\n|cant|p2b: \u8336|slp\n|move|p2a: \u5375|Soft-Boiled|p2a: \u5375\n|-heal|p2a: \u5375|77\/100\n|\n|upkeep\n|turn|9\n|\n|t:|1684109472\n|move|p1a: Cetitan|Liquidation|p2b: \u8336\n|-damage|p2b: \u8336|59\/100 slp\n|-unboost|p2b: \u8336|def|1\n|-curestatus|p2b: \u8336|slp|[msg]\n|move|p2b: \u8336|Will-O-Wisp|p1a: Cetitan\n|-status|p1a: Cetitan|brn\n|move|p2a: \u5375|Soft-Boiled|p2a: \u5375\n|-heal|p2a: \u5375|100\/100\n|\n|-damage|p1a: Cetitan|94\/100 brn|[from] brn\n|upkeep\n|turn|10\n|\n|t:|1684109488\n|move|p1a: Cetitan|Liquidation|p2b: \u8336\n|-damage|p2b: \u8336|27\/100\n|move|p2b: \u8336|Hex|p1a: Cetitan\n|-damage|p1a: Cetitan|52\/100 brn\n|move|p2a: \u5375|Heal Pulse|p2b: \u8336\n|-heal|p2b: \u8336|77\/100\n|\n|-damage|p1a: Cetitan|46\/100 brn|[from] brn\n|upkeep\n|turn|11\n|-message|EightyHall forfeited.\n|\n|win|OneStrangeOnion\n|raw|EightyHall's rating: 1063 → 1040<\/strong> (-23 for losing)\n|raw|OneStrangeOnion's rating: 1000 → 1047<\/strong> (+47 for winning)\n|l|\u2606EightyHall\n","uploadtime":1684109507,"views":8,"p1id":"eightyhall","p2id":"onestrangeonion","formatid":"gen9vgc2023regulationc","rating":1040,"private":0,"password":""}