{"id":"gen9vgc2023regulationc-1856214251","p1":"bigboohbahs","p2":"Evil Azumarills","format":"[Gen 9] VGC 2023 Regulation C","log":"|j|\u2606bigboohbahs\n|j|\u2606Evil Azumarills\n|t:|1683041421\n|gametype|doubles\n|player|p1|bigboohbahs|brycenman|1114\n|player|p2|Evil Azumarills|morty|1111\n|teamsize|p1|6\n|teamsize|p2|6\n|gen|9\n|tier|[Gen 9] VGC 2023 Regulation C\n|rated|\n|rule|Species Clause: Limit one of each Pok\u00e9mon\n|rule|Item Clause: Limit one of each item\n|clearpoke\n|poke|p1|Ting-Lu, L50|\n|poke|p1|Chien-Pao, L50|\n|poke|p1|Amoonguss, L50, M|\n|poke|p1|Arcanine, L50, F|\n|poke|p1|Dragonite, L50, M|\n|poke|p1|Flutter Mane, L50|\n|poke|p2|Pelipper, L50, M|\n|poke|p2|Palafin, L50, F|\n|poke|p2|Iron Jugulis, L50|\n|poke|p2|Amoonguss, L50, M|\n|poke|p2|Gholdengo, L50|\n|poke|p2|Chi-Yu, L50|\n|teampreview|4\n|inactive|Battle timer is ON: inactive players will automatically lose when time's up. (requested by bigboohbahs)\nEvil Azumarills has agreed to open team sheets.\n|inactive|Evil Azumarills has 60 seconds left.\n|\n|t:|1683041455\n|start\n|switch|p1a: Woof|Chien-Pao, L50|100\/100\n|switch|p1b: Bord|Dragonite, L50, M|100\/100\n|switch|p2a: Pelipper|Pelipper, L50, M|100\/100\n|switch|p2b: Palafin|Palafin, L50, F|100\/100\n|-ability|p1a: Woof|Sword of Ruin\n|-weather|RainDance|[from] ability: Drizzle|[of] p2a: Pelipper\n|turn|1\n|\n|t:|1683041479\n|-terastallize|p1b: Bord|Normal\n|move|p2b: Palafin|Protect|p2b: Palafin\n|-singleturn|p2b: Palafin|Protect\n|move|p1b: Bord|Extreme Speed|p2b: Palafin\n|-activate|p2b: Palafin|move: Protect\n|move|p1a: Woof|Throat Chop|p2b: Palafin\n|-activate|p2b: Palafin|move: Protect\n|move|p2a: Pelipper|Icy Wind|p1b: Bord|[spread] p1a,p1b\n|-resisted|p1a: Woof\n|-damage|p1a: Woof|90\/100\n|-damage|p1b: Bord|89\/100\n|-unboost|p1a: Woof|spe|1\n|-unboost|p1b: Bord|spe|1\n|\n|-weather|RainDance|[upkeep]\n|upkeep\n|turn|2\n|\n|t:|1683041504\n|detailschange|p2b: Palafin|Palafin-Hero, L50, F\n|switch|p2b: Amoonguss|Amoonguss, L50, M|100\/100\n|move|p1b: Bord|Extreme Speed|p2b: Amoonguss\n|-damage|p2b: Amoonguss|20\/100\n|-enditem|p2b: Amoonguss|Sitrus Berry|[eat]\n|-heal|p2b: Amoonguss|45\/100|[from] item: Sitrus Berry\n|move|p1a: Woof|Throat Chop|p2b: Amoonguss\n|-damage|p2b: Amoonguss|0 fnt\n|faint|p2b: Amoonguss\n|move|p2a: Pelipper|Tailwind|p2a: Pelipper\n|-sidestart|p2: Evil Azumarills|move: Tailwind\n|\n|-weather|RainDance|[upkeep]\n|upkeep\n|\n|t:|1683041525\n|switch|p2b: Gholdengo|Gholdengo, L50|100\/100\n|turn|3\n|\n|t:|1683041544\n|switch|p1b: Mogus|Amoonguss, L50, M, shiny|100\/100\n|-terastallize|p2b: Gholdengo|Steel\n|move|p2a: Pelipper|Icy Wind|p1b: Mogus|[spread] p1a,p1b\n|-resisted|p1a: Woof\n|-supereffective|p1b: Mogus\n|-damage|p1a: Woof|79\/100\n|-damage|p1b: Mogus|80\/100\n|-unboost|p1a: Woof|spe|1\n|-unboost|p1b: Mogus|spe|1\n|move|p2b: Gholdengo|Make It Rain|p1a: Woof|[spread] p1a,p1b\n|-supereffective|p1a: Woof\n|-damage|p1a: Woof|0 fnt\n|-damage|p1b: Mogus|0 fnt\n|-unboost|p2b: Gholdengo|spa|1\n|faint|p1a: Woof\n|faint|p1b: Mogus\n|\n|-weather|RainDance|[upkeep]\n|upkeep\n|\n|t:|1683041561\n|switch|p1a: Bord|Dragonite, L50, M, tera:Normal|89\/100\n|switch|p1b: Moos|Ting-Lu, L50|100\/100\n|-ability|p1b: Moos|Vessel of Ruin\n|turn|4\n|inactive|bigboohbahs has 30 seconds left.\n|inactive|Evil Azumarills has 30 seconds left.\n|\n|t:|1683041594\n|move|p2b: Gholdengo|Make It Rain|p1b: Moos|[spread] p1a,p1b\n|-damage|p1a: Bord|45\/100\n|-damage|p1b: Moos|79\/100\n|-unboost|p2b: Gholdengo|spa|1\n|move|p2a: Pelipper|Hydro Pump|p1a: Bord\n|-damage|p1a: Bord|0 fnt\n|faint|p1a: Bord\n|move|p1b: Moos|Ruination|p2a: Pelipper\n|-damage|p2a: Pelipper|51\/100\n|\n|-weather|RainDance|[upkeep]\n|upkeep\n|turn|5\n|-message|bigboohbahs forfeited.\n|\n|win|Evil Azumarills\n|raw|bigboohbahs's rating: 1114 → 1089<\/strong> (-25 for losing)\n|raw|Evil Azumarills's rating: 1111 → 1136<\/strong> (+25 for winning)\n|l|\u2606bigboohbahs\n|c|\u2606Evil Azumarills|gg\n","uploadtime":1683041623,"views":9,"p1id":"bigboohbahs","p2id":"evilazumarills","formatid":"gen9vgc2023regulationc","rating":1089,"private":0,"password":""}