{"id":"gen9vgc2023regulationc-1846680896","p1":"Gateishion","p2":"Sutadasuto","format":"[Gen 9] VGC 2023 Regulation C","log":"|j|\u2606Gateishion\n|j|\u2606Sutadasuto\n|t:|1681865154\n|gametype|doubles\n|player|p1|Gateishion|veteran|\n|player|p2|Sutadasuto|169|\n|teamsize|p1|6\n|teamsize|p2|6\n|gen|9\n|tier|[Gen 9] VGC 2023 Regulation C\n|rule|Species Clause: Limit one of each Pok\u00e9mon\n|rule|Item Clause: Limit one of each item\n|clearpoke\n|poke|p1|Iron Hands, L50|\n|poke|p1|Torkoal, L50, M|\n|poke|p1|Lilligant, L50, F|\n|poke|p1|Mimikyu, L50, F|\n|poke|p1|Farigiraf, L50, F|\n|poke|p1|Chien-Pao, L50|\n|poke|p2|Garganacl, L50, M|\n|poke|p2|Wo-Chien, L50|\n|poke|p2|Gyarados, L50, M|\n|poke|p2|Ting-Lu, L50|\n|poke|p2|Glimmora, L50, M|\n|poke|p2|Iron Hands, L50|\n|teampreview|4\nGateishion has agreed to open team sheets.\nSutadasuto has agreed to open team sheets.\n|\n|t:|1681865213\n|start\n|switch|p1a: Lilligant|Lilligant, L50, F|100\/100\n|switch|p1b: Farigiraf|Farigiraf, L50, F|100\/100\n|switch|p2a: Glimmora|Glimmora, L50, M|100\/100\n|switch|p2b: Wo-Chien|Wo-Chien, L50|100\/100\n|-ability|p2b: Wo-Chien|Tablets of Ruin\n|turn|1\n|\n|t:|1681865232\n|move|p1a: Lilligant|Pollen Puff|p2b: Wo-Chien\n|-supereffective|p2b: Wo-Chien\n|-damage|p2b: Wo-Chien|42\/100\n|move|p2a: Glimmora|Mortal Spin|p1a: Lilligant|[spread] p1a,p1b\n|-supereffective|p1a: Lilligant\n|-crit|p1b: Farigiraf\n|-damage|p1a: Lilligant|93\/100\n|-damage|p1b: Farigiraf|95\/100\n|-status|p1a: Lilligant|psn\n|-status|p1b: Farigiraf|psn\n|move|p2b: Wo-Chien|Substitute|p2b: Wo-Chien\n|-start|p2b: Wo-Chien|Substitute\n|-damage|p2b: Wo-Chien|17\/100\n|move|p1b: Farigiraf|Psyshock|p2a: Glimmora\n|-supereffective|p2a: Glimmora\n|-damage|p2a: Glimmora|40\/100\n|\n|-heal|p2b: Wo-Chien|23\/100|[from] item: Leftovers\n|-damage|p1a: Lilligant|80\/100 psn|[from] psn\n|-damage|p1b: Farigiraf|82\/100 psn|[from] psn\n|upkeep\n|turn|2\n|\n|t:|1681865259\n|move|p2a: Glimmora|Spiky Shield|p2a: Glimmora\n|-singleturn|p2a: Glimmora|move: Protect\n|move|p1a: Lilligant|Pollen Puff|p2b: Wo-Chien\n|-supereffective|p2b: Wo-Chien\n|-end|p2b: Wo-Chien|Substitute\n|move|p2b: Wo-Chien|Leech Seed|p1b: Farigiraf\n|-start|p1b: Farigiraf|move: Leech Seed\n|move|p1b: Farigiraf|Hyper Voice|p2b: Wo-Chien|[spread] p2b\n|-activate|p2a: Glimmora|move: Protect\n|-damage|p2b: Wo-Chien|5\/100\n|\n|-heal|p2b: Wo-Chien|11\/100|[from] item: Leftovers\n|-damage|p1b: Farigiraf|70\/100 psn|[from] Leech Seed|[of] p2b: Wo-Chien\n|-heal|p2b: Wo-Chien|25\/100|[silent]\n|-damage|p1a: Lilligant|68\/100 psn|[from] psn\n|-damage|p1b: Farigiraf|57\/100 psn|[from] psn\n|upkeep\n|turn|3\n|\n|t:|1681865314\n|switch|p2b: Garganacl|Garganacl, L50, M, shiny|100\/100\n|move|p1a: Lilligant|Pollen Puff|p1b: Farigiraf\n|-heal|p1b: Farigiraf|100\/100 psn\n|move|p2a: Glimmora|Acid Spray|p1a: Lilligant\n|-supereffective|p1a: Lilligant\n|-crit|p1a: Lilligant\n|-damage|p1a: Lilligant|3\/100 psn\n|-unboost|p1a: Lilligant|spd|2\n|move|p1b: Farigiraf|Psyshock|p2a: Glimmora\n|-supereffective|p2a: Glimmora\n|-damage|p2a: Glimmora|0 fnt\n|faint|p2a: Glimmora\n|\n|-damage|p1b: Farigiraf|88\/100 psn|[from] Leech Seed|[of] p2b: Garganacl\n|-damage|p1a: Lilligant|0 fnt|[from] psn\n|faint|p1a: Lilligant\n|-damage|p1b: Farigiraf|76\/100 psn|[from] psn\n|upkeep\n|\n|t:|1681865336\n|switch|p1a: Chien-Pao|Chien-Pao, L50|100\/100\n|switch|p2a: Gyarados|Gyarados, L50, M, shiny|100\/100\n|-ability|p1a: Chien-Pao|Sword of Ruin\n|-ability|p2a: Gyarados|Intimidate|boost\n|-unboost|p1a: Chien-Pao|atk|1\n|-unboost|p1b: Farigiraf|atk|1\n|turn|4\n|\n|t:|1681865369\n|switch|p1a: Iron Hands|Iron Hands, L50|100\/100\n|move|p2a: Gyarados|Waterfall|p1b: Farigiraf\n|-damage|p1b: Farigiraf|42\/100 psn\n|move|p1b: Farigiraf|Hyper Voice|p2a: Gyarados|[spread] p2a,p2b\n|-resisted|p2b: Garganacl\n|-damage|p2a: Gyarados|73\/100\n|-damage|p2b: Garganacl|90\/100\n|move|p2b: Garganacl|Salt Cure|p1a: Iron Hands\n|-resisted|p1a: Iron Hands\n|-damage|p1a: Iron Hands|96\/100\n|-start|p1a: Iron Hands|Salt Cure\n|\n|-damage|p1b: Farigiraf|30\/100 psn|[from] Leech Seed|[of] p2b: Garganacl\n|-heal|p2b: Garganacl|100\/100|[silent]\n|-damage|p1b: Farigiraf|18\/100 psn|[from] psn\n|-damage|p1a: Iron Hands|83\/100|[from] Salt Cure\n|upkeep\n|turn|5\n|\n|t:|1681865415\n|move|p2a: Gyarados|Waterfall|p1a: Iron Hands\n|-damage|p1a: Iron Hands|60\/100\n|move|p1b: Farigiraf|Hyper Voice|p2b: Garganacl|[spread] p2a,p2b\n|-resisted|p2b: Garganacl\n|-crit|p2b: Garganacl\n|-damage|p2a: Gyarados|45\/100\n|-damage|p2b: Garganacl|85\/100\n|move|p1a: Iron Hands|Thunder Punch|p2a: Gyarados\n|-supereffective|p2a: Gyarados\n|-damage|p2a: Gyarados|0 fnt\n|faint|p2a: Gyarados\n|move|p2b: Garganacl|Salt Cure|p1a: Iron Hands\n|-resisted|p1a: Iron Hands\n|-damage|p1a: Iron Hands|55\/100\n|\n|-damage|p1b: Farigiraf|5\/100 psn|[from] Leech Seed|[of] p2b: Garganacl\n|-heal|p2b: Garganacl|98\/100|[silent]\n|-damage|p1b: Farigiraf|0 fnt|[from] psn\n|faint|p1b: Farigiraf\n|-damage|p1a: Iron Hands|43\/100|[from] Salt Cure\n|upkeep\n|-enditem|p1a: Iron Hands|Sitrus Berry|[eat]\n|-heal|p1a: Iron Hands|68\/100|[from] item: Sitrus Berry\n|\n|t:|1681865434\n|switch|p2a: Wo-Chien|Wo-Chien, L50|25\/100\n|switch|p1b: Chien-Pao|Chien-Pao, L50|100\/100\n|-ability|p1b: Chien-Pao|Sword of Ruin\n|-ability|p2a: Wo-Chien|Tablets of Ruin\n|turn|6\n|\n|t:|1681865493\n|-terastallize|p1b: Chien-Pao|Ghost\n|-terastallize|p2b: Garganacl|Water\n|move|p1b: Chien-Pao|Sacred Sword|p2b: Garganacl\n|-damage|p2b: Garganacl|76\/100\n|-damage|p1b: Chien-Pao|84\/100|[from] item: Rocky Helmet|[of] p2b: Garganacl\n|move|p2a: Wo-Chien|Leech Seed|p1a: Iron Hands\n|-start|p1a: Iron Hands|move: Leech Seed\n|move|p1a: Iron Hands|Drain Punch|p2a: Wo-Chien\n|-supereffective|p2a: Wo-Chien\n|-damage|p2a: Wo-Chien|0 fnt\n|-heal|p1a: Iron Hands|78\/100|[from] drain|[of] p2a: Wo-Chien\n|faint|p2a: Wo-Chien\n|move|p2b: Garganacl|Body Press|p1a: Iron Hands\n|-damage|p1a: Iron Hands|57\/100\n|\n|-damage|p1a: Iron Hands|45\/100|[from] Salt Cure\n|upkeep\n|turn|7\n|\n|t:|1681865519\n|move|p2b: Garganacl|Protect|p2b: Garganacl\n|-singleturn|p2b: Garganacl|Protect\n|move|p1b: Chien-Pao|Sacred Sword|p2b: Garganacl\n|-activate|p2b: Garganacl|move: Protect\n|move|p1a: Iron Hands|Thunder Punch|p2b: Garganacl\n|-activate|p2b: Garganacl|move: Protect\n|\n|-damage|p1a: Iron Hands|33\/100|[from] Salt Cure\n|upkeep\n|turn|8\n|\n|t:|1681865528\n|move|p1b: Chien-Pao|Sacred Sword|p2b: Garganacl\n|-damage|p2b: Garganacl|47\/100\n|-damage|p1b: Chien-Pao|68\/100|[from] item: Rocky Helmet|[of] p2b: Garganacl\n|move|p1a: Iron Hands|Thunder Punch|p2b: Garganacl\n|-supereffective|p2b: Garganacl\n|-damage|p2b: Garganacl|0 fnt\n|-damage|p1a: Iron Hands|16\/100|[from] item: Rocky Helmet|[of] p2b: Garganacl\n|faint|p2b: Garganacl\n|\n|win|Gateishion\n","uploadtime":1681865559,"views":15,"p1id":"gateishion","p2id":"sutadasuto","formatid":"gen9vgc2023regulationc","rating":0,"private":0,"password":""}