{"id":"gen9vgc2023regulationc-1854975360","p1":"Steakman5","p2":"McCloud","format":"[Gen 9] VGC 2023 Regulation C","log":"|j|\u2606Steakman5\n|j|\u2606McCloud\n|t:|1682886800\n|gametype|doubles\n|player|p1|Steakman5|swimmer-gen4|1060\n|player|p2|McCloud|gentleman-gen4|1042\n|teamsize|p1|6\n|teamsize|p2|6\n|gen|9\n|tier|[Gen 9] VGC 2023 Regulation C\n|rated|\n|rule|Species Clause: Limit one of each Pok\u00e9mon\n|rule|Item Clause: Limit one of each item\n|clearpoke\n|poke|p1|Flamigo, L50, F|\n|poke|p1|Dondozo, L50, F|\n|poke|p1|Flutter Mane, L50|\n|poke|p1|Tatsugiri-Droopy, L50, F|\n|poke|p1|Great Tusk, L50|\n|poke|p1|Talonflame, L50, F|\n|poke|p2|Altaria, L50, F|\n|poke|p2|Dragapult, L50, F|\n|poke|p2|Tsareena, L50, F|\n|poke|p2|Ting-Lu, L50|\n|poke|p2|Talonflame, L50, F|\n|poke|p2|Breloom, L50, F|\n|teampreview|4\n|\n|t:|1682886835\n|start\n|switch|p1a: Talonflame|Talonflame, L50, F|100\/100\n|switch|p1b: Great Tusk|Great Tusk, L50|100\/100\n|switch|p2a: Dragapult|Dragapult, L50, F|100\/100\n|switch|p2b: Talonflame|Talonflame, L50, F|100\/100\n|turn|1\n|inactive|Battle timer is ON: inactive players will automatically lose when time's up. (requested by Steakman5)\n|\n|t:|1682886861\n|-terastallize|p1b: Great Tusk|Ground\n|move|p1a: Talonflame|Tailwind|p1a: Talonflame\n|-sidestart|p1: Steakman5|move: Tailwind\n|move|p2b: Talonflame|Tailwind|p2b: Talonflame\n|-sidestart|p2: McCloud|move: Tailwind\n|move|p2a: Dragapult|Phantom Force||[still]\n|-prepare|p2a: Dragapult|Phantom Force\n|move|p1b: Great Tusk|Ice Spinner|p2a: Dragapult|[miss]\n|-miss|p1b: Great Tusk|p2a: Dragapult\n|\n|upkeep\n|turn|2\n|\n|t:|1682886879\n|move|p1b: Great Tusk|Protect|p1b: Great Tusk\n|-singleturn|p1b: Great Tusk|Protect\n|move|p2a: Dragapult|Phantom Force|p1b: Great Tusk|[from]lockedmove\n|-activate|p1b: Great Tusk|move: Phantom Force|[broken]\n|-damage|p1b: Great Tusk|57\/100\n|-damage|p2a: Dragapult|91\/100|[from] item: Life Orb\n|move|p2b: Talonflame|Will-O-Wisp|p1b: Great Tusk|[miss]\n|-miss|p2b: Talonflame|p1b: Great Tusk\n|move|p1a: Talonflame|Will-O-Wisp|p2a: Dragapult\n|-status|p2a: Dragapult|brn\n|\n|-damage|p2a: Dragapult|85\/100 brn|[from] brn\n|upkeep\n|turn|3\n|inactive|Steakman5 has 30 seconds left.\n|\n|t:|1682886904\n|move|p2a: Dragapult|Phantom Force||[still]\n|-prepare|p2a: Dragapult|Phantom Force\n|move|p1a: Talonflame|Taunt|p2b: Talonflame\n|-start|p2b: Talonflame|move: Taunt\n|cant|p2b: Talonflame|move: Taunt|Will-O-Wisp\n|move|p1b: Great Tusk|Ice Spinner|p2b: Talonflame\n|-damage|p2b: Talonflame|62\/100\n|\n|-damage|p2a: Dragapult|78\/100 brn|[from] brn\n|upkeep\n|turn|4\n|inactive|Steakman5 has 30 seconds left.\n|inactive|Steakman5 has 20 seconds left.\n|\n|t:|1682886941\n|switch|p1a: Flutter Mane|Flutter Mane, L50|100\/100\n|-enditem|p1a: Flutter Mane|Booster Energy\n|-activate|p1a: Flutter Mane|ability: Protosynthesis|[fromitem]\n|-start|p1a: Flutter Mane|protosynthesisspe\n|move|p2a: Dragapult|Phantom Force|p1b: Great Tusk|[from]lockedmove\n|-damage|p1b: Great Tusk|34\/100\n|-damage|p2a: Dragapult|69\/100 brn|[from] item: Life Orb\n|move|p2b: Talonflame|Brave Bird|p1a: Flutter Mane\n|-damage|p1a: Flutter Mane|20\/100\n|-damage|p2b: Talonflame|43\/100|[from] Recoil\n|move|p1b: Great Tusk|Ice Spinner|p2a: Dragapult\n|-supereffective|p2a: Dragapult\n|-damage|p2a: Dragapult|0 fnt\n|faint|p2a: Dragapult\n|\n|-sideend|p2: McCloud|move: Tailwind\n|-sideend|p1: Steakman5|move: Tailwind\n|upkeep\n|\n|t:|1682886958\n|switch|p2a: Ting-Lu|Ting-Lu, L50|100\/100\n|-ability|p2a: Ting-Lu|Vessel of Ruin\n|turn|5\n|\n|t:|1682886967\n|-terastallize|p2a: Ting-Lu|Water\n|move|p1a: Flutter Mane|Dazzling Gleam|p2a: Ting-Lu|[spread] p2a,p2b\n|-crit|p2a: Ting-Lu\n|-resisted|p2b: Talonflame\n|-damage|p2a: Ting-Lu|82\/100\n|-damage|p2b: Talonflame|28\/100\n|move|p2b: Talonflame|Brave Bird|p1a: Flutter Mane\n|-damage|p1a: Flutter Mane|0 fnt\n|faint|p1a: Flutter Mane\n|-end|p1a: Flutter Mane|Protosynthesis|[silent]\n|-damage|p2b: Talonflame|24\/100|[from] Recoil\n|move|p1b: Great Tusk|Close Combat|p2a: Ting-Lu\n|-damage|p2a: Ting-Lu|49\/100\n|-unboost|p1b: Great Tusk|def|1\n|-unboost|p1b: Great Tusk|spd|1\n|move|p2a: Ting-Lu|Stomping Tantrum|p1b: Great Tusk\n|-damage|p1b: Great Tusk|0 fnt\n|faint|p1b: Great Tusk\n|-end|p1b: Great Tusk|Protosynthesis|[silent]\n|\n|-end|p2b: Talonflame|move: Taunt\n|upkeep\n|\n|t:|1682886981\n|switch|p1a: Talonflame|Talonflame, L50, F|100\/100\n|switch|p1b: Flamigo|Flamigo, L50, F|100\/100\n|-copyboost|p1b: Flamigo|p1a: Talonflame|[from] ability: Costar\n|turn|6\n|\n|t:|1682887001\n|move|p1a: Talonflame|Tailwind|p1a: Talonflame\n|-sidestart|p1: Steakman5|move: Tailwind\n|move|p1b: Flamigo|Brave Bird|p2b: Talonflame\n|-damage|p2b: Talonflame|0 fnt\n|faint|p2b: Talonflame\n|-damage|p1b: Flamigo|92\/100|[from] Recoil\n|move|p2a: Ting-Lu|Ruination|p1a: Talonflame\n|-damage|p1a: Talonflame|51\/100\n|\n|upkeep\n|\n|t:|1682887012\n|switch|p2b: Breloom|Breloom, L50, F|100\/100\n|turn|7\n|\n|t:|1682887022\n|move|p1a: Talonflame|Will-O-Wisp|p2a: Ting-Lu|[miss]\n|-miss|p1a: Talonflame|p2a: Ting-Lu\n|move|p1b: Flamigo|Brave Bird|p2b: Breloom\n|-supereffective|p2b: Breloom\n|-damage|p2b: Breloom|0 fnt\n|faint|p2b: Breloom\n|-damage|p1b: Flamigo|63\/100|[from] Recoil\n|move|p2a: Ting-Lu|Heavy Slam|p1b: Flamigo\n|-damage|p1b: Flamigo|1\/100\n|\n|upkeep\n|turn|8\n|\n|t:|1682887038\n|move|p1b: Flamigo|Protect|p1b: Flamigo\n|-singleturn|p1b: Flamigo|Protect\n|move|p1a: Talonflame|Will-O-Wisp|p2a: Ting-Lu\n|-status|p2a: Ting-Lu|brn\n|move|p2a: Ting-Lu|Heavy Slam|p1b: Flamigo\n|-activate|p1b: Flamigo|move: Protect\n|\n|-damage|p2a: Ting-Lu|42\/100 brn|[from] brn\n|upkeep\n|turn|9\n|\n|t:|1682887058\n|move|p1a: Talonflame|Brave Bird|p2a: Ting-Lu\n|-damage|p2a: Ting-Lu|22\/100 brn\n|-damage|p1a: Talonflame|41\/100|[from] Recoil\n|-enditem|p1a: Talonflame|Sitrus Berry|[eat]\n|-heal|p1a: Talonflame|66\/100|[from] item: Sitrus Berry\n|move|p1b: Flamigo|Brave Bird|p2a: Ting-Lu\n|-damage|p2a: Ting-Lu|0 fnt\n|faint|p2a: Ting-Lu\n|-damage|p1b: Flamigo|0 fnt|[from] Recoil\n|faint|p1b: Flamigo\n|\n|win|Steakman5\n|raw|Steakman5's rating: 1060 → 1089<\/strong> (+29 for winning)\n|raw|McCloud's rating: 1042 → 1027<\/strong> (-15 for losing)\n|l|\u2606McCloud\n","uploadtime":1682887077,"views":5,"p1id":"steakman5","p2id":"mccloud","formatid":"gen9vgc2023regulationc","rating":1027,"private":0,"password":""}