{"id":"gen9vgc2023regulationc-1849005863","p1":"Jack0Moon","p2":"Sa7tia","format":"[Gen 9] VGC 2023 Regulation C","log":"|j|\u2606Jack0Moon\n|j|\u2606Sa7tia\n|t:|1682137788\n|gametype|doubles\n|player|p1|Jack0Moon|hilda|1224\n|player|p2|Sa7tia|pokemonranger-gen4|1183\n|teamsize|p1|6\n|teamsize|p2|6\n|gen|9\n|tier|[Gen 9] VGC 2023 Regulation C\n|rated|\n|rule|Species Clause: Limit one of each Pok\u00e9mon\n|rule|Item Clause: Limit one of each item\n|clearpoke\n|poke|p1|Garchomp, L50, M|\n|poke|p1|Flutter Mane, L50|\n|poke|p1|Chi-Yu, L50|\n|poke|p1|Kingambit, L50, M|\n|poke|p1|Amoonguss, L50, M|\n|poke|p1|Gyarados, L50, M|\n|poke|p2|Scream Tail, L50|\n|poke|p2|Iron Hands, L50|\n|poke|p2|Pelipper, L50, F|\n|poke|p2|Dragapult, L50, F|\n|poke|p2|Gyarados, L50, F|\n|poke|p2|Ceruledge, L50, F|\n|teampreview|4\n|inactive|Battle timer is ON: inactive players will automatically lose when time's up. (requested by Sa7tia)\n|inactive|Sa7tia has 60 seconds left.\nJack0Moon has agreed to open team sheets.\n|\n|t:|1682137842\n|start\n|switch|p1a: Flutter Mane|Flutter Mane, L50|100\/100\n|switch|p1b: Kingambit|Kingambit, L50, M|100\/100\n|switch|p2a: Scream Tail|Scream Tail, L50|100\/100\n|switch|p2b: Dragapult|Dragapult, L50, F|100\/100\n|-enditem|p1a: Flutter Mane|Booster Energy\n|-activate|p1a: Flutter Mane|ability: Protosynthesis|[fromitem]\n|-start|p1a: Flutter Mane|protosynthesisspe\n|-enditem|p2a: Scream Tail|Booster Energy\n|-activate|p2a: Scream Tail|ability: Protosynthesis|[fromitem]\n|-start|p2a: Scream Tail|protosynthesisspe\n|turn|1\n|inactive|Sa7tia has 30 seconds left.\n|\n|t:|1682137875\n|-terastallize|p2b: Dragapult|Fire\n|move|p1b: Kingambit|Sucker Punch|p2b: Dragapult\n|-damage|p2b: Dragapult|45\/100\n|move|p1a: Flutter Mane|Dazzling Gleam|p2b: Dragapult|[spread] p2a,p2b\n|-resisted|p2b: Dragapult\n|-damage|p2a: Scream Tail|79\/100\n|-damage|p2b: Dragapult|23\/100\n|move|p2a: Scream Tail|Howl|p2a: Scream Tail|[spread] p2a,p2b\n|-boost|p2a: Scream Tail|atk|1\n|-boost|p2b: Dragapult|atk|1\n|move|p2b: Dragapult|Tera Blast|p1a: Flutter Mane\n|-damage|p1a: Flutter Mane|0 fnt\n|faint|p1a: Flutter Mane\n|-end|p1a: Flutter Mane|Protosynthesis|[silent]\n|-damage|p2b: Dragapult|13\/100|[from] item: Life Orb\n|\n|upkeep\n|\n|t:|1682137895\n|switch|p1a: Amoonguss|Amoonguss, L50, M|100\/100\n|turn|2\n|inactive|Jack0Moon has 30 seconds left.\n|\n|t:|1682137920\n|-terastallize|p1a: Amoonguss|Water\n|move|p2b: Dragapult|Protect|p2b: Dragapult\n|-singleturn|p2b: Dragapult|Protect\n|move|p1a: Amoonguss|Rage Powder|p1a: Amoonguss\n|-singleturn|p1a: Amoonguss|move: Rage Powder\n|move|p1b: Kingambit|Sucker Punch||[still]\n|-fail|p1b: Kingambit\n|move|p2a: Scream Tail|Disable|p1a: Amoonguss\n|-start|p1a: Amoonguss|Disable|Rage Powder\n|\n|upkeep\n|turn|3\n|\n|t:|1682137944\n|switch|p2b: Iron Hands|Iron Hands, L50|100\/100\n|switch|p1a: Garchomp|Garchomp, L50, M, shiny|100\/100\n|move|p1b: Kingambit|Sucker Punch||[still]\n|-fail|p1b: Kingambit\n|move|p2a: Scream Tail|Howl|p2a: Scream Tail|[spread] p2a,p2b\n|-boost|p2a: Scream Tail|atk|1\n|-boost|p2b: Iron Hands|atk|1\n|\n|upkeep\n|turn|4\n|inactive|Sa7tia has 30 seconds left.\n|\n|t:|1682137977\n|switch|p1b: Amoonguss|Amoonguss, L50, M, tera:Water|100\/100\n|move|p2b: Iron Hands|Fake Out|p1a: Garchomp\n|-damage|p1a: Garchomp|77\/100\n|move|p2a: Scream Tail|Play Rough|p1b: Amoonguss|[miss]\n|-miss|p2a: Scream Tail|p1b: Amoonguss\n|cant|p1a: Garchomp|flinch\n|\n|upkeep\n|turn|5\n|inactive|Sa7tia has 30 seconds left.\n|\n|t:|1682138007\n|-end|p2a: Scream Tail|Protosynthesis|[silent]\n|switch|p2a: Pelipper|Pelipper, L50, F|100\/100\n|-weather|RainDance|[from] ability: Drizzle|[of] p2a: Pelipper\n|move|p1b: Amoonguss|Protect|p1b: Amoonguss\n|-singleturn|p1b: Amoonguss|Protect\n|move|p1a: Garchomp|Earthquake|p2a: Pelipper|[spread] p2b\n|-activate|p1b: Amoonguss|move: Protect\n|-immune|p2a: Pelipper\n|-supereffective|p2b: Iron Hands\n|-damage|p2b: Iron Hands|34\/100\n|-damage|p1a: Garchomp|67\/100|[from] item: Life Orb\n|move|p2b: Iron Hands|Wild Charge|p1b: Amoonguss\n|-activate|p1b: Amoonguss|move: Protect\n|\n|-weather|RainDance|[upkeep]\n|upkeep\n|turn|6\n|\n|t:|1682138029\n|switch|p1b: Kingambit|Kingambit, L50, M|100\/100\n|move|p2a: Pelipper|Wide Guard|p2a: Pelipper\n|-singleturn|p2a: Pelipper|Wide Guard\n|move|p1a: Garchomp|Stomping Tantrum|p2b: Iron Hands\n|-supereffective|p2b: Iron Hands\n|-damage|p2b: Iron Hands|0 fnt\n|faint|p2b: Iron Hands\n|-end|p2b: Iron Hands|Quark Drive|[silent]\n|-damage|p1a: Garchomp|58\/100|[from] item: Life Orb\n|\n|-weather|RainDance|[upkeep]\n|upkeep\n|\n|t:|1682138039\n|switch|p2b: Dragapult|Dragapult, L50, F, tera:Fire|13\/100\n|turn|7\n|\n|t:|1682138047\n|switch|p2b: Scream Tail|Scream Tail, L50|79\/100\n|move|p1b: Kingambit|Sucker Punch||[still]\n|-fail|p1b: Kingambit\n|move|p1a: Garchomp|Dragon Claw|p2a: Pelipper\n|-damage|p2a: Pelipper|48\/100\n|-damage|p1a: Garchomp|48\/100|[from] item: Life Orb\n|move|p2a: Pelipper|Hurricane|p1a: Garchomp\n|-crit|p1a: Garchomp\n|-damage|p1a: Garchomp|0 fnt\n|faint|p1a: Garchomp\n|\n|-weather|RainDance|[upkeep]\n|upkeep\n|\n|t:|1682138059\n|switch|p1a: Amoonguss|Amoonguss, L50, M, tera:Water|100\/100\n|turn|8\n|\n|t:|1682138081\n|move|p2b: Scream Tail|Perish Song|p2b: Scream Tail\n|-start|p1a: Amoonguss|perish3|[silent]\n|-start|p1b: Kingambit|perish3|[silent]\n|-start|p2a: Pelipper|perish3|[silent]\n|-start|p2b: Scream Tail|perish3|[silent]\n|-fieldactivate|move: Perish Song\n|move|p2a: Pelipper|Tailwind|p2a: Pelipper\n|-sidestart|p2: Sa7tia|move: Tailwind\n|move|p1b: Kingambit|Iron Head|p2b: Scream Tail\n|-supereffective|p2b: Scream Tail\n|-damage|p2b: Scream Tail|14\/100\n|move|p1a: Amoonguss|Spore|p2a: Pelipper\n|-status|p2a: Pelipper|slp|[from] move: Spore\n|\n|-weather|RainDance|[upkeep]\n|-start|p2b: Scream Tail|perish3\n|-start|p2a: Pelipper|perish3\n|-start|p1b: Kingambit|perish3\n|-start|p1a: Amoonguss|perish3\n|upkeep\n|turn|9\n|inactive|Jack0Moon has 30 seconds left.\n|\n|t:|1682138108\n|move|p2b: Scream Tail|Disable|p1b: Kingambit\n|-start|p1b: Kingambit|Disable|Iron Head\n|cant|p2a: Pelipper|slp\n|move|p1b: Kingambit|Assurance|p2a: Pelipper\n|-crit|p2a: Pelipper\n|-damage|p2a: Pelipper|0 fnt\n|faint|p2a: Pelipper\n|move|p1a: Amoonguss|Pollen Puff|p2b: Scream Tail\n|-damage|p2b: Scream Tail|1\/100\n|\n|-weather|none\n|-start|p2b: Scream Tail|perish2\n|-start|p1b: Kingambit|perish2\n|-start|p1a: Amoonguss|perish2\n|upkeep\n|\n|t:|1682138116\n|switch|p2a: Dragapult|Dragapult, L50, F, tera:Fire|13\/100\n|turn|10\n|inactive|Sa7tia has 30 seconds left.\n|\n|t:|1682138142\n|move|p2a: Dragapult|Protect|p2a: Dragapult\n|-singleturn|p2a: Dragapult|Protect\n|move|p1b: Kingambit|Sucker Punch||[still]\n|-fail|p1b: Kingambit\n|move|p2b: Scream Tail|Play Rough|p1b: Kingambit\n|-damage|p1b: Kingambit|84\/100\n|-unboost|p1b: Kingambit|atk|1\n|-ability|p1b: Kingambit|Defiant|boost\n|-boost|p1b: Kingambit|atk|2\n|move|p1a: Amoonguss|Pollen Puff|p2b: Scream Tail\n|-crit|p2b: Scream Tail\n|-damage|p2b: Scream Tail|0 fnt\n|faint|p2b: Scream Tail\n|-end|p2b: Scream Tail|Protosynthesis|[silent]\n|\n|-start|p1b: Kingambit|perish1\n|-start|p1a: Amoonguss|perish1\n|upkeep\n|turn|11\n|inactive|Jack0Moon has 30 seconds left.\n|\n|t:|1682138169\n|move|p2a: Dragapult|Protect|p2a: Dragapult\n|-singleturn|p2a: Dragapult|Protect\n|move|p1b: Kingambit|Assurance|p2a: Dragapult\n|-activate|p2a: Dragapult|move: Protect\n|move|p1a: Amoonguss|Pollen Puff|p2a: Dragapult\n|-activate|p2a: Dragapult|move: Protect\n|\n|-start|p1b: Kingambit|perish0\n|-start|p1a: Amoonguss|perish0\n|-sideend|p2: Sa7tia|move: Tailwind\n|faint|p1b: Kingambit\n|faint|p1a: Amoonguss\n|\n|win|Sa7tia\n|upkeep\n|raw|Jack0Moon's rating: 1224 → 1196<\/strong> (-28 for losing)\n|raw|Sa7tia's rating: 1183 → 1211<\/strong> (+28 for winning)\n","uploadtime":1682138177,"views":12,"p1id":"jack0moon","p2id":"sa7tia","formatid":"gen9vgc2023regulationc","rating":1196,"private":0,"password":""}