{"id":"gen9vgc2023regulationc-1862993510","p1":"Vulnerarily","p2":"xAkaza","format":"[Gen 9] VGC 2023 Regulation C","log":"|j|\u2606Vulnerarily\n|j|\u2606xAkaza\n|t:|1683949086\n|gametype|doubles\n|player|p1|Vulnerarily|ingo|1355\n|player|p2|xAkaza|koga|1373\n|teamsize|p1|6\n|teamsize|p2|6\n|gen|9\n|tier|[Gen 9] VGC 2023 Regulation C\n|rated|\n|rule|Species Clause: Limit one of each Pok\u00e9mon\n|rule|Item Clause: Limit one of each item\n|clearpoke\n|poke|p1|Torkoal, L50, M|\n|poke|p1|Lilligant, L50, F|\n|poke|p1|Great Tusk, L50|\n|poke|p1|Flutter Mane, L50|\n|poke|p1|Talonflame, L50, M|\n|poke|p1|Chien-Pao, L50|\n|poke|p2|Palafin, L50, F|\n|poke|p2|Arcanine, L50, F|\n|poke|p2|Flutter Mane, L50|\n|poke|p2|Amoonguss, L50, M|\n|poke|p2|Chien-Pao, L50|\n|poke|p2|Iron Hands, L50|\n|teampreview|4\nVulnerarily has agreed to open team sheets.\n|\n|t:|1683949134\n|start\n|switch|p1a: Flutter Mane|Flutter Mane, L50|100\/100\n|switch|p1b: Talonflame|Talonflame, L50, M|100\/100\n|switch|p2a: Chien-Pao|Chien-Pao, L50|100\/100\n|switch|p2b: Palafin|Palafin, L50, F|100\/100\n|-ability|p2a: Chien-Pao|Sword of Ruin\n|turn|1\n|\n|t:|1683949156\n|detailschange|p2b: Palafin|Palafin-Hero, L50, F\n|switch|p2b: Amoonguss|Amoonguss, L50, M|100\/100\n|-terastallize|p1a: Flutter Mane|Fairy\n|move|p1b: Talonflame|Tailwind|p1b: Talonflame\n|-sidestart|p1: Vulnerarily|move: Tailwind\n|move|p1a: Flutter Mane|Dazzling Gleam|p2a: Chien-Pao|[spread] p2a,p2b\n|-supereffective|p2a: Chien-Pao\n|-resisted|p2b: Amoonguss\n|-enditem|p2a: Chien-Pao|Focus Sash\n|-damage|p2a: Chien-Pao|1\/100\n|-damage|p2b: Amoonguss|75\/100\n|move|p2a: Chien-Pao|Ice Spinner|p1a: Flutter Mane\n|-damage|p1a: Flutter Mane|4\/100\n|\n|upkeep\n|turn|2\n|\n|t:|1683949188\n|-end|p1a: Flutter Mane|Protosynthesis|[silent]\n|switch|p1a: Lilligant|Lilligant, L50, F|100\/100\n|move|p2a: Chien-Pao|Protect|p2a: Chien-Pao\n|-singleturn|p2a: Chien-Pao|Protect\n|move|p2b: Amoonguss|Protect|p2b: Amoonguss\n|-singleturn|p2b: Amoonguss|Protect\n|move|p1b: Talonflame|Brave Bird|p2a: Chien-Pao\n|-activate|p2a: Chien-Pao|move: Protect\n|\n|upkeep\n|turn|3\n|inactive|Battle timer is ON: inactive players will automatically lose when time's up. (requested by Vulnerarily)\n|inactive|xAkaza has 60 seconds left.\n|\n|t:|1683949221\n|-terastallize|p2b: Amoonguss|Water\n|move|p2b: Amoonguss|Rage Powder|p2b: Amoonguss\n|-singleturn|p2b: Amoonguss|move: Rage Powder\n|move|p1b: Talonflame|Brave Bird|p2a: Chien-Pao\n|-damage|p2a: Chien-Pao|0 fnt\n|faint|p2a: Chien-Pao\n|-damage|p1b: Talonflame|99\/100|[from] Recoil\n|move|p1a: Lilligant|Leaf Storm|p2b: Amoonguss\n|-supereffective|p2b: Amoonguss\n|-damage|p2b: Amoonguss|0 fnt\n|-unboost|p1a: Lilligant|spa|2\n|faint|p2b: Amoonguss\n|\n|upkeep\n|\n|t:|1683949227\n|switch|p2a: Flutter Mane|Flutter Mane, L50|100\/100\n|switch|p2b: Palafin|Palafin-Hero, L50, F|100\/100\n|-activate|p2b: Palafin|ability: Zero to Hero\n|turn|4\n|inactive|xAkaza has 30 seconds left.\n|inactive|Vulnerarily has 30 seconds left.\n|inactive|xAkaza has 20 seconds left.\n|\n|t:|1683949263\n|switch|p1b: Torkoal|Torkoal, L50, M|100\/100\n|-weather|SunnyDay|[from] ability: Drought|[of] p1b: Torkoal\n|-activate|p2a: Flutter Mane|ability: Protosynthesis\n|-start|p2a: Flutter Mane|protosynthesisspe\n|move|p2b: Palafin|Jet Punch|p1b: Torkoal\n|-supereffective|p1b: Torkoal\n|-damage|p1b: Torkoal|60\/100\n|move|p1a: Lilligant|Sleep Powder|p2b: Palafin\n|-status|p2b: Palafin|slp|[from] move: Sleep Powder\n|move|p2a: Flutter Mane|Moonblast|p1a: Lilligant\n|-damage|p1a: Lilligant|0 fnt\n|faint|p1a: Lilligant\n|\n|-weather|SunnyDay|[upkeep]\n|-sideend|p1: Vulnerarily|move: Tailwind\n|upkeep\n|\n|t:|1683949276\n|switch|p1a: Talonflame|Talonflame, L50, M|99\/100\n|turn|5\n|\n|t:|1683949292\n|cant|p2b: Palafin|slp\n|move|p2a: Flutter Mane|Moonblast|p1b: Torkoal\n|-resisted|p1b: Torkoal\n|-damage|p1b: Torkoal|2\/100\n|move|p1a: Talonflame|Tailwind|p1a: Talonflame\n|-sidestart|p1: Vulnerarily|move: Tailwind\n|move|p1b: Torkoal|Overheat|p2a: Flutter Mane\n|-damage|p2a: Flutter Mane|7\/100\n|-unboost|p1b: Torkoal|spa|2\n|\n|-weather|SunnyDay|[upkeep]\n|upkeep\n|turn|6\n|\n|t:|1683949308\n|-curestatus|p2b: Palafin|slp|[msg]\n|move|p2b: Palafin|Jet Punch|p1a: Talonflame\n|-supereffective|p1a: Talonflame\n|-damage|p1a: Talonflame|35\/100\n|move|p1a: Talonflame|Brave Bird|p2a: Flutter Mane\n|-damage|p2a: Flutter Mane|0 fnt\n|faint|p2a: Flutter Mane\n|-end|p2a: Flutter Mane|Protosynthesis|[silent]\n|-damage|p1a: Talonflame|33\/100|[from] Recoil\n|move|p1b: Torkoal|Earth Power|p2b: Palafin\n|-damage|p2b: Palafin|87\/100\n|\n|-weather|SunnyDay|[upkeep]\n|upkeep\n|turn|7\n|\n|t:|1683949318\n|move|p2b: Palafin|Jet Punch|p1a: Talonflame\n|-supereffective|p1a: Talonflame\n|-damage|p1a: Talonflame|0 fnt\n|faint|p1a: Talonflame\n|move|p1b: Torkoal|Earth Power|p2b: Palafin\n|-damage|p2b: Palafin|75\/100\n|\n|-weather|SunnyDay|[upkeep]\n|upkeep\n|\n|t:|1683949321\n|switch|p1a: Flutter Mane|Flutter Mane, L50, tera:Fairy|4\/100\n|-activate|p1a: Flutter Mane|ability: Protosynthesis\n|-start|p1a: Flutter Mane|protosynthesisspa\n|turn|8\n|\n|t:|1683949331\n|move|p2b: Palafin|Jet Punch|p1a: Flutter Mane\n|-damage|p1a: Flutter Mane|0 fnt\n|faint|p1a: Flutter Mane\n|-end|p1a: Flutter Mane|Protosynthesis|[silent]\n|move|p1b: Torkoal|Overheat|p2b: Palafin\n|-resisted|p2b: Palafin\n|-damage|p2b: Palafin|53\/100\n|-unboost|p1b: Torkoal|spa|2\n|\n|-weather|none\n|-sideend|p1: Vulnerarily|move: Tailwind\n|upkeep\n|turn|9\n|\n|t:|1683949334\n|move|p2b: Palafin|Jet Punch|p1b: Torkoal\n|-supereffective|p1b: Torkoal\n|-damage|p1b: Torkoal|0 fnt\n|faint|p1b: Torkoal\n|\n|win|xAkaza\n|raw|Vulnerarily's rating: 1355 → 1336<\/strong> (-19 for losing)\n|raw|xAkaza's rating: 1373 → 1392<\/strong> (+19 for winning)\n","uploadtime":1683949342,"views":19,"p1id":"vulnerarily","p2id":"xakaza","formatid":"gen9vgc2023regulationc","rating":1336,"private":0,"password":""}