{"id":"gen9vgc2023regulationc-1864303401","p1":"massi26","p2":"LeeroyJ123","format":"[Gen 9] VGC 2023 Regulation C","log":"|j|\u2606massi26\n|j|\u2606LeeroyJ123\n|t:|1684152763\n|gametype|doubles\n|player|p1|massi26|102|1252\n|player|p2|LeeroyJ123|266|1158\n|teamsize|p1|6\n|teamsize|p2|6\n|gen|9\n|tier|[Gen 9] VGC 2023 Regulation C\n|rated|\n|rule|Species Clause: Limit one of each Pok\u00e9mon\n|rule|Item Clause: Limit one of each item\n|clearpoke\n|poke|p1|Palafin, L50, M|\n|poke|p1|Arcanine, L50, M|\n|poke|p1|Amoonguss, L50, M|\n|poke|p1|Kingambit, L50, M|\n|poke|p1|Dragonite, L50, M|\n|poke|p1|Flutter Mane, L50|\n|poke|p2|Dragalge, L50, F|\n|poke|p2|Tinkaton, L50, F|\n|poke|p2|Bronzong, L50|\n|poke|p2|Torkoal, L50, M|\n|poke|p2|Salamence, L50, F|\n|poke|p2|Brute Bonnet, L50|\n|teampreview|4\n|\n|t:|1684152812\n|start\n|switch|p1a: Palafin|Palafin, L50, M|100\/100\n|switch|p1b: Arcanine|Arcanine, L50, M|100\/100\n|switch|p2a: Bronzong|Bronzong, L50|100\/100\n|switch|p2b: Tinkaton|Tinkaton, L50, F|100\/100\n|-ability|p1b: Arcanine|Intimidate|boost\n|-unboost|p2a: Bronzong|atk|1\n|-unboost|p2b: Tinkaton|atk|1\n|-ability|p2b: Tinkaton|Mold Breaker\n|turn|1\n|\n|t:|1684152845\n|detailschange|p1a: Palafin|Palafin-Hero, L50, M\n|switch|p1a: Amoonguss|Amoonguss, L50, M|100\/100\n|move|p2b: Tinkaton|Fake Out|p1b: Arcanine\n|-damage|p1b: Arcanine|94\/100\n|cant|p1b: Arcanine|flinch\n|move|p2a: Bronzong|Trick Room|p2a: Bronzong\n|-fieldstart|move: Trick Room|[of] p2a: Bronzong\n|\n|upkeep\n|turn|2\n|\n|t:|1684152867\n|move|p2a: Bronzong|Safeguard|p2a: Bronzong\n|-sidestart|p2: LeeroyJ123|Safeguard\n|move|p1a: Amoonguss|Spore|p2b: Tinkaton\n|-activate|p2b: Tinkaton|move: Safeguard\n|move|p2b: Tinkaton|Gigaton Hammer|p1a: Amoonguss\n|-damage|p1a: Amoonguss|64\/100\n|move|p1b: Arcanine|Howl|p1b: Arcanine|[spread] p1a,p1b\n|-boost|p1a: Amoonguss|atk|1\n|-boost|p1b: Arcanine|atk|1\n|\n|upkeep\n|turn|3\n|\n|t:|1684152889\n|switch|p2a: Torkoal|Torkoal, L50, M|100\/100\n|-weather|SunnyDay|[from] ability: Drought|[of] p2a: Torkoal\n|switch|p1a: Palafin|Palafin-Hero, L50, M|100\/100\n|-activate|p1a: Palafin|ability: Zero to Hero\n|move|p2b: Tinkaton|Encore|p1b: Arcanine\n|-start|p1b: Arcanine|Encore\n|move|p1b: Arcanine|Howl|p1b: Arcanine|[spread] p1a,p1b\n|-boost|p1a: Palafin|atk|1\n|-boost|p1b: Arcanine|atk|1\n|\n|-weather|SunnyDay|[upkeep]\n|upkeep\n|turn|4\n|\n|t:|1684152918\n|switch|p2b: Brute Bonnet|Brute Bonnet, L50|100\/100\n|-activate|p2b: Brute Bonnet|ability: Protosynthesis\n|-start|p2b: Brute Bonnet|protosynthesisatk\n|-terastallize|p2a: Torkoal|Grass\n|-terastallize|p1a: Palafin|Water\n|move|p1a: Palafin|Jet Punch|p2a: Torkoal\n|-resisted|p2a: Torkoal\n|-damage|p2a: Torkoal|83\/100\n|move|p2a: Torkoal|Solar Beam||[still]\n|-prepare|p2a: Torkoal|Solar Beam\n|-anim|p2a: Torkoal|Solar Beam|p1a: Palafin\n|-supereffective|p1a: Palafin\n|-damage|p1a: Palafin|0 fnt\n|faint|p1a: Palafin\n|-damage|p2a: Torkoal|73\/100|[from] item: Life Orb\n|move|p1b: Arcanine|Howl|p1b: Arcanine\n|-boost|p1b: Arcanine|atk|1\n|\n|-weather|SunnyDay|[upkeep]\n|upkeep\n|\n|t:|1684152940\n|switch|p1a: Amoonguss|Amoonguss, L50, M|97\/100\n|turn|5\n|\n|t:|1684152964\n|move|p2a: Torkoal|Flamethrower|p1a: Amoonguss\n|-supereffective|p1a: Amoonguss\n|-damage|p1a: Amoonguss|0 fnt\n|faint|p1a: Amoonguss\n|-damage|p2a: Torkoal|64\/100|[from] item: Life Orb\n|move|p2b: Brute Bonnet|Spore|p1b: Arcanine\n|-activate|p1b: Arcanine|item: Safety Goggles|Spore\n|move|p1b: Arcanine|Howl|p1b: Arcanine\n|-boost|p1b: Arcanine|atk|1\n|\n|-weather|SunnyDay|[upkeep]\n|-end|p1b: Arcanine|Encore\n|-fieldend|move: Trick Room\n|upkeep\n|\n|t:|1684152976\n|switch|p1a: Kingambit|Kingambit, L50, M|100\/100\n|turn|6\n|\n|t:|1684152992\n|move|p2a: Torkoal|Protect|p2a: Torkoal\n|-singleturn|p2a: Torkoal|Protect\n|move|p2b: Brute Bonnet|Sucker Punch|p1b: Arcanine\n|-damage|p1b: Arcanine|49\/100\n|move|p1b: Arcanine|Flare Blitz|p2a: Torkoal\n|-activate|p2a: Torkoal|move: Protect\n|move|p1a: Kingambit|Kowtow Cleave|p2b: Brute Bonnet\n|-resisted|p2b: Brute Bonnet\n|-damage|p2b: Brute Bonnet|80\/100\n|\n|-weather|SunnyDay|[upkeep]\n|-sideend|p2: LeeroyJ123|Safeguard\n|upkeep\n|turn|7\n|\n|t:|1684153016\n|switch|p2a: Tinkaton|Tinkaton, L50, F|100\/100\n|-ability|p2a: Tinkaton|Mold Breaker\n|move|p1a: Kingambit|Protect|p1a: Kingambit\n|-singleturn|p1a: Kingambit|Protect\n|move|p2b: Brute Bonnet|Sucker Punch|p1b: Arcanine\n|-damage|p1b: Arcanine|2\/100\n|move|p1b: Arcanine|Flare Blitz|p2b: Brute Bonnet\n|-supereffective|p2b: Brute Bonnet\n|-damage|p2b: Brute Bonnet|0 fnt\n|faint|p2b: Brute Bonnet\n|-end|p2b: Brute Bonnet|Protosynthesis|[silent]\n|-damage|p1b: Arcanine|0 fnt|[from] Recoil\n|faint|p1b: Arcanine\n|\n|-weather|none\n|upkeep\n|-message|massi26 forfeited.\n|\n|win|LeeroyJ123\n|raw|massi26's rating: 1252 → 1220<\/strong> (-32 for losing)\n|raw|LeeroyJ123's rating: 1158 → 1190<\/strong> (+32 for winning)\n|l|\u2606massi26\n","uploadtime":1684153048,"views":8,"p1id":"massi26","p2id":"leeroyj123","formatid":"gen9vgc2023regulationc","rating":1190,"private":0,"password":""}