{"id":"gen9vgc2023regulationc-1856965728","p1":"carlospe1205","p2":"Blastwalker","format":"[Gen 9] VGC 2023 Regulation C","log":"|j|\u2606carlospe1205\n|j|\u2606Blastwalker\n|t:|1683131347\n|gametype|doubles\n|player|p1|carlospe1205|bugsy|1142\n|player|p2|Blastwalker|koga|1059\n|teamsize|p1|6\n|teamsize|p2|6\n|gen|9\n|tier|[Gen 9] VGC 2023 Regulation C\n|rated|\n|rule|Species Clause: Limit one of each Pok\u00e9mon\n|rule|Item Clause: Limit one of each item\n|clearpoke\n|poke|p1|Baxcalibur, L50, M|\n|poke|p1|Talonflame, L50, F|\n|poke|p1|Amoonguss, L50, F|\n|poke|p1|Grimmsnarl, L50, M|\n|poke|p1|Flutter Mane, L50|\n|poke|p1|Chi-Yu, L50|\n|poke|p2|Heracross, L50, M|\n|poke|p2|Ampharos, L50, M|\n|poke|p2|Armarouge, L50, M|\n|poke|p2|Indeedee-F, L50, F|\n|poke|p2|Pawmot, L50, M|\n|poke|p2|Gengar, L50, M|\n|teampreview|4\n|\n|t:|1683131378\n|start\n|switch|p1a: Krompus|Grimmsnarl, L50, M|100\/100\n|switch|p1b: AMOGUS|Amoonguss, L50, F|100\/100\n|switch|p2a: Heracross|Heracross, L50, M, shiny|100\/100\n|switch|p2b: Gengar|Gengar, L50, M, shiny|100\/100\n|turn|1\n|\n|t:|1683131406\n|-terastallize|p2a: Heracross|Psychic\n|move|p1a: Krompus|Fake Out|p2a: Heracross\n|-damage|p2a: Heracross|81\/100\n|move|p2b: Gengar|Sludge Bomb|p1a: Krompus\n|-supereffective|p1a: Krompus\n|-damage|p1a: Krompus|0 fnt\n|faint|p1a: Krompus\n|cant|p2a: Heracross|flinch\n|move|p1b: AMOGUS|Spore|p2b: Gengar\n|-status|p2b: Gengar|slp|[from] move: Spore\n|\n|-status|p2a: Heracross|brn|[from] item: Flame Orb\n|upkeep\n|\n|t:|1683131416\n|switch|p1a: Luz|Chi-Yu, L50|100\/100\n|-ability|p1a: Luz|Beads of Ruin\n|turn|2\n|\n|t:|1683131452\n|switch|p2b: Armarouge|Armarouge, L50, M, shiny|100\/100\n|move|p1b: AMOGUS|Rage Powder|p1b: AMOGUS\n|-singleturn|p1b: AMOGUS|move: Rage Powder\n|move|p1a: Luz|Dark Pulse|p2a: Heracross\n|-supereffective|p2a: Heracross\n|-damage|p2a: Heracross|0 fnt\n|faint|p2a: Heracross\n|-damage|p1a: Luz|91\/100|[from] item: Life Orb\n|\n|upkeep\n|\n|t:|1683131464\n|switch|p2a: Pawmot|Pawmot, L50, M, shiny|100\/100\n|turn|3\n|\n|t:|1683131486\n|move|p2a: Pawmot|Fake Out|p1a: Luz\n|-damage|p1a: Luz|76\/100\n|cant|p1a: Luz|flinch\n|move|p2b: Armarouge|Expanding Force|p1b: AMOGUS\n|-supereffective|p1b: AMOGUS\n|-damage|p1b: AMOGUS|0 fnt\n|faint|p1b: AMOGUS\n|-damage|p2b: Armarouge|90\/100|[from] item: Life Orb\n|\n|upkeep\n|\n|t:|1683131494\n|switch|p1b: Miko|Flutter Mane, L50|100\/100\n|-enditem|p1b: Miko|Booster Energy\n|-activate|p1b: Miko|ability: Protosynthesis|[fromitem]\n|-start|p1b: Miko|protosynthesisspa\n|turn|4\n|\n|t:|1683131527\n|move|p1b: Miko|Shadow Ball|p2b: Armarouge\n|-supereffective|p2b: Armarouge\n|-damage|p2b: Armarouge|0 fnt\n|faint|p2b: Armarouge\n|move|p1a: Luz|Nasty Plot|p1a: Luz\n|-boost|p1a: Luz|spa|2\n|move|p2a: Pawmot|Revival Blessing|p2a: Pawmot\n|\n|t:|1683131534\n|-heal|p2: Heracross|50\/100|[from] move: Revival Blessing\n|\n|upkeep\n|\n|t:|1683131538\n|switch|p2b: Gengar|Gengar, L50, M, shiny|100\/100 slp\n|turn|5\n|\n|t:|1683131556\n|cant|p2b: Gengar|slp\n|move|p2a: Pawmot|Quick Attack|p1a: Luz\n|-damage|p1a: Luz|61\/100\n|move|p1b: Miko|Moonblast|p2a: Pawmot\n|-supereffective|p2a: Pawmot\n|-damage|p2a: Pawmot|0 fnt\n|faint|p2a: Pawmot\n|move|p1a: Luz|Dark Pulse|p2b: Gengar\n|-supereffective|p2b: Gengar\n|-enditem|p2b: Gengar|Focus Sash\n|-damage|p2b: Gengar|1\/100 slp\n|-damage|p1a: Luz|51\/100|[from] item: Life Orb\n|\n|upkeep\n|\n|t:|1683131568\n|switch|p2a: Heracross|Heracross, L50, M, shiny|50\/100\n|turn|6\n|\n|t:|1683131578\n|move|p1b: Miko|Protect|p1b: Miko\n|-singleturn|p1b: Miko|Protect\n|-curestatus|p2b: Gengar|slp|[msg]\n|move|p2b: Gengar|Sludge Bomb|p1a: Luz\n|-damage|p1a: Luz|6\/100\n|move|p1a: Luz|Heat Wave|p2a: Heracross|[spread] p2a,p2b\n|-supereffective|p2a: Heracross\n|-damage|p2a: Heracross|0 fnt\n|-damage|p2b: Gengar|0 fnt\n|faint|p2a: Heracross\n|faint|p2b: Gengar\n|-damage|p1a: Luz|0 fnt|[from] item: Life Orb\n|faint|p1a: Luz\n|\n|win|carlospe1205\n|raw|carlospe1205's rating: 1142 → 1161<\/strong> (+19 for winning)\n|raw|Blastwalker's rating: 1059 → 1045<\/strong> (-14 for losing)\n|l|\u2606Blastwalker\n","uploadtime":1683131616,"views":13,"p1id":"carlospe1205","p2id":"blastwalker","formatid":"gen9vgc2023regulationc","rating":1045,"private":0,"password":""}