{"id":"gen9vgc2023regulationc-1860684190","p1":"LackieLackey","p2":"Jstardude","format":"[Gen 9] VGC 2023 Regulation C","log":"|j|\u2606LackieLackey\n|j|\u2606Jstardude\n|t:|1683665959\n|gametype|doubles\n|player|p1|LackieLackey|101|\n|player|p2|Jstardude|265|\n|teamsize|p1|6\n|teamsize|p2|6\n|gen|9\n|tier|[Gen 9] VGC 2023 Regulation C\n|rule|Species Clause: Limit one of each Pok\u00e9mon\n|rule|Item Clause: Limit one of each item\n|clearpoke\n|poke|p1|Farigiraf, L50, F|\n|poke|p1|Tauros-Paldea-Combat, L50, M|\n|poke|p1|Bellibolt, L50, F|\n|poke|p1|Iron Jugulis, L50|\n|poke|p1|Pincurchin, L50, F|\n|poke|p1|Iron Hands, L50|\n|poke|p2|Raichu, L50, F|\n|poke|p2|Chien-Pao, L50|\n|poke|p2|Dragapult, L50, M|\n|poke|p2|Espathra, L50, M|\n|poke|p2|Tauros-Paldea-Blaze, L50, M|\n|poke|p2|Scream Tail, L50|\n|teampreview|4\n|\n|t:|1683665991\n|start\n|switch|p1a: Melman|Farigiraf, L50, F|100\/100\n|switch|p1b: Donkey|Tauros-Paldea-Combat, L50, M|100\/100\n|switch|p2a: Espathra|Espathra, L50, M|100\/100\n|switch|p2b: Scream Tail|Scream Tail, L50|100\/100\n|-ability|p1b: Donkey|Intimidate|boost\n|-unboost|p2a: Espathra|atk|1\n|-unboost|p2b: Scream Tail|atk|1\n|turn|1\n|\n|t:|1683666010\n|move|p2b: Scream Tail|Dazzling Gleam|p1a: Melman|[spread] p1a,p1b\n|-supereffective|p1b: Donkey\n|-damage|p1a: Melman|89\/100\n|-damage|p1b: Donkey|57\/100\n|move|p1b: Donkey|Iron Head|p2b: Scream Tail\n|-supereffective|p2b: Scream Tail\n|-crit|p2b: Scream Tail\n|-damage|p2b: Scream Tail|45\/100\n|move|p2a: Espathra|Hypnosis|p1a: Melman|[miss]\n|-miss|p2a: Espathra|p1a: Melman\n|move|p1a: Melman|Trick Room|p1a: Melman\n|-fieldstart|move: Trick Room|[of] p1a: Melman\n|\n|-heal|p2b: Scream Tail|50\/100|[from] item: Leftovers\n|-ability|p2a: Espathra|Speed Boost|boost\n|-boost|p2a: Espathra|spe|1\n|upkeep\n|turn|2\n|j| jayballester\n|\n|t:|1683666035\n|move|p1a: Melman|Foul Play|p2a: Espathra\n|-supereffective|p2a: Espathra\n|-damage|p2a: Espathra|83\/100\n|move|p1b: Donkey|Assurance|p2a: Espathra\n|-supereffective|p2a: Espathra\n|-damage|p2a: Espathra|0 fnt\n|faint|p2a: Espathra\n|move|p2b: Scream Tail|Encore|p1a: Melman\n|-start|p1a: Melman|Encore\n|-enditem|p1a: Melman|Mental Herb\n|-end|p1a: Melman|Encore\n|\n|-heal|p2b: Scream Tail|56\/100|[from] item: Leftovers\n|upkeep\n|\n|t:|1683666043\n|switch|p2a: Raichu|Raichu, L50, F|100\/100\n|-item|p2a: Raichu|Air Balloon\n|turn|3\n|\n|t:|1683666088\n|-terastallize|p2b: Scream Tail|Water\n|move|p2a: Raichu|Protect|p2a: Raichu\n|-singleturn|p2a: Raichu|Protect\n|move|p1a: Melman|Foul Play|p2a: Raichu\n|-activate|p2a: Raichu|move: Protect\n|move|p1b: Donkey|Close Combat|p2a: Raichu\n|-activate|p2a: Raichu|move: Protect\n|move|p2b: Scream Tail|Dazzling Gleam|p1a: Melman|[spread] p1a,p1b\n|-supereffective|p1b: Donkey\n|-damage|p1a: Melman|79\/100\n|-damage|p1b: Donkey|15\/100\n|\n|-heal|p2b: Scream Tail|62\/100|[from] item: Leftovers\n|upkeep\n|turn|4\n|\n|t:|1683666113\n|move|p1a: Melman|Foul Play|p2b: Scream Tail\n|-damage|p2b: Scream Tail|56\/100\n|move|p1b: Donkey|Close Combat|p2b: Scream Tail\n|-damage|p2b: Scream Tail|7\/100\n|-unboost|p1b: Donkey|def|1\n|-unboost|p1b: Donkey|spd|1\n|-enditem|p1b: Donkey|Eject Pack\n|\n|t:|1683666116\n|switch|p1b: Lil\u2019 Guy|Pincurchin, L50, F|100\/100\n|-fieldstart|move: Electric Terrain|[from] ability: Electric Surge|[of] p1b: Lil\u2019 Guy\n|move|p2a: Raichu|Nuzzle|p1b: Lil\u2019 Guy\n|-resisted|p1b: Lil\u2019 Guy\n|-damage|p1b: Lil\u2019 Guy|97\/100\n|move|p2b: Scream Tail|Dazzling Gleam|p1b: Lil\u2019 Guy|[spread] p1a,p1b\n|-damage|p1a: Melman|68\/100\n|-damage|p1b: Lil\u2019 Guy|80\/100\n|\n|-heal|p2b: Scream Tail|13\/100|[from] item: Leftovers\n|upkeep\n|turn|5\n|c| jayballester|dope eject pack\n|\n|t:|1683666144\n|move|p1b: Lil\u2019 Guy|Liquidation|p2b: Scream Tail\n|-resisted|p2b: Scream Tail\n|-damage|p2b: Scream Tail|0 fnt\n|faint|p2b: Scream Tail\n|-end|p2b: Scream Tail|Protosynthesis|[silent]\n|move|p1a: Melman|Foul Play|p2a: Raichu\n|-damage|p2a: Raichu|72\/100\n|-enditem|p2a: Raichu|Air Balloon\n|move|p2a: Raichu|Nuzzle|p1a: Melman\n|-damage|p1a: Melman|60\/100\n|-status|p1a: Melman|par\n|\n|-fieldend|move: Trick Room\n|upkeep\n|\n|t:|1683666151\n|switch|p2b: Chien-Pao|Chien-Pao, L50|100\/100\n|-ability|p2b: Chien-Pao|Sword of Ruin\n|turn|6\n|\n|t:|1683666200\n|move|p2b: Chien-Pao|Protect|p2b: Chien-Pao\n|-singleturn|p2b: Chien-Pao|Protect\n|move|p1a: Melman|Protect|p1a: Melman\n|-singleturn|p1a: Melman|Protect\n|move|p2a: Raichu|Thunderbolt|p1a: Melman\n|-activate|p1a: Melman|move: Protect\n|move|p1b: Lil\u2019 Guy|Liquidation|p2a: Raichu\n|-damage|p2a: Raichu|0 fnt\n|faint|p2a: Raichu\n|\n|upkeep\n|turn|7\n|c|\u2606Jstardude|GG\n|c| jayballester|read like a book\n|c|\u2606LackieLackey|gg\n|\n|t:|1683666223\n|move|p2b: Chien-Pao|Ice Spinner|p1b: Lil\u2019 Guy\n|-damage|p1b: Lil\u2019 Guy|8\/100\n|-fieldend|move: Electric Terrain\n|move|p1b: Lil\u2019 Guy|Liquidation|p2b: Chien-Pao\n|-damage|p2b: Chien-Pao|47\/100\n|-unboost|p2b: Chien-Pao|def|1\n|move|p1a: Melman|Foul Play|p2b: Chien-Pao\n|-resisted|p2b: Chien-Pao\n|-damage|p2b: Chien-Pao|15\/100\n|\n|upkeep\n|turn|8\n|c|\u2606LackieLackey|We had to dodge a hypnosis but we did it\n|\n|t:|1683666244\n|move|p1a: Melman|Protect|p1a: Melman\n|-singleturn|p1a: Melman|Protect\n|move|p2b: Chien-Pao|Sucker Punch||[still]\n|cant|p1a: Melman|ability: Armor Tail|Sucker Punch|[of] p2b: Chien-Pao\n|move|p1b: Lil\u2019 Guy|Liquidation|p2b: Chien-Pao\n|-crit|p2b: Chien-Pao\n|-damage|p2b: Chien-Pao|0 fnt\n|faint|p2b: Chien-Pao\n|\n|win|LackieLackey\n|l|\u2606LackieLackey\n|j|\u2606LackieLackey\n|player|p1|LackieLackey|101\n","uploadtime":1683666270,"views":21,"p1id":"lackielackey","p2id":"jstardude","formatid":"gen9vgc2023regulationc","rating":0,"private":0,"password":""}