{"id":"gen9vgc2023regulationc-1857045254","p1":"DDyarados29","p2":"SharpedoHero","format":"[Gen 9] VGC 2023 Regulation C","log":"|j|\u2606DDyarados29\n|j|\u2606SharpedoHero\n|t:|1683140284\n|gametype|doubles\n|player|p1|DDyarados29|wallace|1423\n|player|p2|SharpedoHero|striker|1463\n|teamsize|p1|6\n|teamsize|p2|6\n|gen|9\n|tier|[Gen 9] VGC 2023 Regulation C\n|rated|\n|rule|Species Clause: Limit one of each Pok\u00e9mon\n|rule|Item Clause: Limit one of each item\n|clearpoke\n|poke|p1|Corviknight, L50, M|\n|poke|p1|Glimmora, L50, M|\n|poke|p1|Gholdengo, L50|\n|poke|p1|Flutter Mane, L50|\n|poke|p1|Iron Bundle, L50|\n|poke|p1|Ting-Lu, L50|\n|poke|p2|Chi-Yu, L50|\n|poke|p2|Flutter Mane, L50|\n|poke|p2|Murkrow, L50, M|\n|poke|p2|Great Tusk, L50|\n|poke|p2|Gyarados, L50, F|\n|poke|p2|Brute Bonnet, L50|\n|teampreview|4\nDDyarados29 has agreed to open team sheets.\nSharpedoHero has agreed to open team sheets.\n|inactive|Battle timer is ON: inactive players will automatically lose when time's up. (requested by DDyarados29)\n|inactive|SharpedoHero has 60 seconds left.\n|\n|t:|1683140348\n|start\n|switch|p1a: Chauncey|Glimmora, L50, M|100\/100\n|switch|p1b: Ting-Luigi|Ting-Lu, L50|100\/100\n|switch|p2a: Murkrow|Murkrow, L50, M|100\/100\n|switch|p2b: Chi-Yu|Chi-Yu, L50|100\/100\n|-ability|p2b: Chi-Yu|Beads of Ruin\n|-ability|p1b: Ting-Luigi|Vessel of Ruin\n|turn|1\n|inactive|DDyarados29 has 30 seconds left.\n|inactive|SharpedoHero has 30 seconds left.\n|\n|t:|1683140378\n|move|p2b: Chi-Yu|Protect|p2b: Chi-Yu\n|-singleturn|p2b: Chi-Yu|Protect\n|move|p2a: Murkrow|Tailwind|p2a: Murkrow\n|-sidestart|p2: SharpedoHero|move: Tailwind\n|move|p1a: Chauncey|Mortal Spin|p2b: Chi-Yu|[spread] p2a\n|-activate|p2b: Chi-Yu|move: Protect\n|-damage|p2a: Murkrow|95\/100\n|-status|p2a: Murkrow|psn\n|move|p1b: Ting-Luigi|Stomping Tantrum|p2b: Chi-Yu\n|-activate|p2b: Chi-Yu|move: Protect\n|\n|-damage|p2a: Murkrow|83\/100 psn|[from] psn\n|upkeep\n|turn|2\n|\n|t:|1683140392\n|move|p2a: Murkrow|Sunny Day|p2a: Murkrow\n|-weather|SunnyDay\n|move|p2b: Chi-Yu|Heat Wave|p1b: Ting-Luigi|[spread] p1b\n|-miss|p2b: Chi-Yu|p1a: Chauncey\n|-damage|p1b: Ting-Luigi|61\/100\n|move|p1a: Chauncey|Mortal Spin|p2a: Murkrow|[spread] p2a,p2b\n|-damage|p2a: Murkrow|78\/100 psn\n|-damage|p2b: Chi-Yu|94\/100\n|-status|p2b: Chi-Yu|psn\n|move|p1b: Ting-Luigi|Stomping Tantrum|p2b: Chi-Yu\n|-supereffective|p2b: Chi-Yu\n|-damage|p2b: Chi-Yu|0 fnt\n|faint|p2b: Chi-Yu\n|\n|-weather|SunnyDay|[upkeep]\n|-damage|p2a: Murkrow|66\/100 psn|[from] psn\n|upkeep\n|\n|t:|1683140396\n|switch|p2b: Great Tusk|Great Tusk, L50|100\/100\n|-activate|p2b: Great Tusk|ability: Protosynthesis\n|-start|p2b: Great Tusk|protosynthesisatk\n|turn|3\n|inactive|DDyarados29 has 30 seconds left.\n|\n|t:|1683140430\n|move|p1b: Ting-Luigi|Protect|p1b: Ting-Luigi\n|-singleturn|p1b: Ting-Luigi|Protect\n|move|p2a: Murkrow|Foul Play|p1a: Chauncey\n|-damage|p1a: Chauncey|83\/100\n|-activate|p1a: Chauncey|ability: Toxic Debris\n|-sidestart|p2: SharpedoHero|move: Toxic Spikes\n|move|p2b: Great Tusk|Earthquake|p1a: Chauncey|[spread] p1a\n|-activate|p1b: Ting-Luigi|move: Protect\n|-immune|p2a: Murkrow\n|-supereffective|p1a: Chauncey\n|-damage|p1a: Chauncey|0 fnt\n|-activate|p1a: Chauncey|ability: Toxic Debris\n|-sidestart|p2: SharpedoHero|move: Toxic Spikes\n|faint|p1a: Chauncey\n|-damage|p2b: Great Tusk|91\/100|[from] item: Life Orb\n|\n|-weather|SunnyDay|[upkeep]\n|-damage|p2a: Murkrow|54\/100 psn|[from] psn\n|upkeep\n|\n|t:|1683140438\n|switch|p1a: Pepita|Iron Bundle, L50|100\/100\n|-enditem|p1a: Pepita|Booster Energy\n|-activate|p1a: Pepita|ability: Quark Drive|[fromitem]\n|-start|p1a: Pepita|quarkdrivespe\n|turn|4\n|\n|t:|1683140456\n|-terastallize|p1b: Ting-Luigi|Water\n|move|p1a: Pepita|Protect|p1a: Pepita\n|-singleturn|p1a: Pepita|Protect\n|move|p2a: Murkrow|Foul Play|p1b: Ting-Luigi\n|-damage|p1b: Ting-Luigi|36\/100\n|move|p2b: Great Tusk|Earthquake|p1b: Ting-Luigi|[spread] p1b\n|-activate|p1a: Pepita|move: Protect\n|-immune|p2a: Murkrow\n|-damage|p1b: Ting-Luigi|0 fnt\n|faint|p1b: Ting-Luigi\n|-damage|p2b: Great Tusk|81\/100|[from] item: Life Orb\n|\n|-weather|SunnyDay|[upkeep]\n|-damage|p2a: Murkrow|42\/100 psn|[from] psn\n|-sideend|p2: SharpedoHero|move: Tailwind\n|upkeep\n|\n|t:|1683140467\n|switch|p1b: ugh|Gholdengo, L50|100\/100\n|turn|5\n|\n|t:|1683140489\n|-terastallize|p2b: Great Tusk|Fire\n|move|p2a: Murkrow|Tailwind|p2a: Murkrow\n|-sidestart|p2: SharpedoHero|move: Tailwind\n|move|p1a: Pepita|Icy Wind|p2b: Great Tusk|[spread] p2a,p2b\n|-supereffective|p2a: Murkrow\n|-resisted|p2b: Great Tusk\n|-damage|p2a: Murkrow|0 fnt\n|-damage|p2b: Great Tusk|68\/100\n|-unboost|p2b: Great Tusk|spe|1\n|faint|p2a: Murkrow\n|move|p2b: Great Tusk|Earthquake|p1b: ugh|[spread] p1a,p1b\n|-supereffective|p1b: ugh\n|-damage|p1a: Pepita|32\/100\n|-damage|p1b: ugh|0 fnt\n|faint|p1b: ugh\n|-damage|p2b: Great Tusk|58\/100|[from] item: Life Orb\n|\n|-weather|SunnyDay|[upkeep]\n|upkeep\n|\n|t:|1683140501\n|switch|p2a: Gyarados|Gyarados, L50, F|100\/100\n|-ability|p2a: Gyarados|Intimidate|boost\n|-unboost|p1a: Pepita|atk|1\n|turn|6\n|-message|DDyarados29 forfeited.\n|\n|win|SharpedoHero\n|raw|DDyarados29's rating: 1423 → 1405<\/strong> (-18 for losing)\n|raw|SharpedoHero's rating: 1463 → 1481<\/strong> (+18 for winning)\n|l|\u2606SharpedoHero\n","uploadtime":1683140522,"views":12,"p1id":"ddyarados29","p2id":"sharpedohero","formatid":"gen9vgc2023regulationc","rating":1405,"private":0,"password":""}