{"id":"gen9vgc2023regulationc-1855980144","p1":"quaquaquaquaquaval","p2":"bjbjgchhb","format":"[Gen 9] VGC 2023 Regulation C","log":"|j|\u2606quaquaquaquaquaval\n|j|\u2606bjbjgchhb\n|t:|1683011275\n|gametype|doubles\n|player|p1|quaquaquaquaquaval|169|1033\n|player|p2|bjbjgchhb|169|1000\n|teamsize|p1|4\n|teamsize|p2|6\n|gen|9\n|tier|[Gen 9] VGC 2023 Regulation C\n|rated|\n|rule|Species Clause: Limit one of each Pok\u00e9mon\n|rule|Item Clause: Limit one of each item\n|clearpoke\n|poke|p1|Quaquaval, L50, M|\n|poke|p1|Chien-Pao, L50|\n|poke|p1|Amoonguss, L50, M|\n|poke|p1|Arcanine, L50, M|\n|poke|p2|Flutter Mane, L50|\n|poke|p2|Chi-Yu, L50|\n|poke|p2|Torkoal, L50, M|\n|poke|p2|Lilligant, L50, F|\n|poke|p2|Chien-Pao, L50|\n|poke|p2|Dragonite, L50, F|\n|teampreview|4\n|\n|t:|1683011299\n|start\n|switch|p1a: Quaquaval|Quaquaval, L50, M|100\/100\n|switch|p1b: Chien-Pao|Chien-Pao, L50|100\/100\n|switch|p2a: Flutter Mane|Flutter Mane, L50|100\/100\n|switch|p2b: Chi-Yu|Chi-Yu, L50|100\/100\n|-ability|p1b: Chien-Pao|Sword of Ruin\n|-ability|p2b: Chi-Yu|Beads of Ruin\n|turn|1\n|inactive|Battle timer is ON: inactive players will automatically lose when time's up. (requested by bjbjgchhb)\n|\n|t:|1683011319\n|-terastallize|p2b: Chi-Yu|Grass\n|-terastallize|p1a: Quaquaval|Water\n|move|p1a: Quaquaval|Aqua Jet|p2a: Flutter Mane\n|-damage|p2a: Flutter Mane|0 fnt\n|faint|p2a: Flutter Mane\n|-end|p2a: Flutter Mane|Protosynthesis|[silent]\n|-ability|p1a: Quaquaval|Moxie|boost\n|-boost|p1a: Quaquaval|atk|1\n|move|p1b: Chien-Pao|Sacred Sword|p2b: Chi-Yu\n|-damage|p2b: Chi-Yu|39\/100\n|move|p2b: Chi-Yu|Heat Wave|p1b: Chien-Pao|[spread] p1a,p1b\n|-resisted|p1a: Quaquaval\n|-supereffective|p1b: Chien-Pao\n|-damage|p1a: Quaquaval|57\/100\n|-enditem|p1b: Chien-Pao|Focus Sash\n|-damage|p1b: Chien-Pao|1\/100\n|-status|p1a: Quaquaval|brn\n|-damage|p2b: Chi-Yu|29\/100|[from] item: Life Orb\n|\n|-damage|p1a: Quaquaval|50\/100 brn|[from] brn\n|upkeep\n|inactive|bjbjgchhb has 30 seconds left.\n|\n|t:|1683011352\n|switch|p2a: Dragonite|Dragonite, L50, F|100\/100\n|turn|2\n|\n|t:|1683011360\n|move|p2a: Dragonite|Extreme Speed|p1b: Chien-Pao\n|-damage|p1b: Chien-Pao|0 fnt\n|faint|p1b: Chien-Pao\n|move|p1a: Quaquaval|Aqua Jet|p2b: Chi-Yu\n|-resisted|p2b: Chi-Yu\n|-crit|p2b: Chi-Yu\n|-damage|p2b: Chi-Yu|0 fnt\n|faint|p2b: Chi-Yu\n|-ability|p1a: Quaquaval|Moxie|boost\n|-boost|p1a: Quaquaval|atk|1\n|\n|-damage|p1a: Quaquaval|44\/100 brn|[from] brn\n|upkeep\n|\n|t:|1683011366\n|switch|p1b: Arcanine|Arcanine, L50, M|100\/100\n|switch|p2b: Chien-Pao|Chien-Pao, L50|100\/100\n|-ability|p2b: Chien-Pao|Sword of Ruin\n|-ability|p1b: Arcanine|Intimidate|boost\n|-fail|p2a: Dragonite|unboost|Attack|[from] ability: Inner Focus|[of] p2a: Dragonite\n|-unboost|p2b: Chien-Pao|atk|1\n|turn|3\n|\n|t:|1683011384\n|move|p2b: Chien-Pao|Protect|p2b: Chien-Pao\n|-singleturn|p2b: Chien-Pao|Protect\n|move|p2a: Dragonite|Extreme Speed|p1a: Quaquaval\n|-damage|p1a: Quaquaval|0 fnt\n|faint|p1a: Quaquaval\n|move|p1b: Arcanine|Will-O-Wisp|p2a: Dragonite\n|-status|p2a: Dragonite|brn\n|\n|-damage|p2a: Dragonite|94\/100 brn|[from] brn\n|upkeep\n|\n|t:|1683011387\n|switch|p1a: Amoonguss|Amoonguss, L50, M|100\/100\n|turn|4\n|\n|t:|1683011394\n|move|p2a: Dragonite|Extreme Speed|p1a: Amoonguss\n|-damage|p1a: Amoonguss|77\/100\n|-damage|p2a: Dragonite|78\/100 brn|[from] item: Rocky Helmet|[of] p1a: Amoonguss\n|move|p1a: Amoonguss|Rage Powder|p1a: Amoonguss\n|-singleturn|p1a: Amoonguss|move: Rage Powder\n|move|p2b: Chien-Pao|Ice Spinner|p1a: Amoonguss\n|-supereffective|p1a: Amoonguss\n|-damage|p1a: Amoonguss|30\/100\n|-damage|p2b: Chien-Pao|84\/100|[from] item: Rocky Helmet|[of] p1a: Amoonguss\n|move|p1b: Arcanine|Flare Blitz|p2b: Chien-Pao\n|-supereffective|p2b: Chien-Pao\n|-crit|p2b: Chien-Pao\n|-damage|p2b: Chien-Pao|0 fnt\n|faint|p2b: Chien-Pao\n|-damage|p1b: Arcanine|79\/100|[from] Recoil\n|\n|-damage|p2a: Dragonite|72\/100 brn|[from] brn\n|upkeep\n|turn|5\n|\n|t:|1683011406\n|move|p1b: Arcanine|Extreme Speed|p2a: Dragonite\n|-damage|p2a: Dragonite|53\/100 brn\n|move|p2a: Dragonite|Extreme Speed|p1b: Arcanine\n|-damage|p1b: Arcanine|56\/100\n|move|p1a: Amoonguss|Pollen Puff|p2a: Dragonite\n|-resisted|p2a: Dragonite\n|-damage|p2a: Dragonite|45\/100 brn\n|\n|-damage|p2a: Dragonite|39\/100 brn|[from] brn\n|upkeep\n|turn|6\n|\n|t:|1683011413\n|move|p1b: Arcanine|Extreme Speed|p2a: Dragonite\n|-damage|p2a: Dragonite|20\/100 brn\n|move|p2a: Dragonite|Extreme Speed|p1b: Arcanine\n|-damage|p1b: Arcanine|35\/100\n|move|p1a: Amoonguss|Pollen Puff|p2a: Dragonite\n|-resisted|p2a: Dragonite\n|-damage|p2a: Dragonite|12\/100 brn\n|\n|-damage|p2a: Dragonite|6\/100 brn|[from] brn\n|upkeep\n|turn|7\n|-message|bjbjgchhb forfeited.\n|\n|win|quaquaquaquaquaval\n|raw|quaquaquaquaquaval's rating: 1033 → 1065<\/strong> (+32 for winning)\n|raw|bjbjgchhb's rating: 1000 → 1000<\/strong> (+0 for losing)\n|l|\u2606quaquaquaquaquaval\n|l|\u2606bjbjgchhb\n|j|\u2606quaquaquaquaquaval\n|player|p1|quaquaquaquaquaval|169\n","uploadtime":1683011424,"views":22,"p1id":"quaquaquaquaquaval","p2id":"bjbjgchhb","formatid":"gen9vgc2023regulationc","rating":1000,"private":0,"password":""}