{"id":"gen9vgc2023regulationc-1854852335","p1":"Pippo318","p2":"mattnot3","format":"[Gen 9] VGC 2023 Regulation C","log":"|j|\u2606Pippo318\n|j|\u2606mattnot3\n|t:|1682873425\n|gametype|doubles\n|player|p1|Pippo318|giovanni|1406\n|player|p2|mattnot3|169|1452\n|teamsize|p1|6\n|teamsize|p2|6\n|gen|9\n|tier|[Gen 9] VGC 2023 Regulation C\n|rated|\n|rule|Species Clause: Limit one of each Pok\u00e9mon\n|rule|Item Clause: Limit one of each item\n|clearpoke\n|poke|p1|Dondozo, L50, M|\n|poke|p1|Tatsugiri-Droopy, L50, F|\n|poke|p1|Talonflame, L50, M|\n|poke|p1|Farigiraf, L50, M|\n|poke|p1|Sandy Shocks, L50|\n|poke|p1|Flutter Mane, L50|\n|poke|p2|Chi-Yu, L50|\n|poke|p2|Flutter Mane, L50|\n|poke|p2|Scizor, L50, F|\n|poke|p2|Wo-Chien, L50|\n|poke|p2|Gyarados, L50, M|\n|poke|p2|Glimmora, L50, M|\n|teampreview|4\n|\n|t:|1682873473\n|start\n|switch|p1a: Talonflame|Talonflame, L50, M|100\/100\n|switch|p1b: Sandy Shocks|Sandy Shocks, L50|100\/100\n|switch|p2a: Glimmora|Glimmora, L50, M|100\/100\n|switch|p2b: Flutter Mane|Flutter Mane, L50|100\/100\n|-enditem|p2b: Flutter Mane|Booster Energy\n|-activate|p2b: Flutter Mane|ability: Protosynthesis|[fromitem]\n|-start|p2b: Flutter Mane|protosynthesisspa\n|turn|1\n|\n|t:|1682873495\n|-terastallize|p2a: Glimmora|Grass\n|move|p1a: Talonflame|Tailwind|p1a: Talonflame\n|-sidestart|p1: Pippo318|move: Tailwind\n|move|p1b: Sandy Shocks|Volt Switch|p2b: Flutter Mane\n|-damage|p2b: Flutter Mane|47\/100\n|\n|t:|1682873507\n|-end|p1b: Sandy Shocks|Protosynthesis|[silent]\n|switch|p1b: Farigiraf|Farigiraf, L50, M|100\/100|[from] Volt Switch\n|move|p2b: Flutter Mane|Moonblast|p1b: Farigiraf\n|-damage|p1b: Farigiraf|44\/100\n|move|p2a: Glimmora|Power Gem|p1a: Talonflame\n|-supereffective|p1a: Talonflame\n|-damage|p1a: Talonflame|0 fnt\n|faint|p1a: Talonflame\n|\n|upkeep\n|\n|t:|1682873527\n|switch|p1a: Sandy Shocks|Sandy Shocks, L50|100\/100\n|turn|2\n|\n|t:|1682873545\n|-terastallize|p1a: Sandy Shocks|Flying\n|move|p2b: Flutter Mane|Protect|p2b: Flutter Mane\n|-singleturn|p2b: Flutter Mane|Protect\n|move|p1a: Sandy Shocks|Tera Blast|p2a: Glimmora\n|-supereffective|p2a: Glimmora\n|-damage|p2a: Glimmora|5\/100\n|move|p1b: Farigiraf|Psyshock|p2b: Flutter Mane\n|-activate|p2b: Flutter Mane|move: Protect\n|move|p2a: Glimmora|Mortal Spin|p1b: Farigiraf|[spread] p1a,p1b\n|-damage|p1a: Sandy Shocks|95\/100\n|-damage|p1b: Farigiraf|40\/100\n|-status|p1a: Sandy Shocks|psn\n|-status|p1b: Farigiraf|psn\n|\n|-damage|p1a: Sandy Shocks|83\/100 psn|[from] psn\n|-damage|p1b: Farigiraf|27\/100 psn|[from] psn\n|upkeep\n|turn|3\n|\n|t:|1682873570\n|-end|p2b: Flutter Mane|Protosynthesis|[silent]\n|switch|p2b: Wo-Chien|Wo-Chien, L50|100\/100\n|-ability|p2b: Wo-Chien|Tablets of Ruin\n|move|p1a: Sandy Shocks|Tera Blast|p2b: Wo-Chien\n|-supereffective|p2b: Wo-Chien\n|-damage|p2b: Wo-Chien|32\/100\n|move|p1b: Farigiraf|Hyper Voice|p2a: Glimmora|[spread] p2a,p2b\n|-damage|p2a: Glimmora|0 fnt\n|-damage|p2b: Wo-Chien|13\/100\n|faint|p2a: Glimmora\n|-enditem|p1b: Farigiraf|Throat Spray\n|-boost|p1b: Farigiraf|spa|1|[from] item: Throat Spray\n|\n|-heal|p2b: Wo-Chien|19\/100|[from] item: Leftovers\n|-damage|p1a: Sandy Shocks|71\/100 psn|[from] psn\n|-damage|p1b: Farigiraf|15\/100 psn|[from] psn\n|upkeep\n|\n|t:|1682873583\n|switch|p2a: Flutter Mane|Flutter Mane, L50|47\/100\n|turn|4\n|\n|t:|1682873595\n|move|p2a: Flutter Mane|Protect|p2a: Flutter Mane\n|-singleturn|p2a: Flutter Mane|Protect\n|move|p1a: Sandy Shocks|Tera Blast|p2a: Flutter Mane\n|-activate|p2a: Flutter Mane|move: Protect\n|move|p1b: Farigiraf|Hyper Voice|p2a: Flutter Mane|[spread] p2b\n|-activate|p2a: Flutter Mane|move: Protect\n|-crit|p2b: Wo-Chien\n|-damage|p2b: Wo-Chien|0 fnt\n|faint|p2b: Wo-Chien\n|\n|-damage|p1a: Sandy Shocks|59\/100 psn|[from] psn\n|-damage|p1b: Farigiraf|2\/100 psn|[from] psn\n|-sideend|p1: Pippo318|move: Tailwind\n|upkeep\n|\n|t:|1682873602\n|switch|p2b: Gyarados|Gyarados, L50, M|100\/100\n|-ability|p2b: Gyarados|Intimidate|boost\n|-unboost|p1a: Sandy Shocks|atk|1\n|-unboost|p1b: Farigiraf|atk|1\n|turn|5\n|\n|t:|1682873629\n|move|p2a: Flutter Mane|Moonblast|p1a: Sandy Shocks\n|-damage|p1a: Sandy Shocks|0 fnt\n|faint|p1a: Sandy Shocks\n|-end|p1a: Sandy Shocks|Protosynthesis|[silent]\n|move|p2b: Gyarados|Waterfall|p1b: Farigiraf\n|-damage|p1b: Farigiraf|0 fnt\n|faint|p1b: Farigiraf\n|\n|upkeep\n|\n|t:|1682873636\n|switch|p1a: Flutter Mane|Flutter Mane, L50|100\/100\n|turn|6\n|\n|t:|1682873644\n|move|p2a: Flutter Mane|Protect|p2a: Flutter Mane\n|-singleturn|p2a: Flutter Mane|Protect\n|move|p1a: Flutter Mane|Thunderbolt|p2b: Gyarados\n|-supereffective|p2b: Gyarados\n|-damage|p2b: Gyarados|9\/100\n|-enditem|p2b: Gyarados|Sitrus Berry|[eat]\n|-heal|p2b: Gyarados|34\/100|[from] item: Sitrus Berry\n|move|p2b: Gyarados|Waterfall|p1a: Flutter Mane\n|-damage|p1a: Flutter Mane|24\/100\n|\n|upkeep\n|turn|7\n|\n|t:|1682873658\n|move|p1a: Flutter Mane|Dazzling Gleam|p2b: Gyarados|[spread] p2a,p2b\n|-damage|p2a: Flutter Mane|11\/100\n|-damage|p2b: Gyarados|9\/100\n|move|p2a: Flutter Mane|Moonblast|p1a: Flutter Mane\n|-damage|p1a: Flutter Mane|0 fnt\n|faint|p1a: Flutter Mane\n|-end|p1a: Flutter Mane|Protosynthesis|[silent]\n|\n|win|mattnot3\n|raw|Pippo318's rating: 1406 → 1389<\/strong> (-17 for losing)\n|raw|mattnot3's rating: 1452 → 1469<\/strong> (+17 for winning)\n|l|\u2606Pippo318\n","uploadtime":1682873668,"views":11,"p1id":"pippo318","p2id":"mattnot3","formatid":"gen9vgc2023regulationc","rating":1389,"private":0,"password":""}