{"id":"gen9vgc2023regulationc-1859952589","p1":"kheld","p2":"McDubbieEnthusiast","format":"[Gen 9] VGC 2023 Regulation C","log":"|j|\u2606kheld\n|j|\u2606McDubbieEnthusiast\n|t:|1683578827\n|gametype|doubles\n|player|p1|kheld|brawly|1591\n|player|p2|McDubbieEnthusiast|pokemonbreeder-gen4|1664\n|teamsize|p1|6\n|teamsize|p2|6\n|gen|9\n|tier|[Gen 9] VGC 2023 Regulation C\n|rated|\n|rule|Species Clause: Limit one of each Pok\u00e9mon\n|rule|Item Clause: Limit one of each item\n|clearpoke\n|poke|p1|Great Tusk, L50|\n|poke|p1|Iron Bundle, L50|\n|poke|p1|Chi-Yu, L50|\n|poke|p1|Murkrow, L50, F|\n|poke|p1|Chien-Pao, L50|\n|poke|p1|Flutter Mane, L50|\n|poke|p2|Tyranitar, L50, M|\n|poke|p2|Garchomp, L50, M|\n|poke|p2|Dragonite, L50, M|\n|poke|p2|Scream Tail, L50|\n|poke|p2|Orthworm, L50, M|\n|poke|p2|Palafin, L50, M|\n|teampreview|4\nkheld has agreed to open team sheets.\n|inactive|Battle timer is ON: inactive players will automatically lose when time's up. (requested by McDubbieEnthusiast)\n|\n|t:|1683578869\n|start\n|switch|p1a: Great Tusk|Great Tusk, L50|100\/100\n|switch|p1b: Murkrow|Murkrow, L50, F|100\/100\n|switch|p2a: Beholder|Scream Tail, L50, shiny|100\/100\n|switch|p2b: Dunewinder|Orthworm, L50, M|100\/100\n|-enditem|p2a: Beholder|Booster Energy\n|-activate|p2a: Beholder|ability: Protosynthesis|[fromitem]\n|-start|p2a: Beholder|protosynthesisspe\n|turn|1\n|inactive|kheld has 30 seconds left.\n|inactive|McDubbieEnthusiast has 30 seconds left.\n|j| Aykori\n|inactive|McDubbieEnthusiast has 20 seconds left.\n|inactive|McDubbieEnthusiast has 15 seconds left.\n|inactive|McDubbieEnthusiast has 10 seconds left.\n|\n|t:|1683578916\n|-terastallize|p2b: Dunewinder|Ghost\n|move|p1b: Murkrow|Taunt|p2b: Dunewinder\n|-start|p2b: Dunewinder|move: Taunt\n|move|p2a: Beholder|Dazzling Gleam|p1b: Murkrow|[spread] p1a,p1b\n|-supereffective|p1a: Great Tusk\n|-supereffective|p1b: Murkrow\n|-damage|p1a: Great Tusk|55\/100\n|-damage|p1b: Murkrow|67\/100\n|move|p1a: Great Tusk|Headlong Rush|p2a: Beholder\n|-damage|p2a: Beholder|51\/100\n|-unboost|p1a: Great Tusk|def|1\n|-unboost|p1a: Great Tusk|spd|1\n|cant|p2b: Dunewinder|move: Taunt|Shed Tail\n|\n|upkeep\n|turn|2\n|inactive|kheld has 30 seconds left.\n|\n|t:|1683578942\n|move|p1b: Murkrow|Tailwind|p1b: Murkrow\n|-sidestart|p1: kheld|move: Tailwind\n|move|p1a: Great Tusk|Headlong Rush|p2a: Beholder\n|-damage|p2a: Beholder|0 fnt\n|-unboost|p1a: Great Tusk|def|1\n|-unboost|p1a: Great Tusk|spd|1\n|faint|p2a: Beholder\n|-end|p2a: Beholder|Protosynthesis|[silent]\n|move|p2b: Dunewinder|Heavy Slam|p1b: Murkrow\n|-damage|p1b: Murkrow|32\/100\n|\n|upkeep\n|\n|t:|1683578951\n|switch|p2a: Mogaru|Garchomp, L50, M|100\/100\n|turn|3\n|\n|t:|1683578973\n|move|p2a: Mogaru|Protect|p2a: Mogaru\n|-singleturn|p2a: Mogaru|Protect\n|move|p1b: Murkrow|Sunny Day|p1b: Murkrow\n|-weather|SunnyDay\n|-activate|p1a: Great Tusk|ability: Protosynthesis\n|-start|p1a: Great Tusk|protosynthesisatk\n|move|p1a: Great Tusk|Headlong Rush|p2b: Dunewinder\n|-immune|p2b: Dunewinder|[from] ability: Earth Eater\n|move|p2b: Dunewinder|Body Press|p1a: Great Tusk\n|-damage|p1a: Great Tusk|18\/100\n|\n|-weather|SunnyDay|[upkeep]\n|-end|p2b: Dunewinder|move: Taunt\n|upkeep\n|turn|4\n|\n|t:|1683578996\n|switch|p2b: Tarrasque|Tyranitar, L50, M, shiny|100\/100\n|-weather|Sandstorm|[from] ability: Sand Stream|[of] p2b: Tarrasque\n|-end|p1a: Great Tusk|Protosynthesis\n|move|p1b: Murkrow|Taunt|p2b: Tarrasque\n|-hint|Since gen 7, Dark is immune to Prankster moves.\n|-immune|p2b: Tarrasque\n|move|p1a: Great Tusk|Rock Slide|p2b: Tarrasque|[spread] p2a,p2b\n|-resisted|p2a: Mogaru\n|-damage|p2a: Mogaru|91\/100\n|-damage|p2b: Tarrasque|82\/100\n|move|p2a: Mogaru|Rock Slide|p1b: Murkrow|[spread] p1a,p1b\n|-resisted|p1a: Great Tusk\n|-supereffective|p1b: Murkrow\n|-damage|p1a: Great Tusk|12\/100\n|-damage|p1b: Murkrow|0 fnt\n|faint|p1b: Murkrow\n|\n|-weather|Sandstorm|[upkeep]\n|upkeep\n|\n|t:|1683579016\n|switch|p1b: Iron Bundle|Iron Bundle, L50|100\/100\n|-enditem|p1b: Iron Bundle|Booster Energy\n|-activate|p1b: Iron Bundle|ability: Quark Drive|[fromitem]\n|-start|p1b: Iron Bundle|quarkdrivespe\n|turn|5\n|inactive|McDubbieEnthusiast has 30 seconds left.\n|inactive|McDubbieEnthusiast has 20 seconds left.\n|inactive|McDubbieEnthusiast has 15 seconds left.\n|inactive|McDubbieEnthusiast has 10 seconds left.\n|inactive|McDubbieEnthusiast has 5 seconds left.\n|\n|t:|1683579067\n|switch|p2a: Dunewinder|Orthworm, L50, M, tera:Ghost|100\/100\n|move|p1b: Iron Bundle|Freeze-Dry|p2a: Dunewinder\n|-damage|p2a: Dunewinder|56\/100\n|move|p1a: Great Tusk|Close Combat|p2b: Tarrasque\n|-supereffective|p2b: Tarrasque\n|-damage|p2b: Tarrasque|0 fnt\n|-unboost|p1a: Great Tusk|def|1\n|-unboost|p1a: Great Tusk|spd|1\n|faint|p2b: Tarrasque\n|\n|-weather|Sandstorm|[upkeep]\n|-damage|p1b: Iron Bundle|94\/100|[from] Sandstorm\n|-damage|p2a: Dunewinder|49\/100|[from] Sandstorm\n|-enditem|p2a: Dunewinder|Sitrus Berry|[eat]\n|-heal|p2a: Dunewinder|74\/100|[from] item: Sitrus Berry\n|-sideend|p1: kheld|move: Tailwind\n|upkeep\n|\n|t:|1683579078\n|switch|p2b: Mogaru|Garchomp, L50, M|91\/100\n|turn|6\n|\n|t:|1683579100\n|move|p2b: Mogaru|Protect|p2b: Mogaru\n|-singleturn|p2b: Mogaru|Protect\n|move|p1b: Iron Bundle|Freeze-Dry|p2b: Mogaru\n|-activate|p2b: Mogaru|move: Protect\n|move|p1a: Great Tusk|Rock Slide|p2a: Dunewinder|[spread] p2a\n|-activate|p2b: Mogaru|move: Protect\n|-damage|p2a: Dunewinder|58\/100\n|move|p2a: Dunewinder|Heavy Slam|p1b: Iron Bundle\n|-damage|p1b: Iron Bundle|49\/100\n|\n|-weather|Sandstorm|[upkeep]\n|-damage|p1b: Iron Bundle|43\/100|[from] Sandstorm\n|-damage|p2a: Dunewinder|52\/100|[from] Sandstorm\n|upkeep\n|turn|7\n|\n|t:|1683579115\n|move|p2a: Dunewinder|Helping Hand|p2b: Mogaru\n|-singleturn|p2b: Mogaru|Helping Hand|[of] p2a: Dunewinder\n|move|p1b: Iron Bundle|Freeze-Dry|p2b: Mogaru\n|-supereffective|p2b: Mogaru\n|-damage|p2b: Mogaru|0 fnt\n|faint|p2b: Mogaru\n|move|p1a: Great Tusk|Rock Slide|p2a: Dunewinder|[miss]\n|-miss|p1a: Great Tusk|p2a: Dunewinder\n|\n|-weather|Sandstorm|[upkeep]\n|-damage|p1b: Iron Bundle|37\/100|[from] Sandstorm\n|-damage|p2a: Dunewinder|46\/100|[from] Sandstorm\n|upkeep\n|turn|8\n|c|\u2606McDubbieEnthusiast|gg\n|\n|t:|1683579129\n|move|p1b: Iron Bundle|Encore|p2a: Dunewinder\n|-start|p2a: Dunewinder|Encore\n|move|p1a: Great Tusk|Rock Slide|p2a: Dunewinder\n|-damage|p2a: Dunewinder|26\/100\n|cant|p2a: Dunewinder|flinch\n|\n|-weather|none\n|upkeep\n|turn|9\n|-message|McDubbieEnthusiast forfeited.\n|\n|win|kheld\n|raw|kheld's rating: 1591 → 1615<\/strong> (+24 for winning)\n|raw|McDubbieEnthusiast's rating: 1664 → 1640<\/strong> (-24 for losing)\n","uploadtime":1683579142,"views":20,"p1id":"kheld","p2id":"mcdubbieenthusiast","formatid":"gen9vgc2023regulationc","rating":1615,"private":0,"password":""}