{"id":"gen9vgc2023regulationc-1854345968","p1":"SharpedoHero","p2":"Terry kloak","format":"[Gen 9] VGC 2023 Regulation C","log":"|j|\u2606SharpedoHero\n|j|\u2606Terry kloak\n|t:|1682799602\n|gametype|doubles\n|player|p1|SharpedoHero|striker|1374\n|player|p2|Terry kloak|gentleman-gen4|1391\n|teamsize|p1|6\n|teamsize|p2|6\n|gen|9\n|tier|[Gen 9] VGC 2023 Regulation C\n|rated|\n|rule|Species Clause: Limit one of each Pok\u00e9mon\n|rule|Item Clause: Limit one of each item\n|clearpoke\n|poke|p1|Chien-Pao, L50|\n|poke|p1|Tinkaton, L50, F|\n|poke|p1|Dragonite, L50, F|\n|poke|p1|Great Tusk, L50|\n|poke|p1|Arcanine, L50, M|\n|poke|p1|Amoonguss, L50, F|\n|poke|p2|Ceruledge, L50, F|\n|poke|p2|Orthworm, L50, M|\n|poke|p2|Ting-Lu, L50|\n|poke|p2|Dragonite, L50, F|\n|poke|p2|Iron Bundle, L50|\n|poke|p2|Gothitelle, L50, F|\n|teampreview|4\n|inactive|Battle timer is ON: inactive players will automatically lose when time's up. (requested by SharpedoHero)\n|\n|t:|1682799652\n|start\n|switch|p1a: Tinkaton|Tinkaton, L50, F|100\/100\n|switch|p1b: Chien-Pao|Chien-Pao, L50|100\/100\n|switch|p2a: Orthworm|Orthworm, L50, M|100\/100\n|switch|p2b: Gothitelle|Gothitelle, L50, F|100\/100\n|-ability|p1b: Chien-Pao|Sword of Ruin\n|-ability|p1a: Tinkaton|Mold Breaker\n|turn|1\n|\n|t:|1682799676\n|move|p1a: Tinkaton|Fake Out|p2b: Gothitelle\n|-crit|p2b: Gothitelle\n|-damage|p2b: Gothitelle|78\/100\n|cant|p2b: Gothitelle|flinch\n|move|p1b: Chien-Pao|Crunch|p2b: Gothitelle\n|-supereffective|p2b: Gothitelle\n|-damage|p2b: Gothitelle|0 fnt\n|faint|p2b: Gothitelle\n|move|p2a: Orthworm|Shed Tail|p2a: Orthworm\n|-start|p2a: Orthworm|Substitute|[from] move: Shed Tail\n|-damage|p2a: Orthworm|50\/100\n|-enditem|p2a: Orthworm|Sitrus Berry|[eat]\n|-heal|p2a: Orthworm|75\/100|[from] item: Sitrus Berry\n|\n|t:|1682799690\n|switch|p2a: Ceruledge|Ceruledge, L50, F|100\/100|[from] Shed Tail\n|\n|upkeep\n|\n|t:|1682799695\n|switch|p2b: Orthworm|Orthworm, L50, M|75\/100\n|turn|2\n|\n|t:|1682799707\n|move|p1b: Chien-Pao|Protect|p1b: Chien-Pao\n|-singleturn|p1b: Chien-Pao|Protect\n|move|p1a: Tinkaton|Gigaton Hammer|p2a: Ceruledge\n|-resisted|p2a: Ceruledge\n|-end|p2a: Ceruledge|Substitute\n|move|p2a: Ceruledge|Bitter Blade|p1b: Chien-Pao\n|-activate|p1b: Chien-Pao|move: Protect\n|move|p2b: Orthworm|Body Press|p1b: Chien-Pao\n|-activate|p1b: Chien-Pao|move: Protect\n|\n|upkeep\n|turn|3\n|\n|t:|1682799726\n|switch|p1a: Arcanine|Arcanine, L50, M, shiny|100\/100\n|-ability|p1a: Arcanine|Intimidate|boost\n|-unboost|p2a: Ceruledge|atk|1\n|-unboost|p2b: Orthworm|atk|1\n|-terastallize|p1b: Chien-Pao|Ghost\n|move|p2a: Ceruledge|Protect|p2a: Ceruledge\n|-singleturn|p2a: Ceruledge|Protect\n|move|p1b: Chien-Pao|Crunch|p2a: Ceruledge\n|-activate|p2a: Ceruledge|move: Protect\n|move|p2b: Orthworm|Body Press|p1b: Chien-Pao\n|-immune|p1b: Chien-Pao\n|\n|upkeep\n|turn|4\n|\n|t:|1682799746\n|switch|p1a: Tinkaton|Tinkaton, L50, F|100\/100\n|-ability|p1a: Tinkaton|Mold Breaker\n|move|p1b: Chien-Pao|Protect|p1b: Chien-Pao\n|-singleturn|p1b: Chien-Pao|Protect\n|move|p2a: Ceruledge|Shadow Sneak|p1b: Chien-Pao\n|-activate|p1b: Chien-Pao|move: Protect\n|move|p2b: Orthworm|Shed Tail|p2b: Orthworm\n|-start|p2b: Orthworm|Substitute|[from] move: Shed Tail\n|-damage|p2b: Orthworm|24\/100\n|\n|t:|1682799757\n|switch|p2b: Dragonite|Dragonite, L50, F|100\/100|[from] Shed Tail\n|\n|upkeep\n|turn|5\n|\n|t:|1682799768\n|switch|p1b: Arcanine|Arcanine, L50, M, shiny|100\/100\n|-ability|p1b: Arcanine|Intimidate|boost\n|-unboost|p2a: Ceruledge|atk|1\n|-immune|p2b: Dragonite\n|-terastallize|p2b: Dragonite|Flying\n|move|p2a: Ceruledge|Shadow Sneak|p1b: Arcanine\n|-damage|p1b: Arcanine|89\/100\n|move|p2b: Dragonite|Tera Blast|p1b: Arcanine\n|-damage|p1b: Arcanine|21\/100\n|-enditem|p1b: Arcanine|Sitrus Berry|[eat]\n|-heal|p1b: Arcanine|46\/100|[from] item: Sitrus Berry\n|move|p1a: Tinkaton|Play Rough|p2b: Dragonite\n|-end|p2b: Dragonite|Substitute\n|\n|upkeep\n|turn|6\n|inactive|SharpedoHero has 30 seconds left.\n|\n|t:|1682799795\n|switch|p2a: Orthworm|Orthworm, L50, M|24\/100\n|move|p1b: Arcanine|Overheat|p2a: Orthworm\n|-supereffective|p2a: Orthworm\n|-damage|p2a: Orthworm|0 fnt\n|-unboost|p1b: Arcanine|spa|2\n|faint|p2a: Orthworm\n|move|p2b: Dragonite|Dragon Dance|p2b: Dragonite\n|-boost|p2b: Dragonite|atk|1\n|-boost|p2b: Dragonite|spe|1\n|move|p1a: Tinkaton|Gigaton Hammer|p2b: Dragonite\n|-damage|p2b: Dragonite|39\/100\n|\n|upkeep\n|\n|t:|1682799809\n|switch|p2a: Ceruledge|Ceruledge, L50, F|100\/100\n|turn|7\n|\n|t:|1682799822\n|switch|p1b: Dragonite|Dragonite, L50, F|100\/100\n|move|p2b: Dragonite|Tera Blast|p1b: Dragonite\n|-damage|p1b: Dragonite|60\/100\n|move|p1a: Tinkaton|Play Rough|p2b: Dragonite\n|-damage|p2b: Dragonite|1\/100\n|move|p2a: Ceruledge|Bitter Blade|p1a: Tinkaton\n|-supereffective|p1a: Tinkaton\n|-damage|p1a: Tinkaton|0 fnt\n|faint|p1a: Tinkaton\n|\n|upkeep\n|\n|t:|1682799831\n|switch|p1a: Arcanine|Arcanine, L50, M, shiny|46\/100\n|-ability|p1a: Arcanine|Intimidate|boost\n|-unboost|p2a: Ceruledge|atk|1\n|-unboost|p2b: Dragonite|atk|1\n|turn|8\n|\n|t:|1682799845\n|switch|p1a: Chien-Pao|Chien-Pao, L50, tera:Ghost|100\/100\n|-ability|p1a: Chien-Pao|Sword of Ruin\n|move|p2b: Dragonite|Protect|p2b: Dragonite\n|-singleturn|p2b: Dragonite|Protect\n|move|p1b: Dragonite|Extreme Speed|p2b: Dragonite\n|-activate|p2b: Dragonite|move: Protect\n|move|p2a: Ceruledge|Bulk Up|p2a: Ceruledge\n|-boost|p2a: Ceruledge|atk|1\n|-boost|p2a: Ceruledge|def|1\n|\n|upkeep\n|turn|9\n|\n|t:|1682799864\n|move|p2b: Dragonite|Protect|p2b: Dragonite\n|-singleturn|p2b: Dragonite|Protect\n|move|p1b: Dragonite|Extreme Speed|p2b: Dragonite\n|-activate|p2b: Dragonite|move: Protect\n|move|p1a: Chien-Pao|Crunch|p2a: Ceruledge\n|-supereffective|p2a: Ceruledge\n|-damage|p2a: Ceruledge|14\/100\n|move|p2a: Ceruledge|Bitter Blade|p1b: Dragonite\n|-resisted|p1b: Dragonite\n|-damage|p1b: Dragonite|29\/100\n|-heal|p2a: Ceruledge|32\/100|[from] drain|[of] p1b: Dragonite\n|\n|-heal|p2a: Ceruledge|38\/100|[from] item: Leftovers\n|upkeep\n|turn|10\n|\n|t:|1682799892\n|move|p1b: Dragonite|Protect|p1b: Dragonite\n|-singleturn|p1b: Dragonite|Protect\n|move|p2a: Ceruledge|Shadow Sneak|p1a: Chien-Pao\n|-supereffective|p1a: Chien-Pao\n|-damage|p1a: Chien-Pao|43\/100\n|move|p1a: Chien-Pao|Ice Spinner|p2b: Dragonite\n|-supereffective|p2b: Dragonite\n|-damage|p2b: Dragonite|0 fnt\n|faint|p2b: Dragonite\n|\n|-heal|p2a: Ceruledge|44\/100|[from] item: Leftovers\n|upkeep\n|turn|11\n|\n|t:|1682799913\n|switch|p1a: Arcanine|Arcanine, L50, M, shiny|46\/100\n|-ability|p1a: Arcanine|Intimidate|boost\n|-unboost|p2a: Ceruledge|atk|1\n|move|p1b: Dragonite|Extreme Speed|p2a: Ceruledge\n|-immune|p2a: Ceruledge\n|move|p2a: Ceruledge|Bulk Up|p2a: Ceruledge\n|-boost|p2a: Ceruledge|atk|1\n|-boost|p2a: Ceruledge|def|1\n|\n|-heal|p2a: Ceruledge|50\/100|[from] item: Leftovers\n|upkeep\n|turn|12\n|\n|t:|1682799925\n|move|p1b: Dragonite|Protect|p1b: Dragonite\n|-singleturn|p1b: Dragonite|Protect\n|move|p1a: Arcanine|Snarl|p2a: Ceruledge\n|-supereffective|p2a: Ceruledge\n|-damage|p2a: Ceruledge|24\/100\n|-unboost|p2a: Ceruledge|spa|1\n|move|p2a: Ceruledge|Bulk Up|p2a: Ceruledge\n|-boost|p2a: Ceruledge|atk|1\n|-boost|p2a: Ceruledge|def|1\n|\n|-heal|p2a: Ceruledge|30\/100|[from] item: Leftovers\n|upkeep\n|turn|13\n|\n|t:|1682799938\n|switch|p1b: Chien-Pao|Chien-Pao, L50, tera:Ghost|43\/100\n|-ability|p1b: Chien-Pao|Sword of Ruin\n|move|p1a: Arcanine|Snarl|p2a: Ceruledge\n|-supereffective|p2a: Ceruledge\n|-damage|p2a: Ceruledge|2\/100\n|-unboost|p2a: Ceruledge|spa|1\n|move|p2a: Ceruledge|Bitter Blade|p1a: Arcanine\n|-resisted|p1a: Arcanine\n|-damage|p1a: Arcanine|0 fnt\n|-heal|p2a: Ceruledge|28\/100|[from] drain|[of] p1a: Arcanine\n|faint|p1a: Arcanine\n|\n|-heal|p2a: Ceruledge|34\/100|[from] item: Leftovers\n|upkeep\n|\n|t:|1682799946\n|switch|p1a: Dragonite|Dragonite, L50, F|29\/100\n|turn|14\n|\n|t:|1682799957\n|move|p2a: Ceruledge|Protect|p2a: Ceruledge\n|-singleturn|p2a: Ceruledge|Protect\n|move|p1a: Dragonite|Protect|p1a: Dragonite\n|-singleturn|p1a: Dragonite|Protect\n|move|p1b: Chien-Pao|Crunch|p2a: Ceruledge\n|-activate|p2a: Ceruledge|move: Protect\n|\n|-heal|p2a: Ceruledge|40\/100|[from] item: Leftovers\n|upkeep\n|turn|15\n|\n|t:|1682799968\n|move|p2a: Ceruledge|Shadow Sneak|p1b: Chien-Pao\n|-supereffective|p1b: Chien-Pao\n|-damage|p1b: Chien-Pao|0 fnt\n|faint|p1b: Chien-Pao\n|move|p1a: Dragonite|Low Kick|p2a: Ceruledge\n|-immune|p2a: Ceruledge\n|\n|-heal|p2a: Ceruledge|46\/100|[from] item: Leftovers\n|upkeep\n|turn|16\n|-message|SharpedoHero forfeited.\n|\n|win|Terry kloak\n|raw|SharpedoHero's rating: 1374 → 1355<\/strong> (-19 for losing)\n|raw|Terry kloak's rating: 1391 → 1410<\/strong> (+19 for winning)\n|l|\u2606SharpedoHero\n","uploadtime":1682799982,"views":21,"p1id":"sharpedohero","p2id":"terrykloak","formatid":"gen9vgc2023regulationc","rating":1355,"private":0,"password":""}