{"id":"gen9vgc2023regulationc-1854094427","p1":"grumpyolddude","p2":"Alvroh","format":"[Gen 9] VGC 2023 Regulation C","log":"|j|\u2606grumpyolddude\n|j|\u2606Alvroh\n|t:|1682768220\n|gametype|doubles\n|player|p1|grumpyolddude|fisherman|1000\n|player|p2|Alvroh|266|1050\n|teamsize|p1|6\n|teamsize|p2|6\n|gen|9\n|tier|[Gen 9] VGC 2023 Regulation C\n|rated|\n|rule|Species Clause: Limit one of each Pok\u00e9mon\n|rule|Item Clause: Limit one of each item\n|clearpoke\n|poke|p1|Maushold-Four, L50|\n|poke|p1|Dunsparce, L50, M|\n|poke|p1|Palafin, L50, M|\n|poke|p1|Arcanine, L50, M|\n|poke|p1|Annihilape, L50, M|\n|poke|p1|Ting-Lu, L50|\n|poke|p2|Flutter Mane, L50|\n|poke|p2|Kingambit, L50, F|\n|poke|p2|Iron Bundle, L50|\n|poke|p2|Arcanine, L50, F|\n|poke|p2|Great Tusk, L50|\n|poke|p2|Corviknight, L50, F|\n|teampreview|4\n|\n|t:|1682768258\n|start\n|switch|p1a: Maushold|Maushold-Four, L50|100\/100\n|switch|p1b: Dunsparce|Dunsparce, L50, M|100\/100\n|switch|p2a: Corviknight|Corviknight, L50, F, shiny|100\/100\n|switch|p2b: Iron Bundle|Iron Bundle, L50|100\/100\n|-enditem|p2b: Iron Bundle|Booster Energy\n|-activate|p2b: Iron Bundle|ability: Quark Drive|[fromitem]\n|-start|p2b: Iron Bundle|quarkdrivespe\n|turn|1\n|\n|t:|1682768279\n|-terastallize|p2b: Iron Bundle|Ghost\n|move|p2b: Iron Bundle|Hydro Pump|p1b: Dunsparce\n|-damage|p1b: Dunsparce|54\/100\n|move|p1a: Maushold|After You|p1b: Dunsparce\n|-activate|p1b: Dunsparce|move: After You\n|move|p1b: Dunsparce|Glare|p2b: Iron Bundle\n|-status|p2b: Iron Bundle|par\n|move|p2a: Corviknight|Brave Bird|p1a: Maushold\n|-damage|p1a: Maushold|45\/100\n|-damage|p2a: Corviknight|83\/100|[from] Recoil\n|\n|upkeep\n|turn|2\n|\n|t:|1682768303\n|move|p2b: Iron Bundle|Protect|p2b: Iron Bundle\n|-singleturn|p2b: Iron Bundle|Protect\n|move|p1a: Maushold|After You|p1b: Dunsparce\n|-activate|p1b: Dunsparce|move: After You\n|move|p1b: Dunsparce|Rock Slide|p2b: Iron Bundle|[spread] p2a\n|-activate|p2b: Iron Bundle|move: Protect\n|-damage|p2a: Corviknight|71\/100\n|cant|p2a: Corviknight|flinch\n|\n|upkeep\n|turn|3\n|\n|t:|1682768325\n|move|p1a: Maushold|After You|p1b: Dunsparce\n|-activate|p1b: Dunsparce|move: After You\n|move|p1b: Dunsparce|Rock Slide|p2a: Corviknight|[spread] p2a,p2b\n|-damage|p2a: Corviknight|59\/100\n|-damage|p2b: Iron Bundle|81\/100 par\n|cant|p2b: Iron Bundle|flinch\n|cant|p2a: Corviknight|flinch\n|\n|upkeep\n|turn|4\n|\n|t:|1682768337\n|move|p1a: Maushold|After You|p1b: Dunsparce\n|-activate|p1b: Dunsparce|move: After You\n|move|p1b: Dunsparce|Glare|p2a: Corviknight\n|-status|p2a: Corviknight|par\n|move|p2b: Iron Bundle|Hydro Pump|p1b: Dunsparce|[miss]\n|-miss|p2b: Iron Bundle|p1b: Dunsparce\n|cant|p2a: Corviknight|par\n|\n|upkeep\n|turn|5\n|\n|t:|1682768353\n|move|p1a: Maushold|After You|p1b: Dunsparce\n|-activate|p1b: Dunsparce|move: After You\n|move|p1b: Dunsparce|Rock Slide|p2a: Corviknight|[spread] p2a,p2b\n|-damage|p2a: Corviknight|48\/100 par\n|-damage|p2b: Iron Bundle|62\/100 par\n|cant|p2b: Iron Bundle|flinch\n|move|p2a: Corviknight|Brave Bird|p1a: Maushold\n|-damage|p1a: Maushold|0 fnt\n|faint|p1a: Maushold\n|-damage|p2a: Corviknight|34\/100 par|[from] Recoil\n|\n|upkeep\n|inactive|Battle timer is ON: inactive players will automatically lose when time's up. (requested by Alvroh)\n|\n|t:|1682768365\n|switch|p1a: Arcanine|Arcanine, L50, M|100\/100\n|-ability|p1a: Arcanine|Intimidate|boost\n|-ability|p2a: Corviknight|Mirror Armor\n|-unboost|p1a: Arcanine|atk|1\n|-unboost|p2b: Iron Bundle|atk|1\n|turn|6\n|\n|t:|1682768383\n|move|p2b: Iron Bundle|Protect|p2b: Iron Bundle\n|-singleturn|p2b: Iron Bundle|Protect\n|move|p1a: Arcanine|Flare Blitz|p2a: Corviknight\n|-supereffective|p2a: Corviknight\n|-damage|p2a: Corviknight|0 fnt\n|faint|p2a: Corviknight\n|-damage|p1a: Arcanine|90\/100|[from] Recoil\n|move|p1b: Dunsparce|Hyper Drill|p2b: Iron Bundle\n|-immune|p2b: Iron Bundle\n|\n|upkeep\n|\n|t:|1682768385\n|switch|p2a: Flutter Mane|Flutter Mane, L50|100\/100\n|turn|7\n|\n|t:|1682768409\n|move|p2a: Flutter Mane|Moonblast|p1b: Dunsparce\n|-damage|p1b: Dunsparce|0 fnt\n|faint|p1b: Dunsparce\n|move|p2b: Iron Bundle|Hydro Pump|p1a: Arcanine\n|-supereffective|p1a: Arcanine\n|-damage|p1a: Arcanine|0 fnt\n|faint|p1a: Arcanine\n|\n|upkeep\n|\n|t:|1682768417\n|switch|p1a: Ting-Lu|Ting-Lu, L50|100\/100\n|-ability|p1a: Ting-Lu|Vessel of Ruin\n|turn|8\n|inactive|Alvroh has 30 seconds left.\n|\n|t:|1682768442\n|-terastallize|p1a: Ting-Lu|Fairy\n|move|p2a: Flutter Mane|Moonblast|p1a: Ting-Lu\n|-damage|p1a: Ting-Lu|75\/100\n|-unboost|p1a: Ting-Lu|spa|1\n|cant|p2b: Iron Bundle|par\n|move|p1a: Ting-Lu|Heavy Slam|p2a: Flutter Mane\n|-supereffective|p2a: Flutter Mane\n|-damage|p2a: Flutter Mane|0 fnt\n|faint|p2a: Flutter Mane\n|-end|p2a: Flutter Mane|Protosynthesis|[silent]\n|\n|upkeep\n|\n|t:|1682768450\n|switch|p2a: Kingambit|Kingambit, L50, F, shiny|100\/100\n|turn|9\n|\n|t:|1682768458\n|move|p2b: Iron Bundle|Hydro Pump|p1a: Ting-Lu\n|-damage|p1a: Ting-Lu|58\/100\n|move|p2a: Kingambit|Iron Head|p1a: Ting-Lu\n|-supereffective|p1a: Ting-Lu\n|-damage|p1a: Ting-Lu|7\/100\n|move|p1a: Ting-Lu|Fissure|p2a: Kingambit|[miss]\n|-miss|p1a: Ting-Lu|p2a: Kingambit\n|\n|upkeep\n|turn|10\n|\n|t:|1682768470\n|move|p2b: Iron Bundle|Freeze-Dry|p1a: Ting-Lu\n|-damage|p1a: Ting-Lu|0 fnt\n|faint|p1a: Ting-Lu\n|\n|win|Alvroh\n|raw|grumpyolddude's rating: 1000 → 1000<\/strong> (+0 for losing)\n|raw|Alvroh's rating: 1050 → 1078<\/strong> (+28 for winning)\n|l|\u2606Alvroh\n","uploadtime":1682768481,"views":19,"p1id":"grumpyolddude","p2id":"alvroh","formatid":"gen9vgc2023regulationc","rating":1000,"private":0,"password":""}