{"id":"gen9vgc2023regulationc-1844852804","p1":"Akso26","p2":"Jscoot12","format":"[Gen 9] VGC 2023 Regulation C","log":"|j|\u2606Akso26\n|j|\u2606Jscoot12\n|t:|1681656617\n|gametype|doubles\n|player|p1|Akso26|266|1105\n|player|p2|Jscoot12|102|1148\n|teamsize|p1|6\n|teamsize|p2|6\n|gen|9\n|tier|[Gen 9] VGC 2023 Regulation C\n|rated|\n|rule|Species Clause: Limit one of each Pok\u00e9mon\n|rule|Item Clause: Limit one of each item\n|clearpoke\n|poke|p1|Kilowattrel, L50, F|\n|poke|p1|Corviknight, L50, M|\n|poke|p1|Tinkaton, L50, F|\n|poke|p1|Dragapult, L50, F|\n|poke|p1|Electrode, L50|\n|poke|p1|Gastrodon, L50, F|\n|poke|p2|Baxcalibur, L50, M|\n|poke|p2|Orthworm, L50, M|\n|poke|p2|Flutter Mane, L50|\n|poke|p2|Corviknight, L50, F|\n|poke|p2|Dondozo, L50, F|\n|poke|p2|Torkoal, L50, M|\n|teampreview|4\n|\n|t:|1681656667\n|start\n|switch|p1a: Kilowattrel|Kilowattrel, L50, F|100\/100\n|switch|p1b: Electrode|Electrode, L50|100\/100\n|switch|p2a: Baxcalibur|Baxcalibur, L50, M|100\/100\n|switch|p2b: Orthworm|Orthworm, L50, M|100\/100\n|turn|1\n|\n|t:|1681656697\n|move|p2a: Baxcalibur|Protect|p2a: Baxcalibur\n|-singleturn|p2a: Baxcalibur|Protect\n|move|p1b: Electrode|Thunder Wave|p2b: Orthworm\n|-status|p2b: Orthworm|par\n|move|p1a: Kilowattrel|Feather Dance|p2a: Baxcalibur\n|-activate|p2a: Baxcalibur|move: Protect\n|move|p2b: Orthworm|Iron Defense|p2b: Orthworm\n|-boost|p2b: Orthworm|def|2\n|\n|upkeep\n|turn|2\n|\n|t:|1681656722\n|move|p1b: Electrode|Thunder Wave|p2a: Baxcalibur\n|-status|p2a: Baxcalibur|par\n|move|p1a: Kilowattrel|Feather Dance|p2a: Baxcalibur\n|-unboost|p2a: Baxcalibur|atk|2\n|move|p2a: Baxcalibur|Earthquake|p1b: Electrode|[spread] p1b\n|-immune|p2b: Orthworm|[from] ability: Earth Eater\n|-immune|p1a: Kilowattrel\n|-supereffective|p1b: Electrode\n|-damage|p1b: Electrode|36\/100\n|-damage|p2a: Baxcalibur|91\/100 par|[from] item: Life Orb\n|move|p2b: Orthworm|Iron Defense|p2b: Orthworm\n|-boost|p2b: Orthworm|def|2\n|\n|upkeep\n|turn|3\n|\n|t:|1681656757\n|cant|p2a: Baxcalibur|par\n|move|p1b: Electrode|Volt Switch|p2b: Orthworm\n|-damage|p2b: Orthworm|50\/100 par\n|-damage|p1b: Electrode|26\/100|[from] item: Life Orb\n|\n|t:|1681656775\n|switch|p1b: Corviknight|Corviknight, L50, M|100\/100|[from] Volt Switch\n|move|p1a: Kilowattrel|Air Slash|p2b: Orthworm\n|-resisted|p2b: Orthworm\n|-damage|p2b: Orthworm|23\/100 par\n|move|p2b: Orthworm|Body Press|p1b: Corviknight\n|-damage|p1b: Corviknight|22\/100\n|-enditem|p1b: Corviknight|Mago Berry|[eat]\n|-heal|p1b: Corviknight|55\/100|[from] item: Mago Berry\n|\n|upkeep\n|turn|4\n|\n|t:|1681656805\n|move|p1a: Kilowattrel|Volt Switch|p2b: Orthworm\n|-damage|p2b: Orthworm|0 fnt\n|faint|p2b: Orthworm\n|\n|t:|1681656838\n|switch|p1a: Gastrodon|Gastrodon, L50, F|100\/100|[from] Volt Switch\n|move|p1b: Corviknight|Bulk Up|p1b: Corviknight\n|-boost|p1b: Corviknight|atk|1\n|-boost|p1b: Corviknight|def|1\n|move|p2a: Baxcalibur|Glaive Rush|p1b: Corviknight\n|-resisted|p1b: Corviknight\n|-damage|p1b: Corviknight|42\/100\n|-singlemove|p2a: Baxcalibur|Glaive Rush|[silent]\n|-damage|p2a: Baxcalibur|81\/100 par|[from] item: Life Orb\n|\n|upkeep\n|\n|t:|1681656850\n|switch|p2b: Torkoal|Torkoal, L50, M|100\/100\n|-weather|SunnyDay|[from] ability: Drought|[of] p2b: Torkoal\n|turn|5\n|\n|t:|1681656879\n|-terastallize|p1b: Corviknight|Fairy\n|cant|p2a: Baxcalibur|par\n|move|p1b: Corviknight|Brave Bird|p2b: Torkoal\n|-damage|p2b: Torkoal|55\/100\n|-damage|p1b: Corviknight|29\/100|[from] Recoil\n|-enditem|p2b: Torkoal|Eject Button\n|\n|t:|1681656895\n|switch|p2b: Flutter Mane|Flutter Mane, L50|100\/100\n|-activate|p2b: Flutter Mane|ability: Protosynthesis\n|-start|p2b: Flutter Mane|protosynthesisspa\n|move|p1a: Gastrodon|Muddy Water|p2a: Baxcalibur|[spread] p2b\n|-miss|p1a: Gastrodon|p2a: Baxcalibur\n|-damage|p2b: Flutter Mane|86\/100\n|\n|-weather|SunnyDay|[upkeep]\n|upkeep\n|turn|6\n|\n|t:|1681656913\n|move|p2b: Flutter Mane|Protect|p2b: Flutter Mane\n|-singleturn|p2b: Flutter Mane|Protect\n|move|p1b: Corviknight|Iron Head|p2b: Flutter Mane\n|-activate|p2b: Flutter Mane|move: Protect\n|move|p1a: Gastrodon|Muddy Water|p2b: Flutter Mane|[spread] p2a\n|-activate|p2b: Flutter Mane|move: Protect\n|-resisted|p2a: Baxcalibur\n|-damage|p2a: Baxcalibur|74\/100 par\n|cant|p2a: Baxcalibur|par\n|\n|-weather|SunnyDay|[upkeep]\n|upkeep\n|turn|7\n|\n|t:|1681656933\n|-end|p2b: Flutter Mane|Protosynthesis|[silent]\n|switch|p2b: Torkoal|Torkoal, L50, M|55\/100\n|move|p1b: Corviknight|Iron Head|p2b: Torkoal\n|-resisted|p2b: Torkoal\n|-damage|p2b: Torkoal|38\/100\n|move|p1a: Gastrodon|Muddy Water|p2b: Torkoal|[spread] p2b\n|-miss|p1a: Gastrodon|p2a: Baxcalibur\n|-supereffective|p2b: Torkoal\n|-damage|p2b: Torkoal|7\/100\n|move|p2a: Baxcalibur|Earthquake|p1a: Gastrodon|[spread] p2b,p1a,p1b\n|-supereffective|p2b: Torkoal\n|-damage|p2b: Torkoal|0 fnt\n|-damage|p1a: Gastrodon|80\/100\n|-damage|p1b: Corviknight|16\/100\n|faint|p2b: Torkoal\n|-damage|p2a: Baxcalibur|64\/100 par|[from] item: Life Orb\n|\n|-weather|SunnyDay|[upkeep]\n|upkeep\n|\n|t:|1681656951\n|switch|p2b: Flutter Mane|Flutter Mane, L50|86\/100\n|-activate|p2b: Flutter Mane|ability: Protosynthesis\n|-start|p2b: Flutter Mane|protosynthesisspa\n|turn|8\n|\n|t:|1681656972\n|cant|p2a: Baxcalibur|par\n|move|p2b: Flutter Mane|Moonblast|p1a: Gastrodon\n|-damage|p1a: Gastrodon|34\/100\n|-unboost|p1a: Gastrodon|spa|1\n|move|p1b: Corviknight|Iron Head|p2a: Baxcalibur\n|-supereffective|p2a: Baxcalibur\n|-damage|p2a: Baxcalibur|0 fnt\n|faint|p2a: Baxcalibur\n|move|p1a: Gastrodon|Muddy Water|p2b: Flutter Mane\n|-damage|p2b: Flutter Mane|75\/100\n|\n|-weather|SunnyDay|[upkeep]\n|upkeep\n|turn|9\n|\n|t:|1681657008\n|move|p2b: Flutter Mane|Dazzling Gleam|p1b: Corviknight|[spread] p1a,p1b\n|-damage|p1a: Gastrodon|9\/100\n|-damage|p1b: Corviknight|0 fnt\n|faint|p1b: Corviknight\n|move|p1a: Gastrodon|Muddy Water|p2b: Flutter Mane\n|-damage|p2b: Flutter Mane|62\/100\n|\n|-weather|none\n|-end|p2b: Flutter Mane|Protosynthesis\n|upkeep\n|-enditem|p2b: Flutter Mane|Booster Energy\n|-activate|p2b: Flutter Mane|ability: Protosynthesis|[fromitem]\n|-start|p2b: Flutter Mane|protosynthesisspa\n|\n|t:|1681657019\n|switch|p1b: Kilowattrel|Kilowattrel, L50, F|100\/100\n|turn|10\n|\n|t:|1681657044\n|move|p2b: Flutter Mane|Protect|p2b: Flutter Mane\n|-singleturn|p2b: Flutter Mane|Protect\n|move|p1b: Kilowattrel|Air Slash|p2b: Flutter Mane\n|-activate|p2b: Flutter Mane|move: Protect\n|move|p1a: Gastrodon|Earth Power|p2b: Flutter Mane\n|-activate|p2b: Flutter Mane|move: Protect\n|\n|upkeep\n|turn|11\n|\n|t:|1681657056\n|move|p1b: Kilowattrel|Air Slash|p2b: Flutter Mane|[miss]\n|-miss|p1b: Kilowattrel|p2b: Flutter Mane\n|move|p2b: Flutter Mane|Dazzling Gleam|p1a: Gastrodon|[spread] p1a,p1b\n|-damage|p1a: Gastrodon|0 fnt\n|-damage|p1b: Kilowattrel|24\/100\n|faint|p1a: Gastrodon\n|\n|upkeep\n|\n|t:|1681657063\n|switch|p1a: Electrode|Electrode, L50|26\/100\n|turn|12\n|\n|t:|1681657078\n|move|p1a: Electrode|Eerie Impulse|p2b: Flutter Mane\n|-unboost|p2b: Flutter Mane|spa|2\n|move|p1b: Kilowattrel|Volt Switch|p2b: Flutter Mane\n|-damage|p2b: Flutter Mane|32\/100\n|move|p2b: Flutter Mane|Dazzling Gleam|p1b: Kilowattrel|[spread] p1a,p1b\n|-damage|p1a: Electrode|0 fnt\n|-damage|p1b: Kilowattrel|0 fnt\n|faint|p1a: Electrode\n|faint|p1b: Kilowattrel\n|\n|win|Jscoot12\n|raw|Akso26's rating: 1105 → 1083<\/strong> (-22 for losing)\n|raw|Jscoot12's rating: 1148 → 1170<\/strong> (+22 for winning)\n|l|\u2606Akso26\n","uploadtime":1681657091,"views":21,"p1id":"akso26","p2id":"jscoot12","formatid":"gen9vgc2023regulationc","rating":1083,"private":0,"password":""}