{"id":"gen9vgc2023regulationc-1847124115","p1":"Luca Chiro","p2":"Lexxylooloo","format":"[Gen 9] VGC 2023 Regulation C","log":"|j|\u2606Luca Chiro\n|j|\u2606Lexxylooloo\n|t:|1681921062\n|gametype|doubles\n|player|p1|Luca Chiro|ghetsis-gen5bw|1142\n|player|p2|Lexxylooloo|backersf|1053\n|teamsize|p1|6\n|teamsize|p2|6\n|gen|9\n|tier|[Gen 9] VGC 2023 Regulation C\n|rated|\n|rule|Species Clause: Limit one of each Pok\u00e9mon\n|rule|Item Clause: Limit one of each item\n|clearpoke\n|poke|p1|Palafin, L50, M|\n|poke|p1|Flutter Mane, L50|\n|poke|p1|Arcanine, L50, F|\n|poke|p1|Amoonguss, L50, F|\n|poke|p1|Ting-Lu, L50|\n|poke|p1|Roaring Moon, L50|\n|poke|p2|Grimmsnarl, L50, M|\n|poke|p2|Arcanine, L50, M|\n|poke|p2|Iron Hands, L50|\n|poke|p2|Gastrodon-East, L50, F|\n|poke|p2|Sylveon, L50, F|\n|poke|p2|Corviknight, L50, F|\n|teampreview|4\n|inactive|Battle timer is ON: inactive players will automatically lose when time's up. (requested by Luca Chiro)\n|\n|t:|1681921089\n|start\n|switch|p1a: Palafin|Palafin, L50, M, shiny|100\/100\n|switch|p1b: Arcanine|Arcanine, L50, F|100\/100\n|switch|p2a: Hasan|Arcanine, L50, M|100\/100\n|switch|p2b: Slimecicle|Gastrodon-East, L50, F|100\/100\n|-ability|p2a: Hasan|Intimidate|boost\n|-unboost|p1a: Palafin|atk|1\n|-unboost|p1b: Arcanine|atk|1\n|-ability|p1b: Arcanine|Intimidate|boost\n|-unboost|p2a: Hasan|atk|1\n|-unboost|p2b: Slimecicle|atk|1\n|turn|1\n|inactive|Luca Chiro has 30 seconds left.\n|\n|t:|1681921115\n|detailschange|p1a: Palafin|Palafin-Hero, L50, M, shiny\n|switch|p1a: Amoonguss|Amoonguss, L50, F|100\/100\n|move|p2a: Hasan|Extreme Speed|p1b: Arcanine\n|-damage|p1b: Arcanine|83\/100\n|move|p1b: Arcanine|Extreme Speed|p2a: Hasan\n|-damage|p2a: Hasan|80\/100\n|move|p2b: Slimecicle|Muddy Water|p1b: Arcanine|[spread] p1a,p1b\n|-resisted|p1a: Amoonguss\n|-supereffective|p1b: Arcanine\n|-damage|p1a: Amoonguss|90\/100\n|-damage|p1b: Arcanine|27\/100\n|\n|upkeep\n|turn|2\n|\n|t:|1681921132\n|move|p1b: Arcanine|Protect|p1b: Arcanine\n|-singleturn|p1b: Arcanine|Protect\n|move|p2b: Slimecicle|Protect|p2b: Slimecicle\n|-singleturn|p2b: Slimecicle|Protect\n|move|p2a: Hasan|Flare Blitz|p1a: Amoonguss\n|-supereffective|p1a: Amoonguss\n|-damage|p1a: Amoonguss|16\/100\n|-enditem|p1a: Amoonguss|Sitrus Berry|[eat]\n|-heal|p1a: Amoonguss|41\/100|[from] item: Sitrus Berry\n|-damage|p2a: Hasan|53\/100|[from] Recoil\n|move|p1a: Amoonguss|Spore|p2b: Slimecicle\n|-activate|p2b: Slimecicle|move: Protect\n|\n|upkeep\n|turn|3\n|\n|t:|1681921148\n|switch|p1a: Palafin|Palafin-Hero, L50, M, shiny|100\/100\n|-activate|p1a: Palafin|ability: Zero to Hero\n|move|p2a: Hasan|Flare Blitz|p1a: Palafin\n|-resisted|p1a: Palafin\n|-damage|p1a: Palafin|83\/100\n|-damage|p2a: Hasan|48\/100|[from] Recoil\n|move|p1b: Arcanine|Will-O-Wisp|p2a: Hasan|[miss]\n|-miss|p1b: Arcanine|p2a: Hasan\n|move|p2b: Slimecicle|Muddy Water|p1b: Arcanine|[spread] p1a,p1b\n|-resisted|p1a: Palafin\n|-supereffective|p1b: Arcanine\n|-damage|p1a: Palafin|68\/100\n|-damage|p1b: Arcanine|0 fnt\n|faint|p1b: Arcanine\n|\n|upkeep\n|\n|t:|1681921161\n|switch|p1b: Amoonguss|Amoonguss, L50, F|74\/100\n|turn|4\n|\n|t:|1681921172\n|move|p1b: Amoonguss|Protect|p1b: Amoonguss\n|-singleturn|p1b: Amoonguss|Protect\n|move|p1a: Palafin|Jet Punch|p2b: Slimecicle\n|-activate|p2b: Slimecicle|ability: Storm Drain\n|-ability|p2b: Slimecicle|Storm Drain|boost\n|-boost|p2b: Slimecicle|spa|1\n|move|p2a: Hasan|Flare Blitz|p1b: Amoonguss\n|-activate|p1b: Amoonguss|move: Protect\n|move|p2b: Slimecicle|Earth Power|p1a: Palafin\n|-damage|p1a: Palafin|3\/100\n|\n|upkeep\n|turn|5\n|-message|Luca Chiro forfeited.\n|\n|win|Lexxylooloo\n|raw|Luca Chiro's rating: 1142 → 1111<\/strong> (-31 for losing)\n|raw|Lexxylooloo's rating: 1053 → 1093<\/strong> (+40 for winning)\n|l|\u2606Luca Chiro\n|l|\u2606Lexxylooloo\n|j|\u2606Lexxylooloo\n|player|p2|Lexxylooloo|backersf\n","uploadtime":1681921317,"views":6,"p1id":"lucachiro","p2id":"lexxylooloo","formatid":"gen9vgc2023regulationc","rating":1093,"private":0,"password":""}