{"id":"gen9vgc2023regulationc-1851518693","p1":"wesleihas","p2":"bpinela","format":"[Gen 9] VGC 2023 Regulation C","log":"|j|\u2606wesleihas\n|j|\u2606bpinela\n|t:|1682451959\n|gametype|doubles\n|player|p1|wesleihas|102|\n|player|p2|bpinela|169|\n|teamsize|p1|6\n|teamsize|p2|6\n|gen|9\n|tier|[Gen 9] VGC 2023 Regulation C\n|rule|Species Clause: Limit one of each Pok\u00e9mon\n|rule|Item Clause: Limit one of each item\n|clearpoke\n|poke|p1|Murkrow, L50, M|\n|poke|p1|Flutter Mane, L50|\n|poke|p1|Amoonguss, L50, F|\n|poke|p1|Chi-Yu, L50|\n|poke|p1|Annihilape, L50, F|\n|poke|p1|Maushold-Four, L50|\n|poke|p2|Annihilape, L50, M|\n|poke|p2|Maushold-Four, L50|\n|poke|p2|Azumarill, L50, F|\n|poke|p2|Flutter Mane, L50|\n|poke|p2|Chien-Pao, L50|\n|poke|p2|Dragonite, L50, M|\n|teampreview|4\n|c|\u2606bpinela|g1\n|c|\u2606wesleihas|G1\nwesleihas has agreed to open team sheets.\nbpinela has agreed to open team sheets.\n|c|\u2606bpinela|bons jogos mano\n|\n|t:|1682452056\n|start\n|switch|p1a: Murkrow|Murkrow, L50, M, shiny|100\/100\n|switch|p1b: Flutter Mane|Flutter Mane, L50|100\/100\n|switch|p2a: Annihilape|Annihilape, L50, M|100\/100\n|switch|p2b: Maushold|Maushold-Four, L50|100\/100\n|turn|1\n|\n|t:|1682452081\n|-terastallize|p2a: Annihilape|Water\n|move|p1a: Murkrow|Sunny Day|p1a: Murkrow\n|-weather|SunnyDay\n|-activate|p1b: Flutter Mane|ability: Protosynthesis\n|-start|p1b: Flutter Mane|protosynthesisspa\n|move|p1b: Flutter Mane|Moonblast|p2b: Maushold\n|-damage|p2b: Maushold|0 fnt\n|faint|p2b: Maushold\n|move|p2a: Annihilape|Rage Fist|p1b: Flutter Mane\n|-supereffective|p1b: Flutter Mane\n|-damage|p1b: Flutter Mane|20\/100\n|\n|-weather|SunnyDay|[upkeep]\n|upkeep\n|\n|t:|1682452097\n|switch|p2b: Chien-Pao|Chien-Pao, L50|100\/100\n|-ability|p2b: Chien-Pao|Sword of Ruin\n|turn|2\n|\n|t:|1682452114\n|-end|p1b: Flutter Mane|Protosynthesis|[silent]\n|switch|p1b: Annihilape|Annihilape, L50, F, shiny|100\/100\n|move|p2b: Chien-Pao|Ice Spinner|p1a: Murkrow\n|-supereffective|p1a: Murkrow\n|-damage|p1a: Murkrow|0 fnt\n|faint|p1a: Murkrow\n|move|p2a: Annihilape|Rage Fist|p1b: Annihilape\n|-supereffective|p1b: Annihilape\n|-damage|p1b: Annihilape|42\/100\n|\n|-weather|SunnyDay|[upkeep]\n|-heal|p1b: Annihilape|48\/100|[from] item: Leftovers\n|upkeep\n|\n|t:|1682452128\n|switch|p1a: Chi-Yu|Chi-Yu, L50|100\/100\n|-ability|p1a: Chi-Yu|Beads of Ruin\n|turn|3\n|\n|t:|1682452170\n|switch|p2b: Azumarill|Azumarill, L50, F|100\/100\n|move|p1a: Chi-Yu|Heat Wave|p2a: Annihilape|[spread] p2a,p2b\n|-resisted|p2a: Annihilape\n|-resisted|p2b: Azumarill\n|-damage|p2a: Annihilape|70\/100\n|-damage|p2b: Azumarill|77\/100\n|move|p2a: Annihilape|Drain Punch|p1a: Chi-Yu\n|-supereffective|p1a: Chi-Yu\n|-crit|p1a: Chi-Yu\n|-enditem|p1a: Chi-Yu|Focus Sash\n|-damage|p1a: Chi-Yu|1\/100\n|-heal|p2a: Annihilape|99\/100|[from] drain|[of] p1a: Chi-Yu\n|move|p1b: Annihilape|Bulk Up|p1b: Annihilape\n|-boost|p1b: Annihilape|atk|1\n|-boost|p1b: Annihilape|def|1\n|\n|-weather|SunnyDay|[upkeep]\n|-heal|p2a: Annihilape|100\/100|[from] item: Leftovers\n|-heal|p1b: Annihilape|54\/100|[from] item: Leftovers\n|upkeep\n|turn|4\n|\n|t:|1682452220\n|-terastallize|p1b: Annihilape|Water\n|move|p1a: Chi-Yu|Heat Wave|p2b: Azumarill|[spread] p2a,p2b\n|-resisted|p2a: Annihilape\n|-resisted|p2b: Azumarill\n|-damage|p2a: Annihilape|70\/100\n|-damage|p2b: Azumarill|53\/100\n|-status|p2a: Annihilape|brn\n|move|p2a: Annihilape|Rage Fist|p1b: Annihilape\n|-crit|p1b: Annihilape\n|-damage|p1b: Annihilape|6\/100\n|move|p1b: Annihilape|Bulk Up|p1b: Annihilape\n|-boost|p1b: Annihilape|atk|1\n|-boost|p1b: Annihilape|def|1\n|move|p2b: Azumarill|Play Rough|p1b: Annihilape\n|-damage|p1b: Annihilape|0 fnt\n|faint|p1b: Annihilape\n|\n|-weather|SunnyDay|[upkeep]\n|-heal|p2a: Annihilape|76\/100 brn|[from] item: Leftovers\n|-damage|p2a: Annihilape|70\/100 brn|[from] brn\n|upkeep\n|\n|t:|1682452242\n|switch|p1b: Flutter Mane|Flutter Mane, L50|20\/100\n|-activate|p1b: Flutter Mane|ability: Protosynthesis\n|-start|p1b: Flutter Mane|protosynthesisspa\n|turn|5\n|\n|t:|1682452253\n|move|p2b: Azumarill|Aqua Jet|p1a: Chi-Yu\n|-supereffective|p1a: Chi-Yu\n|-damage|p1a: Chi-Yu|0 fnt\n|faint|p1a: Chi-Yu\n|move|p1b: Flutter Mane|Dazzling Gleam|p2b: Azumarill|[spread] p2a,p2b\n|-damage|p2a: Annihilape|20\/100 brn\n|-damage|p2b: Azumarill|8\/100\n|move|p2a: Annihilape|Rage Fist|p1b: Flutter Mane\n|-supereffective|p1b: Flutter Mane\n|-damage|p1b: Flutter Mane|0 fnt\n|faint|p1b: Flutter Mane\n|-end|p1b: Flutter Mane|Protosynthesis|[silent]\n|\n|win|bpinela\n|c|\u2606bpinela|gg\n|l|\u2606wesleihas\n","uploadtime":1682452864,"views":9,"p1id":"wesleihas","p2id":"bpinela","formatid":"gen9vgc2023regulationc","rating":0,"private":0,"password":""}