{"id":"gen9vgc2023regulationc-1856672529","p1":"Vitalis24","p2":"blind chef","format":"[Gen 9] VGC 2023 Regulation C","log":"|j|\u2606Vitalis24\n|j|\u2606blind chef\n|t:|1683091910\n|gametype|doubles\n|player|p1|Vitalis24|ethan|1277\n|player|p2|blind chef|gentleman-gen4|1280\n|teamsize|p1|6\n|teamsize|p2|6\n|gen|9\n|tier|[Gen 9] VGC 2023 Regulation C\n|rated|\n|rule|Species Clause: Limit one of each Pok\u00e9mon\n|rule|Item Clause: Limit one of each item\n|clearpoke\n|poke|p1|Indeedee-F, L50, F|\n|poke|p1|Flutter Mane, L50|\n|poke|p1|Murkrow, L50, M|\n|poke|p1|Great Tusk, L50|\n|poke|p1|Iron Bundle, L50|\n|poke|p1|Chi-Yu, L50|\n|poke|p2|Pelipper, L50, M|\n|poke|p2|Palafin, L50, M|\n|poke|p2|Amoonguss, L50, M|\n|poke|p2|Kingambit, L50, F|\n|poke|p2|Iron Hands, L50|\n|poke|p2|Dragonite, L50, M|\n|teampreview|4\n|inactive|Battle timer is ON: inactive players will automatically lose when time's up. (requested by blind chef)\nblind chef rejected open team sheets.\n|\n|t:|1683091976\n|start\n|switch|p1a: Iron Bundle|Iron Bundle, L50|100\/100\n|switch|p1b: Flutter Mane|Flutter Mane, L50|100\/100\n|switch|p2a: Palafin|Palafin, L50, M|100\/100\n|switch|p2b: Kingambit|Kingambit, L50, F|100\/100\n|-enditem|p1a: Iron Bundle|Booster Energy\n|-activate|p1a: Iron Bundle|ability: Quark Drive|[fromitem]\n|-start|p1a: Iron Bundle|quarkdrivespe\n|turn|1\n|inactive|Vitalis24 has 30 seconds left.\n|inactive|blind chef has 30 seconds left.\n|inactive|blind chef has 20 seconds left.\n|\n|t:|1683092012\n|move|p2a: Palafin|Protect|p2a: Palafin\n|-singleturn|p2a: Palafin|Protect\n|move|p1a: Iron Bundle|Hydro Pump|p2b: Kingambit|[miss]\n|-miss|p1a: Iron Bundle|p2b: Kingambit\n|move|p1b: Flutter Mane|Dazzling Gleam|p2b: Kingambit|[spread] p2b\n|-activate|p2a: Palafin|move: Protect\n|-damage|p2b: Kingambit|72\/100\n|move|p2b: Kingambit|Iron Head|p1b: Flutter Mane\n|-supereffective|p1b: Flutter Mane\n|-damage|p1b: Flutter Mane|0 fnt\n|faint|p1b: Flutter Mane\n|-end|p1b: Flutter Mane|Protosynthesis|[silent]\n|\n|upkeep\n|\n|t:|1683092032\n|switch|p1b: Chi-Yu|Chi-Yu, L50|100\/100\n|-ability|p1b: Chi-Yu|Beads of Ruin\n|turn|2\n|\n|t:|1683092045\n|detailschange|p2a: Palafin|Palafin-Hero, L50, M\n|switch|p2a: Dragonite|Dragonite, L50, M|100\/100\n|move|p2b: Kingambit|Sucker Punch|p1a: Iron Bundle\n|-damage|p1a: Iron Bundle|46\/100\n|move|p1a: Iron Bundle|Freeze-Dry|p2a: Dragonite\n|-supereffective|p2a: Dragonite\n|-damage|p2a: Dragonite|9\/100\n|move|p1b: Chi-Yu|Flamethrower|p2b: Kingambit\n|-supereffective|p2b: Kingambit\n|-damage|p2b: Kingambit|0 fnt\n|faint|p2b: Kingambit\n|\n|upkeep\n|\n|t:|1683092059\n|switch|p2b: Palafin|Palafin-Hero, L50, M|100\/100\n|-activate|p2b: Palafin|ability: Zero to Hero\n|turn|3\n|\n|t:|1683092087\n|switch|p1b: Indeedee|Indeedee-F, L50, F|100\/100\n|-fieldstart|move: Psychic Terrain|[from] ability: Psychic Surge|[of] p1b: Indeedee\n|-enditem|p1b: Indeedee|Psychic Seed\n|-boost|p1b: Indeedee|spd|1|[from] item: Psychic Seed\n|-terastallize|p2b: Palafin|Water\n|move|p2a: Dragonite|Extreme Speed|p1a: Iron Bundle\n|-activate|p1a: Iron Bundle|move: Psychic Terrain\n|move|p1a: Iron Bundle|Icy Wind|p2a: Dragonite|[spread] p2a\n|-miss|p1a: Iron Bundle|p2b: Palafin\n|-supereffective|p2a: Dragonite\n|-damage|p2a: Dragonite|0 fnt\n|faint|p2a: Dragonite\n|move|p2b: Palafin|Wave Crash|p1b: Indeedee\n|-damage|p1b: Indeedee|0 fnt\n|faint|p1b: Indeedee\n|-damage|p2b: Palafin|72\/100|[from] Recoil\n|\n|upkeep\n|\n|t:|1683092106\n|switch|p2a: sus amogus|Amoonguss, L50, M, shiny|100\/100\n|switch|p1b: Chi-Yu|Chi-Yu, L50|100\/100\n|-ability|p1b: Chi-Yu|Beads of Ruin\n|turn|4\n|inactive|blind chef has 30 seconds left.\n|\n|t:|1683092140\n|move|p2a: sus amogus|Rage Powder|p2a: sus amogus\n|-singleturn|p2a: sus amogus|move: Rage Powder\n|move|p1a: Iron Bundle|Freeze-Dry|p2a: sus amogus\n|-supereffective|p2a: sus amogus\n|-damage|p2a: sus amogus|15\/100\n|move|p1b: Chi-Yu|Flamethrower|p2a: sus amogus\n|-supereffective|p2a: sus amogus\n|-damage|p2a: sus amogus|0 fnt\n|faint|p2a: sus amogus\n|move|p2b: Palafin|Wave Crash|p1a: Iron Bundle\n|-resisted|p1a: Iron Bundle\n|-damage|p1a: Iron Bundle|0 fnt\n|faint|p1a: Iron Bundle\n|-end|p1a: Iron Bundle|Quark Drive|[silent]\n|-damage|p2b: Palafin|62\/100|[from] Recoil\n|\n|upkeep\n|turn|5\n|\n|t:|1683092161\n|-terastallize|p1b: Chi-Yu|Grass\n|move|p1b: Chi-Yu|Will-O-Wisp|p2b: Palafin\n|-status|p2b: Palafin|brn\n|move|p2b: Palafin|Wave Crash|p1b: Chi-Yu\n|-resisted|p1b: Chi-Yu\n|-damage|p1b: Chi-Yu|60\/100\n|-damage|p2b: Palafin|54\/100 brn|[from] Recoil\n|\n|-damage|p2b: Palafin|48\/100 brn|[from] brn\n|upkeep\n|turn|6\n|-message|blind chef forfeited.\n|\n|win|Vitalis24\n|raw|Vitalis24's rating: 1277 → 1302<\/strong> (+25 for winning)\n|raw|blind chef's rating: 1280 → 1255<\/strong> (-25 for losing)\n|l|\u2606blind chef\n","uploadtime":1683092175,"views":9,"p1id":"vitalis24","p2id":"blindchef","formatid":"gen9vgc2023regulationc","rating":1255,"private":0,"password":""}