{"id":"gen9vgc2023regulationc-1853108220","p1":"CovaStar","p2":"tindall64","format":"[Gen 9] VGC 2023 Regulation C","log":"|j|\u2606CovaStar\n|j|\u2606tindall64\n|t:|1682636129\n|gametype|doubles\n|player|p1|CovaStar|pokemonranger-gen4|1078\n|player|p2|tindall64|dawn-masters3|1183\n|teamsize|p1|6\n|teamsize|p2|6\n|gen|9\n|tier|[Gen 9] VGC 2023 Regulation C\n|rated|\n|rule|Species Clause: Limit one of each Pok\u00e9mon\n|rule|Item Clause: Limit one of each item\n|clearpoke\n|poke|p1|Pachirisu, L50, F|\n|poke|p1|Iron Bundle, L50|\n|poke|p1|Iron Hands, L50|\n|poke|p1|Scizor, L50, F|\n|poke|p1|Amoonguss, L50, F|\n|poke|p1|Tauros-Paldea-Blaze, L50, M|\n|poke|p2|Ting-Lu, L50|\n|poke|p2|Abomasnow, L50, F|\n|poke|p2|Flutter Mane, L50|\n|poke|p2|Iron Hands, L50|\n|poke|p2|Bronzong, L50|\n|poke|p2|Arcanine, L50, M|\n|teampreview|4\ntindall64 has agreed to open team sheets.\n|inactive|Battle timer is ON: inactive players will automatically lose when time's up. (requested by CovaStar)\n|inactive|tindall64 has 60 seconds left.\n|\n|t:|1682636190\n|start\n|switch|p1a: Scizor|Scizor, L50, F|100\/100\n|switch|p1b: Tauros|Tauros-Paldea-Blaze, L50, M|100\/100\n|switch|p2a: Ting-Lu|Ting-Lu, L50|100\/100\n|switch|p2b: Bronzong|Bronzong, L50|100\/100\n|-ability|p1b: Tauros|Intimidate|boost\n|-unboost|p2a: Ting-Lu|atk|1\n|-unboost|p2b: Bronzong|atk|1\n|-ability|p2a: Ting-Lu|Vessel of Ruin\n|turn|1\n|inactive|CovaStar has 30 seconds left.\n|\n|t:|1682636222\n|switch|p2a: Arcanine|Arcanine, L50, M|100\/100\n|-ability|p2a: Arcanine|Intimidate|boost\n|-unboost|p1a: Scizor|atk|1\n|-unboost|p1b: Tauros|atk|1\n|-terastallize|p1b: Tauros|Water\n|move|p1b: Tauros|Will-O-Wisp|p2a: Arcanine|[miss]\n|-miss|p1b: Tauros|p2a: Arcanine\n|move|p1a: Scizor|U-turn|p2a: Arcanine\n|-resisted|p2a: Arcanine\n|-damage|p2a: Arcanine|79\/100\n|-damage|p1a: Scizor|91\/100|[from] item: Life Orb\n|\n|t:|1682636236\n|switch|p1a: Iron Hands|Iron Hands, L50|100\/100|[from] U-turn\n|move|p2b: Bronzong|Safeguard|p2b: Bronzong\n|-sidestart|p2: tindall64|Safeguard\n|\n|upkeep\n|turn|2\n|inactive|tindall64 has 30 seconds left.\n|\n|t:|1682636264\n|move|p2a: Arcanine|Protect|p2a: Arcanine\n|-singleturn|p2a: Arcanine|Protect\n|move|p1a: Iron Hands|Fake Out|p2a: Arcanine\n|-activate|p2a: Arcanine|move: Protect\n|move|p1b: Tauros|Flare Blitz|p2b: Bronzong\n|-supereffective|p2b: Bronzong\n|-damage|p2b: Bronzong|32\/100\n|-damage|p1b: Tauros|76\/100|[from] Recoil\n|move|p2b: Bronzong|Gyro Ball|p1b: Tauros\n|-resisted|p1b: Tauros\n|-damage|p1b: Tauros|65\/100\n|\n|upkeep\n|turn|3\n|inactive|CovaStar has 30 seconds left.\n|\n|t:|1682636298\n|move|p2b: Bronzong|Protect|p2b: Bronzong\n|-singleturn|p2b: Bronzong|Protect\n|move|p1b: Tauros|Flare Blitz|p2b: Bronzong\n|-activate|p2b: Bronzong|move: Protect\n|move|p2a: Arcanine|Will-O-Wisp|p1a: Iron Hands\n|-status|p1a: Iron Hands|brn\n|move|p1a: Iron Hands|Wild Charge|p2a: Arcanine\n|-damage|p2a: Arcanine|55\/100\n|-damage|p1a: Iron Hands|96\/100 brn|[from] Recoil\n|\n|-damage|p1a: Iron Hands|90\/100 brn|[from] brn\n|upkeep\n|turn|4\n|\n|t:|1682636322\n|switch|p2a: Ting-Lu|Ting-Lu, L50|100\/100\n|-ability|p2a: Ting-Lu|Vessel of Ruin\n|move|p1b: Tauros|Protect|p1b: Tauros\n|-singleturn|p1b: Tauros|Protect\n|move|p1a: Iron Hands|Wild Charge|p2a: Ting-Lu\n|-immune|p2a: Ting-Lu\n|move|p2b: Bronzong|Trick Room|p2b: Bronzong\n|-fieldstart|move: Trick Room|[of] p2b: Bronzong\n|\n|-damage|p1a: Iron Hands|84\/100 brn|[from] brn\n|upkeep\n|turn|5\n|\n|t:|1682636344\n|-terastallize|p2a: Ting-Lu|Ground\n|move|p2b: Bronzong|Gyro Ball|p1b: Tauros\n|-resisted|p1b: Tauros\n|-damage|p1b: Tauros|54\/100\n|move|p2a: Ting-Lu|Earthquake|p1a: Iron Hands|[spread] p1a,p1b\n|-immune|p2b: Bronzong|[from] ability: Levitate\n|-supereffective|p1a: Iron Hands\n|-damage|p1a: Iron Hands|0 fnt\n|-damage|p1b: Tauros|0 fnt\n|faint|p1a: Iron Hands\n|-end|p1a: Iron Hands|Quark Drive|[silent]\n|faint|p1b: Tauros\n|\n|-sideend|p2: tindall64|Safeguard\n|upkeep\n|\n|t:|1682636356\n|switch|p1a: Amoonguss|Amoonguss, L50, F|100\/100\n|switch|p1b: Scizor|Scizor, L50, F|91\/100\n|turn|6\n|\n|t:|1682636376\n|switch|p2a: Arcanine|Arcanine, L50, M|55\/100\n|-ability|p2a: Arcanine|Intimidate|boost\n|-unboost|p1a: Amoonguss|atk|1\n|-unboost|p1b: Scizor|atk|1\n|move|p1b: Scizor|Bullet Punch|p2b: Bronzong\n|-resisted|p2b: Bronzong\n|-damage|p2b: Bronzong|21\/100\n|-damage|p1b: Scizor|81\/100|[from] item: Life Orb\n|move|p2b: Bronzong|Safeguard|p2b: Bronzong\n|-sidestart|p2: tindall64|Safeguard\n|move|p1a: Amoonguss|Pollen Puff|p2b: Bronzong\n|-damage|p2b: Bronzong|5\/100\n|\n|upkeep\n|turn|7\n|inactive|CovaStar has 30 seconds left.\n|\n|t:|1682636408\n|move|p1b: Scizor|Bullet Punch|p2b: Bronzong\n|-resisted|p2b: Bronzong\n|-damage|p2b: Bronzong|0 fnt\n|faint|p2b: Bronzong\n|-damage|p1b: Scizor|72\/100|[from] item: Life Orb\n|move|p1a: Amoonguss|Pollen Puff|p1b: Scizor\n|-heal|p1b: Scizor|100\/100\n|move|p2a: Arcanine|Will-O-Wisp|p1b: Scizor|[miss]\n|-miss|p2a: Arcanine|p1b: Scizor\n|\n|upkeep\n|\n|t:|1682636421\n|switch|p2b: Ting-Lu|Ting-Lu, L50, tera:Ground|100\/100\n|-ability|p2b: Ting-Lu|Vessel of Ruin\n|turn|8\n|\n|t:|1682636436\n|move|p1a: Amoonguss|Rage Powder|p1a: Amoonguss\n|-singleturn|p1a: Amoonguss|move: Rage Powder\n|move|p2b: Ting-Lu|Stomping Tantrum|p1a: Amoonguss\n|-damage|p1a: Amoonguss|38\/100\n|-damage|p2b: Ting-Lu|84\/100|[from] item: Rocky Helmet|[of] p1a: Amoonguss\n|move|p1b: Scizor|Aerial Ace|p2a: Arcanine\n|-damage|p2a: Arcanine|20\/100\n|-damage|p1b: Scizor|91\/100|[from] item: Life Orb\n|move|p2a: Arcanine|Flare Blitz|p1a: Amoonguss\n|-supereffective|p1a: Amoonguss\n|-damage|p1a: Amoonguss|0 fnt\n|-damage|p2a: Arcanine|4\/100|[from] item: Rocky Helmet|[of] p1a: Amoonguss\n|faint|p1a: Amoonguss\n|-damage|p2a: Arcanine|0 fnt|[from] Recoil\n|faint|p2a: Arcanine\n|\n|-fieldend|move: Trick Room\n|upkeep\n|\n|t:|1682636447\n|switch|p2a: Iron Hands|Iron Hands, L50|100\/100\n|turn|9\n|\n|t:|1682636457\n|move|p2a: Iron Hands|Fake Out|p1b: Scizor\n|-resisted|p1b: Scizor\n|-damage|p1b: Scizor|83\/100\n|cant|p1b: Scizor|flinch\n|move|p2b: Ting-Lu|Stomping Tantrum|p1b: Scizor\n|-damage|p1b: Scizor|7\/100\n|\n|upkeep\n|turn|10\n|\n|t:|1682636468\n|move|p1b: Scizor|Aerial Ace|p2a: Iron Hands\n|-damage|p2a: Iron Hands|79\/100\n|-damage|p1b: Scizor|0 fnt|[from] item: Life Orb\n|faint|p1b: Scizor\n|\n|win|tindall64\n|raw|CovaStar's rating: 1078 → 1063<\/strong> (-15 for losing)\n|raw|tindall64's rating: 1183 → 1201<\/strong> (+18 for winning)\n|l|\u2606CovaStar\n","uploadtime":1682636474,"views":5,"p1id":"covastar","p2id":"tindall64","formatid":"gen9vgc2023regulationc","rating":1063,"private":0,"password":""}