{"id":"gen9vgc2023regulationc-1862979742","p1":"CDT5","p2":"L0LZ4N0m4","format":"[Gen 9] VGC 2023 Regulation C","log":"|j|\u2606CDT5\n|j|\u2606L0LZ4N0m4\n|t:|1683947014\n|gametype|doubles\n|player|p1|CDT5|iris-gen5bw2|1291\n|player|p2|L0LZ4N0m4|aromalady|1316\n|teamsize|p1|6\n|teamsize|p2|6\n|gen|9\n|tier|[Gen 9] VGC 2023 Regulation C\n|rated|\n|rule|Species Clause: Limit one of each Pok\u00e9mon\n|rule|Item Clause: Limit one of each item\n|clearpoke\n|poke|p1|Kingambit, L50, M|\n|poke|p1|Dragonite, L50, F|\n|poke|p1|Arcanine, L50, M|\n|poke|p1|Azumarill, L50, M|\n|poke|p1|Hatterene, L50, F|\n|poke|p1|Chi-Yu, L50|\n|poke|p2|Tyranitar, L50, F|\n|poke|p2|Palafin, L50, F|\n|poke|p2|Kingambit, L50, F|\n|poke|p2|Flutter Mane, L50|\n|poke|p2|Arcanine, L50, M|\n|poke|p2|Amoonguss, L50, M|\n|teampreview|4\n|inactive|Battle timer is ON: inactive players will automatically lose when time's up. (requested by L0LZ4N0m4)\n|inactive|CDT5 also wants the timer to be on.\nCDT5 has agreed to open team sheets.\n|c|\u2606CDT5|glhf\n|\n|t:|1683947042\n|start\n|switch|p1a: Azumarill|Azumarill, L50, M|100\/100\n|switch|p1b: Kingambit|Kingambit, L50, M|100\/100\n|switch|p2a: Palafin|Palafin, L50, F|100\/100\n|switch|p2b: Kingambit|Kingambit, L50, F|100\/100\n|turn|1\n|\n|t:|1683947061\n|switch|p1b: Dragonite|Dragonite, L50, F|100\/100\n|move|p2a: Palafin|Protect|p2a: Palafin\n|-singleturn|p2a: Palafin|Protect\n|move|p2b: Kingambit|Protect|p2b: Kingambit\n|-singleturn|p2b: Kingambit|Protect\n|move|p1a: Azumarill|Liquidation|p2b: Kingambit\n|-activate|p2b: Kingambit|move: Protect\n|\n|upkeep\n|turn|2\n|\n|t:|1683947076\n|detailschange|p2a: Palafin|Palafin-Hero, L50, F\n|switch|p2a: Tyranitar|Tyranitar, L50, F|100\/100\n|-weather|Sandstorm|[from] ability: Sand Stream|[of] p2a: Tyranitar\n|move|p2b: Kingambit|Sucker Punch|p1a: Azumarill\n|-resisted|p1a: Azumarill\n|-damage|p1a: Azumarill|79\/100\n|move|p1b: Dragonite|Dragon Dance|p1b: Dragonite\n|-boost|p1b: Dragonite|atk|1\n|-boost|p1b: Dragonite|spe|1\n|move|p1a: Azumarill|Liquidation|p2b: Kingambit\n|-damage|p2b: Kingambit|49\/100\n|-damage|p1a: Azumarill|69\/100|[from] item: Life Orb\n|\n|-weather|Sandstorm|[upkeep]\n|-damage|p1b: Dragonite|94\/100|[from] Sandstorm\n|-damage|p1a: Azumarill|63\/100|[from] Sandstorm\n|upkeep\n|turn|3\n|inactive|CDT5 has 30 seconds left.\n|inactive|CDT5 has 20 seconds left.\n|\n|t:|1683947112\n|switch|p1b: Kingambit|Kingambit, L50, M|100\/100\n|-terastallize|p2a: Tyranitar|Grass\n|move|p2b: Kingambit|Protect|p2b: Kingambit\n|-singleturn|p2b: Kingambit|Protect\n|move|p2a: Tyranitar|Rock Slide|p1b: Kingambit|[spread] p1a,p1b\n|-resisted|p1b: Kingambit\n|-damage|p1a: Azumarill|34\/100\n|-damage|p1b: Kingambit|90\/100\n|move|p1a: Azumarill|Liquidation|p2b: Kingambit\n|-activate|p2b: Kingambit|move: Protect\n|\n|-weather|Sandstorm|[upkeep]\n|-damage|p2a: Tyranitar|95\/100|[from] Sandstorm\n|-damage|p1a: Azumarill|29\/100|[from] Sandstorm\n|upkeep\n|turn|4\n|inactive|CDT5 has 30 seconds left.\n|\n|t:|1683947139\n|move|p1b: Kingambit|Sucker Punch|p2a: Tyranitar\n|-damage|p2a: Tyranitar|65\/100\n|move|p2a: Tyranitar|Tera Blast|p1a: Azumarill\n|-supereffective|p1a: Azumarill\n|-damage|p1a: Azumarill|0 fnt\n|faint|p1a: Azumarill\n|move|p2b: Kingambit|Swords Dance|p2b: Kingambit\n|-boost|p2b: Kingambit|atk|2\n|\n|-weather|Sandstorm|[upkeep]\n|-damage|p2a: Tyranitar|59\/100|[from] Sandstorm\n|upkeep\n|\n|t:|1683947147\n|switch|p1a: Dragonite|Dragonite, L50, F|94\/100\n|turn|5\n|\n|t:|1683947160\n|-terastallize|p1a: Dragonite|Flying\n|move|p2b: Kingambit|Sucker Punch|p1a: Dragonite\n|-damage|p1a: Dragonite|9\/100\n|move|p1a: Dragonite|Tera Blast|p2a: Tyranitar\n|-supereffective|p2a: Tyranitar\n|-damage|p2a: Tyranitar|0 fnt\n|faint|p2a: Tyranitar\n|move|p1b: Kingambit|Low Kick|p2b: Kingambit\n|-supereffective|p2b: Kingambit\n|-damage|p2b: Kingambit|0 fnt\n|faint|p2b: Kingambit\n|\n|-weather|Sandstorm|[upkeep]\n|-damage|p1a: Dragonite|3\/100|[from] Sandstorm\n|upkeep\n|\n|t:|1683947166\n|switch|p2a: Palafin|Palafin-Hero, L50, F|100\/100\n|switch|p2b: Flutter Mane|Flutter Mane, L50|100\/100\n|-activate|p2a: Palafin|ability: Zero to Hero\n|turn|6\n|\n|t:|1683947187\n|move|p1a: Dragonite|Extreme Speed|p2a: Palafin\n|-damage|p2a: Palafin|74\/100\n|move|p1b: Kingambit|Sucker Punch|p2b: Flutter Mane\n|-damage|p2b: Flutter Mane|24\/100\n|move|p2b: Flutter Mane|Dazzling Gleam|p1b: Kingambit|[spread] p1a,p1b\n|-damage|p1a: Dragonite|0 fnt\n|-damage|p1b: Kingambit|55\/100\n|faint|p1a: Dragonite\n|move|p2a: Palafin|Wave Crash|p1b: Kingambit\n|-damage|p1b: Kingambit|0 fnt\n|faint|p1b: Kingambit\n|-damage|p2a: Palafin|56\/100|[from] Recoil\n|\n|-weather|none\n|upkeep\n|\n|t:|1683947197\n|switch|p1b: Arcanine|Arcanine, L50, M|100\/100\n|-ability|p1b: Arcanine|Intimidate|boost\n|-unboost|p2a: Palafin|atk|1\n|-unboost|p2b: Flutter Mane|atk|1\n|turn|7\n|\n|t:|1683947211\n|move|p1b: Arcanine|Extreme Speed|p2a: Palafin\n|-damage|p2a: Palafin|36\/100\n|move|p2b: Flutter Mane|Dazzling Gleam|p1b: Arcanine\n|-resisted|p1b: Arcanine\n|-damage|p1b: Arcanine|62\/100\n|move|p2a: Palafin|Haze|p2a: Palafin\n|-clearallboost\n|\n|upkeep\n|turn|8\n|-message|CDT5 forfeited.\n|\n|win|L0LZ4N0m4\n|raw|CDT5's rating: 1291 → 1268<\/strong> (-23 for losing)\n|raw|L0LZ4N0m4's rating: 1316 → 1335<\/strong> (+19 for winning)\n|l|\u2606CDT5\n","uploadtime":1683947239,"views":11,"p1id":"cdt5","p2id":"l0lz4n0m4","formatid":"gen9vgc2023regulationc","rating":1268,"private":0,"password":""}