{"id":"gen9vgc2023regulationc-1848778546","p1":"dunsparcedingo","p2":"Leo5316","format":"[Gen 9] VGC 2023 Regulation C","log":"|j|\u2606dunsparcedingo\n|j|\u2606Leo5316\n|t:|1682109469\n|gametype|doubles\n|player|p1|dunsparcedingo|zinnia|1133\n|player|p2|Leo5316|alder|1183\n|teamsize|p1|6\n|teamsize|p2|6\n|gen|9\n|tier|[Gen 9] VGC 2023 Regulation C\n|rated|\n|rule|Species Clause: Limit one of each Pok\u00e9mon\n|rule|Item Clause: Limit one of each item\n|clearpoke\n|poke|p1|Torkoal, L50, M|\n|poke|p1|Jumpluff, L50, F|\n|poke|p1|Chi-Yu, L50|\n|poke|p1|Sandy Shocks, L50|\n|poke|p1|Iron Bundle, L50|\n|poke|p1|Slither Wing, L50|\n|poke|p2|Palafin, L50, M|\n|poke|p2|Arcanine, L50, F|\n|poke|p2|Flutter Mane, L50|\n|poke|p2|Amoonguss, L50, M|\n|poke|p2|Roaring Moon, L50|\n|poke|p2|Ting-Lu, L50|\n|teampreview|4\ndunsparcedingo has agreed to open team sheets.\n|\n|t:|1682109503\n|start\n|switch|p1a: Jumpluff|Jumpluff, L50, F|100\/100\n|switch|p1b: Iron Bundle|Iron Bundle, L50|100\/100\n|switch|p2a: Ting-Lu|Ting-Lu, L50|100\/100\n|switch|p2b: Palafin|Palafin, L50, M, shiny|100\/100\n|-ability|p2a: Ting-Lu|Vessel of Ruin\n|turn|1\n|\n|t:|1682109524\n|detailschange|p2b: Palafin|Palafin-Hero, L50, M, shiny\n|switch|p2b: Flutter Mane|Flutter Mane, L50, shiny|100\/100\n|move|p1a: Jumpluff|Sleep Powder|p2a: Ting-Lu|[miss]\n|-miss|p1a: Jumpluff|p2a: Ting-Lu\n|move|p1b: Iron Bundle|Freeze-Dry|p2b: Flutter Mane\n|-damage|p2b: Flutter Mane|65\/100\n|move|p2a: Ting-Lu|Snarl|p1b: Iron Bundle|[spread] p1a,p1b\n|-damage|p1a: Jumpluff|92\/100\n|-damage|p1b: Iron Bundle|88\/100\n|-unboost|p1a: Jumpluff|spa|1\n|-unboost|p1b: Iron Bundle|spa|1\n|\n|upkeep\n|turn|2\n|\n|t:|1682109564\n|-end|p1b: Iron Bundle|Quark Drive|[silent]\n|switch|p1b: Torkoal|Torkoal, L50, M|100\/100\n|-weather|SunnyDay|[from] ability: Drought|[of] p1b: Torkoal\n|-activate|p2b: Flutter Mane|ability: Protosynthesis\n|-start|p2b: Flutter Mane|protosynthesisspa\n|move|p1a: Jumpluff|Sleep Powder|p2b: Flutter Mane\n|-status|p2b: Flutter Mane|slp|[from] move: Sleep Powder\n|cant|p2b: Flutter Mane|slp\n|move|p2a: Ting-Lu|Snarl|p1a: Jumpluff|[spread] p1a,p1b\n|-damage|p1a: Jumpluff|84\/100\n|-damage|p1b: Torkoal|92\/100\n|-unboost|p1a: Jumpluff|spa|1\n|-unboost|p1b: Torkoal|spa|1\n|\n|-weather|SunnyDay|[upkeep]\n|-heal|p1b: Torkoal|98\/100|[from] item: Leftovers\n|upkeep\n|turn|3\n|\n|t:|1682109614\n|switch|p1a: Slither Wing|Slither Wing, L50|100\/100\n|-activate|p1a: Slither Wing|ability: Protosynthesis\n|-start|p1a: Slither Wing|protosynthesisatk\n|switch|p1b: Iron Bundle|Iron Bundle, L50|88\/100\n|-curestatus|p2b: Flutter Mane|slp|[msg]\n|move|p2b: Flutter Mane|Moonblast|p1a: Slither Wing\n|-supereffective|p1a: Slither Wing\n|-damage|p1a: Slither Wing|0 fnt\n|faint|p1a: Slither Wing\n|-end|p1a: Slither Wing|Protosynthesis|[silent]\n|move|p2a: Ting-Lu|Snarl|p1b: Iron Bundle\n|-damage|p1b: Iron Bundle|69\/100\n|-unboost|p1b: Iron Bundle|spa|1\n|\n|-weather|SunnyDay|[upkeep]\n|upkeep\n|\n|t:|1682109629\n|switch|p1a: Jumpluff|Jumpluff, L50, F|84\/100\n|turn|4\n|\n|t:|1682109639\n|-terastallize|p1b: Iron Bundle|Ice\n|move|p1a: Jumpluff|Tailwind|p1a: Jumpluff\n|-sidestart|p1: dunsparcedingo|move: Tailwind\n|move|p1b: Iron Bundle|Freeze-Dry|p2b: Flutter Mane\n|-damage|p2b: Flutter Mane|34\/100\n|move|p2b: Flutter Mane|Moonblast|p1a: Jumpluff\n|-damage|p1a: Jumpluff|10\/100\n|move|p2a: Ting-Lu|Snarl|p1b: Iron Bundle|[spread] p1a,p1b\n|-damage|p1a: Jumpluff|1\/100\n|-damage|p1b: Iron Bundle|56\/100\n|-unboost|p1a: Jumpluff|spa|1\n|-unboost|p1b: Iron Bundle|spa|1\n|\n|-weather|SunnyDay|[upkeep]\n|upkeep\n|turn|5\n|\n|t:|1682109662\n|-end|p1b: Iron Bundle|Quark Drive|[silent]\n|switch|p1b: Torkoal|Torkoal, L50, M|98\/100\n|move|p1a: Jumpluff|Sleep Powder|p2b: Flutter Mane\n|-status|p2b: Flutter Mane|slp|[from] move: Sleep Powder\n|cant|p2b: Flutter Mane|slp\n|move|p2a: Ting-Lu|Snarl|p1a: Jumpluff|[spread] p1a,p1b\n|-crit|p1a: Jumpluff\n|-damage|p1a: Jumpluff|0 fnt\n|-damage|p1b: Torkoal|88\/100\n|-unboost|p1b: Torkoal|spa|1\n|faint|p1a: Jumpluff\n|\n|-weather|SunnyDay|[upkeep]\n|-heal|p1b: Torkoal|94\/100|[from] item: Leftovers\n|upkeep\n|\n|t:|1682109675\n|switch|p1a: Iron Bundle|Iron Bundle, L50, tera:Ice|56\/100\n|turn|6\n|\n|t:|1682109689\n|move|p1a: Iron Bundle|Freeze-Dry|p2b: Flutter Mane\n|-damage|p2b: Flutter Mane|0 fnt\n|faint|p2b: Flutter Mane\n|-end|p2b: Flutter Mane|Protosynthesis|[silent]\n|move|p1b: Torkoal|Will-O-Wisp|p2a: Ting-Lu\n|-status|p2a: Ting-Lu|brn\n|move|p2a: Ting-Lu|Snarl|p1a: Iron Bundle|[spread] p1a,p1b\n|-damage|p1a: Iron Bundle|43\/100\n|-damage|p1b: Torkoal|84\/100\n|-unboost|p1a: Iron Bundle|spa|1\n|-unboost|p1b: Torkoal|spa|1\n|\n|-weather|none\n|-heal|p1b: Torkoal|90\/100|[from] item: Leftovers\n|-damage|p2a: Ting-Lu|94\/100 brn|[from] brn\n|upkeep\n|\n|t:|1682109712\n|switch|p2b: Palafin|Palafin-Hero, L50, M, shiny|100\/100\n|-activate|p2b: Palafin|ability: Zero to Hero\n|turn|7\n|\n|t:|1682109720\n|move|p1a: Iron Bundle|Protect|p1a: Iron Bundle\n|-singleturn|p1a: Iron Bundle|Protect\n|move|p2b: Palafin|Protect|p2b: Palafin\n|-singleturn|p2b: Palafin|Protect\n|move|p1b: Torkoal|Will-O-Wisp|p2b: Palafin\n|-activate|p2b: Palafin|move: Protect\n|move|p2a: Ting-Lu|Snarl|p1b: Torkoal|[spread] p1b\n|-activate|p1a: Iron Bundle|move: Protect\n|-damage|p1b: Torkoal|81\/100\n|-unboost|p1b: Torkoal|spa|1\n|\n|-heal|p1b: Torkoal|87\/100|[from] item: Leftovers\n|-damage|p2a: Ting-Lu|88\/100 brn|[from] brn\n|-sideend|p1: dunsparcedingo|move: Tailwind\n|upkeep\n|turn|8\n|\n|t:|1682109747\n|move|p1a: Iron Bundle|Protect||[still]\n|-fail|p1a: Iron Bundle\n|move|p2b: Palafin|Jet Punch|p1a: Iron Bundle\n|-damage|p1a: Iron Bundle|0 fnt\n|faint|p1a: Iron Bundle\n|-end|p1a: Iron Bundle|Quark Drive|[silent]\n|move|p2a: Ting-Lu|Snarl|p1b: Torkoal\n|-damage|p1b: Torkoal|75\/100\n|-unboost|p1b: Torkoal|spa|1\n|move|p1b: Torkoal|Will-O-Wisp|p2b: Palafin\n|-status|p2b: Palafin|brn\n|\n|-heal|p1b: Torkoal|81\/100|[from] item: Leftovers\n|-damage|p2b: Palafin|95\/100 brn|[from] brn\n|-damage|p2a: Ting-Lu|82\/100 brn|[from] brn\n|upkeep\n|turn|9\n|-message|dunsparcedingo forfeited.\n|\n|win|Leo5316\n|raw|dunsparcedingo's rating: 1133 → 1112<\/strong> (-21 for losing)\n|raw|Leo5316's rating: 1183 → 1204<\/strong> (+21 for winning)\n","uploadtime":1682109768,"views":9,"p1id":"dunsparcedingo","p2id":"leo5316","formatid":"gen9vgc2023regulationc","rating":1112,"private":0,"password":""}