{"id":"gen9vgc2023regulationc-1850775173","p1":"xJPNH","p2":"Spageddy69","format":"[Gen 9] VGC 2023 Regulation C","log":"|j|\u2606xJPNH\n|j|\u2606Spageddy69\n|t:|1682366684\n|gametype|doubles\n|player|p1|xJPNH|flannery|\n|player|p2|Spageddy69|1|\n|teamsize|p1|6\n|teamsize|p2|6\n|gen|9\n|tier|[Gen 9] VGC 2023 Regulation C\n|rule|Species Clause: Limit one of each Pok\u00e9mon\n|rule|Item Clause: Limit one of each item\n|clearpoke\n|poke|p1|Axew, L5, M|\n|poke|p1|Slowpoke, L5, M|\n|poke|p1|Cetoddle, L5, M|\n|poke|p1|Lechonk, L5, M|\n|poke|p1|Bergmite, L5, M|\n|poke|p1|Shellder, L5, F|\n|poke|p2|Dunsparce, L5, M|\n|poke|p2|Greavard, L5, M|\n|poke|p2|Sandygast, L5, M|\n|poke|p2|Quaxly, L5, M|\n|poke|p2|Rellor, L5, M|\n|poke|p2|Tynamo, L5, M|\n|teampreview|4\n|j| H0p5t3r\n|j| Cerpin T\n|c| Cerpin T|e\n|j| ZenN16\n|j| haydyg\n|inactive|Battle timer is ON: inactive players will automatically lose when time's up. (requested by xJPNH)\n|c| haydyg|ggluck\n|\n|t:|1682366754\n|start\n|switch|p1a: Bergmite|Bergmite, L5, M|100\/100\n|switch|p1b: Tampax|Shellder, L5, F|100\/100\n|switch|p2a: I did not do 9\/11|Quaxly, L5, M|100\/100\n|switch|p2b: Candle Doge|Greavard, L5, M|100\/100\n|turn|1\n|j| House of toga\n|inactive|Spageddy69 has 30 seconds left.\n|inactive|Spageddy69 has 20 seconds left.\n|inactive|Spageddy69 has 15 seconds left.\n|inactive|Spageddy69 has 10 seconds left.\n|\n|t:|1682366801\n|move|p2a: I did not do 9\/11|Protect|p2a: I did not do 9\/11\n|-singleturn|p2a: I did not do 9\/11|Protect\n|move|p1b: Tampax|Shell Smash|p1b: Tampax\n|-unboost|p1b: Tampax|def|1\n|-unboost|p1b: Tampax|spd|1\n|-boost|p1b: Tampax|atk|2\n|-boost|p1b: Tampax|spa|2\n|-boost|p1b: Tampax|spe|2\n|move|p1a: Bergmite|Snowscape|p1a: Bergmite\n|-weather|Snow\n|move|p2b: Candle Doge|Phantom Force||[still]\n|-prepare|p2b: Candle Doge|Phantom Force\n|\n|-weather|Snow|[upkeep]\n|upkeep\n|turn|2\n|\n|t:|1682366820\n|move|p1b: Tampax|Rock Blast|p2a: I did not do 9\/11\n|-damage|p2a: I did not do 9\/11|69\/100\n|-damage|p2a: I did not do 9\/11|37\/100\n|-damage|p2a: I did not do 9\/11|5\/100\n|-damage|p2a: I did not do 9\/11|0 fnt\n|faint|p2a: I did not do 9\/11\n|-hitcount|p2: I did not do 9\/11|4\n|move|p1a: Bergmite|Aurora Veil|p1a: Bergmite\n|-sidestart|p1: xJPNH|move: Aurora Veil\n|move|p2b: Candle Doge|Phantom Force|p1b: Tampax|[from]lockedmove\n|-damage|p1b: Tampax|64\/100\n|\n|-weather|Snow|[upkeep]\n|upkeep\n|\n|t:|1682366833\n|switch|p2a: DuDunn|Dunsparce, L5, M, shiny|100\/100\n|turn|3\n|inactive|Spageddy69 has 30 seconds left.\n|\n|t:|1682366860\n|move|p1b: Tampax|Rock Blast|p2a: DuDunn\n|-damage|p2a: DuDunn|83\/100\n|-damage|p2a: DuDunn|66\/100\n|-damage|p2a: DuDunn|49\/100\n|-damage|p2a: DuDunn|32\/100\n|-damage|p2a: DuDunn|11\/100\n|-hitcount|p2a: DuDunn|5\n|move|p2a: DuDunn|Coil|p2a: DuDunn\n|-boost|p2a: DuDunn|atk|1\n|-boost|p2a: DuDunn|def|1\n|-boost|p2a: DuDunn|accuracy|1\n|move|p2b: Candle Doge|Charm|p1b: Tampax\n|-unboost|p1b: Tampax|atk|2\n|move|p1a: Bergmite|Avalanche|p2a: DuDunn\n|-damage|p2a: DuDunn|0 fnt\n|faint|p2a: DuDunn\n|\n|-weather|Snow|[upkeep]\n|upkeep\n|\n|t:|1682366878\n|switch|p2a: Organic glory hole|Sandygast, L5, M, shiny|100\/100\n|turn|4\n|\n|t:|1682366889\n|move|p1b: Tampax|Rock Blast|p2b: Candle Doge\n|-damage|p2b: Candle Doge|87\/100\n|-damage|p2b: Candle Doge|74\/100\n|-damage|p2b: Candle Doge|61\/100\n|-damage|p2b: Candle Doge|48\/100\n|-damage|p2b: Candle Doge|35\/100\n|-hitcount|p2b: Candle Doge|5\n|move|p2b: Candle Doge|Double-Edge|p1b: Tampax\n|-damage|p1b: Tampax|32\/100\n|-damage|p2b: Candle Doge|27\/100|[from] Recoil\n|move|p2a: Organic glory hole|Energy Ball|p1b: Tampax\n|-supereffective|p1b: Tampax\n|-damage|p1b: Tampax|0 fnt\n|faint|p1b: Tampax\n|move|p1a: Bergmite|Avalanche|p2b: Candle Doge\n|-damage|p2b: Candle Doge|14\/100\n|-enditem|p2b: Candle Doge|Mago Berry|[eat]\n|-heal|p2b: Candle Doge|44\/100|[from] item: Mago Berry\n|\n|-weather|Snow|[upkeep]\n|upkeep\n|\n|t:|1682366908\n|switch|p1b: Cetoddle|Cetoddle, L5, M|100\/100\n|turn|5\n|inactive|Spageddy69 has 30 seconds left.\n|inactive|Spageddy69 has 20 seconds left.\n|inactive|Spageddy69 has 15 seconds left.\n|\n|t:|1682366950\n|move|p1b: Cetoddle|Belly Drum|p1b: Cetoddle\n|-damage|p1b: Cetoddle|50\/100\n|-setboost|p1b: Cetoddle|atk|6|[from] move: Belly Drum\n|-enditem|p1b: Cetoddle|Sitrus Berry|[eat]\n|-heal|p1b: Cetoddle|75\/100|[from] item: Sitrus Berry\n|move|p2b: Candle Doge|Phantom Force||[still]\n|-prepare|p2b: Candle Doge|Phantom Force\n|move|p2a: Organic glory hole|Earth Power|p1b: Cetoddle\n|-damage|p1b: Cetoddle|50\/100\n|move|p1a: Bergmite|Avalanche|p2b: Candle Doge|[miss]\n|-miss|p1a: Bergmite|p2b: Candle Doge\n|\n|-weather|none\n|upkeep\n|turn|6\n|\n|t:|1682366973\n|move|p1b: Cetoddle|Ice Spinner|p2a: Organic glory hole\n|-supereffective|p2a: Organic glory hole\n|-damage|p2a: Organic glory hole|0 fnt\n|faint|p2a: Organic glory hole\n|move|p2b: Candle Doge|Phantom Force|p1b: Cetoddle|[from]lockedmove\n|-damage|p1b: Cetoddle|18\/100\n|move|p1a: Bergmite|Snowscape|p1a: Bergmite\n|-weather|Snow\n|\n|-weather|Snow|[upkeep]\n|upkeep\n|turn|7\n|\n|t:|1682366989\n|move|p1b: Cetoddle|Ice Shard|p2b: Candle Doge\n|-damage|p2b: Candle Doge|0 fnt\n|faint|p2b: Candle Doge\n|\n|win|xJPNH\n|c| haydyg|ggg\n|l| House of toga\n|l|\u2606Spageddy69\n|l|\u2606xJPNH\n|l| ZenN16\n|l| Cerpin T\n|l| haydyg\n","uploadtime":1682366998,"views":14,"p1id":"xjpnh","p2id":"spageddy69","formatid":"gen9vgc2023regulationc","rating":0,"private":0,"password":""}