{"id":"gen9vgc2023regulationc-1862953997","p1":"ShadyTigers","p2":"Igpvala","format":"[Gen 9] VGC 2023 Regulation C","log":"|j|\u2606ShadyTigers\n|j|\u2606Igpvala\n|t:|1683943278\n|gametype|doubles\n|player|p1|ShadyTigers|266|1354\n|player|p2|Igpvala|hugh|1322\n|teamsize|p1|6\n|teamsize|p2|6\n|gen|9\n|tier|[Gen 9] VGC 2023 Regulation C\n|rated|\n|rule|Species Clause: Limit one of each Pok\u00e9mon\n|rule|Item Clause: Limit one of each item\n|clearpoke\n|poke|p1|Roaring Moon, L50|\n|poke|p1|Murkrow, L50, M|\n|poke|p1|Torkoal, L50, F|\n|poke|p1|Flutter Mane, L50|\n|poke|p1|Great Tusk, L50|\n|poke|p1|Scream Tail, L50|\n|poke|p2|Vaporeon, L50, F|\n|poke|p2|Garganacl, L50, M|\n|poke|p2|Flutter Mane, L50|\n|poke|p2|Iron Bundle, L50|\n|poke|p2|Iron Hands, L50|\n|poke|p2|Great Tusk, L50|\n|teampreview|4\nIgpvala has agreed to open team sheets.\nShadyTigers has agreed to open team sheets.\n|inactive|Battle timer is ON: inactive players will automatically lose when time's up. (requested by Igpvala)\n|\n|t:|1683943379\n|start\n|switch|p1a: Scream Tail|Scream Tail, L50|100\/100\n|switch|p1b: Torkoal|Torkoal, L50, F|100\/100\n|switch|p2a: Garganacl|Garganacl, L50, M, shiny|100\/100\n|switch|p2b: Iron Hands|Iron Hands, L50, shiny|100\/100\n|-weather|SunnyDay|[from] ability: Drought|[of] p1b: Torkoal\n|-activate|p1a: Scream Tail|ability: Protosynthesis\n|-start|p1a: Scream Tail|protosynthesisspe\n|turn|1\n|inactive|Igpvala has 30 seconds left.\n|\n|t:|1683943413\n|move|p1b: Torkoal|Protect|p1b: Torkoal\n|-singleturn|p1b: Torkoal|Protect\n|move|p2b: Iron Hands|Fake Out|p1a: Scream Tail\n|-damage|p1a: Scream Tail|87\/100\n|cant|p1a: Scream Tail|flinch\n|move|p2a: Garganacl|Stealth Rock|p1b: Torkoal\n|-sidestart|p1: ShadyTigers|move: Stealth Rock\n|\n|-weather|SunnyDay|[upkeep]\n|upkeep\n|turn|2\n|\n|t:|1683943437\n|move|p1a: Scream Tail|Encore|p2b: Iron Hands\n|-start|p2b: Iron Hands|Encore\n|move|p2b: Iron Hands|Fake Out||[still]\n|-hint|Fake Out only works on your first turn out.\n|-fail|p2b: Iron Hands\n|move|p2a: Garganacl|Salt Cure|p1a: Scream Tail\n|-damage|p1a: Scream Tail|77\/100\n|-start|p1a: Scream Tail|Salt Cure\n|move|p1b: Torkoal|Overheat|p2b: Iron Hands\n|-crit|p2b: Iron Hands\n|-damage|p2b: Iron Hands|40\/100\n|-unboost|p1b: Torkoal|spa|2\n|-enditem|p1b: Torkoal|Eject Pack\n|\n|t:|1683943452\n|switch|p1b: Great Tusk|Great Tusk, L50|100\/100\n|-damage|p1b: Great Tusk|98\/100|[from] Stealth Rock\n|-activate|p1b: Great Tusk|ability: Protosynthesis\n|-start|p1b: Great Tusk|protosynthesisatk\n|\n|-weather|SunnyDay|[upkeep]\n|-damage|p1a: Scream Tail|64\/100|[from] Salt Cure\n|upkeep\n|turn|3\n|inactive|ShadyTigers has 30 seconds left.\n|inactive|Igpvala has 30 seconds left.\n|\n|t:|1683943483\n|-end|p2b: Iron Hands|Quark Drive|[silent]\n|switch|p2b: Great Tusk|Great Tusk, L50, shiny|100\/100\n|-activate|p2b: Great Tusk|ability: Protosynthesis\n|-start|p2b: Great Tusk|protosynthesisatk\n|-terastallize|p2a: Garganacl|Flying\n|move|p1a: Scream Tail|Disable|p2a: Garganacl\n|-start|p2a: Garganacl|Disable|Salt Cure\n|move|p1b: Great Tusk|Headlong Rush|p2b: Great Tusk\n|-damage|p2b: Great Tusk|30\/100\n|-unboost|p1b: Great Tusk|def|1\n|-unboost|p1b: Great Tusk|spd|1\n|cant|p2a: Garganacl|Disable|Salt Cure\n|\n|-weather|SunnyDay|[upkeep]\n|-damage|p1a: Scream Tail|52\/100|[from] Salt Cure\n|upkeep\n|turn|4\n|\n|t:|1683943508\n|switch|p2a: Iron Hands|Iron Hands, L50, shiny|40\/100\n|move|p2b: Great Tusk|Protect|p2b: Great Tusk\n|-singleturn|p2b: Great Tusk|Protect\n|move|p1a: Scream Tail|Encore||[still]\n|-fail|p1a: Scream Tail\n|move|p1b: Great Tusk|Headlong Rush|p2b: Great Tusk\n|-activate|p2b: Great Tusk|move: Protect\n|\n|-weather|SunnyDay|[upkeep]\n|-damage|p1a: Scream Tail|40\/100|[from] Salt Cure\n|upkeep\n|-enditem|p1a: Scream Tail|Sitrus Berry|[eat]\n|-heal|p1a: Scream Tail|65\/100|[from] item: Sitrus Berry\n|turn|5\n|inactive|ShadyTigers has 30 seconds left.\n|inactive|ShadyTigers has 20 seconds left.\n|\n|t:|1683943545\n|-end|p1b: Great Tusk|Protosynthesis|[silent]\n|switch|p1b: Torkoal|Torkoal, L50, F|100\/100\n|-damage|p1b: Torkoal|76\/100|[from] Stealth Rock\n|-end|p2b: Great Tusk|Protosynthesis|[silent]\n|switch|p2b: Flutter Mane|Flutter Mane, L50, shiny|100\/100\n|-activate|p2b: Flutter Mane|ability: Protosynthesis\n|-start|p2b: Flutter Mane|protosynthesisspe\n|move|p2a: Iron Hands|Fake Out|p1b: Torkoal\n|-damage|p1b: Torkoal|63\/100\n|move|p1a: Scream Tail|Encore|p2a: Iron Hands\n|-start|p2a: Iron Hands|Encore\n|\n|-weather|none\n|-end|p2b: Flutter Mane|Protosynthesis\n|-end|p1a: Scream Tail|Protosynthesis\n|-damage|p1a: Scream Tail|53\/100|[from] Salt Cure\n|upkeep\n|turn|6\n|inactive|ShadyTigers has 30 seconds left.\n|inactive|Igpvala has 30 seconds left.\n|\n|t:|1683943575\n|-end|p1a: Scream Tail|Protosynthesis|[silent]\n|switch|p1a: Roaring Moon|Roaring Moon, L50|100\/100\n|-damage|p1a: Roaring Moon|88\/100|[from] Stealth Rock\n|-end|p2a: Iron Hands|Quark Drive|[silent]\n|switch|p2a: Garganacl|Garganacl, L50, M, shiny, tera:Flying|100\/100\n|switch|p1b: Great Tusk|Great Tusk, L50|98\/100\n|-damage|p1b: Great Tusk|95\/100|[from] Stealth Rock\n|move|p2b: Flutter Mane|Shadow Ball|p1b: Great Tusk\n|-damage|p1b: Great Tusk|0 fnt\n|faint|p1b: Great Tusk\n|-end|p1b: Great Tusk|Protosynthesis|[silent]\n|\n|upkeep\n|\n|t:|1683943583\n|switch|p1b: Torkoal|Torkoal, L50, F|63\/100\n|-damage|p1b: Torkoal|38\/100|[from] Stealth Rock\n|-weather|SunnyDay|[from] ability: Drought|[of] p1b: Torkoal\n|-activate|p2b: Flutter Mane|ability: Protosynthesis\n|-start|p2b: Flutter Mane|protosynthesisspe\n|-activate|p1a: Roaring Moon|ability: Protosynthesis\n|-start|p1a: Roaring Moon|protosynthesisatk\n|turn|7\n|inactive|ShadyTigers has 30 seconds left.\n|\n|t:|1683943609\n|-end|p2b: Flutter Mane|Protosynthesis|[silent]\n|switch|p2b: Iron Hands|Iron Hands, L50, shiny|40\/100\n|-terastallize|p1a: Roaring Moon|Steel\n|move|p1b: Torkoal|Helping Hand|p1a: Roaring Moon\n|-singleturn|p1a: Roaring Moon|Helping Hand|[of] p1b: Torkoal\n|move|p1a: Roaring Moon|Crunch|p2a: Garganacl\n|-damage|p2a: Garganacl|2\/100\n|move|p2a: Garganacl|Salt Cure|p1b: Torkoal\n|-supereffective|p1b: Torkoal\n|-damage|p1b: Torkoal|17\/100\n|-start|p1b: Torkoal|Salt Cure\n|\n|-weather|SunnyDay|[upkeep]\n|-damage|p1b: Torkoal|5\/100|[from] Salt Cure\n|upkeep\n|turn|8\n|inactive|Igpvala has 30 seconds left.\n|inactive|Igpvala has 20 seconds left.\n|\n|t:|1683943644\n|move|p2b: Iron Hands|Fake Out|p1a: Roaring Moon\n|-resisted|p1a: Roaring Moon\n|-damage|p1a: Roaring Moon|78\/100\n|cant|p1a: Roaring Moon|flinch\n|move|p2a: Garganacl|Recover|p2a: Garganacl\n|-heal|p2a: Garganacl|52\/100\n|move|p1b: Torkoal|Overheat|p2b: Iron Hands\n|-damage|p2b: Iron Hands|5\/100\n|-unboost|p1b: Torkoal|spa|2\n|\n|-weather|SunnyDay|[upkeep]\n|-damage|p1b: Torkoal|0 fnt|[from] Salt Cure\n|faint|p1b: Torkoal\n|upkeep\n|\n|t:|1683943654\n|switch|p1b: Scream Tail|Scream Tail, L50|53\/100\n|-damage|p1b: Scream Tail|41\/100|[from] Stealth Rock\n|-activate|p1b: Scream Tail|ability: Protosynthesis\n|-start|p1b: Scream Tail|protosynthesisspe\n|turn|9\n|inactive|Igpvala has 30 seconds left.\n|inactive|Igpvala has 20 seconds left.\n|inactive|Igpvala has 15 seconds left.\n|inactive|Igpvala has 10 seconds left.\n|\n|t:|1683943701\n|move|p1b: Scream Tail|Encore|p2b: Iron Hands\n|-start|p2b: Iron Hands|Encore\n|move|p1a: Roaring Moon|Crunch|p2a: Garganacl\n|-damage|p2a: Garganacl|0 fnt\n|faint|p2a: Garganacl\n|move|p2b: Iron Hands|Fake Out||[still]\n|-hint|Fake Out only works on your first turn out.\n|-fail|p2b: Iron Hands\n|\n|-weather|SunnyDay|[upkeep]\n|upkeep\n|\n|t:|1683943714\n|switch|p2a: Flutter Mane|Flutter Mane, L50, shiny|100\/100\n|-activate|p2a: Flutter Mane|ability: Protosynthesis\n|-start|p2a: Flutter Mane|protosynthesisspe\n|turn|10\n|\n|t:|1683943733\n|-end|p2b: Iron Hands|Quark Drive|[silent]\n|switch|p2b: Great Tusk|Great Tusk, L50, shiny|30\/100\n|-activate|p2b: Great Tusk|ability: Protosynthesis\n|-start|p2b: Great Tusk|protosynthesisatk\n|move|p2a: Flutter Mane|Shadow Ball|p1a: Roaring Moon\n|-damage|p1a: Roaring Moon|18\/100\n|move|p1b: Scream Tail|Play Rough|p2b: Great Tusk\n|-supereffective|p2b: Great Tusk\n|-damage|p2b: Great Tusk|0 fnt\n|faint|p2b: Great Tusk\n|-end|p2b: Great Tusk|Protosynthesis|[silent]\n|move|p1a: Roaring Moon|Crunch|p2a: Flutter Mane\n|-damage|p2a: Flutter Mane|0 fnt\n|faint|p2a: Flutter Mane\n|-end|p2a: Flutter Mane|Protosynthesis|[silent]\n|\n|-weather|SunnyDay|[upkeep]\n|upkeep\n|inactive|Igpvala has 30 seconds left.\n|\n|t:|1683943759\n|switch|p2b: Iron Hands|Iron Hands, L50, shiny|5\/100\n|turn|11\n|\n|t:|1683943766\n|move|p2b: Iron Hands|Fake Out|p1a: Roaring Moon\n|-resisted|p1a: Roaring Moon\n|-damage|p1a: Roaring Moon|8\/100\n|move|p1b: Scream Tail|Play Rough|p2b: Iron Hands\n|-supereffective|p2b: Iron Hands\n|-crit|p2b: Iron Hands\n|-damage|p2b: Iron Hands|0 fnt\n|faint|p2b: Iron Hands\n|-end|p2b: Iron Hands|Quark Drive|[silent]\n|\n|win|ShadyTigers\n|raw|ShadyTigers's rating: 1354 → 1372<\/strong> (+18 for winning)\n|raw|Igpvala's rating: 1322 → 1304<\/strong> (-18 for losing)\n|l|\u2606ShadyTigers\n","uploadtime":1683943781,"views":9,"p1id":"shadytigers","p2id":"igpvala","formatid":"gen9vgc2023regulationc","rating":1304,"private":0,"password":""}