{"id":"gen9vgc2023regulationc-1863631487","p1":"ProtomanVGC","p2":"Mikunji19","format":"[Gen 9] VGC 2023 Regulation C","log":"|j|\u2606ProtomanVGC\n|j|\u2606Mikunji19\n|t:|1684047374\n|gametype|doubles\n|player|p1|ProtomanVGC|dragontamer|1451\n|player|p2|Mikunji19|marley|1391\n|teamsize|p1|6\n|teamsize|p2|6\n|gen|9\n|tier|[Gen 9] VGC 2023 Regulation C\n|rated|\n|rule|Species Clause: Limit one of each Pok\u00e9mon\n|rule|Item Clause: Limit one of each item\n|clearpoke\n|poke|p1|Iron Bundle, L50|\n|poke|p1|Flutter Mane, L50|\n|poke|p1|Chien-Pao, L50|\n|poke|p1|Dragonite, L50, M|\n|poke|p1|Talonflame, L50, M|\n|poke|p1|Chi-Yu, L50|\n|poke|p2|Ting-Lu, L50|\n|poke|p2|Ceruledge, L50, M|\n|poke|p2|Flutter Mane, L50|\n|poke|p2|Amoonguss, L50, F|\n|poke|p2|Gyarados, L50, M|\n|poke|p2|Iron Bundle, L50|\n|teampreview|4\n|inactive|Battle timer is ON: inactive players will automatically lose when time's up. (requested by ProtomanVGC)\nProtomanVGC rejected open team sheets.\n|inactive|Mikunji19 has 60 seconds left.\n|\n|t:|1684047411\n|start\n|switch|p1a: Iron Bundle|Iron Bundle, L50, shiny|100\/100\n|switch|p1b: Flutter Mane|Flutter Mane, L50, shiny|100\/100\n|switch|p2a: Gyarados|Gyarados, L50, M|100\/100\n|switch|p2b: Ting-Lu|Ting-Lu, L50|100\/100\n|-ability|p2a: Gyarados|Intimidate|boost\n|-unboost|p1a: Iron Bundle|atk|1\n|-unboost|p1b: Flutter Mane|atk|1\n|-ability|p2b: Ting-Lu|Vessel of Ruin\n|-enditem|p1a: Iron Bundle|Booster Energy\n|-activate|p1a: Iron Bundle|ability: Quark Drive|[fromitem]\n|-start|p1a: Iron Bundle|quarkdrivespe\n|turn|1\n|\n|t:|1684047435\n|move|p2a: Gyarados|Protect|p2a: Gyarados\n|-singleturn|p2a: Gyarados|Protect\n|move|p1a: Iron Bundle|Freeze-Dry|p2b: Ting-Lu\n|-supereffective|p2b: Ting-Lu\n|-damage|p2b: Ting-Lu|77\/100\n|move|p1b: Flutter Mane|Dazzling Gleam|p2b: Ting-Lu|[spread] p2b\n|-activate|p2a: Gyarados|move: Protect\n|-supereffective|p2b: Ting-Lu\n|-damage|p2b: Ting-Lu|43\/100\n|move|p2b: Ting-Lu|Heavy Slam|p1b: Flutter Mane\n|-supereffective|p1b: Flutter Mane\n|-damage|p1b: Flutter Mane|0 fnt\n|faint|p1b: Flutter Mane\n|-end|p1b: Flutter Mane|Protosynthesis|[silent]\n|\n|upkeep\n|\n|t:|1684047453\n|switch|p1b: Chien-Pao|Chien-Pao, L50|100\/100\n|-ability|p1b: Chien-Pao|Sword of Ruin\n|turn|2\n|\n|t:|1684047466\n|move|p1a: Iron Bundle|Freeze-Dry|p2a: Gyarados\n|-supereffective|p2a: Gyarados\n|-damage|p2a: Gyarados|41\/100\n|-status|p2a: Gyarados|frz\n|move|p1b: Chien-Pao|Ice Spinner|p2b: Ting-Lu\n|-supereffective|p2b: Ting-Lu\n|-damage|p2b: Ting-Lu|0 fnt\n|faint|p2b: Ting-Lu\n|-curestatus|p2a: Gyarados|frz|[msg]\n|move|p2a: Gyarados|Thunder Wave|p1a: Iron Bundle\n|-status|p1a: Iron Bundle|par\n|\n|upkeep\n|\n|t:|1684047489\n|switch|p2b: Flutter Mane|Flutter Mane, L50|100\/100\n|turn|3\n|\n|t:|1684047514\n|-terastallize|p2a: Gyarados|Steel\n|move|p1b: Chien-Pao|Protect|p1b: Chien-Pao\n|-singleturn|p1b: Chien-Pao|Protect\n|move|p2b: Flutter Mane|Dazzling Gleam|p1b: Chien-Pao|[spread] p1a\n|-activate|p1b: Chien-Pao|move: Protect\n|-damage|p1a: Iron Bundle|20\/100 par\n|move|p1a: Iron Bundle|Freeze-Dry|p2a: Gyarados\n|-resisted|p2a: Gyarados\n|-damage|p2a: Gyarados|30\/100\n|-status|p2a: Gyarados|frz\n|-curestatus|p2a: Gyarados|frz|[msg]\n|move|p2a: Gyarados|Waterfall|p1b: Chien-Pao\n|-activate|p1b: Chien-Pao|move: Protect\n|\n|upkeep\n|turn|4\n|inactive|ProtomanVGC has 30 seconds left.\n|\n|t:|1684047541\n|move|p1b: Chien-Pao|Ice Spinner|p2b: Flutter Mane\n|-damage|p2b: Flutter Mane|5\/100\n|move|p2b: Flutter Mane|Dazzling Gleam|p1a: Iron Bundle|[spread] p1a,p1b\n|-supereffective|p1b: Chien-Pao\n|-damage|p1a: Iron Bundle|0 fnt\n|-enditem|p1b: Chien-Pao|Focus Sash\n|-damage|p1b: Chien-Pao|1\/100\n|faint|p1a: Iron Bundle\n|-end|p1a: Iron Bundle|Quark Drive|[silent]\n|move|p2a: Gyarados|Waterfall|p1b: Chien-Pao\n|-damage|p1b: Chien-Pao|0 fnt\n|faint|p1b: Chien-Pao\n|\n|upkeep\n|\n|t:|1684047549\n|switch|p1b: Dragonite|Dragonite, L50, M, shiny|100\/100\n|turn|5\n|\n|t:|1684047571\n|move|p1b: Dragonite|Aqua Jet|p2b: Flutter Mane\n|-damage|p2b: Flutter Mane|0 fnt\n|faint|p2b: Flutter Mane\n|-end|p2b: Flutter Mane|Protosynthesis|[silent]\n|move|p2a: Gyarados|Thunder Wave|p1b: Dragonite|[miss]\n|-miss|p2a: Gyarados|p1b: Dragonite\n|\n|upkeep\n|\n|t:|1684047577\n|switch|p2b: Iron Bundle|Iron Bundle, L50, shiny|100\/100\n|-enditem|p2b: Iron Bundle|Booster Energy\n|-activate|p2b: Iron Bundle|ability: Quark Drive|[fromitem]\n|-start|p2b: Iron Bundle|quarkdrivespe\n|turn|6\n|\n|t:|1684047602\n|-terastallize|p1b: Dragonite|Normal\n|move|p2b: Iron Bundle|Protect|p2b: Iron Bundle\n|-singleturn|p2b: Iron Bundle|Protect\n|move|p1b: Dragonite|Aqua Jet|p2a: Gyarados\n|-damage|p2a: Gyarados|6\/100\n|move|p2a: Gyarados|Waterfall|p1b: Dragonite\n|-damage|p1b: Dragonite|62\/100\n|\n|upkeep\n|turn|7\n|\n|t:|1684047614\n|move|p1b: Dragonite|Aqua Jet|p2a: Gyarados\n|-damage|p2a: Gyarados|0 fnt\n|faint|p2a: Gyarados\n|move|p2b: Iron Bundle|Freeze-Dry|p1b: Dragonite\n|-damage|p1b: Dragonite|22\/100\n|\n|upkeep\n|turn|8\n|\n|t:|1684047622\n|move|p1b: Dragonite|Aqua Jet|p2b: Iron Bundle\n|-resisted|p2b: Iron Bundle\n|-damage|p2b: Iron Bundle|87\/100\n|move|p2b: Iron Bundle|Freeze-Dry|p1b: Dragonite\n|-damage|p1b: Dragonite|0 fnt\n|faint|p1b: Dragonite\n|\n|win|Mikunji19\n|raw|ProtomanVGC's rating: 1451 → 1428<\/strong> (-23 for losing)\n|raw|Mikunji19's rating: 1391 → 1414<\/strong> (+23 for winning)\n","uploadtime":1684047627,"views":6,"p1id":"protomanvgc","p2id":"mikunji19","formatid":"gen9vgc2023regulationc","rating":1414,"private":0,"password":""}