{"id":"gen9vgc2023regulationc-1846833022","p1":"Pollito9999","p2":"ElPanchos777","format":"[Gen 9] VGC 2023 Regulation C","log":"|j|\u2606Pollito9999\n|j|\u2606ElPanchos777\n|t:|1681887383\n|gametype|doubles\n|player|p1|Pollito9999|gardenia|\n|player|p2|ElPanchos777|harlequin|\n|teamsize|p1|6\n|teamsize|p2|6\n|gen|9\n|tier|[Gen 9] VGC 2023 Regulation C\n|rule|Species Clause: Limit one of each Pok\u00e9mon\n|rule|Item Clause: Limit one of each item\n|clearpoke\n|poke|p1|Armarouge, L50, F|\n|poke|p1|Indeedee-F, L50, F|\n|poke|p1|Hatterene, L50, F|\n|poke|p1|Torkoal, L50, M|\n|poke|p1|Kingambit, L50, F|\n|poke|p1|Breloom, L50, M|\n|poke|p2|Alomomola, L50, F|\n|poke|p2|Kilowattrel, L50, F|\n|poke|p2|Krookodile, L50, M|\n|poke|p2|Garganacl, L50, M|\n|poke|p2|Talonflame, L50, F|\n|poke|p2|Farigiraf, L50, M|\n|teampreview|4\n|\n|t:|1681887421\n|start\n|switch|p1a: Panchos|Breloom, L50, M|100\/100\n|switch|p1b: Joan|Indeedee-F, L50, F|100\/100\n|switch|p2a: Alomomola|Alomomola, L50, F|100\/100\n|switch|p2b: Krookodile|Krookodile, L50, M|100\/100\n|-fieldstart|move: Psychic Terrain|[from] ability: Psychic Surge|[of] p1b: Joan\n|-enditem|p1b: Joan|Psychic Seed\n|-boost|p1b: Joan|spd|1|[from] item: Psychic Seed\n|turn|1\n|\n|t:|1681887452\n|move|p2a: Alomomola|Helping Hand|p2b: Krookodile\n|-singleturn|p2b: Krookodile|Helping Hand|[of] p2a: Alomomola\n|move|p1b: Joan|Protect|p1b: Joan\n|-singleturn|p1b: Joan|Protect\n|move|p2b: Krookodile|Crunch|p1b: Joan\n|-activate|p1b: Joan|move: Protect\n|move|p1a: Panchos|Spore|p2b: Krookodile\n|-status|p2b: Krookodile|slp|[from] move: Spore\n|\n|upkeep\n|turn|2\n|\n|t:|1681887472\n|switch|p2b: Garganacl|Garganacl, L50, M|100\/100\n|switch|p1a: MegamanMal|Armarouge, L50, F|100\/100\n|move|p1b: Joan|Follow Me|p1b: Joan\n|-singleturn|p1b: Joan|move: Follow Me\n|move|p2a: Alomomola|Soak|p1b: Joan\n|-start|p1b: Joan|typechange|Water\n|\n|upkeep\n|turn|3\n|\n|t:|1681887499\n|-terastallize|p2b: Garganacl|Ghost\n|move|p1b: Joan|Helping Hand|p1a: MegamanMal\n|-singleturn|p1a: MegamanMal|Helping Hand|[of] p1b: Joan\n|move|p2a: Alomomola|Helping Hand|p2b: Garganacl\n|-singleturn|p2b: Garganacl|Helping Hand|[of] p2a: Alomomola\n|move|p1a: MegamanMal|Expanding Force|p2b: Garganacl|[spread] p2a,p2b\n|-damage|p2a: Alomomola|12\/100\n|-damage|p2b: Garganacl|22\/100\n|-enditem|p2a: Alomomola|Sitrus Berry|[eat]\n|-heal|p2a: Alomomola|37\/100|[from] item: Sitrus Berry\n|move|p2b: Garganacl|Salt Cure|p1a: MegamanMal\n|-supereffective|p1a: MegamanMal\n|-damage|p1a: MegamanMal|66\/100\n|-start|p1a: MegamanMal|Salt Cure\n|-enditem|p1a: MegamanMal|Weakness Policy\n|-boost|p1a: MegamanMal|atk|2|[from] item: Weakness Policy\n|-boost|p1a: MegamanMal|spa|2|[from] item: Weakness Policy\n|\n|-heal|p2b: Garganacl|28\/100|[from] item: Leftovers\n|-damage|p1a: MegamanMal|54\/100|[from] Salt Cure\n|upkeep\n|turn|4\n|\n|t:|1681887544\n|switch|p2b: Krookodile|Krookodile, L50, M|100\/100 slp\n|move|p1b: Joan|Dazzling Gleam|p2b: Krookodile|[spread] p2a,p2b\n|-supereffective|p2b: Krookodile\n|-damage|p2a: Alomomola|24\/100\n|-damage|p2b: Krookodile|68\/100 slp\n|move|p2a: Alomomola|Waterfall|p1a: MegamanMal\n|-supereffective|p1a: MegamanMal\n|-damage|p1a: MegamanMal|16\/100\n|cant|p1a: MegamanMal|flinch\n|\n|-damage|p1a: MegamanMal|4\/100|[from] Salt Cure\n|upkeep\n|turn|5\n|\n|t:|1681887572\n|move|p1b: Joan|Follow Me|p1b: Joan\n|-singleturn|p1b: Joan|move: Follow Me\n|cant|p2b: Krookodile|slp\n|move|p2a: Alomomola|Waterfall|p1b: Joan\n|-resisted|p1b: Joan\n|-damage|p1b: Joan|90\/100\n|move|p1a: MegamanMal|Trick Room|p1a: MegamanMal\n|-fieldstart|move: Trick Room|[of] p1a: MegamanMal\n|\n|-damage|p1a: MegamanMal|0 fnt|[from] Salt Cure\n|faint|p1a: MegamanMal\n|-fieldend|move: Psychic Terrain\n|upkeep\n|\n|t:|1681887583\n|switch|p1a: MBAPPEMBAPPE|Torkoal, L50, M|100\/100\n|-weather|SunnyDay|[from] ability: Drought|[of] p1a: MBAPPEMBAPPE\n|turn|6\n|\n|t:|1681887601\n|switch|p2b: Talonflame|Talonflame, L50, F|100\/100\n|move|p1b: Joan|Helping Hand|p1a: MBAPPEMBAPPE\n|-singleturn|p1a: MBAPPEMBAPPE|Helping Hand|[of] p1b: Joan\n|move|p1a: MBAPPEMBAPPE|Eruption|p2a: Alomomola|[spread] p2a,p2b\n|-resisted|p2a: Alomomola\n|-resisted|p2b: Talonflame\n|-damage|p2a: Alomomola|0 fnt\n|-damage|p2b: Talonflame|0 fnt\n|faint|p2a: Alomomola\n|faint|p2b: Talonflame\n|\n|-weather|SunnyDay|[upkeep]\n|upkeep\n|\n|t:|1681887617\n|switch|p2a: Garganacl|Garganacl, L50, M, tera:Ghost|28\/100\n|switch|p2b: Krookodile|Krookodile, L50, M|68\/100 slp\n|turn|7\n|\n|t:|1681887637\n|-terastallize|p1a: MBAPPEMBAPPE|Fire\n|move|p1b: Joan|Helping Hand|p1a: MBAPPEMBAPPE\n|-singleturn|p1a: MBAPPEMBAPPE|Helping Hand|[of] p1b: Joan\n|move|p1a: MBAPPEMBAPPE|Eruption|p2b: Krookodile|[spread] p2a,p2b\n|-damage|p2a: Garganacl|0 fnt\n|-damage|p2b: Krookodile|0 fnt\n|faint|p2a: Garganacl\n|faint|p2b: Krookodile\n|\n|win|Pollito9999\n|l|\u2606ElPanchos777\n","uploadtime":1681887689,"views":9,"p1id":"pollito9999","p2id":"elpanchos777","formatid":"gen9vgc2023regulationc","rating":0,"private":0,"password":""}