{"id":"gen9vgc2023regulationc-1860062997","p1":"doctorfisio","p2":"Ih8racists","format":"[Gen 9] VGC 2023 Regulation C","log":"|j|\u2606doctorfisio\n|j|\u2606Ih8racists\n|t:|1683590845\n|gametype|doubles\n|player|p1|doctorfisio|unknown|1407\n|player|p2|Ih8racists|riley|1368\n|teamsize|p1|6\n|teamsize|p2|6\n|gen|9\n|tier|[Gen 9] VGC 2023 Regulation C\n|rated|\n|rule|Species Clause: Limit one of each Pok\u00e9mon\n|rule|Item Clause: Limit one of each item\n|clearpoke\n|poke|p1|Amoonguss, L50, F|\n|poke|p1|Gyarados, L50, M|\n|poke|p1|Chi-Yu, L50|\n|poke|p1|Flutter Mane, L50|\n|poke|p1|Iron Hands, L50|\n|poke|p1|Gholdengo, L50|\n|poke|p2|Dondozo, L50, M|\n|poke|p2|Tatsugiri-Droopy, L50, M|\n|poke|p2|Chi-Yu, L50|\n|poke|p2|Glimmora, L50, M|\n|poke|p2|Flutter Mane, L50|\n|poke|p2|Dragonite, L50, M|\n|teampreview|4\n|c|\u2606Ih8racists|Glhf\n|inactive|Battle timer is ON: inactive players will automatically lose when time's up. (requested by Ih8racists)\nIh8racists has agreed to open team sheets.\n|c|\u2606doctorfisio|U2\ndoctorfisio has agreed to open team sheets.\n|inactive|Ih8racists has 60 seconds left.\n|\n|t:|1683590904\n|start\n|switch|p1a: Flutter Mane|Flutter Mane, L50|100\/100\n|switch|p1b: Iron Hands|Iron Hands, L50|100\/100\n|switch|p2a: Glimmora|Glimmora, L50, M|100\/100\n|switch|p2b: Dragonite|Dragonite, L50, M|100\/100\n|-enditem|p1a: Flutter Mane|Booster Energy\n|-activate|p1a: Flutter Mane|ability: Protosynthesis|[fromitem]\n|-start|p1a: Flutter Mane|protosynthesisspa\n|turn|1\n|inactive|Ih8racists has 30 seconds left.\n|\n|t:|1683590932\n|switch|p2b: Flutter Mane|Flutter Mane, L50, shiny|100\/100\n|-enditem|p2b: Flutter Mane|Booster Energy\n|-activate|p2b: Flutter Mane|ability: Protosynthesis|[fromitem]\n|-start|p2b: Flutter Mane|protosynthesisspa\n|move|p1b: Iron Hands|Fake Out|p2a: Glimmora\n|-resisted|p2a: Glimmora\n|-damage|p2a: Glimmora|92\/100\n|-activate|p2a: Glimmora|ability: Toxic Debris\n|-sidestart|p1: doctorfisio|move: Toxic Spikes\n|move|p1a: Flutter Mane|Substitute|p1a: Flutter Mane\n|-start|p1a: Flutter Mane|Substitute\n|-damage|p1a: Flutter Mane|76\/100\n|cant|p2a: Glimmora|flinch\n|\n|upkeep\n|turn|2\n|\n|t:|1683590956\n|move|p1a: Flutter Mane|Protect|p1a: Flutter Mane\n|-singleturn|p1a: Flutter Mane|Protect\n|move|p2b: Flutter Mane|Shadow Ball|p1a: Flutter Mane\n|-activate|p1a: Flutter Mane|move: Protect\n|move|p2a: Glimmora|Sludge Bomb|p1a: Flutter Mane\n|-activate|p1a: Flutter Mane|move: Protect\n|move|p1b: Iron Hands|Volt Switch|p2b: Flutter Mane\n|-damage|p2b: Flutter Mane|88\/100\n|\n|t:|1683590967\n|-end|p1b: Iron Hands|Quark Drive|[silent]\n|switch|p1b: Amoonguss|Amoonguss, L50, F|100\/100|[from] Volt Switch\n|-sideend|p1: doctorfisio|move: Toxic Spikes|[of] p1b: Amoonguss\n|\n|upkeep\n|turn|3\n|inactive|Ih8racists has 30 seconds left.\n|\n|t:|1683590994\n|move|p1a: Flutter Mane|Shadow Ball|p2b: Flutter Mane\n|-supereffective|p2b: Flutter Mane\n|-damage|p2b: Flutter Mane|0 fnt\n|faint|p2b: Flutter Mane\n|-end|p2b: Flutter Mane|Protosynthesis|[silent]\n|move|p2a: Glimmora|Power Gem|p1b: Amoonguss\n|-damage|p1b: Amoonguss|59\/100\n|move|p1b: Amoonguss|Spore|p2a: Glimmora\n|-status|p2a: Glimmora|slp|[from] move: Spore\n|\n|upkeep\n|\n|t:|1683591002\n|switch|p2b: Chi-Yu|Chi-Yu, L50|100\/100\n|-ability|p2b: Chi-Yu|Beads of Ruin\n|turn|4\n|inactive|Ih8racists has 30 seconds left.\n|\n|t:|1683591028\n|switch|p1b: Gyarados|Gyarados, L50, M, shiny|100\/100\n|-ability|p1b: Gyarados|Intimidate|boost\n|-unboost|p2a: Glimmora|atk|1\n|-unboost|p2b: Chi-Yu|atk|1\n|move|p1a: Flutter Mane|Protect|p1a: Flutter Mane\n|-singleturn|p1a: Flutter Mane|Protect\n|move|p2b: Chi-Yu|Protect|p2b: Chi-Yu\n|-singleturn|p2b: Chi-Yu|Protect\n|cant|p2a: Glimmora|slp\n|\n|upkeep\n|turn|5\n|\n|t:|1683591047\n|-terastallize|p2b: Chi-Yu|Grass\n|move|p1a: Flutter Mane|Shadow Ball|p2a: Glimmora\n|-damage|p2a: Glimmora|40\/100 slp\n|-unboost|p2a: Glimmora|spd|1\n|move|p2b: Chi-Yu|Heat Wave|p1a: Flutter Mane|[spread] p1a,p1b\n|-end|p1a: Flutter Mane|Substitute\n|-resisted|p1b: Gyarados\n|-damage|p1b: Gyarados|82\/100\n|-status|p1b: Gyarados|brn\n|cant|p2a: Glimmora|slp\n|move|p1b: Gyarados|Waterfall|p2a: Glimmora\n|-supereffective|p2a: Glimmora\n|-damage|p2a: Glimmora|2\/100 slp\n|-activate|p2a: Glimmora|ability: Toxic Debris\n|-sidestart|p1: doctorfisio|move: Toxic Spikes\n|\n|-damage|p1b: Gyarados|76\/100 brn|[from] brn\n|upkeep\n|turn|6\n|inactive|Ih8racists has 30 seconds left.\n|inactive|doctorfisio has 30 seconds left.\n|\n|t:|1683591079\n|move|p1a: Flutter Mane|Dazzling Gleam|p2a: Glimmora|[spread] p2a,p2b\n|-resisted|p2a: Glimmora\n|-damage|p2a: Glimmora|0 fnt\n|-damage|p2b: Chi-Yu|58\/100\n|faint|p2a: Glimmora\n|move|p2b: Chi-Yu|Heat Wave|p1b: Gyarados|[spread] \n|-miss|p2b: Chi-Yu|p1a: Flutter Mane\n|-miss|p2b: Chi-Yu|p1b: Gyarados\n|move|p1b: Gyarados|Thunder Wave|p2b: Chi-Yu\n|-status|p2b: Chi-Yu|par\n|\n|-damage|p1b: Gyarados|70\/100 brn|[from] brn\n|upkeep\n|\n|t:|1683591086\n|switch|p2a: Dragonite|Dragonite, L50, M|100\/100\n|turn|7\n|inactive|Ih8racists has 30 seconds left.\n|\n|t:|1683591117\n|move|p1a: Flutter Mane|Dazzling Gleam|p2a: Dragonite|[spread] p2a,p2b\n|-supereffective|p2a: Dragonite\n|-damage|p2a: Dragonite|0 fnt\n|-damage|p2b: Chi-Yu|18\/100 par\n|faint|p2a: Dragonite\n|move|p1b: Gyarados|Iron Head|p2b: Chi-Yu\n|-damage|p2b: Chi-Yu|0 fnt\n|faint|p2b: Chi-Yu\n|\n|win|doctorfisio\n|raw|doctorfisio's rating: 1407 → 1425<\/strong> (+18 for winning)\n|raw|Ih8racists's rating: 1368 → 1350<\/strong> (-18 for losing)\n|c|\u2606Ih8racists|Gg\n|l|\u2606Ih8racists\n","uploadtime":1683591138,"views":16,"p1id":"doctorfisio","p2id":"ih8racists","formatid":"gen9vgc2023regulationc","rating":1350,"private":0,"password":""}