{"id":"gen9vgc2023regulationc-1858647882","p1":"Goatdozo","p2":"omg_its_daddy","format":"[Gen 9] VGC 2023 Regulation C","log":"|j|\u2606Goatdozo\n|j|\u2606omg_its_daddy\n|t:|1683337050\n|gametype|doubles\n|player|p1|Goatdozo|cyclistf|\n|player|p2|omg_its_daddy|li|\n|teamsize|p1|6\n|teamsize|p2|6\n|gen|9\n|tier|[Gen 9] VGC 2023 Regulation C\n|rule|Species Clause: Limit one of each Pok\u00e9mon\n|rule|Item Clause: Limit one of each item\n|clearpoke\n|poke|p1|Flutter Mane, L50|\n|poke|p1|Indeedee-F, L50, F|\n|poke|p1|Dugtrio, L50, M|\n|poke|p1|Eelektrik, L50, F|\n|poke|p1|Armarouge, L50, M|\n|poke|p1|Azumarill, L50, F|\n|poke|p2|Sableye, L50, M|\n|poke|p2|Dragalge, L50, F|\n|poke|p2|Flareon, L50, M|\n|poke|p2|Gyarados, L50, M|\n|poke|p2|Drowzee, L50, F|\n|poke|p2|Iron Valiant, L50|\n|teampreview|4\n|c|\u2606omg_its_daddy|g1\nomg_its_daddy rejected open team sheets.\n|c|\u2606Goatdozo|glhf!\n|c|\u2606omg_its_daddy|glhf!\n|c|\u2606Goatdozo|ty for being flexible :)\n|c|\u2606omg_its_daddy|no worries! these international battles are always tough to schedule\n|\n|t:|1683337197\n|start\n|switch|p1a: Weetbix|Dugtrio, L50, M|100\/100\n|switch|p1b: Surf Life Saving|Eelektrik, L50, F|100\/100\n|switch|p2a: Flareon|Flareon, L50, M|100\/100\n|switch|p2b: Drowzee|Drowzee, L50, F|100\/100\n|-activate|p2b: Drowzee|ability: Forewarn|Earthquake|[of] p1a: Weetbix\n|turn|1\n|\n|t:|1683337243\n|-terastallize|p2a: Flareon|Normal\n|move|p1a: Weetbix|Earthquake|p2b: Drowzee|[spread] p2a,p2b\n|-immune|p1b: Surf Life Saving|[from] ability: Levitate\n|-damage|p2a: Flareon|50\/100\n|-damage|p2b: Drowzee|62\/100\n|move|p2a: Flareon|Curse|p2a: Flareon\n|-unboost|p2a: Flareon|spe|1\n|-boost|p2a: Flareon|atk|1\n|-boost|p2a: Flareon|def|1\n|move|p1b: Surf Life Saving|Discharge|p2a: Flareon|[spread] p2a,p2b\n|-immune|p1a: Weetbix\n|-damage|p2a: Flareon|32\/100\n|-damage|p2b: Drowzee|51\/100\n|move|p2b: Drowzee|Trick Room|p2b: Drowzee\n|-fieldstart|move: Trick Room|[of] p2b: Drowzee\n|\n|-status|p2a: Flareon|brn|[from] item: Flame Orb\n|upkeep\n|turn|2\n|\n|t:|1683337335\n|move|p1a: Weetbix|Sucker Punch|p2b: Drowzee\n|-supereffective|p2b: Drowzee\n|-damage|p2b: Drowzee|3\/100\n|move|p1b: Surf Life Saving|Discharge|p2b: Drowzee|[spread] p2a,p2b\n|-immune|p1a: Weetbix\n|-crit|p2a: Flareon\n|-damage|p2a: Flareon|7\/100 brn\n|-damage|p2b: Drowzee|0 fnt\n|faint|p2b: Drowzee\n|move|p2a: Flareon|Facade|p1a: Weetbix\n|-damage|p1a: Weetbix|0 fnt\n|faint|p1a: Weetbix\n|\n|-damage|p2a: Flareon|1\/100 brn|[from] brn\n|upkeep\n|\n|t:|1683337353\n|switch|p2b: Dragalge|Dragalge, L50, F, shiny|100\/100\n|switch|p1a: Jillaroo|Indeedee-F, L50, F|100\/100\n|-fieldstart|move: Psychic Terrain|[from] ability: Psychic Surge|[of] p1a: Jillaroo\n|turn|3\n|\n|t:|1683337402\n|-terastallize|p1b: Surf Life Saving|Ground\n|move|p1a: Jillaroo|Follow Me|p1a: Jillaroo\n|-singleturn|p1a: Jillaroo|move: Follow Me\n|move|p1b: Surf Life Saving|Tera Blast|p2b: Dragalge\n|-supereffective|p2b: Dragalge\n|-damage|p2b: Dragalge|73\/100\n|move|p2a: Flareon|Facade|p1a: Jillaroo\n|-damage|p1a: Jillaroo|0 fnt\n|faint|p1a: Jillaroo\n|move|p2b: Dragalge|Sludge Bomb|p1b: Surf Life Saving\n|-resisted|p1b: Surf Life Saving\n|-damage|p1b: Surf Life Saving|81\/100\n|-status|p1b: Surf Life Saving|psn\n|\n|-damage|p1b: Surf Life Saving|69\/100 psn|[from] psn\n|-damage|p2a: Flareon|0 fnt|[from] brn\n|faint|p2a: Flareon\n|upkeep\n|\n|t:|1683337417\n|switch|p2a: Gyarados|Gyarados, L50, M, shiny|100\/100\n|switch|p1a: Thongs|Flutter Mane, L50|100\/100\n|-enditem|p1a: Thongs|Booster Energy\n|-activate|p1a: Thongs|ability: Protosynthesis|[fromitem]\n|-start|p1a: Thongs|protosynthesisspa\n|turn|4\n|c|\u2606omg_its_daddy|this eel is incredible\n|\n|t:|1683337452\n|move|p2a: Gyarados|Protect|p2a: Gyarados\n|-singleturn|p2a: Gyarados|Protect\n|move|p1b: Surf Life Saving|Discharge|p2b: Dragalge|[spread] p1a,p2b\n|-activate|p2a: Gyarados|move: Protect\n|-resisted|p2b: Dragalge\n|-damage|p1a: Thongs|81\/100\n|-damage|p2b: Dragalge|67\/100\n|-status|p1a: Thongs|par\n|move|p2b: Dragalge|Sludge Bomb|p1a: Thongs\n|-damage|p1a: Thongs|21\/100 par\n|move|p1a: Thongs|Shadow Ball|p2b: Dragalge\n|-damage|p2b: Dragalge|32\/100\n|\n|-damage|p1b: Surf Life Saving|57\/100 psn|[from] psn\n|upkeep\n|turn|5\n|\n|t:|1683337473\n|move|p2a: Gyarados|Protect|p2a: Gyarados\n|-singleturn|p2a: Gyarados|Protect\n|move|p1b: Surf Life Saving|Discharge|p2b: Dragalge|[spread] p1a,p2b\n|-activate|p2a: Gyarados|move: Protect\n|-resisted|p2b: Dragalge\n|-damage|p1a: Thongs|3\/100 par\n|-damage|p2b: Dragalge|27\/100\n|move|p2b: Dragalge|Sludge Bomb|p1b: Surf Life Saving\n|-resisted|p1b: Surf Life Saving\n|-damage|p1b: Surf Life Saving|36\/100 psn\n|move|p1a: Thongs|Shadow Ball|p2b: Dragalge\n|-damage|p2b: Dragalge|0 fnt\n|faint|p2b: Dragalge\n|\n|-damage|p1b: Surf Life Saving|24\/100 psn|[from] psn\n|-fieldend|move: Trick Room\n|upkeep\n|turn|6\n|\n|t:|1683337493\n|move|p2a: Gyarados|Waterfall|p1b: Surf Life Saving\n|-supereffective|p1b: Surf Life Saving\n|-damage|p1b: Surf Life Saving|0 fnt\n|faint|p1b: Surf Life Saving\n|-ability|p2a: Gyarados|Moxie|boost\n|-boost|p2a: Gyarados|atk|1\n|-damage|p2a: Gyarados|91\/100|[from] item: Life Orb\n|cant|p1a: Thongs|par\n|\n|upkeep\n|turn|7\n|c|\u2606Goatdozo|man\n|c|\u2606omg_its_daddy|damn\n|\n|t:|1683337507\n|move|p2a: Gyarados|Waterfall|p1a: Thongs\n|-damage|p1a: Thongs|0 fnt\n|faint|p1a: Thongs\n|-end|p1a: Thongs|Protosynthesis|[silent]\n|-damage|p2a: Gyarados|81\/100|[from] item: Life Orb\n|\n|win|omg_its_daddy\n|c|\u2606omg_its_daddy|the rng gods are with me i guess\n|c|\u2606omg_its_daddy|gg!\n|c|\u2606Goatdozo|gg\n","uploadtime":1683338243,"views":24,"p1id":"goatdozo","p2id":"omgitsdaddy","formatid":"gen9vgc2023regulationc","rating":0,"private":0,"password":""}