{"id":"gen9vgc2023regulationc-1862902575","p1":"Rreignstar","p2":"AverageAvenger","format":"[Gen 9] VGC 2023 Regulation C","log":"|j|\u2606Rreignstar\n|j|\u2606AverageAvenger\n|t:|1683936076\n|gametype|doubles\n|player|p1|Rreignstar|cynthia-gen4|\n|player|p2|AverageAvenger|volkner|\n|teamsize|p1|6\n|teamsize|p2|6\n|gen|9\n|tier|[Gen 9] VGC 2023 Regulation C\n|rule|Species Clause: Limit one of each Pok\u00e9mon\n|rule|Item Clause: Limit one of each item\n|clearpoke\n|poke|p1|Flutter Mane, L50|\n|poke|p1|Palafin, L50, F|\n|poke|p1|Cetitan, L50, M|\n|poke|p1|Farigiraf, L50, F|\n|poke|p1|Great Tusk, L50|\n|poke|p1|Corviknight, L50, M|\n|poke|p2|Ting-Lu, L50|\n|poke|p2|Vivillon-Fancy, L50, F|\n|poke|p2|Iron Bundle, L50|\n|poke|p2|Abomasnow, L50, M|\n|poke|p2|Chien-Pao, L50|\n|poke|p2|Dragonite, L50, F|\n|teampreview|4\nAverageAvenger has agreed to open team sheets.\nRreignstar has agreed to open team sheets.\n|inactive|Battle timer is ON: inactive players will automatically lose when time's up. (requested by AverageAvenger)\n|inactive|AverageAvenger has 60 seconds left.\n|inactive|AverageAvenger has 30 seconds left.\n|inactive|AverageAvenger has 20 seconds left.\n|inactive|AverageAvenger has 15 seconds left.\n|inactive|AverageAvenger has 10 seconds left.\n|inactive|AverageAvenger has 5 seconds left.\n|\n|t:|1683936179\n|start\n|switch|p1a: Sephiroth|Flutter Mane, L50|100\/100\n|switch|p1b: Bowser|Cetitan, L50, M|100\/100\n|switch|p2a: Iron Claus|Iron Bundle, L50|100\/100\n|switch|p2b: Snowbama|Abomasnow, L50, M|100\/100\n|-weather|Snow|[from] ability: Snow Warning|[of] p2b: Snowbama\n|-enditem|p1a: Sephiroth|Booster Energy\n|-activate|p1a: Sephiroth|ability: Protosynthesis|[fromitem]\n|-start|p1a: Sephiroth|protosynthesisspe\n|-enditem|p2a: Iron Claus|Booster Energy\n|-activate|p2a: Iron Claus|ability: Quark Drive|[fromitem]\n|-start|p2a: Iron Claus|quarkdrivespe\n|turn|1\n|c|\u2606AverageAvenger|glhf\n|c|\u2606Rreignstar|glhf\n|inactive|AverageAvenger has 30 seconds left.\n|inactive|AverageAvenger has 20 seconds left.\n|inactive|AverageAvenger has 15 seconds left.\n|inactive|AverageAvenger has 10 seconds left.\n|\n|t:|1683936227\n|-terastallize|p2b: Snowbama|Water\n|move|p1a: Sephiroth|Mystical Fire|p2b: Snowbama\n|-resisted|p2b: Snowbama\n|-damage|p2b: Snowbama|87\/100\n|-unboost|p2b: Snowbama|spa|1\n|move|p2a: Iron Claus|Aurora Veil|p2a: Iron Claus\n|-sidestart|p2: AverageAvenger|move: Aurora Veil\n|move|p1b: Bowser|Yawn|p2a: Iron Claus\n|-start|p2a: Iron Claus|move: Yawn|[of] p1b: Bowser\n|move|p2b: Snowbama|Blizzard|p1a: Sephiroth|[spread] p1a,p1b\n|-resisted|p1b: Bowser\n|-damage|p1a: Sephiroth|70\/100\n|-damage|p1b: Bowser|94\/100\n|-damage|p2b: Snowbama|78\/100|[from] item: Life Orb\n|\n|-weather|Snow|[upkeep]\n|upkeep\n|turn|2\n|inactive|AverageAvenger has 30 seconds left.\n|\n|t:|1683936261\n|-end|p2a: Iron Claus|Quark Drive|[silent]\n|switch|p2a: Thing-Lu|Ting-Lu, L50|100\/100\n|-ability|p2a: Thing-Lu|Vessel of Ruin\n|move|p2b: Snowbama|Ice Shard|p1a: Sephiroth\n|-damage|p1a: Sephiroth|37\/100\n|-damage|p2b: Snowbama|68\/100|[from] item: Life Orb\n|move|p1a: Sephiroth|Energy Ball|p2b: Snowbama\n|-supereffective|p2b: Snowbama\n|-damage|p2b: Snowbama|34\/100\n|move|p1b: Bowser|Avalanche|p2a: Thing-Lu\n|-supereffective|p2a: Thing-Lu\n|-damage|p2a: Thing-Lu|78\/100\n|\n|-weather|Snow|[upkeep]\n|upkeep\n|turn|3\n|inactive|Rreignstar has 30 seconds left.\n|inactive|AverageAvenger has 30 seconds left.\n|inactive|AverageAvenger has 20 seconds left.\n|inactive|AverageAvenger has 15 seconds left.\n|inactive|AverageAvenger has 10 seconds left.\n|\n|t:|1683936309\n|switch|p2b: Lonmg|Chien-Pao, L50|100\/100\n|-ability|p2b: Lonmg|Sword of Ruin\n|-terastallize|p1a: Sephiroth|Fairy\n|move|p1a: Sephiroth|Dazzling Gleam|p2b: Lonmg|[spread] p2a,p2b\n|-supereffective|p2a: Thing-Lu\n|-supereffective|p2b: Lonmg\n|-damage|p2a: Thing-Lu|38\/100\n|-damage|p2b: Lonmg|42\/100\n|-enditem|p2b: Lonmg|Sitrus Berry|[eat]\n|-heal|p2b: Lonmg|66\/100|[from] item: Sitrus Berry\n|move|p1b: Bowser|Yawn|p2b: Lonmg\n|-start|p2b: Lonmg|move: Yawn|[of] p1b: Bowser\n|move|p2a: Thing-Lu|Rock Slide|p1a: Sephiroth|[spread] p1a,p1b\n|-supereffective|p1b: Bowser\n|-damage|p1a: Sephiroth|0 fnt\n|-damage|p1b: Bowser|47\/100\n|faint|p1a: Sephiroth\n|-end|p1a: Sephiroth|Protosynthesis|[silent]\n|\n|-weather|Snow|[upkeep]\n|upkeep\n|\n|t:|1683936327\n|switch|p1a: Ridley|Corviknight, L50, M|100\/100\n|turn|4\n|inactive|Rreignstar has 30 seconds left.\n|inactive|AverageAvenger has 30 seconds left.\n|inactive|AverageAvenger has 20 seconds left.\n|inactive|AverageAvenger has 15 seconds left.\n|\n|t:|1683936368\n|switch|p2b: Snowbama|Abomasnow, L50, M, tera:Water|34\/100\n|move|p1a: Ridley|Tailwind|p1a: Ridley\n|-sidestart|p1: Rreignstar|move: Tailwind\n|move|p2a: Thing-Lu|Rock Slide|p1a: Ridley|[spread] p1a\n|-miss|p2a: Thing-Lu|p1b: Bowser\n|-damage|p1a: Ridley|82\/100\n|move|p1b: Bowser|Avalanche|p2a: Thing-Lu\n|-supereffective|p2a: Thing-Lu\n|-damage|p2a: Thing-Lu|13\/100\n|\n|-weather|Snow|[upkeep]\n|-heal|p1a: Ridley|88\/100|[from] item: Leftovers\n|upkeep\n|turn|5\n|inactive|Rreignstar has 30 seconds left.\n|inactive|AverageAvenger has 30 seconds left.\n|inactive|AverageAvenger has 20 seconds left.\n|inactive|AverageAvenger has 15 seconds left.\n|inactive|AverageAvenger has 10 seconds left.\n|\n|t:|1683936417\n|move|p2b: Snowbama|Helping Hand|p2a: Thing-Lu\n|-singleturn|p2a: Thing-Lu|Helping Hand|[of] p2b: Snowbama\n|move|p1a: Ridley|Brave Bird|p2b: Snowbama\n|-damage|p2b: Snowbama|4\/100\n|-damage|p1a: Ridley|79\/100|[from] Recoil\n|move|p2a: Thing-Lu|Rock Slide|p1a: Ridley|[spread] p1a,p1b\n|-supereffective|p1b: Bowser\n|-damage|p1a: Ridley|49\/100\n|-damage|p1b: Bowser|0 fnt\n|faint|p1b: Bowser\n|\n|-weather|none\n|-heal|p1a: Ridley|55\/100|[from] item: Leftovers\n|-sideend|p2: AverageAvenger|move: Aurora Veil\n|upkeep\n|\n|t:|1683936429\n|switch|p1b: Samus|Farigiraf, L50, F|100\/100\n|turn|6\n|inactive|AverageAvenger has 30 seconds left.\n|\n|t:|1683936457\n|switch|p2b: Lonmg|Chien-Pao, L50|66\/100\n|-ability|p2b: Lonmg|Sword of Ruin\n|move|p1a: Ridley|Roost|p1a: Ridley\n|-heal|p1a: Ridley|100\/100\n|-singleturn|p1a: Ridley|move: Roost\n|move|p1b: Samus|Dazzling Gleam|p2a: Thing-Lu|[spread] p2a,p2b\n|-supereffective|p2a: Thing-Lu\n|-supereffective|p2b: Lonmg\n|-damage|p2a: Thing-Lu|0 fnt\n|-damage|p2b: Lonmg|29\/100\n|faint|p2a: Thing-Lu\n|\n|upkeep\n|\n|t:|1683936480\n|switch|p2a: Snowbama|Abomasnow, L50, M, tera:Water|4\/100\n|-weather|Snow|[from] ability: Snow Warning|[of] p2a: Snowbama\n|turn|7\n|inactive|AverageAvenger has 30 seconds left.\n|inactive|AverageAvenger has 20 seconds left.\n|\n|t:|1683936519\n|move|p2a: Snowbama|Helping Hand|p2b: Lonmg\n|-singleturn|p2b: Lonmg|Helping Hand|[of] p2a: Snowbama\n|move|p2b: Lonmg|Sucker Punch||[still]\n|cant|p1b: Samus|ability: Armor Tail|Sucker Punch|[of] p2b: Lonmg\n|move|p1a: Ridley|Brave Bird|p2b: Lonmg\n|-damage|p2b: Lonmg|0 fnt\n|faint|p2b: Lonmg\n|-damage|p1a: Ridley|92\/100|[from] Recoil\n|move|p1b: Samus|Calm Mind|p1b: Samus\n|-boost|p1b: Samus|spa|1\n|-boost|p1b: Samus|spd|1\n|\n|-weather|Snow|[upkeep]\n|-heal|p1a: Ridley|98\/100|[from] item: Leftovers\n|-sideend|p1: Rreignstar|move: Tailwind\n|upkeep\n|\n|t:|1683936527\n|switch|p2b: Iron Claus|Iron Bundle, L50|100\/100\n|turn|8\n|c|\u2606AverageAvenger|Can't believe I did that\n|inactive|AverageAvenger has 30 seconds left.\n|inactive|AverageAvenger has 20 seconds left.\n|\n|t:|1683936565\n|move|p2b: Iron Claus|Aurora Veil|p2b: Iron Claus\n|-sidestart|p2: AverageAvenger|move: Aurora Veil\n|move|p2a: Snowbama|Blizzard|p1a: Ridley|[spread] p1a,p1b\n|-damage|p1a: Ridley|56\/100\n|-damage|p1b: Samus|71\/100\n|-status|p1b: Samus|frz\n|-damage|p2a: Snowbama|0 fnt|[from] item: Life Orb\n|faint|p2a: Snowbama\n|move|p1a: Ridley|Tailwind|p1a: Ridley\n|-sidestart|p1: Rreignstar|move: Tailwind\n|cant|p1b: Samus|frz\n|\n|-weather|Snow|[upkeep]\n|-heal|p1a: Ridley|61\/100|[from] item: Leftovers\n|upkeep\n|turn|9\n|\n|t:|1683936583\n|move|p2b: Iron Claus|Blizzard|p1a: Ridley|[spread] p1a,p1b\n|-damage|p1a: Ridley|24\/100\n|-damage|p1b: Samus|45\/100 frz\n|move|p1a: Ridley|Roost|p1a: Ridley\n|-heal|p1a: Ridley|75\/100\n|-singleturn|p1a: Ridley|move: Roost\n|cant|p1b: Samus|frz\n|\n|-weather|Snow|[upkeep]\n|-heal|p1a: Ridley|80\/100|[from] item: Leftovers\n|upkeep\n|turn|10\n|\n|t:|1683936591\n|move|p2b: Iron Claus|Blizzard|p1b: Samus|[spread] p1a,p1b\n|-crit|p1b: Samus\n|-damage|p1a: Ridley|45\/100\n|-damage|p1b: Samus|0 fnt\n|faint|p1b: Samus\n|move|p1a: Ridley|Roost|p1a: Ridley\n|-heal|p1a: Ridley|95\/100\n|-singleturn|p1a: Ridley|move: Roost\n|\n|-weather|Snow|[upkeep]\n|-heal|p1a: Ridley|100\/100|[from] item: Leftovers\n|upkeep\n|turn|11\n|\n|t:|1683936613\n|move|p2b: Iron Claus|Blizzard|p1a: Ridley\n|-damage|p1a: Ridley|49\/100\n|move|p1a: Ridley|Iron Head|p2b: Iron Claus\n|-damage|p2b: Iron Claus|86\/100\n|\n|-weather|none\n|-heal|p1a: Ridley|55\/100|[from] item: Leftovers\n|-sideend|p1: Rreignstar|move: Tailwind\n|upkeep\n|turn|12\n|\n|t:|1683936628\n|move|p2b: Iron Claus|Blizzard|p1a: Ridley\n|-damage|p1a: Ridley|3\/100\n|move|p1a: Ridley|Roost|p1a: Ridley\n|-heal|p1a: Ridley|54\/100\n|-singleturn|p1a: Ridley|move: Roost\n|\n|-heal|p1a: Ridley|60\/100|[from] item: Leftovers\n|-sideend|p2: AverageAvenger|move: Aurora Veil\n|upkeep\n|turn|13\n|\n|t:|1683936636\n|move|p2b: Iron Claus|Blizzard|p1a: Ridley\n|-damage|p1a: Ridley|8\/100\n|move|p1a: Ridley|Roost|p1a: Ridley\n|-heal|p1a: Ridley|59\/100\n|-singleturn|p1a: Ridley|move: Roost\n|\n|-heal|p1a: Ridley|64\/100|[from] item: Leftovers\n|upkeep\n|turn|14\n|\n|t:|1683936642\n|move|p2b: Iron Claus|Blizzard|p1a: Ridley\n|-damage|p1a: Ridley|16\/100\n|move|p1a: Ridley|Roost|p1a: Ridley\n|-heal|p1a: Ridley|66\/100\n|-singleturn|p1a: Ridley|move: Roost\n|\n|-heal|p1a: Ridley|72\/100|[from] item: Leftovers\n|upkeep\n|turn|15\n|\n|t:|1683936656\n|move|p2b: Iron Claus|Hydro Pump|p1a: Ridley\n|-damage|p1a: Ridley|22\/100\n|move|p1a: Ridley|Roost|p1a: Ridley\n|-heal|p1a: Ridley|73\/100\n|-singleturn|p1a: Ridley|move: Roost\n|\n|-heal|p1a: Ridley|79\/100|[from] item: Leftovers\n|upkeep\n|turn|16\n|\n|t:|1683936666\n|move|p2b: Iron Claus|Hydro Pump|p1a: Ridley|[miss]\n|-miss|p2b: Iron Claus|p1a: Ridley\n|move|p1a: Ridley|Roost|p1a: Ridley\n|-heal|p1a: Ridley|100\/100\n|-singleturn|p1a: Ridley|move: Roost\n|\n|upkeep\n|turn|17\n|\n|t:|1683936670\n|move|p2b: Iron Claus|Hydro Pump|p1a: Ridley\n|-damage|p1a: Ridley|48\/100\n|move|p1a: Ridley|Iron Head|p2b: Iron Claus\n|-damage|p2b: Iron Claus|57\/100\n|\n|-heal|p1a: Ridley|54\/100|[from] item: Leftovers\n|upkeep\n|turn|18\n|\n|t:|1683936680\n|move|p2b: Iron Claus|Hydro Pump|p1a: Ridley\n|-damage|p1a: Ridley|1\/100\n|move|p1a: Ridley|Iron Head|p2b: Iron Claus\n|-damage|p2b: Iron Claus|25\/100\n|\n|-heal|p1a: Ridley|7\/100|[from] item: Leftovers\n|upkeep\n|turn|19\n|inactive|AverageAvenger has 30 seconds left.\n|c|\u2606Rreignstar|i just need a miss\n|\n|t:|1683936696\n|move|p2b: Iron Claus|Hydro Pump|p1a: Ridley\n|-damage|p1a: Ridley|0 fnt\n|faint|p1a: Ridley\n|\n|win|AverageAvenger\n|inactive|AverageAvenger has 25 seconds left this turn.\n|c|\u2606AverageAvenger|No whammies\n|c|\u2606AverageAvenger|gg\n|c|\u2606Rreignstar|gg\n","uploadtime":1683936703,"views":15,"p1id":"rreignstar","p2id":"averageavenger","formatid":"gen9vgc2023regulationc","rating":0,"private":0,"password":""}