{"id":"gen9vgc2023regulationc-1850450029","p1":"jaymie_12345","p2":"Togethicc468","format":"[Gen 9] VGC 2023 Regulation C","log":"|j|\u2606jaymie_12345\n|j|\u2606Togethicc468\n|t:|1682338164\n|gametype|doubles\n|player|p1|jaymie_12345|cynthia-gen4|1000\n|player|p2|Togethicc468|170|1035\n|teamsize|p1|6\n|teamsize|p2|6\n|gen|9\n|tier|[Gen 9] VGC 2023 Regulation C\n|rated|\n|rule|Species Clause: Limit one of each Pok\u00e9mon\n|rule|Item Clause: Limit one of each item\n|clearpoke\n|poke|p1|Skeledirge, L50, F|\n|poke|p1|Pawmot, L50, M|\n|poke|p1|Dragapult, L50, M|\n|poke|p1|Ceruledge, L50, F|\n|poke|p1|Tinkaton, L50, F|\n|poke|p1|Iron Bundle, L50|\n|poke|p2|Farigiraf, L50, M|\n|poke|p2|Amoonguss, L50, F|\n|poke|p2|Hatterene, L50, F|\n|poke|p2|Garganacl, L50, M|\n|poke|p2|Kingambit, L50, M|\n|poke|p2|Arcanine, L50, F|\n|teampreview|4\n|inactive|Battle timer is ON: inactive players will automatically lose when time's up. (requested by Togethicc468)\n|inactive|jaymie_12345 has 60 seconds left.\n|\n|t:|1682338218\n|start\n|switch|p1a: Skeledirge|Skeledirge, L50, F|100\/100\n|switch|p1b: Tinkaton|Tinkaton, L50, F|100\/100\n|switch|p2a: Farigiraf|Farigiraf, L50, M|100\/100\n|switch|p2b: Amoonguss|Amoonguss, L50, F|100\/100\n|-ability|p1b: Tinkaton|Mold Breaker\n|turn|1\n|\n|t:|1682338235\n|move|p2b: Amoonguss|Rage Powder|p2b: Amoonguss\n|-singleturn|p2b: Amoonguss|move: Rage Powder\n|move|p1b: Tinkaton|Light Screen|p1b: Tinkaton\n|-sidestart|p1: jaymie_12345|move: Light Screen\n|move|p1a: Skeledirge|Torch Song|p2b: Amoonguss\n|-supereffective|p2b: Amoonguss\n|-damage|p2b: Amoonguss|48\/100\n|-boost|p1a: Skeledirge|spa|1\n|move|p2a: Farigiraf|Trick Room|p2a: Farigiraf\n|-fieldstart|move: Trick Room|[of] p2a: Farigiraf\n|\n|upkeep\n|turn|2\n|inactive|jaymie_12345 has 30 seconds left.\n|\n|t:|1682338264\n|move|p1b: Tinkaton|Protect|p1b: Tinkaton\n|-singleturn|p1b: Tinkaton|Protect\n|move|p2b: Amoonguss|Spore|p1a: Skeledirge\n|-status|p1a: Skeledirge|slp|[from] move: Spore\n|move|p2a: Farigiraf|Psychic|p1a: Skeledirge\n|-damage|p1a: Skeledirge|80\/100 slp\n|-unboost|p1a: Skeledirge|spd|1\n|cant|p1a: Skeledirge|slp\n|\n|-heal|p1a: Skeledirge|86\/100 slp|[from] item: Leftovers\n|upkeep\n|turn|3\n|\n|t:|1682338285\n|switch|p2a: Garganacl|Garganacl, L50, M|100\/100\n|move|p2b: Amoonguss|Spore|p1b: Tinkaton\n|-status|p1b: Tinkaton|slp|[from] move: Spore\n|cant|p1a: Skeledirge|slp\n|cant|p1b: Tinkaton|slp\n|\n|-heal|p1a: Skeledirge|92\/100 slp|[from] item: Leftovers\n|upkeep\n|turn|4\n|\n|t:|1682338302\n|move|p2b: Amoonguss|Pollen Puff|p1a: Skeledirge\n|-resisted|p1a: Skeledirge\n|-damage|p1a: Skeledirge|87\/100 slp\n|move|p2a: Garganacl|Salt Cure|p1b: Tinkaton\n|-resisted|p1b: Tinkaton\n|-damage|p1b: Tinkaton|93\/100 slp\n|-start|p1b: Tinkaton|Salt Cure\n|cant|p1a: Skeledirge|slp\n|cant|p1b: Tinkaton|slp\n|\n|-heal|p1a: Skeledirge|93\/100 slp|[from] item: Leftovers\n|-damage|p1b: Tinkaton|68\/100 slp|[from] Salt Cure\n|upkeep\n|turn|5\n|inactive|jaymie_12345 has 30 seconds left.\n|\n|t:|1682338332\n|move|p2b: Amoonguss|Rage Powder|p2b: Amoonguss\n|-singleturn|p2b: Amoonguss|move: Rage Powder\n|move|p2a: Garganacl|Salt Cure|p1a: Skeledirge\n|-supereffective|p1a: Skeledirge\n|-damage|p1a: Skeledirge|61\/100 slp\n|-start|p1a: Skeledirge|Salt Cure\n|-curestatus|p1a: Skeledirge|slp|[msg]\n|move|p1a: Skeledirge|Shadow Ball|p2b: Amoonguss\n|-damage|p2b: Amoonguss|5\/100\n|-unboost|p2b: Amoonguss|spd|1\n|-curestatus|p1b: Tinkaton|slp|[msg]\n|move|p1b: Tinkaton|Gigaton Hammer|p2b: Amoonguss\n|-damage|p2b: Amoonguss|0 fnt\n|faint|p2b: Amoonguss\n|\n|-heal|p1a: Skeledirge|67\/100|[from] item: Leftovers\n|-damage|p1a: Skeledirge|55\/100|[from] Salt Cure\n|-damage|p1b: Tinkaton|43\/100|[from] Salt Cure\n|-fieldend|move: Trick Room\n|upkeep\n|\n|t:|1682338347\n|switch|p2b: Farigiraf|Farigiraf, L50, M|100\/100\n|turn|6\n|\n|t:|1682338363\n|move|p1b: Tinkaton|Protect|p1b: Tinkaton\n|-singleturn|p1b: Tinkaton|Protect\n|move|p1a: Skeledirge|Torch Song|p2b: Farigiraf\n|-damage|p2b: Farigiraf|58\/100\n|-boost|p1a: Skeledirge|spa|1\n|move|p2a: Garganacl|Salt Cure|p1a: Skeledirge\n|-supereffective|p1a: Skeledirge\n|-damage|p1a: Skeledirge|27\/100\n|move|p2b: Farigiraf|Trick Room|p2b: Farigiraf\n|-fieldstart|move: Trick Room|[of] p2b: Farigiraf\n|\n|-heal|p1a: Skeledirge|33\/100|[from] item: Leftovers\n|-damage|p1a: Skeledirge|20\/100|[from] Salt Cure\n|-damage|p1b: Tinkaton|18\/100|[from] Salt Cure\n|upkeep\n|turn|7\n|\n|t:|1682338385\n|move|p2a: Garganacl|Stealth Rock|p1b: Tinkaton\n|-sidestart|p1: jaymie_12345|move: Stealth Rock\n|move|p2b: Farigiraf|Psychic|p1a: Skeledirge\n|-damage|p1a: Skeledirge|0 fnt\n|faint|p1a: Skeledirge\n|move|p1b: Tinkaton|Reflect|p1b: Tinkaton\n|-sidestart|p1: jaymie_12345|Reflect\n|\n|-damage|p1b: Tinkaton|0 fnt|[from] Salt Cure\n|faint|p1b: Tinkaton\n|upkeep\n|\n|t:|1682338394\n|switch|p1a: Pawmot|Pawmot, L50, M|100\/100\n|switch|p1b: Iron Bundle|Iron Bundle, L50|100\/100\n|-damage|p1a: Pawmot|94\/100|[from] Stealth Rock\n|-damage|p1b: Iron Bundle|76\/100|[from] Stealth Rock\n|-enditem|p1b: Iron Bundle|Booster Energy\n|-activate|p1b: Iron Bundle|ability: Quark Drive|[fromitem]\n|-start|p1b: Iron Bundle|quarkdrivespe\n|turn|8\n|\n|t:|1682338415\n|move|p2a: Garganacl|Salt Cure|p1b: Iron Bundle\n|-supereffective|p1b: Iron Bundle\n|-damage|p1b: Iron Bundle|52\/100\n|-start|p1b: Iron Bundle|Salt Cure\n|move|p2b: Farigiraf|Psychic|p1a: Pawmot\n|-supereffective|p1a: Pawmot\n|-damage|p1a: Pawmot|18\/100\n|move|p1a: Pawmot|Revival Blessing|p1a: Pawmot\n|\n|t:|1682338424\n|-heal|p1: Skeledirge|50\/100|[from] move: Revival Blessing\n|move|p1b: Iron Bundle|Hydro Pump|p2a: Garganacl\n|-supereffective|p2a: Garganacl\n|-damage|p2a: Garganacl|1\/100\n|\n|-damage|p1b: Iron Bundle|28\/100|[from] Salt Cure\n|-sideend|p1: jaymie_12345|move: Light Screen\n|upkeep\n|turn|9\n|\n|t:|1682338442\n|move|p1a: Pawmot|Mach Punch||[still]\n|cant|p2b: Farigiraf|ability: Armor Tail|Mach Punch|[of] p1a: Pawmot\n|move|p2a: Garganacl|Recover|p2a: Garganacl\n|-heal|p2a: Garganacl|51\/100\n|move|p2b: Farigiraf|Psychic|p1a: Pawmot\n|-supereffective|p1a: Pawmot\n|-damage|p1a: Pawmot|0 fnt\n|faint|p1a: Pawmot\n|move|p1b: Iron Bundle|Ice Beam|p2b: Farigiraf\n|-damage|p2b: Farigiraf|25\/100\n|-status|p2b: Farigiraf|frz\n|\n|-damage|p1b: Iron Bundle|3\/100|[from] Salt Cure\n|upkeep\n|\n|t:|1682338456\n|switch|p1a: Skeledirge|Skeledirge, L50, F|50\/100\n|-damage|p1a: Skeledirge|26\/100|[from] Stealth Rock\n|turn|10\n|\n|t:|1682338474\n|-terastallize|p2a: Garganacl|Rock\n|-terastallize|p1a: Skeledirge|Grass\n|move|p2a: Garganacl|Salt Cure|p1a: Skeledirge\n|-damage|p1a: Skeledirge|9\/100\n|-start|p1a: Skeledirge|Salt Cure\n|cant|p2b: Farigiraf|frz\n|move|p1a: Skeledirge|Torch Song|p2b: Farigiraf\n|-damage|p2b: Farigiraf|0 fnt\n|-boost|p1a: Skeledirge|spa|1\n|faint|p2b: Farigiraf\n|move|p1b: Iron Bundle|Hydro Pump|p2a: Garganacl\n|-supereffective|p2a: Garganacl\n|-damage|p2a: Garganacl|0 fnt\n|faint|p2a: Garganacl\n|\n|-heal|p1a: Skeledirge|15\/100|[from] item: Leftovers\n|-damage|p1a: Skeledirge|3\/100|[from] Salt Cure\n|-damage|p1b: Iron Bundle|0 fnt|[from] Salt Cure\n|faint|p1b: Iron Bundle\n|-end|p1b: Iron Bundle|Quark Drive|[silent]\n|-fieldend|move: Trick Room\n|upkeep\n|\n|t:|1682338498\n|switch|p2b: Arcanine|Arcanine, L50, F|100\/100\n|-ability|p2b: Arcanine|Intimidate|boost\n|-unboost|p1a: Skeledirge|atk|1\n|turn|11\n|\n|t:|1682338514\n|move|p2b: Arcanine|Extreme Speed|p1a: Skeledirge\n|-damage|p1a: Skeledirge|0 fnt\n|faint|p1a: Skeledirge\n|\n|win|Togethicc468\n|raw|jaymie_12345's rating: 1000 → 1000<\/strong> (+0 for losing)\n|raw|Togethicc468's rating: 1035 → 1066<\/strong> (+31 for winning)\n|c|\u2606jaymie_12345|gg\n|l|\u2606jaymie_12345\n","uploadtime":1682338527,"views":25,"p1id":"jaymie12345","p2id":"togethicc468","formatid":"gen9vgc2023regulationc","rating":1000,"private":0,"password":""}