{"id":"gen9vgc2023regulationc-1850279529","p1":"Idk544","p2":"crunchmunch6","format":"[Gen 9] VGC 2023 Regulation C","log":"|j|\u2606Idk544\n|j|\u2606crunchmunch6\n|t:|1682310134\n|gametype|doubles\n|player|p1|Idk544|silver|1367\n|player|p2|crunchmunch6|265|1443\n|teamsize|p1|6\n|teamsize|p2|6\n|gen|9\n|tier|[Gen 9] VGC 2023 Regulation C\n|rated|\n|rule|Species Clause: Limit one of each Pok\u00e9mon\n|rule|Item Clause: Limit one of each item\n|clearpoke\n|poke|p1|Orthworm, L50, M|\n|poke|p1|Iron Hands, L50|\n|poke|p1|Flutter Mane, L50|\n|poke|p1|Gholdengo, L50|\n|poke|p1|Gyarados, L50, M|\n|poke|p1|Ting-Lu, L50|\n|poke|p2|Torkoal, L50, F|\n|poke|p2|Jumpluff, L50, M|\n|poke|p2|Flutter Mane, L50|\n|poke|p2|Great Tusk, L50|\n|poke|p2|Slither Wing, L50|\n|poke|p2|Chien-Pao, L50|\n|teampreview|4\n|inactive|Battle timer is ON: inactive players will automatically lose when time's up. (requested by crunchmunch6)\nIdk544 has agreed to open team sheets.\n|inactive|Idk544 has 60 seconds left.\n|inactive|Idk544 has 30 seconds left.\n|inactive|Idk544 has 20 seconds left.\n|inactive|Idk544 has 15 seconds left.\n|\n|t:|1682310212\n|start\n|switch|p1a: Iron Hands|Iron Hands, L50|100\/100\n|switch|p1b: Orthworm|Orthworm, L50, M|100\/100\n|switch|p2a: Flutter Mane|Flutter Mane, L50|100\/100\n|switch|p2b: Great Tusk|Great Tusk, L50|100\/100\n|turn|1\n|\n|t:|1682310239\n|-end|p2a: Flutter Mane|Protosynthesis|[silent]\n|switch|p2a: Torkoal|Torkoal, L50, F|100\/100\n|-weather|SunnyDay|[from] ability: Drought|[of] p2a: Torkoal\n|-activate|p2b: Great Tusk|ability: Protosynthesis\n|-start|p2b: Great Tusk|protosynthesisatk\n|move|p1a: Iron Hands|Fake Out|p2b: Great Tusk\n|-damage|p2b: Great Tusk|90\/100\n|cant|p2b: Great Tusk|flinch\n|move|p1b: Orthworm|Shed Tail|p1b: Orthworm\n|-start|p1b: Orthworm|Substitute|[from] move: Shed Tail\n|-damage|p1b: Orthworm|50\/100\n|-enditem|p1b: Orthworm|Sitrus Berry|[eat]\n|-heal|p1b: Orthworm|75\/100|[from] item: Sitrus Berry\n|inactive|Idk544 has 30 seconds left.\n|\n|t:|1682310272\n|switch|p1b: Gholdengo|Gholdengo, L50|100\/100|[from] Shed Tail\n|\n|-weather|SunnyDay|[upkeep]\n|upkeep\n|turn|2\n|inactive|Idk544 has 30 seconds left.\n|\n|t:|1682310299\n|-end|p1a: Iron Hands|Quark Drive|[silent]\n|switch|p1a: Gyarados|Gyarados, L50, M|100\/100\n|-ability|p1a: Gyarados|Intimidate|boost\n|-unboost|p2a: Torkoal|atk|1\n|-enditem|p2a: Torkoal|Eject Pack\n|-unboost|p2b: Great Tusk|atk|1\n|\n|t:|1682310306\n|switch|p2a: Slither Wing|Slither Wing, L50|100\/100\n|-activate|p2a: Slither Wing|ability: Protosynthesis\n|-start|p2a: Slither Wing|protosynthesisatk\n|move|p2b: Great Tusk|Headlong Rush|p1b: Gholdengo\n|-supereffective|p1b: Gholdengo\n|-end|p1b: Gholdengo|Substitute\n|-unboost|p2b: Great Tusk|def|1\n|-unboost|p2b: Great Tusk|spd|1\n|move|p1b: Gholdengo|Shadow Ball|p2a: Slither Wing\n|-damage|p2a: Slither Wing|73\/100\n|-unboost|p2a: Slither Wing|spd|1\n|\n|-weather|SunnyDay|[upkeep]\n|upkeep\n|turn|3\n|inactive|Idk544 has 30 seconds left.\n|\n|t:|1682310333\n|switch|p1b: Orthworm|Orthworm, L50, M|75\/100\n|move|p2a: Slither Wing|First Impression|p1a: Gyarados\n|-resisted|p1a: Gyarados\n|-damage|p1a: Gyarados|62\/100\n|move|p2b: Great Tusk|Headlong Rush|p1b: Orthworm\n|-heal|p1b: Orthworm|100\/100|[from] ability: Earth Eater|[of] p2b: Great Tusk\n|move|p1a: Gyarados|Dragon Dance|p1a: Gyarados\n|-boost|p1a: Gyarados|atk|1\n|-boost|p1a: Gyarados|spe|1\n|\n|-weather|SunnyDay|[upkeep]\n|upkeep\n|turn|4\n|inactive|Idk544 has 30 seconds left.\n|\n|t:|1682310366\n|-end|p2b: Great Tusk|Protosynthesis|[silent]\n|switch|p2b: Flutter Mane|Flutter Mane, L50|100\/100\n|-activate|p2b: Flutter Mane|ability: Protosynthesis\n|-start|p2b: Flutter Mane|protosynthesisspa\n|move|p1b: Orthworm|Protect|p1b: Orthworm\n|-singleturn|p1b: Orthworm|Protect\n|move|p1a: Gyarados|Dragon Dance|p1a: Gyarados\n|-boost|p1a: Gyarados|atk|1\n|-boost|p1a: Gyarados|spe|1\n|move|p2a: Slither Wing|Close Combat|p1b: Orthworm\n|-activate|p1b: Orthworm|move: Protect\n|\n|-weather|SunnyDay|[upkeep]\n|upkeep\n|turn|5\n|inactive|Idk544 has 30 seconds left.\n|\n|t:|1682310394\n|move|p1b: Orthworm|Helping Hand|p1a: Gyarados\n|-singleturn|p1a: Gyarados|Helping Hand|[of] p1b: Orthworm\n|move|p1a: Gyarados|Waterfall|p2b: Flutter Mane\n|-damage|p2b: Flutter Mane|0 fnt\n|faint|p2b: Flutter Mane\n|-end|p2b: Flutter Mane|Protosynthesis|[silent]\n|move|p2a: Slither Wing|Flare Blitz|p1a: Gyarados\n|-resisted|p1a: Gyarados\n|-crit|p1a: Gyarados\n|-damage|p1a: Gyarados|0 fnt\n|faint|p1a: Gyarados\n|-damage|p2a: Slither Wing|55\/100|[from] Recoil\n|\n|-weather|none\n|-end|p2a: Slither Wing|Protosynthesis\n|upkeep\n|\n|t:|1682310412\n|switch|p2b: Torkoal|Torkoal, L50, F|100\/100\n|switch|p1a: Iron Hands|Iron Hands, L50|100\/100\n|-weather|SunnyDay|[from] ability: Drought|[of] p2b: Torkoal\n|-activate|p2a: Slither Wing|ability: Protosynthesis\n|-start|p2a: Slither Wing|protosynthesisatk\n|turn|6\n|\n|t:|1682310426\n|-end|p2a: Slither Wing|Protosynthesis|[silent]\n|switch|p2a: Great Tusk|Great Tusk, L50|90\/100\n|-activate|p2a: Great Tusk|ability: Protosynthesis\n|-start|p2a: Great Tusk|protosynthesisatk\n|-terastallize|p1b: Orthworm|Dragon\n|move|p1a: Iron Hands|Fake Out|p2b: Torkoal\n|-damage|p2b: Torkoal|90\/100\n|move|p1b: Orthworm|Shed Tail|p1b: Orthworm\n|-start|p1b: Orthworm|Substitute|[from] move: Shed Tail\n|-damage|p1b: Orthworm|50\/100\n|\n|t:|1682310438\n|switch|p1b: Gholdengo|Gholdengo, L50|100\/100|[from] Shed Tail\n|cant|p2b: Torkoal|flinch\n|\n|-weather|SunnyDay|[upkeep]\n|upkeep\n|turn|7\n|\n|t:|1682310452\n|-end|p1a: Iron Hands|Quark Drive|[silent]\n|switch|p1a: Orthworm|Orthworm, L50, M, tera:Dragon|50\/100\n|move|p1b: Gholdengo|Protect|p1b: Gholdengo\n|-singleturn|p1b: Gholdengo|Protect\n|move|p2a: Great Tusk|Headlong Rush|p1b: Gholdengo\n|-activate|p1b: Gholdengo|move: Protect\n|move|p2b: Torkoal|Overheat|p1b: Gholdengo\n|-activate|p1b: Gholdengo|move: Protect\n|\n|-weather|SunnyDay|[upkeep]\n|upkeep\n|turn|8\n|inactive|Idk544 has 30 seconds left.\n|\n|t:|1682310486\n|move|p2a: Great Tusk|Headlong Rush|p1b: Gholdengo\n|-supereffective|p1b: Gholdengo\n|-end|p1b: Gholdengo|Substitute\n|-unboost|p2a: Great Tusk|def|1\n|-unboost|p2a: Great Tusk|spd|1\n|move|p1b: Gholdengo|Shadow Ball|p2b: Torkoal\n|-damage|p2b: Torkoal|46\/100\n|move|p1a: Orthworm|Heavy Slam|p2a: Great Tusk\n|-damage|p2a: Great Tusk|77\/100\n|move|p2b: Torkoal|Overheat|p1b: Gholdengo\n|-supereffective|p1b: Gholdengo\n|-damage|p1b: Gholdengo|0 fnt\n|-unboost|p2b: Torkoal|spa|2\n|faint|p1b: Gholdengo\n|\n|-weather|SunnyDay|[upkeep]\n|upkeep\n|\n|t:|1682310505\n|switch|p1b: Iron Hands|Iron Hands, L50|100\/100\n|turn|9\n|\n|t:|1682310521\n|-end|p2a: Great Tusk|Protosynthesis|[silent]\n|switch|p2a: Slither Wing|Slither Wing, L50|55\/100\n|-activate|p2a: Slither Wing|ability: Protosynthesis\n|-start|p2a: Slither Wing|protosynthesisatk\n|move|p1a: Orthworm|Helping Hand|p1b: Iron Hands\n|-singleturn|p1b: Iron Hands|Helping Hand|[of] p1a: Orthworm\n|move|p1b: Iron Hands|Drain Punch|p2a: Slither Wing\n|-resisted|p2a: Slither Wing\n|-damage|p2a: Slither Wing|20\/100\n|move|p2b: Torkoal|Yawn|p1b: Iron Hands\n|-start|p1b: Iron Hands|move: Yawn|[of] p2b: Torkoal\n|\n|-weather|SunnyDay|[upkeep]\n|upkeep\n|turn|10\n|inactive|crunchmunch6 has 30 seconds left.\n|\n|t:|1682310546\n|switch|p2b: Great Tusk|Great Tusk, L50|77\/100\n|-activate|p2b: Great Tusk|ability: Protosynthesis\n|-start|p2b: Great Tusk|protosynthesisatk\n|move|p2a: Slither Wing|First Impression|p1a: Orthworm\n|-crit|p1a: Orthworm\n|-damage|p1a: Orthworm|0 fnt\n|faint|p1a: Orthworm\n|move|p1b: Iron Hands|Drain Punch|p2b: Great Tusk\n|-damage|p2b: Great Tusk|49\/100\n|\n|-weather|none\n|-end|p2b: Great Tusk|Protosynthesis\n|-end|p2a: Slither Wing|Protosynthesis\n|-end|p1b: Iron Hands|move: Yawn|[silent]\n|-status|p1b: Iron Hands|slp\n|upkeep\n|turn|11\n|\n|t:|1682310564\n|-end|p2a: Slither Wing|Protosynthesis|[silent]\n|switch|p2a: Torkoal|Torkoal, L50, F|46\/100\n|-weather|SunnyDay|[from] ability: Drought|[of] p2a: Torkoal\n|-activate|p2b: Great Tusk|ability: Protosynthesis\n|-start|p2b: Great Tusk|protosynthesisatk\n|move|p2b: Great Tusk|Headlong Rush|p1b: Iron Hands\n|-supereffective|p1b: Iron Hands\n|-damage|p1b: Iron Hands|0 fnt\n|-unboost|p2b: Great Tusk|def|1\n|-unboost|p2b: Great Tusk|spd|1\n|faint|p1b: Iron Hands\n|-end|p1b: Iron Hands|Quark Drive|[silent]\n|\n|win|crunchmunch6\n|raw|Idk544's rating: 1367 → 1351<\/strong> (-16 for losing)\n|raw|crunchmunch6's rating: 1443 → 1459<\/strong> (+16 for winning)\n|c|\u2606Idk544|Gg\n","uploadtime":1682310582,"views":26,"p1id":"idk544","p2id":"crunchmunch6","formatid":"gen9vgc2023regulationc","rating":1351,"private":0,"password":""}