{"id":"gen9vgc2023regulationc-1857494784","p1":"powerofcouples","p2":"jigawoho","format":"[Gen 9] VGC 2023 Regulation C","log":"|j|\u2606powerofcouples\n|j|\u2606jigawoho\n|t:|1683201410\n|gametype|doubles\n|player|p1|powerofcouples|youngcouple-gen4dp|1182\n|player|p2|jigawoho|n|1165\n|teamsize|p1|6\n|teamsize|p2|6\n|gen|9\n|tier|[Gen 9] VGC 2023 Regulation C\n|rated|\n|rule|Species Clause: Limit one of each Pok\u00e9mon\n|rule|Item Clause: Limit one of each item\n|clearpoke\n|poke|p1|Ting-Lu, L50|\n|poke|p1|Palafin, L50, F|\n|poke|p1|Arcanine, L50, F|\n|poke|p1|Amoonguss, L50, F|\n|poke|p1|Flutter Mane, L50|\n|poke|p1|Kingambit, L50, M|\n|poke|p2|Ting-Lu, L50|\n|poke|p2|Flutter Mane, L50|\n|poke|p2|Gothitelle, L50, M|\n|poke|p2|Scream Tail, L50|\n|poke|p2|Arcanine, L50, M|\n|poke|p2|Brute Bonnet, L50|\n|teampreview|4\n|inactive|Battle timer is ON: inactive players will automatically lose when time's up. (requested by powerofcouples)\n|inactive|powerofcouples has 60 seconds left.\n|\n|t:|1683201453\n|start\n|switch|p1a: Kingambit|Kingambit, L50, M|100\/100\n|switch|p1b: Arcanine|Arcanine, L50, F|100\/100\n|switch|p2a: Flutter Mane|Flutter Mane, L50|100\/100\n|switch|p2b: Gothitelle|Gothitelle, L50, M|100\/100\n|-ability|p1b: Arcanine|Intimidate|boost\n|-unboost|p2a: Flutter Mane|atk|1\n|-unboost|p2b: Gothitelle|atk|1\n|turn|1\n|\n|t:|1683201477\n|-terastallize|p2a: Flutter Mane|Fairy\n|move|p2b: Gothitelle|Fake Out|p1b: Arcanine\n|-damage|p1b: Arcanine|96\/100\n|move|p2a: Flutter Mane|Dazzling Gleam|p1a: Kingambit|[spread] p1a,p1b\n|-resisted|p1b: Arcanine\n|-damage|p1a: Kingambit|50\/100\n|-damage|p1b: Arcanine|64\/100\n|-damage|p2a: Flutter Mane|90\/100|[from] item: Life Orb\n|cant|p1b: Arcanine|flinch\n|move|p1a: Kingambit|Swords Dance|p1a: Kingambit\n|-boost|p1a: Kingambit|atk|2\n|\n|upkeep\n|turn|2\n|\n|t:|1683201496\n|move|p1a: Kingambit|Sucker Punch|p2a: Flutter Mane\n|-resisted|p2a: Flutter Mane\n|-damage|p2a: Flutter Mane|0 fnt\n|faint|p2a: Flutter Mane\n|-end|p2a: Flutter Mane|Protosynthesis|[silent]\n|move|p1b: Arcanine|Flare Blitz|p2b: Gothitelle\n|-damage|p2b: Gothitelle|45\/100\n|-enditem|p2b: Gothitelle|Sitrus Berry|[eat]\n|-heal|p2b: Gothitelle|69\/100|[from] item: Sitrus Berry\n|-damage|p1b: Arcanine|44\/100|[from] Recoil\n|move|p2b: Gothitelle|Psychic|p1b: Arcanine\n|-damage|p1b: Arcanine|9\/100\n|\n|upkeep\n|\n|t:|1683201509\n|switch|p2a: Ting-Lu|Ting-Lu, L50|100\/100\n|-ability|p2a: Ting-Lu|Vessel of Ruin\n|turn|3\n|\n|t:|1683201524\n|move|p2b: Gothitelle|Protect|p2b: Gothitelle\n|-singleturn|p2b: Gothitelle|Protect\n|move|p1a: Kingambit|Protect|p1a: Kingambit\n|-singleturn|p1a: Kingambit|Protect\n|move|p1b: Arcanine|Will-O-Wisp|p2a: Ting-Lu|[miss]\n|-miss|p1b: Arcanine|p2a: Ting-Lu\n|move|p2a: Ting-Lu|Heavy Slam|p1b: Arcanine\n|-resisted|p1b: Arcanine\n|-damage|p1b: Arcanine|0 fnt\n|faint|p1b: Arcanine\n|\n|upkeep\n|\n|t:|1683201534\n|switch|p1b: Palafin|Palafin, L50, F|100\/100\n|turn|4\n|inactive|powerofcouples has 30 seconds left.\n|\n|t:|1683201561\n|switch|p2a: Scream Tail|Scream Tail, L50|100\/100\n|move|p1b: Palafin|Protect|p1b: Palafin\n|-singleturn|p1b: Palafin|Protect\n|move|p2b: Gothitelle|Heal Pulse|p2a: Scream Tail\n|-fail|p2a: Scream Tail|heal\n|move|p1a: Kingambit|Kowtow Cleave|p2b: Gothitelle\n|-supereffective|p2b: Gothitelle\n|-damage|p2b: Gothitelle|0 fnt\n|faint|p2b: Gothitelle\n|\n|upkeep\n|\n|t:|1683201572\n|switch|p2b: Ting-Lu|Ting-Lu, L50|100\/100\n|-ability|p2b: Ting-Lu|Vessel of Ruin\n|turn|5\n|\n|t:|1683201591\n|detailschange|p1b: Palafin|Palafin-Hero, L50, F\n|switch|p1b: Flutter Mane|Flutter Mane, L50|100\/100\n|move|p2a: Scream Tail|Encore||[still]\n|-fail|p2a: Scream Tail\n|move|p1a: Kingambit|Kowtow Cleave|p2a: Scream Tail\n|-damage|p2a: Scream Tail|26\/100\n|move|p2b: Ting-Lu|Stomping Tantrum|p1a: Kingambit\n|-supereffective|p1a: Kingambit\n|-damage|p1a: Kingambit|0 fnt\n|faint|p1a: Kingambit\n|\n|upkeep\n|\n|t:|1683201599\n|switch|p1a: Palafin|Palafin-Hero, L50, F|100\/100\n|-activate|p1a: Palafin|ability: Zero to Hero\n|turn|6\n|\n|t:|1683201614\n|-terastallize|p1b: Flutter Mane|Water\n|move|p2a: Scream Tail|Protect|p2a: Scream Tail\n|-singleturn|p2a: Scream Tail|Protect\n|move|p1a: Palafin|Jet Punch|p2a: Scream Tail\n|-activate|p2a: Scream Tail|move: Protect\n|move|p1b: Flutter Mane|Moonblast|p2b: Ting-Lu\n|-supereffective|p2b: Ting-Lu\n|-damage|p2b: Ting-Lu|39\/100\n|move|p2b: Ting-Lu|Heavy Slam|p1b: Flutter Mane\n|-resisted|p1b: Flutter Mane\n|-damage|p1b: Flutter Mane|56\/100\n|\n|upkeep\n|turn|7\n|\n|t:|1683201632\n|move|p1a: Palafin|Jet Punch|p2a: Scream Tail\n|-crit|p2a: Scream Tail\n|-damage|p2a: Scream Tail|0 fnt\n|faint|p2a: Scream Tail\n|-end|p2a: Scream Tail|Protosynthesis|[silent]\n|move|p1b: Flutter Mane|Moonblast|p2b: Ting-Lu\n|-supereffective|p2b: Ting-Lu\n|-damage|p2b: Ting-Lu|0 fnt\n|faint|p2b: Ting-Lu\n|\n|win|powerofcouples\n|raw|powerofcouples's rating: 1182 → 1206<\/strong> (+24 for winning)\n|raw|jigawoho's rating: 1165 → 1141<\/strong> (-24 for losing)\n|l|\u2606jigawoho\n","uploadtime":1683201671,"views":6,"p1id":"powerofcouples","p2id":"jigawoho","formatid":"gen9vgc2023regulationc","rating":1141,"private":0,"password":""}