{"id":"gen9vgc2023regulationc-1862780031","p1":"bsentinel","p2":"sotero23","format":"[Gen 9] VGC 2023 Regulation C","log":"|j|\u2606bsentinel\n|j|\u2606sotero23\n|t:|1683921145\n|gametype|doubles\n|player|p1|bsentinel|1|1479\n|player|p2|sotero23|veteran|1484\n|teamsize|p1|6\n|teamsize|p2|6\n|gen|9\n|tier|[Gen 9] VGC 2023 Regulation C\n|rated|\n|rule|Species Clause: Limit one of each Pok\u00e9mon\n|rule|Item Clause: Limit one of each item\n|clearpoke\n|poke|p1|Gastrodon, L50, F|\n|poke|p1|Iron Hands, L50|\n|poke|p1|Scream Tail, L50|\n|poke|p1|Gyarados, L50, M|\n|poke|p1|Amoonguss, L50, M|\n|poke|p1|Dragapult, L50, M|\n|poke|p2|Gyarados, L50, M|\n|poke|p2|Murkrow, L50, M|\n|poke|p2|Great Tusk, L50|\n|poke|p2|Flutter Mane, L50|\n|poke|p2|Chi-Yu, L50|\n|poke|p2|Gholdengo, L50|\n|teampreview|4\nsotero23 has agreed to open team sheets.\n|inactive|Battle timer is ON: inactive players will automatically lose when time's up. (requested by bsentinel)\nbsentinel rejected open team sheets.\n|\n|t:|1683921196\n|start\n|switch|p1a: Gyarados|Gyarados, L50, M|100\/100\n|switch|p1b: Scream Tail|Scream Tail, L50|100\/100\n|switch|p2a: Murkrow|Murkrow, L50, M|100\/100\n|switch|p2b: Flutter Mane|Flutter Mane, L50|100\/100\n|-ability|p1a: Gyarados|Intimidate|boost\n|-unboost|p2a: Murkrow|atk|1\n|-unboost|p2b: Flutter Mane|atk|1\n|-enditem|p1b: Scream Tail|Booster Energy\n|-activate|p1b: Scream Tail|ability: Protosynthesis|[fromitem]\n|-start|p1b: Scream Tail|protosynthesisspe\n|turn|1\n|\n|t:|1683921218\n|switch|p1a: Gastrodon|Gastrodon, L50, F|100\/100\n|-terastallize|p2b: Flutter Mane|Fairy\n|move|p2a: Murkrow|Sunny Day|p2a: Murkrow\n|-weather|SunnyDay\n|-activate|p2b: Flutter Mane|ability: Protosynthesis\n|-start|p2b: Flutter Mane|protosynthesisspa\n|move|p1b: Scream Tail|Encore|p2a: Murkrow\n|-start|p2a: Murkrow|Encore\n|move|p2b: Flutter Mane|Moonblast|p1a: Gastrodon\n|-damage|p1a: Gastrodon|0 fnt\n|faint|p1a: Gastrodon\n|\n|-weather|SunnyDay|[upkeep]\n|upkeep\n|\n|t:|1683921235\n|switch|p1a: Iron Hands|Iron Hands, L50|100\/100\n|turn|2\n|\n|t:|1683921252\n|-end|p2b: Flutter Mane|Protosynthesis|[silent]\n|switch|p2b: Gholdengo|Gholdengo, L50|100\/100\n|switch|p2a: Chi-Yu|Chi-Yu, L50|100\/100\n|-ability|p2a: Chi-Yu|Beads of Ruin\n|-terastallize|p1a: Iron Hands|Fire\n|move|p1b: Scream Tail|Howl|p1b: Scream Tail|[spread] p1a,p1b\n|-boost|p1a: Iron Hands|atk|1\n|-boost|p1b: Scream Tail|atk|1\n|move|p1a: Iron Hands|Wild Charge|p2b: Gholdengo\n|-damage|p2b: Gholdengo|25\/100\n|-damage|p1a: Iron Hands|86\/100|[from] Recoil\n|\n|-weather|SunnyDay|[upkeep]\n|-heal|p2b: Gholdengo|31\/100|[from] item: Leftovers\n|upkeep\n|turn|3\n|\n|t:|1683921272\n|move|p2b: Gholdengo|Protect|p2b: Gholdengo\n|-singleturn|p2b: Gholdengo|Protect\n|move|p1b: Scream Tail|Howl|p1b: Scream Tail|[spread] p1a,p1b\n|-boost|p1a: Iron Hands|atk|1\n|-boost|p1b: Scream Tail|atk|1\n|move|p2a: Chi-Yu|Dark Pulse|p1a: Iron Hands\n|-damage|p1a: Iron Hands|50\/100\n|cant|p1a: Iron Hands|flinch\n|\n|-weather|SunnyDay|[upkeep]\n|-heal|p2b: Gholdengo|37\/100|[from] item: Leftovers\n|upkeep\n|turn|4\n|\n|t:|1683921287\n|move|p1b: Scream Tail|Play Rough|p2a: Chi-Yu\n|-damage|p2a: Chi-Yu|26\/100\n|move|p2a: Chi-Yu|Dark Pulse|p1a: Iron Hands\n|-damage|p1a: Iron Hands|16\/100\n|move|p2b: Gholdengo|Shadow Ball|p1a: Iron Hands\n|-damage|p1a: Iron Hands|0 fnt\n|faint|p1a: Iron Hands\n|-end|p1a: Iron Hands|Quark Drive|[silent]\n|\n|-weather|SunnyDay|[upkeep]\n|-heal|p2b: Gholdengo|44\/100|[from] item: Leftovers\n|upkeep\n|\n|t:|1683921292\n|switch|p1a: Gyarados|Gyarados, L50, M|100\/100\n|-ability|p1a: Gyarados|Intimidate|boost\n|-unboost|p2a: Chi-Yu|atk|1\n|-unboost|p2b: Gholdengo|atk|1\n|turn|5\n|inactive|sotero23 has 30 seconds left.\n|inactive|bsentinel has 30 seconds left.\n|\n|t:|1683921336\n|move|p2b: Gholdengo|Protect|p2b: Gholdengo\n|-singleturn|p2b: Gholdengo|Protect\n|move|p1b: Scream Tail|Play Rough|p2b: Gholdengo\n|-activate|p2b: Gholdengo|move: Protect\n|move|p2a: Chi-Yu|Dark Pulse|p1a: Gyarados\n|-damage|p1a: Gyarados|47\/100\n|move|p1a: Gyarados|Waterfall|p2b: Gholdengo\n|-activate|p2b: Gholdengo|move: Protect\n|\n|-weather|none\n|-heal|p2b: Gholdengo|50\/100|[from] item: Leftovers\n|upkeep\n|turn|6\n|-message|bsentinel forfeited.\n|\n|win|sotero23\n|raw|bsentinel's rating: 1479 → 1459<\/strong> (-20 for losing)\n|raw|sotero23's rating: 1484 → 1504<\/strong> (+20 for winning)\n|l|\u2606bsentinel\n","uploadtime":1683921352,"views":11,"p1id":"bsentinel","p2id":"sotero23","formatid":"gen9vgc2023regulationc","rating":1459,"private":0,"password":""}