{"id":"gen9vgc2023regulationc-1847398357","p1":"collysnobbles","p2":"oskkky","format":"[Gen 9] VGC 2023 Regulation C","log":"|j|\u2606collysnobbles\n|j|\u2606oskkky\n|t:|1681950464\n|gametype|doubles\n|player|p1|collysnobbles|cheryl|1074\n|player|p2|oskkky|steven|1058\n|teamsize|p1|6\n|teamsize|p2|6\n|gen|9\n|tier|[Gen 9] VGC 2023 Regulation C\n|rated|\n|rule|Species Clause: Limit one of each Pok\u00e9mon\n|rule|Item Clause: Limit one of each item\n|clearpoke\n|poke|p1|Pelipper, L50, M|\n|poke|p1|Surskit, L50, M|\n|poke|p1|Breloom, L50, M|\n|poke|p1|Salamence, L50, M|\n|poke|p1|Glalie, L50, F|\n|poke|p1|Gardevoir, L50, F|\n|poke|p2|Palafin, L50, M|\n|poke|p2|Toxapex, L50, F|\n|poke|p2|Slowking, L50, M|\n|poke|p2|Pelipper, L50, M|\n|poke|p2|Drednaw, L50, F|\n|poke|p2|Chien-Pao, L50|\n|teampreview|4\n|inactive|Battle timer is ON: inactive players will automatically lose when time's up. (requested by oskkky)\n|\n|t:|1681950505\n|start\n|switch|p1a: Surskit|Surskit, L50, M|100\/100\n|switch|p1b: Glalie|Glalie, L50, F|100\/100\n|switch|p2a: Palafin|Palafin, L50, M|100\/100\n|switch|p2b: Chien-Pao|Chien-Pao, L50|100\/100\n|-ability|p2b: Chien-Pao|Sword of Ruin\n|turn|1\n|inactive|oskkky has 30 seconds left.\n|\n|t:|1681950531\n|detailschange|p2a: Palafin|Palafin-Hero, L50, M\n|switch|p2a: Slowking|Slowking, L50, M|100\/100\n|move|p1b: Glalie|Protect|p1b: Glalie\n|-singleturn|p1b: Glalie|Protect\n|move|p2b: Chien-Pao|Sacred Sword|p1b: Glalie\n|-activate|p1b: Glalie|move: Protect\n|move|p1a: Surskit|Icy Wind|p2a: Slowking|[spread] p2a,p2b\n|-resisted|p2a: Slowking\n|-resisted|p2b: Chien-Pao\n|-damage|p2a: Slowking|99\/100\n|-damage|p2b: Chien-Pao|97\/100\n|-unboost|p2a: Slowking|spe|1\n|-unboost|p2b: Chien-Pao|spe|1\n|-enditem|p2a: Slowking|Eject Button\n|\n|t:|1681950544\n|switch|p2a: Palafin|Palafin-Hero, L50, M|100\/100\n|-activate|p2a: Palafin|ability: Zero to Hero\n|\n|-ability|p1b: Glalie|Moody|boost\n|-boost|p1b: Glalie|spa|2\n|-unboost|p1b: Glalie|spe|1\n|upkeep\n|turn|2\n|inactive|collysnobbles has 30 seconds left.\n|inactive|oskkky has 30 seconds left.\n|inactive|collysnobbles has 20 seconds left.\n|inactive|oskkky has 20 seconds left.\n|inactive|collysnobbles has 15 seconds left.\n|\n|t:|1681950584\n|switch|p1a: Breloom|Breloom, L50, M|100\/100\n|switch|p1b: Gardevoir|Gardevoir, L50, F|100\/100\n|-ability|p1b: Gardevoir|Sword of Ruin\n|-ability|p1b: Gardevoir|Sword of Ruin|[from] ability: Trace|[of] p2b: Chien-Pao\n|move|p2a: Palafin|Iron Head|p1b: Gardevoir\n|-supereffective|p1b: Gardevoir\n|-damage|p1b: Gardevoir|0 fnt\n|faint|p1b: Gardevoir\n|move|p2b: Chien-Pao|Dark Pulse|p1a: Breloom\n|-resisted|p1a: Breloom\n|-damage|p1a: Breloom|65\/100\n|-damage|p2b: Chien-Pao|87\/100|[from] item: Life Orb\n|\n|upkeep\n|\n|t:|1681950600\n|switch|p1b: Glalie|Glalie, L50, F|100\/100\n|turn|3\n|inactive|oskkky has 30 seconds left.\n|\n|t:|1681950638\n|-terastallize|p2a: Palafin|Steel\n|move|p1b: Glalie|Protect|p1b: Glalie\n|-singleturn|p1b: Glalie|Protect\n|move|p2a: Palafin|Iron Head|p1a: Breloom\n|-damage|p1a: Breloom|0 fnt\n|faint|p1a: Breloom\n|move|p2b: Chien-Pao|Ice Fang|p1b: Glalie\n|-activate|p1b: Glalie|move: Protect\n|\n|-ability|p1b: Glalie|Moody|boost\n|-boost|p1b: Glalie|def|2\n|-unboost|p1b: Glalie|atk|1\n|upkeep\n|\n|t:|1681950647\n|switch|p1a: Surskit|Surskit, L50, M|100\/100\n|turn|4\n|inactive|collysnobbles has 30 seconds left.\n|\n|t:|1681950681\n|-terastallize|p1b: Glalie|Steel\n|move|p2a: Palafin|Haze|p2a: Palafin\n|-clearallboost\n|move|p2b: Chien-Pao|Sacred Sword|p1b: Glalie\n|-supereffective|p1b: Glalie\n|-damage|p1b: Glalie|0 fnt\n|faint|p1b: Glalie\n|-damage|p2b: Chien-Pao|77\/100|[from] item: Life Orb\n|move|p1a: Surskit|Power Split|p2a: Palafin\n|-activate|p1a: Surskit|move: Power Split|[of] p2a: Palafin\n|\n|upkeep\n|turn|5\n|-message|collysnobbles forfeited.\n|\n|win|oskkky\n|raw|collysnobbles's rating: 1074 → 1052<\/strong> (-22 for losing)\n|raw|oskkky's rating: 1058 → 1091<\/strong> (+33 for winning)\n|l|\u2606collysnobbles\n","uploadtime":1681950695,"views":4,"p1id":"collysnobbles","p2id":"oskkky","formatid":"gen9vgc2023regulationc","rating":1052,"private":0,"password":""}