{"id":"gen9vgc2023regulationc-1862673673","p1":"i am at work","p2":"Taxibird","format":"[Gen 9] VGC 2023 Regulation C","log":"|j|\u2606i am at work\n|j|\u2606Taxibird\n|t:|1683911006\n|gametype|doubles\n|player|p1|i am at work|170|1293\n|player|p2|Taxibird|giovanni|1214\n|teamsize|p1|6\n|teamsize|p2|6\n|gen|9\n|tier|[Gen 9] VGC 2023 Regulation C\n|rated|\n|rule|Species Clause: Limit one of each Pok\u00e9mon\n|rule|Item Clause: Limit one of each item\n|clearpoke\n|poke|p1|Orthworm, L50, M|\n|poke|p1|Dragonite, L50, M|\n|poke|p1|Ting-Lu, L50|\n|poke|p1|Arcanine, L50, M|\n|poke|p1|Flutter Mane, L50|\n|poke|p1|Azumarill, L50, M|\n|poke|p2|Flutter Mane, L50|\n|poke|p2|Great Tusk, L50|\n|poke|p2|Palafin, L50, F|\n|poke|p2|Arcanine, L50, M|\n|poke|p2|Grimmsnarl, L50, M|\n|poke|p2|Dragonite, L50, F|\n|teampreview|4\ni am at work has agreed to open team sheets.\nTaxibird has agreed to open team sheets.\n|inactive|Battle timer is ON: inactive players will automatically lose when time's up. (requested by i am at work)\n|\n|t:|1683911055\n|start\n|switch|p1a: Arcanine|Arcanine, L50, M|100\/100\n|switch|p1b: Orthworm|Orthworm, L50, M|100\/100\n|switch|p2a: Arcanine|Arcanine, L50, M|100\/100\n|switch|p2b: Palafin|Palafin, L50, F, shiny|100\/100\n|-ability|p1a: Arcanine|Intimidate|boost\n|-unboost|p2a: Arcanine|atk|1\n|-unboost|p2b: Palafin|atk|1\n|-ability|p2a: Arcanine|Intimidate|boost\n|-unboost|p1a: Arcanine|atk|1\n|-unboost|p1b: Orthworm|atk|1\n|turn|1\n|\n|t:|1683911075\n|-terastallize|p2b: Palafin|Water\n|move|p2b: Palafin|Flip Turn|p1a: Arcanine\n|-supereffective|p1a: Arcanine\n|-damage|p1a: Arcanine|40\/100\n|\n|t:|1683911080\n|detailschange|p2b: Palafin|Palafin-Hero, L50, F, shiny, tera:Water\n|switch|p2b: Grimmsnarl|Grimmsnarl, L50, M, shiny|100\/100|[from] Flip Turn\n|move|p1a: Arcanine|Will-O-Wisp|p2b: Grimmsnarl\n|-status|p2b: Grimmsnarl|brn\n|move|p2a: Arcanine|Flare Blitz|p1b: Orthworm\n|-supereffective|p1b: Orthworm\n|-damage|p1b: Orthworm|54\/100\n|-damage|p2a: Arcanine|87\/100|[from] Recoil\n|move|p1b: Orthworm|Shed Tail|p1b: Orthworm\n|-start|p1b: Orthworm|Substitute|[from] move: Shed Tail\n|-damage|p1b: Orthworm|4\/100\n|-enditem|p1b: Orthworm|Sitrus Berry|[eat]\n|-heal|p1b: Orthworm|29\/100|[from] item: Sitrus Berry\n|\n|t:|1683911093\n|switch|p1b: Dragonite|Dragonite, L50, M|100\/100|[from] Shed Tail\n|\n|-damage|p2b: Grimmsnarl|95\/100 brn|[from] brn\n|upkeep\n|turn|2\n|inactive|Taxibird has 30 seconds left.\n|inactive|Taxibird has 20 seconds left.\n|\n|t:|1683911131\n|move|p2b: Grimmsnarl|Fake Out|p1a: Arcanine\n|-damage|p1a: Arcanine|33\/100\n|cant|p1a: Arcanine|flinch\n|move|p1b: Dragonite|Dragon Dance|p1b: Dragonite\n|-boost|p1b: Dragonite|atk|1\n|-boost|p1b: Dragonite|spe|1\n|move|p2a: Arcanine|Flare Blitz|p1b: Dragonite\n|-resisted|p1b: Dragonite\n|-activate|p1b: Dragonite|move: Substitute|[damage]\n|-damage|p2a: Arcanine|84\/100|[from] Recoil|[of] p1b: Dragonite\n|\n|-damage|p2b: Grimmsnarl|89\/100 brn|[from] brn\n|upkeep\n|turn|3\n|\n|t:|1683911156\n|switch|p1a: Orthworm|Orthworm, L50, M|29\/100\n|move|p2a: Arcanine|Extreme Speed|p1b: Dragonite\n|-activate|p1b: Dragonite|move: Substitute|[damage]\n|move|p2b: Grimmsnarl|Reflect|p2b: Grimmsnarl\n|-sidestart|p2: Taxibird|Reflect\n|move|p1b: Dragonite|Earthquake|p2a: Arcanine|[spread] p2a,p2b\n|-heal|p1a: Orthworm|54\/100|[from] ability: Earth Eater|[of] p1b: Dragonite\n|-supereffective|p2a: Arcanine\n|-damage|p2a: Arcanine|33\/100\n|-damage|p2b: Grimmsnarl|62\/100 brn\n|\n|-damage|p2b: Grimmsnarl|56\/100 brn|[from] brn\n|upkeep\n|turn|4\n|\n|t:|1683911172\n|move|p1b: Dragonite|Earthquake|p2b: Grimmsnarl|[spread] p2a,p2b\n|-heal|p1a: Orthworm|79\/100|[from] ability: Earth Eater|[of] p1b: Dragonite\n|-supereffective|p2a: Arcanine\n|-damage|p2a: Arcanine|0 fnt\n|-damage|p2b: Grimmsnarl|30\/100 brn\n|faint|p2a: Arcanine\n|move|p1a: Orthworm|Iron Defense|p1a: Orthworm\n|-boost|p1a: Orthworm|def|2\n|move|p2b: Grimmsnarl|Spirit Break|p1b: Dragonite\n|-supereffective|p1b: Dragonite\n|-end|p1b: Dragonite|Substitute\n|\n|-damage|p2b: Grimmsnarl|24\/100 brn|[from] brn\n|upkeep\n|\n|t:|1683911182\n|switch|p2a: Palafin|Palafin-Hero, L50, F, shiny, tera:Water|100\/100\n|-activate|p2a: Palafin|ability: Zero to Hero\n|turn|5\n|\n|t:|1683911189\n|move|p1b: Dragonite|Earthquake|p2b: Grimmsnarl|[spread] p2a,p2b\n|-heal|p1a: Orthworm|100\/100|[from] ability: Earth Eater|[of] p1b: Dragonite\n|-damage|p2a: Palafin|75\/100\n|-damage|p2b: Grimmsnarl|0 fnt\n|faint|p2b: Grimmsnarl\n|move|p2a: Palafin|Close Combat|p1a: Orthworm\n|-supereffective|p1a: Orthworm\n|-damage|p1a: Orthworm|52\/100\n|-unboost|p2a: Palafin|def|1\n|-unboost|p2a: Palafin|spd|1\n|move|p1a: Orthworm|Iron Defense|p1a: Orthworm\n|-boost|p1a: Orthworm|def|2\n|\n|upkeep\n|\n|t:|1683911198\n|switch|p2b: Flutter Mane|Flutter Mane, L50, shiny|100\/100\n|turn|6\n|inactive|i am at work has 30 seconds left.\n|\n|t:|1683911232\n|-terastallize|p1b: Dragonite|Flying\n|move|p1b: Dragonite|Tera Blast|p2b: Flutter Mane\n|-enditem|p2b: Flutter Mane|Focus Sash\n|-damage|p2b: Flutter Mane|1\/100\n|move|p2b: Flutter Mane|Mystical Fire|p1a: Orthworm\n|-supereffective|p1a: Orthworm\n|-damage|p1a: Orthworm|0 fnt\n|faint|p1a: Orthworm\n|move|p2a: Palafin|Close Combat|p1b: Dragonite\n|-resisted|p1b: Dragonite\n|-damage|p1b: Dragonite|82\/100\n|-unboost|p2a: Palafin|def|1\n|-unboost|p2a: Palafin|spd|1\n|\n|upkeep\n|\n|t:|1683911244\n|switch|p1a: Arcanine|Arcanine, L50, M|33\/100\n|-ability|p1a: Arcanine|Intimidate|boost\n|-unboost|p2a: Palafin|atk|1\n|-unboost|p2b: Flutter Mane|atk|1\n|turn|7\n|\n|t:|1683911256\n|move|p1a: Arcanine|Extreme Speed|p2a: Palafin\n|-damage|p2a: Palafin|48\/100\n|move|p1b: Dragonite|Earthquake|p2b: Flutter Mane|[spread] p1a,p2a,p2b\n|-supereffective|p1a: Arcanine\n|-damage|p1a: Arcanine|0 fnt\n|-damage|p2a: Palafin|0 fnt\n|-damage|p2b: Flutter Mane|0 fnt\n|faint|p1a: Arcanine\n|faint|p2a: Palafin\n|faint|p2b: Flutter Mane\n|-end|p2b: Flutter Mane|Protosynthesis|[silent]\n|\n|win|i am at work\n|raw|i am at work's rating: 1293 → 1312<\/strong> (+19 for winning)\n|raw|Taxibird's rating: 1214 → 1195<\/strong> (-19 for losing)\n","uploadtime":1683911266,"views":14,"p1id":"iamatwork","p2id":"taxibird","formatid":"gen9vgc2023regulationc","rating":1195,"private":0,"password":""}