{"id":"gen9vgc2023regulationc-1850743492","p1":"Bolo01","p2":"kaizerfattah","format":"[Gen 9] VGC 2023 Regulation C","log":"|j|\u2606Bolo01\n|j|\u2606kaizerfattah\n|t:|1682363884\n|gametype|doubles\n|player|p1|Bolo01|102|1357\n|player|p2|kaizerfattah|hilda-wonderlauncher|1358\n|teamsize|p1|6\n|teamsize|p2|6\n|gen|9\n|tier|[Gen 9] VGC 2023 Regulation C\n|rated|\n|rule|Species Clause: Limit one of each Pok\u00e9mon\n|rule|Item Clause: Limit one of each item\n|clearpoke\n|poke|p1|Chien-Pao, L50|\n|poke|p1|Garchomp, L50, M|\n|poke|p1|Annihilape, L50, F|\n|poke|p1|Tinkaton, L50, F|\n|poke|p1|Kingambit, L50, M|\n|poke|p1|Honchkrow, L50, F|\n|poke|p2|Dachsbun, L50, F|\n|poke|p2|Flutter Mane, L50|\n|poke|p2|Baxcalibur, L50, F|\n|poke|p2|Chi-Yu, L50|\n|poke|p2|Azumarill, L50, F|\n|poke|p2|Iron Hands, L50|\n|teampreview|4\n|inactive|Battle timer is ON: inactive players will automatically lose when time's up. (requested by kaizerfattah)\n|inactive|kaizerfattah has 60 seconds left.\n|\n|t:|1682363940\n|start\n|switch|p1a: Annihilape|Annihilape, L50, F|100\/100\n|switch|p1b: Tinkaton|Tinkaton, L50, F|100\/100\n|switch|p2a: Chi-Yu|Chi-Yu, L50|100\/100\n|switch|p2b: Baxcalibur|Baxcalibur, L50, F|100\/100\n|-ability|p2a: Chi-Yu|Beads of Ruin\n|-ability|p1b: Tinkaton|Mold Breaker\n|turn|1\n|inactive|kaizerfattah has 30 seconds left.\n|\n|t:|1682363975\n|switch|p2a: Iron Hands|Iron Hands, L50|100\/100\n|-terastallize|p1a: Annihilape|Fire\n|move|p1b: Tinkaton|Fake Out|p2b: Baxcalibur\n|-damage|p2b: Baxcalibur|92\/100\n|move|p1a: Annihilape|Rage Fist|p2a: Iron Hands\n|-damage|p2a: Iron Hands|84\/100\n|cant|p2b: Baxcalibur|flinch\n|\n|upkeep\n|turn|2\n|\n|t:|1682363995\n|move|p1b: Tinkaton|Protect|p1b: Tinkaton\n|-singleturn|p1b: Tinkaton|Protect\n|move|p1a: Annihilape|Protect|p1a: Annihilape\n|-singleturn|p1a: Annihilape|Protect\n|move|p2a: Iron Hands|Fake Out|p1a: Annihilape\n|-activate|p1a: Annihilape|move: Protect\n|move|p2b: Baxcalibur|Glaive Rush|p1a: Annihilape\n|-activate|p1a: Annihilape|move: Protect\n|\n|upkeep\n|turn|3\n|inactive|Bolo01 has 30 seconds left.\n|inactive|Bolo01 has 20 seconds left.\n|inactive|Bolo01 has 15 seconds left.\n|inactive|Bolo01 has 10 seconds left.\n|\n|t:|1682364043\n|-end|p2a: Iron Hands|Quark Drive|[silent]\n|switch|p2a: Chi-Yu|Chi-Yu, L50|100\/100\n|-ability|p2a: Chi-Yu|Beads of Ruin\n|move|p2b: Baxcalibur|Protect|p2b: Baxcalibur\n|-singleturn|p2b: Baxcalibur|Protect\n|move|p1b: Tinkaton|Gigaton Hammer|p2b: Baxcalibur\n|-activate|p2b: Baxcalibur|move: Protect\n|move|p1a: Annihilape|Bulk Up|p1a: Annihilape\n|-boost|p1a: Annihilape|atk|1\n|-boost|p1a: Annihilape|def|1\n|\n|upkeep\n|turn|4\n|\n|t:|1682364067\n|-terastallize|p2b: Baxcalibur|Water\n|move|p1b: Tinkaton|Protect|p1b: Tinkaton\n|-singleturn|p1b: Tinkaton|Protect\n|move|p2a: Chi-Yu|Lava Plume|p1b: Tinkaton|[spread] p2b,p1a\n|-activate|p1b: Tinkaton|move: Protect\n|-resisted|p2b: Baxcalibur\n|-resisted|p1a: Annihilape\n|-damage|p2b: Baxcalibur|74\/100\n|-damage|p1a: Annihilape|80\/100\n|-ability|p2b: Baxcalibur|Thermal Exchange|boost\n|-boost|p2b: Baxcalibur|atk|1\n|move|p1a: Annihilape|Drain Punch|p2a: Chi-Yu\n|-supereffective|p2a: Chi-Yu\n|-damage|p2a: Chi-Yu|0 fnt\n|-heal|p1a: Annihilape|100\/100|[from] drain|[of] p2a: Chi-Yu\n|faint|p2a: Chi-Yu\n|move|p2b: Baxcalibur|Glaive Rush|p1a: Annihilape\n|-damage|p1a: Annihilape|43\/100\n|-singlemove|p2b: Baxcalibur|Glaive Rush|[silent]\n|\n|-heal|p1a: Annihilape|49\/100|[from] item: Leftovers\n|upkeep\n|\n|t:|1682364088\n|switch|p2a: Flutter Mane|Flutter Mane, L50|100\/100\n|-enditem|p2a: Flutter Mane|Booster Energy\n|-activate|p2a: Flutter Mane|ability: Protosynthesis|[fromitem]\n|-start|p2a: Flutter Mane|protosynthesisspe\n|turn|5\n|\n|t:|1682364099\n|move|p2a: Flutter Mane|Protect|p2a: Flutter Mane\n|-singleturn|p2a: Flutter Mane|Protect\n|move|p1a: Annihilape|Protect|p1a: Annihilape\n|-singleturn|p1a: Annihilape|Protect\n|move|p2b: Baxcalibur|Protect|p2b: Baxcalibur\n|-singleturn|p2b: Baxcalibur|Protect\n|move|p1b: Tinkaton|Gigaton Hammer|p2a: Flutter Mane\n|-activate|p2a: Flutter Mane|move: Protect\n|\n|-heal|p1a: Annihilape|55\/100|[from] item: Leftovers\n|upkeep\n|turn|6\n|inactive|kaizerfattah has 30 seconds left.\n|\n|t:|1682364126\n|move|p1b: Tinkaton|Protect|p1b: Tinkaton\n|-singleturn|p1b: Tinkaton|Protect\n|move|p2a: Flutter Mane|Shadow Ball|p1a: Annihilape\n|-damage|p1a: Annihilape|21\/100\n|move|p1a: Annihilape|Rage Fist|p2a: Flutter Mane\n|-supereffective|p2a: Flutter Mane\n|-damage|p2a: Flutter Mane|0 fnt\n|faint|p2a: Flutter Mane\n|-end|p2a: Flutter Mane|Protosynthesis|[silent]\n|move|p2b: Baxcalibur|Icicle Spear|p1a: Annihilape\n|-resisted|p1a: Annihilape\n|-crit|p1a: Annihilape\n|-damage|p1a: Annihilape|6\/100\n|-resisted|p1a: Annihilape\n|-damage|p1a: Annihilape|0 fnt\n|faint|p1a: Annihilape\n|-hitcount|p1: Annihilape|2\n|\n|upkeep\n|inactive|Bolo01 has 30 seconds left.\n|\n|t:|1682364155\n|switch|p2a: Iron Hands|Iron Hands, L50|84\/100\n|switch|p1a: Jambaoleopard|Chien-Pao, L50|100\/100\n|-ability|p1a: Jambaoleopard|Sword of Ruin\n|turn|7\n|\n|t:|1682364170\n|move|p1a: Jambaoleopard|Protect|p1a: Jambaoleopard\n|-singleturn|p1a: Jambaoleopard|Protect\n|move|p2a: Iron Hands|Fake Out|p1b: Tinkaton\n|-resisted|p1b: Tinkaton\n|-damage|p1b: Tinkaton|90\/100\n|cant|p1b: Tinkaton|flinch\n|move|p2b: Baxcalibur|Icicle Spear|p1b: Tinkaton\n|-resisted|p1b: Tinkaton\n|-damage|p1b: Tinkaton|74\/100\n|-resisted|p1b: Tinkaton\n|-damage|p1b: Tinkaton|60\/100\n|-resisted|p1b: Tinkaton\n|-damage|p1b: Tinkaton|46\/100\n|-enditem|p1b: Tinkaton|Sitrus Berry|[eat]\n|-heal|p1b: Tinkaton|71\/100|[from] item: Sitrus Berry\n|-resisted|p1b: Tinkaton\n|-damage|p1b: Tinkaton|55\/100\n|-hitcount|p1b: Tinkaton|4\n|\n|upkeep\n|turn|8\n|inactive|kaizerfattah has 30 seconds left.\n|\n|t:|1682364196\n|move|p1b: Tinkaton|Helping Hand|p1a: Jambaoleopard\n|-singleturn|p1a: Jambaoleopard|Helping Hand|[of] p1b: Tinkaton\n|move|p1a: Jambaoleopard|Ice Spinner|p2a: Iron Hands\n|-crit|p2a: Iron Hands\n|-damage|p2a: Iron Hands|5\/100\n|move|p2b: Baxcalibur|Glaive Rush|p1a: Jambaoleopard\n|-enditem|p1a: Jambaoleopard|Focus Sash\n|-damage|p1a: Jambaoleopard|1\/100\n|-singlemove|p2b: Baxcalibur|Glaive Rush|[silent]\n|move|p2a: Iron Hands|Drain Punch|p1b: Tinkaton\n|-damage|p1b: Tinkaton|0 fnt\n|-heal|p2a: Iron Hands|27\/100|[from] drain|[of] p1b: Tinkaton\n|faint|p1b: Tinkaton\n|\n|upkeep\n|\n|t:|1682364207\n|switch|p1b: Kingambit|Kingambit, L50, M|100\/100\n|turn|9\n|inactive|Bolo01 has 30 seconds left.\n|inactive|Bolo01 has 20 seconds left.\n|inactive|Bolo01 has 15 seconds left.\n|inactive|Bolo01 has 10 seconds left.\n|\n|t:|1682364254\n|move|p2b: Baxcalibur|Protect|p2b: Baxcalibur\n|-singleturn|p2b: Baxcalibur|Protect\n|move|p1a: Jambaoleopard|Sucker Punch||[still]\n|-fail|p1a: Jambaoleopard\n|move|p2a: Iron Hands|Drain Punch|p1b: Kingambit\n|-supereffective|p1b: Kingambit\n|-damage|p1b: Kingambit|0 fnt\n|-heal|p2a: Iron Hands|71\/100|[from] drain|[of] p1b: Kingambit\n|faint|p1b: Kingambit\n|\n|upkeep\n|turn|10\n|inactive|Bolo01 has 30 seconds left.\n|\n|t:|1682364279\n|move|p2b: Baxcalibur|Ice Shard|p1a: Jambaoleopard\n|-resisted|p1a: Jambaoleopard\n|-damage|p1a: Jambaoleopard|0 fnt\n|faint|p1a: Jambaoleopard\n|\n|win|kaizerfattah\n|raw|Bolo01's rating: 1357 → 1337<\/strong> (-20 for losing)\n|raw|kaizerfattah's rating: 1358 → 1378<\/strong> (+20 for winning)\n|l|\u2606Bolo01\n","uploadtime":1682364500,"views":15,"p1id":"bolo01","p2id":"kaizerfattah","formatid":"gen9vgc2023regulationc","rating":1337,"private":0,"password":""}