{"id":"gen9vgc2023regulationc-1863398427","p1":"obo29","p2":"not mishmesh","format":"[Gen 9] VGC 2023 Regulation C","log":"|j|\u2606obo29\n|j|\u2606not mishmesh\n|t:|1684011921\n|gametype|doubles\n|player|p1|obo29|harlequin|\n|player|p2|not mishmesh|ninjaboy|\n|teamsize|p1|6\n|teamsize|p2|6\n|gen|9\n|tier|[Gen 9] VGC 2023 Regulation C\n|rule|Tera Type Preview: Tera Types are shown at Team Preview\n|rule|Species Clause: Limit one of each Pok\u00e9mon\n|rule|Item Clause: Limit one of each item\n|clearpoke\n|poke|p1|Ting-Lu, L50|\n|poke|p1|Amoonguss, L50, F|\n|poke|p1|Dondozo, L50, M|\n|poke|p1|Tatsugiri, L50, F|\n|poke|p1|Baxcalibur, L50, M|\n|poke|p1|Tauros-Paldea-Blaze, L50, M|\n|poke|p2|Vaporeon, L50, F|\n|poke|p2|Roaring Moon, L50|\n|poke|p2|Chi-Yu, L50|\n|poke|p2|Gholdengo, L50|\n|poke|p2|Breloom, L50, F|\n|poke|p2|Glimmora, L50, M|\n|teampreview|4\n|raw|obo29's Tera Types: \/ \/ \/ \/ \/ \n|raw|not mishmesh's Tera Types: \/ \/ \/ \/ \/ \n|c|\u2606not mishmesh|send the other 2\n|c|\u2606not mishmesh|lets start here\n|c|\u2606not mishmesh|glhf\n|c|\u2606obo29|glhf\\\n|inactive|Battle timer is ON: inactive players will automatically lose when time's up. (requested by not mishmesh)\n|\n|t:|1684012033\n|start\n|switch|p1a: Ting-Lu|Ting-Lu, L50|100\/100\n|switch|p1b: Amoonguss|Amoonguss, L50, F|100\/100\n|switch|p2a: Roaring Moon|Roaring Moon, L50|100\/100\n|switch|p2b: Gholdengo|Gholdengo, L50|100\/100\n|-ability|p1a: Ting-Lu|Vessel of Ruin\n|-enditem|p2a: Roaring Moon|Booster Energy\n|-activate|p2a: Roaring Moon|ability: Protosynthesis|[fromitem]\n|-start|p2a: Roaring Moon|protosynthesisspe\n|turn|1\n|c|\u2606not mishmesh|turning on timer if u dont mind\n|c|\u2606obo29|thats fine\n|inactive|obo29 has 30 seconds left.\n|inactive|not mishmesh has 30 seconds left.\n|inactive|not mishmesh has 20 seconds left.\n|inactive|not mishmesh has 15 seconds left.\n|\n|t:|1684012077\n|switch|p1b: Dondozo|Dondozo, L50, M|100\/100\n|-terastallize|p2a: Roaring Moon|Flying\n|move|p2a: Roaring Moon|Taunt|p1b: Dondozo\n|-start|p1b: Dondozo|move: Taunt\n|move|p2b: Gholdengo|Make It Rain|p1a: Ting-Lu|[spread] p1a,p1b\n|-resisted|p1b: Dondozo\n|-damage|p1a: Ting-Lu|73\/100\n|-damage|p1b: Dondozo|76\/100\n|-unboost|p2b: Gholdengo|spa|1\n|move|p1a: Ting-Lu|Fissure|p2b: Gholdengo|[miss]\n|-miss|p1a: Ting-Lu|p2b: Gholdengo\n|\n|upkeep\n|turn|2\n|inactive|obo29 has 30 seconds left.\n|\n|t:|1684012105\n|switch|p2b: Vaporeon|Vaporeon, L50, F|100\/100\n|move|p2a: Roaring Moon|Acrobatics|p1a: Ting-Lu\n|-damage|p1a: Ting-Lu|38\/100\n|move|p1a: Ting-Lu|Stomping Tantrum|p2b: Vaporeon\n|-crit|p2b: Vaporeon\n|-damage|p2b: Vaporeon|4\/100\n|move|p1b: Dondozo|Wave Crash|p2a: Roaring Moon\n|-damage|p2a: Roaring Moon|37\/100\n|-damage|p1b: Dondozo|59\/100|[from] Recoil\n|\n|-heal|p2b: Vaporeon|10\/100|[from] item: Leftovers\n|upkeep\n|turn|3\n|inactive|obo29 has 30 seconds left.\n|inactive|obo29 has 20 seconds left.\n|\n|t:|1684012143\n|move|p2a: Roaring Moon|Acrobatics|p1b: Dondozo\n|-damage|p1b: Dondozo|24\/100\n|-damage|p2a: Roaring Moon|20\/100|[from] item: Rocky Helmet|[of] p1b: Dondozo\n|move|p2b: Vaporeon|Muddy Water|p1b: Dondozo|[spread] p1b\n|-miss|p2b: Vaporeon|p1a: Ting-Lu\n|-resisted|p1b: Dondozo\n|-damage|p1b: Dondozo|15\/100\n|-unboost|p1b: Dondozo|accuracy|1\n|move|p1a: Ting-Lu|Stomping Tantrum|p2b: Vaporeon\n|-damage|p2b: Vaporeon|0 fnt\n|faint|p2b: Vaporeon\n|move|p1b: Dondozo|Wave Crash|p2a: Roaring Moon\n|-damage|p2a: Roaring Moon|0 fnt\n|faint|p2a: Roaring Moon\n|-end|p2a: Roaring Moon|Protosynthesis|[silent]\n|-damage|p1b: Dondozo|10\/100|[from] Recoil\n|\n|-end|p1b: Dondozo|move: Taunt\n|upkeep\n|\n|t:|1684012152\n|switch|p2a: Gholdengo|Gholdengo, L50|100\/100\n|switch|p2b: Chi-Yu|Chi-Yu, L50|100\/100\n|-ability|p2b: Chi-Yu|Beads of Ruin\n|turn|4\n|\n|t:|1684012173\n|move|p1b: Dondozo|Protect|p1b: Dondozo\n|-singleturn|p1b: Dondozo|Protect\n|move|p2b: Chi-Yu|Heat Wave|p1b: Dondozo|[spread] p1a\n|-activate|p1b: Dondozo|move: Protect\n|-damage|p1a: Ting-Lu|17\/100\n|move|p2a: Gholdengo|Make It Rain|p1a: Ting-Lu|[spread] p1a\n|-activate|p1b: Dondozo|move: Protect\n|-damage|p1a: Ting-Lu|0 fnt\n|-unboost|p2a: Gholdengo|spa|1\n|faint|p1a: Ting-Lu\n|\n|upkeep\n|\n|t:|1684012186\n|switch|p1a: Tatsugiri|Tatsugiri, L50, F|100\/100\n|-activate|p1a: Tatsugiri|ability: Commander|[of] p1b: Dondozo\n|-boost|p1b: Dondozo|atk|2\n|-boost|p1b: Dondozo|spa|2\n|-boost|p1b: Dondozo|spe|2\n|-boost|p1b: Dondozo|def|2\n|-boost|p1b: Dondozo|spd|2\n|turn|5\n|\n|t:|1684012193\n|move|p2b: Chi-Yu|Protect|p2b: Chi-Yu\n|-singleturn|p2b: Chi-Yu|Protect\n|move|p2a: Gholdengo|Make It Rain|p1b: Dondozo|[spread] p1b\n|-miss|p2a: Gholdengo|p1a: Tatsugiri\n|-resisted|p1b: Dondozo\n|-damage|p1b: Dondozo|0 fnt\n|-unboost|p2a: Gholdengo|spa|1\n|faint|p1b: Dondozo\n|\n|upkeep\n|\n|t:|1684012200\n|switch|p1b: Amoonguss|Amoonguss, L50, F|100\/100\n|turn|6\n|inactive|obo29 has 30 seconds left.\n|inactive|obo29 has 20 seconds left.\n|\n|t:|1684012239\n|-terastallize|p1b: Amoonguss|Fire\n|move|p1a: Tatsugiri|Hydro Pump|p2b: Chi-Yu\n|-supereffective|p2b: Chi-Yu\n|-damage|p2b: Chi-Yu|0 fnt\n|faint|p2b: Chi-Yu\n|move|p2a: Gholdengo|Make It Rain|p1b: Amoonguss|[spread] p1a,p1b\n|-resisted|p1a: Tatsugiri\n|-resisted|p1b: Amoonguss\n|-damage|p1a: Tatsugiri|80\/100\n|-damage|p1b: Amoonguss|85\/100\n|-unboost|p2a: Gholdengo|spa|1\n|move|p1b: Amoonguss|Pollen Puff|p1a: Tatsugiri\n|-heal|p1a: Tatsugiri|100\/100\n|\n|upkeep\n|turn|7\n|c|\u2606not mishmesh|gg\n|c|\u2606obo29|gg\n|\n|t:|1684012263\n|move|p1a: Tatsugiri|Hydro Pump|p2a: Gholdengo\n|-damage|p2a: Gholdengo|38\/100\n|move|p2a: Gholdengo|Make It Rain|p1b: Amoonguss|[spread] p1a,p1b\n|-resisted|p1a: Tatsugiri\n|-resisted|p1b: Amoonguss\n|-damage|p1a: Tatsugiri|82\/100\n|-damage|p1b: Amoonguss|71\/100\n|-unboost|p2a: Gholdengo|spa|1\n|move|p1b: Amoonguss|Pollen Puff|p2a: Gholdengo\n|-resisted|p2a: Gholdengo\n|-damage|p2a: Gholdengo|32\/100\n|\n|upkeep\n|turn|8\n|\n|t:|1684012272\n|move|p1a: Tatsugiri|Hydro Pump|p2a: Gholdengo\n|-damage|p2a: Gholdengo|0 fnt\n|faint|p2a: Gholdengo\n|\n|win|obo29\n|j| revengers assemble\n|l|\u2606obo29\n","uploadtime":1684012277,"views":12,"p1id":"obo29","p2id":"notmishmesh","formatid":"gen9vgc2023regulationc","rating":0,"private":0,"password":""}