{"id":"gen9vgc2023regulationc-1852713588","p1":"SumoVGC","p2":"Nellicopter","format":"[Gen 9] VGC 2023 Regulation C","log":"|j|\u2606SumoVGC\n|j|\u2606Nellicopter\n|t:|1682599441\n|gametype|doubles\n|player|p1|SumoVGC|266|1316\n|player|p2|Nellicopter|scientistf|1371\n|teamsize|p1|6\n|teamsize|p2|6\n|gen|9\n|tier|[Gen 9] VGC 2023 Regulation C\n|rated|\n|rule|Species Clause: Limit one of each Pok\u00e9mon\n|rule|Item Clause: Limit one of each item\n|clearpoke\n|poke|p1|Palafin, L50, M|\n|poke|p1|Amoonguss, L50, F|\n|poke|p1|Arcanine, L50, F|\n|poke|p1|Chien-Pao, L50|\n|poke|p1|Talonflame, L50, M|\n|poke|p1|Great Tusk, L50|\n|poke|p2|Chi-Yu, L50|\n|poke|p2|Dachsbun, L50, M|\n|poke|p2|Flutter Mane, L50|\n|poke|p2|Torkoal, L50, M|\n|poke|p2|Great Tusk, L50|\n|poke|p2|Murkrow, L50, F|\n|teampreview|4\n|inactive|Battle timer is ON: inactive players will automatically lose when time's up. (requested by SumoVGC)\nSumoVGC has agreed to open team sheets.\nNellicopter has agreed to open team sheets.\n|j| chacaad\n|inactive|SumoVGC has 60 seconds left.\n|inactive|Nellicopter has 60 seconds left.\n|\n|t:|1682599486\n|start\n|switch|p1a: Chien-Pao|Chien-Pao, L50|100\/100\n|switch|p1b: Talonflame|Talonflame, L50, M|100\/100\n|switch|p2a: Murkrow|Murkrow, L50, F|100\/100\n|switch|p2b: Great Tusk|Great Tusk, L50|100\/100\n|-ability|p1a: Chien-Pao|Sword of Ruin\n|turn|1\n|inactive|SumoVGC has 30 seconds left.\n|\n|t:|1682599518\n|move|p1a: Chien-Pao|Protect|p1a: Chien-Pao\n|-singleturn|p1a: Chien-Pao|Protect\n|move|p2b: Great Tusk|Protect|p2b: Great Tusk\n|-singleturn|p2b: Great Tusk|Protect\n|move|p1b: Talonflame|Tailwind|p1b: Talonflame\n|-sidestart|p1: SumoVGC|move: Tailwind\n|move|p2a: Murkrow|Foul Play|p1b: Talonflame\n|-damage|p1b: Talonflame|52\/100\n|\n|upkeep\n|turn|2\n|\n|t:|1682599533\n|move|p2a: Murkrow|Tailwind|p2a: Murkrow\n|-sidestart|p2: Nellicopter|move: Tailwind\n|move|p1b: Talonflame|Brave Bird|p2b: Great Tusk\n|-supereffective|p2b: Great Tusk\n|-damage|p2b: Great Tusk|27\/100\n|-damage|p1b: Talonflame|27\/100|[from] Recoil\n|move|p1a: Chien-Pao|Ice Spinner|p2b: Great Tusk\n|-supereffective|p2b: Great Tusk\n|-damage|p2b: Great Tusk|0 fnt\n|faint|p2b: Great Tusk\n|-end|p2b: Great Tusk|Protosynthesis|[silent]\n|\n|upkeep\n|\n|t:|1682599544\n|switch|p2b: Chi-Yu|Chi-Yu, L50|100\/100\n|-ability|p2b: Chi-Yu|Beads of Ruin\n|turn|3\n|inactive|SumoVGC has 30 seconds left.\n|inactive|Nellicopter has 30 seconds left.\n|inactive|SumoVGC has 20 seconds left.\n|inactive|SumoVGC has 15 seconds left.\n|inactive|Nellicopter has 20 seconds left.\n|inactive|SumoVGC has 10 seconds left.\n|inactive|Nellicopter has 15 seconds left.\n|inactive|SumoVGC has 5 seconds left.\n|\n|t:|1682599598\n|move|p1a: Chien-Pao|Protect|p1a: Chien-Pao\n|-singleturn|p1a: Chien-Pao|Protect\n|move|p2b: Chi-Yu|Heat Wave|p1a: Chien-Pao|[spread] p1b\n|-activate|p1a: Chien-Pao|move: Protect\n|-resisted|p1b: Talonflame\n|-damage|p1b: Talonflame|0 fnt\n|faint|p1b: Talonflame\n|move|p2a: Murkrow|Foul Play|p1a: Chien-Pao\n|-activate|p1a: Chien-Pao|move: Protect\n|\n|upkeep\n|\n|t:|1682599608\n|switch|p1b: Great Tusk|Great Tusk, L50|100\/100\n|turn|4\n|\n|t:|1682599630\n|-terastallize|p2b: Chi-Yu|Grass\n|move|p2b: Chi-Yu|Heat Wave|p1b: Great Tusk|[spread] p1a,p1b\n|-supereffective|p1a: Chien-Pao\n|-enditem|p1a: Chien-Pao|Focus Sash\n|-damage|p1a: Chien-Pao|1\/100\n|-damage|p1b: Great Tusk|58\/100\n|move|p1a: Chien-Pao|Ice Spinner|p2a: Murkrow\n|-supereffective|p2a: Murkrow\n|-damage|p2a: Murkrow|0 fnt\n|faint|p2a: Murkrow\n|move|p1b: Great Tusk|Headlong Rush|p2b: Chi-Yu\n|-resisted|p2b: Chi-Yu\n|-damage|p2b: Chi-Yu|20\/100\n|-unboost|p1b: Great Tusk|def|1\n|-unboost|p1b: Great Tusk|spd|1\n|\n|-sideend|p1: SumoVGC|move: Tailwind\n|upkeep\n|\n|t:|1682599643\n|switch|p2a: Flutter Mane|Flutter Mane, L50|100\/100\n|turn|5\n|\n|t:|1682599660\n|-end|p1b: Great Tusk|Protosynthesis|[silent]\n|switch|p1b: Amoonguss|Amoonguss, L50, F|100\/100\n|move|p1a: Chien-Pao|Sucker Punch|p2b: Chi-Yu\n|-damage|p2b: Chi-Yu|0 fnt\n|faint|p2b: Chi-Yu\n|move|p2a: Flutter Mane|Moonblast|p1b: Amoonguss\n|-resisted|p1b: Amoonguss\n|-damage|p1b: Amoonguss|70\/100\n|-unboost|p1b: Amoonguss|spa|1\n|\n|-sideend|p2: Nellicopter|move: Tailwind\n|upkeep\n|turn|6\n|inactive|Nellicopter has 30 seconds left.\n|c|\u2606Nellicopter|gg\n|\n|t:|1682599687\n|move|p1a: Chien-Pao|Sucker Punch|p2a: Flutter Mane\n|-damage|p2a: Flutter Mane|0 fnt\n|faint|p2a: Flutter Mane\n|-end|p2a: Flutter Mane|Protosynthesis|[silent]\n|\n|win|SumoVGC\n|raw|SumoVGC's rating: 1316 → 1339<\/strong> (+23 for winning)\n|raw|Nellicopter's rating: 1371 → 1348<\/strong> (-23 for losing)\n|l| chacaad\n","uploadtime":1682599695,"views":12,"p1id":"sumovgc","p2id":"nellicopter","formatid":"gen9vgc2023regulationc","rating":1339,"private":0,"password":""}