{"id":"gen9vgc2023regulationc-1857396466","p1":"LOVE MOTION","p2":"mrbadd","format":"[Gen 9] VGC 2023 Regulation C","log":"|j|\u2606LOVE MOTION\n|j|\u2606mrbadd\n|t:|1683186298\n|gametype|doubles\n|player|p1|LOVE MOTION|265|1329\n|player|p2|mrbadd|rocker-gen1rb|1325\n|teamsize|p1|6\n|teamsize|p2|6\n|gen|9\n|tier|[Gen 9] VGC 2023 Regulation C\n|rated|\n|rule|Species Clause: Limit one of each Pok\u00e9mon\n|rule|Item Clause: Limit one of each item\n|clearpoke\n|poke|p1|Chien-Pao, L50|\n|poke|p1|Dragonite, L50, F|\n|poke|p1|Iron Treads, L50|\n|poke|p1|Farigiraf, L50, F|\n|poke|p1|Arcanine, L50, M|\n|poke|p1|Palafin, L50, F|\n|poke|p2|Roaring Moon, L50|\n|poke|p2|Ting-Lu, L50|\n|poke|p2|Iron Bundle, L50|\n|poke|p2|Garganacl, L50, M|\n|poke|p2|Arcanine, L50, M|\n|poke|p2|Amoonguss, L50, M|\n|teampreview|4\n|inactive|Battle timer is ON: inactive players will automatically lose when time's up. (requested by LOVE MOTION)\n|\n|t:|1683186330\n|start\n|switch|p1a: Palafin|Palafin, L50, F|100\/100\n|switch|p1b: Chien-Pao|Chien-Pao, L50|100\/100\n|switch|p2a: Roaring Moon|Roaring Moon, L50, shiny|100\/100\n|switch|p2b: Ting-Lu|Ting-Lu, L50|100\/100\n|-ability|p1b: Chien-Pao|Sword of Ruin\n|-ability|p2b: Ting-Lu|Vessel of Ruin\n|-enditem|p2a: Roaring Moon|Booster Energy\n|-activate|p2a: Roaring Moon|ability: Protosynthesis|[fromitem]\n|-start|p2a: Roaring Moon|protosynthesisatk\n|turn|1\n|inactive|LOVE MOTION has 30 seconds left.\n|inactive|mrbadd has 30 seconds left.\n|\n|t:|1683186357\n|detailschange|p1a: Palafin|Palafin-Hero, L50, F\n|switch|p1a: Dragonite|Dragonite, L50, F|100\/100\n|move|p1b: Chien-Pao|Protect|p1b: Chien-Pao\n|-singleturn|p1b: Chien-Pao|Protect\n|move|p2a: Roaring Moon|Protect|p2a: Roaring Moon\n|-singleturn|p2a: Roaring Moon|Protect\n|move|p2b: Ting-Lu|Heavy Slam|p1b: Chien-Pao\n|-activate|p1b: Chien-Pao|move: Protect\n|\n|upkeep\n|turn|2\n|\n|t:|1683186371\n|-end|p2a: Roaring Moon|Protosynthesis|[silent]\n|switch|p2a: Arcanine|Arcanine, L50, M|100\/100\n|-ability|p2a: Arcanine|Intimidate|boost\n|-unboost|p1a: Dragonite|atk|1\n|-unboost|p1b: Chien-Pao|atk|1\n|move|p1a: Dragonite|Extreme Speed|p2a: Arcanine\n|-damage|p2a: Arcanine|60\/100\n|move|p1b: Chien-Pao|Ice Shard|p2a: Arcanine\n|-resisted|p2a: Arcanine\n|-damage|p2a: Arcanine|51\/100\n|move|p2b: Ting-Lu|Heavy Slam|p1b: Chien-Pao\n|-supereffective|p1b: Chien-Pao\n|-damage|p1b: Chien-Pao|15\/100\n|\n|upkeep\n|turn|3\n|\n|t:|1683186395\n|switch|p1a: Palafin|Palafin-Hero, L50, F|100\/100\n|-activate|p1a: Palafin|ability: Zero to Hero\n|move|p1b: Chien-Pao|Protect|p1b: Chien-Pao\n|-singleturn|p1b: Chien-Pao|Protect\n|move|p2a: Arcanine|Will-O-Wisp|p1a: Palafin\n|-status|p1a: Palafin|brn\n|move|p2b: Ting-Lu|Heavy Slam|p1b: Chien-Pao\n|-activate|p1b: Chien-Pao|move: Protect\n|\n|-damage|p1a: Palafin|95\/100 brn|[from] brn\n|upkeep\n|turn|4\n|\n|t:|1683186418\n|switch|p1b: Iron Treads|Iron Treads, L50|100\/100\n|-enditem|p1b: Iron Treads|Booster Energy\n|-activate|p1b: Iron Treads|ability: Quark Drive|[fromitem]\n|-start|p1b: Iron Treads|quarkdrivespe\n|move|p2a: Arcanine|Extreme Speed|p1b: Iron Treads\n|-resisted|p1b: Iron Treads\n|-damage|p1b: Iron Treads|90\/100\n|move|p1a: Palafin|Wave Crash|p2a: Arcanine\n|-supereffective|p2a: Arcanine\n|-damage|p2a: Arcanine|0 fnt\n|faint|p2a: Arcanine\n|-damage|p1a: Palafin|79\/100 brn|[from] Recoil\n|move|p2b: Ting-Lu|Sand Tomb|p1a: Palafin\n|-damage|p1a: Palafin|65\/100 brn\n|-activate|p1a: Palafin|move: Sand Tomb|[of] p2b: Ting-Lu\n|\n|-damage|p1a: Palafin|59\/100 brn|[from] brn\n|-damage|p1a: Palafin|47\/100 brn|[from] move: Sand Tomb|[partiallytrapped]\n|upkeep\n|inactive|mrbadd has 30 seconds left.\n|\n|t:|1683186447\n|switch|p2a: Roaring Moon|Roaring Moon, L50, shiny|100\/100\n|turn|5\n|\n|t:|1683186464\n|move|p1b: Iron Treads|Protect|p1b: Iron Treads\n|-singleturn|p1b: Iron Treads|Protect\n|move|p2a: Roaring Moon|Dragon Dance|p2a: Roaring Moon\n|-boost|p2a: Roaring Moon|atk|1\n|-boost|p2a: Roaring Moon|spe|1\n|move|p1a: Palafin|Aura Sphere|p2a: Roaring Moon\n|-supereffective|p2a: Roaring Moon\n|-crit|p2a: Roaring Moon\n|-damage|p2a: Roaring Moon|64\/100\n|move|p2b: Ting-Lu|Stomping Tantrum|p1b: Iron Treads\n|-activate|p1b: Iron Treads|move: Protect\n|\n|-damage|p1a: Palafin|42\/100 brn|[from] brn\n|-damage|p1a: Palafin|29\/100 brn|[from] move: Sand Tomb|[partiallytrapped]\n|upkeep\n|turn|6\n|\n|t:|1683186486\n|move|p1a: Palafin|Jet Punch|p2a: Roaring Moon\n|-resisted|p2a: Roaring Moon\n|-damage|p2a: Roaring Moon|53\/100\n|move|p1b: Iron Treads|Iron Head|p2a: Roaring Moon\n|-damage|p2a: Roaring Moon|5\/100\n|move|p2a: Roaring Moon|Acrobatics|p1a: Palafin\n|-damage|p1a: Palafin|0 fnt\n|faint|p1a: Palafin\n|move|p2b: Ting-Lu|Stomping Tantrum|p1b: Iron Treads\n|-supereffective|p1b: Iron Treads\n|-damage|p1b: Iron Treads|27\/100\n|\n|upkeep\n|\n|t:|1683186506\n|switch|p1a: Dragonite|Dragonite, L50, F|100\/100\n|turn|7\n|\n|t:|1683186522\n|move|p2a: Roaring Moon|Protect|p2a: Roaring Moon\n|-singleturn|p2a: Roaring Moon|Protect\n|move|p1a: Dragonite|Extreme Speed|p2b: Ting-Lu\n|-damage|p2b: Ting-Lu|73\/100\n|move|p1b: Iron Treads|Earthquake|p2a: Roaring Moon|[spread] p2b\n|-activate|p2a: Roaring Moon|move: Protect\n|-immune|p1a: Dragonite\n|-damage|p2b: Ting-Lu|52\/100\n|move|p2b: Ting-Lu|Heavy Slam|p1a: Dragonite\n|-damage|p1a: Dragonite|89\/100\n|\n|upkeep\n|turn|8\n|inactive|mrbadd has 30 seconds left.\n|\n|t:|1683186550\n|-terastallize|p2a: Roaring Moon|Flying\n|move|p1a: Dragonite|Extreme Speed|p2b: Ting-Lu\n|-damage|p2b: Ting-Lu|27\/100\n|move|p1b: Iron Treads|Earthquake|p2b: Ting-Lu|[spread] p2b\n|-immune|p1a: Dragonite\n|-immune|p2a: Roaring Moon\n|-damage|p2b: Ting-Lu|9\/100\n|move|p2a: Roaring Moon|Acrobatics|p1a: Dragonite\n|-damage|p1a: Dragonite|0 fnt\n|faint|p1a: Dragonite\n|move|p2b: Ting-Lu|Stomping Tantrum|p1b: Iron Treads\n|-supereffective|p1b: Iron Treads\n|-damage|p1b: Iron Treads|0 fnt\n|faint|p1b: Iron Treads\n|-end|p1b: Iron Treads|Quark Drive|[silent]\n|\n|upkeep\n|-message|LOVE MOTION forfeited.\n|\n|win|mrbadd\n|raw|LOVE MOTION's rating: 1329 → 1309<\/strong> (-20 for losing)\n|raw|mrbadd's rating: 1325 → 1345<\/strong> (+20 for winning)\n|l|\u2606LOVE MOTION\n","uploadtime":1683186618,"views":6,"p1id":"lovemotion","p2id":"mrbadd","formatid":"gen9vgc2023regulationc","rating":1309,"private":0,"password":""}