{"id":"gen9vgc2023regulationc-1854372344","p1":"Garcix","p2":"my form empties","format":"[Gen 9] VGC 2023 Regulation C","log":"|j|\u2606Garcix\n|j|\u2606my form empties\n|t:|1682802723\n|gametype|doubles\n|player|p1|Garcix|266|1228\n|player|p2|my form empties|unknownf|1206\n|teamsize|p1|6\n|teamsize|p2|6\n|gen|9\n|tier|[Gen 9] VGC 2023 Regulation C\n|rated|\n|rule|Species Clause: Limit one of each Pok\u00e9mon\n|rule|Item Clause: Limit one of each item\n|clearpoke\n|poke|p1|Ting-Lu, L50|\n|poke|p1|Glimmora, L50, M|\n|poke|p1|Amoonguss, L50, F|\n|poke|p1|Baxcalibur, L50, M|\n|poke|p1|Scream Tail, L50|\n|poke|p1|Arcanine, L50, M|\n|poke|p2|Roaring Moon, L50|\n|poke|p2|Corviknight, L50, F|\n|poke|p2|Garchomp, L50, F|\n|poke|p2|Flutter Mane, L50|\n|poke|p2|Arcanine, L50, F|\n|poke|p2|Gyarados, L50, F|\n|teampreview|4\nmy form empties has agreed to open team sheets.\nGarcix has agreed to open team sheets.\n|\n|t:|1682802768\n|start\n|switch|p1a: Scream Tail|Scream Tail, L50|100\/100\n|switch|p1b: Glimmora|Glimmora, L50, M|100\/100\n|switch|p2a: Roaring Moon|Roaring Moon, L50|100\/100\n|switch|p2b: Corviknight|Corviknight, L50, F|100\/100\n|-enditem|p2a: Roaring Moon|Booster Energy\n|-activate|p2a: Roaring Moon|ability: Protosynthesis|[fromitem]\n|-start|p2a: Roaring Moon|protosynthesisspe\n|-enditem|p1a: Scream Tail|Booster Energy\n|-activate|p1a: Scream Tail|ability: Protosynthesis|[fromitem]\n|-start|p1a: Scream Tail|protosynthesisspe\n|turn|1\n|\n|t:|1682802794\n|move|p1a: Scream Tail|Protect|p1a: Scream Tail\n|-singleturn|p1a: Scream Tail|Protect\n|move|p2a: Roaring Moon|Tailwind|p2a: Roaring Moon\n|-sidestart|p2: my form empties|move: Tailwind\n|move|p2b: Corviknight|Iron Head|p1a: Scream Tail\n|-activate|p1a: Scream Tail|move: Protect\n|move|p1b: Glimmora|Power Gem|p2b: Corviknight\n|-crit|p2b: Corviknight\n|-damage|p2b: Corviknight|33\/100\n|-enditem|p2b: Corviknight|Sitrus Berry|[eat]\n|-heal|p2b: Corviknight|58\/100|[from] item: Sitrus Berry\n|\n|upkeep\n|turn|2\n|\n|t:|1682802828\n|-end|p2a: Roaring Moon|Protosynthesis|[silent]\n|switch|p2a: Gyarados|Gyarados, L50, F|100\/100\n|-ability|p2a: Gyarados|Intimidate|boost\n|-unboost|p1a: Scream Tail|atk|1\n|-unboost|p1b: Glimmora|atk|1\n|-end|p1a: Scream Tail|Protosynthesis|[silent]\n|switch|p1a: Arcanine|Arcanine, L50, M|100\/100\n|-ability|p1a: Arcanine|Intimidate|boost\n|-unboost|p2a: Gyarados|atk|1\n|-ability|p2b: Corviknight|Mirror Armor\n|-unboost|p1a: Arcanine|atk|1\n|move|p1b: Glimmora|Spiky Shield|p1b: Glimmora\n|-singleturn|p1b: Glimmora|move: Protect\n|move|p2b: Corviknight|Iron Head|p1a: Arcanine\n|-resisted|p1a: Arcanine\n|-damage|p1a: Arcanine|84\/100\n|\n|upkeep\n|turn|3\n|\n|t:|1682802854\n|move|p2a: Gyarados|Waterfall|p1b: Glimmora\n|-supereffective|p1b: Glimmora\n|-damage|p1b: Glimmora|33\/100\n|-activate|p1b: Glimmora|ability: Toxic Debris\n|-sidestart|p2: my form empties|move: Toxic Spikes\n|move|p2b: Corviknight|Brave Bird|p1b: Glimmora\n|-resisted|p1b: Glimmora\n|-damage|p1b: Glimmora|6\/100\n|-activate|p1b: Glimmora|ability: Toxic Debris\n|-sidestart|p2: my form empties|move: Toxic Spikes\n|-damage|p2b: Corviknight|51\/100|[from] Recoil\n|cant|p1b: Glimmora|flinch\n|move|p1a: Arcanine|Flare Blitz|p2b: Corviknight\n|-supereffective|p2b: Corviknight\n|-damage|p2b: Corviknight|0 fnt\n|faint|p2b: Corviknight\n|-damage|p1a: Arcanine|66\/100|[from] Recoil\n|\n|upkeep\n|\n|t:|1682802866\n|switch|p2b: Garchomp|Garchomp, L50, F|100\/100\n|-status|p2b: Garchomp|tox\n|turn|4\n|\n|t:|1682802877\n|switch|p1a: Scream Tail|Scream Tail, L50|100\/100\n|move|p1b: Glimmora|Spiky Shield|p1b: Glimmora\n|-singleturn|p1b: Glimmora|move: Protect\n|move|p2b: Garchomp|Substitute|p2b: Garchomp\n|-start|p2b: Garchomp|Substitute\n|-damage|p2b: Garchomp|76\/100 tox\n|move|p2a: Gyarados|Waterfall|p1b: Glimmora\n|-activate|p1b: Glimmora|move: Protect\n|-damage|p2a: Gyarados|88\/100|[from] Spiky Shield|[of] p1b: Glimmora\n|\n|-heal|p2a: Gyarados|94\/100|[from] item: Leftovers\n|-damage|p2b: Garchomp|70\/100 tox|[from] psn\n|-sideend|p2: my form empties|move: Tailwind\n|upkeep\n|turn|5\n|\n|t:|1682802905\n|move|p1a: Scream Tail|Play Rough|p2b: Garchomp|[miss]\n|-miss|p1a: Scream Tail|p2b: Garchomp\n|move|p2b: Garchomp|Earthquake|p1b: Glimmora|[spread] p1a,p1b\n|-immune|p2a: Gyarados\n|-supereffective|p1b: Glimmora\n|-damage|p1a: Scream Tail|70\/100\n|-damage|p1b: Glimmora|0 fnt\n|faint|p1b: Glimmora\n|move|p2a: Gyarados|Thunder Wave|p1a: Scream Tail\n|-status|p1a: Scream Tail|par\n|\n|-heal|p2a: Gyarados|100\/100|[from] item: Leftovers\n|-damage|p2b: Garchomp|58\/100 tox|[from] psn\n|upkeep\n|\n|t:|1682802924\n|switch|p1b: Arcanine|Arcanine, L50, M|66\/100\n|-ability|p1b: Arcanine|Intimidate|boost\n|-unboost|p2a: Gyarados|atk|1\n|-immune|p2b: Garchomp\n|turn|6\n|\n|t:|1682802935\n|-terastallize|p2b: Garchomp|Ground\n|move|p1b: Arcanine|Protect|p1b: Arcanine\n|-singleturn|p1b: Arcanine|Protect\n|move|p2b: Garchomp|Earthquake|p1b: Arcanine|[spread] p1a\n|-activate|p1b: Arcanine|move: Protect\n|-immune|p2a: Gyarados\n|-damage|p1a: Scream Tail|29\/100 par\n|move|p2a: Gyarados|Waterfall|p1a: Scream Tail\n|-damage|p1a: Scream Tail|12\/100 par\n|cant|p1a: Scream Tail|flinch\n|\n|-damage|p2b: Garchomp|40\/100 tox|[from] psn\n|upkeep\n|turn|7\n|-message|Garcix forfeited.\n|\n|win|my form empties\n|raw|Garcix's rating: 1228 → 1201<\/strong> (-27 for losing)\n|raw|my form empties's rating: 1206 → 1233<\/strong> (+27 for winning)\n|l|\u2606Garcix\n","uploadtime":1682802953,"views":17,"p1id":"garcix","p2id":"myformempties","formatid":"gen9vgc2023regulationc","rating":1201,"private":0,"password":""}