{"id":"gen9vgc2023regulationc-1861585712","p1":"Anaonal","p2":"SCLuke","format":"[Gen 9] VGC 2023 Regulation C","log":"|j|\u2606Anaonal\n|j|\u2606SCLuke\n|t:|1683776964\n|gametype|doubles\n|player|p1|Anaonal|266|1186\n|player|p2|SCLuke|cynthia|1128\n|teamsize|p1|6\n|teamsize|p2|6\n|gen|9\n|tier|[Gen 9] VGC 2023 Regulation C\n|rated|\n|rule|Species Clause: Limit one of each Pok\u00e9mon\n|rule|Item Clause: Limit one of each item\n|clearpoke\n|poke|p1|Chi-Yu, L50|\n|poke|p1|Great Tusk, L50|\n|poke|p1|Torkoal, L50, M|\n|poke|p1|Iron Hands, L50|\n|poke|p1|Flutter Mane, L50|\n|poke|p1|Amoonguss, L50, M|\n|poke|p2|Krookodile, L50, F|\n|poke|p2|Meowscarada, L50, F|\n|poke|p2|Flamigo, L50, F|\n|poke|p2|Breloom, L50, F|\n|poke|p2|Flutter Mane, L50|\n|poke|p2|Maushold, L50|\n|teampreview|4\n|\n|t:|1683776982\n|start\n|switch|p1a: Amoonguss|Amoonguss, L50, M|100\/100\n|switch|p1b: Flutter Mane|Flutter Mane, L50|100\/100\n|switch|p2a: Krookodile|Krookodile, L50, F, shiny|100\/100\n|switch|p2b: Meowscarada|Meowscarada, L50, F|100\/100\n|turn|1\n|\n|t:|1683776999\n|-terastallize|p2a: Krookodile|Poison\n|move|p1b: Flutter Mane|Protect|p1b: Flutter Mane\n|-singleturn|p1b: Flutter Mane|Protect\n|move|p2b: Meowscarada|Flower Trick|p2a: Krookodile\n|-start|p2b: Meowscarada|typechange|Grass|[from] ability: Protean\n|-resisted|p2a: Krookodile\n|-crit|p2a: Krookodile\n|-damage|p2a: Krookodile|77\/100\n|-setboost|p2a: Krookodile|atk|6|[from] ability: Anger Point\n|move|p2a: Krookodile|Crunch|p1b: Flutter Mane\n|-activate|p1b: Flutter Mane|move: Protect\n|move|p1a: Amoonguss|Spore|p2a: Krookodile\n|-status|p2a: Krookodile|slp|[from] move: Spore\n|\n|-heal|p2a: Krookodile|83\/100 slp|[from] item: Leftovers\n|upkeep\n|turn|2\n|\n|t:|1683777033\n|cant|p2a: Krookodile|slp\n|move|p1b: Flutter Mane|Moonblast|p2b: Meowscarada\n|-damage|p2b: Meowscarada|2\/100\n|-damage|p1b: Flutter Mane|91\/100|[from] item: Life Orb\n|move|p2b: Meowscarada|U-turn|p1a: Amoonguss\n|-damage|p1a: Amoonguss|83\/100\n|\n|t:|1683777040\n|switch|p2b: Flamigo|Flamigo, L50, F|100\/100|[from] U-turn\n|-copyboost|p2b: Flamigo|p2a: Krookodile|[from] ability: Costar\n|move|p1a: Amoonguss|Clear Smog|p2a: Krookodile\n|-resisted|p2a: Krookodile\n|-damage|p2a: Krookodile|71\/100 slp\n|-clearboost|p2a: Krookodile\n|\n|-heal|p2a: Krookodile|77\/100 slp|[from] item: Leftovers\n|-heal|p1a: Amoonguss|89\/100|[from] item: Black Sludge\n|upkeep\n|turn|3\n|\n|t:|1683777060\n|switch|p1a: Torkoal|Torkoal, L50, M|100\/100\n|-weather|SunnyDay|[from] ability: Drought|[of] p1a: Torkoal\n|-activate|p1b: Flutter Mane|ability: Protosynthesis\n|-start|p1b: Flutter Mane|protosynthesisspe\n|move|p1b: Flutter Mane|Moonblast|p2b: Flamigo\n|-supereffective|p2b: Flamigo\n|-damage|p2b: Flamigo|0 fnt\n|faint|p2b: Flamigo\n|-damage|p1b: Flutter Mane|81\/100|[from] item: Life Orb\n|cant|p2a: Krookodile|slp\n|\n|-weather|SunnyDay|[upkeep]\n|-heal|p2a: Krookodile|83\/100 slp|[from] item: Leftovers\n|upkeep\n|\n|t:|1683777074\n|switch|p2b: Maushold|Maushold, L50|100\/100\n|turn|4\n|\n|t:|1683777088\n|cant|p2a: Krookodile|slp\n|move|p2b: Maushold|Population Bomb|p1a: Torkoal\n|-damage|p1a: Torkoal|92\/100\n|-damage|p1a: Torkoal|82\/100\n|-damage|p1a: Torkoal|73\/100\n|-damage|p1a: Torkoal|64\/100\n|-damage|p1a: Torkoal|55\/100\n|-damage|p1a: Torkoal|46\/100\n|-damage|p1a: Torkoal|37\/100\n|-damage|p1a: Torkoal|28\/100\n|-damage|p1a: Torkoal|20\/100\n|-damage|p1a: Torkoal|11\/100\n|-hitcount|p1a: Torkoal|10\n|move|p1a: Torkoal|Heat Wave|p2a: Krookodile|[spread] p2a,p2b\n|-damage|p2a: Krookodile|17\/100 slp\n|-damage|p2b: Maushold|28\/100\n|move|p1b: Flutter Mane|Trick Room|p1b: Flutter Mane\n|-fieldstart|move: Trick Room|[of] p1b: Flutter Mane\n|\n|-weather|SunnyDay|[upkeep]\n|-heal|p2a: Krookodile|23\/100 slp|[from] item: Leftovers\n|upkeep\n|turn|5\n|\n|t:|1683777122\n|-curestatus|p2a: Krookodile|slp|[msg]\n|move|p2a: Krookodile|Protect|p2a: Krookodile\n|-singleturn|p2a: Krookodile|Protect\n|move|p1a: Torkoal|Heat Wave|p2b: Maushold|[spread] p2b\n|-activate|p2a: Krookodile|move: Protect\n|-damage|p2b: Maushold|0 fnt\n|faint|p2b: Maushold\n|move|p1b: Flutter Mane|Shadow Ball|p2a: Krookodile\n|-activate|p2a: Krookodile|move: Protect\n|\n|-weather|SunnyDay|[upkeep]\n|-heal|p2a: Krookodile|29\/100|[from] item: Leftovers\n|upkeep\n|\n|t:|1683777135\n|switch|p2b: Meowscarada|Meowscarada, L50, F|2\/100\n|turn|6\n|\n|t:|1683777147\n|move|p1a: Torkoal|Heat Wave|p2a: Krookodile|[spread] p2a,p2b\n|-supereffective|p2b: Meowscarada\n|-damage|p2a: Krookodile|0 fnt\n|-damage|p2b: Meowscarada|0 fnt\n|faint|p2a: Krookodile\n|faint|p2b: Meowscarada\n|\n|win|Anaonal\n|raw|Anaonal's rating: 1186 → 1207<\/strong> (+21 for winning)\n|raw|SCLuke's rating: 1128 → 1107<\/strong> (-21 for losing)\n|l|\u2606SCLuke\n","uploadtime":1683777168,"views":15,"p1id":"anaonal","p2id":"scluke","formatid":"gen9vgc2023regulationc","rating":1107,"private":0,"password":""}