{"id":"gen9vgc2023regulationc-1861753529","p1":"fjhdhdhdhd","p2":"Quique_PM","format":"[Gen 9] VGC 2023 Regulation C","log":"|j|\u2606fjhdhdhdhd\n|j|\u2606Quique_PM\n|t:|1683804641\n|gametype|doubles\n|player|p1|fjhdhdhdhd|170|1092\n|player|p2|Quique_PM|2|1035\n|teamsize|p1|6\n|teamsize|p2|6\n|gen|9\n|tier|[Gen 9] VGC 2023 Regulation C\n|rated|\n|rule|Species Clause: Limit one of each Pok\u00e9mon\n|rule|Item Clause: Limit one of each item\n|clearpoke\n|poke|p1|Pelipper, L50, M|\n|poke|p1|Palafin, L50, M|\n|poke|p1|Flutter Mane, L50|\n|poke|p1|Kingambit, L50, M|\n|poke|p1|Baxcalibur, L50, M|\n|poke|p1|Amoonguss, L50, F|\n|poke|p2|Indeedee-F, L50, F|\n|poke|p2|Armarouge, L50, F|\n|poke|p2|Torkoal, L50, M|\n|poke|p2|Hatterene, L50, F|\n|poke|p2|Kingambit, L50, M|\n|poke|p2|Annihilape, L50, M|\n|teampreview|4\n|inactive|Battle timer is ON: inactive players will automatically lose when time's up. (requested by Quique_PM)\n|\n|t:|1683804661\n|start\n|switch|p1a: Pelipper|Pelipper, L50, M|100\/100\n|switch|p1b: Palafin|Palafin, L50, M|100\/100\n|switch|p2a: Indeedee|Indeedee-F, L50, F|100\/100\n|switch|p2b: Hatterene|Hatterene, L50, F|100\/100\n|-weather|RainDance|[from] ability: Drizzle|[of] p1a: Pelipper\n|-fieldstart|move: Psychic Terrain|[from] ability: Psychic Surge|[of] p2a: Indeedee\n|-enditem|p2a: Indeedee|Psychic Seed\n|-boost|p2a: Indeedee|spd|1|[from] item: Psychic Seed\n|turn|1\n|inactive|fjhdhdhdhd has 30 seconds left.\n|inactive|Quique_PM has 30 seconds left.\n|\n|t:|1683804693\n|switch|p1a: Flutter Mane|Flutter Mane, L50|100\/100\n|move|p1b: Palafin|Wave Crash|p2a: Indeedee\n|-damage|p2a: Indeedee|24\/100\n|-damage|p1b: Palafin|79\/100|[from] Recoil\n|move|p2b: Hatterene|Dazzling Gleam|p1b: Palafin|[spread] p1a,p1b\n|-damage|p1a: Flutter Mane|58\/100\n|-damage|p1b: Palafin|26\/100\n|-damage|p2b: Hatterene|91\/100|[from] item: Life Orb\n|move|p2a: Indeedee|Trick Room|p2a: Indeedee\n|-fieldstart|move: Trick Room|[of] p2a: Indeedee\n|\n|-weather|RainDance|[upkeep]\n|upkeep\n|turn|2\n|\n|t:|1683804709\n|-end|p1a: Flutter Mane|Protosynthesis|[silent]\n|switch|p1a: Kingambit|Kingambit, L50, M|100\/100\n|move|p1b: Palafin|Protect|p1b: Palafin\n|-singleturn|p1b: Palafin|Protect\n|move|p2b: Hatterene|Dazzling Gleam|p1a: Kingambit|[spread] p1a\n|-activate|p1b: Palafin|move: Protect\n|-damage|p1a: Kingambit|71\/100\n|-damage|p2b: Hatterene|82\/100|[from] item: Life Orb\n|move|p2a: Indeedee|Dazzling Gleam|p1a: Kingambit|[spread] p1a\n|-activate|p1b: Palafin|move: Protect\n|-damage|p1a: Kingambit|62\/100\n|\n|-weather|RainDance|[upkeep]\n|upkeep\n|turn|3\n|\n|t:|1683804730\n|detailschange|p1b: Palafin|Palafin-Hero, L50, M\n|switch|p1b: Flutter Mane|Flutter Mane, L50|58\/100\n|move|p2a: Indeedee|Helping Hand|p2b: Hatterene\n|-singleturn|p2b: Hatterene|Helping Hand|[of] p2a: Indeedee\n|move|p2b: Hatterene|Mystical Fire|p1a: Kingambit\n|-supereffective|p1a: Kingambit\n|-damage|p1a: Kingambit|29\/100\n|-unboost|p1a: Kingambit|spa|1\n|-ability|p1a: Kingambit|Defiant|boost\n|-boost|p1a: Kingambit|atk|2\n|-damage|p2b: Hatterene|72\/100|[from] item: Life Orb\n|move|p1a: Kingambit|Iron Head|p2b: Hatterene\n|-supereffective|p2b: Hatterene\n|-damage|p2b: Hatterene|0 fnt\n|faint|p2b: Hatterene\n|\n|-weather|RainDance|[upkeep]\n|upkeep\n|\n|t:|1683804746\n|switch|p2b: Torkoal|Torkoal, L50, M|100\/100\n|-weather|SunnyDay|[from] ability: Drought|[of] p2b: Torkoal\n|-activate|p1b: Flutter Mane|ability: Protosynthesis\n|-start|p1b: Flutter Mane|protosynthesisspa\n|turn|4\n|\n|t:|1683804760\n|-end|p1b: Flutter Mane|Protosynthesis|[silent]\n|switch|p1b: Pelipper|Pelipper, L50, M|100\/100\n|-weather|RainDance|[from] ability: Drizzle|[of] p1b: Pelipper\n|move|p2a: Indeedee|Helping Hand|p2b: Torkoal\n|-singleturn|p2b: Torkoal|Helping Hand|[of] p2a: Indeedee\n|move|p2b: Torkoal|Eruption|p1b: Pelipper|[spread] p1a,p1b\n|-supereffective|p1a: Kingambit\n|-resisted|p1b: Pelipper\n|-damage|p1a: Kingambit|0 fnt\n|-damage|p1b: Pelipper|65\/100\n|faint|p1a: Kingambit\n|\n|-weather|RainDance|[upkeep]\n|upkeep\n|\n|t:|1683804771\n|switch|p1a: Palafin|Palafin-Hero, L50, M|26\/100\n|-activate|p1a: Palafin|ability: Zero to Hero\n|turn|5\n|\n|t:|1683804785\n|switch|p2b: Kingambit|Kingambit, L50, M|100\/100\n|move|p1a: Palafin|Protect|p1a: Palafin\n|-singleturn|p1a: Palafin|Protect\n|move|p2a: Indeedee|Dazzling Gleam|p1a: Palafin|[spread] p1b\n|-activate|p1a: Palafin|move: Protect\n|-damage|p1b: Pelipper|40\/100\n|move|p1b: Pelipper|Hydro Pump|p2b: Kingambit\n|-damage|p2b: Kingambit|28\/100\n|\n|-weather|RainDance|[upkeep]\n|-fieldend|move: Trick Room\n|-fieldend|move: Psychic Terrain\n|upkeep\n|turn|6\n|\n|t:|1683804801\n|move|p1a: Palafin|Jet Punch|p2a: Indeedee\n|-damage|p2a: Indeedee|0 fnt\n|faint|p2a: Indeedee\n|move|p2b: Kingambit|Sucker Punch||[still]\n|-fail|p2b: Kingambit\n|move|p1b: Pelipper|Hydro Pump|p2b: Kingambit\n|-damage|p2b: Kingambit|0 fnt\n|faint|p2b: Kingambit\n|\n|-weather|RainDance|[upkeep]\n|upkeep\n|\n|t:|1683804812\n|switch|p2b: Torkoal|Torkoal, L50, M|100\/100\n|-weather|SunnyDay|[from] ability: Drought|[of] p2b: Torkoal\n|turn|7\n|\n|t:|1683804817\n|-terastallize|p2b: Torkoal|Fire\n|move|p1a: Palafin|Wave Crash|p2b: Torkoal\n|-supereffective|p2b: Torkoal\n|-damage|p2b: Torkoal|28\/100\n|-damage|p1a: Palafin|6\/100|[from] Recoil\n|move|p1b: Pelipper|Hydro Pump|p2b: Torkoal\n|-supereffective|p2b: Torkoal\n|-damage|p2b: Torkoal|0 fnt\n|faint|p2b: Torkoal\n|\n|win|fjhdhdhdhd\n|raw|fjhdhdhdhd's rating: 1092 → 1114<\/strong> (+22 for winning)\n|raw|Quique_PM's rating: 1035 → 1022<\/strong> (-13 for losing)\n|l|\u2606Quique_PM\n","uploadtime":1683804950,"views":18,"p1id":"fjhdhdhdhd","p2id":"quiquepm","formatid":"gen9vgc2023regulationc","rating":1022,"private":0,"password":""}