{"id":"gen9vgc2023regulationc-1854162755","p1":"haha u rage quit","p2":"Alt dr8ke","format":"[Gen 9] VGC 2023 Regulation C","log":"|j|\u2606haha u rage quit\n|j|\u2606Alt dr8ke\n|t:|1682778365\n|gametype|doubles\n|player|p1|haha u rage quit|pokemaniac|1235\n|player|p2|Alt dr8ke|102|1300\n|teamsize|p1|6\n|teamsize|p2|6\n|gen|9\n|tier|[Gen 9] VGC 2023 Regulation C\n|rated|\n|rule|Species Clause: Limit one of each Pok\u00e9mon\n|rule|Item Clause: Limit one of each item\n|clearpoke\n|poke|p1|Iron Bundle, L50|\n|poke|p1|Chi-Yu, L50|\n|poke|p1|Scizor, L50, M|\n|poke|p1|Flutter Mane, L50|\n|poke|p1|Great Tusk, L50|\n|poke|p1|Murkrow, L50, M|\n|poke|p2|Hippowdon, L50, F|\n|poke|p2|Gastrodon, L50, M|\n|poke|p2|Chi-Yu, L50|\n|poke|p2|Gholdengo, L50|\n|poke|p2|Houndstone, L50, M|\n|poke|p2|Dragonite, L50, F|\n|teampreview|4\n|\n|t:|1682778410\n|start\n|switch|p1a: Chi-Yu|Chi-Yu, L50|100\/100\n|switch|p1b: Flutter Mane|Flutter Mane, L50, shiny|100\/100\n|switch|p2a: Dragonite|Dragonite, L50, F|100\/100\n|switch|p2b: Gholdengo|Gholdengo, L50|100\/100\n|-ability|p1a: Chi-Yu|Beads of Ruin\n|turn|1\n|\n|t:|1682778439\n|-terastallize|p2a: Dragonite|Flying\n|move|p1b: Flutter Mane|Dazzling Gleam|p2b: Gholdengo|[spread] p2a,p2b\n|-resisted|p2b: Gholdengo\n|-damage|p2a: Dragonite|59\/100\n|-damage|p2b: Gholdengo|70\/100\n|-damage|p1b: Flutter Mane|91\/100|[from] item: Life Orb\n|move|p2b: Gholdengo|Make It Rain|p1b: Flutter Mane|[spread] p1a,p1b\n|-resisted|p1a: Chi-Yu\n|-supereffective|p1b: Flutter Mane\n|-damage|p1a: Chi-Yu|73\/100\n|-damage|p1b: Flutter Mane|0 fnt\n|-unboost|p2b: Gholdengo|spa|1\n|faint|p1b: Flutter Mane\n|-end|p1b: Flutter Mane|Protosynthesis|[silent]\n|move|p1a: Chi-Yu|Heat Wave|p2a: Dragonite|[spread] p2a,p2b\n|-supereffective|p2b: Gholdengo\n|-damage|p2a: Dragonite|27\/100\n|-damage|p2b: Gholdengo|0 fnt\n|-status|p2a: Dragonite|brn\n|faint|p2b: Gholdengo\n|move|p2a: Dragonite|Tera Blast|p1a: Chi-Yu\n|-damage|p1a: Chi-Yu|34\/100\n|\n|-heal|p1a: Chi-Yu|41\/100|[from] item: Leftovers\n|-damage|p2a: Dragonite|21\/100 brn|[from] brn\n|upkeep\n|\n|t:|1682778465\n|switch|p1b: Iron Bundle|Iron Bundle, L50, shiny|100\/100\n|switch|p2b: Houndstone|Houndstone, L50, M|100\/100\n|-enditem|p1b: Iron Bundle|Booster Energy\n|-activate|p1b: Iron Bundle|ability: Quark Drive|[fromitem]\n|-start|p1b: Iron Bundle|quarkdrivespe\n|turn|2\n|\n|t:|1682778486\n|move|p1a: Chi-Yu|Protect|p1a: Chi-Yu\n|-singleturn|p1a: Chi-Yu|Protect\n|move|p2b: Houndstone|Protect|p2b: Houndstone\n|-singleturn|p2b: Houndstone|Protect\n|move|p2a: Dragonite|Extreme Speed|p1a: Chi-Yu\n|-activate|p1a: Chi-Yu|move: Protect\n|move|p1b: Iron Bundle|Hydro Pump|p2b: Houndstone\n|-activate|p2b: Houndstone|move: Protect\n|\n|-heal|p1a: Chi-Yu|47\/100|[from] item: Leftovers\n|-damage|p2a: Dragonite|15\/100 brn|[from] brn\n|upkeep\n|turn|3\n|\n|t:|1682778513\n|switch|p2a: Hippowdon|Hippowdon, L50, F|100\/100\n|-weather|Sandstorm|[from] ability: Sand Stream|[of] p2a: Hippowdon\n|move|p1b: Iron Bundle|Freeze-Dry|p2b: Houndstone\n|-damage|p2b: Houndstone|48\/100\n|move|p2b: Houndstone|Play Rough|p1a: Chi-Yu\n|-damage|p1a: Chi-Yu|7\/100\n|-damage|p2b: Houndstone|38\/100|[from] item: Life Orb\n|move|p1a: Chi-Yu|Dark Pulse|p2b: Houndstone\n|-supereffective|p2b: Houndstone\n|-damage|p2b: Houndstone|0 fnt\n|faint|p2b: Houndstone\n|\n|-weather|Sandstorm|[upkeep]\n|-damage|p1b: Iron Bundle|95\/100|[from] Sandstorm\n|-damage|p1a: Chi-Yu|1\/100|[from] Sandstorm\n|-heal|p1a: Chi-Yu|7\/100|[from] item: Leftovers\n|upkeep\n|\n|t:|1682778525\n|switch|p2b: Dragonite|Dragonite, L50, F, tera:Flying|15\/100 brn\n|turn|4\n|\n|t:|1682778539\n|-terastallize|p1b: Iron Bundle|Ghost\n|move|p1a: Chi-Yu|Protect|p1a: Chi-Yu\n|-singleturn|p1a: Chi-Yu|Protect\n|move|p1b: Iron Bundle|Icy Wind|p2b: Dragonite|[spread] p2a,p2b\n|-supereffective|p2a: Hippowdon\n|-supereffective|p2b: Dragonite\n|-crit|p2b: Dragonite\n|-damage|p2a: Hippowdon|58\/100\n|-damage|p2b: Dragonite|0 fnt\n|-unboost|p2a: Hippowdon|spe|1\n|faint|p2b: Dragonite\n|move|p2a: Hippowdon|Body Press|p1b: Iron Bundle\n|-immune|p1b: Iron Bundle\n|\n|-weather|Sandstorm|[upkeep]\n|-damage|p1b: Iron Bundle|89\/100|[from] Sandstorm\n|-damage|p1a: Chi-Yu|1\/100|[from] Sandstorm\n|-heal|p1a: Chi-Yu|7\/100|[from] item: Leftovers\n|upkeep\n|turn|5\n|\n|t:|1682778549\n|move|p1b: Iron Bundle|Freeze-Dry|p2a: Hippowdon\n|-supereffective|p2a: Hippowdon\n|-damage|p2a: Hippowdon|0 fnt\n|faint|p2a: Hippowdon\n|\n|win|haha u rage quit\n|raw|haha u rage quit's rating: 1235 → 1265<\/strong> (+30 for winning)\n|raw|Alt dr8ke's rating: 1300 → 1270<\/strong> (-30 for losing)\n|l|\u2606Alt dr8ke\n","uploadtime":1682778563,"views":21,"p1id":"hahauragequit","p2id":"altdr8ke","formatid":"gen9vgc2023regulationc","rating":1265,"private":0,"password":""}