{"id":"gen9vgc2023regulationc-1844843052","p1":"xAlber93","p2":"hjrqrg","format":"[Gen 9] VGC 2023 Regulation C","log":"|j|\u2606xAlber93\n|j|\u2606hjrqrg\n|t:|1681655443\n|gametype|doubles\n|player|p1|xAlber93|hilbert|1103\n|player|p2|hjrqrg|101|1016\n|teamsize|p1|6\n|teamsize|p2|6\n|gen|9\n|tier|[Gen 9] VGC 2023 Regulation C\n|rated|\n|rule|Species Clause: Limit one of each Pok\u00e9mon\n|rule|Item Clause: Limit one of each item\n|clearpoke\n|poke|p1|Torkoal, L50, M|\n|poke|p1|Chien-Pao, L50|\n|poke|p1|Scizor, L50, F|\n|poke|p1|Indeedee-F, L50, F|\n|poke|p1|Armarouge, L50, F|\n|poke|p1|Great Tusk, L50|\n|poke|p2|Staraptor, L50, M|\n|poke|p2|Oranguru, L50, M|\n|poke|p2|Flutter Mane, L50|\n|poke|p2|Indeedee-F, L50, F|\n|poke|p2|Torkoal, L50, M|\n|poke|p2|Iron Hands, L50|\n|teampreview|4\n|inactive|Battle timer is ON: inactive players will automatically lose when time's up. (requested by hjrqrg)\n|inactive|xAlber93 has 60 seconds left.\n|\n|t:|1681655496\n|start\n|switch|p1a: Torkoal|Torkoal, L50, M|100\/100\n|switch|p1b: Great Tusk|Great Tusk, L50|100\/100\n|switch|p2a: Indeedee|Indeedee-F, L50, F|100\/100\n|switch|p2b: Oranguru|Oranguru, L50, M|100\/100\n|-fieldstart|move: Psychic Terrain|[from] ability: Psychic Surge|[of] p2a: Indeedee\n|-weather|SunnyDay|[from] ability: Drought|[of] p1a: Torkoal\n|-activate|p1b: Great Tusk|ability: Protosynthesis\n|-start|p1b: Great Tusk|protosynthesisatk\n|turn|1\n|inactive|xAlber93 has 30 seconds left.\n|inactive|hjrqrg has 30 seconds left.\n|inactive|hjrqrg has 20 seconds left.\n|inactive|hjrqrg has 15 seconds left.\n|inactive|hjrqrg has 10 seconds left.\n|\n|t:|1681655545\n|move|p1b: Great Tusk|Protect|p1b: Great Tusk\n|-singleturn|p1b: Great Tusk|Protect\n|move|p2a: Indeedee|Baton Pass|p2a: Indeedee\n|\n|t:|1681655554\n|switch|p2a: Torkoal|Torkoal, L50, M|100\/100|[from] Baton Pass\n|move|p1a: Torkoal|Yawn|p2b: Oranguru\n|-start|p2b: Oranguru|move: Yawn|[of] p1a: Torkoal\n|move|p2b: Oranguru|Trick Room|p2b: Oranguru\n|-fieldstart|move: Trick Room|[of] p2b: Oranguru\n|\n|-weather|SunnyDay|[upkeep]\n|upkeep\n|turn|2\n|inactive|xAlber93 has 30 seconds left.\n|\n|t:|1681655583\n|switch|p2b: Iron Hands|Iron Hands, L50|100\/100\n|-end|p1b: Great Tusk|Protosynthesis|[silent]\n|switch|p1b: Armarouge|Armarouge, L50, F|100\/100\n|-terastallize|p2a: Torkoal|Fire\n|move|p2a: Torkoal|Eruption|p1a: Torkoal|[spread] p1a\n|-start|p1b: Armarouge|ability: Flash Fire\n|-resisted|p1a: Torkoal\n|-damage|p1a: Torkoal|26\/100\n|move|p1a: Torkoal|Yawn|p2a: Torkoal\n|-start|p2a: Torkoal|move: Yawn|[of] p1a: Torkoal\n|\n|-weather|SunnyDay|[upkeep]\n|-heal|p1a: Torkoal|33\/100|[from] item: Leftovers\n|upkeep\n|turn|3\n|inactive|xAlber93 has 30 seconds left.\n|inactive|hjrqrg has 30 seconds left.\n|\n|t:|1681655615\n|switch|p2a: Oranguru|Oranguru, L50, M|100\/100\n|switch|p1a: Indeedee|Indeedee-F, L50, F|100\/100\n|move|p2b: Iron Hands|Wild Charge|p1a: Indeedee\n|-crit|p1a: Indeedee\n|-damage|p1a: Indeedee|22\/100\n|-enditem|p1a: Indeedee|Sitrus Berry|[eat]\n|-heal|p1a: Indeedee|47\/100|[from] item: Sitrus Berry\n|-damage|p2b: Iron Hands|86\/100|[from] Recoil\n|move|p1b: Armarouge|Expanding Force|p2a: Oranguru|[spread] p2a,p2b\n|-resisted|p2a: Oranguru\n|-supereffective|p2b: Iron Hands\n|-damage|p2a: Oranguru|70\/100\n|-damage|p2b: Iron Hands|0 fnt\n|faint|p2b: Iron Hands\n|-end|p2b: Iron Hands|Quark Drive|[silent]\n|\n|-weather|SunnyDay|[upkeep]\n|upkeep\n|\n|t:|1681655628\n|switch|p2b: Torkoal|Torkoal, L50, M, tera:Fire|100\/100\n|turn|4\n|inactive|xAlber93 has 30 seconds left.\n|\n|t:|1681655657\n|switch|p1a: Torkoal|Torkoal, L50, M|33\/100\n|move|p2b: Torkoal|Earth Power|p1b: Armarouge\n|-supereffective|p1b: Armarouge\n|-damage|p1b: Armarouge|23\/100\n|move|p2a: Oranguru|Instruct|p2b: Torkoal\n|-singleturn|p2b: Torkoal|move: Instruct|[of] p2a: Oranguru\n|move|p2b: Torkoal|Earth Power|p1b: Armarouge\n|-supereffective|p1b: Armarouge\n|-damage|p1b: Armarouge|0 fnt\n|faint|p1b: Armarouge\n|\n|-weather|SunnyDay|[upkeep]\n|-heal|p1a: Torkoal|39\/100|[from] item: Leftovers\n|upkeep\n|\n|t:|1681655679\n|switch|p1b: Great Tusk|Great Tusk, L50|100\/100\n|-activate|p1b: Great Tusk|ability: Protosynthesis\n|-start|p1b: Great Tusk|protosynthesisatk\n|turn|5\n|inactive|hjrqrg has 30 seconds left.\n|\n|t:|1681655712\n|switch|p1a: Indeedee|Indeedee-F, L50, F|47\/100\n|move|p1b: Great Tusk|Protect|p1b: Great Tusk\n|-singleturn|p1b: Great Tusk|Protect\n|move|p2b: Torkoal|Earth Power|p1b: Great Tusk\n|-activate|p1b: Great Tusk|move: Protect\n|move|p2a: Oranguru|Instruct|p2b: Torkoal\n|-singleturn|p2b: Torkoal|move: Instruct|[of] p2a: Oranguru\n|move|p2b: Torkoal|Earth Power|p1b: Great Tusk\n|-activate|p1b: Great Tusk|move: Protect\n|\n|-weather|none\n|-end|p1b: Great Tusk|Protosynthesis\n|-fieldend|move: Trick Room\n|-fieldend|move: Psychic Terrain\n|upkeep\n|turn|6\n|inactive|xAlber93 has 30 seconds left.\n|inactive|xAlber93 has 20 seconds left.\n|\n|t:|1681655749\n|switch|p2b: Indeedee|Indeedee-F, L50, F|100\/100\n|-fieldstart|move: Psychic Terrain|[from] ability: Psychic Surge|[of] p2b: Indeedee\n|-terastallize|p1b: Great Tusk|Ground\n|move|p1a: Indeedee|Helping Hand|p1b: Great Tusk\n|-singleturn|p1b: Great Tusk|Helping Hand|[of] p1a: Indeedee\n|move|p1b: Great Tusk|Earthquake|p2b: Indeedee|[spread] p1a,p2a,p2b\n|-damage|p1a: Indeedee|0 fnt\n|-damage|p2a: Oranguru|7\/100\n|-damage|p2b: Indeedee|26\/100\n|faint|p1a: Indeedee\n|move|p2a: Oranguru|Trick Room|p2a: Oranguru\n|-fieldstart|move: Trick Room|[of] p2a: Oranguru\n|\n|upkeep\n|\n|t:|1681655762\n|switch|p1a: Torkoal|Torkoal, L50, M|39\/100\n|-weather|SunnyDay|[from] ability: Drought|[of] p1a: Torkoal\n|-activate|p1b: Great Tusk|ability: Protosynthesis\n|-start|p1b: Great Tusk|protosynthesisatk\n|turn|7\n|inactive|xAlber93 has 30 seconds left.\n|inactive|hjrqrg has 30 seconds left.\n|inactive|xAlber93 has 20 seconds left.\n|inactive|hjrqrg has 20 seconds left.\n|inactive|xAlber93 has 15 seconds left.\n|inactive|hjrqrg has 15 seconds left.\n|inactive|hjrqrg has 10 seconds left.\n|inactive|xAlber93 has 10 seconds left.\n|inactive|hjrqrg has 5 seconds left.\n|\n|t:|1681655817\n|move|p2b: Indeedee|Follow Me|p2b: Indeedee\n|-singleturn|p2b: Indeedee|move: Follow Me\n|move|p1a: Torkoal|Eruption|p2a: Oranguru|[spread] p2a,p2b\n|-damage|p2a: Oranguru|0 fnt\n|-damage|p2b: Indeedee|2\/100\n|faint|p2a: Oranguru\n|move|p1b: Great Tusk|Headlong Rush|p2b: Indeedee\n|-crit|p2b: Indeedee\n|-damage|p2b: Indeedee|0 fnt\n|-unboost|p1b: Great Tusk|def|1\n|-unboost|p1b: Great Tusk|spd|1\n|faint|p2b: Indeedee\n|\n|-weather|SunnyDay|[upkeep]\n|-heal|p1a: Torkoal|45\/100|[from] item: Leftovers\n|upkeep\n|\n|t:|1681655824\n|switch|p2b: Torkoal|Torkoal, L50, M, tera:Fire|100\/100\n|turn|8\n|\n|t:|1681655846\n|move|p1a: Torkoal|Helping Hand|p1b: Great Tusk\n|-singleturn|p1b: Great Tusk|Helping Hand|[of] p1a: Torkoal\n|move|p2b: Torkoal|Eruption|p1a: Torkoal|[spread] p1a,p1b\n|-resisted|p1a: Torkoal\n|-damage|p1a: Torkoal|0 fnt\n|-enditem|p1b: Great Tusk|Focus Sash\n|-damage|p1b: Great Tusk|1\/100\n|faint|p1a: Torkoal\n|move|p1b: Great Tusk|Headlong Rush|p2b: Torkoal\n|-supereffective|p2b: Torkoal\n|-damage|p2b: Torkoal|0 fnt\n|-unboost|p1b: Great Tusk|def|1\n|-unboost|p1b: Great Tusk|spd|1\n|faint|p2b: Torkoal\n|\n|win|xAlber93\n|raw|xAlber93's rating: 1103 → 1125<\/strong> (+22 for winning)\n|raw|hjrqrg's rating: 1057 → 1041<\/strong> (-16 for losing)\n|l|\u2606hjrqrg\n","uploadtime":1681655984,"views":12,"p1id":"xalber93","p2id":"hjrqrg","formatid":"gen9vgc2023regulationc","rating":1041,"private":0,"password":""}