{"id":"gen9vgc2023regulationc-1854839751","p1":"pxzr","p2":"CaliberChamp","format":"[Gen 9] VGC 2023 Regulation C","log":"|j|\u2606pxzr\n|j|\u2606CaliberChamp\n|t:|1682872064\n|gametype|doubles\n|player|p1|pxzr|hugh|1214\n|player|p2|CaliberChamp|red-masters|1160\n|teamsize|p1|6\n|teamsize|p2|6\n|gen|9\n|tier|[Gen 9] VGC 2023 Regulation C\n|rated|\n|rule|Species Clause: Limit one of each Pok\u00e9mon\n|rule|Item Clause: Limit one of each item\n|clearpoke\n|poke|p1|Tyranitar, L50, F|\n|poke|p1|Lycanroc, L50, M|\n|poke|p1|Talonflame, L50, M|\n|poke|p1|Ting-Lu, L50|\n|poke|p1|Arcanine, L50, F|\n|poke|p1|Flutter Mane, L50|\n|poke|p2|Quaquaval, L50, F|\n|poke|p2|Cyclizar, L50, M|\n|poke|p2|Armarouge, L50, M|\n|poke|p2|Ceruledge, L50, F|\n|poke|p2|Iron Bundle, L50|\n|poke|p2|Iron Valiant, L50|\n|teampreview|4\n|inactive|Battle timer is ON: inactive players will automatically lose when time's up. (requested by CaliberChamp)\n|inactive|CaliberChamp has 60 seconds left.\n|\n|t:|1682872110\n|start\n|switch|p1a: Tyranitar|Tyranitar, L50, F|100\/100\n|switch|p1b: Lycanroc|Lycanroc, L50, M|100\/100\n|switch|p2a: Armarouge|Armarouge, L50, M|100\/100\n|switch|p2b: Delibundle|Iron Bundle, L50|100\/100\n|-weather|Sandstorm|[from] ability: Sand Stream|[of] p1a: Tyranitar\n|turn|1\n|inactive|CaliberChamp has 30 seconds left.\n|\n|t:|1682872138\n|-terastallize|p1b: Lycanroc|Rock\n|-terastallize|p2b: Delibundle|Ground\n|move|p2a: Armarouge|Wide Guard|p2a: Armarouge\n|-singleturn|p2a: Armarouge|Wide Guard\n|move|p1b: Lycanroc|Rock Slide|p2a: Armarouge|[spread] \n|-activate|p2a: Armarouge|move: Wide Guard\n|-activate|p2b: Delibundle|move: Wide Guard\n|move|p2b: Delibundle|Tera Blast|p1b: Lycanroc\n|-supereffective|p1b: Lycanroc\n|-damage|p1b: Lycanroc|7\/100\n|move|p1a: Tyranitar|Rock Slide|p2a: Armarouge|[spread] \n|-activate|p2a: Armarouge|move: Wide Guard\n|-activate|p2b: Delibundle|move: Wide Guard\n|\n|-weather|Sandstorm|[upkeep]\n|-damage|p2a: Armarouge|94\/100|[from] Sandstorm\n|upkeep\n|turn|2\n|\n|t:|1682872158\n|move|p2b: Delibundle|Protect|p2b: Delibundle\n|-singleturn|p2b: Delibundle|Protect\n|move|p1b: Lycanroc|Accelerock|p2a: Armarouge\n|-supereffective|p2a: Armarouge\n|-damage|p2a: Armarouge|53\/100\n|move|p1a: Tyranitar|Crunch|p2b: Delibundle\n|-activate|p2b: Delibundle|move: Protect\n|move|p2a: Armarouge|Lava Plume|p1a: Tyranitar|[spread] p1a,p1b\n|-activate|p2b: Delibundle|move: Protect\n|-resisted|p1a: Tyranitar\n|-resisted|p1b: Lycanroc\n|-damage|p1a: Tyranitar|94\/100\n|-damage|p1b: Lycanroc|0 fnt\n|faint|p1b: Lycanroc\n|\n|-weather|Sandstorm|[upkeep]\n|-damage|p2a: Armarouge|46\/100|[from] Sandstorm\n|upkeep\n|\n|t:|1682872171\n|switch|p1b: Flutter Mane|Flutter Mane, L50|100\/100\n|-enditem|p1b: Flutter Mane|Booster Energy\n|-activate|p1b: Flutter Mane|ability: Protosynthesis|[fromitem]\n|-start|p1b: Flutter Mane|protosynthesisspa\n|turn|3\n|\n|t:|1682872192\n|move|p2a: Armarouge|Helping Hand|p2b: Delibundle\n|-singleturn|p2b: Delibundle|Helping Hand|[of] p2a: Armarouge\n|move|p1b: Flutter Mane|Protect|p1b: Flutter Mane\n|-singleturn|p1b: Flutter Mane|Protect\n|move|p2b: Delibundle|Tera Blast|p1a: Tyranitar\n|-supereffective|p1a: Tyranitar\n|-damage|p1a: Tyranitar|32\/100\n|move|p1a: Tyranitar|Crunch|p2a: Armarouge\n|-supereffective|p2a: Armarouge\n|-damage|p2a: Armarouge|0 fnt\n|faint|p2a: Armarouge\n|\n|-weather|Sandstorm|[upkeep]\n|-damage|p1b: Flutter Mane|94\/100|[from] Sandstorm\n|upkeep\n|\n|t:|1682872206\n|switch|p2a: Quaquaval|Quaquaval, L50, F|100\/100\n|turn|4\n|\n|t:|1682872219\n|move|p1a: Tyranitar|Protect|p1a: Tyranitar\n|-singleturn|p1a: Tyranitar|Protect\n|move|p2b: Delibundle|Encore|p1b: Flutter Mane\n|-start|p1b: Flutter Mane|Encore\n|move|p1b: Flutter Mane|Protect||[still]\n|-fail|p1b: Flutter Mane\n|move|p2a: Quaquaval|Aqua Step|p1a: Tyranitar\n|-activate|p1a: Tyranitar|move: Protect\n|\n|-weather|Sandstorm|[upkeep]\n|-damage|p1b: Flutter Mane|88\/100|[from] Sandstorm\n|-damage|p2a: Quaquaval|94\/100|[from] Sandstorm\n|upkeep\n|turn|5\n|\n|t:|1682872239\n|-end|p1b: Flutter Mane|Protosynthesis|[silent]\n|switch|p1b: Talonflame|Talonflame, L50, M|100\/100\n|move|p2b: Delibundle|Tera Blast|p1a: Tyranitar\n|-supereffective|p1a: Tyranitar\n|-damage|p1a: Tyranitar|0 fnt\n|faint|p1a: Tyranitar\n|move|p2a: Quaquaval|Aqua Step|p1b: Talonflame\n|-supereffective|p1b: Talonflame\n|-damage|p1b: Talonflame|0 fnt\n|-boost|p2a: Quaquaval|spe|1\n|faint|p1b: Talonflame\n|-ability|p2a: Quaquaval|Moxie|boost\n|-boost|p2a: Quaquaval|atk|1\n|\n|-weather|none\n|upkeep\n|\n|t:|1682872264\n|switch|p1b: Flutter Mane|Flutter Mane, L50|88\/100\n|turn|6\n|\n|t:|1682872274\n|move|p2b: Delibundle|Protect|p2b: Delibundle\n|-singleturn|p2b: Delibundle|Protect\n|move|p2a: Quaquaval|Aqua Step|p1b: Flutter Mane\n|-damage|p1b: Flutter Mane|0 fnt\n|-boost|p2a: Quaquaval|spe|1\n|faint|p1b: Flutter Mane\n|-end|p1b: Flutter Mane|Protosynthesis|[silent]\n|\n|win|CaliberChamp\n|raw|pxzr's rating: 1214 → 1185<\/strong> (-29 for losing)\n|raw|CaliberChamp's rating: 1160 → 1189<\/strong> (+29 for winning)\n|l|\u2606pxzr\n","uploadtime":1682872293,"views":13,"p1id":"pxzr","p2id":"caliberchamp","formatid":"gen9vgc2023regulationc","rating":1185,"private":0,"password":""}