{"id":"gen9vgc2023regulationc-1859451866","p1":"M4tty02","p2":"Tamejo","format":"[Gen 9] VGC 2023 Regulation C","log":"|j|\u2606M4tty02\n|j|\u2606Tamejo\n|t:|1683470298\n|gametype|doubles\n|player|p1|M4tty02|emmet|\n|player|p2|Tamejo|rood|\n|teamsize|p1|6\n|teamsize|p2|6\n|gen|9\n|tier|[Gen 9] VGC 2023 Regulation C\n|rule|Species Clause: Limit one of each Pok\u00e9mon\n|rule|Item Clause: Limit one of each item\n|clearpoke\n|poke|p1|Chi-Yu, L50|\n|poke|p1|Flutter Mane, L50|\n|poke|p1|Amoonguss, L50, F|\n|poke|p1|Iron Hands, L50|\n|poke|p1|Palafin, L50, F|\n|poke|p1|Arcanine, L50, F|\n|poke|p2|Murkrow, L50, F|\n|poke|p2|Great Tusk, L50|\n|poke|p2|Iron Bundle, L50|\n|poke|p2|Chi-Yu, L50|\n|poke|p2|Iron Hands, L50|\n|poke|p2|Amoonguss, L50, M|\n|teampreview|4\nTamejo has agreed to open team sheets.\nM4tty02 has agreed to open team sheets.\n|j| lucarioex555\n|c|\u2606Tamejo|G1\n|c|\u2606M4tty02|Bisogna attivare il timer?\n|c| lucarioex555|possibilmente\n|c| lucarioex555|ma se non volete fa nulla\n|j| Bud gg uvihg\n|c|\u2606M4tty02|Per me va bene\n|c|\u2606Tamejo|Noooo ensomma\n|c|\u2606Tamejo|qua mi remano contro\n|c| Bud gg uvihg|Si timer\n|c|\u2606Tamejo|come vi pare\n|c| Bud gg uvihg|Vamos\n|c|\u2606M4tty02|Ok\n|inactive|Battle timer is ON: inactive players will automatically lose when time's up. (requested by M4tty02)\n|\n|t:|1683470440\n|start\n|switch|p1a: Chi-Yu|Chi-Yu, L50|100\/100\n|switch|p1b: Iron Hands|Iron Hands, L50|100\/100\n|switch|p2a: Iron Bundle|Iron Bundle, L50|100\/100\n|switch|p2b: Iron Hands|Iron Hands, L50|100\/100\n|-ability|p1a: Chi-Yu|Beads of Ruin\n|-enditem|p2a: Iron Bundle|Booster Energy\n|-activate|p2a: Iron Bundle|ability: Quark Drive|[fromitem]\n|-start|p2a: Iron Bundle|quarkdrivespe\n|turn|1\n|c| Bud gg uvihg|Vogliamo vedere i team\n|c| Bud gg uvihg|Dateci le spread 252 ahhaha\n|c|\u2606Tamejo|Le mie molte sono 252\n|inactive|Tamejo has 30 seconds left.\n|inactive|Tamejo has 20 seconds left.\n|inactive|Tamejo has 15 seconds left.\n|inactive|Tamejo has 10 seconds left.\n|\n|t:|1683470488\n|-terastallize|p2a: Iron Bundle|Poison\n|move|p1b: Iron Hands|Fake Out|p2a: Iron Bundle\n|-damage|p2a: Iron Bundle|81\/100\n|move|p2b: Iron Hands|Fake Out|p1a: Chi-Yu\n|-damage|p1a: Chi-Yu|76\/100\n|cant|p2a: Iron Bundle|flinch\n|cant|p1a: Chi-Yu|flinch\n|\n|upkeep\n|turn|2\n|\n|t:|1683470511\n|switch|p1a: Arcanine|Arcanine, L50, F, shiny|100\/100\n|-ability|p1a: Arcanine|Intimidate|boost\n|-unboost|p2a: Iron Bundle|atk|1\n|-unboost|p2b: Iron Hands|atk|1\n|move|p2a: Iron Bundle|Protect|p2a: Iron Bundle\n|-singleturn|p2a: Iron Bundle|Protect\n|move|p1b: Iron Hands|Volt Switch|p2a: Iron Bundle\n|-activate|p2a: Iron Bundle|move: Protect\n|move|p2b: Iron Hands|Volt Switch|p1a: Arcanine\n|-damage|p1a: Arcanine|86\/100\n|c| Bud gg uvihg|Poison??\n|\n|t:|1683470529\n|-end|p2b: Iron Hands|Quark Drive|[silent]\n|switch|p2b: Great Tusk|Great Tusk, L50|100\/100|[from] Volt Switch\n|\n|upkeep\n|turn|3\n|c| Bud gg uvihg|Non era meglio Ghost\n|c|\u2606Tamejo|\u00c8 difensiva\n|c| Bud gg uvihg|Ci piace prendere terremoto\n|inactive|Tamejo has 30 seconds left.\n|inactive|Tamejo has 20 seconds left.\n|inactive|M4tty02 has 30 seconds left.\n|inactive|Tamejo has 15 seconds left.\n|inactive|Tamejo has 10 seconds left.\n|\n|t:|1683470579\n|-terastallize|p1b: Iron Hands|Grass\n|move|p1a: Arcanine|Protect|p1a: Arcanine\n|-singleturn|p1a: Arcanine|Protect\n|move|p2a: Iron Bundle|Freeze-Dry|p1b: Iron Hands\n|-supereffective|p1b: Iron Hands\n|-damage|p1b: Iron Hands|66\/100\n|move|p2b: Great Tusk|Headlong Rush|p1b: Iron Hands\n|-resisted|p1b: Iron Hands\n|-damage|p1b: Iron Hands|47\/100\n|-unboost|p2b: Great Tusk|def|1\n|-unboost|p2b: Great Tusk|spd|1\n|move|p1b: Iron Hands|Wild Charge|p2a: Iron Bundle\n|-damage|p2a: Iron Bundle|26\/100\n|-damage|p1b: Iron Hands|40\/100|[from] Recoil\n|\n|upkeep\n|turn|4\n|inactive|M4tty02 has 30 seconds left.\n|inactive|Tamejo has 30 seconds left.\n|inactive|Tamejo has 20 seconds left.\n|\n|t:|1683470623\n|move|p2a: Iron Bundle|Protect|p2a: Iron Bundle\n|-singleturn|p2a: Iron Bundle|Protect\n|move|p1a: Arcanine|Extreme Speed|p2a: Iron Bundle\n|-activate|p2a: Iron Bundle|move: Protect\n|move|p2b: Great Tusk|Headlong Rush|p1a: Arcanine\n|-supereffective|p1a: Arcanine\n|-damage|p1a: Arcanine|0 fnt\n|-unboost|p2b: Great Tusk|def|1\n|-unboost|p2b: Great Tusk|spd|1\n|faint|p1a: Arcanine\n|move|p1b: Iron Hands|Drain Punch|p2b: Great Tusk\n|-damage|p2b: Great Tusk|35\/100\n|-heal|p1b: Iron Hands|65\/100|[from] drain|[of] p2b: Great Tusk\n|\n|upkeep\n|\n|t:|1683470634\n|switch|p1a: Flutter Mane|Flutter Mane, L50|100\/100\n|-enditem|p1a: Flutter Mane|Booster Energy\n|-activate|p1a: Flutter Mane|ability: Protosynthesis|[fromitem]\n|-start|p1a: Flutter Mane|protosynthesisspa\n|turn|5\n|inactive|Tamejo has 30 seconds left.\n|\n|t:|1683470661\n|-end|p2b: Great Tusk|Protosynthesis|[silent]\n|switch|p2b: Iron Hands|Iron Hands, L50|100\/100\n|move|p1a: Flutter Mane|Protect|p1a: Flutter Mane\n|-singleturn|p1a: Flutter Mane|Protect\n|move|p2a: Iron Bundle|Icy Wind|p1b: Iron Hands|[spread] p1b\n|-activate|p1a: Flutter Mane|move: Protect\n|-supereffective|p1b: Iron Hands\n|-damage|p1b: Iron Hands|47\/100\n|-unboost|p1b: Iron Hands|spe|1\n|move|p1b: Iron Hands|Wild Charge|p2a: Iron Bundle\n|-damage|p2a: Iron Bundle|0 fnt\n|faint|p2a: Iron Bundle\n|-end|p2a: Iron Bundle|Quark Drive|[silent]\n|-damage|p1b: Iron Hands|44\/100|[from] Recoil\n|\n|upkeep\n|\n|t:|1683470675\n|switch|p2a: Chi-Yu|Chi-Yu, L50|100\/100\n|-ability|p2a: Chi-Yu|Beads of Ruin\n|turn|6\n|c| Bud gg uvihg|Dai tamejoooooooo\n|c| Bud gg uvihg|\ud83d\udc51\ud83d\udc51\ud83d\udc51\ud83d\udc51\ud83d\udc51\ud83d\udc51\ud83d\udc51\ud83d\udc51\ud83d\udc51\n|inactive|M4tty02 has 30 seconds left.\n|\n|t:|1683470708\n|move|p2a: Chi-Yu|Heat Wave|p1b: Iron Hands|[spread] p1a,p1b\n|-supereffective|p1b: Iron Hands\n|-damage|p1a: Flutter Mane|39\/100\n|-damage|p1b: Iron Hands|0 fnt\n|faint|p1b: Iron Hands\n|-end|p1b: Iron Hands|Quark Drive|[silent]\n|move|p1a: Flutter Mane|Dazzling Gleam|p2a: Chi-Yu|[spread] p2a,p2b\n|-supereffective|p2b: Iron Hands\n|-damage|p2a: Chi-Yu|50\/100\n|-damage|p2b: Iron Hands|40\/100\n|move|p2b: Iron Hands|Wild Charge|p1a: Flutter Mane\n|-damage|p1a: Flutter Mane|0 fnt\n|faint|p1a: Flutter Mane\n|-end|p1a: Flutter Mane|Protosynthesis|[silent]\n|-damage|p2b: Iron Hands|33\/100|[from] Recoil\n|\n|upkeep\n|\n|t:|1683470713\n|switch|p1a: Chi-Yu|Chi-Yu, L50|76\/100\n|-ability|p1a: Chi-Yu|Beads of Ruin\n|turn|7\n|c| Bud gg uvihg|Vamossssss\n|\n|t:|1683470738\n|move|p1a: Chi-Yu|Heat Wave|p2a: Chi-Yu|[spread] p2a,p2b\n|-resisted|p2a: Chi-Yu\n|-damage|p2a: Chi-Yu|27\/100\n|-damage|p2b: Iron Hands|8\/100\n|move|p2a: Chi-Yu|Heat Wave|p1a: Chi-Yu\n|-resisted|p1a: Chi-Yu\n|-damage|p1a: Chi-Yu|28\/100\n|move|p2b: Iron Hands|Drain Punch|p1a: Chi-Yu\n|-supereffective|p1a: Chi-Yu\n|-damage|p1a: Chi-Yu|0 fnt\n|-heal|p2b: Iron Hands|16\/100|[from] drain|[of] p1a: Chi-Yu\n|faint|p1a: Chi-Yu\n|\n|win|Tamejo\n|c|\u2606M4tty02|gg\n|c|\u2606Tamejo|Gg\n|c| Bud gg uvihg|Dai dai\n|l| lucarioex555\n|l| Bud gg uvihg\n|l|\u2606M4tty02\n","uploadtime":1683471262,"views":8,"p1id":"m4tty02","p2id":"tamejo","formatid":"gen9vgc2023regulationc","rating":0,"private":0,"password":""}