{"id":"gen9vgc2023regulationc-1856553367","p1":"Joxhann25","p2":"MatRod","format":"[Gen 9] VGC 2023 Regulation C","log":"|j|\u2606Joxhann25\n|j|\u2606MatRod\n|t:|1683075000\n|gametype|doubles\n|player|p1|Joxhann25|youngster-gen4dp|1135\n|player|p2|MatRod|veteran|1046\n|teamsize|p1|6\n|teamsize|p2|6\n|gen|9\n|tier|[Gen 9] VGC 2023 Regulation C\n|rated|\n|rule|Species Clause: Limit one of each Pok\u00e9mon\n|rule|Item Clause: Limit one of each item\n|clearpoke\n|poke|p1|Gholdengo, L50|\n|poke|p1|Dragonite, L50, F|\n|poke|p1|Dondozo, L50, M|\n|poke|p1|Tatsugiri, L50, F|\n|poke|p1|Amoonguss, L50, F|\n|poke|p1|Arcanine, L50, F|\n|poke|p2|Indeedee-F, L50, F|\n|poke|p2|Armarouge, L50, F|\n|poke|p2|Sandy Shocks, L50|\n|poke|p2|Flapple, L50, M|\n|poke|p2|Espathra, L50, F|\n|poke|p2|Murkrow, L50, M|\n|teampreview|4\n|\n|t:|1683075034\n|start\n|switch|p1a: Amoonguss|Amoonguss, L50, F|100\/100\n|switch|p1b: Arcanine|Arcanine, L50, F|100\/100\n|switch|p2a: Sandy Shocks|Sandy Shocks, L50, shiny|100\/100\n|switch|p2b: Espathra|Espathra, L50, F, shiny|100\/100\n|-ability|p1b: Arcanine|Intimidate|boost\n|-unboost|p2a: Sandy Shocks|atk|1\n|-unboost|p2b: Espathra|atk|1\n|-enditem|p2a: Sandy Shocks|Booster Energy\n|-activate|p2a: Sandy Shocks|ability: Protosynthesis|[fromitem]\n|-start|p2a: Sandy Shocks|protosynthesisspe\n|turn|1\n|\n|t:|1683075061\n|move|p2b: Espathra|Protect|p2b: Espathra\n|-singleturn|p2b: Espathra|Protect\n|move|p1b: Arcanine|Extreme Speed|p2b: Espathra\n|-activate|p2b: Espathra|move: Protect\n|move|p2a: Sandy Shocks|Gravity|p2a: Sandy Shocks\n|-fieldstart|move: Gravity\n|move|p1a: Amoonguss|Spore|p2a: Sandy Shocks\n|-status|p2a: Sandy Shocks|slp|[from] move: Spore\n|\n|-ability|p2b: Espathra|Speed Boost|boost\n|-boost|p2b: Espathra|spe|1\n|upkeep\n|turn|2\n|\n|t:|1683075077\n|switch|p1b: Tatsugiri|Tatsugiri, L50, F|100\/100\n|switch|p1a: Dondozo|Dondozo, L50, M|100\/100\n|-activate|p1b: Tatsugiri|ability: Commander|[of] p1a: Dondozo\n|-boost|p1a: Dondozo|atk|2\n|-boost|p1a: Dondozo|spa|2\n|-boost|p1a: Dondozo|spe|2\n|-boost|p1a: Dondozo|def|2\n|-boost|p1a: Dondozo|spd|2\n|move|p2b: Espathra|Hypnosis|p1a: Dondozo\n|-status|p1a: Dondozo|slp|[from] move: Hypnosis\n|cant|p2a: Sandy Shocks|slp\n|\n|-ability|p2b: Espathra|Speed Boost|boost\n|-boost|p2b: Espathra|spe|1\n|upkeep\n|turn|3\n|\n|t:|1683075116\n|switch|p2b: Flapple|Flapple, L50, M|100\/100\n|-end|p2a: Sandy Shocks|Protosynthesis|[silent]\n|switch|p2a: Murkrow|Murkrow, L50, M|100\/100\n|cant|p1a: Dondozo|slp\n|\n|upkeep\n|turn|4\n|\n|t:|1683075145\n|move|p2a: Murkrow|Tailwind|p2a: Murkrow\n|-sidestart|p2: MatRod|move: Tailwind\n|move|p2b: Flapple|Grav Apple|p1a: Dondozo\n|-supereffective|p1a: Dondozo\n|-damage|p1a: Dondozo|53\/100 slp\n|-unboost|p1a: Dondozo|def|1\n|cant|p1a: Dondozo|slp\n|\n|-heal|p1a: Dondozo|59\/100 slp|[from] item: Leftovers\n|upkeep\n|turn|5\n|\n|t:|1683075160\n|move|p2a: Murkrow|Haze|p2a: Murkrow\n|-clearallboost\n|move|p2b: Flapple|Grav Apple|p1a: Dondozo\n|-supereffective|p1a: Dondozo\n|-crit|p1a: Dondozo\n|-damage|p1a: Dondozo|0 fnt\n|faint|p1a: Dondozo\n|\n|-fieldend|move: Gravity\n|upkeep\n|\n|t:|1683075172\n|switch|p1a: Amoonguss|Amoonguss, L50, F|100\/100\n|turn|6\n|\n|t:|1683075200\n|move|p2a: Murkrow|Thunder Wave|p1a: Amoonguss\n|-status|p1a: Amoonguss|par\n|move|p2b: Flapple|Grav Apple|p1b: Tatsugiri\n|-enditem|p1b: Tatsugiri|Focus Sash\n|-damage|p1b: Tatsugiri|1\/100\n|-unboost|p1b: Tatsugiri|def|1\n|move|p1b: Tatsugiri|Draco Meteor|p2b: Flapple\n|-supereffective|p2b: Flapple\n|-damage|p2b: Flapple|0 fnt\n|-unboost|p1b: Tatsugiri|spa|2\n|faint|p2b: Flapple\n|move|p1a: Amoonguss|Spore|p2a: Murkrow\n|-status|p2a: Murkrow|slp|[from] move: Spore\n|\n|upkeep\n|\n|t:|1683075221\n|switch|p2b: Sandy Shocks|Sandy Shocks, L50, shiny|100\/100 slp\n|turn|7\n|\n|t:|1683075259\n|cant|p1a: Amoonguss|par\n|cant|p2b: Sandy Shocks|slp\n|cant|p2a: Murkrow|slp\n|move|p1b: Tatsugiri|Draco Meteor|p2b: Sandy Shocks\n|-damage|p2b: Sandy Shocks|59\/100 slp\n|-unboost|p1b: Tatsugiri|spa|2\n|\n|-sideend|p2: MatRod|move: Tailwind\n|upkeep\n|turn|8\n|\n|t:|1683075295\n|switch|p1a: Arcanine|Arcanine, L50, F|100\/100\n|-ability|p1a: Arcanine|Intimidate|boost\n|-unboost|p2a: Murkrow|atk|1\n|-unboost|p2b: Sandy Shocks|atk|1\n|cant|p2b: Sandy Shocks|slp\n|move|p1b: Tatsugiri|Draco Meteor|p2b: Sandy Shocks|[miss]\n|-miss|p1b: Tatsugiri|p2b: Sandy Shocks\n|cant|p2a: Murkrow|slp\n|\n|upkeep\n|turn|9\n|\n|t:|1683075320\n|-curestatus|p2a: Murkrow|slp|[msg]\n|move|p2a: Murkrow|Tailwind|p2a: Murkrow\n|-sidestart|p2: MatRod|move: Tailwind\n|-curestatus|p2b: Sandy Shocks|slp|[msg]\n|move|p2b: Sandy Shocks|Earth Power|p1a: Arcanine\n|-supereffective|p1a: Arcanine\n|-damage|p1a: Arcanine|36\/100\n|move|p1b: Tatsugiri|Muddy Water|p2a: Murkrow|[spread] p2a,p2b\n|-supereffective|p2b: Sandy Shocks\n|-damage|p2a: Murkrow|84\/100\n|-damage|p2b: Sandy Shocks|31\/100\n|-unboost|p2a: Murkrow|accuracy|1\n|move|p1a: Arcanine|Flare Blitz|p2b: Sandy Shocks\n|-damage|p2b: Sandy Shocks|0 fnt\n|faint|p2b: Sandy Shocks\n|-end|p2b: Sandy Shocks|Protosynthesis|[silent]\n|-damage|p1a: Arcanine|27\/100|[from] Recoil\n|\n|upkeep\n|\n|t:|1683075338\n|switch|p2b: Espathra|Espathra, L50, F, shiny|100\/100\n|turn|10\n|\n|t:|1683075353\n|switch|p1b: Amoonguss|Amoonguss, L50, F|100\/100 par\n|move|p2b: Espathra|Protect|p2b: Espathra\n|-singleturn|p2b: Espathra|Protect\n|move|p2a: Murkrow|Foul Play|p1b: Amoonguss|[miss]\n|-miss|p2a: Murkrow|p1b: Amoonguss\n|move|p1a: Arcanine|Flare Blitz|p2a: Murkrow\n|-damage|p2a: Murkrow|45\/100\n|-status|p2a: Murkrow|brn\n|-damage|p1a: Arcanine|16\/100|[from] Recoil\n|\n|-damage|p2a: Murkrow|39\/100 brn|[from] brn\n|-ability|p2b: Espathra|Speed Boost|boost\n|-boost|p2b: Espathra|spe|1\n|upkeep\n|turn|11\n|\n|t:|1683075383\n|move|p2b: Espathra|Substitute|p2b: Espathra\n|-start|p2b: Espathra|Substitute\n|-damage|p2b: Espathra|76\/100\n|move|p2a: Murkrow|Foul Play|p1a: Arcanine|[miss]\n|-miss|p2a: Murkrow|p1a: Arcanine\n|move|p1a: Arcanine|Flare Blitz|p2b: Espathra\n|-end|p2b: Espathra|Substitute\n|-damage|p1a: Arcanine|8\/100|[from] Recoil|[of] p2b: Espathra\n|move|p1b: Amoonguss|Spore|p2b: Espathra\n|-status|p2b: Espathra|slp|[from] move: Spore\n|\n|-damage|p2a: Murkrow|33\/100 brn|[from] brn\n|-ability|p2b: Espathra|Speed Boost|boost\n|-boost|p2b: Espathra|spe|1\n|upkeep\n|turn|12\n|inactive|Battle timer is ON: inactive players will automatically lose when time's up. (requested by MatRod)\n|\n|t:|1683075410\n|cant|p2b: Espathra|slp\n|move|p1a: Arcanine|Extreme Speed|p2a: Murkrow\n|-damage|p2a: Murkrow|13\/100 brn\n|move|p2a: Murkrow|Foul Play|p1a: Arcanine\n|-damage|p1a: Arcanine|0 fnt\n|faint|p1a: Arcanine\n|move|p1b: Amoonguss|Clear Smog|p2b: Espathra\n|-damage|p2b: Espathra|56\/100 slp\n|-clearboost|p2b: Espathra\n|\n|-damage|p2a: Murkrow|7\/100 brn|[from] brn\n|-sideend|p2: MatRod|move: Tailwind\n|-ability|p2b: Espathra|Speed Boost|boost\n|-boost|p2b: Espathra|spe|1\n|upkeep\n|\n|t:|1683075428\n|switch|p1a: Tatsugiri|Tatsugiri, L50, F|1\/100\n|turn|13\n|inactive|MatRod has 30 seconds left.\n|\n|t:|1683075459\n|cant|p2b: Espathra|slp\n|move|p1b: Amoonguss|Rage Powder|p1b: Amoonguss\n|-singleturn|p1b: Amoonguss|move: Rage Powder\n|move|p1a: Tatsugiri|Draco Meteor|p2b: Espathra\n|-damage|p2b: Espathra|0 fnt\n|-unboost|p1a: Tatsugiri|spa|2\n|faint|p2b: Espathra\n|move|p2a: Murkrow|Foul Play|p1b: Amoonguss\n|-damage|p1b: Amoonguss|88\/100 par\n|\n|-damage|p2a: Murkrow|1\/100 brn|[from] brn\n|upkeep\n|turn|14\n|-message|MatRod forfeited.\n|\n|win|Joxhann25\n|raw|Joxhann25's rating: 1135 → 1154<\/strong> (+19 for winning)\n|raw|MatRod's rating: 1046 → 1033<\/strong> (-13 for losing)\n|l|\u2606MatRod\n","uploadtime":1683075484,"views":16,"p1id":"joxhann25","p2id":"matrod","formatid":"gen9vgc2023regulationc","rating":1033,"private":0,"password":""}