{"id":"gen9vgc2023regulationc-1864169600","p1":"littlemasteraik","p2":"ScV Gengar","format":"[Gen 9] VGC 2023 Regulation C","log":"|j|\u2606littlemasteraik\n|j|\u2606ScV Gengar\n|t:|1684129164\n|gametype|doubles\n|player|p1|littlemasteraik|1|1444\n|player|p2|ScV Gengar|benga|1430\n|teamsize|p1|6\n|teamsize|p2|6\n|gen|9\n|tier|[Gen 9] VGC 2023 Regulation C\n|rated|\n|rule|Species Clause: Limit one of each Pok\u00e9mon\n|rule|Item Clause: Limit one of each item\n|clearpoke\n|poke|p1|Talonflame, L50, F|\n|poke|p1|Amoonguss, L50, M|\n|poke|p1|Flutter Mane, L50|\n|poke|p1|Chi-Yu, L50|\n|poke|p1|Iron Bundle, L50|\n|poke|p1|Azumarill, L50, M|\n|poke|p2|Gyarados, L50, M|\n|poke|p2|Orthworm, L50, F|\n|poke|p2|Ting-Lu, L50|\n|poke|p2|Amoonguss, L50, F|\n|poke|p2|Talonflame, L50, M|\n|poke|p2|Flutter Mane, L50|\n|teampreview|4\n|inactive|Battle timer is ON: inactive players will automatically lose when time's up. (requested by littlemasteraik)\n|j| THUNDERSND77\n|inactive|ScV Gengar has 60 seconds left.\n|\n|t:|1684129214\n|start\n|switch|p1a: Talonflame|Talonflame, L50, F|100\/100\n|switch|p1b: Flutter Mane|Flutter Mane, L50|100\/100\n|switch|p2a: Gyarados|Gyarados, L50, M|100\/100\n|switch|p2b: Orthworm|Orthworm, L50, F|100\/100\n|-ability|p2a: Gyarados|Intimidate|boost\n|-unboost|p1a: Talonflame|atk|1\n|-unboost|p1b: Flutter Mane|atk|1\n|turn|1\n|inactive|ScV Gengar has 30 seconds left.\n|\n|t:|1684129244\n|switch|p2a: Ting-Lu|Ting-Lu, L50|100\/100\n|-ability|p2a: Ting-Lu|Vessel of Ruin\n|move|p1a: Talonflame|Taunt|p2b: Orthworm\n|-start|p2b: Orthworm|move: Taunt\n|move|p1b: Flutter Mane|Thunderbolt|p2a: Ting-Lu\n|-immune|p2a: Ting-Lu\n|move|p2b: Orthworm|Heavy Slam|p1b: Flutter Mane\n|-supereffective|p1b: Flutter Mane\n|-damage|p1b: Flutter Mane|0 fnt\n|faint|p1b: Flutter Mane\n|-end|p1b: Flutter Mane|Protosynthesis|[silent]\n|\n|upkeep\n|\n|t:|1684129259\n|switch|p1b: Azumarill|Azumarill, L50, M|100\/100\n|turn|2\n|\n|t:|1684129280\n|switch|p2a: Gyarados|Gyarados, L50, M|100\/100\n|-ability|p2a: Gyarados|Intimidate|boost\n|-unboost|p1a: Talonflame|atk|1\n|-unboost|p1b: Azumarill|atk|1\n|move|p1a: Talonflame|Tailwind|p1a: Talonflame\n|-sidestart|p1: littlemasteraik|move: Tailwind\n|move|p1b: Azumarill|Play Rough|p2a: Gyarados\n|-damage|p2a: Gyarados|62\/100\n|move|p2b: Orthworm|Heavy Slam|p1b: Azumarill\n|-damage|p1b: Azumarill|66\/100\n|\n|upkeep\n|turn|3\n|inactive|ScV Gengar has 30 seconds left.\n|inactive|ScV Gengar has 20 seconds left.\n|\n|t:|1684129319\n|move|p1a: Talonflame|Will-O-Wisp|p2b: Orthworm\n|-status|p2b: Orthworm|brn\n|move|p1b: Azumarill|Play Rough|p2a: Gyarados\n|-damage|p2a: Gyarados|26\/100\n|move|p2a: Gyarados|Waterfall|p1a: Talonflame\n|-supereffective|p1a: Talonflame\n|-damage|p1a: Talonflame|5\/100\n|move|p2b: Orthworm|Heavy Slam|p1b: Azumarill\n|-damage|p1b: Azumarill|49\/100\n|\n|-damage|p2b: Orthworm|94\/100 brn|[from] brn\n|-end|p2b: Orthworm|move: Taunt\n|upkeep\n|turn|4\n|inactive|littlemasteraik has 30 seconds left.\n|\n|t:|1684129346\n|switch|p2a: Amoonguss|Amoonguss, L50, F|100\/100\n|move|p1a: Talonflame|Taunt|p2b: Orthworm\n|-start|p2b: Orthworm|move: Taunt\n|move|p1b: Azumarill|Play Rough|p2a: Amoonguss\n|-resisted|p2a: Amoonguss\n|-damage|p2a: Amoonguss|85\/100\n|-damage|p1b: Azumarill|32\/100|[from] item: Rocky Helmet|[of] p2a: Amoonguss\n|move|p2b: Orthworm|Heavy Slam|p1a: Talonflame\n|-resisted|p1a: Talonflame\n|-damage|p1a: Talonflame|0 fnt\n|faint|p1a: Talonflame\n|\n|-damage|p2b: Orthworm|88\/100 brn|[from] brn\n|upkeep\n|\n|t:|1684129359\n|switch|p1a: Chi-Yu|Chi-Yu, L50|100\/100\n|-ability|p1a: Chi-Yu|Beads of Ruin\n|turn|5\n|inactive|ScV Gengar has 30 seconds left.\n|inactive|ScV Gengar has 20 seconds left.\n|\n|t:|1684129399\n|switch|p2b: Ting-Lu|Ting-Lu, L50|100\/100\n|-ability|p2b: Ting-Lu|Vessel of Ruin\n|-terastallize|p2a: Amoonguss|Water\n|move|p1a: Chi-Yu|Heat Wave|p2a: Amoonguss|[spread] p2a,p2b\n|-resisted|p2a: Amoonguss\n|-damage|p2a: Amoonguss|70\/100\n|-damage|p2b: Ting-Lu|75\/100\n|-status|p2a: Amoonguss|brn\n|move|p1b: Azumarill|Play Rough|p2a: Amoonguss\n|-damage|p2a: Amoonguss|43\/100 brn\n|-damage|p1b: Azumarill|16\/100|[from] item: Rocky Helmet|[of] p2a: Amoonguss\n|move|p2a: Amoonguss|Spore|p1a: Chi-Yu\n|-status|p1a: Chi-Yu|slp|[from] move: Spore\n|\n|-heal|p2b: Ting-Lu|82\/100|[from] item: Leftovers\n|-damage|p2a: Amoonguss|37\/100 brn|[from] brn\n|-sideend|p1: littlemasteraik|move: Tailwind\n|upkeep\n|turn|6\n|inactive|littlemasteraik has 30 seconds left.\n|inactive|ScV Gengar has 30 seconds left.\n|\n|t:|1684129427\n|switch|p2a: Gyarados|Gyarados, L50, M|26\/100\n|-ability|p2a: Gyarados|Intimidate|boost\n|-unboost|p1a: Chi-Yu|atk|1\n|-unboost|p1b: Azumarill|atk|1\n|-terastallize|p1b: Azumarill|Water\n|cant|p1a: Chi-Yu|slp\n|move|p1b: Azumarill|Liquidation|p2b: Ting-Lu\n|-supereffective|p2b: Ting-Lu\n|-damage|p2b: Ting-Lu|40\/100\n|move|p2b: Ting-Lu|Earthquake|p1a: Chi-Yu|[spread] p1a,p1b\n|-immune|p2a: Gyarados\n|-supereffective|p1a: Chi-Yu\n|-damage|p1a: Chi-Yu|25\/100 slp\n|-damage|p1b: Azumarill|0 fnt\n|faint|p1b: Azumarill\n|\n|-heal|p1a: Chi-Yu|31\/100 slp|[from] item: Leftovers\n|-heal|p2b: Ting-Lu|46\/100|[from] item: Leftovers\n|upkeep\n|turn|7\n|\n|t:|1684129449\n|cant|p1a: Chi-Yu|slp\n|move|p2a: Gyarados|Waterfall|p1a: Chi-Yu\n|-supereffective|p1a: Chi-Yu\n|-damage|p1a: Chi-Yu|0 fnt\n|faint|p1a: Chi-Yu\n|\n|win|ScV Gengar\n|raw|littlemasteraik's rating: 1444 → 1423<\/strong> (-21 for losing)\n|raw|ScV Gengar's rating: 1430 → 1451<\/strong> (+21 for winning)\n|l| THUNDERSND77\n","uploadtime":1684129457,"views":14,"p1id":"littlemasteraik","p2id":"scvgengar","formatid":"gen9vgc2023regulationc","rating":1423,"private":0,"password":""}