{"id":"gen9vgc2023regulationc-1847476727","p1":"SoraRoxs","p2":"Jandriel","format":"[Gen 9] VGC 2023 Regulation C","log":"|j|\u2606SoraRoxs\n|j|\u2606Jandriel\n|t:|1681959918\n|gametype|doubles\n|player|p1|SoraRoxs|dawn-gen4pt|\n|player|p2|Jandriel|266|\n|teamsize|p1|6\n|teamsize|p2|6\n|gen|9\n|tier|[Gen 9] VGC 2023 Regulation C\n|rule|Species Clause: Limit one of each Pok\u00e9mon\n|rule|Item Clause: Limit one of each item\n|clearpoke\n|poke|p1|Flutter Mane, L50|\n|poke|p1|Hydreigon, L50, F|\n|poke|p1|Murkrow, L50, F|\n|poke|p1|Torkoal, L50, F|\n|poke|p1|Palafin, L50, M|\n|poke|p1|Amoonguss, L50, F|\n|poke|p2|Lucario, L50, M|\n|poke|p2|Maushold, L50|\n|poke|p2|Amoonguss, L50, F|\n|poke|p2|Gastrodon-East, L50, F|\n|poke|p2|Arcanine, L50, M|\n|poke|p2|Blissey, L50, F|\n|teampreview|4\n|j| LimeadeGuy\n|\n|t:|1681959999\n|start\n|switch|p1a: Pala|Palafin, L50, M|100\/100\n|switch|p1b: Buss|Murkrow, L50, F|100\/100\n|switch|p2a: Goku|Lucario, L50, M, shiny|100\/100\n|switch|p2b: bussy|Blissey, L50, F, shiny|100\/100\n|turn|1\n|\n|t:|1681960035\n|move|p2b: bussy|Helping Hand|p2a: Goku\n|-singleturn|p2a: Goku|Helping Hand|[of] p2b: bussy\n|move|p1b: Buss|Tailwind|p1b: Buss\n|-sidestart|p1: SoraRoxs|move: Tailwind\n|move|p1a: Pala|Flip Turn|p2b: bussy\n|-damage|p2b: bussy|71\/100\n|-damage|p1a: Pala|84\/100|[from] item: Rocky Helmet|[of] p2b: bussy\n|\n|t:|1681960049\n|detailschange|p1a: Pala|Palafin-Hero, L50, M\n|switch|p1a: Flutter|Flutter Mane, L50|100\/100|[from] Flip Turn\n|-enditem|p1a: Flutter|Booster Energy\n|-activate|p1a: Flutter|ability: Protosynthesis|[fromitem]\n|-start|p1a: Flutter|protosynthesisspa\n|move|p2a: Goku|Flash Cannon|p1a: Flutter\n|-supereffective|p1a: Flutter\n|-damage|p1a: Flutter|0 fnt\n|faint|p1a: Flutter\n|-end|p1a: Flutter|Protosynthesis|[silent]\n|\n|upkeep\n|\n|t:|1681960057\n|switch|p1a: Spore guy|Amoonguss, L50, F, shiny|100\/100\n|turn|2\n|j| stemman\n|c| stemman|ggs\n|c| stemman|good job stephen\n|\n|t:|1681960095\n|move|p1a: Spore guy|Rage Powder|p1a: Spore guy\n|-singleturn|p1a: Spore guy|move: Rage Powder\n|move|p1b: Buss|Thunder Wave|p2a: Goku|[miss]\n|-miss|p1b: Buss|p2a: Goku\n|move|p2a: Goku|Flash Cannon|p1a: Spore guy\n|-damage|p1a: Spore guy|60\/100\n|-unboost|p1a: Spore guy|spd|1\n|move|p2b: bussy|Soft-Boiled|p2b: bussy\n|-heal|p2b: bussy|100\/100\n|\n|-heal|p1a: Spore guy|66\/100|[from] item: Black Sludge\n|upkeep\n|turn|3\n|c| stemman|saw it from a mile away\n|\n|t:|1681960143\n|move|p2b: bussy|Helping Hand|p2a: Goku\n|-singleturn|p2a: Goku|Helping Hand|[of] p2b: bussy\n|move|p1a: Spore guy|Protect|p1a: Spore guy\n|-singleturn|p1a: Spore guy|Protect\n|move|p1b: Buss|Foul Play|p2a: Goku\n|-resisted|p2a: Goku\n|-damage|p2a: Goku|76\/100\n|move|p2a: Goku|Flash Cannon|p1b: Buss\n|-damage|p1b: Buss|6\/100\n|\n|-heal|p1a: Spore guy|73\/100|[from] item: Black Sludge\n|upkeep\n|turn|4\n|\n|t:|1681960171\n|switch|p1a: Pala|Palafin-Hero, L50, M|84\/100\n|-activate|p1a: Pala|ability: Zero to Hero\n|move|p1b: Buss|Foul Play|p2a: Goku\n|-resisted|p2a: Goku\n|-damage|p2a: Goku|53\/100\n|move|p2a: Goku|Flash Cannon|p1b: Buss\n|-damage|p1b: Buss|0 fnt\n|faint|p1b: Buss\n|move|p2b: bussy|Heal Pulse|p2a: Goku\n|-heal|p2a: Goku|100\/100\n|\n|-sideend|p1: SoraRoxs|move: Tailwind\n|upkeep\n|\n|t:|1681960184\n|switch|p1b: Spore guy|Amoonguss, L50, F, shiny|73\/100\n|turn|5\n|\n|t:|1681960210\n|move|p2b: bussy|Helping Hand|p2a: Goku\n|-singleturn|p2a: Goku|Helping Hand|[of] p2b: bussy\n|move|p2a: Goku|Flash Cannon|p1a: Pala\n|-resisted|p1a: Pala\n|-damage|p1a: Pala|31\/100\n|move|p1a: Pala|Drain Punch|p2a: Goku\n|-supereffective|p2a: Goku\n|-damage|p2a: Goku|0 fnt\n|-heal|p1a: Pala|72\/100|[from] drain|[of] p2a: Goku\n|faint|p2a: Goku\n|move|p1b: Spore guy|Pollen Puff|p2b: bussy\n|-damage|p2b: bussy|93\/100\n|\n|-heal|p1b: Spore guy|79\/100|[from] item: Black Sludge\n|upkeep\n|\n|t:|1681960224\n|switch|p2a: squeeky toy|Gastrodon-East, L50, F, shiny|100\/100\n|turn|6\n|\n|t:|1681960236\n|move|p2b: bussy|Helping Hand|p2a: squeeky toy\n|-singleturn|p2a: squeeky toy|Helping Hand|[of] p2b: bussy\n|move|p1a: Pala|Drain Punch|p2b: bussy\n|-supereffective|p2b: bussy\n|-damage|p2b: bussy|6\/100\n|-heal|p1a: Pala|100\/100|[from] drain|[of] p2b: bussy\n|-damage|p1a: Pala|84\/100|[from] item: Rocky Helmet|[of] p2b: bussy\n|move|p2a: squeeky toy|Ice Beam|p1a: Pala\n|-resisted|p1a: Pala\n|-damage|p1a: Pala|64\/100\n|move|p1b: Spore guy|Pollen Puff|p1a: Pala\n|-heal|p1a: Pala|100\/100\n|\n|-heal|p1b: Spore guy|85\/100|[from] item: Black Sludge\n|upkeep\n|turn|7\n|\n|t:|1681960281\n|move|p1a: Pala|Drain Punch|p2a: squeeky toy\n|-damage|p2a: squeeky toy|53\/100\n|move|p2b: bussy|Soft-Boiled|p2b: bussy\n|-heal|p2b: bussy|56\/100\n|move|p2a: squeeky toy|Earth Power|p1b: Spore guy\n|-damage|p1b: Spore guy|59\/100\n|move|p1b: Spore guy|Spore|p2a: squeeky toy\n|-status|p2a: squeeky toy|slp|[from] move: Spore\n|\n|-heal|p1b: Spore guy|65\/100|[from] item: Black Sludge\n|upkeep\n|turn|8\n|c| stemman|hey brotha howsit goin\n|\n|t:|1681960311\n|move|p1a: Pala|Drain Punch|p2b: bussy\n|-supereffective|p2b: bussy\n|-damage|p2b: bussy|0 fnt\n|-damage|p1a: Pala|84\/100|[from] item: Rocky Helmet|[of] p2b: bussy\n|faint|p2b: bussy\n|cant|p2a: squeeky toy|slp\n|move|p1b: Spore guy|Pollen Puff|p2a: squeeky toy\n|-damage|p2a: squeeky toy|35\/100 slp\n|-enditem|p2a: squeeky toy|Sitrus Berry|[eat]\n|-heal|p2a: squeeky toy|60\/100 slp|[from] item: Sitrus Berry\n|\n|-heal|p1b: Spore guy|72\/100|[from] item: Black Sludge\n|upkeep\n|\n|t:|1681960324\n|switch|p2b: venter|Amoonguss, L50, F, shiny|100\/100\n|turn|9\n|\n|t:|1681960346\n|move|p1a: Pala|Drain Punch|p2a: squeeky toy\n|-damage|p2a: squeeky toy|16\/100 slp\n|-heal|p1a: Pala|100\/100|[from] drain|[of] p2a: squeeky toy\n|cant|p2a: squeeky toy|slp\n|move|p1b: Spore guy|Pollen Puff|p2b: venter\n|-damage|p2b: venter|83\/100\n|move|p2b: venter|Substitute|p2b: venter\n|-start|p2b: venter|Substitute\n|-damage|p2b: venter|58\/100\n|\n|-heal|p2b: venter|64\/100|[from] item: Leftovers\n|-heal|p1b: Spore guy|78\/100|[from] item: Black Sludge\n|upkeep\n|turn|10\n|\n|t:|1681960372\n|move|p1a: Pala|Drain Punch|p2a: squeeky toy\n|-damage|p2a: squeeky toy|0 fnt\n|faint|p2a: squeeky toy\n|move|p1b: Spore guy|Pollen Puff|p2b: venter\n|-activate|p2b: venter|move: Substitute|[damage]\n|move|p2b: venter|Pollen Puff|p2: squeeky toy|[notarget]\n|-fail|p2b: venter\n|\n|-heal|p2b: venter|70\/100|[from] item: Leftovers\n|-heal|p1b: Spore guy|84\/100|[from] item: Black Sludge\n|upkeep\n|turn|11\n|\n|t:|1681960387\n|move|p1a: Pala|Drain Punch|p2b: venter\n|-resisted|p2b: venter\n|-end|p2b: venter|Substitute\n|move|p2b: venter|Spore|p1b: Spore guy\n|-immune|p1b: Spore guy\n|move|p1b: Spore guy|Spore|p2b: venter\n|-immune|p2b: venter\n|\n|-heal|p1b: Spore guy|90\/100|[from] item: Black Sludge\n|-heal|p2b: venter|76\/100|[from] item: Leftovers\n|upkeep\n|turn|12\n|\n|t:|1681960407\n|move|p1a: Pala|Drain Punch|p2b: venter\n|-resisted|p2b: venter\n|-damage|p2b: venter|54\/100\n|move|p1b: Spore guy|Pollen Puff|p2b: venter\n|-damage|p2b: venter|36\/100\n|move|p2b: venter|Giga Drain|p1a: Pala\n|-supereffective|p1a: Pala\n|-damage|p1a: Pala|41\/100\n|-heal|p2b: venter|60\/100|[from] drain|[of] p1a: Pala\n|\n|-heal|p2b: venter|66\/100|[from] item: Leftovers\n|-heal|p1b: Spore guy|97\/100|[from] item: Black Sludge\n|upkeep\n|turn|13\n|\n|t:|1681960427\n|move|p1a: Pala|Drain Punch|p2b: venter\n|-resisted|p2b: venter\n|-damage|p2b: venter|43\/100\n|-heal|p1a: Pala|55\/100|[from] drain|[of] p2b: venter\n|move|p2b: venter|Giga Drain|p1a: Pala\n|-supereffective|p1a: Pala\n|-damage|p1a: Pala|0 fnt\n|-heal|p2b: venter|65\/100|[from] drain|[of] p1a: Pala\n|faint|p1a: Pala\n|move|p1b: Spore guy|Pollen Puff|p1: Pala|[notarget]\n|-fail|p1b: Spore guy\n|\n|-heal|p1b: Spore guy|100\/100|[from] item: Black Sludge\n|-heal|p2b: venter|71\/100|[from] item: Leftovers\n|upkeep\n|turn|14\n|\n|t:|1681960444\n|move|p1b: Spore guy|Pollen Puff|p2b: venter\n|-damage|p2b: venter|55\/100\n|move|p2b: venter|Giga Drain|p1b: Spore guy\n|-resisted|p1b: Spore guy\n|-damage|p1b: Spore guy|96\/100\n|-heal|p2b: venter|57\/100|[from] drain|[of] p1b: Spore guy\n|\n|-heal|p1b: Spore guy|100\/100|[from] item: Black Sludge\n|-heal|p2b: venter|63\/100|[from] item: Leftovers\n|upkeep\n|turn|15\n|inactive|Battle timer is ON: inactive players will automatically lose when time's up. (requested by Jandriel)\n|\n|t:|1681960457\n|move|p1b: Spore guy|Pollen Puff|p2b: venter\n|-damage|p2b: venter|46\/100\n|move|p2b: venter|Pollen Puff|p1b: Spore guy\n|-damage|p1b: Spore guy|84\/100\n|\n|-heal|p2b: venter|52\/100|[from] item: Leftovers\n|-heal|p1b: Spore guy|90\/100|[from] item: Black Sludge\n|upkeep\n|turn|16\n|\n|t:|1681960471\n|move|p2b: venter|Substitute|p2b: venter\n|-start|p2b: venter|Substitute\n|-damage|p2b: venter|27\/100\n|move|p1b: Spore guy|Pollen Puff|p2b: venter\n|-activate|p2b: venter|move: Substitute|[damage]\n|\n|-heal|p1b: Spore guy|97\/100|[from] item: Black Sludge\n|-heal|p2b: venter|33\/100|[from] item: Leftovers\n|upkeep\n|turn|17\n|\n|t:|1681960481\n|move|p2b: venter|Pollen Puff|p1b: Spore guy\n|-damage|p1b: Spore guy|80\/100\n|move|p1b: Spore guy|Pollen Puff|p2b: venter\n|-end|p2b: venter|Substitute\n|\n|-heal|p2b: venter|39\/100|[from] item: Leftovers\n|-heal|p1b: Spore guy|87\/100|[from] item: Black Sludge\n|upkeep\n|turn|18\n|c| stemman|https:\/\/tenor.com\/view\/nut-nut-nut-nutella-nut-button-nut-button-gif-23680452\n|\n|t:|1681960495\n|-terastallize|p2b: venter|Grass\n|move|p1b: Spore guy|Pollen Puff|p2b: venter\n|-supereffective|p2b: venter\n|-damage|p2b: venter|5\/100\n|move|p2b: venter|Giga Drain|p1b: Spore guy\n|-resisted|p1b: Spore guy\n|-damage|p1b: Spore guy|80\/100\n|-heal|p2b: venter|8\/100|[from] drain|[of] p1b: Spore guy\n|\n|-heal|p2b: venter|14\/100|[from] item: Leftovers\n|-heal|p1b: Spore guy|86\/100|[from] item: Black Sludge\n|upkeep\n|turn|19\n|\n|t:|1681960508\n|move|p2b: venter|Pollen Puff|p1b: Spore guy\n|-damage|p1b: Spore guy|70\/100\n|move|p1b: Spore guy|Pollen Puff|p2b: venter\n|-supereffective|p2b: venter\n|-damage|p2b: venter|0 fnt\n|faint|p2b: venter\n|\n|win|SoraRoxs\n|l|\u2606Jandriel\n","uploadtime":1681960522,"views":6,"p1id":"soraroxs","p2id":"jandriel","formatid":"gen9vgc2023regulationc","rating":0,"private":0,"password":""}