{"id":"gen9vgc2023regulationc-1863634741","p1":"Your_Shinigami98","p2":"Ace98121212","format":"[Gen 9] VGC 2023 Regulation C","log":"|j|\u2606Your_Shinigami98\n|j|\u2606Ace98121212\n|t:|1684048095\n|gametype|doubles\n|player|p1|Your_Shinigami98|170|\n|player|p2|Ace98121212|102|\n|teamsize|p1|6\n|teamsize|p2|6\n|gen|9\n|tier|[Gen 9] VGC 2023 Regulation C\n|rule|Tera Type Preview: Tera Types are shown at Team Preview\n|rule|Species Clause: Limit one of each Pok\u00e9mon\n|rule|Item Clause: Limit one of each item\n|clearpoke\n|poke|p1|Flutter Mane, L50|\n|poke|p1|Gothitelle, L50, M|\n|poke|p1|Amoonguss, L50, M|\n|poke|p1|Great Tusk, L50|\n|poke|p1|Pawmot, L50, F|\n|poke|p1|Gyarados, L50, M|\n|poke|p2|Torkoal, L50, M|\n|poke|p2|Oranguru, L50, F|\n|poke|p2|Amoonguss, L50, M|\n|poke|p2|Gastrodon, L50, M|\n|poke|p2|Skeledirge, L50, M|\n|poke|p2|Rabsca, L50, M|\n|teampreview|4\n|raw|Your_Shinigami98's Tera Types: \/ \/ \/ \/ \/ \n|raw|Ace98121212's Tera Types: \/ \/ \/ \/ \/ \n|c|\u2606Ace98121212|G1\nAce98121212 rejected open team sheets.\n|c|\u2606Your_Shinigami98|G1\n|c|\u2606Ace98121212|Can we start bro\n|c|\u2606Your_Shinigami98|yes\n|c|\u2606Ace98121212|With I am sending line\n|c|\u2606Ace98121212|Link\n|\n|t:|1684048376\n|start\n|switch|p1a: Great Tusk|Great Tusk, L50|100\/100\n|switch|p1b: Gothitelle|Gothitelle, L50, M|100\/100\n|switch|p2a: Torkoal|Torkoal, L50, M|100\/100\n|switch|p2b: Oranguru|Oranguru, L50, F|100\/100\n|-weather|SunnyDay|[from] ability: Drought|[of] p2a: Torkoal\n|-activate|p1a: Great Tusk|ability: Protosynthesis\n|-start|p1a: Great Tusk|protosynthesisatk\n|turn|1\n|\n|t:|1684048441\n|move|p2a: Torkoal|Protect|p2a: Torkoal\n|-singleturn|p2a: Torkoal|Protect\n|move|p1b: Gothitelle|Fake Out|p2a: Torkoal\n|-activate|p2a: Torkoal|move: Protect\n|move|p1a: Great Tusk|Taunt|p2b: Oranguru\n|-start|p2b: Oranguru|move: Taunt\n|cant|p2b: Oranguru|move: Taunt|Trick Room\n|\n|-weather|SunnyDay|[upkeep]\n|upkeep\n|turn|2\n|\n|t:|1684048472\n|move|p1b: Gothitelle|Protect|p1b: Gothitelle\n|-singleturn|p1b: Gothitelle|Protect\n|move|p1a: Great Tusk|Earthquake|p2b: Oranguru|[spread] p2a,p2b\n|-activate|p1b: Gothitelle|move: Protect\n|-supereffective|p2a: Torkoal\n|-damage|p2a: Torkoal|21\/100\n|-damage|p2b: Oranguru|50\/100\n|move|p2b: Oranguru|Thunderbolt|p1b: Gothitelle\n|-activate|p1b: Gothitelle|move: Protect\n|move|p2a: Torkoal|Solar Beam||[still]\n|-prepare|p2a: Torkoal|Solar Beam\n|-anim|p2a: Torkoal|Solar Beam|p1a: Great Tusk\n|-supereffective|p1a: Great Tusk\n|-damage|p1a: Great Tusk|0 fnt\n|faint|p1a: Great Tusk\n|-end|p1a: Great Tusk|Protosynthesis|[silent]\n|\n|-weather|SunnyDay|[upkeep]\n|-heal|p2b: Oranguru|56\/100|[from] item: Leftovers\n|upkeep\n|\n|t:|1684048490\n|switch|p1a: Flutter Mane|Flutter Mane, L50|100\/100\n|-activate|p1a: Flutter Mane|ability: Protosynthesis\n|-start|p1a: Flutter Mane|protosynthesisspa\n|turn|3\n|\n|t:|1684048507\n|move|p2a: Torkoal|Protect|p2a: Torkoal\n|-singleturn|p2a: Torkoal|Protect\n|move|p1a: Flutter Mane|Dazzling Gleam|p2a: Torkoal|[spread] p2b\n|-activate|p2a: Torkoal|move: Protect\n|-damage|p2b: Oranguru|24\/100\n|move|p1b: Gothitelle|Psychic|p2a: Torkoal\n|-activate|p2a: Torkoal|move: Protect\n|move|p2b: Oranguru|Thunderbolt|p1b: Gothitelle\n|-damage|p1b: Gothitelle|85\/100\n|\n|-weather|SunnyDay|[upkeep]\n|-heal|p2b: Oranguru|30\/100|[from] item: Leftovers\n|-end|p2b: Oranguru|move: Taunt\n|upkeep\n|turn|4\n|\n|t:|1684048531\n|move|p2a: Torkoal|Protect|p2a: Torkoal\n|-singleturn|p2a: Torkoal|Protect\n|move|p1a: Flutter Mane|Dazzling Gleam|p2b: Oranguru|[spread] p2b\n|-activate|p2a: Torkoal|move: Protect\n|-damage|p2b: Oranguru|1\/100\n|move|p1b: Gothitelle|Psychic|p2b: Oranguru\n|-resisted|p2b: Oranguru\n|-damage|p2b: Oranguru|0 fnt\n|faint|p2b: Oranguru\n|\n|-weather|SunnyDay|[upkeep]\n|upkeep\n|\n|t:|1684048549\n|switch|p2b: Gastrodon|Gastrodon, L50, M|100\/100\n|turn|5\n|\n|t:|1684048561\n|move|p1a: Flutter Mane|Protect|p1a: Flutter Mane\n|-singleturn|p1a: Flutter Mane|Protect\n|move|p1b: Gothitelle|Psychic|p2a: Torkoal\n|-damage|p2a: Torkoal|0 fnt\n|faint|p2a: Torkoal\n|move|p2b: Gastrodon|Earth Power|p1a: Flutter Mane\n|-activate|p1a: Flutter Mane|move: Protect\n|\n|-weather|none\n|-end|p1a: Flutter Mane|Protosynthesis\n|upkeep\n|\n|t:|1684048574\n|switch|p2a: Skeledirge|Skeledirge, L50, M|100\/100\n|turn|6\n|\n|t:|1684048677\n|-end|p1a: Flutter Mane|Protosynthesis|[silent]\n|switch|p1a: Amoonguss|Amoonguss, L50, M|100\/100\n|-terastallize|p2a: Skeledirge|Fairy\n|move|p1b: Gothitelle|Psychic|p2a: Skeledirge\n|-damage|p2a: Skeledirge|66\/100\n|move|p2a: Skeledirge|Shadow Ball|p1a: Amoonguss\n|-damage|p1a: Amoonguss|57\/100\n|-damage|p2a: Skeledirge|56\/100|[from] item: Life Orb\n|move|p2b: Gastrodon|Earth Power|p1b: Gothitelle\n|-damage|p1b: Gothitelle|52\/100\n|\n|upkeep\n|turn|7\n|\n|t:|1684048721\n|switch|p1b: Flutter Mane|Flutter Mane, L50|100\/100\n|-terastallize|p1a: Amoonguss|Fire\n|move|p2a: Skeledirge|Torch Song|p1a: Amoonguss\n|-resisted|p1a: Amoonguss\n|-damage|p1a: Amoonguss|34\/100\n|-boost|p2a: Skeledirge|spa|1\n|-damage|p2a: Skeledirge|46\/100|[from] item: Life Orb\n|move|p2b: Gastrodon|Hydro Pump|p1b: Flutter Mane\n|-damage|p1b: Flutter Mane|51\/100\n|move|p1a: Amoonguss|Spore|p2a: Skeledirge\n|-status|p2a: Skeledirge|slp|[from] move: Spore\n|\n|upkeep\n|turn|8\n|\n|t:|1684048751\n|switch|p1a: Gothitelle|Gothitelle, L50, M|52\/100\n|move|p1b: Flutter Mane|Shadow Ball|p2a: Skeledirge\n|-damage|p2a: Skeledirge|0 fnt\n|faint|p2a: Skeledirge\n|move|p2b: Gastrodon|Earth Power|p1a: Gothitelle\n|-damage|p1a: Gothitelle|23\/100\n|-enditem|p1a: Gothitelle|Sitrus Berry|[eat]\n|-heal|p1a: Gothitelle|48\/100|[from] item: Sitrus Berry\n|\n|upkeep\n|turn|9\n|\n|t:|1684048769\n|move|p1a: Gothitelle|Fake Out|p2b: Gastrodon\n|-crit|p2b: Gastrodon\n|-damage|p2b: Gastrodon|91\/100\n|move|p1b: Flutter Mane|Shadow Ball|p2b: Gastrodon\n|-damage|p2b: Gastrodon|62\/100\n|cant|p2b: Gastrodon|flinch\n|\n|upkeep\n|turn|10\n|\n|t:|1684048781\n|move|p1b: Flutter Mane|Shadow Ball|p2b: Gastrodon\n|-damage|p2b: Gastrodon|33\/100\n|-unboost|p2b: Gastrodon|spd|1\n|move|p1a: Gothitelle|Psychic|p2b: Gastrodon\n|-damage|p2b: Gastrodon|2\/100\n|-unboost|p2b: Gastrodon|spd|1\n|move|p2b: Gastrodon|Hydro Pump|p1b: Flutter Mane\n|-damage|p1b: Flutter Mane|4\/100\n|\n|upkeep\n|turn|11\n|\n|t:|1684048795\n|move|p1b: Flutter Mane|Shadow Ball|p2b: Gastrodon\n|-crit|p2b: Gastrodon\n|-damage|p2b: Gastrodon|0 fnt\n|faint|p2b: Gastrodon\n|\n|win|Your_Shinigami98\n|l|\u2606Ace98121212\n","uploadtime":1684048804,"views":11,"p1id":"yourshinigami98","p2id":"ace98121212","formatid":"gen9vgc2023regulationc","rating":0,"private":0,"password":""}