{"id":"gen9vgc2023regulationc-1852285712","p1":"kelseilakenta","p2":"Avocado73","format":"[Gen 9] VGC 2023 Regulation C","log":"|j|\u2606kelseilakenta\n|j|\u2606Avocado73\n|t:|1682540132\n|gametype|doubles\n|player|p1|kelseilakenta|pokemonranger-gen4|1359\n|player|p2|Avocado73|red|1296\n|teamsize|p1|6\n|teamsize|p2|6\n|gen|9\n|tier|[Gen 9] VGC 2023 Regulation C\n|rated|\n|rule|Species Clause: Limit one of each Pok\u00e9mon\n|rule|Item Clause: Limit one of each item\n|clearpoke\n|poke|p1|Dragonite, L50, M|\n|poke|p1|Chien-Pao, L50|\n|poke|p1|Palafin, L50, F|\n|poke|p1|Arcanine, L50, F|\n|poke|p1|Flutter Mane, L50|\n|poke|p1|Amoonguss, L50, M|\n|poke|p2|Flutter Mane, L50|\n|poke|p2|Chi-Yu, L50|\n|poke|p2|Corviknight, L50, F|\n|poke|p2|Great Tusk, L50|\n|poke|p2|Iron Hands, L50|\n|poke|p2|Gyarados, L50, M|\n|teampreview|4\nkelseilakenta has agreed to open team sheets.\nAvocado73 rejected open team sheets.\n|c|\u2606Avocado73|idk how many times I've seen those six\n|c|\u2606Avocado73|im gonna puke\n|c|\u2606kelseilakenta|balance !\n|c|\u2606Avocado73|lol\n|c|\u2606kelseilakenta|it\u2019s a good core\n|\n|t:|1682540185\n|start\n|switch|p1a: Dragonite|Dragonite, L50, M|100\/100\n|switch|p1b: Amoonguss|Amoonguss, L50, M|100\/100\n|switch|p2a: Corviknight|Corviknight, L50, F|100\/100\n|switch|p2b: Gyarados|Gyarados, L50, M|100\/100\n|-ability|p2b: Gyarados|Intimidate|boost\n|-fail|p1a: Dragonite|unboost|Attack|[from] ability: Inner Focus|[of] p1a: Dragonite\n|-unboost|p1b: Amoonguss|atk|1\n|turn|1\n|\n|t:|1682540196\n|move|p1a: Dragonite|Thunder Punch|p2b: Gyarados\n|-supereffective|p2b: Gyarados\n|-damage|p2b: Gyarados|0 fnt\n|faint|p2b: Gyarados\n|move|p2a: Corviknight|Bulk Up|p2a: Corviknight\n|-boost|p2a: Corviknight|atk|1\n|-boost|p2a: Corviknight|def|1\n|move|p1b: Amoonguss|Spore|p2a: Corviknight\n|-activate|p2a: Corviknight|item: Safety Goggles|Spore\n|\n|upkeep\n|c|\u2606kelseilakenta|booo\n|\n|t:|1682540218\n|switch|p2b: Flutter Mane|Flutter Mane, L50|100\/100\n|turn|2\n|\n|t:|1682540237\n|switch|p1a: Joy|Arcanine, L50, F|100\/100\n|-ability|p1a: Joy|Intimidate|boost\n|-ability|p2a: Corviknight|Mirror Armor\n|-unboost|p1a: Joy|atk|1\n|-unboost|p2b: Flutter Mane|atk|1\n|move|p2b: Flutter Mane|Protect|p2b: Flutter Mane\n|-singleturn|p2b: Flutter Mane|Protect\n|move|p2a: Corviknight|Bulk Up|p2a: Corviknight\n|-boost|p2a: Corviknight|atk|1\n|-boost|p2a: Corviknight|def|1\n|move|p1b: Amoonguss|Spore|p2b: Flutter Mane\n|-activate|p2b: Flutter Mane|move: Protect\n|\n|upkeep\n|turn|3\n|\n|t:|1682540262\n|-end|p2b: Flutter Mane|Protosynthesis|[silent]\n|switch|p2b: Great Tusk|Great Tusk, L50|100\/100\n|-terastallize|p2a: Corviknight|Dragon\n|-terastallize|p1b: Amoonguss|Water\n|move|p1a: Joy|Flare Blitz|p2a: Corviknight\n|-resisted|p2a: Corviknight\n|-damage|p2a: Corviknight|93\/100\n|-damage|p1a: Joy|98\/100|[from] Recoil\n|move|p2a: Corviknight|Bulk Up|p2a: Corviknight\n|-boost|p2a: Corviknight|atk|1\n|-boost|p2a: Corviknight|def|1\n|move|p1b: Amoonguss|Spore|p2b: Great Tusk\n|-status|p2b: Great Tusk|slp|[from] move: Spore\n|\n|upkeep\n|turn|4\n|\n|t:|1682540296\n|switch|p1a: Flutter Mane|Flutter Mane, L50|100\/100\n|cant|p2b: Great Tusk|slp\n|move|p2a: Corviknight|Tailwind|p2a: Corviknight\n|-sidestart|p2: Avocado73|move: Tailwind\n|move|p1b: Amoonguss|Pollen Puff|p1a: Flutter Mane\n|-immune|p1a: Flutter Mane\n|\n|upkeep\n|turn|5\n|\n|t:|1682540316\n|-curestatus|p2b: Great Tusk|slp|[msg]\n|move|p2b: Great Tusk|Headlong Rush|p1a: Flutter Mane\n|-damage|p1a: Flutter Mane|0 fnt\n|-unboost|p2b: Great Tusk|def|1\n|-unboost|p2b: Great Tusk|spd|1\n|faint|p1a: Flutter Mane\n|-end|p1a: Flutter Mane|Protosynthesis|[silent]\n|move|p2a: Corviknight|Roost|p2a: Corviknight\n|-heal|p2a: Corviknight|100\/100\n|move|p1b: Amoonguss|Pollen Puff|p1: Flutter Mane|[notarget]\n|-fail|p1b: Amoonguss\n|\n|upkeep\n|\n|t:|1682540333\n|switch|p1a: Dragonite|Dragonite, L50, M|100\/100\n|turn|6\n|\n|t:|1682540343\n|move|p1a: Dragonite|Extreme Speed|p2b: Great Tusk\n|-damage|p2b: Great Tusk|48\/100\n|move|p2b: Great Tusk|Headlong Rush|p1b: Amoonguss\n|-damage|p1b: Amoonguss|48\/100\n|-unboost|p2b: Great Tusk|def|1\n|-unboost|p2b: Great Tusk|spd|1\n|-damage|p2b: Great Tusk|31\/100|[from] item: Rocky Helmet|[of] p1b: Amoonguss\n|move|p2a: Corviknight|Brave Bird|p1a: Dragonite\n|-damage|p1a: Dragonite|0 fnt\n|faint|p1a: Dragonite\n|-damage|p2a: Corviknight|74\/100|[from] Recoil\n|move|p1b: Amoonguss|Spore|p2b: Great Tusk\n|-status|p2b: Great Tusk|slp|[from] move: Spore\n|\n|upkeep\n|\n|t:|1682540355\n|switch|p1a: Joy|Arcanine, L50, F|98\/100\n|-ability|p1a: Joy|Intimidate|boost\n|-ability|p2a: Corviknight|Mirror Armor\n|-unboost|p1a: Joy|atk|1\n|-unboost|p2b: Great Tusk|atk|1\n|turn|7\n|\n|t:|1682540371\n|move|p1b: Amoonguss|Protect|p1b: Amoonguss\n|-singleturn|p1b: Amoonguss|Protect\n|move|p1a: Joy|Extreme Speed|p2b: Great Tusk\n|-damage|p2b: Great Tusk|2\/100 slp\n|cant|p2b: Great Tusk|slp\n|move|p2a: Corviknight|Brave Bird|p1b: Amoonguss\n|-activate|p1b: Amoonguss|move: Protect\n|\n|-sideend|p2: Avocado73|move: Tailwind\n|upkeep\n|turn|8\n|\n|t:|1682540387\n|move|p1a: Joy|Extreme Speed|p2b: Great Tusk\n|-damage|p2b: Great Tusk|0 fnt\n|faint|p2b: Great Tusk\n|-end|p2b: Great Tusk|Protosynthesis|[silent]\n|move|p2a: Corviknight|Brave Bird|p1b: Amoonguss\n|-damage|p1b: Amoonguss|0 fnt\n|-damage|p2a: Corviknight|57\/100|[from] item: Rocky Helmet|[of] p1b: Amoonguss\n|faint|p1b: Amoonguss\n|-damage|p2a: Corviknight|40\/100|[from] Recoil\n|\n|upkeep\n|\n|t:|1682540393\n|switch|p2b: Flutter Mane|Flutter Mane, L50|100\/100\n|turn|9\n|\n|t:|1682540397\n|move|p2b: Flutter Mane|Shadow Ball|p1a: Joy\n|-damage|p1a: Joy|39\/100\n|-unboost|p1a: Joy|spd|1\n|-damage|p2b: Flutter Mane|91\/100|[from] item: Life Orb\n|move|p1a: Joy|Flare Blitz|p2a: Corviknight\n|-resisted|p2a: Corviknight\n|-damage|p2a: Corviknight|34\/100\n|-damage|p1a: Joy|37\/100|[from] Recoil\n|move|p2a: Corviknight|Roost|p2a: Corviknight\n|-heal|p2a: Corviknight|84\/100\n|\n|upkeep\n|turn|10\n|c|\u2606Avocado73|gg\n|c|\u2606kelseilakenta|gg!\n|-message|kelseilakenta forfeited.\n|\n|win|Avocado73\n|raw|kelseilakenta's rating: 1359 → 1335<\/strong> (-24 for losing)\n|raw|Avocado73's rating: 1296 → 1325<\/strong> (+29 for winning)\n|c|\u2606kelseilakenta|:)\n|l|\u2606kelseilakenta\n","uploadtime":1682540442,"views":16,"p1id":"kelseilakenta","p2id":"avocado73","formatid":"gen9vgc2023regulationc","rating":1325,"private":0,"password":""}