{"id":"gen9vgc2023regulationc-1859053377","p1":"AndrwApple","p2":"HazeOneTrick","format":"[Gen 9] VGC 2023 Regulation C","log":"|j|\u2606AndrwApple\n|j|\u2606HazeOneTrick\n|t:|1683398956\n|gametype|doubles\n|player|p1|AndrwApple|calem-masters|\n|player|p2|HazeOneTrick|acetrainer-gen6xy|\n|teamsize|p1|6\n|teamsize|p2|6\n|gen|9\n|tier|[Gen 9] VGC 2023 Regulation C\n|rule|Species Clause: Limit one of each Pok\u00e9mon\n|rule|Item Clause: Limit one of each item\n|clearpoke\n|poke|p1|Arcanine, L50, M|\n|poke|p1|Amoonguss, L50, M|\n|poke|p1|Garganacl, L50, F|\n|poke|p1|Palafin, L50, M|\n|poke|p1|Chien-Pao, L50|\n|poke|p1|Dragonite, L50, M|\n|poke|p2|Gyarados, L50, M|\n|poke|p2|Flutter Mane, L50|\n|poke|p2|Amoonguss, L50, M|\n|poke|p2|Bronzong, L50|\n|poke|p2|Chi-Yu, L50|\n|poke|p2|Iron Hands, L50|\n|teampreview|4\n|c|\u2606HazeOneTrick|yo\nAndrwApple has agreed to open team sheets.\nHazeOneTrick has agreed to open team sheets.\n|c|\u2606AndrwApple|Gl\n|c|\u2606HazeOneTrick|give me 1 min\n|c|\u2606HazeOneTrick|calling red\n|c|\u2606HazeOneTrick|5*\n|c|\u2606HazeOneTrick|and he wont pick up\n|c|\u2606AndrwApple|Puedes hablar espa\u00f1ol si quieres JSHDKSHS\n|j| KaesyGard\n|c|\u2606HazeOneTrick|olvidalo\n|c|\u2606HazeOneTrick|la juego solo\n|c| KaesyGard|xD\n|\n|t:|1683399110\n|start\n|switch|p1a: Menzart|Dragonite, L50, M|100\/100\n|switch|p1b: Palafin|Palafin, L50, M|100\/100\n|switch|p2a: Iron Hands|Iron Hands, L50|100\/100\n|switch|p2b: Flutter Mane|Flutter Mane, L50|100\/100\n|turn|1\n|\n|t:|1683399135\n|switch|p1a: Arcanine|Arcanine, L50, M|100\/100\n|-ability|p1a: Arcanine|Intimidate|boost\n|-unboost|p2a: Iron Hands|atk|1\n|-unboost|p2b: Flutter Mane|atk|1\n|move|p1b: Palafin|Protect|p1b: Palafin\n|-singleturn|p1b: Palafin|Protect\n|move|p2a: Iron Hands|Fake Out|p1a: Arcanine\n|-damage|p1a: Arcanine|91\/100\n|move|p2b: Flutter Mane|Dazzling Gleam|p1b: Palafin|[spread] p1a\n|-activate|p1b: Palafin|move: Protect\n|-resisted|p1a: Arcanine\n|-damage|p1a: Arcanine|65\/100\n|\n|upkeep\n|turn|2\n|\n|t:|1683399150\n|detailschange|p1b: Palafin|Palafin-Hero, L50, M\n|switch|p1b: Garganacl|Garganacl, L50, F|100\/100\n|-end|p2a: Iron Hands|Quark Drive|[silent]\n|switch|p2a: Gyarados|Gyarados, L50, M|100\/100\n|-ability|p2a: Gyarados|Intimidate|boost\n|-unboost|p1a: Arcanine|atk|1\n|-unboost|p1b: Garganacl|atk|1\n|move|p1a: Arcanine|Protect|p1a: Arcanine\n|-singleturn|p1a: Arcanine|Protect\n|move|p2b: Flutter Mane|Dazzling Gleam|p1b: Garganacl|[spread] p1b\n|-activate|p1a: Arcanine|move: Protect\n|-damage|p1b: Garganacl|71\/100\n|\n|upkeep\n|turn|3\n|c|\u2606HazeOneTrick|5 here\n|c|\u2606HazeOneTrick|lets go\n|c|\u2606HazeOneTrick|sharing screen en discord\n|\n|t:|1683399239\n|move|p1b: Garganacl|Protect|p1b: Garganacl\n|-singleturn|p1b: Garganacl|Protect\n|move|p2b: Flutter Mane|Dazzling Gleam|p1b: Garganacl|[spread] p1a\n|-activate|p1b: Garganacl|move: Protect\n|-resisted|p1a: Arcanine\n|-damage|p1a: Arcanine|40\/100\n|move|p1a: Arcanine|Will-O-Wisp|p2a: Gyarados\n|-status|p2a: Gyarados|brn\n|move|p2a: Gyarados|Waterfall|p1a: Arcanine\n|-supereffective|p1a: Arcanine\n|-damage|p1a: Arcanine|9\/100\n|\n|-damage|p2a: Gyarados|95\/100 brn|[from] brn\n|upkeep\n|turn|4\n|\n|t:|1683399257\n|move|p2b: Flutter Mane|Dazzling Gleam|p1a: Arcanine|[spread] p1a,p1b\n|-resisted|p1a: Arcanine\n|-damage|p1a: Arcanine|0 fnt\n|-damage|p1b: Garganacl|40\/100\n|-enditem|p1b: Garganacl|Sitrus Berry|[eat]\n|-heal|p1b: Garganacl|65\/100|[from] item: Sitrus Berry\n|faint|p1a: Arcanine\n|move|p2a: Gyarados|Taunt|p1b: Garganacl\n|-start|p1b: Garganacl|move: Taunt\n|move|p1b: Garganacl|Salt Cure|p2b: Flutter Mane\n|-damage|p2b: Flutter Mane|82\/100\n|-start|p2b: Flutter Mane|Salt Cure\n|\n|-damage|p2a: Gyarados|89\/100 brn|[from] brn\n|-damage|p2b: Flutter Mane|70\/100|[from] Salt Cure\n|upkeep\n|\n|t:|1683399260\n|switch|p1a: Palafin|Palafin-Hero, L50, M|100\/100\n|-activate|p1a: Palafin|ability: Zero to Hero\n|turn|5\n|\n|t:|1683399293\n|-end|p2b: Flutter Mane|Protosynthesis|[silent]\n|switch|p2b: Amoonguss|Amoonguss, L50, M|100\/100\n|move|p1a: Palafin|Focus Energy|p1a: Palafin\n|-start|p1a: Palafin|move: Focus Energy\n|move|p2a: Gyarados|Thunder Wave|p1a: Palafin|[miss]\n|-miss|p2a: Gyarados|p1a: Palafin\n|move|p1b: Garganacl|Salt Cure|p2a: Gyarados\n|-supereffective|p2a: Gyarados\n|-damage|p2a: Gyarados|70\/100 brn\n|-start|p2a: Gyarados|Salt Cure\n|\n|-damage|p2a: Gyarados|64\/100 brn|[from] brn\n|-damage|p2a: Gyarados|39\/100 brn|[from] Salt Cure\n|upkeep\n|turn|6\n|\n|t:|1683399303\n|switch|p2a: Flutter Mane|Flutter Mane, L50|70\/100\n|move|p1a: Palafin|Protect|p1a: Palafin\n|-singleturn|p1a: Palafin|Protect\n|move|p2b: Amoonguss|Rage Powder|p2b: Amoonguss\n|-singleturn|p2b: Amoonguss|move: Rage Powder\n|move|p1b: Garganacl|Salt Cure|p2b: Amoonguss\n|-damage|p2b: Amoonguss|94\/100\n|-start|p2b: Amoonguss|Salt Cure\n|\n|-damage|p2b: Amoonguss|81\/100|[from] Salt Cure\n|-end|p1b: Garganacl|move: Taunt\n|upkeep\n|turn|7\n|\n|t:|1683399326\n|-terastallize|p2a: Flutter Mane|Fairy\n|-terastallize|p1a: Palafin|Water\n|move|p1b: Garganacl|Helping Hand|p1a: Palafin\n|-singleturn|p1a: Palafin|Helping Hand|[of] p1b: Garganacl\n|move|p2b: Amoonguss|Rage Powder|p2b: Amoonguss\n|-singleturn|p2b: Amoonguss|move: Rage Powder\n|move|p2a: Flutter Mane|Dazzling Gleam|p1a: Palafin|[spread] p1a,p1b\n|-crit|p1a: Palafin\n|-damage|p1a: Palafin|19\/100\n|-damage|p1b: Garganacl|20\/100\n|move|p1a: Palafin|Wave Crash|p2b: Amoonguss\n|-resisted|p2b: Amoonguss\n|-crit|p2b: Amoonguss\n|-damage|p2b: Amoonguss|0 fnt\n|faint|p2b: Amoonguss\n|-damage|p1a: Palafin|0 fnt|[from] Recoil\n|faint|p1a: Palafin\n|\n|upkeep\n|\n|t:|1683399344\n|switch|p1a: Menzart|Dragonite, L50, M|100\/100\n|switch|p2b: Iron Hands|Iron Hands, L50|100\/100\n|turn|8\n|c|\u2606HazeOneTrick|gg\n|-message|AndrwApple forfeited.\n|\n|win|HazeOneTrick\n|l|\u2606AndrwApple\n|l| KaesyGard\n","uploadtime":1683399354,"views":15,"p1id":"andrwapple","p2id":"hazeonetrick","formatid":"gen9vgc2023regulationc","rating":0,"private":0,"password":""}