{"id":"gen9vgc2023regulationc-1849185817","p1":"imbez","p2":"Even Greener Grass","format":"[Gen 9] VGC 2023 Regulation C","log":"|j|\u2606imbez\n|j|\u2606Even Greener Grass\n|t:|1682169982\n|gametype|doubles\n|player|p1|imbez|1|1163\n|player|p2|Even Greener Grass|kahili|1150\n|teamsize|p1|6\n|teamsize|p2|6\n|gen|9\n|tier|[Gen 9] VGC 2023 Regulation C\n|rated|\n|rule|Species Clause: Limit one of each Pok\u00e9mon\n|rule|Item Clause: Limit one of each item\n|clearpoke\n|poke|p1|Abomasnow, L50, F|\n|poke|p1|Glalie, L50, F|\n|poke|p1|Pelipper, L50, F|\n|poke|p1|Palafin, L50, F|\n|poke|p1|Raichu, L50, M|\n|poke|p1|Scizor, L50, M|\n|poke|p2|Torkoal, L50, F|\n|poke|p2|Chi-Yu, L50|\n|poke|p2|Slither Wing, L50|\n|poke|p2|Scizor, L50, F|\n|poke|p2|Lilligant, L50, F|\n|poke|p2|Flutter Mane, L50|\n|teampreview|4\n|inactive|Battle timer is ON: inactive players will automatically lose when time's up. (requested by Even Greener Grass)\n|c|\u2606Even Greener Grass|Good luck, have fun.\nEven Greener Grass rejected open team sheets.\n|inactive|imbez has 60 seconds left.\n|\n|t:|1682170034\n|start\n|switch|p1a: Palafin|Palafin, L50, F|100\/100\n|switch|p1b: Glalie|Glalie, L50, F|100\/100\n|switch|p2a: Beverly|Chi-Yu, L50|100\/100\n|switch|p2b: DEMI-GOD|Flutter Mane, L50|100\/100\n|-ability|p2a: Beverly|Beads of Ruin\n|turn|1\n|\n|t:|1682170059\n|detailschange|p1a: Palafin|Palafin-Hero, L50, F\n|switch|p1a: Pelipper|Pelipper, L50, F|100\/100\n|-weather|RainDance|[from] ability: Drizzle|[of] p1a: Pelipper\n|move|p1b: Glalie|Protect|p1b: Glalie\n|-singleturn|p1b: Glalie|Protect\n|move|p2b: DEMI-GOD|Dazzling Gleam|p1a: Pelipper|[spread] p1a\n|-activate|p1b: Glalie|move: Protect\n|-damage|p1a: Pelipper|20\/100\n|move|p2a: Beverly|Heat Wave|p1b: Glalie|[spread] p1a\n|-activate|p1b: Glalie|move: Protect\n|-resisted|p1a: Pelipper\n|-damage|p1a: Pelipper|0 fnt\n|faint|p1a: Pelipper\n|\n|-weather|RainDance|[upkeep]\n|-ability|p1b: Glalie|Moody|boost\n|-boost|p1b: Glalie|spd|2\n|-unboost|p1b: Glalie|def|1\n|-enditem|p1b: Glalie|Eject Pack\n|upkeep\n|\n|t:|1682170079\n|switch|p1b: Scizor|Scizor, L50, M|100\/100\n|switch|p1a: Palafin|Palafin-Hero, L50, F|100\/100\n|-activate|p1a: Palafin|ability: Zero to Hero\n|turn|2\n|\n|t:|1682170103\n|-terastallize|p2a: Beverly|Grass\n|-terastallize|p1b: Scizor|Water\n|move|p1a: Palafin|Jet Punch|p2a: Beverly\n|-resisted|p2a: Beverly\n|-damage|p2a: Beverly|43\/100\n|move|p1b: Scizor|Bullet Punch|p2b: DEMI-GOD\n|-supereffective|p2b: DEMI-GOD\n|-damage|p2b: DEMI-GOD|0 fnt\n|faint|p2b: DEMI-GOD\n|-end|p2b: DEMI-GOD|Protosynthesis|[silent]\n|-damage|p1b: Scizor|91\/100|[from] item: Life Orb\n|move|p2a: Beverly|Heat Wave|p1b: Scizor|[spread] p1a\n|-miss|p2a: Beverly|p1b: Scizor\n|-resisted|p1a: Palafin\n|-damage|p1a: Palafin|84\/100\n|-status|p1a: Palafin|brn\n|\n|-weather|RainDance|[upkeep]\n|-damage|p1a: Palafin|78\/100 brn|[from] brn\n|upkeep\n|\n|t:|1682170116\n|switch|p2b: Tricky the Clown|Slither Wing, L50|100\/100\n|turn|3\n|\n|t:|1682170133\n|switch|p2a: Revenger|Scizor, L50, F|100\/100\n|move|p2b: Tricky the Clown|First Impression|p1b: Scizor\n|-crit|p1b: Scizor\n|-damage|p1b: Scizor|0 fnt\n|faint|p1b: Scizor\n|-damage|p2b: Tricky the Clown|91\/100|[from] item: Life Orb\n|move|p1a: Palafin|Jet Punch|p2b: Tricky the Clown\n|-damage|p2b: Tricky the Clown|48\/100\n|\n|-weather|RainDance|[upkeep]\n|-damage|p1a: Palafin|72\/100 brn|[from] brn\n|upkeep\n|\n|t:|1682170147\n|switch|p1b: Glalie|Glalie, L50, F|100\/100\n|turn|4\n|\n|t:|1682170166\n|move|p1b: Glalie|Protect|p1b: Glalie\n|-singleturn|p1b: Glalie|Protect\n|move|p2b: Tricky the Clown|Wild Charge|p1a: Palafin\n|-supereffective|p1a: Palafin\n|-damage|p1a: Palafin|1\/100 brn\n|-damage|p2b: Tricky the Clown|27\/100|[from] Recoil\n|-damage|p2b: Tricky the Clown|17\/100|[from] item: Life Orb\n|move|p1a: Palafin|Ice Punch|p2b: Tricky the Clown\n|-damage|p2b: Tricky the Clown|0 fnt\n|faint|p2b: Tricky the Clown\n|-end|p2b: Tricky the Clown|Protosynthesis|[silent]\n|move|p2a: Revenger|Swords Dance|p2a: Revenger\n|-boost|p2a: Revenger|atk|2\n|\n|-weather|RainDance|[upkeep]\n|-damage|p1a: Palafin|0 fnt|[from] brn\n|faint|p1a: Palafin\n|-ability|p1b: Glalie|Moody|boost\n|-boost|p1b: Glalie|spa|2\n|-unboost|p1b: Glalie|spe|1\n|upkeep\n|\n|t:|1682170171\n|switch|p2b: Beverly|Chi-Yu, L50, tera:Grass|43\/100\n|-ability|p2b: Beverly|Beads of Ruin\n|turn|5\n|c|\u2606Even Greener Grass|g.g.w.p.\n|inactive|imbez has 30 seconds left.\n|\n|t:|1682170200\n|move|p2a: Revenger|Bullet Punch|p1b: Glalie\n|-supereffective|p1b: Glalie\n|-damage|p1b: Glalie|0 fnt\n|faint|p1b: Glalie\n|\n|win|Even Greener Grass\n|raw|imbez's rating: 1163 → 1137<\/strong> (-26 for losing)\n|raw|Even Greener Grass's rating: 1150 → 1176<\/strong> (+26 for winning)\n|l|\u2606imbez\n","uploadtime":1682170226,"views":8,"p1id":"imbez","p2id":"evengreenergrass","formatid":"gen9vgc2023regulationc","rating":1137,"private":0,"password":""}