{"id":"gen9vgc2023regulationc-1862896206","p1":"Lordblakeob","p2":"XxKillGore642xX","format":"[Gen 9] VGC 2023 Regulation C","log":"|j|\u2606Lordblakeob\n|j|\u2606XxKillGore642xX\n|t:|1683935197\n|gametype|doubles\n|player|p1|Lordblakeob|2|1027\n|player|p2|XxKillGore642xX|2|1118\n|teamsize|p1|6\n|teamsize|p2|6\n|gen|9\n|tier|[Gen 9] VGC 2023 Regulation C\n|rated|\n|rule|Species Clause: Limit one of each Pok\u00e9mon\n|rule|Item Clause: Limit one of each item\n|clearpoke\n|poke|p1|Dudunsparce-*, L50, M|\n|poke|p1|Dragapult, L50, F|\n|poke|p1|Chien-Pao, L50|\n|poke|p1|Gyarados, L50, F|\n|poke|p1|Bombirdier, L50, F|\n|poke|p1|Flutter Mane, L50|\n|poke|p2|Gothitelle, L50, M|\n|poke|p2|Garchomp, L50, F|\n|poke|p2|Scream Tail, L50|\n|poke|p2|Torkoal, L50, M|\n|poke|p2|Gyarados, L50, F|\n|poke|p2|Chien-Pao, L50|\n|teampreview|4\n|\n|t:|1683935225\n|start\n|switch|p1a: Dudunsparce|Dudunsparce-Three-Segment, L50, M|100\/100\n|switch|p1b: Dragapult|Dragapult, L50, F|100\/100\n|switch|p2a: Gothitelle|Gothitelle, L50, M|100\/100\n|switch|p2b: Scream Tail|Scream Tail, L50|100\/100\n|turn|1\n|\n|t:|1683935246\n|move|p1b: Dragapult|Infestation|p2a: Gothitelle\n|-supereffective|p2a: Gothitelle\n|-damage|p2a: Gothitelle|94\/100\n|-activate|p2a: Gothitelle|move: Infestation|[of] p1b: Dragapult\n|move|p2b: Scream Tail|Perish Song|p2b: Scream Tail\n|-start|p1a: Dudunsparce|perish3|[silent]\n|-start|p1b: Dragapult|perish3|[silent]\n|-start|p2a: Gothitelle|perish3|[silent]\n|-start|p2b: Scream Tail|perish3|[silent]\n|-fieldactivate|move: Perish Song\n|move|p1a: Dudunsparce|Calm Mind|p1a: Dudunsparce\n|-boost|p1a: Dudunsparce|spa|1\n|-boost|p1a: Dudunsparce|spd|1\n|move|p2a: Gothitelle|Trick Room|p2a: Gothitelle\n|-fieldstart|move: Trick Room|[of] p2a: Gothitelle\n|\n|-damage|p2a: Gothitelle|77\/100|[from] move: Infestation|[partiallytrapped]\n|-start|p2a: Gothitelle|perish3\n|-start|p1a: Dudunsparce|perish3\n|-start|p2b: Scream Tail|perish3\n|-start|p1b: Dragapult|perish3\n|upkeep\n|turn|2\n|\n|t:|1683935285\n|move|p2b: Scream Tail|Protect|p2b: Scream Tail\n|-singleturn|p2b: Scream Tail|Protect\n|move|p2a: Gothitelle|Future Sight|p1b: Dragapult\n|-start|p2a: Gothitelle|move: Future Sight\n|move|p1a: Dudunsparce|Calm Mind|p1a: Dudunsparce\n|-boost|p1a: Dudunsparce|spa|1\n|-boost|p1a: Dudunsparce|spd|1\n|move|p1b: Dragapult|Thunder Wave|p2b: Scream Tail\n|-activate|p2b: Scream Tail|move: Protect\n|\n|-damage|p2a: Gothitelle|61\/100|[from] move: Infestation|[partiallytrapped]\n|-start|p2a: Gothitelle|perish2\n|-start|p1a: Dudunsparce|perish2\n|-start|p2b: Scream Tail|perish2\n|-start|p1b: Dragapult|perish2\n|upkeep\n|turn|3\n|\n|t:|1683935307\n|move|p2a: Gothitelle|Protect|p2a: Gothitelle\n|-singleturn|p2a: Gothitelle|Protect\n|move|p1a: Dudunsparce|Boomburst|p2b: Scream Tail|[spread] p2b\n|-activate|p2a: Gothitelle|move: Protect\n|-immune|p1b: Dragapult\n|-damage|p2b: Scream Tail|54\/100\n|move|p2b: Scream Tail|Light Screen|p2b: Scream Tail\n|-sidestart|p2: XxKillGore642xX|move: Light Screen\n|move|p1b: Dragapult|Thunder Wave|p2b: Scream Tail\n|-status|p2b: Scream Tail|par\n|\n|-damage|p2a: Gothitelle|45\/100|[from] move: Infestation|[partiallytrapped]\n|-start|p2a: Gothitelle|perish1\n|-start|p2b: Scream Tail|perish1\n|-start|p1a: Dudunsparce|perish1\n|-start|p1b: Dragapult|perish1\n|upkeep\n|turn|4\n|\n|t:|1683935358\n|move|p2b: Scream Tail|Protect|p2b: Scream Tail\n|-singleturn|p2b: Scream Tail|Protect\n|move|p2a: Gothitelle|Heal Pulse|p2b: Scream Tail\n|-activate|p2b: Scream Tail|move: Protect\n|move|p1a: Dudunsparce|Boomburst|p2b: Scream Tail|[spread] p2a\n|-activate|p2b: Scream Tail|move: Protect\n|-immune|p1b: Dragapult\n|-damage|p2a: Gothitelle|13\/100\n|move|p1b: Dragapult|Thunder Wave|p2b: Scream Tail\n|-activate|p2b: Scream Tail|move: Protect\n|\n|-end|p1b: Dragapult|move: Future Sight\n|-damage|p1b: Dragapult|53\/100\n|-damage|p2a: Gothitelle|0 fnt|[from] move: Infestation|[partiallytrapped]\n|faint|p2a: Gothitelle\n|-start|p2b: Scream Tail|perish0\n|-start|p1a: Dudunsparce|perish0\n|-start|p1b: Dragapult|perish0\n|faint|p2b: Scream Tail\n|-end|p2b: Scream Tail|Protosynthesis|[silent]\n|faint|p1a: Dudunsparce\n|faint|p1b: Dragapult\n|upkeep\n|\n|t:|1683935383\n|switch|p2a: Torkoal|Torkoal, L50, M|100\/100\n|switch|p1a: Chien-Pao|Chien-Pao, L50|100\/100\n|switch|p2b: Garchomp|Garchomp, L50, F|100\/100\n|switch|p1b: Flutter Mane|Flutter Mane, L50|100\/100\n|-weather|SunnyDay|[from] ability: Drought|[of] p2a: Torkoal\n|-activate|p1b: Flutter Mane|ability: Protosynthesis\n|-start|p1b: Flutter Mane|protosynthesisspe\n|-ability|p1a: Chien-Pao|Sword of Ruin\n|turn|5\n|\n|t:|1683935419\n|-terastallize|p2b: Garchomp|Water\n|-terastallize|p1a: Chien-Pao|Dark\n|move|p2a: Torkoal|Eruption|p1b: Flutter Mane|[spread] p1a,p1b\n|-enditem|p1a: Chien-Pao|Focus Sash\n|-damage|p1a: Chien-Pao|1\/100\n|-damage|p1b: Flutter Mane|0 fnt\n|faint|p1b: Flutter Mane\n|-end|p1b: Flutter Mane|Protosynthesis|[silent]\n|move|p2b: Garchomp|Iron Head|p1a: Chien-Pao\n|-damage|p1a: Chien-Pao|0 fnt\n|faint|p1a: Chien-Pao\n|\n|win|XxKillGore642xX\n|raw|Lordblakeob's rating: 1027 → 1017<\/strong> (-10 for losing)\n|raw|XxKillGore642xX's rating: 1118 → 1137<\/strong> (+19 for winning)\n|l|\u2606Lordblakeob\n","uploadtime":1683935434,"views":6,"p1id":"lordblakeob","p2id":"xxkillgore642xx","formatid":"gen9vgc2023regulationc","rating":1017,"private":0,"password":""}