{"id":"gen9vgc2023regulationc-1856471905","p1":"Pippo318","p2":"19402u","format":"[Gen 9] VGC 2023 Regulation C","log":"|j|\u2606Pippo318\n|j|\u260619402u\n|t:|1683065211\n|gametype|doubles\n|player|p1|Pippo318|giovanni|1374\n|player|p2|19402u|169|1432\n|teamsize|p1|6\n|teamsize|p2|6\n|gen|9\n|tier|[Gen 9] VGC 2023 Regulation C\n|rated|\n|rule|Species Clause: Limit one of each Pok\u00e9mon\n|rule|Item Clause: Limit one of each item\n|clearpoke\n|poke|p1|Gyarados, L50, F|\n|poke|p1|Chi-Yu, L50|\n|poke|p1|Chien-Pao, L50|\n|poke|p1|Amoonguss, L50, M|\n|poke|p1|Flutter Mane, L50|\n|poke|p1|Baxcalibur, L50, F|\n|poke|p2|Dragonite, L50, M|\n|poke|p2|Iron Hands, L50|\n|poke|p2|Amoonguss, L50, F|\n|poke|p2|Ting-Lu, L50|\n|poke|p2|Chien-Pao, L50|\n|poke|p2|Flutter Mane, L50|\n|teampreview|4\n19402u has agreed to open team sheets.\n|inactive|Battle timer is ON: inactive players will automatically lose when time's up. (requested by Pippo318)\n|inactive|19402u has 60 seconds left.\n|inactive|19402u has 30 seconds left.\nPippo318 has agreed to open team sheets.\n|inactive|19402u has 20 seconds left.\n|inactive|19402u has 15 seconds left.\n|inactive|Pippo318 has 60 seconds left.\n|inactive|Pippo318 has 30 seconds left.\n|\n|t:|1683065364\n|start\n|switch|p1a: Baxcalibur|Baxcalibur, L50, F|100\/100\n|switch|p1b: Flutter Mane|Flutter Mane, L50|100\/100\n|switch|p2a: Iron Hands|Iron Hands, L50, shiny|100\/100\n|switch|p2b: Ting-Lu|Ting-Lu, L50|100\/100\n|-ability|p2b: Ting-Lu|Vessel of Ruin\n|-enditem|p1b: Flutter Mane|Booster Energy\n|-activate|p1b: Flutter Mane|ability: Protosynthesis|[fromitem]\n|-start|p1b: Flutter Mane|protosynthesisspe\n|turn|1\n|inactive|19402u has 30 seconds left.\n|\n|t:|1683065396\n|switch|p1a: Gyarados|Gyarados, L50, F|100\/100\n|-ability|p1a: Gyarados|Intimidate|boost\n|-unboost|p2a: Iron Hands|atk|1\n|-fail|p2b: Ting-Lu|unboost|[from] item: Clear Amulet|[of] p2b: Ting-Lu\n|move|p1b: Flutter Mane|Protect|p1b: Flutter Mane\n|-singleturn|p1b: Flutter Mane|Protect\n|move|p2a: Iron Hands|Fake Out|p1a: Gyarados\n|-damage|p1a: Gyarados|91\/100\n|move|p2b: Ting-Lu|Heavy Slam|p1b: Flutter Mane\n|-activate|p1b: Flutter Mane|move: Protect\n|\n|upkeep\n|turn|2\n|inactive|Pippo318 has 30 seconds left.\n|inactive|19402u has 30 seconds left.\n|inactive|Pippo318 has 20 seconds left.\n|inactive|Pippo318 has 15 seconds left.\n|inactive|Pippo318 has 10 seconds left.\n|\n|t:|1683065444\n|-end|p1b: Flutter Mane|Protosynthesis|[silent]\n|switch|p1b: Amoonguss|Amoonguss, L50, M|100\/100\n|-terastallize|p1a: Gyarados|Steel\n|move|p1a: Gyarados|Waterfall|p2b: Ting-Lu\n|-supereffective|p2b: Ting-Lu\n|-damage|p2b: Ting-Lu|56\/100\n|move|p2a: Iron Hands|Wild Charge|p1a: Gyarados\n|-damage|p1a: Gyarados|58\/100\n|-damage|p2a: Iron Hands|94\/100|[from] Recoil\n|move|p2b: Ting-Lu|Heavy Slam|p1b: Amoonguss\n|-damage|p1b: Amoonguss|68\/100\n|\n|upkeep\n|turn|3\n|inactive|Pippo318 has 30 seconds left.\n|inactive|Pippo318 has 20 seconds left.\n|\n|t:|1683065481\n|switch|p1a: Baxcalibur|Baxcalibur, L50, F|100\/100\n|move|p2a: Iron Hands|Drain Punch|p1a: Baxcalibur\n|-supereffective|p1a: Baxcalibur\n|-damage|p1a: Baxcalibur|46\/100\n|-heal|p2a: Iron Hands|100\/100|[from] drain|[of] p1a: Baxcalibur\n|move|p2b: Ting-Lu|Taunt|p1b: Amoonguss\n|-start|p1b: Amoonguss|move: Taunt\n|cant|p1b: Amoonguss|move: Taunt|Spore\n|\n|upkeep\n|turn|4\n|inactive|19402u has 30 seconds left.\n|inactive|Pippo318 has 30 seconds left.\n|inactive|19402u has 20 seconds left.\n|inactive|19402u has 15 seconds left.\n|inactive|19402u has 10 seconds left.\n|\n|t:|1683065527\n|move|p2b: Ting-Lu|Protect|p2b: Ting-Lu\n|-singleturn|p2b: Ting-Lu|Protect\n|move|p1a: Baxcalibur|Substitute|p1a: Baxcalibur\n|-start|p1a: Baxcalibur|Substitute\n|-damage|p1a: Baxcalibur|21\/100\n|move|p2a: Iron Hands|Drain Punch|p1a: Baxcalibur\n|-supereffective|p1a: Baxcalibur\n|-end|p1a: Baxcalibur|Substitute\n|move|p1b: Amoonguss|Pollen Puff|p1a: Baxcalibur\n|-heal|p1a: Baxcalibur|71\/100\n|\n|upkeep\n|turn|5\n|inactive|Pippo318 has 30 seconds left.\n|inactive|19402u has 30 seconds left.\n|\n|t:|1683065559\n|-end|p2a: Iron Hands|Quark Drive|[silent]\n|switch|p2a: Dragonite|Dragonite, L50, M, shiny|100\/100\n|move|p1a: Baxcalibur|Protect|p1a: Baxcalibur\n|-singleturn|p1a: Baxcalibur|Protect\n|move|p2b: Ting-Lu|Earthquake|p1a: Baxcalibur|[spread] p1b\n|-activate|p1a: Baxcalibur|move: Protect\n|-immune|p2a: Dragonite\n|-damage|p1b: Amoonguss|37\/100\n|-enditem|p1b: Amoonguss|Sitrus Berry|[eat]\n|-heal|p1b: Amoonguss|62\/100|[from] item: Sitrus Berry\n|move|p1b: Amoonguss|Pollen Puff|p2b: Ting-Lu\n|-supereffective|p2b: Ting-Lu\n|-damage|p2b: Ting-Lu|34\/100\n|\n|-end|p1b: Amoonguss|move: Taunt\n|upkeep\n|turn|6\n|inactive|Pippo318 has 30 seconds left.\n|inactive|19402u has 30 seconds left.\n|inactive|Pippo318 has 20 seconds left.\n|inactive|19402u has 20 seconds left.\n|inactive|19402u has 15 seconds left.\n|inactive|19402u has 10 seconds left.\n|\n|t:|1683065605\n|switch|p1a: Gyarados|Gyarados, L50, F, tera:Steel|58\/100\n|-ability|p1a: Gyarados|Intimidate|boost\n|-unboost|p2a: Dragonite|atk|1\n|-fail|p2b: Ting-Lu|unboost|[from] item: Clear Amulet|[of] p2b: Ting-Lu\n|move|p1b: Amoonguss|Protect|p1b: Amoonguss\n|-singleturn|p1b: Amoonguss|Protect\n|move|p2a: Dragonite|Outrage|p1b: Amoonguss\n|-activate|p1b: Amoonguss|move: Protect\n|move|p2b: Ting-Lu|Earthquake|p1b: Amoonguss|[spread] p1a\n|-activate|p1b: Amoonguss|move: Protect\n|-immune|p2a: Dragonite\n|-supereffective|p1a: Gyarados\n|-damage|p1a: Gyarados|0 fnt\n|faint|p1a: Gyarados\n|\n|upkeep\n|\n|t:|1683065625\n|switch|p1a: Flutter Mane|Flutter Mane, L50|100\/100\n|turn|7\n|\n|t:|1683065634\n|move|p2b: Ting-Lu|Protect|p2b: Ting-Lu\n|-singleturn|p2b: Ting-Lu|Protect\n|move|p1a: Flutter Mane|Dazzling Gleam|p2b: Ting-Lu|[spread] p2a\n|-activate|p2b: Ting-Lu|move: Protect\n|-supereffective|p2a: Dragonite\n|-damage|p2a: Dragonite|77\/100\n|move|p2a: Dragonite|Outrage|p1b: Amoonguss\n|-damage|p1b: Amoonguss|3\/100\n|move|p1b: Amoonguss|Spore|p2a: Dragonite\n|-status|p2a: Dragonite|slp|[from] move: Spore\n|\n|upkeep\n|turn|8\n|inactive|19402u has 30 seconds left.\n|\n|t:|1683065663\n|switch|p1b: Baxcalibur|Baxcalibur, L50, F|71\/100\n|-terastallize|p2b: Ting-Lu|Fire\n|move|p1a: Flutter Mane|Dazzling Gleam|p2a: Dragonite|[spread] p2a,p2b\n|-supereffective|p2a: Dragonite\n|-resisted|p2b: Ting-Lu\n|-damage|p2a: Dragonite|32\/100 slp\n|-damage|p2b: Ting-Lu|24\/100\n|cant|p2a: Dragonite|slp\n|move|p2b: Ting-Lu|Heavy Slam|p1a: Flutter Mane\n|-supereffective|p1a: Flutter Mane\n|-damage|p1a: Flutter Mane|0 fnt\n|faint|p1a: Flutter Mane\n|-end|p1a: Flutter Mane|Protosynthesis|[silent]\n|\n|upkeep\n|\n|t:|1683065679\n|switch|p1a: Amoonguss|Amoonguss, L50, M|37\/100\n|turn|9\n|\n|t:|1683065690\n|cant|p2a: Dragonite|slp\n|move|p1b: Baxcalibur|Glaive Rush|p2b: Ting-Lu\n|-damage|p2b: Ting-Lu|0 fnt\n|-singlemove|p1b: Baxcalibur|Glaive Rush|[silent]\n|faint|p2b: Ting-Lu\n|move|p1a: Amoonguss|Pollen Puff|p1b: Baxcalibur\n|-heal|p1b: Baxcalibur|100\/100\n|\n|upkeep\n|\n|t:|1683065705\n|switch|p2b: Chien-Pao|Chien-Pao, L50|100\/100\n|-ability|p2b: Chien-Pao|Sword of Ruin\n|turn|10\n|\n|t:|1683065723\n|switch|p2a: Iron Hands|Iron Hands, L50, shiny|100\/100\n|move|p1a: Amoonguss|Protect|p1a: Amoonguss\n|-singleturn|p1a: Amoonguss|Protect\n|move|p1b: Baxcalibur|Ice Shard|p2a: Iron Hands\n|-damage|p2a: Iron Hands|76\/100\n|move|p2b: Chien-Pao|Ice Spinner|p1a: Amoonguss\n|-activate|p1a: Amoonguss|move: Protect\n|\n|upkeep\n|turn|11\n|\n|t:|1683065741\n|move|p1a: Amoonguss|Protect||[still]\n|-fail|p1a: Amoonguss\n|move|p2a: Iron Hands|Fake Out|p1b: Baxcalibur\n|-damage|p1b: Baxcalibur|82\/100\n|move|p2b: Chien-Pao|Ice Spinner|p1a: Amoonguss\n|-supereffective|p1a: Amoonguss\n|-damage|p1a: Amoonguss|0 fnt\n|faint|p1a: Amoonguss\n|cant|p1b: Baxcalibur|flinch\n|\n|upkeep\n|turn|12\n|c|\u2606Pippo318|GG\n|-message|Pippo318 forfeited.\n|\n|win|19402u\n|raw|Pippo318's rating: 1374 → 1357<\/strong> (-17 for losing)\n|raw|19402u's rating: 1432 → 1449<\/strong> (+17 for winning)\n|c|\u260619402u|gg\n|l|\u2606Pippo318\n","uploadtime":1683065770,"views":15,"p1id":"pippo318","p2id":"19402u","formatid":"gen9vgc2023regulationc","rating":1357,"private":0,"password":""}