{"id":"gen9vgc2023regulationc-1846433001","p1":"f0r3v3r","p2":"wdytyaia","format":"[Gen 9] VGC 2023 Regulation C","log":"|j|\u2606f0r3v3r\n|j|\u2606wdytyaia\n|t:|1681840454\n|gametype|doubles\n|player|p1|f0r3v3r|burglar|1221\n|player|p2|wdytyaia|flannery|1299\n|teamsize|p1|6\n|teamsize|p2|6\n|gen|9\n|tier|[Gen 9] VGC 2023 Regulation C\n|rated|\n|rule|Species Clause: Limit one of each Pok\u00e9mon\n|rule|Item Clause: Limit one of each item\n|clearpoke\n|poke|p1|Slowpoke, L50, M|\n|poke|p1|Iron Valiant, L50|\n|poke|p1|Wo-Chien, L50|\n|poke|p1|Ting-Lu, L50|\n|poke|p1|Gastrodon, L50, M|\n|poke|p1|Ceruledge, L50, M|\n|poke|p2|Chi-Yu, L50|\n|poke|p2|Flutter Mane, L50|\n|poke|p2|Farigiraf, L50, M|\n|poke|p2|Corviknight, L50, M|\n|poke|p2|Tauros-Paldea-Aqua, L50, M|\n|poke|p2|Amoonguss, L50, F|\n|teampreview|4\nwdytyaia has agreed to open team sheets.\n|inactive|Battle timer is ON: inactive players will automatically lose when time's up. (requested by f0r3v3r)\n|inactive|wdytyaia has 60 seconds left.\n|\n|t:|1681840545\n|start\n|switch|p1a: Slowpoke|Slowpoke, L50, M|100\/100\n|switch|p1b: Iron Valiant|Iron Valiant, L50|100\/100\n|switch|p2a: Amoonguss|Amoonguss, L50, F|100\/100\n|switch|p2b: Corviknight|Corviknight, L50, M, shiny|100\/100\n|turn|1\n|inactive|f0r3v3r has 30 seconds left.\n|\n|t:|1681840572\n|move|p1a: Slowpoke|Protect|p1a: Slowpoke\n|-singleturn|p1a: Slowpoke|Protect\n|move|p2a: Amoonguss|Rage Powder|p2a: Amoonguss\n|-singleturn|p2a: Amoonguss|move: Rage Powder\n|move|p1b: Iron Valiant|Close Combat|p2a: Amoonguss\n|-resisted|p2a: Amoonguss\n|-damage|p2a: Amoonguss|75\/100\n|-unboost|p1b: Iron Valiant|def|1\n|-unboost|p1b: Iron Valiant|spd|1\n|move|p2b: Corviknight|Brave Bird|p1b: Iron Valiant\n|-supereffective|p1b: Iron Valiant\n|-enditem|p1b: Iron Valiant|Focus Sash\n|-damage|p1b: Iron Valiant|1\/100\n|-damage|p2b: Corviknight|76\/100|[from] Recoil\n|\n|upkeep\n|turn|2\n|\n|t:|1681840595\n|switch|p1a: Ceruledge|Ceruledge, L50, M|100\/100\n|move|p1b: Iron Valiant|Protect|p1b: Iron Valiant\n|-singleturn|p1b: Iron Valiant|Protect\n|move|p2b: Corviknight|Iron Head|p1b: Iron Valiant\n|-activate|p1b: Iron Valiant|move: Protect\n|move|p2a: Amoonguss|Spore|p1a: Ceruledge\n|-activate|p1a: Ceruledge|item: Safety Goggles|Spore\n|\n|upkeep\n|turn|3\n|inactive|wdytyaia has 30 seconds left.\n|inactive|wdytyaia has 20 seconds left.\n|\n|t:|1681840634\n|-terastallize|p2a: Amoonguss|Water\n|move|p1b: Iron Valiant|Spirit Break|p2b: Corviknight\n|-resisted|p2b: Corviknight\n|-damage|p2b: Corviknight|59\/100\n|-ability|p2b: Corviknight|Mirror Armor\n|-unboost|p1b: Iron Valiant|spa|1\n|move|p1a: Ceruledge|Bitter Blade|p2b: Corviknight\n|-supereffective|p2b: Corviknight\n|-damage|p2b: Corviknight|0 fnt\n|faint|p2b: Corviknight\n|move|p2a: Amoonguss|Pollen Puff|p1b: Iron Valiant\n|-resisted|p1b: Iron Valiant\n|-damage|p1b: Iron Valiant|0 fnt\n|faint|p1b: Iron Valiant\n|-end|p1b: Iron Valiant|Quark Drive|[silent]\n|\n|upkeep\n|\n|t:|1681840655\n|switch|p1b: Gastrodon|Gastrodon, L50, M|100\/100\n|switch|p2b: Chi-Yu|Chi-Yu, L50|100\/100\n|-ability|p2b: Chi-Yu|Beads of Ruin\n|turn|4\n|\n|t:|1681840668\n|-terastallize|p1a: Ceruledge|Flying\n|move|p2b: Chi-Yu|Protect|p2b: Chi-Yu\n|-singleturn|p2b: Chi-Yu|Protect\n|move|p1a: Ceruledge|Tera Blast|p2a: Amoonguss\n|-damage|p2a: Amoonguss|47\/100\n|-enditem|p2a: Amoonguss|Sitrus Berry|[eat]\n|-heal|p2a: Amoonguss|72\/100|[from] item: Sitrus Berry\n|move|p1b: Gastrodon|Yawn|p2b: Chi-Yu\n|-activate|p2b: Chi-Yu|move: Protect\n|move|p2a: Amoonguss|Spore|p1b: Gastrodon\n|-status|p1b: Gastrodon|slp|[from] move: Spore\n|\n|upkeep\n|turn|5\n|inactive|f0r3v3r has 30 seconds left.\n|\n|t:|1681840700\n|move|p2a: Amoonguss|Protect|p2a: Amoonguss\n|-singleturn|p2a: Amoonguss|Protect\n|move|p2b: Chi-Yu|Dark Pulse|p1a: Ceruledge\n|-damage|p1a: Ceruledge|50\/100\n|cant|p1a: Ceruledge|flinch\n|cant|p1b: Gastrodon|slp\n|\n|upkeep\n|turn|6\n|\n|t:|1681840721\n|switch|p1b: Slowpoke|Slowpoke, L50, M|100\/100\n|move|p2b: Chi-Yu|Dark Pulse|p1a: Ceruledge\n|-damage|p1a: Ceruledge|0 fnt\n|faint|p1a: Ceruledge\n|move|p2a: Amoonguss|Pollen Puff|p1b: Slowpoke\n|-supereffective|p1b: Slowpoke\n|-damage|p1b: Slowpoke|66\/100\n|\n|upkeep\n|\n|t:|1681840732\n|switch|p1a: Gastrodon|Gastrodon, L50, M|100\/100 slp\n|turn|7\n|\n|t:|1681840739\n|move|p2a: Amoonguss|Rage Powder|p2a: Amoonguss\n|-singleturn|p2a: Amoonguss|move: Rage Powder\n|move|p2b: Chi-Yu|Nasty Plot|p2b: Chi-Yu\n|-boost|p2b: Chi-Yu|spa|2\n|cant|p1a: Gastrodon|slp\n|move|p1b: Slowpoke|Surf|p2a: Amoonguss|[spread] p2a,p2b\n|-ability|p1a: Gastrodon|Storm Drain|boost\n|-boost|p1a: Gastrodon|spa|1\n|-resisted|p2a: Amoonguss\n|-supereffective|p2b: Chi-Yu\n|-damage|p2a: Amoonguss|66\/100\n|-damage|p2b: Chi-Yu|76\/100\n|\n|upkeep\n|turn|8\n|\n|t:|1681840756\n|move|p1b: Slowpoke|Protect|p1b: Slowpoke\n|-singleturn|p1b: Slowpoke|Protect\n|move|p2a: Amoonguss|Rage Powder|p2a: Amoonguss\n|-singleturn|p2a: Amoonguss|move: Rage Powder\n|move|p2b: Chi-Yu|Dark Pulse|p1a: Gastrodon\n|-damage|p1a: Gastrodon|5\/100 slp\n|cant|p1a: Gastrodon|slp\n|\n|upkeep\n|turn|9\n|\n|t:|1681840768\n|move|p2a: Amoonguss|Rage Powder|p2a: Amoonguss\n|-singleturn|p2a: Amoonguss|move: Rage Powder\n|move|p2b: Chi-Yu|Dark Pulse|p1a: Gastrodon\n|-damage|p1a: Gastrodon|0 fnt\n|faint|p1a: Gastrodon\n|move|p1b: Slowpoke|Trick Room|p1b: Slowpoke\n|-fieldstart|move: Trick Room|[of] p1b: Slowpoke\n|\n|upkeep\n|turn|10\n|-message|f0r3v3r forfeited.\n|\n|win|wdytyaia\n|raw|f0r3v3r's rating: 1221 → 1202<\/strong> (-19 for losing)\n|raw|wdytyaia's rating: 1299 → 1318<\/strong> (+19 for winning)\n|l|\u2606f0r3v3r\n","uploadtime":1681840804,"views":14,"p1id":"f0r3v3r","p2id":"wdytyaia","formatid":"gen9vgc2023regulationc","rating":1202,"private":0,"password":""}