{"id":"gen9vgc2023regulationc-1856891431","p1":"haha you rage quit","p2":"f4b128","format":"[Gen 9] VGC 2023 Regulation C","log":"|j|\u2606haha you rage quit\n|j|\u2606f4b128\n|t:|1683123273\n|gametype|doubles\n|player|p1|haha you rage quit|pokemaniac|1328\n|player|p2|f4b128|170|1381\n|teamsize|p1|6\n|teamsize|p2|6\n|gen|9\n|tier|[Gen 9] VGC 2023 Regulation C\n|rated|\n|rule|Species Clause: Limit one of each Pok\u00e9mon\n|rule|Item Clause: Limit one of each item\n|clearpoke\n|poke|p1|Flutter Mane, L50|\n|poke|p1|Chi-Yu, L50|\n|poke|p1|Great Tusk, L50|\n|poke|p1|Gholdengo, L50|\n|poke|p1|Murkrow, L50, M|\n|poke|p1|Talonflame, L50, M|\n|poke|p2|Dragapult, L50, F|\n|poke|p2|Chien-Pao, L50|\n|poke|p2|Flutter Mane, L50|\n|poke|p2|Arcanine, L50, F|\n|poke|p2|Brute Bonnet, L50|\n|poke|p2|Slither Wing, L50|\n|teampreview|4\nf4b128 rejected open team sheets.\n|inactive|Battle timer is ON: inactive players will automatically lose when time's up. (requested by f4b128)\n|inactive|haha you rage quit has 60 seconds left.\n|\n|t:|1683123368\n|start\n|switch|p1a: Murkrow|Murkrow, L50, M|100\/100\n|switch|p1b: Great Tusk|Great Tusk, L50, shiny|100\/100\n|switch|p2a: Dragapult|Dragapult, L50, F|100\/100\n|switch|p2b: Chien-Pao|Chien-Pao, L50|100\/100\n|-ability|p2b: Chien-Pao|Sword of Ruin\n|turn|1\n|inactive|f4b128 has 30 seconds left.\n|inactive|f4b128 has 20 seconds left.\n|\n|t:|1683123404\n|move|p1a: Murkrow|Tailwind|p1a: Murkrow\n|-sidestart|p1: haha you rage quit|move: Tailwind\n|move|p1b: Great Tusk|Earthquake|p2b: Chien-Pao|[spread] p2a,p2b\n|-immune|p1a: Murkrow\n|-damage|p2a: Dragapult|0 fnt\n|-damage|p2b: Chien-Pao|14\/100\n|faint|p2a: Dragapult\n|move|p2b: Chien-Pao|Ice Spinner|p1a: Murkrow\n|-supereffective|p1a: Murkrow\n|-enditem|p1a: Murkrow|Focus Sash\n|-damage|p1a: Murkrow|1\/100\n|\n|upkeep\n|\n|t:|1683123414\n|switch|p2a: Arcanine|Arcanine, L50, F|100\/100\n|-ability|p2a: Arcanine|Intimidate|boost\n|-unboost|p1a: Murkrow|atk|1\n|-unboost|p1b: Great Tusk|atk|1\n|turn|2\n|\n|t:|1683123431\n|-terastallize|p2a: Arcanine|Flying\n|move|p2b: Chien-Pao|Protect|p2b: Chien-Pao\n|-singleturn|p2b: Chien-Pao|Protect\n|move|p1a: Murkrow|Sunny Day|p1a: Murkrow\n|-weather|SunnyDay\n|-activate|p1b: Great Tusk|ability: Protosynthesis\n|-start|p1b: Great Tusk|protosynthesisdef\n|move|p1b: Great Tusk|Earthquake|p2a: Arcanine|[spread] \n|-activate|p2b: Chien-Pao|move: Protect\n|-immune|p1a: Murkrow\n|-immune|p2a: Arcanine\n|move|p2a: Arcanine|Will-O-Wisp|p1b: Great Tusk\n|-status|p1b: Great Tusk|brn\n|\n|-weather|SunnyDay|[upkeep]\n|-damage|p1b: Great Tusk|95\/100 brn|[from] brn\n|upkeep\n|turn|3\n|inactive|f4b128 has 30 seconds left.\n|inactive|f4b128 has 20 seconds left.\n|inactive|f4b128 has 15 seconds left.\n|inactive|haha you rage quit has 30 seconds left.\n|inactive|f4b128 has 10 seconds left.\n|\n|t:|1683123480\n|switch|p2b: Slither Wing|Slither Wing, L50|100\/100\n|-activate|p2b: Slither Wing|ability: Protosynthesis\n|-start|p2b: Slither Wing|protosynthesisatk\n|move|p1a: Murkrow|Foul Play|p2a: Arcanine\n|-damage|p2a: Arcanine|59\/100\n|move|p1b: Great Tusk|Earthquake|p2b: Slither Wing|[spread] p2b\n|-immune|p1a: Murkrow\n|-immune|p2a: Arcanine\n|-resisted|p2b: Slither Wing\n|-damage|p2b: Slither Wing|89\/100\n|move|p2a: Arcanine|Flare Blitz|p1b: Great Tusk\n|-damage|p1b: Great Tusk|59\/100 brn\n|-damage|p2a: Arcanine|46\/100|[from] Recoil\n|\n|-weather|SunnyDay|[upkeep]\n|-damage|p1b: Great Tusk|53\/100 brn|[from] brn\n|upkeep\n|turn|4\n|inactive|haha you rage quit has 30 seconds left.\n|inactive|f4b128 has 30 seconds left.\n|inactive|haha you rage quit has 20 seconds left.\n|\n|t:|1683123518\n|move|p2a: Arcanine|Extreme Speed|p1a: Murkrow\n|-damage|p1a: Murkrow|0 fnt\n|faint|p1a: Murkrow\n|move|p2b: Slither Wing|First Impression|p1b: Great Tusk\n|-resisted|p1b: Great Tusk\n|-damage|p1b: Great Tusk|36\/100 brn\n|move|p1b: Great Tusk|Earthquake|p2a: Arcanine|[spread] p2b\n|-immune|p2a: Arcanine\n|-resisted|p2b: Slither Wing\n|-damage|p2b: Slither Wing|77\/100\n|\n|-weather|SunnyDay|[upkeep]\n|-damage|p1b: Great Tusk|30\/100 brn|[from] brn\n|-sideend|p1: haha you rage quit|move: Tailwind\n|upkeep\n|\n|t:|1683123527\n|switch|p1a: Chi-Yu|Chi-Yu, L50|100\/100\n|-ability|p1a: Chi-Yu|Beads of Ruin\n|turn|5\n|inactive|f4b128 has 30 seconds left.\n|inactive|f4b128 has 20 seconds left.\n|inactive|f4b128 has 15 seconds left.\n|\n|t:|1683123567\n|-end|p1b: Great Tusk|Protosynthesis|[silent]\n|switch|p1b: Gholdengo|Gholdengo, L50|100\/100\n|-end|p2b: Slither Wing|Protosynthesis|[silent]\n|switch|p2b: Chien-Pao|Chien-Pao, L50|14\/100\n|-ability|p2b: Chien-Pao|Sword of Ruin\n|move|p2a: Arcanine|Flare Blitz|p1b: Gholdengo\n|-supereffective|p1b: Gholdengo\n|-damage|p1b: Gholdengo|0 fnt\n|faint|p1b: Gholdengo\n|-damage|p2a: Arcanine|13\/100|[from] Recoil\n|move|p1a: Chi-Yu|Heat Wave|p2a: Arcanine|[spread] p2a\n|-miss|p1a: Chi-Yu|p2b: Chien-Pao\n|-damage|p2a: Arcanine|0 fnt\n|faint|p2a: Arcanine\n|\n|-weather|SunnyDay|[upkeep]\n|upkeep\n|\n|t:|1683123582\n|switch|p2a: Slither Wing|Slither Wing, L50|77\/100\n|switch|p1b: Great Tusk|Great Tusk, L50, shiny|30\/100 brn\n|-activate|p1b: Great Tusk|ability: Protosynthesis\n|-start|p1b: Great Tusk|protosynthesisatk\n|-activate|p2a: Slither Wing|ability: Protosynthesis\n|-start|p2a: Slither Wing|protosynthesisatk\n|turn|6\n|inactive|haha you rage quit has 30 seconds left.\n|\n|t:|1683123612\n|-terastallize|p1a: Chi-Yu|Fire\n|move|p2a: Slither Wing|First Impression|p1a: Chi-Yu\n|-resisted|p1a: Chi-Yu\n|-damage|p1a: Chi-Yu|39\/100\n|move|p2b: Chien-Pao|Ice Spinner|p1b: Great Tusk\n|-supereffective|p1b: Great Tusk\n|-crit|p1b: Great Tusk\n|-damage|p1b: Great Tusk|0 fnt\n|faint|p1b: Great Tusk\n|-end|p1b: Great Tusk|Protosynthesis|[silent]\n|move|p1a: Chi-Yu|Heat Wave|p2b: Chien-Pao|[spread] p2a,p2b\n|-supereffective|p2a: Slither Wing\n|-supereffective|p2b: Chien-Pao\n|-damage|p2a: Slither Wing|0 fnt\n|-damage|p2b: Chien-Pao|0 fnt\n|faint|p2a: Slither Wing\n|-end|p2a: Slither Wing|Protosynthesis|[silent]\n|faint|p2b: Chien-Pao\n|\n|win|haha you rage quit\n|raw|haha you rage quit's rating: 1328 → 1351<\/strong> (+23 for winning)\n|raw|f4b128's rating: 1381 → 1358<\/strong> (-23 for losing)\n","uploadtime":1683123631,"views":8,"p1id":"hahayouragequit","p2id":"f4b128","formatid":"gen9vgc2023regulationc","rating":1351,"private":0,"password":""}