{"id":"gen9vgc2023regulationc-1861213935","p1":"Piccius","p2":"vanwinya","format":"[Gen 9] VGC 2023 Regulation C","log":"|j|\u2606Piccius\n|j|\u2606vanwinya\n|t:|1683736457\n|gametype|doubles\n|player|p1|Piccius|hiker-gen4|1249\n|player|p2|vanwinya|1|1188\n|teamsize|p1|6\n|teamsize|p2|6\n|gen|9\n|tier|[Gen 9] VGC 2023 Regulation C\n|rated|\n|rule|Species Clause: Limit one of each Pok\u00e9mon\n|rule|Item Clause: Limit one of each item\n|clearpoke\n|poke|p1|Garchomp, L50, M|\n|poke|p1|Iron Hands, L50|\n|poke|p1|Flutter Mane, L50|\n|poke|p1|Murkrow, L50, M|\n|poke|p1|Arcanine, L50, F|\n|poke|p1|Chien-Pao, L50|\n|poke|p2|Flutter Mane, L50|\n|poke|p2|Iron Treads, L50|\n|poke|p2|Salamence, L50, M|\n|poke|p2|Cryogonal, L50|\n|poke|p2|Chi-Yu, L50|\n|poke|p2|Amoonguss, L50, F|\n|teampreview|4\nvanwinya has agreed to open team sheets.\n|\n|t:|1683736520\n|start\n|switch|p1a: Garchomp|Garchomp, L50, M|100\/100\n|switch|p1b: Murkrow|Murkrow, L50, M|100\/100\n|switch|p2a: Salamence|Salamence, L50, M|100\/100\n|switch|p2b: Flutter Mane|Flutter Mane, L50|100\/100\n|-ability|p2a: Salamence|Intimidate|boost\n|-fail|p1a: Garchomp|unboost|[from] item: Clear Amulet|[of] p1a: Garchomp\n|-unboost|p1b: Murkrow|atk|1\n|turn|1\n|\n|t:|1683736540\n|move|p1b: Murkrow|Tailwind|p1b: Murkrow\n|-sidestart|p1: Piccius|move: Tailwind\n|move|p1a: Garchomp|Iron Head|p2b: Flutter Mane\n|-supereffective|p2b: Flutter Mane\n|-damage|p2b: Flutter Mane|0 fnt\n|faint|p2b: Flutter Mane\n|-end|p2b: Flutter Mane|Protosynthesis|[silent]\n|move|p2a: Salamence|Tailwind|p2a: Salamence\n|-sidestart|p2: vanwinya|move: Tailwind\n|\n|upkeep\n|\n|t:|1683736552\n|switch|p2b: Iron Treads|Iron Treads, L50|100\/100\n|turn|2\n|\n|t:|1683736589\n|-terastallize|p1a: Garchomp|Steel\n|-terastallize|p2b: Iron Treads|Water\n|move|p1a: Garchomp|Earthquake|p2b: Iron Treads|[spread] p2b\n|-immune|p1b: Murkrow\n|-immune|p2a: Salamence\n|-damage|p2b: Iron Treads|70\/100\n|move|p2a: Salamence|Air Slash|p1a: Garchomp\n|-resisted|p1a: Garchomp\n|-damage|p1a: Garchomp|82\/100\n|move|p2b: Iron Treads|Iron Head|p1a: Garchomp\n|-resisted|p1a: Garchomp\n|-damage|p1a: Garchomp|61\/100\n|-damage|p2b: Iron Treads|58\/100|[from] ability: Rough Skin|[of] p1a: Garchomp\n|move|p1b: Murkrow|Foul Play|p2a: Salamence\n|-damage|p2a: Salamence|67\/100\n|\n|upkeep\n|turn|3\n|\n|t:|1683736623\n|move|p1a: Garchomp|Dragon Claw|p2a: Salamence\n|-supereffective|p2a: Salamence\n|-damage|p2a: Salamence|0 fnt\n|faint|p2a: Salamence\n|move|p2b: Iron Treads|Earthquake|p1a: Garchomp|[spread] p1a\n|-immune|p1b: Murkrow\n|-supereffective|p1a: Garchomp\n|-damage|p1a: Garchomp|0 fnt\n|faint|p1a: Garchomp\n|move|p1b: Murkrow|Foul Play|p2b: Iron Treads\n|-damage|p2b: Iron Treads|20\/100\n|\n|upkeep\n|\n|t:|1683736641\n|switch|p1a: Chien-Pao|Chien-Pao, L50|100\/100\n|switch|p2a: Chi-Yu|Chi-Yu, L50|100\/100\n|-ability|p1a: Chien-Pao|Sword of Ruin\n|-ability|p2a: Chi-Yu|Beads of Ruin\n|turn|4\n|\n|t:|1683736652\n|move|p1a: Chien-Pao|Protect|p1a: Chien-Pao\n|-singleturn|p1a: Chien-Pao|Protect\n|move|p2a: Chi-Yu|Heat Wave|p1b: Murkrow|[spread] p1b\n|-activate|p1a: Chien-Pao|move: Protect\n|-damage|p1b: Murkrow|52\/100\n|move|p2b: Iron Treads|Iron Head|p1a: Chien-Pao\n|-activate|p1a: Chien-Pao|move: Protect\n|move|p1b: Murkrow|Foul Play|p2b: Iron Treads\n|-damage|p2b: Iron Treads|0 fnt\n|faint|p2b: Iron Treads\n|-end|p2b: Iron Treads|Quark Drive|[silent]\n|\n|-sideend|p2: vanwinya|move: Tailwind\n|-sideend|p1: Piccius|move: Tailwind\n|upkeep\n|turn|5\n|\n|t:|1683736665\n|move|p1b: Murkrow|Tailwind|p1b: Murkrow\n|-sidestart|p1: Piccius|move: Tailwind\n|move|p1a: Chien-Pao|Sacred Sword|p2a: Chi-Yu\n|-supereffective|p2a: Chi-Yu\n|-enditem|p2a: Chi-Yu|Focus Sash\n|-damage|p2a: Chi-Yu|1\/100\n|move|p2a: Chi-Yu|Heat Wave|p1b: Murkrow|[spread] p1a,p1b\n|-supereffective|p1a: Chien-Pao\n|-enditem|p1a: Chien-Pao|Focus Sash\n|-damage|p1a: Chien-Pao|1\/100\n|-damage|p1b: Murkrow|5\/100\n|\n|upkeep\n|turn|6\n|\n|t:|1683736677\n|move|p1a: Chien-Pao|Sucker Punch|p2a: Chi-Yu\n|-resisted|p2a: Chi-Yu\n|-damage|p2a: Chi-Yu|0 fnt\n|faint|p2a: Chi-Yu\n|\n|win|Piccius\n|raw|Piccius's rating: 1249 → 1270<\/strong> (+21 for winning)\n|raw|vanwinya's rating: 1188 → 1167<\/strong> (-21 for losing)\n","uploadtime":1683736685,"views":7,"p1id":"piccius","p2id":"vanwinya","formatid":"gen9vgc2023regulationc","rating":1167,"private":0,"password":""}