{"id":"gen9vgc2023regulationc-1864371723","p1":"taterstotz","p2":"Kuon Itchy Nose","format":"[Gen 9] VGC 2023 Regulation C","log":"|j|\u2606taterstotz\n|j|\u2606Kuon Itchy Nose\n|t:|1684160528\n|gametype|doubles\n|player|p1|taterstotz|101|1500\n|player|p2|Kuon Itchy Nose|scientistf|1480\n|teamsize|p1|6\n|teamsize|p2|6\n|gen|9\n|tier|[Gen 9] VGC 2023 Regulation C\n|rated|\n|rule|Species Clause: Limit one of each Pok\u00e9mon\n|rule|Item Clause: Limit one of each item\n|clearpoke\n|poke|p1|Palafin, L50, M|\n|poke|p1|Pelipper, L50, M|\n|poke|p1|Amoonguss, L50, M|\n|poke|p1|Scream Tail, L50|\n|poke|p1|Gothitelle, L50, F|\n|poke|p1|Kingambit, L50, M|\n|poke|p2|Orthworm, L50, M|\n|poke|p2|Ting-Lu, L50|\n|poke|p2|Dragonite, L50, F|\n|poke|p2|Gyarados, L50, M|\n|poke|p2|Flutter Mane, L50|\n|poke|p2|Chien-Pao, L50|\n|teampreview|4\n|inactive|Battle timer is ON: inactive players will automatically lose when time's up. (requested by taterstotz)\ntaterstotz has agreed to open team sheets.\n|inactive|Kuon Itchy Nose has 60 seconds left.\n|inactive|Kuon Itchy Nose has 30 seconds left.\n|inactive|Kuon Itchy Nose has 20 seconds left.\n|inactive|Kuon Itchy Nose has 15 seconds left.\nKuon Itchy Nose has agreed to open team sheets.\n|inactive|Kuon Itchy Nose has 10 seconds left.\n|inactive|Kuon Itchy Nose has 5 seconds left.\n|\n|t:|1684160616\n|start\n|switch|p1a: Palafin|Palafin, L50, M|100\/100\n|switch|p1b: Scream Tail|Scream Tail, L50|100\/100\n|switch|p2a: Dragonite|Dragonite, L50, F|100\/100\n|switch|p2b: Orthworm|Orthworm, L50, M|100\/100\n|-enditem|p1b: Scream Tail|Booster Energy\n|-activate|p1b: Scream Tail|ability: Protosynthesis|[fromitem]\n|-start|p1b: Scream Tail|protosynthesisspe\n|turn|1\n|\n|t:|1684160634\n|detailschange|p1a: Palafin|Palafin-Hero, L50, M\n|switch|p1a: Gothitelle|Gothitelle, L50, F|100\/100\n|move|p1b: Scream Tail|Perish Song|p1b: Scream Tail\n|-start|p1a: Gothitelle|perish3|[silent]\n|-start|p1b: Scream Tail|perish3|[silent]\n|-start|p2a: Dragonite|perish3|[silent]\n|-start|p2b: Orthworm|perish3|[silent]\n|-fieldactivate|move: Perish Song\n|move|p2a: Dragonite|Dragon Dance|p2a: Dragonite\n|-boost|p2a: Dragonite|atk|1\n|-boost|p2a: Dragonite|spe|1\n|move|p2b: Orthworm|Shed Tail|p2b: Orthworm\n|-start|p2b: Orthworm|Substitute|[from] move: Shed Tail\n|-damage|p2b: Orthworm|50\/100\n|-enditem|p2b: Orthworm|Sitrus Berry|[eat]\n|-heal|p2b: Orthworm|75\/100|[from] item: Sitrus Berry\n|\n|t:|1684160648\n|switch|p2b: Ting-Lu|Ting-Lu, L50|100\/100|[from] Shed Tail\n|-ability|p2b: Ting-Lu|Vessel of Ruin\n|\n|-start|p2a: Dragonite|perish3\n|-start|p1b: Scream Tail|perish3\n|-start|p1a: Gothitelle|perish3\n|upkeep\n|turn|2\n|\n|t:|1684160660\n|move|p1a: Gothitelle|Fake Out|p2a: Dragonite\n|-damage|p2a: Dragonite|98\/100\n|cant|p2a: Dragonite|flinch\n|move|p1b: Scream Tail|Encore|p2a: Dragonite\n|-start|p2a: Dragonite|Encore\n|move|p2b: Ting-Lu|Earthquake|p1b: Scream Tail|[spread] p1a,p1b\n|-immune|p2a: Dragonite\n|-damage|p1a: Gothitelle|59\/100\n|-damage|p1b: Scream Tail|65\/100\n|\n|-start|p2a: Dragonite|perish2\n|-start|p1b: Scream Tail|perish2\n|-start|p1a: Gothitelle|perish2\n|upkeep\n|turn|3\n|\n|t:|1684160676\n|move|p2a: Dragonite|Dragon Dance|p2a: Dragonite\n|-boost|p2a: Dragonite|atk|1\n|-boost|p2a: Dragonite|spe|1\n|move|p1b: Scream Tail|Disable|p2b: Ting-Lu\n|-start|p2b: Ting-Lu|Disable|Earthquake\n|cant|p2b: Ting-Lu|Disable|Earthquake\n|move|p1a: Gothitelle|Heal Pulse|p1b: Scream Tail\n|-heal|p1b: Scream Tail|100\/100\n|\n|-start|p2a: Dragonite|perish1\n|-start|p1b: Scream Tail|perish1\n|-start|p1a: Gothitelle|perish1\n|upkeep\n|turn|4\n|\n|t:|1684160686\n|-end|p1b: Scream Tail|Protosynthesis|[silent]\n|switch|p1b: Palafin|Palafin-Hero, L50, M|100\/100\n|-activate|p1b: Palafin|ability: Zero to Hero\n|switch|p1a: Amoonguss|Amoonguss, L50, M|100\/100\n|move|p2a: Dragonite|Dragon Dance|p2a: Dragonite\n|-boost|p2a: Dragonite|atk|1\n|-boost|p2a: Dragonite|spe|1\n|-activate|p2b: Ting-Lu|move: Struggle\n|move|p2b: Ting-Lu|Struggle|p1a: Amoonguss\n|-damage|p1a: Amoonguss|79\/100\n|-damage|p2b: Ting-Lu|75\/100|[from] recoil\n|\n|-start|p2a: Dragonite|perish0\n|upkeep\n|faint|p2a: Dragonite\n|\n|t:|1684160694\n|switch|p2a: Orthworm|Orthworm, L50, M|75\/100\n|turn|5\n|\n|t:|1684160708\n|move|p1b: Palafin|Wave Crash|p2b: Ting-Lu\n|-supereffective|p2b: Ting-Lu\n|-end|p2b: Ting-Lu|Substitute\n|-damage|p1b: Palafin|93\/100|[from] Recoil|[of] p2b: Ting-Lu\n|-activate|p2b: Ting-Lu|move: Struggle\n|move|p2b: Ting-Lu|Struggle|p1b: Palafin\n|-damage|p1b: Palafin|74\/100\n|-damage|p2b: Ting-Lu|50\/100|[from] recoil\n|move|p2a: Orthworm|Shed Tail|p2a: Orthworm\n|-start|p2a: Orthworm|Substitute|[from] move: Shed Tail\n|-damage|p2a: Orthworm|25\/100\n|\n|t:|1684160718\n|switch|p2a: Flutter Mane|Flutter Mane, L50|100\/100|[from] Shed Tail\n|move|p1a: Amoonguss|Spore||[still]\n|-fail|p1a: Amoonguss\n|\n|upkeep\n|turn|6\n|\n|t:|1684160734\n|switch|p2b: Orthworm|Orthworm, L50, M|25\/100\n|move|p1a: Amoonguss|Rage Powder|p1a: Amoonguss\n|-singleturn|p1a: Amoonguss|move: Rage Powder\n|move|p1b: Palafin|Jet Punch|p2a: Flutter Mane\n|-end|p2a: Flutter Mane|Substitute\n|move|p2a: Flutter Mane|Shadow Ball|p1a: Amoonguss\n|-damage|p1a: Amoonguss|31\/100\n|\n|upkeep\n|turn|7\n|\n|t:|1684160756\n|-terastallize|p1b: Palafin|Water\n|move|p1a: Amoonguss|Rage Powder|p1a: Amoonguss\n|-singleturn|p1a: Amoonguss|move: Rage Powder\n|move|p1b: Palafin|Jet Punch|p2b: Orthworm\n|-damage|p2b: Orthworm|0 fnt\n|faint|p2b: Orthworm\n|move|p2a: Flutter Mane|Shadow Ball|p1a: Amoonguss\n|-damage|p1a: Amoonguss|0 fnt\n|faint|p1a: Amoonguss\n|\n|upkeep\n|\n|t:|1684160768\n|switch|p2b: Ting-Lu|Ting-Lu, L50|50\/100\n|switch|p1a: Gothitelle|Gothitelle, L50, F|59\/100\n|-ability|p2b: Ting-Lu|Vessel of Ruin\n|turn|8\n|\n|t:|1684160779\n|-terastallize|p2b: Ting-Lu|Water\n|move|p1a: Gothitelle|Fake Out|p2b: Ting-Lu\n|-damage|p2b: Ting-Lu|47\/100\n|move|p1b: Palafin|Jet Punch|p2a: Flutter Mane\n|-damage|p2a: Flutter Mane|0 fnt\n|faint|p2a: Flutter Mane\n|-end|p2a: Flutter Mane|Protosynthesis|[silent]\n|cant|p2b: Ting-Lu|flinch\n|\n|upkeep\n|turn|9\n|\n|t:|1684160798\n|move|p1b: Palafin|Wave Crash|p2b: Ting-Lu\n|-resisted|p2b: Ting-Lu\n|-damage|p2b: Ting-Lu|8\/100\n|-damage|p1b: Palafin|60\/100|[from] Recoil\n|move|p2b: Ting-Lu|Payback|p1a: Gothitelle\n|-supereffective|p1a: Gothitelle\n|-damage|p1a: Gothitelle|3\/100\n|-enditem|p1a: Gothitelle|Sitrus Berry|[eat]\n|-heal|p1a: Gothitelle|28\/100|[from] item: Sitrus Berry\n|move|p1a: Gothitelle|Heal Pulse|p1b: Palafin\n|-heal|p1b: Palafin|100\/100\n|\n|upkeep\n|turn|10\n|-message|Kuon Itchy Nose forfeited.\n|\n|win|taterstotz\n|raw|taterstotz's rating: 1500 → 1519<\/strong> (+19 for winning)\n|raw|Kuon Itchy Nose's rating: 1480 → 1461<\/strong> (-19 for losing)\n|l|\u2606Kuon Itchy Nose\n","uploadtime":1684161228,"views":10,"p1id":"taterstotz","p2id":"kuonitchynose","formatid":"gen9vgc2023regulationc","rating":1461,"private":0,"password":""}