{"id":"gen9vgc2023regulationc-1855284836","p1":"haha you rage quit","p2":"Joe870502","format":"[Gen 9] VGC 2023 Regulation C","log":"|j|\u2606haha you rage quit\n|j|\u2606Joe870502\n|t:|1682929895\n|gametype|doubles\n|player|p1|haha you rage quit|pokemaniac|1268\n|player|p2|Joe870502|dawn|1357\n|teamsize|p1|6\n|teamsize|p2|6\n|gen|9\n|tier|[Gen 9] VGC 2023 Regulation C\n|rated|\n|rule|Species Clause: Limit one of each Pok\u00e9mon\n|rule|Item Clause: Limit one of each item\n|clearpoke\n|poke|p1|Dondozo, L50, M|\n|poke|p1|Tatsugiri-Droopy, L50, M|\n|poke|p1|Torkoal, L50, M|\n|poke|p1|Flutter Mane, L50|\n|poke|p1|Kingambit, L50, M|\n|poke|p1|Indeedee-F, L50, F|\n|poke|p2|Scream Tail, L50|\n|poke|p2|Chien-Pao, L50|\n|poke|p2|Amoonguss, L50, M|\n|poke|p2|Dragonite, L50, F|\n|poke|p2|Ceruledge, L50, M|\n|poke|p2|Gastrodon, L50, F|\n|teampreview|4\n|j| markfinch\n|l| markfinch\n|\n|t:|1682929933\n|start\n|switch|p1a: Kingambit|Kingambit, L50, M, shiny|100\/100\n|switch|p1b: Indeedee|Indeedee-F, L50, F, shiny|100\/100\n|switch|p2a: Gastrodon|Gastrodon, L50, F|100\/100\n|switch|p2b: Chien-Pao|Chien-Pao, L50|100\/100\n|-ability|p2b: Chien-Pao|Sword of Ruin\n|-fieldstart|move: Psychic Terrain|[from] ability: Psychic Surge|[of] p1b: Indeedee\n|-enditem|p1b: Indeedee|Psychic Seed\n|-boost|p1b: Indeedee|spd|1|[from] item: Psychic Seed\n|turn|1\n|\n|t:|1682929960\n|-terastallize|p1a: Kingambit|Flying\n|move|p2b: Chien-Pao|Protect|p2b: Chien-Pao\n|-singleturn|p2b: Chien-Pao|Protect\n|move|p2a: Gastrodon|Yawn|p1b: Indeedee\n|-start|p1b: Indeedee|move: Yawn|[of] p2a: Gastrodon\n|move|p1a: Kingambit|Low Kick|p2b: Chien-Pao\n|-activate|p2b: Chien-Pao|move: Protect\n|move|p1b: Indeedee|Trick Room|p1b: Indeedee\n|-fieldstart|move: Trick Room|[of] p1b: Indeedee\n|\n|upkeep\n|turn|2\n|\n|t:|1682930012\n|switch|p2b: Amoonguss|Amoonguss, L50, M|100\/100\n|move|p1a: Kingambit|Kowtow Cleave|p2b: Amoonguss\n|-damage|p2b: Amoonguss|58\/100\n|-damage|p1a: Kingambit|84\/100|[from] item: Rocky Helmet|[of] p2b: Amoonguss\n|-status|p1a: Kingambit|psn|[from] ability: Effect Spore|[of] p2b: Amoonguss\n|-enditem|p1a: Kingambit|Lum Berry|[eat]\n|-curestatus|p1a: Kingambit|psn|[msg]\n|move|p2a: Gastrodon|Earth Power|p1b: Indeedee\n|-damage|p1b: Indeedee|85\/100\n|move|p1b: Indeedee|Dazzling Gleam|p2b: Amoonguss|[spread] p2a,p2b\n|-resisted|p2b: Amoonguss\n|-damage|p2a: Gastrodon|88\/100\n|-damage|p2b: Amoonguss|53\/100\n|\n|-end|p1b: Indeedee|move: Yawn|[silent]\n|-status|p1b: Indeedee|slp\n|upkeep\n|turn|3\n|\n|t:|1682930053\n|switch|p2a: Chien-Pao|Chien-Pao, L50|100\/100\n|-ability|p2a: Chien-Pao|Sword of Ruin\n|switch|p1b: Torkoal|Torkoal, L50, M|100\/100\n|-weather|SunnyDay|[from] ability: Drought|[of] p1b: Torkoal\n|move|p1a: Kingambit|Kowtow Cleave|p2a: Chien-Pao\n|-resisted|p2a: Chien-Pao\n|-damage|p2a: Chien-Pao|68\/100\n|move|p2b: Amoonguss|Spore|p1a: Kingambit\n|-status|p1a: Kingambit|slp|[from] move: Spore\n|\n|-weather|SunnyDay|[upkeep]\n|upkeep\n|turn|4\n|\n|t:|1682930080\n|switch|p2a: Ceruledge|Ceruledge, L50, M|100\/100\n|-terastallize|p2b: Amoonguss|Water\n|move|p1b: Torkoal|Eruption|p2b: Amoonguss|[spread] p2b\n|-start|p2a: Ceruledge|ability: Flash Fire\n|-resisted|p2b: Amoonguss\n|-damage|p2b: Amoonguss|23\/100\n|cant|p1a: Kingambit|slp\n|move|p2b: Amoonguss|Spore|p1b: Torkoal\n|-status|p1b: Torkoal|slp|[from] move: Spore\n|\n|-weather|SunnyDay|[upkeep]\n|upkeep\n|turn|5\n|\n|t:|1682930101\n|move|p2b: Amoonguss|Rage Powder|p2b: Amoonguss\n|-singleturn|p2b: Amoonguss|move: Rage Powder\n|cant|p1b: Torkoal|slp\n|cant|p1a: Kingambit|slp\n|move|p2a: Ceruledge|Bulk Up|p2a: Ceruledge\n|-boost|p2a: Ceruledge|atk|1\n|-boost|p2a: Ceruledge|def|1\n|\n|-weather|SunnyDay|[upkeep]\n|-fieldend|move: Trick Room\n|-fieldend|move: Psychic Terrain\n|upkeep\n|turn|6\n|\n|t:|1682930117\n|move|p2b: Amoonguss|Rage Powder|p2b: Amoonguss\n|-singleturn|p2b: Amoonguss|move: Rage Powder\n|cant|p1a: Kingambit|slp\n|move|p2a: Ceruledge|Bitter Blade|p1a: Kingambit\n|-damage|p1a: Kingambit|0 fnt\n|faint|p1a: Kingambit\n|cant|p1b: Torkoal|slp\n|\n|-weather|SunnyDay|[upkeep]\n|upkeep\n|\n|t:|1682930133\n|switch|p1a: Indeedee|Indeedee-F, L50, F, shiny|85\/100 slp\n|-fieldstart|move: Psychic Terrain|[from] ability: Psychic Surge|[of] p1a: Indeedee\n|turn|7\n|\n|t:|1682930149\n|switch|p2b: Gastrodon|Gastrodon, L50, F|88\/100\n|move|p2a: Ceruledge|Bitter Blade|p1a: Indeedee\n|-damage|p1a: Indeedee|0 fnt\n|faint|p1a: Indeedee\n|-curestatus|p1b: Torkoal|slp|[msg]\n|move|p1b: Torkoal|Solar Beam||[still]\n|-prepare|p1b: Torkoal|Solar Beam\n|-anim|p1b: Torkoal|Solar Beam|p2b: Gastrodon\n|-supereffective|p2b: Gastrodon\n|-damage|p2b: Gastrodon|0 fnt\n|faint|p2b: Gastrodon\n|\n|-weather|SunnyDay|[upkeep]\n|upkeep\n|\n|t:|1682930165\n|switch|p1a: Flutter Mane|Flutter Mane, L50, shiny|100\/100\n|switch|p2b: Chien-Pao|Chien-Pao, L50|68\/100\n|-ability|p2b: Chien-Pao|Sword of Ruin\n|-activate|p1a: Flutter Mane|ability: Protosynthesis\n|-start|p1a: Flutter Mane|protosynthesisspe\n|turn|8\n|\n|t:|1682930200\n|move|p1a: Flutter Mane|Shadow Ball|p2a: Ceruledge\n|-supereffective|p2a: Ceruledge\n|-damage|p2a: Ceruledge|0 fnt\n|faint|p2a: Ceruledge\n|move|p2b: Chien-Pao|Ice Spinner|p1a: Flutter Mane\n|-crit|p1a: Flutter Mane\n|-damage|p1a: Flutter Mane|0 fnt\n|-fieldend|move: Psychic Terrain\n|faint|p1a: Flutter Mane\n|-end|p1a: Flutter Mane|Protosynthesis|[silent]\n|move|p1b: Torkoal|Eruption|p2b: Chien-Pao\n|-supereffective|p2b: Chien-Pao\n|-crit|p2b: Chien-Pao\n|-damage|p2b: Chien-Pao|0 fnt\n|faint|p2b: Chien-Pao\n|\n|-weather|SunnyDay|[upkeep]\n|upkeep\n|\n|t:|1682930209\n|switch|p2a: Amoonguss|Amoonguss, L50, M, tera:Water|23\/100\n|turn|9\n|-message|Joe870502 forfeited.\n|\n|win|haha you rage quit\n|raw|haha you rage quit's rating: 1268 → 1299<\/strong> (+31 for winning)\n|raw|Joe870502's rating: 1357 → 1332<\/strong> (-25 for losing)\n|l|\u2606Joe870502\n","uploadtime":1682930228,"views":21,"p1id":"hahayouragequit","p2id":"joe870502","formatid":"gen9vgc2023regulationc","rating":1299,"private":0,"password":""}