{"id":"gen9vgc2023regulationc-1845931517","p1":"rarcevgc2","p2":"Zoono","format":"[Gen 9] VGC 2023 Regulation C","log":"|j|\u2606rarcevgc2\n|j|\u2606Zoono\n|t:|1681780695\n|gametype|doubles\n|player|p1|rarcevgc2|sonia-professor|1108\n|player|p2|Zoono|ghetsis-gen5bw|1042\n|teamsize|p1|6\n|teamsize|p2|6\n|gen|9\n|tier|[Gen 9] VGC 2023 Regulation C\n|rated|\n|rule|Species Clause: Limit one of each Pok\u00e9mon\n|rule|Item Clause: Limit one of each item\n|clearpoke\n|poke|p1|Arcanine, L50, M|\n|poke|p1|Gastrodon-East, L50, F|\n|poke|p1|Flutter Mane, L50|\n|poke|p1|Garganacl, L50, M|\n|poke|p1|Chi-Yu, L50|\n|poke|p1|Murkrow, L50, M|\n|poke|p2|Flutter Mane, L50|\n|poke|p2|Amoonguss, L50, M|\n|poke|p2|Arcanine, L50, F|\n|poke|p2|Palafin, L50, M|\n|poke|p2|Chien-Pao, L50|\n|poke|p2|Dragonite, L50, F|\n|teampreview|4\n|inactive|Battle timer is ON: inactive players will automatically lose when time's up. (requested by rarcevgc2)\n|\n|t:|1681780728\n|start\n|switch|p1a: Flutter Mane|Flutter Mane, L50|100\/100\n|switch|p1b: Chi-Yu|Chi-Yu, L50|100\/100\n|switch|p2a: EEEEEEEEEEE|Flutter Mane, L50, shiny|100\/100\n|switch|p2b: Amogus|Amoonguss, L50, M, shiny|100\/100\n|-ability|p1b: Chi-Yu|Beads of Ruin\n|turn|1\n|\n|t:|1681780743\n|move|p2a: EEEEEEEEEEE|Protect|p2a: EEEEEEEEEEE\n|-singleturn|p2a: EEEEEEEEEEE|Protect\n|move|p1a: Flutter Mane|Shadow Ball|p2a: EEEEEEEEEEE\n|-activate|p2a: EEEEEEEEEEE|move: Protect\n|move|p1b: Chi-Yu|Heat Wave|p2b: Amogus|[spread] p2b\n|-activate|p2a: EEEEEEEEEEE|move: Protect\n|-supereffective|p2b: Amogus\n|-damage|p2b: Amogus|0 fnt\n|faint|p2b: Amogus\n|-damage|p1b: Chi-Yu|90\/100|[from] item: Life Orb\n|\n|upkeep\n|\n|t:|1681780755\n|switch|p2b: Cat|Chien-Pao, L50|100\/100\n|-ability|p2b: Cat|Sword of Ruin\n|turn|2\n|\n|t:|1681780774\n|-end|p2a: EEEEEEEEEEE|Protosynthesis|[silent]\n|switch|p2a: My man|Dragonite, L50, F, shiny|100\/100\n|move|p2b: Cat|Crunch|p1a: Flutter Mane\n|-damage|p1a: Flutter Mane|0 fnt\n|faint|p1a: Flutter Mane\n|-end|p1a: Flutter Mane|Protosynthesis|[silent]\n|-damage|p2b: Cat|91\/100|[from] item: Life Orb\n|move|p1b: Chi-Yu|Heat Wave|p2b: Cat|[spread] p2a,p2b\n|-resisted|p2a: My man\n|-supereffective|p2b: Cat\n|-damage|p2a: My man|86\/100\n|-damage|p2b: Cat|0 fnt\n|faint|p2b: Cat\n|-damage|p1b: Chi-Yu|80\/100|[from] item: Life Orb\n|\n|upkeep\n|\n|t:|1681780787\n|switch|p1a: Arcanine|Arcanine, L50, M|100\/100\n|switch|p2b: EEEEEEEEEEE|Flutter Mane, L50, shiny|100\/100\n|-ability|p1a: Arcanine|Intimidate|boost\n|-unboost|p2a: My man|atk|1\n|-unboost|p2b: EEEEEEEEEEE|atk|1\n|turn|3\n|inactive|Zoono has 30 seconds left.\n|\n|t:|1681780818\n|-terastallize|p1b: Chi-Yu|Fire\n|-terastallize|p2a: My man|Fire\n|move|p1b: Chi-Yu|Snarl|p2a: My man|[spread] p2a,p2b\n|-damage|p2a: My man|52\/100\n|-damage|p2b: EEEEEEEEEEE|68\/100\n|-unboost|p2a: My man|spa|1\n|-unboost|p2b: EEEEEEEEEEE|spa|1\n|-damage|p1b: Chi-Yu|70\/100|[from] item: Life Orb\n|move|p2b: EEEEEEEEEEE|Dazzling Gleam|p1b: Chi-Yu|[spread] p1a,p1b\n|-resisted|p1a: Arcanine\n|-resisted|p1b: Chi-Yu\n|-damage|p1a: Arcanine|91\/100\n|-damage|p1b: Chi-Yu|61\/100\n|move|p1a: Arcanine|Will-O-Wisp|p2a: My man\n|-immune|p2a: My man\n|move|p2a: My man|Outrage|p1b: Chi-Yu\n|-damage|p1b: Chi-Yu|0 fnt\n|faint|p1b: Chi-Yu\n|\n|-heal|p2b: EEEEEEEEEEE|74\/100|[from] item: Leftovers\n|upkeep\n|\n|t:|1681780834\n|switch|p1b: Gastrodon|Gastrodon-East, L50, F|100\/100\n|turn|4\n|\n|t:|1681780844\n|move|p2b: EEEEEEEEEEE|Shadow Ball|p1b: Gastrodon\n|-damage|p1b: Gastrodon|84\/100\n|move|p1a: Arcanine|Heat Wave|p2b: EEEEEEEEEEE|[spread] p2a,p2b\n|-resisted|p2a: My man\n|-damage|p2a: My man|40\/100\n|-damage|p2b: EEEEEEEEEEE|55\/100\n|move|p2a: My man|Outrage|p1a: Arcanine|[from]lockedmove\n|-damage|p1a: Arcanine|46\/100\n|-start|p2a: My man|confusion|[fatigue]\n|-enditem|p2a: My man|Lum Berry|[eat]\n|-end|p2a: My man|confusion\n|move|p1b: Gastrodon|Muddy Water|p2b: EEEEEEEEEEE|[spread] p2a,p2b\n|-supereffective|p2a: My man\n|-damage|p2a: My man|0 fnt\n|-damage|p2b: EEEEEEEEEEE|37\/100\n|faint|p2a: My man\n|\n|-heal|p2b: EEEEEEEEEEE|44\/100|[from] item: Leftovers\n|-heal|p1b: Gastrodon|89\/100|[from] item: Leftovers\n|upkeep\n|turn|5\n|\n|t:|1681780861\n|move|p2b: EEEEEEEEEEE|Shadow Ball|p1a: Arcanine\n|-damage|p1a: Arcanine|26\/100\n|move|p1a: Arcanine|Heat Wave|p2b: EEEEEEEEEEE\n|-damage|p2b: EEEEEEEEEEE|19\/100\n|move|p1b: Gastrodon|Earth Power|p2b: EEEEEEEEEEE\n|-crit|p2b: EEEEEEEEEEE\n|-damage|p2b: EEEEEEEEEEE|0 fnt\n|faint|p2b: EEEEEEEEEEE\n|-end|p2b: EEEEEEEEEEE|Protosynthesis|[silent]\n|\n|win|rarcevgc2\n|raw|rarcevgc2's rating: 1108 → 1128<\/strong> (+20 for winning)\n|raw|Zoono's rating: 1042 → 1029<\/strong> (-13 for losing)\n","uploadtime":1681780868,"views":16,"p1id":"rarcevgc2","p2id":"zoono","formatid":"gen9vgc2023regulationc","rating":1029,"private":0,"password":""}