{"id":"gen9vgc2023regulationc-1854916331","p1":"Pinaypollo","p2":"martinferrada","format":"[Gen 9] VGC 2023 Regulation C","log":"|j|\u2606Pinaypollo\n|j|\u2606martinferrada\n|t:|1682880444\n|gametype|doubles\n|player|p1|Pinaypollo|psychic-gen4|1048\n|player|p2|martinferrada|170|1013\n|teamsize|p1|6\n|teamsize|p2|6\n|gen|9\n|tier|[Gen 9] VGC 2023 Regulation C\n|rated|\n|rule|Species Clause: Limit one of each Pok\u00e9mon\n|rule|Item Clause: Limit one of each item\n|clearpoke\n|poke|p1|Tinkaton, L50, F|\n|poke|p1|Hydreigon, L50, M|\n|poke|p1|Amoonguss, L50, F|\n|poke|p1|Arcanine, L50, F|\n|poke|p1|Iron Hands, L50|\n|poke|p1|Glimmora, L50, F|\n|poke|p2|Amoonguss, L50, M|\n|poke|p2|Arcanine, L50, F|\n|poke|p2|Tyranitar, L50, F|\n|poke|p2|Toxapex, L50, M|\n|poke|p2|Gastrodon, L50, F|\n|poke|p2|Grimmsnarl, L50, M|\n|teampreview|4\n|\n|t:|1682880482\n|start\n|switch|p1a: Tinkaton|Tinkaton, L50, F|100\/100\n|switch|p1b: Glimmora|Glimmora, L50, F|100\/100\n|switch|p2a: Grimmsnarl|Grimmsnarl, L50, M|100\/100\n|switch|p2b: Toxapex|Toxapex, L50, M|100\/100\n|-item|p1a: Tinkaton|Air Balloon\n|turn|1\n|l|\u2606Pinaypollo\n|player|p1|\n|j|\u2606Pinaypollo\n|player|p1|Pinaypollo|psychic-gen4\n|\n|t:|1682880573\n|move|p2a: Grimmsnarl|Reflect|p2a: Grimmsnarl\n|-sidestart|p2: martinferrada|Reflect\n|move|p1a: Tinkaton|Gigaton Hammer|p2a: Grimmsnarl\n|-supereffective|p2a: Grimmsnarl\n|-damage|p2a: Grimmsnarl|28\/100\n|move|p1b: Glimmora|Stealth Rock|p2a: Grimmsnarl\n|-sidestart|p2: martinferrada|move: Stealth Rock\n|move|p2b: Toxapex|Surf|p1a: Tinkaton|[spread] p2a,p1a,p1b\n|-supereffective|p1b: Glimmora\n|-damage|p2a: Grimmsnarl|15\/100\n|-damage|p1a: Tinkaton|85\/100\n|-damage|p1b: Glimmora|62\/100\n|-enditem|p1a: Tinkaton|Air Balloon\n|-enditem|p2a: Grimmsnarl|Figy Berry|[eat]\n|-heal|p2a: Grimmsnarl|48\/100|[from] item: Figy Berry\n|\n|upkeep\n|turn|2\n|\n|t:|1682880596\n|move|p2a: Grimmsnarl|Light Screen|p2a: Grimmsnarl\n|-sidestart|p2: martinferrada|move: Light Screen\n|move|p1a: Tinkaton|Play Rough|p2a: Grimmsnarl\n|-supereffective|p2a: Grimmsnarl\n|-damage|p2a: Grimmsnarl|3\/100\n|-unboost|p2a: Grimmsnarl|atk|1\n|move|p1b: Glimmora|Earth Power|p2b: Toxapex\n|-supereffective|p2b: Toxapex\n|-damage|p2b: Toxapex|72\/100\n|move|p2b: Toxapex|Surf|p1a: Tinkaton|[spread] p2a,p1a,p1b\n|-supereffective|p1b: Glimmora\n|-damage|p2a: Grimmsnarl|0 fnt\n|-damage|p1a: Tinkaton|72\/100\n|-damage|p1b: Glimmora|26\/100\n|faint|p2a: Grimmsnarl\n|\n|upkeep\n|\n|t:|1682880610\n|switch|p2a: Gastrodon|Gastrodon, L50, F|100\/100\n|-damage|p2a: Gastrodon|95\/100|[from] Stealth Rock\n|turn|3\n|\n|t:|1682880623\n|move|p2b: Toxapex|Baneful Bunker|p2b: Toxapex\n|-singleturn|p2b: Toxapex|move: Protect\n|move|p1a: Tinkaton|Gigaton Hammer|p2b: Toxapex\n|-activate|p2b: Toxapex|move: Protect\n|move|p1b: Glimmora|Mortal Spin|p2a: Gastrodon|[spread] p2a\n|-activate|p2b: Toxapex|move: Protect\n|-resisted|p2a: Gastrodon\n|-damage|p2a: Gastrodon|93\/100\n|-status|p2a: Gastrodon|psn\n|move|p2a: Gastrodon|Muddy Water|p1a: Tinkaton|[spread] p1a,p1b\n|-supereffective|p1b: Glimmora\n|-damage|p1a: Tinkaton|45\/100\n|-damage|p1b: Glimmora|0 fnt\n|-unboost|p1a: Tinkaton|accuracy|1\n|faint|p1b: Glimmora\n|\n|-heal|p2a: Gastrodon|99\/100 psn|[from] item: Leftovers\n|-damage|p2a: Gastrodon|87\/100 psn|[from] psn\n|upkeep\n|\n|t:|1682880645\n|switch|p1b: Amoonguss|Amoonguss, L50, F|100\/100\n|turn|4\n|\n|t:|1682880666\n|switch|p2a: Arcanine|Arcanine, L50, F|100\/100\n|-damage|p2a: Arcanine|76\/100|[from] Stealth Rock\n|-ability|p2a: Arcanine|Intimidate|boost\n|-fail|p1a: Tinkaton|unboost|Attack|[from] ability: Own Tempo|[of] p1a: Tinkaton\n|-unboost|p1b: Amoonguss|atk|1\n|move|p1a: Tinkaton|Knock Off|p2b: Toxapex\n|-damage|p2b: Toxapex|58\/100\n|-enditem|p2b: Toxapex|Wiki Berry|[from] move: Knock Off|[of] p1a: Tinkaton\n|move|p1b: Amoonguss|Spore|p2b: Toxapex\n|-status|p2b: Toxapex|slp|[from] move: Spore\n|cant|p2b: Toxapex|slp\n|\n|upkeep\n|turn|5\n|\n|t:|1682880697\n|-terastallize|p1a: Tinkaton|Fairy\n|-terastallize|p2a: Arcanine|Fire\n|move|p1a: Tinkaton|Play Rough|p2a: Arcanine\n|-resisted|p2a: Arcanine\n|-damage|p2a: Arcanine|58\/100\n|move|p2a: Arcanine|Flare Blitz|p1a: Tinkaton\n|-damage|p1a: Tinkaton|0 fnt\n|faint|p1a: Tinkaton\n|-damage|p2a: Arcanine|43\/100|[from] Recoil\n|-damage|p2a: Arcanine|34\/100|[from] item: Life Orb\n|move|p1b: Amoonguss|Giga Drain|p2b: Toxapex\n|-damage|p2b: Toxapex|44\/100 slp\n|-curestatus|p2b: Toxapex|slp|[msg]\n|move|p2b: Toxapex|Recover|p2b: Toxapex\n|-heal|p2b: Toxapex|95\/100\n|\n|-sideend|p2: martinferrada|Reflect\n|upkeep\n|\n|t:|1682880719\n|switch|p1a: Arcanine|Arcanine, L50, F|100\/100\n|-ability|p1a: Arcanine|Intimidate|boost\n|-unboost|p2a: Arcanine|atk|1\n|-unboost|p2b: Toxapex|atk|1\n|turn|6\n|\n|t:|1682880740\n|switch|p2a: Gastrodon|Gastrodon, L50, F|87\/100 psn\n|-damage|p2a: Gastrodon|81\/100 psn|[from] Stealth Rock\n|move|p1a: Arcanine|Extreme Speed|p2a: Gastrodon\n|-damage|p2a: Gastrodon|56\/100 psn\n|-damage|p1a: Arcanine|91\/100|[from] item: Life Orb\n|move|p1b: Amoonguss|Giga Drain|p2b: Toxapex\n|-damage|p2b: Toxapex|82\/100\n|move|p2b: Toxapex|Surf|p1a: Arcanine|[spread] p1a,p1b\n|-ability|p2a: Gastrodon|Storm Drain|boost\n|-boost|p2a: Gastrodon|spa|1\n|-supereffective|p1a: Arcanine\n|-resisted|p1b: Amoonguss\n|-damage|p1a: Arcanine|62\/100\n|-damage|p1b: Amoonguss|96\/100\n|\n|-heal|p2a: Gastrodon|61\/100 psn|[from] item: Leftovers\n|-heal|p1b: Amoonguss|100\/100|[from] item: Leftovers\n|-damage|p2a: Gastrodon|49\/100 psn|[from] psn\n|-sideend|p2: martinferrada|move: Light Screen\n|upkeep\n|turn|7\n|\n|t:|1682880791\n|move|p2a: Gastrodon|Protect|p2a: Gastrodon\n|-singleturn|p2a: Gastrodon|Protect\n|move|p1a: Arcanine|Extreme Speed|p2b: Toxapex\n|-damage|p2b: Toxapex|61\/100\n|-damage|p1a: Arcanine|53\/100|[from] item: Life Orb\n|move|p1b: Amoonguss|Giga Drain|p2a: Gastrodon\n|-activate|p2a: Gastrodon|move: Protect\n|move|p2b: Toxapex|Surf|p1a: Arcanine|[spread] p1a,p1b\n|-activate|p2a: Gastrodon|move: Protect\n|-supereffective|p1a: Arcanine\n|-crit|p1a: Arcanine\n|-resisted|p1b: Amoonguss\n|-damage|p1a: Arcanine|10\/100\n|-damage|p1b: Amoonguss|96\/100\n|\n|-heal|p2a: Gastrodon|55\/100 psn|[from] item: Leftovers\n|-heal|p1b: Amoonguss|100\/100|[from] item: Leftovers\n|-damage|p2a: Gastrodon|43\/100 psn|[from] psn\n|upkeep\n|turn|8\n|inactive|Battle timer is ON: inactive players will automatically lose when time's up. (requested by martinferrada)\n|\n|t:|1682880820\n|switch|p2a: Arcanine|Arcanine, L50, F, tera:Fire|34\/100\n|-damage|p2a: Arcanine|9\/100|[from] Stealth Rock\n|-ability|p2a: Arcanine|Intimidate|boost\n|-unboost|p1a: Arcanine|atk|1\n|-unboost|p1b: Amoonguss|atk|1\n|move|p1a: Arcanine|Flare Blitz|p2b: Toxapex\n|-resisted|p2b: Toxapex\n|-damage|p2b: Toxapex|46\/100\n|-damage|p1a: Arcanine|7\/100|[from] Recoil\n|-damage|p1a: Arcanine|0 fnt|[from] item: Life Orb\n|faint|p1a: Arcanine\n|move|p1b: Amoonguss|Giga Drain|p2a: Arcanine\n|-resisted|p2a: Arcanine\n|-damage|p2a: Arcanine|0 fnt\n|faint|p2a: Arcanine\n|move|p2b: Toxapex|Surf|p1b: Amoonguss\n|-resisted|p1b: Amoonguss\n|-damage|p1b: Amoonguss|94\/100\n|\n|-heal|p1b: Amoonguss|99\/100|[from] item: Leftovers\n|upkeep\n|\n|t:|1682880837\n|switch|p2a: Gastrodon|Gastrodon, L50, F|43\/100 psn\n|-damage|p2a: Gastrodon|37\/100 psn|[from] Stealth Rock\n|turn|9\n|\n|t:|1682880849\n|move|p2a: Gastrodon|Recover|p2a: Gastrodon\n|-heal|p2a: Gastrodon|87\/100 psn\n|move|p1b: Amoonguss|Spore|p2b: Toxapex\n|-status|p2b: Toxapex|slp|[from] move: Spore\n|cant|p2b: Toxapex|slp\n|\n|-heal|p2a: Gastrodon|93\/100 psn|[from] item: Leftovers\n|-heal|p1b: Amoonguss|100\/100|[from] item: Leftovers\n|-damage|p2a: Gastrodon|81\/100 psn|[from] psn\n|upkeep\n|turn|10\n|\n|t:|1682880868\n|move|p2a: Gastrodon|Protect|p2a: Gastrodon\n|-singleturn|p2a: Gastrodon|Protect\n|move|p1b: Amoonguss|Giga Drain|p2b: Toxapex\n|-damage|p2b: Toxapex|29\/100 slp\n|cant|p2b: Toxapex|slp\n|\n|-heal|p2a: Gastrodon|87\/100 psn|[from] item: Leftovers\n|-damage|p2a: Gastrodon|74\/100 psn|[from] psn\n|upkeep\n|turn|11\n|\n|t:|1682880881\n|move|p2a: Gastrodon|Ancient Power|p1b: Amoonguss\n|-damage|p1b: Amoonguss|91\/100\n|move|p1b: Amoonguss|Giga Drain|p2b: Toxapex\n|-damage|p2b: Toxapex|9\/100 slp\n|-heal|p1b: Amoonguss|96\/100|[from] drain|[of] p2b: Toxapex\n|-curestatus|p2b: Toxapex|slp|[msg]\n|move|p2b: Toxapex|Recover|p2b: Toxapex\n|-heal|p2b: Toxapex|60\/100\n|\n|-heal|p2a: Gastrodon|80\/100 psn|[from] item: Leftovers\n|-heal|p1b: Amoonguss|100\/100|[from] item: Leftovers\n|-damage|p2a: Gastrodon|68\/100 psn|[from] psn\n|upkeep\n|turn|12\n|\n|t:|1682880900\n|move|p2a: Gastrodon|Muddy Water|p1b: Amoonguss\n|-resisted|p1b: Amoonguss\n|-damage|p1b: Amoonguss|89\/100\n|move|p1b: Amoonguss|Spore|p2b: Toxapex\n|-status|p2b: Toxapex|slp|[from] move: Spore\n|cant|p2b: Toxapex|slp\n|\n|-heal|p2a: Gastrodon|74\/100 psn|[from] item: Leftovers\n|-heal|p1b: Amoonguss|95\/100|[from] item: Leftovers\n|-damage|p2a: Gastrodon|61\/100 psn|[from] psn\n|upkeep\n|turn|13\n|\n|t:|1682880925\n|move|p2a: Gastrodon|Muddy Water|p1b: Amoonguss|[miss]\n|-miss|p2a: Gastrodon|p1b: Amoonguss\n|move|p1b: Amoonguss|Giga Drain|p2b: Toxapex\n|-damage|p2b: Toxapex|38\/100 slp\n|-heal|p1b: Amoonguss|100\/100|[from] drain|[of] p2b: Toxapex\n|-curestatus|p2b: Toxapex|slp|[msg]\n|move|p2b: Toxapex|Poison Jab|p1b: Amoonguss\n|-damage|p1b: Amoonguss|86\/100\n|\n|-heal|p2a: Gastrodon|67\/100 psn|[from] item: Leftovers\n|-heal|p1b: Amoonguss|91\/100|[from] item: Leftovers\n|-damage|p2a: Gastrodon|55\/100 psn|[from] psn\n|upkeep\n|turn|14\n|\n|t:|1682880944\n|move|p2b: Toxapex|Baneful Bunker|p2b: Toxapex\n|-singleturn|p2b: Toxapex|move: Protect\n|move|p2a: Gastrodon|Muddy Water|p1b: Amoonguss\n|-resisted|p1b: Amoonguss\n|-damage|p1b: Amoonguss|82\/100\n|move|p1b: Amoonguss|Spore|p2b: Toxapex\n|-activate|p2b: Toxapex|move: Protect\n|\n|-heal|p2a: Gastrodon|61\/100 psn|[from] item: Leftovers\n|-heal|p1b: Amoonguss|88\/100|[from] item: Leftovers\n|-damage|p2a: Gastrodon|49\/100 psn|[from] psn\n|upkeep\n|turn|15\n|\n|t:|1682880961\n|move|p2a: Gastrodon|Recover|p2a: Gastrodon\n|-heal|p2a: Gastrodon|99\/100 psn\n|move|p1b: Amoonguss|Spore|p2b: Toxapex\n|-status|p2b: Toxapex|slp|[from] move: Spore\n|cant|p2b: Toxapex|slp\n|\n|-heal|p2a: Gastrodon|100\/100 psn|[from] item: Leftovers\n|-heal|p1b: Amoonguss|94\/100|[from] item: Leftovers\n|-damage|p2a: Gastrodon|88\/100 psn|[from] psn\n|upkeep\n|turn|16\n|\n|t:|1682880976\n|move|p2a: Gastrodon|Ancient Power|p1b: Amoonguss\n|-damage|p1b: Amoonguss|84\/100\n|move|p1b: Amoonguss|Giga Drain|p2b: Toxapex\n|-damage|p2b: Toxapex|19\/100 slp\n|-heal|p1b: Amoonguss|90\/100|[from] drain|[of] p2b: Toxapex\n|cant|p2b: Toxapex|slp\n|\n|-heal|p2a: Gastrodon|94\/100 psn|[from] item: Leftovers\n|-heal|p1b: Amoonguss|96\/100|[from] item: Leftovers\n|-damage|p2a: Gastrodon|82\/100 psn|[from] psn\n|upkeep\n|turn|17\n|\n|t:|1682880990\n|move|p2a: Gastrodon|Muddy Water|p1b: Amoonguss\n|-resisted|p1b: Amoonguss\n|-damage|p1b: Amoonguss|85\/100\n|move|p1b: Amoonguss|Giga Drain|p2b: Toxapex\n|-damage|p2b: Toxapex|0 fnt\n|-heal|p1b: Amoonguss|90\/100|[from] drain|[of] p2b: Toxapex\n|faint|p2b: Toxapex\n|\n|-heal|p2a: Gastrodon|88\/100 psn|[from] item: Leftovers\n|-heal|p1b: Amoonguss|96\/100|[from] item: Leftovers\n|-damage|p2a: Gastrodon|75\/100 psn|[from] psn\n|upkeep\n|turn|18\n|-message|martinferrada forfeited.\n|\n|win|Pinaypollo\n|raw|Pinaypollo's rating: 1048 → 1078<\/strong> (+30 for winning)\n|raw|martinferrada's rating: 1013 → 1002<\/strong> (-11 for losing)\n|l|\u2606martinferrada\n","uploadtime":1682881011,"views":9,"p1id":"pinaypollo","p2id":"martinferrada","formatid":"gen9vgc2023regulationc","rating":1002,"private":0,"password":""}