{"id":"gen9vgc2023regulationc-1849957178","p1":"Lemurro","p2":"STE lulu","format":"[Gen 9] VGC 2023 Regulation C","log":"|j|\u2606Lemurro\n|j|\u2606STE lulu\n|t:|1682272122\n|gametype|doubles\n|player|p1|Lemurro|psychic-gen2|\n|player|p2|STE lulu|170|\n|teamsize|p1|6\n|teamsize|p2|6\n|gen|9\n|tier|[Gen 9] VGC 2023 Regulation C\n|rule|Species Clause: Limit one of each Pok\u00e9mon\n|rule|Item Clause: Limit one of each item\n|clearpoke\n|poke|p1|Iron Hands, L50|\n|poke|p1|Ting-Lu, L50|\n|poke|p1|Wo-Chien, L50|\n|poke|p1|Clawitzer, L50, M|\n|poke|p1|Spiritomb, L50, F|\n|poke|p1|Dragapult, L50, M|\n|poke|p2|Amoonguss, L50, M|\n|poke|p2|Arcanine, L50, F|\n|poke|p2|Roaring Moon, L50|\n|poke|p2|Garganacl, L50, M|\n|poke|p2|Gengar, L50, M|\n|poke|p2|Gothorita, L50, F|\n|teampreview|4\n|c|\u2606STE lulu|g2\n|c|\u2606Lemurro|g2\n|j| Saw725\n|j| flipsicle\n|j| Ally Switch Andy\n|j| repeatt\n|j| Ciq108\n|j| M1so\n|j| arezuwu\n|j| Beter222\n|j| DJSen\n|j| EGAWalreins\n|c|\u2606STE lulu|glhf\n|\n|t:|1682272527\n|start\n|switch|p1a: the Omega Glory|Clawitzer, L50, M|100\/100\n|switch|p1b: Patterns of Force|Iron Hands, L50|100\/100\n|switch|p2a: Gengar|Gengar, L50, M|100\/100\n|switch|p2b: Arcanine|Arcanine, L50, F|100\/100\n|-ability|p2b: Arcanine|Intimidate|boost\n|-unboost|p1a: the Omega Glory|atk|1\n|-unboost|p1b: Patterns of Force|atk|1\n|turn|1\n|j| Hacker\n|\n|t:|1682272540\n|move|p2a: Gengar|Shadow Ball|p1a: the Omega Glory\n|-damage|p1a: the Omega Glory|43\/100\n|move|p1a: the Omega Glory|Hydro Pump|p2b: Arcanine\n|-supereffective|p2b: Arcanine\n|-damage|p2b: Arcanine|0 fnt\n|faint|p2b: Arcanine\n|move|p1b: Patterns of Force|Swords Dance|p1b: Patterns of Force\n|-boost|p1b: Patterns of Force|atk|2\n|\n|upkeep\n|j| vinithewini\n|\n|t:|1682272548\n|switch|p2b: Roaring Moon|Roaring Moon, L50|100\/100\n|-enditem|p2b: Roaring Moon|Booster Energy\n|-activate|p2b: Roaring Moon|ability: Protosynthesis|[fromitem]\n|-start|p2b: Roaring Moon|protosynthesisspe\n|turn|2\n|j| Lady Writer \u2740\n|\n|t:|1682272557\n|switch|p1a: Home Soil|Ting-Lu, L50|100\/100\n|-ability|p1a: Home Soil|Vessel of Ruin\n|move|p2b: Roaring Moon|Breaking Swipe|p1a: Home Soil|[spread] p1a,p1b\n|-damage|p1a: Home Soil|86\/100\n|-damage|p1b: Patterns of Force|84\/100\n|-unboost|p1b: Patterns of Force|atk|1\n|move|p2a: Gengar|Shadow Ball|p1b: Patterns of Force\n|-crit|p1b: Patterns of Force\n|-damage|p1b: Patterns of Force|51\/100\n|move|p1b: Patterns of Force|Drain Punch|p2b: Roaring Moon\n|-supereffective|p2b: Roaring Moon\n|-damage|p2b: Roaring Moon|5\/100\n|-heal|p1b: Patterns of Force|84\/100|[from] drain|[of] p2b: Roaring Moon\n|\n|upkeep\n|turn|3\n|j| Monika fan club\n|\n|t:|1682272584\n|switch|p2a: Garganacl|Garganacl, L50, M|100\/100\n|-terastallize|p2b: Roaring Moon|Flying\n|move|p2b: Roaring Moon|Acrobatics|p1b: Patterns of Force\n|-damage|p1b: Patterns of Force|45\/100\n|move|p1a: Home Soil|Stomping Tantrum|p2b: Roaring Moon\n|-immune|p2b: Roaring Moon\n|move|p1b: Patterns of Force|Swords Dance|p1b: Patterns of Force\n|-boost|p1b: Patterns of Force|atk|2\n|\n|upkeep\n|turn|4\n|\n|t:|1682272597\n|move|p2b: Roaring Moon|Protect|p2b: Roaring Moon\n|-singleturn|p2b: Roaring Moon|Protect\n|move|p1a: Home Soil|Throat Chop|p2b: Roaring Moon\n|-activate|p2b: Roaring Moon|move: Protect\n|move|p2a: Garganacl|Iron Defense|p2a: Garganacl\n|-boost|p2a: Garganacl|def|2\n|move|p1b: Patterns of Force|Drain Punch|p2a: Garganacl\n|-supereffective|p2a: Garganacl\n|-damage|p2a: Garganacl|54\/100\n|-heal|p1b: Patterns of Force|63\/100|[from] drain|[of] p2a: Garganacl\n|\n|-heal|p2a: Garganacl|60\/100|[from] item: Leftovers\n|upkeep\n|turn|5\n|\n|t:|1682272609\n|-end|p2b: Roaring Moon|Protosynthesis|[silent]\n|switch|p2b: Gengar|Gengar, L50, M|100\/100\n|move|p1a: Home Soil|Taunt|p2a: Garganacl\n|-start|p2a: Garganacl|move: Taunt\n|move|p2a: Garganacl|Body Press|p1a: Home Soil\n|-supereffective|p1a: Home Soil\n|-damage|p1a: Home Soil|32\/100\n|move|p1b: Patterns of Force|Drain Punch|p2a: Garganacl\n|-supereffective|p2a: Garganacl\n|-damage|p2a: Garganacl|16\/100\n|-heal|p1b: Patterns of Force|81\/100|[from] drain|[of] p2a: Garganacl\n|\n|-heal|p2a: Garganacl|22\/100|[from] item: Leftovers\n|upkeep\n|turn|6\n|\n|t:|1682272626\n|move|p2b: Gengar|Dazzling Gleam|p1b: Patterns of Force|[spread] p1a,p1b\n|-supereffective|p1a: Home Soil\n|-supereffective|p1b: Patterns of Force\n|-damage|p1a: Home Soil|6\/100\n|-damage|p1b: Patterns of Force|56\/100\n|move|p1a: Home Soil|Stomping Tantrum|p2b: Gengar\n|-supereffective|p2b: Gengar\n|-damage|p2b: Gengar|0 fnt\n|faint|p2b: Gengar\n|move|p1b: Patterns of Force|Drain Punch|p2a: Garganacl\n|-supereffective|p2a: Garganacl\n|-damage|p2a: Garganacl|0 fnt\n|-heal|p1b: Patterns of Force|65\/100|[from] drain|[of] p2a: Garganacl\n|faint|p2a: Garganacl\n|\n|upkeep\n|l| Beter222\n|\n|t:|1682272633\n|switch|p2b: Roaring Moon|Roaring Moon, L50, tera:Flying|5\/100\n|turn|7\n|c|\u2606STE lulu|ggs\n|l| repeatt\n|\n|t:|1682272640\n|move|p2b: Roaring Moon|Breaking Swipe|p1b: Patterns of Force|[spread] p1a,p1b\n|-damage|p1a: Home Soil|0 fnt\n|-damage|p1b: Patterns of Force|50\/100\n|-unboost|p1b: Patterns of Force|atk|1\n|faint|p1a: Home Soil\n|move|p1b: Patterns of Force|Thunder Punch|p2b: Roaring Moon\n|-supereffective|p2b: Roaring Moon\n|-damage|p2b: Roaring Moon|0 fnt\n|faint|p2b: Roaring Moon\n|-end|p2b: Roaring Moon|Protosynthesis|[silent]\n|\n|win|Lemurro\n|c|\u2606Lemurro|gg\n|l| Lady Writer \u2740\n|l| flipsicle\n|l| DJSen\n|j| hiiya papaya\n|l| hiiya papaya\n|l| M1so\n|l| Monika fan club\n|l| Saw725\n|l| vinithewini\n|l| Ciq108\n|l| Hacker\n|l| Ally Switch Andy\n","uploadtime":1682272780,"views":18,"p1id":"lemurro","p2id":"stelulu","formatid":"gen9vgc2023regulationc","rating":0,"private":0,"password":""}