{"id":"gen9vgc2023regulationc-1849939631","p1":"NDShepard","p2":"joaofelixsimp","format":"[Gen 9] VGC 2023 Regulation C","log":"|j|\u2606NDShepard\n|j|\u2606joaofelixsimp\n|t:|1682270257\n|gametype|doubles\n|player|p1|NDShepard|caitlin|\n|player|p2|joaofelixsimp|265|\n|teamsize|p1|6\n|teamsize|p2|6\n|gen|9\n|tier|[Gen 9] VGC 2023 Regulation C\n|rule|Species Clause: Limit one of each Pok\u00e9mon\n|rule|Item Clause: Limit one of each item\n|clearpoke\n|poke|p1|Dondozo, L50, F|\n|poke|p1|Tatsugiri-Droopy, L50, F|\n|poke|p1|Pelipper, L50, F|\n|poke|p1|Drednaw, L50, F|\n|poke|p1|Dragonite, L50, F|\n|poke|p1|Chien-Pao, L50|\n|poke|p2|Talonflame, L50, M|\n|poke|p2|Chien-Pao, L50|\n|poke|p2|Dragonite, L50, F|\n|poke|p2|Garchomp, L50, F|\n|poke|p2|Iron Bundle, L50|\n|poke|p2|Flutter Mane, L50|\n|teampreview|4\n|c|\u2606joaofelixsimp|g3\njoaofelixsimp has agreed to open team sheets.\n|j| Quarante8\n|c|\u2606joaofelixsimp|\/log joaofelixsimp made this room public.\n|j| RoiDadadou\n|j| Squash\n|j| Johan Liebenberg\n|j| Sharow\n|j| la sauce a mendy\n|j|+Unamed\n|l|+Unamed\n|j| Draph\n|j| BAN CHIEN PAO 2\nNDShepard has agreed to open team sheets.\n|j| HaxxSel\n|j| DonDadaMixtape\n|j| Herv Zero To Hero\n|j| Royal1604\n|j| PoussPouss\n|j| Brayz\n|j| MarioReLSD\n|j|%Clementine\n|j| wertsd26\n|j| cielau origine \u266b\n|j| Marklanders9\n|j| Masskeauuu\n|j| BlazingDark\n|j| Micciu20250\n|j| tierlist fromages\n|j| TarpaudL5\n|j|+Cicada\n|j|+Unamed\n|j| Antares\n|j|+Tuthur\n|j| Nael222\n|j| Cherbou\n|l| Cherbou\n|j| SiTuM.\n|j| Cherbou\n|j| AzZoCcX\n|j| Waitos2Secondos\n|j| useless sentiments\n|j| msnt\n|c| Squash|lets fucking go shepard\n|\n|t:|1682271264\n|start\n|switch|p1a: Pelipper|Pelipper, L50, F|100\/100\n|switch|p1b: Dondozo|Dondozo, L50, F|100\/100\n|switch|p2a: Iron Bundle|Iron Bundle, L50|100\/100\n|switch|p2b: Flutter Mane|Flutter Mane, L50, shiny|100\/100\n|-weather|RainDance|[from] ability: Drizzle|[of] p1a: Pelipper\n|-enditem|p2a: Iron Bundle|Booster Energy\n|-activate|p2a: Iron Bundle|ability: Quark Drive|[fromitem]\n|-start|p2a: Iron Bundle|quarkdrivespe\n|turn|1\n|j| lron Bundle\n|j| GrosTeh\n|j| KSt3ve\n|\n|t:|1682271353\n|move|p1b: Dondozo|Protect|p1b: Dondozo\n|-singleturn|p1b: Dondozo|Protect\n|move|p2a: Iron Bundle|Hydro Pump|p1a: Pelipper\n|-resisted|p1a: Pelipper\n|-damage|p1a: Pelipper|50\/100\n|move|p2b: Flutter Mane|Shadow Ball|p1a: Pelipper\n|-damage|p1a: Pelipper|0 fnt\n|faint|p1a: Pelipper\n|\n|-weather|RainDance|[upkeep]\n|upkeep\n|\n|t:|1682271362\n|switch|p1a: Tatsugiri|Tatsugiri-Droopy, L50, F, shiny|100\/100\n|-activate|p1a: Tatsugiri|ability: Commander|[of] p1b: Dondozo\n|-boost|p1b: Dondozo|atk|2\n|-boost|p1b: Dondozo|spa|2\n|-boost|p1b: Dondozo|spe|2\n|-boost|p1b: Dondozo|def|2\n|-boost|p1b: Dondozo|spd|2\n|turn|2\n|j| Stoutberg\n|j| LsPercila\n|l| LsPercila\n|l| Royal1604\n|\n|t:|1682271425\n|-end|p2b: Flutter Mane|Protosynthesis|[silent]\n|switch|p2b: Dragonite|Dragonite, L50, F|100\/100\n|-terastallize|p1b: Dondozo|Water\n|move|p2a: Iron Bundle|Icy Wind|p1a: Tatsugiri|[spread] p1b\n|-miss|p2a: Iron Bundle|p1a: Tatsugiri\n|-resisted|p1b: Dondozo\n|-damage|p1b: Dondozo|95\/100\n|-unboost|p1b: Dondozo|spe|1\n|move|p1b: Dondozo|Surf|p2b: Dragonite|[spread] p2a,p2b\n|-miss|p1b: Dondozo|p1a: Tatsugiri\n|-resisted|p2a: Iron Bundle\n|-resisted|p2b: Dragonite\n|-damage|p2a: Iron Bundle|1\/100\n|-damage|p2b: Dragonite|47\/100\n|-damage|p1b: Dondozo|85\/100|[from] item: Life Orb\n|\n|-weather|RainDance|[upkeep]\n|upkeep\n|turn|3\n|j| Royal1604\n|j| LsPercila\n|\n|t:|1682271477\n|move|p2a: Iron Bundle|Protect|p2a: Iron Bundle\n|-singleturn|p2a: Iron Bundle|Protect\n|move|p1b: Dondozo|Protect|p1b: Dondozo\n|-singleturn|p1b: Dondozo|Protect\n|move|p2b: Dragonite|Extreme Speed|p1b: Dondozo\n|-activate|p1b: Dondozo|move: Protect\n|\n|-weather|RainDance|[upkeep]\n|upkeep\n|turn|4\n|c| Royal1604|1%\n|j| Antonazz\n|\n|t:|1682271505\n|move|p2b: Dragonite|Extreme Speed|p1b: Dondozo\n|-damage|p1b: Dondozo|66\/100\n|move|p2a: Iron Bundle|Freeze-Dry|p1b: Dondozo\n|-supereffective|p1b: Dondozo\n|-damage|p1b: Dondozo|28\/100\n|move|p1b: Dondozo|Surf|p2b: Dragonite|[spread] p2a,p2b\n|-miss|p1b: Dondozo|p1a: Tatsugiri\n|-resisted|p2a: Iron Bundle\n|-resisted|p2b: Dragonite\n|-damage|p2a: Iron Bundle|0 fnt\n|-damage|p2b: Dragonite|0 fnt\n|faint|p2a: Iron Bundle\n|-end|p2a: Iron Bundle|Quark Drive|[silent]\n|faint|p2b: Dragonite\n|-damage|p1b: Dondozo|19\/100|[from] item: Life Orb\n|\n|-weather|RainDance|[upkeep]\n|upkeep\n|\n|t:|1682271512\n|switch|p2a: Flutter Mane|Flutter Mane, L50, shiny|100\/100\n|switch|p2b: Chien-Pao|Chien-Pao, L50|100\/100\n|-ability|p2b: Chien-Pao|Sword of Ruin\n|turn|5\n|j| RindaOkami\n|l| Royal1604\n|j| Mimilucha\n|\n|t:|1682271581\n|-terastallize|p2a: Flutter Mane|Fairy\n|move|p1b: Dondozo|Protect|p1b: Dondozo\n|-singleturn|p1b: Dondozo|Protect\n|move|p2b: Chien-Pao|Sucker Punch||[still]\n|-fail|p2b: Chien-Pao\n|move|p2a: Flutter Mane|Moonblast|p1a: Tatsugiri|[miss]\n|-miss|p2a: Flutter Mane|p1a: Tatsugiri\n|\n|-weather|RainDance|[upkeep]\n|upkeep\n|turn|6\n|\n|t:|1682271596\n|move|p2b: Chien-Pao|Sucker Punch|p1b: Dondozo\n|-damage|p1b: Dondozo|1\/100\n|move|p2a: Flutter Mane|Moonblast|p1a: Tatsugiri|[miss]\n|-miss|p2a: Flutter Mane|p1a: Tatsugiri\n|move|p1b: Dondozo|Surf|p2b: Chien-Pao|[spread] p2a,p2b\n|-miss|p1b: Dondozo|p1a: Tatsugiri\n|-damage|p2a: Flutter Mane|0 fnt\n|-enditem|p2b: Chien-Pao|Focus Sash\n|-damage|p2b: Chien-Pao|1\/100\n|faint|p2a: Flutter Mane\n|-end|p2a: Flutter Mane|Protosynthesis|[silent]\n|-damage|p1b: Dondozo|0 fnt|[from] item: Life Orb\n|faint|p1b: Dondozo\n|\n|-weather|RainDance|[upkeep]\n|upkeep\n|\n|t:|1682271601\n|switch|p1b: Drednaw|Drednaw, L50, F|100\/100\n|turn|7\n|c| MarioReLSD|Leo\n|c| MarioReLSD|pas comme \u00e7a\n|c| AzZoCcX|Oui bon\n|l| LsPercila\n|c| AzZoCcX|c'est grave\n|l| Stoutberg\n|c| MarioReLSD|NotLikeThis\n|\n|t:|1682271620\n|move|p1b: Drednaw|Waterfall|p2b: Chien-Pao\n|-crit|p2b: Chien-Pao\n|-damage|p2b: Chien-Pao|0 fnt\n|faint|p2b: Chien-Pao\n|\n|win|NDShepard\n|l| AzZoCcX\n|c| Sharow|VAMOS\n|l| la sauce a mendy\n|c|\u2606NDShepard|ggs\n|l| PoussPouss\n|j| Royal1604\n|c|\u2606joaofelixsimp|gg\n|c| Sharow|ON EST TOUJOURS EBN VIE\n|l| useless sentiments\n|l| lron Bundle\n|l|+Unamed\n|l| Cherbou\n|j| LsPercila\n|l| msnt\n|l| SiTuM.\n|l| Masskeauuu\n|l| LsPercila\n|l|+Tuthur\n|l| TarpaudL5\n|l| Draph\n|l| wertsd26\n|l| Antares\n|l| HaxxSel\n|l| MarioReLSD\n","uploadtime":1682271623,"views":5,"p1id":"ndshepard","p2id":"joaofelixsimp","formatid":"gen9vgc2023regulationc","rating":0,"private":0,"password":""}