{"id":"gen9vgc2023regulationc-1855308909","p1":"goldenchimchar","p2":"dfghdfghdgh","format":"[Gen 9] VGC 2023 Regulation C","log":"|j|\u2606goldenchimchar\n|j|\u2606dfghdfghdgh\n|t:|1682934417\n|gametype|doubles\n|player|p1|goldenchimchar|silver|1055\n|player|p2|dfghdfghdgh|blackbelt-gen4dp|1048\n|teamsize|p1|6\n|teamsize|p2|6\n|gen|9\n|tier|[Gen 9] VGC 2023 Regulation C\n|rated|\n|rule|Species Clause: Limit one of each Pok\u00e9mon\n|rule|Item Clause: Limit one of each item\n|clearpoke\n|poke|p1|Flutter Mane, L50|\n|poke|p1|Amoonguss, L50, F|\n|poke|p1|Arcanine, L50, F|\n|poke|p1|Palafin, L50, F|\n|poke|p1|Chien-Pao, L50|\n|poke|p1|Dragonite, L50, M|\n|poke|p2|Dragapult, L50, M|\n|poke|p2|Chien-Pao, L50|\n|poke|p2|Maushold, L50|\n|poke|p2|Volcarona, L50, M|\n|poke|p2|Tinkaton, L50, F|\n|poke|p2|Gyarados, L50, M|\n|teampreview|4\n|\n|t:|1682934444\n|start\n|switch|p1a: Amoonguss|Amoonguss, L50, F|100\/100\n|switch|p1b: Palafin|Palafin, L50, F|100\/100\n|switch|p2a: Dragapult|Dragapult, L50, M|100\/100\n|switch|p2b: Tinkaton|Tinkaton, L50, F|100\/100\n|-ability|p2b: Tinkaton|Mold Breaker\n|turn|1\n|\n|t:|1682934461\n|detailschange|p1b: Palafin|Palafin-Hero, L50, F\n|switch|p1b: Flutter Mane|Flutter Mane, L50|100\/100\n|move|p2b: Tinkaton|Fake Out|p1a: Amoonguss\n|-damage|p1a: Amoonguss|94\/100\n|move|p2a: Dragapult|Will-O-Wisp|p1b: Flutter Mane\n|-status|p1b: Flutter Mane|brn\n|cant|p1a: Amoonguss|flinch\n|\n|-damage|p1b: Flutter Mane|94\/100 brn|[from] brn\n|upkeep\n|turn|2\n|\n|t:|1682934477\n|move|p2a: Dragapult|Protect|p2a: Dragapult\n|-singleturn|p2a: Dragapult|Protect\n|move|p1a: Amoonguss|Rage Powder|p1a: Amoonguss\n|-singleturn|p1a: Amoonguss|move: Rage Powder\n|move|p1b: Flutter Mane|Moonblast|p2a: Dragapult\n|-activate|p2a: Dragapult|move: Protect\n|move|p2b: Tinkaton|Gigaton Hammer|p1a: Amoonguss\n|-damage|p1a: Amoonguss|57\/100\n|\n|-damage|p1b: Flutter Mane|88\/100 brn|[from] brn\n|upkeep\n|turn|3\n|\n|t:|1682934497\n|switch|p2a: Gyarados|Gyarados, L50, M|100\/100\n|-ability|p2a: Gyarados|Intimidate|boost\n|-unboost|p1a: Amoonguss|atk|1\n|-unboost|p1b: Flutter Mane|atk|1\n|move|p1b: Flutter Mane|Dazzling Gleam|p2b: Tinkaton|[spread] p2a,p2b\n|-resisted|p2b: Tinkaton\n|-damage|p2a: Gyarados|67\/100\n|-damage|p2b: Tinkaton|86\/100\n|move|p2b: Tinkaton|Play Rough|p1b: Flutter Mane\n|-damage|p1b: Flutter Mane|31\/100 brn\n|move|p1a: Amoonguss|Spore|p2a: Gyarados\n|-status|p2a: Gyarados|slp|[from] move: Spore\n|\n|-damage|p1b: Flutter Mane|25\/100 brn|[from] brn\n|upkeep\n|turn|4\n|\n|t:|1682934522\n|-end|p1b: Flutter Mane|Protosynthesis|[silent]\n|switch|p1b: Palafin|Palafin-Hero, L50, F|100\/100\n|-activate|p1b: Palafin|ability: Zero to Hero\n|cant|p2a: Gyarados|slp\n|move|p2b: Tinkaton|Gigaton Hammer|p1a: Amoonguss\n|-damage|p1a: Amoonguss|22\/100\n|-enditem|p1a: Amoonguss|Sitrus Berry|[eat]\n|-heal|p1a: Amoonguss|47\/100|[from] item: Sitrus Berry\n|move|p1a: Amoonguss|Pollen Puff|p1b: Palafin\n|-immune|p1b: Palafin\n|\n|upkeep\n|turn|5\n|\n|t:|1682934555\n|switch|p2a: Dragapult|Dragapult, L50, M|100\/100\n|switch|p1a: Chien-Pao|Chien-Pao, L50|100\/100\n|-ability|p1a: Chien-Pao|Sword of Ruin\n|-terastallize|p1b: Palafin|Water\n|move|p2b: Tinkaton|Thunder Wave|p1a: Chien-Pao\n|-status|p1a: Chien-Pao|par\n|move|p1b: Palafin|Wave Crash|p2b: Tinkaton\n|-damage|p2b: Tinkaton|0 fnt\n|faint|p2b: Tinkaton\n|-damage|p1b: Palafin|74\/100|[from] Recoil\n|\n|upkeep\n|\n|t:|1682934566\n|switch|p2b: Gyarados|Gyarados, L50, M|67\/100 slp\n|-ability|p2b: Gyarados|Intimidate|boost\n|-unboost|p1a: Chien-Pao|atk|1\n|-unboost|p1b: Palafin|atk|1\n|turn|6\n|\n|t:|1682934577\n|switch|p1b: Flutter Mane|Flutter Mane, L50|25\/100 brn\n|switch|p1a: Amoonguss|Amoonguss, L50, F|80\/100\n|move|p2a: Dragapult|Protect|p2a: Dragapult\n|-singleturn|p2a: Dragapult|Protect\n|-curestatus|p2b: Gyarados|slp|[msg]\n|move|p2b: Gyarados|Waterfall|p1a: Amoonguss\n|-resisted|p1a: Amoonguss\n|-damage|p1a: Amoonguss|64\/100\n|\n|-damage|p1b: Flutter Mane|19\/100 brn|[from] brn\n|upkeep\n|turn|7\n|\n|t:|1682934599\n|switch|p2a: Chien-Pao|Chien-Pao, L50|100\/100\n|-ability|p2a: Chien-Pao|Sword of Ruin\n|move|p2b: Gyarados|Protect|p2b: Gyarados\n|-singleturn|p2b: Gyarados|Protect\n|move|p1a: Amoonguss|Rage Powder|p1a: Amoonguss\n|-singleturn|p1a: Amoonguss|move: Rage Powder\n|move|p1b: Flutter Mane|Dazzling Gleam|p2a: Chien-Pao|[spread] p2a\n|-activate|p2b: Gyarados|move: Protect\n|-supereffective|p2a: Chien-Pao\n|-enditem|p2a: Chien-Pao|Focus Sash\n|-damage|p2a: Chien-Pao|1\/100\n|\n|-damage|p1b: Flutter Mane|13\/100 brn|[from] brn\n|upkeep\n|turn|8\n|\n|t:|1682934620\n|move|p2a: Chien-Pao|Ice Spinner|p1a: Amoonguss\n|-supereffective|p1a: Amoonguss\n|-damage|p1a: Amoonguss|0 fnt\n|faint|p1a: Amoonguss\n|move|p1b: Flutter Mane|Dazzling Gleam|p2b: Gyarados|[spread] p2a,p2b\n|-supereffective|p2a: Chien-Pao\n|-damage|p2a: Chien-Pao|0 fnt\n|-damage|p2b: Gyarados|36\/100\n|faint|p2a: Chien-Pao\n|move|p2b: Gyarados|Waterfall|p1b: Flutter Mane\n|-damage|p1b: Flutter Mane|0 fnt\n|faint|p1b: Flutter Mane\n|-end|p1b: Flutter Mane|Protosynthesis|[silent]\n|\n|upkeep\n|\n|t:|1682934632\n|switch|p2a: Dragapult|Dragapult, L50, M|100\/100\n|switch|p1b: Palafin|Palafin-Hero, L50, F, tera:Water|74\/100\n|switch|p1a: Chien-Pao|Chien-Pao, L50|100\/100 par\n|-ability|p1a: Chien-Pao|Sword of Ruin\n|turn|9\n|\n|t:|1682934653\n|-terastallize|p2a: Dragapult|Dragon\n|move|p1b: Palafin|Protect|p1b: Palafin\n|-singleturn|p1b: Palafin|Protect\n|move|p2a: Dragapult|Dragon Darts|p1a: Chien-Pao\n|-damage|p1a: Chien-Pao|40\/100 par\n|-anim|p2a: Dragapult|Dragon Darts|p1a: Chien-Pao\n|-damage|p1a: Chien-Pao|0 fnt\n|faint|p1a: Chien-Pao\n|move|p2b: Gyarados|Waterfall|p1b: Palafin\n|-activate|p1b: Palafin|move: Protect\n|\n|upkeep\n|turn|10\n|\n|t:|1682934686\n|move|p2a: Dragapult|Will-O-Wisp|p1b: Palafin\n|-status|p1b: Palafin|brn\n|move|p2b: Gyarados|Waterfall|p1b: Palafin\n|-resisted|p1b: Palafin\n|-damage|p1b: Palafin|56\/100 brn\n|move|p1b: Palafin|Wave Crash|p2b: Gyarados\n|-resisted|p2b: Gyarados\n|-damage|p2b: Gyarados|0 fnt\n|faint|p2b: Gyarados\n|-damage|p1b: Palafin|45\/100 brn|[from] Recoil\n|\n|-damage|p1b: Palafin|39\/100 brn|[from] brn\n|upkeep\n|turn|11\n|-message|goldenchimchar forfeited.\n|\n|win|dfghdfghdgh\n|raw|goldenchimchar's rating: 1055 → 1036<\/strong> (-19 for losing)\n|raw|dfghdfghdgh's rating: 1048 → 1081<\/strong> (+33 for winning)\n|l|\u2606goldenchimchar\n|j| AshML\n|l| AshML\n|j| AshML\n","uploadtime":1682935900,"views":19,"p1id":"goldenchimchar","p2id":"dfghdfghdgh","formatid":"gen9vgc2023regulationc","rating":1036,"private":0,"password":""}