{"id":"gen9vgc2023regulationc-1851311165","p1":"Jbenn","p2":"KSunfr","format":"[Gen 9] VGC 2023 Regulation C","log":"|j|\u2606Jbenn\n|j|\u2606KSunfr\n|t:|1682434796\n|gametype|doubles\n|player|p1|Jbenn|steven|1510\n|player|p2|KSunfr|169|1565\n|teamsize|p1|6\n|teamsize|p2|6\n|gen|9\n|tier|[Gen 9] VGC 2023 Regulation C\n|rated|\n|rule|Species Clause: Limit one of each Pok\u00e9mon\n|rule|Item Clause: Limit one of each item\n|clearpoke\n|poke|p1|Roaring Moon, L50|\n|poke|p1|Gholdengo, L50|\n|poke|p1|Great Tusk, L50|\n|poke|p1|Hariyama, L50, F|\n|poke|p1|Mimikyu, L50, F|\n|poke|p1|Gyarados, L50, M|\n|poke|p2|Farigiraf, L50, F|\n|poke|p2|Chi-Yu, L50|\n|poke|p2|Stonjourner, L50, M|\n|poke|p2|Gyarados, L50, M|\n|poke|p2|Flutter Mane, L50|\n|poke|p2|Murkrow, L50, F|\n|teampreview|4\n|inactive|Battle timer is ON: inactive players will automatically lose when time's up. (requested by KSunfr)\n|j| Withoutexcuse\n|inactive|Jbenn has 60 seconds left.\nJbenn has agreed to open team sheets.\nKSunfr has agreed to open team sheets.\n|inactive|Jbenn has 30 seconds left.\n|j| THUNDERSND77\n|inactive|Jbenn has 20 seconds left.\n|inactive|Jbenn has 15 seconds left.\n|inactive|Jbenn has 10 seconds left.\n|\n|t:|1682434880\n|start\n|switch|p1a: Roaring Moon|Roaring Moon, L50|100\/100\n|switch|p1b: Hariyama|Hariyama, L50, F, shiny|100\/100\n|switch|p2a: Murkrow|Murkrow, L50, F|100\/100\n|switch|p2b: Flutter Mane|Flutter Mane, L50|100\/100\n|-enditem|p1a: Roaring Moon|Booster Energy\n|-activate|p1a: Roaring Moon|ability: Protosynthesis|[fromitem]\n|-start|p1a: Roaring Moon|protosynthesisspe\n|turn|1\n|inactive|KSunfr has 30 seconds left.\n|inactive|KSunfr has 20 seconds left.\n|inactive|KSunfr has 15 seconds left.\n|\n|t:|1682434923\n|-end|p2b: Flutter Mane|Protosynthesis|[silent]\n|switch|p2b: Farigiraf|Farigiraf, L50, F|100\/100\n|move|p1a: Roaring Moon|Protect|p1a: Roaring Moon\n|-singleturn|p1a: Roaring Moon|Protect\n|move|p2a: Murkrow|Tailwind|p2a: Murkrow\n|-sidestart|p2: KSunfr|move: Tailwind\n|move|p1b: Hariyama|Iron Head|p2b: Farigiraf\n|-damage|p2b: Farigiraf|74\/100\n|-damage|p1b: Hariyama|84\/100|[from] item: Rocky Helmet|[of] p2b: Farigiraf\n|\n|upkeep\n|turn|2\n|j| LC77777\n|inactive|Jbenn has 30 seconds left.\n|inactive|KSunfr has 30 seconds left.\n|inactive|KSunfr has 20 seconds left.\n|inactive|KSunfr has 15 seconds left.\n|\n|t:|1682434967\n|switch|p1b: Gholdengo|Gholdengo, L50|100\/100\n|move|p1a: Roaring Moon|Jaw Lock|p2b: Farigiraf\n|-supereffective|p2b: Farigiraf\n|-damage|p2b: Farigiraf|0 fnt\n|-damage|p1a: Roaring Moon|84\/100|[from] item: Rocky Helmet|[of] p2b: Farigiraf\n|faint|p2b: Farigiraf\n|move|p2a: Murkrow|Foul Play|p1b: Gholdengo\n|-supereffective|p1b: Gholdengo\n|-damage|p1b: Gholdengo|68\/100\n|\n|-heal|p1b: Gholdengo|74\/100|[from] item: Leftovers\n|upkeep\n|\n|t:|1682434984\n|switch|p2b: Chi-Yu|Chi-Yu, L50|100\/100\n|-ability|p2b: Chi-Yu|Beads of Ruin\n|turn|3\n|l| LC77777\n|inactive|KSunfr has 30 seconds left.\n|\n|t:|1682435013\n|move|p1a: Roaring Moon|Protect|p1a: Roaring Moon\n|-singleturn|p1a: Roaring Moon|Protect\n|move|p1b: Gholdengo|Protect|p1b: Gholdengo\n|-singleturn|p1b: Gholdengo|Protect\n|move|p2a: Murkrow|Sunny Day|p2a: Murkrow\n|-weather|SunnyDay\n|move|p2b: Chi-Yu|Heat Wave|p1a: Roaring Moon|[spread] \n|-activate|p1a: Roaring Moon|move: Protect\n|-activate|p1b: Gholdengo|move: Protect\n|\n|-weather|SunnyDay|[upkeep]\n|-heal|p1b: Gholdengo|80\/100|[from] item: Leftovers\n|upkeep\n|turn|4\n|\n|t:|1682435035\n|switch|p1b: Hariyama|Hariyama, L50, F, shiny|84\/100\n|-terastallize|p2b: Chi-Yu|Grass\n|move|p2b: Chi-Yu|Tera Blast|p1b: Hariyama\n|-damage|p1b: Hariyama|24\/100\n|move|p1a: Roaring Moon|Jaw Lock|p2b: Chi-Yu\n|-crit|p2b: Chi-Yu\n|-damage|p2b: Chi-Yu|17\/100\n|-activate|p1a: Roaring Moon|trapped\n|-activate|p2b: Chi-Yu|trapped\n|move|p2a: Murkrow|Foul Play|p1a: Roaring Moon\n|-resisted|p1a: Roaring Moon\n|-damage|p1a: Roaring Moon|58\/100\n|\n|-weather|SunnyDay|[upkeep]\n|-sideend|p2: KSunfr|move: Tailwind\n|upkeep\n|turn|5\n|inactive|Jbenn has 30 seconds left.\n|inactive|Jbenn has 20 seconds left.\n|\n|t:|1682435071\n|move|p1b: Hariyama|Fake Out|p2a: Murkrow\n|-damage|p2a: Murkrow|81\/100\n|move|p1a: Roaring Moon|Acrobatics|p2b: Chi-Yu\n|-supereffective|p2b: Chi-Yu\n|-damage|p2b: Chi-Yu|0 fnt\n|faint|p2b: Chi-Yu\n|cant|p2a: Murkrow|flinch\n|\n|-weather|SunnyDay|[upkeep]\n|upkeep\n|\n|t:|1682435078\n|switch|p2b: Flutter Mane|Flutter Mane, L50|100\/100\n|-activate|p2b: Flutter Mane|ability: Protosynthesis\n|-start|p2b: Flutter Mane|protosynthesisspa\n|turn|6\n|inactive|Jbenn has 30 seconds left.\n|inactive|Jbenn has 20 seconds left.\n|\n|t:|1682435117\n|-end|p1a: Roaring Moon|Protosynthesis|[silent]\n|switch|p1a: Gholdengo|Gholdengo, L50|80\/100\n|move|p1b: Hariyama|Wide Guard|p1b: Hariyama\n|-singleturn|p1b: Hariyama|Wide Guard\n|move|p2a: Murkrow|Tailwind|p2a: Murkrow\n|-sidestart|p2: KSunfr|move: Tailwind\n|move|p2b: Flutter Mane|Dazzling Gleam|p1a: Gholdengo|[spread] \n|-activate|p1a: Gholdengo|move: Wide Guard\n|-activate|p1b: Hariyama|move: Wide Guard\n|\n|-weather|SunnyDay|[upkeep]\n|-heal|p1a: Gholdengo|86\/100|[from] item: Leftovers\n|upkeep\n|turn|7\n|\n|t:|1682435134\n|move|p1b: Hariyama|Wide Guard|p1b: Hariyama\n|-singleturn|p1b: Hariyama|Wide Guard\n|move|p2b: Flutter Mane|Dazzling Gleam|p1b: Hariyama|[spread] \n|-activate|p1a: Gholdengo|move: Wide Guard\n|-activate|p1b: Hariyama|move: Wide Guard\n|move|p2a: Murkrow|Foul Play|p1b: Hariyama\n|-resisted|p1b: Hariyama\n|-damage|p1b: Hariyama|2\/100\n|move|p1a: Gholdengo|Make It Rain|p2b: Flutter Mane|[spread] p2a,p2b\n|-supereffective|p2b: Flutter Mane\n|-damage|p2a: Murkrow|36\/100\n|-damage|p2b: Flutter Mane|0 fnt\n|-unboost|p1a: Gholdengo|spa|1\n|faint|p2b: Flutter Mane\n|-end|p2b: Flutter Mane|Protosynthesis|[silent]\n|\n|-weather|none\n|-heal|p1a: Gholdengo|92\/100|[from] item: Leftovers\n|upkeep\n|turn|8\n|-message|KSunfr forfeited.\n|\n|win|Jbenn\n|raw|Jbenn's rating: 1510 → 1533<\/strong> (+23 for winning)\n|raw|KSunfr's rating: 1565 → 1542<\/strong> (-23 for losing)\n|l|\u2606KSunfr\n|l| THUNDERSND77\n","uploadtime":1682435160,"views":10,"p1id":"jbenn","p2id":"ksunfr","formatid":"gen9vgc2023regulationc","rating":1533,"private":0,"password":""}