{"id":"gen9vgc2023regulationc-1862258300","p1":"L'AGENCE ZACHHOEK","p2":"RonJohn","format":"[Gen 9] VGC 2023 Regulation C","log":"|j|\u2606L'AGENCE ZACHHOEK\n|j|\u2606RonJohn\n|t:|1683856115\n|gametype|doubles\n|player|p1|L'AGENCE ZACHHOEK|psychic-gen4|1300\n|player|p2|RonJohn|2|1259\n|teamsize|p1|6\n|teamsize|p2|6\n|gen|9\n|tier|[Gen 9] VGC 2023 Regulation C\n|rated|\n|rule|Species Clause: Limit one of each Pok\u00e9mon\n|rule|Item Clause: Limit one of each item\n|clearpoke\n|poke|p1|Ting-Lu, L50|\n|poke|p1|Abomasnow, L50, F|\n|poke|p1|Flutter Mane, L50|\n|poke|p1|Iron Hands, L50|\n|poke|p1|Bronzong, L50|\n|poke|p1|Arcanine, L50, F|\n|poke|p2|Flutter Mane, L50|\n|poke|p2|Orthworm, L50, F|\n|poke|p2|Dragonite, L50, F|\n|poke|p2|Amoonguss, L50, F|\n|poke|p2|Gyarados, L50, F|\n|poke|p2|Ting-Lu, L50|\n|teampreview|4\nRonJohn has agreed to open team sheets.\n|inactive|Battle timer is ON: inactive players will automatically lose when time's up. (requested by L'AGENCE ZACHHOEK)\n|\n|t:|1683856172\n|start\n|switch|p1a: Flutter Mane|Flutter Mane, L50|100\/100\n|switch|p1b: Arcanine|Arcanine, L50, F|100\/100\n|switch|p2a: Gyarados|Gyarados, L50, F|100\/100\n|switch|p2b: Ting-Lu|Ting-Lu, L50|100\/100\n|-ability|p2a: Gyarados|Intimidate|boost\n|-unboost|p1a: Flutter Mane|atk|1\n|-unboost|p1b: Arcanine|atk|1\n|-ability|p1b: Arcanine|Intimidate|boost\n|-unboost|p2a: Gyarados|atk|1\n|-unboost|p2b: Ting-Lu|atk|1\n|-ability|p2b: Ting-Lu|Vessel of Ruin\n|turn|1\n|inactive|RonJohn has 30 seconds left.\n|\n|t:|1683856199\n|switch|p2a: Flutter Mane|Flutter Mane, L50|100\/100\n|move|p1a: Flutter Mane|Moonblast|p2b: Ting-Lu\n|-supereffective|p2b: Ting-Lu\n|-damage|p2b: Ting-Lu|42\/100\n|move|p1b: Arcanine|Will-O-Wisp|p2a: Flutter Mane\n|-status|p2a: Flutter Mane|brn\n|move|p2b: Ting-Lu|Earthquake|p1a: Flutter Mane|[spread] p2a,p1a,p1b\n|-supereffective|p1b: Arcanine\n|-damage|p2a: Flutter Mane|45\/100 brn\n|-damage|p1a: Flutter Mane|68\/100\n|-damage|p1b: Arcanine|46\/100\n|\n|-damage|p2a: Flutter Mane|39\/100 brn|[from] brn\n|upkeep\n|turn|2\n|inactive|RonJohn has 30 seconds left.\n|inactive|RonJohn has 20 seconds left.\n|\n|t:|1683856237\n|move|p1b: Arcanine|Protect|p1b: Arcanine\n|-singleturn|p1b: Arcanine|Protect\n|move|p2a: Flutter Mane|Shadow Ball|p1b: Arcanine\n|-activate|p1b: Arcanine|move: Protect\n|move|p1a: Flutter Mane|Moonblast|p2b: Ting-Lu\n|-supereffective|p2b: Ting-Lu\n|-damage|p2b: Ting-Lu|0 fnt\n|faint|p2b: Ting-Lu\n|\n|-damage|p2a: Flutter Mane|33\/100 brn|[from] brn\n|upkeep\n|\n|t:|1683856259\n|switch|p2b: Dragonite|Dragonite, L50, F|100\/100\n|turn|3\n|\n|t:|1683856282\n|-terastallize|p2b: Dragonite|Normal\n|move|p1b: Arcanine|Extreme Speed|p2b: Dragonite\n|-damage|p2b: Dragonite|91\/100\n|move|p2a: Flutter Mane|Shadow Ball|p1a: Flutter Mane\n|-supereffective|p1a: Flutter Mane\n|-damage|p1a: Flutter Mane|0 fnt\n|faint|p1a: Flutter Mane\n|-end|p1a: Flutter Mane|Protosynthesis|[silent]\n|move|p2b: Dragonite|Dragon Dance|p2b: Dragonite\n|-boost|p2b: Dragonite|atk|1\n|-boost|p2b: Dragonite|spe|1\n|-enditem|p1b: Arcanine|Mirror Herb\n|-boost|p1b: Arcanine|atk|1|[from] item: Mirror Herb\n|-boost|p1b: Arcanine|spe|1|[from] item: Mirror Herb\n|\n|-damage|p2a: Flutter Mane|27\/100 brn|[from] brn\n|upkeep\n|\n|t:|1683856295\n|switch|p1a: Iron Hands|Iron Hands, L50|100\/100\n|turn|4\n|inactive|L'AGENCE ZACHHOEK has 30 seconds left.\n|\n|t:|1683856321\n|move|p2a: Flutter Mane|Shadow Ball|p1b: Arcanine\n|-damage|p1b: Arcanine|0 fnt\n|faint|p1b: Arcanine\n|move|p2b: Dragonite|Earthquake|p1a: Iron Hands|[spread] p2a,p1a\n|-supereffective|p1a: Iron Hands\n|-damage|p2a: Flutter Mane|0 fnt\n|-damage|p1a: Iron Hands|44\/100\n|faint|p2a: Flutter Mane\n|-end|p2a: Flutter Mane|Protosynthesis|[silent]\n|move|p1a: Iron Hands|Close Combat|p2b: Dragonite\n|-supereffective|p2b: Dragonite\n|-damage|p2b: Dragonite|0 fnt\n|-unboost|p1a: Iron Hands|def|1\n|-unboost|p1a: Iron Hands|spd|1\n|faint|p2b: Dragonite\n|\n|upkeep\n|inactive|RonJohn has 30 seconds left.\n|\n|t:|1683856346\n|switch|p2b: Gyarados|Gyarados, L50, F|100\/100\n|switch|p1b: Abomasnow|Abomasnow, L50, F|100\/100\n|-ability|p2b: Gyarados|Intimidate|boost\n|-unboost|p1a: Iron Hands|atk|1\n|-unboost|p1b: Abomasnow|atk|1\n|-weather|Snow|[from] ability: Snow Warning|[of] p1b: Abomasnow\n|turn|5\n|\n|t:|1683856365\n|-terastallize|p1a: Iron Hands|Grass\n|move|p2b: Gyarados|Rain Dance|p2b: Gyarados\n|-weather|RainDance\n|move|p1b: Abomasnow|Giga Drain|p2b: Gyarados\n|-damage|p2b: Gyarados|73\/100\n|move|p1a: Iron Hands|Wild Charge|p2b: Gyarados\n|-supereffective|p2b: Gyarados\n|-damage|p2b: Gyarados|0 fnt\n|faint|p2b: Gyarados\n|-damage|p1a: Iron Hands|29\/100|[from] Recoil\n|\n|win|L'AGENCE ZACHHOEK\n|raw|L'AGENCE ZACHHOEK's rating: 1300 → 1322<\/strong> (+22 for winning)\n|raw|RonJohn's rating: 1259 → 1237<\/strong> (-22 for losing)\n|l|\u2606L'AGENCE ZACHHOEK\n","uploadtime":1683856378,"views":30,"p1id":"lagencezachhoek","p2id":"ronjohn","formatid":"gen9vgc2023regulationc","rating":1237,"private":0,"password":""}