{"id":"gen9vgc2023regulationc-1849355950","p1":"jdh1294","p2":"FurretSucksVGC","format":"[Gen 9] VGC 2023 Regulation C","log":"|j|\u2606jdh1294\n|j|\u2606FurretSucksVGC\n|t:|1682189375\n|gametype|doubles\n|player|p1|jdh1294|170|1404\n|player|p2|FurretSucksVGC|hilbert|1495\n|teamsize|p1|6\n|teamsize|p2|6\n|gen|9\n|tier|[Gen 9] VGC 2023 Regulation C\n|rated|\n|rule|Species Clause: Limit one of each Pok\u00e9mon\n|rule|Item Clause: Limit one of each item\n|clearpoke\n|poke|p1|Torkoal, L50, M|\n|poke|p1|Gastrodon, L50, M|\n|poke|p1|Great Tusk, L50|\n|poke|p1|Flutter Mane, L50|\n|poke|p1|Hariyama, L50, F|\n|poke|p1|Magnezone, L50|\n|poke|p2|Skeledirge, L50, F|\n|poke|p2|Kingambit, L50, F|\n|poke|p2|Maushold, L50|\n|poke|p2|Wo-Chien, L50|\n|poke|p2|Florges, L50, F|\n|poke|p2|Lucario, L50, M|\n|teampreview|4\nFurretSucksVGC has agreed to open team sheets.\n|j| ShatteredPugVGC\njdh1294 rejected open team sheets.\n|\n|t:|1682189426\n|start\n|switch|p1a: Magnezone|Magnezone, L50|100\/100\n|switch|p1b: Great Tusk|Great Tusk, L50|100\/100\n|switch|p2a: Skeledirge|Skeledirge, L50, F|100\/100\n|switch|p2b: Lucario|Lucario, L50, M|100\/100\n|turn|1\n|l| ShatteredPugVGC\n|\n|t:|1682189456\n|-terastallize|p2a: Skeledirge|Water\n|move|p1b: Great Tusk|Close Combat|p2b: Lucario\n|-supereffective|p2b: Lucario\n|-enditem|p2b: Lucario|Focus Sash\n|-damage|p2b: Lucario|1\/100\n|-unboost|p1b: Great Tusk|def|1\n|-unboost|p1b: Great Tusk|spd|1\n|move|p2b: Lucario|Close Combat|p1a: Magnezone\n|-supereffective|p1a: Magnezone\n|-damage|p1a: Magnezone|3\/100\n|-unboost|p2b: Lucario|def|1\n|-unboost|p2b: Lucario|spd|1\n|move|p2a: Skeledirge|Torch Song|p1b: Great Tusk\n|-crit|p1b: Great Tusk\n|-damage|p1b: Great Tusk|0 fnt\n|-boost|p2a: Skeledirge|spa|1\n|faint|p1b: Great Tusk\n|-end|p1b: Great Tusk|Protosynthesis|[silent]\n|move|p1a: Magnezone|Discharge|p2a: Skeledirge|[spread] p2a,p2b\n|-supereffective|p2a: Skeledirge\n|-damage|p2a: Skeledirge|40\/100\n|-damage|p2b: Lucario|0 fnt\n|faint|p2b: Lucario\n|\n|upkeep\n|\n|t:|1682189486\n|switch|p1b: Hariyama|Hariyama, L50, F|100\/100\n|switch|p2b: Kingambit|Kingambit, L50, F|100\/100\n|turn|2\n|\n|t:|1682189523\n|move|p1b: Hariyama|Fake Out|p2b: Kingambit\n|-resisted|p2b: Kingambit\n|-damage|p2b: Kingambit|95\/100\n|cant|p2b: Kingambit|flinch\n|move|p2a: Skeledirge|Torch Song|p1b: Hariyama\n|-damage|p1b: Hariyama|12\/100\n|-boost|p2a: Skeledirge|spa|1\n|move|p1a: Magnezone|Electroweb|p2a: Skeledirge|[spread] p2a,p2b\n|-supereffective|p2a: Skeledirge\n|-crit|p2a: Skeledirge\n|-damage|p2a: Skeledirge|0 fnt\n|-damage|p2b: Kingambit|72\/100\n|-unboost|p2b: Kingambit|spe|1\n|-ability|p2b: Kingambit|Defiant|boost\n|-boost|p2b: Kingambit|atk|2\n|faint|p2a: Skeledirge\n|\n|-status|p1b: Hariyama|brn|[from] item: Flame Orb\n|upkeep\n|\n|t:|1682189539\n|switch|p2a: Maushold|Maushold, L50|100\/100\n|turn|3\n|\n|t:|1682189554\n|move|p2b: Kingambit|Sucker Punch|p1a: Magnezone\n|-damage|p1a: Magnezone|0 fnt\n|faint|p1a: Magnezone\n|move|p2a: Maushold|Population Bomb|p1b: Hariyama\n|-damage|p1b: Hariyama|3\/100 brn\n|-damage|p1b: Hariyama|0 fnt\n|faint|p1b: Hariyama\n|-hitcount|p1: Hariyama|2\n|\n|upkeep\n|\n|t:|1682189564\n|switch|p1b: Flutter Mane|Flutter Mane, L50|100\/100\n|turn|4\n|\n|t:|1682189576\n|-terastallize|p1b: Flutter Mane|Fairy\n|move|p2a: Maushold|Follow Me|p2a: Maushold\n|-singleturn|p2a: Maushold|move: Follow Me\n|move|p2b: Kingambit|Sucker Punch|p1b: Flutter Mane\n|-resisted|p1b: Flutter Mane\n|-damage|p1b: Flutter Mane|13\/100\n|move|p1b: Flutter Mane|Moonblast|p2a: Maushold\n|-damage|p2a: Maushold|8\/100\n|-unboost|p2a: Maushold|spa|1\n|\n|upkeep\n|turn|5\n|-message|jdh1294 forfeited.\n|\n|win|FurretSucksVGC\n|raw|jdh1294's rating: 1404 → 1389<\/strong> (-15 for losing)\n|raw|FurretSucksVGC's rating: 1495 → 1510<\/strong> (+15 for winning)\n|l|\u2606jdh1294\n","uploadtime":1682189594,"views":9,"p1id":"jdh1294","p2id":"furretsucksvgc","formatid":"gen9vgc2023regulationc","rating":1389,"private":0,"password":""}