{"id":"gen9vgc2023regulationc-1859791591","p1":"Kefka2.02","p2":"racczilla","format":"[Gen 9] VGC 2023 Regulation C","log":"|j|\u2606Kefka2.02\n|j|\u2606racczilla\n|t:|1683564879\n|gametype|doubles\n|player|p1|Kefka2.02|266|\n|player|p2|racczilla|bugcatcher-gen4dp|\n|teamsize|p1|6\n|teamsize|p2|6\n|gen|9\n|tier|[Gen 9] VGC 2023 Regulation C\n|rated|Tournament battle\n|rule|Species Clause: Limit one of each Pok\u00e9mon\n|rule|Item Clause: Limit one of each item\n|clearpoke\n|poke|p1|Garganacl, L50, F|\n|poke|p1|Annihilape, L50, F|\n|poke|p1|Weavile, L50, F|\n|poke|p1|Chien-Pao, L50|\n|poke|p1|Grafaiai, L50, M|\n|poke|p1|Riolu, L50, M|\n|poke|p2|Talonflame, L50, M|\n|poke|p2|Tinkaton, L50, F|\n|poke|p2|Roaring Moon, L50|\n|poke|p2|Amoonguss, L50, F|\n|poke|p2|Flutter Mane, L50|\n|poke|p2|Tauros-Paldea-Aqua, L50, M|\n|teampreview|4\n|raw| Open Team Sheet for Kefka2.02<\/summary>Garganacl @ Normal Gem Ability: Purifying Salt Level: 50 Tera Type: Normal - Explosion - Salt Cure - Recover - Protect Annihilape @ Assault Vest Ability: Defiant Level: 50 Tera Type: Ghost - Rage Fist - Close Combat - Facade - Phantom Force Weavile @ Focus Sash Ability: Pressure Level: 50 Tera Type: Dark - Icy Wind - Beat Up - Ice Shard - Reversal Chien-Pao @ Covert Cloak Ability: Sword of Ruin Level: 50 Tera Type: Ghost - Icy Wind - Ruination - Ice Spinner - Haze Grafaiai @ King's Rock Ability: Unburden Level: 50 Tera Type: Dark - Parting Shot - Fling - Gunk Shot - Knock Off Riolu @ Choice Band Ability: Prankster Level: 50 Tera Type: Dark - Copycat - Bullet Punch - Drain Punch - Crunch <\/details><\/div> Open Team Sheet for racczilla<\/summary>Talonflame @ Sharp Beak Ability: Gale Wings Level: 50 Tera Type: Ghost - Brave Bird - Will-O-Wisp - Tailwind - Quick Guard Tinkaton (F) @ Sitrus Berry Ability: Mold Breaker Level: 50 Tera Type: Water - Gigaton Hammer - Fake Out - Feint - Thunder Wave Roaring Moon @ Booster Energy Ability: Protosynthesis Level: 50 Tera Type: Flying - Throat Chop - Acrobatics - Dragon Dance - Protect Amoonguss @ Rocky Helmet Ability: Regenerator Level: 50 Tera Type: Water - Clear Smog - Pollen Puff - Spore - Rage Powder Flutter Mane @ Life Orb Ability: Protosynthesis Level: 50 Tera Type: Fairy - Shadow Ball - Moonblast - Dazzling Gleam - Protect Tauros (Tauros-Paldea-Aqua) (M) @ Assault Vest Ability: Intimidate Level: 50 Tera Type: Fire - Close Combat - Wave Crash - Raging Bull - Aqua Jet <\/details><\/div>\n|\n|t:|1683564959\n|start\n|switch|p1a: Chien-Pao|Chien-Pao, L50|100\/100\n|switch|p1b: Grafaiai|Grafaiai, L50, M|100\/100\n|switch|p2a: Talonflame|Talonflame, L50, M|100\/100\n|switch|p2b: Flutter Mane|Flutter Mane, L50|100\/100\n|-ability|p1a: Chien-Pao|Sword of Ruin\n|turn|1\n|\n|t:|1683565002\n|move|p2a: Talonflame|Tailwind|p2a: Talonflame\n|-sidestart|p2: racczilla|move: Tailwind\n|move|p2b: Flutter Mane|Moonblast|p1a: Chien-Pao\n|-supereffective|p1a: Chien-Pao\n|-damage|p1a: Chien-Pao|0 fnt\n|faint|p1a: Chien-Pao\n|-damage|p2b: Flutter Mane|91\/100|[from] item: Life Orb\n|move|p1b: Grafaiai|Fling|p2b: Flutter Mane\n|-damage|p2b: Flutter Mane|75\/100\n|-enditem|p1b: Grafaiai|King's Rock|[from] move: Fling\n|\n|upkeep\n|j| Natfully\n|\n|t:|1683565015\n|switch|p1a: Annihilape|Annihilape, L50, F|100\/100\n|turn|2\n|\n|t:|1683565079\n|-terastallize|p1a: Annihilape|Ghost\n|move|p2a: Talonflame|Will-O-Wisp|p1a: Annihilape\n|-status|p1a: Annihilape|brn\n|move|p2b: Flutter Mane|Moonblast|p1a: Annihilape\n|-damage|p1a: Annihilape|57\/100 brn\n|-damage|p2b: Flutter Mane|65\/100|[from] item: Life Orb\n|move|p1b: Grafaiai|Knock Off|p2a: Talonflame\n|-damage|p2a: Talonflame|62\/100\n|-enditem|p2a: Talonflame|Sharp Beak|[from] move: Knock Off|[of] p1b: Grafaiai\n|move|p1a: Annihilape|Rage Fist|p2b: Flutter Mane\n|-supereffective|p2b: Flutter Mane\n|-damage|p2b: Flutter Mane|0 fnt\n|faint|p2b: Flutter Mane\n|-end|p2b: Flutter Mane|Protosynthesis|[silent]\n|\n|-damage|p1a: Annihilape|51\/100 brn|[from] brn\n|upkeep\n|\n|t:|1683565092\n|switch|p2b: Tauros|Tauros-Paldea-Aqua, L50, M|100\/100\n|-ability|p2b: Tauros|Intimidate|boost\n|-unboost|p1a: Annihilape|atk|1\n|-ability|p1a: Annihilape|Defiant|boost\n|-boost|p1a: Annihilape|atk|2\n|-unboost|p1b: Grafaiai|atk|1\n|turn|3\n|\n|t:|1683565108\n|move|p2a: Talonflame|Brave Bird|p1a: Annihilape\n|-damage|p1a: Annihilape|9\/100 brn\n|-damage|p2a: Talonflame|46\/100|[from] Recoil\n|move|p2b: Tauros|Raging Bull|p1a: Annihilape\n|-damage|p1a: Annihilape|0 fnt\n|faint|p1a: Annihilape\n|move|p1b: Grafaiai|Parting Shot|p2b: Tauros\n|-unboost|p2b: Tauros|atk|1\n|-unboost|p2b: Tauros|spa|1\n|\n|t:|1683565118\n|switch|p1b: Garganacl|Garganacl, L50, F|100\/100|[from] Parting Shot\n|\n|upkeep\n|\n|t:|1683565123\n|switch|p1a: Grafaiai|Grafaiai, L50, M|100\/100\n|turn|4\n|\n|t:|1683565167\n|switch|p2b: Tinkaton|Tinkaton, L50, F|100\/100\n|-ability|p2b: Tinkaton|Mold Breaker\n|move|p1b: Garganacl|Protect|p1b: Garganacl\n|-singleturn|p1b: Garganacl|Protect\n|move|p2a: Talonflame|Brave Bird|p1a: Grafaiai\n|-damage|p1a: Grafaiai|22\/100\n|-damage|p2a: Talonflame|26\/100|[from] Recoil\n|move|p1a: Grafaiai|Gunk Shot|p2a: Talonflame\n|-damage|p2a: Talonflame|0 fnt\n|faint|p2a: Talonflame\n|\n|-sideend|p2: racczilla|move: Tailwind\n|upkeep\n|\n|t:|1683565174\n|switch|p2a: Tauros|Tauros-Paldea-Aqua, L50, M|100\/100\n|-ability|p2a: Tauros|Intimidate|boost\n|-unboost|p1a: Grafaiai|atk|1\n|-unboost|p1b: Garganacl|atk|1\n|turn|5\n|\n|t:|1683565196\n|move|p1b: Garganacl|Protect||[still]\n|-fail|p1b: Garganacl\n|move|p2b: Tinkaton|Fake Out|p1a: Grafaiai\n|-damage|p1a: Grafaiai|4\/100\n|move|p2a: Tauros|Wave Crash|p1b: Garganacl\n|-supereffective|p1b: Garganacl\n|-damage|p1b: Garganacl|21\/100\n|-damage|p2a: Tauros|65\/100|[from] Recoil\n|cant|p1a: Grafaiai|flinch\n|\n|upkeep\n|turn|6\n|c|\u2606Kefka2.02|Woops\n|\n|t:|1683565232\n|move|p2b: Tinkaton|Feint|p1a: Grafaiai\n|-damage|p1a: Grafaiai|0 fnt\n|faint|p1a: Grafaiai\n|move|p2a: Tauros|Raging Bull|p1b: Garganacl\n|-supereffective|p1b: Garganacl\n|-damage|p1b: Garganacl|0 fnt\n|faint|p1b: Garganacl\n|\n|win|racczilla\n|n|\u2606Kefka2.02|kefka202\n|n|\u2606racczilla|racczilla\n|n| Natfully|natfully\n|c|\u2606racczilla|gg\n|c|\u2606Kefka2.02|Gg\n|l|\u2606Kefka2.02\n|l| Natfully\n","uploadtime":1683567106,"views":9,"p1id":"kefka202","p2id":"racczilla","formatid":"gen9vgc2023regulationc","rating":0,"private":0,"password":""}