{"id":"gen9vgc2023regulationc-1849381060","p1":"Topperlecat","p2":"Mistergogobe","format":"[Gen 9] VGC 2023 Regulation C","log":"|j|\u2606Topperlecat\n|j|\u2606Mistergogobe\n|t:|1682192132\n|gametype|doubles\n|player|p1|Topperlecat|n|\n|player|p2|Mistergogobe|101|\n|teamsize|p1|6\n|teamsize|p2|6\n|gen|9\n|tier|[Gen 9] VGC 2023 Regulation C\n|rule|Species Clause: Limit one of each Pok\u00e9mon\n|rule|Item Clause: Limit one of each item\n|clearpoke\n|poke|p1|Flutter Mane, L50|\n|poke|p1|Bellibolt, L50, F|\n|poke|p1|Blissey, L50, F|\n|poke|p1|Espathra, L50, M|\n|poke|p1|Chansey, L50, F|\n|poke|p1|Stonjourner, L50, F|\n|poke|p2|Kingambit, L50, F|\n|poke|p2|Iron Bundle, L50|\n|poke|p2|Abomasnow, L50, F|\n|poke|p2|Annihilape, L50, F|\n|poke|p2|Dragonite, L50, M|\n|poke|p2|Rotom-Heat, L50|\n|teampreview|4\nTopperlecat rejected open team sheets.\n|c|\u2606Topperlecat|Glhf\n|\n|t:|1682192159\n|start\n|switch|p1a: Blissey|Blissey, L50, F|100\/100\n|switch|p1b: Bellibolt|Bellibolt, L50, F|100\/100\n|switch|p2a: Iron Bundle|Iron Bundle, L50|100\/100\n|switch|p2b: Abomasnow|Abomasnow, L50, F|100\/100\n|-weather|Snow|[from] ability: Snow Warning|[of] p2b: Abomasnow\n|-enditem|p2a: Iron Bundle|Booster Energy\n|-activate|p2a: Iron Bundle|ability: Quark Drive|[fromitem]\n|-start|p2a: Iron Bundle|quarkdrivespe\n|turn|1\n|c|\u2606Topperlecat|I can do an actual bo3 after this if you want\n|\n|t:|1682192167\n|move|p2a: Iron Bundle|Aurora Veil|p2a: Iron Bundle\n|-sidestart|p2: Mistergogobe|move: Aurora Veil\n|move|p2b: Abomasnow|Icy Wind|p1a: Blissey|[spread] p1a,p1b\n|-damage|p1a: Blissey|95\/100\n|-damage|p1b: Bellibolt|82\/100\n|-unboost|p1a: Blissey|spe|1\n|-unboost|p1b: Bellibolt|spe|1\n|-start|p1b: Bellibolt|Charge|Icy Wind|[from] ability: Electromorphosis\n|move|p1a: Blissey|Bulldoze|p2a: Iron Bundle|[spread] p1b,p2a,p2b\n|-supereffective|p1b: Bellibolt\n|-resisted|p2b: Abomasnow\n|-damage|p1b: Bellibolt|80\/100\n|-damage|p2a: Iron Bundle|99\/100\n|-damage|p2b: Abomasnow|99\/100\n|-unboost|p1b: Bellibolt|spe|1\n|-unboost|p2a: Iron Bundle|spe|1\n|-unboost|p2b: Abomasnow|spe|1\n|-start|p1b: Bellibolt|Charge|Bulldoze|[from] ability: Electromorphosis\n|-enditem|p1b: Bellibolt|Weakness Policy\n|-boost|p1b: Bellibolt|atk|2|[from] item: Weakness Policy\n|-boost|p1b: Bellibolt|spa|2|[from] item: Weakness Policy\n|move|p1b: Bellibolt|Parabolic Charge|p2a: Iron Bundle|[spread] p1a,p2a,p2b\n|-supereffective|p2a: Iron Bundle\n|-resisted|p2b: Abomasnow\n|-damage|p1a: Blissey|75\/100\n|-heal|p1b: Bellibolt|97\/100|[from] drain|[of] p1a: Blissey\n|-damage|p2a: Iron Bundle|0 fnt\n|-heal|p1b: Bellibolt|100\/100|[from] drain|[of] p2a: Iron Bundle\n|-damage|p2b: Abomasnow|78\/100\n|faint|p2a: Iron Bundle\n|-end|p2a: Iron Bundle|Quark Drive|[silent]\n|-end|p1b: Bellibolt|Charge|[silent]\n|\n|-weather|Snow|[upkeep]\n|upkeep\n|\n|t:|1682192191\n|switch|p2a: Kingambit|Kingambit, L50, F|100\/100\n|turn|2\n|c|\u2606Topperlecat|holy crap\n|c|\u2606Mistergogobe|rip iron bundle\n|\n|t:|1682192218\n|move|p2a: Kingambit|Kowtow Cleave|p1a: Blissey\n|-damage|p1a: Blissey|0 fnt\n|faint|p1a: Blissey\n|move|p2b: Abomasnow|Earth Power|p1b: Bellibolt\n|-supereffective|p1b: Bellibolt\n|-damage|p1b: Bellibolt|50\/100\n|-start|p1b: Bellibolt|Charge|Earth Power|[from] ability: Electromorphosis\n|move|p1b: Bellibolt|Parabolic Charge|p2b: Abomasnow|[spread] p2a,p2b\n|-resisted|p2b: Abomasnow\n|-damage|p2a: Kingambit|55\/100\n|-heal|p1b: Bellibolt|72\/100|[from] drain|[of] p2a: Kingambit\n|-damage|p2b: Abomasnow|55\/100\n|-heal|p1b: Bellibolt|83\/100|[from] drain|[of] p2b: Abomasnow\n|-end|p1b: Bellibolt|Charge|[silent]\n|\n|-weather|Snow|[upkeep]\n|upkeep\n|\n|t:|1682192240\n|switch|p1a: Flutter Mane|Flutter Mane, L50|100\/100\n|turn|3\n|c|\u2606Mistergogobe|the healing is the most painful part lol\n|\n|t:|1682192267\n|move|p1b: Bellibolt|Protect|p1b: Bellibolt\n|-singleturn|p1b: Bellibolt|Protect\n|move|p1a: Flutter Mane|Giga Impact|p2b: Abomasnow\n|-damage|p2b: Abomasnow|31\/100\n|-mustrecharge|p1a: Flutter Mane\n|move|p2a: Kingambit|Iron Head|p1a: Flutter Mane\n|-supereffective|p1a: Flutter Mane\n|-damage|p1a: Flutter Mane|0 fnt\n|faint|p1a: Flutter Mane\n|-end|p1a: Flutter Mane|Protosynthesis|[silent]\n|move|p2b: Abomasnow|Earth Power|p1b: Bellibolt\n|-activate|p1b: Bellibolt|move: Protect\n|\n|-weather|Snow|[upkeep]\n|upkeep\n|\n|t:|1682192292\n|switch|p1a: Stonjourner|Stonjourner, L50, F|100\/100\n|turn|4\n|\n|t:|1682192319\n|move|p1a: Stonjourner|Power Gem|p2b: Abomasnow\n|-supereffective|p2b: Abomasnow\n|-damage|p2b: Abomasnow|0 fnt\n|faint|p2b: Abomasnow\n|move|p2a: Kingambit|Kowtow Cleave|p1b: Bellibolt\n|-damage|p1b: Bellibolt|44\/100\n|-start|p1b: Bellibolt|Charge|Kowtow Cleave|[from] ability: Electromorphosis\n|move|p1b: Bellibolt|Parabolic Charge|p2a: Kingambit|[spread] p1a,p2a\n|-damage|p1a: Stonjourner|0 fnt\n|-heal|p1b: Bellibolt|92\/100|[from] drain|[of] p1a: Stonjourner\n|-damage|p2a: Kingambit|0 fnt\n|-heal|p1b: Bellibolt|100\/100|[from] drain|[of] p2a: Kingambit\n|faint|p1a: Stonjourner\n|faint|p2a: Kingambit\n|-end|p1b: Bellibolt|Charge|[silent]\n|\n|-weather|Snow|[upkeep]\n|upkeep\n|\n|t:|1682192323\n|switch|p2b: Dragonite|Dragonite, L50, M|100\/100\n|turn|5\n|c|\u2606Mistergogobe|well this is awkward\n|c|\u2606Topperlecat|Why is this working lol\n|\n|t:|1682192346\n|-terastallize|p2b: Dragonite|Normal\n|-terastallize|p1b: Bellibolt|Electric\n|move|p2b: Dragonite|Extreme Speed|p1b: Bellibolt\n|-damage|p1b: Bellibolt|76\/100\n|-start|p1b: Bellibolt|Charge|Extreme Speed|[from] ability: Electromorphosis\n|move|p1b: Bellibolt|Parabolic Charge|p2b: Dragonite\n|-damage|p2b: Dragonite|64\/100\n|-heal|p1b: Bellibolt|94\/100|[from] drain|[of] p2b: Dragonite\n|-end|p1b: Bellibolt|Charge|[silent]\n|\n|-weather|Snow|[upkeep]\n|-sideend|p2: Mistergogobe|move: Aurora Veil\n|upkeep\n|turn|6\n|c|\u2606Topperlecat|lol\n|c|\u2606Mistergogobe|i really cant do anything can I\n|\n|t:|1682192375\n|move|p2b: Dragonite|Protect|p2b: Dragonite\n|-singleturn|p2b: Dragonite|Protect\n|move|p1b: Bellibolt|Parabolic Charge|p2b: Dragonite\n|-activate|p2b: Dragonite|move: Protect\n|\n|-weather|Snow|[upkeep]\n|upkeep\n|turn|7\n|\n|t:|1682192386\n|move|p2b: Dragonite|Dragon Claw|p1b: Bellibolt\n|-damage|p1b: Bellibolt|68\/100\n|-start|p1b: Bellibolt|Charge|Dragon Claw|[from] ability: Electromorphosis\n|move|p1b: Bellibolt|Parabolic Charge|p2b: Dragonite\n|-damage|p2b: Dragonite|0 fnt\n|-heal|p1b: Bellibolt|98\/100|[from] drain|[of] p2b: Dragonite\n|faint|p2b: Dragonite\n|-end|p1b: Bellibolt|Charge|[silent]\n|\n|win|Topperlecat\n|c|\u2606Topperlecat|I don't think so\n|l|\u2606Mistergogobe\n|c|\u2606Topperlecat|Why is it actually good\n","uploadtime":1682192411,"views":15,"p1id":"topperlecat","p2id":"mistergogobe","formatid":"gen9vgc2023regulationc","rating":0,"private":0,"password":""}