{"id":"gen9vgc2023regulationc-1848151990","p1":"suchasham","p2":"Dove6","format":"[Gen 9] VGC 2023 Regulation C","log":"|j|\u2606suchasham\n|j|\u2606Dove6\n|t:|1682035812\n|gametype|doubles\n|player|p1|suchasham|102|1091\n|player|p2|Dove6|boarder-gen2|1000\n|teamsize|p1|6\n|teamsize|p2|6\n|gen|9\n|tier|[Gen 9] VGC 2023 Regulation C\n|rated|\n|rule|Species Clause: Limit one of each Pok\u00e9mon\n|rule|Item Clause: Limit one of each item\n|clearpoke\n|poke|p1|Ting-Lu, L50|\n|poke|p1|Torkoal, L50, F|\n|poke|p1|Flutter Mane, L50|\n|poke|p1|Kingambit, L50, F|\n|poke|p1|Dragonite, L50, F|\n|poke|p1|Great Tusk, L50|\n|poke|p2|Dragapult, L50, M|\n|poke|p2|Amoonguss, L50, M|\n|poke|p2|Arcanine, L50, M|\n|poke|p2|Flutter Mane, L50|\n|poke|p2|Chien-Pao, L50|\n|poke|p2|Palafin, L50, M|\n|teampreview|4\nsuchasham has agreed to open team sheets.\n|\n|t:|1682035849\n|start\n|switch|p1a: HOT|Kingambit, L50, F, shiny|100\/100\n|switch|p1b: Ting-Lu|Ting-Lu, L50|100\/100\n|switch|p2a: Chien-Pao|Chien-Pao, L50|100\/100\n|switch|p2b: Palafin|Palafin, L50, M, shiny|100\/100\n|-ability|p2a: Chien-Pao|Sword of Ruin\n|-ability|p1b: Ting-Lu|Vessel of Ruin\n|turn|1\n|\n|t:|1682035874\n|detailschange|p2b: Palafin|Palafin-Hero, L50, M, shiny\n|switch|p2b: Arcanine|Arcanine, L50, M, shiny|100\/100\n|-ability|p2b: Arcanine|Intimidate|boost\n|-unboost|p1a: HOT|atk|1\n|-ability|p1a: HOT|Defiant|boost\n|-boost|p1a: HOT|atk|2\n|-unboost|p1b: Ting-Lu|atk|1\n|move|p2a: Chien-Pao|Sacred Sword|p1a: HOT\n|-supereffective|p1a: HOT\n|-damage|p1a: HOT|0 fnt\n|faint|p1a: HOT\n|move|p1b: Ting-Lu|Ruination|p2b: Arcanine\n|-damage|p2b: Arcanine|51\/100\n|\n|upkeep\n|\n|t:|1682035887\n|switch|p1a: Breakthrough|Torkoal, L50, F, shiny|100\/100\n|-weather|SunnyDay|[from] ability: Drought|[of] p1a: Breakthrough\n|turn|2\n|\n|t:|1682035896\n|move|p2a: Chien-Pao|Ice Spinner|p1b: Ting-Lu\n|-supereffective|p1b: Ting-Lu\n|-damage|p1b: Ting-Lu|52\/100\n|move|p2b: Arcanine|Flare Blitz|p1b: Ting-Lu\n|-crit|p1b: Ting-Lu\n|-damage|p1b: Ting-Lu|0 fnt\n|faint|p1b: Ting-Lu\n|-damage|p2b: Arcanine|28\/100|[from] Recoil\n|move|p1a: Breakthrough|Flamethrower|p2a: Chien-Pao\n|-supereffective|p2a: Chien-Pao\n|-enditem|p2a: Chien-Pao|Focus Sash\n|-damage|p2a: Chien-Pao|1\/100\n|\n|-weather|SunnyDay|[upkeep]\n|upkeep\n|\n|t:|1682035909\n|switch|p1b: Espresso|Dragonite, L50, F|100\/100\n|turn|3\n|\n|t:|1682035919\n|switch|p2a: Dragapult|Dragapult, L50, M, shiny|100\/100\n|move|p1b: Espresso|Extreme Speed|p2a: Dragapult\n|-immune|p2a: Dragapult\n|move|p2b: Arcanine|Will-O-Wisp|p1b: Espresso\n|-status|p1b: Espresso|brn\n|-enditem|p1b: Espresso|Lum Berry|[eat]\n|-curestatus|p1b: Espresso|brn|[msg]\n|move|p1a: Breakthrough|Eruption|p2b: Arcanine|[spread] p2a,p2b\n|-resisted|p2a: Dragapult\n|-resisted|p2b: Arcanine\n|-damage|p2a: Dragapult|40\/100\n|-damage|p2b: Arcanine|0 fnt\n|faint|p2b: Arcanine\n|\n|-weather|SunnyDay|[upkeep]\n|upkeep\n|\n|t:|1682035935\n|switch|p2b: Chien-Pao|Chien-Pao, L50|1\/100\n|-ability|p2b: Chien-Pao|Sword of Ruin\n|turn|4\n|inactive|Battle timer is ON: inactive players will automatically lose when time's up. (requested by Dove6)\n|\n|t:|1682035953\n|-terastallize|p2b: Chien-Pao|Ghost\n|move|p1b: Espresso|Protect|p1b: Espresso\n|-singleturn|p1b: Espresso|Protect\n|move|p2a: Dragapult|Dragon Darts|p1a: Breakthrough\n|-damage|p1a: Breakthrough|62\/100\n|-anim|p2a: Dragapult|Dragon Darts|p1a: Breakthrough\n|-damage|p1a: Breakthrough|24\/100\n|move|p2b: Chien-Pao|Ice Spinner|p1b: Espresso\n|-activate|p1b: Espresso|move: Protect\n|move|p1a: Breakthrough|Flamethrower|p2a: Dragapult\n|-resisted|p2a: Dragapult\n|-damage|p2a: Dragapult|0 fnt\n|faint|p2a: Dragapult\n|\n|-weather|SunnyDay|[upkeep]\n|upkeep\n|\n|t:|1682035959\n|switch|p2a: Palafin|Palafin-Hero, L50, M, shiny|100\/100\n|-activate|p2a: Palafin|ability: Zero to Hero\n|turn|5\n|inactive|suchasham has 30 seconds left.\n|\n|t:|1682035986\n|-terastallize|p1b: Espresso|Flying\n|move|p2a: Palafin|Jet Punch|p1b: Espresso\n|-damage|p1b: Espresso|84\/100\n|move|p2b: Chien-Pao|Ice Spinner|p1b: Espresso\n|-supereffective|p1b: Espresso\n|-damage|p1b: Espresso|0 fnt\n|faint|p1b: Espresso\n|move|p1a: Breakthrough|Flamethrower|p2b: Chien-Pao\n|-crit|p2b: Chien-Pao\n|-damage|p2b: Chien-Pao|0 fnt\n|faint|p2b: Chien-Pao\n|\n|-weather|SunnyDay|[upkeep]\n|upkeep\n|turn|6\n|-message|suchasham forfeited.\n|\n|win|Dove6\n|raw|suchasham's rating: 1091 → 1061<\/strong> (-30 for losing)\n|raw|Dove6's rating: 1000 → 1050<\/strong> (+50 for winning)\n|l|\u2606suchasham\n","uploadtime":1682036006,"views":4,"p1id":"suchasham","p2id":"dove6","formatid":"gen9vgc2023regulationc","rating":1050,"private":0,"password":""}