{"id":"gen9vgc2023regulationc-1847036508","p1":"Zero possibilita","p2":"Joe870502","format":"[Gen 9] VGC 2023 Regulation C","log":"|j|\u2606Zero possibilita\n|j|\u2606Joe870502\n|t:|1681913735\n|gametype|doubles\n|player|p1|Zero possibilita|2|1310\n|player|p2|Joe870502|dawn|1317\n|teamsize|p1|6\n|teamsize|p2|6\n|gen|9\n|tier|[Gen 9] VGC 2023 Regulation C\n|rated|\n|rule|Species Clause: Limit one of each Pok\u00e9mon\n|rule|Item Clause: Limit one of each item\n|clearpoke\n|poke|p1|Dondozo, L50, M|\n|poke|p1|Tatsugiri-Droopy, L50, F|\n|poke|p1|Pelipper, L50, F|\n|poke|p1|Drednaw, L50, F|\n|poke|p1|Dragonite, L50, F|\n|poke|p1|Chien-Pao, L50|\n|poke|p2|Ting-Lu, L50|\n|poke|p2|Orthworm, L50, F|\n|poke|p2|Gyarados, L50, F|\n|poke|p2|Amoonguss, L50, M|\n|poke|p2|Flutter Mane, L50|\n|poke|p2|Chi-Yu, L50|\n|teampreview|4\n|inactive|Battle timer is ON: inactive players will automatically lose when time's up. (requested by Zero possibilita)\n|inactive|Joe870502 has 60 seconds left.\n|\n|t:|1681913789\n|start\n|switch|p1a: Pelipper|Pelipper, L50, F|100\/100\n|switch|p1b: Drednaw|Drednaw, L50, F|100\/100\n|switch|p2a: Gyarados|Gyarados, L50, F|100\/100\n|switch|p2b: Ting-Lu|Ting-Lu, L50|100\/100\n|-ability|p2a: Gyarados|Intimidate|boost\n|-unboost|p1a: Pelipper|atk|1\n|-unboost|p1b: Drednaw|atk|1\n|-weather|RainDance|[from] ability: Drizzle|[of] p1a: Pelipper\n|-ability|p2b: Ting-Lu|Vessel of Ruin\n|turn|1\n|inactive|Zero possibilita has 30 seconds left.\n|inactive|Zero possibilita has 20 seconds left.\n|\n|t:|1681913829\n|switch|p2b: Amoonguss|Amoonguss, L50, M|100\/100\n|move|p1b: Drednaw|Rock Slide|p2b: Amoonguss|[spread] p2a,p2b\n|-supereffective|p2a: Gyarados\n|-damage|p2a: Gyarados|46\/100\n|-damage|p2b: Amoonguss|77\/100\n|move|p2a: Gyarados|Whirlpool|p1b: Drednaw\n|-damage|p1b: Drednaw|85\/100\n|-activate|p1b: Drednaw|move: Whirlpool|[of] p2a: Gyarados\n|move|p1a: Pelipper|Hydro Pump|p2b: Amoonguss\n|-resisted|p2b: Amoonguss\n|-damage|p2b: Amoonguss|43\/100\n|\n|-weather|RainDance|[upkeep]\n|-damage|p1b: Drednaw|73\/100|[from] move: Whirlpool|[partiallytrapped]\n|upkeep\n|turn|2\n|\n|t:|1681913853\n|switch|p2b: Ting-Lu|Ting-Lu, L50|100\/100\n|-ability|p2b: Ting-Lu|Vessel of Ruin\n|-terastallize|p2a: Gyarados|Steel\n|move|p1b: Drednaw|Rock Slide|p2b: Ting-Lu|[spread] p2a\n|-miss|p1b: Drednaw|p2b: Ting-Lu\n|-resisted|p2a: Gyarados\n|-damage|p2a: Gyarados|34\/100\n|move|p2a: Gyarados|Thunder Wave|p1b: Drednaw\n|-status|p1b: Drednaw|par\n|move|p1a: Pelipper|Hurricane|p2b: Ting-Lu\n|-damage|p2b: Ting-Lu|81\/100\n|\n|-weather|RainDance|[upkeep]\n|-damage|p1b: Drednaw|61\/100 par|[from] move: Whirlpool|[partiallytrapped]\n|upkeep\n|turn|3\n|inactive|Zero possibilita has 30 seconds left.\n|inactive|Joe870502 has 30 seconds left.\n|inactive|Joe870502 has 20 seconds left.\n|inactive|Joe870502 has 15 seconds left.\n|\n|t:|1681913902\n|switch|p2a: Amoonguss|Amoonguss, L50, M|43\/100\n|move|p1b: Drednaw|Rock Slide|p2b: Ting-Lu|[spread] p2a,p2b\n|-resisted|p2b: Ting-Lu\n|-damage|p2a: Amoonguss|20\/100\n|-damage|p2b: Ting-Lu|72\/100\n|move|p1a: Pelipper|Hydro Pump|p2a: Amoonguss|[miss]\n|-miss|p1a: Pelipper|p2a: Amoonguss\n|cant|p2b: Ting-Lu|flinch\n|\n|-weather|RainDance|[upkeep]\n|-end|p1b: Drednaw|Whirlpool|[partiallytrapped]|[silent]\n|upkeep\n|turn|4\n|inactive|Joe870502 has 30 seconds left.\n|\n|t:|1681913935\n|switch|p2a: Gyarados|Gyarados, L50, F, tera:Steel|34\/100\n|-ability|p2a: Gyarados|Intimidate|boost\n|-unboost|p1a: Pelipper|atk|1\n|-unboost|p1b: Drednaw|atk|1\n|move|p1b: Drednaw|Rock Slide|p2a: Gyarados|[spread] p2a\n|-miss|p1b: Drednaw|p2b: Ting-Lu\n|-resisted|p2a: Gyarados\n|-damage|p2a: Gyarados|25\/100\n|-enditem|p2a: Gyarados|Aguav Berry|[eat]\n|-heal|p2a: Gyarados|58\/100|[from] item: Aguav Berry\n|move|p1a: Pelipper|Hydro Pump|p2a: Gyarados\n|-damage|p2a: Gyarados|13\/100\n|move|p2b: Ting-Lu|Ruination|p1a: Pelipper\n|-damage|p1a: Pelipper|51\/100\n|\n|-weather|RainDance|[upkeep]\n|upkeep\n|turn|5\n|inactive|Zero possibilita has 30 seconds left.\n|inactive|Joe870502 has 30 seconds left.\n|\n|t:|1681913963\n|switch|p1b: Chien-Pao|Chien-Pao, L50|100\/100\n|-ability|p1b: Chien-Pao|Sword of Ruin\n|switch|p2a: Amoonguss|Amoonguss, L50, M|20\/100\n|move|p1a: Pelipper|Hydro Pump|p2b: Ting-Lu\n|-supereffective|p2b: Ting-Lu\n|-damage|p2b: Ting-Lu|16\/100\n|move|p2b: Ting-Lu|Stomping Tantrum|p1b: Chien-Pao\n|-damage|p1b: Chien-Pao|52\/100\n|\n|-weather|RainDance|[upkeep]\n|upkeep\n|turn|6\n|inactive|Zero possibilita has 30 seconds left.\n|inactive|Zero possibilita has 20 seconds left.\n|\n|t:|1681914001\n|switch|p2b: Gyarados|Gyarados, L50, F, tera:Steel|13\/100\n|-ability|p2b: Gyarados|Intimidate|boost\n|-unboost|p1a: Pelipper|atk|1\n|-unboost|p1b: Chien-Pao|atk|1\n|move|p1b: Chien-Pao|Sacred Sword|p2b: Gyarados\n|-supereffective|p2b: Gyarados\n|-damage|p2b: Gyarados|0 fnt\n|faint|p2b: Gyarados\n|move|p1a: Pelipper|Hurricane|p2a: Amoonguss\n|-supereffective|p2a: Amoonguss\n|-damage|p2a: Amoonguss|0 fnt\n|faint|p2a: Amoonguss\n|\n|-weather|RainDance|[upkeep]\n|upkeep\n|\n|t:|1681914009\n|switch|p2b: Ting-Lu|Ting-Lu, L50|16\/100\n|switch|p2a: Flutter Mane|Flutter Mane, L50|100\/100\n|-ability|p2b: Ting-Lu|Vessel of Ruin\n|-enditem|p2a: Flutter Mane|Booster Energy\n|-activate|p2a: Flutter Mane|ability: Protosynthesis|[fromitem]\n|-start|p2a: Flutter Mane|protosynthesisspa\n|turn|7\n|inactive|Zero possibilita has 30 seconds left.\n|\n|t:|1681914037\n|move|p1b: Chien-Pao|Protect|p1b: Chien-Pao\n|-singleturn|p1b: Chien-Pao|Protect\n|move|p1a: Pelipper|Protect|p1a: Pelipper\n|-singleturn|p1a: Pelipper|Protect\n|move|p2a: Flutter Mane|Substitute|p2a: Flutter Mane\n|-start|p2a: Flutter Mane|Substitute\n|-damage|p2a: Flutter Mane|76\/100\n|move|p2b: Ting-Lu|Heavy Slam|p1b: Chien-Pao\n|-activate|p1b: Chien-Pao|move: Protect\n|\n|-weather|RainDance|[upkeep]\n|upkeep\n|turn|8\n|\n|t:|1681914059\n|move|p1b: Chien-Pao|Sacred Sword|p2b: Ting-Lu\n|-supereffective|p2b: Ting-Lu\n|-damage|p2b: Ting-Lu|0 fnt\n|faint|p2b: Ting-Lu\n|move|p2a: Flutter Mane|Moonblast|p1a: Pelipper\n|-damage|p1a: Pelipper|0 fnt\n|faint|p1a: Pelipper\n|\n|-weather|none\n|upkeep\n|\n|t:|1681914071\n|switch|p1a: Tatsugiri|Tatsugiri-Droopy, L50, F, shiny|100\/100\n|turn|9\n|\n|t:|1681914089\n|-terastallize|p1a: Tatsugiri|Steel\n|move|p1b: Chien-Pao|Protect|p1b: Chien-Pao\n|-singleturn|p1b: Chien-Pao|Protect\n|move|p1a: Tatsugiri|Muddy Water|p2a: Flutter Mane\n|-end|p2a: Flutter Mane|Substitute\n|move|p2a: Flutter Mane|Moonblast|p1b: Chien-Pao\n|-activate|p1b: Chien-Pao|move: Protect\n|\n|upkeep\n|turn|10\n|\n|t:|1681914106\n|move|p1b: Chien-Pao|Sucker Punch||[still]\n|-fail|p1b: Chien-Pao\n|move|p1a: Tatsugiri|Muddy Water|p2a: Flutter Mane\n|-damage|p2a: Flutter Mane|40\/100\n|-unboost|p2a: Flutter Mane|accuracy|1\n|move|p2a: Flutter Mane|Substitute|p2a: Flutter Mane\n|-start|p2a: Flutter Mane|Substitute\n|-damage|p2a: Flutter Mane|15\/100\n|\n|upkeep\n|turn|11\n|-message|Joe870502 forfeited.\n|\n|win|Zero possibilita\n|raw|Zero possibilita's rating: 1310 → 1330<\/strong> (+20 for winning)\n|raw|Joe870502's rating: 1317 → 1297<\/strong> (-20 for losing)\n|l|\u2606Joe870502\n","uploadtime":1681914120,"views":6,"p1id":"zeropossibilita","p2id":"joe870502","formatid":"gen9vgc2023regulationc","rating":1297,"private":0,"password":""}