{"id":"gen9vgc2023regulationc-1859723711","p1":"EllyVGC","p2":"Wow_Yangg","format":"[Gen 9] VGC 2023 Regulation C","log":"|j|\u2606EllyVGC\n|j|\u2606Wow_Yangg\n|t:|1683559232\n|gametype|doubles\n|player|p1|EllyVGC|170|1310\n|player|p2|Wow_Yangg|fisherman-gen4|1380\n|teamsize|p1|6\n|teamsize|p2|6\n|gen|9\n|tier|[Gen 9] VGC 2023 Regulation C\n|rated|\n|rule|Species Clause: Limit one of each Pok\u00e9mon\n|rule|Item Clause: Limit one of each item\n|clearpoke\n|poke|p1|Flutter Mane, L50|\n|poke|p1|Chi-Yu, L50|\n|poke|p1|Roaring Moon, L50|\n|poke|p1|Jumpluff, L50, F|\n|poke|p1|Wo-Chien, L50|\n|poke|p1|Torkoal, L50, F|\n|poke|p2|Bellibolt, L50, M|\n|poke|p2|Scizor, L50, F|\n|poke|p2|Flutter Mane, L50|\n|poke|p2|Wo-Chien, L50|\n|poke|p2|Arcanine, L50, F|\n|poke|p2|Baxcalibur, L50, F|\n|teampreview|4\n|inactive|Battle timer is ON: inactive players will automatically lose when time's up. (requested by EllyVGC)\n|inactive|Wow_Yangg has 60 seconds left.\n|\n|t:|1683559275\n|start\n|switch|p1a: Flutter Mane|Flutter Mane, L50|100\/100\n|switch|p1b: Chi-Yu|Chi-Yu, L50|100\/100\n|switch|p2a: Bellibolt|Bellibolt, L50, M|100\/100\n|switch|p2b: Flutter Mane|Flutter Mane, L50|100\/100\n|-ability|p1b: Chi-Yu|Beads of Ruin\n|turn|1\n|inactive|EllyVGC has 30 seconds left.\n|\n|t:|1683559305\n|move|p2b: Flutter Mane|Moonblast|p1b: Chi-Yu\n|-damage|p1b: Chi-Yu|38\/100\n|move|p1b: Chi-Yu|Flamethrower|p2a: Bellibolt\n|-damage|p2a: Bellibolt|58\/100\n|-start|p2a: Bellibolt|Charge|Flamethrower|[from] ability: Electromorphosis\n|move|p2a: Bellibolt|Parabolic Charge|p1b: Chi-Yu|[spread] p2b,p1a,p1b\n|-damage|p2b: Flutter Mane|40\/100\n|-heal|p2a: Bellibolt|77\/100|[from] drain|[of] p2b: Flutter Mane\n|-damage|p1a: Flutter Mane|54\/100\n|-heal|p2a: Bellibolt|95\/100|[from] drain|[of] p1a: Flutter Mane\n|-damage|p1b: Chi-Yu|1\/100\n|-heal|p2a: Bellibolt|100\/100|[from] drain|[of] p1b: Chi-Yu\n|-end|p2a: Bellibolt|Charge|[silent]\n|move|p1a: Flutter Mane|Trick Room|p1a: Flutter Mane\n|-fieldstart|move: Trick Room|[of] p1a: Flutter Mane\n|\n|upkeep\n|turn|2\n|inactive|EllyVGC has 30 seconds left.\n|\n|t:|1683559330\n|move|p2a: Bellibolt|Parabolic Charge|p1b: Chi-Yu|[spread] p2b,p1a,p1b\n|-damage|p2b: Flutter Mane|13\/100\n|-damage|p1a: Flutter Mane|28\/100\n|-damage|p1b: Chi-Yu|0 fnt\n|faint|p1b: Chi-Yu\n|move|p1a: Flutter Mane|Shadow Ball|p2a: Bellibolt\n|-damage|p2a: Bellibolt|77\/100\n|-start|p2a: Bellibolt|Charge|Shadow Ball|[from] ability: Electromorphosis\n|move|p2b: Flutter Mane|Moonblast|p1a: Flutter Mane\n|-damage|p1a: Flutter Mane|0 fnt\n|faint|p1a: Flutter Mane\n|-end|p1a: Flutter Mane|Protosynthesis|[silent]\n|\n|upkeep\n|\n|t:|1683559341\n|switch|p1b: Wo-Chien|Wo-Chien, L50|100\/100\n|switch|p1a: Torkoal|Torkoal, L50, F|100\/100\n|-weather|SunnyDay|[from] ability: Drought|[of] p1a: Torkoal\n|-activate|p2b: Flutter Mane|ability: Protosynthesis\n|-start|p2b: Flutter Mane|protosynthesisspe\n|-ability|p1b: Wo-Chien|Tablets of Ruin\n|turn|3\n|\n|t:|1683559352\n|-terastallize|p1a: Torkoal|Fire\n|move|p2a: Bellibolt|Sucker Punch|p1a: Torkoal\n|-damage|p1a: Torkoal|94\/100\n|move|p1a: Torkoal|Eruption|p2a: Bellibolt|[spread] p2a,p2b\n|-damage|p2a: Bellibolt|0 fnt\n|-damage|p2b: Flutter Mane|0 fnt\n|faint|p2a: Bellibolt\n|faint|p2b: Flutter Mane\n|-end|p2b: Flutter Mane|Protosynthesis|[silent]\n|move|p1b: Wo-Chien|Substitute|p1b: Wo-Chien\n|-start|p1b: Wo-Chien|Substitute\n|-damage|p1b: Wo-Chien|76\/100\n|\n|-weather|SunnyDay|[upkeep]\n|upkeep\n|\n|t:|1683559361\n|switch|p2a: Arcanine|Arcanine, L50, F|100\/100\n|switch|p2b: Baxcalibur|Baxcalibur, L50, F|100\/100\n|-ability|p2a: Arcanine|Intimidate|boost\n|-unboost|p1a: Torkoal|atk|1\n|-immune|p1b: Wo-Chien\n|turn|4\n|\n|t:|1683559370\n|-terastallize|p2b: Baxcalibur|Fire\n|move|p2a: Arcanine|Protect|p2a: Arcanine\n|-singleturn|p2a: Arcanine|Protect\n|move|p1a: Torkoal|Eruption|p2a: Arcanine|[spread] p2b\n|-activate|p2a: Arcanine|move: Protect\n|-resisted|p2b: Baxcalibur\n|-damage|p2b: Baxcalibur|39\/100\n|-ability|p2b: Baxcalibur|Thermal Exchange|boost\n|-boost|p2b: Baxcalibur|atk|1\n|move|p1b: Wo-Chien|Dark Pulse|p2a: Arcanine\n|-activate|p2a: Arcanine|move: Protect\n|move|p2b: Baxcalibur|Icicle Spear|p1b: Wo-Chien\n|-supereffective|p1b: Wo-Chien\n|-end|p1b: Wo-Chien|Substitute\n|-supereffective|p1b: Wo-Chien\n|-damage|p1b: Wo-Chien|38\/100\n|-supereffective|p1b: Wo-Chien\n|-damage|p1b: Wo-Chien|7\/100\n|-supereffective|p1b: Wo-Chien\n|-damage|p1b: Wo-Chien|0 fnt\n|faint|p1b: Wo-Chien\n|-hitcount|p1: Wo-Chien|4\n|\n|-weather|SunnyDay|[upkeep]\n|upkeep\n|turn|5\n|\n|t:|1683559389\n|move|p2b: Baxcalibur|Protect|p2b: Baxcalibur\n|-singleturn|p2b: Baxcalibur|Protect\n|move|p2a: Arcanine|Extreme Speed|p1a: Torkoal\n|-crit|p1a: Torkoal\n|-damage|p1a: Torkoal|65\/100\n|move|p1a: Torkoal|Eruption|p2b: Baxcalibur|[spread] p2a\n|-activate|p2b: Baxcalibur|move: Protect\n|-resisted|p2a: Arcanine\n|-damage|p2a: Arcanine|44\/100\n|\n|-weather|SunnyDay|[upkeep]\n|-fieldend|move: Trick Room\n|upkeep\n|turn|6\n|\n|t:|1683559399\n|move|p2a: Arcanine|Flare Blitz|p1a: Torkoal\n|-resisted|p1a: Torkoal\n|-damage|p1a: Torkoal|34\/100\n|-damage|p2a: Arcanine|33\/100|[from] Recoil\n|move|p2b: Baxcalibur|Glaive Rush|p1a: Torkoal\n|-damage|p1a: Torkoal|0 fnt\n|-singlemove|p2b: Baxcalibur|Glaive Rush|[silent]\n|faint|p1a: Torkoal\n|\n|win|Wow_Yangg\n|raw|EllyVGC's rating: 1310 → 1294<\/strong> (-16 for losing)\n|raw|Wow_Yangg's rating: 1380 → 1396<\/strong> (+16 for winning)\n|l|\u2606EllyVGC\n","uploadtime":1683559409,"views":17,"p1id":"ellyvgc","p2id":"wowyangg","formatid":"gen9vgc2023regulationc","rating":1294,"private":0,"password":""}