{"id":"gen9vgc2023regulationc-1848072094","p1":"sodoo","p2":"soraesc","format":"[Gen 9] VGC 2023 Regulation C","log":"|j|\u2606sodoo\n|j|\u2606soraesc\n|t:|1682026527\n|gametype|doubles\n|player|p1|sodoo|youngster-gen4dp|1325\n|player|p2|soraesc|n|1304\n|teamsize|p1|6\n|teamsize|p2|6\n|gen|9\n|tier|[Gen 9] VGC 2023 Regulation C\n|rated|\n|rule|Species Clause: Limit one of each Pok\u00e9mon\n|rule|Item Clause: Limit one of each item\n|clearpoke\n|poke|p1|Lycanroc-Midnight, L50, M|\n|poke|p1|Dondozo, L50, M|\n|poke|p1|Tatsugiri-Stretchy, L50, F|\n|poke|p1|Espathra, L50, F|\n|poke|p1|Grimmsnarl, L50, M|\n|poke|p1|Brute Bonnet, L50|\n|poke|p2|Dragonite, L50, F|\n|poke|p2|Arcanine, L50, F|\n|poke|p2|Flutter Mane, L50|\n|poke|p2|Glimmora, L50, M|\n|poke|p2|Dondozo, L50, M|\n|poke|p2|Tatsugiri, L50, F|\n|teampreview|4\n|inactive|Battle timer is ON: inactive players will automatically lose when time's up. (requested by soraesc)\n|\n|t:|1682026540\n|start\n|switch|p1a: Espathra|Espathra, L50, F|100\/100\n|switch|p1b: Lycanroc|Lycanroc-Midnight, L50, M|100\/100\n|switch|p2a: Arcanine|Arcanine, L50, F|100\/100\n|switch|p2b: Glimmora|Glimmora, L50, M|100\/100\n|-ability|p2a: Arcanine|Intimidate|boost\n|-unboost|p1a: Espathra|atk|1\n|-unboost|p1b: Lycanroc|atk|1\n|turn|1\n|inactive|soraesc has 30 seconds left.\n|\n|t:|1682026575\n|-terastallize|p2b: Glimmora|Grass\n|move|p1a: Espathra|Protect|p1a: Espathra\n|-singleturn|p1a: Espathra|Protect\n|move|p1b: Lycanroc|Protect|p1b: Lycanroc\n|-singleturn|p1b: Lycanroc|Protect\n|move|p2a: Arcanine|Extreme Speed|p2b: Glimmora\n|-crit|p2b: Glimmora\n|-damage|p2b: Glimmora|64\/100\n|-activate|p2b: Glimmora|ability: Toxic Debris\n|-sidestart|p1: sodoo|move: Toxic Spikes\n|move|p2b: Glimmora|Power Gem|p1a: Espathra\n|-activate|p1a: Espathra|move: Protect\n|\n|-ability|p1a: Espathra|Speed Boost|boost\n|-boost|p1a: Espathra|spe|1\n|upkeep\n|turn|2\n|\n|t:|1682026593\n|move|p1a: Espathra|Skill Swap|p1b: Lycanroc\n|-activate|p1a: Espathra|move: Skill Swap|||[of] p1b: Lycanroc\n|move|p1b: Lycanroc|Stone Edge|p2a: Arcanine\n|-supereffective|p2a: Arcanine\n|-damage|p2a: Arcanine|32\/100\n|move|p2a: Arcanine|Flare Blitz|p1a: Espathra\n|-damage|p1a: Espathra|16\/100\n|-damage|p2a: Arcanine|8\/100|[from] Recoil\n|move|p2b: Glimmora|Earth Power|p1b: Lycanroc\n|-supereffective|p1b: Lycanroc\n|-damage|p1b: Lycanroc|4\/100\n|-enditem|p1b: Lycanroc|Red Card|[of] p2b: Glimmora\n|drag|p2b: Dondozo|Dondozo, L50, M|100\/100\n|\n|-ability|p1b: Lycanroc|Speed Boost|boost\n|-boost|p1b: Lycanroc|spe|1\n|upkeep\n|turn|3\n|\n|t:|1682026618\n|switch|p2a: Tatsugiri|Tatsugiri, L50, F|100\/100\n|-activate|p2a: Tatsugiri|ability: Commander|[of] p2b: Dondozo\n|-boost|p2b: Dondozo|atk|2\n|-boost|p2b: Dondozo|spa|2\n|-boost|p2b: Dondozo|spe|2\n|-boost|p2b: Dondozo|def|2\n|-boost|p2b: Dondozo|spd|2\n|move|p1a: Espathra|Protect|p1a: Espathra\n|-singleturn|p1a: Espathra|Protect\n|move|p1b: Lycanroc|Snarl|p2a: Tatsugiri|[spread] p2b\n|-miss|p1b: Lycanroc|p2a: Tatsugiri\n|-damage|p2b: Dondozo|98\/100\n|-unboost|p2b: Dondozo|spa|1\n|move|p2b: Dondozo|Earthquake|p1a: Espathra|[spread] p1b\n|-miss|p2b: Dondozo|p2a: Tatsugiri\n|-activate|p1a: Espathra|move: Protect\n|-supereffective|p1b: Lycanroc\n|-damage|p1b: Lycanroc|0 fnt\n|faint|p1b: Lycanroc\n|\n|upkeep\n|\n|t:|1682026623\n|switch|p1b: Dondozo|Dondozo, L50, M|100\/100\n|-status|p1b: Dondozo|psn\n|turn|4\n|\n|t:|1682026631\n|move|p1a: Espathra|Hypnosis|p2b: Dondozo\n|-status|p2b: Dondozo|slp|[from] move: Hypnosis\n|-enditem|p2b: Dondozo|Chesto Berry|[eat]\n|-curestatus|p2b: Dondozo|slp|[msg]\n|move|p2b: Dondozo|Earthquake|p1b: Dondozo|[spread] p1a,p1b\n|-miss|p2b: Dondozo|p2a: Tatsugiri\n|-crit|p1a: Espathra\n|-damage|p1a: Espathra|0 fnt\n|-damage|p1b: Dondozo|86\/100 psn\n|faint|p1a: Espathra\n|move|p1b: Dondozo|Fissure|p2b: Dondozo|[miss]\n|-miss|p1b: Dondozo|p2b: Dondozo\n|\n|-heal|p1b: Dondozo|92\/100 psn|[from] item: Leftovers\n|-damage|p1b: Dondozo|80\/100 psn|[from] psn\n|upkeep\n|\n|t:|1682026638\n|switch|p1a: Tatsugiri|Tatsugiri-Stretchy, L50, F|100\/100\n|-activate|p1a: Tatsugiri|ability: Commander|[of] p1b: Dondozo\n|-boost|p1b: Dondozo|atk|2\n|-boost|p1b: Dondozo|spa|2\n|-boost|p1b: Dondozo|spe|2\n|-boost|p1b: Dondozo|def|2\n|-boost|p1b: Dondozo|spd|2\n|turn|5\n|\n|t:|1682026646\n|move|p1b: Dondozo|Fissure|p2b: Dondozo\n|-damage|p2b: Dondozo|0 fnt\n|faint|p2b: Dondozo\n|-ohko\n|\n|-heal|p1b: Dondozo|86\/100 psn|[from] item: Leftovers\n|-damage|p1b: Dondozo|74\/100 psn|[from] psn\n|upkeep\n|\n|t:|1682026654\n|switch|p2b: Glimmora|Glimmora, L50, M, tera:Grass|64\/100\n|turn|6\n|\n|t:|1682026663\n|-terastallize|p1b: Dondozo|Dragon\n|move|p2a: Tatsugiri|Draco Meteor|p1b: Dondozo\n|-supereffective|p1b: Dondozo\n|-damage|p1b: Dondozo|15\/100 psn\n|-unboost|p2a: Tatsugiri|spa|2\n|move|p1b: Dondozo|Order Up|p2b: Glimmora\n|-damage|p2b: Glimmora|14\/100\n|-activate|p2b: Glimmora|ability: Toxic Debris\n|-sidestart|p1: sodoo|move: Toxic Spikes\n|-boost|p1b: Dondozo|spe|1\n|move|p2b: Glimmora|Tera Blast|p1b: Dondozo\n|-resisted|p1b: Dondozo\n|-damage|p1b: Dondozo|3\/100 psn\n|\n|-heal|p1b: Dondozo|9\/100 psn|[from] item: Leftovers\n|-damage|p1b: Dondozo|0 fnt|[from] psn\n|faint|p1b: Dondozo\n|upkeep\n|turn|7\n|\n|t:|1682026676\n|move|p2a: Tatsugiri|Draco Meteor|p1a: Tatsugiri\n|-supereffective|p1a: Tatsugiri\n|-damage|p1a: Tatsugiri|15\/100\n|-unboost|p2a: Tatsugiri|spa|2\n|move|p1a: Tatsugiri|Icy Wind|p2a: Tatsugiri|[spread] p2a,p2b\n|-supereffective|p2b: Glimmora\n|-damage|p2a: Tatsugiri|84\/100\n|-damage|p2b: Glimmora|0 fnt\n|-unboost|p2a: Tatsugiri|spe|1\n|faint|p2b: Glimmora\n|\n|upkeep\n|c|\u2606soraesc|nice fissure\n|\n|t:|1682026682\n|switch|p2b: Arcanine|Arcanine, L50, F|8\/100\n|-ability|p2b: Arcanine|Intimidate|boost\n|-unboost|p1a: Tatsugiri|atk|1\n|turn|8\n|\n|t:|1682026687\n|move|p2b: Arcanine|Extreme Speed|p1a: Tatsugiri\n|-damage|p1a: Tatsugiri|0 fnt\n|faint|p1a: Tatsugiri\n|\n|win|soraesc\n|raw|sodoo's rating: 1325 → 1304<\/strong> (-21 for losing)\n|raw|soraesc's rating: 1304 → 1325<\/strong> (+21 for winning)\n|c|\u2606sodoo|needed skill swap... gg\n|l|\u2606sodoo\n|c|\u2606soraesc|oof unfortunate\n","uploadtime":1682026702,"views":5,"p1id":"sodoo","p2id":"soraesc","formatid":"gen9vgc2023regulationc","rating":1304,"private":0,"password":""}