{"id":"gen9vgc2023regulationc-1857278265","p1":"tombstoan","p2":"ChickenJuice","format":"[Gen 9] VGC 2023 Regulation C","log":"|j|\u2606tombstoan\n|j|\u2606ChickenJuice\n|t:|1683166949\n|gametype|doubles\n|player|p1|tombstoan|266|\n|player|p2|ChickenJuice|101|\n|teamsize|p1|6\n|teamsize|p2|6\n|gen|9\n|tier|[Gen 9] VGC 2023 Regulation C\n|rule|Species Clause: Limit one of each Pok\u00e9mon\n|rule|Item Clause: Limit one of each item\n|clearpoke\n|poke|p1|Jolteon, L50, M|\n|poke|p1|Umbreon, L50, F|\n|poke|p1|Sylveon, L50, F|\n|poke|p1|Espeon, L50, F|\n|poke|p1|Flareon, L50, F|\n|poke|p1|Lycanroc, L50, M|\n|poke|p2|Lucario, L50, M|\n|poke|p2|Houndoom, L50, M|\n|poke|p2|Houndstone, L50, F|\n|poke|p2|Dachsbun, L50, M|\n|poke|p2|Lycanroc-Dusk, L50, M|\n|poke|p2|Zoroark, L50, M|\n|teampreview|4\n|\n|t:|1683166982\n|start\n|switch|p1a: Umbreon|Umbreon, L50, F|100\/100\n|switch|p1b: Lycanroc|Lycanroc, L50, M|100\/100\n|switch|p2a: Houndoom|Houndoom, L50, M|100\/100\n|switch|p2b: Dachsbun|Dachsbun, L50, M|100\/100\n|turn|1\n|\n|t:|1683166995\n|switch|p1a: Flareon|Flareon, L50, F|100\/100\n|move|p1b: Lycanroc|Accelerock|p2a: Houndoom\n|-supereffective|p2a: Houndoom\n|-damage|p2a: Houndoom|24\/100\n|move|p2a: Houndoom|Flamethrower|p2b: Dachsbun\n|-ability|p2b: Dachsbun|Well-Baked Body|boost\n|-boost|p2b: Dachsbun|def|2\n|move|p2b: Dachsbun|Body Press|p1b: Lycanroc\n|-supereffective|p1b: Lycanroc\n|-damage|p1b: Lycanroc|0 fnt\n|faint|p1b: Lycanroc\n|\n|-status|p1a: Flareon|tox|[from] item: Toxic Orb\n|upkeep\n|\n|t:|1683167015\n|switch|p1b: Umbreon|Umbreon, L50, F|100\/100\n|turn|2\n|\n|t:|1683167043\n|move|p1a: Flareon|Quick Attack|p2a: Houndoom\n|-damage|p2a: Houndoom|0 fnt\n|faint|p2a: Houndoom\n|move|p2b: Dachsbun|Body Press|p1b: Umbreon\n|-supereffective|p1b: Umbreon\n|-damage|p1b: Umbreon|1\/100\n|move|p1b: Umbreon|Yawn|p2b: Dachsbun\n|-start|p2b: Dachsbun|move: Yawn|[of] p1b: Umbreon\n|\n|-damage|p1a: Flareon|95\/100 tox|[from] psn\n|upkeep\n|\n|t:|1683167053\n|switch|p2a: Lycanroc|Lycanroc-Dusk, L50, M|100\/100\n|turn|3\n|\n|t:|1683167064\n|switch|p1b: Sylveon|Sylveon, L50, F|100\/100\n|-terastallize|p1a: Flareon|Grass\n|move|p2a: Lycanroc|Quick Attack|p1b: Sylveon\n|-damage|p1b: Sylveon|80\/100\n|move|p1a: Flareon|Trailblaze|p2a: Lycanroc\n|-supereffective|p2a: Lycanroc\n|-enditem|p2a: Lycanroc|Focus Sash\n|-damage|p2a: Lycanroc|1\/100\n|-boost|p1a: Flareon|spe|1\n|move|p2b: Dachsbun|Body Press|p1a: Flareon\n|-damage|p1a: Flareon|0 fnt\n|faint|p1a: Flareon\n|\n|-end|p2b: Dachsbun|move: Yawn|[silent]\n|-status|p2b: Dachsbun|slp\n|upkeep\n|\n|t:|1683167083\n|switch|p1a: Umbreon|Umbreon, L50, F|1\/100\n|turn|4\n|\n|t:|1683167104\n|move|p2a: Lycanroc|Endeavor|p1b: Sylveon\n|-damage|p1b: Sylveon|1\/100\n|cant|p2b: Dachsbun|slp\n|move|p1a: Umbreon|Foul Play|p2a: Lycanroc\n|-damage|p2a: Lycanroc|0 fnt\n|faint|p2a: Lycanroc\n|move|p1b: Sylveon|Hyper Voice|p2b: Dachsbun\n|-damage|p2b: Dachsbun|29\/100 slp\n|-enditem|p1b: Sylveon|Throat Spray\n|-boost|p1b: Sylveon|spa|1|[from] item: Throat Spray\n|\n|-heal|p2b: Dachsbun|35\/100 slp|[from] item: Leftovers\n|upkeep\n|\n|t:|1683167116\n|switch|p2a: Houndstone|Houndstone, L50, F|100\/100\n|turn|5\n|\n|t:|1683167131\n|move|p2a: Houndstone|Shadow Sneak|p1b: Sylveon\n|-damage|p1b: Sylveon|0 fnt\n|faint|p1b: Sylveon\n|-curestatus|p2b: Dachsbun|slp|[msg]\n|move|p2b: Dachsbun|Body Press|p1a: Umbreon\n|-supereffective|p1a: Umbreon\n|-damage|p1a: Umbreon|0 fnt\n|faint|p1a: Umbreon\n|\n|win|ChickenJuice\n","uploadtime":1683167142,"views":10,"p1id":"tombstoan","p2id":"chickenjuice","formatid":"gen9vgc2023regulationc","rating":0,"private":0,"password":""}