{"id":"gen9vgc2023regulationc-1846494264","p1":"CODUDU5566","p2":"manolynx","format":"[Gen 9] VGC 2023 Regulation C","log":"|j|\u2606CODUDU5566\n|j|\u2606manolynx\n|t:|1681845585\n|gametype|doubles\n|player|p1|CODUDU5566|maid|1102\n|player|p2|manolynx|101|1058\n|teamsize|p1|6\n|teamsize|p2|6\n|gen|9\n|tier|[Gen 9] VGC 2023 Regulation C\n|rated|\n|rule|Species Clause: Limit one of each Pok\u00e9mon\n|rule|Item Clause: Limit one of each item\n|clearpoke\n|poke|p1|Farigiraf, L50, F|\n|poke|p1|Golduck, L50, F|\n|poke|p1|Gardevoir, L50, M|\n|poke|p1|Salamence, L50, M|\n|poke|p1|Brambleghast, L50, F|\n|poke|p1|Pelipper, L50, F|\n|poke|p2|Arcanine, L50, F|\n|poke|p2|Rotom-Wash, L50|\n|poke|p2|Slither Wing, L50|\n|poke|p2|Baxcalibur, L50, F|\n|poke|p2|Klefki, L50, F|\n|poke|p2|Grafaiai, L50, M|\n|teampreview|4\n|j| TheWanderer55\n|\n|t:|1681845633\n|start\n|switch|p1a: Pelipper|Pelipper, L50, F|100\/100\n|switch|p1b: Salamence|Salamence, L50, M|100\/100\n|switch|p2a: Klefki|Klefki, L50, F|100\/100\n|switch|p2b: Baxcalibur|Baxcalibur, L50, F|100\/100\n|-ability|p1b: Salamence|Intimidate|boost\n|-unboost|p2a: Klefki|atk|1\n|-unboost|p2b: Baxcalibur|atk|1\n|-weather|RainDance|[from] ability: Drizzle|[of] p1a: Pelipper\n|turn|1\n|\n|t:|1681845667\n|switch|p2b: Arcanine|Arcanine, L50, F|100\/100\n|-ability|p2b: Arcanine|Intimidate|boost\n|-unboost|p1a: Pelipper|atk|1\n|-unboost|p1b: Salamence|atk|1\n|move|p1b: Salamence|Draco Meteor|p2b: Arcanine|[miss]\n|-miss|p1b: Salamence|p2b: Arcanine\n|move|p1a: Pelipper|Tailwind|p1a: Pelipper\n|-sidestart|p1: CODUDU5566|move: Tailwind\n|move|p2a: Klefki|Trick Room|p2a: Klefki\n|-fieldstart|move: Trick Room|[of] p2a: Klefki\n|\n|-weather|RainDance|[upkeep]\n|upkeep\n|turn|2\n|\n|t:|1681845727\n|switch|p2a: Baxcalibur|Baxcalibur, L50, F|100\/100\n|-terastallize|p2b: Arcanine|Water\n|move|p2b: Arcanine|Snarl|p1a: Pelipper|[spread] p1a,p1b\n|-damage|p1a: Pelipper|85\/100\n|-damage|p1b: Salamence|90\/100\n|-unboost|p1a: Pelipper|spa|1\n|-unboost|p1b: Salamence|spa|1\n|move|p1a: Pelipper|Chilling Water|p2b: Arcanine\n|-resisted|p2b: Arcanine\n|-damage|p2b: Arcanine|88\/100\n|-unboost|p2b: Arcanine|atk|1\n|move|p1b: Salamence|Hydro Pump|p2a: Baxcalibur|[miss]\n|-miss|p1b: Salamence|p2a: Baxcalibur\n|\n|-weather|RainDance|[upkeep]\n|upkeep\n|turn|3\n|\n|t:|1681845757\n|move|p2a: Baxcalibur|Icicle Spear|p1a: Pelipper\n|-damage|p1a: Pelipper|69\/100\n|-damage|p1a: Pelipper|53\/100\n|-crit|p1a: Pelipper\n|-damage|p1a: Pelipper|30\/100\n|-damage|p1a: Pelipper|12\/100\n|-hitcount|p1a: Pelipper|4\n|move|p2b: Arcanine|Howl|p2b: Arcanine|[spread] p2a,p2b\n|-boost|p2a: Baxcalibur|atk|1\n|-boost|p2b: Arcanine|atk|1\n|move|p1a: Pelipper|Chilling Water|p2a: Baxcalibur\n|-resisted|p2a: Baxcalibur\n|-damage|p2a: Baxcalibur|91\/100\n|-unboost|p2a: Baxcalibur|atk|1\n|move|p1b: Salamence|Hydro Pump|p2b: Arcanine\n|-resisted|p2b: Arcanine\n|-damage|p2b: Arcanine|66\/100\n|-damage|p1b: Salamence|80\/100|[from] item: Life Orb\n|\n|-weather|RainDance|[upkeep]\n|upkeep\n|turn|4\n|\n|t:|1681845795\n|switch|p1b: Brambleghast|Brambleghast, L50, F|100\/100\n|-ability|p1b: Brambleghast|Wind Rider|boost\n|-boost|p1b: Brambleghast|atk|1\n|move|p1a: Pelipper|Protect|p1a: Pelipper\n|-singleturn|p1a: Pelipper|Protect\n|move|p2a: Baxcalibur|Icicle Spear|p1b: Brambleghast\n|-supereffective|p1b: Brambleghast\n|-damage|p1b: Brambleghast|36\/100\n|-supereffective|p1b: Brambleghast\n|-damage|p1b: Brambleghast|0 fnt\n|faint|p1b: Brambleghast\n|-hitcount|p1: Brambleghast|2\n|move|p2b: Arcanine|Snarl|p1a: Pelipper\n|-activate|p1a: Pelipper|move: Protect\n|\n|-weather|RainDance|[upkeep]\n|-sideend|p1: CODUDU5566|move: Tailwind\n|upkeep\n|\n|t:|1681845813\n|switch|p1b: Farigiraf|Farigiraf, L50, F|100\/100\n|turn|5\n|\n|t:|1681845829\n|move|p1b: Farigiraf|Hyper Voice|p2a: Baxcalibur|[spread] p2a,p2b\n|-damage|p2a: Baxcalibur|64\/100\n|-damage|p2b: Arcanine|34\/100\n|-enditem|p1b: Farigiraf|Throat Spray\n|-boost|p1b: Farigiraf|spa|1|[from] item: Throat Spray\n|move|p1a: Pelipper|Chilling Water|p2a: Baxcalibur\n|-resisted|p2a: Baxcalibur\n|-damage|p2a: Baxcalibur|55\/100\n|-unboost|p2a: Baxcalibur|atk|1\n|move|p2a: Baxcalibur|Glaive Rush|p1b: Farigiraf\n|-damage|p1b: Farigiraf|46\/100\n|-singlemove|p2a: Baxcalibur|Glaive Rush|[silent]\n|move|p2b: Arcanine|Snarl|p1b: Farigiraf|[spread] p1a,p1b\n|-supereffective|p1b: Farigiraf\n|-damage|p1a: Pelipper|0 fnt\n|-damage|p1b: Farigiraf|28\/100\n|-unboost|p1b: Farigiraf|spa|1\n|faint|p1a: Pelipper\n|\n|-weather|none\n|-fieldend|move: Trick Room\n|upkeep\n|\n|t:|1681845847\n|switch|p1a: Salamence|Salamence, L50, M|80\/100\n|-ability|p1a: Salamence|Intimidate|boost\n|-unboost|p2a: Baxcalibur|atk|1\n|-unboost|p2b: Arcanine|atk|1\n|turn|6\n|l|\u2606CODUDU5566\n|player|p1|\n|j|\u2606CODUDU5566\n|player|p1|CODUDU5566|maid\n|\n|t:|1681845905\n|switch|p2a: Klefki|Klefki, L50, F|100\/100\n|move|p2b: Arcanine|Protect|p2b: Arcanine\n|-singleturn|p2b: Arcanine|Protect\n|move|p1a: Salamence|Hurricane|p2b: Arcanine\n|-activate|p2b: Arcanine|move: Protect\n|move|p1b: Farigiraf|Hyper Voice|p2a: Klefki|[spread] p2a\n|-activate|p2b: Arcanine|move: Protect\n|-resisted|p2a: Klefki\n|-damage|p2a: Klefki|86\/100\n|\n|upkeep\n|turn|7\n|\n|t:|1681845954\n|move|p2b: Arcanine|Protect||[still]\n|-fail|p2b: Arcanine\n|move|p1b: Farigiraf|Protect|p1b: Farigiraf\n|-singleturn|p1b: Farigiraf|Protect\n|move|p2a: Klefki|Light Screen|p2a: Klefki\n|-sidestart|p2: manolynx|move: Light Screen\n|move|p1a: Salamence|Hurricane|p2b: Arcanine\n|-damage|p2b: Arcanine|0 fnt\n|faint|p2b: Arcanine\n|-damage|p1a: Salamence|70\/100|[from] item: Life Orb\n|\n|upkeep\n|\n|t:|1681845971\n|switch|p2b: Baxcalibur|Baxcalibur, L50, F|55\/100\n|turn|8\n|\n|t:|1681845986\n|move|p2b: Baxcalibur|Protect|p2b: Baxcalibur\n|-singleturn|p2b: Baxcalibur|Protect\n|move|p1a: Salamence|Draco Meteor|p2b: Baxcalibur\n|-activate|p2b: Baxcalibur|move: Protect\n|move|p1b: Farigiraf|Thunder|p2a: Klefki\n|-damage|p2a: Klefki|64\/100\n|move|p2a: Klefki|Trick Room|p2a: Klefki\n|-fieldstart|move: Trick Room|[of] p2a: Klefki\n|\n|upkeep\n|turn|9\n|\n|t:|1681846009\n|-terastallize|p1b: Farigiraf|Fairy\n|move|p1a: Salamence|Protect|p1a: Salamence\n|-singleturn|p1a: Salamence|Protect\n|move|p1b: Farigiraf|Dazzling Gleam|p2a: Klefki|[spread] p2a,p2b\n|-resisted|p2a: Klefki\n|-supereffective|p2b: Baxcalibur\n|-damage|p2a: Klefki|55\/100\n|-damage|p2b: Baxcalibur|17\/100\n|move|p2a: Klefki|Steel Beam|p1b: Farigiraf\n|-supereffective|p1b: Farigiraf\n|-damage|p1b: Farigiraf|0 fnt\n|-damage|p2a: Klefki|5\/100|[from] steelbeam\n|faint|p1b: Farigiraf\n|move|p2b: Baxcalibur|Icicle Spear|p1a: Salamence\n|-activate|p1a: Salamence|move: Protect\n|\n|upkeep\n|turn|10\n|\n|t:|1681846034\n|move|p2a: Klefki|Steel Beam|p1a: Salamence\n|-damage|p1a: Salamence|15\/100\n|-damage|p2a: Klefki|0 fnt|[from] steelbeam\n|faint|p2a: Klefki\n|move|p2b: Baxcalibur|Icicle Spear|p1a: Salamence\n|-supereffective|p1a: Salamence\n|-damage|p1a: Salamence|0 fnt\n|faint|p1a: Salamence\n|-hitcount|p1: Salamence|1\n|\n|win|manolynx\n|raw|CODUDU5566's rating: 1102 → 1074<\/strong> (-28 for losing)\n|raw|manolynx's rating: 1058 → 1093<\/strong> (+35 for winning)\n|l|\u2606CODUDU5566\n","uploadtime":1681846178,"views":12,"p1id":"codudu5566","p2id":"manolynx","formatid":"gen9vgc2023regulationc","rating":1074,"private":0,"password":""}