{"id":"gen9vgc2023regulationc-1845742005","p1":"Pingwie","p2":"tukeydukey","format":"[Gen 9] VGC 2023 Regulation C","log":"|j|\u2606Pingwie\n|j|\u2606tukeydukey\n|t:|1681760338\n|gametype|doubles\n|player|p1|Pingwie|1|1118\n|player|p2|tukeydukey|elesa|1215\n|teamsize|p1|6\n|teamsize|p2|6\n|gen|9\n|tier|[Gen 9] VGC 2023 Regulation C\n|rated|\n|rule|Species Clause: Limit one of each Pok\u00e9mon\n|rule|Item Clause: Limit one of each item\n|clearpoke\n|poke|p1|Gyarados, L50, F|\n|poke|p1|Pawmot, L50, M|\n|poke|p1|Dragapult, L50, M|\n|poke|p1|Palafin, L50, M|\n|poke|p1|Iron Jugulis, L50|\n|poke|p1|Chi-Yu, L50|\n|poke|p2|Amoonguss, L50, M|\n|poke|p2|Palafin, L50, M|\n|poke|p2|Flutter Mane, L50|\n|poke|p2|Talonflame, L50, F|\n|poke|p2|Ting-Lu, L50|\n|poke|p2|Bellibolt, L50, F|\n|teampreview|4\n|inactive|Battle timer is ON: inactive players will automatically lose when time's up. (requested by tukeydukey)\n|\n|t:|1681760357\n|start\n|switch|p1a: Dragapult|Dragapult, L50, M|100\/100\n|switch|p1b: Gyarados|Gyarados, L50, F|100\/100\n|switch|p2a: Delfin|Palafin, L50, M|100\/100\n|switch|p2b: Bellibolt|Bellibolt, L50, F|100\/100\n|-ability|p1b: Gyarados|Intimidate|boost\n|-unboost|p2a: Delfin|atk|1\n|-unboost|p2b: Bellibolt|atk|1\n|turn|1\n|\n|t:|1681760380\n|detailschange|p2a: Delfin|Palafin-Hero, L50, M\n|switch|p2a: Ting-Lu|Ting-Lu, L50|100\/100\n|-ability|p2a: Ting-Lu|Vessel of Ruin\n|-terastallize|p1b: Gyarados|Ground\n|move|p1a: Dragapult|Phantom Force||[still]\n|-prepare|p1a: Dragapult|Phantom Force\n|move|p1b: Gyarados|Dragon Dance|p1b: Gyarados\n|-boost|p1b: Gyarados|atk|1\n|-boost|p1b: Gyarados|spe|1\n|move|p2b: Bellibolt|Parabolic Charge|p1b: Gyarados|[spread] \n|-miss|p2b: Bellibolt|p1a: Dragapult\n|-immune|p2a: Ting-Lu\n|-immune|p1b: Gyarados\n|\n|upkeep\n|turn|2\n|\n|t:|1681760399\n|move|p1a: Dragapult|Phantom Force|p2b: Bellibolt|[from]lockedmove\n|-damage|p2b: Bellibolt|56\/100\n|-start|p2b: Bellibolt|Charge|Phantom Force|[from] ability: Electromorphosis\n|move|p1b: Gyarados|Dragon Dance|p1b: Gyarados\n|-boost|p1b: Gyarados|atk|1\n|-boost|p1b: Gyarados|spe|1\n|move|p2b: Bellibolt|Muddy Water|p1b: Gyarados|[spread] p1a,p1b\n|-resisted|p1a: Dragapult\n|-supereffective|p1b: Gyarados\n|-damage|p1a: Dragapult|93\/100\n|-damage|p1b: Gyarados|77\/100\n|move|p2a: Ting-Lu|Throat Chop|p1a: Dragapult\n|-supereffective|p1a: Dragapult\n|-damage|p1a: Dragapult|0 fnt\n|faint|p1a: Dragapult\n|\n|upkeep\n|\n|t:|1681760414\n|switch|p1a: Pawmot|Pawmot, L50, M|100\/100\n|turn|3\n|\n|t:|1681760435\n|-terastallize|p2b: Bellibolt|Flying\n|move|p1a: Pawmot|Fake Out|p2b: Bellibolt\n|-damage|p2b: Bellibolt|46\/100\n|-start|p2b: Bellibolt|Charge|Fake Out|[from] ability: Electromorphosis\n|move|p1b: Gyarados|Waterfall|p2a: Ting-Lu\n|-supereffective|p2a: Ting-Lu\n|-damage|p2a: Ting-Lu|0 fnt\n|faint|p2a: Ting-Lu\n|cant|p2b: Bellibolt|flinch\n|\n|upkeep\n|\n|t:|1681760443\n|switch|p2a: Delfin|Palafin-Hero, L50, M|100\/100\n|-activate|p2a: Delfin|ability: Zero to Hero\n|turn|4\n|\n|t:|1681760464\n|switch|p1b: Iron Jugulis|Iron Jugulis, L50|100\/100\n|-enditem|p1b: Iron Jugulis|Booster Energy\n|-activate|p1b: Iron Jugulis|ability: Quark Drive|[fromitem]\n|-start|p1b: Iron Jugulis|quarkdrivespe\n|switch|p2b: Flutter Mane|Flutter Mane, L50|100\/100\n|-enditem|p2b: Flutter Mane|Booster Energy\n|-activate|p2b: Flutter Mane|ability: Protosynthesis|[fromitem]\n|-start|p2b: Flutter Mane|protosynthesisspa\n|move|p2a: Delfin|Jet Punch|p1b: Iron Jugulis\n|-damage|p1b: Iron Jugulis|48\/100\n|move|p1a: Pawmot|Double Shock|p2a: Delfin\n|-supereffective|p2a: Delfin\n|-damage|p2a: Delfin|2\/100\n|-start|p1a: Pawmot|typechange|???\/Fighting|[from] move: Double Shock\n|\n|upkeep\n|turn|5\n|\n|t:|1681760485\n|switch|p2a: Bellibolt|Bellibolt, L50, F, tera:Flying|46\/100\n|move|p1b: Iron Jugulis|Snarl|p2a: Bellibolt|[spread] p2a,p2b\n|-damage|p2a: Bellibolt|34\/100\n|-damage|p2b: Flutter Mane|83\/100\n|-unboost|p2a: Bellibolt|spa|1\n|-unboost|p2b: Flutter Mane|spa|1\n|-start|p2a: Bellibolt|Charge|Snarl|[from] ability: Electromorphosis\n|move|p2b: Flutter Mane|Dazzling Gleam|p1b: Iron Jugulis|[spread] p1a,p1b\n|-supereffective|p1a: Pawmot\n|-supereffective|p1b: Iron Jugulis\n|-enditem|p1a: Pawmot|Focus Sash\n|-damage|p1a: Pawmot|1\/100\n|-damage|p1b: Iron Jugulis|0 fnt\n|faint|p1b: Iron Jugulis\n|-end|p1b: Iron Jugulis|Quark Drive|[silent]\n|move|p1a: Pawmot|Close Combat|p2a: Bellibolt\n|-resisted|p2a: Bellibolt\n|-damage|p2a: Bellibolt|15\/100\n|-unboost|p1a: Pawmot|def|1\n|-unboost|p1a: Pawmot|spd|1\n|-start|p2a: Bellibolt|Charge|Close Combat|[from] ability: Electromorphosis\n|\n|upkeep\n|\n|t:|1681760504\n|switch|p1b: Gyarados|Gyarados, L50, F, tera:Ground|77\/100\n|-ability|p1b: Gyarados|Intimidate|boost\n|-unboost|p2a: Bellibolt|atk|1\n|-unboost|p2b: Flutter Mane|atk|1\n|turn|6\n|-message|Pingwie forfeited.\n|\n|win|tukeydukey\n|raw|Pingwie's rating: 1118 → 1100<\/strong> (-18 for losing)\n|raw|tukeydukey's rating: 1215 → 1233<\/strong> (+18 for winning)\n|l|\u2606Pingwie\n","uploadtime":1681760520,"views":9,"p1id":"pingwie","p2id":"tukeydukey","formatid":"gen9vgc2023regulationc","rating":1100,"private":0,"password":""}