{"id":"gen9vgc2023regulationc-1857032746","p1":"SL1D","p2":"Hadrian1917","format":"[Gen 9] VGC 2023 Regulation C","log":"|j|\u2606SL1D\n|j|\u2606Hadrian1917\n|t:|1683138882\n|gametype|doubles\n|player|p1|SL1D|palmer|1170\n|player|p2|Hadrian1917|brock|1129\n|teamsize|p1|6\n|teamsize|p2|6\n|gen|9\n|tier|[Gen 9] VGC 2023 Regulation C\n|rated|\n|rule|Species Clause: Limit one of each Pok\u00e9mon\n|rule|Item Clause: Limit one of each item\n|clearpoke\n|poke|p1|Haxorus, L50, M|\n|poke|p1|Talonflame, L50, F|\n|poke|p1|Gyarados, L50, M|\n|poke|p1|Flutter Mane, L50|\n|poke|p1|Ting-Lu, L50|\n|poke|p1|Baxcalibur, L50, M|\n|poke|p2|Flutter Mane, L50|\n|poke|p2|Chi-Yu, L50|\n|poke|p2|Iron Hands, L50|\n|poke|p2|Ting-Lu, L50|\n|poke|p2|Gyarados, L50, F|\n|poke|p2|Amoonguss, L50, F|\n|teampreview|4\n|inactive|Battle timer is ON: inactive players will automatically lose when time's up. (requested by SL1D)\n|inactive|Hadrian1917 has 60 seconds left.\n|inactive|SL1D has 60 seconds left.\n|\n|t:|1683138930\n|start\n|switch|p1a: Gyarados|Gyarados, L50, M|100\/100\n|switch|p1b: Flutter Mane|Flutter Mane, L50, shiny|100\/100\n|switch|p2a: Gyarados|Gyarados, L50, F|100\/100\n|switch|p2b: Ting-Lu|Ting-Lu, L50|100\/100\n|-ability|p1a: Gyarados|Intimidate|boost\n|-unboost|p2a: Gyarados|atk|1\n|-unboost|p2b: Ting-Lu|atk|1\n|-ability|p2a: Gyarados|Intimidate|boost\n|-unboost|p1a: Gyarados|atk|1\n|-unboost|p1b: Flutter Mane|atk|1\n|-ability|p2b: Ting-Lu|Vessel of Ruin\n|-enditem|p1b: Flutter Mane|Booster Energy\n|-activate|p1b: Flutter Mane|ability: Protosynthesis|[fromitem]\n|-start|p1b: Flutter Mane|protosynthesisspe\n|turn|1\n|inactive|Hadrian1917 has 30 seconds left.\n|inactive|Hadrian1917 has 20 seconds left.\n|inactive|Hadrian1917 has 15 seconds left.\n|\n|t:|1683138971\n|-terastallize|p1b: Flutter Mane|Water\n|move|p1b: Flutter Mane|Substitute|p1b: Flutter Mane\n|-start|p1b: Flutter Mane|Substitute\n|-damage|p1b: Flutter Mane|76\/100\n|move|p1a: Gyarados|Taunt|p2a: Gyarados\n|-start|p2a: Gyarados|move: Taunt\n|cant|p2a: Gyarados|move: Taunt|Taunt\n|move|p2b: Ting-Lu|Rock Tomb|p1a: Gyarados\n|-supereffective|p1a: Gyarados\n|-damage|p1a: Gyarados|79\/100\n|-unboost|p1a: Gyarados|spe|1\n|\n|upkeep\n|turn|2\n|\n|t:|1683138992\n|switch|p2a: Iron Hands|Iron Hands, L50|100\/100\n|move|p1b: Flutter Mane|Moonblast|p2b: Ting-Lu\n|-supereffective|p2b: Ting-Lu\n|-damage|p2b: Ting-Lu|47\/100\n|move|p1a: Gyarados|Whirlpool|p2a: Iron Hands|[miss]\n|-miss|p1a: Gyarados|p2a: Iron Hands\n|move|p2b: Ting-Lu|Ruination|p1b: Flutter Mane\n|-end|p1b: Flutter Mane|Substitute\n|\n|-heal|p2b: Ting-Lu|53\/100|[from] item: Leftovers\n|upkeep\n|turn|3\n|inactive|Hadrian1917 has 30 seconds left.\n|inactive|Hadrian1917 has 20 seconds left.\n|\n|t:|1683139030\n|move|p1b: Flutter Mane|Moonblast|p2a: Iron Hands\n|-supereffective|p2a: Iron Hands\n|-damage|p2a: Iron Hands|63\/100\n|-unboost|p2a: Iron Hands|spa|1\n|move|p1a: Gyarados|Whirlpool|p2b: Ting-Lu\n|-supereffective|p2b: Ting-Lu\n|-damage|p2b: Ting-Lu|44\/100\n|-activate|p2b: Ting-Lu|move: Whirlpool|[of] p1a: Gyarados\n|move|p2b: Ting-Lu|Rock Tomb|p1b: Flutter Mane\n|-damage|p1b: Flutter Mane|61\/100\n|-unboost|p1b: Flutter Mane|spe|1\n|move|p2a: Iron Hands|Volt Switch|p1a: Gyarados\n|-supereffective|p1a: Gyarados\n|-damage|p1a: Gyarados|55\/100\n|\n|t:|1683139044\n|-end|p2a: Iron Hands|Quark Drive|[silent]\n|switch|p2a: Flutter Mane|Flutter Mane, L50|100\/100|[from] Volt Switch\n|-enditem|p2a: Flutter Mane|Booster Energy\n|-activate|p2a: Flutter Mane|ability: Protosynthesis|[fromitem]\n|-start|p2a: Flutter Mane|protosynthesisspa\n|\n|-heal|p2b: Ting-Lu|50\/100|[from] item: Leftovers\n|-damage|p2b: Ting-Lu|38\/100|[from] move: Whirlpool|[partiallytrapped]\n|upkeep\n|turn|4\n|inactive|Hadrian1917 has 30 seconds left.\n|inactive|Hadrian1917 has 20 seconds left.\n|\n|t:|1683139082\n|move|p2a: Flutter Mane|Substitute|p2a: Flutter Mane\n|-start|p2a: Flutter Mane|Substitute\n|-damage|p2a: Flutter Mane|76\/100\n|move|p1b: Flutter Mane|Shadow Ball|p2a: Flutter Mane\n|-supereffective|p2a: Flutter Mane\n|-end|p2a: Flutter Mane|Substitute\n|move|p1a: Gyarados|Thunder Wave|p2a: Flutter Mane\n|-status|p2a: Flutter Mane|par\n|move|p2b: Ting-Lu|Rock Tomb|p1b: Flutter Mane\n|-damage|p1b: Flutter Mane|44\/100\n|-unboost|p1b: Flutter Mane|spe|1\n|\n|-heal|p2b: Ting-Lu|44\/100|[from] item: Leftovers\n|-damage|p2b: Ting-Lu|32\/100|[from] move: Whirlpool|[partiallytrapped]\n|upkeep\n|turn|5\n|inactive|Hadrian1917 has 30 seconds left.\n|\n|t:|1683139113\n|move|p1b: Flutter Mane|Shadow Ball|p2a: Flutter Mane\n|-supereffective|p2a: Flutter Mane\n|-damage|p2a: Flutter Mane|11\/100 par\n|move|p2a: Flutter Mane|Moonblast|p1b: Flutter Mane\n|-damage|p1b: Flutter Mane|0 fnt\n|faint|p1b: Flutter Mane\n|-end|p1b: Flutter Mane|Protosynthesis|[silent]\n|move|p1a: Gyarados|Waterfall|p2b: Ting-Lu\n|-supereffective|p2b: Ting-Lu\n|-damage|p2b: Ting-Lu|8\/100\n|move|p2b: Ting-Lu|Rock Tomb|p1a: Gyarados\n|-supereffective|p1a: Gyarados\n|-crit|p1a: Gyarados\n|-damage|p1a: Gyarados|7\/100\n|-unboost|p1a: Gyarados|spe|1\n|-enditem|p1a: Gyarados|Sitrus Berry|[eat]\n|-heal|p1a: Gyarados|32\/100|[from] item: Sitrus Berry\n|\n|-heal|p2b: Ting-Lu|14\/100|[from] item: Leftovers\n|-damage|p2b: Ting-Lu|2\/100|[from] move: Whirlpool|[partiallytrapped]\n|upkeep\n|\n|t:|1683139135\n|switch|p1b: Baxcalibur|Baxcalibur, L50, M|100\/100\n|turn|6\n|inactive|SL1D has 30 seconds left.\n|inactive|Hadrian1917 has 30 seconds left.\n|\n|t:|1683139165\n|move|p2a: Flutter Mane|Protect|p2a: Flutter Mane\n|-singleturn|p2a: Flutter Mane|Protect\n|move|p1b: Baxcalibur|Icicle Spear|p2a: Flutter Mane\n|-activate|p2a: Flutter Mane|move: Protect\n|move|p2b: Ting-Lu|Rock Tomb|p1b: Baxcalibur\n|-supereffective|p1b: Baxcalibur\n|-damage|p1b: Baxcalibur|81\/100\n|-unboost|p1b: Baxcalibur|spe|1\n|move|p1a: Gyarados|Waterfall|p2b: Ting-Lu\n|-supereffective|p2b: Ting-Lu\n|-damage|p2b: Ting-Lu|0 fnt\n|faint|p2b: Ting-Lu\n|\n|upkeep\n|\n|t:|1683139179\n|switch|p2b: Iron Hands|Iron Hands, L50|63\/100\n|turn|7\n|inactive|Hadrian1917 has 30 seconds left.\n|inactive|Hadrian1917 has 20 seconds left.\n|\n|t:|1683139216\n|switch|p1a: Ting-Lu|Ting-Lu, L50|100\/100\n|-ability|p1a: Ting-Lu|Vessel of Ruin\n|move|p1b: Baxcalibur|Protect|p1b: Baxcalibur\n|-singleturn|p1b: Baxcalibur|Protect\n|move|p2b: Iron Hands|Fake Out|p1b: Baxcalibur\n|-activate|p1b: Baxcalibur|move: Protect\n|cant|p2a: Flutter Mane|par\n|\n|upkeep\n|turn|8\n|inactive|Hadrian1917 has 30 seconds left.\n|\n|t:|1683139250\n|move|p1b: Baxcalibur|Ice Shard|p2a: Flutter Mane\n|-damage|p2a: Flutter Mane|0 fnt\n|faint|p2a: Flutter Mane\n|-end|p2a: Flutter Mane|Protosynthesis|[silent]\n|move|p2b: Iron Hands|Drain Punch|p1a: Ting-Lu\n|-supereffective|p1a: Ting-Lu\n|-damage|p1a: Ting-Lu|55\/100\n|-heal|p2b: Iron Hands|88\/100|[from] drain|[of] p1a: Ting-Lu\n|move|p1a: Ting-Lu|Fissure|p2b: Iron Hands|[miss]\n|-miss|p1a: Ting-Lu|p2b: Iron Hands\n|\n|upkeep\n|\n|t:|1683139261\n|switch|p2a: Gyarados|Gyarados, L50, F|100\/100\n|-ability|p2a: Gyarados|Intimidate|boost\n|-unboost|p1a: Ting-Lu|atk|1\n|-unboost|p1b: Baxcalibur|atk|1\n|turn|9\n|\n|t:|1683139275\n|switch|p1b: Gyarados|Gyarados, L50, M|32\/100\n|-ability|p1b: Gyarados|Intimidate|boost\n|-unboost|p2a: Gyarados|atk|1\n|-unboost|p2b: Iron Hands|atk|1\n|-terastallize|p2b: Iron Hands|Grass\n|move|p2a: Gyarados|Thunder Wave|p1b: Gyarados\n|-status|p1b: Gyarados|par\n|move|p2b: Iron Hands|Drain Punch|p1a: Ting-Lu\n|-supereffective|p1a: Ting-Lu\n|-damage|p1a: Ting-Lu|24\/100\n|-heal|p2b: Iron Hands|100\/100|[from] drain|[of] p1a: Ting-Lu\n|move|p1a: Ting-Lu|Stomping Tantrum|p2b: Iron Hands\n|-resisted|p2b: Iron Hands\n|-damage|p2b: Iron Hands|83\/100\n|\n|upkeep\n|turn|10\n|\n|t:|1683139297\n|move|p2a: Gyarados|Waterfall|p1a: Ting-Lu\n|-supereffective|p1a: Ting-Lu\n|-damage|p1a: Ting-Lu|0 fnt\n|faint|p1a: Ting-Lu\n|move|p2b: Iron Hands|Drain Punch|p1b: Gyarados\n|-resisted|p1b: Gyarados\n|-damage|p1b: Gyarados|18\/100 par\n|-heal|p2b: Iron Hands|89\/100|[from] drain|[of] p1b: Gyarados\n|move|p1b: Gyarados|Thunder Wave|p2a: Gyarados|[miss]\n|-miss|p1b: Gyarados|p2a: Gyarados\n|\n|upkeep\n|\n|t:|1683139307\n|switch|p1a: Baxcalibur|Baxcalibur, L50, M|81\/100\n|turn|11\n|\n|t:|1683139331\n|move|p1a: Baxcalibur|Protect|p1a: Baxcalibur\n|-singleturn|p1a: Baxcalibur|Protect\n|move|p2a: Gyarados|Protect|p2a: Gyarados\n|-singleturn|p2a: Gyarados|Protect\n|move|p2b: Iron Hands|Wild Charge|p1b: Gyarados\n|-supereffective|p1b: Gyarados\n|-damage|p1b: Gyarados|0 fnt\n|faint|p1b: Gyarados\n|-damage|p2b: Iron Hands|85\/100|[from] Recoil\n|\n|upkeep\n|turn|12\n|\n|t:|1683139353\n|move|p1a: Baxcalibur|Icicle Spear|p2b: Iron Hands\n|-supereffective|p2b: Iron Hands\n|-damage|p2b: Iron Hands|65\/100\n|-supereffective|p2b: Iron Hands\n|-damage|p2b: Iron Hands|45\/100\n|-supereffective|p2b: Iron Hands\n|-damage|p2b: Iron Hands|25\/100\n|-supereffective|p2b: Iron Hands\n|-damage|p2b: Iron Hands|5\/100\n|-hitcount|p2b: Iron Hands|4\n|move|p2a: Gyarados|Thunder Wave|p1a: Baxcalibur\n|-status|p1a: Baxcalibur|par\n|move|p2b: Iron Hands|Drain Punch|p1a: Baxcalibur\n|-supereffective|p1a: Baxcalibur\n|-damage|p1a: Baxcalibur|34\/100 par\n|-heal|p2b: Iron Hands|26\/100|[from] drain|[of] p1a: Baxcalibur\n|\n|upkeep\n|turn|13\n|\n|t:|1683139373\n|move|p1a: Baxcalibur|Ice Shard|p2b: Iron Hands\n|-supereffective|p2b: Iron Hands\n|-damage|p2b: Iron Hands|0 fnt\n|faint|p2b: Iron Hands\n|-end|p2b: Iron Hands|Quark Drive|[silent]\n|move|p2a: Gyarados|Waterfall|p1a: Baxcalibur\n|-resisted|p1a: Baxcalibur\n|-damage|p1a: Baxcalibur|23\/100 par\n|\n|upkeep\n|turn|14\n|\n|t:|1683139384\n|move|p2a: Gyarados|Protect|p2a: Gyarados\n|-singleturn|p2a: Gyarados|Protect\n|move|p1a: Baxcalibur|Icicle Spear|p2a: Gyarados\n|-activate|p2a: Gyarados|move: Protect\n|\n|upkeep\n|turn|15\n|\n|t:|1683139392\n|move|p2a: Gyarados|Waterfall|p1a: Baxcalibur\n|-resisted|p1a: Baxcalibur\n|-damage|p1a: Baxcalibur|13\/100 par\n|cant|p1a: Baxcalibur|par\n|\n|upkeep\n|turn|16\n|\n|t:|1683139399\n|move|p2a: Gyarados|Protect|p2a: Gyarados\n|-singleturn|p2a: Gyarados|Protect\n|move|p1a: Baxcalibur|Icicle Spear|p2a: Gyarados\n|-activate|p2a: Gyarados|move: Protect\n|\n|upkeep\n|turn|17\n|\n|t:|1683139405\n|move|p2a: Gyarados|Waterfall|p1a: Baxcalibur\n|-resisted|p1a: Baxcalibur\n|-damage|p1a: Baxcalibur|4\/100 par\n|cant|p1a: Baxcalibur|par\n|\n|upkeep\n|turn|18\n|inactive|Hadrian1917 has 30 seconds left.\n|-message|SL1D forfeited.\n|\n|win|Hadrian1917\n|inactive|Hadrian1917 has 30 seconds left this turn.\n|raw|SL1D's rating: 1170 → 1142<\/strong> (-28 for losing)\n|raw|Hadrian1917's rating: 1129 → 1157<\/strong> (+28 for winning)\n|l|\u2606SL1D\n","uploadtime":1683139417,"views":12,"p1id":"sl1d","p2id":"hadrian1917","formatid":"gen9vgc2023regulationc","rating":1142,"private":0,"password":""}