{"id":"gen9vgc2023regulationc-1847518551","p1":"Sunny_zong","p2":"marioman6444","format":"[Gen 9] VGC 2023 Regulation C","log":"|j|\u2606Sunny_zong\n|j|\u2606marioman6444\n|t:|1681966136\n|gametype|doubles\n|player|p1|Sunny_zong|lady|1144\n|player|p2|marioman6444|hoopster|1215\n|teamsize|p1|6\n|teamsize|p2|6\n|gen|9\n|tier|[Gen 9] VGC 2023 Regulation C\n|rated|\n|rule|Species Clause: Limit one of each Pok\u00e9mon\n|rule|Item Clause: Limit one of each item\n|clearpoke\n|poke|p1|Talonflame, L50, F|\n|poke|p1|Flutter Mane, L50|\n|poke|p1|Chi-Yu, L50|\n|poke|p1|Staraptor, L50, M|\n|poke|p1|Dragapult, L50, F|\n|poke|p1|Torkoal, L50, M|\n|poke|p2|Brute Bonnet, L50|\n|poke|p2|Garchomp, L50, F|\n|poke|p2|Murkrow, L50, F|\n|poke|p2|Iron Bundle, L50|\n|poke|p2|Maushold, L50|\n|poke|p2|Flutter Mane, L50|\n|teampreview|4\n|inactive|Battle timer is ON: inactive players will automatically lose when time's up. (requested by marioman6444)\n|inactive|Sunny_zong also wants the timer to be on.\nSunny_zong rejected open team sheets.\n|inactive|marioman6444 has 60 seconds left.\n|\n|t:|1681966172\n|start\n|switch|p1a: Staraptor|Staraptor, L50, M|100\/100\n|switch|p1b: Dragapult|Dragapult, L50, F|100\/100\n|switch|p2a: G-Girl|Garchomp, L50, F, shiny|100\/100\n|switch|p2b: ourple bdir|Murkrow, L50, F, shiny|100\/100\n|-ability|p1a: Staraptor|Intimidate|boost\n|-unboost|p2a: G-Girl|atk|1\n|-unboost|p2b: ourple bdir|atk|1\n|turn|1\n|inactive|marioman6444 has 30 seconds left.\n|inactive|marioman6444 has 20 seconds left.\n|inactive|marioman6444 has 15 seconds left.\n|\n|t:|1681966215\n|-terastallize|p2a: G-Girl|Ground\n|move|p1b: Dragapult|Protect|p1b: Dragapult\n|-singleturn|p1b: Dragapult|Protect\n|move|p2b: ourple bdir|Tailwind|p2b: ourple bdir\n|-sidestart|p2: marioman6444|move: Tailwind\n|move|p2a: G-Girl|Earthquake|p1b: Dragapult|[spread] \n|-activate|p1b: Dragapult|move: Protect\n|-immune|p2b: ourple bdir\n|-immune|p1a: Staraptor\n|move|p1a: Staraptor|Final Gambit|p2a: G-Girl\n|-damage|p2a: G-Girl|0 fnt\n|faint|p1a: Staraptor\n|faint|p2a: G-Girl\n|\n|upkeep\n|\n|t:|1681966229\n|switch|p2a: Brute Bonnet|Brute Bonnet, L50, shiny|100\/100\n|switch|p1a: Talonflame|Talonflame, L50, F|100\/100\n|turn|2\n|\n|t:|1681966244\n|-terastallize|p1b: Dragapult|Normal\n|move|p1a: Talonflame|Brave Bird|p2a: Brute Bonnet\n|-supereffective|p2a: Brute Bonnet\n|-damage|p2a: Brute Bonnet|10\/100\n|-damage|p1a: Talonflame|62\/100|[from] Recoil\n|move|p2a: Brute Bonnet|Spore|p1a: Talonflame\n|-status|p1a: Talonflame|slp|[from] move: Spore\n|move|p2b: ourple bdir|Foul Play|p1b: Dragapult\n|-damage|p1b: Dragapult|32\/100\n|move|p1b: Dragapult|Last Resort|p2a: Brute Bonnet\n|-damage|p2a: Brute Bonnet|0 fnt\n|faint|p2a: Brute Bonnet\n|-end|p2a: Brute Bonnet|Protosynthesis|[silent]\n|\n|upkeep\n|\n|t:|1681966255\n|switch|p2a: Mutter Flane|Flutter Mane, L50, shiny|100\/100\n|-enditem|p2a: Mutter Flane|Booster Energy\n|-activate|p2a: Mutter Flane|ability: Protosynthesis|[fromitem]\n|-start|p2a: Mutter Flane|protosynthesisspa\n|turn|3\n|\n|t:|1681966277\n|move|p1b: Dragapult|Protect|p1b: Dragapult\n|-singleturn|p1b: Dragapult|Protect\n|move|p2b: ourple bdir|Sunny Day|p2b: ourple bdir\n|-weather|SunnyDay\n|move|p2a: Mutter Flane|Dazzling Gleam|p1a: Talonflame|[spread] p1a\n|-activate|p1b: Dragapult|move: Protect\n|-resisted|p1a: Talonflame\n|-damage|p1a: Talonflame|32\/100 slp\n|cant|p1a: Talonflame|slp\n|\n|-weather|SunnyDay|[upkeep]\n|upkeep\n|turn|4\n|\n|t:|1681966290\n|move|p2a: Mutter Flane|Dazzling Gleam|p1a: Talonflame|[spread] p1a,p1b\n|-resisted|p1a: Talonflame\n|-damage|p1a: Talonflame|2\/100 slp\n|-damage|p1b: Dragapult|0 fnt\n|faint|p1b: Dragapult\n|move|p2b: ourple bdir|Foul Play|p1a: Talonflame\n|-damage|p1a: Talonflame|0 fnt\n|faint|p1a: Talonflame\n|\n|-weather|SunnyDay|[upkeep]\n|-sideend|p2: marioman6444|move: Tailwind\n|upkeep\n|\n|t:|1681966293\n|switch|p1a: Flutter Mane|Flutter Mane, L50|100\/100\n|-activate|p1a: Flutter Mane|ability: Protosynthesis\n|-start|p1a: Flutter Mane|protosynthesisspa\n|turn|5\n|\n|t:|1681966301\n|move|p2b: ourple bdir|Tailwind|p2b: ourple bdir\n|-sidestart|p2: marioman6444|move: Tailwind\n|move|p2a: Mutter Flane|Moonblast|p1a: Flutter Mane\n|-damage|p1a: Flutter Mane|49\/100\n|move|p1a: Flutter Mane|Dazzling Gleam|p2b: ourple bdir|[spread] p2a,p2b\n|-supereffective|p2b: ourple bdir\n|-damage|p2a: Mutter Flane|40\/100\n|-damage|p2b: ourple bdir|0 fnt\n|faint|p2b: ourple bdir\n|\n|-weather|SunnyDay|[upkeep]\n|upkeep\n|turn|6\n|\n|t:|1681966306\n|move|p2a: Mutter Flane|Shadow Ball|p1a: Flutter Mane\n|-supereffective|p1a: Flutter Mane\n|-damage|p1a: Flutter Mane|0 fnt\n|faint|p1a: Flutter Mane\n|-end|p1a: Flutter Mane|Protosynthesis|[silent]\n|\n|win|marioman6444\n|raw|Sunny_zong's rating: 1144 → 1124<\/strong> (-20 for losing)\n|raw|marioman6444's rating: 1215 → 1235<\/strong> (+20 for winning)\n|l|\u2606Sunny_zong\n|c|\u2606marioman6444|Gg\n","uploadtime":1681966317,"views":9,"p1id":"sunnyzong","p2id":"marioman6444","formatid":"gen9vgc2023regulationc","rating":1124,"private":0,"password":""}