{"id":"gen9vgc2023regulationc-1853046332","p1":"Nitrobinet","p2":"Crest of Thunders","format":"[Gen 9] VGC 2023 Regulation C","log":"|j|\u2606Nitrobinet\n|j|\u2606Crest of Thunders\n|t:|1682629038\n|gametype|doubles\n|player|p1|Nitrobinet|nate|1208\n|player|p2|Crest of Thunders|ethan-masters|1309\n|teamsize|p1|6\n|teamsize|p2|6\n|gen|9\n|tier|[Gen 9] VGC 2023 Regulation C\n|rated|\n|rule|Species Clause: Limit one of each Pok\u00e9mon\n|rule|Item Clause: Limit one of each item\n|clearpoke\n|poke|p1|Flutter Mane, L50|\n|poke|p1|Chi-Yu, L50|\n|poke|p1|Ting-Lu, L50|\n|poke|p1|Gyarados, L50, F|\n|poke|p1|Baxcalibur, L50, M|\n|poke|p1|Amoonguss, L50, F|\n|poke|p2|Iron Hands, L50|\n|poke|p2|Arcanine, L50, M|\n|poke|p2|Ting-Lu, L50|\n|poke|p2|Flutter Mane, L50|\n|poke|p2|Iron Bundle, L50|\n|poke|p2|Amoonguss, L50, F|\n|teampreview|4\n|inactive|Battle timer is ON: inactive players will automatically lose when time's up. (requested by Nitrobinet)\n|c|\u2606Crest of Thunders|glhf\nCrest of Thunders has agreed to open team sheets.\nNitrobinet rejected open team sheets.\n|\n|t:|1682629059\n|start\n|switch|p1a: Ting-Lu|Ting-Lu, L50|100\/100\n|switch|p1b: Amoonguss|Amoonguss, L50, F|100\/100\n|switch|p2a: 5A1NT_N1K|Iron Bundle, L50|100\/100\n|switch|p2b: Gravestone|Flutter Mane, L50, shiny|100\/100\n|-ability|p1a: Ting-Lu|Vessel of Ruin\n|-enditem|p2a: 5A1NT_N1K|Booster Energy\n|-activate|p2a: 5A1NT_N1K|ability: Quark Drive|[fromitem]\n|-start|p2a: 5A1NT_N1K|quarkdrivespe\n|turn|1\n|\n|t:|1682629087\n|-terastallize|p2b: Gravestone|Water\n|move|p1b: Amoonguss|Rage Powder|p1b: Amoonguss\n|-singleturn|p1b: Amoonguss|move: Rage Powder\n|move|p2a: 5A1NT_N1K|Freeze-Dry|p1b: Amoonguss\n|-supereffective|p1b: Amoonguss\n|-damage|p1b: Amoonguss|62\/100\n|move|p2b: Gravestone|Taunt|p1b: Amoonguss\n|-start|p1b: Amoonguss|move: Taunt\n|move|p1a: Ting-Lu|Heavy Slam|p2b: Gravestone\n|-resisted|p2b: Gravestone\n|-damage|p2b: Gravestone|69\/100\n|\n|upkeep\n|turn|2\n|\n|t:|1682629106\n|move|p2a: 5A1NT_N1K|Encore|p1b: Amoonguss\n|-start|p1b: Amoonguss|Encore\n|move|p2b: Gravestone|Moonblast|p1a: Ting-Lu\n|-supereffective|p1a: Ting-Lu\n|-damage|p1a: Ting-Lu|46\/100\n|-damage|p2b: Gravestone|60\/100|[from] item: Life Orb\n|move|p1a: Ting-Lu|Fissure|p2b: Gravestone|[miss]\n|-miss|p1a: Ting-Lu|p2b: Gravestone\n|cant|p1b: Amoonguss|move: Taunt|Rage Powder\n|\n|upkeep\n|turn|3\n|\n|t:|1682629126\n|switch|p1b: Flutter Mane|Flutter Mane, L50|100\/100\n|-enditem|p1b: Flutter Mane|Booster Energy\n|-activate|p1b: Flutter Mane|ability: Protosynthesis|[fromitem]\n|-start|p1b: Flutter Mane|protosynthesisspe\n|move|p2a: 5A1NT_N1K|Freeze-Dry|p1b: Flutter Mane\n|-damage|p1b: Flutter Mane|74\/100\n|move|p2b: Gravestone|Moonblast|p1a: Ting-Lu\n|-supereffective|p1a: Ting-Lu\n|-damage|p1a: Ting-Lu|0 fnt\n|faint|p1a: Ting-Lu\n|-damage|p2b: Gravestone|50\/100|[from] item: Life Orb\n|\n|upkeep\n|\n|t:|1682629131\n|switch|p1a: Chi-Yu|Chi-Yu, L50|100\/100\n|-ability|p1a: Chi-Yu|Beads of Ruin\n|turn|4\n|\n|t:|1682629155\n|move|p2a: 5A1NT_N1K|Protect|p2a: 5A1NT_N1K\n|-singleturn|p2a: 5A1NT_N1K|Protect\n|move|p2b: Gravestone|Protect|p2b: Gravestone\n|-singleturn|p2b: Gravestone|Protect\n|move|p1b: Flutter Mane|Dazzling Gleam|p2b: Gravestone|[spread] \n|-activate|p2a: 5A1NT_N1K|move: Protect\n|-activate|p2b: Gravestone|move: Protect\n|move|p1a: Chi-Yu|Snarl|p2a: 5A1NT_N1K|[spread] \n|-activate|p2a: 5A1NT_N1K|move: Protect\n|-activate|p2b: Gravestone|move: Protect\n|\n|upkeep\n|turn|5\n|\n|t:|1682629176\n|-end|p2b: Gravestone|Protosynthesis|[silent]\n|switch|p2b: Mellow|Amoonguss, L50, F|100\/100\n|move|p2a: 5A1NT_N1K|Freeze-Dry|p1b: Flutter Mane\n|-damage|p1b: Flutter Mane|25\/100\n|move|p1b: Flutter Mane|Dazzling Gleam|p2b: Mellow|[spread] p2a,p2b\n|-resisted|p2b: Mellow\n|-damage|p2a: 5A1NT_N1K|22\/100\n|-damage|p2b: Mellow|84\/100\n|move|p1a: Chi-Yu|Snarl|p2b: Mellow|[spread] p2a,p2b\n|-damage|p2a: 5A1NT_N1K|0 fnt\n|-damage|p2b: Mellow|58\/100\n|-unboost|p2b: Mellow|spa|1\n|faint|p2a: 5A1NT_N1K\n|-end|p2a: 5A1NT_N1K|Quark Drive|[silent]\n|\n|upkeep\n|\n|t:|1682629195\n|switch|p2a: 5UM0|Iron Hands, L50|100\/100\n|turn|6\n|\n|t:|1682629206\n|switch|p1a: Amoonguss|Amoonguss, L50, F|95\/100\n|move|p1b: Flutter Mane|Shadow Ball|p2b: Mellow\n|-damage|p2b: Mellow|22\/100\n|-unboost|p2b: Mellow|spd|1\n|-enditem|p2b: Mellow|Aguav Berry|[eat]\n|-heal|p2b: Mellow|55\/100|[from] item: Aguav Berry\n|move|p2a: 5UM0|Wild Charge|p1b: Flutter Mane\n|-damage|p1b: Flutter Mane|0 fnt\n|faint|p1b: Flutter Mane\n|-end|p1b: Flutter Mane|Protosynthesis|[silent]\n|-damage|p2a: 5UM0|97\/100|[from] Recoil\n|move|p2b: Mellow|Spore|p1a: Amoonguss\n|-immune|p1a: Amoonguss\n|\n|upkeep\n|\n|t:|1682629215\n|switch|p1b: Chi-Yu|Chi-Yu, L50|100\/100\n|-ability|p1b: Chi-Yu|Beads of Ruin\n|turn|7\n|inactive|Crest of Thunders has 30 seconds left.\n|inactive|Crest of Thunders has 20 seconds left.\n|inactive|Crest of Thunders has 15 seconds left.\n|\n|t:|1682629255\n|move|p1a: Amoonguss|Rage Powder|p1a: Amoonguss\n|-singleturn|p1a: Amoonguss|move: Rage Powder\n|move|p1b: Chi-Yu|Heat Wave|p2a: 5UM0|[spread] p2a,p2b\n|-supereffective|p2b: Mellow\n|-damage|p2a: 5UM0|59\/100\n|-damage|p2b: Mellow|0 fnt\n|faint|p2b: Mellow\n|move|p2a: 5UM0|Drain Punch|p1a: Amoonguss\n|-resisted|p1a: Amoonguss\n|-damage|p1a: Amoonguss|74\/100\n|-heal|p2a: 5UM0|68\/100|[from] drain|[of] p1a: Amoonguss\n|\n|upkeep\n|\n|t:|1682629259\n|switch|p2b: Gravestone|Flutter Mane, L50, shiny, tera:Water|50\/100\n|turn|8\n|\n|t:|1682629273\n|move|p1b: Chi-Yu|Heat Wave|p2b: Gravestone|[spread] p2a,p2b\n|-resisted|p2b: Gravestone\n|-damage|p2a: 5UM0|29\/100\n|-damage|p2b: Gravestone|28\/100\n|-enditem|p2a: 5UM0|Sitrus Berry|[eat]\n|-heal|p2a: 5UM0|54\/100|[from] item: Sitrus Berry\n|move|p2b: Gravestone|Taunt|p1a: Amoonguss\n|-start|p1a: Amoonguss|move: Taunt\n|move|p2a: 5UM0|Drain Punch|p1b: Chi-Yu\n|-supereffective|p1b: Chi-Yu\n|-damage|p1b: Chi-Yu|0 fnt\n|-heal|p2a: 5UM0|80\/100|[from] drain|[of] p1b: Chi-Yu\n|faint|p1b: Chi-Yu\n|move|p1a: Amoonguss|Pollen Puff|p2b: Gravestone\n|-damage|p2b: Gravestone|13\/100\n|\n|upkeep\n|turn|9\n|\n|t:|1682629293\n|move|p2b: Gravestone|Shadow Ball|p1a: Amoonguss\n|-damage|p1a: Amoonguss|39\/100\n|-enditem|p1a: Amoonguss|Sitrus Berry|[eat]\n|-heal|p1a: Amoonguss|64\/100|[from] item: Sitrus Berry\n|-damage|p2b: Gravestone|3\/100|[from] item: Life Orb\n|move|p2a: 5UM0|Swords Dance|p2a: 5UM0\n|-boost|p2a: 5UM0|atk|2\n|move|p1a: Amoonguss|Pollen Puff|p2b: Gravestone\n|-damage|p2b: Gravestone|0 fnt\n|faint|p2b: Gravestone\n|-end|p2b: Gravestone|Protosynthesis|[silent]\n|\n|upkeep\n|turn|10\n|\n|t:|1682629300\n|move|p2a: 5UM0|Wild Charge|p1a: Amoonguss\n|-resisted|p1a: Amoonguss\n|-damage|p1a: Amoonguss|10\/100\n|-damage|p2a: 5UM0|68\/100|[from] Recoil\n|move|p1a: Amoonguss|Pollen Puff|p2a: 5UM0\n|-resisted|p2a: 5UM0\n|-damage|p2a: 5UM0|61\/100\n|\n|-end|p1a: Amoonguss|move: Taunt\n|upkeep\n|turn|11\n|\n|t:|1682629310\n|move|p1a: Amoonguss|Protect|p1a: Amoonguss\n|-singleturn|p1a: Amoonguss|Protect\n|move|p2a: 5UM0|Wild Charge|p1a: Amoonguss\n|-activate|p1a: Amoonguss|move: Protect\n|\n|upkeep\n|turn|12\n|\n|t:|1682629314\n|move|p2a: 5UM0|Wild Charge|p1a: Amoonguss\n|-resisted|p1a: Amoonguss\n|-damage|p1a: Amoonguss|0 fnt\n|faint|p1a: Amoonguss\n|-damage|p2a: 5UM0|59\/100|[from] Recoil\n|\n|win|Crest of Thunders\n|raw|Nitrobinet's rating: 1208 → 1190<\/strong> (-18 for losing)\n|raw|Crest of Thunders's rating: 1309 → 1323<\/strong> (+14 for winning)\n|c|\u2606Crest of Thunders|gg\n|l|\u2606Nitrobinet\n","uploadtime":1682629337,"views":17,"p1id":"nitrobinet","p2id":"crestofthunders","formatid":"gen9vgc2023regulationc","rating":1190,"private":0,"password":""}