{"id":"gen9vgc2023regulationc-1857748779","p1":"Aurinko_Test","p2":"jeffman323","format":"[Gen 9] VGC 2023 Regulation C","log":"|j|\u2606Aurinko_Test\n|j|\u2606jeffman323\n|t:|1683228053\n|gametype|doubles\n|player|p1|Aurinko_Test|169|1585\n|player|p2|jeffman323|steven|1560\n|teamsize|p1|6\n|teamsize|p2|6\n|gen|9\n|tier|[Gen 9] VGC 2023 Regulation C\n|rated|\n|rule|Species Clause: Limit one of each Pok\u00e9mon\n|rule|Item Clause: Limit one of each item\n|clearpoke\n|poke|p1|Glimmora, L50, F|\n|poke|p1|Garganacl, L50, M|\n|poke|p1|Annihilape, L50, M|\n|poke|p1|Sableye, L50, M|\n|poke|p1|Wo-Chien, L50|\n|poke|p1|Ting-Lu, L50|\n|poke|p2|Hatterene, L50, F|\n|poke|p2|Azumarill, L50, F|\n|poke|p2|Brute Bonnet, L50|\n|poke|p2|Kingambit, L50, M|\n|poke|p2|Iron Hands, L50|\n|poke|p2|Stantler, L50, F|\n|teampreview|4\njeffman323 has agreed to open team sheets.\n|\n|t:|1683228131\n|start\n|switch|p1a: Glimmora|Glimmora, L50, F|100\/100\n|switch|p1b: Sableye|Sableye, L50, M|100\/100\n|switch|p2a: Kingambit|Kingambit, L50, M|100\/100\n|switch|p2b: Iron Hands|Iron Hands, L50|100\/100\n|turn|1\n|\n|t:|1683228152\n|-terastallize|p2a: Kingambit|Flying\n|move|p1b: Sableye|Reflect|p1b: Sableye\n|-sidestart|p1: Aurinko_Test|Reflect\n|move|p1a: Glimmora|Earth Power|p2b: Iron Hands\n|-supereffective|p2b: Iron Hands\n|-damage|p2b: Iron Hands|63\/100\n|move|p2b: Iron Hands|Earthquake|p1a: Glimmora|[spread] p1a,p1b\n|-immune|p2a: Kingambit\n|-supereffective|p1a: Glimmora\n|-enditem|p1a: Glimmora|Focus Sash\n|-damage|p1a: Glimmora|1\/100\n|-damage|p1b: Sableye|72\/100\n|-activate|p1a: Glimmora|ability: Toxic Debris\n|-sidestart|p2: jeffman323|move: Toxic Spikes\n|move|p2a: Kingambit|Iron Head|p1b: Sableye\n|-damage|p1b: Sableye|29\/100\n|\n|upkeep\n|turn|2\n|\n|t:|1683228186\n|move|p1b: Sableye|Encore|p2a: Kingambit\n|-start|p2a: Kingambit|Encore\n|move|p2a: Kingambit|Iron Head|p1a: Glimmora\n|-supereffective|p1a: Glimmora\n|-damage|p1a: Glimmora|0 fnt\n|-activate|p1a: Glimmora|ability: Toxic Debris\n|-sidestart|p2: jeffman323|move: Toxic Spikes\n|faint|p1a: Glimmora\n|move|p2b: Iron Hands|Earthquake|p1b: Sableye|[spread] p1b\n|-immune|p2a: Kingambit\n|-damage|p1b: Sableye|0 fnt\n|faint|p1b: Sableye\n|\n|upkeep\n|c|\u2606jeffman323|yo what\n|c|\u2606jeffman323|it keeps sucker punch's prio\n|c|\u2606jeffman323|Unless glimmora was going for a negative prio move\n|c|\u2606Aurinko_Test|I didn't know, thanks\n|\n|t:|1683228234\n|switch|p1a: Garganacl|Garganacl, L50, M|100\/100\n|switch|p1b: Wo-Chien|Wo-Chien, L50|100\/100\n|-ability|p1b: Wo-Chien|Tablets of Ruin\n|turn|3\n|\n|t:|1683228252\n|-terastallize|p1b: Wo-Chien|Poison\n|move|p1b: Wo-Chien|Leech Seed|p2a: Kingambit\n|-start|p2a: Kingambit|move: Leech Seed\n|move|p1a: Garganacl|Salt Cure|p2a: Kingambit\n|-supereffective|p2a: Kingambit\n|-crit|p2a: Kingambit\n|-damage|p2a: Kingambit|76\/100\n|-start|p2a: Kingambit|Salt Cure\n|move|p2a: Kingambit|Iron Head|p1a: Garganacl\n|-supereffective|p1a: Garganacl\n|-damage|p1a: Garganacl|68\/100\n|move|p2b: Iron Hands|Drain Punch|p1b: Wo-Chien\n|-resisted|p1b: Wo-Chien\n|-damage|p1b: Wo-Chien|92\/100\n|-heal|p2b: Iron Hands|66\/100|[from] drain|[of] p1b: Wo-Chien\n|-damage|p2b: Iron Hands|50\/100|[from] item: Rocky Helmet|[of] p1b: Wo-Chien\n|\n|-heal|p1a: Garganacl|73\/100|[from] item: Leftovers\n|-damage|p2a: Kingambit|64\/100|[from] Leech Seed|[of] p1b: Wo-Chien\n|-heal|p1b: Wo-Chien|100\/100|[silent]\n|-damage|p2a: Kingambit|52\/100|[from] Salt Cure\n|upkeep\n|turn|4\n|\n|t:|1683228279\n|-end|p2b: Iron Hands|Quark Drive|[silent]\n|switch|p2b: Hatterene|Hatterene, L50, F|100\/100\n|-status|p2b: Hatterene|tox\n|move|p1b: Wo-Chien|Leech Seed|p2b: Hatterene\n|move|p2b: Hatterene|Leech Seed|p1b: Wo-Chien|[from]ability: Magic Bounce\n|-start|p1b: Wo-Chien|move: Leech Seed\n|move|p1a: Garganacl|Recover|p1a: Garganacl\n|-heal|p1a: Garganacl|100\/100\n|move|p2a: Kingambit|Iron Head|p1b: Wo-Chien\n|-damage|p1b: Wo-Chien|81\/100\n|-damage|p2a: Kingambit|36\/100|[from] item: Rocky Helmet|[of] p1b: Wo-Chien\n|\n|-damage|p1b: Wo-Chien|69\/100|[from] Leech Seed|[of] p2b: Hatterene\n|-damage|p2a: Kingambit|24\/100|[from] Leech Seed|[of] p1b: Wo-Chien\n|-heal|p1b: Wo-Chien|82\/100|[silent]\n|-damage|p2b: Hatterene|94\/100 tox|[from] psn\n|-damage|p2a: Kingambit|12\/100|[from] Salt Cure\n|-end|p2a: Kingambit|Encore\n|upkeep\n|turn|5\n|\n|t:|1683228307\n|move|p1b: Wo-Chien|Protect|p1b: Wo-Chien\n|-singleturn|p1b: Wo-Chien|Protect\n|move|p1a: Garganacl|Fissure|p2b: Hatterene|[miss]\n|-miss|p1a: Garganacl|p2b: Hatterene\n|move|p2a: Kingambit|Iron Head|p1a: Garganacl\n|-supereffective|p1a: Garganacl\n|-damage|p1a: Garganacl|68\/100\n|move|p2b: Hatterene|Trick Room|p2b: Hatterene\n|-fieldstart|move: Trick Room|[of] p2b: Hatterene\n|\n|-heal|p1a: Garganacl|73\/100|[from] item: Leftovers\n|-damage|p2a: Kingambit|0 fnt|[from] Leech Seed|[of] p1b: Wo-Chien\n|-heal|p1b: Wo-Chien|94\/100|[silent]\n|faint|p2a: Kingambit\n|-damage|p1b: Wo-Chien|82\/100|[from] Leech Seed|[of] p2b: Hatterene\n|-heal|p2b: Hatterene|100\/100 tox|[silent]\n|-damage|p2b: Hatterene|88\/100 tox|[from] psn\n|upkeep\n|\n|t:|1683228321\n|switch|p2a: Azumarill|Azumarill, L50, F|100\/100\n|-status|p2a: Azumarill|tox\n|turn|6\n|\n|t:|1683228334\n|move|p2b: Hatterene|Psychic|p1b: Wo-Chien\n|-supereffective|p1b: Wo-Chien\n|-damage|p1b: Wo-Chien|19\/100\n|move|p2a: Azumarill|Liquidation|p1b: Wo-Chien\n|-damage|p1b: Wo-Chien|0 fnt\n|-damage|p2a: Azumarill|84\/100 tox|[from] item: Rocky Helmet|[of] p1b: Wo-Chien\n|faint|p1b: Wo-Chien\n|move|p1a: Garganacl|Salt Cure|p2a: Azumarill\n|-damage|p2a: Azumarill|70\/100 tox\n|-start|p2a: Azumarill|Salt Cure\n|\n|-heal|p1a: Garganacl|79\/100|[from] item: Leftovers\n|-damage|p2b: Hatterene|70\/100 tox|[from] psn\n|-damage|p2a: Azumarill|64\/100 tox|[from] psn\n|-damage|p2a: Azumarill|39\/100 tox|[from] Salt Cure\n|upkeep\n|-enditem|p2a: Azumarill|Sitrus Berry|[eat]\n|-heal|p2a: Azumarill|64\/100 tox|[from] item: Sitrus Berry\n|turn|7\n|\n|t:|1683228355\n|switch|p2a: Iron Hands|Iron Hands, L50|50\/100\n|-status|p2a: Iron Hands|tox\n|move|p1a: Garganacl|Protect|p1a: Garganacl\n|-singleturn|p1a: Garganacl|Protect\n|move|p2b: Hatterene|Psychic|p1a: Garganacl\n|-activate|p1a: Garganacl|move: Protect\n|\n|-heal|p1a: Garganacl|85\/100|[from] item: Leftovers\n|-damage|p2b: Hatterene|46\/100 tox|[from] psn\n|-damage|p2a: Iron Hands|43\/100 tox|[from] psn\n|upkeep\n|turn|8\n|\n|t:|1683228369\n|move|p2b: Hatterene|Psychic|p1a: Garganacl\n|-damage|p1a: Garganacl|50\/100\n|move|p2a: Iron Hands|Drain Punch|p1a: Garganacl\n|-supereffective|p1a: Garganacl\n|-damage|p1a: Garganacl|7\/100\n|-heal|p2a: Iron Hands|61\/100 tox|[from] drain|[of] p1a: Garganacl\n|move|p1a: Garganacl|Recover|p1a: Garganacl\n|-heal|p1a: Garganacl|58\/100\n|\n|-heal|p1a: Garganacl|63\/100|[from] item: Leftovers\n|-damage|p2b: Hatterene|15\/100 tox|[from] psn\n|-damage|p2a: Iron Hands|48\/100 tox|[from] psn\n|-sideend|p1: Aurinko_Test|Reflect\n|upkeep\n|turn|9\n|c|\u2606Aurinko_Test|gg\n|\n|t:|1683228383\n|switch|p2b: Azumarill|Azumarill, L50, F|64\/100 tox\n|move|p1a: Garganacl|Protect|p1a: Garganacl\n|-singleturn|p1a: Garganacl|Protect\n|move|p2a: Iron Hands|Drain Punch|p1a: Garganacl\n|-activate|p1a: Garganacl|move: Protect\n|\n|-heal|p1a: Garganacl|69\/100|[from] item: Leftovers\n|-damage|p2b: Azumarill|58\/100 tox|[from] psn\n|-damage|p2a: Iron Hands|30\/100 tox|[from] psn\n|-fieldend|move: Trick Room\n|upkeep\n|turn|10\n|\n|t:|1683228395\n|move|p1a: Garganacl|Recover|p1a: Garganacl\n|-heal|p1a: Garganacl|100\/100\n|move|p2b: Azumarill|Liquidation|p1a: Garganacl\n|-supereffective|p1a: Garganacl\n|-damage|p1a: Garganacl|28\/100\n|move|p2a: Iron Hands|Drain Punch|p1a: Garganacl\n|-supereffective|p1a: Garganacl\n|-damage|p1a: Garganacl|0 fnt\n|-heal|p2a: Iron Hands|41\/100 tox|[from] drain|[of] p1a: Garganacl\n|faint|p1a: Garganacl\n|\n|win|jeffman323\n|raw|Aurinko_Test's rating: 1585 → 1564<\/strong> (-21 for losing)\n|raw|jeffman323's rating: 1560 → 1581<\/strong> (+21 for winning)\n","uploadtime":1683228402,"views":11,"p1id":"aurinkotest","p2id":"jeffman323","formatid":"gen9vgc2023regulationc","rating":1564,"private":0,"password":""}