{"id":"gen9vgc2023regulationc-1854510181","p1":"Figwey","p2":"charedeburlap","format":"[Gen 9] VGC 2023 Regulation C","log":"|j|\u2606Figwey\n|j|\u2606charedeburlap\n|t:|1682820252\n|gametype|doubles\n|player|p1|Figwey|bianca-pwt|1174\n|player|p2|charedeburlap|lucian|1168\n|teamsize|p1|6\n|teamsize|p2|6\n|gen|9\n|tier|[Gen 9] VGC 2023 Regulation C\n|rated|\n|rule|Species Clause: Limit one of each Pok\u00e9mon\n|rule|Item Clause: Limit one of each item\n|clearpoke\n|poke|p1|Abomasnow, L50, F|\n|poke|p1|Cloyster, L50, F|\n|poke|p1|Chien-Pao, L50|\n|poke|p1|Glaceon, L50, F|\n|poke|p1|Cetitan, L50, M|\n|poke|p1|Weavile, L50, F|\n|poke|p2|Skeledirge, L50, M|\n|poke|p2|Clawitzer, L50, F|\n|poke|p2|Hatterene, L50, F|\n|poke|p2|Amoonguss, L50, M|\n|poke|p2|Farigiraf, L50, F|\n|poke|p2|Scizor, L50, M|\n|teampreview|4\n|inactive|Battle timer is ON: inactive players will automatically lose when time's up. (requested by charedeburlap)\n|\n|t:|1682820280\n|start\n|switch|p1a: Abomasnow|Abomasnow, L50, F|100\/100\n|switch|p1b: Glaceon|Glaceon, L50, F|100\/100\n|switch|p2a: Hatterene|Hatterene, L50, F|100\/100\n|switch|p2b: Scizor|Scizor, L50, M|100\/100\n|-weather|Snow|[from] ability: Snow Warning|[of] p1a: Abomasnow\n|turn|1\n|\n|t:|1682820300\n|-terastallize|p1b: Glaceon|Ice\n|move|p1a: Abomasnow|Aurora Veil|p1a: Abomasnow\n|-sidestart|p1: Figwey|move: Aurora Veil\n|move|p2b: Scizor|Swords Dance|p2b: Scizor\n|-boost|p2b: Scizor|atk|2\n|move|p1b: Glaceon|Blizzard|p2a: Hatterene|[spread] p2a,p2b\n|-resisted|p2b: Scizor\n|-damage|p2a: Hatterene|26\/100\n|-damage|p2b: Scizor|48\/100\n|-status|p2a: Hatterene|frz\n|cant|p2a: Hatterene|frz\n|\n|-weather|Snow|[upkeep]\n|upkeep\n|turn|2\n|\n|t:|1682820312\n|switch|p1a: Chien-Pao|Chien-Pao, L50|100\/100\n|-ability|p1a: Chien-Pao|Sword of Ruin\n|-terastallize|p2b: Scizor|Steel\n|move|p2b: Scizor|Bullet Punch|p1b: Glaceon\n|-supereffective|p1b: Glaceon\n|-damage|p1b: Glaceon|0 fnt\n|faint|p1b: Glaceon\n|-damage|p2b: Scizor|38\/100|[from] item: Life Orb\n|-curestatus|p2a: Hatterene|frz|[msg]\n|move|p2a: Hatterene|Heal Pulse|p2b: Scizor\n|-heal|p2b: Scizor|89\/100\n|\n|-weather|Snow|[upkeep]\n|upkeep\n|\n|t:|1682820319\n|switch|p1b: Abomasnow|Abomasnow, L50, F|100\/100\n|turn|3\n|\n|t:|1682820333\n|move|p2b: Scizor|Bullet Punch|p1a: Chien-Pao\n|-supereffective|p1a: Chien-Pao\n|-damage|p1a: Chien-Pao|0 fnt\n|faint|p1a: Chien-Pao\n|-damage|p2b: Scizor|79\/100|[from] item: Life Orb\n|move|p1b: Abomasnow|Blizzard|p2a: Hatterene|[spread] p2a,p2b\n|-resisted|p2b: Scizor\n|-damage|p2a: Hatterene|4\/100\n|-damage|p2b: Scizor|64\/100\n|move|p2a: Hatterene|Trick Room|p2a: Hatterene\n|-fieldstart|move: Trick Room|[of] p2a: Hatterene\n|\n|-weather|Snow|[upkeep]\n|upkeep\n|\n|t:|1682820340\n|switch|p1a: Weavile|Weavile, L50, F|100\/100\n|turn|4\n|\n|t:|1682820347\n|move|p2b: Scizor|Bullet Punch|p1a: Weavile\n|-supereffective|p1a: Weavile\n|-enditem|p1a: Weavile|Focus Sash\n|-damage|p1a: Weavile|1\/100\n|-enditem|p2b: Scizor|Life Orb|[silent]|[from] ability: Pickpocket|[of] p2b: Scizor\n|-item|p1a: Weavile|Life Orb|[from] ability: Pickpocket|[of] p2b: Scizor\n|move|p2a: Hatterene|Heal Pulse|p2b: Scizor\n|-heal|p2b: Scizor|100\/100\n|move|p1b: Abomasnow|Blizzard|p2a: Hatterene|[spread] p2a,p2b\n|-crit|p2a: Hatterene\n|-resisted|p2b: Scizor\n|-damage|p2a: Hatterene|0 fnt\n|-damage|p2b: Scizor|86\/100\n|faint|p2a: Hatterene\n|move|p1a: Weavile|Night Slash|p2b: Scizor\n|-damage|p2b: Scizor|42\/100\n|-damage|p1a: Weavile|0 fnt|[from] item: Life Orb\n|faint|p1a: Weavile\n|\n|-weather|Snow|[upkeep]\n|upkeep\n|\n|t:|1682820350\n|switch|p2a: Skeledirge|Skeledirge, L50, M|100\/100\n|turn|5\n|\n|t:|1682820358\n|move|p2b: Scizor|Bullet Punch|p1b: Abomasnow\n|-supereffective|p1b: Abomasnow\n|-damage|p1b: Abomasnow|2\/100\n|move|p2a: Skeledirge|Torch Song|p1b: Abomasnow\n|-supereffective|p1b: Abomasnow\n|-damage|p1b: Abomasnow|0 fnt\n|-boost|p2a: Skeledirge|spa|1\n|faint|p1b: Abomasnow\n|-enditem|p2a: Skeledirge|Throat Spray\n|\n|win|charedeburlap\n|raw|Figwey's rating: 1174 → 1149<\/strong> (-25 for losing)\n|raw|charedeburlap's rating: 1168 → 1193<\/strong> (+25 for winning)\n|l|\u2606Figwey\n","uploadtime":1682820364,"views":10,"p1id":"figwey","p2id":"charedeburlap","formatid":"gen9vgc2023regulationc","rating":1149,"private":0,"password":""}