{"id":"gen9vgc2023regulationc-1854770702","p1":"haha you rage quit","p2":"hihellobonjour","format":"[Gen 9] VGC 2023 Regulation C","log":"|j|\u2606haha you rage quit\n|j|\u2606hihellobonjour\n|t:|1682863885\n|gametype|doubles\n|player|p1|haha you rage quit|pokemaniac|1087\n|player|p2|hihellobonjour|170|1048\n|teamsize|p1|6\n|teamsize|p2|6\n|gen|9\n|tier|[Gen 9] VGC 2023 Regulation C\n|rated|\n|rule|Species Clause: Limit one of each Pok\u00e9mon\n|rule|Item Clause: Limit one of each item\n|clearpoke\n|poke|p1|Torkoal, L50, M|\n|poke|p1|Annihilape, L50, M|\n|poke|p1|Kingambit, L50, M|\n|poke|p1|Hatterene, L50, F|\n|poke|p1|Indeedee-F, L50, F|\n|poke|p1|Armarouge, L50, M|\n|poke|p2|Dondozo, L50, F|\n|poke|p2|Tatsugiri, L50, M|\n|poke|p2|Amoonguss, L50, F|\n|poke|p2|Chien-Pao, L50|\n|poke|p2|Dragonite, L50, F|\n|poke|p2|Flutter Mane, L50|\n|teampreview|4\n|\n|t:|1682863922\n|start\n|switch|p1a: Indeedee|Indeedee-F, L50, F, shiny|100\/100\n|switch|p1b: Annihilape|Annihilape, L50, M|100\/100\n|switch|p2a: Dondozo|Dondozo, L50, F|100\/100\n|switch|p2b: Amoonguss|Amoonguss, L50, F|100\/100\n|-fieldstart|move: Psychic Terrain|[from] ability: Psychic Surge|[of] p1a: Indeedee\n|-enditem|p1a: Indeedee|Psychic Seed\n|-boost|p1a: Indeedee|spd|1|[from] item: Psychic Seed\n|turn|1\n|\n|t:|1682863938\n|move|p1b: Annihilape|Final Gambit|p2b: Amoonguss\n|-damage|p2b: Amoonguss|2\/100\n|-enditem|p2b: Amoonguss|Sitrus Berry|[eat]\n|-heal|p2b: Amoonguss|27\/100|[from] item: Sitrus Berry\n|faint|p1b: Annihilape\n|move|p2a: Dondozo|Curse|p2a: Dondozo\n|-unboost|p2a: Dondozo|spe|1\n|-boost|p2a: Dondozo|atk|1\n|-boost|p2a: Dondozo|def|1\n|move|p2b: Amoonguss|Spore|p1a: Indeedee\n|-status|p1a: Indeedee|slp|[from] move: Spore\n|cant|p1a: Indeedee|slp\n|\n|upkeep\n|\n|t:|1682863955\n|switch|p1b: Armarouge|Armarouge, L50, M|100\/100\n|turn|2\n|\n|t:|1682863969\n|switch|p2b: Tatsugiri|Tatsugiri, L50, M|100\/100\n|-activate|p2b: Tatsugiri|ability: Commander|[of] p2a: Dondozo\n|-boost|p2a: Dondozo|atk|2\n|-boost|p2a: Dondozo|spa|2\n|-boost|p2a: Dondozo|spe|2\n|-boost|p2a: Dondozo|def|2\n|-boost|p2a: Dondozo|spd|2\n|-terastallize|p1b: Armarouge|Grass\n|cant|p1a: Indeedee|slp\n|move|p2a: Dondozo|Curse|p2a: Dondozo\n|-unboost|p2a: Dondozo|spe|1\n|-boost|p2a: Dondozo|atk|1\n|-boost|p2a: Dondozo|def|1\n|move|p1b: Armarouge|Trick Room|p1b: Armarouge\n|-fieldstart|move: Trick Room|[of] p1b: Armarouge\n|\n|upkeep\n|turn|3\n|\n|t:|1682864004\n|switch|p1a: Torkoal|Torkoal, L50, M|100\/100\n|-weather|SunnyDay|[from] ability: Drought|[of] p1a: Torkoal\n|move|p2a: Dondozo|Body Press|p1b: Armarouge\n|-damage|p1b: Armarouge|37\/100\n|move|p1b: Armarouge|Expanding Force|p2a: Dondozo|[spread] p2a\n|-miss|p1b: Armarouge|p2b: Tatsugiri\n|-damage|p2a: Dondozo|72\/100\n|\n|-weather|SunnyDay|[upkeep]\n|upkeep\n|turn|4\n|\n|t:|1682864018\n|move|p1a: Torkoal|Clear Smog|p2a: Dondozo\n|-damage|p2a: Dondozo|66\/100\n|-clearboost|p2a: Dondozo\n|move|p2a: Dondozo|Body Press|p1a: Torkoal\n|-damage|p1a: Torkoal|82\/100\n|move|p1b: Armarouge|Expanding Force|p2a: Dondozo|[spread] p2a\n|-miss|p1b: Armarouge|p2b: Tatsugiri\n|-damage|p2a: Dondozo|8\/100\n|\n|-weather|SunnyDay|[upkeep]\n|upkeep\n|turn|5\n|-message|hihellobonjour forfeited.\n|\n|win|haha you rage quit\n|raw|haha you rage quit's rating: 1087 → 1111<\/strong> (+24 for winning)\n|raw|hihellobonjour's rating: 1048 → 1033<\/strong> (-15 for losing)\n|l|\u2606hihellobonjour\n","uploadtime":1682864046,"views":12,"p1id":"hahayouragequit","p2id":"hihellobonjour","formatid":"gen9vgc2023regulationc","rating":1033,"private":0,"password":""}