{"id":"gen9vgc2023regulationc-1845554128","p1":"jaycuup","p2":"abr202","format":"[Gen 9] VGC 2023 Regulation C","log":"|j|\u2606jaycuup\n|j|\u2606abr202\n|t:|1681744537\n|gametype|doubles\n|player|p1|jaycuup|flannery|1200\n|player|p2|abr202|thorton|1113\n|teamsize|p1|6\n|teamsize|p2|6\n|gen|9\n|tier|[Gen 9] VGC 2023 Regulation C\n|rated|\n|rule|Species Clause: Limit one of each Pok\u00e9mon\n|rule|Item Clause: Limit one of each item\n|clearpoke\n|poke|p1|Gyarados, L50, F|\n|poke|p1|Amoonguss, L50, F|\n|poke|p1|Flutter Mane, L50|\n|poke|p1|Chi-Yu, L50|\n|poke|p1|Baxcalibur, L50, M|\n|poke|p1|Ting-Lu, L50|\n|poke|p2|Gengar, L50, M|\n|poke|p2|Sandy Shocks, L50|\n|poke|p2|Chi-Yu, L50|\n|poke|p2|Talonflame, L50, M|\n|poke|p2|Palafin, L50, M|\n|poke|p2|Gholdengo, L50|\n|teampreview|4\n|inactive|Battle timer is ON: inactive players will automatically lose when time's up. (requested by abr202)\n|\n|t:|1681744557\n|start\n|switch|p1a: Gyarados|Gyarados, L50, F|100\/100\n|switch|p1b: Chi-Yu|Chi-Yu, L50|100\/100\n|switch|p2a: Gengar|Gengar, L50, M, shiny|100\/100\n|switch|p2b: Sandy Shocks|Sandy Shocks, L50, shiny|100\/100\n|-ability|p1b: Chi-Yu|Beads of Ruin\n|-ability|p1a: Gyarados|Intimidate|boost\n|-unboost|p2a: Gengar|atk|1\n|-unboost|p2b: Sandy Shocks|atk|1\n|-enditem|p2b: Sandy Shocks|Booster Energy\n|-activate|p2b: Sandy Shocks|ability: Protosynthesis|[fromitem]\n|-start|p2b: Sandy Shocks|protosynthesisspe\n|turn|1\n|\n|t:|1681744577\n|move|p1b: Chi-Yu|Protect|p1b: Chi-Yu\n|-singleturn|p1b: Chi-Yu|Protect\n|move|p2b: Sandy Shocks|Gravity|p2b: Sandy Shocks\n|-fieldstart|move: Gravity\n|move|p2a: Gengar|Hypnosis|p1a: Gyarados\n|-status|p1a: Gyarados|slp|[from] move: Hypnosis\n|cant|p1a: Gyarados|slp\n|\n|upkeep\n|turn|2\n|\n|t:|1681744593\n|move|p2b: Sandy Shocks|Thunderbolt|p1a: Gyarados\n|-supereffective|p1a: Gyarados\n|-damage|p1a: Gyarados|0 fnt\n|faint|p1a: Gyarados\n|move|p2a: Gengar|Hypnosis|p1b: Chi-Yu\n|-status|p1b: Chi-Yu|slp|[from] move: Hypnosis\n|cant|p1b: Chi-Yu|slp\n|\n|upkeep\n|\n|t:|1681744601\n|switch|p1a: Baxcalibur|Baxcalibur, L50, M|100\/100\n|turn|3\n|\n|t:|1681744607\n|cant|p1b: Chi-Yu|slp\n|move|p2b: Sandy Shocks|Earth Power|p1b: Chi-Yu\n|-supereffective|p1b: Chi-Yu\n|-damage|p1b: Chi-Yu|16\/100 slp\n|move|p2a: Gengar|Hypnosis|p1a: Baxcalibur\n|-status|p1a: Baxcalibur|slp|[from] move: Hypnosis\n|cant|p1a: Baxcalibur|slp\n|\n|upkeep\n|turn|4\n|\n|t:|1681744620\n|switch|p1a: Flutter Mane|Flutter Mane, L50|100\/100\n|move|p2b: Sandy Shocks|Flash Cannon|p1a: Flutter Mane\n|-supereffective|p1a: Flutter Mane\n|-damage|p1a: Flutter Mane|38\/100\n|move|p2a: Gengar|Dazzling Gleam|p1a: Flutter Mane|[spread] p1a,p1b\n|-damage|p1a: Flutter Mane|11\/100\n|-damage|p1b: Chi-Yu|0 fnt\n|faint|p1b: Chi-Yu\n|\n|upkeep\n|\n|t:|1681744628\n|switch|p1b: Baxcalibur|Baxcalibur, L50, M|100\/100 slp\n|turn|5\n|\n|t:|1681744634\n|cant|p1b: Baxcalibur|slp\n|move|p2b: Sandy Shocks|Flash Cannon|p1b: Baxcalibur\n|-supereffective|p1b: Baxcalibur\n|-damage|p1b: Baxcalibur|56\/100 slp\n|move|p2a: Gengar|Dazzling Gleam|p1b: Baxcalibur|[spread] p1a,p1b\n|-supereffective|p1b: Baxcalibur\n|-damage|p1a: Flutter Mane|0 fnt\n|-damage|p1b: Baxcalibur|18\/100 slp\n|faint|p1a: Flutter Mane\n|-end|p1a: Flutter Mane|Protosynthesis|[silent]\n|\n|-fieldend|move: Gravity\n|upkeep\n|turn|6\n|-message|jaycuup forfeited.\n|\n|win|abr202\n|raw|jaycuup's rating: 1200 → 1169<\/strong> (-31 for losing)\n|raw|abr202's rating: 1113 → 1144<\/strong> (+31 for winning)\n|l|\u2606jaycuup\n","uploadtime":1681744646,"views":13,"p1id":"jaycuup","p2id":"abr202","formatid":"gen9vgc2023regulationc","rating":1144,"private":0,"password":""}