{"id":"gen9vgc2023regulationc-1859789477","p1":"mafumafusimpsimp","p2":"LXF pokemon","format":"[Gen 9] VGC 2023 Regulation C","log":"|j|\u2606mafumafusimpsimp\n|j|\u2606LXF pokemon\n|t:|1683564708\n|gametype|doubles\n|player|p1|mafumafusimpsimp|crasherwake|1645\n|player|p2|LXF pokemon|hilbert|1699\n|teamsize|p1|6\n|teamsize|p2|6\n|gen|9\n|tier|[Gen 9] VGC 2023 Regulation C\n|rated|\n|rule|Species Clause: Limit one of each Pok\u00e9mon\n|rule|Item Clause: Limit one of each item\n|clearpoke\n|poke|p1|Chien-Pao, L50|\n|poke|p1|Flutter Mane, L50|\n|poke|p1|Kingambit, L50, F|\n|poke|p1|Iron Hands, L50|\n|poke|p1|Iron Bundle, L50|\n|poke|p1|Amoonguss, L50, M|\n|poke|p2|Flutter Mane, L50|\n|poke|p2|Arcanine, L50, F|\n|poke|p2|Great Tusk, L50|\n|poke|p2|Chien-Pao, L50|\n|poke|p2|Talonflame, L50, M|\n|poke|p2|Dragonite, L50, F|\n|teampreview|4\n|c|\u2606mafumafusimpsimp|glhf\nmafumafusimpsimp has agreed to open team sheets.\n|inactive|Battle timer is ON: inactive players will automatically lose when time's up. (requested by LXF pokemon)\n|\n|t:|1683564734\n|start\n|switch|p1a: Flutter Pain|Flutter Mane, L50|100\/100\n|switch|p1b: Iron Fumble|Iron Bundle, L50|100\/100\n|switch|p2a: Flutter Mane|Flutter Mane, L50|100\/100\n|switch|p2b: Talonflame|Talonflame, L50, M|100\/100\n|-enditem|p2a: Flutter Mane|Booster Energy\n|-activate|p2a: Flutter Mane|ability: Protosynthesis|[fromitem]\n|-start|p2a: Flutter Mane|protosynthesisspa\n|-enditem|p1a: Flutter Pain|Booster Energy\n|-activate|p1a: Flutter Pain|ability: Protosynthesis|[fromitem]\n|-start|p1a: Flutter Pain|protosynthesisspa\n|turn|1\n|\n|t:|1683564750\n|-end|p1a: Flutter Pain|Protosynthesis|[silent]\n|switch|p1a: Queen Gambit|Kingambit, L50, F|100\/100\n|-terastallize|p2a: Flutter Mane|Fairy\n|move|p2b: Talonflame|Tailwind|p2b: Talonflame\n|-sidestart|p2: LXF pokemon|move: Tailwind\n|move|p2a: Flutter Mane|Dazzling Gleam|p1b: Iron Fumble|[spread] p1a,p1b\n|-damage|p1a: Queen Gambit|48\/100\n|-damage|p1b: Iron Fumble|0 fnt\n|faint|p1b: Iron Fumble\n|-end|p1b: Iron Fumble|Quark Drive|[silent]\n|\n|upkeep\n|\n|t:|1683564762\n|switch|p1b: Cat|Chien-Pao, L50|100\/100\n|-ability|p1b: Cat|Sword of Ruin\n|turn|2\n|\n|t:|1683564769\n|move|p2b: Talonflame|Brave Bird|p1b: Cat\n|-damage|p1b: Cat|34\/100\n|-damage|p2b: Talonflame|78\/100|[from] Recoil\n|move|p1b: Cat|Sucker Punch|p2a: Flutter Mane\n|-resisted|p2a: Flutter Mane\n|-damage|p2a: Flutter Mane|45\/100\n|-damage|p1b: Cat|25\/100|[from] item: Life Orb\n|move|p1a: Queen Gambit|Sucker Punch|p2a: Flutter Mane\n|-resisted|p2a: Flutter Mane\n|-damage|p2a: Flutter Mane|0 fnt\n|faint|p2a: Flutter Mane\n|-end|p2a: Flutter Mane|Protosynthesis|[silent]\n|\n|upkeep\n|\n|t:|1683564783\n|switch|p2a: Dragonite|Dragonite, L50, F|100\/100\n|turn|3\n|\n|t:|1683564796\n|move|p1b: Cat|Protect|p1b: Cat\n|-singleturn|p1b: Cat|Protect\n|move|p2a: Dragonite|Extreme Speed|p1b: Cat\n|-activate|p1b: Cat|move: Protect\n|move|p1a: Queen Gambit|Sucker Punch||[still]\n|-fail|p1a: Queen Gambit\n|move|p2b: Talonflame|Will-O-Wisp|p1a: Queen Gambit\n|-status|p1a: Queen Gambit|brn\n|\n|-damage|p1a: Queen Gambit|43\/100 brn|[from] brn\n|upkeep\n|turn|4\n|\n|t:|1683564819\n|switch|p1b: Flutter Pain|Flutter Mane, L50|100\/100\n|move|p2a: Dragonite|Extreme Speed|p1b: Flutter Pain\n|-immune|p1b: Flutter Pain\n|move|p2b: Talonflame|Brave Bird|p1b: Flutter Pain\n|-damage|p1b: Flutter Pain|27\/100\n|-damage|p2b: Talonflame|53\/100|[from] Recoil\n|move|p1a: Queen Gambit|Iron Head|p2a: Dragonite\n|-damage|p2a: Dragonite|88\/100\n|\n|-damage|p1a: Queen Gambit|37\/100 brn|[from] brn\n|-sideend|p2: LXF pokemon|move: Tailwind\n|upkeep\n|turn|5\n|\n|t:|1683564841\n|switch|p1a: Cat|Chien-Pao, L50|25\/100\n|-ability|p1a: Cat|Sword of Ruin\n|move|p2a: Dragonite|Extreme Speed|p1a: Cat\n|-damage|p1a: Cat|0 fnt\n|faint|p1a: Cat\n|move|p2b: Talonflame|Brave Bird|p1b: Flutter Pain\n|-damage|p1b: Flutter Pain|0 fnt\n|faint|p1b: Flutter Pain\n|-end|p1b: Flutter Pain|Protosynthesis|[silent]\n|-damage|p2b: Talonflame|44\/100|[from] Recoil\n|\n|upkeep\n|c|\u2606mafumafusimpsimp|gg\n|-message|mafumafusimpsimp forfeited.\n|\n|win|LXF pokemon\n|raw|mafumafusimpsimp's rating: 1645 → 1628<\/strong> (-17 for losing)\n|raw|LXF pokemon's rating: 1699 → 1716<\/strong> (+17 for winning)\n|l|\u2606mafumafusimpsimp\n|l|\u2606LXF pokemon\n","uploadtime":1683564934,"views":9,"p1id":"mafumafusimpsimp","p2id":"lxfpokemon","formatid":"gen9vgc2023regulationc","rating":1628,"private":0,"password":""}