{"id":"gen9vgc2023regulationc-1857023802","p1":"19402u","p2":"Mandrokor94","format":"[Gen 9] VGC 2023 Regulation C","log":"|j|\u260619402u\n|j|\u2606Mandrokor94\n|t:|1683137886\n|gametype|doubles\n|player|p1|19402u|265|1469\n|player|p2|Mandrokor94|ghetsis-gen5bw|1356\n|teamsize|p1|6\n|teamsize|p2|6\n|gen|9\n|tier|[Gen 9] VGC 2023 Regulation C\n|rated|\n|rule|Species Clause: Limit one of each Pok\u00e9mon\n|rule|Item Clause: Limit one of each item\n|clearpoke\n|poke|p1|Dragonite, L50, M|\n|poke|p1|Iron Hands, L50|\n|poke|p1|Amoonguss, L50, F|\n|poke|p1|Ting-Lu, L50|\n|poke|p1|Flutter Mane, L50|\n|poke|p1|Arcanine, L50, M|\n|poke|p2|Gyarados, L50, M|\n|poke|p2|Ting-Lu, L50|\n|poke|p2|Iron Hands, L50|\n|poke|p2|Mimikyu, L50, M|\n|poke|p2|Tyranitar, L50, M|\n|poke|p2|Iron Moth, L50|\n|teampreview|4\n19402u has agreed to open team sheets.\nMandrokor94 has agreed to open team sheets.\n|inactive|Battle timer is ON: inactive players will automatically lose when time's up. (requested by Mandrokor94)\n|\n|t:|1683137996\n|start\n|switch|p1a: Amoonguss|Amoonguss, L50, F, shiny|100\/100\n|switch|p1b: Iron Hands|Iron Hands, L50, shiny|100\/100\n|switch|p2a: Tyranitar|Tyranitar, L50, M|100\/100\n|switch|p2b: Ting-Lu|Ting-Lu, L50|100\/100\n|-weather|Sandstorm|[from] ability: Sand Stream|[of] p2a: Tyranitar\n|-ability|p2b: Ting-Lu|Vessel of Ruin\n|turn|1\n|\n|t:|1683138019\n|move|p2a: Tyranitar|Protect|p2a: Tyranitar\n|-singleturn|p2a: Tyranitar|Protect\n|move|p1b: Iron Hands|Fake Out|p2a: Tyranitar\n|-activate|p2a: Tyranitar|move: Protect\n|move|p2b: Ting-Lu|Stomping Tantrum|p1b: Iron Hands\n|-supereffective|p1b: Iron Hands\n|-damage|p1b: Iron Hands|57\/100\n|move|p1a: Amoonguss|Spore|p2b: Ting-Lu\n|-status|p2b: Ting-Lu|slp|[from] move: Spore\n|\n|-weather|Sandstorm|[upkeep]\n|-damage|p1b: Iron Hands|51\/100|[from] Sandstorm\n|-damage|p1a: Amoonguss|95\/100|[from] Sandstorm\n|upkeep\n|turn|2\n|inactive|Mandrokor94 has 30 seconds left.\n|\n|t:|1683138053\n|switch|p1a: Arcanine|Arcanine, L50, M|100\/100\n|-ability|p1a: Arcanine|Intimidate|boost\n|-unboost|p2a: Tyranitar|atk|1\n|-unboost|p2b: Ting-Lu|atk|1\n|-terastallize|p2a: Tyranitar|Flying\n|move|p2a: Tyranitar|Tera Blast|p1a: Arcanine\n|-damage|p1a: Arcanine|70\/100\n|move|p1b: Iron Hands|Drain Punch|p2b: Ting-Lu\n|-supereffective|p2b: Ting-Lu\n|-damage|p2b: Ting-Lu|63\/100 slp\n|-heal|p1b: Iron Hands|71\/100|[from] drain|[of] p2b: Ting-Lu\n|cant|p2b: Ting-Lu|slp\n|\n|-weather|Sandstorm|[upkeep]\n|-damage|p2a: Tyranitar|94\/100|[from] Sandstorm\n|-damage|p1b: Iron Hands|64\/100|[from] Sandstorm\n|upkeep\n|turn|3\n|inactive|19402u has 30 seconds left.\n|inactive|Mandrokor94 has 30 seconds left.\n|inactive|19402u has 20 seconds left.\n|\n|t:|1683138090\n|switch|p1a: Amoonguss|Amoonguss, L50, F, shiny|100\/100\n|switch|p2b: Gyarados|Gyarados, L50, M, shiny|100\/100\n|-ability|p2b: Gyarados|Intimidate|boost\n|-unboost|p1a: Amoonguss|atk|1\n|-unboost|p1b: Iron Hands|atk|1\n|move|p2a: Tyranitar|Protect|p2a: Tyranitar\n|-singleturn|p2a: Tyranitar|Protect\n|move|p1b: Iron Hands|Drain Punch|p2b: Gyarados\n|-resisted|p2b: Gyarados\n|-damage|p2b: Gyarados|85\/100\n|-heal|p1b: Iron Hands|70\/100|[from] drain|[of] p2b: Gyarados\n|\n|-weather|Sandstorm|[upkeep]\n|-damage|p2b: Gyarados|79\/100|[from] Sandstorm\n|-damage|p2a: Tyranitar|88\/100|[from] Sandstorm\n|-damage|p1b: Iron Hands|64\/100|[from] Sandstorm\n|-damage|p1a: Amoonguss|95\/100|[from] Sandstorm\n|upkeep\n|turn|4\n|inactive|Mandrokor94 has 30 seconds left.\n|inactive|Mandrokor94 has 20 seconds left.\n|inactive|Mandrokor94 has 15 seconds left.\n|inactive|Mandrokor94 has 10 seconds left.\n|inactive|Mandrokor94 has 5 seconds left.\n|\n|t:|1683138143\n|switch|p2a: Iron Hands|Iron Hands, L50|100\/100\n|switch|p1a: Arcanine|Arcanine, L50, M|70\/100\n|-ability|p1a: Arcanine|Intimidate|boost\n|-fail|p2a: Iron Hands|unboost|[from] item: Clear Amulet|[of] p2a: Iron Hands\n|-unboost|p2b: Gyarados|atk|1\n|move|p2b: Gyarados|Taunt|p1a: Arcanine\n|-start|p1a: Arcanine|move: Taunt\n|move|p1b: Iron Hands|Wild Charge|p2b: Gyarados\n|-supereffective|p2b: Gyarados\n|-damage|p2b: Gyarados|0 fnt\n|faint|p2b: Gyarados\n|-damage|p1b: Iron Hands|50\/100|[from] Recoil\n|\n|-weather|Sandstorm|[upkeep]\n|-damage|p1b: Iron Hands|44\/100|[from] Sandstorm\n|-damage|p2a: Iron Hands|94\/100|[from] Sandstorm\n|upkeep\n|\n|t:|1683138162\n|switch|p2b: Tyranitar|Tyranitar, L50, M, tera:Flying|88\/100\n|turn|5\n|inactive|19402u has 30 seconds left.\n|inactive|Mandrokor94 has 30 seconds left.\n|\n|t:|1683138193\n|-end|p1b: Iron Hands|Quark Drive|[silent]\n|switch|p1b: Amoonguss|Amoonguss, L50, F, shiny|100\/100\n|move|p1a: Arcanine|Flare Blitz|p2b: Tyranitar\n|-damage|p2b: Tyranitar|53\/100\n|-damage|p1a: Arcanine|58\/100|[from] Recoil\n|move|p2b: Tyranitar|Rock Slide|p1a: Arcanine|[spread] p1b\n|-miss|p2b: Tyranitar|p1a: Arcanine\n|-damage|p1b: Amoonguss|71\/100\n|move|p2a: Iron Hands|Drain Punch|p1b: Amoonguss\n|-resisted|p1b: Amoonguss\n|-damage|p1b: Amoonguss|52\/100\n|-heal|p2a: Iron Hands|100\/100|[from] drain|[of] p1b: Amoonguss\n|\n|-weather|none\n|upkeep\n|turn|6\n|inactive|19402u has 30 seconds left.\n|inactive|Mandrokor94 has 30 seconds left.\n|inactive|19402u has 20 seconds left.\n|inactive|19402u has 15 seconds left.\n|inactive|19402u has 10 seconds left.\n|\n|t:|1683138239\n|switch|p1a: Iron Hands|Iron Hands, L50, shiny|44\/100\n|move|p1b: Amoonguss|Protect|p1b: Amoonguss\n|-singleturn|p1b: Amoonguss|Protect\n|move|p2b: Tyranitar|Tera Blast|p1b: Amoonguss\n|-activate|p1b: Amoonguss|move: Protect\n|move|p2a: Iron Hands|Drain Punch|p1a: Iron Hands\n|-damage|p1a: Iron Hands|11\/100\n|\n|upkeep\n|turn|7\n|\n|t:|1683138260\n|move|p2b: Tyranitar|Protect|p2b: Tyranitar\n|-singleturn|p2b: Tyranitar|Protect\n|move|p1a: Iron Hands|Fake Out|p2b: Tyranitar\n|-activate|p2b: Tyranitar|move: Protect\n|move|p2a: Iron Hands|Drain Punch|p1a: Iron Hands\n|-damage|p1a: Iron Hands|0 fnt\n|faint|p1a: Iron Hands\n|-end|p1a: Iron Hands|Quark Drive|[silent]\n|move|p1b: Amoonguss|Pollen Puff|p1: Iron Hands|[notarget]\n|-fail|p1b: Amoonguss\n|\n|upkeep\n|\n|t:|1683138267\n|switch|p1a: Flutter Mane|Flutter Mane, L50, shiny|100\/100\n|-enditem|p1a: Flutter Mane|Booster Energy\n|-activate|p1a: Flutter Mane|ability: Protosynthesis|[fromitem]\n|-start|p1a: Flutter Mane|protosynthesisspa\n|turn|8\n|\n|t:|1683138276\n|switch|p2b: Ting-Lu|Ting-Lu, L50|63\/100 slp\n|-ability|p2b: Ting-Lu|Vessel of Ruin\n|move|p1b: Amoonguss|Rage Powder|p1b: Amoonguss\n|-singleturn|p1b: Amoonguss|move: Rage Powder\n|move|p1a: Flutter Mane|Moonblast|p2b: Ting-Lu\n|-supereffective|p2b: Ting-Lu\n|-damage|p2b: Ting-Lu|14\/100 slp\n|move|p2a: Iron Hands|Electric Terrain|p2a: Iron Hands\n|-fieldstart|move: Electric Terrain\n|-activate|p2a: Iron Hands|ability: Quark Drive\n|-start|p2a: Iron Hands|quarkdriveatk\n|\n|upkeep\n|turn|9\n|\n|t:|1683138300\n|move|p1b: Amoonguss|Rage Powder|p1b: Amoonguss\n|-singleturn|p1b: Amoonguss|move: Rage Powder\n|move|p1a: Flutter Mane|Moonblast|p2b: Ting-Lu\n|-supereffective|p2b: Ting-Lu\n|-damage|p2b: Ting-Lu|0 fnt\n|faint|p2b: Ting-Lu\n|move|p2a: Iron Hands|Wild Charge|p1b: Amoonguss\n|-resisted|p1b: Amoonguss\n|-crit|p1b: Amoonguss\n|-damage|p1b: Amoonguss|0 fnt\n|faint|p1b: Amoonguss\n|-damage|p2a: Iron Hands|89\/100|[from] Recoil\n|\n|upkeep\n|\n|t:|1683138311\n|switch|p2b: Tyranitar|Tyranitar, L50, M, tera:Flying|53\/100\n|switch|p1b: Arcanine|Arcanine, L50, M|58\/100\n|-ability|p1b: Arcanine|Intimidate|boost\n|-fail|p2a: Iron Hands|unboost|[from] item: Clear Amulet|[of] p2a: Iron Hands\n|-unboost|p2b: Tyranitar|atk|1\n|-weather|Sandstorm|[from] ability: Sand Stream|[of] p2b: Tyranitar\n|turn|10\n|\n|t:|1683138334\n|move|p1a: Flutter Mane|Moonblast|p2b: Tyranitar\n|-damage|p2b: Tyranitar|0 fnt\n|faint|p2b: Tyranitar\n|move|p1b: Arcanine|Will-O-Wisp|p2a: Iron Hands\n|-status|p2a: Iron Hands|brn\n|move|p2a: Iron Hands|Drain Punch|p1b: Arcanine\n|-damage|p1b: Arcanine|28\/100\n|-heal|p2a: Iron Hands|100\/100 brn|[from] drain|[of] p1b: Arcanine\n|\n|-weather|Sandstorm|[upkeep]\n|-damage|p1a: Flutter Mane|95\/100|[from] Sandstorm\n|-damage|p2a: Iron Hands|94\/100 brn|[from] Sandstorm\n|-damage|p2a: Iron Hands|88\/100 brn|[from] brn\n|upkeep\n|turn|11\n|\n|t:|1683138348\n|move|p1a: Flutter Mane|Moonblast|p2a: Iron Hands\n|-supereffective|p2a: Iron Hands\n|-damage|p2a: Iron Hands|0 fnt\n|faint|p2a: Iron Hands\n|-end|p2a: Iron Hands|Quark Drive|[silent]\n|\n|win|19402u\n|raw|19402u's rating: 1469 → 1483<\/strong> (+14 for winning)\n|raw|Mandrokor94's rating: 1356 → 1342<\/strong> (-14 for losing)\n|l|\u2606Mandrokor94\n","uploadtime":1683138361,"views":12,"p1id":"19402u","p2id":"mandrokor94","formatid":"gen9vgc2023regulationc","rating":1342,"private":0,"password":""}