{"id":"gen9vgc2023regulationc-1863177960","p1":"tvapkmn","p2":"CAUSEIMJP","format":"[Gen 9] VGC 2023 Regulation C","log":"|j|\u2606tvapkmn\n|j|\u2606CAUSEIMJP\n|t:|1683984316\n|gametype|doubles\n|player|p1|tvapkmn|169|1085\n|player|p2|CAUSEIMJP|265|1000\n|teamsize|p1|6\n|teamsize|p2|6\n|gen|9\n|tier|[Gen 9] VGC 2023 Regulation C\n|rated|\n|rule|Species Clause: Limit one of each Pok\u00e9mon\n|rule|Item Clause: Limit one of each item\n|clearpoke\n|poke|p1|Glimmora, L50, M|\n|poke|p1|Iron Bundle, L50|\n|poke|p1|Dondozo, L50, M|\n|poke|p1|Dragonite, L50, F|\n|poke|p1|Tatsugiri, L50, M|\n|poke|p1|Chi-Yu, L50|\n|poke|p2|Riolu, L50, M|\n|poke|p2|Salamence, L50, M|\n|poke|p2|Flutter Mane, L50|\n|poke|p2|Farigiraf, L50, F|\n|poke|p2|Amoonguss, L50, F|\n|poke|p2|Salazzle, L50, F|\n|teampreview|4\n|inactive|Battle timer is ON: inactive players will automatically lose when time's up. (requested by tvapkmn)\n|inactive|CAUSEIMJP has 60 seconds left.\n|\n|t:|1683984375\n|start\n|switch|p1a: Glimmora|Glimmora, L50, M|100\/100\n|switch|p1b: Dragonite|Dragonite, L50, F|100\/100\n|switch|p2a: Farigiraf|Farigiraf, L50, F|100\/100\n|switch|p2b: Salamence|Salamence, L50, M|100\/100\n|-ability|p2b: Salamence|Intimidate|boost\n|-unboost|p1a: Glimmora|atk|1\n|-unboost|p1b: Dragonite|atk|1\n|turn|1\n|\n|t:|1683984390\n|-terastallize|p1b: Dragonite|Normal\n|move|p1b: Dragonite|Extreme Speed||[still]\n|cant|p2a: Farigiraf|ability: Armor Tail|Extreme Speed|[of] p1b: Dragonite\n|move|p2b: Salamence|Dragon Claw|p1b: Dragonite\n|-damage|p1b: Dragonite|78\/100\n|move|p1a: Glimmora|Mortal Spin|p2a: Farigiraf|[spread] p2a,p2b\n|-damage|p2a: Farigiraf|97\/100\n|-damage|p2b: Salamence|96\/100\n|-status|p2a: Farigiraf|psn\n|-status|p2b: Salamence|psn\n|move|p2a: Farigiraf|Psychic|p1a: Glimmora\n|-supereffective|p1a: Glimmora\n|-damage|p1a: Glimmora|13\/100\n|\n|-damage|p2b: Salamence|84\/100 psn|[from] psn\n|-damage|p2a: Farigiraf|85\/100 psn|[from] psn\n|upkeep\n|turn|2\n|inactive|tvapkmn has 30 seconds left.\n|\n|t:|1683984417\n|move|p1b: Dragonite|Extreme Speed||[still]\n|cant|p2a: Farigiraf|ability: Armor Tail|Extreme Speed|[of] p1b: Dragonite\n|move|p2b: Salamence|Dragon Claw|p1b: Dragonite\n|-damage|p1b: Dragonite|25\/100\n|move|p1a: Glimmora|Power Gem|p2b: Salamence\n|-supereffective|p2b: Salamence\n|-damage|p2b: Salamence|0 fnt\n|faint|p2b: Salamence\n|move|p2a: Farigiraf|Psychic|p1a: Glimmora\n|-supereffective|p1a: Glimmora\n|-damage|p1a: Glimmora|0 fnt\n|faint|p1a: Glimmora\n|\n|-damage|p2a: Farigiraf|73\/100 psn|[from] psn\n|upkeep\n|\n|t:|1683984430\n|switch|p2b: Flutter Mane|Flutter Mane, L50|100\/100\n|switch|p1a: Dondozo|Dondozo, L50, M|100\/100\n|turn|3\n|\n|t:|1683984453\n|switch|p1b: Tatsugiri|Tatsugiri, L50, M|100\/100\n|-activate|p1b: Tatsugiri|ability: Commander|[of] p1a: Dondozo\n|-boost|p1a: Dondozo|atk|2\n|-boost|p1a: Dondozo|spa|2\n|-boost|p1a: Dondozo|spe|2\n|-boost|p1a: Dondozo|def|2\n|-boost|p1a: Dondozo|spd|2\n|move|p2a: Farigiraf|Protect|p2a: Farigiraf\n|-singleturn|p2a: Farigiraf|Protect\n|move|p2b: Flutter Mane|Thunderbolt|p1a: Dondozo\n|-supereffective|p1a: Dondozo\n|-damage|p1a: Dondozo|58\/100\n|move|p1a: Dondozo|Order Up|p2a: Farigiraf\n|-activate|p2a: Farigiraf|move: Protect\n|\n|-heal|p1a: Dondozo|64\/100|[from] item: Leftovers\n|-damage|p2a: Farigiraf|60\/100 psn|[from] psn\n|upkeep\n|turn|4\n|\n|t:|1683984472\n|move|p2b: Flutter Mane|Thunderbolt|p1a: Dondozo\n|-supereffective|p1a: Dondozo\n|-damage|p1a: Dondozo|16\/100\n|-status|p1a: Dondozo|par\n|cant|p1a: Dondozo|par\n|move|p2a: Farigiraf|Trick Room|p2a: Farigiraf\n|-fieldstart|move: Trick Room|[of] p2a: Farigiraf\n|\n|-heal|p1a: Dondozo|22\/100 par|[from] item: Leftovers\n|-damage|p2a: Farigiraf|48\/100 psn|[from] psn\n|upkeep\n|turn|5\n|-message|tvapkmn forfeited.\n|\n|win|CAUSEIMJP\n|raw|tvapkmn's rating: 1085 → 1057<\/strong> (-28 for losing)\n|raw|CAUSEIMJP's rating: 1000 → 1050<\/strong> (+50 for winning)\n|l|\u2606tvapkmn\n","uploadtime":1683984495,"views":17,"p1id":"tvapkmn","p2id":"causeimjp","formatid":"gen9vgc2023regulationc","rating":1050,"private":0,"password":""}