{"id":"gen9vgc2023regulationc-1845856980","p1":"anthonynn","p2":"Ijnk","format":"[Gen 9] VGC 2023 Regulation C","log":"|j|\u2606anthonynn\n|j|\u2606Ijnk\n|t:|1681772005\n|gametype|doubles\n|player|p1|anthonynn|169|1259\n|player|p2|Ijnk|266|1219\n|teamsize|p1|6\n|teamsize|p2|6\n|gen|9\n|tier|[Gen 9] VGC 2023 Regulation C\n|rated|\n|rule|Species Clause: Limit one of each Pok\u00e9mon\n|rule|Item Clause: Limit one of each item\n|clearpoke\n|poke|p1|Chien-Pao, L50|\n|poke|p1|Palafin, L50, F|\n|poke|p1|Iron Hands, L50|\n|poke|p1|Iron Jugulis, L50|\n|poke|p1|Amoonguss, L50, M|\n|poke|p1|Gholdengo, L50|\n|poke|p2|Ting-Lu, L50|\n|poke|p2|Chien-Pao, L50|\n|poke|p2|Dragonite, L50, M|\n|poke|p2|Wo-Chien, L50|\n|poke|p2|Annihilape, L50, M|\n|poke|p2|Scizor, L50, M|\n|teampreview|4\nanthonynn has agreed to open team sheets.\nIjnk has agreed to open team sheets.\n|\n|t:|1681772054\n|start\n|switch|p1a: Iron Hands|Iron Hands, L50|100\/100\n|switch|p1b: Palafin|Palafin, L50, F|100\/100\n|switch|p2a: Ting-Lu|Ting-Lu, L50|100\/100\n|switch|p2b: Annihilape|Annihilape, L50, M|100\/100\n|-ability|p2a: Ting-Lu|Vessel of Ruin\n|turn|1\n|\n|t:|1681772084\n|detailschange|p1b: Palafin|Palafin-Hero, L50, F\n|switch|p1b: Chien-Pao|Chien-Pao, L50|100\/100\n|-ability|p1b: Chien-Pao|Sword of Ruin\n|move|p2a: Ting-Lu|Protect|p2a: Ting-Lu\n|-singleturn|p2a: Ting-Lu|Protect\n|move|p2b: Annihilape|Bulk Up|p2b: Annihilape\n|-boost|p2b: Annihilape|atk|1\n|-boost|p2b: Annihilape|def|1\n|move|p1a: Iron Hands|Volt Switch|p2b: Annihilape\n|-damage|p2b: Annihilape|92\/100\n|\n|t:|1681772094\n|-end|p1a: Iron Hands|Quark Drive|[silent]\n|switch|p1a: Palafin|Palafin-Hero, L50, F|100\/100|[from] Volt Switch\n|-activate|p1a: Palafin|ability: Zero to Hero\n|\n|upkeep\n|turn|2\n|\n|t:|1681772126\n|move|p2b: Annihilape|Protect|p2b: Annihilape\n|-singleturn|p2b: Annihilape|Protect\n|move|p1b: Chien-Pao|Sucker Punch||[still]\n|-fail|p1b: Chien-Pao\n|move|p1a: Palafin|Wave Crash|p2a: Ting-Lu\n|-supereffective|p2a: Ting-Lu\n|-damage|p2a: Ting-Lu|0 fnt\n|faint|p2a: Ting-Lu\n|-damage|p1a: Palafin|51\/100|[from] Recoil\n|\n|upkeep\n|\n|t:|1681772135\n|switch|p2a: Wo-Chien|Wo-Chien, L50|100\/100\n|-ability|p2a: Wo-Chien|Tablets of Ruin\n|turn|3\n|\n|t:|1681772157\n|switch|p1a: Amoonguss|Amoonguss, L50, M|100\/100\n|move|p2a: Wo-Chien|Protect|p2a: Wo-Chien\n|-singleturn|p2a: Wo-Chien|Protect\n|move|p1b: Chien-Pao|Ice Spinner|p2a: Wo-Chien\n|-activate|p2a: Wo-Chien|move: Protect\n|move|p2b: Annihilape|Drain Punch|p1b: Chien-Pao\n|-supereffective|p1b: Chien-Pao\n|-enditem|p1b: Chien-Pao|Focus Sash\n|-damage|p1b: Chien-Pao|1\/100\n|-heal|p2b: Annihilape|100\/100|[from] drain|[of] p1b: Chien-Pao\n|\n|upkeep\n|turn|4\n|\n|t:|1681772174\n|switch|p2a: Scizor|Scizor, L50, M, shiny|100\/100\n|move|p1b: Chien-Pao|Ice Spinner|p2a: Scizor\n|-resisted|p2a: Scizor\n|-damage|p2a: Scizor|74\/100\n|move|p2b: Annihilape|Bulk Up|p2b: Annihilape\n|-boost|p2b: Annihilape|atk|1\n|-boost|p2b: Annihilape|def|1\n|move|p1a: Amoonguss|Spore|p2b: Annihilape\n|-status|p2b: Annihilape|slp|[from] move: Spore\n|-enditem|p2b: Annihilape|Lum Berry|[eat]\n|-curestatus|p2b: Annihilape|slp|[msg]\n|\n|upkeep\n|turn|5\n|\n|t:|1681772223\n|switch|p1b: Iron Hands|Iron Hands, L50|100\/100\n|move|p2b: Annihilape|Rage Fist|p1a: Amoonguss\n|-damage|p1a: Amoonguss|33\/100\n|move|p2a: Scizor|Pounce|p1b: Iron Hands\n|-resisted|p1b: Iron Hands\n|-damage|p1b: Iron Hands|87\/100\n|-unboost|p1b: Iron Hands|spe|1\n|-damage|p2a: Scizor|64\/100|[from] item: Life Orb\n|move|p1a: Amoonguss|Spore|p2b: Annihilape\n|-status|p2b: Annihilape|slp|[from] move: Spore\n|\n|upkeep\n|turn|6\n|\n|t:|1681772257\n|switch|p2a: Wo-Chien|Wo-Chien, L50|100\/100\n|-ability|p2a: Wo-Chien|Tablets of Ruin\n|-end|p1b: Iron Hands|Quark Drive|[silent]\n|switch|p1b: Palafin|Palafin-Hero, L50, F|51\/100\n|cant|p2b: Annihilape|slp\n|move|p1a: Amoonguss|Pollen Puff|p1b: Palafin\n|-heal|p1b: Palafin|100\/100\n|\n|upkeep\n|turn|7\n|\n|t:|1681772291\n|switch|p1a: Chien-Pao|Chien-Pao, L50|1\/100\n|-ability|p1a: Chien-Pao|Sword of Ruin\n|-terastallize|p1b: Palafin|Grass\n|cant|p2b: Annihilape|slp\n|move|p1b: Palafin|Wave Crash|p2b: Annihilape\n|-damage|p2b: Annihilape|41\/100 slp\n|-damage|p1b: Palafin|76\/100|[from] Recoil\n|move|p2a: Wo-Chien|Leech Seed|p1b: Palafin\n|-immune|p1b: Palafin\n|\n|upkeep\n|turn|8\n|\n|t:|1681772319\n|move|p2a: Wo-Chien|Protect|p2a: Wo-Chien\n|-singleturn|p2a: Wo-Chien|Protect\n|move|p1a: Chien-Pao|Ice Spinner|p2a: Wo-Chien\n|-activate|p2a: Wo-Chien|move: Protect\n|cant|p2b: Annihilape|slp\n|move|p1b: Palafin|Wave Crash|p2b: Annihilape\n|-damage|p2b: Annihilape|0 fnt\n|faint|p2b: Annihilape\n|-damage|p1b: Palafin|59\/100|[from] Recoil\n|\n|upkeep\n|\n|t:|1681772328\n|switch|p2b: Scizor|Scizor, L50, M, shiny|64\/100\n|turn|9\n|\n|t:|1681772344\n|switch|p1b: Amoonguss|Amoonguss, L50, M|66\/100\n|move|p1a: Chien-Pao|Protect|p1a: Chien-Pao\n|-singleturn|p1a: Chien-Pao|Protect\n|move|p2b: Scizor|Bullet Punch|p1a: Chien-Pao\n|-activate|p1a: Chien-Pao|move: Protect\n|move|p2a: Wo-Chien|Pollen Puff|p1b: Amoonguss\n|-damage|p1b: Amoonguss|50\/100\n|\n|upkeep\n|turn|10\n|\n|t:|1681772365\n|-terastallize|p2b: Scizor|Steel\n|move|p1b: Amoonguss|Rage Powder|p1b: Amoonguss\n|-singleturn|p1b: Amoonguss|move: Rage Powder\n|move|p1a: Chien-Pao|Sucker Punch|p2b: Scizor\n|-damage|p2b: Scizor|23\/100\n|move|p2b: Scizor|Bullet Punch|p1b: Amoonguss\n|-damage|p1b: Amoonguss|7\/100\n|-enditem|p1b: Amoonguss|Aguav Berry|[eat]\n|-heal|p1b: Amoonguss|40\/100|[from] item: Aguav Berry\n|-damage|p2b: Scizor|13\/100|[from] item: Life Orb\n|move|p2a: Wo-Chien|Pollen Puff|p2b: Scizor\n|-heal|p2b: Scizor|63\/100\n|\n|upkeep\n|turn|11\n|\n|t:|1681772386\n|move|p1b: Amoonguss|Rage Powder|p1b: Amoonguss\n|-singleturn|p1b: Amoonguss|move: Rage Powder\n|move|p2b: Scizor|Bullet Punch|p1b: Amoonguss\n|-damage|p1b: Amoonguss|0 fnt\n|faint|p1b: Amoonguss\n|-damage|p2b: Scizor|54\/100|[from] item: Life Orb\n|move|p1a: Chien-Pao|Ice Spinner|p2a: Wo-Chien\n|-supereffective|p2a: Wo-Chien\n|-damage|p2a: Wo-Chien|41\/100\n|move|p2a: Wo-Chien|Pollen Puff|p2b: Scizor\n|-heal|p2b: Scizor|100\/100\n|\n|upkeep\n|\n|t:|1681772404\n|switch|p1b: Iron Hands|Iron Hands, L50|87\/100\n|turn|12\n|\n|t:|1681772420\n|move|p2a: Wo-Chien|Protect|p2a: Wo-Chien\n|-singleturn|p2a: Wo-Chien|Protect\n|move|p1b: Iron Hands|Fake Out|p2b: Scizor\n|-resisted|p2b: Scizor\n|-damage|p2b: Scizor|93\/100\n|cant|p2b: Scizor|flinch\n|move|p1a: Chien-Pao|Ice Spinner|p2a: Wo-Chien\n|-activate|p2a: Wo-Chien|move: Protect\n|\n|upkeep\n|turn|13\n|\n|t:|1681772433\n|move|p2b: Scizor|Bullet Punch|p1a: Chien-Pao\n|-supereffective|p1a: Chien-Pao\n|-damage|p1a: Chien-Pao|0 fnt\n|faint|p1a: Chien-Pao\n|-damage|p2b: Scizor|84\/100|[from] item: Life Orb\n|move|p2a: Wo-Chien|Leech Seed|p1b: Iron Hands\n|-start|p1b: Iron Hands|move: Leech Seed\n|move|p1b: Iron Hands|Drain Punch|p2a: Wo-Chien\n|-supereffective|p2a: Wo-Chien\n|-damage|p2a: Wo-Chien|0 fnt\n|-heal|p1b: Iron Hands|100\/100|[from] drain|[of] p2a: Wo-Chien\n|faint|p2a: Wo-Chien\n|\n|upkeep\n|\n|t:|1681772442\n|switch|p1a: Palafin|Palafin-Hero, L50, F, tera:Grass|59\/100\n|turn|14\n|\n|t:|1681772446\n|move|p2b: Scizor|Bullet Punch|p1a: Palafin\n|-damage|p1a: Palafin|10\/100\n|-damage|p2b: Scizor|74\/100|[from] item: Life Orb\n|move|p1a: Palafin|Drain Punch|p2b: Scizor\n|-supereffective|p2b: Scizor\n|-damage|p2b: Scizor|0 fnt\n|-heal|p1a: Palafin|47\/100|[from] drain|[of] p2b: Scizor\n|faint|p2b: Scizor\n|\n|win|anthonynn\n|raw|anthonynn's rating: 1259 → 1281<\/strong> (+22 for winning)\n|raw|Ijnk's rating: 1219 → 1197<\/strong> (-22 for losing)\n|l|\u2606Ijnk\n","uploadtime":1681772460,"views":13,"p1id":"anthonynn","p2id":"ijnk","formatid":"gen9vgc2023regulationc","rating":1197,"private":0,"password":""}