{"id":"gen9vgc2023regulationc-1851704939","p1":"Yassooooo","p2":"MLGmushroom","format":"[Gen 9] VGC 2023 Regulation C","log":"|j|\u2606Yassooooo\n|j|\u2606MLGmushroom\n|t:|1682472154\n|gametype|doubles\n|player|p1|Yassooooo|265|1423\n|player|p2|MLGmushroom|blue|1327\n|teamsize|p1|6\n|teamsize|p2|6\n|gen|9\n|tier|[Gen 9] VGC 2023 Regulation C\n|rated|\n|rule|Species Clause: Limit one of each Pok\u00e9mon\n|rule|Item Clause: Limit one of each item\n|clearpoke\n|poke|p1|Dondozo, L50, M|\n|poke|p1|Tatsugiri-Stretchy, L50, M|\n|poke|p1|Flutter Mane, L50|\n|poke|p1|Flamigo, L50, F|\n|poke|p1|Murkrow, L50, M|\n|poke|p1|Iron Moth, L50|\n|poke|p2|Chien-Pao, L50|\n|poke|p2|Roaring Moon, L50|\n|poke|p2|Flutter Mane, L50|\n|poke|p2|Amoonguss, L50, M|\n|poke|p2|Gyarados, L50, M|\n|poke|p2|Scizor, L50, F|\n|teampreview|4\nYassooooo rejected open team sheets.\n|inactive|Battle timer is ON: inactive players will automatically lose when time's up. (requested by Yassooooo)\n|\n|t:|1682472180\n|start\n|switch|p1a: Murkrow|Murkrow, L50, M|100\/100\n|switch|p1b: Tatsugiri|Tatsugiri-Stretchy, L50, M|100\/100\n|switch|p2a: Gyarados|Gyarados, L50, M|100\/100\n|switch|p2b: Chien-Pao|Chien-Pao, L50|100\/100\n|-ability|p2b: Chien-Pao|Sword of Ruin\n|-ability|p2a: Gyarados|Intimidate|boost\n|-unboost|p1a: Murkrow|atk|1\n|-unboost|p1b: Tatsugiri|atk|1\n|turn|1\n|\n|t:|1682472198\n|move|p1a: Murkrow|Perish Song|p1a: Murkrow\n|-start|p1a: Murkrow|perish3|[silent]\n|-start|p1b: Tatsugiri|perish3|[silent]\n|-start|p2a: Gyarados|perish3|[silent]\n|-start|p2b: Chien-Pao|perish3|[silent]\n|-fieldactivate|move: Perish Song\n|move|p2b: Chien-Pao|Ice Spinner|p1a: Murkrow\n|-supereffective|p1a: Murkrow\n|-damage|p1a: Murkrow|0 fnt\n|faint|p1a: Murkrow\n|move|p2a: Gyarados|Iron Head|p1b: Tatsugiri\n|-resisted|p1b: Tatsugiri\n|-damage|p1b: Tatsugiri|68\/100\n|move|p1b: Tatsugiri|Icy Wind|p2b: Chien-Pao|[spread] p2a,p2b\n|-resisted|p2b: Chien-Pao\n|-damage|p2a: Gyarados|90\/100\n|-damage|p2b: Chien-Pao|92\/100\n|-unboost|p2a: Gyarados|spe|1\n|-unboost|p2b: Chien-Pao|spe|1\n|\n|-start|p2b: Chien-Pao|perish3\n|-start|p1b: Tatsugiri|perish3\n|-start|p2a: Gyarados|perish3\n|upkeep\n|\n|t:|1682472211\n|switch|p1a: Dondozo|Dondozo, L50, M, shiny|100\/100\n|-activate|p1b: Tatsugiri|ability: Commander|[of] p1a: Dondozo\n|-boost|p1a: Dondozo|atk|2\n|-boost|p1a: Dondozo|spa|2\n|-boost|p1a: Dondozo|spe|2\n|-boost|p1a: Dondozo|def|2\n|-boost|p1a: Dondozo|spd|2\n|turn|2\n|\n|t:|1682472223\n|switch|p2b: Roaring Moon|Roaring Moon, L50|100\/100\n|-enditem|p2b: Roaring Moon|Booster Energy\n|-activate|p2b: Roaring Moon|ability: Protosynthesis|[fromitem]\n|-start|p2b: Roaring Moon|protosynthesisatk\n|move|p1a: Dondozo|Wave Crash|p2b: Roaring Moon\n|-resisted|p2b: Roaring Moon\n|-damage|p2b: Roaring Moon|53\/100\n|-damage|p1a: Dondozo|88\/100|[from] Recoil\n|move|p2a: Gyarados|Thunder Wave|p1a: Dondozo\n|-status|p1a: Dondozo|par\n|\n|-heal|p1a: Dondozo|94\/100 par|[from] item: Leftovers\n|-start|p1b: Tatsugiri|perish2\n|-start|p2a: Gyarados|perish2\n|upkeep\n|turn|3\n|\n|t:|1682472238\n|switch|p2a: Chien-Pao|Chien-Pao, L50|92\/100\n|-ability|p2a: Chien-Pao|Sword of Ruin\n|move|p2b: Roaring Moon|Breaking Swipe|p1b: Tatsugiri|[spread] p1a\n|-miss|p2b: Roaring Moon|p1b: Tatsugiri\n|-damage|p1a: Dondozo|81\/100 par\n|-unboost|p1a: Dondozo|atk|1\n|move|p1a: Dondozo|Substitute|p1a: Dondozo\n|-start|p1a: Dondozo|Substitute\n|-damage|p1a: Dondozo|56\/100 par\n|\n|-heal|p1a: Dondozo|62\/100 par|[from] item: Leftovers\n|-start|p1b: Tatsugiri|perish1\n|upkeep\n|turn|4\n|\n|t:|1682472250\n|move|p2a: Chien-Pao|Sacred Sword|p1a: Dondozo\n|-end|p1a: Dondozo|Substitute\n|move|p2b: Roaring Moon|Breaking Swipe|p1b: Tatsugiri|[spread] p1a\n|-miss|p2b: Roaring Moon|p1b: Tatsugiri\n|-damage|p1a: Dondozo|49\/100 par\n|-unboost|p1a: Dondozo|atk|1\n|move|p1a: Dondozo|Rock Slide|p2a: Chien-Pao|[spread] p2a,p2b\n|-supereffective|p2a: Chien-Pao\n|-damage|p2a: Chien-Pao|45\/100\n|-damage|p2b: Roaring Moon|29\/100\n|\n|-heal|p1a: Dondozo|55\/100 par|[from] item: Leftovers\n|-start|p1b: Tatsugiri|perish0\n|upkeep\n|faint|p1b: Tatsugiri\n|\n|t:|1682472256\n|switch|p1b: Flamigo|Flamigo, L50, F|100\/100\n|-copyboost|p1b: Flamigo|p1a: Dondozo|[from] ability: Costar\n|turn|5\n|inactive|Yassooooo has 30 seconds left.\n|\n|t:|1682472283\n|-terastallize|p1b: Flamigo|Steel\n|-terastallize|p2b: Roaring Moon|Flying\n|move|p2a: Chien-Pao|Protect|p2a: Chien-Pao\n|-singleturn|p2a: Chien-Pao|Protect\n|move|p1b: Flamigo|Brave Bird|p2a: Chien-Pao\n|-activate|p2a: Chien-Pao|move: Protect\n|move|p2b: Roaring Moon|Acrobatics|p1b: Flamigo\n|-resisted|p1b: Flamigo\n|-damage|p1b: Flamigo|69\/100\n|move|p1a: Dondozo|Rock Slide|p2b: Roaring Moon|[spread] p2b\n|-activate|p2a: Chien-Pao|move: Protect\n|-supereffective|p2b: Roaring Moon\n|-damage|p2b: Roaring Moon|0 fnt\n|faint|p2b: Roaring Moon\n|-end|p2b: Roaring Moon|Protosynthesis|[silent]\n|\n|-heal|p1a: Dondozo|61\/100 par|[from] item: Leftovers\n|upkeep\n|\n|t:|1682472296\n|switch|p2b: Gyarados|Gyarados, L50, M|90\/100\n|-ability|p2b: Gyarados|Intimidate|boost\n|-unboost|p1a: Dondozo|atk|1\n|-unboost|p1b: Flamigo|atk|1\n|turn|6\n|\n|t:|1682472307\n|move|p2a: Chien-Pao|Sucker Punch|p1b: Flamigo\n|-damage|p1b: Flamigo|36\/100\n|move|p1b: Flamigo|Brave Bird|p2a: Chien-Pao\n|-damage|p2a: Chien-Pao|0 fnt\n|faint|p2a: Chien-Pao\n|-damage|p1b: Flamigo|22\/100|[from] Recoil\n|move|p2b: Gyarados|Thunder Wave|p1b: Flamigo\n|-status|p1b: Flamigo|par\n|move|p1a: Dondozo|Rock Slide|p2b: Gyarados\n|-supereffective|p2b: Gyarados\n|-damage|p2b: Gyarados|55\/100\n|\n|-heal|p1a: Dondozo|67\/100 par|[from] item: Leftovers\n|upkeep\n|\n|t:|1682472313\n|switch|p2a: Flutter Mane|Flutter Mane, L50|100\/100\n|turn|7\n|\n|t:|1682472326\n|cant|p1b: Flamigo|par\n|move|p2a: Flutter Mane|Thunderbolt|p1a: Dondozo\n|-supereffective|p1a: Dondozo\n|-damage|p1a: Dondozo|29\/100 par\n|-damage|p2a: Flutter Mane|91\/100|[from] item: Life Orb\n|move|p2b: Gyarados|Waterfall|p1b: Flamigo\n|-damage|p1b: Flamigo|0 fnt\n|faint|p1b: Flamigo\n|cant|p1a: Dondozo|par\n|\n|-heal|p1a: Dondozo|35\/100 par|[from] item: Leftovers\n|upkeep\n|turn|8\n|-message|Yassooooo forfeited.\n|\n|win|MLGmushroom\n|raw|Yassooooo's rating: 1423 → 1398<\/strong> (-25 for losing)\n|raw|MLGmushroom's rating: 1327 → 1352<\/strong> (+25 for winning)\n|l|\u2606Yassooooo\n","uploadtime":1682472343,"views":11,"p1id":"yassooooo","p2id":"mlgmushroom","formatid":"gen9vgc2023regulationc","rating":1352,"private":0,"password":""}