{"id":"gen9vgc2023regulationc-1863413516","p1":"Even Greener Grass","p2":"Kangaroo Paw","format":"[Gen 9] VGC 2023 Regulation C","log":"|j|\u2606Even Greener Grass\n|j|\u2606Kangaroo Paw\n|t:|1684013873\n|gametype|doubles\n|player|p1|Even Greener Grass|kahili|1145\n|player|p2|Kangaroo Paw|2|1053\n|teamsize|p1|6\n|teamsize|p2|6\n|gen|9\n|tier|[Gen 9] VGC 2023 Regulation C\n|rated|\n|rule|Species Clause: Limit one of each Pok\u00e9mon\n|rule|Item Clause: Limit one of each item\n|clearpoke\n|poke|p1|Drifblim, L50, F|\n|poke|p1|Grafaiai, L50, F|\n|poke|p1|Flutter Mane, L50|\n|poke|p1|Gyarados, L50, F|\n|poke|p1|Hydreigon, L50, M|\n|poke|p1|Toxtricity-Low-Key, L50, F|\n|poke|p2|Pawmot, L50, M|\n|poke|p2|Kilowattrel, L50, M|\n|poke|p2|Iron Hands, L50|\n|poke|p2|Pincurchin, L50, M|\n|poke|p2|Iron Bundle, L50|\n|poke|p2|Iron Treads, L50|\n|teampreview|4\n|inactive|Battle timer is ON: inactive players will automatically lose when time's up. (requested by Even Greener Grass)\n|inactive|Even Greener Grass has 60 seconds left.\n|inactive|Kangaroo Paw has 60 seconds left.\n|c|\u2606Even Greener Grass|Good luck, have fun.\n|\n|t:|1684013919\n|start\n|switch|p1a: College Party|Toxtricity-Low-Key, L50, F|100\/100\n|switch|p1b: DEMI-GOD|Flutter Mane, L50|100\/100\n|switch|p2a: Iron Hands|Iron Hands, L50|100\/100\n|switch|p2b: Pincurchin|Pincurchin, L50, M|100\/100\n|-fieldstart|move: Electric Terrain|[from] ability: Electric Surge|[of] p2b: Pincurchin\n|-activate|p2a: Iron Hands|ability: Quark Drive\n|-start|p2a: Iron Hands|quarkdriveatk\n|-enditem|p2b: Pincurchin|Electric Seed\n|-boost|p2b: Pincurchin|def|1|[from] item: Electric Seed\n|-enditem|p1b: DEMI-GOD|Booster Energy\n|-activate|p1b: DEMI-GOD|ability: Protosynthesis|[fromitem]\n|-start|p1b: DEMI-GOD|protosynthesisspe\n|turn|1\n|inactive|Kangaroo Paw has 30 seconds left.\n|\n|t:|1684013949\n|-end|p2a: Iron Hands|Quark Drive|[silent]\n|switch|p2a: Iron Treads|Iron Treads, L50|100\/100\n|-activate|p2a: Iron Treads|ability: Quark Drive\n|-start|p2a: Iron Treads|quarkdriveatk\n|move|p1b: DEMI-GOD|Dazzling Gleam|p2a: Iron Treads|[spread] p2a,p2b\n|-resisted|p2a: Iron Treads\n|-crit|p2a: Iron Treads\n|-damage|p2a: Iron Treads|82\/100\n|-damage|p2b: Pincurchin|69\/100\n|move|p1a: College Party|Gunk Shot|p2b: Pincurchin\n|-damage|p2b: Pincurchin|24\/100\n|move|p2b: Pincurchin|Thunder Wave|p1b: DEMI-GOD\n|-status|p1b: DEMI-GOD|par\n|\n|upkeep\n|turn|2\n|\n|t:|1684013973\n|switch|p1a: Friends Forever|Hydreigon, L50, M, shiny|100\/100\n|move|p1b: DEMI-GOD|Shadow Ball|p2a: Iron Treads\n|-damage|p2a: Iron Treads|43\/100\n|move|p2a: Iron Treads|Iron Head|p1b: DEMI-GOD\n|-supereffective|p1b: DEMI-GOD\n|-damage|p1b: DEMI-GOD|0 fnt\n|faint|p1b: DEMI-GOD\n|-end|p1b: DEMI-GOD|Protosynthesis|[silent]\n|move|p2b: Pincurchin|Recover|p2b: Pincurchin\n|-heal|p2b: Pincurchin|75\/100\n|\n|upkeep\n|\n|t:|1684013994\n|switch|p1b: Bloodrein|Gyarados, L50, F, shiny|100\/100\n|-ability|p1b: Bloodrein|Intimidate|boost\n|-unboost|p2a: Iron Treads|atk|1\n|-unboost|p2b: Pincurchin|atk|1\n|turn|3\n|\n|t:|1684014007\n|-terastallize|p1b: Bloodrein|Ground\n|move|p1a: Friends Forever|Nasty Plot|p1a: Friends Forever\n|-boost|p1a: Friends Forever|spa|2\n|move|p2a: Iron Treads|Ice Fang|p1a: Friends Forever\n|-supereffective|p1a: Friends Forever\n|-damage|p1a: Friends Forever|64\/100\n|move|p1b: Bloodrein|Dragon Dance|p1b: Bloodrein\n|-boost|p1b: Bloodrein|atk|1\n|-boost|p1b: Bloodrein|spe|1\n|move|p2b: Pincurchin|Zing Zap|p1b: Bloodrein\n|-immune|p1b: Bloodrein\n|\n|upkeep\n|turn|4\n|\n|t:|1684014030\n|move|p1b: Bloodrein|Earthquake|p2b: Pincurchin|[spread] p2a,p2b\n|-immune|p1a: Friends Forever|[from] ability: Levitate\n|-supereffective|p2a: Iron Treads\n|-supereffective|p2b: Pincurchin\n|-damage|p2a: Iron Treads|0 fnt\n|-damage|p2b: Pincurchin|0 fnt\n|faint|p2a: Iron Treads\n|-end|p2a: Iron Treads|Quark Drive|[silent]\n|faint|p2b: Pincurchin\n|move|p1a: Friends Forever|Heat Wave|p2: Iron Treads|[notarget]\n|-fail|p1a: Friends Forever\n|\n|upkeep\n|\n|t:|1684014041\n|switch|p2a: Pawmot|Pawmot, L50, M|100\/100\n|switch|p2b: Iron Hands|Iron Hands, L50|100\/100\n|-activate|p2b: Iron Hands|ability: Quark Drive\n|-start|p2b: Iron Hands|quarkdriveatk\n|turn|5\n|\n|t:|1684014058\n|move|p2a: Pawmot|Fake Out|p1b: Bloodrein\n|-damage|p1b: Bloodrein|82\/100\n|move|p2b: Iron Hands|Fake Out|p1a: Friends Forever\n|-damage|p1a: Friends Forever|43\/100\n|cant|p1b: Bloodrein|flinch\n|cant|p1a: Friends Forever|flinch\n|\n|-fieldend|move: Electric Terrain\n|-end|p2b: Iron Hands|Quark Drive\n|upkeep\n|turn|6\n|inactive|Kangaroo Paw has 30 seconds left.\n|\n|t:|1684014091\n|move|p1b: Bloodrein|Earthquake|p2a: Pawmot|[spread] p2a,p2b\n|-immune|p1a: Friends Forever|[from] ability: Levitate\n|-supereffective|p2a: Pawmot\n|-supereffective|p2b: Iron Hands\n|-damage|p2a: Pawmot|0 fnt\n|-damage|p2b: Iron Hands|20\/100\n|faint|p2a: Pawmot\n|move|p1a: Friends Forever|Heat Wave|p2b: Iron Hands\n|-damage|p2b: Iron Hands|0 fnt\n|faint|p2b: Iron Hands\n|-end|p2b: Iron Hands|Quark Drive|[silent]\n|\n|win|Even Greener Grass\n|raw|Even Greener Grass's rating: 1145 → 1164<\/strong> (+19 for winning)\n|raw|Kangaroo Paw's rating: 1053 → 1040<\/strong> (-13 for losing)\n|c|\u2606Even Greener Grass|g.g.w.p.\n","uploadtime":1684014101,"views":13,"p1id":"evengreenergrass","p2id":"kangaroopaw","formatid":"gen9vgc2023regulationc","rating":1040,"private":0,"password":""}