{"id":"gen9vgc2023regulationc-1847474362","p1":"99jiuli","p2":"pep_ssbu","format":"[Gen 9] VGC 2023 Regulation C","log":"|j|\u260699jiuli\n|j|\u2606pep_ssbu\n|t:|1681959600\n|gametype|doubles\n|player|p1|99jiuli|169|1181\n|player|p2|pep_ssbu|101|1072\n|teamsize|p1|6\n|teamsize|p2|6\n|gen|9\n|tier|[Gen 9] VGC 2023 Regulation C\n|rated|\n|rule|Species Clause: Limit one of each Pok\u00e9mon\n|rule|Item Clause: Limit one of each item\n|clearpoke\n|poke|p1|Torkoal, L50, M|\n|poke|p1|Lilligant, L50, F|\n|poke|p1|Dragonite, L50, F|\n|poke|p1|Chien-Pao, L50|\n|poke|p1|Great Tusk, L50|\n|poke|p1|Flutter Mane, L50|\n|poke|p2|Palafin, L50, F|\n|poke|p2|Arcanine, L50, M|\n|poke|p2|Amoonguss, L50, F|\n|poke|p2|Flutter Mane, L50|\n|poke|p2|Ting-Lu, L50|\n|poke|p2|Roaring Moon, L50|\n|teampreview|4\npep_ssbu rejected open team sheets.\n|inactive|Battle timer is ON: inactive players will automatically lose when time's up. (requested by 99jiuli)\n|\n|t:|1681959637\n|start\n|switch|p1a: Torkoal|Torkoal, L50, M|100\/100\n|switch|p1b: Lilligant|Lilligant, L50, F|100\/100\n|switch|p2a: Arcanine|Arcanine, L50, M|100\/100\n|switch|p2b: Palafin|Palafin, L50, F|100\/100\n|-ability|p2a: Arcanine|Intimidate|boost\n|-unboost|p1a: Torkoal|atk|1\n|-unboost|p1b: Lilligant|atk|1\n|-weather|SunnyDay|[from] ability: Drought|[of] p1a: Torkoal\n|turn|1\n|inactive|pep_ssbu has 30 seconds left.\n|inactive|pep_ssbu has 20 seconds left.\n|\n|t:|1681959676\n|detailschange|p2b: Palafin|Palafin-Hero, L50, F\n|switch|p2b: Roaring Moon|Roaring Moon, L50|100\/100\n|-activate|p2b: Roaring Moon|ability: Protosynthesis\n|-start|p2b: Roaring Moon|protosynthesisatk\n|move|p1b: Lilligant|Sleep Powder|p2b: Roaring Moon|[miss]\n|-miss|p1b: Lilligant|p2b: Roaring Moon\n|move|p2a: Arcanine|Snarl|p1b: Lilligant|[spread] p1a,p1b\n|-damage|p1a: Torkoal|75\/100\n|-damage|p1b: Lilligant|79\/100\n|-unboost|p1a: Torkoal|spa|1\n|-unboost|p1b: Lilligant|spa|1\n|move|p1a: Torkoal|Eruption|p2a: Arcanine|[spread] p2a,p2b\n|-resisted|p2a: Arcanine\n|-crit|p2a: Arcanine\n|-resisted|p2b: Roaring Moon\n|-damage|p2a: Arcanine|36\/100\n|-damage|p2b: Roaring Moon|79\/100\n|\n|-weather|SunnyDay|[upkeep]\n|upkeep\n|turn|2\n|inactive|99jiuli has 30 seconds left.\n|inactive|pep_ssbu has 30 seconds left.\n|\n|t:|1681959703\n|move|p1b: Lilligant|Sleep Powder|p2b: Roaring Moon\n|-status|p2b: Roaring Moon|slp|[from] move: Sleep Powder\n|cant|p2b: Roaring Moon|slp\n|move|p2a: Arcanine|Snarl|p1a: Torkoal|[spread] p1a,p1b\n|-damage|p1a: Torkoal|50\/100\n|-damage|p1b: Lilligant|58\/100\n|-unboost|p1a: Torkoal|spa|1\n|-unboost|p1b: Lilligant|spa|1\n|move|p1a: Torkoal|Eruption|p2a: Arcanine|[spread] p2a,p2b\n|-resisted|p2a: Arcanine\n|-resisted|p2b: Roaring Moon\n|-damage|p2a: Arcanine|23\/100\n|-damage|p2b: Roaring Moon|69\/100 slp\n|\n|-weather|SunnyDay|[upkeep]\n|upkeep\n|turn|3\n|inactive|99jiuli has 30 seconds left.\n|\n|t:|1681959737\n|switch|p1a: Dragonite|Dragonite, L50, F|100\/100\n|move|p1b: Lilligant|Sleep Powder|p2a: Arcanine|[miss]\n|-miss|p1b: Lilligant|p2a: Arcanine\n|cant|p2b: Roaring Moon|slp\n|move|p2a: Arcanine|Snarl|p1b: Lilligant|[spread] p1a,p1b\n|-damage|p1a: Dragonite|91\/100\n|-damage|p1b: Lilligant|35\/100\n|-unboost|p1a: Dragonite|spa|1\n|-unboost|p1b: Lilligant|spa|1\n|\n|-weather|SunnyDay|[upkeep]\n|upkeep\n|turn|4\n|\n|t:|1681959762\n|switch|p2a: Flutter Mane|Flutter Mane, L50|100\/100\n|-activate|p2a: Flutter Mane|ability: Protosynthesis\n|-start|p2a: Flutter Mane|protosynthesisspe\n|-terastallize|p1a: Dragonite|Flying\n|move|p1b: Lilligant|After You|p1a: Dragonite\n|-activate|p1a: Dragonite|move: After You\n|move|p1a: Dragonite|Tera Blast|p2b: Roaring Moon\n|-damage|p2b: Roaring Moon|0 fnt\n|faint|p2b: Roaring Moon\n|-end|p2b: Roaring Moon|Protosynthesis|[silent]\n|\n|-weather|SunnyDay|[upkeep]\n|upkeep\n|\n|t:|1681959777\n|switch|p2b: Arcanine|Arcanine, L50, M|23\/100\n|-ability|p2b: Arcanine|Intimidate|boost\n|-unboost|p1a: Dragonite|atk|1\n|-unboost|p1b: Lilligant|atk|1\n|turn|5\n|inactive|pep_ssbu has 30 seconds left.\n|inactive|pep_ssbu has 20 seconds left.\n|\n|t:|1681959815\n|move|p1b: Lilligant|After You|p1a: Dragonite\n|-activate|p1a: Dragonite|move: After You\n|move|p1a: Dragonite|Tera Blast|p2a: Flutter Mane\n|-crit|p2a: Flutter Mane\n|-damage|p2a: Flutter Mane|0 fnt\n|faint|p2a: Flutter Mane\n|-end|p2a: Flutter Mane|Protosynthesis|[silent]\n|move|p2b: Arcanine|Heat Wave|p1b: Lilligant|[spread] p1a,p1b\n|-supereffective|p1b: Lilligant\n|-damage|p1a: Dragonite|23\/100\n|-damage|p1b: Lilligant|0 fnt\n|faint|p1b: Lilligant\n|\n|-weather|none\n|upkeep\n|c|\u2606pep_ssbu|nice crit\n|\n|t:|1681959836\n|switch|p2a: Palafin|Palafin-Hero, L50, F|100\/100\n|switch|p1b: Chien-Pao|Chien-Pao, L50|100\/100\n|-ability|p1b: Chien-Pao|Sword of Ruin\n|-activate|p2a: Palafin|ability: Zero to Hero\n|turn|6\n|inactive|99jiuli has 30 seconds left.\n|inactive|99jiuli has 20 seconds left.\n|\n|t:|1681959874\n|switch|p1a: Torkoal|Torkoal, L50, M|50\/100\n|-weather|SunnyDay|[from] ability: Drought|[of] p1a: Torkoal\n|move|p1b: Chien-Pao|Sacred Sword|p2a: Palafin\n|-damage|p2a: Palafin|59\/100\n|move|p2a: Palafin|Boomburst|p1a: Torkoal|[spread] p2b,p1a,p1b\n|-damage|p2b: Arcanine|0 fnt\n|-damage|p1a: Torkoal|3\/100\n|-damage|p1b: Chien-Pao|52\/100\n|faint|p2b: Arcanine\n|-enditem|p2a: Palafin|Throat Spray\n|-boost|p2a: Palafin|spa|1|[from] item: Throat Spray\n|\n|-weather|SunnyDay|[upkeep]\n|upkeep\n|turn|7\n|inactive|99jiuli has 30 seconds left.\n|inactive|99jiuli has 20 seconds left.\n|inactive|99jiuli has 15 seconds left.\n|\n|t:|1681959917\n|move|p1b: Chien-Pao|Sucker Punch|p2a: Palafin\n|-damage|p2a: Palafin|12\/100\n|move|p2a: Palafin|Boomburst|p1b: Chien-Pao|[spread] p1a,p1b\n|-damage|p1a: Torkoal|0 fnt\n|-damage|p1b: Chien-Pao|0 fnt\n|faint|p1a: Torkoal\n|faint|p1b: Chien-Pao\n|\n|-weather|SunnyDay|[upkeep]\n|upkeep\n|\n|t:|1681959923\n|switch|p1b: Dragonite|Dragonite, L50, F, tera:Flying|23\/100\n|turn|8\n|\n|t:|1681959929\n|move|p2a: Palafin|Protect|p2a: Palafin\n|-singleturn|p2a: Palafin|Protect\n|move|p1b: Dragonite|Extreme Speed|p2a: Palafin\n|-activate|p2a: Palafin|move: Protect\n|\n|-weather|SunnyDay|[upkeep]\n|upkeep\n|turn|9\n|\n|t:|1681959946\n|-terastallize|p2a: Palafin|Normal\n|move|p1b: Dragonite|Extreme Speed|p2a: Palafin\n|-damage|p2a: Palafin|0 fnt\n|faint|p2a: Palafin\n|\n|win|99jiuli\n|raw|99jiuli's rating: 1181 → 1198<\/strong> (+17 for winning)\n|raw|pep_ssbu's rating: 1072 → 1058<\/strong> (-14 for losing)\n|c|\u2606pep_ssbu|gg\n|l|\u2606pep_ssbu\n","uploadtime":1681959958,"views":9,"p1id":"99jiuli","p2id":"pepssbu","formatid":"gen9vgc2023regulationc","rating":1058,"private":0,"password":""}