{"id":"gen9vgc2023regulationc-1850063211","p1":"OnlyForTheMeme","p2":"screamribbon","format":"[Gen 9] VGC 2023 Regulation C","log":"|j|\u2606OnlyForTheMeme\n|j|\u2606screamribbon\n|t:|1682283172\n|gametype|doubles\n|player|p1|OnlyForTheMeme|102|1261\n|player|p2|screamribbon|idol|1271\n|teamsize|p1|6\n|teamsize|p2|6\n|gen|9\n|tier|[Gen 9] VGC 2023 Regulation C\n|rated|\n|rule|Species Clause: Limit one of each Pok\u00e9mon\n|rule|Item Clause: Limit one of each item\n|clearpoke\n|poke|p1|Chien-Pao, L50|\n|poke|p1|Palafin, L50, F|\n|poke|p1|Amoonguss, L50, M|\n|poke|p1|Chi-Yu, L50|\n|poke|p1|Annihilape, L50, F|\n|poke|p1|Maushold-Four, L50|\n|poke|p2|Armarouge, L50, F|\n|poke|p2|Great Tusk, L50|\n|poke|p2|Talonflame, L50, M|\n|poke|p2|Indeedee-F, L50, F|\n|poke|p2|Gyarados, L50, M|\n|poke|p2|Flutter Mane, L50|\n|teampreview|4\n|inactive|Battle timer is ON: inactive players will automatically lose when time's up. (requested by OnlyForTheMeme)\nscreamribbon has agreed to open team sheets.\n|inactive|screamribbon has 60 seconds left.\n|\n|t:|1682283239\n|start\n|switch|p1a: Annihilape|Annihilape, L50, F|100\/100\n|switch|p1b: Palafin|Palafin, L50, F|100\/100\n|switch|p2a: Flutter Mane|Flutter Mane, L50|100\/100\n|switch|p2b: Gyarados|Gyarados, L50, M, shiny|100\/100\n|-ability|p2b: Gyarados|Intimidate|boost\n|-unboost|p1a: Annihilape|atk|1\n|-unboost|p1b: Palafin|atk|1\n|turn|1\n|\n|t:|1682283264\n|detailschange|p1b: Palafin|Palafin-Hero, L50, F\n|switch|p1b: Maushold|Maushold-Four, L50|100\/100\n|-terastallize|p2a: Flutter Mane|Fairy\n|move|p2a: Flutter Mane|Moonblast|p1b: Maushold\n|-damage|p1b: Maushold|0 fnt\n|faint|p1b: Maushold\n|move|p2b: Gyarados|Thunder Wave|p1a: Annihilape|[miss]\n|-miss|p2b: Gyarados|p1a: Annihilape\n|move|p1a: Annihilape|Rage Fist|p2a: Flutter Mane\n|-damage|p2a: Flutter Mane|77\/100\n|\n|upkeep\n|\n|t:|1682283278\n|switch|p1b: Palafin|Palafin-Hero, L50, F|100\/100\n|-activate|p1b: Palafin|ability: Zero to Hero\n|turn|2\n|\n|t:|1682283288\n|switch|p2b: Indeedee|Indeedee-F, L50, F|100\/100\n|-fieldstart|move: Psychic Terrain|[from] ability: Psychic Surge|[of] p2b: Indeedee\n|move|p1b: Palafin|Jet Punch|p2a: Flutter Mane\n|-activate|p2a: Flutter Mane|move: Psychic Terrain\n|move|p2a: Flutter Mane|Moonblast|p1b: Palafin\n|-damage|p1b: Palafin|0 fnt\n|faint|p1b: Palafin\n|move|p1a: Annihilape|Bulk Up|p1a: Annihilape\n|-boost|p1a: Annihilape|atk|1\n|-boost|p1a: Annihilape|def|1\n|\n|upkeep\n|\n|t:|1682283293\n|switch|p1b: Chien-Pao|Chien-Pao, L50|100\/100\n|-ability|p1b: Chien-Pao|Sword of Ruin\n|turn|3\n|\n|t:|1682283310\n|-end|p2a: Flutter Mane|Protosynthesis|[silent]\n|switch|p2a: Gyarados|Gyarados, L50, M, shiny|100\/100\n|-ability|p2a: Gyarados|Intimidate|boost\n|-unboost|p1a: Annihilape|atk|1\n|-unboost|p1b: Chien-Pao|atk|1\n|-enditem|p2a: Gyarados|Psychic Seed\n|-boost|p2a: Gyarados|spd|1|[from] item: Psychic Seed\n|-terastallize|p1a: Annihilape|Fire\n|move|p1b: Chien-Pao|Ice Spinner|p2a: Gyarados\n|-damage|p2a: Gyarados|65\/100\n|-fieldend|move: Psychic Terrain\n|move|p1a: Annihilape|Drain Punch|p2b: Indeedee\n|-damage|p2b: Indeedee|73\/100\n|move|p2b: Indeedee|Dazzling Gleam|p1a: Annihilape|[spread] p1a,p1b\n|-resisted|p1a: Annihilape\n|-supereffective|p1b: Chien-Pao\n|-damage|p1a: Annihilape|96\/100\n|-damage|p1b: Chien-Pao|59\/100\n|\n|-heal|p1a: Annihilape|100\/100|[from] item: Leftovers\n|upkeep\n|turn|4\n|inactive|screamribbon has 30 seconds left.\n|\n|t:|1682283341\n|switch|p2b: Armarouge|Armarouge, L50, F|100\/100\n|move|p1b: Chien-Pao|Ice Spinner|p2a: Gyarados\n|-damage|p2a: Gyarados|25\/100\n|move|p2a: Gyarados|Thunder Wave|p1a: Annihilape\n|-status|p1a: Annihilape|par\n|move|p1a: Annihilape|Rage Fist|p2a: Gyarados\n|-damage|p2a: Gyarados|0 fnt\n|faint|p2a: Gyarados\n|\n|upkeep\n|inactive|screamribbon has 30 seconds left.\n|\n|t:|1682283368\n|switch|p2a: Indeedee|Indeedee-F, L50, F|73\/100\n|-fieldstart|move: Psychic Terrain|[from] ability: Psychic Surge|[of] p2a: Indeedee\n|turn|5\n|\n|t:|1682283375\n|move|p2a: Indeedee|Follow Me|p2a: Indeedee\n|-singleturn|p2a: Indeedee|move: Follow Me\n|move|p1b: Chien-Pao|Ice Spinner|p2a: Indeedee\n|-damage|p2a: Indeedee|34\/100\n|-fieldend|move: Psychic Terrain\n|move|p2b: Armarouge|Heat Wave|p1a: Annihilape|[spread] p1a,p1b\n|-resisted|p1a: Annihilape\n|-supereffective|p1b: Chien-Pao\n|-damage|p1a: Annihilape|89\/100 par\n|-damage|p1b: Chien-Pao|0 fnt\n|faint|p1b: Chien-Pao\n|cant|p1a: Annihilape|par\n|\n|-heal|p1a: Annihilape|95\/100 par|[from] item: Leftovers\n|upkeep\n|turn|6\n|\n|t:|1682283392\n|move|p2a: Indeedee|Helping Hand|p2b: Armarouge\n|-singleturn|p2b: Armarouge|Helping Hand|[of] p2a: Indeedee\n|move|p2b: Armarouge|Expanding Force|p1a: Annihilape\n|-damage|p1a: Annihilape|56\/100 par\n|move|p1a: Annihilape|Bulk Up|p1a: Annihilape\n|-boost|p1a: Annihilape|atk|1\n|-boost|p1a: Annihilape|def|1\n|\n|-heal|p1a: Annihilape|62\/100 par|[from] item: Leftovers\n|upkeep\n|turn|7\n|\n|t:|1682283407\n|cant|p1a: Annihilape|par\n|move|p2a: Indeedee|Follow Me|p2a: Indeedee\n|-singleturn|p2a: Indeedee|move: Follow Me\n|move|p2b: Armarouge|Expanding Force|p1a: Annihilape\n|-damage|p1a: Annihilape|35\/100 par\n|\n|-heal|p1a: Annihilape|41\/100 par|[from] item: Leftovers\n|upkeep\n|turn|8\n|\n|t:|1682283427\n|move|p2a: Indeedee|Helping Hand|p2b: Armarouge\n|-singleturn|p2b: Armarouge|Helping Hand|[of] p2a: Indeedee\n|cant|p1a: Annihilape|par\n|move|p2b: Armarouge|Expanding Force|p1a: Annihilape\n|-damage|p1a: Annihilape|1\/100 par\n|\n|-heal|p1a: Annihilape|7\/100 par|[from] item: Leftovers\n|upkeep\n|turn|9\n|\n|t:|1682283435\n|move|p1a: Annihilape|Protect|p1a: Annihilape\n|-singleturn|p1a: Annihilape|Protect\n|move|p2a: Indeedee|Follow Me|p2a: Indeedee\n|-singleturn|p2a: Indeedee|move: Follow Me\n|move|p2b: Armarouge|Expanding Force|p1a: Annihilape\n|-activate|p1a: Annihilape|move: Protect\n|\n|-heal|p1a: Annihilape|13\/100 par|[from] item: Leftovers\n|upkeep\n|turn|10\n|\n|t:|1682283439\n|cant|p1a: Annihilape|par\n|move|p2a: Indeedee|Follow Me|p2a: Indeedee\n|-singleturn|p2a: Indeedee|move: Follow Me\n|move|p2b: Armarouge|Expanding Force|p1a: Annihilape\n|-damage|p1a: Annihilape|0 fnt\n|faint|p1a: Annihilape\n|\n|win|screamribbon\n|raw|OnlyForTheMeme's rating: 1222 → 1201<\/strong> (-21 for losing)\n|raw|screamribbon's rating: 1271 → 1292<\/strong> (+21 for winning)\n","uploadtime":1682283444,"views":10,"p1id":"onlyforthememe","p2id":"screamribbon","formatid":"gen9vgc2023regulationc","rating":1201,"private":0,"password":""}