{"id":"gen9vgc2023regulationc-1852380892","p1":"GholDenko","p2":"Ayabe0119","format":"[Gen 9] VGC 2023 Regulation C","log":"|j|\u2606GholDenko\n|j|\u2606Ayabe0119\n|t:|1682550560\n|gametype|doubles\n|player|p1|GholDenko|drayden|\n|player|p2|Ayabe0119|2|\n|teamsize|p1|6\n|teamsize|p2|6\n|gen|9\n|tier|[Gen 9] VGC 2023 Regulation C\n|rule|Species Clause: Limit one of each Pok\u00e9mon\n|rule|Item Clause: Limit one of each item\n|clearpoke\n|poke|p1|Chien-Pao, L50|\n|poke|p1|Palafin, L50, M|\n|poke|p1|Corviknight, L50, M|\n|poke|p1|Volcarona, L50, M|\n|poke|p1|Gothitelle, L50, M|\n|poke|p1|Iron Hands, L50|\n|poke|p2|Glimmora, L50, M|\n|poke|p2|Dragonite, L50, M|\n|poke|p2|Dondozo, L50, M|\n|poke|p2|Tatsugiri, L50, F|\n|poke|p2|Chi-Yu, L50|\n|poke|p2|Iron Bundle, L50|\n|teampreview|4\n|c|\u2606GholDenko|G2\nGholDenko has agreed to open team sheets.\nAyabe0119 has agreed to open team sheets.\n|c|\u2606GholDenko|G2, GL HF!\n|c|\u2606Ayabe0119|GLHF!\n|\n|t:|1682551072\n|start\n|switch|p1a: Iron Hands|Iron Hands, L50|100\/100\n|switch|p1b: Palafin|Palafin, L50, M, shiny|100\/100\n|switch|p2a: Tatsugiri|Tatsugiri, L50, F|100\/100\n|switch|p2b: Dondozo|Dondozo, L50, M|100\/100\n|-activate|p2a: Tatsugiri|ability: Commander|[of] p2b: Dondozo\n|-boost|p2b: Dondozo|atk|2\n|-boost|p2b: Dondozo|spa|2\n|-boost|p2b: Dondozo|spe|2\n|-boost|p2b: Dondozo|def|2\n|-boost|p2b: Dondozo|spd|2\n|turn|1\n|\n|t:|1682551115\n|move|p1a: Iron Hands|Fake Out|p2b: Dondozo\n|-damage|p2b: Dondozo|95\/100\n|cant|p2b: Dondozo|flinch\n|move|p1b: Palafin|Haze|p1b: Palafin\n|-clearallboost\n|\n|-heal|p2b: Dondozo|100\/100|[from] item: Leftovers\n|upkeep\n|turn|2\n|\n|t:|1682551146\n|detailschange|p1b: Palafin|Palafin-Hero, L50, M, shiny\n|switch|p1b: Corviknight|Corviknight, L50, M|100\/100\n|move|p2b: Dondozo|Earthquake|p1b: Corviknight|[spread] p1a\n|-miss|p2b: Dondozo|p2a: Tatsugiri\n|-immune|p1b: Corviknight\n|-supereffective|p1a: Iron Hands\n|-damage|p1a: Iron Hands|73\/100\n|move|p1a: Iron Hands|Volt Switch|p2b: Dondozo\n|-supereffective|p2b: Dondozo\n|-damage|p2b: Dondozo|77\/100\n|\n|t:|1682551156\n|-end|p1a: Iron Hands|Quark Drive|[silent]\n|switch|p1a: Volcarona|Volcarona, L50, M|100\/100|[from] Volt Switch\n|\n|-heal|p2b: Dondozo|83\/100|[from] item: Leftovers\n|upkeep\n|turn|3\n|\n|t:|1682551174\n|-terastallize|p1a: Volcarona|Grass\n|move|p1a: Volcarona|Quiver Dance|p1a: Volcarona\n|-boost|p1a: Volcarona|spa|1\n|-boost|p1a: Volcarona|spd|1\n|-boost|p1a: Volcarona|spe|1\n|move|p1b: Corviknight|Bulk Up|p1b: Corviknight\n|-boost|p1b: Corviknight|atk|1\n|-boost|p1b: Corviknight|def|1\n|move|p2b: Dondozo|Wave Crash|p1a: Volcarona\n|-resisted|p1a: Volcarona\n|-damage|p1a: Volcarona|68\/100\n|-damage|p2b: Dondozo|74\/100|[from] Recoil\n|\n|-heal|p1a: Volcarona|74\/100|[from] item: Leftovers\n|-heal|p2b: Dondozo|80\/100|[from] item: Leftovers\n|upkeep\n|turn|4\n|\n|t:|1682551188\n|move|p1a: Volcarona|Quiver Dance|p1a: Volcarona\n|-boost|p1a: Volcarona|spa|1\n|-boost|p1a: Volcarona|spd|1\n|-boost|p1a: Volcarona|spe|1\n|move|p1b: Corviknight|Bulk Up|p1b: Corviknight\n|-boost|p1b: Corviknight|atk|1\n|-boost|p1b: Corviknight|def|1\n|move|p2b: Dondozo|Wave Crash|p1a: Volcarona\n|-resisted|p1a: Volcarona\n|-damage|p1a: Volcarona|44\/100\n|-status|p2b: Dondozo|brn|[from] ability: Flame Body|[of] p1a: Volcarona\n|-damage|p2b: Dondozo|72\/100 brn|[from] Recoil\n|\n|-heal|p1a: Volcarona|50\/100|[from] item: Leftovers\n|-heal|p2b: Dondozo|78\/100 brn|[from] item: Leftovers\n|-damage|p2b: Dondozo|72\/100 brn|[from] brn\n|upkeep\n|turn|5\n|\n|t:|1682551203\n|move|p1a: Volcarona|Quiver Dance|p1a: Volcarona\n|-boost|p1a: Volcarona|spa|1\n|-boost|p1a: Volcarona|spd|1\n|-boost|p1a: Volcarona|spe|1\n|move|p1b: Corviknight|Bulk Up|p1b: Corviknight\n|-boost|p1b: Corviknight|atk|1\n|-boost|p1b: Corviknight|def|1\n|move|p2b: Dondozo|Wave Crash|p1a: Volcarona\n|-resisted|p1a: Volcarona\n|-damage|p1a: Volcarona|36\/100\n|-damage|p2b: Dondozo|68\/100 brn|[from] Recoil\n|\n|-heal|p1a: Volcarona|42\/100|[from] item: Leftovers\n|-heal|p2b: Dondozo|74\/100 brn|[from] item: Leftovers\n|-damage|p2b: Dondozo|68\/100 brn|[from] brn\n|upkeep\n|turn|6\n|\n|t:|1682551222\n|move|p1a: Volcarona|Giga Drain|p2b: Dondozo\n|-supereffective|p2b: Dondozo\n|-damage|p2b: Dondozo|0 fnt\n|-heal|p1a: Volcarona|82\/100|[from] drain|[of] p2b: Dondozo\n|faint|p2b: Dondozo\n|move|p1b: Corviknight|Brave Bird|p2a: Tatsugiri\n|-damage|p2a: Tatsugiri|0 fnt\n|faint|p2a: Tatsugiri\n|-damage|p1b: Corviknight|78\/100|[from] Recoil\n|\n|-heal|p1a: Volcarona|88\/100|[from] item: Leftovers\n|upkeep\n|\n|t:|1682551227\n|switch|p2a: Iron Bundle|Iron Bundle, L50, shiny|100\/100\n|switch|p2b: Chi-Yu|Chi-Yu, L50|100\/100\n|-ability|p2b: Chi-Yu|Beads of Ruin\n|-enditem|p2a: Iron Bundle|Booster Energy\n|-activate|p2a: Iron Bundle|ability: Quark Drive|[fromitem]\n|-start|p2a: Iron Bundle|quarkdrivespe\n|turn|7\n|\n|t:|1682551252\n|-terastallize|p2a: Iron Bundle|Ice\n|move|p1a: Volcarona|Fiery Dance|p2b: Chi-Yu\n|-resisted|p2b: Chi-Yu\n|-damage|p2b: Chi-Yu|46\/100\n|-boost|p1a: Volcarona|spa|1\n|move|p2a: Iron Bundle|Freeze-Dry|p1a: Volcarona\n|-supereffective|p1a: Volcarona\n|-damage|p1a: Volcarona|38\/100\n|-status|p1a: Volcarona|frz\n|move|p2b: Chi-Yu|Overheat|p1b: Corviknight\n|-supereffective|p1b: Corviknight\n|-damage|p1b: Corviknight|0 fnt\n|-unboost|p2b: Chi-Yu|spa|2\n|faint|p1b: Corviknight\n|\n|-heal|p1a: Volcarona|44\/100 frz|[from] item: Leftovers\n|upkeep\n|\n|t:|1682551269\n|switch|p1b: Iron Hands|Iron Hands, L50|73\/100\n|turn|8\n|\n|t:|1682551304\n|move|p2a: Iron Bundle|Protect|p2a: Iron Bundle\n|-singleturn|p2a: Iron Bundle|Protect\n|cant|p1a: Volcarona|frz\n|move|p2b: Chi-Yu|Heat Wave|p1a: Volcarona|[spread] p1b\n|-miss|p2b: Chi-Yu|p1a: Volcarona\n|-damage|p1b: Iron Hands|62\/100\n|move|p1b: Iron Hands|Drain Punch|p2b: Chi-Yu\n|-supereffective|p2b: Chi-Yu\n|-damage|p2b: Chi-Yu|0 fnt\n|-heal|p1b: Iron Hands|74\/100|[from] drain|[of] p2b: Chi-Yu\n|faint|p2b: Chi-Yu\n|\n|-heal|p1a: Volcarona|50\/100 frz|[from] item: Leftovers\n|upkeep\n|turn|9\n|-message|Ayabe0119 forfeited.\n|\n|win|GholDenko\n|c|\u2606Ayabe0119|gg\n|c|\u2606GholDenko|gg\n","uploadtime":1682551323,"views":14,"p1id":"gholdenko","p2id":"ayabe0119","formatid":"gen9vgc2023regulationc","rating":0,"private":0,"password":""}