{"id":"gen9vgc2023regulationc-1852843795","p1":"Missed Ledgedash","p2":"Prankstertrollo","format":"[Gen 9] VGC 2023 Regulation C","log":"|j|\u2606Missed Ledgedash\n|j|\u2606Prankstertrollo\n|t:|1682610974\n|gametype|doubles\n|player|p1|Missed Ledgedash|juan-gen3|1285\n|player|p2|Prankstertrollo|backers|1290\n|teamsize|p1|6\n|teamsize|p2|6\n|gen|9\n|tier|[Gen 9] VGC 2023 Regulation C\n|rated|\n|rule|Species Clause: Limit one of each Pok\u00e9mon\n|rule|Item Clause: Limit one of each item\n|clearpoke\n|poke|p1|Flutter Mane, L50|\n|poke|p1|Arcanine, L50, M|\n|poke|p1|Amoonguss, L50, M|\n|poke|p1|Palafin, L50, M|\n|poke|p1|Corviknight, L50, F|\n|poke|p1|Iron Hands, L50|\n|poke|p2|Flutter Mane, L50|\n|poke|p2|Amoonguss, L50, M|\n|poke|p2|Chi-Yu, L50|\n|poke|p2|Annihilape, L50, F|\n|poke|p2|Roaring Moon, L50|\n|poke|p2|Baxcalibur, L50, F|\n|teampreview|4\nMissed Ledgedash has agreed to open team sheets.\nPrankstertrollo rejected open team sheets.\n|inactive|Battle timer is ON: inactive players will automatically lose when time's up. (requested by Prankstertrollo)\n|\n|t:|1682611033\n|start\n|switch|p1a: Maurice|Arcanine, L50, M|100\/100\n|switch|p1b: Palafin|Palafin, L50, M|100\/100\n|switch|p2a: Amoonguss|Amoonguss, L50, M|100\/100\n|switch|p2b: Baxcalibur|Baxcalibur, L50, F|100\/100\n|-ability|p1a: Maurice|Intimidate|boost\n|-unboost|p2a: Amoonguss|atk|1\n|-unboost|p2b: Baxcalibur|atk|1\n|turn|1\n|inactive|Prankstertrollo has 30 seconds left.\n|inactive|Prankstertrollo has 20 seconds left.\n|inactive|Prankstertrollo has 15 seconds left.\n|\n|t:|1682611078\n|detailschange|p1b: Palafin|Palafin-Hero, L50, M\n|switch|p1b: Corviknight|Corviknight, L50, F|100\/100\n|switch|p2b: Roaring Moon|Roaring Moon, L50|100\/100\n|-enditem|p2b: Roaring Moon|Booster Energy\n|-activate|p2b: Roaring Moon|ability: Protosynthesis|[fromitem]\n|-start|p2b: Roaring Moon|protosynthesisspe\n|move|p2a: Amoonguss|Protect|p2a: Amoonguss\n|-singleturn|p2a: Amoonguss|Protect\n|move|p1a: Maurice|Flare Blitz|p2a: Amoonguss\n|-activate|p2a: Amoonguss|move: Protect\n|\n|upkeep\n|turn|2\n|\n|t:|1682611101\n|-terastallize|p2b: Roaring Moon|Flying\n|move|p2a: Amoonguss|Rage Powder|p2a: Amoonguss\n|-singleturn|p2a: Amoonguss|move: Rage Powder\n|move|p2b: Roaring Moon|Acrobatics|p1a: Maurice\n|-damage|p1a: Maurice|29\/100\n|move|p1a: Maurice|Will-O-Wisp|p2b: Roaring Moon\n|-status|p2b: Roaring Moon|brn\n|move|p1b: Corviknight|Substitute|p1b: Corviknight\n|-start|p1b: Corviknight|Substitute\n|-damage|p1b: Corviknight|76\/100\n|\n|-heal|p1b: Corviknight|82\/100|[from] item: Leftovers\n|-damage|p2b: Roaring Moon|95\/100 brn|[from] brn\n|upkeep\n|turn|3\n|inactive|Missed Ledgedash has 30 seconds left.\n|inactive|Prankstertrollo has 30 seconds left.\n|\n|t:|1682611132\n|switch|p2a: Flutter Mane|Flutter Mane, L50|100\/100\n|move|p2b: Roaring Moon|Acrobatics|p1a: Maurice\n|-damage|p1a: Maurice|0 fnt\n|faint|p1a: Maurice\n|move|p1b: Corviknight|Bulk Up|p1b: Corviknight\n|-boost|p1b: Corviknight|atk|1\n|-boost|p1b: Corviknight|def|1\n|\n|-heal|p1b: Corviknight|88\/100|[from] item: Leftovers\n|-damage|p2b: Roaring Moon|89\/100 brn|[from] brn\n|upkeep\n|\n|t:|1682611139\n|switch|p1a: Palafin|Palafin-Hero, L50, M|100\/100\n|-activate|p1a: Palafin|ability: Zero to Hero\n|turn|4\n|\n|t:|1682611150\n|move|p1a: Palafin|Protect|p1a: Palafin\n|-singleturn|p1a: Palafin|Protect\n|move|p2b: Roaring Moon|Acrobatics|p1a: Palafin\n|-activate|p1a: Palafin|move: Protect\n|move|p2a: Flutter Mane|Dazzling Gleam|p1a: Palafin|[spread] p1b\n|-activate|p1a: Palafin|move: Protect\n|-resisted|p1b: Corviknight\n|-end|p1b: Corviknight|Substitute\n|move|p1b: Corviknight|Brave Bird|p2a: Flutter Mane\n|-damage|p2a: Flutter Mane|0 fnt\n|faint|p2a: Flutter Mane\n|-end|p2a: Flutter Mane|Protosynthesis|[silent]\n|-damage|p1b: Corviknight|62\/100|[from] Recoil\n|\n|-heal|p1b: Corviknight|68\/100|[from] item: Leftovers\n|-damage|p2b: Roaring Moon|83\/100 brn|[from] brn\n|upkeep\n|\n|t:|1682611167\n|switch|p2a: Amoonguss|Amoonguss, L50, M|100\/100\n|turn|5\n|\n|t:|1682611180\n|-end|p2b: Roaring Moon|Protosynthesis|[silent]\n|switch|p2b: Baxcalibur|Baxcalibur, L50, F|100\/100\n|move|p1a: Palafin|Substitute|p1a: Palafin\n|-start|p1a: Palafin|Substitute\n|-damage|p1a: Palafin|76\/100\n|move|p1b: Corviknight|Brave Bird|p2a: Amoonguss\n|-supereffective|p2a: Amoonguss\n|-damage|p2a: Amoonguss|0 fnt\n|-status|p1b: Corviknight|par|[from] ability: Effect Spore|[of] p2a: Amoonguss\n|faint|p2a: Amoonguss\n|-damage|p1b: Corviknight|31\/100 par|[from] Recoil\n|\n|-heal|p1b: Corviknight|37\/100 par|[from] item: Leftovers\n|upkeep\n|\n|t:|1682611192\n|switch|p2a: Roaring Moon|Roaring Moon, L50, tera:Flying|83\/100 brn\n|turn|6\n|\n|t:|1682611205\n|move|p2a: Roaring Moon|Tailwind|p2a: Roaring Moon\n|-sidestart|p2: Prankstertrollo|move: Tailwind\n|move|p2b: Baxcalibur|Icicle Spear|p1b: Corviknight\n|-damage|p1b: Corviknight|28\/100 par\n|-damage|p1b: Corviknight|18\/100 par\n|-damage|p1b: Corviknight|9\/100 par\n|-damage|p1b: Corviknight|0 fnt\n|faint|p1b: Corviknight\n|-hitcount|p1: Corviknight|4\n|move|p1a: Palafin|Wave Crash|p2a: Roaring Moon\n|-damage|p2a: Roaring Moon|0 fnt\n|faint|p2a: Roaring Moon\n|-end|p2a: Roaring Moon|Protosynthesis|[silent]\n|-damage|p1a: Palafin|52\/100|[from] Recoil\n|\n|upkeep\n|\n|t:|1682611215\n|switch|p1b: Flutter Mane|Flutter Mane, L50|100\/100\n|turn|7\n|\n|t:|1682611227\n|-terastallize|p1a: Palafin|Water\n|move|p2b: Baxcalibur|Icicle Spear|p1b: Flutter Mane\n|-damage|p1b: Flutter Mane|77\/100\n|-damage|p1b: Flutter Mane|49\/100\n|-damage|p1b: Flutter Mane|26\/100\n|-damage|p1b: Flutter Mane|3\/100\n|-damage|p1b: Flutter Mane|0 fnt\n|faint|p1b: Flutter Mane\n|-end|p1b: Flutter Mane|Protosynthesis|[silent]\n|-hitcount|p1: Flutter Mane|5\n|move|p1a: Palafin|Wave Crash|p2b: Baxcalibur\n|-resisted|p2b: Baxcalibur\n|-damage|p2b: Baxcalibur|44\/100\n|-damage|p1a: Palafin|32\/100|[from] Recoil\n|\n|upkeep\n|turn|8\n|\n|t:|1682611244\n|move|p2b: Baxcalibur|Icicle Spear|p1a: Palafin\n|-resisted|p1a: Palafin\n|-activate|p1a: Palafin|move: Substitute|[damage]\n|-resisted|p1a: Palafin\n|-activate|p1a: Palafin|move: Substitute|[damage]\n|-resisted|p1a: Palafin\n|-activate|p1a: Palafin|move: Substitute|[damage]\n|-resisted|p1a: Palafin\n|-crit|p1a: Palafin\n|-end|p1a: Palafin|Substitute\n|-hitcount|p1a: Palafin|4\n|move|p1a: Palafin|Wave Crash|p2b: Baxcalibur\n|-resisted|p2b: Baxcalibur\n|-damage|p2b: Baxcalibur|0 fnt\n|faint|p2b: Baxcalibur\n|-damage|p1a: Palafin|16\/100|[from] Recoil\n|\n|win|Missed Ledgedash\n|raw|Missed Ledgedash's rating: 1285 → 1310<\/strong> (+25 for winning)\n|raw|Prankstertrollo's rating: 1290 → 1265<\/strong> (-25 for losing)\n|l|\u2606Prankstertrollo\n|c|\u2606Missed Ledgedash|gg\n","uploadtime":1682611262,"views":6,"p1id":"missedledgedash","p2id":"prankstertrollo","formatid":"gen9vgc2023regulationc","rating":1265,"private":0,"password":""}