{"id":"gen9vgc2023regulationc-1848941767","p1":"CallMeMrMoo","p2":"Negdogoc","format":"[Gen 9] VGC 2023 Regulation C","log":"|j|\u2606CallMeMrMoo\n|j|\u2606Negdogoc\n|t:|1682129019\n|gametype|doubles\n|player|p1|CallMeMrMoo|rancher|1099\n|player|p2|Negdogoc|170|1211\n|teamsize|p1|6\n|teamsize|p2|6\n|gen|9\n|tier|[Gen 9] VGC 2023 Regulation C\n|rated|\n|rule|Species Clause: Limit one of each Pok\u00e9mon\n|rule|Item Clause: Limit one of each item\n|clearpoke\n|poke|p1|Ting-Lu, L50|\n|poke|p1|Maushold-Four, L50|\n|poke|p1|Annihilape, L50, M|\n|poke|p1|Dragonite, L50, F|\n|poke|p1|Chien-Pao, L50|\n|poke|p1|Flutter Mane, L50|\n|poke|p2|Flutter Mane, L50|\n|poke|p2|Great Tusk, L50|\n|poke|p2|Lilligant, L50, F|\n|poke|p2|Torkoal, L50, M|\n|poke|p2|Chi-Yu, L50|\n|poke|p2|Baxcalibur, L50, M|\n|teampreview|4\n|inactive|Battle timer is ON: inactive players will automatically lose when time's up. (requested by Negdogoc)\n|inactive|CallMeMrMoo has 60 seconds left.\n|inactive|CallMeMrMoo has 30 seconds left.\n|\n|t:|1682129091\n|start\n|switch|p1a: Ting-Lu|Ting-Lu, L50|100\/100\n|switch|p1b: Dragonite|Dragonite, L50, F|100\/100\n|switch|p2a: Torkoal|Torkoal, L50, M|100\/100\n|switch|p2b: Lilligant|Lilligant, L50, F|100\/100\n|-ability|p1a: Ting-Lu|Vessel of Ruin\n|-weather|SunnyDay|[from] ability: Drought|[of] p2a: Torkoal\n|turn|1\n|\n|t:|1682129115\n|move|p2b: Lilligant|Sleep Powder|p1a: Ting-Lu\n|-status|p1a: Ting-Lu|slp|[from] move: Sleep Powder\n|move|p1b: Dragonite|Tailwind|p1b: Dragonite\n|-sidestart|p1: CallMeMrMoo|move: Tailwind\n|cant|p1a: Ting-Lu|slp\n|move|p2a: Torkoal|Yawn|p1b: Dragonite\n|-start|p1b: Dragonite|move: Yawn|[of] p2a: Torkoal\n|\n|-weather|SunnyDay|[upkeep]\n|upkeep\n|turn|2\n|\n|t:|1682129133\n|move|p2b: Lilligant|Pollen Puff|p1a: Ting-Lu\n|-supereffective|p1a: Ting-Lu\n|-damage|p1a: Ting-Lu|75\/100 slp\n|move|p1b: Dragonite|Ice Spinner|p2b: Lilligant\n|-supereffective|p2b: Lilligant\n|-enditem|p2b: Lilligant|Focus Sash\n|-damage|p2b: Lilligant|1\/100\n|-curestatus|p1a: Ting-Lu|slp|[msg]\n|move|p1a: Ting-Lu|Stomping Tantrum|p2a: Torkoal\n|-supereffective|p2a: Torkoal\n|-damage|p2a: Torkoal|8\/100\n|move|p2a: Torkoal|Eruption|p1a: Ting-Lu|[spread] p1a,p1b\n|-crit|p1a: Ting-Lu\n|-resisted|p1b: Dragonite\n|-damage|p1a: Ting-Lu|72\/100\n|-damage|p1b: Dragonite|99\/100\n|\n|-weather|SunnyDay|[upkeep]\n|-end|p1b: Dragonite|move: Yawn|[silent]\n|-status|p1b: Dragonite|slp\n|-enditem|p1b: Dragonite|Lum Berry|[eat]\n|-curestatus|p1b: Dragonite|slp|[msg]\n|upkeep\n|turn|3\n|inactive|Negdogoc has 30 seconds left.\n|inactive|Negdogoc has 20 seconds left.\n|\n|t:|1682129169\n|move|p1b: Dragonite|Extreme Speed|p2b: Lilligant\n|-damage|p2b: Lilligant|0 fnt\n|faint|p2b: Lilligant\n|move|p1a: Ting-Lu|Stomping Tantrum|p2a: Torkoal\n|-supereffective|p2a: Torkoal\n|-damage|p2a: Torkoal|0 fnt\n|faint|p2a: Torkoal\n|\n|-weather|SunnyDay|[upkeep]\n|upkeep\n|\n|t:|1682129171\n|switch|p2b: Flutter Mane|Flutter Mane, L50|100\/100\n|switch|p2a: Baxcalibur|Baxcalibur, L50, M|100\/100\n|-activate|p2b: Flutter Mane|ability: Protosynthesis\n|-start|p2b: Flutter Mane|protosynthesisspa\n|turn|4\n|inactive|CallMeMrMoo has 30 seconds left.\n|inactive|CallMeMrMoo has 20 seconds left.\n|inactive|CallMeMrMoo has 15 seconds left.\n|inactive|CallMeMrMoo has 10 seconds left.\n|inactive|CallMeMrMoo has 5 seconds left.\n|\n|t:|1682129223\n|-terastallize|p1b: Dragonite|Normal\n|-terastallize|p2a: Baxcalibur|Flying\n|move|p2b: Flutter Mane|Protect|p2b: Flutter Mane\n|-singleturn|p2b: Flutter Mane|Protect\n|move|p1b: Dragonite|Stomping Tantrum|p2b: Flutter Mane\n|-activate|p2b: Flutter Mane|move: Protect\n|move|p2a: Baxcalibur|Icicle Spear|p1b: Dragonite\n|-damage|p1b: Dragonite|84\/100\n|-damage|p1b: Dragonite|70\/100\n|-damage|p1b: Dragonite|55\/100\n|-damage|p1b: Dragonite|40\/100\n|-damage|p1b: Dragonite|27\/100\n|-hitcount|p1b: Dragonite|5\n|move|p1a: Ting-Lu|Heavy Slam|p2a: Baxcalibur\n|-damage|p2a: Baxcalibur|73\/100\n|\n|-weather|SunnyDay|[upkeep]\n|-sideend|p1: CallMeMrMoo|move: Tailwind\n|upkeep\n|turn|5\n|inactive|CallMeMrMoo has 30 seconds left.\n|\n|t:|1682129252\n|move|p2b: Flutter Mane|Dazzling Gleam|p1b: Dragonite|[spread] p1a,p1b\n|-supereffective|p1a: Ting-Lu\n|-damage|p1a: Ting-Lu|26\/100\n|-damage|p1b: Dragonite|0 fnt\n|faint|p1b: Dragonite\n|move|p2a: Baxcalibur|Icicle Spear|p1a: Ting-Lu\n|-supereffective|p1a: Ting-Lu\n|-damage|p1a: Ting-Lu|9\/100\n|-supereffective|p1a: Ting-Lu\n|-damage|p1a: Ting-Lu|0 fnt\n|faint|p1a: Ting-Lu\n|-hitcount|p1: Ting-Lu|2\n|\n|-weather|SunnyDay|[upkeep]\n|upkeep\n|\n|t:|1682129263\n|switch|p1b: Maushold|Maushold-Four, L50|100\/100\n|switch|p1a: Chien-Pao|Chien-Pao, L50|100\/100\n|-ability|p1a: Chien-Pao|Sword of Ruin\n|turn|6\n|\n|t:|1682129280\n|move|p2a: Baxcalibur|Protect|p2a: Baxcalibur\n|-singleturn|p2a: Baxcalibur|Protect\n|move|p1b: Maushold|Follow Me|p1b: Maushold\n|-singleturn|p1b: Maushold|move: Follow Me\n|move|p1a: Chien-Pao|Ice Spinner|p2a: Baxcalibur\n|-activate|p2a: Baxcalibur|move: Protect\n|move|p2b: Flutter Mane|Dazzling Gleam|p1b: Maushold|[spread] p1a,p1b\n|-supereffective|p1a: Chien-Pao\n|-enditem|p1a: Chien-Pao|Focus Sash\n|-damage|p1a: Chien-Pao|1\/100\n|-damage|p1b: Maushold|42\/100\n|\n|-weather|SunnyDay|[upkeep]\n|upkeep\n|turn|7\n|inactive|CallMeMrMoo has 30 seconds left.\n|\n|t:|1682129311\n|move|p1a: Chien-Pao|Sucker Punch|p2b: Flutter Mane\n|-damage|p2b: Flutter Mane|4\/100\n|move|p2b: Flutter Mane|Dazzling Gleam|p1b: Maushold|[spread] p1a,p1b\n|-supereffective|p1a: Chien-Pao\n|-damage|p1a: Chien-Pao|0 fnt\n|-damage|p1b: Maushold|0 fnt\n|faint|p1a: Chien-Pao\n|faint|p1b: Maushold\n|\n|win|Negdogoc\n|raw|CallMeMrMoo's rating: 1099 → 1082<\/strong> (-17 for losing)\n|raw|Negdogoc's rating: 1211 → 1228<\/strong> (+17 for winning)\n|l|\u2606Negdogoc\n","uploadtime":1682129321,"views":5,"p1id":"callmemrmoo","p2id":"negdogoc","formatid":"gen9vgc2023regulationc","rating":1082,"private":0,"password":""}