{"id":"gen9vgc2023regulationc-1856534549","p1":"noriel2001","p2":"idolhunter28273","format":"[Gen 9] VGC 2023 Regulation C","log":"|j|\u2606noriel2001\n|j|\u2606idolhunter28273\n|t:|1683072702\n|gametype|doubles\n|player|p1|noriel2001|hilbert|1229\n|player|p2|idolhunter28273|266|1246\n|teamsize|p1|6\n|teamsize|p2|6\n|gen|9\n|tier|[Gen 9] VGC 2023 Regulation C\n|rated|\n|rule|Species Clause: Limit one of each Pok\u00e9mon\n|rule|Item Clause: Limit one of each item\n|clearpoke\n|poke|p1|Tyranitar, L50, F|\n|poke|p1|Lycanroc, L50, M|\n|poke|p1|Sandy Shocks, L50|\n|poke|p1|Arcanine, L50, M|\n|poke|p1|Gastrodon-East, L50, F|\n|poke|p1|Scizor, L50, F|\n|poke|p2|Maushold, L50|\n|poke|p2|Annihilape, L50, M|\n|poke|p2|Iron Bundle, L50|\n|poke|p2|Kingambit, L50, F|\n|poke|p2|Amoonguss, L50, F|\n|poke|p2|Arcanine, L50, F|\n|teampreview|4\nidolhunter28273 has agreed to open team sheets.\n|inactive|Battle timer is ON: inactive players will automatically lose when time's up. (requested by idolhunter28273)\n|\n|t:|1683072752\n|start\n|switch|p1a: Scizor|Scizor, L50, F|100\/100\n|switch|p1b: Sandy Shocks|Sandy Shocks, L50|100\/100\n|switch|p2a: Iron Bundle|Iron Bundle, L50|100\/100\n|switch|p2b: Kingambit|Kingambit, L50, F|100\/100\n|-enditem|p2a: Iron Bundle|Booster Energy\n|-activate|p2a: Iron Bundle|ability: Quark Drive|[fromitem]\n|-start|p2a: Iron Bundle|quarkdrivespe\n|-enditem|p1b: Sandy Shocks|Booster Energy\n|-activate|p1b: Sandy Shocks|ability: Protosynthesis|[fromitem]\n|-start|p1b: Sandy Shocks|protosynthesisspa\n|turn|1\n|inactive|noriel2001 has 30 seconds left.\n|inactive|noriel2001 has 20 seconds left.\n|\n|t:|1683072790\n|switch|p1a: Tyranitar|Tyranitar, L50, F, shiny|100\/100\n|-weather|Sandstorm|[from] ability: Sand Stream|[of] p1a: Tyranitar\n|move|p2a: Iron Bundle|Protect|p2a: Iron Bundle\n|-singleturn|p2a: Iron Bundle|Protect\n|move|p1b: Sandy Shocks|Protect|p1b: Sandy Shocks\n|-singleturn|p1b: Sandy Shocks|Protect\n|move|p2b: Kingambit|Iron Head|p1a: Tyranitar\n|-supereffective|p1a: Tyranitar\n|-damage|p1a: Tyranitar|30\/100\n|\n|-weather|Sandstorm|[upkeep]\n|-damage|p2a: Iron Bundle|94\/100|[from] Sandstorm\n|upkeep\n|turn|2\n|\n|t:|1683072813\n|move|p2b: Kingambit|Sucker Punch|p1a: Tyranitar\n|-resisted|p1a: Tyranitar\n|-damage|p1a: Tyranitar|15\/100\n|move|p2a: Iron Bundle|Hydro Pump|p1b: Sandy Shocks|[miss]\n|-miss|p2a: Iron Bundle|p1b: Sandy Shocks\n|move|p1b: Sandy Shocks|Thunderbolt|p2a: Iron Bundle\n|-supereffective|p2a: Iron Bundle\n|-damage|p2a: Iron Bundle|0 fnt\n|faint|p2a: Iron Bundle\n|-end|p2a: Iron Bundle|Quark Drive|[silent]\n|move|p1a: Tyranitar|Earthquake|p2b: Kingambit|[spread] p1b,p2b\n|-supereffective|p1b: Sandy Shocks\n|-supereffective|p2b: Kingambit\n|-damage|p1b: Sandy Shocks|41\/100\n|-damage|p2b: Kingambit|63\/100\n|\n|-weather|Sandstorm|[upkeep]\n|upkeep\n|\n|t:|1683072829\n|switch|p2a: Annihilape|Annihilape, L50, M|100\/100\n|turn|3\n|\n|t:|1683072846\n|move|p2b: Kingambit|Sucker Punch|p1a: Tyranitar\n|-resisted|p1a: Tyranitar\n|-damage|p1a: Tyranitar|1\/100\n|move|p1b: Sandy Shocks|Thunderbolt|p2a: Annihilape\n|-damage|p2a: Annihilape|45\/100\n|move|p2a: Annihilape|Bulk Up|p2a: Annihilape\n|-boost|p2a: Annihilape|atk|1\n|-boost|p2a: Annihilape|def|1\n|move|p1a: Tyranitar|Crunch|p2a: Annihilape\n|-damage|p2a: Annihilape|18\/100\n|\n|-weather|Sandstorm|[upkeep]\n|-damage|p2a: Annihilape|12\/100|[from] Sandstorm\n|-heal|p2a: Annihilape|18\/100|[from] item: Leftovers\n|upkeep\n|turn|4\n|inactive|noriel2001 has 30 seconds left.\n|inactive|noriel2001 has 20 seconds left.\n|\n|t:|1683072884\n|move|p2a: Annihilape|Protect|p2a: Annihilape\n|-singleturn|p2a: Annihilape|Protect\n|move|p2b: Kingambit|Sucker Punch|p1b: Sandy Shocks\n|-damage|p1b: Sandy Shocks|0 fnt\n|faint|p1b: Sandy Shocks\n|-end|p1b: Sandy Shocks|Protosynthesis|[silent]\n|move|p1a: Tyranitar|Earthquake|p2b: Kingambit|[spread] p2b\n|-activate|p2a: Annihilape|move: Protect\n|-supereffective|p2b: Kingambit\n|-damage|p2b: Kingambit|26\/100\n|\n|-weather|Sandstorm|[upkeep]\n|-damage|p2a: Annihilape|12\/100|[from] Sandstorm\n|-heal|p2a: Annihilape|18\/100|[from] item: Leftovers\n|upkeep\n|\n|t:|1683072903\n|switch|p1b: Lycanroc|Lycanroc, L50, M|100\/100\n|turn|5\n|\n|t:|1683072925\n|move|p1b: Lycanroc|Protect|p1b: Lycanroc\n|-singleturn|p1b: Lycanroc|Protect\n|move|p2b: Kingambit|Sucker Punch||[still]\n|-fail|p2b: Kingambit\n|move|p2a: Annihilape|Drain Punch|p1b: Lycanroc\n|-activate|p1b: Lycanroc|move: Protect\n|move|p1a: Tyranitar|Crunch|p2b: Kingambit\n|-resisted|p2b: Kingambit\n|-damage|p2b: Kingambit|10\/100\n|\n|-weather|none\n|-heal|p2a: Annihilape|24\/100|[from] item: Leftovers\n|upkeep\n|turn|6\n|\n|t:|1683072944\n|move|p2a: Annihilape|Protect|p2a: Annihilape\n|-singleturn|p2a: Annihilape|Protect\n|move|p2b: Kingambit|Sucker Punch|p1a: Tyranitar\n|-resisted|p1a: Tyranitar\n|-damage|p1a: Tyranitar|0 fnt\n|faint|p1a: Tyranitar\n|move|p1b: Lycanroc|Crunch|p2a: Annihilape\n|-activate|p2a: Annihilape|move: Protect\n|\n|-heal|p2a: Annihilape|30\/100|[from] item: Leftovers\n|upkeep\n|\n|t:|1683072957\n|switch|p1a: Scizor|Scizor, L50, F|100\/100\n|turn|7\n|\n|t:|1683072972\n|move|p1a: Scizor|Bullet Punch|p2a: Annihilape\n|-damage|p2a: Annihilape|10\/100\n|move|p1b: Lycanroc|Rock Slide|p2b: Kingambit|[spread] p2a,p2b\n|-resisted|p2a: Annihilape\n|-resisted|p2b: Kingambit\n|-crit|p2b: Kingambit\n|-damage|p2a: Annihilape|1\/100\n|-damage|p2b: Kingambit|0 fnt\n|faint|p2b: Kingambit\n|cant|p2a: Annihilape|flinch\n|\n|-heal|p2a: Annihilape|7\/100|[from] item: Leftovers\n|upkeep\n|\n|t:|1683072980\n|switch|p2b: Amoonguss|Amoonguss, L50, F|100\/100\n|turn|8\n|\n|t:|1683073005\n|move|p1b: Lycanroc|Protect|p1b: Lycanroc\n|-singleturn|p1b: Lycanroc|Protect\n|move|p2a: Annihilape|Protect|p2a: Annihilape\n|-singleturn|p2a: Annihilape|Protect\n|move|p2b: Amoonguss|Protect|p2b: Amoonguss\n|-singleturn|p2b: Amoonguss|Protect\n|move|p1a: Scizor|Swords Dance|p1a: Scizor\n|-boost|p1a: Scizor|atk|2\n|\n|-heal|p2a: Annihilape|13\/100|[from] item: Leftovers\n|upkeep\n|turn|9\n|\n|t:|1683073025\n|-terastallize|p2b: Amoonguss|Water\n|move|p2b: Amoonguss|Rage Powder|p2b: Amoonguss\n|-singleturn|p2b: Amoonguss|move: Rage Powder\n|move|p1a: Scizor|Bullet Punch|p2b: Amoonguss\n|-resisted|p2b: Amoonguss\n|-damage|p2b: Amoonguss|70\/100\n|move|p1b: Lycanroc|Rock Slide|p2a: Annihilape|[spread] p2a,p2b\n|-resisted|p2a: Annihilape\n|-damage|p2a: Annihilape|5\/100\n|-damage|p2b: Amoonguss|45\/100\n|-enditem|p2b: Amoonguss|Sitrus Berry|[eat]\n|-heal|p2b: Amoonguss|70\/100|[from] item: Sitrus Berry\n|move|p2a: Annihilape|Drain Punch|p1b: Lycanroc\n|-supereffective|p1b: Lycanroc\n|-enditem|p1b: Lycanroc|Focus Sash\n|-damage|p1b: Lycanroc|1\/100\n|-heal|p2a: Annihilape|41\/100|[from] drain|[of] p1b: Lycanroc\n|\n|-heal|p2a: Annihilape|47\/100|[from] item: Leftovers\n|upkeep\n|turn|10\n|inactive|noriel2001 has 30 seconds left.\n|inactive|noriel2001 has 20 seconds left.\n|\n|t:|1683073060\n|-terastallize|p1a: Scizor|Dragon\n|move|p1b: Lycanroc|Protect|p1b: Lycanroc\n|-singleturn|p1b: Lycanroc|Protect\n|move|p2b: Amoonguss|Rage Powder|p2b: Amoonguss\n|-singleturn|p2b: Amoonguss|move: Rage Powder\n|move|p2a: Annihilape|Rage Fist|p1a: Scizor\n|-damage|p1a: Scizor|0 fnt\n|faint|p1a: Scizor\n|\n|-heal|p2a: Annihilape|53\/100|[from] item: Leftovers\n|upkeep\n|turn|11\n|-message|noriel2001 forfeited.\n|\n|win|idolhunter28273\n|raw|noriel2001's rating: 1229 → 1205<\/strong> (-24 for losing)\n|raw|idolhunter28273's rating: 1246 → 1270<\/strong> (+24 for winning)\n|l|\u2606noriel2001\n","uploadtime":1683073085,"views":6,"p1id":"noriel2001","p2id":"idolhunter28273","formatid":"gen9vgc2023regulationc","rating":1205,"private":0,"password":""}