{"id":"gen9vgc2023regulationc-1851794449","p1":"HANK4REAL","p2":"Adri 2022","format":"[Gen 9] VGC 2023 Regulation C","log":"|j|\u203dHANK4REAL\n|j|\u2606Adri 2022\n|t:|1682484875\n|gametype|doubles\n|player|p1|HANK4REAL|pokemonbreeder-gen4|1143\n|player|p2|Adri 2022|plasmagrunt|1073\n|teamsize|p1|6\n|teamsize|p2|6\n|gen|9\n|tier|[Gen 9] VGC 2023 Regulation C\n|rated|\n|rule|Species Clause: Limit one of each Pok\u00e9mon\n|rule|Item Clause: Limit one of each item\n|clearpoke\n|poke|p1|Ting-Lu, L50|\n|poke|p1|Arcanine, L50, M|\n|poke|p1|Palafin, L50, M|\n|poke|p1|Amoonguss, L50, M|\n|poke|p1|Great Tusk, L50|\n|poke|p1|Kingambit, L50, M|\n|poke|p2|Chien-Pao, L50|\n|poke|p2|Staraptor, L50, F|\n|poke|p2|Amoonguss, L50, M|\n|poke|p2|Palafin, L50, F|\n|poke|p2|Flutter Mane, L50|\n|poke|p2|Iron Hands, L50|\n|teampreview|4\n|\n|t:|1682484891\n|start\n|switch|p1a: Kingambit|Kingambit, L50, M|100\/100\n|switch|p1b: Amoonguss|Amoonguss, L50, M|100\/100\n|switch|p2a: Palafin|Palafin, L50, F|100\/100\n|switch|p2b: Iron Hands|Iron Hands, L50|100\/100\n|turn|1\n|\n|t:|1682484914\n|detailschange|p2a: Palafin|Palafin-Hero, L50, F\n|switch|p2a: Amoonguss|Amoonguss, L50, M|100\/100\n|move|p1b: Amoonguss|Rage Powder|p1b: Amoonguss\n|-singleturn|p1b: Amoonguss|move: Rage Powder\n|move|p1a: Kingambit|Kowtow Cleave|p2a: Amoonguss\n|-damage|p2a: Amoonguss|31\/100\n|-enditem|p2a: Amoonguss|Sitrus Berry|[eat]\n|-heal|p2a: Amoonguss|56\/100|[from] item: Sitrus Berry\n|move|p2b: Iron Hands|Thunder Punch|p1b: Amoonguss\n|-resisted|p1b: Amoonguss\n|-damage|p1b: Amoonguss|81\/100\n|\n|upkeep\n|turn|2\n|\n|t:|1682484931\n|-terastallize|p2b: Iron Hands|Grass\n|move|p2a: Amoonguss|Protect|p2a: Amoonguss\n|-singleturn|p2a: Amoonguss|Protect\n|move|p1b: Amoonguss|Rage Powder|p1b: Amoonguss\n|-singleturn|p1b: Amoonguss|move: Rage Powder\n|move|p1a: Kingambit|Kowtow Cleave|p2a: Amoonguss\n|-activate|p2a: Amoonguss|move: Protect\n|move|p2b: Iron Hands|Drain Punch|p1a: Kingambit\n|-supereffective|p1a: Kingambit\n|-damage|p1a: Kingambit|0 fnt\n|faint|p1a: Kingambit\n|\n|upkeep\n|\n|t:|1682484942\n|switch|p1a: Ting-Lu|Ting-Lu, L50|100\/100\n|-ability|p1a: Ting-Lu|Vessel of Ruin\n|turn|3\n|\n|t:|1682484959\n|-terastallize|p1a: Ting-Lu|Poison\n|move|p2a: Amoonguss|Rage Powder|p2a: Amoonguss\n|-singleturn|p2a: Amoonguss|move: Rage Powder\n|move|p2b: Iron Hands|Drain Punch|p1a: Ting-Lu\n|-resisted|p1a: Ting-Lu\n|-damage|p1a: Ting-Lu|89\/100\n|move|p1a: Ting-Lu|Fissure|p2a: Amoonguss|[miss]\n|-miss|p1a: Ting-Lu|p2a: Amoonguss\n|move|p1b: Amoonguss|Pollen Puff|p1a: Ting-Lu\n|-heal|p1a: Ting-Lu|100\/100\n|\n|upkeep\n|turn|4\n|\n|t:|1682484977\n|move|p1b: Amoonguss|Protect|p1b: Amoonguss\n|-singleturn|p1b: Amoonguss|Protect\n|move|p2a: Amoonguss|Rage Powder|p2a: Amoonguss\n|-singleturn|p2a: Amoonguss|move: Rage Powder\n|move|p2b: Iron Hands|Thunder Punch|p1a: Ting-Lu\n|-damage|p1a: Ting-Lu|75\/100\n|move|p1a: Ting-Lu|Stomping Tantrum|p2a: Amoonguss\n|-damage|p2a: Amoonguss|0 fnt\n|-status|p1a: Ting-Lu|slp|[from] ability: Effect Spore|[of] p2a: Amoonguss\n|faint|p2a: Amoonguss\n|\n|upkeep\n|\n|t:|1682484988\n|switch|p2a: Palafin|Palafin-Hero, L50, F|100\/100\n|-activate|p2a: Palafin|ability: Zero to Hero\n|turn|5\n|\n|t:|1682484998\n|-end|p2b: Iron Hands|Quark Drive|[silent]\n|switch|p2b: Chien-Pao|Chien-Pao, L50|100\/100\n|-ability|p2b: Chien-Pao|Sword of Ruin\n|move|p2a: Palafin|Wave Crash|p1a: Ting-Lu\n|-damage|p1a: Ting-Lu|4\/100 slp\n|-damage|p2a: Palafin|69\/100|[from] Recoil\n|cant|p1a: Ting-Lu|slp\n|move|p1b: Amoonguss|Spore|p2a: Palafin\n|-status|p2a: Palafin|slp|[from] move: Spore\n|\n|upkeep\n|turn|6\n|\n|t:|1682485020\n|switch|p2a: Iron Hands|Iron Hands, L50, tera:Grass|100\/100\n|switch|p1a: Palafin|Palafin, L50, M|100\/100\n|move|p1b: Amoonguss|Protect|p1b: Amoonguss\n|-singleturn|p1b: Amoonguss|Protect\n|move|p2b: Chien-Pao|Ice Spinner|p1b: Amoonguss\n|-activate|p1b: Amoonguss|move: Protect\n|\n|upkeep\n|turn|7\n|\n|t:|1682485036\n|detailschange|p1a: Palafin|Palafin-Hero, L50, M\n|switch|p1a: Ting-Lu|Ting-Lu, L50, tera:Poison|4\/100 slp\n|-ability|p1a: Ting-Lu|Vessel of Ruin\n|move|p2b: Chien-Pao|Protect|p2b: Chien-Pao\n|-singleturn|p2b: Chien-Pao|Protect\n|move|p2a: Iron Hands|Thunder Punch|p1a: Ting-Lu\n|-damage|p1a: Ting-Lu|0 fnt\n|faint|p1a: Ting-Lu\n|move|p1b: Amoonguss|Pollen Puff|p1: Ting-Lu|[notarget]\n|-fail|p1b: Amoonguss\n|\n|upkeep\n|\n|t:|1682485044\n|switch|p1a: Palafin|Palafin-Hero, L50, M|100\/100\n|-activate|p1a: Palafin|ability: Zero to Hero\n|turn|8\n|\n|t:|1682485061\n|move|p2b: Chien-Pao|Ice Spinner|p1b: Amoonguss\n|-supereffective|p1b: Amoonguss\n|-damage|p1b: Amoonguss|0 fnt\n|faint|p1b: Amoonguss\n|-damage|p2b: Chien-Pao|91\/100|[from] item: Life Orb\n|move|p1a: Palafin|Wave Crash|p2b: Chien-Pao\n|-damage|p2b: Chien-Pao|0 fnt\n|faint|p2b: Chien-Pao\n|-damage|p1a: Palafin|78\/100|[from] Recoil\n|move|p2a: Iron Hands|Thunder Punch|p1a: Palafin\n|-supereffective|p1a: Palafin\n|-damage|p1a: Palafin|6\/100\n|\n|upkeep\n|\n|t:|1682485073\n|switch|p2b: Palafin|Palafin-Hero, L50, F|69\/100 slp\n|turn|9\n|\n|t:|1682485082\n|cant|p2b: Palafin|slp\n|move|p1a: Palafin|Jet Punch|p2a: Iron Hands\n|-resisted|p2a: Iron Hands\n|-damage|p2a: Iron Hands|86\/100\n|move|p2a: Iron Hands|Thunder Punch|p1a: Palafin\n|-supereffective|p1a: Palafin\n|-damage|p1a: Palafin|0 fnt\n|faint|p1a: Palafin\n|\n|win|Adri 2022\n|raw|HANK4REAL's rating: 1143 → 1113<\/strong> (-30 for losing)\n|raw|Adri 2022's rating: 1073 → 1108<\/strong> (+35 for winning)\n|l|\u203dHANK4REAL\n","uploadtime":1682485092,"views":11,"p1id":"hank4real","p2id":"adri2022","formatid":"gen9vgc2023regulationc","rating":1108,"private":0,"password":""}