{"id":"gen9vgc2023regulationc-1852801500","p1":"Jbenn","p2":"Beaugardes","format":"[Gen 9] VGC 2023 Regulation C","log":"|j|\u2606Jbenn\n|j|\u2606Beaugardes\n|t:|1682607468\n|gametype|doubles\n|player|p1|Jbenn|steven|1487\n|player|p2|Beaugardes|silver-gen2kanto|1667\n|teamsize|p1|6\n|teamsize|p2|6\n|gen|9\n|tier|[Gen 9] VGC 2023 Regulation C\n|rated|\n|rule|Species Clause: Limit one of each Pok\u00e9mon\n|rule|Item Clause: Limit one of each item\n|clearpoke\n|poke|p1|Roaring Moon, L50|\n|poke|p1|Great Tusk, L50|\n|poke|p1|Gholdengo, L50|\n|poke|p1|Hariyama, L50, M|\n|poke|p1|Mimikyu, L50, F|\n|poke|p1|Gyarados, L50, M|\n|poke|p2|Torkoal, L50, M|\n|poke|p2|Gastrodon, L50, F|\n|poke|p2|Hatterene, L50, F|\n|poke|p2|Farigiraf, L50, F|\n|poke|p2|Brute Bonnet, L50|\n|poke|p2|Iron Hands, L50|\n|teampreview|4\n|inactive|Battle timer is ON: inactive players will automatically lose when time's up. (requested by Beaugardes)\nBeaugardes has agreed to open team sheets.\nJbenn has agreed to open team sheets.\n|inactive|Jbenn has 60 seconds left.\n|inactive|Beaugardes has 60 seconds left.\n|inactive|Jbenn has 30 seconds left.\n|inactive|Beaugardes has 30 seconds left.\n|inactive|Beaugardes has 20 seconds left.\n|inactive|Beaugardes has 15 seconds left.\n|inactive|Beaugardes has 10 seconds left.\n|inactive|Beaugardes has 5 seconds left.\n|\n|t:|1682607553\n|start\n|switch|p1a: Yokozuna|Hariyama, L50, M, shiny|100\/100\n|switch|p1b: Casper|Mimikyu, L50, F|100\/100\n|switch|p2a: Brute Bonnet|Brute Bonnet, L50|100\/100\n|switch|p2b: Hatterene|Hatterene, L50, F|100\/100\n|turn|1\n|inactive|Jbenn has 30 seconds left.\n|inactive|Beaugardes has 30 seconds left.\n|\n|t:|1682607588\n|-end|p2a: Brute Bonnet|Protosynthesis|[silent]\n|switch|p2a: Farigiraf|Farigiraf, L50, F|100\/100\n|move|p2b: Hatterene|Protect|p2b: Hatterene\n|-singleturn|p2b: Hatterene|Protect\n|move|p1a: Yokozuna|Fake Out||[still]\n|cant|p2a: Farigiraf|ability: Armor Tail|Fake Out|[of] p1a: Yokozuna\n|move|p1b: Casper|Play Rough|p2a: Farigiraf\n|-damage|p2a: Farigiraf|71\/100\n|\n|upkeep\n|turn|2\n|inactive|Jbenn has 30 seconds left.\n|inactive|Beaugardes has 30 seconds left.\n|\n|t:|1682607622\n|switch|p2b: Iron Hands|Iron Hands, L50|100\/100\n|-terastallize|p1a: Yokozuna|Steel\n|move|p2a: Farigiraf|Protect|p2a: Farigiraf\n|-singleturn|p2a: Farigiraf|Protect\n|move|p1a: Yokozuna|Iron Head|p2b: Iron Hands\n|-resisted|p2b: Iron Hands\n|-damage|p2b: Iron Hands|88\/100\n|move|p1b: Casper|Trick Room|p1b: Casper\n|-fieldstart|move: Trick Room|[of] p1b: Casper\n|\n|upkeep\n|turn|3\n|inactive|Jbenn has 30 seconds left.\n|inactive|Jbenn has 20 seconds left.\n|inactive|Beaugardes has 30 seconds left.\n|inactive|Jbenn has 15 seconds left.\n|\n|t:|1682607664\n|switch|p1a: Haku|Gyarados, L50, M, shiny|100\/100\n|-ability|p1a: Haku|Intimidate|boost\n|-unboost|p2a: Farigiraf|atk|1\n|-unboost|p2b: Iron Hands|atk|1\n|move|p2b: Iron Hands|Heavy Slam|p1b: Casper\n|-activate|p1b: Casper|ability: Disguise\n|-damage|p1b: Casper|100\/100\n|detailschange|p1b: Casper|Mimikyu-Busted, L50, F\n|-damage|p1b: Casper|88\/100|[from] pokemon: Mimikyu-Busted\n|move|p2a: Farigiraf|Hyper Voice|p1a: Haku|[spread] p1a\n|-immune|p1b: Casper\n|-damage|p1a: Haku|76\/100\n|-enditem|p2a: Farigiraf|Throat Spray\n|-boost|p2a: Farigiraf|spa|1|[from] item: Throat Spray\n|move|p1b: Casper|Play Rough|p2b: Iron Hands\n|-supereffective|p2b: Iron Hands\n|-damage|p2b: Iron Hands|43\/100\n|\n|upkeep\n|turn|4\n|inactive|Jbenn has 30 seconds left.\n|inactive|Beaugardes has 30 seconds left.\n|inactive|Jbenn has 20 seconds left.\n|inactive|Beaugardes has 20 seconds left.\n|inactive|Jbenn has 15 seconds left.\n|inactive|Beaugardes has 15 seconds left.\n|inactive|Jbenn has 10 seconds left.\n|inactive|Beaugardes has 10 seconds left.\n|inactive|Jbenn has 5 seconds left.\n|\n|t:|1682607717\n|-end|p2b: Iron Hands|Quark Drive|[silent]\n|switch|p2b: Hatterene|Hatterene, L50, F|100\/100\n|switch|p1a: Yokozuna|Hariyama, L50, M, shiny, tera:Steel|100\/100\n|move|p2a: Farigiraf|Psychic|p1a: Yokozuna\n|-resisted|p1a: Yokozuna\n|-damage|p1a: Yokozuna|75\/100\n|move|p1b: Casper|Trick Room|p1b: Casper\n|-fieldend|move: Trick Room\n|\n|upkeep\n|turn|5\n|inactive|Jbenn has 30 seconds left.\n|\n|t:|1682607743\n|switch|p2a: Iron Hands|Iron Hands, L50|43\/100\n|move|p2b: Hatterene|Protect|p2b: Hatterene\n|-singleturn|p2b: Hatterene|Protect\n|move|p1b: Casper|Play Rough|p2a: Iron Hands\n|-supereffective|p2a: Iron Hands\n|-crit|p2a: Iron Hands\n|-damage|p2a: Iron Hands|0 fnt\n|faint|p2a: Iron Hands\n|-end|p2a: Iron Hands|Quark Drive|[silent]\n|move|p1a: Yokozuna|Close Combat|p2b: Hatterene\n|-activate|p2b: Hatterene|move: Protect\n|\n|upkeep\n|\n|t:|1682607758\n|switch|p2a: Brute Bonnet|Brute Bonnet, L50|100\/100\n|turn|6\n|inactive|Jbenn has 30 seconds left.\n|\n|t:|1682607791\n|switch|p1a: Haku|Gyarados, L50, M, shiny|76\/100\n|-ability|p1a: Haku|Intimidate|boost\n|-unboost|p2a: Brute Bonnet|atk|1\n|-unboost|p2b: Hatterene|atk|1\n|-terastallize|p2a: Brute Bonnet|Fire\n|move|p1b: Casper|Play Rough|p2a: Brute Bonnet|[miss]\n|-miss|p1b: Casper|p2a: Brute Bonnet\n|move|p2a: Brute Bonnet|Crunch|p1b: Casper\n|-damage|p1b: Casper|52\/100\n|move|p2b: Hatterene|Trick Room|p2b: Hatterene\n|-fieldstart|move: Trick Room|[of] p2b: Hatterene\n|\n|upkeep\n|turn|7\n|\n|t:|1682607815\n|move|p1b: Casper|Protect|p1b: Casper\n|-singleturn|p1b: Casper|Protect\n|move|p2b: Hatterene|Dazzling Gleam|p1b: Casper|[spread] p1a\n|-activate|p1b: Casper|move: Protect\n|-damage|p1a: Haku|46\/100\n|move|p2a: Brute Bonnet|Crunch|p1b: Casper\n|-activate|p1b: Casper|move: Protect\n|move|p1a: Haku|Taunt|p2a: Brute Bonnet\n|-start|p2a: Brute Bonnet|move: Taunt\n|\n|upkeep\n|turn|8\n|inactive|Jbenn has 30 seconds left.\n|inactive|Jbenn has 20 seconds left.\n|\n|t:|1682607851\n|switch|p1a: Yokozuna|Hariyama, L50, M, shiny, tera:Steel|75\/100\n|move|p2b: Hatterene|Dazzling Gleam|p1b: Casper|[spread] p1a,p1b\n|-resisted|p1a: Yokozuna\n|-damage|p1a: Yokozuna|59\/100\n|-damage|p1b: Casper|15\/100\n|-enditem|p1b: Casper|Sitrus Berry|[eat]\n|-heal|p1b: Casper|40\/100|[from] item: Sitrus Berry\n|move|p2a: Brute Bonnet|Crunch|p1b: Casper\n|-damage|p1b: Casper|0 fnt\n|faint|p1b: Casper\n|\n|upkeep\n|\n|t:|1682607867\n|switch|p1b: Haku|Gyarados, L50, M, shiny|46\/100\n|-ability|p1b: Haku|Intimidate|boost\n|-unboost|p2a: Brute Bonnet|atk|1\n|-unboost|p2b: Hatterene|atk|1\n|turn|9\n|inactive|Beaugardes has 30 seconds left.\n|\n|t:|1682607898\n|-end|p2a: Brute Bonnet|Protosynthesis|[silent]\n|switch|p2a: Farigiraf|Farigiraf, L50, F|71\/100\n|move|p2b: Hatterene|Psychic|p1a: Yokozuna\n|-resisted|p1a: Yokozuna\n|-damage|p1a: Yokozuna|34\/100\n|move|p1a: Yokozuna|Iron Head|p2b: Hatterene\n|-supereffective|p2b: Hatterene\n|-damage|p2b: Hatterene|8\/100\n|move|p1b: Haku|Waterfall|p2a: Farigiraf\n|-damage|p2a: Farigiraf|38\/100\n|\n|upkeep\n|turn|10\n|inactive|Beaugardes has 30 seconds left.\n|inactive|Jbenn has 30 seconds left.\n|j| snipermegafroslass\n|inactive|Beaugardes has 20 seconds left.\n|inactive|Jbenn has 20 seconds left.\n|inactive|Beaugardes has 15 seconds left.\n|inactive|Jbenn has 15 seconds left.\n|inactive|Beaugardes has 10 seconds left.\n|\n|t:|1682607948\n|switch|p1b: Great Tusk|Great Tusk, L50|100\/100\n|move|p2b: Hatterene|Psychic|p1b: Great Tusk\n|-supereffective|p1b: Great Tusk\n|-damage|p1b: Great Tusk|0 fnt\n|faint|p1b: Great Tusk\n|-end|p1b: Great Tusk|Protosynthesis|[silent]\n|move|p2a: Farigiraf|Psychic|p1a: Yokozuna\n|-resisted|p1a: Yokozuna\n|-damage|p1a: Yokozuna|18\/100\n|move|p1a: Yokozuna|Close Combat|p2a: Farigiraf\n|-damage|p2a: Farigiraf|0 fnt\n|-unboost|p1a: Yokozuna|def|1\n|-unboost|p1a: Yokozuna|spd|1\n|faint|p2a: Farigiraf\n|\n|-fieldend|move: Trick Room\n|upkeep\n|c|\u2606Jbenn|im so dumb\n|\n|t:|1682607966\n|switch|p1b: Haku|Gyarados, L50, M, shiny|46\/100\n|switch|p2a: Brute Bonnet|Brute Bonnet, L50, tera:Fire|100\/100\n|-ability|p1b: Haku|Intimidate|boost\n|-unboost|p2a: Brute Bonnet|atk|1\n|-unboost|p2b: Hatterene|atk|1\n|turn|11\n|\n|t:|1682607980\n|move|p1b: Haku|Waterfall|p2a: Brute Bonnet\n|-supereffective|p2a: Brute Bonnet\n|-damage|p2a: Brute Bonnet|34\/100\n|move|p1a: Yokozuna|Iron Head|p2b: Hatterene\n|-supereffective|p2b: Hatterene\n|-damage|p2b: Hatterene|0 fnt\n|faint|p2b: Hatterene\n|move|p2a: Brute Bonnet|Bullet Seed|p1b: Haku\n|-damage|p1b: Haku|38\/100\n|-damage|p1b: Haku|29\/100\n|-damage|p1b: Haku|19\/100\n|-damage|p1b: Haku|11\/100\n|-hitcount|p1b: Haku|4\n|\n|upkeep\n|turn|12\n|l| snipermegafroslass\n|c|\u2606Beaugardes|Gg\n|\n|t:|1682608002\n|move|p1b: Haku|Waterfall|p2a: Brute Bonnet\n|-supereffective|p2a: Brute Bonnet\n|-damage|p2a: Brute Bonnet|0 fnt\n|faint|p2a: Brute Bonnet\n|-end|p2a: Brute Bonnet|Protosynthesis|[silent]\n|\n|win|Jbenn\n|raw|Jbenn's rating: 1487 → 1517<\/strong> (+30 for winning)\n|raw|Beaugardes's rating: 1667 → 1637<\/strong> (-30 for losing)\n|c|\u2606Jbenn|ggs\n|l|\u2606Beaugardes\n","uploadtime":1682608020,"views":6,"p1id":"jbenn","p2id":"beaugardes","formatid":"gen9vgc2023regulationc","rating":1517,"private":0,"password":""}