{"id":"gen9vgc2023regulationc-1844873333","p1":"Sleeper Sweeper-Z","p2":"Au196","format":"[Gen 9] VGC 2023 Regulation C","log":"|j|\u2606Sleeper Sweeper-Z\n|j|\u2606Au196\n|t:|1681658998\n|gametype|doubles\n|player|p1|Sleeper Sweeper-Z|shadowtriad|1091\n|player|p2|Au196|ethan-gen2c|1140\n|teamsize|p1|6\n|teamsize|p2|6\n|gen|9\n|tier|[Gen 9] VGC 2023 Regulation C\n|rated|\n|rule|Species Clause: Limit one of each Pok\u00e9mon\n|rule|Item Clause: Limit one of each item\n|clearpoke\n|poke|p1|Ceruledge, L50, F|\n|poke|p1|Arboliva, L50, M|\n|poke|p1|Grimmsnarl, L50, M|\n|poke|p1|Flutter Mane, L50|\n|poke|p1|Eelektross, L50, M|\n|poke|p1|Scizor, L50, F|\n|poke|p2|Breloom, L50, F|\n|poke|p2|Talonflame, L50, F|\n|poke|p2|Farigiraf, L50, M|\n|poke|p2|Iron Hands, L50|\n|poke|p2|Tauros-Paldea-Aqua, L50, M|\n|poke|p2|Dragapult, L50, M|\n|teampreview|4\nSleeper Sweeper-Z has agreed to open team sheets.\n|\n|t:|1681659023\n|start\n|switch|p1a: Arboliva|Arboliva, L50, M|100\/100\n|switch|p1b: Eelektross|Eelektross, L50, M|100\/100\n|switch|p2a: Talonflame|Talonflame, L50, F|100\/100\n|switch|p2b: Breloom|Breloom, L50, F|100\/100\n|turn|1\n|\n|t:|1681659049\n|-terastallize|p2b: Breloom|Grass\n|move|p2a: Talonflame|Taunt|p1a: Arboliva\n|-start|p1a: Arboliva|move: Taunt\n|move|p2b: Breloom|Bullet Seed|p1b: Eelektross\n|-damage|p1b: Eelektross|69\/100\n|-damage|p1b: Eelektross|37\/100\n|-damage|p1b: Eelektross|4\/100\n|-damage|p1b: Eelektross|0 fnt\n|faint|p1b: Eelektross\n|-hitcount|p1: Eelektross|4\n|cant|p1a: Arboliva|move: Taunt|Strength Sap\n|\n|upkeep\n|\n|t:|1681659062\n|switch|p1b: Ceruledge|Ceruledge, L50, F|100\/100\n|turn|2\n|\n|t:|1681659069\n|move|p2a: Talonflame|Brave Bird|p1b: Ceruledge\n|-damage|p1b: Ceruledge|52\/100\n|-damage|p2a: Talonflame|87\/100|[from] Recoil\n|move|p1b: Ceruledge|Bitter Blade|p2b: Breloom\n|-supereffective|p2b: Breloom\n|-damage|p2b: Breloom|0 fnt\n|-heal|p1b: Ceruledge|97\/100|[from] drain|[of] p2b: Breloom\n|faint|p2b: Breloom\n|move|p1a: Arboliva|Terrain Pulse|p2a: Talonflame\n|-damage|p2a: Talonflame|49\/100\n|\n|upkeep\n|\n|t:|1681659079\n|switch|p2b: Tauros|Tauros-Paldea-Aqua, L50, M|100\/100\n|-ability|p2b: Tauros|Intimidate|boost\n|-unboost|p1a: Arboliva|atk|1\n|-unboost|p1b: Ceruledge|atk|1\n|turn|3\n|\n|t:|1681659091\n|move|p2b: Tauros|Wave Crash|p1b: Ceruledge\n|-supereffective|p1b: Ceruledge\n|-damage|p1b: Ceruledge|0 fnt\n|faint|p1b: Ceruledge\n|-damage|p2b: Tauros|69\/100|[from] Recoil\n|move|p2a: Talonflame|Brave Bird|p1a: Arboliva\n|-supereffective|p1a: Arboliva\n|-damage|p1a: Arboliva|25\/100\n|-fieldstart|move: Grassy Terrain|[from] ability: Seed Sower|[of] p1a: Arboliva\n|-damage|p2a: Talonflame|24\/100|[from] Recoil\n|move|p1a: Arboliva|Terrain Pulse|p2b: Tauros\n|-supereffective|p2b: Tauros\n|-damage|p2b: Tauros|0 fnt\n|faint|p2b: Tauros\n|\n|-heal|p1a: Arboliva|31\/100|[from] Grassy Terrain\n|-heal|p1a: Arboliva|37\/100|[from] item: Leftovers\n|-end|p1a: Arboliva|move: Taunt\n|upkeep\n|\n|t:|1681659108\n|switch|p2b: Iron Hands|Iron Hands, L50|100\/100\n|switch|p1b: Scizor|Scizor, L50, F|100\/100\n|turn|4\n|\n|t:|1681659118\n|-terastallize|p1a: Arboliva|Fairy\n|move|p1b: Scizor|Protect|p1b: Scizor\n|-singleturn|p1b: Scizor|Protect\n|move|p2b: Iron Hands|Fake Out|p1b: Scizor\n|-activate|p1b: Scizor|move: Protect\n|move|p2a: Talonflame|Brave Bird|p1a: Arboliva\n|-damage|p1a: Arboliva|2\/100\n|-damage|p2a: Talonflame|13\/100|[from] Recoil\n|move|p1a: Arboliva|Strength Sap|p2b: Iron Hands\n|-unboost|p2b: Iron Hands|atk|1\n|-heal|p1a: Arboliva|100\/100\n|\n|upkeep\n|turn|5\n|\n|t:|1681659135\n|move|p1b: Scizor|Bullet Punch|p2a: Talonflame\n|-resisted|p2a: Talonflame\n|-damage|p2a: Talonflame|0 fnt\n|faint|p2a: Talonflame\n|move|p2b: Iron Hands|Drain Punch|p1b: Scizor\n|-damage|p1b: Scizor|78\/100\n|move|p1a: Arboliva|Strength Sap|p2b: Iron Hands\n|-unboost|p2b: Iron Hands|atk|1\n|\n|-heal|p1b: Scizor|84\/100|[from] Grassy Terrain\n|upkeep\n|turn|6\n|\n|t:|1681659150\n|move|p1b: Scizor|Protect|p1b: Scizor\n|-singleturn|p1b: Scizor|Protect\n|move|p2b: Iron Hands|Drain Punch|p1b: Scizor\n|-activate|p1b: Scizor|move: Protect\n|move|p1a: Arboliva|Strength Sap|p2b: Iron Hands\n|-unboost|p2b: Iron Hands|atk|1\n|\n|-heal|p1b: Scizor|90\/100|[from] Grassy Terrain\n|upkeep\n|turn|7\n|-message|Au196 forfeited.\n|\n|win|Sleeper Sweeper-Z\n|raw|Sleeper Sweeper-Z's rating: 1091 → 1121<\/strong> (+30 for winning)\n|raw|Au196's rating: 1140 → 1111<\/strong> (-29 for losing)\n","uploadtime":1681659170,"views":13,"p1id":"sleepersweeperz","p2id":"au196","formatid":"gen9vgc2023regulationc","rating":1111,"private":0,"password":""}