{"id":"gen9vgc2023regulationc-1850574954","p1":"Diduoup","p2":"Shnipe_Cizy","format":"[Gen 9] VGC 2023 Regulation C","log":"|j|\u2606Diduoup\n|j|\u2606Shnipe_Cizy\n|t:|1682349917\n|gametype|doubles\n|player|p1|Diduoup|aaron|1203\n|player|p2|Shnipe_Cizy|ghetsis|1301\n|teamsize|p1|6\n|teamsize|p2|6\n|gen|9\n|tier|[Gen 9] VGC 2023 Regulation C\n|rated|\n|rule|Species Clause: Limit one of each Pok\u00e9mon\n|rule|Item Clause: Limit one of each item\n|clearpoke\n|poke|p1|Flutter Mane, L50|\n|poke|p1|Gallade, L50, M|\n|poke|p1|Scizor, L50, F|\n|poke|p1|Amoonguss, L50, F|\n|poke|p1|Iron Hands, L50|\n|poke|p1|Ceruledge, L50, F|\n|poke|p2|Scream Tail, L50|\n|poke|p2|Iron Hands, L50|\n|poke|p2|Flutter Mane, L50|\n|poke|p2|Garganacl, L50, F|\n|poke|p2|Amoonguss, L50, M|\n|poke|p2|Arcanine, L50, M|\n|teampreview|4\nDiduoup has agreed to open team sheets.\nShnipe_Cizy has agreed to open team sheets.\n|inactive|Battle timer is ON: inactive players will automatically lose when time's up. (requested by Diduoup)\n|inactive|Diduoup has 60 seconds left.\n|\n|t:|1682349965\n|start\n|switch|p1a: Bullet punhc|Scizor, L50, F|100\/100\n|switch|p1b: gus|Amoonguss, L50, F|100\/100\n|switch|p2a: Garganacl|Garganacl, L50, F|100\/100\n|switch|p2b: Scream Tail|Scream Tail, L50|100\/100\n|-enditem|p2b: Scream Tail|Booster Energy\n|-activate|p2b: Scream Tail|ability: Protosynthesis|[fromitem]\n|-start|p2b: Scream Tail|protosynthesisspd\n|turn|1\n|inactive|Shnipe_Cizy has 30 seconds left.\n|\n|t:|1682349991\n|move|p2b: Scream Tail|Protect|p2b: Scream Tail\n|-singleturn|p2b: Scream Tail|Protect\n|move|p2a: Garganacl|Protect|p2a: Garganacl\n|-singleturn|p2a: Garganacl|Protect\n|move|p1a: Bullet punhc|Bullet Punch|p2b: Scream Tail\n|-activate|p2b: Scream Tail|move: Protect\n|move|p1b: gus|Spore|p2a: Garganacl\n|-activate|p2a: Garganacl|move: Protect\n|\n|upkeep\n|turn|2\n|\n|t:|1682350007\n|move|p1a: Bullet punhc|Bullet Punch|p2b: Scream Tail\n|-supereffective|p2b: Scream Tail\n|-damage|p2b: Scream Tail|21\/100\n|move|p2b: Scream Tail|Disable|p1a: Bullet punhc\n|-start|p1a: Bullet punhc|Disable|Bullet Punch\n|move|p2a: Garganacl|Salt Cure|p1a: Bullet punhc\n|-damage|p1a: Bullet punhc|86\/100\n|-start|p1a: Bullet punhc|Salt Cure\n|move|p1b: gus|Spore|p2a: Garganacl\n|-immune|p2a: Garganacl|[from] ability: Purifying Salt\n|\n|-damage|p1a: Bullet punhc|62\/100|[from] Salt Cure\n|upkeep\n|turn|3\n|inactive|Shnipe_Cizy has 30 seconds left.\n|\n|t:|1682350037\n|switch|p1a: poof|Iron Hands, L50|100\/100\n|move|p2b: Scream Tail|Disable|p1b: gus\n|-start|p1b: gus|Disable|Spore\n|move|p2a: Garganacl|Salt Cure|p1b: gus\n|-damage|p1b: gus|86\/100\n|-start|p1b: gus|Salt Cure\n|cant|p1b: gus|Disable|Spore\n|\n|-damage|p1b: gus|73\/100|[from] Salt Cure\n|upkeep\n|turn|4\n|inactive|Diduoup has 30 seconds left.\n|inactive|Diduoup has 20 seconds left.\n|\n|t:|1682350076\n|switch|p1b: Bullet punhc|Scizor, L50, F|62\/100\n|move|p2b: Scream Tail|Protect|p2b: Scream Tail\n|-singleturn|p2b: Scream Tail|Protect\n|move|p2a: Garganacl|Protect|p2a: Garganacl\n|-singleturn|p2a: Garganacl|Protect\n|move|p1a: poof|Fake Out|p2b: Scream Tail\n|-activate|p2b: Scream Tail|move: Protect\n|\n|upkeep\n|turn|5\n|inactive|Shnipe_Cizy has 30 seconds left.\n|\n|t:|1682350105\n|-end|p2b: Scream Tail|Protosynthesis|[silent]\n|switch|p2b: Iron Hands|Iron Hands, L50|100\/100\n|-terastallize|p2a: Garganacl|Ghost\n|move|p1b: Bullet punhc|U-turn|p2b: Iron Hands\n|-resisted|p2b: Iron Hands\n|-damage|p2b: Iron Hands|82\/100\n|\n|t:|1682350130\n|switch|p1b: gus|Amoonguss, L50, F|100\/100|[from] U-turn\n|move|p1a: poof|Volt Switch|p2a: Garganacl\n|-damage|p2a: Garganacl|92\/100\n|\n|t:|1682350142\n|-end|p1a: poof|Quark Drive|[silent]\n|switch|p1a: regular misdreavus|Flutter Mane, L50|100\/100|[from] Volt Switch\n|-enditem|p1a: regular misdreavus|Booster Energy\n|-activate|p1a: regular misdreavus|ability: Protosynthesis|[fromitem]\n|-start|p1a: regular misdreavus|protosynthesisspa\n|move|p2a: Garganacl|Salt Cure|p1b: gus\n|-damage|p1b: gus|84\/100\n|-start|p1b: gus|Salt Cure\n|\n|-heal|p2a: Garganacl|98\/100|[from] item: Leftovers\n|-damage|p1b: gus|72\/100|[from] Salt Cure\n|upkeep\n|turn|6\n|inactive|Shnipe_Cizy has 30 seconds left.\n|\n|t:|1682350172\n|-end|p2b: Iron Hands|Quark Drive|[silent]\n|switch|p2b: Scream Tail|Scream Tail, L50|21\/100\n|switch|p1b: poof|Iron Hands, L50|100\/100\n|move|p1a: regular misdreavus|Substitute|p1a: regular misdreavus\n|-start|p1a: regular misdreavus|Substitute\n|-damage|p1a: regular misdreavus|76\/100\n|move|p2a: Garganacl|Salt Cure|p1a: regular misdreavus\n|-activate|p1a: regular misdreavus|move: Substitute|[damage]\n|\n|-heal|p2a: Garganacl|100\/100|[from] item: Leftovers\n|upkeep\n|turn|7\n|\n|t:|1682350200\n|move|p2b: Scream Tail|Protect|p2b: Scream Tail\n|-singleturn|p2b: Scream Tail|Protect\n|move|p1b: poof|Fake Out|p2b: Scream Tail\n|-activate|p2b: Scream Tail|move: Protect\n|move|p1a: regular misdreavus|Shadow Ball|p2b: Scream Tail\n|-activate|p2b: Scream Tail|move: Protect\n|move|p2a: Garganacl|Salt Cure|p1a: regular misdreavus\n|-end|p1a: regular misdreavus|Substitute\n|\n|upkeep\n|turn|8\n|inactive|Diduoup has 30 seconds left.\n|inactive|Shnipe_Cizy has 30 seconds left.\n|\n|t:|1682350229\n|move|p1a: regular misdreavus|Protect|p1a: regular misdreavus\n|-singleturn|p1a: regular misdreavus|Protect\n|move|p2b: Scream Tail|Encore|p1a: regular misdreavus\n|-activate|p1a: regular misdreavus|move: Protect\n|move|p1b: poof|Volt Switch|p2b: Scream Tail\n|-damage|p2b: Scream Tail|11\/100\n|\n|t:|1682350236\n|-end|p1b: poof|Quark Drive|[silent]\n|switch|p1b: Bullet punhc|Scizor, L50, F|62\/100|[from] Volt Switch\n|move|p2a: Garganacl|Salt Cure|p1b: Bullet punhc\n|-damage|p1b: Bullet punhc|47\/100\n|-start|p1b: Bullet punhc|Salt Cure\n|\n|-damage|p1b: Bullet punhc|23\/100|[from] Salt Cure\n|upkeep\n|turn|9\n|inactive|Shnipe_Cizy has 30 seconds left.\n|\n|t:|1682350265\n|move|p2b: Scream Tail|Protect|p2b: Scream Tail\n|-singleturn|p2b: Scream Tail|Protect\n|move|p1a: regular misdreavus|Shadow Ball|p2a: Garganacl\n|-supereffective|p2a: Garganacl\n|-damage|p2a: Garganacl|59\/100\n|-unboost|p2a: Garganacl|spd|1\n|move|p1b: Bullet punhc|U-turn|p2b: Scream Tail\n|-activate|p2b: Scream Tail|move: Protect\n|move|p2a: Garganacl|Salt Cure|p1a: regular misdreavus\n|-damage|p1a: regular misdreavus|50\/100\n|-start|p1a: regular misdreavus|Salt Cure\n|\n|-heal|p2a: Garganacl|65\/100|[from] item: Leftovers\n|-damage|p1a: regular misdreavus|38\/100|[from] Salt Cure\n|-damage|p1b: Bullet punhc|0 fnt|[from] Salt Cure\n|faint|p1b: Bullet punhc\n|upkeep\n|\n|t:|1682350278\n|switch|p1b: poof|Iron Hands, L50|100\/100\n|turn|10\n|\n|t:|1682350296\n|-end|p2b: Scream Tail|Protosynthesis|[silent]\n|switch|p2b: Iron Hands|Iron Hands, L50|82\/100\n|move|p2a: Garganacl|Protect|p2a: Garganacl\n|-singleturn|p2a: Garganacl|Protect\n|move|p1b: poof|Fake Out|p2b: Iron Hands\n|-damage|p2b: Iron Hands|71\/100\n|move|p1a: regular misdreavus|Shadow Ball|p2a: Garganacl\n|-activate|p2a: Garganacl|move: Protect\n|\n|-heal|p2a: Garganacl|71\/100|[from] item: Leftovers\n|-damage|p1a: regular misdreavus|26\/100|[from] Salt Cure\n|upkeep\n|turn|11\n|\n|t:|1682350316\n|-end|p1b: poof|Quark Drive|[silent]\n|switch|p1b: gus|Amoonguss, L50, F|100\/100\n|switch|p2a: Scream Tail|Scream Tail, L50|11\/100\n|move|p1a: regular misdreavus|Protect|p1a: regular misdreavus\n|-singleturn|p1a: regular misdreavus|Protect\n|move|p2b: Iron Hands|Fake Out|p1b: gus\n|-damage|p1b: gus|86\/100\n|\n|-damage|p1a: regular misdreavus|14\/100|[from] Salt Cure\n|upkeep\n|turn|12\n|\n|t:|1682350337\n|-end|p2b: Iron Hands|Quark Drive|[silent]\n|switch|p2b: Flutter Mane|Flutter Mane, L50|100\/100\n|move|p2a: Scream Tail|Protect|p2a: Scream Tail\n|-singleturn|p2a: Scream Tail|Protect\n|move|p1a: regular misdreavus|Shadow Ball|p2a: Scream Tail\n|-activate|p2a: Scream Tail|move: Protect\n|move|p1b: gus|Pollen Puff|p1a: regular misdreavus\n|-heal|p1a: regular misdreavus|64\/100\n|\n|-damage|p1a: regular misdreavus|52\/100|[from] Salt Cure\n|upkeep\n|turn|13\n|inactive|Diduoup has 30 seconds left.\n|\n|t:|1682350364\n|move|p2b: Flutter Mane|Shadow Ball|p1a: regular misdreavus\n|-supereffective|p1a: regular misdreavus\n|-damage|p1a: regular misdreavus|0 fnt\n|faint|p1a: regular misdreavus\n|-end|p1a: regular misdreavus|Protosynthesis|[silent]\n|move|p2a: Scream Tail|Encore|p1b: gus\n|-start|p1b: gus|Encore\n|move|p1b: gus|Pollen Puff|p1: regular misdreavus|[notarget]\n|-fail|p1b: gus\n|\n|upkeep\n|-message|Diduoup forfeited.\n|\n|win|Shnipe_Cizy\n|raw|Diduoup's rating: 1203 → 1185<\/strong> (-18 for losing)\n|raw|Shnipe_Cizy's rating: 1301 → 1316<\/strong> (+15 for winning)\n|l|\u2606Diduoup\n","uploadtime":1682350374,"views":19,"p1id":"diduoup","p2id":"shnipecizy","formatid":"gen9vgc2023regulationc","rating":1185,"private":0,"password":""}