{"id":"gen9vgc2023regulationc-1848989297","p1":"Kammala","p2":"ZenAku10","format":"[Gen 9] VGC 2023 Regulation C","log":"|j|\u2606Kammala\n|j|\u2606ZenAku10\n|t:|1682135322\n|gametype|doubles\n|player|p1|Kammala|102|1354\n|player|p2|ZenAku10|169|1341\n|teamsize|p1|6\n|teamsize|p2|6\n|gen|9\n|tier|[Gen 9] VGC 2023 Regulation C\n|rated|\n|rule|Species Clause: Limit one of each Pok\u00e9mon\n|rule|Item Clause: Limit one of each item\n|clearpoke\n|poke|p1|Azumarill, L50, F|\n|poke|p1|Amoonguss, L50, M|\n|poke|p1|Tauros-Paldea-Blaze, L50, M|\n|poke|p1|Ting-Lu, L50|\n|poke|p1|Baxcalibur, L50, F|\n|poke|p1|Flutter Mane, L50|\n|poke|p2|Flutter Mane, L50|\n|poke|p2|Amoonguss, L50, M|\n|poke|p2|Palafin, L50, F|\n|poke|p2|Arcanine, L50, F|\n|poke|p2|Chien-Pao, L50|\n|poke|p2|Dragapult, L50, F|\n|teampreview|4\n|inactive|Battle timer is ON: inactive players will automatically lose when time's up. (requested by Kammala)\nKammala has agreed to open team sheets.\n|inactive|ZenAku10 has 60 seconds left.\n|\n|t:|1682135363\n|start\n|switch|p1a: Tauros|Tauros-Paldea-Blaze, L50, M|100\/100\n|switch|p1b: Azumarill|Azumarill, L50, F|100\/100\n|switch|p2a: Dragapult|Dragapult, L50, F|100\/100\n|switch|p2b: Palafin|Palafin, L50, F|100\/100\n|-ability|p1a: Tauros|Intimidate|boost\n|-fail|p2a: Dragapult|unboost|[from] ability: Clear Body|[of] p2a: Dragapult\n|-unboost|p2b: Palafin|atk|1\n|turn|1\n|inactive|Kammala has 30 seconds left.\n|inactive|ZenAku10 has 30 seconds left.\n|inactive|ZenAku10 has 20 seconds left.\n|\n|t:|1682135402\n|detailschange|p2b: Palafin|Palafin-Hero, L50, F\n|switch|p2b: Amoonguss|Amoonguss, L50, M|100\/100\n|move|p2a: Dragapult|U-turn|p1b: Azumarill\n|-resisted|p1b: Azumarill\n|-damage|p1b: Azumarill|83\/100\n|\n|t:|1682135408\n|switch|p2a: Palafin|Palafin-Hero, L50, F|100\/100|[from] U-turn\n|-activate|p2a: Palafin|ability: Zero to Hero\n|move|p1a: Tauros|Will-O-Wisp|p2a: Palafin\n|-status|p2a: Palafin|brn\n|move|p1b: Azumarill|Liquidation|p2b: Amoonguss\n|-resisted|p2b: Amoonguss\n|-damage|p2b: Amoonguss|77\/100\n|\n|-damage|p2a: Palafin|95\/100 brn|[from] brn\n|upkeep\n|turn|2\n|\n|t:|1682135430\n|switch|p1b: Amoonguss|Amoonguss, L50, M|100\/100\n|move|p1a: Tauros|Flare Blitz|p2b: Amoonguss\n|-supereffective|p2b: Amoonguss\n|-damage|p2b: Amoonguss|0 fnt\n|faint|p2b: Amoonguss\n|-damage|p1a: Tauros|70\/100|[from] Recoil\n|move|p2a: Palafin|Wave Crash|p1a: Tauros\n|-supereffective|p1a: Tauros\n|-damage|p1a: Tauros|0 fnt\n|faint|p1a: Tauros\n|-damage|p2a: Palafin|74\/100 brn|[from] Recoil\n|\n|-damage|p2a: Palafin|68\/100 brn|[from] brn\n|upkeep\n|\n|t:|1682135454\n|switch|p1a: Baxcalibur|Baxcalibur, L50, F|100\/100\n|switch|p2b: Chien-Pao|Chien-Pao, L50|100\/100\n|-ability|p2b: Chien-Pao|Sword of Ruin\n|turn|3\n|\n|t:|1682135475\n|-terastallize|p1a: Baxcalibur|Electric\n|move|p1b: Amoonguss|Rage Powder|p1b: Amoonguss\n|-singleturn|p1b: Amoonguss|move: Rage Powder\n|move|p2b: Chien-Pao|Ice Spinner|p1b: Amoonguss\n|-supereffective|p1b: Amoonguss\n|-damage|p1b: Amoonguss|22\/100\n|-enditem|p1b: Amoonguss|Sitrus Berry|[eat]\n|-heal|p1b: Amoonguss|47\/100|[from] item: Sitrus Berry\n|move|p1a: Baxcalibur|Tera Blast|p2a: Palafin\n|-supereffective|p2a: Palafin\n|-damage|p2a: Palafin|0 fnt\n|faint|p2a: Palafin\n|\n|upkeep\n|\n|t:|1682135487\n|switch|p2a: Dragapult|Dragapult, L50, F|100\/100\n|turn|4\n|inactive|ZenAku10 has 30 seconds left.\n|\n|t:|1682135518\n|-terastallize|p2a: Dragapult|Steel\n|move|p1b: Amoonguss|Protect|p1b: Amoonguss\n|-singleturn|p1b: Amoonguss|Protect\n|move|p2a: Dragapult|Phantom Force||[still]\n|-prepare|p2a: Dragapult|Phantom Force\n|move|p2b: Chien-Pao|Ice Spinner|p1b: Amoonguss\n|-activate|p1b: Amoonguss|move: Protect\n|move|p1a: Baxcalibur|Tera Blast|p2b: Chien-Pao\n|-damage|p2b: Chien-Pao|37\/100\n|\n|upkeep\n|turn|5\n|\n|t:|1682135536\n|move|p2b: Chien-Pao|Protect|p2b: Chien-Pao\n|-singleturn|p2b: Chien-Pao|Protect\n|move|p1b: Amoonguss|Rage Powder|p1b: Amoonguss\n|-singleturn|p1b: Amoonguss|move: Rage Powder\n|move|p2a: Dragapult|Phantom Force|p1b: Amoonguss|[from]lockedmove\n|-damage|p1b: Amoonguss|0 fnt\n|faint|p1b: Amoonguss\n|move|p1a: Baxcalibur|Tera Blast|p2a: Dragapult\n|-damage|p2a: Dragapult|18\/100\n|\n|upkeep\n|\n|t:|1682135546\n|switch|p1b: Azumarill|Azumarill, L50, F|83\/100\n|turn|6\n|\n|t:|1682135552\n|move|p1b: Azumarill|Aqua Jet|p2a: Dragapult\n|-damage|p2a: Dragapult|0 fnt\n|faint|p2a: Dragapult\n|move|p2b: Chien-Pao|Ice Spinner|p1a: Baxcalibur\n|-damage|p1a: Baxcalibur|48\/100\n|move|p1a: Baxcalibur|Tera Blast|p2b: Chien-Pao\n|-damage|p2b: Chien-Pao|0 fnt\n|faint|p2b: Chien-Pao\n|\n|win|Kammala\n|raw|Kammala's rating: 1354 → 1373<\/strong> (+19 for winning)\n|raw|ZenAku10's rating: 1341 → 1322<\/strong> (-19 for losing)\n|l|\u2606ZenAku10\n","uploadtime":1682135564,"views":27,"p1id":"kammala","p2id":"zenaku10","formatid":"gen9vgc2023regulationc","rating":1322,"private":0,"password":""}