{"id":"gen9vgc2023regulationc-1860816436","p1":"Test4Sum","p2":"mx555","format":"[Gen 9] VGC 2023 Regulation C","log":"|j|\u2606Test4Sum\n|j|\u2606mx555\n|t:|1683681388\n|gametype|doubles\n|player|p1|Test4Sum|170|1407\n|player|p2|mx555|101|1331\n|teamsize|p1|6\n|teamsize|p2|6\n|gen|9\n|tier|[Gen 9] VGC 2023 Regulation C\n|rated|\n|rule|Species Clause: Limit one of each Pok\u00e9mon\n|rule|Item Clause: Limit one of each item\n|clearpoke\n|poke|p1|Ceruledge, L50, M|\n|poke|p1|Sableye, L50, M|\n|poke|p1|Wo-Chien, L50|\n|poke|p1|Ting-Lu, L50|\n|poke|p1|Iron Bundle, L50|\n|poke|p1|Flutter Mane, L50|\n|poke|p2|Scizor, L50, M|\n|poke|p2|Flutter Mane, L50|\n|poke|p2|Iron Bundle, L50|\n|poke|p2|Iron Hands, L50|\n|poke|p2|Amoonguss, L50, M|\n|poke|p2|Chi-Yu, L50|\n|teampreview|4\n|\n|t:|1683681422\n|start\n|switch|p1a: Ceruledge|Ceruledge, L50, M|100\/100\n|switch|p1b: Sableye|Sableye, L50, M, shiny|100\/100\n|switch|p2a: Iron Bundle|Iron Bundle, L50|100\/100\n|switch|p2b: Chi-Yu|Chi-Yu, L50|100\/100\n|-ability|p2b: Chi-Yu|Beads of Ruin\n|-enditem|p2a: Iron Bundle|Booster Energy\n|-activate|p2a: Iron Bundle|ability: Quark Drive|[fromitem]\n|-start|p2a: Iron Bundle|quarkdrivespe\n|turn|1\n|inactive|Battle timer is ON: inactive players will automatically lose when time's up. (requested by mx555)\n|\n|t:|1683681441\n|-terastallize|p1a: Ceruledge|Steel\n|move|p1b: Sableye|Light Screen|p1b: Sableye\n|-sidestart|p1: Test4Sum|move: Light Screen\n|move|p2a: Iron Bundle|Hydro Pump|p1a: Ceruledge\n|-damage|p1a: Ceruledge|55\/100\n|move|p2b: Chi-Yu|Dark Pulse|p1a: Ceruledge\n|-damage|p1a: Ceruledge|11\/100\n|-damage|p2b: Chi-Yu|91\/100|[from] item: Life Orb\n|move|p1a: Ceruledge|Bulk Up|p1a: Ceruledge\n|-boost|p1a: Ceruledge|atk|1\n|-boost|p1a: Ceruledge|def|1\n|\n|-heal|p1a: Ceruledge|17\/100|[from] item: Leftovers\n|upkeep\n|turn|2\n|inactive|Test4Sum has 30 seconds left.\n|inactive|mx555 has 30 seconds left.\n|\n|t:|1683681475\n|move|p1a: Ceruledge|Protect|p1a: Ceruledge\n|-singleturn|p1a: Ceruledge|Protect\n|move|p1b: Sableye|Encore|p2a: Iron Bundle\n|-start|p2a: Iron Bundle|Encore\n|move|p2a: Iron Bundle|Hydro Pump|p1a: Ceruledge\n|-activate|p1a: Ceruledge|move: Protect\n|move|p2b: Chi-Yu|Overheat|p1b: Sableye\n|-damage|p1b: Sableye|11\/100\n|-unboost|p2b: Chi-Yu|spa|2\n|-damage|p2b: Chi-Yu|81\/100|[from] item: Life Orb\n|\n|-heal|p1a: Ceruledge|23\/100|[from] item: Leftovers\n|upkeep\n|turn|3\n|inactive|Test4Sum has 30 seconds left.\n|inactive|mx555 has 30 seconds left.\n|inactive|mx555 has 20 seconds left.\n|inactive|mx555 has 15 seconds left.\n|\n|t:|1683681523\n|switch|p2b: Flutter Mane|Flutter Mane, L50|100\/100\n|switch|p1b: Ting-Lu|Ting-Lu, L50|100\/100\n|-ability|p1b: Ting-Lu|Vessel of Ruin\n|move|p1a: Ceruledge|Shadow Sneak|p2a: Iron Bundle\n|-damage|p2a: Iron Bundle|66\/100\n|move|p2a: Iron Bundle|Hydro Pump|p1a: Ceruledge\n|-damage|p1a: Ceruledge|0 fnt\n|faint|p1a: Ceruledge\n|\n|upkeep\n|\n|t:|1683681541\n|switch|p1a: Sableye|Sableye, L50, M, shiny|11\/100\n|turn|4\n|\n|t:|1683681550\n|move|p1a: Sableye|Disable|p2a: Iron Bundle\n|-start|p2a: Iron Bundle|Disable|Hydro Pump\n|cant|p2a: Iron Bundle|Disable|Hydro Pump\n|move|p2b: Flutter Mane|Dazzling Gleam|p1a: Sableye|[spread] p1a,p1b\n|-supereffective|p1a: Sableye\n|-supereffective|p1b: Ting-Lu\n|-damage|p1a: Sableye|0 fnt\n|-damage|p1b: Ting-Lu|86\/100\n|faint|p1a: Sableye\n|move|p1b: Ting-Lu|Heavy Slam|p2b: Flutter Mane\n|-supereffective|p2b: Flutter Mane\n|-enditem|p2b: Flutter Mane|Focus Sash\n|-damage|p2b: Flutter Mane|1\/100\n|\n|-end|p2a: Iron Bundle|Encore\n|upkeep\n|\n|t:|1683681567\n|switch|p1a: Flutter Mane|Flutter Mane, L50|100\/100\n|turn|5\n|\n|t:|1683681592\n|move|p2a: Iron Bundle|Icy Wind|p1b: Ting-Lu|[spread] p1a,p1b\n|-supereffective|p1b: Ting-Lu\n|-damage|p1a: Flutter Mane|91\/100\n|-damage|p1b: Ting-Lu|77\/100\n|-unboost|p1a: Flutter Mane|spe|1\n|-unboost|p1b: Ting-Lu|spe|1\n|move|p2b: Flutter Mane|Shadow Ball|p1a: Flutter Mane\n|-supereffective|p1a: Flutter Mane\n|-damage|p1a: Flutter Mane|53\/100\n|move|p1a: Flutter Mane|Dazzling Gleam|p2a: Iron Bundle|[spread] p2a,p2b\n|-crit|p2a: Iron Bundle\n|-damage|p2a: Iron Bundle|0 fnt\n|-damage|p2b: Flutter Mane|0 fnt\n|faint|p2a: Iron Bundle\n|-end|p2a: Iron Bundle|Quark Drive|[silent]\n|faint|p2b: Flutter Mane\n|-end|p2b: Flutter Mane|Protosynthesis|[silent]\n|move|p1b: Ting-Lu|Stomping Tantrum|p2: Iron Bundle|[notarget]\n|-fail|p1b: Ting-Lu\n|\n|upkeep\n|\n|t:|1683681595\n|switch|p2a: Chi-Yu|Chi-Yu, L50|81\/100\n|switch|p2b: Iron Hands|Iron Hands, L50|100\/100\n|-ability|p2a: Chi-Yu|Beads of Ruin\n|turn|6\n|\n|t:|1683681617\n|-terastallize|p2a: Chi-Yu|Fire\n|move|p2b: Iron Hands|Fake Out|p1b: Ting-Lu\n|-damage|p1b: Ting-Lu|69\/100\n|move|p2a: Chi-Yu|Heat Wave|p1b: Ting-Lu|[spread] p1a\n|-miss|p2a: Chi-Yu|p1b: Ting-Lu\n|-damage|p1a: Flutter Mane|9\/100\n|-damage|p2a: Chi-Yu|71\/100|[from] item: Life Orb\n|move|p1a: Flutter Mane|Dazzling Gleam|p2a: Chi-Yu|[spread] p2a,p2b\n|-resisted|p2a: Chi-Yu\n|-supereffective|p2b: Iron Hands\n|-damage|p2a: Chi-Yu|52\/100\n|-damage|p2b: Iron Hands|44\/100\n|cant|p1b: Ting-Lu|flinch\n|\n|upkeep\n|turn|7\n|\n|t:|1683681639\n|move|p2a: Chi-Yu|Heat Wave|p1a: Flutter Mane|[spread] p1a,p1b\n|-damage|p1a: Flutter Mane|0 fnt\n|-damage|p1b: Ting-Lu|47\/100\n|faint|p1a: Flutter Mane\n|-end|p1a: Flutter Mane|Protosynthesis|[silent]\n|-damage|p2a: Chi-Yu|42\/100|[from] item: Life Orb\n|move|p2b: Iron Hands|Drain Punch|p1b: Ting-Lu\n|-supereffective|p1b: Ting-Lu\n|-damage|p1b: Ting-Lu|5\/100\n|-heal|p2b: Iron Hands|64\/100|[from] drain|[of] p1b: Ting-Lu\n|move|p1b: Ting-Lu|Stomping Tantrum|p2b: Iron Hands\n|-supereffective|p2b: Iron Hands\n|-damage|p2b: Iron Hands|0 fnt\n|faint|p2b: Iron Hands\n|-end|p2b: Iron Hands|Quark Drive|[silent]\n|\n|upkeep\n|turn|8\n|\n|t:|1683681663\n|move|p2a: Chi-Yu|Dark Pulse|p1b: Ting-Lu\n|-resisted|p1b: Ting-Lu\n|-crit|p1b: Ting-Lu\n|-damage|p1b: Ting-Lu|0 fnt\n|faint|p1b: Ting-Lu\n|-damage|p2a: Chi-Yu|32\/100|[from] item: Life Orb\n|\n|win|mx555\n|raw|Test4Sum's rating: 1407 → 1383<\/strong> (-24 for losing)\n|raw|mx555's rating: 1331 → 1355<\/strong> (+24 for winning)\n|l|\u2606Test4Sum\n","uploadtime":1683681672,"views":19,"p1id":"test4sum","p2id":"mx555","formatid":"gen9vgc2023regulationc","rating":1355,"private":0,"password":""}