{"id":"gen9vgc2023regulationc-1850308634","p1":"BlindMagneton","p2":"Prometheus756","format":"[Gen 9] VGC 2023 Regulation C","log":"|j|\u2606BlindMagneton\n|j|\u2606Prometheus756\n|t:|1682315343\n|gametype|doubles\n|player|p1|BlindMagneton|wattson|1336\n|player|p2|Prometheus756|pokefan-gen4|1376\n|teamsize|p1|6\n|teamsize|p2|6\n|gen|9\n|tier|[Gen 9] VGC 2023 Regulation C\n|rated|\n|rule|Species Clause: Limit one of each Pok\u00e9mon\n|rule|Item Clause: Limit one of each item\n|clearpoke\n|poke|p1|Iron Valiant, L50|\n|poke|p1|Wo-Chien, L50|\n|poke|p1|Maushold, L50|\n|poke|p1|Grimmsnarl, L50, M|\n|poke|p1|Chien-Pao, L50|\n|poke|p1|Dragapult, L50, F|\n|poke|p2|Dragapult, L50, M|\n|poke|p2|Amoonguss, L50, M|\n|poke|p2|Azumarill, L50, F|\n|poke|p2|Chien-Pao, L50|\n|poke|p2|Flutter Mane, L50|\n|poke|p2|Iron Hands, L50|\n|teampreview|4\n|inactive|Battle timer is ON: inactive players will automatically lose when time's up. (requested by Prometheus756)\nPrometheus756 rejected open team sheets.\n|inactive|BlindMagneton has 60 seconds left.\n|inactive|BlindMagneton has 30 seconds left.\n|\n|t:|1682315446\n|start\n|switch|p1a: Grimmsnarl|Grimmsnarl, L50, M|100\/100\n|switch|p1b: Dragapult|Dragapult, L50, F|100\/100\n|switch|p2a: Flutter Mane|Flutter Mane, L50|100\/100\n|switch|p2b: Amoonguss|Amoonguss, L50, M|100\/100\n|-enditem|p2a: Flutter Mane|Booster Energy\n|-activate|p2a: Flutter Mane|ability: Protosynthesis|[fromitem]\n|-start|p2a: Flutter Mane|protosynthesisspe\n|turn|1\n|inactive|BlindMagneton has 30 seconds left.\n|inactive|BlindMagneton has 20 seconds left.\n|inactive|BlindMagneton has 15 seconds left.\n|\n|t:|1682315488\n|-terastallize|p2a: Flutter Mane|Fairy\n|-terastallize|p1b: Dragapult|Fairy\n|move|p1a: Grimmsnarl|Swagger|p2a: Flutter Mane\n|-boost|p2a: Flutter Mane|atk|2\n|-enditem|p1b: Dragapult|Mirror Herb\n|-boost|p1b: Dragapult|atk|2|[from] item: Mirror Herb\n|-start|p2a: Flutter Mane|confusion\n|-activate|p2a: Flutter Mane|confusion\n|-damage|p2a: Flutter Mane|83\/100|[from] confusion\n|move|p1b: Dragapult|Acrobatics|p2b: Amoonguss\n|-supereffective|p2b: Amoonguss\n|-crit|p2b: Amoonguss\n|-damage|p2b: Amoonguss|0 fnt\n|faint|p2b: Amoonguss\n|\n|upkeep\n|inactive|Prometheus756 has 30 seconds left.\n|\n|t:|1682315516\n|switch|p2b: Chien-Pao|Chien-Pao, L50|100\/100\n|-ability|p2b: Chien-Pao|Sword of Ruin\n|turn|2\n|\n|t:|1682315532\n|move|p1a: Grimmsnarl|Thunder Wave|p2a: Flutter Mane\n|-status|p2a: Flutter Mane|par\n|move|p1b: Dragapult|Phantom Force||[still]\n|-prepare|p1b: Dragapult|Phantom Force\n|move|p2b: Chien-Pao|Ice Spinner|p1b: Dragapult|[miss]\n|-miss|p2b: Chien-Pao|p1b: Dragapult\n|-activate|p2a: Flutter Mane|confusion\n|-damage|p2a: Flutter Mane|63\/100 par|[from] confusion\n|\n|upkeep\n|turn|3\n|\n|t:|1682315551\n|move|p1b: Dragapult|Phantom Force|p2a: Flutter Mane|[from]lockedmove\n|-damage|p2a: Flutter Mane|0 fnt\n|faint|p2a: Flutter Mane\n|-end|p2a: Flutter Mane|Protosynthesis|[silent]\n|move|p2b: Chien-Pao|Ice Spinner|p1b: Dragapult\n|-damage|p1b: Dragapult|35\/100\n|move|p1a: Grimmsnarl|Drain Punch|p2b: Chien-Pao\n|-supereffective|p2b: Chien-Pao\n|-enditem|p2b: Chien-Pao|Focus Sash\n|-damage|p2b: Chien-Pao|1\/100\n|\n|upkeep\n|\n|t:|1682315560\n|switch|p2a: Dragapult|Dragapult, L50, M|100\/100\n|turn|4\n|inactive|BlindMagneton has 30 seconds left.\n|inactive|Prometheus756 has 30 seconds left.\n|\n|t:|1682315592\n|move|p2b: Chien-Pao|Sucker Punch||[still]\n|-fail|p2b: Chien-Pao\n|move|p1a: Grimmsnarl|Thunder Wave|p2a: Dragapult\n|-status|p2a: Dragapult|par\n|move|p1b: Dragapult|Will-O-Wisp|p2b: Chien-Pao\n|-status|p2b: Chien-Pao|brn\n|move|p2a: Dragapult|Dragon Dance|p2a: Dragapult\n|-boost|p2a: Dragapult|atk|1\n|-boost|p2a: Dragapult|spe|1\n|\n|-damage|p2b: Chien-Pao|0 fnt|[from] brn\n|faint|p2b: Chien-Pao\n|upkeep\n|turn|5\n|inactive|BlindMagneton has 30 seconds left.\n|\n|t:|1682315624\n|switch|p1a: Maushold|Maushold, L50|100\/100\n|move|p1b: Dragapult|Phantom Force||[still]\n|-prepare|p1b: Dragapult|Phantom Force\n|move|p2a: Dragapult|Phantom Force||[still]\n|-prepare|p2a: Dragapult|Phantom Force\n|\n|upkeep\n|turn|6\n|\n|t:|1682315636\n|move|p1a: Maushold|Follow Me|p1a: Maushold\n|-singleturn|p1a: Maushold|move: Follow Me\n|move|p1b: Dragapult|Phantom Force|p2a: Dragapult|[from]lockedmove|[miss]\n|-miss|p1b: Dragapult|p2a: Dragapult\n|move|p2a: Dragapult|Phantom Force|p1a: Maushold|[from]lockedmove\n|-immune|p1a: Maushold\n|\n|upkeep\n|turn|7\n|inactive|BlindMagneton has 30 seconds left.\n|inactive|BlindMagneton has 20 seconds left.\n|\n|t:|1682315671\n|move|p1b: Dragapult|Acrobatics|p2a: Dragapult\n|-damage|p2a: Dragapult|1\/100 par\n|move|p1a: Maushold|Encore|p2a: Dragapult\n|-start|p2a: Dragapult|Encore\n|move|p2a: Dragapult|Phantom Force||[still]\n|-prepare|p2a: Dragapult|Phantom Force\n|\n|upkeep\n|turn|8\n|-message|Prometheus756 forfeited.\n|\n|win|BlindMagneton\n|raw|BlindMagneton's rating: 1336 → 1358<\/strong> (+22 for winning)\n|raw|Prometheus756's rating: 1376 → 1354<\/strong> (-22 for losing)\n|l|\u2606Prometheus756\n","uploadtime":1682315687,"views":32,"p1id":"blindmagneton","p2id":"prometheus756","formatid":"gen9vgc2023regulationc","rating":1354,"private":0,"password":""}