{"id":"gen9vgc2023regulationc-1851748628","p1":"Emiker","p2":"tofu24","format":"[Gen 9] VGC 2023 Regulation C","log":"|j|\u2606Emiker\n|j|\u2606tofu24\n|t:|1682477735\n|gametype|doubles\n|player|p1|Emiker|red|1281\n|player|p2|tofu24|cyclist|1241\n|teamsize|p1|6\n|teamsize|p2|6\n|gen|9\n|tier|[Gen 9] VGC 2023 Regulation C\n|rated|\n|rule|Species Clause: Limit one of each Pok\u00e9mon\n|rule|Item Clause: Limit one of each item\n|clearpoke\n|poke|p1|Flutter Mane, L50|\n|poke|p1|Palafin, L50, M|\n|poke|p1|Amoonguss, L50, F|\n|poke|p1|Arcanine, L50, F|\n|poke|p1|Ting-Lu, L50|\n|poke|p1|Dragapult, L50, M|\n|poke|p2|Garganacl, L50, F|\n|poke|p2|Gothitelle, L50, M|\n|poke|p2|Scream Tail, L50|\n|poke|p2|Palafin, L50, F|\n|poke|p2|Flutter Mane, L50|\n|poke|p2|Bellibolt, L50, F|\n|teampreview|4\n|\n|t:|1682477765\n|start\n|switch|p1a: Flutter Mane|Flutter Mane, L50|100\/100\n|switch|p1b: Dragapult|Dragapult, L50, M, shiny|100\/100\n|switch|p2a: Palafin|Palafin, L50, F|100\/100\n|switch|p2b: Bellibolt|Bellibolt, L50, F, shiny|100\/100\n|-enditem|p1a: Flutter Mane|Booster Energy\n|-activate|p1a: Flutter Mane|ability: Protosynthesis|[fromitem]\n|-start|p1a: Flutter Mane|protosynthesisspa\n|turn|1\n|\n|t:|1682477785\n|move|p1b: Dragapult|U-turn|p2a: Palafin\n|-damage|p2a: Palafin|58\/100\n|\n|t:|1682477790\n|switch|p1b: Ting-Lu|Ting-Lu, L50|100\/100|[from] U-turn\n|-ability|p1b: Ting-Lu|Vessel of Ruin\n|move|p1a: Flutter Mane|Shadow Ball|p2a: Palafin\n|-damage|p2a: Palafin|8\/100\n|move|p2a: Palafin|Flip Turn|p1a: Flutter Mane\n|-damage|p1a: Flutter Mane|51\/100\n|\n|t:|1682477803\n|detailschange|p2a: Palafin|Palafin-Hero, L50, F\n|switch|p2a: Garganacl|Garganacl, L50, F|100\/100|[from] Flip Turn\n|move|p2b: Bellibolt|Parabolic Charge|p1a: Flutter Mane|[spread] p2a,p1a\n|-immune|p1b: Ting-Lu\n|-damage|p2a: Garganacl|90\/100\n|-damage|p1a: Flutter Mane|39\/100\n|\n|-heal|p2a: Garganacl|96\/100|[from] item: Leftovers\n|upkeep\n|turn|2\n|\n|t:|1682477830\n|-terastallize|p2a: Garganacl|Flying\n|move|p1a: Flutter Mane|Protect|p1a: Flutter Mane\n|-singleturn|p1a: Flutter Mane|Protect\n|move|p1b: Ting-Lu|Ruination|p2a: Garganacl\n|-damage|p2a: Garganacl|48\/100\n|move|p2b: Bellibolt|Volt Switch|p1a: Flutter Mane\n|-activate|p1a: Flutter Mane|move: Protect\n|move|p2a: Garganacl|Salt Cure|p1b: Ting-Lu\n|-resisted|p1b: Ting-Lu\n|-crit|p1b: Ting-Lu\n|-damage|p1b: Ting-Lu|95\/100\n|-start|p1b: Ting-Lu|Salt Cure\n|\n|-heal|p2a: Garganacl|54\/100|[from] item: Leftovers\n|-damage|p1b: Ting-Lu|83\/100|[from] Salt Cure\n|upkeep\n|turn|3\n|\n|t:|1682477855\n|-end|p1a: Flutter Mane|Protosynthesis|[silent]\n|switch|p1a: Dragapult|Dragapult, L50, M, shiny|100\/100\n|move|p2a: Garganacl|Protect|p2a: Garganacl\n|-singleturn|p2a: Garganacl|Protect\n|move|p2b: Bellibolt|Volt Switch|p1a: Dragapult\n|-resisted|p1a: Dragapult\n|-damage|p1a: Dragapult|88\/100\n|\n|t:|1682477867\n|switch|p2b: Gothitelle|Gothitelle, L50, M|100\/100|[from] Volt Switch\n|move|p1b: Ting-Lu|Ruination|p2a: Garganacl\n|-activate|p2a: Garganacl|move: Protect\n|\n|-heal|p2a: Garganacl|60\/100|[from] item: Leftovers\n|-damage|p1b: Ting-Lu|71\/100|[from] Salt Cure\n|upkeep\n|turn|4\n|\n|t:|1682477889\n|move|p2b: Gothitelle|Fake Out|p1b: Ting-Lu\n|-damage|p1b: Ting-Lu|68\/100\n|move|p1a: Dragapult|U-turn|p2b: Gothitelle\n|-supereffective|p2b: Gothitelle\n|-damage|p2b: Gothitelle|34\/100\n|-enditem|p2b: Gothitelle|Sitrus Berry|[eat]\n|-heal|p2b: Gothitelle|59\/100|[from] item: Sitrus Berry\n|\n|t:|1682477899\n|switch|p1a: Palafin|Palafin, L50, M, shiny|100\/100|[from] U-turn\n|cant|p1b: Ting-Lu|flinch\n|move|p2a: Garganacl|Salt Cure|p1a: Palafin\n|-damage|p1a: Palafin|86\/100\n|-start|p1a: Palafin|Salt Cure\n|\n|-heal|p2a: Garganacl|66\/100|[from] item: Leftovers\n|-damage|p1a: Palafin|61\/100|[from] Salt Cure\n|-damage|p1b: Ting-Lu|56\/100|[from] Salt Cure\n|upkeep\n|turn|5\n|\n|t:|1682477929\n|-terastallize|p1a: Palafin|Water\n|move|p2b: Gothitelle|Protect|p2b: Gothitelle\n|-singleturn|p2b: Gothitelle|Protect\n|move|p2a: Garganacl|Protect|p2a: Garganacl\n|-singleturn|p2a: Garganacl|Protect\n|move|p1a: Palafin|Wave Crash|p2a: Garganacl\n|-activate|p2a: Garganacl|move: Protect\n|move|p1b: Ting-Lu|Snarl|p2b: Gothitelle|[spread] \n|-activate|p2a: Garganacl|move: Protect\n|-activate|p2b: Gothitelle|move: Protect\n|\n|-heal|p2a: Garganacl|72\/100|[from] item: Leftovers\n|-damage|p1a: Palafin|36\/100|[from] Salt Cure\n|-damage|p1b: Ting-Lu|43\/100|[from] Salt Cure\n|upkeep\n|turn|6\n|\n|t:|1682477962\n|switch|p2a: Palafin|Palafin-Hero, L50, F|8\/100\n|-activate|p2a: Palafin|ability: Zero to Hero\n|move|p1a: Palafin|Wave Crash|p2a: Palafin\n|-resisted|p2a: Palafin\n|-damage|p2a: Palafin|0 fnt\n|faint|p2a: Palafin\n|-damage|p1a: Palafin|34\/100|[from] Recoil\n|move|p1b: Ting-Lu|Snarl|p2b: Gothitelle\n|-supereffective|p2b: Gothitelle\n|-damage|p2b: Gothitelle|44\/100\n|-unboost|p2b: Gothitelle|spa|1\n|move|p2b: Gothitelle|Trick Room|p2b: Gothitelle\n|-fieldstart|move: Trick Room|[of] p2b: Gothitelle\n|\n|-damage|p1b: Ting-Lu|31\/100|[from] Salt Cure\n|-damage|p1a: Palafin|9\/100|[from] Salt Cure\n|upkeep\n|\n|t:|1682477982\n|switch|p2a: Garganacl|Garganacl, L50, F, tera:Flying|72\/100\n|turn|7\n|\n|t:|1682477995\n|move|p2a: Garganacl|Protect|p2a: Garganacl\n|-singleturn|p2a: Garganacl|Protect\n|move|p2b: Gothitelle|Protect|p2b: Gothitelle\n|-singleturn|p2b: Gothitelle|Protect\n|move|p1a: Palafin|Jet Punch|p2a: Garganacl\n|-activate|p2a: Garganacl|move: Protect\n|move|p1b: Ting-Lu|Snarl|p2a: Garganacl|[spread] \n|-activate|p2a: Garganacl|move: Protect\n|-activate|p2b: Gothitelle|move: Protect\n|\n|-heal|p2a: Garganacl|77\/100|[from] item: Leftovers\n|-damage|p1b: Ting-Lu|19\/100|[from] Salt Cure\n|-damage|p1a: Palafin|0 fnt|[from] Salt Cure\n|faint|p1a: Palafin\n|upkeep\n|\n|t:|1682478013\n|switch|p1a: Dragapult|Dragapult, L50, M, shiny|88\/100\n|turn|8\n|\n|t:|1682478023\n|switch|p2b: Bellibolt|Bellibolt, L50, F, shiny|100\/100\n|move|p2a: Garganacl|Salt Cure|p1a: Dragapult\n|-damage|p1a: Dragapult|68\/100\n|-start|p1a: Dragapult|Salt Cure\n|move|p1b: Ting-Lu|Ruination|p2a: Garganacl\n|-damage|p2a: Garganacl|39\/100\n|move|p1a: Dragapult|U-turn|p2b: Bellibolt\n|-damage|p2b: Bellibolt|71\/100\n|-start|p2b: Bellibolt|Charge|U-turn|[from] ability: Electromorphosis\n|\n|t:|1682478035\n|switch|p1a: Flutter Mane|Flutter Mane, L50|39\/100|[from] U-turn\n|\n|-heal|p2a: Garganacl|45\/100|[from] item: Leftovers\n|-damage|p1b: Ting-Lu|7\/100|[from] Salt Cure\n|upkeep\n|turn|9\n|\n|t:|1682478053\n|switch|p1b: Dragapult|Dragapult, L50, M, shiny|68\/100\n|move|p2a: Garganacl|Protect|p2a: Garganacl\n|-singleturn|p2a: Garganacl|Protect\n|move|p1a: Flutter Mane|Protect|p1a: Flutter Mane\n|-singleturn|p1a: Flutter Mane|Protect\n|move|p2b: Bellibolt|Parabolic Charge|p1b: Dragapult|[spread] p1b\n|-activate|p2a: Garganacl|move: Protect\n|-activate|p1a: Flutter Mane|move: Protect\n|-resisted|p1b: Dragapult\n|-damage|p1b: Dragapult|46\/100\n|-heal|p2b: Bellibolt|80\/100|[from] drain|[of] p1b: Dragapult\n|-end|p2b: Bellibolt|Charge|[silent]\n|\n|-heal|p2a: Garganacl|51\/100|[from] item: Leftovers\n|upkeep\n|turn|10\n|\n|t:|1682478082\n|-end|p1a: Flutter Mane|Protosynthesis|[silent]\n|switch|p1a: Ting-Lu|Ting-Lu, L50|7\/100\n|-ability|p1a: Ting-Lu|Vessel of Ruin\n|move|p2a: Garganacl|Recover|p2a: Garganacl\n|-heal|p2a: Garganacl|100\/100\n|move|p2b: Bellibolt|Volt Switch|p1a: Ting-Lu\n|-immune|p1a: Ting-Lu\n|move|p1b: Dragapult|U-turn|p2b: Bellibolt\n|-damage|p2b: Bellibolt|52\/100\n|-start|p2b: Bellibolt|Charge|U-turn|[from] ability: Electromorphosis\n|\n|t:|1682478095\n|switch|p1b: Flutter Mane|Flutter Mane, L50|39\/100|[from] U-turn\n|\n|-fieldend|move: Trick Room\n|upkeep\n|turn|11\n|\n|t:|1682478118\n|move|p1b: Flutter Mane|Moonblast|p2a: Garganacl\n|-damage|p2a: Garganacl|72\/100\n|move|p2b: Bellibolt|Parabolic Charge|p1b: Flutter Mane|[spread] p2a,p1b\n|-immune|p1a: Ting-Lu\n|-supereffective|p2a: Garganacl\n|-damage|p2a: Garganacl|33\/100\n|-heal|p2b: Bellibolt|72\/100|[from] drain|[of] p2a: Garganacl\n|-damage|p1b: Flutter Mane|19\/100\n|-heal|p2b: Bellibolt|81\/100|[from] drain|[of] p1b: Flutter Mane\n|-end|p2b: Bellibolt|Charge|[silent]\n|move|p1a: Ting-Lu|Stomping Tantrum|p2b: Bellibolt\n|-supereffective|p2b: Bellibolt\n|-damage|p2b: Bellibolt|29\/100\n|-start|p2b: Bellibolt|Charge|Stomping Tantrum|[from] ability: Electromorphosis\n|move|p2a: Garganacl|Salt Cure|p1a: Ting-Lu\n|-resisted|p1a: Ting-Lu\n|-damage|p1a: Ting-Lu|3\/100\n|-start|p1a: Ting-Lu|Salt Cure\n|\n|-heal|p2a: Garganacl|39\/100|[from] item: Leftovers\n|-damage|p1a: Ting-Lu|0 fnt|[from] Salt Cure\n|faint|p1a: Ting-Lu\n|upkeep\n|\n|t:|1682478140\n|switch|p1a: Dragapult|Dragapult, L50, M, shiny|46\/100\n|turn|12\n|\n|t:|1682478157\n|move|p2a: Garganacl|Protect|p2a: Garganacl\n|-singleturn|p2a: Garganacl|Protect\n|move|p1a: Dragapult|Dragon Darts|p2b: Bellibolt\n|-damage|p2b: Bellibolt|0 fnt\n|faint|p2b: Bellibolt\n|move|p1b: Flutter Mane|Dazzling Gleam|p2a: Garganacl\n|-activate|p2a: Garganacl|move: Protect\n|\n|-heal|p2a: Garganacl|44\/100|[from] item: Leftovers\n|upkeep\n|\n|t:|1682478169\n|switch|p2b: Gothitelle|Gothitelle, L50, M|44\/100\n|turn|13\n|\n|t:|1682478181\n|move|p2a: Garganacl|Wide Guard|p2a: Garganacl\n|-singleturn|p2a: Garganacl|Wide Guard\n|move|p1a: Dragapult|Dragon Darts|p2a: Garganacl\n|-damage|p2a: Garganacl|22\/100\n|-anim|p1a: Dragapult|Dragon Darts|p2b: Gothitelle\n|-damage|p2b: Gothitelle|8\/100\n|move|p1b: Flutter Mane|Dazzling Gleam|p2b: Gothitelle|[spread] \n|-activate|p2a: Garganacl|move: Wide Guard\n|-activate|p2b: Gothitelle|move: Wide Guard\n|move|p2b: Gothitelle|Trick Room|p2b: Gothitelle\n|-fieldstart|move: Trick Room|[of] p2b: Gothitelle\n|\n|-heal|p2a: Garganacl|28\/100|[from] item: Leftovers\n|upkeep\n|turn|14\n|\n|t:|1682478202\n|move|p1b: Flutter Mane|Protect|p1b: Flutter Mane\n|-singleturn|p1b: Flutter Mane|Protect\n|move|p2a: Garganacl|Recover|p2a: Garganacl\n|-heal|p2a: Garganacl|78\/100\n|move|p2b: Gothitelle|Psychic|p1b: Flutter Mane\n|-activate|p1b: Flutter Mane|move: Protect\n|move|p1a: Dragapult|Dragon Darts|p2b: Gothitelle\n|-damage|p2b: Gothitelle|0 fnt\n|-anim|p1a: Dragapult|Dragon Darts|p2a: Garganacl\n|-damage|p2a: Garganacl|55\/100\n|faint|p2b: Gothitelle\n|\n|-heal|p2a: Garganacl|60\/100|[from] item: Leftovers\n|upkeep\n|turn|15\n|\n|t:|1682478224\n|move|p2a: Garganacl|Recover|p2a: Garganacl\n|-heal|p2a: Garganacl|100\/100\n|move|p1b: Flutter Mane|Shadow Ball|p2a: Garganacl\n|-damage|p2a: Garganacl|86\/100\n|move|p1a: Dragapult|Dragon Darts|p2a: Garganacl\n|-damage|p2a: Garganacl|62\/100\n|-anim|p1a: Dragapult|Dragon Darts|p2a: Garganacl\n|-damage|p2a: Garganacl|40\/100\n|\n|-heal|p2a: Garganacl|46\/100|[from] item: Leftovers\n|upkeep\n|turn|16\n|\n|t:|1682478240\n|move|p1b: Flutter Mane|Protect|p1b: Flutter Mane\n|-singleturn|p1b: Flutter Mane|Protect\n|move|p2a: Garganacl|Salt Cure|p1b: Flutter Mane\n|-activate|p1b: Flutter Mane|move: Protect\n|move|p1a: Dragapult|Dragon Darts|p2a: Garganacl\n|-damage|p2a: Garganacl|23\/100\n|-anim|p1a: Dragapult|Dragon Darts|p2a: Garganacl\n|-damage|p2a: Garganacl|0 fnt\n|faint|p2a: Garganacl\n|\n|win|Emiker\n|raw|Emiker's rating: 1281 → 1303<\/strong> (+22 for winning)\n|raw|tofu24's rating: 1241 → 1219<\/strong> (-22 for losing)\n|l|\u2606tofu24\n","uploadtime":1682478254,"views":8,"p1id":"emiker","p2id":"tofu24","formatid":"gen9vgc2023regulationc","rating":1219,"private":0,"password":""}