{"id":"gen9vgc2023regulationc-1848952196","p1":"Alexis_student","p2":"Champion Skyla 14","format":"[Gen 9] VGC 2023 Regulation C","log":"|j|\u2606Alexis_student\n|j|\u2606Champion Skyla 14\n|t:|1682130354\n|gametype|doubles\n|player|p1|Alexis_student|266|1162\n|player|p2|Champion Skyla 14|skyla|1121\n|teamsize|p1|6\n|teamsize|p2|6\n|gen|9\n|tier|[Gen 9] VGC 2023 Regulation C\n|rated|\n|rule|Species Clause: Limit one of each Pok\u00e9mon\n|rule|Item Clause: Limit one of each item\n|clearpoke\n|poke|p1|Amoonguss, L50, M|\n|poke|p1|Palafin, L50, F|\n|poke|p1|Arcanine, L50, F|\n|poke|p1|Flutter Mane, L50|\n|poke|p1|Baxcalibur, L50, F|\n|poke|p1|Ting-Lu, L50|\n|poke|p2|Orthworm, L50, M|\n|poke|p2|Dragonite, L50, F|\n|poke|p2|Ting-Lu, L50|\n|poke|p2|Gyarados, L50, M|\n|poke|p2|Flutter Mane, L50|\n|poke|p2|Chien-Pao, L50|\n|teampreview|4\n|\n|t:|1682130406\n|start\n|switch|p1a: Palafin|Palafin, L50, F|100\/100\n|switch|p1b: Amoonguss|Amoonguss, L50, M|100\/100\n|switch|p2a: Chien-Pao|Chien-Pao, L50|100\/100\n|switch|p2b: Dragonite|Dragonite, L50, F|100\/100\n|-ability|p2a: Chien-Pao|Sword of Ruin\n|turn|1\n|\n|t:|1682130428\n|detailschange|p1a: Palafin|Palafin-Hero, L50, F\n|switch|p1a: Arcanine|Arcanine, L50, F|100\/100\n|-ability|p1a: Arcanine|Intimidate|boost\n|-unboost|p2a: Chien-Pao|atk|1\n|-unboost|p2b: Dragonite|atk|1\n|-terastallize|p1b: Amoonguss|Water\n|move|p2a: Chien-Pao|Ice Spinner|p1b: Amoonguss\n|-resisted|p1b: Amoonguss\n|-damage|p1b: Amoonguss|86\/100\n|move|p2b: Dragonite|Dragon Dance|p2b: Dragonite\n|-boost|p2b: Dragonite|atk|1\n|-boost|p2b: Dragonite|spe|1\n|move|p1b: Amoonguss|Spore|p2b: Dragonite\n|-status|p2b: Dragonite|slp|[from] move: Spore\n|-enditem|p2b: Dragonite|Lum Berry|[eat]\n|-curestatus|p2b: Dragonite|slp|[msg]\n|\n|upkeep\n|turn|2\n|\n|t:|1682130450\n|switch|p2a: Gyarados|Gyarados, L50, M|100\/100\n|-ability|p2a: Gyarados|Intimidate|boost\n|-unboost|p1a: Arcanine|atk|1\n|-unboost|p1b: Amoonguss|atk|1\n|move|p2b: Dragonite|Earthquake|p1b: Amoonguss|[spread] p1a,p1b\n|-immune|p2a: Gyarados\n|-supereffective|p1a: Arcanine\n|-damage|p1a: Arcanine|54\/100\n|-damage|p1b: Amoonguss|65\/100\n|move|p1a: Arcanine|Will-O-Wisp|p2b: Dragonite\n|-status|p2b: Dragonite|brn\n|move|p1b: Amoonguss|Spore|p2a: Gyarados\n|-activate|p2a: Gyarados|item: Safety Goggles|Spore\n|\n|-damage|p2b: Dragonite|95\/100 brn|[from] brn\n|upkeep\n|turn|3\n|\n|t:|1682130475\n|switch|p1b: Baxcalibur|Baxcalibur, L50, F|100\/100\n|move|p2b: Dragonite|Dragon Dance|p2b: Dragonite\n|-boost|p2b: Dragonite|atk|1\n|-boost|p2b: Dragonite|spe|1\n|move|p2a: Gyarados|Taunt|p1b: Baxcalibur\n|-start|p1b: Baxcalibur|move: Taunt\n|move|p1a: Arcanine|Will-O-Wisp|p2a: Gyarados\n|-status|p2a: Gyarados|brn\n|\n|-damage|p2b: Dragonite|89\/100 brn|[from] brn\n|-damage|p2a: Gyarados|94\/100 brn|[from] brn\n|upkeep\n|turn|4\n|\n|t:|1682130500\n|switch|p1a: Amoonguss|Amoonguss, L50, M, tera:Water|99\/100\n|move|p2b: Dragonite|Earthquake|p1b: Baxcalibur|[spread] p1a,p1b\n|-immune|p2a: Gyarados\n|-damage|p1a: Amoonguss|83\/100\n|-damage|p1b: Baxcalibur|83\/100\n|move|p2a: Gyarados|Thunder Wave|p1b: Baxcalibur|[miss]\n|-miss|p2a: Gyarados|p1b: Baxcalibur\n|move|p1b: Baxcalibur|Icicle Crash|p2b: Dragonite\n|-supereffective|p2b: Dragonite\n|-damage|p2b: Dragonite|0 fnt\n|faint|p2b: Dragonite\n|\n|-damage|p2a: Gyarados|88\/100 brn|[from] brn\n|upkeep\n|\n|t:|1682130517\n|switch|p2b: Flutter Mane|Flutter Mane, L50|100\/100\n|turn|5\n|\n|t:|1682130560\n|switch|p1a: Arcanine|Arcanine, L50, F|54\/100\n|-ability|p1a: Arcanine|Intimidate|boost\n|-unboost|p2a: Gyarados|atk|1\n|-unboost|p2b: Flutter Mane|atk|1\n|-terastallize|p2b: Flutter Mane|Fairy\n|move|p2b: Flutter Mane|Dazzling Gleam|p1a: Arcanine|[spread] p1a,p1b\n|-resisted|p1a: Arcanine\n|-supereffective|p1b: Baxcalibur\n|-damage|p1a: Arcanine|26\/100\n|-damage|p1b: Baxcalibur|0 fnt\n|faint|p1b: Baxcalibur\n|move|p2a: Gyarados|Taunt|p1a: Arcanine\n|-start|p1a: Arcanine|move: Taunt\n|\n|-damage|p2a: Gyarados|82\/100 brn|[from] brn\n|upkeep\n|\n|t:|1682130578\n|switch|p1b: Palafin|Palafin-Hero, L50, F|100\/100\n|-activate|p1b: Palafin|ability: Zero to Hero\n|turn|6\n|\n|t:|1682130586\n|move|p1a: Arcanine|Extreme Speed|p2a: Gyarados\n|-damage|p2a: Gyarados|59\/100 brn\n|move|p1b: Palafin|Jet Punch|p2b: Flutter Mane\n|-damage|p2b: Flutter Mane|21\/100\n|move|p2b: Flutter Mane|Dazzling Gleam|p1a: Arcanine|[spread] p1a,p1b\n|-resisted|p1a: Arcanine\n|-damage|p1a: Arcanine|0 fnt\n|-damage|p1b: Palafin|43\/100\n|faint|p1a: Arcanine\n|move|p2a: Gyarados|Thunder Wave|p1b: Palafin\n|-status|p1b: Palafin|par\n|\n|-damage|p2a: Gyarados|53\/100 brn|[from] brn\n|upkeep\n|\n|t:|1682130601\n|switch|p1a: Amoonguss|Amoonguss, L50, M, tera:Water|100\/100\n|turn|7\n|\n|t:|1682130608\n|move|p1b: Palafin|Jet Punch|p2b: Flutter Mane\n|-damage|p2b: Flutter Mane|0 fnt\n|faint|p2b: Flutter Mane\n|-end|p2b: Flutter Mane|Protosynthesis|[silent]\n|move|p2a: Gyarados|Taunt|p1a: Amoonguss\n|-start|p1a: Amoonguss|move: Taunt\n|move|p1a: Amoonguss|Pollen Puff|p1b: Palafin\n|-heal|p1b: Palafin|92\/100 par\n|\n|-damage|p2a: Gyarados|47\/100 brn|[from] brn\n|upkeep\n|\n|t:|1682130610\n|switch|p2b: Chien-Pao|Chien-Pao, L50|100\/100\n|-ability|p2b: Chien-Pao|Sword of Ruin\n|turn|8\n|\n|t:|1682130633\n|move|p2b: Chien-Pao|Sucker Punch|p1b: Palafin\n|-damage|p1b: Palafin|55\/100 par\n|move|p1b: Palafin|Jet Punch|p2b: Chien-Pao\n|-damage|p2b: Chien-Pao|29\/100\n|move|p2a: Gyarados|Thunder Wave|p1a: Amoonguss\n|-status|p1a: Amoonguss|par\n|move|p1a: Amoonguss|Pollen Puff|p1b: Palafin\n|-heal|p1b: Palafin|100\/100 par\n|\n|-damage|p2a: Gyarados|41\/100 brn|[from] brn\n|upkeep\n|turn|9\n|-message|Champion Skyla 14 forfeited.\n|\n|win|Alexis_student\n|raw|Alexis_student's rating: 1162 → 1184<\/strong> (+22 for winning)\n|raw|Champion Skyla 14's rating: 1121 → 1099<\/strong> (-22 for losing)\n|l|\u2606Champion Skyla 14\n","uploadtime":1682130658,"views":9,"p1id":"alexisstudent","p2id":"championskyla14","formatid":"gen9vgc2023regulationc","rating":1099,"private":0,"password":""}