{"id":"gen9vgc2023regulationc-1859581297","p1":"Deadhead Omega","p2":"throwaway0988","format":"[Gen 9] VGC 2023 Regulation C","log":"|j|\u2606Deadhead Omega\n|j|\u2606throwaway0988\n|t:|1683544861\n|gametype|doubles\n|player|p1|Deadhead Omega|benga|\n|player|p2|throwaway0988|170|\n|teamsize|p1|6\n|teamsize|p2|6\n|gen|9\n|tier|[Gen 9] VGC 2023 Regulation C\n|rated|Tournament battle\n|rule|Species Clause: Limit one of each Pok\u00e9mon\n|rule|Item Clause: Limit one of each item\n|clearpoke\n|poke|p1|Ting-Lu, L50|\n|poke|p1|Amoonguss, L50, F|\n|poke|p1|Iron Bundle, L50|\n|poke|p1|Flutter Mane, L50|\n|poke|p1|Florges, L50, F|\n|poke|p1|Roaring Moon, L50|\n|poke|p2|Roaring Moon, L50|\n|poke|p2|Iron Hands, L50|\n|poke|p2|Corviknight, L50, F|\n|poke|p2|Flutter Mane, L50|\n|poke|p2|Armarouge, L50, F|\n|poke|p2|Maushold, L50|\n|teampreview|4\n|raw| Open Team Sheet for Deadhead Omega<\/summary>Ting-Lu @ Clear Amulet Ability: Vessel of Ruin Level: 50 Tera Type: Poison - Earthquake - Stomping Tantrum - Heavy Slam - Rock Slide Amoonguss @ Sitrus Berry Ability: Regenerator Level: 50 Tera Type: Water - Spore - Rage Powder - Pollen Puff - Protect Iron Bundle @ Covert Cloak Ability: Quark Drive Level: 50 Tera Type: Grass - Freeze-Dry - Icy Wind - Hydro Pump - Protect Flutter Mane @ Choice Specs Ability: Protosynthesis Level: 50 Tera Type: Fairy - Moonblast - Dazzling Gleam - Shadow Ball - Thunderbolt Florges (F) @ Life Orb Ability: Symbiosis Level: 50 Tera Type: Fairy - Moonblast - Pollen Puff - Helping Hand - Protect Roaring Moon @ Booster Energy Ability: Protosynthesis Level: 50 Tera Type: Steel - Iron Head - Throat Chop - Brick Break - Protect <\/details><\/div> Open Team Sheet for throwaway0988<\/summary>Roaring Moo (Roaring Moon) @ Booster Energy Ability: Protosynthesis Level: 50 Tera Type: Flying - Tailwind - Acrobatics - Earthquake - Protect Iron Hand (Iron Hands) @ Sitrus Berry Ability: Quark Drive Level: 50 Tera Type: Grass - Drain Punch - Earthquake - Belly Drum - Detect Corviknight @ Safety Goggles Ability: Mirror Armor Level: 50 Tera Type: Dragon - Brave Bird - Iron Head - Tailwind - Roost Flutter Mane @ Focus Sash Ability: Protosynthesis Level: 50 Tera Type: Ghost - Moonblast - Shadow Ball - Dazzling Gleam - Protect Armarouge @ Weakness Policy Ability: Weak Armor Level: 50 Tera Type: Dark - Stored Power - Heat Wave - Destiny Bond - Protect Maushold @ Wide Lens Ability: Technician Level: 50 Tera Type: Ghost - Population Bomb - Follow Me - Encore - Protect <\/details><\/div>\n|inactive|Battle timer is ON: inactive players will automatically lose when time's up. (requested by throwaway0988)\n|inactive|Deadhead Omega has 60 seconds left.\n|inactive|throwaway0988 has 60 seconds left.\n|j| Tilzy\n|\n|t:|1683544915\n|start\n|switch|p1a: Florges|Florges, L50, F|100\/100\n|switch|p1b: Roaring Moon|Roaring Moon, L50|100\/100\n|switch|p2a: Iron Hand|Iron Hands, L50|100\/100\n|switch|p2b: Corviknight|Corviknight, L50, F|100\/100\n|-enditem|p1b: Roaring Moon|Booster Energy\n|-activate|p1a: Florges|ability: Symbiosis|Life Orb|[of] p1b: Roaring Moon\n|-activate|p1b: Roaring Moon|ability: Protosynthesis|[fromitem]\n|-start|p1b: Roaring Moon|protosynthesisspe\n|turn|1\n|inactive|Deadhead Omega has 30 seconds left.\n|inactive|throwaway0988 has 30 seconds left.\n|inactive|throwaway0988 has 20 seconds left.\n|\n|t:|1683544950\n|-terastallize|p2a: Iron Hand|Grass\n|move|p1b: Roaring Moon|Protect|p1b: Roaring Moon\n|-singleturn|p1b: Roaring Moon|Protect\n|move|p2a: Iron Hand|Belly Drum|p2a: Iron Hand\n|-damage|p2a: Iron Hand|50\/100\n|-setboost|p2a: Iron Hand|atk|6|[from] move: Belly Drum\n|-enditem|p2a: Iron Hand|Sitrus Berry|[eat]\n|-heal|p2a: Iron Hand|75\/100|[from] item: Sitrus Berry\n|move|p2b: Corviknight|Tailwind|p2b: Corviknight\n|-sidestart|p2: throwaway0988|move: Tailwind\n|move|p1a: Florges|Moonblast|p2a: Iron Hand\n|-damage|p2a: Iron Hand|46\/100\n|\n|upkeep\n|turn|2\n|inactive|Deadhead Omega has 30 seconds left.\n|inactive|throwaway0988 has 30 seconds left.\n|inactive|Deadhead Omega has 20 seconds left.\n|inactive|Deadhead Omega has 15 seconds left.\n|\n|t:|1683544992\n|move|p1a: Florges|Helping Hand|p1b: Roaring Moon\n|-singleturn|p1b: Roaring Moon|Helping Hand|[of] p1a: Florges\n|move|p1b: Roaring Moon|Throat Chop|p2a: Iron Hand\n|-damage|p2a: Iron Hand|0 fnt\n|faint|p2a: Iron Hand\n|-end|p2a: Iron Hand|Quark Drive|[silent]\n|-damage|p1b: Roaring Moon|91\/100|[from] item: Life Orb\n|move|p2b: Corviknight|Brave Bird|p1a: Florges\n|-damage|p1a: Florges|63\/100\n|-damage|p2b: Corviknight|90\/100|[from] Recoil\n|\n|upkeep\n|\n|t:|1683544997\n|switch|p2a: Flutter Mane|Flutter Mane, L50|100\/100\n|turn|3\n|j| tigerozi11\n|\n|t:|1683545013\n|move|p2a: Flutter Mane|Protect|p2a: Flutter Mane\n|-singleturn|p2a: Flutter Mane|Protect\n|move|p1b: Roaring Moon|Protect|p1b: Roaring Moon\n|-singleturn|p1b: Roaring Moon|Protect\n|move|p1a: Florges|Protect|p1a: Florges\n|-singleturn|p1a: Florges|Protect\n|move|p2b: Corviknight|Brave Bird|p1b: Roaring Moon\n|-activate|p1b: Roaring Moon|move: Protect\n|\n|upkeep\n|turn|4\n|l| Tilzy\n|\n|t:|1683545035\n|-terastallize|p1b: Roaring Moon|Steel\n|move|p1a: Florges|Helping Hand|p1b: Roaring Moon\n|-singleturn|p1b: Roaring Moon|Helping Hand|[of] p1a: Florges\n|move|p2a: Flutter Mane|Shadow Ball|p1b: Roaring Moon\n|-damage|p1b: Roaring Moon|47\/100\n|-unboost|p1b: Roaring Moon|spd|1\n|move|p1b: Roaring Moon|Iron Head|p2a: Flutter Mane\n|-supereffective|p2a: Flutter Mane\n|-enditem|p2a: Flutter Mane|Focus Sash\n|-damage|p2a: Flutter Mane|1\/100\n|-damage|p1b: Roaring Moon|37\/100|[from] item: Life Orb\n|move|p2b: Corviknight|Brave Bird|p1b: Roaring Moon\n|-resisted|p1b: Roaring Moon\n|-damage|p1b: Roaring Moon|13\/100\n|-damage|p2b: Corviknight|82\/100|[from] Recoil\n|\n|-sideend|p2: throwaway0988|move: Tailwind\n|upkeep\n|turn|5\n|inactive|Deadhead Omega has 30 seconds left.\n|inactive|Deadhead Omega has 20 seconds left.\n|inactive|Deadhead Omega has 15 seconds left.\n|inactive|Deadhead Omega has 10 seconds left.\n|\n|t:|1683545085\n|move|p1b: Roaring Moon|Protect|p1b: Roaring Moon\n|-singleturn|p1b: Roaring Moon|Protect\n|move|p2a: Flutter Mane|Protect|p2a: Flutter Mane\n|-singleturn|p2a: Flutter Mane|Protect\n|move|p2b: Corviknight|Tailwind|p2b: Corviknight\n|-sidestart|p2: throwaway0988|move: Tailwind\n|move|p1a: Florges|Moonblast|p2a: Flutter Mane\n|-activate|p2a: Flutter Mane|move: Protect\n|\n|upkeep\n|turn|6\n|\n|t:|1683545107\n|-end|p1b: Roaring Moon|Protosynthesis|[silent]\n|switch|p1b: Amoonguss|Amoonguss, L50, F|100\/100\n|move|p2a: Flutter Mane|Dazzling Gleam|p1a: Florges|[spread] p1a,p1b\n|-resisted|p1b: Amoonguss\n|-damage|p1a: Florges|41\/100\n|-damage|p1b: Amoonguss|87\/100\n|move|p2b: Corviknight|Iron Head|p1a: Florges\n|-supereffective|p1a: Florges\n|-damage|p1a: Florges|0 fnt\n|faint|p1a: Florges\n|\n|upkeep\n|\n|t:|1683545124\n|switch|p1a: Flutter Mane|Flutter Mane, L50|100\/100\n|turn|7\n|\n|t:|1683545140\n|move|p2a: Flutter Mane|Protect|p2a: Flutter Mane\n|-singleturn|p2a: Flutter Mane|Protect\n|move|p1b: Amoonguss|Rage Powder|p1b: Amoonguss\n|-singleturn|p1b: Amoonguss|move: Rage Powder\n|move|p2b: Corviknight|Brave Bird|p1b: Amoonguss\n|-supereffective|p1b: Amoonguss\n|-damage|p1b: Amoonguss|32\/100\n|-enditem|p1b: Amoonguss|Sitrus Berry|[eat]\n|-heal|p1b: Amoonguss|57\/100|[from] item: Sitrus Berry\n|-damage|p2b: Corviknight|63\/100|[from] Recoil\n|move|p1a: Flutter Mane|Thunderbolt|p2a: Flutter Mane\n|-activate|p2a: Flutter Mane|move: Protect\n|\n|upkeep\n|turn|8\n|\n|t:|1683545158\n|move|p1b: Amoonguss|Rage Powder|p1b: Amoonguss\n|-singleturn|p1b: Amoonguss|move: Rage Powder\n|move|p2a: Flutter Mane|Dazzling Gleam|p1b: Amoonguss|[spread] p1a,p1b\n|-resisted|p1b: Amoonguss\n|-crit|p1b: Amoonguss\n|-damage|p1a: Flutter Mane|71\/100\n|-damage|p1b: Amoonguss|36\/100\n|move|p2b: Corviknight|Brave Bird|p1b: Amoonguss\n|-supereffective|p1b: Amoonguss\n|-damage|p1b: Amoonguss|0 fnt\n|faint|p1b: Amoonguss\n|-damage|p2b: Corviknight|50\/100|[from] Recoil\n|move|p1a: Flutter Mane|Thunderbolt|p2a: Flutter Mane\n|-damage|p2a: Flutter Mane|0 fnt\n|faint|p2a: Flutter Mane\n|-end|p2a: Flutter Mane|Protosynthesis|[silent]\n|\n|-sideend|p2: throwaway0988|move: Tailwind\n|upkeep\n|\n|t:|1683545171\n|switch|p2a: Roaring Moo|Roaring Moon, L50|100\/100\n|switch|p1b: Roaring Moon|Roaring Moon, L50, tera:Steel|13\/100\n|-enditem|p2a: Roaring Moo|Booster Energy\n|-activate|p2a: Roaring Moo|ability: Protosynthesis|[fromitem]\n|-start|p2a: Roaring Moo|protosynthesisspe\n|turn|9\n|\n|t:|1683545194\n|move|p1b: Roaring Moon|Protect|p1b: Roaring Moon\n|-singleturn|p1b: Roaring Moon|Protect\n|move|p2a: Roaring Moo|Earthquake|p1b: Roaring Moon|[spread] p1a\n|-activate|p1b: Roaring Moon|move: Protect\n|-immune|p2b: Corviknight\n|-damage|p1a: Flutter Mane|32\/100\n|move|p1a: Flutter Mane|Thunderbolt|p2b: Corviknight\n|-supereffective|p2b: Corviknight\n|-damage|p2b: Corviknight|0 fnt\n|faint|p2b: Corviknight\n|\n|upkeep\n|turn|10\n|j| AhmedAli09\n|\n|t:|1683545213\n|move|p2a: Roaring Moo|Earthquake|p1b: Roaring Moon|[spread] p1a,p1b\n|-supereffective|p1b: Roaring Moon\n|-crit|p1b: Roaring Moon\n|-damage|p1a: Flutter Mane|0 fnt\n|-damage|p1b: Roaring Moon|0 fnt\n|faint|p1a: Flutter Mane\n|-end|p1a: Flutter Mane|Protosynthesis|[silent]\n|faint|p1b: Roaring Moon\n|-end|p1b: Roaring Moon|Protosynthesis|[silent]\n|\n|win|throwaway0988\n|n|\u2606Deadhead Omega|deadheadomega\n|n|\u2606throwaway0988|throwaway0988\n|n| tigerozi11|tigerozi11\n|n| AhmedAli09|ahmedali09\n","uploadtime":1683545214,"views":9,"p1id":"deadheadomega","p2id":"throwaway0988","formatid":"gen9vgc2023regulationc","rating":0,"private":0,"password":""}