{"id":"gen9vgc2023regulationc-1860836796","p1":"BlindMagneton","p2":"onixpected0","format":"[Gen 9] VGC 2023 Regulation C","log":"|j|\u2606BlindMagneton\n|j|\u2606onixpected0\n|t:|1683683899\n|gametype|doubles\n|player|p1|BlindMagneton|wattson|1302\n|player|p2|onixpected0|wally|1307\n|teamsize|p1|6\n|teamsize|p2|6\n|gen|9\n|tier|[Gen 9] VGC 2023 Regulation C\n|rated|\n|rule|Species Clause: Limit one of each Pok\u00e9mon\n|rule|Item Clause: Limit one of each item\n|clearpoke\n|poke|p1|Iron Bundle, L50|\n|poke|p1|Sandy Shocks, L50|\n|poke|p1|Pelipper, L50, F|\n|poke|p1|Scizor, L50, M|\n|poke|p1|Magnezone, L50|\n|poke|p1|Azumarill, L50, F|\n|poke|p2|Baxcalibur, L50, M|\n|poke|p2|Ting-Lu, L50|\n|poke|p2|Palafin, L50, F|\n|poke|p2|Flutter Mane, L50|\n|poke|p2|Arcanine, L50, M|\n|poke|p2|Amoonguss, L50, F|\n|teampreview|4\n|inactive|Battle timer is ON: inactive players will automatically lose when time's up. (requested by onixpected0)\n|inactive|BlindMagneton has 60 seconds left.\n|inactive|onixpected0 has 60 seconds left.\n|inactive|BlindMagneton has 30 seconds left.\n|inactive|BlindMagneton has 20 seconds left.\n|inactive|BlindMagneton has 15 seconds left.\n|inactive|BlindMagneton has 10 seconds left.\n|inactive|BlindMagneton has 5 seconds left.\n|\n|t:|1683683986\n|start\n|switch|p1a: Iron Bundle|Iron Bundle, L50|100\/100\n|switch|p1b: Scizor|Scizor, L50, M|100\/100\n|switch|p2a: Baxcalibur|Baxcalibur, L50, M|100\/100\n|switch|p2b: Palafin|Palafin, L50, F|100\/100\n|turn|1\n|inactive|BlindMagneton has 30 seconds left.\n|inactive|BlindMagneton has 20 seconds left.\n|inactive|BlindMagneton has 15 seconds left.\n|inactive|BlindMagneton has 10 seconds left.\n|\n|t:|1683684035\n|detailschange|p2b: Palafin|Palafin-Hero, L50, F\n|switch|p2b: Amoonguss|Amoonguss, L50, F|100\/100\n|switch|p1b: Pelipper|Pelipper, L50, F|100\/100\n|-weather|RainDance|[from] ability: Drizzle|[of] p1b: Pelipper\n|-terastallize|p2a: Baxcalibur|Poison\n|move|p1a: Iron Bundle|Hydro Pump|p2b: Amoonguss\n|-resisted|p2b: Amoonguss\n|-damage|p2b: Amoonguss|38\/100\n|-enditem|p2b: Amoonguss|Sitrus Berry|[eat]\n|-heal|p2b: Amoonguss|63\/100|[from] item: Sitrus Berry\n|move|p2a: Baxcalibur|Glaive Rush|p1a: Iron Bundle\n|-damage|p1a: Iron Bundle|4\/100\n|-singlemove|p2a: Baxcalibur|Glaive Rush|[silent]\n|\n|-weather|RainDance|[upkeep]\n|upkeep\n|turn|2\n|inactive|BlindMagneton has 30 seconds left.\n|inactive|onixpected0 has 30 seconds left.\n|\n|t:|1683684067\n|-end|p1a: Iron Bundle|Quark Drive|[silent]\n|switch|p1a: Magnezone|Magnezone, L50|100\/100\n|switch|p2b: Ting-Lu|Ting-Lu, L50|100\/100\n|-ability|p2b: Ting-Lu|Vessel of Ruin\n|move|p2a: Baxcalibur|Ice Shard|p1a: Magnezone\n|-resisted|p1a: Magnezone\n|-damage|p1a: Magnezone|89\/100\n|move|p1b: Pelipper|Hurricane|p2b: Ting-Lu\n|-damage|p2b: Ting-Lu|84\/100\n|\n|-weather|RainDance|[upkeep]\n|upkeep\n|turn|3\n|inactive|BlindMagneton has 30 seconds left.\n|inactive|BlindMagneton has 20 seconds left.\n|\n|t:|1683684106\n|-terastallize|p1a: Magnezone|Flying\n|move|p2a: Baxcalibur|Glaive Rush|p1b: Pelipper\n|-enditem|p1b: Pelipper|Focus Sash\n|-damage|p1b: Pelipper|1\/100\n|-singlemove|p2a: Baxcalibur|Glaive Rush|[silent]\n|move|p1b: Pelipper|Hydro Pump|p2b: Ting-Lu\n|-supereffective|p2b: Ting-Lu\n|-damage|p2b: Ting-Lu|34\/100\n|move|p1a: Magnezone|Thunder|p2a: Baxcalibur\n|-damage|p2a: Baxcalibur|11\/100\n|-status|p2a: Baxcalibur|par\n|move|p2b: Ting-Lu|Stomping Tantrum|p1a: Magnezone\n|-immune|p1a: Magnezone\n|\n|-weather|RainDance|[upkeep]\n|upkeep\n|turn|4\n|inactive|BlindMagneton has 30 seconds left.\n|\n|t:|1683684139\n|switch|p1b: Scizor|Scizor, L50, M|100\/100\n|cant|p2a: Baxcalibur|par\n|move|p1a: Magnezone|Tera Blast|p2b: Ting-Lu\n|-damage|p2b: Ting-Lu|18\/100\n|move|p2b: Ting-Lu|Ruination|p1a: Magnezone|[miss]\n|-miss|p2b: Ting-Lu|p1a: Magnezone\n|\n|-weather|RainDance|[upkeep]\n|upkeep\n|turn|5\n|\n|t:|1683684161\n|switch|p2b: Amoonguss|Amoonguss, L50, F|96\/100\n|move|p1b: Scizor|Bullet Punch|p2a: Baxcalibur\n|-damage|p2a: Baxcalibur|0 fnt\n|faint|p2a: Baxcalibur\n|-damage|p1b: Scizor|91\/100|[from] item: Life Orb\n|move|p1a: Magnezone|Thunder|p2b: Amoonguss\n|-resisted|p2b: Amoonguss\n|-damage|p2b: Amoonguss|68\/100\n|-status|p2b: Amoonguss|par\n|\n|-weather|none\n|upkeep\n|\n|t:|1683684173\n|switch|p2a: Ting-Lu|Ting-Lu, L50|18\/100\n|-ability|p2a: Ting-Lu|Vessel of Ruin\n|turn|6\n|\n|t:|1683684191\n|move|p1a: Magnezone|Protect|p1a: Magnezone\n|-singleturn|p1a: Magnezone|Protect\n|move|p1b: Scizor|U-turn|p2a: Ting-Lu\n|-supereffective|p2a: Ting-Lu\n|-damage|p2a: Ting-Lu|0 fnt\n|faint|p2a: Ting-Lu\n|-damage|p1b: Scizor|81\/100|[from] item: Life Orb\n|-message|onixpected0 forfeited.\n|\n|win|BlindMagneton\n|raw|BlindMagneton's rating: 1302 → 1322<\/strong> (+20 for winning)\n|raw|onixpected0's rating: 1307 → 1287<\/strong> (-20 for losing)\n|l|\u2606onixpected0\n","uploadtime":1683684247,"views":16,"p1id":"blindmagneton","p2id":"onixpected0","formatid":"gen9vgc2023regulationc","rating":1287,"private":0,"password":""}