{"id":"gen9vgc2023regulationc-1861150854","p1":"yokai19","p2":"Lazza01","format":"[Gen 9] VGC 2023 Regulation C","log":"|j|\u2606yokai19\n|j|\u2606Lazza01\n|t:|1683731030\n|gametype|doubles\n|player|p1|yokai19|266|1274\n|player|p2|Lazza01|alder|1357\n|teamsize|p1|6\n|teamsize|p2|6\n|gen|9\n|tier|[Gen 9] VGC 2023 Regulation C\n|rated|\n|rule|Species Clause: Limit one of each Pok\u00e9mon\n|rule|Item Clause: Limit one of each item\n|clearpoke\n|poke|p1|Chi-Yu, L50|\n|poke|p1|Iron Hands, L50|\n|poke|p1|Amoonguss, L50, F|\n|poke|p1|Gyarados, L50, F|\n|poke|p1|Iron Bundle, L50|\n|poke|p1|Flutter Mane, L50|\n|poke|p2|Wo-Chien, L50|\n|poke|p2|Glimmora, L50, F|\n|poke|p2|Flutter Mane, L50|\n|poke|p2|Talonflame, L50, F|\n|poke|p2|Chien-Pao, L50|\n|poke|p2|Gyarados, L50, M|\n|teampreview|4\nLazza01 has agreed to open team sheets.\n|inactive|Battle timer is ON: inactive players will automatically lose when time's up. (requested by Lazza01)\n|inactive|yokai19 has 60 seconds left.\n|inactive|Lazza01 has 60 seconds left.\n|inactive|yokai19 has 30 seconds left.\n|inactive|yokai19 has 20 seconds left.\n|\n|t:|1683731108\n|start\n|switch|p1a: Gyarados|Gyarados, L50, F|100\/100\n|switch|p1b: Iron Hands|Iron Hands, L50|100\/100\n|switch|p2a: Talonflame|Talonflame, L50, F|100\/100\n|switch|p2b: Flutter Mane|Flutter Mane, L50|100\/100\n|-ability|p1a: Gyarados|Intimidate|boost\n|-unboost|p2a: Talonflame|atk|1\n|-unboost|p2b: Flutter Mane|atk|1\n|-enditem|p2b: Flutter Mane|Booster Energy\n|-activate|p2b: Flutter Mane|ability: Protosynthesis|[fromitem]\n|-start|p2b: Flutter Mane|protosynthesisspa\n|turn|1\n|inactive|yokai19 has 30 seconds left.\n|inactive|Lazza01 has 30 seconds left.\n|inactive|yokai19 has 20 seconds left.\n|inactive|Lazza01 has 20 seconds left.\n|inactive|yokai19 has 15 seconds left.\n|inactive|Lazza01 has 15 seconds left.\n|inactive|Lazza01 has 10 seconds left.\n|\n|t:|1683731158\n|move|p2a: Talonflame|Will-O-Wisp|p1b: Iron Hands\n|-status|p1b: Iron Hands|brn\n|move|p2b: Flutter Mane|Dazzling Gleam|p1a: Gyarados|[spread] p1a,p1b\n|-supereffective|p1b: Iron Hands\n|-damage|p1a: Gyarados|71\/100\n|-damage|p1b: Iron Hands|58\/100 brn\n|move|p1a: Gyarados|Waterfall|p2a: Talonflame\n|-supereffective|p2a: Talonflame\n|-damage|p2a: Talonflame|6\/100\n|move|p1b: Iron Hands|Wild Charge|p2b: Flutter Mane\n|-damage|p2b: Flutter Mane|60\/100\n|-damage|p1b: Iron Hands|53\/100 brn|[from] Recoil\n|\n|-damage|p1b: Iron Hands|46\/100 brn|[from] brn\n|upkeep\n|turn|2\n|inactive|yokai19 has 30 seconds left.\n|inactive|Lazza01 has 30 seconds left.\n|inactive|yokai19 has 20 seconds left.\n|\n|t:|1683731195\n|move|p2b: Flutter Mane|Protect|p2b: Flutter Mane\n|-singleturn|p2b: Flutter Mane|Protect\n|move|p2a: Talonflame|Tailwind|p2a: Talonflame\n|-sidestart|p2: Lazza01|move: Tailwind\n|move|p1a: Gyarados|Thunder Wave|p2b: Flutter Mane\n|-activate|p2b: Flutter Mane|move: Protect\n|move|p1b: Iron Hands|Volt Switch|p2a: Talonflame\n|-supereffective|p2a: Talonflame\n|-crit|p2a: Talonflame\n|-damage|p2a: Talonflame|0 fnt\n|faint|p2a: Talonflame\n|\n|t:|1683731208\n|-end|p1b: Iron Hands|Quark Drive|[silent]\n|switch|p1b: Amoonguss|Amoonguss, L50, F|100\/100|[from] Volt Switch\n|\n|upkeep\n|\n|t:|1683731223\n|switch|p2a: Glimmora|Glimmora, L50, F|100\/100\n|turn|3\n|\n|t:|1683731245\n|-terastallize|p2a: Glimmora|Grass\n|-terastallize|p1a: Gyarados|Steel\n|move|p2b: Flutter Mane|Shadow Ball|p1b: Amoonguss\n|-damage|p1b: Amoonguss|50\/100\n|-enditem|p1b: Amoonguss|Sitrus Berry|[eat]\n|-heal|p1b: Amoonguss|74\/100|[from] item: Sitrus Berry\n|move|p2a: Glimmora|Power Gem|p1a: Gyarados\n|-resisted|p1a: Gyarados\n|-damage|p1a: Gyarados|54\/100\n|move|p1a: Gyarados|Thunder Wave|p2b: Flutter Mane\n|-status|p2b: Flutter Mane|par\n|move|p1b: Amoonguss|Spore|p2a: Glimmora\n|-immune|p2a: Glimmora\n|\n|upkeep\n|turn|4\n|inactive|yokai19 has 30 seconds left.\n|inactive|yokai19 has 20 seconds left.\n|inactive|yokai19 has 15 seconds left.\n|inactive|yokai19 has 10 seconds left.\n|\n|t:|1683731295\n|move|p2a: Glimmora|Earth Power|p1a: Gyarados\n|-supereffective|p1a: Gyarados\n|-damage|p1a: Gyarados|2\/100\n|move|p2b: Flutter Mane|Shadow Ball|p1b: Amoonguss\n|-damage|p1b: Amoonguss|25\/100\n|move|p1a: Gyarados|Thunder Wave|p2a: Glimmora\n|-status|p2a: Glimmora|par\n|move|p1b: Amoonguss|Pollen Puff|p1a: Gyarados\n|-heal|p1a: Gyarados|52\/100\n|\n|upkeep\n|turn|5\n|\n|t:|1683731319\n|move|p1b: Amoonguss|Protect|p1b: Amoonguss\n|-singleturn|p1b: Amoonguss|Protect\n|move|p2b: Flutter Mane|Shadow Ball|p1b: Amoonguss\n|-activate|p1b: Amoonguss|move: Protect\n|move|p1a: Gyarados|Waterfall|p2b: Flutter Mane\n|-damage|p2b: Flutter Mane|0 fnt\n|faint|p2b: Flutter Mane\n|-end|p2b: Flutter Mane|Protosynthesis|[silent]\n|cant|p2a: Glimmora|par\n|\n|-sideend|p2: Lazza01|move: Tailwind\n|upkeep\n|\n|t:|1683731331\n|switch|p2b: Chien-Pao|Chien-Pao, L50|100\/100\n|-ability|p2b: Chien-Pao|Sword of Ruin\n|turn|6\n|inactive|yokai19 has 30 seconds left.\n|inactive|Lazza01 has 30 seconds left.\n|inactive|yokai19 has 20 seconds left.\n|\n|t:|1683731368\n|switch|p1b: Iron Bundle|Iron Bundle, L50|100\/100\n|-enditem|p1b: Iron Bundle|Booster Energy\n|-activate|p1b: Iron Bundle|ability: Quark Drive|[fromitem]\n|-start|p1b: Iron Bundle|quarkdrivespe\n|move|p2b: Chien-Pao|Sacred Sword|p1a: Gyarados\n|-supereffective|p1a: Gyarados\n|-damage|p1a: Gyarados|0 fnt\n|faint|p1a: Gyarados\n|move|p2a: Glimmora|Earth Power|p1b: Iron Bundle\n|-damage|p1b: Iron Bundle|32\/100\n|\n|upkeep\n|\n|t:|1683731383\n|switch|p1a: Amoonguss|Amoonguss, L50, F|58\/100\n|turn|7\n|inactive|yokai19 has 30 seconds left.\n|\n|t:|1683731415\n|move|p2b: Chien-Pao|Protect|p2b: Chien-Pao\n|-singleturn|p2b: Chien-Pao|Protect\n|move|p1a: Amoonguss|Rage Powder|p1a: Amoonguss\n|-singleturn|p1a: Amoonguss|move: Rage Powder\n|move|p1b: Iron Bundle|Freeze-Dry|p2a: Glimmora\n|-supereffective|p2a: Glimmora\n|-damage|p2a: Glimmora|52\/100 par\n|cant|p2a: Glimmora|par\n|\n|upkeep\n|turn|8\n|\n|t:|1683731433\n|move|p1b: Iron Bundle|Freeze-Dry|p2a: Glimmora\n|-supereffective|p2a: Glimmora\n|-damage|p2a: Glimmora|0 fnt\n|faint|p2a: Glimmora\n|move|p2b: Chien-Pao|Ice Spinner|p1a: Amoonguss\n|-supereffective|p1a: Amoonguss\n|-damage|p1a: Amoonguss|0 fnt\n|faint|p1a: Amoonguss\n|\n|upkeep\n|\n|t:|1683731442\n|switch|p1a: Iron Hands|Iron Hands, L50|46\/100 brn\n|turn|9\n|\n|t:|1683731457\n|move|p2b: Chien-Pao|Protect|p2b: Chien-Pao\n|-singleturn|p2b: Chien-Pao|Protect\n|move|p1a: Iron Hands|Fake Out|p2b: Chien-Pao\n|-activate|p2b: Chien-Pao|move: Protect\n|move|p1b: Iron Bundle|Hydro Pump|p2b: Chien-Pao\n|-activate|p2b: Chien-Pao|move: Protect\n|\n|-damage|p1a: Iron Hands|40\/100 brn|[from] brn\n|upkeep\n|turn|10\n|\n|t:|1683731474\n|move|p1b: Iron Bundle|Hydro Pump|p2b: Chien-Pao\n|-damage|p2b: Chien-Pao|9\/100\n|move|p2b: Chien-Pao|Ice Spinner|p1a: Iron Hands\n|-damage|p1a: Iron Hands|6\/100 brn\n|move|p1a: Iron Hands|Drain Punch|p2b: Chien-Pao\n|-supereffective|p2b: Chien-Pao\n|-damage|p2b: Chien-Pao|0 fnt\n|-heal|p1a: Iron Hands|9\/100 brn|[from] drain|[of] p2b: Chien-Pao\n|faint|p2b: Chien-Pao\n|\n|win|yokai19\n|raw|yokai19's rating: 1274 → 1305<\/strong> (+31 for winning)\n|raw|Lazza01's rating: 1357 → 1332<\/strong> (-25 for losing)\n","uploadtime":1683731485,"views":7,"p1id":"yokai19","p2id":"lazza01","formatid":"gen9vgc2023regulationc","rating":1305,"private":0,"password":""}