{"id":"gen9vgc2023regulationc-1845915136","p1":"addyson789","p2":"zzorua","format":"[Gen 9] VGC 2023 Regulation C","log":"|j|\u2606addyson789\n|j|\u2606zzorua\n|t:|1681778779\n|gametype|doubles\n|player|p1|addyson789|ninjaboy|1237\n|player|p2|zzorua|barry|1153\n|teamsize|p1|6\n|teamsize|p2|6\n|gen|9\n|tier|[Gen 9] VGC 2023 Regulation C\n|rated|\n|rule|Species Clause: Limit one of each Pok\u00e9mon\n|rule|Item Clause: Limit one of each item\n|clearpoke\n|poke|p1|Flutter Mane, L50|\n|poke|p1|Kingambit, L50, M|\n|poke|p1|Garchomp, L50, F|\n|poke|p1|Chien-Pao, L50|\n|poke|p1|Dragonite, L50, M|\n|poke|p1|Gyarados, L50, F|\n|poke|p2|Palafin, L50, M|\n|poke|p2|Chien-Pao, L50|\n|poke|p2|Dragapult, L50, M|\n|poke|p2|Amoonguss, L50, F|\n|poke|p2|Arcanine, L50, M|\n|poke|p2|Flutter Mane, L50|\n|teampreview|4\naddyson789 has agreed to open team sheets.\nzzorua has agreed to open team sheets.\n|\n|t:|1681778858\n|start\n|switch|p1a: Gyarados|Gyarados, L50, F, shiny|100\/100\n|switch|p1b: Kingambit|Kingambit, L50, M|100\/100\n|switch|p2a: pboyrunitup|Flutter Mane, L50|100\/100\n|switch|p2b: leaveituptogod|Arcanine, L50, M|100\/100\n|-ability|p2b: leaveituptogod|Intimidate|boost\n|-unboost|p1a: Gyarados|atk|1\n|-unboost|p1b: Kingambit|atk|1\n|-ability|p1b: Kingambit|Defiant|boost\n|-boost|p1b: Kingambit|atk|2\n|-ability|p1a: Gyarados|Intimidate|boost\n|-unboost|p2a: pboyrunitup|atk|1\n|-unboost|p2b: leaveituptogod|atk|1\n|-enditem|p2a: pboyrunitup|Booster Energy\n|-activate|p2a: pboyrunitup|ability: Protosynthesis|[fromitem]\n|-start|p2a: pboyrunitup|protosynthesisspa\n|turn|1\n|\n|t:|1681778888\n|-terastallize|p1b: Kingambit|Flying\n|move|p1b: Kingambit|Sucker Punch|p2a: pboyrunitup\n|-damage|p2a: pboyrunitup|12\/100\n|move|p2a: pboyrunitup|Moonblast|p1a: Gyarados\n|-damage|p1a: Gyarados|45\/100\n|-enditem|p1a: Gyarados|Sitrus Berry|[eat]\n|-heal|p1a: Gyarados|70\/100|[from] item: Sitrus Berry\n|move|p2b: leaveituptogod|Flare Blitz|p1b: Kingambit\n|-damage|p1b: Kingambit|76\/100\n|-damage|p2b: leaveituptogod|92\/100|[from] Recoil\n|move|p1a: Gyarados|Thunder Wave|p2b: leaveituptogod\n|-status|p2b: leaveituptogod|par\n|\n|upkeep\n|turn|2\n|\n|t:|1681778916\n|switch|p1a: Flutter Mane|Flutter Mane, L50|100\/100\n|-enditem|p1a: Flutter Mane|Booster Energy\n|-activate|p1a: Flutter Mane|ability: Protosynthesis|[fromitem]\n|-start|p1a: Flutter Mane|protosynthesisspa\n|move|p1b: Kingambit|Sucker Punch|p2a: pboyrunitup\n|-damage|p2a: pboyrunitup|0 fnt\n|faint|p2a: pboyrunitup\n|-end|p2a: pboyrunitup|Protosynthesis|[silent]\n|move|p2b: leaveituptogod|Flare Blitz|p1b: Kingambit\n|-damage|p1b: Kingambit|54\/100\n|-damage|p2b: leaveituptogod|84\/100 par|[from] Recoil\n|\n|upkeep\n|\n|t:|1681778939\n|switch|p2a: donovan|Chien-Pao, L50|100\/100\n|-ability|p2a: donovan|Sword of Ruin\n|turn|3\n|\n|t:|1681778955\n|-end|p1a: Flutter Mane|Protosynthesis|[silent]\n|switch|p1a: Gyarados|Gyarados, L50, F, shiny|70\/100\n|-ability|p1a: Gyarados|Intimidate|boost\n|-unboost|p2a: donovan|atk|1\n|-unboost|p2b: leaveituptogod|atk|1\n|move|p2a: donovan|Sucker Punch||[still]\n|-fail|p2a: donovan\n|move|p2b: leaveituptogod|Will-O-Wisp|p1b: Kingambit|[miss]\n|-miss|p2b: leaveituptogod|p1b: Kingambit\n|move|p1b: Kingambit|Iron Head|p2a: donovan\n|-supereffective|p2a: donovan\n|-enditem|p2a: donovan|Focus Sash\n|-damage|p2a: donovan|1\/100\n|\n|upkeep\n|turn|4\n|\n|t:|1681778974\n|move|p1b: Kingambit|Sucker Punch|p2a: donovan\n|-resisted|p2a: donovan\n|-damage|p2a: donovan|0 fnt\n|faint|p2a: donovan\n|move|p1a: Gyarados|Waterfall|p2b: leaveituptogod\n|-supereffective|p2b: leaveituptogod\n|-damage|p2b: leaveituptogod|1\/100 par\n|move|p2b: leaveituptogod|Will-O-Wisp|p1a: Gyarados\n|-status|p1a: Gyarados|brn\n|\n|-damage|p1a: Gyarados|64\/100 brn|[from] brn\n|upkeep\n|\n|t:|1681778984\n|switch|p2a: scamin grannies|Dragapult, L50, M|100\/100\n|turn|5\n|\n|t:|1681779000\n|cant|p2b: leaveituptogod|par\n|move|p1b: Kingambit|Sucker Punch|p2a: scamin grannies\n|-supereffective|p2a: scamin grannies\n|-damage|p2a: scamin grannies|0 fnt\n|faint|p2a: scamin grannies\n|move|p1a: Gyarados|Waterfall|p2b: leaveituptogod\n|-supereffective|p2b: leaveituptogod\n|-damage|p2b: leaveituptogod|0 fnt\n|faint|p2b: leaveituptogod\n|\n|win|addyson789\n|raw|addyson789's rating: 1237 → 1256<\/strong> (+19 for winning)\n|raw|zzorua's rating: 1153 → 1134<\/strong> (-19 for losing)\n|l|\u2606zzorua\n","uploadtime":1681780410,"views":9,"p1id":"addyson789","p2id":"zzorua","formatid":"gen9vgc2023regulationc","rating":1134,"private":0,"password":""}