{"id":"gen9vgc2023regulationc-1858856226","p1":"Tariya v2","p2":"dhjdhdhdhdhdh","format":"[Gen 9] VGC 2023 Regulation C","log":"|j|\u2606Tariya v2\n|j|\u2606dhjdhdhdhdhdh\n|t:|1683374361\n|gametype|doubles\n|player|p1|Tariya v2|1|1000\n|player|p2|dhjdhdhdhdhdh|caitlin|1068\n|teamsize|p1|6\n|teamsize|p2|6\n|gen|9\n|tier|[Gen 9] VGC 2023 Regulation C\n|rated|\n|rule|Species Clause: Limit one of each Pok\u00e9mon\n|rule|Item Clause: Limit one of each item\n|clearpoke\n|poke|p1|Torkoal, L50, F|\n|poke|p1|Hatterene, L50, F|\n|poke|p1|Lilligant, L50, F|\n|poke|p1|Amoonguss, L50, F|\n|poke|p1|Ursaring, L50, F|\n|poke|p1|Iron Hands, L50|\n|poke|p2|Orthworm, L50, F|\n|poke|p2|Ting-Lu, L50|\n|poke|p2|Sylveon, L50, M|\n|poke|p2|Dragonite, L50, M|\n|poke|p2|Gyarados, L50, F|\n|poke|p2|Amoonguss, L50, M|\n|teampreview|4\n|\n|t:|1683374388\n|start\n|switch|p1a: Chimi|Hatterene, L50, F|100\/100\n|switch|p1b: Fuki|Iron Hands, L50|100\/100\n|switch|p2a: Gyarados|Gyarados, L50, F|100\/100\n|switch|p2b: Orthworm|Orthworm, L50, F|100\/100\n|-ability|p2a: Gyarados|Intimidate|boost\n|-unboost|p1a: Chimi|atk|1\n|-unboost|p1b: Fuki|atk|1\n|turn|1\n|\n|t:|1683374410\n|switch|p2a: Ting-Lu|Ting-Lu, L50|100\/100\n|-ability|p2a: Ting-Lu|Vessel of Ruin\n|-terastallize|p2b: Orthworm|Fire\n|move|p1b: Fuki|Fake Out|p2b: Orthworm\n|-damage|p2b: Orthworm|93\/100\n|cant|p2b: Orthworm|flinch\n|move|p1a: Chimi|Trick Room|p1a: Chimi\n|-fieldstart|move: Trick Room|[of] p1a: Chimi\n|\n|upkeep\n|turn|2\n|\n|t:|1683374440\n|switch|p2a: Gyarados|Gyarados, L50, F|100\/100\n|-ability|p2a: Gyarados|Intimidate|boost\n|-unboost|p1a: Chimi|atk|1\n|-unboost|p1b: Fuki|atk|1\n|move|p1a: Chimi|Dazzling Gleam|p2a: Gyarados|[spread] p2a,p2b\n|-resisted|p2b: Orthworm\n|-damage|p2a: Gyarados|69\/100\n|-damage|p2b: Orthworm|75\/100\n|move|p1b: Fuki|Drain Punch|p2a: Gyarados\n|-resisted|p2a: Gyarados\n|-damage|p2a: Gyarados|60\/100\n|move|p2b: Orthworm|Iron Defense|p2b: Orthworm\n|-boost|p2b: Orthworm|def|2\n|\n|upkeep\n|turn|3\n|\n|t:|1683374473\n|switch|p2a: Ting-Lu|Ting-Lu, L50|100\/100\n|-ability|p2a: Ting-Lu|Vessel of Ruin\n|move|p1a: Chimi|Dazzling Gleam|p2b: Orthworm|[spread] p2a,p2b\n|-supereffective|p2a: Ting-Lu\n|-resisted|p2b: Orthworm\n|-damage|p2a: Ting-Lu|78\/100\n|-damage|p2b: Orthworm|62\/100\n|move|p1b: Fuki|Drain Punch|p2a: Ting-Lu\n|-supereffective|p2a: Ting-Lu\n|-damage|p2a: Ting-Lu|52\/100\n|move|p2b: Orthworm|Iron Defense|p2b: Orthworm\n|-boost|p2b: Orthworm|def|2\n|\n|upkeep\n|turn|4\n|\n|t:|1683374492\n|move|p1a: Chimi|Dazzling Gleam|p2a: Ting-Lu|[spread] p2a,p2b\n|-supereffective|p2a: Ting-Lu\n|-resisted|p2b: Orthworm\n|-damage|p2a: Ting-Lu|26\/100\n|-damage|p2b: Orthworm|49\/100\n|-enditem|p2b: Orthworm|Sitrus Berry|[eat]\n|-heal|p2b: Orthworm|74\/100|[from] item: Sitrus Berry\n|move|p2a: Ting-Lu|Earthquake|p1a: Chimi|[spread] p1a,p1b\n|-heal|p2b: Orthworm|99\/100|[from] ability: Earth Eater|[of] p2a: Ting-Lu\n|-supereffective|p1b: Fuki\n|-damage|p1a: Chimi|57\/100\n|-damage|p1b: Fuki|49\/100\n|move|p1b: Fuki|Wild Charge|p2a: Ting-Lu\n|-immune|p2a: Ting-Lu\n|move|p2b: Orthworm|Heavy Slam|p1a: Chimi\n|-supereffective|p1a: Chimi\n|-damage|p1a: Chimi|0 fnt\n|faint|p1a: Chimi\n|\n|upkeep\n|\n|t:|1683374500\n|switch|p1a: Gaz|Amoonguss, L50, F|100\/100\n|turn|5\n|\n|t:|1683374509\n|switch|p2a: Gyarados|Gyarados, L50, F|60\/100\n|-ability|p2a: Gyarados|Intimidate|boost\n|-unboost|p1a: Gaz|atk|1\n|-unboost|p1b: Fuki|atk|1\n|-end|p1b: Fuki|Quark Drive|[silent]\n|switch|p1b: Sina|Ursaring, L50, F|100\/100\n|move|p1a: Gaz|Spore|p2b: Orthworm\n|-status|p2b: Orthworm|slp|[from] move: Spore\n|cant|p2b: Orthworm|slp\n|\n|-fieldend|move: Trick Room\n|-status|p1b: Sina|brn|[from] item: Flame Orb\n|upkeep\n|turn|6\n|\n|t:|1683374531\n|move|p1a: Gaz|Rage Powder|p1a: Gaz\n|-singleturn|p1a: Gaz|move: Rage Powder\n|move|p2a: Gyarados|Chilling Water|p1a: Gaz\n|-resisted|p1a: Gaz\n|-damage|p1a: Gaz|96\/100\n|-unboost|p1a: Gaz|atk|1\n|cant|p2b: Orthworm|slp\n|move|p1b: Sina|Facade|p2a: Gyarados\n|-damage|p2a: Gyarados|0 fnt\n|faint|p2a: Gyarados\n|\n|-damage|p1b: Sina|94\/100 brn|[from] brn\n|upkeep\n|\n|t:|1683374541\n|switch|p2a: Dragonite|Dragonite, L50, M|100\/100\n|turn|7\n|inactive|Battle timer is ON: inactive players will automatically lose when time's up. (requested by dhjdhdhdhdhdh)\n|\n|t:|1683374549\n|move|p1a: Gaz|Rage Powder|p1a: Gaz\n|-singleturn|p1a: Gaz|move: Rage Powder\n|move|p2a: Dragonite|Dragon Dance|p2a: Dragonite\n|-boost|p2a: Dragonite|atk|1\n|-boost|p2a: Dragonite|spe|1\n|cant|p2b: Orthworm|slp\n|move|p1b: Sina|Facade|p2a: Dragonite\n|-damage|p2a: Dragonite|41\/100\n|\n|-damage|p1b: Sina|88\/100 brn|[from] brn\n|upkeep\n|turn|8\n|inactive|dhjdhdhdhdhdh has 30 seconds left.\n|\n|t:|1683374583\n|move|p2a: Dragonite|Extreme Speed|p1b: Sina\n|-damage|p1b: Sina|39\/100 brn\n|move|p1a: Gaz|Rage Powder|p1a: Gaz\n|-singleturn|p1a: Gaz|move: Rage Powder\n|-curestatus|p2b: Orthworm|slp|[msg]\n|move|p2b: Orthworm|Body Press|p1a: Gaz\n|-resisted|p1a: Gaz\n|-damage|p1a: Gaz|68\/100\n|move|p1b: Sina|Facade|p2a: Dragonite\n|-damage|p2a: Dragonite|0 fnt\n|faint|p2a: Dragonite\n|\n|-damage|p1b: Sina|33\/100 brn|[from] brn\n|upkeep\n|\n|t:|1683374593\n|switch|p2a: Ting-Lu|Ting-Lu, L50|26\/100\n|-ability|p2a: Ting-Lu|Vessel of Ruin\n|turn|9\n|l|\u2606dhjdhdhdhdhdh\n|inactive|dhjdhdhdhdhdh disconnected and has a minute to reconnect!\n|player|p2|\n|inactive|dhjdhdhdhdhdh has 30 seconds left.\n|inactive|dhjdhdhdhdhdh has 20 seconds left.\n|inactive|dhjdhdhdhdhdh has 15 seconds left.\n|inactive|dhjdhdhdhdhdh has 10 seconds left.\n|j|\u2606dhjdhdhdhdhdh\n|inactive|dhjdhdhdhdhdh reconnected and has 10 seconds left.\n|player|p2|dhjdhdhdhdhdh|caitlin\n|inactive|dhjdhdhdhdhdh has 5 seconds left.\n|\n|t:|1683374645\n|-terastallize|p1b: Sina|Ghost\n|move|p2b: Orthworm|Heavy Slam|p1b: Sina\n|-damage|p1b: Sina|10\/100 brn\n|move|p2a: Ting-Lu|Earthquake|p1a: Gaz|[spread] p1a,p1b\n|-heal|p2b: Orthworm|100\/100|[from] ability: Earth Eater|[of] p2a: Ting-Lu\n|-damage|p1a: Gaz|37\/100\n|-damage|p1b: Sina|0 fnt\n|-enditem|p1a: Gaz|Sitrus Berry|[eat]\n|-heal|p1a: Gaz|61\/100|[from] item: Sitrus Berry\n|faint|p1b: Sina\n|move|p1a: Gaz|Pollen Puff|p1: Sina|[notarget]\n|-fail|p1a: Gaz\n|\n|upkeep\n|\n|t:|1683374652\n|switch|p1b: Fuki|Iron Hands, L50|49\/100\n|turn|10\n|\n|t:|1683374664\n|move|p1b: Fuki|Fake Out|p2b: Orthworm\n|-damage|p2b: Orthworm|96\/100\n|cant|p2b: Orthworm|flinch\n|move|p2a: Ting-Lu|Earthquake|p1a: Gaz|[spread] p1a,p1b\n|-heal|p2b: Orthworm|100\/100|[from] ability: Earth Eater|[of] p2a: Ting-Lu\n|-supereffective|p1b: Fuki\n|-crit|p1b: Fuki\n|-damage|p1a: Gaz|32\/100\n|-damage|p1b: Fuki|0 fnt\n|faint|p1b: Fuki\n|-end|p1b: Fuki|Quark Drive|[silent]\n|move|p1a: Gaz|Pollen Puff|p1: Fuki|[notarget]\n|-fail|p1a: Gaz\n|\n|upkeep\n|turn|11\n|\n|t:|1683374679\n|move|p2b: Orthworm|Heavy Slam|p1a: Gaz\n|-damage|p1a: Gaz|3\/100\n|move|p2a: Ting-Lu|Earthquake|p1a: Gaz|[spread] p1a\n|-immune|p2b: Orthworm|[from] ability: Earth Eater\n|-damage|p1a: Gaz|0 fnt\n|faint|p1a: Gaz\n|\n|win|dhjdhdhdhdhdh\n|raw|Tariya v2's rating: 1000 → 1000<\/strong> (+0 for losing)\n|raw|dhjdhdhdhdhdh's rating: 1068 → 1092<\/strong> (+24 for winning)\n|l|\u2606Tariya v2\n|l|\u2606dhjdhdhdhdhdh\n","uploadtime":1683375004,"views":10,"p1id":"tariyav2","p2id":"dhjdhdhdhdhdh","formatid":"gen9vgc2023regulationc","rating":1000,"private":0,"password":""}