{"id":"gen9vgc2023regulationc-1847701157","p1":"natsukawa417","p2":"Cold Brew VGC","format":"[Gen 9] VGC 2023 Regulation C","log":"|j|\u2606natsukawa417\n|j|\u2606Cold Brew VGC\n|t:|1681994012\n|gametype|doubles\n|player|p1|natsukawa417|101|1658\n|player|p2|Cold Brew VGC|silver-gen2kanto|1634\n|teamsize|p1|6\n|teamsize|p2|6\n|gen|9\n|tier|[Gen 9] VGC 2023 Regulation C\n|rated|\n|rule|Species Clause: Limit one of each Pok\u00e9mon\n|rule|Item Clause: Limit one of each item\n|clearpoke\n|poke|p1|Dondozo, L50, M|\n|poke|p1|Tatsugiri, L50, M|\n|poke|p1|Glimmora, L50, M|\n|poke|p1|Corviknight, L50, M|\n|poke|p1|Flutter Mane, L50|\n|poke|p1|Sandy Shocks, L50|\n|poke|p2|Torkoal, L50, M|\n|poke|p2|Hatterene, L50, F|\n|poke|p2|Farigiraf, L50, F|\n|poke|p2|Kingambit, L50, F|\n|poke|p2|Brute Bonnet, L50|\n|poke|p2|Iron Hands, L50|\n|teampreview|4\n|inactive|Battle timer is ON: inactive players will automatically lose when time's up. (requested by Cold Brew VGC)\nCold Brew VGC has agreed to open team sheets.\n|j| chococorone\n|inactive|Cold Brew VGC has 60 seconds left.\n|\n|t:|1681994053\n|start\n|switch|p1a: Corviknight|Corviknight, L50, M|100\/100\n|switch|p1b: Glimmora|Glimmora, L50, M|100\/100\n|switch|p2a: Iron Hands|Iron Hands, L50|100\/100\n|switch|p2b: Hatterene|Hatterene, L50, F|100\/100\n|turn|1\n|\n|t:|1681994063\n|move|p2a: Iron Hands|Fake Out|p1a: Corviknight\n|-resisted|p1a: Corviknight\n|-damage|p1a: Corviknight|94\/100\n|move|p1b: Glimmora|Sludge Bomb|p2b: Hatterene\n|-supereffective|p2b: Hatterene\n|-enditem|p2b: Hatterene|Focus Sash\n|-damage|p2b: Hatterene|1\/100\n|cant|p1a: Corviknight|flinch\n|move|p2b: Hatterene|Trick Room|p2b: Hatterene\n|-fieldstart|move: Trick Room|[of] p2b: Hatterene\n|\n|upkeep\n|turn|2\n|inactive|natsukawa417 has 30 seconds left.\n|inactive|natsukawa417 has 20 seconds left.\n|inactive|natsukawa417 has 15 seconds left.\n|j| lamando\n|inactive|natsukawa417 has 10 seconds left.\n|\n|t:|1681994109\n|move|p2b: Hatterene|Psychic|p1b: Glimmora\n|-supereffective|p1b: Glimmora\n|-enditem|p1b: Glimmora|Focus Sash\n|-damage|p1b: Glimmora|1\/100\n|move|p2a: Iron Hands|Wild Charge|p1a: Corviknight\n|-supereffective|p1a: Corviknight\n|-damage|p1a: Corviknight|0 fnt\n|faint|p1a: Corviknight\n|-damage|p2a: Iron Hands|82\/100|[from] Recoil\n|move|p1b: Glimmora|Sludge Bomb|p2a: Iron Hands\n|-crit|p2a: Iron Hands\n|-damage|p2a: Iron Hands|7\/100\n|\n|upkeep\n|\n|t:|1681994122\n|switch|p1a: Dondozo|Dondozo, L50, M|100\/100\n|turn|3\n|j| merahmerona\n|inactive|natsukawa417 has 30 seconds left.\n|\n|t:|1681994148\n|-end|p2a: Iron Hands|Quark Drive|[silent]\n|switch|p2a: Brute Bonnet|Brute Bonnet, L50|100\/100\n|switch|p1b: Tatsugiri|Tatsugiri, L50, M|100\/100\n|-activate|p1b: Tatsugiri|ability: Commander|[of] p1a: Dondozo\n|-boost|p1a: Dondozo|atk|2\n|-boost|p1a: Dondozo|spa|2\n|-boost|p1a: Dondozo|spe|2\n|-boost|p1a: Dondozo|def|2\n|-boost|p1a: Dondozo|spd|2\n|move|p2b: Hatterene|Dazzling Gleam|p1b: Tatsugiri|[spread] p1a\n|-miss|p2b: Hatterene|p1b: Tatsugiri\n|-damage|p1a: Dondozo|88\/100\n|move|p1a: Dondozo|Earthquake|p2a: Brute Bonnet|[spread] p2a,p2b\n|-miss|p1a: Dondozo|p1b: Tatsugiri\n|-resisted|p2a: Brute Bonnet\n|-damage|p2a: Brute Bonnet|80\/100\n|-damage|p2b: Hatterene|0 fnt\n|faint|p2b: Hatterene\n|\n|upkeep\n|\n|t:|1681994166\n|switch|p2b: Iron Hands|Iron Hands, L50|7\/100\n|turn|4\n|l| lamando\n|\n|t:|1681994187\n|-terastallize|p2b: Iron Hands|Grass\n|move|p2b: Iron Hands|Drain Punch|p1a: Dondozo\n|-damage|p1a: Dondozo|71\/100\n|-heal|p2b: Iron Hands|15\/100|[from] drain|[of] p1a: Dondozo\n|move|p2a: Brute Bonnet|Spore|p1a: Dondozo\n|-status|p1a: Dondozo|slp|[from] move: Spore\n|cant|p1a: Dondozo|slp\n|\n|upkeep\n|turn|5\n|\n|t:|1681994206\n|-terastallize|p1a: Dondozo|Flying\n|move|p2b: Iron Hands|Drain Punch|p1a: Dondozo\n|-resisted|p1a: Dondozo\n|-damage|p1a: Dondozo|63\/100 slp\n|-heal|p2b: Iron Hands|19\/100|[from] drain|[of] p1a: Dondozo\n|move|p2a: Brute Bonnet|Bullet Seed|p1a: Dondozo\n|-resisted|p1a: Dondozo\n|-crit|p1a: Dondozo\n|-damage|p1a: Dondozo|55\/100 slp\n|-resisted|p1a: Dondozo\n|-crit|p1a: Dondozo\n|-damage|p1a: Dondozo|48\/100 slp\n|-resisted|p1a: Dondozo\n|-damage|p1a: Dondozo|45\/100 slp\n|-resisted|p1a: Dondozo\n|-damage|p1a: Dondozo|43\/100 slp\n|-resisted|p1a: Dondozo\n|-damage|p1a: Dondozo|40\/100 slp\n|-hitcount|p1a: Dondozo|5\n|cant|p1a: Dondozo|slp\n|\n|-fieldend|move: Trick Room\n|upkeep\n|turn|6\n|\n|t:|1681994218\n|-curestatus|p1a: Dondozo|slp|[msg]\n|move|p1a: Dondozo|Tera Blast|p2a: Brute Bonnet\n|-supereffective|p2a: Brute Bonnet\n|-damage|p2a: Brute Bonnet|0 fnt\n|faint|p2a: Brute Bonnet\n|-end|p2a: Brute Bonnet|Protosynthesis|[silent]\n|move|p2b: Iron Hands|Wild Charge|p1a: Dondozo\n|-supereffective|p1a: Dondozo\n|-damage|p1a: Dondozo|0 fnt\n|faint|p1a: Dondozo\n|-damage|p2b: Iron Hands|10\/100|[from] Recoil\n|\n|upkeep\n|\n|t:|1681994227\n|switch|p1a: Glimmora|Glimmora, L50, M|1\/100\n|switch|p2a: Torkoal|Torkoal, L50, M|100\/100\n|-weather|SunnyDay|[from] ability: Drought|[of] p2a: Torkoal\n|turn|7\n|\n|t:|1681994240\n|move|p1b: Tatsugiri|Dragon Pulse|p2b: Iron Hands\n|-damage|p2b: Iron Hands|0 fnt\n|faint|p2b: Iron Hands\n|-end|p2b: Iron Hands|Quark Drive|[silent]\n|move|p1a: Glimmora|Power Gem|p2a: Torkoal\n|-supereffective|p2a: Torkoal\n|-damage|p2a: Torkoal|0 fnt\n|faint|p2a: Torkoal\n|\n|win|natsukawa417\n|raw|natsukawa417's rating: 1658 → 1677<\/strong> (+19 for winning)\n|raw|Cold Brew VGC's rating: 1634 → 1615<\/strong> (-19 for losing)\n|l|\u2606Cold Brew VGC\n","uploadtime":1681994247,"views":11,"p1id":"natsukawa417","p2id":"coldbrewvgc","formatid":"gen9vgc2023regulationc","rating":1615,"private":0,"password":""}