{"id":"gen9vgc2023regulationc-1849455894","p1":"czarVGC","p2":"Maxwell1315","format":"[Gen 9] VGC 2023 Regulation C","log":"|j|\u2606czarVGC\n|j|\u2606Maxwell1315\n|t:|1682200506\n|gametype|doubles\n|player|p1|czarVGC|li|1193\n|player|p2|Maxwell1315|hugh|1261\n|teamsize|p1|6\n|teamsize|p2|6\n|gen|9\n|tier|[Gen 9] VGC 2023 Regulation C\n|rated|\n|rule|Species Clause: Limit one of each Pok\u00e9mon\n|rule|Item Clause: Limit one of each item\n|clearpoke\n|poke|p1|Klefki, L50, M|\n|poke|p1|Flutter Mane, L50|\n|poke|p1|Great Tusk, L50|\n|poke|p1|Iron Bundle, L50|\n|poke|p1|Torkoal, L50, F|\n|poke|p1|Wo-Chien, L50|\n|poke|p2|Amoonguss, L50, M|\n|poke|p2|Flutter Mane, L50|\n|poke|p2|Arcanine, L50, F|\n|poke|p2|Iron Hands, L50|\n|poke|p2|Palafin, L50, F|\n|poke|p2|Ting-Lu, L50|\n|teampreview|4\n|inactive|Battle timer is ON: inactive players will automatically lose when time's up. (requested by Maxwell1315)\n|inactive|Maxwell1315 has 60 seconds left.\n|l|\u2606czarVGC\n|inactive|czarVGC disconnected and has a minute to reconnect!\n|player|p1|\n|j|\u2606czarVGC\n|inactive|czarVGC reconnected.\n|player|p1|czarVGC|li\n|inactive|Maxwell1315 has 30 seconds left.\n|inactive|Maxwell1315 has 20 seconds left.\n|\n|t:|1682200577\n|start\n|switch|p1a: Klefki|Klefki, L50, M|100\/100\n|switch|p1b: Iron Bundle|Iron Bundle, L50|100\/100\n|switch|p2a: Arcanine|Arcanine, L50, F|100\/100\n|switch|p2b: Palafin|Palafin, L50, F|100\/100\n|-ability|p2a: Arcanine|Intimidate|boost\n|-unboost|p1a: Klefki|atk|1\n|-unboost|p1b: Iron Bundle|atk|1\n|turn|1\n|\n|t:|1682200601\n|switch|p2a: Amoonguss|Amoonguss, L50, M|100\/100\n|move|p1b: Iron Bundle|Protect|p1b: Iron Bundle\n|-singleturn|p1b: Iron Bundle|Protect\n|move|p2b: Palafin|Protect|p2b: Palafin\n|-singleturn|p2b: Palafin|Protect\n|move|p1a: Klefki|Thunder Wave|p2a: Amoonguss|[miss]\n|-miss|p1a: Klefki|p2a: Amoonguss\n|\n|upkeep\n|turn|2\n|\n|t:|1682200618\n|detailschange|p2b: Palafin|Palafin-Hero, L50, F\n|switch|p2b: Arcanine|Arcanine, L50, F|100\/100\n|-ability|p2b: Arcanine|Intimidate|boost\n|-unboost|p1a: Klefki|atk|1\n|-unboost|p1b: Iron Bundle|atk|1\n|move|p1a: Klefki|Thunder Wave|p2b: Arcanine\n|-status|p2b: Arcanine|par\n|move|p1b: Iron Bundle|Flip Turn|p2a: Amoonguss\n|-resisted|p2a: Amoonguss\n|-crit|p2a: Amoonguss\n|-damage|p2a: Amoonguss|92\/100\n|-damage|p1b: Iron Bundle|84\/100|[from] item: Rocky Helmet|[of] p2a: Amoonguss\n|\n|t:|1682200628\n|-end|p1b: Iron Bundle|Quark Drive|[silent]\n|switch|p1b: Wo-Chien|Wo-Chien, L50|100\/100|[from] Flip Turn\n|-ability|p1b: Wo-Chien|Tablets of Ruin\n|move|p2a: Amoonguss|Spore|p1a: Klefki\n|-status|p1a: Klefki|slp|[from] move: Spore\n|\n|upkeep\n|turn|3\n|\n|t:|1682200644\n|switch|p2a: Flutter Mane|Flutter Mane, L50|100\/100\n|-enditem|p2a: Flutter Mane|Booster Energy\n|-activate|p2a: Flutter Mane|ability: Protosynthesis|[fromitem]\n|-start|p2a: Flutter Mane|protosynthesisspe\n|move|p1b: Wo-Chien|Protect|p1b: Wo-Chien\n|-singleturn|p1b: Wo-Chien|Protect\n|move|p2b: Arcanine|Protect|p2b: Arcanine\n|-singleturn|p2b: Arcanine|Protect\n|cant|p1a: Klefki|slp\n|\n|upkeep\n|turn|4\n|\n|t:|1682200659\n|switch|p1b: Torkoal|Torkoal, L50, F|100\/100\n|-weather|SunnyDay|[from] ability: Drought|[of] p1b: Torkoal\n|switch|p2b: Amoonguss|Amoonguss, L50, M|100\/100\n|-terastallize|p2a: Flutter Mane|Fairy\n|cant|p1a: Klefki|slp\n|move|p2a: Flutter Mane|Moonblast|p1b: Torkoal\n|-resisted|p1b: Torkoal\n|-damage|p1b: Torkoal|65\/100\n|-unboost|p1b: Torkoal|spa|1\n|-enditem|p1b: Torkoal|Eject Pack\n|\n|t:|1682200678\n|switch|p1b: Iron Bundle|Iron Bundle, L50|84\/100\n|\n|-weather|SunnyDay|[upkeep]\n|upkeep\n|turn|5\n|inactive|Maxwell1315 has 30 seconds left.\n|\n|t:|1682200708\n|switch|p2b: Arcanine|Arcanine, L50, F|100\/100 par\n|-ability|p2b: Arcanine|Intimidate|boost\n|-unboost|p1a: Klefki|atk|1\n|-unboost|p1b: Iron Bundle|atk|1\n|move|p1b: Iron Bundle|Protect|p1b: Iron Bundle\n|-singleturn|p1b: Iron Bundle|Protect\n|move|p2a: Flutter Mane|Moonblast|p1b: Iron Bundle\n|-activate|p1b: Iron Bundle|move: Protect\n|cant|p1a: Klefki|slp\n|\n|-weather|SunnyDay|[upkeep]\n|upkeep\n|turn|6\n|\n|t:|1682200723\n|-end|p1b: Iron Bundle|Quark Drive|[silent]\n|switch|p1b: Torkoal|Torkoal, L50, F|65\/100\n|move|p2a: Flutter Mane|Protect|p2a: Flutter Mane\n|-singleturn|p2a: Flutter Mane|Protect\n|-curestatus|p1a: Klefki|slp|[msg]\n|move|p1a: Klefki|Steel Beam|p2a: Flutter Mane\n|-activate|p2a: Flutter Mane|move: Protect\n|-damage|p1a: Klefki|50\/100|[from] steelbeam\n|move|p2b: Arcanine|Flare Blitz|p1a: Klefki\n|-supereffective|p1a: Klefki\n|-damage|p1a: Klefki|0 fnt\n|faint|p1a: Klefki\n|-damage|p2b: Arcanine|86\/100 par|[from] Recoil\n|\n|-weather|SunnyDay|[upkeep]\n|upkeep\n|\n|t:|1682200740\n|switch|p1a: Iron Bundle|Iron Bundle, L50|84\/100\n|turn|7\n|\n|t:|1682200753\n|move|p2a: Flutter Mane|Moonblast|p1a: Iron Bundle\n|-damage|p1a: Iron Bundle|2\/100\n|move|p1a: Iron Bundle|Flip Turn|p2b: Arcanine\n|-supereffective|p2b: Arcanine\n|-crit|p2b: Arcanine\n|-damage|p2b: Arcanine|62\/100 par\n|\n|t:|1682200759\n|-end|p1a: Iron Bundle|Quark Drive|[silent]\n|switch|p1a: Wo-Chien|Wo-Chien, L50|100\/100|[from] Flip Turn\n|-ability|p1a: Wo-Chien|Tablets of Ruin\n|move|p2b: Arcanine|Snarl|p1b: Torkoal|[spread] p1a,p1b\n|-resisted|p1a: Wo-Chien\n|-damage|p1a: Wo-Chien|98\/100\n|-damage|p1b: Torkoal|56\/100\n|-unboost|p1a: Wo-Chien|spa|1\n|-unboost|p1b: Torkoal|spa|1\n|move|p1b: Torkoal|Overheat|p2a: Flutter Mane\n|-damage|p2a: Flutter Mane|56\/100\n|-unboost|p1b: Torkoal|spa|2\n|\n|-weather|SunnyDay|[upkeep]\n|-heal|p1a: Wo-Chien|100\/100|[from] item: Leftovers\n|upkeep\n|turn|8\n|\n|t:|1682200778\n|switch|p2b: Amoonguss|Amoonguss, L50, M|100\/100\n|switch|p1b: Iron Bundle|Iron Bundle, L50|2\/100\n|-terastallize|p1a: Wo-Chien|Poison\n|move|p2a: Flutter Mane|Protect|p2a: Flutter Mane\n|-singleturn|p2a: Flutter Mane|Protect\n|move|p1a: Wo-Chien|Growth|p1a: Wo-Chien\n|-boost|p1a: Wo-Chien|atk|2\n|-boost|p1a: Wo-Chien|spa|2\n|\n|-weather|none\n|upkeep\n|turn|9\n|\n|t:|1682200800\n|-end|p1b: Iron Bundle|Quark Drive|[silent]\n|switch|p1b: Torkoal|Torkoal, L50, F|56\/100\n|-weather|SunnyDay|[from] ability: Drought|[of] p1b: Torkoal\n|move|p2a: Flutter Mane|Shadow Ball|p1b: Torkoal\n|-damage|p1b: Torkoal|16\/100\n|move|p1a: Wo-Chien|Growth|p1a: Wo-Chien\n|-boost|p1a: Wo-Chien|atk|2\n|-boost|p1a: Wo-Chien|spa|2\n|move|p2b: Amoonguss|Spore|p1a: Wo-Chien\n|-status|p1a: Wo-Chien|slp|[from] move: Spore\n|\n|-weather|SunnyDay|[upkeep]\n|upkeep\n|turn|10\n|c|\u2606Maxwell1315|gg\n|\n|t:|1682200821\n|move|p2a: Flutter Mane|Shadow Ball|p1b: Torkoal\n|-crit|p1b: Torkoal\n|-damage|p1b: Torkoal|0 fnt\n|faint|p1b: Torkoal\n|cant|p1a: Wo-Chien|slp\n|move|p2b: Amoonguss|Clear Smog|p1a: Wo-Chien\n|-resisted|p1a: Wo-Chien\n|-crit|p1a: Wo-Chien\n|-damage|p1a: Wo-Chien|94\/100 slp\n|-clearboost|p1a: Wo-Chien\n|\n|-weather|SunnyDay|[upkeep]\n|-heal|p1a: Wo-Chien|99\/100 slp|[from] item: Leftovers\n|upkeep\n|c|\u2606czarVGC|gg\n|\n|t:|1682200834\n|switch|p1b: Iron Bundle|Iron Bundle, L50|2\/100\n|turn|11\n|-message|czarVGC forfeited.\n|\n|win|Maxwell1315\n|raw|czarVGC's rating: 1193 → 1173<\/strong> (-20 for losing)\n|raw|Maxwell1315's rating: 1261 → 1281<\/strong> (+20 for winning)\n|l|\u2606czarVGC\n","uploadtime":1682200845,"views":14,"p1id":"czarvgc","p2id":"maxwell1315","formatid":"gen9vgc2023regulationc","rating":1173,"private":0,"password":""}