{"id":"gen9vgc2023regulationc-1863507840","p1":"kashmoneyrick","p2":"Ggjeed","format":"[Gen 9] VGC 2023 Regulation C","log":"|j|\u2606kashmoneyrick\n|j|\u2606Ggjeed\n|t:|1684026934\n|gametype|doubles\n|player|p1|kashmoneyrick|cowgirl|1335\n|player|p2|Ggjeed|169|1293\n|teamsize|p1|6\n|teamsize|p2|6\n|gen|9\n|tier|[Gen 9] VGC 2023 Regulation C\n|rated|\n|rule|Species Clause: Limit one of each Pok\u00e9mon\n|rule|Item Clause: Limit one of each item\n|clearpoke\n|poke|p1|Beartic, L50, F|\n|poke|p1|Pelipper, L50, F|\n|poke|p1|Brute Bonnet, L50|\n|poke|p1|Chi-Yu, L50|\n|poke|p1|Farigiraf, L50, M|\n|poke|p1|Azumarill, L50, M|\n|poke|p2|Iron Bundle, L50|\n|poke|p2|Chi-Yu, L50|\n|poke|p2|Tinkaton, L50, F|\n|poke|p2|Salamence, L50, M|\n|poke|p2|Brute Bonnet, L50|\n|poke|p2|Palafin, L50, M|\n|teampreview|4\n|inactive|Battle timer is ON: inactive players will automatically lose when time's up. (requested by Ggjeed)\n|\n|t:|1684026958\n|start\n|switch|p1a: Beartic|Beartic, L50, F|100\/100\n|switch|p1b: Chi-Yu|Chi-Yu, L50|100\/100\n|switch|p2a: Tinkaton|Tinkaton, L50, F|100\/100\n|switch|p2b: Salamence|Salamence, L50, M|100\/100\n|-ability|p2b: Salamence|Intimidate|boost\n|-unboost|p1a: Beartic|atk|1\n|-unboost|p1b: Chi-Yu|atk|1\n|-ability|p2a: Tinkaton|Mold Breaker\n|-ability|p1b: Chi-Yu|Beads of Ruin\n|turn|1\n|\n|t:|1684026979\n|switch|p1a: Farigiraf|Farigiraf, L50, M|100\/100\n|-terastallize|p2a: Tinkaton|Water\n|move|p2a: Tinkaton|Fake Out|p1a: Farigiraf\n|-damage|p1a: Farigiraf|90\/100\n|move|p2b: Salamence|Tailwind|p2b: Salamence\n|-sidestart|p2: Ggjeed|move: Tailwind\n|move|p1b: Chi-Yu|Heat Wave|p2b: Salamence|[spread] p2a,p2b\n|-resisted|p2a: Tinkaton\n|-resisted|p2b: Salamence\n|-damage|p2a: Tinkaton|74\/100\n|-damage|p2b: Salamence|68\/100\n|\n|upkeep\n|turn|2\n|\n|t:|1684027002\n|-terastallize|p1a: Farigiraf|Normal\n|move|p2b: Salamence|Dual Wingbeat|p1a: Farigiraf\n|-damage|p1a: Farigiraf|66\/100\n|-damage|p1a: Farigiraf|45\/100\n|-hitcount|p1a: Farigiraf|2\n|move|p2a: Tinkaton|Gigaton Hammer|p1a: Farigiraf\n|-damage|p1a: Farigiraf|0 fnt\n|faint|p1a: Farigiraf\n|move|p1b: Chi-Yu|Dark Pulse|p2b: Salamence\n|-damage|p2b: Salamence|0 fnt\n|faint|p2b: Salamence\n|\n|upkeep\n|\n|t:|1684027019\n|switch|p2b: Iron Bundle|Iron Bundle, L50|100\/100\n|switch|p1a: Beartic|Beartic, L50, F|100\/100\n|-enditem|p2b: Iron Bundle|Booster Energy\n|-activate|p2b: Iron Bundle|ability: Quark Drive|[fromitem]\n|-start|p2b: Iron Bundle|quarkdrivespe\n|turn|3\n|\n|t:|1684027034\n|switch|p1b: Pelipper|Pelipper, L50, F|100\/100\n|-weather|RainDance|[from] ability: Drizzle|[of] p1b: Pelipper\n|move|p2b: Iron Bundle|Protect|p2b: Iron Bundle\n|-singleturn|p2b: Iron Bundle|Protect\n|move|p2a: Tinkaton|Rock Slide|p1b: Pelipper|[spread] p1a,p1b\n|-supereffective|p1a: Beartic\n|-supereffective|p1b: Pelipper\n|-damage|p1a: Beartic|68\/100\n|-damage|p1b: Pelipper|72\/100\n|move|p1a: Beartic|Earthquake|p2a: Tinkaton|[spread] p2a\n|-activate|p2b: Iron Bundle|move: Protect\n|-immune|p1b: Pelipper\n|-crit|p2a: Tinkaton\n|-damage|p2a: Tinkaton|6\/100\n|-damage|p1a: Beartic|58\/100|[from] item: Life Orb\n|\n|-weather|RainDance|[upkeep]\n|upkeep\n|turn|4\n|\n|t:|1684027057\n|switch|p1b: Chi-Yu|Chi-Yu, L50|100\/100\n|-ability|p1b: Chi-Yu|Beads of Ruin\n|move|p2b: Iron Bundle|Freeze-Dry|p1b: Chi-Yu\n|-resisted|p1b: Chi-Yu\n|-damage|p1b: Chi-Yu|88\/100\n|move|p2a: Tinkaton|Gigaton Hammer|p1a: Beartic\n|-supereffective|p1a: Beartic\n|-damage|p1a: Beartic|0 fnt\n|faint|p1a: Beartic\n|\n|-weather|RainDance|[upkeep]\n|-sideend|p2: Ggjeed|move: Tailwind\n|upkeep\n|\n|t:|1684027068\n|switch|p1a: Pelipper|Pelipper, L50, F|72\/100\n|turn|5\n|inactive|Ggjeed has 30 seconds left.\n|\n|t:|1684027093\n|move|p1a: Pelipper|Protect|p1a: Pelipper\n|-singleturn|p1a: Pelipper|Protect\n|move|p2b: Iron Bundle|Freeze-Dry|p1a: Pelipper\n|-activate|p1a: Pelipper|move: Protect\n|move|p2a: Tinkaton|Rock Slide|p1b: Chi-Yu|[spread] p1b\n|-activate|p1a: Pelipper|move: Protect\n|-supereffective|p1b: Chi-Yu\n|-damage|p1b: Chi-Yu|51\/100\n|move|p1b: Chi-Yu|Snarl|p2b: Iron Bundle|[spread] p2a,p2b\n|-damage|p2a: Tinkaton|0 fnt\n|-damage|p2b: Iron Bundle|40\/100\n|-unboost|p2b: Iron Bundle|spa|1\n|faint|p2a: Tinkaton\n|\n|-weather|RainDance|[upkeep]\n|upkeep\n|\n|t:|1684027110\n|switch|p2a: Chi-Yu|Chi-Yu, L50|100\/100\n|-ability|p2a: Chi-Yu|Beads of Ruin\n|turn|6\n|\n|t:|1684027118\n|move|p2b: Iron Bundle|Freeze-Dry|p1a: Pelipper\n|-supereffective|p1a: Pelipper\n|-damage|p1a: Pelipper|0 fnt\n|faint|p1a: Pelipper\n|move|p2a: Chi-Yu|Dark Pulse|p1b: Chi-Yu\n|-resisted|p1b: Chi-Yu\n|-damage|p1b: Chi-Yu|38\/100\n|move|p1b: Chi-Yu|Snarl|p2a: Chi-Yu|[spread] p2a,p2b\n|-resisted|p2a: Chi-Yu\n|-damage|p2a: Chi-Yu|86\/100\n|-damage|p2b: Iron Bundle|0 fnt\n|-unboost|p2a: Chi-Yu|spa|1\n|faint|p2b: Iron Bundle\n|-end|p2b: Iron Bundle|Quark Drive|[silent]\n|\n|-weather|RainDance|[upkeep]\n|upkeep\n|turn|7\n|\n|t:|1684027134\n|move|p2a: Chi-Yu|Dark Pulse|p1b: Chi-Yu\n|-resisted|p1b: Chi-Yu\n|-damage|p1b: Chi-Yu|29\/100\n|move|p1b: Chi-Yu|Snarl|p2a: Chi-Yu\n|-resisted|p2a: Chi-Yu\n|-damage|p2a: Chi-Yu|68\/100\n|-unboost|p2a: Chi-Yu|spa|1\n|\n|-weather|none\n|upkeep\n|turn|8\n|\n|t:|1684027146\n|move|p2a: Chi-Yu|Dark Pulse|p1b: Chi-Yu\n|-resisted|p1b: Chi-Yu\n|-damage|p1b: Chi-Yu|21\/100\n|move|p1b: Chi-Yu|Snarl|p2a: Chi-Yu\n|-resisted|p2a: Chi-Yu\n|-damage|p2a: Chi-Yu|50\/100\n|-unboost|p2a: Chi-Yu|spa|1\n|\n|upkeep\n|turn|9\n|\n|t:|1684027157\n|move|p2a: Chi-Yu|Dark Pulse|p1b: Chi-Yu\n|-resisted|p1b: Chi-Yu\n|-damage|p1b: Chi-Yu|16\/100\n|cant|p1b: Chi-Yu|flinch\n|\n|upkeep\n|turn|10\n|\n|t:|1684027164\n|move|p2a: Chi-Yu|Dark Pulse|p1b: Chi-Yu\n|-resisted|p1b: Chi-Yu\n|-damage|p1b: Chi-Yu|10\/100\n|cant|p1b: Chi-Yu|flinch\n|\n|upkeep\n|turn|11\n|\n|t:|1684027171\n|move|p2a: Chi-Yu|Dark Pulse|p1b: Chi-Yu\n|-resisted|p1b: Chi-Yu\n|-damage|p1b: Chi-Yu|5\/100\n|cant|p1b: Chi-Yu|flinch\n|\n|upkeep\n|turn|12\n|\n|t:|1684027178\n|move|p2a: Chi-Yu|Dark Pulse|p1b: Chi-Yu\n|-resisted|p1b: Chi-Yu\n|-damage|p1b: Chi-Yu|0 fnt\n|faint|p1b: Chi-Yu\n|\n|win|Ggjeed\n|raw|kashmoneyrick's rating: 1335 → 1313<\/strong> (-22 for losing)\n|raw|Ggjeed's rating: 1293 → 1321<\/strong> (+28 for winning)\n|l|\u2606kashmoneyrick\n","uploadtime":1684027188,"views":11,"p1id":"kashmoneyrick","p2id":"ggjeed","formatid":"gen9vgc2023regulationc","rating":1313,"private":0,"password":""}