{"id":"gen9vgc2023regulationc-1862126898","p1":"DuelLuna","p2":"Fairy Juice Jay","format":"[Gen 9] VGC 2023 Regulation C","log":"|j|\u2606DuelLuna\n|j|\u2606Fairy Juice Jay\n|t:|1683839793\n|gametype|doubles\n|player|p1|DuelLuna|caitlin|\n|player|p2|Fairy Juice Jay|266|\n|teamsize|p1|6\n|teamsize|p2|6\n|gen|9\n|tier|[Gen 9] VGC 2023 Regulation C\n|rule|Species Clause: Limit one of each Pok\u00e9mon\n|rule|Item Clause: Limit one of each item\n|clearpoke\n|poke|p1|Salamence, L50, F|\n|poke|p1|Sandy Shocks, L50|\n|poke|p1|Houndstone, L50, F|\n|poke|p1|Iron Moth, L50|\n|poke|p1|Bellibolt, L50, M|\n|poke|p1|Morgrem, L50, M|\n|poke|p2|Baxcalibur, L50, F|\n|poke|p2|Staraptor, L50, M|\n|poke|p2|Great Tusk, L50|\n|poke|p2|Floatzel, L50, F|\n|poke|p2|Klefki, L50, F|\n|poke|p2|Kilowattrel, L50, F|\n|teampreview|4\nFairy Juice Jay rejected open team sheets.\n|c|\u2606DuelLuna|hf\n|c|\u2606Fairy Juice Jay|You too!\n|\n|t:|1683839847\n|start\n|switch|p1a: Morgrem|Morgrem, L50, M|100\/100\n|switch|p1b: Salamence|Salamence, L50, F|100\/100\n|switch|p2a: Klefki|Klefki, L50, F|100\/100\n|switch|p2b: Floatzel|Floatzel, L50, F|100\/100\n|-ability|p1b: Salamence|Intimidate|boost\n|-unboost|p2a: Klefki|atk|1\n|-unboost|p2b: Floatzel|atk|1\n|turn|1\n|\n|t:|1683839859\n|move|p2a: Klefki|Rain Dance|p2a: Klefki\n|-weather|RainDance\n|move|p1a: Morgrem|Taunt|p2a: Klefki\n|-start|p2a: Klefki|move: Taunt\n|move|p2b: Floatzel|Ice Spinner|p1b: Salamence\n|-supereffective|p1b: Salamence\n|-damage|p1b: Salamence|12\/100\n|-damage|p2b: Floatzel|91\/100|[from] item: Life Orb\n|move|p1b: Salamence|Dragon Claw|p2b: Floatzel\n|-damage|p2b: Floatzel|17\/100\n|\n|-weather|RainDance|[upkeep]\n|upkeep\n|turn|2\n|\n|t:|1683839877\n|switch|p2b: Kilowattrel|Kilowattrel, L50, F|100\/100\n|switch|p1b: Houndstone|Houndstone, L50, F|100\/100\n|move|p1a: Morgrem|Reflect|p1a: Morgrem\n|-sidestart|p1: DuelLuna|Reflect\n|move|p2a: Klefki|Dazzling Gleam|p1a: Morgrem|[spread] p1a,p1b\n|-supereffective|p1a: Morgrem\n|-crit|p1a: Morgrem\n|-damage|p1a: Morgrem|0 fnt\n|-damage|p1b: Houndstone|82\/100\n|faint|p1a: Morgrem\n|\n|-weather|RainDance|[upkeep]\n|-heal|p1b: Houndstone|88\/100|[from] item: Leftovers\n|upkeep\n|\n|t:|1683839901\n|switch|p1a: Salamence|Salamence, L50, F|12\/100\n|-ability|p1a: Salamence|Intimidate|boost\n|-unboost|p2a: Klefki|atk|1\n|-unboost|p2b: Kilowattrel|atk|1\n|turn|3\n|\n|t:|1683839917\n|move|p1b: Houndstone|Shadow Sneak|p2b: Kilowattrel\n|-damage|p2b: Kilowattrel|66\/100\n|move|p1a: Salamence|Rock Slide|p2b: Kilowattrel|[spread] p2b\n|-miss|p1a: Salamence|p2a: Klefki\n|-supereffective|p2b: Kilowattrel\n|-damage|p2b: Kilowattrel|3\/100\n|cant|p2b: Kilowattrel|flinch\n|move|p2a: Klefki|Dazzling Gleam|p1a: Salamence|[spread] p1a,p1b\n|-supereffective|p1a: Salamence\n|-damage|p1a: Salamence|0 fnt\n|-damage|p1b: Houndstone|69\/100\n|faint|p1a: Salamence\n|\n|-weather|RainDance|[upkeep]\n|-heal|p1b: Houndstone|75\/100|[from] item: Leftovers\n|upkeep\n|\n|t:|1683839926\n|switch|p1a: Iron Moth|Iron Moth, L50|100\/100\n|turn|4\n|\n|t:|1683839937\n|move|p1b: Houndstone|Shadow Sneak|p2b: Kilowattrel\n|-crit|p2b: Kilowattrel\n|-damage|p2b: Kilowattrel|0 fnt\n|faint|p2b: Kilowattrel\n|move|p1a: Iron Moth|Heat Wave|p2a: Klefki|[miss]\n|-miss|p1a: Iron Moth|p2a: Klefki\n|move|p2a: Klefki|Dazzling Gleam|p1a: Iron Moth|[spread] p1a,p1b\n|-resisted|p1a: Iron Moth\n|-crit|p1a: Iron Moth\n|-damage|p1a: Iron Moth|93\/100\n|-damage|p1b: Houndstone|57\/100\n|\n|-weather|RainDance|[upkeep]\n|-heal|p1b: Houndstone|63\/100|[from] item: Leftovers\n|-end|p2a: Klefki|move: Taunt\n|upkeep\n|\n|t:|1683839945\n|switch|p2b: Floatzel|Floatzel, L50, F|17\/100\n|turn|5\n|\n|t:|1683839955\n|move|p2a: Klefki|Thunder Wave|p1a: Iron Moth\n|-status|p1a: Iron Moth|par\n|move|p1b: Houndstone|Shadow Sneak|p2b: Floatzel\n|-damage|p2b: Floatzel|0 fnt\n|faint|p2b: Floatzel\n|move|p1a: Iron Moth|Heat Wave|p2a: Klefki\n|-supereffective|p2a: Klefki\n|-enditem|p2a: Klefki|Occa Berry|[eat]\n|-enditem|p2a: Klefki|Occa Berry|[weaken]\n|-damage|p2a: Klefki|53\/100\n|\n|-weather|none\n|-heal|p1b: Houndstone|69\/100|[from] item: Leftovers\n|upkeep\n|\n|t:|1683839961\n|switch|p2b: Trogonth|Great Tusk, L50|100\/100\n|turn|6\n|\n|t:|1683839981\n|move|p2a: Klefki|Thunder Wave|p1b: Houndstone\n|-status|p1b: Houndstone|par\n|move|p2b: Trogonth|Earthquake|p1b: Houndstone|[spread] p2a,p1a,p1b\n|-supereffective|p2a: Klefki\n|-supereffective|p1a: Iron Moth\n|-damage|p2a: Klefki|0 fnt\n|-damage|p1a: Iron Moth|0 fnt\n|-damage|p1b: Houndstone|42\/100 par\n|faint|p2a: Klefki\n|faint|p1a: Iron Moth\n|-end|p1a: Iron Moth|Quark Drive|[silent]\n|cant|p1b: Houndstone|par\n|\n|-heal|p1b: Houndstone|48\/100 par|[from] item: Leftovers\n|upkeep\n|turn|7\n|\n|t:|1683839995\n|move|p1b: Houndstone|Protect|p1b: Houndstone\n|-singleturn|p1b: Houndstone|Protect\n|move|p2b: Trogonth|Headlong Rush|p1b: Houndstone\n|-activate|p1b: Houndstone|move: Protect\n|\n|-heal|p1b: Houndstone|54\/100 par|[from] item: Leftovers\n|upkeep\n|turn|8\n|\n|t:|1683840000\n|move|p2b: Trogonth|Headlong Rush|p1b: Houndstone\n|-damage|p1b: Houndstone|31\/100 par\n|-unboost|p2b: Trogonth|def|1\n|-unboost|p2b: Trogonth|spd|1\n|cant|p1b: Houndstone|par\n|\n|-heal|p1b: Houndstone|38\/100 par|[from] item: Leftovers\n|upkeep\n|turn|9\n|\n|t:|1683840006\n|move|p2b: Trogonth|Protect|p2b: Trogonth\n|-singleturn|p2b: Trogonth|Protect\n|cant|p1b: Houndstone|par\n|\n|-heal|p1b: Houndstone|44\/100 par|[from] item: Leftovers\n|-sideend|p1: DuelLuna|Reflect\n|upkeep\n|turn|10\n|\n|t:|1683840010\n|cant|p1b: Houndstone|par\n|move|p2b: Trogonth|Headlong Rush|p1b: Houndstone\n|-damage|p1b: Houndstone|12\/100 par\n|-unboost|p2b: Trogonth|def|1\n|-unboost|p2b: Trogonth|spd|1\n|\n|-heal|p1b: Houndstone|18\/100 par|[from] item: Leftovers\n|upkeep\n|turn|11\n|\n|t:|1683840017\n|move|p2b: Trogonth|Headlong Rush|p1b: Houndstone\n|-damage|p1b: Houndstone|0 fnt\n|-unboost|p2b: Trogonth|def|1\n|-unboost|p2b: Trogonth|spd|1\n|faint|p1b: Houndstone\n|\n|win|Fairy Juice Jay\n|c|\u2606DuelLuna|gg\n|c|\u2606Fairy Juice Jay|gg\n|l|\u2606Fairy Juice Jay\n","uploadtime":1683842188,"views":10,"p1id":"duelluna","p2id":"fairyjuicejay","formatid":"gen9vgc2023regulationc","rating":0,"private":0,"password":""}