{"id":"gen9vgc2023regulationc-1857991967","p1":"TheBattleRoom","p2":"SoulSur","format":"[Gen 9] VGC 2023 Regulation C","log":"|j|\u2606TheBattleRoom\n|j|\u2606SoulSur\n|t:|1683256959\n|gametype|doubles\n|player|p1|TheBattleRoom|acetrainer-gen4dp|\n|player|p2|SoulSur|punkgirl-masters|\n|teamsize|p1|6\n|teamsize|p2|6\n|gen|9\n|tier|[Gen 9] VGC 2023 Regulation C\n|rule|Species Clause: Limit one of each Pok\u00e9mon\n|rule|Item Clause: Limit one of each item\n|clearpoke\n|poke|p1|Scream Tail, L50|\n|poke|p1|Dragonite, L50, F|\n|poke|p1|Chien-Pao, L50|\n|poke|p1|Gholdengo, L50|\n|poke|p1|Ting-Lu, L50|\n|poke|p1|Rotom-Wash, L50|\n|poke|p2|Indeedee-F, L50, F|\n|poke|p2|Torkoal, L50, M|\n|poke|p2|Hatterene, L50, F|\n|poke|p2|Kingambit, L50, M|\n|poke|p2|Dondozo, L50, M|\n|poke|p2|Tatsugiri, L50, F|\n|teampreview|4\nSoulSur has agreed to open team sheets.\nTheBattleRoom has agreed to open team sheets.\n|c|\u2606TheBattleRoom|how do you open room\n|c|\u2606SoulSur|uh\n|j| abhayfive\n|j| tyo\n|c|\u2606SoulSur|idk...\n|c| abhayfive|\/\/publicroom\n|c|\u2606SoulSur|that\n|c|\u2606TheBattleRoom|\/log TheBattleRoom made this room public.\n|l| tyo\n|j| Pansear's Kitchen\n|j| tyo\n|\n|t:|1683257188\n|start\n|switch|p1a: Chien-Pao|Chien-Pao, L50|100\/100\n|switch|p1b: Ting-Lu|Ting-Lu, L50|100\/100\n|switch|p2a: Indeedee|Indeedee-F, L50, F|100\/100\n|switch|p2b: Dondozo|Dondozo, L50, M|100\/100\n|-ability|p1a: Chien-Pao|Sword of Ruin\n|-fieldstart|move: Psychic Terrain|[from] ability: Psychic Surge|[of] p2a: Indeedee\n|-enditem|p2a: Indeedee|Psychic Seed\n|-boost|p2a: Indeedee|spd|1|[from] item: Psychic Seed\n|-ability|p1b: Ting-Lu|Vessel of Ruin\n|turn|1\n|j| kunal2\n|j| pwny person\n|\n|t:|1683257262\n|move|p1a: Chien-Pao|Protect|p1a: Chien-Pao\n|-singleturn|p1a: Chien-Pao|Protect\n|move|p1b: Ting-Lu|Protect|p1b: Ting-Lu\n|-singleturn|p1b: Ting-Lu|Protect\n|move|p2b: Dondozo|Liquidation|p1a: Chien-Pao\n|-activate|p1a: Chien-Pao|move: Protect\n|move|p2a: Indeedee|Dazzling Gleam|p1b: Ting-Lu|[spread] \n|-activate|p1a: Chien-Pao|move: Protect\n|-activate|p1b: Ting-Lu|move: Protect\n|\n|upkeep\n|turn|2\n|\n|t:|1683257284\n|switch|p1a: Rotom|Rotom-Wash, L50|100\/100\n|-terastallize|p1b: Ting-Lu|Water\n|move|p2b: Dondozo|Liquidation|p1a: Rotom\n|-resisted|p1a: Rotom\n|-damage|p1a: Rotom|74\/100\n|-unboost|p1a: Rotom|def|1\n|move|p1b: Ting-Lu|Earthquake|p2a: Indeedee|[spread] p2a,p2b\n|-immune|p1a: Rotom|[from] ability: Levitate\n|-damage|p2a: Indeedee|68\/100\n|-damage|p2b: Dondozo|75\/100\n|move|p2a: Indeedee|Trick Room|p2a: Indeedee\n|-fieldstart|move: Trick Room|[of] p2a: Indeedee\n|\n|upkeep\n|turn|3\n|\n|t:|1683257351\n|-terastallize|p2b: Dondozo|Grass\n|move|p1b: Ting-Lu|Earthquake|p2b: Dondozo|[spread] p2a,p2b\n|-immune|p1a: Rotom|[from] ability: Levitate\n|-resisted|p2b: Dondozo\n|-damage|p2a: Indeedee|33\/100\n|-damage|p2b: Dondozo|63\/100\n|move|p2a: Indeedee|Dazzling Gleam|p1a: Rotom|[spread] p1a,p1b\n|-damage|p1a: Rotom|63\/100\n|-damage|p1b: Ting-Lu|94\/100\n|move|p2b: Dondozo|Liquidation|p1a: Rotom\n|-resisted|p1a: Rotom\n|-damage|p1a: Rotom|25\/100\n|move|p1a: Rotom|Will-O-Wisp|p2b: Dondozo\n|-status|p2b: Dondozo|brn\n|\n|-damage|p2b: Dondozo|57\/100 brn|[from] brn\n|upkeep\n|turn|4\n|\n|t:|1683257380\n|switch|p2a: Hatterene|Hatterene, L50, F|100\/100\n|move|p1b: Ting-Lu|Protect|p1b: Ting-Lu\n|-singleturn|p1b: Ting-Lu|Protect\n|move|p1a: Rotom|Protect|p1a: Rotom\n|-singleturn|p1a: Rotom|Protect\n|move|p2b: Dondozo|Liquidation|p1a: Rotom\n|-activate|p1a: Rotom|move: Protect\n|\n|-damage|p2b: Dondozo|51\/100 brn|[from] brn\n|upkeep\n|turn|5\n|\n|t:|1683257388\n|move|p2a: Hatterene|Psychic|p1b: Ting-Lu\n|-damage|p1b: Ting-Lu|48\/100\n|-damage|p2a: Hatterene|91\/100|[from] item: Life Orb\n|move|p1b: Ting-Lu|Heavy Slam|p2a: Hatterene\n|-supereffective|p2a: Hatterene\n|-damage|p2a: Hatterene|12\/100\n|move|p2b: Dondozo|Liquidation|p1a: Rotom\n|-resisted|p1a: Rotom\n|-damage|p1a: Rotom|4\/100\n|-unboost|p1a: Rotom|def|1\n|move|p1a: Rotom|Thunderbolt|p2a: Hatterene\n|-damage|p2a: Hatterene|0 fnt\n|faint|p2a: Hatterene\n|\n|-damage|p2b: Dondozo|45\/100 brn|[from] brn\n|-fieldend|move: Psychic Terrain\n|upkeep\n|\n|t:|1683257399\n|switch|p2a: Kingambit|Kingambit, L50, M|100\/100\n|turn|6\n|\n|t:|1683257408\n|move|p1b: Ting-Lu|Protect|p1b: Ting-Lu\n|-singleturn|p1b: Ting-Lu|Protect\n|move|p1a: Rotom|Protect|p1a: Rotom\n|-singleturn|p1a: Rotom|Protect\n|move|p2a: Kingambit|Swords Dance|p2a: Kingambit\n|-boost|p2a: Kingambit|atk|2\n|move|p2b: Dondozo|Liquidation|p1a: Rotom\n|-activate|p1a: Rotom|move: Protect\n|\n|-damage|p2b: Dondozo|39\/100 brn|[from] brn\n|-fieldend|move: Trick Room\n|upkeep\n|turn|7\n|\n|t:|1683257422\n|move|p1a: Rotom|Will-O-Wisp|p2a: Kingambit\n|-status|p2a: Kingambit|brn\n|move|p2b: Dondozo|Liquidation|p1b: Ting-Lu\n|-resisted|p1b: Ting-Lu\n|-damage|p1b: Ting-Lu|41\/100\n|move|p1b: Ting-Lu|Earthquake|p2a: Kingambit|[spread] p2a,p2b\n|-immune|p1a: Rotom|[from] ability: Levitate\n|-supereffective|p2a: Kingambit\n|-resisted|p2b: Dondozo\n|-damage|p2a: Kingambit|45\/100 brn\n|-damage|p2b: Dondozo|27\/100 brn\n|move|p2a: Kingambit|Kowtow Cleave|p1b: Ting-Lu\n|-damage|p1b: Ting-Lu|12\/100\n|\n|-damage|p2b: Dondozo|20\/100 brn|[from] brn\n|-damage|p2a: Kingambit|40\/100 brn|[from] brn\n|upkeep\n|turn|8\n|-message|SoulSur forfeited.\n|\n|win|TheBattleRoom\n|l| pwny person\n|l| tyo\n|l| Pansear's Kitchen\n|j| KrelCROC\n|l| abhayfive\n","uploadtime":1683257813,"views":53,"p1id":"thebattleroom","p2id":"soulsur","formatid":"gen9vgc2023regulationc","rating":0,"private":0,"password":""}