{"id":"gen9vgc2023regulationc-1856567124","p1":"jaymie_12345","p2":"Renan 26","format":"[Gen 9] VGC 2023 Regulation C","log":"|j|\u2606jaymie_12345\n|j|\u2606Renan 26\n|t:|1683076655\n|gametype|doubles\n|player|p1|jaymie_12345|cynthia-gen4|1046\n|player|p2|Renan 26|grimsley|1074\n|teamsize|p1|6\n|teamsize|p2|6\n|gen|9\n|tier|[Gen 9] VGC 2023 Regulation C\n|rated|\n|rule|Species Clause: Limit one of each Pok\u00e9mon\n|rule|Item Clause: Limit one of each item\n|clearpoke\n|poke|p1|Skeledirge, L50, F|\n|poke|p1|Pawmot, L50, M|\n|poke|p1|Dragapult, L50, F|\n|poke|p1|Ceruledge, L50, F|\n|poke|p1|Tinkaton, L50, F|\n|poke|p1|Iron Bundle, L50|\n|poke|p2|Iron Moth, L50|\n|poke|p2|Chien-Pao, L50|\n|poke|p2|Dragapult, L50, F|\n|poke|p2|Flutter Mane, L50|\n|poke|p2|Ting-Lu, L50|\n|poke|p2|Iron Valiant, L50|\n|teampreview|4\n|\n|t:|1683076711\n|start\n|switch|p1a: Dragapult|Dragapult, L50, F|100\/100\n|switch|p1b: Tinkaton|Tinkaton, L50, F|100\/100\n|switch|p2a: Chien-Pao|Chien-Pao, L50|100\/100\n|switch|p2b: Dragapult|Dragapult, L50, F|100\/100\n|-ability|p2a: Chien-Pao|Sword of Ruin\n|-ability|p1b: Tinkaton|Mold Breaker\n|turn|1\n|\n|t:|1683076739\n|-terastallize|p2b: Dragapult|Steel\n|move|p2a: Chien-Pao|Protect|p2a: Chien-Pao\n|-singleturn|p2a: Chien-Pao|Protect\n|move|p1a: Dragapult|Protect|p1a: Dragapult\n|-singleturn|p1a: Dragapult|Protect\n|move|p2b: Dragapult|Dragon Darts|p1a: Dragapult\n|-immune|p1b: Tinkaton\n|move|p1b: Tinkaton|Thunder Wave|p2a: Chien-Pao\n|-activate|p2a: Chien-Pao|move: Protect\n|\n|upkeep\n|turn|2\n|\n|t:|1683076768\n|switch|p2b: Ting-Lu|Ting-Lu, L50|100\/100\n|-ability|p2b: Ting-Lu|Vessel of Ruin\n|move|p2a: Chien-Pao|Ice Spinner|p1a: Dragapult\n|-supereffective|p1a: Dragapult\n|-damage|p1a: Dragapult|0 fnt\n|faint|p1a: Dragapult\n|move|p1b: Tinkaton|Thunder Wave|p2a: Chien-Pao\n|-status|p2a: Chien-Pao|par\n|\n|upkeep\n|\n|t:|1683076778\n|switch|p1a: Pawmot|Pawmot, L50, M|100\/100\n|turn|3\n|\n|t:|1683076826\n|move|p1a: Pawmot|Close Combat|p2b: Ting-Lu\n|-supereffective|p2b: Ting-Lu\n|-damage|p2b: Ting-Lu|7\/100\n|-unboost|p1a: Pawmot|def|1\n|-unboost|p1a: Pawmot|spd|1\n|move|p1b: Tinkaton|Gigaton Hammer|p2b: Ting-Lu\n|-damage|p2b: Ting-Lu|0 fnt\n|faint|p2b: Ting-Lu\n|move|p2a: Chien-Pao|Sacred Sword|p1a: Pawmot\n|-damage|p1a: Pawmot|35\/100\n|\n|upkeep\n|\n|t:|1683076840\n|switch|p2b: Iron Moth|Iron Moth, L50|100\/100\n|-enditem|p2b: Iron Moth|Booster Energy\n|-activate|p2b: Iron Moth|ability: Quark Drive|[fromitem]\n|-start|p2b: Iron Moth|quarkdrivespa\n|turn|4\n|\n|t:|1683076855\n|-terastallize|p1a: Pawmot|Fighting\n|move|p1a: Pawmot|Mach Punch|p2a: Chien-Pao\n|-supereffective|p2a: Chien-Pao\n|-crit|p2a: Chien-Pao\n|-enditem|p2a: Chien-Pao|Focus Sash\n|-damage|p2a: Chien-Pao|1\/100 par\n|move|p2a: Chien-Pao|Sucker Punch||[still]\n|-fail|p2a: Chien-Pao\n|move|p2b: Iron Moth|Heat Wave|p1b: Tinkaton|[spread] p1a,p1b\n|-supereffective|p1b: Tinkaton\n|-damage|p1a: Pawmot|0 fnt\n|-damage|p1b: Tinkaton|12\/100\n|faint|p1a: Pawmot\n|move|p1b: Tinkaton|Thunder Wave|p2b: Iron Moth\n|-status|p2b: Iron Moth|par\n|\n|upkeep\n|c|\u2606jaymie_12345|im in class lad\n|\n|t:|1683076870\n|switch|p1a: Iron Bundle|Iron Bundle, L50|100\/100\n|-enditem|p1a: Iron Bundle|Booster Energy\n|-activate|p1a: Iron Bundle|ability: Quark Drive|[fromitem]\n|-start|p1a: Iron Bundle|quarkdrivespa\n|turn|5\n|c|\u2606Renan 26|lol\n|\n|t:|1683076893\n|move|p2b: Iron Moth|Protect|p2b: Iron Moth\n|-singleturn|p2b: Iron Moth|Protect\n|move|p2a: Chien-Pao|Sucker Punch|p1a: Iron Bundle\n|-damage|p1a: Iron Bundle|52\/100\n|move|p1a: Iron Bundle|Hydro Pump|p2b: Iron Moth\n|-activate|p2b: Iron Moth|move: Protect\n|move|p1b: Tinkaton|Gigaton Hammer|p2a: Chien-Pao\n|-supereffective|p2a: Chien-Pao\n|-damage|p2a: Chien-Pao|0 fnt\n|faint|p2a: Chien-Pao\n|\n|upkeep\n|\n|t:|1683076903\n|switch|p2a: Dragapult|Dragapult, L50, F, tera:Steel|100\/100\n|turn|6\n|\n|t:|1683076926\n|move|p2a: Dragapult|Dragon Darts|p1a: Iron Bundle\n|-damage|p1a: Iron Bundle|17\/100\n|-anim|p2a: Dragapult|Dragon Darts|p1a: Iron Bundle\n|-damage|p1a: Iron Bundle|0 fnt\n|faint|p1a: Iron Bundle\n|-end|p1a: Iron Bundle|Quark Drive|[silent]\n|move|p1b: Tinkaton|Thunder Wave|p2a: Dragapult\n|-status|p2a: Dragapult|par\n|move|p2b: Iron Moth|Heat Wave|p1b: Tinkaton\n|-supereffective|p1b: Tinkaton\n|-damage|p1b: Tinkaton|0 fnt\n|faint|p1b: Tinkaton\n|\n|win|Renan 26\n|raw|jaymie_12345's rating: 1046 → 1030<\/strong> (-16 for losing)\n|raw|Renan 26's rating: 1074 → 1101<\/strong> (+27 for winning)\n|c|\u2606Renan 26|gg\n|c|\u2606jaymie_12345|gg\n|c|\u2606Renan 26|^^\n","uploadtime":1683076949,"views":10,"p1id":"jaymie12345","p2id":"renan26","formatid":"gen9vgc2023regulationc","rating":1030,"private":0,"password":""}