{"id":"gen9vgc2023regulationc-1855386086","p1":"JEx_889","p2":"UltimoRyu","format":"[Gen 9] VGC 2023 Regulation C","log":"|j|\u2606JEx_889\n|j|\u2606UltimoRyu\n|t:|1682946088\n|gametype|doubles\n|player|p1|JEx_889|2|1057\n|player|p2|UltimoRyu|crasherwake|1102\n|teamsize|p1|6\n|teamsize|p2|6\n|gen|9\n|tier|[Gen 9] VGC 2023 Regulation C\n|rated|\n|rule|Species Clause: Limit one of each Pok\u00e9mon\n|rule|Item Clause: Limit one of each item\n|clearpoke\n|poke|p1|Chi-Yu, L50|\n|poke|p1|Roaring Moon, L50|\n|poke|p1|Gyarados, L50, M|\n|poke|p1|Amoonguss, L50, M|\n|poke|p1|Sandy Shocks, L50|\n|poke|p1|Flutter Mane, L50|\n|poke|p2|Garchomp, L50, M|\n|poke|p2|Rotom-Wash, L50|\n|poke|p2|Iron Bundle, L50|\n|poke|p2|Gyarados, L50, F|\n|poke|p2|Slither Wing, L50|\n|poke|p2|Gardevoir, L50, M|\n|teampreview|4\n|\n|t:|1682946184\n|start\n|switch|p1a: Flutter Mane|Flutter Mane, L50|100\/100\n|switch|p1b: Sandy Shocks|Sandy Shocks, L50|100\/100\n|switch|p2a: Rotom|Rotom-Wash, L50|100\/100\n|switch|p2b: Gardevoir|Gardevoir, L50, M|100\/100\n|turn|1\n|\n|t:|1682946206\n|move|p1a: Flutter Mane|Protect|p1a: Flutter Mane\n|-singleturn|p1a: Flutter Mane|Protect\n|move|p1b: Sandy Shocks|Gravity|p1b: Sandy Shocks\n|-fieldstart|move: Gravity\n|move|p2a: Rotom|Hydro Pump|p1b: Sandy Shocks\n|-supereffective|p1b: Sandy Shocks\n|-damage|p1b: Sandy Shocks|0 fnt\n|faint|p1b: Sandy Shocks\n|-end|p1b: Sandy Shocks|Protosynthesis|[silent]\n|move|p2b: Gardevoir|Thunder Wave|p1a: Flutter Mane\n|-activate|p1a: Flutter Mane|move: Protect\n|\n|upkeep\n|\n|t:|1682946214\n|switch|p1b: Roaring Moon|Roaring Moon, L50|100\/100\n|-enditem|p1b: Roaring Moon|Booster Energy\n|-activate|p1b: Roaring Moon|ability: Protosynthesis|[fromitem]\n|-start|p1b: Roaring Moon|protosynthesisatk\n|turn|2\n|\n|t:|1682946237\n|-terastallize|p1b: Roaring Moon|Flying\n|move|p1b: Roaring Moon|Acrobatics|p2b: Gardevoir\n|-damage|p2b: Gardevoir|0 fnt\n|faint|p2b: Gardevoir\n|move|p1a: Flutter Mane|Shadow Ball|p2a: Rotom\n|-crit|p2a: Rotom\n|-damage|p2a: Rotom|15\/100\n|-unboost|p2a: Rotom|spd|1\n|-damage|p1a: Flutter Mane|91\/100|[from] item: Life Orb\n|move|p2a: Rotom|Discharge|p1a: Flutter Mane|[spread] p1a,p1b\n|-supereffective|p1b: Roaring Moon\n|-damage|p1a: Flutter Mane|68\/100\n|-damage|p1b: Roaring Moon|37\/100\n|\n|upkeep\n|\n|t:|1682946242\n|switch|p2b: Iron Bundle|Iron Bundle, L50|100\/100\n|turn|3\n|\n|t:|1682946262\n|move|p1b: Roaring Moon|Protect|p1b: Roaring Moon\n|-singleturn|p1b: Roaring Moon|Protect\n|move|p1a: Flutter Mane|Protect|p1a: Flutter Mane\n|-singleturn|p1a: Flutter Mane|Protect\n|move|p2b: Iron Bundle|Icy Wind|p1a: Flutter Mane|[spread] \n|-activate|p1a: Flutter Mane|move: Protect\n|-activate|p1b: Roaring Moon|move: Protect\n|move|p2a: Rotom|Hydro Pump|p1a: Flutter Mane\n|-activate|p1a: Flutter Mane|move: Protect\n|\n|upkeep\n|turn|4\n|\n|t:|1682946277\n|-end|p1b: Roaring Moon|Protosynthesis|[silent]\n|switch|p1b: Gyarados|Gyarados, L50, M|100\/100\n|-ability|p1b: Gyarados|Intimidate|boost\n|-unboost|p2a: Rotom|atk|1\n|-unboost|p2b: Iron Bundle|atk|1\n|move|p2b: Iron Bundle|Icy Wind|p1b: Gyarados|[spread] p1a,p1b\n|-damage|p1a: Flutter Mane|47\/100\n|-damage|p1b: Gyarados|82\/100\n|-unboost|p1a: Flutter Mane|spe|1\n|-unboost|p1b: Gyarados|spe|1\n|move|p2a: Rotom|Hydro Pump|p1a: Flutter Mane\n|-damage|p1a: Flutter Mane|5\/100\n|move|p1a: Flutter Mane|Shadow Ball|p2a: Rotom\n|-damage|p2a: Rotom|0 fnt\n|faint|p2a: Rotom\n|-damage|p1a: Flutter Mane|0 fnt|[from] item: Life Orb\n|faint|p1a: Flutter Mane\n|-end|p1a: Flutter Mane|Protosynthesis|[silent]\n|\n|upkeep\n|\n|t:|1682946291\n|switch|p1a: Roaring Moon|Roaring Moon, L50, tera:Flying|37\/100\n|switch|p2a: Slither Wing|Slither Wing, L50|100\/100\n|turn|5\n|\n|t:|1682946315\n|-terastallize|p2a: Slither Wing|Steel\n|move|p1a: Roaring Moon|Protect|p1a: Roaring Moon\n|-singleturn|p1a: Roaring Moon|Protect\n|move|p1b: Gyarados|Protect|p1b: Gyarados\n|-singleturn|p1b: Gyarados|Protect\n|move|p2b: Iron Bundle|Icy Wind|p1b: Gyarados|[spread] \n|-activate|p1a: Roaring Moon|move: Protect\n|-activate|p1b: Gyarados|move: Protect\n|move|p2a: Slither Wing|Close Combat|p1b: Gyarados\n|-activate|p1b: Gyarados|move: Protect\n|\n|-fieldend|move: Gravity\n|upkeep\n|turn|6\n|\n|t:|1682946341\n|move|p2b: Iron Bundle|Icy Wind|p1b: Gyarados|[spread] p1a,p1b\n|-supereffective|p1a: Roaring Moon\n|-damage|p1a: Roaring Moon|0 fnt\n|-damage|p1b: Gyarados|62\/100\n|-unboost|p1b: Gyarados|spe|1\n|faint|p1a: Roaring Moon\n|-end|p1a: Roaring Moon|Protosynthesis|[silent]\n|move|p2a: Slither Wing|Close Combat|p1b: Gyarados\n|-resisted|p1b: Gyarados\n|-damage|p1b: Gyarados|8\/100\n|-unboost|p2a: Slither Wing|def|1\n|-unboost|p2a: Slither Wing|spd|1\n|move|p1b: Gyarados|Waterfall|p2b: Iron Bundle\n|-resisted|p2b: Iron Bundle\n|-damage|p2b: Iron Bundle|78\/100\n|\n|upkeep\n|turn|7\n|-message|JEx_889 forfeited.\n|\n|win|UltimoRyu\n|raw|JEx_889's rating: 1057 → 1041<\/strong> (-16 for losing)\n|raw|UltimoRyu's rating: 1102 → 1124<\/strong> (+22 for winning)\n|l|\u2606JEx_889\n","uploadtime":1682946364,"views":17,"p1id":"jex889","p2id":"ultimoryu","formatid":"gen9vgc2023regulationc","rating":1041,"private":0,"password":""}