{"id":"gen9vgc2023regulationc-1859500436","p1":"diotorpedo","p2":"Arcacagne","format":"[Gen 9] VGC 2023 Regulation C","log":"|j|\u2606diotorpedo\n|j|\u2606Arcacagne\n|t:|1683477378\n|gametype|doubles\n|player|p1|diotorpedo|169|1262\n|player|p2|Arcacagne|2|1180\n|teamsize|p1|6\n|teamsize|p2|6\n|gen|9\n|tier|[Gen 9] VGC 2023 Regulation C\n|rated|\n|rule|Species Clause: Limit one of each Pok\u00e9mon\n|rule|Item Clause: Limit one of each item\n|clearpoke\n|poke|p1|Orthworm, L50, M|\n|poke|p1|Ting-Lu, L50|\n|poke|p1|Dragonite, L50, M|\n|poke|p1|Gyarados, L50, F|\n|poke|p1|Chien-Pao, L50|\n|poke|p1|Flutter Mane, L50|\n|poke|p2|Chi-Yu, L50|\n|poke|p2|Flutter Mane, L50|\n|poke|p2|Amoonguss, L50, M|\n|poke|p2|Palafin, L50, M|\n|poke|p2|Kingambit, L50, F|\n|poke|p2|Arcanine, L50, F|\n|teampreview|4\n|inactive|Battle timer is ON: inactive players will automatically lose when time's up. (requested by diotorpedo)\n|inactive|Arcacagne has 60 seconds left.\n|\n|t:|1683477412\n|start\n|switch|p1a: Orthworm|Orthworm, L50, M|100\/100\n|switch|p1b: Ting-Lu|Ting-Lu, L50|100\/100\n|switch|p2a: Chi-Yu|Chi-Yu, L50|100\/100\n|switch|p2b: Palafin|Palafin, L50, M|100\/100\n|-ability|p2a: Chi-Yu|Beads of Ruin\n|-ability|p1b: Ting-Lu|Vessel of Ruin\n|turn|1\n|\n|t:|1683477435\n|detailschange|p2b: Palafin|Palafin-Hero, L50, M\n|switch|p2b: Amoonguss|Amoonguss, L50, M|100\/100\n|move|p2a: Chi-Yu|Protect|p2a: Chi-Yu\n|-singleturn|p2a: Chi-Yu|Protect\n|move|p1a: Orthworm|Protect|p1a: Orthworm\n|-singleturn|p1a: Orthworm|Protect\n|move|p1b: Ting-Lu|Earthquake|p2b: Amoonguss|[spread] p2b\n|-activate|p1a: Orthworm|move: Protect\n|-activate|p2a: Chi-Yu|move: Protect\n|-damage|p2b: Amoonguss|63\/100\n|\n|upkeep\n|turn|2\n|\n|t:|1683477452\n|-terastallize|p2a: Chi-Yu|Water\n|move|p2a: Chi-Yu|Nasty Plot|p2a: Chi-Yu\n|-boost|p2a: Chi-Yu|spa|2\n|move|p1a: Orthworm|Shed Tail|p1a: Orthworm\n|-start|p1a: Orthworm|Substitute|[from] move: Shed Tail\n|-damage|p1a: Orthworm|50\/100\n|-enditem|p1a: Orthworm|Sitrus Berry|[eat]\n|-heal|p1a: Orthworm|75\/100|[from] item: Sitrus Berry\n|\n|t:|1683477461\n|switch|p1a: Chien-Pao|Chien-Pao, L50|100\/100|[from] Shed Tail\n|-ability|p1a: Chien-Pao|Sword of Ruin\n|move|p1b: Ting-Lu|Earthquake|p2b: Amoonguss|[spread] p1a,p2a,p2b\n|-end|p1a: Chien-Pao|Substitute\n|-damage|p2a: Chi-Yu|30\/100\n|-damage|p2b: Amoonguss|19\/100\n|-enditem|p2b: Amoonguss|Sitrus Berry|[eat]\n|-heal|p2b: Amoonguss|43\/100|[from] item: Sitrus Berry\n|move|p2b: Amoonguss|Spore|p1b: Ting-Lu\n|-status|p1b: Ting-Lu|slp|[from] move: Spore\n|\n|upkeep\n|turn|3\n|\n|t:|1683477484\n|move|p2b: Amoonguss|Rage Powder|p2b: Amoonguss\n|-singleturn|p2b: Amoonguss|move: Rage Powder\n|move|p1a: Chien-Pao|Sacred Sword|p2b: Amoonguss\n|-resisted|p2b: Amoonguss\n|-damage|p2b: Amoonguss|26\/100\n|move|p2a: Chi-Yu|Heat Wave|p1b: Ting-Lu|[spread] p1a,p1b\n|-supereffective|p1a: Chien-Pao\n|-enditem|p1a: Chien-Pao|Focus Sash\n|-damage|p1a: Chien-Pao|1\/100\n|-damage|p1b: Ting-Lu|45\/100 slp\n|cant|p1b: Ting-Lu|slp\n|\n|upkeep\n|turn|4\n|\n|t:|1683477500\n|move|p2b: Amoonguss|Rage Powder|p2b: Amoonguss\n|-singleturn|p2b: Amoonguss|move: Rage Powder\n|move|p1a: Chien-Pao|Ice Spinner|p2b: Amoonguss\n|-supereffective|p2b: Amoonguss\n|-damage|p2b: Amoonguss|0 fnt\n|faint|p2b: Amoonguss\n|move|p2a: Chi-Yu|Heat Wave|p1a: Chien-Pao|[spread] p1a,p1b\n|-supereffective|p1a: Chien-Pao\n|-damage|p1a: Chien-Pao|0 fnt\n|-damage|p1b: Ting-Lu|0 fnt\n|faint|p1a: Chien-Pao\n|faint|p1b: Ting-Lu\n|\n|upkeep\n|\n|t:|1683477511\n|switch|p1a: Dragonite|Dragonite, L50, M|100\/100\n|switch|p1b: Orthworm|Orthworm, L50, M|75\/100\n|switch|p2b: Flutter Mane|Flutter Mane, L50|100\/100\n|-enditem|p2b: Flutter Mane|Booster Energy\n|-activate|p2b: Flutter Mane|ability: Protosynthesis|[fromitem]\n|-start|p2b: Flutter Mane|protosynthesisspa\n|turn|5\n|\n|t:|1683477530\n|-terastallize|p1b: Orthworm|Electric\n|move|p2a: Chi-Yu|Protect|p2a: Chi-Yu\n|-singleturn|p2a: Chi-Yu|Protect\n|move|p2b: Flutter Mane|Substitute|p2b: Flutter Mane\n|-start|p2b: Flutter Mane|Substitute\n|-damage|p2b: Flutter Mane|76\/100\n|move|p1a: Dragonite|Dragon Dance|p1a: Dragonite\n|-boost|p1a: Dragonite|atk|1\n|-boost|p1a: Dragonite|spe|1\n|move|p1b: Orthworm|Body Press|p2b: Flutter Mane\n|-immune|p2b: Flutter Mane\n|\n|upkeep\n|turn|6\n|c|\u2606Arcacagne|?\n|inactive|diotorpedo has 30 seconds left.\n|\n|t:|1683477559\n|move|p1b: Orthworm|Protect|p1b: Orthworm\n|-singleturn|p1b: Orthworm|Protect\n|move|p1a: Dragonite|Extreme Speed|p2a: Chi-Yu\n|-damage|p2a: Chi-Yu|0 fnt\n|faint|p2a: Chi-Yu\n|move|p2b: Flutter Mane|Moonblast|p1a: Dragonite\n|-supereffective|p1a: Dragonite\n|-damage|p1a: Dragonite|41\/100\n|\n|upkeep\n|\n|t:|1683477568\n|switch|p2a: Palafin|Palafin-Hero, L50, M|100\/100\n|-activate|p2a: Palafin|ability: Zero to Hero\n|turn|7\n|\n|t:|1683477577\n|move|p2a: Palafin|Jet Punch|p1a: Dragonite\n|-resisted|p1a: Dragonite\n|-damage|p1a: Dragonite|19\/100\n|move|p2b: Flutter Mane|Moonblast|p1b: Orthworm\n|-damage|p1b: Orthworm|0 fnt\n|faint|p1b: Orthworm\n|move|p1a: Dragonite|Earthquake|p2a: Palafin|[spread] p2a,p2b\n|-end|p2b: Flutter Mane|Substitute\n|-damage|p2a: Palafin|57\/100\n|\n|upkeep\n|turn|8\n|\n|t:|1683477589\n|move|p2a: Palafin|Jet Punch|p1a: Dragonite\n|-resisted|p1a: Dragonite\n|-crit|p1a: Dragonite\n|-damage|p1a: Dragonite|0 fnt\n|faint|p1a: Dragonite\n|\n|win|Arcacagne\n|raw|diotorpedo's rating: 1262 → 1231<\/strong> (-31 for losing)\n|raw|Arcacagne's rating: 1180 → 1211<\/strong> (+31 for winning)\n|l|\u2606diotorpedo\n","uploadtime":1683477600,"views":14,"p1id":"diotorpedo","p2id":"arcacagne","formatid":"gen9vgc2023regulationc","rating":1211,"private":0,"password":""}