{"id":"gen9vgc2023regulationc-1846674508","p1":"iamdole","p2":"Kenoko","format":"[Gen 9] VGC 2023 Regulation C","log":"|j|\u2606iamdole\n|j|\u2606Kenoko\n|t:|1681864412\n|gametype|doubles\n|player|p1|iamdole|265|1072\n|player|p2|Kenoko|scientist-gen4dp|1000\n|teamsize|p1|6\n|teamsize|p2|6\n|gen|9\n|tier|[Gen 9] VGC 2023 Regulation C\n|rated|\n|rule|Species Clause: Limit one of each Pok\u00e9mon\n|rule|Item Clause: Limit one of each item\n|clearpoke\n|poke|p1|Roaring Moon, L50|\n|poke|p1|Amoonguss, L50, M|\n|poke|p1|Wo-Chien, L50|\n|poke|p1|Arcanine, L50, F|\n|poke|p1|Annihilape, L50, F|\n|poke|p1|Maushold, L50|\n|poke|p2|Chien-Pao, L50|\n|poke|p2|Pelipper, L50, M|\n|poke|p2|Brute Bonnet, L50|\n|poke|p2|Dragonite, L50, F|\n|poke|p2|Tauros-Paldea-Aqua, L50, M|\n|poke|p2|Gothitelle, L50, F|\n|teampreview|4\n|\n|t:|1681864439\n|start\n|switch|p1a: Roaring Moon|Roaring Moon, L50|100\/100\n|switch|p1b: Wo-Chien|Wo-Chien, L50|100\/100\n|switch|p2a: birb|Pelipper, L50, M|100\/100\n|switch|p2b: bull|Tauros-Paldea-Aqua, L50, M|100\/100\n|-ability|p2b: bull|Intimidate|boost\n|-unboost|p1a: Roaring Moon|atk|1\n|-unboost|p1b: Wo-Chien|atk|1\n|-ability|p1b: Wo-Chien|Tablets of Ruin\n|-weather|RainDance|[from] ability: Drizzle|[of] p2a: birb\n|-enditem|p1a: Roaring Moon|Booster Energy\n|-activate|p1a: Roaring Moon|ability: Protosynthesis|[fromitem]\n|-start|p1a: Roaring Moon|protosynthesisspe\n|turn|1\n|\n|t:|1681864471\n|-terastallize|p1a: Roaring Moon|Dragon\n|move|p2b: bull|Protect|p2b: bull\n|-singleturn|p2b: bull|Protect\n|move|p1a: Roaring Moon|Breaking Swipe|p2a: birb|[spread] p2a\n|-activate|p2b: bull|move: Protect\n|-damage|p2a: birb|85\/100\n|-unboost|p2a: birb|atk|1\n|move|p1b: Wo-Chien|Leech Seed|p2b: bull\n|-activate|p2b: bull|move: Protect\n|move|p2a: birb|Hurricane|p1b: Wo-Chien\n|-supereffective|p1b: Wo-Chien\n|-damage|p1b: Wo-Chien|62\/100\n|-start|p1b: Wo-Chien|confusion\n|\n|-weather|RainDance|[upkeep]\n|-heal|p1b: Wo-Chien|68\/100|[from] item: Leftovers\n|upkeep\n|turn|2\n|\n|t:|1681864514\n|move|p1a: Roaring Moon|Breaking Swipe|p2a: birb|[spread] p2a,p2b\n|-damage|p2a: birb|71\/100\n|-damage|p2b: bull|79\/100\n|-unboost|p2a: birb|atk|1\n|move|p2b: bull|Close Combat|p1a: Roaring Moon\n|-damage|p1a: Roaring Moon|48\/100\n|-unboost|p2b: bull|def|1\n|-unboost|p2b: bull|spd|1\n|-activate|p1b: Wo-Chien|confusion\n|move|p1b: Wo-Chien|Leech Seed|p2b: bull\n|-start|p2b: bull|move: Leech Seed\n|move|p2a: birb|U-turn|p1b: Wo-Chien\n|-supereffective|p1b: Wo-Chien\n|-damage|p1b: Wo-Chien|56\/100\n|\n|t:|1681864532\n|switch|p2a: dwagon|Dragonite, L50, F|100\/100|[from] U-turn\n|\n|-weather|RainDance|[upkeep]\n|-heal|p1b: Wo-Chien|62\/100|[from] item: Leftovers\n|-damage|p2b: bull|67\/100|[from] Leech Seed|[of] p1b: Wo-Chien\n|-heal|p1b: Wo-Chien|71\/100|[silent]\n|upkeep\n|turn|3\n|\n|t:|1681864557\n|-terastallize|p2a: dwagon|Normal\n|move|p2b: bull|Protect|p2b: bull\n|-singleturn|p2b: bull|Protect\n|move|p1a: Roaring Moon|Breaking Swipe|p2a: dwagon|[spread] p2a\n|-activate|p2b: bull|move: Protect\n|-damage|p2a: dwagon|91\/100\n|-unboost|p2a: dwagon|atk|1\n|move|p2a: dwagon|Dragon Dance|p2a: dwagon\n|-boost|p2a: dwagon|atk|1\n|-boost|p2a: dwagon|spe|1\n|-activate|p1b: Wo-Chien|confusion\n|-damage|p1b: Wo-Chien|67\/100|[from] confusion\n|\n|-weather|RainDance|[upkeep]\n|-heal|p1b: Wo-Chien|73\/100|[from] item: Leftovers\n|-damage|p2b: bull|55\/100|[from] Leech Seed|[of] p1b: Wo-Chien\n|-heal|p1b: Wo-Chien|83\/100|[silent]\n|upkeep\n|turn|4\n|\n|t:|1681864590\n|switch|p2b: birb|Pelipper, L50, M|71\/100\n|move|p1a: Roaring Moon|Crunch|p2a: dwagon\n|-damage|p2a: dwagon|67\/100\n|move|p2a: dwagon|Earthquake|p1b: Wo-Chien|[spread] p1a,p1b\n|-immune|p2b: birb\n|-crit|p1a: Roaring Moon\n|-resisted|p1b: Wo-Chien\n|-damage|p1a: Roaring Moon|7\/100\n|-damage|p1b: Wo-Chien|72\/100\n|-end|p1b: Wo-Chien|confusion\n|move|p1b: Wo-Chien|Body Press|p2a: dwagon\n|-supereffective|p2a: dwagon\n|-damage|p2a: dwagon|23\/100\n|\n|-weather|RainDance|[upkeep]\n|-heal|p1b: Wo-Chien|79\/100|[from] item: Leftovers\n|upkeep\n|turn|5\n|inactive|Battle timer is ON: inactive players will automatically lose when time's up. (requested by Kenoko)\n|\n|t:|1681864618\n|move|p2a: dwagon|Extreme Speed|p1a: Roaring Moon\n|-damage|p1a: Roaring Moon|0 fnt\n|faint|p1a: Roaring Moon\n|-end|p1a: Roaring Moon|Protosynthesis|[silent]\n|move|p1b: Wo-Chien|Body Press|p2a: dwagon\n|-supereffective|p2a: dwagon\n|-damage|p2a: dwagon|0 fnt\n|faint|p2a: dwagon\n|move|p2b: birb|Hurricane|p1b: Wo-Chien\n|-supereffective|p1b: Wo-Chien\n|-damage|p1b: Wo-Chien|37\/100\n|\n|-weather|RainDance|[upkeep]\n|-heal|p1b: Wo-Chien|43\/100|[from] item: Leftovers\n|upkeep\n|\n|t:|1681864639\n|switch|p1a: Annihilape|Annihilape, L50, F|100\/100\n|switch|p2a: tiger|Chien-Pao, L50|100\/100\n|-ability|p2a: tiger|Sword of Ruin\n|turn|6\n|inactive|iamdole has 30 seconds left.\n|inactive|iamdole has 20 seconds left.\n|\n|t:|1681864675\n|move|p2a: tiger|Icicle Crash|p1b: Wo-Chien\n|-supereffective|p1b: Wo-Chien\n|-crit|p1b: Wo-Chien\n|-damage|p1b: Wo-Chien|0 fnt\n|faint|p1b: Wo-Chien\n|move|p1a: Annihilape|Close Combat|p2a: tiger\n|-supereffective|p2a: tiger\n|-enditem|p2a: tiger|Focus Sash\n|-damage|p2a: tiger|1\/100\n|-unboost|p1a: Annihilape|def|1\n|-unboost|p1a: Annihilape|spd|1\n|-damage|p1a: Annihilape|91\/100|[from] item: Life Orb\n|move|p2b: birb|Hurricane|p1a: Annihilape\n|-supereffective|p1a: Annihilape\n|-damage|p1a: Annihilape|0 fnt\n|faint|p1a: Annihilape\n|\n|-weather|RainDance|[upkeep]\n|upkeep\n|\n|t:|1681864696\n|switch|p1b: Arcanine|Arcanine, L50, F|100\/100\n|-ability|p1b: Arcanine|Intimidate|boost\n|-unboost|p2a: tiger|atk|1\n|-unboost|p2b: birb|atk|1\n|turn|7\n|\n|t:|1681864716\n|move|p1b: Arcanine|Extreme Speed|p2a: tiger\n|-damage|p2a: tiger|0 fnt\n|faint|p2a: tiger\n|move|p2b: birb|Surf|p1b: Arcanine\n|-supereffective|p1b: Arcanine\n|-damage|p1b: Arcanine|0 fnt\n|faint|p1b: Arcanine\n|\n|win|Kenoko\n|raw|iamdole's rating: 1072 → 1047<\/strong> (-25 for losing)\n|raw|Kenoko's rating: 1000 → 1048<\/strong> (+48 for winning)\n","uploadtime":1681864723,"views":9,"p1id":"iamdole","p2id":"kenoko","formatid":"gen9vgc2023regulationc","rating":1047,"private":0,"password":""}