{"id":"gen9vgc2023regulationc-1850930491","p1":"fluttermane0101","p2":"MHSSI","format":"[Gen 9] VGC 2023 Regulation C","log":"|j|\u2606fluttermane0101\n|j|\u2606MHSSI\n|t:|1682383608\n|gametype|doubles\n|player|p1|fluttermane0101|170|1123\n|player|p2|MHSSI|lucas|1166\n|teamsize|p1|6\n|teamsize|p2|6\n|gen|9\n|tier|[Gen 9] VGC 2023 Regulation C\n|rated|\n|rule|Species Clause: Limit one of each Pok\u00e9mon\n|rule|Item Clause: Limit one of each item\n|clearpoke\n|poke|p1|Annihilape, L50, M|\n|poke|p1|Maushold-Four, L50|\n|poke|p1|Flutter Mane, L50|\n|poke|p1|Chien-Pao, L50|\n|poke|p1|Azumarill, L50, F|\n|poke|p1|Farigiraf, L50, M|\n|poke|p2|Arboliva, L50, M|\n|poke|p2|Ceruledge, L50, M|\n|poke|p2|Torkoal, L50, F|\n|poke|p2|Oranguru, L50, M|\n|poke|p2|Chi-Yu, L50|\n|poke|p2|Flutter Mane, L50|\n|teampreview|4\nMHSSI has agreed to open team sheets.\n|inactive|Battle timer is ON: inactive players will automatically lose when time's up. (requested by fluttermane0101)\n|inactive|fluttermane0101 has 60 seconds left.\n|\n|t:|1682383644\n|start\n|switch|p1a: Annihilape|Annihilape, L50, M|100\/100\n|switch|p1b: Maushold|Maushold-Four, L50|100\/100\n|switch|p2a: Oranguru|Oranguru, L50, M|100\/100\n|switch|p2b: Torkoal|Torkoal, L50, F|100\/100\n|-weather|SunnyDay|[from] ability: Drought|[of] p2b: Torkoal\n|turn|1\n|\n|t:|1682383662\n|-terastallize|p1a: Annihilape|Fire\n|move|p2b: Torkoal|Protect|p2b: Torkoal\n|-singleturn|p2b: Torkoal|Protect\n|move|p1b: Maushold|Beat Up|p1a: Annihilape\n|-damage|p1a: Annihilape|95\/100\n|-damage|p1a: Annihilape|91\/100\n|-damage|p1a: Annihilape|88\/100\n|-damage|p1a: Annihilape|84\/100\n|-hitcount|p1a: Annihilape|4\n|move|p1a: Annihilape|Rage Fist|p2a: Oranguru\n|-immune|p2a: Oranguru\n|move|p2a: Oranguru|Trick Room|p2a: Oranguru\n|-fieldstart|move: Trick Room|[of] p2a: Oranguru\n|\n|-weather|SunnyDay|[upkeep]\n|-heal|p1a: Annihilape|90\/100|[from] item: Leftovers\n|upkeep\n|turn|2\n|inactive|MHSSI has 30 seconds left.\n|inactive|MHSSI has 20 seconds left.\n|-activate|p2b: Torkoal|item: Quick Claw\n|\n|t:|1682383702\n|move|p1a: Annihilape|Protect|p1a: Annihilape\n|-singleturn|p1a: Annihilape|Protect\n|move|p1b: Maushold|Protect|p1b: Maushold\n|-singleturn|p1b: Maushold|Protect\n|move|p2b: Torkoal|Fissure|p1a: Annihilape\n|-activate|p1a: Annihilape|move: Protect\n|move|p2a: Oranguru|Instruct|p2b: Torkoal\n|-singleturn|p2b: Torkoal|move: Instruct|[of] p2a: Oranguru\n|move|p2b: Torkoal|Fissure|p1a: Annihilape\n|-activate|p1a: Annihilape|move: Protect\n|\n|-weather|SunnyDay|[upkeep]\n|-heal|p1a: Annihilape|96\/100|[from] item: Leftovers\n|upkeep\n|turn|3\n|inactive|fluttermane0101 has 30 seconds left.\n|\n|t:|1682383732\n|move|p2b: Torkoal|Eruption|p1a: Annihilape|[spread] p1a,p1b\n|-resisted|p1a: Annihilape\n|-damage|p1a: Annihilape|64\/100\n|-damage|p1b: Maushold|0 fnt\n|faint|p1b: Maushold\n|move|p2a: Oranguru|Instruct|p2b: Torkoal\n|-singleturn|p2b: Torkoal|move: Instruct|[of] p2a: Oranguru\n|move|p2b: Torkoal|Eruption|p1a: Annihilape\n|-resisted|p1a: Annihilape\n|-damage|p1a: Annihilape|22\/100\n|move|p1a: Annihilape|Drain Punch|p2b: Torkoal\n|-damage|p2b: Torkoal|75\/100\n|-heal|p1a: Annihilape|33\/100|[from] drain|[of] p2b: Torkoal\n|\n|-weather|SunnyDay|[upkeep]\n|-heal|p1a: Annihilape|39\/100|[from] item: Leftovers\n|upkeep\n|\n|t:|1682383746\n|switch|p1b: Azumarill|Azumarill, L50, F|100\/100\n|turn|4\n|\n|t:|1682383755\n|move|p1a: Annihilape|Protect|p1a: Annihilape\n|-singleturn|p1a: Annihilape|Protect\n|move|p2b: Torkoal|Eruption|p1b: Azumarill|[spread] p1b\n|-activate|p1a: Annihilape|move: Protect\n|-resisted|p1b: Azumarill\n|-damage|p1b: Azumarill|81\/100\n|move|p2a: Oranguru|Instruct|p2b: Torkoal\n|-singleturn|p2b: Torkoal|move: Instruct|[of] p2a: Oranguru\n|move|p2b: Torkoal|Eruption|p1a: Annihilape|[spread] p1b\n|-activate|p1a: Annihilape|move: Protect\n|-resisted|p1b: Azumarill\n|-damage|p1b: Azumarill|63\/100\n|move|p1b: Azumarill|Liquidation|p2b: Torkoal\n|-supereffective|p2b: Torkoal\n|-damage|p2b: Torkoal|34\/100\n|\n|-weather|SunnyDay|[upkeep]\n|-heal|p1a: Annihilape|45\/100|[from] item: Leftovers\n|upkeep\n|turn|5\n|inactive|MHSSI has 30 seconds left.\n|\n|t:|1682383784\n|move|p1b: Azumarill|Aqua Jet|p2b: Torkoal\n|-supereffective|p2b: Torkoal\n|-damage|p2b: Torkoal|16\/100\n|move|p2b: Torkoal|Fissure|p1a: Annihilape|[miss]\n|-miss|p2b: Torkoal|p1a: Annihilape\n|move|p2a: Oranguru|Instruct|p2b: Torkoal\n|-singleturn|p2b: Torkoal|move: Instruct|[of] p2a: Oranguru\n|move|p2b: Torkoal|Fissure|p1a: Annihilape\n|-damage|p1a: Annihilape|0 fnt\n|faint|p1a: Annihilape\n|-ohko\n|\n|-weather|none\n|-fieldend|move: Trick Room\n|upkeep\n|\n|t:|1682383797\n|switch|p1a: Flutter Mane|Flutter Mane, L50|100\/100\n|-enditem|p1a: Flutter Mane|Booster Energy\n|-activate|p1a: Flutter Mane|ability: Protosynthesis|[fromitem]\n|-start|p1a: Flutter Mane|protosynthesisspe\n|turn|6\n|-activate|p2b: Torkoal|item: Quick Claw\n|\n|t:|1682383815\n|move|p2b: Torkoal|Protect|p2b: Torkoal\n|-singleturn|p2b: Torkoal|Protect\n|move|p1b: Azumarill|Aqua Jet|p2b: Torkoal\n|-activate|p2b: Torkoal|move: Protect\n|move|p1a: Flutter Mane|Moonblast|p2b: Torkoal\n|-activate|p2b: Torkoal|move: Protect\n|move|p2a: Oranguru|Trick Room|p2a: Oranguru\n|-fieldstart|move: Trick Room|[of] p2a: Oranguru\n|\n|upkeep\n|turn|7\n|inactive|MHSSI has 30 seconds left.\n|\n|t:|1682383846\n|move|p1b: Azumarill|Aqua Jet|p2b: Torkoal\n|-supereffective|p2b: Torkoal\n|-damage|p2b: Torkoal|0 fnt\n|faint|p2b: Torkoal\n|move|p2a: Oranguru|Foul Play|p1a: Flutter Mane\n|-damage|p1a: Flutter Mane|79\/100\n|move|p1a: Flutter Mane|Moonblast|p2a: Oranguru\n|-damage|p2a: Oranguru|67\/100\n|\n|upkeep\n|\n|t:|1682383855\n|switch|p2b: Arboliva|Arboliva, L50, M|100\/100\n|turn|8\n|\n|t:|1682383875\n|move|p2b: Arboliva|Giga Drain|p1a: Flutter Mane\n|-damage|p1a: Flutter Mane|33\/100\n|move|p2a: Oranguru|Instruct|p2b: Arboliva\n|-singleturn|p2b: Arboliva|move: Instruct|[of] p2a: Oranguru\n|move|p2b: Arboliva|Giga Drain|p1a: Flutter Mane\n|-damage|p1a: Flutter Mane|0 fnt\n|faint|p1a: Flutter Mane\n|-end|p1a: Flutter Mane|Protosynthesis|[silent]\n|move|p1b: Azumarill|Ice Spinner|p2b: Arboliva\n|-supereffective|p2b: Arboliva\n|-damage|p2b: Arboliva|33\/100\n|-fieldstart|move: Grassy Terrain|[from] ability: Seed Sower|[of] p2b: Arboliva\n|\n|-heal|p2b: Arboliva|39\/100|[from] Grassy Terrain\n|-heal|p2a: Oranguru|73\/100|[from] Grassy Terrain\n|-heal|p1b: Azumarill|69\/100|[from] Grassy Terrain\n|upkeep\n|turn|9\n|\n|t:|1682383899\n|move|p2b: Arboliva|Hyper Voice|p1b: Azumarill\n|-damage|p1b: Azumarill|34\/100\n|-enditem|p2b: Arboliva|Throat Spray\n|-boost|p2b: Arboliva|spa|1|[from] item: Throat Spray\n|move|p2a: Oranguru|Instruct|p2b: Arboliva\n|-singleturn|p2b: Arboliva|move: Instruct|[of] p2a: Oranguru\n|move|p2b: Arboliva|Hyper Voice|p1b: Azumarill\n|-damage|p1b: Azumarill|0 fnt\n|faint|p1b: Azumarill\n|\n|win|MHSSI\n|raw|fluttermane0101's rating: 1123 → 1101<\/strong> (-22 for losing)\n|raw|MHSSI's rating: 1166 → 1188<\/strong> (+22 for winning)\n|l|\u2606fluttermane0101\n","uploadtime":1682383919,"views":8,"p1id":"fluttermane0101","p2id":"mhssi","formatid":"gen9vgc2023regulationc","rating":1101,"private":0,"password":""}