{"id":"gen9vgc2023regulationc-1847810282","p1":"Humanberrito 2.0","p2":"OkiiVGC95","format":"[Gen 9] VGC 2023 Regulation C","log":"|j|\u2606Humanberrito 2.0\n|j|\u2606OkiiVGC95\n|t:|1682003858\n|gametype|doubles\n|player|p1|Humanberrito 2.0|unknown|1176\n|player|p2|OkiiVGC95|pryce|1173\n|teamsize|p1|6\n|teamsize|p2|6\n|gen|9\n|tier|[Gen 9] VGC 2023 Regulation C\n|rated|\n|rule|Species Clause: Limit one of each Pok\u00e9mon\n|rule|Item Clause: Limit one of each item\n|clearpoke\n|poke|p1|Flutter Mane, L50|\n|poke|p1|Ting-Lu, L50|\n|poke|p1|Arcanine, L50, F|\n|poke|p1|Palafin, L50, F|\n|poke|p1|Chien-Pao, L50|\n|poke|p1|Pelipper, L50, F|\n|poke|p2|Rotom-Wash, L50|\n|poke|p2|Arcanine, L50, F|\n|poke|p2|Chien-Pao, L50|\n|poke|p2|Flutter Mane, L50|\n|poke|p2|Amoonguss, L50, M|\n|poke|p2|Scizor, L50, M|\n|teampreview|4\nHumanberrito 2.0 has agreed to open team sheets.\nOkiiVGC95 has agreed to open team sheets.\n|\n|t:|1682003898\n|start\n|switch|p1a: Flutter Mane|Flutter Mane, L50|100\/100\n|switch|p1b: Arcanine|Arcanine, L50, F|100\/100\n|switch|p2a: Rotom|Rotom-Wash, L50|100\/100\n|switch|p2b: Scizor|Scizor, L50, M|100\/100\n|-ability|p1b: Arcanine|Intimidate|boost\n|-unboost|p2a: Rotom|atk|1\n|-unboost|p2b: Scizor|atk|1\n|turn|1\n|\n|t:|1682003945\n|-terastallize|p2b: Scizor|Fire\n|move|p1a: Flutter Mane|Moonblast|p2a: Rotom\n|-damage|p2a: Rotom|29\/100\n|-enditem|p2a: Rotom|Sitrus Berry|[eat]\n|-heal|p2a: Rotom|54\/100|[from] item: Sitrus Berry\n|move|p1b: Arcanine|Flare Blitz|p2b: Scizor\n|-resisted|p2b: Scizor\n|-damage|p2b: Scizor|75\/100\n|-damage|p1b: Arcanine|93\/100|[from] Recoil\n|move|p2a: Rotom|Thunderbolt|p1b: Arcanine\n|-damage|p1b: Arcanine|63\/100\n|move|p2b: Scizor|U-turn|p1b: Arcanine\n|-resisted|p1b: Arcanine\n|-crit|p1b: Arcanine\n|-damage|p1b: Arcanine|16\/100\n|\n|t:|1682003960\n|switch|p2b: Flutter Mane|Flutter Mane, L50|100\/100|[from] U-turn\n|-enditem|p2b: Flutter Mane|Booster Energy\n|-activate|p2b: Flutter Mane|ability: Protosynthesis|[fromitem]\n|-start|p2b: Flutter Mane|protosynthesisspe\n|\n|upkeep\n|turn|2\n|\n|t:|1682003991\n|switch|p2a: Amoonguss|Amoonguss, L50, M|100\/100\n|-terastallize|p1a: Flutter Mane|Fairy\n|move|p2b: Flutter Mane|Shadow Ball|p1b: Arcanine\n|-damage|p1b: Arcanine|0 fnt\n|faint|p1b: Arcanine\n|move|p1a: Flutter Mane|Moonblast|p2a: Amoonguss\n|-resisted|p2a: Amoonguss\n|-damage|p2a: Amoonguss|57\/100\n|-unboost|p2a: Amoonguss|spa|1\n|\n|upkeep\n|\n|t:|1682003999\n|switch|p1b: Chien-Pao|Chien-Pao, L50|100\/100\n|-ability|p1b: Chien-Pao|Sword of Ruin\n|turn|3\n|\n|t:|1682004023\n|-end|p1a: Flutter Mane|Protosynthesis|[silent]\n|switch|p1a: Ting-Lu|Ting-Lu, L50|100\/100\n|-ability|p1a: Ting-Lu|Vessel of Ruin\n|move|p2a: Amoonguss|Protect|p2a: Amoonguss\n|-singleturn|p2a: Amoonguss|Protect\n|move|p2b: Flutter Mane|Dazzling Gleam|p1b: Chien-Pao|[spread] p1a,p1b\n|-supereffective|p1a: Ting-Lu\n|-supereffective|p1b: Chien-Pao\n|-damage|p1a: Ting-Lu|75\/100\n|-damage|p1b: Chien-Pao|24\/100\n|move|p1b: Chien-Pao|Ice Spinner|p2b: Flutter Mane\n|-damage|p2b: Flutter Mane|0 fnt\n|faint|p2b: Flutter Mane\n|-end|p2b: Flutter Mane|Protosynthesis|[silent]\n|\n|upkeep\n|\n|t:|1682004037\n|switch|p2b: Scizor|Scizor, L50, M, tera:Fire|75\/100\n|turn|4\n|\n|t:|1682004056\n|move|p1b: Chien-Pao|Protect|p1b: Chien-Pao\n|-singleturn|p1b: Chien-Pao|Protect\n|move|p2b: Scizor|U-turn|p1a: Ting-Lu\n|-supereffective|p1a: Ting-Lu\n|-crit|p1a: Ting-Lu\n|-damage|p1a: Ting-Lu|0 fnt\n|faint|p1a: Ting-Lu\n|\n|t:|1682004062\n|switch|p2b: Rotom|Rotom-Wash, L50|54\/100|[from] U-turn\n|move|p2a: Amoonguss|Pollen Puff|p1b: Chien-Pao\n|-activate|p1b: Chien-Pao|move: Protect\n|\n|upkeep\n|\n|t:|1682004069\n|switch|p1a: Flutter Mane|Flutter Mane, L50, tera:Fairy|100\/100\n|turn|5\n|\n|t:|1682004087\n|move|p2a: Amoonguss|Rage Powder|p2a: Amoonguss\n|-singleturn|p2a: Amoonguss|move: Rage Powder\n|move|p1b: Chien-Pao|Ice Spinner|p2a: Amoonguss\n|-supereffective|p2a: Amoonguss\n|-damage|p2a: Amoonguss|0 fnt\n|-damage|p1b: Chien-Pao|7\/100|[from] item: Rocky Helmet|[of] p2a: Amoonguss\n|faint|p2a: Amoonguss\n|move|p1a: Flutter Mane|Dazzling Gleam|p2b: Rotom\n|-damage|p2b: Rotom|0 fnt\n|faint|p2b: Rotom\n|\n|upkeep\n|\n|t:|1682004097\n|switch|p2b: Scizor|Scizor, L50, M, tera:Fire|75\/100\n|turn|6\n|\n|t:|1682004113\n|move|p1b: Chien-Pao|Sucker Punch|p2b: Scizor\n|-damage|p2b: Scizor|30\/100\n|move|p2b: Scizor|Bullet Punch|p1a: Flutter Mane\n|-supereffective|p1a: Flutter Mane\n|-damage|p1a: Flutter Mane|0 fnt\n|faint|p1a: Flutter Mane\n|-end|p1a: Flutter Mane|Protosynthesis|[silent]\n|\n|upkeep\n|turn|7\n|\n|t:|1682004123\n|move|p1b: Chien-Pao|Sucker Punch|p2b: Scizor\n|-damage|p2b: Scizor|0 fnt\n|faint|p2b: Scizor\n|\n|win|Humanberrito 2.0\n|raw|Humanberrito 2.0's rating: 1176 → 1201<\/strong> (+25 for winning)\n|raw|OkiiVGC95's rating: 1173 → 1148<\/strong> (-25 for losing)\n|l|\u2606OkiiVGC95\n","uploadtime":1682004147,"views":6,"p1id":"humanberrito20","p2id":"okiivgc95","formatid":"gen9vgc2023regulationc","rating":1148,"private":0,"password":""}