{"id":"gen9vgc2023regulationc-1848997347","p1":"Duck-Monke","p2":"XZacLee","format":"[Gen 9] VGC 2023 Regulation C","log":"|j|\u2606Duck-Monke\n|j|\u2606XZacLee\n|t:|1682136504\n|gametype|doubles\n|player|p1|Duck-Monke|li|1235\n|player|p2|XZacLee|larry|1313\n|teamsize|p1|6\n|teamsize|p2|6\n|gen|9\n|tier|[Gen 9] VGC 2023 Regulation C\n|rated|\n|rule|Species Clause: Limit one of each Pok\u00e9mon\n|rule|Item Clause: Limit one of each item\n|clearpoke\n|poke|p1|Rabsca, L50, F|\n|poke|p1|Pelipper, L50, M|\n|poke|p1|Ting-Lu, L50|\n|poke|p1|Palafin, L50, M|\n|poke|p1|Flutter Mane, L50|\n|poke|p1|Amoonguss, L50, F|\n|poke|p2|Palafin, L50, M|\n|poke|p2|Arcanine, L50, F|\n|poke|p2|Flutter Mane, L50|\n|poke|p2|Amoonguss, L50, M|\n|poke|p2|Ting-Lu, L50|\n|poke|p2|Roaring Moon, L50|\n|teampreview|4\nXZacLee has agreed to open team sheets.\n|c|\u2606Duck-Monke|hf\n|c|\u2606XZacLee|glhf\n|c|\u2606Duck-Monke|paste?\nDuck-Monke has agreed to open team sheets.\n|c|\u2606XZacLee|its just paul chuas team\n|c|\u2606XZacLee|i can give it to you if you want after the game tho\n|c|\u2606Duck-Monke|ok\n|c|\u2606Duck-Monke|https:\/\/pokepast.es\/81c4f93cea178389\n|c|\u2606Duck-Monke|i meant like\n|c|\u2606Duck-Monke|ots\n|c|\u2606XZacLee|oh lol yes i love ots\n|c|\u2606Duck-Monke|for accessibility\n|c|\u2606XZacLee|cts makes me cry\n|c|\u2606XZacLee|https:\/\/pokepast.es\/1a6d528478d0e242\n|\n|t:|1682136612\n|start\n|switch|p1a: Palafin|Palafin, L50, M|100\/100\n|switch|p1b: Flutter Mane|Flutter Mane, L50|100\/100\n|switch|p2a: Palafin|Palafin, L50, M|100\/100\n|switch|p2b: Flutter Mane|Flutter Mane, L50|100\/100\n|turn|1\n|\n|t:|1682136652\n|move|p2a: Palafin|Jet Punch|p1b: Flutter Mane\n|-damage|p1b: Flutter Mane|40\/100\n|move|p1a: Palafin|Flip Turn|p2b: Flutter Mane\n|-damage|p2b: Flutter Mane|59\/100\n|\n|t:|1682136658\n|detailschange|p1a: Palafin|Palafin-Hero, L50, M\n|switch|p1a: Ting-Lu|Ting-Lu, L50|100\/100|[from] Flip Turn\n|-ability|p1a: Ting-Lu|Vessel of Ruin\n|move|p2b: Flutter Mane|Moonblast|p1b: Flutter Mane\n|-damage|p1b: Flutter Mane|0 fnt\n|faint|p1b: Flutter Mane\n|-end|p1b: Flutter Mane|Protosynthesis|[silent]\n|\n|upkeep\n|\n|t:|1682136671\n|switch|p1b: Palafin|Palafin-Hero, L50, M|100\/100\n|-activate|p1b: Palafin|ability: Zero to Hero\n|turn|2\n|\n|t:|1682136678\n|-end|p2b: Flutter Mane|Protosynthesis|[silent]\n|switch|p2b: Amoonguss|Amoonguss, L50, M|100\/100\n|detailschange|p2a: Palafin|Palafin-Hero, L50, M\n|switch|p2a: Roaring Moon|Roaring Moon, L50|100\/100\n|-enditem|p2a: Roaring Moon|Booster Energy\n|-activate|p2a: Roaring Moon|ability: Protosynthesis|[fromitem]\n|-start|p2a: Roaring Moon|protosynthesisatk\n|move|p1b: Palafin|Flip Turn|p2b: Amoonguss\n|-resisted|p2b: Amoonguss\n|-damage|p2b: Amoonguss|85\/100\n|\n|t:|1682136688\n|switch|p1b: Pelipper|Pelipper, L50, M|100\/100|[from] Flip Turn\n|-weather|RainDance|[from] ability: Drizzle|[of] p1b: Pelipper\n|move|p1a: Ting-Lu|Rock Tomb|p2a: Roaring Moon\n|-damage|p2a: Roaring Moon|75\/100\n|-unboost|p2a: Roaring Moon|spe|1\n|\n|-weather|RainDance|[upkeep]\n|upkeep\n|turn|3\n|\n|t:|1682136719\n|-terastallize|p2b: Amoonguss|Water\n|move|p2a: Roaring Moon|Dragon Dance|p2a: Roaring Moon\n|-boost|p2a: Roaring Moon|atk|1\n|-boost|p2a: Roaring Moon|spe|1\n|move|p1b: Pelipper|Tailwind|p1b: Pelipper\n|-sidestart|p1: Duck-Monke|move: Tailwind\n|move|p1a: Ting-Lu|Earthquake|p2a: Roaring Moon|[spread] p2a,p2b\n|-immune|p1b: Pelipper\n|-damage|p2a: Roaring Moon|28\/100\n|-damage|p2b: Amoonguss|56\/100\n|move|p2b: Amoonguss|Spore|p1a: Ting-Lu\n|-status|p1a: Ting-Lu|slp|[from] move: Spore\n|\n|-weather|RainDance|[upkeep]\n|upkeep\n|turn|4\n|\n|t:|1682136745\n|move|p1b: Pelipper|Protect|p1b: Pelipper\n|-singleturn|p1b: Pelipper|Protect\n|move|p2b: Amoonguss|Rage Powder|p2b: Amoonguss\n|-singleturn|p2b: Amoonguss|move: Rage Powder\n|move|p2a: Roaring Moon|Throat Chop|p1b: Pelipper\n|-activate|p1b: Pelipper|move: Protect\n|cant|p1a: Ting-Lu|slp\n|\n|-weather|RainDance|[upkeep]\n|upkeep\n|turn|5\n|\n|t:|1682136762\n|move|p2b: Amoonguss|Rage Powder|p2b: Amoonguss\n|-singleturn|p2b: Amoonguss|move: Rage Powder\n|move|p1b: Pelipper|Hurricane|p2b: Amoonguss\n|-damage|p2b: Amoonguss|20\/100\n|-start|p2b: Amoonguss|confusion\n|-enditem|p2b: Amoonguss|Sitrus Berry|[eat]\n|-heal|p2b: Amoonguss|45\/100|[from] item: Sitrus Berry\n|move|p2a: Roaring Moon|Throat Chop|p1b: Pelipper\n|-enditem|p1b: Pelipper|Focus Sash\n|-damage|p1b: Pelipper|1\/100\n|-start|p1b: Pelipper|Throat Chop|[silent]\n|-curestatus|p1a: Ting-Lu|slp|[msg]\n|move|p1a: Ting-Lu|Earthquake|p2b: Amoonguss|[spread] p2a,p2b\n|-immune|p1b: Pelipper\n|-damage|p2a: Roaring Moon|0 fnt\n|-damage|p2b: Amoonguss|17\/100\n|faint|p2a: Roaring Moon\n|-end|p2a: Roaring Moon|Protosynthesis|[silent]\n|\n|-weather|RainDance|[upkeep]\n|upkeep\n|\n|t:|1682136774\n|switch|p2a: Palafin|Palafin-Hero, L50, M|100\/100\n|-activate|p2a: Palafin|ability: Zero to Hero\n|turn|6\n|\n|t:|1682136798\n|switch|p1b: Palafin|Palafin-Hero, L50, M|100\/100\n|switch|p2b: Flutter Mane|Flutter Mane, L50|59\/100\n|-terastallize|p1a: Ting-Lu|Poison\n|move|p1a: Ting-Lu|Earthquake|p2b: Flutter Mane|[spread] p1b,p2a,p2b\n|-damage|p1b: Palafin|63\/100\n|-damage|p2a: Palafin|67\/100\n|-damage|p2b: Flutter Mane|0 fnt\n|faint|p2b: Flutter Mane\n|-end|p2b: Flutter Mane|Protosynthesis|[silent]\n|move|p2a: Palafin|Wave Crash|p1a: Ting-Lu\n|-damage|p1a: Ting-Lu|21\/100\n|-damage|p2a: Palafin|32\/100|[from] Recoil\n|\n|-weather|none\n|-sideend|p1: Duck-Monke|move: Tailwind\n|upkeep\n|\n|t:|1682136812\n|switch|p2b: Amoonguss|Amoonguss, L50, M, tera:Water|50\/100\n|turn|7\n|\n|t:|1682136889\n|move|p2b: Amoonguss|Rage Powder|p2b: Amoonguss\n|-singleturn|p2b: Amoonguss|move: Rage Powder\n|move|p2a: Palafin|Jet Punch|p1a: Ting-Lu\n|-damage|p1a: Ting-Lu|0 fnt\n|faint|p1a: Ting-Lu\n|move|p1b: Palafin|Wave Crash|p2b: Amoonguss\n|-resisted|p2b: Amoonguss\n|-damage|p2b: Amoonguss|19\/100\n|-damage|p1b: Palafin|51\/100|[from] Recoil\n|\n|upkeep\n|\n|t:|1682136895\n|switch|p1a: Pelipper|Pelipper, L50, M|1\/100\n|-weather|RainDance|[from] ability: Drizzle|[of] p1a: Pelipper\n|turn|8\n|\n|t:|1682136930\n|move|p2b: Amoonguss|Rage Powder|p2b: Amoonguss\n|-singleturn|p2b: Amoonguss|move: Rage Powder\n|move|p1b: Palafin|Wave Crash|p2b: Amoonguss\n|-resisted|p2b: Amoonguss\n|-damage|p2b: Amoonguss|0 fnt\n|faint|p2b: Amoonguss\n|-damage|p1b: Palafin|44\/100|[from] Recoil\n|move|p2a: Palafin|Wave Crash|p1b: Palafin\n|-resisted|p1b: Palafin\n|-damage|p1b: Palafin|0 fnt\n|faint|p1b: Palafin\n|-damage|p2a: Palafin|18\/100|[from] Recoil\n|move|p1a: Pelipper|Hurricane|p2a: Palafin\n|-damage|p2a: Palafin|0 fnt\n|faint|p2a: Palafin\n|\n|win|Duck-Monke\n|raw|Duck-Monke's rating: 1235 → 1266<\/strong> (+31 for winning)\n|raw|XZacLee's rating: 1313 → 1289<\/strong> (-24 for losing)\n|c|\u2606Duck-Monke|gg\n|c|\u2606Duck-Monke|wp\n|c|\u2606XZacLee|ggs\n|l|\u2606XZacLee\n","uploadtime":1682137490,"views":9,"p1id":"duckmonke","p2id":"xzaclee","formatid":"gen9vgc2023regulationc","rating":1266,"private":0,"password":""}