{"id":"gen9vgc2023regulationc-1846491124","p1":"Lancers2433","p2":"ANTIVALLEY","format":"[Gen 9] VGC 2023 Regulation C","log":"|j|\u2606Lancers2433\n|j|\u2606ANTIVALLEY\n|t:|1681845308\n|gametype|doubles\n|player|p1|Lancers2433|2|1316\n|player|p2|ANTIVALLEY|penny|1224\n|teamsize|p1|6\n|teamsize|p2|6\n|gen|9\n|tier|[Gen 9] VGC 2023 Regulation C\n|rated|\n|rule|Species Clause: Limit one of each Pok\u00e9mon\n|rule|Item Clause: Limit one of each item\n|clearpoke\n|poke|p1|Gyarados, L50, F|\n|poke|p1|Rotom-Heat, L50|\n|poke|p1|Amoonguss, L50, F|\n|poke|p1|Flutter Mane, L50|\n|poke|p1|Braviary, L50, M|\n|poke|p1|Garchomp, L50, F|\n|poke|p2|Lycanroc, L50, M|\n|poke|p2|Tyranitar, L50, M|\n|poke|p2|Iron Bundle, L50|\n|poke|p2|Chi-Yu, L50|\n|poke|p2|Farigiraf, L50, F|\n|poke|p2|Gyarados, L50, M|\n|teampreview|4\n|\n|t:|1681845363\n|start\n|switch|p1a: Braviary|Braviary, L50, M|100\/100\n|switch|p1b: Flutter Mane|Flutter Mane, L50|100\/100\n|switch|p2a: Lycanroc|Lycanroc, L50, M|100\/100\n|switch|p2b: Iron Bundle|Iron Bundle, L50|100\/100\n|-enditem|p2b: Iron Bundle|Booster Energy\n|-activate|p2b: Iron Bundle|ability: Quark Drive|[fromitem]\n|-start|p2b: Iron Bundle|quarkdrivespe\n|-enditem|p1b: Flutter Mane|Booster Energy\n|-activate|p1b: Flutter Mane|ability: Protosynthesis|[fromitem]\n|-start|p1b: Flutter Mane|protosynthesisspe\n|turn|1\n|\n|t:|1681845382\n|move|p1a: Braviary|Protect|p1a: Braviary\n|-singleturn|p1a: Braviary|Protect\n|move|p2b: Iron Bundle|Icy Wind|p1b: Flutter Mane|[spread] p1b\n|-activate|p1a: Braviary|move: Protect\n|-damage|p1b: Flutter Mane|82\/100\n|-unboost|p1b: Flutter Mane|spe|1\n|move|p1b: Flutter Mane|Substitute|p1b: Flutter Mane\n|-start|p1b: Flutter Mane|Substitute\n|-damage|p1b: Flutter Mane|57\/100\n|move|p2a: Lycanroc|Rock Blast|p1a: Braviary\n|-activate|p1a: Braviary|move: Protect\n|\n|upkeep\n|turn|2\n|\n|t:|1681845409\n|move|p2b: Iron Bundle|Encore|p1b: Flutter Mane\n|-start|p1b: Flutter Mane|Encore\n|move|p1b: Flutter Mane|Substitute|p1b: Flutter Mane\n|-fail|p1b: Flutter Mane|move: Substitute\n|move|p2a: Lycanroc|Rock Blast|p1a: Braviary\n|-supereffective|p1a: Braviary\n|-damage|p1a: Braviary|66\/100\n|-supereffective|p1a: Braviary\n|-damage|p1a: Braviary|31\/100\n|-supereffective|p1a: Braviary\n|-damage|p1a: Braviary|0 fnt\n|faint|p1a: Braviary\n|-hitcount|p1: Braviary|3\n|\n|upkeep\n|\n|t:|1681845418\n|switch|p1a: Garchomp|Garchomp, L50, F|100\/100\n|turn|3\n|\n|t:|1681845432\n|-terastallize|p1a: Garchomp|Steel\n|move|p2b: Iron Bundle|Freeze-Dry|p1a: Garchomp\n|-resisted|p1a: Garchomp\n|-damage|p1a: Garchomp|81\/100\n|move|p1b: Flutter Mane|Substitute|p1b: Flutter Mane\n|-fail|p1b: Flutter Mane|move: Substitute\n|move|p2a: Lycanroc|Rock Blast|p1b: Flutter Mane\n|-end|p1b: Flutter Mane|Substitute\n|-damage|p1b: Flutter Mane|35\/100\n|-damage|p1b: Flutter Mane|11\/100\n|-damage|p1b: Flutter Mane|0 fnt\n|faint|p1b: Flutter Mane\n|-end|p1b: Flutter Mane|Protosynthesis|[silent]\n|-hitcount|p1: Flutter Mane|4\n|move|p1a: Garchomp|Swords Dance|p1a: Garchomp\n|-boost|p1a: Garchomp|atk|2\n|\n|upkeep\n|\n|t:|1681845448\n|switch|p1b: Rotom|Rotom-Heat, L50|100\/100\n|turn|4\n|\n|t:|1681845465\n|move|p2b: Iron Bundle|Encore|p1a: Garchomp\n|-start|p1a: Garchomp|Encore\n|move|p1b: Rotom|Volt Switch|p2b: Iron Bundle\n|-supereffective|p2b: Iron Bundle\n|-damage|p2b: Iron Bundle|0 fnt\n|faint|p2b: Iron Bundle\n|-end|p2b: Iron Bundle|Quark Drive|[silent]\n|move|p2a: Lycanroc|Rock Blast|p1b: Rotom\n|-supereffective|p1b: Rotom\n|-damage|p1b: Rotom|76\/100\n|-supereffective|p1b: Rotom\n|-damage|p1b: Rotom|47\/100\n|-supereffective|p1b: Rotom\n|-damage|p1b: Rotom|19\/100\n|-supereffective|p1b: Rotom\n|-damage|p1b: Rotom|0 fnt\n|faint|p1b: Rotom\n|-hitcount|p1: Rotom|4\n|move|p1a: Garchomp|Swords Dance|p1a: Garchomp\n|-boost|p1a: Garchomp|atk|2\n|\n|upkeep\n|inactive|Battle timer is ON: inactive players will automatically lose when time's up. (requested by Lancers2433)\n|\n|t:|1681845482\n|switch|p2b: Chi-Yu|Chi-Yu, L50|100\/100\n|-ability|p2b: Chi-Yu|Beads of Ruin\n|turn|5\n|-message|Lancers2433 forfeited.\n|\n|win|ANTIVALLEY\n|raw|Lancers2433's rating: 1316 → 1291<\/strong> (-25 for losing)\n|raw|ANTIVALLEY's rating: 1224 → 1255<\/strong> (+31 for winning)\n|l|\u2606Lancers2433\n","uploadtime":1681845496,"views":16,"p1id":"lancers2433","p2id":"antivalley","formatid":"gen9vgc2023regulationc","rating":1255,"private":0,"password":""}