{"id":"gen9vgc2023regulationc-1848297810","p1":"TrainerDylan24","p2":"Kingmezzy7","format":"[Gen 9] VGC 2023 Regulation C","log":"|j|\u2606TrainerDylan24\n|j|\u2606Kingmezzy7\n|t:|1682055850\n|gametype|doubles\n|player|p1|TrainerDylan24|swimmerf|1047\n|player|p2|Kingmezzy7|acetrainer-gen4dp|1058\n|teamsize|p1|6\n|teamsize|p2|6\n|gen|9\n|tier|[Gen 9] VGC 2023 Regulation C\n|rated|\n|rule|Species Clause: Limit one of each Pok\u00e9mon\n|rule|Item Clause: Limit one of each item\n|clearpoke\n|poke|p1|Annihilape, L50, F|\n|poke|p1|Bellibolt, L50, M|\n|poke|p1|Dondozo, L50, M|\n|poke|p1|Tatsugiri, L50, F|\n|poke|p1|Iron Hands, L50|\n|poke|p1|Kingambit, L50, F|\n|poke|p2|Corviknight, L50, M|\n|poke|p2|Skeledirge, L50, F|\n|poke|p2|Amoonguss, L50, F|\n|poke|p2|Dragonite, L50, F|\n|poke|p2|Palafin, L50, M|\n|poke|p2|Flutter Mane, L50|\n|teampreview|4\n|\n|t:|1682055884\n|start\n|switch|p1a: Iron Hands|Iron Hands, L50|100\/100\n|switch|p1b: Annihilape|Annihilape, L50, F, shiny|100\/100\n|switch|p2a: Amoonguss|Amoonguss, L50, F|100\/100\n|switch|p2b: Palafin|Palafin, L50, M|100\/100\n|turn|1\n|\n|t:|1682055906\n|move|p1b: Annihilape|Bulk Up|p1b: Annihilape\n|-boost|p1b: Annihilape|atk|1\n|-boost|p1b: Annihilape|def|1\n|move|p2b: Palafin|Flip Turn|p1b: Annihilape\n|-damage|p1b: Annihilape|74\/100\n|\n|t:|1682055913\n|detailschange|p2b: Palafin|Palafin-Hero, L50, M\n|switch|p2b: Flutter Mane|Flutter Mane, L50|100\/100|[from] Flip Turn\n|move|p1a: Iron Hands|Thunder Punch|p2b: Flutter Mane\n|-damage|p2b: Flutter Mane|0 fnt\n|faint|p2b: Flutter Mane\n|-end|p2b: Flutter Mane|Protosynthesis|[silent]\n|move|p2a: Amoonguss|Spore|p1a: Iron Hands\n|-status|p1a: Iron Hands|slp|[from] move: Spore\n|\n|upkeep\n|\n|t:|1682055932\n|switch|p2b: Palafin|Palafin-Hero, L50, M|100\/100\n|-activate|p2b: Palafin|ability: Zero to Hero\n|turn|2\n|\n|t:|1682055963\n|-terastallize|p1b: Annihilape|Water\n|move|p2b: Palafin|Jet Punch|p1a: Iron Hands\n|-damage|p1a: Iron Hands|55\/100 slp\n|move|p1b: Annihilape|Rage Fist|p2a: Amoonguss\n|-damage|p2a: Amoonguss|31\/100\n|-damage|p1b: Annihilape|58\/100|[from] item: Rocky Helmet|[of] p2a: Amoonguss\n|-damage|p1b: Annihilape|48\/100|[from] item: Life Orb\n|cant|p1a: Iron Hands|slp\n|move|p2a: Amoonguss|Clear Smog|p1b: Annihilape\n|-crit|p1b: Annihilape\n|-damage|p1b: Annihilape|23\/100\n|-clearboost|p1b: Annihilape\n|\n|upkeep\n|turn|3\n|\n|t:|1682055993\n|move|p2b: Palafin|Jet Punch|p1b: Annihilape\n|-resisted|p1b: Annihilape\n|-damage|p1b: Annihilape|0 fnt\n|faint|p1b: Annihilape\n|-curestatus|p1a: Iron Hands|slp|[msg]\n|move|p1a: Iron Hands|Ice Punch|p2a: Amoonguss\n|-supereffective|p2a: Amoonguss\n|-damage|p2a: Amoonguss|0 fnt\n|-damage|p1a: Iron Hands|38\/100|[from] item: Rocky Helmet|[of] p2a: Amoonguss\n|faint|p2a: Amoonguss\n|\n|upkeep\n|\n|t:|1682056005\n|switch|p1b: Bellibolt|Bellibolt, L50, M|100\/100\n|switch|p2a: Dragonite|Dragonite, L50, F|100\/100\n|turn|4\n|\n|t:|1682056028\n|-terastallize|p2b: Palafin|Water\n|move|p1a: Iron Hands|Protect|p1a: Iron Hands\n|-singleturn|p1a: Iron Hands|Protect\n|move|p2b: Palafin|Jet Punch|p1a: Iron Hands\n|-activate|p1a: Iron Hands|move: Protect\n|move|p2a: Dragonite|Dragon Dance|p2a: Dragonite\n|-boost|p2a: Dragonite|atk|1\n|-boost|p2a: Dragonite|spe|1\n|move|p1b: Bellibolt|Thunderbolt|p2b: Palafin\n|-supereffective|p2b: Palafin\n|-damage|p2b: Palafin|0 fnt\n|faint|p2b: Palafin\n|\n|upkeep\n|turn|5\n|\n|t:|1682056051\n|move|p2a: Dragonite|Earthquake|p1b: Bellibolt|[spread] p1a,p1b\n|-supereffective|p1a: Iron Hands\n|-supereffective|p1b: Bellibolt\n|-damage|p1a: Iron Hands|0 fnt\n|-damage|p1b: Bellibolt|22\/100\n|-start|p1b: Bellibolt|Charge|Earthquake|[from] ability: Electromorphosis\n|faint|p1a: Iron Hands\n|-end|p1a: Iron Hands|Quark Drive|[silent]\n|move|p1b: Bellibolt|Chilling Water|p2a: Dragonite\n|-resisted|p2a: Dragonite\n|-damage|p2a: Dragonite|96\/100\n|-unboost|p2a: Dragonite|atk|1\n|\n|upkeep\n|\n|t:|1682056060\n|switch|p1a: Kingambit|Kingambit, L50, F|100\/100\n|-activate|p1a: Kingambit|ability: Supreme Overlord\n|-start|p1a: Kingambit|fallen2|[silent]\n|turn|6\n|-activate|p1a: Kingambit|item: Quick Claw\n|\n|t:|1682056075\n|move|p1a: Kingambit|Kowtow Cleave|p2a: Dragonite\n|-damage|p2a: Dragonite|28\/100\n|move|p2a: Dragonite|Earthquake|p1b: Bellibolt|[spread] p1a,p1b\n|-supereffective|p1a: Kingambit\n|-supereffective|p1b: Bellibolt\n|-damage|p1a: Kingambit|53\/100\n|-damage|p1b: Bellibolt|0 fnt\n|faint|p1b: Bellibolt\n|\n|upkeep\n|turn|7\n|\n|t:|1682056093\n|move|p1a: Kingambit|Sucker Punch|p2a: Dragonite\n|-damage|p2a: Dragonite|0 fnt\n|faint|p2a: Dragonite\n|\n|win|TrainerDylan24\n|raw|TrainerDylan24's rating: 1047 → 1081<\/strong> (+34 for winning)\n|raw|Kingmezzy7's rating: 1058 → 1039<\/strong> (-19 for losing)\n|l|\u2606Kingmezzy7\n","uploadtime":1682056108,"views":4,"p1id":"trainerdylan24","p2id":"kingmezzy7","formatid":"gen9vgc2023regulationc","rating":1039,"private":0,"password":""}