{"id":"gen9vgc2023regulationc-1846378314","p1":"fizzywizzyglizzy","p2":"pultrah","format":"[Gen 9] VGC 2023 Regulation C","log":"|j|\u2606fizzywizzyglizzy\n|j|\u2606pultrah\n|t:|1681836072\n|gametype|doubles\n|player|p1|fizzywizzyglizzy|1|1345\n|player|p2|pultrah|169|1292\n|teamsize|p1|6\n|teamsize|p2|6\n|gen|9\n|tier|[Gen 9] VGC 2023 Regulation C\n|rated|\n|rule|Species Clause: Limit one of each Pok\u00e9mon\n|rule|Item Clause: Limit one of each item\n|clearpoke\n|poke|p1|Arcanine, L50, M|\n|poke|p1|Palafin, L50, F|\n|poke|p1|Kingambit, L50, M|\n|poke|p1|Garganacl, L50, M|\n|poke|p1|Flutter Mane, L50|\n|poke|p1|Amoonguss, L50, F|\n|poke|p2|Kingambit, L50, F|\n|poke|p2|Garchomp, L50, F|\n|poke|p2|Flutter Mane, L50|\n|poke|p2|Amoonguss, L50, F|\n|poke|p2|Arcanine, L50, M|\n|poke|p2|Chi-Yu, L50|\n|teampreview|4\n|inactive|Battle timer is ON: inactive players will automatically lose when time's up. (requested by pultrah)\n|\n|t:|1681836119\n|start\n|switch|p1a: Palafin|Palafin, L50, F|100\/100\n|switch|p1b: Garganacl|Garganacl, L50, M, shiny|100\/100\n|switch|p2a: Garchomp|Garchomp, L50, F|100\/100\n|switch|p2b: Kingambit|Kingambit, L50, F|100\/100\n|turn|1\n|inactive|pultrah has 30 seconds left.\n|inactive|fizzywizzyglizzy has 30 seconds left.\n|inactive|pultrah has 20 seconds left.\n|\n|t:|1681836157\n|detailschange|p1a: Palafin|Palafin-Hero, L50, F\n|switch|p1a: Kingambit|Kingambit, L50, M, shiny|100\/100\n|-terastallize|p2b: Kingambit|Flying\n|move|p1b: Garganacl|Wide Guard|p1b: Garganacl\n|-singleturn|p1b: Garganacl|Wide Guard\n|move|p2a: Garchomp|Earthquake|p1b: Garganacl|[spread] \n|-activate|p1a: Kingambit|move: Wide Guard\n|-activate|p1b: Garganacl|move: Wide Guard\n|-immune|p2b: Kingambit\n|move|p2b: Kingambit|Assurance|p1a: Kingambit\n|-resisted|p1a: Kingambit\n|-damage|p1a: Kingambit|84\/100\n|\n|upkeep\n|turn|2\n|\n|t:|1681836177\n|move|p1b: Garganacl|Wide Guard|p1b: Garganacl\n|-singleturn|p1b: Garganacl|Wide Guard\n|move|p2a: Garchomp|Stomping Tantrum|p1b: Garganacl\n|-supereffective|p1b: Garganacl\n|-damage|p1b: Garganacl|0 fnt\n|faint|p1b: Garganacl\n|move|p2b: Kingambit|Assurance|p1a: Kingambit\n|-resisted|p1a: Kingambit\n|-damage|p1a: Kingambit|69\/100\n|move|p1a: Kingambit|Swords Dance|p1a: Kingambit\n|-boost|p1a: Kingambit|atk|2\n|\n|upkeep\n|\n|t:|1681836200\n|switch|p1b: Flutter Mane|Flutter Mane, L50|100\/100\n|-enditem|p1b: Flutter Mane|Booster Energy\n|-activate|p1b: Flutter Mane|ability: Protosynthesis|[fromitem]\n|-start|p1b: Flutter Mane|protosynthesisspe\n|turn|3\n|inactive|pultrah has 30 seconds left.\n|\n|t:|1681836229\n|move|p1a: Kingambit|Protect|p1a: Kingambit\n|-singleturn|p1a: Kingambit|Protect\n|move|p1b: Flutter Mane|Moonblast|p2a: Garchomp\n|-supereffective|p2a: Garchomp\n|-damage|p2a: Garchomp|26\/100\n|move|p2a: Garchomp|Rock Slide|p1b: Flutter Mane|[spread] p1b\n|-activate|p1a: Kingambit|move: Protect\n|-damage|p1b: Flutter Mane|69\/100\n|move|p2b: Kingambit|Iron Head|p1b: Flutter Mane\n|-supereffective|p1b: Flutter Mane\n|-damage|p1b: Flutter Mane|0 fnt\n|faint|p1b: Flutter Mane\n|-end|p1b: Flutter Mane|Protosynthesis|[silent]\n|\n|upkeep\n|\n|t:|1681836243\n|switch|p1b: Palafin|Palafin-Hero, L50, F|100\/100\n|-activate|p1b: Palafin|ability: Zero to Hero\n|turn|4\n|\n|t:|1681836253\n|switch|p2a: Amoonguss|Amoonguss, L50, F|100\/100\n|-terastallize|p1a: Kingambit|Dark\n|move|p2b: Kingambit|Protect|p2b: Kingambit\n|-singleturn|p2b: Kingambit|Protect\n|move|p1b: Palafin|Jet Punch|p2a: Amoonguss\n|-resisted|p2a: Amoonguss\n|-damage|p2a: Amoonguss|82\/100\n|move|p1a: Kingambit|Kowtow Cleave|p2b: Kingambit\n|-activate|p2b: Kingambit|move: Protect\n|\n|upkeep\n|turn|5\n|inactive|pultrah has 30 seconds left.\n|\n|t:|1681836286\n|move|p1b: Palafin|Wave Crash|p2b: Kingambit\n|-crit|p2b: Kingambit\n|-damage|p2b: Kingambit|0 fnt\n|faint|p2b: Kingambit\n|-damage|p1b: Palafin|68\/100|[from] Recoil\n|move|p1a: Kingambit|Kowtow Cleave|p2a: Amoonguss\n|-damage|p2a: Amoonguss|0 fnt\n|faint|p2a: Amoonguss\n|\n|upkeep\n|\n|t:|1681836291\n|switch|p2b: Garchomp|Garchomp, L50, F|26\/100\n|switch|p2a: Flutter Mane|Flutter Mane, L50|100\/100\n|turn|6\n|inactive|pultrah has 30 seconds left.\n|\n|t:|1681836316\n|move|p1b: Palafin|Jet Punch|p2b: Garchomp\n|-damage|p2b: Garchomp|0 fnt\n|-damage|p1b: Palafin|55\/100|[from] ability: Rough Skin|[of] p2b: Garchomp\n|faint|p2b: Garchomp\n|move|p1a: Kingambit|Sucker Punch|p2a: Flutter Mane\n|-damage|p2a: Flutter Mane|0 fnt\n|faint|p2a: Flutter Mane\n|-end|p2a: Flutter Mane|Protosynthesis|[silent]\n|\n|win|fizzywizzyglizzy\n|raw|fizzywizzyglizzy's rating: 1345 → 1362<\/strong> (+17 for winning)\n|raw|pultrah's rating: 1292 → 1271<\/strong> (-21 for losing)\n|l|\u2606pultrah\n","uploadtime":1681836328,"views":12,"p1id":"fizzywizzyglizzy","p2id":"pultrah","formatid":"gen9vgc2023regulationc","rating":1271,"private":0,"password":""}