{"id":"gen9vgc2023regulationc-1856627517","p1":"adrpen","p2":"Willthekid65934","format":"[Gen 9] VGC 2023 Regulation C","log":"|j|\u2606adrpen\n|j|\u2606Willthekid65934\n|t:|1683084566\n|gametype|doubles\n|player|p1|adrpen|preschooler|1057\n|player|p2|Willthekid65934|steven|1134\n|teamsize|p1|6\n|teamsize|p2|6\n|gen|9\n|tier|[Gen 9] VGC 2023 Regulation C\n|rated|\n|rule|Species Clause: Limit one of each Pok\u00e9mon\n|rule|Item Clause: Limit one of each item\n|clearpoke\n|poke|p1|Amoonguss, L50, M|\n|poke|p1|Palafin, L50, M|\n|poke|p1|Iron Hands, L50|\n|poke|p1|Arcanine, L50, M|\n|poke|p1|Flutter Mane, L50|\n|poke|p1|Dragonite, L50, M|\n|poke|p2|Amoonguss, L50, M|\n|poke|p2|Palafin, L50, M|\n|poke|p2|Arcanine, L50, M|\n|poke|p2|Flutter Mane, L50|\n|poke|p2|Ting-Lu, L50|\n|poke|p2|Dragonite, L50, M|\n|teampreview|4\n|inactive|Battle timer is ON: inactive players will automatically lose when time's up. (requested by Willthekid65934)\nWillthekid65934 has agreed to open team sheets.\n|inactive|adrpen has 60 seconds left.\n|inactive|adrpen has 30 seconds left.\n|inactive|adrpen has 20 seconds left.\n|inactive|adrpen has 15 seconds left.\n|inactive|adrpen has 10 seconds left.\n|inactive|adrpen has 5 seconds left.\n|\n|t:|1683084653\n|start\n|switch|p1a: Amoonguss|Amoonguss, L50, M, shiny|100\/100\n|switch|p1b: Iron Hands|Iron Hands, L50, shiny|100\/100\n|switch|p2a: All Might|Palafin, L50, M|100\/100\n|switch|p2b: Pass the puff|Amoonguss, L50, M|100\/100\n|turn|1\n|c|\u2606Willthekid65934|Bruh\n|inactive|adrpen has 30 seconds left.\n|inactive|adrpen has 20 seconds left.\n|\n|t:|1683084690\n|detailschange|p2a: All Might|Palafin-Hero, L50, M\n|switch|p2a: RK9|Arcanine, L50, M|100\/100\n|-ability|p2a: RK9|Intimidate|boost\n|-unboost|p1a: Amoonguss|atk|1\n|-unboost|p1b: Iron Hands|atk|1\n|move|p2b: Pass the puff|Protect|p2b: Pass the puff\n|-singleturn|p2b: Pass the puff|Protect\n|move|p1b: Iron Hands|Fake Out|p2b: Pass the puff\n|-activate|p2b: Pass the puff|move: Protect\n|move|p1a: Amoonguss|Spore|p2a: RK9\n|-activate|p2a: RK9|item: Safety Goggles|Spore\n|\n|upkeep\n|turn|2\n|inactive|adrpen has 30 seconds left.\n|c|\u2606Willthekid65934|You're doing this on purpose\n|inactive|adrpen has 20 seconds left.\n|inactive|adrpen has 15 seconds left.\n|\n|t:|1683084730\n|-end|p1b: Iron Hands|Quark Drive|[silent]\n|switch|p1b: Palafin|Palafin, L50, M, shiny|100\/100\n|move|p1a: Amoonguss|Protect|p1a: Amoonguss\n|-singleturn|p1a: Amoonguss|Protect\n|move|p2b: Pass the puff|Rage Powder|p2b: Pass the puff\n|-singleturn|p2b: Pass the puff|move: Rage Powder\n|move|p2a: RK9|Will-O-Wisp|p1b: Palafin\n|-status|p1b: Palafin|brn\n|\n|-damage|p1b: Palafin|95\/100 brn|[from] brn\n|upkeep\n|turn|3\n|inactive|adrpen has 30 seconds left.\n|inactive|Willthekid65934 has 30 seconds left.\n|\n|t:|1683084764\n|move|p2b: Pass the puff|Rage Powder|p2b: Pass the puff\n|-singleturn|p2b: Pass the puff|move: Rage Powder\n|move|p2a: RK9|Flare Blitz|p1a: Amoonguss\n|-supereffective|p1a: Amoonguss\n|-damage|p1a: Amoonguss|4\/100\n|-damage|p2a: RK9|84\/100|[from] item: Rocky Helmet|[of] p1a: Amoonguss\n|-damage|p2a: RK9|49\/100|[from] Recoil\n|move|p1b: Palafin|Wave Crash|p2b: Pass the puff\n|-resisted|p2b: Pass the puff\n|-damage|p2b: Pass the puff|89\/100\n|-damage|p1b: Palafin|91\/100 brn|[from] Recoil\n|move|p1a: Amoonguss|Spore|p2a: RK9\n|-activate|p2a: RK9|item: Safety Goggles|Spore\n|\n|-damage|p1b: Palafin|85\/100 brn|[from] brn\n|upkeep\n|turn|4\n|\n|t:|1683084787\n|move|p1a: Amoonguss|Protect|p1a: Amoonguss\n|-singleturn|p1a: Amoonguss|Protect\n|move|p1b: Palafin|Jet Punch|p2a: RK9\n|-supereffective|p2a: RK9\n|-damage|p2a: RK9|18\/100\n|move|p2a: RK9|Snarl|p1b: Palafin|[spread] p1b\n|-activate|p1a: Amoonguss|move: Protect\n|-damage|p1b: Palafin|73\/100 brn\n|-unboost|p1b: Palafin|spa|1\n|move|p2b: Pass the puff|Pollen Puff|p2a: RK9\n|-heal|p2a: RK9|68\/100\n|\n|-damage|p1b: Palafin|67\/100 brn|[from] brn\n|upkeep\n|turn|5\n|inactive|adrpen has 30 seconds left.\n|\n|t:|1683084820\n|switch|p1a: Iron Hands|Iron Hands, L50, shiny|100\/100\n|move|p2a: RK9|Snarl|p1b: Palafin|[spread] p1a,p1b\n|-resisted|p1a: Iron Hands\n|-damage|p1a: Iron Hands|98\/100\n|-damage|p1b: Palafin|56\/100 brn\n|-unboost|p1a: Iron Hands|spa|1\n|-unboost|p1b: Palafin|spa|1\n|move|p1b: Palafin|Wave Crash|p2a: RK9\n|-supereffective|p2a: RK9\n|-damage|p2a: RK9|13\/100\n|-damage|p1b: Palafin|38\/100 brn|[from] Recoil\n|move|p2b: Pass the puff|Pollen Puff|p2a: RK9\n|-heal|p2a: RK9|63\/100\n|\n|-damage|p1b: Palafin|32\/100 brn|[from] brn\n|upkeep\n|turn|6\n|inactive|adrpen has 30 seconds left.\n|inactive|adrpen has 20 seconds left.\n|inactive|adrpen has 15 seconds left.\n|inactive|adrpen has 10 seconds left.\n|\n|t:|1683084869\n|move|p1b: Palafin|Protect|p1b: Palafin\n|-singleturn|p1b: Palafin|Protect\n|move|p2b: Pass the puff|Rage Powder|p2b: Pass the puff\n|-singleturn|p2b: Pass the puff|move: Rage Powder\n|move|p2a: RK9|Will-O-Wisp|p1a: Iron Hands\n|-status|p1a: Iron Hands|brn\n|move|p1a: Iron Hands|Wild Charge|p2b: Pass the puff\n|-resisted|p2b: Pass the puff\n|-damage|p2b: Pass the puff|79\/100\n|-damage|p1a: Iron Hands|96\/100 brn|[from] Recoil\n|\n|-damage|p1b: Palafin|26\/100 brn|[from] brn\n|-damage|p1a: Iron Hands|90\/100 brn|[from] brn\n|upkeep\n|turn|7\n|\n|t:|1683084888\n|switch|p2a: Flutter Mane|Flutter Mane, L50|100\/100\n|-enditem|p2a: Flutter Mane|Booster Energy\n|-activate|p2a: Flutter Mane|ability: Protosynthesis|[fromitem]\n|-start|p2a: Flutter Mane|protosynthesisspa\n|move|p2b: Pass the puff|Rage Powder|p2b: Pass the puff\n|-singleturn|p2b: Pass the puff|move: Rage Powder\n|move|p1b: Palafin|Wave Crash|p2b: Pass the puff\n|-resisted|p2b: Pass the puff\n|-damage|p2b: Pass the puff|67\/100\n|-damage|p1b: Palafin|21\/100 brn|[from] Recoil\n|move|p1a: Iron Hands|Drain Punch|p2b: Pass the puff\n|-resisted|p2b: Pass the puff\n|-damage|p2b: Pass the puff|58\/100\n|-heal|p1a: Iron Hands|94\/100 brn|[from] drain|[of] p2b: Pass the puff\n|\n|-damage|p1b: Palafin|15\/100 brn|[from] brn\n|-damage|p1a: Iron Hands|88\/100 brn|[from] brn\n|upkeep\n|turn|8\n|inactive|Willthekid65934 has 30 seconds left.\n|\n|t:|1683084913\n|-terastallize|p1a: Iron Hands|Poison\n|move|p1b: Palafin|Protect|p1b: Palafin\n|-singleturn|p1b: Palafin|Protect\n|move|p2b: Pass the puff|Rage Powder|p2b: Pass the puff\n|-singleturn|p2b: Pass the puff|move: Rage Powder\n|move|p2a: Flutter Mane|Dazzling Gleam|p1b: Palafin|[spread] p1a\n|-activate|p1b: Palafin|move: Protect\n|-resisted|p1a: Iron Hands\n|-damage|p1a: Iron Hands|78\/100 brn\n|move|p1a: Iron Hands|Heavy Slam|p2b: Pass the puff\n|-damage|p2b: Pass the puff|42\/100\n|-enditem|p2b: Pass the puff|Sitrus Berry|[eat]\n|-heal|p2b: Pass the puff|67\/100|[from] item: Sitrus Berry\n|\n|-damage|p1b: Palafin|9\/100 brn|[from] brn\n|-damage|p1a: Iron Hands|72\/100 brn|[from] brn\n|upkeep\n|turn|9\n|inactive|Willthekid65934 has 30 seconds left.\n|\n|t:|1683084941\n|-end|p1a: Iron Hands|Quark Drive|[silent]\n|switch|p1a: Amoonguss|Amoonguss, L50, M, shiny|37\/100\n|-terastallize|p2a: Flutter Mane|Steel\n|move|p1b: Palafin|Jet Punch|p2a: Flutter Mane\n|-damage|p2a: Flutter Mane|77\/100\n|move|p2a: Flutter Mane|Shadow Ball|p1a: Amoonguss\n|-damage|p1a: Amoonguss|0 fnt\n|faint|p1a: Amoonguss\n|move|p2b: Pass the puff|Pollen Puff|p2a: Flutter Mane\n|-heal|p2a: Flutter Mane|100\/100\n|\n|-damage|p1b: Palafin|3\/100 brn|[from] brn\n|upkeep\n|\n|t:|1683084954\n|switch|p1a: Flutter Mane|Flutter Mane, L50|100\/100\n|-enditem|p1a: Flutter Mane|Booster Energy\n|-activate|p1a: Flutter Mane|ability: Protosynthesis|[fromitem]\n|-start|p1a: Flutter Mane|protosynthesisspa\n|turn|10\n|c|\u2606Willthekid65934|Did u forget palafin zero to hero ability\n|inactive|Willthekid65934 has 30 seconds left.\n|\n|t:|1683084986\n|move|p1a: Flutter Mane|Protect|p1a: Flutter Mane\n|-singleturn|p1a: Flutter Mane|Protect\n|move|p1b: Palafin|Jet Punch|p2b: Pass the puff\n|-resisted|p2b: Pass the puff\n|-damage|p2b: Pass the puff|61\/100\n|move|p2a: Flutter Mane|Dazzling Gleam|p1b: Palafin|[spread] p1b\n|-activate|p1a: Flutter Mane|move: Protect\n|-damage|p1b: Palafin|0 fnt\n|faint|p1b: Palafin\n|move|p2b: Pass the puff|Spore|p1a: Flutter Mane\n|-activate|p1a: Flutter Mane|move: Protect\n|\n|upkeep\n|c|\u2606adrpen|yep..\n|c|\u2606adrpen|im bored..\n|\n|t:|1683085002\n|switch|p1b: Iron Hands|Iron Hands, L50, shiny, tera:Poison|72\/100 brn\n|turn|11\n|c|\u2606Willthekid65934|Lol\n|\n|t:|1683085017\n|move|p2b: Pass the puff|Rage Powder|p2b: Pass the puff\n|-singleturn|p2b: Pass the puff|move: Rage Powder\n|move|p2a: Flutter Mane|Shadow Ball|p1b: Iron Hands\n|-damage|p1b: Iron Hands|43\/100 brn\n|move|p1a: Flutter Mane|Moonblast|p2b: Pass the puff\n|-resisted|p2b: Pass the puff\n|-damage|p2b: Pass the puff|33\/100\n|move|p1b: Iron Hands|Heavy Slam|p2b: Pass the puff\n|-damage|p2b: Pass the puff|14\/100\n|\n|-damage|p1b: Iron Hands|37\/100 brn|[from] brn\n|upkeep\n|turn|12\n|inactive|adrpen has 30 seconds left.\n|inactive|Willthekid65934 has 30 seconds left.\n|\n|t:|1683085047\n|move|p1a: Flutter Mane|Protect|p1a: Flutter Mane\n|-singleturn|p1a: Flutter Mane|Protect\n|move|p2b: Pass the puff|Rage Powder|p2b: Pass the puff\n|-singleturn|p2b: Pass the puff|move: Rage Powder\n|move|p2a: Flutter Mane|Moonblast|p1a: Flutter Mane\n|-activate|p1a: Flutter Mane|move: Protect\n|move|p1b: Iron Hands|Heavy Slam|p2b: Pass the puff\n|-crit|p2b: Pass the puff\n|-damage|p2b: Pass the puff|0 fnt\n|faint|p2b: Pass the puff\n|\n|-damage|p1b: Iron Hands|31\/100 brn|[from] brn\n|upkeep\n|\n|t:|1683085064\n|switch|p2b: RK9|Arcanine, L50, M|63\/100\n|-ability|p2b: RK9|Intimidate|boost\n|-unboost|p1a: Flutter Mane|atk|1\n|-unboost|p1b: Iron Hands|atk|1\n|turn|13\n|\n|t:|1683085079\n|move|p2a: Flutter Mane|Protect|p2a: Flutter Mane\n|-singleturn|p2a: Flutter Mane|Protect\n|move|p1a: Flutter Mane|Shadow Ball|p2a: Flutter Mane\n|-activate|p2a: Flutter Mane|move: Protect\n|move|p2b: RK9|Snarl|p1a: Flutter Mane|[spread] p1a,p1b\n|-crit|p1a: Flutter Mane\n|-damage|p1a: Flutter Mane|89\/100\n|-damage|p1b: Iron Hands|27\/100 brn\n|-unboost|p1a: Flutter Mane|spa|1\n|-unboost|p1b: Iron Hands|spa|1\n|move|p1b: Iron Hands|Drain Punch|p2a: Flutter Mane\n|-activate|p2a: Flutter Mane|move: Protect\n|\n|-damage|p1b: Iron Hands|21\/100 brn|[from] brn\n|upkeep\n|turn|14\n|c|\u2606adrpen|look that...\n|inactive|Willthekid65934 has 30 seconds left.\n|\n|t:|1683085105\n|move|p2a: Flutter Mane|Moonblast|p1a: Flutter Mane\n|-damage|p1a: Flutter Mane|38\/100\n|move|p1a: Flutter Mane|Thunderbolt|p2a: Flutter Mane\n|-damage|p2a: Flutter Mane|78\/100\n|move|p2b: RK9|Flare Blitz|p1b: Iron Hands\n|-damage|p1b: Iron Hands|0 fnt\n|faint|p1b: Iron Hands\n|-end|p1b: Iron Hands|Quark Drive|[silent]\n|-damage|p2b: RK9|55\/100|[from] Recoil\n|\n|upkeep\n|turn|15\n|c|\u2606adrpen|nice game\n|c|\u2606adrpen|i suck..\n|inactive|adrpen has 30 seconds left.\n|c|\u2606Willthekid65934|Lol gg\n|-message|adrpen forfeited.\n|\n|win|Willthekid65934\n|raw|adrpen's rating: 1057 → 1042<\/strong> (-15 for losing)\n|raw|Willthekid65934's rating: 1134 → 1154<\/strong> (+20 for winning)\n|l|\u2606adrpen\n","uploadtime":1683085141,"views":5,"p1id":"adrpen","p2id":"willthekid65934","formatid":"gen9vgc2023regulationc","rating":1042,"private":0,"password":""}