{"id":"gen9vgc2023regulationc-1846741096","p1":"Henry80825","p2":"Drakorv","format":"[Gen 9] VGC 2023 Regulation C","log":"|j|\u2606Henry80825\n|j|\u2606Drakorv\n|t:|1681872596\n|gametype|doubles\n|player|p1|Henry80825|169|1275\n|player|p2|Drakorv|265|1302\n|teamsize|p1|6\n|teamsize|p2|6\n|gen|9\n|tier|[Gen 9] VGC 2023 Regulation C\n|rated|\n|rule|Species Clause: Limit one of each Pok\u00e9mon\n|rule|Item Clause: Limit one of each item\n|clearpoke\n|poke|p1|Arcanine, L50, F|\n|poke|p1|Baxcalibur, L50, M|\n|poke|p1|Flutter Mane, L50|\n|poke|p1|Amoonguss, L50, M|\n|poke|p1|Ting-Lu, L50|\n|poke|p1|Palafin, L50, M|\n|poke|p2|Ting-Lu, L50|\n|poke|p2|Tyranitar, L50, F|\n|poke|p2|Lycanroc, L50, M|\n|poke|p2|Amoonguss, L50, M|\n|poke|p2|Gholdengo, L50|\n|poke|p2|Gyarados, L50, M|\n|teampreview|4\n|\n|t:|1681872647\n|start\n|switch|p1a: Arcanine|Arcanine, L50, F|100\/100\n|switch|p1b: Palafin|Palafin, L50, M|100\/100\n|switch|p2a: Ting-Lu|Ting-Lu, L50|100\/100\n|switch|p2b: Gyarados|Gyarados, L50, M, shiny|100\/100\n|-ability|p1a: Arcanine|Intimidate|boost\n|-unboost|p2a: Ting-Lu|atk|1\n|-unboost|p2b: Gyarados|atk|1\n|-ability|p2b: Gyarados|Intimidate|boost\n|-unboost|p1a: Arcanine|atk|1\n|-unboost|p1b: Palafin|atk|1\n|-ability|p2a: Ting-Lu|Vessel of Ruin\n|turn|1\n|\n|t:|1681872675\n|detailschange|p1b: Palafin|Palafin-Hero, L50, M\n|switch|p1b: Ting-Lu|Ting-Lu, L50|100\/100\n|-ability|p1b: Ting-Lu|Vessel of Ruin\n|move|p1a: Arcanine|Will-O-Wisp|p2a: Ting-Lu|[miss]\n|-miss|p1a: Arcanine|p2a: Ting-Lu\n|move|p2b: Gyarados|Thunder Wave|p1b: Ting-Lu\n|-immune|p1b: Ting-Lu\n|move|p2a: Ting-Lu|Bulldoze|p1b: Ting-Lu|[spread] p1a,p1b\n|-immune|p2b: Gyarados\n|-supereffective|p1a: Arcanine\n|-damage|p1a: Arcanine|71\/100\n|-damage|p1b: Ting-Lu|93\/100\n|-unboost|p1a: Arcanine|spe|1\n|-unboost|p1b: Ting-Lu|spe|1\n|\n|upkeep\n|turn|2\n|\n|t:|1681872701\n|move|p1a: Arcanine|Protect|p1a: Arcanine\n|-singleturn|p1a: Arcanine|Protect\n|move|p2b: Gyarados|Waterfall|p1a: Arcanine\n|-activate|p1a: Arcanine|move: Protect\n|move|p2a: Ting-Lu|Bulldoze|p1b: Ting-Lu|[spread] p1b\n|-activate|p1a: Arcanine|move: Protect\n|-immune|p2b: Gyarados\n|-damage|p1b: Ting-Lu|86\/100\n|-unboost|p1b: Ting-Lu|spe|1\n|move|p1b: Ting-Lu|Fissure|p2a: Ting-Lu\n|-damage|p2a: Ting-Lu|0 fnt\n|faint|p2a: Ting-Lu\n|-ohko\n|\n|upkeep\n|\n|t:|1681872720\n|switch|p2a: Tyranitar|Tyranitar, L50, F, shiny|100\/100\n|-weather|Sandstorm|[from] ability: Sand Stream|[of] p2a: Tyranitar\n|turn|3\n|\n|t:|1681872747\n|switch|p1a: Palafin|Palafin-Hero, L50, M|100\/100\n|-activate|p1a: Palafin|ability: Zero to Hero\n|-terastallize|p2a: Tyranitar|Flying\n|-terastallize|p1b: Ting-Lu|Grass\n|move|p2b: Gyarados|Waterfall|p1a: Palafin\n|-resisted|p1a: Palafin\n|-damage|p1a: Palafin|92\/100\n|move|p2a: Tyranitar|Rock Slide|p1b: Ting-Lu|[spread] p1a,p1b\n|-damage|p1a: Palafin|66\/100\n|-damage|p1b: Ting-Lu|70\/100\n|move|p1b: Ting-Lu|Ruination|p2a: Tyranitar\n|-damage|p2a: Tyranitar|51\/100\n|\n|-weather|Sandstorm|[upkeep]\n|-damage|p1a: Palafin|60\/100|[from] Sandstorm\n|-damage|p2a: Tyranitar|45\/100|[from] Sandstorm\n|-damage|p1b: Ting-Lu|63\/100|[from] Sandstorm\n|upkeep\n|turn|4\n|\n|t:|1681872790\n|move|p2b: Gyarados|Waterfall|p1a: Palafin\n|-resisted|p1a: Palafin\n|-damage|p1a: Palafin|50\/100\n|cant|p1a: Palafin|flinch\n|move|p2a: Tyranitar|Assurance|p1a: Palafin\n|-damage|p1a: Palafin|0 fnt\n|faint|p1a: Palafin\n|move|p1b: Ting-Lu|Ruination|p2b: Gyarados\n|-damage|p2b: Gyarados|50\/100\n|\n|-weather|Sandstorm|[upkeep]\n|-damage|p2a: Tyranitar|39\/100|[from] Sandstorm\n|-damage|p1b: Ting-Lu|57\/100|[from] Sandstorm\n|upkeep\n|\n|t:|1681872804\n|switch|p1a: Flutter Mane|Flutter Mane, L50|100\/100\n|turn|5\n|\n|t:|1681872839\n|switch|p2a: Lycanroc|Lycanroc, L50, M, shiny|100\/100\n|switch|p1b: Arcanine|Arcanine, L50, F|71\/100\n|-ability|p1b: Arcanine|Intimidate|boost\n|-unboost|p2a: Lycanroc|atk|1\n|-unboost|p2b: Gyarados|atk|1\n|move|p1a: Flutter Mane|Power Gem|p2a: Lycanroc\n|-damage|p2a: Lycanroc|51\/100\n|move|p2b: Gyarados|Thunder Wave|p1a: Flutter Mane\n|-status|p1a: Flutter Mane|par\n|\n|-weather|Sandstorm|[upkeep]\n|-damage|p1a: Flutter Mane|95\/100 par|[from] Sandstorm\n|upkeep\n|turn|6\n|\n|t:|1681872884\n|-end|p1a: Flutter Mane|Protosynthesis|[silent]\n|switch|p1a: Ting-Lu|Ting-Lu, L50, tera:Grass|57\/100\n|-ability|p1a: Ting-Lu|Vessel of Ruin\n|move|p2a: Lycanroc|Rock Slide|p1a: Ting-Lu|[spread] p1a\n|-miss|p2a: Lycanroc|p1b: Arcanine\n|-damage|p1a: Ting-Lu|46\/100\n|move|p1b: Arcanine|Will-O-Wisp|p2a: Lycanroc\n|-status|p2a: Lycanroc|brn\n|move|p2b: Gyarados|Waterfall|p1a: Ting-Lu\n|-resisted|p1a: Ting-Lu\n|-damage|p1a: Ting-Lu|42\/100\n|\n|-weather|Sandstorm|[upkeep]\n|-damage|p1a: Ting-Lu|35\/100|[from] Sandstorm\n|-damage|p2a: Lycanroc|45\/100 brn|[from] brn\n|upkeep\n|turn|7\n|\n|t:|1681872916\n|switch|p2a: Tyranitar|Tyranitar, L50, F, shiny, tera:Flying|39\/100\n|move|p1b: Arcanine|Will-O-Wisp|p2b: Gyarados|[miss]\n|-miss|p1b: Arcanine|p2b: Gyarados\n|move|p2b: Gyarados|Waterfall|p1b: Arcanine\n|-supereffective|p1b: Arcanine\n|-damage|p1b: Arcanine|31\/100\n|move|p1a: Ting-Lu|Stomping Tantrum|p2a: Tyranitar\n|-immune|p2a: Tyranitar\n|\n|-weather|none\n|upkeep\n|turn|8\n|\n|t:|1681872957\n|move|p1b: Arcanine|Flare Blitz|p2a: Tyranitar\n|-damage|p2a: Tyranitar|3\/100\n|-damage|p1b: Arcanine|17\/100|[from] Recoil\n|move|p2b: Gyarados|Waterfall|p1b: Arcanine\n|-supereffective|p1b: Arcanine\n|-damage|p1b: Arcanine|0 fnt\n|faint|p1b: Arcanine\n|move|p2a: Tyranitar|Tera Blast|p1a: Ting-Lu\n|-supereffective|p1a: Ting-Lu\n|-damage|p1a: Ting-Lu|0 fnt\n|faint|p1a: Ting-Lu\n|\n|upkeep\n|\n|t:|1681872968\n|switch|p1b: Flutter Mane|Flutter Mane, L50|95\/100 par\n|turn|9\n|\n|t:|1681872999\n|move|p2b: Gyarados|Waterfall|p1b: Flutter Mane\n|-damage|p1b: Flutter Mane|70\/100 par\n|move|p2a: Tyranitar|Assurance|p1b: Flutter Mane\n|-damage|p1b: Flutter Mane|0 fnt\n|faint|p1b: Flutter Mane\n|-end|p1b: Flutter Mane|Protosynthesis|[silent]\n|\n|win|Drakorv\n|raw|Henry80825's rating: 1275 → 1252<\/strong> (-23 for losing)\n|raw|Drakorv's rating: 1302 → 1320<\/strong> (+18 for winning)\n|l|\u2606Henry80825\n","uploadtime":1681873415,"views":12,"p1id":"henry80825","p2id":"drakorv","formatid":"gen9vgc2023regulationc","rating":1252,"private":0,"password":""}