{"id":"gen9vgc2023regulationc-1860936157","p1":"M175128050523","p2":"oscoz","format":"[Gen 9] VGC 2023 Regulation C","log":"|j|\u2606M175128050523\n|j|\u2606oscoz\n|t:|1683699094\n|gametype|doubles\n|player|p1|M175128050523|silver|1168\n|player|p2|oscoz|265|1047\n|teamsize|p1|6\n|teamsize|p2|6\n|gen|9\n|tier|[Gen 9] VGC 2023 Regulation C\n|rated|\n|rule|Species Clause: Limit one of each Pok\u00e9mon\n|rule|Item Clause: Limit one of each item\n|clearpoke\n|poke|p1|Orthworm, L50, M|\n|poke|p1|Iron Hands, L50|\n|poke|p1|Flutter Mane, L50|\n|poke|p1|Gholdengo, L50|\n|poke|p1|Gyarados, L50, M|\n|poke|p1|Ting-Lu, L50|\n|poke|p2|Hariyama, L50, F|\n|poke|p2|Farigiraf, L50, F|\n|poke|p2|Kingambit, L50, M|\n|poke|p2|Torkoal, L50, M|\n|poke|p2|Meowscarada, L50, M|\n|poke|p2|Dragonite, L50, F|\n|teampreview|4\nM175128050523 has agreed to open team sheets.\n|inactive|Battle timer is ON: inactive players will automatically lose when time's up. (requested by oscoz)\n|inactive|M175128050523 has 60 seconds left.\n|inactive|M175128050523 has 30 seconds left.\n|\n|t:|1683699175\n|start\n|switch|p1a: Flutter Mane|Flutter Mane, L50|100\/100\n|switch|p1b: Orthworm|Orthworm, L50, M|100\/100\n|switch|p2a: Farigiraf|Farigiraf, L50, F|100\/100\n|switch|p2b: Hariyama|Hariyama, L50, F|100\/100\n|turn|1\n|\n|t:|1683699199\n|move|p1b: Orthworm|Helping Hand|p1a: Flutter Mane\n|-singleturn|p1a: Flutter Mane|Helping Hand|[of] p1b: Orthworm\n|move|p2b: Hariyama|Fake Out|p1b: Orthworm\n|-resisted|p1b: Orthworm\n|-crit|p1b: Orthworm\n|-damage|p1b: Orthworm|94\/100\n|move|p1a: Flutter Mane|Dazzling Gleam|p2a: Farigiraf|[spread] p2a,p2b\n|-supereffective|p2b: Hariyama\n|-damage|p2a: Farigiraf|53\/100\n|-damage|p2b: Hariyama|0 fnt\n|faint|p2b: Hariyama\n|move|p2a: Farigiraf|Trick Room|p2a: Farigiraf\n|-fieldstart|move: Trick Room|[of] p2a: Farigiraf\n|\n|upkeep\n|\n|t:|1683699209\n|switch|p2b: Torkoal|Torkoal, L50, M|100\/100\n|-weather|SunnyDay|[from] ability: Drought|[of] p2b: Torkoal\n|-activate|p1a: Flutter Mane|ability: Protosynthesis\n|-start|p1a: Flutter Mane|protosynthesisspa\n|turn|2\n|\n|t:|1683699226\n|-end|p1a: Flutter Mane|Protosynthesis|[silent]\n|switch|p1a: Gyarados|Gyarados, L50, M|100\/100\n|-ability|p1a: Gyarados|Intimidate|boost\n|-unboost|p2a: Farigiraf|atk|1\n|-unboost|p2b: Torkoal|atk|1\n|-terastallize|p2b: Torkoal|Fire\n|-terastallize|p1b: Orthworm|Water\n|move|p2b: Torkoal|Eruption|p1b: Orthworm|[spread] p1a,p1b\n|-resisted|p1a: Gyarados\n|-resisted|p1b: Orthworm\n|-damage|p1a: Gyarados|36\/100\n|-damage|p1b: Orthworm|28\/100\n|-enditem|p1b: Orthworm|Sitrus Berry|[eat]\n|-heal|p1b: Orthworm|53\/100|[from] item: Sitrus Berry\n|move|p1b: Orthworm|Shed Tail|p1b: Orthworm\n|-start|p1b: Orthworm|Substitute|[from] move: Shed Tail\n|-damage|p1b: Orthworm|3\/100\n|\n|t:|1683699249\n|switch|p1b: Flutter Mane|Flutter Mane, L50|100\/100|[from] Shed Tail\n|-activate|p1b: Flutter Mane|ability: Protosynthesis\n|-start|p1b: Flutter Mane|protosynthesisspa\n|move|p2a: Farigiraf|Hyper Voice|p1b: Flutter Mane|[spread] p1a\n|-immune|p1b: Flutter Mane\n|-damage|p1a: Gyarados|5\/100\n|-enditem|p2a: Farigiraf|Throat Spray\n|-boost|p2a: Farigiraf|spa|1|[from] item: Throat Spray\n|\n|-weather|SunnyDay|[upkeep]\n|upkeep\n|turn|3\n|\n|t:|1683699272\n|move|p1a: Gyarados|Protect|p1a: Gyarados\n|-singleturn|p1a: Gyarados|Protect\n|move|p2b: Torkoal|Eruption|p1b: Flutter Mane|[spread] p1b\n|-activate|p1a: Gyarados|move: Protect\n|-end|p1b: Flutter Mane|Substitute\n|move|p2a: Farigiraf|Hyper Voice|p1a: Gyarados|[spread] \n|-activate|p1a: Gyarados|move: Protect\n|-immune|p1b: Flutter Mane\n|move|p1b: Flutter Mane|Shadow Ball|p2b: Torkoal\n|-damage|p2b: Torkoal|18\/100\n|\n|-weather|SunnyDay|[upkeep]\n|upkeep\n|turn|4\n|inactive|M175128050523 has 30 seconds left.\n|\n|t:|1683699303\n|switch|p1a: Gholdengo|Gholdengo, L50|100\/100\n|move|p2b: Torkoal|Eruption|p1b: Flutter Mane|[spread] p1a,p1b\n|-supereffective|p1a: Gholdengo\n|-damage|p1a: Gholdengo|44\/100\n|-damage|p1b: Flutter Mane|73\/100\n|move|p2a: Farigiraf|Hyper Voice|p1a: Gholdengo|[spread] \n|-immune|p1a: Gholdengo\n|-immune|p1b: Flutter Mane\n|move|p1b: Flutter Mane|Dazzling Gleam|p2a: Farigiraf|[spread] p2a,p2b\n|-resisted|p2b: Torkoal\n|-damage|p2a: Farigiraf|15\/100\n|-damage|p2b: Torkoal|0 fnt\n|faint|p2b: Torkoal\n|\n|-weather|SunnyDay|[upkeep]\n|-heal|p1a: Gholdengo|50\/100|[from] item: Leftovers\n|upkeep\n|\n|t:|1683699316\n|switch|p2b: Kingambit|Kingambit, L50, M|100\/100\n|turn|5\n|\n|t:|1683699332\n|move|p1a: Gholdengo|Protect|p1a: Gholdengo\n|-singleturn|p1a: Gholdengo|Protect\n|move|p1b: Flutter Mane|Protect|p1b: Flutter Mane\n|-singleturn|p1b: Flutter Mane|Protect\n|move|p2b: Kingambit|Kowtow Cleave|p1b: Flutter Mane\n|-activate|p1b: Flutter Mane|move: Protect\n|move|p2a: Farigiraf|Dazzling Gleam|p1b: Flutter Mane|[spread] \n|-activate|p1a: Gholdengo|move: Protect\n|-activate|p1b: Flutter Mane|move: Protect\n|\n|-weather|SunnyDay|[upkeep]\n|-heal|p1a: Gholdengo|56\/100|[from] item: Leftovers\n|-fieldend|move: Trick Room\n|upkeep\n|turn|6\n|inactive|M175128050523 has 30 seconds left.\n|inactive|M175128050523 has 20 seconds left.\n|inactive|M175128050523 has 15 seconds left.\n|\n|t:|1683699375\n|move|p2b: Kingambit|Sucker Punch|p1b: Flutter Mane\n|-damage|p1b: Flutter Mane|0 fnt\n|faint|p1b: Flutter Mane\n|-end|p1b: Flutter Mane|Protosynthesis|[silent]\n|-damage|p2b: Kingambit|91\/100|[from] item: Life Orb\n|move|p1a: Gholdengo|Nasty Plot|p1a: Gholdengo\n|-boost|p1a: Gholdengo|spa|2\n|move|p2a: Farigiraf|Trick Room|p2a: Farigiraf\n|-fieldstart|move: Trick Room|[of] p2a: Farigiraf\n|\n|-weather|none\n|-heal|p1a: Gholdengo|62\/100|[from] item: Leftovers\n|upkeep\n|\n|t:|1683699388\n|switch|p1b: Orthworm|Orthworm, L50, M, tera:Water|3\/100\n|turn|7\n|\n|t:|1683699401\n|move|p1a: Gholdengo|Protect|p1a: Gholdengo\n|-singleturn|p1a: Gholdengo|Protect\n|move|p2b: Kingambit|Kowtow Cleave|p1a: Gholdengo\n|-activate|p1a: Gholdengo|move: Protect\n|move|p1b: Orthworm|Heavy Slam|p2a: Farigiraf\n|-damage|p2a: Farigiraf|3\/100\n|move|p2a: Farigiraf|Hyper Voice|p1a: Gholdengo|[spread] p1b\n|-activate|p1a: Gholdengo|move: Protect\n|-damage|p1b: Orthworm|0 fnt\n|faint|p1b: Orthworm\n|\n|-heal|p1a: Gholdengo|68\/100|[from] item: Leftovers\n|upkeep\n|\n|t:|1683699418\n|switch|p1b: Gyarados|Gyarados, L50, M|5\/100\n|-ability|p1b: Gyarados|Intimidate|boost\n|-unboost|p2a: Farigiraf|atk|1\n|-unboost|p2b: Kingambit|atk|1\n|-ability|p2b: Kingambit|Defiant|boost\n|-boost|p2b: Kingambit|atk|2\n|turn|8\n|\n|t:|1683699434\n|move|p2b: Kingambit|Kowtow Cleave|p1a: Gholdengo\n|-supereffective|p1a: Gholdengo\n|-damage|p1a: Gholdengo|0 fnt\n|faint|p1a: Gholdengo\n|-damage|p2b: Kingambit|81\/100|[from] item: Life Orb\n|move|p2a: Farigiraf|Hyper Voice|p1b: Gyarados\n|-damage|p1b: Gyarados|0 fnt\n|faint|p1b: Gyarados\n|\n|win|oscoz\n|raw|M175128050523's rating: 1168 → 1135<\/strong> (-33 for losing)\n|raw|oscoz's rating: 1047 → 1091<\/strong> (+44 for winning)\n|l|\u2606oscoz\n","uploadtime":1683699446,"views":16,"p1id":"m175128050523","p2id":"oscoz","formatid":"gen9vgc2023regulationc","rating":1091,"private":0,"password":""}