{"id":"gen9vgc2023regulationc-1860711057","p1":"sigueinventando","p2":"Duecal1on","format":"[Gen 9] VGC 2023 Regulation C","log":"|j|\u2606sigueinventando\n|j|\u2606Duecal1on\n|t:|1683668835\n|gametype|doubles\n|player|p1|sigueinventando|169|1257\n|player|p2|Duecal1on|volkner|1223\n|teamsize|p1|6\n|teamsize|p2|6\n|gen|9\n|tier|[Gen 9] VGC 2023 Regulation C\n|rated|\n|rule|Species Clause: Limit one of each Pok\u00e9mon\n|rule|Item Clause: Limit one of each item\n|clearpoke\n|poke|p1|Amoonguss, L50, F|\n|poke|p1|Ting-Lu, L50|\n|poke|p1|Rotom-Heat, L50|\n|poke|p1|Gastrodon-East, L50, M|\n|poke|p1|Garganacl, L50, F|\n|poke|p1|Glimmora, L50, F|\n|poke|p2|Palafin, L50, F|\n|poke|p2|Murkrow, L50, M|\n|poke|p2|Scizor, L50, F|\n|poke|p2|Chien-Pao, L50|\n|poke|p2|Annihilape, L50, M|\n|poke|p2|Oranguru, L50, M|\n|teampreview|4\n|inactive|Battle timer is ON: inactive players will automatically lose when time's up. (requested by Duecal1on)\n|inactive|sigueinventando has 60 seconds left.\n|\n|t:|1683668910\n|start\n|switch|p1a: Rotom|Rotom-Heat, L50|100\/100\n|switch|p1b: Amoonguss|Amoonguss, L50, F|100\/100\n|switch|p2a: Scizor|Scizor, L50, F|100\/100\n|switch|p2b: Oranguru|Oranguru, L50, M, shiny|100\/100\n|turn|1\n|inactive|Duecal1on has 30 seconds left.\n|\n|t:|1683668937\n|move|p2b: Oranguru|Protect|p2b: Oranguru\n|-singleturn|p2b: Oranguru|Protect\n|move|p1a: Rotom|Volt Switch|p2a: Scizor\n|-damage|p2a: Scizor|39\/100\n|\n|t:|1683668946\n|switch|p1a: Garganacl|Garganacl, L50, F|100\/100|[from] Volt Switch\n|move|p2a: Scizor|U-turn|p1a: Garganacl\n|-damage|p1a: Garganacl|65\/100\n|\n|t:|1683668953\n|switch|p2a: Annihilape|Annihilape, L50, M|100\/100|[from] U-turn\n|move|p1b: Amoonguss|Toxic|p2b: Oranguru\n|-activate|p2b: Oranguru|move: Protect\n|\n|upkeep\n|turn|2\n|\n|t:|1683668969\n|-terastallize|p1a: Garganacl|Flying\n|move|p2a: Annihilape|Bulk Up|p2a: Annihilape\n|-boost|p2a: Annihilape|atk|1\n|-boost|p2a: Annihilape|def|1\n|move|p2b: Oranguru|Instruct|p2a: Annihilape\n|-singleturn|p2a: Annihilape|move: Instruct|[of] p2b: Oranguru\n|move|p2a: Annihilape|Bulk Up|p2a: Annihilape\n|-boost|p2a: Annihilape|atk|1\n|-boost|p2a: Annihilape|def|1\n|move|p1b: Amoonguss|Toxic|p2b: Oranguru\n|-status|p2b: Oranguru|tox\n|move|p1a: Garganacl|Fling|p2a: Annihilape\n|-damage|p2a: Annihilape|97\/100\n|-status|p2a: Annihilape|brn\n|-enditem|p1a: Garganacl|Flame Orb|[from] move: Fling\n|\n|-damage|p2b: Oranguru|94\/100 tox|[from] psn\n|-damage|p2a: Annihilape|91\/100 brn|[from] brn\n|upkeep\n|turn|3\n|c|\u2606Duecal1on|Ahh got it that\u2019s neat\n|c|\u2606Duecal1on|gg\n|inactive|sigueinventando has 30 seconds left.\n|inactive|Duecal1on has 30 seconds left.\n|c|\u2606sigueinventando|:p\n|inactive|Duecal1on has 20 seconds left.\n|\n|t:|1683669008\n|move|p1b: Amoonguss|Protect|p1b: Amoonguss\n|-singleturn|p1b: Amoonguss|Protect\n|move|p2a: Annihilape|Bulk Up|p2a: Annihilape\n|-boost|p2a: Annihilape|atk|1\n|-boost|p2a: Annihilape|def|1\n|move|p2b: Oranguru|Instruct|p2a: Annihilape\n|-singleturn|p2a: Annihilape|move: Instruct|[of] p2b: Oranguru\n|move|p2a: Annihilape|Bulk Up|p2a: Annihilape\n|-boost|p2a: Annihilape|atk|1\n|-boost|p2a: Annihilape|def|1\n|move|p1a: Garganacl|Salt Cure|p2a: Annihilape\n|-resisted|p2a: Annihilape\n|-damage|p2a: Annihilape|89\/100 brn\n|-start|p2a: Annihilape|Salt Cure\n|\n|-damage|p2b: Oranguru|82\/100 tox|[from] psn\n|-damage|p2a: Annihilape|83\/100 brn|[from] brn\n|-damage|p2a: Annihilape|70\/100 brn|[from] Salt Cure\n|upkeep\n|turn|4\n|c|\u2606sigueinventando|it over 9000!!!\n|inactive|sigueinventando has 30 seconds left.\n|inactive|Duecal1on has 30 seconds left.\n|\n|t:|1683669040\n|move|p2a: Annihilape|Rage Fist|p1a: Garganacl\n|-damage|p1a: Garganacl|28\/100\n|move|p2b: Oranguru|Instruct|p2a: Annihilape\n|-singleturn|p2a: Annihilape|move: Instruct|[of] p2b: Oranguru\n|move|p2a: Annihilape|Rage Fist|p1a: Garganacl\n|-damage|p1a: Garganacl|0 fnt\n|faint|p1a: Garganacl\n|move|p1b: Amoonguss|Pollen Puff|p2b: Oranguru\n|-supereffective|p2b: Oranguru\n|-damage|p2b: Oranguru|61\/100 tox\n|\n|-damage|p2b: Oranguru|43\/100 tox|[from] psn\n|-damage|p2a: Annihilape|64\/100 brn|[from] brn\n|-damage|p2a: Annihilape|52\/100 brn|[from] Salt Cure\n|upkeep\n|\n|t:|1683669057\n|switch|p1a: Rotom|Rotom-Heat, L50|100\/100\n|turn|5\n|\n|t:|1683669071\n|move|p1a: Rotom|Volt Switch|p2a: Annihilape\n|-damage|p2a: Annihilape|7\/100 brn\n|-enditem|p2a: Annihilape|Sitrus Berry|[eat]\n|-heal|p2a: Annihilape|32\/100 brn|[from] item: Sitrus Berry\n|\n|t:|1683669076\n|switch|p1a: Gastrodon|Gastrodon-East, L50, M|100\/100|[from] Volt Switch\n|move|p2a: Annihilape|Drain Punch|p1a: Gastrodon\n|-damage|p1a: Gastrodon|37\/100\n|-heal|p2a: Annihilape|63\/100 brn|[from] drain|[of] p1a: Gastrodon\n|-enditem|p1a: Gastrodon|Sitrus Berry|[eat]\n|-heal|p1a: Gastrodon|62\/100|[from] item: Sitrus Berry\n|move|p2b: Oranguru|Instruct|p2a: Annihilape\n|-singleturn|p2a: Annihilape|move: Instruct|[of] p2b: Oranguru\n|move|p2a: Annihilape|Drain Punch|p1a: Gastrodon\n|-damage|p1a: Gastrodon|4\/100\n|-heal|p2a: Annihilape|90\/100 brn|[from] drain|[of] p1a: Gastrodon\n|move|p1b: Amoonguss|Pollen Puff|p1a: Gastrodon\n|-heal|p1a: Gastrodon|54\/100\n|\n|-damage|p2b: Oranguru|18\/100 tox|[from] psn\n|-damage|p2a: Annihilape|84\/100 brn|[from] brn\n|-damage|p2a: Annihilape|72\/100 brn|[from] Salt Cure\n|upkeep\n|turn|6\n|inactive|sigueinventando has 30 seconds left.\n|\n|t:|1683669105\n|move|p1a: Gastrodon|Protect|p1a: Gastrodon\n|-singleturn|p1a: Gastrodon|Protect\n|move|p1b: Amoonguss|Protect|p1b: Amoonguss\n|-singleturn|p1b: Amoonguss|Protect\n|move|p2a: Annihilape|Drain Punch|p1a: Gastrodon\n|-activate|p1a: Gastrodon|move: Protect\n|move|p2b: Oranguru|Instruct|p2a: Annihilape\n|-singleturn|p2a: Annihilape|move: Instruct|[of] p2b: Oranguru\n|move|p2a: Annihilape|Drain Punch|p1a: Gastrodon\n|-activate|p1a: Gastrodon|move: Protect\n|\n|-damage|p2b: Oranguru|0 fnt|[from] psn\n|faint|p2b: Oranguru\n|-damage|p2a: Annihilape|66\/100 brn|[from] brn\n|-damage|p2a: Annihilape|53\/100 brn|[from] Salt Cure\n|upkeep\n|\n|t:|1683669110\n|switch|p2b: Scizor|Scizor, L50, F|39\/100\n|turn|7\n|inactive|sigueinventando has 30 seconds left.\n|inactive|sigueinventando has 20 seconds left.\n|\n|t:|1683669145\n|move|p2a: Annihilape|Drain Punch|p1a: Gastrodon\n|-damage|p1a: Gastrodon|0 fnt\n|-heal|p2a: Annihilape|79\/100 brn|[from] drain|[of] p1a: Gastrodon\n|faint|p1a: Gastrodon\n|move|p2b: Scizor|U-turn|p1b: Amoonguss\n|-damage|p1b: Amoonguss|52\/100\n|\n|t:|1683669152\n|switch|p2b: Chien-Pao|Chien-Pao, L50|100\/100|[from] U-turn\n|-ability|p2b: Chien-Pao|Sword of Ruin\n|move|p1b: Amoonguss|Pollen Puff|p1: Gastrodon|[notarget]\n|-fail|p1b: Amoonguss\n|\n|-damage|p2a: Annihilape|73\/100 brn|[from] brn\n|-damage|p2a: Annihilape|61\/100 brn|[from] Salt Cure\n|upkeep\n|\n|t:|1683669160\n|switch|p1a: Rotom|Rotom-Heat, L50|100\/100\n|turn|8\n|inactive|sigueinventando has 30 seconds left.\n|\n|t:|1683669187\n|move|p1b: Amoonguss|Protect|p1b: Amoonguss\n|-singleturn|p1b: Amoonguss|Protect\n|move|p2b: Chien-Pao|Sucker Punch|p1a: Rotom\n|-damage|p1a: Rotom|46\/100\n|move|p1a: Rotom|Overheat|p2a: Annihilape\n|-damage|p2a: Annihilape|0 fnt\n|-unboost|p1a: Rotom|spa|2\n|faint|p2a: Annihilape\n|\n|upkeep\n|\n|t:|1683669196\n|switch|p2a: Scizor|Scizor, L50, F|39\/100\n|turn|9\n|\n|t:|1683669208\n|-terastallize|p2a: Scizor|Water\n|move|p2b: Chien-Pao|Ice Spinner|p1b: Amoonguss\n|-supereffective|p1b: Amoonguss\n|-damage|p1b: Amoonguss|0 fnt\n|faint|p1b: Amoonguss\n|move|p1a: Rotom|Overheat|p2a: Scizor\n|-resisted|p2a: Scizor\n|-damage|p2a: Scizor|11\/100\n|-unboost|p1a: Rotom|spa|2\n|move|p2a: Scizor|Close Combat|p1a: Rotom\n|-damage|p1a: Rotom|0 fnt\n|-unboost|p2a: Scizor|def|1\n|-unboost|p2a: Scizor|spd|1\n|faint|p1a: Rotom\n|\n|win|Duecal1on\n|raw|sigueinventando's rating: 1257 → 1230<\/strong> (-27 for losing)\n|raw|Duecal1on's rating: 1223 → 1250<\/strong> (+27 for winning)\n|c|\u2606sigueinventando|gg\n|c|\u2606sigueinventando|some high level shit\n|c|\u2606Duecal1on|Gg\n|c|\u2606Duecal1on|i tried\n|c|\u2606Duecal1on|lol\n|c|\u2606sigueinventando|my amoonguss has synthesis, I could've maybee lasted 1 more turn hahaha\n|c|\u2606Duecal1on|Ohh nice lol that moongus confused me\n|c|\u2606sigueinventando|im planning to take this team to a local tournament\n|c|\u2606sigueinventando|so far so good\n|c|\u2606Duecal1on|I was like no sleep ok let me instruct my mind away lol\n|c|\u2606Duecal1on|unique for sure\n|c|\u2606sigueinventando|hahahaha\n|c|\u2606sigueinventando|u run safety goggles or herb ?\n|c|\u2606Duecal1on|Herb\n|c|\u2606sigueinventando|im taking herb too cuz I know someone at the tourney is prone to use taunt a lot\n|c|\u2606Duecal1on|Lol specially with all the murkrow running around\n|c|\u2606sigueinventando|exactly hahaha prankster taunt is teh worst\n|c|\u2606Duecal1on|I was having a wonderful time on ladder with surf dozo got to the high 18s and got screwed by a million sunny day krows\n|c|\u2606sigueinventando|hahahahah damnn\n|c|\u2606sigueinventando|I wanna pull that surf dozo once\n|c|\u2606sigueinventando|sounds very fun\n|c|\u2606Duecal1on|but yeah have fun and good luck on your tourney \u270c\ufe0f\n","uploadtime":1683669245,"views":20,"p1id":"sigueinventando","p2id":"duecal1on","formatid":"gen9vgc2023regulationc","rating":1230,"private":0,"password":""}