{"id":"gen9vgc2023regulationc-1856545063","p1":"marioman6444","p2":"Genollo","format":"[Gen 9] VGC 2023 Regulation C","log":"|j|\u2606marioman6444\n|j|\u2606Genollo\n|t:|1683073992\n|gametype|doubles\n|player|p1|marioman6444|hoopster|1239\n|player|p2|Genollo|169|1209\n|teamsize|p1|6\n|teamsize|p2|6\n|gen|9\n|tier|[Gen 9] VGC 2023 Regulation C\n|rated|\n|rule|Species Clause: Limit one of each Pok\u00e9mon\n|rule|Item Clause: Limit one of each item\n|clearpoke\n|poke|p1|Tsareena, L50, F|\n|poke|p1|Gyarados, L50, M|\n|poke|p1|Sableye, L50, M|\n|poke|p1|Gholdengo, L50|\n|poke|p1|Roaring Moon, L50|\n|poke|p1|Ting-Lu, L50|\n|poke|p2|Tyranitar, L50, M|\n|poke|p2|Lycanroc, L50, F|\n|poke|p2|Iron Moth, L50|\n|poke|p2|Flutter Mane, L50|\n|poke|p2|Dragonite, L50, F|\n|poke|p2|Chien-Pao, L50|\n|teampreview|4\n|inactive|Battle timer is ON: inactive players will automatically lose when time's up. (requested by marioman6444)\n|inactive|marioman6444 has 60 seconds left.\n|\n|t:|1683074038\n|start\n|switch|p1a: G Holden GO|Gholdengo, L50|100\/100\n|switch|p1b: GyaraDON'T|Gyarados, L50, M, shiny|100\/100\n|switch|p2a: Tyranitar|Tyranitar, L50, M, shiny|100\/100\n|switch|p2b: Lycanroc|Lycanroc, L50, F, shiny|100\/100\n|-ability|p1b: GyaraDON'T|Intimidate|boost\n|-unboost|p2a: Tyranitar|atk|1\n|-unboost|p2b: Lycanroc|atk|1\n|-weather|Sandstorm|[from] ability: Sand Stream|[of] p2a: Tyranitar\n|turn|1\n|inactive|Genollo has 30 seconds left.\n|inactive|Genollo has 20 seconds left.\n|inactive|Genollo has 15 seconds left.\n|inactive|Genollo has 10 seconds left.\n|inactive|Genollo has 5 seconds left.\n|\n|t:|1683074093\n|-terastallize|p1a: G Holden GO|Water\n|move|p2b: Lycanroc|Accelerock|p1b: GyaraDON'T\n|-supereffective|p1b: GyaraDON'T\n|-damage|p1b: GyaraDON'T|70\/100\n|move|p1a: G Holden GO|Nasty Plot|p1a: G Holden GO\n|-boost|p1a: G Holden GO|spa|2\n|move|p1b: GyaraDON'T|Icy Wind|p2b: Lycanroc|[spread] p2a,p2b\n|-damage|p2a: Tyranitar|98\/100\n|-damage|p2b: Lycanroc|95\/100\n|-unboost|p2a: Tyranitar|spe|1\n|-unboost|p2b: Lycanroc|spe|1\n|move|p2a: Tyranitar|Rock Slide|p1b: GyaraDON'T|[spread] p1a,p1b\n|-supereffective|p1b: GyaraDON'T\n|-damage|p1a: G Holden GO|76\/100\n|-damage|p1b: GyaraDON'T|19\/100\n|-enditem|p1b: GyaraDON'T|Sitrus Berry|[eat]\n|-heal|p1b: GyaraDON'T|44\/100|[from] item: Sitrus Berry\n|\n|-weather|Sandstorm|[upkeep]\n|-damage|p1a: G Holden GO|70\/100|[from] Sandstorm\n|-damage|p1b: GyaraDON'T|38\/100|[from] Sandstorm\n|upkeep\n|turn|2\n|\n|t:|1683074113\n|move|p2b: Lycanroc|Accelerock|p1a: G Holden GO\n|-damage|p1a: G Holden GO|55\/100\n|move|p1a: G Holden GO|Make It Rain|p2a: Tyranitar|[spread] p2a,p2b\n|-supereffective|p2a: Tyranitar\n|-supereffective|p2b: Lycanroc\n|-damage|p2a: Tyranitar|0 fnt\n|-damage|p2b: Lycanroc|0 fnt\n|-unboost|p1a: G Holden GO|spa|1\n|faint|p2a: Tyranitar\n|faint|p2b: Lycanroc\n|-damage|p1a: G Holden GO|45\/100|[from] item: Life Orb\n|move|p1b: GyaraDON'T|Waterfall|p2: Tyranitar|[notarget]\n|-fail|p1b: GyaraDON'T\n|\n|-weather|Sandstorm|[upkeep]\n|-damage|p1a: G Holden GO|39\/100|[from] Sandstorm\n|-damage|p1b: GyaraDON'T|32\/100|[from] Sandstorm\n|upkeep\n|inactive|Genollo has 30 seconds left.\n|\n|t:|1683074147\n|switch|p2b: Chien-Pao|Chien-Pao, L50|100\/100\n|switch|p2a: Dragonite|Dragonite, L50, F, shiny|100\/100\n|-ability|p2b: Chien-Pao|Sword of Ruin\n|turn|3\n|\n|t:|1683074158\n|-terastallize|p2a: Dragonite|Normal\n|move|p1a: G Holden GO|Protect|p1a: G Holden GO\n|-singleturn|p1a: G Holden GO|Protect\n|move|p2a: Dragonite|Extreme Speed|p1a: G Holden GO\n|-activate|p1a: G Holden GO|move: Protect\n|move|p2b: Chien-Pao|Substitute|p2b: Chien-Pao\n|-start|p2b: Chien-Pao|Substitute\n|-damage|p2b: Chien-Pao|75\/100\n|move|p1b: GyaraDON'T|Icy Wind|p2a: Dragonite|[spread] p2a,p2b\n|-resisted|p2b: Chien-Pao\n|-activate|p2b: Chien-Pao|move: Substitute|[damage]\n|-damage|p2a: Dragonite|98\/100\n|-unboost|p2a: Dragonite|spe|1\n|\n|-weather|Sandstorm|[upkeep]\n|-damage|p2b: Chien-Pao|70\/100|[from] Sandstorm\n|-damage|p1a: G Holden GO|33\/100|[from] Sandstorm\n|-damage|p1b: GyaraDON'T|26\/100|[from] Sandstorm\n|-damage|p2a: Dragonite|92\/100|[from] Sandstorm\n|upkeep\n|turn|4\n|\n|t:|1683074177\n|switch|p1b: YOU'RE QUEEN|Tsareena, L50, F, shiny|100\/100\n|move|p2a: Dragonite|Extreme Speed||[still]\n|cant|p1b: YOU'RE QUEEN|ability: Queenly Majesty|Extreme Speed|[of] p2a: Dragonite\n|move|p2b: Chien-Pao|Sacred Sword|p1a: G Holden GO\n|-damage|p1a: G Holden GO|0 fnt\n|faint|p1a: G Holden GO\n|\n|-weather|Sandstorm|[upkeep]\n|-damage|p2b: Chien-Pao|64\/100|[from] Sandstorm\n|-damage|p1b: YOU'RE QUEEN|94\/100|[from] Sandstorm\n|-damage|p2a: Dragonite|86\/100|[from] Sandstorm\n|upkeep\n|\n|t:|1683074192\n|switch|p1a: Big-Lu|Ting-Lu, L50|100\/100\n|-ability|p1a: Big-Lu|Vessel of Ruin\n|turn|5\n|\n|t:|1683074198\n|move|p1b: YOU'RE QUEEN|Protect|p1b: YOU'RE QUEEN\n|-singleturn|p1b: YOU'RE QUEEN|Protect\n|move|p2a: Dragonite|Extreme Speed||[still]\n|cant|p1b: YOU'RE QUEEN|ability: Queenly Majesty|Extreme Speed|[of] p2a: Dragonite\n|move|p2b: Chien-Pao|Sacred Sword|p1a: Big-Lu\n|-supereffective|p1a: Big-Lu\n|-damage|p1a: Big-Lu|57\/100\n|move|p1a: Big-Lu|Heavy Slam|p2b: Chien-Pao\n|-supereffective|p2b: Chien-Pao\n|-end|p2b: Chien-Pao|Substitute\n|\n|-weather|none\n|-heal|p1a: Big-Lu|63\/100|[from] item: Leftovers\n|upkeep\n|turn|6\n|\n|t:|1683074222\n|switch|p1b: GyaraDON'T|Gyarados, L50, M, shiny|26\/100\n|-ability|p1b: GyaraDON'T|Intimidate|boost\n|-unboost|p2a: Dragonite|atk|1\n|-unboost|p2b: Chien-Pao|atk|1\n|move|p2a: Dragonite|Extreme Speed|p1a: Big-Lu\n|-damage|p1a: Big-Lu|34\/100\n|move|p2b: Chien-Pao|Sacred Sword|p1a: Big-Lu\n|-supereffective|p1a: Big-Lu\n|-damage|p1a: Big-Lu|3\/100\n|move|p1a: Big-Lu|Heavy Slam|p2b: Chien-Pao\n|-supereffective|p2b: Chien-Pao\n|-damage|p2b: Chien-Pao|0 fnt\n|faint|p2b: Chien-Pao\n|\n|-heal|p1a: Big-Lu|9\/100|[from] item: Leftovers\n|upkeep\n|turn|7\n|\n|t:|1683074236\n|switch|p1b: YOU'RE QUEEN|Tsareena, L50, F, shiny|94\/100\n|move|p2a: Dragonite|Extreme Speed||[still]\n|cant|p1b: YOU'RE QUEEN|ability: Queenly Majesty|Extreme Speed|[of] p2a: Dragonite\n|move|p1a: Big-Lu|Ruination|p2a: Dragonite\n|-damage|p2a: Dragonite|43\/100\n|\n|-heal|p1a: Big-Lu|15\/100|[from] item: Leftovers\n|upkeep\n|turn|8\n|-message|Genollo forfeited.\n|\n|win|marioman6444\n|raw|marioman6444's rating: 1239 → 1262<\/strong> (+23 for winning)\n|raw|Genollo's rating: 1209 → 1186<\/strong> (-23 for losing)\n|l|\u2606Genollo\n|c|\u2606marioman6444|Gg\n","uploadtime":1683074246,"views":14,"p1id":"marioman6444","p2id":"genollo","formatid":"gen9vgc2023regulationc","rating":1186,"private":0,"password":""}