{"id":"gen9vgc2023regulationc-1864060221","p1":"RonJohn","p2":"Adroqk","format":"[Gen 9] VGC 2023 Regulation C","log":"|j|\u2606RonJohn\n|j|\u2606Adroqk\n|t:|1684111813\n|gametype|doubles\n|player|p1|RonJohn|169|1233\n|player|p2|Adroqk|265|1146\n|teamsize|p1|6\n|teamsize|p2|6\n|gen|9\n|tier|[Gen 9] VGC 2023 Regulation C\n|rated|\n|rule|Species Clause: Limit one of each Pok\u00e9mon\n|rule|Item Clause: Limit one of each item\n|clearpoke\n|poke|p1|Flutter Mane, L50|\n|poke|p1|Orthworm, L50, M|\n|poke|p1|Dragonite, L50, F|\n|poke|p1|Amoonguss, L50, F|\n|poke|p1|Gyarados, L50, M|\n|poke|p1|Ting-Lu, L50|\n|poke|p2|Kilowattrel, L50, F|\n|poke|p2|Garchomp, L50, M|\n|poke|p2|Torkoal, L50, M|\n|poke|p2|Lilligant, L50, F|\n|poke|p2|Scream Tail, L50|\n|poke|p2|Gholdengo, L50|\n|teampreview|4\n|inactive|Battle timer is ON: inactive players will automatically lose when time's up. (requested by Adroqk)\nRonJohn has agreed to open team sheets.\nAdroqk rejected open team sheets.\n|c|\u2606Adroqk|DENNY!!!\n|c|\u2606RonJohn|ok\n|c|\u2606Adroqk|UR SCREWED KID ARENT U\n|\n|t:|1684111841\n|start\n|switch|p1a: Gyarados|Gyarados, L50, M|100\/100\n|switch|p1b: Ting-Lu|Ting-Lu, L50|100\/100\n|switch|p2a: Torkoal|Torkoal, L50, M|100\/100\n|switch|p2b: Lilligant|Lilligant, L50, F|100\/100\n|-ability|p1a: Gyarados|Intimidate|boost\n|-unboost|p2a: Torkoal|atk|1\n|-unboost|p2b: Lilligant|atk|1\n|-ability|p1b: Ting-Lu|Vessel of Ruin\n|-weather|SunnyDay|[from] ability: Drought|[of] p2a: Torkoal\n|turn|1\n|inactive|RonJohn has 30 seconds left.\n|inactive|Adroqk has 30 seconds left.\n|c|\u2606Adroqk|MAHAHAHAHHAAHHAHAAH\n|\n|t:|1684111873\n|-terastallize|p1b: Ting-Lu|Grass\n|move|p2b: Lilligant|After You|p2a: Torkoal\n|-activate|p2a: Torkoal|move: After You\n|move|p2a: Torkoal|Eruption|p1b: Ting-Lu|[spread] p1a,p1b\n|-resisted|p1a: Gyarados\n|-supereffective|p1b: Ting-Lu\n|-damage|p1a: Gyarados|74\/100\n|-damage|p1b: Ting-Lu|37\/100\n|move|p1a: Gyarados|Rain Dance|p1a: Gyarados\n|-weather|RainDance\n|move|p1b: Ting-Lu|Earthquake|p2b: Lilligant|[spread] p2a,p2b\n|-immune|p1a: Gyarados\n|-supereffective|p2a: Torkoal\n|-resisted|p2b: Lilligant\n|-damage|p2a: Torkoal|45\/100\n|-damage|p2b: Lilligant|77\/100\n|\n|-weather|RainDance|[upkeep]\n|upkeep\n|turn|2\n|inactive|RonJohn has 30 seconds left.\n|inactive|Adroqk has 30 seconds left.\n|\n|t:|1684111905\n|switch|p1b: Orthworm|Orthworm, L50, M|100\/100\n|move|p2b: Lilligant|Sleep Powder|p1a: Gyarados\n|-status|p1a: Gyarados|slp|[from] move: Sleep Powder\n|cant|p1a: Gyarados|slp\n|move|p2a: Torkoal|Heat Wave|p1b: Orthworm|[spread] p1b\n|-miss|p2a: Torkoal|p1a: Gyarados\n|-supereffective|p1b: Orthworm\n|-damage|p1b: Orthworm|63\/100\n|\n|-weather|RainDance|[upkeep]\n|upkeep\n|turn|3\n|c|\u2606Adroqk|Rain dance is intresting id say\n|inactive|RonJohn has 30 seconds left.\n|\n|t:|1684111939\n|move|p1b: Orthworm|Protect|p1b: Orthworm\n|-singleturn|p1b: Orthworm|Protect\n|move|p2b: Lilligant|Leaf Storm|p1b: Orthworm\n|-activate|p1b: Orthworm|move: Protect\n|cant|p1a: Gyarados|slp\n|move|p2a: Torkoal|Heat Wave|p1a: Gyarados|[spread] p1a\n|-activate|p1b: Orthworm|move: Protect\n|-resisted|p1a: Gyarados\n|-damage|p1a: Gyarados|66\/100 slp\n|\n|-weather|RainDance|[upkeep]\n|upkeep\n|turn|4\n|inactive|RonJohn has 30 seconds left.\n|\n|t:|1684111970\n|switch|p1b: Ting-Lu|Ting-Lu, L50, tera:Grass|37\/100\n|-ability|p1b: Ting-Lu|Vessel of Ruin\n|move|p2b: Lilligant|Leaf Storm|p1b: Ting-Lu\n|-resisted|p1b: Ting-Lu\n|-damage|p1b: Ting-Lu|28\/100\n|-unboost|p2b: Lilligant|spa|2\n|-curestatus|p1a: Gyarados|slp|[msg]\n|move|p1a: Gyarados|Thunder Wave|p2b: Lilligant\n|-status|p2b: Lilligant|par\n|move|p2a: Torkoal|Heat Wave|p1a: Gyarados|[spread] p1a,p1b\n|-resisted|p1a: Gyarados\n|-supereffective|p1b: Ting-Lu\n|-damage|p1a: Gyarados|61\/100\n|-damage|p1b: Ting-Lu|14\/100\n|\n|-weather|RainDance|[upkeep]\n|upkeep\n|turn|5\n|c|\u2606Adroqk|ill put back to sleep boi\n|inactive|RonJohn has 30 seconds left.\n|\n|t:|1684111999\n|switch|p1b: Orthworm|Orthworm, L50, M|63\/100\n|move|p1a: Gyarados|Waterfall|p2a: Torkoal\n|-supereffective|p2a: Torkoal\n|-damage|p2a: Torkoal|0 fnt\n|faint|p2a: Torkoal\n|move|p2b: Lilligant|Sleep Powder|p1a: Gyarados|[miss]\n|-miss|p2b: Lilligant|p1a: Gyarados\n|\n|-weather|RainDance|[upkeep]\n|upkeep\n|c|\u2606RonJohn|lol\n|\n|t:|1684112012\n|switch|p2a: Scream Tail|Scream Tail, L50|100\/100\n|turn|6\n|\n|t:|1684112024\n|switch|p2b: Gholdengo|Gholdengo, L50|100\/100\n|move|p2a: Scream Tail|Perish Song|p2a: Scream Tail\n|-start|p1a: Gyarados|perish3|[silent]\n|-start|p1b: Orthworm|perish3|[silent]\n|-start|p2a: Scream Tail|perish3|[silent]\n|-immune|p2b: Gholdengo|[from] ability: Good as Gold\n|-fieldactivate|move: Perish Song\n|move|p1a: Gyarados|Taunt|p2b: Gholdengo\n|-immune|p2b: Gholdengo|[from] ability: Good as Gold\n|move|p1b: Orthworm|Shed Tail|p1b: Orthworm\n|-start|p1b: Orthworm|Substitute|[from] move: Shed Tail\n|-damage|p1b: Orthworm|13\/100\n|-enditem|p1b: Orthworm|Sitrus Berry|[eat]\n|-heal|p1b: Orthworm|38\/100|[from] item: Sitrus Berry\n|\n|t:|1684112036\n|switch|p1b: Dragonite|Dragonite, L50, F|100\/100|[from] Shed Tail\n|\n|-weather|RainDance|[upkeep]\n|-start|p2a: Scream Tail|perish3\n|-start|p1a: Gyarados|perish3\n|upkeep\n|turn|7\n|c|\u2606Adroqk|-sisp team\n|inactive|RonJohn has 30 seconds left.\n|inactive|Adroqk has 30 seconds left.\n|\n|t:|1684112067\n|switch|p1a: Orthworm|Orthworm, L50, M|38\/100\n|move|p2a: Scream Tail|Wish|p2a: Scream Tail\n|move|p1b: Dragonite|Earthquake|p2b: Gholdengo|[spread] p2a,p2b\n|-heal|p1a: Orthworm|63\/100|[from] ability: Earth Eater|[of] p1b: Dragonite\n|-supereffective|p2b: Gholdengo\n|-damage|p2a: Scream Tail|78\/100\n|-damage|p2b: Gholdengo|45\/100\n|-enditem|p2b: Gholdengo|Sitrus Berry|[eat]\n|-heal|p2b: Gholdengo|70\/100|[from] item: Sitrus Berry\n|move|p2b: Gholdengo|Nasty Plot|p2b: Gholdengo\n|-boost|p2b: Gholdengo|spa|2\n|\n|-weather|RainDance|[upkeep]\n|-heal|p2a: Scream Tail|83\/100|[from] item: Leftovers\n|-start|p2a: Scream Tail|perish2\n|upkeep\n|turn|8\n|inactive|RonJohn has 30 seconds left.\n|\n|t:|1684112098\n|-terastallize|p2b: Gholdengo|Water\n|move|p1a: Orthworm|Protect|p1a: Orthworm\n|-singleturn|p1a: Orthworm|Protect\n|move|p2a: Scream Tail|Encore|p1b: Dragonite\n|-start|p1b: Dragonite|Encore\n|move|p1b: Dragonite|Earthquake|p2a: Scream Tail|[spread] p2a,p2b\n|-activate|p1a: Orthworm|move: Protect\n|-damage|p2a: Scream Tail|59\/100\n|-damage|p2b: Gholdengo|40\/100\n|move|p2b: Gholdengo|Hex|p1b: Dragonite\n|-end|p1b: Dragonite|Substitute\n|\n|-weather|none\n|-heal|p2a: Scream Tail|100\/100|[from] move: Wish|[wisher] Scream Tail\n|-start|p2a: Scream Tail|perish1\n|upkeep\n|turn|9\n|inactive|RonJohn has 30 seconds left.\n|inactive|RonJohn has 20 seconds left.\n|c|\u2606Adroqk|MAAHAHAHAHAHA\n|\n|t:|1684112138\n|-end|p2a: Scream Tail|Protosynthesis|[silent]\n|switch|p2a: Lilligant|Lilligant, L50, F|77\/100 par\n|move|p1b: Dragonite|Earthquake|p2b: Gholdengo|[spread] p2a,p2b\n|-heal|p1a: Orthworm|88\/100|[from] ability: Earth Eater|[of] p1b: Dragonite\n|-resisted|p2a: Lilligant\n|-damage|p2a: Lilligant|58\/100 par\n|-damage|p2b: Gholdengo|9\/100\n|move|p2b: Gholdengo|Make It Rain|p1b: Dragonite|[spread] p1a,p1b\n|-resisted|p1a: Orthworm\n|-damage|p1a: Orthworm|34\/100\n|-damage|p1b: Dragonite|44\/100\n|-unboost|p2b: Gholdengo|spa|1\n|move|p1a: Orthworm|Heavy Slam|p2b: Gholdengo\n|-resisted|p2b: Gholdengo\n|-damage|p2b: Gholdengo|0 fnt\n|faint|p2b: Gholdengo\n|\n|upkeep\n|\n|t:|1684112150\n|switch|p2b: Scream Tail|Scream Tail, L50|100\/100\n|turn|10\n|c|\u2606RonJohn|bye gold boy\n|inactive|RonJohn has 30 seconds left.\n|inactive|RonJohn has 20 seconds left.\n|inactive|Adroqk has 30 seconds left.\n|c|\u2606Adroqk|U wanna go like that!\n|inactive|RonJohn has 15 seconds left.\n|inactive|RonJohn has 10 seconds left.\n|\n|t:|1684112196\n|switch|p1b: Ting-Lu|Ting-Lu, L50, tera:Grass|14\/100\n|-ability|p1b: Ting-Lu|Vessel of Ruin\n|move|p2a: Lilligant|Protect|p2a: Lilligant\n|-singleturn|p2a: Lilligant|Protect\n|move|p2b: Scream Tail|Encore|p1a: Orthworm\n|-start|p1a: Orthworm|Encore\n|move|p1a: Orthworm|Heavy Slam|p2a: Lilligant\n|-activate|p2a: Lilligant|move: Protect\n|\n|upkeep\n|turn|11\n|inactive|RonJohn has 30 seconds left.\n|c|\u2606Adroqk|boi ima break u down\n|\n|t:|1684112230\n|switch|p1a: Dragonite|Dragonite, L50, F|44\/100\n|move|p2b: Scream Tail|Wish|p2b: Scream Tail\n|move|p1b: Ting-Lu|Earthquake|p2a: Lilligant|[spread] p2a,p2b\n|-immune|p1a: Dragonite\n|-resisted|p2a: Lilligant\n|-damage|p2a: Lilligant|34\/100 par\n|-damage|p2b: Scream Tail|72\/100\n|move|p2a: Lilligant|Leaf Storm|p1b: Ting-Lu\n|-resisted|p1b: Ting-Lu\n|-damage|p1b: Ting-Lu|5\/100\n|-unboost|p2a: Lilligant|spa|2\n|\n|-heal|p2b: Scream Tail|78\/100|[from] item: Leftovers\n|upkeep\n|turn|12\n|c|\u2606Adroqk|THIS WILL BE A LONG MATCH WONT IT\n|inactive|RonJohn has 30 seconds left.\n|\n|t:|1684112263\n|move|p1a: Dragonite|Extreme Speed|p2a: Lilligant\n|-damage|p2a: Lilligant|0 fnt\n|faint|p2a: Lilligant\n|move|p2b: Scream Tail|Encore|p1b: Ting-Lu\n|-start|p1b: Ting-Lu|Encore\n|move|p1b: Ting-Lu|Earthquake|p2b: Scream Tail|[spread] p2b\n|-immune|p1a: Dragonite\n|-damage|p2b: Scream Tail|46\/100\n|\n|-heal|p2b: Scream Tail|96\/100|[from] move: Wish|[wisher] Scream Tail\n|-heal|p2b: Scream Tail|100\/100|[from] item: Leftovers\n|upkeep\n|turn|13\n|\n|t:|1684112287\n|switch|p1b: Orthworm|Orthworm, L50, M|34\/100\n|move|p2b: Scream Tail|Wish|p2b: Scream Tail\n|move|p1a: Dragonite|Earthquake|p2b: Scream Tail|[spread] p2b\n|-heal|p1b: Orthworm|59\/100|[from] ability: Earth Eater|[of] p1a: Dragonite\n|-damage|p2b: Scream Tail|78\/100\n|\n|-heal|p2b: Scream Tail|84\/100|[from] item: Leftovers\n|upkeep\n|turn|14\n|inactive|RonJohn has 30 seconds left.\n|\n|t:|1684112307\n|move|p2b: Scream Tail|Protect|p2b: Scream Tail\n|-singleturn|p2b: Scream Tail|Protect\n|move|p1a: Dragonite|Dragon Dance|p1a: Dragonite\n|-boost|p1a: Dragonite|atk|1\n|-boost|p1a: Dragonite|spe|1\n|move|p1b: Orthworm|Heavy Slam|p2b: Scream Tail\n|-activate|p2b: Scream Tail|move: Protect\n|\n|-heal|p2b: Scream Tail|100\/100|[from] move: Wish|[wisher] Scream Tail\n|upkeep\n|turn|15\n|inactive|RonJohn has 25 seconds left this turn.\n|inactive|RonJohn has 20 seconds left.\n|inactive|RonJohn has 15 seconds left.\n|\n|t:|1684112319\n|move|p1a: Dragonite|Earthquake|p2b: Scream Tail|[spread] p2b\n|-heal|p1b: Orthworm|84\/100|[from] ability: Earth Eater|[of] p1a: Dragonite\n|-damage|p2b: Scream Tail|64\/100\n|move|p2b: Scream Tail|Encore|p1a: Dragonite\n|-start|p1a: Dragonite|Encore\n|move|p1b: Orthworm|Heavy Slam|p2b: Scream Tail\n|-supereffective|p2b: Scream Tail\n|-damage|p2b: Scream Tail|7\/100\n|\n|-heal|p2b: Scream Tail|13\/100|[from] item: Leftovers\n|upkeep\n|turn|16\n|inactive|RonJohn has 15 seconds left this turn.\n|c|\u2606Adroqk|im gonna stall ur pp\n|inactive|RonJohn has 10 seconds left.\n|c|\u2606Adroqk|or your other pp :)\n|inactive|RonJohn has 5 seconds left.\n|\n|t:|1684112333\n|move|p1a: Dragonite|Earthquake|p2b: Scream Tail|[spread] p2b\n|-heal|p1b: Orthworm|100\/100|[from] ability: Earth Eater|[of] p1a: Dragonite\n|-damage|p2b: Scream Tail|0 fnt\n|faint|p2b: Scream Tail\n|-end|p2b: Scream Tail|Protosynthesis|[silent]\n|\n|win|RonJohn\n|inactive|RonJohn has 5 seconds left this turn.\n|raw|RonJohn's rating: 1233 → 1252<\/strong> (+19 for winning)\n|raw|Adroqk's rating: 1146 → 1127<\/strong> (-19 for losing)\n|c|\u2606RonJohn|boy bye\n|c|\u2606RonJohn|shoulda just accepted OTS\n","uploadtime":1684112356,"views":32,"p1id":"ronjohn","p2id":"adroqk","formatid":"gen9vgc2023regulationc","rating":1127,"private":0,"password":""}