{"id":"gen9vgc2023regulationc-1862753428","p1":"JaiGosai","p2":"SwedeLRL","format":"[Gen 9] VGC 2023 Regulation C","log":"|j|\u2606JaiGosai\n|j|\u2606SwedeLRL\n|t:|1683918401\n|gametype|doubles\n|player|p1|JaiGosai|2|\n|player|p2|SwedeLRL|265|\n|teamsize|p1|6\n|teamsize|p2|6\n|gen|9\n|tier|[Gen 9] VGC 2023 Regulation C\n|rule|Species Clause: Limit one of each Pok\u00e9mon\n|rule|Item Clause: Limit one of each item\n|clearpoke\n|poke|p1|Baxcalibur, L50, M|\n|poke|p1|Flutter Mane, L50|\n|poke|p1|Ting-Lu, L50|\n|poke|p1|Arcanine, L50, F|\n|poke|p1|Amoonguss, L50, F|\n|poke|p1|Palafin, L50, F|\n|poke|p2|Lycanroc, L50, M|\n|poke|p2|Corviknight, L50, M|\n|poke|p2|Iron Bundle, L50|\n|poke|p2|Tyranitar, L50, F|\n|poke|p2|Garchomp, L50, F|\n|poke|p2|Flutter Mane, L50|\n|teampreview|4\n|inactive|Battle timer is ON: inactive players will automatically lose when time's up. (requested by JaiGosai)\n|inactiveoff|Battle timer is now OFF.\n|c|\u2606JaiGosai|g2\n|j| GenericName3333\nJaiGosai has agreed to open team sheets.\nSwedeLRL has agreed to open team sheets.\n|j| MortTTL\n|l| MortTTL\n|j| scotty1vgc\n|j| MortTTL\n|l| scotty1vgc\n|\n|t:|1683919271\n|start\n|switch|p1a: Palafin|Palafin, L50, F, shiny|100\/100\n|switch|p1b: Amoonguss|Amoonguss, L50, F, shiny|100\/100\n|switch|p2a: Corviknight|Corviknight, L50, M|100\/100\n|switch|p2b: Iron Bundle|Iron Bundle, L50|100\/100\n|-enditem|p2b: Iron Bundle|Booster Energy\n|-activate|p2b: Iron Bundle|ability: Quark Drive|[fromitem]\n|-start|p2b: Iron Bundle|quarkdrivespe\n|turn|1\n|j| scotty1vgc\n|l| scotty1vgc\n|j| PaulJSpear\n|j| scotty1vgc\n|\n|t:|1683919332\n|detailschange|p1a: Palafin|Palafin-Hero, L50, F, shiny\n|switch|p1a: Baxcalibur|Baxcalibur, L50, M|100\/100\n|move|p2b: Iron Bundle|Freeze-Dry|p1b: Amoonguss\n|-supereffective|p1b: Amoonguss\n|-damage|p1b: Amoonguss|40\/100\n|-enditem|p1b: Amoonguss|Sitrus Berry|[eat]\n|-heal|p1b: Amoonguss|65\/100|[from] item: Sitrus Berry\n|move|p2a: Corviknight|Brave Bird|p1b: Amoonguss\n|-supereffective|p1b: Amoonguss\n|-damage|p1b: Amoonguss|0 fnt\n|faint|p1b: Amoonguss\n|-damage|p2a: Corviknight|77\/100|[from] Recoil\n|\n|upkeep\n|l| MortTTL\n|j| MortTTL\n|l| scotty1vgc\n|j| scotty1vgc\n|\n|t:|1683919398\n|switch|p1b: Palafin|Palafin-Hero, L50, F, shiny|100\/100\n|-activate|p1b: Palafin|ability: Zero to Hero\n|turn|2\n|\n|t:|1683919428\n|move|p2b: Iron Bundle|Freeze-Dry|p1b: Palafin\n|-supereffective|p1b: Palafin\n|-damage|p1b: Palafin|28\/100\n|move|p1b: Palafin|Substitute|p1b: Palafin\n|-start|p1b: Palafin|Substitute\n|-damage|p1b: Palafin|3\/100\n|move|p1a: Baxcalibur|Glaive Rush|p2b: Iron Bundle\n|-damage|p2b: Iron Bundle|13\/100\n|-singlemove|p1a: Baxcalibur|Glaive Rush|[silent]\n|move|p2a: Corviknight|Tailwind|p2a: Corviknight\n|-sidestart|p2: SwedeLRL|move: Tailwind\n|\n|upkeep\n|turn|3\n|l| MortTTL\n|\n|t:|1683919477\n|move|p2b: Iron Bundle|Protect|p2b: Iron Bundle\n|-singleturn|p2b: Iron Bundle|Protect\n|move|p1b: Palafin|Protect|p1b: Palafin\n|-singleturn|p1b: Palafin|Protect\n|move|p1a: Baxcalibur|Protect|p1a: Baxcalibur\n|-singleturn|p1a: Baxcalibur|Protect\n|move|p2a: Corviknight|Brave Bird|p1b: Palafin\n|-activate|p1b: Palafin|move: Protect\n|\n|upkeep\n|turn|4\n|j| MortTTL\n|\n|t:|1683919514\n|move|p1b: Palafin|Jet Punch|p2b: Iron Bundle\n|-resisted|p2b: Iron Bundle\n|-damage|p2b: Iron Bundle|0 fnt\n|faint|p2b: Iron Bundle\n|-end|p2b: Iron Bundle|Quark Drive|[silent]\n|move|p2a: Corviknight|Brave Bird|p1b: Palafin\n|-end|p1b: Palafin|Substitute\n|-damage|p2a: Corviknight|68\/100|[from] Recoil|[of] p1b: Palafin\n|move|p1a: Baxcalibur|Glaive Rush|p2a: Corviknight\n|-resisted|p2a: Corviknight\n|-damage|p2a: Corviknight|40\/100\n|-singlemove|p1a: Baxcalibur|Glaive Rush|[silent]\n|-enditem|p2a: Corviknight|Sitrus Berry|[eat]\n|-heal|p2a: Corviknight|65\/100|[from] item: Sitrus Berry\n|\n|upkeep\n|\n|t:|1683919527\n|switch|p2b: Tyranitar|Tyranitar, L50, F|100\/100\n|-weather|Sandstorm|[from] ability: Sand Stream|[of] p2b: Tyranitar\n|turn|5\n|j| Tulin's Tornado\n|l| Tulin's Tornado\n|\n|t:|1683919598\n|move|p1b: Palafin|Protect|p1b: Palafin\n|-singleturn|p1b: Palafin|Protect\n|move|p1a: Baxcalibur|Protect|p1a: Baxcalibur\n|-singleturn|p1a: Baxcalibur|Protect\n|move|p2a: Corviknight|Roost|p2a: Corviknight\n|-heal|p2a: Corviknight|100\/100\n|-singleturn|p2a: Corviknight|move: Roost\n|move|p2b: Tyranitar|Rock Slide|p1a: Baxcalibur|[spread] \n|-activate|p1a: Baxcalibur|move: Protect\n|-activate|p1b: Palafin|move: Protect\n|\n|-weather|Sandstorm|[upkeep]\n|-damage|p1b: Palafin|0 fnt|[from] Sandstorm\n|-damage|p1a: Baxcalibur|95\/100|[from] Sandstorm\n|faint|p1b: Palafin\n|-sideend|p2: SwedeLRL|move: Tailwind\n|upkeep\n|\n|t:|1683919615\n|switch|p1b: Flutter Mane|Flutter Mane, L50|100\/100\n|turn|6\n|\n|t:|1683919661\n|-terastallize|p1a: Baxcalibur|Poison\n|move|p1b: Flutter Mane|Thunderbolt|p2a: Corviknight\n|-supereffective|p2a: Corviknight\n|-damage|p2a: Corviknight|12\/100\n|move|p1a: Baxcalibur|Icicle Crash|p2a: Corviknight|[miss]\n|-miss|p1a: Baxcalibur|p2a: Corviknight\n|move|p2a: Corviknight|Iron Head|p1b: Flutter Mane\n|-supereffective|p1b: Flutter Mane\n|-damage|p1b: Flutter Mane|14\/100\n|move|p2b: Tyranitar|Rock Slide|p1a: Baxcalibur|[spread] p1a,p1b\n|-crit|p1a: Baxcalibur\n|-damage|p1a: Baxcalibur|49\/100\n|-damage|p1b: Flutter Mane|0 fnt\n|faint|p1b: Flutter Mane\n|-end|p1b: Flutter Mane|Protosynthesis|[silent]\n|\n|-weather|Sandstorm|[upkeep]\n|-damage|p1a: Baxcalibur|43\/100|[from] Sandstorm\n|upkeep\n|turn|7\n|l| MortTTL\n|c|\u2606JaiGosai|hmm\n|-message|JaiGosai forfeited.\n|\n|win|SwedeLRL\n|j| MortTTL\n|c|\u2606JaiGosai|gg\n|l| PaulJSpear\n|c|\u2606SwedeLRL|ggs\n|l| GenericName3333\n|l| scotty1vgc\n|l| MortTTL\n|l|\u2606JaiGosai\n","uploadtime":1683919961,"views":32,"p1id":"jaigosai","p2id":"swedelrl","formatid":"gen9vgc2023regulationc","rating":0,"private":0,"password":""}