{"id":"gen9vgc2023regulationc-1847555928","p1":"Drayagedrag0","p2":"maku83199","format":"[Gen 9] VGC 2023 Regulation C","log":"|j|\u2606Drayagedrag0\n|j|\u2606maku83199\n|t:|1681972784\n|gametype|doubles\n|player|p1|Drayagedrag0|102|1208\n|player|p2|maku83199|2|1314\n|teamsize|p1|4\n|teamsize|p2|6\n|gen|9\n|tier|[Gen 9] VGC 2023 Regulation C\n|rated|\n|rule|Species Clause: Limit one of each Pok\u00e9mon\n|rule|Item Clause: Limit one of each item\n|clearpoke\n|poke|p1|Sylveon, L50, F|\n|poke|p1|Chi-Yu, L50|\n|poke|p1|Murkrow, L50, M|\n|poke|p1|Great Tusk, L50|\n|poke|p2|Klefki, L50, M|\n|poke|p2|Arcanine, L50, F|\n|poke|p2|Corviknight, L50, F|\n|poke|p2|Ting-Lu, L50|\n|poke|p2|Iron Hands, L50|\n|poke|p2|Flutter Mane, L50|\n|teampreview|4\n|\n|t:|1681972814\n|start\n|switch|p1a: Darwin|Chi-Yu, L50|100\/100\n|switch|p1b: Ribbons|Sylveon, L50, F, shiny|100\/100\n|switch|p2a: Arcanine|Arcanine, L50, F|100\/100\n|switch|p2b: Corviknight|Corviknight, L50, F, shiny|100\/100\n|-ability|p2a: Arcanine|Intimidate|boost\n|-unboost|p1a: Darwin|atk|1\n|-unboost|p1b: Ribbons|atk|1\n|-ability|p1a: Darwin|Beads of Ruin\n|turn|1\n|\n|t:|1681972860\n|-terastallize|p2b: Corviknight|Water\n|-terastallize|p1b: Ribbons|Fire\n|move|p2a: Arcanine|Howl|p2a: Arcanine|[spread] p2a,p2b\n|-boost|p2a: Arcanine|atk|1\n|-boost|p2b: Corviknight|atk|1\n|move|p1a: Darwin|Dark Pulse|p2a: Arcanine\n|-damage|p2a: Arcanine|17\/100\n|-damage|p1a: Darwin|91\/100|[from] item: Life Orb\n|move|p2b: Corviknight|Brave Bird|p1a: Darwin\n|-damage|p1a: Darwin|12\/100\n|-damage|p2b: Corviknight|80\/100|[from] Recoil\n|move|p1b: Ribbons|Hyper Voice|p2b: Corviknight|[spread] p2a,p2b\n|-resisted|p2a: Arcanine\n|-damage|p2a: Arcanine|0 fnt\n|-damage|p2b: Corviknight|34\/100\n|faint|p2a: Arcanine\n|-enditem|p1b: Ribbons|Throat Spray\n|-boost|p1b: Ribbons|spa|1|[from] item: Throat Spray\n|\n|upkeep\n|\n|t:|1681972902\n|switch|p2a: Flutter Mane|Flutter Mane, L50|100\/100\n|-enditem|p2a: Flutter Mane|Booster Energy\n|-activate|p2a: Flutter Mane|ability: Protosynthesis|[fromitem]\n|-start|p2a: Flutter Mane|protosynthesisspa\n|turn|2\n|\n|t:|1681972921\n|move|p1a: Darwin|Protect|p1a: Darwin\n|-singleturn|p1a: Darwin|Protect\n|move|p2a: Flutter Mane|Moonblast|p1a: Darwin\n|-activate|p1a: Darwin|move: Protect\n|move|p2b: Corviknight|Roost|p2b: Corviknight\n|-heal|p2b: Corviknight|84\/100\n|move|p1b: Ribbons|Hyper Voice|p2a: Flutter Mane|[spread] p2a,p2b\n|-damage|p2a: Flutter Mane|12\/100\n|-damage|p2b: Corviknight|7\/100\n|\n|upkeep\n|turn|3\n|\n|t:|1681972947\n|switch|p1a: Tweakers|Murkrow, L50, M|100\/100\n|move|p2a: Flutter Mane|Moonblast|p1a: Tweakers\n|-supereffective|p1a: Tweakers\n|-damage|p1a: Tweakers|0 fnt\n|faint|p1a: Tweakers\n|move|p2b: Corviknight|Brave Bird|p1b: Ribbons\n|-damage|p1b: Ribbons|26\/100\n|-damage|p2b: Corviknight|0 fnt|[from] Recoil\n|faint|p2b: Corviknight\n|move|p1b: Ribbons|Hyper Voice|p2a: Flutter Mane\n|-crit|p2a: Flutter Mane\n|-damage|p2a: Flutter Mane|0 fnt\n|faint|p2a: Flutter Mane\n|-end|p2a: Flutter Mane|Protosynthesis|[silent]\n|\n|upkeep\n|\n|t:|1681972961\n|switch|p1a: Darwin|Chi-Yu, L50|12\/100\n|switch|p2b: Ting-Lu|Ting-Lu, L50|100\/100\n|-ability|p1a: Darwin|Beads of Ruin\n|-ability|p2b: Ting-Lu|Vessel of Ruin\n|turn|4\n|\n|t:|1681972977\n|move|p1a: Darwin|Heat Wave|p2b: Ting-Lu|[miss]\n|-miss|p1a: Darwin|p2b: Ting-Lu\n|move|p1b: Ribbons|Hyper Voice|p2b: Ting-Lu\n|-supereffective|p2b: Ting-Lu\n|-damage|p2b: Ting-Lu|19\/100\n|move|p2b: Ting-Lu|Stomping Tantrum|p1b: Ribbons\n|-supereffective|p1b: Ribbons\n|-crit|p1b: Ribbons\n|-damage|p1b: Ribbons|0 fnt\n|faint|p1b: Ribbons\n|\n|upkeep\n|\n|t:|1681972983\n|switch|p1b: Manny|Great Tusk, L50, shiny|100\/100\n|turn|5\n|\n|t:|1681972989\n|move|p1b: Manny|Close Combat|p2b: Ting-Lu\n|-supereffective|p2b: Ting-Lu\n|-damage|p2b: Ting-Lu|0 fnt\n|-unboost|p1b: Manny|def|1\n|-unboost|p1b: Manny|spd|1\n|faint|p2b: Ting-Lu\n|\n|win|Drayagedrag0\n|raw|Drayagedrag0's rating: 1208 → 1240<\/strong> (+32 for winning)\n|raw|maku83199's rating: 1314 → 1288<\/strong> (-26 for losing)\n","uploadtime":1681972993,"views":11,"p1id":"drayagedrag0","p2id":"maku83199","formatid":"gen9vgc2023regulationc","rating":1240,"private":0,"password":""}