{"id":"gen9vgc2023regulationc-1849148172","p1":"Thom297","p2":"Kbvskydg0893","format":"[Gen 9] VGC 2023 Regulation C","log":"|j|\u2606Thom297\n|j|\u2606Kbvskydg0893\n|t:|1682164210\n|gametype|doubles\n|player|p1|Thom297|266|1359\n|player|p2|Kbvskydg0893|1|1361\n|teamsize|p1|6\n|teamsize|p2|6\n|gen|9\n|tier|[Gen 9] VGC 2023 Regulation C\n|rated|\n|rule|Species Clause: Limit one of each Pok\u00e9mon\n|rule|Item Clause: Limit one of each item\n|clearpoke\n|poke|p1|Ting-Lu, L50|\n|poke|p1|Amoonguss, L50, M|\n|poke|p1|Arcanine, L50, M|\n|poke|p1|Flutter Mane, L50|\n|poke|p1|Palafin, L50, M|\n|poke|p1|Kingambit, L50, M|\n|poke|p2|Iron Bundle, L50|\n|poke|p2|Mimikyu, L50, F|\n|poke|p2|Glimmora, L50, M|\n|poke|p2|Wo-Chien, L50|\n|poke|p2|Ting-Lu, L50|\n|poke|p2|Volcarona, L50, F|\n|teampreview|4\nThom297 has agreed to open team sheets.\n|inactive|Battle timer is ON: inactive players will automatically lose when time's up. (requested by Kbvskydg0893)\n|\n|t:|1682164245\n|start\n|switch|p1a: Palafin|Palafin, L50, M|100\/100\n|switch|p1b: Ting-Lu|Ting-Lu, L50|100\/100\n|switch|p2a: Mimikyu|Mimikyu, L50, F|100\/100\n|switch|p2b: Glimmora|Glimmora, L50, M|100\/100\n|-ability|p1b: Ting-Lu|Vessel of Ruin\n|turn|1\n|\n|t:|1682164267\n|detailschange|p1a: Palafin|Palafin-Hero, L50, M\n|switch|p1a: Amoonguss|Amoonguss, L50, M|100\/100\n|move|p2b: Glimmora|Mortal Spin|p1a: Amoonguss|[spread] p1a,p1b\n|-resisted|p1b: Ting-Lu\n|-damage|p1a: Amoonguss|97\/100\n|-damage|p1b: Ting-Lu|99\/100\n|-status|p1b: Ting-Lu|psn\n|move|p2a: Mimikyu|Play Rough|p1b: Ting-Lu\n|-supereffective|p1b: Ting-Lu\n|-crit|p1b: Ting-Lu\n|-damage|p1b: Ting-Lu|0 fnt\n|faint|p1b: Ting-Lu\n|-damage|p2a: Mimikyu|91\/100|[from] item: Life Orb\n|\n|upkeep\n|c|\u2606Kbvskydg0893|Lmao\n|\n|t:|1682164287\n|switch|p1b: Palafin|Palafin-Hero, L50, M|100\/100\n|-activate|p1b: Palafin|ability: Zero to Hero\n|turn|2\n|\n|t:|1682164302\n|-terastallize|p1b: Palafin|Water\n|move|p2b: Glimmora|Spiky Shield|p2b: Glimmora\n|-singleturn|p2b: Glimmora|move: Protect\n|move|p2a: Mimikyu|Protect|p2a: Mimikyu\n|-singleturn|p2a: Mimikyu|Protect\n|move|p1a: Amoonguss|Rage Powder|p1a: Amoonguss\n|-singleturn|p1a: Amoonguss|move: Rage Powder\n|move|p1b: Palafin|Jet Punch|p2a: Mimikyu\n|-activate|p2a: Mimikyu|move: Protect\n|\n|upkeep\n|turn|3\n|c|\u2606Thom297|che cazzo ridi pagliaccio\n|c|\u2606Thom297|lmao quella puttana di to ma\n|inactive|Thom297 has 30 seconds left.\n|inactive|Kbvskydg0893 has 30 seconds left.\n|inactive|Thom297 has 20 seconds left.\n|inactive|Thom297 has 15 seconds left.\n|inactive|Thom297 has 10 seconds left.\n|inactive|Thom297 has 5 seconds left.\n|\n|t:|1682164354\n|move|p1b: Palafin|Jet Punch|p2a: Mimikyu\n|-activate|p2a: Mimikyu|ability: Disguise\n|-damage|p2a: Mimikyu|91\/100\n|detailschange|p2a: Mimikyu|Mimikyu-Busted, L50, F\n|-damage|p2a: Mimikyu|78\/100|[from] pokemon: Mimikyu-Busted\n|move|p2b: Glimmora|Mortal Spin|p1b: Palafin|[spread] p1a,p1b\n|-damage|p1a: Amoonguss|94\/100\n|-damage|p1b: Palafin|96\/100\n|-status|p1b: Palafin|psn\n|move|p2a: Mimikyu|Will-O-Wisp||[still]\n|-fail|p2a: Mimikyu\n|move|p1a: Amoonguss|Pollen Puff|p1b: Palafin\n|-heal|p1b: Palafin|100\/100 psn\n|\n|-damage|p1b: Palafin|88\/100 psn|[from] psn\n|upkeep\n|turn|4\n|inactive|Kbvskydg0893 has 30 seconds left.\n|inactive|Thom297 has 30 seconds left.\n|\n|t:|1682164388\n|move|p2b: Glimmora|Power Gem|p1b: Palafin\n|-damage|p1b: Palafin|45\/100 psn\n|move|p1b: Palafin|Wave Crash|p2a: Mimikyu\n|-damage|p2a: Mimikyu|0 fnt\n|faint|p2a: Mimikyu\n|-damage|p1b: Palafin|25\/100 psn|[from] Recoil\n|move|p1a: Amoonguss|Pollen Puff|p2b: Glimmora\n|-resisted|p2b: Glimmora\n|-crit|p2b: Glimmora\n|-damage|p2b: Glimmora|83\/100\n|\n|-damage|p1b: Palafin|12\/100 psn|[from] psn\n|upkeep\n|\n|t:|1682164410\n|switch|p2a: Iron Bundle|Iron Bundle, L50|100\/100\n|-enditem|p2a: Iron Bundle|Booster Energy\n|-activate|p2a: Iron Bundle|ability: Quark Drive|[fromitem]\n|-start|p2a: Iron Bundle|quarkdrivespe\n|turn|5\n|\n|t:|1682164419\n|move|p2b: Glimmora|Spiky Shield|p2b: Glimmora\n|-singleturn|p2b: Glimmora|move: Protect\n|move|p1b: Palafin|Jet Punch|p2a: Iron Bundle\n|-resisted|p2a: Iron Bundle\n|-damage|p2a: Iron Bundle|65\/100\n|move|p2a: Iron Bundle|Icy Wind|p1a: Amoonguss|[spread] p1a,p1b\n|-supereffective|p1a: Amoonguss\n|-resisted|p1b: Palafin\n|-damage|p1a: Amoonguss|58\/100\n|-damage|p1b: Palafin|2\/100 psn\n|-unboost|p1a: Amoonguss|spe|1\n|-unboost|p1b: Palafin|spe|1\n|move|p1a: Amoonguss|Spore|p2a: Iron Bundle\n|-status|p2a: Iron Bundle|slp|[from] move: Spore\n|\n|-damage|p1b: Palafin|0 fnt|[from] psn\n|faint|p1b: Palafin\n|upkeep\n|\n|t:|1682164433\n|switch|p1b: Flutter Mane|Flutter Mane, L50|100\/100\n|turn|6\n|j| igorpng\n|inactive|Thom297 has 30 seconds left.\n|j| THUNDERSND77\n|inactive|Kbvskydg0893 has 30 seconds left.\n|\n|t:|1682164472\n|cant|p2a: Iron Bundle|slp\n|move|p1b: Flutter Mane|Thunderbolt|p2a: Iron Bundle\n|-supereffective|p2a: Iron Bundle\n|-damage|p2a: Iron Bundle|0 fnt\n|faint|p2a: Iron Bundle\n|-end|p2a: Iron Bundle|Quark Drive|[silent]\n|move|p2b: Glimmora|Mortal Spin|p1b: Flutter Mane|[spread] p1a,p1b\n|-damage|p1a: Amoonguss|55\/100\n|-damage|p1b: Flutter Mane|92\/100\n|-status|p1b: Flutter Mane|psn\n|move|p1a: Amoonguss|Spore|p2b: Glimmora\n|-status|p2b: Glimmora|slp|[from] move: Spore\n|\n|-damage|p1b: Flutter Mane|80\/100 psn|[from] psn\n|upkeep\n|\n|t:|1682164484\n|switch|p2a: Volcarona|Volcarona, L50, F|100\/100\n|turn|7\n|j| 2 kitkat\n|\n|t:|1682164500\n|move|p1b: Flutter Mane|Thunderbolt|p2a: Volcarona\n|-damage|p2a: Volcarona|55\/100\n|cant|p2b: Glimmora|slp\n|move|p2a: Volcarona|Fiery Dance|p1a: Amoonguss\n|-supereffective|p1a: Amoonguss\n|-damage|p1a: Amoonguss|0 fnt\n|-boost|p2a: Volcarona|spa|1\n|faint|p1a: Amoonguss\n|\n|-damage|p1b: Flutter Mane|68\/100 psn|[from] psn\n|upkeep\n|turn|8\n|\n|t:|1682164516\n|move|p2a: Volcarona|Protect|p2a: Volcarona\n|-singleturn|p2a: Volcarona|Protect\n|move|p1b: Flutter Mane|Thunderbolt|p2a: Volcarona\n|-activate|p2a: Volcarona|move: Protect\n|-curestatus|p2b: Glimmora|slp|[msg]\n|move|p2b: Glimmora|Power Gem|p1b: Flutter Mane\n|-damage|p1b: Flutter Mane|32\/100 psn\n|\n|-damage|p1b: Flutter Mane|20\/100 psn|[from] psn\n|upkeep\n|turn|9\n|\n|t:|1682164530\n|move|p1b: Flutter Mane|Thunderbolt|p2a: Volcarona\n|-damage|p2a: Volcarona|14\/100\n|move|p2b: Glimmora|Power Gem|p1b: Flutter Mane\n|-damage|p1b: Flutter Mane|0 fnt\n|faint|p1b: Flutter Mane\n|-end|p1b: Flutter Mane|Protosynthesis|[silent]\n|\n|win|Kbvskydg0893\n|raw|Thom297's rating: 1359 → 1339<\/strong> (-20 for losing)\n|raw|Kbvskydg0893's rating: 1361 → 1381<\/strong> (+20 for winning)\n|c|\u2606Kbvskydg0893|Gg\n|l|\u2606Thom297\n|c|\u2606Kbvskydg0893|I laughed bc I one shot Ting when I wasn\u2019t expecting to\n|l| igorpng\n|l| THUNDERSND77\n|l| 2 kitkat\n|c|\u2606Kbvskydg0893|Stay mad though \ud83e\udd23\ud83e\udd23\n","uploadtime":1682164321,"views":10,"p1id":"thom297","p2id":"kbvskydg0893","formatid":"gen9vgc2023regulationc","rating":1339,"private":0,"password":""}