{"id":"gen9vgc2023regulationc-1852979503","p1":"CGballin","p2":"b(R)2","format":"[Gen 9] VGC 2023 Regulation C","log":"|j|\u2606CGballin\n|j|\u2606b(R)2\n|t:|1682622494\n|gametype|doubles\n|player|p1|CGballin|doubleteam|1414\n|player|p2|b(R)2|266|1375\n|teamsize|p1|6\n|teamsize|p2|6\n|gen|9\n|tier|[Gen 9] VGC 2023 Regulation C\n|rated|\n|rule|Species Clause: Limit one of each Pok\u00e9mon\n|rule|Item Clause: Limit one of each item\n|clearpoke\n|poke|p1|Flutter Mane, L50|\n|poke|p1|Murkrow, L50, M|\n|poke|p1|Garchomp, L50, M|\n|poke|p1|Rotom-Heat, L50|\n|poke|p1|Garganacl, L50, F|\n|poke|p1|Tinkaton, L50, F|\n|poke|p2|Ting-Lu, L50|\n|poke|p2|Amoonguss, L50, F|\n|poke|p2|Garganacl, L50, F|\n|poke|p2|Arcanine, L50, F|\n|poke|p2|Roaring Moon, L50|\n|poke|p2|Iron Bundle, L50|\n|teampreview|4\n|inactive|Battle timer is ON: inactive players will automatically lose when time's up. (requested by CGballin)\nb(R)2 has agreed to open team sheets.\nCGballin has agreed to open team sheets.\n|inactive|CGballin has 60 seconds left.\n|inactive|b(R)2 has 60 seconds left.\n|inactive|CGballin has 30 seconds left.\n|inactive|CGballin has 20 seconds left.\n|inactive|CGballin has 15 seconds left.\n|inactive|CGballin has 10 seconds left.\n|\n|t:|1682622579\n|start\n|switch|p1a: Flutter Mane|Flutter Mane, L50|100\/100\n|switch|p1b: Murkrow|Murkrow, L50, M|100\/100\n|switch|p2a: Roaring Moon|Roaring Moon, L50|100\/100\n|switch|p2b: Arcanine|Arcanine, L50, F|100\/100\n|-ability|p2b: Arcanine|Intimidate|boost\n|-unboost|p1a: Flutter Mane|atk|1\n|-unboost|p1b: Murkrow|atk|1\n|-enditem|p1a: Flutter Mane|Booster Energy\n|-activate|p1a: Flutter Mane|ability: Protosynthesis|[fromitem]\n|-start|p1a: Flutter Mane|protosynthesisspa\n|-enditem|p2a: Roaring Moon|Booster Energy\n|-activate|p2a: Roaring Moon|ability: Protosynthesis|[fromitem]\n|-start|p2a: Roaring Moon|protosynthesisatk\n|turn|1\n|inactive|CGballin has 30 seconds left.\n|inactive|b(R)2 has 30 seconds left.\n|\n|t:|1682622613\n|move|p1a: Flutter Mane|Protect|p1a: Flutter Mane\n|-singleturn|p1a: Flutter Mane|Protect\n|move|p2a: Roaring Moon|Protect|p2a: Roaring Moon\n|-singleturn|p2a: Roaring Moon|Protect\n|move|p2b: Arcanine|Flare Blitz|p1a: Flutter Mane\n|-activate|p1a: Flutter Mane|move: Protect\n|move|p1b: Murkrow|Foul Play|p2b: Arcanine\n|-damage|p2b: Arcanine|59\/100\n|\n|upkeep\n|turn|2\n|inactive|CGballin has 30 seconds left.\n|\n|t:|1682622647\n|-terastallize|p2a: Roaring Moon|Flying\n|move|p1b: Murkrow|Tailwind|p1b: Murkrow\n|-sidestart|p1: CGballin|move: Tailwind\n|move|p1a: Flutter Mane|Shadow Ball|p2b: Arcanine\n|-damage|p2b: Arcanine|0 fnt\n|faint|p2b: Arcanine\n|move|p2a: Roaring Moon|Acrobatics|p1a: Flutter Mane\n|-damage|p1a: Flutter Mane|0 fnt\n|faint|p1a: Flutter Mane\n|-end|p1a: Flutter Mane|Protosynthesis|[silent]\n|\n|upkeep\n|\n|t:|1682622662\n|switch|p1a: Garganacl|Garganacl, L50, F|100\/100\n|switch|p2b: Amoonguss|Amoonguss, L50, F|100\/100\n|turn|3\n|\n|t:|1682622675\n|move|p2b: Amoonguss|Rage Powder|p2b: Amoonguss\n|-singleturn|p2b: Amoonguss|move: Rage Powder\n|move|p1b: Murkrow|Taunt|p2b: Amoonguss\n|-start|p2b: Amoonguss|move: Taunt\n|move|p2a: Roaring Moon|Acrobatics|p1b: Murkrow\n|-damage|p1b: Murkrow|12\/100\n|move|p1a: Garganacl|Iron Defense|p1a: Garganacl\n|-boost|p1a: Garganacl|def|2\n|\n|upkeep\n|turn|4\n|\n|t:|1682622700\n|switch|p2b: Garganacl|Garganacl, L50, F|100\/100\n|move|p1b: Murkrow|Foul Play|p2a: Roaring Moon\n|-damage|p2a: Roaring Moon|41\/100\n|move|p2a: Roaring Moon|Acrobatics|p1b: Murkrow\n|-damage|p1b: Murkrow|0 fnt\n|faint|p1b: Murkrow\n|move|p1a: Garganacl|Salt Cure|p2b: Garganacl\n|-damage|p2b: Garganacl|90\/100\n|-start|p2b: Garganacl|Salt Cure\n|\n|-heal|p2b: Garganacl|96\/100|[from] item: Leftovers\n|-damage|p2b: Garganacl|84\/100|[from] Salt Cure\n|upkeep\n|\n|t:|1682622713\n|switch|p1b: Rotom|Rotom-Heat, L50|100\/100\n|turn|5\n|inactive|CGballin has 30 seconds left.\n|\n|t:|1682622742\n|move|p2b: Garganacl|Protect|p2b: Garganacl\n|-singleturn|p2b: Garganacl|Protect\n|move|p1b: Rotom|Thunderbolt|p2a: Roaring Moon\n|-supereffective|p2a: Roaring Moon\n|-damage|p2a: Roaring Moon|0 fnt\n|faint|p2a: Roaring Moon\n|-end|p2a: Roaring Moon|Protosynthesis|[silent]\n|move|p1a: Garganacl|Body Press|p2b: Garganacl\n|-activate|p2b: Garganacl|move: Protect\n|\n|-heal|p2b: Garganacl|90\/100|[from] item: Leftovers\n|-damage|p2b: Garganacl|78\/100|[from] Salt Cure\n|-sideend|p1: CGballin|move: Tailwind\n|upkeep\n|\n|t:|1682622753\n|switch|p2a: Amoonguss|Amoonguss, L50, F|100\/100\n|turn|6\n|\n|t:|1682622769\n|move|p2a: Amoonguss|Rage Powder|p2a: Amoonguss\n|-singleturn|p2a: Amoonguss|move: Rage Powder\n|move|p1b: Rotom|Overheat|p2a: Amoonguss\n|-supereffective|p2a: Amoonguss\n|-damage|p2a: Amoonguss|0 fnt\n|-unboost|p1b: Rotom|spa|2\n|faint|p2a: Amoonguss\n|move|p1a: Garganacl|Body Press|p2b: Garganacl\n|-supereffective|p2b: Garganacl\n|-damage|p2b: Garganacl|9\/100\n|move|p2b: Garganacl|Salt Cure|p1a: Garganacl\n|-damage|p1a: Garganacl|96\/100\n|-start|p1a: Garganacl|Salt Cure\n|\n|-heal|p1a: Garganacl|100\/100|[from] item: Leftovers\n|-heal|p2b: Garganacl|15\/100|[from] item: Leftovers\n|-damage|p1a: Garganacl|88\/100|[from] Salt Cure\n|-damage|p2b: Garganacl|3\/100|[from] Salt Cure\n|upkeep\n|turn|7\n|-message|b(R)2 forfeited.\n|\n|win|CGballin\n|raw|CGballin's rating: 1414 → 1432<\/strong> (+18 for winning)\n|raw|b(R)2's rating: 1375 → 1357<\/strong> (-18 for losing)\n|c|\u2606CGballin|gg\n|c|\u2606b(R)2|gg\n","uploadtime":1682622798,"views":13,"p1id":"cgballin","p2id":"br2","formatid":"gen9vgc2023regulationc","rating":1357,"private":0,"password":""}