{"id":"gen9vgc2023regulationc-1852241170","p1":"GoodBoiz","p2":"humble_jose","format":"[Gen 9] VGC 2023 Regulation C","log":"|j|\u2606GoodBoiz\n|j|\u2606humble_jose\n|t:|1682535876\n|gametype|doubles\n|player|p1|GoodBoiz|266|1044\n|player|p2|humble_jose|169|1101\n|teamsize|p1|6\n|teamsize|p2|6\n|gen|9\n|tier|[Gen 9] VGC 2023 Regulation C\n|rated|\n|rule|Species Clause: Limit one of each Pok\u00e9mon\n|rule|Item Clause: Limit one of each item\n|clearpoke\n|poke|p1|Arcanine, L50, M|\n|poke|p1|Houndoom, L50, F|\n|poke|p1|Lycanroc, L50, M|\n|poke|p1|Houndstone, L50, F|\n|poke|p1|Mabosstiff, L50, M|\n|poke|p1|Dachsbun, L50, M|\n|poke|p2|Amoonguss, L50, M|\n|poke|p2|Espathra, L50, F|\n|poke|p2|Arcanine, L50, F|\n|poke|p2|Grimmsnarl, L50, M|\n|poke|p2|Iron Bundle, L50|\n|poke|p2|Great Tusk, L50|\n|teampreview|4\n|inactive|Battle timer is ON: inactive players will automatically lose when time's up. (requested by GoodBoiz)\n|inactive|GoodBoiz has 60 seconds left.\nhumble_jose has agreed to open team sheets.\n|\n|t:|1682535924\n|start\n|switch|p1a: Arcanine|Arcanine, L50, M|100\/100\n|switch|p1b: Houndoom|Houndoom, L50, F|100\/100\n|switch|p2a: Espathra|Espathra, L50, F|100\/100\n|switch|p2b: Great Tusk|Great Tusk, L50|100\/100\n|-ability|p1b: Houndoom|Unnerve\n|turn|1\n|inactive|GoodBoiz has 30 seconds left.\n|inactive|GoodBoiz has 20 seconds left.\n|inactive|GoodBoiz has 15 seconds left.\n|inactive|GoodBoiz has 10 seconds left.\n|\n|t:|1682535974\n|switch|p1a: Mabosstiff|Mabosstiff, L50, M|100\/100\n|-ability|p1a: Mabosstiff|Intimidate|boost\n|-unboost|p2a: Espathra|atk|1\n|-unboost|p2b: Great Tusk|atk|1\n|-terastallize|p1b: Houndoom|Grass\n|-terastallize|p2a: Espathra|Fairy\n|move|p1b: Houndoom|Heat Wave|p2a: Espathra|[spread] p2a,p2b\n|-damage|p2a: Espathra|58\/100\n|-damage|p2b: Great Tusk|52\/100\n|-status|p2a: Espathra|brn\n|move|p2b: Great Tusk|Headlong Rush|p1b: Houndoom\n|-resisted|p1b: Houndoom\n|-damage|p1b: Houndoom|51\/100\n|-unboost|p2b: Great Tusk|def|1\n|-unboost|p2b: Great Tusk|spd|1\n|move|p2a: Espathra|Lumina Crash|p1a: Mabosstiff\n|-immune|p1a: Mabosstiff\n|\n|-heal|p2b: Great Tusk|57\/100|[from] item: Leftovers\n|-damage|p2a: Espathra|52\/100 brn|[from] brn\n|-ability|p2a: Espathra|Speed Boost|boost\n|-boost|p2a: Espathra|spe|1\n|upkeep\n|turn|2\n|inactive|GoodBoiz has 30 seconds left.\n|inactive|humble_jose has 30 seconds left.\n|inactive|humble_jose has 20 seconds left.\n|inactive|humble_jose has 15 seconds left.\n|\n|t:|1682536014\n|move|p1b: Houndoom|Heat Wave|p2a: Espathra|[spread] p2a,p2b\n|-damage|p2a: Espathra|4\/100 brn\n|-damage|p2b: Great Tusk|0 fnt\n|faint|p2b: Great Tusk\n|-end|p2b: Great Tusk|Protosynthesis|[silent]\n|move|p2a: Espathra|Dazzling Gleam|p1a: Mabosstiff|[spread] p1a,p1b\n|-supereffective|p1a: Mabosstiff\n|-damage|p1a: Mabosstiff|52\/100\n|-damage|p1b: Houndoom|13\/100\n|move|p1a: Mabosstiff|Snarl|p2a: Espathra\n|-resisted|p2a: Espathra\n|-damage|p2a: Espathra|0 fnt\n|faint|p2a: Espathra\n|\n|upkeep\n|\n|t:|1682536021\n|switch|p2b: Arcanine|Arcanine, L50, F|100\/100\n|switch|p2a: Iron Bundle|Iron Bundle, L50|100\/100\n|-ability|p2b: Arcanine|Intimidate|boost\n|-unboost|p1a: Mabosstiff|atk|1\n|-unboost|p1b: Houndoom|atk|1\n|turn|3\n|\n|t:|1682536043\n|switch|p1b: Dachsbun|Dachsbun, L50, M|100\/100\n|move|p2b: Arcanine|Extreme Speed|p1b: Dachsbun\n|-damage|p1b: Dachsbun|82\/100\n|move|p2a: Iron Bundle|Hydro Pump|p1a: Mabosstiff\n|-crit|p1a: Mabosstiff\n|-damage|p1a: Mabosstiff|0 fnt\n|faint|p1a: Mabosstiff\n|\n|-heal|p1b: Dachsbun|88\/100|[from] item: Leftovers\n|upkeep\n|inactive|GoodBoiz has 30 seconds left.\n|\n|t:|1682536070\n|switch|p1a: Arcanine|Arcanine, L50, M|100\/100\n|turn|4\n|\n|t:|1682536081\n|move|p1a: Arcanine|Protect|p1a: Arcanine\n|-singleturn|p1a: Arcanine|Protect\n|move|p2a: Iron Bundle|Hydro Pump|p1a: Arcanine\n|-activate|p1a: Arcanine|move: Protect\n|move|p2b: Arcanine|Snarl|p1b: Dachsbun|[spread] p1b\n|-activate|p1a: Arcanine|move: Protect\n|-resisted|p1b: Dachsbun\n|-damage|p1b: Dachsbun|83\/100\n|-unboost|p1b: Dachsbun|spa|1\n|move|p1b: Dachsbun|Body Press|p2a: Iron Bundle\n|-supereffective|p2a: Iron Bundle\n|-damage|p2a: Iron Bundle|32\/100\n|\n|-heal|p1b: Dachsbun|89\/100|[from] item: Leftovers\n|upkeep\n|turn|5\n|\n|t:|1682536099\n|switch|p1a: Houndoom|Houndoom, L50, F, tera:Grass|13\/100\n|-ability|p1a: Houndoom|Unnerve\n|move|p2b: Arcanine|Extreme Speed|p1b: Dachsbun\n|-damage|p1b: Dachsbun|68\/100\n|move|p2a: Iron Bundle|Hydro Pump|p1a: Houndoom\n|-resisted|p1a: Houndoom\n|-damage|p1a: Houndoom|0 fnt\n|faint|p1a: Houndoom\n|move|p1b: Dachsbun|Body Press|p2a: Iron Bundle\n|-supereffective|p2a: Iron Bundle\n|-damage|p2a: Iron Bundle|0 fnt\n|faint|p2a: Iron Bundle\n|-end|p2a: Iron Bundle|Quark Drive|[silent]\n|\n|-heal|p1b: Dachsbun|74\/100|[from] item: Leftovers\n|upkeep\n|\n|t:|1682536110\n|switch|p1a: Arcanine|Arcanine, L50, M|100\/100\n|turn|6\n|-message|humble_jose forfeited.\n|\n|win|GoodBoiz\n|raw|GoodBoiz's rating: 1044 → 1083<\/strong> (+39 for winning)\n|raw|humble_jose's rating: 1101 → 1072<\/strong> (-29 for losing)\n","uploadtime":1682536132,"views":9,"p1id":"goodboiz","p2id":"humblejose","formatid":"gen9vgc2023regulationc","rating":1072,"private":0,"password":""}