{"id":"gen9vgc2023regulationc-1848620798","p1":"bwahacough","p2":"QrdeJegoMac","format":"[Gen 9] VGC 2023 Regulation C","log":"|j|\u2606bwahacough\n|j|\u2606QrdeJegoMac\n|t:|1682095162\n|gametype|doubles\n|player|p1|bwahacough|madame-gen4|1761\n|player|p2|QrdeJegoMac|265|1648\n|teamsize|p1|6\n|teamsize|p2|6\n|gen|9\n|tier|[Gen 9] VGC 2023 Regulation C\n|rated|\n|rule|Species Clause: Limit one of each Pok\u00e9mon\n|rule|Item Clause: Limit one of each item\n|clearpoke\n|poke|p1|Lycanroc, L50, F|\n|poke|p1|Tyranitar, L50, M|\n|poke|p1|Chien-Pao, L50|\n|poke|p1|Farigiraf, L50, M|\n|poke|p1|Flutter Mane, L50|\n|poke|p1|Annihilape, L50, F|\n|poke|p2|Murkrow, L50, F|\n|poke|p2|Chi-Yu, L50|\n|poke|p2|Flutter Mane, L50|\n|poke|p2|Great Tusk, L50|\n|poke|p2|Brute Bonnet, L50|\n|poke|p2|Corviknight, L50, F|\n|teampreview|4\n|inactive|Battle timer is ON: inactive players will automatically lose when time's up. (requested by QrdeJegoMac)\n|j| efrgebgf\nQrdeJegoMac has agreed to open team sheets.\nbwahacough has agreed to open team sheets.\n|c|\u2606QrdeJegoMac|Wait\n|\n|t:|1682095191\n|start\n|switch|p1a: Lycanroc|Lycanroc, L50, F, shiny|100\/100\n|switch|p1b: Tyranitar|Tyranitar, L50, M, shiny|100\/100\n|switch|p2a: Murkrow|Murkrow, L50, F, shiny|100\/100\n|switch|p2b: Flutter Mane|Flutter Mane, L50|100\/100\n|-weather|Sandstorm|[from] ability: Sand Stream|[of] p1b: Tyranitar\n|turn|1\n|c|\u2606QrdeJegoMac|Arent You like always rank 1?\n|\n|t:|1682095207\n|-terastallize|p1b: Tyranitar|Flying\n|move|p2a: Murkrow|Sunny Day|p2a: Murkrow\n|-weather|SunnyDay\n|-activate|p2b: Flutter Mane|ability: Protosynthesis\n|-start|p2b: Flutter Mane|protosynthesisspa\n|move|p2b: Flutter Mane|Dazzling Gleam|p1a: Lycanroc|[spread] p1a,p1b\n|-enditem|p1a: Lycanroc|Focus Sash\n|-damage|p1a: Lycanroc|1\/100\n|-damage|p1b: Tyranitar|62\/100\n|move|p1a: Lycanroc|Rock Slide|p2b: Flutter Mane|[spread] p2b\n|-miss|p1a: Lycanroc|p2a: Murkrow\n|-damage|p2b: Flutter Mane|41\/100\n|move|p1b: Tyranitar|Rock Slide|p2a: Murkrow|[spread] p2a,p2b\n|-supereffective|p2a: Murkrow\n|-damage|p2a: Murkrow|31\/100\n|-damage|p2b: Flutter Mane|0 fnt\n|faint|p2b: Flutter Mane\n|-end|p2b: Flutter Mane|Protosynthesis|[silent]\n|\n|-weather|SunnyDay|[upkeep]\n|upkeep\n|c|\u2606bwahacough|Rank what?\n|c|\u2606QrdeJegoMac|Ik ur nick\n|c|\u2606QrdeJegoMac|And im fairly certain its from top ranks\n|inactive|QrdeJegoMac has 30 seconds left.\n|\n|t:|1682095236\n|switch|p2b: Chi-Yu|Chi-Yu, L50|100\/100\n|-ability|p2b: Chi-Yu|Beads of Ruin\n|turn|2\n|\n|t:|1682095243\n|switch|p1b: Farigiraf|Farigiraf, L50, M, shiny|100\/100\n|-terastallize|p2b: Chi-Yu|Ghost\n|move|p1a: Lycanroc|Protect|p1a: Lycanroc\n|-singleturn|p1a: Lycanroc|Protect\n|move|p2a: Murkrow|Tailwind|p2a: Murkrow\n|-sidestart|p2: QrdeJegoMac|move: Tailwind\n|move|p2b: Chi-Yu|Heat Wave|p1b: Farigiraf|[spread] p1b\n|-activate|p1a: Lycanroc|move: Protect\n|-damage|p1b: Farigiraf|16\/100\n|-enditem|p1b: Farigiraf|Sitrus Berry|[eat]\n|-heal|p1b: Farigiraf|41\/100|[from] item: Sitrus Berry\n|-damage|p2b: Chi-Yu|90\/100|[from] item: Life Orb\n|\n|-weather|SunnyDay|[upkeep]\n|upkeep\n|turn|3\n|\n|t:|1682095251\n|switch|p1a: Tyranitar|Tyranitar, L50, M, shiny, tera:Flying|62\/100\n|-weather|Sandstorm|[from] ability: Sand Stream|[of] p1a: Tyranitar\n|move|p2a: Murkrow|Sunny Day|p2a: Murkrow\n|-weather|SunnyDay\n|move|p2b: Chi-Yu|Heat Wave|p1b: Farigiraf|[spread] p1a,p1b\n|-damage|p1a: Tyranitar|3\/100\n|-damage|p1b: Farigiraf|0 fnt\n|faint|p1b: Farigiraf\n|-damage|p2b: Chi-Yu|80\/100|[from] item: Life Orb\n|\n|-weather|SunnyDay|[upkeep]\n|upkeep\n|\n|t:|1682095253\n|switch|p1b: Lycanroc|Lycanroc, L50, F, shiny|1\/100\n|turn|4\n|\n|t:|1682095264\n|move|p1b: Lycanroc|Protect|p1b: Lycanroc\n|-singleturn|p1b: Lycanroc|Protect\n|move|p2b: Chi-Yu|Heat Wave|p1b: Lycanroc|[spread] p1a\n|-activate|p1b: Lycanroc|move: Protect\n|-damage|p1a: Tyranitar|0 fnt\n|faint|p1a: Tyranitar\n|-damage|p2b: Chi-Yu|70\/100|[from] item: Life Orb\n|move|p2a: Murkrow|Foul Play|p1b: Lycanroc\n|-activate|p1b: Lycanroc|move: Protect\n|\n|-weather|SunnyDay|[upkeep]\n|upkeep\n|\n|t:|1682095266\n|switch|p1a: Flutter Mane|Flutter Mane, L50|100\/100\n|-activate|p1a: Flutter Mane|ability: Protosynthesis\n|-start|p1a: Flutter Mane|protosynthesisspa\n|turn|5\n|\n|t:|1682095276\n|move|p1b: Lycanroc|Protect|p1b: Lycanroc\n|-singleturn|p1b: Lycanroc|Protect\n|move|p2b: Chi-Yu|Overheat|p1a: Flutter Mane\n|-damage|p1a: Flutter Mane|0 fnt\n|-unboost|p2b: Chi-Yu|spa|2\n|faint|p1a: Flutter Mane\n|-end|p1a: Flutter Mane|Protosynthesis|[silent]\n|-damage|p2b: Chi-Yu|60\/100|[from] item: Life Orb\n|move|p2a: Murkrow|Foul Play|p1b: Lycanroc\n|-activate|p1b: Lycanroc|move: Protect\n|\n|-weather|SunnyDay|[upkeep]\n|-sideend|p2: QrdeJegoMac|move: Tailwind\n|upkeep\n|turn|6\n|j| MondayXyz\n|\n|t:|1682095286\n|move|p2a: Murkrow|Tailwind|p2a: Murkrow\n|-sidestart|p2: QrdeJegoMac|move: Tailwind\n|move|p2b: Chi-Yu|Dark Pulse|p1b: Lycanroc\n|-damage|p1b: Lycanroc|0 fnt\n|faint|p1b: Lycanroc\n|-damage|p2b: Chi-Yu|50\/100|[from] item: Life Orb\n|\n|win|QrdeJegoMac\n|raw|bwahacough's rating: 1729 → 1704<\/strong> (-25 for losing)\n|raw|QrdeJegoMac's rating: 1648 → 1673<\/strong> (+25 for winning)\n|l|\u2606bwahacough\n|c|\u2606QrdeJegoMac|Omg\n|c|\u2606QrdeJegoMac|Gg\n|c|\u2606QrdeJegoMac|Omg\n|l| efrgebgf\n|c|\u2606QrdeJegoMac|Im top 500\n","uploadtime":1682095310,"views":6,"p1id":"bwahacough","p2id":"qrdejegomac","formatid":"gen9vgc2023regulationc","rating":1673,"private":0,"password":""}