{"id":"gen9vgc2023regulationc-1860751096","p1":"Lewlo","p2":"utrechts2","format":"[Gen 9] VGC 2023 Regulation C","log":"|j|\u2606Lewlo\n|j|\u2606utrechts2\n|t:|1683673452\n|gametype|doubles\n|player|p1|Lewlo|kimonogirl|1268\n|player|p2|utrechts2|1|1304\n|teamsize|p1|6\n|teamsize|p2|6\n|gen|9\n|tier|[Gen 9] VGC 2023 Regulation C\n|rated|\n|rule|Species Clause: Limit one of each Pok\u00e9mon\n|rule|Item Clause: Limit one of each item\n|clearpoke\n|poke|p1|Azumarill, L50, M|\n|poke|p1|Iron Hands, L50|\n|poke|p1|Chien-Pao, L50|\n|poke|p1|Amoonguss, L50, F|\n|poke|p1|Flutter Mane, L50|\n|poke|p1|Farigiraf, L50, M|\n|poke|p2|Chi-Yu, L50|\n|poke|p2|Gyarados, L50, F|\n|poke|p2|Flutter Mane, L50|\n|poke|p2|Amoonguss, L50, F|\n|poke|p2|Iron Hands, L50|\n|poke|p2|Iron Bundle, L50|\n|teampreview|4\n|inactive|Battle timer is ON: inactive players will automatically lose when time's up. (requested by Lewlo)\nLewlo has agreed to open team sheets.\n|c|\u2606Lewlo|glhf\n|inactive|Lewlo has 60 seconds left.\n|inactive|utrechts2 has 60 seconds left.\n|\n|t:|1683673510\n|start\n|switch|p1a: Farigiraf|Farigiraf, L50, M|100\/100\n|switch|p1b: Grabby Gabby|Iron Hands, L50|100\/100\n|switch|p2a: Chi-Yu|Chi-Yu, L50|100\/100\n|switch|p2b: Flutter Mane|Flutter Mane, L50|100\/100\n|-ability|p2a: Chi-Yu|Beads of Ruin\n|turn|1\n|inactive|utrechts2 has 30 seconds left.\n|inactive|utrechts2 has 20 seconds left.\n|\n|t:|1683673549\n|switch|p2a: Gyarados|Gyarados, L50, F|100\/100\n|-ability|p2a: Gyarados|Intimidate|boost\n|-unboost|p1a: Farigiraf|atk|1\n|-fail|p1b: Grabby Gabby|unboost|[from] item: Clear Amulet|[of] p1b: Grabby Gabby\n|move|p1b: Grabby Gabby|Fake Out|p2a: Gyarados\n|-damage|p2a: Gyarados|83\/100\n|move|p2b: Flutter Mane|Moonblast|p1b: Grabby Gabby\n|-supereffective|p1b: Grabby Gabby\n|-damage|p1b: Grabby Gabby|17\/100\n|move|p1a: Farigiraf|Trick Room|p1a: Farigiraf\n|-fieldstart|move: Trick Room|[of] p1a: Farigiraf\n|\n|upkeep\n|turn|2\n|\n|t:|1683673573\n|move|p2a: Gyarados|Protect|p2a: Gyarados\n|-singleturn|p2a: Gyarados|Protect\n|move|p1a: Farigiraf|Ally Switch|p1a: Farigiraf\n|swap|p1a: Farigiraf|1|[from] move: Ally Switch\n|move|p1a: Grabby Gabby|Swords Dance|p1a: Grabby Gabby\n|-boost|p1a: Grabby Gabby|atk|2\n|move|p2b: Flutter Mane|Dazzling Gleam|p1b: Farigiraf|[spread] p1a,p1b\n|-supereffective|p1a: Grabby Gabby\n|-damage|p1a: Grabby Gabby|0 fnt\n|-damage|p1b: Farigiraf|67\/100\n|faint|p1a: Grabby Gabby\n|-end|p1a: Grabby Gabby|Quark Drive|[silent]\n|\n|upkeep\n|\n|t:|1683673581\n|switch|p1a: Azumarill|Azumarill, L50, M|100\/100\n|turn|3\n|inactive|utrechts2 has 30 seconds left.\n|\n|t:|1683673607\n|move|p1b: Farigiraf|Psychic|p2b: Flutter Mane\n|-damage|p2b: Flutter Mane|63\/100\n|move|p1a: Azumarill|Play Rough|p2a: Gyarados\n|-damage|p2a: Gyarados|25\/100\n|move|p2a: Gyarados|Thunder Wave|p1a: Azumarill\n|-status|p1a: Azumarill|par\n|move|p2b: Flutter Mane|Moonblast|p1a: Azumarill\n|-damage|p1a: Azumarill|62\/100 par\n|\n|upkeep\n|turn|4\n|\n|t:|1683673624\n|move|p2b: Flutter Mane|Protect|p2b: Flutter Mane\n|-singleturn|p2b: Flutter Mane|Protect\n|move|p1a: Azumarill|Play Rough|p2b: Flutter Mane\n|-activate|p2b: Flutter Mane|move: Protect\n|move|p1b: Farigiraf|Hyper Voice|p2b: Flutter Mane|[spread] p2a\n|-activate|p2b: Flutter Mane|move: Protect\n|-damage|p2a: Gyarados|5\/100\n|move|p2a: Gyarados|Waterfall|p1b: Farigiraf\n|-damage|p1b: Farigiraf|39\/100\n|\n|upkeep\n|turn|5\n|inactive|utrechts2 has 30 seconds left.\n|\n|t:|1683673651\n|move|p1a: Azumarill|Play Rough|p2b: Flutter Mane\n|-damage|p2b: Flutter Mane|0 fnt\n|faint|p2b: Flutter Mane\n|-end|p2b: Flutter Mane|Protosynthesis|[silent]\n|move|p1b: Farigiraf|Hyper Voice|p2a: Gyarados\n|-damage|p2a: Gyarados|0 fnt\n|faint|p2a: Gyarados\n|\n|-fieldend|move: Trick Room\n|upkeep\n|\n|t:|1683673659\n|switch|p2b: Chi-Yu|Chi-Yu, L50|100\/100\n|switch|p2a: Iron Hands|Iron Hands, L50|100\/100\n|-ability|p2b: Chi-Yu|Beads of Ruin\n|turn|6\n|\n|t:|1683673676\n|-terastallize|p2b: Chi-Yu|Water\n|-terastallize|p1a: Azumarill|Grass\n|cant|p1a: Azumarill|par\n|move|p2b: Chi-Yu|Dark Pulse|p1b: Farigiraf\n|-supereffective|p1b: Farigiraf\n|-damage|p1b: Farigiraf|0 fnt\n|faint|p1b: Farigiraf\n|move|p2a: Iron Hands|Wild Charge|p1a: Azumarill\n|-resisted|p1a: Azumarill\n|-damage|p1a: Azumarill|35\/100 par\n|-damage|p2a: Iron Hands|95\/100|[from] Recoil\n|\n|upkeep\n|\n|t:|1683673687\n|switch|p1b: Flutter Mane|Flutter Mane, L50|100\/100\n|-enditem|p1b: Flutter Mane|Booster Energy\n|-activate|p1b: Flutter Mane|ability: Protosynthesis|[fromitem]\n|-start|p1b: Flutter Mane|protosynthesisspa\n|turn|7\n|\n|t:|1683673701\n|move|p1b: Flutter Mane|Dazzling Gleam|p2a: Iron Hands|[spread] p2a,p2b\n|-supereffective|p2a: Iron Hands\n|-crit|p2a: Iron Hands\n|-damage|p2a: Iron Hands|4\/100\n|-damage|p2b: Chi-Yu|60\/100\n|move|p2b: Chi-Yu|Heat Wave|p1b: Flutter Mane|[spread] p1a,p1b\n|-supereffective|p1a: Azumarill\n|-damage|p1a: Azumarill|0 fnt\n|-damage|p1b: Flutter Mane|56\/100\n|faint|p1a: Azumarill\n|move|p2a: Iron Hands|Wild Charge|p1b: Flutter Mane\n|-damage|p1b: Flutter Mane|0 fnt\n|faint|p1b: Flutter Mane\n|-end|p1b: Flutter Mane|Protosynthesis|[silent]\n|-damage|p2a: Iron Hands|0 fnt|[from] Recoil\n|faint|p2a: Iron Hands\n|-end|p2a: Iron Hands|Quark Drive|[silent]\n|\n|win|utrechts2\n|raw|Lewlo's rating: 1268 → 1246<\/strong> (-22 for losing)\n|raw|utrechts2's rating: 1304 → 1322<\/strong> (+18 for winning)\n|c|\u2606Lewlo|gg\n|l|\u2606Lewlo\n|c|\u2606utrechts2|gg\n","uploadtime":1683673723,"views":13,"p1id":"lewlo","p2id":"utrechts2","formatid":"gen9vgc2023regulationc","rating":1246,"private":0,"password":""}