{"id":"gen9vgc2023regulationc-1857301556","p1":"fungfung7","p2":"kanotakekanotake","format":"[Gen 9] VGC 2023 Regulation C","log":"|j|\u2606fungfung7\n|j|\u2606kanotakekanotake\n|t:|1683170049\n|gametype|doubles\n|player|p1|fungfung7|2|1432\n|player|p2|kanotakekanotake|smasher|1529\n|teamsize|p1|6\n|teamsize|p2|6\n|gen|9\n|tier|[Gen 9] VGC 2023 Regulation C\n|rated|\n|rule|Species Clause: Limit one of each Pok\u00e9mon\n|rule|Item Clause: Limit one of each item\n|clearpoke\n|poke|p1|Palafin, L50, F|\n|poke|p1|Chien-Pao, L50|\n|poke|p1|Dragapult, L50, M|\n|poke|p1|Amoonguss, L50, M|\n|poke|p1|Arcanine, L50, M|\n|poke|p1|Flutter Mane, L50|\n|poke|p2|Amoonguss, L50, F|\n|poke|p2|Iron Hands, L50|\n|poke|p2|Garganacl, L50, F|\n|poke|p2|Grimmsnarl, L50, M|\n|poke|p2|Gyarados, L50, M|\n|poke|p2|Flutter Mane, L50|\n|teampreview|4\n|inactive|Battle timer is ON: inactive players will automatically lose when time's up. (requested by fungfung7)\n|inactive|kanotakekanotake has 60 seconds left.\n|\n|t:|1683170101\n|start\n|switch|p1a: Dozo|Palafin, L50, F|100\/100\n|switch|p1b: Dnite|Dragapult, L50, M|100\/100\n|switch|p2a: Grimmsnarl|Grimmsnarl, L50, M, shiny|100\/100\n|switch|p2b: Garganacl|Garganacl, L50, F, shiny|100\/100\n|turn|1\n|\n|t:|1683170125\n|detailschange|p1a: Dozo|Palafin-Hero, L50, F\n|switch|p1a: Mimi|Flutter Mane, L50|100\/100\n|-enditem|p1a: Mimi|Booster Energy\n|-activate|p1a: Mimi|ability: Protosynthesis|[fromitem]\n|-start|p1a: Mimi|protosynthesisspa\n|-terastallize|p2b: Garganacl|Poison\n|move|p2a: Grimmsnarl|Reflect|p2a: Grimmsnarl\n|-sidestart|p2: kanotakekanotake|Reflect\n|move|p1b: Dnite|U-turn|p2a: Grimmsnarl\n|-damage|p2a: Grimmsnarl|81\/100\n|\n|t:|1683170141\n|switch|p1b: Dozo|Palafin-Hero, L50, F|100\/100|[from] U-turn\n|-activate|p1b: Dozo|ability: Zero to Hero\n|move|p2b: Garganacl|Salt Cure|p1a: Mimi\n|-damage|p1a: Mimi|81\/100\n|-start|p1a: Mimi|Salt Cure\n|\n|-damage|p1a: Mimi|69\/100|[from] Salt Cure\n|upkeep\n|turn|2\n|j| Masttery\n|\n|t:|1683170159\n|move|p2a: Grimmsnarl|Light Screen|p2a: Grimmsnarl\n|-sidestart|p2: kanotakekanotake|move: Light Screen\n|move|p1a: Mimi|Moonblast|p2a: Grimmsnarl\n|-supereffective|p2a: Grimmsnarl\n|-damage|p2a: Grimmsnarl|0 fnt\n|faint|p2a: Grimmsnarl\n|move|p1b: Dozo|Wave Crash|p2b: Garganacl\n|-damage|p2b: Garganacl|59\/100\n|-damage|p1b: Dozo|87\/100|[from] Recoil\n|move|p2b: Garganacl|Salt Cure|p1b: Dozo\n|-damage|p1b: Dozo|75\/100\n|-start|p1b: Dozo|Salt Cure\n|\n|-heal|p2b: Garganacl|65\/100|[from] item: Leftovers\n|-damage|p1a: Mimi|57\/100|[from] Salt Cure\n|-damage|p1b: Dozo|50\/100|[from] Salt Cure\n|upkeep\n|\n|t:|1683170175\n|switch|p2a: Amoonguss|Amoonguss, L50, F, shiny|100\/100\n|turn|3\n|\n|t:|1683170187\n|switch|p1b: Dnite|Dragapult, L50, M|100\/100\n|move|p1a: Mimi|Shadow Ball|p2a: Amoonguss\n|-damage|p2a: Amoonguss|73\/100\n|move|p2b: Garganacl|Recover|p2b: Garganacl\n|-heal|p2b: Garganacl|100\/100\n|move|p2a: Amoonguss|Spore|p1b: Dnite\n|-status|p1b: Dnite|slp|[from] move: Spore\n|\n|-damage|p1a: Mimi|45\/100|[from] Salt Cure\n|upkeep\n|turn|4\n|\n|t:|1683170203\n|cant|p1b: Dnite|slp\n|move|p1a: Mimi|Shadow Ball|p2a: Amoonguss\n|-damage|p2a: Amoonguss|43\/100\n|-unboost|p2a: Amoonguss|spd|1\n|-enditem|p2a: Amoonguss|Sitrus Berry|[eat]\n|-heal|p2a: Amoonguss|68\/100|[from] item: Sitrus Berry\n|move|p2b: Garganacl|Salt Cure|p1b: Dnite\n|-damage|p1b: Dnite|81\/100 slp\n|-start|p1b: Dnite|Salt Cure\n|move|p2a: Amoonguss|Spore|p1a: Mimi\n|-status|p1a: Mimi|slp|[from] move: Spore\n|\n|-damage|p1b: Dnite|68\/100 slp|[from] Salt Cure\n|-damage|p1a: Mimi|33\/100 slp|[from] Salt Cure\n|upkeep\n|turn|5\n|\n|t:|1683170221\n|switch|p2a: Iron Hands|Iron Hands, L50|100\/100\n|cant|p1b: Dnite|slp\n|cant|p1a: Mimi|slp\n|move|p2b: Garganacl|Iron Defense|p2b: Garganacl\n|-boost|p2b: Garganacl|def|2\n|\n|-damage|p1b: Dnite|56\/100 slp|[from] Salt Cure\n|-damage|p1a: Mimi|21\/100 slp|[from] Salt Cure\n|upkeep\n|turn|6\n|\n|t:|1683170237\n|-end|p2a: Iron Hands|Quark Drive|[silent]\n|switch|p2a: Amoonguss|Amoonguss, L50, F, shiny|100\/100\n|cant|p1b: Dnite|slp\n|cant|p1a: Mimi|slp\n|move|p2b: Garganacl|Salt Cure|p1a: Mimi\n|-damage|p1a: Mimi|2\/100 slp\n|\n|-damage|p1b: Dnite|43\/100 slp|[from] Salt Cure\n|-damage|p1a: Mimi|0 fnt|[from] Salt Cure\n|faint|p1a: Mimi\n|-end|p1a: Mimi|Protosynthesis|[silent]\n|upkeep\n|\n|t:|1683170248\n|switch|p1a: Dozo|Palafin-Hero, L50, F|50\/100\n|turn|7\n|\n|t:|1683170257\n|-curestatus|p1b: Dnite|slp|[msg]\n|move|p1b: Dnite|U-turn|p2a: Amoonguss\n|-damage|p2a: Amoonguss|81\/100\n|\n|t:|1683170260\n|switch|p1b: Bundle|Chien-Pao, L50|100\/100|[from] U-turn\n|-ability|p1b: Bundle|Sword of Ruin\n|move|p1a: Dozo|Haze|p1a: Dozo\n|-clearallboost\n|move|p2b: Garganacl|Salt Cure|p1a: Dozo\n|-damage|p1a: Dozo|33\/100\n|-start|p1a: Dozo|Salt Cure\n|move|p2a: Amoonguss|Spore|p1b: Bundle\n|-status|p1b: Bundle|slp|[from] move: Spore\n|\n|-damage|p1a: Dozo|8\/100|[from] Salt Cure\n|upkeep\n|turn|8\n|-message|fungfung7 forfeited.\n|\n|win|kanotakekanotake\n|raw|fungfung7's rating: 1432 → 1417<\/strong> (-15 for losing)\n|raw|kanotakekanotake's rating: 1529 → 1544<\/strong> (+15 for winning)\n|l|\u2606fungfung7\n|l| Masttery\n","uploadtime":1683170286,"views":15,"p1id":"fungfung7","p2id":"kanotakekanotake","formatid":"gen9vgc2023regulationc","rating":1417,"private":0,"password":""}