{"id":"gen9vgc2023regulationc-1862945042","p1":"revocolombia","p2":"Escatross","format":"[Gen 9] VGC 2023 Regulation C","log":"|j|\u2606revocolombia\n|j|\u2606Escatross\n|t:|1683942012\n|gametype|doubles\n|player|p1|revocolombia|pokemonranger-gen4|1436\n|player|p2|Escatross|2|1362\n|teamsize|p1|6\n|teamsize|p2|6\n|gen|9\n|tier|[Gen 9] VGC 2023 Regulation C\n|rated|\n|rule|Species Clause: Limit one of each Pok\u00e9mon\n|rule|Item Clause: Limit one of each item\n|clearpoke\n|poke|p1|Flutter Mane, L50|\n|poke|p1|Garchomp, L50, F|\n|poke|p1|Dragonite, L50, M|\n|poke|p1|Chien-Pao, L50|\n|poke|p1|Murkrow, L50, F|\n|poke|p1|Gholdengo, L50|\n|poke|p2|Lycanroc, L50, M|\n|poke|p2|Tyranitar, L50, M|\n|poke|p2|Grimmsnarl, L50, M|\n|poke|p2|Iron Bundle, L50|\n|poke|p2|Sandy Shocks, L50|\n|poke|p2|Grafaiai, L50, M|\n|teampreview|4\n|inactive|Battle timer is ON: inactive players will automatically lose when time's up. (requested by Escatross)\n|\n|t:|1683942062\n|start\n|switch|p1a: Garchomp|Garchomp, L50, F|100\/100\n|switch|p1b: Murkrow|Murkrow, L50, F|100\/100\n|switch|p2a: Tyranitar|Tyranitar, L50, M|100\/100\n|switch|p2b: Lycanroc|Lycanroc, L50, M|100\/100\n|-weather|Sandstorm|[from] ability: Sand Stream|[of] p2a: Tyranitar\n|turn|1\n|inactive|Escatross has 30 seconds left.\n|\n|t:|1683942089\n|-terastallize|p2a: Tyranitar|Grass\n|move|p1b: Murkrow|Sunny Day|p1b: Murkrow\n|-weather|SunnyDay\n|move|p2b: Lycanroc|Rock Slide|p1a: Garchomp|[spread] p1a,p1b\n|-resisted|p1a: Garchomp\n|-supereffective|p1b: Murkrow\n|-damage|p1a: Garchomp|84\/100\n|-damage|p1b: Murkrow|38\/100\n|move|p1a: Garchomp|Rock Slide|p2a: Tyranitar|[spread] p2a,p2b\n|-damage|p2a: Tyranitar|83\/100\n|-damage|p2b: Lycanroc|61\/100\n|move|p2a: Tyranitar|Rock Slide|p1b: Murkrow|[spread] p1a\n|-miss|p2a: Tyranitar|p1b: Murkrow\n|-resisted|p1a: Garchomp\n|-damage|p1a: Garchomp|68\/100\n|\n|-weather|SunnyDay|[upkeep]\n|upkeep\n|turn|2\n|\n|t:|1683942110\n|move|p1b: Murkrow|Tailwind|p1b: Murkrow\n|-sidestart|p1: revocolombia|move: Tailwind\n|move|p1a: Garchomp|Earthquake|p2b: Lycanroc|[spread] p2a,p2b\n|-immune|p1b: Murkrow\n|-resisted|p2a: Tyranitar\n|-supereffective|p2b: Lycanroc\n|-damage|p2a: Tyranitar|65\/100\n|-damage|p2b: Lycanroc|0 fnt\n|faint|p2b: Lycanroc\n|move|p2a: Tyranitar|Assurance|p1a: Garchomp\n|-damage|p1a: Garchomp|32\/100\n|-damage|p2a: Tyranitar|53\/100|[from] ability: Rough Skin|[of] p1a: Garchomp\n|\n|-weather|SunnyDay|[upkeep]\n|upkeep\n|\n|t:|1683942124\n|switch|p2b: Grimmsnarl|Grimmsnarl, L50, M|100\/100\n|turn|3\n|\n|t:|1683942148\n|switch|p1b: Flutter Mane|Flutter Mane, L50|100\/100\n|-activate|p1b: Flutter Mane|ability: Protosynthesis\n|-start|p1b: Flutter Mane|protosynthesisspa\n|move|p1a: Garchomp|Brick Break|p2b: Grimmsnarl\n|-damage|p2b: Grimmsnarl|63\/100\n|move|p2a: Tyranitar|Tera Blast|p1a: Garchomp\n|-damage|p1a: Garchomp|0 fnt\n|faint|p1a: Garchomp\n|move|p2b: Grimmsnarl|Spirit Break|p1b: Flutter Mane\n|-damage|p1b: Flutter Mane|36\/100\n|-unboost|p1b: Flutter Mane|spa|1\n|\n|-weather|SunnyDay|[upkeep]\n|upkeep\n|\n|t:|1683942164\n|switch|p1a: Murkrow|Murkrow, L50, F|38\/100\n|turn|4\n|\n|t:|1683942173\n|move|p1a: Murkrow|Haze|p1a: Murkrow\n|-clearallboost\n|move|p1b: Flutter Mane|Dazzling Gleam|p2b: Grimmsnarl|[spread] p2a,p2b\n|-supereffective|p2b: Grimmsnarl\n|-damage|p2a: Tyranitar|25\/100\n|-damage|p2b: Grimmsnarl|0 fnt\n|faint|p2b: Grimmsnarl\n|move|p2a: Tyranitar|Rock Slide|p1a: Murkrow|[spread] p1a,p1b\n|-supereffective|p1a: Murkrow\n|-crit|p1b: Flutter Mane\n|-damage|p1a: Murkrow|0 fnt\n|-damage|p1b: Flutter Mane|0 fnt\n|faint|p1a: Murkrow\n|faint|p1b: Flutter Mane\n|-end|p1b: Flutter Mane|Protosynthesis|[silent]\n|\n|-weather|SunnyDay|[upkeep]\n|upkeep\n|\n|t:|1683942196\n|switch|p1b: Chien-Pao|Chien-Pao, L50|100\/100\n|switch|p2b: Iron Bundle|Iron Bundle, L50|100\/100\n|-ability|p1b: Chien-Pao|Sword of Ruin\n|-enditem|p2b: Iron Bundle|Booster Energy\n|-activate|p2b: Iron Bundle|ability: Quark Drive|[fromitem]\n|-start|p2b: Iron Bundle|quarkdrivespe\n|turn|5\n|\n|t:|1683942215\n|move|p1b: Chien-Pao|Sacred Sword|p2b: Iron Bundle\n|-supereffective|p2b: Iron Bundle\n|-damage|p2b: Iron Bundle|6\/100\n|move|p2b: Iron Bundle|Hydro Pump|p1b: Chien-Pao\n|-damage|p1b: Chien-Pao|66\/100\n|move|p2a: Tyranitar|Low Kick|p1b: Chien-Pao\n|-supereffective|p1b: Chien-Pao\n|-damage|p1b: Chien-Pao|0 fnt\n|faint|p1b: Chien-Pao\n|\n|win|Escatross\n|raw|revocolombia's rating: 1436 → 1412<\/strong> (-24 for losing)\n|raw|Escatross's rating: 1362 → 1386<\/strong> (+24 for winning)\n|l|\u2606Escatross\n","uploadtime":1683942236,"views":8,"p1id":"revocolombia","p2id":"escatross","formatid":"gen9vgc2023regulationc","rating":1386,"private":0,"password":""}