{"id":"gen9vgc2023regulationc-1857797895","p1":"nightamara","p2":"Barstingo","format":"[Gen 9] VGC 2023 Regulation C","log":"|j|\u2606nightamara\n|j|\u2606Barstingo\n|t:|1683232813\n|gametype|doubles\n|player|p1|nightamara|greta-gen3|1158\n|player|p2|Barstingo|flint|1090\n|teamsize|p1|6\n|teamsize|p2|6\n|gen|9\n|tier|[Gen 9] VGC 2023 Regulation C\n|rated|\n|rule|Species Clause: Limit one of each Pok\u00e9mon\n|rule|Item Clause: Limit one of each item\n|clearpoke\n|poke|p1|Scream Tail, L50|\n|poke|p1|Flutter Mane, L50|\n|poke|p1|Ting-Lu, L50|\n|poke|p1|Gothitelle, L50, F|\n|poke|p1|Arcanine, L50, F|\n|poke|p1|Palafin, L50, F|\n|poke|p2|Palafin, L50, M|\n|poke|p2|Glimmora, L50, M|\n|poke|p2|Arcanine, L50, F|\n|poke|p2|Corviknight, L50, F|\n|poke|p2|Chien-Pao, L50|\n|poke|p2|Dragapult, L50, M|\n|teampreview|4\n|\n|t:|1683232839\n|start\n|switch|p1a: Sung Jinah|Gothitelle, L50, F|100\/100\n|switch|p1b: Sung Jinwoo|Palafin, L50, F|100\/100\n|switch|p2a: Dragapult|Dragapult, L50, M|100\/100\n|switch|p2b: Corviknight|Corviknight, L50, F|100\/100\n|turn|1\n|\n|t:|1683232861\n|detailschange|p1b: Sung Jinwoo|Palafin-Hero, L50, F\n|switch|p1b: Cha Hae In|Flutter Mane, L50|100\/100\n|move|p1a: Sung Jinah|Fake Out|p2b: Corviknight\n|-resisted|p2b: Corviknight\n|-damage|p2b: Corviknight|99\/100\n|move|p2a: Dragapult|U-turn|p1a: Sung Jinah\n|-supereffective|p1a: Sung Jinah\n|-damage|p1a: Sung Jinah|33\/100\n|-enditem|p1a: Sung Jinah|Sitrus Berry|[eat]\n|-heal|p1a: Sung Jinah|58\/100|[from] item: Sitrus Berry\n|\n|t:|1683232876\n|switch|p2a: Glimmora|Glimmora, L50, M|100\/100|[from] U-turn\n|cant|p2b: Corviknight|flinch\n|\n|upkeep\n|turn|2\n|\n|t:|1683232911\n|-end|p1b: Cha Hae In|Protosynthesis|[silent]\n|switch|p1b: Yoo Jinho|Arcanine, L50, F|100\/100\n|-ability|p1b: Yoo Jinho|Intimidate|boost\n|-unboost|p2a: Glimmora|atk|1\n|-ability|p2b: Corviknight|Mirror Armor\n|-unboost|p1b: Yoo Jinho|atk|1\n|switch|p1a: Sung Jinwoo|Palafin-Hero, L50, F|100\/100\n|-activate|p1a: Sung Jinwoo|ability: Zero to Hero\n|move|p2a: Glimmora|Sludge Bomb|p1b: Yoo Jinho\n|-damage|p1b: Yoo Jinho|32\/100\n|-damage|p2a: Glimmora|90\/100|[from] item: Life Orb\n|move|p2b: Corviknight|Taunt|p1a: Sung Jinwoo\n|-start|p1a: Sung Jinwoo|move: Taunt\n|\n|upkeep\n|turn|3\n|\n|t:|1683232938\n|-terastallize|p1a: Sung Jinwoo|Water\n|move|p2a: Glimmora|Spiky Shield|p2a: Glimmora\n|-singleturn|p2a: Glimmora|move: Protect\n|move|p1a: Sung Jinwoo|Jet Punch|p2a: Glimmora\n|-activate|p2a: Glimmora|move: Protect\n|-damage|p1a: Sung Jinwoo|88\/100|[from] Spiky Shield|[of] p2a: Glimmora\n|move|p1b: Yoo Jinho|Flare Blitz|p2b: Corviknight\n|-supereffective|p2b: Corviknight\n|-damage|p2b: Corviknight|50\/100\n|-enditem|p2b: Corviknight|Sitrus Berry|[eat]\n|-heal|p2b: Corviknight|75\/100|[from] item: Sitrus Berry\n|-damage|p1b: Yoo Jinho|15\/100|[from] Recoil\n|move|p2b: Corviknight|Tailwind|p2b: Corviknight\n|-sidestart|p2: Barstingo|move: Tailwind\n|\n|upkeep\n|turn|4\n|\n|t:|1683232968\n|switch|p1b: Sung Jinah|Gothitelle, L50, F|58\/100\n|move|p1a: Sung Jinwoo|Jet Punch|p2a: Glimmora\n|-supereffective|p2a: Glimmora\n|-damage|p2a: Glimmora|0 fnt\n|faint|p2a: Glimmora\n|move|p2b: Corviknight|Brave Bird|p1a: Sung Jinwoo\n|-damage|p1a: Sung Jinwoo|53\/100\n|-damage|p2b: Corviknight|64\/100|[from] Recoil\n|\n|-end|p1a: Sung Jinwoo|move: Taunt\n|upkeep\n|\n|t:|1683232979\n|switch|p2a: Dragapult|Dragapult, L50, M|100\/100\n|turn|5\n|\n|t:|1683233003\n|move|p1b: Sung Jinah|Fake Out|p2b: Corviknight\n|-resisted|p2b: Corviknight\n|-damage|p2b: Corviknight|62\/100\n|move|p1a: Sung Jinwoo|Jet Punch|p2a: Dragapult\n|-resisted|p2a: Dragapult\n|-damage|p2a: Dragapult|58\/100\n|move|p2a: Dragapult|Phantom Force||[still]\n|-prepare|p2a: Dragapult|Phantom Force\n|cant|p2b: Corviknight|flinch\n|\n|upkeep\n|turn|6\n|\n|t:|1683233035\n|switch|p1a: Cha Hae In|Flutter Mane, L50|100\/100\n|switch|p1b: Yoo Jinho|Arcanine, L50, F|15\/100\n|-ability|p1b: Yoo Jinho|Intimidate|boost\n|-fail|p2a: Dragapult|unboost|[from] ability: Clear Body|[of] p2a: Dragapult\n|-ability|p2b: Corviknight|Mirror Armor\n|-unboost|p1b: Yoo Jinho|atk|1\n|move|p2a: Dragapult|Phantom Force|p1b: Yoo Jinho|[from]lockedmove\n|-damage|p1b: Yoo Jinho|0 fnt\n|faint|p1b: Yoo Jinho\n|move|p2b: Corviknight|Brave Bird|p1a: Cha Hae In\n|-crit|p1a: Cha Hae In\n|-enditem|p1a: Cha Hae In|Focus Sash\n|-damage|p1a: Cha Hae In|1\/100\n|-damage|p2b: Corviknight|41\/100|[from] Recoil\n|\n|-sideend|p2: Barstingo|move: Tailwind\n|upkeep\n|\n|t:|1683233088\n|switch|p1b: Sung Jinwoo|Palafin-Hero, L50, F, tera:Water|53\/100\n|turn|7\n|\n|t:|1683233110\n|move|p1b: Sung Jinwoo|Jet Punch|p2a: Dragapult\n|-resisted|p2a: Dragapult\n|-damage|p2a: Dragapult|15\/100\n|move|p2a: Dragapult|Phantom Force||[still]\n|-prepare|p2a: Dragapult|Phantom Force\n|move|p1a: Cha Hae In|Shadow Ball|p2b: Corviknight\n|-damage|p2b: Corviknight|5\/100\n|move|p2b: Corviknight|Tailwind|p2b: Corviknight\n|-sidestart|p2: Barstingo|move: Tailwind\n|\n|upkeep\n|turn|8\n|\n|t:|1683233130\n|move|p1b: Sung Jinwoo|Jet Punch|p2b: Corviknight\n|-damage|p2b: Corviknight|0 fnt\n|faint|p2b: Corviknight\n|move|p2a: Dragapult|Phantom Force|p1b: Sung Jinwoo|[from]lockedmove\n|-damage|p1b: Sung Jinwoo|0 fnt\n|faint|p1b: Sung Jinwoo\n|move|p1a: Cha Hae In|Shadow Ball|p2a: Dragapult\n|-supereffective|p2a: Dragapult\n|-damage|p2a: Dragapult|0 fnt\n|faint|p2a: Dragapult\n|\n|upkeep\n|\n|t:|1683233143\n|switch|p1b: Sung Jinah|Gothitelle, L50, F|58\/100\n|switch|p2b: Chien-Pao|Chien-Pao, L50|100\/100\n|-ability|p2b: Chien-Pao|Sword of Ruin\n|turn|9\n|\n|t:|1683233151\n|move|p2b: Chien-Pao|Protect|p2b: Chien-Pao\n|-singleturn|p2b: Chien-Pao|Protect\n|move|p1b: Sung Jinah|Fake Out|p2b: Chien-Pao\n|-activate|p2b: Chien-Pao|move: Protect\n|move|p1a: Cha Hae In|Dazzling Gleam|p2b: Chien-Pao\n|-activate|p2b: Chien-Pao|move: Protect\n|\n|upkeep\n|turn|10\n|\n|t:|1683233170\n|move|p1a: Cha Hae In|Protect|p1a: Cha Hae In\n|-singleturn|p1a: Cha Hae In|Protect\n|move|p2b: Chien-Pao|Sucker Punch||[still]\n|-fail|p2b: Chien-Pao\n|move|p1b: Sung Jinah|Psychic|p2b: Chien-Pao\n|-immune|p2b: Chien-Pao\n|\n|-sideend|p2: Barstingo|move: Tailwind\n|upkeep\n|turn|11\n|\n|t:|1683233182\n|move|p2b: Chien-Pao|Sucker Punch||[still]\n|-fail|p2b: Chien-Pao\n|move|p1a: Cha Hae In|Perish Song|p1a: Cha Hae In\n|-start|p1a: Cha Hae In|perish3|[silent]\n|-start|p1b: Sung Jinah|perish3|[silent]\n|-start|p2b: Chien-Pao|perish3|[silent]\n|-fieldactivate|move: Perish Song\n|move|p1b: Sung Jinah|Heal Pulse|p1a: Cha Hae In\n|-heal|p1a: Cha Hae In|52\/100\n|\n|-start|p1a: Cha Hae In|perish3\n|-start|p2b: Chien-Pao|perish3\n|-start|p1b: Sung Jinah|perish3\n|upkeep\n|turn|12\n|\n|t:|1683233194\n|move|p1a: Cha Hae In|Protect|p1a: Cha Hae In\n|-singleturn|p1a: Cha Hae In|Protect\n|move|p1b: Sung Jinah|Protect|p1b: Sung Jinah\n|-singleturn|p1b: Sung Jinah|Protect\n|move|p2b: Chien-Pao|Ice Spinner|p1b: Sung Jinah\n|-activate|p1b: Sung Jinah|move: Protect\n|\n|-start|p1a: Cha Hae In|perish2\n|-start|p2b: Chien-Pao|perish2\n|-start|p1b: Sung Jinah|perish2\n|upkeep\n|turn|13\n|\n|t:|1683233208\n|move|p1a: Cha Hae In|Dazzling Gleam|p2b: Chien-Pao\n|-supereffective|p2b: Chien-Pao\n|-enditem|p2b: Chien-Pao|Focus Sash\n|-damage|p2b: Chien-Pao|1\/100\n|move|p2b: Chien-Pao|Ice Spinner|p1b: Sung Jinah\n|-damage|p1b: Sung Jinah|4\/100\n|move|p1b: Sung Jinah|Heal Pulse|p1a: Cha Hae In\n|-heal|p1a: Cha Hae In|100\/100\n|\n|-start|p1a: Cha Hae In|perish1\n|-start|p2b: Chien-Pao|perish1\n|-start|p1b: Sung Jinah|perish1\n|upkeep\n|turn|14\n|\n|t:|1683233222\n|move|p2b: Chien-Pao|Sucker Punch|p1a: Cha Hae In\n|-damage|p1a: Cha Hae In|0 fnt\n|faint|p1a: Cha Hae In\n|-end|p1a: Cha Hae In|Protosynthesis|[silent]\n|move|p1b: Sung Jinah|Psychic|p2b: Chien-Pao\n|-immune|p2b: Chien-Pao\n|\n|-start|p2b: Chien-Pao|perish0\n|-start|p1b: Sung Jinah|perish0\n|upkeep\n|faint|p2b: Chien-Pao\n|faint|p1b: Sung Jinah\n|\n|win|nightamara\n|raw|nightamara's rating: 1158 → 1178<\/strong> (+20 for winning)\n|raw|Barstingo's rating: 1090 → 1071<\/strong> (-19 for losing)\n|l|\u2606Barstingo\n","uploadtime":1683233240,"views":6,"p1id":"nightamara","p2id":"barstingo","formatid":"gen9vgc2023regulationc","rating":1071,"private":0,"password":""}