{"id":"gen9vgc2023regulationc-1846222853","p1":"Perish Trap 2.0","p2":"Sotero23","format":"[Gen 9] VGC 2023 Regulation C","log":"|j|\u2606Perish Trap 2.0\n|j|\u2606Sotero23\n|t:|1681822864\n|gametype|doubles\n|player|p1|Perish Trap 2.0|101|1135\n|player|p2|Sotero23|266|1178\n|teamsize|p1|6\n|teamsize|p2|6\n|gen|9\n|tier|[Gen 9] VGC 2023 Regulation C\n|rated|\n|rule|Species Clause: Limit one of each Pok\u00e9mon\n|rule|Item Clause: Limit one of each item\n|clearpoke\n|poke|p1|Flutter Mane, L50|\n|poke|p1|Gothitelle, L50, M|\n|poke|p1|Palafin, L50, F|\n|poke|p1|Tauros-Paldea-Blaze, L50, M|\n|poke|p1|Azumarill, L50, M|\n|poke|p1|Gholdengo, L50|\n|poke|p2|Scizor, L50, M|\n|poke|p2|Gothitelle, L50, F|\n|poke|p2|Chi-Yu, L50|\n|poke|p2|Dragonite, L50, M|\n|poke|p2|Amoonguss, L50, M|\n|poke|p2|Flutter Mane, L50|\n|teampreview|4\n|inactive|Battle timer is ON: inactive players will automatically lose when time's up. (requested by Perish Trap 2.0)\n|inactive|Sotero23 has 60 seconds left.\n|\n|t:|1681822926\n|start\n|switch|p1a: Palafin|Palafin, L50, F, shiny|100\/100\n|switch|p1b: Azumarill|Azumarill, L50, M, shiny|100\/100\n|switch|p2a: Gothitelle|Gothitelle, L50, F|100\/100\n|switch|p2b: Dragonite|Dragonite, L50, M|100\/100\n|turn|1\n|inactive|Perish Trap 2.0 has 30 seconds left.\n|\n|t:|1681822952\n|move|p2a: Gothitelle|Fake Out|p1b: Azumarill\n|-damage|p1b: Azumarill|94\/100\n|move|p1a: Palafin|Flip Turn|p2b: Dragonite\n|-resisted|p2b: Dragonite\n|-damage|p2b: Dragonite|88\/100\n|\n|t:|1681822957\n|detailschange|p1a: Palafin|Palafin-Hero, L50, F, shiny\n|switch|p1a: Gothitelle|Gothitelle, L50, M, shiny|100\/100|[from] Flip Turn\n|move|p2b: Dragonite|Dragon Dance|p2b: Dragonite\n|-boost|p2b: Dragonite|atk|1\n|-boost|p2b: Dragonite|spe|1\n|cant|p1b: Azumarill|flinch\n|\n|upkeep\n|turn|2\n|inactive|Perish Trap 2.0 has 30 seconds left.\n|\n|t:|1681822986\n|-terastallize|p2b: Dragonite|Normal\n|move|p2a: Gothitelle|Helping Hand|p2b: Dragonite\n|-singleturn|p2b: Dragonite|Helping Hand|[of] p2a: Gothitelle\n|move|p1a: Gothitelle|Fake Out|p2b: Dragonite\n|-damage|p2b: Dragonite|81\/100\n|move|p2b: Dragonite|Extreme Speed|p1b: Azumarill\n|-damage|p1b: Azumarill|0 fnt\n|faint|p1b: Azumarill\n|\n|upkeep\n|\n|t:|1681823004\n|switch|p1b: Tauros|Tauros-Paldea-Blaze, L50, M, shiny|100\/100\n|-ability|p1b: Tauros|Intimidate|boost\n|-unboost|p2a: Gothitelle|atk|1\n|-fail|p2b: Dragonite|unboost|Attack|[from] ability: Inner Focus|[of] p2b: Dragonite\n|turn|3\n|\n|t:|1681823015\n|-terastallize|p1b: Tauros|Steel\n|move|p2b: Dragonite|Protect|p2b: Dragonite\n|-singleturn|p2b: Dragonite|Protect\n|move|p1a: Gothitelle|Protect|p1a: Gothitelle\n|-singleturn|p1a: Gothitelle|Protect\n|move|p1b: Tauros|Close Combat|p2b: Dragonite\n|-activate|p2b: Dragonite|move: Protect\n|move|p2a: Gothitelle|Psychic|p1b: Tauros\n|-resisted|p1b: Tauros\n|-damage|p1b: Tauros|77\/100\n|\n|upkeep\n|turn|4\n|inactive|Sotero23 has 30 seconds left.\n|\n|t:|1681823042\n|move|p2a: Gothitelle|Helping Hand|p2b: Dragonite\n|-singleturn|p2b: Dragonite|Helping Hand|[of] p2a: Gothitelle\n|move|p2b: Dragonite|Extreme Speed|p1a: Gothitelle\n|-damage|p1a: Gothitelle|17\/100\n|move|p1b: Tauros|Close Combat|p2b: Dragonite\n|-supereffective|p2b: Dragonite\n|-damage|p2b: Dragonite|0 fnt\n|-unboost|p1b: Tauros|def|1\n|-unboost|p1b: Tauros|spd|1\n|faint|p2b: Dragonite\n|move|p1a: Gothitelle|Hypnosis|p2a: Gothitelle|[miss]\n|-miss|p1a: Gothitelle|p2a: Gothitelle\n|\n|upkeep\n|\n|t:|1681823051\n|switch|p2b: Chi-Yu|Chi-Yu, L50|100\/100\n|-ability|p2b: Chi-Yu|Beads of Ruin\n|turn|5\n|\n|t:|1681823064\n|move|p1a: Gothitelle|Protect|p1a: Gothitelle\n|-singleturn|p1a: Gothitelle|Protect\n|move|p2b: Chi-Yu|Heat Wave|p1a: Gothitelle|[spread] p1b\n|-activate|p1a: Gothitelle|move: Protect\n|-supereffective|p1b: Tauros\n|-damage|p1b: Tauros|0 fnt\n|faint|p1b: Tauros\n|move|p2a: Gothitelle|Psychic|p1a: Gothitelle\n|-activate|p1a: Gothitelle|move: Protect\n|\n|upkeep\n|\n|t:|1681823073\n|switch|p1b: Palafin|Palafin-Hero, L50, F, shiny|100\/100\n|-activate|p1b: Palafin|ability: Zero to Hero\n|turn|6\n|\n|t:|1681823086\n|switch|p2a: Flutter Mane|Flutter Mane, L50|100\/100\n|-enditem|p2a: Flutter Mane|Booster Energy\n|-activate|p2a: Flutter Mane|ability: Protosynthesis|[fromitem]\n|-start|p2a: Flutter Mane|protosynthesisspa\n|move|p1b: Palafin|Jet Punch|p2b: Chi-Yu\n|-supereffective|p2b: Chi-Yu\n|-damage|p2b: Chi-Yu|0 fnt\n|faint|p2b: Chi-Yu\n|move|p1a: Gothitelle|Hypnosis|p2a: Flutter Mane\n|-status|p2a: Flutter Mane|slp|[from] move: Hypnosis\n|\n|upkeep\n|\n|t:|1681823094\n|switch|p2b: Gothitelle|Gothitelle, L50, F|100\/100\n|turn|7\n|\n|t:|1681823112\n|move|p1a: Gothitelle|Protect|p1a: Gothitelle\n|-singleturn|p1a: Gothitelle|Protect\n|move|p2b: Gothitelle|Fake Out|p1b: Palafin\n|-damage|p1b: Palafin|94\/100\n|cant|p2a: Flutter Mane|slp\n|cant|p1b: Palafin|flinch\n|\n|upkeep\n|turn|8\n|\n|t:|1681823125\n|-curestatus|p2a: Flutter Mane|slp|[msg]\n|move|p2a: Flutter Mane|Moonblast|p1b: Palafin\n|-damage|p1b: Palafin|20\/100\n|move|p1b: Palafin|Wave Crash|p2a: Flutter Mane\n|-damage|p2a: Flutter Mane|0 fnt\n|faint|p2a: Flutter Mane\n|-end|p2a: Flutter Mane|Protosynthesis|[silent]\n|-damage|p1b: Palafin|0 fnt|[from] Recoil\n|faint|p1b: Palafin\n|move|p2b: Gothitelle|Psychic|p1a: Gothitelle\n|-resisted|p1a: Gothitelle\n|-damage|p1a: Gothitelle|3\/100\n|move|p1a: Gothitelle|Heal Pulse|p1: Palafin|[notarget]\n|-fail|p1a: Gothitelle\n|\n|upkeep\n|turn|9\n|-message|Perish Trap 2.0 forfeited.\n|\n|win|Sotero23\n|raw|Perish Trap 2.0's rating: 1135 → 1113<\/strong> (-22 for losing)\n|raw|Sotero23's rating: 1178 → 1200<\/strong> (+22 for winning)\n|l|\u2606Perish Trap 2.0\n","uploadtime":1681823265,"views":7,"p1id":"perishtrap20","p2id":"sotero23","formatid":"gen9vgc2023regulationc","rating":1113,"private":0,"password":""}