{"id":"gen9vgc2023regulationc-1860357227","p1":"sd08123483","p2":"L-DNSZ","format":"[Gen 9] VGC 2023 Regulation C","log":"|j|\u2606sd08123483\n|j|\u2606L-DNSZ\n|t:|1683636717\n|gametype|doubles\n|player|p1|sd08123483|265|1116\n|player|p2|L-DNSZ|hilbert|1141\n|teamsize|p1|6\n|teamsize|p2|6\n|gen|9\n|tier|[Gen 9] VGC 2023 Regulation C\n|rated|\n|rule|Species Clause: Limit one of each Pok\u00e9mon\n|rule|Item Clause: Limit one of each item\n|clearpoke\n|poke|p1|Kingambit, L50, M|\n|poke|p1|Dragonite, L50, F|\n|poke|p1|Abomasnow, L50, M|\n|poke|p1|Great Tusk, L50|\n|poke|p1|Iron Bundle, L50|\n|poke|p1|Flutter Mane, L50|\n|poke|p2|Ceruledge, L50, F|\n|poke|p2|Iron Bundle, L50|\n|poke|p2|Iron Hands, L50|\n|poke|p2|Breloom, L50, F|\n|poke|p2|Roaring Moon, L50|\n|poke|p2|Arcanine, L50, F|\n|teampreview|4\n|\n|t:|1683636756\n|start\n|switch|p1a: Iron Bundle|Iron Bundle, L50|100\/100\n|switch|p1b: Kingambit|Kingambit, L50, M|100\/100\n|switch|p2a: Ceruledge|Ceruledge, L50, F|100\/100\n|switch|p2b: Iron Bundle|Iron Bundle, L50|100\/100\n|-enditem|p2b: Iron Bundle|Booster Energy\n|-activate|p2b: Iron Bundle|ability: Quark Drive|[fromitem]\n|-start|p2b: Iron Bundle|quarkdrivespe\n|turn|1\n|\n|t:|1683636784\n|-terastallize|p2a: Ceruledge|Grass\n|move|p1b: Kingambit|Sucker Punch|p2b: Iron Bundle\n|-damage|p2b: Iron Bundle|50\/100\n|move|p2b: Iron Bundle|Freeze-Dry|p1a: Iron Bundle\n|-crit|p1a: Iron Bundle\n|-damage|p1a: Iron Bundle|2\/100\n|move|p1a: Iron Bundle|Flip Turn|p2a: Ceruledge\n|-resisted|p2a: Ceruledge\n|-damage|p2a: Ceruledge|88\/100\n|\n|t:|1683636800\n|-end|p1a: Iron Bundle|Quark Drive|[silent]\n|switch|p1a: Dragonite|Dragonite, L50, F|100\/100|[from] Flip Turn\n|move|p2a: Ceruledge|Bitter Blade|p1b: Kingambit\n|-supereffective|p1b: Kingambit\n|-damage|p1b: Kingambit|28\/100\n|-heal|p2a: Ceruledge|100\/100|[from] drain|[of] p1b: Kingambit\n|\n|upkeep\n|turn|2\n|\n|t:|1683636844\n|move|p1a: Dragonite|Extreme Speed|p2b: Iron Bundle\n|-damage|p2b: Iron Bundle|0 fnt\n|faint|p2b: Iron Bundle\n|-end|p2b: Iron Bundle|Quark Drive|[silent]\n|move|p1b: Kingambit|Sucker Punch|p2a: Ceruledge\n|-damage|p2a: Ceruledge|40\/100\n|move|p2a: Ceruledge|Bitter Blade|p1b: Kingambit\n|-supereffective|p1b: Kingambit\n|-damage|p1b: Kingambit|0 fnt\n|-heal|p2a: Ceruledge|59\/100|[from] drain|[of] p1b: Kingambit\n|faint|p1b: Kingambit\n|\n|-heal|p2a: Ceruledge|65\/100|[from] item: Leftovers\n|upkeep\n|\n|t:|1683636864\n|switch|p2b: Iron Hands|Iron Hands, L50, shiny|100\/100\n|switch|p1b: Iron Bundle|Iron Bundle, L50|2\/100\n|turn|3\n|\n|t:|1683636885\n|-end|p1b: Iron Bundle|Quark Drive|[silent]\n|switch|p1b: Abomasnow|Abomasnow, L50, M|100\/100\n|-weather|Snow|[from] ability: Snow Warning|[of] p1b: Abomasnow\n|move|p1a: Dragonite|Extreme Speed|p2b: Iron Hands\n|-damage|p2b: Iron Hands|73\/100\n|move|p2a: Ceruledge|Shadow Sneak|p1b: Abomasnow\n|-damage|p1b: Abomasnow|84\/100\n|move|p2b: Iron Hands|Thunder Punch|p1a: Dragonite\n|-crit|p1a: Dragonite\n|-damage|p1a: Dragonite|73\/100\n|\n|-weather|Snow|[upkeep]\n|-heal|p2a: Ceruledge|71\/100|[from] item: Leftovers\n|upkeep\n|turn|4\n|\n|t:|1683636917\n|-terastallize|p1b: Abomasnow|Water\n|move|p1a: Dragonite|Extreme Speed|p2a: Ceruledge\n|-damage|p2a: Ceruledge|5\/100\n|move|p2a: Ceruledge|Bitter Blade|p1b: Abomasnow\n|-resisted|p1b: Abomasnow\n|-damage|p1b: Abomasnow|58\/100\n|-heal|p2a: Ceruledge|22\/100|[from] drain|[of] p1b: Abomasnow\n|move|p1b: Abomasnow|Blizzard|p2a: Ceruledge|[spread] p2a,p2b\n|-supereffective|p2a: Ceruledge\n|-crit|p2a: Ceruledge\n|-damage|p2a: Ceruledge|0 fnt\n|-damage|p2b: Iron Hands|59\/100\n|faint|p2a: Ceruledge\n|move|p2b: Iron Hands|Thunder Punch|p1a: Dragonite\n|-damage|p1a: Dragonite|37\/100\n|\n|-weather|Snow|[upkeep]\n|upkeep\n|\n|t:|1683636938\n|switch|p2a: Arcanine|Arcanine, L50, F|100\/100\n|-ability|p2a: Arcanine|Intimidate|boost\n|-unboost|p1a: Dragonite|atk|1\n|-unboost|p1b: Abomasnow|atk|1\n|turn|5\n|\n|t:|1683636965\n|move|p1a: Dragonite|Extreme Speed|p2a: Arcanine\n|-damage|p2a: Arcanine|71\/100\n|move|p2a: Arcanine|Will-O-Wisp|p1a: Dragonite\n|-status|p1a: Dragonite|brn\n|move|p1b: Abomasnow|Blizzard|p2a: Arcanine|[spread] p2a,p2b\n|-resisted|p2a: Arcanine\n|-crit|p2b: Iron Hands\n|-damage|p2a: Arcanine|51\/100\n|-damage|p2b: Iron Hands|38\/100\n|move|p2b: Iron Hands|Thunder Punch|p1a: Dragonite\n|-damage|p1a: Dragonite|3\/100 brn\n|\n|-weather|Snow|[upkeep]\n|-damage|p1a: Dragonite|0 fnt|[from] brn\n|faint|p1a: Dragonite\n|upkeep\n|\n|t:|1683636982\n|switch|p1a: Iron Bundle|Iron Bundle, L50|2\/100\n|turn|6\n|\n|t:|1683636992\n|move|p2a: Arcanine|Extreme Speed|p1a: Iron Bundle\n|-damage|p1a: Iron Bundle|0 fnt\n|faint|p1a: Iron Bundle\n|-end|p1a: Iron Bundle|Quark Drive|[silent]\n|move|p1b: Abomasnow|Blizzard|p2a: Arcanine|[spread] p2a,p2b\n|-resisted|p2a: Arcanine\n|-damage|p2a: Arcanine|30\/100\n|-damage|p2b: Iron Hands|23\/100\n|-status|p2b: Iron Hands|frz\n|cant|p2b: Iron Hands|frz\n|\n|-weather|Snow|[upkeep]\n|upkeep\n|turn|7\n|\n|t:|1683637014\n|move|p2a: Arcanine|Extreme Speed|p1b: Abomasnow\n|-damage|p1b: Abomasnow|33\/100\n|move|p1b: Abomasnow|Blizzard|p2b: Iron Hands|[spread] p2a,p2b\n|-resisted|p2a: Arcanine\n|-damage|p2a: Arcanine|8\/100\n|-damage|p2b: Iron Hands|9\/100 frz\n|cant|p2b: Iron Hands|frz\n|\n|-weather|none\n|upkeep\n|turn|8\n|\n|t:|1683637033\n|move|p2a: Arcanine|Extreme Speed|p1b: Abomasnow\n|-damage|p1b: Abomasnow|8\/100\n|move|p1b: Abomasnow|Blizzard|p2a: Arcanine|[spread] \n|-miss|p1b: Abomasnow|p2a: Arcanine\n|-miss|p1b: Abomasnow|p2b: Iron Hands\n|cant|p2b: Iron Hands|frz\n|\n|upkeep\n|turn|9\n|\n|t:|1683637049\n|move|p2a: Arcanine|Extreme Speed|p1b: Abomasnow\n|-damage|p1b: Abomasnow|0 fnt\n|faint|p1b: Abomasnow\n|\n|win|L-DNSZ\n|raw|sd08123483's rating: 1116 → 1093<\/strong> (-23 for losing)\n|raw|L-DNSZ's rating: 1141 → 1164<\/strong> (+23 for winning)\n","uploadtime":1683637236,"views":11,"p1id":"sd08123483","p2id":"ldnsz","formatid":"gen9vgc2023regulationc","rating":1093,"private":0,"password":""}