{"id":"gen9vgc2023regulationc-1854223114","p1":"guantoblu","p2":"Cilan123","format":"[Gen 9] VGC 2023 Regulation C","log":"|j|\u2606guantoblu\n|j|\u2606Cilan123\n|t:|1682785477\n|gametype|doubles\n|player|p1|guantoblu|265|1182\n|player|p2|Cilan123|102|1147\n|teamsize|p1|6\n|teamsize|p2|6\n|gen|9\n|tier|[Gen 9] VGC 2023 Regulation C\n|rated|\n|rule|Species Clause: Limit one of each Pok\u00e9mon\n|rule|Item Clause: Limit one of each item\n|clearpoke\n|poke|p1|Garchomp, L50, F|\n|poke|p1|Tyranitar, L50, F|\n|poke|p1|Oranguru, L50, M|\n|poke|p1|Skeledirge, L50, M|\n|poke|p1|Lycanroc, L50, M|\n|poke|p1|Gastrodon, L50, F|\n|poke|p2|Arboliva, L50, M|\n|poke|p2|Maushold, L50|\n|poke|p2|Annihilape, L50, F|\n|poke|p2|Flutter Mane, L50|\n|poke|p2|Chi-Yu, L50|\n|poke|p2|Palafin, L50, M|\n|teampreview|4\nCilan123 has agreed to open team sheets.\nguantoblu has agreed to open team sheets.\n|\n|t:|1682785539\n|start\n|switch|p1a: Garchomp|Garchomp, L50, F|100\/100\n|switch|p1b: Oranguru|Oranguru, L50, M|100\/100\n|switch|p2a: Super Happy Tree|Arboliva, L50, M|100\/100\n|switch|p2b: Annihilape|Annihilape, L50, F|100\/100\n|turn|1\n|\n|t:|1682785568\n|move|p1a: Garchomp|Earthquake|p2b: Annihilape|[spread] p2a,p2b\n|-activate|p1b: Oranguru|ability: Telepathy\n|-resisted|p2a: Super Happy Tree\n|-damage|p2a: Super Happy Tree|82\/100\n|-damage|p2b: Annihilape|64\/100\n|-fieldstart|move: Grassy Terrain|[from] ability: Seed Sower|[of] p2a: Super Happy Tree\n|move|p2b: Annihilape|Bulk Up|p2b: Annihilape\n|-boost|p2b: Annihilape|atk|1\n|-boost|p2b: Annihilape|def|1\n|move|p1b: Oranguru|Instruct|p1a: Garchomp\n|-singleturn|p1a: Garchomp|move: Instruct|[of] p1b: Oranguru\n|move|p1a: Garchomp|Earthquake|p2a: Super Happy Tree|[spread] p2a,p2b\n|-activate|p1b: Oranguru|ability: Telepathy\n|-resisted|p2a: Super Happy Tree\n|-damage|p2a: Super Happy Tree|72\/100\n|-damage|p2b: Annihilape|51\/100\n|move|p2a: Super Happy Tree|Hyper Voice|p1a: Garchomp|[spread] p1a,p1b\n|-damage|p1a: Garchomp|60\/100\n|-damage|p1b: Oranguru|70\/100\n|\n|-heal|p1a: Garchomp|66\/100|[from] Grassy Terrain\n|-heal|p2b: Annihilape|57\/100|[from] Grassy Terrain\n|-heal|p2b: Annihilape|63\/100|[from] item: Leftovers\n|-heal|p1b: Oranguru|76\/100|[from] Grassy Terrain\n|-heal|p2a: Super Happy Tree|78\/100|[from] Grassy Terrain\n|upkeep\n|turn|2\n|\n|t:|1682785602\n|switch|p1a: Skeledirge|Skeledirge, L50, M|100\/100\n|move|p2b: Annihilape|Drain Punch|p1b: Oranguru\n|-damage|p1b: Oranguru|37\/100\n|-heal|p2b: Annihilape|82\/100|[from] drain|[of] p1b: Oranguru\n|move|p2a: Super Happy Tree|Pollen Puff|p2b: Annihilape\n|-heal|p2b: Annihilape|100\/100\n|move|p1b: Oranguru|Trick Room|p1b: Oranguru\n|-fieldstart|move: Trick Room|[of] p1b: Oranguru\n|\n|-heal|p2a: Super Happy Tree|84\/100|[from] Grassy Terrain\n|-heal|p1b: Oranguru|43\/100|[from] Grassy Terrain\n|upkeep\n|turn|3\n|\n|t:|1682785623\n|-terastallize|p1a: Skeledirge|Normal\n|move|p2a: Super Happy Tree|Protect|p2a: Super Happy Tree\n|-singleturn|p2a: Super Happy Tree|Protect\n|move|p1b: Oranguru|Thunderbolt|p2b: Annihilape\n|-damage|p2b: Annihilape|85\/100\n|move|p1a: Skeledirge|Torch Song|p2a: Super Happy Tree\n|-activate|p2a: Super Happy Tree|move: Protect\n|move|p2b: Annihilape|Rage Fist|p1a: Skeledirge\n|-immune|p1a: Skeledirge\n|\n|-heal|p2a: Super Happy Tree|90\/100|[from] Grassy Terrain\n|-heal|p1b: Oranguru|49\/100|[from] Grassy Terrain\n|-heal|p2b: Annihilape|91\/100|[from] Grassy Terrain\n|-heal|p2b: Annihilape|97\/100|[from] item: Leftovers\n|upkeep\n|turn|4\n|c|\u2606Cilan123|Nice play\n|\n|t:|1682785647\n|switch|p2a: Palafin|Palafin, L50, M|100\/100\n|move|p1b: Oranguru|Instruct|p1a: Skeledirge\n|-singleturn|p1a: Skeledirge|move: Instruct|[of] p1b: Oranguru\n|move|p1a: Skeledirge|Torch Song|p2a: Palafin\n|-resisted|p2a: Palafin\n|-damage|p2a: Palafin|70\/100\n|-boost|p1a: Skeledirge|spa|1\n|-enditem|p1a: Skeledirge|Throat Spray\n|-boost|p1a: Skeledirge|spa|1|[from] item: Throat Spray\n|move|p1a: Skeledirge|Shadow Ball|p2b: Annihilape\n|-supereffective|p2b: Annihilape\n|-damage|p2b: Annihilape|0 fnt\n|faint|p2b: Annihilape\n|\n|-heal|p1b: Oranguru|55\/100|[from] Grassy Terrain\n|-heal|p2a: Palafin|76\/100|[from] Grassy Terrain\n|upkeep\n|\n|t:|1682785666\n|switch|p2b: Maushold|Maushold, L50|100\/100\n|turn|5\n|\n|t:|1682785683\n|move|p2b: Maushold|Follow Me|p2b: Maushold\n|-singleturn|p2b: Maushold|move: Follow Me\n|move|p1b: Oranguru|Thunderbolt|p2b: Maushold\n|-damage|p2b: Maushold|73\/100\n|move|p1a: Skeledirge|Hyper Voice|p2b: Maushold|[spread] p2a,p2b\n|-damage|p2a: Palafin|5\/100\n|-damage|p2b: Maushold|0 fnt\n|faint|p2b: Maushold\n|move|p2a: Palafin|Close Combat|p1a: Skeledirge\n|-supereffective|p1a: Skeledirge\n|-damage|p1a: Skeledirge|47\/100\n|-unboost|p2a: Palafin|def|1\n|-unboost|p2a: Palafin|spd|1\n|-enditem|p2a: Palafin|Eject Pack\n|\n|t:|1682785694\n|detailschange|p2a: Palafin|Palafin-Hero, L50, M\n|switch|p2a: Super Happy Tree|Arboliva, L50, M|90\/100\n|\n|-heal|p2a: Super Happy Tree|96\/100|[from] Grassy Terrain\n|-heal|p1b: Oranguru|61\/100|[from] Grassy Terrain\n|-heal|p1a: Skeledirge|54\/100|[from] Grassy Terrain\n|-fieldend|move: Grassy Terrain\n|upkeep\n|\n|t:|1682785701\n|switch|p2b: Palafin|Palafin-Hero, L50, M|5\/100\n|-activate|p2b: Palafin|ability: Zero to Hero\n|turn|6\n|\n|t:|1682785723\n|switch|p1b: Garchomp|Garchomp, L50, F|66\/100\n|-terastallize|p2a: Super Happy Tree|Water\n|move|p2b: Palafin|Protect|p2b: Palafin\n|-singleturn|p2b: Palafin|Protect\n|move|p2a: Super Happy Tree|Giga Drain|p1a: Skeledirge\n|-damage|p1a: Skeledirge|9\/100\n|-heal|p2a: Super Happy Tree|100\/100|[from] drain|[of] p1a: Skeledirge\n|move|p1a: Skeledirge|Hyper Voice|p2b: Palafin|[spread] p2a\n|-activate|p2b: Palafin|move: Protect\n|-damage|p2a: Super Happy Tree|40\/100\n|-fieldstart|move: Grassy Terrain|[from] ability: Seed Sower|[of] p2a: Super Happy Tree\n|-enditem|p2a: Super Happy Tree|Sitrus Berry|[eat]\n|-heal|p2a: Super Happy Tree|65\/100|[from] item: Sitrus Berry\n|\n|-heal|p2a: Super Happy Tree|71\/100|[from] Grassy Terrain\n|-heal|p1a: Skeledirge|15\/100|[from] Grassy Terrain\n|-heal|p2b: Palafin|11\/100|[from] Grassy Terrain\n|-heal|p1b: Garchomp|72\/100|[from] Grassy Terrain\n|-fieldend|move: Trick Room\n|upkeep\n|turn|7\n|\n|t:|1682785759\n|switch|p1a: Gastrodon|Gastrodon, L50, F|100\/100\n|move|p2b: Palafin|Protect||[still]\n|-fail|p2b: Palafin\n|move|p1b: Garchomp|Poison Jab|p2b: Palafin\n|-damage|p2b: Palafin|0 fnt\n|faint|p2b: Palafin\n|move|p2a: Super Happy Tree|Giga Drain|p1b: Garchomp\n|-damage|p1b: Garchomp|7\/100\n|-heal|p2a: Super Happy Tree|100\/100|[from] drain|[of] p1b: Garchomp\n|\n|-heal|p1b: Garchomp|13\/100|[from] Grassy Terrain\n|upkeep\n|turn|8\n|\n|t:|1682785777\n|move|p1b: Garchomp|Poison Jab|p2a: Super Happy Tree\n|-damage|p2a: Super Happy Tree|73\/100\n|move|p2a: Super Happy Tree|Giga Drain|p1b: Garchomp\n|-damage|p1b: Garchomp|0 fnt\n|-heal|p2a: Super Happy Tree|79\/100|[from] drain|[of] p1b: Garchomp\n|faint|p1b: Garchomp\n|move|p1a: Gastrodon|Icy Wind|p2a: Super Happy Tree\n|-resisted|p2a: Super Happy Tree\n|-damage|p2a: Super Happy Tree|72\/100\n|-unboost|p2a: Super Happy Tree|spe|1\n|\n|-heal|p2a: Super Happy Tree|78\/100|[from] Grassy Terrain\n|upkeep\n|\n|t:|1682785790\n|switch|p1b: Skeledirge|Skeledirge, L50, M, tera:Normal|15\/100\n|turn|9\n|\n|t:|1682785799\n|move|p1b: Skeledirge|Protect|p1b: Skeledirge\n|-singleturn|p1b: Skeledirge|Protect\n|move|p1a: Gastrodon|Icy Wind|p2a: Super Happy Tree\n|-resisted|p2a: Super Happy Tree\n|-damage|p2a: Super Happy Tree|71\/100\n|-unboost|p2a: Super Happy Tree|spe|1\n|move|p2a: Super Happy Tree|Giga Drain|p1b: Skeledirge\n|-activate|p1b: Skeledirge|move: Protect\n|\n|-heal|p1b: Skeledirge|21\/100|[from] Grassy Terrain\n|-heal|p2a: Super Happy Tree|77\/100|[from] Grassy Terrain\n|upkeep\n|turn|10\n|c|\u2606Cilan123|Nice read\n|\n|t:|1682785821\n|move|p1b: Skeledirge|Torch Song|p2a: Super Happy Tree\n|-resisted|p2a: Super Happy Tree\n|-damage|p2a: Super Happy Tree|57\/100\n|-boost|p1b: Skeledirge|spa|1\n|move|p1a: Gastrodon|Icy Wind|p2a: Super Happy Tree\n|-resisted|p2a: Super Happy Tree\n|-damage|p2a: Super Happy Tree|49\/100\n|-unboost|p2a: Super Happy Tree|spe|1\n|move|p2a: Super Happy Tree|Giga Drain|p1a: Gastrodon\n|-supereffective|p1a: Gastrodon\n|-damage|p1a: Gastrodon|0 fnt\n|-heal|p2a: Super Happy Tree|100\/100|[from] drain|[of] p1a: Gastrodon\n|faint|p1a: Gastrodon\n|\n|-heal|p1b: Skeledirge|28\/100|[from] Grassy Terrain\n|-fieldend|move: Grassy Terrain\n|upkeep\n|\n|t:|1682785836\n|switch|p1a: Oranguru|Oranguru, L50, M|61\/100\n|turn|11\n|\n|t:|1682785848\n|move|p1b: Skeledirge|Shadow Ball|p2a: Super Happy Tree\n|-damage|p2a: Super Happy Tree|48\/100\n|-fieldstart|move: Grassy Terrain|[from] ability: Seed Sower|[of] p2a: Super Happy Tree\n|move|p1a: Oranguru|Thunderbolt|p2a: Super Happy Tree\n|-supereffective|p2a: Super Happy Tree\n|-damage|p2a: Super Happy Tree|10\/100\n|move|p2a: Super Happy Tree|Giga Drain|p1b: Skeledirge\n|-damage|p1b: Skeledirge|0 fnt\n|-heal|p2a: Super Happy Tree|26\/100|[from] drain|[of] p1b: Skeledirge\n|faint|p1b: Skeledirge\n|\n|-heal|p1a: Oranguru|67\/100|[from] Grassy Terrain\n|-heal|p2a: Super Happy Tree|32\/100|[from] Grassy Terrain\n|upkeep\n|turn|12\n|c|\u2606Cilan123|Your team is cool and you played super well.\n|\n|t:|1682785863\n|move|p2a: Super Happy Tree|Protect|p2a: Super Happy Tree\n|-singleturn|p2a: Super Happy Tree|Protect\n|move|p1a: Oranguru|Thunderbolt|p2a: Super Happy Tree\n|-activate|p2a: Super Happy Tree|move: Protect\n|\n|-heal|p1a: Oranguru|73\/100|[from] Grassy Terrain\n|-heal|p2a: Super Happy Tree|38\/100|[from] Grassy Terrain\n|upkeep\n|turn|13\n|\n|t:|1682785880\n|move|p1a: Oranguru|Thunderbolt|p2a: Super Happy Tree\n|-supereffective|p2a: Super Happy Tree\n|-damage|p2a: Super Happy Tree|2\/100\n|move|p2a: Super Happy Tree|Giga Drain|p1a: Oranguru\n|-damage|p1a: Oranguru|28\/100\n|-heal|p2a: Super Happy Tree|26\/100|[from] drain|[of] p1a: Oranguru\n|\n|-heal|p1a: Oranguru|35\/100|[from] Grassy Terrain\n|-heal|p2a: Super Happy Tree|32\/100|[from] Grassy Terrain\n|upkeep\n|turn|14\n|\n|t:|1682785892\n|move|p2a: Super Happy Tree|Protect|p2a: Super Happy Tree\n|-singleturn|p2a: Super Happy Tree|Protect\n|move|p1a: Oranguru|Thunderbolt|p2a: Super Happy Tree\n|-activate|p2a: Super Happy Tree|move: Protect\n|\n|-heal|p1a: Oranguru|41\/100|[from] Grassy Terrain\n|-heal|p2a: Super Happy Tree|38\/100|[from] Grassy Terrain\n|upkeep\n|turn|15\n|\n|t:|1682785901\n|move|p1a: Oranguru|Thunderbolt|p2a: Super Happy Tree\n|-supereffective|p2a: Super Happy Tree\n|-damage|p2a: Super Happy Tree|2\/100\n|move|p2a: Super Happy Tree|Giga Drain|p1a: Oranguru\n|-damage|p1a: Oranguru|0 fnt\n|-heal|p2a: Super Happy Tree|24\/100|[from] drain|[of] p1a: Oranguru\n|faint|p1a: Oranguru\n|\n|win|Cilan123\n|raw|guantoblu's rating: 1182 → 1154<\/strong> (-28 for losing)\n|raw|Cilan123's rating: 1147 → 1175<\/strong> (+28 for winning)\n|c|\u2606Cilan123|Holy crap\n|c|\u2606Cilan123|lol gg\n","uploadtime":1682785920,"views":26,"p1id":"guantoblu","p2id":"cilan123","formatid":"gen9vgc2023regulationc","rating":1154,"private":0,"password":""}