{"id":"gen9vgc2023regulationc-1849491245","p1":"Sophie Lumina","p2":"LUMOO","format":"[Gen 9] VGC 2023 Regulation C","log":"|j|\u2606Sophie Lumina\n|j|\u2606LUMOO\n|t:|1682204743\n|gametype|doubles\n|player|p1|Sophie Lumina|iono|1167\n|player|p2|LUMOO|101|1212\n|teamsize|p1|6\n|teamsize|p2|6\n|gen|9\n|tier|[Gen 9] VGC 2023 Regulation C\n|rated|\n|rule|Species Clause: Limit one of each Pok\u00e9mon\n|rule|Item Clause: Limit one of each item\n|clearpoke\n|poke|p1|Volcarona, L50, M|\n|poke|p1|Bellibolt, L50, F|\n|poke|p1|Glimmora, L50, M|\n|poke|p1|Orthworm, L50, F|\n|poke|p1|Dragonite, L50, F|\n|poke|p1|Great Tusk, L50|\n|poke|p2|Scream Tail, L50|\n|poke|p2|Flutter Mane, L50|\n|poke|p2|Gothitelle, L50, M|\n|poke|p2|Wo-Chien, L50|\n|poke|p2|Slither Wing, L50|\n|poke|p2|Ting-Lu, L50|\n|teampreview|4\n|\n|t:|1682204776\n|start\n|switch|p1a: Volcarona|Volcarona, L50, M|100\/100\n|switch|p1b: Great Tusk|Great Tusk, L50|100\/100\n|switch|p2a: Gothitelle|Gothitelle, L50, M|100\/100\n|switch|p2b: Scream Tail|Scream Tail, L50, shiny|100\/100\n|-enditem|p2b: Scream Tail|Booster Energy\n|-activate|p2b: Scream Tail|ability: Protosynthesis|[fromitem]\n|-start|p2b: Scream Tail|protosynthesisspe\n|-enditem|p1b: Great Tusk|Booster Energy\n|-activate|p1b: Great Tusk|ability: Protosynthesis|[fromitem]\n|-start|p1b: Great Tusk|protosynthesisatk\n|turn|1\n|\n|t:|1682204796\n|move|p2a: Gothitelle|Fake Out|p1b: Great Tusk\n|-damage|p1b: Great Tusk|97\/100\n|move|p2b: Scream Tail|Perish Song|p2b: Scream Tail\n|-start|p1a: Volcarona|perish3|[silent]\n|-start|p1b: Great Tusk|perish3|[silent]\n|-start|p2a: Gothitelle|perish3|[silent]\n|-start|p2b: Scream Tail|perish3|[silent]\n|-fieldactivate|move: Perish Song\n|move|p1a: Volcarona|Struggle Bug|p2b: Scream Tail|[spread] p2a,p2b\n|-supereffective|p2a: Gothitelle\n|-damage|p2a: Gothitelle|69\/100\n|-damage|p2b: Scream Tail|87\/100\n|-unboost|p2a: Gothitelle|spa|1\n|-unboost|p2b: Scream Tail|spa|1\n|cant|p1b: Great Tusk|flinch\n|\n|-start|p2b: Scream Tail|perish3\n|-start|p1a: Volcarona|perish3\n|-start|p1b: Great Tusk|perish3\n|-start|p2a: Gothitelle|perish3\n|upkeep\n|turn|2\n|\n|t:|1682204817\n|move|p2b: Scream Tail|Protect|p2b: Scream Tail\n|-singleturn|p2b: Scream Tail|Protect\n|move|p2a: Gothitelle|Protect|p2a: Gothitelle\n|-singleturn|p2a: Gothitelle|Protect\n|move|p1a: Volcarona|Struggle Bug|p2a: Gothitelle|[spread] \n|-activate|p2a: Gothitelle|move: Protect\n|-activate|p2b: Scream Tail|move: Protect\n|move|p1b: Great Tusk|Knock Off|p2a: Gothitelle\n|-activate|p2a: Gothitelle|move: Protect\n|\n|-start|p2b: Scream Tail|perish2\n|-start|p1a: Volcarona|perish2\n|-start|p1b: Great Tusk|perish2\n|-start|p2a: Gothitelle|perish2\n|upkeep\n|turn|3\n|\n|t:|1682204840\n|move|p2b: Scream Tail|Disable|p1b: Great Tusk\n|-start|p1b: Great Tusk|Disable|Knock Off\n|move|p1a: Volcarona|Struggle Bug|p2b: Scream Tail|[spread] p2a,p2b\n|-supereffective|p2a: Gothitelle\n|-crit|p2a: Gothitelle\n|-damage|p2a: Gothitelle|18\/100\n|-damage|p2b: Scream Tail|71\/100\n|-unboost|p2a: Gothitelle|spa|1\n|-unboost|p2b: Scream Tail|spa|1\n|-enditem|p2a: Gothitelle|Sitrus Berry|[eat]\n|-heal|p2a: Gothitelle|43\/100|[from] item: Sitrus Berry\n|cant|p1b: Great Tusk|Disable|Knock Off\n|move|p2a: Gothitelle|Heal Pulse|p2b: Scream Tail\n|-heal|p2b: Scream Tail|100\/100\n|\n|-start|p2b: Scream Tail|perish1\n|-start|p1a: Volcarona|perish1\n|-start|p1b: Great Tusk|perish1\n|-start|p2a: Gothitelle|perish1\n|upkeep\n|turn|4\n|\n|t:|1682204875\n|-end|p2b: Scream Tail|Protosynthesis|[silent]\n|switch|p2b: Ting-Lu|Ting-Lu, L50|100\/100\n|-ability|p2b: Ting-Lu|Vessel of Ruin\n|switch|p2a: Wo-Chien|Wo-Chien, L50|100\/100\n|-ability|p2a: Wo-Chien|Tablets of Ruin\n|move|p1a: Volcarona|Tailwind|p1a: Volcarona\n|-sidestart|p1: Sophie Lumina|move: Tailwind\n|move|p1b: Great Tusk|Earthquake|p2b: Ting-Lu|[spread] p1a,p2a,p2b\n|-resisted|p2a: Wo-Chien\n|-damage|p1a: Volcarona|45\/100\n|-damage|p2a: Wo-Chien|86\/100\n|-damage|p2b: Ting-Lu|72\/100\n|\n|-heal|p2a: Wo-Chien|93\/100|[from] item: Leftovers\n|-start|p1a: Volcarona|perish0\n|-start|p1b: Great Tusk|perish0\n|faint|p1a: Volcarona\n|faint|p1b: Great Tusk\n|-end|p1b: Great Tusk|Protosynthesis|[silent]\n|upkeep\n|\n|t:|1682204896\n|switch|p1a: Orthworm|Orthworm, L50, F|100\/100\n|switch|p1b: Dragonite|Dragonite, L50, F|100\/100\n|turn|5\n|\n|t:|1682204918\n|switch|p2b: Gothitelle|Gothitelle, L50, M|43\/100\n|move|p2a: Wo-Chien|Protect|p2a: Wo-Chien\n|-singleturn|p2a: Wo-Chien|Protect\n|move|p1b: Dragonite|Brick Break|p2a: Wo-Chien\n|-activate|p2a: Wo-Chien|move: Protect\n|move|p1a: Orthworm|Iron Defense|p1a: Orthworm\n|-boost|p1a: Orthworm|def|2\n|\n|-heal|p2a: Wo-Chien|99\/100|[from] item: Leftovers\n|upkeep\n|turn|6\n|\n|t:|1682204940\n|-terastallize|p1b: Dragonite|Normal\n|move|p2b: Gothitelle|Fake Out|p1b: Dragonite\n|-damage|p1b: Dragonite|98\/100\n|cant|p1b: Dragonite|flinch\n|move|p1a: Orthworm|Body Press|p2a: Wo-Chien\n|-supereffective|p2a: Wo-Chien\n|-damage|p2a: Wo-Chien|33\/100\n|move|p2a: Wo-Chien|Ruination|p1a: Orthworm\n|-damage|p1a: Orthworm|50\/100\n|\n|-heal|p2a: Wo-Chien|40\/100|[from] item: Leftovers\n|upkeep\n|turn|7\n|\n|t:|1682204959\n|move|p1b: Dragonite|Extreme Speed|p2b: Gothitelle\n|-damage|p2b: Gothitelle|12\/100\n|move|p1a: Orthworm|Body Press|p2a: Wo-Chien\n|-supereffective|p2a: Wo-Chien\n|-damage|p2a: Wo-Chien|0 fnt\n|faint|p2a: Wo-Chien\n|move|p2b: Gothitelle|Heal Pulse|p2: Wo-Chien|[notarget]\n|-fail|p2b: Gothitelle\n|\n|-sideend|p1: Sophie Lumina|move: Tailwind\n|upkeep\n|\n|t:|1682204971\n|switch|p2a: Scream Tail|Scream Tail, L50, shiny|100\/100\n|turn|8\n|\n|t:|1682204991\n|-terastallize|p2a: Scream Tail|Steel\n|move|p2b: Gothitelle|Protect|p2b: Gothitelle\n|-singleturn|p2b: Gothitelle|Protect\n|move|p1b: Dragonite|Extreme Speed|p2a: Scream Tail\n|-resisted|p2a: Scream Tail\n|-damage|p2a: Scream Tail|83\/100\n|move|p2a: Scream Tail|Perish Song|p2a: Scream Tail\n|-start|p1a: Orthworm|perish3|[silent]\n|-start|p1b: Dragonite|perish3|[silent]\n|-start|p2a: Scream Tail|perish3|[silent]\n|-start|p2b: Gothitelle|perish3|[silent]\n|-fieldactivate|move: Perish Song\n|move|p1a: Orthworm|Iron Head|p2a: Scream Tail\n|-resisted|p2a: Scream Tail\n|-damage|p2a: Scream Tail|72\/100\n|\n|-start|p2a: Scream Tail|perish3\n|-start|p1b: Dragonite|perish3\n|-start|p1a: Orthworm|perish3\n|-start|p2b: Gothitelle|perish3\n|upkeep\n|turn|9\n|\n|t:|1682205022\n|move|p2a: Scream Tail|Protect|p2a: Scream Tail\n|-singleturn|p2a: Scream Tail|Protect\n|move|p2b: Gothitelle|Protect||[still]\n|-fail|p2b: Gothitelle\n|move|p1b: Dragonite|Brick Break|p2a: Scream Tail\n|-activate|p2a: Scream Tail|move: Protect\n|move|p1a: Orthworm|Body Press|p2a: Scream Tail\n|-activate|p2a: Scream Tail|move: Protect\n|\n|-start|p2a: Scream Tail|perish2\n|-start|p1b: Dragonite|perish2\n|-start|p1a: Orthworm|perish2\n|-start|p2b: Gothitelle|perish2\n|upkeep\n|turn|10\n|\n|t:|1682205045\n|move|p2a: Scream Tail|Disable|p1b: Dragonite\n|-start|p1b: Dragonite|Disable|Brick Break\n|cant|p1b: Dragonite|Disable|Brick Break\n|move|p1a: Orthworm|Body Press|p2a: Scream Tail\n|-supereffective|p2a: Scream Tail\n|-damage|p2a: Scream Tail|0 fnt\n|faint|p2a: Scream Tail\n|-end|p2a: Scream Tail|Protosynthesis|[silent]\n|move|p2b: Gothitelle|Heal Pulse|p2: Scream Tail|[notarget]\n|-fail|p2b: Gothitelle\n|\n|-start|p1b: Dragonite|perish1\n|-start|p1a: Orthworm|perish1\n|-start|p2b: Gothitelle|perish1\n|upkeep\n|\n|t:|1682205060\n|switch|p2a: Ting-Lu|Ting-Lu, L50|72\/100\n|-ability|p2a: Ting-Lu|Vessel of Ruin\n|turn|11\n|\n|t:|1682205070\n|move|p2b: Gothitelle|Protect|p2b: Gothitelle\n|-singleturn|p2b: Gothitelle|Protect\n|move|p1b: Dragonite|Ice Spinner|p2a: Ting-Lu\n|-supereffective|p2a: Ting-Lu\n|-damage|p2a: Ting-Lu|36\/100\n|move|p1a: Orthworm|Body Press|p2a: Ting-Lu\n|-supereffective|p2a: Ting-Lu\n|-damage|p2a: Ting-Lu|0 fnt\n|faint|p2a: Ting-Lu\n|\n|-start|p1b: Dragonite|perish0\n|-start|p2b: Gothitelle|perish0\n|-start|p1a: Orthworm|perish0\n|faint|p1b: Dragonite\n|faint|p2b: Gothitelle\n|faint|p1a: Orthworm\n|\n|win|Sophie Lumina\n|upkeep\n|raw|Sophie Lumina's rating: 1167 → 1195<\/strong> (+28 for winning)\n|raw|LUMOO's rating: 1212 → 1184<\/strong> (-28 for losing)\n|l|\u2606LUMOO\n","uploadtime":1682205092,"views":11,"p1id":"sophielumina","p2id":"lumoo","formatid":"gen9vgc2023regulationc","rating":1184,"private":0,"password":""}