{"id":"gen9vgc2023regulationc-1862389957","p1":"iojsoijra","p2":"Realplayer 8","format":"[Gen 9] VGC 2023 Regulation C","log":"|j|\u2606iojsoijra\n|j|\u2606Realplayer 8\n|t:|1683877990\n|gametype|doubles\n|player|p1|iojsoijra|lady|1106\n|player|p2|Realplayer 8|101|1000\n|teamsize|p1|5\n|teamsize|p2|6\n|gen|9\n|tier|[Gen 9] VGC 2023 Regulation C\n|rated|\n|rule|Species Clause: Limit one of each Pok\u00e9mon\n|rule|Item Clause: Limit one of each item\n|clearpoke\n|poke|p1|Tatsugiri-Stretchy, L50, M|\n|poke|p1|Dondozo, L50, F|\n|poke|p1|Corviknight, L50, M|\n|poke|p1|Florges-White, L50, F|\n|poke|p1|Iron Hands, L50|\n|poke|p2|Basculin, L50, M|\n|poke|p2|Barraskewda, L50, M|\n|poke|p2|Coalossal, L50, M|\n|poke|p2|Dragapult, L50, M|\n|poke|p2|Maushold-Four, L50|\n|poke|p2|Lucario, L50, M|\n|teampreview|4\n|inactive|Battle timer is ON: inactive players will automatically lose when time's up. (requested by Realplayer 8)\niojsoijra rejected open team sheets.\n|inactive|iojsoijra has 60 seconds left.\n|\n|t:|1683878055\n|start\n|switch|p1a: Iron Hands|Iron Hands, L50|100\/100\n|switch|p1b: Dondozo|Dondozo, L50, F, shiny|100\/100\n|switch|p2a: Maushold|Maushold-Four, L50, shiny|100\/100\n|switch|p2b: Lucario|Lucario, L50, M, shiny|100\/100\n|turn|1\n|inactive|iojsoijra has 30 seconds left.\n|inactive|iojsoijra has 20 seconds left.\n|\n|t:|1683878092\n|move|p1a: Iron Hands|Fake Out|p2a: Maushold\n|-damage|p2a: Maushold|82\/100\n|cant|p2a: Maushold|flinch\n|move|p2b: Lucario|Trailblaze|p1b: Dondozo\n|-supereffective|p1b: Dondozo\n|-damage|p1b: Dondozo|79\/100\n|-boost|p2b: Lucario|spe|1\n|move|p1b: Dondozo|Wave Crash|p2b: Lucario\n|-damage|p2b: Lucario|14\/100\n|-damage|p1b: Dondozo|62\/100|[from] Recoil\n|\n|upkeep\n|turn|2\n|inactive|iojsoijra has 30 seconds left.\n|inactive|Realplayer 8 has 30 seconds left.\n|inactive|iojsoijra has 20 seconds left.\n|inactive|Realplayer 8 has 20 seconds left.\n|\n|t:|1683878136\n|-terastallize|p1a: Iron Hands|Flying\n|move|p1b: Dondozo|Protect|p1b: Dondozo\n|-singleturn|p1b: Dondozo|Protect\n|move|p2b: Lucario|Drain Punch|p1a: Iron Hands\n|-resisted|p1a: Iron Hands\n|-damage|p1a: Iron Hands|87\/100\n|-heal|p2b: Lucario|25\/100|[from] drain|[of] p1a: Iron Hands\n|move|p2a: Maushold|Beat Up|p2b: Lucario\n|-resisted|p2b: Lucario\n|-crit|p2b: Lucario\n|-damage|p2b: Lucario|22\/100\n|-ability|p2b: Lucario|Justified|boost\n|-boost|p2b: Lucario|atk|1\n|-resisted|p2b: Lucario\n|-damage|p2b: Lucario|19\/100\n|-ability|p2b: Lucario|Justified|boost\n|-boost|p2b: Lucario|atk|1\n|-resisted|p2b: Lucario\n|-damage|p2b: Lucario|16\/100\n|-ability|p2b: Lucario|Justified|boost\n|-boost|p2b: Lucario|atk|1\n|-resisted|p2b: Lucario\n|-damage|p2b: Lucario|14\/100\n|-ability|p2b: Lucario|Justified|boost\n|-boost|p2b: Lucario|atk|1\n|-hitcount|p2b: Lucario|4\n|move|p1a: Iron Hands|Drain Punch|p2b: Lucario\n|-supereffective|p2b: Lucario\n|-damage|p2b: Lucario|0 fnt\n|-heal|p1a: Iron Hands|91\/100|[from] drain|[of] p2b: Lucario\n|faint|p2b: Lucario\n|\n|upkeep\n|inactive|Realplayer 8 has 30 seconds left.\n|\n|t:|1683878167\n|switch|p2b: Barraskewda|Barraskewda, L50, M, shiny|100\/100\n|turn|3\n|\n|t:|1683878183\n|-end|p1a: Iron Hands|Quark Drive|[silent]\n|switch|p1a: Tatsugiri|Tatsugiri-Stretchy, L50, M|100\/100\n|-activate|p1a: Tatsugiri|ability: Commander|[of] p1b: Dondozo\n|-boost|p1b: Dondozo|atk|2\n|-boost|p1b: Dondozo|spa|2\n|-boost|p1b: Dondozo|spe|2\n|-boost|p1b: Dondozo|def|2\n|-boost|p1b: Dondozo|spd|2\n|move|p2a: Maushold|Follow Me|p2a: Maushold\n|-singleturn|p2a: Maushold|move: Follow Me\n|move|p2b: Barraskewda|Rain Dance|p2b: Barraskewda\n|-weather|RainDance\n|move|p1b: Dondozo|Earthquake|p2a: Maushold|[spread] p2a,p2b\n|-miss|p1b: Dondozo|p1a: Tatsugiri\n|-damage|p2a: Maushold|23\/100\n|-damage|p2b: Barraskewda|12\/100\n|\n|-weather|RainDance|[upkeep]\n|upkeep\n|turn|4\n|inactive|Realplayer 8 has 30 seconds left.\n|inactive|Realplayer 8 has 20 seconds left.\n|inactive|Realplayer 8 has 15 seconds left.\n|inactive|Realplayer 8 has 10 seconds left.\n|inactive|Realplayer 8 has 5 seconds left.\n|\n|t:|1683878238\n|move|p2b: Barraskewda|Rain Dance||[still]\n|-fail|p2b: Barraskewda\n|move|p2a: Maushold|Beat Up|p1a: Tatsugiri|[miss]\n|-miss|p2a: Maushold|p1a: Tatsugiri\n|move|p1b: Dondozo|Earthquake|p2a: Maushold|[spread] p2a,p2b\n|-miss|p1b: Dondozo|p1a: Tatsugiri\n|-damage|p2a: Maushold|0 fnt\n|-damage|p2b: Barraskewda|0 fnt\n|faint|p2a: Maushold\n|faint|p2b: Barraskewda\n|\n|-weather|RainDance|[upkeep]\n|upkeep\n|inactive|Realplayer 8 has 30 seconds left.\n|inactive|Realplayer 8 has 20 seconds left.\n|\n|t:|1683878278\n|switch|p2b: Basculin|Basculin, L50, M, shiny|100\/100\n|turn|5\n|\n|t:|1683878285\n|move|p1b: Dondozo|Double-Edge|p2b: Basculin\n|-damage|p2b: Basculin|0 fnt\n|faint|p2b: Basculin\n|-damage|p1b: Dondozo|41\/100|[from] Recoil\n|\n|win|iojsoijra\n|raw|iojsoijra's rating: 1106 → 1124<\/strong> (+18 for winning)\n|raw|Realplayer 8's rating: 1000 → 1000<\/strong> (+0 for losing)\n","uploadtime":1683878291,"views":9,"p1id":"iojsoijra","p2id":"realplayer8","formatid":"gen9vgc2023regulationc","rating":1000,"private":0,"password":""}