{"id":"gen9vgc2023regulationc-1854306107","p1":"AnyRandomPerson","p2":"rent_b0i","format":"[Gen 9] VGC 2023 Regulation C","log":"|j|\u2606AnyRandomPerson\n|j|\u2606rent_b0i\n|t:|1682794991\n|gametype|doubles\n|player|p1|AnyRandomPerson|scientist-gen4dp|\n|player|p2|rent_b0i|crasherwake|\n|teamsize|p1|6\n|teamsize|p2|6\n|gen|9\n|tier|[Gen 9] VGC 2023 Regulation C\n|rated|Tournament battle\n|rule|Species Clause: Limit one of each Pok\u00e9mon\n|rule|Item Clause: Limit one of each item\n|clearpoke\n|poke|p1|Wo-Chien, L50|\n|poke|p1|Glimmora, L50, M|\n|poke|p1|Flutter Mane, L50|\n|poke|p1|Palafin, L50, F|\n|poke|p1|Gothitelle, L50, M|\n|poke|p1|Arcanine, L50, F|\n|poke|p2|Palafin, L50, M|\n|poke|p2|Flutter Mane, L50|\n|poke|p2|Arcanine, L50, F|\n|poke|p2|Ting-Lu, L50|\n|poke|p2|Amoonguss, L50, M|\n|poke|p2|Kingambit, L50, M|\n|teampreview|4\n|inactive|Battle timer is ON: inactive players will automatically lose when time's up. (requested by rent_b0i)\n|j| RiotJuice\n|c|\u2606rent_b0i|finals?\n|c|\u2606AnyRandomPerson|yeah :)\n|c|\u2606rent_b0i|and i have to give a live wo-chien reaction?\n|inactive|rent_b0i has 60 seconds left.\n|c|\u2606AnyRandomPerson|good luck!\n|c|\u2606AnyRandomPerson|hahaha\n|c|\u2606AnyRandomPerson|yeah\n|c|\u2606AnyRandomPerson|wo chien is so good\n|\n|t:|1682795043\n|start\n|switch|p1a: volitantem iuba|Flutter Mane, L50|100\/100\n|switch|p1b: folium cochlea|Wo-Chien, L50|100\/100\n|switch|p2a: Palafin|Palafin, L50, M|100\/100\n|switch|p2b: Flutter Mane|Flutter Mane, L50|100\/100\n|-ability|p1b: folium cochlea|Tablets of Ruin\n|-enditem|p2b: Flutter Mane|Booster Energy\n|-activate|p2b: Flutter Mane|ability: Protosynthesis|[fromitem]\n|-start|p2b: Flutter Mane|protosynthesisspa\n|-enditem|p1a: volitantem iuba|Booster Energy\n|-activate|p1a: volitantem iuba|ability: Protosynthesis|[fromitem]\n|-start|p1a: volitantem iuba|protosynthesisspe\n|turn|1\n|c|\u2606AnyRandomPerson|definitely my fave now\n|c|\u2606rent_b0i|ik i'm coward for not using\n|c|\u2606AnyRandomPerson|no ur not\n|inactive|rent_b0i has 30 seconds left.\n|c|\u2606AnyRandomPerson|use what you like\n|inactive|rent_b0i has 20 seconds left.\n|\n|t:|1682795082\n|detailschange|p2a: Palafin|Palafin-Hero, L50, M\n|switch|p2a: Arcanine|Arcanine, L50, F|100\/100\n|-ability|p2a: Arcanine|Intimidate|boost\n|-unboost|p1a: volitantem iuba|atk|1\n|-unboost|p1b: folium cochlea|atk|1\n|switch|p1b: lapis candens|Glimmora, L50, M|100\/100\n|-terastallize|p2b: Flutter Mane|Fairy\n|move|p1a: volitantem iuba|Protect|p1a: volitantem iuba\n|-singleturn|p1a: volitantem iuba|Protect\n|move|p2b: Flutter Mane|Shadow Ball|p1a: volitantem iuba\n|-activate|p1a: volitantem iuba|move: Protect\n|\n|upkeep\n|turn|2\n|j| TooStandard4u\n|inactive|rent_b0i has 30 seconds left.\n|inactive|rent_b0i has 20 seconds left.\n|\n|t:|1682795120\n|switch|p1b: incubans psychicae|Gothitelle, L50, M|100\/100\n|-terastallize|p1a: volitantem iuba|Steel\n|move|p1a: volitantem iuba|Perish Song|p1a: volitantem iuba\n|-start|p1a: volitantem iuba|perish3|[silent]\n|-start|p1b: incubans psychicae|perish3|[silent]\n|-start|p2a: Arcanine|perish3|[silent]\n|-start|p2b: Flutter Mane|perish3|[silent]\n|-fieldactivate|move: Perish Song\n|move|p2b: Flutter Mane|Shadow Ball|p1b: incubans psychicae\n|-supereffective|p1b: incubans psychicae\n|-damage|p1b: incubans psychicae|23\/100\n|-enditem|p1b: incubans psychicae|Sitrus Berry|[eat]\n|-heal|p1b: incubans psychicae|47\/100|[from] item: Sitrus Berry\n|move|p2a: Arcanine|Flare Blitz|p1a: volitantem iuba\n|-supereffective|p1a: volitantem iuba\n|-damage|p1a: volitantem iuba|0 fnt\n|faint|p1a: volitantem iuba\n|-end|p1a: volitantem iuba|Protosynthesis|[silent]\n|-damage|p2a: Arcanine|74\/100|[from] Recoil\n|\n|-start|p2b: Flutter Mane|perish3\n|-start|p2a: Arcanine|perish3\n|-start|p1b: incubans psychicae|perish3\n|upkeep\n|\n|t:|1682795134\n|switch|p1a: lapis candens|Glimmora, L50, M|100\/100\n|turn|3\n|c|\u2606rent_b0i|lol u wild\n|\n|t:|1682795151\n|move|p1b: incubans psychicae|Fake Out|p2b: Flutter Mane\n|-damage|p2b: Flutter Mane|93\/100\n|cant|p2b: Flutter Mane|flinch\n|move|p2a: Arcanine|Flare Blitz|p1a: lapis candens\n|-resisted|p1a: lapis candens\n|-damage|p1a: lapis candens|74\/100\n|-activate|p1a: lapis candens|ability: Toxic Debris\n|-sidestart|p2: rent_b0i|move: Toxic Spikes\n|-damage|p2a: Arcanine|65\/100|[from] Recoil\n|move|p1a: lapis candens|Mortal Spin|p2b: Flutter Mane|[spread] p2a,p2b\n|-crit|p2a: Arcanine\n|-supereffective|p2b: Flutter Mane\n|-damage|p2a: Arcanine|58\/100\n|-damage|p2b: Flutter Mane|75\/100\n|-status|p2a: Arcanine|psn\n|-status|p2b: Flutter Mane|psn\n|\n|-damage|p2b: Flutter Mane|63\/100 psn|[from] psn\n|-damage|p2a: Arcanine|46\/100 psn|[from] psn\n|-start|p2b: Flutter Mane|perish2\n|-start|p2a: Arcanine|perish2\n|-start|p1b: incubans psychicae|perish2\n|upkeep\n|turn|4\n|c|\u2606AnyRandomPerson|nice read\n|c|\u2606AnyRandomPerson|I'm guessing you have seen my other games\n|c|\u2606rent_b0i|oh definitely not lol\n|inactive|rent_b0i has 30 seconds left.\n|c|\u2606AnyRandomPerson|OH\n|inactive|rent_b0i has 20 seconds left.\n|\n|t:|1682795189\n|move|p1a: lapis candens|Spiky Shield|p1a: lapis candens\n|-singleturn|p1a: lapis candens|move: Protect\n|move|p1b: incubans psychicae|Protect|p1b: incubans psychicae\n|-singleturn|p1b: incubans psychicae|Protect\n|move|p2b: Flutter Mane|Shadow Ball|p1a: lapis candens\n|-activate|p1a: lapis candens|move: Protect\n|move|p2a: Arcanine|Will-O-Wisp|p1a: lapis candens\n|-activate|p1a: lapis candens|move: Protect\n|\n|-damage|p2b: Flutter Mane|51\/100 psn|[from] psn\n|-damage|p2a: Arcanine|34\/100 psn|[from] psn\n|-start|p2b: Flutter Mane|perish1\n|-start|p2a: Arcanine|perish1\n|-start|p1b: incubans psychicae|perish1\n|upkeep\n|turn|5\n|c|\u2606AnyRandomPerson|I've been pulling that play all tournament lol\n|c|\u2606rent_b0i|its super cool\n|c|\u2606rent_b0i|seems like a great laddering option\n|c|\u2606AnyRandomPerson|ye\n|inactive|rent_b0i has 30 seconds left.\n|\n|t:|1682795218\n|move|p2b: Flutter Mane|Shadow Ball|p1b: incubans psychicae\n|-supereffective|p1b: incubans psychicae\n|-damage|p1b: incubans psychicae|0 fnt\n|faint|p1b: incubans psychicae\n|move|p2a: Arcanine|Flare Blitz|p1a: lapis candens\n|-resisted|p1a: lapis candens\n|-damage|p1a: lapis candens|47\/100\n|-activate|p1a: lapis candens|ability: Toxic Debris\n|-sidestart|p2: rent_b0i|move: Toxic Spikes\n|-damage|p2a: Arcanine|25\/100 psn|[from] Recoil\n|move|p1a: lapis candens|Sludge Bomb|p2b: Flutter Mane\n|-supereffective|p2b: Flutter Mane\n|-damage|p2b: Flutter Mane|0 fnt\n|faint|p2b: Flutter Mane\n|-end|p2b: Flutter Mane|Protosynthesis|[silent]\n|\n|-damage|p2a: Arcanine|13\/100 psn|[from] psn\n|-start|p2a: Arcanine|perish0\n|upkeep\n|faint|p2a: Arcanine\n|c|\u2606AnyRandomPerson|also leech seed+ shadow tag is ever so slightly evil\n|\n|t:|1682795239\n|switch|p2b: Palafin|Palafin-Hero, L50, M|100\/100\n|switch|p2a: Ting-Lu|Ting-Lu, L50|100\/100\n|switch|p1b: folium cochlea|Wo-Chien, L50|100\/100\n|-status|p2b: Palafin|tox\n|-activate|p2b: Palafin|ability: Zero to Hero\n|-ability|p1b: folium cochlea|Tablets of Ruin\n|-status|p2a: Ting-Lu|tox\n|-ability|p2a: Ting-Lu|Vessel of Ruin\n|turn|6\n|\n|t:|1682795254\n|move|p2b: Palafin|Protect|p2b: Palafin\n|-singleturn|p2b: Palafin|Protect\n|move|p1a: lapis candens|Spiky Shield|p1a: lapis candens\n|-singleturn|p1a: lapis candens|move: Protect\n|move|p1b: folium cochlea|Leech Seed|p2b: Palafin\n|-activate|p2b: Palafin|move: Protect\n|move|p2a: Ting-Lu|Ruination|p1b: folium cochlea\n|-damage|p1b: folium cochlea|50\/100\n|\n|-heal|p1b: folium cochlea|57\/100|[from] item: Leftovers\n|-damage|p2b: Palafin|95\/100 tox|[from] psn\n|-damage|p2a: Ting-Lu|94\/100 tox|[from] psn\n|upkeep\n|turn|7\n|inactive|AnyRandomPerson has 30 seconds left.\n|\n|t:|1682795286\n|move|p2b: Palafin|Wave Crash|p1b: folium cochlea\n|-resisted|p1b: folium cochlea\n|-damage|p1b: folium cochlea|22\/100\n|-damage|p2b: Palafin|84\/100 tox|[from] Recoil\n|move|p1a: lapis candens|Sludge Bomb|p2b: Palafin\n|-damage|p2b: Palafin|58\/100 tox\n|move|p1b: folium cochlea|Leech Seed|p2a: Ting-Lu|[miss]\n|-miss|p1b: folium cochlea|p2a: Ting-Lu\n|move|p2a: Ting-Lu|Stomping Tantrum|p1a: lapis candens\n|-supereffective|p1a: lapis candens\n|-crit|p1a: lapis candens\n|-damage|p1a: lapis candens|0 fnt\n|faint|p1a: lapis candens\n|\n|-heal|p1b: folium cochlea|29\/100|[from] item: Leftovers\n|-damage|p2b: Palafin|46\/100 tox|[from] psn\n|-damage|p2a: Ting-Lu|82\/100 tox|[from] psn\n|upkeep\n|turn|8\n|c|\u2606AnyRandomPerson|Bruh\n|c|\u2606rent_b0i|sorry lol\n|inactive|rent_b0i has 30 seconds left.\n|c|\u2606AnyRandomPerson|not ur fault\n|\n|t:|1682795316\n|move|p1b: folium cochlea|Protect|p1b: folium cochlea\n|-singleturn|p1b: folium cochlea|Protect\n|move|p2b: Palafin|Wave Crash|p1b: folium cochlea\n|-activate|p1b: folium cochlea|move: Protect\n|move|p2a: Ting-Lu|Stomping Tantrum|p1b: folium cochlea\n|-activate|p1b: folium cochlea|move: Protect\n|\n|-heal|p1b: folium cochlea|35\/100|[from] item: Leftovers\n|-damage|p2b: Palafin|29\/100 tox|[from] psn\n|-damage|p2a: Ting-Lu|64\/100 tox|[from] psn\n|upkeep\n|turn|9\n|\n|t:|1682795333\n|move|p2b: Palafin|Wave Crash|p1b: folium cochlea\n|-resisted|p1b: folium cochlea\n|-damage|p1b: folium cochlea|0 fnt\n|faint|p1b: folium cochlea\n|-damage|p2b: Palafin|18\/100 tox|[from] Recoil\n|\n|win|rent_b0i\n|n|\u2606AnyRandomPerson|anyrandomperson\n|n|\u2606rent_b0i|rentb0i\n|n| RiotJuice|riotjuice\n|n| TooStandard4u|toostandard4u\n","uploadtime":1682795335,"views":13,"p1id":"anyrandomperson","p2id":"rentb0i","formatid":"gen9vgc2023regulationc","rating":0,"private":0,"password":""}