{"id":"gen9vgc2023regulationc-1857069566","p1":"TrainerDylan24","p2":"Piccolo1010","format":"[Gen 9] VGC 2023 Regulation C","log":"|j|\u2606TrainerDylan24\n|j|\u2606Piccolo1010\n|t:|1683142789\n|gametype|doubles\n|player|p1|TrainerDylan24|grimsley|1199\n|player|p2|Piccolo1010|medium|1202\n|teamsize|p1|6\n|teamsize|p2|6\n|gen|9\n|tier|[Gen 9] VGC 2023 Regulation C\n|rated|\n|rule|Species Clause: Limit one of each Pok\u00e9mon\n|rule|Item Clause: Limit one of each item\n|clearpoke\n|poke|p1|Pincurchin, L50, M|\n|poke|p1|Iron Moth, L50|\n|poke|p1|Rotom-Wash, L50|\n|poke|p1|Baxcalibur, L50, M|\n|poke|p1|Wo-Chien, L50|\n|poke|p1|Iron Treads, L50|\n|poke|p2|Kilowattrel, L50, F|\n|poke|p2|Garchomp, L50, F|\n|poke|p2|Hydreigon, L50, M|\n|poke|p2|Lycanroc-Dusk, L50, M|\n|poke|p2|Sylveon, L50, M|\n|poke|p2|Volcarona, L50, M|\n|teampreview|4\n|\n|t:|1683142812\n|start\n|switch|p1a: Baxcalibur|Baxcalibur, L50, M|100\/100\n|switch|p1b: Rotom|Rotom-Wash, L50|100\/100\n|switch|p2a: Garchomp|Garchomp, L50, F|100\/100\n|switch|p2b: Kilowattrel|Kilowattrel, L50, F|100\/100\n|turn|1\n|\n|t:|1683142840\n|move|p2a: Garchomp|Dragon Claw|p1a: Baxcalibur\n|-supereffective|p1a: Baxcalibur\n|-damage|p1a: Baxcalibur|6\/100\n|move|p2b: Kilowattrel|Discharge|p1b: Rotom|[spread] p1a,p1b\n|-immune|p2a: Garchomp\n|-resisted|p1a: Baxcalibur\n|-damage|p1a: Baxcalibur|0 fnt\n|-damage|p1b: Rotom|50\/100\n|faint|p1a: Baxcalibur\n|move|p1b: Rotom|Will-O-Wisp|p2a: Garchomp\n|-status|p2a: Garchomp|brn\n|\n|-damage|p2a: Garchomp|94\/100 brn|[from] brn\n|upkeep\n|\n|t:|1683142855\n|switch|p1a: Pincurchin|Pincurchin, L50, M|100\/100\n|-fieldstart|move: Electric Terrain|[from] ability: Electric Surge|[of] p1a: Pincurchin\n|-enditem|p1a: Pincurchin|Electric Seed\n|-boost|p1a: Pincurchin|def|1|[from] item: Electric Seed\n|turn|2\n|\n|t:|1683142877\n|move|p2a: Garchomp|Dragon Claw|p1a: Pincurchin\n|-damage|p1a: Pincurchin|79\/100\n|move|p2b: Kilowattrel|Discharge|p1b: Rotom|[spread] p1a,p1b\n|-immune|p2a: Garchomp\n|-resisted|p1a: Pincurchin\n|-damage|p1a: Pincurchin|55\/100\n|-damage|p1b: Rotom|0 fnt\n|faint|p1b: Rotom\n|move|p1a: Pincurchin|Acupressure|p1: Rotom|[notarget]\n|-fail|p1a: Pincurchin\n|\n|-damage|p2a: Garchomp|88\/100 brn|[from] brn\n|upkeep\n|\n|t:|1683142882\n|switch|p1b: Iron Treads|Iron Treads, L50|100\/100\n|-activate|p1b: Iron Treads|ability: Quark Drive\n|-start|p1b: Iron Treads|quarkdrivespe\n|turn|3\n|\n|t:|1683142909\n|switch|p2a: Sylveon|Sylveon, L50, M|100\/100\n|-terastallize|p1b: Iron Treads|Ground\n|move|p1b: Iron Treads|Ice Spinner|p2a: Sylveon\n|-damage|p2a: Sylveon|71\/100\n|-fieldend|move: Electric Terrain\n|-end|p1b: Iron Treads|Quark Drive\n|-enditem|p1b: Iron Treads|Booster Energy\n|-activate|p1b: Iron Treads|ability: Quark Drive|[fromitem]\n|-start|p1b: Iron Treads|quarkdrivespe\n|move|p2b: Kilowattrel|Discharge|p1a: Pincurchin|[spread] p2a,p1a\n|-immune|p1b: Iron Treads\n|-resisted|p1a: Pincurchin\n|-damage|p2a: Sylveon|42\/100\n|-damage|p1a: Pincurchin|30\/100\n|move|p1a: Pincurchin|Acupressure|p1b: Iron Treads\n|-boost|p1b: Iron Treads|def|2\n|\n|upkeep\n|turn|4\n|\n|t:|1683142932\n|move|p2a: Sylveon|Helping Hand|p2b: Kilowattrel\n|-singleturn|p2b: Kilowattrel|Helping Hand|[of] p2a: Sylveon\n|move|p1b: Iron Treads|Iron Head|p2a: Sylveon\n|-supereffective|p2a: Sylveon\n|-damage|p2a: Sylveon|0 fnt\n|faint|p2a: Sylveon\n|move|p2b: Kilowattrel|Discharge|p1b: Iron Treads|[spread] p1a\n|-immune|p1b: Iron Treads\n|-resisted|p1a: Pincurchin\n|-damage|p1a: Pincurchin|0 fnt\n|faint|p1a: Pincurchin\n|\n|upkeep\n|\n|t:|1683142950\n|switch|p2a: Lycanroc|Lycanroc-Dusk, L50, M|100\/100\n|turn|5\n|\n|t:|1683142957\n|switch|p2b: Garchomp|Garchomp, L50, F|88\/100 brn\n|-terastallize|p2a: Lycanroc|Rock\n|move|p1b: Iron Treads|Iron Head|p2a: Lycanroc\n|-supereffective|p2a: Lycanroc\n|-damage|p2a: Lycanroc|0 fnt\n|faint|p2a: Lycanroc\n|\n|-damage|p2b: Garchomp|82\/100 brn|[from] brn\n|upkeep\n|\n|t:|1683142963\n|switch|p2a: Kilowattrel|Kilowattrel, L50, F|100\/100\n|turn|6\n|\n|t:|1683142978\n|move|p1b: Iron Treads|Ice Spinner|p2b: Garchomp\n|-supereffective|p2b: Garchomp\n|-damage|p2b: Garchomp|0 fnt\n|-damage|p1b: Iron Treads|88\/100|[from] ability: Rough Skin|[of] p2b: Garchomp\n|faint|p2b: Garchomp\n|move|p2a: Kilowattrel|Air Slash|p1b: Iron Treads\n|-damage|p1b: Iron Treads|16\/100\n|\n|upkeep\n|turn|7\n|\n|t:|1683142988\n|move|p1b: Iron Treads|Ice Spinner|p2a: Kilowattrel\n|-supereffective|p2a: Kilowattrel\n|-damage|p2a: Kilowattrel|0 fnt\n|faint|p2a: Kilowattrel\n|\n|win|TrainerDylan24\n|raw|TrainerDylan24's rating: 1199 → 1224<\/strong> (+25 for winning)\n|raw|Piccolo1010's rating: 1202 → 1177<\/strong> (-25 for losing)\n|l|\u2606Piccolo1010\n","uploadtime":1683142997,"views":8,"p1id":"trainerdylan24","p2id":"piccolo1010","formatid":"gen9vgc2023regulationc","rating":1177,"private":0,"password":""}