{"id":"gen9vgc2023regulationc-1855949939","p1":"FrafioRM","p2":"MetroVGC","format":"[Gen 9] VGC 2023 Regulation C","log":"|j|\u2606FrafioRM\n|j|\u2606MetroVGC\n|t:|1683005692\n|gametype|doubles\n|player|p1|FrafioRM|bertha|\n|player|p2|MetroVGC|2|\n|teamsize|p1|6\n|teamsize|p2|6\n|gen|9\n|tier|[Gen 9] VGC 2023 Regulation C\n|rated|Tournament battle\n|rule|Species Clause: Limit one of each Pok\u00e9mon\n|rule|Item Clause: Limit one of each item\n|clearpoke\n|poke|p1|Roaring Moon, L50|\n|poke|p1|Amoonguss, L50, M|\n|poke|p1|Arcanine, L50, F|\n|poke|p1|Palafin, L50, M|\n|poke|p1|Flutter Mane, L50|\n|poke|p1|Ting-Lu, L50|\n|poke|p2|Scream Tail, L50|\n|poke|p2|Gyarados, L50, M|\n|poke|p2|Ceruledge, L50, F|\n|poke|p2|Ting-Lu, L50|\n|poke|p2|Oranguru, L50, M|\n|poke|p2|Abomasnow, L50, M|\n|teampreview|4\n|raw| Open Team Sheet for FrafioRM<\/summary>Red Bull (Roaring Moon) @ Booster Energy Ability: Protosynthesis Level: 50 Tera Type: Flying - Throat Chop - Acrobatics - Dragon Dance - Protect iMoonguss (Amoonguss) (M) @ Sitrus Berry Ability: Regenerator Level: 50 Tera Type: Water - Pollen Puff - Spore - Rage Powder - Protect Amaterasu (Arcanine) (F) @ Safety Goggles Ability: Intimidate Level: 50 Tera Type: Grass - Flare Blitz - Extreme Speed - Will-O-Wisp - Protect Dolphin Man (Palafin) (M) @ Mystic Water Ability: Zero to Hero Level: 50 Shiny: Yes Tera Type: Water - Wave Crash - Jet Punch - Haze - Protect Love Deluxe (Flutter Mane) @ Choice Specs Ability: Protosynthesis Level: 50 Tera Type: Fairy - Moonblast - Shadow Ball - Dazzling Gleam - Thunderbolt Sore Luser (Ting-Lu) @ Assault Vest Ability: Vessel of Ruin Level: 50 Tera Type: Poison - Stomping Tantrum - Stone Edge - Heavy Slam - Ruination <\/details><\/div> Open Team Sheet for MetroVGC<\/summary>Scream Tail @ Booster Energy Ability: Protosynthesis Level: 50 Tera Type: Steel - Play Rough - Howl - Thunder Wave - Protect Gyarados (M) @ Sitrus Berry Ability: Intimidate Level: 50 Tera Type: Steel - Waterfall - Iron Head - Thunder Wave - Taunt Ceruledge @ Assault Vest Ability: Flash Fire Level: 50 Tera Type: Grass - Bitter Blade - Shadow Sneak - Tera Blast - Close Combat Ting-Lu @ Choice Band Ability: Vessel of Ruin Level: 50 Tera Type: Poison - Earthquake - Stomping Tantrum - Rock Slide - Throat Chop Oranguru @ Mental Herb Ability: Telepathy Level: 50 Tera Type: Steel - Foul Play - Instruct - Taunt - Trick Room Abomasnow @ Light Clay Ability: Snow Warning Level: 50 Tera Type: Water - Blizzard - Giga Drain - Aurora Veil - Protect <\/details><\/div>\n|inactive|Battle timer is ON: inactive players will automatically lose when time's up. (requested by MetroVGC)\n|inactive|MetroVGC has 60 seconds left.\n|\n|t:|1683005733\n|start\n|switch|p1a: Red Bull|Roaring Moon, L50|100\/100\n|switch|p1b: Dolphin Man|Palafin, L50, M, shiny|100\/100\n|switch|p2a: Oranguru|Oranguru, L50, M|100\/100\n|switch|p2b: Ting-Lu|Ting-Lu, L50|100\/100\n|-ability|p2b: Ting-Lu|Vessel of Ruin\n|-enditem|p1a: Red Bull|Booster Energy\n|-activate|p1a: Red Bull|ability: Protosynthesis|[fromitem]\n|-start|p1a: Red Bull|protosynthesisatk\n|turn|1\n|\n|t:|1683005748\n|detailschange|p1b: Dolphin Man|Palafin-Hero, L50, M, shiny\n|switch|p1b: iMoonguss|Amoonguss, L50, M|100\/100\n|-terastallize|p2a: Oranguru|Steel\n|move|p1a: Red Bull|Dragon Dance|p1a: Red Bull\n|-boost|p1a: Red Bull|atk|1\n|-boost|p1a: Red Bull|spe|1\n|move|p2b: Ting-Lu|Earthquake|p1a: Red Bull|[spread] p1a,p1b\n|-activate|p2a: Oranguru|ability: Telepathy\n|-damage|p1a: Red Bull|33\/100\n|-damage|p1b: iMoonguss|55\/100\n|move|p2a: Oranguru|Trick Room|p2a: Oranguru\n|-fieldstart|move: Trick Room|[of] p2a: Oranguru\n|\n|upkeep\n|turn|2\n|\n|t:|1683005771\n|switch|p2b: Abomasnow|Abomasnow, L50, M|100\/100\n|-weather|Snow|[from] ability: Snow Warning|[of] p2b: Abomasnow\n|-terastallize|p1a: Red Bull|Flying\n|move|p1b: iMoonguss|Pollen Puff|p1a: Red Bull\n|-heal|p1a: Red Bull|83\/100\n|move|p2a: Oranguru|Taunt|p1b: iMoonguss\n|-start|p1b: iMoonguss|move: Taunt\n|move|p1a: Red Bull|Acrobatics|p2b: Abomasnow\n|-supereffective|p2b: Abomasnow\n|-damage|p2b: Abomasnow|0 fnt\n|faint|p2b: Abomasnow\n|\n|-weather|Snow|[upkeep]\n|upkeep\n|\n|t:|1683005776\n|switch|p2b: Ting-Lu|Ting-Lu, L50|100\/100\n|-ability|p2b: Ting-Lu|Vessel of Ruin\n|turn|3\n|inactive|FrafioRM has 30 seconds left.\n|\n|t:|1683005806\n|move|p1b: iMoonguss|Pollen Puff|p1a: Red Bull\n|-heal|p1a: Red Bull|100\/100\n|move|p2b: Ting-Lu|Rock Slide|p1b: iMoonguss|[spread] p1a,p1b\n|-supereffective|p1a: Red Bull\n|-damage|p1a: Red Bull|39\/100\n|-damage|p1b: iMoonguss|34\/100\n|-enditem|p1b: iMoonguss|Sitrus Berry|[eat]\n|-heal|p1b: iMoonguss|59\/100|[from] item: Sitrus Berry\n|move|p2a: Oranguru|Instruct|p2b: Ting-Lu\n|-singleturn|p2b: Ting-Lu|move: Instruct|[of] p2a: Oranguru\n|move|p2b: Ting-Lu|Rock Slide|p1b: iMoonguss|[spread] p1a,p1b\n|-supereffective|p1a: Red Bull\n|-damage|p1a: Red Bull|0 fnt\n|-damage|p1b: iMoonguss|38\/100\n|faint|p1a: Red Bull\n|-end|p1a: Red Bull|Protosynthesis|[silent]\n|\n|-weather|Snow|[upkeep]\n|upkeep\n|\n|t:|1683005816\n|switch|p1a: Dolphin Man|Palafin-Hero, L50, M, shiny|100\/100\n|-activate|p1a: Dolphin Man|ability: Zero to Hero\n|turn|4\n|inactive|MetroVGC has 30 seconds left.\n|\n|t:|1683005844\n|move|p1a: Dolphin Man|Protect|p1a: Dolphin Man\n|-singleturn|p1a: Dolphin Man|Protect\n|move|p1b: iMoonguss|Pollen Puff|p2b: Ting-Lu\n|-supereffective|p2b: Ting-Lu\n|-damage|p2b: Ting-Lu|79\/100\n|move|p2b: Ting-Lu|Rock Slide|p1b: iMoonguss|[spread] p1b\n|-activate|p1a: Dolphin Man|move: Protect\n|-damage|p1b: iMoonguss|18\/100\n|move|p2a: Oranguru|Foul Play|p1a: Dolphin Man\n|-activate|p1a: Dolphin Man|move: Protect\n|\n|-weather|Snow|[upkeep]\n|upkeep\n|turn|5\n|inactive|FrafioRM has 30 seconds left.\n|\n|t:|1683005870\n|switch|p1b: Love Deluxe|Flutter Mane, L50|100\/100\n|move|p2b: Ting-Lu|Rock Slide|p1a: Dolphin Man|[spread] p1a,p1b\n|-damage|p1a: Dolphin Man|76\/100\n|-damage|p1b: Love Deluxe|52\/100\n|move|p2a: Oranguru|Foul Play|p1a: Dolphin Man\n|-damage|p1a: Dolphin Man|41\/100\n|move|p1a: Dolphin Man|Wave Crash|p2a: Oranguru\n|-damage|p2a: Oranguru|27\/100\n|-damage|p1a: Dolphin Man|17\/100|[from] Recoil\n|\n|-weather|Snow|[upkeep]\n|-fieldend|move: Trick Room\n|upkeep\n|turn|6\n|inactive|FrafioRM has 30 seconds left.\n|inactive|MetroVGC has 30 seconds left.\n|\n|t:|1683005900\n|move|p1b: Love Deluxe|Shadow Ball|p2a: Oranguru\n|-damage|p2a: Oranguru|0 fnt\n|faint|p2a: Oranguru\n|move|p1a: Dolphin Man|Wave Crash|p2b: Ting-Lu\n|-supereffective|p2b: Ting-Lu\n|-damage|p2b: Ting-Lu|0 fnt\n|faint|p2b: Ting-Lu\n|-damage|p1a: Dolphin Man|0 fnt|[from] Recoil\n|faint|p1a: Dolphin Man\n|\n|-weather|none\n|upkeep\n|\n|t:|1683005908\n|switch|p1a: iMoonguss|Amoonguss, L50, M|51\/100\n|switch|p2b: Ceruledge|Ceruledge, L50, F|100\/100\n|turn|7\n|\n|t:|1683005918\n|move|p1b: Love Deluxe|Shadow Ball|p2b: Ceruledge\n|-supereffective|p2b: Ceruledge\n|-damage|p2b: Ceruledge|31\/100\n|move|p2b: Ceruledge|Bitter Blade|p1b: Love Deluxe\n|-damage|p1b: Love Deluxe|0 fnt\n|-heal|p2b: Ceruledge|52\/100|[from] drain|[of] p1b: Love Deluxe\n|faint|p1b: Love Deluxe\n|-end|p1b: Love Deluxe|Protosynthesis|[silent]\n|move|p1a: iMoonguss|Spore|p2b: Ceruledge\n|-status|p2b: Ceruledge|slp|[from] move: Spore\n|\n|upkeep\n|turn|8\n|\n|t:|1683005927\n|cant|p2b: Ceruledge|slp\n|move|p1a: iMoonguss|Pollen Puff|p2b: Ceruledge\n|-resisted|p2b: Ceruledge\n|-damage|p2b: Ceruledge|49\/100 slp\n|\n|upkeep\n|turn|9\n|\n|t:|1683005930\n|cant|p2b: Ceruledge|slp\n|move|p1a: iMoonguss|Pollen Puff|p2b: Ceruledge\n|-resisted|p2b: Ceruledge\n|-damage|p2b: Ceruledge|47\/100 slp\n|\n|upkeep\n|turn|10\n|\n|t:|1683005936\n|cant|p2b: Ceruledge|slp\n|move|p1a: iMoonguss|Pollen Puff|p2b: Ceruledge\n|-resisted|p2b: Ceruledge\n|-damage|p2b: Ceruledge|45\/100 slp\n|\n|upkeep\n|turn|11\n|\n|t:|1683005941\n|-curestatus|p2b: Ceruledge|slp|[msg]\n|move|p2b: Ceruledge|Bitter Blade|p1a: iMoonguss\n|-supereffective|p1a: iMoonguss\n|-damage|p1a: iMoonguss|0 fnt\n|-heal|p2b: Ceruledge|76\/100|[from] drain|[of] p1a: iMoonguss\n|faint|p1a: iMoonguss\n|\n|win|MetroVGC\n|n|\u2606FrafioRM|frafiorm\n|n|\u2606MetroVGC|metrovgc\n|l|\u2606FrafioRM\n","uploadtime":1683005961,"views":15,"p1id":"frafiorm","p2id":"metrovgc","formatid":"gen9vgc2023regulationc","rating":0,"private":0,"password":""}