{"id":"gen9vgc2023regulationc-1857276638","p1":"Dr Scoob","p2":"underusedapple","format":"[Gen 9] VGC 2023 Regulation C","log":"|j|\u2606Dr Scoob\n|j|\u2606underusedapple\n|t:|1683166738\n|gametype|doubles\n|player|p1|Dr Scoob|169|1291\n|player|p2|underusedapple|266|1344\n|teamsize|p1|6\n|teamsize|p2|6\n|gen|9\n|tier|[Gen 9] VGC 2023 Regulation C\n|rated|\n|rule|Species Clause: Limit one of each Pok\u00e9mon\n|rule|Item Clause: Limit one of each item\n|clearpoke\n|poke|p1|Annihilape, L50, M|\n|poke|p1|Amoonguss, L50, F|\n|poke|p1|Baxcalibur, L50, M|\n|poke|p1|Flutter Mane, L50|\n|poke|p1|Iron Bundle, L50|\n|poke|p1|Ting-Lu, L50|\n|poke|p2|Chi-Yu, L50|\n|poke|p2|Gyarados, L50, F|\n|poke|p2|Amoonguss, L50, M|\n|poke|p2|Iron Hands, L50|\n|poke|p2|Ting-Lu, L50|\n|poke|p2|Flutter Mane, L50|\n|teampreview|4\nunderusedapple has agreed to open team sheets.\n|\n|t:|1683166820\n|start\n|switch|p1a: Ting-Lu|Ting-Lu, L50|100\/100\n|switch|p1b: Monkey Business|Annihilape, L50, M|100\/100\n|switch|p2a: Chi-Yu|Chi-Yu, L50|100\/100\n|switch|p2b: Flutter Mane|Flutter Mane, L50, shiny|100\/100\n|-ability|p2a: Chi-Yu|Beads of Ruin\n|-ability|p1a: Ting-Lu|Vessel of Ruin\n|-enditem|p2b: Flutter Mane|Booster Energy\n|-activate|p2b: Flutter Mane|ability: Protosynthesis|[fromitem]\n|-start|p2b: Flutter Mane|protosynthesisspe\n|turn|1\n|\n|t:|1683166860\n|-terastallize|p2a: Chi-Yu|Water\n|-terastallize|p1b: Monkey Business|Fire\n|move|p2b: Flutter Mane|Dazzling Gleam|p1a: Ting-Lu|[spread] p1a,p1b\n|-supereffective|p1a: Ting-Lu\n|-resisted|p1b: Monkey Business\n|-damage|p1a: Ting-Lu|71\/100\n|-damage|p1b: Monkey Business|89\/100\n|move|p2a: Chi-Yu|Tera Blast|p1b: Monkey Business\n|-supereffective|p1b: Monkey Business\n|-damage|p1b: Monkey Business|0 fnt\n|faint|p1b: Monkey Business\n|move|p1a: Ting-Lu|Heavy Slam|p2b: Flutter Mane\n|-supereffective|p2b: Flutter Mane\n|-damage|p2b: Flutter Mane|0 fnt\n|faint|p2b: Flutter Mane\n|-end|p2b: Flutter Mane|Protosynthesis|[silent]\n|\n|upkeep\n|\n|t:|1683166874\n|switch|p2b: Gyarados|Gyarados, L50, F|100\/100\n|switch|p1b: Happy Holidays|Iron Bundle, L50|100\/100\n|-ability|p2b: Gyarados|Intimidate|boost\n|-unboost|p1a: Ting-Lu|atk|1\n|-unboost|p1b: Happy Holidays|atk|1\n|-enditem|p1b: Happy Holidays|Booster Energy\n|-activate|p1b: Happy Holidays|ability: Quark Drive|[fromitem]\n|-start|p1b: Happy Holidays|quarkdrivespe\n|turn|2\n|\n|t:|1683166884\n|switch|p1a: Baxcalibur|Baxcalibur, L50, M|100\/100\n|move|p1b: Happy Holidays|Freeze-Dry|p2a: Chi-Yu\n|-supereffective|p2a: Chi-Yu\n|-damage|p2a: Chi-Yu|30\/100\n|move|p2a: Chi-Yu|Tera Blast|p1a: Baxcalibur\n|-resisted|p1a: Baxcalibur\n|-damage|p1a: Baxcalibur|60\/100\n|move|p2b: Gyarados|Thunder Wave|p1b: Happy Holidays\n|-status|p1b: Happy Holidays|par\n|\n|upkeep\n|turn|3\n|\n|t:|1683166900\n|switch|p2a: Iron Hands|Iron Hands, L50|100\/100\n|move|p1b: Happy Holidays|Freeze-Dry|p2a: Iron Hands\n|-damage|p2a: Iron Hands|74\/100\n|-status|p2a: Iron Hands|frz\n|move|p1a: Baxcalibur|Icicle Crash|p2b: Gyarados\n|-damage|p2b: Gyarados|49\/100\n|-enditem|p2b: Gyarados|Sitrus Berry|[eat]\n|-heal|p2b: Gyarados|73\/100|[from] item: Sitrus Berry\n|cant|p2b: Gyarados|flinch\n|\n|upkeep\n|turn|4\n|\n|t:|1683166954\n|move|p1b: Happy Holidays|Freeze-Dry|p2b: Gyarados\n|-supereffective|p2b: Gyarados\n|-crit|p2b: Gyarados\n|-damage|p2b: Gyarados|0 fnt\n|faint|p2b: Gyarados\n|move|p1a: Baxcalibur|Glaive Rush|p2a: Iron Hands\n|-damage|p2a: Iron Hands|21\/100 frz\n|-singlemove|p1a: Baxcalibur|Glaive Rush|[silent]\n|cant|p2a: Iron Hands|frz\n|\n|upkeep\n|\n|t:|1683166963\n|switch|p2b: Chi-Yu|Chi-Yu, L50, tera:Water|30\/100\n|-ability|p2b: Chi-Yu|Beads of Ruin\n|turn|5\n|\n|t:|1683166997\n|cant|p2a: Iron Hands|frz\n|move|p1a: Baxcalibur|Ice Shard|p2b: Chi-Yu\n|-resisted|p2b: Chi-Yu\n|-damage|p2b: Chi-Yu|13\/100\n|move|p2b: Chi-Yu|Heat Wave|p1a: Baxcalibur|[spread] p1a,p1b\n|-damage|p1a: Baxcalibur|0 fnt\n|-damage|p1b: Happy Holidays|0 fnt\n|faint|p1a: Baxcalibur\n|faint|p1b: Happy Holidays\n|-end|p1b: Happy Holidays|Quark Drive|[silent]\n|\n|upkeep\n|\n|t:|1683167008\n|switch|p1a: Ting-Lu|Ting-Lu, L50|71\/100\n|-ability|p1a: Ting-Lu|Vessel of Ruin\n|turn|6\n|\n|t:|1683167014\n|cant|p2a: Iron Hands|frz\n|move|p2b: Chi-Yu|Heat Wave|p1a: Ting-Lu\n|-damage|p1a: Ting-Lu|33\/100\n|move|p1a: Ting-Lu|Stomping Tantrum|p2b: Chi-Yu\n|-damage|p2b: Chi-Yu|0 fnt\n|faint|p2b: Chi-Yu\n|\n|upkeep\n|turn|7\n|\n|t:|1683167022\n|cant|p2a: Iron Hands|frz\n|move|p1a: Ting-Lu|Stomping Tantrum|p2a: Iron Hands\n|-supereffective|p2a: Iron Hands\n|-damage|p2a: Iron Hands|0 fnt\n|faint|p2a: Iron Hands\n|-end|p2a: Iron Hands|Quark Drive|[silent]\n|\n|win|Dr Scoob\n|raw|Dr Scoob's rating: 1291 → 1320<\/strong> (+29 for winning)\n|raw|underusedapple's rating: 1344 → 1321<\/strong> (-23 for losing)\n|l|\u2606Dr Scoob\n","uploadtime":1683167089,"views":9,"p1id":"drscoob","p2id":"underusedapple","formatid":"gen9vgc2023regulationc","rating":1320,"private":0,"password":""}