{"id":"gen9vgc2023regulationc-1860891546","p1":"pchan1f","p2":"D-Rod8605","format":"[Gen 9] VGC 2023 Regulation C","log":"|j|\u2606pchan1f\n|j|\u2606D-Rod8605\n|t:|1683691332\n|gametype|doubles\n|player|p1|pchan1f|265|1070\n|player|p2|D-Rod8605|101|1000\n|teamsize|p1|6\n|teamsize|p2|6\n|gen|9\n|tier|[Gen 9] VGC 2023 Regulation C\n|rated|\n|rule|Species Clause: Limit one of each Pok\u00e9mon\n|rule|Item Clause: Limit one of each item\n|clearpoke\n|poke|p1|Kilowattrel, L50, M|\n|poke|p1|Iron Moth, L50|\n|poke|p1|Iron Hands, L50|\n|poke|p1|Iron Valiant, L50|\n|poke|p1|Wo-Chien, L50|\n|poke|p1|Bronzong, L50|\n|poke|p2|Corviknight, L50, F|\n|poke|p2|Sandaconda, L50, M|\n|poke|p2|Gholdengo, L50|\n|poke|p2|Breloom, L50, M|\n|poke|p2|Glimmora, L50, M|\n|poke|p2|Chi-Yu, L50|\n|teampreview|4\n|inactive|Battle timer is ON: inactive players will automatically lose when time's up. (requested by pchan1f)\n|\n|t:|1683691354\n|start\n|switch|p1a: Kilowattrel|Kilowattrel, L50, M|100\/100\n|switch|p1b: Iron Hands|Iron Hands, L50|100\/100\n|switch|p2a: Corviknight|Corviknight, L50, F|100\/100\n|switch|p2b: Glimmora|Glimmora, L50, M|100\/100\n|turn|1\n|\n|t:|1683691371\n|move|p1b: Iron Hands|Fake Out|p2a: Corviknight\n|-resisted|p2a: Corviknight\n|-damage|p2a: Corviknight|93\/100\n|-damage|p1b: Iron Hands|84\/100|[from] item: Rocky Helmet|[of] p2a: Corviknight\n|move|p1a: Kilowattrel|Electric Terrain|p1a: Kilowattrel\n|-fieldstart|move: Electric Terrain\n|-activate|p1b: Iron Hands|ability: Quark Drive\n|-start|p1b: Iron Hands|quarkdriveatk\n|move|p2b: Glimmora|Sludge Wave|p1b: Iron Hands|[spread] p1a,p1b\n|-immune|p2a: Corviknight\n|-damage|p1a: Kilowattrel|39\/100\n|-damage|p1b: Iron Hands|60\/100\n|-status|p1a: Kilowattrel|psn\n|cant|p2a: Corviknight|flinch\n|\n|-damage|p1a: Kilowattrel|27\/100 psn|[from] psn\n|upkeep\n|turn|2\n|inactive|pchan1f has 30 seconds left.\n|inactive|pchan1f has 20 seconds left.\n|inactive|pchan1f has 15 seconds left.\n|inactive|pchan1f has 10 seconds left.\n|inactive|pchan1f has 5 seconds left.\n|\n|t:|1683691426\n|move|p1b: Iron Hands|Fake Out||[still]\n|-hint|Fake Out only works on your first turn out.\n|-fail|p1b: Iron Hands\n|move|p1a: Kilowattrel|Volt Switch|p2a: Corviknight\n|-supereffective|p2a: Corviknight\n|-damage|p2a: Corviknight|31\/100\n|\n|t:|1683691440\n|switch|p1a: Iron Moth|Iron Moth, L50|100\/100|[from] Volt Switch\n|-activate|p1a: Iron Moth|ability: Quark Drive\n|-start|p1a: Iron Moth|quarkdrivespa\n|move|p2b: Glimmora|Sludge Wave|p1a: Iron Moth|[spread] p1a,p1b\n|-immune|p2a: Corviknight\n|-resisted|p1a: Iron Moth\n|-damage|p1a: Iron Moth|84\/100\n|-damage|p1b: Iron Hands|39\/100\n|move|p2a: Corviknight|Metal Sound|p1b: Iron Hands\n|-unboost|p1b: Iron Hands|spd|2\n|\n|upkeep\n|turn|3\n|\n|t:|1683691457\n|-end|p1b: Iron Hands|Quark Drive|[silent]\n|switch|p1b: Kilowattrel|Kilowattrel, L50, M|27\/100 psn\n|move|p2b: Glimmora|Power Gem|p1a: Iron Moth\n|-supereffective|p1a: Iron Moth\n|-damage|p1a: Iron Moth|7\/100\n|move|p1a: Iron Moth|Discharge|p2a: Corviknight|[spread] p2a,p2b\n|-heal|p1b: Kilowattrel|52\/100 psn|[from] ability: Volt Absorb|[of] p1a: Iron Moth\n|-supereffective|p2a: Corviknight\n|-damage|p2a: Corviknight|0 fnt\n|-damage|p2b: Glimmora|28\/100\n|-status|p2b: Glimmora|par\n|faint|p2a: Corviknight\n|\n|-damage|p1b: Kilowattrel|39\/100 psn|[from] psn\n|upkeep\n|\n|t:|1683691480\n|switch|p2a: Gholdengo|Gholdengo, L50|100\/100\n|turn|4\n|\n|t:|1683691502\n|move|p1b: Kilowattrel|Tailwind|p1b: Kilowattrel\n|-sidestart|p1: pchan1f|move: Tailwind\n|move|p1a: Iron Moth|Discharge|p2a: Gholdengo|[spread] p2a,p2b\n|-heal|p1b: Kilowattrel|64\/100 psn|[from] ability: Volt Absorb|[of] p1a: Iron Moth\n|-damage|p2a: Gholdengo|65\/100\n|-damage|p2b: Glimmora|0 fnt\n|-status|p2a: Gholdengo|par\n|faint|p2b: Glimmora\n|move|p2a: Gholdengo|Hex|p1a: Iron Moth\n|-damage|p1a: Iron Moth|0 fnt\n|faint|p1a: Iron Moth\n|-end|p1a: Iron Moth|Quark Drive|[silent]\n|\n|-damage|p1b: Kilowattrel|52\/100 psn|[from] psn\n|upkeep\n|\n|t:|1683691522\n|switch|p2b: Chi-Yu|Chi-Yu, L50|100\/100\n|switch|p1a: Iron Valiant|Iron Valiant, L50|100\/100\n|-activate|p1a: Iron Valiant|ability: Quark Drive\n|-start|p1a: Iron Valiant|quarkdriveatk\n|-ability|p2b: Chi-Yu|Beads of Ruin\n|turn|5\n|inactive|pchan1f has 30 seconds left.\n|inactive|D-Rod8605 has 30 seconds left.\n|inactive|pchan1f has 20 seconds left.\n|inactive|pchan1f has 15 seconds left.\n|\n|t:|1683691563\n|-terastallize|p1b: Kilowattrel|Electric\n|move|p2b: Chi-Yu|Protect|p2b: Chi-Yu\n|-singleturn|p2b: Chi-Yu|Protect\n|move|p1b: Kilowattrel|Volt Switch|p2a: Gholdengo\n|-damage|p2a: Gholdengo|22\/100 par\n|\n|t:|1683691568\n|switch|p1b: Iron Hands|Iron Hands, L50|39\/100|[from] Volt Switch\n|-activate|p1b: Iron Hands|ability: Quark Drive\n|-start|p1b: Iron Hands|quarkdriveatk\n|move|p1a: Iron Valiant|Close Combat|p2b: Chi-Yu\n|-activate|p2b: Chi-Yu|move: Protect\n|move|p2a: Gholdengo|Hex|p1b: Iron Hands\n|-damage|p1b: Iron Hands|18\/100\n|\n|upkeep\n|turn|6\n|inactive|pchan1f has 30 seconds left.\n|inactive|D-Rod8605 has 30 seconds left.\n|\n|t:|1683691602\n|-terastallize|p2b: Chi-Yu|Grass\n|move|p1a: Iron Valiant|Close Combat|p2b: Chi-Yu\n|-damage|p2b: Chi-Yu|0 fnt\n|-unboost|p1a: Iron Valiant|def|1\n|-unboost|p1a: Iron Valiant|spd|1\n|faint|p2b: Chi-Yu\n|move|p1b: Iron Hands|Wild Charge|p2a: Gholdengo\n|-damage|p2a: Gholdengo|0 fnt\n|faint|p2a: Gholdengo\n|-damage|p1b: Iron Hands|14\/100|[from] Recoil\n|\n|win|pchan1f\n|raw|pchan1f's rating: 1070 → 1094<\/strong> (+24 for winning)\n|raw|D-Rod8605's rating: 1000 → 1000<\/strong> (+0 for losing)\n|l|\u2606D-Rod8605\n","uploadtime":1683694174,"views":17,"p1id":"pchan1f","p2id":"drod8605","formatid":"gen9vgc2023regulationc","rating":1000,"private":0,"password":""}