{"id":"gen9vgc2023regulationc-1863209042","p1":"Gadiel_VaStar","p2":"IciestOfIcyIce","format":"[Gen 9] VGC 2023 Regulation C","log":"|j|\u2606Gadiel_VaStar\n|j|\u2606IciestOfIcyIce\n|t:|1683988588\n|gametype|doubles\n|player|p1|Gadiel_VaStar|jasmine|1168\n|player|p2|IciestOfIcyIce|gentleman-gen4dp|1139\n|teamsize|p1|6\n|teamsize|p2|6\n|gen|9\n|tier|[Gen 9] VGC 2023 Regulation C\n|rated|\n|rule|Species Clause: Limit one of each Pok\u00e9mon\n|rule|Item Clause: Limit one of each item\n|clearpoke\n|poke|p1|Brute Bonnet, L50|\n|poke|p1|Chien-Pao, L50|\n|poke|p1|Iron Bundle, L50|\n|poke|p1|Great Tusk, L50|\n|poke|p1|Dragonite, L50, M|\n|poke|p1|Talonflame, L50, M|\n|poke|p2|Medicham, L50, M|\n|poke|p2|Iron Jugulis, L50|\n|poke|p2|Goodra, L50, F|\n|poke|p2|Scovillain, L50, M|\n|poke|p2|Torkoal, L50, F|\n|poke|p2|Ting-Lu, L50|\n|teampreview|4\n|\n|t:|1683988624\n|start\n|switch|p1a: Talonflame|Talonflame, L50, M|100\/100\n|switch|p1b: Great Tusk|Great Tusk, L50|100\/100\n|switch|p2a: Medicham|Medicham, L50, M|100\/100\n|switch|p2b: Ting-Lu|Ting-Lu, L50|100\/100\n|-ability|p2b: Ting-Lu|Vessel of Ruin\n|turn|1\n|\n|t:|1683988671\n|move|p2a: Medicham|Fake Out|p1b: Great Tusk\n|-damage|p1b: Great Tusk|85\/100\n|move|p1a: Talonflame|Tailwind|p1a: Talonflame\n|-sidestart|p1: Gadiel_VaStar|move: Tailwind\n|cant|p1b: Great Tusk|flinch\n|move|p2b: Ting-Lu|Rock Slide|p1b: Great Tusk|[spread] \n|-miss|p2b: Ting-Lu|p1a: Talonflame\n|-miss|p2b: Ting-Lu|p1b: Great Tusk\n|\n|upkeep\n|turn|2\n|c|\u2606IciestOfIcyIce|omg\n|\n|t:|1683988705\n|-terastallize|p2b: Ting-Lu|Fairy\n|move|p1a: Talonflame|Brave Bird|p2a: Medicham\n|-supereffective|p2a: Medicham\n|-enditem|p2a: Medicham|Focus Sash\n|-damage|p2a: Medicham|1\/100\n|-damage|p1a: Talonflame|66\/100|[from] Recoil\n|move|p2a: Medicham|Bullet Punch|p2b: Ting-Lu\n|-supereffective|p2b: Ting-Lu\n|-damage|p2b: Ting-Lu|81\/100\n|-enditem|p2b: Ting-Lu|Weakness Policy\n|-boost|p2b: Ting-Lu|atk|2|[from] item: Weakness Policy\n|-boost|p2b: Ting-Lu|spa|2|[from] item: Weakness Policy\n|move|p1b: Great Tusk|Rock Slide|p2b: Ting-Lu|[spread] p2a,p2b\n|-resisted|p2a: Medicham\n|-crit|p2a: Medicham\n|-damage|p2a: Medicham|0 fnt\n|-damage|p2b: Ting-Lu|65\/100\n|faint|p2a: Medicham\n|cant|p2b: Ting-Lu|flinch\n|\n|upkeep\n|c|\u2606IciestOfIcyIce|omfg\n|\n|t:|1683988730\n|switch|p2a: Scovillain|Scovillain, L50, M|100\/100\n|turn|3\n|\n|t:|1683988775\n|move|p1a: Talonflame|Flare Blitz|p2b: Ting-Lu\n|-damage|p2b: Ting-Lu|38\/100\n|-damage|p1a: Talonflame|51\/100|[from] Recoil\n|move|p1b: Great Tusk|Rock Slide|p2b: Ting-Lu|[spread] p2a,p2b\n|-supereffective|p2a: Scovillain\n|-damage|p2a: Scovillain|28\/100\n|-damage|p2b: Ting-Lu|22\/100\n|move|p2a: Scovillain|Overheat|p1b: Great Tusk|[miss]\n|-miss|p2a: Scovillain|p1b: Great Tusk\n|move|p2b: Ting-Lu|Earthquake|p1b: Great Tusk|[spread] p2a,p1b\n|-immune|p1a: Talonflame\n|-damage|p2a: Scovillain|0 fnt\n|-damage|p1b: Great Tusk|25\/100\n|faint|p2a: Scovillain\n|\n|upkeep\n|c|\u2606IciestOfIcyIce|omg\n|c|\u2606IciestOfIcyIce|-_-\n|\n|t:|1683988791\n|switch|p2a: Goodra|Goodra, L50, F|100\/100\n|turn|4\n|\n|t:|1683988810\n|move|p1a: Talonflame|Brave Bird|p2b: Ting-Lu\n|-damage|p2b: Ting-Lu|0 fnt\n|faint|p2b: Ting-Lu\n|-damage|p1a: Talonflame|39\/100|[from] Recoil\n|move|p1b: Great Tusk|Rock Slide|p2a: Goodra\n|-damage|p2a: Goodra|55\/100\n|cant|p2a: Goodra|flinch\n|\n|-sideend|p1: Gadiel_VaStar|move: Tailwind\n|upkeep\n|turn|5\n|c|\u2606IciestOfIcyIce|so much rng\n|\n|t:|1683988840\n|move|p1a: Talonflame|Brave Bird|p2a: Goodra\n|-damage|p2a: Goodra|0 fnt\n|-ability|p2a: Goodra|Gooey\n|-unboost|p1a: Talonflame|spe|1\n|faint|p2a: Goodra\n|-damage|p1a: Talonflame|15\/100|[from] Recoil\n|\n|win|Gadiel_VaStar\n|raw|Gadiel_VaStar's rating: 1168 → 1191<\/strong> (+23 for winning)\n|raw|IciestOfIcyIce's rating: 1139 → 1116<\/strong> (-23 for losing)\n","uploadtime":1683988852,"views":5,"p1id":"gadielvastar","p2id":"iciestoficyice","formatid":"gen9vgc2023regulationc","rating":1116,"private":0,"password":""}