{"id":"gen9vgc2023regulationc-1857918504","p1":"superseriousboi","p2":"JaydeSlash","format":"[Gen 9] VGC 2023 Regulation C","log":"|j|\u2606superseriousboi\n|j|\u2606JaydeSlash\n|t:|1683247230\n|gametype|doubles\n|player|p1|superseriousboi|266|1087\n|player|p2|JaydeSlash|crasherwake|1162\n|teamsize|p1|6\n|teamsize|p2|6\n|gen|9\n|tier|[Gen 9] VGC 2023 Regulation C\n|rated|\n|rule|Species Clause: Limit one of each Pok\u00e9mon\n|rule|Item Clause: Limit one of each item\n|clearpoke\n|poke|p1|Kilowattrel, L50, M|\n|poke|p1|Murkrow, L50, F|\n|poke|p1|Scizor, L50, M|\n|poke|p1|Ting-Lu, L50|\n|poke|p1|Maushold, L50|\n|poke|p1|Annihilape, L50, F|\n|poke|p2|Volcarona, L50, F|\n|poke|p2|Meowscarada, L50, F|\n|poke|p2|Ting-Lu, L50|\n|poke|p2|Baxcalibur, L50, M|\n|poke|p2|Tauros-Paldea-Aqua, L50, M|\n|poke|p2|Gholdengo, L50|\n|teampreview|4\n|\n|t:|1683247267\n|start\n|switch|p1a: Kilowattrel|Kilowattrel, L50, M|100\/100\n|switch|p1b: Scizor|Scizor, L50, M|100\/100\n|switch|p2a: Volcarona|Volcarona, L50, F|100\/100\n|switch|p2b: Ting-Lu|Ting-Lu, L50|100\/100\n|-ability|p2b: Ting-Lu|Vessel of Ruin\n|turn|1\n|inactive|Battle timer is ON: inactive players will automatically lose when time's up. (requested by superseriousboi)\n|c|\u2606superseriousboi|Gl hf\n|\n|t:|1683247302\n|move|p1a: Kilowattrel|Tailwind|p1a: Kilowattrel\n|-sidestart|p1: superseriousboi|move: Tailwind\n|-start|p1a: Kilowattrel|Charge|Tailwind|[from] ability: Wind Power\n|move|p1b: Scizor|U-turn|p2b: Ting-Lu\n|-supereffective|p2b: Ting-Lu\n|-damage|p2b: Ting-Lu|50\/100\n|\n|t:|1683247310\n|switch|p1b: Murkrow|Murkrow, L50, F|100\/100|[from] U-turn\n|move|p2a: Volcarona|Tailwind|p2a: Volcarona\n|-sidestart|p2: JaydeSlash|move: Tailwind\n|move|p2b: Ting-Lu|Throat Chop|p1a: Kilowattrel\n|-damage|p1a: Kilowattrel|47\/100\n|-start|p1a: Kilowattrel|Throat Chop|[silent]\n|\n|upkeep\n|turn|2\n|\n|t:|1683247333\n|move|p1b: Murkrow|Rain Dance|p1b: Murkrow\n|-weather|RainDance\n|move|p1a: Kilowattrel|Weather Ball|p2b: Ting-Lu\n|-supereffective|p2b: Ting-Lu\n|-damage|p2b: Ting-Lu|5\/100\n|-damage|p1a: Kilowattrel|37\/100|[from] item: Life Orb\n|move|p2a: Volcarona|Heat Wave|p1b: Murkrow|[spread] p1b\n|-miss|p2a: Volcarona|p1a: Kilowattrel\n|-damage|p1b: Murkrow|89\/100\n|move|p2b: Ting-Lu|Throat Chop|p1a: Kilowattrel\n|-damage|p1a: Kilowattrel|0 fnt\n|faint|p1a: Kilowattrel\n|\n|-weather|RainDance|[upkeep]\n|upkeep\n|\n|t:|1683247348\n|switch|p1a: Scizor|Scizor, L50, M|100\/100\n|turn|3\n|c|\u2606JaydeSlash|that is an interesting kilo\n|\n|t:|1683247367\n|move|p1b: Murkrow|Screech|p2a: Volcarona\n|-unboost|p2a: Volcarona|def|2\n|move|p2a: Volcarona|Will-O-Wisp|p1a: Scizor\n|-status|p1a: Scizor|brn\n|move|p1a: Scizor|U-turn|p2b: Ting-Lu\n|-supereffective|p2b: Ting-Lu\n|-damage|p2b: Ting-Lu|0 fnt\n|faint|p2b: Ting-Lu\n|\n|t:|1683247377\n|switch|p1a: Annihilape|Annihilape, L50, F|100\/100|[from] U-turn\n|\n|-weather|RainDance|[upkeep]\n|upkeep\n|\n|t:|1683247395\n|switch|p2b: Baxcalibur|Baxcalibur, L50, M|100\/100\n|turn|4\n|\n|t:|1683247417\n|-terastallize|p1a: Annihilape|Fire\n|move|p2b: Baxcalibur|Protect|p2b: Baxcalibur\n|-singleturn|p2b: Baxcalibur|Protect\n|move|p1b: Murkrow|Screech|p2a: Volcarona\n|-unboost|p2a: Volcarona|def|2\n|move|p1a: Annihilape|Bulk Up|p1a: Annihilape\n|-boost|p1a: Annihilape|atk|1\n|-boost|p1a: Annihilape|def|1\n|move|p2a: Volcarona|Heat Wave|p1b: Murkrow|[spread] p1a\n|-miss|p2a: Volcarona|p1b: Murkrow\n|-resisted|p1a: Annihilape\n|-crit|p1a: Annihilape\n|-damage|p1a: Annihilape|91\/100\n|\n|-weather|RainDance|[upkeep]\n|-heal|p1a: Annihilape|97\/100|[from] item: Leftovers\n|-sideend|p2: JaydeSlash|move: Tailwind\n|-sideend|p1: superseriousboi|move: Tailwind\n|upkeep\n|turn|5\n|inactive|superseriousboi has 30 seconds left.\n|inactive|JaydeSlash has 30 seconds left.\n|\n|t:|1683247446\n|move|p1b: Murkrow|Screech|p2b: Baxcalibur|[miss]\n|-miss|p1b: Murkrow|p2b: Baxcalibur\n|move|p1a: Annihilape|Drain Punch|p2b: Baxcalibur\n|-supereffective|p2b: Baxcalibur\n|-damage|p2b: Baxcalibur|23\/100\n|-heal|p1a: Annihilape|100\/100|[from] drain|[of] p2b: Baxcalibur\n|move|p2a: Volcarona|Tailwind|p2a: Volcarona\n|-sidestart|p2: JaydeSlash|move: Tailwind\n|move|p2b: Baxcalibur|Icicle Spear|p1b: Murkrow\n|-supereffective|p1b: Murkrow\n|-damage|p1b: Murkrow|53\/100\n|-supereffective|p1b: Murkrow\n|-damage|p1b: Murkrow|18\/100\n|-supereffective|p1b: Murkrow\n|-damage|p1b: Murkrow|0 fnt\n|faint|p1b: Murkrow\n|-hitcount|p1: Murkrow|3\n|\n|-weather|RainDance|[upkeep]\n|upkeep\n|\n|t:|1683247465\n|switch|p1b: Scizor|Scizor, L50, M|100\/100 brn\n|turn|6\n|\n|t:|1683247480\n|move|p1b: Scizor|Bullet Punch|p2b: Baxcalibur\n|-supereffective|p2b: Baxcalibur\n|-damage|p2b: Baxcalibur|0 fnt\n|faint|p2b: Baxcalibur\n|move|p2a: Volcarona|Heat Wave|p1a: Annihilape|[spread] p1a\n|-miss|p2a: Volcarona|p1b: Scizor\n|-resisted|p1a: Annihilape\n|-damage|p1a: Annihilape|94\/100\n|move|p1a: Annihilape|Rage Fist|p2a: Volcarona\n|-damage|p2a: Volcarona|0 fnt\n|-damage|p1a: Annihilape|77\/100|[from] item: Rocky Helmet|[of] p2a: Volcarona\n|faint|p2a: Volcarona\n|\n|-weather|none\n|-heal|p1a: Annihilape|83\/100|[from] item: Leftovers\n|-damage|p1b: Scizor|95\/100 brn|[from] brn\n|upkeep\n|inactive|JaydeSlash has 30 seconds left.\n|c|\u2606JaydeSlash|that miss lost me the game\n|\n|t:|1683247513\n|switch|p2a: Meowscarada|Meowscarada, L50, F|100\/100\n|turn|7\n|\n|t:|1683247523\n|-terastallize|p2a: Meowscarada|Grass\n|move|p2a: Meowscarada|Protect|p2a: Meowscarada\n|-singleturn|p2a: Meowscarada|Protect\n|move|p1b: Scizor|Bullet Punch|p2a: Meowscarada\n|-activate|p2a: Meowscarada|move: Protect\n|move|p1a: Annihilape|Drain Punch|p2a: Meowscarada\n|-activate|p2a: Meowscarada|move: Protect\n|\n|-heal|p1a: Annihilape|89\/100|[from] item: Leftovers\n|-damage|p1b: Scizor|89\/100 brn|[from] brn\n|upkeep\n|turn|8\n|\n|t:|1683247540\n|move|p1b: Scizor|Bullet Punch|p2a: Meowscarada\n|-damage|p2a: Meowscarada|61\/100\n|move|p2a: Meowscarada|Knock Off|p1a: Annihilape\n|-damage|p1a: Annihilape|60\/100\n|-enditem|p1a: Annihilape|Leftovers|[from] move: Knock Off|[of] p2a: Meowscarada\n|move|p1a: Annihilape|Drain Punch|p2a: Meowscarada\n|-damage|p2a: Meowscarada|0 fnt\n|-heal|p1a: Annihilape|81\/100|[from] drain|[of] p2a: Meowscarada\n|faint|p2a: Meowscarada\n|\n|win|superseriousboi\n|raw|superseriousboi's rating: 1087 → 1120<\/strong> (+33 for winning)\n|raw|JaydeSlash's rating: 1162 → 1132<\/strong> (-30 for losing)\n","uploadtime":1683247554,"views":8,"p1id":"superseriousboi","p2id":"jaydeslash","formatid":"gen9vgc2023regulationc","rating":1120,"private":0,"password":""}