{"id":"gen9vgc2023regulationc-1846122763","p1":"GewnAtuhi","p2":"Lost to Fissure","format":"[Gen 9] VGC 2023 Regulation C","log":"|j|\u2606GewnAtuhi\n|j|\u2606Lost to Fissure\n|t:|1681809890\n|gametype|doubles\n|player|p1|GewnAtuhi|1|1057\n|player|p2|Lost to Fissure|102|1051\n|teamsize|p1|6\n|teamsize|p2|6\n|gen|9\n|tier|[Gen 9] VGC 2023 Regulation C\n|rated|\n|rule|Species Clause: Limit one of each Pok\u00e9mon\n|rule|Item Clause: Limit one of each item\n|clearpoke\n|poke|p1|Annihilape, L50, M|\n|poke|p1|Tyranitar, L50, F|\n|poke|p1|Ting-Lu, L50|\n|poke|p1|Amoonguss, L50, F|\n|poke|p1|Maushold, L50|\n|poke|p1|Lycanroc, L50, M|\n|poke|p2|Gyarados, L50, F|\n|poke|p2|Amoonguss, L50, F|\n|poke|p2|Flutter Mane, L50|\n|poke|p2|Chi-Yu, L50|\n|poke|p2|Annihilape, L50, M|\n|poke|p2|Ting-Lu, L50|\n|teampreview|4\n|inactive|Battle timer is ON: inactive players will automatically lose when time's up. (requested by GewnAtuhi)\n|\n|t:|1681809938\n|start\n|switch|p1a: Lycanroc|Lycanroc, L50, M|100\/100\n|switch|p1b: Tyranitar|Tyranitar, L50, F|100\/100\n|switch|p2a: Planet of Apes|Annihilape, L50, M|100\/100\n|switch|p2b: Devil wears Prada|Flutter Mane, L50|100\/100\n|-weather|Sandstorm|[from] ability: Sand Stream|[of] p1b: Tyranitar\n|-enditem|p2b: Devil wears Prada|Booster Energy\n|-activate|p2b: Devil wears Prada|ability: Protosynthesis|[fromitem]\n|-start|p2b: Devil wears Prada|protosynthesisspa\n|turn|1\n|inactive|GewnAtuhi has 30 seconds left.\n|inactive|GewnAtuhi has 20 seconds left.\n|\n|t:|1681809977\n|move|p2b: Devil wears Prada|Protect|p2b: Devil wears Prada\n|-singleturn|p2b: Devil wears Prada|Protect\n|move|p1a: Lycanroc|Rock Slide|p2a: Planet of Apes|[spread] p2a\n|-activate|p2b: Devil wears Prada|move: Protect\n|-resisted|p2a: Planet of Apes\n|-damage|p2a: Planet of Apes|85\/100\n|move|p2a: Planet of Apes|Bulk Up|p2a: Planet of Apes\n|-boost|p2a: Planet of Apes|atk|1\n|-boost|p2a: Planet of Apes|def|1\n|move|p1b: Tyranitar|Crunch|p2a: Planet of Apes\n|-damage|p2a: Planet of Apes|37\/100\n|\n|-weather|Sandstorm|[upkeep]\n|-damage|p2b: Devil wears Prada|95\/100|[from] Sandstorm\n|-damage|p2a: Planet of Apes|31\/100|[from] Sandstorm\n|-heal|p2a: Planet of Apes|37\/100|[from] item: Leftovers\n|upkeep\n|turn|2\n|\n|t:|1681809999\n|-end|p2b: Devil wears Prada|Protosynthesis|[silent]\n|switch|p2b: The Last of Us|Amoonguss, L50, F|100\/100\n|-terastallize|p1b: Tyranitar|Flying\n|move|p1a: Lycanroc|Rock Slide|p2b: The Last of Us|[spread] p2a,p2b\n|-resisted|p2a: Planet of Apes\n|-crit|p2a: Planet of Apes\n|-damage|p2a: Planet of Apes|16\/100\n|-damage|p2b: The Last of Us|76\/100\n|move|p2a: Planet of Apes|Drain Punch|p1b: Tyranitar\n|-resisted|p1b: Tyranitar\n|-damage|p1b: Tyranitar|77\/100\n|-heal|p2a: Planet of Apes|28\/100|[from] drain|[of] p1b: Tyranitar\n|move|p1b: Tyranitar|Crunch|p2a: Planet of Apes\n|-damage|p2a: Planet of Apes|0 fnt\n|faint|p2a: Planet of Apes\n|\n|-weather|Sandstorm|[upkeep]\n|-damage|p1b: Tyranitar|71\/100|[from] Sandstorm\n|-damage|p2b: The Last of Us|70\/100|[from] Sandstorm\n|upkeep\n|\n|t:|1681810022\n|switch|p2a: Devil wears Prada|Flutter Mane, L50|95\/100\n|turn|3\n|\n|t:|1681810028\n|move|p2a: Devil wears Prada|Protect|p2a: Devil wears Prada\n|-singleturn|p2a: Devil wears Prada|Protect\n|move|p1a: Lycanroc|Rock Slide|p2a: Devil wears Prada|[spread] p2b\n|-activate|p2a: Devil wears Prada|move: Protect\n|-damage|p2b: The Last of Us|46\/100\n|-enditem|p2b: The Last of Us|Sitrus Berry|[eat]\n|-heal|p2b: The Last of Us|71\/100|[from] item: Sitrus Berry\n|move|p1b: Tyranitar|Crunch|p2b: The Last of Us\n|-damage|p2b: The Last of Us|11\/100\n|move|p2b: The Last of Us|Spore|p1a: Lycanroc\n|-status|p1a: Lycanroc|slp|[from] move: Spore\n|\n|-weather|Sandstorm|[upkeep]\n|-damage|p2a: Devil wears Prada|89\/100|[from] Sandstorm\n|-damage|p1b: Tyranitar|65\/100|[from] Sandstorm\n|-damage|p2b: The Last of Us|5\/100|[from] Sandstorm\n|upkeep\n|turn|4\n|inactive|Lost to Fissure has 30 seconds left.\n|\n|t:|1681810061\n|switch|p2b: Finding Nemo|Chi-Yu, L50|100\/100\n|-ability|p2b: Finding Nemo|Beads of Ruin\n|cant|p1a: Lycanroc|slp\n|move|p2a: Devil wears Prada|Moonblast|p1b: Tyranitar\n|-damage|p1b: Tyranitar|1\/100\n|move|p1b: Tyranitar|Crunch|p2a: Devil wears Prada\n|-damage|p2a: Devil wears Prada|0 fnt\n|faint|p2a: Devil wears Prada\n|-end|p2a: Devil wears Prada|Protosynthesis|[silent]\n|\n|-weather|Sandstorm|[upkeep]\n|-damage|p2b: Finding Nemo|94\/100|[from] Sandstorm\n|-damage|p1b: Tyranitar|0 fnt|[from] Sandstorm\n|faint|p1b: Tyranitar\n|upkeep\n|inactive|Lost to Fissure has 30 seconds left.\n|inactive|Lost to Fissure has 20 seconds left.\n|inactive|Lost to Fissure has 15 seconds left.\n|inactive|Lost to Fissure has 10 seconds left.\n|inactive|Lost to Fissure has 5 seconds left.\n|c|\u2606GewnAtuhi|?????????\n|\n|t:|1681810116\n|switch|p2a: The Last of Us|Amoonguss, L50, F|39\/100\n|switch|p1b: Ting-Lu|Ting-Lu, L50|100\/100\n|-ability|p1b: Ting-Lu|Vessel of Ruin\n|turn|5\n|\n|t:|1681810138\n|cant|p1a: Lycanroc|slp\n|move|p2b: Finding Nemo|Heat Wave|p1b: Ting-Lu|[spread] p1a,p1b\n|-resisted|p1a: Lycanroc\n|-damage|p1a: Lycanroc|76\/100 slp\n|-damage|p1b: Ting-Lu|83\/100\n|move|p1b: Ting-Lu|Fissure|p2b: Finding Nemo|[miss]\n|-miss|p1b: Ting-Lu|p2b: Finding Nemo\n|move|p2a: The Last of Us|Spore|p1b: Ting-Lu\n|-status|p1b: Ting-Lu|slp|[from] move: Spore\n|\n|-weather|none\n|upkeep\n|turn|6\n|inactive|Lost to Fissure has 30 seconds left.\n|\n|t:|1681810165\n|-curestatus|p1a: Lycanroc|slp|[msg]\n|move|p1a: Lycanroc|Rock Slide|p2b: Finding Nemo|[spread] p2a,p2b\n|-supereffective|p2b: Finding Nemo\n|-damage|p2a: The Last of Us|16\/100\n|-damage|p2b: Finding Nemo|1\/100\n|move|p2b: Finding Nemo|Dark Pulse|p1a: Lycanroc\n|-damage|p1a: Lycanroc|4\/100\n|cant|p1b: Ting-Lu|slp\n|cant|p2a: The Last of Us|flinch\n|\n|upkeep\n|turn|7\n|inactive|Lost to Fissure has 30 seconds left.\n|n|\u2606Lost to Fissure|losttofissure\n|inactive|Lost to Fissure has 20 seconds left.\n|c|\u2606Lost to Fissure|ok\n|c|\u2606Lost to Fissure|ahahaha\n|c|\u2606Lost to Fissure|gg\n|inactive|Lost to Fissure has 15 seconds left.\n|inactive|Lost to Fissure has 10 seconds left.\n|\n|t:|1681810212\n|move|p1a: Lycanroc|Rock Slide|p2a: The Last of Us|[spread] \n|-miss|p1a: Lycanroc|p2a: The Last of Us\n|-miss|p1a: Lycanroc|p2b: Finding Nemo\n|move|p2b: Finding Nemo|Dark Pulse|p1a: Lycanroc\n|-damage|p1a: Lycanroc|0 fnt\n|faint|p1a: Lycanroc\n|cant|p1b: Ting-Lu|slp\n|move|p2a: The Last of Us|Spore|p1b: Ting-Lu\n|-fail|p1b: Ting-Lu|slp\n|\n|upkeep\n|\n|t:|1681810223\n|switch|p1a: Amoonguss|Amoonguss, L50, F|100\/100\n|turn|8\n|\n|t:|1681810233\n|move|p1a: Amoonguss|Protect|p1a: Amoonguss\n|-singleturn|p1a: Amoonguss|Protect\n|move|p2b: Finding Nemo|Heat Wave|p1a: Amoonguss|[spread] p1b\n|-activate|p1a: Amoonguss|move: Protect\n|-damage|p1b: Ting-Lu|64\/100 slp\n|cant|p1b: Ting-Lu|slp\n|move|p2a: The Last of Us|Pollen Puff|p2b: Finding Nemo\n|-heal|p2b: Finding Nemo|51\/100\n|\n|upkeep\n|turn|9\n|inactive|GewnAtuhi has 30 seconds left.\n|\n|t:|1681810266\n|move|p2a: The Last of Us|Rage Powder|p2a: The Last of Us\n|-singleturn|p2a: The Last of Us|move: Rage Powder\n|move|p2b: Finding Nemo|Heat Wave|p1a: Amoonguss|[spread] p1a,p1b\n|-supereffective|p1a: Amoonguss\n|-damage|p1a: Amoonguss|24\/100\n|-damage|p1b: Ting-Lu|46\/100 slp\n|-enditem|p1a: Amoonguss|Sitrus Berry|[eat]\n|-heal|p1a: Amoonguss|48\/100|[from] item: Sitrus Berry\n|-curestatus|p1b: Ting-Lu|slp|[msg]\n|move|p1b: Ting-Lu|Stomping Tantrum|p2a: The Last of Us\n|-damage|p2a: The Last of Us|0 fnt\n|faint|p2a: The Last of Us\n|move|p1a: Amoonguss|Pollen Puff|p2b: Finding Nemo\n|-damage|p2b: Finding Nemo|35\/100\n|\n|upkeep\n|turn|10\n|inactive|GewnAtuhi has 30 seconds left.\n|\n|t:|1681810297\n|move|p2b: Finding Nemo|Heat Wave|p1b: Ting-Lu|[spread] p1a,p1b\n|-supereffective|p1a: Amoonguss\n|-damage|p1a: Amoonguss|0 fnt\n|-damage|p1b: Ting-Lu|27\/100\n|-status|p1b: Ting-Lu|brn\n|faint|p1a: Amoonguss\n|move|p1b: Ting-Lu|Stomping Tantrum|p2b: Finding Nemo\n|-supereffective|p2b: Finding Nemo\n|-damage|p2b: Finding Nemo|0 fnt\n|faint|p2b: Finding Nemo\n|\n|win|GewnAtuhi\n|raw|GewnAtuhi's rating: 1057 → 1088<\/strong> (+31 for winning)\n|raw|Lost to Fissure's rating: 1051 → 1034<\/strong> (-17 for losing)\n","uploadtime":1681810309,"views":20,"p1id":"gewnatuhi","p2id":"losttofissure","formatid":"gen9vgc2023regulationc","rating":1034,"private":0,"password":""}