{"id":"gen9vgc2023regulationc-1851324835","p1":"ghost56789","p2":"etaaan","format":"[Gen 9] VGC 2023 Regulation C","log":"|j|\u2606ghost56789\n|j|\u2606etaaan\n|t:|1682435921\n|gametype|doubles\n|player|p1|ghost56789|beauty-gen5bw2|1008\n|player|p2|etaaan|266|1097\n|teamsize|p1|6\n|teamsize|p2|6\n|gen|9\n|tier|[Gen 9] VGC 2023 Regulation C\n|rated|\n|rule|Species Clause: Limit one of each Pok\u00e9mon\n|rule|Item Clause: Limit one of each item\n|clearpoke\n|poke|p1|Garchomp, L50, M|\n|poke|p1|Talonflame, L50, F|\n|poke|p1|Flutter Mane, L50|\n|poke|p1|Iron Bundle, L50|\n|poke|p1|Tyranitar, L50, M|\n|poke|p1|Chien-Pao, L50|\n|poke|p2|Ting-Lu, L50|\n|poke|p2|Dragonite, L50, F|\n|poke|p2|Indeedee-F, L50, F|\n|poke|p2|Iron Hands, L50|\n|poke|p2|Amoonguss, L50, M|\n|poke|p2|Gholdengo, L50|\n|teampreview|4\n|\n|t:|1682435974\n|start\n|switch|p1a: Tyranitar|Tyranitar, L50, M, shiny|100\/100\n|switch|p1b: Talonflame|Talonflame, L50, F, shiny|100\/100\n|switch|p2a: Ting-Lu|Ting-Lu, L50|100\/100\n|switch|p2b: Dragonite|Dragonite, L50, F|100\/100\n|-weather|Sandstorm|[from] ability: Sand Stream|[of] p1a: Tyranitar\n|-ability|p2a: Ting-Lu|Vessel of Ruin\n|turn|1\n|\n|t:|1682436001\n|move|p1b: Talonflame|Tailwind|p1b: Talonflame\n|-sidestart|p1: ghost56789|move: Tailwind\n|move|p1a: Tyranitar|Low Kick|p2a: Ting-Lu\n|-supereffective|p2a: Ting-Lu\n|-damage|p2a: Ting-Lu|45\/100\n|move|p2b: Dragonite|Ice Spinner|p1b: Talonflame\n|-damage|p1b: Talonflame|59\/100\n|move|p2a: Ting-Lu|Throat Chop|p1b: Talonflame\n|-damage|p1b: Talonflame|13\/100\n|-start|p1b: Talonflame|Throat Chop|[silent]\n|\n|-weather|Sandstorm|[upkeep]\n|-damage|p2b: Dragonite|94\/100|[from] Sandstorm\n|upkeep\n|turn|2\n|\n|t:|1682436027\n|switch|p2a: Iron Hands|Iron Hands, L50|100\/100\n|-enditem|p2a: Iron Hands|Booster Energy\n|-activate|p2a: Iron Hands|ability: Quark Drive|[fromitem]\n|-start|p2a: Iron Hands|quarkdriveatk\n|move|p2b: Dragonite|Extreme Speed|p1b: Talonflame\n|-damage|p1b: Talonflame|0 fnt\n|faint|p1b: Talonflame\n|move|p1a: Tyranitar|Rock Slide|p2b: Dragonite|[spread] p2a,p2b\n|-resisted|p2a: Iron Hands\n|-supereffective|p2b: Dragonite\n|-damage|p2a: Iron Hands|91\/100\n|-damage|p2b: Dragonite|28\/100\n|\n|-weather|Sandstorm|[upkeep]\n|-damage|p2b: Dragonite|22\/100|[from] Sandstorm\n|-damage|p2a: Iron Hands|85\/100|[from] Sandstorm\n|upkeep\n|\n|t:|1682436049\n|switch|p1b: Flutter Mane|Flutter Mane, L50|100\/100\n|turn|3\n|\n|t:|1682436064\n|move|p2a: Iron Hands|Fake Out|p1a: Tyranitar\n|-resisted|p1a: Tyranitar\n|-damage|p1a: Tyranitar|94\/100\n|move|p1b: Flutter Mane|Moonblast|p2a: Iron Hands\n|-supereffective|p2a: Iron Hands\n|-damage|p2a: Iron Hands|0 fnt\n|faint|p2a: Iron Hands\n|-end|p2a: Iron Hands|Quark Drive|[silent]\n|cant|p1a: Tyranitar|flinch\n|move|p2b: Dragonite|Ice Spinner|p1b: Flutter Mane\n|-damage|p1b: Flutter Mane|36\/100\n|\n|-weather|Sandstorm|[upkeep]\n|-damage|p1b: Flutter Mane|30\/100|[from] Sandstorm\n|-damage|p2b: Dragonite|16\/100|[from] Sandstorm\n|upkeep\n|\n|t:|1682436078\n|switch|p2a: Indeedee|Indeedee-F, L50, F|100\/100\n|turn|4\n|\n|t:|1682436109\n|move|p2a: Indeedee|Fake Out|p1a: Tyranitar\n|-resisted|p1a: Tyranitar\n|-damage|p1a: Tyranitar|90\/100\n|move|p1b: Flutter Mane|Moonblast|p2b: Dragonite\n|-supereffective|p2b: Dragonite\n|-damage|p2b: Dragonite|0 fnt\n|faint|p2b: Dragonite\n|cant|p1a: Tyranitar|flinch\n|\n|-weather|Sandstorm|[upkeep]\n|-damage|p1b: Flutter Mane|24\/100|[from] Sandstorm\n|-damage|p2a: Indeedee|94\/100|[from] Sandstorm\n|-sideend|p1: ghost56789|move: Tailwind\n|upkeep\n|\n|t:|1682436120\n|switch|p2b: Ting-Lu|Ting-Lu, L50|45\/100\n|-ability|p2b: Ting-Lu|Vessel of Ruin\n|turn|5\n|\n|t:|1682436127\n|move|p2a: Indeedee|Follow Me|p2a: Indeedee\n|-singleturn|p2a: Indeedee|move: Follow Me\n|move|p1b: Flutter Mane|Moonblast|p2a: Indeedee\n|-crit|p2a: Indeedee\n|-damage|p2a: Indeedee|17\/100\n|-unboost|p2a: Indeedee|spa|1\n|move|p1a: Tyranitar|Assurance|p2a: Indeedee\n|-supereffective|p2a: Indeedee\n|-enditem|p2a: Indeedee|Colbur Berry|[eat]\n|-enditem|p2a: Indeedee|Colbur Berry|[weaken]\n|-damage|p2a: Indeedee|0 fnt\n|faint|p2a: Indeedee\n|move|p2b: Ting-Lu|Throat Chop|p1b: Flutter Mane\n|-damage|p1b: Flutter Mane|0 fnt\n|faint|p1b: Flutter Mane\n|-end|p1b: Flutter Mane|Protosynthesis|[silent]\n|\n|-weather|none\n|upkeep\n|\n|t:|1682436138\n|switch|p1b: Iron Bundle|Iron Bundle, L50, shiny|100\/100\n|-enditem|p1b: Iron Bundle|Booster Energy\n|-activate|p1b: Iron Bundle|ability: Quark Drive|[fromitem]\n|-start|p1b: Iron Bundle|quarkdrivespe\n|turn|6\n|\n|t:|1682436145\n|move|p1b: Iron Bundle|Freeze-Dry|p2b: Ting-Lu\n|-supereffective|p2b: Ting-Lu\n|-damage|p2b: Ting-Lu|20\/100\n|move|p1a: Tyranitar|Low Kick|p2b: Ting-Lu\n|-supereffective|p2b: Ting-Lu\n|-damage|p2b: Ting-Lu|0 fnt\n|faint|p2b: Ting-Lu\n|\n|win|ghost56789\n|raw|ghost56789's rating: 1008 → 1057<\/strong> (+49 for winning)\n|raw|etaaan's rating: 1097 → 1066<\/strong> (-31 for losing)\n|c|\u2606etaaan|gg\n|l|\u2606etaaan\n","uploadtime":1682436238,"views":10,"p1id":"ghost56789","p2id":"etaaan","formatid":"gen9vgc2023regulationc","rating":1057,"private":0,"password":""}