{"id":"gen9vgc2023regulationc-1845124727","p1":"leltrell","p2":"alphamak","format":"[Gen 9] VGC 2023 Regulation C","log":"|j|\u2606leltrell\n|j|\u2606alphamak\n|t:|1681686453\n|gametype|doubles\n|player|p1|leltrell|101|1324\n|player|p2|alphamak|ninjaboy|1433\n|teamsize|p1|6\n|teamsize|p2|6\n|gen|9\n|tier|[Gen 9] VGC 2023 Regulation C\n|rated|\n|rule|Species Clause: Limit one of each Pok\u00e9mon\n|rule|Item Clause: Limit one of each item\n|clearpoke\n|poke|p1|Garganacl, L50, M|\n|poke|p1|Annihilape, L50, M|\n|poke|p1|Armarouge, L50, F|\n|poke|p1|Rabsca, L50, M|\n|poke|p1|Ting-Lu, L50|\n|poke|p1|Iron Hands, L50|\n|poke|p2|Magnezone, L50|\n|poke|p2|Palafin, L50, F|\n|poke|p2|Flutter Mane, L50|\n|poke|p2|Arcanine, L50, M|\n|poke|p2|Dragonite, L50, F|\n|poke|p2|Chien-Pao, L50|\n|teampreview|4\n|inactive|Battle timer is ON: inactive players will automatically lose when time's up. (requested by leltrell)\n|\n|t:|1681686489\n|start\n|switch|p1a: Annihilape|Annihilape, L50, M|100\/100\n|switch|p1b: Armarouge|Armarouge, L50, F|100\/100\n|switch|p2a: Flutter Pain|Flutter Mane, L50|100\/100\n|switch|p2b: Palafin|Palafin, L50, F|100\/100\n|-enditem|p2a: Flutter Pain|Booster Energy\n|-activate|p2a: Flutter Pain|ability: Protosynthesis|[fromitem]\n|-start|p2a: Flutter Pain|protosynthesisspa\n|turn|1\n|\n|t:|1681686504\n|move|p1a: Annihilape|Protect|p1a: Annihilape\n|-singleturn|p1a: Annihilape|Protect\n|move|p2a: Flutter Pain|Shadow Ball|p1a: Annihilape\n|-activate|p1a: Annihilape|move: Protect\n|move|p2b: Palafin|Flip Turn|p1b: Armarouge\n|-supereffective|p1b: Armarouge\n|-damage|p1b: Armarouge|52\/100\n|\n|t:|1681686515\n|detailschange|p2b: Palafin|Palafin-Hero, L50, F\n|switch|p2b: Chien-Pao|Chien-Pao, L50|100\/100|[from] Flip Turn\n|-ability|p2b: Chien-Pao|Sword of Ruin\n|move|p1b: Armarouge|Trick Room|p1b: Armarouge\n|-fieldstart|move: Trick Room|[of] p1b: Armarouge\n|\n|upkeep\n|turn|2\n|inactive|leltrell has 30 seconds left.\n|inactive|leltrell has 20 seconds left.\n|\n|t:|1681686553\n|move|p2a: Flutter Pain|Protect|p2a: Flutter Pain\n|-singleturn|p2a: Flutter Pain|Protect\n|move|p1b: Armarouge|Wide Guard|p1b: Armarouge\n|-singleturn|p1b: Armarouge|Wide Guard\n|move|p2b: Chien-Pao|Sucker Punch||[still]\n|-fail|p2b: Chien-Pao\n|move|p1a: Annihilape|Rage Fist|p2a: Flutter Pain\n|-activate|p2a: Flutter Pain|move: Protect\n|\n|upkeep\n|turn|3\n|\n|t:|1681686574\n|-end|p2a: Flutter Pain|Protosynthesis|[silent]\n|switch|p2a: Magnezone|Magnezone, L50|100\/100\n|move|p1b: Armarouge|Armor Cannon|p2a: Magnezone\n|-supereffective|p2a: Magnezone\n|-ability|p2a: Magnezone|Sturdy\n|-damage|p2a: Magnezone|1\/100\n|-unboost|p1b: Armarouge|def|1\n|-unboost|p1b: Armarouge|spd|1\n|move|p1a: Annihilape|Rage Fist|p2a: Magnezone\n|-damage|p2a: Magnezone|0 fnt\n|faint|p2a: Magnezone\n|move|p2b: Chien-Pao|Ice Spinner|p1b: Armarouge\n|-resisted|p1b: Armarouge\n|-damage|p1b: Armarouge|7\/100\n|\n|upkeep\n|\n|t:|1681686589\n|switch|p2a: Palafin|Palafin-Hero, L50, F|100\/100\n|-activate|p2a: Palafin|ability: Zero to Hero\n|turn|4\n|\n|t:|1681686595\n|move|p1b: Armarouge|Protect|p1b: Armarouge\n|-singleturn|p1b: Armarouge|Protect\n|move|p2b: Chien-Pao|Sucker Punch||[still]\n|-fail|p2b: Chien-Pao\n|move|p1a: Annihilape|Drain Punch|p2b: Chien-Pao\n|-supereffective|p2b: Chien-Pao\n|-enditem|p2b: Chien-Pao|Focus Sash\n|-damage|p2b: Chien-Pao|1\/100\n|move|p2a: Palafin|Wave Crash|p1a: Annihilape\n|-damage|p1a: Annihilape|32\/100\n|-damage|p2a: Palafin|72\/100|[from] Recoil\n|\n|upkeep\n|turn|5\n|\n|t:|1681686612\n|move|p2a: Palafin|Protect|p2a: Palafin\n|-singleturn|p2a: Palafin|Protect\n|move|p2b: Chien-Pao|Protect|p2b: Chien-Pao\n|-singleturn|p2b: Chien-Pao|Protect\n|move|p1b: Armarouge|Armor Cannon|p2a: Palafin\n|-activate|p2a: Palafin|move: Protect\n|move|p1a: Annihilape|Rage Fist|p2a: Palafin\n|-activate|p2a: Palafin|move: Protect\n|\n|-fieldend|move: Trick Room\n|upkeep\n|turn|6\n|\n|t:|1681686627\n|move|p1a: Annihilape|Protect|p1a: Annihilape\n|-singleturn|p1a: Annihilape|Protect\n|move|p1b: Armarouge|Protect|p1b: Armarouge\n|-singleturn|p1b: Armarouge|Protect\n|move|p2a: Palafin|Jet Punch|p1a: Annihilape\n|-activate|p1a: Annihilape|move: Protect\n|move|p2b: Chien-Pao|Ice Spinner|p1b: Armarouge\n|-activate|p1b: Armarouge|move: Protect\n|\n|upkeep\n|turn|7\n|\n|t:|1681686643\n|move|p1a: Annihilape|Protect||[still]\n|-fail|p1a: Annihilape\n|move|p1b: Armarouge|Protect||[still]\n|-fail|p1b: Armarouge\n|move|p2a: Palafin|Jet Punch|p1a: Annihilape\n|-damage|p1a: Annihilape|0 fnt\n|faint|p1a: Annihilape\n|move|p2b: Chien-Pao|Ice Spinner|p1b: Armarouge\n|-resisted|p1b: Armarouge\n|-damage|p1b: Armarouge|0 fnt\n|faint|p1b: Armarouge\n|\n|upkeep\n|\n|t:|1681686651\n|switch|p1a: Garganacl|Garganacl, L50, M|100\/100\n|switch|p1b: Iron Hands|Iron Hands, L50|100\/100\n|-enditem|p1b: Iron Hands|Booster Energy\n|-activate|p1b: Iron Hands|ability: Quark Drive|[fromitem]\n|-start|p1b: Iron Hands|quarkdriveatk\n|turn|8\n|\n|t:|1681686668\n|-terastallize|p1a: Garganacl|Fairy\n|move|p2b: Chien-Pao|Protect|p2b: Chien-Pao\n|-singleturn|p2b: Chien-Pao|Protect\n|move|p2a: Palafin|Protect|p2a: Palafin\n|-singleturn|p2a: Palafin|Protect\n|move|p1b: Iron Hands|Fake Out|p2a: Palafin\n|-activate|p2a: Palafin|move: Protect\n|move|p1a: Garganacl|Iron Defense|p1a: Garganacl\n|-boost|p1a: Garganacl|def|2\n|\n|upkeep\n|turn|9\n|inactive|alphamak has 30 seconds left.\n|\n|t:|1681686698\n|move|p2b: Chien-Pao|Ice Spinner|p1b: Iron Hands\n|-damage|p1b: Iron Hands|64\/100\n|move|p2a: Palafin|Wave Crash|p1b: Iron Hands\n|-damage|p1b: Iron Hands|0 fnt\n|faint|p1b: Iron Hands\n|-end|p1b: Iron Hands|Quark Drive|[silent]\n|-damage|p2a: Palafin|41\/100|[from] Recoil\n|move|p1a: Garganacl|Salt Cure|p2a: Palafin\n|-damage|p2a: Palafin|22\/100\n|-start|p2a: Palafin|Salt Cure\n|\n|-damage|p2a: Palafin|0 fnt|[from] Salt Cure\n|faint|p2a: Palafin\n|upkeep\n|\n|t:|1681686707\n|switch|p2a: Flutter Pain|Flutter Mane, L50|100\/100\n|turn|10\n|\n|t:|1681686726\n|-terastallize|p2a: Flutter Pain|Fairy\n|move|p2b: Chien-Pao|Haze|p2b: Chien-Pao\n|-clearallboost\n|move|p2a: Flutter Pain|Moonblast|p1a: Garganacl\n|-damage|p1a: Garganacl|54\/100\n|move|p1a: Garganacl|Salt Cure|p2a: Flutter Pain\n|-damage|p2a: Flutter Pain|75\/100\n|-start|p2a: Flutter Pain|Salt Cure\n|\n|-heal|p1a: Garganacl|60\/100|[from] item: Leftovers\n|-damage|p2a: Flutter Pain|63\/100|[from] Salt Cure\n|upkeep\n|turn|11\n|\n|t:|1681686739\n|move|p1a: Garganacl|Protect|p1a: Garganacl\n|-singleturn|p1a: Garganacl|Protect\n|move|p2b: Chien-Pao|Ice Spinner|p1a: Garganacl\n|-activate|p1a: Garganacl|move: Protect\n|move|p2a: Flutter Pain|Moonblast|p1a: Garganacl\n|-activate|p1a: Garganacl|move: Protect\n|\n|-heal|p1a: Garganacl|66\/100|[from] item: Leftovers\n|-damage|p2a: Flutter Pain|51\/100|[from] Salt Cure\n|upkeep\n|turn|12\n|\n|t:|1681686756\n|move|p2b: Chien-Pao|Ice Spinner|p1a: Garganacl\n|-damage|p1a: Garganacl|31\/100\n|move|p2a: Flutter Pain|Moonblast|p1a: Garganacl\n|-damage|p1a: Garganacl|0 fnt\n|faint|p1a: Garganacl\n|\n|win|alphamak\n|raw|leltrell's rating: 1324 → 1310<\/strong> (-14 for losing)\n|raw|alphamak's rating: 1433 → 1447<\/strong> (+14 for winning)\n|l|\u2606leltrell\n","uploadtime":1681686781,"views":13,"p1id":"leltrell","p2id":"alphamak","formatid":"gen9vgc2023regulationc","rating":1310,"private":0,"password":""}