{"id":"gen9vgc2023regulationc-1857211151","p1":"BMDL_Champ_Phenix","p2":"himsicle","format":"[Gen 9] VGC 2023 Regulation C","log":"|j|\u2606BMDL_Champ_Phenix\n|j|\u2606himsicle\n|t:|1683158507\n|gametype|doubles\n|player|p1|BMDL_Champ_Phenix|steven|\n|player|p2|himsicle|2|\n|teamsize|p1|6\n|teamsize|p2|6\n|gen|9\n|tier|[Gen 9] VGC 2023 Regulation C\n|rule|Species Clause: Limit one of each Pok\u00e9mon\n|rule|Item Clause: Limit one of each item\n|clearpoke\n|poke|p1|Iron Valiant, L50|\n|poke|p1|Murkrow, L50, F|\n|poke|p1|Palafin, L50, F|\n|poke|p1|Tinkaton, L50, F|\n|poke|p1|Dudunsparce-*, L50, F|\n|poke|p1|Mabosstiff, L50, F|\n|poke|p2|Orthworm, L50, M|\n|poke|p2|Gyarados, L50, F|\n|poke|p2|Garchomp, L50, F|\n|poke|p2|Rotom-Wash, L50|\n|poke|p2|Iron Bundle, L50|\n|poke|p2|Dachsbun, L50, M|\n|teampreview|4\n|c|\u2606himsicle|game 2\n|c|\u2606himsicle|glhf\n|c|\u2606BMDL_Champ_Phenix|same to you\n|\n|t:|1683158802\n|start\n|switch|p1a: Harley Quinn|Tinkaton, L50, F|100\/100\n|switch|p1b: Rex|Mabosstiff, L50, F|100\/100\n|switch|p2a: Iron Bundle|Iron Bundle, L50|100\/100\n|switch|p2b: Garchomp|Garchomp, L50, F|100\/100\n|-ability|p1b: Rex|Intimidate|boost\n|-unboost|p2a: Iron Bundle|atk|1\n|-unboost|p2b: Garchomp|atk|1\n|-ability|p1a: Harley Quinn|Mold Breaker\n|-enditem|p2a: Iron Bundle|Booster Energy\n|-activate|p2a: Iron Bundle|ability: Quark Drive|[fromitem]\n|-start|p2a: Iron Bundle|quarkdrivespe\n|turn|1\n|\n|t:|1683158839\n|move|p1a: Harley Quinn|Fake Out|p2b: Garchomp\n|-damage|p2b: Garchomp|94\/100\n|-damage|p1a: Harley Quinn|88\/100|[from] ability: Rough Skin|[of] p2b: Garchomp\n|move|p2a: Iron Bundle|Icy Wind|p1b: Rex|[spread] p1a,p1b\n|-resisted|p1a: Harley Quinn\n|-damage|p1a: Harley Quinn|79\/100\n|-damage|p1b: Rex|70\/100\n|-unboost|p1b: Rex|spe|1\n|cant|p2b: Garchomp|flinch\n|move|p1b: Rex|Crunch|p2a: Iron Bundle\n|-damage|p2a: Iron Bundle|41\/100\n|-damage|p1b: Rex|60\/100|[from] item: Life Orb\n|\n|upkeep\n|turn|2\n|\n|t:|1683158860\n|-terastallize|p1a: Harley Quinn|Fairy\n|move|p2a: Iron Bundle|Protect|p2a: Iron Bundle\n|-singleturn|p2a: Iron Bundle|Protect\n|move|p2b: Garchomp|Earthquake|p1a: Harley Quinn|[spread] p1a,p1b\n|-activate|p2a: Iron Bundle|move: Protect\n|-crit|p1a: Harley Quinn\n|-damage|p1a: Harley Quinn|35\/100\n|-damage|p1b: Rex|31\/100\n|move|p1a: Harley Quinn|Ice Hammer|p2b: Garchomp\n|-supereffective|p2b: Garchomp\n|-damage|p2b: Garchomp|36\/100\n|-unboost|p1a: Harley Quinn|spe|1\n|-damage|p1a: Harley Quinn|23\/100|[from] ability: Rough Skin|[of] p2b: Garchomp\n|move|p1b: Rex|Thunder Fang|p2a: Iron Bundle\n|-activate|p2a: Iron Bundle|move: Protect\n|\n|upkeep\n|turn|3\n|\n|t:|1683158888\n|-end|p2a: Iron Bundle|Quark Drive|[silent]\n|switch|p2a: Gyarados|Gyarados, L50, F|100\/100\n|-ability|p2a: Gyarados|Intimidate|boost\n|-fail|p1a: Harley Quinn|unboost|[from] item: Clear Amulet|[of] p1a: Harley Quinn\n|-unboost|p1b: Rex|atk|1\n|move|p2b: Garchomp|Earthquake|p1a: Harley Quinn|[spread] p1a,p1b\n|-immune|p2a: Gyarados\n|-damage|p1a: Harley Quinn|3\/100\n|-damage|p1b: Rex|3\/100\n|move|p1b: Rex|Thunder Fang|p2a: Gyarados\n|-supereffective|p2a: Gyarados\n|-damage|p2a: Gyarados|25\/100\n|-enditem|p2a: Gyarados|Eject Button\n|-damage|p1b: Rex|0 fnt|[from] item: Life Orb\n|faint|p1b: Rex\n|\n|t:|1683158905\n|switch|p2a: Iron Bundle|Iron Bundle, L50|41\/100\n|move|p1a: Harley Quinn|Play Rough|p2a: Iron Bundle\n|-damage|p2a: Iron Bundle|0 fnt\n|faint|p2a: Iron Bundle\n|-end|p2a: Iron Bundle|Quark Drive|[silent]\n|\n|upkeep\n|\n|t:|1683158915\n|switch|p2a: Rotom|Rotom-Wash, L50|100\/100\n|switch|p1b: Pythor|Dudunsparce-Three-Segment, L50, F|100\/100\n|turn|4\n|\n|t:|1683158942\n|move|p2b: Garchomp|Earthquake|p1b: Pythor|[spread] p1a,p1b\n|-immune|p2a: Rotom|[from] ability: Levitate\n|-damage|p1a: Harley Quinn|0 fnt\n|-damage|p1b: Pythor|78\/100\n|faint|p1a: Harley Quinn\n|move|p2a: Rotom|Thunderbolt|p1b: Pythor\n|-damage|p1b: Pythor|13\/100\n|move|p1b: Pythor|Ice Spinner|p2b: Garchomp\n|-supereffective|p2b: Garchomp\n|-damage|p2b: Garchomp|0 fnt\n|-damage|p1b: Pythor|1\/100|[from] ability: Rough Skin|[of] p2b: Garchomp\n|faint|p2b: Garchomp\n|\n|-heal|p1b: Pythor|7\/100|[from] item: Leftovers\n|upkeep\n|\n|t:|1683158957\n|switch|p2b: Gyarados|Gyarados, L50, F|25\/100\n|switch|p1a: Leonardo|Iron Valiant, L50|100\/100\n|-ability|p2b: Gyarados|Intimidate|boost\n|-unboost|p1a: Leonardo|atk|1\n|-unboost|p1b: Pythor|atk|1\n|-enditem|p1a: Leonardo|Booster Energy\n|-activate|p1a: Leonardo|ability: Quark Drive|[fromitem]\n|-start|p1a: Leonardo|quarkdrivespa\n|turn|5\n|\n|t:|1683158998\n|move|p1a: Leonardo|Moonblast|p2a: Rotom\n|-crit|p2a: Rotom\n|-damage|p2a: Rotom|0 fnt\n|faint|p2a: Rotom\n|move|p2b: Gyarados|Iron Head|p1a: Leonardo\n|-supereffective|p1a: Leonardo\n|-damage|p1a: Leonardo|36\/100\n|move|p1b: Pythor|Headbutt|p2b: Gyarados\n|-damage|p2b: Gyarados|8\/100\n|\n|-heal|p1b: Pythor|13\/100|[from] item: Leftovers\n|upkeep\n|turn|6\n|c|\u2606himsicle|oof the crit\n|c|\u2606BMDL_Champ_Phenix|that crit mattered SO BADLY :O\n|\n|t:|1683159019\n|-terastallize|p2b: Gyarados|Steel\n|move|p1a: Leonardo|Moonblast|p2b: Gyarados\n|-resisted|p2b: Gyarados\n|-damage|p2b: Gyarados|0 fnt\n|faint|p2b: Gyarados\n|\n|win|BMDL_Champ_Phenix\n|c|\u2606himsicle|haha prolly not gg\n","uploadtime":1683159047,"views":9,"p1id":"bmdlchampphenix","p2id":"himsicle","formatid":"gen9vgc2023regulationc","rating":0,"private":0,"password":""}