{"id":"gen9vgc2023regulationc-1847480034","p1":"The Penguinari","p2":"edhead64","format":"[Gen 9] VGC 2023 Regulation C","log":"|j|\u2606The Penguinari\n|j|\u2606edhead64\n|t:|1681960348\n|gametype|doubles\n|player|p1|The Penguinari|grimsley|\n|player|p2|edhead64|ethan|\n|teamsize|p1|6\n|teamsize|p2|6\n|gen|9\n|tier|[Gen 9] VGC 2023 Regulation C\n|rule|Species Clause: Limit one of each Pok\u00e9mon\n|rule|Item Clause: Limit one of each item\n|clearpoke\n|poke|p1|Iron Bundle, L50|\n|poke|p1|Amoonguss, L50, F|\n|poke|p1|Chi-Yu, L50|\n|poke|p1|Gyarados, L50, M|\n|poke|p1|Dragapult, L50, F|\n|poke|p1|Chien-Pao, L50|\n|poke|p2|Lycanroc, L50, F|\n|poke|p2|Tyranitar, L50, F|\n|poke|p2|Armarouge, L50, F|\n|poke|p2|Indeedee-F, L50, F|\n|poke|p2|Dondozo, L50, F|\n|poke|p2|Tatsugiri-Stretchy, L50, F|\n|teampreview|4\nedhead64 has agreed to open team sheets.\nThe Penguinari has agreed to open team sheets.\n|\n|t:|1681960414\n|start\n|switch|p1a: Dragapult|Dragapult, L50, F|100\/100\n|switch|p1b: Chien-Pao|Chien-Pao, L50|100\/100\n|switch|p2a: Lycanroc|Lycanroc, L50, F|100\/100\n|switch|p2b: Indeedee|Indeedee-F, L50, F|100\/100\n|-ability|p1b: Chien-Pao|Sword of Ruin\n|-fieldstart|move: Psychic Terrain|[from] ability: Psychic Surge|[of] p2b: Indeedee\n|turn|1\n|\n|t:|1681960446\n|switch|p2b: Tyranitar|Tyranitar, L50, F|100\/100\n|-weather|Sandstorm|[from] ability: Sand Stream|[of] p2b: Tyranitar\n|move|p2a: Lycanroc|Rock Slide|p1a: Dragapult|[spread] p1a,p1b\n|-supereffective|p1b: Chien-Pao\n|-damage|p1a: Dragapult|45\/100\n|-damage|p1b: Chien-Pao|12\/100\n|cant|p1a: Dragapult|flinch\n|cant|p1b: Chien-Pao|flinch\n|\n|-weather|Sandstorm|[upkeep]\n|-damage|p1a: Dragapult|39\/100|[from] Sandstorm\n|-damage|p1b: Chien-Pao|6\/100|[from] Sandstorm\n|upkeep\n|turn|2\n|\n|t:|1681960478\n|switch|p1b: Amoonguss|Amoonguss, L50, F|100\/100\n|-terastallize|p1a: Dragapult|Steel\n|move|p2a: Lycanroc|Rock Slide|p1b: Amoonguss|[spread] p1b\n|-miss|p2a: Lycanroc|p1a: Dragapult\n|-damage|p1b: Amoonguss|78\/100\n|move|p1a: Dragapult|U-turn|p2b: Tyranitar\n|-supereffective|p2b: Tyranitar\n|-damage|p2b: Tyranitar|44\/100\n|\n|t:|1681960490\n|switch|p1a: Iron Bundle|Iron Bundle, L50|100\/100|[from] U-turn\n|-enditem|p1a: Iron Bundle|Booster Energy\n|-activate|p1a: Iron Bundle|ability: Quark Drive|[fromitem]\n|-start|p1a: Iron Bundle|quarkdrivespe\n|move|p2b: Tyranitar|Ice Punch|p1a: Iron Bundle\n|-resisted|p1a: Iron Bundle\n|-damage|p1a: Iron Bundle|89\/100\n|\n|-weather|Sandstorm|[upkeep]\n|-damage|p1a: Iron Bundle|83\/100|[from] Sandstorm\n|-damage|p1b: Amoonguss|72\/100|[from] Sandstorm\n|upkeep\n|turn|3\n|\n|t:|1681960518\n|move|p1a: Iron Bundle|Protect|p1a: Iron Bundle\n|-singleturn|p1a: Iron Bundle|Protect\n|move|p2a: Lycanroc|Rock Slide|p1a: Iron Bundle|[spread] p1b\n|-activate|p1a: Iron Bundle|move: Protect\n|-damage|p1b: Amoonguss|46\/100\n|-enditem|p1b: Amoonguss|Sitrus Berry|[eat]\n|-heal|p1b: Amoonguss|71\/100|[from] item: Sitrus Berry\n|move|p2b: Tyranitar|Ice Punch|p1b: Amoonguss\n|-supereffective|p1b: Amoonguss\n|-damage|p1b: Amoonguss|7\/100\n|move|p1b: Amoonguss|Spore|p2a: Lycanroc\n|-status|p2a: Lycanroc|slp|[from] move: Spore\n|\n|-weather|Sandstorm|[upkeep]\n|-damage|p1a: Iron Bundle|77\/100|[from] Sandstorm\n|-damage|p1b: Amoonguss|1\/100|[from] Sandstorm\n|upkeep\n|turn|4\n|\n|t:|1681960554\n|switch|p2b: Indeedee|Indeedee-F, L50, F|100\/100\n|switch|p1b: Dragapult|Dragapult, L50, F, tera:Steel|39\/100\n|cant|p2a: Lycanroc|slp\n|move|p1a: Iron Bundle|Hydro Pump|p2b: Indeedee\n|-damage|p2b: Indeedee|41\/100\n|\n|-weather|Sandstorm|[upkeep]\n|-damage|p1a: Iron Bundle|72\/100|[from] Sandstorm\n|upkeep\n|turn|5\n|\n|t:|1681960589\n|cant|p2a: Lycanroc|slp\n|move|p1a: Iron Bundle|Hydro Pump|p2a: Lycanroc\n|-supereffective|p2a: Lycanroc\n|-enditem|p2a: Lycanroc|Focus Sash\n|-damage|p2a: Lycanroc|1\/100 slp\n|move|p1b: Dragapult|Tera Blast|p2a: Lycanroc\n|-supereffective|p2a: Lycanroc\n|-damage|p2a: Lycanroc|0 fnt\n|faint|p2a: Lycanroc\n|move|p2b: Indeedee|Trick Room|p2b: Indeedee\n|-fieldstart|move: Trick Room|[of] p2b: Indeedee\n|\n|-weather|none\n|-fieldend|move: Psychic Terrain\n|upkeep\n|\n|t:|1681960606\n|switch|p2a: Tyranitar|Tyranitar, L50, F|44\/100\n|-weather|Sandstorm|[from] ability: Sand Stream|[of] p2a: Tyranitar\n|turn|6\n|\n|t:|1681960641\n|switch|p2b: Armarouge|Armarouge, L50, F|100\/100\n|move|p2a: Tyranitar|Low Kick|p1a: Iron Bundle\n|-supereffective|p1a: Iron Bundle\n|-damage|p1a: Iron Bundle|24\/100\n|move|p1b: Dragapult|Tera Blast|p2a: Tyranitar\n|-supereffective|p2a: Tyranitar\n|-crit|p2a: Tyranitar\n|-damage|p2a: Tyranitar|0 fnt\n|faint|p2a: Tyranitar\n|move|p1a: Iron Bundle|Hydro Pump|p2b: Armarouge\n|-supereffective|p2b: Armarouge\n|-damage|p2b: Armarouge|0 fnt\n|faint|p2b: Armarouge\n|\n|-weather|Sandstorm|[upkeep]\n|-damage|p1a: Iron Bundle|19\/100|[from] Sandstorm\n|upkeep\n|\n|t:|1681960657\n|switch|p2b: Indeedee|Indeedee-F, L50, F|41\/100\n|-fieldstart|move: Psychic Terrain|[from] ability: Psychic Surge|[of] p2b: Indeedee\n|turn|7\n|\n|t:|1681960670\n|move|p2b: Indeedee|Dazzling Gleam|p1a: Iron Bundle|[spread] p1a,p1b\n|-resisted|p1b: Dragapult\n|-damage|p1a: Iron Bundle|0 fnt\n|-damage|p1b: Dragapult|28\/100\n|faint|p1a: Iron Bundle\n|-end|p1a: Iron Bundle|Quark Drive|[silent]\n|move|p1b: Dragapult|Tera Blast|p2b: Indeedee\n|-damage|p2b: Indeedee|0 fnt\n|faint|p2b: Indeedee\n|\n|win|The Penguinari\n|c|\u2606The Penguinari|gg\n|l|\u2606The Penguinari\n","uploadtime":1681960679,"views":12,"p1id":"thepenguinari","p2id":"edhead64","formatid":"gen9vgc2023regulationc","rating":0,"private":0,"password":""}