{"id":"gen9vgc2023regulationc-1862258565","p1":"aggron zheng","p2":"Tanner Mask","format":"[Gen 9] VGC 2023 Regulation C","log":"|j|\u2606aggron zheng\n|j|\u2606Tanner Mask\n|t:|1683856148\n|gametype|doubles\n|player|p1|aggron zheng|169|1544\n|player|p2|Tanner Mask|plasmagrunt-gen5bw|1530\n|teamsize|p1|6\n|teamsize|p2|6\n|gen|9\n|tier|[Gen 9] VGC 2023 Regulation C\n|rated|\n|rule|Species Clause: Limit one of each Pok\u00e9mon\n|rule|Item Clause: Limit one of each item\n|clearpoke\n|poke|p1|Dondozo, L50, F|\n|poke|p1|Tatsugiri, L50, M|\n|poke|p1|Chi-Yu, L50|\n|poke|p1|Iron Bundle, L50|\n|poke|p1|Dragonite, L50, M|\n|poke|p1|Glimmora, L50, M|\n|poke|p2|Bronzong, L50|\n|poke|p2|Iron Hands, L50|\n|poke|p2|Palafin, L50, F|\n|poke|p2|Pelipper, L50, F|\n|poke|p2|Iron Bundle, L50|\n|poke|p2|Amoonguss, L50, M|\n|teampreview|4\n|c|\u2606aggron zheng|glhf\naggron zheng has agreed to open team sheets.\nTanner Mask has agreed to open team sheets.\n|\n|t:|1683856259\n|start\n|switch|p1a: Glimmora|Glimmora, L50, M|100\/100\n|switch|p1b: Dondozo|Dondozo, L50, F|100\/100\n|switch|p2a: Palafin|Palafin, L50, F|100\/100\n|switch|p2b: Iron Hands|Iron Hands, L50|100\/100\n|turn|1\n|j| Gopii\n|\n|t:|1683856305\n|detailschange|p2a: Palafin|Palafin-Hero, L50, F\n|switch|p2a: Iron Bundle|Iron Bundle, L50|100\/100\n|-enditem|p2a: Iron Bundle|Booster Energy\n|-activate|p2a: Iron Bundle|ability: Quark Drive|[fromitem]\n|-start|p2a: Iron Bundle|quarkdrivespe\n|move|p1a: Glimmora|Mortal Spin|p2b: Iron Hands|[spread] p2a,p2b\n|-damage|p2a: Iron Bundle|95\/100\n|-damage|p2b: Iron Hands|98\/100\n|-status|p2a: Iron Bundle|psn\n|-status|p2b: Iron Hands|psn\n|move|p1b: Dondozo|Wave Crash|p2b: Iron Hands\n|-damage|p2b: Iron Hands|70\/100 psn\n|-damage|p1b: Dondozo|90\/100|[from] Recoil\n|move|p2b: Iron Hands|Drain Punch|p1a: Glimmora\n|-damage|p1a: Glimmora|68\/100\n|-heal|p2b: Iron Hands|82\/100 psn|[from] drain|[of] p1a: Glimmora\n|-activate|p1a: Glimmora|ability: Toxic Debris\n|-sidestart|p2: Tanner Mask|move: Toxic Spikes\n|\n|-heal|p1b: Dondozo|96\/100|[from] item: Leftovers\n|-damage|p2a: Iron Bundle|83\/100 psn|[from] psn\n|-damage|p2b: Iron Hands|69\/100 psn|[from] psn\n|upkeep\n|turn|2\n|\n|t:|1683856340\n|switch|p1a: Tatsugiri|Tatsugiri, L50, M|100\/100\n|-activate|p1a: Tatsugiri|ability: Commander|[of] p1b: Dondozo\n|-boost|p1b: Dondozo|atk|2\n|-boost|p1b: Dondozo|spa|2\n|-boost|p1b: Dondozo|spe|2\n|-boost|p1b: Dondozo|def|2\n|-boost|p1b: Dondozo|spd|2\n|move|p1b: Dondozo|Protect|p1b: Dondozo\n|-singleturn|p1b: Dondozo|Protect\n|move|p2a: Iron Bundle|Encore|p1a: Tatsugiri|[miss]\n|-miss|p2a: Iron Bundle|p1a: Tatsugiri\n|move|p2b: Iron Hands|Wild Charge|p1b: Dondozo\n|-activate|p1b: Dondozo|move: Protect\n|\n|-heal|p1b: Dondozo|100\/100|[from] item: Leftovers\n|-damage|p2a: Iron Bundle|71\/100 psn|[from] psn\n|-damage|p2b: Iron Hands|57\/100 psn|[from] psn\n|upkeep\n|turn|3\n|\n|t:|1683856361\n|-end|p2b: Iron Hands|Quark Drive|[silent]\n|switch|p2b: Amoonguss|Amoonguss, L50, M|100\/100\n|-sideend|p2: Tanner Mask|move: Toxic Spikes|[of] p2b: Amoonguss\n|-terastallize|p1b: Dondozo|Grass\n|move|p2a: Iron Bundle|Encore|p1b: Dondozo\n|-start|p1b: Dondozo|Encore\n|move|p1b: Dondozo|Protect||[still]\n|-fail|p1b: Dondozo\n|\n|-damage|p2a: Iron Bundle|59\/100 psn|[from] psn\n|upkeep\n|turn|4\n|j| THUNDERSND77\n|\n|t:|1683856372\n|switch|p2b: Palafin|Palafin-Hero, L50, F|100\/100\n|-activate|p2b: Palafin|ability: Zero to Hero\n|move|p1b: Dondozo|Protect|p1b: Dondozo\n|-singleturn|p1b: Dondozo|Protect\n|move|p2a: Iron Bundle|Freeze-Dry|p1b: Dondozo\n|-activate|p1b: Dondozo|move: Protect\n|\n|-damage|p2a: Iron Bundle|46\/100 psn|[from] psn\n|upkeep\n|turn|5\n|\n|t:|1683856380\n|move|p1b: Dondozo|Protect||[still]\n|-fail|p1b: Dondozo\n|move|p2a: Iron Bundle|Freeze-Dry|p1b: Dondozo\n|-supereffective|p1b: Dondozo\n|-damage|p1b: Dondozo|69\/100\n|move|p2b: Palafin|Haze|p2b: Palafin\n|-clearallboost\n|\n|-heal|p1b: Dondozo|75\/100|[from] item: Leftovers\n|-damage|p2a: Iron Bundle|34\/100 psn|[from] psn\n|-end|p1b: Dondozo|Encore\n|upkeep\n|turn|6\n|\n|t:|1683856392\n|switch|p2b: Amoonguss|Amoonguss, L50, M|100\/100\n|move|p2a: Iron Bundle|Encore|p1b: Dondozo\n|-start|p1b: Dondozo|Encore\n|move|p1b: Dondozo|Protect||[still]\n|-fail|p1b: Dondozo\n|\n|-heal|p1b: Dondozo|81\/100|[from] item: Leftovers\n|-damage|p2a: Iron Bundle|22\/100 psn|[from] psn\n|upkeep\n|turn|7\n|j| Brotherarcanine\n|\n|t:|1683856404\n|move|p1b: Dondozo|Protect|p1b: Dondozo\n|-singleturn|p1b: Dondozo|Protect\n|move|p2a: Iron Bundle|Freeze-Dry|p1b: Dondozo\n|-activate|p1b: Dondozo|move: Protect\n|move|p2b: Amoonguss|Pollen Puff|p2a: Iron Bundle\n|-heal|p2a: Iron Bundle|71\/100 psn\n|\n|-heal|p1b: Dondozo|87\/100|[from] item: Leftovers\n|-damage|p2a: Iron Bundle|59\/100 psn|[from] psn\n|upkeep\n|turn|8\n|\n|t:|1683856409\n|move|p1b: Dondozo|Protect||[still]\n|-fail|p1b: Dondozo\n|move|p2a: Iron Bundle|Freeze-Dry|p1b: Dondozo\n|-supereffective|p1b: Dondozo\n|-damage|p1b: Dondozo|26\/100\n|move|p2b: Amoonguss|Pollen Puff|p2a: Iron Bundle\n|-heal|p2a: Iron Bundle|100\/100 psn\n|\n|-heal|p1b: Dondozo|32\/100|[from] item: Leftovers\n|-damage|p2a: Iron Bundle|88\/100 psn|[from] psn\n|-end|p1b: Dondozo|Encore\n|upkeep\n|turn|9\n|\n|t:|1683856426\n|move|p2a: Iron Bundle|Freeze-Dry|p1b: Dondozo\n|-supereffective|p1b: Dondozo\n|-damage|p1b: Dondozo|0 fnt\n|faint|p1b: Dondozo\n|move|p2b: Amoonguss|Spore|p1a: Tatsugiri\n|-status|p1a: Tatsugiri|slp|[from] move: Spore\n|\n|-damage|p2a: Iron Bundle|76\/100 psn|[from] psn\n|upkeep\n|\n|t:|1683856459\n|switch|p1b: Iron Bundle|Iron Bundle, L50, shiny|100\/100\n|-enditem|p1b: Iron Bundle|Booster Energy\n|-activate|p1b: Iron Bundle|ability: Quark Drive|[fromitem]\n|-start|p1b: Iron Bundle|quarkdrivespe\n|turn|10\n|\n|t:|1683856488\n|move|p1b: Iron Bundle|Protect|p1b: Iron Bundle\n|-singleturn|p1b: Iron Bundle|Protect\n|move|p2a: Iron Bundle|Freeze-Dry|p1a: Tatsugiri\n|-supereffective|p1a: Tatsugiri\n|-damage|p1a: Tatsugiri|0 fnt\n|faint|p1a: Tatsugiri\n|move|p2b: Amoonguss|Spore|p1b: Iron Bundle\n|-activate|p1b: Iron Bundle|move: Protect\n|\n|-damage|p2a: Iron Bundle|64\/100 psn|[from] psn\n|upkeep\n|c|\u2606aggron zheng|gg\n|-message|aggron zheng forfeited.\n|\n|win|Tanner Mask\n|raw|aggron zheng's rating: 1544 → 1523<\/strong> (-21 for losing)\n|raw|Tanner Mask's rating: 1530 → 1551<\/strong> (+21 for winning)\n|l| Gopii\n|l| Brotherarcanine\n|l|\u2606Tanner Mask\n|l| THUNDERSND77\n","uploadtime":1683857193,"views":9,"p1id":"aggronzheng","p2id":"tannermask","formatid":"gen9vgc2023regulationc","rating":1523,"private":0,"password":""}