{"id":"gen9vgc2023regulationc-1847414056","p1":"Roden-AB","p2":"ANTIVALLEY","format":"[Gen 9] VGC 2023 Regulation C","log":"|j|\u2606Roden-AB\n|j|\u2606ANTIVALLEY\n|t:|1681952278\n|gametype|doubles\n|player|p1|Roden-AB|ingo|1219\n|player|p2|ANTIVALLEY|penny|1329\n|teamsize|p1|6\n|teamsize|p2|6\n|gen|9\n|tier|[Gen 9] VGC 2023 Regulation C\n|rated|\n|rule|Species Clause: Limit one of each Pok\u00e9mon\n|rule|Item Clause: Limit one of each item\n|clearpoke\n|poke|p1|Spidops, L50, F|\n|poke|p1|Chien-Pao, L50|\n|poke|p1|Arcanine, L50, M|\n|poke|p1|Flutter Mane, L50|\n|poke|p1|Azumarill, L50, M|\n|poke|p1|Tsareena, L50, F|\n|poke|p2|Orthworm, L50, M|\n|poke|p2|Dragonite, L50, M|\n|poke|p2|Ting-Lu, L50|\n|poke|p2|Gyarados, L50, F|\n|poke|p2|Flutter Mane, L50|\n|poke|p2|Chien-Pao, L50|\n|teampreview|4\nANTIVALLEY rejected open team sheets.\n|\n|t:|1681952369\n|start\n|switch|p1a: Flutter Mane|Flutter Mane, L50|100\/100\n|switch|p1b: Spidops|Spidops, L50, F|100\/100\n|switch|p2a: Orthworm|Orthworm, L50, M|100\/100\n|switch|p2b: Ting-Lu|Ting-Lu, L50|100\/100\n|-ability|p2b: Ting-Lu|Vessel of Ruin\n|turn|1\n|\n|t:|1681952430\n|move|p1b: Spidops|First Impression|p2b: Ting-Lu\n|-supereffective|p2b: Ting-Lu\n|-damage|p2b: Ting-Lu|56\/100\n|move|p1a: Flutter Mane|Moonblast|p2b: Ting-Lu\n|-supereffective|p2b: Ting-Lu\n|-damage|p2b: Ting-Lu|0 fnt\n|faint|p2b: Ting-Lu\n|move|p2a: Orthworm|Heavy Slam|p1a: Flutter Mane\n|-supereffective|p1a: Flutter Mane\n|-enditem|p1a: Flutter Mane|Focus Sash\n|-damage|p1a: Flutter Mane|1\/100\n|\n|upkeep\n|\n|t:|1681952463\n|switch|p2b: Flutter Mane|Flutter Mane, L50|100\/100\n|turn|2\n|\n|t:|1681952478\n|move|p1a: Flutter Mane|Protect|p1a: Flutter Mane\n|-singleturn|p1a: Flutter Mane|Protect\n|move|p2b: Flutter Mane|Dazzling Gleam|p1b: Spidops|[spread] p1b\n|-activate|p1a: Flutter Mane|move: Protect\n|-damage|p1b: Spidops|48\/100\n|-enditem|p1b: Spidops|Sitrus Berry|[eat]\n|-heal|p1b: Spidops|73\/100|[from] item: Sitrus Berry\n|move|p2a: Orthworm|Iron Defense|p2a: Orthworm\n|-boost|p2a: Orthworm|def|2\n|move|p1b: Spidops|Circle Throw|p2a: Orthworm\n|-supereffective|p2a: Orthworm\n|-damage|p2a: Orthworm|88\/100\n|drag|p2a: Gyarados|Gyarados, L50, F|100\/100\n|-ability|p2a: Gyarados|Intimidate|boost\n|-unboost|p1a: Flutter Mane|atk|1\n|-unboost|p1b: Spidops|atk|1\n|\n|upkeep\n|turn|3\n|\n|t:|1681952513\n|-end|p1a: Flutter Mane|Protosynthesis|[silent]\n|switch|p1a: Azumarill|Azumarill, L50, M|100\/100\n|move|p1b: Spidops|Silk Trap|p1b: Spidops\n|-singleturn|p1b: Spidops|Protect\n|move|p2b: Flutter Mane|Dazzling Gleam|p1b: Spidops|[spread] p1a\n|-activate|p1b: Spidops|move: Protect\n|-damage|p1a: Azumarill|71\/100\n|move|p2a: Gyarados|Waterfall|p1a: Azumarill\n|-resisted|p1a: Azumarill\n|-damage|p1a: Azumarill|54\/100\n|\n|upkeep\n|turn|4\n|\n|t:|1681952543\n|switch|p2a: Orthworm|Orthworm, L50, M|88\/100\n|switch|p1b: Flutter Mane|Flutter Mane, L50|1\/100\n|-terastallize|p2b: Flutter Mane|Fairy\n|move|p2b: Flutter Mane|Dazzling Gleam|p1b: Flutter Mane|[spread] p1a,p1b\n|-damage|p1a: Azumarill|12\/100\n|-damage|p1b: Flutter Mane|0 fnt\n|faint|p1b: Flutter Mane\n|-end|p1b: Flutter Mane|Protosynthesis|[silent]\n|move|p1a: Azumarill|Liquidation|p2b: Flutter Mane\n|-damage|p2b: Flutter Mane|18\/100\n|\n|upkeep\n|\n|t:|1681952557\n|switch|p1b: Spidops|Spidops, L50, F|73\/100\n|turn|5\n|\n|t:|1681952570\n|-end|p2b: Flutter Mane|Protosynthesis|[silent]\n|switch|p2b: Gyarados|Gyarados, L50, F|100\/100\n|-ability|p2b: Gyarados|Intimidate|boost\n|-unboost|p1a: Azumarill|atk|1\n|-unboost|p1b: Spidops|atk|1\n|move|p1b: Spidops|First Impression|p2b: Gyarados\n|-resisted|p2b: Gyarados\n|-damage|p2b: Gyarados|89\/100\n|move|p2a: Orthworm|Heavy Slam|p1a: Azumarill\n|-damage|p1a: Azumarill|0 fnt\n|faint|p1a: Azumarill\n|\n|upkeep\n|\n|t:|1681952576\n|switch|p1a: Chien-Pao|Chien-Pao, L50|100\/100\n|-ability|p1a: Chien-Pao|Sword of Ruin\n|turn|6\n|\n|t:|1681952597\n|-terastallize|p1a: Chien-Pao|Ghost\n|move|p1a: Chien-Pao|Ice Spinner|p2b: Gyarados\n|-damage|p2b: Gyarados|17\/100\n|-damage|p1a: Chien-Pao|91\/100|[from] item: Life Orb\n|move|p2b: Gyarados|Bulldoze|p1a: Chien-Pao|[spread] p1a,p1b\n|-heal|p2a: Orthworm|100\/100|[from] ability: Earth Eater|[of] p2b: Gyarados\n|-resisted|p1b: Spidops\n|-damage|p1a: Chien-Pao|74\/100\n|-damage|p1b: Spidops|64\/100\n|-unboost|p1a: Chien-Pao|spe|1\n|-unboost|p1b: Spidops|spe|1\n|move|p2a: Orthworm|Body Press|p1a: Chien-Pao\n|-immune|p1a: Chien-Pao\n|move|p1b: Spidops|Circle Throw|p2a: Orthworm\n|-supereffective|p2a: Orthworm\n|-damage|p2a: Orthworm|80\/100\n|drag|p2a: Flutter Mane|Flutter Mane, L50, tera:Fairy|18\/100\n|\n|upkeep\n|turn|7\n|\n|t:|1681952636\n|move|p1a: Chien-Pao|Sucker Punch|p2a: Flutter Mane\n|-resisted|p2a: Flutter Mane\n|-damage|p2a: Flutter Mane|0 fnt\n|faint|p2a: Flutter Mane\n|-end|p2a: Flutter Mane|Protosynthesis|[silent]\n|-damage|p1a: Chien-Pao|64\/100|[from] item: Life Orb\n|move|p2b: Gyarados|Waterfall|p1b: Spidops\n|-damage|p1b: Spidops|8\/100\n|move|p1b: Spidops|Circle Throw|p2b: Gyarados\n|-resisted|p2b: Gyarados\n|-damage|p2b: Gyarados|9\/100\n|drag|p2b: Orthworm|Orthworm, L50, M|80\/100\n|\n|upkeep\n|\n|t:|1681952646\n|switch|p2a: Gyarados|Gyarados, L50, F|9\/100\n|-ability|p2a: Gyarados|Intimidate|boost\n|-unboost|p1a: Chien-Pao|atk|1\n|-unboost|p1b: Spidops|atk|1\n|turn|8\n|\n|t:|1681952676\n|move|p1a: Chien-Pao|Sucker Punch||[still]\n|-fail|p1a: Chien-Pao\n|move|p2a: Gyarados|Thunder Wave|p1b: Spidops\n|-status|p1b: Spidops|par\n|move|p2b: Orthworm|Heavy Slam|p1a: Chien-Pao\n|-damage|p1a: Chien-Pao|37\/100\n|move|p1b: Spidops|Circle Throw|p2b: Orthworm\n|-supereffective|p2b: Orthworm\n|-damage|p2b: Orthworm|64\/100\n|\n|upkeep\n|turn|9\n|\n|t:|1681952698\n|move|p1b: Spidops|Feint|p2a: Gyarados\n|-damage|p2a: Gyarados|4\/100\n|move|p1a: Chien-Pao|Sacred Sword|p2b: Orthworm\n|-supereffective|p2b: Orthworm\n|-damage|p2b: Orthworm|16\/100\n|-enditem|p2b: Orthworm|Sitrus Berry|[eat]\n|-heal|p2b: Orthworm|41\/100|[from] item: Sitrus Berry\n|-damage|p1a: Chien-Pao|27\/100|[from] item: Life Orb\n|move|p2a: Gyarados|Thunder Wave|p1a: Chien-Pao\n|-status|p1a: Chien-Pao|par\n|move|p2b: Orthworm|Iron Defense|p2b: Orthworm\n|-boost|p2b: Orthworm|def|2\n|\n|upkeep\n|turn|10\n|\n|t:|1681952720\n|move|p1b: Spidops|Feint|p2b: Orthworm\n|-resisted|p2b: Orthworm\n|-damage|p2b: Orthworm|40\/100\n|move|p2a: Gyarados|Bulldoze|p1b: Spidops|[spread] p1a,p1b\n|-heal|p2b: Orthworm|65\/100|[from] ability: Earth Eater|[of] p2a: Gyarados\n|-resisted|p1b: Spidops\n|-damage|p1a: Chien-Pao|11\/100 par\n|-damage|p1b: Spidops|0 fnt\n|-unboost|p1a: Chien-Pao|spe|1\n|faint|p1b: Spidops\n|move|p2b: Orthworm|Heavy Slam|p1a: Chien-Pao\n|-damage|p1a: Chien-Pao|0 fnt\n|faint|p1a: Chien-Pao\n|\n|win|ANTIVALLEY\n|raw|Roden-AB's rating: 1219 → 1202<\/strong> (-17 for losing)\n|raw|ANTIVALLEY's rating: 1329 → 1343<\/strong> (+14 for winning)\n|l|\u2606Roden-AB\n","uploadtime":1681952731,"views":17,"p1id":"rodenab","p2id":"antivalley","formatid":"gen9vgc2023regulationc","rating":1202,"private":0,"password":""}