{"id":"gen9vgc2023regulationc-1854505994","p1":"Zeltink","p2":"windows11istrash","format":"[Gen 9] VGC 2023 Regulation C","log":"|j|\u2606Zeltink\n|j|\u2606windows11istrash\n|t:|1682819717\n|gametype|doubles\n|player|p1|Zeltink|ethan|1023\n|player|p2|windows11istrash|266|1000\n|teamsize|p1|6\n|teamsize|p2|6\n|gen|9\n|tier|[Gen 9] VGC 2023 Regulation C\n|rated|\n|rule|Species Clause: Limit one of each Pok\u00e9mon\n|rule|Item Clause: Limit one of each item\n|clearpoke\n|poke|p1|Lycanroc-Dusk, L50, F|\n|poke|p1|Dragonite, L50, F|\n|poke|p1|Palafin, L50, M|\n|poke|p1|Arcanine, L50, F|\n|poke|p1|Tyranitar, L50, F|\n|poke|p1|Kingambit, L50, M|\n|poke|p2|Ting-Lu, L50|\n|poke|p2|Cyclizar, L50, M|\n|poke|p2|Maushold, L50|\n|poke|p2|Amoonguss, L50, M|\n|poke|p2|Dragonite, L50, M|\n|poke|p2|Chi-Yu, L50|\n|teampreview|4\nwindows11istrash rejected open team sheets.\n|\n|t:|1682819769\n|start\n|switch|p1a: Palafin|Palafin, L50, M, shiny|100\/100\n|switch|p1b: Tyranitar|Tyranitar, L50, F, shiny|100\/100\n|switch|p2a: Maushold|Maushold, L50|100\/100\n|switch|p2b: Amoonguss|Amoonguss, L50, M|100\/100\n|-weather|Sandstorm|[from] ability: Sand Stream|[of] p1b: Tyranitar\n|turn|1\n|\n|t:|1682819792\n|detailschange|p1a: Palafin|Palafin-Hero, L50, M, shiny\n|switch|p1a: Lycanroc|Lycanroc-Dusk, L50, F|100\/100\n|move|p2a: Maushold|After You|p2b: Amoonguss\n|-activate|p2b: Amoonguss|move: After You\n|move|p2b: Amoonguss|Spore|p1b: Tyranitar\n|-status|p1b: Tyranitar|slp|[from] move: Spore\n|cant|p1b: Tyranitar|slp\n|\n|-weather|Sandstorm|[upkeep]\n|-damage|p2a: Maushold|94\/100|[from] Sandstorm\n|-damage|p2b: Amoonguss|95\/100|[from] Sandstorm\n|upkeep\n|turn|2\n|inactive|Battle timer is ON: inactive players will automatically lose when time's up. (requested by windows11istrash)\n|\n|t:|1682819860\n|move|p1a: Lycanroc|Protect|p1a: Lycanroc\n|-singleturn|p1a: Lycanroc|Protect\n|move|p2a: Maushold|After You|p2b: Amoonguss\n|-activate|p2b: Amoonguss|move: After You\n|move|p2b: Amoonguss|Spore|p1a: Lycanroc\n|-activate|p1a: Lycanroc|move: Protect\n|cant|p1b: Tyranitar|slp\n|\n|-weather|Sandstorm|[upkeep]\n|-damage|p2a: Maushold|88\/100|[from] Sandstorm\n|-damage|p2b: Amoonguss|89\/100|[from] Sandstorm\n|upkeep\n|turn|3\n|\n|t:|1682819879\n|-terastallize|p1b: Tyranitar|Flying\n|move|p2a: Maushold|After You|p2b: Amoonguss\n|-activate|p2b: Amoonguss|move: After You\n|move|p2b: Amoonguss|Spore|p1a: Lycanroc\n|-status|p1a: Lycanroc|slp|[from] move: Spore\n|cant|p1a: Lycanroc|slp\n|-curestatus|p1b: Tyranitar|slp|[msg]\n|move|p1b: Tyranitar|Tera Blast|p2b: Amoonguss\n|-supereffective|p2b: Amoonguss\n|-damage|p2b: Amoonguss|15\/100\n|\n|-weather|Sandstorm|[upkeep]\n|-damage|p2a: Maushold|82\/100|[from] Sandstorm\n|-damage|p1b: Tyranitar|95\/100|[from] Sandstorm\n|-damage|p2b: Amoonguss|9\/100|[from] Sandstorm\n|upkeep\n|turn|4\n|\n|t:|1682819899\n|move|p2a: Maushold|After You|p2b: Amoonguss\n|-activate|p2b: Amoonguss|move: After You\n|move|p2b: Amoonguss|Spore|p1b: Tyranitar\n|-status|p1b: Tyranitar|slp|[from] move: Spore\n|cant|p1a: Lycanroc|slp\n|cant|p1b: Tyranitar|slp\n|\n|-weather|Sandstorm|[upkeep]\n|-damage|p2a: Maushold|76\/100|[from] Sandstorm\n|-damage|p1b: Tyranitar|89\/100 slp|[from] Sandstorm\n|-damage|p2b: Amoonguss|3\/100|[from] Sandstorm\n|upkeep\n|turn|5\n|inactive|Zeltink has 30 seconds left.\n|\n|t:|1682819924\n|switch|p2a: Dragonite|Dragonite, L50, M|100\/100\n|move|p2b: Amoonguss|Rage Powder|p2b: Amoonguss\n|-singleturn|p2b: Amoonguss|move: Rage Powder\n|-curestatus|p1a: Lycanroc|slp|[msg]\n|move|p1a: Lycanroc|Rock Slide|p2a: Dragonite|[spread] p2a,p2b\n|-supereffective|p2a: Dragonite\n|-damage|p2a: Dragonite|68\/100\n|-damage|p2b: Amoonguss|0 fnt\n|faint|p2b: Amoonguss\n|cant|p1b: Tyranitar|slp\n|\n|-weather|none\n|upkeep\n|\n|t:|1682819936\n|switch|p2b: Maushold|Maushold, L50|76\/100\n|turn|6\n|\n|t:|1682819953\n|move|p1a: Lycanroc|Protect|p1a: Lycanroc\n|-singleturn|p1a: Lycanroc|Protect\n|move|p2b: Maushold|After You|p2a: Dragonite\n|-activate|p2a: Dragonite|move: After You\n|move|p2a: Dragonite|Aqua Tail|p1a: Lycanroc\n|-activate|p1a: Lycanroc|move: Protect\n|cant|p1b: Tyranitar|slp\n|\n|upkeep\n|turn|7\n|\n|t:|1682819969\n|move|p2b: Maushold|After You|p2a: Dragonite\n|-activate|p2a: Dragonite|move: After You\n|move|p2a: Dragonite|Dragon Dance|p2a: Dragonite\n|-boost|p2a: Dragonite|atk|1\n|-boost|p2a: Dragonite|spe|1\n|move|p1a: Lycanroc|Rock Slide|p2a: Dragonite|[spread] p2a\n|-miss|p1a: Lycanroc|p2b: Maushold\n|-supereffective|p2a: Dragonite\n|-damage|p2a: Dragonite|26\/100\n|-curestatus|p1b: Tyranitar|slp|[msg]\n|move|p1b: Tyranitar|Rock Slide|p2a: Dragonite|[spread] p2a,p2b\n|-supereffective|p2a: Dragonite\n|-damage|p2a: Dragonite|0 fnt\n|-damage|p2b: Maushold|30\/100\n|faint|p2a: Dragonite\n|\n|upkeep\n|\n|t:|1682819978\n|switch|p2a: Ting-Lu|Ting-Lu, L50|100\/100\n|-ability|p2a: Ting-Lu|Vessel of Ruin\n|turn|8\n|\n|t:|1682820001\n|move|p2b: Maushold|After You|p2a: Ting-Lu\n|-activate|p2a: Ting-Lu|move: After You\n|move|p2a: Ting-Lu|Body Slam|p1b: Tyranitar\n|-damage|p1b: Tyranitar|67\/100\n|move|p1a: Lycanroc|Close Combat|p2b: Maushold\n|-supereffective|p2b: Maushold\n|-damage|p2b: Maushold|0 fnt\n|-unboost|p1a: Lycanroc|def|1\n|-unboost|p1a: Lycanroc|spd|1\n|faint|p2b: Maushold\n|move|p1b: Tyranitar|Rock Slide|p2a: Ting-Lu\n|-resisted|p2a: Ting-Lu\n|-damage|p2a: Ting-Lu|88\/100\n|\n|upkeep\n|turn|9\n|\n|t:|1682820017\n|move|p1a: Lycanroc|Close Combat|p2a: Ting-Lu\n|-supereffective|p2a: Ting-Lu\n|-damage|p2a: Ting-Lu|29\/100\n|-unboost|p1a: Lycanroc|def|1\n|-unboost|p1a: Lycanroc|spd|1\n|move|p1b: Tyranitar|Tera Blast|p2a: Ting-Lu\n|-damage|p2a: Ting-Lu|1\/100\n|move|p2a: Ting-Lu|Fissure|p1a: Lycanroc|[miss]\n|-miss|p2a: Ting-Lu|p1a: Lycanroc\n|\n|upkeep\n|turn|10\n|\n|t:|1682820033\n|move|p1a: Lycanroc|Swords Dance|p1a: Lycanroc\n|-boost|p1a: Lycanroc|atk|2\n|move|p1b: Tyranitar|Thunder Punch|p2a: Ting-Lu\n|-immune|p2a: Ting-Lu\n|move|p2a: Ting-Lu|Ruination|p2: Maushold|[notarget]\n|-fail|p2a: Ting-Lu\n|\n|upkeep\n|turn|11\n|c|\u2606windows11istrash|gg\n|\n|t:|1682820052\n|switch|p1b: Dragonite|Dragonite, L50, F|100\/100\n|move|p1a: Lycanroc|Swords Dance|p1a: Lycanroc\n|-boost|p1a: Lycanroc|atk|2\n|move|p2a: Ting-Lu|Fissure|p1a: Lycanroc|[miss]\n|-miss|p2a: Ting-Lu|p1a: Lycanroc\n|\n|upkeep\n|turn|12\n|\n|t:|1682820063\n|move|p1a: Lycanroc|Swords Dance|p1a: Lycanroc\n|-boost|p1a: Lycanroc|atk|2\n|move|p1b: Dragonite|Tailwind|p1b: Dragonite\n|-sidestart|p1: Zeltink|move: Tailwind\n|move|p2a: Ting-Lu|Fissure|p1a: Lycanroc|[miss]\n|-miss|p2a: Ting-Lu|p1a: Lycanroc\n|\n|upkeep\n|turn|13\n|-message|windows11istrash forfeited.\n|\n|win|Zeltink\n|raw|Zeltink's rating: 1023 → 1057<\/strong> (+34 for winning)\n|raw|windows11istrash's rating: 1000 → 1000<\/strong> (+0 for losing)\n|l|\u2606windows11istrash\n","uploadtime":1682820075,"views":14,"p1id":"zeltink","p2id":"windows11istrash","formatid":"gen9vgc2023regulationc","rating":1000,"private":0,"password":""}