{"id":"gen9vgc2023regulationc-1852313723","p1":"Enrimm7","p2":"leolc0926","format":"[Gen 9] VGC 2023 Regulation C","log":"|j|\u2606Enrimm7\n|j|\u2606leolc0926\n|t:|1682542953\n|gametype|doubles\n|player|p1|Enrimm7|102|1102\n|player|p2|leolc0926|steven|1135\n|teamsize|p1|6\n|teamsize|p2|6\n|gen|9\n|tier|[Gen 9] VGC 2023 Regulation C\n|rated|\n|rule|Species Clause: Limit one of each Pok\u00e9mon\n|rule|Item Clause: Limit one of each item\n|clearpoke\n|poke|p1|Ting-Lu, L50|\n|poke|p1|Chien-Pao, L50|\n|poke|p1|Dragonite, L50, F|\n|poke|p1|Gastrodon, L50, F|\n|poke|p1|Chi-Yu, L50|\n|poke|p1|Flutter Mane, L50|\n|poke|p2|Kingambit, L50, F|\n|poke|p2|Arcanine, L50, M|\n|poke|p2|Flutter Mane, L50|\n|poke|p2|Palafin, L50, F|\n|poke|p2|Ting-Lu, L50|\n|poke|p2|Amoonguss, L50, F|\n|teampreview|4\n|\n|t:|1682542971\n|start\n|switch|p1a: Dragonite|Dragonite, L50, F|100\/100\n|switch|p1b: Chien-Pao|Chien-Pao, L50|100\/100\n|switch|p2a: \u5927\u9171\u4fa0|Kingambit, L50, F|100\/100\n|switch|p2b: \u53e4\u9f0e\u4fa0|Ting-Lu, L50|100\/100\n|-ability|p1b: Chien-Pao|Sword of Ruin\n|-ability|p2b: \u53e4\u9f0e\u4fa0|Vessel of Ruin\n|turn|1\n|\n|t:|1682543028\n|switch|p2b: \u75af\u72d7\u4fa0|Arcanine, L50, M, shiny|100\/100\n|-ability|p2b: \u75af\u72d7\u4fa0|Intimidate|boost\n|-fail|p1a: Dragonite|unboost|Attack|[from] ability: Inner Focus|[of] p1a: Dragonite\n|-unboost|p1b: Chien-Pao|atk|1\n|-terastallize|p1a: Dragonite|Normal\n|move|p2a: \u5927\u9171\u4fa0|Protect|p2a: \u5927\u9171\u4fa0\n|-singleturn|p2a: \u5927\u9171\u4fa0|Protect\n|move|p1b: Chien-Pao|Sacred Sword|p2a: \u5927\u9171\u4fa0\n|-activate|p2a: \u5927\u9171\u4fa0|move: Protect\n|move|p1a: Dragonite|Outrage|p2b: \u75af\u72d7\u4fa0\n|-damage|p2b: \u75af\u72d7\u4fa0|0 fnt\n|faint|p2b: \u75af\u72d7\u4fa0\n|\n|upkeep\n|\n|t:|1682543045\n|switch|p2b: \u76fe\u83c7\u4fa0|Amoonguss, L50, F, shiny|100\/100\n|turn|2\n|\n|t:|1682543081\n|switch|p1b: Ting-Lu|Ting-Lu, L50|100\/100\n|-ability|p1b: Ting-Lu|Vessel of Ruin\n|-terastallize|p2a: \u5927\u9171\u4fa0|Dark\n|move|p2b: \u76fe\u83c7\u4fa0|Rage Powder|p2b: \u76fe\u83c7\u4fa0\n|-singleturn|p2b: \u76fe\u83c7\u4fa0|move: Rage Powder\n|move|p1a: Dragonite|Outrage|p2b: \u76fe\u83c7\u4fa0|[from]lockedmove\n|-damage|p2b: \u76fe\u83c7\u4fa0|21\/100\n|-damage|p1a: Dragonite|84\/100|[from] item: Rocky Helmet|[of] p2b: \u76fe\u83c7\u4fa0\n|-start|p1a: Dragonite|confusion|[fatigue]\n|move|p2a: \u5927\u9171\u4fa0|Kowtow Cleave|p1a: Dragonite\n|-damage|p1a: Dragonite|8\/100\n|\n|upkeep\n|turn|3\n|\n|t:|1682543106\n|switch|p2b: \u53e4\u9f0e\u4fa0|Ting-Lu, L50|100\/100\n|-ability|p2b: \u53e4\u9f0e\u4fa0|Vessel of Ruin\n|-activate|p1a: Dragonite|confusion\n|move|p1a: Dragonite|Outrage|p2b: \u53e4\u9f0e\u4fa0\n|-damage|p2b: \u53e4\u9f0e\u4fa0|31\/100\n|move|p2a: \u5927\u9171\u4fa0|Swords Dance|p2a: \u5927\u9171\u4fa0\n|-boost|p2a: \u5927\u9171\u4fa0|atk|2\n|move|p1b: Ting-Lu|Snarl|p2a: \u5927\u9171\u4fa0|[spread] p2a,p2b\n|-resisted|p2a: \u5927\u9171\u4fa0\n|-resisted|p2b: \u53e4\u9f0e\u4fa0\n|-damage|p2a: \u5927\u9171\u4fa0|96\/100\n|-damage|p2b: \u53e4\u9f0e\u4fa0|30\/100\n|-unboost|p2a: \u5927\u9171\u4fa0|spa|1\n|-ability|p2a: \u5927\u9171\u4fa0|Defiant|boost\n|-boost|p2a: \u5927\u9171\u4fa0|atk|2\n|-unboost|p2b: \u53e4\u9f0e\u4fa0|spa|1\n|\n|upkeep\n|turn|4\n|\n|t:|1682543129\n|move|p2a: \u5927\u9171\u4fa0|Sucker Punch|p1a: Dragonite\n|-damage|p1a: Dragonite|0 fnt\n|faint|p1a: Dragonite\n|move|p2b: \u53e4\u9f0e\u4fa0|Ruination|p1b: Ting-Lu\n|-damage|p1b: Ting-Lu|50\/100\n|move|p1b: Ting-Lu|Stomping Tantrum|p2a: \u5927\u9171\u4fa0\n|-damage|p2a: \u5927\u9171\u4fa0|75\/100\n|\n|upkeep\n|\n|t:|1682543138\n|switch|p1a: Gastrodon|Gastrodon, L50, F|100\/100\n|turn|5\n|\n|t:|1682543202\n|move|p2b: \u53e4\u9f0e\u4fa0|Stomping Tantrum|p1b: Ting-Lu\n|-damage|p1b: Ting-Lu|31\/100\n|move|p2a: \u5927\u9171\u4fa0|Kowtow Cleave|p1a: Gastrodon\n|-damage|p1a: Gastrodon|0 fnt\n|faint|p1a: Gastrodon\n|move|p1b: Ting-Lu|Heavy Slam|p2b: \u53e4\u9f0e\u4fa0\n|-damage|p2b: \u53e4\u9f0e\u4fa0|23\/100\n|\n|upkeep\n|\n|t:|1682543219\n|switch|p1a: Chien-Pao|Chien-Pao, L50|100\/100\n|-ability|p1a: Chien-Pao|Sword of Ruin\n|turn|6\n|\n|t:|1682543239\n|switch|p2b: \u76fe\u83c7\u4fa0|Amoonguss, L50, F, shiny|54\/100\n|move|p2a: \u5927\u9171\u4fa0|Protect|p2a: \u5927\u9171\u4fa0\n|-singleturn|p2a: \u5927\u9171\u4fa0|Protect\n|move|p1a: Chien-Pao|Sacred Sword|p2a: \u5927\u9171\u4fa0\n|-activate|p2a: \u5927\u9171\u4fa0|move: Protect\n|move|p1b: Ting-Lu|Fissure|p2b: \u76fe\u83c7\u4fa0\n|-damage|p2b: \u76fe\u83c7\u4fa0|0 fnt\n|faint|p2b: \u76fe\u83c7\u4fa0\n|-ohko\n|\n|upkeep\n|c|\u2606leolc0926|lol\n|\n|t:|1682543250\n|switch|p2b: \u53e4\u9f0e\u4fa0|Ting-Lu, L50|23\/100\n|-ability|p2b: \u53e4\u9f0e\u4fa0|Vessel of Ruin\n|turn|7\n|\n|t:|1682543261\n|move|p2a: \u5927\u9171\u4fa0|Sucker Punch|p1a: Chien-Pao\n|-resisted|p1a: Chien-Pao\n|-enditem|p1a: Chien-Pao|Focus Sash\n|-damage|p1a: Chien-Pao|1\/100\n|move|p1a: Chien-Pao|Sacred Sword|p2a: \u5927\u9171\u4fa0\n|-supereffective|p2a: \u5927\u9171\u4fa0\n|-damage|p2a: \u5927\u9171\u4fa0|15\/100\n|move|p2b: \u53e4\u9f0e\u4fa0|Stomping Tantrum|p1b: Ting-Lu\n|-damage|p1b: Ting-Lu|7\/100\n|move|p1b: Ting-Lu|Fissure|p2b: \u53e4\u9f0e\u4fa0|[miss]\n|-miss|p1b: Ting-Lu|p2b: \u53e4\u9f0e\u4fa0\n|\n|upkeep\n|turn|8\n|\n|t:|1682543284\n|move|p1a: Chien-Pao|Protect|p1a: Chien-Pao\n|-singleturn|p1a: Chien-Pao|Protect\n|move|p2a: \u5927\u9171\u4fa0|Sucker Punch|p1b: Ting-Lu\n|-resisted|p1b: Ting-Lu\n|-damage|p1b: Ting-Lu|0 fnt\n|faint|p1b: Ting-Lu\n|move|p2b: \u53e4\u9f0e\u4fa0|Stomping Tantrum|p1a: Chien-Pao\n|-activate|p1a: Chien-Pao|move: Protect\n|\n|upkeep\n|turn|9\n|\n|t:|1682543302\n|move|p1a: Chien-Pao|Sucker Punch|p2b: \u53e4\u9f0e\u4fa0\n|-resisted|p2b: \u53e4\u9f0e\u4fa0\n|-damage|p2b: \u53e4\u9f0e\u4fa0|7\/100\n|move|p2a: \u5927\u9171\u4fa0|Sucker Punch||[still]\n|-fail|p2a: \u5927\u9171\u4fa0\n|move|p2b: \u53e4\u9f0e\u4fa0|Stomping Tantrum|p1a: Chien-Pao\n|-damage|p1a: Chien-Pao|0 fnt\n|faint|p1a: Chien-Pao\n|\n|win|leolc0926\n|raw|Enrimm7's rating: 1102 → 1079<\/strong> (-23 for losing)\n|raw|leolc0926's rating: 1135 → 1158<\/strong> (+23 for winning)\n|c|\u2606leolc0926|gg\n","uploadtime":1682543312,"views":10,"p1id":"enrimm7","p2id":"leolc0926","formatid":"gen9vgc2023regulationc","rating":1079,"private":0,"password":""}