{"id":"gen9vgc2023regulationc-1847382989","p1":"deliciouslygood","p2":"Wolfelt","format":"[Gen 9] VGC 2023 Regulation C","log":"|j|\u2606deliciouslygood\n|j|\u2606Wolfelt\n|t:|1681948605\n|gametype|doubles\n|player|p1|deliciouslygood|170|\n|player|p2|Wolfelt|pokefan-gen4|\n|teamsize|p1|6\n|teamsize|p2|6\n|gen|9\n|tier|[Gen 9] VGC 2023 Regulation C\n|rule|Species Clause: Limit one of each Pok\u00e9mon\n|rule|Item Clause: Limit one of each item\n|clearpoke\n|poke|p1|Azumarill, L50, F|\n|poke|p1|Pawmot, L50, M|\n|poke|p1|Cyclizar, L50, F|\n|poke|p1|Iron Moth, L50|\n|poke|p1|Weavile, L50, M|\n|poke|p1|Meowscarada, L50, F|\n|poke|p2|Dondozo, L50, F|\n|poke|p2|Tatsugiri-Droopy, L50, M|\n|poke|p2|Pincurchin, L50, M|\n|poke|p2|Girafarig, L50, M|\n|poke|p2|Goodra, L50, F|\n|poke|p2|Revavroom, L50, F|\n|teampreview|4\n|j| dudeblake\n|j| KlawfulGood\n|c| KlawfulGood|good luck!\n|\n|t:|1681948700\n|start\n|switch|p1a: rotelle|Cyclizar, L50, F|100\/100\n|switch|p1b: salad|Meowscarada, L50, F|100\/100\n|switch|p2a: girafarafarig|Girafarig, L50, M, shiny|100\/100\n|switch|p2b: DonBOZO|Dondozo, L50, F|100\/100\n|turn|1\n|c| KlawfulGood|how did I not notice rotelle, amazing\n|\n|t:|1681948726\n|-terastallize|p1b: salad|Grass\n|move|p1b: salad|Flower Trick|p2b: DonBOZO\n|-supereffective|p2b: DonBOZO\n|-crit|p2b: DonBOZO\n|-damage|p2b: DonBOZO|6\/100\n|-enditem|p2b: DonBOZO|Aguav Berry|[eat]\n|-heal|p2b: DonBOZO|39\/100|[from] item: Aguav Berry\n|move|p1a: rotelle|Shed Tail|p1a: rotelle\n|-start|p1a: rotelle|Substitute|[from] move: Shed Tail\n|-damage|p1a: rotelle|50\/100\n|\n|t:|1681948738\n|switch|p1a: hard boiled|Azumarill, L50, F|100\/100|[from] Shed Tail\n|move|p2a: girafarafarig|Skill Swap|p2b: DonBOZO\n|-activate|p2a: girafarafarig|move: Skill Swap|||[of] p2b: DonBOZO\n|move|p2b: DonBOZO|Body Press|p1a: hard boiled\n|-resisted|p1a: hard boiled\n|-activate|p1a: hard boiled|move: Substitute|[damage]\n|\n|upkeep\n|turn|2\n|\n|t:|1681948864\n|switch|p1b: banana bread|Pawmot, L50, M|100\/100\n|move|p2a: girafarafarig|Reflect|p2a: girafarafarig\n|-sidestart|p2: Wolfelt|Reflect\n|move|p1a: hard boiled|Belly Drum|p1a: hard boiled\n|-damage|p1a: hard boiled|50\/100\n|-setboost|p1a: hard boiled|atk|6|[from] move: Belly Drum\n|move|p2b: DonBOZO|Body Press|p1a: hard boiled\n|-resisted|p1a: hard boiled\n|-end|p1a: hard boiled|Substitute\n|\n|-heal|p1a: hard boiled|56\/100|[from] item: Leftovers\n|upkeep\n|turn|3\n|l|\u2606deliciouslygood\n|player|p1|\n|j|\u2606deliciouslygood\n|player|p1|deliciouslygood|170\n|\n|t:|1681948940\n|switch|p2a: Tatsushimi|Tatsugiri-Droopy, L50, M|100\/100\n|-activate|p2a: Tatsushimi|ability: Commander|[of] p2b: DonBOZO\n|-boost|p2b: DonBOZO|atk|2\n|-boost|p2b: DonBOZO|spa|2\n|-boost|p2b: DonBOZO|spe|2\n|-boost|p2b: DonBOZO|def|2\n|-boost|p2b: DonBOZO|spd|2\n|-terastallize|p2b: DonBOZO|Ground\n|move|p1b: banana bread|Double Shock|p2b: DonBOZO\n|-immune|p2b: DonBOZO\n|move|p2b: DonBOZO|Earthquake|p1a: hard boiled|[spread] p1a,p1b\n|-miss|p2b: DonBOZO|p2a: Tatsushimi\n|-supereffective|p1b: banana bread\n|-damage|p1a: hard boiled|0 fnt\n|-enditem|p1b: banana bread|Focus Sash\n|-damage|p1b: banana bread|1\/100\n|faint|p1a: hard boiled\n|\n|upkeep\n|\n|t:|1681948985\n|switch|p1a: rotelle|Cyclizar, L50, F|84\/100\n|turn|4\n|\n|t:|1681949001\n|move|p1b: banana bread|Revival Blessing|p1b: banana bread\n|\n|t:|1681949002\n|-heal|p1: hard boiled|50\/100|[from] move: Revival Blessing\n|move|p1a: rotelle|Draco Meteor|p2a: Tatsushimi|[miss]\n|-miss|p1a: rotelle|p2a: Tatsushimi\n|move|p2b: DonBOZO|Body Press|p1a: rotelle\n|-supereffective|p1a: rotelle\n|-damage|p1a: rotelle|0 fnt\n|-damage|p2b: DonBOZO|22\/100|[from] item: Rocky Helmet|[of] p1a: rotelle\n|faint|p1a: rotelle\n|\n|upkeep\n|c| KlawfulGood|tatsu is in the dozo's mouth!\n|\n|t:|1681949020\n|switch|p1a: salad|Meowscarada, L50, F, tera:Grass|100\/100\n|turn|5\n|\n|t:|1681949033\n|move|p1a: salad|Flower Trick|p2b: DonBOZO\n|-ability|p2b: DonBOZO|Sap Sipper|boost\n|-boost|p2b: DonBOZO|atk|1\n|move|p1b: banana bread|Close Combat|p2b: DonBOZO\n|-damage|p2b: DonBOZO|13\/100\n|-unboost|p1b: banana bread|def|1\n|-unboost|p1b: banana bread|spd|1\n|move|p2b: DonBOZO|Rest|p2b: DonBOZO\n|-status|p2b: DonBOZO|slp|[from] move: Rest\n|-heal|p2b: DonBOZO|100\/100 slp|[silent]\n|\n|upkeep\n|turn|6\n|\n|t:|1681949079\n|switch|p1a: hard boiled|Azumarill, L50, F|50\/100\n|move|p1b: banana bread|Double Shock|p2b: DonBOZO\n|-immune|p2b: DonBOZO\n|cant|p2b: DonBOZO|slp\n|\n|-heal|p1a: hard boiled|56\/100|[from] item: Leftovers\n|-sideend|p2: Wolfelt|Reflect\n|upkeep\n|turn|7\n|\n|t:|1681949100\n|move|p1b: banana bread|Close Combat|p2b: DonBOZO\n|-damage|p2b: DonBOZO|86\/100 slp\n|-unboost|p1b: banana bread|def|1\n|-unboost|p1b: banana bread|spd|1\n|cant|p2b: DonBOZO|slp\n|move|p1a: hard boiled|Draining Kiss|p2b: DonBOZO\n|-damage|p2b: DonBOZO|81\/100 slp\n|-heal|p1a: hard boiled|61\/100|[from] drain|[of] p2b: DonBOZO\n|\n|-heal|p1a: hard boiled|67\/100|[from] item: Leftovers\n|upkeep\n|turn|8\n|\n|t:|1681949121\n|move|p1b: banana bread|Mach Punch|p2b: DonBOZO\n|-damage|p2b: DonBOZO|75\/100 slp\n|-curestatus|p2b: DonBOZO|slp|[msg]\n|move|p2b: DonBOZO|Earthquake|p1a: hard boiled|[spread] p1a,p1b\n|-miss|p2b: DonBOZO|p2a: Tatsushimi\n|-supereffective|p1b: banana bread\n|-damage|p1a: hard boiled|1\/100\n|-damage|p1b: banana bread|0 fnt\n|faint|p1b: banana bread\n|move|p1a: hard boiled|Belly Drum||[still]\n|-fail|p1a: hard boiled\n|\n|-heal|p1a: hard boiled|7\/100|[from] item: Leftovers\n|upkeep\n|\n|t:|1681949139\n|switch|p1b: salad|Meowscarada, L50, F, tera:Grass|100\/100\n|turn|9\n|\n|t:|1681949156\n|move|p1b: salad|Knock Off|p2b: DonBOZO\n|-damage|p2b: DonBOZO|65\/100\n|move|p2b: DonBOZO|Earthquake|p1a: hard boiled|[spread] p1a,p1b\n|-miss|p2b: DonBOZO|p2a: Tatsushimi\n|-resisted|p1b: salad\n|-damage|p1a: hard boiled|0 fnt\n|-damage|p1b: salad|49\/100\n|faint|p1a: hard boiled\n|\n|upkeep\n|turn|10\n|\n|t:|1681949171\n|move|p1b: salad|Knock Off|p2b: DonBOZO\n|-damage|p2b: DonBOZO|54\/100\n|move|p2b: DonBOZO|Earthquake|p1b: salad|[spread] p1b\n|-miss|p2b: DonBOZO|p2a: Tatsushimi\n|-resisted|p1b: salad\n|-damage|p1b: salad|0 fnt\n|faint|p1b: salad\n|\n|win|Wolfelt\n","uploadtime":1681949180,"views":8,"p1id":"deliciouslygood","p2id":"wolfelt","formatid":"gen9vgc2023regulationc","rating":0,"private":0,"password":""}