{"id":"gen9vgc2023regulationc-1850278308","p1":"nexusj4","p2":"Tempest brute","format":"[Gen 9] VGC 2023 Regulation C","log":"|j|\u2606nexusj4\n|j|\u2606Tempest brute\n|t:|1682309929\n|gametype|doubles\n|player|p1|nexusj4|skyla-masters2|\n|player|p2|Tempest brute|veteran|\n|teamsize|p1|6\n|teamsize|p2|5\n|gen|9\n|tier|[Gen 9] VGC 2023 Regulation C\n|rated|Tournament battle\n|rule|Species Clause: Limit one of each Pok\u00e9mon\n|rule|Item Clause: Limit one of each item\n|clearpoke\n|poke|p1|Flutter Mane, L50|\n|poke|p1|Slither Wing, L50|\n|poke|p1|Glimmora, L50, F|\n|poke|p1|Chien-Pao, L50|\n|poke|p1|Garchomp, L50, M|\n|poke|p1|Tsareena, L50, F|\n|poke|p2|Ting-Lu, L50|\n|poke|p2|Roaring Moon, L50|\n|poke|p2|Klefki, L50, M|\n|poke|p2|Skeledirge, L50, M|\n|poke|p2|Amoonguss, L50, F|\n|teampreview|4\n|raw| Open Team Sheet for nexusj4<\/summary>Flutter Mane @ Booster Energy Ability: Protosynthesis Level: 50 Tera Type: Fairy - Protect - Shadow Ball - Dazzling Gleam - Trick Room Slither Wing @ Assault Vest Ability: Protosynthesis Level: 50 Shiny: Yes Tera Type: Fire - U-turn - First Impression - Flare Blitz - Close Combat Glimmora (F) @ Choice Specs Ability: Toxic Debris Level: 50 Tera Type: Grass - Energy Ball - Power Gem - Sludge Bomb - Earth Power Chien-Pao @ Focus Sash Ability: Sword of Ruin Level: 50 Tera Type: Flying - Protect - Ice Spinner - Throat Chop - Haze Garchomp (M) @ Clear Amulet Ability: Rough Skin Level: 50 Tera Type: Fire - Protect - Earthquake - Stomping Tantrum - Dragon Claw Tsareena (F) @ Sitrus Berry Ability: Queenly Majesty Level: 50 Shiny: Yes Tera Type: Water - Protect - Power Whip - High Jump Kick - Taunt <\/details><\/div> Open Team Sheet for Tempest brute<\/summary>Ting-Lu @ Leftovers Ability: Vessel of Ruin Level: 50 Tera Type: Water - Body Press - Throat Chop - Whirlwind - Protect Roaring Moon @ Booster Energy Ability: Protosynthesis Level: 50 Tera Type: Flying - Substitute - Acrobatics - Jaw Lock - Protect Klefki @ Light Clay Ability: Prankster Level: 50 Tera Type: Water - Reflect - Light Screen - Thunder Wave - Dazzling Gleam Skeledirge @ Sitrus Berry Ability: Unaware Level: 50 Tera Type: Fairy - Will-O-Wisp - Torch Song - Shadow Ball - Slack Off Amoonguss @ Iapapa Berry Ability: Regenerator Level: 50 Tera Type: Water - Rage Powder - Spore - Pollen Puff - Protect <\/details><\/div>\n|inactive|Battle timer is ON: inactive players will automatically lose when time's up. (requested by nexusj4)\n|c|\u2606nexusj4|glhf\n|j| FIGHT ON STARMAN\n|c|\u2606Tempest brute|a real one not running moral spin\n|inactive|nexusj4 has 60 seconds left.\n|inactive|Tempest brute has 60 seconds left.\n|j| Checkmate Liberal\n|inactive|nexusj4 has 30 seconds left.\n|inactive|Tempest brute has 30 seconds left.\n|inactive|Tempest brute has 20 seconds left.\n|inactive|Tempest brute has 15 seconds left.\n|inactive|Tempest brute has 10 seconds left.\n|\n|t:|1682310013\n|start\n|switch|p1a: Chien-Pao|Chien-Pao, L50|100\/100\n|switch|p1b: Garchomp|Garchomp, L50, M|100\/100\n|switch|p2a: Ting-Lu|Ting-Lu, L50|100\/100\n|switch|p2b: Roaring Moon|Roaring Moon, L50|100\/100\n|-ability|p1a: Chien-Pao|Sword of Ruin\n|-ability|p2a: Ting-Lu|Vessel of Ruin\n|-enditem|p2b: Roaring Moon|Booster Energy\n|-activate|p2b: Roaring Moon|ability: Protosynthesis|[fromitem]\n|-start|p2b: Roaring Moon|protosynthesisspe\n|turn|1\n|inactive|nexusj4 has 30 seconds left.\n|j|%Borghi\n|\n|t:|1682310045\n|move|p1a: Chien-Pao|Protect|p1a: Chien-Pao\n|-singleturn|p1a: Chien-Pao|Protect\n|move|p1b: Garchomp|Protect|p1b: Garchomp\n|-singleturn|p1b: Garchomp|Protect\n|move|p2b: Roaring Moon|Substitute|p2b: Roaring Moon\n|-start|p2b: Roaring Moon|Substitute\n|-damage|p2b: Roaring Moon|75\/100\n|move|p2a: Ting-Lu|Body Press|p1a: Chien-Pao\n|-activate|p1a: Chien-Pao|move: Protect\n|\n|upkeep\n|turn|2\n|\n|t:|1682310057\n|move|p2b: Roaring Moon|Protect|p2b: Roaring Moon\n|-singleturn|p2b: Roaring Moon|Protect\n|move|p1a: Chien-Pao|Ice Spinner|p2b: Roaring Moon\n|-activate|p2b: Roaring Moon|move: Protect\n|move|p1b: Garchomp|Dragon Claw|p2b: Roaring Moon\n|-activate|p2b: Roaring Moon|move: Protect\n|move|p2a: Ting-Lu|Body Press|p1a: Chien-Pao\n|-supereffective|p1a: Chien-Pao\n|-enditem|p1a: Chien-Pao|Focus Sash\n|-damage|p1a: Chien-Pao|1\/100\n|\n|upkeep\n|turn|3\n|\n|t:|1682310075\n|move|p2b: Roaring Moon|Jaw Lock|p1a: Chien-Pao\n|-resisted|p1a: Chien-Pao\n|-damage|p1a: Chien-Pao|0 fnt\n|faint|p1a: Chien-Pao\n|move|p1b: Garchomp|Dragon Claw|p2b: Roaring Moon\n|-supereffective|p2b: Roaring Moon\n|-end|p2b: Roaring Moon|Substitute\n|move|p2a: Ting-Lu|Throat Chop|p1b: Garchomp\n|-damage|p1b: Garchomp|72\/100\n|-start|p1b: Garchomp|Throat Chop|[silent]\n|-damage|p2a: Ting-Lu|88\/100|[from] ability: Rough Skin|[of] p1b: Garchomp\n|\n|-heal|p2a: Ting-Lu|94\/100|[from] item: Leftovers\n|upkeep\n|\n|t:|1682310081\n|switch|p1a: Glimmora|Glimmora, L50, F|100\/100\n|turn|4\n|\n|t:|1682310104\n|switch|p2a: Amoonguss|Amoonguss, L50, F|100\/100\n|move|p2b: Roaring Moon|Protect|p2b: Roaring Moon\n|-singleturn|p2b: Roaring Moon|Protect\n|move|p1b: Garchomp|Dragon Claw|p2b: Roaring Moon\n|-activate|p2b: Roaring Moon|move: Protect\n|move|p1a: Glimmora|Sludge Bomb|p2b: Roaring Moon\n|-activate|p2b: Roaring Moon|move: Protect\n|\n|-end|p1b: Garchomp|Throat Chop|[silent]\n|upkeep\n|turn|5\n|inactive|Tempest brute has 30 seconds left.\n|\n|t:|1682310131\n|move|p2b: Roaring Moon|Substitute|p2b: Roaring Moon\n|-start|p2b: Roaring Moon|Substitute\n|-damage|p2b: Roaring Moon|50\/100\n|move|p1b: Garchomp|Dragon Claw|p2b: Roaring Moon\n|-supereffective|p2b: Roaring Moon\n|-end|p2b: Roaring Moon|Substitute\n|move|p1a: Glimmora|Sludge Bomb|p2b: Roaring Moon\n|-damage|p2b: Roaring Moon|0 fnt\n|faint|p2b: Roaring Moon\n|-end|p2b: Roaring Moon|Protosynthesis|[silent]\n|move|p2a: Amoonguss|Spore|p1b: Garchomp\n|-status|p1b: Garchomp|slp|[from] move: Spore\n|\n|upkeep\n|\n|t:|1682310142\n|switch|p2b: Ting-Lu|Ting-Lu, L50|94\/100\n|-ability|p2b: Ting-Lu|Vessel of Ruin\n|turn|6\n|j| Wottl3y\n|l|%Borghi\n|\n|t:|1682310161\n|switch|p1a: Slither Wing|Slither Wing, L50, shiny|100\/100\n|cant|p1b: Garchomp|slp\n|move|p2b: Ting-Lu|Throat Chop|p1b: Garchomp\n|-damage|p1b: Garchomp|43\/100 slp\n|-start|p1b: Garchomp|Throat Chop|[silent]\n|-damage|p2b: Ting-Lu|82\/100|[from] ability: Rough Skin|[of] p1b: Garchomp\n|move|p2a: Amoonguss|Spore|p1a: Slither Wing\n|-status|p1a: Slither Wing|slp|[from] move: Spore\n|\n|-heal|p2b: Ting-Lu|88\/100|[from] item: Leftovers\n|upkeep\n|turn|7\n|j| JDawggyDawgg\n|\n|t:|1682310171\n|switch|p2b: Skeledirge|Skeledirge, L50, M|100\/100\n|cant|p1a: Slither Wing|slp\n|cant|p1b: Garchomp|slp\n|move|p2a: Amoonguss|Pollen Puff|p1b: Garchomp\n|-damage|p1b: Garchomp|24\/100 slp\n|\n|-end|p1b: Garchomp|Throat Chop|[silent]\n|upkeep\n|turn|8\n|c| Checkmate Liberal|Brilliant\n|inactive|nexusj4 has 30 seconds left.\n|c|\u2606Tempest brute|?\n|\n|t:|1682310201\n|cant|p1b: Garchomp|slp\n|-curestatus|p1a: Slither Wing|slp|[msg]\n|move|p1a: Slither Wing|U-turn|p2b: Skeledirge\n|-resisted|p2b: Skeledirge\n|-damage|p2b: Skeledirge|93\/100\n|\n|t:|1682310204\n|-end|p1a: Slither Wing|Protosynthesis|[silent]\n|switch|p1a: Glimmora|Glimmora, L50, F|100\/100|[from] U-turn\n|move|p2b: Skeledirge|Shadow Ball|p1b: Garchomp\n|-damage|p1b: Garchomp|0 fnt\n|faint|p1b: Garchomp\n|move|p2a: Amoonguss|Pollen Puff|p2b: Skeledirge\n|-heal|p2b: Skeledirge|100\/100\n|\n|upkeep\n|\n|t:|1682310206\n|switch|p1b: Slither Wing|Slither Wing, L50, shiny|100\/100\n|turn|9\n|\n|t:|1682310229\n|switch|p2b: Ting-Lu|Ting-Lu, L50|88\/100\n|-ability|p2b: Ting-Lu|Vessel of Ruin\n|-terastallize|p1b: Slither Wing|Fire\n|-terastallize|p2a: Amoonguss|Water\n|move|p1a: Glimmora|Earth Power|p2a: Amoonguss\n|-damage|p2a: Amoonguss|77\/100\n|move|p1b: Slither Wing|Flare Blitz|p2a: Amoonguss\n|-resisted|p2a: Amoonguss\n|-damage|p2a: Amoonguss|49\/100\n|-damage|p1b: Slither Wing|89\/100|[from] Recoil\n|move|p2a: Amoonguss|Spore|p1b: Slither Wing\n|-status|p1b: Slither Wing|slp|[from] move: Spore\n|\n|-heal|p2b: Ting-Lu|94\/100|[from] item: Leftovers\n|upkeep\n|turn|10\n|\n|t:|1682310248\n|move|p1a: Glimmora|Earth Power|p2a: Amoonguss\n|-damage|p2a: Amoonguss|23\/100\n|-enditem|p2a: Amoonguss|Iapapa Berry|[eat]\n|-heal|p2a: Amoonguss|56\/100|[from] item: Iapapa Berry\n|cant|p1b: Slither Wing|slp\n|move|p2b: Ting-Lu|Throat Chop|p1b: Slither Wing\n|-damage|p1b: Slither Wing|58\/100 slp\n|-start|p1b: Slither Wing|Throat Chop|[silent]\n|move|p2a: Amoonguss|Spore|p1a: Glimmora\n|-status|p1a: Glimmora|slp|[from] move: Spore\n|\n|-heal|p2b: Ting-Lu|100\/100|[from] item: Leftovers\n|upkeep\n|turn|11\n|\n|t:|1682310258\n|switch|p2a: Skeledirge|Skeledirge, L50, M|100\/100\n|cant|p1a: Glimmora|slp\n|-curestatus|p1b: Slither Wing|slp|[msg]\n|move|p1b: Slither Wing|Close Combat|p2a: Skeledirge\n|-immune|p2a: Skeledirge\n|move|p2b: Ting-Lu|Throat Chop|p1b: Slither Wing\n|-damage|p1b: Slither Wing|25\/100\n|\n|-end|p1b: Slither Wing|Throat Chop|[silent]\n|upkeep\n|turn|12\n|\n|t:|1682310272\n|cant|p1a: Glimmora|slp\n|move|p1b: Slither Wing|Close Combat|p2b: Ting-Lu\n|-supereffective|p2b: Ting-Lu\n|-damage|p2b: Ting-Lu|42\/100\n|-unboost|p1b: Slither Wing|def|1\n|-unboost|p1b: Slither Wing|spd|1\n|move|p2a: Skeledirge|Shadow Ball|p1a: Glimmora\n|-damage|p1a: Glimmora|77\/100 slp\n|move|p2b: Ting-Lu|Throat Chop|p1b: Slither Wing\n|-damage|p1b: Slither Wing|0 fnt\n|faint|p1b: Slither Wing\n|-end|p1b: Slither Wing|Protosynthesis|[silent]\n|\n|-heal|p2b: Ting-Lu|48\/100|[from] item: Leftovers\n|upkeep\n|turn|13\n|\n|t:|1682310282\n|move|p2b: Ting-Lu|Protect|p2b: Ting-Lu\n|-singleturn|p2b: Ting-Lu|Protect\n|cant|p1a: Glimmora|slp\n|move|p2a: Skeledirge|Shadow Ball|p1a: Glimmora\n|-damage|p1a: Glimmora|50\/100 slp\n|\n|-heal|p2b: Ting-Lu|55\/100|[from] item: Leftovers\n|upkeep\n|turn|14\n|\n|t:|1682310291\n|-curestatus|p1a: Glimmora|slp|[msg]\n|move|p1a: Glimmora|Earth Power|p2a: Skeledirge\n|-supereffective|p2a: Skeledirge\n|-damage|p2a: Skeledirge|45\/100\n|-enditem|p2a: Skeledirge|Sitrus Berry|[eat]\n|-heal|p2a: Skeledirge|69\/100|[from] item: Sitrus Berry\n|move|p2a: Skeledirge|Shadow Ball|p1a: Glimmora\n|-damage|p1a: Glimmora|26\/100\n|move|p2b: Ting-Lu|Throat Chop|p1a: Glimmora\n|-damage|p1a: Glimmora|0 fnt\n|-activate|p1a: Glimmora|ability: Toxic Debris\n|-sidestart|p2: Tempest brute|move: Toxic Spikes\n|faint|p1a: Glimmora\n|\n|win|Tempest brute\n|n|\u2606nexusj4|nexusj4\n|n|\u2606Tempest brute|tempestbrute\n|n| FIGHT ON STARMAN|fightonstarman\n|n| Checkmate Liberal|checkmateliberal\n|n| Wottl3y|wottl3y\n|n| JDawggyDawgg|jdawggydawgg\n","uploadtime":1682310291,"views":28,"p1id":"nexusj4","p2id":"tempestbrute","formatid":"gen9vgc2023regulationc","rating":0,"private":0,"password":""}