{"id":"gen9vgc2023regulationc-1847507422","p1":"Shit tier pro","p2":"Raquar","format":"[Gen 9] VGC 2023 Regulation C","log":"|j|\u2606Shit tier pro\n|j|\u2606Raquar\n|t:|1681964334\n|gametype|doubles\n|player|p1|Shit tier pro|169|1237\n|player|p2|Raquar|101|1272\n|teamsize|p1|6\n|teamsize|p2|6\n|gen|9\n|tier|[Gen 9] VGC 2023 Regulation C\n|rated|\n|rule|Species Clause: Limit one of each Pok\u00e9mon\n|rule|Item Clause: Limit one of each item\n|clearpoke\n|poke|p1|Palafin, L50, M|\n|poke|p1|Arboliva, L50, F|\n|poke|p1|Tauros-Paldea-Blaze, L50, M|\n|poke|p1|Salamence, L50, M|\n|poke|p1|Grimmsnarl, L50, M|\n|poke|p1|Hatterene, L50, F|\n|poke|p2|Farigiraf, L50, F|\n|poke|p2|Tyranitar, L50, M|\n|poke|p2|Amoonguss, L50, M|\n|poke|p2|Rotom-Wash, L50|\n|poke|p2|Iron Thorns, L50|\n|poke|p2|Ting-Lu, L50|\n|teampreview|4\n|inactive|Battle timer is ON: inactive players will automatically lose when time's up. (requested by Shit tier pro)\n|\n|t:|1681964352\n|start\n|switch|p1a: Salamence|Salamence, L50, M|100\/100\n|switch|p1b: Tauros|Tauros-Paldea-Blaze, L50, M|100\/100\n|switch|p2a: Farigiraf|Farigiraf, L50, F|100\/100\n|switch|p2b: Amoonguss|Amoonguss, L50, M|100\/100\n|-ability|p1b: Tauros|Intimidate|boost\n|-unboost|p2a: Farigiraf|atk|1\n|-unboost|p2b: Amoonguss|atk|1\n|-ability|p1a: Salamence|Intimidate|boost\n|-unboost|p2a: Farigiraf|atk|1\n|-unboost|p2b: Amoonguss|atk|1\n|turn|1\n|\n|t:|1681964374\n|move|p1b: Tauros|Close Combat|p2a: Farigiraf\n|-damage|p2a: Farigiraf|49\/100\n|-unboost|p1b: Tauros|def|1\n|-unboost|p1b: Tauros|spd|1\n|-enditem|p1b: Tauros|Eject Pack\n|\n|t:|1681964384\n|switch|p1b: Arboliva|Arboliva, L50, F|100\/100\n|move|p1a: Salamence|Dragon Dance|p1a: Salamence\n|-boost|p1a: Salamence|atk|1\n|-boost|p1a: Salamence|spe|1\n|move|p2b: Amoonguss|Spore|p1b: Arboliva\n|-immune|p1b: Arboliva\n|move|p2a: Farigiraf|Trick Room|p2a: Farigiraf\n|-fieldstart|move: Trick Room|[of] p2a: Farigiraf\n|\n|upkeep\n|turn|2\n|\n|t:|1681964408\n|move|p2b: Amoonguss|Clear Smog|p1a: Salamence\n|-damage|p1a: Salamence|81\/100\n|-clearboost|p1a: Salamence\n|move|p2a: Farigiraf|Dazzling Gleam|p1b: Arboliva|[spread] p1a,p1b\n|-supereffective|p1a: Salamence\n|-damage|p1a: Salamence|30\/100\n|-damage|p1b: Arboliva|82\/100\n|-fieldstart|move: Grassy Terrain|[from] ability: Seed Sower|[of] p1b: Arboliva\n|move|p1b: Arboliva|Hyper Voice|p2a: Farigiraf|[spread] p2a,p2b\n|-enditem|p1b: Arboliva|Normal Gem|[from] gem\n|-damage|p2a: Farigiraf|0 fnt\n|-damage|p2b: Amoonguss|61\/100\n|faint|p2a: Farigiraf\n|move|p1a: Salamence|Dual Wingbeat|p2b: Amoonguss|[miss]\n|-miss|p1a: Salamence|p2b: Amoonguss\n|\n|-heal|p2b: Amoonguss|67\/100|[from] Grassy Terrain\n|-heal|p1b: Arboliva|88\/100|[from] Grassy Terrain\n|upkeep\n|\n|t:|1681964426\n|switch|p2a: Iron Thorns|Iron Thorns, L50|100\/100\n|turn|3\n|\n|t:|1681964444\n|move|p1a: Salamence|Protect|p1a: Salamence\n|-singleturn|p1a: Salamence|Protect\n|move|p2b: Amoonguss|Pollen Puff|p1b: Arboliva\n|-supereffective|p1b: Arboliva\n|-damage|p1b: Arboliva|53\/100\n|move|p1b: Arboliva|Strength Sap|p2a: Iron Thorns\n|-unboost|p2a: Iron Thorns|atk|1\n|-heal|p1b: Arboliva|100\/100\n|move|p2a: Iron Thorns|Rock Blast|p1a: Salamence\n|-activate|p1a: Salamence|move: Protect\n|\n|-heal|p2b: Amoonguss|73\/100|[from] Grassy Terrain\n|upkeep\n|turn|4\n|\n|t:|1681964467\n|switch|p1a: Tauros|Tauros-Paldea-Blaze, L50, M|100\/100\n|-ability|p1a: Tauros|Intimidate|boost\n|-unboost|p2a: Iron Thorns|atk|1\n|-unboost|p2b: Amoonguss|atk|1\n|move|p2b: Amoonguss|Rage Powder|p2b: Amoonguss\n|-singleturn|p2b: Amoonguss|move: Rage Powder\n|move|p1b: Arboliva|Terrain Pulse|p2a: Iron Thorns\n|-supereffective|p2a: Iron Thorns\n|-damage|p2a: Iron Thorns|0 fnt\n|faint|p2a: Iron Thorns\n|-end|p2a: Iron Thorns|Quark Drive|[silent]\n|\n|-heal|p2b: Amoonguss|79\/100|[from] Grassy Terrain\n|upkeep\n|\n|t:|1681964479\n|switch|p2a: Rotom|Rotom-Wash, L50|100\/100\n|turn|5\n|\n|t:|1681964491\n|switch|p1a: Palafin|Palafin, L50, M|100\/100\n|move|p2b: Amoonguss|Pollen Puff|p1b: Arboliva\n|-supereffective|p1b: Arboliva\n|-crit|p1b: Arboliva\n|-damage|p1b: Arboliva|52\/100\n|move|p1b: Arboliva|Terrain Pulse|p2a: Rotom\n|-supereffective|p2a: Rotom\n|-damage|p2a: Rotom|0 fnt\n|faint|p2a: Rotom\n|\n|-heal|p2b: Amoonguss|85\/100|[from] Grassy Terrain\n|-heal|p1b: Arboliva|58\/100|[from] Grassy Terrain\n|-fieldend|move: Trick Room\n|upkeep\n|turn|6\n|-message|Raquar forfeited.\n|\n|win|Shit tier pro\n|raw|Shit tier pro's rating: 1237 → 1265<\/strong> (+28 for winning)\n|raw|Raquar's rating: 1272 → 1244<\/strong> (-28 for losing)\n|l|\u2606Raquar\n","uploadtime":1681964509,"views":9,"p1id":"shittierpro","p2id":"raquar","formatid":"gen9vgc2023regulationc","rating":1244,"private":0,"password":""}