{"id":"gen9vgc2023regulationc-1853201653","p1":"A0000000","p2":"Kyutarou","format":"[Gen 9] VGC 2023 Regulation C","log":"|j|\u2606A0000000\n|j|\u2606Kyutarou\n|t:|1682647905\n|gametype|doubles\n|player|p1|A0000000|102|1089\n|player|p2|Kyutarou|unknownf|1162\n|teamsize|p1|6\n|teamsize|p2|6\n|gen|9\n|tier|[Gen 9] VGC 2023 Regulation C\n|rated|\n|rule|Species Clause: Limit one of each Pok\u00e9mon\n|rule|Item Clause: Limit one of each item\n|clearpoke\n|poke|p1|Baxcalibur, L50, M|\n|poke|p1|Chi-Yu, L50|\n|poke|p1|Slowking, L50, F|\n|poke|p1|Stantler, L50, M|\n|poke|p1|Annihilape, L50, M|\n|poke|p1|Amoonguss, L50, F|\n|poke|p2|Torkoal, L50, F|\n|poke|p2|Flutter Mane, L50|\n|poke|p2|Slither Wing, L50|\n|poke|p2|Arcanine, L50, M|\n|poke|p2|Chi-Yu, L50|\n|poke|p2|Amoonguss, L50, M|\n|teampreview|4\nKyutarou has agreed to open team sheets.\nA0000000 rejected open team sheets.\n|inactive|Battle timer is ON: inactive players will automatically lose when time's up. (requested by A0000000)\n|\n|t:|1682647921\n|start\n|switch|p1a: Stantler|Stantler, L50, M|100\/100\n|switch|p1b: Annihilape|Annihilape, L50, M|100\/100\n|switch|p2a: Hotpot|Torkoal, L50, F|100\/100\n|switch|p2b: Hell|Slither Wing, L50|100\/100\n|-ability|p1a: Stantler|Intimidate|boost\n|-unboost|p2a: Hotpot|atk|1\n|-unboost|p2b: Hell|atk|1\n|-weather|SunnyDay|[from] ability: Drought|[of] p2a: Hotpot\n|-activate|p2b: Hell|ability: Protosynthesis\n|-start|p2b: Hell|protosynthesisatk\n|turn|1\n|\n|t:|1682647940\n|-end|p2b: Hell|Protosynthesis|[silent]\n|switch|p2b: Gordon|Arcanine, L50, M|100\/100\n|-ability|p2b: Gordon|Intimidate|boost\n|-unboost|p1a: Stantler|atk|1\n|-unboost|p1b: Annihilape|atk|1\n|-ability|p1b: Annihilape|Defiant|boost\n|-boost|p1b: Annihilape|atk|2\n|-enditem|p1b: Annihilape|Adrenaline Orb\n|-boost|p1b: Annihilape|spe|1|[from] item: Adrenaline Orb\n|move|p1b: Annihilape|Protect|p1b: Annihilape\n|-singleturn|p1b: Annihilape|Protect\n|move|p1a: Stantler|Skill Swap|p2a: Hotpot\n|-activate|p1a: Stantler|move: Skill Swap|Drought|Intimidate|[of] p2a: Hotpot\n|-ability|p2a: Hotpot|Intimidate|boost\n|-unboost|p1a: Stantler|atk|1\n|-unboost|p1b: Annihilape|atk|1\n|-ability|p1b: Annihilape|Defiant|boost\n|-boost|p1b: Annihilape|atk|2\n|move|p2a: Hotpot|Lava Plume|p1a: Stantler|[spread] p2b,p1a\n|-activate|p1b: Annihilape|move: Protect\n|-resisted|p2b: Gordon\n|-damage|p2b: Gordon|87\/100\n|-damage|p1a: Stantler|60\/100\n|\n|-weather|SunnyDay|[upkeep]\n|-heal|p2b: Gordon|93\/100|[from] item: Leftovers\n|upkeep\n|turn|2\n|inactive|A0000000 has 30 seconds left.\n|inactive|Kyutarou has 30 seconds left.\n|inactive|A0000000 has 20 seconds left.\n|\n|t:|1682647980\n|-terastallize|p1b: Annihilape|Fire\n|move|p1b: Annihilape|Close Combat|p2a: Hotpot\n|-damage|p2a: Hotpot|48\/100\n|-unboost|p1b: Annihilape|def|1\n|-unboost|p1b: Annihilape|spd|1\n|move|p1a: Stantler|Skill Swap|p2b: Gordon\n|-activate|p1a: Stantler|move: Skill Swap|Intimidate|Drought|[of] p2b: Gordon\n|-ability|p1a: Stantler|Intimidate|boost\n|-unboost|p2a: Hotpot|atk|1\n|-unboost|p2b: Gordon|atk|1\n|move|p2b: Gordon|Flare Blitz|p1b: Annihilape\n|-resisted|p1b: Annihilape\n|-damage|p1b: Annihilape|70\/100\n|-damage|p2b: Gordon|84\/100|[from] Recoil\n|move|p2a: Hotpot|Lava Plume|p1b: Annihilape|[spread] p2b,p1a,p1b\n|-resisted|p2b: Gordon\n|-crit|p1a: Stantler\n|-resisted|p1b: Annihilape\n|-damage|p2b: Gordon|70\/100\n|-damage|p1a: Stantler|0 fnt\n|-damage|p1b: Annihilape|49\/100\n|faint|p1a: Stantler\n|\n|-weather|SunnyDay|[upkeep]\n|-heal|p2b: Gordon|76\/100|[from] item: Leftovers\n|upkeep\n|\n|t:|1682648004\n|switch|p1a: Chi-Yu|Chi-Yu, L50|100\/100\n|-ability|p1a: Chi-Yu|Beads of Ruin\n|turn|3\n|\n|t:|1682648015\n|move|p2a: Hotpot|Protect|p2a: Hotpot\n|-singleturn|p2a: Hotpot|Protect\n|move|p1b: Annihilape|Close Combat|p2a: Hotpot\n|-activate|p2a: Hotpot|move: Protect\n|move|p1a: Chi-Yu|Dark Pulse|p2b: Gordon\n|-damage|p2b: Gordon|0 fnt\n|faint|p2b: Gordon\n|-damage|p1a: Chi-Yu|90\/100|[from] item: Life Orb\n|\n|-weather|SunnyDay|[upkeep]\n|upkeep\n|\n|t:|1682648029\n|switch|p2b: Luscious Locks|Flutter Mane, L50|100\/100\n|-activate|p2b: Luscious Locks|ability: Protosynthesis\n|-start|p2b: Luscious Locks|protosynthesisspe\n|turn|4\n|\n|t:|1682648040\n|-terastallize|p2b: Luscious Locks|Fairy\n|move|p2a: Hotpot|Helping Hand|p2b: Luscious Locks\n|-singleturn|p2b: Luscious Locks|Helping Hand|[of] p2a: Hotpot\n|move|p1b: Annihilape|Protect|p1b: Annihilape\n|-singleturn|p1b: Annihilape|Protect\n|move|p2b: Luscious Locks|Dazzling Gleam|p1b: Annihilape|[spread] p1a\n|-activate|p1b: Annihilape|move: Protect\n|-damage|p1a: Chi-Yu|21\/100\n|move|p1a: Chi-Yu|Overheat|p2b: Luscious Locks\n|-enditem|p2b: Luscious Locks|Focus Sash\n|-damage|p2b: Luscious Locks|1\/100\n|-unboost|p1a: Chi-Yu|spa|2\n|-damage|p1a: Chi-Yu|11\/100|[from] item: Life Orb\n|\n|-weather|SunnyDay|[upkeep]\n|upkeep\n|turn|5\n|inactive|A0000000 has 30 seconds left.\n|\n|t:|1682648068\n|move|p2a: Hotpot|Helping Hand|p2b: Luscious Locks\n|-singleturn|p2b: Luscious Locks|Helping Hand|[of] p2a: Hotpot\n|move|p2b: Luscious Locks|Dazzling Gleam|p1a: Chi-Yu|[spread] p1a,p1b\n|-resisted|p1b: Annihilape\n|-crit|p1b: Annihilape\n|-damage|p1a: Chi-Yu|0 fnt\n|-damage|p1b: Annihilape|0 fnt\n|faint|p1a: Chi-Yu\n|faint|p1b: Annihilape\n|\n|-weather|none\n|-end|p2b: Luscious Locks|Protosynthesis\n|upkeep\n|-message|A0000000 forfeited.\n|\n|win|Kyutarou\n|raw|A0000000's rating: 1089 → 1070<\/strong> (-19 for losing)\n|raw|Kyutarou's rating: 1162 → 1182<\/strong> (+20 for winning)\n|l|\u2606A0000000\n","uploadtime":1682648081,"views":5,"p1id":"a0000000","p2id":"kyutarou","formatid":"gen9vgc2023regulationc","rating":1070,"private":0,"password":""}