{"id":"gen9vgc2023regulationc-1850263933","p1":"mirrorcardneko","p2":"megaprawn","format":"[Gen 9] VGC 2023 Regulation C","log":"|j|\u2606mirrorcardneko\n|j|\u2606megaprawn\n|t:|1682307725\n|gametype|doubles\n|player|p1|mirrorcardneko|1|1139\n|player|p2|megaprawn|brycen|1220\n|teamsize|p1|6\n|teamsize|p2|6\n|gen|9\n|tier|[Gen 9] VGC 2023 Regulation C\n|rated|\n|rule|Species Clause: Limit one of each Pok\u00e9mon\n|rule|Item Clause: Limit one of each item\n|clearpoke\n|poke|p1|Grafaiai, L50, M|\n|poke|p1|Arcanine, L50, M|\n|poke|p1|Flutter Mane, L50|\n|poke|p1|Dragonite, L50, M|\n|poke|p1|Wo-Chien, L50|\n|poke|p1|Vaporeon, L50, M|\n|poke|p2|Armarouge, L50, M|\n|poke|p2|Great Tusk, L50|\n|poke|p2|Talonflame, L50, M|\n|poke|p2|Indeedee-F, L50, F|\n|poke|p2|Gyarados, L50, M|\n|poke|p2|Flutter Mane, L50|\n|teampreview|4\nmegaprawn has agreed to open team sheets.\nmirrorcardneko has agreed to open team sheets.\n|\n|t:|1682307766\n|start\n|switch|p1a: Vaporeon|Vaporeon, L50, M|100\/100\n|switch|p1b: Dragonite|Dragonite, L50, M|100\/100\n|switch|p2a: Great Tusk|Great Tusk, L50|100\/100\n|switch|p2b: Gyarados|Gyarados, L50, M, shiny|100\/100\n|-ability|p2b: Gyarados|Intimidate|boost\n|-unboost|p1a: Vaporeon|atk|1\n|-fail|p1b: Dragonite|unboost|Attack|[from] ability: Inner Focus|[of] p1b: Dragonite\n|turn|1\n|\n|t:|1682307797\n|-terastallize|p2a: Great Tusk|Rock\n|move|p1b: Dragonite|Protect|p1b: Dragonite\n|-singleturn|p1b: Dragonite|Protect\n|move|p2a: Great Tusk|Rock Slide|p1b: Dragonite|[spread] p1a\n|-activate|p1b: Dragonite|move: Protect\n|-damage|p1a: Vaporeon|76\/100\n|move|p2b: Gyarados|Taunt|p1a: Vaporeon\n|-start|p1a: Vaporeon|move: Taunt\n|move|p1a: Vaporeon|Icy Wind|p2b: Gyarados|[spread] p2a,p2b\n|-damage|p2a: Great Tusk|86\/100\n|-damage|p2b: Gyarados|93\/100\n|-unboost|p2a: Great Tusk|spe|1\n|-unboost|p2b: Gyarados|spe|1\n|\n|upkeep\n|turn|2\n|\n|t:|1682307825\n|-end|p2a: Great Tusk|Protosynthesis|[silent]\n|switch|p2a: Armarouge|Armarouge, L50, M|100\/100\n|switch|p1b: Wo-Chien|Wo-Chien, L50|100\/100\n|-ability|p1b: Wo-Chien|Tablets of Ruin\n|move|p1a: Vaporeon|Icy Wind|p2a: Armarouge|[spread] p2a,p2b\n|-resisted|p2a: Armarouge\n|-damage|p2a: Armarouge|93\/100\n|-damage|p2b: Gyarados|85\/100\n|-unboost|p2a: Armarouge|spe|1\n|-unboost|p2b: Gyarados|spe|1\n|move|p2b: Gyarados|Thunder Wave|p1b: Wo-Chien\n|-status|p1b: Wo-Chien|par\n|\n|upkeep\n|turn|3\n|\n|t:|1682307856\n|-terastallize|p1b: Wo-Chien|Fairy\n|move|p2a: Armarouge|Endure|p2a: Armarouge\n|-singleturn|p2a: Armarouge|move: Endure\n|move|p1a: Vaporeon|Icy Wind|p2a: Armarouge|[spread] p2a,p2b\n|-resisted|p2a: Armarouge\n|-damage|p2a: Armarouge|85\/100\n|-damage|p2b: Gyarados|78\/100\n|-unboost|p2a: Armarouge|spe|1\n|-unboost|p2b: Gyarados|spe|1\n|cant|p1b: Wo-Chien|par\n|move|p2b: Gyarados|Thunder Wave|p1a: Vaporeon\n|-status|p1a: Vaporeon|par\n|\n|-end|p1a: Vaporeon|move: Taunt\n|upkeep\n|turn|4\n|\n|t:|1682307874\n|switch|p2a: Indeedee|Indeedee-F, L50, F|100\/100\n|-fieldstart|move: Psychic Terrain|[from] ability: Psychic Surge|[of] p2a: Indeedee\n|-enditem|p2b: Gyarados|Psychic Seed\n|-boost|p2b: Gyarados|spd|1|[from] item: Psychic Seed\n|move|p1b: Wo-Chien|Leech Seed|p2a: Indeedee|[miss]\n|-miss|p1b: Wo-Chien|p2a: Indeedee\n|move|p2b: Gyarados|Taunt|p1b: Wo-Chien\n|-start|p1b: Wo-Chien|move: Taunt\n|cant|p1a: Vaporeon|par\n|\n|upkeep\n|turn|5\n|inactive|Battle timer is ON: inactive players will automatically lose when time's up. (requested by mirrorcardneko)\n|\n|t:|1682307917\n|switch|p2b: Armarouge|Armarouge, L50, M|85\/100\n|move|p2a: Indeedee|Dazzling Gleam|p1b: Wo-Chien|[spread] p1a,p1b\n|-damage|p1a: Vaporeon|66\/100 par\n|-damage|p1b: Wo-Chien|93\/100 par\n|move|p1b: Wo-Chien|Pollen Puff|p2a: Indeedee\n|-supereffective|p2a: Indeedee\n|-crit|p2a: Indeedee\n|-damage|p2a: Indeedee|51\/100\n|cant|p1a: Vaporeon|par\n|\n|-heal|p1b: Wo-Chien|99\/100 par|[from] item: Leftovers\n|upkeep\n|turn|6\n|\n|t:|1682307942\n|move|p2a: Indeedee|Helping Hand|p2b: Armarouge\n|-singleturn|p2b: Armarouge|Helping Hand|[of] p2a: Indeedee\n|move|p2b: Armarouge|Expanding Force|p1b: Wo-Chien|[spread] p1a,p1b\n|-damage|p1a: Vaporeon|0 fnt\n|-damage|p1b: Wo-Chien|45\/100 par\n|faint|p1a: Vaporeon\n|move|p1b: Wo-Chien|Pollen Puff|p2a: Indeedee\n|-supereffective|p2a: Indeedee\n|-damage|p2a: Indeedee|16\/100\n|\n|-heal|p1b: Wo-Chien|52\/100 par|[from] item: Leftovers\n|upkeep\n|\n|t:|1682307954\n|switch|p1a: Dragonite|Dragonite, L50, M|100\/100\n|turn|7\n|\n|t:|1682307964\n|move|p2a: Indeedee|Follow Me|p2a: Indeedee\n|-singleturn|p2a: Indeedee|move: Follow Me\n|move|p1a: Dragonite|Extreme Speed|p2a: Indeedee\n|-activate|p2a: Indeedee|move: Psychic Terrain\n|move|p2b: Armarouge|Expanding Force|p1b: Wo-Chien|[spread] p1a,p1b\n|-damage|p1a: Dragonite|41\/100\n|-damage|p1b: Wo-Chien|12\/100 par\n|move|p1b: Wo-Chien|Pollen Puff|p2a: Indeedee\n|-supereffective|p2a: Indeedee\n|-damage|p2a: Indeedee|0 fnt\n|faint|p2a: Indeedee\n|\n|-heal|p1b: Wo-Chien|19\/100 par|[from] item: Leftovers\n|-end|p1b: Wo-Chien|move: Taunt\n|upkeep\n|\n|t:|1682307986\n|switch|p2a: Gyarados|Gyarados, L50, M, shiny|78\/100\n|-ability|p2a: Gyarados|Intimidate|boost\n|-fail|p1a: Dragonite|unboost|Attack|[from] ability: Inner Focus|[of] p1a: Dragonite\n|-unboost|p1b: Wo-Chien|atk|1\n|turn|8\n|\n|t:|1682307995\n|move|p1a: Dragonite|Protect|p1a: Dragonite\n|-singleturn|p1a: Dragonite|Protect\n|move|p1b: Wo-Chien|Protect|p1b: Wo-Chien\n|-singleturn|p1b: Wo-Chien|Protect\n|move|p2b: Armarouge|Expanding Force|p1a: Dragonite|[spread] \n|-activate|p1a: Dragonite|move: Protect\n|-activate|p1b: Wo-Chien|move: Protect\n|move|p2a: Gyarados|Thunder Wave|p1a: Dragonite\n|-activate|p1a: Dragonite|move: Protect\n|\n|-heal|p1b: Wo-Chien|25\/100 par|[from] item: Leftovers\n|-fieldend|move: Psychic Terrain\n|upkeep\n|turn|9\n|\n|t:|1682308019\n|move|p1a: Dragonite|Extreme Speed|p2b: Armarouge\n|-damage|p2b: Armarouge|60\/100\n|-ability|p2b: Armarouge|Weak Armor|boost\n|-unboost|p2b: Armarouge|def|1\n|-boost|p2b: Armarouge|spe|2\n|move|p2b: Armarouge|Heat Wave|p1b: Wo-Chien|[spread] p1a,p1b\n|-resisted|p1a: Dragonite\n|-damage|p1a: Dragonite|23\/100\n|-damage|p1b: Wo-Chien|1\/100 par\n|move|p2a: Gyarados|Waterfall|p1b: Wo-Chien\n|-damage|p1b: Wo-Chien|0 fnt\n|faint|p1b: Wo-Chien\n|\n|upkeep\n|\n|t:|1682308031\n|switch|p1b: Flutter Mane|Flutter Mane, L50|100\/100\n|turn|10\n|\n|t:|1682308045\n|move|p1b: Flutter Mane|Protect|p1b: Flutter Mane\n|-singleturn|p1b: Flutter Mane|Protect\n|move|p2b: Armarouge|Expanding Force|p1b: Flutter Mane\n|-activate|p1b: Flutter Mane|move: Protect\n|move|p2a: Gyarados|Waterfall|p1b: Flutter Mane\n|-activate|p1b: Flutter Mane|move: Protect\n|move|p1a: Dragonite|Dragon Claw|p2a: Gyarados\n|-damage|p2a: Gyarados|32\/100\n|\n|upkeep\n|turn|11\n|\n|t:|1682308068\n|move|p2b: Armarouge|Expanding Force|p1a: Dragonite\n|-damage|p1a: Dragonite|0 fnt\n|faint|p1a: Dragonite\n|move|p1b: Flutter Mane|Shadow Ball|p2b: Armarouge\n|-supereffective|p2b: Armarouge\n|-damage|p2b: Armarouge|0 fnt\n|faint|p2b: Armarouge\n|move|p2a: Gyarados|Thunder Wave|p1b: Flutter Mane\n|-status|p1b: Flutter Mane|par\n|\n|upkeep\n|\n|t:|1682308073\n|switch|p2b: Great Tusk|Great Tusk, L50, tera:Rock|86\/100\n|turn|12\n|\n|t:|1682308085\n|move|p1b: Flutter Mane|Protect|p1b: Flutter Mane\n|-singleturn|p1b: Flutter Mane|Protect\n|move|p2b: Great Tusk|Headlong Rush|p1b: Flutter Mane\n|-activate|p1b: Flutter Mane|move: Protect\n|move|p2a: Gyarados|Waterfall|p1b: Flutter Mane\n|-activate|p1b: Flutter Mane|move: Protect\n|\n|upkeep\n|turn|13\n|\n|t:|1682308099\n|move|p2b: Great Tusk|Headlong Rush|p1b: Flutter Mane\n|-enditem|p1b: Flutter Mane|Focus Sash\n|-damage|p1b: Flutter Mane|1\/100 par\n|-unboost|p2b: Great Tusk|def|1\n|-unboost|p2b: Great Tusk|spd|1\n|move|p2a: Gyarados|Waterfall|p1b: Flutter Mane\n|-damage|p1b: Flutter Mane|0 fnt\n|faint|p1b: Flutter Mane\n|-end|p1b: Flutter Mane|Protosynthesis|[silent]\n|\n|win|megaprawn\n|raw|mirrorcardneko's rating: 1139 → 1120<\/strong> (-19 for losing)\n|raw|megaprawn's rating: 1220 → 1239<\/strong> (+19 for winning)\n","uploadtime":1682308109,"views":36,"p1id":"mirrorcardneko","p2id":"megaprawn","formatid":"gen9vgc2023regulationc","rating":1120,"private":0,"password":""}