{"id":"gen9vgc2023regulationc-1847179175","p1":"dry.minimal","p2":"Pxntacle","format":"[Gen 9] VGC 2023 Regulation C","log":"|j|\u2606dry.minimal\n|j|\u2606Pxntacle\n|t:|1681925557\n|gametype|doubles\n|player|p1|dry.minimal|volkner|1019\n|player|p2|Pxntacle|101|1000\n|teamsize|p1|6\n|teamsize|p2|6\n|gen|9\n|tier|[Gen 9] VGC 2023 Regulation C\n|rated|\n|rule|Species Clause: Limit one of each Pok\u00e9mon\n|rule|Item Clause: Limit one of each item\n|clearpoke\n|poke|p1|Tinkaton, L50, F|\n|poke|p1|Oranguru, L50, M|\n|poke|p1|Gastrodon, L50, M|\n|poke|p1|Arcanine, L50, F|\n|poke|p1|Scream Tail, L50|\n|poke|p1|Flutter Mane, L50|\n|poke|p2|Hawlucha, L50, F|\n|poke|p2|Barraskewda, L50, F|\n|poke|p2|Pelipper, L50, F|\n|poke|p2|Abomasnow, L50, F|\n|poke|p2|Crabominable, L50, F|\n|poke|p2|Meowscarada, L50, M|\n|teampreview|4\n|inactive|Battle timer is ON: inactive players will automatically lose when time's up. (requested by Pxntacle)\n|\n|t:|1681925575\n|start\n|switch|p1a: Scream Tail|Scream Tail, L50|100\/100\n|switch|p1b: Oranguru|Oranguru, L50, M, shiny|100\/100\n|switch|p2a: Crabominable|Crabominable, L50, F|100\/100\n|switch|p2b: Meowscarada|Meowscarada, L50, M|100\/100\n|turn|1\n|\n|t:|1681925590\n|move|p2b: Meowscarada|Flower Trick|p2a: Crabominable\n|-start|p2b: Meowscarada|typechange|Grass|[from] ability: Protean\n|-crit|p2a: Crabominable\n|-damage|p2a: Crabominable|43\/100\n|-setboost|p2a: Crabominable|atk|6|[from] ability: Anger Point\n|move|p1a: Scream Tail|Calm Mind|p1a: Scream Tail\n|-boost|p1a: Scream Tail|spa|1\n|-boost|p1a: Scream Tail|spd|1\n|move|p1b: Oranguru|Instruct|p1a: Scream Tail\n|-singleturn|p1a: Scream Tail|move: Instruct|[of] p1b: Oranguru\n|move|p1a: Scream Tail|Calm Mind|p1a: Scream Tail\n|-boost|p1a: Scream Tail|spa|1\n|-boost|p1a: Scream Tail|spd|1\n|move|p2a: Crabominable|Earthquake|p1a: Scream Tail|[spread] p2b,p1a,p1b\n|-resisted|p2b: Meowscarada\n|-damage|p2b: Meowscarada|4\/100\n|-damage|p1a: Scream Tail|16\/100\n|-damage|p1b: Oranguru|0 fnt\n|faint|p1b: Oranguru\n|\n|upkeep\n|\n|t:|1681925608\n|switch|p1b: Gastrodon|Gastrodon, L50, M, shiny|100\/100\n|turn|2\n|\n|t:|1681925617\n|-terastallize|p1b: Gastrodon|Fire\n|move|p1a: Scream Tail|Protect|p1a: Scream Tail\n|-singleturn|p1a: Scream Tail|Protect\n|move|p2b: Meowscarada|Flower Trick|p1a: Scream Tail\n|-activate|p1a: Scream Tail|move: Protect\n|move|p2a: Crabominable|Earthquake|p1b: Gastrodon|[spread] p2b,p1b\n|-activate|p1a: Scream Tail|move: Protect\n|-resisted|p2b: Meowscarada\n|-supereffective|p1b: Gastrodon\n|-damage|p2b: Meowscarada|0 fnt\n|-damage|p1b: Gastrodon|0 fnt\n|faint|p2b: Meowscarada\n|faint|p1b: Gastrodon\n|\n|upkeep\n|\n|t:|1681925630\n|switch|p2b: Hawlucha|Hawlucha, L50, F|100\/100\n|switch|p1b: Flutter Mane|Flutter Mane, L50|100\/100\n|-ability|p2b: Hawlucha|Mold Breaker\n|-enditem|p1b: Flutter Mane|Booster Energy\n|-activate|p1b: Flutter Mane|ability: Protosynthesis|[fromitem]\n|-start|p1b: Flutter Mane|protosynthesisspa\n|turn|3\n|\n|t:|1681925643\n|move|p2b: Hawlucha|Poison Jab|p1b: Flutter Mane\n|-crit|p1b: Flutter Mane\n|-damage|p1b: Flutter Mane|44\/100\n|-status|p1b: Flutter Mane|psn\n|move|p1a: Scream Tail|Psychic|p2a: Crabominable\n|-supereffective|p2a: Crabominable\n|-damage|p2a: Crabominable|0 fnt\n|faint|p2a: Crabominable\n|move|p1b: Flutter Mane|Dazzling Gleam|p2b: Hawlucha\n|-supereffective|p2b: Hawlucha\n|-damage|p2b: Hawlucha|0 fnt\n|faint|p2b: Hawlucha\n|\n|-damage|p1b: Flutter Mane|32\/100 psn|[from] psn\n|upkeep\n|\n|t:|1681925657\n|switch|p2b: Barraskewda|Barraskewda, L50, F|100\/100\n|turn|4\n|\n|t:|1681925665\n|move|p1a: Scream Tail|Protect|p1a: Scream Tail\n|-singleturn|p1a: Scream Tail|Protect\n|move|p2b: Barraskewda|Throat Chop|p1b: Flutter Mane\n|-damage|p1b: Flutter Mane|0 fnt\n|faint|p1b: Flutter Mane\n|-end|p1b: Flutter Mane|Protosynthesis|[silent]\n|\n|upkeep\n|turn|5\n|\n|t:|1681925679\n|move|p2b: Barraskewda|Throat Chop|p1a: Scream Tail\n|-damage|p1a: Scream Tail|0 fnt\n|faint|p1a: Scream Tail\n|-end|p1a: Scream Tail|Protosynthesis|[silent]\n|\n|win|Pxntacle\n|raw|dry.minimal's rating: 1019 → 1005<\/strong> (-14 for losing)\n|raw|Pxntacle's rating: 1000 → 1042<\/strong> (+42 for winning)\n|c|\u2606Pxntacle|ggs\n|l|\u2606dry.minimal\n","uploadtime":1681925815,"views":14,"p1id":"dryminimal","p2id":"pxntacle","formatid":"gen9vgc2023regulationc","rating":1005,"private":0,"password":""}