{"id":"gen9vgc2023regulationc-1860822134","p1":"JayMcG1010","p2":"Yeetawheat","format":"[Gen 9] VGC 2023 Regulation C","log":"|j|\u2606JayMcG1010\n|j|\u2606Yeetawheat\n|t:|1683682083\n|gametype|doubles\n|player|p1|JayMcG1010|101|\n|player|p2|Yeetawheat|101|\n|teamsize|p1|6\n|teamsize|p2|6\n|gen|9\n|tier|[Gen 9] VGC 2023 Regulation C\n|rule|Species Clause: Limit one of each Pok\u00e9mon\n|rule|Item Clause: Limit one of each item\n|clearpoke\n|poke|p1|Orthworm, L50, F|\n|poke|p1|Garganacl, L50, M|\n|poke|p1|Flutter Mane, L50|\n|poke|p1|Ting-Lu, L50|\n|poke|p1|Amoonguss, L50, F|\n|poke|p1|Dragonite, L50, M|\n|poke|p2|Scizor, L50, F|\n|poke|p2|Tauros-Paldea-Aqua, L50, M|\n|poke|p2|Rotom-Heat, L50|\n|poke|p2|Wo-Chien, L50|\n|poke|p2|Garganacl, L50, F|\n|poke|p2|Flutter Mane, L50|\n|teampreview|4\nYeetawheat has agreed to open team sheets.\n|c|\u2606Yeetawheat|g2\nJayMcG1010 has agreed to open team sheets.\n|c|\u2606Yeetawheat|glhf!\n|c|\u2606JayMcG1010|glhf\n|\n|t:|1683682605\n|start\n|switch|p1a: Amoonguss|Amoonguss, L50, F|100\/100\n|switch|p1b: Orthworm|Orthworm, L50, F, shiny|100\/100\n|switch|p2a: Garganacl|Garganacl, L50, F|100\/100\n|switch|p2b: Tauros|Tauros-Paldea-Aqua, L50, M|100\/100\n|-ability|p2b: Tauros|Intimidate|boost\n|-unboost|p1a: Amoonguss|atk|1\n|-unboost|p1b: Orthworm|atk|1\n|turn|1\n|\n|t:|1683682644\n|-terastallize|p2b: Tauros|Grass\n|move|p2b: Tauros|Close Combat|p1b: Orthworm\n|-supereffective|p1b: Orthworm\n|-damage|p1b: Orthworm|30\/100\n|-unboost|p2b: Tauros|def|1\n|-unboost|p2b: Tauros|spd|1\n|-enditem|p1b: Orthworm|Sitrus Berry|[eat]\n|-heal|p1b: Orthworm|55\/100|[from] item: Sitrus Berry\n|move|p1b: Orthworm|Shed Tail|p1b: Orthworm\n|-start|p1b: Orthworm|Substitute|[from] move: Shed Tail\n|-damage|p1b: Orthworm|5\/100\n|\n|t:|1683682661\n|switch|p1b: Flutter Mane|Flutter Mane, L50|100\/100|[from] Shed Tail\n|move|p2a: Garganacl|Iron Defense|p2a: Garganacl\n|-boost|p2a: Garganacl|def|2\n|move|p1a: Amoonguss|Spore|p2b: Tauros\n|-immune|p2b: Tauros\n|\n|upkeep\n|turn|2\n|\n|t:|1683682692\n|switch|p2b: Scizor|Scizor, L50, F|100\/100\n|-terastallize|p1b: Flutter Mane|Fairy\n|move|p1b: Flutter Mane|Dazzling Gleam|p2b: Scizor|[spread] p2a,p2b\n|-resisted|p2b: Scizor\n|-damage|p2a: Garganacl|65\/100\n|-damage|p2b: Scizor|75\/100\n|-damage|p1b: Flutter Mane|91\/100|[from] item: Life Orb\n|move|p2a: Garganacl|Salt Cure|p1b: Flutter Mane\n|-activate|p1b: Flutter Mane|move: Substitute|[damage]\n|move|p1a: Amoonguss|Pollen Puff|p2b: Scizor\n|-resisted|p2b: Scizor\n|-damage|p2b: Scizor|65\/100\n|\n|upkeep\n|turn|3\n|\n|t:|1683682732\n|switch|p2b: Tauros|Tauros-Paldea-Aqua, L50, M, tera:Grass|100\/100\n|-ability|p2b: Tauros|Intimidate|boost\n|-unboost|p1a: Amoonguss|atk|1\n|-immune|p1b: Flutter Mane\n|move|p1b: Flutter Mane|Moonblast|p2a: Garganacl\n|-damage|p2a: Garganacl|2\/100\n|-unboost|p2a: Garganacl|spa|1\n|-enditem|p2a: Garganacl|Aguav Berry|[eat]\n|-heal|p2a: Garganacl|36\/100|[from] item: Aguav Berry\n|-damage|p1b: Flutter Mane|82\/100|[from] item: Life Orb\n|move|p2a: Garganacl|Salt Cure|p1a: Amoonguss\n|-damage|p1a: Amoonguss|90\/100\n|-start|p1a: Amoonguss|Salt Cure\n|move|p1a: Amoonguss|Spore|p2b: Tauros\n|-immune|p2b: Tauros\n|\n|-damage|p1a: Amoonguss|77\/100|[from] Salt Cure\n|upkeep\n|turn|4\n|\n|t:|1683682770\n|switch|p1a: Orthworm|Orthworm, L50, F, shiny|5\/100\n|move|p2a: Garganacl|Protect|p2a: Garganacl\n|-singleturn|p2a: Garganacl|Protect\n|move|p1b: Flutter Mane|Dazzling Gleam|p2b: Tauros|[spread] p2b\n|-activate|p2a: Garganacl|move: Protect\n|-damage|p2b: Tauros|56\/100\n|-damage|p1b: Flutter Mane|72\/100|[from] item: Life Orb\n|move|p2b: Tauros|Trailblaze|p1b: Flutter Mane\n|-end|p1b: Flutter Mane|Substitute\n|-boost|p2b: Tauros|spe|1\n|\n|upkeep\n|turn|5\n|\n|t:|1683682806\n|-end|p1b: Flutter Mane|Protosynthesis|[silent]\n|switch|p1b: Amoonguss|Amoonguss, L50, F|100\/100\n|move|p2b: Tauros|Wave Crash|p1b: Amoonguss\n|-resisted|p1b: Amoonguss\n|-damage|p1b: Amoonguss|78\/100\n|-damage|p2b: Tauros|39\/100|[from] item: Rocky Helmet|[of] p1b: Amoonguss\n|-damage|p2b: Tauros|30\/100|[from] Recoil\n|move|p1a: Orthworm|Body Press|p2a: Garganacl\n|-supereffective|p2a: Garganacl\n|-damage|p2a: Garganacl|18\/100\n|move|p2a: Garganacl|Salt Cure|p1a: Orthworm\n|-resisted|p1a: Orthworm\n|-damage|p1a: Orthworm|0 fnt\n|faint|p1a: Orthworm\n|\n|upkeep\n|\n|t:|1683682826\n|switch|p1a: Garganacl|Garganacl, L50, M, shiny|100\/100\n|turn|6\n|\n|t:|1683682848\n|move|p2b: Tauros|Wave Crash|p1a: Garganacl\n|-supereffective|p1a: Garganacl\n|-damage|p1a: Garganacl|24\/100\n|-damage|p2b: Tauros|0 fnt|[from] Recoil\n|faint|p2b: Tauros\n|move|p1a: Garganacl|Salt Cure|p2a: Garganacl\n|-damage|p2a: Garganacl|14\/100\n|-start|p2a: Garganacl|Salt Cure\n|move|p2a: Garganacl|Recover|p2a: Garganacl\n|-heal|p2a: Garganacl|64\/100\n|move|p1b: Amoonguss|Pollen Puff|p1a: Garganacl\n|-heal|p1a: Garganacl|74\/100\n|\n|-heal|p1a: Garganacl|80\/100|[from] item: Leftovers\n|-damage|p2a: Garganacl|51\/100|[from] Salt Cure\n|upkeep\n|\n|t:|1683682859\n|switch|p2b: Rotom|Rotom-Heat, L50|100\/100\n|turn|7\n|\n|t:|1683682873\n|move|p1b: Amoonguss|Protect|p1b: Amoonguss\n|-singleturn|p1b: Amoonguss|Protect\n|move|p2b: Rotom|Thunderbolt|p1a: Garganacl\n|-damage|p1a: Garganacl|52\/100\n|move|p2a: Garganacl|Salt Cure|p1a: Garganacl\n|-damage|p1a: Garganacl|43\/100\n|-start|p1a: Garganacl|Salt Cure\n|move|p1a: Garganacl|Salt Cure|p2b: Rotom\n|-supereffective|p2b: Rotom\n|-damage|p2b: Rotom|68\/100\n|-start|p2b: Rotom|Salt Cure\n|\n|-heal|p1a: Garganacl|48\/100|[from] item: Leftovers\n|-damage|p2b: Rotom|56\/100|[from] Salt Cure\n|-damage|p1a: Garganacl|36\/100|[from] Salt Cure\n|-damage|p2a: Garganacl|39\/100|[from] Salt Cure\n|upkeep\n|turn|8\n|\n|t:|1683682909\n|move|p1b: Amoonguss|Rage Powder|p1b: Amoonguss\n|-singleturn|p1b: Amoonguss|move: Rage Powder\n|move|p2b: Rotom|Overheat|p1b: Amoonguss|[miss]\n|-miss|p2b: Rotom|p1b: Amoonguss\n|move|p1a: Garganacl|Recover|p1a: Garganacl\n|-heal|p1a: Garganacl|86\/100\n|move|p2a: Garganacl|Recover|p2a: Garganacl\n|-heal|p2a: Garganacl|89\/100\n|\n|-heal|p1a: Garganacl|92\/100|[from] item: Leftovers\n|-damage|p2b: Rotom|44\/100|[from] Salt Cure\n|-damage|p2a: Garganacl|77\/100|[from] Salt Cure\n|-damage|p1a: Garganacl|80\/100|[from] Salt Cure\n|upkeep\n|-enditem|p2b: Rotom|Sitrus Berry|[eat]\n|-heal|p2b: Rotom|69\/100|[from] item: Sitrus Berry\n|turn|9\n|\n|t:|1683682937\n|move|p1b: Amoonguss|Protect|p1b: Amoonguss\n|-singleturn|p1b: Amoonguss|Protect\n|move|p2b: Rotom|Overheat|p1b: Amoonguss\n|-activate|p1b: Amoonguss|move: Protect\n|move|p1a: Garganacl|Salt Cure|p2b: Rotom\n|-supereffective|p2b: Rotom\n|-damage|p2b: Rotom|38\/100\n|move|p2a: Garganacl|Salt Cure|p1b: Amoonguss\n|-activate|p1b: Amoonguss|move: Protect\n|\n|-heal|p1a: Garganacl|86\/100|[from] item: Leftovers\n|-damage|p2b: Rotom|26\/100|[from] Salt Cure\n|-damage|p1a: Garganacl|74\/100|[from] Salt Cure\n|-damage|p2a: Garganacl|65\/100|[from] Salt Cure\n|upkeep\n|turn|10\n|\n|t:|1683682961\n|switch|p1b: Flutter Mane|Flutter Mane, L50, tera:Fairy|72\/100\n|move|p2b: Rotom|Overheat|p1b: Flutter Mane\n|-damage|p1b: Flutter Mane|23\/100\n|-unboost|p2b: Rotom|spa|2\n|move|p2a: Garganacl|Salt Cure|p1b: Flutter Mane\n|-damage|p1b: Flutter Mane|2\/100\n|-start|p1b: Flutter Mane|Salt Cure\n|move|p1a: Garganacl|Fissure|p2a: Garganacl|[miss]\n|-miss|p1a: Garganacl|p2a: Garganacl\n|\n|-heal|p1a: Garganacl|80\/100|[from] item: Leftovers\n|-damage|p1b: Flutter Mane|0 fnt|[from] Salt Cure\n|faint|p1b: Flutter Mane\n|-end|p1b: Flutter Mane|Protosynthesis|[silent]\n|-damage|p2b: Rotom|14\/100|[from] Salt Cure\n|-damage|p1a: Garganacl|68\/100|[from] Salt Cure\n|-damage|p2a: Garganacl|52\/100|[from] Salt Cure\n|upkeep\n|\n|t:|1683682978\n|switch|p1b: Amoonguss|Amoonguss, L50, F|100\/100\n|turn|11\n|\n|t:|1683682990\n|switch|p2b: Scizor|Scizor, L50, F|65\/100\n|move|p1b: Amoonguss|Protect|p1b: Amoonguss\n|-singleturn|p1b: Amoonguss|Protect\n|move|p1a: Garganacl|Salt Cure|p2b: Scizor\n|-damage|p2b: Scizor|52\/100\n|-start|p2b: Scizor|Salt Cure\n|move|p2a: Garganacl|Salt Cure|p1b: Amoonguss\n|-activate|p1b: Amoonguss|move: Protect\n|\n|-heal|p1a: Garganacl|73\/100|[from] item: Leftovers\n|-damage|p2b: Scizor|28\/100|[from] Salt Cure\n|-damage|p2a: Garganacl|40\/100|[from] Salt Cure\n|-damage|p1a: Garganacl|61\/100|[from] Salt Cure\n|upkeep\n|turn|12\n|\n|t:|1683683012\n|move|p2b: Scizor|Bullet Punch|p1a: Garganacl\n|-supereffective|p1a: Garganacl\n|-damage|p1a: Garganacl|23\/100\n|move|p2a: Garganacl|Salt Cure|p1b: Amoonguss\n|-damage|p1b: Amoonguss|91\/100\n|-start|p1b: Amoonguss|Salt Cure\n|move|p1a: Garganacl|Fissure|p2a: Garganacl|[miss]\n|-miss|p1a: Garganacl|p2a: Garganacl\n|move|p1b: Amoonguss|Pollen Puff|p1a: Garganacl\n|-heal|p1a: Garganacl|72\/100\n|\n|-heal|p1a: Garganacl|78\/100|[from] item: Leftovers\n|-damage|p2b: Scizor|3\/100|[from] Salt Cure\n|-damage|p1a: Garganacl|66\/100|[from] Salt Cure\n|-damage|p2a: Garganacl|28\/100|[from] Salt Cure\n|-damage|p1b: Amoonguss|78\/100|[from] Salt Cure\n|upkeep\n|turn|13\n|\n|t:|1683683043\n|move|p1b: Amoonguss|Rage Powder|p1b: Amoonguss\n|-singleturn|p1b: Amoonguss|move: Rage Powder\n|move|p2b: Scizor|Pounce|p1b: Amoonguss\n|-crit|p1b: Amoonguss\n|-damage|p1b: Amoonguss|34\/100\n|-unboost|p1b: Amoonguss|spe|1\n|-damage|p2b: Scizor|0 fnt|[from] item: Rocky Helmet|[of] p1b: Amoonguss\n|faint|p2b: Scizor\n|move|p2a: Garganacl|Salt Cure|p1b: Amoonguss\n|-crit|p1b: Amoonguss\n|-damage|p1b: Amoonguss|19\/100\n|move|p1a: Garganacl|Salt Cure|p2a: Garganacl\n|-damage|p2a: Garganacl|23\/100\n|\n|-heal|p1a: Garganacl|72\/100|[from] item: Leftovers\n|-damage|p2a: Garganacl|11\/100|[from] Salt Cure\n|-damage|p1a: Garganacl|60\/100|[from] Salt Cure\n|-damage|p1b: Amoonguss|7\/100|[from] Salt Cure\n|upkeep\n|\n|t:|1683683054\n|switch|p2b: Rotom|Rotom-Heat, L50|14\/100\n|turn|14\n|\n|t:|1683683076\n|move|p2b: Rotom|Protect|p2b: Rotom\n|-singleturn|p2b: Rotom|Protect\n|move|p1a: Garganacl|Recover|p1a: Garganacl\n|-heal|p1a: Garganacl|100\/100\n|move|p2a: Garganacl|Recover|p2a: Garganacl\n|-heal|p2a: Garganacl|61\/100\n|move|p1b: Amoonguss|Spore|p2b: Rotom\n|-activate|p2b: Rotom|move: Protect\n|\n|-damage|p2a: Garganacl|49\/100|[from] Salt Cure\n|-damage|p1a: Garganacl|88\/100|[from] Salt Cure\n|-damage|p1b: Amoonguss|0 fnt|[from] Salt Cure\n|faint|p1b: Amoonguss\n|upkeep\n|turn|15\n|\n|t:|1683683098\n|move|p2b: Rotom|Thunderbolt|p1a: Garganacl\n|-damage|p1a: Garganacl|56\/100\n|move|p1a: Garganacl|Salt Cure|p2b: Rotom\n|-supereffective|p2b: Rotom\n|-damage|p2b: Rotom|0 fnt\n|faint|p2b: Rotom\n|move|p2a: Garganacl|Recover|p2a: Garganacl\n|-heal|p2a: Garganacl|99\/100\n|\n|-heal|p1a: Garganacl|62\/100|[from] item: Leftovers\n|-damage|p1a: Garganacl|50\/100|[from] Salt Cure\n|-damage|p2a: Garganacl|86\/100|[from] Salt Cure\n|upkeep\n|turn|16\n|\n|t:|1683683110\n|move|p2a: Garganacl|Salt Cure|p1a: Garganacl\n|-damage|p1a: Garganacl|41\/100\n|move|p1a: Garganacl|Fissure|p2a: Garganacl|[miss]\n|-miss|p1a: Garganacl|p2a: Garganacl\n|\n|-heal|p1a: Garganacl|46\/100|[from] item: Leftovers\n|-damage|p1a: Garganacl|34\/100|[from] Salt Cure\n|-damage|p2a: Garganacl|74\/100|[from] Salt Cure\n|upkeep\n|turn|17\n|\n|t:|1683683117\n|move|p2a: Garganacl|Salt Cure|p1a: Garganacl\n|-damage|p1a: Garganacl|24\/100\n|move|p1a: Garganacl|Recover|p1a: Garganacl\n|-heal|p1a: Garganacl|74\/100\n|\n|-heal|p1a: Garganacl|80\/100|[from] item: Leftovers\n|-damage|p2a: Garganacl|62\/100|[from] Salt Cure\n|-damage|p1a: Garganacl|68\/100|[from] Salt Cure\n|upkeep\n|turn|18\n|\n|t:|1683683126\n|move|p2a: Garganacl|Protect|p2a: Garganacl\n|-singleturn|p2a: Garganacl|Protect\n|move|p1a: Garganacl|Fissure|p2a: Garganacl\n|-activate|p2a: Garganacl|move: Protect\n|\n|-heal|p1a: Garganacl|74\/100|[from] item: Leftovers\n|-damage|p2a: Garganacl|50\/100|[from] Salt Cure\n|-damage|p1a: Garganacl|62\/100|[from] Salt Cure\n|upkeep\n|turn|19\n|\n|t:|1683683144\n|move|p1a: Garganacl|Recover|p1a: Garganacl\n|-heal|p1a: Garganacl|100\/100\n|move|p2a: Garganacl|Salt Cure|p1a: Garganacl\n|-damage|p1a: Garganacl|91\/100\n|\n|-heal|p1a: Garganacl|97\/100|[from] item: Leftovers\n|-damage|p2a: Garganacl|37\/100|[from] Salt Cure\n|-damage|p1a: Garganacl|85\/100|[from] Salt Cure\n|upkeep\n|turn|20\n|\n|t:|1683683153\n|move|p2a: Garganacl|Recover|p2a: Garganacl\n|-heal|p2a: Garganacl|87\/100\n|move|p1a: Garganacl|Salt Cure|p2a: Garganacl\n|-damage|p2a: Garganacl|83\/100\n|\n|-heal|p1a: Garganacl|91\/100|[from] item: Leftovers\n|-damage|p2a: Garganacl|71\/100|[from] Salt Cure\n|-damage|p1a: Garganacl|79\/100|[from] Salt Cure\n|upkeep\n|turn|21\n|\n|t:|1683683166\n|move|p1a: Garganacl|Protect|p1a: Garganacl\n|-singleturn|p1a: Garganacl|Protect\n|move|p2a: Garganacl|Salt Cure|p1a: Garganacl\n|-activate|p1a: Garganacl|move: Protect\n|\n|-heal|p1a: Garganacl|85\/100|[from] item: Leftovers\n|-damage|p1a: Garganacl|72\/100|[from] Salt Cure\n|-damage|p2a: Garganacl|58\/100|[from] Salt Cure\n|upkeep\n|turn|22\n|\n|t:|1683683175\n|move|p2a: Garganacl|Protect|p2a: Garganacl\n|-singleturn|p2a: Garganacl|Protect\n|move|p1a: Garganacl|Salt Cure|p2a: Garganacl\n|-activate|p2a: Garganacl|move: Protect\n|\n|-heal|p1a: Garganacl|78\/100|[from] item: Leftovers\n|-damage|p1a: Garganacl|66\/100|[from] Salt Cure\n|-damage|p2a: Garganacl|46\/100|[from] Salt Cure\n|upkeep\n|turn|23\n|\n|t:|1683683188\n|move|p1a: Garganacl|Fissure|p2a: Garganacl|[miss]\n|-miss|p1a: Garganacl|p2a: Garganacl\n|move|p2a: Garganacl|Recover|p2a: Garganacl\n|-heal|p2a: Garganacl|96\/100\n|\n|-heal|p1a: Garganacl|72\/100|[from] item: Leftovers\n|-damage|p1a: Garganacl|60\/100|[from] Salt Cure\n|-damage|p2a: Garganacl|84\/100|[from] Salt Cure\n|upkeep\n|turn|24\n|\n|t:|1683683205\n|move|p2a: Garganacl|Salt Cure|p1a: Garganacl\n|-damage|p1a: Garganacl|51\/100\n|move|p1a: Garganacl|Fissure|p2a: Garganacl|[miss]\n|-miss|p1a: Garganacl|p2a: Garganacl\n|\n|-heal|p1a: Garganacl|57\/100|[from] item: Leftovers\n|-damage|p2a: Garganacl|72\/100|[from] Salt Cure\n|-damage|p1a: Garganacl|44\/100|[from] Salt Cure\n|upkeep\n|turn|25\n|\n|t:|1683683211\n|move|p2a: Garganacl|Iron Defense|p2a: Garganacl\n|-boost|p2a: Garganacl|def|2\n|move|p1a: Garganacl|Recover|p1a: Garganacl\n|-heal|p1a: Garganacl|95\/100\n|\n|-heal|p1a: Garganacl|100\/100|[from] item: Leftovers\n|-damage|p2a: Garganacl|59\/100|[from] Salt Cure\n|-damage|p1a: Garganacl|88\/100|[from] Salt Cure\n|upkeep\n|turn|26\n|\n|t:|1683683221\n|move|p2a: Garganacl|Protect|p2a: Garganacl\n|-singleturn|p2a: Garganacl|Protect\n|move|p1a: Garganacl|Protect||[still]\n|-fail|p1a: Garganacl\n|\n|-heal|p1a: Garganacl|94\/100|[from] item: Leftovers\n|-damage|p1a: Garganacl|82\/100|[from] Salt Cure\n|-damage|p2a: Garganacl|47\/100|[from] Salt Cure\n|upkeep\n|turn|27\n|\n|t:|1683683229\n|move|p2a: Garganacl|Protect||[still]\n|-fail|p2a: Garganacl\n|move|p1a: Garganacl|Fissure|p2a: Garganacl|[miss]\n|-miss|p1a: Garganacl|p2a: Garganacl\n|\n|-heal|p1a: Garganacl|88\/100|[from] item: Leftovers\n|-damage|p2a: Garganacl|35\/100|[from] Salt Cure\n|-damage|p1a: Garganacl|76\/100|[from] Salt Cure\n|upkeep\n|turn|28\n|\n|t:|1683683238\n|move|p1a: Garganacl|Protect|p1a: Garganacl\n|-singleturn|p1a: Garganacl|Protect\n|move|p2a: Garganacl|Recover|p2a: Garganacl\n|-heal|p2a: Garganacl|85\/100\n|\n|-heal|p1a: Garganacl|82\/100|[from] item: Leftovers\n|-damage|p2a: Garganacl|73\/100|[from] Salt Cure\n|-damage|p1a: Garganacl|70\/100|[from] Salt Cure\n|upkeep\n|turn|29\n|\n|t:|1683683250\n|move|p1a: Garganacl|Salt Cure|p2a: Garganacl\n|-damage|p2a: Garganacl|68\/100\n|move|p2a: Garganacl|Salt Cure|p1a: Garganacl\n|-damage|p1a: Garganacl|60\/100\n|\n|-heal|p1a: Garganacl|66\/100|[from] item: Leftovers\n|-damage|p1a: Garganacl|54\/100|[from] Salt Cure\n|-damage|p2a: Garganacl|56\/100|[from] Salt Cure\n|upkeep\n|turn|30\n|\n|t:|1683683260\n|move|p1a: Garganacl|Protect|p1a: Garganacl\n|-singleturn|p1a: Garganacl|Protect\n|move|p2a: Garganacl|Salt Cure|p1a: Garganacl\n|-activate|p1a: Garganacl|move: Protect\n|\n|-heal|p1a: Garganacl|60\/100|[from] item: Leftovers\n|-damage|p2a: Garganacl|44\/100|[from] Salt Cure\n|-damage|p1a: Garganacl|48\/100|[from] Salt Cure\n|upkeep\n|turn|31\n|\n|t:|1683683269\n|move|p2a: Garganacl|Protect|p2a: Garganacl\n|-singleturn|p2a: Garganacl|Protect\n|move|p1a: Garganacl|Recover|p1a: Garganacl\n|-heal|p1a: Garganacl|98\/100\n|\n|-heal|p1a: Garganacl|100\/100|[from] item: Leftovers\n|-damage|p1a: Garganacl|88\/100|[from] Salt Cure\n|-damage|p2a: Garganacl|31\/100|[from] Salt Cure\n|upkeep\n|turn|32\n|\n|t:|1683683278\n|move|p1a: Garganacl|Fissure|p2a: Garganacl|[miss]\n|-miss|p1a: Garganacl|p2a: Garganacl\n|move|p2a: Garganacl|Iron Defense|p2a: Garganacl\n|-boost|p2a: Garganacl|def|2\n|\n|-heal|p1a: Garganacl|94\/100|[from] item: Leftovers\n|-damage|p1a: Garganacl|82\/100|[from] Salt Cure\n|-damage|p2a: Garganacl|19\/100|[from] Salt Cure\n|upkeep\n|turn|33\n|\n|t:|1683683286\n|move|p2a: Garganacl|Recover|p2a: Garganacl\n|-heal|p2a: Garganacl|69\/100\n|move|p1a: Garganacl|Salt Cure|p2a: Garganacl\n|-damage|p2a: Garganacl|66\/100\n|\n|-heal|p1a: Garganacl|88\/100|[from] item: Leftovers\n|-damage|p1a: Garganacl|76\/100|[from] Salt Cure\n|-damage|p2a: Garganacl|54\/100|[from] Salt Cure\n|upkeep\n|turn|34\n|\n|t:|1683683295\n|move|p1a: Garganacl|Protect|p1a: Garganacl\n|-singleturn|p1a: Garganacl|Protect\n|move|p2a: Garganacl|Salt Cure|p1a: Garganacl\n|-activate|p1a: Garganacl|move: Protect\n|\n|-heal|p1a: Garganacl|82\/100|[from] item: Leftovers\n|-damage|p1a: Garganacl|70\/100|[from] Salt Cure\n|-damage|p2a: Garganacl|42\/100|[from] Salt Cure\n|upkeep\n|turn|35\n|\n|t:|1683683307\n|move|p1a: Garganacl|Salt Cure|p2a: Garganacl\n|-damage|p2a: Garganacl|39\/100\n|move|p2a: Garganacl|Salt Cure|p1a: Garganacl\n|-damage|p1a: Garganacl|59\/100\n|\n|-heal|p1a: Garganacl|65\/100|[from] item: Leftovers\n|-damage|p1a: Garganacl|53\/100|[from] Salt Cure\n|-damage|p2a: Garganacl|26\/100|[from] Salt Cure\n|upkeep\n|turn|36\n|\n|t:|1683683315\n|move|p1a: Garganacl|Protect|p1a: Garganacl\n|-singleturn|p1a: Garganacl|Protect\n|move|p2a: Garganacl|Salt Cure|p1a: Garganacl\n|-activate|p1a: Garganacl|move: Protect\n|\n|-heal|p1a: Garganacl|59\/100|[from] item: Leftovers\n|-damage|p1a: Garganacl|47\/100|[from] Salt Cure\n|-damage|p2a: Garganacl|14\/100|[from] Salt Cure\n|upkeep\n|turn|37\n|\n|t:|1683683323\n|move|p1a: Garganacl|Recover|p1a: Garganacl\n|-heal|p1a: Garganacl|97\/100\n|move|p2a: Garganacl|Salt Cure|p1a: Garganacl\n|-damage|p1a: Garganacl|88\/100\n|\n|-heal|p1a: Garganacl|94\/100|[from] item: Leftovers\n|-damage|p2a: Garganacl|2\/100|[from] Salt Cure\n|-damage|p1a: Garganacl|82\/100|[from] Salt Cure\n|upkeep\n|turn|38\n|\n|t:|1683683332\n|move|p2a: Garganacl|Salt Cure|p1a: Garganacl\n|-damage|p1a: Garganacl|72\/100\n|move|p1a: Garganacl|Salt Cure|p2a: Garganacl\n|-damage|p2a: Garganacl|0 fnt\n|faint|p2a: Garganacl\n|\n|win|JayMcG1010\n|c|\u2606JayMcG1010|gg!\n|c|\u2606Yeetawheat|gg!\n|l|\u2606JayMcG1010\n","uploadtime":1683683347,"views":21,"p1id":"jaymcg1010","p2id":"yeetawheat","formatid":"gen9vgc2023regulationc","rating":0,"private":0,"password":""}