{"id":"gen9vgc2023regulationc-1849263931","p1":"Suecoco","p2":"SneakyEne","format":"[Gen 9] VGC 2023 Regulation C","log":"|j|\u2606Suecoco\n|j|\u2606SneakyEne\n|t:|1682179342\n|gametype|doubles\n|player|p1|Suecoco|169|\n|player|p2|SneakyEne|skyla-masters|\n|teamsize|p1|6\n|teamsize|p2|6\n|gen|9\n|tier|[Gen 9] VGC 2023 Regulation C\n|rule|Species Clause: Limit one of each Pok\u00e9mon\n|rule|Item Clause: Limit one of each item\n|clearpoke\n|poke|p1|Dragonite, L50, F|\n|poke|p1|Gastrodon, L50, M|\n|poke|p1|Tsareena, L50, F|\n|poke|p1|Pyroar, L50, F|\n|poke|p1|Gholdengo, L50|\n|poke|p1|Tauros-Paldea-Aqua, L50, M|\n|poke|p2|Bisharp, L50, F|\n|poke|p2|Volcarona, L50, F|\n|poke|p2|Pachirisu, L50, M|\n|poke|p2|Garganacl, L50, M|\n|poke|p2|Oricorio-Sensu, L50, M|\n|poke|p2|Spiritomb, L50, M|\n|teampreview|4\n|\n|t:|1682179402\n|start\n|switch|p1a: Cinn-E-mon|Gholdengo, L50|100\/100\n|switch|p1b: shlurp|Gastrodon, L50, M|100\/100\n|switch|p2a: Yoga|Bisharp, L50, F, shiny|100\/100\n|switch|p2b: Dabuz|Pachirisu, L50, M, shiny|100\/100\n|turn|1\n|\n|t:|1682179416\n|move|p2b: Dabuz|Follow Me|p2b: Dabuz\n|-singleturn|p2b: Dabuz|move: Follow Me\n|move|p1a: Cinn-E-mon|Trick|p2b: Dabuz\n|-activate|p1a: Cinn-E-mon|move: Trick|[of] p2b: Dabuz\n|-item|p2b: Dabuz|Choice Specs|[from] move: Trick\n|-item|p1a: Cinn-E-mon|Aguav Berry|[from] move: Trick\n|move|p2a: Yoga|Swords Dance|p2a: Yoga\n|-boost|p2a: Yoga|atk|2\n|move|p1b: shlurp|Stealth Rock|p2a: Yoga\n|-sidestart|p2: SneakyEne|move: Stealth Rock\n|\n|upkeep\n|turn|2\n|\n|t:|1682179434\n|move|p1a: Cinn-E-mon|Protect|p1a: Cinn-E-mon\n|-singleturn|p1a: Cinn-E-mon|Protect\n|move|p2a: Yoga|Sucker Punch||[still]\n|-fail|p2a: Yoga\n|move|p2b: Dabuz|Seed Bomb|p1b: shlurp\n|-supereffective|p1b: shlurp\n|-damage|p1b: shlurp|53\/100\n|move|p1b: shlurp|Earth Power|p2a: Yoga\n|-supereffective|p2a: Yoga\n|-damage|p2a: Yoga|50\/100\n|\n|-heal|p1b: shlurp|59\/100|[from] item: Leftovers\n|upkeep\n|turn|3\n|\n|t:|1682179460\n|move|p2a: Yoga|Protect|p2a: Yoga\n|-singleturn|p2a: Yoga|Protect\n|move|p1a: Cinn-E-mon|Shadow Ball|p2b: Dabuz\n|-damage|p2b: Dabuz|63\/100\n|move|p2b: Dabuz|Seed Bomb|p1b: shlurp\n|-supereffective|p1b: shlurp\n|-damage|p1b: shlurp|9\/100\n|move|p1b: shlurp|Earth Power|p2b: Dabuz\n|-supereffective|p2b: Dabuz\n|-damage|p2b: Dabuz|11\/100\n|\n|-heal|p1b: shlurp|15\/100|[from] item: Leftovers\n|upkeep\n|turn|4\n|\n|t:|1682179476\n|move|p1b: shlurp|Protect|p1b: shlurp\n|-singleturn|p1b: shlurp|Protect\n|move|p2a: Yoga|Sucker Punch|p1a: Cinn-E-mon\n|-supereffective|p1a: Cinn-E-mon\n|-damage|p1a: Cinn-E-mon|0 fnt\n|faint|p1a: Cinn-E-mon\n|move|p2b: Dabuz|Seed Bomb|p1b: shlurp\n|-activate|p1b: shlurp|move: Protect\n|\n|-heal|p1b: shlurp|21\/100|[from] item: Leftovers\n|upkeep\n|\n|t:|1682179489\n|switch|p1a: Discord|Pyroar, L50, F|100\/100\n|-ability|p1a: Discord|Unnerve\n|turn|5\n|\n|t:|1682179497\n|move|p2a: Yoga|Sucker Punch|p1a: Discord\n|-damage|p1a: Discord|0 fnt\n|faint|p1a: Discord\n|move|p2b: Dabuz|Seed Bomb|p1b: shlurp\n|-supereffective|p1b: shlurp\n|-damage|p1b: shlurp|0 fnt\n|faint|p1b: shlurp\n|\n|upkeep\n|\n|t:|1682179539\n|switch|p1b: smol-pini|Dragonite, L50, F|100\/100\n|turn|6\n|\n|t:|1682179551\n|move|p1b: smol-pini|Protect|p1b: smol-pini\n|-singleturn|p1b: smol-pini|Protect\n|move|p2a: Yoga|Sucker Punch||[still]\n|-fail|p2a: Yoga\n|move|p2b: Dabuz|Seed Bomb|p1b: smol-pini\n|-activate|p1b: smol-pini|move: Protect\n|\n|upkeep\n|turn|7\n|\n|t:|1682179565\n|-terastallize|p1b: smol-pini|Normal\n|move|p1b: smol-pini|Extreme Speed|p2a: Yoga\n|-resisted|p2a: Yoga\n|-damage|p2a: Yoga|35\/100\n|move|p2a: Yoga|Sucker Punch||[still]\n|-fail|p2a: Yoga\n|move|p2b: Dabuz|Seed Bomb|p1b: smol-pini\n|-damage|p1b: smol-pini|95\/100\n|\n|upkeep\n|turn|8\n|\n|t:|1682179577\n|move|p2b: Dabuz|Seed Bomb|p1b: smol-pini\n|-damage|p1b: smol-pini|86\/100\n|move|p1b: smol-pini|Ice Spinner|p2b: Dabuz\n|-damage|p2b: Dabuz|0 fnt\n|faint|p2b: Dabuz\n|move|p2a: Yoga|Iron Head|p1b: smol-pini\n|-damage|p1b: smol-pini|4\/100\n|-damage|p2a: Yoga|19\/100|[from] item: Rocky Helmet|[of] p1b: smol-pini\n|\n|upkeep\n|\n|t:|1682179589\n|switch|p2b: *Naruto Reference*|Oricorio-Sensu, L50, M|100\/100\n|-damage|p2b: *Naruto Reference*|76\/100|[from] Stealth Rock\n|turn|9\n|\n|t:|1682179599\n|move|p2a: Yoga|Sucker Punch|p1b: smol-pini\n|-damage|p1b: smol-pini|0 fnt\n|-damage|p2a: Yoga|2\/100|[from] item: Rocky Helmet|[of] p1b: smol-pini\n|faint|p1b: smol-pini\n|\n|win|SneakyEne\n|c|\u2606SneakyEne|ggs\n|c|\u2606Suecoco|dam ggs\n","uploadtime":1682179608,"views":7,"p1id":"suecoco","p2id":"sneakyene","formatid":"gen9vgc2023regulationc","rating":0,"private":0,"password":""}