{"id":"gen9vgc2023regulationc-1861447276","p1":"SoggyWaffles35","p2":"kiboboubo","format":"[Gen 9] VGC 2023 Regulation C","log":"|j|\u2606SoggyWaffles35\n|j|\u2606kiboboubo\n|t:|1683759006\n|gametype|doubles\n|player|p1|SoggyWaffles35|102|1425\n|player|p2|kiboboubo|n|1476\n|teamsize|p1|6\n|teamsize|p2|6\n|gen|9\n|tier|[Gen 9] VGC 2023 Regulation C\n|rated|\n|rule|Species Clause: Limit one of each Pok\u00e9mon\n|rule|Item Clause: Limit one of each item\n|clearpoke\n|poke|p1|Orthworm, L50, F|\n|poke|p1|Ting-Lu, L50|\n|poke|p1|Chien-Pao, L50|\n|poke|p1|Dragonite, L50, M|\n|poke|p1|Gyarados, L50, F|\n|poke|p1|Flutter Mane, L50|\n|poke|p2|Flutter Mane, L50|\n|poke|p2|Iron Bundle, L50|\n|poke|p2|Scream Tail, L50|\n|poke|p2|Amoonguss, L50, M|\n|poke|p2|Kingambit, L50, M|\n|poke|p2|Chi-Yu, L50|\n|teampreview|4\n|inactive|Battle timer is ON: inactive players will automatically lose when time's up. (requested by kiboboubo)\nSoggyWaffles35 has agreed to open team sheets.\n|inactive|SoggyWaffles35 has 60 seconds left.\n|\n|t:|1683759041\n|start\n|switch|p1a: Ting-Lu|Ting-Lu, L50|100\/100\n|switch|p1b: Orthworm|Orthworm, L50, F|100\/100\n|switch|p2a: Iron Bundle|Iron Bundle, L50|100\/100\n|switch|p2b: Scream Tail|Scream Tail, L50|100\/100\n|-ability|p1a: Ting-Lu|Vessel of Ruin\n|-enditem|p2b: Scream Tail|Booster Energy\n|-activate|p2b: Scream Tail|ability: Protosynthesis|[fromitem]\n|-start|p2b: Scream Tail|protosynthesisspe\n|turn|1\n|\n|t:|1683759064\n|move|p2b: Scream Tail|Dazzling Gleam|p1a: Ting-Lu|[spread] p1a,p1b\n|-supereffective|p1a: Ting-Lu\n|-resisted|p1b: Orthworm\n|-damage|p1a: Ting-Lu|82\/100\n|-damage|p1b: Orthworm|94\/100\n|move|p2a: Iron Bundle|Taunt|p1b: Orthworm\n|-start|p1b: Orthworm|move: Taunt\n|move|p1b: Orthworm|Heavy Slam|p2b: Scream Tail\n|-supereffective|p2b: Scream Tail\n|-damage|p2b: Scream Tail|45\/100\n|move|p1a: Ting-Lu|Earthquake|p2b: Scream Tail|[spread] p2a,p2b\n|-heal|p1b: Orthworm|100\/100|[from] ability: Earth Eater|[of] p1a: Ting-Lu\n|-damage|p2a: Iron Bundle|57\/100\n|-damage|p2b: Scream Tail|18\/100\n|\n|upkeep\n|turn|2\n|inactive|SoggyWaffles35 has 30 seconds left.\n|inactive|kiboboubo has 30 seconds left.\n|\n|t:|1683759094\n|-end|p2a: Iron Bundle|Quark Drive|[silent]\n|switch|p2a: Chi-Yu|Chi-Yu, L50|100\/100\n|-ability|p2a: Chi-Yu|Beads of Ruin\n|move|p2b: Scream Tail|Disable|p1a: Ting-Lu\n|-start|p1a: Ting-Lu|Disable|Earthquake\n|move|p1b: Orthworm|Heavy Slam|p2b: Scream Tail\n|-supereffective|p2b: Scream Tail\n|-damage|p2b: Scream Tail|0 fnt\n|faint|p2b: Scream Tail\n|-end|p2b: Scream Tail|Protosynthesis|[silent]\n|move|p1a: Ting-Lu|Payback|p2a: Chi-Yu\n|-resisted|p2a: Chi-Yu\n|-damage|p2a: Chi-Yu|87\/100\n|\n|-heal|p2a: Chi-Yu|93\/100|[from] item: Leftovers\n|upkeep\n|inactive|kiboboubo has 30 seconds left.\n|\n|t:|1683759125\n|switch|p2b: Amoonguss|Amoonguss, L50, M|100\/100\n|turn|3\n|inactive|SoggyWaffles35 has 30 seconds left.\n|\n|t:|1683759156\n|-terastallize|p2a: Chi-Yu|Water\n|-terastallize|p1b: Orthworm|Fire\n|move|p2a: Chi-Yu|Nasty Plot|p2a: Chi-Yu\n|-boost|p2a: Chi-Yu|spa|2\n|move|p1b: Orthworm|Body Press|p2a: Chi-Yu\n|-damage|p2a: Chi-Yu|62\/100\n|move|p1a: Ting-Lu|Rock Slide|p2a: Chi-Yu|[spread] p2a,p2b\n|-crit|p2a: Chi-Yu\n|-damage|p2a: Chi-Yu|28\/100\n|-damage|p2b: Amoonguss|84\/100\n|cant|p2b: Amoonguss|flinch\n|\n|-heal|p2a: Chi-Yu|34\/100|[from] item: Leftovers\n|-end|p1b: Orthworm|move: Taunt\n|upkeep\n|turn|4\n|inactive|SoggyWaffles35 has 30 seconds left.\n|inactive|kiboboubo has 30 seconds left.\n|inactive|SoggyWaffles35 has 20 seconds left.\n|\n|t:|1683759192\n|move|p2a: Chi-Yu|Protect|p2a: Chi-Yu\n|-singleturn|p2a: Chi-Yu|Protect\n|move|p1a: Ting-Lu|Protect|p1a: Ting-Lu\n|-singleturn|p1a: Ting-Lu|Protect\n|move|p1b: Orthworm|Shed Tail|p1b: Orthworm\n|-start|p1b: Orthworm|Substitute|[from] move: Shed Tail\n|-damage|p1b: Orthworm|50\/100\n|-enditem|p1b: Orthworm|Sitrus Berry|[eat]\n|-heal|p1b: Orthworm|75\/100|[from] item: Sitrus Berry\n|\n|t:|1683759203\n|switch|p1b: Dragonite|Dragonite, L50, M|100\/100|[from] Shed Tail\n|move|p2b: Amoonguss|Spore|p1a: Ting-Lu\n|-activate|p1a: Ting-Lu|move: Protect\n|\n|-heal|p2a: Chi-Yu|40\/100|[from] item: Leftovers\n|upkeep\n|turn|5\n|inactive|SoggyWaffles35 has 30 seconds left.\n|inactive|SoggyWaffles35 has 20 seconds left.\n|\n|t:|1683759243\n|move|p2b: Amoonguss|Rage Powder|p2b: Amoonguss\n|-singleturn|p2b: Amoonguss|move: Rage Powder\n|move|p1b: Dragonite|Dragon Dance|p1b: Dragonite\n|-boost|p1b: Dragonite|atk|1\n|-boost|p1b: Dragonite|spe|1\n|move|p2a: Chi-Yu|Heat Wave|p1b: Dragonite|[spread] p1a,p1b\n|-resisted|p1b: Dragonite\n|-activate|p1b: Dragonite|move: Substitute|[damage]\n|-damage|p1a: Ting-Lu|26\/100\n|move|p1a: Ting-Lu|Rock Slide|p2a: Chi-Yu|[spread] p2a\n|-miss|p1a: Ting-Lu|p2b: Amoonguss\n|-damage|p2a: Chi-Yu|18\/100\n|\n|-heal|p2a: Chi-Yu|24\/100|[from] item: Leftovers\n|-end|p1a: Ting-Lu|Disable\n|upkeep\n|turn|6\n|inactive|SoggyWaffles35 has 30 seconds left.\n|inactive|SoggyWaffles35 has 20 seconds left.\n|\n|t:|1683759278\n|switch|p1a: Orthworm|Orthworm, L50, F, tera:Fire|75\/100\n|move|p2b: Amoonguss|Rage Powder|p2b: Amoonguss\n|-singleturn|p2b: Amoonguss|move: Rage Powder\n|move|p1b: Dragonite|Earthquake|p2b: Amoonguss|[spread] p2a,p2b\n|-heal|p1a: Orthworm|100\/100|[from] ability: Earth Eater|[of] p1b: Dragonite\n|-damage|p2a: Chi-Yu|0 fnt\n|-damage|p2b: Amoonguss|53\/100\n|faint|p2a: Chi-Yu\n|\n|upkeep\n|-message|kiboboubo forfeited.\n|\n|win|SoggyWaffles35\n|raw|SoggyWaffles35's rating: 1425 → 1448<\/strong> (+23 for winning)\n|raw|kiboboubo's rating: 1476 → 1453<\/strong> (-23 for losing)\n|l|\u2606kiboboubo\n","uploadtime":1683759295,"views":6,"p1id":"soggywaffles35","p2id":"kiboboubo","formatid":"gen9vgc2023regulationc","rating":1448,"private":0,"password":""}