{"id":"gen9vgc2023regulationc-1859211106","p1":"Vengeful potato","p2":"chi3fross","format":"[Gen 9] VGC 2023 Regulation C","log":"|j|\u2606Vengeful potato\n|j|\u2606chi3fross\n|t:|1683418493\n|gametype|doubles\n|player|p1|Vengeful potato|swimmer-gen4|1383\n|player|p2|chi3fross|swimmer-gen4dp|1408\n|teamsize|p1|6\n|teamsize|p2|6\n|gen|9\n|tier|[Gen 9] VGC 2023 Regulation C\n|rated|\n|rule|Species Clause: Limit one of each Pok\u00e9mon\n|rule|Item Clause: Limit one of each item\n|clearpoke\n|poke|p1|Dudunsparce-*, L50, M|\n|poke|p1|Hariyama, L50, M|\n|poke|p1|Gengar, L50, F|\n|poke|p1|Corviknight, L50, F|\n|poke|p1|Rotom-Wash, L50|\n|poke|p1|Baxcalibur, L50, F|\n|poke|p2|Misdreavus, L50, M|\n|poke|p2|Raichu, L50, F|\n|poke|p2|Chi-Yu, L50|\n|poke|p2|Iron Bundle, L50|\n|poke|p2|Scizor, L50, F|\n|poke|p2|Quaquaval, L50, M|\n|teampreview|4\nchi3fross has agreed to open team sheets.\nVengeful potato has agreed to open team sheets.\n|\n|t:|1683418547\n|start\n|switch|p1a: Double Trouble|Dudunsparce, L50, M|100\/100\n|switch|p1b: Status Enjoyer|Gengar, L50, F, shiny|100\/100\n|switch|p2a: Misdreavus|Misdreavus, L50, M|100\/100\n|switch|p2b: Scizor|Scizor, L50, F|100\/100\n|turn|1\n|\n|t:|1683418568\n|move|p1b: Status Enjoyer|Hex|p2a: Misdreavus\n|-supereffective|p2a: Misdreavus\n|-damage|p2a: Misdreavus|7\/100\n|move|p2a: Misdreavus|Will-O-Wisp|p1a: Double Trouble\n|-status|p1a: Double Trouble|brn\n|move|p1a: Double Trouble|Rock Slide|p2b: Scizor|[spread] p2a,p2b\n|-damage|p2a: Misdreavus|1\/100\n|-damage|p2b: Scizor|94\/100\n|cant|p2b: Scizor|flinch\n|\n|-damage|p1a: Double Trouble|94\/100 brn|[from] brn\n|upkeep\n|turn|2\n|\n|t:|1683418582\n|switch|p1b: \ud83d\udca6\u26a1\ufe0f|Rotom-Wash, L50, shiny|100\/100\n|move|p2b: Scizor|Bullet Punch|p1b: \ud83d\udca6\u26a1\ufe0f\n|-resisted|p1b: \ud83d\udca6\u26a1\ufe0f\n|-damage|p1b: \ud83d\udca6\u26a1\ufe0f|91\/100\n|move|p1a: Double Trouble|Rock Slide|p2b: Scizor|[spread] p2a,p2b\n|-damage|p2a: Misdreavus|0 fnt\n|-damage|p2b: Scizor|88\/100\n|faint|p2a: Misdreavus\n|\n|-damage|p1a: Double Trouble|88\/100 brn|[from] brn\n|upkeep\n|\n|t:|1683418594\n|switch|p2a: Iron Bundle|Iron Bundle, L50|100\/100\n|turn|3\n|\n|t:|1683418608\n|switch|p1b: THICC|Hariyama, L50, M, shiny|100\/100\n|move|p2a: Iron Bundle|Freeze-Dry|p1b: THICC\n|-damage|p1b: THICC|79\/100\n|move|p1a: Double Trouble|Glare|p2a: Iron Bundle\n|-status|p2a: Iron Bundle|par\n|move|p2b: Scizor|Close Combat|p1a: Double Trouble\n|-supereffective|p1a: Double Trouble\n|-crit|p1a: Double Trouble\n|-damage|p1a: Double Trouble|0 fnt\n|-unboost|p2b: Scizor|def|1\n|-unboost|p2b: Scizor|spd|1\n|faint|p1a: Double Trouble\n|\n|upkeep\n|\n|t:|1683418620\n|switch|p1a: \ud83d\udca6\u26a1\ufe0f|Rotom-Wash, L50, shiny|91\/100\n|turn|4\n|\n|t:|1683418630\n|move|p1b: THICC|Fake Out|p2a: Iron Bundle\n|-crit|p2a: Iron Bundle\n|-damage|p2a: Iron Bundle|79\/100 par\n|move|p1a: \ud83d\udca6\u26a1\ufe0f|Hydro Pump|p2b: Scizor\n|-damage|p2b: Scizor|11\/100\n|cant|p2a: Iron Bundle|flinch\n|move|p2b: Scizor|Swords Dance|p2b: Scizor\n|-boost|p2b: Scizor|atk|2\n|\n|upkeep\n|turn|5\n|\n|t:|1683418643\n|move|p2b: Scizor|Bullet Punch|p1b: THICC\n|-damage|p1b: THICC|3\/100\n|-enditem|p1b: THICC|Mago Berry|[eat]\n|-heal|p1b: THICC|36\/100|[from] item: Mago Berry\n|move|p1a: \ud83d\udca6\u26a1\ufe0f|Volt Switch|p2a: Iron Bundle\n|-supereffective|p2a: Iron Bundle\n|-damage|p2a: Iron Bundle|0 fnt\n|faint|p2a: Iron Bundle\n|-end|p2a: Iron Bundle|Quark Drive|[silent]\n|\n|t:|1683418651\n|switch|p1a: Status Enjoyer|Gengar, L50, F, shiny|100\/100|[from] Volt Switch\n|move|p1b: THICC|Drain Punch|p2b: Scizor\n|-damage|p2b: Scizor|0 fnt\n|-heal|p1b: THICC|41\/100|[from] drain|[of] p2b: Scizor\n|faint|p2b: Scizor\n|\n|upkeep\n|\n|t:|1683418660\n|switch|p2b: Chi-Yu|Chi-Yu, L50|100\/100\n|-ability|p2b: Chi-Yu|Beads of Ruin\n|turn|6\n|\n|t:|1683418676\n|move|p1a: Status Enjoyer|Sludge Bomb|p2b: Chi-Yu\n|-damage|p2b: Chi-Yu|28\/100\n|move|p2b: Chi-Yu|Heat Wave|p1b: THICC|[spread] p1a,p1b\n|-damage|p1a: Status Enjoyer|9\/100\n|-damage|p1b: THICC|16\/100\n|-start|p2b: Chi-Yu|Disable|Heat Wave|[from] ability: Cursed Body|[of] p1a: Status Enjoyer\n|move|p1b: THICC|Drain Punch|p2b: Chi-Yu\n|-supereffective|p2b: Chi-Yu\n|-damage|p2b: Chi-Yu|0 fnt\n|-heal|p1b: THICC|26\/100|[from] drain|[of] p2b: Chi-Yu\n|faint|p2b: Chi-Yu\n|\n|win|Vengeful potato\n|raw|Vengeful potato's rating: 1383 → 1404<\/strong> (+21 for winning)\n|raw|chi3fross's rating: 1408 → 1387<\/strong> (-21 for losing)\n|c|\u2606Vengeful potato|Ggs\n","uploadtime":1683418696,"views":5,"p1id":"vengefulpotato","p2id":"chi3fross","formatid":"gen9vgc2023regulationc","rating":1387,"private":0,"password":""}