{"id":"gen9vgc2023regulationc-1847514260","p1":"StrawHatRonin","p2":"Sprye0216","format":"[Gen 9] VGC 2023 Regulation C","log":"|j|\u2606StrawHatRonin\n|j|\u2606Sprye0216\n|t:|1681965440\n|gametype|doubles\n|player|p1|StrawHatRonin|morty|1227\n|player|p2|Sprye0216|skyla|1226\n|teamsize|p1|6\n|teamsize|p2|6\n|gen|9\n|tier|[Gen 9] VGC 2023 Regulation C\n|rated|\n|rule|Species Clause: Limit one of each Pok\u00e9mon\n|rule|Item Clause: Limit one of each item\n|clearpoke\n|poke|p1|Maushold, L50|\n|poke|p1|Annihilape, L50, M|\n|poke|p1|Arcanine, L50, M|\n|poke|p1|Amoonguss, L50, F|\n|poke|p1|Gastrodon-East, L50, F|\n|poke|p1|Tsareena, L50, F|\n|poke|p2|Talonflame, L50, M|\n|poke|p2|Garchomp, L50, M|\n|poke|p2|Gholdengo, L50|\n|poke|p2|Palafin, L50, F|\n|poke|p2|Amoonguss, L50, F|\n|poke|p2|Ting-Lu, L50|\n|teampreview|4\n|inactive|Battle timer is ON: inactive players will automatically lose when time's up. (requested by StrawHatRonin)\nSprye0216 has agreed to open team sheets.\n|\n|t:|1681965458\n|start\n|switch|p1a: Maushold|Maushold, L50|100\/100\n|switch|p1b: Annihilape|Annihilape, L50, M|100\/100\n|switch|p2a: Talonflame|Talonflame, L50, M|100\/100\n|switch|p2b: Garchomp|Garchomp, L50, M|100\/100\n|turn|1\n|inactive|StrawHatRonin has 30 seconds left.\n|\n|t:|1681965487\n|move|p1a: Maushold|Follow Me|p1a: Maushold\n|-singleturn|p1a: Maushold|move: Follow Me\n|move|p2a: Talonflame|Brave Bird|p1a: Maushold\n|-damage|p1a: Maushold|52\/100\n|-damage|p2a: Talonflame|84\/100|[from] Recoil\n|move|p2b: Garchomp|Rock Slide|p1a: Maushold|[spread] p1a,p1b\n|-resisted|p1b: Annihilape\n|-damage|p1a: Maushold|26\/100\n|-damage|p1b: Annihilape|92\/100\n|move|p1b: Annihilape|Bulk Up|p1b: Annihilape\n|-boost|p1b: Annihilape|atk|1\n|-boost|p1b: Annihilape|def|1\n|\n|-heal|p1b: Annihilape|98\/100|[from] item: Leftovers\n|upkeep\n|turn|2\n|inactive|StrawHatRonin has 30 seconds left.\n|\n|t:|1681965515\n|-terastallize|p1b: Annihilape|Fire\n|move|p2a: Talonflame|Will-O-Wisp|p1b: Annihilape\n|-immune|p1b: Annihilape\n|move|p2b: Garchomp|Earthquake|p1b: Annihilape|[spread] p1a,p1b\n|-immune|p2a: Talonflame\n|-supereffective|p1b: Annihilape\n|-damage|p1a: Maushold|0 fnt\n|-damage|p1b: Annihilape|53\/100\n|faint|p1a: Maushold\n|move|p1b: Annihilape|Rage Fist|p2b: Garchomp\n|-damage|p2b: Garchomp|0 fnt\n|-damage|p1b: Annihilape|40\/100|[from] ability: Rough Skin|[of] p2b: Garchomp\n|faint|p2b: Garchomp\n|\n|-heal|p1b: Annihilape|47\/100|[from] item: Leftovers\n|upkeep\n|\n|t:|1681965537\n|switch|p2b: Ting-Lu|Ting-Lu, L50|100\/100\n|switch|p1a: Arcanine|Arcanine, L50, M|100\/100\n|-ability|p1a: Arcanine|Intimidate|boost\n|-unboost|p2a: Talonflame|atk|1\n|-unboost|p2b: Ting-Lu|atk|1\n|-ability|p2b: Ting-Lu|Vessel of Ruin\n|turn|3\n|\n|t:|1681965554\n|-terastallize|p2b: Ting-Lu|Poison\n|move|p1a: Arcanine|Extreme Speed|p2a: Talonflame\n|-damage|p2a: Talonflame|39\/100\n|-damage|p1a: Arcanine|91\/100|[from] item: Life Orb\n|move|p2a: Talonflame|Tailwind|p2a: Talonflame\n|-sidestart|p2: Sprye0216|move: Tailwind\n|move|p2b: Ting-Lu|Fissure|p1a: Arcanine|[miss]\n|-miss|p2b: Ting-Lu|p1a: Arcanine\n|move|p1b: Annihilape|Drain Punch|p2b: Ting-Lu\n|-resisted|p2b: Ting-Lu\n|-damage|p2b: Ting-Lu|87\/100\n|-heal|p1b: Annihilape|55\/100|[from] drain|[of] p2b: Ting-Lu\n|\n|-heal|p1b: Annihilape|62\/100|[from] item: Leftovers\n|upkeep\n|turn|4\n|\n|t:|1681965578\n|move|p1a: Arcanine|Extreme Speed|p2a: Talonflame\n|-damage|p2a: Talonflame|0 fnt\n|faint|p2a: Talonflame\n|-damage|p1a: Arcanine|81\/100|[from] item: Life Orb\n|move|p2b: Ting-Lu|Stomping Tantrum|p1b: Annihilape\n|-supereffective|p1b: Annihilape\n|-crit|p1b: Annihilape\n|-damage|p1b: Annihilape|0 fnt\n|faint|p1b: Annihilape\n|\n|upkeep\n|\n|t:|1681965589\n|switch|p2a: Gholdengo|Gholdengo, L50|100\/100\n|switch|p1b: Gastrodon|Gastrodon-East, L50, F|100\/100\n|turn|5\n|\n|t:|1681965610\n|move|p2a: Gholdengo|Trick|p1a: Arcanine\n|-activate|p2a: Gholdengo|move: Trick|[of] p1a: Arcanine\n|-item|p1a: Arcanine|Choice Specs|[from] move: Trick\n|-item|p2a: Gholdengo|Life Orb|[from] move: Trick\n|move|p2b: Ting-Lu|Fissure|p1b: Gastrodon|[miss]\n|-miss|p2b: Ting-Lu|p1b: Gastrodon\n|move|p1a: Arcanine|Flare Blitz|p2a: Gholdengo\n|-supereffective|p2a: Gholdengo\n|-damage|p2a: Gholdengo|0 fnt\n|faint|p2a: Gholdengo\n|-damage|p1a: Arcanine|51\/100|[from] Recoil\n|move|p1b: Gastrodon|Yawn|p2b: Ting-Lu\n|-start|p2b: Ting-Lu|move: Yawn|[of] p1b: Gastrodon\n|\n|upkeep\n|turn|6\n|\n|t:|1681965631\n|move|p2b: Ting-Lu|Stomping Tantrum|p1a: Arcanine\n|-supereffective|p1a: Arcanine\n|-damage|p1a: Arcanine|0 fnt\n|faint|p1a: Arcanine\n|move|p1b: Gastrodon|Earth Power|p2b: Ting-Lu\n|-supereffective|p2b: Ting-Lu\n|-damage|p2b: Ting-Lu|65\/100\n|-unboost|p2b: Ting-Lu|spd|1\n|\n|-end|p2b: Ting-Lu|move: Yawn|[silent]\n|-status|p2b: Ting-Lu|slp\n|-sideend|p2: Sprye0216|move: Tailwind\n|upkeep\n|turn|7\n|\n|t:|1681965642\n|cant|p2b: Ting-Lu|slp\n|move|p1b: Gastrodon|Earth Power|p2b: Ting-Lu\n|-supereffective|p2b: Ting-Lu\n|-damage|p2b: Ting-Lu|39\/100 slp\n|\n|upkeep\n|turn|8\n|\n|t:|1681965652\n|-curestatus|p2b: Ting-Lu|slp|[msg]\n|move|p2b: Ting-Lu|Fissure|p1b: Gastrodon|[miss]\n|-miss|p2b: Ting-Lu|p1b: Gastrodon\n|move|p1b: Gastrodon|Icy Wind|p2b: Ting-Lu\n|-damage|p2b: Ting-Lu|33\/100\n|-unboost|p2b: Ting-Lu|spe|1\n|\n|upkeep\n|turn|9\n|\n|t:|1681965662\n|move|p1b: Gastrodon|Earth Power|p2b: Ting-Lu\n|-supereffective|p2b: Ting-Lu\n|-damage|p2b: Ting-Lu|6\/100\n|-unboost|p2b: Ting-Lu|spd|1\n|move|p2b: Ting-Lu|Fissure|p1b: Gastrodon|[miss]\n|-miss|p2b: Ting-Lu|p1b: Gastrodon\n|\n|upkeep\n|turn|10\n|c|\u2606Sprye0216|gg\n|\n|t:|1681965681\n|move|p1b: Gastrodon|Earth Power|p2b: Ting-Lu\n|-supereffective|p2b: Ting-Lu\n|-damage|p2b: Ting-Lu|0 fnt\n|faint|p2b: Ting-Lu\n|\n|win|StrawHatRonin\n|raw|StrawHatRonin's rating: 1227 → 1252<\/strong> (+25 for winning)\n|raw|Sprye0216's rating: 1226 → 1201<\/strong> (-25 for losing)\n|c|\u2606StrawHatRonin|GGs\n","uploadtime":1681965690,"views":5,"p1id":"strawhatronin","p2id":"sprye0216","formatid":"gen9vgc2023regulationc","rating":1201,"private":0,"password":""}