{"id":"gen9vgc2023regulationc-1856580302","p1":"kricketot marx","p2":"April112","format":"[Gen 9] VGC 2023 Regulation C","log":"|j|\u2606kricketot marx\n|j|\u2606April112\n|t:|1683078249\n|gametype|doubles\n|player|p1|kricketot marx|flannery|1443\n|player|p2|April112|169|1493\n|teamsize|p1|6\n|teamsize|p2|6\n|gen|9\n|tier|[Gen 9] VGC 2023 Regulation C\n|rated|\n|rule|Species Clause: Limit one of each Pok\u00e9mon\n|rule|Item Clause: Limit one of each item\n|clearpoke\n|poke|p1|Garganacl, L50, F|\n|poke|p1|Flutter Mane, L50|\n|poke|p1|Iron Bundle, L50|\n|poke|p1|Abomasnow, L50, M|\n|poke|p1|Arcanine, L50, F|\n|poke|p1|Ting-Lu, L50|\n|poke|p2|Iron Bundle, L50|\n|poke|p2|Amoonguss, L50, M|\n|poke|p2|Dragonite, L50, M|\n|poke|p2|Gholdengo, L50|\n|poke|p2|Palafin, L50, F|\n|poke|p2|Ting-Lu, L50|\n|teampreview|4\n|inactive|Battle timer is ON: inactive players will automatically lose when time's up. (requested by April112)\n|\n|t:|1683078295\n|start\n|switch|p1a: Abomasnow|Abomasnow, L50, M|100\/100\n|switch|p1b: Iron Bundle|Iron Bundle, L50|100\/100\n|switch|p2a: Palafin|Palafin, L50, F, shiny|100\/100\n|switch|p2b: Gholdengo|Gholdengo, L50|100\/100\n|-weather|Snow|[from] ability: Snow Warning|[of] p1a: Abomasnow\n|turn|1\n|\n|t:|1683078320\n|-end|p1b: Iron Bundle|Quark Drive|[silent]\n|switch|p1b: Arcanine|Arcanine, L50, F|100\/100\n|-ability|p1b: Arcanine|Intimidate|boost\n|-unboost|p2a: Palafin|atk|1\n|-unboost|p2b: Gholdengo|atk|1\n|-terastallize|p2b: Gholdengo|Water\n|move|p2a: Palafin|Protect|p2a: Palafin\n|-singleturn|p2a: Palafin|Protect\n|move|p2b: Gholdengo|Make It Rain|p1b: Arcanine|[spread] p1a,p1b\n|-supereffective|p1a: Abomasnow\n|-resisted|p1b: Arcanine\n|-enditem|p1a: Abomasnow|Focus Sash\n|-damage|p1a: Abomasnow|1\/100\n|-damage|p1b: Arcanine|78\/100\n|-unboost|p2b: Gholdengo|spa|1\n|move|p1a: Abomasnow|Aurora Veil|p1a: Abomasnow\n|-sidestart|p1: kricketot marx|move: Aurora Veil\n|\n|-weather|Snow|[upkeep]\n|upkeep\n|turn|2\n|inactive|kricketot marx has 30 seconds left.\n|inactive|April112 has 30 seconds left.\n|inactive|kricketot marx has 20 seconds left.\n|\n|t:|1683078359\n|move|p2b: Gholdengo|Nasty Plot|p2b: Gholdengo\n|-boost|p2b: Gholdengo|spa|2\n|move|p2a: Palafin|Haze|p2a: Palafin\n|-clearallboost\n|move|p1a: Abomasnow|Giga Drain|p2b: Gholdengo\n|-supereffective|p2b: Gholdengo\n|-damage|p2b: Gholdengo|34\/100\n|-heal|p1a: Abomasnow|36\/100|[from] drain|[of] p2b: Gholdengo\n|move|p1b: Arcanine|Flare Blitz|p2a: Palafin\n|-resisted|p2a: Palafin\n|-damage|p2a: Palafin|71\/100\n|-damage|p1b: Arcanine|68\/100|[from] Recoil\n|\n|-weather|Snow|[upkeep]\n|upkeep\n|turn|3\n|inactive|kricketot marx has 30 seconds left.\n|inactive|April112 has 30 seconds left.\n|inactive|kricketot marx has 20 seconds left.\n|\n|t:|1683078398\n|move|p2a: Palafin|Jet Punch|p1b: Arcanine\n|-supereffective|p1b: Arcanine\n|-damage|p1b: Arcanine|35\/100\n|move|p2b: Gholdengo|Make It Rain|p1b: Arcanine|[spread] p1a,p1b\n|-supereffective|p1a: Abomasnow\n|-resisted|p1b: Arcanine\n|-damage|p1a: Abomasnow|0 fnt\n|-damage|p1b: Arcanine|18\/100\n|-unboost|p2b: Gholdengo|spa|1\n|faint|p1a: Abomasnow\n|move|p1b: Arcanine|Will-O-Wisp|p2a: Palafin\n|-status|p2a: Palafin|brn\n|\n|-weather|Snow|[upkeep]\n|-damage|p2a: Palafin|65\/100 brn|[from] brn\n|upkeep\n|\n|t:|1683078409\n|switch|p1a: Iron Bundle|Iron Bundle, L50|100\/100\n|turn|4\n|\n|t:|1683078420\n|switch|p1b: Flutter Mane|Flutter Mane, L50|100\/100\n|-enditem|p1b: Flutter Mane|Booster Energy\n|-activate|p1b: Flutter Mane|ability: Protosynthesis|[fromitem]\n|-start|p1b: Flutter Mane|protosynthesisspa\n|move|p2b: Gholdengo|Protect|p2b: Gholdengo\n|-singleturn|p2b: Gholdengo|Protect\n|move|p2a: Palafin|Jet Punch|p1b: Flutter Mane\n|-damage|p1b: Flutter Mane|89\/100\n|move|p1a: Iron Bundle|Freeze-Dry|p2b: Gholdengo\n|-activate|p2b: Gholdengo|move: Protect\n|\n|-weather|Snow|[upkeep]\n|-damage|p2a: Palafin|60\/100 brn|[from] brn\n|upkeep\n|turn|5\n|\n|t:|1683078437\n|switch|p2b: Amoonguss|Amoonguss, L50, M|100\/100\n|detailschange|p2a: Palafin|Palafin-Hero, L50, F, shiny\n|switch|p2a: Ting-Lu|Ting-Lu, L50|100\/100\n|-ability|p2a: Ting-Lu|Vessel of Ruin\n|move|p1a: Iron Bundle|Freeze-Dry|p2b: Amoonguss\n|-supereffective|p2b: Amoonguss\n|-damage|p2b: Amoonguss|58\/100\n|move|p1b: Flutter Mane|Substitute|p1b: Flutter Mane\n|-start|p1b: Flutter Mane|Substitute\n|-damage|p1b: Flutter Mane|64\/100\n|\n|-weather|none\n|-sideend|p1: kricketot marx|move: Aurora Veil\n|upkeep\n|turn|6\n|inactive|kricketot marx has 30 seconds left.\n|inactive|kricketot marx has 20 seconds left.\n|inactive|kricketot marx has 15 seconds left.\n|\n|t:|1683078480\n|move|p1a: Iron Bundle|Freeze-Dry|p2b: Amoonguss\n|-supereffective|p2b: Amoonguss\n|-damage|p2b: Amoonguss|15\/100\n|-enditem|p2b: Amoonguss|Sitrus Berry|[eat]\n|-heal|p2b: Amoonguss|39\/100|[from] item: Sitrus Berry\n|move|p1b: Flutter Mane|Shadow Ball|p2b: Amoonguss\n|-damage|p2b: Amoonguss|5\/100\n|move|p2a: Ting-Lu|Heavy Slam|p1b: Flutter Mane\n|-supereffective|p1b: Flutter Mane\n|-end|p1b: Flutter Mane|Substitute\n|move|p2b: Amoonguss|Spore|p1a: Iron Bundle\n|-status|p1a: Iron Bundle|slp|[from] move: Spore\n|\n|upkeep\n|turn|7\n|\n|t:|1683078503\n|switch|p2b: Palafin|Palafin-Hero, L50, F, shiny|60\/100 brn\n|-activate|p2b: Palafin|ability: Zero to Hero\n|move|p1b: Flutter Mane|Protect|p1b: Flutter Mane\n|-singleturn|p1b: Flutter Mane|Protect\n|cant|p1a: Iron Bundle|slp\n|move|p2a: Ting-Lu|Heavy Slam|p1a: Iron Bundle\n|-damage|p1a: Iron Bundle|51\/100 slp\n|\n|-damage|p2b: Palafin|54\/100 brn|[from] brn\n|upkeep\n|turn|8\n|inactive|kricketot marx has 30 seconds left.\n|j| Kipzho\n|inactive|kricketot marx has 20 seconds left.\n|\n|t:|1683078540\n|-end|p1b: Flutter Mane|Protosynthesis|[silent]\n|switch|p1b: Arcanine|Arcanine, L50, F|18\/100\n|-ability|p1b: Arcanine|Intimidate|boost\n|-fail|p2a: Ting-Lu|unboost|[from] item: Clear Amulet|[of] p2a: Ting-Lu\n|-unboost|p2b: Palafin|atk|1\n|move|p2b: Palafin|Jet Punch|p1b: Arcanine\n|-supereffective|p1b: Arcanine\n|-damage|p1b: Arcanine|0 fnt\n|faint|p1b: Arcanine\n|-curestatus|p1a: Iron Bundle|slp|[msg]\n|move|p1a: Iron Bundle|Freeze-Dry|p2b: Palafin\n|-supereffective|p2b: Palafin\n|-damage|p2b: Palafin|4\/100 brn\n|move|p2a: Ting-Lu|Rock Slide|p1a: Iron Bundle\n|-supereffective|p1a: Iron Bundle\n|-damage|p1a: Iron Bundle|0 fnt\n|faint|p1a: Iron Bundle\n|-end|p1a: Iron Bundle|Quark Drive|[silent]\n|\n|-damage|p2b: Palafin|0 fnt|[from] brn\n|faint|p2b: Palafin\n|upkeep\n|\n|t:|1683078558\n|switch|p2b: Amoonguss|Amoonguss, L50, M|38\/100\n|switch|p1b: Flutter Mane|Flutter Mane, L50|64\/100\n|turn|9\n|\n|t:|1683078573\n|-terastallize|p1b: Flutter Mane|Fairy\n|move|p1b: Flutter Mane|Moonblast|p2a: Ting-Lu\n|-supereffective|p2a: Ting-Lu\n|-damage|p2a: Ting-Lu|22\/100\n|move|p2a: Ting-Lu|Heavy Slam|p1b: Flutter Mane\n|-supereffective|p1b: Flutter Mane\n|-damage|p1b: Flutter Mane|0 fnt\n|faint|p1b: Flutter Mane\n|-end|p1b: Flutter Mane|Protosynthesis|[silent]\n|\n|win|April112\n|raw|kricketot marx's rating: 1443 → 1426<\/strong> (-17 for losing)\n|raw|April112's rating: 1493 → 1510<\/strong> (+17 for winning)\n","uploadtime":1683078580,"views":24,"p1id":"kricketotmarx","p2id":"april112","formatid":"gen9vgc2023regulationc","rating":1426,"private":0,"password":""}