{"id":"gen9vgc2023regulationc-1854984426","p1":"Torrent212","p2":"Steakman5","format":"[Gen 9] VGC 2023 Regulation C","log":"|j|\u2606Torrent212\n|j|\u2606Steakman5\n|t:|1682887794\n|gametype|doubles\n|player|p1|Torrent212|steven|1220\n|player|p2|Steakman5|swimmer-gen4|1150\n|teamsize|p1|6\n|teamsize|p2|6\n|gen|9\n|tier|[Gen 9] VGC 2023 Regulation C\n|rated|\n|rule|Species Clause: Limit one of each Pok\u00e9mon\n|rule|Item Clause: Limit one of each item\n|clearpoke\n|poke|p1|Iron Bundle, L50|\n|poke|p1|Kingambit, L50, M|\n|poke|p1|Amoonguss, L50, M|\n|poke|p1|Arcanine, L50, M|\n|poke|p1|Ting-Lu, L50|\n|poke|p1|Garganacl, L50, M|\n|poke|p2|Flamigo, L50, M|\n|poke|p2|Dondozo, L50, M|\n|poke|p2|Flutter Mane, L50|\n|poke|p2|Tatsugiri-Droopy, L50, M|\n|poke|p2|Great Tusk, L50|\n|poke|p2|Talonflame, L50, F|\n|teampreview|4\nTorrent212 has agreed to open team sheets.\n|\n|t:|1682887825\n|start\n|switch|p1a: Kingambit|Kingambit, L50, M|100\/100\n|switch|p1b: Iron Bundle|Iron Bundle, L50|100\/100\n|switch|p2a: Flutter Mane|Flutter Mane, L50|100\/100\n|switch|p2b: Tatsugiri|Tatsugiri-Droopy, L50, M|100\/100\n|-enditem|p1b: Iron Bundle|Booster Energy\n|-activate|p1b: Iron Bundle|ability: Quark Drive|[fromitem]\n|-start|p1b: Iron Bundle|quarkdrivespe\n|-enditem|p2a: Flutter Mane|Booster Energy\n|-activate|p2a: Flutter Mane|ability: Protosynthesis|[fromitem]\n|-start|p2a: Flutter Mane|protosynthesisspe\n|turn|1\n|\n|t:|1682887839\n|move|p2b: Tatsugiri|Protect|p2b: Tatsugiri\n|-singleturn|p2b: Tatsugiri|Protect\n|move|p1b: Iron Bundle|Icy Wind|p2b: Tatsugiri|[spread] p2a\n|-activate|p2b: Tatsugiri|move: Protect\n|-damage|p2a: Flutter Mane|77\/100\n|-unboost|p2a: Flutter Mane|spe|1\n|move|p2a: Flutter Mane|Perish Song|p2a: Flutter Mane\n|-start|p1a: Kingambit|perish3|[silent]\n|-start|p1b: Iron Bundle|perish3|[silent]\n|-start|p2a: Flutter Mane|perish3|[silent]\n|-start|p2b: Tatsugiri|perish3|[silent]\n|-fieldactivate|move: Perish Song\n|move|p1a: Kingambit|Iron Head|p2a: Flutter Mane\n|-supereffective|p2a: Flutter Mane\n|-damage|p2a: Flutter Mane|0 fnt\n|faint|p2a: Flutter Mane\n|-end|p2a: Flutter Mane|Protosynthesis|[silent]\n|\n|-start|p1b: Iron Bundle|perish3\n|-start|p2b: Tatsugiri|perish3\n|-start|p1a: Kingambit|perish3\n|upkeep\n|\n|t:|1682887855\n|switch|p2a: Dondozo|Dondozo, L50, M|100\/100\n|-activate|p2b: Tatsugiri|ability: Commander|[of] p2a: Dondozo\n|-boost|p2a: Dondozo|atk|2\n|-boost|p2a: Dondozo|spa|2\n|-boost|p2a: Dondozo|spe|2\n|-boost|p2a: Dondozo|def|2\n|-boost|p2a: Dondozo|spd|2\n|turn|2\n|\n|t:|1682887876\n|switch|p1a: Amoonguss|Amoonguss, L50, M|100\/100\n|-terastallize|p2a: Dondozo|Water\n|move|p1b: Iron Bundle|Freeze-Dry|p2a: Dondozo\n|-supereffective|p2a: Dondozo\n|-damage|p2a: Dondozo|57\/100\n|move|p2a: Dondozo|Surf|p1a: Amoonguss|[spread] p1a,p1b\n|-miss|p2a: Dondozo|p2b: Tatsugiri\n|-resisted|p1a: Amoonguss\n|-resisted|p1b: Iron Bundle\n|-damage|p1a: Amoonguss|64\/100\n|-damage|p1b: Iron Bundle|26\/100\n|-damage|p2a: Dondozo|47\/100|[from] item: Life Orb\n|\n|-start|p1b: Iron Bundle|perish2\n|-start|p2b: Tatsugiri|perish2\n|upkeep\n|turn|3\n|\n|t:|1682887897\n|move|p1b: Iron Bundle|Protect|p1b: Iron Bundle\n|-singleturn|p1b: Iron Bundle|Protect\n|move|p2a: Dondozo|Protect|p2a: Dondozo\n|-singleturn|p2a: Dondozo|Protect\n|move|p1a: Amoonguss|Spore|p2a: Dondozo\n|-activate|p2a: Dondozo|move: Protect\n|\n|-start|p1b: Iron Bundle|perish1\n|-start|p2b: Tatsugiri|perish1\n|upkeep\n|turn|4\n|\n|t:|1682887912\n|-end|p1b: Iron Bundle|Quark Drive|[silent]\n|switch|p1b: Kingambit|Kingambit, L50, M|100\/100\n|move|p2a: Dondozo|Surf|p1b: Kingambit|[spread] p1a,p1b\n|-miss|p2a: Dondozo|p2b: Tatsugiri\n|-resisted|p1a: Amoonguss\n|-damage|p1a: Amoonguss|28\/100\n|-damage|p1b: Kingambit|34\/100\n|-enditem|p1a: Amoonguss|Sitrus Berry|[eat]\n|-heal|p1a: Amoonguss|53\/100|[from] item: Sitrus Berry\n|-damage|p2a: Dondozo|37\/100|[from] item: Life Orb\n|move|p1a: Amoonguss|Spore|p2a: Dondozo\n|-status|p2a: Dondozo|slp|[from] move: Spore\n|\n|-start|p2b: Tatsugiri|perish0\n|upkeep\n|faint|p2b: Tatsugiri\n|\n|t:|1682887924\n|switch|p2b: Flamigo|Flamigo, L50, M|100\/100\n|-copyboost|p2b: Flamigo|p2a: Dondozo|[from] ability: Costar\n|turn|5\n|\n|t:|1682887934\n|switch|p1b: Arcanine|Arcanine, L50, M|100\/100\n|-ability|p1b: Arcanine|Intimidate|boost\n|-unboost|p2a: Dondozo|atk|1\n|-unboost|p2b: Flamigo|atk|1\n|move|p2b: Flamigo|Protect|p2b: Flamigo\n|-singleturn|p2b: Flamigo|Protect\n|move|p1a: Amoonguss|Protect|p1a: Amoonguss\n|-singleturn|p1a: Amoonguss|Protect\n|cant|p2a: Dondozo|slp\n|move|p2a: Dondozo|Sleep Talk|p2a: Dondozo\n|move|p2a: Dondozo|Surf|p1a: Amoonguss|[from]move: Sleep Talk|[spread] p1b\n|-activate|p2b: Flamigo|move: Protect\n|-activate|p1a: Amoonguss|move: Protect\n|-supereffective|p1b: Arcanine\n|-damage|p1b: Arcanine|0 fnt\n|faint|p1b: Arcanine\n|-damage|p2a: Dondozo|28\/100 slp|[from] item: Life Orb\n|\n|upkeep\n|\n|t:|1682887957\n|switch|p1b: Kingambit|Kingambit, L50, M|34\/100\n|turn|6\n|\n|t:|1682887984\n|-terastallize|p1a: Amoonguss|Water\n|move|p1b: Kingambit|Sucker Punch||[still]\n|-fail|p1b: Kingambit\n|move|p2b: Flamigo|Brave Bird|p1a: Amoonguss\n|-damage|p1a: Amoonguss|0 fnt\n|faint|p1a: Amoonguss\n|-damage|p2b: Flamigo|76\/100|[from] Recoil\n|cant|p2a: Dondozo|slp\n|move|p2a: Dondozo|Sleep Talk|p2a: Dondozo\n|move|p2a: Dondozo|Wave Crash|p1b: Kingambit|[from]move: Sleep Talk\n|-damage|p1b: Kingambit|0 fnt\n|faint|p1b: Kingambit\n|-damage|p2a: Dondozo|18\/100 slp|[from] Recoil\n|-damage|p2a: Dondozo|8\/100 slp|[from] item: Life Orb\n|\n|upkeep\n|\n|t:|1682888000\n|switch|p1b: Iron Bundle|Iron Bundle, L50|26\/100\n|turn|7\n|\n|t:|1682888021\n|move|p2b: Flamigo|Brave Bird|p1b: Iron Bundle\n|-damage|p1b: Iron Bundle|0 fnt\n|faint|p1b: Iron Bundle\n|-end|p1b: Iron Bundle|Quark Drive|[silent]\n|-damage|p2b: Flamigo|69\/100|[from] Recoil\n|\n|win|Steakman5\n|raw|Torrent212's rating: 1220 → 1190<\/strong> (-30 for losing)\n|raw|Steakman5's rating: 1150 → 1180<\/strong> (+30 for winning)\n|l|\u2606Torrent212\n","uploadtime":1682888044,"views":5,"p1id":"torrent212","p2id":"steakman5","formatid":"gen9vgc2023regulationc","rating":1180,"private":0,"password":""}