{"id":"gen9vgc2023regulationc-1844875996","p1":"ab60","p2":"WE SilentVGC","format":"[Gen 9] VGC 2023 Regulation C","log":"|j|\u2606ab60\n|j|\u2606WE SilentVGC\n|t:|1681659304\n|gametype|doubles\n|player|p1|ab60|2|1120\n|player|p2|WE SilentVGC|drayden|1173\n|teamsize|p1|6\n|teamsize|p2|6\n|gen|9\n|tier|[Gen 9] VGC 2023 Regulation C\n|rated|\n|rule|Species Clause: Limit one of each Pok\u00e9mon\n|rule|Item Clause: Limit one of each item\n|clearpoke\n|poke|p1|Grafaiai, L50, F|\n|poke|p1|Slaking, L50, F|\n|poke|p1|Toedscruel, L50, M|\n|poke|p1|Chien-Pao, L50|\n|poke|p1|Ditto, L50|\n|poke|p1|Dragapult, L50, F|\n|poke|p2|Iron Bundle, L50|\n|poke|p2|Iron Moth, L50|\n|poke|p2|Pachirisu, L50, M|\n|poke|p2|Tinkaton, L50, F|\n|poke|p2|Gyarados, L50, F|\n|poke|p2|Wo-Chien, L50|\n|teampreview|4\nWE SilentVGC has agreed to open team sheets.\n|inactive|Battle timer is ON: inactive players will automatically lose when time's up. (requested by WE SilentVGC)\n|inactive|ab60 has 60 seconds left.\n|inactive|WE SilentVGC has 60 seconds left.\n|\n|t:|1681659368\n|start\n|switch|p1a: Slaking|Slaking, L50, F|100\/100\n|switch|p1b: Toedscruel|Toedscruel, L50, M|100\/100\n|switch|p2a: Pachirisu|Pachirisu, L50, M|100\/100\n|switch|p2b: Gyarados|Gyarados, L50, F, shiny|100\/100\n|turn|1\n|inactive|ab60 has 30 seconds left.\n|\n|t:|1681659396\n|switch|p1a: Grafaiai|Grafaiai, L50, F|100\/100\n|move|p2b: Gyarados|Dragon Dance|p2b: Gyarados\n|-boost|p2b: Gyarados|atk|1\n|-boost|p2b: Gyarados|spe|1\n|move|p2a: Pachirisu|Nuzzle|p1a: Grafaiai\n|-damage|p1a: Grafaiai|94\/100\n|-status|p1a: Grafaiai|par\n|move|p1b: Toedscruel|Spore|p2b: Gyarados\n|-status|p2b: Gyarados|slp|[from] move: Spore\n|-enditem|p2b: Gyarados|Lum Berry|[eat]\n|-curestatus|p2b: Gyarados|slp|[msg]\n|\n|upkeep\n|turn|2\n|inactive|ab60 has 30 seconds left.\n|\n|t:|1681659421\n|-terastallize|p2b: Gyarados|Ground\n|move|p1a: Grafaiai|Parting Shot|p2b: Gyarados\n|-unboost|p2b: Gyarados|atk|1\n|-unboost|p2b: Gyarados|spa|1\n|\n|t:|1681659429\n|switch|p1a: Slaking|Slaking, L50, F|100\/100|[from] Parting Shot\n|move|p2b: Gyarados|Waterfall|p1a: Slaking\n|-damage|p1a: Slaking|75\/100\n|move|p2a: Pachirisu|Electric Terrain|p2a: Pachirisu\n|-fieldstart|move: Electric Terrain\n|move|p1b: Toedscruel|Spore|p2b: Gyarados\n|-activate|p2b: Gyarados|move: Electric Terrain\n|\n|upkeep\n|turn|3\n|\n|t:|1681659453\n|switch|p1a: Dragapult|Dragapult, L50, F|100\/100\n|move|p2a: Pachirisu|Follow Me|p2a: Pachirisu\n|-singleturn|p2a: Pachirisu|move: Follow Me\n|move|p2b: Gyarados|Dragon Dance|p2b: Gyarados\n|-boost|p2b: Gyarados|atk|1\n|-boost|p2b: Gyarados|spe|1\n|move|p1b: Toedscruel|Earth Power|p2a: Pachirisu\n|-supereffective|p2a: Pachirisu\n|-damage|p2a: Pachirisu|53\/100\n|\n|upkeep\n|turn|4\n|\n|t:|1681659471\n|move|p2a: Pachirisu|Follow Me|p2a: Pachirisu\n|-singleturn|p2a: Pachirisu|move: Follow Me\n|move|p2b: Gyarados|Dragon Dance|p2b: Gyarados\n|-boost|p2b: Gyarados|atk|1\n|-boost|p2b: Gyarados|spe|1\n|move|p1a: Dragapult|Dragon Darts|p2a: Pachirisu\n|-damage|p2a: Pachirisu|12\/100\n|-enditem|p2a: Pachirisu|Sitrus Berry|[eat]\n|-heal|p2a: Pachirisu|37\/100|[from] item: Sitrus Berry\n|-anim|p1a: Dragapult|Dragon Darts|p2a: Pachirisu\n|-damage|p2a: Pachirisu|0 fnt\n|faint|p2a: Pachirisu\n|move|p1b: Toedscruel|Earth Power|p2b: Gyarados\n|-damage|p2b: Gyarados|78\/100\n|\n|upkeep\n|\n|t:|1681659493\n|switch|p2a: Iron Bundle|Iron Bundle, L50|100\/100\n|-activate|p2a: Iron Bundle|ability: Quark Drive\n|-start|p2a: Iron Bundle|quarkdrivespe\n|turn|5\n|-message|ab60 forfeited.\n|\n|win|WE SilentVGC\n|raw|ab60's rating: 1120 → 1099<\/strong> (-21 for losing)\n|raw|WE SilentVGC's rating: 1173 → 1194<\/strong> (+21 for winning)\n|l|\u2606ab60\n","uploadtime":1681659512,"views":18,"p1id":"ab60","p2id":"wesilentvgc","formatid":"gen9vgc2023regulationc","rating":1099,"private":0,"password":""}