{"id":"gen9vgc2023regulationc-1863318502","p1":"RadiantBlue4552","p2":"Big_Buffet_Boi87","format":"[Gen 9] VGC 2023 Regulation C","log":"|j|\u2606RadiantBlue4552\n|j|\u2606Big_Buffet_Boi87\n|t:|1684001902\n|gametype|doubles\n|player|p1|RadiantBlue4552|266|1375\n|player|p2|Big_Buffet_Boi87|102|1369\n|teamsize|p1|6\n|teamsize|p2|6\n|gen|9\n|tier|[Gen 9] VGC 2023 Regulation C\n|rated|\n|rule|Species Clause: Limit one of each Pok\u00e9mon\n|rule|Item Clause: Limit one of each item\n|clearpoke\n|poke|p1|Indeedee-F, L50, F|\n|poke|p1|Hariyama, L50, F|\n|poke|p1|Garchomp, L50, F|\n|poke|p1|Torkoal, L50, M|\n|poke|p1|Brute Bonnet, L50|\n|poke|p1|Hawlucha, L50, M|\n|poke|p2|Wo-Chien, L50|\n|poke|p2|Gothitelle, L50, F|\n|poke|p2|Ting-Lu, L50|\n|poke|p2|Flutter Mane, L50|\n|poke|p2|Palafin, L50, M|\n|poke|p2|Gyarados, L50, F|\n|teampreview|4\n|inactive|Battle timer is ON: inactive players will automatically lose when time's up. (requested by Big_Buffet_Boi87)\n|\n|t:|1684001935\n|start\n|switch|p1a: Indeedee|Indeedee-F, L50, F|100\/100\n|switch|p1b: Brute Bonnet|Brute Bonnet, L50|100\/100\n|switch|p2a: Flutter Mane|Flutter Mane, L50|100\/100\n|switch|p2b: Palafin|Palafin, L50, M|100\/100\n|-fieldstart|move: Psychic Terrain|[from] ability: Psychic Surge|[of] p1a: Indeedee\n|-enditem|p2a: Flutter Mane|Booster Energy\n|-activate|p2a: Flutter Mane|ability: Protosynthesis|[fromitem]\n|-start|p2a: Flutter Mane|protosynthesisspa\n|turn|1\n|inactive|Big_Buffet_Boi87 has 30 seconds left.\n|inactive|Big_Buffet_Boi87 has 20 seconds left.\n|\n|t:|1684001970\n|detailschange|p2b: Palafin|Palafin-Hero, L50, M\n|switch|p2b: Gothitelle|Gothitelle, L50, F|100\/100\n|-terastallize|p1b: Brute Bonnet|Water\n|move|p2a: Flutter Mane|Perish Song|p2a: Flutter Mane\n|-start|p1a: Indeedee|perish3|[silent]\n|-start|p1b: Brute Bonnet|perish3|[silent]\n|-start|p2a: Flutter Mane|perish3|[silent]\n|-start|p2b: Gothitelle|perish3|[silent]\n|-fieldactivate|move: Perish Song\n|move|p1b: Brute Bonnet|Spore|p2a: Flutter Mane\n|-status|p2a: Flutter Mane|slp|[from] move: Spore\n|move|p1a: Indeedee|Trick Room|p1a: Indeedee\n|-fieldstart|move: Trick Room|[of] p1a: Indeedee\n|\n|-start|p1b: Brute Bonnet|perish3\n|-start|p2b: Gothitelle|perish3\n|-start|p1a: Indeedee|perish3\n|-start|p2a: Flutter Mane|perish3\n|upkeep\n|turn|2\n|inactive|Big_Buffet_Boi87 has 30 seconds left.\n|\n|t:|1684002000\n|move|p2b: Gothitelle|Protect|p2b: Gothitelle\n|-singleturn|p2b: Gothitelle|Protect\n|move|p1b: Brute Bonnet|Crunch|p2b: Gothitelle\n|-activate|p2b: Gothitelle|move: Protect\n|move|p1a: Indeedee|Psychic|p2b: Gothitelle\n|-activate|p2b: Gothitelle|move: Protect\n|cant|p2a: Flutter Mane|slp\n|\n|-start|p1b: Brute Bonnet|perish2\n|-start|p2b: Gothitelle|perish2\n|-start|p1a: Indeedee|perish2\n|-start|p2a: Flutter Mane|perish2\n|upkeep\n|turn|3\n|\n|t:|1684002019\n|-end|p2a: Flutter Mane|Protosynthesis|[silent]\n|switch|p2a: Wo-Chien|Wo-Chien, L50|100\/100\n|-ability|p2a: Wo-Chien|Tablets of Ruin\n|-terastallize|p2b: Gothitelle|Dark\n|move|p1b: Brute Bonnet|Crunch|p2b: Gothitelle\n|-resisted|p2b: Gothitelle\n|-damage|p2b: Gothitelle|83\/100\n|move|p1a: Indeedee|Psychic|p2b: Gothitelle\n|-immune|p2b: Gothitelle\n|move|p2b: Gothitelle|Trick Room|p2b: Gothitelle\n|-fieldend|move: Trick Room\n|\n|-start|p1a: Indeedee|perish1\n|-start|p2b: Gothitelle|perish1\n|-start|p1b: Brute Bonnet|perish1\n|upkeep\n|turn|4\n|inactive|RadiantBlue4552 has 30 seconds left.\n|inactive|Big_Buffet_Boi87 has 30 seconds left.\n|\n|t:|1684002049\n|switch|p2b: Flutter Mane|Flutter Mane, L50|100\/100 slp\n|move|p2a: Wo-Chien|Protect|p2a: Wo-Chien\n|-singleturn|p2a: Wo-Chien|Protect\n|move|p1b: Brute Bonnet|Spore|p2b: Flutter Mane\n|-fail|p2b: Flutter Mane|slp\n|move|p1a: Indeedee|Trick Room|p1a: Indeedee\n|-fieldstart|move: Trick Room|[of] p1a: Indeedee\n|\n|-start|p1b: Brute Bonnet|perish0\n|-start|p1a: Indeedee|perish0\n|faint|p1b: Brute Bonnet\n|-end|p1b: Brute Bonnet|Protosynthesis|[silent]\n|faint|p1a: Indeedee\n|upkeep\n|\n|t:|1684002061\n|switch|p1b: Hariyama|Hariyama, L50, F|100\/100\n|switch|p1a: Torkoal|Torkoal, L50, M|100\/100\n|-weather|SunnyDay|[from] ability: Drought|[of] p1a: Torkoal\n|-activate|p2b: Flutter Mane|ability: Protosynthesis\n|-start|p2b: Flutter Mane|protosynthesisspa\n|turn|5\n|\n|t:|1684002075\n|move|p1b: Hariyama|Fake Out|p2a: Wo-Chien\n|-activate|p2a: Wo-Chien|move: Psychic Terrain\n|move|p1a: Torkoal|Eruption|p2a: Wo-Chien|[spread] p2a,p2b\n|-supereffective|p2a: Wo-Chien\n|-damage|p2a: Wo-Chien|0 fnt\n|-damage|p2b: Flutter Mane|27\/100 slp\n|faint|p2a: Wo-Chien\n|cant|p2b: Flutter Mane|slp\n|\n|-weather|SunnyDay|[upkeep]\n|-fieldend|move: Psychic Terrain\n|-status|p1b: Hariyama|brn|[from] item: Flame Orb\n|upkeep\n|\n|t:|1684002087\n|switch|p2a: Gothitelle|Gothitelle, L50, F, tera:Dark|83\/100\n|turn|6\n|\n|t:|1684002108\n|move|p1b: Hariyama|Bullet Punch|p2b: Flutter Mane\n|-supereffective|p2b: Flutter Mane\n|-damage|p2b: Flutter Mane|0 fnt\n|faint|p2b: Flutter Mane\n|-end|p2b: Flutter Mane|Protosynthesis|[silent]\n|move|p1a: Torkoal|Eruption|p2a: Gothitelle\n|-damage|p2a: Gothitelle|3\/100\n|-enditem|p2a: Gothitelle|Sitrus Berry|[eat]\n|-heal|p2a: Gothitelle|28\/100|[from] item: Sitrus Berry\n|move|p2a: Gothitelle|Trick Room|p2a: Gothitelle\n|-fieldend|move: Trick Room\n|\n|-weather|SunnyDay|[upkeep]\n|-damage|p1b: Hariyama|95\/100 brn|[from] brn\n|upkeep\n|\n|t:|1684002130\n|switch|p2b: Palafin|Palafin-Hero, L50, M|100\/100\n|-activate|p2b: Palafin|ability: Zero to Hero\n|turn|7\n|\n|t:|1684002141\n|move|p2b: Palafin|Wave Crash|p1a: Torkoal\n|-supereffective|p1a: Torkoal\n|-damage|p1a: Torkoal|33\/100\n|-damage|p2b: Palafin|81\/100|[from] Recoil\n|move|p2a: Gothitelle|Psychic|p1b: Hariyama\n|-supereffective|p1b: Hariyama\n|-damage|p1b: Hariyama|28\/100 brn\n|move|p1b: Hariyama|Close Combat|p2b: Palafin\n|-damage|p2b: Palafin|0 fnt\n|-unboost|p1b: Hariyama|def|1\n|-unboost|p1b: Hariyama|spd|1\n|faint|p2b: Palafin\n|move|p1a: Torkoal|Eruption|p2a: Gothitelle\n|-damage|p2a: Gothitelle|0 fnt\n|faint|p2a: Gothitelle\n|\n|win|RadiantBlue4552\n|raw|RadiantBlue4552's rating: 1375 → 1395<\/strong> (+20 for winning)\n|raw|Big_Buffet_Boi87's rating: 1369 → 1349<\/strong> (-20 for losing)\n|l|\u2606Big_Buffet_Boi87\n","uploadtime":1684002160,"views":3,"p1id":"radiantblue4552","p2id":"bigbuffetboi87","formatid":"gen9vgc2023regulationc","rating":1349,"private":0,"password":""}