{"id":"gen9vgc2023regulationc-1859009037","p1":"kricketot marx","p2":"GoRelicantGo","format":"[Gen 9] VGC 2023 Regulation C","log":"|j|\u2606kricketot marx\n|j|\u2606GoRelicantGo\n|t:|1683393786\n|gametype|doubles\n|player|p1|kricketot marx|flannery|1434\n|player|p2|GoRelicantGo|265|1365\n|teamsize|p1|6\n|teamsize|p2|6\n|gen|9\n|tier|[Gen 9] VGC 2023 Regulation C\n|rated|\n|rule|Species Clause: Limit one of each Pok\u00e9mon\n|rule|Item Clause: Limit one of each item\n|clearpoke\n|poke|p1|Scream Tail, L50|\n|poke|p1|Baxcalibur, L50, M|\n|poke|p1|Corviknight, L50, F|\n|poke|p1|Rotom-Wash, L50|\n|poke|p1|Flutter Mane, L50|\n|poke|p1|Tyranitar, L50, M|\n|poke|p2|Annihilape, L50, M|\n|poke|p2|Maushold, L50|\n|poke|p2|Chi-Yu, L50|\n|poke|p2|Flutter Mane, L50|\n|poke|p2|Kingambit, L50, M|\n|poke|p2|Gothitelle, L50, M|\n|teampreview|4\nkricketot marx has agreed to open team sheets.\nGoRelicantGo has agreed to open team sheets.\n|\n|t:|1683393836\n|start\n|switch|p1a: Flutter Mane|Flutter Mane, L50|100\/100\n|switch|p1b: Baxcalibur|Baxcalibur, L50, M|100\/100\n|switch|p2a: Kingambit|Kingambit, L50, M|100\/100\n|switch|p2b: Chi-Yu|Chi-Yu, L50|100\/100\n|-ability|p2b: Chi-Yu|Beads of Ruin\n|turn|1\n|\n|t:|1683393882\n|switch|p2b: Annihilape|Annihilape, L50, M|100\/100\n|-terastallize|p1a: Flutter Mane|Fairy\n|-terastallize|p2a: Kingambit|Water\n|move|p1a: Flutter Mane|Moonblast|p2a: Kingambit\n|-damage|p2a: Kingambit|15\/100\n|-unboost|p2a: Kingambit|spa|1\n|-ability|p2a: Kingambit|Defiant|boost\n|-boost|p2a: Kingambit|atk|2\n|-enditem|p2a: Kingambit|Sitrus Berry|[eat]\n|-heal|p2a: Kingambit|40\/100|[from] item: Sitrus Berry\n|move|p1b: Baxcalibur|Glaive Rush|p2a: Kingambit\n|-damage|p2a: Kingambit|0 fnt\n|-singlemove|p1b: Baxcalibur|Glaive Rush|[silent]\n|faint|p2a: Kingambit\n|\n|upkeep\n|\n|t:|1683393900\n|switch|p2a: Chi-Yu|Chi-Yu, L50|100\/100\n|-ability|p2a: Chi-Yu|Beads of Ruin\n|turn|2\n|\n|t:|1683393929\n|-end|p1a: Flutter Mane|Protosynthesis|[silent]\n|switch|p1a: Rotom|Rotom-Wash, L50, shiny|100\/100\n|switch|p2b: Flutter Mane|Flutter Mane, L50|100\/100\n|move|p1b: Baxcalibur|Protect|p1b: Baxcalibur\n|-singleturn|p1b: Baxcalibur|Protect\n|move|p2a: Chi-Yu|Heat Wave|p1b: Baxcalibur|[spread] p1a\n|-activate|p1b: Baxcalibur|move: Protect\n|-resisted|p1a: Rotom\n|-damage|p1a: Rotom|72\/100\n|\n|upkeep\n|turn|3\n|\n|t:|1683393950\n|move|p1b: Baxcalibur|Ice Shard|p2b: Flutter Mane\n|-damage|p2b: Flutter Mane|51\/100\n|move|p2a: Chi-Yu|Heat Wave|p1a: Rotom|[spread] p1a,p1b\n|-resisted|p1a: Rotom\n|-damage|p1a: Rotom|43\/100\n|-damage|p1b: Baxcalibur|45\/100\n|-ability|p1b: Baxcalibur|Thermal Exchange|boost\n|-boost|p1b: Baxcalibur|atk|1\n|-enditem|p1a: Rotom|Sitrus Berry|[eat]\n|-heal|p1a: Rotom|68\/100|[from] item: Sitrus Berry\n|move|p2b: Flutter Mane|Moonblast|p1a: Rotom\n|-damage|p1a: Rotom|0 fnt\n|faint|p1a: Rotom\n|\n|upkeep\n|\n|t:|1683393986\n|switch|p1a: Scream Tail|Scream Tail, L50, shiny|100\/100\n|-enditem|p1a: Scream Tail|Booster Energy\n|-activate|p1a: Scream Tail|ability: Protosynthesis|[fromitem]\n|-start|p1a: Scream Tail|protosynthesisspe\n|turn|4\n|\n|t:|1683393998\n|move|p1b: Baxcalibur|Ice Shard|p2b: Flutter Mane\n|-damage|p2b: Flutter Mane|0 fnt\n|faint|p2b: Flutter Mane\n|-end|p2b: Flutter Mane|Protosynthesis|[silent]\n|move|p1a: Scream Tail|Disable|p2a: Chi-Yu\n|-start|p2a: Chi-Yu|Disable|Heat Wave\n|cant|p2a: Chi-Yu|Disable|Heat Wave\n|\n|upkeep\n|\n|t:|1683394006\n|switch|p2b: Annihilape|Annihilape, L50, M|100\/100\n|turn|5\n|\n|t:|1683394028\n|move|p1a: Scream Tail|Howl|p1a: Scream Tail|[spread] p1a,p1b\n|-boost|p1a: Scream Tail|atk|1\n|-boost|p1b: Baxcalibur|atk|1\n|-activate|p2a: Chi-Yu|move: Struggle\n|move|p2a: Chi-Yu|Struggle|p1b: Baxcalibur\n|-damage|p1b: Baxcalibur|38\/100\n|-damage|p2a: Chi-Yu|75\/100|[from] recoil\n|move|p1b: Baxcalibur|Glaive Rush|p2a: Chi-Yu\n|-damage|p2a: Chi-Yu|0 fnt\n|-singlemove|p1b: Baxcalibur|Glaive Rush|[silent]\n|faint|p2a: Chi-Yu\n|move|p2b: Annihilape|Drain Punch|p1b: Baxcalibur\n|-supereffective|p1b: Baxcalibur\n|-damage|p1b: Baxcalibur|0 fnt\n|faint|p1b: Baxcalibur\n|\n|upkeep\n|\n|t:|1683394038\n|switch|p1b: Flutter Mane|Flutter Mane, L50, tera:Fairy|100\/100\n|turn|6\n|\n|t:|1683394045\n|move|p1a: Scream Tail|Encore|p2b: Annihilape\n|-start|p2b: Annihilape|Encore\n|move|p1b: Flutter Mane|Moonblast|p2b: Annihilape\n|-supereffective|p2b: Annihilape\n|-damage|p2b: Annihilape|0 fnt\n|faint|p2b: Annihilape\n|\n|win|kricketot marx\n|raw|kricketot marx's rating: 1434 → 1450<\/strong> (+16 for winning)\n|raw|GoRelicantGo's rating: 1365 → 1349<\/strong> (-16 for losing)\n","uploadtime":1683394055,"views":12,"p1id":"kricketotmarx","p2id":"gorelicantgo","formatid":"gen9vgc2023regulationc","rating":1349,"private":0,"password":""}