{"id":"gen9vgc2023regulationc-1848149220","p1":"Post GC2 testing","p2":"SupernovaSZ8","format":"[Gen 9] VGC 2023 Regulation C","log":"|j|\u2606Post GC2 testing\n|j|\u2606SupernovaSZ8\n|t:|1682035476\n|gametype|doubles\n|player|p1|Post GC2 testing|colress|1330\n|player|p2|SupernovaSZ8|iono|1309\n|teamsize|p1|6\n|teamsize|p2|6\n|gen|9\n|tier|[Gen 9] VGC 2023 Regulation C\n|rated|\n|rule|Species Clause: Limit one of each Pok\u00e9mon\n|rule|Item Clause: Limit one of each item\n|clearpoke\n|poke|p1|Dondozo, L50, F|\n|poke|p1|Tatsugiri-Stretchy, L50, M|\n|poke|p1|Pelipper, L50, M|\n|poke|p1|Toedscruel, L50, M|\n|poke|p1|Annihilape, L50, M|\n|poke|p1|Maushold-Four, L50|\n|poke|p2|Dondozo, L50, F|\n|poke|p2|Tatsugiri, L50, M|\n|poke|p2|Pawmot, L50, F|\n|poke|p2|Talonflame, L50, M|\n|poke|p2|Gholdengo, L50|\n|poke|p2|Flutter Mane, L50|\n|teampreview|4\n|\n|t:|1682035520\n|start\n|switch|p1a: Hoo fung poo|Annihilape, L50, M, shiny|100\/100\n|switch|p1b: Mausmellows|Maushold-Four, L50|100\/100\n|switch|p2a: Talonflame|Talonflame, L50, M|100\/100\n|switch|p2b: Dondozo|Dondozo, L50, F|100\/100\n|turn|1\n|\n|t:|1682035539\n|-terastallize|p1a: Hoo fung poo|Fire\n|move|p2a: Talonflame|Tailwind|p2a: Talonflame\n|-sidestart|p2: SupernovaSZ8|move: Tailwind\n|move|p1b: Mausmellows|Beat Up|p1a: Hoo fung poo\n|-damage|p1a: Hoo fung poo|99\/100\n|-damage|p1a: Hoo fung poo|97\/100\n|-damage|p1a: Hoo fung poo|96\/100\n|-damage|p1a: Hoo fung poo|95\/100\n|-hitcount|p1a: Hoo fung poo|4\n|move|p2b: Dondozo|Substitute|p2b: Dondozo\n|-start|p2b: Dondozo|Substitute\n|-damage|p2b: Dondozo|76\/100\n|move|p1a: Hoo fung poo|Rage Fist|p2b: Dondozo\n|-end|p2b: Dondozo|Substitute\n|\n|-heal|p2b: Dondozo|82\/100|[from] item: Leftovers\n|-heal|p1a: Hoo fung poo|100\/100|[from] item: Leftovers\n|upkeep\n|turn|2\n|\n|t:|1682035558\n|move|p2b: Dondozo|Protect|p2b: Dondozo\n|-singleturn|p2b: Dondozo|Protect\n|move|p1b: Mausmellows|Follow Me|p1b: Mausmellows\n|-singleturn|p1b: Mausmellows|move: Follow Me\n|move|p2a: Talonflame|Brave Bird|p1b: Mausmellows\n|-crit|p1b: Mausmellows\n|-damage|p1b: Mausmellows|2\/100\n|-damage|p2a: Talonflame|62\/100|[from] Recoil\n|move|p1a: Hoo fung poo|Rage Fist|p2b: Dondozo\n|-activate|p2b: Dondozo|move: Protect\n|\n|-heal|p2b: Dondozo|88\/100|[from] item: Leftovers\n|upkeep\n|turn|3\n|\n|t:|1682035581\n|move|p1b: Mausmellows|Protect|p1b: Mausmellows\n|-singleturn|p1b: Mausmellows|Protect\n|move|p2a: Talonflame|Brave Bird|p1b: Mausmellows\n|-activate|p1b: Mausmellows|move: Protect\n|move|p2b: Dondozo|Substitute|p2b: Dondozo\n|-start|p2b: Dondozo|Substitute\n|-damage|p2b: Dondozo|63\/100\n|move|p1a: Hoo fung poo|Rage Fist|p2b: Dondozo\n|-end|p2b: Dondozo|Substitute\n|\n|-heal|p2b: Dondozo|70\/100|[from] item: Leftovers\n|upkeep\n|turn|4\n|\n|t:|1682035593\n|move|p2b: Dondozo|Protect|p2b: Dondozo\n|-singleturn|p2b: Dondozo|Protect\n|move|p1b: Mausmellows|Follow Me|p1b: Mausmellows\n|-singleturn|p1b: Mausmellows|move: Follow Me\n|move|p2a: Talonflame|Brave Bird|p1b: Mausmellows\n|-damage|p1b: Mausmellows|0 fnt\n|faint|p1b: Mausmellows\n|-damage|p2a: Talonflame|62\/100|[from] Recoil\n|move|p1a: Hoo fung poo|Rage Fist|p2a: Talonflame\n|-damage|p2a: Talonflame|0 fnt\n|faint|p2a: Talonflame\n|\n|-heal|p2b: Dondozo|76\/100|[from] item: Leftovers\n|-sideend|p2: SupernovaSZ8|move: Tailwind\n|upkeep\n|\n|t:|1682035606\n|switch|p1b: Weirdo|Toedscruel, L50, M, shiny|100\/100\n|switch|p2a: Tatsugiri|Tatsugiri, L50, M|100\/100\n|-activate|p2a: Tatsugiri|ability: Commander|[of] p2b: Dondozo\n|-boost|p2b: Dondozo|atk|2\n|-boost|p2b: Dondozo|spa|2\n|-boost|p2b: Dondozo|spe|2\n|-boost|p2b: Dondozo|def|2\n|-boost|p2b: Dondozo|spd|2\n|turn|5\n|\n|t:|1682035617\n|-terastallize|p2b: Dondozo|Steel\n|move|p1a: Hoo fung poo|Protect|p1a: Hoo fung poo\n|-singleturn|p1a: Hoo fung poo|Protect\n|move|p2b: Dondozo|Wave Crash|p1a: Hoo fung poo\n|-activate|p1a: Hoo fung poo|move: Protect\n|move|p1b: Weirdo|Spore|p2b: Dondozo\n|-status|p2b: Dondozo|slp|[from] move: Spore\n|\n|-heal|p2b: Dondozo|82\/100 slp|[from] item: Leftovers\n|upkeep\n|turn|6\n|\n|t:|1682035633\n|cant|p2b: Dondozo|slp\n|move|p1b: Weirdo|Giga Drain|p2b: Dondozo\n|-resisted|p2b: Dondozo\n|-damage|p2b: Dondozo|74\/100 slp\n|move|p1a: Hoo fung poo|Rage Fist|p2b: Dondozo\n|-damage|p2b: Dondozo|37\/100 slp\n|\n|-heal|p2b: Dondozo|43\/100 slp|[from] item: Leftovers\n|upkeep\n|turn|7\n|\n|t:|1682035643\n|cant|p2b: Dondozo|slp\n|move|p1b: Weirdo|Earth Power|p2b: Dondozo\n|-supereffective|p2b: Dondozo\n|-crit|p2b: Dondozo\n|-damage|p2b: Dondozo|0 fnt\n|faint|p2b: Dondozo\n|move|p1a: Hoo fung poo|Rage Fist|p2a: Tatsugiri\n|-damage|p2a: Tatsugiri|0 fnt\n|faint|p2a: Tatsugiri\n|\n|upkeep\n|-message|SupernovaSZ8 forfeited.\n|\n|win|Post GC2 testing\n|raw|Post GC2 testing's rating: 1330 → 1349<\/strong> (+19 for winning)\n|raw|SupernovaSZ8's rating: 1309 → 1290<\/strong> (-19 for losing)\n|l|\u2606SupernovaSZ8\n","uploadtime":1682035670,"views":6,"p1id":"postgc2testing","p2id":"supernovasz8","formatid":"gen9vgc2023regulationc","rating":1290,"private":0,"password":""}