{"id":"gen9vgc2023regulationc-1850959924","p1":"okFreaKVGC","p2":"leafyarrow","format":"[Gen 9] VGC 2023 Regulation C","log":"|j|\u2606okFreaKVGC\n|j|\u2606leafyarrow\n|t:|1682387154\n|gametype|doubles\n|player|p1|okFreaKVGC|101|1307\n|player|p2|leafyarrow|leaf-gen3|1290\n|teamsize|p1|6\n|teamsize|p2|6\n|gen|9\n|tier|[Gen 9] VGC 2023 Regulation C\n|rated|\n|rule|Species Clause: Limit one of each Pok\u00e9mon\n|rule|Item Clause: Limit one of each item\n|clearpoke\n|poke|p1|Indeedee-F, L50, F|\n|poke|p1|Drifblim, L50, F|\n|poke|p1|Garchomp, L50, F|\n|poke|p1|Iron Bundle, L50|\n|poke|p1|Sylveon, L50, F|\n|poke|p1|Arcanine, L50, M|\n|poke|p2|Flutter Mane, L50|\n|poke|p2|Palafin, L50, M|\n|poke|p2|Amoonguss, L50, F|\n|poke|p2|Ting-Lu, L50|\n|poke|p2|Arcanine, L50, M|\n|poke|p2|Kingambit, L50, M|\n|teampreview|4\nleafyarrow has agreed to open team sheets.\n|\n|t:|1682387180\n|start\n|switch|p1a: Garchomp|Garchomp, L50, F|100\/100\n|switch|p1b: Indeedee|Indeedee-F, L50, F|100\/100\n|switch|p2a: Ting-Lu|Ting-Lu, L50|100\/100\n|switch|p2b: Palafin|Palafin, L50, M|100\/100\n|-fieldstart|move: Psychic Terrain|[from] ability: Psychic Surge|[of] p1b: Indeedee\n|-ability|p2a: Ting-Lu|Vessel of Ruin\n|turn|1\n|\n|t:|1682387210\n|detailschange|p2b: Palafin|Palafin-Hero, L50, M\n|switch|p2b: Amoonguss|Amoonguss, L50, F|100\/100\n|-terastallize|p1a: Garchomp|Steel\n|move|p1b: Indeedee|Follow Me|p1b: Indeedee\n|-singleturn|p1b: Indeedee|move: Follow Me\n|move|p1a: Garchomp|Swords Dance|p1a: Garchomp\n|-boost|p1a: Garchomp|atk|2\n|move|p2a: Ting-Lu|Ruination|p1b: Indeedee\n|-damage|p1b: Indeedee|51\/100\n|\n|upkeep\n|turn|2\n|\n|t:|1682387252\n|move|p1b: Indeedee|Follow Me|p1b: Indeedee\n|-singleturn|p1b: Indeedee|move: Follow Me\n|move|p1a: Garchomp|Earthquake|p2b: Amoonguss|[spread] p1b,p2a,p2b\n|-damage|p1b: Indeedee|0 fnt\n|-damage|p2a: Ting-Lu|61\/100\n|-damage|p2b: Amoonguss|32\/100\n|-enditem|p2b: Amoonguss|Sitrus Berry|[eat]\n|-heal|p2b: Amoonguss|57\/100|[from] item: Sitrus Berry\n|faint|p1b: Indeedee\n|move|p2a: Ting-Lu|Ruination|p1a: Garchomp\n|-damage|p1a: Garchomp|51\/100\n|move|p2b: Amoonguss|Pollen Puff|p1a: Garchomp\n|-resisted|p1a: Garchomp\n|-damage|p1a: Garchomp|43\/100\n|\n|upkeep\n|\n|t:|1682387267\n|switch|p1b: Drifblim|Drifblim, L50, F|100\/100\n|-enditem|p1b: Drifblim|Psychic Seed\n|-boost|p1b: Drifblim|spd|1|[from] item: Psychic Seed\n|turn|3\n|\n|t:|1682387279\n|move|p1b: Drifblim|Will-O-Wisp|p2a: Ting-Lu\n|-status|p2a: Ting-Lu|brn\n|move|p1a: Garchomp|Earthquake|p2b: Amoonguss|[spread] p2a,p2b\n|-immune|p1b: Drifblim\n|-damage|p2a: Ting-Lu|19\/100 brn\n|-damage|p2b: Amoonguss|0 fnt\n|faint|p2b: Amoonguss\n|move|p2a: Ting-Lu|Stomping Tantrum|p1a: Garchomp\n|-supereffective|p1a: Garchomp\n|-damage|p1a: Garchomp|11\/100\n|-damage|p2a: Ting-Lu|7\/100 brn|[from] ability: Rough Skin|[of] p1a: Garchomp\n|\n|-damage|p2a: Ting-Lu|1\/100 brn|[from] brn\n|upkeep\n|\n|t:|1682387301\n|switch|p2b: Palafin|Palafin-Hero, L50, M|100\/100\n|-activate|p2b: Palafin|ability: Zero to Hero\n|turn|4\n|\n|t:|1682387327\n|-terastallize|p2b: Palafin|Water\n|move|p1a: Garchomp|Protect|p1a: Garchomp\n|-singleturn|p1a: Garchomp|Protect\n|move|p2b: Palafin|Jet Punch|p1b: Drifblim\n|-hint|Psychic Terrain doesn't affect Pok\u00e9mon immune to Ground.\n|-damage|p1b: Drifblim|23\/100\n|move|p1b: Drifblim|Will-O-Wisp|p2b: Palafin\n|-status|p2b: Palafin|brn\n|move|p2a: Ting-Lu|Stomping Tantrum|p1a: Garchomp\n|-activate|p1a: Garchomp|move: Protect\n|\n|-damage|p2b: Palafin|95\/100 brn|[from] brn\n|-damage|p2a: Ting-Lu|0 fnt|[from] brn\n|faint|p2a: Ting-Lu\n|upkeep\n|\n|t:|1682387339\n|switch|p2a: Arcanine|Arcanine, L50, M|100\/100\n|-ability|p2a: Arcanine|Intimidate|boost\n|-fail|p1a: Garchomp|unboost|[from] item: Clear Amulet|[of] p1a: Garchomp\n|-unboost|p1b: Drifblim|atk|1\n|turn|5\n|\n|t:|1682387351\n|move|p2a: Arcanine|Protect|p2a: Arcanine\n|-singleturn|p2a: Arcanine|Protect\n|move|p2b: Palafin|Protect|p2b: Palafin\n|-singleturn|p2b: Palafin|Protect\n|move|p1b: Drifblim|Strength Sap|p2b: Palafin\n|-activate|p2b: Palafin|move: Protect\n|move|p1a: Garchomp|Earthquake|p2b: Palafin|[spread] \n|-activate|p2a: Arcanine|move: Protect\n|-activate|p2b: Palafin|move: Protect\n|-immune|p1b: Drifblim\n|\n|-damage|p2b: Palafin|89\/100 brn|[from] brn\n|upkeep\n|turn|6\n|\n|t:|1682387397\n|move|p2b: Palafin|Jet Punch|p1b: Drifblim\n|-hint|Psychic Terrain doesn't affect Pok\u00e9mon immune to Ground.\n|-damage|p1b: Drifblim|0 fnt\n|faint|p1b: Drifblim\n|move|p1a: Garchomp|Earthquake|p2a: Arcanine|[spread] p2a,p2b\n|-supereffective|p2a: Arcanine\n|-damage|p2a: Arcanine|0 fnt\n|-damage|p2b: Palafin|12\/100 brn\n|faint|p2a: Arcanine\n|\n|-damage|p2b: Palafin|6\/100 brn|[from] brn\n|upkeep\n|\n|t:|1682387412\n|switch|p1b: Iron Bundle|Iron Bundle, L50|100\/100\n|-enditem|p1b: Iron Bundle|Booster Energy\n|-activate|p1b: Iron Bundle|ability: Quark Drive|[fromitem]\n|-start|p1b: Iron Bundle|quarkdrivespe\n|turn|7\n|-message|leafyarrow forfeited.\n|\n|win|okFreaKVGC\n|raw|okFreaKVGC's rating: 1307 → 1326<\/strong> (+19 for winning)\n|raw|leafyarrow's rating: 1290 → 1266<\/strong> (-24 for losing)\n","uploadtime":1682387422,"views":15,"p1id":"okfreakvgc","p2id":"leafyarrow","formatid":"gen9vgc2023regulationc","rating":1266,"private":0,"password":""}