{"id":"gen9vgc2023regulationc-1846882178","p1":"HiKraunty","p2":"DarkPine60","format":"[Gen 9] VGC 2023 Regulation C","log":"|j|\u2606HiKraunty\n|j|\u2606DarkPine60\n|t:|1681895360\n|gametype|doubles\n|player|p1|HiKraunty|hilda|1557\n|player|p2|DarkPine60|drayden|1603\n|teamsize|p1|6\n|teamsize|p2|6\n|gen|9\n|tier|[Gen 9] VGC 2023 Regulation C\n|rated|\n|rule|Species Clause: Limit one of each Pok\u00e9mon\n|rule|Item Clause: Limit one of each item\n|clearpoke\n|poke|p1|Flutter Mane, L50|\n|poke|p1|Murkrow, L50, M|\n|poke|p1|Great Tusk, L50|\n|poke|p1|Chi-Yu, L50|\n|poke|p1|Iron Bundle, L50|\n|poke|p1|Farigiraf, L50, F|\n|poke|p2|Flutter Mane, L50|\n|poke|p2|Palafin, L50, F|\n|poke|p2|Corviknight, L50, F|\n|poke|p2|Volcarona, L50, F|\n|poke|p2|Gothitelle, L50, M|\n|poke|p2|Iron Hands, L50|\n|teampreview|4\n|inactive|Battle timer is ON: inactive players will automatically lose when time's up. (requested by DarkPine60)\n|inactive|HiKraunty has 60 seconds left.\n|\n|t:|1681895393\n|start\n|switch|p1a: LoveAsChild|Flutter Mane, L50|100\/100\n|switch|p1b: Chi-Yu|Chi-Yu, L50|100\/100\n|switch|p2a: Flutter Mane|Flutter Mane, L50|100\/100\n|switch|p2b: Palafin|Palafin, L50, F, shiny|100\/100\n|-ability|p1b: Chi-Yu|Beads of Ruin\n|turn|1\n|inactive|HiKraunty has 30 seconds left.\n|inactive|DarkPine60 has 30 seconds left.\n|inactive|HiKraunty has 20 seconds left.\n|inactive|HiKraunty has 15 seconds left.\n|inactive|HiKraunty has 10 seconds left.\n|\n|t:|1681895441\n|-end|p1a: LoveAsChild|Protosynthesis|[silent]\n|switch|p1a: Self Loop|Farigiraf, L50, F|100\/100\n|detailschange|p2b: Palafin|Palafin-Hero, L50, F, shiny\n|switch|p2b: Corviknight|Corviknight, L50, F|100\/100\n|move|p1b: Chi-Yu|Protect|p1b: Chi-Yu\n|-singleturn|p1b: Chi-Yu|Protect\n|move|p2a: Flutter Mane|Shadow Ball|p1a: Self Loop\n|-immune|p1a: Self Loop\n|\n|upkeep\n|turn|2\n|\n|t:|1681895458\n|switch|p2b: Gothitelle|Gothitelle, L50, M|100\/100\n|move|p1b: Chi-Yu|Heat Wave|p2b: Gothitelle|[spread] p2a,p2b\n|-damage|p2a: Flutter Mane|61\/100\n|-damage|p2b: Gothitelle|62\/100\n|move|p2a: Flutter Mane|Perish Song|p2a: Flutter Mane\n|-start|p1a: Self Loop|perish3|[silent]\n|-start|p1b: Chi-Yu|perish3|[silent]\n|-start|p2a: Flutter Mane|perish3|[silent]\n|-start|p2b: Gothitelle|perish3|[silent]\n|-fieldactivate|move: Perish Song\n|move|p1a: Self Loop|Trick Room|p1a: Self Loop\n|-fieldstart|move: Trick Room|[of] p1a: Self Loop\n|\n|-start|p2b: Gothitelle|perish3\n|-start|p1a: Self Loop|perish3\n|-start|p2a: Flutter Mane|perish3\n|-start|p1b: Chi-Yu|perish3\n|upkeep\n|turn|3\n|inactive|HiKraunty has 30 seconds left.\n|\n|t:|1681895484\n|move|p2b: Gothitelle|Protect|p2b: Gothitelle\n|-singleturn|p2b: Gothitelle|Protect\n|move|p2a: Flutter Mane|Protect|p2a: Flutter Mane\n|-singleturn|p2a: Flutter Mane|Protect\n|move|p1a: Self Loop|Hyper Voice|p2a: Flutter Mane|[spread] \n|-activate|p2a: Flutter Mane|move: Protect\n|-activate|p2b: Gothitelle|move: Protect\n|move|p1b: Chi-Yu|Heat Wave|p2a: Flutter Mane|[spread] \n|-activate|p2a: Flutter Mane|move: Protect\n|-activate|p2b: Gothitelle|move: Protect\n|\n|-start|p2b: Gothitelle|perish2\n|-start|p1a: Self Loop|perish2\n|-start|p2a: Flutter Mane|perish2\n|-start|p1b: Chi-Yu|perish2\n|upkeep\n|turn|4\n|inactive|DarkPine60 has 30 seconds left.\n|inactive|DarkPine60 has 20 seconds left.\n|\n|t:|1681895522\n|move|p2b: Gothitelle|Psychic|p1a: Self Loop\n|-resisted|p1a: Self Loop\n|-damage|p1a: Self Loop|79\/100\n|move|p1a: Self Loop|Hyper Voice|p2a: Flutter Mane|[spread] p2b\n|-immune|p2a: Flutter Mane\n|-damage|p2b: Gothitelle|30\/100\n|-enditem|p2b: Gothitelle|Sitrus Berry|[eat]\n|-heal|p2b: Gothitelle|55\/100|[from] item: Sitrus Berry\n|-enditem|p1a: Self Loop|Throat Spray\n|-boost|p1a: Self Loop|spa|1|[from] item: Throat Spray\n|move|p2a: Flutter Mane|Moonblast|p1b: Chi-Yu\n|-damage|p1b: Chi-Yu|45\/100\n|move|p1b: Chi-Yu|Dark Pulse|p2b: Gothitelle\n|-supereffective|p2b: Gothitelle\n|-damage|p2b: Gothitelle|0 fnt\n|faint|p2b: Gothitelle\n|\n|-start|p1a: Self Loop|perish1\n|-start|p2a: Flutter Mane|perish1\n|-start|p1b: Chi-Yu|perish1\n|upkeep\n|\n|t:|1681895547\n|switch|p2b: Corviknight|Corviknight, L50, F|100\/100\n|turn|5\n|j| merahmerona\n|inactive|HiKraunty has 30 seconds left.\n|\n|t:|1681895581\n|switch|p1a: Stone Treads|Great Tusk, L50|100\/100\n|-end|p2a: Flutter Mane|Protosynthesis|[silent]\n|switch|p2a: Palafin|Palafin-Hero, L50, F, shiny|100\/100\n|-activate|p2a: Palafin|ability: Zero to Hero\n|move|p2b: Corviknight|Bulk Up|p2b: Corviknight\n|-boost|p2b: Corviknight|atk|1\n|-boost|p2b: Corviknight|def|1\n|move|p1b: Chi-Yu|Heat Wave|p2a: Palafin|[spread] p2a,p2b\n|-resisted|p2a: Palafin\n|-supereffective|p2b: Corviknight\n|-damage|p2a: Palafin|75\/100\n|-damage|p2b: Corviknight|15\/100\n|-status|p2b: Corviknight|brn\n|-enditem|p2b: Corviknight|Lum Berry|[eat]\n|-curestatus|p2b: Corviknight|brn|[msg]\n|\n|-start|p1b: Chi-Yu|perish0\n|faint|p1b: Chi-Yu\n|upkeep\n|\n|t:|1681895595\n|switch|p1b: Self Loop|Farigiraf, L50, F|79\/100\n|turn|6\n|\n|t:|1681895619\n|-terastallize|p2a: Palafin|Water\n|-terastallize|p1a: Stone Treads|Steel\n|move|p2b: Corviknight|Roost|p2b: Corviknight\n|-heal|p2b: Corviknight|65\/100\n|-singleturn|p2b: Corviknight|move: Roost\n|move|p1b: Self Loop|Hyper Voice|p2a: Palafin|[spread] p2a,p2b\n|-resisted|p2b: Corviknight\n|-damage|p2a: Palafin|45\/100\n|-damage|p2b: Corviknight|52\/100\n|move|p2a: Palafin|Wave Crash|p1a: Stone Treads\n|-damage|p1a: Stone Treads|7\/100\n|-damage|p2a: Palafin|15\/100|[from] Recoil\n|move|p1a: Stone Treads|Rock Slide|p2b: Corviknight|[spread] p2a,p2b\n|-resisted|p2b: Corviknight\n|-damage|p2a: Palafin|0 fnt\n|-damage|p2b: Corviknight|47\/100\n|faint|p2a: Palafin\n|\n|-fieldend|move: Trick Room\n|upkeep\n|\n|t:|1681895636\n|switch|p2a: Flutter Mane|Flutter Mane, L50|61\/100\n|turn|7\n|\n|t:|1681895644\n|move|p1a: Stone Treads|Protect|p1a: Stone Treads\n|-singleturn|p1a: Stone Treads|Protect\n|move|p2a: Flutter Mane|Moonblast|p1a: Stone Treads\n|-activate|p1a: Stone Treads|move: Protect\n|move|p2b: Corviknight|Roost|p2b: Corviknight\n|-heal|p2b: Corviknight|97\/100\n|-singleturn|p2b: Corviknight|move: Roost\n|move|p1b: Self Loop|Trick Room|p1b: Self Loop\n|-fieldstart|move: Trick Room|[of] p1b: Self Loop\n|\n|upkeep\n|turn|8\n|\n|t:|1681895666\n|move|p2a: Flutter Mane|Protect|p2a: Flutter Mane\n|-singleturn|p2a: Flutter Mane|Protect\n|move|p2b: Corviknight|Brave Bird|p1a: Stone Treads\n|-resisted|p1a: Stone Treads\n|-damage|p1a: Stone Treads|0 fnt\n|faint|p1a: Stone Treads\n|-end|p1a: Stone Treads|Protosynthesis|[silent]\n|-damage|p2b: Corviknight|95\/100|[from] Recoil\n|move|p1b: Self Loop|Trick Room|p1b: Self Loop\n|-fieldend|move: Trick Room\n|\n|upkeep\n|\n|t:|1681895670\n|switch|p1a: LoveAsChild|Flutter Mane, L50|100\/100\n|turn|9\n|\n|t:|1681895692\n|move|p1a: LoveAsChild|Shadow Ball|p2b: Corviknight\n|-damage|p2b: Corviknight|40\/100\n|move|p2a: Flutter Mane|Shadow Ball|p1a: LoveAsChild\n|-supereffective|p1a: LoveAsChild\n|-crit|p1a: LoveAsChild\n|-damage|p1a: LoveAsChild|0 fnt\n|faint|p1a: LoveAsChild\n|-end|p1a: LoveAsChild|Protosynthesis|[silent]\n|move|p1b: Self Loop|Twin Beam|p2a: Flutter Mane\n|-damage|p2a: Flutter Mane|44\/100\n|-damage|p2a: Flutter Mane|28\/100\n|-hitcount|p2a: Flutter Mane|2\n|move|p2b: Corviknight|Brave Bird|p1b: Self Loop\n|-damage|p1b: Self Loop|9\/100\n|-damage|p2b: Corviknight|18\/100|[from] Recoil\n|\n|upkeep\n|turn|10\n|-message|HiKraunty forfeited.\n|\n|win|DarkPine60\n|raw|HiKraunty's rating: 1557 → 1540<\/strong> (-17 for losing)\n|raw|DarkPine60's rating: 1603 → 1620<\/strong> (+17 for winning)\n|l|\u2606HiKraunty\n|l|\u2606DarkPine60\n","uploadtime":1681895765,"views":13,"p1id":"hikraunty","p2id":"darkpine60","formatid":"gen9vgc2023regulationc","rating":1540,"private":0,"password":""}