{"id":"gen9vgc2023regulationc-1853169737","p1":"Edro360","p2":"OLBAPP!!!!!","format":"[Gen 9] VGC 2023 Regulation C","log":"|j|\u2606Edro360\n|j|\u2606OLBAPP!!!!!\n|t:|1682643740\n|gametype|doubles\n|player|p1|Edro360|170|1159\n|player|p2|OLBAPP!!!!!|2|1192\n|teamsize|p1|6\n|teamsize|p2|6\n|gen|9\n|tier|[Gen 9] VGC 2023 Regulation C\n|rated|\n|rule|Species Clause: Limit one of each Pok\u00e9mon\n|rule|Item Clause: Limit one of each item\n|clearpoke\n|poke|p1|Chi-Yu, L50|\n|poke|p1|Ceruledge, L50, M|\n|poke|p1|Dachsbun, L50, M|\n|poke|p1|Iron Hands, L50|\n|poke|p1|Maushold-Four, L50|\n|poke|p1|Baxcalibur, L50, M|\n|poke|p2|Abomasnow, L50, F|\n|poke|p2|Iron Bundle, L50|\n|poke|p2|Gardevoir, L50, M|\n|poke|p2|Talonflame, L50, M|\n|poke|p2|Garchomp, L50, F|\n|poke|p2|Maushold, L50|\n|teampreview|4\n|inactive|Battle timer is ON: inactive players will automatically lose when time's up. (requested by OLBAPP!!!!!)\n|\n|t:|1682643756\n|start\n|switch|p1a: Chi-Yu|Chi-Yu, L50|100\/100\n|switch|p1b: Dachsbun|Dachsbun, L50, M|100\/100\n|switch|p2a: Talonflame|Talonflame, L50, M|100\/100\n|switch|p2b: Garchomp|Garchomp, L50, F|100\/100\n|-ability|p1a: Chi-Yu|Beads of Ruin\n|turn|1\n|\n|t:|1682643773\n|-terastallize|p2b: Garchomp|Fire\n|-terastallize|p1a: Chi-Yu|Bug\n|move|p2a: Talonflame|Tailwind|p2a: Talonflame\n|-sidestart|p2: OLBAPP!!!!!|move: Tailwind\n|move|p2b: Garchomp|Swords Dance|p2b: Garchomp\n|-boost|p2b: Garchomp|atk|2\n|move|p1b: Dachsbun|Yawn|p2a: Talonflame\n|-start|p2a: Talonflame|move: Yawn|[of] p1b: Dachsbun\n|move|p1a: Chi-Yu|Lava Plume|p2b: Garchomp|[spread] p2a,p2b\n|-ability|p1b: Dachsbun|Well-Baked Body|boost\n|-boost|p1b: Dachsbun|def|2\n|-resisted|p2a: Talonflame\n|-resisted|p2b: Garchomp\n|-damage|p2a: Talonflame|73\/100\n|-damage|p2b: Garchomp|81\/100\n|\n|upkeep\n|turn|2\n|\n|t:|1682643795\n|move|p1a: Chi-Yu|Protect|p1a: Chi-Yu\n|-singleturn|p1a: Chi-Yu|Protect\n|move|p2a: Talonflame|U-turn|p1a: Chi-Yu\n|-activate|p1a: Chi-Yu|move: Protect\n|move|p2b: Garchomp|Rock Slide|p1a: Chi-Yu|[spread] p1b\n|-activate|p1a: Chi-Yu|move: Protect\n|-damage|p1b: Dachsbun|80\/100\n|move|p1b: Dachsbun|Yawn|p2b: Garchomp\n|-start|p2b: Garchomp|move: Yawn|[of] p1b: Dachsbun\n|\n|-end|p2a: Talonflame|move: Yawn|[silent]\n|-status|p2a: Talonflame|slp\n|upkeep\n|turn|3\n|inactive|Edro360 has 30 seconds left.\n|\n|t:|1682643821\n|switch|p2b: Gardevoir|Gardevoir, L50, M|100\/100\n|-ability|p2b: Gardevoir|Beads of Ruin\n|-ability|p2b: Gardevoir|Beads of Ruin|[from] ability: Trace|[of] p1a: Chi-Yu\n|cant|p2a: Talonflame|slp\n|move|p1b: Dachsbun|Body Press|p2b: Gardevoir\n|-resisted|p2b: Gardevoir\n|-damage|p2b: Gardevoir|85\/100\n|move|p1a: Chi-Yu|Lava Plume|p2a: Talonflame|[spread] p2a,p2b\n|-ability|p1b: Dachsbun|Well-Baked Body|boost\n|-boost|p1b: Dachsbun|def|2\n|-resisted|p2a: Talonflame\n|-damage|p2a: Talonflame|44\/100 slp\n|-damage|p2b: Gardevoir|62\/100\n|-status|p2b: Gardevoir|brn\n|\n|-damage|p2b: Gardevoir|56\/100 brn|[from] brn\n|upkeep\n|turn|4\n|inactive|Edro360 has 30 seconds left.\n|inactive|OLBAPP!!!!! has 30 seconds left.\n|\n|t:|1682643852\n|move|p2b: Gardevoir|Helping Hand|p2a: Talonflame\n|-singleturn|p2a: Talonflame|Helping Hand|[of] p2b: Gardevoir\n|cant|p2a: Talonflame|slp\n|move|p1b: Dachsbun|Body Press|p2b: Gardevoir\n|-resisted|p2b: Gardevoir\n|-damage|p2b: Gardevoir|32\/100 brn\n|move|p1a: Chi-Yu|Lava Plume|p2a: Talonflame|[spread] p2a,p2b\n|-ability|p1b: Dachsbun|Well-Baked Body|boost\n|-boost|p1b: Dachsbun|def|2\n|-resisted|p2a: Talonflame\n|-damage|p2a: Talonflame|16\/100 slp\n|-damage|p2b: Gardevoir|10\/100 brn\n|\n|-damage|p2b: Gardevoir|4\/100 brn|[from] brn\n|-sideend|p2: OLBAPP!!!!!|move: Tailwind\n|upkeep\n|turn|5\n|\n|t:|1682643871\n|move|p2b: Gardevoir|Helping Hand|p2a: Talonflame\n|-singleturn|p2a: Talonflame|Helping Hand|[of] p2b: Gardevoir\n|move|p1b: Dachsbun|Protect|p1b: Dachsbun\n|-singleturn|p1b: Dachsbun|Protect\n|move|p1a: Chi-Yu|Protect|p1a: Chi-Yu\n|-singleturn|p1a: Chi-Yu|Protect\n|cant|p2a: Talonflame|slp\n|\n|-damage|p2b: Gardevoir|0 fnt|[from] brn\n|faint|p2b: Gardevoir\n|upkeep\n|-message|OLBAPP!!!!! forfeited.\n|\n|win|Edro360\n|raw|Edro360's rating: 1159 → 1186<\/strong> (+27 for winning)\n|raw|OLBAPP!!!!!'s rating: 1192 → 1165<\/strong> (-27 for losing)\n|l|\u2606OLBAPP!!!!!\n","uploadtime":1682643888,"views":6,"p1id":"edro360","p2id":"olbapp","formatid":"gen9vgc2023regulationc","rating":1165,"private":0,"password":""}