{"id":"gen9vgc2023regulationc-1861136040","p1":"nnn444000","p2":"Danilin90","format":"[Gen 9] VGC 2023 Regulation C","log":"|j|\u2606nnn444000\n|j|\u2606Danilin90\n|t:|1683729743\n|gametype|doubles\n|player|p1|nnn444000|red|\n|player|p2|Danilin90|cynthia-gen4|\n|teamsize|p1|6\n|teamsize|p2|6\n|gen|9\n|tier|[Gen 9] VGC 2023 Regulation C\n|rule|Species Clause: Limit one of each Pok\u00e9mon\n|rule|Item Clause: Limit one of each item\n|clearpoke\n|poke|p1|Maushold, L50|\n|poke|p1|Garganacl, L50, F|\n|poke|p1|Tatsugiri, L50, M|\n|poke|p1|Dondozo, L50, M|\n|poke|p1|Gholdengo, L50|\n|poke|p1|Azumarill, L50, F|\n|poke|p2|Florges, L50, F|\n|poke|p2|Baxcalibur, L50, M|\n|poke|p2|Iron Hands, L50|\n|poke|p2|Krookodile, L50, M|\n|poke|p2|Dragapult, L50, F|\n|poke|p2|Azumarill, L50, F|\n|teampreview|4\n|\n|t:|1683729777\n|start\n|switch|p1a: Maushold|Maushold, L50, shiny|100\/100\n|switch|p1b: Garganacl|Garganacl, L50, F, shiny|100\/100\n|switch|p2a: Florges|Florges, L50, F|100\/100\n|switch|p2b: Krookodile|Krookodile, L50, M|100\/100\n|turn|1\n|\n|t:|1683729812\n|move|p2b: Krookodile|Earthquake|p1b: Garganacl|[spread] p2a,p1a,p1b\n|-crit|p1a: Maushold\n|-supereffective|p1b: Garganacl\n|-damage|p2a: Florges|35\/100\n|-damage|p1a: Maushold|23\/100\n|-damage|p1b: Garganacl|48\/100\n|move|p1a: Maushold|Population Bomb|p2b: Krookodile\n|-damage|p2b: Krookodile|89\/100\n|-damage|p2b: Krookodile|80\/100\n|-damage|p2b: Krookodile|70\/100\n|-damage|p2b: Krookodile|61\/100\n|-damage|p2b: Krookodile|50\/100\n|-damage|p2b: Krookodile|41\/100\n|-damage|p2b: Krookodile|32\/100\n|-damage|p2b: Krookodile|21\/100\n|-enditem|p2b: Krookodile|Wiki Berry|[eat]\n|-heal|p2b: Krookodile|54\/100|[from] item: Wiki Berry\n|-start|p2b: Krookodile|confusion\n|-damage|p2b: Krookodile|45\/100\n|-damage|p2b: Krookodile|35\/100\n|-hitcount|p2b: Krookodile|10\n|move|p2a: Florges|Giga Drain|p1b: Garganacl\n|-supereffective|p1b: Garganacl\n|-damage|p1b: Garganacl|1\/100\n|-heal|p2a: Florges|67\/100|[from] drain|[of] p1b: Garganacl\n|move|p1b: Garganacl|Salt Cure|p2a: Florges\n|-damage|p2a: Florges|46\/100\n|-start|p2a: Florges|Salt Cure\n|\n|-heal|p2a: Florges|51\/100|[from] item: Leftovers\n|-damage|p2a: Florges|39\/100|[from] Salt Cure\n|upkeep\n|turn|2\n|\n|t:|1683729835\n|-activate|p2b: Krookodile|confusion\n|move|p2b: Krookodile|Earthquake|p1a: Maushold|[spread] p2a,p1a,p1b\n|-supereffective|p1b: Garganacl\n|-damage|p2a: Florges|0 fnt\n|-damage|p1a: Maushold|0 fnt\n|-damage|p1b: Garganacl|0 fnt\n|faint|p2a: Florges\n|faint|p1a: Maushold\n|faint|p1b: Garganacl\n|-ability|p2b: Krookodile|Moxie|boost\n|-boost|p2b: Krookodile|atk|3\n|\n|upkeep\n|\n|t:|1683729850\n|switch|p1a: Tatsugiri|Tatsugiri, L50, M, shiny|100\/100\n|switch|p2a: Dragapult|Dragapult, L50, F|100\/100\n|switch|p1b: Dondozo|Dondozo, L50, M, shiny|100\/100\n|-activate|p1a: Tatsugiri|ability: Commander|[of] p1b: Dondozo\n|-boost|p1b: Dondozo|atk|2\n|-boost|p1b: Dondozo|spa|2\n|-boost|p1b: Dondozo|spe|2\n|-boost|p1b: Dondozo|def|2\n|-boost|p1b: Dondozo|spd|2\n|turn|3\n|\n|t:|1683729890\n|move|p2a: Dragapult|Dragon Dance|p2a: Dragapult\n|-boost|p2a: Dragapult|atk|1\n|-boost|p2a: Dragapult|spe|1\n|move|p1b: Dondozo|Rock Slide|p2b: Krookodile|[spread] p2a,p2b\n|-crit|p2a: Dragapult\n|-resisted|p2b: Krookodile\n|-damage|p2a: Dragapult|43\/100\n|-damage|p2b: Krookodile|18\/100\n|-activate|p2b: Krookodile|confusion\n|-damage|p2b: Krookodile|0 fnt|[from] confusion\n|faint|p2b: Krookodile\n|\n|upkeep\n|\n|t:|1683729904\n|switch|p2b: Iron Hands|Iron Hands, L50|100\/100\n|turn|4\n|\n|t:|1683729936\n|-terastallize|p1b: Dondozo|Normal\n|move|p2a: Dragapult|Dragon Darts|p1b: Dondozo\n|-damage|p1b: Dondozo|93\/100\n|-anim|p2a: Dragapult|Dragon Darts|p1b: Dondozo\n|-damage|p1b: Dondozo|86\/100\n|move|p1b: Dondozo|Rock Slide|p2a: Dragapult|[spread] p2a,p2b\n|-resisted|p2b: Iron Hands\n|-damage|p2a: Dragapult|5\/100\n|-damage|p2b: Iron Hands|91\/100\n|move|p2b: Iron Hands|Wild Charge|p1b: Dondozo\n|-damage|p1b: Dondozo|64\/100\n|-damage|p2b: Iron Hands|75\/100|[from] item: Rocky Helmet|[of] p1b: Dondozo\n|-damage|p2b: Iron Hands|69\/100|[from] Recoil\n|-damage|p2b: Iron Hands|59\/100|[from] item: Life Orb\n|\n|upkeep\n|turn|5\n|\n|t:|1683729980\n|move|p2a: Dragapult|Dragon Darts|p1b: Dondozo\n|-damage|p1b: Dondozo|57\/100\n|-anim|p2a: Dragapult|Dragon Darts|p1b: Dondozo\n|-damage|p1b: Dondozo|50\/100\n|move|p1b: Dondozo|Rock Slide|p2a: Dragapult|[spread] p2a,p2b\n|-resisted|p2b: Iron Hands\n|-damage|p2a: Dragapult|0 fnt\n|-damage|p2b: Iron Hands|50\/100\n|faint|p2a: Dragapult\n|move|p2b: Iron Hands|Iron Head|p1b: Dondozo\n|-damage|p1b: Dondozo|36\/100\n|-damage|p2b: Iron Hands|33\/100|[from] item: Rocky Helmet|[of] p1b: Dondozo\n|-damage|p2b: Iron Hands|24\/100|[from] item: Life Orb\n|\n|upkeep\n|turn|6\n|\n|t:|1683729999\n|move|p1b: Dondozo|Rock Slide|p2b: Iron Hands\n|-resisted|p2b: Iron Hands\n|-damage|p2b: Iron Hands|11\/100\n|cant|p2b: Iron Hands|flinch\n|\n|upkeep\n|turn|7\n|\n|t:|1683730004\n|move|p1b: Dondozo|Rock Slide|p2b: Iron Hands\n|-resisted|p2b: Iron Hands\n|-damage|p2b: Iron Hands|0 fnt\n|faint|p2b: Iron Hands\n|-end|p2b: Iron Hands|Quark Drive|[silent]\n|\n|win|nnn444000\n","uploadtime":1683730014,"views":7,"p1id":"nnn444000","p2id":"danilin90","formatid":"gen9vgc2023regulationc","rating":0,"private":0,"password":""}