{"id":"gen9vgc2023regulationc-1863362998","p1":"R2VGC","p2":"FredRekt","format":"[Gen 9] VGC 2023 Regulation C","log":"|j|\u2606R2VGC\n|j|\u2606FredRekt\n|t:|1684007398\n|gametype|doubles\n|player|p1|R2VGC|102|1287\n|player|p2|FredRekt|102|1283\n|teamsize|p1|6\n|teamsize|p2|6\n|gen|9\n|tier|[Gen 9] VGC 2023 Regulation C\n|rated|\n|rule|Species Clause: Limit one of each Pok\u00e9mon\n|rule|Item Clause: Limit one of each item\n|clearpoke\n|poke|p1|Amoonguss, L50, F|\n|poke|p1|Arcanine, L50, M|\n|poke|p1|Flutter Mane, L50|\n|poke|p1|Kingambit, L50, F|\n|poke|p1|Palafin, L50, F|\n|poke|p1|Dragonite, L50, M|\n|poke|p2|Garchomp, L50, F|\n|poke|p2|Tyranitar, L50, F|\n|poke|p2|Orthworm, L50, M|\n|poke|p2|Garganacl, L50, F|\n|poke|p2|Chi-Yu, L50|\n|poke|p2|Iron Jugulis, L50|\n|teampreview|4\nR2VGC has agreed to open team sheets.\n|inactive|Battle timer is ON: inactive players will automatically lose when time's up. (requested by FredRekt)\n|\n|t:|1684007429\n|start\n|switch|p1a: Flutter Mane|Flutter Mane, L50|100\/100\n|switch|p1b: Palafin|Palafin, L50, F|100\/100\n|switch|p2a: Iron Jugulis|Iron Jugulis, L50|100\/100\n|switch|p2b: Garganacl|Garganacl, L50, F|100\/100\n|-enditem|p1a: Flutter Mane|Booster Energy\n|-activate|p1a: Flutter Mane|ability: Protosynthesis|[fromitem]\n|-start|p1a: Flutter Mane|protosynthesisspe\n|turn|1\n|inactive|FredRekt has 30 seconds left.\n|\n|t:|1684007461\n|move|p1b: Palafin|Protect|p1b: Palafin\n|-singleturn|p1b: Palafin|Protect\n|move|p1a: Flutter Mane|Moonblast|p2a: Iron Jugulis\n|-supereffective|p2a: Iron Jugulis\n|-enditem|p2a: Iron Jugulis|Focus Sash\n|-damage|p2a: Iron Jugulis|1\/100\n|-unboost|p2a: Iron Jugulis|spa|1\n|move|p2a: Iron Jugulis|Tailwind|p2a: Iron Jugulis\n|-sidestart|p2: FredRekt|move: Tailwind\n|move|p2b: Garganacl|Salt Cure|p1b: Palafin\n|-activate|p1b: Palafin|move: Protect\n|\n|upkeep\n|turn|2\n|inactive|R2VGC has 30 seconds left.\n|\n|t:|1684007493\n|-end|p1a: Flutter Mane|Protosynthesis|[silent]\n|switch|p1a: Kingambit|Kingambit, L50, F|100\/100\n|move|p2a: Iron Jugulis|Protect|p2a: Iron Jugulis\n|-singleturn|p2a: Iron Jugulis|Protect\n|move|p1b: Palafin|Jet Punch|p2a: Iron Jugulis\n|-activate|p2a: Iron Jugulis|move: Protect\n|move|p2b: Garganacl|Salt Cure|p1b: Palafin\n|-damage|p1b: Palafin|86\/100\n|-start|p1b: Palafin|Salt Cure\n|\n|-damage|p1b: Palafin|61\/100|[from] Salt Cure\n|upkeep\n|turn|3\n|inactive|R2VGC has 30 seconds left.\n|\n|t:|1684007526\n|detailschange|p1b: Palafin|Palafin-Hero, L50, F\n|switch|p1b: Flutter Mane|Flutter Mane, L50|100\/100\n|-terastallize|p1a: Kingambit|Dark\n|move|p2a: Iron Jugulis|Protect||[still]\n|-fail|p2a: Iron Jugulis\n|move|p1a: Kingambit|Sucker Punch||[still]\n|-fail|p1a: Kingambit\n|move|p2b: Garganacl|Salt Cure|p1a: Kingambit\n|-damage|p1a: Kingambit|90\/100\n|-start|p1a: Kingambit|Salt Cure\n|\n|-damage|p1a: Kingambit|78\/100|[from] Salt Cure\n|upkeep\n|turn|4\n|\n|t:|1684007545\n|move|p2a: Iron Jugulis|Protect|p2a: Iron Jugulis\n|-singleturn|p2a: Iron Jugulis|Protect\n|move|p1a: Kingambit|Protect|p1a: Kingambit\n|-singleturn|p1a: Kingambit|Protect\n|move|p1b: Flutter Mane|Icy Wind|p2a: Iron Jugulis|[spread] p2b\n|-activate|p2a: Iron Jugulis|move: Protect\n|-damage|p2b: Garganacl|87\/100\n|-unboost|p2b: Garganacl|spe|1\n|move|p2b: Garganacl|Salt Cure|p1b: Flutter Mane\n|-damage|p1b: Flutter Mane|68\/100\n|-start|p1b: Flutter Mane|Salt Cure\n|\n|-heal|p2b: Garganacl|93\/100|[from] item: Leftovers\n|-damage|p1b: Flutter Mane|55\/100|[from] Salt Cure\n|-damage|p1a: Kingambit|65\/100|[from] Salt Cure\n|-sideend|p2: FredRekt|move: Tailwind\n|upkeep\n|turn|5\n|inactive|FredRekt has 30 seconds left.\n|\n|t:|1684007578\n|move|p1b: Flutter Mane|Icy Wind|p2b: Garganacl|[spread] p2a,p2b\n|-supereffective|p2a: Iron Jugulis\n|-damage|p2a: Iron Jugulis|0 fnt\n|-damage|p2b: Garganacl|81\/100\n|-unboost|p2b: Garganacl|spe|1\n|faint|p2a: Iron Jugulis\n|-end|p2a: Iron Jugulis|Quark Drive|[silent]\n|move|p1a: Kingambit|Assurance|p2b: Garganacl\n|-damage|p2b: Garganacl|27\/100\n|move|p2b: Garganacl|Recover|p2b: Garganacl\n|-heal|p2b: Garganacl|77\/100\n|\n|-heal|p2b: Garganacl|83\/100|[from] item: Leftovers\n|-damage|p1b: Flutter Mane|43\/100|[from] Salt Cure\n|-damage|p1a: Kingambit|53\/100|[from] Salt Cure\n|upkeep\n|\n|t:|1684007588\n|switch|p2a: Tyranitar|Tyranitar, L50, F|100\/100\n|-weather|Sandstorm|[from] ability: Sand Stream|[of] p2a: Tyranitar\n|turn|6\n|\n|t:|1684007598\n|switch|p1a: Palafin|Palafin-Hero, L50, F|61\/100\n|-activate|p1a: Palafin|ability: Zero to Hero\n|move|p1b: Flutter Mane|Moonblast|p2a: Tyranitar\n|-supereffective|p2a: Tyranitar\n|-damage|p2a: Tyranitar|65\/100\n|move|p2a: Tyranitar|Rock Slide|p1b: Flutter Mane|[spread] p1a\n|-miss|p2a: Tyranitar|p1b: Flutter Mane\n|-damage|p1a: Palafin|29\/100\n|move|p2b: Garganacl|Body Press|p1a: Palafin\n|-damage|p1a: Palafin|2\/100\n|\n|-weather|Sandstorm|[upkeep]\n|-damage|p1b: Flutter Mane|37\/100|[from] Sandstorm\n|-damage|p1a: Palafin|0 fnt|[from] Sandstorm\n|faint|p1a: Palafin\n|-heal|p2b: Garganacl|88\/100|[from] item: Leftovers\n|-damage|p1b: Flutter Mane|25\/100|[from] Salt Cure\n|upkeep\n|\n|t:|1684007617\n|switch|p1a: Dragonite|Dragonite, L50, M|100\/100\n|turn|7\n|\n|t:|1684007633\n|-end|p1b: Flutter Mane|Protosynthesis|[silent]\n|switch|p1b: Kingambit|Kingambit, L50, F, tera:Dark|53\/100\n|move|p1a: Dragonite|Dragon Dance|p1a: Dragonite\n|-boost|p1a: Dragonite|atk|1\n|-boost|p1a: Dragonite|spe|1\n|move|p2a: Tyranitar|Rock Slide|p1b: Kingambit|[spread] p1a,p1b\n|-supereffective|p1a: Dragonite\n|-damage|p1a: Dragonite|28\/100\n|-damage|p1b: Kingambit|26\/100\n|move|p2b: Garganacl|Salt Cure|p1a: Dragonite\n|-supereffective|p1a: Dragonite\n|-damage|p1a: Dragonite|0 fnt\n|faint|p1a: Dragonite\n|\n|-weather|Sandstorm|[upkeep]\n|-damage|p1b: Kingambit|20\/100|[from] Sandstorm\n|-heal|p2b: Garganacl|94\/100|[from] item: Leftovers\n|upkeep\n|\n|t:|1684007648\n|switch|p1a: Flutter Mane|Flutter Mane, L50|25\/100\n|turn|8\n|\n|t:|1684007660\n|move|p1a: Flutter Mane|Moonblast|p2b: Garganacl\n|-damage|p2b: Garganacl|59\/100\n|move|p1b: Kingambit|Assurance|p2b: Garganacl\n|-damage|p2b: Garganacl|5\/100\n|move|p2a: Tyranitar|Rock Slide|p1b: Kingambit|[spread] p1a\n|-miss|p2a: Tyranitar|p1b: Kingambit\n|-damage|p1a: Flutter Mane|0 fnt\n|faint|p1a: Flutter Mane\n|-end|p1a: Flutter Mane|Protosynthesis|[silent]\n|move|p2b: Garganacl|Salt Cure|p1b: Kingambit\n|-damage|p1b: Kingambit|8\/100\n|-start|p1b: Kingambit|Salt Cure\n|\n|-weather|Sandstorm|[upkeep]\n|-damage|p1b: Kingambit|2\/100|[from] Sandstorm\n|-heal|p2b: Garganacl|11\/100|[from] item: Leftovers\n|-damage|p1b: Kingambit|0 fnt|[from] Salt Cure\n|faint|p1b: Kingambit\n|\n|win|FredRekt\n|upkeep\n|raw|R2VGC's rating: 1287 → 1262<\/strong> (-25 for losing)\n|raw|FredRekt's rating: 1283 → 1308<\/strong> (+25 for winning)\n","uploadtime":1684007679,"views":5,"p1id":"r2vgc","p2id":"fredrekt","formatid":"gen9vgc2023regulationc","rating":1262,"private":0,"password":""}