{"id":"gen9vgc2023regulationc-1849456578","p1":"BluFalconTwitch","p2":"jchemmy","format":"[Gen 9] VGC 2023 Regulation C","log":"|j|\u2606BluFalconTwitch\n|j|\u2606jchemmy\n|t:|1682200586\n|gametype|doubles\n|player|p1|BluFalconTwitch|lance|1236\n|player|p2|jchemmy|brock|1298\n|teamsize|p1|6\n|teamsize|p2|6\n|gen|9\n|tier|[Gen 9] VGC 2023 Regulation C\n|rated|\n|rule|Species Clause: Limit one of each Pok\u00e9mon\n|rule|Item Clause: Limit one of each item\n|clearpoke\n|poke|p1|Arcanine, L50, M|\n|poke|p1|Chien-Pao, L50|\n|poke|p1|Bellibolt, L50, M|\n|poke|p1|Pelipper, L50, M|\n|poke|p1|Amoonguss, L50, M|\n|poke|p1|Dragapult, L50, F|\n|poke|p2|Arcanine, L50, M|\n|poke|p2|Palafin, L50, F|\n|poke|p2|Flutter Mane, L50|\n|poke|p2|Ting-Lu, L50|\n|poke|p2|Amoonguss, L50, F|\n|poke|p2|Baxcalibur, L50, F|\n|teampreview|4\n|inactive|Battle timer is ON: inactive players will automatically lose when time's up. (requested by BluFalconTwitch)\n|inactive|jchemmy also wants the timer to be on.\njchemmy has agreed to open team sheets.\nBluFalconTwitch has agreed to open team sheets.\n|inactive|BluFalconTwitch has 60 seconds left.\n|inactive|jchemmy has 60 seconds left.\n|inactive|jchemmy has 30 seconds left.\n|inactive|jchemmy has 20 seconds left.\n|inactive|jchemmy has 15 seconds left.\n|inactive|jchemmy has 10 seconds left.\n|inactive|jchemmy has 5 seconds left.\n|\n|t:|1682200675\n|start\n|switch|p1a: Pelipper|Pelipper, L50, M|100\/100\n|switch|p1b: Dragapult|Dragapult, L50, F|100\/100\n|switch|p2a: Ting-Lu|Ting-Lu, L50|100\/100\n|switch|p2b: Baxcalibur|Baxcalibur, L50, F|100\/100\n|-weather|RainDance|[from] ability: Drizzle|[of] p1a: Pelipper\n|-ability|p2a: Ting-Lu|Vessel of Ruin\n|turn|1\n|inactive|jchemmy has 30 seconds left.\n|\n|t:|1682200703\n|switch|p2b: Arcanine|Arcanine, L50, M|100\/100\n|-ability|p2b: Arcanine|Intimidate|boost\n|-unboost|p1a: Pelipper|atk|1\n|-fail|p1b: Dragapult|unboost|[from] ability: Clear Body|[of] p1b: Dragapult\n|move|p1b: Dragapult|Dragon Darts|p2b: Arcanine\n|-damage|p2b: Arcanine|64\/100\n|-anim|p1b: Dragapult|Dragon Darts|p2a: Ting-Lu\n|-damage|p2a: Ting-Lu|79\/100\n|move|p1a: Pelipper|Tailwind|p1a: Pelipper\n|-sidestart|p1: BluFalconTwitch|move: Tailwind\n|move|p2a: Ting-Lu|Ruination|p1a: Pelipper|[miss]\n|-miss|p2a: Ting-Lu|p1a: Pelipper\n|\n|-weather|RainDance|[upkeep]\n|upkeep\n|turn|2\n|inactive|jchemmy has 30 seconds left.\n|\n|t:|1682200729\n|move|p1b: Dragapult|Dragon Darts|p2b: Arcanine\n|-damage|p2b: Arcanine|21\/100\n|-anim|p1b: Dragapult|Dragon Darts|p2a: Ting-Lu\n|-damage|p2a: Ting-Lu|55\/100\n|move|p1a: Pelipper|Hydro Pump|p2a: Ting-Lu\n|-supereffective|p2a: Ting-Lu\n|-damage|p2a: Ting-Lu|19\/100\n|move|p2b: Arcanine|Snarl|p1b: Dragapult|[spread] p1a,p1b\n|-crit|p1a: Pelipper\n|-supereffective|p1b: Dragapult\n|-damage|p1a: Pelipper|88\/100\n|-damage|p1b: Dragapult|85\/100\n|-unboost|p1a: Pelipper|spa|1\n|move|p2a: Ting-Lu|Stomping Tantrum|p1b: Dragapult\n|-damage|p1b: Dragapult|0 fnt\n|faint|p1b: Dragapult\n|\n|-weather|RainDance|[upkeep]\n|upkeep\n|\n|t:|1682200750\n|switch|p1b: Arcanine|Arcanine, L50, M|100\/100\n|-ability|p1b: Arcanine|Intimidate|boost\n|-unboost|p2a: Ting-Lu|atk|1\n|-unboost|p2b: Arcanine|atk|1\n|turn|3\n|\n|t:|1682200763\n|switch|p1a: Bellibolt|Bellibolt, L50, M|100\/100\n|switch|p2a: Baxcalibur|Baxcalibur, L50, F|100\/100\n|move|p2b: Arcanine|Protect|p2b: Arcanine\n|-singleturn|p2b: Arcanine|Protect\n|move|p1b: Arcanine|Extreme Speed|p2a: Baxcalibur\n|-damage|p2a: Baxcalibur|83\/100\n|\n|-weather|RainDance|[upkeep]\n|upkeep\n|turn|4\n|inactive|jchemmy has 30 seconds left.\n|\n|t:|1682200792\n|switch|p2b: Ting-Lu|Ting-Lu, L50|19\/100\n|-ability|p2b: Ting-Lu|Vessel of Ruin\n|-terastallize|p1a: Bellibolt|Electric\n|move|p1b: Arcanine|Extreme Speed|p2a: Baxcalibur\n|-damage|p2a: Baxcalibur|66\/100\n|move|p1a: Bellibolt|Parabolic Charge|p2a: Baxcalibur|[spread] p1b,p2a\n|-immune|p2b: Ting-Lu\n|-resisted|p2a: Baxcalibur\n|-damage|p1b: Arcanine|80\/100\n|-damage|p2a: Baxcalibur|58\/100\n|move|p2a: Baxcalibur|Glaive Rush|p1b: Arcanine\n|-damage|p1b: Arcanine|7\/100\n|-singlemove|p2a: Baxcalibur|Glaive Rush|[silent]\n|\n|-weather|RainDance|[upkeep]\n|-sideend|p1: BluFalconTwitch|move: Tailwind\n|upkeep\n|turn|5\n|\n|t:|1682200815\n|move|p2a: Baxcalibur|Protect|p2a: Baxcalibur\n|-singleturn|p2a: Baxcalibur|Protect\n|move|p1b: Arcanine|Extreme Speed|p2b: Ting-Lu\n|-damage|p2b: Ting-Lu|7\/100\n|move|p1a: Bellibolt|Thunder|p2a: Baxcalibur\n|-activate|p2a: Baxcalibur|move: Protect\n|move|p2b: Ting-Lu|Stomping Tantrum|p1a: Bellibolt\n|-supereffective|p1a: Bellibolt\n|-damage|p1a: Bellibolt|51\/100\n|-start|p1a: Bellibolt|Charge|Stomping Tantrum|[from] ability: Electromorphosis\n|\n|-weather|none\n|-heal|p1a: Bellibolt|58\/100|[from] item: Leftovers\n|upkeep\n|turn|6\n|inactive|BluFalconTwitch has 30 seconds left.\n|inactive|jchemmy has 30 seconds left.\n|\n|t:|1682200842\n|switch|p2b: Flutter Mane|Flutter Mane, L50|100\/100\n|move|p1b: Arcanine|Extreme Speed|p2b: Flutter Mane\n|-immune|p2b: Flutter Mane\n|move|p2a: Baxcalibur|Glaive Rush|p1a: Bellibolt\n|-damage|p1a: Bellibolt|1\/100\n|-singlemove|p2a: Baxcalibur|Glaive Rush|[silent]\n|-start|p1a: Bellibolt|Charge|Glaive Rush|[from] ability: Electromorphosis\n|move|p1a: Bellibolt|Slack Off|p1a: Bellibolt\n|-heal|p1a: Bellibolt|51\/100\n|\n|-heal|p1a: Bellibolt|58\/100|[from] item: Leftovers\n|upkeep\n|turn|7\n|\n|t:|1682200862\n|switch|p2a: Arcanine|Arcanine, L50, M|21\/100\n|-ability|p2a: Arcanine|Intimidate|boost\n|-unboost|p1a: Bellibolt|atk|1\n|-unboost|p1b: Arcanine|atk|1\n|-terastallize|p2b: Flutter Mane|Fairy\n|move|p2b: Flutter Mane|Dazzling Gleam|p1b: Arcanine|[spread] p1a,p1b\n|-resisted|p1b: Arcanine\n|-damage|p1a: Bellibolt|2\/100\n|-damage|p1b: Arcanine|0 fnt\n|-start|p1a: Bellibolt|Charge|Dazzling Gleam|[from] ability: Electromorphosis\n|faint|p1b: Arcanine\n|move|p1a: Bellibolt|Parabolic Charge|p2a: Arcanine|[spread] p2a,p2b\n|-damage|p2a: Arcanine|0 fnt\n|-heal|p1a: Bellibolt|12\/100|[from] drain|[of] p2a: Arcanine\n|-damage|p2b: Flutter Mane|53\/100\n|-heal|p1a: Bellibolt|28\/100|[from] drain|[of] p2b: Flutter Mane\n|faint|p2a: Arcanine\n|-end|p1a: Bellibolt|Charge|[silent]\n|\n|-heal|p1a: Bellibolt|34\/100|[from] item: Leftovers\n|upkeep\n|\n|t:|1682200879\n|switch|p2a: Baxcalibur|Baxcalibur, L50, F|58\/100\n|switch|p1b: Pelipper|Pelipper, L50, M|88\/100\n|-weather|RainDance|[from] ability: Drizzle|[of] p1b: Pelipper\n|turn|8\n|-message|BluFalconTwitch forfeited.\n|\n|win|jchemmy\n|raw|BluFalconTwitch's rating: 1236 → 1215<\/strong> (-21 for losing)\n|raw|jchemmy's rating: 1298 → 1319<\/strong> (+21 for winning)\n|l|\u2606BluFalconTwitch\n","uploadtime":1682200896,"views":13,"p1id":"blufalcontwitch","p2id":"jchemmy","formatid":"gen9vgc2023regulationc","rating":1215,"private":0,"password":""}