{"id":"gen9vgc2023regulationc-1856481709","p1":"RitmanTesting1","p2":"haha you rage quit","format":"[Gen 9] VGC 2023 Regulation C","log":"|j|\u2606RitmanTesting1\n|j|\u2606haha you rage quit\n|t:|1683066333\n|gametype|doubles\n|player|p1|RitmanTesting1|byron|1386\n|player|p2|haha you rage quit|pokemaniac|1264\n|teamsize|p1|6\n|teamsize|p2|6\n|gen|9\n|tier|[Gen 9] VGC 2023 Regulation C\n|rated|\n|rule|Species Clause: Limit one of each Pok\u00e9mon\n|rule|Item Clause: Limit one of each item\n|clearpoke\n|poke|p1|Arcanine, L50, M|\n|poke|p1|Flutter Mane, L50|\n|poke|p1|Rotom-Wash, L50|\n|poke|p1|Glimmora, L50, M|\n|poke|p1|Dragonite, L50, F|\n|poke|p1|Chien-Pao, L50|\n|poke|p2|Flutter Mane, L50|\n|poke|p2|Chi-Yu, L50|\n|poke|p2|Great Tusk, L50|\n|poke|p2|Gholdengo, L50|\n|poke|p2|Murkrow, L50, M|\n|poke|p2|Talonflame, L50, M|\n|teampreview|4\n|inactive|Battle timer is ON: inactive players will automatically lose when time's up. (requested by RitmanTesting1)\nRitmanTesting1 has agreed to open team sheets.\n|inactive|RitmanTesting1 has 60 seconds left.\n|inactive|haha you rage quit has 60 seconds left.\n|l|\u2606haha you rage quit\n|inactive|haha you rage quit disconnected and has a minute to reconnect!\n|player|p2|\n|j|\u2606haha you rage quit\n|inactive|haha you rage quit reconnected and has 35 seconds left.\n|player|p2|haha you rage quit|pokemaniac\n|inactive|haha you rage quit has 30 seconds left.\n|inactive|haha you rage quit has 20 seconds left.\n|inactive|haha you rage quit has 15 seconds left.\n|inactive|haha you rage quit has 10 seconds left.\n|\n|t:|1683066416\n|start\n|switch|p1a: Rotom|Rotom-Wash, L50|100\/100\n|switch|p1b: Glimmora|Glimmora, L50, M|100\/100\n|switch|p2a: Murkrow|Murkrow, L50, M|100\/100\n|switch|p2b: Great Tusk|Great Tusk, L50, shiny|100\/100\n|turn|1\n|\n|t:|1683066437\n|-terastallize|p1b: Glimmora|Grass\n|move|p2a: Murkrow|Tailwind|p2a: Murkrow\n|-sidestart|p2: haha you rage quit|move: Tailwind\n|move|p2b: Great Tusk|Close Combat|p1a: Rotom\n|-damage|p1a: Rotom|0 fnt\n|-unboost|p2b: Great Tusk|def|1\n|-unboost|p2b: Great Tusk|spd|1\n|faint|p1a: Rotom\n|move|p1b: Glimmora|Mortal Spin|p2b: Great Tusk|[spread] p2a,p2b\n|-resisted|p2b: Great Tusk\n|-damage|p2a: Murkrow|92\/100\n|-damage|p2b: Great Tusk|99\/100\n|-status|p2a: Murkrow|psn\n|-status|p2b: Great Tusk|psn\n|\n|-damage|p2a: Murkrow|80\/100 psn|[from] psn\n|-damage|p2b: Great Tusk|87\/100 psn|[from] psn\n|upkeep\n|\n|t:|1683066449\n|switch|p1a: Chien-Pao|Chien-Pao, L50|100\/100\n|-ability|p1a: Chien-Pao|Sword of Ruin\n|turn|2\n|\n|t:|1683066467\n|move|p1a: Chien-Pao|Protect|p1a: Chien-Pao\n|-singleturn|p1a: Chien-Pao|Protect\n|move|p2a: Murkrow|Sunny Day|p2a: Murkrow\n|-weather|SunnyDay\n|-activate|p2b: Great Tusk|ability: Protosynthesis\n|-start|p2b: Great Tusk|protosynthesisatk\n|move|p2b: Great Tusk|Close Combat|p1b: Glimmora\n|-damage|p1b: Glimmora|0 fnt\n|-unboost|p2b: Great Tusk|def|1\n|-unboost|p2b: Great Tusk|spd|1\n|-activate|p1b: Glimmora|ability: Toxic Debris\n|-sidestart|p2: haha you rage quit|move: Toxic Spikes\n|faint|p1b: Glimmora\n|\n|-weather|SunnyDay|[upkeep]\n|-damage|p2a: Murkrow|68\/100 psn|[from] psn\n|-damage|p2b: Great Tusk|74\/100 psn|[from] psn\n|upkeep\n|\n|t:|1683066474\n|switch|p1b: Dragonite|Dragonite, L50, F|100\/100\n|turn|3\n|\n|t:|1683066483\n|move|p1b: Dragonite|Extreme Speed|p2b: Great Tusk\n|-damage|p2b: Great Tusk|0 fnt\n|faint|p2b: Great Tusk\n|-end|p2b: Great Tusk|Protosynthesis|[silent]\n|move|p2a: Murkrow|Foul Play|p1a: Chien-Pao\n|-resisted|p1a: Chien-Pao\n|-damage|p1a: Chien-Pao|71\/100\n|move|p1a: Chien-Pao|Ice Spinner|p2a: Murkrow\n|-supereffective|p2a: Murkrow\n|-damage|p2a: Murkrow|0 fnt\n|faint|p2a: Murkrow\n|\n|-weather|SunnyDay|[upkeep]\n|upkeep\n|\n|t:|1683066492\n|switch|p2a: Chi-Yu|Chi-Yu, L50|100\/100\n|switch|p2b: Gholdengo|Gholdengo, L50|100\/100\n|-status|p2a: Chi-Yu|psn\n|-ability|p2a: Chi-Yu|Beads of Ruin\n|turn|4\n|inactive|haha you rage quit has 30 seconds left.\n|inactive|haha you rage quit has 20 seconds left.\n|inactive|haha you rage quit has 15 seconds left.\n|\n|t:|1683066535\n|-terastallize|p2a: Chi-Yu|Fire\n|move|p1a: Chien-Pao|Protect|p1a: Chien-Pao\n|-singleturn|p1a: Chien-Pao|Protect\n|move|p1b: Dragonite|Extreme Speed|p2a: Chi-Yu\n|-damage|p2a: Chi-Yu|15\/100 psn\n|move|p2a: Chi-Yu|Heat Wave|p1a: Chien-Pao|[spread] p1b\n|-activate|p1a: Chien-Pao|move: Protect\n|-resisted|p1b: Dragonite\n|-damage|p1b: Dragonite|27\/100\n|move|p2b: Gholdengo|Make It Rain|p1a: Chien-Pao|[spread] p1b\n|-activate|p1a: Chien-Pao|move: Protect\n|-damage|p1b: Dragonite|0 fnt\n|-unboost|p2b: Gholdengo|spa|1\n|faint|p1b: Dragonite\n|\n|-weather|SunnyDay|[upkeep]\n|-damage|p2a: Chi-Yu|2\/100 psn|[from] psn\n|-sideend|p2: haha you rage quit|move: Tailwind\n|upkeep\n|turn|5\n|\n|t:|1683066557\n|move|p1a: Chien-Pao|Protect||[still]\n|-fail|p1a: Chien-Pao\n|move|p2a: Chi-Yu|Heat Wave|p1a: Chien-Pao\n|-supereffective|p1a: Chien-Pao\n|-damage|p1a: Chien-Pao|0 fnt\n|faint|p1a: Chien-Pao\n|\n|win|haha you rage quit\n|raw|RitmanTesting1's rating: 1386 → 1359<\/strong> (-27 for losing)\n|raw|haha you rage quit's rating: 1264 → 1297<\/strong> (+33 for winning)\n|c|\u2606RitmanTesting1|gg\n","uploadtime":1683066578,"views":7,"p1id":"ritmantesting1","p2id":"hahayouragequit","formatid":"gen9vgc2023regulationc","rating":1297,"private":0,"password":""}