{"id":"gen9vgc2023regulationc-1844965666","p1":"ChampionLeon01","p2":"Lugiabirb","format":"[Gen 9] VGC 2023 Regulation C","log":"|j|\u2606ChampionLeon01\n|j|\u2606Lugiabirb\n|t:|1681668960\n|gametype|doubles\n|player|p1|ChampionLeon01|1|\n|player|p2|Lugiabirb|leon|\n|teamsize|p1|6\n|teamsize|p2|6\n|gen|9\n|tier|[Gen 9] VGC 2023 Regulation C\n|rule|Species Clause: Limit one of each Pok\u00e9mon\n|rule|Item Clause: Limit one of each item\n|clearpoke\n|poke|p1|Slither Wing, L50|\n|poke|p1|Torkoal, L50, F|\n|poke|p1|Chien-Pao, L50|\n|poke|p1|Great Tusk, L50|\n|poke|p1|Flutter Mane, L50|\n|poke|p1|Dragonite, L50, M|\n|poke|p2|Dragapult, L50, M|\n|poke|p2|Chien-Pao, L50|\n|poke|p2|Iron Hands, L50|\n|poke|p2|Flutter Mane, L50|\n|poke|p2|Amoonguss, L50, F|\n|poke|p2|Arcanine, L50, F|\n|teampreview|4\nChampionLeon01 has agreed to open team sheets.\nLugiabirb has agreed to open team sheets.\n|\n|t:|1681669035\n|start\n|switch|p1a: Torkoal|Torkoal, L50, F|100\/100\n|switch|p1b: Flutter Mane|Flutter Mane, L50|100\/100\n|switch|p2a: metal pipes|Iron Hands, L50|100\/100\n|switch|p2b: RAD DOGS|Arcanine, L50, F|100\/100\n|-ability|p2b: RAD DOGS|Intimidate|boost\n|-unboost|p1a: Torkoal|atk|1\n|-unboost|p1b: Flutter Mane|atk|1\n|-weather|SunnyDay|[from] ability: Drought|[of] p1a: Torkoal\n|-activate|p1b: Flutter Mane|ability: Protosynthesis\n|-start|p1b: Flutter Mane|protosynthesisspe\n|turn|1\n|\n|t:|1681669050\n|move|p1b: Flutter Mane|Moonblast|p2a: metal pipes\n|-supereffective|p2a: metal pipes\n|-damage|p2a: metal pipes|37\/100\n|-damage|p1b: Flutter Mane|91\/100|[from] item: Life Orb\n|move|p2b: RAD DOGS|Flare Blitz|p1b: Flutter Mane\n|-damage|p1b: Flutter Mane|0 fnt\n|faint|p1b: Flutter Mane\n|-end|p1b: Flutter Mane|Protosynthesis|[silent]\n|-damage|p2b: RAD DOGS|78\/100|[from] Recoil\n|move|p2a: metal pipes|Wild Charge|p1a: Torkoal\n|-damage|p1a: Torkoal|61\/100\n|-damage|p2a: metal pipes|30\/100|[from] Recoil\n|move|p1a: Torkoal|Eruption|p2a: metal pipes|[spread] p2a,p2b\n|-resisted|p2b: RAD DOGS\n|-damage|p2a: metal pipes|5\/100\n|-damage|p2b: RAD DOGS|54\/100\n|\n|-weather|SunnyDay|[upkeep]\n|upkeep\n|\n|t:|1681669071\n|switch|p1b: Great Tusk|Great Tusk, L50|100\/100\n|-activate|p1b: Great Tusk|ability: Protosynthesis\n|-start|p1b: Great Tusk|protosynthesisatk\n|turn|2\n|\n|t:|1681669084\n|switch|p1a: Chien-Pao|Chien-Pao, L50|100\/100\n|-ability|p1a: Chien-Pao|Sword of Ruin\n|move|p2b: RAD DOGS|Protect|p2b: RAD DOGS\n|-singleturn|p2b: RAD DOGS|Protect\n|move|p1b: Great Tusk|Rock Slide|p2b: RAD DOGS|[spread] p2a\n|-activate|p2b: RAD DOGS|move: Protect\n|-resisted|p2a: metal pipes\n|-damage|p2a: metal pipes|0 fnt\n|faint|p2a: metal pipes\n|-end|p2a: metal pipes|Quark Drive|[silent]\n|\n|-weather|SunnyDay|[upkeep]\n|upkeep\n|\n|t:|1681669103\n|switch|p2a: Cinema|Chien-Pao, L50|100\/100\n|-ability|p2a: Cinema|Sword of Ruin\n|turn|3\n|\n|t:|1681669138\n|-terastallize|p1b: Great Tusk|Steel\n|move|p1b: Great Tusk|Rock Slide|p2b: RAD DOGS|[spread] p2a\n|-miss|p1b: Great Tusk|p2b: RAD DOGS\n|-supereffective|p2a: Cinema\n|-damage|p2a: Cinema|26\/100\n|cant|p2a: Cinema|flinch\n|move|p1a: Chien-Pao|Throat Chop|p2a: Cinema\n|-resisted|p2a: Cinema\n|-damage|p2a: Cinema|0 fnt\n|faint|p2a: Cinema\n|move|p2b: RAD DOGS|Flare Blitz|p1b: Great Tusk\n|-supereffective|p1b: Great Tusk\n|-damage|p1b: Great Tusk|0 fnt\n|faint|p1b: Great Tusk\n|-end|p1b: Great Tusk|Protosynthesis|[silent]\n|-damage|p2b: RAD DOGS|21\/100|[from] Recoil\n|-enditem|p2b: RAD DOGS|Sitrus Berry|[eat]\n|-heal|p2b: RAD DOGS|46\/100|[from] item: Sitrus Berry\n|\n|-weather|SunnyDay|[upkeep]\n|upkeep\n|c|\u2606Lugiabirb|wait\n|c|\u2606ChampionLeon01|LOL\n|c|\u2606Lugiabirb|i got baited by the open team sheet\n|c|\u2606Lugiabirb|it fucking says HIDDEN POWER FIGHTING\n|c|\u2606ChampionLeon01|how\n|c|\u2606Lugiabirb|I THOUGHT THAT WAS THE TERA\n|c|\u2606ChampionLeon01|WHAT\n|c|\u2606ChampionLeon01|OMG\n|c|\u2606Lugiabirb|i didnt notice the tera right under it\n|c|\u2606Lugiabirb|im being griefed\n|c|\u2606Lugiabirb|why does it DO THAT\n|\n|t:|1681669185\n|switch|p2a: Ghost City Tokyo|Flutter Mane, L50|100\/100\n|switch|p1b: Torkoal|Torkoal, L50, F|61\/100\n|-activate|p2a: Ghost City Tokyo|ability: Protosynthesis\n|-start|p2a: Ghost City Tokyo|protosynthesisspe\n|turn|4\n|\n|t:|1681669203\n|move|p2a: Ghost City Tokyo|Protect|p2a: Ghost City Tokyo\n|-singleturn|p2a: Ghost City Tokyo|Protect\n|move|p2b: RAD DOGS|Protect|p2b: RAD DOGS\n|-singleturn|p2b: RAD DOGS|Protect\n|move|p1a: Chien-Pao|Sucker Punch||[still]\n|-fail|p1a: Chien-Pao\n|move|p1b: Torkoal|Eruption|p2a: Ghost City Tokyo|[spread] \n|-activate|p2a: Ghost City Tokyo|move: Protect\n|-activate|p2b: RAD DOGS|move: Protect\n|\n|-weather|SunnyDay|[upkeep]\n|upkeep\n|turn|5\n|\n|t:|1681669220\n|-terastallize|p2a: Ghost City Tokyo|Fairy\n|move|p2b: RAD DOGS|Extreme Speed|p1b: Torkoal\n|-damage|p1b: Torkoal|38\/100\n|move|p2a: Ghost City Tokyo|Shadow Ball|p1b: Torkoal\n|-damage|p1b: Torkoal|0 fnt\n|faint|p1b: Torkoal\n|move|p1a: Chien-Pao|Throat Chop|p2b: RAD DOGS\n|-damage|p2b: RAD DOGS|0 fnt\n|faint|p2b: RAD DOGS\n|\n|-weather|none\n|-end|p2a: Ghost City Tokyo|Protosynthesis\n|upkeep\n|-enditem|p2a: Ghost City Tokyo|Booster Energy\n|-activate|p2a: Ghost City Tokyo|ability: Protosynthesis|[fromitem]\n|-start|p2a: Ghost City Tokyo|protosynthesisspe\n|turn|6\n|\n|t:|1681669237\n|move|p2a: Ghost City Tokyo|Moonblast|p1a: Chien-Pao\n|-supereffective|p1a: Chien-Pao\n|-enditem|p1a: Chien-Pao|Focus Sash\n|-damage|p1a: Chien-Pao|1\/100\n|move|p1a: Chien-Pao|Ice Spinner|p2a: Ghost City Tokyo\n|-damage|p2a: Ghost City Tokyo|0 fnt\n|faint|p2a: Ghost City Tokyo\n|-end|p2a: Ghost City Tokyo|Protosynthesis|[silent]\n|\n|win|ChampionLeon01\n|c|\u2606Lugiabirb|gg\n|c|\u2606ChampionLeon01|g2\n|l|\u2606ChampionLeon01\n|j|\u2606ChampionLeon01\n|player|p1|ChampionLeon01|1\n","uploadtime":1681669558,"views":7,"p1id":"championleon01","p2id":"lugiabirb","formatid":"gen9vgc2023regulationc","rating":0,"private":0,"password":""}