{"id":"gen9vgc2023regulationc-1853302699","p1":"mugiwaraLux","p2":"Bacon148","format":"[Gen 9] VGC 2023 Regulation C","log":"|j|\u2606mugiwaraLux\n|j|\u2606Bacon148\n|t:|1682664294\n|gametype|doubles\n|player|p1|mugiwaraLux|1|1404\n|player|p2|Bacon148|giovanni|1400\n|teamsize|p1|6\n|teamsize|p2|6\n|gen|9\n|tier|[Gen 9] VGC 2023 Regulation C\n|rated|\n|rule|Species Clause: Limit one of each Pok\u00e9mon\n|rule|Item Clause: Limit one of each item\n|clearpoke\n|poke|p1|Palafin, L50, F|\n|poke|p1|Amoonguss, L50, M|\n|poke|p1|Flutter Mane, L50|\n|poke|p1|Arcanine, L50, M|\n|poke|p1|Chien-Pao, L50|\n|poke|p1|Roaring Moon, L50|\n|poke|p2|Talonflame, L50, M|\n|poke|p2|Rotom-Wash, L50|\n|poke|p2|Garchomp, L50, F|\n|poke|p2|Flutter Mane, L50|\n|poke|p2|Orthworm, L50, F|\n|poke|p2|Chien-Pao, L50|\n|teampreview|4\n|inactive|Battle timer is ON: inactive players will automatically lose when time's up. (requested by mugiwaraLux)\nmugiwaraLux has agreed to open team sheets.\nBacon148 has agreed to open team sheets.\n|inactive|mugiwaraLux has 60 seconds left.\n|inactive|Bacon148 has 60 seconds left.\n|\n|t:|1682664367\n|start\n|switch|p1a: Arcanine|Arcanine, L50, M|100\/100\n|switch|p1b: Palafin|Palafin, L50, F|100\/100\n|switch|p2a: Talonflame|Talonflame, L50, M|100\/100\n|switch|p2b: Orthworm|Orthworm, L50, F|100\/100\n|-ability|p1a: Arcanine|Intimidate|boost\n|-unboost|p2a: Talonflame|atk|1\n|-unboost|p2b: Orthworm|atk|1\n|turn|1\n|inactive|mugiwaraLux has 30 seconds left.\n|\n|t:|1682664395\n|-terastallize|p1b: Palafin|Water\n|move|p2a: Talonflame|Tailwind|p2a: Talonflame\n|-sidestart|p2: Bacon148|move: Tailwind\n|move|p2b: Orthworm|Shed Tail|p2b: Orthworm\n|-start|p2b: Orthworm|Substitute|[from] move: Shed Tail\n|-damage|p2b: Orthworm|50\/100\n|-enditem|p2b: Orthworm|Sitrus Berry|[eat]\n|-heal|p2b: Orthworm|75\/100|[from] item: Sitrus Berry\n|\n|t:|1682664403\n|switch|p2b: Garchomp|Garchomp, L50, F|100\/100|[from] Shed Tail\n|move|p1b: Palafin|Wave Crash|p2a: Talonflame\n|-supereffective|p2a: Talonflame\n|-damage|p2a: Talonflame|0 fnt\n|faint|p2a: Talonflame\n|-damage|p1b: Palafin|73\/100|[from] Recoil\n|move|p1a: Arcanine|Flare Blitz|p2b: Garchomp\n|-resisted|p2b: Garchomp\n|-end|p2b: Garchomp|Substitute\n|-damage|p1a: Arcanine|93\/100|[from] Recoil|[of] p2b: Garchomp\n|\n|upkeep\n|\n|t:|1682664414\n|switch|p2a: Orthworm|Orthworm, L50, F|75\/100\n|turn|2\n|\n|t:|1682664436\n|detailschange|p1b: Palafin|Palafin-Hero, L50, F, tera:Water\n|switch|p1b: Chien-Pao|Chien-Pao, L50|100\/100\n|-ability|p1b: Chien-Pao|Sword of Ruin\n|-terastallize|p2b: Garchomp|Ground\n|move|p1a: Arcanine|Protect|p1a: Arcanine\n|-singleturn|p1a: Arcanine|Protect\n|move|p2b: Garchomp|Earthquake|p1a: Arcanine|[spread] p1b\n|-activate|p1a: Arcanine|move: Protect\n|-heal|p2a: Orthworm|100\/100|[from] ability: Earth Eater|[of] p2b: Garchomp\n|-damage|p1b: Chien-Pao|5\/100\n|-damage|p2b: Garchomp|91\/100|[from] item: Life Orb\n|move|p2a: Orthworm|Iron Defense|p2a: Orthworm\n|-boost|p2a: Orthworm|def|2\n|\n|upkeep\n|turn|3\n|\n|t:|1682664457\n|move|p1b: Chien-Pao|Sucker Punch|p2b: Garchomp\n|-damage|p2b: Garchomp|41\/100\n|-damage|p1b: Chien-Pao|0 fnt|[from] ability: Rough Skin|[of] p2b: Garchomp\n|faint|p1b: Chien-Pao\n|move|p2b: Garchomp|Earthquake|p1a: Arcanine|[spread] p1a\n|-immune|p2a: Orthworm|[from] ability: Earth Eater\n|-supereffective|p1a: Arcanine\n|-damage|p1a: Arcanine|0 fnt\n|faint|p1a: Arcanine\n|-damage|p2b: Garchomp|32\/100|[from] item: Life Orb\n|move|p2a: Orthworm|Body Press|p1: Arcanine|[notarget]\n|-fail|p2a: Orthworm\n|\n|upkeep\n|\n|t:|1682664462\n|switch|p1b: Palafin|Palafin-Hero, L50, F, tera:Water|73\/100\n|switch|p1a: Roaring Moon|Roaring Moon, L50|100\/100\n|-activate|p1b: Palafin|ability: Zero to Hero\n|-enditem|p1a: Roaring Moon|Booster Energy\n|-activate|p1a: Roaring Moon|ability: Protosynthesis|[fromitem]\n|-start|p1a: Roaring Moon|protosynthesisatk\n|turn|4\n|\n|t:|1682664474\n|move|p2b: Garchomp|Protect|p2b: Garchomp\n|-singleturn|p2b: Garchomp|Protect\n|move|p1a: Roaring Moon|Protect|p1a: Roaring Moon\n|-singleturn|p1a: Roaring Moon|Protect\n|move|p1b: Palafin|Protect|p1b: Palafin\n|-singleturn|p1b: Palafin|Protect\n|move|p2a: Orthworm|Body Press|p1b: Palafin\n|-activate|p1b: Palafin|move: Protect\n|\n|-sideend|p2: Bacon148|move: Tailwind\n|upkeep\n|turn|5\n|\n|t:|1682664489\n|move|p1b: Palafin|Jet Punch|p2b: Garchomp\n|-supereffective|p2b: Garchomp\n|-damage|p2b: Garchomp|0 fnt\n|-damage|p1b: Palafin|60\/100|[from] ability: Rough Skin|[of] p2b: Garchomp\n|faint|p2b: Garchomp\n|move|p1a: Roaring Moon|Throat Chop|p2a: Orthworm\n|-damage|p2a: Orthworm|78\/100\n|-start|p2a: Orthworm|Throat Chop|[silent]\n|move|p2a: Orthworm|Body Press|p1b: Palafin\n|-crit|p1b: Palafin\n|-damage|p1b: Palafin|0 fnt\n|faint|p1b: Palafin\n|\n|upkeep\n|\n|t:|1682664498\n|switch|p2b: Rotom|Rotom-Wash, L50|100\/100\n|turn|6\n|\n|t:|1682664502\n|move|p1a: Roaring Moon|Throat Chop|p2b: Rotom\n|-damage|p2b: Rotom|37\/100\n|-start|p2b: Rotom|Throat Chop|[silent]\n|move|p2b: Rotom|Thunderbolt|p1a: Roaring Moon\n|-resisted|p1a: Roaring Moon\n|-damage|p1a: Roaring Moon|81\/100\n|move|p2a: Orthworm|Body Press|p1a: Roaring Moon\n|-supereffective|p1a: Roaring Moon\n|-damage|p1a: Roaring Moon|0 fnt\n|faint|p1a: Roaring Moon\n|-end|p1a: Roaring Moon|Protosynthesis|[silent]\n|\n|win|Bacon148\n|raw|mugiwaraLux's rating: 1404 → 1384<\/strong> (-20 for losing)\n|raw|Bacon148's rating: 1400 → 1420<\/strong> (+20 for winning)\n|c|\u2606Bacon148|gg\n|c|\u2606mugiwaraLux|gg\n","uploadtime":1682664511,"views":12,"p1id":"mugiwaralux","p2id":"bacon148","formatid":"gen9vgc2023regulationc","rating":1384,"private":0,"password":""}