{"id":"gen9vgc2023regulationc-1863613606","p1":"amor y sol","p2":"Tempest brute","format":"[Gen 9] VGC 2023 Regulation C","log":"|j|\u2606amor y sol\n|j|\u2606Tempest brute\n|t:|1684043466\n|gametype|doubles\n|player|p1|amor y sol|gambler|\n|player|p2|Tempest brute|veteran|\n|teamsize|p1|6\n|teamsize|p2|6\n|gen|9\n|tier|[Gen 9] VGC 2023 Regulation C\n|rated|Tournament battle\n|rule|Species Clause: Limit one of each Pok\u00e9mon\n|rule|Item Clause: Limit one of each item\n|clearpoke\n|poke|p1|Azumarill, L50, M|\n|poke|p1|Pelipper, L50, M|\n|poke|p1|Flutter Mane, L50|\n|poke|p1|Chi-Yu, L50|\n|poke|p1|Iron Hands, L50|\n|poke|p1|Amoonguss, L50, F|\n|poke|p2|Ting-Lu, L50|\n|poke|p2|Roaring Moon, L50|\n|poke|p2|Klefki, L50, M|\n|poke|p2|Skeledirge, L50, F|\n|poke|p2|Amoonguss, L50, F|\n|poke|p2|Rotom-Wash, L50|\n|teampreview|4\n|raw| Open Team Sheet for amor y sol<\/summary>Azumarill (M) @ Life Orb Ability: Huge Power Level: 50 Shiny: Yes Tera Type: Water - Aqua Jet - Liquidation - Play Rough - Protect Pelipper (M) @ Focus Sash Ability: Drizzle Level: 50 Shiny: Yes Tera Type: Flying - Hydro Pump - Hurricane - Wide Guard - Protect Flutter Mane @ Booster Energy Ability: Protosynthesis Level: 50 Shiny: Yes Tera Type: Fairy - Shadow Ball - Trick Room - Moonblast - Protect Chi-Yu @ Choice Specs Ability: Beads of Ruin Level: 50 Tera Type: Grass - Heat Wave - Overheat - Dark Pulse - Tera Blast Iron Hands @ Assault Vest Ability: Quark Drive Level: 50 Shiny: Yes Tera Type: Grass - Fake Out - Drain Punch - Wild Charge - Volt Switch Amoonguss (F) @ Sitrus Berry Ability: Regenerator Level: 50 Shiny: Yes Tera Type: Water - Spore - Rage Powder - Pollen Puff - Clear Smog <\/details><\/div> Open Team Sheet for Tempest brute<\/summary>Ting-Lu @ Leftovers Ability: Vessel of Ruin Level: 50 Tera Type: Water - Body Press - Throat Chop - Whirlwind - Protect Roaring Moon @ Booster Energy Ability: Protosynthesis Level: 50 Tera Type: Flying - Substitute - Acrobatics - Jaw Lock - Protect Klefki @ Light Clay Ability: Prankster Level: 50 Tera Type: Water - Reflect - Light Screen - Thunder Wave - Dazzling Gleam Skeledirge @ Sitrus Berry Ability: Unaware Level: 50 Tera Type: Fairy - Will-O-Wisp - Torch Song - Shadow Ball - Slack Off Amoonguss @ Wiki Berry Ability: Regenerator Level: 50 Tera Type: Water - Rage Powder - Spore - Pollen Puff - Protect Rotom (Rotom-Wash) @ Assault Vest Ability: Levitate Level: 50 Tera Type: Grass - Hydro Pump - Thunderbolt - Volt Switch - Foul Play <\/details><\/div>\n|c|\u2606Tempest brute|NO\n|c|\u2606amor y sol|lmao\n|c|\u2606Tempest brute|the azeu\n|c|\u2606Tempest brute|*azu\n|c|\u2606Tempest brute|how it radiates power\n|\n|t:|1684043515\n|start\n|switch|p1a: Chi-Yu|Chi-Yu, L50|100\/100\n|switch|p1b: Iron Hands|Iron Hands, L50, shiny|100\/100\n|switch|p2a: Klefki|Klefki, L50, M|100\/100\n|switch|p2b: Skeledirge|Skeledirge, L50, F|100\/100\n|-ability|p1a: Chi-Yu|Beads of Ruin\n|turn|1\n|\n|t:|1684043531\n|switch|p2a: Ting-Lu|Ting-Lu, L50|100\/100\n|-ability|p2a: Ting-Lu|Vessel of Ruin\n|move|p1b: Iron Hands|Fake Out|p2a: Ting-Lu\n|-damage|p2a: Ting-Lu|93\/100\n|move|p1a: Chi-Yu|Heat Wave|p2a: Ting-Lu|[spread] p2a,p2b\n|-resisted|p2b: Skeledirge\n|-damage|p2a: Ting-Lu|58\/100\n|-damage|p2b: Skeledirge|79\/100\n|move|p2b: Skeledirge|Will-O-Wisp|p1b: Iron Hands\n|-status|p1b: Iron Hands|brn\n|\n|-heal|p2a: Ting-Lu|64\/100|[from] item: Leftovers\n|-damage|p1b: Iron Hands|95\/100 brn|[from] brn\n|upkeep\n|turn|2\n|\n|t:|1684043548\n|move|p1a: Chi-Yu|Heat Wave|p2a: Ting-Lu|[spread] p2a,p2b\n|-resisted|p2b: Skeledirge\n|-damage|p2a: Ting-Lu|24\/100\n|-damage|p2b: Skeledirge|59\/100\n|move|p2b: Skeledirge|Slack Off|p2b: Skeledirge\n|-heal|p2b: Skeledirge|100\/100\n|move|p1b: Iron Hands|Drain Punch|p2a: Ting-Lu\n|-supereffective|p2a: Ting-Lu\n|-damage|p2a: Ting-Lu|3\/100\n|-heal|p1b: Iron Hands|100\/100 brn|[from] drain|[of] p2a: Ting-Lu\n|move|p2a: Ting-Lu|Body Press|p1a: Chi-Yu\n|-supereffective|p1a: Chi-Yu\n|-damage|p1a: Chi-Yu|38\/100\n|\n|-heal|p2a: Ting-Lu|9\/100|[from] item: Leftovers\n|-damage|p1b: Iron Hands|95\/100 brn|[from] brn\n|upkeep\n|turn|3\n|j| PoGoboy\n|j| Wottl3y\n|\n|t:|1684043561\n|move|p2a: Ting-Lu|Protect|p2a: Ting-Lu\n|-singleturn|p2a: Ting-Lu|Protect\n|move|p1a: Chi-Yu|Heat Wave|p2a: Ting-Lu|[spread] p2b\n|-activate|p2a: Ting-Lu|move: Protect\n|-resisted|p2b: Skeledirge\n|-damage|p2b: Skeledirge|77\/100\n|move|p2b: Skeledirge|Torch Song|p1b: Iron Hands\n|-damage|p1b: Iron Hands|79\/100 brn\n|-boost|p2b: Skeledirge|spa|1\n|move|p1b: Iron Hands|Volt Switch|p2b: Skeledirge\n|-damage|p2b: Skeledirge|67\/100\n|\n|t:|1684043572\n|-end|p1b: Iron Hands|Quark Drive|[silent]\n|switch|p1b: Flutter Mane|Flutter Mane, L50, shiny|100\/100|[from] Volt Switch\n|-enditem|p1b: Flutter Mane|Booster Energy\n|-activate|p1b: Flutter Mane|ability: Protosynthesis|[fromitem]\n|-start|p1b: Flutter Mane|protosynthesisspa\n|\n|-heal|p2a: Ting-Lu|15\/100|[from] item: Leftovers\n|upkeep\n|turn|4\n|\n|t:|1684043606\n|move|p1b: Flutter Mane|Shadow Ball|p2b: Skeledirge\n|-supereffective|p2b: Skeledirge\n|-damage|p2b: Skeledirge|0 fnt\n|faint|p2b: Skeledirge\n|move|p1a: Chi-Yu|Heat Wave|p2a: Ting-Lu\n|-crit|p2a: Ting-Lu\n|-damage|p2a: Ting-Lu|0 fnt\n|faint|p2a: Ting-Lu\n|\n|upkeep\n|\n|t:|1684043609\n|switch|p2b: Roaring Moon|Roaring Moon, L50|100\/100\n|switch|p2a: Klefki|Klefki, L50, M|100\/100\n|-enditem|p2b: Roaring Moon|Booster Energy\n|-activate|p2b: Roaring Moon|ability: Protosynthesis|[fromitem]\n|-start|p2b: Roaring Moon|protosynthesisspe\n|turn|5\n|\n|t:|1684043619\n|-terastallize|p2b: Roaring Moon|Flying\n|move|p2a: Klefki|Light Screen|p2a: Klefki\n|-sidestart|p2: Tempest brute|move: Light Screen\n|move|p2b: Roaring Moon|Acrobatics|p1a: Chi-Yu\n|-damage|p1a: Chi-Yu|0 fnt\n|faint|p1a: Chi-Yu\n|move|p1b: Flutter Mane|Moonblast|p2b: Roaring Moon\n|-damage|p2b: Roaring Moon|67\/100\n|-unboost|p2b: Roaring Moon|spa|1\n|\n|upkeep\n|\n|t:|1684043632\n|switch|p1a: Iron Hands|Iron Hands, L50, shiny|79\/100 brn\n|turn|6\n|\n|t:|1684043643\n|move|p2b: Roaring Moon|Protect|p2b: Roaring Moon\n|-singleturn|p2b: Roaring Moon|Protect\n|move|p1a: Iron Hands|Fake Out|p2b: Roaring Moon\n|-activate|p2b: Roaring Moon|move: Protect\n|move|p2a: Klefki|Reflect|p2a: Klefki\n|-sidestart|p2: Tempest brute|Reflect\n|move|p1b: Flutter Mane|Trick Room|p1b: Flutter Mane\n|-fieldstart|move: Trick Room|[of] p1b: Flutter Mane\n|\n|-damage|p1a: Iron Hands|73\/100 brn|[from] brn\n|upkeep\n|turn|7\n|\n|t:|1684043654\n|move|p2a: Klefki|Thunder Wave|p1b: Flutter Mane\n|-status|p1b: Flutter Mane|par\n|move|p1a: Iron Hands|Wild Charge|p2b: Roaring Moon\n|-supereffective|p2b: Roaring Moon\n|-damage|p2b: Roaring Moon|33\/100\n|-damage|p1a: Iron Hands|65\/100 brn|[from] Recoil\n|move|p1b: Flutter Mane|Moonblast|p2b: Roaring Moon\n|-damage|p2b: Roaring Moon|0 fnt\n|faint|p2b: Roaring Moon\n|-end|p2b: Roaring Moon|Protosynthesis|[silent]\n|\n|-damage|p1a: Iron Hands|59\/100 brn|[from] brn\n|upkeep\n|turn|8\n|\n|t:|1684043666\n|move|p1a: Iron Hands|Volt Switch|p2a: Klefki\n|-damage|p2a: Klefki|93\/100\n|\n|t:|1684043668\n|-end|p1a: Iron Hands|Quark Drive|[silent]\n|switch|p1a: Azumarill|Azumarill, L50, M, shiny|100\/100|[from] Volt Switch\n|move|p1b: Flutter Mane|Shadow Ball|p2a: Klefki\n|-damage|p2a: Klefki|58\/100\n|-unboost|p2a: Klefki|spd|1\n|move|p2a: Klefki|Dazzling Gleam|p1a: Azumarill|[spread] p1a,p1b\n|-damage|p1a: Azumarill|82\/100\n|-damage|p1b: Flutter Mane|85\/100 par\n|\n|upkeep\n|turn|9\n|c|\u2606Tempest brute|welp gg\n|\n|t:|1684043680\n|-terastallize|p1a: Azumarill|Water\n|move|p1a: Azumarill|Liquidation|p2a: Klefki\n|-damage|p2a: Klefki|0 fnt\n|faint|p2a: Klefki\n|-damage|p1a: Azumarill|72\/100|[from] item: Life Orb\n|\n|win|amor y sol\n|n|\u2606amor y sol|amorysol\n|n|\u2606Tempest brute|tempestbrute\n|n| PoGoboy|pogoboy\n|n| Wottl3y|wottl3y\n","uploadtime":1684043681,"views":12,"p1id":"amorysol","p2id":"tempestbrute","formatid":"gen9vgc2023regulationc","rating":0,"private":0,"password":""}