{"id":"gen9vgc2023regulationc-1862137370","p1":"Garydosses","p2":"IeroTenparansu","format":"[Gen 9] VGC 2023 Regulation C","log":"|j|\u2606Garydosses\n|j|\u2606IeroTenparansu\n|t:|1683840955\n|gametype|doubles\n|player|p1|Garydosses|102|\n|player|p2|IeroTenparansu|madame-gen4dp|\n|teamsize|p1|6\n|teamsize|p2|6\n|gen|9\n|tier|[Gen 9] VGC 2023 Regulation C\n|rated|Tournament battle\n|rule|Species Clause: Limit one of each Pok\u00e9mon\n|rule|Item Clause: Limit one of each item\n|clearpoke\n|poke|p1|Tyranitar, L50, M|\n|poke|p1|Lycanroc, L50, M|\n|poke|p1|Iron Bundle, L50|\n|poke|p1|Corviknight, L50, F|\n|poke|p1|Great Tusk, L50|\n|poke|p1|Chi-Yu, L50|\n|poke|p2|Dondozo, L50, M|\n|poke|p2|Tatsugiri, L50, F|\n|poke|p2|Chi-Yu, L50|\n|poke|p2|Iron Bundle, L50|\n|poke|p2|Flutter Mane, L50|\n|poke|p2|Glimmora, L50, M|\n|teampreview|4\n|inactive|Battle timer is ON: inactive players will automatically lose when time's up. (requested by Garydosses)\n|c|\u2606Garydosses|Why this team \ud83d\ude2d\n|c|\u2606Garydosses|Glhf\n|inactive|Garydosses has 60 seconds left.\n|inactive|Garydosses has 30 seconds left.\n|\n|t:|1683841020\n|start\n|switch|p1a: Tyrantar|Iron Bundle, L50|100\/100\n|switch|p1b: Corvinight|Chi-Yu, L50|100\/100\n|switch|p2a: Iron Bundle|Iron Bundle, L50, shiny|100\/100\n|switch|p2b: Glimmora|Glimmora, L50, M, shiny|100\/100\n|-ability|p1b: Corvinight|Beads of Ruin\n|-enditem|p2a: Iron Bundle|Booster Energy\n|-activate|p2a: Iron Bundle|ability: Quark Drive|[fromitem]\n|-start|p2a: Iron Bundle|quarkdrivespe\n|-enditem|p1a: Tyrantar|Booster Energy\n|-activate|p1a: Tyrantar|ability: Quark Drive|[fromitem]\n|-start|p1a: Tyrantar|quarkdrivespe\n|turn|1\n|\n|t:|1683841044\n|move|p1b: Corvinight|Protect|p1b: Corvinight\n|-singleturn|p1b: Corvinight|Protect\n|move|p1a: Tyrantar|Hydro Pump|p2b: Glimmora\n|-supereffective|p2b: Glimmora\n|-damage|p2b: Glimmora|5\/100\n|move|p2a: Iron Bundle|Icy Wind|p1a: Tyrantar|[spread] p1a\n|-activate|p1b: Corvinight|move: Protect\n|-resisted|p1a: Tyrantar\n|-damage|p1a: Tyrantar|88\/100\n|-unboost|p1a: Tyrantar|spe|1\n|move|p2b: Glimmora|Power Gem|p1a: Tyrantar\n|-supereffective|p1a: Tyrantar\n|-damage|p1a: Tyrantar|0 fnt\n|faint|p1a: Tyrantar\n|-end|p1a: Tyrantar|Quark Drive|[silent]\n|\n|upkeep\n|\n|t:|1683841057\n|switch|p1a: Iton bundle|Tyranitar, L50, M|100\/100\n|-weather|Sandstorm|[from] ability: Sand Stream|[of] p1a: Iton bundle\n|turn|2\n|\n|t:|1683841079\n|move|p2a: Iron Bundle|Icy Wind|p1b: Corvinight|[spread] p1a,p1b\n|-resisted|p1b: Corvinight\n|-damage|p1a: Iton bundle|89\/100\n|-damage|p1b: Corvinight|91\/100\n|-unboost|p1a: Iton bundle|spe|1\n|-unboost|p1b: Corvinight|spe|1\n|move|p2b: Glimmora|Mortal Spin|p1a: Iton bundle|[spread] p1a,p1b\n|-resisted|p1a: Iton bundle\n|-crit|p1b: Corvinight\n|-damage|p1a: Iton bundle|87\/100\n|-damage|p1b: Corvinight|84\/100\n|-status|p1a: Iton bundle|psn\n|-status|p1b: Corvinight|psn\n|move|p1b: Corvinight|Heat Wave|p2b: Glimmora|[spread] p2a,p2b\n|-resisted|p2b: Glimmora\n|-crit|p2b: Glimmora\n|-damage|p2a: Iron Bundle|0 fnt\n|-damage|p2b: Glimmora|0 fnt\n|faint|p2a: Iron Bundle\n|-end|p2a: Iron Bundle|Quark Drive|[silent]\n|faint|p2b: Glimmora\n|move|p1a: Iton bundle|Rock Slide|p2: Iron Bundle|[notarget]\n|-fail|p1a: Iton bundle\n|\n|-weather|Sandstorm|[upkeep]\n|-damage|p1b: Corvinight|71\/100 psn|[from] psn\n|-damage|p1a: Iton bundle|75\/100 psn|[from] psn\n|upkeep\n|\n|t:|1683841093\n|switch|p2a: Dondozo|Dondozo, L50, M|100\/100\n|switch|p2b: Tatsugiri|Tatsugiri, L50, F|100\/100\n|-activate|p2b: Tatsugiri|ability: Commander|[of] p2a: Dondozo\n|-boost|p2a: Dondozo|atk|2\n|-boost|p2a: Dondozo|spa|2\n|-boost|p2a: Dondozo|spe|2\n|-boost|p2a: Dondozo|def|2\n|-boost|p2a: Dondozo|spd|2\n|turn|3\n|\n|t:|1683841109\n|switch|p1a: Gret tusk|Corviknight, L50, F|100\/100\n|move|p2a: Dondozo|Protect|p2a: Dondozo\n|-singleturn|p2a: Dondozo|Protect\n|move|p1b: Corvinight|Dark Pulse|p2a: Dondozo\n|-activate|p2a: Dondozo|move: Protect\n|\n|-weather|Sandstorm|[upkeep]\n|-damage|p2b: Tatsugiri|95\/100|[from] Sandstorm\n|-damage|p2a: Dondozo|94\/100|[from] Sandstorm\n|-heal|p2a: Dondozo|100\/100|[from] item: Leftovers\n|-damage|p1b: Corvinight|59\/100 psn|[from] psn\n|upkeep\n|turn|4\n|inactive|IeroTenparansu has 30 seconds left.\n|\n|t:|1683841134\n|move|p1b: Corvinight|Protect|p1b: Corvinight\n|-singleturn|p1b: Corvinight|Protect\n|move|p2a: Dondozo|Wave Crash|p1a: Gret tusk\n|-damage|p1a: Gret tusk|26\/100\n|-damage|p2a: Dondozo|78\/100|[from] Recoil\n|move|p1a: Gret tusk|Tailwind|p1a: Gret tusk\n|-sidestart|p1: Garydosses|move: Tailwind\n|\n|-weather|Sandstorm|[upkeep]\n|-damage|p2b: Tatsugiri|89\/100|[from] Sandstorm\n|-damage|p2a: Dondozo|72\/100|[from] Sandstorm\n|-heal|p2a: Dondozo|78\/100|[from] item: Leftovers\n|-damage|p1b: Corvinight|47\/100 psn|[from] psn\n|upkeep\n|turn|5\n|l|\u2606Garydosses\n|inactive|Garydosses disconnected and has a minute to reconnect!\n|player|p1|\n|inactive|Garydosses has 30 seconds left.\n|inactive|IeroTenparansu has 30 seconds left.\n|inactive|Garydosses has 20 seconds left.\n|inactive|Garydosses has 15 seconds left.\n|inactive|Garydosses has 10 seconds left.\n|inactive|Garydosses has 5 seconds left.\n|-message|Garydosses lost due to inactivity.\n|\n|win|IeroTenparansu\n|n|\u2606IeroTenparansu|ierotenparansu\n","uploadtime":1683841195,"views":8,"p1id":"garydosses","p2id":"ierotenparansu","formatid":"gen9vgc2023regulationc","rating":0,"private":0,"password":""}