{"id":"gen9vgc2023regulationc-1849522289","p1":"EarthW27","p2":"OnHoldWithTheIRS","format":"[Gen 9] VGC 2023 Regulation C","log":"|j|\u2606EarthW27\n|j|\u2606OnHoldWithTheIRS\n|t:|1682208539\n|gametype|doubles\n|player|p1|EarthW27|piers|1140\n|player|p2|OnHoldWithTheIRS|clerk|1210\n|teamsize|p1|6\n|teamsize|p2|6\n|gen|9\n|tier|[Gen 9] VGC 2023 Regulation C\n|rated|\n|rule|Species Clause: Limit one of each Pok\u00e9mon\n|rule|Item Clause: Limit one of each item\n|clearpoke\n|poke|p1|Flutter Mane, L50|\n|poke|p1|Ceruledge, L50, F|\n|poke|p1|Tinkaton, L50, F|\n|poke|p1|Sandy Shocks, L50|\n|poke|p1|Noivern, L50, M|\n|poke|p1|Kingambit, L50, M|\n|poke|p2|Baxcalibur, L50, F|\n|poke|p2|Sandy Shocks, L50|\n|poke|p2|Klefki, L50, F|\n|poke|p2|Armarouge, L50, M|\n|poke|p2|Rotom-Wash, L50|\n|poke|p2|Meowscarada, L50, F|\n|teampreview|4\nOnHoldWithTheIRS has agreed to open team sheets.\n|\n|t:|1682208629\n|start\n|switch|p1a: Flutter Mane|Flutter Mane, L50|100\/100\n|switch|p1b: Kingambit|Kingambit, L50, M, shiny|100\/100\n|switch|p2a: Klefki|Klefki, L50, F|100\/100\n|switch|p2b: Rotom|Rotom-Wash, L50|100\/100\n|turn|1\n|\n|t:|1682208670\n|move|p2a: Klefki|Thunder Wave|p1a: Flutter Mane\n|-status|p1a: Flutter Mane|par\n|move|p2b: Rotom|Will-O-Wisp|p1b: Kingambit\n|-status|p1b: Kingambit|brn\n|move|p1a: Flutter Mane|Substitute|p1a: Flutter Mane\n|-start|p1a: Flutter Mane|Substitute\n|-damage|p1a: Flutter Mane|75\/100 par\n|move|p1b: Kingambit|Kowtow Cleave|p2b: Rotom\n|-damage|p2b: Rotom|69\/100\n|-damage|p1b: Kingambit|91\/100 brn|[from] item: Life Orb\n|\n|-heal|p1a: Flutter Mane|82\/100 par|[from] item: Leftovers\n|-damage|p1b: Kingambit|85\/100 brn|[from] brn\n|upkeep\n|turn|2\n|\n|t:|1682208701\n|move|p2a: Klefki|Reflect|p2a: Klefki\n|-sidestart|p2: OnHoldWithTheIRS|Reflect\n|move|p2b: Rotom|Thunderbolt|p1b: Kingambit\n|-damage|p1b: Kingambit|46\/100 brn\n|move|p1a: Flutter Mane|Shadow Ball|p2b: Rotom\n|-damage|p2b: Rotom|32\/100\n|-unboost|p2b: Rotom|spd|1\n|-enditem|p2b: Rotom|Sitrus Berry|[eat]\n|-heal|p2b: Rotom|57\/100|[from] item: Sitrus Berry\n|move|p1b: Kingambit|Kowtow Cleave|p2b: Rotom\n|-damage|p2b: Rotom|38\/100\n|-damage|p1b: Kingambit|36\/100 brn|[from] item: Life Orb\n|\n|-heal|p1a: Flutter Mane|88\/100 par|[from] item: Leftovers\n|-damage|p1b: Kingambit|30\/100 brn|[from] brn\n|upkeep\n|turn|3\n|\n|t:|1682208745\n|move|p2b: Rotom|Protect|p2b: Rotom\n|-singleturn|p2b: Rotom|Protect\n|move|p1b: Kingambit|Sucker Punch||[still]\n|-fail|p1b: Kingambit\n|move|p2a: Klefki|Dazzling Gleam|p1b: Kingambit|[spread] p1a,p1b\n|-activate|p1a: Flutter Mane|move: Substitute|[damage]\n|-damage|p1b: Kingambit|14\/100 brn\n|move|p1a: Flutter Mane|Shadow Ball|p2b: Rotom\n|-activate|p2b: Rotom|move: Protect\n|\n|-heal|p1a: Flutter Mane|94\/100 par|[from] item: Leftovers\n|-damage|p1b: Kingambit|8\/100 brn|[from] brn\n|upkeep\n|turn|4\n|\n|t:|1682208780\n|switch|p2b: Sandy Shocks|Sandy Shocks, L50|100\/100\n|move|p1b: Kingambit|Sucker Punch||[still]\n|-fail|p1b: Kingambit\n|move|p2a: Klefki|Dazzling Gleam|p1b: Kingambit|[spread] p1a,p1b\n|-end|p1a: Flutter Mane|Substitute\n|-damage|p1b: Kingambit|0 fnt\n|faint|p1b: Kingambit\n|move|p1a: Flutter Mane|Shadow Ball|p2b: Sandy Shocks\n|-damage|p2b: Sandy Shocks|73\/100\n|\n|-heal|p1a: Flutter Mane|100\/100 par|[from] item: Leftovers\n|upkeep\n|\n|t:|1682208815\n|switch|p1b: Ceruledge|Ceruledge, L50, F|100\/100\n|turn|5\n|\n|t:|1682208848\n|switch|p1b: Tinkaton|Tinkaton, L50, F|100\/100\n|-item|p1b: Tinkaton|Air Balloon\n|move|p2a: Klefki|Thunder Wave|p1b: Tinkaton\n|-status|p1b: Tinkaton|par\n|move|p2b: Sandy Shocks|Earth Power|p1b: Tinkaton\n|-immune|p1b: Tinkaton\n|move|p1a: Flutter Mane|Shadow Ball|p2a: Klefki\n|-damage|p2a: Klefki|68\/100\n|-unboost|p2a: Klefki|spd|1\n|\n|upkeep\n|turn|6\n|\n|t:|1682208897\n|switch|p2a: Baxcalibur|Baxcalibur, L50, F|100\/100\n|move|p1b: Tinkaton|Fake Out|p2b: Sandy Shocks\n|-damage|p2b: Sandy Shocks|68\/100\n|cant|p2b: Sandy Shocks|flinch\n|move|p1a: Flutter Mane|Shadow Ball|p2a: Baxcalibur\n|-damage|p2a: Baxcalibur|68\/100\n|\n|-sideend|p2: OnHoldWithTheIRS|Reflect\n|upkeep\n|turn|7\n|\n|t:|1682208944\n|move|p2b: Sandy Shocks|Volt Switch|p1b: Tinkaton\n|-damage|p1b: Tinkaton|70\/100 par\n|-enditem|p1b: Tinkaton|Air Balloon\n|\n|t:|1682208949\n|-end|p2b: Sandy Shocks|Protosynthesis|[silent]\n|switch|p2b: Klefki|Klefki, L50, F|68\/100|[from] Volt Switch\n|move|p2a: Baxcalibur|Icicle Spear|p1a: Flutter Mane\n|-damage|p1a: Flutter Mane|79\/100 par\n|-damage|p1a: Flutter Mane|60\/100 par\n|-damage|p1a: Flutter Mane|39\/100 par\n|-damage|p1a: Flutter Mane|18\/100 par\n|-damage|p1a: Flutter Mane|0 fnt\n|faint|p1a: Flutter Mane\n|-end|p1a: Flutter Mane|Protosynthesis|[silent]\n|-hitcount|p1: Flutter Mane|5\n|move|p1b: Tinkaton|Rock Slide|p2a: Baxcalibur|[spread] p2a,p2b\n|-supereffective|p2a: Baxcalibur\n|-resisted|p2b: Klefki\n|-damage|p2a: Baxcalibur|48\/100\n|-damage|p2b: Klefki|61\/100\n|\n|upkeep\n|\n|t:|1682208962\n|switch|p1a: Ceruledge|Ceruledge, L50, F|100\/100\n|turn|8\n|\n|t:|1682209054\n|-terastallize|p1a: Ceruledge|Grass\n|-terastallize|p2b: Klefki|Water\n|move|p2b: Klefki|Reflect|p2b: Klefki\n|-sidestart|p2: OnHoldWithTheIRS|Reflect\n|move|p1a: Ceruledge|Bitter Blade|p2b: Klefki\n|-resisted|p2b: Klefki\n|-damage|p2b: Klefki|48\/100\n|move|p2a: Baxcalibur|Glaive Rush|p1a: Ceruledge\n|-damage|p1a: Ceruledge|36\/100\n|-singlemove|p2a: Baxcalibur|Glaive Rush|[silent]\n|move|p1b: Tinkaton|Rock Slide|p2b: Klefki|[spread] p2a,p2b\n|-supereffective|p2a: Baxcalibur\n|-damage|p2a: Baxcalibur|21\/100\n|-damage|p2b: Klefki|40\/100\n|\n|upkeep\n|turn|9\n|\n|t:|1682209082\n|move|p2a: Baxcalibur|Ice Shard|p1a: Ceruledge\n|-supereffective|p1a: Ceruledge\n|-damage|p1a: Ceruledge|0 fnt\n|faint|p1a: Ceruledge\n|move|p2b: Klefki|Dazzling Gleam|p1b: Tinkaton\n|-resisted|p1b: Tinkaton\n|-damage|p1b: Tinkaton|61\/100 par\n|move|p1b: Tinkaton|Rock Slide|p2a: Baxcalibur|[spread] p2a,p2b\n|-supereffective|p2a: Baxcalibur\n|-damage|p2a: Baxcalibur|9\/100\n|-damage|p2b: Klefki|32\/100\n|\n|upkeep\n|turn|10\n|\n|t:|1682209110\n|move|p2a: Baxcalibur|Icicle Spear|p1b: Tinkaton\n|-resisted|p1b: Tinkaton\n|-damage|p1b: Tinkaton|54\/100 par\n|-resisted|p1b: Tinkaton\n|-damage|p1b: Tinkaton|47\/100 par\n|-resisted|p1b: Tinkaton\n|-damage|p1b: Tinkaton|41\/100 par\n|-resisted|p1b: Tinkaton\n|-damage|p1b: Tinkaton|34\/100 par\n|-hitcount|p1b: Tinkaton|4\n|move|p2b: Klefki|Dazzling Gleam|p1b: Tinkaton\n|-resisted|p1b: Tinkaton\n|-damage|p1b: Tinkaton|24\/100 par\n|move|p1b: Tinkaton|Rock Slide|p2b: Klefki|[spread] p2a,p2b\n|-supereffective|p2a: Baxcalibur\n|-damage|p2a: Baxcalibur|0 fnt\n|-damage|p2b: Klefki|23\/100\n|faint|p2a: Baxcalibur\n|\n|upkeep\n|\n|t:|1682209125\n|switch|p2a: Sandy Shocks|Sandy Shocks, L50|68\/100\n|turn|11\n|\n|t:|1682209131\n|move|p2b: Klefki|Rest|p2b: Klefki\n|-status|p2b: Klefki|slp|[from] move: Rest\n|-heal|p2b: Klefki|100\/100 slp|[silent]\n|-enditem|p2b: Klefki|Chesto Berry|[eat]\n|-curestatus|p2b: Klefki|slp|[msg]\n|move|p2a: Sandy Shocks|Earth Power|p1b: Tinkaton\n|-supereffective|p1b: Tinkaton\n|-damage|p1b: Tinkaton|0 fnt\n|faint|p1b: Tinkaton\n|\n|win|OnHoldWithTheIRS\n|raw|EarthW27's rating: 1140 → 1120<\/strong> (-20 for losing)\n|raw|OnHoldWithTheIRS's rating: 1210 → 1230<\/strong> (+20 for winning)\n","uploadtime":1682209143,"views":8,"p1id":"earthw27","p2id":"onholdwiththeirs","formatid":"gen9vgc2023regulationc","rating":1120,"private":0,"password":""}