{"id":"gen9vgc2023regulationc-1846212066","p1":"haha u rage quit","p2":"RmT_827864","format":"[Gen 9] VGC 2023 Regulation C","log":"|j|\u2606haha u rage quit\n|j|\u2606RmT_827864\n|t:|1681821751\n|gametype|doubles\n|player|p1|haha u rage quit|pokemaniac|1221\n|player|p2|RmT_827864|170|1121\n|teamsize|p1|6\n|teamsize|p2|6\n|gen|9\n|tier|[Gen 9] VGC 2023 Regulation C\n|rated|\n|rule|Species Clause: Limit one of each Pok\u00e9mon\n|rule|Item Clause: Limit one of each item\n|clearpoke\n|poke|p1|Amoonguss, L50, M|\n|poke|p1|Flutter Mane, L50|\n|poke|p1|Great Tusk, L50|\n|poke|p1|Iron Bundle, L50|\n|poke|p1|Baxcalibur, L50, M|\n|poke|p1|Palafin, L50, M|\n|poke|p2|Chien-Pao, L50|\n|poke|p2|Amoonguss, L50, M|\n|poke|p2|Wo-Chien, L50|\n|poke|p2|Ting-Lu, L50|\n|poke|p2|Baxcalibur, L50, F|\n|poke|p2|Abomasnow, L50, M|\n|teampreview|4\n|inactive|Battle timer is ON: inactive players will automatically lose when time's up. (requested by haha u rage quit)\n|\n|t:|1681821811\n|start\n|switch|p1a: Palafin|Palafin, L50, M|100\/100\n|switch|p1b: Great Tusk|Great Tusk, L50, shiny|100\/100\n|switch|p2a: Ting-Lu|Ting-Lu, L50|100\/100\n|switch|p2b: Amoonguss|Amoonguss, L50, M|100\/100\n|-ability|p2a: Ting-Lu|Vessel of Ruin\n|turn|1\n|inactive|haha u rage quit has 30 seconds left.\n|inactive|RmT_827864 has 30 seconds left.\n|\n|t:|1681821844\n|-terastallize|p1a: Palafin|Water\n|move|p1b: Great Tusk|Ice Spinner|p2b: Amoonguss\n|-supereffective|p2b: Amoonguss\n|-damage|p2b: Amoonguss|37\/100\n|-damage|p1b: Great Tusk|91\/100|[from] item: Life Orb\n|move|p1a: Palafin|Wave Crash|p2b: Amoonguss\n|-resisted|p2b: Amoonguss\n|-damage|p2b: Amoonguss|10\/100\n|-damage|p1a: Palafin|91\/100|[from] Recoil\n|move|p2a: Ting-Lu|Ruination|p1b: Great Tusk\n|-damage|p1b: Great Tusk|46\/100\n|move|p2b: Amoonguss|Spore|p1a: Palafin\n|-status|p1a: Palafin|slp|[from] move: Spore\n|\n|upkeep\n|turn|2\n|inactive|haha u rage quit has 30 seconds left.\n|inactive|RmT_827864 has 30 seconds left.\n|\n|t:|1681821875\n|switch|p2b: Baxcalibur|Baxcalibur, L50, F|100\/100\n|move|p1b: Great Tusk|Close Combat|p2a: Ting-Lu\n|-supereffective|p2a: Ting-Lu\n|-damage|p2a: Ting-Lu|4\/100\n|-unboost|p1b: Great Tusk|def|1\n|-unboost|p1b: Great Tusk|spd|1\n|-damage|p1b: Great Tusk|36\/100|[from] item: Life Orb\n|cant|p1a: Palafin|slp\n|move|p2a: Ting-Lu|Ruination|p1a: Palafin\n|-damage|p1a: Palafin|46\/100 slp\n|\n|upkeep\n|turn|3\n|inactive|haha u rage quit has 30 seconds left.\n|inactive|RmT_827864 has 30 seconds left.\n|inactive|haha u rage quit has 20 seconds left.\n|inactive|RmT_827864 has 20 seconds left.\n|\n|t:|1681821915\n|detailschange|p1a: Palafin|Palafin-Hero, L50, M, tera:Water\n|switch|p1a: Baxcalibur|Baxcalibur, L50, M|100\/100\n|move|p1b: Great Tusk|Close Combat|p2b: Baxcalibur\n|-supereffective|p2b: Baxcalibur\n|-damage|p2b: Baxcalibur|0 fnt\n|-unboost|p1b: Great Tusk|def|1\n|-unboost|p1b: Great Tusk|spd|1\n|faint|p2b: Baxcalibur\n|-damage|p1b: Great Tusk|26\/100|[from] item: Life Orb\n|move|p2a: Ting-Lu|Body Press|p1b: Great Tusk\n|-damage|p1b: Great Tusk|0 fnt\n|faint|p1b: Great Tusk\n|-end|p1b: Great Tusk|Protosynthesis|[silent]\n|\n|upkeep\n|inactive|RmT_827864 has 30 seconds left.\n|inactive|RmT_827864 has 20 seconds left.\n|\n|t:|1681821951\n|switch|p1b: Amoonguss|Amoonguss, L50, M|100\/100\n|switch|p2b: Amoonguss|Amoonguss, L50, M|43\/100\n|turn|4\n|inactive|RmT_827864 has 30 seconds left.\n|\n|t:|1681821984\n|move|p1b: Amoonguss|Rage Powder|p1b: Amoonguss\n|-singleturn|p1b: Amoonguss|move: Rage Powder\n|move|p2b: Amoonguss|Rage Powder|p2b: Amoonguss\n|-singleturn|p2b: Amoonguss|move: Rage Powder\n|move|p1a: Baxcalibur|Icicle Spear|p2b: Amoonguss\n|-supereffective|p2b: Amoonguss\n|-damage|p2b: Amoonguss|17\/100\n|-supereffective|p2b: Amoonguss\n|-damage|p2b: Amoonguss|0 fnt\n|faint|p2b: Amoonguss\n|-hitcount|p2: Amoonguss|2\n|move|p2a: Ting-Lu|Ruination|p1b: Amoonguss\n|-damage|p1b: Amoonguss|51\/100\n|\n|upkeep\n|\n|t:|1681821995\n|switch|p2b: Chien-Pao|Chien-Pao, L50|100\/100\n|-ability|p2b: Chien-Pao|Sword of Ruin\n|turn|5\n|inactive|RmT_827864 has 30 seconds left.\n|\n|t:|1681822025\n|-terastallize|p2b: Chien-Pao|Dark\n|move|p1a: Baxcalibur|Protect|p1a: Baxcalibur\n|-singleturn|p1a: Baxcalibur|Protect\n|move|p2b: Chien-Pao|Sucker Punch||[still]\n|-fail|p2b: Chien-Pao\n|move|p2a: Ting-Lu|Body Press|p1b: Amoonguss\n|-resisted|p1b: Amoonguss\n|-damage|p1b: Amoonguss|38\/100\n|-enditem|p1b: Amoonguss|Sitrus Berry|[eat]\n|-heal|p1b: Amoonguss|63\/100|[from] item: Sitrus Berry\n|move|p1b: Amoonguss|Pollen Puff|p2b: Chien-Pao\n|-supereffective|p2b: Chien-Pao\n|-damage|p2b: Chien-Pao|59\/100\n|\n|upkeep\n|turn|6\n|inactive|haha u rage quit has 30 seconds left.\n|\n|t:|1681822052\n|switch|p1a: Palafin|Palafin-Hero, L50, M, tera:Water|46\/100 slp\n|-activate|p1a: Palafin|ability: Zero to Hero\n|move|p2b: Chien-Pao|Sucker Punch||[still]\n|-fail|p2b: Chien-Pao\n|move|p2a: Ting-Lu|Ruination|p1a: Palafin\n|-damage|p1a: Palafin|23\/100 slp\n|move|p1b: Amoonguss|Pollen Puff|p1a: Palafin\n|-heal|p1a: Palafin|73\/100 slp\n|\n|upkeep\n|turn|7\n|-message|RmT_827864 forfeited.\n|\n|win|haha u rage quit\n|raw|haha u rage quit's rating: 1221 → 1239<\/strong> (+18 for winning)\n|raw|RmT_827864's rating: 1121 → 1103<\/strong> (-18 for losing)\n|l|\u2606RmT_827864\n","uploadtime":1681822078,"views":6,"p1id":"hahauragequit","p2id":"rmt827864","formatid":"gen9vgc2023regulationc","rating":1103,"private":0,"password":""}