{"id":"gen9vgc2023regulationc-1853130450","p1":"Cyruno","p2":"stardust_XX","format":"[Gen 9] VGC 2023 Regulation C","log":"|j|\u2606Cyruno\n|j|\u2606stardust_XX\n|t:|1682638846\n|gametype|doubles\n|player|p1|Cyruno|blue|1227\n|player|p2|stardust_XX|rosa|1288\n|teamsize|p1|6\n|teamsize|p2|6\n|gen|9\n|tier|[Gen 9] VGC 2023 Regulation C\n|rated|\n|rule|Species Clause: Limit one of each Pok\u00e9mon\n|rule|Item Clause: Limit one of each item\n|clearpoke\n|poke|p1|Scizor, L50, M|\n|poke|p1|Flutter Mane, L50|\n|poke|p1|Chien-Pao, L50|\n|poke|p1|Arcanine, L50, M|\n|poke|p1|Azumarill, L50, F|\n|poke|p1|Amoonguss, L50, M|\n|poke|p2|Ting-Lu, L50|\n|poke|p2|Chien-Pao, L50|\n|poke|p2|Flutter Mane, L50|\n|poke|p2|Dragonite, L50, M|\n|poke|p2|Amoonguss, L50, M|\n|poke|p2|Dondozo, L50, M|\n|teampreview|4\n|inactive|Battle timer is ON: inactive players will automatically lose when time's up. (requested by stardust_XX)\n|\n|t:|1682638891\n|start\n|switch|p1a: Ice Weasel|Chien-Pao, L50|100\/100\n|switch|p1b: Scissors|Scizor, L50, M|100\/100\n|switch|p2a: Ting-Lu|Ting-Lu, L50|100\/100\n|switch|p2b: Dondozo|Dondozo, L50, M|100\/100\n|-ability|p1a: Ice Weasel|Sword of Ruin\n|-ability|p2a: Ting-Lu|Vessel of Ruin\n|turn|1\n|\n|t:|1682638913\n|move|p2a: Ting-Lu|Protect|p2a: Ting-Lu\n|-singleturn|p2a: Ting-Lu|Protect\n|move|p1a: Ice Weasel|Ice Spinner|p2a: Ting-Lu\n|-activate|p2a: Ting-Lu|move: Protect\n|move|p1b: Scissors|U-turn|p2a: Ting-Lu\n|-activate|p2a: Ting-Lu|move: Protect\n|move|p2b: Dondozo|Bulldoze|p1a: Ice Weasel|[spread] p1a,p1b\n|-activate|p2a: Ting-Lu|move: Protect\n|-damage|p1a: Ice Weasel|86\/100\n|-damage|p1b: Scissors|87\/100\n|-unboost|p1a: Ice Weasel|spe|1\n|\n|upkeep\n|turn|2\n|inactive|stardust_XX has 30 seconds left.\n|inactive|stardust_XX has 20 seconds left.\n|inactive|stardust_XX has 15 seconds left.\n|\n|t:|1682638956\n|-terastallize|p2a: Ting-Lu|Water\n|move|p1a: Ice Weasel|Ice Spinner|p2a: Ting-Lu\n|-resisted|p2a: Ting-Lu\n|-damage|p2a: Ting-Lu|86\/100\n|move|p1b: Scissors|U-turn|p2b: Dondozo\n|-damage|p2b: Dondozo|70\/100\n|\n|t:|1682638962\n|switch|p1b: Misdreavus v2|Flutter Mane, L50|100\/100|[from] U-turn\n|-enditem|p1b: Misdreavus v2|Booster Energy\n|-activate|p1b: Misdreavus v2|ability: Protosynthesis|[fromitem]\n|-start|p1b: Misdreavus v2|protosynthesisspa\n|move|p2a: Ting-Lu|Heavy Slam|p1a: Ice Weasel\n|-supereffective|p1a: Ice Weasel\n|-damage|p1a: Ice Weasel|0 fnt\n|faint|p1a: Ice Weasel\n|move|p2b: Dondozo|Yawn|p1b: Misdreavus v2\n|-start|p1b: Misdreavus v2|move: Yawn|[of] p2b: Dondozo\n|\n|-heal|p2b: Dondozo|76\/100|[from] item: Leftovers\n|upkeep\n|\n|t:|1682638965\n|switch|p1a: Fido|Arcanine, L50, M|100\/100\n|-ability|p1a: Fido|Intimidate|boost\n|-fail|p2a: Ting-Lu|unboost|[from] item: Clear Amulet|[of] p2a: Ting-Lu\n|-fail|p2b: Dondozo|unboost|Attack|[from] ability: Oblivious|[of] p2b: Dondozo\n|turn|3\n|inactive|stardust_XX has 30 seconds left.\n|inactive|stardust_XX has 20 seconds left.\n|\n|t:|1682639004\n|switch|p2a: Amoonguss|Amoonguss, L50, M|100\/100\n|-terastallize|p1a: Fido|Flying\n|move|p1b: Misdreavus v2|Thunderbolt|p2a: Amoonguss\n|-resisted|p2a: Amoonguss\n|-damage|p2a: Amoonguss|84\/100\n|move|p1a: Fido|Howl|p1a: Fido|[spread] p1a,p1b\n|-boost|p1a: Fido|atk|1\n|-boost|p1b: Misdreavus v2|atk|1\n|move|p2b: Dondozo|Yawn|p1a: Fido\n|-start|p1a: Fido|move: Yawn|[of] p2b: Dondozo\n|\n|-heal|p2b: Dondozo|82\/100|[from] item: Leftovers\n|-end|p1b: Misdreavus v2|move: Yawn|[silent]\n|-status|p1b: Misdreavus v2|slp\n|upkeep\n|turn|4\n|inactive|Cyruno has 30 seconds left.\n|inactive|stardust_XX has 30 seconds left.\n|\n|t:|1682639036\n|switch|p2a: Dragonite|Dragonite, L50, M|100\/100\n|cant|p1b: Misdreavus v2|slp\n|move|p1a: Fido|Flare Blitz|p2a: Dragonite\n|-resisted|p2a: Dragonite\n|-damage|p2a: Dragonite|80\/100\n|-damage|p1a: Fido|93\/100|[from] Recoil\n|move|p2b: Dondozo|Bulldoze|p1b: Misdreavus v2|[spread] p1b\n|-immune|p2a: Dragonite\n|-immune|p1a: Fido\n|-damage|p1b: Misdreavus v2|84\/100 slp\n|-unboost|p1b: Misdreavus v2|spe|1\n|\n|-heal|p2b: Dondozo|88\/100|[from] item: Leftovers\n|-end|p1a: Fido|move: Yawn|[silent]\n|-status|p1a: Fido|slp\n|upkeep\n|turn|5\n|inactive|stardust_XX has 30 seconds left.\n|inactive|stardust_XX has 20 seconds left.\n|inactive|stardust_XX has 15 seconds left.\n|inactive|stardust_XX has 10 seconds left.\n|\n|t:|1682639084\n|cant|p1a: Fido|slp\n|move|p2a: Dragonite|Extreme Speed|p1a: Fido\n|-damage|p1a: Fido|44\/100 slp\n|cant|p1b: Misdreavus v2|slp\n|move|p2b: Dondozo|Wave Crash|p1b: Misdreavus v2\n|-damage|p1b: Misdreavus v2|11\/100 slp\n|-damage|p2b: Dondozo|74\/100|[from] Recoil\n|\n|-heal|p2b: Dondozo|80\/100|[from] item: Leftovers\n|upkeep\n|turn|6\n|inactive|Cyruno has 30 seconds left.\n|\n|t:|1682639114\n|cant|p1a: Fido|slp\n|move|p2a: Dragonite|Extreme Speed|p1a: Fido\n|-damage|p1a: Fido|0 fnt\n|faint|p1a: Fido\n|-curestatus|p1b: Misdreavus v2|slp|[msg]\n|move|p1b: Misdreavus v2|Dazzling Gleam|p2a: Dragonite|[spread] p2a,p2b\n|-supereffective|p2a: Dragonite\n|-damage|p2a: Dragonite|6\/100\n|-damage|p2b: Dondozo|51\/100\n|move|p2b: Dondozo|Wave Crash|p1b: Misdreavus v2\n|-damage|p1b: Misdreavus v2|0 fnt\n|faint|p1b: Misdreavus v2\n|-end|p1b: Misdreavus v2|Protosynthesis|[silent]\n|-damage|p2b: Dondozo|49\/100|[from] Recoil\n|\n|-heal|p2b: Dondozo|55\/100|[from] item: Leftovers\n|upkeep\n|\n|t:|1682639116\n|switch|p1b: Scissors|Scizor, L50, M|87\/100\n|turn|7\n|-message|Cyruno forfeited.\n|\n|win|stardust_XX\n|raw|Cyruno's rating: 1227 → 1206<\/strong> (-21 for losing)\n|raw|stardust_XX's rating: 1288 → 1309<\/strong> (+21 for winning)\n","uploadtime":1682639130,"views":8,"p1id":"cyruno","p2id":"stardustxx","formatid":"gen9vgc2023regulationc","rating":1206,"private":0,"password":""}