{"id":"gen9vgc2023regulationc-1845080531","p1":"sardinio","p2":"lillbro64","format":"[Gen 9] VGC 2023 Regulation C","log":"|j|\u2606sardinio\n|j|\u2606lillbro64\n|t:|1681681268\n|gametype|doubles\n|player|p1|sardinio|skier|1037\n|player|p2|lillbro64|gentleman-gen4dp|1108\n|teamsize|p1|6\n|teamsize|p2|6\n|gen|9\n|tier|[Gen 9] VGC 2023 Regulation C\n|rated|\n|rule|Species Clause: Limit one of each Pok\u00e9mon\n|rule|Item Clause: Limit one of each item\n|clearpoke\n|poke|p1|Abomasnow, L50, M|\n|poke|p1|Amoonguss, L50, F|\n|poke|p1|Iron Bundle, L50|\n|poke|p1|Chien-Pao, L50|\n|poke|p1|Gyarados, L50, F|\n|poke|p1|Iron Hands, L50|\n|poke|p2|Tyranitar, L50, F|\n|poke|p2|Grimmsnarl, L50, M|\n|poke|p2|Iron Bundle, L50|\n|poke|p2|Volcarona, L50, M|\n|poke|p2|Mimikyu, L50, M|\n|poke|p2|Palafin, L50, F|\n|teampreview|4\n|\n|t:|1681681296\n|start\n|switch|p1a: Iron Bundle|Iron Bundle, L50|100\/100\n|switch|p1b: Amoonguss|Amoonguss, L50, F|100\/100\n|switch|p2a: Tricky Rick|Grimmsnarl, L50, M|100\/100\n|switch|p2b: Tyrannis|Tyranitar, L50, F, shiny|100\/100\n|-weather|Sandstorm|[from] ability: Sand Stream|[of] p2b: Tyrannis\n|turn|1\n|\n|t:|1681681342\n|switch|p1b: Abomasnow|Abomasnow, L50, M|100\/100\n|-weather|Snow|[from] ability: Snow Warning|[of] p1b: Abomasnow\n|move|p1a: Iron Bundle|Protect|p1a: Iron Bundle\n|-singleturn|p1a: Iron Bundle|Protect\n|move|p2a: Tricky Rick|Fake Out|p1b: Abomasnow\n|-damage|p1b: Abomasnow|88\/100\n|move|p2b: Tyrannis|Rock Slide|p1b: Abomasnow|[spread] p1b\n|-activate|p1a: Iron Bundle|move: Protect\n|-supereffective|p1b: Abomasnow\n|-damage|p1b: Abomasnow|17\/100\n|-damage|p2b: Tyrannis|91\/100|[from] item: Life Orb\n|\n|-weather|Snow|[upkeep]\n|upkeep\n|turn|2\n|\n|t:|1681681375\n|move|p2b: Tyrannis|Protect|p2b: Tyrannis\n|-singleturn|p2b: Tyrannis|Protect\n|move|p2a: Tricky Rick|Metronome|p2a: Tricky Rick\n|move|p2a: Tricky Rick|Fell Stinger|p1b: Abomasnow|[from]move: Metronome\n|-supereffective|p1b: Abomasnow\n|-damage|p1b: Abomasnow|0 fnt\n|faint|p1b: Abomasnow\n|-boost|p2a: Tricky Rick|atk|3\n|move|p1a: Iron Bundle|Hydro Pump|p2b: Tyrannis\n|-activate|p2b: Tyrannis|move: Protect\n|\n|-weather|Snow|[upkeep]\n|upkeep\n|c|\u2606lillbro64|Ohp\n|\n|t:|1681681397\n|switch|p1b: Gyarados|Gyarados, L50, F|100\/100\n|-ability|p1b: Gyarados|Intimidate|boost\n|-unboost|p2a: Tricky Rick|atk|1\n|-unboost|p2b: Tyrannis|atk|1\n|turn|3\n|\n|t:|1681681416\n|switch|p2b: King-3D|Iron Bundle, L50|100\/100\n|move|p2a: Tricky Rick|Sucker Punch|p1a: Iron Bundle\n|-damage|p1a: Iron Bundle|23\/100\n|move|p1a: Iron Bundle|Hydro Pump|p2b: King-3D\n|-resisted|p2b: King-3D\n|-damage|p2b: King-3D|41\/100\n|move|p1b: Gyarados|Taunt|p2a: Tricky Rick\n|-start|p2a: Tricky Rick|move: Taunt\n|\n|-weather|Snow|[upkeep]\n|upkeep\n|turn|4\n|\n|t:|1681681434\n|-end|p1a: Iron Bundle|Quark Drive|[silent]\n|switch|p1a: Amoonguss|Amoonguss, L50, F|100\/100\n|-terastallize|p2b: King-3D|Ice\n|move|p1b: Gyarados|Protect|p1b: Gyarados\n|-singleturn|p1b: Gyarados|Protect\n|move|p2a: Tricky Rick|Sucker Punch||[still]\n|-fail|p2a: Tricky Rick\n|move|p2b: King-3D|Freeze-Dry|p1b: Gyarados\n|-activate|p1b: Gyarados|move: Protect\n|\n|-weather|Snow|[upkeep]\n|upkeep\n|turn|5\n|\n|t:|1681681464\n|move|p2b: King-3D|Protect|p2b: King-3D\n|-singleturn|p2b: King-3D|Protect\n|move|p1a: Amoonguss|Rage Powder|p1a: Amoonguss\n|-singleturn|p1a: Amoonguss|move: Rage Powder\n|move|p1b: Gyarados|Waterfall|p2b: King-3D\n|-activate|p2b: King-3D|move: Protect\n|move|p2a: Tricky Rick|Spirit Break|p1a: Amoonguss\n|-resisted|p1a: Amoonguss\n|-damage|p1a: Amoonguss|66\/100\n|-unboost|p1a: Amoonguss|spa|1\n|\n|-weather|none\n|upkeep\n|turn|6\n|\n|t:|1681681494\n|-end|p2b: King-3D|Quark Drive|[silent]\n|switch|p2b: Remy|Mimikyu, L50, M|100\/100\n|move|p1a: Amoonguss|Rage Powder|p1a: Amoonguss\n|-singleturn|p1a: Amoonguss|move: Rage Powder\n|move|p1b: Gyarados|Waterfall|p2b: Remy\n|-activate|p2b: Remy|ability: Disguise\n|-damage|p2b: Remy|100\/100\n|detailschange|p2b: Remy|Mimikyu-Busted, L50, M\n|-damage|p2b: Remy|88\/100|[from] pokemon: Mimikyu-Busted\n|move|p2a: Tricky Rick|Spirit Break|p1a: Amoonguss\n|-resisted|p1a: Amoonguss\n|-damage|p1a: Amoonguss|29\/100\n|-unboost|p1a: Amoonguss|spa|1\n|\n|-end|p2a: Tricky Rick|move: Taunt\n|upkeep\n|turn|7\n|\n|t:|1681681529\n|move|p2b: Remy|Play Rough|p1b: Gyarados\n|-damage|p1b: Gyarados|62\/100\n|move|p1b: Gyarados|Thunder Wave|p2b: Remy\n|-status|p2b: Remy|par\n|-enditem|p2b: Remy|Lum Berry|[eat]\n|-curestatus|p2b: Remy|par|[msg]\n|move|p2a: Tricky Rick|Spirit Break|p1a: Amoonguss\n|-resisted|p1a: Amoonguss\n|-damage|p1a: Amoonguss|0 fnt\n|faint|p1a: Amoonguss\n|\n|upkeep\n|-message|sardinio forfeited.\n|\n|win|lillbro64\n|raw|sardinio's rating: 1037 → 1025<\/strong> (-12 for losing)\n|raw|lillbro64's rating: 1108 → 1128<\/strong> (+20 for winning)\n|l|\u2606sardinio\n","uploadtime":1681681548,"views":8,"p1id":"sardinio","p2id":"lillbro64","formatid":"gen9vgc2023regulationc","rating":1025,"private":0,"password":""}