{"id":"gen9vgc2023regulationc-1856152303","p1":"JumpluffGoodCopium","p2":"KingWhaledon","format":"[Gen 9] VGC 2023 Regulation C","log":"|j|\u2606JumpluffGoodCopium\n|j|\u2606KingWhaledon\n|t:|1683035491\n|gametype|doubles\n|player|p1|JumpluffGoodCopium|dawn-gen4pt|1119\n|player|p2|KingWhaledon|giovanni|1000\n|teamsize|p1|6\n|teamsize|p2|6\n|gen|9\n|tier|[Gen 9] VGC 2023 Regulation C\n|rated|\n|rule|Species Clause: Limit one of each Pok\u00e9mon\n|rule|Item Clause: Limit one of each item\n|clearpoke\n|poke|p1|Jumpluff, L50, F|\n|poke|p1|Torkoal, L50, M|\n|poke|p1|Flutter Mane, L50|\n|poke|p1|Amoonguss, L50, F|\n|poke|p1|Garganacl, L50, F|\n|poke|p1|Chi-Yu, L50|\n|poke|p2|Dragapult, L50, M|\n|poke|p2|Garchomp, L50, M|\n|poke|p2|Salamence, L50, M|\n|poke|p2|Tyranitar, L50, M|\n|poke|p2|Hydreigon, L50, M|\n|poke|p2|Haxorus, L50, M|\n|teampreview|4\n|inactive|Battle timer is ON: inactive players will automatically lose when time's up. (requested by KingWhaledon)\nJumpluffGoodCopium has agreed to open team sheets.\n|\n|t:|1683035521\n|start\n|switch|p1a: Jumpluff|Jumpluff, L50, F|100\/100\n|switch|p1b: Torkoal|Torkoal, L50, M|100\/100\n|switch|p2a: Haxorus|Haxorus, L50, M, shiny|100\/100\n|switch|p2b: Tyranitar|Tyranitar, L50, M|100\/100\n|-ability|p2a: Haxorus|Mold Breaker\n|-weather|SunnyDay|[from] ability: Drought|[of] p1b: Torkoal\n|-weather|Sandstorm|[from] ability: Sand Stream|[of] p2b: Tyranitar\n|turn|1\n|\n|t:|1683035538\n|switch|p1b: Amoonguss|Amoonguss, L50, F|100\/100\n|move|p2a: Haxorus|Trailblaze|p2b: Tyranitar\n|-supereffective|p2b: Tyranitar\n|-damage|p2b: Tyranitar|72\/100\n|-boost|p2a: Haxorus|spe|1\n|-enditem|p2b: Tyranitar|Weakness Policy\n|-boost|p2b: Tyranitar|atk|2|[from] item: Weakness Policy\n|-boost|p2b: Tyranitar|spa|2|[from] item: Weakness Policy\n|move|p1a: Jumpluff|Tailwind|p1a: Jumpluff\n|-sidestart|p1: JumpluffGoodCopium|move: Tailwind\n|move|p2b: Tyranitar|Rock Slide|p1a: Jumpluff|[spread] p1a\n|-miss|p2b: Tyranitar|p1b: Amoonguss\n|-supereffective|p1a: Jumpluff\n|-damage|p1a: Jumpluff|0 fnt\n|faint|p1a: Jumpluff\n|\n|-weather|Sandstorm|[upkeep]\n|-damage|p2a: Haxorus|95\/100|[from] Sandstorm\n|-damage|p1b: Amoonguss|95\/100|[from] Sandstorm\n|upkeep\n|\n|t:|1683035549\n|switch|p1a: Torkoal|Torkoal, L50, M|100\/100\n|-weather|SunnyDay|[from] ability: Drought|[of] p1a: Torkoal\n|turn|2\n|\n|t:|1683035568\n|move|p2a: Haxorus|Breaking Swipe|p1b: Amoonguss|[spread] p1a,p1b\n|-damage|p1a: Torkoal|78\/100\n|-damage|p1b: Amoonguss|69\/100\n|-unboost|p1a: Torkoal|atk|1\n|-unboost|p1b: Amoonguss|atk|1\n|move|p1a: Torkoal|Solar Beam||[still]\n|-prepare|p1a: Torkoal|Solar Beam\n|-anim|p1a: Torkoal|Solar Beam|p2b: Tyranitar\n|-supereffective|p2b: Tyranitar\n|-damage|p2b: Tyranitar|8\/100\n|move|p1b: Amoonguss|Spore|p2a: Haxorus\n|-status|p2a: Haxorus|slp|[from] move: Spore\n|move|p2b: Tyranitar|Rock Slide|p1b: Amoonguss|[spread] p1b\n|-miss|p2b: Tyranitar|p1a: Torkoal\n|-damage|p1b: Amoonguss|1\/100\n|-enditem|p1b: Amoonguss|Sitrus Berry|[eat]\n|-heal|p1b: Amoonguss|26\/100|[from] item: Sitrus Berry\n|\n|-weather|SunnyDay|[upkeep]\n|upkeep\n|turn|3\n|\n|t:|1683035586\n|switch|p1a: Flutter Mane|Flutter Mane, L50|100\/100\n|-activate|p1a: Flutter Mane|ability: Protosynthesis\n|-start|p1a: Flutter Mane|protosynthesisspa\n|cant|p2a: Haxorus|slp\n|move|p1b: Amoonguss|Pollen Puff|p2b: Tyranitar\n|-supereffective|p2b: Tyranitar\n|-damage|p2b: Tyranitar|0 fnt\n|faint|p2b: Tyranitar\n|\n|-weather|SunnyDay|[upkeep]\n|upkeep\n|\n|t:|1683035597\n|switch|p2b: Garchomp|Garchomp, L50, M|100\/100\n|turn|4\n|\n|t:|1683035619\n|move|p2b: Garchomp|Protect|p2b: Garchomp\n|-singleturn|p2b: Garchomp|Protect\n|move|p1a: Flutter Mane|Substitute|p1a: Flutter Mane\n|-start|p1a: Flutter Mane|Substitute\n|-damage|p1a: Flutter Mane|76\/100\n|cant|p2a: Haxorus|slp\n|move|p1b: Amoonguss|Spore|p2b: Garchomp\n|-activate|p2b: Garchomp|move: Protect\n|\n|-weather|SunnyDay|[upkeep]\n|-sideend|p1: JumpluffGoodCopium|move: Tailwind\n|upkeep\n|turn|5\n|inactive|JumpluffGoodCopium has 30 seconds left.\n|\n|t:|1683035644\n|-terastallize|p2b: Garchomp|Ground\n|move|p1b: Amoonguss|Protect|p1b: Amoonguss\n|-singleturn|p1b: Amoonguss|Protect\n|-curestatus|p2a: Haxorus|slp|[msg]\n|move|p2a: Haxorus|Breaking Swipe|p1b: Amoonguss|[spread] \n|-activate|p1b: Amoonguss|move: Protect\n|-immune|p1a: Flutter Mane\n|move|p1a: Flutter Mane|Moonblast|p2b: Garchomp\n|-damage|p2b: Garchomp|21\/100\n|-unboost|p2b: Garchomp|spa|1\n|move|p2b: Garchomp|Earthquake|p1b: Amoonguss|[spread] p2a,p1a\n|-activate|p1b: Amoonguss|move: Protect\n|-end|p1a: Flutter Mane|Substitute\n|-damage|p2a: Haxorus|28\/100\n|\n|-weather|SunnyDay|[upkeep]\n|upkeep\n|turn|6\n|\n|t:|1683035670\n|move|p2a: Haxorus|Breaking Swipe|p1a: Flutter Mane|[spread] p1b\n|-immune|p1a: Flutter Mane\n|-damage|p1b: Amoonguss|0 fnt\n|faint|p1b: Amoonguss\n|move|p1a: Flutter Mane|Moonblast|p2b: Garchomp\n|-damage|p2b: Garchomp|0 fnt\n|faint|p2b: Garchomp\n|\n|-weather|none\n|-end|p1a: Flutter Mane|Protosynthesis\n|upkeep\n|-enditem|p1a: Flutter Mane|Booster Energy\n|-activate|p1a: Flutter Mane|ability: Protosynthesis|[fromitem]\n|-start|p1a: Flutter Mane|protosynthesisspa\n|\n|t:|1683035674\n|switch|p2b: Dragapult|Dragapult, L50, M|100\/100\n|switch|p1b: Torkoal|Torkoal, L50, M|78\/100\n|-weather|SunnyDay|[from] ability: Drought|[of] p1b: Torkoal\n|turn|7\n|\n|t:|1683035694\n|-terastallize|p1a: Flutter Mane|Fairy\n|move|p2a: Haxorus|Earthquake|p1b: Torkoal|[spread] p2b,p1a,p1b\n|-supereffective|p1b: Torkoal\n|-damage|p2b: Dragapult|59\/100\n|-damage|p1a: Flutter Mane|14\/100\n|-damage|p1b: Torkoal|27\/100\n|move|p2b: Dragapult|Phantom Force||[still]\n|-prepare|p2b: Dragapult|Phantom Force\n|move|p1a: Flutter Mane|Moonblast|p2b: Dragapult|[miss]\n|-miss|p1a: Flutter Mane|p2b: Dragapult\n|move|p1b: Torkoal|Heat Wave|p2b: Dragapult|[spread] p2a\n|-miss|p1b: Torkoal|p2b: Dragapult\n|-resisted|p2a: Haxorus\n|-damage|p2a: Haxorus|0 fnt\n|faint|p2a: Haxorus\n|\n|-weather|SunnyDay|[upkeep]\n|upkeep\n|turn|8\n|\n|t:|1683035707\n|move|p2b: Dragapult|Phantom Force|p1a: Flutter Mane|[from]lockedmove\n|-damage|p1a: Flutter Mane|0 fnt\n|faint|p1a: Flutter Mane\n|-end|p1a: Flutter Mane|Protosynthesis|[silent]\n|-damage|p2b: Dragapult|50\/100|[from] item: Life Orb\n|move|p1b: Torkoal|Heat Wave|p2b: Dragapult\n|-resisted|p2b: Dragapult\n|-damage|p2b: Dragapult|4\/100\n|-status|p2b: Dragapult|brn\n|\n|-weather|SunnyDay|[upkeep]\n|-damage|p2b: Dragapult|0 fnt|[from] brn\n|faint|p2b: Dragapult\n|\n|win|JumpluffGoodCopium\n|upkeep\n|raw|JumpluffGoodCopium's rating: 1119 → 1136<\/strong> (+17 for winning)\n|raw|KingWhaledon's rating: 1000 → 1000<\/strong> (+0 for losing)\n|l|\u2606KingWhaledon\n","uploadtime":1683035723,"views":7,"p1id":"jumpluffgoodcopium","p2id":"kingwhaledon","formatid":"gen9vgc2023regulationc","rating":1000,"private":0,"password":""}