{"id":"gen9vgc2023regulationc-1852352999","p1":"Polleria San Juan","p2":"HoldaUno","format":"[Gen 9] VGC 2023 Regulation C","log":"|j|\u2606Polleria San Juan\n|j|\u2606HoldaUno\n|t:|1682547265\n|gametype|doubles\n|player|p1|Polleria San Juan|1|1062\n|player|p2|HoldaUno|102|1003\n|teamsize|p1|6\n|teamsize|p2|6\n|gen|9\n|tier|[Gen 9] VGC 2023 Regulation C\n|rated|\n|rule|Species Clause: Limit one of each Pok\u00e9mon\n|rule|Item Clause: Limit one of each item\n|clearpoke\n|poke|p1|Farigiraf, L50, M|\n|poke|p1|Torkoal, L50, M|\n|poke|p1|Lilligant, L50, F|\n|poke|p1|Brute Bonnet, L50|\n|poke|p1|Flutter Mane, L50|\n|poke|p1|Hariyama, L50, F|\n|poke|p2|Mudbray, L50, F|\n|poke|p2|Gengar, L50, F|\n|poke|p2|Ting-Lu, L50|\n|poke|p2|Lycanroc-Midnight, L50, M|\n|poke|p2|Indeedee-F, L50, F|\n|poke|p2|Sableye, L50, M|\n|teampreview|4\n|\n|t:|1682547273\n|start\n|switch|p1a: Torkoal|Torkoal, L50, M|100\/100\n|switch|p1b: Lilligant|Lilligant, L50, F|100\/100\n|switch|p2a: Gengar|Gengar, L50, F|100\/100\n|switch|p2b: Indeedee|Indeedee-F, L50, F|100\/100\n|-fieldstart|move: Psychic Terrain|[from] ability: Psychic Surge|[of] p2b: Indeedee\n|-weather|SunnyDay|[from] ability: Drought|[of] p1a: Torkoal\n|turn|1\n|\n|t:|1682547295\n|switch|p2b: Lycanroc|Lycanroc-Midnight, L50, M, shiny|100\/100\n|move|p1a: Torkoal|Protect|p1a: Torkoal\n|-singleturn|p1a: Torkoal|Protect\n|move|p1b: Lilligant|Teeter Dance|p2b: Lycanroc|[spread] p2a,p2b\n|-activate|p1a: Torkoal|move: Protect\n|-start|p2a: Gengar|confusion\n|-start|p2b: Lycanroc|confusion\n|-activate|p2a: Gengar|confusion\n|move|p2a: Gengar|Skill Swap|p2b: Lycanroc\n|-activate|p2a: Gengar|move: Skill Swap|||[of] p2b: Lycanroc\n|\n|-weather|SunnyDay|[upkeep]\n|upkeep\n|turn|2\n|\n|t:|1682547318\n|switch|p2b: Ting-Lu|Ting-Lu, L50|100\/100\n|-ability|p2b: Ting-Lu|Vessel of Ruin\n|move|p1b: Lilligant|After You|p1a: Torkoal\n|-activate|p1a: Torkoal|move: After You\n|move|p1a: Torkoal|Eruption|p2b: Ting-Lu|[spread] p2a,p2b\n|-damage|p2a: Gengar|39\/100\n|-damage|p2b: Ting-Lu|60\/100\n|-damage|p1a: Torkoal|91\/100|[from] item: Life Orb\n|-activate|p2a: Gengar|confusion\n|-damage|p2a: Gengar|30\/100|[from] confusion\n|\n|-weather|SunnyDay|[upkeep]\n|upkeep\n|turn|3\n|\n|t:|1682547348\n|move|p1b: Lilligant|Energy Ball|p2b: Ting-Lu\n|-supereffective|p2b: Ting-Lu\n|-damage|p2b: Ting-Lu|28\/100\n|-end|p2a: Gengar|confusion\n|move|p2a: Gengar|Skill Swap|p2b: Ting-Lu\n|-activate|p2a: Gengar|move: Skill Swap|||[of] p2b: Ting-Lu\n|-ability|p2a: Gengar|Vessel of Ruin\n|move|p2b: Ting-Lu|Stomping Tantrum|p1a: Torkoal\n|-supereffective|p1a: Torkoal\n|-damage|p1a: Torkoal|26\/100\n|move|p1a: Torkoal|Eruption|p2b: Ting-Lu|[spread] p2a,p2b\n|-damage|p2a: Gengar|13\/100\n|-damage|p2b: Ting-Lu|17\/100\n|-enditem|p2a: Gengar|Aguav Berry|[eat]\n|-heal|p2a: Gengar|46\/100|[from] item: Aguav Berry\n|-damage|p1a: Torkoal|17\/100|[from] item: Life Orb\n|\n|-weather|SunnyDay|[upkeep]\n|upkeep\n|turn|4\n|\n|t:|1682547403\n|move|p1a: Torkoal|Protect|p1a: Torkoal\n|-singleturn|p1a: Torkoal|Protect\n|move|p1b: Lilligant|Teeter Dance|p2b: Ting-Lu|[spread] p2a,p2b\n|-activate|p1a: Torkoal|move: Protect\n|-start|p2a: Gengar|confusion\n|-start|p2b: Ting-Lu|confusion\n|-activate|p2b: Ting-Lu|confusion\n|move|p2b: Ting-Lu|Fissure|p1b: Lilligant\n|-enditem|p1b: Lilligant|Focus Sash\n|-damage|p1b: Lilligant|1\/100\n|-activate|p2a: Gengar|confusion\n|move|p2a: Gengar|Trick Room|p2a: Gengar\n|-fieldstart|move: Trick Room|[of] p2a: Gengar\n|\n|-weather|SunnyDay|[upkeep]\n|upkeep\n|turn|5\n|\n|t:|1682547432\n|switch|p2a: Indeedee|Indeedee-F, L50, F|100\/100\n|move|p1a: Torkoal|Earth Power|p2a: Indeedee\n|-damage|p2a: Indeedee|63\/100\n|-damage|p1a: Torkoal|7\/100|[from] item: Life Orb\n|-activate|p2b: Ting-Lu|confusion\n|-damage|p2b: Ting-Lu|9\/100|[from] confusion\n|move|p1b: Lilligant|Energy Ball|p2b: Ting-Lu\n|-supereffective|p2b: Ting-Lu\n|-damage|p2b: Ting-Lu|0 fnt\n|faint|p2b: Ting-Lu\n|\n|-weather|none\n|-fieldend|move: Psychic Terrain\n|upkeep\n|c|\u2606HoldaUno|Bru\n|\n|t:|1682547449\n|switch|p2b: Lycanroc|Lycanroc-Midnight, L50, M, shiny|100\/100\n|turn|6\n|\n|t:|1682547462\n|-terastallize|p2b: Lycanroc|Fairy\n|move|p2a: Indeedee|Follow Me|p2a: Indeedee\n|-singleturn|p2a: Indeedee|move: Follow Me\n|move|p1a: Torkoal|Earth Power|p2a: Indeedee\n|-damage|p2a: Indeedee|24\/100\n|-damage|p1a: Torkoal|0 fnt|[from] item: Life Orb\n|faint|p1a: Torkoal\n|move|p2b: Lycanroc|Play Rough|p1b: Lilligant\n|-damage|p1b: Lilligant|0 fnt\n|faint|p1b: Lilligant\n|\n|upkeep\n|\n|t:|1682547474\n|switch|p1a: Hariyama|Hariyama, L50, F|100\/100\n|switch|p1b: Melenaleteo|Flutter Mane, L50|100\/100\n|turn|7\n|\n|t:|1682547496\n|-terastallize|p1b: Melenaleteo|Psychic\n|move|p1a: Hariyama|Fake Out|p2b: Lycanroc\n|-damage|p2b: Lycanroc|84\/100\n|-enditem|p2b: Lycanroc|Eject Button\n|\n|t:|1682547501\n|switch|p2b: Gengar|Gengar, L50, F|46\/100\n|move|p2a: Indeedee|Follow Me|p2a: Indeedee\n|-singleturn|p2a: Indeedee|move: Follow Me\n|move|p1b: Melenaleteo|Tera Blast|p2a: Indeedee\n|-resisted|p2a: Indeedee\n|-damage|p2a: Indeedee|0 fnt\n|faint|p2a: Indeedee\n|\n|-status|p1a: Hariyama|brn|[from] item: Flame Orb\n|upkeep\n|\n|t:|1682547503\n|switch|p2a: Lycanroc|Lycanroc-Midnight, L50, M, shiny, tera:Fairy|84\/100\n|turn|8\n|\n|t:|1682547519\n|move|p2a: Lycanroc|Protect|p2a: Lycanroc\n|-singleturn|p2a: Lycanroc|Protect\n|move|p1a: Hariyama|Bullet Punch|p2a: Lycanroc\n|-activate|p2a: Lycanroc|move: Protect\n|move|p2b: Gengar|Perish Song|p2b: Gengar\n|-start|p1a: Hariyama|perish3|[silent]\n|-start|p1b: Melenaleteo|perish3|[silent]\n|-start|p2a: Lycanroc|perish3|[silent]\n|-start|p2b: Gengar|perish3|[silent]\n|-fieldactivate|move: Perish Song\n|move|p1b: Melenaleteo|Tera Blast|p2b: Gengar\n|-supereffective|p2b: Gengar\n|-damage|p2b: Gengar|0 fnt\n|faint|p2b: Gengar\n|\n|-damage|p1a: Hariyama|95\/100 brn|[from] brn\n|-start|p1a: Hariyama|perish3\n|-start|p2a: Lycanroc|perish3\n|-start|p1b: Melenaleteo|perish3\n|-fieldend|move: Trick Room\n|upkeep\n|turn|9\n|\n|t:|1682547534\n|move|p1a: Hariyama|Bullet Punch|p2a: Lycanroc\n|-supereffective|p2a: Lycanroc\n|-damage|p2a: Lycanroc|40\/100\n|move|p1b: Melenaleteo|Tera Blast|p2a: Lycanroc\n|-damage|p2a: Lycanroc|0 fnt\n|faint|p2a: Lycanroc\n|\n|win|Polleria San Juan\n|raw|Polleria San Juan's rating: 1062 → 1088<\/strong> (+26 for winning)\n|raw|HoldaUno's rating: 1003 → 1000<\/strong> (-3 for losing)\n|c|\u2606HoldaUno|Gg\n","uploadtime":1682547545,"views":16,"p1id":"polleriasanjuan","p2id":"holdauno","formatid":"gen9vgc2023regulationc","rating":1000,"private":0,"password":""}