{"id":"gen9vgc2023regulationc-1859034114","p1":"Mjmackin93","p2":"Damoria","format":"[Gen 9] VGC 2023 Regulation C","log":"|j|\u2606Mjmackin93\n|j|\u2606Damoria\n|t:|1683396721\n|gametype|doubles\n|player|p1|Mjmackin93|brock|1071\n|player|p2|Damoria|acetrainer-gen4dp|1137\n|teamsize|p1|6\n|teamsize|p2|6\n|gen|9\n|tier|[Gen 9] VGC 2023 Regulation C\n|rated|\n|rule|Species Clause: Limit one of each Pok\u00e9mon\n|rule|Item Clause: Limit one of each item\n|clearpoke\n|poke|p1|Gengar, L50, F|\n|poke|p1|Chansey, L50, F|\n|poke|p1|Murkrow, L50, F|\n|poke|p1|Kingambit, L50, F|\n|poke|p1|Dragonite, L50, F|\n|poke|p1|Goodra, L50, F|\n|poke|p2|Flutter Mane, L50|\n|poke|p2|Chi-Yu, L50|\n|poke|p2|Arcanine, L50, F|\n|poke|p2|Chien-Pao, L50|\n|poke|p2|Dragapult, L50, F|\n|poke|p2|Palafin, L50, M|\n|teampreview|4\n|inactive|Battle timer is ON: inactive players will automatically lose when time's up. (requested by Mjmackin93)\n|inactive|Damoria has 60 seconds left.\n|\n|t:|1683396761\n|start\n|switch|p1a: Murkrow|Murkrow, L50, F|100\/100\n|switch|p1b: Dragonite|Dragonite, L50, F|100\/100\n|switch|p2a: Dragapult|Dragapult, L50, F|100\/100\n|switch|p2b: Chien-Pao|Chien-Pao, L50|100\/100\n|-ability|p2b: Chien-Pao|Sword of Ruin\n|turn|1\n|inactive|Damoria has 30 seconds left.\n|\n|t:|1683396791\n|-terastallize|p1b: Dragonite|Normal\n|move|p2b: Chien-Pao|Sucker Punch||[still]\n|-fail|p2b: Chien-Pao\n|move|p1a: Murkrow|Tailwind|p1a: Murkrow\n|-sidestart|p1: Mjmackin93|move: Tailwind\n|move|p1b: Dragonite|Dragon Dance|p1b: Dragonite\n|-boost|p1b: Dragonite|atk|1\n|-boost|p1b: Dragonite|spe|1\n|move|p2a: Dragapult|Dragon Darts|p1b: Dragonite\n|-damage|p1b: Dragonite|68\/100\n|-anim|p2a: Dragapult|Dragon Darts|p1a: Murkrow\n|-damage|p1a: Murkrow|28\/100\n|\n|upkeep\n|turn|2\n|inactive|Mjmackin93 has 30 seconds left.\n|\n|t:|1683396816\n|-terastallize|p2b: Chien-Pao|Ghost\n|move|p2b: Chien-Pao|Sucker Punch||[still]\n|-fail|p2b: Chien-Pao\n|move|p1b: Dragonite|Roost|p1b: Dragonite\n|-heal|p1b: Dragonite|100\/100\n|move|p1a: Murkrow|Foul Play|p2a: Dragapult\n|-supereffective|p2a: Dragapult\n|-damage|p2a: Dragapult|0 fnt\n|faint|p2a: Dragapult\n|\n|upkeep\n|\n|t:|1683396831\n|switch|p2a: Arcanine|Arcanine, L50, F|100\/100\n|-ability|p2a: Arcanine|Intimidate|boost\n|-unboost|p1a: Murkrow|atk|1\n|-unboost|p1b: Dragonite|atk|1\n|turn|3\n|\n|t:|1683396844\n|move|p1a: Murkrow|Taunt|p2a: Arcanine\n|-start|p2a: Arcanine|move: Taunt\n|move|p1b: Dragonite|Dragon Dance|p1b: Dragonite\n|-boost|p1b: Dragonite|atk|1\n|-boost|p1b: Dragonite|spe|1\n|move|p2b: Chien-Pao|Ice Spinner|p1a: Murkrow\n|-supereffective|p1a: Murkrow\n|-damage|p1a: Murkrow|0 fnt\n|faint|p1a: Murkrow\n|cant|p2a: Arcanine|move: Taunt|Will-O-Wisp\n|\n|upkeep\n|\n|t:|1683396858\n|switch|p1a: Goodra|Goodra, L50, F|100\/100\n|turn|4\n|\n|t:|1683396874\n|move|p1b: Dragonite|Thunder Punch|p2b: Chien-Pao\n|-damage|p2b: Chien-Pao|41\/100\n|move|p2b: Chien-Pao|Ice Spinner|p1a: Goodra\n|-supereffective|p1a: Goodra\n|-damage|p1a: Goodra|0 fnt\n|-ability|p1a: Goodra|Gooey\n|-unboost|p2b: Chien-Pao|spe|1\n|faint|p1a: Goodra\n|move|p2a: Arcanine|Flare Blitz|p1b: Dragonite\n|-damage|p1b: Dragonite|69\/100\n|-damage|p2a: Arcanine|92\/100|[from] Recoil\n|\n|-sideend|p1: Mjmackin93|move: Tailwind\n|upkeep\n|\n|t:|1683396889\n|switch|p1a: Kingambit|Kingambit, L50, F|100\/100\n|-activate|p1a: Kingambit|ability: Supreme Overlord\n|-start|p1a: Kingambit|fallen2|[silent]\n|turn|5\n|inactive|Damoria has 30 seconds left.\n|\n|t:|1683396915\n|move|p1b: Dragonite|Extreme Speed|p2a: Arcanine\n|-damage|p2a: Arcanine|0 fnt\n|faint|p2a: Arcanine\n|move|p1a: Kingambit|Sucker Punch|p2b: Chien-Pao\n|-supereffective|p2b: Chien-Pao\n|-damage|p2b: Chien-Pao|0 fnt\n|faint|p2b: Chien-Pao\n|\n|upkeep\n|\n|t:|1683396940\n|switch|p2b: Flutter Mane|Flutter Mane, L50|100\/100\n|-enditem|p2b: Flutter Mane|Booster Energy\n|-activate|p2b: Flutter Mane|ability: Protosynthesis|[fromitem]\n|-start|p2b: Flutter Mane|protosynthesisspa\n|turn|6\n|\n|t:|1683396957\n|move|p1a: Kingambit|Sucker Punch|p2b: Flutter Mane\n|-damage|p2b: Flutter Mane|33\/100\n|move|p1b: Dragonite|Thunder Punch|p2b: Flutter Mane\n|-damage|p2b: Flutter Mane|0 fnt\n|faint|p2b: Flutter Mane\n|-end|p2b: Flutter Mane|Protosynthesis|[silent]\n|\n|win|Mjmackin93\n|raw|Mjmackin93's rating: 1071 → 1106<\/strong> (+35 for winning)\n|raw|Damoria's rating: 1137 → 1107<\/strong> (-30 for losing)\n|l|\u2606Damoria\n","uploadtime":1683396967,"views":21,"p1id":"mjmackin93","p2id":"damoria","formatid":"gen9vgc2023regulationc","rating":1106,"private":0,"password":""}