{"id":"gen9vgc2023regulationc-1848193631","p1":"WillieDangerously","p2":"Cedaxads","format":"[Gen 9] VGC 2023 Regulation C","log":"|j|\u2606WillieDangerously\n|j|\u2606Cedaxads\n|t:|1682040841\n|gametype|doubles\n|player|p1|WillieDangerously|psychic-gen4|1080\n|player|p2|Cedaxads|169|1000\n|teamsize|p1|6\n|teamsize|p2|6\n|gen|9\n|tier|[Gen 9] VGC 2023 Regulation C\n|rated|\n|rule|Species Clause: Limit one of each Pok\u00e9mon\n|rule|Item Clause: Limit one of each item\n|clearpoke\n|poke|p1|Espathra, L50, F|\n|poke|p1|Iron Bundle, L50|\n|poke|p1|Iron Valiant, L50|\n|poke|p1|Salamence, L50, M|\n|poke|p1|Scizor, L50, F|\n|poke|p1|Sandy Shocks, L50|\n|poke|p2|Dondozo, L50, M|\n|poke|p2|Tatsugiri, L50, M|\n|poke|p2|Annihilape, L50, M|\n|poke|p2|Cetitan, L50, F|\n|poke|p2|Maushold-Four, L50|\n|poke|p2|Flamigo, L50, F|\n|teampreview|4\nCedaxads rejected open team sheets.\n|\n|t:|1682040868\n|start\n|switch|p1a: Espathra|Espathra, L50, F|100\/100\n|switch|p1b: Sandy Shocks|Sandy Shocks, L50|100\/100\n|switch|p2a: Cetitan|Cetitan, L50, F, shiny|100\/100\n|switch|p2b: Maushold|Maushold-Four, L50, shiny|100\/100\n|-enditem|p1b: Sandy Shocks|Booster Energy\n|-activate|p1b: Sandy Shocks|ability: Protosynthesis|[fromitem]\n|-start|p1b: Sandy Shocks|protosynthesisspe\n|turn|1\n|\n|t:|1682040887\n|-terastallize|p1b: Sandy Shocks|Ghost\n|move|p1a: Espathra|Protect|p1a: Espathra\n|-singleturn|p1a: Espathra|Protect\n|move|p2b: Maushold|Follow Me|p2b: Maushold\n|-singleturn|p2b: Maushold|move: Follow Me\n|move|p1b: Sandy Shocks|Gravity|p1b: Sandy Shocks\n|-fieldstart|move: Gravity\n|move|p2a: Cetitan|Belly Drum|p2a: Cetitan\n|-damage|p2a: Cetitan|50\/100\n|-setboost|p2a: Cetitan|atk|6|[from] move: Belly Drum\n|-enditem|p2a: Cetitan|Sitrus Berry|[eat]\n|-heal|p2a: Cetitan|75\/100|[from] item: Sitrus Berry\n|\n|-ability|p1a: Espathra|Speed Boost|boost\n|-boost|p1a: Espathra|spe|1\n|upkeep\n|turn|2\n|inactive|Battle timer is ON: inactive players will automatically lose when time's up. (requested by Cedaxads)\n|\n|t:|1682040914\n|switch|p2b: Flamigo|Flamigo, L50, F, shiny|100\/100\n|-copyboost|p2b: Flamigo|p2a: Cetitan|[from] ability: Costar\n|move|p2a: Cetitan|Ice Shard|p1a: Espathra\n|-damage|p1a: Espathra|0 fnt\n|faint|p1a: Espathra\n|move|p1b: Sandy Shocks|Thunder|p2a: Cetitan\n|-damage|p2a: Cetitan|30\/100\n|-status|p2a: Cetitan|par\n|\n|upkeep\n|\n|t:|1682040928\n|switch|p1a: Scizor|Scizor, L50, F|100\/100\n|turn|3\n|\n|t:|1682040938\n|-terastallize|p2b: Flamigo|Steel\n|move|p1a: Scizor|Bullet Punch|p2a: Cetitan\n|-supereffective|p2a: Cetitan\n|-damage|p2a: Cetitan|0 fnt\n|faint|p2a: Cetitan\n|move|p1b: Sandy Shocks|Thunder|p2b: Flamigo\n|-damage|p2b: Flamigo|7\/100\n|move|p2b: Flamigo|Brave Bird|p1a: Scizor\n|-damage|p1a: Scizor|0 fnt\n|faint|p1a: Scizor\n|-damage|p2b: Flamigo|0 fnt|[from] Recoil\n|faint|p2b: Flamigo\n|\n|upkeep\n|\n|t:|1682040954\n|switch|p2b: Annihilape|Annihilape, L50, M, shiny|100\/100\n|switch|p1a: Iron Valiant|Iron Valiant, L50|100\/100\n|switch|p2a: Maushold|Maushold-Four, L50, shiny|100\/100\n|turn|4\n|\n|t:|1682040967\n|move|p2a: Maushold|Protect|p2a: Maushold\n|-singleturn|p2a: Maushold|Protect\n|move|p1b: Sandy Shocks|Thunder|p2a: Maushold\n|-activate|p2a: Maushold|move: Protect\n|move|p2b: Annihilape|Phantom Force||[still]\n|-prepare|p2b: Annihilape|Phantom Force\n|move|p1a: Iron Valiant|Hypnosis|p2b: Annihilape|[miss]\n|-miss|p1a: Iron Valiant|p2b: Annihilape\n|\n|upkeep\n|turn|5\n|inactive|WillieDangerously has 30 seconds left.\n|inactive|WillieDangerously has 20 seconds left.\n|inactive|WillieDangerously has 15 seconds left.\n|inactive|WillieDangerously has 10 seconds left.\n|\n|t:|1682041017\n|move|p1b: Sandy Shocks|Thunder|p2a: Maushold\n|-damage|p2a: Maushold|33\/100\n|move|p2b: Annihilape|Phantom Force|p1b: Sandy Shocks|[from]lockedmove\n|-supereffective|p1b: Sandy Shocks\n|-damage|p1b: Sandy Shocks|21\/100\n|move|p1a: Iron Valiant|Hypnosis|p2b: Annihilape\n|-status|p2b: Annihilape|slp|[from] move: Hypnosis\n|move|p2a: Maushold|Super Fang|p1a: Iron Valiant\n|-damage|p1a: Iron Valiant|50\/100\n|\n|-fieldend|move: Gravity\n|upkeep\n|turn|6\n|\n|t:|1682041037\n|move|p2a: Maushold|Follow Me|p2a: Maushold\n|-singleturn|p2a: Maushold|move: Follow Me\n|move|p1b: Sandy Shocks|Earth Power|p2a: Maushold\n|-damage|p2a: Maushold|0 fnt\n|faint|p2a: Maushold\n|cant|p2b: Annihilape|slp\n|move|p1a: Iron Valiant|Moonblast|p2b: Annihilape\n|-supereffective|p2b: Annihilape\n|-damage|p2b: Annihilape|15\/100 slp\n|\n|upkeep\n|turn|7\n|-message|Cedaxads forfeited.\n|\n|win|WillieDangerously\n|raw|WillieDangerously's rating: 1080 → 1102<\/strong> (+22 for winning)\n|raw|Cedaxads's rating: 1000 → 1000<\/strong> (+0 for losing)\n|l|\u2606Cedaxads\n","uploadtime":1682041048,"views":8,"p1id":"williedangerously","p2id":"cedaxads","formatid":"gen9vgc2023regulationc","rating":1000,"private":0,"password":""}