{"id":"gen9vgc2023regulationc-1856429184","p1":"joshdonnie","p2":"Lizardon0311","format":"[Gen 9] VGC 2023 Regulation C","log":"|j|\u2606joshdonnie\n|j|\u2606Lizardon0311\n|t:|1683060651\n|gametype|doubles\n|player|p1|joshdonnie|102|1326\n|player|p2|Lizardon0311|101|1246\n|teamsize|p1|6\n|teamsize|p2|6\n|gen|9\n|tier|[Gen 9] VGC 2023 Regulation C\n|rated|\n|rule|Species Clause: Limit one of each Pok\u00e9mon\n|rule|Item Clause: Limit one of each item\n|clearpoke\n|poke|p1|Iron Bundle, L50|\n|poke|p1|Abomasnow, L50, F|\n|poke|p1|Talonflame, L50, M|\n|poke|p1|Great Tusk, L50|\n|poke|p1|Kingambit, L50, M|\n|poke|p1|Corviknight, L50, F|\n|poke|p2|Ting-Lu, L50|\n|poke|p2|Flutter Mane, L50|\n|poke|p2|Ceruledge, L50, F|\n|poke|p2|Palafin, L50, M|\n|poke|p2|Amoonguss, L50, F|\n|poke|p2|Iron Hands, L50|\n|teampreview|4\n|inactive|Battle timer is ON: inactive players will automatically lose when time's up. (requested by Lizardon0311)\n|inactive|Lizardon0311 has 60 seconds left.\n|inactive|Lizardon0311 has 30 seconds left.\n|inactive|Lizardon0311 has 20 seconds left.\n|inactive|Lizardon0311 has 15 seconds left.\n|inactive|Lizardon0311 has 10 seconds left.\n|\n|t:|1683060734\n|start\n|switch|p1a: Iron Bundle|Iron Bundle, L50|100\/100\n|switch|p1b: Abomasnow|Abomasnow, L50, F, shiny|100\/100\n|switch|p2a: Ceruledge|Ceruledge, L50, F, shiny|100\/100\n|switch|p2b: Amoonguss|Amoonguss, L50, F, shiny|100\/100\n|-weather|Snow|[from] ability: Snow Warning|[of] p1b: Abomasnow\n|-enditem|p1a: Iron Bundle|Booster Energy\n|-activate|p1a: Iron Bundle|ability: Quark Drive|[fromitem]\n|-start|p1a: Iron Bundle|quarkdrivespe\n|turn|1\n|inactive|Lizardon0311 has 30 seconds left.\n|\n|t:|1683060760\n|switch|p2b: Iron Hands|Iron Hands, L50, shiny|100\/100\n|move|p1a: Iron Bundle|Blizzard|p2a: Ceruledge|[spread] p2a,p2b\n|-resisted|p2a: Ceruledge\n|-damage|p2a: Ceruledge|82\/100\n|-damage|p2b: Iron Hands|79\/100\n|-status|p2b: Iron Hands|frz\n|move|p2a: Ceruledge|Bulk Up|p2a: Ceruledge\n|-boost|p2a: Ceruledge|atk|1\n|-boost|p2a: Ceruledge|def|1\n|move|p1b: Abomasnow|Blizzard|p2b: Iron Hands|[spread] p2a,p2b\n|-resisted|p2a: Ceruledge\n|-damage|p2a: Ceruledge|68\/100\n|-damage|p2b: Iron Hands|64\/100 frz\n|\n|-weather|Snow|[upkeep]\n|upkeep\n|turn|2\n|inactive|Lizardon0311 has 30 seconds left.\n|\n|t:|1683060786\n|-curestatus|p2b: Iron Hands|frz|[msg]\n|move|p2b: Iron Hands|Fake Out|p1a: Iron Bundle\n|-crit|p1a: Iron Bundle\n|-damage|p1a: Iron Bundle|81\/100\n|cant|p1a: Iron Bundle|flinch\n|move|p2a: Ceruledge|Bitter Blade|p1b: Abomasnow\n|-supereffective|p1b: Abomasnow\n|-damage|p1b: Abomasnow|0 fnt\n|-heal|p2a: Ceruledge|100\/100|[from] drain|[of] p1b: Abomasnow\n|faint|p1b: Abomasnow\n|\n|-weather|Snow|[upkeep]\n|upkeep\n|\n|t:|1683060795\n|switch|p1b: Great Tusk|Great Tusk, L50|100\/100\n|turn|3\n|\n|t:|1683060810\n|-end|p2b: Iron Hands|Quark Drive|[silent]\n|switch|p2b: Amoonguss|Amoonguss, L50, F, shiny|100\/100\n|-terastallize|p1b: Great Tusk|Ground\n|move|p2a: Ceruledge|Protect|p2a: Ceruledge\n|-singleturn|p2a: Ceruledge|Protect\n|move|p1a: Iron Bundle|Aurora Veil|p1a: Iron Bundle\n|-sidestart|p1: joshdonnie|move: Aurora Veil\n|move|p1b: Great Tusk|Headlong Rush|p2a: Ceruledge\n|-activate|p2a: Ceruledge|move: Protect\n|\n|-weather|Snow|[upkeep]\n|upkeep\n|turn|4\n|\n|t:|1683060837\n|move|p2b: Amoonguss|Rage Powder|p2b: Amoonguss\n|-singleturn|p2b: Amoonguss|move: Rage Powder\n|move|p1a: Iron Bundle|Blizzard|p2b: Amoonguss|[spread] p2a,p2b\n|-resisted|p2a: Ceruledge\n|-supereffective|p2b: Amoonguss\n|-damage|p2a: Ceruledge|80\/100\n|-damage|p2b: Amoonguss|29\/100\n|-status|p2a: Ceruledge|frz\n|-enditem|p2b: Amoonguss|Sitrus Berry|[eat]\n|-heal|p2b: Amoonguss|54\/100|[from] item: Sitrus Berry\n|move|p1b: Great Tusk|Headlong Rush|p2b: Amoonguss\n|-damage|p2b: Amoonguss|0 fnt\n|-unboost|p1b: Great Tusk|def|1\n|-unboost|p1b: Great Tusk|spd|1\n|faint|p2b: Amoonguss\n|cant|p2a: Ceruledge|frz\n|\n|-weather|Snow|[upkeep]\n|upkeep\n|c|\u2606joshdonnie|brutal\n|\n|t:|1683060859\n|switch|p2b: Flutter Mane|Flutter Mane, L50, shiny|100\/100\n|turn|5\n|\n|t:|1683060867\n|-end|p1a: Iron Bundle|Quark Drive|[silent]\n|switch|p1a: Talonflame|Talonflame, L50, M|100\/100\n|-end|p2b: Flutter Mane|Protosynthesis|[silent]\n|switch|p2b: Iron Hands|Iron Hands, L50, shiny|64\/100\n|move|p1b: Great Tusk|Protect|p1b: Great Tusk\n|-singleturn|p1b: Great Tusk|Protect\n|cant|p2a: Ceruledge|frz\n|\n|-weather|none\n|upkeep\n|turn|6\n|\n|t:|1683060892\n|-terastallize|p2a: Ceruledge|Grass\n|move|p1a: Talonflame|Tailwind|p1a: Talonflame\n|-sidestart|p1: joshdonnie|move: Tailwind\n|move|p1b: Great Tusk|Earthquake|p2b: Iron Hands|[spread] p2a,p2b\n|-immune|p1a: Talonflame\n|-resisted|p2a: Ceruledge\n|-supereffective|p2b: Iron Hands\n|-damage|p2a: Ceruledge|59\/100 frz\n|-damage|p2b: Iron Hands|0 fnt\n|faint|p2b: Iron Hands\n|-end|p2b: Iron Hands|Quark Drive|[silent]\n|cant|p2a: Ceruledge|frz\n|\n|upkeep\n|\n|t:|1683060901\n|switch|p2b: Flutter Mane|Flutter Mane, L50, shiny|100\/100\n|turn|7\n|\n|t:|1683060906\n|move|p1a: Talonflame|Brave Bird|p2a: Ceruledge\n|-supereffective|p2a: Ceruledge\n|-damage|p2a: Ceruledge|0 fnt\n|faint|p2a: Ceruledge\n|-damage|p1a: Talonflame|82\/100|[from] Recoil\n|move|p1b: Great Tusk|Headlong Rush|p2b: Flutter Mane\n|-damage|p2b: Flutter Mane|0 fnt\n|-unboost|p1b: Great Tusk|def|1\n|-unboost|p1b: Great Tusk|spd|1\n|faint|p2b: Flutter Mane\n|-end|p2b: Flutter Mane|Protosynthesis|[silent]\n|\n|win|joshdonnie\n|raw|joshdonnie's rating: 1326 → 1341<\/strong> (+15 for winning)\n|raw|Lizardon0311's rating: 1246 → 1227<\/strong> (-19 for losing)\n|c|\u2606joshdonnie|gg\n|l|\u2606joshdonnie\n","uploadtime":1683060914,"views":7,"p1id":"joshdonnie","p2id":"lizardon0311","formatid":"gen9vgc2023regulationc","rating":1227,"private":0,"password":""}