{"id":"gen9vgc2023regulationc-1860096480","p1":"dashrekawanobi","p2":"CyborgCrafter","format":"[Gen 9] VGC 2023 Regulation C","log":"|j|\u2606dashrekawanobi\n|j|\u2606CyborgCrafter\n|t:|1683594769\n|gametype|doubles\n|player|p1|dashrekawanobi|elesa-gen5bw2|\n|player|p2|CyborgCrafter|hero2-conquest|\n|teamsize|p1|6\n|teamsize|p2|6\n|gen|9\n|tier|[Gen 9] VGC 2023 Regulation C\n|rule|Species Clause: Limit one of each Pok\u00e9mon\n|rule|Item Clause: Limit one of each item\n|clearpoke\n|poke|p1|Stantler, L50, M|\n|poke|p1|Kingambit, L50, F|\n|poke|p1|Hatterene, L50, F|\n|poke|p1|Indeedee-F, L50, F|\n|poke|p1|Iron Hands, L50|\n|poke|p1|Amoonguss, L50, F|\n|poke|p2|Maushold, L50|\n|poke|p2|Annihilape, L50, F|\n|poke|p2|Amoonguss, L50, F|\n|poke|p2|Rotom-Wash, L50|\n|poke|p2|Ting-Lu, L50|\n|poke|p2|Flutter Mane, L50|\n|teampreview|4\n|inactive|Battle timer is ON: inactive players will automatically lose when time's up. (requested by CyborgCrafter)\n|c|\u2606CyborgCrafter|stantler\n|c|\u2606dashrekawanobi|this is it\nCyborgCrafter has agreed to open team sheets.\ndashrekawanobi has agreed to open team sheets.\n|c|\u2606CyborgCrafter|boy is using stantler\n|c|\u2606CyborgCrafter|i have also seen this\n|c|\u2606dashrekawanobi|yes i am\n|inactive|CyborgCrafter has 60 seconds left.\n|inactiveoff|Battle timer is now OFF.\n|c|\u2606CyborgCrafter|pause for a second\n|inactive|Battle timer is ON: inactive players will automatically lose when time's up. (requested by dashrekawanobi)\n|c|\u2606CyborgCrafter|im asking help chat something\n|inactiveoff|Battle timer is now OFF.\n|j| stinkypoops\n|c|\u2606dashrekawanobi|aight\n|inactive|Battle timer is ON: inactive players will automatically lose when time's up. (requested by CyborgCrafter)\n|c| stinkypoops|yo stantler is awesome\n|c|\u2606dashrekawanobi|less goo\n|c|\u2606dashrekawanobi|yes\n|c|\u2606CyborgCrafter|somehow stantler can indeed use eviolite\n|c|\u2606dashrekawanobi|stinkypoops yes\n|c|\u2606CyborgCrafter|even tho it doesnt evolve this gen\n|c|\u2606dashrekawanobi|yes\n|\n|t:|1683594859\n|start\n|switch|p1a: Indeedee|Indeedee-F, L50, F|100\/100\n|switch|p1b: Amoonguss|Amoonguss, L50, F|100\/100\n|switch|p2a: Musehusholdning|Maushold, L50|100\/100\n|switch|p2b: Utsletteape|Annihilape, L50, F|100\/100\n|-fieldstart|move: Psychic Terrain|[from] ability: Psychic Surge|[of] p1a: Indeedee\n|-enditem|p1a: Indeedee|Psychic Seed\n|-boost|p1a: Indeedee|spd|1|[from] item: Psychic Seed\n|turn|1\n|c| stinkypoops|it does evolve, just not til home\n|c| stinkypoops|like ursaring\n|c|\u2606dashrekawanobi|i can win this\n|\n|t:|1683594882\n|switch|p2b: Motorvask|Rotom-Wash, L50|100\/100\n|move|p2a: Musehusholdning|Follow Me|p2a: Musehusholdning\n|-singleturn|p2a: Musehusholdning|move: Follow Me\n|move|p1b: Amoonguss|Rage Powder|p1b: Amoonguss\n|-singleturn|p1b: Amoonguss|move: Rage Powder\n|move|p1a: Indeedee|Trick Room|p1a: Indeedee\n|-fieldstart|move: Trick Room|[of] p1a: Indeedee\n|\n|upkeep\n|turn|2\n|c|\u2606dashrekawanobi|if i set up right\n|c|\u2606CyborgCrafter|heh\n|\n|t:|1683594904\n|move|p1a: Indeedee|Follow Me|p1a: Indeedee\n|-singleturn|p1a: Indeedee|move: Follow Me\n|move|p2a: Musehusholdning|Follow Me|p2a: Musehusholdning\n|-singleturn|p2a: Musehusholdning|move: Follow Me\n|move|p1b: Amoonguss|Spore|p2a: Musehusholdning\n|-activate|p2a: Musehusholdning|item: Safety Goggles|Spore\n|move|p2b: Motorvask|Hydro Pump|p1a: Indeedee|[miss]\n|-miss|p2b: Motorvask|p1a: Indeedee\n|\n|upkeep\n|turn|3\n|c|\u2606CyborgCrafter|._.\n|c|\u2606dashrekawanobi|what\n|c|\u2606CyborgCrafter|doesnt affect me :>\n|\n|t:|1683594925\n|switch|p1a: Stantler|Stantler, L50, M|100\/100\n|-ability|p1a: Stantler|Intimidate|boost\n|-unboost|p2a: Musehusholdning|atk|1\n|-unboost|p2b: Motorvask|atk|1\n|move|p2a: Musehusholdning|Follow Me|p2a: Musehusholdning\n|-singleturn|p2a: Musehusholdning|move: Follow Me\n|move|p1b: Amoonguss|Pollen Puff|p2a: Musehusholdning\n|-damage|p2a: Musehusholdning|76\/100\n|move|p2b: Motorvask|Hydro Pump|p1a: Stantler\n|-damage|p1a: Stantler|62\/100\n|\n|upkeep\n|turn|4\n|c|\u2606CyborgCrafter|boy is so bad\n|c|\u2606dashrekawanobi|i aint\n|c|\u2606dashrekawanobi|just watch\n|\n|t:|1683594950\n|switch|p1b: Kingambit|Kingambit, L50, F|100\/100\n|move|p1a: Stantler|Bulldoze|p2a: Musehusholdning|[spread] p1b,p2a\n|-immune|p2b: Motorvask|[from] ability: Levitate\n|-supereffective|p1b: Kingambit\n|-damage|p1b: Kingambit|89\/100\n|-damage|p2a: Musehusholdning|65\/100\n|-unboost|p1b: Kingambit|spe|1\n|-unboost|p2a: Musehusholdning|spe|1\n|-enditem|p1b: Kingambit|Weakness Policy\n|-boost|p1b: Kingambit|atk|2|[from] item: Weakness Policy\n|-boost|p1b: Kingambit|spa|2|[from] item: Weakness Policy\n|move|p2b: Motorvask|Hydro Pump|p1a: Stantler\n|-damage|p1a: Stantler|20\/100\n|move|p2a: Musehusholdning|Super Fang|p1a: Stantler\n|-damage|p1a: Stantler|10\/100\n|\n|upkeep\n|turn|5\n|c|\u2606CyborgCrafter|._.\n|inactive|dashrekawanobi has 30 seconds left.\n|\n|t:|1683594976\n|move|p2b: Motorvask|Protect|p2b: Motorvask\n|-singleturn|p2b: Motorvask|Protect\n|move|p2a: Musehusholdning|Protect|p2a: Musehusholdning\n|-singleturn|p2a: Musehusholdning|Protect\n|move|p1b: Kingambit|Kowtow Cleave|p2a: Musehusholdning\n|-activate|p2a: Musehusholdning|move: Protect\n|move|p1a: Stantler|Skill Swap|p2a: Musehusholdning\n|-activate|p2a: Musehusholdning|move: Protect\n|\n|-fieldend|move: Trick Room\n|-fieldend|move: Psychic Terrain\n|upkeep\n|turn|6\n|\n|t:|1683594994\n|switch|p1a: Indeedee|Indeedee-F, L50, F|100\/100\n|-fieldstart|move: Psychic Terrain|[from] ability: Psychic Surge|[of] p1a: Indeedee\n|move|p1b: Kingambit|Sucker Punch|p2b: Motorvask\n|-hint|Psychic Terrain doesn't affect Pok\u00e9mon immune to Ground.\n|-damage|p2b: Motorvask|41\/100\n|-enditem|p2b: Motorvask|Sitrus Berry|[eat]\n|-heal|p2b: Motorvask|65\/100|[from] item: Sitrus Berry\n|move|p2a: Musehusholdning|Super Fang|p1b: Kingambit\n|-damage|p1b: Kingambit|45\/100\n|move|p2b: Motorvask|Thunderbolt|p1a: Indeedee\n|-damage|p1a: Indeedee|59\/100\n|-status|p1a: Indeedee|par\n|\n|upkeep\n|turn|7\n|c|\u2606CyborgCrafter|para\n|c|\u2606CyborgCrafter|:D\n|c| stinkypoops|woah\n|inactive|CyborgCrafter has 30 seconds left.\n|\n|t:|1683595019\n|move|p2a: Musehusholdning|Follow Me|p2a: Musehusholdning\n|-singleturn|p2a: Musehusholdning|move: Follow Me\n|move|p1a: Indeedee|Follow Me|p1a: Indeedee\n|-singleturn|p1a: Indeedee|move: Follow Me\n|move|p2b: Motorvask|Hydro Pump|p1a: Indeedee\n|-damage|p1a: Indeedee|16\/100 par\n|move|p1b: Kingambit|Kowtow Cleave|p2a: Musehusholdning\n|-damage|p2a: Musehusholdning|0 fnt\n|faint|p2a: Musehusholdning\n|\n|upkeep\n|c|\u2606CyborgCrafter|._.\n|c|\u2606dashrekawanobi|thanks\n|c|\u2606dashrekawanobi|now\n|\n|t:|1683595034\n|switch|p2a: Utsletteape|Annihilape, L50, F|100\/100\n|turn|8\n|c| stinkypoops|I didn't realize ground immune pokes still got hit by priority on psy terrain\n|c|\u2606dashrekawanobi|idk how that happened\n|\n|t:|1683595055\n|switch|p1a: Amoonguss|Amoonguss, L50, F|100\/100\n|-terastallize|p1b: Kingambit|Flying\n|move|p2a: Utsletteape|Protect|p2a: Utsletteape\n|-singleturn|p2a: Utsletteape|Protect\n|move|p2b: Motorvask|Thunderbolt|p1a: Amoonguss\n|-resisted|p1a: Amoonguss\n|-damage|p1a: Amoonguss|83\/100\n|move|p1b: Kingambit|Tera Blast|p2a: Utsletteape\n|-activate|p2a: Utsletteape|move: Protect\n|\n|upkeep\n|turn|9\n|c|\u2606CyborgCrafter|bruh\n|c|\u2606CyborgCrafter|why\n|c|\u2606CyborgCrafter|._.\n|c|\u2606dashrekawanobi|yes\n|\n|t:|1683595079\n|move|p1a: Amoonguss|Rage Powder|p1a: Amoonguss\n|-singleturn|p1a: Amoonguss|move: Rage Powder\n|move|p2a: Utsletteape|Rage Fist|p1a: Amoonguss\n|-damage|p1a: Amoonguss|65\/100\n|move|p2b: Motorvask|Thunderbolt|p1a: Amoonguss\n|-resisted|p1a: Amoonguss\n|-damage|p1a: Amoonguss|46\/100\n|-enditem|p1a: Amoonguss|Sitrus Berry|[eat]\n|-heal|p1a: Amoonguss|71\/100|[from] item: Sitrus Berry\n|move|p1b: Kingambit|Tera Blast|p2a: Utsletteape\n|-supereffective|p2a: Utsletteape\n|-damage|p2a: Utsletteape|0 fnt\n|faint|p2a: Utsletteape\n|\n|upkeep\n|\n|t:|1683595084\n|switch|p2a: Hjort|Ting-Lu, L50|100\/100\n|-ability|p2a: Hjort|Vessel of Ruin\n|turn|10\n|\n|t:|1683595108\n|move|p2b: Motorvask|Protect|p2b: Motorvask\n|-singleturn|p2b: Motorvask|Protect\n|move|p1a: Amoonguss|Rage Powder|p1a: Amoonguss\n|-singleturn|p1a: Amoonguss|move: Rage Powder\n|move|p2a: Hjort|Throat Chop|p1a: Amoonguss\n|-damage|p1a: Amoonguss|39\/100\n|-start|p1a: Amoonguss|Throat Chop|[silent]\n|move|p1b: Kingambit|Kowtow Cleave|p2b: Motorvask\n|-activate|p2b: Motorvask|move: Protect\n|\n|-fieldend|move: Psychic Terrain\n|upkeep\n|turn|11\n|\n|t:|1683595124\n|move|p1a: Amoonguss|Rage Powder|p1a: Amoonguss\n|-singleturn|p1a: Amoonguss|move: Rage Powder\n|move|p2b: Motorvask|Thunderbolt|p1a: Amoonguss\n|-resisted|p1a: Amoonguss\n|-damage|p1a: Amoonguss|26\/100\n|move|p2a: Hjort|Throat Chop|p1a: Amoonguss\n|-damage|p1a: Amoonguss|0 fnt\n|faint|p1a: Amoonguss\n|move|p1b: Kingambit|Kowtow Cleave|p2b: Motorvask\n|-damage|p2b: Motorvask|0 fnt\n|faint|p2b: Motorvask\n|\n|upkeep\n|c|\u2606dashrekawanobi|i might win\n|c|\u2606CyborgCrafter|how is this a 3v1\n|c|\u2606CyborgCrafter|no\n|\n|t:|1683595132\n|switch|p1a: Stantler|Stantler, L50, M|10\/100\n|-ability|p1a: Stantler|Intimidate|boost\n|-unboost|p2a: Hjort|atk|1\n|turn|12\n|c|\u2606CyborgCrafter|u will not win\n|c|\u2606CyborgCrafter|because\n|c|\u2606CyborgCrafter|i am op\n|c|\u2606dashrekawanobi|i have yo momma\n|c|\u2606CyborgCrafter|._.\n|\n|t:|1683595155\n|move|p1a: Stantler|Shadow Ball|p2a: Hjort\n|-resisted|p2a: Hjort\n|-damage|p2a: Hjort|97\/100\n|move|p2a: Hjort|Throat Chop|p1b: Kingambit\n|-damage|p1b: Kingambit|23\/100\n|-start|p1b: Kingambit|Throat Chop|[silent]\n|move|p1b: Kingambit|Tera Blast|p2a: Hjort\n|-damage|p2a: Hjort|41\/100\n|\n|upkeep\n|turn|13\n|c|\u2606CyborgCrafter|stacked boi\n|c|\u2606dashrekawanobi|seems i won\n|c|\u2606dashrekawanobi|gg\n|c|\u2606CyborgCrafter|no\n|c|\u2606CyborgCrafter|u did not win\n|c|\u2606CyborgCrafter|i can do this\n|\n|t:|1683595177\n|move|p1a: Stantler|Shadow Ball|p2a: Hjort\n|-resisted|p2a: Hjort\n|-damage|p2a: Hjort|38\/100\n|move|p2a: Hjort|Throat Chop|p1b: Kingambit\n|-damage|p1b: Kingambit|1\/100\n|move|p1b: Kingambit|Tera Blast|p2a: Hjort\n|-damage|p2a: Hjort|0 fnt\n|faint|p2a: Hjort\n|\n|win|dashrekawanobi\n|c|\u2606CyborgCrafter|bruhhh\n|c|\u2606CyborgCrafter|this game hates me\n|c|\u2606CyborgCrafter|i needed high role\n|c|\u2606CyborgCrafter|roll*\n|c|\u2606dashrekawanobi|no it dont\n|l|\u2606CyborgCrafter\n|c|\u2606dashrekawanobi|you had great luck in other games\n","uploadtime":1683595206,"views":11,"p1id":"dashrekawanobi","p2id":"cyborgcrafter","formatid":"gen9vgc2023regulationc","rating":0,"private":0,"password":""}