{"id":"gen9vgc2023regulationc-1864308966","p1":"revocolombia","p2":"Cobrynn","format":"[Gen 9] VGC 2023 Regulation C","log":"|j|\u2606revocolombia\n|j|\u2606Cobrynn\n|t:|1684153481\n|gametype|doubles\n|player|p1|revocolombia|pokemonranger-gen4|1267\n|player|p2|Cobrynn|2|1258\n|teamsize|p1|6\n|teamsize|p2|6\n|gen|9\n|tier|[Gen 9] VGC 2023 Regulation C\n|rated|\n|rule|Species Clause: Limit one of each Pok\u00e9mon\n|rule|Item Clause: Limit one of each item\n|clearpoke\n|poke|p1|Flutter Mane, L50|\n|poke|p1|Annihilape, L50, F|\n|poke|p1|Dragonite, L50, M|\n|poke|p1|Chien-Pao, L50|\n|poke|p1|Murkrow, L50, F|\n|poke|p1|Rotom-Wash, L50|\n|poke|p2|Lilligant, L50, F|\n|poke|p2|Torkoal, L50, F|\n|poke|p2|Flutter Mane, L50|\n|poke|p2|Kingambit, L50, F|\n|poke|p2|Ditto, L50|\n|poke|p2|Great Tusk, L50|\n|teampreview|4\n|inactive|Battle timer is ON: inactive players will automatically lose when time's up. (requested by Cobrynn)\n|\n|t:|1684153506\n|start\n|switch|p1a: Murkrow|Murkrow, L50, F|100\/100\n|switch|p1b: Annihilape|Annihilape, L50, F, shiny|100\/100\n|switch|p2a: TT|Lilligant, L50, F, shiny|100\/100\n|switch|p2b: Breakthrough|Torkoal, L50, F, shiny|100\/100\n|-weather|SunnyDay|[from] ability: Drought|[of] p2b: Breakthrough\n|turn|1\n|\n|t:|1684153524\n|-terastallize|p2a: TT|Ghost\n|-terastallize|p1b: Annihilape|Fire\n|move|p1a: Murkrow|Taunt|p2a: TT\n|-start|p2a: TT|move: Taunt\n|cant|p2a: TT|move: Taunt|After You\n|move|p1b: Annihilape|Bulk Up|p1b: Annihilape\n|-boost|p1b: Annihilape|atk|1\n|-boost|p1b: Annihilape|def|1\n|move|p2b: Breakthrough|Eruption|p1b: Annihilape|[spread] p1a,p1b\n|-resisted|p1b: Annihilape\n|-damage|p1a: Murkrow|14\/100\n|-damage|p1b: Annihilape|65\/100\n|\n|-weather|SunnyDay|[upkeep]\n|-heal|p1b: Annihilape|72\/100|[from] item: Leftovers\n|upkeep\n|turn|2\n|inactive|revocolombia has 30 seconds left.\n|\n|t:|1684153557\n|move|p2a: TT|Leaf Storm|p1a: Murkrow\n|-resisted|p1a: Murkrow\n|-damage|p1a: Murkrow|0 fnt\n|-unboost|p2a: TT|spa|2\n|faint|p1a: Murkrow\n|move|p1b: Annihilape|Rage Fist|p2a: TT\n|-supereffective|p2a: TT\n|-enditem|p2a: TT|Focus Sash\n|-damage|p2a: TT|1\/100\n|move|p2b: Breakthrough|Earth Power|p1b: Annihilape\n|-supereffective|p1b: Annihilape\n|-damage|p1b: Annihilape|31\/100\n|\n|-weather|SunnyDay|[upkeep]\n|-heal|p1b: Annihilape|38\/100|[from] item: Leftovers\n|upkeep\n|\n|t:|1684153572\n|switch|p1a: Chien-Pao|Chien-Pao, L50|100\/100\n|-ability|p1a: Chien-Pao|Sword of Ruin\n|turn|3\n|\n|t:|1684153584\n|move|p1a: Chien-Pao|Ice Shard|p2a: TT\n|-damage|p2a: TT|0 fnt\n|faint|p2a: TT\n|move|p1b: Annihilape|Rage Fist|p2b: Breakthrough\n|-damage|p2b: Breakthrough|0 fnt\n|faint|p2b: Breakthrough\n|\n|-weather|SunnyDay|[upkeep]\n|-heal|p1b: Annihilape|44\/100|[from] item: Leftovers\n|upkeep\n|\n|t:|1684153589\n|switch|p2a: HOT|Kingambit, L50, F, shiny|100\/100\n|switch|p2b: FANCY|Flutter Mane, L50, shiny|100\/100\n|-activate|p2b: FANCY|ability: Protosynthesis\n|-start|p2b: FANCY|protosynthesisspa\n|turn|4\n|inactive|revocolombia has 30 seconds left.\n|\n|t:|1684153618\n|move|p2a: HOT|Sucker Punch|p1b: Annihilape\n|-damage|p1b: Annihilape|11\/100\n|move|p2b: FANCY|Dazzling Gleam|p1a: Chien-Pao|[spread] p1a,p1b\n|-supereffective|p1a: Chien-Pao\n|-resisted|p1b: Annihilape\n|-enditem|p1a: Chien-Pao|Focus Sash\n|-damage|p1a: Chien-Pao|1\/100\n|-damage|p1b: Annihilape|0 fnt\n|faint|p1b: Annihilape\n|move|p1a: Chien-Pao|Sacred Sword|p2a: HOT\n|-supereffective|p2a: HOT\n|-damage|p2a: HOT|0 fnt\n|faint|p2a: HOT\n|\n|-weather|SunnyDay|[upkeep]\n|upkeep\n|\n|t:|1684153633\n|switch|p1b: Flutter Mane|Flutter Mane, L50|100\/100\n|-activate|p1b: Flutter Mane|ability: Protosynthesis\n|-start|p1b: Flutter Mane|protosynthesisspe\n|turn|5\n|\n|t:|1684153643\n|move|p1a: Chien-Pao|Ice Shard|p2b: FANCY\n|-damage|p2b: FANCY|42\/100\n|move|p1b: Flutter Mane|Shadow Ball|p2b: FANCY\n|-supereffective|p2b: FANCY\n|-damage|p2b: FANCY|0 fnt\n|faint|p2b: FANCY\n|-end|p2b: FANCY|Protosynthesis|[silent]\n|\n|win|revocolombia\n|raw|revocolombia's rating: 1267 → 1291<\/strong> (+24 for winning)\n|raw|Cobrynn's rating: 1258 → 1234<\/strong> (-24 for losing)\n|l|\u2606Cobrynn\n","uploadtime":1684153654,"views":5,"p1id":"revocolombia","p2id":"cobrynn","formatid":"gen9vgc2023regulationc","rating":1234,"private":0,"password":""}