{"id":"gen9vgc2023regulationc-1862832367","p1":"LordBennyG","p2":"Voidbunny123","format":"[Gen 9] VGC 2023 Regulation C","log":"|j|\u2606LordBennyG\n|j|\u2606Voidbunny123\n|t:|1683926985\n|gametype|doubles\n|player|p1|LordBennyG|karen|\n|player|p2|Voidbunny123|benga|\n|teamsize|p1|6\n|teamsize|p2|6\n|gen|9\n|tier|[Gen 9] VGC 2023 Regulation C\n|rated|Tournament battle\n|rule|Species Clause: Limit one of each Pok\u00e9mon\n|rule|Item Clause: Limit one of each item\n|clearpoke\n|poke|p1|Dondozo, L50, M|\n|poke|p1|Baxcalibur, L50, F|\n|poke|p1|Flutter Mane, L50|\n|poke|p1|Corviknight, L50, F|\n|poke|p1|Arcanine, L50, M|\n|poke|p1|Hariyama, L50, F|\n|poke|p2|Iron Bundle, L50|\n|poke|p2|Abomasnow, L50, M|\n|poke|p2|Chi-Yu, L50|\n|poke|p2|Great Tusk, L50|\n|poke|p2|Talonflame, L50, M|\n|poke|p2|Gholdengo, L50|\n|teampreview|4\n|raw| Open Team Sheet for LordBennyG<\/summary>Dondozo @ Leftovers Ability: Unaware Level: 50 Tera Type: Grass - Liquidation - Yawn - Fissure - Protect Baxcalibur @ Clear Amulet Ability: Thermal Exchange Level: 50 Tera Type: Poison - Protect - Glaive Rush - Icicle Crash - Ice Shard Flutter Mane @ Booster Energy Ability: Protosynthesis Level: 50 Tera Type: Steel - Protect - Substitute - Moonblast - Shadow Ball Corviknight @ Sitrus Berry Ability: Mirror Armor Level: 50 Tera Type: Dragon - Tailwind - Iron Head - Brave Bird - Roost Arcanine @ Safety Goggles Ability: Intimidate Level: 50 Tera Type: Water - Flare Blitz - Extreme Speed - Will-O-Wisp - Howl Hariyama @ Assault Vest Ability: Thick Fat Level: 50 Tera Type: Steel - Fake Out - Drain Punch - Bullet Punch - Knock Off <\/details><\/div> Open Team Sheet for Voidbunny123<\/summary>Iron Bundle @ Choice Specs Ability: Quark Drive Level: 50 Tera Type: Ice - Blizzard - Sleep Talk - Hydro Pump - Freeze-Dry Abomasnow @ Focus Sash Ability: Snow Warning Level: 50 Tera Type: Water - Helping Hand - Aurora Veil - Blizzard - Giga Drain Chi-Yu @ Safety Goggles Ability: Beads of Ruin Level: 50 Tera Type: Grass - Nasty Plot - Protect - Heat Wave - Dark Pulse Great Tusk @ Choice Band Ability: Protosynthesis Level: 50 Hidden Power: Fighting Tera Type: Ground - Earthquake - Rock Slide - Close Combat - Headlong Rush Talonflame @ Covert Cloak Ability: Flame Body Level: 50 Tera Type: Grass - Will-O-Wisp - Taunt - Tailwind - Flare Blitz Gholdengo @ Life Orb Ability: Good as Gold Level: 50 Tera Type: Steel - Nasty Plot - Protect - Make It Rain - Shadow Ball <\/details><\/div>\n|j| Flo Bros Inc.\n|j| maria ward\n|l| maria ward\n|inactive|Battle timer is ON: inactive players will automatically lose when time's up. (requested by Voidbunny123)\n|\n|t:|1683927031\n|start\n|switch|p1a: Hariyama|Hariyama, L50, F|100\/100\n|switch|p1b: Arcanine|Arcanine, L50, M|100\/100\n|switch|p2a: Talonflame|Talonflame, L50, M|100\/100\n|switch|p2b: Great Tusk|Great Tusk, L50|100\/100\n|-ability|p1b: Arcanine|Intimidate|boost\n|-unboost|p2a: Talonflame|atk|1\n|-unboost|p2b: Great Tusk|atk|1\n|turn|1\n|inactive|LordBennyG has 30 seconds left.\n|inactive|Voidbunny123 has 30 seconds left.\n|inactive|LordBennyG has 20 seconds left.\n|inactive|LordBennyG has 15 seconds left.\n|inactive|Voidbunny123 has 20 seconds left.\n|inactive|LordBennyG has 10 seconds left.\n|\n|t:|1683927077\n|-end|p2b: Great Tusk|Protosynthesis|[silent]\n|switch|p2b: Iron Bundle|Iron Bundle, L50|100\/100\n|-terastallize|p1a: Hariyama|Steel\n|move|p1a: Hariyama|Fake Out|p2b: Iron Bundle\n|-damage|p2b: Iron Bundle|84\/100\n|move|p2a: Talonflame|Taunt|p1b: Arcanine\n|-start|p1b: Arcanine|move: Taunt\n|cant|p1b: Arcanine|move: Taunt|Will-O-Wisp\n|\n|upkeep\n|turn|2\n|inactive|LordBennyG has 30 seconds left.\n|inactive|LordBennyG has 20 seconds left.\n|\n|t:|1683927113\n|-end|p2b: Iron Bundle|Quark Drive|[silent]\n|switch|p2b: Great Tusk|Great Tusk, L50|100\/100\n|switch|p1b: Dondozo|Dondozo, L50, M|100\/100\n|move|p2a: Talonflame|Tailwind|p2a: Talonflame\n|-sidestart|p2: Voidbunny123|move: Tailwind\n|move|p1a: Hariyama|Drain Punch|p2b: Great Tusk\n|-damage|p2b: Great Tusk|74\/100\n|\n|upkeep\n|turn|3\n|\n|t:|1683927129\n|switch|p1a: Arcanine|Arcanine, L50, M|100\/100\n|-ability|p1a: Arcanine|Intimidate|boost\n|-unboost|p2a: Talonflame|atk|1\n|-unboost|p2b: Great Tusk|atk|1\n|-terastallize|p2b: Great Tusk|Ground\n|move|p2a: Talonflame|Will-O-Wisp|p1b: Dondozo\n|-status|p1b: Dondozo|brn\n|move|p2b: Great Tusk|Earthquake|p1b: Dondozo|[spread] p1a,p1b\n|-immune|p2a: Talonflame\n|-supereffective|p1a: Arcanine\n|-damage|p1a: Arcanine|0 fnt\n|-damage|p1b: Dondozo|58\/100 brn\n|faint|p1a: Arcanine\n|move|p1b: Dondozo|Liquidation|p2b: Great Tusk\n|-supereffective|p2b: Great Tusk\n|-crit|p2b: Great Tusk\n|-damage|p2b: Great Tusk|42\/100\n|\n|-heal|p1b: Dondozo|64\/100 brn|[from] item: Leftovers\n|-damage|p1b: Dondozo|58\/100 brn|[from] brn\n|upkeep\n|j| chicagolocaltop16\n|\n|t:|1683927150\n|switch|p1a: Hariyama|Hariyama, L50, F, tera:Steel|100\/100\n|turn|4\n|\n|t:|1683927167\n|switch|p2a: Abomasnow|Abomasnow, L50, M|100\/100\n|-weather|Snow|[from] ability: Snow Warning|[of] p2a: Abomasnow\n|move|p1a: Hariyama|Fake Out|p2b: Great Tusk\n|-damage|p2b: Great Tusk|32\/100\n|cant|p2b: Great Tusk|flinch\n|move|p1b: Dondozo|Liquidation|p2b: Great Tusk\n|-supereffective|p2b: Great Tusk\n|-damage|p2b: Great Tusk|12\/100\n|\n|-weather|Snow|[upkeep]\n|-heal|p1b: Dondozo|64\/100 brn|[from] item: Leftovers\n|-damage|p1b: Dondozo|58\/100 brn|[from] brn\n|upkeep\n|turn|5\n|j| maria ward\n|l| Flo Bros Inc.\n|inactive|LordBennyG has 30 seconds left.\n|inactive|LordBennyG has 20 seconds left.\n|inactive|LordBennyG has 15 seconds left.\n|\n|t:|1683927207\n|move|p2a: Abomasnow|Helping Hand|p2b: Great Tusk\n|-singleturn|p2b: Great Tusk|Helping Hand|[of] p2a: Abomasnow\n|move|p1a: Hariyama|Bullet Punch|p2b: Great Tusk\n|-damage|p2b: Great Tusk|0 fnt\n|faint|p2b: Great Tusk\n|-end|p2b: Great Tusk|Protosynthesis|[silent]\n|move|p1b: Dondozo|Yawn|p2a: Abomasnow\n|-start|p2a: Abomasnow|move: Yawn|[of] p1b: Dondozo\n|\n|-weather|Snow|[upkeep]\n|-heal|p1b: Dondozo|64\/100 brn|[from] item: Leftovers\n|-damage|p1b: Dondozo|58\/100 brn|[from] brn\n|-sideend|p2: Voidbunny123|move: Tailwind\n|upkeep\n|\n|t:|1683927216\n|switch|p2b: Talonflame|Talonflame, L50, M|100\/100\n|turn|6\n|\n|t:|1683927236\n|switch|p2a: Iron Bundle|Iron Bundle, L50|84\/100\n|move|p2b: Talonflame|Taunt|p1b: Dondozo\n|-start|p1b: Dondozo|move: Taunt\n|move|p1a: Hariyama|Drain Punch|p2a: Iron Bundle\n|-supereffective|p2a: Iron Bundle\n|-damage|p2a: Iron Bundle|25\/100\n|move|p1b: Dondozo|Liquidation|p2b: Talonflame\n|-supereffective|p2b: Talonflame\n|-damage|p2b: Talonflame|65\/100\n|\n|-weather|Snow|[upkeep]\n|-heal|p1b: Dondozo|64\/100 brn|[from] item: Leftovers\n|-damage|p1b: Dondozo|58\/100 brn|[from] brn\n|upkeep\n|turn|7\n|\n|t:|1683927252\n|-end|p2a: Iron Bundle|Quark Drive|[silent]\n|switch|p2a: Abomasnow|Abomasnow, L50, M|100\/100\n|move|p1a: Hariyama|Bullet Punch|p2a: Abomasnow\n|-supereffective|p2a: Abomasnow\n|-crit|p2a: Abomasnow\n|-damage|p2a: Abomasnow|57\/100\n|move|p2b: Talonflame|Flare Blitz|p1a: Hariyama\n|-supereffective|p1a: Hariyama\n|-damage|p1a: Hariyama|69\/100\n|-damage|p2b: Talonflame|50\/100|[from] Recoil\n|move|p1b: Dondozo|Liquidation|p2b: Talonflame\n|-supereffective|p2b: Talonflame\n|-damage|p2b: Talonflame|15\/100\n|\n|-weather|Snow|[upkeep]\n|-heal|p1b: Dondozo|64\/100 brn|[from] item: Leftovers\n|-damage|p1b: Dondozo|58\/100 brn|[from] brn\n|upkeep\n|turn|8\n|inactive|LordBennyG has 30 seconds left.\n|\n|t:|1683927279\n|move|p1a: Hariyama|Bullet Punch|p2b: Talonflame\n|-resisted|p2b: Talonflame\n|-damage|p2b: Talonflame|2\/100\n|move|p2b: Talonflame|Flare Blitz|p1a: Hariyama\n|-supereffective|p1a: Hariyama\n|-damage|p1a: Hariyama|38\/100\n|-damage|p2b: Talonflame|0 fnt|[from] Recoil\n|faint|p2b: Talonflame\n|move|p2a: Abomasnow|Aurora Veil|p2a: Abomasnow\n|-sidestart|p2: Voidbunny123|move: Aurora Veil\n|move|p1b: Dondozo|Fissure|p2a: Abomasnow|[miss]\n|-miss|p1b: Dondozo|p2a: Abomasnow\n|\n|-weather|none\n|-heal|p1b: Dondozo|64\/100 brn|[from] item: Leftovers\n|-damage|p1b: Dondozo|58\/100 brn|[from] brn\n|-end|p1b: Dondozo|move: Taunt\n|upkeep\n|\n|t:|1683927288\n|switch|p2b: Iron Bundle|Iron Bundle, L50|25\/100\n|turn|9\n|\n|t:|1683927305\n|move|p2a: Abomasnow|Helping Hand|p2b: Iron Bundle\n|-singleturn|p2b: Iron Bundle|Helping Hand|[of] p2a: Abomasnow\n|move|p1a: Hariyama|Bullet Punch|p2b: Iron Bundle\n|-damage|p2b: Iron Bundle|7\/100\n|move|p2b: Iron Bundle|Freeze-Dry|p1a: Hariyama\n|-resisted|p1a: Hariyama\n|-damage|p1a: Hariyama|25\/100\n|move|p1b: Dondozo|Fissure|p2b: Iron Bundle\n|-damage|p2b: Iron Bundle|0 fnt\n|faint|p2b: Iron Bundle\n|-end|p2b: Iron Bundle|Quark Drive|[silent]\n|-ohko\n|\n|-heal|p1b: Dondozo|64\/100 brn|[from] item: Leftovers\n|-damage|p1b: Dondozo|58\/100 brn|[from] brn\n|upkeep\n|turn|10\n|-message|Voidbunny123 forfeited.\n|\n|win|LordBennyG\n|n|\u2606LordBennyG|lordbennyg\n|n|\u2606Voidbunny123|voidbunny123\n|n| chicagolocaltop16|chicagolocaltop16\n|n| maria ward|mariaward\n","uploadtime":1683927314,"views":12,"p1id":"lordbennyg","p2id":"voidbunny123","formatid":"gen9vgc2023regulationc","rating":0,"private":0,"password":""}