{"id":"gen9vgc2023regulationc-1845792418","p1":"Chaotic Raos","p2":"rkdcp","format":"[Gen 9] VGC 2023 Regulation C","log":"|j|\u2606Chaotic Raos\n|j|\u2606rkdcp\n|t:|1681765035\n|gametype|doubles\n|player|p1|Chaotic Raos|bellelba|1316\n|player|p2|rkdcp|102|1318\n|teamsize|p1|6\n|teamsize|p2|6\n|gen|9\n|tier|[Gen 9] VGC 2023 Regulation C\n|rated|\n|rule|Species Clause: Limit one of each Pok\u00e9mon\n|rule|Item Clause: Limit one of each item\n|clearpoke\n|poke|p1|Iron Moth, L50|\n|poke|p1|Florges, L50, F|\n|poke|p1|Talonflame, L50, M|\n|poke|p1|Azumarill, L50, M|\n|poke|p1|Garchomp, L50, F|\n|poke|p1|Iron Hands, L50|\n|poke|p2|Ting-Lu, L50|\n|poke|p2|Dragonite, L50, F|\n|poke|p2|Iron Bundle, L50|\n|poke|p2|Flutter Mane, L50|\n|poke|p2|Chien-Pao, L50|\n|poke|p2|Amoonguss, L50, M|\n|teampreview|4\n|inactive|Battle timer is ON: inactive players will automatically lose when time's up. (requested by rkdcp)\n|\n|t:|1681765074\n|start\n|switch|p1a: Brave Bird|Talonflame, L50, M|100\/100\n|switch|p1b: Grandpa|Garchomp, L50, F|100\/100\n|switch|p2a: Iron Bundle|Iron Bundle, L50|100\/100\n|switch|p2b: Flutter Mane|Flutter Mane, L50|100\/100\n|-enditem|p2a: Iron Bundle|Booster Energy\n|-activate|p2a: Iron Bundle|ability: Quark Drive|[fromitem]\n|-start|p2a: Iron Bundle|quarkdrivespe\n|turn|1\n|\n|t:|1681765097\n|-terastallize|p1b: Grandpa|Steel\n|move|p1a: Brave Bird|Tailwind|p1a: Brave Bird\n|-sidestart|p1: Chaotic Raos|move: Tailwind\n|move|p1b: Grandpa|Rock Slide|p2b: Flutter Mane|[spread] p2a\n|-miss|p1b: Grandpa|p2b: Flutter Mane\n|-supereffective|p2a: Iron Bundle\n|-damage|p2a: Iron Bundle|58\/100\n|move|p2a: Iron Bundle|Icy Wind|p1a: Brave Bird|[spread] p1a,p1b\n|-resisted|p1b: Grandpa\n|-damage|p1a: Brave Bird|73\/100\n|-damage|p1b: Grandpa|89\/100\n|-unboost|p1b: Grandpa|spe|1\n|move|p2b: Flutter Mane|Shadow Ball|p1b: Grandpa\n|-damage|p1b: Grandpa|25\/100\n|-damage|p2b: Flutter Mane|91\/100|[from] item: Life Orb\n|\n|upkeep\n|turn|2\n|inactive|rkdcp has 30 seconds left.\n|inactive|rkdcp has 20 seconds left.\n|\n|t:|1681765133\n|switch|p1b: Raid Champion|Azumarill, L50, M|100\/100\n|move|p1a: Brave Bird|Brave Bird|p2b: Flutter Mane\n|-crit|p2b: Flutter Mane\n|-damage|p2b: Flutter Mane|10\/100\n|-damage|p1a: Brave Bird|53\/100|[from] Recoil\n|move|p2a: Iron Bundle|Hydro Pump|p1a: Brave Bird\n|-supereffective|p1a: Brave Bird\n|-damage|p1a: Brave Bird|0 fnt\n|faint|p1a: Brave Bird\n|move|p2b: Flutter Mane|Shadow Ball|p1b: Raid Champion\n|-damage|p1b: Raid Champion|62\/100\n|-damage|p2b: Flutter Mane|0 fnt|[from] item: Life Orb\n|faint|p2b: Flutter Mane\n|-end|p2b: Flutter Mane|Protosynthesis|[silent]\n|\n|upkeep\n|\n|t:|1681765149\n|switch|p1a: Grandpa|Garchomp, L50, F, tera:Steel|25\/100\n|switch|p2b: Dragonite|Dragonite, L50, F|100\/100\n|turn|3\n|inactive|rkdcp has 30 seconds left.\n|\n|t:|1681765183\n|move|p2b: Dragonite|Protect|p2b: Dragonite\n|-singleturn|p2b: Dragonite|Protect\n|move|p1a: Grandpa|Stomping Tantrum|p2a: Iron Bundle\n|-damage|p2a: Iron Bundle|10\/100\n|move|p2a: Iron Bundle|Freeze-Dry|p1b: Raid Champion\n|-supereffective|p1b: Raid Champion\n|-damage|p1b: Raid Champion|12\/100\n|move|p1b: Raid Champion|Play Rough|p2b: Dragonite\n|-activate|p2b: Dragonite|move: Protect\n|\n|upkeep\n|turn|4\n|\n|t:|1681765200\n|move|p2a: Iron Bundle|Protect|p2a: Iron Bundle\n|-singleturn|p2a: Iron Bundle|Protect\n|move|p2b: Dragonite|Extreme Speed|p1b: Raid Champion\n|-damage|p1b: Raid Champion|0 fnt\n|faint|p1b: Raid Champion\n|move|p1a: Grandpa|Rock Slide|p2b: Dragonite|[spread] p2b\n|-activate|p2a: Iron Bundle|move: Protect\n|-supereffective|p2b: Dragonite\n|-damage|p2b: Dragonite|62\/100\n|\n|-sideend|p1: Chaotic Raos|move: Tailwind\n|upkeep\n|\n|t:|1681765210\n|switch|p1b: Iron Hands|Iron Hands, L50|100\/100\n|turn|5\n|inactive|rkdcp has 30 seconds left.\n|inactive|rkdcp has 20 seconds left.\n|\n|t:|1681765247\n|-terastallize|p2a: Iron Bundle|Ghost\n|move|p2b: Dragonite|Protect|p2b: Dragonite\n|-singleturn|p2b: Dragonite|Protect\n|move|p1b: Iron Hands|Fake Out|p2a: Iron Bundle\n|-immune|p2a: Iron Bundle\n|move|p2a: Iron Bundle|Icy Wind|p1b: Iron Hands|[spread] p1a,p1b\n|-resisted|p1a: Grandpa\n|-damage|p1a: Grandpa|14\/100\n|-damage|p1b: Iron Hands|81\/100\n|-unboost|p1a: Grandpa|spe|1\n|-unboost|p1b: Iron Hands|spe|1\n|move|p1a: Grandpa|Iron Head|p2b: Dragonite\n|-activate|p2b: Dragonite|move: Protect\n|\n|upkeep\n|turn|6\n|inactive|rkdcp has 30 seconds left.\n|\n|t:|1681765280\n|move|p1a: Grandpa|Protect|p1a: Grandpa\n|-singleturn|p1a: Grandpa|Protect\n|move|p2a: Iron Bundle|Freeze-Dry|p1a: Grandpa\n|-activate|p1a: Grandpa|move: Protect\n|move|p2b: Dragonite|Aerial Ace|p1b: Iron Hands\n|-damage|p1b: Iron Hands|54\/100\n|move|p1b: Iron Hands|Thunder Punch|p2a: Iron Bundle\n|-damage|p2a: Iron Bundle|0 fnt\n|faint|p2a: Iron Bundle\n|-end|p2a: Iron Bundle|Quark Drive|[silent]\n|\n|upkeep\n|\n|t:|1681765290\n|switch|p2a: Ting-Lu|Ting-Lu, L50|100\/100\n|-ability|p2a: Ting-Lu|Vessel of Ruin\n|turn|7\n|\n|t:|1681765311\n|move|p1a: Grandpa|Rock Slide|p2a: Ting-Lu|[spread] p2a\n|-miss|p1a: Grandpa|p2b: Dragonite\n|-resisted|p2a: Ting-Lu\n|-damage|p2a: Ting-Lu|95\/100\n|move|p2b: Dragonite|Low Kick|p1a: Grandpa\n|-supereffective|p1a: Grandpa\n|-damage|p1a: Grandpa|0 fnt\n|-damage|p2b: Dragonite|50\/100|[from] ability: Rough Skin|[of] p1a: Grandpa\n|faint|p1a: Grandpa\n|move|p2a: Ting-Lu|Earthquake|p1b: Iron Hands|[spread] p1b\n|-immune|p2b: Dragonite\n|-supereffective|p1b: Iron Hands\n|-damage|p1b: Iron Hands|1\/100\n|-enditem|p1b: Iron Hands|Sitrus Berry|[eat]\n|-heal|p1b: Iron Hands|26\/100|[from] item: Sitrus Berry\n|move|p1b: Iron Hands|Drain Punch|p2a: Ting-Lu\n|-supereffective|p2a: Ting-Lu\n|-damage|p2a: Ting-Lu|42\/100\n|-heal|p1b: Iron Hands|53\/100|[from] drain|[of] p2a: Ting-Lu\n|\n|upkeep\n|turn|8\n|\n|t:|1681765333\n|move|p2b: Dragonite|Aerial Ace|p1b: Iron Hands\n|-damage|p1b: Iron Hands|25\/100\n|move|p2a: Ting-Lu|Earthquake|p1b: Iron Hands|[spread] p1b\n|-immune|p2b: Dragonite\n|-supereffective|p1b: Iron Hands\n|-damage|p1b: Iron Hands|0 fnt\n|faint|p1b: Iron Hands\n|-end|p1b: Iron Hands|Quark Drive|[silent]\n|\n|win|rkdcp\n|raw|Chaotic Raos's rating: 1316 → 1296<\/strong> (-20 for losing)\n|raw|rkdcp's rating: 1318 → 1338<\/strong> (+20 for winning)\n","uploadtime":1681765342,"views":7,"p1id":"chaoticraos","p2id":"rkdcp","formatid":"gen9vgc2023regulationc","rating":1296,"private":0,"password":""}