{"id":"gen9vgc2023regulationc-1855686685","p1":"Inwaves22","p2":"enbyc","format":"[Gen 9] VGC 2023 Regulation C","log":"|j|\u2606Inwaves22\n|j|\u2606enbyc\n|t:|1682973223\n|gametype|doubles\n|player|p1|Inwaves22|falkner|1379\n|player|p2|enbyc|lass|1294\n|teamsize|p1|6\n|teamsize|p2|6\n|gen|9\n|tier|[Gen 9] VGC 2023 Regulation C\n|rated|\n|rule|Species Clause: Limit one of each Pok\u00e9mon\n|rule|Item Clause: Limit one of each item\n|clearpoke\n|poke|p1|Ceruledge, L50, F|\n|poke|p1|Lycanroc, L50, F|\n|poke|p1|Tyranitar, L50, F|\n|poke|p1|Iron Bundle, L50|\n|poke|p1|Dragonite, L50, M|\n|poke|p1|Sylveon, L50, M|\n|poke|p2|Glimmora, L50, M|\n|poke|p2|Amoonguss, L50, M|\n|poke|p2|Garganacl, L50, F|\n|poke|p2|Dondozo, L50, M|\n|poke|p2|Tatsugiri, L50, F|\n|poke|p2|Chi-Yu, L50|\n|teampreview|4\nenbyc has agreed to open team sheets.\nInwaves22 has agreed to open team sheets.\n|\n|t:|1682973254\n|start\n|switch|p1a: Ceruledge|Ceruledge, L50, F, shiny|100\/100\n|switch|p1b: Tyranitar|Tyranitar, L50, F, shiny|100\/100\n|switch|p2a: Glimmora|Glimmora, L50, M|100\/100\n|switch|p2b: Garganacl|Garganacl, L50, F|100\/100\n|-weather|Sandstorm|[from] ability: Sand Stream|[of] p1b: Tyranitar\n|turn|1\n|\n|t:|1682973287\n|-terastallize|p1a: Ceruledge|Grass\n|-terastallize|p2b: Garganacl|Ghost\n|move|p2a: Glimmora|Mortal Spin|p1b: Tyranitar|[spread] p1a,p1b\n|-supereffective|p1a: Ceruledge\n|-resisted|p1b: Tyranitar\n|-damage|p1a: Ceruledge|91\/100\n|-damage|p1b: Tyranitar|99\/100\n|-status|p1a: Ceruledge|psn\n|-status|p1b: Tyranitar|psn\n|move|p1a: Ceruledge|Tera Blast|p2a: Glimmora\n|-damage|p2a: Glimmora|44\/100\n|move|p1b: Tyranitar|Ice Punch|p2a: Glimmora\n|-damage|p2a: Glimmora|8\/100\n|move|p2b: Garganacl|Iron Defense|p2b: Garganacl\n|-boost|p2b: Garganacl|def|2\n|\n|-weather|Sandstorm|[upkeep]\n|-damage|p1a: Ceruledge|85\/100 psn|[from] Sandstorm\n|-damage|p2b: Garganacl|95\/100|[from] Sandstorm\n|-heal|p2b: Garganacl|100\/100|[from] item: Leftovers\n|-damage|p1a: Ceruledge|72\/100 psn|[from] psn\n|-damage|p1b: Tyranitar|87\/100 psn|[from] psn\n|upkeep\n|turn|2\n|\n|t:|1682973313\n|move|p1a: Ceruledge|Shadow Sneak|p2a: Glimmora\n|-damage|p2a: Glimmora|0 fnt\n|faint|p2a: Glimmora\n|move|p1b: Tyranitar|Crunch|p2b: Garganacl\n|-supereffective|p2b: Garganacl\n|-damage|p2b: Garganacl|69\/100\n|-unboost|p2b: Garganacl|def|1\n|move|p2b: Garganacl|Iron Defense|p2b: Garganacl\n|-boost|p2b: Garganacl|def|2\n|\n|-weather|Sandstorm|[upkeep]\n|-damage|p1a: Ceruledge|66\/100 psn|[from] Sandstorm\n|-damage|p2b: Garganacl|63\/100|[from] Sandstorm\n|-heal|p2b: Garganacl|69\/100|[from] item: Leftovers\n|-damage|p1a: Ceruledge|54\/100 psn|[from] psn\n|-damage|p1b: Tyranitar|75\/100 psn|[from] psn\n|upkeep\n|\n|t:|1682973317\n|switch|p2a: Tatsugiri|Tatsugiri, L50, F|100\/100\n|turn|3\n|\n|t:|1682973340\n|move|p2a: Tatsugiri|Icy Wind|p1b: Tyranitar|[spread] p1a,p1b\n|-supereffective|p1a: Ceruledge\n|-damage|p1a: Ceruledge|30\/100 psn\n|-damage|p1b: Tyranitar|70\/100 psn\n|-unboost|p1b: Tyranitar|spe|1\n|move|p1a: Ceruledge|Tera Blast|p2a: Tatsugiri\n|-damage|p2a: Tatsugiri|19\/100\n|move|p2b: Garganacl|Recover|p2b: Garganacl\n|-heal|p2b: Garganacl|100\/100\n|move|p1b: Tyranitar|Crunch|p2b: Garganacl\n|-supereffective|p2b: Garganacl\n|-damage|p2b: Garganacl|76\/100\n|\n|-weather|Sandstorm|[upkeep]\n|-damage|p2a: Tatsugiri|13\/100|[from] Sandstorm\n|-damage|p1a: Ceruledge|24\/100 psn|[from] Sandstorm\n|-damage|p2b: Garganacl|71\/100|[from] Sandstorm\n|-heal|p2b: Garganacl|76\/100|[from] item: Leftovers\n|-damage|p1a: Ceruledge|12\/100 psn|[from] psn\n|-damage|p1b: Tyranitar|58\/100 psn|[from] psn\n|upkeep\n|turn|4\n|\n|t:|1682973369\n|move|p2a: Tatsugiri|Icy Wind|p1a: Ceruledge|[spread] p1a,p1b\n|-supereffective|p1a: Ceruledge\n|-damage|p1a: Ceruledge|0 fnt\n|-damage|p1b: Tyranitar|52\/100 psn\n|-unboost|p1b: Tyranitar|spe|1\n|faint|p1a: Ceruledge\n|move|p2b: Garganacl|Iron Defense|p2b: Garganacl\n|-boost|p2b: Garganacl|def|2\n|move|p1b: Tyranitar|Crunch|p2b: Garganacl\n|-supereffective|p2b: Garganacl\n|-damage|p2b: Garganacl|58\/100\n|-unboost|p2b: Garganacl|def|1\n|\n|-weather|Sandstorm|[upkeep]\n|-damage|p2a: Tatsugiri|7\/100|[from] Sandstorm\n|-damage|p2b: Garganacl|52\/100|[from] Sandstorm\n|-heal|p2b: Garganacl|58\/100|[from] item: Leftovers\n|-damage|p1b: Tyranitar|40\/100 psn|[from] psn\n|upkeep\n|\n|t:|1682973384\n|switch|p1a: Iron Bundle|Iron Bundle, L50, shiny|100\/100\n|-enditem|p1a: Iron Bundle|Booster Energy\n|-activate|p1a: Iron Bundle|ability: Quark Drive|[fromitem]\n|-start|p1a: Iron Bundle|quarkdrivespe\n|turn|5\n|\n|t:|1682973447\n|move|p1a: Iron Bundle|Freeze-Dry|p2b: Garganacl\n|-damage|p2b: Garganacl|35\/100\n|move|p2a: Tatsugiri|Icy Wind|p1a: Iron Bundle|[spread] p1a,p1b\n|-resisted|p1a: Iron Bundle\n|-damage|p1a: Iron Bundle|94\/100\n|-damage|p1b: Tyranitar|35\/100 psn\n|-unboost|p1a: Iron Bundle|spe|1\n|-unboost|p1b: Tyranitar|spe|1\n|move|p2b: Garganacl|Recover|p2b: Garganacl\n|-heal|p2b: Garganacl|85\/100\n|move|p1b: Tyranitar|Crunch|p2b: Garganacl\n|-supereffective|p2b: Garganacl\n|-damage|p2b: Garganacl|62\/100\n|-unboost|p2b: Garganacl|def|1\n|\n|-weather|none\n|-heal|p2b: Garganacl|68\/100|[from] item: Leftovers\n|-damage|p1b: Tyranitar|23\/100 psn|[from] psn\n|upkeep\n|turn|6\n|\n|t:|1682973478\n|move|p2a: Tatsugiri|Icy Wind|p1b: Tyranitar|[spread] p1a,p1b\n|-resisted|p1a: Iron Bundle\n|-damage|p1a: Iron Bundle|87\/100\n|-damage|p1b: Tyranitar|15\/100 psn\n|-unboost|p1a: Iron Bundle|spe|1\n|-unboost|p1b: Tyranitar|spe|1\n|move|p1a: Iron Bundle|Icy Wind|p2a: Tatsugiri|[spread] p2a,p2b\n|-damage|p2a: Tatsugiri|0 fnt\n|-damage|p2b: Garganacl|53\/100\n|-unboost|p2b: Garganacl|spe|1\n|faint|p2a: Tatsugiri\n|move|p2b: Garganacl|Salt Cure|p1a: Iron Bundle\n|-supereffective|p1a: Iron Bundle\n|-damage|p1a: Iron Bundle|55\/100\n|-start|p1a: Iron Bundle|Salt Cure\n|move|p1b: Tyranitar|Crunch|p2b: Garganacl\n|-supereffective|p2b: Garganacl\n|-damage|p2b: Garganacl|29\/100\n|\n|-heal|p2b: Garganacl|34\/100|[from] item: Leftovers\n|-damage|p1b: Tyranitar|3\/100 psn|[from] psn\n|-damage|p1a: Iron Bundle|30\/100|[from] Salt Cure\n|upkeep\n|\n|t:|1682973493\n|switch|p2a: Dondozo|Dondozo, L50, M|100\/100\n|turn|7\n|\n|t:|1682973509\n|-end|p1a: Iron Bundle|Quark Drive|[silent]\n|switch|p1a: Dragonite|Dragonite, L50, M|100\/100\n|move|p2a: Dondozo|Order Up|p1b: Tyranitar\n|-damage|p1b: Tyranitar|0 fnt\n|faint|p1b: Tyranitar\n|move|p2b: Garganacl|Recover|p2b: Garganacl\n|-heal|p2b: Garganacl|85\/100\n|\n|-heal|p2b: Garganacl|90\/100|[from] item: Leftovers\n|upkeep\n|\n|t:|1682973518\n|switch|p1b: Iron Bundle|Iron Bundle, L50, shiny|30\/100\n|turn|8\n|\n|t:|1682973538\n|move|p1b: Iron Bundle|Protect|p1b: Iron Bundle\n|-singleturn|p1b: Iron Bundle|Protect\n|move|p1a: Dragonite|Outrage|p2b: Garganacl\n|-damage|p2b: Garganacl|62\/100\n|move|p2a: Dondozo|Order Up|p1b: Iron Bundle\n|-activate|p1b: Iron Bundle|move: Protect\n|move|p2b: Garganacl|Recover|p2b: Garganacl\n|-heal|p2b: Garganacl|100\/100\n|\n|upkeep\n|turn|9\n|\n|t:|1682973550\n|move|p1b: Iron Bundle|Freeze-Dry|p2a: Dondozo\n|-supereffective|p2a: Dondozo\n|-damage|p2a: Dondozo|15\/100\n|move|p1a: Dragonite|Outrage|p2b: Garganacl|[from]lockedmove\n|-damage|p2b: Garganacl|73\/100\n|-start|p1a: Dragonite|confusion|[fatigue]\n|move|p2a: Dondozo|Order Up|p1b: Iron Bundle\n|-damage|p1b: Iron Bundle|0 fnt\n|faint|p1b: Iron Bundle\n|-end|p1b: Iron Bundle|Quark Drive|[silent]\n|move|p2b: Garganacl|Salt Cure|p1a: Dragonite\n|-supereffective|p1a: Dragonite\n|-damage|p1a: Dragonite|67\/100\n|-start|p1a: Dragonite|Salt Cure\n|\n|-heal|p2b: Garganacl|79\/100|[from] item: Leftovers\n|-damage|p1a: Dragonite|55\/100|[from] Salt Cure\n|upkeep\n|turn|10\n|\n|t:|1682973568\n|-activate|p1a: Dragonite|confusion\n|move|p1a: Dragonite|Outrage|p2a: Dondozo\n|-damage|p2a: Dondozo|0 fnt\n|faint|p2a: Dondozo\n|move|p2b: Garganacl|Iron Defense|p2b: Garganacl\n|-boost|p2b: Garganacl|def|2\n|\n|-heal|p2b: Garganacl|85\/100|[from] item: Leftovers\n|-damage|p1a: Dragonite|43\/100|[from] Salt Cure\n|upkeep\n|turn|11\n|\n|t:|1682973577\n|-end|p1a: Dragonite|confusion\n|move|p1a: Dragonite|Outrage|p2b: Garganacl|[from]lockedmove\n|-damage|p2b: Garganacl|65\/100\n|-start|p1a: Dragonite|confusion|[fatigue]\n|move|p2b: Garganacl|Salt Cure|p1a: Dragonite\n|-supereffective|p1a: Dragonite\n|-crit|p1a: Dragonite\n|-damage|p1a: Dragonite|0 fnt\n|faint|p1a: Dragonite\n|\n|win|enbyc\n|raw|Inwaves22's rating: 1379 → 1354<\/strong> (-25 for losing)\n|raw|enbyc's rating: 1294 → 1325<\/strong> (+31 for winning)\n|l|\u2606enbyc\n","uploadtime":1682973590,"views":15,"p1id":"inwaves22","p2id":"enbyc","formatid":"gen9vgc2023regulationc","rating":1325,"private":0,"password":""}