{"id":"gen9vgc2023regulationc-1851033120","p1":"Emiker","p2":"regsemirain","format":"[Gen 9] VGC 2023 Regulation C","log":"|j|\u2606Emiker\n|j|\u2606regsemirain\n|t:|1682397097\n|gametype|doubles\n|player|p1|Emiker|red|1274\n|player|p2|regsemirain|cynthia|1350\n|teamsize|p1|6\n|teamsize|p2|6\n|gen|9\n|tier|[Gen 9] VGC 2023 Regulation C\n|rated|\n|rule|Species Clause: Limit one of each Pok\u00e9mon\n|rule|Item Clause: Limit one of each item\n|clearpoke\n|poke|p1|Ceruledge, L50, M|\n|poke|p1|Wo-Chien, L50|\n|poke|p1|Corviknight, L50, M|\n|poke|p1|Chi-Yu, L50|\n|poke|p1|Rotom-Wash, L50|\n|poke|p1|Sandy Shocks, L50|\n|poke|p2|Corviknight, L50, F|\n|poke|p2|Chi-Yu, L50|\n|poke|p2|Flutter Mane, L50|\n|poke|p2|Great Tusk, L50|\n|poke|p2|Murkrow, L50, M|\n|poke|p2|Brute Bonnet, L50|\n|teampreview|4\n|inactive|Battle timer is ON: inactive players will automatically lose when time's up. (requested by Emiker)\n|j| venerekravchenko\n|inactive|Emiker has 60 seconds left.\n|\n|t:|1682397147\n|start\n|switch|p1a: Sandy Shocks|Sandy Shocks, L50|100\/100\n|switch|p1b: Rotom|Rotom-Wash, L50|100\/100\n|switch|p2a: Murkrow|Murkrow, L50, M|100\/100\n|switch|p2b: Brute Bonnet|Brute Bonnet, L50|100\/100\n|turn|1\n|\n|t:|1682397168\n|-end|p1a: Sandy Shocks|Protosynthesis|[silent]\n|switch|p1a: Wo-Chien|Wo-Chien, L50|100\/100\n|-ability|p1a: Wo-Chien|Tablets of Ruin\n|move|p1b: Rotom|Protect|p1b: Rotom\n|-singleturn|p1b: Rotom|Protect\n|move|p2a: Murkrow|Tailwind|p2a: Murkrow\n|-sidestart|p2: regsemirain|move: Tailwind\n|move|p2b: Brute Bonnet|Spore|p1b: Rotom\n|-activate|p1b: Rotom|move: Protect\n|\n|upkeep\n|turn|2\n|inactive|Emiker has 30 seconds left.\n|\n|t:|1682397198\n|move|p2a: Murkrow|Sunny Day|p2a: Murkrow\n|-weather|SunnyDay\n|-activate|p2b: Brute Bonnet|ability: Protosynthesis\n|-start|p2b: Brute Bonnet|protosynthesisatk\n|move|p2b: Brute Bonnet|Spore|p1b: Rotom\n|-status|p1b: Rotom|slp|[from] move: Spore\n|cant|p1b: Rotom|slp\n|move|p1a: Wo-Chien|Leech Seed|p2a: Murkrow\n|-start|p2a: Murkrow|move: Leech Seed\n|\n|-weather|SunnyDay|[upkeep]\n|-damage|p2a: Murkrow|89\/100|[from] Leech Seed|[of] p1a: Wo-Chien\n|upkeep\n|turn|3\n|\n|t:|1682397217\n|switch|p2a: Chi-Yu|Chi-Yu, L50|100\/100\n|-ability|p2a: Chi-Yu|Beads of Ruin\n|switch|p1b: Chi-Yu|Chi-Yu, L50|100\/100\n|-ability|p1b: Chi-Yu|Beads of Ruin\n|move|p2b: Brute Bonnet|Bullet Seed|p1b: Chi-Yu\n|-resisted|p1b: Chi-Yu\n|-damage|p1b: Chi-Yu|90\/100\n|-resisted|p1b: Chi-Yu\n|-damage|p1b: Chi-Yu|80\/100\n|-resisted|p1b: Chi-Yu\n|-damage|p1b: Chi-Yu|70\/100\n|-resisted|p1b: Chi-Yu\n|-damage|p1b: Chi-Yu|60\/100\n|-resisted|p1b: Chi-Yu\n|-damage|p1b: Chi-Yu|49\/100\n|-hitcount|p1b: Chi-Yu|5\n|move|p1a: Wo-Chien|Pollen Puff|p2b: Brute Bonnet\n|-supereffective|p2b: Brute Bonnet\n|-damage|p2b: Brute Bonnet|0 fnt\n|faint|p2b: Brute Bonnet\n|-end|p2b: Brute Bonnet|Protosynthesis|[silent]\n|\n|-weather|SunnyDay|[upkeep]\n|upkeep\n|\n|t:|1682397230\n|switch|p2b: Flutter Mane|Flutter Mane, L50|100\/100\n|-activate|p2b: Flutter Mane|ability: Protosynthesis\n|-start|p2b: Flutter Mane|protosynthesisspa\n|turn|4\n|inactive|Emiker has 30 seconds left.\n|inactive|Emiker has 20 seconds left.\n|inactive|Emiker has 15 seconds left.\n|\n|t:|1682397271\n|switch|p1b: Rotom|Rotom-Wash, L50|100\/100 slp\n|-terastallize|p2b: Flutter Mane|Fairy\n|move|p1a: Wo-Chien|Protect|p1a: Wo-Chien\n|-singleturn|p1a: Wo-Chien|Protect\n|move|p2b: Flutter Mane|Dazzling Gleam|p1a: Wo-Chien|[spread] p1b\n|-activate|p1a: Wo-Chien|move: Protect\n|-damage|p1b: Rotom|0 fnt\n|faint|p1b: Rotom\n|move|p2a: Chi-Yu|Heat Wave|p1a: Wo-Chien\n|-activate|p1a: Wo-Chien|move: Protect\n|\n|-weather|SunnyDay|[upkeep]\n|-sideend|p2: regsemirain|move: Tailwind\n|upkeep\n|l| venerekravchenko\n|inactive|Emiker has 30 seconds left.\n|\n|t:|1682397301\n|switch|p1b: Chi-Yu|Chi-Yu, L50|49\/100\n|-ability|p1b: Chi-Yu|Beads of Ruin\n|turn|5\n|\n|t:|1682397312\n|-terastallize|p1a: Wo-Chien|Poison\n|move|p1b: Chi-Yu|Heat Wave|p2a: Chi-Yu|[spread] p2a,p2b\n|-resisted|p2a: Chi-Yu\n|-damage|p2a: Chi-Yu|69\/100\n|-damage|p2b: Flutter Mane|29\/100\n|move|p2b: Flutter Mane|Dazzling Gleam|p1b: Chi-Yu|[spread] p1a,p1b\n|-resisted|p1a: Wo-Chien\n|-damage|p1a: Wo-Chien|65\/100\n|-damage|p1b: Chi-Yu|0 fnt\n|faint|p1b: Chi-Yu\n|move|p2a: Chi-Yu|Heat Wave|p1a: Wo-Chien\n|-damage|p1a: Wo-Chien|0 fnt\n|faint|p1a: Wo-Chien\n|-damage|p2a: Chi-Yu|59\/100|[from] item: Life Orb\n|\n|-weather|SunnyDay|[upkeep]\n|upkeep\n|-message|Emiker forfeited.\n|\n|win|regsemirain\n|raw|Emiker's rating: 1274 → 1254<\/strong> (-20 for losing)\n|raw|regsemirain's rating: 1350 → 1366<\/strong> (+16 for winning)\n","uploadtime":1682397328,"views":15,"p1id":"emiker","p2id":"regsemirain","formatid":"gen9vgc2023regulationc","rating":1254,"private":0,"password":""}