{"id":"gen9vgc2023regulationc-1861376263","p1":"Arcacagne","p2":"N4545","format":"[Gen 9] VGC 2023 Regulation C","log":"|j|\u2606Arcacagne\n|j|\u2606N4545\n|t:|1683751049\n|gametype|doubles\n|player|p1|Arcacagne|265|1270\n|player|p2|N4545|1|1177\n|teamsize|p1|6\n|teamsize|p2|6\n|gen|9\n|tier|[Gen 9] VGC 2023 Regulation C\n|rated|\n|rule|Species Clause: Limit one of each Pok\u00e9mon\n|rule|Item Clause: Limit one of each item\n|clearpoke\n|poke|p1|Chi-Yu, L50|\n|poke|p1|Flutter Mane, L50|\n|poke|p1|Amoonguss, L50, M|\n|poke|p1|Palafin, L50, M|\n|poke|p1|Iron Hands, L50|\n|poke|p1|Arcanine, L50, F|\n|poke|p2|Arcanine, L50, F|\n|poke|p2|Ceruledge, L50, F|\n|poke|p2|Grimmsnarl, L50, M|\n|poke|p2|Great Tusk, L50|\n|poke|p2|Iron Jugulis, L50|\n|poke|p2|Palafin, L50, F|\n|teampreview|4\n|inactive|Battle timer is ON: inactive players will automatically lose when time's up. (requested by N4545)\n|inactive|Arcacagne has 60 seconds left.\n|\n|t:|1683751086\n|start\n|switch|p1a: Flutter Mane|Flutter Mane, L50|100\/100\n|switch|p1b: Amoonguss|Amoonguss, L50, M|100\/100\n|switch|p2a: Grimmsnarl|Grimmsnarl, L50, M, shiny|100\/100\n|switch|p2b: Palafin|Palafin, L50, F|100\/100\n|-enditem|p1a: Flutter Mane|Booster Energy\n|-activate|p1a: Flutter Mane|ability: Protosynthesis|[fromitem]\n|-start|p1a: Flutter Mane|protosynthesisspa\n|turn|1\n|inactive|N4545 has 30 seconds left.\n|\n|t:|1683751118\n|detailschange|p2b: Palafin|Palafin-Hero, L50, F\n|switch|p2b: Ceruledge|Ceruledge, L50, F|100\/100\n|switch|p2a: Arcanine|Arcanine, L50, F|100\/100\n|-ability|p2a: Arcanine|Intimidate|boost\n|-unboost|p1a: Flutter Mane|atk|1\n|-unboost|p1b: Amoonguss|atk|1\n|move|p1a: Flutter Mane|Protect|p1a: Flutter Mane\n|-singleturn|p1a: Flutter Mane|Protect\n|move|p1b: Amoonguss|Spore|p2b: Ceruledge\n|-status|p2b: Ceruledge|slp|[from] move: Spore\n|\n|upkeep\n|turn|2\n|inactive|N4545 has 30 seconds left.\n|\n|t:|1683751148\n|switch|p2b: Grimmsnarl|Grimmsnarl, L50, M, shiny|100\/100\n|-terastallize|p1b: Amoonguss|Water\n|move|p1b: Amoonguss|Rage Powder|p1b: Amoonguss\n|-singleturn|p1b: Amoonguss|move: Rage Powder\n|move|p1a: Flutter Mane|Substitute|p1a: Flutter Mane\n|-start|p1a: Flutter Mane|Substitute\n|-damage|p1a: Flutter Mane|76\/100\n|move|p2a: Arcanine|Flare Blitz|p1b: Amoonguss\n|-resisted|p1b: Amoonguss\n|-damage|p1b: Amoonguss|76\/100\n|-damage|p2a: Arcanine|91\/100|[from] Recoil\n|\n|upkeep\n|turn|3\n|inactive|N4545 has 30 seconds left.\n|inactive|Arcacagne has 30 seconds left.\n|\n|t:|1683751184\n|switch|p1b: Iron Hands|Iron Hands, L50|100\/100\n|-terastallize|p2a: Arcanine|Grass\n|move|p2b: Grimmsnarl|Light Screen|p2b: Grimmsnarl\n|-sidestart|p2: N4545|move: Light Screen\n|move|p1a: Flutter Mane|Moonblast|p2b: Grimmsnarl\n|-supereffective|p2b: Grimmsnarl\n|-damage|p2b: Grimmsnarl|27\/100\n|move|p2a: Arcanine|Flare Blitz|p1a: Flutter Mane\n|-end|p1a: Flutter Mane|Substitute\n|-damage|p2a: Arcanine|85\/100|[from] Recoil|[of] p1a: Flutter Mane\n|\n|upkeep\n|turn|4\n|inactive|Arcacagne has 30 seconds left.\n|inactive|N4545 has 30 seconds left.\n|inactive|Arcacagne has 20 seconds left.\n|inactive|Arcacagne has 15 seconds left.\n|inactive|Arcacagne has 10 seconds left.\n|\n|t:|1683751231\n|move|p1b: Iron Hands|Fake Out|p2a: Arcanine\n|-damage|p2a: Arcanine|72\/100\n|move|p2b: Grimmsnarl|Sucker Punch|p1a: Flutter Mane\n|-damage|p1a: Flutter Mane|34\/100\n|move|p1a: Flutter Mane|Moonblast|p2b: Grimmsnarl\n|-supereffective|p2b: Grimmsnarl\n|-damage|p2b: Grimmsnarl|0 fnt\n|faint|p2b: Grimmsnarl\n|cant|p2a: Arcanine|flinch\n|\n|upkeep\n|\n|t:|1683751241\n|switch|p2b: Palafin|Palafin-Hero, L50, F|100\/100\n|-activate|p2b: Palafin|ability: Zero to Hero\n|turn|5\n|\n|t:|1683751248\n|move|p1a: Flutter Mane|Protect|p1a: Flutter Mane\n|-singleturn|p1a: Flutter Mane|Protect\n|move|p2b: Palafin|Jet Punch|p1a: Flutter Mane\n|-activate|p1a: Flutter Mane|move: Protect\n|move|p2a: Arcanine|Will-O-Wisp|p1b: Iron Hands|[miss]\n|-miss|p2a: Arcanine|p1b: Iron Hands\n|move|p1b: Iron Hands|Thunder Punch|p2b: Palafin\n|-supereffective|p2b: Palafin\n|-damage|p2b: Palafin|33\/100\n|\n|upkeep\n|turn|6\n|\n|t:|1683751273\n|-end|p1a: Flutter Mane|Protosynthesis|[silent]\n|switch|p1a: Amoonguss|Amoonguss, L50, M, tera:Water|100\/100\n|switch|p2b: Ceruledge|Ceruledge, L50, F|100\/100 slp\n|move|p2a: Arcanine|Flare Blitz|p1a: Amoonguss\n|-resisted|p1a: Amoonguss\n|-damage|p1a: Amoonguss|74\/100\n|-damage|p2a: Arcanine|62\/100|[from] Recoil\n|move|p1b: Iron Hands|Thunder Punch|p2b: Ceruledge\n|-damage|p2b: Ceruledge|60\/100 slp\n|\n|upkeep\n|turn|7\n|inactive|Arcacagne has 30 seconds left.\n|\n|t:|1683751305\n|move|p2a: Arcanine|Will-O-Wisp|p1b: Iron Hands\n|-status|p1b: Iron Hands|brn\n|-enditem|p1b: Iron Hands|Lum Berry|[eat]\n|-curestatus|p1b: Iron Hands|brn|[msg]\n|cant|p2b: Ceruledge|slp\n|move|p1b: Iron Hands|Swords Dance|p1b: Iron Hands\n|-boost|p1b: Iron Hands|atk|2\n|move|p1a: Amoonguss|Pollen Puff|p2a: Arcanine\n|-supereffective|p2a: Arcanine\n|-damage|p2a: Arcanine|36\/100\n|\n|upkeep\n|turn|8\n|\n|t:|1683751325\n|move|p2a: Arcanine|Flare Blitz|p1b: Iron Hands\n|-damage|p1b: Iron Hands|60\/100\n|-damage|p2a: Arcanine|18\/100|[from] Recoil\n|-enditem|p2a: Arcanine|Aguav Berry|[eat]\n|-heal|p2a: Arcanine|51\/100|[from] item: Aguav Berry\n|cant|p2b: Ceruledge|slp\n|move|p1b: Iron Hands|Drain Punch|p2a: Arcanine\n|-damage|p2a: Arcanine|0 fnt\n|-heal|p1b: Iron Hands|80\/100|[from] drain|[of] p2a: Arcanine\n|faint|p2a: Arcanine\n|move|p1a: Amoonguss|Spore|p2b: Ceruledge\n|-fail|p2b: Ceruledge|slp\n|\n|upkeep\n|\n|t:|1683751339\n|switch|p2a: Palafin|Palafin-Hero, L50, F|33\/100\n|turn|9\n|\n|t:|1683751351\n|move|p1a: Amoonguss|Rage Powder|p1a: Amoonguss\n|-singleturn|p1a: Amoonguss|move: Rage Powder\n|move|p2a: Palafin|Wave Crash|p1a: Amoonguss\n|-resisted|p1a: Amoonguss\n|-damage|p1a: Amoonguss|24\/100\n|-enditem|p1a: Amoonguss|Sitrus Berry|[eat]\n|-heal|p1a: Amoonguss|49\/100|[from] item: Sitrus Berry\n|-damage|p2a: Palafin|15\/100|[from] Recoil\n|-curestatus|p2b: Ceruledge|slp|[msg]\n|move|p2b: Ceruledge|Solar Blade||[still]\n|-prepare|p2b: Ceruledge|Solar Blade\n|-enditem|p2b: Ceruledge|Power Herb\n|-anim|p2b: Ceruledge|Solar Blade|p1a: Amoonguss\n|-supereffective|p1a: Amoonguss\n|-damage|p1a: Amoonguss|0 fnt\n|faint|p1a: Amoonguss\n|move|p1b: Iron Hands|Thunder Punch|p2b: Ceruledge\n|-damage|p2b: Ceruledge|0 fnt\n|faint|p2b: Ceruledge\n|\n|upkeep\n|\n|t:|1683751368\n|switch|p1a: Arcanine|Arcanine, L50, F|100\/100\n|-ability|p1a: Arcanine|Intimidate|boost\n|-unboost|p2a: Palafin|atk|1\n|turn|10\n|-message|N4545 forfeited.\n|\n|win|Arcacagne\n|raw|Arcacagne's rating: 1270 → 1288<\/strong> (+18 for winning)\n|raw|N4545's rating: 1177 → 1159<\/strong> (-18 for losing)\n|l|\u2606N4545\n","uploadtime":1683751377,"views":8,"p1id":"arcacagne","p2id":"n4545","formatid":"gen9vgc2023regulationc","rating":1159,"private":0,"password":""}