{"id":"gen9vgc2023regulationc-1845773132","p1":"TheWanderer55","p2":"Russo Polones 29","format":"[Gen 9] VGC 2023 Regulation C","log":"|j|\u2606TheWanderer55\n|j|\u2606Russo Polones 29\n|t:|1681763193\n|gametype|doubles\n|player|p1|TheWanderer55|flannery|1069\n|player|p2|Russo Polones 29|101|1040\n|teamsize|p1|6\n|teamsize|p2|4\n|gen|9\n|tier|[Gen 9] VGC 2023 Regulation C\n|rated|\n|rule|Species Clause: Limit one of each Pok\u00e9mon\n|rule|Item Clause: Limit one of each item\n|clearpoke\n|poke|p1|Slither Wing, L50|\n|poke|p1|Torkoal, L50, F|\n|poke|p1|Armarouge, L50, F|\n|poke|p1|Ceruledge, L50, F|\n|poke|p1|Indeedee-F, L50, F|\n|poke|p1|Roaring Moon, L50|\n|poke|p2|Kingambit, L50, M|\n|poke|p2|Chien-Pao, L50|\n|poke|p2|Chi-Yu, L50|\n|poke|p2|Hydreigon, L50, M|\n|teampreview|4\n|\n|t:|1681763237\n|start\n|switch|p1a: Indeedee|Indeedee-F, L50, F, shiny|100\/100\n|switch|p1b: Armarouge|Armarouge, L50, F, shiny|100\/100\n|switch|p2a: Hydreigon|Hydreigon, L50, M|100\/100\n|switch|p2b: Kingambit|Kingambit, L50, M|100\/100\n|-fieldstart|move: Psychic Terrain|[from] ability: Psychic Surge|[of] p1a: Indeedee\n|-enditem|p1a: Indeedee|Psychic Seed\n|-boost|p1a: Indeedee|spd|1|[from] item: Psychic Seed\n|turn|1\n|\n|t:|1681763258\n|move|p2b: Kingambit|Protect|p2b: Kingambit\n|-singleturn|p2b: Kingambit|Protect\n|move|p1a: Indeedee|Follow Me|p1a: Indeedee\n|-singleturn|p1a: Indeedee|move: Follow Me\n|move|p2a: Hydreigon|Tailwind|p2a: Hydreigon\n|-sidestart|p2: Russo Polones 29|move: Tailwind\n|move|p1b: Armarouge|Armor Cannon|p2b: Kingambit\n|-activate|p2b: Kingambit|move: Protect\n|\n|upkeep\n|turn|2\n|\n|t:|1681763306\n|move|p1b: Armarouge|Protect|p1b: Armarouge\n|-singleturn|p1b: Armarouge|Protect\n|move|p2b: Kingambit|Kowtow Cleave|p1b: Armarouge\n|-activate|p1b: Armarouge|move: Protect\n|move|p1a: Indeedee|Draining Kiss|p2a: Hydreigon\n|-supereffective|p2a: Hydreigon\n|-damage|p2a: Hydreigon|41\/100\n|move|p2a: Hydreigon|Dragon Tail|p1a: Indeedee\n|-damage|p1a: Indeedee|68\/100\n|drag|p1a: Roaring Moon|Roaring Moon, L50, shiny|100\/100\n|-enditem|p1a: Roaring Moon|Booster Energy\n|-activate|p1a: Roaring Moon|ability: Protosynthesis|[fromitem]\n|-start|p1a: Roaring Moon|protosynthesisatk\n|\n|upkeep\n|turn|3\n|\n|t:|1681763334\n|move|p2a: Hydreigon|Snarl|p1a: Roaring Moon|[spread] p1a,p1b\n|-resisted|p1a: Roaring Moon\n|-supereffective|p1b: Armarouge\n|-enditem|p1b: Armarouge|Colbur Berry|[eat]\n|-enditem|p1b: Armarouge|Colbur Berry|[weaken]\n|-damage|p1a: Roaring Moon|90\/100\n|-damage|p1b: Armarouge|77\/100\n|-unboost|p1a: Roaring Moon|spa|1\n|-unboost|p1b: Armarouge|spa|1\n|move|p2b: Kingambit|Kowtow Cleave|p1b: Armarouge\n|-supereffective|p1b: Armarouge\n|-damage|p1b: Armarouge|0 fnt\n|faint|p1b: Armarouge\n|-damage|p2b: Kingambit|91\/100|[from] item: Life Orb\n|move|p1a: Roaring Moon|Dragon Claw|p2a: Hydreigon\n|-supereffective|p2a: Hydreigon\n|-damage|p2a: Hydreigon|0 fnt\n|faint|p2a: Hydreigon\n|\n|upkeep\n|\n|t:|1681763358\n|switch|p2a: Chien-Pao|Chien-Pao, L50|100\/100\n|switch|p1b: Slither Wing|Slither Wing, L50, shiny|100\/100\n|-ability|p2a: Chien-Pao|Sword of Ruin\n|turn|4\n|\n|t:|1681763413\n|move|p2b: Kingambit|Protect|p2b: Kingambit\n|-singleturn|p2b: Kingambit|Protect\n|move|p1a: Roaring Moon|Protect|p1a: Roaring Moon\n|-singleturn|p1a: Roaring Moon|Protect\n|move|p2a: Chien-Pao|Sacred Sword|p1a: Roaring Moon\n|-activate|p1a: Roaring Moon|move: Protect\n|move|p1b: Slither Wing|Close Combat|p2a: Chien-Pao\n|-supereffective|p2a: Chien-Pao\n|-enditem|p2a: Chien-Pao|Focus Sash\n|-damage|p2a: Chien-Pao|1\/100\n|-unboost|p1b: Slither Wing|def|1\n|-unboost|p1b: Slither Wing|spd|1\n|\n|-sideend|p2: Russo Polones 29|move: Tailwind\n|upkeep\n|turn|5\n|\n|t:|1681763466\n|-terastallize|p1a: Roaring Moon|Flying\n|-terastallize|p2b: Kingambit|Ghost\n|move|p1a: Roaring Moon|Tailwind|p1a: Roaring Moon\n|-sidestart|p1: TheWanderer55|move: Tailwind\n|move|p1b: Slither Wing|Lunge|p2a: Chien-Pao\n|-supereffective|p2a: Chien-Pao\n|-damage|p2a: Chien-Pao|0 fnt\n|faint|p2a: Chien-Pao\n|move|p2b: Kingambit|Kowtow Cleave|p1b: Slither Wing\n|-resisted|p1b: Slither Wing\n|-damage|p1b: Slither Wing|50\/100\n|-damage|p2b: Kingambit|81\/100|[from] item: Life Orb\n|\n|-fieldend|move: Psychic Terrain\n|upkeep\n|\n|t:|1681763478\n|switch|p2a: Chi-Yu|Chi-Yu, L50|100\/100\n|-ability|p2a: Chi-Yu|Beads of Ruin\n|turn|6\n|\n|t:|1681763511\n|-end|p1b: Slither Wing|Protosynthesis|[silent]\n|switch|p1b: Indeedee|Indeedee-F, L50, F, shiny|68\/100\n|-fieldstart|move: Psychic Terrain|[from] ability: Psychic Surge|[of] p1b: Indeedee\n|move|p2b: Kingambit|Sucker Punch||[still]\n|-fail|p2b: Kingambit\n|move|p1a: Roaring Moon|Acrobatics|p2a: Chi-Yu\n|-damage|p2a: Chi-Yu|0 fnt\n|faint|p2a: Chi-Yu\n|\n|upkeep\n|turn|7\n|\n|t:|1681763531\n|move|p1a: Roaring Moon|Acrobatics|p2b: Kingambit\n|-damage|p2b: Kingambit|16\/100\n|move|p1b: Indeedee|Draining Kiss|p2b: Kingambit\n|-damage|p2b: Kingambit|2\/100\n|-heal|p1b: Indeedee|80\/100|[from] drain|[of] p2b: Kingambit\n|move|p2b: Kingambit|Kowtow Cleave|p1a: Roaring Moon\n|-damage|p1a: Roaring Moon|16\/100\n|-damage|p2b: Kingambit|0 fnt|[from] item: Life Orb\n|faint|p2b: Kingambit\n|-end|p2b: Kingambit|fallenundefined|[silent]\n|\n|win|TheWanderer55\n|raw|TheWanderer55's rating: 1069 → 1096<\/strong> (+27 for winning)\n|raw|Russo Polones 29's rating: 1040 → 1025<\/strong> (-15 for losing)\n|l|\u2606Russo Polones 29\n|c|\u2606TheWanderer55|gg\n","uploadtime":1681764051,"views":7,"p1id":"thewanderer55","p2id":"russopolones29","formatid":"gen9vgc2023regulationc","rating":1025,"private":0,"password":""}