{"id":"gen9vgc2023regulationc-1853287016","p1":"Idk544","p2":"kelseilakenta","format":"[Gen 9] VGC 2023 Regulation C","log":"|j|\u2606Idk544\n|j|\u2606kelseilakenta\n|t:|1682661357\n|gametype|doubles\n|player|p1|Idk544|silver|1345\n|player|p2|kelseilakenta|pokemonranger-gen4|1478\n|teamsize|p1|6\n|teamsize|p2|6\n|gen|9\n|tier|[Gen 9] VGC 2023 Regulation C\n|rated|\n|rule|Species Clause: Limit one of each Pok\u00e9mon\n|rule|Item Clause: Limit one of each item\n|clearpoke\n|poke|p1|Orthworm, L50, M|\n|poke|p1|Iron Hands, L50|\n|poke|p1|Flutter Mane, L50|\n|poke|p1|Gholdengo, L50|\n|poke|p1|Gyarados, L50, M|\n|poke|p1|Ting-Lu, L50|\n|poke|p2|Dragonite, L50, M|\n|poke|p2|Chien-Pao, L50|\n|poke|p2|Palafin, L50, F|\n|poke|p2|Arcanine, L50, F|\n|poke|p2|Flutter Mane, L50|\n|poke|p2|Amoonguss, L50, F|\n|teampreview|4\nIdk544 has agreed to open team sheets.\n|inactive|Battle timer is ON: inactive players will automatically lose when time's up. (requested by kelseilakenta)\nkelseilakenta has agreed to open team sheets.\n|inactive|Idk544 has 60 seconds left.\n|inactive|Idk544 has 30 seconds left.\n|\n|t:|1682661458\n|start\n|switch|p1a: Iron Hands|Iron Hands, L50|100\/100\n|switch|p1b: Orthworm|Orthworm, L50, M|100\/100\n|switch|p2a: Dragonite|Dragonite, L50, M|100\/100\n|switch|p2b: Flutter Mane|Flutter Mane, L50|100\/100\n|turn|1\n|\n|t:|1682661479\n|-end|p2b: Flutter Mane|Protosynthesis|[silent]\n|switch|p2b: Joy|Arcanine, L50, F|100\/100\n|-ability|p2b: Joy|Intimidate|boost\n|-unboost|p1a: Iron Hands|atk|1\n|-unboost|p1b: Orthworm|atk|1\n|-end|p1a: Iron Hands|Quark Drive|[silent]\n|switch|p1a: Gholdengo|Gholdengo, L50|100\/100\n|-terastallize|p2a: Dragonite|Flying\n|move|p2a: Dragonite|Tera Blast|p1a: Gholdengo\n|-resisted|p1a: Gholdengo\n|-crit|p1a: Gholdengo\n|-damage|p1a: Gholdengo|24\/100\n|move|p1b: Orthworm|Shed Tail|p1b: Orthworm\n|-start|p1b: Orthworm|Substitute|[from] move: Shed Tail\n|-damage|p1b: Orthworm|50\/100\n|-enditem|p1b: Orthworm|Sitrus Berry|[eat]\n|-heal|p1b: Orthworm|75\/100|[from] item: Sitrus Berry\n|inactive|Idk544 has 30 seconds left.\n|\n|t:|1682661506\n|switch|p1b: Gyarados|Gyarados, L50, M|100\/100|[from] Shed Tail\n|-ability|p1b: Gyarados|Intimidate|boost\n|-fail|p2a: Dragonite|unboost|Attack|[from] ability: Inner Focus|[of] p2a: Dragonite\n|-unboost|p2b: Joy|atk|1\n|\n|-heal|p1a: Gholdengo|30\/100|[from] item: Leftovers\n|upkeep\n|turn|2\n|\n|t:|1682661523\n|switch|p1a: Iron Hands|Iron Hands, L50|100\/100\n|move|p1b: Gyarados|Protect|p1b: Gyarados\n|-singleturn|p1b: Gyarados|Protect\n|move|p2b: Joy|Extreme Speed|p1b: Gyarados\n|-activate|p1b: Gyarados|move: Protect\n|move|p2a: Dragonite|Tera Blast|p1a: Iron Hands\n|-damage|p1a: Iron Hands|39\/100\n|\n|upkeep\n|turn|3\n|\n|t:|1682661543\n|-end|p1a: Iron Hands|Quark Drive|[silent]\n|switch|p1a: Orthworm|Orthworm, L50, M|75\/100\n|move|p2b: Joy|Extreme Speed|p1b: Gyarados\n|-activate|p1b: Gyarados|move: Substitute|[damage]\n|move|p1b: Gyarados|Dragon Dance|p1b: Gyarados\n|-boost|p1b: Gyarados|atk|1\n|-boost|p1b: Gyarados|spe|1\n|move|p2a: Dragonite|Tera Blast|p1a: Orthworm\n|-resisted|p1a: Orthworm\n|-damage|p1a: Orthworm|43\/100\n|\n|upkeep\n|turn|4\n|\n|t:|1682661564\n|move|p1a: Orthworm|Helping Hand|p1b: Gyarados\n|-singleturn|p1b: Gyarados|Helping Hand|[of] p1a: Orthworm\n|move|p2b: Joy|Extreme Speed|p1b: Gyarados\n|-end|p1b: Gyarados|Substitute\n|move|p1b: Gyarados|Waterfall|p2a: Dragonite\n|-damage|p2a: Dragonite|0 fnt\n|faint|p2a: Dragonite\n|\n|upkeep\n|\n|t:|1682661579\n|switch|p2a: Lemonade|Chien-Pao, L50|100\/100\n|-ability|p2a: Lemonade|Sword of Ruin\n|turn|5\n|\n|t:|1682661597\n|move|p1a: Orthworm|Helping Hand|p1b: Gyarados\n|-singleturn|p1b: Gyarados|Helping Hand|[of] p1a: Orthworm\n|move|p2a: Lemonade|Protect|p2a: Lemonade\n|-singleturn|p2a: Lemonade|Protect\n|move|p1b: Gyarados|Bulldoze|p2b: Joy|[spread] p2b\n|-activate|p2a: Lemonade|move: Protect\n|-heal|p1a: Orthworm|68\/100|[from] ability: Earth Eater|[of] p1b: Gyarados\n|-supereffective|p2b: Joy\n|-damage|p2b: Joy|0 fnt\n|faint|p2b: Joy\n|\n|upkeep\n|\n|t:|1682661607\n|switch|p2b: Flutter Mane|Flutter Mane, L50|100\/100\n|turn|6\n|\n|t:|1682661628\n|move|p1a: Orthworm|Helping Hand|p1b: Gyarados\n|-singleturn|p1b: Gyarados|Helping Hand|[of] p1a: Orthworm\n|move|p2b: Flutter Mane|Thunderbolt|p1b: Gyarados\n|-supereffective|p1b: Gyarados\n|-damage|p1b: Gyarados|0 fnt\n|faint|p1b: Gyarados\n|move|p2a: Lemonade|Sacred Sword|p1a: Orthworm\n|-supereffective|p1a: Orthworm\n|-damage|p1a: Orthworm|18\/100\n|\n|upkeep\n|\n|t:|1682661643\n|switch|p1b: Iron Hands|Iron Hands, L50|39\/100\n|turn|7\n|inactive|Idk544 has 30 seconds left.\n|\n|t:|1682661672\n|move|p2a: Lemonade|Ice Spinner|p1b: Iron Hands\n|-damage|p1b: Iron Hands|7\/100\n|move|p2b: Flutter Mane|Thunderbolt|p1a: Orthworm\n|-damage|p1a: Orthworm|0 fnt\n|faint|p1a: Orthworm\n|move|p1b: Iron Hands|Drain Punch|p2a: Lemonade\n|-supereffective|p2a: Lemonade\n|-enditem|p2a: Lemonade|Focus Sash\n|-damage|p2a: Lemonade|1\/100\n|-heal|p1b: Iron Hands|39\/100|[from] drain|[of] p2a: Lemonade\n|\n|upkeep\n|\n|t:|1682661684\n|switch|p1a: Gholdengo|Gholdengo, L50|30\/100\n|turn|8\n|\n|t:|1682661708\n|move|p1a: Gholdengo|Protect|p1a: Gholdengo\n|-singleturn|p1a: Gholdengo|Protect\n|move|p2a: Lemonade|Ice Spinner|p1b: Iron Hands\n|-damage|p1b: Iron Hands|6\/100\n|move|p2b: Flutter Mane|Thunderbolt|p1a: Gholdengo\n|-activate|p1a: Gholdengo|move: Protect\n|move|p1b: Iron Hands|Drain Punch|p2a: Lemonade\n|-supereffective|p2a: Lemonade\n|-damage|p2a: Lemonade|0 fnt\n|-heal|p1b: Iron Hands|6\/100|[from] drain|[of] p2a: Lemonade\n|faint|p2a: Lemonade\n|\n|-heal|p1a: Gholdengo|36\/100|[from] item: Leftovers\n|upkeep\n|turn|9\n|inactive|Idk544 has 30 seconds left.\n|\n|t:|1682661734\n|move|p2b: Flutter Mane|Thunderbolt|p1b: Iron Hands\n|-resisted|p1b: Iron Hands\n|-damage|p1b: Iron Hands|0 fnt\n|faint|p1b: Iron Hands\n|-end|p1b: Iron Hands|Quark Drive|[silent]\n|move|p1a: Gholdengo|Make It Rain|p2b: Flutter Mane\n|-supereffective|p2b: Flutter Mane\n|-damage|p2b: Flutter Mane|0 fnt\n|-unboost|p1a: Gholdengo|spa|1\n|faint|p2b: Flutter Mane\n|-end|p2b: Flutter Mane|Protosynthesis|[silent]\n|\n|win|Idk544\n|raw|Idk544's rating: 1345 → 1372<\/strong> (+27 for winning)\n|raw|kelseilakenta's rating: 1478 → 1451<\/strong> (-27 for losing)\n|l|\u2606kelseilakenta\n","uploadtime":1682661748,"views":5,"p1id":"idk544","p2id":"kelseilakenta","formatid":"gen9vgc2023regulationc","rating":1372,"private":0,"password":""}