{"id":"gen9vgc2023regulationc-1853112473","p1":"Richweav13","p2":"sucabaVGC","format":"[Gen 9] VGC 2023 Regulation C","log":"|j|\u2606Richweav13\n|j|\u2606sucabaVGC\n|t:|1682636658\n|gametype|doubles\n|player|p1|Richweav13|265|\n|player|p2|sucabaVGC|wattson|\n|teamsize|p1|6\n|teamsize|p2|6\n|gen|9\n|tier|[Gen 9] VGC 2023 Regulation C\n|rule|Species Clause: Limit one of each Pok\u00e9mon\n|rule|Item Clause: Limit one of each item\n|clearpoke\n|poke|p1|Gallade, L50, M|\n|poke|p1|Sandy Shocks, L50|\n|poke|p1|Torkoal, L50, F|\n|poke|p1|Lilligant, L50, F|\n|poke|p1|Oranguru, L50, F|\n|poke|p1|Espathra, L50, F|\n|poke|p2|Talonflame, L50, F|\n|poke|p2|Mismagius, L50, F|\n|poke|p2|Great Tusk, L50|\n|poke|p2|Baxcalibur, L50, M|\n|poke|p2|Glimmora, L50, F|\n|poke|p2|Sableye, L50, F|\n|teampreview|4\n|c|\u2606sucabaVGC|g1\n|c|\u2606sucabaVGC|glhf!\n|c|\u2606Richweav13|you too!\n|\n|t:|1682636794\n|start\n|switch|p1a: Gallade|Gallade, L50, M|100\/100\n|switch|p1b: Sandy Shocks|Sandy Shocks, L50|100\/100\n|switch|p2a: Mushu|Talonflame, L50, F|100\/100\n|switch|p2b: Gusteau|Mismagius, L50, F|100\/100\n|turn|1\n|\n|t:|1682636822\n|move|p1a: Gallade|Feint|p2a: Mushu\n|-damage|p2a: Mushu|84\/100\n|move|p1b: Sandy Shocks|Thunderbolt|p2a: Mushu\n|-supereffective|p2a: Mushu\n|-damage|p2a: Mushu|0 fnt\n|faint|p2a: Mushu\n|move|p2b: Gusteau|Imprison|p2b: Gusteau\n|-start|p2b: Gusteau|move: Imprison\n|\n|upkeep\n|\n|t:|1682636876\n|switch|p2a: Manny|Great Tusk, L50|100\/100\n|turn|2\n|\n|t:|1682636913\n|move|p1a: Gallade|Protect|p1a: Gallade\n|-singleturn|p1a: Gallade|Protect\n|move|p1b: Sandy Shocks|Thunderbolt|p2b: Gusteau\n|-damage|p2b: Gusteau|42\/100\n|move|p2b: Gusteau|Shadow Ball|p1a: Gallade\n|-activate|p1a: Gallade|move: Protect\n|move|p2a: Manny|Earthquake|p1a: Gallade|[spread] p1b\n|-activate|p1a: Gallade|move: Protect\n|-immune|p2b: Gusteau|[from] ability: Levitate\n|-supereffective|p1b: Sandy Shocks\n|-damage|p1b: Sandy Shocks|4\/100\n|\n|upkeep\n|turn|3\n|\n|t:|1682636964\n|switch|p2b: Sulley|Baxcalibur, L50, M|100\/100\n|move|p1b: Sandy Shocks|Thunderbolt|p2b: Sulley\n|-resisted|p2b: Sulley\n|-damage|p2b: Sulley|75\/100\n|move|p1a: Gallade|Brick Break|p2a: Manny\n|-damage|p2a: Manny|74\/100\n|move|p2a: Manny|Headlong Rush|p1a: Gallade\n|-damage|p1a: Gallade|0 fnt\n|-unboost|p2a: Manny|def|1\n|-unboost|p2a: Manny|spd|1\n|faint|p1a: Gallade\n|\n|upkeep\n|\n|t:|1682636977\n|switch|p1a: Espathra|Espathra, L50, F|100\/100\n|-item|p1a: Espathra|Air Balloon\n|turn|4\n|\n|t:|1682636999\n|-end|p2a: Manny|Protosynthesis|[silent]\n|switch|p2a: Gusteau|Mismagius, L50, F|42\/100\n|move|p1a: Espathra|Protect|p1a: Espathra\n|-singleturn|p1a: Espathra|Protect\n|move|p2b: Sulley|Ice Shard|p1b: Sandy Shocks\n|-supereffective|p1b: Sandy Shocks\n|-damage|p1b: Sandy Shocks|0 fnt\n|faint|p1b: Sandy Shocks\n|-end|p1b: Sandy Shocks|Protosynthesis|[silent]\n|\n|-ability|p1a: Espathra|Speed Boost|boost\n|-boost|p1a: Espathra|spe|1\n|upkeep\n|\n|t:|1682637008\n|switch|p1b: Torkoal|Torkoal, L50, F|100\/100\n|-weather|SunnyDay|[from] ability: Drought|[of] p1b: Torkoal\n|turn|5\n|\n|t:|1682637038\n|move|p1a: Espathra|Dazzling Gleam|p2b: Sulley|[spread] p2a,p2b\n|-supereffective|p2b: Sulley\n|-damage|p2a: Gusteau|19\/100\n|-damage|p2b: Sulley|39\/100\n|move|p2a: Gusteau|Shadow Ball|p1a: Espathra\n|-supereffective|p1a: Espathra\n|-damage|p1a: Espathra|0 fnt\n|-enditem|p1a: Espathra|Air Balloon\n|faint|p1a: Espathra\n|move|p2b: Sulley|Icicle Spear|p1b: Torkoal\n|-resisted|p1b: Torkoal\n|-damage|p1b: Torkoal|94\/100\n|-resisted|p1b: Torkoal\n|-damage|p1b: Torkoal|89\/100\n|-resisted|p1b: Torkoal\n|-damage|p1b: Torkoal|84\/100\n|-resisted|p1b: Torkoal\n|-damage|p1b: Torkoal|77\/100\n|-resisted|p1b: Torkoal\n|-damage|p1b: Torkoal|72\/100\n|-hitcount|p1b: Torkoal|5\n|move|p1b: Torkoal|Heat Wave|p2b: Sulley|[spread] p2a,p2b\n|-damage|p2a: Gusteau|0 fnt\n|-damage|p2b: Sulley|0 fnt\n|faint|p2a: Gusteau\n|faint|p2b: Sulley\n|\n|-weather|SunnyDay|[upkeep]\n|upkeep\n|\n|t:|1682637056\n|switch|p2b: Manny|Great Tusk, L50|74\/100\n|-activate|p2b: Manny|ability: Protosynthesis\n|-start|p2b: Manny|protosynthesisatk\n|turn|6\n|\n|t:|1682637070\n|-terastallize|p1b: Torkoal|Flying\n|move|p2b: Manny|Headlong Rush|p1b: Torkoal\n|-immune|p1b: Torkoal\n|move|p1b: Torkoal|Heat Wave|p2b: Manny\n|-damage|p2b: Manny|4\/100\n|\n|-weather|SunnyDay|[upkeep]\n|upkeep\n|turn|7\n|\n|t:|1682637092\n|-terastallize|p2b: Manny|Dark\n|move|p2b: Manny|Knock Off|p1b: Torkoal\n|-damage|p1b: Torkoal|17\/100\n|-enditem|p1b: Torkoal|Charcoal|[from] move: Knock Off|[of] p2b: Manny\n|move|p1b: Torkoal|Heat Wave|p2b: Manny\n|-damage|p2b: Manny|0 fnt\n|faint|p2b: Manny\n|-end|p2b: Manny|Protosynthesis|[silent]\n|\n|win|Richweav13\n|c|\u2606sucabaVGC|gg\n|c|\u2606Richweav13|gg\n","uploadtime":1682638145,"views":17,"p1id":"richweav13","p2id":"sucabavgc","formatid":"gen9vgc2023regulationc","rating":0,"private":0,"password":""}