{"id":"gen9vgc2023regulationc-1849957342","p1":"rvmt","p2":"AndrwApple","format":"[Gen 9] VGC 2023 Regulation C","log":"|j|\u2606rvmt\n|j|\u2606AndrwApple\n|t:|1682272139\n|gametype|doubles\n|player|p1|rvmt|hilbert-wonderlauncher|1466\n|player|p2|AndrwApple|erika-masters|1424\n|teamsize|p1|6\n|teamsize|p2|6\n|gen|9\n|tier|[Gen 9] VGC 2023 Regulation C\n|rated|\n|rule|Species Clause: Limit one of each Pok\u00e9mon\n|rule|Item Clause: Limit one of each item\n|clearpoke\n|poke|p1|Maushold-Four, L50|\n|poke|p1|Annihilape, L50, M|\n|poke|p1|Ting-Lu, L50|\n|poke|p1|Amoonguss, L50, M|\n|poke|p1|Flutter Mane, L50|\n|poke|p1|Garganacl, L50, M|\n|poke|p2|Flutter Mane, L50|\n|poke|p2|Wo-Chien, L50|\n|poke|p2|Gholdengo, L50|\n|poke|p2|Arcanine, L50, M|\n|poke|p2|Palafin, L50, M|\n|poke|p2|Iron Hands, L50|\n|teampreview|4\n|inactive|Battle timer is ON: inactive players will automatically lose when time's up. (requested by rvmt)\n|\n|t:|1682272167\n|start\n|switch|p1a: Annihilape|Annihilape, L50, M, shiny|100\/100\n|switch|p1b: Maushold|Maushold-Four, L50|100\/100\n|switch|p2a: Yoda|Flutter Mane, L50|100\/100\n|switch|p2b: Luke|Palafin, L50, M, shiny|100\/100\n|turn|1\n|\n|t:|1682272189\n|-terastallize|p2a: Yoda|Fairy\n|-terastallize|p1a: Annihilape|Water\n|move|p1b: Maushold|Protect|p1b: Maushold\n|-singleturn|p1b: Maushold|Protect\n|move|p2b: Luke|Jet Punch|p1b: Maushold\n|-activate|p1b: Maushold|move: Protect\n|move|p2a: Yoda|Moonblast|p1b: Maushold\n|-activate|p1b: Maushold|move: Protect\n|move|p1a: Annihilape|Bulk Up|p1a: Annihilape\n|-boost|p1a: Annihilape|atk|1\n|-boost|p1a: Annihilape|def|1\n|\n|upkeep\n|turn|2\n|inactive|rvmt has 30 seconds left.\n|\n|t:|1682272219\n|switch|p1b: Amoonguss|Amoonguss, L50, M|100\/100\n|detailschange|p2b: Luke|Palafin-Hero, L50, M, shiny\n|switch|p2b: Jabba The Hutt|Wo-Chien, L50|100\/100\n|-ability|p2b: Jabba The Hutt|Tablets of Ruin\n|move|p2a: Yoda|Moonblast|p1b: Amoonguss\n|-resisted|p1b: Amoonguss\n|-damage|p1b: Amoonguss|64\/100\n|move|p1a: Annihilape|Rage Fist|p2a: Yoda\n|-damage|p2a: Yoda|69\/100\n|\n|upkeep\n|turn|3\n|\n|t:|1682272239\n|-end|p2a: Yoda|Protosynthesis|[silent]\n|switch|p2a: C3-P0|Gholdengo, L50|100\/100\n|move|p1a: Annihilape|Bulk Up|p1a: Annihilape\n|-boost|p1a: Annihilape|atk|1\n|-boost|p1a: Annihilape|def|1\n|move|p2b: Jabba The Hutt|Leech Seed|p1a: Annihilape\n|-start|p1a: Annihilape|move: Leech Seed\n|move|p1b: Amoonguss|Spore|p2a: C3-P0\n|-immune|p2a: C3-P0|[from] ability: Good as Gold\n|\n|-damage|p1a: Annihilape|88\/100|[from] Leech Seed|[of] p2b: Jabba The Hutt\n|upkeep\n|turn|4\n|\n|t:|1682272262\n|switch|p1b: Maushold|Maushold-Four, L50|100\/100\n|move|p1a: Annihilape|Rage Fist|p2a: C3-P0\n|-supereffective|p2a: C3-P0\n|-damage|p2a: C3-P0|35\/100\n|-enditem|p2a: C3-P0|Sitrus Berry|[eat]\n|-heal|p2a: C3-P0|59\/100|[from] item: Sitrus Berry\n|move|p2a: C3-P0|Shadow Ball|p1a: Annihilape\n|-damage|p1a: Annihilape|65\/100\n|move|p2b: Jabba The Hutt|Ruination|p1a: Annihilape\n|-damage|p1a: Annihilape|33\/100\n|-enditem|p1a: Annihilape|Sitrus Berry|[eat]\n|-heal|p1a: Annihilape|58\/100|[from] item: Sitrus Berry\n|\n|-damage|p1a: Annihilape|45\/100|[from] Leech Seed|[of] p2b: Jabba The Hutt\n|upkeep\n|turn|5\n|inactive|AndrwApple has 30 seconds left.\n|\n|t:|1682272289\n|switch|p2a: Yoda|Flutter Mane, L50, tera:Fairy|69\/100\n|move|p2b: Jabba The Hutt|Protect|p2b: Jabba The Hutt\n|-singleturn|p2b: Jabba The Hutt|Protect\n|move|p1b: Maushold|Follow Me|p1b: Maushold\n|-singleturn|p1b: Maushold|move: Follow Me\n|move|p1a: Annihilape|Drain Punch|p2b: Jabba The Hutt\n|-activate|p2b: Jabba The Hutt|move: Protect\n|\n|-damage|p1a: Annihilape|33\/100|[from] Leech Seed|[of] p2b: Jabba The Hutt\n|upkeep\n|turn|6\n|\n|t:|1682272301\n|move|p1b: Maushold|Follow Me|p1b: Maushold\n|-singleturn|p1b: Maushold|move: Follow Me\n|move|p2a: Yoda|Dazzling Gleam|p1a: Annihilape|[spread] p1a,p1b\n|-damage|p1a: Annihilape|3\/100\n|-damage|p1b: Maushold|51\/100\n|move|p1a: Annihilape|Rage Fist|p2a: Yoda\n|-damage|p2a: Yoda|0 fnt\n|faint|p2a: Yoda\n|-end|p2a: Yoda|Protosynthesis|[silent]\n|move|p2b: Jabba The Hutt|Leech Seed|p1b: Maushold\n|-start|p1b: Maushold|move: Leech Seed\n|\n|-damage|p1b: Maushold|39\/100|[from] Leech Seed|[of] p2b: Jabba The Hutt\n|-damage|p1a: Annihilape|0 fnt|[from] Leech Seed|[of] p2b: Jabba The Hutt\n|faint|p1a: Annihilape\n|upkeep\n|\n|t:|1682272313\n|switch|p2a: C3-P0|Gholdengo, L50|59\/100\n|switch|p1a: Ting-Lu|Ting-Lu, L50|100\/100\n|-ability|p1a: Ting-Lu|Vessel of Ruin\n|turn|7\n|\n|t:|1682272325\n|switch|p1b: Amoonguss|Amoonguss, L50, M|98\/100\n|move|p2a: C3-P0|Make It Rain|p1a: Ting-Lu|[spread] p1a,p1b\n|-damage|p1a: Ting-Lu|87\/100\n|-damage|p1b: Amoonguss|68\/100\n|-unboost|p2a: C3-P0|spa|1\n|move|p2b: Jabba The Hutt|Leech Seed|p1a: Ting-Lu\n|-start|p1a: Ting-Lu|move: Leech Seed\n|move|p1a: Ting-Lu|Fissure|p2b: Jabba The Hutt|[miss]\n|-miss|p1a: Ting-Lu|p2b: Jabba The Hutt\n|\n|-damage|p1a: Ting-Lu|75\/100|[from] Leech Seed|[of] p2b: Jabba The Hutt\n|upkeep\n|turn|8\n|\n|t:|1682272340\n|switch|p2a: Luke|Palafin-Hero, L50, M, shiny|100\/100\n|-activate|p2a: Luke|ability: Zero to Hero\n|move|p2b: Jabba The Hutt|Protect|p2b: Jabba The Hutt\n|-singleturn|p2b: Jabba The Hutt|Protect\n|move|p1a: Ting-Lu|Fissure|p2b: Jabba The Hutt\n|-activate|p2b: Jabba The Hutt|move: Protect\n|move|p1b: Amoonguss|Pollen Puff|p1a: Ting-Lu\n|-heal|p1a: Ting-Lu|100\/100\n|\n|-damage|p1a: Ting-Lu|88\/100|[from] Leech Seed|[of] p2b: Jabba The Hutt\n|upkeep\n|turn|9\n|\n|t:|1682272352\n|switch|p2b: C3-P0|Gholdengo, L50|59\/100\n|move|p1b: Amoonguss|Rage Powder|p1b: Amoonguss\n|-singleturn|p1b: Amoonguss|move: Rage Powder\n|move|p2a: Luke|Substitute|p2a: Luke\n|-start|p2a: Luke|Substitute\n|-damage|p2a: Luke|76\/100\n|move|p1a: Ting-Lu|Fissure|p2b: C3-P0|[miss]\n|-miss|p1a: Ting-Lu|p2b: C3-P0\n|\n|-damage|p1a: Ting-Lu|76\/100|[from] Leech Seed|[of] p2b: C3-P0\n|-heal|p2b: C3-P0|76\/100|[silent]\n|upkeep\n|turn|10\n|\n|t:|1682272371\n|move|p2a: Luke|Protect|p2a: Luke\n|-singleturn|p2a: Luke|Protect\n|move|p2b: C3-P0|Protect|p2b: C3-P0\n|-singleturn|p2b: C3-P0|Protect\n|move|p1a: Ting-Lu|Stomping Tantrum|p2a: Luke\n|-activate|p2a: Luke|move: Protect\n|move|p1b: Amoonguss|Spore|p2a: Luke\n|-activate|p2a: Luke|move: Protect\n|\n|-damage|p1a: Ting-Lu|64\/100|[from] Leech Seed|[of] p2b: C3-P0\n|-heal|p2b: C3-P0|92\/100|[silent]\n|upkeep\n|turn|11\n|\n|t:|1682272384\n|move|p2a: Luke|Wave Crash|p1a: Ting-Lu\n|-supereffective|p1a: Ting-Lu\n|-damage|p1a: Ting-Lu|0 fnt\n|faint|p1a: Ting-Lu\n|-damage|p2a: Luke|49\/100|[from] Recoil\n|move|p2b: C3-P0|Nasty Plot|p2b: C3-P0\n|-boost|p2b: C3-P0|spa|2\n|move|p1b: Amoonguss|Pollen Puff|p1: Ting-Lu|[notarget]\n|-fail|p1b: Amoonguss\n|\n|upkeep\n|-message|rvmt forfeited.\n|\n|win|AndrwApple\n|raw|rvmt's rating: 1466 → 1444<\/strong> (-22 for losing)\n|raw|AndrwApple's rating: 1424 → 1446<\/strong> (+22 for winning)\n|l|\u2606rvmt\n","uploadtime":1682272401,"views":3,"p1id":"rvmt","p2id":"andrwapple","formatid":"gen9vgc2023regulationc","rating":1444,"private":0,"password":""}