{"id":"gen9vgc2023regulationc-1862555198","p1":"PureNeutral","p2":"revocolombia","format":"[Gen 9] VGC 2023 Regulation C","log":"|j|\u2606PureNeutral\n|j|\u2606revocolombia\n|t:|1683900353\n|gametype|doubles\n|player|p1|PureNeutral|elesa|1406\n|player|p2|revocolombia|pokemonranger-gen4|1350\n|teamsize|p1|6\n|teamsize|p2|6\n|gen|9\n|tier|[Gen 9] VGC 2023 Regulation C\n|rated|\n|rule|Species Clause: Limit one of each Pok\u00e9mon\n|rule|Item Clause: Limit one of each item\n|clearpoke\n|poke|p1|Maushold-Four, L50|\n|poke|p1|Annihilape, L50, F|\n|poke|p1|Flutter Mane, L50|\n|poke|p1|Talonflame, L50, F|\n|poke|p1|Chien-Pao, L50|\n|poke|p1|Garchomp, L50, F|\n|poke|p2|Flutter Mane, L50|\n|poke|p2|Great Tusk, L50|\n|poke|p2|Dragonite, L50, F|\n|poke|p2|Chien-Pao, L50|\n|poke|p2|Murkrow, L50, M|\n|poke|p2|Gholdengo, L50|\n|teampreview|4\n|\n|t:|1683900439\n|start\n|switch|p1a: Talonflame|Talonflame, L50, F|100\/100\n|switch|p1b: Garchomp|Garchomp, L50, F|100\/100\n|switch|p2a: Great Tusk|Great Tusk, L50|100\/100\n|switch|p2b: Murkrow|Murkrow, L50, M|100\/100\n|turn|1\n|\n|t:|1683900457\n|move|p1a: Talonflame|Tailwind|p1a: Talonflame\n|-sidestart|p1: PureNeutral|move: Tailwind\n|move|p2b: Murkrow|Sunny Day|p2b: Murkrow\n|-weather|SunnyDay\n|-activate|p2a: Great Tusk|ability: Protosynthesis\n|-start|p2a: Great Tusk|protosynthesisatk\n|move|p1b: Garchomp|Rock Slide|p2a: Great Tusk|[spread] p2a,p2b\n|-resisted|p2a: Great Tusk\n|-supereffective|p2b: Murkrow\n|-damage|p2a: Great Tusk|97\/100\n|-damage|p2b: Murkrow|51\/100\n|cant|p2a: Great Tusk|flinch\n|\n|-weather|SunnyDay|[upkeep]\n|upkeep\n|turn|2\n|\n|t:|1683900478\n|move|p1a: Talonflame|Brave Bird|p2a: Great Tusk\n|-supereffective|p2a: Great Tusk\n|-damage|p2a: Great Tusk|18\/100\n|-damage|p1a: Talonflame|64\/100|[from] Recoil\n|move|p2b: Murkrow|Tailwind|p2b: Murkrow\n|-sidestart|p2: revocolombia|move: Tailwind\n|move|p1b: Garchomp|Rock Slide|p2a: Great Tusk|[spread] p2a\n|-miss|p1b: Garchomp|p2b: Murkrow\n|-resisted|p2a: Great Tusk\n|-damage|p2a: Great Tusk|14\/100\n|move|p2a: Great Tusk|Rock Slide|p1a: Talonflame|[spread] p1a\n|-miss|p2a: Great Tusk|p1b: Garchomp\n|-supereffective|p1a: Talonflame\n|-crit|p1a: Talonflame\n|-damage|p1a: Talonflame|0 fnt\n|faint|p1a: Talonflame\n|\n|-weather|SunnyDay|[upkeep]\n|upkeep\n|\n|t:|1683900500\n|switch|p1a: Flutter Mane|Flutter Mane, L50|100\/100\n|-activate|p1a: Flutter Mane|ability: Protosynthesis\n|-start|p1a: Flutter Mane|protosynthesisspa\n|turn|3\n|\n|t:|1683900537\n|move|p2b: Murkrow|Taunt|p1a: Flutter Mane\n|-start|p1a: Flutter Mane|move: Taunt\n|move|p1a: Flutter Mane|Dazzling Gleam|p2a: Great Tusk|[spread] p2a,p2b\n|-supereffective|p2a: Great Tusk\n|-supereffective|p2b: Murkrow\n|-damage|p2a: Great Tusk|0 fnt\n|-damage|p2b: Murkrow|0 fnt\n|faint|p2a: Great Tusk\n|-end|p2a: Great Tusk|Protosynthesis|[silent]\n|faint|p2b: Murkrow\n|move|p1b: Garchomp|Swords Dance|p1b: Garchomp\n|-boost|p1b: Garchomp|atk|2\n|\n|-weather|SunnyDay|[upkeep]\n|upkeep\n|\n|t:|1683900551\n|switch|p2a: Flutter Mane|Flutter Mane, L50|100\/100\n|switch|p2b: Dragonite|Dragonite, L50, F|100\/100\n|-activate|p2a: Flutter Mane|ability: Protosynthesis\n|-start|p2a: Flutter Mane|protosynthesisspa\n|turn|4\n|\n|t:|1683900580\n|-terastallize|p1a: Flutter Mane|Fairy\n|-terastallize|p2a: Flutter Mane|Fairy\n|move|p1a: Flutter Mane|Dazzling Gleam|p2a: Flutter Mane|[spread] p2a,p2b\n|-supereffective|p2b: Dragonite\n|-damage|p2a: Flutter Mane|12\/100\n|-damage|p2b: Dragonite|8\/100\n|move|p2a: Flutter Mane|Dazzling Gleam|p1b: Garchomp|[spread] p1a,p1b\n|-supereffective|p1b: Garchomp\n|-damage|p1a: Flutter Mane|49\/100\n|-damage|p1b: Garchomp|0 fnt\n|faint|p1b: Garchomp\n|move|p2b: Dragonite|Low Kick|p1a: Flutter Mane\n|-resisted|p1a: Flutter Mane\n|-damage|p1a: Flutter Mane|39\/100\n|\n|-weather|SunnyDay|[upkeep]\n|-sideend|p1: PureNeutral|move: Tailwind\n|upkeep\n|\n|t:|1683900597\n|switch|p1b: Chien-Pao|Chien-Pao, L50|100\/100\n|-ability|p1b: Chien-Pao|Sword of Ruin\n|turn|5\n|\n|t:|1683900611\n|move|p1b: Chien-Pao|Sucker Punch|p2a: Flutter Mane\n|-resisted|p2a: Flutter Mane\n|-damage|p2a: Flutter Mane|0 fnt\n|faint|p2a: Flutter Mane\n|-end|p2a: Flutter Mane|Protosynthesis|[silent]\n|move|p2b: Dragonite|Low Kick|p1b: Chien-Pao\n|-supereffective|p1b: Chien-Pao\n|-enditem|p1b: Chien-Pao|Focus Sash\n|-damage|p1b: Chien-Pao|1\/100\n|move|p1a: Flutter Mane|Dazzling Gleam|p2b: Dragonite\n|-supereffective|p2b: Dragonite\n|-damage|p2b: Dragonite|0 fnt\n|faint|p2b: Dragonite\n|\n|win|PureNeutral\n|raw|PureNeutral's rating: 1406 → 1423<\/strong> (+17 for winning)\n|raw|revocolombia's rating: 1350 → 1333<\/strong> (-17 for losing)\n|l|\u2606PureNeutral\n","uploadtime":1683900633,"views":10,"p1id":"pureneutral","p2id":"revocolombia","formatid":"gen9vgc2023regulationc","rating":1333,"private":0,"password":""}