{"id":"gen9vgc2023regulationc-1847776733","p1":"Sotero23","p2":"snowperegrine","format":"[Gen 9] VGC 2023 Regulation C","log":"|j|\u2606Sotero23\n|j|\u2606snowperegrine\n|t:|1682001061\n|gametype|doubles\n|player|p1|Sotero23|veteran|1407\n|player|p2|snowperegrine|1|1509\n|teamsize|p1|6\n|teamsize|p2|6\n|gen|9\n|tier|[Gen 9] VGC 2023 Regulation C\n|rated|\n|rule|Species Clause: Limit one of each Pok\u00e9mon\n|rule|Item Clause: Limit one of each item\n|clearpoke\n|poke|p1|Scizor, L50, M|\n|poke|p1|Gothitelle, L50, M|\n|poke|p1|Chi-Yu, L50|\n|poke|p1|Dragonite, L50, F|\n|poke|p1|Amoonguss, L50, F|\n|poke|p1|Flutter Mane, L50|\n|poke|p2|Indeedee-F, L50, F|\n|poke|p2|Chi-Yu, L50|\n|poke|p2|Iron Bundle, L50|\n|poke|p2|Flutter Mane, L50|\n|poke|p2|Gyarados, L50, F|\n|poke|p2|Breloom, L50, M|\n|teampreview|4\n|j| MondayXyz\n|j| Braindeadmeta\nsnowperegrine has agreed to open team sheets.\nSotero23 has agreed to open team sheets.\n|j| xerntest\n|\n|t:|1682001148\n|start\n|switch|p1a: Gothitelle|Gothitelle, L50, M|100\/100\n|switch|p1b: Flutter Mane|Flutter Mane, L50|100\/100\n|switch|p2a: Chi-Yu|Chi-Yu, L50|100\/100\n|switch|p2b: Flutter Mane|Flutter Mane, L50|100\/100\n|-ability|p2a: Chi-Yu|Beads of Ruin\n|-enditem|p1b: Flutter Mane|Booster Energy\n|-activate|p1b: Flutter Mane|ability: Protosynthesis|[fromitem]\n|-start|p1b: Flutter Mane|protosynthesisspa\n|turn|1\n|\n|t:|1682001194\n|-terastallize|p1b: Flutter Mane|Fairy\n|-terastallize|p2b: Flutter Mane|Fairy\n|move|p1a: Gothitelle|Helping Hand|p1b: Flutter Mane\n|-singleturn|p1b: Flutter Mane|Helping Hand|[of] p1a: Gothitelle\n|move|p1b: Flutter Mane|Dazzling Gleam|p2b: Flutter Mane|[spread] p2a,p2b\n|-damage|p2a: Chi-Yu|5\/100\n|-damage|p2b: Flutter Mane|2\/100\n|move|p2b: Flutter Mane|Shadow Ball|p1b: Flutter Mane\n|-damage|p1b: Flutter Mane|10\/100\n|move|p2a: Chi-Yu|Dark Pulse|p1a: Gothitelle\n|-supereffective|p1a: Gothitelle\n|-damage|p1a: Gothitelle|6\/100\n|\n|-heal|p1a: Gothitelle|12\/100|[from] item: Leftovers\n|upkeep\n|turn|2\n|\n|t:|1682001215\n|switch|p1a: Scizor|Scizor, L50, M|100\/100\n|move|p2a: Chi-Yu|Protect|p2a: Chi-Yu\n|-singleturn|p2a: Chi-Yu|Protect\n|move|p1b: Flutter Mane|Dazzling Gleam|p2a: Chi-Yu|[spread] p2b\n|-activate|p2a: Chi-Yu|move: Protect\n|-damage|p2b: Flutter Mane|0 fnt\n|faint|p2b: Flutter Mane\n|-end|p2b: Flutter Mane|Protosynthesis|[silent]\n|\n|upkeep\n|\n|t:|1682001224\n|switch|p2b: Gyarados|Gyarados, L50, F|100\/100\n|-ability|p2b: Gyarados|Intimidate|boost\n|-fail|p1a: Scizor|unboost|[from] item: Clear Amulet|[of] p1a: Scizor\n|-unboost|p1b: Flutter Mane|atk|1\n|turn|3\n|\n|t:|1682001239\n|switch|p2a: Indeedee|Indeedee-F, L50, F|100\/100\n|-fieldstart|move: Psychic Terrain|[from] ability: Psychic Surge|[of] p2a: Indeedee\n|move|p1b: Flutter Mane|Dazzling Gleam|p2b: Gyarados|[spread] p2a,p2b\n|-damage|p2a: Indeedee|41\/100\n|-damage|p2b: Gyarados|59\/100\n|move|p2b: Gyarados|Waterfall|p1b: Flutter Mane\n|-damage|p1b: Flutter Mane|0 fnt\n|faint|p1b: Flutter Mane\n|-end|p1b: Flutter Mane|Protosynthesis|[silent]\n|move|p1a: Scizor|Swords Dance|p1a: Scizor\n|-boost|p1a: Scizor|atk|2\n|\n|upkeep\n|\n|t:|1682001250\n|switch|p1b: Gothitelle|Gothitelle, L50, M|12\/100\n|turn|4\n|\n|t:|1682001272\n|move|p2a: Indeedee|Protect|p2a: Indeedee\n|-singleturn|p2a: Indeedee|Protect\n|move|p2b: Gyarados|Waterfall|p1b: Gothitelle\n|-damage|p1b: Gothitelle|0 fnt\n|faint|p1b: Gothitelle\n|move|p1a: Scizor|Pounce|p2b: Gyarados\n|-resisted|p2b: Gyarados\n|-damage|p2b: Gyarados|17\/100\n|-unboost|p2b: Gyarados|spe|1\n|-enditem|p2b: Gyarados|Sitrus Berry|[eat]\n|-heal|p2b: Gyarados|42\/100|[from] item: Sitrus Berry\n|\n|upkeep\n|\n|t:|1682001282\n|switch|p1b: Dragonite|Dragonite, L50, F|100\/100\n|turn|5\n|\n|t:|1682001306\n|move|p1b: Dragonite|Dragon Dance|p1b: Dragonite\n|-boost|p1b: Dragonite|atk|1\n|-boost|p1b: Dragonite|spe|1\n|move|p2a: Indeedee|Reflect|p2a: Indeedee\n|-sidestart|p2: snowperegrine|Reflect\n|move|p1a: Scizor|Pounce|p2b: Gyarados\n|-resisted|p2b: Gyarados\n|-damage|p2b: Gyarados|13\/100\n|-unboost|p2b: Gyarados|spe|1\n|move|p2b: Gyarados|Iron Head|p1b: Dragonite\n|-damage|p1b: Dragonite|79\/100\n|\n|upkeep\n|turn|6\n|\n|t:|1682001325\n|move|p1b: Dragonite|Dragon Claw|p2a: Indeedee\n|-damage|p2a: Indeedee|0 fnt\n|faint|p2a: Indeedee\n|move|p1a: Scizor|Pounce|p2b: Gyarados\n|-resisted|p2b: Gyarados\n|-damage|p2b: Gyarados|0 fnt\n|faint|p2b: Gyarados\n|\n|upkeep\n|\n|t:|1682001333\n|switch|p2b: Chi-Yu|Chi-Yu, L50|5\/100\n|-ability|p2b: Chi-Yu|Beads of Ruin\n|-enditem|p2b: Chi-Yu|Psychic Seed\n|-boost|p2b: Chi-Yu|spd|1|[from] item: Psychic Seed\n|turn|7\n|l| xerntest\n|\n|t:|1682001346\n|move|p1a: Scizor|Protect|p1a: Scizor\n|-singleturn|p1a: Scizor|Protect\n|move|p1b: Dragonite|Dragon Claw|p2b: Chi-Yu\n|-damage|p2b: Chi-Yu|0 fnt\n|faint|p2b: Chi-Yu\n|\n|win|Sotero23\n|raw|Sotero23's rating: 1407 → 1433<\/strong> (+26 for winning)\n|raw|snowperegrine's rating: 1509 → 1483<\/strong> (-26 for losing)\n|c|\u2606snowperegrine|gg\n|c|\u2606Sotero23|gg\n|l| MondayXyz\n|l| Braindeadmeta\n","uploadtime":1682001387,"views":7,"p1id":"sotero23","p2id":"snowperegrine","formatid":"gen9vgc2023regulationc","rating":1433,"private":0,"password":""}