{"id":"gen9vgc2023regulationc-1850528087","p1":"wildfire2","p2":"YouSlakingBro","format":"[Gen 9] VGC 2023 Regulation C","log":"|j|\u2606wildfire2\n|j|\u2606YouSlakingBro\n|t:|1682345939\n|gametype|doubles\n|player|p1|wildfire2|wallace|\n|player|p2|YouSlakingBro|101|\n|teamsize|p1|6\n|teamsize|p2|6\n|gen|9\n|tier|[Gen 9] VGC 2023 Regulation C\n|rated|Tournament battle\n|rule|Species Clause: Limit one of each Pok\u00e9mon\n|rule|Item Clause: Limit one of each item\n|clearpoke\n|poke|p1|Corviknight, L50, M|\n|poke|p1|Garchomp, L50, F|\n|poke|p1|Flutter Mane, L50|\n|poke|p1|Arcanine, L50, M|\n|poke|p1|Iron Hands, L50|\n|poke|p1|Great Tusk, L50|\n|poke|p2|Indeedee-F, L50, F|\n|poke|p2|Hatterene, L50, F|\n|poke|p2|Torkoal, L50, F|\n|poke|p2|Iron Hands, L50|\n|poke|p2|Brute Bonnet, L50|\n|poke|p2|Chi-Yu, L50|\n|teampreview|4\n|raw| Open Team Sheet for wildfire2<\/summary>Corviknight @ Leftovers Ability: Mirror Armor Level: 50 Shiny: Yes Tera Type: Fighting - Air Slash - Body Press - Hone Claws - Flash Cannon Garchomp @ Choice Scarf Ability: Rough Skin Level: 50 Tera Type: Ground - Earthquake - Dragon Claw - Rock Slide - Iron Head Flutter Mane @ Focus Sash Ability: Protosynthesis Level: 50 Tera Type: Ghost - Dazzling Gleam - Shadow Ball - Protect - Thunder Wave Arcanine @ Rocky Helmet Ability: Intimidate Level: 50 Shiny: Yes Tera Type: Water - Protect - Flare Blitz - Extreme Speed - Tera Blast Iron Hands @ Booster Energy Ability: Quark Drive Level: 50 Tera Type: Fire - Fake Out - Thunder Punch - Fire Punch - Protect Great Tusk @ Life Orb Ability: Protosynthesis Level: 50 Hidden Power: Fighting Tera Type: Dark - Headlong Rush - Ice Spinner - Rapid Spin - Bulk Up <\/details><\/div> Open Team Sheet for YouSlakingBro<\/summary>Indeedee (Indeedee-F) (F) @ Psychic Seed Ability: Psychic Surge Level: 50 Tera Type: Fairy - Follow Me - Trick Room - Helping Hand - Dazzling Gleam Hatterene (F) @ Life Orb Ability: Magic Bounce Level: 50 Tera Type: Fairy - Dazzling Gleam - Psychic - Trick Room - Protect Torkoal @ Choice Specs Ability: Drought Level: 50 Tera Type: Fire - Eruption - Heat Wave - Flamethrower - Earth Power Iron Hands @ Booster Energy Ability: Quark Drive Level: 50 Tera Type: Flying - Drain Punch - Thunder Punch - Swords Dance - Protect Brute Bonnet @ Loaded Dice Ability: Protosynthesis Level: 50 Tera Type: Water - Spore - Rage Powder - Sucker Punch - Bullet Seed Chi-Yu @ Focus Sash Ability: Beads of Ruin Level: 50 Tera Type: Grass - Heat Wave - Dark Pulse - Will-O-Wisp - Protect <\/details><\/div>\n|inactive|Battle timer is ON: inactive players will automatically lose when time's up. (requested by YouSlakingBro)\n|\n|t:|1682346006\n|start\n|switch|p1a: Iron Hands|Iron Hands, L50|100\/100\n|switch|p1b: Flutter Mane|Flutter Mane, L50|100\/100\n|switch|p2a: Indeedee|Indeedee-F, L50, F|100\/100\n|switch|p2b: Hatterene|Hatterene, L50, F|100\/100\n|-fieldstart|move: Psychic Terrain|[from] ability: Psychic Surge|[of] p2a: Indeedee\n|-enditem|p2a: Indeedee|Psychic Seed\n|-boost|p2a: Indeedee|spd|1|[from] item: Psychic Seed\n|-enditem|p1a: Iron Hands|Booster Energy\n|-activate|p1a: Iron Hands|ability: Quark Drive|[fromitem]\n|-start|p1a: Iron Hands|quarkdriveatk\n|turn|1\n|inactive|YouSlakingBro has 30 seconds left.\n|inactive|YouSlakingBro has 20 seconds left.\n|\n|t:|1682346042\n|move|p2a: Indeedee|Follow Me|p2a: Indeedee\n|-singleturn|p2a: Indeedee|move: Follow Me\n|move|p1b: Flutter Mane|Shadow Ball|p2a: Indeedee\n|-immune|p2a: Indeedee\n|move|p1a: Iron Hands|Fire Punch|p2a: Indeedee\n|-damage|p2a: Indeedee|65\/100\n|move|p2b: Hatterene|Trick Room|p2b: Hatterene\n|-fieldstart|move: Trick Room|[of] p2b: Hatterene\n|\n|upkeep\n|turn|2\n|inactive|wildfire2 has 30 seconds left.\n|\n|t:|1682346071\n|move|p2a: Indeedee|Helping Hand|p2b: Hatterene\n|-singleturn|p2b: Hatterene|Helping Hand|[of] p2a: Indeedee\n|move|p1b: Flutter Mane|Protect|p1b: Flutter Mane\n|-singleturn|p1b: Flutter Mane|Protect\n|move|p2b: Hatterene|Dazzling Gleam|p1b: Flutter Mane|[spread] p1a\n|-activate|p1b: Flutter Mane|move: Protect\n|-supereffective|p1a: Iron Hands\n|-damage|p1a: Iron Hands|0 fnt\n|faint|p1a: Iron Hands\n|-end|p1a: Iron Hands|Quark Drive|[silent]\n|-damage|p2b: Hatterene|91\/100|[from] item: Life Orb\n|\n|upkeep\n|\n|t:|1682346086\n|switch|p1a: Arcanine|Arcanine, L50, M, shiny|100\/100\n|-ability|p1a: Arcanine|Intimidate|boost\n|-unboost|p2a: Indeedee|atk|1\n|-unboost|p2b: Hatterene|atk|1\n|turn|3\n|\n|t:|1682346093\n|move|p2a: Indeedee|Follow Me|p2a: Indeedee\n|-singleturn|p2a: Indeedee|move: Follow Me\n|move|p2b: Hatterene|Psychic|p1a: Arcanine\n|-damage|p1a: Arcanine|0 fnt\n|faint|p1a: Arcanine\n|-damage|p2b: Hatterene|82\/100|[from] item: Life Orb\n|move|p1b: Flutter Mane|Shadow Ball|p2a: Indeedee\n|-immune|p2a: Indeedee\n|\n|upkeep\n|inactive|wildfire2 has 30 seconds left.\n|\n|t:|1682346121\n|switch|p1a: Garchomp|Garchomp, L50, F|100\/100\n|turn|4\n|\n|t:|1682346125\n|-terastallize|p1b: Flutter Mane|Ghost\n|move|p1b: Flutter Mane|Dazzling Gleam|p2a: Indeedee|[spread] p2a,p2b\n|-damage|p2a: Indeedee|46\/100\n|-damage|p2b: Hatterene|46\/100\n|move|p1a: Garchomp|Iron Head|p2b: Hatterene\n|-supereffective|p2b: Hatterene\n|-damage|p2b: Hatterene|0 fnt\n|faint|p2b: Hatterene\n|move|p2a: Indeedee|Trick Room|p2a: Indeedee\n|-fieldend|move: Trick Room\n|\n|upkeep\n|\n|t:|1682346134\n|switch|p2b: Chi-Yu|Chi-Yu, L50|100\/100\n|-ability|p2b: Chi-Yu|Beads of Ruin\n|turn|5\n|\n|t:|1682346143\n|move|p2a: Indeedee|Follow Me|p2a: Indeedee\n|-singleturn|p2a: Indeedee|move: Follow Me\n|move|p1a: Garchomp|Iron Head|p2a: Indeedee\n|-damage|p2a: Indeedee|21\/100\n|move|p1b: Flutter Mane|Dazzling Gleam|p2a: Indeedee|[spread] p2a,p2b\n|-damage|p2a: Indeedee|0 fnt\n|-damage|p2b: Chi-Yu|69\/100\n|faint|p2a: Indeedee\n|move|p2b: Chi-Yu|Dark Pulse|p1b: Flutter Mane\n|-supereffective|p1b: Flutter Mane\n|-enditem|p1b: Flutter Mane|Focus Sash\n|-damage|p1b: Flutter Mane|1\/100\n|\n|-fieldend|move: Psychic Terrain\n|upkeep\n|\n|t:|1682346150\n|switch|p2a: Torkoal|Torkoal, L50, F|100\/100\n|-weather|SunnyDay|[from] ability: Drought|[of] p2a: Torkoal\n|-activate|p1b: Flutter Mane|ability: Protosynthesis\n|-start|p1b: Flutter Mane|protosynthesisspe\n|turn|6\n|\n|t:|1682346172\n|-terastallize|p2b: Chi-Yu|Grass\n|move|p1b: Flutter Mane|Shadow Ball|p2a: Torkoal\n|-damage|p2a: Torkoal|2\/100\n|move|p1a: Garchomp|Iron Head|p2a: Torkoal\n|-resisted|p2a: Torkoal\n|-damage|p2a: Torkoal|0 fnt\n|faint|p2a: Torkoal\n|move|p2b: Chi-Yu|Heat Wave|p1a: Garchomp|[spread] p1a,p1b\n|-resisted|p1a: Garchomp\n|-damage|p1a: Garchomp|52\/100\n|-damage|p1b: Flutter Mane|0 fnt\n|faint|p1b: Flutter Mane\n|-end|p1b: Flutter Mane|Protosynthesis|[silent]\n|\n|-weather|SunnyDay|[upkeep]\n|upkeep\n|turn|7\n|\n|t:|1682346185\n|move|p1a: Garchomp|Iron Head|p2b: Chi-Yu\n|-damage|p2b: Chi-Yu|33\/100\n|cant|p2b: Chi-Yu|flinch\n|\n|-weather|SunnyDay|[upkeep]\n|upkeep\n|turn|8\n|\n|t:|1682346191\n|move|p2b: Chi-Yu|Protect|p2b: Chi-Yu\n|-singleturn|p2b: Chi-Yu|Protect\n|move|p1a: Garchomp|Iron Head|p2b: Chi-Yu\n|-activate|p2b: Chi-Yu|move: Protect\n|\n|-weather|SunnyDay|[upkeep]\n|upkeep\n|turn|9\n|\n|t:|1682346194\n|move|p1a: Garchomp|Iron Head|p2b: Chi-Yu\n|-damage|p2b: Chi-Yu|0 fnt\n|faint|p2b: Chi-Yu\n|\n|win|wildfire2\n|n|\u2606wildfire2|wildfire2\n|n|\u2606YouSlakingBro|youslakingbro\n|l|\u2606YouSlakingBro\n|c|\u2606wildfire2|Gf\n","uploadtime":1682346213,"views":28,"p1id":"wildfire2","p2id":"youslakingbro","formatid":"gen9vgc2023regulationc","rating":0,"private":0,"password":""}