{"id":"gen9vgc2023regulationc-1852104611","p1":"pokemonmasteernico","p2":"jcgualde2","format":"[Gen 9] VGC 2023 Regulation C","log":"|j|\u2606pokemonmasteernico\n|j|\u2606jcgualde2\n|t:|1682524489\n|gametype|doubles\n|player|p1|pokemonmasteernico|veteran|\n|player|p2|jcgualde2|169|\n|teamsize|p1|6\n|teamsize|p2|6\n|gen|9\n|tier|[Gen 9] VGC 2023 Regulation C\n|rule|Species Clause: Limit one of each Pok\u00e9mon\n|rule|Item Clause: Limit one of each item\n|clearpoke\n|poke|p1|Scream Tail, L50|\n|poke|p1|Dragapult, L50, M|\n|poke|p1|Gholdengo, L50|\n|poke|p1|Talonflame, L50, M|\n|poke|p1|Chien-Pao, L50|\n|poke|p1|Azumarill, L50, M|\n|poke|p2|Glimmora, L50, F|\n|poke|p2|Wo-Chien, L50|\n|poke|p2|Palafin, L50, F|\n|poke|p2|Iron Jugulis, L50|\n|poke|p2|Great Tusk, L50|\n|poke|p2|Arcanine, L50, F|\n|teampreview|4\njcgualde2 has agreed to open team sheets.\npokemonmasteernico has agreed to open team sheets.\n|inactive|Battle timer is ON: inactive players will automatically lose when time's up. (requested by jcgualde2)\n|\n|t:|1682524575\n|start\n|switch|p1a: Scream Tail|Scream Tail, L50|100\/100\n|switch|p1b: Azumarill|Azumarill, L50, M|100\/100\n|switch|p2a: Iron Jugulis|Iron Jugulis, L50|100\/100\n|switch|p2b: Great Tusk|Great Tusk, L50|100\/100\n|-enditem|p2a: Iron Jugulis|Booster Energy\n|-activate|p2a: Iron Jugulis|ability: Quark Drive|[fromitem]\n|-start|p2a: Iron Jugulis|quarkdrivespe\n|-enditem|p1a: Scream Tail|Booster Energy\n|-activate|p1a: Scream Tail|ability: Protosynthesis|[fromitem]\n|-start|p1a: Scream Tail|protosynthesisspe\n|turn|1\n|inactive|pokemonmasteernico has 30 seconds left.\n|inactive|jcgualde2 has 30 seconds left.\n|inactive|pokemonmasteernico has 20 seconds left.\n|\n|t:|1682524613\n|move|p1b: Azumarill|Aqua Jet|p2b: Great Tusk\n|-supereffective|p2b: Great Tusk\n|-damage|p2b: Great Tusk|65\/100\n|move|p2a: Iron Jugulis|Tailwind|p2a: Iron Jugulis\n|-sidestart|p2: jcgualde2|move: Tailwind\n|move|p2b: Great Tusk|Earthquake|p1b: Azumarill|[spread] p1a,p1b\n|-immune|p2a: Iron Jugulis\n|-damage|p1a: Scream Tail|61\/100\n|-damage|p1b: Azumarill|43\/100\n|move|p1a: Scream Tail|Play Rough|p2a: Iron Jugulis\n|-supereffective|p2a: Iron Jugulis\n|-damage|p2a: Iron Jugulis|57\/100\n|\n|upkeep\n|turn|2\n|\n|t:|1682524631\n|-end|p2b: Great Tusk|Protosynthesis|[silent]\n|switch|p2b: Wo-Chien|Wo-Chien, L50|100\/100\n|-ability|p2b: Wo-Chien|Tablets of Ruin\n|move|p2a: Iron Jugulis|Air Slash|p1b: Azumarill\n|-damage|p1b: Azumarill|20\/100\n|move|p1a: Scream Tail|Disable||[still]\n|-fail|p1a: Scream Tail\n|move|p1b: Azumarill|Play Rough|p2a: Iron Jugulis|[miss]\n|-miss|p1b: Azumarill|p2a: Iron Jugulis\n|\n|upkeep\n|turn|3\n|inactive|pokemonmasteernico has 30 seconds left.\n|inactive|pokemonmasteernico has 20 seconds left.\n|inactive|pokemonmasteernico has 15 seconds left.\n|\n|t:|1682524675\n|switch|p1b: Gholdengo|Gholdengo, L50|100\/100\n|move|p2a: Iron Jugulis|Air Slash|p1b: Gholdengo\n|-resisted|p1b: Gholdengo\n|-damage|p1b: Gholdengo|81\/100\n|move|p1a: Scream Tail|Play Rough|p2a: Iron Jugulis|[miss]\n|-miss|p1a: Scream Tail|p2a: Iron Jugulis\n|move|p2b: Wo-Chien|Leech Seed|p1a: Scream Tail\n|-start|p1a: Scream Tail|move: Leech Seed\n|\n|-damage|p1a: Scream Tail|49\/100|[from] Leech Seed|[of] p2b: Wo-Chien\n|upkeep\n|turn|4\n|inactive|pokemonmasteernico has 30 seconds left.\n|inactive|pokemonmasteernico has 20 seconds left.\n|\n|t:|1682524712\n|move|p2a: Iron Jugulis|Snarl|p1b: Gholdengo|[spread] p1a,p1b\n|-supereffective|p1b: Gholdengo\n|-damage|p1a: Scream Tail|37\/100\n|-damage|p1b: Gholdengo|39\/100\n|-unboost|p1a: Scream Tail|spa|1\n|-unboost|p1b: Gholdengo|spa|1\n|move|p1a: Scream Tail|Play Rough|p2a: Iron Jugulis\n|-supereffective|p2a: Iron Jugulis\n|-damage|p2a: Iron Jugulis|21\/100\n|move|p2b: Wo-Chien|Pollen Puff|p2a: Iron Jugulis\n|-heal|p2a: Iron Jugulis|71\/100\n|move|p1b: Gholdengo|Thunderbolt|p2b: Wo-Chien\n|-resisted|p2b: Wo-Chien\n|-damage|p2b: Wo-Chien|90\/100\n|\n|-heal|p2b: Wo-Chien|96\/100|[from] item: Leftovers\n|-damage|p1a: Scream Tail|24\/100|[from] Leech Seed|[of] p2b: Wo-Chien\n|-heal|p2b: Wo-Chien|100\/100|[silent]\n|-sideend|p2: jcgualde2|move: Tailwind\n|upkeep\n|turn|5\n|\n|t:|1682524736\n|move|p2a: Iron Jugulis|Snarl|p1b: Gholdengo|[spread] p1a,p1b\n|-supereffective|p1b: Gholdengo\n|-crit|p1b: Gholdengo\n|-damage|p1a: Scream Tail|13\/100\n|-damage|p1b: Gholdengo|0 fnt\n|-unboost|p1a: Scream Tail|spa|1\n|faint|p1b: Gholdengo\n|move|p1a: Scream Tail|Disable|p2b: Wo-Chien\n|-start|p2b: Wo-Chien|Disable|Pollen Puff\n|cant|p2b: Wo-Chien|Disable|Pollen Puff\n|\n|-damage|p1a: Scream Tail|1\/100|[from] Leech Seed|[of] p2b: Wo-Chien\n|upkeep\n|\n|t:|1682524747\n|switch|p1b: Dragapult|Dragapult, L50, M, shiny|100\/100\n|turn|6\n|inactive|pokemonmasteernico has 30 seconds left.\n|inactive|pokemonmasteernico has 20 seconds left.\n|\n|t:|1682524784\n|-terastallize|p1b: Dragapult|Steel\n|move|p2a: Iron Jugulis|Snarl|p1b: Dragapult|[spread] p1a,p1b\n|-damage|p1a: Scream Tail|0 fnt\n|-damage|p1b: Dragapult|79\/100\n|faint|p1a: Scream Tail\n|-end|p1a: Scream Tail|Protosynthesis|[silent]\n|move|p1b: Dragapult|Dragon Darts|p2b: Wo-Chien\n|-damage|p2b: Wo-Chien|80\/100\n|-anim|p1b: Dragapult|Dragon Darts|p2a: Iron Jugulis\n|-damage|p2a: Iron Jugulis|41\/100\n|move|p2b: Wo-Chien|Foul Play|p1b: Dragapult\n|-damage|p1b: Dragapult|16\/100\n|\n|-heal|p2b: Wo-Chien|86\/100|[from] item: Leftovers\n|upkeep\n|\n|t:|1682524797\n|switch|p1a: Azumarill|Azumarill, L50, M|20\/100\n|turn|7\n|\n|t:|1682524810\n|move|p2a: Iron Jugulis|Protect|p2a: Iron Jugulis\n|-singleturn|p2a: Iron Jugulis|Protect\n|move|p1b: Dragapult|Dragon Darts|p2b: Wo-Chien\n|-damage|p2b: Wo-Chien|66\/100\n|-anim|p1b: Dragapult|Dragon Darts|p2b: Wo-Chien\n|-damage|p2b: Wo-Chien|44\/100\n|move|p2b: Wo-Chien|Foul Play|p1b: Dragapult\n|-damage|p1b: Dragapult|0 fnt\n|faint|p1b: Dragapult\n|move|p1a: Azumarill|Ice Spinner|p2b: Wo-Chien\n|-supereffective|p2b: Wo-Chien\n|-damage|p2b: Wo-Chien|6\/100\n|\n|-heal|p2b: Wo-Chien|12\/100|[from] item: Leftovers\n|upkeep\n|turn|8\n|\n|t:|1682524831\n|move|p1a: Azumarill|Aqua Jet|p2b: Wo-Chien\n|-resisted|p2b: Wo-Chien\n|-damage|p2b: Wo-Chien|6\/100\n|move|p2a: Iron Jugulis|Air Slash|p1a: Azumarill\n|-crit|p1a: Azumarill\n|-damage|p1a: Azumarill|0 fnt\n|faint|p1a: Azumarill\n|\n|win|jcgualde2\n|l|\u2606pokemonmasteernico\n","uploadtime":1682525325,"views":10,"p1id":"pokemonmasteernico","p2id":"jcgualde2","formatid":"gen9vgc2023regulationc","rating":0,"private":0,"password":""}