{"id":"gen9vgc2023regulationc-1858236317","p1":"tycocs","p2":"IlTonno","format":"[Gen 9] VGC 2023 Regulation C","log":"|j|\u2606tycocs\n|j|\u2606IlTonno\n|t:|1683293987\n|gametype|doubles\n|player|p1|tycocs|170|1270\n|player|p2|IlTonno|janitor|1269\n|teamsize|p1|6\n|teamsize|p2|6\n|gen|9\n|tier|[Gen 9] VGC 2023 Regulation C\n|rated|\n|rule|Species Clause: Limit one of each Pok\u00e9mon\n|rule|Item Clause: Limit one of each item\n|clearpoke\n|poke|p1|Gyarados, L50, F|\n|poke|p1|Talonflame, L50, M|\n|poke|p1|Flutter Mane, L50|\n|poke|p1|Indeedee-F, L50, F|\n|poke|p1|Garchomp, L50, M|\n|poke|p1|Chi-Yu, L50|\n|poke|p2|Orthworm, L50, F|\n|poke|p2|Ting-Lu, L50|\n|poke|p2|Dragonite, L50, F|\n|poke|p2|Chien-Pao, L50|\n|poke|p2|Arcanine, L50, F|\n|poke|p2|Flutter Mane, L50|\n|teampreview|4\n|inactive|Battle timer is ON: inactive players will automatically lose when time's up. (requested by IlTonno)\n|inactive|tycocs has 60 seconds left.\n|inactive|IlTonno has 60 seconds left.\n|\n|t:|1683294042\n|start\n|switch|p1a: Gyarados|Gyarados, L50, F|100\/100\n|switch|p1b: Chi-Yu|Chi-Yu, L50|100\/100\n|switch|p2a: Flutter Mane|Flutter Mane, L50|100\/100\n|switch|p2b: Arcanine|Arcanine, L50, F|100\/100\n|-ability|p1b: Chi-Yu|Beads of Ruin\n|-ability|p2b: Arcanine|Intimidate|boost\n|-unboost|p1a: Gyarados|atk|1\n|-unboost|p1b: Chi-Yu|atk|1\n|-ability|p1a: Gyarados|Intimidate|boost\n|-unboost|p2a: Flutter Mane|atk|1\n|-unboost|p2b: Arcanine|atk|1\n|turn|1\n|inactive|tycocs has 30 seconds left.\n|inactive|IlTonno has 30 seconds left.\n|inactive|tycocs has 20 seconds left.\n|\n|t:|1683294080\n|move|p1b: Chi-Yu|Protect|p1b: Chi-Yu\n|-singleturn|p1b: Chi-Yu|Protect\n|move|p2a: Flutter Mane|Thunderbolt|p1a: Gyarados\n|-supereffective|p1a: Gyarados\n|-damage|p1a: Gyarados|0 fnt\n|faint|p1a: Gyarados\n|move|p2b: Arcanine|Will-O-Wisp|p1b: Chi-Yu\n|-activate|p1b: Chi-Yu|move: Protect\n|\n|upkeep\n|\n|t:|1683294094\n|switch|p1a: Talonflame|Talonflame, L50, M|100\/100\n|turn|2\n|\n|t:|1683294111\n|move|p1a: Talonflame|Protect|p1a: Talonflame\n|-singleturn|p1a: Talonflame|Protect\n|move|p2b: Arcanine|Extreme Speed|p1b: Chi-Yu\n|-damage|p1b: Chi-Yu|77\/100\n|move|p2a: Flutter Mane|Thunderbolt|p1a: Talonflame\n|-activate|p1a: Talonflame|move: Protect\n|move|p1b: Chi-Yu|Dark Pulse|p2b: Arcanine\n|-damage|p2b: Arcanine|43\/100\n|\n|upkeep\n|turn|3\n|\n|t:|1683294134\n|switch|p1a: Garchomp|Garchomp, L50, M|100\/100\n|switch|p2b: Dragonite|Dragonite, L50, F|100\/100\n|move|p2a: Flutter Mane|Thunderbolt|p1a: Garchomp\n|-immune|p1a: Garchomp\n|move|p1b: Chi-Yu|Dark Pulse|p2b: Dragonite\n|-damage|p2b: Dragonite|73\/100\n|\n|upkeep\n|turn|4\n|inactive|tycocs has 30 seconds left.\n|\n|t:|1683294160\n|-end|p2a: Flutter Mane|Protosynthesis|[silent]\n|switch|p2a: Arcanine|Arcanine, L50, F|43\/100\n|-ability|p2a: Arcanine|Intimidate|boost\n|-unboost|p1a: Garchomp|atk|1\n|-unboost|p1b: Chi-Yu|atk|1\n|switch|p1a: Talonflame|Talonflame, L50, M|100\/100\n|-terastallize|p2b: Dragonite|Flying\n|move|p1b: Chi-Yu|Dark Pulse|p2a: Arcanine\n|-damage|p2a: Arcanine|0 fnt\n|faint|p2a: Arcanine\n|move|p2b: Dragonite|Dragon Dance|p2b: Dragonite\n|-boost|p2b: Dragonite|atk|1\n|-boost|p2b: Dragonite|spe|1\n|\n|upkeep\n|\n|t:|1683294178\n|switch|p2a: Flutter Mane|Flutter Mane, L50|100\/100\n|turn|5\n|inactive|IlTonno has 30 seconds left.\n|\n|t:|1683294204\n|move|p1a: Talonflame|Tailwind|p1a: Talonflame\n|-sidestart|p1: tycocs|move: Tailwind\n|move|p1b: Chi-Yu|Overheat|p2b: Dragonite\n|-damage|p2b: Dragonite|0 fnt\n|-unboost|p1b: Chi-Yu|spa|2\n|faint|p2b: Dragonite\n|move|p2a: Flutter Mane|Dazzling Gleam|p1b: Chi-Yu|[spread] p1a,p1b\n|-resisted|p1a: Talonflame\n|-damage|p1a: Talonflame|57\/100\n|-damage|p1b: Chi-Yu|23\/100\n|\n|upkeep\n|\n|t:|1683294215\n|switch|p2b: Chien-Pao|Chien-Pao, L50|100\/100\n|-ability|p2b: Chien-Pao|Sword of Ruin\n|turn|6\n|\n|t:|1683294230\n|move|p2b: Chien-Pao|Protect|p2b: Chien-Pao\n|-singleturn|p2b: Chien-Pao|Protect\n|move|p1b: Chi-Yu|Heat Wave|p2b: Chien-Pao|[spread] p2a\n|-activate|p2b: Chien-Pao|move: Protect\n|-damage|p2a: Flutter Mane|77\/100\n|move|p1a: Talonflame|Will-O-Wisp|p2b: Chien-Pao\n|-activate|p2b: Chien-Pao|move: Protect\n|move|p2a: Flutter Mane|Dazzling Gleam|p1b: Chi-Yu|[spread] p1a,p1b\n|-resisted|p1a: Talonflame\n|-crit|p1a: Talonflame\n|-damage|p1a: Talonflame|0 fnt\n|-damage|p1b: Chi-Yu|0 fnt\n|faint|p1a: Talonflame\n|faint|p1b: Chi-Yu\n|\n|upkeep\n|\n|t:|1683294246\n|switch|p1b: Garchomp|Garchomp, L50, M|100\/100\n|turn|7\n|\n|t:|1683294257\n|-terastallize|p1b: Garchomp|Steel\n|move|p1b: Garchomp|Iron Head|p2b: Chien-Pao\n|-supereffective|p2b: Chien-Pao\n|-crit|p2b: Chien-Pao\n|-enditem|p2b: Chien-Pao|Focus Sash\n|-damage|p2b: Chien-Pao|1\/100\n|cant|p2b: Chien-Pao|flinch\n|move|p2a: Flutter Mane|Dazzling Gleam|p1b: Garchomp\n|-resisted|p1b: Garchomp\n|-damage|p1b: Garchomp|77\/100\n|\n|upkeep\n|turn|8\n|inactive|tycocs has 30 seconds left.\n|\n|t:|1683294287\n|move|p2b: Chien-Pao|Protect|p2b: Chien-Pao\n|-singleturn|p2b: Chien-Pao|Protect\n|move|p1b: Garchomp|Earthquake|p2a: Flutter Mane|[spread] p2a\n|-activate|p2b: Chien-Pao|move: Protect\n|-crit|p2a: Flutter Mane\n|-damage|p2a: Flutter Mane|0 fnt\n|faint|p2a: Flutter Mane\n|-end|p2a: Flutter Mane|Protosynthesis|[silent]\n|\n|-sideend|p1: tycocs|move: Tailwind\n|upkeep\n|turn|9\n|\n|t:|1683294299\n|move|p2b: Chien-Pao|Sacred Sword|p1b: Garchomp\n|-supereffective|p1b: Garchomp\n|-damage|p1b: Garchomp|0 fnt\n|-damage|p2b: Chien-Pao|0 fnt|[from] ability: Rough Skin|[of] p1b: Garchomp\n|faint|p1b: Garchomp\n|faint|p2b: Chien-Pao\n|\n|win|IlTonno\n|raw|tycocs's rating: 1270 → 1245<\/strong> (-25 for losing)\n|raw|IlTonno's rating: 1269 → 1294<\/strong> (+25 for winning)\n","uploadtime":1683294311,"views":10,"p1id":"tycocs","p2id":"iltonno","formatid":"gen9vgc2023regulationc","rating":1245,"private":0,"password":""}