{"id":"gen9vgc2023regulationc-1863280659","p1":"Icefanngs","p2":"calidom","format":"[Gen 9] VGC 2023 Regulation C","log":"|j|\u2606Icefanngs\n|j|\u2606calidom\n|t:|1683997335\n|gametype|doubles\n|player|p1|Icefanngs|169|1076\n|player|p2|calidom|101|1138\n|teamsize|p1|6\n|teamsize|p2|6\n|gen|9\n|tier|[Gen 9] VGC 2023 Regulation C\n|rated|\n|rule|Species Clause: Limit one of each Pok\u00e9mon\n|rule|Item Clause: Limit one of each item\n|clearpoke\n|poke|p1|Vaporeon, L50, F|\n|poke|p1|Jolteon, L50, M|\n|poke|p1|Flareon, L50, M|\n|poke|p1|Umbreon, L50, M|\n|poke|p1|Espeon, L50, F|\n|poke|p1|Sylveon, L50, F|\n|poke|p2|Iron Hands, L50|\n|poke|p2|Pelipper, L50, F|\n|poke|p2|Ceruledge, L50, M|\n|poke|p2|Palafin, L50, M|\n|poke|p2|Amoonguss, L50, M|\n|poke|p2|Iron Moth, L50|\n|teampreview|4\n|inactive|Battle timer is ON: inactive players will automatically lose when time's up. (requested by calidom)\n|inactive|Icefanngs has 60 seconds left.\n|\n|t:|1683997382\n|start\n|switch|p1a: Vaporeon|Vaporeon, L50, F|100\/100\n|switch|p1b: Espeon|Espeon, L50, F|100\/100\n|switch|p2a: Iron Moth|Iron Moth, L50|100\/100\n|switch|p2b: Iron Hands|Iron Hands, L50|100\/100\n|turn|1\n|\n|t:|1683997404\n|move|p1b: Espeon|Protect|p1b: Espeon\n|-singleturn|p1b: Espeon|Protect\n|move|p2b: Iron Hands|Fake Out|p1b: Espeon\n|-activate|p1b: Espeon|move: Protect\n|move|p2a: Iron Moth|U-turn|p1b: Espeon\n|-activate|p1b: Espeon|move: Protect\n|move|p1a: Vaporeon|Icy Wind|p2a: Iron Moth|[spread] p2a,p2b\n|-resisted|p2a: Iron Moth\n|-damage|p2a: Iron Moth|96\/100\n|-damage|p2b: Iron Hands|88\/100\n|-unboost|p2a: Iron Moth|spe|1\n|-unboost|p2b: Iron Hands|spe|1\n|\n|upkeep\n|turn|2\n|\n|t:|1683997417\n|move|p1b: Espeon|Substitute|p1b: Espeon\n|-start|p1b: Espeon|Substitute\n|-damage|p1b: Espeon|76\/100\n|move|p2a: Iron Moth|U-turn|p1b: Espeon\n|-supereffective|p1b: Espeon\n|-end|p1b: Espeon|Substitute\n|\n|t:|1683997423\n|-end|p2a: Iron Moth|Quark Drive|[silent]\n|switch|p2a: Amoonguss|Amoonguss, L50, M|100\/100|[from] U-turn\n|move|p1a: Vaporeon|Muddy Water|p2a: Amoonguss|[spread] p2a,p2b\n|-resisted|p2a: Amoonguss\n|-damage|p2a: Amoonguss|88\/100\n|-damage|p2b: Iron Hands|59\/100\n|move|p2b: Iron Hands|Wild Charge|p1a: Vaporeon\n|-supereffective|p1a: Vaporeon\n|-damage|p1a: Vaporeon|7\/100\n|-damage|p2b: Iron Hands|40\/100|[from] Recoil\n|\n|-heal|p1b: Espeon|82\/100|[from] item: Leftovers\n|upkeep\n|turn|3\n|inactive|calidom has 30 seconds left.\n|inactive|calidom has 20 seconds left.\n|\n|t:|1683997458\n|move|p2a: Amoonguss|Rage Powder|p2a: Amoonguss\n|-singleturn|p2a: Amoonguss|move: Rage Powder\n|move|p1b: Espeon|Calm Mind|p1b: Espeon\n|-boost|p1b: Espeon|spa|1\n|-boost|p1b: Espeon|spd|1\n|move|p1a: Vaporeon|Icy Wind|p2b: Iron Hands|[spread] p2a,p2b\n|-supereffective|p2a: Amoonguss\n|-damage|p2a: Amoonguss|64\/100\n|-damage|p2b: Iron Hands|29\/100\n|-unboost|p2a: Amoonguss|spe|1\n|-unboost|p2b: Iron Hands|spe|1\n|move|p2b: Iron Hands|Drain Punch|p1a: Vaporeon\n|-damage|p1a: Vaporeon|0 fnt\n|-heal|p2b: Iron Hands|31\/100|[from] drain|[of] p1a: Vaporeon\n|faint|p1a: Vaporeon\n|\n|-heal|p1b: Espeon|87\/100|[from] item: Leftovers\n|upkeep\n|inactive|Icefanngs has 30 seconds left.\n|inactive|Icefanngs has 20 seconds left.\n|\n|t:|1683997496\n|switch|p1a: Jolteon|Jolteon, L50, M|100\/100\n|turn|4\n|inactive|calidom has 30 seconds left.\n|\n|t:|1683997522\n|-end|p2b: Iron Hands|Quark Drive|[silent]\n|switch|p2b: Ceruledge|Ceruledge, L50, M|100\/100\n|-terastallize|p1a: Jolteon|Normal\n|move|p2a: Amoonguss|Protect|p2a: Amoonguss\n|-singleturn|p2a: Amoonguss|Protect\n|move|p1a: Jolteon|Hyper Voice|p2b: Ceruledge|[spread] \n|-activate|p2a: Amoonguss|move: Protect\n|-immune|p2b: Ceruledge\n|move|p1b: Espeon|Calm Mind|p1b: Espeon\n|-boost|p1b: Espeon|spa|1\n|-boost|p1b: Espeon|spd|1\n|\n|-heal|p1b: Espeon|93\/100|[from] item: Leftovers\n|upkeep\n|turn|5\n|inactive|Icefanngs has 30 seconds left.\n|inactive|calidom has 30 seconds left.\n|inactive|calidom has 20 seconds left.\n|inactive|calidom has 15 seconds left.\n|inactive|calidom has 10 seconds left.\n|inactive|calidom has 5 seconds left.\n|\n|t:|1683997577\n|move|p1a: Jolteon|Volt Switch|p2b: Ceruledge\n|-damage|p2b: Ceruledge|63\/100\n|-damage|p1a: Jolteon|90\/100|[from] item: Life Orb\n|\n|t:|1683997581\n|switch|p1a: Umbreon|Umbreon, L50, M|100\/100|[from] Volt Switch\n|move|p1b: Espeon|Stored Power|p2a: Amoonguss\n|-supereffective|p2a: Amoonguss\n|-damage|p2a: Amoonguss|0 fnt\n|faint|p2a: Amoonguss\n|move|p2b: Ceruledge|Bitter Blade|p1a: Umbreon\n|-damage|p1a: Umbreon|74\/100\n|-heal|p2b: Ceruledge|78\/100|[from] drain|[of] p1a: Umbreon\n|\n|-heal|p1b: Espeon|99\/100|[from] item: Leftovers\n|upkeep\n|inactive|calidom has 30 seconds left.\n|inactive|calidom has 20 seconds left.\n|inactive|calidom has 15 seconds left.\n|inactive|calidom has 10 seconds left.\n|inactive|calidom has 5 seconds left.\n|\n|t:|1683997636\n|switch|p2a: Iron Moth|Iron Moth, L50|96\/100\n|turn|6\n|inactive|calidom has 30 seconds left.\n|inactive|calidom has 20 seconds left.\n|inactive|calidom has 15 seconds left.\n|c|\u2606Icefanngs|Gg\n|inactive|calidom has 10 seconds left.\n|inactive|calidom has 5 seconds left.\n|\n|t:|1683997691\n|move|p2a: Iron Moth|U-turn|p1a: Umbreon\n|-supereffective|p1a: Umbreon\n|-damage|p1a: Umbreon|61\/100\n|\n|t:|1683997698\n|-end|p2a: Iron Moth|Quark Drive|[silent]\n|switch|p2a: Iron Hands|Iron Hands, L50|31\/100|[from] U-turn\n|move|p1b: Espeon|Stored Power|p2a: Iron Hands\n|-supereffective|p2a: Iron Hands\n|-damage|p2a: Iron Hands|0 fnt\n|faint|p2a: Iron Hands\n|-end|p2a: Iron Hands|Quark Drive|[silent]\n|move|p2b: Ceruledge|Bitter Blade|p1a: Umbreon\n|-damage|p1a: Umbreon|31\/100\n|-heal|p2b: Ceruledge|94\/100|[from] drain|[of] p1a: Umbreon\n|-enditem|p1a: Umbreon|Sitrus Berry|[eat]\n|-heal|p1a: Umbreon|56\/100|[from] item: Sitrus Berry\n|move|p1a: Umbreon|Foul Play|p2b: Ceruledge\n|-supereffective|p2b: Ceruledge\n|-damage|p2b: Ceruledge|0 fnt\n|faint|p2b: Ceruledge\n|\n|-heal|p1b: Espeon|100\/100|[from] item: Leftovers\n|upkeep\n|\n|t:|1683997705\n|switch|p2a: Iron Moth|Iron Moth, L50|96\/100\n|turn|7\n|\n|t:|1683997716\n|-terastallize|p2a: Iron Moth|Fire\n|move|p1b: Espeon|Stored Power|p2a: Iron Moth\n|-damage|p2a: Iron Moth|38\/100\n|move|p2a: Iron Moth|Dazzling Gleam|p1a: Umbreon|[spread] p1a,p1b\n|-supereffective|p1a: Umbreon\n|-damage|p1a: Umbreon|24\/100\n|-damage|p1b: Espeon|87\/100\n|move|p1a: Umbreon|Thunder Wave|p2a: Iron Moth\n|-status|p2a: Iron Moth|par\n|\n|-heal|p1b: Espeon|93\/100|[from] item: Leftovers\n|upkeep\n|turn|8\n|-message|calidom forfeited.\n|\n|win|Icefanngs\n|raw|Icefanngs's rating: 1076 → 1110<\/strong> (+34 for winning)\n|raw|calidom's rating: 1138 → 1109<\/strong> (-29 for losing)\n|l|\u2606calidom\n","uploadtime":1683997735,"views":1,"p1id":"icefanngs","p2id":"calidom","formatid":"gen9vgc2023regulationc","rating":1109,"private":0,"password":""}