{"id":"gen9vgc2023regulationc-1857888433","p1":"Steakman5","p2":"Nehzzy","format":"[Gen 9] VGC 2023 Regulation C","log":"|j|\u2606Steakman5\n|j|\u2606Nehzzy\n|t:|1683243429\n|gametype|doubles\n|player|p1|Steakman5|swimmer-gen4|1183\n|player|p2|Nehzzy|265|1163\n|teamsize|p1|6\n|teamsize|p2|6\n|gen|9\n|tier|[Gen 9] VGC 2023 Regulation C\n|rated|\n|rule|Species Clause: Limit one of each Pok\u00e9mon\n|rule|Item Clause: Limit one of each item\n|clearpoke\n|poke|p1|Scream Tail, L50|\n|poke|p1|Dragapult, L50, M|\n|poke|p1|Pawmot, L50, F|\n|poke|p1|Dragonite, L50, F|\n|poke|p1|Amoonguss, L50, F|\n|poke|p1|Iron Bundle, L50|\n|poke|p2|Orthworm, L50, F|\n|poke|p2|Amoonguss, L50, M|\n|poke|p2|Gholdengo, L50|\n|poke|p2|Gyarados, L50, F|\n|poke|p2|Dragonite, L50, M|\n|poke|p2|Ting-Lu, L50|\n|teampreview|4\nNehzzy has agreed to open team sheets.\n|inactive|Battle timer is ON: inactive players will automatically lose when time's up. (requested by Nehzzy)\n|\n|t:|1683243463\n|start\n|switch|p1a: Scream Tail|Scream Tail, L50|100\/100\n|switch|p1b: Pawmot|Pawmot, L50, F|100\/100\n|switch|p2a: Ting-Lu|Ting-Lu, L50|100\/100\n|switch|p2b: Orthworm|Orthworm, L50, F, shiny|100\/100\n|-ability|p2a: Ting-Lu|Vessel of Ruin\n|turn|1\n|\n|t:|1683243483\n|move|p1b: Pawmot|Close Combat|p2a: Ting-Lu\n|-supereffective|p2a: Ting-Lu\n|-damage|p2a: Ting-Lu|41\/100\n|-unboost|p1b: Pawmot|def|1\n|-unboost|p1b: Pawmot|spd|1\n|move|p1a: Scream Tail|Howl|p1a: Scream Tail|[spread] p1a,p1b\n|-boost|p1a: Scream Tail|atk|1\n|-boost|p1b: Pawmot|atk|1\n|move|p2b: Orthworm|Shed Tail|p2b: Orthworm\n|-start|p2b: Orthworm|Substitute|[from] move: Shed Tail\n|-damage|p2b: Orthworm|50\/100\n|\n|t:|1683243494\n|switch|p2b: Dragonite|Dragonite, L50, M|100\/100|[from] Shed Tail\n|move|p2a: Ting-Lu|Earthquake|p1a: Scream Tail|[spread] p1a,p1b\n|-immune|p2b: Dragonite\n|-supereffective|p1b: Pawmot\n|-damage|p1a: Scream Tail|72\/100\n|-enditem|p1b: Pawmot|Focus Sash\n|-damage|p1b: Pawmot|1\/100\n|\n|-heal|p1a: Scream Tail|78\/100|[from] item: Leftovers\n|upkeep\n|turn|2\n|\n|t:|1683243518\n|switch|p1b: Amoonguss|Amoonguss, L50, F|100\/100\n|-terastallize|p2b: Dragonite|Flying\n|move|p2b: Dragonite|Dragon Dance|p2b: Dragonite\n|-boost|p2b: Dragonite|atk|1\n|-boost|p2b: Dragonite|spe|1\n|move|p1a: Scream Tail|Play Rough|p2a: Ting-Lu\n|-supereffective|p2a: Ting-Lu\n|-damage|p2a: Ting-Lu|0 fnt\n|faint|p2a: Ting-Lu\n|\n|-heal|p1a: Scream Tail|84\/100|[from] item: Leftovers\n|upkeep\n|\n|t:|1683243531\n|switch|p2a: Gholdengo|Gholdengo, L50|100\/100\n|turn|3\n|\n|t:|1683243553\n|move|p1b: Amoonguss|Rage Powder|p1b: Amoonguss\n|-singleturn|p1b: Amoonguss|move: Rage Powder\n|move|p2b: Dragonite|Tera Blast|p1b: Amoonguss\n|-supereffective|p1b: Amoonguss\n|-damage|p1b: Amoonguss|0 fnt\n|faint|p1b: Amoonguss\n|move|p1a: Scream Tail|Wish|p1a: Scream Tail\n|move|p2a: Gholdengo|Make It Rain|p1a: Scream Tail\n|-supereffective|p1a: Scream Tail\n|-damage|p1a: Scream Tail|0 fnt\n|-unboost|p2a: Gholdengo|spa|1\n|faint|p1a: Scream Tail\n|-end|p1a: Scream Tail|Protosynthesis|[silent]\n|-damage|p2a: Gholdengo|91\/100|[from] item: Life Orb\n|\n|upkeep\n|\n|t:|1683243561\n|switch|p1a: Pawmot|Pawmot, L50, F|1\/100\n|switch|p1b: Iron Bundle|Iron Bundle, L50|100\/100\n|-enditem|p1b: Iron Bundle|Booster Energy\n|-activate|p1b: Iron Bundle|ability: Quark Drive|[fromitem]\n|-start|p1b: Iron Bundle|quarkdrivespe\n|turn|4\n|\n|t:|1683243576\n|move|p1a: Pawmot|Protect|p1a: Pawmot\n|-singleturn|p1a: Pawmot|Protect\n|move|p1b: Iron Bundle|Icy Wind|p2a: Gholdengo|[spread] p2a,p2b\n|-supereffective|p2b: Dragonite\n|-end|p2b: Dragonite|Substitute\n|-resisted|p2a: Gholdengo\n|-damage|p2a: Gholdengo|83\/100\n|-unboost|p2a: Gholdengo|spe|1\n|move|p2b: Dragonite|Thunder Punch|p1b: Iron Bundle\n|-supereffective|p1b: Iron Bundle\n|-damage|p1b: Iron Bundle|3\/100\n|move|p2a: Gholdengo|Make It Rain|p1a: Pawmot|[spread] p1b\n|-activate|p1a: Pawmot|move: Protect\n|-damage|p1b: Iron Bundle|0 fnt\n|-unboost|p2a: Gholdengo|spa|1\n|faint|p1b: Iron Bundle\n|-end|p1b: Iron Bundle|Quark Drive|[silent]\n|-damage|p2a: Gholdengo|73\/100|[from] item: Life Orb\n|\n|-heal|p1a: Pawmot|78\/100|[from] move: Wish|[wisher] Scream Tail\n|upkeep\n|turn|5\n|\n|t:|1683243600\n|-terastallize|p1a: Pawmot|Electric\n|move|p2b: Dragonite|Tera Blast|p1a: Pawmot\n|-resisted|p1a: Pawmot\n|-damage|p1a: Pawmot|11\/100\n|move|p1a: Pawmot|Double Shock|p2b: Dragonite\n|-supereffective|p2b: Dragonite\n|-damage|p2b: Dragonite|17\/100\n|-start|p1a: Pawmot|typechange|Electric|[from] move: Double Shock\n|move|p2a: Gholdengo|Shadow Ball|p1a: Pawmot\n|-damage|p1a: Pawmot|0 fnt\n|faint|p1a: Pawmot\n|-damage|p2a: Gholdengo|63\/100|[from] item: Life Orb\n|\n|win|Nehzzy\n|raw|Steakman5's rating: 1183 → 1157<\/strong> (-26 for losing)\n|raw|Nehzzy's rating: 1163 → 1189<\/strong> (+26 for winning)\n|c|\u2606Nehzzy|gg\n","uploadtime":1683243611,"views":7,"p1id":"steakman5","p2id":"nehzzy","formatid":"gen9vgc2023regulationc","rating":1157,"private":0,"password":""}