{"id":"gen9vgc2023regulationc-1861457116","p1":"AssumptionPrime","p2":"SMRPG64","format":"[Gen 9] VGC 2023 Regulation C","log":"|j|\u2606AssumptionPrime\n|j|\u2606SMRPG64\n|t:|1683760191\n|gametype|doubles\n|player|p1|AssumptionPrime|pokemonbreederf-gen4|\n|player|p2|SMRPG64|pokemonbreederf-gen4|\n|teamsize|p1|6\n|teamsize|p2|6\n|gen|9\n|tier|[Gen 9] VGC 2023 Regulation C\n|rule|Species Clause: Limit one of each Pok\u00e9mon\n|rule|Item Clause: Limit one of each item\n|clearpoke\n|poke|p1|Mimikyu, L50, M|\n|poke|p1|Oranguru, L50, F|\n|poke|p1|Lurantis, L50, F|\n|poke|p1|Tsareena, L50, F|\n|poke|p1|Crabominable, L50, M|\n|poke|p1|Palossand, L50, M|\n|poke|p2|Palossand, L50, F|\n|poke|p2|Mimikyu, L50, M|\n|poke|p2|Lurantis, L50, M|\n|poke|p2|Oricorio-Pom-Pom, L50, F|\n|poke|p2|Oranguru, L50, M|\n|poke|p2|Crabominable, L50, F|\n|teampreview|4\n|c|\u2606AssumptionPrime|lol\nAssumptionPrime has agreed to open team sheets.\nSMRPG64 has agreed to open team sheets.\n|\n|t:|1683760240\n|start\n|switch|p1a: Oranguru|Oranguru, L50, F|100\/100\n|switch|p1b: Mimikyu|Mimikyu, L50, M|100\/100\n|switch|p2a: Low-Tier|Lurantis, L50, M|100\/100\n|switch|p2b: Mr Fishykarp|Mimikyu, L50, M|100\/100\n|turn|1\n|\n|t:|1683760266\n|move|p1b: Mimikyu|Shadow Sneak|p2b: Mr Fishykarp\n|-activate|p2b: Mr Fishykarp|ability: Disguise\n|-damage|p2b: Mr Fishykarp|100\/100\n|detailschange|p2b: Mr Fishykarp|Mimikyu-Busted, L50, M\n|-damage|p2b: Mr Fishykarp|88\/100|[from] pokemon: Mimikyu-Busted\n|move|p2b: Mr Fishykarp|Swords Dance|p2b: Mr Fishykarp\n|-boost|p2b: Mr Fishykarp|atk|2\n|move|p1a: Oranguru|Foul Play|p2b: Mr Fishykarp\n|-damage|p2b: Mr Fishykarp|18\/100\n|move|p2a: Low-Tier|Leaf Storm|p1b: Mimikyu|[miss]\n|-miss|p2a: Low-Tier|p1b: Mimikyu\n|\n|upkeep\n|turn|2\n|\n|t:|1683760299\n|move|p2b: Mr Fishykarp|Shadow Sneak|p1b: Mimikyu\n|-activate|p1b: Mimikyu|ability: Disguise\n|-damage|p1b: Mimikyu|100\/100\n|detailschange|p1b: Mimikyu|Mimikyu-Busted, L50, M\n|-damage|p1b: Mimikyu|88\/100|[from] pokemon: Mimikyu-Busted\n|-damage|p2b: Mr Fishykarp|8\/100|[from] item: Life Orb\n|move|p1b: Mimikyu|Shadow Sneak|p2b: Mr Fishykarp\n|-supereffective|p2b: Mr Fishykarp\n|-damage|p2b: Mr Fishykarp|0 fnt\n|faint|p2b: Mr Fishykarp\n|move|p1a: Oranguru|Yawn|p2a: Low-Tier\n|-start|p2a: Low-Tier|move: Yawn|[of] p1a: Oranguru\n|move|p2a: Low-Tier|Leaf Storm|p1b: Mimikyu\n|-damage|p1b: Mimikyu|31\/100\n|-boost|p2a: Low-Tier|spa|2\n|\n|upkeep\n|\n|t:|1683760321\n|switch|p2b: ReBean|Oricorio-Pom-Pom, L50, F|100\/100\n|turn|3\n|\n|t:|1683760348\n|switch|p2a: Guy 2|Crabominable, L50, F|100\/100\n|move|p1a: Oranguru|Foul Play|p2b: ReBean\n|-damage|p2b: ReBean|84\/100\n|move|p2b: ReBean|Calm Mind|p2b: ReBean\n|-boost|p2b: ReBean|spa|1\n|-boost|p2b: ReBean|spd|1\n|move|p1b: Mimikyu|Trick Room|p1b: Mimikyu\n|-fieldstart|move: Trick Room|[of] p1b: Mimikyu\n|-enditem|p1b: Mimikyu|Room Service\n|-unboost|p1b: Mimikyu|spe|1|[from] item: Room Service\n|-activate|p1a: Oranguru|ability: Symbiosis|Weakness Policy|[of] p1b: Mimikyu\n|\n|upkeep\n|turn|4\n|\n|t:|1683760379\n|-terastallize|p2a: Guy 2|Ice\n|move|p2b: ReBean|Revelation Dance|p1a: Oranguru\n|-damage|p1a: Oranguru|51\/100\n|move|p2a: Guy 2|Ice Hammer|p1b: Mimikyu\n|-damage|p1b: Mimikyu|0 fnt\n|-unboost|p2a: Guy 2|spe|1\n|faint|p1b: Mimikyu\n|move|p1a: Oranguru|Yawn|p2a: Guy 2\n|-start|p2a: Guy 2|move: Yawn|[of] p1a: Oranguru\n|\n|upkeep\n|\n|t:|1683760398\n|switch|p1b: Palossand|Palossand, L50, M|100\/100\n|turn|5\n|\n|t:|1683760426\n|switch|p2a: Low-Tier|Lurantis, L50, M|100\/100\n|switch|p1a: Tsareena|Tsareena, L50, F|100\/100\n|-terastallize|p1b: Palossand|Ghost\n|move|p1b: Palossand|Flash Cannon|p2a: Low-Tier\n|-damage|p2a: Low-Tier|72\/100\n|move|p2b: ReBean|Hurricane|p1b: Palossand\n|-damage|p1b: Palossand|5\/100\n|-start|p1b: Palossand|confusion\n|\n|-heal|p1b: Palossand|11\/100|[from] item: Leftovers\n|-heal|p2a: Low-Tier|78\/100|[from] item: Leftovers\n|upkeep\n|turn|6\n|\n|t:|1683760459\n|-activate|p1b: Palossand|confusion\n|-damage|p1b: Palossand|6\/100|[from] confusion\n|move|p2b: ReBean|Hurricane|p1a: Tsareena\n|-supereffective|p1a: Tsareena\n|-damage|p1a: Tsareena|0 fnt\n|faint|p1a: Tsareena\n|move|p2a: Low-Tier|Leaf Storm|p1b: Palossand\n|-damage|p1b: Palossand|0 fnt\n|-boost|p2a: Low-Tier|spa|2\n|faint|p1b: Palossand\n|\n|-heal|p2a: Low-Tier|84\/100|[from] item: Leftovers\n|upkeep\n|\n|t:|1683760480\n|switch|p1b: Oranguru|Oranguru, L50, F|51\/100\n|turn|7\n|\n|t:|1683760497\n|move|p2b: ReBean|Revelation Dance|p1b: Oranguru\n|-damage|p1b: Oranguru|3\/100\n|move|p2a: Low-Tier|Pollen Puff|p1b: Oranguru\n|-supereffective|p1b: Oranguru\n|-damage|p1b: Oranguru|0 fnt\n|faint|p1b: Oranguru\n|\n|win|SMRPG64\n|c|\u2606SMRPG64|gg\n|c|\u2606AssumptionPrime|gg\n","uploadtime":1683760509,"views":9,"p1id":"assumptionprime","p2id":"smrpg64","formatid":"gen9vgc2023regulationc","rating":0,"private":0,"password":""}