{"id":"gen9vgc2023regulationc-1850890924","p1":"VGCcol","p2":"Aevyth","format":"[Gen 9] VGC 2023 Regulation C","log":"|j|\u2606VGCcol\n|j|\u2606Aevyth\n|t:|1682378921\n|gametype|doubles\n|player|p1|VGCcol|skyla|1109\n|player|p2|Aevyth|mira|1156\n|teamsize|p1|6\n|teamsize|p2|6\n|gen|9\n|tier|[Gen 9] VGC 2023 Regulation C\n|rated|\n|rule|Species Clause: Limit one of each Pok\u00e9mon\n|rule|Item Clause: Limit one of each item\n|clearpoke\n|poke|p1|Scizor, L50, M|\n|poke|p1|Maushold, L50|\n|poke|p1|Annihilape, L50, F|\n|poke|p1|Iron Moth, L50|\n|poke|p1|Flutter Mane, L50|\n|poke|p1|Brute Bonnet, L50|\n|poke|p2|Dachsbun, L50, M|\n|poke|p2|Torkoal, L50, F|\n|poke|p2|Indeedee-F, L50, F|\n|poke|p2|Clodsire, L50, F|\n|poke|p2|Vaporeon, L50, F|\n|poke|p2|Gothitelle, L50, F|\n|teampreview|4\n|inactive|Battle timer is ON: inactive players will automatically lose when time's up. (requested by Aevyth)\n|inactive|VGCcol has 60 seconds left.\n|inactive|Aevyth has 60 seconds left.\n|inactive|VGCcol has 30 seconds left.\n|\n|t:|1682378986\n|start\n|switch|p1a: Brute Bonnet|Brute Bonnet, L50|100\/100\n|switch|p1b: Annihilape|Annihilape, L50, F|100\/100\n|switch|p2a: Indeedee|Indeedee-F, L50, F|100\/100\n|switch|p2b: Gothitelle|Gothitelle, L50, F|100\/100\n|-fieldstart|move: Psychic Terrain|[from] ability: Psychic Surge|[of] p2a: Indeedee\n|-enditem|p2a: Indeedee|Psychic Seed\n|-boost|p2a: Indeedee|spd|1|[from] item: Psychic Seed\n|turn|1\n|inactive|Aevyth has 30 seconds left.\n|inactive|Aevyth has 20 seconds left.\n|inactive|Aevyth has 15 seconds left.\n|\n|t:|1682379027\n|-terastallize|p2a: Indeedee|Fairy\n|move|p1b: Annihilape|Bulk Up|p1b: Annihilape\n|-boost|p1b: Annihilape|atk|1\n|-boost|p1b: Annihilape|def|1\n|move|p2a: Indeedee|Dazzling Gleam|p1a: Brute Bonnet|[spread] p1a,p1b\n|-supereffective|p1a: Brute Bonnet\n|-supereffective|p1b: Annihilape\n|-damage|p1a: Brute Bonnet|69\/100\n|-damage|p1b: Annihilape|66\/100\n|move|p2b: Gothitelle|Psychic|p1b: Annihilape\n|-supereffective|p1b: Annihilape\n|-damage|p1b: Annihilape|0 fnt\n|faint|p1b: Annihilape\n|move|p1a: Brute Bonnet|Spore|p2b: Gothitelle\n|-status|p2b: Gothitelle|slp|[from] move: Spore\n|\n|upkeep\n|\n|t:|1682379041\n|switch|p1b: Iron Moth|Iron Moth, L50|100\/100\n|turn|2\n|inactive|Aevyth has 30 seconds left.\n|\n|t:|1682379071\n|switch|p2b: Dachsbun|Dachsbun, L50, M|100\/100\n|move|p1b: Iron Moth|Fiery Dance|p2b: Dachsbun\n|-ability|p2b: Dachsbun|Well-Baked Body|boost\n|-boost|p2b: Dachsbun|def|2\n|move|p2a: Indeedee|Dazzling Gleam|p1a: Brute Bonnet|[spread] p1a,p1b\n|-supereffective|p1a: Brute Bonnet\n|-resisted|p1b: Iron Moth\n|-damage|p1a: Brute Bonnet|36\/100\n|-damage|p1b: Iron Moth|98\/100\n|move|p1a: Brute Bonnet|Spore|p2a: Indeedee\n|-status|p2a: Indeedee|slp|[from] move: Spore\n|\n|upkeep\n|turn|3\n|\n|t:|1682379092\n|switch|p2a: Torkoal|Torkoal, L50, F|100\/100\n|-weather|SunnyDay|[from] ability: Drought|[of] p2a: Torkoal\n|-activate|p1a: Brute Bonnet|ability: Protosynthesis\n|-start|p1a: Brute Bonnet|protosynthesisatk\n|move|p1a: Brute Bonnet|Protect|p1a: Brute Bonnet\n|-singleturn|p1a: Brute Bonnet|Protect\n|move|p1b: Iron Moth|Fiery Dance|p2a: Torkoal\n|-resisted|p2a: Torkoal\n|-damage|p2a: Torkoal|72\/100\n|-boost|p1b: Iron Moth|spa|1\n|move|p2b: Dachsbun|Body Press|p1a: Brute Bonnet\n|-activate|p1a: Brute Bonnet|move: Protect\n|\n|-weather|SunnyDay|[upkeep]\n|upkeep\n|turn|4\n|inactive|VGCcol has 30 seconds left.\n|inactive|Aevyth has 30 seconds left.\n|inactive|VGCcol has 20 seconds left.\n|inactive|Aevyth has 20 seconds left.\n|inactive|VGCcol has 15 seconds left.\n|\n|t:|1682379132\n|-end|p1a: Brute Bonnet|Protosynthesis|[silent]\n|switch|p1a: Maushold|Maushold, L50|100\/100\n|move|p1b: Iron Moth|Acid Spray|p2b: Dachsbun\n|-supereffective|p2b: Dachsbun\n|-crit|p2b: Dachsbun\n|-damage|p2b: Dachsbun|4\/100\n|-unboost|p2b: Dachsbun|spd|2\n|move|p2b: Dachsbun|Body Press|p1b: Iron Moth\n|-resisted|p1b: Iron Moth\n|-damage|p1b: Iron Moth|74\/100\n|move|p2a: Torkoal|Lava Plume|p1a: Maushold|[spread] p1a,p1b\n|-ability|p2b: Dachsbun|Well-Baked Body|boost\n|-boost|p2b: Dachsbun|def|2\n|-resisted|p1b: Iron Moth\n|-damage|p1a: Maushold|62\/100\n|-damage|p1b: Iron Moth|64\/100\n|\n|-weather|SunnyDay|[upkeep]\n|-heal|p2b: Dachsbun|10\/100|[from] item: Leftovers\n|upkeep\n|turn|5\n|inactive|VGCcol has 30 seconds left.\n|\n|t:|1682379159\n|move|p2b: Dachsbun|Protect|p2b: Dachsbun\n|-singleturn|p2b: Dachsbun|Protect\n|move|p1b: Iron Moth|Acid Spray|p2b: Dachsbun\n|-activate|p2b: Dachsbun|move: Protect\n|move|p1a: Maushold|Encore|p2a: Torkoal\n|-start|p2a: Torkoal|Encore\n|move|p2a: Torkoal|Lava Plume|p1b: Iron Moth|[spread] p1a,p1b\n|-activate|p2b: Dachsbun|move: Protect\n|-resisted|p1b: Iron Moth\n|-damage|p1a: Maushold|26\/100\n|-damage|p1b: Iron Moth|56\/100\n|-enditem|p1a: Maushold|Sitrus Berry|[eat]\n|-heal|p1a: Maushold|51\/100|[from] item: Sitrus Berry\n|\n|-weather|SunnyDay|[upkeep]\n|-heal|p2b: Dachsbun|16\/100|[from] item: Leftovers\n|-fieldend|move: Psychic Terrain\n|upkeep\n|turn|6\n|inactive|Aevyth has 30 seconds left.\n|inactive|Aevyth has 20 seconds left.\n|\n|t:|1682379194\n|switch|p2b: Gothitelle|Gothitelle, L50, F|100\/100 slp\n|move|p1a: Maushold|Protect|p1a: Maushold\n|-singleturn|p1a: Maushold|Protect\n|move|p1b: Iron Moth|Sludge Wave|p2a: Torkoal|[spread] p2a,p2b\n|-activate|p1a: Maushold|move: Protect\n|-damage|p2a: Torkoal|21\/100\n|-damage|p2b: Gothitelle|56\/100 slp\n|move|p2a: Torkoal|Lava Plume|p1a: Maushold|[spread] p2b,p1b\n|-activate|p1a: Maushold|move: Protect\n|-resisted|p1b: Iron Moth\n|-damage|p2b: Gothitelle|30\/100 slp\n|-damage|p1b: Iron Moth|48\/100\n|\n|-weather|SunnyDay|[upkeep]\n|upkeep\n|turn|7\n|inactive|VGCcol has 30 seconds left.\n|inactive|Aevyth has 30 seconds left.\n|\n|t:|1682379220\n|move|p1a: Maushold|Protect|p1a: Maushold\n|-singleturn|p1a: Maushold|Protect\n|cant|p2b: Gothitelle|slp\n|move|p1b: Iron Moth|Heat Wave|p2a: Torkoal|[spread] p2b\n|-miss|p1b: Iron Moth|p2a: Torkoal\n|-damage|p2b: Gothitelle|0 fnt\n|faint|p2b: Gothitelle\n|move|p2a: Torkoal|Lava Plume|p1b: Iron Moth|[spread] p1b\n|-activate|p1a: Maushold|move: Protect\n|-resisted|p1b: Iron Moth\n|-damage|p1b: Iron Moth|40\/100\n|\n|-weather|none\n|-end|p2a: Torkoal|Encore\n|upkeep\n|\n|t:|1682379235\n|switch|p2b: Indeedee|Indeedee-F, L50, F, tera:Fairy|100\/100 slp\n|-fieldstart|move: Psychic Terrain|[from] ability: Psychic Surge|[of] p2b: Indeedee\n|turn|8\n|\n|t:|1682379260\n|move|p1a: Maushold|Follow Me|p1a: Maushold\n|-singleturn|p1a: Maushold|move: Follow Me\n|cant|p2b: Indeedee|slp\n|move|p1b: Iron Moth|Acid Spray|p2a: Torkoal\n|-damage|p2a: Torkoal|0 fnt\n|faint|p2a: Torkoal\n|\n|upkeep\n|\n|t:|1682379266\n|switch|p2a: Dachsbun|Dachsbun, L50, M|16\/100\n|turn|9\n|\n|t:|1682379288\n|move|p1a: Maushold|Protect|p1a: Maushold\n|-singleturn|p1a: Maushold|Protect\n|cant|p2b: Indeedee|slp\n|move|p1b: Iron Moth|Sludge Wave|p2a: Dachsbun|[spread] p2a,p2b\n|-activate|p1a: Maushold|move: Protect\n|-supereffective|p2a: Dachsbun\n|-supereffective|p2b: Indeedee\n|-damage|p2a: Dachsbun|0 fnt\n|-damage|p2b: Indeedee|6\/100 slp\n|faint|p2a: Dachsbun\n|\n|upkeep\n|turn|10\n|-message|Aevyth forfeited.\n|\n|win|VGCcol\n|raw|VGCcol's rating: 1109 → 1137<\/strong> (+28 for winning)\n|raw|Aevyth's rating: 1156 → 1128<\/strong> (-28 for losing)\n|l|\u2606Aevyth\n","uploadtime":1682379303,"views":18,"p1id":"vgccol","p2id":"aevyth","formatid":"gen9vgc2023regulationc","rating":1128,"private":0,"password":""}