{"id":"gen9vgc2023regulationc-1861533785","p1":"Mongoos19","p2":"Barbie120","format":"[Gen 9] VGC 2023 Regulation C","log":"|j|\u2606Mongoos19\n|j|\u2606Barbie120\n|t:|1683769804\n|gametype|doubles\n|player|p1|Mongoos19|265|1362\n|player|p2|Barbie120|drayden|1422\n|teamsize|p1|6\n|teamsize|p2|6\n|gen|9\n|tier|[Gen 9] VGC 2023 Regulation C\n|rated|\n|rule|Species Clause: Limit one of each Pok\u00e9mon\n|rule|Item Clause: Limit one of each item\n|clearpoke\n|poke|p1|Arcanine, L50, F|\n|poke|p1|Gyarados, L50, F|\n|poke|p1|Chi-Yu, L50|\n|poke|p1|Tyranitar, L50, M|\n|poke|p1|Lycanroc, L50, F|\n|poke|p1|Flutter Mane, L50|\n|poke|p2|Annihilape, L50, F|\n|poke|p2|Maushold-Four, L50|\n|poke|p2|Abomasnow, L50, M|\n|poke|p2|Iron Bundle, L50|\n|poke|p2|Flutter Mane, L50|\n|poke|p2|Arcanine, L50, F|\n|teampreview|4\n|inactive|Battle timer is ON: inactive players will automatically lose when time's up. (requested by Mongoos19)\n|\n|t:|1683769826\n|start\n|switch|p1a: Tyranitar|Tyranitar, L50, M|100\/100\n|switch|p1b: Lycanroc|Lycanroc, L50, F|100\/100\n|switch|p2a: Flutter Mane|Flutter Mane, L50|100\/100\n|switch|p2b: Annihilape|Annihilape, L50, F|100\/100\n|-weather|Sandstorm|[from] ability: Sand Stream|[of] p1a: Tyranitar\n|-enditem|p2a: Flutter Mane|Booster Energy\n|-activate|p2a: Flutter Mane|ability: Protosynthesis|[fromitem]\n|-start|p2a: Flutter Mane|protosynthesisspe\n|turn|1\n|\n|t:|1683769837\n|-end|p2a: Flutter Mane|Protosynthesis|[silent]\n|switch|p2a: Abomasnow|Abomasnow, L50, M|100\/100\n|-weather|Snow|[from] ability: Snow Warning|[of] p2a: Abomasnow\n|move|p1b: Lycanroc|Rock Slide|p2b: Annihilape|[spread] p2a,p2b\n|-supereffective|p2a: Abomasnow\n|-resisted|p2b: Annihilape\n|-damage|p2a: Abomasnow|65\/100\n|-damage|p2b: Annihilape|88\/100\n|move|p2b: Annihilape|Bulk Up|p2b: Annihilape\n|-boost|p2b: Annihilape|atk|1\n|-boost|p2b: Annihilape|def|1\n|move|p1a: Tyranitar|Rock Slide|p2a: Abomasnow|[spread] p2a\n|-miss|p1a: Tyranitar|p2b: Annihilape\n|-supereffective|p2a: Abomasnow\n|-damage|p2a: Abomasnow|24\/100\n|\n|-weather|Snow|[upkeep]\n|-heal|p2b: Annihilape|94\/100|[from] item: Leftovers\n|upkeep\n|turn|2\n|inactive|Mongoos19 has 30 seconds left.\n|inactive|Barbie120 has 30 seconds left.\n|\n|t:|1683769865\n|switch|p2a: Arcanine|Arcanine, L50, F|100\/100\n|-ability|p2a: Arcanine|Intimidate|boost\n|-unboost|p1a: Tyranitar|atk|1\n|-unboost|p1b: Lycanroc|atk|1\n|move|p1b: Lycanroc|Rock Slide|p2a: Arcanine|[spread] p2a,p2b\n|-supereffective|p2a: Arcanine\n|-resisted|p2b: Annihilape\n|-damage|p2a: Arcanine|66\/100\n|-damage|p2b: Annihilape|88\/100\n|move|p2b: Annihilape|Bulk Up|p2b: Annihilape\n|-boost|p2b: Annihilape|atk|1\n|-boost|p2b: Annihilape|def|1\n|move|p1a: Tyranitar|Low Kick|p2a: Arcanine\n|-damage|p2a: Arcanine|43\/100\n|\n|-weather|Snow|[upkeep]\n|-heal|p2b: Annihilape|94\/100|[from] item: Leftovers\n|upkeep\n|turn|3\n|\n|t:|1683769885\n|move|p2a: Arcanine|Protect|p2a: Arcanine\n|-singleturn|p2a: Arcanine|Protect\n|move|p1b: Lycanroc|Rock Slide|p2a: Arcanine|[spread] p2b\n|-activate|p2a: Arcanine|move: Protect\n|-resisted|p2b: Annihilape\n|-damage|p2b: Annihilape|90\/100\n|cant|p2b: Annihilape|flinch\n|move|p1a: Tyranitar|Rock Slide|p2a: Arcanine|[spread] p2b\n|-activate|p2a: Arcanine|move: Protect\n|-resisted|p2b: Annihilape\n|-damage|p2b: Annihilape|86\/100\n|\n|-weather|Snow|[upkeep]\n|-heal|p2b: Annihilape|92\/100|[from] item: Leftovers\n|upkeep\n|turn|4\n|inactive|Mongoos19 has 30 seconds left.\n|\n|t:|1683769920\n|move|p2a: Arcanine|Extreme Speed|p1b: Lycanroc\n|-resisted|p1b: Lycanroc\n|-damage|p1b: Lycanroc|84\/100\n|move|p1b: Lycanroc|Rock Slide|p2a: Arcanine|[spread] p2a,p2b\n|-supereffective|p2a: Arcanine\n|-resisted|p2b: Annihilape\n|-damage|p2a: Arcanine|5\/100\n|-damage|p2b: Annihilape|88\/100\n|-enditem|p2a: Arcanine|Aguav Berry|[eat]\n|-heal|p2a: Arcanine|39\/100|[from] item: Aguav Berry\n|cant|p2b: Annihilape|flinch\n|move|p1a: Tyranitar|Rock Slide|p2a: Arcanine|[spread] p2a,p2b\n|-supereffective|p2a: Arcanine\n|-resisted|p2b: Annihilape\n|-damage|p2a: Arcanine|1\/100\n|-damage|p2b: Annihilape|84\/100\n|\n|-weather|Snow|[upkeep]\n|-heal|p2b: Annihilape|90\/100|[from] item: Leftovers\n|upkeep\n|turn|5\n|inactive|Mongoos19 has 30 seconds left.\n|\n|t:|1683769948\n|move|p2a: Arcanine|Protect|p2a: Arcanine\n|-singleturn|p2a: Arcanine|Protect\n|move|p1b: Lycanroc|Endeavor|p2b: Annihilape\n|-immune|p2b: Annihilape\n|move|p2b: Annihilape|Drain Punch|p1b: Lycanroc\n|-supereffective|p1b: Lycanroc\n|-damage|p1b: Lycanroc|0 fnt\n|-heal|p2b: Annihilape|100\/100|[from] drain|[of] p1b: Lycanroc\n|faint|p1b: Lycanroc\n|move|p1a: Tyranitar|Rock Slide|p2a: Arcanine|[spread] p2b\n|-activate|p2a: Arcanine|move: Protect\n|-resisted|p2b: Annihilape\n|-damage|p2b: Annihilape|96\/100\n|\n|-weather|none\n|-heal|p2b: Annihilape|100\/100|[from] item: Leftovers\n|upkeep\n|inactive|Mongoos19 has 30 seconds left.\n|\n|t:|1683769979\n|switch|p1b: Flutter Mane|Flutter Mane, L50|100\/100\n|-enditem|p1b: Flutter Mane|Booster Energy\n|-activate|p1b: Flutter Mane|ability: Protosynthesis|[fromitem]\n|-start|p1b: Flutter Mane|protosynthesisspe\n|turn|6\n|\n|t:|1683769993\n|-terastallize|p2b: Annihilape|Fire\n|move|p1b: Flutter Mane|Protect|p1b: Flutter Mane\n|-singleturn|p1b: Flutter Mane|Protect\n|move|p2a: Arcanine|Will-O-Wisp|p1a: Tyranitar\n|-status|p1a: Tyranitar|brn\n|move|p2b: Annihilape|Rage Fist|p1b: Flutter Mane\n|-activate|p1b: Flutter Mane|move: Protect\n|move|p1a: Tyranitar|Rock Slide|p2b: Annihilape|[spread] p2a,p2b\n|-supereffective|p2a: Arcanine\n|-supereffective|p2b: Annihilape\n|-damage|p2a: Arcanine|0 fnt\n|-damage|p2b: Annihilape|93\/100\n|faint|p2a: Arcanine\n|\n|-heal|p2b: Annihilape|99\/100|[from] item: Leftovers\n|-damage|p1a: Tyranitar|95\/100 brn|[from] brn\n|upkeep\n|\n|t:|1683770002\n|switch|p2a: Abomasnow|Abomasnow, L50, M|24\/100\n|-weather|Snow|[from] ability: Snow Warning|[of] p2a: Abomasnow\n|turn|7\n|\n|t:|1683770024\n|switch|p1a: Chi-Yu|Chi-Yu, L50|100\/100\n|-ability|p1a: Chi-Yu|Beads of Ruin\n|move|p1b: Flutter Mane|Shadow Ball|p2b: Annihilape\n|-damage|p2b: Annihilape|63\/100\n|-unboost|p2b: Annihilape|spd|1\n|-ability|p2b: Annihilape|Defiant|boost\n|-boost|p2b: Annihilape|atk|2\n|move|p2b: Annihilape|Rage Fist|p1b: Flutter Mane\n|-supereffective|p1b: Flutter Mane\n|-damage|p1b: Flutter Mane|0 fnt\n|faint|p1b: Flutter Mane\n|-end|p1b: Flutter Mane|Protosynthesis|[silent]\n|move|p2a: Abomasnow|Giga Drain|p1a: Chi-Yu\n|-resisted|p1a: Chi-Yu\n|-damage|p1a: Chi-Yu|74\/100\n|-heal|p2a: Abomasnow|33\/100|[from] drain|[of] p1a: Chi-Yu\n|\n|-weather|Snow|[upkeep]\n|-heal|p2b: Annihilape|69\/100|[from] item: Leftovers\n|upkeep\n|\n|t:|1683770041\n|switch|p1b: Tyranitar|Tyranitar, L50, M|95\/100 brn\n|-weather|Sandstorm|[from] ability: Sand Stream|[of] p1b: Tyranitar\n|turn|8\n|\n|t:|1683770051\n|move|p2b: Annihilape|Protect|p2b: Annihilape\n|-singleturn|p2b: Annihilape|Protect\n|move|p1a: Chi-Yu|Dark Pulse|p2b: Annihilape\n|-activate|p2b: Annihilape|move: Protect\n|move|p1b: Tyranitar|Rock Slide|p2a: Abomasnow|[spread] \n|-activate|p2b: Annihilape|move: Protect\n|-miss|p1b: Tyranitar|p2a: Abomasnow\n|move|p2a: Abomasnow|Giga Drain|p1b: Tyranitar\n|-supereffective|p1b: Tyranitar\n|-damage|p1b: Tyranitar|52\/100 brn\n|-heal|p2a: Abomasnow|52\/100|[from] drain|[of] p1b: Tyranitar\n|\n|-weather|Sandstorm|[upkeep]\n|-damage|p1a: Chi-Yu|68\/100|[from] Sandstorm\n|-damage|p2b: Annihilape|63\/100|[from] Sandstorm\n|-damage|p2a: Abomasnow|47\/100|[from] Sandstorm\n|-heal|p2b: Annihilape|69\/100|[from] item: Leftovers\n|-damage|p1b: Tyranitar|47\/100 brn|[from] brn\n|upkeep\n|turn|9\n|inactive|Mongoos19 has 30 seconds left.\n|inactive|Mongoos19 has 20 seconds left.\n|\n|t:|1683770086\n|move|p1a: Chi-Yu|Dark Pulse|p2b: Annihilape\n|-damage|p2b: Annihilape|0 fnt\n|faint|p2b: Annihilape\n|-damage|p1a: Chi-Yu|58\/100|[from] item: Life Orb\n|move|p2a: Abomasnow|Giga Drain|p1b: Tyranitar\n|-supereffective|p1b: Tyranitar\n|-damage|p1b: Tyranitar|8\/100 brn\n|-heal|p2a: Abomasnow|64\/100|[from] drain|[of] p1b: Tyranitar\n|move|p1b: Tyranitar|Rock Slide|p2a: Abomasnow\n|-supereffective|p2a: Abomasnow\n|-damage|p2a: Abomasnow|26\/100\n|\n|-weather|Sandstorm|[upkeep]\n|-damage|p1a: Chi-Yu|52\/100|[from] Sandstorm\n|-damage|p2a: Abomasnow|20\/100|[from] Sandstorm\n|-damage|p1b: Tyranitar|2\/100 brn|[from] brn\n|upkeep\n|\n|t:|1683770094\n|switch|p2b: Flutter Mane|Flutter Mane, L50|100\/100\n|turn|10\n|inactive|Mongoos19 has 30 seconds left.\n|\n|t:|1683770125\n|move|p2b: Flutter Mane|Power Gem|p1a: Chi-Yu\n|-supereffective|p1a: Chi-Yu\n|-damage|p1a: Chi-Yu|0 fnt\n|faint|p1a: Chi-Yu\n|move|p2a: Abomasnow|Giga Drain|p1b: Tyranitar\n|-supereffective|p1b: Tyranitar\n|-damage|p1b: Tyranitar|0 fnt\n|-heal|p2a: Abomasnow|21\/100|[from] drain|[of] p1b: Tyranitar\n|faint|p1b: Tyranitar\n|\n|win|Barbie120\n|raw|Mongoos19's rating: 1362 → 1345<\/strong> (-17 for losing)\n|raw|Barbie120's rating: 1422 → 1439<\/strong> (+17 for winning)\n","uploadtime":1683770135,"views":26,"p1id":"mongoos19","p2id":"barbie120","formatid":"gen9vgc2023regulationc","rating":1345,"private":0,"password":""}