{"id":"gen9vgc2023regulationc-1844900605","p1":"DurantPropogand","p2":"Rean411","format":"[Gen 9] VGC 2023 Regulation C","log":"|j|\u2606DurantPropogand\n|j|\u2606Rean411\n|t:|1681662085\n|gametype|doubles\n|player|p1|DurantPropogand|blue|1247\n|player|p2|Rean411|169|1166\n|teamsize|p1|6\n|teamsize|p2|6\n|gen|9\n|tier|[Gen 9] VGC 2023 Regulation C\n|rated|\n|rule|Species Clause: Limit one of each Pok\u00e9mon\n|rule|Item Clause: Limit one of each item\n|clearpoke\n|poke|p1|Chien-Pao, L50|\n|poke|p1|Dragonite, L50, M|\n|poke|p1|Lilligant, L50, F|\n|poke|p1|Torkoal, L50, F|\n|poke|p1|Flutter Mane, L50|\n|poke|p1|Great Tusk, L50|\n|poke|p2|Arcanine, L50, F|\n|poke|p2|Ting-Lu, L50|\n|poke|p2|Amoonguss, L50, F|\n|poke|p2|Gyarados, L50, M|\n|poke|p2|Annihilape, L50, F|\n|poke|p2|Maushold, L50|\n|teampreview|4\nRean411 has agreed to open team sheets.\n|c|\u2606Rean411|GLHF\nDurantPropogand has agreed to open team sheets.\n|\n|t:|1681662142\n|start\n|switch|p1a: Lilligant|Lilligant, L50, F|100\/100\n|switch|p1b: Torkoal|Torkoal, L50, F|100\/100\n|switch|p2a: Annihilape|Annihilape, L50, F|100\/100\n|switch|p2b: Maushold|Maushold, L50|100\/100\n|-weather|SunnyDay|[from] ability: Drought|[of] p1b: Torkoal\n|turn|1\n|\n|t:|1681662186\n|-terastallize|p2a: Annihilape|Fire\n|-terastallize|p1b: Torkoal|Fire\n|move|p2b: Maushold|Follow Me|p2b: Maushold\n|-singleturn|p2b: Maushold|move: Follow Me\n|move|p1a: Lilligant|After You||[still]\n|-fail|p1a: Lilligant\n|move|p2a: Annihilape|Bulk Up|p2a: Annihilape\n|-boost|p2a: Annihilape|atk|1\n|-boost|p2a: Annihilape|def|1\n|move|p1b: Torkoal|Eruption|p2a: Annihilape|[spread] p2a,p2b\n|-resisted|p2a: Annihilape\n|-damage|p2a: Annihilape|63\/100\n|-damage|p2b: Maushold|0 fnt\n|faint|p2b: Maushold\n|\n|-weather|SunnyDay|[upkeep]\n|-heal|p2a: Annihilape|69\/100|[from] item: Leftovers\n|upkeep\n|\n|t:|1681662210\n|switch|p2b: Gyarados|Gyarados, L50, M|100\/100\n|-ability|p2b: Gyarados|Intimidate|boost\n|-unboost|p1a: Lilligant|atk|1\n|-unboost|p1b: Torkoal|atk|1\n|turn|2\n|c|\u2606Rean411|I expected sleep powder\n|\n|t:|1681662235\n|move|p1b: Torkoal|Protect|p1b: Torkoal\n|-singleturn|p1b: Torkoal|Protect\n|move|p1a: Lilligant|Sleep Powder|p2a: Annihilape\n|-status|p2a: Annihilape|slp|[from] move: Sleep Powder\n|cant|p2a: Annihilape|slp\n|move|p2b: Gyarados|Thunder Wave|p1a: Lilligant\n|-status|p1a: Lilligant|par\n|\n|-weather|SunnyDay|[upkeep]\n|-heal|p2a: Annihilape|75\/100 slp|[from] item: Leftovers\n|upkeep\n|turn|3\n|c|\u2606DurantPropogand|fair\n|\n|t:|1681662264\n|switch|p1b: Dragonite|Dragonite, L50, M|100\/100\n|cant|p2a: Annihilape|slp\n|move|p1a: Lilligant|Sleep Powder|p2b: Gyarados\n|-status|p2b: Gyarados|slp|[from] move: Sleep Powder\n|-enditem|p2b: Gyarados|Lum Berry|[eat]\n|-curestatus|p2b: Gyarados|slp|[msg]\n|move|p2b: Gyarados|Waterfall|p1b: Dragonite\n|-resisted|p1b: Dragonite\n|-damage|p1b: Dragonite|96\/100\n|\n|-weather|SunnyDay|[upkeep]\n|-heal|p2a: Annihilape|81\/100 slp|[from] item: Leftovers\n|upkeep\n|turn|4\n|\n|t:|1681662333\n|switch|p2a: Amoonguss|Amoonguss, L50, F|100\/100\n|move|p1b: Dragonite|Extreme Speed|p2a: Amoonguss\n|-damage|p2a: Amoonguss|75\/100\n|move|p1a: Lilligant|Sleep Powder|p2b: Gyarados\n|-status|p2b: Gyarados|slp|[from] move: Sleep Powder\n|cant|p2b: Gyarados|slp\n|\n|-weather|SunnyDay|[upkeep]\n|upkeep\n|turn|5\n|\n|t:|1681662360\n|switch|p1a: Torkoal|Torkoal, L50, F, tera:Fire|100\/100\n|switch|p2b: Annihilape|Annihilape, L50, F, tera:Fire|81\/100 slp\n|move|p1b: Dragonite|Tailwind|p1b: Dragonite\n|-sidestart|p1: DurantPropogand|move: Tailwind\n|move|p2a: Amoonguss|Spore|p1b: Dragonite\n|-status|p1b: Dragonite|slp|[from] move: Spore\n|-enditem|p1b: Dragonite|Lum Berry|[eat]\n|-curestatus|p1b: Dragonite|slp|[msg]\n|\n|-weather|none\n|-heal|p2b: Annihilape|87\/100 slp|[from] item: Leftovers\n|upkeep\n|turn|6\n|\n|t:|1681662382\n|move|p2a: Amoonguss|Protect|p2a: Amoonguss\n|-singleturn|p2a: Amoonguss|Protect\n|move|p1b: Dragonite|Extreme Speed|p2b: Annihilape\n|-damage|p2b: Annihilape|58\/100 slp\n|cant|p2b: Annihilape|slp\n|move|p1a: Torkoal|Eruption|p2b: Annihilape|[spread] p2b\n|-activate|p2a: Amoonguss|move: Protect\n|-resisted|p2b: Annihilape\n|-damage|p2b: Annihilape|22\/100 slp\n|\n|-heal|p2b: Annihilape|28\/100 slp|[from] item: Leftovers\n|upkeep\n|turn|7\n|c|\u2606Rean411|Ouch. Max sleep\n|\n|t:|1681662418\n|switch|p2a: Gyarados|Gyarados, L50, M|100\/100 slp\n|-ability|p2a: Gyarados|Intimidate|boost\n|-unboost|p1a: Torkoal|atk|1\n|-unboost|p1b: Dragonite|atk|1\n|-curestatus|p2b: Annihilape|slp|[msg]\n|move|p2b: Annihilape|Protect|p2b: Annihilape\n|-singleturn|p2b: Annihilape|Protect\n|move|p1b: Dragonite|Extreme Speed|p2b: Annihilape\n|-activate|p2b: Annihilape|move: Protect\n|move|p1a: Torkoal|Eruption|p2a: Gyarados|[spread] p2a\n|-activate|p2b: Annihilape|move: Protect\n|-resisted|p2a: Gyarados\n|-damage|p2a: Gyarados|68\/100 slp\n|\n|-heal|p2b: Annihilape|34\/100|[from] item: Leftovers\n|upkeep\n|turn|8\n|c|\u2606DurantPropogand|strongest of battles to the sleepiest of soldiers\n|\n|t:|1681662464\n|switch|p2b: Amoonguss|Amoonguss, L50, F|100\/100\n|move|p1b: Dragonite|Stomping Tantrum|p2b: Amoonguss\n|-damage|p2b: Amoonguss|84\/100\n|cant|p2a: Gyarados|slp\n|move|p1a: Torkoal|Eruption|p2b: Amoonguss|[spread] p2a,p2b\n|-resisted|p2a: Gyarados\n|-supereffective|p2b: Amoonguss\n|-damage|p2a: Gyarados|36\/100 slp\n|-damage|p2b: Amoonguss|0 fnt\n|faint|p2b: Amoonguss\n|\n|-sideend|p1: DurantPropogand|move: Tailwind\n|upkeep\n|\n|t:|1681662475\n|switch|p2b: Annihilape|Annihilape, L50, F, tera:Fire|34\/100\n|turn|9\n|c|\u2606Rean411|Was super hoping to wake up there.\n|\n|t:|1681662499\n|move|p2b: Annihilape|Protect|p2b: Annihilape\n|-singleturn|p2b: Annihilape|Protect\n|move|p1b: Dragonite|Extreme Speed|p2a: Gyarados\n|-damage|p2a: Gyarados|11\/100 slp\n|cant|p2a: Gyarados|slp\n|move|p1a: Torkoal|Earth Power|p2b: Annihilape\n|-activate|p2b: Annihilape|move: Protect\n|\n|-heal|p2b: Annihilape|40\/100|[from] item: Leftovers\n|upkeep\n|turn|10\n|c|\u2606Rean411|Yay sleep.\n|c|\u2606DurantPropogand|sleep mechanics are so fair and balanced, totally\n|c|\u2606Rean411|if I slept half as much as my mons do, I could take over the world\n|\n|t:|1681662550\n|move|p1b: Dragonite|Extreme Speed|p2a: Gyarados\n|-crit|p2a: Gyarados\n|-damage|p2a: Gyarados|0 fnt\n|faint|p2a: Gyarados\n|move|p2b: Annihilape|Rage Fist|p1a: Torkoal\n|-damage|p1a: Torkoal|31\/100\n|move|p1a: Torkoal|Earth Power|p2b: Annihilape\n|-supereffective|p2b: Annihilape\n|-damage|p2b: Annihilape|0 fnt\n|faint|p2b: Annihilape\n|\n|win|DurantPropogand\n|raw|DurantPropogand's rating: 1247 → 1266<\/strong> (+19 for winning)\n|raw|Rean411's rating: 1166 → 1147<\/strong> (-19 for losing)\n|c|\u2606DurantPropogand|gg\n","uploadtime":1681662565,"views":12,"p1id":"durantpropogand","p2id":"rean411","formatid":"gen9vgc2023regulationc","rating":1147,"private":0,"password":""}