{"id":"gen9vgc2023regulationc-1860604798","p1":"VillagerZz","p2":"Craw619","format":"[Gen 9] VGC 2023 Regulation C","log":"|j|\u2606VillagerZz\n|j|\u2606Craw619\n|t:|1683658318\n|gametype|doubles\n|player|p1|VillagerZz|1|1001\n|player|p2|Craw619|2|1057\n|teamsize|p1|6\n|teamsize|p2|6\n|gen|9\n|tier|[Gen 9] VGC 2023 Regulation C\n|rated|\n|rule|Species Clause: Limit one of each Pok\u00e9mon\n|rule|Item Clause: Limit one of each item\n|clearpoke\n|poke|p1|Scream Tail, L50|\n|poke|p1|Iron Bundle, L50|\n|poke|p1|Talonflame, L50, F|\n|poke|p1|Kilowattrel, L50, F|\n|poke|p1|Meowscarada, L50, F|\n|poke|p1|Umbreon, L50, F|\n|poke|p2|Ting-Lu, L50|\n|poke|p2|Abomasnow, L50, M|\n|poke|p2|Beartic, L50, F|\n|poke|p2|Cryogonal, L50|\n|poke|p2|Garganacl, L50, M|\n|poke|p2|Kingambit, L50, M|\n|teampreview|4\n|\n|t:|1683658338\n|start\n|switch|p1a: Talonflame|Talonflame, L50, F, shiny|100\/100\n|switch|p1b: Kilowattrel|Kilowattrel, L50, F|100\/100\n|switch|p2a: Abomasnow|Abomasnow, L50, M, shiny|100\/100\n|switch|p2b: Beartic|Beartic, L50, F, shiny|100\/100\n|-weather|Snow|[from] ability: Snow Warning|[of] p2a: Abomasnow\n|turn|1\n|inactive|Battle timer is ON: inactive players will automatically lose when time's up. (requested by Craw619)\n|\n|t:|1683658364\n|-terastallize|p1b: Kilowattrel|Fighting\n|move|p1a: Talonflame|Tailwind|p1a: Talonflame\n|-sidestart|p1: VillagerZz|move: Tailwind\n|-start|p1b: Kilowattrel|Charge|Tailwind|[from] ability: Wind Power\n|move|p1b: Kilowattrel|Tera Blast|p2b: Beartic\n|-supereffective|p2b: Beartic\n|-damage|p2b: Beartic|22\/100\n|move|p2b: Beartic|Sheer Cold|p1b: Kilowattrel|[miss]\n|-miss|p2b: Beartic|p1b: Kilowattrel\n|move|p2a: Abomasnow|Aurora Veil|p2a: Abomasnow\n|-sidestart|p2: Craw619|move: Aurora Veil\n|\n|-weather|Snow|[upkeep]\n|upkeep\n|turn|2\n|inactive|VillagerZz has 30 seconds left.\n|\n|t:|1683658389\n|move|p1a: Talonflame|Brave Bird|p2a: Abomasnow\n|-supereffective|p2a: Abomasnow\n|-damage|p2a: Abomasnow|64\/100\n|-damage|p1a: Talonflame|85\/100|[from] Recoil\n|move|p1b: Kilowattrel|Tera Blast|p2b: Beartic\n|-supereffective|p2b: Beartic\n|-damage|p2b: Beartic|0 fnt\n|faint|p2b: Beartic\n|move|p2a: Abomasnow|Sheer Cold|p1b: Kilowattrel|[miss]\n|-miss|p2a: Abomasnow|p1b: Kilowattrel\n|\n|-weather|Snow|[upkeep]\n|upkeep\n|\n|t:|1683658406\n|switch|p2b: Garganacl|Garganacl, L50, M, shiny|100\/100\n|turn|3\n|\n|t:|1683658422\n|-terastallize|p2b: Garganacl|Poison\n|move|p1a: Talonflame|Flare Blitz|p2a: Abomasnow\n|-supereffective|p2a: Abomasnow\n|-damage|p2a: Abomasnow|0 fnt\n|faint|p2a: Abomasnow\n|-damage|p1a: Talonflame|58\/100|[from] Recoil\n|move|p1b: Kilowattrel|Tera Blast|p2b: Garganacl\n|-resisted|p2b: Garganacl\n|-damage|p2b: Garganacl|93\/100\n|move|p2b: Garganacl|Fissure|p1b: Kilowattrel|[miss]\n|-miss|p2b: Garganacl|p1b: Kilowattrel\n|\n|-weather|Snow|[upkeep]\n|upkeep\n|\n|t:|1683658435\n|switch|p2a: Kingambit|Kingambit, L50, M, shiny|100\/100\n|turn|4\n|\n|t:|1683658455\n|switch|p1b: Scream Tail|Scream Tail, L50, shiny|100\/100\n|move|p1a: Talonflame|Flare Blitz|p2a: Kingambit\n|-supereffective|p2a: Kingambit\n|-damage|p2a: Kingambit|52\/100\n|-damage|p1a: Talonflame|36\/100|[from] Recoil\n|move|p2a: Kingambit|Thunder Wave|p1a: Talonflame\n|-status|p1a: Talonflame|par\n|move|p2b: Garganacl|Iron Defense|p2b: Garganacl\n|-boost|p2b: Garganacl|def|2\n|\n|-weather|Snow|[upkeep]\n|-sideend|p1: VillagerZz|move: Tailwind\n|upkeep\n|turn|5\n|-activate|p2b: Garganacl|item: Quick Claw\n|\n|t:|1683658479\n|move|p2b: Garganacl|Fissure|p1b: Scream Tail|[miss]\n|-miss|p2b: Garganacl|p1b: Scream Tail\n|move|p1b: Scream Tail|Encore|p2b: Garganacl\n|-start|p2b: Garganacl|Encore\n|cant|p1a: Talonflame|par\n|move|p2a: Kingambit|Guillotine|p1b: Scream Tail|[miss]\n|-miss|p2a: Kingambit|p1b: Scream Tail\n|\n|-weather|none\n|upkeep\n|turn|6\n|\n|t:|1683658503\n|move|p1b: Scream Tail|Disable|p2b: Garganacl\n|-start|p2b: Garganacl|Disable|Fissure\n|move|p1a: Talonflame|Roost|p1a: Talonflame\n|-heal|p1a: Talonflame|87\/100 par\n|-singleturn|p1a: Talonflame|move: Roost\n|move|p2a: Kingambit|Thunder Wave|p1b: Scream Tail\n|-status|p1b: Scream Tail|par\n|cant|p2b: Garganacl|Disable|Fissure\n|\n|upkeep\n|turn|7\n|inactive|VillagerZz has 30 seconds left.\n|inactive|VillagerZz has 20 seconds left.\n|\n|t:|1683658540\n|cant|p1a: Talonflame|par\n|move|p1b: Scream Tail|Encore|p2a: Kingambit\n|-start|p2a: Kingambit|Encore\n|move|p2a: Kingambit|Thunder Wave|p1b: Scream Tail\n|-fail|p1b: Scream Tail|par\n|-activate|p2b: Garganacl|move: Struggle\n|move|p2b: Garganacl|Struggle|p1b: Scream Tail\n|-damage|p1b: Scream Tail|92\/100 par\n|-damage|p2b: Garganacl|68\/100|[from] recoil\n|\n|upkeep\n|turn|8\n|\n|t:|1683658560\n|move|p1a: Talonflame|Flare Blitz|p2a: Kingambit\n|-supereffective|p2a: Kingambit\n|-damage|p2a: Kingambit|9\/100\n|-enditem|p2a: Kingambit|Sitrus Berry|[eat]\n|-heal|p2a: Kingambit|34\/100|[from] item: Sitrus Berry\n|-damage|p1a: Talonflame|68\/100 par|[from] Recoil\n|cant|p1b: Scream Tail|par\n|move|p2a: Kingambit|Thunder Wave|p1a: Talonflame\n|-fail|p1a: Talonflame|par\n|-activate|p2b: Garganacl|move: Struggle\n|move|p2b: Garganacl|Struggle|p1b: Scream Tail\n|-damage|p1b: Scream Tail|84\/100 par\n|-damage|p2b: Garganacl|43\/100|[from] recoil\n|\n|-end|p2b: Garganacl|Encore\n|-sideend|p2: Craw619|move: Aurora Veil\n|upkeep\n|turn|9\n|\n|t:|1683658582\n|move|p1a: Talonflame|Flare Blitz|p2a: Kingambit\n|-supereffective|p2a: Kingambit\n|-damage|p2a: Kingambit|0 fnt\n|faint|p2a: Kingambit\n|-damage|p1a: Talonflame|53\/100 par|[from] Recoil\n|move|p1b: Scream Tail|Encore||[still]\n|-fail|p1b: Scream Tail\n|move|p2b: Garganacl|Recover|p2b: Garganacl\n|-heal|p2b: Garganacl|93\/100\n|\n|-end|p2b: Garganacl|Disable\n|upkeep\n|turn|10\n|inactive|VillagerZz has 30 seconds left.\n|\n|t:|1683658608\n|cant|p1a: Talonflame|par\n|move|p1b: Scream Tail|Encore|p2b: Garganacl\n|-start|p2b: Garganacl|Encore\n|move|p2b: Garganacl|Recover|p2b: Garganacl\n|-heal|p2b: Garganacl|100\/100\n|\n|upkeep\n|turn|11\n|\n|t:|1683658623\n|move|p1a: Talonflame|Roost|p1a: Talonflame\n|-heal|p1a: Talonflame|100\/100 par\n|-singleturn|p1a: Talonflame|move: Roost\n|move|p1b: Scream Tail|Disable|p2b: Garganacl\n|-start|p2b: Garganacl|Disable|Recover\n|cant|p2b: Garganacl|Disable|Recover\n|\n|upkeep\n|turn|12\n|-message|Craw619 forfeited.\n|\n|win|VillagerZz\n|raw|VillagerZz's rating: 1001 → 1047<\/strong> (+46 for winning)\n|raw|Craw619's rating: 1057 → 1035<\/strong> (-22 for losing)\n|l|\u2606Craw619\n","uploadtime":1683658648,"views":11,"p1id":"villagerzz","p2id":"craw619","formatid":"gen9vgc2023regulationc","rating":1035,"private":0,"password":""}