{"id":"gen9vgc2023regulationc-1850575580","p1":"Howlpp","p2":"Godownsyourmom","format":"[Gen 9] VGC 2023 Regulation C","log":"|j|\u2606Howlpp\n|j|\u2606Godownsyourmom\n|t:|1682349966\n|gametype|doubles\n|player|p1|Howlpp|n|\n|player|p2|Godownsyourmom|hiker-gen4|\n|teamsize|p1|6\n|teamsize|p2|6\n|gen|9\n|tier|[Gen 9] VGC 2023 Regulation C\n|rule|Species Clause: Limit one of each Pok\u00e9mon\n|rule|Item Clause: Limit one of each item\n|clearpoke\n|poke|p1|Bruxish, L50, F|\n|poke|p1|Iron Hands, L50|\n|poke|p1|Dondozo, L50, M|\n|poke|p1|Tatsugiri, L50, M|\n|poke|p1|Arboliva, L50, F|\n|poke|p1|Avalugg, L50, F|\n|poke|p2|Grimmsnarl, L50, M|\n|poke|p2|Corviknight, L50, M|\n|poke|p2|Cyclizar, L50, M|\n|poke|p2|Annihilape, L50, M|\n|poke|p2|Espathra, L50, F|\n|poke|p2|Skeledirge, L50, M|\n|teampreview|4\n|j| johto2.4\n|l| johto2.4\nGodownsyourmom has agreed to open team sheets.\n|\n|t:|1682349984\n|start\n|switch|p1a: Bocachula|Bruxish, L50, F|100\/100\n|switch|p1b: Iron Hands|Iron Hands, L50|100\/100\n|switch|p2a: Grimmsnarl|Grimmsnarl, L50, M, shiny|100\/100\n|switch|p2b: Cyclizar|Cyclizar, L50, M, shiny|100\/100\n|turn|1\n|\n|t:|1682350008\n|move|p1b: Iron Hands|Fake Out|p2b: Cyclizar\n|-damage|p2b: Cyclizar|72\/100\n|move|p1a: Bocachula|Aqua Jet|p2a: Grimmsnarl\n|-damage|p2a: Grimmsnarl|83\/100\n|move|p2a: Grimmsnarl|Parting Shot||[still]\n|cant|p1a: Bocachula|ability: Dazzling|Parting Shot|[of] p2a: Grimmsnarl\n|cant|p2b: Cyclizar|flinch\n|\n|-status|p2a: Grimmsnarl|tox|[from] item: Toxic Orb\n|upkeep\n|turn|2\n|\n|t:|1682350030\n|switch|p2b: Corviknight|Corviknight, L50, M, shiny|100\/100\n|move|p1a: Bocachula|Aqua Jet|p2b: Corviknight\n|-damage|p2b: Corviknight|90\/100\n|move|p2a: Grimmsnarl|Trick||[still]\n|cant|p1a: Bocachula|ability: Dazzling|Trick|[of] p2a: Grimmsnarl\n|move|p1b: Iron Hands|Drain Punch|p2a: Grimmsnarl\n|-damage|p2a: Grimmsnarl|24\/100 tox\n|\n|-heal|p2b: Corviknight|96\/100|[from] item: Leftovers\n|-damage|p2a: Grimmsnarl|18\/100 tox|[from] psn\n|upkeep\n|turn|3\n|\n|t:|1682350050\n|move|p1a: Bocachula|Aqua Jet|p2a: Grimmsnarl\n|-damage|p2a: Grimmsnarl|2\/100 tox\n|move|p2b: Corviknight|Bulk Up|p2b: Corviknight\n|-boost|p2b: Corviknight|atk|1\n|-boost|p2b: Corviknight|def|1\n|move|p2a: Grimmsnarl|False Surrender|p1b: Iron Hands\n|-resisted|p1b: Iron Hands\n|-damage|p1b: Iron Hands|88\/100\n|move|p1b: Iron Hands|Thunder Punch|p2b: Corviknight\n|-supereffective|p2b: Corviknight\n|-damage|p2b: Corviknight|48\/100\n|\n|-heal|p2b: Corviknight|54\/100|[from] item: Leftovers\n|-damage|p2a: Grimmsnarl|0 fnt|[from] psn\n|faint|p2a: Grimmsnarl\n|upkeep\n|\n|t:|1682350063\n|switch|p2a: Cyclizar|Cyclizar, L50, M, shiny|100\/100\n|turn|4\n|\n|t:|1682350075\n|-terastallize|p2b: Corviknight|Dark\n|move|p2a: Cyclizar|Shed Tail|p2a: Cyclizar\n|-start|p2a: Cyclizar|Substitute|[from] move: Shed Tail\n|-damage|p2a: Cyclizar|50\/100\n|\n|t:|1682350080\n|switch|p2a: Annihilape|Annihilape, L50, M, shiny|100\/100|[from] Shed Tail\n|move|p1a: Bocachula|Psychic Fangs|p2b: Corviknight\n|-immune|p2b: Corviknight\n|move|p2b: Corviknight|Bulk Up|p2b: Corviknight\n|-boost|p2b: Corviknight|atk|1\n|-boost|p2b: Corviknight|def|1\n|move|p1b: Iron Hands|Drain Punch|p2b: Corviknight\n|-supereffective|p2b: Corviknight\n|-damage|p2b: Corviknight|19\/100\n|-heal|p1b: Iron Hands|100\/100|[from] drain|[of] p2b: Corviknight\n|\n|-heal|p2b: Corviknight|24\/100|[from] item: Leftovers\n|upkeep\n|turn|5\n|\n|t:|1682350105\n|move|p2a: Annihilape|Bulk Up|p2a: Annihilape\n|-boost|p2a: Annihilape|atk|1\n|-boost|p2a: Annihilape|def|1\n|move|p2b: Corviknight|Roost|p2b: Corviknight\n|-heal|p2b: Corviknight|75\/100\n|move|p1b: Iron Hands|Drain Punch|p2b: Corviknight\n|-supereffective|p2b: Corviknight\n|-damage|p2b: Corviknight|40\/100\n|move|p1a: Bocachula|Trick Room|p1a: Bocachula\n|-fieldstart|move: Trick Room|[of] p1a: Bocachula\n|\n|-heal|p2b: Corviknight|45\/100|[from] item: Leftovers\n|upkeep\n|turn|6\n|\n|t:|1682350124\n|move|p1a: Bocachula|Aqua Jet|p2b: Corviknight\n|-damage|p2b: Corviknight|40\/100\n|move|p1b: Iron Hands|Drain Punch|p2b: Corviknight\n|-supereffective|p2b: Corviknight\n|-damage|p2b: Corviknight|2\/100\n|move|p2b: Corviknight|Roost|p2b: Corviknight\n|-heal|p2b: Corviknight|53\/100\n|move|p2a: Annihilape|Bulk Up|p2a: Annihilape\n|-boost|p2a: Annihilape|atk|1\n|-boost|p2a: Annihilape|def|1\n|\n|-heal|p2b: Corviknight|59\/100|[from] item: Leftovers\n|upkeep\n|turn|7\n|\n|t:|1682350143\n|move|p1b: Iron Hands|Drain Punch|p2b: Corviknight\n|-supereffective|p2b: Corviknight\n|-damage|p2b: Corviknight|20\/100\n|move|p2b: Corviknight|Bulk Up|p2b: Corviknight\n|-boost|p2b: Corviknight|atk|1\n|-boost|p2b: Corviknight|def|1\n|move|p1a: Bocachula|Psychic Fangs|p2a: Annihilape\n|-supereffective|p2a: Annihilape\n|-crit|p2a: Annihilape\n|-end|p2a: Annihilape|Substitute\n|move|p2a: Annihilape|Rock Slide|p1a: Bocachula|[spread] p1a\n|-miss|p2a: Annihilape|p1b: Iron Hands\n|-damage|p1a: Bocachula|50\/100\n|-enditem|p1a: Bocachula|Sitrus Berry|[eat]\n|-heal|p1a: Bocachula|75\/100|[from] item: Sitrus Berry\n|\n|-heal|p2b: Corviknight|26\/100|[from] item: Leftovers\n|upkeep\n|turn|8\n|\n|t:|1682350165\n|move|p1b: Iron Hands|Drain Punch|p2b: Corviknight\n|-supereffective|p2b: Corviknight\n|-damage|p2b: Corviknight|0 fnt\n|faint|p2b: Corviknight\n|move|p1a: Bocachula|Psychic Fangs|p2a: Annihilape\n|-supereffective|p2a: Annihilape\n|-damage|p2a: Annihilape|64\/100\n|move|p2a: Annihilape|Bulk Up|p2a: Annihilape\n|-boost|p2a: Annihilape|atk|1\n|-boost|p2a: Annihilape|def|1\n|\n|upkeep\n|\n|t:|1682350169\n|switch|p2b: Cyclizar|Cyclizar, L50, M, shiny|84\/100\n|turn|9\n|\n|t:|1682350181\n|move|p1b: Iron Hands|Drain Punch|p2b: Cyclizar\n|-supereffective|p2b: Cyclizar\n|-damage|p2b: Cyclizar|0 fnt\n|faint|p2b: Cyclizar\n|move|p1a: Bocachula|Psychic Fangs|p2a: Annihilape\n|-supereffective|p2a: Annihilape\n|-damage|p2a: Annihilape|38\/100\n|move|p2a: Annihilape|Drain Punch|p1b: Iron Hands\n|-damage|p1b: Iron Hands|44\/100\n|-heal|p2a: Annihilape|87\/100|[from] drain|[of] p1b: Iron Hands\n|\n|-fieldend|move: Trick Room\n|upkeep\n|turn|10\n|\n|t:|1682350209\n|move|p2a: Annihilape|Drain Punch|p1a: Bocachula\n|-resisted|p1a: Bocachula\n|-damage|p1a: Bocachula|8\/100\n|-heal|p2a: Annihilape|100\/100|[from] drain|[of] p1a: Bocachula\n|move|p1a: Bocachula|Psychic Fangs|p2a: Annihilape\n|-supereffective|p2a: Annihilape\n|-damage|p2a: Annihilape|72\/100\n|move|p1b: Iron Hands|Thunder Punch|p2a: Annihilape\n|-damage|p2a: Annihilape|50\/100\n|\n|upkeep\n|turn|11\n|j| Danimo321\n|\n|t:|1682350222\n|move|p1b: Iron Hands|Protect|p1b: Iron Hands\n|-singleturn|p1b: Iron Hands|Protect\n|move|p2a: Annihilape|Rock Slide|p1a: Bocachula|[spread] p1a\n|-activate|p1b: Iron Hands|move: Protect\n|-damage|p1a: Bocachula|0 fnt\n|faint|p1a: Bocachula\n|\n|upkeep\n|\n|t:|1682350232\n|switch|p1a: Dondozo|Dondozo, L50, M|100\/100\n|turn|12\n|\n|t:|1682350242\n|-end|p1b: Iron Hands|Quark Drive|[silent]\n|switch|p1b: Tatsugiri|Tatsugiri, L50, M|100\/100\n|-activate|p1b: Tatsugiri|ability: Commander|[of] p1a: Dondozo\n|-boost|p1a: Dondozo|atk|2\n|-boost|p1a: Dondozo|spa|2\n|-boost|p1a: Dondozo|spe|2\n|-boost|p1a: Dondozo|def|2\n|-boost|p1a: Dondozo|spd|2\n|-terastallize|p1a: Dondozo|Water\n|move|p2a: Annihilape|Drain Punch|p1b: Tatsugiri|[miss]\n|-miss|p2a: Annihilape|p1b: Tatsugiri\n|move|p1a: Dondozo|Liquidation|p2a: Annihilape\n|-damage|p2a: Annihilape|0 fnt\n|faint|p2a: Annihilape\n|\n|win|Howlpp\n|l|\u2606Godownsyourmom\n|l|\u2606Howlpp\n|l| Danimo321\n|j| Danimo321\n|j|\u2606Howlpp\n|player|p1|Howlpp|n\n","uploadtime":1682350313,"views":24,"p1id":"howlpp","p2id":"godownsyourmom","formatid":"gen9vgc2023regulationc","rating":0,"private":0,"password":""}