{"id":"gen9vgc2023regulationc-1860450124","p1":"XinBluQAQ","p2":"UserOmega","format":"[Gen 9] VGC 2023 Regulation C","log":"|j|\u2606XinBluQAQ\n|j|\u2606UserOmega\n|t:|1683645286\n|gametype|doubles\n|player|p1|XinBluQAQ|shadowtriad|1389\n|player|p2|UserOmega|youngcouple-gen4dp|1378\n|teamsize|p1|6\n|teamsize|p2|6\n|gen|9\n|tier|[Gen 9] VGC 2023 Regulation C\n|rated|\n|rule|Species Clause: Limit one of each Pok\u00e9mon\n|rule|Item Clause: Limit one of each item\n|clearpoke\n|poke|p1|Iron Bundle, L50|\n|poke|p1|Dondozo, L50, M|\n|poke|p1|Tatsugiri, L50, M|\n|poke|p1|Glimmora, L50, M|\n|poke|p1|Dragonite, L50, F|\n|poke|p1|Chi-Yu, L50|\n|poke|p2|Lokix, L50, M|\n|poke|p2|Chien-Pao, L50|\n|poke|p2|Slither Wing, L50|\n|poke|p2|Iron Thorns, L50|\n|poke|p2|Tyranitar, L50, F|\n|poke|p2|Flutter Mane, L50|\n|teampreview|4\n|\n|t:|1683645334\n|start\n|switch|p1a: Dondozo|Dondozo, L50, M|100\/100\n|switch|p1b: Glimmora|Glimmora, L50, M|100\/100\n|switch|p2a: Flutter Mane|Flutter Mane, L50|100\/100\n|switch|p2b: Tyranitar|Tyranitar, L50, F|100\/100\n|-weather|Sandstorm|[from] ability: Sand Stream|[of] p2b: Tyranitar\n|-enditem|p2a: Flutter Mane|Booster Energy\n|-activate|p2a: Flutter Mane|ability: Protosynthesis|[fromitem]\n|-start|p2a: Flutter Mane|protosynthesisspe\n|turn|1\n|\n|t:|1683645347\n|move|p2a: Flutter Mane|Protect|p2a: Flutter Mane\n|-singleturn|p2a: Flutter Mane|Protect\n|move|p1a: Dondozo|Protect|p1a: Dondozo\n|-singleturn|p1a: Dondozo|Protect\n|move|p1b: Glimmora|Mortal Spin|p2a: Flutter Mane|[spread] p2b\n|-activate|p2a: Flutter Mane|move: Protect\n|-resisted|p2b: Tyranitar\n|-damage|p2b: Tyranitar|99\/100\n|-status|p2b: Tyranitar|psn\n|move|p2b: Tyranitar|Crunch|p1a: Dondozo\n|-activate|p1a: Dondozo|move: Protect\n|\n|-weather|Sandstorm|[upkeep]\n|-damage|p2a: Flutter Mane|94\/100|[from] Sandstorm\n|-damage|p1a: Dondozo|94\/100|[from] Sandstorm\n|-heal|p1a: Dondozo|100\/100|[from] item: Leftovers\n|-damage|p2b: Tyranitar|87\/100 psn|[from] psn\n|upkeep\n|turn|2\n|\n|t:|1683645384\n|-terastallize|p1a: Dondozo|Grass\n|move|p2a: Flutter Mane|Psyshock|p1b: Glimmora\n|-supereffective|p1b: Glimmora\n|-damage|p1b: Glimmora|41\/100\n|move|p1b: Glimmora|Energy Ball|p2b: Tyranitar\n|-supereffective|p2b: Tyranitar\n|-damage|p2b: Tyranitar|61\/100 psn\n|move|p2b: Tyranitar|Crunch|p1a: Dondozo\n|-crit|p1a: Dondozo\n|-damage|p1a: Dondozo|48\/100\n|move|p1a: Dondozo|Wave Crash|p2a: Flutter Mane\n|-crit|p2a: Flutter Mane\n|-damage|p2a: Flutter Mane|0 fnt\n|faint|p2a: Flutter Mane\n|-end|p2a: Flutter Mane|Protosynthesis|[silent]\n|-damage|p1a: Dondozo|30\/100|[from] Recoil\n|\n|-weather|Sandstorm|[upkeep]\n|-damage|p1a: Dondozo|24\/100|[from] Sandstorm\n|-heal|p1a: Dondozo|30\/100|[from] item: Leftovers\n|-damage|p2b: Tyranitar|49\/100 psn|[from] psn\n|upkeep\n|\n|t:|1683645390\n|switch|p2a: Iron Thorns|Iron Thorns, L50|100\/100\n|turn|3\n|\n|t:|1683645419\n|-terastallize|p2a: Iron Thorns|Bug\n|move|p1a: Dondozo|Protect|p1a: Dondozo\n|-singleturn|p1a: Dondozo|Protect\n|move|p2a: Iron Thorns|Dragon Dance|p2a: Iron Thorns\n|-boost|p2a: Iron Thorns|atk|1\n|-boost|p2a: Iron Thorns|spe|1\n|move|p1b: Glimmora|Earth Power|p2b: Tyranitar\n|-supereffective|p2b: Tyranitar\n|-damage|p2b: Tyranitar|24\/100 psn\n|move|p2b: Tyranitar|Crunch|p1a: Dondozo\n|-activate|p1a: Dondozo|move: Protect\n|\n|-weather|Sandstorm|[upkeep]\n|-damage|p2a: Iron Thorns|95\/100|[from] Sandstorm\n|-damage|p1a: Dondozo|24\/100|[from] Sandstorm\n|-heal|p1a: Dondozo|30\/100|[from] item: Leftovers\n|-damage|p2b: Tyranitar|12\/100 psn|[from] psn\n|upkeep\n|turn|4\n|\n|t:|1683645447\n|switch|p1b: Tatsugiri|Tatsugiri, L50, M|100\/100\n|-activate|p1b: Tatsugiri|ability: Commander|[of] p1a: Dondozo\n|-boost|p1a: Dondozo|atk|2\n|-boost|p1a: Dondozo|spa|2\n|-boost|p1a: Dondozo|spe|2\n|-boost|p1a: Dondozo|def|2\n|-boost|p1a: Dondozo|spd|2\n|move|p2a: Iron Thorns|Rock Blast|p1b: Tatsugiri|[miss]\n|-miss|p2a: Iron Thorns|p1b: Tatsugiri\n|move|p1a: Dondozo|Earthquake|p2b: Tyranitar|[spread] p2a,p2b\n|-miss|p1a: Dondozo|p1b: Tatsugiri\n|-resisted|p2a: Iron Thorns\n|-supereffective|p2b: Tyranitar\n|-damage|p2a: Iron Thorns|74\/100\n|-damage|p2b: Tyranitar|0 fnt\n|faint|p2b: Tyranitar\n|\n|-weather|Sandstorm|[upkeep]\n|-damage|p1b: Tatsugiri|94\/100|[from] Sandstorm\n|-damage|p2a: Iron Thorns|68\/100|[from] Sandstorm\n|-damage|p1a: Dondozo|24\/100|[from] Sandstorm\n|-heal|p1a: Dondozo|30\/100|[from] item: Leftovers\n|upkeep\n|\n|t:|1683645450\n|switch|p2b: Slither Wing|Slither Wing, L50|100\/100\n|turn|5\n|\n|t:|1683645461\n|move|p1a: Dondozo|Protect|p1a: Dondozo\n|-singleturn|p1a: Dondozo|Protect\n|move|p2b: Slither Wing|First Impression|p1a: Dondozo\n|-activate|p1a: Dondozo|move: Protect\n|move|p2a: Iron Thorns|Pin Missile|p1a: Dondozo\n|-activate|p1a: Dondozo|move: Protect\n|\n|-weather|none\n|-heal|p1a: Dondozo|36\/100|[from] item: Leftovers\n|upkeep\n|turn|6\n|\n|t:|1683645470\n|move|p2a: Iron Thorns|Pin Missile|p1a: Dondozo\n|-supereffective|p1a: Dondozo\n|-damage|p1a: Dondozo|25\/100\n|-supereffective|p1a: Dondozo\n|-damage|p1a: Dondozo|15\/100\n|-supereffective|p1a: Dondozo\n|-damage|p1a: Dondozo|4\/100\n|-supereffective|p1a: Dondozo\n|-damage|p1a: Dondozo|0 fnt\n|faint|p1a: Dondozo\n|-hitcount|p1: Dondozo|4\n|move|p2b: Slither Wing|Flame Charge|p1b: Tatsugiri\n|-resisted|p1b: Tatsugiri\n|-damage|p1b: Tatsugiri|86\/100\n|-boost|p2b: Slither Wing|spe|1\n|\n|upkeep\n|\n|t:|1683645476\n|switch|p1a: Chi-Yu|Chi-Yu, L50|100\/100\n|-ability|p1a: Chi-Yu|Beads of Ruin\n|turn|7\n|\n|t:|1683645492\n|move|p1b: Tatsugiri|Icy Wind|p2a: Iron Thorns|[spread] p2a\n|-miss|p1b: Tatsugiri|p2b: Slither Wing\n|-damage|p2a: Iron Thorns|46\/100\n|-unboost|p2a: Iron Thorns|spe|1\n|move|p2b: Slither Wing|Close Combat|p1b: Tatsugiri\n|-damage|p1b: Tatsugiri|0 fnt\n|-unboost|p2b: Slither Wing|def|1\n|-unboost|p2b: Slither Wing|spd|1\n|faint|p1b: Tatsugiri\n|move|p1a: Chi-Yu|Heat Wave|p2b: Slither Wing|[spread] p2a,p2b\n|-supereffective|p2a: Iron Thorns\n|-supereffective|p2b: Slither Wing\n|-damage|p2a: Iron Thorns|0 fnt\n|-damage|p2b: Slither Wing|0 fnt\n|faint|p2a: Iron Thorns\n|-end|p2a: Iron Thorns|Quark Drive|[silent]\n|faint|p2b: Slither Wing\n|-end|p2b: Slither Wing|Protosynthesis|[silent]\n|\n|win|XinBluQAQ\n|raw|XinBluQAQ's rating: 1389 → 1408<\/strong> (+19 for winning)\n|raw|UserOmega's rating: 1378 → 1359<\/strong> (-19 for losing)\n","uploadtime":1683645507,"views":4,"p1id":"xinbluqaq","p2id":"useromega","formatid":"gen9vgc2023regulationc","rating":1359,"private":0,"password":""}