{"id":"gen9vgc2023regulationc-1861699999","p1":"PrOvO249","p2":"Scottishtown","format":"[Gen 9] VGC 2023 Regulation C","log":"|j|\u2606PrOvO249\n|j|\u2606Scottishtown\n|t:|1683796525\n|gametype|doubles\n|player|p1|PrOvO249|101|1058\n|player|p2|Scottishtown|265|1111\n|teamsize|p1|6\n|teamsize|p2|6\n|gen|9\n|tier|[Gen 9] VGC 2023 Regulation C\n|rated|\n|rule|Species Clause: Limit one of each Pok\u00e9mon\n|rule|Item Clause: Limit one of each item\n|clearpoke\n|poke|p1|Flutter Mane, L50|\n|poke|p1|Revavroom, L50, M|\n|poke|p1|Annihilape, L50, M|\n|poke|p1|Garchomp, L50, F|\n|poke|p1|Skeledirge, L50, M|\n|poke|p1|Murkrow, L50, M|\n|poke|p2|Bronzong, L50|\n|poke|p2|Ting-Lu, L50|\n|poke|p2|Gothitelle, L50, F|\n|poke|p2|Gyarados, L50, F|\n|poke|p2|Braviary, L50, M|\n|poke|p2|Chi-Yu, L50|\n|teampreview|4\n|inactive|Battle timer is ON: inactive players will automatically lose when time's up. (requested by Scottishtown)\n|inactive|PrOvO249 has 60 seconds left.\n|inactive|Scottishtown has 60 seconds left.\nScottishtown rejected open team sheets.\n|\n|t:|1683796588\n|start\n|switch|p1a: Murkrow|Murkrow, L50, M|100\/100\n|switch|p1b: Annihilape|Annihilape, L50, M|100\/100\n|switch|p2a: Bronzong|Bronzong, L50|100\/100\n|switch|p2b: Gothitelle|Gothitelle, L50, F|100\/100\n|turn|1\n|\n|t:|1683796612\n|move|p2b: Gothitelle|Fake Out|p1a: Murkrow\n|-crit|p1a: Murkrow\n|-damage|p1a: Murkrow|90\/100\n|cant|p1a: Murkrow|flinch\n|move|p1b: Annihilape|Rage Fist|p2b: Gothitelle\n|-supereffective|p2b: Gothitelle\n|-damage|p2b: Gothitelle|52\/100\n|move|p2a: Bronzong|Trick Room|p2a: Bronzong\n|-fieldstart|move: Trick Room|[of] p2a: Bronzong\n|\n|-heal|p2b: Gothitelle|58\/100|[from] item: Leftovers\n|upkeep\n|turn|2\n|\n|t:|1683796628\n|move|p2a: Bronzong|Stealth Rock|p1a: Murkrow\n|-sidestart|p1: PrOvO249|move: Stealth Rock\n|move|p2b: Gothitelle|Psyshock|p1b: Annihilape\n|-supereffective|p1b: Annihilape\n|-damage|p1b: Annihilape|58\/100\n|move|p1b: Annihilape|Rage Fist|p2b: Gothitelle\n|-supereffective|p2b: Gothitelle\n|-damage|p2b: Gothitelle|0 fnt\n|faint|p2b: Gothitelle\n|move|p1a: Murkrow|Icy Wind|p2a: Bronzong\n|-resisted|p2a: Bronzong\n|-damage|p2a: Bronzong|96\/100\n|-unboost|p2a: Bronzong|spe|1\n|\n|-heal|p1b: Annihilape|64\/100|[from] item: Leftovers\n|upkeep\n|\n|t:|1683796644\n|switch|p2b: Ting-Lu|Ting-Lu, L50|100\/100\n|-ability|p2b: Ting-Lu|Vessel of Ruin\n|turn|3\n|\n|t:|1683796656\n|-terastallize|p2b: Ting-Lu|Ground\n|move|p2a: Bronzong|Gyro Ball|p1a: Murkrow\n|-damage|p1a: Murkrow|42\/100\n|move|p2b: Ting-Lu|Earthquake|p1b: Annihilape|[spread] p1b\n|-immune|p2a: Bronzong|[from] ability: Levitate\n|-immune|p1a: Murkrow\n|-damage|p1b: Annihilape|25\/100\n|move|p1b: Annihilape|Drain Punch|p2b: Ting-Lu\n|-damage|p2b: Ting-Lu|77\/100\n|-heal|p1b: Annihilape|39\/100|[from] drain|[of] p2b: Ting-Lu\n|move|p1a: Murkrow|Icy Wind|p2a: Bronzong|[spread] p2a,p2b\n|-resisted|p2a: Bronzong\n|-supereffective|p2b: Ting-Lu\n|-damage|p2a: Bronzong|94\/100\n|-damage|p2b: Ting-Lu|72\/100\n|-unboost|p2a: Bronzong|spe|1\n|-unboost|p2b: Ting-Lu|spe|1\n|\n|-heal|p1b: Annihilape|45\/100|[from] item: Leftovers\n|upkeep\n|turn|4\n|inactive|PrOvO249 has 30 seconds left.\n|\n|t:|1683796689\n|move|p1b: Annihilape|Protect|p1b: Annihilape\n|-singleturn|p1b: Annihilape|Protect\n|move|p2a: Bronzong|Gyro Ball|p1a: Murkrow\n|-damage|p1a: Murkrow|0 fnt\n|faint|p1a: Murkrow\n|move|p2b: Ting-Lu|Earthquake|p1b: Annihilape|[spread] \n|-activate|p1b: Annihilape|move: Protect\n|-immune|p2a: Bronzong|[from] ability: Levitate\n|\n|-heal|p1b: Annihilape|51\/100|[from] item: Leftovers\n|upkeep\n|\n|t:|1683796706\n|switch|p1a: Garchomp|Garchomp, L50, F|100\/100\n|-damage|p1a: Garchomp|94\/100|[from] Stealth Rock\n|turn|5\n|inactive|Scottishtown has 30 seconds left.\n|inactive|Scottishtown has 20 seconds left.\n|\n|t:|1683796743\n|move|p1a: Garchomp|Protect|p1a: Garchomp\n|-singleturn|p1a: Garchomp|Protect\n|move|p2a: Bronzong|Gyro Ball|p1b: Annihilape\n|-damage|p1b: Annihilape|0 fnt\n|faint|p1b: Annihilape\n|move|p2b: Ting-Lu|Earthquake|p1a: Garchomp|[spread] \n|-activate|p1a: Garchomp|move: Protect\n|-immune|p2a: Bronzong|[from] ability: Levitate\n|\n|-fieldend|move: Trick Room\n|upkeep\n|\n|t:|1683796756\n|switch|p1b: Flutter Mane|Flutter Mane, L50|100\/100\n|-damage|p1b: Flutter Mane|88\/100|[from] Stealth Rock\n|turn|6\n|\n|t:|1683796764\n|move|p1b: Flutter Mane|Dazzling Gleam|p2b: Ting-Lu|[spread] p2a,p2b\n|-resisted|p2a: Bronzong\n|-damage|p2a: Bronzong|86\/100\n|-damage|p2b: Ting-Lu|63\/100\n|move|p1a: Garchomp|Iron Head|p2a: Bronzong\n|-resisted|p2a: Bronzong\n|-damage|p2a: Bronzong|76\/100\n|move|p2b: Ting-Lu|Earthquake|p1a: Garchomp|[spread] p1a,p1b\n|-immune|p2a: Bronzong|[from] ability: Levitate\n|-damage|p1a: Garchomp|67\/100\n|-damage|p1b: Flutter Mane|30\/100\n|cant|p2a: Bronzong|flinch\n|\n|upkeep\n|turn|7\n|inactive|PrOvO249 has 30 seconds left.\n|c|\u2606Scottishtown|Gg\n|\n|t:|1683796797\n|move|p1b: Flutter Mane|Shadow Ball|p2a: Bronzong\n|-supereffective|p2a: Bronzong\n|-damage|p2a: Bronzong|24\/100\n|move|p1a: Garchomp|Iron Head|p2a: Bronzong\n|-resisted|p2a: Bronzong\n|-damage|p2a: Bronzong|13\/100\n|move|p2b: Ting-Lu|Earthquake|p1a: Garchomp|[spread] p1a,p1b\n|-immune|p2a: Bronzong|[from] ability: Levitate\n|-damage|p1a: Garchomp|39\/100\n|-damage|p1b: Flutter Mane|0 fnt\n|faint|p1b: Flutter Mane\n|-end|p1b: Flutter Mane|Protosynthesis|[silent]\n|cant|p2a: Bronzong|flinch\n|\n|upkeep\n|turn|8\n|c|\u2606Scottishtown|Haha jokes but never mind\n|inactive|Scottishtown has 30 seconds left.\n|\n|t:|1683796822\n|move|p1a: Garchomp|Iron Head|p2a: Bronzong\n|-resisted|p2a: Bronzong\n|-damage|p2a: Bronzong|3\/100\n|move|p2b: Ting-Lu|Earthquake|p1a: Garchomp|[spread] p1a\n|-immune|p2a: Bronzong|[from] ability: Levitate\n|-damage|p1a: Garchomp|13\/100\n|move|p2a: Bronzong|Trick Room|p2a: Bronzong\n|-fieldstart|move: Trick Room|[of] p2a: Bronzong\n|\n|upkeep\n|turn|9\n|\n|t:|1683796835\n|move|p2a: Bronzong|Gyro Ball|p1a: Garchomp\n|-damage|p1a: Garchomp|0 fnt\n|-damage|p2a: Bronzong|0 fnt|[from] ability: Rough Skin|[of] p1a: Garchomp\n|faint|p1a: Garchomp\n|faint|p2a: Bronzong\n|\n|win|Scottishtown\n|raw|PrOvO249's rating: 1058 → 1042<\/strong> (-16 for losing)\n|raw|Scottishtown's rating: 1111 → 1132<\/strong> (+21 for winning)\n|l|\u2606PrOvO249\n","uploadtime":1683796854,"views":10,"p1id":"provo249","p2id":"scottishtown","formatid":"gen9vgc2023regulationc","rating":1042,"private":0,"password":""}