{"id":"gen9vgc2023regulationc-1864160491","p1":"Stealyomunchlax","p2":"M175128050523","format":"[Gen 9] VGC 2023 Regulation C","log":"|j|\u2606Stealyomunchlax\n|j|\u2606M175128050523\n|t:|1684127311\n|gametype|doubles\n|player|p1|Stealyomunchlax|170|1160\n|player|p2|M175128050523|silver|1139\n|teamsize|p1|6\n|teamsize|p2|6\n|gen|9\n|tier|[Gen 9] VGC 2023 Regulation C\n|rated|\n|rule|Species Clause: Limit one of each Pok\u00e9mon\n|rule|Item Clause: Limit one of each item\n|clearpoke\n|poke|p1|Iron Bundle, L50|\n|poke|p1|Gyarados, L50, F|\n|poke|p1|Orthworm, L50, M|\n|poke|p1|Annihilape, L50, F|\n|poke|p1|Flutter Mane, L50|\n|poke|p1|Amoonguss, L50, M|\n|poke|p2|Orthworm, L50, M|\n|poke|p2|Iron Hands, L50|\n|poke|p2|Flutter Mane, L50|\n|poke|p2|Gholdengo, L50|\n|poke|p2|Gyarados, L50, M|\n|poke|p2|Ting-Lu, L50|\n|teampreview|4\nM175128050523 has agreed to open team sheets.\n|inactive|Battle timer is ON: inactive players will automatically lose when time's up. (requested by M175128050523)\nStealyomunchlax has agreed to open team sheets.\n|inactive|Stealyomunchlax has 60 seconds left.\n|\n|t:|1684127428\n|start\n|switch|p1a: Amoonguss|Amoonguss, L50, M|100\/100\n|switch|p1b: Annihilape|Annihilape, L50, F|100\/100\n|switch|p2a: Orthworm|Orthworm, L50, M|100\/100\n|switch|p2b: Gyarados|Gyarados, L50, M|100\/100\n|-ability|p2b: Gyarados|Intimidate|boost\n|-unboost|p1a: Amoonguss|atk|1\n|-unboost|p1b: Annihilape|atk|1\n|turn|1\n|inactive|Stealyomunchlax has 30 seconds left.\n|inactive|Stealyomunchlax has 20 seconds left.\n|inactive|Stealyomunchlax has 15 seconds left.\n|inactive|Stealyomunchlax has 10 seconds left.\n|inactive|Stealyomunchlax has 5 seconds left.\n|\n|t:|1684127483\n|move|p2b: Gyarados|Dragon Dance|p2b: Gyarados\n|-boost|p2b: Gyarados|atk|1\n|-boost|p2b: Gyarados|spe|1\n|move|p1b: Annihilape|Bulk Up|p1b: Annihilape\n|-boost|p1b: Annihilape|atk|1\n|-boost|p1b: Annihilape|def|1\n|move|p2a: Orthworm|Shed Tail|p2a: Orthworm\n|-start|p2a: Orthworm|Substitute|[from] move: Shed Tail\n|-damage|p2a: Orthworm|50\/100\n|-enditem|p2a: Orthworm|Sitrus Berry|[eat]\n|-heal|p2a: Orthworm|75\/100|[from] item: Sitrus Berry\n|\n|t:|1684127504\n|switch|p2a: Iron Hands|Iron Hands, L50|100\/100|[from] Shed Tail\n|move|p1a: Amoonguss|Spore||[still]\n|-fail|p1a: Amoonguss\n|\n|upkeep\n|turn|2\n|inactive|Stealyomunchlax has 30 seconds left.\n|inactive|Stealyomunchlax has 20 seconds left.\n|\n|t:|1684127539\n|move|p2a: Iron Hands|Fake Out|p1a: Amoonguss\n|-damage|p1a: Amoonguss|89\/100\n|move|p2b: Gyarados|Dragon Dance|p2b: Gyarados\n|-boost|p2b: Gyarados|atk|1\n|-boost|p2b: Gyarados|spe|1\n|move|p1b: Annihilape|Bulk Up|p1b: Annihilape\n|-boost|p1b: Annihilape|atk|1\n|-boost|p1b: Annihilape|def|1\n|cant|p1a: Amoonguss|flinch\n|\n|upkeep\n|turn|3\n|inactive|Stealyomunchlax has 30 seconds left.\n|inactive|M175128050523 has 30 seconds left.\n|inactive|Stealyomunchlax has 20 seconds left.\n|inactive|M175128050523 has 20 seconds left.\n|\n|t:|1684127577\n|switch|p1a: Gyarados|Gyarados, L50, F|100\/100\n|-ability|p1a: Gyarados|Intimidate|boost\n|-immune|p2a: Iron Hands\n|-unboost|p2b: Gyarados|atk|1\n|move|p2b: Gyarados|Dragon Dance|p2b: Gyarados\n|-boost|p2b: Gyarados|atk|1\n|-boost|p2b: Gyarados|spe|1\n|move|p1b: Annihilape|Bulk Up|p1b: Annihilape\n|-boost|p1b: Annihilape|atk|1\n|-boost|p1b: Annihilape|def|1\n|move|p2a: Iron Hands|Drain Punch|p1a: Gyarados\n|-resisted|p1a: Gyarados\n|-damage|p1a: Gyarados|81\/100\n|\n|upkeep\n|turn|4\n|inactive|Stealyomunchlax has 30 seconds left.\n|inactive|Stealyomunchlax has 20 seconds left.\n|inactive|Stealyomunchlax has 15 seconds left.\n|inactive|Stealyomunchlax has 10 seconds left.\n|\n|t:|1684127627\n|-terastallize|p1b: Annihilape|Water\n|move|p2b: Gyarados|Waterfall|p1b: Annihilape\n|-resisted|p1b: Annihilape\n|-damage|p1b: Annihilape|84\/100\n|move|p1a: Gyarados|Thunder Wave|p2b: Gyarados\n|-status|p2b: Gyarados|par\n|-enditem|p2b: Gyarados|Lum Berry|[eat]\n|-curestatus|p2b: Gyarados|par|[msg]\n|move|p1b: Annihilape|Rage Fist|p2b: Gyarados\n|-damage|p2b: Gyarados|0 fnt\n|faint|p2b: Gyarados\n|move|p2a: Iron Hands|Wild Charge|p1a: Gyarados\n|-supereffective|p1a: Gyarados\n|-damage|p1a: Gyarados|0 fnt\n|faint|p1a: Gyarados\n|-damage|p2a: Iron Hands|86\/100|[from] Recoil\n|\n|-heal|p1b: Annihilape|90\/100|[from] item: Leftovers\n|upkeep\n|\n|t:|1684127651\n|switch|p2b: Orthworm|Orthworm, L50, M|75\/100\n|switch|p1a: Flutter Mane|Flutter Mane, L50|100\/100\n|turn|5\n|\n|t:|1684127675\n|-end|p1a: Flutter Mane|Protosynthesis|[silent]\n|switch|p1a: Amoonguss|Amoonguss, L50, M|100\/100\n|move|p2b: Orthworm|Helping Hand|p2a: Iron Hands\n|-singleturn|p2a: Iron Hands|Helping Hand|[of] p2b: Orthworm\n|move|p1b: Annihilape|Protect|p1b: Annihilape\n|-singleturn|p1b: Annihilape|Protect\n|move|p2a: Iron Hands|Wild Charge|p1b: Annihilape\n|-activate|p1b: Annihilape|move: Protect\n|\n|-heal|p1b: Annihilape|96\/100|[from] item: Leftovers\n|upkeep\n|turn|6\n|\n|t:|1684127695\n|-terastallize|p2a: Iron Hands|Grass\n|move|p2b: Orthworm|Helping Hand|p2a: Iron Hands\n|-singleturn|p2a: Iron Hands|Helping Hand|[of] p2b: Orthworm\n|move|p1b: Annihilape|Drain Punch|p2b: Orthworm\n|-supereffective|p2b: Orthworm\n|-damage|p2b: Orthworm|0 fnt\n|-heal|p1b: Annihilape|100\/100|[from] drain|[of] p2b: Orthworm\n|faint|p2b: Orthworm\n|move|p2a: Iron Hands|Wild Charge|p1b: Annihilape\n|-supereffective|p1b: Annihilape\n|-damage|p1b: Annihilape|47\/100\n|-damage|p2a: Iron Hands|75\/100|[from] Recoil\n|move|p1a: Amoonguss|Spore|p2a: Iron Hands\n|-immune|p2a: Iron Hands\n|\n|-heal|p1b: Annihilape|53\/100|[from] item: Leftovers\n|upkeep\n|\n|t:|1684127716\n|switch|p2b: Gholdengo|Gholdengo, L50|100\/100\n|turn|7\n|\n|t:|1684127737\n|move|p1b: Annihilape|Protect|p1b: Annihilape\n|-singleturn|p1b: Annihilape|Protect\n|move|p2b: Gholdengo|Shadow Ball|p1b: Annihilape\n|-activate|p1b: Annihilape|move: Protect\n|move|p2a: Iron Hands|Wild Charge|p1b: Annihilape\n|-activate|p1b: Annihilape|move: Protect\n|move|p1a: Amoonguss|Pollen Puff|p2a: Iron Hands\n|-supereffective|p2a: Iron Hands\n|-end|p2a: Iron Hands|Substitute\n|\n|-heal|p1b: Annihilape|59\/100|[from] item: Leftovers\n|upkeep\n|turn|8\n|inactive|M175128050523 has 30 seconds left.\n|\n|t:|1684127762\n|move|p1a: Amoonguss|Rage Powder|p1a: Amoonguss\n|-singleturn|p1a: Amoonguss|move: Rage Powder\n|move|p2b: Gholdengo|Nasty Plot|p2b: Gholdengo\n|-boost|p2b: Gholdengo|spa|2\n|move|p1b: Annihilape|Rage Fist|p2b: Gholdengo\n|-supereffective|p2b: Gholdengo\n|-damage|p2b: Gholdengo|0 fnt\n|faint|p2b: Gholdengo\n|move|p2a: Iron Hands|Wild Charge|p1b: Annihilape\n|-supereffective|p1b: Annihilape\n|-crit|p1b: Annihilape\n|-damage|p1b: Annihilape|0 fnt\n|faint|p1b: Annihilape\n|-damage|p2a: Iron Hands|63\/100|[from] Recoil\n|\n|upkeep\n|\n|t:|1684127774\n|switch|p1b: Flutter Mane|Flutter Mane, L50|100\/100\n|turn|9\n|\n|t:|1684127782\n|move|p1a: Amoonguss|Rage Powder|p1a: Amoonguss\n|-singleturn|p1a: Amoonguss|move: Rage Powder\n|move|p1b: Flutter Mane|Moonblast|p2a: Iron Hands\n|-damage|p2a: Iron Hands|22\/100\n|-unboost|p2a: Iron Hands|spa|1\n|move|p2a: Iron Hands|Wild Charge|p1b: Flutter Mane\n|-damage|p1b: Flutter Mane|34\/100\n|-damage|p2a: Iron Hands|12\/100|[from] Recoil\n|\n|upkeep\n|turn|10\n|\n|t:|1684127799\n|move|p1b: Flutter Mane|Moonblast|p2a: Iron Hands\n|-damage|p2a: Iron Hands|0 fnt\n|faint|p2a: Iron Hands\n|-end|p2a: Iron Hands|Quark Drive|[silent]\n|\n|win|Stealyomunchlax\n|raw|Stealyomunchlax's rating: 1160 → 1183<\/strong> (+23 for winning)\n|raw|M175128050523's rating: 1139 → 1116<\/strong> (-23 for losing)\n|l|\u2606Stealyomunchlax\n","uploadtime":1684127806,"views":6,"p1id":"stealyomunchlax","p2id":"m175128050523","formatid":"gen9vgc2023regulationc","rating":1116,"private":0,"password":""}