{"id":"gen9vgc2023regulationc-1851614460","p1":"Krib_Underscore","p2":"beastCookie570","format":"[Gen 9] VGC 2023 Regulation C","log":"|j|\u2606Krib_Underscore\n|j|\u2606beastCookie570\n|t:|1682461408\n|gametype|doubles\n|player|p1|Krib_Underscore|benga|1135\n|player|p2|beastCookie570|169|1188\n|teamsize|p1|6\n|teamsize|p2|6\n|gen|9\n|tier|[Gen 9] VGC 2023 Regulation C\n|rated|\n|rule|Species Clause: Limit one of each Pok\u00e9mon\n|rule|Item Clause: Limit one of each item\n|clearpoke\n|poke|p1|Armarouge, L50, M|\n|poke|p1|Indeedee-F, L50, F|\n|poke|p1|Great Tusk, L50|\n|poke|p1|Corviknight, L50, M|\n|poke|p1|Iron Bundle, L50|\n|poke|p1|Roaring Moon, L50|\n|poke|p2|Iron Bundle, L50|\n|poke|p2|Chien-Pao, L50|\n|poke|p2|Dragonite, L50, M|\n|poke|p2|Glimmora, L50, M|\n|poke|p2|Gothitelle, L50, M|\n|poke|p2|Garganacl, L50, M|\n|teampreview|4\nKrib_Underscore has agreed to open team sheets.\n|\n|t:|1682461434\n|start\n|switch|p1a: HoHoHomicide|Iron Bundle, L50|100\/100\n|switch|p1b: Taxi Service|Corviknight, L50, M, shiny|100\/100\n|switch|p2a: Chien-Pao|Chien-Pao, L50|100\/100\n|switch|p2b: Iron Bundle|Iron Bundle, L50|100\/100\n|-ability|p2a: Chien-Pao|Sword of Ruin\n|-enditem|p2b: Iron Bundle|Booster Energy\n|-activate|p2b: Iron Bundle|ability: Quark Drive|[fromitem]\n|-start|p2b: Iron Bundle|quarkdrivespe\n|turn|1\n|\n|t:|1682461456\n|move|p1a: HoHoHomicide|Protect|p1a: HoHoHomicide\n|-singleturn|p1a: HoHoHomicide|Protect\n|move|p2b: Iron Bundle|Icy Wind|p1a: HoHoHomicide|[spread] p1b\n|-activate|p1a: HoHoHomicide|move: Protect\n|-damage|p1b: Taxi Service|81\/100\n|-ability|p1b: Taxi Service|Mirror Armor\n|-unboost|p2b: Iron Bundle|spe|1\n|move|p2a: Chien-Pao|Sacred Sword|p1a: HoHoHomicide\n|-activate|p1a: HoHoHomicide|move: Protect\n|move|p1b: Taxi Service|Tailwind|p1b: Taxi Service\n|-sidestart|p1: Krib_Underscore|move: Tailwind\n|\n|upkeep\n|turn|2\n|\n|t:|1682461480\n|move|p1a: HoHoHomicide|Hydro Pump|p2a: Chien-Pao\n|-damage|p2a: Chien-Pao|12\/100\n|move|p2a: Chien-Pao|Sacred Sword|p1a: HoHoHomicide\n|-supereffective|p1a: HoHoHomicide\n|-enditem|p1a: HoHoHomicide|Focus Sash\n|-damage|p1a: HoHoHomicide|1\/100\n|-damage|p2a: Chien-Pao|2\/100|[from] item: Life Orb\n|move|p2b: Iron Bundle|Encore|p1b: Taxi Service\n|-start|p1b: Taxi Service|Encore\n|move|p1b: Taxi Service|Tailwind||[still]\n|-fail|p1b: Taxi Service\n|\n|upkeep\n|turn|3\n|\n|t:|1682461502\n|-end|p2b: Iron Bundle|Quark Drive|[silent]\n|switch|p2b: Dragonite|Dragonite, L50, M|100\/100\n|switch|p1b: Knockoff Mega|Roaring Moon, L50|100\/100\n|-enditem|p1b: Knockoff Mega|Booster Energy\n|-activate|p1b: Knockoff Mega|ability: Protosynthesis|[fromitem]\n|-start|p1b: Knockoff Mega|protosynthesisatk\n|move|p1a: HoHoHomicide|Protect|p1a: HoHoHomicide\n|-singleturn|p1a: HoHoHomicide|Protect\n|move|p2a: Chien-Pao|Sucker Punch||[still]\n|-fail|p2a: Chien-Pao\n|\n|upkeep\n|turn|4\n|\n|t:|1682461527\n|-end|p1a: HoHoHomicide|Quark Drive|[silent]\n|switch|p1a: Taxi Service|Corviknight, L50, M, shiny|81\/100\n|-terastallize|p2b: Dragonite|Flying\n|move|p1b: Knockoff Mega|Throat Chop|p2a: Chien-Pao\n|-resisted|p2a: Chien-Pao\n|-damage|p2a: Chien-Pao|0 fnt\n|faint|p2a: Chien-Pao\n|move|p2b: Dragonite|Tailwind|p2b: Dragonite\n|-sidestart|p2: beastCookie570|move: Tailwind\n|\n|-sideend|p1: Krib_Underscore|move: Tailwind\n|upkeep\n|\n|t:|1682461538\n|switch|p2a: Garganacl|Garganacl, L50, M|100\/100\n|turn|5\n|\n|t:|1682461546\n|move|p1b: Knockoff Mega|Protect|p1b: Knockoff Mega\n|-singleturn|p1b: Knockoff Mega|Protect\n|move|p2b: Dragonite|Tera Blast|p1b: Knockoff Mega\n|-activate|p1b: Knockoff Mega|move: Protect\n|move|p2a: Garganacl|Salt Cure|p1a: Taxi Service\n|-damage|p1a: Taxi Service|72\/100\n|-start|p1a: Taxi Service|Salt Cure\n|move|p1a: Taxi Service|Tailwind|p1a: Taxi Service\n|-sidestart|p1: Krib_Underscore|move: Tailwind\n|\n|-damage|p1a: Taxi Service|47\/100|[from] Salt Cure\n|upkeep\n|turn|6\n|inactive|Battle timer is ON: inactive players will automatically lose when time's up. (requested by beastCookie570)\n|\n|t:|1682461579\n|switch|p1a: Big Horns|Great Tusk, L50|100\/100\n|move|p1b: Knockoff Mega|Dragon Claw|p2b: Dragonite\n|-damage|p2b: Dragonite|75\/100\n|move|p2b: Dragonite|Tera Blast|p1b: Knockoff Mega\n|-damage|p1b: Knockoff Mega|14\/100\n|move|p2a: Garganacl|Salt Cure|p1a: Big Horns\n|-resisted|p1a: Big Horns\n|-damage|p1a: Big Horns|98\/100\n|-start|p1a: Big Horns|Salt Cure\n|\n|-damage|p1a: Big Horns|86\/100|[from] Salt Cure\n|upkeep\n|turn|7\n|\n|t:|1682461603\n|move|p2a: Garganacl|Protect|p2a: Garganacl\n|-singleturn|p2a: Garganacl|Protect\n|move|p2b: Dragonite|Extreme Speed|p1b: Knockoff Mega\n|-damage|p1b: Knockoff Mega|0 fnt\n|faint|p1b: Knockoff Mega\n|-end|p1b: Knockoff Mega|Protosynthesis|[silent]\n|move|p1a: Big Horns|Ice Spinner|p2b: Dragonite\n|-supereffective|p2b: Dragonite\n|-damage|p2b: Dragonite|20\/100\n|\n|-damage|p1a: Big Horns|74\/100|[from] Salt Cure\n|-sideend|p2: beastCookie570|move: Tailwind\n|upkeep\n|\n|t:|1682461613\n|switch|p1b: HoHoHomicide|Iron Bundle, L50|1\/100\n|turn|8\n|\n|t:|1682461624\n|-terastallize|p1b: HoHoHomicide|Ghost\n|move|p2b: Dragonite|Protect|p2b: Dragonite\n|-singleturn|p2b: Dragonite|Protect\n|move|p1b: HoHoHomicide|Freeze-Dry|p2b: Dragonite\n|-activate|p2b: Dragonite|move: Protect\n|move|p1a: Big Horns|Close Combat|p2a: Garganacl\n|-supereffective|p2a: Garganacl\n|-damage|p2a: Garganacl|19\/100\n|-unboost|p1a: Big Horns|def|1\n|-unboost|p1a: Big Horns|spd|1\n|move|p2a: Garganacl|Salt Cure|p1a: Big Horns\n|-resisted|p1a: Big Horns\n|-damage|p1a: Big Horns|70\/100\n|\n|-heal|p2a: Garganacl|25\/100|[from] item: Leftovers\n|-damage|p1a: Big Horns|58\/100|[from] Salt Cure\n|-sideend|p1: Krib_Underscore|move: Tailwind\n|upkeep\n|turn|9\n|\n|t:|1682461645\n|move|p2b: Dragonite|Extreme Speed|p1a: Big Horns\n|-damage|p1a: Big Horns|25\/100\n|move|p1b: HoHoHomicide|Freeze-Dry|p2b: Dragonite\n|-supereffective|p2b: Dragonite\n|-damage|p2b: Dragonite|0 fnt\n|faint|p2b: Dragonite\n|move|p1a: Big Horns|Ice Spinner|p2a: Garganacl\n|-damage|p2a: Garganacl|6\/100\n|move|p2a: Garganacl|Recover|p2a: Garganacl\n|-heal|p2a: Garganacl|56\/100\n|\n|-heal|p2a: Garganacl|62\/100|[from] item: Leftovers\n|-damage|p1a: Big Horns|13\/100|[from] Salt Cure\n|upkeep\n|\n|t:|1682461659\n|switch|p2b: Iron Bundle|Iron Bundle, L50|100\/100\n|turn|10\n|\n|t:|1682461677\n|move|p1b: HoHoHomicide|Freeze-Dry|p2b: Iron Bundle\n|-crit|p2b: Iron Bundle\n|-damage|p2b: Iron Bundle|0 fnt\n|faint|p2b: Iron Bundle\n|-end|p2b: Iron Bundle|Quark Drive|[silent]\n|move|p1a: Big Horns|Close Combat|p2a: Garganacl\n|-supereffective|p2a: Garganacl\n|-damage|p2a: Garganacl|0 fnt\n|-unboost|p1a: Big Horns|def|1\n|-unboost|p1a: Big Horns|spd|1\n|faint|p2a: Garganacl\n|\n|win|Krib_Underscore\n|raw|Krib_Underscore's rating: 1135 → 1164<\/strong> (+29 for winning)\n|raw|beastCookie570's rating: 1188 → 1159<\/strong> (-29 for losing)\n|l|\u2606beastCookie570\n|c|\u2606Krib_Underscore|that eas very close\n|c|\u2606Krib_Underscore|gg\n","uploadtime":1682461690,"views":15,"p1id":"kribunderscore","p2id":"beastcookie570","formatid":"gen9vgc2023regulationc","rating":1159,"private":0,"password":""}