{"id":"gen9vgc2023regulationc-1846971598","p1":"Alaskan_fisher","p2":"taka9842","format":"[Gen 9] VGC 2023 Regulation C","log":"|j|\u2606Alaskan_fisher\n|j|\u2606taka9842\n|t:|1681907580\n|gametype|doubles\n|player|p1|Alaskan_fisher|fisherman-gen4|1199\n|player|p2|taka9842|101|1240\n|teamsize|p1|6\n|teamsize|p2|6\n|gen|9\n|tier|[Gen 9] VGC 2023 Regulation C\n|rated|\n|rule|Species Clause: Limit one of each Pok\u00e9mon\n|rule|Item Clause: Limit one of each item\n|clearpoke\n|poke|p1|Maushold-Four, L50|\n|poke|p1|Iron Hands, L50|\n|poke|p1|Palafin, L50, F|\n|poke|p1|Ting-Lu, L50|\n|poke|p1|Flutter Mane, L50|\n|poke|p1|Arcanine, L50, M|\n|poke|p2|Kingambit, L50, F|\n|poke|p2|Flutter Mane, L50|\n|poke|p2|Gyarados, L50, F|\n|poke|p2|Amoonguss, L50, M|\n|poke|p2|Palafin, L50, M|\n|poke|p2|Scream Tail, L50|\n|teampreview|4\nAlaskan_fisher has agreed to open team sheets.\ntaka9842 has agreed to open team sheets.\n|\n|t:|1681907639\n|start\n|switch|p1a: Maushold|Maushold-Four, L50|100\/100\n|switch|p1b: Palafin|Palafin, L50, F|100\/100\n|switch|p2a: Flutter Mane|Flutter Mane, L50|100\/100\n|switch|p2b: Palafin|Palafin, L50, M|100\/100\n|turn|1\n|\n|t:|1681907659\n|detailschange|p2b: Palafin|Palafin-Hero, L50, M\n|switch|p2b: Gyarados|Gyarados, L50, F|100\/100\n|-ability|p2b: Gyarados|Intimidate|boost\n|-unboost|p1a: Maushold|atk|1\n|-unboost|p1b: Palafin|atk|1\n|detailschange|p1b: Palafin|Palafin-Hero, L50, F\n|switch|p1b: Ting-Lu|Ting-Lu, L50|100\/100\n|-ability|p1b: Ting-Lu|Vessel of Ruin\n|move|p1a: Maushold|Protect|p1a: Maushold\n|-singleturn|p1a: Maushold|Protect\n|move|p2a: Flutter Mane|Moonblast|p1a: Maushold\n|-activate|p1a: Maushold|move: Protect\n|\n|upkeep\n|turn|2\n|\n|t:|1681907692\n|switch|p1a: Arcanine|Arcanine, L50, M|100\/100\n|-ability|p1a: Arcanine|Intimidate|boost\n|-unboost|p2a: Flutter Mane|atk|1\n|-unboost|p2b: Gyarados|atk|1\n|-terastallize|p1b: Ting-Lu|Water\n|move|p2a: Flutter Mane|Moonblast|p1a: Arcanine\n|-resisted|p1a: Arcanine\n|-damage|p1a: Arcanine|67\/100\n|move|p2b: Gyarados|Taunt|p1a: Arcanine\n|-start|p1a: Arcanine|move: Taunt\n|move|p1b: Ting-Lu|Heavy Slam|p2a: Flutter Mane\n|-supereffective|p2a: Flutter Mane\n|-damage|p2a: Flutter Mane|0 fnt\n|faint|p2a: Flutter Mane\n|-end|p2a: Flutter Mane|Protosynthesis|[silent]\n|\n|upkeep\n|\n|t:|1681907700\n|switch|p2a: Palafin|Palafin-Hero, L50, M|100\/100\n|-activate|p2a: Palafin|ability: Zero to Hero\n|turn|3\n|\n|t:|1681907721\n|switch|p1a: Palafin|Palafin-Hero, L50, F|100\/100\n|-activate|p1a: Palafin|ability: Zero to Hero\n|-terastallize|p2a: Palafin|Water\n|move|p2a: Palafin|Wave Crash|p1b: Ting-Lu\n|-resisted|p1b: Ting-Lu\n|-damage|p1b: Ting-Lu|71\/100\n|-damage|p2a: Palafin|88\/100|[from] Recoil\n|move|p2b: Gyarados|Waterfall|p1b: Ting-Lu\n|-resisted|p1b: Ting-Lu\n|-damage|p1b: Ting-Lu|65\/100\n|cant|p1b: Ting-Lu|flinch\n|\n|upkeep\n|turn|4\n|\n|t:|1681907739\n|switch|p2a: Kingambit|Kingambit, L50, F|100\/100\n|move|p1a: Palafin|Wave Crash|p2a: Kingambit\n|-damage|p2a: Kingambit|27\/100\n|-damage|p1a: Palafin|77\/100|[from] Recoil\n|move|p2b: Gyarados|Thunder Wave|p1a: Palafin\n|-status|p1a: Palafin|par\n|move|p1b: Ting-Lu|Stomping Tantrum|p2a: Kingambit\n|-supereffective|p2a: Kingambit\n|-damage|p2a: Kingambit|0 fnt\n|faint|p2a: Kingambit\n|\n|upkeep\n|\n|t:|1681907750\n|switch|p2a: Palafin|Palafin-Hero, L50, M, tera:Water|88\/100\n|turn|5\n|-message|taka9842 forfeited.\n|\n|win|Alaskan_fisher\n|raw|Alaskan_fisher's rating: 1199 → 1227<\/strong> (+28 for winning)\n|raw|taka9842's rating: 1240 → 1212<\/strong> (-28 for losing)\n|l|\u2606taka9842\n","uploadtime":1681907768,"views":8,"p1id":"alaskanfisher","p2id":"taka9842","formatid":"gen9vgc2023regulationc","rating":1212,"private":0,"password":""}