{"id":"gen9vgc2023regulationc-1864093542","p1":"Lowquality29","p2":"Philzkidd","format":"[Gen 9] VGC 2023 Regulation C","log":"|j|\u2606Lowquality29\n|j|\u2606Philzkidd\n|t:|1684116440\n|gametype|doubles\n|player|p1|Lowquality29|rocketgruntf|1206\n|player|p2|Philzkidd|101|1115\n|teamsize|p1|6\n|teamsize|p2|6\n|gen|9\n|tier|[Gen 9] VGC 2023 Regulation C\n|rated|\n|rule|Species Clause: Limit one of each Pok\u00e9mon\n|rule|Item Clause: Limit one of each item\n|clearpoke\n|poke|p1|Gastrodon, L50, F|\n|poke|p1|Slaking, L50, F|\n|poke|p1|Ting-Lu, L50|\n|poke|p1|Bronzong, L50|\n|poke|p1|Skeledirge, L50, M|\n|poke|p1|Stonjourner, L50, M|\n|poke|p2|Maushold, L50|\n|poke|p2|Gholdengo, L50|\n|poke|p2|Annihilape, L50, M|\n|poke|p2|Iron Bundle, L50|\n|poke|p2|Arcanine, L50, M|\n|poke|p2|Roaring Moon, L50|\n|teampreview|4\nPhilzkidd has agreed to open team sheets.\nLowquality29 has agreed to open team sheets.\n|inactive|Battle timer is ON: inactive players will automatically lose when time's up. (requested by Lowquality29)\n|inactive|Philzkidd has 60 seconds left.\n|\n|t:|1684116480\n|start\n|switch|p1a: moose|Ting-Lu, L50|100\/100\n|switch|p1b: bell|Bronzong, L50|100\/100\n|switch|p2a: Maushold|Maushold, L50|100\/100\n|switch|p2b: Gholdengo|Gholdengo, L50|100\/100\n|-ability|p1a: moose|Vessel of Ruin\n|turn|1\n|inactive|Lowquality29 has 30 seconds left.\n|\n|t:|1684116506\n|-terastallize|p2b: Gholdengo|Water\n|move|p2a: Maushold|Follow Me|p2a: Maushold\n|-singleturn|p2a: Maushold|move: Follow Me\n|move|p2b: Gholdengo|Nasty Plot|p2b: Gholdengo\n|-boost|p2b: Gholdengo|spa|2\n|move|p1a: moose|Earthquake|p2b: Gholdengo|[spread] p2a,p2b\n|-immune|p1b: bell|[from] ability: Levitate\n|-damage|p2a: Maushold|61\/100\n|-damage|p2b: Gholdengo|70\/100\n|move|p1b: bell|Trick Room|p1b: bell\n|-fieldstart|move: Trick Room|[of] p1b: bell\n|\n|-heal|p2b: Gholdengo|77\/100|[from] item: Leftovers\n|upkeep\n|turn|2\n|\n|t:|1684116529\n|move|p1b: bell|Gyro Ball|p2a: Maushold\n|-damage|p2a: Maushold|32\/100\n|move|p1a: moose|Earthquake|p2b: Gholdengo|[spread] p2a,p2b\n|-immune|p1b: bell|[from] ability: Levitate\n|-damage|p2a: Maushold|0 fnt\n|-damage|p2b: Gholdengo|47\/100\n|faint|p2a: Maushold\n|move|p2b: Gholdengo|Shadow Ball|p1b: bell\n|-supereffective|p1b: bell\n|-damage|p1b: bell|21\/100\n|\n|-heal|p1b: bell|27\/100|[from] item: Leftovers\n|-heal|p2b: Gholdengo|54\/100|[from] item: Leftovers\n|upkeep\n|\n|t:|1684116550\n|switch|p2a: Iron Bundle|Iron Bundle, L50, shiny|100\/100\n|turn|3\n|inactive|Philzkidd has 30 seconds left.\n|\n|t:|1684116579\n|move|p2b: Gholdengo|Protect|p2b: Gholdengo\n|-singleturn|p2b: Gholdengo|Protect\n|move|p1b: bell|Gyro Ball|p2a: Iron Bundle\n|-damage|p2a: Iron Bundle|36\/100\n|move|p1a: moose|Earthquake|p2a: Iron Bundle|[spread] p2a\n|-activate|p2b: Gholdengo|move: Protect\n|-immune|p1b: bell|[from] ability: Levitate\n|-damage|p2a: Iron Bundle|0 fnt\n|faint|p2a: Iron Bundle\n|-end|p2a: Iron Bundle|Quark Drive|[silent]\n|\n|-heal|p1b: bell|33\/100|[from] item: Leftovers\n|-heal|p2b: Gholdengo|60\/100|[from] item: Leftovers\n|upkeep\n|\n|t:|1684116591\n|switch|p2a: Annihilape|Annihilape, L50, M|100\/100\n|turn|4\n|\n|t:|1684116605\n|move|p2a: Annihilape|Protect|p2a: Annihilape\n|-singleturn|p2a: Annihilape|Protect\n|move|p1b: bell|Zen Headbutt|p2a: Annihilape\n|-activate|p2a: Annihilape|move: Protect\n|move|p1a: moose|Earthquake|p2b: Gholdengo|[spread] p2b\n|-activate|p2a: Annihilape|move: Protect\n|-immune|p1b: bell|[from] ability: Levitate\n|-damage|p2b: Gholdengo|22\/100\n|move|p2b: Gholdengo|Shadow Ball|p1b: bell\n|-supereffective|p1b: bell\n|-crit|p1b: bell\n|-damage|p1b: bell|0 fnt\n|faint|p1b: bell\n|\n|-heal|p2b: Gholdengo|29\/100|[from] item: Leftovers\n|upkeep\n|inactive|Lowquality29 has 30 seconds left.\n|\n|t:|1684116633\n|switch|p1b: dog|Skeledirge, L50, M, shiny|100\/100\n|turn|5\n|\n|t:|1684116644\n|-terastallize|p1b: dog|Fairy\n|move|p2b: Gholdengo|Protect|p2b: Gholdengo\n|-singleturn|p2b: Gholdengo|Protect\n|move|p1a: moose|Rock Slide|p2b: Gholdengo|[spread] \n|-activate|p2b: Gholdengo|move: Protect\n|-miss|p1a: moose|p2a: Annihilape\n|move|p1b: dog|Tera Blast|p2a: Annihilape\n|-supereffective|p2a: Annihilape\n|-damage|p2a: Annihilape|57\/100\n|move|p2a: Annihilape|Drain Punch|p1a: moose\n|-supereffective|p1a: moose\n|-damage|p1a: moose|68\/100\n|-heal|p2a: Annihilape|78\/100|[from] drain|[of] p1a: moose\n|\n|-heal|p2b: Gholdengo|35\/100|[from] item: Leftovers\n|-fieldend|move: Trick Room\n|upkeep\n|turn|6\n|\n|t:|1684116667\n|move|p2b: Gholdengo|Make It Rain|p1a: moose|[spread] p1a,p1b\n|-supereffective|p1b: dog\n|-damage|p1a: moose|30\/100\n|-damage|p1b: dog|24\/100\n|-unboost|p2b: Gholdengo|spa|1\n|move|p2a: Annihilape|Drain Punch|p1a: moose\n|-supereffective|p1a: moose\n|-damage|p1a: moose|0 fnt\n|-heal|p2a: Annihilape|97\/100|[from] drain|[of] p1a: moose\n|faint|p1a: moose\n|move|p1b: dog|Tera Blast|p2a: Annihilape\n|-supereffective|p2a: Annihilape\n|-damage|p2a: Annihilape|38\/100\n|-enditem|p2a: Annihilape|Sitrus Berry|[eat]\n|-heal|p2a: Annihilape|63\/100|[from] item: Sitrus Berry\n|\n|-heal|p2b: Gholdengo|41\/100|[from] item: Leftovers\n|upkeep\n|inactive|Lowquality29 has 30 seconds left.\n|\n|t:|1684116696\n|switch|p1a: king|Slaking, L50, F|100\/100\n|turn|7\n|inactive|Lowquality29 has 30 seconds left.\n|inactive|Philzkidd has 30 seconds left.\n|\n|t:|1684116726\n|move|p2b: Gholdengo|Protect|p2b: Gholdengo\n|-singleturn|p2b: Gholdengo|Protect\n|move|p2a: Annihilape|Protect|p2a: Annihilape\n|-singleturn|p2a: Annihilape|Protect\n|move|p1a: king|Giga Impact|p2b: Gholdengo\n|-activate|p2b: Gholdengo|move: Protect\n|move|p1b: dog|Torch Song|p2a: Annihilape\n|-activate|p2a: Annihilape|move: Protect\n|\n|-heal|p2b: Gholdengo|47\/100|[from] item: Leftovers\n|upkeep\n|turn|8\n|inactive|Lowquality29 has 30 seconds left.\n|inactive|Lowquality29 has 20 seconds left.\n|\n|t:|1684116765\n|move|p2b: Gholdengo|Make It Rain|p1b: dog|[spread] p1a,p1b\n|-supereffective|p1b: dog\n|-damage|p1a: king|33\/100\n|-damage|p1b: dog|0 fnt\n|-unboost|p2b: Gholdengo|spa|1\n|faint|p1b: dog\n|cant|p1a: king|ability: Truant\n|move|p2a: Annihilape|Drain Punch|p1a: king\n|-supereffective|p1a: king\n|-damage|p1a: king|0 fnt\n|-heal|p2a: Annihilape|83\/100|[from] drain|[of] p1a: king\n|faint|p1a: king\n|\n|win|Philzkidd\n|raw|Lowquality29's rating: 1206 → 1175<\/strong> (-31 for losing)\n|raw|Philzkidd's rating: 1115 → 1146<\/strong> (+31 for winning)\n","uploadtime":1684116781,"views":11,"p1id":"lowquality29","p2id":"philzkidd","formatid":"gen9vgc2023regulationc","rating":1146,"private":0,"password":""}