{"id":"gen9vgc2023regulationc-1855412507","p1":"GiovyX08","p2":"gundojuan8","format":"[Gen 9] VGC 2023 Regulation C","log":"|j|\u2606GiovyX08\n|j|\u2606gundojuan8\n|t:|1682948945\n|gametype|doubles\n|player|p1|GiovyX08|n|1258\n|player|p2|gundojuan8|ethan|1200\n|teamsize|p1|6\n|teamsize|p2|6\n|gen|9\n|tier|[Gen 9] VGC 2023 Regulation C\n|rated|\n|rule|Species Clause: Limit one of each Pok\u00e9mon\n|rule|Item Clause: Limit one of each item\n|clearpoke\n|poke|p1|Maushold-Four, L50|\n|poke|p1|Great Tusk, L50|\n|poke|p1|Garganacl, L50, M|\n|poke|p1|Flutter Mane, L50|\n|poke|p1|Volcarona, L50, F|\n|poke|p1|Gyarados, L50, F|\n|poke|p2|Flapple, L50, M|\n|poke|p2|Sandy Shocks, L50|\n|poke|p2|Espathra, L50, M|\n|poke|p2|Stonjourner, L50, F|\n|poke|p2|Bronzong, L50|\n|poke|p2|Chi-Yu, L50|\n|teampreview|4\n|inactive|Battle timer is ON: inactive players will automatically lose when time's up. (requested by gundojuan8)\nGiovyX08 has agreed to open team sheets.\n|inactive|GiovyX08 has 60 seconds left.\n|\n|t:|1682949004\n|start\n|switch|p1a: Garganacl|Garganacl, L50, M|100\/100\n|switch|p1b: Flutter Mane|Flutter Mane, L50|100\/100\n|switch|p2a: Sandy Shocks|Sandy Shocks, L50|100\/100\n|switch|p2b: Espathra|Espathra, L50, M|100\/100\n|-enditem|p2a: Sandy Shocks|Booster Energy\n|-activate|p2a: Sandy Shocks|ability: Protosynthesis|[fromitem]\n|-start|p2a: Sandy Shocks|protosynthesisspe\n|turn|1\n|inactive|GiovyX08 has 30 seconds left.\n|inactive|gundojuan8 has 30 seconds left.\n|\n|t:|1682949036\n|move|p2b: Espathra|Protect|p2b: Espathra\n|-singleturn|p2b: Espathra|Protect\n|move|p2a: Sandy Shocks|Gravity|p2a: Sandy Shocks\n|-fieldstart|move: Gravity\n|move|p1b: Flutter Mane|Shadow Ball|p2a: Sandy Shocks\n|-damage|p2a: Sandy Shocks|47\/100\n|move|p1a: Garganacl|Salt Cure|p2a: Sandy Shocks\n|-resisted|p2a: Sandy Shocks\n|-damage|p2a: Sandy Shocks|39\/100\n|-start|p2a: Sandy Shocks|Salt Cure\n|\n|-damage|p2a: Sandy Shocks|27\/100|[from] Salt Cure\n|-ability|p2b: Espathra|Speed Boost|boost\n|-boost|p2b: Espathra|spe|1\n|upkeep\n|turn|2\n|inactive|GiovyX08 has 30 seconds left.\n|inactive|GiovyX08 has 20 seconds left.\n|inactive|GiovyX08 has 15 seconds left.\n|\n|t:|1682949079\n|move|p1b: Flutter Mane|Protect|p1b: Flutter Mane\n|-singleturn|p1b: Flutter Mane|Protect\n|move|p2a: Sandy Shocks|Earth Power|p1a: Garganacl\n|-supereffective|p1a: Garganacl\n|-damage|p1a: Garganacl|34\/100\n|move|p2b: Espathra|Hypnosis|p1b: Flutter Mane\n|-activate|p1b: Flutter Mane|move: Protect\n|move|p1a: Garganacl|Salt Cure|p2b: Espathra\n|-damage|p2b: Espathra|79\/100\n|-start|p2b: Espathra|Salt Cure\n|\n|-heal|p1a: Garganacl|40\/100|[from] item: Leftovers\n|-damage|p2a: Sandy Shocks|14\/100|[from] Salt Cure\n|-damage|p2b: Espathra|66\/100|[from] Salt Cure\n|-ability|p2b: Espathra|Speed Boost|boost\n|-boost|p2b: Espathra|spe|1\n|upkeep\n|turn|3\n|inactive|GiovyX08 has 30 seconds left.\n|inactive|GiovyX08 has 20 seconds left.\n|\n|t:|1682949117\n|move|p1a: Garganacl|Protect|p1a: Garganacl\n|-singleturn|p1a: Garganacl|Protect\n|move|p2b: Espathra|Lumina Crash|p1b: Flutter Mane\n|-damage|p1b: Flutter Mane|62\/100\n|-unboost|p1b: Flutter Mane|spd|2\n|move|p2a: Sandy Shocks|Earth Power|p1b: Flutter Mane\n|-damage|p1b: Flutter Mane|0 fnt\n|faint|p1b: Flutter Mane\n|-end|p1b: Flutter Mane|Protosynthesis|[silent]\n|\n|-heal|p1a: Garganacl|45\/100|[from] item: Leftovers\n|-damage|p2b: Espathra|54\/100|[from] Salt Cure\n|-damage|p2a: Sandy Shocks|2\/100|[from] Salt Cure\n|-ability|p2b: Espathra|Speed Boost|boost\n|-boost|p2b: Espathra|spe|1\n|upkeep\n|\n|t:|1682949139\n|switch|p1b: Volcarona|Volcarona, L50, F|100\/100\n|turn|4\n|\n|t:|1682949158\n|move|p1b: Volcarona|Rage Powder|p1b: Volcarona\n|-singleturn|p1b: Volcarona|move: Rage Powder\n|move|p2b: Espathra|Lumina Crash|p1b: Volcarona\n|-damage|p1b: Volcarona|65\/100\n|-unboost|p1b: Volcarona|spd|2\n|move|p2a: Sandy Shocks|Earth Power|p1b: Volcarona\n|-damage|p1b: Volcarona|0 fnt\n|faint|p1b: Volcarona\n|move|p1a: Garganacl|Heavy Slam|p2b: Espathra\n|-damage|p2b: Espathra|33\/100\n|\n|-heal|p1a: Garganacl|51\/100|[from] item: Leftovers\n|-damage|p2b: Espathra|20\/100|[from] Salt Cure\n|-damage|p2a: Sandy Shocks|0 fnt|[from] Salt Cure\n|faint|p2a: Sandy Shocks\n|-end|p2a: Sandy Shocks|Protosynthesis|[silent]\n|-ability|p2b: Espathra|Speed Boost|boost\n|-boost|p2b: Espathra|spe|1\n|upkeep\n|\n|t:|1682949180\n|switch|p2a: Flapple|Flapple, L50, M, shiny|100\/100\n|switch|p1b: Great Tusk|Great Tusk, L50|100\/100\n|turn|5\n|inactive|GiovyX08 has 30 seconds left.\n|inactive|GiovyX08 has 20 seconds left.\n|inactive|GiovyX08 has 15 seconds left.\n|inactive|GiovyX08 has 10 seconds left.\n|\n|t:|1682949229\n|-terastallize|p1b: Great Tusk|Fairy\n|move|p2b: Espathra|Hypnosis|p1b: Great Tusk\n|-status|p1b: Great Tusk|slp|[from] move: Hypnosis\n|cant|p1b: Great Tusk|slp\n|move|p2a: Flapple|Grav Apple|p1b: Great Tusk\n|-damage|p1b: Great Tusk|0 fnt\n|faint|p1b: Great Tusk\n|-end|p1b: Great Tusk|Protosynthesis|[silent]\n|move|p1a: Garganacl|Salt Cure|p2b: Espathra\n|-damage|p2b: Espathra|0 fnt\n|faint|p2b: Espathra\n|\n|-heal|p1a: Garganacl|57\/100|[from] item: Leftovers\n|-fieldend|move: Gravity\n|upkeep\n|\n|t:|1682949242\n|switch|p2b: Stonjourner|Stonjourner, L50, F|100\/100\n|turn|6\n|\n|t:|1682949249\n|move|p1a: Garganacl|Protect|p1a: Garganacl\n|-singleturn|p1a: Garganacl|Protect\n|move|p2a: Flapple|Grav Apple|p1a: Garganacl\n|-activate|p1a: Garganacl|move: Protect\n|move|p2b: Stonjourner|Gravity|p2b: Stonjourner\n|-fieldstart|move: Gravity\n|\n|-heal|p1a: Garganacl|63\/100|[from] item: Leftovers\n|upkeep\n|turn|7\n|\n|t:|1682949263\n|move|p2a: Flapple|Grav Apple|p1a: Garganacl\n|-supereffective|p1a: Garganacl\n|-damage|p1a: Garganacl|0 fnt\n|faint|p1a: Garganacl\n|\n|win|gundojuan8\n|raw|GiovyX08's rating: 1258 → 1229<\/strong> (-29 for losing)\n|raw|gundojuan8's rating: 1200 → 1229<\/strong> (+29 for winning)\n","uploadtime":1682949272,"views":17,"p1id":"giovyx08","p2id":"gundojuan8","formatid":"gen9vgc2023regulationc","rating":1229,"private":0,"password":""}