{"id":"gen9vgc2023regulationc-1858945166","p1":"OverOmegafire","p2":"TGH_sr","format":"[Gen 9] VGC 2023 Regulation C","log":"|j|\u2606OverOmegafire\n|j|\u2606TGH_sr\n|t:|1683386463\n|gametype|doubles\n|player|p1|OverOmegafire|hilbert-wonderlauncher|1229\n|player|p2|TGH_sr|steven|1250\n|teamsize|p1|6\n|teamsize|p2|6\n|gen|9\n|tier|[Gen 9] VGC 2023 Regulation C\n|rated|\n|rule|Species Clause: Limit one of each Pok\u00e9mon\n|rule|Item Clause: Limit one of each item\n|clearpoke\n|poke|p1|Azumarill, L50, M|\n|poke|p1|Glaceon, L50, F|\n|poke|p1|Iron Bundle, L50|\n|poke|p1|Gengar, L50, M|\n|poke|p1|Abomasnow, L50, F|\n|poke|p1|Great Tusk, L50|\n|poke|p2|Talonflame, L50, M|\n|poke|p2|Garchomp, L50, F|\n|poke|p2|Kingambit, L50, M|\n|poke|p2|Iron Bundle, L50|\n|poke|p2|Flutter Mane, L50|\n|poke|p2|Amoonguss, L50, M|\n|teampreview|4\nTGH_sr has agreed to open team sheets.\n|inactive|Battle timer is ON: inactive players will automatically lose when time's up. (requested by OverOmegafire)\n|inactive|TGH_sr has 60 seconds left.\n|\n|t:|1683386535\n|start\n|switch|p1a: Iron Bundle|Iron Bundle, L50|100\/100\n|switch|p1b: Abomasnow|Abomasnow, L50, F|100\/100\n|switch|p2a: Kingambit|Kingambit, L50, M|100\/100\n|switch|p2b: Flutter Mane|Flutter Mane, L50|100\/100\n|-weather|Snow|[from] ability: Snow Warning|[of] p1b: Abomasnow\n|-enditem|p1a: Iron Bundle|Booster Energy\n|-activate|p1a: Iron Bundle|ability: Quark Drive|[fromitem]\n|-start|p1a: Iron Bundle|quarkdrivespe\n|turn|1\n|inactive|TGH_sr has 30 seconds left.\n|inactive|TGH_sr has 20 seconds left.\n|inactive|TGH_sr has 15 seconds left.\n|\n|t:|1683386579\n|-terastallize|p2a: Kingambit|Dark\n|move|p1a: Iron Bundle|Aurora Veil|p1a: Iron Bundle\n|-sidestart|p1: OverOmegafire|move: Aurora Veil\n|move|p2b: Flutter Mane|Mystical Fire|p1b: Abomasnow\n|-supereffective|p1b: Abomasnow\n|-damage|p1b: Abomasnow|0 fnt\n|faint|p1b: Abomasnow\n|move|p2a: Kingambit|Swords Dance|p2a: Kingambit\n|-boost|p2a: Kingambit|atk|2\n|\n|-weather|Snow|[upkeep]\n|upkeep\n|\n|t:|1683386589\n|switch|p1b: Azumarill|Azumarill, L50, M|100\/100\n|turn|2\n|inactive|TGH_sr has 30 seconds left.\n|\n|t:|1683386619\n|-end|p2b: Flutter Mane|Protosynthesis|[silent]\n|switch|p2b: Amoonguss|Amoonguss, L50, M|100\/100\n|move|p2a: Kingambit|Protect|p2a: Kingambit\n|-singleturn|p2a: Kingambit|Protect\n|move|p1a: Iron Bundle|Freeze-Dry|p2b: Amoonguss\n|-supereffective|p2b: Amoonguss\n|-damage|p2b: Amoonguss|45\/100\n|-enditem|p2b: Amoonguss|Sitrus Berry|[eat]\n|-heal|p2b: Amoonguss|70\/100|[from] item: Sitrus Berry\n|move|p1b: Azumarill|Play Rough|p2a: Kingambit\n|-activate|p2a: Kingambit|move: Protect\n|\n|-weather|Snow|[upkeep]\n|upkeep\n|turn|3\n|inactive|TGH_sr has 30 seconds left.\n|\n|t:|1683386649\n|move|p2b: Amoonguss|Rage Powder|p2b: Amoonguss\n|-singleturn|p2b: Amoonguss|move: Rage Powder\n|move|p1a: Iron Bundle|Freeze-Dry|p2b: Amoonguss\n|-supereffective|p2b: Amoonguss\n|-damage|p2b: Amoonguss|9\/100\n|-status|p2b: Amoonguss|frz\n|move|p1b: Azumarill|Play Rough|p2b: Amoonguss\n|-resisted|p2b: Amoonguss\n|-damage|p2b: Amoonguss|0 fnt\n|faint|p2b: Amoonguss\n|move|p2a: Kingambit|Swords Dance|p2a: Kingambit\n|-boost|p2a: Kingambit|atk|2\n|\n|-weather|Snow|[upkeep]\n|upkeep\n|\n|t:|1683386662\n|switch|p2b: Iron Bundle|Iron Bundle, L50|100\/100\n|-enditem|p2b: Iron Bundle|Booster Energy\n|-activate|p2b: Iron Bundle|ability: Quark Drive|[fromitem]\n|-start|p2b: Iron Bundle|quarkdrivespe\n|turn|4\n|\n|t:|1683386683\n|move|p2a: Kingambit|Sucker Punch|p1a: Iron Bundle\n|-damage|p1a: Iron Bundle|0 fnt\n|faint|p1a: Iron Bundle\n|-end|p1a: Iron Bundle|Quark Drive|[silent]\n|move|p2b: Iron Bundle|Freeze-Dry|p1b: Azumarill\n|-supereffective|p1b: Azumarill\n|-damage|p1b: Azumarill|47\/100\n|move|p1b: Azumarill|Play Rough|p2a: Kingambit\n|-supereffective|p2a: Kingambit\n|-damage|p2a: Kingambit|18\/100\n|-unboost|p2a: Kingambit|atk|1\n|-ability|p2a: Kingambit|Defiant|boost\n|-boost|p2a: Kingambit|atk|2\n|\n|-weather|Snow|[upkeep]\n|upkeep\n|\n|t:|1683386692\n|switch|p1a: Great Tusk|Great Tusk, L50|100\/100\n|turn|5\n|\n|t:|1683386717\n|-terastallize|p1a: Great Tusk|Fire\n|move|p2a: Kingambit|Protect|p2a: Kingambit\n|-singleturn|p2a: Kingambit|Protect\n|move|p2b: Iron Bundle|Freeze-Dry|p1a: Great Tusk\n|-resisted|p1a: Great Tusk\n|-damage|p1a: Great Tusk|92\/100\n|move|p1b: Azumarill|Play Rough|p2b: Iron Bundle\n|-damage|p2b: Iron Bundle|58\/100\n|move|p1a: Great Tusk|Close Combat|p2a: Kingambit\n|-activate|p2a: Kingambit|move: Protect\n|\n|-weather|Snow|[upkeep]\n|-sideend|p1: OverOmegafire|move: Aurora Veil\n|upkeep\n|turn|6\n|inactive|TGH_sr has 30 seconds left.\n|\n|t:|1683386743\n|move|p2a: Kingambit|Sucker Punch|p1a: Great Tusk\n|-damage|p1a: Great Tusk|0 fnt\n|faint|p1a: Great Tusk\n|-end|p1a: Great Tusk|Protosynthesis|[silent]\n|move|p2b: Iron Bundle|Freeze-Dry|p1b: Azumarill\n|-supereffective|p1b: Azumarill\n|-damage|p1b: Azumarill|0 fnt\n|faint|p1b: Azumarill\n|\n|win|TGH_sr\n|raw|OverOmegafire's rating: 1229 → 1206<\/strong> (-23 for losing)\n|raw|TGH_sr's rating: 1250 → 1273<\/strong> (+23 for winning)\n|l|\u2606OverOmegafire\n","uploadtime":1683386898,"views":11,"p1id":"overomegafire","p2id":"tghsr","formatid":"gen9vgc2023regulationc","rating":1206,"private":0,"password":""}