{"id":"gen9vgc2023regulationc-1845011626","p1":"200liam","p2":"CbuttyVGC","format":"[Gen 9] VGC 2023 Regulation C","log":"|j|\u2606200liam\n|j|\u2606CbuttyVGC\n|t:|1681673852\n|gametype|doubles\n|player|p1|200liam|hilbert|1144\n|player|p2|CbuttyVGC|acetrainer-gen4dp|1215\n|teamsize|p1|6\n|teamsize|p2|6\n|gen|9\n|tier|[Gen 9] VGC 2023 Regulation C\n|rated|\n|rule|Species Clause: Limit one of each Pok\u00e9mon\n|rule|Item Clause: Limit one of each item\n|clearpoke\n|poke|p1|Palafin, L50, M|\n|poke|p1|Pelipper, L50, F|\n|poke|p1|Wo-Chien, L50|\n|poke|p1|Iron Hands, L50|\n|poke|p1|Amoonguss, L50, M|\n|poke|p1|Sylveon, L50, M|\n|poke|p2|Stonjourner, L50, M|\n|poke|p2|Chi-Yu, L50|\n|poke|p2|Flutter Mane, L50|\n|poke|p2|Farigiraf, L50, F|\n|poke|p2|Gyarados, L50, M|\n|poke|p2|Dragonite, L50, M|\n|teampreview|4\n|inactive|Battle timer is ON: inactive players will automatically lose when time's up. (requested by CbuttyVGC)\nCbuttyVGC has agreed to open team sheets.\n200liam has agreed to open team sheets.\n|inactive|CbuttyVGC has 60 seconds left.\n|\n|t:|1681673889\n|start\n|switch|p1a: Amoonguss|Amoonguss, L50, M|100\/100\n|switch|p1b: Palafin|Palafin, L50, M|100\/100\n|switch|p2a: Stonjourner|Stonjourner, L50, M|100\/100\n|switch|p2b: Flutter Mane|Flutter Mane, L50|100\/100\n|-enditem|p2b: Flutter Mane|Booster Energy\n|-activate|p2b: Flutter Mane|ability: Protosynthesis|[fromitem]\n|-start|p2b: Flutter Mane|protosynthesisspa\n|turn|1\n|\n|t:|1681673905\n|detailschange|p1b: Palafin|Palafin-Hero, L50, M\n|switch|p1b: Pelipper|Pelipper, L50, F|100\/100\n|-weather|RainDance|[from] ability: Drizzle|[of] p1b: Pelipper\n|move|p2b: Flutter Mane|Shadow Ball|p1a: Amoonguss\n|-damage|p1a: Amoonguss|41\/100\n|move|p2a: Stonjourner|Heavy Slam|p1a: Amoonguss\n|-damage|p1a: Amoonguss|6\/100\n|-damage|p2a: Stonjourner|84\/100|[from] item: Rocky Helmet|[of] p1a: Amoonguss\n|move|p1a: Amoonguss|Spore|p2b: Flutter Mane\n|-status|p2b: Flutter Mane|slp|[from] move: Spore\n|\n|-weather|RainDance|[upkeep]\n|upkeep\n|turn|2\n|\n|t:|1681673924\n|switch|p1a: Palafin|Palafin-Hero, L50, M|100\/100\n|-activate|p1a: Palafin|ability: Zero to Hero\n|cant|p2b: Flutter Mane|slp\n|move|p2a: Stonjourner|Rock Slide|p1a: Palafin|[spread] p1a,p1b\n|-supereffective|p1b: Pelipper\n|-damage|p1a: Palafin|77\/100\n|-damage|p1b: Pelipper|45\/100\n|-enditem|p1b: Pelipper|Sitrus Berry|[eat]\n|-heal|p1b: Pelipper|70\/100|[from] item: Sitrus Berry\n|move|p1b: Pelipper|Hurricane|p2b: Flutter Mane\n|-damage|p2b: Flutter Mane|62\/100 slp\n|\n|-weather|RainDance|[upkeep]\n|upkeep\n|turn|3\n|inactive|200liam has 30 seconds left.\n|\n|t:|1681673959\n|switch|p2a: Farigiraf|Farigiraf, L50, F|100\/100\n|switch|p1b: Amoonguss|Amoonguss, L50, M|39\/100\n|-terastallize|p2b: Flutter Mane|Fairy\n|-curestatus|p2b: Flutter Mane|slp|[msg]\n|move|p2b: Flutter Mane|Moonblast|p1a: Palafin\n|-damage|p1a: Palafin|0 fnt\n|faint|p1a: Palafin\n|\n|-weather|RainDance|[upkeep]\n|upkeep\n|\n|t:|1681673972\n|switch|p1a: Iron Hands|Iron Hands, L50|100\/100\n|turn|4\n|\n|t:|1681673985\n|-terastallize|p1a: Iron Hands|Grass\n|move|p2b: Flutter Mane|Moonblast|p1a: Iron Hands\n|-crit|p1a: Iron Hands\n|-damage|p1a: Iron Hands|31\/100\n|move|p2a: Farigiraf|Psychic|p1b: Amoonguss\n|-supereffective|p1b: Amoonguss\n|-damage|p1b: Amoonguss|0 fnt\n|faint|p1b: Amoonguss\n|move|p1a: Iron Hands|Wild Charge|p2b: Flutter Mane\n|-crit|p2b: Flutter Mane\n|-damage|p2b: Flutter Mane|0 fnt\n|faint|p2b: Flutter Mane\n|-end|p2b: Flutter Mane|Protosynthesis|[silent]\n|-damage|p1a: Iron Hands|23\/100|[from] Recoil\n|\n|-weather|RainDance|[upkeep]\n|upkeep\n|\n|t:|1681673997\n|switch|p2b: Stonjourner|Stonjourner, L50, M|84\/100\n|switch|p1b: Pelipper|Pelipper, L50, F|70\/100\n|turn|5\n|\n|t:|1681674010\n|move|p2b: Stonjourner|Rock Slide|p1a: Iron Hands|[spread] p1a,p1b\n|-supereffective|p1b: Pelipper\n|-damage|p1a: Iron Hands|4\/100\n|-damage|p1b: Pelipper|11\/100\n|move|p1b: Pelipper|Hurricane|p2a: Farigiraf\n|-damage|p2a: Farigiraf|68\/100\n|move|p2a: Farigiraf|Psychic|p1a: Iron Hands\n|-damage|p1a: Iron Hands|0 fnt\n|faint|p1a: Iron Hands\n|-end|p1a: Iron Hands|Quark Drive|[silent]\n|\n|-weather|none\n|upkeep\n|turn|6\n|-message|200liam forfeited.\n|\n|win|CbuttyVGC\n|raw|200liam's rating: 1144 → 1124<\/strong> (-20 for losing)\n|raw|CbuttyVGC's rating: 1215 → 1235<\/strong> (+20 for winning)\n|l|\u2606200liam\n","uploadtime":1681674021,"views":6,"p1id":"200liam","p2id":"cbuttyvgc","formatid":"gen9vgc2023regulationc","rating":1124,"private":0,"password":""}