{"id":"gen9vgc2023regulationc-1862264755","p1":"starlightmeteor","p2":"RonJohn","format":"[Gen 9] VGC 2023 Regulation C","log":"|j|\u2606starlightmeteor\n|j|\u2606RonJohn\n|t:|1683856974\n|gametype|doubles\n|player|p1|starlightmeteor|veteranf|1251\n|player|p2|RonJohn|2|1255\n|teamsize|p1|6\n|teamsize|p2|6\n|gen|9\n|tier|[Gen 9] VGC 2023 Regulation C\n|rated|\n|rule|Species Clause: Limit one of each Pok\u00e9mon\n|rule|Item Clause: Limit one of each item\n|clearpoke\n|poke|p1|Torkoal, L50, F|\n|poke|p1|Ceruledge, L50, F|\n|poke|p1|Grimmsnarl, L50, M|\n|poke|p1|Sandy Shocks, L50|\n|poke|p1|Corviknight, L50, F|\n|poke|p1|Florges-White, L50, F|\n|poke|p2|Flutter Mane, L50|\n|poke|p2|Orthworm, L50, F|\n|poke|p2|Dragonite, L50, M|\n|poke|p2|Amoonguss, L50, F|\n|poke|p2|Gyarados, L50, F|\n|poke|p2|Ting-Lu, L50|\n|teampreview|4\nRonJohn has agreed to open team sheets.\n|inactive|Battle timer is ON: inactive players will automatically lose when time's up. (requested by RonJohn)\n|inactive|starlightmeteor has 60 seconds left.\n|\n|t:|1683857108\n|start\n|switch|p1a: Grimmsnarl|Grimmsnarl, L50, M|100\/100\n|switch|p1b: Ceruledge|Ceruledge, L50, F|100\/100\n|switch|p2a: Ting-Lu|Ting-Lu, L50|100\/100\n|switch|p2b: Gyarados|Gyarados, L50, F|100\/100\n|-ability|p2b: Gyarados|Intimidate|boost\n|-unboost|p1a: Grimmsnarl|atk|1\n|-unboost|p1b: Ceruledge|atk|1\n|-ability|p2a: Ting-Lu|Vessel of Ruin\n|turn|1\n|inactive|RonJohn has 30 seconds left.\n|\n|t:|1683857140\n|switch|p1b: Corviknight|Corviknight, L50, F|100\/100\n|move|p1a: Grimmsnarl|Reflect|p1a: Grimmsnarl\n|-sidestart|p1: starlightmeteor|Reflect\n|move|p2b: Gyarados|Taunt|p1a: Grimmsnarl\n|-start|p1a: Grimmsnarl|move: Taunt\n|move|p2a: Ting-Lu|Earthquake|p1a: Grimmsnarl|[spread] p1a\n|-immune|p2b: Gyarados\n|-immune|p1b: Corviknight\n|-damage|p1a: Grimmsnarl|74\/100\n|\n|upkeep\n|turn|2\n|inactive|RonJohn has 30 seconds left.\n|\n|t:|1683857167\n|move|p2b: Gyarados|Taunt|p1b: Corviknight\n|-start|p1b: Corviknight|move: Taunt\n|move|p1b: Corviknight|Body Press|p2a: Ting-Lu\n|-supereffective|p2a: Ting-Lu\n|-damage|p2a: Ting-Lu|71\/100\n|move|p2a: Ting-Lu|Ruination|p1b: Corviknight\n|-damage|p1b: Corviknight|50\/100\n|-activate|p1a: Grimmsnarl|move: Struggle\n|move|p1a: Grimmsnarl|Struggle|p2a: Ting-Lu\n|-damage|p2a: Ting-Lu|66\/100\n|-damage|p1a: Grimmsnarl|49\/100|[from] recoil\n|\n|upkeep\n|turn|3\n|\n|t:|1683857186\n|switch|p2b: Orthworm|Orthworm, L50, F|100\/100\n|move|p1b: Corviknight|Body Press|p2a: Ting-Lu\n|-supereffective|p2a: Ting-Lu\n|-damage|p2a: Ting-Lu|39\/100\n|move|p2a: Ting-Lu|Earthquake|p1b: Corviknight|[spread] p1a\n|-immune|p2b: Orthworm|[from] ability: Earth Eater\n|-immune|p1b: Corviknight\n|-damage|p1a: Grimmsnarl|26\/100\n|-activate|p1a: Grimmsnarl|move: Struggle\n|move|p1a: Grimmsnarl|Struggle|p2a: Ting-Lu\n|-damage|p2a: Ting-Lu|35\/100\n|-damage|p1a: Grimmsnarl|1\/100|[from] recoil\n|\n|upkeep\n|turn|4\n|inactive|RonJohn has 30 seconds left.\n|inactive|RonJohn has 20 seconds left.\n|inactive|RonJohn has 15 seconds left.\n|\n|t:|1683857229\n|switch|p2a: Flutter Mane|Flutter Mane, L50|100\/100\n|move|p2b: Orthworm|Protect|p2b: Orthworm\n|-singleturn|p2b: Orthworm|Protect\n|move|p1b: Corviknight|Body Press|p2a: Flutter Mane\n|-immune|p2a: Flutter Mane\n|-activate|p1a: Grimmsnarl|move: Struggle\n|move|p1a: Grimmsnarl|Struggle|p2a: Flutter Mane\n|-crit|p2a: Flutter Mane\n|-damage|p2a: Flutter Mane|61\/100\n|-damage|p1a: Grimmsnarl|0 fnt|[from] recoil\n|faint|p1a: Grimmsnarl\n|\n|-end|p1b: Corviknight|move: Taunt\n|upkeep\n|\n|t:|1683857233\n|switch|p1a: Ceruledge|Ceruledge, L50, F|100\/100\n|turn|5\n|\n|t:|1683857256\n|switch|p2b: Gyarados|Gyarados, L50, F|100\/100\n|-ability|p2b: Gyarados|Intimidate|boost\n|-unboost|p1a: Ceruledge|atk|1\n|-ability|p1b: Corviknight|Mirror Armor\n|-unboost|p2b: Gyarados|atk|1\n|-terastallize|p1a: Ceruledge|Fire\n|move|p2a: Flutter Mane|Thunderbolt|p1b: Corviknight\n|-supereffective|p1b: Corviknight\n|-damage|p1b: Corviknight|0 fnt\n|faint|p1b: Corviknight\n|move|p1a: Ceruledge|Bitter Blade|p2a: Flutter Mane\n|-damage|p2a: Flutter Mane|0 fnt\n|faint|p2a: Flutter Mane\n|-end|p2a: Flutter Mane|Protosynthesis|[silent]\n|\n|upkeep\n|\n|t:|1683857278\n|switch|p2a: Orthworm|Orthworm, L50, F|100\/100\n|switch|p1b: Sandy Shocks|Sandy Shocks, L50|100\/100\n|turn|6\n|inactive|RonJohn has 30 seconds left.\n|inactive|RonJohn has 20 seconds left.\n|inactive|starlightmeteor has 30 seconds left.\n|\n|t:|1683857325\n|switch|p2b: Ting-Lu|Ting-Lu, L50|35\/100\n|-ability|p2b: Ting-Lu|Vessel of Ruin\n|-terastallize|p2a: Orthworm|Poison\n|move|p1b: Sandy Shocks|Thunderbolt|p2a: Orthworm\n|-damage|p2a: Orthworm|51\/100\n|move|p1a: Ceruledge|Bitter Blade|p2a: Orthworm\n|-damage|p2a: Orthworm|18\/100\n|-enditem|p2a: Orthworm|Sitrus Berry|[eat]\n|-heal|p2a: Orthworm|43\/100|[from] item: Sitrus Berry\n|move|p2a: Orthworm|Shed Tail|p2a: Orthworm\n|-fail|p2a: Orthworm|move: Shed Tail|[weak]\n|\n|upkeep\n|turn|7\n|\n|t:|1683857343\n|switch|p2a: Gyarados|Gyarados, L50, F|100\/100\n|-ability|p2a: Gyarados|Intimidate|boost\n|-unboost|p1a: Ceruledge|atk|1\n|-unboost|p1b: Sandy Shocks|atk|1\n|move|p1b: Sandy Shocks|Thunderbolt|p2a: Gyarados\n|-supereffective|p2a: Gyarados\n|-damage|p2a: Gyarados|0 fnt\n|faint|p2a: Gyarados\n|move|p1a: Ceruledge|Close Combat|p2b: Ting-Lu\n|-supereffective|p2b: Ting-Lu\n|-damage|p2b: Ting-Lu|7\/100\n|-unboost|p1a: Ceruledge|def|1\n|-unboost|p1a: Ceruledge|spd|1\n|move|p2b: Ting-Lu|Earthquake|p1a: Ceruledge|[spread] p1a,p1b\n|-supereffective|p1a: Ceruledge\n|-crit|p1a: Ceruledge\n|-supereffective|p1b: Sandy Shocks\n|-damage|p1a: Ceruledge|0 fnt\n|-damage|p1b: Sandy Shocks|52\/100\n|faint|p1a: Ceruledge\n|\n|upkeep\n|-message|starlightmeteor forfeited.\n|\n|win|RonJohn\n|raw|starlightmeteor's rating: 1251 → 1226<\/strong> (-25 for losing)\n|raw|RonJohn's rating: 1255 → 1280<\/strong> (+25 for winning)\n|l|\u2606starlightmeteor\n","uploadtime":1683857371,"views":26,"p1id":"starlightmeteor","p2id":"ronjohn","formatid":"gen9vgc2023regulationc","rating":1226,"private":0,"password":""}