{"id":"gen9vgc2023regulationc-1861549823","p1":"GeasGX","p2":"Warkon99","format":"[Gen 9] VGC 2023 Regulation C","log":"|j|\u2606GeasGX\n|j|\u2606Warkon99\n|t:|1683771881\n|gametype|doubles\n|player|p1|GeasGX|hugh|\n|player|p2|Warkon99|lillie-masters|\n|teamsize|p1|6\n|teamsize|p2|6\n|gen|9\n|tier|[Gen 9] VGC 2023 Regulation C\n|rule|Species Clause: Limit one of each Pok\u00e9mon\n|rule|Item Clause: Limit one of each item\n|clearpoke\n|poke|p1|Gastrodon, L50, M|\n|poke|p1|Dragonite, L50, M|\n|poke|p1|Chien-Pao, L50|\n|poke|p1|Gallade, L50, M|\n|poke|p1|Arcanine, L50, M|\n|poke|p1|Flutter Mane, L50|\n|poke|p2|Lycanroc, L50, F|\n|poke|p2|Tyranitar, L50, M|\n|poke|p2|Dondozo, L50, F|\n|poke|p2|Tatsugiri, L50, F|\n|poke|p2|Meowscarada, L50, M|\n|poke|p2|Rotom-Heat, L50|\n|teampreview|4\n|j| MeteorPlayz_\n|j| Slandorxs\n|\n|t:|1683771921\n|start\n|switch|p1a: GucciMane|Flutter Mane, L50|100\/100\n|switch|p1b: PaoGasol|Chien-Pao, L50|100\/100\n|switch|p2a: Lycanroc|Lycanroc, L50, F|100\/100\n|switch|p2b: Tyranitar|Tyranitar, L50, M|100\/100\n|-ability|p1b: PaoGasol|Sword of Ruin\n|-weather|Sandstorm|[from] ability: Sand Stream|[of] p2b: Tyranitar\n|-enditem|p1a: GucciMane|Booster Energy\n|-activate|p1a: GucciMane|ability: Protosynthesis|[fromitem]\n|-start|p1a: GucciMane|protosynthesisspe\n|turn|1\n|\n|t:|1683771944\n|move|p1b: PaoGasol|Protect|p1b: PaoGasol\n|-singleturn|p1b: PaoGasol|Protect\n|move|p2a: Lycanroc|Rock Slide|p1b: PaoGasol|[spread] p1a\n|-activate|p1b: PaoGasol|move: Protect\n|-damage|p1a: GucciMane|21\/100\n|cant|p1a: GucciMane|flinch\n|move|p2b: Tyranitar|Rock Slide|p1a: GucciMane|[spread] p1a\n|-activate|p1b: PaoGasol|move: Protect\n|-damage|p1a: GucciMane|0 fnt\n|faint|p1a: GucciMane\n|-end|p1a: GucciMane|Protosynthesis|[silent]\n|\n|-weather|Sandstorm|[upkeep]\n|-damage|p1b: PaoGasol|95\/100|[from] Sandstorm\n|upkeep\n|\n|t:|1683771958\n|switch|p1a: GalladeyGaga|Gallade, L50, M|100\/100\n|turn|2\n|\n|t:|1683771983\n|-terastallize|p2a: Lycanroc|Ghost\n|-terastallize|p1b: PaoGasol|Ghost\n|move|p2a: Lycanroc|Close Combat|p1b: PaoGasol\n|-immune|p1b: PaoGasol\n|move|p1b: PaoGasol|Ice Spinner|p2a: Lycanroc\n|-enditem|p2a: Lycanroc|Focus Sash\n|-damage|p2a: Lycanroc|1\/100\n|-damage|p1b: PaoGasol|85\/100|[from] item: Life Orb\n|move|p1a: GalladeyGaga|Sacred Sword|p2b: Tyranitar\n|-supereffective|p2b: Tyranitar\n|-damage|p2b: Tyranitar|0 fnt\n|faint|p2b: Tyranitar\n|\n|-weather|Sandstorm|[upkeep]\n|-damage|p1b: PaoGasol|79\/100|[from] Sandstorm\n|-damage|p1a: GalladeyGaga|95\/100|[from] Sandstorm\n|upkeep\n|\n|t:|1683772010\n|switch|p2b: Dondozo|Dondozo, L50, F|100\/100\n|turn|3\n|\n|t:|1683772024\n|move|p2b: Dondozo|Protect|p2b: Dondozo\n|-singleturn|p2b: Dondozo|Protect\n|move|p1a: GalladeyGaga|Shadow Sneak|p2a: Lycanroc\n|-supereffective|p2a: Lycanroc\n|-damage|p2a: Lycanroc|0 fnt\n|faint|p2a: Lycanroc\n|move|p1b: PaoGasol|Ice Spinner|p2b: Dondozo\n|-activate|p2b: Dondozo|move: Protect\n|\n|-weather|Sandstorm|[upkeep]\n|-damage|p1b: PaoGasol|73\/100|[from] Sandstorm\n|-damage|p1a: GalladeyGaga|89\/100|[from] Sandstorm\n|-damage|p2b: Dondozo|94\/100|[from] Sandstorm\n|-heal|p2b: Dondozo|100\/100|[from] item: Leftovers\n|upkeep\n|\n|t:|1683772039\n|switch|p2a: Tatsugiri|Tatsugiri, L50, F|100\/100\n|-activate|p2a: Tatsugiri|ability: Commander|[of] p2b: Dondozo\n|-boost|p2b: Dondozo|atk|2\n|-boost|p2b: Dondozo|spa|2\n|-boost|p2b: Dondozo|spe|2\n|-boost|p2b: Dondozo|def|2\n|-boost|p2b: Dondozo|spd|2\n|turn|4\n|\n|t:|1683772056\n|move|p2b: Dondozo|Protect|p2b: Dondozo\n|-singleturn|p2b: Dondozo|Protect\n|move|p1b: PaoGasol|Crunch|p2b: Dondozo\n|-activate|p2b: Dondozo|move: Protect\n|move|p1a: GalladeyGaga|Sacred Sword|p2b: Dondozo\n|-activate|p2b: Dondozo|move: Protect\n|\n|-weather|Sandstorm|[upkeep]\n|-damage|p2a: Tatsugiri|94\/100|[from] Sandstorm\n|-damage|p1b: PaoGasol|68\/100|[from] Sandstorm\n|-damage|p2b: Dondozo|94\/100|[from] Sandstorm\n|-damage|p1a: GalladeyGaga|84\/100|[from] Sandstorm\n|-heal|p2b: Dondozo|100\/100|[from] item: Leftovers\n|upkeep\n|turn|5\n|\n|t:|1683772070\n|move|p1b: PaoGasol|Protect|p1b: PaoGasol\n|-singleturn|p1b: PaoGasol|Protect\n|move|p2b: Dondozo|Order Up|p1a: GalladeyGaga\n|-damage|p1a: GalladeyGaga|0 fnt\n|faint|p1a: GalladeyGaga\n|-boost|p2b: Dondozo|atk|1\n|\n|-weather|none\n|upkeep\n|\n|t:|1683772077\n|switch|p1a: NormalOsborn|Dragonite, L50, M|100\/100\n|turn|6\n|\n|t:|1683772090\n|move|p1b: PaoGasol|Ice Spinner|p2a: Tatsugiri|[miss]\n|-miss|p1b: PaoGasol|p2a: Tatsugiri\n|move|p2b: Dondozo|Order Up|p1a: NormalOsborn\n|-supereffective|p1a: NormalOsborn\n|-damage|p1a: NormalOsborn|35\/100\n|-boost|p2b: Dondozo|atk|1\n|move|p1a: NormalOsborn|Thunder Punch|p2b: Dondozo\n|-supereffective|p2b: Dondozo\n|-damage|p2b: Dondozo|75\/100\n|\n|-heal|p2b: Dondozo|81\/100|[from] item: Leftovers\n|upkeep\n|turn|7\n|\n|t:|1683772109\n|move|p1a: NormalOsborn|Extreme Speed|p2b: Dondozo\n|-damage|p2b: Dondozo|66\/100\n|move|p1b: PaoGasol|Ice Spinner|p2b: Dondozo\n|-resisted|p2b: Dondozo\n|-damage|p2b: Dondozo|55\/100\n|-damage|p1b: PaoGasol|58\/100|[from] item: Life Orb\n|move|p2b: Dondozo|Order Up|p1a: NormalOsborn\n|-supereffective|p1a: NormalOsborn\n|-damage|p1a: NormalOsborn|0 fnt\n|faint|p1a: NormalOsborn\n|-boost|p2b: Dondozo|atk|1\n|\n|-heal|p2b: Dondozo|61\/100|[from] item: Leftovers\n|upkeep\n|turn|8\n|\n|t:|1683772126\n|move|p2b: Dondozo|Protect|p2b: Dondozo\n|-singleturn|p2b: Dondozo|Protect\n|move|p1b: PaoGasol|Ice Spinner|p2b: Dondozo\n|-activate|p2b: Dondozo|move: Protect\n|\n|-heal|p2b: Dondozo|68\/100|[from] item: Leftovers\n|upkeep\n|turn|9\n|\n|t:|1683772139\n|move|p1b: PaoGasol|Ice Spinner|p2b: Dondozo\n|-resisted|p2b: Dondozo\n|-damage|p2b: Dondozo|56\/100\n|-damage|p1b: PaoGasol|48\/100|[from] item: Life Orb\n|move|p2b: Dondozo|Order Up|p1b: PaoGasol\n|-damage|p1b: PaoGasol|0 fnt\n|faint|p1b: PaoGasol\n|\n|win|Warkon99\n","uploadtime":1683772150,"views":20,"p1id":"geasgx","p2id":"warkon99","formatid":"gen9vgc2023regulationc","rating":0,"private":0,"password":""}