{"id":"gen9vgc2023regulationc-1847510792","p1":"Rin Itachi","p2":"awitaHoH","format":"[Gen 9] VGC 2023 Regulation C","log":"|j|\u2606Rin Itachi\n|j|\u2606awitaHoH\n|t:|1681964880\n|gametype|doubles\n|player|p1|Rin Itachi|marley|1318\n|player|p2|awitaHoH|workerice|1326\n|teamsize|p1|6\n|teamsize|p2|6\n|gen|9\n|tier|[Gen 9] VGC 2023 Regulation C\n|rated|\n|rule|Species Clause: Limit one of each Pok\u00e9mon\n|rule|Item Clause: Limit one of each item\n|clearpoke\n|poke|p1|Talonflame, L50, F|\n|poke|p1|Great Tusk, L50|\n|poke|p1|Chi-Yu, L50|\n|poke|p1|Flutter Mane, L50|\n|poke|p1|Gyarados, L50, M|\n|poke|p1|Indeedee-F, L50, F|\n|poke|p2|Armarouge, L50, M|\n|poke|p2|Amoonguss, L50, M|\n|poke|p2|Annihilape, L50, F|\n|poke|p2|Indeedee-F, L50, F|\n|poke|p2|Mimikyu, L50, M|\n|poke|p2|Gastrodon, L50, M|\n|teampreview|4\n|inactive|Battle timer is ON: inactive players will automatically lose when time's up. (requested by Rin Itachi)\n|\n|t:|1681964924\n|start\n|switch|p1a: Chi-Yu|Chi-Yu, L50|100\/100\n|switch|p1b: Indeedee|Indeedee-F, L50, F|100\/100\n|switch|p2a: Armarouge|Armarouge, L50, M|100\/100\n|switch|p2b: Mimikyu|Mimikyu, L50, M|100\/100\n|-ability|p1a: Chi-Yu|Beads of Ruin\n|-fieldstart|move: Psychic Terrain|[from] ability: Psychic Surge|[of] p1b: Indeedee\n|-enditem|p1b: Indeedee|Psychic Seed\n|-boost|p1b: Indeedee|spd|1|[from] item: Psychic Seed\n|turn|1\n|inactive|Rin Itachi has 30 seconds left.\n|inactive|awitaHoH has 30 seconds left.\n|inactive|awitaHoH has 20 seconds left.\n|\n|t:|1681964967\n|-terastallize|p2a: Armarouge|Grass\n|move|p1a: Chi-Yu|Dark Pulse|p2a: Armarouge\n|-damage|p2a: Armarouge|12\/100\n|move|p1b: Indeedee|Imprison|p1b: Indeedee\n|-start|p1b: Indeedee|move: Imprison\n|move|p2b: Mimikyu|Play Rough|p1a: Chi-Yu\n|-damage|p1a: Chi-Yu|30\/100\n|cant|p2a: Armarouge|move: Imprison|Trick Room\n|\n|upkeep\n|turn|2\n|inactive|awitaHoH has 30 seconds left.\n|\n|t:|1681964997\n|switch|p2a: Gastrodon|Gastrodon, L50, M|100\/100\n|move|p1b: Indeedee|Follow Me|p1b: Indeedee\n|-singleturn|p1b: Indeedee|move: Follow Me\n|move|p1a: Chi-Yu|Dark Pulse|p2b: Mimikyu\n|-activate|p2b: Mimikyu|ability: Disguise\n|-damage|p2b: Mimikyu|100\/100\n|detailschange|p2b: Mimikyu|Mimikyu-Busted, L50, M\n|-damage|p2b: Mimikyu|88\/100|[from] pokemon: Mimikyu-Busted\n|move|p2b: Mimikyu|Play Rough|p1b: Indeedee\n|-damage|p1b: Indeedee|60\/100\n|-unboost|p1b: Indeedee|atk|1\n|\n|upkeep\n|turn|3\n|inactive|awitaHoH has 30 seconds left.\n|\n|t:|1681965031\n|move|p1b: Indeedee|Follow Me|p1b: Indeedee\n|-singleturn|p1b: Indeedee|move: Follow Me\n|move|p1a: Chi-Yu|Dark Pulse|p2a: Gastrodon\n|-damage|p2a: Gastrodon|23\/100\n|-enditem|p2a: Gastrodon|Aguav Berry|[eat]\n|-heal|p2a: Gastrodon|56\/100|[from] item: Aguav Berry\n|move|p2b: Mimikyu|Play Rough|p1b: Indeedee\n|-damage|p1b: Indeedee|24\/100\n|move|p2a: Gastrodon|Clear Smog|p1b: Indeedee\n|-damage|p1b: Indeedee|15\/100\n|-clearboost|p1b: Indeedee\n|\n|upkeep\n|turn|4\n|inactive|awitaHoH has 30 seconds left.\n|\n|t:|1681965059\n|move|p1b: Indeedee|Follow Me|p1b: Indeedee\n|-singleturn|p1b: Indeedee|move: Follow Me\n|move|p1a: Chi-Yu|Dark Pulse|p2b: Mimikyu\n|-damage|p2b: Mimikyu|0 fnt\n|faint|p2b: Mimikyu\n|move|p2a: Gastrodon|Earth Power|p1b: Indeedee\n|-damage|p1b: Indeedee|0 fnt\n|faint|p1b: Indeedee\n|\n|upkeep\n|\n|t:|1681965072\n|switch|p1b: Itachi Rin|Flutter Mane, L50|100\/100\n|switch|p2b: Indeedee|Indeedee-F, L50, F|100\/100\n|-enditem|p1b: Itachi Rin|Booster Energy\n|-activate|p1b: Itachi Rin|ability: Protosynthesis|[fromitem]\n|-start|p1b: Itachi Rin|protosynthesisspa\n|turn|5\n|\n|t:|1681965088\n|move|p1b: Itachi Rin|Substitute|p1b: Itachi Rin\n|-start|p1b: Itachi Rin|Substitute\n|-damage|p1b: Itachi Rin|76\/100\n|move|p1a: Chi-Yu|Dark Pulse|p2b: Indeedee\n|-supereffective|p2b: Indeedee\n|-damage|p2b: Indeedee|0 fnt\n|faint|p2b: Indeedee\n|move|p2a: Gastrodon|Earth Power|p1a: Chi-Yu\n|-supereffective|p1a: Chi-Yu\n|-damage|p1a: Chi-Yu|0 fnt\n|faint|p1a: Chi-Yu\n|\n|-fieldend|move: Psychic Terrain\n|upkeep\n|\n|t:|1681965100\n|switch|p1a: Great Tusk|Great Tusk, L50|100\/100\n|switch|p2b: Armarouge|Armarouge, L50, M, tera:Grass|12\/100\n|turn|6\n|\n|t:|1681965110\n|-terastallize|p1a: Great Tusk|Ground\n|move|p1b: Itachi Rin|Moonblast|p2b: Armarouge\n|-damage|p2b: Armarouge|0 fnt\n|faint|p2b: Armarouge\n|move|p1a: Great Tusk|Headlong Rush|p2a: Gastrodon\n|-damage|p2a: Gastrodon|0 fnt\n|-unboost|p1a: Great Tusk|def|1\n|-unboost|p1a: Great Tusk|spd|1\n|faint|p2a: Gastrodon\n|\n|win|Rin Itachi\n|raw|Rin Itachi's rating: 1318 → 1338<\/strong> (+20 for winning)\n|raw|awitaHoH's rating: 1326 → 1306<\/strong> (-20 for losing)\n|l|\u2606awitaHoH\n","uploadtime":1681965119,"views":11,"p1id":"rinitachi","p2id":"awitahoh","formatid":"gen9vgc2023regulationc","rating":1306,"private":0,"password":""}