{"id":"gen9vgc2023regulationc-1862442750","p1":"sspark","p2":"Mandrokor94","format":"[Gen 9] VGC 2023 Regulation C","log":"|j|\u2606sspark\n|j|\u2606Mandrokor94\n|t:|1683886903\n|gametype|doubles\n|player|p1|sspark|2|1522\n|player|p2|Mandrokor94|ghetsis-gen5bw|1554\n|teamsize|p1|6\n|teamsize|p2|6\n|gen|9\n|tier|[Gen 9] VGC 2023 Regulation C\n|rated|\n|rule|Species Clause: Limit one of each Pok\u00e9mon\n|rule|Item Clause: Limit one of each item\n|clearpoke\n|poke|p1|Flutter Mane, L50|\n|poke|p1|Chi-Yu, L50|\n|poke|p1|Iron Bundle, L50|\n|poke|p1|Maushold, L50|\n|poke|p1|Great Tusk, L50|\n|poke|p1|Gyarados, L50, M|\n|poke|p2|Gyarados, L50, F|\n|poke|p2|Ting-Lu, L50|\n|poke|p2|Iron Hands, L50|\n|poke|p2|Mimikyu, L50, F|\n|poke|p2|Tyranitar, L50, M|\n|poke|p2|Iron Moth, L50|\n|teampreview|4\n|inactive|Battle timer is ON: inactive players will automatically lose when time's up. (requested by sspark)\n|inactive|Mandrokor94 has 60 seconds left.\n|\n|t:|1683886958\n|start\n|switch|p1a: Flutter Mane|Flutter Mane, L50|100\/100\n|switch|p1b: Maushold|Maushold, L50|100\/100\n|switch|p2a: Ting-Lu|Ting-Lu, L50|100\/100\n|switch|p2b: Tyranitar|Tyranitar, L50, M|100\/100\n|-weather|Sandstorm|[from] ability: Sand Stream|[of] p2b: Tyranitar\n|-ability|p2a: Ting-Lu|Vessel of Ruin\n|-enditem|p1a: Flutter Mane|Booster Energy\n|-activate|p1a: Flutter Mane|ability: Protosynthesis|[fromitem]\n|-start|p1a: Flutter Mane|protosynthesisspe\n|turn|1\n|inactive|Mandrokor94 has 30 seconds left.\n|\n|t:|1683886984\n|-terastallize|p2a: Ting-Lu|Poison\n|move|p1a: Flutter Mane|Protect|p1a: Flutter Mane\n|-singleturn|p1a: Flutter Mane|Protect\n|move|p1b: Maushold|Protect|p1b: Maushold\n|-singleturn|p1b: Maushold|Protect\n|move|p2b: Tyranitar|Protect|p2b: Tyranitar\n|-singleturn|p2b: Tyranitar|Protect\n|move|p2a: Ting-Lu|Snarl|p1a: Flutter Mane|[spread] \n|-activate|p1a: Flutter Mane|move: Protect\n|-activate|p1b: Maushold|move: Protect\n|\n|-weather|Sandstorm|[upkeep]\n|-damage|p1a: Flutter Mane|94\/100|[from] Sandstorm\n|-damage|p2a: Ting-Lu|94\/100|[from] Sandstorm\n|upkeep\n|turn|2\n|inactive|sspark has 30 seconds left.\n|inactive|Mandrokor94 has 30 seconds left.\n|\n|t:|1683887012\n|-end|p1a: Flutter Mane|Protosynthesis|[silent]\n|switch|p1a: Great Tusk|Great Tusk, L50|100\/100\n|switch|p2b: Gyarados|Gyarados, L50, F, shiny|100\/100\n|-ability|p2b: Gyarados|Intimidate|boost\n|-unboost|p1a: Great Tusk|atk|1\n|-unboost|p1b: Maushold|atk|1\n|move|p1b: Maushold|Follow Me|p1b: Maushold\n|-singleturn|p1b: Maushold|move: Follow Me\n|move|p2a: Ting-Lu|Snarl|p1a: Great Tusk|[spread] p1a\n|-miss|p2a: Ting-Lu|p1b: Maushold\n|-resisted|p1a: Great Tusk\n|-damage|p1a: Great Tusk|98\/100\n|-unboost|p1a: Great Tusk|spa|1\n|\n|-weather|Sandstorm|[upkeep]\n|-damage|p2b: Gyarados|94\/100|[from] Sandstorm\n|-damage|p2a: Ting-Lu|88\/100|[from] Sandstorm\n|upkeep\n|turn|3\n|inactive|Mandrokor94 has 30 seconds left.\n|inactive|Mandrokor94 has 20 seconds left.\n|inactive|Mandrokor94 has 15 seconds left.\n|\n|t:|1683887055\n|move|p1b: Maushold|Follow Me|p1b: Maushold\n|-singleturn|p1b: Maushold|move: Follow Me\n|move|p2b: Gyarados|Waterfall|p1b: Maushold\n|-damage|p1b: Maushold|63\/100\n|move|p1a: Great Tusk|Headlong Rush|p2a: Ting-Lu\n|-supereffective|p2a: Ting-Lu\n|-damage|p2a: Ting-Lu|50\/100\n|-unboost|p1a: Great Tusk|def|1\n|-unboost|p1a: Great Tusk|spd|1\n|move|p2a: Ting-Lu|Body Press|p1b: Maushold\n|-supereffective|p1b: Maushold\n|-damage|p1b: Maushold|8\/100\n|\n|-weather|Sandstorm|[upkeep]\n|-damage|p2b: Gyarados|88\/100|[from] Sandstorm\n|-damage|p2a: Ting-Lu|44\/100|[from] Sandstorm\n|upkeep\n|turn|4\n|inactive|sspark has 30 seconds left.\n|inactive|Mandrokor94 has 30 seconds left.\n|inactive|sspark has 20 seconds left.\n|inactive|Mandrokor94 has 20 seconds left.\n|inactive|sspark has 15 seconds left.\n|inactive|Mandrokor94 has 15 seconds left.\n|inactive|sspark has 10 seconds left.\n|inactive|sspark has 5 seconds left.\n|inactive|Mandrokor94 has 10 seconds left.\n|\n|t:|1683887107\n|-end|p1a: Great Tusk|Protosynthesis|[silent]\n|switch|p1a: Flutter Mane|Flutter Mane, L50|94\/100\n|switch|p2a: Tyranitar|Tyranitar, L50, M|100\/100\n|move|p1b: Maushold|Protect|p1b: Maushold\n|-singleturn|p1b: Maushold|Protect\n|move|p2b: Gyarados|Waterfall|p1a: Flutter Mane\n|-damage|p1a: Flutter Mane|49\/100\n|\n|-weather|Sandstorm|[upkeep]\n|-damage|p1a: Flutter Mane|43\/100|[from] Sandstorm\n|-damage|p2b: Gyarados|82\/100|[from] Sandstorm\n|upkeep\n|turn|5\n|inactive|sspark has 30 seconds left.\n|inactive|sspark has 20 seconds left.\n|\n|t:|1683887142\n|switch|p2a: Ting-Lu|Ting-Lu, L50, tera:Poison|44\/100\n|-ability|p2a: Ting-Lu|Vessel of Ruin\n|move|p1b: Maushold|Follow Me|p1b: Maushold\n|-singleturn|p1b: Maushold|move: Follow Me\n|move|p1a: Flutter Mane|Shadow Ball|p2b: Gyarados\n|-damage|p2b: Gyarados|53\/100\n|move|p2b: Gyarados|Iron Head|p1b: Maushold\n|-damage|p1b: Maushold|0 fnt\n|faint|p1b: Maushold\n|\n|-weather|none\n|upkeep\n|\n|t:|1683887162\n|switch|p1b: Great Tusk|Great Tusk, L50|98\/100\n|turn|6\n|inactive|Mandrokor94 has 30 seconds left.\n|inactive|Mandrokor94 has 20 seconds left.\n|inactive|Mandrokor94 has 15 seconds left.\n|inactive|Mandrokor94 has 10 seconds left.\n|inactive|Mandrokor94 has 5 seconds left.\n|\n|t:|1683887213\n|switch|p2b: Iron Hands|Iron Hands, L50|100\/100\n|-terastallize|p1b: Great Tusk|Steel\n|move|p1a: Flutter Mane|Protect|p1a: Flutter Mane\n|-singleturn|p1a: Flutter Mane|Protect\n|move|p1b: Great Tusk|Headlong Rush|p2a: Ting-Lu\n|-supereffective|p2a: Ting-Lu\n|-damage|p2a: Ting-Lu|0 fnt\n|-unboost|p1b: Great Tusk|def|1\n|-unboost|p1b: Great Tusk|spd|1\n|faint|p2a: Ting-Lu\n|\n|upkeep\n|\n|t:|1683887230\n|switch|p2a: Gyarados|Gyarados, L50, F, shiny|53\/100\n|-ability|p2a: Gyarados|Intimidate|boost\n|-unboost|p1a: Flutter Mane|atk|1\n|-unboost|p1b: Great Tusk|atk|1\n|turn|7\n|\n|t:|1683887252\n|-end|p1b: Great Tusk|Protosynthesis|[silent]\n|switch|p1b: Iron Bundle|Iron Bundle, L50|100\/100\n|move|p2b: Iron Hands|Fake Out|p1b: Iron Bundle\n|-damage|p1b: Iron Bundle|81\/100\n|move|p1a: Flutter Mane|Dazzling Gleam|p2a: Gyarados|[spread] p2a,p2b\n|-supereffective|p2b: Iron Hands\n|-damage|p2a: Gyarados|25\/100\n|-damage|p2b: Iron Hands|51\/100\n|-enditem|p2a: Gyarados|Sitrus Berry|[eat]\n|-heal|p2a: Gyarados|50\/100|[from] item: Sitrus Berry\n|move|p2a: Gyarados|Iron Head|p1a: Flutter Mane\n|-supereffective|p1a: Flutter Mane\n|-damage|p1a: Flutter Mane|0 fnt\n|faint|p1a: Flutter Mane\n|-end|p1a: Flutter Mane|Protosynthesis|[silent]\n|\n|upkeep\n|\n|t:|1683887263\n|switch|p1a: Great Tusk|Great Tusk, L50, tera:Steel|98\/100\n|turn|8\n|inactive|Mandrokor94 has 30 seconds left.\n|inactive|Mandrokor94 has 20 seconds left.\n|inactive|Mandrokor94 has 15 seconds left.\n|\n|t:|1683887306\n|-end|p2b: Iron Hands|Quark Drive|[silent]\n|switch|p2b: Tyranitar|Tyranitar, L50, M|100\/100\n|-weather|Sandstorm|[from] ability: Sand Stream|[of] p2b: Tyranitar\n|move|p1b: Iron Bundle|Freeze-Dry|p2a: Gyarados\n|-supereffective|p2a: Gyarados\n|-damage|p2a: Gyarados|0 fnt\n|faint|p2a: Gyarados\n|move|p1a: Great Tusk|Headlong Rush|p2b: Tyranitar\n|-supereffective|p2b: Tyranitar\n|-damage|p2b: Tyranitar|6\/100\n|-unboost|p1a: Great Tusk|def|1\n|-unboost|p1a: Great Tusk|spd|1\n|\n|-weather|Sandstorm|[upkeep]\n|-damage|p1b: Iron Bundle|75\/100|[from] Sandstorm\n|upkeep\n|\n|t:|1683887320\n|switch|p2a: Iron Hands|Iron Hands, L50|51\/100\n|turn|9\n|\n|t:|1683887344\n|move|p1b: Iron Bundle|Protect|p1b: Iron Bundle\n|-singleturn|p1b: Iron Bundle|Protect\n|move|p2b: Tyranitar|Protect|p2b: Tyranitar\n|-singleturn|p2b: Tyranitar|Protect\n|move|p1a: Great Tusk|Headlong Rush|p2a: Iron Hands\n|-supereffective|p2a: Iron Hands\n|-damage|p2a: Iron Hands|0 fnt\n|-unboost|p1a: Great Tusk|def|1\n|-unboost|p1a: Great Tusk|spd|1\n|faint|p2a: Iron Hands\n|-end|p2a: Iron Hands|Quark Drive|[silent]\n|\n|-weather|Sandstorm|[upkeep]\n|-damage|p1b: Iron Bundle|68\/100|[from] Sandstorm\n|upkeep\n|turn|10\n|\n|t:|1683887363\n|move|p1b: Iron Bundle|Protect|p1b: Iron Bundle\n|-singleturn|p1b: Iron Bundle|Protect\n|move|p1a: Great Tusk|Rock Slide|p2b: Tyranitar\n|-damage|p2b: Tyranitar|0 fnt\n|faint|p2b: Tyranitar\n|\n|win|sspark\n|raw|sspark's rating: 1522 → 1544<\/strong> (+22 for winning)\n|raw|Mandrokor94's rating: 1554 → 1532<\/strong> (-22 for losing)\n|l|\u2606Mandrokor94\n","uploadtime":1683887546,"views":17,"p1id":"sspark","p2id":"mandrokor94","formatid":"gen9vgc2023regulationc","rating":1532,"private":0,"password":""}