{"id":"gen9vgc2023regulationc-1849341920","p1":"Insertable194","p2":"Charlie77777","format":"[Gen 9] VGC 2023 Regulation C","log":"|j|\u2606Insertable194\n|j|\u2606Charlie77777\n|t:|1682187866\n|gametype|doubles\n|player|p1|Insertable194|hilbert-wonderlauncher|1364\n|player|p2|Charlie77777|2|1354\n|teamsize|p1|6\n|teamsize|p2|6\n|gen|9\n|tier|[Gen 9] VGC 2023 Regulation C\n|rated|\n|rule|Species Clause: Limit one of each Pok\u00e9mon\n|rule|Item Clause: Limit one of each item\n|clearpoke\n|poke|p1|Ting-Lu, L50|\n|poke|p1|Palafin, L50, F|\n|poke|p1|Amoonguss, L50, M|\n|poke|p1|Arcanine, L50, M|\n|poke|p1|Flutter Mane, L50|\n|poke|p1|Iron Hands, L50|\n|poke|p2|Ting-Lu, L50|\n|poke|p2|Sylveon, L50, F|\n|poke|p2|Gholdengo, L50|\n|poke|p2|Arcanine, L50, M|\n|poke|p2|Iron Bundle, L50|\n|poke|p2|Abomasnow, L50, F|\n|teampreview|4\nInsertable194 has agreed to open team sheets.\n|inactive|Battle timer is ON: inactive players will automatically lose when time's up. (requested by Charlie77777)\n|inactive|Insertable194 has 60 seconds left.\n|\n|t:|1682187926\n|start\n|switch|p1a: Iron Hands|Iron Hands, L50|100\/100\n|switch|p1b: Flutter Mane|Flutter Mane, L50|100\/100\n|switch|p2a: Gholdengo|Gholdengo, L50|100\/100\n|switch|p2b: Abomasnow|Abomasnow, L50, F|100\/100\n|-weather|Snow|[from] ability: Snow Warning|[of] p2b: Abomasnow\n|turn|1\n|inactive|Insertable194 has 30 seconds left.\n|\n|t:|1682187959\n|-terastallize|p1b: Flutter Mane|Water\n|move|p1b: Flutter Mane|Shadow Ball|p2a: Gholdengo\n|-supereffective|p2a: Gholdengo\n|-damage|p2a: Gholdengo|0 fnt\n|faint|p2a: Gholdengo\n|move|p2b: Abomasnow|Aurora Veil|p2b: Abomasnow\n|-sidestart|p2: Charlie77777|move: Aurora Veil\n|move|p1a: Iron Hands|Swords Dance|p1a: Iron Hands\n|-boost|p1a: Iron Hands|atk|2\n|\n|-weather|Snow|[upkeep]\n|upkeep\n|\n|t:|1682187970\n|switch|p2a: Iron Bundle|Iron Bundle, L50|100\/100\n|-enditem|p2a: Iron Bundle|Booster Energy\n|-activate|p2a: Iron Bundle|ability: Quark Drive|[fromitem]\n|-start|p2a: Iron Bundle|quarkdrivespe\n|turn|2\n|\n|t:|1682187987\n|move|p2b: Abomasnow|Protect|p2b: Abomasnow\n|-singleturn|p2b: Abomasnow|Protect\n|move|p2a: Iron Bundle|Freeze-Dry|p1b: Flutter Mane\n|-supereffective|p1b: Flutter Mane\n|-damage|p1b: Flutter Mane|34\/100\n|move|p1b: Flutter Mane|Shadow Ball|p2b: Abomasnow\n|-activate|p2b: Abomasnow|move: Protect\n|move|p1a: Iron Hands|Drain Punch|p2a: Iron Bundle\n|-supereffective|p2a: Iron Bundle\n|-damage|p2a: Iron Bundle|12\/100\n|\n|-weather|Snow|[upkeep]\n|upkeep\n|turn|3\n|\n|t:|1682188004\n|-end|p1b: Flutter Mane|Protosynthesis|[silent]\n|switch|p1b: Ting-Lu|Ting-Lu, L50|100\/100\n|-ability|p1b: Ting-Lu|Vessel of Ruin\n|move|p2a: Iron Bundle|Blizzard|p1a: Iron Hands|[spread] p1a,p1b\n|-supereffective|p1b: Ting-Lu\n|-damage|p1a: Iron Hands|73\/100\n|-damage|p1b: Ting-Lu|71\/100\n|-status|p1a: Iron Hands|frz\n|move|p2b: Abomasnow|Blizzard|p1a: Iron Hands|[spread] p1a,p1b\n|-supereffective|p1b: Ting-Lu\n|-damage|p1a: Iron Hands|54\/100 frz\n|-damage|p1b: Ting-Lu|51\/100\n|cant|p1a: Iron Hands|frz\n|\n|-weather|Snow|[upkeep]\n|upkeep\n|turn|4\n|\n|t:|1682188024\n|-terastallize|p2a: Iron Bundle|Ice\n|move|p2a: Iron Bundle|Blizzard|p1a: Iron Hands|[spread] p1a,p1b\n|-supereffective|p1b: Ting-Lu\n|-damage|p1a: Iron Hands|17\/100 frz\n|-damage|p1b: Ting-Lu|15\/100\n|move|p2b: Abomasnow|Blizzard|p1b: Ting-Lu|[spread] p1a,p1b\n|-supereffective|p1b: Ting-Lu\n|-damage|p1a: Iron Hands|0 fnt\n|-damage|p1b: Ting-Lu|0 fnt\n|faint|p1a: Iron Hands\n|-end|p1a: Iron Hands|Quark Drive|[silent]\n|faint|p1b: Ting-Lu\n|\n|-weather|Snow|[upkeep]\n|upkeep\n|\n|t:|1682188029\n|switch|p1a: Palafin|Palafin, L50, F, shiny|100\/100\n|switch|p1b: Flutter Mane|Flutter Mane, L50, tera:Water|34\/100\n|turn|5\n|\n|t:|1682188044\n|move|p2a: Iron Bundle|Protect|p2a: Iron Bundle\n|-singleturn|p2a: Iron Bundle|Protect\n|move|p1a: Palafin|Jet Punch|p2a: Iron Bundle\n|-activate|p2a: Iron Bundle|move: Protect\n|move|p1b: Flutter Mane|Moonblast|p2b: Abomasnow\n|-damage|p2b: Abomasnow|60\/100\n|move|p2b: Abomasnow|Blizzard|p1a: Palafin|[spread] p1a,p1b\n|-resisted|p1a: Palafin\n|-resisted|p1b: Flutter Mane\n|-damage|p1a: Palafin|82\/100\n|-damage|p1b: Flutter Mane|21\/100\n|\n|-weather|none\n|-sideend|p2: Charlie77777|move: Aurora Veil\n|upkeep\n|turn|6\n|\n|t:|1682188061\n|switch|p2b: Sylveon|Sylveon, L50, F|100\/100\n|move|p1a: Palafin|Jet Punch|p2a: Iron Bundle\n|-damage|p2a: Iron Bundle|0 fnt\n|faint|p2a: Iron Bundle\n|-end|p2a: Iron Bundle|Quark Drive|[silent]\n|move|p1b: Flutter Mane|Moonblast|p2b: Sylveon\n|-damage|p2b: Sylveon|38\/100\n|-unboost|p2b: Sylveon|spa|1\n|\n|upkeep\n|\n|t:|1682188070\n|switch|p2a: Abomasnow|Abomasnow, L50, F|60\/100\n|-weather|Snow|[from] ability: Snow Warning|[of] p2a: Abomasnow\n|turn|7\n|\n|t:|1682188082\n|move|p1b: Flutter Mane|Moonblast|p2a: Abomasnow\n|-damage|p2a: Abomasnow|0 fnt\n|faint|p2a: Abomasnow\n|move|p2b: Sylveon|Hyper Voice|p1a: Palafin|[spread] p1a,p1b\n|-damage|p1a: Palafin|47\/100\n|-damage|p1b: Flutter Mane|0 fnt\n|faint|p1b: Flutter Mane\n|-end|p1b: Flutter Mane|Protosynthesis|[silent]\n|move|p1a: Palafin|Wave Crash|p2b: Sylveon\n|-damage|p2b: Sylveon|0 fnt\n|faint|p2b: Sylveon\n|-damage|p1a: Palafin|36\/100|[from] Recoil\n|\n|win|Insertable194\n|raw|Insertable194's rating: 1364 → 1383<\/strong> (+19 for winning)\n|raw|Charlie77777's rating: 1354 → 1335<\/strong> (-19 for losing)\n","uploadtime":1682188092,"views":3,"p1id":"insertable194","p2id":"charlie77777","formatid":"gen9vgc2023regulationc","rating":1335,"private":0,"password":""}