{"id":"gen9vgc2023regulationc-1856641375","p1":"gilidad","p2":"Lord Boolr","format":"[Gen 9] VGC 2023 Regulation C","log":"|j|\u2606gilidad\n|j|\u2606Lord Boolr\n|t:|1683086641\n|gametype|doubles\n|player|p1|gilidad|lucas|1011\n|player|p2|Lord Boolr|101|1022\n|teamsize|p1|6\n|teamsize|p2|6\n|gen|9\n|tier|[Gen 9] VGC 2023 Regulation C\n|rated|\n|rule|Species Clause: Limit one of each Pok\u00e9mon\n|rule|Item Clause: Limit one of each item\n|clearpoke\n|poke|p1|Abomasnow, L50, F|\n|poke|p1|Baxcalibur, L50, F|\n|poke|p1|Crabominable, L50, M|\n|poke|p1|Iron Bundle, L50|\n|poke|p1|Rotom-Frost, L50|\n|poke|p1|Chien-Pao, L50|\n|poke|p2|Dondozo, L50, M|\n|poke|p2|Tatsugiri, L50, M|\n|poke|p2|Chi-Yu, L50|\n|poke|p2|Flutter Mane, L50|\n|poke|p2|Pawmot, L50, F|\n|poke|p2|Dragonite, L50, M|\n|teampreview|4\n|inactive|Battle timer is ON: inactive players will automatically lose when time's up. (requested by gilidad)\ngilidad has agreed to open team sheets.\n|\n|t:|1683086658\n|start\n|switch|p1a: Rotom|Rotom-Frost, L50, shiny|100\/100\n|switch|p1b: Baxcalibur|Baxcalibur, L50, F|100\/100\n|switch|p2a: Dondozo|Dondozo, L50, M|100\/100\n|switch|p2b: Tatsugiri|Tatsugiri, L50, M|100\/100\n|-activate|p2b: Tatsugiri|ability: Commander|[of] p2a: Dondozo\n|-boost|p2a: Dondozo|atk|2\n|-boost|p2a: Dondozo|spa|2\n|-boost|p2a: Dondozo|spe|2\n|-boost|p2a: Dondozo|def|2\n|-boost|p2a: Dondozo|spd|2\n|turn|1\n|inactive|Lord Boolr has 30 seconds left.\n|inactive|Lord Boolr has 20 seconds left.\n|\n|t:|1683086693\n|-terastallize|p2a: Dondozo|Grass\n|move|p2a: Dondozo|Wave Crash|p1b: Baxcalibur\n|-resisted|p1b: Baxcalibur\n|-damage|p1b: Baxcalibur|55\/100\n|-damage|p2a: Dondozo|87\/100|[from] Recoil\n|move|p1a: Rotom|Thunder|p2a: Dondozo\n|-resisted|p2a: Dondozo\n|-damage|p2a: Dondozo|76\/100\n|move|p1b: Baxcalibur|Glaive Rush|p2a: Dondozo\n|-damage|p2a: Dondozo|40\/100\n|-singlemove|p1b: Baxcalibur|Glaive Rush|[silent]\n|\n|-heal|p2a: Dondozo|46\/100|[from] item: Leftovers\n|upkeep\n|turn|2\n|\n|t:|1683086714\n|move|p2a: Dondozo|Earthquake|p1a: Rotom|[spread] p1b\n|-miss|p2a: Dondozo|p2b: Tatsugiri\n|-immune|p1a: Rotom|[from] ability: Levitate\n|-damage|p1b: Baxcalibur|0 fnt\n|faint|p1b: Baxcalibur\n|move|p1a: Rotom|Blizzard|p2b: Tatsugiri|[spread] p2a\n|-miss|p1a: Rotom|p2b: Tatsugiri\n|-supereffective|p2a: Dondozo\n|-damage|p2a: Dondozo|13\/100\n|\n|-heal|p2a: Dondozo|20\/100|[from] item: Leftovers\n|upkeep\n|\n|t:|1683086725\n|switch|p1b: Abomasnow|Abomasnow, L50, F|100\/100\n|-weather|Snow|[from] ability: Snow Warning|[of] p1b: Abomasnow\n|turn|3\n|\n|t:|1683086732\n|move|p2a: Dondozo|Protect|p2a: Dondozo\n|-singleturn|p2a: Dondozo|Protect\n|move|p1a: Rotom|Blizzard|p2a: Dondozo|[spread] \n|-miss|p1a: Rotom|p2b: Tatsugiri\n|-activate|p2a: Dondozo|move: Protect\n|move|p1b: Abomasnow|Aurora Veil|p1b: Abomasnow\n|-sidestart|p1: gilidad|move: Aurora Veil\n|\n|-weather|Snow|[upkeep]\n|-heal|p2a: Dondozo|26\/100|[from] item: Leftovers\n|upkeep\n|turn|4\n|\n|t:|1683086747\n|move|p2a: Dondozo|Wave Crash|p1b: Abomasnow\n|-resisted|p1b: Abomasnow\n|-damage|p1b: Abomasnow|75\/100\n|-damage|p2a: Dondozo|19\/100|[from] Recoil\n|move|p1a: Rotom|Blizzard|p2b: Tatsugiri|[spread] p2a\n|-miss|p1a: Rotom|p2b: Tatsugiri\n|-supereffective|p2a: Dondozo\n|-damage|p2a: Dondozo|0 fnt\n|faint|p2a: Dondozo\n|move|p1b: Abomasnow|Icy Wind|p2b: Tatsugiri\n|-damage|p2b: Tatsugiri|82\/100\n|-unboost|p2b: Tatsugiri|spe|1\n|\n|-weather|Snow|[upkeep]\n|upkeep\n|\n|t:|1683086751\n|switch|p2a: Pawmot|Pawmot, L50, F|100\/100\n|turn|5\n|\n|t:|1683086768\n|move|p2b: Tatsugiri|Protect|p2b: Tatsugiri\n|-singleturn|p2b: Tatsugiri|Protect\n|move|p2a: Pawmot|Revival Blessing|p2a: Pawmot\n|\n|t:|1683086772\n|-heal|p2: Dondozo|50\/100|[from] move: Revival Blessing\n|move|p1a: Rotom|Shadow Ball|p2a: Pawmot\n|-damage|p2a: Pawmot|58\/100\n|-unboost|p2a: Pawmot|spd|1\n|move|p1b: Abomasnow|Leech Seed|p2b: Tatsugiri\n|-activate|p2b: Tatsugiri|move: Protect\n|\n|-weather|Snow|[upkeep]\n|upkeep\n|turn|6\n|\n|t:|1683086795\n|move|p2a: Pawmot|Close Combat|p1a: Rotom\n|-supereffective|p1a: Rotom\n|-damage|p1a: Rotom|27\/100\n|-unboost|p2a: Pawmot|def|1\n|-unboost|p2a: Pawmot|spd|1\n|-enditem|p1a: Rotom|Weakness Policy\n|-boost|p1a: Rotom|atk|2|[from] item: Weakness Policy\n|-boost|p1a: Rotom|spa|2|[from] item: Weakness Policy\n|move|p1a: Rotom|Thunder|p2a: Pawmot\n|-resisted|p2a: Pawmot\n|-damage|p2a: Pawmot|0 fnt\n|faint|p2a: Pawmot\n|move|p1b: Abomasnow|Leech Seed|p2b: Tatsugiri\n|-start|p2b: Tatsugiri|move: Leech Seed\n|move|p2b: Tatsugiri|Taunt|p1b: Abomasnow\n|-start|p1b: Abomasnow|move: Taunt\n|\n|-weather|Snow|[upkeep]\n|-damage|p2b: Tatsugiri|70\/100|[from] Leech Seed|[of] p1b: Abomasnow\n|-heal|p1b: Abomasnow|87\/100|[silent]\n|upkeep\n|\n|t:|1683086813\n|switch|p2a: Chi-Yu|Chi-Yu, L50|100\/100\n|-ability|p2a: Chi-Yu|Beads of Ruin\n|turn|7\n|\n|t:|1683086838\n|move|p2b: Tatsugiri|Protect|p2b: Tatsugiri\n|-singleturn|p2b: Tatsugiri|Protect\n|move|p2a: Chi-Yu|Heat Wave|p1b: Abomasnow|[spread] p1a,p1b\n|-supereffective|p1a: Rotom\n|-supereffective|p1b: Abomasnow\n|-damage|p1a: Rotom|0 fnt\n|-damage|p1b: Abomasnow|0 fnt\n|faint|p1a: Rotom\n|faint|p1b: Abomasnow\n|\n|-weather|none\n|-sideend|p1: gilidad|move: Aurora Veil\n|upkeep\n|\n|t:|1683086843\n|switch|p1b: Iron Bundle|Iron Bundle, L50|100\/100\n|-enditem|p1b: Iron Bundle|Booster Energy\n|-activate|p1b: Iron Bundle|ability: Quark Drive|[fromitem]\n|-start|p1b: Iron Bundle|quarkdrivespa\n|turn|8\n|\n|t:|1683086856\n|switch|p2a: Dondozo|Dondozo, L50, M|50\/100\n|-activate|p2b: Tatsugiri|ability: Commander|[of] p2a: Dondozo\n|-boost|p2a: Dondozo|atk|2\n|-boost|p2a: Dondozo|spa|2\n|-boost|p2a: Dondozo|spe|2\n|-boost|p2a: Dondozo|def|2\n|-boost|p2a: Dondozo|spd|2\n|-terastallize|p1b: Iron Bundle|Water\n|move|p1b: Iron Bundle|Hydro Pump|p2a: Dondozo\n|-resisted|p2a: Dondozo\n|-damage|p2a: Dondozo|26\/100\n|\n|-heal|p2a: Dondozo|32\/100|[from] item: Leftovers\n|-damage|p2b: Tatsugiri|58\/100|[from] Leech Seed|[of] p1b: Iron Bundle\n|upkeep\n|turn|9\n|\n|t:|1683086872\n|move|p1b: Iron Bundle|Freeze-Dry|p2a: Dondozo\n|-supereffective|p2a: Dondozo\n|-damage|p2a: Dondozo|0 fnt\n|faint|p2a: Dondozo\n|\n|-damage|p2b: Tatsugiri|46\/100|[from] Leech Seed|[of] p1b: Iron Bundle\n|upkeep\n|-enditem|p2b: Tatsugiri|Sitrus Berry|[eat]\n|-heal|p2b: Tatsugiri|70\/100|[from] item: Sitrus Berry\n|\n|t:|1683086876\n|switch|p2a: Chi-Yu|Chi-Yu, L50|100\/100\n|-ability|p2a: Chi-Yu|Beads of Ruin\n|turn|10\n|\n|t:|1683086886\n|move|p2a: Chi-Yu|Dark Pulse|p1b: Iron Bundle\n|-damage|p1b: Iron Bundle|0 fnt\n|faint|p1b: Iron Bundle\n|-end|p1b: Iron Bundle|Quark Drive|[silent]\n|\n|win|Lord Boolr\n|raw|gilidad's rating: 1011 → 1000<\/strong> (-11 for losing)\n|raw|Lord Boolr's rating: 1022 → 1058<\/strong> (+36 for winning)\n|l|\u2606gilidad\n","uploadtime":1683086897,"views":12,"p1id":"gilidad","p2id":"lordboolr","formatid":"gen9vgc2023regulationc","rating":1000,"private":0,"password":""}