{"id":"gen9vgc2023regulationc-1858602831","p1":"MistressQueenM","p2":"Quiddsy","format":"[Gen 9] VGC 2023 Regulation C","log":"|j|\u203dMistressQueenM\n|j|\u2606Quiddsy\n|t:|1683330867\n|gametype|doubles\n|player|p1|MistressQueenM|veteranf|1078\n|player|p2|Quiddsy|sabrina|1062\n|teamsize|p1|6\n|teamsize|p2|6\n|gen|9\n|tier|[Gen 9] VGC 2023 Regulation C\n|rated|\n|rule|Species Clause: Limit one of each Pok\u00e9mon\n|rule|Item Clause: Limit one of each item\n|clearpoke\n|poke|p1|Arboliva, L50, F|\n|poke|p1|Torkoal, L50, M|\n|poke|p1|Garganacl, L50, M|\n|poke|p1|Great Tusk, L50|\n|poke|p1|Murkrow, L50, M|\n|poke|p1|Farigiraf, L50, M|\n|poke|p2|Drednaw, L50, F|\n|poke|p2|Pelipper, L50, F|\n|poke|p2|Meowscarada, L50, M|\n|poke|p2|Kingambit, L50, M|\n|poke|p2|Farigiraf, L50, M|\n|poke|p2|Hariyama, L50, F|\n|teampreview|4\n|inactive|Battle timer is ON: inactive players will automatically lose when time's up. (requested by MistressQueenM)\nMistressQueenM rejected open team sheets.\n|\n|t:|1683330949\n|start\n|switch|p1a: Great Tusk|Great Tusk, L50|100\/100\n|switch|p1b: Torkoal|Torkoal, L50, M, shiny|100\/100\n|switch|p2a: Drednaw|Drednaw, L50, F, shiny|100\/100\n|switch|p2b: Farigiraf|Farigiraf, L50, M, shiny|100\/100\n|-weather|SunnyDay|[from] ability: Drought|[of] p1b: Torkoal\n|-activate|p1a: Great Tusk|ability: Protosynthesis\n|-start|p1a: Great Tusk|protosynthesisatk\n|turn|1\n|inactive|MistressQueenM has 30 seconds left.\n|inactive|MistressQueenM has 20 seconds left.\n|inactive|MistressQueenM has 15 seconds left.\n|inactive|MistressQueenM has 10 seconds left.\n|\n|t:|1683330997\n|switch|p2b: Pelipper|Pelipper, L50, F, shiny|100\/100\n|-weather|RainDance|[from] ability: Drizzle|[of] p2b: Pelipper\n|-end|p1a: Great Tusk|Protosynthesis\n|-terastallize|p1a: Great Tusk|Ground\n|move|p2a: Drednaw|Protect|p2a: Drednaw\n|-singleturn|p2a: Drednaw|Protect\n|move|p1b: Torkoal|Protect|p1b: Torkoal\n|-singleturn|p1b: Torkoal|Protect\n|move|p1a: Great Tusk|Earthquake|p2b: Pelipper|[spread] \n|-activate|p1b: Torkoal|move: Protect\n|-activate|p2a: Drednaw|move: Protect\n|-immune|p2b: Pelipper\n|\n|-weather|RainDance|[upkeep]\n|upkeep\n|turn|2\n|inactive|Quiddsy has 30 seconds left.\n|\n|t:|1683331026\n|switch|p1b: Arboliva|Arboliva, L50, F, shiny|100\/100\n|move|p1a: Great Tusk|Protect|p1a: Great Tusk\n|-singleturn|p1a: Great Tusk|Protect\n|move|p2a: Drednaw|Liquidation|p1a: Great Tusk\n|-activate|p1a: Great Tusk|move: Protect\n|move|p2b: Pelipper|Hydro Pump|p1b: Arboliva|[miss]\n|-miss|p2b: Pelipper|p1b: Arboliva\n|\n|-weather|RainDance|[upkeep]\n|upkeep\n|turn|3\n|\n|t:|1683331054\n|-end|p1a: Great Tusk|Protosynthesis|[silent]\n|switch|p1a: Torkoal|Torkoal, L50, M, shiny|100\/100\n|-weather|SunnyDay|[from] ability: Drought|[of] p1a: Torkoal\n|move|p2a: Drednaw|Liquidation|p1a: Torkoal\n|-supereffective|p1a: Torkoal\n|-damage|p1a: Torkoal|56\/100\n|-damage|p2a: Drednaw|91\/100|[from] item: Life Orb\n|move|p2b: Pelipper|Hurricane|p1b: Arboliva|[miss]\n|-miss|p2b: Pelipper|p1b: Arboliva\n|move|p1b: Arboliva|Leech Seed|p2b: Pelipper\n|-start|p2b: Pelipper|move: Leech Seed\n|\n|-weather|SunnyDay|[upkeep]\n|-damage|p2b: Pelipper|88\/100|[from] Leech Seed|[of] p1b: Arboliva\n|upkeep\n|turn|4\n|inactive|Quiddsy has 30 seconds left.\n|\n|t:|1683331085\n|switch|p2b: Farigiraf|Farigiraf, L50, M, shiny|100\/100\n|move|p2a: Drednaw|Protect|p2a: Drednaw\n|-singleturn|p2a: Drednaw|Protect\n|move|p1b: Arboliva|Pollen Puff|p1a: Torkoal\n|-heal|p1a: Torkoal|100\/100\n|move|p1a: Torkoal|Heat Wave|p2b: Farigiraf|[spread] p2b\n|-activate|p2a: Drednaw|move: Protect\n|-damage|p2b: Farigiraf|46\/100\n|\n|-weather|SunnyDay|[upkeep]\n|upkeep\n|turn|5\n|inactive|Quiddsy has 30 seconds left.\n|\n|t:|1683331113\n|switch|p2b: Pelipper|Pelipper, L50, F, shiny|88\/100\n|-weather|RainDance|[from] ability: Drizzle|[of] p2b: Pelipper\n|switch|p1a: Garganacl|Garganacl, L50, M, shiny|100\/100\n|move|p2a: Drednaw|Rock Slide|p1b: Arboliva|[spread] p1a,p1b\n|-damage|p1a: Garganacl|74\/100\n|-damage|p1b: Arboliva|63\/100\n|-fieldstart|move: Grassy Terrain|[from] ability: Seed Sower|[of] p1b: Arboliva\n|-damage|p2a: Drednaw|82\/100|[from] item: Life Orb\n|cant|p1b: Arboliva|flinch\n|\n|-weather|RainDance|[upkeep]\n|-heal|p2a: Drednaw|87\/100|[from] Grassy Terrain\n|-heal|p1b: Arboliva|69\/100|[from] Grassy Terrain\n|-heal|p1a: Garganacl|80\/100|[from] Grassy Terrain\n|-heal|p1a: Garganacl|86\/100|[from] item: Leftovers\n|upkeep\n|turn|6\n|inactive|Quiddsy has 30 seconds left.\n|inactive|Quiddsy has 20 seconds left.\n|\n|t:|1683331150\n|switch|p1a: Torkoal|Torkoal, L50, M, shiny|100\/100\n|-weather|SunnyDay|[from] ability: Drought|[of] p1a: Torkoal\n|move|p2a: Drednaw|Rock Slide|p1b: Arboliva|[spread] p1a,p1b\n|-supereffective|p1a: Torkoal\n|-damage|p1a: Torkoal|41\/100\n|-damage|p1b: Arboliva|30\/100\n|-enditem|p1b: Arboliva|Sitrus Berry|[eat]\n|-heal|p1b: Arboliva|55\/100|[from] item: Sitrus Berry\n|-damage|p2a: Drednaw|78\/100|[from] item: Life Orb\n|move|p2b: Pelipper|Hurricane|p1b: Arboliva|[miss]\n|-miss|p2b: Pelipper|p1b: Arboliva\n|move|p1b: Arboliva|Leech Seed|p2a: Drednaw\n|-start|p2a: Drednaw|move: Leech Seed\n|\n|-weather|SunnyDay|[upkeep]\n|-heal|p2a: Drednaw|84\/100|[from] Grassy Terrain\n|-heal|p1b: Arboliva|61\/100|[from] Grassy Terrain\n|-heal|p1a: Torkoal|48\/100|[from] Grassy Terrain\n|-damage|p2a: Drednaw|72\/100|[from] Leech Seed|[of] p1b: Arboliva\n|-heal|p1b: Arboliva|72\/100|[silent]\n|upkeep\n|turn|7\n|inactive|Quiddsy has 30 seconds left.\n|\n|t:|1683331176\n|move|p2b: Pelipper|Wide Guard|p2b: Pelipper\n|-singleturn|p2b: Pelipper|Wide Guard\n|move|p2a: Drednaw|Rock Slide|p1a: Torkoal|[spread] p1a,p1b\n|-supereffective|p1a: Torkoal\n|-damage|p1a: Torkoal|0 fnt\n|-damage|p1b: Arboliva|32\/100\n|faint|p1a: Torkoal\n|-damage|p2a: Drednaw|62\/100|[from] item: Life Orb\n|move|p1b: Arboliva|Leech Seed|p2b: Pelipper\n|-start|p2b: Pelipper|move: Leech Seed\n|\n|-weather|SunnyDay|[upkeep]\n|-heal|p2a: Drednaw|68\/100|[from] Grassy Terrain\n|-heal|p1b: Arboliva|38\/100|[from] Grassy Terrain\n|-damage|p2a: Drednaw|56\/100|[from] Leech Seed|[of] p1b: Arboliva\n|-heal|p1b: Arboliva|49\/100|[silent]\n|-damage|p2b: Pelipper|76\/100|[from] Leech Seed|[of] p1b: Arboliva\n|-heal|p1b: Arboliva|60\/100|[silent]\n|upkeep\n|\n|t:|1683331180\n|switch|p1a: Garganacl|Garganacl, L50, M, shiny|86\/100\n|turn|8\n|inactive|Quiddsy has 30 seconds left.\n|inactive|MistressQueenM has 30 seconds left.\n|inactive|Quiddsy has 20 seconds left.\n|inactive|Quiddsy has 15 seconds left.\n|\n|t:|1683331221\n|-terastallize|p2a: Drednaw|Grass\n|move|p2a: Drednaw|Rock Slide|p1a: Garganacl|[spread] p1a,p1b\n|-damage|p1a: Garganacl|58\/100\n|-damage|p1b: Arboliva|22\/100\n|-damage|p2a: Drednaw|46\/100|[from] item: Life Orb\n|move|p2b: Pelipper|Hydro Pump|p1a: Garganacl|[miss]\n|-miss|p2b: Pelipper|p1a: Garganacl\n|move|p1b: Arboliva|Dazzling Gleam|p2a: Drednaw|[spread] p2a,p2b\n|-damage|p2a: Drednaw|23\/100\n|-damage|p2b: Pelipper|57\/100\n|cant|p1a: Garganacl|flinch\n|\n|-weather|SunnyDay|[upkeep]\n|-heal|p2a: Drednaw|29\/100|[from] Grassy Terrain\n|-heal|p1b: Arboliva|28\/100|[from] Grassy Terrain\n|-heal|p1a: Garganacl|63\/100|[from] Grassy Terrain\n|-heal|p1a: Garganacl|69\/100|[from] item: Leftovers\n|-damage|p2a: Drednaw|16\/100|[from] Leech Seed|[of] p1b: Arboliva\n|-heal|p1b: Arboliva|39\/100|[silent]\n|-damage|p2b: Pelipper|45\/100|[from] Leech Seed|[of] p1b: Arboliva\n|-heal|p1b: Arboliva|50\/100|[silent]\n|upkeep\n|-enditem|p2b: Pelipper|Sitrus Berry|[eat]\n|-heal|p2b: Pelipper|70\/100|[from] item: Sitrus Berry\n|turn|9\n|inactive|Quiddsy has 30 seconds left.\n|\n|t:|1683331254\n|move|p1a: Garganacl|Wide Guard|p1a: Garganacl\n|-singleturn|p1a: Garganacl|Wide Guard\n|move|p2a: Drednaw|Rock Slide|p1b: Arboliva|[spread] \n|-activate|p1a: Garganacl|move: Wide Guard\n|-activate|p1b: Arboliva|move: Wide Guard\n|move|p2b: Pelipper|Hydro Pump|p1b: Arboliva|[miss]\n|-miss|p2b: Pelipper|p1b: Arboliva\n|move|p1b: Arboliva|Dazzling Gleam|p2b: Pelipper|[spread] p2a,p2b\n|-damage|p2a: Drednaw|0 fnt\n|-damage|p2b: Pelipper|49\/100\n|faint|p2a: Drednaw\n|\n|-weather|SunnyDay|[upkeep]\n|-heal|p1b: Arboliva|56\/100|[from] Grassy Terrain\n|-heal|p1a: Garganacl|75\/100|[from] Grassy Terrain\n|-heal|p1a: Garganacl|81\/100|[from] item: Leftovers\n|-damage|p2b: Pelipper|37\/100|[from] Leech Seed|[of] p1b: Arboliva\n|-heal|p1b: Arboliva|66\/100|[silent]\n|-fieldend|move: Grassy Terrain\n|upkeep\n|\n|t:|1683331273\n|switch|p2a: Kingambit|Kingambit, L50, M, shiny|100\/100\n|turn|10\n|\n|t:|1683331287\n|move|p2b: Pelipper|Tailwind|p2b: Pelipper\n|-sidestart|p2: Quiddsy|move: Tailwind\n|move|p2a: Kingambit|Brick Break|p1a: Garganacl\n|-supereffective|p1a: Garganacl\n|-damage|p1a: Garganacl|44\/100\n|move|p1b: Arboliva|Leech Seed|p2a: Kingambit\n|-start|p2a: Kingambit|move: Leech Seed\n|move|p1a: Garganacl|Salt Cure|p2a: Kingambit\n|-resisted|p2a: Kingambit\n|-damage|p2a: Kingambit|95\/100\n|-start|p2a: Kingambit|Salt Cure\n|\n|-weather|none\n|-heal|p1a: Garganacl|50\/100|[from] item: Leftovers\n|-damage|p2b: Pelipper|25\/100|[from] Leech Seed|[of] p1b: Arboliva\n|-heal|p1b: Arboliva|77\/100|[silent]\n|-damage|p2a: Kingambit|83\/100|[from] Leech Seed|[of] p1b: Arboliva\n|-heal|p1b: Arboliva|91\/100|[silent]\n|-damage|p2a: Kingambit|58\/100|[from] Salt Cure\n|upkeep\n|turn|11\n|inactive|Quiddsy has 30 seconds left.\n|\n|t:|1683331313\n|move|p1b: Arboliva|Protect|p1b: Arboliva\n|-singleturn|p1b: Arboliva|Protect\n|move|p2b: Pelipper|Hydro Pump|p1a: Garganacl\n|-supereffective|p1a: Garganacl\n|-damage|p1a: Garganacl|0 fnt\n|faint|p1a: Garganacl\n|move|p2a: Kingambit|Kowtow Cleave|p1b: Arboliva\n|-activate|p1b: Arboliva|move: Protect\n|\n|-damage|p2b: Pelipper|13\/100|[from] Leech Seed|[of] p1b: Arboliva\n|-heal|p1b: Arboliva|100\/100|[silent]\n|-damage|p2a: Kingambit|46\/100|[from] Leech Seed|[of] p1b: Arboliva\n|-damage|p2a: Kingambit|21\/100|[from] Salt Cure\n|upkeep\n|\n|t:|1683331315\n|switch|p1a: Great Tusk|Great Tusk, L50, tera:Ground|100\/100\n|turn|12\n|\n|t:|1683331339\n|move|p2b: Pelipper|Hydro Pump|p1a: Great Tusk|[miss]\n|-miss|p2b: Pelipper|p1a: Great Tusk\n|move|p1a: Great Tusk|Earthquake|p2b: Pelipper|[spread] p1b,p2a\n|-immune|p2b: Pelipper\n|-resisted|p1b: Arboliva\n|-supereffective|p2a: Kingambit\n|-damage|p1b: Arboliva|65\/100\n|-damage|p2a: Kingambit|0 fnt\n|-fieldstart|move: Grassy Terrain|[from] ability: Seed Sower|[of] p1b: Arboliva\n|faint|p2a: Kingambit\n|-damage|p1a: Great Tusk|90\/100|[from] item: Life Orb\n|move|p1b: Arboliva|Dazzling Gleam|p2b: Pelipper\n|-damage|p2b: Pelipper|0 fnt\n|faint|p2b: Pelipper\n|\n|-heal|p1a: Great Tusk|96\/100|[from] Grassy Terrain\n|-heal|p1b: Arboliva|71\/100|[from] Grassy Terrain\n|upkeep\n|inactive|Quiddsy has 30 seconds left.\n|inactive|Quiddsy has 20 seconds left.\n|inactive|Quiddsy has 15 seconds left.\n|inactive|Quiddsy has 10 seconds left.\n|inactive|Quiddsy has 5 seconds left.\n|\n|t:|1683331394\n|switch|p2a: Farigiraf|Farigiraf, L50, M, shiny|46\/100\n|turn|13\n|-message|Quiddsy forfeited.\n|\n|win|MistressQueenM\n|raw|MistressQueenM's rating: 1078 → 1105<\/strong> (+27 for winning)\n|raw|Quiddsy's rating: 1062 → 1044<\/strong> (-18 for losing)\n|l|\u2606Quiddsy\n","uploadtime":1683331434,"views":10,"p1id":"mistressqueenm","p2id":"quiddsy","formatid":"gen9vgc2023regulationc","rating":1044,"private":0,"password":""}