{"id":"gen9vgc2023regulationc-1860235170","p1":"MangledGalah","p2":"TonyJazs","format":"[Gen 9] VGC 2023 Regulation C","log":"|j|\u2606MangledGalah\n|j|\u2606TonyJazs\n|t:|1683615571\n|gametype|doubles\n|player|p1|MangledGalah|265|1139\n|player|p2|TonyJazs|brawly|1027\n|teamsize|p1|6\n|teamsize|p2|6\n|gen|9\n|tier|[Gen 9] VGC 2023 Regulation C\n|rated|\n|rule|Species Clause: Limit one of each Pok\u00e9mon\n|rule|Item Clause: Limit one of each item\n|clearpoke\n|poke|p1|Flutter Mane, L50|\n|poke|p1|Hatterene, L50, F|\n|poke|p1|Kingambit, L50, M|\n|poke|p1|Farigiraf, L50, F|\n|poke|p1|Abomasnow, L50, M|\n|poke|p1|Maushold-Four, L50|\n|poke|p2|Sableye, L50, F|\n|poke|p2|Magnezone, L50|\n|poke|p2|Eelektross, L50, F|\n|poke|p2|Flutter Mane, L50|\n|poke|p2|Chien-Pao, L50|\n|poke|p2|Garganacl, L50, F|\n|teampreview|4\n|inactive|Battle timer is ON: inactive players will automatically lose when time's up. (requested by TonyJazs)\n|inactive|TonyJazs has 60 seconds left.\n|\n|t:|1683615612\n|start\n|switch|p1a: Abomasnow|Abomasnow, L50, M|100\/100\n|switch|p1b: Hatterene|Hatterene, L50, F|100\/100\n|switch|p2a: Flutter Mane|Flutter Mane, L50, shiny|100\/100\n|switch|p2b: Magnezone|Magnezone, L50, shiny|100\/100\n|-item|p2b: Magnezone|Air Balloon\n|-weather|Snow|[from] ability: Snow Warning|[of] p1a: Abomasnow\n|-enditem|p2a: Flutter Mane|Booster Energy\n|-activate|p2a: Flutter Mane|ability: Protosynthesis|[fromitem]\n|-start|p2a: Flutter Mane|protosynthesisspd\n|turn|1\n|inactive|MangledGalah has 30 seconds left.\n|inactive|TonyJazs has 30 seconds left.\n|inactive|MangledGalah has 20 seconds left.\n|inactive|MangledGalah has 15 seconds left.\n|\n|t:|1683615653\n|move|p2a: Flutter Mane|Shadow Ball|p1b: Hatterene\n|-supereffective|p1b: Hatterene\n|-damage|p1b: Hatterene|15\/100\n|-unboost|p1b: Hatterene|spd|1\n|move|p2b: Magnezone|Flash Cannon|p1a: Abomasnow\n|-supereffective|p1a: Abomasnow\n|-damage|p1a: Abomasnow|11\/100\n|move|p1a: Abomasnow|Aurora Veil|p1a: Abomasnow\n|-sidestart|p1: MangledGalah|move: Aurora Veil\n|move|p1b: Hatterene|Trick Room|p1b: Hatterene\n|-fieldstart|move: Trick Room|[of] p1b: Hatterene\n|\n|-weather|Snow|[upkeep]\n|upkeep\n|turn|2\n|inactive|TonyJazs has 30 seconds left.\n|\n|t:|1683615684\n|-end|p2a: Flutter Mane|Protosynthesis|[silent]\n|switch|p2a: Garganacl|Garganacl, L50, F|100\/100\n|-terastallize|p1b: Hatterene|Fire\n|move|p1b: Hatterene|Mystical Fire|p2b: Magnezone\n|-supereffective|p2b: Magnezone\n|-damage|p2b: Magnezone|0 fnt\n|-enditem|p2b: Magnezone|Air Balloon\n|faint|p2b: Magnezone\n|-damage|p1b: Hatterene|5\/100|[from] item: Life Orb\n|move|p1a: Abomasnow|Blizzard|p2a: Garganacl\n|-damage|p2a: Garganacl|61\/100\n|\n|-weather|Snow|[upkeep]\n|-heal|p2a: Garganacl|67\/100|[from] item: Leftovers\n|upkeep\n|\n|t:|1683615702\n|switch|p2b: Eelektross|Eelektross, L50, F, shiny|100\/100\n|turn|3\n|\n|t:|1683615721\n|move|p1b: Hatterene|Psychic|p2b: Eelektross\n|-damage|p2b: Eelektross|52\/100\n|-damage|p1b: Hatterene|0 fnt|[from] item: Life Orb\n|faint|p1b: Hatterene\n|move|p2a: Garganacl|Salt Cure|p1a: Abomasnow\n|-supereffective|p1a: Abomasnow\n|-damage|p1a: Abomasnow|0 fnt\n|faint|p1a: Abomasnow\n|move|p2b: Eelektross|Flamethrower|p1: Abomasnow|[notarget]\n|-fail|p2b: Eelektross\n|\n|-weather|Snow|[upkeep]\n|-heal|p2a: Garganacl|72\/100|[from] item: Leftovers\n|upkeep\n|\n|t:|1683615728\n|switch|p1b: Kingambit|Kingambit, L50, M, shiny|100\/100\n|switch|p1a: Farigiraf|Farigiraf, L50, F|100\/100\n|turn|4\n|inactive|TonyJazs has 30 seconds left.\n|\n|t:|1683615756\n|move|p1b: Kingambit|Protect|p1b: Kingambit\n|-singleturn|p1b: Kingambit|Protect\n|move|p2a: Garganacl|Wide Guard|p2a: Garganacl\n|-singleturn|p2a: Garganacl|Wide Guard\n|move|p1a: Farigiraf|Psyshock|p2a: Garganacl\n|-damage|p2a: Garganacl|50\/100\n|move|p2b: Eelektross|Discharge|p1b: Kingambit|[spread] p1a\n|-activate|p2a: Garganacl|move: Wide Guard\n|-activate|p1b: Kingambit|move: Protect\n|-damage|p1a: Farigiraf|81\/100\n|-status|p1a: Farigiraf|par\n|\n|-weather|Snow|[upkeep]\n|-heal|p2a: Garganacl|56\/100|[from] item: Leftovers\n|upkeep\n|turn|5\n|inactive|MangledGalah has 30 seconds left.\n|inactive|TonyJazs has 30 seconds left.\n|inactive|MangledGalah has 20 seconds left.\n|inactive|MangledGalah has 15 seconds left.\n|inactive|MangledGalah has 10 seconds left.\n|inactive|MangledGalah has 5 seconds left.\n|\n|t:|1683615807\n|move|p1a: Farigiraf|Psyshock|p2a: Garganacl\n|-damage|p2a: Garganacl|34\/100\n|move|p1b: Kingambit|Kowtow Cleave|p2a: Garganacl\n|-damage|p2a: Garganacl|1\/100\n|move|p2a: Garganacl|Salt Cure|p1b: Kingambit\n|-resisted|p1b: Kingambit\n|-damage|p1b: Kingambit|97\/100\n|-start|p1b: Kingambit|Salt Cure\n|move|p2b: Eelektross|Flamethrower|p1b: Kingambit\n|-supereffective|p1b: Kingambit\n|-damage|p1b: Kingambit|62\/100\n|\n|-weather|none\n|-heal|p2a: Garganacl|7\/100|[from] item: Leftovers\n|-damage|p1b: Kingambit|37\/100|[from] Salt Cure\n|-fieldend|move: Trick Room\n|upkeep\n|turn|6\n|inactive|TonyJazs has 30 seconds left.\n|\n|t:|1683615833\n|move|p2b: Eelektross|Thunderbolt|p1a: Farigiraf\n|-damage|p1a: Farigiraf|51\/100 par\n|move|p2a: Garganacl|Recover|p2a: Garganacl\n|-heal|p2a: Garganacl|57\/100\n|move|p1b: Kingambit|Kowtow Cleave|p2a: Garganacl\n|-damage|p2a: Garganacl|22\/100\n|move|p1a: Farigiraf|Dazzling Gleam|p2b: Eelektross|[spread] p2a,p2b\n|-damage|p2a: Garganacl|7\/100\n|-damage|p2b: Eelektross|38\/100\n|\n|-heal|p2a: Garganacl|13\/100|[from] item: Leftovers\n|-damage|p1b: Kingambit|12\/100|[from] Salt Cure\n|upkeep\n|turn|7\n|inactive|MangledGalah has 30 seconds left.\n|\n|t:|1683615858\n|move|p2a: Garganacl|Wide Guard|p2a: Garganacl\n|-singleturn|p2a: Garganacl|Wide Guard\n|move|p2b: Eelektross|Flamethrower|p1b: Kingambit\n|-supereffective|p1b: Kingambit\n|-damage|p1b: Kingambit|0 fnt\n|faint|p1b: Kingambit\n|move|p1a: Farigiraf|Dazzling Gleam|p2a: Garganacl|[spread] \n|-activate|p2a: Garganacl|move: Wide Guard\n|-activate|p2b: Eelektross|move: Wide Guard\n|\n|-heal|p2a: Garganacl|18\/100|[from] item: Leftovers\n|upkeep\n|turn|8\n|-message|MangledGalah forfeited.\n|\n|win|TonyJazs\n|raw|MangledGalah's rating: 1120 → 1088<\/strong> (-32 for losing)\n|raw|TonyJazs's rating: 1027 → 1072<\/strong> (+45 for winning)\n|l|\u2606MangledGalah\n","uploadtime":1683615877,"views":7,"p1id":"mangledgalah","p2id":"tonyjazs","formatid":"gen9vgc2023regulationc","rating":1072,"private":0,"password":""}