{"id":"gen9vgc2023regulationc-1856498231","p1":"GTFDF","p2":"form quick key","format":"[Gen 9] VGC 2023 Regulation C","log":"|j|\u2606GTFDF\n|j|\u2606form quick key\n|t:|1683068316\n|gametype|doubles\n|player|p1|GTFDF|170|1283\n|player|p2|form quick key|larry|1224\n|teamsize|p1|6\n|teamsize|p2|6\n|gen|9\n|tier|[Gen 9] VGC 2023 Regulation C\n|rated|\n|rule|Species Clause: Limit one of each Pok\u00e9mon\n|rule|Item Clause: Limit one of each item\n|clearpoke\n|poke|p1|Torkoal, L50, F|\n|poke|p1|Chi-Yu, L50|\n|poke|p1|Bronzong, L50|\n|poke|p1|Gastrodon, L50, M|\n|poke|p1|Grimmsnarl, L50, M|\n|poke|p1|Skeledirge, L50, F|\n|poke|p2|Talonflame, L50, M|\n|poke|p2|Iron Bundle, L50|\n|poke|p2|Iron Hands, L50|\n|poke|p2|Gholdengo, L50|\n|poke|p2|Garchomp, L50, M|\n|poke|p2|Chien-Pao, L50|\n|teampreview|4\nform quick key has agreed to open team sheets.\n|inactive|Battle timer is ON: inactive players will automatically lose when time's up. (requested by form quick key)\n|\n|t:|1683068363\n|start\n|switch|p1a: Grimmsnarl|Grimmsnarl, L50, M|100\/100\n|switch|p1b: Chi-Yu|Chi-Yu, L50|100\/100\n|switch|p2a: Talonflame|Talonflame, L50, M|100\/100\n|switch|p2b: Gholdengo|Gholdengo, L50|100\/100\n|-ability|p1b: Chi-Yu|Beads of Ruin\n|turn|1\n|\n|t:|1683068387\n|move|p2a: Talonflame|Tailwind|p2a: Talonflame\n|-sidestart|p2: form quick key|move: Tailwind\n|move|p1a: Grimmsnarl|Sucker Punch|p2b: Gholdengo\n|-supereffective|p2b: Gholdengo\n|-damage|p2b: Gholdengo|26\/100\n|move|p2b: Gholdengo|Make It Rain|p1b: Chi-Yu|[spread] p1a,p1b\n|-supereffective|p1a: Grimmsnarl\n|-resisted|p1b: Chi-Yu\n|-damage|p1a: Grimmsnarl|0 fnt\n|-damage|p1b: Chi-Yu|68\/100\n|-unboost|p2b: Gholdengo|spa|1\n|faint|p1a: Grimmsnarl\n|move|p1b: Chi-Yu|Snarl|p2b: Gholdengo|[spread] p2a,p2b\n|-crit|p2a: Talonflame\n|-supereffective|p2b: Gholdengo\n|-damage|p2a: Talonflame|52\/100\n|-damage|p2b: Gholdengo|0 fnt\n|-unboost|p2a: Talonflame|spa|1\n|faint|p2b: Gholdengo\n|\n|upkeep\n|\n|t:|1683068405\n|switch|p2b: Garchomp|Garchomp, L50, M|100\/100\n|switch|p1a: Bronzong|Bronzong, L50|100\/100\n|turn|2\n|\n|t:|1683068418\n|move|p1b: Chi-Yu|Protect|p1b: Chi-Yu\n|-singleturn|p1b: Chi-Yu|Protect\n|move|p2a: Talonflame|Taunt|p1a: Bronzong\n|-start|p1a: Bronzong|move: Taunt\n|move|p2b: Garchomp|Earthquake|p1a: Bronzong|[spread] \n|-activate|p1b: Chi-Yu|move: Protect\n|-immune|p2a: Talonflame\n|-immune|p1a: Bronzong|[from] ability: Levitate\n|cant|p1a: Bronzong|move: Taunt|Trick Room\n|\n|upkeep\n|turn|3\n|\n|t:|1683068431\n|move|p1b: Chi-Yu|Protect||[still]\n|-fail|p1b: Chi-Yu\n|move|p2a: Talonflame|Brave Bird|p1b: Chi-Yu\n|-damage|p1b: Chi-Yu|17\/100\n|-enditem|p1b: Chi-Yu|Wiki Berry|[eat]\n|-heal|p1b: Chi-Yu|51\/100|[from] item: Wiki Berry\n|-damage|p2a: Talonflame|37\/100|[from] Recoil\n|move|p2b: Garchomp|Earthquake|p1a: Bronzong|[spread] p1b\n|-immune|p2a: Talonflame\n|-immune|p1a: Bronzong|[from] ability: Levitate\n|-supereffective|p1b: Chi-Yu\n|-damage|p1b: Chi-Yu|0 fnt\n|faint|p1b: Chi-Yu\n|-damage|p2b: Garchomp|91\/100|[from] item: Life Orb\n|move|p1a: Bronzong|Body Press|p2a: Talonflame\n|-resisted|p2a: Talonflame\n|-damage|p2a: Talonflame|20\/100\n|\n|upkeep\n|\n|t:|1683068434\n|switch|p1b: Skeledirge|Skeledirge, L50, F|100\/100\n|turn|4\n|\n|t:|1683068449\n|move|p1b: Skeledirge|Protect|p1b: Skeledirge\n|-singleturn|p1b: Skeledirge|Protect\n|move|p2a: Talonflame|Brave Bird|p1b: Skeledirge\n|-activate|p1b: Skeledirge|move: Protect\n|move|p2b: Garchomp|Earthquake|p1a: Bronzong|[spread] \n|-activate|p1b: Skeledirge|move: Protect\n|-immune|p2a: Talonflame\n|-immune|p1a: Bronzong|[from] ability: Levitate\n|move|p1a: Bronzong|Body Press|p2a: Talonflame\n|-resisted|p2a: Talonflame\n|-damage|p2a: Talonflame|3\/100\n|\n|-end|p1a: Bronzong|move: Taunt\n|-sideend|p2: form quick key|move: Tailwind\n|upkeep\n|turn|5\n|\n|t:|1683068467\n|-terastallize|p1b: Skeledirge|Fairy\n|move|p2a: Talonflame|Taunt|p1a: Bronzong\n|-start|p1a: Bronzong|move: Taunt\n|move|p2b: Garchomp|Earthquake|p1b: Skeledirge|[spread] p1b\n|-immune|p2a: Talonflame\n|-immune|p1a: Bronzong|[from] ability: Levitate\n|-damage|p1b: Skeledirge|55\/100\n|-damage|p2b: Garchomp|81\/100|[from] item: Life Orb\n|move|p1b: Skeledirge|Encore|p2a: Talonflame\n|-start|p2a: Talonflame|Encore\n|move|p1a: Bronzong|Body Press|p2b: Garchomp\n|-damage|p2b: Garchomp|53\/100\n|-damage|p1a: Bronzong|88\/100|[from] ability: Rough Skin|[of] p2b: Garchomp\n|\n|-heal|p1b: Skeledirge|61\/100|[from] item: Leftovers\n|upkeep\n|turn|6\n|\n|t:|1683068481\n|move|p2a: Talonflame|Taunt|p1b: Skeledirge\n|-start|p1b: Skeledirge|move: Taunt\n|move|p2b: Garchomp|Iron Head|p1b: Skeledirge\n|-supereffective|p1b: Skeledirge\n|-damage|p1b: Skeledirge|4\/100\n|-damage|p2b: Garchomp|43\/100|[from] item: Life Orb\n|move|p1b: Skeledirge|Tera Blast|p2b: Garchomp\n|-supereffective|p2b: Garchomp\n|-damage|p2b: Garchomp|0 fnt\n|faint|p2b: Garchomp\n|move|p1a: Bronzong|Body Press|p2a: Talonflame\n|-resisted|p2a: Talonflame\n|-damage|p2a: Talonflame|0 fnt\n|faint|p2a: Talonflame\n|\n|-heal|p1b: Skeledirge|10\/100|[from] item: Leftovers\n|upkeep\n|\n|t:|1683068500\n|switch|p2b: Iron Bundle|Iron Bundle, L50|100\/100\n|-enditem|p2b: Iron Bundle|Booster Energy\n|-activate|p2b: Iron Bundle|ability: Quark Drive|[fromitem]\n|-start|p2b: Iron Bundle|quarkdrivespe\n|turn|7\n|\n|t:|1683068508\n|move|p2b: Iron Bundle|Icy Wind|p1b: Skeledirge|[spread] p1a,p1b\n|-resisted|p1a: Bronzong\n|-damage|p1a: Bronzong|80\/100\n|-damage|p1b: Skeledirge|0 fnt\n|-unboost|p1a: Bronzong|spe|1\n|faint|p1b: Skeledirge\n|move|p1a: Bronzong|Body Press|p2b: Iron Bundle\n|-supereffective|p2b: Iron Bundle\n|-damage|p2b: Iron Bundle|28\/100\n|\n|-end|p1a: Bronzong|move: Taunt\n|upkeep\n|turn|8\n|\n|t:|1683068514\n|move|p2b: Iron Bundle|Hydro Pump|p1a: Bronzong\n|-damage|p1a: Bronzong|27\/100\n|move|p1a: Bronzong|Body Press|p2b: Iron Bundle\n|-supereffective|p2b: Iron Bundle\n|-damage|p2b: Iron Bundle|0 fnt\n|faint|p2b: Iron Bundle\n|-end|p2b: Iron Bundle|Quark Drive|[silent]\n|\n|win|GTFDF\n|raw|GTFDF's rating: 1262 → 1284<\/strong> (+22 for winning)\n|raw|form quick key's rating: 1224 → 1202<\/strong> (-22 for losing)\n","uploadtime":1683068518,"views":3,"p1id":"gtfdf","p2id":"formquickkey","formatid":"gen9vgc2023regulationc","rating":1202,"private":0,"password":""}