{"id":"gen9vgc2023regulationc-1856041487","p1":"PokemonSince1994","p2":"Insertable194","format":"[Gen 9] VGC 2023 Regulation C","log":"|j|\u2606PokemonSince1994\n|j|\u2606Insertable194\n|t:|1683021857\n|gametype|doubles\n|player|p1|PokemonSince1994|2|1351\n|player|p2|Insertable194|102|1437\n|teamsize|p1|6\n|teamsize|p2|6\n|gen|9\n|tier|[Gen 9] VGC 2023 Regulation C\n|rated|\n|rule|Species Clause: Limit one of each Pok\u00e9mon\n|rule|Item Clause: Limit one of each item\n|clearpoke\n|poke|p1|Annihilape, L50, M|\n|poke|p1|Gholdengo, L50|\n|poke|p1|Maushold, L50|\n|poke|p1|Arcanine, L50, F|\n|poke|p1|Roaring Moon, L50|\n|poke|p1|Iron Bundle, L50|\n|poke|p2|Pelipper, L50, M|\n|poke|p2|Palafin, L50, M|\n|poke|p2|Flutter Mane, L50|\n|poke|p2|Chien-Pao, L50|\n|poke|p2|Arcanine, L50, M|\n|poke|p2|Amoonguss, L50, M|\n|teampreview|4\nInsertable194 has agreed to open team sheets.\n|inactive|Battle timer is ON: inactive players will automatically lose when time's up. (requested by Insertable194)\n|inactive|Insertable194 has 60 seconds left.\n|\n|t:|1683021901\n|start\n|switch|p1a: Goblin|Annihilape, L50, M|100\/100\n|switch|p1b: Maushold|Maushold, L50|100\/100\n|switch|p2a: Flutter Mane|Flutter Mane, L50|100\/100\n|switch|p2b: Palafin|Palafin, L50, M|100\/100\n|-enditem|p2a: Flutter Mane|Booster Energy\n|-activate|p2a: Flutter Mane|ability: Protosynthesis|[fromitem]\n|-start|p2a: Flutter Mane|protosynthesisspe\n|turn|1\n|\n|t:|1683021921\n|detailschange|p2b: Palafin|Palafin-Hero, L50, M\n|switch|p2b: Pelipper|Pelipper, L50, M|100\/100\n|-weather|RainDance|[from] ability: Drizzle|[of] p2b: Pelipper\n|-terastallize|p1a: Goblin|Water\n|move|p2a: Flutter Mane|Moonblast|p1b: Maushold\n|-damage|p1b: Maushold|52\/100\n|move|p1b: Maushold|Thunder Wave|p2a: Flutter Mane\n|-status|p2a: Flutter Mane|par\n|move|p1a: Goblin|Bulk Up|p1a: Goblin\n|-boost|p1a: Goblin|atk|1\n|-boost|p1a: Goblin|def|1\n|\n|-weather|RainDance|[upkeep]\n|upkeep\n|turn|2\n|\n|t:|1683021943\n|move|p1b: Maushold|Protect|p1b: Maushold\n|-singleturn|p1b: Maushold|Protect\n|cant|p2a: Flutter Mane|par\n|move|p1a: Goblin|Bulk Up|p1a: Goblin\n|-boost|p1a: Goblin|atk|1\n|-boost|p1a: Goblin|def|1\n|move|p2b: Pelipper|Tailwind|p2b: Pelipper\n|-sidestart|p2: Insertable194|move: Tailwind\n|\n|-weather|RainDance|[upkeep]\n|upkeep\n|turn|3\n|inactive|PokemonSince1994 has 30 seconds left.\n|\n|t:|1683021971\n|move|p2a: Flutter Mane|Moonblast|p1b: Maushold\n|-damage|p1b: Maushold|0 fnt\n|faint|p1b: Maushold\n|move|p2b: Pelipper|Hurricane|p1a: Goblin\n|-damage|p1a: Goblin|56\/100\n|-start|p1a: Goblin|confusion\n|-activate|p1a: Goblin|confusion\n|move|p1a: Goblin|Drain Punch|p2b: Pelipper\n|-resisted|p2b: Pelipper\n|-damage|p2b: Pelipper|64\/100\n|-heal|p1a: Goblin|70\/100|[from] drain|[of] p2b: Pelipper\n|\n|-weather|RainDance|[upkeep]\n|upkeep\n|inactive|PokemonSince1994 has 30 seconds left.\n|inactive|PokemonSince1994 has 20 seconds left.\n|\n|t:|1683022010\n|switch|p1b: Iron Bundle|Iron Bundle, L50, shiny|100\/100\n|turn|4\n|\n|t:|1683022024\n|move|p2a: Flutter Mane|Moonblast|p1b: Iron Bundle\n|-damage|p1b: Iron Bundle|3\/100\n|move|p2b: Pelipper|Hurricane|p1b: Iron Bundle\n|-damage|p1b: Iron Bundle|0 fnt\n|faint|p1b: Iron Bundle\n|-end|p1b: Iron Bundle|Quark Drive|[silent]\n|-activate|p1a: Goblin|confusion\n|move|p1a: Goblin|Rage Fist|p2a: Flutter Mane\n|-supereffective|p2a: Flutter Mane\n|-damage|p2a: Flutter Mane|0 fnt\n|faint|p2a: Flutter Mane\n|-end|p2a: Flutter Mane|Protosynthesis|[silent]\n|\n|-weather|RainDance|[upkeep]\n|upkeep\n|inactive|PokemonSince1994 has 30 seconds left.\n|inactive|PokemonSince1994 has 20 seconds left.\n|\n|t:|1683022060\n|switch|p1b: Bast|Arcanine, L50, F|100\/100\n|switch|p2a: Chien-Pao|Chien-Pao, L50|100\/100\n|-ability|p2a: Chien-Pao|Sword of Ruin\n|-ability|p1b: Bast|Intimidate|boost\n|-unboost|p2a: Chien-Pao|atk|1\n|-unboost|p2b: Pelipper|atk|1\n|turn|5\n|\n|t:|1683022081\n|move|p2a: Chien-Pao|Protect|p2a: Chien-Pao\n|-singleturn|p2a: Chien-Pao|Protect\n|move|p1b: Bast|Extreme Speed|p2b: Pelipper\n|-damage|p2b: Pelipper|26\/100\n|move|p2b: Pelipper|Hurricane|p1a: Goblin\n|-damage|p1a: Goblin|24\/100\n|-enditem|p1a: Goblin|Sitrus Berry|[eat]\n|-heal|p1a: Goblin|49\/100|[from] item: Sitrus Berry\n|-activate|p1a: Goblin|confusion\n|-damage|p1a: Goblin|36\/100|[from] confusion\n|\n|-weather|none\n|-sideend|p2: Insertable194|move: Tailwind\n|upkeep\n|turn|6\n|inactive|Insertable194 has 30 seconds left.\n|inactive|Insertable194 has 20 seconds left.\n|\n|t:|1683022116\n|switch|p2b: Palafin|Palafin-Hero, L50, M|100\/100\n|-activate|p2b: Palafin|ability: Zero to Hero\n|move|p1b: Bast|Extreme Speed|p2b: Palafin\n|-damage|p2b: Palafin|67\/100\n|move|p2a: Chien-Pao|Haze|p2a: Chien-Pao\n|-clearallboost\n|-activate|p1a: Goblin|confusion\n|move|p1a: Goblin|Drain Punch|p2a: Chien-Pao\n|-supereffective|p2a: Chien-Pao\n|-enditem|p2a: Chien-Pao|Focus Sash\n|-damage|p2a: Chien-Pao|1\/100\n|-heal|p1a: Goblin|72\/100|[from] drain|[of] p2a: Chien-Pao\n|\n|upkeep\n|turn|7\n|inactive|PokemonSince1994 has 30 seconds left.\n|inactive|Insertable194 has 30 seconds left.\n|inactive|Insertable194 has 20 seconds left.\n|inactive|Insertable194 has 15 seconds left.\n|inactive|Insertable194 has 10 seconds left.\n|\n|t:|1683022165\n|-terastallize|p2b: Palafin|Water\n|move|p2a: Chien-Pao|Protect|p2a: Chien-Pao\n|-singleturn|p2a: Chien-Pao|Protect\n|move|p1b: Bast|Extreme Speed|p2b: Palafin\n|-damage|p2b: Palafin|31\/100\n|move|p2b: Palafin|Jet Punch|p1b: Bast\n|-supereffective|p1b: Bast\n|-damage|p1b: Bast|0 fnt\n|faint|p1b: Bast\n|-end|p1a: Goblin|confusion\n|move|p1a: Goblin|Bulk Up|p1a: Goblin\n|-boost|p1a: Goblin|atk|1\n|-boost|p1a: Goblin|def|1\n|\n|upkeep\n|turn|8\n|inactive|Insertable194 has 30 seconds left.\n|\n|t:|1683022190\n|switch|p2b: Pelipper|Pelipper, L50, M|26\/100\n|-weather|RainDance|[from] ability: Drizzle|[of] p2b: Pelipper\n|move|p2a: Chien-Pao|Haze|p2a: Chien-Pao\n|-clearallboost\n|move|p1a: Goblin|Drain Punch|p2a: Chien-Pao\n|-supereffective|p2a: Chien-Pao\n|-damage|p2a: Chien-Pao|0 fnt\n|-heal|p1a: Goblin|73\/100|[from] drain|[of] p2a: Chien-Pao\n|faint|p2a: Chien-Pao\n|\n|-weather|RainDance|[upkeep]\n|upkeep\n|\n|t:|1683022193\n|switch|p2a: Palafin|Palafin-Hero, L50, M, tera:Water|31\/100\n|turn|9\n|\n|t:|1683022209\n|move|p1a: Goblin|Protect|p1a: Goblin\n|-singleturn|p1a: Goblin|Protect\n|move|p2a: Palafin|Wave Crash|p1a: Goblin\n|-activate|p1a: Goblin|move: Protect\n|move|p2b: Pelipper|Hurricane|p1a: Goblin\n|-activate|p1a: Goblin|move: Protect\n|\n|-weather|RainDance|[upkeep]\n|upkeep\n|turn|10\n|\n|t:|1683022220\n|move|p2a: Palafin|Wave Crash|p1a: Goblin\n|-resisted|p1a: Goblin\n|-damage|p1a: Goblin|0 fnt\n|faint|p1a: Goblin\n|-damage|p2a: Palafin|5\/100|[from] Recoil\n|\n|win|Insertable194\n|raw|PokemonSince1994's rating: 1351 → 1336<\/strong> (-15 for losing)\n|raw|Insertable194's rating: 1437 → 1452<\/strong> (+15 for winning)\n","uploadtime":1683022226,"views":7,"p1id":"pokemonsince1994","p2id":"insertable194","formatid":"gen9vgc2023regulationc","rating":1336,"private":0,"password":""}