{"id":"gen9vgc2023regulationc-1863835939","p1":"nickfang6","p2":"caZISA","format":"[Gen 9] VGC 2023 Regulation C","log":"|j|\u2606nickfang6\n|j|\u2606caZISA\n|t:|1684083560\n|gametype|doubles\n|player|p1|nickfang6|101|1507\n|player|p2|caZISA|red|1549\n|teamsize|p1|6\n|teamsize|p2|6\n|gen|9\n|tier|[Gen 9] VGC 2023 Regulation C\n|rated|\n|rule|Species Clause: Limit one of each Pok\u00e9mon\n|rule|Item Clause: Limit one of each item\n|clearpoke\n|poke|p1|Flutter Mane, L50|\n|poke|p1|Great Tusk, L50|\n|poke|p1|Iron Bundle, L50|\n|poke|p1|Kingambit, L50, M|\n|poke|p1|Abomasnow, L50, M|\n|poke|p1|Chien-Pao, L50|\n|poke|p2|Chien-Pao, L50|\n|poke|p2|Dragonite, L50, M|\n|poke|p2|Lilligant, L50, F|\n|poke|p2|Torkoal, L50, F|\n|poke|p2|Gastrodon, L50, M|\n|poke|p2|Mimikyu, L50, F|\n|teampreview|4\n|inactive|Battle timer is ON: inactive players will automatically lose when time's up. (requested by nickfang6)\n|inactive|nickfang6 has 60 seconds left.\n|\n|t:|1684083592\n|start\n|switch|p1a: Flutter Mane|Flutter Mane, L50|100\/100\n|switch|p1b: Iron Bundle|Iron Bundle, L50|100\/100\n|switch|p2a: imitator|Mimikyu, L50, F|100\/100\n|switch|p2b: Chien-Pao|Chien-Pao, L50|100\/100\n|-ability|p2b: Chien-Pao|Sword of Ruin\n|-enditem|p1a: Flutter Mane|Booster Energy\n|-activate|p1a: Flutter Mane|ability: Protosynthesis|[fromitem]\n|-start|p1a: Flutter Mane|protosynthesisspe\n|turn|1\n|inactive|caZISA has 30 seconds left.\n|inactive|caZISA has 20 seconds left.\n|inactive|caZISA has 15 seconds left.\n|\n|t:|1684083635\n|move|p2b: Chien-Pao|Sucker Punch|p1a: Flutter Mane\n|-damage|p1a: Flutter Mane|32\/100\n|move|p2a: imitator|Shadow Sneak|p1a: Flutter Mane\n|-supereffective|p1a: Flutter Mane\n|-damage|p1a: Flutter Mane|0 fnt\n|faint|p1a: Flutter Mane\n|-end|p1a: Flutter Mane|Protosynthesis|[silent]\n|move|p1b: Iron Bundle|Freeze-Dry|p2a: imitator\n|-activate|p2a: imitator|ability: Disguise\n|-damage|p2a: imitator|100\/100\n|detailschange|p2a: imitator|Mimikyu-Busted, L50, F\n|-damage|p2a: imitator|88\/100|[from] pokemon: Mimikyu-Busted\n|\n|upkeep\n|\n|t:|1684083653\n|switch|p1a: Abomasnow|Abomasnow, L50, M|100\/100\n|-weather|Snow|[from] ability: Snow Warning|[of] p1a: Abomasnow\n|turn|2\n|\n|t:|1684083667\n|switch|p2a: Torkoal|Torkoal, L50, F|100\/100\n|-weather|SunnyDay|[from] ability: Drought|[of] p2a: Torkoal\n|move|p1b: Iron Bundle|Freeze-Dry|p2a: Torkoal\n|-resisted|p2a: Torkoal\n|-damage|p2a: Torkoal|63\/100\n|move|p2b: Chien-Pao|Sacred Sword|p1b: Iron Bundle\n|-supereffective|p1b: Iron Bundle\n|-damage|p1b: Iron Bundle|0 fnt\n|faint|p1b: Iron Bundle\n|-end|p1b: Iron Bundle|Quark Drive|[silent]\n|move|p1a: Abomasnow|Blizzard|p2b: Chien-Pao|[spread] p2a\n|-miss|p1a: Abomasnow|p2b: Chien-Pao\n|-resisted|p2a: Torkoal\n|-damage|p2a: Torkoal|37\/100\n|\n|-weather|SunnyDay|[upkeep]\n|upkeep\n|\n|t:|1684083670\n|switch|p1b: Chien-Pao|Chien-Pao, L50|100\/100\n|-ability|p1b: Chien-Pao|Sword of Ruin\n|turn|3\n|inactive|nickfang6 has 30 seconds left.\n|\n|t:|1684083699\n|-terastallize|p2b: Chien-Pao|Ghost\n|-terastallize|p1a: Abomasnow|Water\n|move|p1b: Chien-Pao|Protect|p1b: Chien-Pao\n|-singleturn|p1b: Chien-Pao|Protect\n|move|p2b: Chien-Pao|Sacred Sword|p1b: Chien-Pao\n|-activate|p1b: Chien-Pao|move: Protect\n|move|p1a: Abomasnow|Leaf Storm|p2b: Chien-Pao\n|-damage|p2b: Chien-Pao|8\/100\n|-unboost|p1a: Abomasnow|spa|2\n|move|p2a: Torkoal|Heat Wave|p1a: Abomasnow|[spread] \n|-activate|p1b: Chien-Pao|move: Protect\n|-miss|p2a: Torkoal|p1a: Abomasnow\n|\n|-weather|SunnyDay|[upkeep]\n|upkeep\n|turn|4\n|inactive|nickfang6 has 30 seconds left.\n|\n|t:|1684083730\n|move|p1b: Chien-Pao|Sucker Punch|p2a: Torkoal\n|-damage|p2a: Torkoal|0 fnt\n|faint|p2a: Torkoal\n|move|p2b: Chien-Pao|Sacred Sword|p1b: Chien-Pao\n|-supereffective|p1b: Chien-Pao\n|-enditem|p1b: Chien-Pao|Focus Sash\n|-damage|p1b: Chien-Pao|1\/100\n|move|p1a: Abomasnow|Leaf Storm|p2b: Chien-Pao\n|-crit|p2b: Chien-Pao\n|-damage|p2b: Chien-Pao|0 fnt\n|-unboost|p1a: Abomasnow|spa|2\n|faint|p2b: Chien-Pao\n|\n|-weather|SunnyDay|[upkeep]\n|upkeep\n|\n|t:|1684083736\n|switch|p2b: Gastrodon|Gastrodon, L50, M|100\/100\n|switch|p2a: imitator|Mimikyu-Busted, L50, F|88\/100\n|turn|5\n|\n|t:|1684083746\n|move|p1b: Chien-Pao|Protect|p1b: Chien-Pao\n|-singleturn|p1b: Chien-Pao|Protect\n|move|p2a: imitator|Shadow Sneak|p1b: Chien-Pao\n|-activate|p1b: Chien-Pao|move: Protect\n|move|p1a: Abomasnow|Leaf Storm|p2b: Gastrodon\n|-supereffective|p2b: Gastrodon\n|-damage|p2b: Gastrodon|32\/100\n|-unboost|p1a: Abomasnow|spa|2\n|move|p2b: Gastrodon|Earth Power|p1a: Abomasnow\n|-damage|p1a: Abomasnow|62\/100\n|\n|-weather|SunnyDay|[upkeep]\n|-heal|p2b: Gastrodon|38\/100|[from] item: Leftovers\n|upkeep\n|turn|6\n|\n|t:|1684083759\n|move|p2b: Gastrodon|Protect|p2b: Gastrodon\n|-singleturn|p2b: Gastrodon|Protect\n|move|p1b: Chien-Pao|Sucker Punch||[still]\n|-fail|p1b: Chien-Pao\n|move|p1a: Abomasnow|Leaf Storm|p2b: Gastrodon\n|-activate|p2b: Gastrodon|move: Protect\n|move|p2a: imitator|Trick Room|p2a: imitator\n|-fieldstart|move: Trick Room|[of] p2a: imitator\n|\n|-weather|none\n|-heal|p2b: Gastrodon|44\/100|[from] item: Leftovers\n|upkeep\n|turn|7\n|\n|t:|1684083777\n|move|p1b: Chien-Pao|Protect|p1b: Chien-Pao\n|-singleturn|p1b: Chien-Pao|Protect\n|move|p2b: Gastrodon|Muddy Water|p1a: Abomasnow|[spread] p1a\n|-activate|p1b: Chien-Pao|move: Protect\n|-resisted|p1a: Abomasnow\n|-damage|p1a: Abomasnow|47\/100\n|-unboost|p1a: Abomasnow|accuracy|1\n|move|p1a: Abomasnow|Leaf Storm|p2b: Gastrodon\n|-supereffective|p2b: Gastrodon\n|-damage|p2b: Gastrodon|0 fnt\n|faint|p2b: Gastrodon\n|move|p2a: imitator|Play Rough|p1a: Abomasnow\n|-damage|p1a: Abomasnow|0 fnt\n|faint|p1a: Abomasnow\n|\n|upkeep\n|turn|8\n|\n|t:|1684083790\n|move|p2a: imitator|Shadow Sneak|p1b: Chien-Pao\n|-resisted|p1b: Chien-Pao\n|-damage|p1b: Chien-Pao|0 fnt\n|faint|p1b: Chien-Pao\n|\n|win|caZISA\n|raw|nickfang6's rating: 1507 → 1489<\/strong> (-18 for losing)\n|raw|caZISA's rating: 1549 → 1567<\/strong> (+18 for winning)\n","uploadtime":1684083793,"views":8,"p1id":"nickfang6","p2id":"cazisa","formatid":"gen9vgc2023regulationc","rating":1489,"private":0,"password":""}