{"id":"gen9vgc2023regulationc-1860005496","p1":"hddx2347","p2":"AnimeRedneck","format":"[Gen 9] VGC 2023 Regulation C","log":"|j|\u2606hddx2347\n|j|\u2606AnimeRedneck\n|t:|1683584243\n|gametype|doubles\n|player|p1|hddx2347|2|\n|player|p2|AnimeRedneck|265|\n|teamsize|p1|6\n|teamsize|p2|6\n|gen|9\n|tier|[Gen 9] VGC 2023 Regulation C\n|rule|Species Clause: Limit one of each Pok\u00e9mon\n|rule|Item Clause: Limit one of each item\n|clearpoke\n|poke|p1|Dragapult, L50, F|\n|poke|p1|Grimmsnarl, L50, M|\n|poke|p1|Slither Wing, L50|\n|poke|p1|Leafeon, L50, M|\n|poke|p1|Magnezone, L50|\n|poke|p1|Muk, L50, M|\n|poke|p2|Blissey, L50, F|\n|poke|p2|Corviknight, L50, F|\n|poke|p2|Dondozo, L50, F|\n|poke|p2|Tatsugiri-Stretchy, L50, F|\n|poke|p2|Chi-Yu, L50|\n|poke|p2|Pawmot, L50, M|\n|teampreview|4\n|\n|t:|1683584311\n|start\n|switch|p1a: Grimmsnarl|Grimmsnarl, L50, M|100\/100\n|switch|p1b: Magnezone|Magnezone, L50|100\/100\n|switch|p2a: Cheerwine|Blissey, L50, F, shiny|100\/100\n|switch|p2b: Pawmot|Pawmot, L50, M|100\/100\n|turn|1\n|\n|t:|1683584351\n|move|p1b: Magnezone|Protect|p1b: Magnezone\n|-singleturn|p1b: Magnezone|Protect\n|move|p2b: Pawmot|Fake Out|p1a: Grimmsnarl\n|-damage|p1a: Grimmsnarl|89\/100\n|move|p1a: Grimmsnarl|Reflect|p1a: Grimmsnarl\n|-sidestart|p1: hddx2347|Reflect\n|move|p2a: Cheerwine|Thunder Wave|p1a: Grimmsnarl\n|-status|p1a: Grimmsnarl|par\n|\n|upkeep\n|turn|2\n|\n|t:|1683584373\n|cant|p1a: Grimmsnarl|par\n|move|p2b: Pawmot|Close Combat|p1b: Magnezone\n|-supereffective|p1b: Magnezone\n|-damage|p1b: Magnezone|23\/100\n|-unboost|p2b: Pawmot|def|1\n|-unboost|p2b: Pawmot|spd|1\n|move|p1b: Magnezone|Flash Cannon|p2b: Pawmot\n|-resisted|p2b: Pawmot\n|-damage|p2b: Pawmot|47\/100\n|move|p2a: Cheerwine|Seismic Toss|p1a: Grimmsnarl\n|-damage|p1a: Grimmsnarl|64\/100 par\n|\n|upkeep\n|turn|3\n|\n|t:|1683584412\n|move|p1b: Magnezone|Protect|p1b: Magnezone\n|-singleturn|p1b: Magnezone|Protect\n|move|p2b: Pawmot|Close Combat|p1a: Grimmsnarl\n|-damage|p1a: Grimmsnarl|28\/100 par\n|-unboost|p2b: Pawmot|def|1\n|-unboost|p2b: Pawmot|spd|1\n|move|p2a: Cheerwine|Seismic Toss|p1b: Magnezone\n|-activate|p1b: Magnezone|move: Protect\n|move|p1a: Grimmsnarl|Spirit Break|p2b: Pawmot\n|-supereffective|p2b: Pawmot\n|-damage|p2b: Pawmot|0 fnt\n|faint|p2b: Pawmot\n|\n|upkeep\n|\n|t:|1683584427\n|switch|p2b: Barq\u2019s|Dondozo, L50, F|100\/100\n|turn|4\n|\n|t:|1683584436\n|-terastallize|p2b: Barq\u2019s|Grass\n|move|p1a: Grimmsnarl|Fake Tears|p2b: Barq\u2019s\n|-unboost|p2b: Barq\u2019s|spd|2\n|move|p1b: Magnezone|Thunderbolt|p2b: Barq\u2019s\n|-resisted|p2b: Barq\u2019s\n|-damage|p2b: Barq\u2019s|53\/100\n|move|p2b: Barq\u2019s|Rock Slide|p1a: Grimmsnarl|[spread] p1a,p1b\n|-resisted|p1b: Magnezone\n|-damage|p1a: Grimmsnarl|20\/100 par\n|-damage|p1b: Magnezone|18\/100\n|move|p2a: Cheerwine|Skill Swap|p2b: Barq\u2019s\n|-activate|p2a: Cheerwine|move: Skill Swap|||[of] p2b: Barq\u2019s\n|\n|upkeep\n|turn|5\n|\n|t:|1683584472\n|switch|p2a: Sprite|Tatsugiri-Stretchy, L50, F|100\/100\n|-activate|p2a: Sprite|ability: Commander|[of] p2b: Barq\u2019s\n|-boost|p2b: Barq\u2019s|atk|2\n|-boost|p2b: Barq\u2019s|spa|2\n|-boost|p2b: Barq\u2019s|spe|2\n|-boost|p2b: Barq\u2019s|def|2\n|-boost|p2b: Barq\u2019s|spd|2\n|move|p1a: Grimmsnarl|Fake Tears|p2b: Barq\u2019s\n|-unboost|p2b: Barq\u2019s|spd|2\n|move|p2b: Barq\u2019s|Rock Slide|p1a: Grimmsnarl|[spread] p1a,p1b\n|-resisted|p1b: Magnezone\n|-damage|p1a: Grimmsnarl|1\/100 par\n|-damage|p1b: Magnezone|9\/100\n|cant|p1b: Magnezone|flinch\n|\n|-sideend|p1: hddx2347|Reflect\n|upkeep\n|turn|6\n|\n|t:|1683584495\n|move|p1b: Magnezone|Protect|p1b: Magnezone\n|-singleturn|p1b: Magnezone|Protect\n|cant|p1a: Grimmsnarl|par\n|move|p2b: Barq\u2019s|Rock Slide|p1b: Magnezone|[spread] p1a\n|-activate|p1b: Magnezone|move: Protect\n|-damage|p1a: Grimmsnarl|0 fnt\n|faint|p1a: Grimmsnarl\n|\n|upkeep\n|\n|t:|1683584505\n|switch|p1a: Mothra|Slither Wing, L50|100\/100\n|turn|7\n|\n|t:|1683584530\n|-terastallize|p1a: Mothra|Water\n|move|p2b: Barq\u2019s|Protect|p2b: Barq\u2019s\n|-singleturn|p2b: Barq\u2019s|Protect\n|move|p1b: Magnezone|Thunderbolt|p2b: Barq\u2019s\n|-activate|p2b: Barq\u2019s|move: Protect\n|move|p1a: Mothra|Leech Life|p2b: Barq\u2019s\n|-activate|p2b: Barq\u2019s|move: Protect\n|\n|upkeep\n|turn|8\n|\n|t:|1683584547\n|move|p1b: Magnezone|Protect|p1b: Magnezone\n|-singleturn|p1b: Magnezone|Protect\n|move|p2b: Barq\u2019s|Rock Slide|p1b: Magnezone|[spread] p1a\n|-activate|p1b: Magnezone|move: Protect\n|-damage|p1a: Mothra|71\/100\n|move|p1a: Mothra|Leech Life|p2b: Barq\u2019s\n|-supereffective|p2b: Barq\u2019s\n|-damage|p2b: Barq\u2019s|24\/100\n|-heal|p1a: Mothra|91\/100|[from] drain|[of] p2b: Barq\u2019s\n|\n|upkeep\n|turn|9\n|\n|t:|1683584565\n|move|p2b: Barq\u2019s|Rock Slide|p1a: Mothra|[spread] p1a,p1b\n|-resisted|p1b: Magnezone\n|-damage|p1a: Mothra|60\/100\n|-damage|p1b: Magnezone|0 fnt\n|faint|p1b: Magnezone\n|move|p1a: Mothra|Flame Charge|p2b: Barq\u2019s\n|-supereffective|p2b: Barq\u2019s\n|-damage|p2b: Barq\u2019s|12\/100\n|-boost|p1a: Mothra|spe|1\n|\n|upkeep\n|\n|t:|1683584575\n|switch|p1b: ArwHead|Dragapult, L50, F|100\/100\n|turn|10\n|\n|t:|1683584589\n|move|p1b: ArwHead|Protect|p1b: ArwHead\n|-singleturn|p1b: ArwHead|Protect\n|move|p2b: Barq\u2019s|Protect|p2b: Barq\u2019s\n|-singleturn|p2b: Barq\u2019s|Protect\n|move|p1a: Mothra|Leech Life|p2b: Barq\u2019s\n|-activate|p2b: Barq\u2019s|move: Protect\n|\n|upkeep\n|turn|11\n|\n|t:|1683584614\n|move|p1b: ArwHead|Flamethrower|p2b: Barq\u2019s\n|-supereffective|p2b: Barq\u2019s\n|-damage|p2b: Barq\u2019s|0 fnt\n|faint|p2b: Barq\u2019s\n|move|p1a: Mothra|Leech Life|p2a: Sprite\n|-damage|p2a: Sprite|6\/100\n|-heal|p1a: Mothra|100\/100|[from] drain|[of] p2a: Sprite\n|\n|upkeep\n|\n|t:|1683584617\n|switch|p2b: Cheerwine|Blissey, L50, F, shiny|100\/100\n|turn|12\n|\n|t:|1683584638\n|move|p1b: ArwHead|Protect|p1b: ArwHead\n|-singleturn|p1b: ArwHead|Protect\n|move|p2a: Sprite|Draco Meteor|p1b: ArwHead\n|-activate|p1b: ArwHead|move: Protect\n|move|p1a: Mothra|Leech Life|p2a: Sprite\n|-crit|p2a: Sprite\n|-damage|p2a: Sprite|0 fnt\n|faint|p2a: Sprite\n|move|p2b: Cheerwine|Thunder Wave|p1a: Mothra\n|-status|p1a: Mothra|par\n|\n|upkeep\n|turn|13\n|\n|t:|1683584676\n|move|p1b: ArwHead|Thunderbolt|p2b: Cheerwine\n|-damage|p2b: Cheerwine|89\/100\n|move|p1a: Mothra|Leech Life|p2b: Cheerwine\n|-damage|p2b: Cheerwine|47\/100\n|move|p2b: Cheerwine|Seismic Toss|p1a: Mothra\n|-damage|p1a: Mothra|70\/100 par\n|\n|upkeep\n|turn|14\n|\n|t:|1683584691\n|move|p1b: ArwHead|Thunderbolt|p2b: Cheerwine\n|-damage|p2b: Cheerwine|36\/100\n|-status|p2b: Cheerwine|par\n|move|p1a: Mothra|Leech Life|p2b: Cheerwine\n|-damage|p2b: Cheerwine|0 fnt\n|-heal|p1a: Mothra|100\/100 par|[from] drain|[of] p2b: Cheerwine\n|faint|p2b: Cheerwine\n|\n|win|hddx2347\n","uploadtime":1683584704,"views":15,"p1id":"hddx2347","p2id":"animeredneck","formatid":"gen9vgc2023regulationc","rating":0,"private":0,"password":""}