{"id":"gen9vgc2023regulationc-1847543955","p1":"kirans","p2":"amairo","format":"[Gen 9] VGC 2023 Regulation C","log":"|j|\u2606kirans\n|j|\u2606amairo\n|t:|1681970592\n|gametype|doubles\n|player|p1|kirans|1|1617\n|player|p2|amairo|170|1704\n|teamsize|p1|6\n|teamsize|p2|6\n|gen|9\n|tier|[Gen 9] VGC 2023 Regulation C\n|rated|\n|rule|Species Clause: Limit one of each Pok\u00e9mon\n|rule|Item Clause: Limit one of each item\n|clearpoke\n|poke|p1|Iron Jugulis, L50|\n|poke|p1|Garchomp, L50, F|\n|poke|p1|Gholdengo, L50|\n|poke|p1|Gyarados, L50, M|\n|poke|p1|Chien-Pao, L50|\n|poke|p1|Azumarill, L50, F|\n|poke|p2|Flutter Mane, L50|\n|poke|p2|Ting-Lu, L50|\n|poke|p2|Amoonguss, L50, M|\n|poke|p2|Arcanine, L50, F|\n|poke|p2|Bronzong, L50|\n|poke|p2|Dragonite, L50, M|\n|teampreview|4\n|inactive|Battle timer is ON: inactive players will automatically lose when time's up. (requested by kirans)\n|\n|t:|1681970626\n|start\n|switch|p1a: Gyarados|Gyarados, L50, M|100\/100\n|switch|p1b: Gholdengo|Gholdengo, L50|100\/100\n|switch|p2a: Flutter Mane|Flutter Mane, L50, shiny|100\/100\n|switch|p2b: Arcanine|Arcanine, L50, F|100\/100\n|-ability|p2b: Arcanine|Intimidate|boost\n|-unboost|p1a: Gyarados|atk|1\n|-unboost|p1b: Gholdengo|atk|1\n|-ability|p1a: Gyarados|Intimidate|boost\n|-unboost|p2a: Flutter Mane|atk|1\n|-unboost|p2b: Arcanine|atk|1\n|-enditem|p2a: Flutter Mane|Booster Energy\n|-activate|p2a: Flutter Mane|ability: Protosynthesis|[fromitem]\n|-start|p2a: Flutter Mane|protosynthesisspa\n|turn|1\n|inactive|amairo has 30 seconds left.\n|\n|t:|1681970655\n|switch|p1b: Azumarill|Azumarill, L50, F|100\/100\n|move|p2a: Flutter Mane|Dazzling Gleam|p1a: Gyarados|[spread] p1a,p1b\n|-damage|p1a: Gyarados|69\/100\n|-damage|p1b: Azumarill|66\/100\n|move|p2b: Arcanine|Wild Charge|p1a: Gyarados\n|-supereffective|p1a: Gyarados\n|-damage|p1a: Gyarados|3\/100\n|-damage|p2b: Arcanine|84\/100|[from] Recoil\n|move|p1a: Gyarados|Thunder Wave|p2a: Flutter Mane\n|-status|p2a: Flutter Mane|par\n|\n|-heal|p1a: Gyarados|9\/100|[from] item: Leftovers\n|upkeep\n|turn|2\n|inactive|amairo has 30 seconds left.\n|inactive|kirans has 30 seconds left.\n|\n|t:|1681970696\n|move|p2b: Arcanine|Wild Charge|p1b: Azumarill\n|-supereffective|p1b: Azumarill\n|-damage|p1b: Azumarill|27\/100\n|-damage|p2b: Arcanine|74\/100|[from] Recoil\n|move|p1a: Gyarados|Thunder Wave|p2b: Arcanine\n|-status|p2b: Arcanine|par\n|cant|p2a: Flutter Mane|par\n|move|p1b: Azumarill|Liquidation|p2a: Flutter Mane\n|-damage|p2a: Flutter Mane|0 fnt\n|faint|p2a: Flutter Mane\n|-end|p2a: Flutter Mane|Protosynthesis|[silent]\n|\n|-heal|p1a: Gyarados|15\/100|[from] item: Leftovers\n|upkeep\n|\n|t:|1681970708\n|switch|p2a: Dragonite|Dragonite, L50, M|100\/100\n|turn|3\n|inactive|amairo has 30 seconds left.\n|\n|t:|1681970743\n|move|p2a: Dragonite|Extreme Speed|p1b: Azumarill\n|-damage|p1b: Azumarill|0 fnt\n|faint|p1b: Azumarill\n|move|p2b: Arcanine|Extreme Speed|p1a: Gyarados\n|-damage|p1a: Gyarados|0 fnt\n|faint|p1a: Gyarados\n|\n|upkeep\n|\n|t:|1681970750\n|switch|p1a: Gholdengo|Gholdengo, L50|100\/100\n|switch|p1b: Chien-Pao|Chien-Pao, L50|100\/100\n|-ability|p1b: Chien-Pao|Sword of Ruin\n|turn|4\n|inactive|kirans has 30 seconds left.\n|\n|t:|1681970788\n|-terastallize|p1a: Gholdengo|Steel\n|move|p2a: Dragonite|Extreme Speed|p1b: Chien-Pao\n|-damage|p1b: Chien-Pao|31\/100\n|move|p1b: Chien-Pao|Sacred Sword|p2b: Arcanine\n|-damage|p2b: Arcanine|32\/100 par\n|move|p1a: Gholdengo|Make It Rain|p2a: Dragonite|[spread] p2a,p2b\n|-resisted|p2b: Arcanine\n|-damage|p2a: Dragonite|46\/100\n|-damage|p2b: Arcanine|0 fnt\n|-unboost|p1a: Gholdengo|spa|1\n|faint|p2b: Arcanine\n|\n|upkeep\n|\n|t:|1681970804\n|switch|p2b: Ting-Lu|Ting-Lu, L50|100\/100\n|-ability|p2b: Ting-Lu|Vessel of Ruin\n|turn|5\n|\n|t:|1681970816\n|-terastallize|p2b: Ting-Lu|Fire\n|move|p1b: Chien-Pao|Protect|p1b: Chien-Pao\n|-singleturn|p1b: Chien-Pao|Protect\n|move|p2a: Dragonite|Extreme Speed|p1b: Chien-Pao\n|-activate|p1b: Chien-Pao|move: Protect\n|move|p1a: Gholdengo|Make It Rain|p2b: Ting-Lu|[spread] p2a,p2b\n|-resisted|p2b: Ting-Lu\n|-damage|p2a: Dragonite|0 fnt\n|-damage|p2b: Ting-Lu|82\/100\n|-unboost|p1a: Gholdengo|spa|1\n|faint|p2a: Dragonite\n|move|p2b: Ting-Lu|Earthquake|p1b: Chien-Pao|[spread] p1a\n|-activate|p1b: Chien-Pao|move: Protect\n|-supereffective|p1a: Gholdengo\n|-damage|p1a: Gholdengo|3\/100\n|\n|upkeep\n|turn|6\n|\n|t:|1681970825\n|move|p1b: Chien-Pao|Sacred Sword|p2b: Ting-Lu\n|-crit|p2b: Ting-Lu\n|-damage|p2b: Ting-Lu|50\/100\n|move|p1a: Gholdengo|Make It Rain|p2b: Ting-Lu\n|-resisted|p2b: Ting-Lu\n|-damage|p2b: Ting-Lu|31\/100\n|-unboost|p1a: Gholdengo|spa|1\n|move|p2b: Ting-Lu|Earthquake|p1b: Chien-Pao|[spread] p1a,p1b\n|-supereffective|p1a: Gholdengo\n|-damage|p1a: Gholdengo|0 fnt\n|-damage|p1b: Chien-Pao|0 fnt\n|faint|p1a: Gholdengo\n|faint|p1b: Chien-Pao\n|\n|win|amairo\n|raw|kirans's rating: 1617 → 1602<\/strong> (-15 for losing)\n|raw|amairo's rating: 1704 → 1719<\/strong> (+15 for winning)\n|l|\u2606kirans\n","uploadtime":1681970862,"views":6,"p1id":"kirans","p2id":"amairo","formatid":"gen9vgc2023regulationc","rating":1602,"private":0,"password":""}