{"id":"gen9vgc2023regulationc-1861516988","p1":"sotero23","p2":"TR9K","format":"[Gen 9] VGC 2023 Regulation C","log":"|j|\u2606sotero23\n|j|\u2606TR9K\n|t:|1683767653\n|gametype|doubles\n|player|p1|sotero23|veteran|1438\n|player|p2|TR9K|richboy-gen4|1427\n|teamsize|p1|6\n|teamsize|p2|6\n|gen|9\n|tier|[Gen 9] VGC 2023 Regulation C\n|rated|\n|rule|Species Clause: Limit one of each Pok\u00e9mon\n|rule|Item Clause: Limit one of each item\n|clearpoke\n|poke|p1|Gyarados, L50, M|\n|poke|p1|Murkrow, L50, F|\n|poke|p1|Great Tusk, L50|\n|poke|p1|Flutter Mane, L50|\n|poke|p1|Chi-Yu, L50|\n|poke|p1|Gholdengo, L50|\n|poke|p2|Palafin, L50, F|\n|poke|p2|Maushold, L50|\n|poke|p2|Iron Bundle, L50|\n|poke|p2|Garganacl, L50, M|\n|poke|p2|Annihilape, L50, M|\n|poke|p2|Flutter Mane, L50|\n|teampreview|4\n|j| 012j\n|\n|t:|1683767695\n|start\n|switch|p1a: Murkrow|Murkrow, L50, F|100\/100\n|switch|p1b: Flutter Mane|Flutter Mane, L50|100\/100\n|switch|p2a: Flutter Mane|Flutter Mane, L50|100\/100\n|switch|p2b: Iron Bundle|Iron Bundle, L50, shiny|100\/100\n|-enditem|p2b: Iron Bundle|Booster Energy\n|-activate|p2b: Iron Bundle|ability: Quark Drive|[fromitem]\n|-start|p2b: Iron Bundle|quarkdrivespe\n|turn|1\n|\n|t:|1683767714\n|-terastallize|p1b: Flutter Mane|Fairy\n|move|p1a: Murkrow|Tailwind|p1a: Murkrow\n|-sidestart|p1: sotero23|move: Tailwind\n|move|p1b: Flutter Mane|Dazzling Gleam|p2a: Flutter Mane|[spread] p2a,p2b\n|-damage|p2a: Flutter Mane|33\/100\n|-damage|p2b: Iron Bundle|0 fnt\n|faint|p2b: Iron Bundle\n|-end|p2b: Iron Bundle|Quark Drive|[silent]\n|move|p2a: Flutter Mane|Shadow Ball|p1b: Flutter Mane\n|-damage|p1b: Flutter Mane|54\/100\n|-unboost|p1b: Flutter Mane|spd|1\n|\n|upkeep\n|\n|t:|1683767723\n|switch|p2b: Garganacl|Garganacl, L50, M|100\/100\n|turn|2\n|\n|t:|1683767737\n|move|p2b: Garganacl|Wide Guard|p2b: Garganacl\n|-singleturn|p2b: Garganacl|Wide Guard\n|move|p1a: Murkrow|Sunny Day|p1a: Murkrow\n|-weather|SunnyDay\n|-activate|p1b: Flutter Mane|ability: Protosynthesis\n|-start|p1b: Flutter Mane|protosynthesisspa\n|-activate|p2a: Flutter Mane|ability: Protosynthesis\n|-start|p2a: Flutter Mane|protosynthesisspe\n|move|p1b: Flutter Mane|Dazzling Gleam|p2b: Garganacl|[spread] \n|-activate|p2a: Flutter Mane|move: Wide Guard\n|-activate|p2b: Garganacl|move: Wide Guard\n|move|p2a: Flutter Mane|Dazzling Gleam|p1b: Flutter Mane|[spread] p1a,p1b\n|-supereffective|p1a: Murkrow\n|-damage|p1a: Murkrow|43\/100\n|-damage|p1b: Flutter Mane|4\/100\n|\n|-weather|SunnyDay|[upkeep]\n|upkeep\n|turn|3\n|\n|t:|1683767760\n|-end|p1b: Flutter Mane|Protosynthesis|[silent]\n|switch|p1b: Gyarados|Gyarados, L50, M|100\/100\n|-ability|p1b: Gyarados|Intimidate|boost\n|-unboost|p2a: Flutter Mane|atk|1\n|-unboost|p2b: Garganacl|atk|1\n|move|p2a: Flutter Mane|Protect|p2a: Flutter Mane\n|-singleturn|p2a: Flutter Mane|Protect\n|move|p2b: Garganacl|Wide Guard|p2b: Garganacl\n|-singleturn|p2b: Garganacl|Wide Guard\n|move|p1a: Murkrow|Foul Play|p2a: Flutter Mane\n|-activate|p2a: Flutter Mane|move: Protect\n|\n|-weather|SunnyDay|[upkeep]\n|upkeep\n|turn|4\n|\n|t:|1683767783\n|-end|p2a: Flutter Mane|Protosynthesis|[silent]\n|switch|p2a: Annihilape|Annihilape, L50, M|100\/100\n|move|p1b: Gyarados|Taunt|p2b: Garganacl\n|-start|p2b: Garganacl|move: Taunt\n|move|p1a: Murkrow|Foul Play|p2a: Annihilape\n|-damage|p2a: Annihilape|67\/100\n|move|p2b: Garganacl|Salt Cure|p1b: Gyarados\n|-supereffective|p1b: Gyarados\n|-damage|p1b: Gyarados|81\/100\n|-start|p1b: Gyarados|Salt Cure\n|\n|-weather|SunnyDay|[upkeep]\n|-damage|p1b: Gyarados|56\/100|[from] Salt Cure\n|-sideend|p1: sotero23|move: Tailwind\n|upkeep\n|turn|5\n|\n|t:|1683767807\n|move|p1a: Murkrow|Tailwind|p1a: Murkrow\n|-sidestart|p1: sotero23|move: Tailwind\n|move|p1b: Gyarados|Thunder Wave|p2a: Annihilape\n|-status|p2a: Annihilape|par\n|move|p2a: Annihilape|Rage Fist|p1b: Gyarados\n|-damage|p1b: Gyarados|15\/100\n|-enditem|p1b: Gyarados|Sitrus Berry|[eat]\n|-heal|p1b: Gyarados|40\/100|[from] item: Sitrus Berry\n|move|p2b: Garganacl|Salt Cure|p1a: Murkrow\n|-supereffective|p1a: Murkrow\n|-damage|p1a: Murkrow|20\/100\n|-start|p1a: Murkrow|Salt Cure\n|\n|-weather|SunnyDay|[upkeep]\n|-damage|p1b: Gyarados|15\/100|[from] Salt Cure\n|-damage|p1a: Murkrow|8\/100|[from] Salt Cure\n|upkeep\n|turn|6\n|\n|t:|1683767828\n|switch|p1a: Great Tusk|Great Tusk, L50|100\/100\n|-activate|p1a: Great Tusk|ability: Protosynthesis\n|-start|p1a: Great Tusk|protosynthesisatk\n|cant|p2a: Annihilape|par\n|move|p1b: Gyarados|Waterfall|p2a: Annihilape\n|-damage|p2a: Annihilape|53\/100 par\n|move|p2b: Garganacl|Salt Cure|p1a: Great Tusk\n|-resisted|p1a: Great Tusk\n|-damage|p1a: Great Tusk|99\/100\n|-start|p1a: Great Tusk|Salt Cure\n|\n|-weather|none\n|-end|p1a: Great Tusk|Protosynthesis\n|-damage|p1a: Great Tusk|87\/100|[from] Salt Cure\n|-damage|p1b: Gyarados|0 fnt|[from] Salt Cure\n|faint|p1b: Gyarados\n|-end|p2b: Garganacl|move: Taunt\n|upkeep\n|\n|t:|1683767842\n|switch|p1b: Flutter Mane|Flutter Mane, L50, tera:Fairy|4\/100\n|turn|7\n|\n|t:|1683767849\n|-terastallize|p2b: Garganacl|Ghost\n|cant|p2a: Annihilape|par\n|move|p1a: Great Tusk|Headlong Rush|p2b: Garganacl\n|-damage|p2b: Garganacl|56\/100\n|-unboost|p1a: Great Tusk|def|1\n|-unboost|p1a: Great Tusk|spd|1\n|move|p1b: Flutter Mane|Moonblast|p2a: Annihilape\n|-supereffective|p2a: Annihilape\n|-damage|p2a: Annihilape|0 fnt\n|faint|p2a: Annihilape\n|move|p2b: Garganacl|Salt Cure|p1b: Flutter Mane\n|-damage|p1b: Flutter Mane|0 fnt\n|faint|p1b: Flutter Mane\n|-end|p1b: Flutter Mane|Protosynthesis|[silent]\n|\n|-heal|p2b: Garganacl|61\/100|[from] item: Leftovers\n|-damage|p1a: Great Tusk|75\/100|[from] Salt Cure\n|upkeep\n|\n|t:|1683767867\n|switch|p1b: Murkrow|Murkrow, L50, F|8\/100\n|switch|p2a: Flutter Mane|Flutter Mane, L50|33\/100\n|turn|8\n|\n|t:|1683767878\n|move|p2a: Flutter Mane|Protect|p2a: Flutter Mane\n|-singleturn|p2a: Flutter Mane|Protect\n|move|p1b: Murkrow|Tailwind||[still]\n|-fail|p1b: Murkrow\n|move|p1a: Great Tusk|Headlong Rush|p2a: Flutter Mane\n|-activate|p2a: Flutter Mane|move: Protect\n|move|p2b: Garganacl|Salt Cure|p1b: Murkrow\n|-supereffective|p1b: Murkrow\n|-damage|p1b: Murkrow|0 fnt\n|faint|p1b: Murkrow\n|\n|-heal|p2b: Garganacl|67\/100|[from] item: Leftovers\n|-damage|p1a: Great Tusk|63\/100|[from] Salt Cure\n|-sideend|p1: sotero23|move: Tailwind\n|upkeep\n|turn|9\n|\n|t:|1683767892\n|move|p1a: Great Tusk|Headlong Rush|p2a: Flutter Mane\n|-damage|p2a: Flutter Mane|0 fnt\n|-unboost|p1a: Great Tusk|def|1\n|-unboost|p1a: Great Tusk|spd|1\n|faint|p2a: Flutter Mane\n|-end|p2a: Flutter Mane|Protosynthesis|[silent]\n|move|p2b: Garganacl|Recover|p2b: Garganacl\n|-heal|p2b: Garganacl|100\/100\n|\n|-damage|p1a: Great Tusk|51\/100|[from] Salt Cure\n|upkeep\n|turn|10\n|\n|t:|1683767904\n|move|p2b: Garganacl|Protect|p2b: Garganacl\n|-singleturn|p2b: Garganacl|Protect\n|move|p1a: Great Tusk|Headlong Rush|p2b: Garganacl\n|-activate|p2b: Garganacl|move: Protect\n|\n|-damage|p1a: Great Tusk|39\/100|[from] Salt Cure\n|upkeep\n|turn|11\n|\n|t:|1683767914\n|move|p1a: Great Tusk|Headlong Rush|p2b: Garganacl\n|-damage|p2b: Garganacl|59\/100\n|-unboost|p1a: Great Tusk|def|1\n|-unboost|p1a: Great Tusk|spd|1\n|move|p2b: Garganacl|Recover|p2b: Garganacl\n|-heal|p2b: Garganacl|100\/100\n|\n|-damage|p1a: Great Tusk|27\/100|[from] Salt Cure\n|upkeep\n|turn|12\n|\n|t:|1683767923\n|move|p2b: Garganacl|Protect|p2b: Garganacl\n|-singleturn|p2b: Garganacl|Protect\n|move|p1a: Great Tusk|Headlong Rush|p2b: Garganacl\n|-activate|p2b: Garganacl|move: Protect\n|\n|-damage|p1a: Great Tusk|15\/100|[from] Salt Cure\n|upkeep\n|turn|13\n|l| 012j\n|\n|t:|1683767932\n|move|p1a: Great Tusk|Headlong Rush|p2b: Garganacl\n|-damage|p2b: Garganacl|57\/100\n|-unboost|p1a: Great Tusk|def|1\n|-unboost|p1a: Great Tusk|spd|1\n|move|p2b: Garganacl|Salt Cure|p1a: Great Tusk\n|-resisted|p1a: Great Tusk\n|-damage|p1a: Great Tusk|9\/100\n|\n|-heal|p2b: Garganacl|63\/100|[from] item: Leftovers\n|-damage|p1a: Great Tusk|0 fnt|[from] Salt Cure\n|faint|p1a: Great Tusk\n|-end|p1a: Great Tusk|Protosynthesis|[silent]\n|\n|win|TR9K\n|upkeep\n|raw|sotero23's rating: 1438 → 1417<\/strong> (-21 for losing)\n|raw|TR9K's rating: 1427 → 1448<\/strong> (+21 for winning)\n|l|\u2606sotero23\n","uploadtime":1683767950,"views":12,"p1id":"sotero23","p2id":"tr9k","formatid":"gen9vgc2023regulationc","rating":1417,"private":0,"password":""}