{"id":"gen9vgc2023regulationc-1845147585","p1":"fake_pinkmilk","p2":"blakiexx","format":"[Gen 9] VGC 2023 Regulation C","log":"|j|\u2606fake_pinkmilk\n|j|\u2606blakiexx\n|t:|1681689215\n|gametype|doubles\n|player|p1|fake_pinkmilk|preschooler|1000\n|player|p2|blakiexx|wallace|1085\n|teamsize|p1|6\n|teamsize|p2|6\n|gen|9\n|tier|[Gen 9] VGC 2023 Regulation C\n|rated|\n|rule|Species Clause: Limit one of each Pok\u00e9mon\n|rule|Item Clause: Limit one of each item\n|clearpoke\n|poke|p1|Krookodile, L50, F|\n|poke|p1|Dragonite, L50, F|\n|poke|p1|Orthworm, L50, M|\n|poke|p1|Scizor, L50, M|\n|poke|p1|Flutter Mane, L50|\n|poke|p1|Brute Bonnet, L50|\n|poke|p2|Altaria, L50, M|\n|poke|p2|Farigiraf, L50, M|\n|poke|p2|Arcanine, L50, M|\n|poke|p2|Breloom, L50, M|\n|poke|p2|Jolteon, L50, F|\n|poke|p2|Quaquaval, L50, F|\n|teampreview|4\n|inactive|Battle timer is ON: inactive players will automatically lose when time's up. (requested by blakiexx)\nfake_pinkmilk has agreed to open team sheets.\n|\n|t:|1681689242\n|start\n|switch|p1a: Flutter Mane|Flutter Mane, L50|100\/100\n|switch|p1b: Scizor|Scizor, L50, M|100\/100\n|switch|p2a: Quaquaval|Quaquaval, L50, F|100\/100\n|switch|p2b: Arcanine|Arcanine, L50, M|100\/100\n|-ability|p2b: Arcanine|Intimidate|boost\n|-unboost|p1a: Flutter Mane|atk|1\n|-unboost|p1b: Scizor|atk|1\n|turn|1\n|inactive|blakiexx has 30 seconds left.\n|\n|t:|1681689269\n|-terastallize|p2a: Quaquaval|Water\n|move|p1b: Scizor|Protect|p1b: Scizor\n|-singleturn|p1b: Scizor|Protect\n|move|p2a: Quaquaval|Aqua Jet|p1a: Flutter Mane\n|-damage|p1a: Flutter Mane|25\/100\n|-damage|p2a: Quaquaval|91\/100|[from] item: Life Orb\n|move|p1a: Flutter Mane|Moonblast|p2a: Quaquaval\n|-damage|p2a: Quaquaval|0 fnt\n|faint|p2a: Quaquaval\n|move|p2b: Arcanine|Snarl|p1a: Flutter Mane|[spread] p1a\n|-activate|p1b: Scizor|move: Protect\n|-damage|p1a: Flutter Mane|17\/100\n|-unboost|p1a: Flutter Mane|spa|1\n|\n|upkeep\n|\n|t:|1681689284\n|switch|p2a: Jolteon|Jolteon, L50, F|100\/100\n|turn|2\n|\n|t:|1681689299\n|switch|p1b: Krookodile|Krookodile, L50, F|100\/100\n|-ability|p1b: Krookodile|Intimidate|boost\n|-unboost|p2a: Jolteon|atk|1\n|-unboost|p2b: Arcanine|atk|1\n|move|p1a: Flutter Mane|Moonblast|p2a: Jolteon\n|-damage|p2a: Jolteon|28\/100\n|move|p2a: Jolteon|Volt Switch|p1a: Flutter Mane\n|-damage|p1a: Flutter Mane|0 fnt\n|faint|p1a: Flutter Mane\n|-end|p1a: Flutter Mane|Protosynthesis|[silent]\n|\n|t:|1681689309\n|switch|p2a: Farigiraf|Farigiraf, L50, M|100\/100|[from] Volt Switch\n|move|p2b: Arcanine|Flare Blitz|p1b: Krookodile\n|-damage|p1b: Krookodile|63\/100\n|-damage|p2b: Arcanine|88\/100|[from] Recoil\n|\n|-heal|p1b: Krookodile|69\/100|[from] item: Leftovers\n|upkeep\n|\n|t:|1681689316\n|switch|p1a: Dragonite|Dragonite, L50, F|100\/100\n|turn|3\n|\n|t:|1681689325\n|move|p1b: Krookodile|Earthquake|p2b: Arcanine|[spread] p2a,p2b\n|-immune|p1a: Dragonite\n|-supereffective|p2b: Arcanine\n|-damage|p2a: Farigiraf|71\/100\n|-damage|p2b: Arcanine|29\/100\n|move|p2b: Arcanine|Will-O-Wisp|p1b: Krookodile\n|-status|p1b: Krookodile|brn\n|move|p1a: Dragonite|Dragon Dance|p1a: Dragonite\n|-boost|p1a: Dragonite|atk|1\n|-boost|p1a: Dragonite|spe|1\n|move|p2a: Farigiraf|Dazzling Gleam|p1b: Krookodile|[spread] p1a,p1b\n|-supereffective|p1a: Dragonite\n|-supereffective|p1b: Krookodile\n|-damage|p1a: Dragonite|66\/100\n|-damage|p1b: Krookodile|22\/100 brn\n|\n|-heal|p1b: Krookodile|28\/100 brn|[from] item: Leftovers\n|-damage|p1b: Krookodile|22\/100 brn|[from] brn\n|upkeep\n|turn|4\n|inactive|fake_pinkmilk has 30 seconds left.\n|\n|t:|1681689355\n|move|p1a: Dragonite|Extreme Speed||[still]\n|cant|p2a: Farigiraf|ability: Armor Tail|Extreme Speed|[of] p1a: Dragonite\n|move|p1b: Krookodile|Crunch|p2a: Farigiraf\n|-supereffective|p2a: Farigiraf\n|-damage|p2a: Farigiraf|41\/100\n|move|p2b: Arcanine|Will-O-Wisp|p1a: Dragonite\n|-status|p1a: Dragonite|brn\n|move|p2a: Farigiraf|Dazzling Gleam|p1b: Krookodile|[spread] p1a,p1b\n|-supereffective|p1a: Dragonite\n|-supereffective|p1b: Krookodile\n|-damage|p1a: Dragonite|27\/100 brn\n|-damage|p1b: Krookodile|0 fnt\n|faint|p1b: Krookodile\n|\n|-damage|p1a: Dragonite|21\/100 brn|[from] brn\n|upkeep\n|\n|t:|1681689361\n|switch|p1b: Scizor|Scizor, L50, M|100\/100\n|turn|5\n|\n|t:|1681689377\n|move|p2b: Arcanine|Extreme Speed|p1a: Dragonite\n|-damage|p1a: Dragonite|6\/100 brn\n|move|p1a: Dragonite|Earthquake|p2a: Farigiraf|[spread] p1b,p2a,p2b\n|-supereffective|p2b: Arcanine\n|-damage|p1b: Scizor|82\/100\n|-damage|p2a: Farigiraf|18\/100\n|-damage|p2b: Arcanine|0 fnt\n|faint|p2b: Arcanine\n|move|p1b: Scizor|U-turn|p2a: Farigiraf\n|-supereffective|p2a: Farigiraf\n|-damage|p2a: Farigiraf|0 fnt\n|faint|p2a: Farigiraf\n|\n|-damage|p1a: Dragonite|0 fnt|[from] brn\n|faint|p1a: Dragonite\n|upkeep\n|\n|t:|1681689391\n|switch|p2b: Jolteon|Jolteon, L50, F|28\/100\n|turn|6\n|\n|t:|1681689399\n|move|p1b: Scizor|Bullet Punch|p2b: Jolteon\n|-resisted|p2b: Jolteon\n|-damage|p2b: Jolteon|0 fnt\n|faint|p2b: Jolteon\n|\n|win|fake_pinkmilk\n|raw|fake_pinkmilk's rating: 1000 → 1050<\/strong> (+50 for winning)\n|raw|blakiexx's rating: 1085 → 1057<\/strong> (-28 for losing)\n","uploadtime":1681689406,"views":8,"p1id":"fakepinkmilk","p2id":"blakiexx","formatid":"gen9vgc2023regulationc","rating":1050,"private":0,"password":""}