{"id":"gen9vgc2023regulationc-1861417621","p1":"Hywen","p2":"Ashenfield","format":"[Gen 9] VGC 2023 Regulation C","log":"|j|\u2606Hywen\n|j|\u2606Ashenfield\n|t:|1683755483\n|gametype|doubles\n|player|p1|Hywen|1|1338\n|player|p2|Ashenfield|benga|1279\n|teamsize|p1|6\n|teamsize|p2|6\n|gen|9\n|tier|[Gen 9] VGC 2023 Regulation C\n|rated|\n|rule|Species Clause: Limit one of each Pok\u00e9mon\n|rule|Item Clause: Limit one of each item\n|clearpoke\n|poke|p1|Chi-Yu, L50|\n|poke|p1|Grimmsnarl, L50, M|\n|poke|p1|Gholdengo, L50|\n|poke|p1|Palafin, L50, M|\n|poke|p1|Murkrow, L50, F|\n|poke|p1|Wo-Chien, L50|\n|poke|p2|Dragonite, L50, M|\n|poke|p2|Chien-Pao, L50|\n|poke|p2|Flutter Mane, L50|\n|poke|p2|Chi-Yu, L50|\n|poke|p2|Dondozo, L50, M|\n|poke|p2|Tatsugiri, L50, F|\n|teampreview|4\n|inactive|Battle timer is ON: inactive players will automatically lose when time's up. (requested by Ashenfield)\n|inactive|Hywen has 60 seconds left.\n|\n|t:|1683755516\n|start\n|switch|p1a: Gholdengo|Gholdengo, L50|100\/100\n|switch|p1b: Grimmsnarl|Grimmsnarl, L50, M|100\/100\n|switch|p2a: Chi-Yu|Chi-Yu, L50|100\/100\n|switch|p2b: Flutter Mane|Flutter Mane, L50, shiny|100\/100\n|-ability|p2a: Chi-Yu|Beads of Ruin\n|-enditem|p2b: Flutter Mane|Booster Energy\n|-activate|p2b: Flutter Mane|ability: Protosynthesis|[fromitem]\n|-start|p2b: Flutter Mane|protosynthesisspe\n|turn|1\n|inactive|Ashenfield has 30 seconds left.\n|\n|t:|1683755549\n|-terastallize|p2b: Flutter Mane|Steel\n|-terastallize|p1a: Gholdengo|Water\n|move|p1b: Grimmsnarl|Light Screen|p1b: Grimmsnarl\n|-sidestart|p1: Hywen|move: Light Screen\n|move|p2b: Flutter Mane|Dazzling Gleam|p1b: Grimmsnarl|[spread] p1a,p1b\n|-crit|p1a: Gholdengo\n|-supereffective|p1b: Grimmsnarl\n|-damage|p1a: Gholdengo|37\/100\n|-damage|p1b: Grimmsnarl|41\/100\n|-enditem|p1a: Gholdengo|Sitrus Berry|[eat]\n|-heal|p1a: Gholdengo|61\/100|[from] item: Sitrus Berry\n|move|p2a: Chi-Yu|Heat Wave|p1b: Grimmsnarl|[spread] p1a,p1b\n|-resisted|p1a: Gholdengo\n|-damage|p1a: Gholdengo|41\/100\n|-damage|p1b: Grimmsnarl|0 fnt\n|faint|p1b: Grimmsnarl\n|-damage|p2a: Chi-Yu|90\/100|[from] item: Life Orb\n|move|p1a: Gholdengo|Make It Rain|p2a: Chi-Yu|[spread] p2a,p2b\n|-resisted|p2a: Chi-Yu\n|-resisted|p2b: Flutter Mane\n|-damage|p2a: Chi-Yu|61\/100\n|-damage|p2b: Flutter Mane|68\/100\n|-unboost|p1a: Gholdengo|spa|1\n|\n|upkeep\n|\n|t:|1683755559\n|switch|p1b: Palafin|Palafin, L50, M|100\/100\n|turn|2\n|\n|t:|1683755572\n|detailschange|p1b: Palafin|Palafin-Hero, L50, M\n|switch|p1b: Wo-Chien|Wo-Chien, L50|100\/100\n|-ability|p1b: Wo-Chien|Tablets of Ruin\n|move|p2a: Chi-Yu|Protect|p2a: Chi-Yu\n|-singleturn|p2a: Chi-Yu|Protect\n|move|p2b: Flutter Mane|Thunderbolt|p1a: Gholdengo\n|-supereffective|p1a: Gholdengo\n|-damage|p1a: Gholdengo|0 fnt\n|faint|p1a: Gholdengo\n|\n|upkeep\n|\n|t:|1683755578\n|switch|p1a: Palafin|Palafin-Hero, L50, M|100\/100\n|-activate|p1a: Palafin|ability: Zero to Hero\n|turn|3\n|\n|t:|1683755595\n|move|p1a: Palafin|Jet Punch|p2a: Chi-Yu\n|-supereffective|p2a: Chi-Yu\n|-damage|p2a: Chi-Yu|0 fnt\n|faint|p2a: Chi-Yu\n|move|p2b: Flutter Mane|Thunderbolt|p1a: Palafin\n|-supereffective|p1a: Palafin\n|-damage|p1a: Palafin|48\/100\n|move|p1b: Wo-Chien|Leech Seed|p2b: Flutter Mane|[miss]\n|-miss|p1b: Wo-Chien|p2b: Flutter Mane\n|\n|upkeep\n|\n|t:|1683755606\n|switch|p2a: Chien-Pao|Chien-Pao, L50|100\/100\n|-ability|p2a: Chien-Pao|Sword of Ruin\n|turn|4\n|\n|t:|1683755611\n|move|p2a: Chien-Pao|Protect|p2a: Chien-Pao\n|-singleturn|p2a: Chien-Pao|Protect\n|move|p1a: Palafin|Protect|p1a: Palafin\n|-singleturn|p1a: Palafin|Protect\n|move|p2b: Flutter Mane|Thunderbolt|p1a: Palafin\n|-activate|p1a: Palafin|move: Protect\n|move|p1b: Wo-Chien|Pollen Puff|p2a: Chien-Pao\n|-activate|p2a: Chien-Pao|move: Protect\n|\n|upkeep\n|turn|5\n|\n|t:|1683755624\n|switch|p2a: Dragonite|Dragonite, L50, M, shiny|100\/100\n|move|p1a: Palafin|Jet Punch|p2b: Flutter Mane\n|-damage|p2b: Flutter Mane|3\/100\n|move|p2b: Flutter Mane|Thunderbolt|p1a: Palafin\n|-supereffective|p1a: Palafin\n|-damage|p1a: Palafin|0 fnt\n|faint|p1a: Palafin\n|move|p1b: Wo-Chien|Pollen Puff|p2a: Dragonite\n|-resisted|p2a: Dragonite\n|-damage|p2a: Dragonite|96\/100\n|\n|-sideend|p1: Hywen|move: Light Screen\n|upkeep\n|turn|6\n|-message|Hywen forfeited.\n|\n|win|Ashenfield\n|raw|Hywen's rating: 1317 → 1295<\/strong> (-22 for losing)\n|raw|Ashenfield's rating: 1279 → 1307<\/strong> (+28 for winning)\n|l|\u2606Hywen\n","uploadtime":1683755644,"views":3,"p1id":"hywen","p2id":"ashenfield","formatid":"gen9vgc2023regulationc","rating":1295,"private":0,"password":""}