{"id":"gen9vgc2023regulationc-1861416702","p1":"garfieldslaya","p2":"Cecil9","format":"[Gen 9] VGC 2023 Regulation C","log":"|j|\u2606garfieldslaya\n|j|\u2606Cecil9\n|t:|1683755379\n|gametype|doubles\n|player|p1|garfieldslaya|jasmine|1100\n|player|p2|Cecil9|1|1156\n|teamsize|p1|6\n|teamsize|p2|6\n|gen|9\n|tier|[Gen 9] VGC 2023 Regulation C\n|rated|\n|rule|Species Clause: Limit one of each Pok\u00e9mon\n|rule|Item Clause: Limit one of each item\n|clearpoke\n|poke|p1|Amoonguss, L50, F|\n|poke|p1|Flutter Mane, L50|\n|poke|p1|Arcanine, L50, M|\n|poke|p1|Baxcalibur, L50, F|\n|poke|p1|Ting-Lu, L50|\n|poke|p1|Rotom-Wash, L50|\n|poke|p2|Flutter Mane, L50|\n|poke|p2|Chien-Pao, L50|\n|poke|p2|Great Tusk, L50|\n|poke|p2|Kingambit, L50, M|\n|poke|p2|Torkoal, L50, F|\n|poke|p2|Jumpluff, L50, F|\n|teampreview|4\ngarfieldslaya has agreed to open team sheets.\n|inactive|Battle timer is ON: inactive players will automatically lose when time's up. (requested by Cecil9)\n|inactive|garfieldslaya has 60 seconds left.\n|\n|t:|1683755433\n|start\n|switch|p1a: Baxcalibur|Baxcalibur, L50, F|100\/100\n|switch|p1b: Ting-Lu|Ting-Lu, L50|100\/100\n|switch|p2a: Flutter Mane|Flutter Mane, L50|100\/100\n|switch|p2b: Kingambit|Kingambit, L50, M|100\/100\n|-ability|p1b: Ting-Lu|Vessel of Ruin\n|turn|1\n|inactive|Cecil9 has 30 seconds left.\n|\n|t:|1683755459\n|switch|p1a: Rotom|Rotom-Wash, L50|100\/100\n|switch|p2b: Jumpluff|Jumpluff, L50, F|100\/100\n|-terastallize|p1b: Ting-Lu|Ground\n|move|p2a: Flutter Mane|Moonblast|p1a: Rotom\n|-damage|p1a: Rotom|37\/100\n|move|p1b: Ting-Lu|Earthquake|p2b: Jumpluff|[spread] p2a\n|-immune|p1a: Rotom|[from] ability: Levitate\n|-immune|p2b: Jumpluff\n|-damage|p2a: Flutter Mane|0 fnt\n|faint|p2a: Flutter Mane\n|-end|p2a: Flutter Mane|Protosynthesis|[silent]\n|\n|-heal|p1a: Rotom|43\/100|[from] item: Leftovers\n|upkeep\n|\n|t:|1683755469\n|switch|p2a: Torkoal|Torkoal, L50, F|100\/100\n|-weather|SunnyDay|[from] ability: Drought|[of] p2a: Torkoal\n|turn|2\n|inactive|garfieldslaya has 30 seconds left.\n|inactive|garfieldslaya has 20 seconds left.\n|inactive|garfieldslaya has 15 seconds left.\n|\n|t:|1683755512\n|move|p1a: Rotom|Protect|p1a: Rotom\n|-singleturn|p1a: Rotom|Protect\n|move|p2b: Jumpluff|Sleep Powder|p1a: Rotom\n|-activate|p1a: Rotom|move: Protect\n|move|p1b: Ting-Lu|Earthquake|p2b: Jumpluff|[spread] p2a\n|-activate|p1a: Rotom|move: Protect\n|-immune|p2b: Jumpluff\n|-supereffective|p2a: Torkoal\n|-damage|p2a: Torkoal|28\/100\n|move|p2a: Torkoal|Yawn|p1b: Ting-Lu\n|-start|p1b: Ting-Lu|move: Yawn|[of] p2a: Torkoal\n|\n|-weather|SunnyDay|[upkeep]\n|-heal|p1a: Rotom|49\/100|[from] item: Leftovers\n|upkeep\n|turn|3\n|inactive|garfieldslaya has 30 seconds left.\n|inactive|garfieldslaya has 20 seconds left.\n|\n|t:|1683755550\n|move|p2b: Jumpluff|Sleep Powder|p1a: Rotom\n|-status|p1a: Rotom|slp|[from] move: Sleep Powder\n|cant|p1a: Rotom|slp\n|move|p1b: Ting-Lu|Earthquake|p2a: Torkoal|[spread] p2a\n|-immune|p1a: Rotom|[from] ability: Levitate\n|-immune|p2b: Jumpluff\n|-supereffective|p2a: Torkoal\n|-damage|p2a: Torkoal|0 fnt\n|faint|p2a: Torkoal\n|\n|-weather|SunnyDay|[upkeep]\n|-heal|p1a: Rotom|55\/100 slp|[from] item: Leftovers\n|-end|p1b: Ting-Lu|move: Yawn|[silent]\n|-status|p1b: Ting-Lu|slp\n|upkeep\n|\n|t:|1683755558\n|switch|p2a: Kingambit|Kingambit, L50, M|100\/100\n|turn|4\n|inactive|garfieldslaya has 30 seconds left.\n|\n|t:|1683755589\n|move|p2b: Jumpluff|Tailwind|p2b: Jumpluff\n|-sidestart|p2: Cecil9|move: Tailwind\n|move|p2a: Kingambit|Kowtow Cleave|p1a: Rotom\n|-damage|p1a: Rotom|8\/100 slp\n|cant|p1a: Rotom|slp\n|cant|p1b: Ting-Lu|slp\n|\n|-weather|SunnyDay|[upkeep]\n|-heal|p1a: Rotom|14\/100 slp|[from] item: Leftovers\n|upkeep\n|turn|5\n|\n|t:|1683755613\n|move|p2b: Jumpluff|Encore|p1a: Rotom\n|-start|p1a: Rotom|Encore\n|move|p2a: Kingambit|Kowtow Cleave|p1b: Ting-Lu\n|-damage|p1b: Ting-Lu|70\/100 slp\n|-curestatus|p1a: Rotom|slp|[msg]\n|move|p1a: Rotom|Protect|p1a: Rotom\n|-singleturn|p1a: Rotom|Protect\n|-curestatus|p1b: Ting-Lu|slp|[msg]\n|move|p1b: Ting-Lu|Earthquake|p2b: Jumpluff|[spread] p2a\n|-activate|p1a: Rotom|move: Protect\n|-immune|p2b: Jumpluff\n|-supereffective|p2a: Kingambit\n|-damage|p2a: Kingambit|21\/100\n|\n|-weather|SunnyDay|[upkeep]\n|-heal|p1a: Rotom|20\/100|[from] item: Leftovers\n|upkeep\n|turn|6\n|inactive|garfieldslaya has 30 seconds left.\n|inactive|garfieldslaya has 20 seconds left.\n|inactive|garfieldslaya has 15 seconds left.\n|inactive|garfieldslaya has 10 seconds left.\n|\n|t:|1683755659\n|move|p1a: Rotom|Protect||[still]\n|-fail|p1a: Rotom\n|move|p2a: Kingambit|Sucker Punch|p1b: Ting-Lu\n|-damage|p1b: Ting-Lu|48\/100\n|move|p2b: Jumpluff|Sleep Powder|p1b: Ting-Lu|[miss]\n|-miss|p2b: Jumpluff|p1b: Ting-Lu\n|move|p1b: Ting-Lu|Earthquake|p2a: Kingambit|[spread] p2a\n|-immune|p1a: Rotom|[from] ability: Levitate\n|-immune|p2b: Jumpluff\n|-supereffective|p2a: Kingambit\n|-damage|p2a: Kingambit|0 fnt\n|faint|p2a: Kingambit\n|\n|-weather|none\n|-heal|p1a: Rotom|25\/100|[from] item: Leftovers\n|upkeep\n|turn|7\n|-message|Cecil9 forfeited.\n|\n|win|garfieldslaya\n|raw|garfieldslaya's rating: 1100 → 1129<\/strong> (+29 for winning)\n|raw|Cecil9's rating: 1156 → 1127<\/strong> (-29 for losing)\n|l|\u2606Cecil9\n","uploadtime":1683755671,"views":3,"p1id":"garfieldslaya","p2id":"cecil9","formatid":"gen9vgc2023regulationc","rating":1127,"private":0,"password":""}