{"id":"gen9vgc2023regulationc-1846745404","p1":"ClickForVictory","p2":"ImAtWorkPlzGoEasy","format":"[Gen 9] VGC 2023 Regulation C","log":"|j|\u2606ClickForVictory\n|j|\u2606ImAtWorkPlzGoEasy\n|t:|1681873155\n|gametype|doubles\n|player|p1|ClickForVictory|furisodegirl-black|1344\n|player|p2|ImAtWorkPlzGoEasy|larry|1430\n|teamsize|p1|6\n|teamsize|p2|6\n|gen|9\n|tier|[Gen 9] VGC 2023 Regulation C\n|rated|\n|rule|Species Clause: Limit one of each Pok\u00e9mon\n|rule|Item Clause: Limit one of each item\n|clearpoke\n|poke|p1|Flutter Mane, L50|\n|poke|p1|Amoonguss, L50, F|\n|poke|p1|Iron Jugulis, L50|\n|poke|p1|Great Tusk, L50|\n|poke|p1|Bruxish, L50, M|\n|poke|p1|Chi-Yu, L50|\n|poke|p2|Glimmora, L50, F|\n|poke|p2|Dondozo, L50, M|\n|poke|p2|Tatsugiri, L50, M|\n|poke|p2|Arcanine, L50, M|\n|poke|p2|Flutter Mane, L50|\n|poke|p2|Hippowdon, L50, F|\n|teampreview|4\n|c|\u2606ClickForVictory|have fun!\nClickForVictory has agreed to open team sheets.\n|\n|t:|1681873204\n|start\n|switch|p1a: Mega Dodrio|Iron Jugulis, L50, shiny|100\/100\n|switch|p1b: Fiendish Fish|Chi-Yu, L50|100\/100\n|switch|p2a: Glimmora|Glimmora, L50, F|100\/100\n|switch|p2b: Hippowdon|Hippowdon, L50, F|100\/100\n|-ability|p1b: Fiendish Fish|Beads of Ruin\n|-weather|Sandstorm|[from] ability: Sand Stream|[of] p2b: Hippowdon\n|-enditem|p1a: Mega Dodrio|Booster Energy\n|-activate|p1a: Mega Dodrio|ability: Quark Drive|[fromitem]\n|-start|p1a: Mega Dodrio|quarkdrivespe\n|turn|1\n|c|\u2606ImAtWorkPlzGoEasy|same goes!\n|\n|t:|1681873234\n|-terastallize|p1b: Fiendish Fish|Fire\n|move|p1a: Mega Dodrio|Snarl|p2a: Glimmora|[spread] p2a,p2b\n|-damage|p2a: Glimmora|90\/100\n|-damage|p2b: Hippowdon|83\/100\n|-unboost|p2a: Glimmora|spa|1\n|-unboost|p2b: Hippowdon|spa|1\n|move|p1b: Fiendish Fish|Overheat|p2b: Hippowdon\n|-damage|p2b: Hippowdon|0 fnt\n|-unboost|p1b: Fiendish Fish|spa|2\n|faint|p2b: Hippowdon\n|move|p2a: Glimmora|Mortal Spin|p1b: Fiendish Fish|[spread] p1a,p1b\n|-crit|p1a: Mega Dodrio\n|-damage|p1a: Mega Dodrio|95\/100\n|-damage|p1b: Fiendish Fish|95\/100\n|-status|p1a: Mega Dodrio|psn\n|-status|p1b: Fiendish Fish|psn\n|\n|-weather|Sandstorm|[upkeep]\n|-damage|p1a: Mega Dodrio|90\/100 psn|[from] Sandstorm\n|-damage|p1b: Fiendish Fish|89\/100 psn|[from] Sandstorm\n|-damage|p1a: Mega Dodrio|77\/100 psn|[from] psn\n|-damage|p1b: Fiendish Fish|77\/100 psn|[from] psn\n|upkeep\n|c|\u2606ImAtWorkPlzGoEasy|my bad didnt see OTS\n|c|\u2606ClickForVictory|nws, at least you wanted to lol\n|\n|t:|1681873255\n|switch|p2b: Tatsugiri|Tatsugiri, L50, M|100\/100\n|turn|2\n|\n|t:|1681873262\n|switch|p1b: Amogus|Amoonguss, L50, F|100\/100\n|move|p1a: Mega Dodrio|Snarl|p2a: Glimmora|[spread] p2a,p2b\n|-damage|p2a: Glimmora|83\/100\n|-damage|p2b: Tatsugiri|80\/100\n|-unboost|p2a: Glimmora|spa|1\n|-unboost|p2b: Tatsugiri|spa|1\n|move|p2b: Tatsugiri|Muddy Water|p1b: Amogus|[spread] p1a,p1b\n|-resisted|p1b: Amogus\n|-damage|p1a: Mega Dodrio|52\/100 psn\n|-damage|p1b: Amogus|91\/100\n|-unboost|p1a: Mega Dodrio|accuracy|1\n|move|p2a: Glimmora|Power Gem|p1a: Mega Dodrio\n|-supereffective|p1a: Mega Dodrio\n|-damage|p1a: Mega Dodrio|13\/100 psn\n|\n|-weather|Sandstorm|[upkeep]\n|-damage|p1a: Mega Dodrio|7\/100 psn|[from] Sandstorm\n|-damage|p2b: Tatsugiri|74\/100|[from] Sandstorm\n|-damage|p1b: Amogus|85\/100|[from] Sandstorm\n|-damage|p1a: Mega Dodrio|0 fnt|[from] psn\n|faint|p1a: Mega Dodrio\n|-end|p1a: Mega Dodrio|Quark Drive|[silent]\n|upkeep\n|\n|t:|1681873286\n|switch|p1a: Spectral Spaghetti|Flutter Mane, L50, shiny|100\/100\n|turn|3\n|\n|t:|1681873309\n|move|p2b: Tatsugiri|Muddy Water|p1a: Spectral Spaghetti|[spread] p1a,p1b\n|-resisted|p1b: Amogus\n|-damage|p1a: Spectral Spaghetti|81\/100\n|-damage|p1b: Amogus|77\/100\n|move|p1a: Spectral Spaghetti|Shadow Ball|p2a: Glimmora\n|-damage|p2a: Glimmora|53\/100\n|-unboost|p2a: Glimmora|spd|1\n|move|p2a: Glimmora|Mortal Spin|p1b: Amogus|[spread] p1a,p1b\n|-crit|p1a: Spectral Spaghetti\n|-damage|p1a: Spectral Spaghetti|70\/100\n|-damage|p1b: Amogus|73\/100\n|-status|p1a: Spectral Spaghetti|psn\n|-damage|p2a: Glimmora|36\/100|[from] item: Rocky Helmet|[of] p1b: Amogus\n|move|p1b: Amogus|Spore|p2a: Glimmora\n|-status|p2a: Glimmora|slp|[from] move: Spore\n|\n|-weather|Sandstorm|[upkeep]\n|-damage|p2b: Tatsugiri|68\/100|[from] Sandstorm\n|-damage|p1a: Spectral Spaghetti|64\/100 psn|[from] Sandstorm\n|-damage|p1b: Amogus|67\/100|[from] Sandstorm\n|-damage|p1a: Spectral Spaghetti|52\/100 psn|[from] psn\n|upkeep\n|turn|4\n|\n|t:|1681873328\n|switch|p2a: Arcanine|Arcanine, L50, M|100\/100\n|-ability|p2a: Arcanine|Intimidate|boost\n|-unboost|p1a: Spectral Spaghetti|atk|1\n|-unboost|p1b: Amogus|atk|1\n|move|p2b: Tatsugiri|Muddy Water|p1b: Amogus|[spread] p1a,p1b\n|-resisted|p1b: Amogus\n|-damage|p1a: Spectral Spaghetti|33\/100 psn\n|-damage|p1b: Amogus|58\/100\n|-unboost|p1b: Amogus|accuracy|1\n|move|p1a: Spectral Spaghetti|Shadow Ball|p2a: Arcanine\n|-crit|p2a: Arcanine\n|-damage|p2a: Arcanine|0 fnt\n|faint|p2a: Arcanine\n|move|p1b: Amogus|Spore|p2b: Tatsugiri\n|-status|p2b: Tatsugiri|slp|[from] move: Spore\n|\n|-weather|Sandstorm|[upkeep]\n|-damage|p2b: Tatsugiri|63\/100 slp|[from] Sandstorm\n|-damage|p1a: Spectral Spaghetti|28\/100 psn|[from] Sandstorm\n|-damage|p1b: Amogus|52\/100|[from] Sandstorm\n|-damage|p1a: Spectral Spaghetti|16\/100 psn|[from] psn\n|upkeep\n|c|\u2606ImAtWorkPlzGoEasy|ouch that crit\n|c|\u2606ImAtWorkPlzGoEasy|is it specs?\n|\n|t:|1681873352\n|switch|p2a: Glimmora|Glimmora, L50, F|36\/100 slp\n|turn|5\n|c|\u2606ClickForVictory|yup\n|\n|t:|1681873368\n|-terastallize|p2b: Tatsugiri|Ghost\n|cant|p2b: Tatsugiri|slp\n|move|p1a: Spectral Spaghetti|Shadow Ball|p2a: Glimmora\n|-damage|p2a: Glimmora|9\/100 slp\n|cant|p2a: Glimmora|slp\n|move|p1b: Amogus|Pollen Puff|p1a: Spectral Spaghetti|[miss]\n|-miss|p1b: Amogus|p1a: Spectral Spaghetti\n|\n|-weather|none\n|-damage|p1a: Spectral Spaghetti|4\/100 psn|[from] psn\n|upkeep\n|turn|6\n|c|\u2606ClickForVictory|LMFAO\n|c|\u2606ImAtWorkPlzGoEasy|i love the self misses\n|c|\u2606ImAtWorkPlzGoEasy|they are extra special\n|\n|t:|1681873397\n|cant|p2b: Tatsugiri|slp\n|move|p1a: Spectral Spaghetti|Shadow Ball|p2a: Glimmora\n|-damage|p2a: Glimmora|0 fnt\n|faint|p2a: Glimmora\n|move|p1b: Amogus|Pollen Puff|p1a: Spectral Spaghetti\n|-heal|p1a: Spectral Spaghetti|53\/100 psn\n|\n|-damage|p1a: Spectral Spaghetti|41\/100 psn|[from] psn\n|upkeep\n|turn|7\n|\n|t:|1681873412\n|-curestatus|p2b: Tatsugiri|slp|[msg]\n|move|p2b: Tatsugiri|Muddy Water|p1b: Amogus|[spread] p1b\n|-miss|p2b: Tatsugiri|p1a: Spectral Spaghetti\n|-resisted|p1b: Amogus\n|-damage|p1b: Amogus|43\/100\n|move|p1a: Spectral Spaghetti|Shadow Ball|p2b: Tatsugiri\n|-supereffective|p2b: Tatsugiri\n|-damage|p2b: Tatsugiri|0 fnt\n|faint|p2b: Tatsugiri\n|\n|win|ClickForVictory\n|raw|ClickForVictory's rating: 1344 → 1369<\/strong> (+25 for winning)\n|raw|ImAtWorkPlzGoEasy's rating: 1430 → 1405<\/strong> (-25 for losing)\n|c|\u2606ClickForVictory|gg!\n|c|\u2606ImAtWorkPlzGoEasy|love guess that is fair\n|c|\u2606ImAtWorkPlzGoEasy|gg\n|l|\u2606ImAtWorkPlzGoEasy\n","uploadtime":1681873432,"views":14,"p1id":"clickforvictory","p2id":"imatworkplzgoeasy","formatid":"gen9vgc2023regulationc","rating":1369,"private":0,"password":""}