{"id":"gen9vgc2023regulationc-1852272954","p1":"WillieDangerously","p2":"Eicosapentaenoic","format":"[Gen 9] VGC 2023 Regulation C","log":"|j|\u2606WillieDangerously\n|j|\u2606Eicosapentaenoic\n|t:|1682538890\n|gametype|doubles\n|player|p1|WillieDangerously|psychic-gen4|1315\n|player|p2|Eicosapentaenoic|169|1435\n|teamsize|p1|6\n|teamsize|p2|6\n|gen|9\n|tier|[Gen 9] VGC 2023 Regulation C\n|rated|\n|rule|Species Clause: Limit one of each Pok\u00e9mon\n|rule|Item Clause: Limit one of each item\n|clearpoke\n|poke|p1|Espathra, L50, M|\n|poke|p1|Iron Bundle, L50|\n|poke|p1|Iron Valiant, L50|\n|poke|p1|Salamence, L50, M|\n|poke|p1|Scizor, L50, F|\n|poke|p1|Sandy Shocks, L50|\n|poke|p2|Gholdengo, L50|\n|poke|p2|Maushold-Four, L50|\n|poke|p2|Great Tusk, L50|\n|poke|p2|Iron Bundle, L50|\n|poke|p2|Abomasnow, L50, F|\n|poke|p2|Arcanine, L50, F|\n|teampreview|4\n|inactive|Battle timer is ON: inactive players will automatically lose when time's up. (requested by Eicosapentaenoic)\n|\n|t:|1682538928\n|start\n|switch|p1a: Scizor|Scizor, L50, F|100\/100\n|switch|p1b: Sandy Shocks|Sandy Shocks, L50|100\/100\n|switch|p2a: Iron Bundle|Iron Bundle, L50|100\/100\n|switch|p2b: Abomasnow|Abomasnow, L50, F, shiny|100\/100\n|-weather|Snow|[from] ability: Snow Warning|[of] p2b: Abomasnow\n|-enditem|p2a: Iron Bundle|Booster Energy\n|-activate|p2a: Iron Bundle|ability: Quark Drive|[fromitem]\n|-start|p2a: Iron Bundle|quarkdrivespe\n|-enditem|p1b: Sandy Shocks|Booster Energy\n|-activate|p1b: Sandy Shocks|ability: Protosynthesis|[fromitem]\n|-start|p1b: Sandy Shocks|protosynthesisspe\n|turn|1\n|inactive|WillieDangerously has 30 seconds left.\n|\n|t:|1682538955\n|switch|p2b: Gholdengo|Gholdengo, L50|100\/100\n|-terastallize|p1b: Sandy Shocks|Ghost\n|move|p2a: Iron Bundle|Freeze-Dry|p1b: Sandy Shocks\n|-crit|p1b: Sandy Shocks\n|-damage|p1b: Sandy Shocks|37\/100\n|move|p1b: Sandy Shocks|Gravity|p1b: Sandy Shocks\n|-fieldstart|move: Gravity\n|move|p1a: Scizor|Pounce|p2b: Gholdengo\n|-resisted|p2b: Gholdengo\n|-damage|p2b: Gholdengo|89\/100\n|-unboost|p2b: Gholdengo|spe|1\n|\n|-weather|Snow|[upkeep]\n|upkeep\n|turn|2\n|inactive|WillieDangerously has 30 seconds left.\n|inactive|Eicosapentaenoic has 30 seconds left.\n|\n|t:|1682538987\n|-terastallize|p2a: Iron Bundle|Ice\n|move|p1b: Sandy Shocks|Protect|p1b: Sandy Shocks\n|-singleturn|p1b: Sandy Shocks|Protect\n|move|p2a: Iron Bundle|Freeze-Dry|p1b: Sandy Shocks\n|-activate|p1b: Sandy Shocks|move: Protect\n|move|p2b: Gholdengo|Nasty Plot|p2b: Gholdengo\n|-boost|p2b: Gholdengo|spa|2\n|move|p1a: Scizor|Swords Dance|p1a: Scizor\n|-boost|p1a: Scizor|atk|2\n|\n|-weather|Snow|[upkeep]\n|upkeep\n|turn|3\n|\n|t:|1682539011\n|-end|p2a: Iron Bundle|Quark Drive|[silent]\n|switch|p2a: Maushold|Maushold-Four, L50|100\/100\n|move|p1a: Scizor|Bullet Punch|p2a: Maushold\n|-damage|p2a: Maushold|14\/100\n|-damage|p1a: Scizor|84\/100|[from] item: Rocky Helmet|[of] p2a: Maushold\n|move|p1b: Sandy Shocks|Earth Power|p2b: Gholdengo\n|-supereffective|p2b: Gholdengo\n|-damage|p2b: Gholdengo|11\/100\n|-unboost|p2b: Gholdengo|spd|1\n|move|p2b: Gholdengo|Make It Rain|p1a: Scizor|[spread] p1a,p1b\n|-resisted|p1a: Scizor\n|-damage|p1a: Scizor|11\/100\n|-damage|p1b: Sandy Shocks|0 fnt\n|-unboost|p2b: Gholdengo|spa|1\n|faint|p1b: Sandy Shocks\n|-end|p1b: Sandy Shocks|Protosynthesis|[silent]\n|\n|-weather|Snow|[upkeep]\n|upkeep\n|\n|t:|1682539033\n|switch|p1b: Espathra|Espathra, L50, M|100\/100\n|turn|4\n|\n|t:|1682539043\n|move|p2a: Maushold|Protect|p2a: Maushold\n|-singleturn|p2a: Maushold|Protect\n|move|p1a: Scizor|Feint|p2a: Maushold\n|-activate|p2a: Maushold|move: Feint\n|-damage|p2a: Maushold|0 fnt\n|faint|p2a: Maushold\n|move|p1b: Espathra|Lumina Crash|p2b: Gholdengo\n|-resisted|p2b: Gholdengo\n|-damage|p2b: Gholdengo|0 fnt\n|faint|p2b: Gholdengo\n|\n|-weather|Snow|[upkeep]\n|-ability|p1b: Espathra|Speed Boost|boost\n|-boost|p1b: Espathra|spe|1\n|upkeep\n|\n|t:|1682539052\n|switch|p2a: Iron Bundle|Iron Bundle, L50, tera:Ice|100\/100\n|switch|p2b: Abomasnow|Abomasnow, L50, F, shiny|100\/100\n|turn|5\n|\n|t:|1682539061\n|move|p2a: Iron Bundle|Protect|p2a: Iron Bundle\n|-singleturn|p2a: Iron Bundle|Protect\n|move|p1b: Espathra|Hypnosis|p2a: Iron Bundle\n|-activate|p2a: Iron Bundle|move: Protect\n|move|p1a: Scizor|Pounce|p2b: Abomasnow\n|-supereffective|p2b: Abomasnow\n|-enditem|p2b: Abomasnow|Focus Sash\n|-damage|p2b: Abomasnow|1\/100\n|-unboost|p2b: Abomasnow|spe|1\n|move|p2b: Abomasnow|Blizzard|p1b: Espathra|[spread] p1a,p1b\n|-resisted|p1a: Scizor\n|-damage|p1a: Scizor|0 fnt\n|-damage|p1b: Espathra|46\/100\n|faint|p1a: Scizor\n|\n|-weather|none\n|-fieldend|move: Gravity\n|-ability|p1b: Espathra|Speed Boost|boost\n|-boost|p1b: Espathra|spe|1\n|upkeep\n|\n|t:|1682539075\n|switch|p1a: Iron Valiant|Iron Valiant, L50|100\/100\n|turn|6\n|\n|t:|1682539090\n|move|p1b: Espathra|Dazzling Gleam|p2b: Abomasnow|[spread] p2a,p2b\n|-damage|p2a: Iron Bundle|69\/100\n|-damage|p2b: Abomasnow|0 fnt\n|faint|p2b: Abomasnow\n|move|p2a: Iron Bundle|Freeze-Dry|p1b: Espathra\n|-damage|p1b: Espathra|0 fnt\n|faint|p1b: Espathra\n|move|p1a: Iron Valiant|Moonblast|p2a: Iron Bundle\n|-damage|p2a: Iron Bundle|0 fnt\n|faint|p2a: Iron Bundle\n|-end|p2a: Iron Bundle|Quark Drive|[silent]\n|\n|win|WillieDangerously\n|raw|WillieDangerously's rating: 1315 → 1342<\/strong> (+27 for winning)\n|raw|Eicosapentaenoic's rating: 1435 → 1408<\/strong> (-27 for losing)\n|l|\u2606Eicosapentaenoic\n","uploadtime":1682539105,"views":9,"p1id":"williedangerously","p2id":"eicosapentaenoic","formatid":"gen9vgc2023regulationc","rating":1342,"private":0,"password":""}