{"id":"gen9vgc2023regulationc-1846985695","p1":"Zer0x1","p2":"kiringi","format":"[Gen 9] VGC 2023 Regulation C","log":"|j|\u2606Zer0x1\n|j|\u2606kiringi\n|t:|1681909056\n|gametype|doubles\n|player|p1|Zer0x1|cynthia|1324\n|player|p2|kiringi|265|1272\n|teamsize|p1|6\n|teamsize|p2|6\n|gen|9\n|tier|[Gen 9] VGC 2023 Regulation C\n|rated|\n|rule|Species Clause: Limit one of each Pok\u00e9mon\n|rule|Item Clause: Limit one of each item\n|clearpoke\n|poke|p1|Dachsbun, L50, F|\n|poke|p1|Chi-Yu, L50|\n|poke|p1|Flutter Mane, L50|\n|poke|p1|Dragonite, L50, M|\n|poke|p1|Chien-Pao, L50|\n|poke|p1|Gyarados, L50, M|\n|poke|p2|Flutter Mane, L50|\n|poke|p2|Chien-Pao, L50|\n|poke|p2|Amoonguss, L50, M|\n|poke|p2|Dragonite, L50, M|\n|poke|p2|Azumarill, L50, M|\n|poke|p2|Ceruledge, L50, M|\n|teampreview|4\n|\n|t:|1681909095\n|start\n|switch|p1a: Dragonite|Dragonite, L50, M|100\/100\n|switch|p1b: Chien-Pao|Chien-Pao, L50|100\/100\n|switch|p2a: Flutter Mane|Flutter Mane, L50|100\/100\n|switch|p2b: Chien-Pao|Chien-Pao, L50|100\/100\n|-ability|p1b: Chien-Pao|Sword of Ruin\n|-ability|p2b: Chien-Pao|Sword of Ruin\n|-enditem|p2a: Flutter Mane|Booster Energy\n|-activate|p2a: Flutter Mane|ability: Protosynthesis|[fromitem]\n|-start|p2a: Flutter Mane|protosynthesisspe\n|turn|1\n|inactive|Battle timer is ON: inactive players will automatically lose when time's up. (requested by kiringi)\n|inactive|Zer0x1 has 60 seconds left.\n|\n|t:|1681909132\n|switch|p2b: Amoonguss|Amoonguss, L50, M|100\/100\n|switch|p1b: Gyarados|Gyarados, L50, M|100\/100\n|-ability|p1b: Gyarados|Intimidate|boost\n|-unboost|p2a: Flutter Mane|atk|1\n|-unboost|p2b: Amoonguss|atk|1\n|-terastallize|p1a: Dragonite|Normal\n|move|p2a: Flutter Mane|Substitute|p2a: Flutter Mane\n|-start|p2a: Flutter Mane|Substitute\n|-damage|p2a: Flutter Mane|76\/100\n|move|p1a: Dragonite|Brick Break|p2b: Amoonguss\n|-resisted|p2b: Amoonguss\n|-damage|p2b: Amoonguss|89\/100\n|-damage|p1a: Dragonite|84\/100|[from] item: Rocky Helmet|[of] p2b: Amoonguss\n|\n|upkeep\n|turn|2\n|inactive|kiringi has 30 seconds left.\n|\n|t:|1681909158\n|move|p2a: Flutter Mane|Dazzling Gleam|p1b: Gyarados|[spread] p1a,p1b\n|-crit|p1a: Dragonite\n|-damage|p1a: Dragonite|61\/100\n|-damage|p1b: Gyarados|77\/100\n|move|p1b: Gyarados|Taunt|p2b: Amoonguss\n|-start|p2b: Amoonguss|move: Taunt\n|move|p1a: Dragonite|Fire Punch|p2a: Flutter Mane\n|-end|p2a: Flutter Mane|Substitute\n|move|p2b: Amoonguss|Pollen Puff|p1a: Dragonite\n|-damage|p1a: Dragonite|51\/100\n|\n|upkeep\n|turn|3\n|inactive|kiringi has 30 seconds left.\n|\n|t:|1681909183\n|-end|p2a: Flutter Mane|Protosynthesis|[silent]\n|switch|p2a: Dragonite|Dragonite, L50, M|100\/100\n|switch|p2b: Chien-Pao|Chien-Pao, L50|100\/100\n|-ability|p2b: Chien-Pao|Sword of Ruin\n|move|p1b: Gyarados|Waterfall|p2a: Dragonite\n|-resisted|p2a: Dragonite\n|-damage|p2a: Dragonite|70\/100\n|move|p1a: Dragonite|Earthquake|p2b: Chien-Pao|[spread] p2b\n|-immune|p1b: Gyarados\n|-immune|p2a: Dragonite\n|-damage|p2b: Chien-Pao|60\/100\n|\n|upkeep\n|turn|4\n|inactive|kiringi has 30 seconds left.\n|\n|t:|1681909209\n|switch|p2b: Amoonguss|Amoonguss, L50, M|100\/100\n|-terastallize|p2a: Dragonite|Flying\n|move|p1a: Dragonite|Extreme Speed|p2b: Amoonguss\n|-damage|p2b: Amoonguss|69\/100\n|-damage|p1a: Dragonite|34\/100|[from] item: Rocky Helmet|[of] p2b: Amoonguss\n|move|p2a: Dragonite|Tera Blast|p1b: Gyarados\n|-damage|p1b: Gyarados|0 fnt\n|faint|p1b: Gyarados\n|\n|upkeep\n|\n|t:|1681909220\n|switch|p1b: Chien-Pao|Chien-Pao, L50|100\/100\n|-ability|p1b: Chien-Pao|Sword of Ruin\n|turn|5\n|\n|t:|1681909236\n|move|p2b: Amoonguss|Rage Powder|p2b: Amoonguss\n|-singleturn|p2b: Amoonguss|move: Rage Powder\n|move|p1b: Chien-Pao|Ice Spinner|p2b: Amoonguss\n|-supereffective|p2b: Amoonguss\n|-damage|p2b: Amoonguss|0 fnt\n|-damage|p1b: Chien-Pao|84\/100|[from] item: Rocky Helmet|[of] p2b: Amoonguss\n|faint|p2b: Amoonguss\n|move|p2a: Dragonite|Tera Blast|p1a: Dragonite\n|-damage|p1a: Dragonite|0 fnt\n|faint|p1a: Dragonite\n|\n|upkeep\n|\n|t:|1681909247\n|switch|p1a: Flutter Mane|Flutter Mane, L50|100\/100\n|switch|p2b: Chien-Pao|Chien-Pao, L50|60\/100\n|-ability|p2b: Chien-Pao|Sword of Ruin\n|-enditem|p1a: Flutter Mane|Booster Energy\n|-activate|p1a: Flutter Mane|ability: Protosynthesis|[fromitem]\n|-start|p1a: Flutter Mane|protosynthesisspe\n|turn|6\n|\n|t:|1681909262\n|move|p2b: Chien-Pao|Sucker Punch|p1a: Flutter Mane\n|-damage|p1a: Flutter Mane|0 fnt\n|faint|p1a: Flutter Mane\n|-end|p1a: Flutter Mane|Protosynthesis|[silent]\n|-damage|p2b: Chien-Pao|50\/100|[from] item: Life Orb\n|move|p1b: Chien-Pao|Ice Spinner|p2a: Dragonite\n|-supereffective|p2a: Dragonite\n|-damage|p2a: Dragonite|0 fnt\n|faint|p2a: Dragonite\n|\n|upkeep\n|\n|t:|1681909270\n|switch|p2a: Flutter Mane|Flutter Mane, L50|76\/100\n|turn|7\n|-message|Zer0x1 forfeited.\n|\n|win|kiringi\n|raw|Zer0x1's rating: 1324 → 1301<\/strong> (-23 for losing)\n|raw|kiringi's rating: 1272 → 1301<\/strong> (+29 for winning)\n|l|\u2606Zer0x1\n","uploadtime":1681909277,"views":5,"p1id":"zer0x1","p2id":"kiringi","formatid":"gen9vgc2023regulationc","rating":1301,"private":0,"password":""}