{"id":"gen9vgc2023regulationc-1861762375","p1":"Ytterby","p2":"Jimpo01","format":"[Gen 9] VGC 2023 Regulation C","log":"|j|\u2606Ytterby\n|j|\u2606Jimpo01\n|t:|1683805786\n|gametype|doubles\n|player|p1|Ytterby|170|\n|player|p2|Jimpo01|266|\n|teamsize|p1|6\n|teamsize|p2|6\n|gen|9\n|tier|[Gen 9] VGC 2023 Regulation C\n|rule|Species Clause: Limit one of each Pok\u00e9mon\n|rule|Item Clause: Limit one of each item\n|clearpoke\n|poke|p1|Garchomp, L50, F|\n|poke|p1|Klefki, L50, F|\n|poke|p1|Murkrow, L50, F|\n|poke|p1|Salamence, L50, M|\n|poke|p1|Polteageist, L50|\n|poke|p1|Barraskewda, L50, F|\n|poke|p2|Hydreigon, L50, M|\n|poke|p2|Ditto, L50|\n|poke|p2|Weavile, L50, M|\n|poke|p2|Talonflame, L50, M|\n|poke|p2|Florges-Blue, L50, F|\n|poke|p2|Dragonite, L50, F|\n|teampreview|4\nJimpo01 has agreed to open team sheets.\nYtterby has agreed to open team sheets.\n|c|\u2606Ytterby|G1!\n|c|\u2606Jimpo01|It will be when you choose your mons \ud83e\udd23\ud83e\udd23\n|\n|t:|1683805970\n|start\n|switch|p1a: Telepot|Polteageist, L50|100\/100\n|switch|p1b: Keymstar|Klefki, L50, F|100\/100\n|switch|p2a: Weavile|Weavile, L50, M|100\/100\n|switch|p2b: Ditto|Ditto, L50, shiny|100\/100\n|turn|1\n|\n|t:|1683805985\n|move|p2a: Weavile|Fake Out|p1b: Keymstar\n|-resisted|p1b: Keymstar\n|-damage|p1b: Keymstar|93\/100\n|cant|p1b: Keymstar|flinch\n|move|p1a: Telepot|Substitute|p1a: Telepot\n|-start|p1a: Telepot|Substitute\n|-damage|p1a: Telepot|76\/100\n|move|p2b: Ditto|Transform||[still]\n|-fail|p2b: Ditto\n|\n|upkeep\n|turn|2\n|\n|t:|1683806015\n|move|p2a: Weavile|Night Slash|p1a: Telepot\n|-supereffective|p1a: Telepot\n|-end|p1a: Telepot|Substitute\n|move|p1a: Telepot|Shell Smash|p1a: Telepot\n|-unboost|p1a: Telepot|def|1\n|-unboost|p1a: Telepot|spd|1\n|-boost|p1a: Telepot|atk|2\n|-boost|p1a: Telepot|spa|2\n|-boost|p1a: Telepot|spe|2\n|-enditem|p1a: Telepot|White Herb\n|-clearnegativeboost|p1a: Telepot|[silent]\n|move|p2b: Ditto|Transform|p1b: Keymstar\n|-transform|p2b: Ditto|p1b: Keymstar\n|move|p1b: Keymstar|Steel Beam|p2a: Weavile\n|-supereffective|p2a: Weavile\n|-damage|p2a: Weavile|0 fnt\n|-damage|p1b: Keymstar|43\/100|[from] steelbeam\n|-enditem|p1b: Keymstar|Sitrus Berry|[eat]\n|-heal|p1b: Keymstar|68\/100|[from] item: Sitrus Berry\n|faint|p2a: Weavile\n|\n|upkeep\n|\n|t:|1683806036\n|switch|p2a: Florges|Florges-Blue, L50, F, shiny|100\/100\n|turn|3\n|\n|t:|1683806112\n|-terastallize|p2a: Florges|Grass\n|move|p1b: Keymstar|Light Screen|p1b: Keymstar\n|-sidestart|p1: Ytterby|move: Light Screen\n|move|p2b: Ditto|Light Screen|p2b: Ditto\n|-sidestart|p2: Jimpo01|move: Light Screen\n|move|p1a: Telepot|Substitute|p1a: Telepot\n|-start|p1a: Telepot|Substitute\n|-damage|p1a: Telepot|51\/100\n|move|p2a: Florges|Giga Drain|p1b: Keymstar\n|-resisted|p1b: Keymstar\n|-damage|p1b: Keymstar|52\/100\n|\n|upkeep\n|turn|4\n|\n|t:|1683806153\n|switch|p1b: Garbomp|Garchomp, L50, F|100\/100\n|move|p2b: Ditto|Reflect|p2b: Ditto\n|-sidestart|p2: Jimpo01|Reflect\n|move|p1a: Telepot|Baton Pass|p1a: Telepot\n|\n|t:|1683806160\n|switch|p1a: Barry Scooder|Barraskewda, L50, F|100\/100|[from] Baton Pass\n|move|p2a: Florges|Giga Drain|p1b: Garbomp\n|-damage|p1b: Garbomp|74\/100\n|\n|upkeep\n|turn|5\n|\n|t:|1683806194\n|move|p2b: Ditto|Misty Terrain|p2b: Ditto\n|-fieldstart|move: Misty Terrain\n|move|p1a: Barry Scooder|Ice Fang|p2a: Florges\n|-supereffective|p2a: Florges\n|-damage|p2a: Florges|22\/100\n|move|p1b: Garbomp|Brick Break|p2a: Florges\n|-sideend|p2: Jimpo01|Reflect\n|-sideend|p2: Jimpo01|move: Light Screen\n|-damage|p2a: Florges|0 fnt\n|faint|p2a: Florges\n|\n|upkeep\n|\n|t:|1683806205\n|switch|p2a: Dragonite|Dragonite, L50, F|100\/100\n|turn|6\n|\n|t:|1683806237\n|switch|p1b: Keymstar|Klefki, L50, F|52\/100\n|move|p1a: Barry Scooder|Ice Fang|p2a: Dragonite\n|-supereffective|p2a: Dragonite\n|-damage|p2a: Dragonite|0 fnt\n|faint|p2a: Dragonite\n|move|p2b: Ditto|Steel Beam|p1a: Barry Scooder\n|-resisted|p1a: Barry Scooder\n|-end|p1a: Barry Scooder|Substitute\n|-damage|p2b: Ditto|50\/100|[from] steelbeam\n|\n|upkeep\n|turn|7\n|\n|t:|1683806267\n|-terastallize|p1a: Barry Scooder|Water\n|move|p1a: Barry Scooder|Liquidation|p2b: Ditto\n|-damage|p2b: Ditto|0 fnt\n|faint|p2b: Ditto\n|\n|win|Ytterby\n|c|\u2606Ytterby|Ggs <3\n","uploadtime":1683806285,"views":21,"p1id":"ytterby","p2id":"jimpo01","formatid":"gen9vgc2023regulationc","rating":0,"private":0,"password":""}