{"id":"gen9vgc2023regulationc-1860269177","p1":"toocynical1","p2":"jmz900","format":"[Gen 9] VGC 2023 Regulation C","log":"|j|\u2606toocynical1\n|j|\u2606jmz900\n|t:|1683622540\n|gametype|doubles\n|player|p1|toocynical1|170|1508\n|player|p2|jmz900|169|1563\n|teamsize|p1|6\n|teamsize|p2|6\n|gen|9\n|tier|[Gen 9] VGC 2023 Regulation C\n|rated|\n|rule|Species Clause: Limit one of each Pok\u00e9mon\n|rule|Item Clause: Limit one of each item\n|clearpoke\n|poke|p1|Flutter Mane, L50|\n|poke|p1|Great Tusk, L50|\n|poke|p1|Kingambit, L50, F|\n|poke|p1|Jumpluff, L50, M|\n|poke|p1|Torkoal, L50, F|\n|poke|p1|Chien-Pao, L50|\n|poke|p2|Ting-Lu, L50|\n|poke|p2|Amoonguss, L50, F|\n|poke|p2|Garganacl, L50, F|\n|poke|p2|Arcanine, L50, M|\n|poke|p2|Roaring Moon, L50|\n|poke|p2|Iron Bundle, L50|\n|teampreview|4\ntoocynical1 has agreed to open team sheets.\njmz900 has agreed to open team sheets.\n|\n|t:|1683622598\n|start\n|switch|p1a: Torkoal|Torkoal, L50, F|100\/100\n|switch|p1b: Jumpluff|Jumpluff, L50, M|100\/100\n|switch|p2a: Garganacl|Garganacl, L50, F|100\/100\n|switch|p2b: Amoonguss|Amoonguss, L50, F|100\/100\n|-weather|SunnyDay|[from] ability: Drought|[of] p1a: Torkoal\n|turn|1\n|\n|t:|1683622619\n|switch|p2a: Arcanine|Arcanine, L50, M|100\/100\n|-ability|p2a: Arcanine|Intimidate|boost\n|-unboost|p1a: Torkoal|atk|1\n|-enditem|p1a: Torkoal|Eject Pack\n|-unboost|p1b: Jumpluff|atk|1\n|\n|t:|1683622633\n|switch|p1a: Great Tusk|Great Tusk, L50|100\/100\n|-activate|p1a: Great Tusk|ability: Protosynthesis\n|-start|p1a: Great Tusk|protosynthesisatk\n|move|p1b: Jumpluff|Leaf Storm|p2a: Arcanine\n|-resisted|p2a: Arcanine\n|-damage|p2a: Arcanine|86\/100\n|-unboost|p1b: Jumpluff|spa|2\n|move|p2b: Amoonguss|Spore|p1a: Great Tusk\n|-status|p1a: Great Tusk|slp|[from] move: Spore\n|\n|-weather|SunnyDay|[upkeep]\n|upkeep\n|turn|2\n|\n|t:|1683622678\n|-terastallize|p2a: Arcanine|Grass\n|move|p1b: Jumpluff|Tailwind|p1b: Jumpluff\n|-sidestart|p1: toocynical1|move: Tailwind\n|cant|p1a: Great Tusk|slp\n|move|p2a: Arcanine|Will-O-Wisp|p1a: Great Tusk|[miss]\n|-miss|p2a: Arcanine|p1a: Great Tusk\n|move|p2b: Amoonguss|Spore|p1b: Jumpluff\n|-immune|p1b: Jumpluff\n|\n|-weather|SunnyDay|[upkeep]\n|upkeep\n|turn|3\n|\n|t:|1683622701\n|-end|p1a: Great Tusk|Protosynthesis|[silent]\n|switch|p1a: Torkoal|Torkoal, L50, F|100\/100\n|move|p1b: Jumpluff|Encore|p2a: Arcanine\n|-start|p2a: Arcanine|Encore\n|move|p2a: Arcanine|Will-O-Wisp|p1a: Torkoal|[miss]\n|-miss|p2a: Arcanine|p1a: Torkoal\n|move|p2b: Amoonguss|Spore|p1b: Jumpluff\n|-immune|p1b: Jumpluff\n|\n|-weather|SunnyDay|[upkeep]\n|upkeep\n|turn|4\n|\n|t:|1683622719\n|switch|p1b: Great Tusk|Great Tusk, L50|100\/100 slp\n|-activate|p1b: Great Tusk|ability: Protosynthesis\n|-start|p1b: Great Tusk|protosynthesisatk\n|switch|p2a: Garganacl|Garganacl, L50, F|100\/100\n|move|p2b: Amoonguss|Protect|p2b: Amoonguss\n|-singleturn|p2b: Amoonguss|Protect\n|move|p1a: Torkoal|Overheat|p2b: Amoonguss\n|-activate|p2b: Amoonguss|move: Protect\n|\n|-weather|SunnyDay|[upkeep]\n|upkeep\n|turn|5\n|\n|t:|1683622741\n|switch|p2b: Roaring Moon|Roaring Moon, L50|100\/100\n|-activate|p2b: Roaring Moon|ability: Protosynthesis\n|-start|p2b: Roaring Moon|protosynthesisatk\n|cant|p1b: Great Tusk|slp\n|move|p1a: Torkoal|Overheat|p2b: Roaring Moon\n|-resisted|p2b: Roaring Moon\n|-damage|p2b: Roaring Moon|77\/100\n|-unboost|p1a: Torkoal|spa|2\n|move|p2a: Garganacl|Stealth Rock|p1a: Torkoal\n|-sidestart|p1: toocynical1|move: Stealth Rock\n|\n|-weather|none\n|-end|p1b: Great Tusk|Protosynthesis\n|-end|p2b: Roaring Moon|Protosynthesis\n|-sideend|p1: toocynical1|move: Tailwind\n|upkeep\n|-enditem|p2b: Roaring Moon|Booster Energy\n|-activate|p2b: Roaring Moon|ability: Protosynthesis|[fromitem]\n|-start|p2b: Roaring Moon|protosynthesisatk\n|turn|6\n|\n|t:|1683622765\n|switch|p1a: Jumpluff|Jumpluff, L50, M|100\/100\n|-damage|p1a: Jumpluff|76\/100|[from] Stealth Rock\n|switch|p2a: Arcanine|Arcanine, L50, M, tera:Grass|86\/100\n|-ability|p2a: Arcanine|Intimidate|boost\n|-unboost|p1a: Jumpluff|atk|1\n|-unboost|p1b: Great Tusk|atk|1\n|-curestatus|p1b: Great Tusk|slp|[msg]\n|move|p1b: Great Tusk|Close Combat|p2b: Roaring Moon\n|-supereffective|p2b: Roaring Moon\n|-damage|p2b: Roaring Moon|0 fnt\n|-unboost|p1b: Great Tusk|def|1\n|-unboost|p1b: Great Tusk|spd|1\n|faint|p2b: Roaring Moon\n|-end|p2b: Roaring Moon|Protosynthesis|[silent]\n|\n|upkeep\n|\n|t:|1683622782\n|switch|p2b: Garganacl|Garganacl, L50, F|100\/100\n|turn|7\n|\n|t:|1683622803\n|switch|p2b: Amoonguss|Amoonguss, L50, F|100\/100\n|move|p1b: Great Tusk|Close Combat|p2b: Amoonguss\n|-resisted|p2b: Amoonguss\n|-damage|p2b: Amoonguss|84\/100\n|-unboost|p1b: Great Tusk|def|1\n|-unboost|p1b: Great Tusk|spd|1\n|move|p1a: Jumpluff|Tailwind|p1a: Jumpluff\n|-sidestart|p1: toocynical1|move: Tailwind\n|move|p2a: Arcanine|Flare Blitz|p1b: Great Tusk\n|-damage|p1b: Great Tusk|20\/100\n|-damage|p2a: Arcanine|60\/100|[from] Recoil\n|\n|upkeep\n|turn|8\n|\n|t:|1683622860\n|switch|p1a: Torkoal|Torkoal, L50, F|100\/100\n|-damage|p1a: Torkoal|76\/100|[from] Stealth Rock\n|-weather|SunnyDay|[from] ability: Drought|[of] p1a: Torkoal\n|-activate|p1b: Great Tusk|ability: Protosynthesis\n|-start|p1b: Great Tusk|protosynthesisspe\n|move|p2a: Arcanine|Extreme Speed|p1b: Great Tusk\n|-damage|p1b: Great Tusk|0 fnt\n|faint|p1b: Great Tusk\n|-end|p1b: Great Tusk|Protosynthesis|[silent]\n|move|p2b: Amoonguss|Pollen Puff|p2a: Arcanine\n|-heal|p2a: Arcanine|100\/100\n|\n|-weather|SunnyDay|[upkeep]\n|upkeep\n|\n|t:|1683622874\n|switch|p1b: Flutter Mane|Flutter Mane, L50|100\/100\n|-damage|p1b: Flutter Mane|88\/100|[from] Stealth Rock\n|-activate|p1b: Flutter Mane|ability: Protosynthesis\n|-start|p1b: Flutter Mane|protosynthesisspa\n|turn|9\n|\n|t:|1683622887\n|move|p2b: Amoonguss|Rage Powder|p2b: Amoonguss\n|-singleturn|p2b: Amoonguss|move: Rage Powder\n|move|p1b: Flutter Mane|Moonblast|p2b: Amoonguss\n|-resisted|p2b: Amoonguss\n|-damage|p2b: Amoonguss|34\/100\n|-enditem|p2b: Amoonguss|Sitrus Berry|[eat]\n|-heal|p2b: Amoonguss|59\/100|[from] item: Sitrus Berry\n|move|p2a: Arcanine|Flare Blitz|p1b: Flutter Mane\n|-damage|p1b: Flutter Mane|0 fnt\n|faint|p1b: Flutter Mane\n|-end|p1b: Flutter Mane|Protosynthesis|[silent]\n|-damage|p2a: Arcanine|80\/100|[from] Recoil\n|move|p1a: Torkoal|Overheat|p2b: Amoonguss\n|-supereffective|p2b: Amoonguss\n|-damage|p2b: Amoonguss|0 fnt\n|-unboost|p1a: Torkoal|spa|2\n|faint|p2b: Amoonguss\n|\n|-weather|SunnyDay|[upkeep]\n|upkeep\n|-message|toocynical1 forfeited.\n|\n|win|jmz900\n|raw|toocynical1's rating: 1508 → 1491<\/strong> (-17 for losing)\n|raw|jmz900's rating: 1563 → 1580<\/strong> (+17 for winning)\n|l|\u2606toocynical1\n","uploadtime":1683622921,"views":7,"p1id":"toocynical1","p2id":"jmz900","formatid":"gen9vgc2023regulationc","rating":1491,"private":0,"password":""}