{"id":"gen9vgc2023regulationc-1844931192","p1":"witchcraft1234","p2":"CbuttyVGC","format":"[Gen 9] VGC 2023 Regulation C","log":"|j|\u2606witchcraft1234\n|j|\u2606CbuttyVGC\n|t:|1681665384\n|gametype|doubles\n|player|p1|witchcraft1234|rosa|1192\n|player|p2|CbuttyVGC|acetrainer-gen4dp|1243\n|teamsize|p1|6\n|teamsize|p2|6\n|gen|9\n|tier|[Gen 9] VGC 2023 Regulation C\n|rated|\n|rule|Species Clause: Limit one of each Pok\u00e9mon\n|rule|Item Clause: Limit one of each item\n|clearpoke\n|poke|p1|Pawmot, L50, M|\n|poke|p1|Scizor, L50, M|\n|poke|p1|Krookodile, L50, M|\n|poke|p1|Flutter Mane, L50|\n|poke|p1|Gastrodon, L50, F|\n|poke|p1|Murkrow, L50, F|\n|poke|p2|Flutter Mane, L50|\n|poke|p2|Wo-Chien, L50|\n|poke|p2|Gholdengo, L50|\n|poke|p2|Iron Hands, L50|\n|poke|p2|Arcanine, L50, M|\n|poke|p2|Palafin, L50, M|\n|teampreview|4\n|inactive|Battle timer is ON: inactive players will automatically lose when time's up. (requested by CbuttyVGC)\nCbuttyVGC has agreed to open team sheets.\n|inactive|witchcraft1234 has 60 seconds left.\n|inactive|CbuttyVGC has 60 seconds left.\n|\n|t:|1681665419\n|start\n|switch|p1a: Krookodile|Krookodile, L50, M|100\/100\n|switch|p1b: Murkrow|Murkrow, L50, F|100\/100\n|switch|p2a: Flutter Mane|Flutter Mane, L50, shiny|100\/100\n|switch|p2b: Arcanine|Arcanine, L50, M|100\/100\n|-ability|p2b: Arcanine|Intimidate|boost\n|-unboost|p1a: Krookodile|atk|1\n|-unboost|p1b: Murkrow|atk|1\n|-ability|p1a: Krookodile|Intimidate|boost\n|-unboost|p2a: Flutter Mane|atk|1\n|-unboost|p2b: Arcanine|atk|1\n|-enditem|p2a: Flutter Mane|Booster Energy\n|-activate|p2a: Flutter Mane|ability: Protosynthesis|[fromitem]\n|-start|p2a: Flutter Mane|protosynthesisspe\n|turn|1\n|inactive|witchcraft1234 has 30 seconds left.\n|\n|t:|1681665447\n|move|p1b: Murkrow|Thunder Wave|p2b: Arcanine\n|-status|p2b: Arcanine|par\n|move|p2a: Flutter Mane|Moonblast|p1b: Murkrow\n|-supereffective|p1b: Murkrow\n|-damage|p1b: Murkrow|7\/100\n|move|p1a: Krookodile|Earthquake|p2b: Arcanine|[spread] p2a,p2b\n|-immune|p1b: Murkrow\n|-supereffective|p2b: Arcanine\n|-damage|p2a: Flutter Mane|51\/100\n|-damage|p2b: Arcanine|54\/100 par\n|move|p2b: Arcanine|Will-O-Wisp|p1a: Krookodile\n|-status|p1a: Krookodile|brn\n|\n|-damage|p1a: Krookodile|95\/100 brn|[from] brn\n|upkeep\n|turn|2\n|inactive|witchcraft1234 has 30 seconds left.\n|inactive|witchcraft1234 has 20 seconds left.\n|\n|t:|1681665483\n|move|p2a: Flutter Mane|Protect|p2a: Flutter Mane\n|-singleturn|p2a: Flutter Mane|Protect\n|move|p1b: Murkrow|Tailwind|p1b: Murkrow\n|-sidestart|p1: witchcraft1234|move: Tailwind\n|move|p1a: Krookodile|Earthquake|p2b: Arcanine|[spread] p2b\n|-activate|p2a: Flutter Mane|move: Protect\n|-immune|p1b: Murkrow\n|-supereffective|p2b: Arcanine\n|-damage|p2b: Arcanine|29\/100 par\n|move|p2b: Arcanine|Flare Blitz|p1b: Murkrow\n|-damage|p1b: Murkrow|0 fnt\n|faint|p1b: Murkrow\n|-damage|p2b: Arcanine|27\/100 par|[from] Recoil\n|\n|-damage|p1a: Krookodile|89\/100 brn|[from] brn\n|upkeep\n|\n|t:|1681665499\n|switch|p1b: Flutter Mane|Flutter Mane, L50|100\/100\n|-enditem|p1b: Flutter Mane|Booster Energy\n|-activate|p1b: Flutter Mane|ability: Protosynthesis|[fromitem]\n|-start|p1b: Flutter Mane|protosynthesisspe\n|turn|3\n|\n|t:|1681665509\n|-end|p2a: Flutter Mane|Protosynthesis|[silent]\n|switch|p2a: Wo-Chien|Wo-Chien, L50|100\/100\n|-ability|p2a: Wo-Chien|Tablets of Ruin\n|move|p2b: Arcanine|Protect|p2b: Arcanine\n|-singleturn|p2b: Arcanine|Protect\n|move|p1b: Flutter Mane|Shadow Ball|p2a: Wo-Chien\n|-resisted|p2a: Wo-Chien\n|-damage|p2a: Wo-Chien|89\/100\n|move|p1a: Krookodile|Crunch|p2b: Arcanine\n|-activate|p2b: Arcanine|move: Protect\n|\n|-heal|p2a: Wo-Chien|95\/100|[from] item: Leftovers\n|-damage|p1a: Krookodile|83\/100 brn|[from] brn\n|upkeep\n|turn|4\n|inactive|CbuttyVGC has 30 seconds left.\n|\n|t:|1681665535\n|-terastallize|p2a: Wo-Chien|Poison\n|move|p1b: Flutter Mane|Moonblast|p2a: Wo-Chien\n|-resisted|p2a: Wo-Chien\n|-damage|p2a: Wo-Chien|80\/100\n|-unboost|p2a: Wo-Chien|spa|1\n|move|p1a: Krookodile|Rock Slide|p2b: Arcanine|[spread] p2a,p2b\n|-supereffective|p2b: Arcanine\n|-damage|p2a: Wo-Chien|77\/100\n|-damage|p2b: Arcanine|18\/100 par\n|cant|p2a: Wo-Chien|flinch\n|move|p2b: Arcanine|Snarl|p1a: Krookodile|[spread] p1a,p1b\n|-resisted|p1a: Krookodile\n|-damage|p1a: Krookodile|79\/100 brn\n|-damage|p1b: Flutter Mane|92\/100\n|-unboost|p1a: Krookodile|spa|1\n|-unboost|p1b: Flutter Mane|spa|1\n|\n|-heal|p2a: Wo-Chien|82\/100|[from] item: Leftovers\n|-damage|p1a: Krookodile|73\/100 brn|[from] brn\n|upkeep\n|turn|5\n|\n|t:|1681665555\n|move|p1b: Flutter Mane|Protect|p1b: Flutter Mane\n|-singleturn|p1b: Flutter Mane|Protect\n|cant|p2b: Arcanine|par\n|move|p1a: Krookodile|Earthquake|p2a: Wo-Chien|[spread] p2a,p2b\n|-activate|p1b: Flutter Mane|move: Protect\n|-supereffective|p2a: Wo-Chien\n|-supereffective|p2b: Arcanine\n|-damage|p2a: Wo-Chien|65\/100\n|-damage|p2b: Arcanine|0 fnt\n|faint|p2b: Arcanine\n|move|p2a: Wo-Chien|Stun Spore|p1b: Flutter Mane\n|-activate|p1b: Flutter Mane|move: Protect\n|\n|-heal|p2a: Wo-Chien|71\/100|[from] item: Leftovers\n|-damage|p1a: Krookodile|67\/100 brn|[from] brn\n|-sideend|p1: witchcraft1234|move: Tailwind\n|upkeep\n|\n|t:|1681665564\n|switch|p2b: Flutter Mane|Flutter Mane, L50, shiny|51\/100\n|turn|6\n|\n|t:|1681665581\n|move|p2b: Flutter Mane|Protect|p2b: Flutter Mane\n|-singleturn|p2b: Flutter Mane|Protect\n|move|p1b: Flutter Mane|Shadow Ball|p2b: Flutter Mane\n|-activate|p2b: Flutter Mane|move: Protect\n|move|p1a: Krookodile|Crunch|p2a: Wo-Chien\n|-damage|p2a: Wo-Chien|61\/100\n|move|p2a: Wo-Chien|Stun Spore|p1b: Flutter Mane|[miss]\n|-miss|p2a: Wo-Chien|p1b: Flutter Mane\n|\n|-heal|p2a: Wo-Chien|67\/100|[from] item: Leftovers\n|-damage|p1a: Krookodile|61\/100 brn|[from] brn\n|upkeep\n|turn|7\n|\n|t:|1681665598\n|move|p1b: Flutter Mane|Shadow Ball|p2b: Flutter Mane\n|-supereffective|p2b: Flutter Mane\n|-damage|p2b: Flutter Mane|1\/100\n|move|p2b: Flutter Mane|Moonblast|p1a: Krookodile\n|-supereffective|p1a: Krookodile\n|-damage|p1a: Krookodile|0 fnt\n|faint|p1a: Krookodile\n|move|p2a: Wo-Chien|Pollen Puff|p2b: Flutter Mane\n|-heal|p2b: Flutter Mane|51\/100\n|\n|-heal|p2a: Wo-Chien|73\/100|[from] item: Leftovers\n|upkeep\n|\n|t:|1681665614\n|switch|p1a: Scizor|Scizor, L50, M|100\/100\n|turn|8\n|\n|t:|1681665626\n|-terastallize|p1a: Scizor|Steel\n|move|p2b: Flutter Mane|Protect|p2b: Flutter Mane\n|-singleturn|p2b: Flutter Mane|Protect\n|move|p1a: Scizor|Bullet Punch|p2b: Flutter Mane\n|-activate|p2b: Flutter Mane|move: Protect\n|move|p1b: Flutter Mane|Shadow Ball|p2a: Wo-Chien\n|-damage|p2a: Wo-Chien|56\/100\n|move|p2a: Wo-Chien|Stun Spore|p1b: Flutter Mane\n|-status|p1b: Flutter Mane|par\n|\n|-heal|p2a: Wo-Chien|62\/100|[from] item: Leftovers\n|upkeep\n|turn|9\n|\n|t:|1681665655\n|-end|p2b: Flutter Mane|Protosynthesis|[silent]\n|switch|p2b: Gholdengo|Gholdengo, L50|100\/100\n|move|p1a: Scizor|Bullet Punch|p2b: Gholdengo\n|-resisted|p2b: Gholdengo\n|-damage|p2b: Gholdengo|75\/100\n|move|p1b: Flutter Mane|Shadow Ball|p2a: Wo-Chien\n|-damage|p2a: Wo-Chien|45\/100\n|move|p2a: Wo-Chien|Stun Spore|p1a: Scizor|[miss]\n|-miss|p2a: Wo-Chien|p1a: Scizor\n|\n|-heal|p2a: Wo-Chien|50\/100|[from] item: Leftovers\n|upkeep\n|turn|10\n|inactive|CbuttyVGC has 30 seconds left.\n|inactive|CbuttyVGC has 20 seconds left.\n|inactive|CbuttyVGC has 15 seconds left.\n|\n|t:|1681665696\n|move|p1a: Scizor|Bullet Punch|p2a: Wo-Chien\n|-damage|p2a: Wo-Chien|6\/100\n|move|p1b: Flutter Mane|Shadow Ball|p2b: Gholdengo\n|-supereffective|p2b: Gholdengo\n|-damage|p2b: Gholdengo|24\/100\n|-enditem|p2b: Gholdengo|Sitrus Berry|[eat]\n|-heal|p2b: Gholdengo|49\/100|[from] item: Sitrus Berry\n|move|p2b: Gholdengo|Make It Rain|p1b: Flutter Mane|[spread] p1a,p1b\n|-resisted|p1a: Scizor\n|-supereffective|p1b: Flutter Mane\n|-damage|p1a: Scizor|72\/100\n|-damage|p1b: Flutter Mane|0 fnt\n|-unboost|p2b: Gholdengo|spa|1\n|faint|p1b: Flutter Mane\n|-end|p1b: Flutter Mane|Protosynthesis|[silent]\n|move|p2a: Wo-Chien|Stun Spore|p1a: Scizor\n|-status|p1a: Scizor|par\n|\n|-heal|p2a: Wo-Chien|12\/100|[from] item: Leftovers\n|upkeep\n|turn|11\n|\n|t:|1681665716\n|move|p2a: Wo-Chien|Protect|p2a: Wo-Chien\n|-singleturn|p2a: Wo-Chien|Protect\n|cant|p1a: Scizor|par\n|move|p2b: Gholdengo|Nasty Plot|p2b: Gholdengo\n|-boost|p2b: Gholdengo|spa|2\n|\n|-heal|p2a: Wo-Chien|18\/100|[from] item: Leftovers\n|upkeep\n|turn|12\n|\n|t:|1681665724\n|move|p1a: Scizor|Bullet Punch|p2a: Wo-Chien\n|-damage|p2a: Wo-Chien|0 fnt\n|faint|p2a: Wo-Chien\n|move|p2b: Gholdengo|Shadow Ball|p1a: Scizor\n|-damage|p1a: Scizor|1\/100 par\n|\n|upkeep\n|\n|t:|1681665727\n|switch|p2a: Flutter Mane|Flutter Mane, L50, shiny|51\/100\n|turn|13\n|\n|t:|1681665732\n|move|p1a: Scizor|Bullet Punch|p2a: Flutter Mane\n|-supereffective|p2a: Flutter Mane\n|-damage|p2a: Flutter Mane|0 fnt\n|faint|p2a: Flutter Mane\n|-end|p2a: Flutter Mane|Protosynthesis|[silent]\n|move|p2b: Gholdengo|Shadow Ball|p1a: Scizor\n|-damage|p1a: Scizor|0 fnt\n|faint|p1a: Scizor\n|\n|win|CbuttyVGC\n|raw|witchcraft1234's rating: 1192 → 1171<\/strong> (-21 for losing)\n|raw|CbuttyVGC's rating: 1243 → 1264<\/strong> (+21 for winning)\n|l|\u2606witchcraft1234\n","uploadtime":1681665736,"views":16,"p1id":"witchcraft1234","p2id":"cbuttyvgc","formatid":"gen9vgc2023regulationc","rating":1171,"private":0,"password":""}