{"id":"gen9vgc2023regulationc-1858954525","p1":"scorpiopower","p2":"TGH_sr","format":"[Gen 9] VGC 2023 Regulation C","log":"|j|\u2606scorpiopower\n|j|\u2606TGH_sr\n|t:|1683387540\n|gametype|doubles\n|player|p1|scorpiopower|swimmer-gen4|1273\n|player|p2|TGH_sr|steven|1222\n|teamsize|p1|6\n|teamsize|p2|6\n|gen|9\n|tier|[Gen 9] VGC 2023 Regulation C\n|rated|\n|rule|Species Clause: Limit one of each Pok\u00e9mon\n|rule|Item Clause: Limit one of each item\n|clearpoke\n|poke|p1|Murkrow, L50, F|\n|poke|p1|Glimmora, L50, F|\n|poke|p1|Wo-Chien, L50|\n|poke|p1|Great Tusk, L50|\n|poke|p1|Volcarona, L50, F|\n|poke|p1|Garganacl, L50, F|\n|poke|p2|Talonflame, L50, F|\n|poke|p2|Garchomp, L50, F|\n|poke|p2|Kingambit, L50, M|\n|poke|p2|Iron Bundle, L50|\n|poke|p2|Flutter Mane, L50|\n|poke|p2|Amoonguss, L50, M|\n|teampreview|4\nTGH_sr has agreed to open team sheets.\nscorpiopower has agreed to open team sheets.\n|\n|t:|1683387593\n|start\n|switch|p1a: Cat in the Hat|Murkrow, L50, F|100\/100\n|switch|p1b: Pointy Rock|Glimmora, L50, F|100\/100\n|switch|p2a: Flutter Mane|Flutter Mane, L50|100\/100\n|switch|p2b: Iron Bundle|Iron Bundle, L50|100\/100\n|-enditem|p2b: Iron Bundle|Booster Energy\n|-activate|p2b: Iron Bundle|ability: Quark Drive|[fromitem]\n|-start|p2b: Iron Bundle|quarkdrivespe\n|turn|1\n|\n|t:|1683387640\n|move|p1a: Cat in the Hat|Tailwind|p1a: Cat in the Hat\n|-sidestart|p1: scorpiopower|move: Tailwind\n|move|p2b: Iron Bundle|Icy Wind|p1a: Cat in the Hat|[spread] p1a,p1b\n|-supereffective|p1a: Cat in the Hat\n|-damage|p1a: Cat in the Hat|67\/100\n|-damage|p1b: Pointy Rock|85\/100\n|-unboost|p1a: Cat in the Hat|spe|1\n|-unboost|p1b: Pointy Rock|spe|1\n|move|p2a: Flutter Mane|Dazzling Gleam|p1b: Pointy Rock|[spread] p1a,p1b\n|-supereffective|p1a: Cat in the Hat\n|-resisted|p1b: Pointy Rock\n|-damage|p1a: Cat in the Hat|0 fnt\n|-damage|p1b: Pointy Rock|66\/100\n|faint|p1a: Cat in the Hat\n|move|p1b: Pointy Rock|Power Gem|p2b: Iron Bundle\n|-supereffective|p2b: Iron Bundle\n|-damage|p2b: Iron Bundle|0 fnt\n|faint|p2b: Iron Bundle\n|-end|p2b: Iron Bundle|Quark Drive|[silent]\n|\n|upkeep\n|\n|t:|1683387679\n|switch|p2b: Amoonguss|Amoonguss, L50, M|100\/100\n|switch|p1a: Volcarona|Volcarona, L50, F|100\/100\n|turn|2\n|\n|t:|1683387725\n|-end|p2a: Flutter Mane|Protosynthesis|[silent]\n|switch|p2a: Kingambit|Kingambit, L50, M|100\/100\n|-terastallize|p1a: Volcarona|Grass\n|move|p1a: Volcarona|Quiver Dance|p1a: Volcarona\n|-boost|p1a: Volcarona|spa|1\n|-boost|p1a: Volcarona|spd|1\n|-boost|p1a: Volcarona|spe|1\n|move|p1b: Pointy Rock|Sludge Bomb|p2a: Kingambit\n|-immune|p2a: Kingambit\n|move|p2b: Amoonguss|Spore|p1a: Volcarona\n|-immune|p1a: Volcarona\n|\n|upkeep\n|turn|3\n|\n|t:|1683387772\n|-terastallize|p2a: Kingambit|Dark\n|move|p1a: Volcarona|Fiery Dance|p2a: Kingambit\n|-damage|p2a: Kingambit|33\/100\n|move|p1b: Pointy Rock|Sludge Bomb|p2b: Amoonguss\n|-damage|p2b: Amoonguss|59\/100\n|move|p2a: Kingambit|Swords Dance|p2a: Kingambit\n|-boost|p2a: Kingambit|atk|2\n|move|p2b: Amoonguss|Spore|p1b: Pointy Rock\n|-status|p1b: Pointy Rock|slp|[from] move: Spore\n|\n|upkeep\n|turn|4\n|\n|t:|1683387792\n|move|p2a: Kingambit|Sucker Punch|p1a: Volcarona\n|-damage|p1a: Volcarona|0 fnt\n|-status|p2a: Kingambit|brn|[from] ability: Flame Body|[of] p1a: Volcarona\n|faint|p1a: Volcarona\n|cant|p1b: Pointy Rock|slp\n|move|p2b: Amoonguss|Pollen Puff|p2a: Kingambit\n|-heal|p2a: Kingambit|83\/100 brn\n|\n|-damage|p2a: Kingambit|77\/100 brn|[from] brn\n|-sideend|p1: scorpiopower|move: Tailwind\n|upkeep\n|\n|t:|1683387796\n|switch|p1a: Mossy Rock|Wo-Chien, L50|100\/100\n|-ability|p1a: Mossy Rock|Tablets of Ruin\n|turn|5\n|\n|t:|1683387826\n|move|p1a: Mossy Rock|Leech Seed|p2a: Kingambit\n|-start|p2a: Kingambit|move: Leech Seed\n|cant|p1b: Pointy Rock|slp\n|move|p2a: Kingambit|Kowtow Cleave|p1b: Pointy Rock\n|-damage|p1b: Pointy Rock|0 fnt\n|-activate|p1b: Pointy Rock|ability: Toxic Debris\n|-sidestart|p2: TGH_sr|move: Toxic Spikes\n|faint|p1b: Pointy Rock\n|move|p2b: Amoonguss|Pollen Puff|p1a: Mossy Rock\n|-supereffective|p1a: Mossy Rock\n|-damage|p1a: Mossy Rock|53\/100\n|\n|-damage|p2a: Kingambit|65\/100 brn|[from] Leech Seed|[of] p1a: Mossy Rock\n|-heal|p1a: Mossy Rock|66\/100|[silent]\n|-damage|p2a: Kingambit|59\/100 brn|[from] brn\n|upkeep\n|turn|6\n|\n|t:|1683387852\n|move|p1a: Mossy Rock|Protect|p1a: Mossy Rock\n|-singleturn|p1a: Mossy Rock|Protect\n|move|p2a: Kingambit|Swords Dance|p2a: Kingambit\n|-boost|p2a: Kingambit|atk|2\n|move|p2b: Amoonguss|Pollen Puff|p2a: Kingambit\n|-heal|p2a: Kingambit|100\/100 brn\n|\n|-damage|p2a: Kingambit|88\/100 brn|[from] Leech Seed|[of] p1a: Mossy Rock\n|-heal|p1a: Mossy Rock|79\/100|[silent]\n|-damage|p2a: Kingambit|82\/100 brn|[from] brn\n|upkeep\n|turn|7\n|\n|t:|1683387876\n|move|p1a: Mossy Rock|Pollen Puff|p2a: Kingambit\n|-supereffective|p2a: Kingambit\n|-damage|p2a: Kingambit|47\/100 brn\n|move|p2a: Kingambit|Kowtow Cleave|p1a: Mossy Rock\n|-resisted|p1a: Mossy Rock\n|-damage|p1a: Mossy Rock|41\/100\n|-enditem|p1a: Mossy Rock|Sitrus Berry|[eat]\n|-heal|p1a: Mossy Rock|66\/100|[from] item: Sitrus Berry\n|move|p2b: Amoonguss|Pollen Puff|p1a: Mossy Rock\n|-supereffective|p1a: Mossy Rock\n|-damage|p1a: Mossy Rock|24\/100\n|\n|-damage|p2a: Kingambit|35\/100 brn|[from] Leech Seed|[of] p1a: Mossy Rock\n|-heal|p1a: Mossy Rock|37\/100|[silent]\n|-damage|p2a: Kingambit|29\/100 brn|[from] brn\n|upkeep\n|turn|8\n|\n|t:|1683387902\n|move|p2a: Kingambit|Sucker Punch|p1a: Mossy Rock\n|-resisted|p1a: Mossy Rock\n|-damage|p1a: Mossy Rock|4\/100\n|move|p1a: Mossy Rock|Pollen Puff|p2a: Kingambit\n|-supereffective|p2a: Kingambit\n|-damage|p2a: Kingambit|0 fnt\n|faint|p2a: Kingambit\n|move|p2b: Amoonguss|Pollen Puff|p1a: Mossy Rock\n|-supereffective|p1a: Mossy Rock\n|-damage|p1a: Mossy Rock|0 fnt\n|faint|p1a: Mossy Rock\n|\n|win|TGH_sr\n|raw|scorpiopower's rating: 1273 → 1244<\/strong> (-29 for losing)\n|raw|TGH_sr's rating: 1222 → 1251<\/strong> (+29 for winning)\n|l|\u2606scorpiopower\n","uploadtime":1683387935,"views":13,"p1id":"scorpiopower","p2id":"tghsr","formatid":"gen9vgc2023regulationc","rating":1244,"private":0,"password":""}