{"id":"gen9vgc2023regulationc-1862786450","p1":"Ozzy530","p2":"revocolombia","format":"[Gen 9] VGC 2023 Regulation C","log":"|j|\u2606Ozzy530\n|j|\u2606revocolombia\n|t:|1683921809\n|gametype|doubles\n|player|p1|Ozzy530|169|1395\n|player|p2|revocolombia|pokemonranger-gen4|1532\n|teamsize|p1|6\n|teamsize|p2|6\n|gen|9\n|tier|[Gen 9] VGC 2023 Regulation C\n|rated|\n|rule|Species Clause: Limit one of each Pok\u00e9mon\n|rule|Item Clause: Limit one of each item\n|clearpoke\n|poke|p1|Garchomp, L50, M|\n|poke|p1|Murkrow, L50, F|\n|poke|p1|Baxcalibur, L50, F|\n|poke|p1|Maushold-Four, L50|\n|poke|p1|Iron Bundle, L50|\n|poke|p1|Gholdengo, L50|\n|poke|p2|Flutter Mane, L50|\n|poke|p2|Great Tusk, L50|\n|poke|p2|Dragonite, L50, M|\n|poke|p2|Chien-Pao, L50|\n|poke|p2|Murkrow, L50, F|\n|poke|p2|Gholdengo, L50|\n|teampreview|4\n|inactive|Battle timer is ON: inactive players will automatically lose when time's up. (requested by Ozzy530)\n|inactive|Ozzy530 has 60 seconds left.\n|\n|t:|1683921845\n|start\n|switch|p1a: Murkrow|Murkrow, L50, F|100\/100\n|switch|p1b: Gholdengo|Gholdengo, L50|100\/100\n|switch|p2a: Chien-Pao|Chien-Pao, L50|100\/100\n|switch|p2b: Dragonite|Dragonite, L50, M|100\/100\n|-ability|p2a: Chien-Pao|Sword of Ruin\n|turn|1\n|\n|t:|1683921866\n|move|p2b: Dragonite|Extreme Speed|p1a: Murkrow\n|-damage|p1a: Murkrow|33\/100\n|move|p2a: Chien-Pao|Ice Shard|p1a: Murkrow\n|-supereffective|p1a: Murkrow\n|-damage|p1a: Murkrow|0 fnt\n|faint|p1a: Murkrow\n|move|p1b: Gholdengo|Make It Rain|p2b: Dragonite|[spread] p2a,p2b\n|-supereffective|p2a: Chien-Pao\n|-crit|p2a: Chien-Pao\n|-enditem|p2a: Chien-Pao|Focus Sash\n|-damage|p2a: Chien-Pao|1\/100\n|-damage|p2b: Dragonite|66\/100\n|-unboost|p1b: Gholdengo|spa|1\n|-damage|p1b: Gholdengo|91\/100|[from] item: Life Orb\n|\n|upkeep\n|\n|t:|1683921882\n|switch|p1a: Baxcalibur|Baxcalibur, L50, F|100\/100\n|turn|2\n|\n|t:|1683921890\n|move|p1a: Baxcalibur|Protect|p1a: Baxcalibur\n|-singleturn|p1a: Baxcalibur|Protect\n|move|p2b: Dragonite|Extreme Speed|p1a: Baxcalibur\n|-activate|p1a: Baxcalibur|move: Protect\n|move|p2a: Chien-Pao|Sacred Sword|p1a: Baxcalibur\n|-activate|p1a: Baxcalibur|move: Protect\n|move|p1b: Gholdengo|Make It Rain|p2a: Chien-Pao|[spread] p2a,p2b\n|-supereffective|p2a: Chien-Pao\n|-crit|p2a: Chien-Pao\n|-damage|p2a: Chien-Pao|0 fnt\n|-damage|p2b: Dragonite|22\/100\n|-unboost|p1b: Gholdengo|spa|1\n|faint|p2a: Chien-Pao\n|-damage|p1b: Gholdengo|81\/100|[from] item: Life Orb\n|\n|upkeep\n|\n|t:|1683921911\n|switch|p2a: Murkrow|Murkrow, L50, F|100\/100\n|turn|3\n|inactive|Ozzy530 has 30 seconds left.\n|c|\u2606Ozzy530|How is es and ice shard faster than max speed prankster murk\n|inactive|Ozzy530 has 20 seconds left.\n|inactive|Ozzy530 has 15 seconds left.\n|inactive|Ozzy530 has 10 seconds left.\n|\n|t:|1683921959\n|-terastallize|p1a: Baxcalibur|Flying\n|move|p2b: Dragonite|Extreme Speed|p1a: Baxcalibur\n|-damage|p1a: Baxcalibur|60\/100\n|move|p2a: Murkrow|Tailwind|p2a: Murkrow\n|-sidestart|p2: revocolombia|move: Tailwind\n|move|p1b: Gholdengo|Make It Rain|p2b: Dragonite|[spread] p2a,p2b\n|-damage|p2a: Murkrow|67\/100\n|-damage|p2b: Dragonite|0 fnt\n|-unboost|p1b: Gholdengo|spa|1\n|faint|p2b: Dragonite\n|-damage|p1b: Gholdengo|71\/100|[from] item: Life Orb\n|move|p1a: Baxcalibur|Icicle Spear|p2a: Murkrow\n|-supereffective|p2a: Murkrow\n|-damage|p2a: Murkrow|33\/100\n|-supereffective|p2a: Murkrow\n|-damage|p2a: Murkrow|0 fnt\n|faint|p2a: Murkrow\n|-hitcount|p2: Murkrow|2\n|\n|upkeep\n|inactive|revocolombia has 30 seconds left.\n|\n|t:|1683921986\n|switch|p2b: Gholdengo|Gholdengo, L50|100\/100\n|turn|4\n|\n|t:|1683921998\n|move|p1a: Baxcalibur|Protect|p1a: Baxcalibur\n|-singleturn|p1a: Baxcalibur|Protect\n|move|p1b: Gholdengo|Protect|p1b: Gholdengo\n|-singleturn|p1b: Gholdengo|Protect\n|move|p2b: Gholdengo|Thunderbolt|p1a: Baxcalibur\n|-activate|p1a: Baxcalibur|move: Protect\n|\n|upkeep\n|turn|5\n|\n|t:|1683922013\n|switch|p1a: Garchomp|Garchomp, L50, M, shiny|100\/100\n|move|p2b: Gholdengo|Shadow Ball|p1b: Gholdengo\n|-supereffective|p1b: Gholdengo\n|-damage|p1b: Gholdengo|0 fnt\n|faint|p1b: Gholdengo\n|-damage|p2b: Gholdengo|91\/100|[from] item: Life Orb\n|\n|upkeep\n|\n|t:|1683922018\n|switch|p1b: Baxcalibur|Baxcalibur, L50, F, tera:Flying|60\/100\n|turn|6\n|\n|t:|1683922041\n|-terastallize|p2b: Gholdengo|Water\n|move|p1b: Baxcalibur|Protect|p1b: Baxcalibur\n|-singleturn|p1b: Baxcalibur|Protect\n|move|p2b: Gholdengo|Make It Rain|p1b: Baxcalibur|[spread] p1a\n|-activate|p1b: Baxcalibur|move: Protect\n|-damage|p1a: Garchomp|26\/100\n|-unboost|p2b: Gholdengo|spa|1\n|-damage|p2b: Gholdengo|81\/100|[from] item: Life Orb\n|move|p1a: Garchomp|Earthquake|p2b: Gholdengo|[spread] p2b\n|-activate|p1b: Baxcalibur|move: Protect\n|-damage|p2b: Gholdengo|42\/100\n|\n|-sideend|p2: revocolombia|move: Tailwind\n|upkeep\n|turn|7\n|\n|t:|1683922059\n|move|p1a: Garchomp|Earthquake|p2b: Gholdengo|[spread] p2b\n|-immune|p1b: Baxcalibur\n|-damage|p2b: Gholdengo|1\/100\n|move|p2b: Gholdengo|Make It Rain|p1a: Garchomp|[spread] p1a,p1b\n|-damage|p1a: Garchomp|0 fnt\n|-damage|p1b: Baxcalibur|15\/100\n|-unboost|p2b: Gholdengo|spa|1\n|faint|p1a: Garchomp\n|-damage|p2b: Gholdengo|0 fnt|[from] item: Life Orb\n|faint|p2b: Gholdengo\n|\n|win|Ozzy530\n|raw|Ozzy530's rating: 1395 → 1423<\/strong> (+28 for winning)\n|raw|revocolombia's rating: 1532 → 1504<\/strong> (-28 for losing)\n|l|\u2606Ozzy530\n","uploadtime":1683922085,"views":8,"p1id":"ozzy530","p2id":"revocolombia","formatid":"gen9vgc2023regulationc","rating":1423,"private":0,"password":""}