{"id":"gen9vgc2023regulationc-1864064849","p1":"Drewby39","p2":"RonJohn","format":"[Gen 9] VGC 2023 Regulation C","log":"|j|\u2606Drewby39\n|j|\u2606RonJohn\n|t:|1684112453\n|gametype|doubles\n|player|p1|Drewby39|rood|1316\n|player|p2|RonJohn|169|1252\n|teamsize|p1|6\n|teamsize|p2|6\n|gen|9\n|tier|[Gen 9] VGC 2023 Regulation C\n|rated|\n|rule|Species Clause: Limit one of each Pok\u00e9mon\n|rule|Item Clause: Limit one of each item\n|clearpoke\n|poke|p1|Klefki, L50, F|\n|poke|p1|Iron Hands, L50|\n|poke|p1|Ceruledge, L50, M|\n|poke|p1|Amoonguss, L50, M|\n|poke|p1|Ting-Lu, L50|\n|poke|p1|Flutter Mane, L50|\n|poke|p2|Flutter Mane, L50|\n|poke|p2|Orthworm, L50, F|\n|poke|p2|Dragonite, L50, F|\n|poke|p2|Amoonguss, L50, F|\n|poke|p2|Gyarados, L50, F|\n|poke|p2|Ting-Lu, L50|\n|teampreview|4\nDrewby39 has agreed to open team sheets.\n|inactive|Battle timer is ON: inactive players will automatically lose when time's up. (requested by Drewby39)\nRonJohn has agreed to open team sheets.\n|inactive|RonJohn has 60 seconds left.\n|\n|t:|1684112500\n|start\n|switch|p1a: Klefki|Klefki, L50, F|100\/100\n|switch|p1b: Ceruledge|Ceruledge, L50, M|100\/100\n|switch|p2a: Ting-Lu|Ting-Lu, L50|100\/100\n|switch|p2b: Orthworm|Orthworm, L50, F|100\/100\n|-ability|p2a: Ting-Lu|Vessel of Ruin\n|turn|1\n|inactive|Drewby39 has 30 seconds left.\n|inactive|RonJohn has 30 seconds left.\n|\n|t:|1684112529\n|-terastallize|p1b: Ceruledge|Grass\n|move|p1a: Klefki|Thunder Wave|p2b: Orthworm\n|-status|p2b: Orthworm|par\n|move|p1b: Ceruledge|Bulk Up|p1b: Ceruledge\n|-boost|p1b: Ceruledge|atk|1\n|-boost|p1b: Ceruledge|def|1\n|move|p2a: Ting-Lu|Earthquake|p1b: Ceruledge|[spread] p1a,p1b\n|-immune|p2b: Orthworm|[from] ability: Earth Eater\n|-supereffective|p1a: Klefki\n|-crit|p1a: Klefki\n|-resisted|p1b: Ceruledge\n|-damage|p1a: Klefki|0 fnt\n|-damage|p1b: Ceruledge|87\/100\n|faint|p1a: Klefki\n|move|p2b: Orthworm|Shed Tail|p2b: Orthworm\n|-start|p2b: Orthworm|Substitute|[from] move: Shed Tail\n|-damage|p2b: Orthworm|50\/100 par\n|-enditem|p2b: Orthworm|Sitrus Berry|[eat]\n|-heal|p2b: Orthworm|75\/100 par|[from] item: Sitrus Berry\n|\n|t:|1684112546\n|switch|p2b: Dragonite|Dragonite, L50, F|100\/100|[from] Shed Tail\n|\n|upkeep\n|\n|t:|1684112560\n|switch|p1a: Ting-Lu|Ting-Lu, L50|100\/100\n|-ability|p1a: Ting-Lu|Vessel of Ruin\n|turn|2\n|\n|t:|1684112580\n|move|p2b: Dragonite|Dragon Dance|p2b: Dragonite\n|-boost|p2b: Dragonite|atk|1\n|-boost|p2b: Dragonite|spe|1\n|move|p1b: Ceruledge|Bulk Up|p1b: Ceruledge\n|-boost|p1b: Ceruledge|atk|1\n|-boost|p1b: Ceruledge|def|1\n|move|p2a: Ting-Lu|Ruination|p1a: Ting-Lu|[miss]\n|-miss|p2a: Ting-Lu|p1a: Ting-Lu\n|move|p1a: Ting-Lu|Ruination|p2a: Ting-Lu\n|-damage|p2a: Ting-Lu|51\/100\n|\n|upkeep\n|turn|3\n|c|\u2606RonJohn|well darn.\n|inactive|RonJohn has 30 seconds left.\n|\n|t:|1684112613\n|switch|p2a: Amoonguss|Amoonguss, L50, F|100\/100\n|move|p1b: Ceruledge|Shadow Sneak|p2b: Dragonite\n|-activate|p2b: Dragonite|move: Substitute|[damage]\n|move|p2b: Dragonite|Dragon Dance|p2b: Dragonite\n|-boost|p2b: Dragonite|atk|1\n|-boost|p2b: Dragonite|spe|1\n|move|p1a: Ting-Lu|Stomping Tantrum|p2a: Amoonguss\n|-damage|p2a: Amoonguss|72\/100\n|\n|-heal|p2a: Amoonguss|77\/100|[from] item: Leftovers\n|upkeep\n|turn|4\n|inactive|Drewby39 has 30 seconds left.\n|inactive|RonJohn has 30 seconds left.\n|\n|t:|1684112640\n|move|p1b: Ceruledge|Shadow Sneak|p2b: Dragonite\n|-end|p2b: Dragonite|Substitute\n|move|p2b: Dragonite|Ice Spinner|p1a: Ting-Lu\n|-supereffective|p1a: Ting-Lu\n|-damage|p1a: Ting-Lu|25\/100\n|move|p1a: Ting-Lu|Fissure|p2a: Amoonguss|[miss]\n|-miss|p1a: Ting-Lu|p2a: Amoonguss\n|move|p2a: Amoonguss|Clear Smog|p1b: Ceruledge\n|-supereffective|p1b: Ceruledge\n|-damage|p1b: Ceruledge|63\/100\n|-clearboost|p1b: Ceruledge\n|\n|-heal|p2a: Amoonguss|83\/100|[from] item: Leftovers\n|upkeep\n|turn|5\n|inactive|Drewby39 has 30 seconds left.\n|inactive|RonJohn has 30 seconds left.\n|inactive|RonJohn has 20 seconds left.\n|\n|t:|1684112679\n|move|p2b: Dragonite|Ice Spinner|p1a: Ting-Lu\n|-supereffective|p1a: Ting-Lu\n|-damage|p1a: Ting-Lu|0 fnt\n|faint|p1a: Ting-Lu\n|move|p1b: Ceruledge|Bitter Blade|p2a: Amoonguss\n|-supereffective|p2a: Amoonguss\n|-damage|p2a: Amoonguss|0 fnt\n|-heal|p1b: Ceruledge|100\/100|[from] drain|[of] p2a: Amoonguss\n|faint|p2a: Amoonguss\n|\n|upkeep\n|\n|t:|1684112699\n|switch|p1a: Iron Hands|Iron Hands, L50|100\/100\n|switch|p2a: Orthworm|Orthworm, L50, F|75\/100 par\n|turn|6\n|inactive|RonJohn has 30 seconds left.\n|inactive|RonJohn has 20 seconds left.\n|inactive|RonJohn has 15 seconds left.\n|inactive|RonJohn has 10 seconds left.\n|inactive|RonJohn has 5 seconds left.\n|\n|t:|1684112750\n|move|p1b: Ceruledge|Shadow Sneak|p2b: Dragonite\n|-damage|p2b: Dragonite|87\/100\n|move|p2b: Dragonite|Earthquake|p1a: Iron Hands|[spread] p1a,p1b\n|-heal|p2a: Orthworm|100\/100 par|[from] ability: Earth Eater|[of] p2b: Dragonite\n|-supereffective|p1a: Iron Hands\n|-resisted|p1b: Ceruledge\n|-damage|p1a: Iron Hands|27\/100\n|-damage|p1b: Ceruledge|67\/100\n|-enditem|p1a: Iron Hands|Sitrus Berry|[eat]\n|-heal|p1a: Iron Hands|52\/100|[from] item: Sitrus Berry\n|move|p1a: Iron Hands|Wild Charge|p2b: Dragonite\n|-damage|p2b: Dragonite|34\/100\n|-damage|p1a: Iron Hands|43\/100|[from] Recoil\n|move|p2a: Orthworm|Heavy Slam|p1b: Ceruledge\n|-damage|p1b: Ceruledge|26\/100\n|\n|upkeep\n|turn|7\n|inactive|RonJohn has 30 seconds left.\n|inactive|Drewby39 has 30 seconds left.\n|inactive|Drewby39 has 20 seconds left.\n|inactive|Drewby39 has 15 seconds left.\n|\n|t:|1684112797\n|move|p1a: Iron Hands|Protect|p1a: Iron Hands\n|-singleturn|p1a: Iron Hands|Protect\n|move|p2b: Dragonite|Extreme Speed|p1b: Ceruledge\n|-damage|p1b: Ceruledge|0 fnt\n|faint|p1b: Ceruledge\n|move|p2a: Orthworm|Body Press|p1a: Iron Hands\n|-activate|p1a: Iron Hands|move: Protect\n|\n|upkeep\n|turn|8\n|-message|Drewby39 forfeited.\n|\n|win|RonJohn\n|raw|Drewby39's rating: 1316 → 1292<\/strong> (-24 for losing)\n|raw|RonJohn's rating: 1252 → 1282<\/strong> (+30 for winning)\n|l|\u2606Drewby39\n","uploadtime":1684112816,"views":33,"p1id":"drewby39","p2id":"ronjohn","formatid":"gen9vgc2023regulationc","rating":1282,"private":0,"password":""}