{"id":"gen9vgc2023regulationc-1845331921","p1":"Sumo'sWeenusVGC","p2":"13063002f","format":"[Gen 9] VGC 2023 Regulation C","log":"|j|\u2606Sumo'sWeenusVGC\n|j|\u260613063002f\n|t:|1681716396\n|gametype|doubles\n|player|p1|Sumo'sWeenusVGC|colress|1165\n|player|p2|13063002f|2|1123\n|teamsize|p1|6\n|teamsize|p2|6\n|gen|9\n|tier|[Gen 9] VGC 2023 Regulation C\n|rated|\n|rule|Species Clause: Limit one of each Pok\u00e9mon\n|rule|Item Clause: Limit one of each item\n|clearpoke\n|poke|p1|Ting-Lu, L50|\n|poke|p1|Wo-Chien, L50|\n|poke|p1|Flutter Mane, L50|\n|poke|p1|Glimmora, L50, F|\n|poke|p1|Palafin, L50, F|\n|poke|p1|Arcanine, L50, M|\n|poke|p2|Dragonite, L50, M|\n|poke|p2|Tauros-Paldea-Blaze, L50, M|\n|poke|p2|Maushold, L50|\n|poke|p2|Dondozo, L50, M|\n|poke|p2|Tatsugiri, L50, M|\n|poke|p2|Skeledirge, L50, F|\n|teampreview|4\n|inactive|Battle timer is ON: inactive players will automatically lose when time's up. (requested by Sumo'sWeenusVGC)\nSumo'sWeenusVGC has agreed to open team sheets.\n|inactive|Sumo'sWeenusVGC has 60 seconds left.\n|inactive|13063002f has 60 seconds left.\n13063002f rejected open team sheets.\n|\n|t:|1681716447\n|start\n|switch|p1a: Wo-Chien|Wo-Chien, L50|100\/100\n|switch|p1b: Glimmora|Glimmora, L50, F, shiny|100\/100\n|switch|p2a: Dragonite|Dragonite, L50, M|100\/100\n|switch|p2b: Tauros|Tauros-Paldea-Blaze, L50, M|100\/100\n|-ability|p2b: Tauros|Intimidate|boost\n|-unboost|p1a: Wo-Chien|atk|1\n|-unboost|p1b: Glimmora|atk|1\n|-ability|p1a: Wo-Chien|Tablets of Ruin\n|turn|1\n|\n|t:|1681716469\n|move|p2a: Dragonite|Protect|p2a: Dragonite\n|-singleturn|p2a: Dragonite|Protect\n|move|p1a: Wo-Chien|Protect|p1a: Wo-Chien\n|-singleturn|p1a: Wo-Chien|Protect\n|move|p2b: Tauros|Swagger|p1a: Wo-Chien\n|-activate|p1a: Wo-Chien|move: Protect\n|move|p1b: Glimmora|Mortal Spin|p2b: Tauros|[spread] p2b\n|-activate|p2a: Dragonite|move: Protect\n|-damage|p2b: Tauros|98\/100\n|-status|p2b: Tauros|psn\n|\n|-damage|p2b: Tauros|86\/100 psn|[from] psn\n|upkeep\n|turn|2\n|inactive|Sumo'sWeenusVGC has 30 seconds left.\n|inactive|13063002f has 30 seconds left.\n|\n|t:|1681716502\n|switch|p2a: Maushold|Maushold, L50|100\/100\n|switch|p1a: Bad Dolphin|Palafin, L50, F, shiny|100\/100\n|move|p2b: Tauros|Swagger|p1a: Bad Dolphin\n|-boost|p1a: Bad Dolphin|atk|2\n|-start|p1a: Bad Dolphin|confusion\n|move|p1b: Glimmora|Sludge Bomb|p2a: Maushold\n|-damage|p2a: Maushold|36\/100\n|-status|p2a: Maushold|psn\n|-enditem|p2a: Maushold|Sitrus Berry|[eat]\n|-heal|p2a: Maushold|61\/100 psn|[from] item: Sitrus Berry\n|\n|-damage|p2a: Maushold|49\/100 psn|[from] psn\n|-damage|p2b: Tauros|74\/100 psn|[from] psn\n|upkeep\n|turn|3\n|inactive|Sumo'sWeenusVGC has 30 seconds left.\n|inactive|13063002f has 30 seconds left.\n|inactive|Sumo'sWeenusVGC has 20 seconds left.\n|inactive|13063002f has 20 seconds left.\n|inactive|Sumo'sWeenusVGC has 15 seconds left.\n|\n|t:|1681716543\n|-terastallize|p1a: Bad Dolphin|Water\n|move|p2b: Tauros|Protect|p2b: Tauros\n|-singleturn|p2b: Tauros|Protect\n|-activate|p1a: Bad Dolphin|confusion\n|move|p1a: Bad Dolphin|Jet Punch|p2b: Tauros\n|-activate|p2b: Tauros|move: Protect\n|move|p2a: Maushold|Population Bomb|p1a: Bad Dolphin|[miss]\n|-miss|p2a: Maushold|p1a: Bad Dolphin\n|move|p1b: Glimmora|Sludge Bomb|p2b: Tauros\n|-activate|p2b: Tauros|move: Protect\n|\n|-damage|p2a: Maushold|36\/100 psn|[from] psn\n|-damage|p2b: Tauros|62\/100 psn|[from] psn\n|upkeep\n|turn|4\n|inactive|13063002f has 30 seconds left.\n|inactive|13063002f has 20 seconds left.\n|inactive|13063002f has 15 seconds left.\n|inactive|13063002f has 10 seconds left.\n|inactive|13063002f has 5 seconds left.\n|\n|t:|1681716598\n|detailschange|p1a: Bad Dolphin|Palafin-Hero, L50, F, shiny, tera:Water\n|switch|p1a: Wo-Chien|Wo-Chien, L50|100\/100\n|-ability|p1a: Wo-Chien|Tablets of Ruin\n|move|p1b: Glimmora|Spiky Shield|p1b: Glimmora\n|-singleturn|p1b: Glimmora|move: Protect\n|move|p2a: Maushold|Follow Me|p2a: Maushold\n|-singleturn|p2a: Maushold|move: Follow Me\n|move|p2b: Tauros|Close Combat|p1a: Wo-Chien\n|-supereffective|p1a: Wo-Chien\n|-damage|p1a: Wo-Chien|37\/100\n|-unboost|p2b: Tauros|def|1\n|-unboost|p2b: Tauros|spd|1\n|\n|-heal|p1a: Wo-Chien|43\/100|[from] item: Leftovers\n|-damage|p2a: Maushold|24\/100 psn|[from] psn\n|-damage|p2b: Tauros|50\/100 psn|[from] psn\n|upkeep\n|turn|5\n|inactive|13063002f has 30 seconds left.\n|inactive|Sumo'sWeenusVGC has 30 seconds left.\n|\n|t:|1681716632\n|move|p1a: Wo-Chien|Protect|p1a: Wo-Chien\n|-singleturn|p1a: Wo-Chien|Protect\n|move|p2a: Maushold|Follow Me|p2a: Maushold\n|-singleturn|p2a: Maushold|move: Follow Me\n|move|p2b: Tauros|Swagger|p1a: Wo-Chien\n|-activate|p1a: Wo-Chien|move: Protect\n|move|p1b: Glimmora|Sludge Bomb|p2a: Maushold\n|-damage|p2a: Maushold|0 fnt\n|faint|p2a: Maushold\n|\n|-heal|p1a: Wo-Chien|49\/100|[from] item: Leftovers\n|-damage|p2b: Tauros|38\/100 psn|[from] psn\n|upkeep\n|\n|t:|1681716640\n|switch|p2a: Dragonite|Dragonite, L50, M|100\/100\n|turn|6\n|\n|t:|1681716655\n|switch|p1a: Flutter Mane|Flutter Mane, L50, shiny|100\/100\n|move|p2a: Dragonite|Protect|p2a: Dragonite\n|-singleturn|p2a: Dragonite|Protect\n|move|p2b: Tauros|Swagger|p1a: Flutter Mane\n|-boost|p1a: Flutter Mane|atk|2\n|-enditem|p2a: Dragonite|Mirror Herb\n|-boost|p2a: Dragonite|atk|2|[from] item: Mirror Herb\n|-start|p1a: Flutter Mane|confusion\n|move|p1b: Glimmora|Mortal Spin|p2a: Dragonite|[spread] p2b\n|-activate|p2a: Dragonite|move: Protect\n|-damage|p2b: Tauros|33\/100 psn\n|\n|-damage|p2b: Tauros|21\/100 psn|[from] psn\n|upkeep\n|turn|7\n|inactive|Sumo'sWeenusVGC has 30 seconds left.\n|inactive|13063002f has 30 seconds left.\n|inactive|13063002f has 20 seconds left.\n|inactive|13063002f has 15 seconds left.\n|inactive|13063002f has 10 seconds left.\n|\n|t:|1681716702\n|-end|p1a: Flutter Mane|Protosynthesis|[silent]\n|switch|p1a: Wo-Chien|Wo-Chien, L50|49\/100\n|-ability|p1a: Wo-Chien|Tablets of Ruin\n|move|p2b: Tauros|Swagger|p1b: Glimmora\n|-boost|p1b: Glimmora|atk|2\n|-start|p1b: Glimmora|confusion\n|-activate|p1b: Glimmora|confusion\n|move|p1b: Glimmora|Mortal Spin|p2b: Tauros|[spread] p2a,p2b\n|-damage|p2a: Dragonite|98\/100\n|-damage|p2b: Tauros|12\/100 psn\n|-status|p2a: Dragonite|psn\n|move|p2a: Dragonite|Ice Spinner|p1a: Wo-Chien\n|-supereffective|p1a: Wo-Chien\n|-damage|p1a: Wo-Chien|0 fnt\n|faint|p1a: Wo-Chien\n|\n|-damage|p2b: Tauros|0 fnt|[from] psn\n|faint|p2b: Tauros\n|-damage|p2a: Dragonite|86\/100 psn|[from] psn\n|upkeep\n|\n|t:|1681716722\n|switch|p2b: Skeledirge|Skeledirge, L50, F|100\/100\n|switch|p1a: Flutter Mane|Flutter Mane, L50, shiny|100\/100\n|turn|8\n|\n|t:|1681716747\n|move|p2a: Dragonite|Protect|p2a: Dragonite\n|-singleturn|p2a: Dragonite|Protect\n|move|p1a: Flutter Mane|Moonblast|p2a: Dragonite\n|-activate|p2a: Dragonite|move: Protect\n|-activate|p1b: Glimmora|confusion\n|move|p1b: Glimmora|Mortal Spin|p2a: Dragonite|[spread] p2b\n|-activate|p2a: Dragonite|move: Protect\n|-resisted|p2b: Skeledirge\n|-damage|p2b: Skeledirge|99\/100\n|-status|p2b: Skeledirge|psn\n|move|p2b: Skeledirge|Torch Song|p1a: Flutter Mane\n|-damage|p1a: Flutter Mane|75\/100\n|-boost|p2b: Skeledirge|spa|1\n|\n|-heal|p2b: Skeledirge|100\/100 psn|[from] item: Leftovers\n|-damage|p2a: Dragonite|74\/100 psn|[from] psn\n|-damage|p2b: Skeledirge|88\/100 psn|[from] psn\n|upkeep\n|turn|9\n|inactive|13063002f has 30 seconds left.\n|inactive|13063002f has 20 seconds left.\n|inactive|13063002f has 15 seconds left.\n|inactive|13063002f has 10 seconds left.\n|inactive|13063002f has 5 seconds left.\n|\n|t:|1681716802\n|switch|p1b: Bad Dolphin|Palafin-Hero, L50, F, shiny, tera:Water|100\/100\n|-activate|p1b: Bad Dolphin|ability: Zero to Hero\n|move|p2a: Dragonite|Extreme Speed|p1b: Bad Dolphin\n|-damage|p1b: Bad Dolphin|41\/100\n|move|p1a: Flutter Mane|Moonblast|p2a: Dragonite\n|-supereffective|p2a: Dragonite\n|-damage|p2a: Dragonite|0 fnt\n|faint|p2a: Dragonite\n|move|p2b: Skeledirge|Torch Song|p1b: Bad Dolphin\n|-resisted|p1b: Bad Dolphin\n|-damage|p1b: Bad Dolphin|17\/100\n|-boost|p2b: Skeledirge|spa|1\n|\n|-heal|p2b: Skeledirge|94\/100 psn|[from] item: Leftovers\n|-damage|p2b: Skeledirge|82\/100 psn|[from] psn\n|upkeep\n|turn|10\n|inactive|13063002f has 30 seconds left.\n|inactive|13063002f has 20 seconds left.\n|inactive|13063002f has 15 seconds left.\n|inactive|13063002f has 10 seconds left.\n|inactive|13063002f has 5 seconds left.\n|\n|t:|1681716857\n|-end|p1a: Flutter Mane|Protosynthesis|[silent]\n|switch|p1a: Glimmora|Glimmora, L50, F, shiny|100\/100\n|move|p1b: Bad Dolphin|Wave Crash|p2b: Skeledirge\n|-supereffective|p2b: Skeledirge\n|-damage|p2b: Skeledirge|0 fnt\n|faint|p2b: Skeledirge\n|-damage|p1b: Bad Dolphin|0 fnt|[from] Recoil\n|faint|p1b: Bad Dolphin\n|\n|win|Sumo'sWeenusVGC\n|raw|Sumo'sWeenusVGC's rating: 1165 → 1187<\/strong> (+22 for winning)\n|raw|13063002f's rating: 1123 → 1101<\/strong> (-22 for losing)\n","uploadtime":1681716869,"views":12,"p1id":"sumosweenusvgc","p2id":"13063002f","formatid":"gen9vgc2023regulationc","rating":1101,"private":0,"password":""}