{"id":"gen9vgc2023regulationc-1857545879","p1":"leoroop","p2":"hariyamacom","format":"[Gen 9] VGC 2023 Regulation C","log":"|j|\u2606leoroop\n|j|\u2606hariyamacom\n|t:|1683206945\n|gametype|doubles\n|player|p1|leoroop|backpacker|1229\n|player|p2|hariyamacom|idol|1309\n|teamsize|p1|6\n|teamsize|p2|6\n|gen|9\n|tier|[Gen 9] VGC 2023 Regulation C\n|rated|\n|rule|Species Clause: Limit one of each Pok\u00e9mon\n|rule|Item Clause: Limit one of each item\n|clearpoke\n|poke|p1|Gyarados, L50, F|\n|poke|p1|Amoonguss, L50, M|\n|poke|p1|Kingambit, L50, F|\n|poke|p1|Flutter Mane, L50|\n|poke|p1|Chi-Yu, L50|\n|poke|p1|Baxcalibur, L50, M|\n|poke|p2|Talonflame, L50, F|\n|poke|p2|Great Tusk, L50|\n|poke|p2|Flutter Mane, L50|\n|poke|p2|Kilowattrel, L50, M|\n|poke|p2|Gyarados, L50, M|\n|poke|p2|Baxcalibur, L50, F|\n|teampreview|4\n|\n|t:|1683206991\n|start\n|switch|p1a: Flutter Mane|Flutter Mane, L50, shiny|100\/100\n|switch|p1b: Gyarados|Gyarados, L50, F|100\/100\n|switch|p2a: Talonflame|Talonflame, L50, F|100\/100\n|switch|p2b: Kilowattrel|Kilowattrel, L50, M|100\/100\n|-ability|p1b: Gyarados|Intimidate|boost\n|-unboost|p2a: Talonflame|atk|1\n|-unboost|p2b: Kilowattrel|atk|1\n|-enditem|p1a: Flutter Mane|Booster Energy\n|-activate|p1a: Flutter Mane|ability: Protosynthesis|[fromitem]\n|-start|p1a: Flutter Mane|protosynthesisspe\n|turn|1\n|\n|t:|1683207017\n|switch|p1b: Amoonguss|Amoonguss, L50, M|100\/100\n|-terastallize|p1a: Flutter Mane|Fairy\n|move|p2a: Talonflame|Tailwind|p2a: Talonflame\n|-sidestart|p2: hariyamacom|move: Tailwind\n|-start|p2b: Kilowattrel|Charge|Tailwind|[from] ability: Wind Power\n|move|p2b: Kilowattrel|Discharge|p1b: Amoonguss|[spread] p2a,p1a,p1b\n|-supereffective|p2a: Talonflame\n|-resisted|p1b: Amoonguss\n|-damage|p2a: Talonflame|0 fnt\n|-damage|p1a: Flutter Mane|38\/100\n|-damage|p1b: Amoonguss|71\/100\n|faint|p2a: Talonflame\n|-end|p2b: Kilowattrel|Charge|[silent]\n|move|p1a: Flutter Mane|Dazzling Gleam|p2b: Kilowattrel\n|-damage|p2b: Kilowattrel|9\/100\n|\n|upkeep\n|\n|t:|1683207047\n|switch|p2a: Great Tusk|Great Tusk, L50|100\/100\n|turn|2\n|\n|t:|1683207065\n|-terastallize|p2a: Great Tusk|Fire\n|move|p1a: Flutter Mane|Protect|p1a: Flutter Mane\n|-singleturn|p1a: Flutter Mane|Protect\n|move|p2b: Kilowattrel|Air Slash|p1b: Amoonguss\n|-supereffective|p1b: Amoonguss\n|-damage|p1b: Amoonguss|2\/100\n|-enditem|p1b: Amoonguss|Sitrus Berry|[eat]\n|-heal|p1b: Amoonguss|27\/100|[from] item: Sitrus Berry\n|move|p2a: Great Tusk|Earthquake|p1a: Flutter Mane|[spread] p1b\n|-activate|p1a: Flutter Mane|move: Protect\n|-immune|p2b: Kilowattrel\n|-damage|p1b: Amoonguss|0 fnt\n|faint|p1b: Amoonguss\n|\n|upkeep\n|\n|t:|1683207078\n|switch|p1b: Baxcalibur|Baxcalibur, L50, M|100\/100\n|turn|3\n|\n|t:|1683207085\n|-end|p1a: Flutter Mane|Protosynthesis|[silent]\n|switch|p1a: Gyarados|Gyarados, L50, F|100\/100\n|-ability|p1a: Gyarados|Intimidate|boost\n|-unboost|p2a: Great Tusk|atk|1\n|-unboost|p2b: Kilowattrel|atk|1\n|move|p2b: Kilowattrel|Protect|p2b: Kilowattrel\n|-singleturn|p2b: Kilowattrel|Protect\n|move|p1b: Baxcalibur|Ice Shard|p2b: Kilowattrel\n|-activate|p2b: Kilowattrel|move: Protect\n|move|p2a: Great Tusk|Earthquake|p1a: Gyarados|[spread] p1b\n|-activate|p2b: Kilowattrel|move: Protect\n|-immune|p1a: Gyarados\n|-damage|p1b: Baxcalibur|75\/100\n|\n|upkeep\n|turn|4\n|\n|t:|1683207123\n|switch|p2b: Flutter Mane|Flutter Mane, L50|100\/100\n|move|p1b: Baxcalibur|Ice Shard|p2b: Flutter Mane\n|-damage|p2b: Flutter Mane|57\/100\n|move|p2a: Great Tusk|Rock Slide|p1b: Baxcalibur|[spread] p1a,p1b\n|-supereffective|p1a: Gyarados\n|-supereffective|p1b: Baxcalibur\n|-damage|p1a: Gyarados|73\/100\n|-damage|p1b: Baxcalibur|49\/100\n|move|p1a: Gyarados|Waterfall|p2a: Great Tusk\n|-supereffective|p2a: Great Tusk\n|-damage|p2a: Great Tusk|46\/100\n|\n|-sideend|p2: hariyamacom|move: Tailwind\n|upkeep\n|turn|5\n|\n|t:|1683207144\n|move|p1b: Baxcalibur|Protect|p1b: Baxcalibur\n|-singleturn|p1b: Baxcalibur|Protect\n|move|p2b: Flutter Mane|Thunderbolt|p1a: Gyarados\n|-supereffective|p1a: Gyarados\n|-damage|p1a: Gyarados|0 fnt\n|faint|p1a: Gyarados\n|move|p2a: Great Tusk|Close Combat|p1b: Baxcalibur\n|-activate|p1b: Baxcalibur|move: Protect\n|\n|upkeep\n|\n|t:|1683207150\n|switch|p1a: Flutter Mane|Flutter Mane, L50, shiny, tera:Fairy|38\/100\n|turn|6\n|\n|t:|1683207165\n|-end|p2b: Flutter Mane|Protosynthesis|[silent]\n|switch|p2b: Kilowattrel|Kilowattrel, L50, M|9\/100\n|move|p1a: Flutter Mane|Hex|p2b: Kilowattrel\n|-damage|p2b: Kilowattrel|0 fnt\n|faint|p2b: Kilowattrel\n|move|p2a: Great Tusk|Earthquake|p1b: Baxcalibur|[spread] p1a,p1b\n|-damage|p1a: Flutter Mane|0 fnt\n|-damage|p1b: Baxcalibur|25\/100\n|faint|p1a: Flutter Mane\n|-end|p1a: Flutter Mane|Protosynthesis|[silent]\n|move|p1b: Baxcalibur|Glaive Rush|p2a: Great Tusk\n|-damage|p2a: Great Tusk|0 fnt\n|-singlemove|p1b: Baxcalibur|Glaive Rush|[silent]\n|faint|p2a: Great Tusk\n|-end|p2a: Great Tusk|Protosynthesis|[silent]\n|\n|upkeep\n|\n|t:|1683207179\n|switch|p2b: Flutter Mane|Flutter Mane, L50|57\/100\n|turn|7\n|\n|t:|1683207186\n|move|p1b: Baxcalibur|Ice Shard|p2b: Flutter Mane\n|-crit|p2b: Flutter Mane\n|-damage|p2b: Flutter Mane|0 fnt\n|faint|p2b: Flutter Mane\n|-end|p2b: Flutter Mane|Protosynthesis|[silent]\n|\n|win|leoroop\n|raw|leoroop's rating: 1229 → 1260<\/strong> (+31 for winning)\n|raw|hariyamacom's rating: 1309 → 1284<\/strong> (-25 for losing)\n","uploadtime":1683207197,"views":27,"p1id":"leoroop","p2id":"hariyamacom","formatid":"gen9vgc2023regulationc","rating":1260,"private":0,"password":""}