{"id":"gen9vgc2023regulationc-1859371573","p1":"momoRX","p2":"fdf4544","format":"[Gen 9] VGC 2023 Regulation C","log":"|j|\u2606momoRX\n|j|\u2606fdf4544\n|t:|1683449938\n|gametype|doubles\n|player|p1|momoRX|hugh|1087\n|player|p2|fdf4544|102|1032\n|teamsize|p1|6\n|teamsize|p2|6\n|gen|9\n|tier|[Gen 9] VGC 2023 Regulation C\n|rated|\n|rule|Species Clause: Limit one of each Pok\u00e9mon\n|rule|Item Clause: Limit one of each item\n|clearpoke\n|poke|p1|Ceruledge, L50, F|\n|poke|p1|Iron Bundle, L50|\n|poke|p1|Chi-Yu, L50|\n|poke|p1|Flutter Mane, L50|\n|poke|p1|Amoonguss, L50, F|\n|poke|p1|Iron Hands, L50|\n|poke|p2|Torkoal, L50, M|\n|poke|p2|Chi-Yu, L50|\n|poke|p2|Bronzong, L50|\n|poke|p2|Gastrodon, L50, F|\n|poke|p2|Grimmsnarl, L50, M|\n|poke|p2|Skeledirge, L50, F|\n|teampreview|4\n|inactive|Battle timer is ON: inactive players will automatically lose when time's up. (requested by fdf4544)\n|inactive|momoRX has 60 seconds left.\n|\n|t:|1683450007\n|start\n|switch|p1a: Flutter Mane|Flutter Mane, L50|100\/100\n|switch|p1b: Chi-Yu|Chi-Yu, L50|100\/100\n|switch|p2a: Grimmsnarl|Grimmsnarl, L50, M|100\/100\n|switch|p2b: Chi-Yu|Chi-Yu, L50|100\/100\n|-ability|p2b: Chi-Yu|Beads of Ruin\n|-ability|p1b: Chi-Yu|Beads of Ruin\n|turn|1\n|\n|t:|1683450031\n|move|p2b: Chi-Yu|Protect|p2b: Chi-Yu\n|-singleturn|p2b: Chi-Yu|Protect\n|move|p2a: Grimmsnarl|Trick|p1a: Flutter Mane\n|-activate|p2a: Grimmsnarl|move: Trick|[of] p1a: Flutter Mane\n|-item|p1a: Flutter Mane|Lagging Tail|[from] move: Trick\n|-item|p2a: Grimmsnarl|Choice Specs|[from] move: Trick\n|move|p1a: Flutter Mane|Moonblast|p2a: Grimmsnarl\n|-supereffective|p2a: Grimmsnarl\n|-damage|p2a: Grimmsnarl|0 fnt\n|faint|p2a: Grimmsnarl\n|move|p1b: Chi-Yu|Nasty Plot|p1b: Chi-Yu\n|-boost|p1b: Chi-Yu|spa|2\n|\n|upkeep\n|\n|t:|1683450045\n|switch|p2a: Skeledirge|Skeledirge, L50, F|100\/100\n|turn|2\n|\n|t:|1683450056\n|move|p2a: Skeledirge|Protect|p2a: Skeledirge\n|-singleturn|p2a: Skeledirge|Protect\n|move|p2b: Chi-Yu|Snarl|p1a: Flutter Mane|[spread] p1a,p1b\n|-resisted|p1b: Chi-Yu\n|-damage|p1a: Flutter Mane|77\/100\n|-damage|p1b: Chi-Yu|92\/100\n|-unboost|p1a: Flutter Mane|spa|1\n|-unboost|p1b: Chi-Yu|spa|1\n|move|p1b: Chi-Yu|Dark Pulse|p2a: Skeledirge\n|-activate|p2a: Skeledirge|move: Protect\n|move|p1a: Flutter Mane|Moonblast|p2b: Chi-Yu\n|-damage|p2b: Chi-Yu|68\/100\n|\n|-heal|p1b: Chi-Yu|98\/100|[from] item: Leftovers\n|upkeep\n|turn|3\n|\n|t:|1683450080\n|-end|p1a: Flutter Mane|Protosynthesis|[silent]\n|switch|p1a: Ceruledge|Ceruledge, L50, F|100\/100\n|-terastallize|p2a: Skeledirge|Fairy\n|move|p2b: Chi-Yu|Snarl|p1b: Chi-Yu|[spread] p1a,p1b\n|-supereffective|p1a: Ceruledge\n|-resisted|p1b: Chi-Yu\n|-damage|p1a: Ceruledge|50\/100\n|-damage|p1b: Chi-Yu|90\/100\n|-unboost|p1b: Chi-Yu|spa|1\n|move|p1b: Chi-Yu|Dark Pulse|p2b: Chi-Yu\n|-resisted|p2b: Chi-Yu\n|-damage|p2b: Chi-Yu|50\/100\n|move|p2a: Skeledirge|Torch Song|p1a: Ceruledge\n|-start|p1a: Ceruledge|ability: Flash Fire\n|\n|-heal|p1b: Chi-Yu|96\/100|[from] item: Leftovers\n|upkeep\n|turn|4\n|inactive|momoRX has 30 seconds left.\n|\n|t:|1683450110\n|-terastallize|p1a: Ceruledge|Steel\n|move|p2a: Skeledirge|Protect|p2a: Skeledirge\n|-singleturn|p2a: Skeledirge|Protect\n|move|p2b: Chi-Yu|Substitute|p2b: Chi-Yu\n|-start|p2b: Chi-Yu|Substitute\n|-damage|p2b: Chi-Yu|25\/100\n|-enditem|p2b: Chi-Yu|Wiki Berry|[eat]\n|-heal|p2b: Chi-Yu|58\/100|[from] item: Wiki Berry\n|move|p1b: Chi-Yu|Nasty Plot|p1b: Chi-Yu\n|-boost|p1b: Chi-Yu|spa|2\n|move|p1a: Ceruledge|Bitter Blade|p2a: Skeledirge\n|-activate|p2a: Skeledirge|move: Protect\n|\n|-heal|p1b: Chi-Yu|100\/100|[from] item: Leftovers\n|upkeep\n|turn|5\n|\n|t:|1683450132\n|switch|p2a: Gastrodon|Gastrodon, L50, F|100\/100\n|move|p2b: Chi-Yu|Snarl|p1b: Chi-Yu|[spread] p1a,p1b\n|-resisted|p1b: Chi-Yu\n|-damage|p1a: Ceruledge|24\/100\n|-damage|p1b: Chi-Yu|92\/100\n|-unboost|p1b: Chi-Yu|spa|1\n|move|p1b: Chi-Yu|Dark Pulse|p2b: Chi-Yu\n|-resisted|p2b: Chi-Yu\n|-end|p2b: Chi-Yu|Substitute\n|move|p1a: Ceruledge|Bitter Blade|p2a: Gastrodon\n|-resisted|p2a: Gastrodon\n|-damage|p2a: Gastrodon|60\/100\n|-heal|p1a: Ceruledge|48\/100|[from] drain|[of] p2a: Gastrodon\n|\n|-heal|p1b: Chi-Yu|98\/100|[from] item: Leftovers\n|upkeep\n|turn|6\n|\n|t:|1683450155\n|move|p2b: Chi-Yu|Snarl|p1a: Ceruledge|[spread] p1a,p1b\n|-resisted|p1b: Chi-Yu\n|-damage|p1a: Ceruledge|24\/100\n|-damage|p1b: Chi-Yu|90\/100\n|-unboost|p1b: Chi-Yu|spa|1\n|move|p1b: Chi-Yu|Dark Pulse|p2a: Gastrodon\n|-damage|p2a: Gastrodon|14\/100\n|move|p1a: Ceruledge|Bitter Blade|p2a: Gastrodon\n|-resisted|p2a: Gastrodon\n|-crit|p2a: Gastrodon\n|-damage|p2a: Gastrodon|0 fnt\n|-heal|p1a: Ceruledge|32\/100|[from] drain|[of] p2a: Gastrodon\n|faint|p2a: Gastrodon\n|\n|-heal|p1b: Chi-Yu|96\/100|[from] item: Leftovers\n|upkeep\n|\n|t:|1683450164\n|switch|p2a: Skeledirge|Skeledirge, L50, F, tera:Fairy|100\/100\n|turn|7\n|\n|t:|1683450184\n|move|p2a: Skeledirge|Protect|p2a: Skeledirge\n|-singleturn|p2a: Skeledirge|Protect\n|move|p2b: Chi-Yu|Snarl|p1b: Chi-Yu|[spread] p1a,p1b\n|-resisted|p1b: Chi-Yu\n|-damage|p1a: Ceruledge|6\/100\n|-damage|p1b: Chi-Yu|87\/100\n|-unboost|p1b: Chi-Yu|spa|1\n|move|p1b: Chi-Yu|Nasty Plot|p1b: Chi-Yu\n|-boost|p1b: Chi-Yu|spa|2\n|move|p1a: Ceruledge|Bitter Blade|p2a: Skeledirge\n|-activate|p2a: Skeledirge|move: Protect\n|\n|-heal|p1b: Chi-Yu|93\/100|[from] item: Leftovers\n|upkeep\n|turn|8\n|\n|t:|1683450207\n|move|p1a: Ceruledge|Protect|p1a: Ceruledge\n|-singleturn|p1a: Ceruledge|Protect\n|move|p2b: Chi-Yu|Snarl|p1a: Ceruledge|[spread] p1b\n|-activate|p1a: Ceruledge|move: Protect\n|-resisted|p1b: Chi-Yu\n|-damage|p1b: Chi-Yu|85\/100\n|-unboost|p1b: Chi-Yu|spa|1\n|move|p1b: Chi-Yu|Dark Pulse|p2b: Chi-Yu\n|-resisted|p2b: Chi-Yu\n|-damage|p2b: Chi-Yu|38\/100\n|move|p2a: Skeledirge|Tera Blast|p1b: Chi-Yu\n|-damage|p1b: Chi-Yu|49\/100\n|\n|-heal|p1b: Chi-Yu|55\/100|[from] item: Leftovers\n|upkeep\n|turn|9\n|\n|t:|1683450230\n|move|p2b: Chi-Yu|Snarl|p1a: Ceruledge|[spread] p1a,p1b\n|-resisted|p1b: Chi-Yu\n|-damage|p1a: Ceruledge|0 fnt\n|-damage|p1b: Chi-Yu|47\/100\n|-unboost|p1b: Chi-Yu|spa|1\n|faint|p1a: Ceruledge\n|move|p1b: Chi-Yu|Nasty Plot|p1b: Chi-Yu\n|-boost|p1b: Chi-Yu|spa|2\n|move|p2a: Skeledirge|Tera Blast|p1b: Chi-Yu\n|-damage|p1b: Chi-Yu|10\/100\n|\n|-heal|p1b: Chi-Yu|16\/100|[from] item: Leftovers\n|upkeep\n|\n|t:|1683450244\n|switch|p1a: Amoonguss|Amoonguss, L50, F|100\/100\n|turn|10\n|\n|t:|1683450255\n|move|p1b: Chi-Yu|Protect|p1b: Chi-Yu\n|-singleturn|p1b: Chi-Yu|Protect\n|move|p2b: Chi-Yu|Snarl|p1a: Amoonguss|[spread] p1a\n|-activate|p1b: Chi-Yu|move: Protect\n|-damage|p1a: Amoonguss|79\/100\n|-unboost|p1a: Amoonguss|spa|1\n|move|p2a: Skeledirge|Torch Song|p1a: Amoonguss\n|-supereffective|p1a: Amoonguss\n|-damage|p1a: Amoonguss|0 fnt\n|-boost|p2a: Skeledirge|spa|1\n|faint|p1a: Amoonguss\n|\n|-heal|p1b: Chi-Yu|22\/100|[from] item: Leftovers\n|upkeep\n|\n|t:|1683450271\n|switch|p1a: Flutter Mane|Flutter Mane, L50|77\/100\n|turn|11\n|-message|momoRX forfeited.\n|\n|win|fdf4544\n|raw|momoRX's rating: 1087 → 1060<\/strong> (-27 for losing)\n|raw|fdf4544's rating: 1032 → 1073<\/strong> (+41 for winning)\n|l|\u2606momoRX\n","uploadtime":1683450286,"views":10,"p1id":"momorx","p2id":"fdf4544","formatid":"gen9vgc2023regulationc","rating":1060,"private":0,"password":""}