{"id":"gen9vgc2023regulationc-1859181614","p1":"ScrubShadedPurple","p2":"AkaNaw","format":"[Gen 9] VGC 2023 Regulation C","log":"|j|\u2606ScrubShadedPurple\n|j|\u2606AkaNaw\n|t:|1683414578\n|gametype|doubles\n|player|p1|ScrubShadedPurple|170|1070\n|player|p2|AkaNaw|petrel|1000\n|teamsize|p1|6\n|teamsize|p2|6\n|gen|9\n|tier|[Gen 9] VGC 2023 Regulation C\n|rated|\n|rule|Species Clause: Limit one of each Pok\u00e9mon\n|rule|Item Clause: Limit one of each item\n|clearpoke\n|poke|p1|Ceruledge, L50, M|\n|poke|p1|Gyarados, L50, F|\n|poke|p1|Ting-Lu, L50|\n|poke|p1|Baxcalibur, L50, M|\n|poke|p1|Amoonguss, L50, F|\n|poke|p1|Flutter Mane, L50|\n|poke|p2|Arcanine, L50, M|\n|poke|p2|Hippowdon, L50, F|\n|poke|p2|Orthworm, L50, M|\n|poke|p2|Raichu, L50, F|\n|poke|p2|Corviknight, L50, M|\n|poke|p2|Palafin, L50, M|\n|teampreview|4\n|inactive|Battle timer is ON: inactive players will automatically lose when time's up. (requested by ScrubShadedPurple)\n|inactive|ScrubShadedPurple has 60 seconds left.\n|inactive|AkaNaw has 60 seconds left.\n|\n|t:|1683414623\n|start\n|switch|p1a: Ceruledge|Ceruledge, L50, M, shiny|100\/100\n|switch|p1b: Amoonguss|Amoonguss, L50, F|100\/100\n|switch|p2a: Corviknight|Corviknight, L50, M|100\/100\n|switch|p2b: Palafin|Palafin, L50, M|100\/100\n|turn|1\n|inactive|ScrubShadedPurple has 30 seconds left.\n|inactive|ScrubShadedPurple has 20 seconds left.\n|inactive|ScrubShadedPurple has 15 seconds left.\n|\n|t:|1683414663\n|switch|p1b: Baxcalibur|Baxcalibur, L50, M|100\/100\n|-terastallize|p1a: Ceruledge|Grass\n|move|p2b: Palafin|Flip Turn|p1a: Ceruledge\n|-resisted|p1a: Ceruledge\n|-damage|p1a: Ceruledge|88\/100\n|\n|t:|1683414671\n|detailschange|p2b: Palafin|Palafin-Hero, L50, M\n|switch|p2b: Arcanine|Arcanine, L50, M|100\/100|[from] Flip Turn\n|-ability|p2b: Arcanine|Intimidate|boost\n|-unboost|p1a: Ceruledge|atk|1\n|-fail|p1b: Baxcalibur|unboost|[from] item: Clear Amulet|[of] p1b: Baxcalibur\n|move|p1a: Ceruledge|Bitter Blade|p2a: Corviknight\n|-supereffective|p2a: Corviknight\n|-damage|p2a: Corviknight|39\/100\n|-heal|p1a: Ceruledge|100\/100|[from] drain|[of] p2a: Corviknight\n|-damage|p1a: Ceruledge|84\/100|[from] item: Rocky Helmet|[of] p2a: Corviknight\n|-damage|p1a: Ceruledge|75\/100|[from] item: Life Orb\n|move|p2a: Corviknight|Tailwind|p2a: Corviknight\n|-sidestart|p2: AkaNaw|move: Tailwind\n|\n|upkeep\n|turn|2\n|inactive|ScrubShadedPurple has 30 seconds left.\n|inactive|AkaNaw has 30 seconds left.\n|\n|t:|1683414700\n|move|p1a: Ceruledge|Protect|p1a: Ceruledge\n|-singleturn|p1a: Ceruledge|Protect\n|move|p2b: Arcanine|Play Rough|p1b: Baxcalibur\n|-supereffective|p1b: Baxcalibur\n|-damage|p1b: Baxcalibur|48\/100\n|move|p2a: Corviknight|Brave Bird|p1a: Ceruledge\n|-activate|p1a: Ceruledge|move: Protect\n|move|p1b: Baxcalibur|Dragon Dance|p1b: Baxcalibur\n|-boost|p1b: Baxcalibur|atk|1\n|-boost|p1b: Baxcalibur|spe|1\n|\n|upkeep\n|turn|3\n|\n|t:|1683414724\n|switch|p1a: Gyarados|Gyarados, L50, F|100\/100\n|-ability|p1a: Gyarados|Intimidate|boost\n|-ability|p2a: Corviknight|Mirror Armor\n|-unboost|p1a: Gyarados|atk|1\n|-unboost|p2b: Arcanine|atk|1\n|move|p2b: Arcanine|Play Rough|p1b: Baxcalibur\n|-supereffective|p1b: Baxcalibur\n|-damage|p1b: Baxcalibur|13\/100\n|move|p1b: Baxcalibur|Icicle Crash|p2a: Corviknight\n|-damage|p2a: Corviknight|0 fnt\n|faint|p2a: Corviknight\n|\n|upkeep\n|\n|t:|1683414738\n|switch|p2a: Raichu|Raichu, L50, F|100\/100\n|turn|4\n|\n|t:|1683414748\n|switch|p1a: Ceruledge|Ceruledge, L50, M, shiny, tera:Grass|75\/100\n|move|p1b: Baxcalibur|Protect|p1b: Baxcalibur\n|-singleturn|p1b: Baxcalibur|Protect\n|move|p2a: Raichu|Volt Switch|p1a: Ceruledge\n|-resisted|p1a: Ceruledge\n|-damage|p1a: Ceruledge|60\/100\n|\n|t:|1683414756\n|switch|p2a: Palafin|Palafin-Hero, L50, M|100\/100|[from] Volt Switch\n|-activate|p2a: Palafin|ability: Zero to Hero\n|move|p2b: Arcanine|Play Rough|p1b: Baxcalibur\n|-activate|p1b: Baxcalibur|move: Protect\n|\n|-sideend|p2: AkaNaw|move: Tailwind\n|upkeep\n|turn|5\n|inactive|ScrubShadedPurple has 30 seconds left.\n|\n|t:|1683414783\n|switch|p1b: Gyarados|Gyarados, L50, F|100\/100\n|-ability|p1b: Gyarados|Intimidate|boost\n|-unboost|p2a: Palafin|atk|1\n|-unboost|p2b: Arcanine|atk|1\n|move|p2a: Palafin|Drain Punch|p1b: Gyarados\n|-resisted|p1b: Gyarados\n|-damage|p1b: Gyarados|90\/100\n|move|p2b: Arcanine|Flare Blitz|p1a: Ceruledge\n|-start|p1a: Ceruledge|ability: Flash Fire\n|move|p1a: Ceruledge|Tera Blast|p2a: Palafin\n|-supereffective|p2a: Palafin\n|-damage|p2a: Palafin|0 fnt\n|faint|p2a: Palafin\n|-damage|p1a: Ceruledge|51\/100|[from] item: Life Orb\n|\n|upkeep\n|\n|t:|1683414797\n|switch|p2a: Raichu|Raichu, L50, F|100\/100\n|turn|6\n|\n|t:|1683414819\n|switch|p1b: Amoonguss|Amoonguss, L50, F|100\/100\n|move|p1a: Ceruledge|Protect|p1a: Ceruledge\n|-singleturn|p1a: Ceruledge|Protect\n|move|p2a: Raichu|Fake Out|p1a: Ceruledge\n|-activate|p1a: Ceruledge|move: Protect\n|move|p2b: Arcanine|Snarl|p1b: Amoonguss|[spread] p1b\n|-activate|p1a: Ceruledge|move: Protect\n|-damage|p1b: Amoonguss|93\/100\n|-unboost|p1b: Amoonguss|spa|1\n|\n|upkeep\n|turn|7\n|inactive|ScrubShadedPurple has 30 seconds left.\n|\n|t:|1683414845\n|move|p2a: Raichu|Hyper Beam|p1a: Ceruledge\n|-damage|p1a: Ceruledge|11\/100\n|-mustrecharge|p2a: Raichu\n|move|p2b: Arcanine|Flare Blitz|p1b: Amoonguss\n|-supereffective|p1b: Amoonguss\n|-damage|p1b: Amoonguss|48\/100\n|-damage|p2b: Arcanine|84\/100|[from] item: Rocky Helmet|[of] p1b: Amoonguss\n|-damage|p2b: Arcanine|68\/100|[from] Recoil\n|move|p1a: Ceruledge|Bitter Blade|p2a: Raichu\n|-crit|p2a: Raichu\n|-enditem|p2a: Raichu|Focus Sash\n|-damage|p2a: Raichu|1\/100\n|-heal|p1a: Ceruledge|48\/100|[from] drain|[of] p2a: Raichu\n|-damage|p1a: Ceruledge|38\/100|[from] item: Life Orb\n|move|p1b: Amoonguss|Pollen Puff|p1a: Ceruledge\n|-heal|p1a: Ceruledge|88\/100\n|\n|upkeep\n|turn|8\n|inactive|ScrubShadedPurple has 30 seconds left.\n|inactive|ScrubShadedPurple has 20 seconds left.\n|\n|t:|1683414881\n|switch|p1b: Gyarados|Gyarados, L50, F|90\/100\n|-ability|p1b: Gyarados|Intimidate|boost\n|-unboost|p2a: Raichu|atk|1\n|-unboost|p2b: Arcanine|atk|1\n|move|p1a: Ceruledge|Shadow Sneak|p2a: Raichu\n|-crit|p2a: Raichu\n|-damage|p2a: Raichu|0 fnt\n|faint|p2a: Raichu\n|-damage|p1a: Ceruledge|79\/100|[from] item: Life Orb\n|move|p2b: Arcanine|Flare Blitz|p1a: Ceruledge\n|-immune|p1a: Ceruledge|[from] ability: Flash Fire\n|\n|upkeep\n|turn|9\n|-message|AkaNaw forfeited.\n|\n|win|ScrubShadedPurple\n|raw|ScrubShadedPurple's rating: 1070 → 1094<\/strong> (+24 for winning)\n|raw|AkaNaw's rating: 1000 → 1000<\/strong> (+0 for losing)\n|l|\u2606AkaNaw\n","uploadtime":1683414898,"views":12,"p1id":"scrubshadedpurple","p2id":"akanaw","formatid":"gen9vgc2023regulationc","rating":1000,"private":0,"password":""}