{"id":"gen9vgc2023regulationc-1846042991","p1":"IAmAnissue","p2":"Kyasumi","format":"[Gen 9] VGC 2023 Regulation C","log":"|j|\u2606IAmAnissue\n|j|\u2606Kyasumi\n|t:|1681796439\n|gametype|doubles\n|player|p1|IAmAnissue|265|1208\n|player|p2|Kyasumi|marley|1099\n|teamsize|p1|6\n|teamsize|p2|6\n|gen|9\n|tier|[Gen 9] VGC 2023 Regulation C\n|rated|\n|rule|Species Clause: Limit one of each Pok\u00e9mon\n|rule|Item Clause: Limit one of each item\n|clearpoke\n|poke|p1|Tauros-Paldea-Blaze, L50, M|\n|poke|p1|Iron Valiant, L50|\n|poke|p1|Gastrodon, L50, F|\n|poke|p1|Gothitelle, L50, M|\n|poke|p1|Kingambit, L50, M|\n|poke|p1|Farigiraf, L50, M|\n|poke|p2|Chien-Pao, L50|\n|poke|p2|Meowscarada, L50, F|\n|poke|p2|Flutter Mane, L50|\n|poke|p2|Amoonguss, L50, M|\n|poke|p2|Dragonite, L50, F|\n|poke|p2|Klefki, L50, F|\n|teampreview|4\n|inactive|Battle timer is ON: inactive players will automatically lose when time's up. (requested by IAmAnissue)\n|inactive|IAmAnissue has 60 seconds left.\n|inactive|Kyasumi has 60 seconds left.\n|inactive|IAmAnissue has 30 seconds left.\n|inactive|IAmAnissue has 20 seconds left.\n|\n|t:|1681796513\n|start\n|switch|p1a: Gothitelle|Gothitelle, L50, M|100\/100\n|switch|p1b: Farigiraf|Farigiraf, L50, M|100\/100\n|switch|p2a: Klefki|Klefki, L50, F|100\/100\n|switch|p2b: Flutter Mane|Flutter Mane, L50|100\/100\n|-enditem|p2b: Flutter Mane|Booster Energy\n|-activate|p2b: Flutter Mane|ability: Protosynthesis|[fromitem]\n|-start|p2b: Flutter Mane|protosynthesisspe\n|turn|1\n|\n|t:|1681796529\n|move|p1a: Gothitelle|Protect|p1a: Gothitelle\n|-singleturn|p1a: Gothitelle|Protect\n|move|p2a: Klefki|Imprison|p2a: Klefki\n|-start|p2a: Klefki|move: Imprison\n|move|p2b: Flutter Mane|Shadow Ball|p1a: Gothitelle\n|-activate|p1a: Gothitelle|move: Protect\n|cant|p1b: Farigiraf|move: Imprison|Trick Room\n|\n|upkeep\n|turn|2\n|c|\u2606IAmAnissue|it's been a while since I last saw imprison\n|inactive|IAmAnissue has 30 seconds left.\n|\n|t:|1681796563\n|switch|p1a: Kingambit|Kingambit, L50, M|100\/100\n|move|p2a: Klefki|Thunder Wave||[still]\n|cant|p1b: Farigiraf|ability: Armor Tail|Thunder Wave|[of] p2a: Klefki\n|move|p2b: Flutter Mane|Shadow Ball|p1a: Kingambit\n|-resisted|p1a: Kingambit\n|-damage|p1a: Kingambit|86\/100\n|move|p1b: Farigiraf|Psychic|p2b: Flutter Mane\n|-damage|p2b: Flutter Mane|41\/100\n|-damage|p1b: Farigiraf|91\/100|[from] item: Life Orb\n|\n|upkeep\n|turn|3\n|\n|t:|1681796579\n|move|p1a: Kingambit|Sucker Punch|p2b: Flutter Mane\n|-damage|p2b: Flutter Mane|0 fnt\n|faint|p2b: Flutter Mane\n|-end|p2b: Flutter Mane|Protosynthesis|[silent]\n|move|p2a: Klefki|Dazzling Gleam|p1a: Kingambit|[spread] p1a,p1b\n|-crit|p1b: Farigiraf\n|-damage|p1a: Kingambit|74\/100\n|-damage|p1b: Farigiraf|62\/100\n|move|p1b: Farigiraf|Psychic|p2a: Klefki\n|-resisted|p2a: Klefki\n|-damage|p2a: Klefki|69\/100\n|-damage|p1b: Farigiraf|52\/100|[from] item: Life Orb\n|\n|upkeep\n|\n|t:|1681796583\n|switch|p2b: Chien-Pao|Chien-Pao, L50|100\/100\n|-ability|p2b: Chien-Pao|Sword of Ruin\n|turn|4\n|inactive|IAmAnissue has 30 seconds left.\n|inactive|IAmAnissue has 20 seconds left.\n|inactive|IAmAnissue has 15 seconds left.\n|\n|t:|1681796627\n|-terastallize|p2b: Chien-Pao|Fighting\n|move|p1b: Farigiraf|Protect|p1b: Farigiraf\n|-singleturn|p1b: Farigiraf|Protect\n|move|p2b: Chien-Pao|Sacred Sword|p1a: Kingambit\n|-supereffective|p1a: Kingambit\n|-damage|p1a: Kingambit|0 fnt\n|faint|p1a: Kingambit\n|-damage|p2b: Chien-Pao|91\/100|[from] item: Life Orb\n|move|p2a: Klefki|Dazzling Gleam|p1b: Farigiraf\n|-activate|p1b: Farigiraf|move: Protect\n|\n|upkeep\n|\n|t:|1681796631\n|switch|p1a: Gothitelle|Gothitelle, L50, M|100\/100\n|turn|5\n|\n|t:|1681796645\n|move|p1a: Gothitelle|Fake Out|p2b: Chien-Pao\n|-damage|p2b: Chien-Pao|82\/100\n|cant|p2b: Chien-Pao|flinch\n|move|p2a: Klefki|Dazzling Gleam|p1a: Gothitelle|[spread] p1a,p1b\n|-damage|p1a: Gothitelle|85\/100\n|-damage|p1b: Farigiraf|35\/100\n|move|p1b: Farigiraf|Psychic|p2b: Chien-Pao\n|-supereffective|p2b: Chien-Pao\n|-damage|p2b: Chien-Pao|0 fnt\n|faint|p2b: Chien-Pao\n|-damage|p1b: Farigiraf|25\/100|[from] item: Life Orb\n|\n|upkeep\n|\n|t:|1681796648\n|switch|p2b: Meowscarada|Meowscarada, L50, F|100\/100\n|turn|6\n|\n|t:|1681796672\n|move|p2b: Meowscarada|Sucker Punch||[still]\n|cant|p1b: Farigiraf|ability: Armor Tail|Sucker Punch|[of] p2b: Meowscarada\n|move|p2a: Klefki|Dazzling Gleam|p1b: Farigiraf|[spread] p1a,p1b\n|-damage|p1a: Gothitelle|69\/100\n|-damage|p1b: Farigiraf|5\/100\n|move|p1a: Gothitelle|Psychic|p2a: Klefki\n|-resisted|p2a: Klefki\n|-damage|p2a: Klefki|54\/100\n|move|p1b: Farigiraf|Psychic|p2a: Klefki\n|-resisted|p2a: Klefki\n|-damage|p2a: Klefki|22\/100\n|-damage|p1b: Farigiraf|0 fnt|[from] item: Life Orb\n|faint|p1b: Farigiraf\n|\n|upkeep\n|\n|t:|1681796674\n|switch|p1b: Iron Valiant|Iron Valiant, L50, shiny|100\/100\n|turn|7\n|\n|t:|1681796691\n|move|p2a: Klefki|Thunder Wave|p1b: Iron Valiant\n|-status|p1b: Iron Valiant|par\n|move|p2b: Meowscarada|Knock Off|p1a: Gothitelle\n|-supereffective|p1a: Gothitelle\n|-enditem|p1a: Gothitelle|Colbur Berry|[eat]\n|-enditem|p1a: Gothitelle|Colbur Berry|[weaken]\n|-damage|p1a: Gothitelle|33\/100\n|cant|p1b: Iron Valiant|par\n|move|p1a: Gothitelle|Psychic|p2a: Klefki\n|-resisted|p2a: Klefki\n|-damage|p2a: Klefki|6\/100\n|\n|upkeep\n|turn|8\n|\n|t:|1681796714\n|move|p1a: Gothitelle|Protect|p1a: Gothitelle\n|-singleturn|p1a: Gothitelle|Protect\n|move|p2a: Klefki|Thunder Wave|p1a: Gothitelle\n|-activate|p1a: Gothitelle|move: Protect\n|move|p2b: Meowscarada|Flower Trick|p1b: Iron Valiant\n|-crit|p1b: Iron Valiant\n|-damage|p1b: Iron Valiant|27\/100 par\n|move|p1b: Iron Valiant|Moonblast|p2b: Meowscarada\n|-supereffective|p2b: Meowscarada\n|-enditem|p2b: Meowscarada|Focus Sash\n|-damage|p2b: Meowscarada|1\/100\n|\n|upkeep\n|turn|9\n|\n|t:|1681796733\n|move|p2a: Klefki|Thunder Wave|p1a: Gothitelle\n|-status|p1a: Gothitelle|par\n|move|p1b: Iron Valiant|Shadow Sneak|p2b: Meowscarada\n|-resisted|p2b: Meowscarada\n|-damage|p2b: Meowscarada|0 fnt\n|faint|p2b: Meowscarada\n|move|p1a: Gothitelle|Psychic|p2a: Klefki\n|-resisted|p2a: Klefki\n|-damage|p2a: Klefki|0 fnt\n|faint|p2a: Klefki\n|\n|win|IAmAnissue\n|raw|IAmAnissue's rating: 1208 → 1225<\/strong> (+17 for winning)\n|raw|Kyasumi's rating: 1099 → 1082<\/strong> (-17 for losing)\n|c|\u2606Kyasumi|gg\n|c|\u2606IAmAnissue|that was a game I needed\n|c|\u2606IAmAnissue|gg\n|c|\u2606Kyasumi|Glad to hear it\n|c|\u2606Kyasumi|I've been struggling with my tean for a hot minute\n|c|\u2606IAmAnissue|yeah same, I threw out half my team and this is what I'm testing atm\n|c|\u2606Kyasumi|Lmfao same\n|c|\u2606Kyasumi|Close game though, it was good\n|c|\u2606IAmAnissue|yeah\n","uploadtime":1681797059,"views":7,"p1id":"iamanissue","p2id":"kyasumi","formatid":"gen9vgc2023regulationc","rating":1082,"private":0,"password":""}