{"id":"gen9vgc2023regulationc-1854749179","p1":"clodsirefanclub","p2":"JogadorZero","format":"[Gen 9] VGC 2023 Regulation C","log":"|j|\u2606clodsirefanclub\n|j|\u2606JogadorZero\n|t:|1682860985\n|gametype|doubles\n|player|p1|clodsirefanclub|169|1144\n|player|p2|JogadorZero|veteran-gen6|1179\n|teamsize|p1|6\n|teamsize|p2|6\n|gen|9\n|tier|[Gen 9] VGC 2023 Regulation C\n|rated|\n|rule|Species Clause: Limit one of each Pok\u00e9mon\n|rule|Item Clause: Limit one of each item\n|clearpoke\n|poke|p1|Chi-Yu, L50|\n|poke|p1|Amoonguss, L50, M|\n|poke|p1|Dragonite, L50, F|\n|poke|p1|Gyarados, L50, F|\n|poke|p1|Iron Hands, L50|\n|poke|p1|Flutter Mane, L50|\n|poke|p2|Amoonguss, L50, M|\n|poke|p2|Flutter Mane, L50|\n|poke|p2|Chi-Yu, L50|\n|poke|p2|Dragonite, L50, F|\n|poke|p2|Gholdengo, L50|\n|poke|p2|Talonflame, L50, F|\n|teampreview|4\n|inactive|Battle timer is ON: inactive players will automatically lose when time's up. (requested by JogadorZero)\n|\n|t:|1682861032\n|start\n|switch|p1a: Flutter Mane|Flutter Mane, L50|100\/100\n|switch|p1b: Iron Hands|Iron Hands, L50|100\/100\n|switch|p2a: Flutter Mane|Flutter Mane, L50|100\/100\n|switch|p2b: Chi-Yu|Chi-Yu, L50|100\/100\n|-ability|p2b: Chi-Yu|Beads of Ruin\n|-enditem|p1a: Flutter Mane|Booster Energy\n|-activate|p1a: Flutter Mane|ability: Protosynthesis|[fromitem]\n|-start|p1a: Flutter Mane|protosynthesisspe\n|turn|1\n|inactive|JogadorZero has 30 seconds left.\n|inactive|JogadorZero has 20 seconds left.\n|\n|t:|1682861071\n|move|p2b: Chi-Yu|Protect|p2b: Chi-Yu\n|-singleturn|p2b: Chi-Yu|Protect\n|move|p1b: Iron Hands|Fake Out|p2b: Chi-Yu\n|-activate|p2b: Chi-Yu|move: Protect\n|move|p1a: Flutter Mane|Shadow Ball|p2a: Flutter Mane\n|-supereffective|p2a: Flutter Mane\n|-enditem|p2a: Flutter Mane|Focus Sash\n|-damage|p2a: Flutter Mane|1\/100\n|-unboost|p2a: Flutter Mane|spd|1\n|move|p2a: Flutter Mane|Shadow Ball|p1a: Flutter Mane\n|-supereffective|p1a: Flutter Mane\n|-damage|p1a: Flutter Mane|0 fnt\n|faint|p1a: Flutter Mane\n|-end|p1a: Flutter Mane|Protosynthesis|[silent]\n|\n|upkeep\n|inactive|clodsirefanclub has 30 seconds left.\n|\n|t:|1682861098\n|switch|p1a: Dragonite|Dragonite, L50, F|100\/100\n|turn|2\n|\n|t:|1682861118\n|move|p2a: Flutter Mane|Dazzling Gleam|p1b: Iron Hands|[spread] p1a,p1b\n|-supereffective|p1a: Dragonite\n|-supereffective|p1b: Iron Hands\n|-damage|p1a: Dragonite|64\/100\n|-damage|p1b: Iron Hands|55\/100\n|-enditem|p1a: Dragonite|Weakness Policy\n|-boost|p1a: Dragonite|atk|2|[from] item: Weakness Policy\n|-boost|p1a: Dragonite|spa|2|[from] item: Weakness Policy\n|move|p2b: Chi-Yu|Heat Wave|p1b: Iron Hands|[spread] p1a,p1b\n|-resisted|p1a: Dragonite\n|-damage|p1a: Dragonite|36\/100\n|-damage|p1b: Iron Hands|17\/100\n|-damage|p2b: Chi-Yu|90\/100|[from] item: Life Orb\n|move|p1a: Dragonite|Tailwind|p1a: Dragonite\n|-sidestart|p1: clodsirefanclub|move: Tailwind\n|move|p1b: Iron Hands|Volt Switch|p2a: Flutter Mane\n|-damage|p2a: Flutter Mane|0 fnt\n|faint|p2a: Flutter Mane\n|-end|p2a: Flutter Mane|Protosynthesis|[silent]\n|\n|t:|1682861134\n|-end|p1b: Iron Hands|Quark Drive|[silent]\n|switch|p1b: Chi-Yu|Chi-Yu, L50|100\/100|[from] Volt Switch\n|-ability|p1b: Chi-Yu|Beads of Ruin\n|\n|upkeep\n|inactive|JogadorZero has 30 seconds left.\n|\n|t:|1682861165\n|switch|p2a: Talonflame|Talonflame, L50, F|100\/100\n|turn|3\n|inactive|clodsirefanclub has 30 seconds left.\n|inactive|clodsirefanclub has 20 seconds left.\n|\n|t:|1682861204\n|move|p2a: Talonflame|Tailwind|p2a: Talonflame\n|-sidestart|p2: JogadorZero|move: Tailwind\n|move|p2b: Chi-Yu|Heat Wave|p1a: Dragonite|[spread] p1a,p1b\n|-resisted|p1a: Dragonite\n|-resisted|p1b: Chi-Yu\n|-damage|p1a: Dragonite|8\/100\n|-damage|p1b: Chi-Yu|74\/100\n|-damage|p2b: Chi-Yu|80\/100|[from] item: Life Orb\n|move|p1b: Chi-Yu|Light Screen|p1b: Chi-Yu\n|-sidestart|p1: clodsirefanclub|move: Light Screen\n|move|p1a: Dragonite|Roost|p1a: Dragonite\n|-heal|p1a: Dragonite|58\/100\n|-singleturn|p1a: Dragonite|move: Roost\n|\n|upkeep\n|turn|4\n|\n|t:|1682861228\n|move|p2a: Talonflame|Will-O-Wisp|p1a: Dragonite|[miss]\n|-miss|p2a: Talonflame|p1a: Dragonite\n|move|p2b: Chi-Yu|Heat Wave|p1a: Dragonite|[spread] p1a\n|-miss|p2b: Chi-Yu|p1b: Chi-Yu\n|-resisted|p1a: Dragonite\n|-damage|p1a: Dragonite|40\/100\n|-damage|p2b: Chi-Yu|70\/100|[from] item: Life Orb\n|move|p1b: Chi-Yu|Dark Pulse|p2a: Talonflame\n|-damage|p2a: Talonflame|30\/100\n|move|p1a: Dragonite|Outrage|p2a: Talonflame\n|-damage|p2a: Talonflame|0 fnt\n|faint|p2a: Talonflame\n|\n|upkeep\n|\n|t:|1682861248\n|switch|p2a: Gholdengo|Gholdengo, L50|100\/100\n|turn|5\n|\n|t:|1682861264\n|move|p1b: Chi-Yu|Heat Wave|p2a: Gholdengo|[spread] p2a,p2b\n|-supereffective|p2a: Gholdengo\n|-resisted|p2b: Chi-Yu\n|-damage|p2a: Gholdengo|0 fnt\n|-damage|p2b: Chi-Yu|49\/100\n|faint|p2a: Gholdengo\n|move|p2b: Chi-Yu|Dark Pulse|p1b: Chi-Yu\n|-resisted|p1b: Chi-Yu\n|-damage|p1b: Chi-Yu|51\/100\n|-damage|p2b: Chi-Yu|39\/100|[from] item: Life Orb\n|move|p1a: Dragonite|Outrage|p2b: Chi-Yu|[from]lockedmove\n|-damage|p2b: Chi-Yu|0 fnt\n|faint|p2b: Chi-Yu\n|-start|p1a: Dragonite|confusion|[fatigue]\n|\n|win|clodsirefanclub\n|raw|clodsirefanclub's rating: 1144 → 1172<\/strong> (+28 for winning)\n|raw|JogadorZero's rating: 1179 → 1151<\/strong> (-28 for losing)\n|l|\u2606clodsirefanclub\n","uploadtime":1682861441,"views":14,"p1id":"clodsirefanclub","p2id":"jogadorzero","formatid":"gen9vgc2023regulationc","rating":1151,"private":0,"password":""}