{"id":"gen9vgc2023regulationc-1863458112","p1":"Adroqk","p2":"Gumi62","format":"[Gen 9] VGC 2023 Regulation C","log":"|j|\u2606Adroqk\n|j|\u2606Gumi62\n|t:|1684019941\n|gametype|doubles\n|player|p1|Adroqk|102|1177\n|player|p2|Gumi62|silver|1207\n|teamsize|p1|6\n|teamsize|p2|6\n|gen|9\n|tier|[Gen 9] VGC 2023 Regulation C\n|rated|\n|rule|Species Clause: Limit one of each Pok\u00e9mon\n|rule|Item Clause: Limit one of each item\n|clearpoke\n|poke|p1|Ting-Lu, L50|\n|poke|p1|Bronzong, L50|\n|poke|p1|Murkrow, L50, F|\n|poke|p1|Flutter Mane, L50|\n|poke|p1|Baxcalibur, L50, F|\n|poke|p1|Abomasnow, L50, F|\n|poke|p2|Torkoal, L50, M|\n|poke|p2|Chi-Yu, L50|\n|poke|p2|Flutter Mane, L50|\n|poke|p2|Jumpluff, L50, M|\n|poke|p2|Roaring Moon, L50|\n|poke|p2|Great Tusk, L50|\n|teampreview|4\n|inactive|Battle timer is ON: inactive players will automatically lose when time's up. (requested by Adroqk)\nAdroqk rejected open team sheets.\n|inactive|Adroqk has 60 seconds left.\n|\n|t:|1684020002\n|start\n|switch|p1a: Murkrow|Murkrow, L50, F|100\/100\n|switch|p1b: Flutter Mane|Flutter Mane, L50|100\/100\n|switch|p2a: Torkoal|Torkoal, L50, M|100\/100\n|switch|p2b: Jumpluff|Jumpluff, L50, M|100\/100\n|-weather|SunnyDay|[from] ability: Drought|[of] p2a: Torkoal\n|-activate|p1b: Flutter Mane|ability: Protosynthesis\n|-start|p1b: Flutter Mane|protosynthesisspa\n|turn|1\n|c|\u2606Adroqk|LETS SEE WHAT U GOT\n|\n|t:|1684020018\n|-terastallize|p1b: Flutter Mane|Fairy\n|move|p1a: Murkrow|Tailwind|p1a: Murkrow\n|-sidestart|p1: Adroqk|move: Tailwind\n|move|p1b: Flutter Mane|Dazzling Gleam|p2a: Torkoal|[spread] p2a,p2b\n|-resisted|p2a: Torkoal\n|-damage|p2a: Torkoal|43\/100\n|-damage|p2b: Jumpluff|7\/100\n|move|p2b: Jumpluff|Sleep Powder|p1b: Flutter Mane\n|-status|p1b: Flutter Mane|slp|[from] move: Sleep Powder\n|move|p2a: Torkoal|Heat Wave|p1b: Flutter Mane|[spread] p1a,p1b\n|-damage|p1a: Murkrow|73\/100\n|-damage|p1b: Flutter Mane|66\/100 slp\n|-status|p1a: Murkrow|brn\n|\n|-weather|SunnyDay|[upkeep]\n|-damage|p1a: Murkrow|67\/100 brn|[from] brn\n|upkeep\n|turn|2\n|inactive|Gumi62 has 30 seconds left.\n|inactive|Adroqk has 30 seconds left.\n|inactive|Gumi62 has 20 seconds left.\n|\n|t:|1684020060\n|switch|p1a: Baxcalibur|Baxcalibur, L50, F|100\/100\n|cant|p1b: Flutter Mane|slp\n|move|p2b: Jumpluff|Strength Sap|p2a: Torkoal\n|-unboost|p2a: Torkoal|atk|1\n|-heal|p2b: Jumpluff|52\/100\n|move|p2a: Torkoal|Body Press|p1a: Baxcalibur\n|-supereffective|p1a: Baxcalibur\n|-damage|p1a: Baxcalibur|37\/100\n|\n|-weather|SunnyDay|[upkeep]\n|-heal|p1a: Baxcalibur|43\/100|[from] item: Leftovers\n|upkeep\n|turn|3\n|c|\u2606Adroqk|HM\n|inactive|Gumi62 has 30 seconds left.\n|inactive|Gumi62 has 20 seconds left.\n|inactive|Adroqk has 30 seconds left.\n|inactive|Gumi62 has 15 seconds left.\n|inactive|Gumi62 has 10 seconds left.\n|\n|t:|1684020106\n|-end|p1b: Flutter Mane|Protosynthesis|[silent]\n|switch|p1b: Murkrow|Murkrow, L50, F|67\/100 brn\n|move|p2b: Jumpluff|Strength Sap|p1a: Baxcalibur\n|-unboost|p1a: Baxcalibur|atk|1\n|-heal|p2b: Jumpluff|100\/100\n|move|p1a: Baxcalibur|Earthquake|p2b: Jumpluff|[spread] p2a\n|-immune|p1b: Murkrow\n|-immune|p2b: Jumpluff\n|-supereffective|p2a: Torkoal\n|-damage|p2a: Torkoal|16\/100\n|move|p2a: Torkoal|Body Press|p1a: Baxcalibur\n|-supereffective|p1a: Baxcalibur\n|-damage|p1a: Baxcalibur|0 fnt\n|faint|p1a: Baxcalibur\n|\n|-weather|SunnyDay|[upkeep]\n|-damage|p1b: Murkrow|61\/100 brn|[from] brn\n|upkeep\n|\n|t:|1684020121\n|switch|p1a: Abomasnow|Abomasnow, L50, F|100\/100\n|-weather|Snow|[from] ability: Snow Warning|[of] p1a: Abomasnow\n|turn|4\n|\n|t:|1684020137\n|switch|p1b: Flutter Mane|Flutter Mane, L50, tera:Fairy|66\/100 slp\n|move|p2b: Jumpluff|Pollen Puff|p2a: Torkoal\n|-heal|p2a: Torkoal|66\/100\n|move|p1a: Abomasnow|Blizzard|p2b: Jumpluff|[spread] p2a,p2b\n|-resisted|p2a: Torkoal\n|-supereffective|p2b: Jumpluff\n|-damage|p2a: Torkoal|49\/100\n|-enditem|p2b: Jumpluff|Focus Sash\n|-damage|p2b: Jumpluff|1\/100\n|move|p2a: Torkoal|Heat Wave|p1a: Abomasnow|[spread] p1a,p1b\n|-supereffective|p1a: Abomasnow\n|-crit|p1a: Abomasnow\n|-damage|p1a: Abomasnow|0 fnt\n|-damage|p1b: Flutter Mane|42\/100 slp\n|faint|p1a: Abomasnow\n|\n|-weather|Snow|[upkeep]\n|-sideend|p1: Adroqk|move: Tailwind\n|upkeep\n|\n|t:|1684020147\n|switch|p1a: Murkrow|Murkrow, L50, F|61\/100 brn\n|turn|5\n|c|\u2606Adroqk|WAKE UR ASS UP\n|c|\u2606Adroqk|COME ON\n|c|\u2606Adroqk|WAKE UR ASS UP\n|inactive|Gumi62 has 30 seconds left.\n|inactive|Gumi62 has 20 seconds left.\n|inactive|Gumi62 has 15 seconds left.\n|j| Peter Pan GC\n|\n|t:|1684020192\n|move|p1a: Murkrow|Tailwind|p1a: Murkrow\n|-sidestart|p1: Adroqk|move: Tailwind\n|cant|p1b: Flutter Mane|slp\n|move|p2b: Jumpluff|Pollen Puff|p1a: Murkrow\n|-damage|p1a: Murkrow|50\/100 brn\n|move|p2a: Torkoal|Heat Wave|p1a: Murkrow|[spread] p1a,p1b\n|-damage|p1a: Murkrow|32\/100 brn\n|-damage|p1b: Flutter Mane|19\/100 slp\n|\n|-weather|Snow|[upkeep]\n|-damage|p1a: Murkrow|26\/100 brn|[from] brn\n|upkeep\n|turn|6\n|c| Peter Pan GC|hi\n|c|\u2606Adroqk|EOLKRGIHJGKFLES;W'D\n|c|\u2606Adroqk|FV;LDKWSQAWSDVFS\n|c|\u2606Adroqk|WAS[FIHVGYDYWSQPW\n|c|\u2606Adroqk|DR]PFIHYGDWQEF\\\n|c|\u2606Adroqk|DW[OUYFTUOQ\\WE\n|c|\u2606Adroqk|D]PFOIUWQIWDF\n|c|\u2606Adroqk|PWIUY\n|inactive|Gumi62 has 30 seconds left.\n|c| Peter Pan GC|XD\n|c|\u2606Adroqk|ALL HOPE INST LOST JUST YET\n|\n|t:|1684020226\n|move|p2a: Torkoal|Protect|p2a: Torkoal\n|-singleturn|p2a: Torkoal|Protect\n|move|p1a: Murkrow|Quash|p2b: Jumpluff\n|-activate|p2b: Jumpluff|move: Quash\n|cant|p1b: Flutter Mane|slp\n|move|p2b: Jumpluff|Strength Sap|p1a: Murkrow\n|-unboost|p1a: Murkrow|atk|1\n|-heal|p2b: Jumpluff|46\/100\n|\n|-weather|Snow|[upkeep]\n|-damage|p1a: Murkrow|20\/100 brn|[from] brn\n|upkeep\n|turn|7\n|\n|t:|1684020246\n|switch|p2b: Chi-Yu|Chi-Yu, L50|100\/100\n|-ability|p2b: Chi-Yu|Beads of Ruin\n|switch|p2a: Flutter Mane|Flutter Mane, L50|100\/100\n|move|p1a: Murkrow|Sunny Day|p1a: Murkrow\n|-weather|SunnyDay\n|-activate|p1b: Flutter Mane|ability: Protosynthesis\n|-start|p1b: Flutter Mane|protosynthesisspa\n|-activate|p2a: Flutter Mane|ability: Protosynthesis\n|-start|p2a: Flutter Mane|protosynthesisspe\n|-curestatus|p1b: Flutter Mane|slp|[msg]\n|move|p1b: Flutter Mane|Dazzling Gleam|p2a: Flutter Mane|[spread] p2a,p2b\n|-damage|p2a: Flutter Mane|0 fnt\n|-damage|p2b: Chi-Yu|0 fnt\n|faint|p2a: Flutter Mane\n|-end|p2a: Flutter Mane|Protosynthesis|[silent]\n|faint|p2b: Chi-Yu\n|\n|-weather|SunnyDay|[upkeep]\n|-damage|p1a: Murkrow|14\/100 brn|[from] brn\n|upkeep\n|c|\u2606Adroqk|lets fucking go\n|\n|t:|1684020264\n|switch|p2a: Torkoal|Torkoal, L50, M|49\/100\n|switch|p2b: Jumpluff|Jumpluff, L50, M|46\/100\n|turn|8\n|\n|t:|1684020272\n|move|p1a: Murkrow|Quash|p2b: Jumpluff\n|-activate|p2b: Jumpluff|move: Quash\n|move|p1b: Flutter Mane|Dazzling Gleam|p2a: Torkoal|[spread] p2a,p2b\n|-resisted|p2a: Torkoal\n|-damage|p2a: Torkoal|0 fnt\n|-damage|p2b: Jumpluff|0 fnt\n|faint|p2a: Torkoal\n|faint|p2b: Jumpluff\n|\n|win|Adroqk\n|raw|Adroqk's rating: 1177 → 1204<\/strong> (+27 for winning)\n|raw|Gumi62's rating: 1207 → 1180<\/strong> (-27 for losing)\n","uploadtime":1684020288,"views":7,"p1id":"adroqk","p2id":"gumi62","formatid":"gen9vgc2023regulationc","rating":1180,"private":0,"password":""}