{"id":"gen9vgc2023regulationc-1846222723","p1":"ff4t","p2":"yokai19","format":"[Gen 9] VGC 2023 Regulation C","log":"|j|\u2606ff4t\n|j|\u2606yokai19\n|t:|1681822850\n|gametype|doubles\n|player|p1|ff4t|101|1053\n|player|p2|yokai19|1|1000\n|teamsize|p1|6\n|teamsize|p2|6\n|gen|9\n|tier|[Gen 9] VGC 2023 Regulation C\n|rated|\n|rule|Species Clause: Limit one of each Pok\u00e9mon\n|rule|Item Clause: Limit one of each item\n|clearpoke\n|poke|p1|Palafin, L50, F|\n|poke|p1|Flutter Mane, L50|\n|poke|p1|Arcanine, L50, F|\n|poke|p1|Amoonguss, L50, M|\n|poke|p1|Ting-Lu, L50|\n|poke|p1|Roaring Moon, L50|\n|poke|p2|Amoonguss, L50, F|\n|poke|p2|Flutter Mane, L50|\n|poke|p2|Arcanine, L50, M|\n|poke|p2|Palafin, L50, M|\n|poke|p2|Ting-Lu, L50|\n|poke|p2|Scizor, L50, F|\n|teampreview|4\n|inactive|Battle timer is ON: inactive players will automatically lose when time's up. (requested by ff4t)\n|\n|t:|1681822890\n|start\n|switch|p1a: Ting-Lu|Ting-Lu, L50|100\/100\n|switch|p1b: Roaring Moon|Roaring Moon, L50|100\/100\n|switch|p2a: Palafin|Palafin, L50, M|100\/100\n|switch|p2b: Arcanine|Arcanine, L50, M|100\/100\n|-ability|p2b: Arcanine|Intimidate|boost\n|-unboost|p1a: Ting-Lu|atk|1\n|-unboost|p1b: Roaring Moon|atk|1\n|-ability|p1a: Ting-Lu|Vessel of Ruin\n|-enditem|p1b: Roaring Moon|Booster Energy\n|-activate|p1b: Roaring Moon|ability: Protosynthesis|[fromitem]\n|-start|p1b: Roaring Moon|protosynthesisspe\n|turn|1\n|inactive|yokai19 has 30 seconds left.\n|\n|t:|1681822922\n|detailschange|p2a: Palafin|Palafin-Hero, L50, M\n|switch|p2a: Scizor|Scizor, L50, F|100\/100\n|move|p1b: Roaring Moon|Dragon Dance|p1b: Roaring Moon\n|-boost|p1b: Roaring Moon|atk|1\n|-boost|p1b: Roaring Moon|spe|1\n|move|p2b: Arcanine|Will-O-Wisp|p1b: Roaring Moon\n|-status|p1b: Roaring Moon|brn\n|move|p1a: Ting-Lu|Sand Tomb|p2a: Scizor|[miss]\n|-miss|p1a: Ting-Lu|p2a: Scizor\n|\n|-damage|p1b: Roaring Moon|94\/100 brn|[from] brn\n|upkeep\n|turn|2\n|inactive|yokai19 has 30 seconds left.\n|inactive|yokai19 has 20 seconds left.\n|inactive|yokai19 has 15 seconds left.\n|\n|t:|1681822965\n|move|p1b: Roaring Moon|Dragon Dance|p1b: Roaring Moon\n|-boost|p1b: Roaring Moon|atk|1\n|-boost|p1b: Roaring Moon|spe|1\n|move|p2b: Arcanine|Howl|p2b: Arcanine|[spread] p2a,p2b\n|-boost|p2a: Scizor|atk|1\n|-boost|p2b: Arcanine|atk|1\n|move|p2a: Scizor|U-turn|p1a: Ting-Lu\n|-supereffective|p1a: Ting-Lu\n|-damage|p1a: Ting-Lu|31\/100\n|\n|t:|1681822975\n|switch|p2a: Palafin|Palafin-Hero, L50, M|100\/100|[from] U-turn\n|-activate|p2a: Palafin|ability: Zero to Hero\n|move|p1a: Ting-Lu|Stomping Tantrum|p2b: Arcanine\n|-supereffective|p2b: Arcanine\n|-damage|p2b: Arcanine|0 fnt\n|faint|p2b: Arcanine\n|\n|-damage|p1b: Roaring Moon|88\/100 brn|[from] brn\n|upkeep\n|\n|t:|1681822991\n|switch|p2b: Amoonguss|Amoonguss, L50, F|100\/100\n|turn|3\n|inactive|ff4t has 30 seconds left.\n|\n|t:|1681823016\n|move|p2b: Amoonguss|Rage Powder|p2b: Amoonguss\n|-singleturn|p2b: Amoonguss|move: Rage Powder\n|move|p1b: Roaring Moon|Dragon Dance|p1b: Roaring Moon\n|-boost|p1b: Roaring Moon|atk|1\n|-boost|p1b: Roaring Moon|spe|1\n|move|p2a: Palafin|Haze|p2a: Palafin\n|-clearallboost\n|move|p1a: Ting-Lu|Ruination|p2b: Amoonguss\n|-damage|p2b: Amoonguss|50\/100\n|\n|-damage|p1b: Roaring Moon|82\/100 brn|[from] brn\n|upkeep\n|turn|4\n|inactive|yokai19 has 30 seconds left.\n|\n|t:|1681823041\n|switch|p2b: Scizor|Scizor, L50, F|100\/100\n|-terastallize|p2a: Palafin|Water\n|move|p2a: Palafin|Jet Punch|p1a: Ting-Lu\n|-supereffective|p1a: Ting-Lu\n|-damage|p1a: Ting-Lu|0 fnt\n|faint|p1a: Ting-Lu\n|move|p1b: Roaring Moon|Dragon Dance|p1b: Roaring Moon\n|-boost|p1b: Roaring Moon|atk|1\n|-boost|p1b: Roaring Moon|spe|1\n|\n|-damage|p1b: Roaring Moon|76\/100 brn|[from] brn\n|upkeep\n|\n|t:|1681823060\n|switch|p1a: Amoonguss|Amoonguss, L50, M|100\/100\n|turn|5\n|\n|t:|1681823076\n|move|p2a: Palafin|Protect|p2a: Palafin\n|-singleturn|p2a: Palafin|Protect\n|move|p1a: Amoonguss|Rage Powder|p1a: Amoonguss\n|-singleturn|p1a: Amoonguss|move: Rage Powder\n|move|p1b: Roaring Moon|Acrobatics|p2a: Palafin\n|-activate|p2a: Palafin|move: Protect\n|move|p2b: Scizor|U-turn|p1a: Amoonguss\n|-damage|p1a: Amoonguss|53\/100\n|\n|t:|1681823084\n|switch|p2b: Amoonguss|Amoonguss, L50, F|84\/100|[from] U-turn\n|\n|-damage|p1b: Roaring Moon|70\/100 brn|[from] brn\n|upkeep\n|turn|6\n|\n|t:|1681823101\n|switch|p2b: Scizor|Scizor, L50, F|100\/100\n|move|p1b: Roaring Moon|Acrobatics|p2b: Scizor\n|-damage|p2b: Scizor|72\/100\n|move|p2a: Palafin|Wave Crash|p1a: Amoonguss\n|-resisted|p1a: Amoonguss\n|-damage|p1a: Amoonguss|0 fnt\n|faint|p1a: Amoonguss\n|-damage|p2a: Palafin|81\/100|[from] Recoil\n|\n|-damage|p1b: Roaring Moon|64\/100 brn|[from] brn\n|upkeep\n|\n|t:|1681823115\n|switch|p1a: Flutter Mane|Flutter Mane, L50|100\/100\n|turn|7\n|\n|t:|1681823131\n|-terastallize|p1a: Flutter Mane|Fairy\n|move|p2a: Palafin|Protect|p2a: Palafin\n|-singleturn|p2a: Palafin|Protect\n|move|p2b: Scizor|Bullet Punch|p1a: Flutter Mane\n|-supereffective|p1a: Flutter Mane\n|-damage|p1a: Flutter Mane|0 fnt\n|faint|p1a: Flutter Mane\n|-end|p1a: Flutter Mane|Protosynthesis|[silent]\n|move|p1b: Roaring Moon|Dragon Dance|p1b: Roaring Moon\n|-boost|p1b: Roaring Moon|atk|1\n|-boost|p1b: Roaring Moon|spe|1\n|\n|-damage|p1b: Roaring Moon|58\/100 brn|[from] brn\n|upkeep\n|turn|8\n|\n|t:|1681823148\n|move|p1b: Roaring Moon|Acrobatics|p2a: Palafin\n|-damage|p2a: Palafin|44\/100\n|move|p2a: Palafin|Haze|p2a: Palafin\n|-clearallboost\n|move|p2b: Scizor|U-turn|p1b: Roaring Moon\n|-supereffective|p1b: Roaring Moon\n|-damage|p1b: Roaring Moon|0 fnt\n|faint|p1b: Roaring Moon\n|-end|p1b: Roaring Moon|Protosynthesis|[silent]\n|\n|win|yokai19\n|raw|ff4t's rating: 1053 → 1032<\/strong> (-21 for losing)\n|raw|yokai19's rating: 1000 → 1046<\/strong> (+46 for winning)\n|l|\u2606ff4t\n","uploadtime":1681823204,"views":7,"p1id":"ff4t","p2id":"yokai19","formatid":"gen9vgc2023regulationc","rating":1032,"private":0,"password":""}