{"id":"gen9vgc2023regulationc-1860673921","p1":"LackieLackey","p2":"Jstardude","format":"[Gen 9] VGC 2023 Regulation C","log":"|j|\u2606LackieLackey\n|j|\u2606Jstardude\n|t:|1683664898\n|gametype|doubles\n|player|p1|LackieLackey|101|\n|player|p2|Jstardude|265|\n|teamsize|p1|6\n|teamsize|p2|6\n|gen|9\n|tier|[Gen 9] VGC 2023 Regulation C\n|rule|Species Clause: Limit one of each Pok\u00e9mon\n|rule|Item Clause: Limit one of each item\n|clearpoke\n|poke|p1|Farigiraf, L50, M|\n|poke|p1|Tauros-Paldea-Combat, L50, M|\n|poke|p1|Bellibolt, L50, M|\n|poke|p1|Iron Jugulis, L50|\n|poke|p1|Pincurchin, L50, F|\n|poke|p1|Iron Hands, L50|\n|poke|p2|Raichu, L50, F|\n|poke|p2|Chien-Pao, L50|\n|poke|p2|Dragapult, L50, F|\n|poke|p2|Espathra, L50, F|\n|poke|p2|Tauros-Paldea-Blaze, L50, M|\n|poke|p2|Scream Tail, L50|\n|teampreview|4\n|l|\u2606LackieLackey\n|player|p1|\n|j| jayballester\n|j| Tuxmux\n|j|\u2606LackieLackey\n|player|p1|LackieLackey|101\n|c|\u2606Jstardude|No treads???\n|c| Tuxmux|treads outdated\n|c| Tuxmux|overrated\n|c| Tuxmux|i actually got it on good authority that he's gonna be dropping treads after this match\n|c|\u2606LackieLackey|Treads is situational\n|c|\u2606LackieLackey|But when it works it works well\n|c|\u2606Jstardude|I thought it worked well vs me\n|c|\u2606LackieLackey|Welp, I didn\u2019t know that lol\n|\n|t:|1683665098\n|start\n|switch|p1a: Melman|Farigiraf, L50, M|100\/100\n|switch|p1b: Lil\u2019 Guy|Pincurchin, L50, F|100\/100\n|switch|p2a: Raichu|Raichu, L50, F|100\/100\n|switch|p2b: Chien-Pao|Chien-Pao, L50|100\/100\n|-ability|p2b: Chien-Pao|Sword of Ruin\n|-item|p2a: Raichu|Air Balloon\n|-fieldstart|move: Electric Terrain|[from] ability: Electric Surge|[of] p1b: Lil\u2019 Guy\n|turn|1\n|c|\u2606LackieLackey|Wish I knew\n|c| jayballester|click thunder\n|\n|t:|1683665135\n|move|p1a: Melman|Protect|p1a: Melman\n|-singleturn|p1a: Melman|Protect\n|move|p2b: Chien-Pao|Ice Spinner|p1b: Lil\u2019 Guy\n|-damage|p1b: Lil\u2019 Guy|34\/100\n|-fieldend|move: Electric Terrain\n|move|p2a: Raichu|Nuzzle|p1a: Melman\n|-activate|p1a: Melman|move: Protect\n|move|p1b: Lil\u2019 Guy|Liquidation|p2a: Raichu\n|-damage|p2a: Raichu|5\/100\n|-unboost|p2a: Raichu|def|1\n|-enditem|p2a: Raichu|Air Balloon\n|\n|upkeep\n|turn|2\n|c| Tuxmux|holy fuck lmfao\n|c| jayballester|holy fucking fuck\n|c| jayballester|banded today\n|c| Tuxmux|lil guy got hands\n|\n|t:|1683665193\n|switch|p2a: Espathra|Espathra, L50, F|100\/100\n|-terastallize|p1a: Melman|Dark\n|move|p2b: Chien-Pao|Ice Spinner|p1b: Lil\u2019 Guy\n|-damage|p1b: Lil\u2019 Guy|0 fnt\n|faint|p1b: Lil\u2019 Guy\n|move|p1a: Melman|Trick Room|p1a: Melman\n|-fieldstart|move: Trick Room|[of] p1a: Melman\n|\n|upkeep\n|\n|t:|1683665200\n|switch|p1b: Rotund|Bellibolt, L50, M|100\/100\n|turn|3\n|\n|t:|1683665237\n|move|p1a: Melman|Bulldoze|p2b: Chien-Pao|[spread] p1b,p2a,p2b\n|-supereffective|p1b: Rotund\n|-crit|p2b: Chien-Pao\n|-damage|p1b: Rotund|75\/100\n|-damage|p2a: Espathra|85\/100\n|-damage|p2b: Chien-Pao|81\/100\n|-unboost|p1b: Rotund|spe|1\n|-unboost|p2a: Espathra|spe|1\n|-unboost|p2b: Chien-Pao|spe|1\n|-start|p1b: Rotund|Charge|Bulldoze|[from] ability: Electromorphosis\n|-enditem|p1b: Rotund|Weakness Policy\n|-boost|p1b: Rotund|atk|2|[from] item: Weakness Policy\n|-boost|p1b: Rotund|spa|2|[from] item: Weakness Policy\n|move|p1b: Rotund|Parabolic Charge|p2a: Espathra|[spread] p1a,p2a,p2b\n|-damage|p1a: Melman|38\/100\n|-heal|p1b: Rotund|100\/100|[from] drain|[of] p1a: Melman\n|-damage|p2a: Espathra|0 fnt\n|-damage|p2b: Chien-Pao|0 fnt\n|faint|p2a: Espathra\n|faint|p2b: Chien-Pao\n|-end|p1b: Rotund|Charge|[silent]\n|\n|upkeep\n|\n|t:|1683665256\n|switch|p2a: Raichu|Raichu, L50, F|5\/100\n|switch|p2b: Dragapult|Dragapult, L50, F|100\/100\n|turn|4\n|c|\u2606LackieLackey|Jay, that\u2019s why I picked Bellibolt\n|c| jayballester|Yeah sure\n|c| jayballester|I mean alr\n|\n|t:|1683665281\n|-terastallize|p2b: Dragapult|Dragon\n|move|p2a: Raichu|Fake Out||[still]\n|cant|p1a: Melman|ability: Armor Tail|Fake Out|[of] p2a: Raichu\n|move|p1b: Rotund|Tera Blast|p2a: Raichu\n|-damage|p2a: Raichu|0 fnt\n|faint|p2a: Raichu\n|move|p1a: Melman|Foul Play|p2b: Dragapult\n|-damage|p2b: Dragapult|39\/100\n|move|p2b: Dragapult|Dragon Darts|p1b: Rotund\n|-damage|p1b: Rotund|60\/100\n|-start|p1b: Rotund|Charge|Dragon Darts|[from] ability: Electromorphosis\n|-anim|p2b: Dragapult|Dragon Darts|p1a: Melman\n|-damage|p1a: Melman|0 fnt\n|faint|p1a: Melman\n|\n|upkeep\n|\n|t:|1683665296\n|switch|p1a: Meaty Mike|Iron Hands, L50|100\/100\n|turn|5\n|c| Tuxmux|oh god he tera'd away his ghost\n|\n|t:|1683665312\n|move|p2b: Dragapult|Protect|p2b: Dragapult\n|-singleturn|p2b: Dragapult|Protect\n|move|p1b: Rotund|Tera Blast|p2b: Dragapult\n|-activate|p2b: Dragapult|move: Protect\n|move|p1a: Meaty Mike|Drain Punch|p2b: Dragapult\n|-activate|p2b: Dragapult|move: Protect\n|\n|upkeep\n|turn|6\n|c| Tuxmux|the anti tux fake out\n|c| Tuxmux|tera\n|\n|t:|1683665321\n|move|p1b: Rotund|Tera Blast|p2b: Dragapult\n|-damage|p2b: Dragapult|0 fnt\n|faint|p2b: Dragapult\n|\n|win|LackieLackey\n|c|\u2606Jstardude|GG\n|c| Tuxmux|gg\n|c|\u2606LackieLackey|gg\n","uploadtime":1683665343,"views":21,"p1id":"lackielackey","p2id":"jstardude","formatid":"gen9vgc2023regulationc","rating":0,"private":0,"password":""}