{"id":"gen9vgc2023regulationc-1861272446","p1":"G3rd","p2":"Sheorgez","format":"[Gen 9] VGC 2023 Regulation C","log":"|j|\u2606G3rd\n|j|\u2606Sheorgez\n|t:|1683741382\n|gametype|doubles\n|player|p1|G3rd|giovanni|1467\n|player|p2|Sheorgez|hugh|1494\n|teamsize|p1|6\n|teamsize|p2|6\n|gen|9\n|tier|[Gen 9] VGC 2023 Regulation C\n|rated|\n|rule|Species Clause: Limit one of each Pok\u00e9mon\n|rule|Item Clause: Limit one of each item\n|clearpoke\n|poke|p1|Annihilape, L50, F|\n|poke|p1|Maushold-Four, L50|\n|poke|p1|Chien-Pao, L50|\n|poke|p1|Dragonite, L50, F|\n|poke|p1|Ting-Lu, L50|\n|poke|p1|Florges, L50, F|\n|poke|p2|Gastrodon, L50, F|\n|poke|p2|Grimmsnarl, L50, M|\n|poke|p2|Ceruledge, L50, F|\n|poke|p2|Rotom-Mow, L50|\n|poke|p2|Chien-Pao, L50|\n|poke|p2|Gholdengo, L50|\n|teampreview|4\nG3rd has agreed to open team sheets.\n|inactive|Battle timer is ON: inactive players will automatically lose when time's up. (requested by G3rd)\n|\n|t:|1683741413\n|start\n|switch|p1a: Maushold|Maushold-Four, L50|100\/100\n|switch|p1b: Annihilape|Annihilape, L50, F|100\/100\n|switch|p2a: Gholdengo|Gholdengo, L50|100\/100\n|switch|p2b: Grimmsnarl|Grimmsnarl, L50, M|100\/100\n|turn|1\n|\n|t:|1683741432\n|-terastallize|p1b: Annihilape|Fire\n|move|p1a: Maushold|Protect|p1a: Maushold\n|-singleturn|p1a: Maushold|Protect\n|move|p2b: Grimmsnarl|Fake Out|p1a: Maushold\n|-activate|p1a: Maushold|move: Protect\n|move|p2a: Gholdengo|Shadow Ball|p1b: Annihilape\n|-damage|p1b: Annihilape|72\/100\n|move|p1b: Annihilape|Bulk Up|p1b: Annihilape\n|-boost|p1b: Annihilape|atk|1\n|-boost|p1b: Annihilape|def|1\n|\n|-heal|p1b: Annihilape|78\/100|[from] item: Leftovers\n|upkeep\n|turn|2\n|inactive|G3rd has 30 seconds left.\n|\n|t:|1683741461\n|switch|p2a: Ceruledge|Ceruledge, L50, F|100\/100\n|move|p1a: Maushold|Follow Me|p1a: Maushold\n|-singleturn|p1a: Maushold|move: Follow Me\n|move|p1b: Annihilape|Rage Fist|p2a: Ceruledge\n|-supereffective|p2a: Ceruledge\n|-damage|p2a: Ceruledge|0 fnt\n|faint|p2a: Ceruledge\n|move|p2b: Grimmsnarl|Spirit Break|p1a: Maushold\n|-damage|p1a: Maushold|61\/100\n|-unboost|p1a: Maushold|spa|1\n|\n|-heal|p1b: Annihilape|84\/100|[from] item: Leftovers\n|upkeep\n|\n|t:|1683741475\n|switch|p2a: Chien-Pao|Chien-Pao, L50|100\/100\n|-ability|p2a: Chien-Pao|Sword of Ruin\n|turn|3\n|inactive|G3rd has 30 seconds left.\n|inactive|Sheorgez has 30 seconds left.\n|\n|t:|1683741500\n|switch|p1a: Florges|Florges, L50, F|100\/100\n|-terastallize|p2a: Chien-Pao|Ghost\n|move|p2a: Chien-Pao|Sacred Sword|p1a: Florges\n|-resisted|p1a: Florges\n|-damage|p1a: Florges|81\/100\n|move|p1b: Annihilape|Drain Punch|p2a: Chien-Pao\n|-immune|p2a: Chien-Pao\n|move|p2b: Grimmsnarl|Spirit Break|p1b: Annihilape\n|-resisted|p1b: Annihilape\n|-damage|p1b: Annihilape|69\/100\n|-unboost|p1b: Annihilape|spa|1\n|-ability|p1b: Annihilape|Defiant|boost\n|-boost|p1b: Annihilape|atk|2\n|\n|-heal|p1b: Annihilape|75\/100|[from] item: Leftovers\n|upkeep\n|turn|4\n|\n|t:|1683741521\n|move|p2a: Chien-Pao|Sucker Punch|p1b: Annihilape\n|-damage|p1b: Annihilape|45\/100\n|move|p2b: Grimmsnarl|Sucker Punch|p1b: Annihilape\n|-damage|p1b: Annihilape|14\/100\n|move|p1b: Annihilape|Rage Fist|p2a: Chien-Pao\n|-supereffective|p2a: Chien-Pao\n|-enditem|p2a: Chien-Pao|Focus Sash\n|-damage|p2a: Chien-Pao|1\/100\n|move|p1a: Florges|Pollen Puff|p1b: Annihilape\n|-heal|p1b: Annihilape|64\/100\n|\n|-heal|p1b: Annihilape|70\/100|[from] item: Leftovers\n|upkeep\n|turn|5\n|\n|t:|1683741543\n|move|p1b: Annihilape|Protect|p1b: Annihilape\n|-singleturn|p1b: Annihilape|Protect\n|move|p2a: Chien-Pao|Haze|p2a: Chien-Pao\n|-clearallboost\n|move|p1a: Florges|Moonblast|p2a: Chien-Pao\n|-damage|p2a: Chien-Pao|0 fnt\n|faint|p2a: Chien-Pao\n|move|p2b: Grimmsnarl|Spirit Break|p1a: Florges\n|-damage|p1a: Florges|45\/100\n|-unboost|p1a: Florges|spa|1\n|\n|-heal|p1b: Annihilape|76\/100|[from] item: Leftovers\n|upkeep\n|\n|t:|1683741547\n|switch|p2a: Gholdengo|Gholdengo, L50|100\/100\n|turn|6\n|\n|t:|1683741565\n|switch|p1a: Maushold|Maushold-Four, L50|61\/100\n|move|p2b: Grimmsnarl|Sucker Punch|p1b: Annihilape\n|-damage|p1b: Annihilape|50\/100\n|move|p2a: Gholdengo|Power Gem|p1b: Annihilape\n|-supereffective|p1b: Annihilape\n|-damage|p1b: Annihilape|15\/100\n|move|p1b: Annihilape|Rage Fist|p2a: Gholdengo\n|-supereffective|p2a: Gholdengo\n|-damage|p2a: Gholdengo|0 fnt\n|faint|p2a: Gholdengo\n|\n|-heal|p1b: Annihilape|21\/100|[from] item: Leftovers\n|upkeep\n|turn|7\n|-message|Sheorgez forfeited.\n|\n|win|G3rd\n|raw|G3rd's rating: 1467 → 1489<\/strong> (+22 for winning)\n|raw|Sheorgez's rating: 1494 → 1472<\/strong> (-22 for losing)\n|l|\u2606Sheorgez\n","uploadtime":1683741581,"views":24,"p1id":"g3rd","p2id":"sheorgez","formatid":"gen9vgc2023regulationc","rating":1472,"private":0,"password":""}