{"id":"gen9vgc2023regulationc-1860767917","p1":"Millie Jean","p2":"bokessj","format":"[Gen 9] VGC 2023 Regulation C","log":"|j|\u2606Millie Jean\n|j|\u2606bokessj\n|t:|1683675516\n|gametype|doubles\n|player|p1|Millie Jean|whitney|1165\n|player|p2|bokessj|cynthia-gen4|1147\n|teamsize|p1|6\n|teamsize|p2|6\n|gen|9\n|tier|[Gen 9] VGC 2023 Regulation C\n|rated|\n|rule|Species Clause: Limit one of each Pok\u00e9mon\n|rule|Item Clause: Limit one of each item\n|clearpoke\n|poke|p1|Wo-Chien, L50|\n|poke|p1|Glimmora, L50, F|\n|poke|p1|Dondozo, L50, M|\n|poke|p1|Tatsugiri, L50, M|\n|poke|p1|Arcanine, L50, M|\n|poke|p1|Flutter Mane, L50|\n|poke|p2|Talonflame, L50, M|\n|poke|p2|Skeledirge, L50, M|\n|poke|p2|Gholdengo, L50|\n|poke|p2|Annihilape, L50, F|\n|poke|p2|Tyranitar, L50, F|\n|poke|p2|Houndstone, L50, M|\n|teampreview|4\n|inactive|Battle timer is ON: inactive players will automatically lose when time's up. (requested by Millie Jean)\n|inactive|bokessj also wants the timer to be on.\nMillie Jean has agreed to open team sheets.\n|inactive|Millie Jean has 60 seconds left.\n|inactive|Millie Jean has 30 seconds left.\n|\n|t:|1683675582\n|start\n|switch|p1a: Arcanine|Arcanine, L50, M|100\/100\n|switch|p1b: Glimmora|Glimmora, L50, F|100\/100\n|switch|p2a: Talonflame|Talonflame, L50, M|100\/100\n|switch|p2b: Gholdengo|Gholdengo, L50|100\/100\n|-ability|p1a: Arcanine|Intimidate|boost\n|-unboost|p2a: Talonflame|atk|1\n|-unboost|p2b: Gholdengo|atk|1\n|turn|1\n|inactive|bokessj has 30 seconds left.\n|inactive|bokessj has 20 seconds left.\n|\n|t:|1683675622\n|-terastallize|p2b: Gholdengo|Water\n|move|p1a: Arcanine|Extreme Speed|p2a: Talonflame\n|-damage|p2a: Talonflame|63\/100\n|move|p2a: Talonflame|Tailwind|p2a: Talonflame\n|-sidestart|p2: bokessj|move: Tailwind\n|move|p2b: Gholdengo|Nasty Plot|p2b: Gholdengo\n|-boost|p2b: Gholdengo|spa|2\n|move|p1b: Glimmora|Power Gem|p2a: Talonflame\n|-supereffective|p2a: Talonflame\n|-damage|p2a: Talonflame|0 fnt\n|faint|p2a: Talonflame\n|\n|upkeep\n|\n|t:|1683675639\n|switch|p2a: Tyranitar|Tyranitar, L50, F|100\/100\n|-weather|Sandstorm|[from] ability: Sand Stream|[of] p2a: Tyranitar\n|turn|2\n|inactive|Millie Jean has 30 seconds left.\n|inactive|Millie Jean has 20 seconds left.\n|\n|t:|1683675678\n|-terastallize|p1b: Glimmora|Grass\n|move|p1a: Arcanine|Protect|p1a: Arcanine\n|-singleturn|p1a: Arcanine|Protect\n|move|p2b: Gholdengo|Nasty Plot|p2b: Gholdengo\n|-boost|p2b: Gholdengo|spa|2\n|move|p2a: Tyranitar|Rock Slide|p1b: Glimmora|[spread] p1b\n|-activate|p1a: Arcanine|move: Protect\n|-damage|p1b: Glimmora|74\/100\n|-activate|p1b: Glimmora|ability: Toxic Debris\n|-sidestart|p2: bokessj|move: Toxic Spikes\n|move|p1b: Glimmora|Energy Ball|p2b: Gholdengo\n|-supereffective|p2b: Gholdengo\n|-damage|p2b: Gholdengo|5\/100\n|\n|-weather|Sandstorm|[upkeep]\n|-damage|p2b: Gholdengo|0 fnt|[from] Sandstorm\n|-damage|p1b: Glimmora|68\/100|[from] Sandstorm\n|faint|p2b: Gholdengo\n|upkeep\n|\n|t:|1683675698\n|switch|p2b: Canela|Houndstone, L50, M|100\/100\n|-status|p2b: Canela|psn\n|turn|3\n|inactive|bokessj has 30 seconds left.\n|\n|t:|1683675726\n|switch|p1a: Dondozo|Dondozo, L50, M|100\/100\n|move|p2b: Canela|Last Respects|p1a: Dondozo\n|-damage|p1a: Dondozo|37\/100\n|move|p2a: Tyranitar|Rock Slide|p1a: Dondozo|[spread] p1a,p1b\n|-damage|p1a: Dondozo|13\/100\n|-damage|p1b: Glimmora|42\/100\n|-activate|p1b: Glimmora|ability: Toxic Debris\n|-sidestart|p2: bokessj|move: Toxic Spikes\n|move|p1b: Glimmora|Energy Ball|p2a: Tyranitar\n|-supereffective|p2a: Tyranitar\n|-damage|p2a: Tyranitar|49\/100\n|-unboost|p2a: Tyranitar|spd|1\n|-enditem|p2a: Tyranitar|Weakness Policy\n|-boost|p2a: Tyranitar|atk|2|[from] item: Weakness Policy\n|-boost|p2a: Tyranitar|spa|2|[from] item: Weakness Policy\n|\n|-weather|Sandstorm|[upkeep]\n|-damage|p1b: Glimmora|36\/100|[from] Sandstorm\n|-damage|p1a: Dondozo|7\/100|[from] Sandstorm\n|-heal|p1a: Dondozo|13\/100|[from] item: Leftovers\n|-damage|p2b: Canela|88\/100 psn|[from] psn\n|upkeep\n|turn|4\n|inactive|Millie Jean has 30 seconds left.\n|inactive|bokessj has 30 seconds left.\n|\n|t:|1683675756\n|move|p1a: Dondozo|Protect|p1a: Dondozo\n|-singleturn|p1a: Dondozo|Protect\n|move|p2b: Canela|Last Respects|p1b: Glimmora\n|-damage|p1b: Glimmora|0 fnt\n|faint|p1b: Glimmora\n|move|p2a: Tyranitar|Rock Slide|p1a: Dondozo\n|-activate|p1a: Dondozo|move: Protect\n|\n|-weather|Sandstorm|[upkeep]\n|-damage|p1a: Dondozo|7\/100|[from] Sandstorm\n|-heal|p1a: Dondozo|13\/100|[from] item: Leftovers\n|-damage|p2b: Canela|76\/100 psn|[from] psn\n|-sideend|p2: bokessj|move: Tailwind\n|upkeep\n|\n|t:|1683675769\n|switch|p1b: Arcanine|Arcanine, L50, M|100\/100\n|-ability|p1b: Arcanine|Intimidate|boost\n|-unboost|p2a: Tyranitar|atk|1\n|-unboost|p2b: Canela|atk|1\n|turn|5\n|\n|t:|1683675782\n|move|p1b: Arcanine|Protect|p1b: Arcanine\n|-singleturn|p1b: Arcanine|Protect\n|move|p2b: Canela|Last Respects|p1b: Arcanine\n|-activate|p1b: Arcanine|move: Protect\n|move|p2a: Tyranitar|Rock Slide|p1a: Dondozo|[spread] p1a\n|-activate|p1b: Arcanine|move: Protect\n|-crit|p1a: Dondozo\n|-damage|p1a: Dondozo|0 fnt\n|faint|p1a: Dondozo\n|\n|-weather|Sandstorm|[upkeep]\n|-damage|p2b: Canela|64\/100 psn|[from] psn\n|upkeep\n|\n|t:|1683675793\n|switch|p1a: Tatsugiri|Tatsugiri, L50, M|100\/100\n|turn|6\n|\n|t:|1683675805\n|move|p2b: Canela|Last Respects|p1b: Arcanine\n|-damage|p1b: Arcanine|48\/100\n|move|p1a: Tatsugiri|Muddy Water|p2a: Tyranitar|[spread] p2a,p2b\n|-supereffective|p2a: Tyranitar\n|-damage|p2a: Tyranitar|0 fnt\n|-damage|p2b: Canela|27\/100 psn\n|faint|p2a: Tyranitar\n|move|p1b: Arcanine|Will-O-Wisp|p2b: Canela|[miss]\n|-miss|p1b: Arcanine|p2b: Canela\n|\n|-weather|none\n|-damage|p2b: Canela|15\/100 psn|[from] psn\n|upkeep\n|turn|7\n|-message|bokessj forfeited.\n|\n|win|Millie Jean\n|raw|Millie Jean's rating: 1165 → 1189<\/strong> (+24 for winning)\n|raw|bokessj's rating: 1147 → 1123<\/strong> (-24 for losing)\n|l|\u2606bokessj\n|c|\u2606Millie Jean|gg\n","uploadtime":1683675828,"views":15,"p1id":"milliejean","p2id":"bokessj","formatid":"gen9vgc2023regulationc","rating":1123,"private":0,"password":""}