{"id":"gen9vgc2023regulationc-1846265433","p1":"sergio23perez","p2":"haha u rage quit","format":"[Gen 9] VGC 2023 Regulation C","log":"|j|\u2606sergio23perez\n|j|\u2606haha u rage quit\n|t:|1681826801\n|gametype|doubles\n|player|p1|sergio23perez|170|1102\n|player|p2|haha u rage quit|pokemaniac|1180\n|teamsize|p1|6\n|teamsize|p2|6\n|gen|9\n|tier|[Gen 9] VGC 2023 Regulation C\n|rated|\n|rule|Species Clause: Limit one of each Pok\u00e9mon\n|rule|Item Clause: Limit one of each item\n|clearpoke\n|poke|p1|Iron Hands, L50|\n|poke|p1|Gyarados, L50, F|\n|poke|p1|Ting-Lu, L50|\n|poke|p1|Flutter Mane, L50|\n|poke|p1|Amoonguss, L50, F|\n|poke|p1|Chi-Yu, L50|\n|poke|p2|Amoonguss, L50, M|\n|poke|p2|Flutter Mane, L50|\n|poke|p2|Great Tusk, L50|\n|poke|p2|Iron Bundle, L50|\n|poke|p2|Baxcalibur, L50, M|\n|poke|p2|Palafin, L50, M|\n|teampreview|4\n|inactive|Battle timer is ON: inactive players will automatically lose when time's up. (requested by sergio23perez)\n|inactive|sergio23perez has 60 seconds left.\n|inactive|haha u rage quit has 60 seconds left.\nsergio23perez has agreed to open team sheets.\n|\n|t:|1681826850\n|start\n|switch|p1a: Su Novio|Ting-Lu, L50|100\/100\n|switch|p1b: Su Hermano|Iron Hands, L50, shiny|100\/100\n|switch|p2a: Palafin|Palafin, L50, M|100\/100\n|switch|p2b: Flutter Mane|Flutter Mane, L50|100\/100\n|-ability|p1a: Su Novio|Vessel of Ruin\n|-enditem|p2b: Flutter Mane|Booster Energy\n|-activate|p2b: Flutter Mane|ability: Protosynthesis|[fromitem]\n|-start|p2b: Flutter Mane|protosynthesisspe\n|turn|1\n|inactive|sergio23perez has 30 seconds left.\n|inactive|haha u rage quit has 30 seconds left.\n|inactive|sergio23perez has 20 seconds left.\n|inactive|haha u rage quit has 20 seconds left.\n|inactive|haha u rage quit has 15 seconds left.\n|\n|t:|1681826894\n|-end|p1b: Su Hermano|Quark Drive|[silent]\n|switch|p1b: LaKMeGusta|Flutter Mane, L50|100\/100\n|-enditem|p1b: LaKMeGusta|Booster Energy\n|-activate|p1b: LaKMeGusta|ability: Protosynthesis|[fromitem]\n|-start|p1b: LaKMeGusta|protosynthesisspa\n|move|p2b: Flutter Mane|Moonblast|p1a: Su Novio\n|-supereffective|p1a: Su Novio\n|-damage|p1a: Su Novio|68\/100\n|move|p2a: Palafin|Close Combat|p1a: Su Novio\n|-supereffective|p1a: Su Novio\n|-damage|p1a: Su Novio|30\/100\n|-unboost|p2a: Palafin|def|1\n|-unboost|p2a: Palafin|spd|1\n|move|p1a: Su Novio|Heavy Slam|p2b: Flutter Mane\n|-supereffective|p2b: Flutter Mane\n|-damage|p2b: Flutter Mane|0 fnt\n|faint|p2b: Flutter Mane\n|-end|p2b: Flutter Mane|Protosynthesis|[silent]\n|\n|upkeep\n|\n|t:|1681826913\n|switch|p2b: Amoonguss|Amoonguss, L50, M|100\/100\n|turn|2\n|inactive|sergio23perez has 30 seconds left.\n|inactive|sergio23perez has 20 seconds left.\n|inactive|sergio23perez has 15 seconds left.\n|\n|t:|1681826958\n|move|p2a: Palafin|Protect|p2a: Palafin\n|-singleturn|p2a: Palafin|Protect\n|move|p1b: LaKMeGusta|Shadow Ball|p2b: Amoonguss\n|-damage|p2b: Amoonguss|68\/100\n|move|p1a: Su Novio|Ruination|p2b: Amoonguss\n|-damage|p2b: Amoonguss|34\/100\n|-enditem|p2b: Amoonguss|Sitrus Berry|[eat]\n|-heal|p2b: Amoonguss|59\/100|[from] item: Sitrus Berry\n|move|p2b: Amoonguss|Spore|p1b: LaKMeGusta\n|-status|p1b: LaKMeGusta|slp|[from] move: Spore\n|\n|upkeep\n|turn|3\n|\n|t:|1681826981\n|-terastallize|p2a: Palafin|Water\n|cant|p1b: LaKMeGusta|slp\n|move|p2a: Palafin|Wave Crash|p1b: LaKMeGusta\n|-damage|p1b: LaKMeGusta|0 fnt\n|faint|p1b: LaKMeGusta\n|-end|p1b: LaKMeGusta|Protosynthesis|[silent]\n|-damage|p2a: Palafin|80\/100|[from] Recoil\n|move|p1a: Su Novio|Stomping Tantrum|p2a: Palafin\n|-damage|p2a: Palafin|21\/100\n|move|p2b: Amoonguss|Pollen Puff|p2a: Palafin\n|-heal|p2a: Palafin|71\/100\n|\n|upkeep\n|\n|t:|1681827002\n|switch|p1b: Su Ex|Chi-Yu, L50|100\/100\n|-ability|p1b: Su Ex|Beads of Ruin\n|turn|4\n|\n|t:|1681827014\n|-terastallize|p1b: Su Ex|Water\n|move|p2a: Palafin|Jet Punch|p1b: Su Ex\n|-resisted|p1b: Su Ex\n|-damage|p1b: Su Ex|76\/100\n|move|p1b: Su Ex|Dark Pulse|p2a: Palafin\n|-damage|p2a: Palafin|1\/100\n|move|p1a: Su Novio|Stomping Tantrum|p2a: Palafin\n|-damage|p2a: Palafin|0 fnt\n|faint|p2a: Palafin\n|move|p2b: Amoonguss|Pollen Puff|p2: Palafin|[notarget]\n|-fail|p2b: Amoonguss\n|\n|upkeep\n|\n|t:|1681827024\n|switch|p2a: Baxcalibur|Baxcalibur, L50, M|100\/100\n|turn|5\n|\n|t:|1681827033\n|move|p2b: Amoonguss|Rage Powder|p2b: Amoonguss\n|-singleturn|p2b: Amoonguss|move: Rage Powder\n|move|p1b: Su Ex|Nasty Plot|p1b: Su Ex\n|-boost|p1b: Su Ex|spa|2\n|move|p2a: Baxcalibur|Glaive Rush|p1b: Su Ex\n|-damage|p1b: Su Ex|0 fnt\n|-singlemove|p2a: Baxcalibur|Glaive Rush|[silent]\n|faint|p1b: Su Ex\n|move|p1a: Su Novio|Ruination|p2b: Amoonguss|[miss]\n|-miss|p1a: Su Novio|p2b: Amoonguss\n|\n|upkeep\n|\n|t:|1681827041\n|switch|p1b: Su Hermano|Iron Hands, L50, shiny|100\/100\n|turn|6\n|\n|t:|1681827061\n|move|p2a: Baxcalibur|Protect|p2a: Baxcalibur\n|-singleturn|p2a: Baxcalibur|Protect\n|move|p1b: Su Hermano|Drain Punch|p2a: Baxcalibur\n|-activate|p2a: Baxcalibur|move: Protect\n|move|p1a: Su Novio|Heavy Slam|p2a: Baxcalibur\n|-activate|p2a: Baxcalibur|move: Protect\n|move|p2b: Amoonguss|Spore|p1b: Su Hermano\n|-status|p1b: Su Hermano|slp|[from] move: Spore\n|-enditem|p1b: Su Hermano|Lum Berry|[eat]\n|-curestatus|p1b: Su Hermano|slp|[msg]\n|\n|upkeep\n|turn|7\n|\n|t:|1681827080\n|move|p2a: Baxcalibur|Protect||[still]\n|-fail|p2a: Baxcalibur\n|move|p1b: Su Hermano|Drain Punch|p2a: Baxcalibur\n|-supereffective|p2a: Baxcalibur\n|-damage|p2a: Baxcalibur|28\/100\n|move|p1a: Su Novio|Stomping Tantrum|p2b: Amoonguss\n|-damage|p2b: Amoonguss|32\/100\n|move|p2b: Amoonguss|Spore|p1b: Su Hermano\n|-status|p1b: Su Hermano|slp|[from] move: Spore\n|\n|upkeep\n|turn|8\n|inactive|sergio23perez has 30 seconds left.\n|\n|t:|1681827110\n|move|p2a: Baxcalibur|Icicle Spear|p1a: Su Novio\n|-supereffective|p1a: Su Novio\n|-damage|p1a: Su Novio|10\/100\n|-supereffective|p1a: Su Novio\n|-damage|p1a: Su Novio|0 fnt\n|faint|p1a: Su Novio\n|-hitcount|p1: Su Novio|2\n|cant|p1b: Su Hermano|slp\n|move|p2b: Amoonguss|Pollen Puff|p2a: Baxcalibur\n|-heal|p2a: Baxcalibur|78\/100\n|\n|upkeep\n|turn|9\n|-message|sergio23perez forfeited.\n|\n|win|haha u rage quit\n|raw|sergio23perez's rating: 1102 → 1083<\/strong> (-19 for losing)\n|raw|haha u rage quit's rating: 1180 → 1199<\/strong> (+19 for winning)\n|l|\u2606sergio23perez\n","uploadtime":1681827132,"views":5,"p1id":"sergio23perez","p2id":"hahauragequit","formatid":"gen9vgc2023regulationc","rating":1083,"private":0,"password":""}