{"id":"gen9vgc2023regulationc-1856415878","p1":"Zak-001","p2":"haha you rage quit","format":"[Gen 9] VGC 2023 Regulation C","log":"|j|\u2606Zak-001\n|j|\u2606haha you rage quit\n|t:|1683059312\n|gametype|doubles\n|player|p1|Zak-001|2|1253\n|player|p2|haha you rage quit|pokemaniac|1230\n|teamsize|p1|6\n|teamsize|p2|6\n|gen|9\n|tier|[Gen 9] VGC 2023 Regulation C\n|rated|\n|rule|Species Clause: Limit one of each Pok\u00e9mon\n|rule|Item Clause: Limit one of each item\n|clearpoke\n|poke|p1|Chi-Yu, L50|\n|poke|p1|Frosmoth, L50, M|\n|poke|p1|Flutter Mane, L50|\n|poke|p1|Wo-Chien, L50|\n|poke|p1|Scream Tail, L50|\n|poke|p1|Gastrodon, L50, M|\n|poke|p2|Flutter Mane, L50|\n|poke|p2|Chi-Yu, L50|\n|poke|p2|Great Tusk, L50|\n|poke|p2|Gholdengo, L50|\n|poke|p2|Murkrow, L50, M|\n|poke|p2|Talonflame, L50, M|\n|teampreview|4\n|inactive|Battle timer is ON: inactive players will automatically lose when time's up. (requested by Zak-001)\n|inactive|haha you rage quit has 60 seconds left.\n|\n|t:|1683059347\n|start\n|switch|p1a: Chi-Yu|Chi-Yu, L50|100\/100\n|switch|p1b: Flutter Mane|Flutter Mane, L50|100\/100\n|switch|p2a: Murkrow|Murkrow, L50, M|100\/100\n|switch|p2b: Great Tusk|Great Tusk, L50, shiny|100\/100\n|-ability|p1a: Chi-Yu|Beads of Ruin\n|turn|1\n|\n|t:|1683059363\n|-terastallize|p2b: Great Tusk|Ghost\n|move|p2a: Murkrow|Tailwind|p2a: Murkrow\n|-sidestart|p2: haha you rage quit|move: Tailwind\n|move|p2b: Great Tusk|Earthquake|p1a: Chi-Yu|[spread] p1a,p1b\n|-immune|p2a: Murkrow\n|-supereffective|p1a: Chi-Yu\n|-damage|p1a: Chi-Yu|0 fnt\n|-enditem|p1b: Flutter Mane|Focus Sash\n|-damage|p1b: Flutter Mane|1\/100\n|faint|p1a: Chi-Yu\n|move|p1b: Flutter Mane|Trick Room|p1b: Flutter Mane\n|-fieldstart|move: Trick Room|[of] p1b: Flutter Mane\n|\n|upkeep\n|\n|t:|1683059375\n|switch|p1a: Frosmoth|Frosmoth, L50, M|100\/100\n|turn|2\n|\n|t:|1683059389\n|-terastallize|p1a: Frosmoth|Water\n|move|p1a: Frosmoth|Quiver Dance|p1a: Frosmoth\n|-boost|p1a: Frosmoth|spa|1\n|-boost|p1a: Frosmoth|spd|1\n|-boost|p1a: Frosmoth|spe|1\n|move|p1b: Flutter Mane|Shadow Ball|p2b: Great Tusk\n|-supereffective|p2b: Great Tusk\n|-damage|p2b: Great Tusk|0 fnt\n|faint|p2b: Great Tusk\n|-end|p2b: Great Tusk|Protosynthesis|[silent]\n|move|p2a: Murkrow|Icy Wind|p1a: Frosmoth|[spread] p1a,p1b\n|-resisted|p1a: Frosmoth\n|-damage|p1a: Frosmoth|99\/100\n|-damage|p1b: Flutter Mane|0 fnt\n|-unboost|p1a: Frosmoth|spe|1\n|faint|p1b: Flutter Mane\n|-end|p1b: Flutter Mane|Protosynthesis|[silent]\n|\n|upkeep\n|\n|t:|1683059407\n|switch|p2b: Gholdengo|Gholdengo, L50|100\/100\n|switch|p1b: Scream Tail|Scream Tail, L50|100\/100\n|-enditem|p1b: Scream Tail|Booster Energy\n|-activate|p1b: Scream Tail|ability: Protosynthesis|[fromitem]\n|-start|p1b: Scream Tail|protosynthesisspe\n|turn|3\n|\n|t:|1683059431\n|move|p1a: Frosmoth|Ice Beam|p2a: Murkrow\n|-supereffective|p2a: Murkrow\n|-enditem|p2a: Murkrow|Focus Sash\n|-damage|p2a: Murkrow|1\/100\n|move|p1b: Scream Tail|Fake Tears|p2b: Gholdengo\n|-immune|p2b: Gholdengo|[from] ability: Good as Gold\n|move|p2b: Gholdengo|Make It Rain|p1a: Frosmoth|[spread] p1a,p1b\n|-resisted|p1a: Frosmoth\n|-supereffective|p1b: Scream Tail\n|-damage|p1a: Frosmoth|89\/100\n|-damage|p1b: Scream Tail|13\/100\n|-unboost|p2b: Gholdengo|spa|1\n|move|p2a: Murkrow|Icy Wind|p1a: Frosmoth|[spread] p1a,p1b\n|-resisted|p1a: Frosmoth\n|-damage|p1a: Frosmoth|87\/100\n|-damage|p1b: Scream Tail|7\/100\n|-unboost|p1a: Frosmoth|spe|1\n|-unboost|p1b: Scream Tail|spe|1\n|\n|upkeep\n|turn|4\n|\n|t:|1683059452\n|move|p1a: Frosmoth|Ice Beam|p2b: Gholdengo\n|-resisted|p2b: Gholdengo\n|-damage|p2b: Gholdengo|66\/100\n|move|p1b: Scream Tail|Dazzling Gleam|p2b: Gholdengo|[spread] p2a,p2b\n|-supereffective|p2a: Murkrow\n|-resisted|p2b: Gholdengo\n|-damage|p2a: Murkrow|0 fnt\n|-damage|p2b: Gholdengo|57\/100\n|faint|p2a: Murkrow\n|move|p2b: Gholdengo|Shadow Ball|p1a: Frosmoth\n|-damage|p1a: Frosmoth|76\/100\n|-unboost|p1a: Frosmoth|spd|1\n|\n|-sideend|p2: haha you rage quit|move: Tailwind\n|upkeep\n|\n|t:|1683059466\n|switch|p2a: Flutter Mane|Flutter Mane, L50, shiny|100\/100\n|-enditem|p2a: Flutter Mane|Booster Energy\n|-activate|p2a: Flutter Mane|ability: Protosynthesis|[fromitem]\n|-start|p2a: Flutter Mane|protosynthesisspa\n|turn|5\n|\n|t:|1683059482\n|move|p1a: Frosmoth|Ice Beam|p2b: Gholdengo\n|-resisted|p2b: Gholdengo\n|-damage|p2b: Gholdengo|27\/100\n|move|p2b: Gholdengo|Make It Rain|p1a: Frosmoth|[spread] p1a,p1b\n|-resisted|p1a: Frosmoth\n|-supereffective|p1b: Scream Tail\n|-crit|p1b: Scream Tail\n|-damage|p1a: Frosmoth|65\/100\n|-damage|p1b: Scream Tail|0 fnt\n|-unboost|p2b: Gholdengo|spa|1\n|faint|p1b: Scream Tail\n|-end|p1b: Scream Tail|Protosynthesis|[silent]\n|move|p2a: Flutter Mane|Moonblast|p1a: Frosmoth\n|-damage|p1a: Frosmoth|26\/100\n|-enditem|p1a: Frosmoth|Sitrus Berry|[eat]\n|-heal|p1a: Frosmoth|51\/100|[from] item: Sitrus Berry\n|\n|-fieldend|move: Trick Room\n|upkeep\n|turn|6\n|\n|t:|1683059500\n|move|p2a: Flutter Mane|Moonblast|p1a: Frosmoth\n|-damage|p1a: Frosmoth|12\/100\n|-unboost|p1a: Frosmoth|spa|1\n|move|p2b: Gholdengo|Shadow Ball|p1a: Frosmoth\n|-damage|p1a: Frosmoth|0 fnt\n|faint|p1a: Frosmoth\n|\n|win|haha you rage quit\n|raw|Zak-001's rating: 1253 → 1226<\/strong> (-27 for losing)\n|raw|haha you rage quit's rating: 1230 → 1257<\/strong> (+27 for winning)\n|c|\u2606Zak-001|gg\n|l|\u2606Zak-001\n","uploadtime":1683059517,"views":7,"p1id":"zak001","p2id":"hahayouragequit","formatid":"gen9vgc2023regulationc","rating":1226,"private":0,"password":""}