{"id":"gen9vgc2023regulationc-1847496646","p1":"Miggle SoCal","p2":"ExcelSheet","format":"[Gen 9] VGC 2023 Regulation C","log":"|j|\u2606Miggle SoCal\n|j|\u2606ExcelSheet\n|t:|1681962668\n|gametype|doubles\n|player|p1|Miggle SoCal|169|\n|player|p2|ExcelSheet|hilbert-wonderlauncher|\n|teamsize|p1|6\n|teamsize|p2|6\n|gen|9\n|tier|[Gen 9] VGC 2023 Regulation C\n|rule|Species Clause: Limit one of each Pok\u00e9mon\n|rule|Item Clause: Limit one of each item\n|clearpoke\n|poke|p1|Palafin, L50, M|\n|poke|p1|Chien-Pao, L50|\n|poke|p1|Dragapult, L50, F|\n|poke|p1|Amoonguss, L50, M|\n|poke|p1|Arcanine, L50, F|\n|poke|p1|Kingambit, L50, F|\n|poke|p2|Flutter Mane, L50|\n|poke|p2|Great Tusk, L50|\n|poke|p2|Scizor, L50, M|\n|poke|p2|Corviknight, L50, F|\n|poke|p2|Chi-Yu, L50|\n|poke|p2|Iron Bundle, L50|\n|teampreview|4\n|inactive|Battle timer is ON: inactive players will automatically lose when time's up. (requested by ExcelSheet)\nExcelSheet has agreed to open team sheets.\n|inactiveoff|Battle timer is now OFF.\nMiggle SoCal has agreed to open team sheets.\n|\n|t:|1681962778\n|start\n|switch|p1a: Palafin|Palafin, L50, M|100\/100\n|switch|p1b: Chien-Pao|Chien-Pao, L50|100\/100\n|switch|p2a: Corviknight|Corviknight, L50, F|100\/100\n|switch|p2b: Scizor|Scizor, L50, M|100\/100\n|-ability|p1b: Chien-Pao|Sword of Ruin\n|turn|1\n|\n|t:|1681962830\n|detailschange|p1a: Palafin|Palafin-Hero, L50, M\n|switch|p1a: Arcanine|Arcanine, L50, F|100\/100\n|-ability|p1a: Arcanine|Intimidate|boost\n|-ability|p2a: Corviknight|Mirror Armor\n|-unboost|p1a: Arcanine|atk|1\n|-unboost|p2b: Scizor|atk|1\n|move|p1b: Chien-Pao|Ice Spinner|p2b: Scizor\n|-resisted|p2b: Scizor\n|-damage|p2b: Scizor|74\/100\n|move|p2a: Corviknight|Brave Bird|p1a: Arcanine\n|-damage|p1a: Arcanine|48\/100\n|-damage|p2a: Corviknight|84\/100|[from] Recoil\n|move|p2b: Scizor|U-turn|p1a: Arcanine\n|-resisted|p1a: Arcanine\n|-damage|p1a: Arcanine|23\/100\n|\n|t:|1681962856\n|switch|p2b: Great Tusk|Great Tusk, L50|100\/100|[from] U-turn\n|\n|upkeep\n|turn|2\n|\n|t:|1681962889\n|switch|p1a: Palafin|Palafin-Hero, L50, M|100\/100\n|-activate|p1a: Palafin|ability: Zero to Hero\n|move|p1b: Chien-Pao|Protect|p1b: Chien-Pao\n|-singleturn|p1b: Chien-Pao|Protect\n|move|p2b: Great Tusk|Protect|p2b: Great Tusk\n|-singleturn|p2b: Great Tusk|Protect\n|move|p2a: Corviknight|Brave Bird|p1b: Chien-Pao\n|-activate|p1b: Chien-Pao|move: Protect\n|\n|upkeep\n|turn|3\n|\n|t:|1681962913\n|-end|p2b: Great Tusk|Protosynthesis|[silent]\n|switch|p2b: Scizor|Scizor, L50, M|74\/100\n|move|p1a: Palafin|Jet Punch|p2b: Scizor\n|-damage|p2b: Scizor|12\/100\n|move|p1b: Chien-Pao|Ice Spinner|p2b: Scizor\n|-resisted|p2b: Scizor\n|-damage|p2b: Scizor|0 fnt\n|faint|p2b: Scizor\n|move|p2a: Corviknight|Brave Bird|p1b: Chien-Pao\n|-damage|p1b: Chien-Pao|45\/100\n|-damage|p2a: Corviknight|70\/100|[from] Recoil\n|\n|upkeep\n|\n|t:|1681962924\n|switch|p2b: Great Tusk|Great Tusk, L50|100\/100\n|turn|4\n|\n|t:|1681962954\n|-terastallize|p2b: Great Tusk|Steel\n|move|p1b: Chien-Pao|Ice Spinner|p2a: Corviknight\n|-damage|p2a: Corviknight|40\/100\n|-enditem|p2a: Corviknight|Sitrus Berry|[eat]\n|-heal|p2a: Corviknight|65\/100|[from] item: Sitrus Berry\n|move|p2b: Great Tusk|Earthquake|p1a: Palafin|[spread] p1a,p1b\n|-immune|p2a: Corviknight\n|-damage|p1a: Palafin|56\/100\n|-damage|p1b: Chien-Pao|0 fnt\n|faint|p1b: Chien-Pao\n|move|p1a: Palafin|Wave Crash|p2a: Corviknight\n|-damage|p2a: Corviknight|6\/100\n|-damage|p1a: Palafin|36\/100|[from] Recoil\n|move|p2a: Corviknight|Tailwind|p2a: Corviknight\n|-sidestart|p2: ExcelSheet|move: Tailwind\n|\n|upkeep\n|\n|t:|1681962973\n|switch|p1b: Arcanine|Arcanine, L50, F|23\/100\n|-ability|p1b: Arcanine|Intimidate|boost\n|-ability|p2a: Corviknight|Mirror Armor\n|-unboost|p1b: Arcanine|atk|1\n|-unboost|p2b: Great Tusk|atk|1\n|turn|5\n|\n|t:|1681962997\n|move|p1b: Arcanine|Protect|p1b: Arcanine\n|-singleturn|p1b: Arcanine|Protect\n|move|p1a: Palafin|Protect|p1a: Palafin\n|-singleturn|p1a: Palafin|Protect\n|move|p2b: Great Tusk|Earthquake|p1b: Arcanine|[spread] \n|-activate|p1a: Palafin|move: Protect\n|-activate|p1b: Arcanine|move: Protect\n|-immune|p2a: Corviknight\n|move|p2a: Corviknight|Brave Bird|p1a: Palafin\n|-activate|p1a: Palafin|move: Protect\n|\n|upkeep\n|turn|6\n|\n|t:|1681963044\n|-terastallize|p1a: Palafin|Flying\n|move|p1b: Arcanine|Extreme Speed|p2b: Great Tusk\n|-resisted|p2b: Great Tusk\n|-damage|p2b: Great Tusk|95\/100\n|move|p1a: Palafin|Jet Punch|p2a: Corviknight\n|-damage|p2a: Corviknight|0 fnt\n|faint|p2a: Corviknight\n|move|p2b: Great Tusk|Earthquake|p1b: Arcanine|[spread] p1b\n|-immune|p1a: Palafin\n|-supereffective|p1b: Arcanine\n|-damage|p1b: Arcanine|0 fnt\n|faint|p1b: Arcanine\n|\n|upkeep\n|\n|t:|1681963057\n|switch|p1b: Dragapult|Dragapult, L50, F|100\/100\n|switch|p2a: Chi-Yu|Chi-Yu, L50|100\/100\n|-ability|p2a: Chi-Yu|Beads of Ruin\n|turn|7\n|\n|t:|1681963076\n|move|p2a: Chi-Yu|Protect|p2a: Chi-Yu\n|-singleturn|p2a: Chi-Yu|Protect\n|move|p1a: Palafin|Protect|p1a: Palafin\n|-singleturn|p1a: Palafin|Protect\n|move|p2b: Great Tusk|Close Combat|p1a: Palafin\n|-activate|p1a: Palafin|move: Protect\n|move|p1b: Dragapult|Dragon Darts|p2b: Great Tusk\n|-resisted|p2b: Great Tusk\n|-damage|p2b: Great Tusk|82\/100\n|-anim|p1b: Dragapult|Dragon Darts|p2b: Great Tusk\n|-resisted|p2b: Great Tusk\n|-damage|p2b: Great Tusk|68\/100\n|\n|-sideend|p2: ExcelSheet|move: Tailwind\n|upkeep\n|turn|8\n|\n|t:|1681963099\n|move|p1a: Palafin|Jet Punch|p2a: Chi-Yu\n|-supereffective|p2a: Chi-Yu\n|-damage|p2a: Chi-Yu|0 fnt\n|faint|p2a: Chi-Yu\n|move|p1b: Dragapult|Dragon Darts|p2b: Great Tusk\n|-resisted|p2b: Great Tusk\n|-damage|p2b: Great Tusk|56\/100\n|-anim|p1b: Dragapult|Dragon Darts|p2b: Great Tusk\n|-resisted|p2b: Great Tusk\n|-damage|p2b: Great Tusk|42\/100\n|move|p2b: Great Tusk|Headlong Rush|p1a: Palafin\n|-immune|p1a: Palafin\n|\n|upkeep\n|turn|9\n|\n|t:|1681963113\n|move|p1a: Palafin|Jet Punch|p2b: Great Tusk\n|-damage|p2b: Great Tusk|6\/100\n|move|p1b: Dragapult|Dragon Darts|p2b: Great Tusk\n|-resisted|p2b: Great Tusk\n|-damage|p2b: Great Tusk|0 fnt\n|faint|p2b: Great Tusk\n|-end|p2b: Great Tusk|Protosynthesis|[silent]\n|\n|win|Miggle SoCal\n","uploadtime":1681963120,"views":5,"p1id":"migglesocal","p2id":"excelsheet","formatid":"gen9vgc2023regulationc","rating":0,"private":0,"password":""}