{"id":"gen9vgc2023regulationc-1849203860","p1":"Nuzzlear","p2":"Citoraptor","format":"[Gen 9] VGC 2023 Regulation C","log":"|j|\u2606Nuzzlear\n|j|\u2606Citoraptor\n|t:|1682172342\n|gametype|doubles\n|player|p1|Nuzzlear|veteran|1087\n|player|p2|Citoraptor|266|1035\n|teamsize|p1|6\n|teamsize|p2|6\n|gen|9\n|tier|[Gen 9] VGC 2023 Regulation C\n|rated|\n|rule|Species Clause: Limit one of each Pok\u00e9mon\n|rule|Item Clause: Limit one of each item\n|clearpoke\n|poke|p1|Flutter Mane, L50|\n|poke|p1|Amoonguss, L50, M|\n|poke|p1|Arcanine, L50, F|\n|poke|p1|Palafin, L50, M|\n|poke|p1|Ting-Lu, L50|\n|poke|p1|Sylveon, L50, F|\n|poke|p2|Roaring Moon, L50|\n|poke|p2|Talonflame, L50, M|\n|poke|p2|Gholdengo, L50|\n|poke|p2|Chien-Pao, L50|\n|poke|p2|Palafin, L50, M|\n|poke|p2|Maushold, L50|\n|teampreview|4\n|inactive|Battle timer is ON: inactive players will automatically lose when time's up. (requested by Nuzzlear)\n|inactive|Citoraptor has 60 seconds left.\n|\n|t:|1682172384\n|start\n|switch|p1a: Flutter Mane|Flutter Mane, L50|100\/100\n|switch|p1b: Amoonguss|Amoonguss, L50, M, shiny|100\/100\n|switch|p2a: Talonflame|Talonflame, L50, M|100\/100\n|switch|p2b: Roaring Moon|Roaring Moon, L50, shiny|100\/100\n|-enditem|p2b: Roaring Moon|Booster Energy\n|-activate|p2b: Roaring Moon|ability: Protosynthesis|[fromitem]\n|-start|p2b: Roaring Moon|protosynthesisatk\n|turn|1\n|inactive|Citoraptor has 30 seconds left.\n|\n|t:|1682172413\n|-terastallize|p2b: Roaring Moon|Flying\n|move|p1b: Amoonguss|Protect|p1b: Amoonguss\n|-singleturn|p1b: Amoonguss|Protect\n|move|p1a: Flutter Mane|Thunderbolt|p2a: Talonflame\n|-supereffective|p2a: Talonflame\n|-damage|p2a: Talonflame|0 fnt\n|faint|p2a: Talonflame\n|move|p2b: Roaring Moon|Acrobatics|p1a: Flutter Mane\n|-damage|p1a: Flutter Mane|0 fnt\n|faint|p1a: Flutter Mane\n|-end|p1a: Flutter Mane|Protosynthesis|[silent]\n|\n|upkeep\n|\n|t:|1682172428\n|switch|p1a: Arcanine|Arcanine, L50, F|100\/100\n|switch|p2a: Gholdengo|Gholdengo, L50|100\/100\n|-ability|p1a: Arcanine|Intimidate|boost\n|-unboost|p2a: Gholdengo|atk|1\n|-unboost|p2b: Roaring Moon|atk|1\n|turn|2\n|\n|t:|1682172444\n|move|p2b: Roaring Moon|Acrobatics|p1b: Amoonguss\n|-supereffective|p1b: Amoonguss\n|-damage|p1b: Amoonguss|13\/100\n|-enditem|p1b: Amoonguss|Sitrus Berry|[eat]\n|-heal|p1b: Amoonguss|38\/100|[from] item: Sitrus Berry\n|move|p2a: Gholdengo|Power Gem|p1a: Arcanine\n|-supereffective|p1a: Arcanine\n|-damage|p1a: Arcanine|5\/100\n|move|p1a: Arcanine|Flare Blitz|p2a: Gholdengo\n|-supereffective|p2a: Gholdengo\n|-damage|p2a: Gholdengo|0 fnt\n|faint|p2a: Gholdengo\n|-damage|p1a: Arcanine|0 fnt|[from] Recoil\n|faint|p1a: Arcanine\n|move|p1b: Amoonguss|Spore|p2b: Roaring Moon\n|-status|p2b: Roaring Moon|slp|[from] move: Spore\n|\n|upkeep\n|\n|t:|1682172462\n|switch|p2a: Chien-Pao|Chien-Pao, L50|100\/100\n|switch|p1a: Sylveon|Sylveon, L50, F, shiny|100\/100\n|-ability|p2a: Chien-Pao|Sword of Ruin\n|turn|3\n|\n|t:|1682172486\n|move|p1b: Amoonguss|Protect|p1b: Amoonguss\n|-singleturn|p1b: Amoonguss|Protect\n|move|p2a: Chien-Pao|Ice Spinner|p1a: Sylveon\n|-damage|p1a: Sylveon|36\/100\n|cant|p2b: Roaring Moon|slp\n|move|p1a: Sylveon|Hyper Voice|p2a: Chien-Pao|[spread] p2a,p2b\n|-supereffective|p2a: Chien-Pao\n|-enditem|p2a: Chien-Pao|Focus Sash\n|-damage|p2a: Chien-Pao|1\/100\n|-damage|p2b: Roaring Moon|62\/100 slp\n|-enditem|p1a: Sylveon|Throat Spray\n|-boost|p1a: Sylveon|spa|1|[from] item: Throat Spray\n|\n|upkeep\n|turn|4\n|inactive|Nuzzlear has 30 seconds left.\n|\n|t:|1682172511\n|move|p1b: Amoonguss|Rage Powder|p1b: Amoonguss\n|-singleturn|p1b: Amoonguss|move: Rage Powder\n|move|p2a: Chien-Pao|Sucker Punch||[still]\n|-fail|p2a: Chien-Pao\n|-curestatus|p2b: Roaring Moon|slp|[msg]\n|move|p2b: Roaring Moon|Acrobatics|p1b: Amoonguss\n|-supereffective|p1b: Amoonguss\n|-damage|p1b: Amoonguss|0 fnt\n|faint|p1b: Amoonguss\n|move|p1a: Sylveon|Hyper Voice|p2a: Chien-Pao|[spread] p2a,p2b\n|-supereffective|p2a: Chien-Pao\n|-damage|p2a: Chien-Pao|0 fnt\n|-damage|p2b: Roaring Moon|3\/100\n|faint|p2a: Chien-Pao\n|\n|upkeep\n|turn|5\n|\n|t:|1682172528\n|move|p2b: Roaring Moon|Acrobatics|p1a: Sylveon\n|-damage|p1a: Sylveon|0 fnt\n|faint|p1a: Sylveon\n|\n|win|Citoraptor\n|raw|Nuzzlear's rating: 1087 → 1061<\/strong> (-26 for losing)\n|raw|Citoraptor's rating: 1035 → 1075<\/strong> (+40 for winning)\n|l|\u2606Nuzzlear\n","uploadtime":1682172549,"views":9,"p1id":"nuzzlear","p2id":"citoraptor","formatid":"gen9vgc2023regulationc","rating":1061,"private":0,"password":""}