{"id":"gen9vgc2023regulationc-1858291808","p1":"Icefanngs","p2":"Victreebel main","format":"[Gen 9] VGC 2023 Regulation C","log":"|j|\u2606Icefanngs\n|j|\u2606Victreebel main\n|t:|1683299114\n|gametype|doubles\n|player|p1|Icefanngs|101|1076\n|player|p2|Victreebel main|2|1033\n|teamsize|p1|6\n|teamsize|p2|6\n|gen|9\n|tier|[Gen 9] VGC 2023 Regulation C\n|rated|\n|rule|Species Clause: Limit one of each Pok\u00e9mon\n|rule|Item Clause: Limit one of each item\n|clearpoke\n|poke|p1|Vaporeon, L50, F|\n|poke|p1|Jolteon, L50, M|\n|poke|p1|Leafeon, L50, F|\n|poke|p1|Umbreon, L50, M|\n|poke|p1|Espeon, L50, F|\n|poke|p1|Sylveon, L50, F|\n|poke|p2|Clodsire, L50, F|\n|poke|p2|Palafin, L50, F|\n|poke|p2|Iron Hands, L50|\n|poke|p2|Dragonite, L50, F|\n|poke|p2|Armarouge, L50, F|\n|poke|p2|Torkoal, L50, M|\n|teampreview|4\n|\n|t:|1683299156\n|start\n|switch|p1a: Midnight|Umbreon, L50, M|100\/100\n|switch|p1b: Sakura|Sylveon, L50, F|100\/100\n|switch|p2a: Poopoo fish|Clodsire, L50, F|100\/100\n|switch|p2b: Palafin|Palafin, L50, F|100\/100\n|turn|1\n|\n|t:|1683299184\n|-terastallize|p1b: Sakura|Psychic\n|move|p2b: Palafin|Flip Turn|p1b: Sakura\n|-damage|p1b: Sakura|86\/100\n|inactive|Battle timer is ON: inactive players will automatically lose when time's up. (requested by Icefanngs)\n|\n|t:|1683299219\n|detailschange|p2b: Palafin|Palafin-Hero, L50, F\n|switch|p2b: Iron Hands|Iron Hands, L50|100\/100|[from] Flip Turn\n|move|p1a: Midnight|Reflect|p1a: Midnight\n|-sidestart|p1: Icefanngs|Reflect\n|move|p1b: Sakura|Psychic|p2a: Poopoo fish\n|-supereffective|p2a: Poopoo fish\n|-damage|p2a: Poopoo fish|27\/100\n|move|p2a: Poopoo fish|Toxic|p1a: Midnight\n|-status|p1a: Midnight|tox\n|\n|-heal|p1b: Sakura|92\/100|[from] item: Leftovers\n|-heal|p2a: Poopoo fish|33\/100|[from] item: Leftovers\n|-damage|p1a: Midnight|95\/100 tox|[from] psn\n|upkeep\n|turn|2\n|inactive|Victreebel main has 30 seconds left.\n|\n|t:|1683299250\n|move|p2a: Poopoo fish|Protect|p2a: Poopoo fish\n|-singleturn|p2a: Poopoo fish|Protect\n|move|p1a: Midnight|Foul Play|p2b: Iron Hands\n|-resisted|p2b: Iron Hands\n|-damage|p2b: Iron Hands|83\/100\n|move|p1b: Sakura|Psychic|p2a: Poopoo fish\n|-activate|p2a: Poopoo fish|move: Protect\n|move|p2b: Iron Hands|Iron Head|p1b: Sakura\n|-damage|p1b: Sakura|67\/100\n|\n|-heal|p1b: Sakura|73\/100|[from] item: Leftovers\n|-heal|p2a: Poopoo fish|39\/100|[from] item: Leftovers\n|-damage|p1a: Midnight|83\/100 tox|[from] psn\n|upkeep\n|turn|3\n|inactive|Victreebel main has 30 seconds left.\n|inactive|Victreebel main has 20 seconds left.\n|inactive|Victreebel main has 15 seconds left.\n|\n|t:|1683299291\n|switch|p1a: Dawn|Espeon, L50, F|100\/100\n|move|p2a: Poopoo fish|Helping Hand|p2b: Iron Hands\n|-singleturn|p2b: Iron Hands|Helping Hand|[of] p2a: Poopoo fish\n|move|p1b: Sakura|Psychic|p2a: Poopoo fish\n|-supereffective|p2a: Poopoo fish\n|-damage|p2a: Poopoo fish|0 fnt\n|faint|p2a: Poopoo fish\n|move|p2b: Iron Hands|Wild Charge|p1b: Sakura\n|-damage|p1b: Sakura|10\/100\n|-damage|p2b: Iron Hands|71\/100|[from] Recoil\n|\n|-heal|p1b: Sakura|16\/100|[from] item: Leftovers\n|upkeep\n|inactive|Victreebel main has 30 seconds left.\n|inactive|Victreebel main has 20 seconds left.\n|inactive|Victreebel main has 15 seconds left.\n|inactive|Victreebel main has 10 seconds left.\n|\n|t:|1683299337\n|switch|p2a: Palafin|Palafin-Hero, L50, F|100\/100\n|-activate|p2a: Palafin|ability: Zero to Hero\n|turn|4\n|\n|t:|1683299351\n|move|p1b: Sakura|Protect|p1b: Sakura\n|-singleturn|p1b: Sakura|Protect\n|move|p2a: Palafin|Hydro Pump|p1a: Dawn|[miss]\n|-miss|p2a: Palafin|p1a: Dawn\n|move|p1a: Dawn|Psychic|p2b: Iron Hands\n|-supereffective|p2b: Iron Hands\n|-damage|p2b: Iron Hands|0 fnt\n|faint|p2b: Iron Hands\n|-end|p2b: Iron Hands|Quark Drive|[silent]\n|\n|-heal|p1b: Sakura|22\/100|[from] item: Leftovers\n|upkeep\n|inactive|Victreebel main has 30 seconds left.\n|\n|t:|1683299379\n|switch|p2b: Dragonite|Dragonite, L50, F|100\/100\n|turn|5\n|\n|t:|1683299392\n|move|p2a: Palafin|Hydro Pump|p1a: Dawn|[miss]\n|-miss|p2a: Palafin|p1a: Dawn\n|move|p1a: Dawn|Dazzling Gleam|p2a: Palafin|[spread] p2a,p2b\n|-supereffective|p2b: Dragonite\n|-damage|p2a: Palafin|77\/100\n|-damage|p2b: Dragonite|69\/100\n|move|p2b: Dragonite|Air Slash|p1b: Sakura\n|-damage|p1b: Sakura|0 fnt\n|faint|p1b: Sakura\n|\n|upkeep\n|\n|t:|1683299406\n|switch|p1b: Aqua|Vaporeon, L50, F|100\/100\n|turn|6\n|\n|t:|1683299415\n|move|p2a: Palafin|Hydro Pump|p1a: Dawn\n|-damage|p1a: Dawn|36\/100\n|move|p1a: Dawn|Dazzling Gleam|p2a: Palafin|[spread] p2a,p2b\n|-supereffective|p2b: Dragonite\n|-damage|p2a: Palafin|54\/100\n|-damage|p2b: Dragonite|39\/100\n|move|p2b: Dragonite|Draco Meteor|p1b: Aqua\n|-damage|p1b: Aqua|55\/100\n|-unboost|p2b: Dragonite|spa|2\n|move|p1b: Aqua|Icy Wind|p2a: Palafin|[spread] p2a,p2b\n|-resisted|p2a: Palafin\n|-supereffective|p2b: Dragonite\n|-damage|p2a: Palafin|47\/100\n|-damage|p2b: Dragonite|0 fnt\n|-unboost|p2a: Palafin|spe|1\n|faint|p2b: Dragonite\n|\n|upkeep\n|turn|7\n|\n|t:|1683299436\n|-terastallize|p2a: Palafin|Water\n|move|p1a: Dawn|Psychic|p2a: Palafin\n|-damage|p2a: Palafin|0 fnt\n|faint|p2a: Palafin\n|\n|win|Icefanngs\n|raw|Icefanngs's rating: 1076 → 1100<\/strong> (+24 for winning)\n|raw|Victreebel main's rating: 1022 → 1011<\/strong> (-11 for losing)\n|l|\u2606Victreebel main\n","uploadtime":1683299446,"views":7,"p1id":"icefanngs","p2id":"victreebelmain","formatid":"gen9vgc2023regulationc","rating":1011,"private":0,"password":""}