{"id":"gen9vgc2023regulationc-1852715251","p1":"Gildren","p2":"MaximumDarkness","format":"[Gen 9] VGC 2023 Regulation C","log":"|j|\u2606Gildren\n|j|\u2606MaximumDarkness\n|t:|1682599609\n|gametype|doubles\n|player|p1|Gildren|riley|1385\n|player|p2|MaximumDarkness|102|1472\n|teamsize|p1|6\n|teamsize|p2|6\n|gen|9\n|tier|[Gen 9] VGC 2023 Regulation C\n|rated|\n|rule|Species Clause: Limit one of each Pok\u00e9mon\n|rule|Item Clause: Limit one of each item\n|clearpoke\n|poke|p1|Arcanine, L50, M|\n|poke|p1|Amoonguss, L50, F|\n|poke|p1|Palafin, L50, F|\n|poke|p1|Flutter Mane, L50|\n|poke|p1|Dragonite, L50, M|\n|poke|p1|Chien-Pao, L50|\n|poke|p2|Tyranitar, L50, M|\n|poke|p2|Gyarados, L50, M|\n|poke|p2|Chien-Pao, L50|\n|poke|p2|Gholdengo, L50|\n|poke|p2|Amoonguss, L50, F|\n|poke|p2|Flutter Mane, L50|\n|teampreview|4\n|inactive|Battle timer is ON: inactive players will automatically lose when time's up. (requested by Gildren)\n|\n|t:|1682599629\n|start\n|switch|p1a: Flutter Mane|Flutter Mane, L50|100\/100\n|switch|p1b: Palafin|Palafin, L50, F|100\/100\n|switch|p2a: Tyranitar|Tyranitar, L50, M|100\/100\n|switch|p2b: Gyarados|Gyarados, L50, M|100\/100\n|-ability|p2b: Gyarados|Intimidate|boost\n|-unboost|p1a: Flutter Mane|atk|1\n|-unboost|p1b: Palafin|atk|1\n|-weather|Sandstorm|[from] ability: Sand Stream|[of] p2a: Tyranitar\n|turn|1\n|\n|t:|1682599645\n|detailschange|p1b: Palafin|Palafin-Hero, L50, F\n|switch|p1b: Arcanine|Arcanine, L50, M|100\/100\n|-ability|p1b: Arcanine|Intimidate|boost\n|-unboost|p2a: Tyranitar|atk|1\n|-unboost|p2b: Gyarados|atk|1\n|move|p1a: Flutter Mane|Thunderbolt|p2b: Gyarados\n|-supereffective|p2b: Gyarados\n|-damage|p2b: Gyarados|0 fnt\n|faint|p2b: Gyarados\n|move|p2a: Tyranitar|Rock Slide|p1a: Flutter Mane|[spread] p1a,p1b\n|-supereffective|p1b: Arcanine\n|-damage|p1a: Flutter Mane|50\/100\n|-damage|p1b: Arcanine|53\/100\n|\n|-weather|Sandstorm|[upkeep]\n|-damage|p1a: Flutter Mane|44\/100|[from] Sandstorm\n|-damage|p1b: Arcanine|47\/100|[from] Sandstorm\n|upkeep\n|\n|t:|1682599660\n|switch|p2b: Amoonguss|Amoonguss, L50, F|100\/100\n|turn|2\n|\n|t:|1682599678\n|-end|p1a: Flutter Mane|Protosynthesis|[silent]\n|switch|p1a: Amoonguss|Amoonguss, L50, F|100\/100\n|switch|p2a: Gholdengo|Gholdengo, L50|100\/100\n|move|p1b: Arcanine|Protect|p1b: Arcanine\n|-singleturn|p1b: Arcanine|Protect\n|move|p2b: Amoonguss|Protect||[still]\n|-fail|p2b: Amoonguss\n|\n|-weather|Sandstorm|[upkeep]\n|-damage|p1b: Arcanine|41\/100|[from] Sandstorm\n|-damage|p1a: Amoonguss|95\/100|[from] Sandstorm\n|-damage|p2b: Amoonguss|95\/100|[from] Sandstorm\n|upkeep\n|turn|3\n|\n|t:|1682599698\n|-terastallize|p2b: Amoonguss|Water\n|move|p2b: Amoonguss|Rage Powder|p2b: Amoonguss\n|-singleturn|p2b: Amoonguss|move: Rage Powder\n|move|p1b: Arcanine|Flare Blitz|p2b: Amoonguss\n|-resisted|p2b: Amoonguss\n|-damage|p2b: Amoonguss|76\/100\n|-damage|p1b: Arcanine|34\/100|[from] Recoil\n|move|p2a: Gholdengo|Nasty Plot|p2a: Gholdengo\n|-boost|p2a: Gholdengo|spa|2\n|move|p1a: Amoonguss|Pollen Puff|p1b: Arcanine\n|-heal|p1b: Arcanine|84\/100\n|\n|-weather|Sandstorm|[upkeep]\n|-damage|p1b: Arcanine|77\/100|[from] Sandstorm\n|-damage|p1a: Amoonguss|89\/100|[from] Sandstorm\n|-damage|p2b: Amoonguss|70\/100|[from] Sandstorm\n|upkeep\n|turn|4\n|inactive|MaximumDarkness has 30 seconds left.\n|inactive|MaximumDarkness has 20 seconds left.\n|inactive|MaximumDarkness has 15 seconds left.\n|\n|t:|1682599739\n|move|p1b: Arcanine|Protect|p1b: Arcanine\n|-singleturn|p1b: Arcanine|Protect\n|move|p2b: Amoonguss|Protect|p2b: Amoonguss\n|-singleturn|p2b: Amoonguss|Protect\n|move|p2a: Gholdengo|Nasty Plot|p2a: Gholdengo\n|-boost|p2a: Gholdengo|spa|2\n|move|p1a: Amoonguss|Spore|p2b: Amoonguss\n|-activate|p2b: Amoonguss|move: Protect\n|\n|-weather|Sandstorm|[upkeep]\n|-damage|p1b: Arcanine|71\/100|[from] Sandstorm\n|-damage|p1a: Amoonguss|83\/100|[from] Sandstorm\n|-damage|p2b: Amoonguss|64\/100|[from] Sandstorm\n|upkeep\n|turn|5\n|inactive|Gildren has 30 seconds left.\n|\n|t:|1682599768\n|switch|p2b: Tyranitar|Tyranitar, L50, M|100\/100\n|move|p1b: Arcanine|Flare Blitz|p2a: Gholdengo\n|-supereffective|p2a: Gholdengo\n|-damage|p2a: Gholdengo|3\/100\n|-damage|p1b: Arcanine|40\/100|[from] Recoil\n|move|p2a: Gholdengo|Make It Rain|p1b: Arcanine|[spread] p1a,p1b\n|-resisted|p1b: Arcanine\n|-damage|p1a: Amoonguss|0 fnt\n|-damage|p1b: Arcanine|0 fnt\n|-unboost|p2a: Gholdengo|spa|1\n|faint|p1a: Amoonguss\n|faint|p1b: Arcanine\n|\n|-weather|none\n|-heal|p2a: Gholdengo|9\/100|[from] item: Leftovers\n|upkeep\n|\n|t:|1682599776\n|switch|p1b: Flutter Mane|Flutter Mane, L50|44\/100\n|switch|p1a: Palafin|Palafin-Hero, L50, F|100\/100\n|-activate|p1a: Palafin|ability: Zero to Hero\n|turn|6\n|\n|t:|1682599792\n|-terastallize|p1b: Flutter Mane|Fairy\n|move|p2a: Gholdengo|Protect|p2a: Gholdengo\n|-singleturn|p2a: Gholdengo|Protect\n|move|p1a: Palafin|Jet Punch|p2a: Gholdengo\n|-activate|p2a: Gholdengo|move: Protect\n|move|p1b: Flutter Mane|Moonblast|p2b: Tyranitar\n|-supereffective|p2b: Tyranitar\n|-damage|p2b: Tyranitar|0 fnt\n|faint|p2b: Tyranitar\n|\n|-heal|p2a: Gholdengo|15\/100|[from] item: Leftovers\n|upkeep\n|\n|t:|1682599803\n|switch|p2b: Amoonguss|Amoonguss, L50, F, tera:Water|97\/100\n|turn|7\n|inactive|Gildren has 30 seconds left.\n|\n|t:|1682599837\n|move|p2b: Amoonguss|Rage Powder|p2b: Amoonguss\n|-singleturn|p2b: Amoonguss|move: Rage Powder\n|move|p1a: Palafin|Jet Punch|p2b: Amoonguss\n|-resisted|p2b: Amoonguss\n|-damage|p2b: Amoonguss|77\/100\n|move|p1b: Flutter Mane|Moonblast|p2b: Amoonguss\n|-damage|p2b: Amoonguss|0 fnt\n|faint|p2b: Amoonguss\n|move|p2a: Gholdengo|Make It Rain|p1b: Flutter Mane|[spread] p1a,p1b\n|-resisted|p1a: Palafin\n|-supereffective|p1b: Flutter Mane\n|-damage|p1a: Palafin|33\/100\n|-damage|p1b: Flutter Mane|0 fnt\n|-unboost|p2a: Gholdengo|spa|1\n|faint|p1b: Flutter Mane\n|-end|p1b: Flutter Mane|Protosynthesis|[silent]\n|\n|-heal|p2a: Gholdengo|21\/100|[from] item: Leftovers\n|upkeep\n|turn|8\n|\n|t:|1682599854\n|move|p2a: Gholdengo|Protect|p2a: Gholdengo\n|-singleturn|p2a: Gholdengo|Protect\n|move|p1a: Palafin|Jet Punch|p2a: Gholdengo\n|-activate|p2a: Gholdengo|move: Protect\n|\n|-heal|p2a: Gholdengo|27\/100|[from] item: Leftovers\n|upkeep\n|turn|9\n|\n|t:|1682599862\n|move|p1a: Palafin|Jet Punch|p2a: Gholdengo\n|-damage|p2a: Gholdengo|0 fnt\n|faint|p2a: Gholdengo\n|\n|win|Gildren\n|raw|Gildren's rating: 1385 → 1410<\/strong> (+25 for winning)\n|raw|MaximumDarkness's rating: 1472 → 1447<\/strong> (-25 for losing)\n|c|\u2606Gildren|i love how u played amonguss\n|c|\u2606Gildren|gg\n|c|\u2606MaximumDarkness|gg\n|l|\u2606MaximumDarkness\n","uploadtime":1682600110,"views":14,"p1id":"gildren","p2id":"maximumdarkness","formatid":"gen9vgc2023regulationc","rating":1410,"private":0,"password":""}