{"id":"gen9vgc2023regulationc-1850082733","p1":"torterrnite","p2":"padhug","format":"[Gen 9] VGC 2023 Regulation C","log":"|j|\u2606torterrnite\n|j|\u2606padhug\n|t:|1682285280\n|gametype|doubles\n|player|p1|torterrnite|steven|1046\n|player|p2|padhug|102|1053\n|teamsize|p1|6\n|teamsize|p2|6\n|gen|9\n|tier|[Gen 9] VGC 2023 Regulation C\n|rated|\n|rule|Species Clause: Limit one of each Pok\u00e9mon\n|rule|Item Clause: Limit one of each item\n|clearpoke\n|poke|p1|Ting-Lu, L50|\n|poke|p1|Murkrow, L50, M|\n|poke|p1|Noivern, L50, F|\n|poke|p1|Amoonguss, L50, M|\n|poke|p1|Chien-Pao, L50|\n|poke|p1|Scizor, L50, F|\n|poke|p2|Chi-Yu, L50|\n|poke|p2|Flutter Mane, L50|\n|poke|p2|Dragapult, L50, F|\n|poke|p2|Sylveon, L50, M|\n|poke|p2|Bellibolt, L50, M|\n|poke|p2|Murkrow, L50, F|\n|teampreview|4\n|\n|t:|1682285312\n|start\n|switch|p1a: Ting-Lu|Ting-Lu, L50|100\/100\n|switch|p1b: Amoonguss|Amoonguss, L50, M|100\/100\n|switch|p2a: Murkrow|Murkrow, L50, F|100\/100\n|switch|p2b: Bellibolt|Bellibolt, L50, M|100\/100\n|-ability|p1a: Ting-Lu|Vessel of Ruin\n|turn|1\n|\n|t:|1682285329\n|-terastallize|p1b: Amoonguss|Dark\n|move|p2a: Murkrow|Taunt|p1b: Amoonguss\n|-hint|Since gen 7, Dark is immune to Prankster moves.\n|-immune|p1b: Amoonguss\n|move|p2b: Bellibolt|Soak|p1a: Ting-Lu\n|-start|p1a: Ting-Lu|typechange|Water\n|move|p1a: Ting-Lu|Fissure|p2b: Bellibolt|[miss]\n|-miss|p1a: Ting-Lu|p2b: Bellibolt\n|move|p1b: Amoonguss|Spore|p2a: Murkrow\n|-status|p2a: Murkrow|slp|[from] move: Spore\n|\n|upkeep\n|turn|2\n|\n|t:|1682285356\n|move|p1b: Amoonguss|Rage Powder|p1b: Amoonguss\n|-singleturn|p1b: Amoonguss|move: Rage Powder\n|cant|p2a: Murkrow|slp\n|move|p2b: Bellibolt|Acid Spray|p1b: Amoonguss\n|-damage|p1b: Amoonguss|94\/100\n|-unboost|p1b: Amoonguss|spd|2\n|move|p1a: Ting-Lu|Stomping Tantrum|p2b: Bellibolt\n|-supereffective|p2b: Bellibolt\n|-crit|p2b: Bellibolt\n|-damage|p2b: Bellibolt|11\/100\n|-start|p2b: Bellibolt|Charge|Stomping Tantrum|[from] ability: Electromorphosis\n|-enditem|p2b: Bellibolt|Sitrus Berry|[eat]\n|-heal|p2b: Bellibolt|36\/100|[from] item: Sitrus Berry\n|\n|-heal|p1b: Amoonguss|99\/100|[from] item: Leftovers\n|upkeep\n|turn|3\n|\n|t:|1682285377\n|-curestatus|p2a: Murkrow|slp|[msg]\n|move|p2a: Murkrow|Tailwind|p2a: Murkrow\n|-sidestart|p2: padhug|move: Tailwind\n|move|p2b: Bellibolt|Parabolic Charge|p1b: Amoonguss|[spread] p2a,p1a,p1b\n|-supereffective|p2a: Murkrow\n|-supereffective|p1a: Ting-Lu\n|-damage|p2a: Murkrow|31\/100\n|-heal|p2b: Bellibolt|67\/100|[from] drain|[of] p2a: Murkrow\n|-damage|p1a: Ting-Lu|79\/100\n|-heal|p2b: Bellibolt|82\/100|[from] drain|[of] p1a: Ting-Lu\n|-damage|p1b: Amoonguss|52\/100\n|-heal|p2b: Bellibolt|100\/100|[from] drain|[of] p1b: Amoonguss\n|-end|p2b: Bellibolt|Charge|[silent]\n|move|p1a: Ting-Lu|Fissure|p2b: Bellibolt|[miss]\n|-miss|p1a: Ting-Lu|p2b: Bellibolt\n|move|p1b: Amoonguss|Spore|p2b: Bellibolt\n|-status|p2b: Bellibolt|slp|[from] move: Spore\n|\n|-heal|p1b: Amoonguss|58\/100|[from] item: Leftovers\n|upkeep\n|turn|4\n|inactive|Battle timer is ON: inactive players will automatically lose when time's up. (requested by torterrnite)\n|\n|t:|1682285414\n|switch|p2a: Dragapult|Dragapult, L50, F|100\/100\n|cant|p2b: Bellibolt|slp\n|move|p1a: Ting-Lu|Stomping Tantrum|p2b: Bellibolt\n|-supereffective|p2b: Bellibolt\n|-damage|p2b: Bellibolt|43\/100 slp\n|-start|p2b: Bellibolt|Charge|Stomping Tantrum|[from] ability: Electromorphosis\n|move|p1b: Amoonguss|Spore|p2a: Dragapult\n|-status|p2a: Dragapult|slp|[from] move: Spore\n|\n|-heal|p1b: Amoonguss|64\/100|[from] item: Leftovers\n|upkeep\n|turn|5\n|\n|t:|1682285436\n|cant|p2a: Dragapult|slp\n|cant|p2b: Bellibolt|slp\n|move|p1a: Ting-Lu|Fissure|p2b: Bellibolt\n|-damage|p2b: Bellibolt|0 fnt\n|faint|p2b: Bellibolt\n|-ohko\n|move|p1b: Amoonguss|Pollen Puff|p1a: Ting-Lu\n|-heal|p1a: Ting-Lu|100\/100\n|\n|-heal|p1b: Amoonguss|70\/100|[from] item: Leftovers\n|upkeep\n|\n|t:|1682285450\n|switch|p2b: Murkrow|Murkrow, L50, F|31\/100\n|turn|6\n|\n|t:|1682285460\n|move|p1b: Amoonguss|Rage Powder|p1b: Amoonguss\n|-singleturn|p1b: Amoonguss|move: Rage Powder\n|move|p2b: Murkrow|Tailwind||[still]\n|-fail|p2b: Murkrow\n|cant|p2a: Dragapult|slp\n|move|p1a: Ting-Lu|Rock Slide|p2b: Murkrow|[spread] p2a,p2b\n|-supereffective|p2b: Murkrow\n|-damage|p2a: Dragapult|81\/100 slp\n|-damage|p2b: Murkrow|3\/100\n|\n|-heal|p1b: Amoonguss|76\/100|[from] item: Leftovers\n|-sideend|p2: padhug|move: Tailwind\n|upkeep\n|turn|7\n|\n|t:|1682285477\n|move|p1b: Amoonguss|Rage Powder|p1b: Amoonguss\n|-singleturn|p1b: Amoonguss|move: Rage Powder\n|move|p2b: Murkrow|Tailwind|p2b: Murkrow\n|-sidestart|p2: padhug|move: Tailwind\n|-curestatus|p2a: Dragapult|slp|[msg]\n|move|p2a: Dragapult|Dragon Darts|p1b: Amoonguss\n|-damage|p1b: Amoonguss|48\/100\n|-anim|p2a: Dragapult|Dragon Darts|p1b: Amoonguss\n|-damage|p1b: Amoonguss|21\/100\n|-damage|p2a: Dragapult|72\/100|[from] item: Life Orb\n|move|p1a: Ting-Lu|Rock Slide|p2a: Dragapult|[spread] p2a,p2b\n|-supereffective|p2b: Murkrow\n|-damage|p2a: Dragapult|53\/100\n|-damage|p2b: Murkrow|0 fnt\n|faint|p2b: Murkrow\n|\n|-heal|p1b: Amoonguss|27\/100|[from] item: Leftovers\n|upkeep\n|\n|t:|1682285493\n|switch|p2b: Chi-Yu|Chi-Yu, L50|100\/100\n|-ability|p2b: Chi-Yu|Beads of Ruin\n|turn|8\n|\n|t:|1682285509\n|move|p2b: Chi-Yu|Snarl|p1b: Amoonguss|[spread] p1b\n|-miss|p2b: Chi-Yu|p1a: Ting-Lu\n|-resisted|p1b: Amoonguss\n|-damage|p1b: Amoonguss|7\/100\n|-unboost|p1b: Amoonguss|spa|1\n|move|p2a: Dragapult|Dragon Darts|p1b: Amoonguss\n|-damage|p1b: Amoonguss|0 fnt\n|-anim|p2a: Dragapult|Dragon Darts|p1a: Ting-Lu\n|-damage|p1a: Ting-Lu|83\/100\n|faint|p1b: Amoonguss\n|-damage|p2a: Dragapult|43\/100|[from] item: Life Orb\n|move|p1a: Ting-Lu|Fissure|p2b: Chi-Yu|[miss]\n|-miss|p1a: Ting-Lu|p2b: Chi-Yu\n|\n|upkeep\n|\n|t:|1682285526\n|switch|p1b: Chien-Pao|Chien-Pao, L50|100\/100\n|-ability|p1b: Chien-Pao|Sword of Ruin\n|turn|9\n|\n|t:|1682285532\n|move|p1b: Chien-Pao|Protect|p1b: Chien-Pao\n|-singleturn|p1b: Chien-Pao|Protect\n|move|p2b: Chi-Yu|Snarl|p1a: Ting-Lu|[spread] p1a\n|-activate|p1b: Chien-Pao|move: Protect\n|-damage|p1a: Ting-Lu|73\/100\n|-unboost|p1a: Ting-Lu|spa|1\n|move|p2a: Dragapult|Flamethrower|p1b: Chien-Pao\n|-activate|p1b: Chien-Pao|move: Protect\n|move|p1a: Ting-Lu|Stomping Tantrum|p2b: Chi-Yu\n|-supereffective|p2b: Chi-Yu\n|-damage|p2b: Chi-Yu|0 fnt\n|faint|p2b: Chi-Yu\n|\n|upkeep\n|turn|10\n|inactive|torterrnite has 30 seconds left.\n|\n|t:|1682285559\n|move|p1b: Chien-Pao|Protect||[still]\n|-fail|p1b: Chien-Pao\n|move|p2a: Dragapult|Flamethrower|p1b: Chien-Pao\n|-supereffective|p1b: Chien-Pao\n|-damage|p1b: Chien-Pao|33\/100\n|-damage|p2a: Dragapult|33\/100|[from] item: Life Orb\n|move|p1a: Ting-Lu|Fissure|p2a: Dragapult\n|-damage|p2a: Dragapult|0 fnt\n|faint|p2a: Dragapult\n|-ohko\n|\n|win|torterrnite\n|raw|torterrnite's rating: 1046 → 1080<\/strong> (+34 for winning)\n|raw|padhug's rating: 1053 → 1035<\/strong> (-18 for losing)\n","uploadtime":1682285570,"views":10,"p1id":"torterrnite","p2id":"padhug","formatid":"gen9vgc2023regulationc","rating":1035,"private":0,"password":""}