{"id":"gen9vgc2023regulationc-1859241655","p1":"nibuzhidaolee","p2":"GHS730","format":"[Gen 9] VGC 2023 Regulation C","log":"|j|\u2606nibuzhidaolee\n|j|\u2606GHS730\n|t:|1683422692\n|gametype|doubles\n|player|p1|nibuzhidaolee|265|1199\n|player|p2|GHS730|gambler|1216\n|teamsize|p1|6\n|teamsize|p2|6\n|gen|9\n|tier|[Gen 9] VGC 2023 Regulation C\n|rated|\n|rule|Species Clause: Limit one of each Pok\u00e9mon\n|rule|Item Clause: Limit one of each item\n|clearpoke\n|poke|p1|Chi-Yu, L50|\n|poke|p1|Murkrow, L50, F|\n|poke|p1|Flutter Mane, L50|\n|poke|p1|Indeedee-F, L50, F|\n|poke|p1|Great Tusk, L50|\n|poke|p1|Corviknight, L50, M|\n|poke|p2|Chien-Pao, L50|\n|poke|p2|Palafin, L50, M|\n|poke|p2|Amoonguss, L50, F|\n|poke|p2|Arcanine, L50, F|\n|poke|p2|Corviknight, L50, F|\n|poke|p2|Pawmot, L50, F|\n|teampreview|4\n|inactive|Battle timer is ON: inactive players will automatically lose when time's up. (requested by GHS730)\n|inactive|GHS730 has 60 seconds left.\n|\n|t:|1683422744\n|start\n|switch|p1a: Chi-Yu|Chi-Yu, L50|100\/100\n|switch|p1b: Indeedee|Indeedee-F, L50, F|100\/100\n|switch|p2a: Palafin|Palafin, L50, M|100\/100\n|switch|p2b: Chien-Pao|Chien-Pao, L50|100\/100\n|-ability|p2b: Chien-Pao|Sword of Ruin\n|-ability|p1a: Chi-Yu|Beads of Ruin\n|-fieldstart|move: Psychic Terrain|[from] ability: Psychic Surge|[of] p1b: Indeedee\n|turn|1\n|inactive|nibuzhidaolee has 30 seconds left.\n|inactive|GHS730 has 30 seconds left.\n|\n|t:|1683422776\n|move|p2a: Palafin|Protect|p2a: Palafin\n|-singleturn|p2a: Palafin|Protect\n|move|p1b: Indeedee|Follow Me|p1b: Indeedee\n|-singleturn|p1b: Indeedee|move: Follow Me\n|move|p2b: Chien-Pao|Ice Spinner|p1b: Indeedee\n|-damage|p1b: Indeedee|53\/100\n|-fieldend|move: Psychic Terrain\n|move|p1a: Chi-Yu|Heat Wave|p2b: Chien-Pao|[spread] p2b\n|-activate|p2a: Palafin|move: Protect\n|-supereffective|p2b: Chien-Pao\n|-enditem|p2b: Chien-Pao|Focus Sash\n|-damage|p2b: Chien-Pao|1\/100\n|\n|upkeep\n|turn|2\n|inactive|nibuzhidaolee has 30 seconds left.\n|\n|t:|1683422808\n|switch|p1b: Great Tusk|Great Tusk, L50|100\/100\n|move|p2b: Chien-Pao|Protect|p2b: Chien-Pao\n|-singleturn|p2b: Chien-Pao|Protect\n|move|p2a: Palafin|Jet Punch|p1a: Chi-Yu\n|-supereffective|p1a: Chi-Yu\n|-damage|p1a: Chi-Yu|18\/100\n|move|p1a: Chi-Yu|Heat Wave|p2b: Chien-Pao|[spread] p2a\n|-activate|p2b: Chien-Pao|move: Protect\n|-resisted|p2a: Palafin\n|-damage|p2a: Palafin|71\/100\n|\n|upkeep\n|turn|3\n|inactive|nibuzhidaolee has 30 seconds left.\n|inactive|GHS730 has 30 seconds left.\n|inactive|nibuzhidaolee has 20 seconds left.\n|\n|t:|1683422846\n|detailschange|p2a: Palafin|Palafin-Hero, L50, M\n|switch|p2a: Arcanine|Arcanine, L50, F|100\/100\n|-ability|p2a: Arcanine|Intimidate|boost\n|-unboost|p1a: Chi-Yu|atk|1\n|-unboost|p1b: Great Tusk|atk|1\n|move|p1a: Chi-Yu|Protect|p1a: Chi-Yu\n|-singleturn|p1a: Chi-Yu|Protect\n|move|p1b: Great Tusk|Earthquake|p2b: Chien-Pao|[spread] p2a,p2b\n|-activate|p1a: Chi-Yu|move: Protect\n|-supereffective|p2a: Arcanine\n|-damage|p2a: Arcanine|26\/100\n|-damage|p2b: Chien-Pao|0 fnt\n|faint|p2b: Chien-Pao\n|\n|upkeep\n|\n|t:|1683422855\n|switch|p2b: Palafin|Palafin-Hero, L50, M|71\/100\n|-activate|p2b: Palafin|ability: Zero to Hero\n|turn|4\n|\n|t:|1683422867\n|-end|p1b: Great Tusk|Protosynthesis|[silent]\n|switch|p1b: Indeedee|Indeedee-F, L50, F|53\/100\n|-fieldstart|move: Psychic Terrain|[from] ability: Psychic Surge|[of] p1b: Indeedee\n|-terastallize|p2b: Palafin|Water\n|move|p2a: Arcanine|Extreme Speed|p1a: Chi-Yu\n|-activate|p1a: Chi-Yu|move: Psychic Terrain\n|move|p2b: Palafin|Jet Punch|p1b: Indeedee\n|-activate|p1b: Indeedee|move: Psychic Terrain\n|move|p1a: Chi-Yu|Heat Wave|p2b: Palafin|[spread] p2a,p2b\n|-resisted|p2a: Arcanine\n|-resisted|p2b: Palafin\n|-damage|p2a: Arcanine|5\/100\n|-damage|p2b: Palafin|45\/100\n|\n|upkeep\n|turn|5\n|\n|t:|1683422887\n|-terastallize|p1a: Chi-Yu|Fire\n|move|p1b: Indeedee|Helping Hand|p1a: Chi-Yu\n|-singleturn|p1a: Chi-Yu|Helping Hand|[of] p1b: Indeedee\n|move|p1a: Chi-Yu|Heat Wave|p2a: Arcanine|[spread] p2a,p2b\n|-resisted|p2a: Arcanine\n|-resisted|p2b: Palafin\n|-damage|p2a: Arcanine|0 fnt\n|-damage|p2b: Palafin|0 fnt\n|faint|p2a: Arcanine\n|faint|p2b: Palafin\n|\n|upkeep\n|-message|GHS730 forfeited.\n|\n|win|nibuzhidaolee\n|raw|nibuzhidaolee's rating: 1199 → 1225<\/strong> (+26 for winning)\n|raw|GHS730's rating: 1216 → 1190<\/strong> (-26 for losing)\n|l|\u2606GHS730\n|j|\u2606GHS730\n|player|p2|GHS730|gambler\n|l|\u2606GHS730\n|player|p2|\n","uploadtime":1683422897,"views":4,"p1id":"nibuzhidaolee","p2id":"ghs730","formatid":"gen9vgc2023regulationc","rating":1190,"private":0,"password":""}