{"id":"gen9vgc2023regulationc-1859696001","p1":"Unvirgining Oil","p2":"Ricardo Randorez","format":"[Gen 9] VGC 2023 Regulation C","log":"|j|\u2606Unvirgining Oil\n|j|\u2606Ricardo Randorez\n|t:|1683556871\n|gametype|doubles\n|player|p1|Unvirgining Oil|blackbelt-gen4dp|1458\n|player|p2|Ricardo Randorez|102|1535\n|teamsize|p1|6\n|teamsize|p2|6\n|gen|9\n|tier|[Gen 9] VGC 2023 Regulation C\n|rated|\n|rule|Species Clause: Limit one of each Pok\u00e9mon\n|rule|Item Clause: Limit one of each item\n|clearpoke\n|poke|p1|Chi-Yu, L50|\n|poke|p1|Dachsbun, L50, F|\n|poke|p1|Dragonite, L50, M|\n|poke|p1|Flutter Mane, L50|\n|poke|p1|Palafin, L50, M|\n|poke|p1|Chien-Pao, L50|\n|poke|p2|Dondozo, L50, M|\n|poke|p2|Tatsugiri-Droopy, L50, F|\n|poke|p2|Pelipper, L50, M|\n|poke|p2|Drednaw, L50, F|\n|poke|p2|Dragonite, L50, M|\n|poke|p2|Chien-Pao, L50|\n|teampreview|4\n|inactive|Battle timer is ON: inactive players will automatically lose when time's up. (requested by Unvirgining Oil)\n|\n|t:|1683556898\n|start\n|switch|p1a: Palafin|Palafin, L50, M|100\/100\n|switch|p1b: Flutter Mane|Flutter Mane, L50|100\/100\n|switch|p2a: Pelipper|Pelipper, L50, M|100\/100\n|switch|p2b: Drednaw|Drednaw, L50, F|100\/100\n|-weather|RainDance|[from] ability: Drizzle|[of] p2a: Pelipper\n|turn|1\n|\n|t:|1683556916\n|detailschange|p1a: Palafin|Palafin-Hero, L50, M\n|switch|p1a: Dragonite|Dragonite, L50, M|100\/100\n|move|p2b: Drednaw|Rock Slide|p1b: Flutter Mane|[spread] p1a,p1b\n|-supereffective|p1a: Dragonite\n|-damage|p1a: Dragonite|58\/100\n|-damage|p1b: Flutter Mane|26\/100\n|move|p1b: Flutter Mane|Dazzling Gleam|p2b: Drednaw|[spread] p2a,p2b\n|-damage|p2a: Pelipper|36\/100\n|-damage|p2b: Drednaw|39\/100\n|move|p2a: Pelipper|Tailwind|p2a: Pelipper\n|-sidestart|p2: Ricardo Randorez|move: Tailwind\n|\n|-weather|RainDance|[upkeep]\n|upkeep\n|turn|2\n|\n|t:|1683556932\n|-terastallize|p1a: Dragonite|Normal\n|move|p1a: Dragonite|Extreme Speed|p2a: Pelipper\n|-damage|p2a: Pelipper|0 fnt\n|faint|p2a: Pelipper\n|move|p2b: Drednaw|Rock Slide|p1b: Flutter Mane|[spread] p1a\n|-miss|p2b: Drednaw|p1b: Flutter Mane\n|-damage|p1a: Dragonite|14\/100\n|move|p1b: Flutter Mane|Dazzling Gleam|p2b: Drednaw\n|-damage|p2b: Drednaw|0 fnt\n|faint|p2b: Drednaw\n|\n|-weather|RainDance|[upkeep]\n|upkeep\n|\n|t:|1683556947\n|switch|p2b: Tatsugiri|Tatsugiri-Droopy, L50, F, shiny|100\/100\n|switch|p2a: Dondozo|Dondozo, L50, M|100\/100\n|-activate|p2b: Tatsugiri|ability: Commander|[of] p2a: Dondozo\n|-boost|p2a: Dondozo|atk|2\n|-boost|p2a: Dondozo|spa|2\n|-boost|p2a: Dondozo|spe|2\n|-boost|p2a: Dondozo|def|2\n|-boost|p2a: Dondozo|spd|2\n|turn|3\n|\n|t:|1683556957\n|-end|p1b: Flutter Mane|Protosynthesis|[silent]\n|switch|p1b: Palafin|Palafin-Hero, L50, M|100\/100\n|-activate|p1b: Palafin|ability: Zero to Hero\n|-terastallize|p2a: Dondozo|Water\n|move|p1a: Dragonite|Extreme Speed|p2a: Dondozo\n|-damage|p2a: Dondozo|74\/100\n|move|p2a: Dondozo|Surf|p1b: Palafin|[spread] p1a,p1b\n|-miss|p2a: Dondozo|p2b: Tatsugiri\n|-resisted|p1b: Palafin\n|-crit|p1b: Palafin\n|-damage|p1a: Dragonite|0 fnt\n|-damage|p1b: Palafin|7\/100\n|faint|p1a: Dragonite\n|-damage|p2a: Dondozo|64\/100|[from] item: Life Orb\n|\n|-weather|RainDance|[upkeep]\n|upkeep\n|\n|t:|1683556966\n|switch|p1a: Chien-Pao|Chien-Pao, L50|100\/100\n|-ability|p1a: Chien-Pao|Sword of Ruin\n|turn|4\n|\n|t:|1683556980\n|move|p2a: Dondozo|Surf|p1b: Palafin|[spread] p1a,p1b\n|-miss|p2a: Dondozo|p2b: Tatsugiri\n|-resisted|p1b: Palafin\n|-enditem|p1a: Chien-Pao|Focus Sash\n|-damage|p1a: Chien-Pao|1\/100\n|-damage|p1b: Palafin|0 fnt\n|faint|p1b: Palafin\n|-damage|p2a: Dondozo|54\/100|[from] item: Life Orb\n|move|p1a: Chien-Pao|Throat Chop|p2a: Dondozo\n|-damage|p2a: Dondozo|32\/100\n|-start|p2a: Dondozo|Throat Chop|[silent]\n|\n|-weather|RainDance|[upkeep]\n|-sideend|p2: Ricardo Randorez|move: Tailwind\n|upkeep\n|\n|t:|1683556986\n|switch|p1b: Flutter Mane|Flutter Mane, L50|26\/100\n|turn|5\n|\n|t:|1683556996\n|move|p1a: Chien-Pao|Throat Chop|p2a: Dondozo\n|-damage|p2a: Dondozo|12\/100\n|move|p2a: Dondozo|Surf|p1a: Chien-Pao|[spread] p1a,p1b\n|-miss|p2a: Dondozo|p2b: Tatsugiri\n|-damage|p1a: Chien-Pao|0 fnt\n|-damage|p1b: Flutter Mane|0 fnt\n|faint|p1a: Chien-Pao\n|faint|p1b: Flutter Mane\n|-end|p1b: Flutter Mane|Protosynthesis|[silent]\n|-damage|p2a: Dondozo|2\/100|[from] item: Life Orb\n|\n|win|Ricardo Randorez\n|raw|Unvirgining Oil's rating: 1458 → 1442<\/strong> (-16 for losing)\n|raw|Ricardo Randorez's rating: 1535 → 1551<\/strong> (+16 for winning)\n|l|\u2606Unvirgining Oil\n","uploadtime":1683557008,"views":5,"p1id":"unvirginingoil","p2id":"ricardorandorez","formatid":"gen9vgc2023regulationc","rating":1442,"private":0,"password":""}