{"id":"gen9vgc2023regulationc-1863316985","p1":"Sadasa14","p2":"R2VGC","format":"[Gen 9] VGC 2023 Regulation C","log":"|j|\u2606Sadasa14\n|j|\u2606R2VGC\n|t:|1684001712\n|gametype|doubles\n|player|p1|Sadasa14|265|1230\n|player|p2|R2VGC|102|1249\n|teamsize|p1|6\n|teamsize|p2|6\n|gen|9\n|tier|[Gen 9] VGC 2023 Regulation C\n|rated|\n|rule|Species Clause: Limit one of each Pok\u00e9mon\n|rule|Item Clause: Limit one of each item\n|clearpoke\n|poke|p1|Corviknight, L50, M|\n|poke|p1|Lycanroc, L50, F|\n|poke|p1|Tyranitar, L50, F|\n|poke|p1|Palafin, L50, F|\n|poke|p1|Annihilape, L50, F|\n|poke|p1|Iron Moth, L50|\n|poke|p2|Amoonguss, L50, F|\n|poke|p2|Arcanine, L50, F|\n|poke|p2|Flutter Mane, L50|\n|poke|p2|Kingambit, L50, F|\n|poke|p2|Palafin, L50, M|\n|poke|p2|Baxcalibur, L50, M|\n|teampreview|4\nR2VGC has agreed to open team sheets.\n|inactive|Battle timer is ON: inactive players will automatically lose when time's up. (requested by Sadasa14)\n|inactive|Sadasa14 has 60 seconds left.\n|\n|t:|1684001764\n|start\n|switch|p1a: Iron Moth|Iron Moth, L50|100\/100\n|switch|p1b: Annihilape|Annihilape, L50, F|100\/100\n|switch|p2a: Flutter Mane|Flutter Mane, L50|100\/100\n|switch|p2b: Palafin|Palafin, L50, M|100\/100\n|-enditem|p2a: Flutter Mane|Booster Energy\n|-activate|p2a: Flutter Mane|ability: Protosynthesis|[fromitem]\n|-start|p2a: Flutter Mane|protosynthesisspe\n|-enditem|p1a: Iron Moth|Booster Energy\n|-activate|p1a: Iron Moth|ability: Quark Drive|[fromitem]\n|-start|p1a: Iron Moth|quarkdrivespe\n|turn|1\n|inactive|Sadasa14 has 30 seconds left.\n|inactive|R2VGC has 30 seconds left.\n|\n|t:|1684001798\n|-terastallize|p1b: Annihilape|Fire\n|move|p1a: Iron Moth|Protect|p1a: Iron Moth\n|-singleturn|p1a: Iron Moth|Protect\n|move|p2b: Palafin|Jet Punch|p1a: Iron Moth\n|-activate|p1a: Iron Moth|move: Protect\n|move|p2a: Flutter Mane|Shadow Ball|p1a: Iron Moth\n|-activate|p1a: Iron Moth|move: Protect\n|move|p1b: Annihilape|Rage Fist|p2a: Flutter Mane\n|-supereffective|p2a: Flutter Mane\n|-damage|p2a: Flutter Mane|3\/100\n|\n|upkeep\n|turn|2\n|\n|t:|1684001814\n|-end|p1a: Iron Moth|Quark Drive|[silent]\n|switch|p1a: Tyranitar|Tyranitar, L50, F|100\/100\n|-weather|Sandstorm|[from] ability: Sand Stream|[of] p1a: Tyranitar\n|move|p2b: Palafin|Jet Punch|p1a: Tyranitar\n|-supereffective|p1a: Tyranitar\n|-damage|p1a: Tyranitar|60\/100\n|move|p2a: Flutter Mane|Shadow Ball|p1a: Tyranitar\n|-resisted|p1a: Tyranitar\n|-damage|p1a: Tyranitar|50\/100\n|-unboost|p1a: Tyranitar|spd|1\n|move|p1b: Annihilape|Bulk Up|p1b: Annihilape\n|-boost|p1b: Annihilape|atk|1\n|-boost|p1b: Annihilape|def|1\n|\n|-weather|Sandstorm|[upkeep]\n|-damage|p2a: Flutter Mane|0 fnt|[from] Sandstorm\n|-damage|p2b: Palafin|95\/100|[from] Sandstorm\n|-damage|p1b: Annihilape|94\/100|[from] Sandstorm\n|faint|p2a: Flutter Mane\n|-end|p2a: Flutter Mane|Protosynthesis|[silent]\n|upkeep\n|\n|t:|1684001832\n|switch|p2a: Natters|Amoonguss, L50, F, shiny|100\/100\n|turn|3\n|\n|t:|1684001847\n|detailschange|p2b: Palafin|Palafin-Hero, L50, M\n|switch|p2b: Kingambit|Kingambit, L50, F|100\/100\n|move|p1b: Annihilape|Protect|p1b: Annihilape\n|-singleturn|p1b: Annihilape|Protect\n|move|p1a: Tyranitar|Rock Slide|p2b: Kingambit|[spread] p2a,p2b\n|-resisted|p2b: Kingambit\n|-damage|p2a: Natters|74\/100\n|-damage|p2b: Kingambit|88\/100\n|move|p2a: Natters|Spore|p1a: Tyranitar\n|-status|p1a: Tyranitar|slp|[from] move: Spore\n|\n|-weather|Sandstorm|[upkeep]\n|-damage|p1b: Annihilape|88\/100|[from] Sandstorm\n|-damage|p2a: Natters|68\/100|[from] Sandstorm\n|upkeep\n|turn|4\n|\n|t:|1684001870\n|move|p1b: Annihilape|Drain Punch|p2b: Kingambit\n|-supereffective|p2b: Kingambit\n|-damage|p2b: Kingambit|0 fnt\n|-heal|p1b: Annihilape|100\/100|[from] drain|[of] p2b: Kingambit\n|faint|p2b: Kingambit\n|cant|p1a: Tyranitar|slp\n|move|p2a: Natters|Pollen Puff|p2: Kingambit|[notarget]\n|-fail|p2a: Natters\n|\n|-weather|Sandstorm|[upkeep]\n|-damage|p1b: Annihilape|94\/100|[from] Sandstorm\n|-damage|p2a: Natters|62\/100|[from] Sandstorm\n|upkeep\n|\n|t:|1684001880\n|switch|p2b: Palafin|Palafin-Hero, L50, M|95\/100\n|-activate|p2b: Palafin|ability: Zero to Hero\n|turn|5\n|\n|t:|1684001895\n|switch|p1a: Corviknight|Corviknight, L50, M|100\/100\n|-terastallize|p2a: Natters|Rock\n|move|p1b: Annihilape|Protect|p1b: Annihilape\n|-singleturn|p1b: Annihilape|Protect\n|move|p2a: Natters|Rage Powder|p2a: Natters\n|-singleturn|p2a: Natters|move: Rage Powder\n|move|p2b: Palafin|Jet Punch|p1a: Corviknight\n|-damage|p1a: Corviknight|63\/100\n|\n|-weather|Sandstorm|[upkeep]\n|-damage|p2b: Palafin|89\/100|[from] Sandstorm\n|-damage|p1b: Annihilape|88\/100|[from] Sandstorm\n|-heal|p1a: Corviknight|69\/100|[from] item: Leftovers\n|upkeep\n|turn|6\n|\n|t:|1684001917\n|move|p2b: Palafin|Jet Punch|p1b: Annihilape\n|-supereffective|p1b: Annihilape\n|-damage|p1b: Annihilape|27\/100\n|-enditem|p1b: Annihilape|Sitrus Berry|[eat]\n|-heal|p1b: Annihilape|52\/100|[from] item: Sitrus Berry\n|move|p1a: Corviknight|Iron Defense|p1a: Corviknight\n|-boost|p1a: Corviknight|def|2\n|move|p1b: Annihilape|Drain Punch|p2b: Palafin\n|-damage|p2b: Palafin|50\/100\n|-heal|p1b: Annihilape|72\/100|[from] drain|[of] p2b: Palafin\n|move|p2a: Natters|Spore|p1a: Corviknight\n|-status|p1a: Corviknight|slp|[from] move: Spore\n|\n|-weather|none\n|-heal|p1a: Corviknight|75\/100 slp|[from] item: Leftovers\n|upkeep\n|turn|7\n|inactive|Sadasa14 has 30 seconds left.\n|inactive|R2VGC has 30 seconds left.\n|\n|t:|1684001946\n|move|p2a: Natters|Rage Powder|p2a: Natters\n|-singleturn|p2a: Natters|move: Rage Powder\n|move|p2b: Palafin|Jet Punch|p1b: Annihilape\n|-supereffective|p1b: Annihilape\n|-damage|p1b: Annihilape|8\/100\n|cant|p1a: Corviknight|slp\n|move|p1b: Annihilape|Rage Fist|p2a: Natters\n|-damage|p2a: Natters|0 fnt\n|-damage|p1b: Annihilape|0 fnt|[from] item: Rocky Helmet|[of] p2a: Natters\n|faint|p2a: Natters\n|faint|p1b: Annihilape\n|\n|-heal|p1a: Corviknight|82\/100 slp|[from] item: Leftovers\n|upkeep\n|\n|t:|1684001954\n|switch|p1b: Iron Moth|Iron Moth, L50|100\/100\n|turn|8\n|\n|t:|1684001962\n|move|p2b: Palafin|Jet Punch|p1b: Iron Moth\n|-supereffective|p1b: Iron Moth\n|-damage|p1b: Iron Moth|0 fnt\n|faint|p1b: Iron Moth\n|-end|p1b: Iron Moth|Quark Drive|[silent]\n|cant|p1a: Corviknight|slp\n|\n|-heal|p1a: Corviknight|88\/100 slp|[from] item: Leftovers\n|upkeep\n|\n|t:|1684001967\n|switch|p1b: Tyranitar|Tyranitar, L50, F|50\/100 slp\n|-weather|Sandstorm|[from] ability: Sand Stream|[of] p1b: Tyranitar\n|turn|9\n|\n|t:|1684001980\n|move|p2b: Palafin|Haze|p2b: Palafin\n|-clearallboost\n|-curestatus|p1a: Corviknight|slp|[msg]\n|move|p1a: Corviknight|Iron Defense|p1a: Corviknight\n|-boost|p1a: Corviknight|def|2\n|-curestatus|p1b: Tyranitar|slp|[msg]\n|move|p1b: Tyranitar|Assurance|p2b: Palafin\n|-damage|p2b: Palafin|18\/100\n|\n|-weather|Sandstorm|[upkeep]\n|-damage|p2b: Palafin|13\/100|[from] Sandstorm\n|-heal|p1a: Corviknight|94\/100|[from] item: Leftovers\n|upkeep\n|turn|10\n|\n|t:|1684001996\n|move|p2b: Palafin|Jet Punch|p1b: Tyranitar\n|-supereffective|p1b: Tyranitar\n|-damage|p1b: Tyranitar|0 fnt\n|faint|p1b: Tyranitar\n|move|p1a: Corviknight|Body Press|p2b: Palafin\n|-damage|p2b: Palafin|0 fnt\n|faint|p2b: Palafin\n|\n|win|Sadasa14\n|raw|Sadasa14's rating: 1230 → 1256<\/strong> (+26 for winning)\n|raw|R2VGC's rating: 1249 → 1223<\/strong> (-26 for losing)\n|l|\u2606Sadasa14\n","uploadtime":1684002005,"views":11,"p1id":"sadasa14","p2id":"r2vgc","formatid":"gen9vgc2023regulationc","rating":1223,"private":0,"password":""}