{"id":"gen9vgc2023regulationc-1862180227","p1":"Lealrec","p2":"HAL3709","format":"[Gen 9] VGC 2023 Regulation C","log":"|j|\u2606Lealrec\n|j|\u2606HAL3709\n|t:|1683846081\n|gametype|doubles\n|player|p1|Lealrec|1|1238\n|player|p2|HAL3709|170|1246\n|teamsize|p1|6\n|teamsize|p2|6\n|gen|9\n|tier|[Gen 9] VGC 2023 Regulation C\n|rated|\n|rule|Species Clause: Limit one of each Pok\u00e9mon\n|rule|Item Clause: Limit one of each item\n|clearpoke\n|poke|p1|Flutter Mane, L50|\n|poke|p1|Great Tusk, L50|\n|poke|p1|Corviknight, L50, M|\n|poke|p1|Chi-Yu, L50|\n|poke|p1|Vaporeon, L50, M|\n|poke|p1|Wo-Chien, L50|\n|poke|p2|Tatsugiri, L50, M|\n|poke|p2|Dondozo, L50, M|\n|poke|p2|Flutter Mane, L50|\n|poke|p2|Chi-Yu, L50|\n|poke|p2|Dragonite, L50, M|\n|poke|p2|Glimmora, L50, F|\n|teampreview|4\n|\n|t:|1683846117\n|start\n|switch|p1a: Chi-Yu|Chi-Yu, L50|100\/100\n|switch|p1b: Flutter Mane|Flutter Mane, L50|100\/100\n|switch|p2a: Dondozo|Dondozo, L50, M|100\/100\n|switch|p2b: Glimmora|Glimmora, L50, F|100\/100\n|-ability|p1a: Chi-Yu|Beads of Ruin\n|turn|1\n|inactive|Battle timer is ON: inactive players will automatically lose when time's up. (requested by Lealrec)\n|inactive|Lealrec has 60 seconds left.\n|\n|t:|1683846159\n|move|p2a: Dondozo|Protect|p2a: Dondozo\n|-singleturn|p2a: Dondozo|Protect\n|move|p1b: Flutter Mane|Shadow Ball|p2b: Glimmora\n|-enditem|p2b: Glimmora|Focus Sash\n|-damage|p2b: Glimmora|1\/100\n|-unboost|p2b: Glimmora|spd|1\n|move|p1a: Chi-Yu|Dark Pulse|p2b: Glimmora\n|-damage|p2b: Glimmora|0 fnt\n|faint|p2b: Glimmora\n|\n|upkeep\n|\n|t:|1683846175\n|switch|p2b: Dragonite|Dragonite, L50, M|100\/100\n|turn|2\n|inactive|Lealrec has 30 seconds left.\n|inactive|Lealrec has 20 seconds left.\n|\n|t:|1683846211\n|-end|p1b: Flutter Mane|Protosynthesis|[silent]\n|switch|p1b: Corviknight|Corviknight, L50, M|100\/100\n|-terastallize|p2b: Dragonite|Normal\n|move|p1a: Chi-Yu|Dark Pulse|p2b: Dragonite\n|-damage|p2b: Dragonite|64\/100\n|move|p2b: Dragonite|Tailwind|p2b: Dragonite\n|-sidestart|p2: HAL3709|move: Tailwind\n|move|p2a: Dondozo|Wave Crash|p1a: Chi-Yu\n|-supereffective|p1a: Chi-Yu\n|-enditem|p1a: Chi-Yu|Focus Sash\n|-damage|p1a: Chi-Yu|1\/100\n|-damage|p2a: Dondozo|84\/100|[from] Recoil\n|\n|-heal|p2a: Dondozo|90\/100|[from] item: Leftovers\n|upkeep\n|turn|3\n|inactive|Lealrec has 30 seconds left.\n|inactive|HAL3709 has 30 seconds left.\n|inactive|HAL3709 has 20 seconds left.\n|inactive|HAL3709 has 15 seconds left.\n|inactive|HAL3709 has 10 seconds left.\n|\n|t:|1683846260\n|switch|p2a: Flutter Mane|Flutter Mane, L50|100\/100\n|-enditem|p2a: Flutter Mane|Booster Energy\n|-activate|p2a: Flutter Mane|ability: Protosynthesis|[fromitem]\n|-start|p2a: Flutter Mane|protosynthesisspa\n|move|p1a: Chi-Yu|Protect|p1a: Chi-Yu\n|-singleturn|p1a: Chi-Yu|Protect\n|move|p2b: Dragonite|Aerial Ace|p1a: Chi-Yu\n|-activate|p1a: Chi-Yu|move: Protect\n|move|p1b: Corviknight|Bulk Up|p1b: Corviknight\n|-boost|p1b: Corviknight|atk|1\n|-boost|p1b: Corviknight|def|1\n|\n|upkeep\n|turn|4\n|inactive|Lealrec has 30 seconds left.\n|inactive|HAL3709 has 30 seconds left.\n|\n|t:|1683846290\n|move|p2a: Flutter Mane|Dazzling Gleam|p1b: Corviknight|[spread] p1a,p1b\n|-resisted|p1b: Corviknight\n|-damage|p1a: Chi-Yu|0 fnt\n|-damage|p1b: Corviknight|76\/100\n|faint|p1a: Chi-Yu\n|move|p2b: Dragonite|Thunder Punch|p1b: Corviknight\n|-supereffective|p1b: Corviknight\n|-damage|p1b: Corviknight|43\/100\n|move|p1b: Corviknight|Iron Head|p2a: Flutter Mane\n|-supereffective|p2a: Flutter Mane\n|-crit|p2a: Flutter Mane\n|-damage|p2a: Flutter Mane|0 fnt\n|faint|p2a: Flutter Mane\n|-end|p2a: Flutter Mane|Protosynthesis|[silent]\n|\n|upkeep\n|\n|t:|1683846310\n|switch|p2a: Dondozo|Dondozo, L50, M|90\/100\n|switch|p1a: Vaporeon|Vaporeon, L50, M|100\/100\n|turn|5\n|\n|t:|1683846333\n|move|p2b: Dragonite|Thunder Punch|p1a: Vaporeon\n|-supereffective|p1a: Vaporeon\n|-damage|p1a: Vaporeon|53\/100\n|move|p2a: Dondozo|Substitute|p2a: Dondozo\n|-start|p2a: Dondozo|Substitute\n|-damage|p2a: Dondozo|65\/100\n|move|p1a: Vaporeon|Chilling Water|p2b: Dragonite\n|-damage|p2b: Dragonite|44\/100\n|-unboost|p2b: Dragonite|atk|1\n|move|p1b: Corviknight|Roost|p1b: Corviknight\n|-heal|p1b: Corviknight|94\/100\n|-singleturn|p1b: Corviknight|move: Roost\n|\n|-heal|p2a: Dondozo|71\/100|[from] item: Leftovers\n|-sideend|p2: HAL3709|move: Tailwind\n|upkeep\n|turn|6\n|inactive|Lealrec has 30 seconds left.\n|inactive|Lealrec has 20 seconds left.\n|inactive|Lealrec has 15 seconds left.\n|\n|t:|1683846373\n|-terastallize|p1a: Vaporeon|Grass\n|move|p2b: Dragonite|Thunder Punch|p1a: Vaporeon\n|-resisted|p1a: Vaporeon\n|-damage|p1a: Vaporeon|44\/100\n|-enditem|p1a: Vaporeon|Sitrus Berry|[eat]\n|-heal|p1a: Vaporeon|69\/100|[from] item: Sitrus Berry\n|move|p1a: Vaporeon|Chilling Water|p2b: Dragonite\n|-damage|p2b: Dragonite|26\/100\n|-unboost|p2b: Dragonite|atk|1\n|move|p1b: Corviknight|Brave Bird|p2b: Dragonite\n|-damage|p2b: Dragonite|0 fnt\n|faint|p2b: Dragonite\n|-damage|p1b: Corviknight|87\/100|[from] Recoil\n|move|p2a: Dondozo|Yawn|p1b: Corviknight\n|-start|p1b: Corviknight|move: Yawn|[of] p2a: Dondozo\n|\n|-heal|p2a: Dondozo|77\/100|[from] item: Leftovers\n|upkeep\n|turn|7\n|inactive|Lealrec has 30 seconds left.\n|inactive|HAL3709 has 30 seconds left.\n|inactive|Lealrec has 20 seconds left.\n|inactive|Lealrec has 15 seconds left.\n|inactive|Lealrec has 10 seconds left.\n|\n|t:|1683846421\n|move|p1a: Vaporeon|Chilling Water|p2a: Dondozo\n|-resisted|p2a: Dondozo\n|-activate|p2a: Dondozo|move: Substitute|[damage]\n|move|p1b: Corviknight|Brave Bird|p2a: Dondozo\n|-end|p2a: Dondozo|Substitute\n|-damage|p1b: Corviknight|79\/100|[from] Recoil|[of] p2a: Dondozo\n|move|p2a: Dondozo|Yawn|p1a: Vaporeon\n|-start|p1a: Vaporeon|move: Yawn|[of] p2a: Dondozo\n|\n|-heal|p2a: Dondozo|84\/100|[from] item: Leftovers\n|-end|p1b: Corviknight|move: Yawn|[silent]\n|-status|p1b: Corviknight|slp\n|upkeep\n|turn|8\n|\n|t:|1683846437\n|move|p2a: Dondozo|Protect|p2a: Dondozo\n|-singleturn|p2a: Dondozo|Protect\n|move|p1a: Vaporeon|Chilling Water|p2a: Dondozo\n|-activate|p2a: Dondozo|move: Protect\n|cant|p1b: Corviknight|slp\n|\n|-heal|p2a: Dondozo|90\/100|[from] item: Leftovers\n|-end|p1a: Vaporeon|move: Yawn|[silent]\n|-status|p1a: Vaporeon|slp\n|upkeep\n|turn|9\n|n|!Lealrec|lealrec\n|inactive|Lealrec has 30 seconds left.\n|\n|t:|1683846469\n|cant|p1a: Vaporeon|slp\n|cant|p1b: Corviknight|slp\n|move|p2a: Dondozo|Substitute|p2a: Dondozo\n|-start|p2a: Dondozo|Substitute\n|-damage|p2a: Dondozo|65\/100\n|\n|-heal|p2a: Dondozo|71\/100|[from] item: Leftovers\n|upkeep\n|turn|10\n|\n|t:|1683846482\n|cant|p1a: Vaporeon|slp\n|-curestatus|p1b: Corviknight|slp|[msg]\n|move|p1b: Corviknight|Brave Bird|p2a: Dondozo\n|-end|p2a: Dondozo|Substitute\n|-damage|p1b: Corviknight|69\/100|[from] Recoil|[of] p2a: Dondozo\n|move|p2a: Dondozo|Wave Crash|p1a: Vaporeon\n|-heal|p1a: Vaporeon|94\/100 slp|[from] ability: Water Absorb|[of] p2a: Dondozo\n|\n|-heal|p2a: Dondozo|77\/100|[from] item: Leftovers\n|upkeep\n|turn|11\n|inactive|HAL3709 has 30 seconds left.\n|\n|t:|1683846509\n|-curestatus|p1a: Vaporeon|slp|[msg]\n|move|p1a: Vaporeon|Chilling Water|p2a: Dondozo\n|-resisted|p2a: Dondozo\n|-damage|p2a: Dondozo|71\/100\n|-unboost|p2a: Dondozo|atk|1\n|move|p1b: Corviknight|Brave Bird|p2a: Dondozo\n|-damage|p2a: Dondozo|45\/100\n|-damage|p1b: Corviknight|58\/100|[from] Recoil\n|move|p2a: Dondozo|Wave Crash|p1b: Corviknight\n|-damage|p1b: Corviknight|37\/100\n|-damage|p2a: Dondozo|40\/100|[from] Recoil\n|\n|-heal|p2a: Dondozo|46\/100|[from] item: Leftovers\n|upkeep\n|turn|12\n|\n|t:|1683846527\n|move|p1a: Vaporeon|Chilling Water|p2a: Dondozo\n|-resisted|p2a: Dondozo\n|-damage|p2a: Dondozo|39\/100\n|-unboost|p2a: Dondozo|atk|1\n|move|p1b: Corviknight|Roost|p1b: Corviknight\n|-heal|p1b: Corviknight|87\/100\n|-singleturn|p1b: Corviknight|move: Roost\n|move|p2a: Dondozo|Wave Crash|p1b: Corviknight\n|-damage|p1b: Corviknight|70\/100\n|-damage|p2a: Dondozo|34\/100|[from] Recoil\n|\n|-heal|p2a: Dondozo|41\/100|[from] item: Leftovers\n|upkeep\n|turn|13\n|inactive|HAL3709 has 30 seconds left.\n|inactive|HAL3709 has 20 seconds left.\n|\n|t:|1683846566\n|move|p1a: Vaporeon|Chilling Water|p2a: Dondozo\n|-resisted|p2a: Dondozo\n|-damage|p2a: Dondozo|35\/100\n|-unboost|p2a: Dondozo|atk|1\n|move|p1b: Corviknight|Brave Bird|p2a: Dondozo\n|-damage|p2a: Dondozo|8\/100\n|-damage|p1b: Corviknight|59\/100|[from] Recoil\n|move|p2a: Dondozo|Wave Crash|p1b: Corviknight\n|-damage|p1b: Corviknight|45\/100\n|-damage|p2a: Dondozo|4\/100|[from] Recoil\n|\n|-heal|p2a: Dondozo|10\/100|[from] item: Leftovers\n|upkeep\n|turn|14\n|\n|t:|1683846583\n|move|p1a: Vaporeon|Chilling Water|p2a: Dondozo\n|-resisted|p2a: Dondozo\n|-damage|p2a: Dondozo|4\/100\n|-unboost|p2a: Dondozo|atk|1\n|move|p1b: Corviknight|Brave Bird|p2a: Dondozo\n|-damage|p2a: Dondozo|0 fnt\n|faint|p2a: Dondozo\n|-damage|p1b: Corviknight|44\/100|[from] Recoil\n|\n|win|Lealrec\n|raw|Lealrec's rating: 1238 → 1264<\/strong> (+26 for winning)\n|raw|HAL3709's rating: 1246 → 1220<\/strong> (-26 for losing)\n","uploadtime":1683846462,"views":6,"p1id":"lealrec","p2id":"hal3709","formatid":"gen9vgc2023regulationc","rating":1220,"private":0,"password":""}