{"id":"gen9vgc2023regulationc-1846616607","p1":"Baddieboy","p2":"SoggyWaffles35","format":"[Gen 9] VGC 2023 Regulation C","log":"|j|\u2606Baddieboy\n|j|\u2606SoggyWaffles35\n|t:|1681857687\n|gametype|doubles\n|player|p1|Baddieboy|marshal|1207\n|player|p2|SoggyWaffles35|102|1219\n|teamsize|p1|6\n|teamsize|p2|6\n|gen|9\n|tier|[Gen 9] VGC 2023 Regulation C\n|rated|\n|rule|Species Clause: Limit one of each Pok\u00e9mon\n|rule|Item Clause: Limit one of each item\n|clearpoke\n|poke|p1|Wo-Chien, L50|\n|poke|p1|Glimmora, L50, F|\n|poke|p1|Dondozo, L50, F|\n|poke|p1|Tatsugiri, L50, F|\n|poke|p1|Dragonite, L50, M|\n|poke|p1|Chien-Pao, L50|\n|poke|p2|Orthworm, L50, F|\n|poke|p2|Ting-Lu, L50|\n|poke|p2|Chien-Pao, L50|\n|poke|p2|Dragonite, L50, M|\n|poke|p2|Gyarados, L50, F|\n|poke|p2|Flutter Mane, L50|\n|teampreview|4\nSoggyWaffles35 has agreed to open team sheets.\n|inactive|Battle timer is ON: inactive players will automatically lose when time's up. (requested by Baddieboy)\nBaddieboy rejected open team sheets.\n|inactive|SoggyWaffles35 has 60 seconds left.\n|\n|t:|1681857772\n|start\n|switch|p1a: Tatsugiri|Tatsugiri, L50, F|100\/100\n|switch|p1b: Glimmora|Glimmora, L50, F|100\/100\n|switch|p2a: Chien-Pao|Chien-Pao, L50|100\/100\n|switch|p2b: Dragonite|Dragonite, L50, M|100\/100\n|-ability|p2a: Chien-Pao|Sword of Ruin\n|turn|1\n|inactive|SoggyWaffles35 has 30 seconds left.\n|\n|t:|1681857798\n|move|p2a: Chien-Pao|Protect|p2a: Chien-Pao\n|-singleturn|p2a: Chien-Pao|Protect\n|move|p1a: Tatsugiri|Icy Wind|p2b: Dragonite|[spread] p2b\n|-activate|p2a: Chien-Pao|move: Protect\n|-supereffective|p2b: Dragonite\n|-damage|p2b: Dragonite|75\/100\n|-unboost|p2b: Dragonite|spe|1\n|move|p1b: Glimmora|Power Gem|p2a: Chien-Pao\n|-activate|p2a: Chien-Pao|move: Protect\n|move|p2b: Dragonite|Stomping Tantrum|p1b: Glimmora\n|-supereffective|p1b: Glimmora\n|-damage|p1b: Glimmora|0 fnt\n|-activate|p1b: Glimmora|ability: Toxic Debris\n|-sidestart|p2: SoggyWaffles35|move: Toxic Spikes\n|faint|p1b: Glimmora\n|\n|upkeep\n|\n|t:|1681857814\n|switch|p1b: Dragonite|Dragonite, L50, M|100\/100\n|turn|2\n|\n|t:|1681857829\n|switch|p2b: Gyarados|Gyarados, L50, F|100\/100\n|-ability|p2b: Gyarados|Intimidate|boost\n|-unboost|p1a: Tatsugiri|atk|1\n|-fail|p1b: Dragonite|unboost|Attack|[from] ability: Inner Focus|[of] p1b: Dragonite\n|move|p1a: Tatsugiri|Icy Wind|p2b: Gyarados|[spread] p2a,p2b\n|-resisted|p2a: Chien-Pao\n|-damage|p2a: Chien-Pao|90\/100\n|-damage|p2b: Gyarados|89\/100\n|-unboost|p2a: Chien-Pao|spe|1\n|-unboost|p2b: Gyarados|spe|1\n|move|p2a: Chien-Pao|Ice Spinner|p1b: Dragonite\n|-supereffective|p1b: Dragonite\n|-damage|p1b: Dragonite|0 fnt\n|faint|p1b: Dragonite\n|\n|upkeep\n|\n|t:|1681857843\n|switch|p1b: Dondozo|Dondozo, L50, F|100\/100\n|-activate|p1a: Tatsugiri|ability: Commander|[of] p1b: Dondozo\n|-boost|p1b: Dondozo|atk|2\n|-boost|p1b: Dondozo|spa|2\n|-boost|p1b: Dondozo|spe|2\n|-boost|p1b: Dondozo|def|2\n|-boost|p1b: Dondozo|spd|2\n|turn|3\n|inactive|SoggyWaffles35 has 30 seconds left.\n|\n|t:|1681857875\n|move|p2a: Chien-Pao|Protect|p2a: Chien-Pao\n|-singleturn|p2a: Chien-Pao|Protect\n|move|p1b: Dondozo|Wave Crash|p2b: Gyarados\n|-resisted|p2b: Gyarados\n|-damage|p2b: Gyarados|23\/100\n|-damage|p1b: Dondozo|81\/100|[from] Recoil\n|move|p2b: Gyarados|Thunder Wave|p1b: Dondozo\n|-status|p1b: Dondozo|par\n|-enditem|p1b: Dondozo|Lum Berry|[eat]\n|-curestatus|p1b: Dondozo|par|[msg]\n|\n|upkeep\n|turn|4\n|inactive|SoggyWaffles35 has 30 seconds left.\n|\n|t:|1681857901\n|switch|p2b: Dragonite|Dragonite, L50, M|75\/100\n|move|p1b: Dondozo|Wave Crash|p2a: Chien-Pao\n|-damage|p2a: Chien-Pao|0 fnt\n|faint|p2a: Chien-Pao\n|-damage|p1b: Dondozo|61\/100|[from] Recoil\n|\n|upkeep\n|\n|t:|1681857912\n|switch|p2a: Gyarados|Gyarados, L50, F|23\/100\n|-ability|p2a: Gyarados|Intimidate|boost\n|-unboost|p1a: Tatsugiri|atk|1\n|-unboost|p1b: Dondozo|atk|1\n|turn|5\n|\n|t:|1681857931\n|-terastallize|p2b: Dragonite|Normal\n|move|p2b: Dragonite|Extreme Speed|p1b: Dondozo\n|-damage|p1b: Dondozo|35\/100\n|move|p1b: Dondozo|Order Up|p2b: Dragonite\n|-damage|p2b: Dragonite|46\/100\n|-boost|p1b: Dondozo|atk|1\n|move|p2a: Gyarados|Thunder Wave|p1b: Dondozo\n|-status|p1b: Dondozo|par\n|\n|upkeep\n|turn|6\n|\n|t:|1681857946\n|move|p2b: Dragonite|Extreme Speed|p1b: Dondozo\n|-damage|p1b: Dondozo|11\/100 par\n|move|p2a: Gyarados|Waterfall|p1b: Dondozo\n|-resisted|p1b: Dondozo\n|-damage|p1b: Dondozo|5\/100 par\n|cant|p1b: Dondozo|flinch\n|\n|upkeep\n|turn|7\n|inactive|SoggyWaffles35 has 30 seconds left.\n|\n|t:|1681857976\n|move|p2b: Dragonite|Extreme Speed|p1b: Dondozo\n|-damage|p1b: Dondozo|0 fnt\n|faint|p1b: Dondozo\n|move|p2a: Gyarados|Bulldoze|p1a: Tatsugiri|[spread] p2b,p1a\n|-damage|p2b: Dragonite|36\/100\n|-damage|p1a: Tatsugiri|75\/100\n|-unboost|p2b: Dragonite|spe|1\n|-unboost|p1a: Tatsugiri|spe|1\n|\n|upkeep\n|turn|8\n|\n|t:|1681858001\n|-terastallize|p1a: Tatsugiri|Steel\n|move|p2b: Dragonite|Extreme Speed|p1a: Tatsugiri\n|-resisted|p1a: Tatsugiri\n|-damage|p1a: Tatsugiri|14\/100\n|move|p1a: Tatsugiri|Icy Wind|p2b: Dragonite|[spread] p2a,p2b\n|-crit|p2a: Gyarados\n|-damage|p2a: Gyarados|7\/100\n|-damage|p2b: Dragonite|24\/100\n|-unboost|p2a: Gyarados|spe|1\n|-unboost|p2b: Dragonite|spe|1\n|move|p2a: Gyarados|Waterfall|p1a: Tatsugiri\n|-damage|p1a: Tatsugiri|0 fnt\n|faint|p1a: Tatsugiri\n|\n|win|SoggyWaffles35\n|raw|Baddieboy's rating: 1207 → 1183<\/strong> (-24 for losing)\n|raw|SoggyWaffles35's rating: 1219 → 1243<\/strong> (+24 for winning)\n|l|\u2606Baddieboy\n","uploadtime":1681858023,"views":11,"p1id":"baddieboy","p2id":"soggywaffles35","formatid":"gen9vgc2023regulationc","rating":1183,"private":0,"password":""}