{"id":"gen9vgc2023regulationc-1855499529","p1":"pokesportspodcast","p2":"NicoHaxVGC","format":"[Gen 9] VGC 2023 Regulation C","log":"|j|\u2606pokesportspodcast\n|j|\u2606NicoHaxVGC\n|t:|1682956958\n|gametype|doubles\n|player|p1|pokesportspodcast|cheren-gen5bw2|1411\n|player|p2|NicoHaxVGC|red|1440\n|teamsize|p1|6\n|teamsize|p2|6\n|gen|9\n|tier|[Gen 9] VGC 2023 Regulation C\n|rated|\n|rule|Species Clause: Limit one of each Pok\u00e9mon\n|rule|Item Clause: Limit one of each item\n|clearpoke\n|poke|p1|Kingambit, L50, F|\n|poke|p1|Flutter Mane, L50|\n|poke|p1|Chien-Pao, L50|\n|poke|p1|Dragonite, L50, F|\n|poke|p1|Gyarados, L50, F|\n|poke|p1|Great Tusk, L50|\n|poke|p2|Corviknight, L50, F|\n|poke|p2|Ting-Lu, L50|\n|poke|p2|Annihilape, L50, M|\n|poke|p2|Amoonguss, L50, F|\n|poke|p2|Iron Bundle, L50|\n|poke|p2|Flutter Mane, L50|\n|teampreview|4\n|inactive|Battle timer is ON: inactive players will automatically lose when time's up. (requested by pokesportspodcast)\n|inactive|NicoHaxVGC also wants the timer to be on.\npokesportspodcast has agreed to open team sheets.\nNicoHaxVGC has agreed to open team sheets.\n|inactive|pokesportspodcast has 60 seconds left.\n|inactive|NicoHaxVGC has 60 seconds left.\n|\n|t:|1682957014\n|start\n|switch|p1a: Dragonite|Dragonite, L50, F|100\/100\n|switch|p1b: Chien-Pao|Chien-Pao, L50|100\/100\n|switch|p2a: Raven|Corviknight, L50, F|100\/100\n|switch|p2b: Cyborg|Iron Bundle, L50|100\/100\n|-ability|p1b: Chien-Pao|Sword of Ruin\n|-enditem|p2b: Cyborg|Booster Energy\n|-activate|p2b: Cyborg|ability: Quark Drive|[fromitem]\n|-start|p2b: Cyborg|quarkdrivespe\n|turn|1\n|\n|t:|1682957037\n|-terastallize|p1a: Dragonite|Normal\n|move|p2b: Cyborg|Protect|p2b: Cyborg\n|-singleturn|p2b: Cyborg|Protect\n|move|p1b: Chien-Pao|Protect|p1b: Chien-Pao\n|-singleturn|p1b: Chien-Pao|Protect\n|move|p1a: Dragonite|Extreme Speed|p2b: Cyborg\n|-activate|p2b: Cyborg|move: Protect\n|move|p2a: Raven|Iron Head|p1b: Chien-Pao\n|-activate|p1b: Chien-Pao|move: Protect\n|\n|upkeep\n|turn|2\n|inactive|NicoHaxVGC has 30 seconds left.\n|\n|t:|1682957064\n|-terastallize|p2b: Cyborg|Ghost\n|move|p1a: Dragonite|Extreme Speed|p2b: Cyborg\n|-immune|p2b: Cyborg\n|move|p1b: Chien-Pao|Sucker Punch|p2b: Cyborg\n|-supereffective|p2b: Cyborg\n|-damage|p2b: Cyborg|0 fnt\n|faint|p2b: Cyborg\n|-end|p2b: Cyborg|Quark Drive|[silent]\n|move|p2a: Raven|Iron Head|p1b: Chien-Pao\n|-supereffective|p1b: Chien-Pao\n|-damage|p1b: Chien-Pao|26\/100\n|\n|upkeep\n|\n|t:|1682957079\n|switch|p2b: Beast boy|Ting-Lu, L50|100\/100\n|-ability|p2b: Beast boy|Vessel of Ruin\n|turn|3\n|\n|t:|1682957086\n|move|p1b: Chien-Pao|Protect|p1b: Chien-Pao\n|-singleturn|p1b: Chien-Pao|Protect\n|move|p1a: Dragonite|Extreme Speed|p2b: Beast boy\n|-damage|p2b: Beast boy|54\/100\n|move|p2a: Raven|Tailwind|p2a: Raven\n|-sidestart|p2: NicoHaxVGC|move: Tailwind\n|move|p2b: Beast boy|Ruination|p1a: Dragonite\n|-damage|p1a: Dragonite|51\/100\n|\n|upkeep\n|turn|4\n|inactive|pokesportspodcast has 30 seconds left.\n|\n|t:|1682957125\n|move|p1a: Dragonite|Extreme Speed|p2b: Beast boy\n|-damage|p2b: Beast boy|6\/100\n|move|p2a: Raven|Brave Bird|p1a: Dragonite\n|-damage|p1a: Dragonite|0 fnt\n|faint|p1a: Dragonite\n|-damage|p2a: Raven|85\/100|[from] Recoil\n|move|p1b: Chien-Pao|Ice Spinner|p2b: Beast boy\n|-supereffective|p2b: Beast boy\n|-damage|p2b: Beast boy|0 fnt\n|faint|p2b: Beast boy\n|\n|upkeep\n|\n|t:|1682957136\n|switch|p1a: Kingambit|Kingambit, L50, F|100\/100\n|switch|p2b: Star fire|Flutter Mane, L50|100\/100\n|turn|5\n|\n|t:|1682957152\n|move|p1b: Chien-Pao|Protect|p1b: Chien-Pao\n|-singleturn|p1b: Chien-Pao|Protect\n|move|p2b: Star fire|Dazzling Gleam|p1b: Chien-Pao|[spread] p1a\n|-activate|p1b: Chien-Pao|move: Protect\n|-damage|p1a: Kingambit|70\/100\n|move|p2a: Raven|Iron Head|p1a: Kingambit\n|-resisted|p1a: Kingambit\n|-damage|p1a: Kingambit|56\/100\n|cant|p1a: Kingambit|flinch\n|\n|upkeep\n|turn|6\n|\n|t:|1682957166\n|switch|p1b: Gyarados|Gyarados, L50, F|100\/100\n|-ability|p1b: Gyarados|Intimidate|boost\n|-ability|p2a: Raven|Mirror Armor\n|-unboost|p1b: Gyarados|atk|1\n|-unboost|p2b: Star fire|atk|1\n|move|p2b: Star fire|Dazzling Gleam|p1b: Gyarados|[spread] p1a,p1b\n|-damage|p1a: Kingambit|27\/100\n|-damage|p1b: Gyarados|56\/100\n|move|p2a: Raven|Iron Head|p1a: Kingambit\n|-resisted|p1a: Kingambit\n|-damage|p1a: Kingambit|16\/100\n|cant|p1a: Kingambit|flinch\n|\n|-sideend|p2: NicoHaxVGC|move: Tailwind\n|upkeep\n|turn|7\n|inactive|NicoHaxVGC has 30 seconds left.\n|inactive|pokesportspodcast has 30 seconds left.\n|\n|t:|1682957199\n|switch|p1b: Chien-Pao|Chien-Pao, L50|26\/100\n|-ability|p1b: Chien-Pao|Sword of Ruin\n|move|p1a: Kingambit|Sucker Punch|p2b: Star fire\n|-damage|p2b: Star fire|6\/100\n|move|p2b: Star fire|Dazzling Gleam|p1b: Chien-Pao|[spread] p1a,p1b\n|-supereffective|p1b: Chien-Pao\n|-damage|p1a: Kingambit|0 fnt\n|-damage|p1b: Chien-Pao|0 fnt\n|faint|p1a: Kingambit\n|faint|p1b: Chien-Pao\n|move|p2a: Raven|Brave Bird|p1: Kingambit|[notarget]\n|-fail|p2a: Raven\n|\n|upkeep\n|-message|pokesportspodcast forfeited.\n|\n|win|NicoHaxVGC\n|raw|pokesportspodcast's rating: 1411 → 1393<\/strong> (-18 for losing)\n|raw|NicoHaxVGC's rating: 1440 → 1458<\/strong> (+18 for winning)\n|l|\u2606pokesportspodcast\n|c|\u2606NicoHaxVGC|gg\n","uploadtime":1682957223,"views":24,"p1id":"pokesportspodcast","p2id":"nicohaxvgc","formatid":"gen9vgc2023regulationc","rating":1393,"private":0,"password":""}