{"id":"gen9vgc2023regulationc-1858086242","p1":"Roufail","p2":"ATM079","format":"[Gen 9] VGC 2023 Regulation C","log":"|j|\u2606Roufail\n|j|\u2606ATM079\n|t:|1683273245\n|gametype|doubles\n|player|p1|Roufail|wallace|1218\n|player|p2|ATM079|cyclistf-gen4|1321\n|teamsize|p1|6\n|teamsize|p2|6\n|gen|9\n|tier|[Gen 9] VGC 2023 Regulation C\n|rated|\n|rule|Species Clause: Limit one of each Pok\u00e9mon\n|rule|Item Clause: Limit one of each item\n|clearpoke\n|poke|p1|Palafin, L50, M|\n|poke|p1|Flutter Mane, L50|\n|poke|p1|Amoonguss, L50, M|\n|poke|p1|Arcanine, L50, F|\n|poke|p1|Baxcalibur, L50, F|\n|poke|p1|Ting-Lu, L50|\n|poke|p2|Annihilape, L50, M|\n|poke|p2|Grimmsnarl, L50, M|\n|poke|p2|Arcanine, L50, F|\n|poke|p2|Flutter Mane, L50|\n|poke|p2|Talonflame, L50, M|\n|poke|p2|Gastrodon, L50, M|\n|teampreview|4\n|\n|t:|1683273263\n|start\n|switch|p1a: Palafin|Palafin, L50, M|100\/100\n|switch|p1b: Ting-Lu|Ting-Lu, L50|100\/100\n|switch|p2a: Arcanine|Arcanine, L50, F|100\/100\n|switch|p2b: Grimmsnarl|Grimmsnarl, L50, M|100\/100\n|-ability|p2a: Arcanine|Intimidate|boost\n|-unboost|p1a: Palafin|atk|1\n|-unboost|p1b: Ting-Lu|atk|1\n|-ability|p1b: Ting-Lu|Vessel of Ruin\n|turn|1\n|\n|t:|1683273282\n|detailschange|p1a: Palafin|Palafin-Hero, L50, M\n|switch|p1a: Arcanine|Arcanine, L50, F|100\/100\n|-ability|p1a: Arcanine|Intimidate|boost\n|-unboost|p2a: Arcanine|atk|1\n|-unboost|p2b: Grimmsnarl|atk|1\n|move|p2b: Grimmsnarl|Reflect|p2b: Grimmsnarl\n|-sidestart|p2: ATM079|Reflect\n|move|p2a: Arcanine|Will-O-Wisp|p1b: Ting-Lu\n|-status|p1b: Ting-Lu|brn\n|move|p1b: Ting-Lu|Fissure|p2b: Grimmsnarl\n|-damage|p2b: Grimmsnarl|0 fnt\n|faint|p2b: Grimmsnarl\n|-ohko\n|\n|-damage|p1b: Ting-Lu|94\/100 brn|[from] brn\n|upkeep\n|inactive|Battle timer is ON: inactive players will automatically lose when time's up. (requested by Roufail)\n|c|\u2606ATM079|\u6211\u8ddf\u4f60\u73a9\u5bc4\u5427\n|c|\u2606Roufail|Bing chilling\n|c|\u2606ATM079|\u548c\u673a\u5668\u4eba\u5feb\u4e50\u4e92\u52a8\u5427\n|inactive|ATM079 has 60 seconds left.\n|c|\u2606Roufail|Brother I have no idea what you're saying\n|c|\u2606Roufail|But I feel like I perfectly understand\n|inactive|ATM079 has 30 seconds left.\n|inactive|ATM079 has 20 seconds left.\n|inactive|ATM079 has 15 seconds left.\n|inactive|ATM079 has 10 seconds left.\n|inactive|ATM079 has 5 seconds left.\n|c|\u2606ATM079|bot will finish this game\n|\n|t:|1683273396\n|switch|p2b: Annihilape|Annihilape, L50, M|100\/100\n|turn|2\n|inactive|ATM079 has 30 seconds left.\n|inactive|ATM079 has 20 seconds left.\n|inactive|ATM079 has 15 seconds left.\n|inactive|ATM079 has 10 seconds left.\n|inactive|ATM079 has 5 seconds left.\n|\n|t:|1683273451\n|move|p2a: Arcanine|Extreme Speed|p1b: Ting-Lu\n|-damage|p1b: Ting-Lu|88\/100 brn\n|move|p1a: Arcanine|Will-O-Wisp|p2b: Annihilape\n|-status|p2b: Annihilape|brn\n|move|p2b: Annihilape|Bulk Up|p2b: Annihilape\n|-boost|p2b: Annihilape|atk|1\n|-boost|p2b: Annihilape|def|1\n|move|p1b: Ting-Lu|Fissure|p2a: Arcanine\n|-damage|p2a: Arcanine|0 fnt\n|faint|p2a: Arcanine\n|-ohko\n|\n|-damage|p2b: Annihilape|95\/100 brn|[from] brn\n|-damage|p1b: Ting-Lu|81\/100 brn|[from] brn\n|upkeep\n|inactive|ATM079 has 30 seconds left.\n|inactive|ATM079 has 20 seconds left.\n|inactive|ATM079 has 15 seconds left.\n|inactive|ATM079 has 10 seconds left.\n|inactive|ATM079 has 5 seconds left.\n|\n|t:|1683273506\n|switch|p2a: Gastrodon|Gastrodon, L50, M|100\/100\n|turn|3\n|inactive|ATM079 has 30 seconds left.\n|inactive|ATM079 has 20 seconds left.\n|inactive|ATM079 has 15 seconds left.\n|inactive|ATM079 has 10 seconds left.\n|inactive|ATM079 has 5 seconds left.\n|\n|t:|1683273561\n|move|p1a: Arcanine|Protect|p1a: Arcanine\n|-singleturn|p1a: Arcanine|Protect\n|move|p2b: Annihilape|Bulk Up|p2b: Annihilape\n|-boost|p2b: Annihilape|atk|1\n|-boost|p2b: Annihilape|def|1\n|move|p2a: Gastrodon|Earth Power|p1b: Ting-Lu\n|-damage|p1b: Ting-Lu|62\/100 brn\n|move|p1b: Ting-Lu|Fissure|p2b: Annihilape|[miss]\n|-miss|p1b: Ting-Lu|p2b: Annihilape\n|\n|-damage|p2b: Annihilape|89\/100 brn|[from] brn\n|-damage|p1b: Ting-Lu|56\/100 brn|[from] brn\n|upkeep\n|turn|4\n|inactive|ATM079 has 30 seconds left.\n|inactive|ATM079 has 20 seconds left.\n|inactive|ATM079 has 15 seconds left.\n|inactive|ATM079 has 10 seconds left.\n|inactive|ATM079 has 5 seconds left.\n|\n|t:|1683273616\n|move|p1a: Arcanine|Extreme Speed|p2a: Gastrodon\n|-damage|p2a: Gastrodon|89\/100\n|-damage|p1a: Arcanine|84\/100|[from] item: Rocky Helmet|[of] p2a: Gastrodon\n|move|p2b: Annihilape|Bulk Up|p2b: Annihilape\n|-boost|p2b: Annihilape|atk|1\n|-boost|p2b: Annihilape|def|1\n|move|p2a: Gastrodon|Earth Power|p1b: Ting-Lu\n|-damage|p1b: Ting-Lu|37\/100 brn\n|-enditem|p1b: Ting-Lu|Sitrus Berry|[eat]\n|-heal|p1b: Ting-Lu|62\/100 brn|[from] item: Sitrus Berry\n|move|p1b: Ting-Lu|Fissure|p2b: Annihilape|[miss]\n|-miss|p1b: Ting-Lu|p2b: Annihilape\n|\n|-damage|p2b: Annihilape|83\/100 brn|[from] brn\n|-damage|p1b: Ting-Lu|56\/100 brn|[from] brn\n|upkeep\n|turn|5\n|inactive|Roufail has 30 seconds left.\n|inactive|ATM079 has 30 seconds left.\n|inactive|ATM079 has 20 seconds left.\n|\n|t:|1683273655\n|move|p1a: Arcanine|Protect|p1a: Arcanine\n|-singleturn|p1a: Arcanine|Protect\n|move|p2b: Annihilape|Drain Punch|p1b: Ting-Lu\n|-supereffective|p1b: Ting-Lu\n|-damage|p1b: Ting-Lu|18\/100 brn\n|-heal|p2b: Annihilape|100\/100 brn|[from] drain|[of] p1b: Ting-Lu\n|move|p2a: Gastrodon|Earth Power|p1a: Arcanine\n|-activate|p1a: Arcanine|move: Protect\n|move|p1b: Ting-Lu|Fissure|p2b: Annihilape|[miss]\n|-miss|p1b: Ting-Lu|p2b: Annihilape\n|\n|-damage|p2b: Annihilape|95\/100 brn|[from] brn\n|-damage|p1b: Ting-Lu|12\/100 brn|[from] brn\n|upkeep\n|turn|6\n|\n|t:|1683273679\n|move|p1a: Arcanine|Extreme Speed|p2a: Gastrodon\n|-damage|p2a: Gastrodon|78\/100\n|-damage|p1a: Arcanine|68\/100|[from] item: Rocky Helmet|[of] p2a: Gastrodon\n|move|p2b: Annihilape|Drain Punch|p1b: Ting-Lu\n|-supereffective|p1b: Ting-Lu\n|-damage|p1b: Ting-Lu|0 fnt\n|-heal|p2b: Annihilape|100\/100 brn|[from] drain|[of] p1b: Ting-Lu\n|faint|p1b: Ting-Lu\n|move|p2a: Gastrodon|Earth Power|p1a: Arcanine\n|-supereffective|p1a: Arcanine\n|-damage|p1a: Arcanine|27\/100\n|\n|-damage|p2b: Annihilape|95\/100 brn|[from] brn\n|upkeep\n|\n|t:|1683273688\n|switch|p1b: Baxcalibur|Baxcalibur, L50, F|100\/100\n|turn|7\n|\n|t:|1683273700\n|move|p1a: Arcanine|Protect|p1a: Arcanine\n|-singleturn|p1a: Arcanine|Protect\n|move|p2a: Gastrodon|Protect|p2a: Gastrodon\n|-singleturn|p2a: Gastrodon|Protect\n|move|p1b: Baxcalibur|Dragon Dance|p1b: Baxcalibur\n|-boost|p1b: Baxcalibur|atk|1\n|-boost|p1b: Baxcalibur|spe|1\n|move|p2b: Annihilape|Rage Fist|p1b: Baxcalibur\n|-crit|p1b: Baxcalibur\n|-damage|p1b: Baxcalibur|53\/100\n|\n|-damage|p2b: Annihilape|89\/100 brn|[from] brn\n|upkeep\n|turn|8\n|inactive|Roufail has 30 seconds left.\n|inactive|Roufail has 20 seconds left.\n|inactive|Roufail has 15 seconds left.\n|inactive|Roufail has 10 seconds left.\n|\n|t:|1683273748\n|-terastallize|p1b: Baxcalibur|Fire\n|move|p1a: Arcanine|Extreme Speed|p2a: Gastrodon\n|-damage|p2a: Gastrodon|67\/100\n|-damage|p1a: Arcanine|11\/100|[from] item: Rocky Helmet|[of] p2a: Gastrodon\n|move|p1b: Baxcalibur|Dragon Dance|p1b: Baxcalibur\n|-boost|p1b: Baxcalibur|atk|1\n|-boost|p1b: Baxcalibur|spe|1\n|move|p2b: Annihilape|Drain Punch|p1b: Baxcalibur\n|-damage|p1b: Baxcalibur|10\/100\n|-heal|p2b: Annihilape|100\/100 brn|[from] drain|[of] p1b: Baxcalibur\n|move|p2a: Gastrodon|Earth Power|p1a: Arcanine\n|-supereffective|p1a: Arcanine\n|-damage|p1a: Arcanine|0 fnt\n|faint|p1a: Arcanine\n|\n|-damage|p2b: Annihilape|95\/100 brn|[from] brn\n|-sideend|p2: ATM079|Reflect\n|upkeep\n|\n|t:|1683273764\n|switch|p1a: Palafin|Palafin-Hero, L50, M|100\/100\n|-activate|p1a: Palafin|ability: Zero to Hero\n|turn|9\n|\n|t:|1683273781\n|move|p2a: Gastrodon|Protect|p2a: Gastrodon\n|-singleturn|p2a: Gastrodon|Protect\n|move|p1b: Baxcalibur|Glaive Rush|p2b: Annihilape\n|-damage|p2b: Annihilape|34\/100 brn\n|-singlemove|p1b: Baxcalibur|Glaive Rush|[silent]\n|move|p1a: Palafin|Close Combat|p2a: Gastrodon\n|-activate|p2a: Gastrodon|move: Protect\n|move|p2b: Annihilape|Drain Punch|p1b: Baxcalibur\n|-crit|p1b: Baxcalibur\n|-damage|p1b: Baxcalibur|0 fnt\n|-heal|p2b: Annihilape|38\/100 brn|[from] drain|[of] p1b: Baxcalibur\n|faint|p1b: Baxcalibur\n|\n|-damage|p2b: Annihilape|32\/100 brn|[from] brn\n|upkeep\n|turn|10\n|-message|Roufail forfeited.\n|\n|win|ATM079\n|raw|Roufail's rating: 1218 → 1200<\/strong> (-18 for losing)\n|raw|ATM079's rating: 1321 → 1335<\/strong> (+14 for winning)\n|l|\u2606Roufail\n|c|\u2606ATM079|\u723d\u5230\u4e86\n|c|\u2606ATM079|\u6211\u600e\u4e48\u8fd9\u4e48\u6076\u5fc3\n|c|\u2606ATM079|\u600e\u4e48\u4f1a\u6709\u4e00\u79cd\u8d1f\u7f6a\u611f\n|c|\u2606ATM079|\u6211\u8fd8\u662f\u592a\u5584\u826f\u4e86\n|c|\u2606ATM079|\u53bb\u4f60\u5988\u7684\ud83d\ude21\n","uploadtime":1683273847,"views":12,"p1id":"roufail","p2id":"atm079","formatid":"gen9vgc2023regulationc","rating":1200,"private":0,"password":""}