{"id":"gen9vgc2023regulationc-1858973645","p1":"pokemonmasteernico","p2":"MeteorPlayz_","format":"[Gen 9] VGC 2023 Regulation C","log":"|j|\u2606pokemonmasteernico\n|j|\u2606MeteorPlayz_\n|t:|1683389755\n|gametype|doubles\n|player|p1|pokemonmasteernico|veteran|\n|player|p2|MeteorPlayz_|az|\n|teamsize|p1|6\n|teamsize|p2|6\n|gen|9\n|tier|[Gen 9] VGC 2023 Regulation C\n|rule|Species Clause: Limit one of each Pok\u00e9mon\n|rule|Item Clause: Limit one of each item\n|clearpoke\n|poke|p1|Scream Tail, L50|\n|poke|p1|Dragapult, L50, M|\n|poke|p1|Gholdengo, L50|\n|poke|p1|Talonflame, L50, M|\n|poke|p1|Chien-Pao, L50|\n|poke|p1|Azumarill, L50, M|\n|poke|p2|Pawmot, L50, F|\n|poke|p2|Kilowattrel, L50, M|\n|poke|p2|Gholdengo, L50|\n|poke|p2|Chi-Yu, L50|\n|poke|p2|Iron Bundle, L50|\n|poke|p2|Roaring Moon, L50|\n|teampreview|4\npokemonmasteernico has agreed to open team sheets.\nMeteorPlayz_ has agreed to open team sheets.\n|\n|t:|1683389815\n|start\n|switch|p1a: Scream Tail|Scream Tail, L50|100\/100\n|switch|p1b: Talonflame|Talonflame, L50, M|100\/100\n|switch|p2a: Zapdon\u2019t|Kilowattrel, L50, M, shiny|100\/100\n|switch|p2b: Cadenza|Pawmot, L50, F|100\/100\n|-enditem|p1a: Scream Tail|Booster Energy\n|-activate|p1a: Scream Tail|ability: Protosynthesis|[fromitem]\n|-start|p1a: Scream Tail|protosynthesisspe\n|turn|1\n|\n|t:|1683389851\n|move|p2b: Cadenza|Fake Out|p1b: Talonflame\n|-damage|p1b: Talonflame|77\/100\n|move|p1a: Scream Tail|Encore|p2b: Cadenza\n|-start|p2b: Cadenza|Encore\n|move|p2a: Zapdon\u2019t|Tailwind|p2a: Zapdon\u2019t\n|-sidestart|p2: MeteorPlayz_|move: Tailwind\n|-start|p2a: Zapdon\u2019t|Charge|Tailwind|[from] ability: Wind Power\n|cant|p1b: Talonflame|flinch\n|\n|upkeep\n|turn|2\n|\n|t:|1683389882\n|move|p2b: Cadenza|Fake Out||[still]\n|-hint|Fake Out only works on your first turn out.\n|-fail|p2b: Cadenza\n|move|p2a: Zapdon\u2019t|Discharge|p1b: Talonflame|[spread] p1a,p1b\n|-immune|p2b: Cadenza|[from] ability: Volt Absorb\n|-supereffective|p1b: Talonflame\n|-damage|p1a: Scream Tail|65\/100\n|-damage|p1b: Talonflame|0 fnt\n|-status|p1a: Scream Tail|par\n|faint|p1b: Talonflame\n|-end|p2a: Zapdon\u2019t|Charge|[silent]\n|move|p1a: Scream Tail|Play Rough|p2b: Cadenza\n|-supereffective|p2b: Cadenza\n|-damage|p2b: Cadenza|43\/100\n|\n|upkeep\n|\n|t:|1683389901\n|switch|p1b: Gholdengo|Gholdengo, L50|100\/100\n|turn|3\n|\n|t:|1683389917\n|move|p2b: Cadenza|Fake Out||[still]\n|-hint|Fake Out only works on your first turn out.\n|-fail|p2b: Cadenza\n|move|p2a: Zapdon\u2019t|Discharge|p1b: Gholdengo|[spread] p1a,p1b\n|-heal|p2b: Cadenza|68\/100|[from] ability: Volt Absorb|[of] p2a: Zapdon\u2019t\n|-damage|p1a: Scream Tail|49\/100 par\n|-damage|p1b: Gholdengo|69\/100\n|move|p1b: Gholdengo|Make It Rain|p2a: Zapdon\u2019t|[spread] p2a,p2b\n|-resisted|p2a: Zapdon\u2019t\n|-resisted|p2b: Cadenza\n|-crit|p2b: Cadenza\n|-damage|p2a: Zapdon\u2019t|40\/100\n|-damage|p2b: Cadenza|0 fnt\n|-unboost|p1b: Gholdengo|spa|1\n|faint|p2b: Cadenza\n|move|p1a: Scream Tail|Disable|p2a: Zapdon\u2019t\n|-start|p2a: Zapdon\u2019t|Disable|Discharge\n|\n|upkeep\n|\n|t:|1683389930\n|switch|p2b: Chi-Yu|Chi-Yu, L50|100\/100\n|-ability|p2b: Chi-Yu|Beads of Ruin\n|turn|4\n|\n|t:|1683389952\n|-terastallize|p2b: Chi-Yu|Grass\n|move|p2a: Zapdon\u2019t|Volt Switch|p1b: Gholdengo\n|-damage|p1b: Gholdengo|15\/100\n|\n|t:|1683389969\n|switch|p2a: Moomin|Roaring Moon, L50|100\/100|[from] Volt Switch\n|-enditem|p2a: Moomin|Booster Energy\n|-activate|p2a: Moomin|ability: Protosynthesis|[fromitem]\n|-start|p2a: Moomin|protosynthesisatk\n|move|p2b: Chi-Yu|Heat Wave|p1b: Gholdengo|[spread] p1a,p1b\n|-supereffective|p1b: Gholdengo\n|-damage|p1a: Scream Tail|4\/100 par\n|-damage|p1b: Gholdengo|0 fnt\n|faint|p1b: Gholdengo\n|-damage|p2b: Chi-Yu|91\/100|[from] item: Life Orb\n|cant|p1a: Scream Tail|par\n|\n|-sideend|p2: MeteorPlayz_|move: Tailwind\n|upkeep\n|\n|t:|1683389982\n|switch|p1b: Chien-Pao|Chien-Pao, L50|100\/100\n|-ability|p1b: Chien-Pao|Sword of Ruin\n|turn|5\n|\n|t:|1683390019\n|-terastallize|p1a: Scream Tail|Water\n|move|p2b: Chi-Yu|Protect|p2b: Chi-Yu\n|-singleturn|p2b: Chi-Yu|Protect\n|move|p1b: Chien-Pao|Ice Spinner|p2b: Chi-Yu\n|-activate|p2b: Chi-Yu|move: Protect\n|move|p2a: Moomin|Acrobatics|p1b: Chien-Pao\n|-damage|p1b: Chien-Pao|28\/100\n|move|p1a: Scream Tail|Play Rough|p2a: Moomin\n|-supereffective|p2a: Moomin\n|-damage|p2a: Moomin|0 fnt\n|faint|p2a: Moomin\n|-end|p2a: Moomin|Protosynthesis|[silent]\n|\n|upkeep\n|\n|t:|1683390029\n|switch|p2a: Zapdon\u2019t|Kilowattrel, L50, M, shiny|40\/100\n|turn|6\n|\n|t:|1683390057\n|move|p1b: Chien-Pao|Ice Spinner|p2b: Chi-Yu\n|-supereffective|p2b: Chi-Yu\n|-damage|p2b: Chi-Yu|0 fnt\n|faint|p2b: Chi-Yu\n|move|p2a: Zapdon\u2019t|Tailwind|p2a: Zapdon\u2019t\n|-sidestart|p2: MeteorPlayz_|move: Tailwind\n|-start|p2a: Zapdon\u2019t|Charge|Tailwind|[from] ability: Wind Power\n|move|p1a: Scream Tail|Disable|p2a: Zapdon\u2019t\n|-start|p2a: Zapdon\u2019t|Disable|Tailwind\n|\n|upkeep\n|turn|7\n|\n|t:|1683390076\n|move|p1b: Chien-Pao|Protect|p1b: Chien-Pao\n|-singleturn|p1b: Chien-Pao|Protect\n|move|p2a: Zapdon\u2019t|Discharge|p1b: Chien-Pao|[spread] p1a\n|-activate|p1b: Chien-Pao|move: Protect\n|-supereffective|p1a: Scream Tail\n|-damage|p1a: Scream Tail|0 fnt\n|faint|p1a: Scream Tail\n|-end|p1a: Scream Tail|Protosynthesis|[silent]\n|-end|p2a: Zapdon\u2019t|Charge|[silent]\n|\n|upkeep\n|turn|8\n|\n|t:|1683390094\n|move|p2a: Zapdon\u2019t|Discharge|p1b: Chien-Pao\n|-damage|p1b: Chien-Pao|0 fnt\n|faint|p1b: Chien-Pao\n|\n|win|MeteorPlayz_\n|c|\u2606MeteorPlayz_|gg\n|c|\u2606MeteorPlayz_|wp\n","uploadtime":1683390109,"views":12,"p1id":"pokemonmasteernico","p2id":"meteorplayz","formatid":"gen9vgc2023regulationc","rating":0,"private":0,"password":""}