{"id":"gen9vgc2023regulationc-1845098431","p1":"Flame023","p2":"DeNevermore","format":"[Gen 9] VGC 2023 Regulation C","log":"|j|\u2606Flame023\n|j|\u2606DeNevermore\n|t:|1681683325\n|gametype|doubles\n|player|p1|Flame023|red|1202\n|player|p2|DeNevermore|cheryl|1284\n|teamsize|p1|6\n|teamsize|p2|6\n|gen|9\n|tier|[Gen 9] VGC 2023 Regulation C\n|rated|\n|rule|Species Clause: Limit one of each Pok\u00e9mon\n|rule|Item Clause: Limit one of each item\n|clearpoke\n|poke|p1|Lucario, L50, M|\n|poke|p1|Gyarados, L50, M|\n|poke|p1|Garchomp, L50, F|\n|poke|p1|Rotom-Heat, L50|\n|poke|p1|Flutter Mane, L50|\n|poke|p1|Kingambit, L50, M|\n|poke|p2|Lilligant, L50, F|\n|poke|p2|Torkoal, L50, F|\n|poke|p2|Chi-Yu, L50|\n|poke|p2|Flutter Mane, L50|\n|poke|p2|Murkrow, L50, M|\n|poke|p2|Garchomp, L50, F|\n|teampreview|4\n|\n|t:|1681683375\n|start\n|switch|p1a: Rotom|Rotom-Heat, L50|100\/100\n|switch|p1b: Garchomp|Garchomp, L50, F|100\/100\n|switch|p2a: Murkrow|Murkrow, L50, M|100\/100\n|switch|p2b: Garchomp|Garchomp, L50, F|100\/100\n|turn|1\n|\n|t:|1681683399\n|switch|p1a: Gyarados|Gyarados, L50, M|100\/100\n|-ability|p1a: Gyarados|Intimidate|boost\n|-unboost|p2a: Murkrow|atk|1\n|-unboost|p2b: Garchomp|atk|1\n|-terastallize|p2b: Garchomp|Ground\n|move|p2a: Murkrow|Tailwind|p2a: Murkrow\n|-sidestart|p2: DeNevermore|move: Tailwind\n|move|p2b: Garchomp|Rock Slide|p1b: Garchomp|[spread] p1a,p1b\n|-supereffective|p1a: Gyarados\n|-resisted|p1b: Garchomp\n|-damage|p1a: Gyarados|59\/100\n|-damage|p1b: Garchomp|93\/100\n|-damage|p2b: Garchomp|91\/100|[from] item: Life Orb\n|move|p1b: Garchomp|Dragon Claw|p2b: Garchomp\n|-damage|p2b: Garchomp|42\/100\n|-damage|p1b: Garchomp|81\/100|[from] ability: Rough Skin|[of] p2b: Garchomp\n|\n|upkeep\n|turn|2\n|\n|t:|1681683452\n|move|p2a: Murkrow|Sunny Day|p2a: Murkrow\n|-weather|SunnyDay\n|move|p2b: Garchomp|Dragon Claw|p1b: Garchomp\n|-supereffective|p1b: Garchomp\n|-damage|p1b: Garchomp|16\/100\n|-damage|p2b: Garchomp|29\/100|[from] ability: Rough Skin|[of] p1b: Garchomp\n|-damage|p2b: Garchomp|20\/100|[from] item: Life Orb\n|move|p1a: Gyarados|Waterfall|p2b: Garchomp\n|-supereffective|p2b: Garchomp\n|-damage|p2b: Garchomp|0 fnt\n|-damage|p1a: Gyarados|47\/100|[from] ability: Rough Skin|[of] p2b: Garchomp\n|faint|p2b: Garchomp\n|move|p1b: Garchomp|Dragon Claw|p2a: Murkrow\n|-damage|p2a: Murkrow|48\/100\n|\n|-weather|SunnyDay|[upkeep]\n|upkeep\n|\n|t:|1681683471\n|switch|p2b: Chi-Yu|Chi-Yu, L50|100\/100\n|-ability|p2b: Chi-Yu|Beads of Ruin\n|turn|3\n|\n|t:|1681683503\n|switch|p1b: Rotom|Rotom-Heat, L50|100\/100\n|move|p2b: Chi-Yu|Heat Wave|p1b: Rotom|[spread] p1a,p1b\n|-resisted|p1a: Gyarados\n|-resisted|p1b: Rotom\n|-damage|p1a: Gyarados|12\/100\n|-damage|p1b: Rotom|67\/100\n|move|p2a: Murkrow|Foul Play|p1a: Gyarados\n|-damage|p1a: Gyarados|0 fnt\n|faint|p1a: Gyarados\n|\n|-weather|SunnyDay|[upkeep]\n|upkeep\n|\n|t:|1681683515\n|switch|p1a: Flutter Mane|Flutter Mane, L50|100\/100\n|-activate|p1a: Flutter Mane|ability: Protosynthesis\n|-start|p1a: Flutter Mane|protosynthesisspe\n|turn|4\n|\n|t:|1681683548\n|-terastallize|p1a: Flutter Mane|Fairy\n|move|p2b: Chi-Yu|Heat Wave|p1a: Flutter Mane|[spread] p1a\n|-miss|p2b: Chi-Yu|p1b: Rotom\n|-damage|p1a: Flutter Mane|24\/100\n|move|p1a: Flutter Mane|Dazzling Gleam|p2a: Murkrow|[spread] p2a,p2b\n|-supereffective|p2a: Murkrow\n|-damage|p2a: Murkrow|0 fnt\n|-damage|p2b: Chi-Yu|56\/100\n|faint|p2a: Murkrow\n|-damage|p1a: Flutter Mane|14\/100|[from] item: Life Orb\n|move|p1b: Rotom|Light Screen|p1b: Rotom\n|-sidestart|p1: Flame023|move: Light Screen\n|\n|-weather|SunnyDay|[upkeep]\n|-sideend|p2: DeNevermore|move: Tailwind\n|upkeep\n|\n|t:|1681683562\n|switch|p2a: Flutter Mane|Flutter Mane, L50|100\/100\n|-activate|p2a: Flutter Mane|ability: Protosynthesis\n|-start|p2a: Flutter Mane|protosynthesisspa\n|turn|5\n|\n|t:|1681683607\n|move|p1a: Flutter Mane|Shadow Ball|p2a: Flutter Mane\n|-supereffective|p2a: Flutter Mane\n|-damage|p2a: Flutter Mane|0 fnt\n|faint|p2a: Flutter Mane\n|-end|p2a: Flutter Mane|Protosynthesis|[silent]\n|-damage|p1a: Flutter Mane|4\/100|[from] item: Life Orb\n|move|p2b: Chi-Yu|Heat Wave|p1a: Flutter Mane|[spread] p1a,p1b\n|-resisted|p1b: Rotom\n|-damage|p1a: Flutter Mane|0 fnt\n|-damage|p1b: Rotom|44\/100\n|faint|p1a: Flutter Mane\n|-end|p1a: Flutter Mane|Protosynthesis|[silent]\n|move|p1b: Rotom|Volt Switch|p2b: Chi-Yu\n|-damage|p2b: Chi-Yu|36\/100\n|\n|t:|1681683618\n|switch|p1b: Garchomp|Garchomp, L50, F|16\/100|[from] Volt Switch\n|\n|-weather|SunnyDay|[upkeep]\n|upkeep\n|\n|t:|1681683623\n|switch|p1a: Rotom|Rotom-Heat, L50|44\/100\n|turn|6\n|\n|t:|1681683631\n|move|p2b: Chi-Yu|Snarl|p1b: Garchomp|[spread] p1a,p1b\n|-damage|p1a: Rotom|26\/100\n|-damage|p1b: Garchomp|5\/100\n|-unboost|p1a: Rotom|spa|1\n|-unboost|p1b: Garchomp|spa|1\n|move|p1b: Garchomp|Stomping Tantrum|p2b: Chi-Yu\n|-supereffective|p2b: Chi-Yu\n|-damage|p2b: Chi-Yu|0 fnt\n|faint|p2b: Chi-Yu\n|\n|win|Flame023\n|raw|Flame023's rating: 1202 → 1233<\/strong> (+31 for winning)\n|raw|DeNevermore's rating: 1284 → 1253<\/strong> (-31 for losing)\n|l|\u2606DeNevermore\n","uploadtime":1681683649,"views":8,"p1id":"flame023","p2id":"denevermore","formatid":"gen9vgc2023regulationc","rating":1233,"private":0,"password":""}