{"id":"gen9vgc2023regulationc-1853232704","p1":"snoozevgc","p2":"dgdslkgjdskljg","format":"[Gen 9] VGC 2023 Regulation C","log":"|j|\u2606snoozevgc\n|j|\u2606dgdslkgjdskljg\n|t:|1682652181\n|gametype|doubles\n|player|p1|snoozevgc|2|1406\n|player|p2|dgdslkgjdskljg|101|1405\n|teamsize|p1|6\n|teamsize|p2|6\n|gen|9\n|tier|[Gen 9] VGC 2023 Regulation C\n|rated|\n|rule|Species Clause: Limit one of each Pok\u00e9mon\n|rule|Item Clause: Limit one of each item\n|clearpoke\n|poke|p1|Lilligant, L50, F|\n|poke|p1|Torkoal, L50, F|\n|poke|p1|Flutter Mane, L50|\n|poke|p1|Kingambit, L50, F|\n|poke|p1|Dragonite, L50, F|\n|poke|p1|Garchomp, L50, M|\n|poke|p2|Orthworm, L50, F|\n|poke|p2|Dragonite, L50, F|\n|poke|p2|Ting-Lu, L50|\n|poke|p2|Gyarados, L50, F|\n|poke|p2|Flutter Mane, L50|\n|poke|p2|Chien-Pao, L50|\n|teampreview|4\n|inactive|Battle timer is ON: inactive players will automatically lose when time's up. (requested by snoozevgc)\n|\n|t:|1682652200\n|start\n|switch|p1a: Lilligant|Lilligant, L50, F, shiny|100\/100\n|switch|p1b: Torkoal|Torkoal, L50, F, shiny|100\/100\n|switch|p2a: Ting-Lu|Ting-Lu, L50|100\/100\n|switch|p2b: Gyarados|Gyarados, L50, F|100\/100\n|-ability|p2b: Gyarados|Intimidate|boost\n|-unboost|p1a: Lilligant|atk|1\n|-unboost|p1b: Torkoal|atk|1\n|-ability|p2a: Ting-Lu|Vessel of Ruin\n|-weather|SunnyDay|[from] ability: Drought|[of] p1b: Torkoal\n|turn|1\n|inactive|snoozevgc has 30 seconds left.\n|inactive|snoozevgc has 20 seconds left.\n|\n|t:|1682652239\n|switch|p1b: Garchomp|Garchomp, L50, M|100\/100\n|move|p1a: Lilligant|Sleep Powder|p2a: Ting-Lu|[miss]\n|-miss|p1a: Lilligant|p2a: Ting-Lu\n|move|p2b: Gyarados|Waterfall|p1b: Garchomp\n|-damage|p1b: Garchomp|84\/100\n|-damage|p2b: Gyarados|88\/100|[from] ability: Rough Skin|[of] p1b: Garchomp\n|move|p2a: Ting-Lu|Rock Slide|p1a: Lilligant|[spread] p1a,p1b\n|-resisted|p1b: Garchomp\n|-damage|p1a: Lilligant|66\/100\n|-damage|p1b: Garchomp|72\/100\n|\n|-weather|SunnyDay|[upkeep]\n|upkeep\n|turn|2\n|\n|t:|1682652260\n|move|p1a: Lilligant|Leaf Storm|p2b: Gyarados\n|-damage|p2b: Gyarados|52\/100\n|-unboost|p1a: Lilligant|spa|2\n|move|p1b: Garchomp|Rock Slide|p2b: Gyarados|[spread] p2b\n|-miss|p1b: Garchomp|p2a: Ting-Lu\n|-supereffective|p2b: Gyarados\n|-damage|p2b: Gyarados|13\/100\n|move|p2b: Gyarados|Thunder Wave|p1a: Lilligant\n|-status|p1a: Lilligant|par\n|move|p2a: Ting-Lu|Rock Slide|p1a: Lilligant|[spread] p1a,p1b\n|-resisted|p1b: Garchomp\n|-damage|p1a: Lilligant|25\/100 par\n|-damage|p1b: Garchomp|59\/100\n|\n|-weather|SunnyDay|[upkeep]\n|upkeep\n|turn|3\n|\n|t:|1682652276\n|switch|p2b: Orthworm|Orthworm, L50, F|100\/100\n|move|p1b: Garchomp|Rock Slide|p2b: Orthworm|[spread] p2a,p2b\n|-resisted|p2a: Ting-Lu\n|-resisted|p2b: Orthworm\n|-damage|p2a: Ting-Lu|95\/100\n|-damage|p2b: Orthworm|94\/100\n|move|p1a: Lilligant|Sleep Powder|p2a: Ting-Lu\n|-status|p2a: Ting-Lu|slp|[from] move: Sleep Powder\n|cant|p2a: Ting-Lu|slp\n|\n|-weather|SunnyDay|[upkeep]\n|upkeep\n|turn|4\n|\n|t:|1682652289\n|switch|p1b: Flutter Mane|Flutter Mane, L50, shiny|100\/100\n|-activate|p1b: Flutter Mane|ability: Protosynthesis\n|-start|p1b: Flutter Mane|protosynthesisspa\n|move|p1a: Lilligant|Sleep Powder|p2b: Orthworm\n|-status|p2b: Orthworm|slp|[from] move: Sleep Powder\n|cant|p2a: Ting-Lu|slp\n|cant|p2b: Orthworm|slp\n|\n|-weather|SunnyDay|[upkeep]\n|upkeep\n|turn|5\n|\n|t:|1682652306\n|-terastallize|p1b: Flutter Mane|Fairy\n|move|p1a: Lilligant|Protect|p1a: Lilligant\n|-singleturn|p1a: Lilligant|Protect\n|move|p1b: Flutter Mane|Moonblast|p2a: Ting-Lu\n|-supereffective|p2a: Ting-Lu\n|-damage|p2a: Ting-Lu|0 fnt\n|faint|p2a: Ting-Lu\n|cant|p2b: Orthworm|slp\n|\n|-weather|none\n|-end|p1b: Flutter Mane|Protosynthesis\n|upkeep\n|\n|t:|1682652322\n|switch|p2a: Gyarados|Gyarados, L50, F|13\/100\n|-ability|p2a: Gyarados|Intimidate|boost\n|-unboost|p1a: Lilligant|atk|1\n|-unboost|p1b: Flutter Mane|atk|1\n|turn|6\n|\n|t:|1682652340\n|-end|p1b: Flutter Mane|Protosynthesis|[silent]\n|switch|p1b: Garchomp|Garchomp, L50, M|59\/100\n|move|p2a: Gyarados|Thunder Wave|p1b: Garchomp\n|-immune|p1b: Garchomp\n|cant|p2b: Orthworm|slp\n|move|p1a: Lilligant|Leaf Storm|p2a: Gyarados\n|-damage|p2a: Gyarados|0 fnt\n|-unboost|p1a: Lilligant|spa|2\n|faint|p2a: Gyarados\n|\n|upkeep\n|\n|t:|1682652348\n|switch|p2a: Flutter Mane|Flutter Mane, L50|100\/100\n|turn|7\n|\n|t:|1682652366\n|-terastallize|p2a: Flutter Mane|Fairy\n|move|p1b: Garchomp|Stomping Tantrum|p2a: Flutter Mane\n|-damage|p2a: Flutter Mane|41\/100\n|move|p2a: Flutter Mane|Dazzling Gleam|p1a: Lilligant|[spread] p1a,p1b\n|-supereffective|p1b: Garchomp\n|-damage|p1a: Lilligant|0 fnt\n|-damage|p1b: Garchomp|0 fnt\n|faint|p1a: Lilligant\n|faint|p1b: Garchomp\n|-curestatus|p2b: Orthworm|slp|[msg]\n|move|p2b: Orthworm|Iron Defense|p2b: Orthworm\n|-boost|p2b: Orthworm|def|2\n|\n|upkeep\n|\n|t:|1682652370\n|switch|p1b: Torkoal|Torkoal, L50, F, shiny|100\/100\n|switch|p1a: Flutter Mane|Flutter Mane, L50, shiny, tera:Fairy|100\/100\n|-weather|SunnyDay|[from] ability: Drought|[of] p1b: Torkoal\n|-activate|p2a: Flutter Mane|ability: Protosynthesis\n|-start|p2a: Flutter Mane|protosynthesisspe\n|-activate|p1a: Flutter Mane|ability: Protosynthesis\n|-start|p1a: Flutter Mane|protosynthesisspa\n|turn|8\n|\n|t:|1682652391\n|move|p2a: Flutter Mane|Dazzling Gleam|p1a: Flutter Mane|[spread] p1a,p1b\n|-resisted|p1b: Torkoal\n|-damage|p1a: Flutter Mane|39\/100\n|-damage|p1b: Torkoal|62\/100\n|move|p1a: Flutter Mane|Shadow Ball|p2b: Orthworm\n|-damage|p2b: Orthworm|0 fnt\n|faint|p2b: Orthworm\n|move|p1b: Torkoal|Flamethrower|p2a: Flutter Mane\n|-damage|p2a: Flutter Mane|0 fnt\n|faint|p2a: Flutter Mane\n|-end|p2a: Flutter Mane|Protosynthesis|[silent]\n|\n|win|snoozevgc\n|raw|snoozevgc's rating: 1406 → 1426<\/strong> (+20 for winning)\n|raw|dgdslkgjdskljg's rating: 1405 → 1385<\/strong> (-20 for losing)\n|l|\u2606dgdslkgjdskljg\n","uploadtime":1682652402,"views":5,"p1id":"snoozevgc","p2id":"dgdslkgjdskljg","formatid":"gen9vgc2023regulationc","rating":1385,"private":0,"password":""}