{"id":"gen9vgc2023regulationc-1849521832","p1":"Very Maccheroni","p2":"Ultratests","format":"[Gen 9] VGC 2023 Regulation C","log":"|j|\u2606Very Maccheroni\n|j|\u2606Ultratests\n|t:|1682208481\n|gametype|doubles\n|player|p1|Very Maccheroni|lance|1473\n|player|p2|Ultratests|102|1423\n|teamsize|p1|6\n|teamsize|p2|6\n|gen|9\n|tier|[Gen 9] VGC 2023 Regulation C\n|rated|\n|rule|Species Clause: Limit one of each Pok\u00e9mon\n|rule|Item Clause: Limit one of each item\n|clearpoke\n|poke|p1|Murkrow, L50, M|\n|poke|p1|Chi-Yu, L50|\n|poke|p1|Flutter Mane, L50|\n|poke|p1|Great Tusk, L50|\n|poke|p1|Brute Bonnet, L50|\n|poke|p1|Corviknight, L50, F|\n|poke|p2|Chien-Pao, L50|\n|poke|p2|Palafin, L50, F|\n|poke|p2|Arcanine, L50, M|\n|poke|p2|Amoonguss, L50, F|\n|poke|p2|Ting-Lu, L50|\n|poke|p2|Flutter Mane, L50|\n|teampreview|4\nUltratests has agreed to open team sheets.\n|inactive|Battle timer is ON: inactive players will automatically lose when time's up. (requested by Very Maccheroni)\n|inactive|Ultratests has 60 seconds left.\n|\n|t:|1682208562\n|start\n|switch|p1a: Murkrow|Murkrow, L50, M, shiny|100\/100\n|switch|p1b: Great Tusk|Great Tusk, L50|100\/100\n|switch|p2a: Palafin|Palafin, L50, F|100\/100\n|switch|p2b: Arcanine|Arcanine, L50, M|100\/100\n|-ability|p2b: Arcanine|Intimidate|boost\n|-unboost|p1a: Murkrow|atk|1\n|-unboost|p1b: Great Tusk|atk|1\n|turn|1\n|inactive|Very Maccheroni has 30 seconds left.\n|\n|t:|1682208595\n|switch|p2b: Amoonguss|Amoonguss, L50, F|100\/100\n|-terastallize|p1b: Great Tusk|Steel\n|move|p2a: Palafin|Protect|p2a: Palafin\n|-singleturn|p2a: Palafin|Protect\n|move|p1a: Murkrow|Haze|p1a: Murkrow\n|-clearallboost\n|move|p1b: Great Tusk|Headlong Rush|p2b: Amoonguss\n|-damage|p2b: Amoonguss|40\/100\n|-unboost|p1b: Great Tusk|def|1\n|-unboost|p1b: Great Tusk|spd|1\n|-enditem|p2b: Amoonguss|Sitrus Berry|[eat]\n|-heal|p2b: Amoonguss|65\/100|[from] item: Sitrus Berry\n|\n|upkeep\n|turn|2\n|inactive|Very Maccheroni has 30 seconds left.\n|inactive|Ultratests has 30 seconds left.\n|inactive|Ultratests has 20 seconds left.\n|inactive|Ultratests has 15 seconds left.\n|inactive|Very Maccheroni has 20 seconds left.\n|inactive|Ultratests has 10 seconds left.\n|\n|t:|1682208644\n|-terastallize|p2a: Palafin|Water\n|move|p1a: Murkrow|Sunny Day|p1a: Murkrow\n|-weather|SunnyDay\n|-activate|p1b: Great Tusk|ability: Protosynthesis\n|-start|p1b: Great Tusk|protosynthesisatk\n|move|p1b: Great Tusk|Headlong Rush|p2b: Amoonguss\n|-damage|p2b: Amoonguss|0 fnt\n|-unboost|p1b: Great Tusk|def|1\n|-unboost|p1b: Great Tusk|spd|1\n|faint|p2b: Amoonguss\n|move|p2a: Palafin|Wave Crash|p1b: Great Tusk\n|-damage|p1b: Great Tusk|50\/100\n|-damage|p2a: Palafin|85\/100|[from] Recoil\n|\n|-weather|SunnyDay|[upkeep]\n|upkeep\n|inactive|Ultratests has 30 seconds left.\n|\n|t:|1682208669\n|switch|p2b: Flutter Mane|Flutter Mane, L50, shiny|100\/100\n|-activate|p2b: Flutter Mane|ability: Protosynthesis\n|-start|p2b: Flutter Mane|protosynthesisspe\n|turn|3\n|\n|t:|1682208680\n|detailschange|p2a: Palafin|Palafin-Hero, L50, F, tera:Water\n|switch|p2a: Arcanine|Arcanine, L50, M|100\/100\n|-ability|p2a: Arcanine|Intimidate|boost\n|-unboost|p1a: Murkrow|atk|1\n|-unboost|p1b: Great Tusk|atk|1\n|move|p1a: Murkrow|Tailwind|p1a: Murkrow\n|-sidestart|p1: Very Maccheroni|move: Tailwind\n|move|p1b: Great Tusk|Headlong Rush|p2b: Flutter Mane\n|-damage|p2b: Flutter Mane|0 fnt\n|-unboost|p1b: Great Tusk|def|1\n|-unboost|p1b: Great Tusk|spd|1\n|faint|p2b: Flutter Mane\n|-end|p2b: Flutter Mane|Protosynthesis|[silent]\n|\n|-weather|SunnyDay|[upkeep]\n|upkeep\n|\n|t:|1682208687\n|switch|p2b: Palafin|Palafin-Hero, L50, F, tera:Water|85\/100\n|-activate|p2b: Palafin|ability: Zero to Hero\n|turn|4\n|\n|t:|1682208702\n|move|p1a: Murkrow|Haze|p1a: Murkrow\n|-clearallboost\n|move|p2b: Palafin|Jet Punch|p1b: Great Tusk\n|-damage|p1b: Great Tusk|25\/100\n|move|p1b: Great Tusk|Headlong Rush|p2a: Arcanine\n|-supereffective|p2a: Arcanine\n|-damage|p2a: Arcanine|0 fnt\n|-unboost|p1b: Great Tusk|def|1\n|-unboost|p1b: Great Tusk|spd|1\n|faint|p2a: Arcanine\n|\n|-weather|SunnyDay|[upkeep]\n|upkeep\n|turn|5\n|-message|Ultratests forfeited.\n|\n|win|Very Maccheroni\n|raw|Very Maccheroni's rating: 1473 → 1490<\/strong> (+17 for winning)\n|raw|Ultratests's rating: 1423 → 1406<\/strong> (-17 for losing)\n|l|\u2606Ultratests\n|j|\u2606Ultratests\n|player|p2|Ultratests|102\n|l|\u2606Ultratests\n|player|p2|\n","uploadtime":1682208733,"views":5,"p1id":"verymaccheroni","p2id":"ultratests","formatid":"gen9vgc2023regulationc","rating":1406,"private":0,"password":""}