{"id":"gen9vgc2023regulationc-1849104333","p1":"Dr.Dedded","p2":"Chi-Yuh","format":"[Gen 9] VGC 2023 Regulation C","log":"|j|\u2606Dr.Dedded\n|j|\u2606Chi-Yuh\n|t:|1682156141\n|gametype|doubles\n|player|p1|Dr.Dedded|drayden|1217\n|player|p2|Chi-Yuh|1|1158\n|teamsize|p1|6\n|teamsize|p2|6\n|gen|9\n|tier|[Gen 9] VGC 2023 Regulation C\n|rated|\n|rule|Species Clause: Limit one of each Pok\u00e9mon\n|rule|Item Clause: Limit one of each item\n|clearpoke\n|poke|p1|Tyranitar, L50, M|\n|poke|p1|Cacturne, L50, M|\n|poke|p1|Hippowdon, L50, F|\n|poke|p1|Sandaconda, L50, M|\n|poke|p1|Houndstone, L50, F|\n|poke|p1|Iron Thorns, L50|\n|poke|p2|Ting-Lu, L50|\n|poke|p2|Arcanine, L50, M|\n|poke|p2|Flapple, L50, F|\n|poke|p2|Espathra, L50, M|\n|poke|p2|Iron Bundle, L50|\n|poke|p2|Sandy Shocks, L50|\n|teampreview|4\n|\n|t:|1682156152\n|start\n|switch|p1a: Tyranitar|Tyranitar, L50, M|100\/100\n|switch|p1b: Cacturne|Cacturne, L50, M, shiny|100\/100\n|switch|p2a: Espathra|Espathra, L50, M|100\/100\n|switch|p2b: Sandy Shocks|Sandy Shocks, L50|100\/100\n|-weather|Sandstorm|[from] ability: Sand Stream|[of] p1a: Tyranitar\n|-enditem|p2b: Sandy Shocks|Booster Energy\n|-activate|p2b: Sandy Shocks|ability: Protosynthesis|[fromitem]\n|-start|p2b: Sandy Shocks|protosynthesisspe\n|turn|1\n|inactive|Battle timer is ON: inactive players will automatically lose when time's up. (requested by Dr.Dedded)\n|\n|t:|1682156187\n|-terastallize|p2a: Espathra|Fairy\n|move|p2b: Sandy Shocks|Gravity|p2b: Sandy Shocks\n|-fieldstart|move: Gravity\n|move|p2a: Espathra|Hypnosis|p1b: Cacturne\n|-status|p1b: Cacturne|slp|[from] move: Hypnosis\n|move|p1a: Tyranitar|Low Kick|p2b: Sandy Shocks\n|-damage|p2b: Sandy Shocks|67\/100\n|cant|p1b: Cacturne|slp\n|\n|-weather|Sandstorm|[upkeep]\n|-damage|p2a: Espathra|95\/100|[from] Sandstorm\n|-ability|p2a: Espathra|Speed Boost|boost\n|-boost|p2a: Espathra|spe|1\n|upkeep\n|turn|2\n|\n|t:|1682156207\n|move|p2b: Sandy Shocks|Volt Switch|p1a: Tyranitar\n|-damage|p1a: Tyranitar|89\/100\n|\n|t:|1682156213\n|-end|p2b: Sandy Shocks|Protosynthesis|[silent]\n|switch|p2b: Flapple|Flapple, L50, F|100\/100|[from] Volt Switch\n|move|p2a: Espathra|Hypnosis|p1a: Tyranitar\n|-status|p1a: Tyranitar|slp|[from] move: Hypnosis\n|cant|p1b: Cacturne|slp\n|cant|p1a: Tyranitar|slp\n|\n|-weather|Sandstorm|[upkeep]\n|-damage|p2a: Espathra|89\/100|[from] Sandstorm\n|-damage|p2b: Flapple|94\/100|[from] Sandstorm\n|-ability|p2a: Espathra|Speed Boost|boost\n|-boost|p2a: Espathra|spe|1\n|upkeep\n|turn|3\n|\n|t:|1682156236\n|move|p2a: Espathra|Dazzling Gleam|p1a: Tyranitar|[spread] p1a,p1b\n|-supereffective|p1a: Tyranitar\n|-supereffective|p1b: Cacturne\n|-damage|p1a: Tyranitar|71\/100 slp\n|-damage|p1b: Cacturne|43\/100 slp\n|move|p2b: Flapple|Dragon Rush|p1b: Cacturne|[miss]\n|-miss|p2b: Flapple|p1b: Cacturne\n|-curestatus|p1b: Cacturne|slp|[msg]\n|move|p1b: Cacturne|Leech Seed|p2a: Espathra\n|-start|p2a: Espathra|move: Leech Seed\n|-curestatus|p1a: Tyranitar|slp|[msg]\n|move|p1a: Tyranitar|Rock Slide|p2b: Flapple|[spread] p2a,p2b\n|-damage|p2a: Espathra|55\/100\n|-damage|p2b: Flapple|47\/100\n|\n|-weather|Sandstorm|[upkeep]\n|-damage|p2a: Espathra|49\/100|[from] Sandstorm\n|-damage|p2b: Flapple|40\/100|[from] Sandstorm\n|-damage|p2a: Espathra|37\/100|[from] Leech Seed|[of] p1b: Cacturne\n|-heal|p1b: Cacturne|55\/100|[silent]\n|-ability|p2a: Espathra|Speed Boost|boost\n|-boost|p2a: Espathra|spe|1\n|upkeep\n|turn|4\n|inactive|Chi-Yuh has 30 seconds left.\n|\n|t:|1682156263\n|move|p1b: Cacturne|Spiky Shield|p1b: Cacturne\n|-singleturn|p1b: Cacturne|move: Protect\n|move|p2a: Espathra|Dazzling Gleam|p1b: Cacturne|[spread] p1a\n|-activate|p1b: Cacturne|move: Protect\n|-supereffective|p1a: Tyranitar\n|-damage|p1a: Tyranitar|53\/100\n|move|p2b: Flapple|Grav Apple|p1a: Tyranitar\n|-supereffective|p1a: Tyranitar\n|-damage|p1a: Tyranitar|0 fnt\n|faint|p1a: Tyranitar\n|\n|-weather|Sandstorm|[upkeep]\n|-damage|p2a: Espathra|31\/100|[from] Sandstorm\n|-damage|p2b: Flapple|34\/100|[from] Sandstorm\n|-damage|p2a: Espathra|19\/100|[from] Leech Seed|[of] p1b: Cacturne\n|-heal|p1b: Cacturne|67\/100|[silent]\n|-ability|p2a: Espathra|Speed Boost|boost\n|-boost|p2a: Espathra|spe|1\n|upkeep\n|\n|t:|1682156279\n|switch|p1a: Houndstone|Houndstone, L50, F|100\/100\n|turn|5\n|\n|t:|1682156289\n|move|p1a: Houndstone|Protect|p1a: Houndstone\n|-singleturn|p1a: Houndstone|Protect\n|move|p2b: Flapple|Sucker Punch||[still]\n|-fail|p2b: Flapple\n|move|p1b: Cacturne|Sucker Punch||[still]\n|-fail|p1b: Cacturne\n|move|p2a: Espathra|Dazzling Gleam|p1a: Houndstone|[spread] p1b\n|-activate|p1a: Houndstone|move: Protect\n|-supereffective|p1b: Cacturne\n|-damage|p1b: Cacturne|8\/100\n|\n|-weather|none\n|-damage|p2a: Espathra|7\/100|[from] Leech Seed|[of] p1b: Cacturne\n|-heal|p1b: Cacturne|20\/100|[silent]\n|-fieldend|move: Gravity\n|-ability|p2a: Espathra|Speed Boost|boost\n|-boost|p2a: Espathra|spe|1\n|upkeep\n|turn|6\n|\n|t:|1682156307\n|switch|p1a: Hippowdon|Hippowdon, L50, F, shiny|100\/100\n|-weather|Sandstorm|[from] ability: Sand Stream|[of] p1a: Hippowdon\n|move|p1b: Cacturne|Spiky Shield|p1b: Cacturne\n|-singleturn|p1b: Cacturne|move: Protect\n|move|p2b: Flapple|Sucker Punch||[still]\n|-fail|p2b: Flapple\n|move|p2a: Espathra|Dazzling Gleam|p1b: Cacturne|[spread] p1a\n|-activate|p1b: Cacturne|move: Protect\n|-damage|p1a: Hippowdon|75\/100\n|\n|-weather|Sandstorm|[upkeep]\n|-damage|p2a: Espathra|2\/100|[from] Sandstorm\n|-damage|p2b: Flapple|28\/100|[from] Sandstorm\n|-heal|p1a: Hippowdon|82\/100|[from] item: Leftovers\n|-damage|p2a: Espathra|0 fnt|[from] Leech Seed|[of] p1b: Cacturne\n|-heal|p1b: Cacturne|21\/100|[silent]\n|faint|p2a: Espathra\n|upkeep\n|\n|t:|1682156320\n|switch|p2a: Sandy Shocks|Sandy Shocks, L50|67\/100\n|turn|7\n|\n|t:|1682156340\n|move|p1b: Cacturne|Sucker Punch|p2b: Flapple\n|-damage|p2b: Flapple|0 fnt\n|faint|p2b: Flapple\n|move|p2a: Sandy Shocks|Gravity|p2a: Sandy Shocks\n|-fieldstart|move: Gravity\n|move|p1a: Hippowdon|Yawn|p2a: Sandy Shocks\n|-start|p2a: Sandy Shocks|move: Yawn|[of] p1a: Hippowdon\n|\n|-weather|Sandstorm|[upkeep]\n|-heal|p1a: Hippowdon|88\/100|[from] item: Leftovers\n|upkeep\n|\n|t:|1682156347\n|switch|p2b: Iron Bundle|Iron Bundle, L50|100\/100\n|turn|8\n|\n|t:|1682156360\n|move|p1b: Cacturne|Sucker Punch|p2b: Iron Bundle\n|-damage|p2b: Iron Bundle|68\/100\n|move|p2b: Iron Bundle|Blizzard|p1a: Hippowdon|[spread] p1a,p1b\n|-supereffective|p1a: Hippowdon\n|-supereffective|p1b: Cacturne\n|-damage|p1a: Hippowdon|0 fnt\n|-damage|p1b: Cacturne|0 fnt\n|faint|p1a: Hippowdon\n|faint|p1b: Cacturne\n|move|p2a: Sandy Shocks|Earth Power|p1: Hippowdon|[notarget]\n|-fail|p2a: Sandy Shocks\n|\n|-weather|Sandstorm|[upkeep]\n|-damage|p2b: Iron Bundle|62\/100|[from] Sandstorm\n|-end|p2a: Sandy Shocks|move: Yawn|[silent]\n|-status|p2a: Sandy Shocks|slp\n|upkeep\n|\n|t:|1682156379\n|switch|p1a: Houndstone|Houndstone, L50, F|100\/100\n|turn|9\n|\n|t:|1682156387\n|-terastallize|p1a: Houndstone|Ghost\n|move|p2b: Iron Bundle|Blizzard|p1a: Houndstone\n|-damage|p1a: Houndstone|35\/100\n|move|p1a: Houndstone|Last Respects|p2b: Iron Bundle\n|-damage|p2b: Iron Bundle|0 fnt\n|faint|p2b: Iron Bundle\n|-end|p2b: Iron Bundle|Quark Drive|[silent]\n|cant|p2a: Sandy Shocks|slp\n|\n|-weather|Sandstorm|[upkeep]\n|upkeep\n|turn|10\n|\n|t:|1682156398\n|move|p1a: Houndstone|Last Respects|p2a: Sandy Shocks\n|-crit|p2a: Sandy Shocks\n|-damage|p2a: Sandy Shocks|0 fnt\n|faint|p2a: Sandy Shocks\n|-end|p2a: Sandy Shocks|Protosynthesis|[silent]\n|\n|win|Dr.Dedded\n|raw|Dr.Dedded's rating: 1217 → 1238<\/strong> (+21 for winning)\n|raw|Chi-Yuh's rating: 1158 → 1137<\/strong> (-21 for losing)\n|l|\u2606Chi-Yuh\n","uploadtime":1682156413,"views":5,"p1id":"drdedded","p2id":"chiyuh","formatid":"gen9vgc2023regulationc","rating":1137,"private":0,"password":""}