{"id":"gen9vgc2023regulationc-1845134394","p1":"Steakman5","p2":"elmassa45","format":"[Gen 9] VGC 2023 Regulation C","log":"|j|\u2606Steakman5\n|j|\u2606elmassa45\n|t:|1681687618\n|gametype|doubles\n|player|p1|Steakman5|tuber|1194\n|player|p2|elmassa45|1|1176\n|teamsize|p1|6\n|teamsize|p2|6\n|gen|9\n|tier|[Gen 9] VGC 2023 Regulation C\n|rated|\n|rule|Species Clause: Limit one of each Pok\u00e9mon\n|rule|Item Clause: Limit one of each item\n|clearpoke\n|poke|p1|Flutter Mane, L50|\n|poke|p1|Dondozo, L50, M|\n|poke|p1|Tatsugiri, L50, M|\n|poke|p1|Brute Bonnet, L50|\n|poke|p1|Chi-Yu, L50|\n|poke|p1|Dachsbun, L50, M|\n|poke|p2|Arcanine, L50, M|\n|poke|p2|Dragonite, L50, F|\n|poke|p2|Amoonguss, L50, F|\n|poke|p2|Flutter Mane, L50|\n|poke|p2|Ting-Lu, L50|\n|poke|p2|Palafin, L50, M|\n|teampreview|4\n|\n|t:|1681687654\n|start\n|switch|p1a: Flutter Mane|Flutter Mane, L50|100\/100\n|switch|p1b: Tatsugiri|Tatsugiri, L50, M|100\/100\n|switch|p2a: Palafin|Palafin, L50, M|100\/100\n|switch|p2b: Arcanine|Arcanine, L50, M|100\/100\n|-ability|p2b: Arcanine|Intimidate|boost\n|-unboost|p1a: Flutter Mane|atk|1\n|-unboost|p1b: Tatsugiri|atk|1\n|turn|1\n|\n|t:|1681687671\n|detailschange|p2a: Palafin|Palafin-Hero, L50, M\n|switch|p2a: Ting-Lu|Ting-Lu, L50|100\/100\n|-ability|p2a: Ting-Lu|Vessel of Ruin\n|move|p1a: Flutter Mane|Perish Song|p1a: Flutter Mane\n|-start|p1a: Flutter Mane|perish3|[silent]\n|-start|p1b: Tatsugiri|perish3|[silent]\n|-start|p2a: Ting-Lu|perish3|[silent]\n|-start|p2b: Arcanine|perish3|[silent]\n|-fieldactivate|move: Perish Song\n|move|p1b: Tatsugiri|Icy Wind|p2b: Arcanine|[spread] p2a,p2b\n|-supereffective|p2a: Ting-Lu\n|-resisted|p2b: Arcanine\n|-damage|p2a: Ting-Lu|84\/100\n|-damage|p2b: Arcanine|96\/100\n|-unboost|p2a: Ting-Lu|spe|1\n|-unboost|p2b: Arcanine|spe|1\n|move|p2b: Arcanine|Flare Blitz|p1a: Flutter Mane\n|-crit|p1a: Flutter Mane\n|-damage|p1a: Flutter Mane|12\/100\n|-damage|p2b: Arcanine|73\/100|[from] Recoil\n|\n|-heal|p1a: Flutter Mane|18\/100|[from] item: Leftovers\n|-heal|p2a: Ting-Lu|90\/100|[from] item: Leftovers\n|-start|p1a: Flutter Mane|perish3\n|-start|p1b: Tatsugiri|perish3\n|-start|p2b: Arcanine|perish3\n|-start|p2a: Ting-Lu|perish3\n|upkeep\n|turn|2\n|\n|t:|1681687721\n|move|p1a: Flutter Mane|Dazzling Gleam|p2b: Arcanine|[spread] p2a,p2b\n|-supereffective|p2a: Ting-Lu\n|-resisted|p2b: Arcanine\n|-damage|p2a: Ting-Lu|63\/100\n|-damage|p2b: Arcanine|64\/100\n|move|p1b: Tatsugiri|Muddy Water|p2a: Ting-Lu|[spread] p2a,p2b\n|-supereffective|p2a: Ting-Lu\n|-supereffective|p2b: Arcanine\n|-damage|p2a: Ting-Lu|25\/100\n|-damage|p2b: Arcanine|23\/100\n|-unboost|p2a: Ting-Lu|accuracy|1\n|move|p2b: Arcanine|Flare Blitz|p1a: Flutter Mane\n|-damage|p1a: Flutter Mane|0 fnt\n|faint|p1a: Flutter Mane\n|-end|p1a: Flutter Mane|Protosynthesis|[silent]\n|-damage|p2b: Arcanine|19\/100|[from] Recoil\n|move|p2a: Ting-Lu|Snarl|p1b: Tatsugiri|[miss]\n|-miss|p2a: Ting-Lu|p1b: Tatsugiri\n|\n|-heal|p2a: Ting-Lu|31\/100|[from] item: Leftovers\n|-start|p1b: Tatsugiri|perish2\n|-start|p2b: Arcanine|perish2\n|-start|p2a: Ting-Lu|perish2\n|upkeep\n|\n|t:|1681687745\n|switch|p1a: Dondozo|Dondozo, L50, M|100\/100\n|-activate|p1b: Tatsugiri|ability: Commander|[of] p1a: Dondozo\n|-boost|p1a: Dondozo|atk|2\n|-boost|p1a: Dondozo|spa|2\n|-boost|p1a: Dondozo|spe|2\n|-boost|p1a: Dondozo|def|2\n|-boost|p1a: Dondozo|spd|2\n|turn|3\n|\n|t:|1681687758\n|switch|p2b: Palafin|Palafin-Hero, L50, M|100\/100\n|-activate|p2b: Palafin|ability: Zero to Hero\n|move|p2a: Ting-Lu|Protect|p2a: Ting-Lu\n|-singleturn|p2a: Ting-Lu|Protect\n|move|p1a: Dondozo|Earthquake|p2a: Ting-Lu|[spread] p2b\n|-miss|p1a: Dondozo|p1b: Tatsugiri\n|-activate|p2a: Ting-Lu|move: Protect\n|-damage|p2b: Palafin|52\/100\n|\n|-heal|p2a: Ting-Lu|37\/100|[from] item: Leftovers\n|-start|p1b: Tatsugiri|perish1\n|-start|p2a: Ting-Lu|perish1\n|upkeep\n|turn|4\n|\n|t:|1681687777\n|switch|p2a: Arcanine|Arcanine, L50, M|19\/100\n|-ability|p2a: Arcanine|Intimidate|boost\n|-fail|p1a: Dondozo|unboost|[from] item: Clear Amulet|[of] p1a: Dondozo\n|-unboost|p1b: Tatsugiri|atk|1\n|move|p2b: Palafin|Haze|p2b: Palafin\n|-clearallboost\n|move|p1a: Dondozo|Earthquake|p2a: Arcanine|[spread] p2a,p2b\n|-miss|p1a: Dondozo|p1b: Tatsugiri\n|-supereffective|p2a: Arcanine\n|-damage|p2a: Arcanine|0 fnt\n|-damage|p2b: Palafin|26\/100\n|faint|p2a: Arcanine\n|\n|-start|p1b: Tatsugiri|perish0\n|upkeep\n|faint|p1b: Tatsugiri\n|\n|t:|1681687789\n|switch|p1b: Brute Bonnet|Brute Bonnet, L50|100\/100\n|switch|p2a: Flutter Mane|Flutter Mane, L50|100\/100\n|turn|5\n|inactive|Battle timer is ON: inactive players will automatically lose when time's up. (requested by elmassa45)\n|\n|t:|1681687840\n|-terastallize|p2a: Flutter Mane|Fairy\n|move|p2a: Flutter Mane|Thunderbolt|p1a: Dondozo\n|-supereffective|p1a: Dondozo\n|-damage|p1a: Dondozo|9\/100\n|move|p2b: Palafin|Wave Crash|p1b: Brute Bonnet\n|-resisted|p1b: Brute Bonnet\n|-damage|p1b: Brute Bonnet|63\/100\n|-damage|p2b: Palafin|11\/100|[from] Recoil\n|move|p1b: Brute Bonnet|Spore|p2a: Flutter Mane\n|-status|p2a: Flutter Mane|slp|[from] move: Spore\n|move|p1a: Dondozo|Order Up|p2b: Palafin\n|-damage|p2b: Palafin|0 fnt\n|faint|p2b: Palafin\n|-boost|p1a: Dondozo|atk|1\n|\n|upkeep\n|\n|t:|1681687855\n|switch|p2b: Ting-Lu|Ting-Lu, L50|37\/100\n|-ability|p2b: Ting-Lu|Vessel of Ruin\n|turn|6\n|\n|t:|1681687869\n|move|p1b: Brute Bonnet|Rage Powder|p1b: Brute Bonnet\n|-singleturn|p1b: Brute Bonnet|move: Rage Powder\n|cant|p2a: Flutter Mane|slp\n|move|p2b: Ting-Lu|Body Press|p1b: Brute Bonnet\n|-supereffective|p1b: Brute Bonnet\n|-damage|p1b: Brute Bonnet|19\/100\n|-enditem|p1b: Brute Bonnet|Aguav Berry|[eat]\n|-heal|p1b: Brute Bonnet|52\/100|[from] item: Aguav Berry\n|move|p1a: Dondozo|Liquidation|p2b: Ting-Lu\n|-supereffective|p2b: Ting-Lu\n|-damage|p2b: Ting-Lu|0 fnt\n|faint|p2b: Ting-Lu\n|\n|upkeep\n|turn|7\n|\n|t:|1681687886\n|move|p1b: Brute Bonnet|Rage Powder|p1b: Brute Bonnet\n|-singleturn|p1b: Brute Bonnet|move: Rage Powder\n|cant|p2a: Flutter Mane|slp\n|move|p1a: Dondozo|Liquidation|p2a: Flutter Mane\n|-damage|p2a: Flutter Mane|0 fnt\n|faint|p2a: Flutter Mane\n|-end|p2a: Flutter Mane|Protosynthesis|[silent]\n|\n|win|Steakman5\n|raw|Steakman5's rating: 1194 → 1218<\/strong> (+24 for winning)\n|raw|elmassa45's rating: 1176 → 1152<\/strong> (-24 for losing)\n|l|\u2606elmassa45\n","uploadtime":1681687895,"views":14,"p1id":"steakman5","p2id":"elmassa45","formatid":"gen9vgc2023regulationc","rating":1152,"private":0,"password":""}