{"id":"gen9vgc2023regulationc-1860536790","p1":"xiaoven","p2":"drewby39","format":"[Gen 9] VGC 2023 Regulation C","log":"|j|\u2606xiaoven\n|j|\u2606drewby39\n|t:|1683652617\n|gametype|doubles\n|player|p1|xiaoven|iono|1242\n|player|p2|drewby39|1|1142\n|teamsize|p1|6\n|teamsize|p2|6\n|gen|9\n|tier|[Gen 9] VGC 2023 Regulation C\n|rated|\n|rule|Species Clause: Limit one of each Pok\u00e9mon\n|rule|Item Clause: Limit one of each item\n|clearpoke\n|poke|p1|Glimmora, L50, M|\n|poke|p1|Wo-Chien, L50|\n|poke|p1|Baxcalibur, L50, M|\n|poke|p1|Salamence, L50, M|\n|poke|p1|Great Tusk, L50|\n|poke|p1|Flutter Mane, L50|\n|poke|p2|Klefki, L50, M|\n|poke|p2|Iron Hands, L50|\n|poke|p2|Amoonguss, L50, M|\n|poke|p2|Arcanine, L50, F|\n|poke|p2|Azumarill, L50, F|\n|poke|p2|Flutter Mane, L50|\n|teampreview|4\ndrewby39 has agreed to open team sheets.\nxiaoven has agreed to open team sheets.\n|inactive|Battle timer is ON: inactive players will automatically lose when time's up. (requested by xiaoven)\n|\n|t:|1683652671\n|start\n|switch|p1a: >dies|Glimmora, L50, M, shiny|100\/100\n|switch|p1b: tuskothy|Great Tusk, L50, shiny|100\/100\n|switch|p2a: Klefki|Klefki, L50, M|100\/100\n|switch|p2b: Azumarill|Azumarill, L50, F|100\/100\n|turn|1\n|inactive|drewby39 has 30 seconds left.\n|\n|t:|1683652704\n|-terastallize|p2b: Azumarill|Water\n|move|p1b: tuskothy|Protect|p1b: tuskothy\n|-singleturn|p1b: tuskothy|Protect\n|move|p2a: Klefki|Light Screen|p2a: Klefki\n|-sidestart|p2: drewby39|move: Light Screen\n|move|p2b: Azumarill|Aqua Jet|p1b: tuskothy\n|-activate|p1b: tuskothy|move: Protect\n|move|p1a: >dies|Mortal Spin|p2a: Klefki|[spread] p2b\n|-immune|p2a: Klefki\n|-damage|p2b: Azumarill|96\/100\n|-status|p2b: Azumarill|psn\n|\n|-damage|p2b: Azumarill|84\/100 psn|[from] psn\n|upkeep\n|turn|2\n|\n|t:|1683652728\n|-terastallize|p1b: tuskothy|Grass\n|move|p2a: Klefki|Reflect|p2a: Klefki\n|-sidestart|p2: drewby39|Reflect\n|move|p2b: Azumarill|Aqua Jet|p1a: >dies\n|-supereffective|p1a: >dies\n|-damage|p1a: >dies|2\/100\n|-activate|p1a: >dies|ability: Toxic Debris\n|-sidestart|p2: drewby39|move: Toxic Spikes\n|move|p1b: tuskothy|Headlong Rush|p2a: Klefki\n|-supereffective|p2a: Klefki\n|-damage|p2a: Klefki|0 fnt\n|-unboost|p1b: tuskothy|def|1\n|-unboost|p1b: tuskothy|spd|1\n|faint|p2a: Klefki\n|-damage|p1b: tuskothy|91\/100|[from] item: Life Orb\n|move|p1a: >dies|Energy Ball|p2b: Azumarill\n|-supereffective|p2b: Azumarill\n|-damage|p2b: Azumarill|38\/100 psn\n|\n|-damage|p2b: Azumarill|26\/100 psn|[from] psn\n|upkeep\n|\n|t:|1683652745\n|switch|p2a: Amoonguss|Amoonguss, L50, M|100\/100\n|-sideend|p2: drewby39|move: Toxic Spikes|[of] p2a: Amoonguss\n|turn|3\n|inactive|drewby39 has 30 seconds left.\n|\n|t:|1683652779\n|move|p1a: >dies|Spiky Shield|p1a: >dies\n|-singleturn|p1a: >dies|move: Protect\n|move|p2b: Azumarill|Aqua Jet|p1b: tuskothy\n|-resisted|p1b: tuskothy\n|-damage|p1b: tuskothy|67\/100\n|move|p1b: tuskothy|Headlong Rush|p2b: Azumarill\n|-damage|p2b: Azumarill|0 fnt\n|-unboost|p1b: tuskothy|def|1\n|-unboost|p1b: tuskothy|spd|1\n|faint|p2b: Azumarill\n|-damage|p1b: tuskothy|58\/100|[from] item: Life Orb\n|move|p2a: Amoonguss|Pollen Puff|p2: Azumarill|[notarget]\n|-fail|p2a: Amoonguss\n|\n|upkeep\n|\n|t:|1683652792\n|switch|p2b: Flutter Mane|Flutter Mane, L50|100\/100\n|-enditem|p2b: Flutter Mane|Booster Energy\n|-activate|p2b: Flutter Mane|ability: Protosynthesis|[fromitem]\n|-start|p2b: Flutter Mane|protosynthesisspa\n|turn|4\n|\n|t:|1683652813\n|move|p1b: tuskothy|Protect|p1b: tuskothy\n|-singleturn|p1b: tuskothy|Protect\n|move|p2b: Flutter Mane|Dazzling Gleam|p1b: tuskothy|[spread] p1a\n|-activate|p1b: tuskothy|move: Protect\n|-resisted|p1a: >dies\n|-damage|p1a: >dies|0 fnt\n|faint|p1a: >dies\n|move|p2a: Amoonguss|Pollen Puff|p1b: tuskothy\n|-activate|p1b: tuskothy|move: Protect\n|\n|upkeep\n|\n|t:|1683652823\n|switch|p1a: violencia|Flutter Mane, L50, shiny|100\/100\n|turn|5\n|inactive|xiaoven has 30 seconds left.\n|inactive|drewby39 has 30 seconds left.\n|inactive|drewby39 has 20 seconds left.\n|\n|t:|1683652859\n|-end|p1a: violencia|Protosynthesis|[silent]\n|switch|p1a: snail gaming|Wo-Chien, L50|100\/100\n|-ability|p1a: snail gaming|Tablets of Ruin\n|move|p2b: Flutter Mane|Moonblast|p1b: tuskothy\n|-damage|p1b: tuskothy|0 fnt\n|faint|p1b: tuskothy\n|-end|p1b: tuskothy|Protosynthesis|[silent]\n|move|p2a: Amoonguss|Spore|p1a: snail gaming\n|-immune|p1a: snail gaming\n|\n|upkeep\n|\n|t:|1683652867\n|switch|p1b: violencia|Flutter Mane, L50, shiny|100\/100\n|turn|6\n|\n|t:|1683652878\n|move|p1b: violencia|Shadow Ball|p2b: Flutter Mane\n|-supereffective|p2b: Flutter Mane\n|-damage|p2b: Flutter Mane|19\/100\n|move|p2b: Flutter Mane|Moonblast|p1a: snail gaming\n|-supereffective|p1a: snail gaming\n|-damage|p1a: snail gaming|21\/100\n|-unboost|p1a: snail gaming|spa|1\n|move|p1a: snail gaming|Leech Seed|p2b: Flutter Mane\n|-start|p2b: Flutter Mane|move: Leech Seed\n|move|p2a: Amoonguss|Spore|p1b: violencia\n|-status|p1b: violencia|slp|[from] move: Spore\n|\n|-heal|p1a: snail gaming|27\/100|[from] item: Leftovers\n|-damage|p2b: Flutter Mane|7\/100|[from] Leech Seed|[of] p1a: snail gaming\n|-heal|p1a: snail gaming|36\/100|[silent]\n|upkeep\n|turn|7\n|inactive|drewby39 has 30 seconds left.\n|\n|t:|1683652906\n|move|p1a: snail gaming|Protect|p1a: snail gaming\n|-singleturn|p1a: snail gaming|Protect\n|cant|p1b: violencia|slp\n|move|p2b: Flutter Mane|Moonblast|p1a: snail gaming\n|-activate|p1a: snail gaming|move: Protect\n|move|p2a: Amoonguss|Pollen Puff|p2b: Flutter Mane\n|-heal|p2b: Flutter Mane|56\/100\n|\n|-heal|p1a: snail gaming|41\/100|[from] item: Leftovers\n|-damage|p2b: Flutter Mane|45\/100|[from] Leech Seed|[of] p1a: snail gaming\n|-heal|p1a: snail gaming|50\/100|[silent]\n|upkeep\n|turn|8\n|inactive|drewby39 has 30 seconds left.\n|\n|t:|1683652931\n|move|p1a: snail gaming|Protect|p1a: snail gaming\n|-singleturn|p1a: snail gaming|Protect\n|move|p2a: Amoonguss|Rage Powder|p2a: Amoonguss\n|-singleturn|p2a: Amoonguss|move: Rage Powder\n|cant|p1b: violencia|slp\n|move|p2b: Flutter Mane|Moonblast|p1a: snail gaming\n|-activate|p1a: snail gaming|move: Protect\n|\n|-heal|p1a: snail gaming|56\/100|[from] item: Leftovers\n|-damage|p2b: Flutter Mane|33\/100|[from] Leech Seed|[of] p1a: snail gaming\n|-heal|p1a: snail gaming|65\/100|[silent]\n|-sideend|p2: drewby39|move: Light Screen\n|upkeep\n|turn|9\n|\n|t:|1683652952\n|move|p2b: Flutter Mane|Protect|p2b: Flutter Mane\n|-singleturn|p2b: Flutter Mane|Protect\n|cant|p1b: violencia|slp\n|move|p1a: snail gaming|Ruination|p2a: Amoonguss\n|-damage|p2a: Amoonguss|51\/100\n|move|p2a: Amoonguss|Spore|p1b: violencia\n|-fail|p1b: violencia|slp\n|\n|-heal|p1a: snail gaming|71\/100|[from] item: Leftovers\n|-damage|p2b: Flutter Mane|21\/100|[from] Leech Seed|[of] p1a: snail gaming\n|-heal|p1a: snail gaming|80\/100|[silent]\n|-sideend|p2: drewby39|Reflect\n|upkeep\n|turn|10\n|inactive|xiaoven has 30 seconds left.\n|\n|t:|1683652979\n|move|p2a: Amoonguss|Rage Powder|p2a: Amoonguss\n|-singleturn|p2a: Amoonguss|move: Rage Powder\n|-curestatus|p1b: violencia|slp|[msg]\n|move|p1b: violencia|Shadow Ball|p2a: Amoonguss\n|-damage|p2a: Amoonguss|0 fnt\n|faint|p2a: Amoonguss\n|move|p2b: Flutter Mane|Moonblast|p1a: snail gaming\n|-supereffective|p1a: snail gaming\n|-damage|p1a: snail gaming|0 fnt\n|faint|p1a: snail gaming\n|\n|upkeep\n|turn|11\n|\n|t:|1683652992\n|move|p1b: violencia|Shadow Ball|p2b: Flutter Mane\n|-supereffective|p2b: Flutter Mane\n|-damage|p2b: Flutter Mane|0 fnt\n|faint|p2b: Flutter Mane\n|-end|p2b: Flutter Mane|Protosynthesis|[silent]\n|\n|win|xiaoven\n|raw|xiaoven's rating: 1242 → 1260<\/strong> (+18 for winning)\n|raw|drewby39's rating: 1142 → 1124<\/strong> (-18 for losing)\n|l|\u2606drewby39\n","uploadtime":1683653019,"views":8,"p1id":"xiaoven","p2id":"drewby39","formatid":"gen9vgc2023regulationc","rating":1124,"private":0,"password":""}