{"id":"gen9vgc2023regulationc-1854074515","p1":"finiro","p2":"Acerola4","format":"[Gen 9] VGC 2023 Regulation C","log":"|j|\u2606finiro\n|j|\u2606Acerola4\n|t:|1682764560\n|gametype|doubles\n|player|p1|finiro|gambler|\n|player|p2|Acerola4|169|\n|teamsize|p1|6\n|teamsize|p2|6\n|gen|9\n|tier|[Gen 9] VGC 2023 Regulation C\n|rule|Species Clause: Limit one of each Pok\u00e9mon\n|rule|Item Clause: Limit one of each item\n|clearpoke\n|poke|p1|Iron Bundle, L50|\n|poke|p1|Arcanine, L50, M|\n|poke|p1|Klefki, L50, F|\n|poke|p1|Kingambit, L50, F|\n|poke|p1|Gothorita, L50, F|\n|poke|p1|Scizor, L50, F|\n|poke|p2|Armarouge, L50, M|\n|poke|p2|Indeedee-F, L50, F|\n|poke|p2|Roaring Moon, L50|\n|poke|p2|Mimikyu, L50, M|\n|poke|p2|Spidops, L50, F|\n|poke|p2|Flamigo, L50, M|\n|teampreview|4\n|j| Jstardude\n|j| Gjuxxgg\n|j| jayballester\n|j| ryanogiggs11\n|c|\u2606Acerola4|final battle?\n|c|\u2606finiro|ye\n|\n|t:|1682764680\n|start\n|switch|p1a: Arcanine|Arcanine, L50, M|100\/100\n|switch|p1b: Klefki|Klefki, L50, F|100\/100\n|switch|p2a: Armarouge|Armarouge, L50, M, shiny|100\/100\n|switch|p2b: Indeedee|Indeedee-F, L50, F|100\/100\n|-fieldstart|move: Psychic Terrain|[from] ability: Psychic Surge|[of] p2b: Indeedee\n|-ability|p1a: Arcanine|Intimidate|boost\n|-unboost|p2a: Armarouge|atk|1\n|-unboost|p2b: Indeedee|atk|1\n|turn|1\n|\n|t:|1682764705\n|move|p2b: Indeedee|Helping Hand|p2a: Armarouge\n|-singleturn|p2a: Armarouge|Helping Hand|[of] p2b: Indeedee\n|move|p1a: Arcanine|Snarl|p2b: Indeedee|[spread] p2a,p2b\n|-supereffective|p2a: Armarouge\n|-supereffective|p2b: Indeedee\n|-damage|p2a: Armarouge|88\/100\n|-damage|p2b: Indeedee|84\/100\n|-unboost|p2a: Armarouge|spa|1\n|-unboost|p2b: Indeedee|spa|1\n|move|p2a: Armarouge|Heat Wave|p1b: Klefki|[spread] p1a,p1b\n|-resisted|p1a: Arcanine\n|-supereffective|p1b: Klefki\n|-enditem|p1b: Klefki|Occa Berry|[eat]\n|-enditem|p1b: Klefki|Occa Berry|[weaken]\n|-damage|p1a: Arcanine|87\/100\n|-damage|p1b: Klefki|56\/100\n|-status|p1b: Klefki|brn\n|move|p1b: Klefki|Light Screen|p1b: Klefki\n|-sidestart|p1: finiro|move: Light Screen\n|\n|-heal|p2b: Indeedee|90\/100|[from] item: Leftovers\n|-damage|p1b: Klefki|50\/100 brn|[from] brn\n|upkeep\n|turn|2\n|\n|t:|1682764756\n|switch|p1a: Kingambit|Kingambit, L50, F|100\/100\n|move|p2b: Indeedee|Helping Hand|p2a: Armarouge\n|-singleturn|p2a: Armarouge|Helping Hand|[of] p2b: Indeedee\n|move|p2a: Armarouge|Heat Wave|p1a: Kingambit|[spread] p1a,p1b\n|-supereffective|p1a: Kingambit\n|-supereffective|p1b: Klefki\n|-damage|p1a: Kingambit|48\/100\n|-damage|p1b: Klefki|0 fnt\n|faint|p1b: Klefki\n|\n|-heal|p2b: Indeedee|96\/100|[from] item: Leftovers\n|upkeep\n|\n|t:|1682764767\n|switch|p1b: Arcanine|Arcanine, L50, M|87\/100\n|-ability|p1b: Arcanine|Intimidate|boost\n|-unboost|p2a: Armarouge|atk|1\n|-unboost|p2b: Indeedee|atk|1\n|turn|3\n|\n|t:|1682764828\n|-terastallize|p1a: Kingambit|Fire\n|move|p2b: Indeedee|Reflect|p2b: Indeedee\n|-sidestart|p2: Acerola4|Reflect\n|move|p1b: Arcanine|Snarl|p2b: Indeedee|[spread] p2a,p2b\n|-supereffective|p2a: Armarouge\n|-supereffective|p2b: Indeedee\n|-damage|p2a: Armarouge|75\/100\n|-damage|p2b: Indeedee|81\/100\n|-unboost|p2a: Armarouge|spa|1\n|-unboost|p2b: Indeedee|spa|1\n|move|p2a: Armarouge|Heat Wave|p1b: Arcanine|[spread] p1b\n|-miss|p2a: Armarouge|p1a: Kingambit\n|-resisted|p1b: Arcanine\n|-damage|p1b: Arcanine|81\/100\n|move|p1a: Kingambit|Kowtow Cleave|p2a: Armarouge\n|-supereffective|p2a: Armarouge\n|-damage|p2a: Armarouge|12\/100\n|-ability|p2a: Armarouge|Weak Armor|boost\n|-unboost|p2a: Armarouge|def|1\n|-boost|p2a: Armarouge|spe|2\n|\n|-heal|p2b: Indeedee|88\/100|[from] item: Leftovers\n|upkeep\n|turn|4\n|\n|t:|1682764908\n|switch|p2a: Mimikyu|Mimikyu, L50, M|100\/100\n|switch|p2b: Flamigo|Flamigo, L50, M|100\/100\n|-copyboost|p2b: Flamigo|p2a: Mimikyu|[from] ability: Costar\n|move|p1b: Arcanine|Snarl|p2a: Mimikyu|[spread] p2a,p2b\n|-resisted|p2b: Flamigo\n|-activate|p2a: Mimikyu|ability: Disguise\n|-damage|p2a: Mimikyu|100\/100\n|-damage|p2b: Flamigo|93\/100\n|-unboost|p2a: Mimikyu|spa|1\n|-unboost|p2b: Flamigo|spa|1\n|detailschange|p2a: Mimikyu|Mimikyu-Busted, L50, M\n|-damage|p2a: Mimikyu|88\/100|[from] pokemon: Mimikyu-Busted\n|move|p1a: Kingambit|Kowtow Cleave|p2b: Flamigo\n|-resisted|p2b: Flamigo\n|-damage|p2b: Flamigo|70\/100\n|\n|upkeep\n|turn|5\n|j| LiluziHit\n|\n|t:|1682764969\n|move|p2b: Flamigo|Close Combat|p1a: Kingambit\n|-damage|p1a: Kingambit|6\/100\n|-unboost|p2b: Flamigo|def|1\n|-unboost|p2b: Flamigo|spd|1\n|move|p2a: Mimikyu|Shadow Claw|p1a: Kingambit\n|-damage|p1a: Kingambit|0 fnt\n|faint|p1a: Kingambit\n|-end|p1a: Kingambit|fallenundefined|[silent]\n|-damage|p2a: Mimikyu|78\/100|[from] item: Life Orb\n|move|p1b: Arcanine|Flare Blitz|p2b: Flamigo\n|-damage|p2b: Flamigo|0 fnt\n|faint|p2b: Flamigo\n|-damage|p1b: Arcanine|63\/100|[from] Recoil\n|\n|-sideend|p1: finiro|move: Light Screen\n|-fieldend|move: Psychic Terrain\n|upkeep\n|\n|t:|1682764992\n|switch|p2b: Armarouge|Armarouge, L50, M, shiny|12\/100\n|switch|p1a: Iron Bundle|Iron Bundle, L50|100\/100\n|-enditem|p1a: Iron Bundle|Booster Energy\n|-activate|p1a: Iron Bundle|ability: Quark Drive|[fromitem]\n|-start|p1a: Iron Bundle|quarkdrivespa\n|turn|6\n|l| Jstardude\n|j| Jstardude\n|\n|t:|1682765063\n|switch|p2a: Indeedee|Indeedee-F, L50, F|88\/100\n|-fieldstart|move: Psychic Terrain|[from] ability: Psychic Surge|[of] p2a: Indeedee\n|move|p1b: Arcanine|Extreme Speed|p2b: Armarouge\n|-activate|p2b: Armarouge|move: Psychic Terrain\n|move|p1a: Iron Bundle|Ice Beam|p2b: Armarouge\n|-resisted|p2b: Armarouge\n|-damage|p2b: Armarouge|0 fnt\n|faint|p2b: Armarouge\n|\n|-heal|p2a: Indeedee|94\/100|[from] item: Leftovers\n|upkeep\n|\n|t:|1682765074\n|switch|p2b: Mimikyu|Mimikyu-Busted, L50, M|78\/100\n|turn|7\n|c| Jstardude|I would've brought special arc here\n|c| jayballester|why\n|\n|t:|1682765153\n|-terastallize|p2b: Mimikyu|Ghost\n|move|p1a: Iron Bundle|Protect|p1a: Iron Bundle\n|-singleturn|p1a: Iron Bundle|Protect\n|move|p2a: Indeedee|Follow Me|p2a: Indeedee\n|-singleturn|p2a: Indeedee|move: Follow Me\n|move|p2b: Mimikyu|Shadow Claw|p1a: Iron Bundle\n|-activate|p1a: Iron Bundle|move: Protect\n|move|p1b: Arcanine|Snarl|p2b: Mimikyu|[spread] p2a,p2b\n|-supereffective|p2a: Indeedee\n|-crit|p2a: Indeedee\n|-supereffective|p2b: Mimikyu\n|-damage|p2a: Indeedee|68\/100\n|-damage|p2b: Mimikyu|58\/100\n|-unboost|p2a: Indeedee|spa|1\n|-unboost|p2b: Mimikyu|spa|1\n|\n|-heal|p2a: Indeedee|74\/100|[from] item: Leftovers\n|-sideend|p2: Acerola4|Reflect\n|upkeep\n|turn|8\n|c| Jstardude|The better snarl damage is so much more useful than flare blitz and e speed\n|c| Jstardude|And the base stat ain't bad\n|\n|t:|1682765197\n|move|p1a: Iron Bundle|Ice Beam|p2b: Mimikyu\n|-damage|p2b: Mimikyu|0 fnt\n|faint|p2b: Mimikyu\n|move|p2a: Indeedee|Reflect|p2a: Indeedee\n|-sidestart|p2: Acerola4|Reflect\n|move|p1b: Arcanine|Snarl|p2a: Indeedee\n|-supereffective|p2a: Indeedee\n|-damage|p2a: Indeedee|51\/100\n|-unboost|p2a: Indeedee|spa|1\n|\n|-heal|p2a: Indeedee|58\/100|[from] item: Leftovers\n|upkeep\n|turn|9\n|c| Jstardude|Only 10 pts lower\n|c|\u2606Acerola4|ggwp\n|-message|Acerola4 forfeited.\n|\n|win|finiro\n|c| jayballester|nooo\n|c|\u2606finiro|ggs\n|l| LiluziHit\n|c| jayballester|don't forfeit next time, play it out\n|c| jayballester|for stats\n|c| ryanogiggs11|Every masked game ending like this hahaha\n|c|\u2606Acerola4|ahh sorry\n|c|\u2606Acerola4|i had all status\n|c|\u2606finiro|arcanine would have killed\n|c| jayballester|k\n|c|\u2606finiro|if thats any help for stats\n|c|\u2606Acerola4|ye\n","uploadtime":1682765366,"views":20,"p1id":"finiro","p2id":"acerola4","formatid":"gen9vgc2023regulationc","rating":0,"private":0,"password":""}