{"id":"gen9vgc2023regulationc-1853148256","p1":"Gadiel_VaStar","p2":"TayoW_","format":"[Gen 9] VGC 2023 Regulation C","log":"|j|\u2606Gadiel_VaStar\n|j|\u2606TayoW_\n|t:|1682641054\n|gametype|doubles\n|player|p1|Gadiel_VaStar|jasmine|1221\n|player|p2|TayoW_|iris|1126\n|teamsize|p1|6\n|teamsize|p2|6\n|gen|9\n|tier|[Gen 9] VGC 2023 Regulation C\n|rated|\n|rule|Species Clause: Limit one of each Pok\u00e9mon\n|rule|Item Clause: Limit one of each item\n|clearpoke\n|poke|p1|Flamigo, L50, M|\n|poke|p1|Dondozo, L50, M|\n|poke|p1|Tatsugiri-Stretchy, L50, M|\n|poke|p1|Scream Tail, L50|\n|poke|p1|Wo-Chien, L50|\n|poke|p1|Cloyster, L50, M|\n|poke|p2|Dragapult, L50, M|\n|poke|p2|Chien-Pao, L50|\n|poke|p2|Glimmora, L50, F|\n|poke|p2|Palafin, L50, M|\n|poke|p2|Rotom-Wash, L50|\n|poke|p2|Amoonguss, L50, M|\n|teampreview|4\nTayoW_ has agreed to open team sheets.\n|inactive|Battle timer is ON: inactive players will automatically lose when time's up. (requested by Gadiel_VaStar)\nGadiel_VaStar rejected open team sheets.\n|\n|t:|1682641167\n|start\n|switch|p1a: Scream Tail|Scream Tail, L50|100\/100\n|switch|p1b: Cloyster|Cloyster, L50, M, shiny|100\/100\n|switch|p2a: Glimmora|Glimmora, L50, F|100\/100\n|switch|p2b: Palafin|Palafin, L50, M|100\/100\n|-enditem|p1a: Scream Tail|Booster Energy\n|-activate|p1a: Scream Tail|ability: Protosynthesis|[fromitem]\n|-start|p1a: Scream Tail|protosynthesisspe\n|turn|1\n|inactive|TayoW_ has 30 seconds left.\n|inactive|TayoW_ has 20 seconds left.\n|inactive|TayoW_ has 15 seconds left.\n|\n|t:|1682641210\n|detailschange|p2b: Palafin|Palafin-Hero, L50, M\n|switch|p2b: Amoonguss|Amoonguss, L50, M|100\/100\n|move|p2a: Glimmora|Spiky Shield|p2a: Glimmora\n|-singleturn|p2a: Glimmora|move: Protect\n|move|p1a: Scream Tail|Light Screen|p1a: Scream Tail\n|-sidestart|p1: Gadiel_VaStar|move: Light Screen\n|move|p1b: Cloyster|Shell Smash|p1b: Cloyster\n|-unboost|p1b: Cloyster|def|1\n|-unboost|p1b: Cloyster|spd|1\n|-boost|p1b: Cloyster|atk|2\n|-boost|p1b: Cloyster|spa|2\n|-boost|p1b: Cloyster|spe|2\n|-enditem|p1b: Cloyster|White Herb\n|-clearnegativeboost|p1b: Cloyster|[silent]\n|\n|upkeep\n|turn|2\n|inactive|Gadiel_VaStar has 30 seconds left.\n|inactive|TayoW_ has 30 seconds left.\n|\n|t:|1682641244\n|-end|p1a: Scream Tail|Protosynthesis|[silent]\n|switch|p1a: Flamigo|Flamigo, L50, M, shiny|100\/100\n|-copyboost|p1a: Flamigo|p1b: Cloyster|[from] ability: Costar\n|-terastallize|p2a: Glimmora|Grass\n|move|p2b: Amoonguss|Rage Powder|p2b: Amoonguss\n|-singleturn|p2b: Amoonguss|move: Rage Powder\n|move|p1b: Cloyster|Icicle Spear|p2b: Amoonguss\n|-supereffective|p2b: Amoonguss\n|-damage|p2b: Amoonguss|54\/100\n|-supereffective|p2b: Amoonguss\n|-damage|p2b: Amoonguss|15\/100\n|-enditem|p2b: Amoonguss|Iapapa Berry|[eat]\n|-heal|p2b: Amoonguss|48\/100|[from] item: Iapapa Berry\n|-supereffective|p2b: Amoonguss\n|-damage|p2b: Amoonguss|10\/100\n|-supereffective|p2b: Amoonguss\n|-damage|p2b: Amoonguss|0 fnt\n|faint|p2b: Amoonguss\n|-hitcount|p2: Amoonguss|4\n|move|p2a: Glimmora|Power Gem|p1b: Cloyster\n|-supereffective|p1b: Cloyster\n|-damage|p1b: Cloyster|0 fnt\n|faint|p1b: Cloyster\n|\n|upkeep\n|inactive|Gadiel_VaStar has 30 seconds left.\n|\n|t:|1682641275\n|switch|p1b: Wo-Chien|Wo-Chien, L50|100\/100\n|switch|p2b: Palafin|Palafin-Hero, L50, M|100\/100\n|-activate|p2b: Palafin|ability: Zero to Hero\n|-ability|p1b: Wo-Chien|Tablets of Ruin\n|turn|3\n|inactive|Gadiel_VaStar has 30 seconds left.\n|inactive|TayoW_ has 30 seconds left.\n|\n|t:|1682641307\n|move|p2a: Glimmora|Spiky Shield|p2a: Glimmora\n|-singleturn|p2a: Glimmora|move: Protect\n|move|p1a: Flamigo|Fling|p2b: Palafin\n|-damage|p2b: Palafin|86\/100\n|-enditem|p1a: Flamigo|King's Rock|[from] move: Fling\n|cant|p2b: Palafin|flinch\n|move|p1b: Wo-Chien|Pollen Puff|p2a: Glimmora\n|-activate|p2a: Glimmora|move: Protect\n|\n|upkeep\n|turn|4\n|inactive|Gadiel_VaStar has 30 seconds left.\n|inactive|TayoW_ has 30 seconds left.\n|inactive|Gadiel_VaStar has 20 seconds left.\n|inactive|TayoW_ has 20 seconds left.\n|inactive|TayoW_ has 15 seconds left.\n|inactive|TayoW_ has 10 seconds left.\n|inactive|TayoW_ has 5 seconds left.\n|\n|t:|1682641358\n|switch|p2a: Dragapult|Dragapult, L50, M|100\/100\n|-terastallize|p1a: Flamigo|Flying\n|move|p1a: Flamigo|Acrobatics|p2b: Palafin\n|-damage|p2b: Palafin|0 fnt\n|faint|p2b: Palafin\n|move|p1b: Wo-Chien|Pollen Puff|p1a: Flamigo\n|-immune|p1a: Flamigo\n|\n|upkeep\n|\n|t:|1682641369\n|switch|p2b: Glimmora|Glimmora, L50, F, tera:Grass|100\/100\n|turn|5\n|inactive|Gadiel_VaStar has 30 seconds left.\n|\n|t:|1682641396\n|move|p2b: Glimmora|Spiky Shield|p2b: Glimmora\n|-singleturn|p2b: Glimmora|move: Protect\n|move|p1a: Flamigo|Acrobatics|p2a: Dragapult\n|-damage|p2a: Dragapult|0 fnt\n|faint|p2a: Dragapult\n|move|p1b: Wo-Chien|Pollen Puff|p1a: Flamigo\n|-immune|p1a: Flamigo\n|\n|-sideend|p1: Gadiel_VaStar|move: Light Screen\n|upkeep\n|turn|6\n|\n|t:|1682641414\n|move|p1a: Flamigo|Acrobatics|p2b: Glimmora\n|-supereffective|p2b: Glimmora\n|-damage|p2b: Glimmora|0 fnt\n|-activate|p2b: Glimmora|ability: Toxic Debris\n|-sidestart|p1: Gadiel_VaStar|move: Toxic Spikes\n|faint|p2b: Glimmora\n|\n|win|Gadiel_VaStar\n|raw|Gadiel_VaStar's rating: 1221 → 1239<\/strong> (+18 for winning)\n|raw|TayoW_'s rating: 1126 → 1108<\/strong> (-18 for losing)\n|l|\u2606TayoW_\n|l|\u2606Gadiel_VaStar\n|j|\u2606Gadiel_VaStar\n|player|p1|Gadiel_VaStar|jasmine\n","uploadtime":1682641435,"views":7,"p1id":"gadielvastar","p2id":"tayow","formatid":"gen9vgc2023regulationc","rating":1108,"private":0,"password":""}