{"id":"gen9vgc2023regulationc-1863164267","p1":"fakepghater","p2":"Winnie1906","format":"[Gen 9] VGC 2023 Regulation C","log":"|j|\u2606fakepghater\n|j|\u2606Winnie1906\n|t:|1683982255\n|gametype|doubles\n|player|p1|fakepghater|youngster-gen4dp|\n|player|p2|Winnie1906|psychic-lgpe|\n|teamsize|p1|6\n|teamsize|p2|6\n|gen|9\n|tier|[Gen 9] VGC 2023 Regulation C\n|rated|Tournament battle\n|rule|Species Clause: Limit one of each Pok\u00e9mon\n|rule|Item Clause: Limit one of each item\n|clearpoke\n|poke|p1|Chien-Pao, L50|\n|poke|p1|Arcanine, L50, F|\n|poke|p1|Amoonguss, L50, M|\n|poke|p1|Palafin, L50, M|\n|poke|p1|Dragonite, L50, F|\n|poke|p1|Annihilape, L50, M|\n|poke|p2|Indeedee-F, L50, F|\n|poke|p2|Hatterene, L50, F|\n|poke|p2|Cetitan, L50, M|\n|poke|p2|Torkoal, L50, F|\n|poke|p2|Gyarados, L50, F|\n|poke|p2|Dragonite, L50, F|\n|teampreview|4\n|raw| Open Team Sheet for fakepghater<\/summary>Chien-Pao @ Focus Sash Ability: Sword of Ruin Level: 50 Tera Type: Ghost - Sucker Punch - Sacred Sword - Ice Spinner - Protect Arcanine @ Safety Goggles Ability: Intimidate Level: 50 Tera Type: Normal - Flare Blitz - Will-O-Wisp - Extreme Speed - Howl Amoonguss @ Occa Berry Ability: Regenerator Level: 50 Tera Type: Steel - Protect - Rage Powder - Spore - Pollen Puff Palafin @ Mystic Water Ability: Zero to Hero Level: 50 Tera Type: Water - Protect - Haze - Wave Crash - Jet Punch Dragonite @ Lum Berry Ability: Multiscale Level: 50 Tera Type: Flying - Dragon Dance - Tera Blast - Stomping Tantrum - Extreme Speed Annihilape @ Assault Vest Ability: Defiant Level: 50 Tera Type: Fire - Rage Fist - Drain Punch - Thunder Punch - Phantom Force <\/details><\/div> Open Team Sheet for Winnie1906<\/summary>Indeedee (Indeedee-F) (F) @ Mental Herb Ability: Synchronize Level: 50 Tera Type: Ghost - Follow Me - Fake Out - Trick Room - Helping Hand Hatterene (F) @ Life Orb Ability: Magic Bounce Level: 50 Tera Type: Steel - Dazzling Gleam - Psychic - Skill Swap - Trick Room Cetitan @ Sitrus Berry Ability: Thick Fat Level: 50 Tera Type: Poison - Ice Shard - Earthquake - Belly Drum - Protect Torkoal @ Charcoal Ability: Drought Level: 50 Tera Type: Flying - Eruption - Heat Wave - Helping Hand - Protect Gyarados @ Aguav Berry Ability: Intimidate Level: 50 Tera Type: Grass - Waterfall - Thunder Wave - Helping Hand - Taunt Dragonite @ Choice Band Ability: Multiscale Level: 50 Tera Type: Normal - Extreme Speed - Outrage - Stomping Tantrum - Aerial Ace <\/details><\/div>\n|inactive|Battle timer is ON: inactive players will automatically lose when time's up. (requested by fakepghater)\n|j| Quickfire93\n|inactive|Winnie1906 has 60 seconds left.\n|inactive|Winnie1906 has 30 seconds left.\n|inactive|Winnie1906 has 20 seconds left.\n|inactive|Winnie1906 has 15 seconds left.\n|inactive|Winnie1906 has 10 seconds left.\n|\n|t:|1683982388\n|start\n|switch|p1a: Chien-Pao|Chien-Pao, L50|100\/100\n|switch|p1b: Palafin|Palafin, L50, M|100\/100\n|switch|p2a: Indeedee|Indeedee-F, L50, F|100\/100\n|switch|p2b: Cetitan|Cetitan, L50, M|100\/100\n|-ability|p1a: Chien-Pao|Sword of Ruin\n|turn|1\n|\n|t:|1683982412\n|detailschange|p1b: Palafin|Palafin-Hero, L50, M\n|switch|p1b: Arcanine|Arcanine, L50, F|100\/100\n|-ability|p1b: Arcanine|Intimidate|boost\n|-unboost|p2a: Indeedee|atk|1\n|-unboost|p2b: Cetitan|atk|1\n|move|p2a: Indeedee|Fake Out|p1a: Chien-Pao\n|-damage|p1a: Chien-Pao|93\/100\n|cant|p1a: Chien-Pao|flinch\n|move|p2b: Cetitan|Belly Drum|p2b: Cetitan\n|-damage|p2b: Cetitan|50\/100\n|-setboost|p2b: Cetitan|atk|6|[from] move: Belly Drum\n|-enditem|p2b: Cetitan|Sitrus Berry|[eat]\n|-heal|p2b: Cetitan|75\/100|[from] item: Sitrus Berry\n|\n|upkeep\n|turn|2\n|j| PoppyPearly\n|inactive|Winnie1906 has 30 seconds left.\n|\n|t:|1683982441\n|-terastallize|p2b: Cetitan|Poison\n|move|p2b: Cetitan|Ice Shard|p1a: Chien-Pao\n|-resisted|p1a: Chien-Pao\n|-damage|p1a: Chien-Pao|32\/100\n|move|p1a: Chien-Pao|Ice Spinner|p2a: Indeedee\n|-damage|p2a: Indeedee|49\/100\n|move|p1b: Arcanine|Flare Blitz|p2a: Indeedee\n|-damage|p2a: Indeedee|0 fnt\n|faint|p2a: Indeedee\n|-damage|p1b: Arcanine|86\/100|[from] Recoil\n|\n|upkeep\n|\n|t:|1683982458\n|switch|p2a: Hatterene|Hatterene, L50, F|100\/100\n|turn|3\n|\n|t:|1683982467\n|move|p1b: Arcanine|Extreme Speed|p2b: Cetitan\n|-damage|p2b: Cetitan|52\/100\n|move|p1a: Chien-Pao|Sucker Punch|p2b: Cetitan\n|-damage|p2b: Cetitan|11\/100\n|move|p2b: Cetitan|Ice Shard|p1a: Chien-Pao\n|-resisted|p1a: Chien-Pao\n|-damage|p1a: Chien-Pao|0 fnt\n|faint|p1a: Chien-Pao\n|move|p2a: Hatterene|Trick Room|p2a: Hatterene\n|-fieldstart|move: Trick Room|[of] p2a: Hatterene\n|\n|upkeep\n|\n|t:|1683982476\n|switch|p1a: Palafin|Palafin-Hero, L50, M|100\/100\n|-activate|p1a: Palafin|ability: Zero to Hero\n|turn|4\n|\n|t:|1683982488\n|-terastallize|p1a: Palafin|Water\n|move|p2b: Cetitan|Protect|p2b: Cetitan\n|-singleturn|p2b: Cetitan|Protect\n|move|p1b: Arcanine|Extreme Speed|p2b: Cetitan\n|-activate|p2b: Cetitan|move: Protect\n|move|p1a: Palafin|Jet Punch|p2a: Hatterene\n|-damage|p2a: Hatterene|24\/100\n|move|p2a: Hatterene|Dazzling Gleam|p1a: Palafin|[spread] p1a,p1b\n|-resisted|p1b: Arcanine\n|-damage|p1a: Palafin|53\/100\n|-damage|p1b: Arcanine|61\/100\n|-damage|p2a: Hatterene|14\/100|[from] item: Life Orb\n|\n|upkeep\n|turn|5\n|inactive|Winnie1906 has 30 seconds left.\n|\n|t:|1683982521\n|move|p2b: Cetitan|Protect|p2b: Cetitan\n|-singleturn|p2b: Cetitan|Protect\n|move|p1b: Arcanine|Extreme Speed|p2b: Cetitan\n|-activate|p2b: Cetitan|move: Protect\n|move|p1a: Palafin|Jet Punch|p2b: Cetitan\n|-activate|p2b: Cetitan|move: Protect\n|move|p2a: Hatterene|Dazzling Gleam|p1a: Palafin|[spread] p1a,p1b\n|-resisted|p1b: Arcanine\n|-damage|p1a: Palafin|9\/100\n|-damage|p1b: Arcanine|37\/100\n|-damage|p2a: Hatterene|4\/100|[from] item: Life Orb\n|\n|upkeep\n|turn|6\n|inactive|Winnie1906 has 30 seconds left.\n|inactive|Winnie1906 has 20 seconds left.\n|inactive|Winnie1906 has 15 seconds left.\n|inactive|Winnie1906 has 10 seconds left.\n|l| Quickfire93\n|inactive|Winnie1906 has 5 seconds left.\n|\n|t:|1683982572\n|switch|p2b: Torkoal|Torkoal, L50, F|100\/100\n|-weather|SunnyDay|[from] ability: Drought|[of] p2b: Torkoal\n|move|p1b: Arcanine|Extreme Speed|p2b: Torkoal\n|-damage|p2b: Torkoal|85\/100\n|move|p1a: Palafin|Jet Punch|p2b: Torkoal\n|-supereffective|p2b: Torkoal\n|-damage|p2b: Torkoal|39\/100\n|move|p2a: Hatterene|Dazzling Gleam|p1b: Arcanine|[spread] p1a,p1b\n|-resisted|p1b: Arcanine\n|-damage|p1a: Palafin|0 fnt\n|-damage|p1b: Arcanine|13\/100\n|faint|p1a: Palafin\n|-damage|p2a: Hatterene|0 fnt|[from] item: Life Orb\n|faint|p2a: Hatterene\n|\n|-weather|SunnyDay|[upkeep]\n|upkeep\n|j| Quickfire93\n|\n|t:|1683982587\n|switch|p2a: Cetitan|Cetitan, L50, M, tera:Poison|11\/100\n|switch|p1a: Annihilape|Annihilape, L50, M|100\/100\n|turn|7\n|\n|t:|1683982599\n|move|p2a: Cetitan|Protect|p2a: Cetitan\n|-singleturn|p2a: Cetitan|Protect\n|move|p1b: Arcanine|Extreme Speed|p2a: Cetitan\n|-activate|p2a: Cetitan|move: Protect\n|move|p2b: Torkoal|Heat Wave|p1a: Annihilape|[spread] p1a,p1b\n|-resisted|p1b: Arcanine\n|-damage|p1a: Annihilape|72\/100\n|-damage|p1b: Arcanine|0 fnt\n|faint|p1b: Arcanine\n|move|p1a: Annihilape|Rage Fist|p2b: Torkoal\n|-damage|p2b: Torkoal|5\/100\n|\n|-weather|SunnyDay|[upkeep]\n|-fieldend|move: Trick Room\n|upkeep\n|turn|8\n|inactive|Winnie1906 has 30 seconds left.\n|\n|t:|1683982629\n|move|p2b: Torkoal|Helping Hand|p2a: Cetitan\n|-singleturn|p2a: Cetitan|Helping Hand|[of] p2b: Torkoal\n|move|p1a: Annihilape|Rage Fist|p2a: Cetitan\n|-damage|p2a: Cetitan|0 fnt\n|faint|p2a: Cetitan\n|\n|-weather|SunnyDay|[upkeep]\n|upkeep\n|turn|9\n|\n|t:|1683982636\n|move|p1a: Annihilape|Rage Fist|p2b: Torkoal\n|-damage|p2b: Torkoal|0 fnt\n|faint|p2b: Torkoal\n|\n|win|fakepghater\n|n|\u2606fakepghater|fakepghater\n|n|\u2606Winnie1906|winnie1906\n|n| PoppyPearly|poppypearly\n|n| Quickfire93|quickfire93\n","uploadtime":1683982637,"views":11,"p1id":"fakepghater","p2id":"winnie1906","formatid":"gen9vgc2023regulationc","rating":0,"private":0,"password":""}