{"id":"gen9vgc2023regulationc-1858334181","p1":"Reece924","p2":"Millamojake","format":"[Gen 9] VGC 2023 Regulation C","log":"|j|\u2606Reece924\n|j|\u2606Millamojake\n|t:|1683302937\n|gametype|doubles\n|player|p1|Reece924|1|1290\n|player|p2|Millamojake|alder|1308\n|teamsize|p1|6\n|teamsize|p2|6\n|gen|9\n|tier|[Gen 9] VGC 2023 Regulation C\n|rated|\n|rule|Species Clause: Limit one of each Pok\u00e9mon\n|rule|Item Clause: Limit one of each item\n|clearpoke\n|poke|p1|Farigiraf, L50, F|\n|poke|p1|Iron Hands, L50|\n|poke|p1|Baxcalibur, L50, M|\n|poke|p1|Garganacl, L50, F|\n|poke|p1|Abomasnow, L50, M|\n|poke|p1|Iron Moth, L50|\n|poke|p2|Pelipper, L50, M|\n|poke|p2|Palafin, L50, F|\n|poke|p2|Tinkaton, L50, F|\n|poke|p2|Chien-Pao, L50|\n|poke|p2|Gholdengo, L50|\n|poke|p2|Iron Hands, L50|\n|teampreview|4\n|inactive|Battle timer is ON: inactive players will automatically lose when time's up. (requested by Millamojake)\n|inactive|Millamojake has 60 seconds left.\n|\n|t:|1683302975\n|start\n|switch|p1a: Farigiraf|Farigiraf, L50, F|100\/100\n|switch|p1b: Iron Hands|Iron Hands, L50|100\/100\n|switch|p2a: Pelipper|Pelipper, L50, M, shiny|100\/100\n|switch|p2b: Palafin|Palafin, L50, F, shiny|100\/100\n|-weather|RainDance|[from] ability: Drizzle|[of] p2a: Pelipper\n|turn|1\n|inactive|Reece924 has 30 seconds left.\n|inactive|Millamojake has 30 seconds left.\n|\n|t:|1683303007\n|detailschange|p2b: Palafin|Palafin-Hero, L50, F, shiny\n|switch|p2b: Gholdengo|Gholdengo, L50|100\/100\n|move|p2a: Pelipper|Protect|p2a: Pelipper\n|-singleturn|p2a: Pelipper|Protect\n|move|p1b: Iron Hands|Fake Out|p2a: Pelipper\n|-activate|p2a: Pelipper|move: Protect\n|move|p1a: Farigiraf|Trick Room|p1a: Farigiraf\n|-fieldstart|move: Trick Room|[of] p1a: Farigiraf\n|\n|-weather|RainDance|[upkeep]\n|upkeep\n|turn|2\n|\n|t:|1683303028\n|switch|p2a: Tinkaton|Tinkaton, L50, F, shiny|100\/100\n|-ability|p2a: Tinkaton|Mold Breaker\n|move|p1b: Iron Hands|Thunder Punch|p2b: Gholdengo\n|-damage|p2b: Gholdengo|52\/100\n|move|p1a: Farigiraf|Hyper Voice|p2b: Gholdengo|[spread] p2a\n|-immune|p2b: Gholdengo\n|-resisted|p2a: Tinkaton\n|-damage|p2a: Tinkaton|91\/100\n|-enditem|p1a: Farigiraf|Throat Spray\n|-boost|p1a: Farigiraf|spa|1|[from] item: Throat Spray\n|move|p2b: Gholdengo|Nasty Plot|p2b: Gholdengo\n|-boost|p2b: Gholdengo|spa|2\n|\n|-weather|RainDance|[upkeep]\n|upkeep\n|turn|3\n|\n|t:|1683303049\n|move|p2b: Gholdengo|Protect|p2b: Gholdengo\n|-singleturn|p2b: Gholdengo|Protect\n|move|p1b: Iron Hands|Thunder Punch|p2b: Gholdengo\n|-activate|p2b: Gholdengo|move: Protect\n|move|p1a: Farigiraf|Dazzling Gleam|p2b: Gholdengo|[spread] p2a\n|-activate|p2b: Gholdengo|move: Protect\n|-resisted|p2a: Tinkaton\n|-damage|p2a: Tinkaton|83\/100\n|move|p2a: Tinkaton|Thunder Wave|p1a: Farigiraf\n|-status|p1a: Farigiraf|par\n|\n|-weather|RainDance|[upkeep]\n|upkeep\n|turn|4\n|inactive|Millamojake has 30 seconds left.\n|\n|t:|1683303076\n|move|p1a: Farigiraf|Dazzling Gleam|p2b: Gholdengo|[spread] p2a,p2b\n|-resisted|p2a: Tinkaton\n|-resisted|p2b: Gholdengo\n|-damage|p2a: Tinkaton|74\/100\n|-damage|p2b: Gholdengo|40\/100\n|move|p1b: Iron Hands|Thunder Punch|p2b: Gholdengo\n|-damage|p2b: Gholdengo|0 fnt\n|faint|p2b: Gholdengo\n|move|p2a: Tinkaton|Play Rough|p1b: Iron Hands\n|-supereffective|p1b: Iron Hands\n|-damage|p1b: Iron Hands|70\/100\n|\n|-weather|RainDance|[upkeep]\n|upkeep\n|\n|t:|1683303089\n|switch|p2b: Pelipper|Pelipper, L50, M, shiny|100\/100\n|turn|5\n|\n|t:|1683303102\n|move|p2b: Pelipper|Protect|p2b: Pelipper\n|-singleturn|p2b: Pelipper|Protect\n|move|p1a: Farigiraf|Dazzling Gleam|p2a: Tinkaton|[spread] p2a\n|-activate|p2b: Pelipper|move: Protect\n|-resisted|p2a: Tinkaton\n|-damage|p2a: Tinkaton|66\/100\n|move|p1b: Iron Hands|Drain Punch|p2a: Tinkaton\n|-damage|p2a: Tinkaton|13\/100\n|-heal|p1b: Iron Hands|89\/100|[from] drain|[of] p2a: Tinkaton\n|-enditem|p2a: Tinkaton|Sitrus Berry|[eat]\n|-heal|p2a: Tinkaton|38\/100|[from] item: Sitrus Berry\n|move|p2a: Tinkaton|Gigaton Hammer|p1a: Farigiraf\n|-damage|p1a: Farigiraf|61\/100 par\n|\n|-weather|RainDance|[upkeep]\n|-fieldend|move: Trick Room\n|upkeep\n|turn|6\n|inactive|Reece924 has 30 seconds left.\n|inactive|Millamojake has 30 seconds left.\n|\n|t:|1683303134\n|-terastallize|p2b: Pelipper|Steel\n|move|p2b: Pelipper|Hurricane|p1b: Iron Hands\n|-damage|p1b: Iron Hands|56\/100\n|-start|p1b: Iron Hands|confusion\n|move|p2a: Tinkaton|Play Rough|p1b: Iron Hands|[miss]\n|-miss|p2a: Tinkaton|p1b: Iron Hands\n|-activate|p1b: Iron Hands|confusion\n|-damage|p1b: Iron Hands|45\/100|[from] confusion\n|move|p1a: Farigiraf|Trick Room|p1a: Farigiraf\n|-fieldstart|move: Trick Room|[of] p1a: Farigiraf\n|\n|-weather|RainDance|[upkeep]\n|upkeep\n|turn|7\n|\n|t:|1683303157\n|move|p2b: Pelipper|Protect|p2b: Pelipper\n|-singleturn|p2b: Pelipper|Protect\n|move|p1a: Farigiraf|Dazzling Gleam|p2a: Tinkaton|[spread] p2a\n|-activate|p2b: Pelipper|move: Protect\n|-resisted|p2a: Tinkaton\n|-damage|p2a: Tinkaton|30\/100\n|-activate|p1b: Iron Hands|confusion\n|move|p1b: Iron Hands|Drain Punch|p2b: Pelipper\n|-activate|p2b: Pelipper|move: Protect\n|move|p2a: Tinkaton|Play Rough|p1b: Iron Hands\n|-supereffective|p1b: Iron Hands\n|-crit|p1b: Iron Hands\n|-damage|p1b: Iron Hands|0 fnt\n|faint|p1b: Iron Hands\n|-end|p1b: Iron Hands|Quark Drive|[silent]\n|\n|-weather|RainDance|[upkeep]\n|upkeep\n|\n|t:|1683303171\n|switch|p1b: Baxcalibur|Baxcalibur, L50, M|100\/100\n|turn|8\n|\n|t:|1683303192\n|-terastallize|p1b: Baxcalibur|Ground\n|move|p1a: Farigiraf|Dazzling Gleam|p2a: Tinkaton|[spread] p2a,p2b\n|-resisted|p2a: Tinkaton\n|-resisted|p2b: Pelipper\n|-damage|p2a: Tinkaton|21\/100\n|-damage|p2b: Pelipper|78\/100\n|move|p1b: Baxcalibur|Stomping Tantrum|p2b: Pelipper\n|-supereffective|p2b: Pelipper\n|-damage|p2b: Pelipper|0 fnt\n|faint|p2b: Pelipper\n|move|p2a: Tinkaton|Gigaton Hammer|p1b: Baxcalibur\n|-damage|p1b: Baxcalibur|56\/100\n|\n|-weather|none\n|upkeep\n|\n|t:|1683303202\n|switch|p2b: Palafin|Palafin-Hero, L50, F, shiny|100\/100\n|-activate|p2b: Palafin|ability: Zero to Hero\n|turn|9\n|\n|t:|1683303217\n|move|p2b: Palafin|Protect|p2b: Palafin\n|-singleturn|p2b: Palafin|Protect\n|cant|p1a: Farigiraf|par\n|move|p1b: Baxcalibur|Stomping Tantrum|p2b: Palafin\n|-activate|p2b: Palafin|move: Protect\n|move|p2a: Tinkaton|Play Rough|p1b: Baxcalibur\n|-damage|p1b: Baxcalibur|30\/100\n|\n|upkeep\n|turn|10\n|\n|t:|1683303236\n|cant|p1a: Farigiraf|par\n|move|p1b: Baxcalibur|Stomping Tantrum|p2b: Palafin\n|-damage|p2b: Palafin|57\/100\n|move|p2a: Tinkaton|Gigaton Hammer|p1b: Baxcalibur\n|-damage|p1b: Baxcalibur|0 fnt\n|faint|p1b: Baxcalibur\n|move|p2b: Palafin|Wave Crash|p1a: Farigiraf\n|-damage|p1a: Farigiraf|0 fnt\n|faint|p1a: Farigiraf\n|-damage|p2b: Palafin|35\/100|[from] Recoil\n|\n|-fieldend|move: Trick Room\n|upkeep\n|\n|t:|1683303250\n|switch|p1a: Abomasnow|Abomasnow, L50, M|100\/100\n|-weather|Snow|[from] ability: Snow Warning|[of] p1a: Abomasnow\n|turn|11\n|\n|t:|1683303264\n|move|p2b: Palafin|Protect|p2b: Palafin\n|-singleturn|p2b: Palafin|Protect\n|move|p2a: Tinkaton|Thunder Wave|p1a: Abomasnow\n|-status|p1a: Abomasnow|par\n|move|p1a: Abomasnow|Blizzard|p2b: Palafin|[spread] p2a\n|-activate|p2b: Palafin|move: Protect\n|-resisted|p2a: Tinkaton\n|-damage|p2a: Tinkaton|8\/100\n|\n|-weather|Snow|[upkeep]\n|upkeep\n|turn|12\n|\n|t:|1683303276\n|move|p2b: Palafin|Wave Crash|p1a: Abomasnow\n|-resisted|p1a: Abomasnow\n|-damage|p1a: Abomasnow|63\/100 par\n|-damage|p2b: Palafin|24\/100|[from] Recoil\n|move|p2a: Tinkaton|Gigaton Hammer|p1a: Abomasnow\n|-supereffective|p1a: Abomasnow\n|-damage|p1a: Abomasnow|0 fnt\n|faint|p1a: Abomasnow\n|\n|win|Millamojake\n|raw|Reece924's rating: 1290 → 1266<\/strong> (-24 for losing)\n|raw|Millamojake's rating: 1308 → 1327<\/strong> (+19 for winning)\n","uploadtime":1683303285,"views":6,"p1id":"reece924","p2id":"millamojake","formatid":"gen9vgc2023regulationc","rating":1266,"private":0,"password":""}