{"id":"gen9vgc2023regulationc-1862917814","p1":"thebluejae","p2":"RIPTheDollarMenu","format":"[Gen 9] VGC 2023 Regulation C","log":"|j|\u2606thebluejae\n|j|\u2606RIPTheDollarMenu\n|t:|1683938192\n|gametype|doubles\n|player|p1|thebluejae|dawn|1212\n|player|p2|RIPTheDollarMenu|waiter-gen4|1310\n|teamsize|p1|6\n|teamsize|p2|6\n|gen|9\n|tier|[Gen 9] VGC 2023 Regulation C\n|rated|\n|rule|Species Clause: Limit one of each Pok\u00e9mon\n|rule|Item Clause: Limit one of each item\n|clearpoke\n|poke|p1|Iron Bundle, L50|\n|poke|p1|Chi-Yu, L50|\n|poke|p1|Gyarados, L50, F|\n|poke|p1|Brute Bonnet, L50|\n|poke|p1|Flutter Mane, L50|\n|poke|p1|Garchomp, L50, F|\n|poke|p2|Tyranitar, L50, F|\n|poke|p2|Garchomp, L50, F|\n|poke|p2|Scream Tail, L50|\n|poke|p2|Corviknight, L50, M|\n|poke|p2|Gyarados, L50, M|\n|poke|p2|Iron Hands, L50|\n|teampreview|4\n|inactive|Battle timer is ON: inactive players will automatically lose when time's up. (requested by RIPTheDollarMenu)\n|\n|t:|1683938221\n|start\n|switch|p1a: Brute Bonnet|Brute Bonnet, L50|100\/100\n|switch|p1b: Chi-Yu|Chi-Yu, L50|100\/100\n|switch|p2a: Beholder|Scream Tail, L50, shiny|100\/100\n|switch|p2b: Genie|Iron Hands, L50, shiny|100\/100\n|-ability|p1b: Chi-Yu|Beads of Ruin\n|-enditem|p2a: Beholder|Booster Energy\n|-activate|p2a: Beholder|ability: Protosynthesis|[fromitem]\n|-start|p2a: Beholder|protosynthesisspe\n|turn|1\n|j| A Borygon\n|\n|t:|1683938246\n|-terastallize|p1b: Chi-Yu|Ghost\n|move|p2b: Genie|Fake Out|p1a: Brute Bonnet\n|-damage|p1a: Brute Bonnet|86\/100\n|move|p1b: Chi-Yu|Heat Wave|p2a: Beholder|[spread] p2a,p2b\n|-damage|p2a: Beholder|68\/100\n|-damage|p2b: Genie|59\/100\n|move|p2a: Beholder|Thunder Wave|p1b: Chi-Yu|[miss]\n|-miss|p2a: Beholder|p1b: Chi-Yu\n|cant|p1a: Brute Bonnet|flinch\n|\n|upkeep\n|turn|2\n|\n|t:|1683938268\n|move|p1a: Brute Bonnet|Rage Powder|p1a: Brute Bonnet\n|-singleturn|p1a: Brute Bonnet|move: Rage Powder\n|move|p1b: Chi-Yu|Heat Wave|p2b: Genie|[spread] p2a,p2b\n|-damage|p2a: Beholder|34\/100\n|-damage|p2b: Genie|16\/100\n|-status|p2a: Beholder|brn\n|-enditem|p2b: Genie|Sitrus Berry|[eat]\n|-heal|p2b: Genie|40\/100|[from] item: Sitrus Berry\n|move|p2a: Beholder|Thunder Wave|p1a: Brute Bonnet|[miss]\n|-miss|p2a: Beholder|p1a: Brute Bonnet\n|move|p2b: Genie|Drain Punch|p1a: Brute Bonnet\n|-supereffective|p1a: Brute Bonnet\n|-damage|p1a: Brute Bonnet|20\/100\n|-heal|p2b: Genie|70\/100|[from] drain|[of] p1a: Brute Bonnet\n|\n|-damage|p2a: Beholder|29\/100 brn|[from] brn\n|upkeep\n|turn|3\n|inactive|RIPTheDollarMenu has 30 seconds left.\n|\n|t:|1683938296\n|move|p2b: Genie|Protect|p2b: Genie\n|-singleturn|p2b: Genie|Protect\n|move|p1a: Brute Bonnet|Sucker Punch||[still]\n|-fail|p1a: Brute Bonnet\n|move|p1b: Chi-Yu|Heat Wave|p2a: Beholder|[spread] p2a\n|-activate|p2b: Genie|move: Protect\n|-damage|p2a: Beholder|0 fnt\n|faint|p2a: Beholder\n|-end|p2a: Beholder|Protosynthesis|[silent]\n|\n|upkeep\n|\n|t:|1683938305\n|switch|p2a: Leviathan|Gyarados, L50, M|100\/100\n|-ability|p2a: Leviathan|Intimidate|boost\n|-unboost|p1a: Brute Bonnet|atk|1\n|-unboost|p1b: Chi-Yu|atk|1\n|turn|4\n|inactive|RIPTheDollarMenu has 30 seconds left.\n|\n|t:|1683938340\n|move|p2a: Leviathan|Protect|p2a: Leviathan\n|-singleturn|p2a: Leviathan|Protect\n|move|p1a: Brute Bonnet|Sucker Punch|p2b: Genie\n|-resisted|p2b: Genie\n|-damage|p2b: Genie|61\/100\n|move|p1b: Chi-Yu|Heat Wave|p2a: Leviathan|[spread] \n|-activate|p2a: Leviathan|move: Protect\n|-miss|p1b: Chi-Yu|p2b: Genie\n|move|p2b: Genie|Drain Punch|p1a: Brute Bonnet\n|-supereffective|p1a: Brute Bonnet\n|-damage|p1a: Brute Bonnet|0 fnt\n|-heal|p2b: Genie|70\/100|[from] drain|[of] p1a: Brute Bonnet\n|faint|p1a: Brute Bonnet\n|-end|p1a: Brute Bonnet|Protosynthesis|[silent]\n|\n|upkeep\n|\n|t:|1683938359\n|switch|p1a: Flutter Mane|Flutter Mane, L50|100\/100\n|turn|5\n|inactive|RIPTheDollarMenu has 30 seconds left.\n|inactive|RIPTheDollarMenu has 20 seconds left.\n|\n|t:|1683938399\n|-terastallize|p2a: Leviathan|Flying\n|move|p1b: Chi-Yu|Heat Wave|p2a: Leviathan|[spread] p2a,p2b\n|-damage|p2a: Leviathan|62\/100\n|-damage|p2b: Genie|29\/100\n|move|p1a: Flutter Mane|Dazzling Gleam|p2b: Genie|[spread] p2a,p2b\n|-supereffective|p2b: Genie\n|-damage|p2a: Leviathan|23\/100\n|-damage|p2b: Genie|0 fnt\n|faint|p2b: Genie\n|-end|p2b: Genie|Quark Drive|[silent]\n|-damage|p1a: Flutter Mane|91\/100|[from] item: Life Orb\n|move|p2a: Leviathan|Tera Blast|p1b: Chi-Yu\n|-damage|p1b: Chi-Yu|25\/100\n|\n|-heal|p2a: Leviathan|30\/100|[from] item: Leftovers\n|upkeep\n|\n|t:|1683938412\n|switch|p2b: Corviknight|Corviknight, L50, M|100\/100\n|turn|6\n|\n|t:|1683938420\n|move|p2a: Leviathan|Protect|p2a: Leviathan\n|-singleturn|p2a: Leviathan|Protect\n|move|p1b: Chi-Yu|Heat Wave|p2a: Leviathan|[spread] \n|-activate|p2a: Leviathan|move: Protect\n|-miss|p1b: Chi-Yu|p2b: Corviknight\n|move|p1a: Flutter Mane|Thunderbolt|p2b: Corviknight\n|-supereffective|p2b: Corviknight\n|-damage|p2b: Corviknight|8\/100\n|-damage|p1a: Flutter Mane|81\/100|[from] item: Life Orb\n|move|p2b: Corviknight|Brave Bird|p1b: Chi-Yu\n|-damage|p1b: Chi-Yu|0 fnt\n|faint|p1b: Chi-Yu\n|-damage|p2b: Corviknight|2\/100|[from] Recoil\n|\n|-heal|p2a: Leviathan|36\/100|[from] item: Leftovers\n|upkeep\n|\n|t:|1683938436\n|switch|p1b: Gyarados|Gyarados, L50, F|100\/100\n|-ability|p1b: Gyarados|Intimidate|boost\n|-unboost|p2a: Leviathan|atk|1\n|-ability|p2b: Corviknight|Mirror Armor\n|-unboost|p1b: Gyarados|atk|1\n|turn|7\n|c|\u2606RIPTheDollarMenu|gg\n|c|\u2606thebluejae|gg\n|\n|t:|1683938448\n|move|p1a: Flutter Mane|Dazzling Gleam|p2a: Leviathan|[spread] p2a,p2b\n|-resisted|p2b: Corviknight\n|-damage|p2a: Leviathan|6\/100\n|-damage|p2b: Corviknight|0 fnt\n|faint|p2b: Corviknight\n|-damage|p1a: Flutter Mane|71\/100|[from] item: Life Orb\n|move|p2a: Leviathan|Tera Blast|p1a: Flutter Mane\n|-damage|p1a: Flutter Mane|24\/100\n|move|p1b: Gyarados|Waterfall|p2a: Leviathan\n|-damage|p2a: Leviathan|0 fnt\n|faint|p2a: Leviathan\n|\n|win|thebluejae\n|raw|thebluejae's rating: 1212 → 1244<\/strong> (+32 for winning)\n|raw|RIPTheDollarMenu's rating: 1310 → 1285<\/strong> (-25 for losing)\n","uploadtime":1683938455,"views":11,"p1id":"thebluejae","p2id":"ripthedollarmenu","formatid":"gen9vgc2023regulationc","rating":1244,"private":0,"password":""}