{"id":"gen9vgc2023regulationc-1854385264","p1":"Abugbog","p2":"Eselprimo","format":"[Gen 9] VGC 2023 Regulation C","log":"|j|\u2606Abugbog\n|j|\u2606Eselprimo\n|t:|1682804287\n|gametype|doubles\n|player|p1|Abugbog|266|1179\n|player|p2|Eselprimo|1|1094\n|teamsize|p1|6\n|teamsize|p2|6\n|gen|9\n|tier|[Gen 9] VGC 2023 Regulation C\n|rated|\n|rule|Species Clause: Limit one of each Pok\u00e9mon\n|rule|Item Clause: Limit one of each item\n|clearpoke\n|poke|p1|Chien-Pao, L50|\n|poke|p1|Dragonite, L50, M|\n|poke|p1|Drednaw, L50, M|\n|poke|p1|Pelipper, L50, M|\n|poke|p1|Dondozo, L50, M|\n|poke|p1|Tatsugiri-Droopy, L50, M|\n|poke|p2|Brute Bonnet, L50|\n|poke|p2|Goodra, L50, F|\n|poke|p2|Gyarados, L50, F|\n|poke|p2|Scizor, L50, M|\n|poke|p2|Pelipper, L50, M|\n|poke|p2|Dragonite, L50, M|\n|teampreview|4\n|\n|t:|1682804347\n|start\n|switch|p1a: Drednaw|Drednaw, L50, M, shiny|100\/100\n|switch|p1b: Pelipper|Pelipper, L50, M|100\/100\n|switch|p2a: Goodra|Goodra, L50, F|100\/100\n|switch|p2b: Gyarados|Gyarados, L50, F|100\/100\n|-weather|RainDance|[from] ability: Drizzle|[of] p1b: Pelipper\n|-ability|p2b: Gyarados|Intimidate|boost\n|-unboost|p1a: Drednaw|atk|1\n|-unboost|p1b: Pelipper|atk|1\n|turn|1\n|\n|t:|1682804375\n|move|p1a: Drednaw|Rock Slide|p2a: Goodra|[spread] p2a,p2b\n|-supereffective|p2b: Gyarados\n|-damage|p2a: Goodra|76\/100\n|-damage|p2b: Gyarados|54\/100\n|-damage|p1a: Drednaw|91\/100|[from] item: Life Orb\n|move|p1b: Pelipper|Hurricane|p2a: Goodra\n|-damage|p2a: Goodra|54\/100\n|cant|p2b: Gyarados|flinch\n|move|p2a: Goodra|Thunderbolt|p1b: Pelipper\n|-supereffective|p1b: Pelipper\n|-damage|p1b: Pelipper|0 fnt\n|faint|p1b: Pelipper\n|\n|-weather|RainDance|[upkeep]\n|upkeep\n|\n|t:|1682804402\n|switch|p1b: Tatsugiri|Tatsugiri-Droopy, L50, M|100\/100\n|turn|2\n|\n|t:|1682804422\n|move|p1a: Drednaw|Rock Slide|p2a: Goodra|[spread] p2a,p2b\n|-supereffective|p2b: Gyarados\n|-damage|p2a: Goodra|30\/100\n|-damage|p2b: Gyarados|0 fnt\n|faint|p2b: Gyarados\n|-damage|p1a: Drednaw|81\/100|[from] item: Life Orb\n|move|p1b: Tatsugiri|Dragon Pulse|p2a: Goodra\n|-supereffective|p2a: Goodra\n|-damage|p2a: Goodra|0 fnt\n|faint|p2a: Goodra\n|\n|-weather|RainDance|[upkeep]\n|upkeep\n|\n|t:|1682804438\n|switch|p2a: Dragonite|Dragonite, L50, M|100\/100\n|switch|p2b: Brute Bonnet|Brute Bonnet, L50|100\/100\n|turn|3\n|\n|t:|1682804486\n|switch|p1a: Dondozo|Dondozo, L50, M|100\/100\n|-activate|p1b: Tatsugiri|ability: Commander|[of] p1a: Dondozo\n|-boost|p1a: Dondozo|atk|2\n|-boost|p1a: Dondozo|spa|2\n|-boost|p1a: Dondozo|spe|2\n|-boost|p1a: Dondozo|def|2\n|-boost|p1a: Dondozo|spd|2\n|-terastallize|p2a: Dragonite|Normal\n|move|p2a: Dragonite|Tailwind|p2a: Dragonite\n|-sidestart|p2: Eselprimo|move: Tailwind\n|move|p2b: Brute Bonnet|Bullet Seed|p1a: Dondozo\n|-supereffective|p1a: Dondozo\n|-damage|p1a: Dondozo|92\/100\n|-supereffective|p1a: Dondozo\n|-damage|p1a: Dondozo|82\/100\n|-supereffective|p1a: Dondozo\n|-damage|p1a: Dondozo|74\/100\n|-supereffective|p1a: Dondozo\n|-crit|p1a: Dondozo\n|-damage|p1a: Dondozo|45\/100\n|-supereffective|p1a: Dondozo\n|-damage|p1a: Dondozo|35\/100\n|-hitcount|p1a: Dondozo|5\n|\n|-weather|RainDance|[upkeep]\n|-heal|p1a: Dondozo|42\/100|[from] item: Leftovers\n|upkeep\n|turn|4\n|\n|t:|1682804521\n|-terastallize|p1a: Dondozo|Steel\n|move|p2a: Dragonite|Extreme Speed|p1a: Dondozo\n|-resisted|p1a: Dondozo\n|-damage|p1a: Dondozo|34\/100\n|move|p1a: Dondozo|Order Up|p2a: Dragonite\n|-damage|p2a: Dragonite|78\/100\n|-boost|p1a: Dondozo|def|1\n|move|p2b: Brute Bonnet|Bullet Seed|p1a: Dondozo\n|-resisted|p1a: Dondozo\n|-damage|p1a: Dondozo|33\/100\n|-resisted|p1a: Dondozo\n|-damage|p1a: Dondozo|30\/100\n|-resisted|p1a: Dondozo\n|-crit|p1a: Dondozo\n|-damage|p1a: Dondozo|24\/100\n|-resisted|p1a: Dondozo\n|-damage|p1a: Dondozo|22\/100\n|-resisted|p1a: Dondozo\n|-damage|p1a: Dondozo|20\/100\n|-hitcount|p1a: Dondozo|5\n|\n|-weather|RainDance|[upkeep]\n|-heal|p1a: Dondozo|26\/100|[from] item: Leftovers\n|upkeep\n|turn|5\n|\n|t:|1682804565\n|move|p2a: Dragonite|Extreme Speed|p1a: Dondozo\n|-resisted|p1a: Dondozo\n|-damage|p1a: Dondozo|20\/100\n|move|p1a: Dondozo|Order Up|p2a: Dragonite\n|-damage|p2a: Dragonite|33\/100\n|-boost|p1a: Dondozo|def|1\n|move|p2b: Brute Bonnet|Spore|p1a: Dondozo\n|-status|p1a: Dondozo|slp|[from] move: Spore\n|\n|-weather|RainDance|[upkeep]\n|-heal|p1a: Dondozo|26\/100 slp|[from] item: Leftovers\n|upkeep\n|turn|6\n|\n|t:|1682804586\n|move|p2a: Dragonite|Extreme Speed|p1a: Dondozo\n|-resisted|p1a: Dondozo\n|-damage|p1a: Dondozo|22\/100 slp\n|cant|p1a: Dondozo|slp\n|move|p2b: Brute Bonnet|Bullet Seed|p1a: Dondozo\n|-resisted|p1a: Dondozo\n|-damage|p1a: Dondozo|20\/100 slp\n|-resisted|p1a: Dondozo\n|-damage|p1a: Dondozo|18\/100 slp\n|-resisted|p1a: Dondozo\n|-damage|p1a: Dondozo|17\/100 slp\n|-resisted|p1a: Dondozo\n|-damage|p1a: Dondozo|15\/100 slp\n|-resisted|p1a: Dondozo\n|-damage|p1a: Dondozo|13\/100 slp\n|-hitcount|p1a: Dondozo|5\n|\n|-weather|RainDance|[upkeep]\n|-heal|p1a: Dondozo|20\/100 slp|[from] item: Leftovers\n|-sideend|p2: Eselprimo|move: Tailwind\n|upkeep\n|turn|7\n|\n|t:|1682804613\n|cant|p1a: Dondozo|slp\n|move|p2a: Dragonite|Extreme Speed|p1a: Dondozo\n|-resisted|p1a: Dondozo\n|-damage|p1a: Dondozo|15\/100 slp\n|move|p2b: Brute Bonnet|Bullet Seed|p1a: Dondozo\n|-resisted|p1a: Dondozo\n|-damage|p1a: Dondozo|13\/100 slp\n|-resisted|p1a: Dondozo\n|-damage|p1a: Dondozo|12\/100 slp\n|-resisted|p1a: Dondozo\n|-damage|p1a: Dondozo|10\/100 slp\n|-resisted|p1a: Dondozo\n|-damage|p1a: Dondozo|8\/100 slp\n|-resisted|p1a: Dondozo\n|-damage|p1a: Dondozo|7\/100 slp\n|-hitcount|p1a: Dondozo|5\n|\n|-weather|RainDance|[upkeep]\n|-heal|p1a: Dondozo|13\/100 slp|[from] item: Leftovers\n|upkeep\n|turn|8\n|\n|t:|1682804632\n|-curestatus|p1a: Dondozo|slp|[msg]\n|move|p1a: Dondozo|Protect|p1a: Dondozo\n|-singleturn|p1a: Dondozo|Protect\n|move|p2a: Dragonite|Extreme Speed|p1a: Dondozo\n|-activate|p1a: Dondozo|move: Protect\n|move|p2b: Brute Bonnet|Bullet Seed|p1a: Dondozo\n|-activate|p1a: Dondozo|move: Protect\n|\n|-weather|none\n|-heal|p1a: Dondozo|19\/100|[from] item: Leftovers\n|upkeep\n|turn|9\n|-message|Eselprimo forfeited.\n|\n|win|Abugbog\n|raw|Abugbog's rating: 1179 → 1198<\/strong> (+19 for winning)\n|raw|Eselprimo's rating: 1094 → 1076<\/strong> (-18 for losing)\n|l|\u2606Eselprimo\n","uploadtime":1682804658,"views":12,"p1id":"abugbog","p2id":"eselprimo","formatid":"gen9vgc2023regulationc","rating":1076,"private":0,"password":""}