{"id":"gen9vgc2023regulationc-1849330841","p1":"davidbob32","p2":"123datastage123","format":"[Gen 9] VGC 2023 Regulation C","log":"|j|\u2606davidbob32\n|j|\u2606123datastage123\n|t:|1682186675\n|gametype|doubles\n|player|p1|davidbob32|169|1244\n|player|p2|123datastage123|n|1305\n|teamsize|p1|6\n|teamsize|p2|6\n|gen|9\n|tier|[Gen 9] VGC 2023 Regulation C\n|rated|\n|rule|Species Clause: Limit one of each Pok\u00e9mon\n|rule|Item Clause: Limit one of each item\n|clearpoke\n|poke|p1|Gastrodon-East, L50, F|\n|poke|p1|Chi-Yu, L50|\n|poke|p1|Iron Bundle, L50|\n|poke|p1|Corviknight, L50, F|\n|poke|p1|Ceruledge, L50, M|\n|poke|p1|Great Tusk, L50|\n|poke|p2|Ting-Lu, L50|\n|poke|p2|Palafin, L50, F|\n|poke|p2|Flutter Mane, L50|\n|poke|p2|Arcanine, L50, M|\n|poke|p2|Amoonguss, L50, F|\n|poke|p2|Corviknight, L50, F|\n|teampreview|4\n|inactive|Battle timer is ON: inactive players will automatically lose when time's up. (requested by 123datastage123)\n|inactive|davidbob32 also wants the timer to be on.\ndavidbob32 has agreed to open team sheets.\n|inactive|123datastage123 has 60 seconds left.\n|inactive|123datastage123 has 30 seconds left.\n|\n|t:|1682186737\n|start\n|switch|p1a: Corviknight|Corviknight, L50, F|100\/100\n|switch|p1b: Iron Bundle|Iron Bundle, L50|100\/100\n|switch|p2a: Arcanine|Arcanine, L50, M|100\/100\n|switch|p2b: Palafin|Palafin, L50, F|100\/100\n|-ability|p2a: Arcanine|Intimidate|boost\n|-ability|p1a: Corviknight|Mirror Armor\n|-unboost|p2a: Arcanine|atk|1\n|-unboost|p1b: Iron Bundle|atk|1\n|-enditem|p1b: Iron Bundle|Booster Energy\n|-activate|p1b: Iron Bundle|ability: Quark Drive|[fromitem]\n|-start|p1b: Iron Bundle|quarkdrivespe\n|turn|1\n|inactive|davidbob32 has 30 seconds left.\n|inactive|123datastage123 has 30 seconds left.\n|inactive|davidbob32 has 20 seconds left.\n|inactive|123datastage123 has 20 seconds left.\n|inactive|davidbob32 has 15 seconds left.\n|inactive|davidbob32 has 10 seconds left.\n|inactive|davidbob32 has 5 seconds left.\n|\n|t:|1682186787\n|detailschange|p2b: Palafin|Palafin-Hero, L50, F\n|switch|p2b: Corviknight|Corviknight, L50, F|100\/100\n|switch|p1a: Chi-Yu|Chi-Yu, L50|100\/100\n|-ability|p1a: Chi-Yu|Beads of Ruin\n|move|p1b: Iron Bundle|Hydro Pump|p2a: Arcanine|[miss]\n|-miss|p1b: Iron Bundle|p2a: Arcanine\n|move|p2a: Arcanine|Will-O-Wisp|p1a: Chi-Yu\n|-immune|p1a: Chi-Yu\n|\n|upkeep\n|turn|2\n|inactive|davidbob32 has 30 seconds left.\n|inactive|123datastage123 has 30 seconds left.\n|inactive|123datastage123 has 20 seconds left.\n|inactive|123datastage123 has 15 seconds left.\n|\n|t:|1682186831\n|-terastallize|p2b: Corviknight|Fire\n|move|p2a: Arcanine|Extreme Speed|p1b: Iron Bundle\n|-damage|p1b: Iron Bundle|82\/100\n|move|p1b: Iron Bundle|Freeze-Dry|p2b: Corviknight\n|-resisted|p2b: Corviknight\n|-damage|p2b: Corviknight|81\/100\n|move|p1a: Chi-Yu|Heat Wave|p2a: Arcanine|[spread] p2a,p2b\n|-resisted|p2a: Arcanine\n|-resisted|p2b: Corviknight\n|-damage|p2a: Arcanine|72\/100\n|-damage|p2b: Corviknight|57\/100\n|move|p2b: Corviknight|Iron Head|p1b: Iron Bundle\n|-damage|p1b: Iron Bundle|44\/100\n|\n|upkeep\n|turn|3\n|inactive|123datastage123 has 30 seconds left.\n|inactive|123datastage123 has 20 seconds left.\n|inactive|123datastage123 has 15 seconds left.\n|\n|t:|1682186874\n|move|p1b: Iron Bundle|Hydro Pump|p2b: Corviknight\n|-supereffective|p2b: Corviknight\n|-damage|p2b: Corviknight|0 fnt\n|faint|p2b: Corviknight\n|move|p1a: Chi-Yu|Heat Wave|p2a: Arcanine\n|-resisted|p2a: Arcanine\n|-damage|p2a: Arcanine|33\/100\n|move|p2a: Arcanine|Flare Blitz|p1a: Chi-Yu\n|-resisted|p1a: Chi-Yu\n|-damage|p1a: Chi-Yu|72\/100\n|-damage|p2a: Arcanine|26\/100|[from] Recoil\n|\n|upkeep\n|\n|t:|1682186883\n|switch|p2b: Palafin|Palafin-Hero, L50, F|100\/100\n|-activate|p2b: Palafin|ability: Zero to Hero\n|turn|4\n|inactive|123datastage123 has 30 seconds left.\n|inactive|123datastage123 has 20 seconds left.\n|\n|t:|1682186922\n|switch|p1a: Gastrodon|Gastrodon-East, L50, F|100\/100\n|move|p2a: Arcanine|Extreme Speed|p1b: Iron Bundle\n|-damage|p1b: Iron Bundle|25\/100\n|move|p2b: Palafin|Jet Punch|p1a: Gastrodon\n|-ability|p1a: Gastrodon|Storm Drain|boost\n|-boost|p1a: Gastrodon|spa|1\n|move|p1b: Iron Bundle|Hydro Pump|p1a: Gastrodon\n|-activate|p1a: Gastrodon|ability: Storm Drain\n|-ability|p1a: Gastrodon|Storm Drain|boost\n|-boost|p1a: Gastrodon|spa|1\n|\n|upkeep\n|turn|5\n|\n|t:|1682186946\n|-end|p1b: Iron Bundle|Quark Drive|[silent]\n|switch|p1b: Chi-Yu|Chi-Yu, L50|72\/100\n|-ability|p1b: Chi-Yu|Beads of Ruin\n|switch|p2b: Flutter Mane|Flutter Mane, L50, shiny|100\/100\n|-enditem|p2b: Flutter Mane|Booster Energy\n|-activate|p2b: Flutter Mane|ability: Protosynthesis|[fromitem]\n|-start|p2b: Flutter Mane|protosynthesisspa\n|move|p2a: Arcanine|Extreme Speed|p1b: Chi-Yu\n|-damage|p1b: Chi-Yu|46\/100\n|move|p1a: Gastrodon|Muddy Water|p2b: Flutter Mane|[spread] p2a,p2b\n|-supereffective|p2a: Arcanine\n|-damage|p2a: Arcanine|0 fnt\n|-damage|p2b: Flutter Mane|27\/100\n|faint|p2a: Arcanine\n|\n|upkeep\n|\n|t:|1682186961\n|switch|p2a: Palafin|Palafin-Hero, L50, F|100\/100\n|turn|6\n|inactive|123datastage123 has 30 seconds left.\n|\n|t:|1682186986\n|-terastallize|p1a: Gastrodon|Fire\n|move|p1b: Chi-Yu|Dark Pulse|p2a: Palafin\n|-damage|p2a: Palafin|36\/100\n|move|p2b: Flutter Mane|Moonblast|p1b: Chi-Yu\n|-damage|p1b: Chi-Yu|0 fnt\n|faint|p1b: Chi-Yu\n|move|p2a: Palafin|Haze|p2a: Palafin\n|-clearallboost\n|move|p1a: Gastrodon|Earth Power|p2b: Flutter Mane\n|-damage|p2b: Flutter Mane|0 fnt\n|faint|p2b: Flutter Mane\n|-end|p2b: Flutter Mane|Protosynthesis|[silent]\n|\n|upkeep\n|-message|123datastage123 forfeited.\n|\n|win|davidbob32\n|raw|davidbob32's rating: 1244 → 1273<\/strong> (+29 for winning)\n|raw|123datastage123's rating: 1305 → 1282<\/strong> (-23 for losing)\n","uploadtime":1682187001,"views":6,"p1id":"davidbob32","p2id":"123datastage123","formatid":"gen9vgc2023regulationc","rating":1273,"private":0,"password":""}