{"id":"gen9vgc2023regulationc-1863347237","p1":"Jigglyjoe13","p2":"Insertable194","format":"[Gen 9] VGC 2023 Regulation C","log":"|j|\u2606Jigglyjoe13\n|j|\u2606Insertable194\n|t:|1684005444\n|gametype|doubles\n|player|p1|Jigglyjoe13|red|1366\n|player|p2|Insertable194|hilbert-wonderlauncher|1365\n|teamsize|p1|6\n|teamsize|p2|6\n|gen|9\n|tier|[Gen 9] VGC 2023 Regulation C\n|rated|\n|rule|Species Clause: Limit one of each Pok\u00e9mon\n|rule|Item Clause: Limit one of each item\n|clearpoke\n|poke|p1|Wo-Chien, L50|\n|poke|p1|Chi-Yu, L50|\n|poke|p1|Abomasnow, L50, M|\n|poke|p1|Iron Bundle, L50|\n|poke|p1|Magnezone, L50|\n|poke|p1|Iron Valiant, L50|\n|poke|p2|Ting-Lu, L50|\n|poke|p2|Palafin, L50, F|\n|poke|p2|Amoonguss, L50, M|\n|poke|p2|Arcanine, L50, M|\n|poke|p2|Flutter Mane, L50|\n|poke|p2|Iron Hands, L50|\n|teampreview|4\n|inactive|Battle timer is ON: inactive players will automatically lose when time's up. (requested by Jigglyjoe13)\nInsertable194 has agreed to open team sheets.\n|inactive|Jigglyjoe13 has 60 seconds left.\n|inactive|Insertable194 has 60 seconds left.\n|j| Therazer456\n|inactive|Insertable194 has 30 seconds left.\n|\n|t:|1684005508\n|start\n|switch|p1a: Iron Bundle|Iron Bundle, L50|100\/100\n|switch|p1b: Chi-Yu|Chi-Yu, L50|100\/100\n|switch|p2a: Ting-Lu|Ting-Lu, L50|100\/100\n|switch|p2b: Iron Hands|Iron Hands, L50|100\/100\n|-ability|p1b: Chi-Yu|Beads of Ruin\n|-ability|p2a: Ting-Lu|Vessel of Ruin\n|turn|1\n|inactive|Jigglyjoe13 has 30 seconds left.\n|inactive|Insertable194 has 30 seconds left.\n|\n|t:|1684005539\n|-end|p1a: Iron Bundle|Quark Drive|[silent]\n|switch|p1a: Wo-Chien|Wo-Chien, L50|100\/100\n|-ability|p1a: Wo-Chien|Tablets of Ruin\n|move|p1b: Chi-Yu|Protect|p1b: Chi-Yu\n|-singleturn|p1b: Chi-Yu|Protect\n|move|p2b: Iron Hands|Drain Punch|p1a: Wo-Chien\n|-supereffective|p1a: Wo-Chien\n|-damage|p1a: Wo-Chien|34\/100\n|move|p2a: Ting-Lu|Stomping Tantrum|p1b: Chi-Yu\n|-activate|p1b: Chi-Yu|move: Protect\n|\n|upkeep\n|turn|2\n|inactive|Jigglyjoe13 has 30 seconds left.\n|\n|t:|1684005564\n|-terastallize|p1b: Chi-Yu|Grass\n|move|p1b: Chi-Yu|Nasty Plot|p1b: Chi-Yu\n|-boost|p1b: Chi-Yu|spa|2\n|move|p1a: Wo-Chien|Ruination|p2b: Iron Hands\n|-damage|p2b: Iron Hands|50\/100\n|move|p2b: Iron Hands|Drain Punch|p1a: Wo-Chien\n|-supereffective|p1a: Wo-Chien\n|-damage|p1a: Wo-Chien|0 fnt\n|-heal|p2b: Iron Hands|64\/100|[from] drain|[of] p1a: Wo-Chien\n|faint|p1a: Wo-Chien\n|move|p2a: Ting-Lu|Stomping Tantrum|p1b: Chi-Yu\n|-resisted|p1b: Chi-Yu\n|-damage|p1b: Chi-Yu|83\/100\n|\n|upkeep\n|\n|t:|1684005581\n|switch|p1a: Magnezone|Magnezone, L50|100\/100\n|-item|p1a: Magnezone|Air Balloon\n|turn|3\n|\n|t:|1684005599\n|-terastallize|p2b: Iron Hands|Fire\n|move|p1a: Magnezone|Protect|p1a: Magnezone\n|-singleturn|p1a: Magnezone|Protect\n|move|p1b: Chi-Yu|Heat Wave|p2b: Iron Hands|[spread] p2a,p2b\n|-resisted|p2b: Iron Hands\n|-damage|p2a: Ting-Lu|69\/100\n|-damage|p2b: Iron Hands|38\/100\n|-status|p2a: Ting-Lu|brn\n|move|p2b: Iron Hands|Drain Punch|p1b: Chi-Yu\n|-damage|p1b: Chi-Yu|33\/100\n|-heal|p2b: Iron Hands|56\/100|[from] drain|[of] p1b: Chi-Yu\n|-enditem|p1b: Chi-Yu|Sitrus Berry|[eat]\n|-heal|p1b: Chi-Yu|57\/100|[from] item: Sitrus Berry\n|move|p2a: Ting-Lu|Ruination|p1a: Magnezone\n|-activate|p1a: Magnezone|move: Protect\n|\n|-damage|p2a: Ting-Lu|62\/100 brn|[from] brn\n|upkeep\n|turn|4\n|inactive|Jigglyjoe13 has 30 seconds left.\n|inactive|Insertable194 has 30 seconds left.\n|inactive|Jigglyjoe13 has 20 seconds left.\n|inactive|Insertable194 has 20 seconds left.\n|\n|t:|1684005637\n|move|p2b: Iron Hands|Protect|p2b: Iron Hands\n|-singleturn|p2b: Iron Hands|Protect\n|move|p1b: Chi-Yu|Heat Wave|p2b: Iron Hands|[spread] p2a\n|-activate|p2b: Iron Hands|move: Protect\n|-damage|p2a: Ting-Lu|29\/100 brn\n|move|p1a: Magnezone|Thunderbolt|p2b: Iron Hands\n|-activate|p2b: Iron Hands|move: Protect\n|move|p2a: Ting-Lu|Ruination|p1a: Magnezone\n|-damage|p1a: Magnezone|51\/100\n|-enditem|p1a: Magnezone|Air Balloon\n|\n|-damage|p2a: Ting-Lu|23\/100 brn|[from] brn\n|upkeep\n|turn|5\n|inactive|Jigglyjoe13 has 30 seconds left.\n|inactive|Insertable194 has 30 seconds left.\n|\n|t:|1684005668\n|-end|p2b: Iron Hands|Quark Drive|[silent]\n|switch|p2b: Arcanine|Arcanine, L50, M|100\/100\n|-ability|p2b: Arcanine|Intimidate|boost\n|-unboost|p1a: Magnezone|atk|1\n|-unboost|p1b: Chi-Yu|atk|1\n|move|p1b: Chi-Yu|Heat Wave|p2a: Ting-Lu|[spread] p2a,p2b\n|-resisted|p2b: Arcanine\n|-damage|p2a: Ting-Lu|0 fnt\n|-damage|p2b: Arcanine|64\/100\n|faint|p2a: Ting-Lu\n|move|p1a: Magnezone|Thunderbolt|p2b: Arcanine\n|-damage|p2b: Arcanine|0 fnt\n|faint|p2b: Arcanine\n|\n|upkeep\n|\n|t:|1684005682\n|switch|p2b: Flutter Mane|Flutter Mane, L50|100\/100\n|switch|p2a: Iron Hands|Iron Hands, L50, tera:Fire|56\/100\n|turn|6\n|inactive|Jigglyjoe13 has 30 seconds left.\n|inactive|Jigglyjoe13 has 20 seconds left.\n|\n|t:|1684005721\n|move|p1b: Chi-Yu|Protect|p1b: Chi-Yu\n|-singleturn|p1b: Chi-Yu|Protect\n|move|p2b: Flutter Mane|Shadow Ball|p1a: Magnezone\n|-damage|p1a: Magnezone|0 fnt\n|faint|p1a: Magnezone\n|move|p2a: Iron Hands|Drain Punch|p1b: Chi-Yu\n|-activate|p1b: Chi-Yu|move: Protect\n|\n|upkeep\n|\n|t:|1684005730\n|switch|p1a: Iron Bundle|Iron Bundle, L50|100\/100\n|turn|7\n|\n|t:|1684005752\n|move|p1a: Iron Bundle|Icy Wind|p2b: Flutter Mane|[spread] p2a,p2b\n|-resisted|p2a: Iron Hands\n|-damage|p2a: Iron Hands|38\/100\n|-damage|p2b: Flutter Mane|63\/100\n|-unboost|p2a: Iron Hands|spe|1\n|-unboost|p2b: Flutter Mane|spe|1\n|move|p1b: Chi-Yu|Dark Pulse|p2b: Flutter Mane\n|-damage|p2b: Flutter Mane|0 fnt\n|faint|p2b: Flutter Mane\n|-end|p2b: Flutter Mane|Protosynthesis|[silent]\n|move|p2a: Iron Hands|Drain Punch|p1b: Chi-Yu\n|-damage|p1b: Chi-Yu|7\/100\n|-heal|p2a: Iron Hands|56\/100|[from] drain|[of] p1b: Chi-Yu\n|\n|upkeep\n|turn|8\n|\n|t:|1684005770\n|move|p2a: Iron Hands|Protect|p2a: Iron Hands\n|-singleturn|p2a: Iron Hands|Protect\n|move|p1a: Iron Bundle|Icy Wind|p2a: Iron Hands\n|-activate|p2a: Iron Hands|move: Protect\n|move|p1b: Chi-Yu|Dark Pulse|p2a: Iron Hands\n|-activate|p2a: Iron Hands|move: Protect\n|\n|upkeep\n|turn|9\n|\n|t:|1684005780\n|move|p1a: Iron Bundle|Icy Wind|p2a: Iron Hands\n|-resisted|p2a: Iron Hands\n|-damage|p2a: Iron Hands|32\/100\n|-unboost|p2a: Iron Hands|spe|1\n|move|p1b: Chi-Yu|Dark Pulse|p2a: Iron Hands\n|-damage|p2a: Iron Hands|0 fnt\n|faint|p2a: Iron Hands\n|-end|p2a: Iron Hands|Quark Drive|[silent]\n|\n|win|Jigglyjoe13\n|raw|Jigglyjoe13's rating: 1366 → 1386<\/strong> (+20 for winning)\n|raw|Insertable194's rating: 1365 → 1345<\/strong> (-20 for losing)\n","uploadtime":1684005784,"views":8,"p1id":"jigglyjoe13","p2id":"insertable194","formatid":"gen9vgc2023regulationc","rating":1345,"private":0,"password":""}