{"id":"gen9vgc2023regulationc-1845874560","p1":"SoggyWaffles35","p2":"echidna909","format":"[Gen 9] VGC 2023 Regulation C","log":"|j|\u2606SoggyWaffles35\n|j|\u2606echidna909\n|t:|1681774038\n|gametype|doubles\n|player|p1|SoggyWaffles35|101|1212\n|player|p2|echidna909|madame|1263\n|teamsize|p1|6\n|teamsize|p2|6\n|gen|9\n|tier|[Gen 9] VGC 2023 Regulation C\n|rated|\n|rule|Species Clause: Limit one of each Pok\u00e9mon\n|rule|Item Clause: Limit one of each item\n|clearpoke\n|poke|p1|Orthworm, L50, M|\n|poke|p1|Ting-Lu, L50|\n|poke|p1|Chien-Pao, L50|\n|poke|p1|Dragonite, L50, M|\n|poke|p1|Gyarados, L50, M|\n|poke|p1|Flutter Mane, L50|\n|poke|p2|Garganacl, L50, F|\n|poke|p2|Slither Wing, L50|\n|poke|p2|Farigiraf, L50, F|\n|poke|p2|Tatsugiri, L50, F|\n|poke|p2|Chi-Yu, L50|\n|poke|p2|Scream Tail, L50|\n|teampreview|4\nSoggyWaffles35 has agreed to open team sheets.\n|inactive|Battle timer is ON: inactive players will automatically lose when time's up. (requested by echidna909)\n|\n|t:|1681774097\n|start\n|switch|p1a: Orthworm|Orthworm, L50, M|100\/100\n|switch|p1b: Ting-Lu|Ting-Lu, L50|100\/100\n|switch|p2a: Chi-Yu|Chi-Yu, L50|100\/100\n|switch|p2b: Farigiraf|Farigiraf, L50, F|100\/100\n|-ability|p2a: Chi-Yu|Beads of Ruin\n|-ability|p1b: Ting-Lu|Vessel of Ruin\n|turn|1\n|inactive|SoggyWaffles35 has 30 seconds left.\n|inactive|echidna909 has 30 seconds left.\n|inactive|SoggyWaffles35 has 20 seconds left.\n|inactive|SoggyWaffles35 has 15 seconds left.\n|inactive|SoggyWaffles35 has 10 seconds left.\n|\n|t:|1681774144\n|switch|p2a: Slither Wing|Slither Wing, L50|100\/100\n|-terastallize|p1a: Orthworm|Fire\n|move|p1a: Orthworm|Iron Defense|p1a: Orthworm\n|-boost|p1a: Orthworm|def|2\n|move|p2b: Farigiraf|Hyper Voice|p1b: Ting-Lu|[spread] p1a,p1b\n|-damage|p1a: Orthworm|71\/100\n|-damage|p1b: Ting-Lu|78\/100\n|-enditem|p2b: Farigiraf|Throat Spray\n|-boost|p2b: Farigiraf|spa|1|[from] item: Throat Spray\n|move|p1b: Ting-Lu|Rock Slide|p2b: Farigiraf|[spread] p2a,p2b\n|-damage|p2a: Slither Wing|76\/100\n|-damage|p2b: Farigiraf|79\/100\n|\n|upkeep\n|turn|2\n|inactive|SoggyWaffles35 has 30 seconds left.\n|\n|t:|1681774177\n|-terastallize|p2b: Farigiraf|Normal\n|move|p2a: Slither Wing|Close Combat|p1b: Ting-Lu\n|-supereffective|p1b: Ting-Lu\n|-damage|p1b: Ting-Lu|10\/100\n|-unboost|p2a: Slither Wing|def|1\n|-unboost|p2a: Slither Wing|spd|1\n|move|p1a: Orthworm|Body Press|p2a: Slither Wing\n|-resisted|p2a: Slither Wing\n|-damage|p2a: Slither Wing|17\/100\n|move|p2b: Farigiraf|Hyper Voice|p1b: Ting-Lu|[spread] p1a,p1b\n|-crit|p1a: Orthworm\n|-damage|p1a: Orthworm|0 fnt\n|-damage|p1b: Ting-Lu|0 fnt\n|faint|p1a: Orthworm\n|faint|p1b: Ting-Lu\n|\n|upkeep\n|\n|t:|1681774194\n|switch|p1a: Dragonite|Dragonite, L50, M|100\/100\n|switch|p1b: Chien-Pao|Chien-Pao, L50|100\/100\n|-ability|p1b: Chien-Pao|Sword of Ruin\n|turn|3\n|\n|t:|1681774203\n|-end|p2a: Slither Wing|Protosynthesis|[silent]\n|switch|p2a: Garganacl|Garganacl, L50, F|100\/100\n|move|p2b: Farigiraf|Protect|p2b: Farigiraf\n|-singleturn|p2b: Farigiraf|Protect\n|move|p1a: Dragonite|Extreme Speed||[still]\n|cant|p2b: Farigiraf|ability: Armor Tail|Extreme Speed|[of] p1a: Dragonite\n|move|p1b: Chien-Pao|Sacred Sword|p2b: Farigiraf\n|-activate|p2b: Farigiraf|move: Protect\n|\n|upkeep\n|turn|4\n|inactive|SoggyWaffles35 has 30 seconds left.\n|\n|t:|1681774234\n|move|p1b: Chien-Pao|Protect|p1b: Chien-Pao\n|-singleturn|p1b: Chien-Pao|Protect\n|move|p1a: Dragonite|Low Kick|p2a: Garganacl\n|-supereffective|p2a: Garganacl\n|-damage|p2a: Garganacl|33\/100\n|move|p2b: Farigiraf|Hyper Voice|p1a: Dragonite|[spread] p1a\n|-activate|p1b: Chien-Pao|move: Protect\n|-damage|p1a: Dragonite|64\/100\n|move|p2a: Garganacl|Salt Cure|p1b: Chien-Pao\n|-activate|p1b: Chien-Pao|move: Protect\n|\n|-heal|p2a: Garganacl|39\/100|[from] item: Leftovers\n|upkeep\n|turn|5\n|\n|t:|1681774255\n|move|p2a: Garganacl|Protect|p2a: Garganacl\n|-singleturn|p2a: Garganacl|Protect\n|move|p1b: Chien-Pao|Sacred Sword|p2b: Farigiraf\n|-supereffective|p2b: Farigiraf\n|-damage|p2b: Farigiraf|0 fnt\n|faint|p2b: Farigiraf\n|move|p1a: Dragonite|Low Kick|p2a: Garganacl\n|-activate|p2a: Garganacl|move: Protect\n|\n|-heal|p2a: Garganacl|44\/100|[from] item: Leftovers\n|upkeep\n|\n|t:|1681774262\n|switch|p2b: Slither Wing|Slither Wing, L50|17\/100\n|turn|6\n|\n|t:|1681774279\n|move|p2b: Slither Wing|First Impression|p1b: Chien-Pao\n|-supereffective|p1b: Chien-Pao\n|-enditem|p1b: Chien-Pao|Focus Sash\n|-damage|p1b: Chien-Pao|1\/100\n|move|p1a: Dragonite|Extreme Speed|p2b: Slither Wing\n|-damage|p2b: Slither Wing|0 fnt\n|faint|p2b: Slither Wing\n|-end|p2b: Slither Wing|Protosynthesis|[silent]\n|move|p1b: Chien-Pao|Sacred Sword|p2a: Garganacl\n|-supereffective|p2a: Garganacl\n|-damage|p2a: Garganacl|0 fnt\n|faint|p2a: Garganacl\n|\n|upkeep\n|\n|t:|1681774290\n|switch|p2b: Chi-Yu|Chi-Yu, L50|100\/100\n|-ability|p2b: Chi-Yu|Beads of Ruin\n|turn|7\n|\n|t:|1681774299\n|move|p1b: Chien-Pao|Protect|p1b: Chien-Pao\n|-singleturn|p1b: Chien-Pao|Protect\n|move|p2b: Chi-Yu|Heat Wave|p1b: Chien-Pao|[spread] p1a\n|-activate|p1b: Chien-Pao|move: Protect\n|-resisted|p1a: Dragonite\n|-damage|p1a: Dragonite|35\/100\n|move|p1a: Dragonite|Earthquake|p2b: Chi-Yu|[spread] p2b\n|-activate|p1b: Chien-Pao|move: Protect\n|-supereffective|p2b: Chi-Yu\n|-damage|p2b: Chi-Yu|0 fnt\n|faint|p2b: Chi-Yu\n|\n|win|SoggyWaffles35\n|raw|SoggyWaffles35's rating: 1212 → 1241<\/strong> (+29 for winning)\n|raw|echidna909's rating: 1263 → 1234<\/strong> (-29 for losing)\n|l|\u2606echidna909\n|c|\u2606SoggyWaffles35|gg\n","uploadtime":1681774317,"views":10,"p1id":"soggywaffles35","p2id":"echidna909","formatid":"gen9vgc2023regulationc","rating":1234,"private":0,"password":""}