{"id":"gen9vgc2023regulationc-1851917565","p1":"PianginaPardo","p2":"EdoPava6","format":"[Gen 9] VGC 2023 Regulation C","log":"|j|\u2606PianginaPardo\n|j|\u2606EdoPava6\n|t:|1682505608\n|gametype|doubles\n|player|p1|PianginaPardo|camper|1158\n|player|p2|EdoPava6|hiker-gen4|1171\n|teamsize|p1|6\n|teamsize|p2|6\n|gen|9\n|tier|[Gen 9] VGC 2023 Regulation C\n|rated|\n|rule|Species Clause: Limit one of each Pok\u00e9mon\n|rule|Item Clause: Limit one of each item\n|clearpoke\n|poke|p1|Gyarados, L50, M|\n|poke|p1|Ting-Lu, L50|\n|poke|p1|Maushold-Four, L50|\n|poke|p1|Iron Bundle, L50|\n|poke|p1|Annihilape, L50, F|\n|poke|p1|Gholdengo, L50|\n|poke|p2|Ting-Lu, L50|\n|poke|p2|Amoonguss, L50, M|\n|poke|p2|Arcanine, L50, F|\n|poke|p2|Palafin, L50, M|\n|poke|p2|Flutter Mane, L50|\n|poke|p2|Chi-Yu, L50|\n|teampreview|4\nPianginaPardo has agreed to open team sheets.\n|inactive|Battle timer is ON: inactive players will automatically lose when time's up. (requested by EdoPava6)\nEdoPava6 has agreed to open team sheets.\n|inactive|PianginaPardo has 60 seconds left.\n|inactive|EdoPava6 has 60 seconds left.\n|\n|t:|1682505701\n|start\n|switch|p1a: Gholdengo|Gholdengo, L50|100\/100\n|switch|p1b: Maushold|Maushold-Four, L50|100\/100\n|switch|p2a: Flipper|Palafin, L50, M|100\/100\n|switch|p2b: Nice Hair|Flutter Mane, L50|100\/100\n|turn|1\n|\n|t:|1682505724\n|-end|p2b: Nice Hair|Protosynthesis|[silent]\n|switch|p2b: Mushroom Shield|Amoonguss, L50, M|100\/100\n|-terastallize|p2a: Flipper|Water\n|move|p1b: Maushold|Follow Me|p1b: Maushold\n|-singleturn|p1b: Maushold|move: Follow Me\n|move|p1a: Gholdengo|Nasty Plot|p1a: Gholdengo\n|-boost|p1a: Gholdengo|spa|2\n|move|p2a: Flipper|Wave Crash|p1b: Maushold\n|-damage|p1b: Maushold|34\/100\n|-damage|p2a: Flipper|81\/100|[from] Recoil\n|\n|upkeep\n|turn|2\n|inactive|PianginaPardo has 30 seconds left.\n|inactive|PianginaPardo has 20 seconds left.\n|inactive|PianginaPardo has 15 seconds left.\n|\n|t:|1682505766\n|switch|p1b: Iron Bundle|Iron Bundle, L50|100\/100\n|-enditem|p1b: Iron Bundle|Booster Energy\n|-activate|p1b: Iron Bundle|ability: Quark Drive|[fromitem]\n|-start|p1b: Iron Bundle|quarkdrivespe\n|move|p2b: Mushroom Shield|Rage Powder|p2b: Mushroom Shield\n|-singleturn|p2b: Mushroom Shield|move: Rage Powder\n|move|p1a: Gholdengo|Make It Rain|p2a: Flipper|[spread] p2a,p2b\n|-resisted|p2a: Flipper\n|-damage|p2a: Flipper|22\/100\n|-damage|p2b: Mushroom Shield|20\/100\n|-unboost|p1a: Gholdengo|spa|1\n|-enditem|p2b: Mushroom Shield|Sitrus Berry|[eat]\n|-heal|p2b: Mushroom Shield|45\/100|[from] item: Sitrus Berry\n|move|p2a: Flipper|Haze|p2a: Flipper\n|-clearallboost\n|\n|upkeep\n|turn|3\n|inactive|PianginaPardo has 30 seconds left.\n|inactive|EdoPava6 has 30 seconds left.\n|\n|t:|1682505793\n|move|p2a: Flipper|Jet Punch|p1a: Gholdengo\n|-damage|p1a: Gholdengo|65\/100\n|move|p1b: Iron Bundle|Freeze-Dry|p2b: Mushroom Shield\n|-supereffective|p2b: Mushroom Shield\n|-damage|p2b: Mushroom Shield|0 fnt\n|faint|p2b: Mushroom Shield\n|move|p1a: Gholdengo|Make It Rain|p2a: Flipper\n|-resisted|p2a: Flipper\n|-damage|p2a: Flipper|0 fnt\n|-unboost|p1a: Gholdengo|spa|1\n|faint|p2a: Flipper\n|\n|upkeep\n|\n|t:|1682505800\n|switch|p2a: Chi-Yu|Chi-Yu, L50|100\/100\n|switch|p2b: Nice Hair|Flutter Mane, L50|100\/100\n|-ability|p2a: Chi-Yu|Beads of Ruin\n|turn|4\n|inactive|EdoPava6 has 30 seconds left.\n|\n|t:|1682505829\n|switch|p1a: Maushold|Maushold-Four, L50|34\/100\n|move|p1b: Iron Bundle|Icy Wind|p2a: Chi-Yu|[spread] p2a,p2b\n|-resisted|p2a: Chi-Yu\n|-damage|p2a: Chi-Yu|91\/100\n|-damage|p2b: Nice Hair|80\/100\n|-unboost|p2a: Chi-Yu|spe|1\n|-unboost|p2b: Nice Hair|spe|1\n|move|p2b: Nice Hair|Moonblast|p1b: Iron Bundle\n|-damage|p1b: Iron Bundle|0 fnt\n|faint|p1b: Iron Bundle\n|-end|p1b: Iron Bundle|Quark Drive|[silent]\n|move|p2a: Chi-Yu|Heat Wave|p1a: Maushold\n|-damage|p1a: Maushold|0 fnt\n|faint|p1a: Maushold\n|\n|upkeep\n|\n|t:|1682505846\n|switch|p1b: Gyarados|Gyarados, L50, M|100\/100\n|switch|p1a: Gholdengo|Gholdengo, L50|65\/100\n|-ability|p1b: Gyarados|Intimidate|boost\n|-unboost|p2a: Chi-Yu|atk|1\n|-unboost|p2b: Nice Hair|atk|1\n|turn|5\n|inactive|PianginaPardo has 30 seconds left.\n|inactive|PianginaPardo has 20 seconds left.\n|inactive|PianginaPardo has 15 seconds left.\n|inactive|PianginaPardo has 10 seconds left.\n|inactive|PianginaPardo has 5 seconds left.\n|\n|t:|1682505898\n|move|p1a: Gholdengo|Protect|p1a: Gholdengo\n|-singleturn|p1a: Gholdengo|Protect\n|move|p1b: Gyarados|Icy Wind|p2a: Chi-Yu|[spread] p2a,p2b\n|-resisted|p2a: Chi-Yu\n|-crit|p2a: Chi-Yu\n|-damage|p2a: Chi-Yu|85\/100\n|-damage|p2b: Nice Hair|72\/100\n|-unboost|p2a: Chi-Yu|spe|1\n|-unboost|p2b: Nice Hair|spe|1\n|move|p2b: Nice Hair|Moonblast|p1b: Gyarados\n|-damage|p1b: Gyarados|17\/100\n|-unboost|p1b: Gyarados|spa|1\n|-enditem|p1b: Gyarados|Aguav Berry|[eat]\n|-heal|p1b: Gyarados|50\/100|[from] item: Aguav Berry\n|move|p2a: Chi-Yu|Heat Wave|p1a: Gholdengo|[spread] p1b\n|-activate|p1a: Gholdengo|move: Protect\n|-resisted|p1b: Gyarados\n|-damage|p1b: Gyarados|28\/100\n|\n|upkeep\n|turn|6\n|\n|t:|1682505919\n|move|p2a: Chi-Yu|Protect|p2a: Chi-Yu\n|-singleturn|p2a: Chi-Yu|Protect\n|move|p1a: Gholdengo|Make It Rain|p2b: Nice Hair|[spread] p2b\n|-activate|p2a: Chi-Yu|move: Protect\n|-supereffective|p2b: Nice Hair\n|-damage|p2b: Nice Hair|0 fnt\n|-unboost|p1a: Gholdengo|spa|1\n|faint|p2b: Nice Hair\n|-end|p2b: Nice Hair|Protosynthesis|[silent]\n|move|p1b: Gyarados|Waterfall|p2a: Chi-Yu\n|-activate|p2a: Chi-Yu|move: Protect\n|\n|upkeep\n|turn|7\n|c|\u2606PianginaPardo|gg\n|inactive|PianginaPardo has 30 seconds left.\n|\n|t:|1682505950\n|-terastallize|p1a: Gholdengo|Water\n|move|p1a: Gholdengo|Thunderbolt|p2a: Chi-Yu\n|-damage|p2a: Chi-Yu|59\/100\n|move|p1b: Gyarados|Waterfall|p2a: Chi-Yu\n|-supereffective|p2a: Chi-Yu\n|-damage|p2a: Chi-Yu|0 fnt\n|faint|p2a: Chi-Yu\n|\n|win|PianginaPardo\n|raw|PianginaPardo's rating: 1158 → 1184<\/strong> (+26 for winning)\n|raw|EdoPava6's rating: 1171 → 1145<\/strong> (-26 for losing)\n|l|\u2606EdoPava6\n","uploadtime":1682506139,"views":12,"p1id":"pianginapardo","p2id":"edopava6","formatid":"gen9vgc2023regulationc","rating":1145,"private":0,"password":""}