{"id":"gen9vgc2023regulationc-1858177228","p1":"Luna_Moon13206","p2":"Broskander","format":"[Gen 9] VGC 2023 Regulation C","log":"|j|\u2606Luna_Moon13206\n|j|\u2606Broskander\n|t:|1683287520\n|gametype|doubles\n|player|p1|Luna_Moon13206|lady-gen4|1306\n|player|p2|Broskander|2|1289\n|teamsize|p1|6\n|teamsize|p2|6\n|gen|9\n|tier|[Gen 9] VGC 2023 Regulation C\n|rated|\n|rule|Species Clause: Limit one of each Pok\u00e9mon\n|rule|Item Clause: Limit one of each item\n|clearpoke\n|poke|p1|Arboliva, L50, F|\n|poke|p1|Bellibolt, L50, F|\n|poke|p1|Flutter Mane, L50|\n|poke|p1|Grimmsnarl, L50, M|\n|poke|p1|Annihilape, L50, F|\n|poke|p1|Chien-Pao, L50|\n|poke|p2|Amoonguss, L50, M|\n|poke|p2|Palafin, L50, F|\n|poke|p2|Ting-Lu, L50|\n|poke|p2|Arcanine, L50, M|\n|poke|p2|Flutter Mane, L50|\n|poke|p2|Roaring Moon, L50|\n|teampreview|4\n|inactive|Battle timer is ON: inactive players will automatically lose when time's up. (requested by Luna_Moon13206)\nLuna_Moon13206 rejected open team sheets.\n|inactive|Broskander has 60 seconds left.\n|\n|t:|1683287552\n|start\n|switch|p1a: JOJO|Grimmsnarl, L50, M, shiny|100\/100\n|switch|p1b: just a tree|Arboliva, L50, F, shiny|100\/100\n|switch|p2a: Roaring Moon|Roaring Moon, L50|100\/100\n|switch|p2b: Flutter Mane|Flutter Mane, L50|100\/100\n|-enditem|p2a: Roaring Moon|Booster Energy\n|-activate|p2a: Roaring Moon|ability: Protosynthesis|[fromitem]\n|-start|p2a: Roaring Moon|protosynthesisatk\n|turn|1\n|\n|t:|1683287572\n|-terastallize|p2a: Roaring Moon|Flying\n|-terastallize|p1b: just a tree|Ground\n|move|p1a: JOJO|Light Screen|p1a: JOJO\n|-sidestart|p1: Luna_Moon13206|move: Light Screen\n|move|p2b: Flutter Mane|Substitute|p2b: Flutter Mane\n|-start|p2b: Flutter Mane|Substitute\n|-damage|p2b: Flutter Mane|76\/100\n|move|p2a: Roaring Moon|Acrobatics|p1b: just a tree\n|-damage|p1b: just a tree|31\/100\n|-fieldstart|move: Grassy Terrain|[from] ability: Seed Sower|[of] p1b: just a tree\n|move|p1b: just a tree|Pollen Puff|p2a: Roaring Moon\n|-resisted|p2a: Roaring Moon\n|-damage|p2a: Roaring Moon|87\/100\n|\n|-heal|p2b: Flutter Mane|82\/100|[from] Grassy Terrain\n|-heal|p2b: Flutter Mane|87\/100|[from] item: Leftovers\n|-heal|p1b: just a tree|37\/100|[from] Grassy Terrain\n|upkeep\n|turn|2\n|inactive|Broskander has 30 seconds left.\n|\n|t:|1683287600\n|move|p1a: JOJO|Reflect|p1a: JOJO\n|-sidestart|p1: Luna_Moon13206|Reflect\n|move|p2b: Flutter Mane|Calm Mind|p2b: Flutter Mane\n|-boost|p2b: Flutter Mane|spa|1\n|-boost|p2b: Flutter Mane|spd|1\n|move|p2a: Roaring Moon|Acrobatics|p1a: JOJO\n|-damage|p1a: JOJO|26\/100\n|move|p1b: just a tree|Hyper Voice|p2b: Flutter Mane|[spread] p2a\n|-immune|p2b: Flutter Mane\n|-damage|p2a: Roaring Moon|61\/100\n|\n|-heal|p2b: Flutter Mane|93\/100|[from] Grassy Terrain\n|-heal|p2b: Flutter Mane|98\/100|[from] item: Leftovers\n|-heal|p1a: JOJO|32\/100|[from] Grassy Terrain\n|-heal|p1b: just a tree|43\/100|[from] Grassy Terrain\n|upkeep\n|turn|3\n|\n|t:|1683287621\n|move|p2b: Flutter Mane|Dazzling Gleam|p1b: just a tree|[spread] p1a,p1b\n|-supereffective|p1a: JOJO\n|-damage|p1a: JOJO|0 fnt\n|-damage|p1b: just a tree|23\/100\n|faint|p1a: JOJO\n|move|p2a: Roaring Moon|Dragon Dance|p2a: Roaring Moon\n|-boost|p2a: Roaring Moon|atk|1\n|-boost|p2a: Roaring Moon|spe|1\n|move|p1b: just a tree|Giga Drain|p2b: Flutter Mane\n|-end|p2b: Flutter Mane|Substitute\n|-heal|p1b: just a tree|34\/100|[from] drain|[of] p2b: Flutter Mane\n|\n|-heal|p2b: Flutter Mane|100\/100|[from] Grassy Terrain\n|-heal|p1b: just a tree|40\/100|[from] Grassy Terrain\n|upkeep\n|\n|t:|1683287629\n|switch|p1a: Funny frog :)|Bellibolt, L50, F, shiny|100\/100\n|turn|4\n|\n|t:|1683287641\n|move|p2a: Roaring Moon|Acrobatics|p1b: just a tree\n|-damage|p1b: just a tree|0 fnt\n|faint|p1b: just a tree\n|move|p2b: Flutter Mane|Substitute|p2b: Flutter Mane\n|-start|p2b: Flutter Mane|Substitute\n|-damage|p2b: Flutter Mane|76\/100\n|move|p1a: Funny frog :)|Parabolic Charge|p2b: Flutter Mane|[spread] p2a,p2b\n|-activate|p2b: Flutter Mane|move: Substitute|[damage]\n|-supereffective|p2a: Roaring Moon\n|-damage|p2a: Roaring Moon|2\/100\n|\n|-heal|p2b: Flutter Mane|82\/100|[from] Grassy Terrain\n|-heal|p2b: Flutter Mane|87\/100|[from] item: Leftovers\n|upkeep\n|\n|t:|1683287651\n|switch|p1b: hair extensions|Flutter Mane, L50, shiny|100\/100\n|-enditem|p1b: hair extensions|Booster Energy\n|-activate|p1b: hair extensions|ability: Protosynthesis|[fromitem]\n|-start|p1b: hair extensions|protosynthesisspe\n|turn|5\n|\n|t:|1683287670\n|-end|p2a: Roaring Moon|Protosynthesis|[silent]\n|switch|p2a: Ting-Lu|Ting-Lu, L50|100\/100\n|-ability|p2a: Ting-Lu|Vessel of Ruin\n|move|p1b: hair extensions|Protect|p1b: hair extensions\n|-singleturn|p1b: hair extensions|Protect\n|move|p2b: Flutter Mane|Shadow Ball|p1b: hair extensions\n|-activate|p1b: hair extensions|move: Protect\n|move|p1a: Funny frog :)|Parabolic Charge|p2a: Ting-Lu|[spread] p2b\n|-activate|p1b: hair extensions|move: Protect\n|-immune|p2a: Ting-Lu\n|-end|p2b: Flutter Mane|Substitute\n|\n|-heal|p2b: Flutter Mane|93\/100|[from] Grassy Terrain\n|-heal|p2b: Flutter Mane|98\/100|[from] item: Leftovers\n|-fieldend|move: Grassy Terrain\n|upkeep\n|turn|6\n|inactive|Luna_Moon13206 has 30 seconds left.\n|\n|t:|1683287698\n|move|p1b: hair extensions|Moonblast|p2a: Ting-Lu\n|-supereffective|p2a: Ting-Lu\n|-damage|p2a: Ting-Lu|61\/100\n|move|p2b: Flutter Mane|Substitute|p2b: Flutter Mane\n|-start|p2b: Flutter Mane|Substitute\n|-damage|p2b: Flutter Mane|74\/100\n|move|p2a: Ting-Lu|Heavy Slam|p1b: hair extensions\n|-supereffective|p1b: hair extensions\n|-damage|p1b: hair extensions|0 fnt\n|faint|p1b: hair extensions\n|-end|p1b: hair extensions|Protosynthesis|[silent]\n|move|p1a: Funny frog :)|Parabolic Charge|p2a: Ting-Lu|[spread] p2b\n|-immune|p2a: Ting-Lu\n|-activate|p2b: Flutter Mane|move: Substitute|[damage]\n|\n|-heal|p2b: Flutter Mane|80\/100|[from] item: Leftovers\n|upkeep\n|turn|7\n|-message|Luna_Moon13206 forfeited.\n|\n|win|Broskander\n|raw|Luna_Moon13206's rating: 1306 → 1285<\/strong> (-21 for losing)\n|raw|Broskander's rating: 1289 → 1315<\/strong> (+26 for winning)\n|l|\u2606Luna_Moon13206\n|l|\u2606Broskander\n|j|\u2606Broskander\n|player|p2|Broskander|2\n","uploadtime":1683287784,"views":13,"p1id":"lunamoon13206","p2id":"broskander","formatid":"gen9vgc2023regulationc","rating":1285,"private":0,"password":""}