{"id":"gen9vgc2023regulationc-1848859652","p1":"p-funky","p2":"Ferndere","format":"[Gen 9] VGC 2023 Regulation C","log":"|j|\u2606p-funky\n|j|\u2606Ferndere\n|t:|1682118516\n|gametype|doubles\n|player|p1|p-funky|twins-gen2|1271\n|player|p2|Ferndere|doctor|1263\n|teamsize|p1|6\n|teamsize|p2|6\n|gen|9\n|tier|[Gen 9] VGC 2023 Regulation C\n|rated|\n|rule|Species Clause: Limit one of each Pok\u00e9mon\n|rule|Item Clause: Limit one of each item\n|clearpoke\n|poke|p1|Muk, L50, F|\n|poke|p1|Flamigo, L50, M|\n|poke|p1|Iron Bundle, L50|\n|poke|p1|Flutter Mane, L50|\n|poke|p1|Iron Moth, L50|\n|poke|p1|Iron Hands, L50|\n|poke|p2|Sylveon, L50, M|\n|poke|p2|Volcarona, L50, F|\n|poke|p2|Mimikyu, L50, M|\n|poke|p2|Kingambit, L50, F|\n|poke|p2|Palafin, L50, M|\n|poke|p2|Iron Bundle, L50|\n|teampreview|4\n|inactive|Battle timer is ON: inactive players will automatically lose when time's up. (requested by p-funky)\np-funky rejected open team sheets.\n|\n|t:|1682118540\n|start\n|switch|p1a: Iron Hands|Iron Hands, L50|100\/100\n|switch|p1b: Muk|Muk, L50, F|100\/100\n|switch|p2a: Pikatwo|Mimikyu, L50, M|100\/100\n|switch|p2b: ONE jet PUNCH MAN|Palafin, L50, M, shiny|100\/100\n|turn|1\n|inactive|p-funky has 30 seconds left.\n|\n|t:|1682118568\n|-terastallize|p2b: ONE jet PUNCH MAN|Water\n|move|p2b: ONE jet PUNCH MAN|Flip Turn|p1b: Muk\n|-damage|p1b: Muk|73\/100\n|\n|t:|1682118573\n|detailschange|p2b: ONE jet PUNCH MAN|Palafin-Hero, L50, M, shiny, tera:Water\n|switch|p2b: Meat moth|Volcarona, L50, F|100\/100|[from] Flip Turn\n|move|p2a: Pikatwo|Play Rough|p1a: Iron Hands\n|-supereffective|p1a: Iron Hands\n|-crit|p1a: Iron Hands\n|-damage|p1a: Iron Hands|18\/100\n|move|p1a: Iron Hands|Wild Charge|p2b: Meat moth\n|-crit|p2b: Meat moth\n|-damage|p2b: Meat moth|19\/100\n|-enditem|p2b: Meat moth|Sitrus Berry|[eat]\n|-heal|p2b: Meat moth|44\/100|[from] item: Sitrus Berry\n|-damage|p1a: Iron Hands|3\/100|[from] Recoil\n|move|p1b: Muk|Toxic|p2a: Pikatwo\n|-status|p2a: Pikatwo|tox\n|\n|-heal|p1b: Muk|79\/100|[from] item: Leftovers\n|-damage|p2a: Pikatwo|94\/100 tox|[from] psn\n|upkeep\n|turn|2\n|\n|t:|1682118595\n|-end|p1a: Iron Hands|Quark Drive|[silent]\n|switch|p1a: Iron Moth|Iron Moth, L50|100\/100\n|move|p2b: Meat moth|Struggle Bug|p1b: Muk|[spread] p1a,p1b\n|-resisted|p1a: Iron Moth\n|-resisted|p1b: Muk\n|-damage|p1a: Iron Moth|96\/100\n|-damage|p1b: Muk|72\/100\n|-unboost|p1a: Iron Moth|spa|1\n|-unboost|p1b: Muk|spa|1\n|move|p1b: Muk|Minimize|p1b: Muk\n|-boost|p1b: Muk|evasion|2\n|move|p2a: Pikatwo|Trick Room|p2a: Pikatwo\n|-fieldstart|move: Trick Room|[of] p2a: Pikatwo\n|\n|-heal|p1b: Muk|78\/100|[from] item: Leftovers\n|-damage|p2a: Pikatwo|82\/100 tox|[from] psn\n|upkeep\n|turn|3\n|\n|t:|1682118614\n|move|p1b: Muk|Toxic|p2b: Meat moth\n|-status|p2b: Meat moth|tox\n|move|p2a: Pikatwo|Curse|p1b: Muk\n|-start|p1b: Muk|Curse|[of] p2a: Pikatwo\n|-damage|p2a: Pikatwo|32\/100 tox\n|move|p2b: Meat moth|Struggle Bug|p1b: Muk|[spread] p1a,p1b\n|-resisted|p1a: Iron Moth\n|-resisted|p1b: Muk\n|-damage|p1a: Iron Moth|92\/100\n|-damage|p1b: Muk|71\/100\n|-unboost|p1a: Iron Moth|spa|1\n|-unboost|p1b: Muk|spa|1\n|move|p1a: Iron Moth|Sludge Wave|p2a: Pikatwo|[spread] p2a,p2b\n|-miss|p1a: Iron Moth|p1b: Muk\n|-activate|p2a: Pikatwo|ability: Disguise\n|-damage|p2a: Pikatwo|32\/100 tox\n|-damage|p2b: Meat moth|21\/100 tox\n|detailschange|p2a: Pikatwo|Mimikyu-Busted, L50, M\n|-damage|p2a: Pikatwo|20\/100 tox|[from] pokemon: Mimikyu-Busted\n|\n|-heal|p1b: Muk|77\/100|[from] item: Leftovers\n|-damage|p2a: Pikatwo|1\/100 tox|[from] psn\n|-damage|p2b: Meat moth|15\/100 tox|[from] psn\n|-damage|p1b: Muk|52\/100|[from] Curse\n|upkeep\n|turn|4\n|inactive|p-funky has 30 seconds left.\n|inactive|Ferndere has 30 seconds left.\n|\n|t:|1682118643\n|switch|p1b: Iron Bundle|Iron Bundle, L50|100\/100\n|move|p2a: Pikatwo|Destiny Bond|p2a: Pikatwo\n|-singlemove|p2a: Pikatwo|Destiny Bond\n|move|p2b: Meat moth|Overheat|p1b: Iron Bundle\n|-damage|p1b: Iron Bundle|0 fnt\n|-unboost|p2b: Meat moth|spa|2\n|faint|p1b: Iron Bundle\n|-end|p1b: Iron Bundle|Quark Drive|[silent]\n|move|p1a: Iron Moth|Sludge Wave|p2a: Pikatwo|[spread] p2a,p2b\n|-damage|p2a: Pikatwo|0 fnt\n|-damage|p2b: Meat moth|0 fnt\n|faint|p2a: Pikatwo\n|-activate|p2a: Pikatwo|move: Destiny Bond\n|faint|p2b: Meat moth\n|faint|p1a: Iron Moth\n|-end|p1a: Iron Moth|Quark Drive|[silent]\n|\n|upkeep\n|\n|t:|1682118658\n|switch|p2a: Scream Ribbon|Sylveon, L50, M|100\/100\n|switch|p2b: ONE jet PUNCH MAN|Palafin-Hero, L50, M, shiny, tera:Water|100\/100\n|switch|p1a: Iron Hands|Iron Hands, L50|3\/100\n|switch|p1b: Muk|Muk, L50, F|52\/100\n|-activate|p2b: ONE jet PUNCH MAN|ability: Zero to Hero\n|turn|5\n|\n|t:|1682118674\n|move|p2b: ONE jet PUNCH MAN|Jet Punch|p1a: Iron Hands\n|-damage|p1a: Iron Hands|0 fnt\n|faint|p1a: Iron Hands\n|-end|p1a: Iron Hands|Quark Drive|[silent]\n|move|p1b: Muk|Minimize|p1b: Muk\n|-boost|p1b: Muk|evasion|2\n|move|p2a: Scream Ribbon|Hyper Voice|p1b: Muk\n|-resisted|p1b: Muk\n|-damage|p1b: Muk|29\/100\n|-enditem|p2a: Scream Ribbon|Throat Spray\n|-boost|p2a: Scream Ribbon|spa|1|[from] item: Throat Spray\n|\n|-heal|p1b: Muk|35\/100|[from] item: Leftovers\n|upkeep\n|turn|6\n|\n|t:|1682118689\n|move|p1b: Muk|Protect|p1b: Muk\n|-singleturn|p1b: Muk|Protect\n|move|p2a: Scream Ribbon|Hyper Voice|p1b: Muk\n|-activate|p1b: Muk|move: Protect\n|move|p2b: ONE jet PUNCH MAN|Wave Crash|p1b: Muk\n|-activate|p1b: Muk|move: Protect\n|\n|-heal|p1b: Muk|41\/100|[from] item: Leftovers\n|-fieldend|move: Trick Room\n|upkeep\n|turn|7\n|\n|t:|1682118702\n|move|p2b: ONE jet PUNCH MAN|Wave Crash|p1b: Muk|[miss]\n|-miss|p2b: ONE jet PUNCH MAN|p1b: Muk\n|move|p2a: Scream Ribbon|Hyper Voice|p1b: Muk|[miss]\n|-miss|p2a: Scream Ribbon|p1b: Muk\n|move|p1b: Muk|Minimize|p1b: Muk\n|-boost|p1b: Muk|evasion|2\n|\n|-heal|p1b: Muk|47\/100|[from] item: Leftovers\n|upkeep\n|turn|8\n|\n|t:|1682118712\n|move|p1b: Muk|Protect|p1b: Muk\n|-singleturn|p1b: Muk|Protect\n|move|p2b: ONE jet PUNCH MAN|Wave Crash|p1b: Muk\n|-activate|p1b: Muk|move: Protect\n|move|p2a: Scream Ribbon|Hyper Voice|p1b: Muk\n|-activate|p1b: Muk|move: Protect\n|\n|-heal|p1b: Muk|53\/100|[from] item: Leftovers\n|upkeep\n|turn|9\n|\n|t:|1682118725\n|move|p2b: ONE jet PUNCH MAN|Wave Crash|p1b: Muk|[miss]\n|-miss|p2b: ONE jet PUNCH MAN|p1b: Muk\n|move|p2a: Scream Ribbon|Hyper Voice|p1b: Muk|[miss]\n|-miss|p2a: Scream Ribbon|p1b: Muk\n|move|p1b: Muk|Minimize|p1b: Muk\n|-boost|p1b: Muk|evasion|2\n|\n|-heal|p1b: Muk|59\/100|[from] item: Leftovers\n|upkeep\n|turn|10\n|\n|t:|1682118735\n|move|p1b: Muk|Protect|p1b: Muk\n|-singleturn|p1b: Muk|Protect\n|move|p2b: ONE jet PUNCH MAN|Wave Crash|p1b: Muk\n|-activate|p1b: Muk|move: Protect\n|move|p2a: Scream Ribbon|Hyper Voice|p1b: Muk\n|-activate|p1b: Muk|move: Protect\n|\n|-heal|p1b: Muk|66\/100|[from] item: Leftovers\n|upkeep\n|turn|11\n|\n|t:|1682118745\n|move|p2b: ONE jet PUNCH MAN|Wave Crash|p1b: Muk|[miss]\n|-miss|p2b: ONE jet PUNCH MAN|p1b: Muk\n|move|p2a: Scream Ribbon|Hyper Voice|p1b: Muk|[miss]\n|-miss|p2a: Scream Ribbon|p1b: Muk\n|move|p1b: Muk|Toxic|p2b: ONE jet PUNCH MAN\n|-status|p2b: ONE jet PUNCH MAN|tox\n|\n|-heal|p1b: Muk|72\/100|[from] item: Leftovers\n|-damage|p2b: ONE jet PUNCH MAN|95\/100 tox|[from] psn\n|upkeep\n|turn|12\n|\n|t:|1682118755\n|move|p1b: Muk|Protect|p1b: Muk\n|-singleturn|p1b: Muk|Protect\n|move|p2b: ONE jet PUNCH MAN|Wave Crash|p1b: Muk\n|-activate|p1b: Muk|move: Protect\n|move|p2a: Scream Ribbon|Hyper Voice|p1b: Muk\n|-activate|p1b: Muk|move: Protect\n|\n|-heal|p1b: Muk|78\/100|[from] item: Leftovers\n|-damage|p2b: ONE jet PUNCH MAN|83\/100 tox|[from] psn\n|upkeep\n|turn|13\n|\n|t:|1682118765\n|move|p2b: ONE jet PUNCH MAN|Wave Crash|p1b: Muk|[miss]\n|-miss|p2b: ONE jet PUNCH MAN|p1b: Muk\n|move|p2a: Scream Ribbon|Hyper Voice|p1b: Muk|[miss]\n|-miss|p2a: Scream Ribbon|p1b: Muk\n|move|p1b: Muk|Toxic|p2a: Scream Ribbon\n|-status|p2a: Scream Ribbon|tox\n|\n|-heal|p1b: Muk|84\/100|[from] item: Leftovers\n|-damage|p2b: ONE jet PUNCH MAN|66\/100 tox|[from] psn\n|-damage|p2a: Scream Ribbon|95\/100 tox|[from] psn\n|upkeep\n|turn|14\n|\n|t:|1682118777\n|move|p1b: Muk|Protect|p1b: Muk\n|-singleturn|p1b: Muk|Protect\n|move|p2b: ONE jet PUNCH MAN|Wave Crash|p1b: Muk\n|-activate|p1b: Muk|move: Protect\n|move|p2a: Scream Ribbon|Hyper Voice|p1b: Muk\n|-activate|p1b: Muk|move: Protect\n|\n|-heal|p1b: Muk|90\/100|[from] item: Leftovers\n|-damage|p2b: ONE jet PUNCH MAN|43\/100 tox|[from] psn\n|-damage|p2a: Scream Ribbon|83\/100 tox|[from] psn\n|upkeep\n|turn|15\n|\n|t:|1682118787\n|-terastallize|p1b: Muk|Grass\n|move|p2b: ONE jet PUNCH MAN|Wave Crash|p1b: Muk\n|-resisted|p1b: Muk\n|-damage|p1b: Muk|38\/100\n|-damage|p2b: ONE jet PUNCH MAN|25\/100 tox|[from] Recoil\n|move|p2a: Scream Ribbon|Hyper Voice|p1b: Muk|[miss]\n|-miss|p2a: Scream Ribbon|p1b: Muk\n|move|p1b: Muk|Fire Punch|p2a: Scream Ribbon\n|-damage|p2a: Scream Ribbon|60\/100 tox\n|\n|-heal|p1b: Muk|44\/100|[from] item: Leftovers\n|-damage|p2b: ONE jet PUNCH MAN|0 fnt|[from] psn\n|faint|p2b: ONE jet PUNCH MAN\n|-damage|p2a: Scream Ribbon|43\/100 tox|[from] psn\n|upkeep\n|turn|16\n|\n|t:|1682118802\n|move|p1b: Muk|Protect|p1b: Muk\n|-singleturn|p1b: Muk|Protect\n|move|p2a: Scream Ribbon|Hyper Voice|p1b: Muk\n|-activate|p1b: Muk|move: Protect\n|\n|-heal|p1b: Muk|50\/100|[from] item: Leftovers\n|-damage|p2a: Scream Ribbon|20\/100 tox|[from] psn\n|upkeep\n|turn|17\n|\n|t:|1682118809\n|move|p2a: Scream Ribbon|Hyper Voice|p1b: Muk\n|-damage|p1b: Muk|0 fnt\n|faint|p1b: Muk\n|\n|win|Ferndere\n|raw|p-funky's rating: 1271 → 1245<\/strong> (-26 for losing)\n|raw|Ferndere's rating: 1263 → 1289<\/strong> (+26 for winning)\n|c|\u2606p-funky|nooo\n|c|\u2606Ferndere|GOD\n|l|\u2606p-funky\n","uploadtime":1682118854,"views":12,"p1id":"pfunky","p2id":"ferndere","formatid":"gen9vgc2023regulationc","rating":1245,"private":0,"password":""}