{"id":"gen9vgc2023regulationc-1855018586","p1":"Flutterhawk","p2":"lockscreen_","format":"[Gen 9] VGC 2023 Regulation C","log":"|j|\u2606Flutterhawk\n|j|\u2606lockscreen_\n|t:|1682891540\n|gametype|doubles\n|player|p1|Flutterhawk|pokekid|1073\n|player|p2|lockscreen_|gentleman-gen4|1040\n|teamsize|p1|6\n|teamsize|p2|6\n|gen|9\n|tier|[Gen 9] VGC 2023 Regulation C\n|rated|\n|rule|Species Clause: Limit one of each Pok\u00e9mon\n|rule|Item Clause: Limit one of each item\n|clearpoke\n|poke|p1|Meowscarada, L50, F|\n|poke|p1|Palafin, L50, F|\n|poke|p1|Dragapult, L50, F|\n|poke|p1|Armarouge, L50, M|\n|poke|p1|Chien-Pao, L50|\n|poke|p1|Toedscruel, L50, M|\n|poke|p2|Scizor, L50, F|\n|poke|p2|Meowscarada, L50, F|\n|poke|p2|Iron Hands, L50|\n|poke|p2|Palafin, L50, M|\n|poke|p2|Sylveon, L50, F|\n|poke|p2|Grimmsnarl, L50, M|\n|teampreview|4\n|inactive|Battle timer is ON: inactive players will automatically lose when time's up. (requested by lockscreen_)\n|inactive|Flutterhawk has 60 seconds left.\n|\n|t:|1682891601\n|start\n|switch|p1a: Lockheed|Dragapult, L50, F|100\/100\n|switch|p1b: Sayaka|Palafin, L50, F|100\/100\n|switch|p2a: Iron Hands|Iron Hands, L50|100\/100\n|switch|p2b: Palafin|Palafin, L50, M|100\/100\n|turn|1\n|inactive|Flutterhawk has 30 seconds left.\n|inactive|Flutterhawk has 20 seconds left.\n|inactive|Flutterhawk has 15 seconds left.\n|inactive|Flutterhawk has 10 seconds left.\n|inactive|Flutterhawk has 5 seconds left.\n|\n|t:|1682891654\n|detailschange|p1b: Sayaka|Palafin-Hero, L50, F\n|switch|p1b: Yuuno|Chien-Pao, L50|100\/100\n|-ability|p1b: Yuuno|Sword of Ruin\n|move|p1a: Lockheed|Protect|p1a: Lockheed\n|-singleturn|p1a: Lockheed|Protect\n|move|p2a: Iron Hands|Fake Out|p1b: Yuuno\n|-damage|p1b: Yuuno|79\/100\n|move|p2b: Palafin|Flip Turn|p1a: Lockheed\n|-activate|p1a: Lockheed|move: Protect\n|\n|upkeep\n|turn|2\n|inactive|Flutterhawk has 30 seconds left.\n|inactive|Flutterhawk has 20 seconds left.\n|inactive|Flutterhawk has 15 seconds left.\n|inactive|Flutterhawk has 10 seconds left.\n|inactive|Flutterhawk has 5 seconds left.\n|\n|t:|1682891704\n|-terastallize|p2a: Iron Hands|Flying\n|move|p1b: Yuuno|Icy Wind|p2b: Palafin|[spread] p2a,p2b\n|-supereffective|p2a: Iron Hands\n|-resisted|p2b: Palafin\n|-damage|p2a: Iron Hands|86\/100\n|-damage|p2b: Palafin|92\/100\n|-unboost|p2a: Iron Hands|spe|1\n|-unboost|p2b: Palafin|spe|1\n|move|p1a: Lockheed|Dragon Darts|p2a: Iron Hands\n|-damage|p2a: Iron Hands|61\/100\n|-anim|p1a: Lockheed|Dragon Darts|p2b: Palafin\n|-damage|p2b: Palafin|42\/100\n|move|p2b: Palafin|Flip Turn|p1a: Lockheed\n|-resisted|p1a: Lockheed\n|-damage|p1a: Lockheed|75\/100\n|\n|t:|1682891719\n|detailschange|p2b: Palafin|Palafin-Hero, L50, M\n|switch|p2b: Sylveon|Sylveon, L50, F|100\/100|[from] Flip Turn\n|move|p2a: Iron Hands|Drain Punch|p1b: Yuuno\n|-supereffective|p1b: Yuuno\n|-crit|p1b: Yuuno\n|-damage|p1b: Yuuno|0 fnt\n|-heal|p2a: Iron Hands|84\/100|[from] drain|[of] p1b: Yuuno\n|faint|p1b: Yuuno\n|\n|upkeep\n|\n|t:|1682891735\n|switch|p1b: Koro-sensei|Toedscruel, L50, M|100\/100\n|turn|3\n|\n|t:|1682891756\n|-end|p2a: Iron Hands|Quark Drive|[silent]\n|switch|p2a: Meowscarada|Meowscarada, L50, F|100\/100\n|-terastallize|p1a: Lockheed|Steel\n|move|p1a: Lockheed|Tera Blast|p2b: Sylveon\n|-supereffective|p2b: Sylveon\n|-damage|p2b: Sylveon|0 fnt\n|faint|p2b: Sylveon\n|move|p1b: Koro-sensei|Spore|p2a: Meowscarada\n|-immune|p2a: Meowscarada\n|\n|upkeep\n|\n|t:|1682891769\n|switch|p2b: Iron Hands|Iron Hands, L50, tera:Flying|84\/100\n|turn|4\n|inactive|Flutterhawk has 30 seconds left.\n|inactive|Flutterhawk has 20 seconds left.\n|inactive|Flutterhawk has 15 seconds left.\n|inactive|Flutterhawk has 10 seconds left.\n|\n|t:|1682891815\n|move|p1b: Koro-sensei|Rage Powder|p1b: Koro-sensei\n|-singleturn|p1b: Koro-sensei|move: Rage Powder\n|move|p1a: Lockheed|Dragon Darts|p2a: Meowscarada\n|-damage|p2a: Meowscarada|56\/100\n|-anim|p1a: Lockheed|Dragon Darts|p2b: Iron Hands\n|-damage|p2b: Iron Hands|65\/100\n|move|p2a: Meowscarada|Knock Off|p1b: Koro-sensei\n|-damage|p1b: Koro-sensei|62\/100\n|-enditem|p1b: Koro-sensei|Mental Herb|[from] move: Knock Off|[of] p2a: Meowscarada\n|move|p2b: Iron Hands|Close Combat|p1b: Koro-sensei\n|-crit|p1b: Koro-sensei\n|-damage|p1b: Koro-sensei|0 fnt\n|-unboost|p2b: Iron Hands|def|1\n|-unboost|p2b: Iron Hands|spd|1\n|faint|p1b: Koro-sensei\n|\n|upkeep\n|\n|t:|1682891832\n|switch|p1b: Sayaka|Palafin-Hero, L50, F|100\/100\n|-activate|p1b: Sayaka|ability: Zero to Hero\n|turn|5\n|inactive|lockscreen_ has 30 seconds left.\n|\n|t:|1682891857\n|move|p2a: Meowscarada|Protect|p2a: Meowscarada\n|-singleturn|p2a: Meowscarada|Protect\n|move|p1b: Sayaka|Jet Punch|p2a: Meowscarada\n|-activate|p2a: Meowscarada|move: Protect\n|move|p1a: Lockheed|Dragon Darts|p2b: Iron Hands\n|-crit|p2b: Iron Hands\n|-damage|p2b: Iron Hands|27\/100\n|-anim|p1a: Lockheed|Dragon Darts|p2b: Iron Hands\n|-damage|p2b: Iron Hands|1\/100\n|move|p2b: Iron Hands|Close Combat|p1a: Lockheed\n|-supereffective|p1a: Lockheed\n|-damage|p1a: Lockheed|0 fnt\n|-unboost|p2b: Iron Hands|def|1\n|-unboost|p2b: Iron Hands|spd|1\n|faint|p1a: Lockheed\n|\n|upkeep\n|turn|6\n|\n|t:|1682891878\n|move|p1b: Sayaka|Jet Punch|p2b: Iron Hands\n|-damage|p2b: Iron Hands|0 fnt\n|faint|p2b: Iron Hands\n|-end|p2b: Iron Hands|Quark Drive|[silent]\n|move|p2a: Meowscarada|Flower Trick|p1b: Sayaka\n|-supereffective|p1b: Sayaka\n|-crit|p1b: Sayaka\n|-damage|p1b: Sayaka|3\/100\n|\n|upkeep\n|\n|t:|1682891884\n|switch|p2b: Palafin|Palafin-Hero, L50, M|42\/100\n|-activate|p2b: Palafin|ability: Zero to Hero\n|turn|7\n|inactive|Flutterhawk has 30 seconds left.\n|inactive|Flutterhawk has 20 seconds left.\n|\n|t:|1682891921\n|move|p2b: Palafin|Jet Punch|p1b: Sayaka\n|-resisted|p1b: Sayaka\n|-damage|p1b: Sayaka|0 fnt\n|faint|p1b: Sayaka\n|\n|win|lockscreen_\n|raw|Flutterhawk's rating: 1073 → 1050<\/strong> (-23 for losing)\n|raw|lockscreen_'s rating: 1040 → 1077<\/strong> (+37 for winning)\n|l|\u2606lockscreen_\n","uploadtime":1682891929,"views":17,"p1id":"flutterhawk","p2id":"lockscreen","formatid":"gen9vgc2023regulationc","rating":1050,"private":0,"password":""}