{"id":"gen9vgc2023regulationc-1850315648","p1":"Sumo'sWeenusVGC","p2":"Yoda5555501","format":"[Gen 9] VGC 2023 Regulation C","log":"|j|\u2606Sumo'sWeenusVGC\n|j|\u2606Yoda5555501\n|t:|1682316688\n|gametype|doubles\n|player|p1|Sumo'sWeenusVGC|colress|1114\n|player|p2|Yoda5555501|lucas|1084\n|teamsize|p1|6\n|teamsize|p2|6\n|gen|9\n|tier|[Gen 9] VGC 2023 Regulation C\n|rated|\n|rule|Species Clause: Limit one of each Pok\u00e9mon\n|rule|Item Clause: Limit one of each item\n|clearpoke\n|poke|p1|Rotom-Wash, L50|\n|poke|p1|Amoonguss, L50, F|\n|poke|p1|Tauros-Paldea-Blaze, L50, M|\n|poke|p1|Dragonite, L50, F|\n|poke|p1|Gholdengo, L50|\n|poke|p1|Chi-Yu, L50|\n|poke|p2|Iron Bundle, L50|\n|poke|p2|Iron Valiant, L50|\n|poke|p2|Kilowattrel, L50, F|\n|poke|p2|Iron Thorns, L50|\n|poke|p2|Arcanine, L50, F|\n|poke|p2|Meowscarada, L50, M|\n|teampreview|4\n|inactive|Battle timer is ON: inactive players will automatically lose when time's up. (requested by Sumo'sWeenusVGC)\nSumo'sWeenusVGC has agreed to open team sheets.\n|inactive|Sumo'sWeenusVGC has 60 seconds left.\n|inactive|Yoda5555501 has 60 seconds left.\n|inactive|Sumo'sWeenusVGC has 30 seconds left.\n|inactive|Sumo'sWeenusVGC has 20 seconds left.\n|\n|t:|1682316758\n|start\n|switch|p1a: Rotom|Rotom-Wash, L50, shiny|100\/100\n|switch|p1b: Tauros|Tauros-Paldea-Blaze, L50, M, shiny|100\/100\n|switch|p2a: Arcanine|Arcanine, L50, F|100\/100\n|switch|p2b: Iron Bundle|Iron Bundle, L50|100\/100\n|-ability|p2a: Arcanine|Intimidate|boost\n|-unboost|p1a: Rotom|atk|1\n|-unboost|p1b: Tauros|atk|1\n|-ability|p1b: Tauros|Intimidate|boost\n|-unboost|p2a: Arcanine|atk|1\n|-unboost|p2b: Iron Bundle|atk|1\n|turn|1\n|inactive|Sumo'sWeenusVGC has 30 seconds left.\n|inactive|Yoda5555501 has 30 seconds left.\n|\n|t:|1682316788\n|switch|p1b: Chi-Yu|Chi-Yu, L50|100\/100\n|-ability|p1b: Chi-Yu|Beads of Ruin\n|-terastallize|p1a: Rotom|Electric\n|move|p2b: Iron Bundle|Electric Terrain|p2b: Iron Bundle\n|-fieldstart|move: Electric Terrain\n|-activate|p2b: Iron Bundle|ability: Quark Drive\n|-start|p2b: Iron Bundle|quarkdrivespe\n|move|p2a: Arcanine|Snarl|p1b: Chi-Yu|[spread] p1b\n|-miss|p2a: Arcanine|p1a: Rotom\n|-resisted|p1b: Chi-Yu\n|-damage|p1b: Chi-Yu|96\/100\n|-unboost|p1b: Chi-Yu|spa|1\n|move|p1a: Rotom|Thunderbolt|p2b: Iron Bundle\n|-supereffective|p2b: Iron Bundle\n|-damage|p2b: Iron Bundle|0 fnt\n|faint|p2b: Iron Bundle\n|-end|p2b: Iron Bundle|Quark Drive|[silent]\n|\n|upkeep\n|\n|t:|1682316808\n|switch|p2b: Iron Valiant|Iron Valiant, L50|100\/100\n|-activate|p2b: Iron Valiant|ability: Quark Drive\n|-start|p2b: Iron Valiant|quarkdrivespe\n|turn|2\n|\n|t:|1682316833\n|switch|p1b: Tauros|Tauros-Paldea-Blaze, L50, M, shiny|100\/100\n|-ability|p1b: Tauros|Intimidate|boost\n|-unboost|p2a: Arcanine|atk|1\n|-unboost|p2b: Iron Valiant|atk|1\n|move|p2b: Iron Valiant|Aura Sphere|p1b: Tauros\n|-damage|p1b: Tauros|34\/100\n|move|p2a: Arcanine|Flare Blitz|p1a: Rotom\n|-damage|p1a: Rotom|71\/100\n|-damage|p2a: Arcanine|93\/100|[from] Recoil\n|move|p1a: Rotom|Nasty Plot|p1a: Rotom\n|-boost|p1a: Rotom|spa|2\n|\n|upkeep\n|turn|3\n|inactive|Sumo'sWeenusVGC has 30 seconds left.\n|inactive|Yoda5555501 has 30 seconds left.\n|\n|t:|1682316868\n|move|p1a: Rotom|Protect|p1a: Rotom\n|-singleturn|p1a: Rotom|Protect\n|move|p2b: Iron Valiant|Aura Sphere|p1b: Tauros\n|-damage|p1b: Tauros|0 fnt\n|faint|p1b: Tauros\n|move|p2a: Arcanine|Snarl|p1a: Rotom\n|-activate|p1a: Rotom|move: Protect\n|\n|upkeep\n|\n|t:|1682316877\n|switch|p1b: Chi-Yu|Chi-Yu, L50|96\/100\n|-ability|p1b: Chi-Yu|Beads of Ruin\n|turn|4\n|inactive|Yoda5555501 has 30 seconds left.\n|\n|t:|1682316903\n|move|p1b: Chi-Yu|Protect|p1b: Chi-Yu\n|-singleturn|p1b: Chi-Yu|Protect\n|move|p2b: Iron Valiant|Moonblast|p1a: Rotom\n|-crit|p1a: Rotom\n|-damage|p1a: Rotom|0 fnt\n|faint|p1a: Rotom\n|move|p2a: Arcanine|Snarl|p1b: Chi-Yu\n|-activate|p1b: Chi-Yu|move: Protect\n|\n|upkeep\n|\n|t:|1682316911\n|switch|p1a: Gholdengo|Gholdengo, L50|100\/100\n|turn|5\n|\n|t:|1682316926\n|move|p2b: Iron Valiant|Protect|p2b: Iron Valiant\n|-singleturn|p2b: Iron Valiant|Protect\n|move|p2a: Arcanine|Snarl|p1a: Gholdengo|[spread] p1a\n|-miss|p2a: Arcanine|p1b: Chi-Yu\n|-supereffective|p1a: Gholdengo\n|-damage|p1a: Gholdengo|78\/100\n|-unboost|p1a: Gholdengo|spa|1\n|move|p1b: Chi-Yu|Dark Pulse|p2a: Arcanine\n|-damage|p2a: Arcanine|37\/100\n|move|p1a: Gholdengo|Make It Rain|p2a: Arcanine|[spread] p2a\n|-activate|p2b: Iron Valiant|move: Protect\n|-resisted|p2a: Arcanine\n|-damage|p2a: Arcanine|7\/100\n|-unboost|p1a: Gholdengo|spa|1\n|-damage|p1a: Gholdengo|69\/100|[from] item: Life Orb\n|\n|-fieldend|move: Electric Terrain\n|-end|p2b: Iron Valiant|Quark Drive\n|upkeep\n|turn|6\n|inactive|Yoda5555501 has 30 seconds left.\n|\n|t:|1682316952\n|move|p1a: Gholdengo|Protect|p1a: Gholdengo\n|-singleturn|p1a: Gholdengo|Protect\n|move|p2b: Iron Valiant|Aura Sphere|p1b: Chi-Yu\n|-supereffective|p1b: Chi-Yu\n|-damage|p1b: Chi-Yu|14\/100\n|move|p2a: Arcanine|Snarl|p1a: Gholdengo|[spread] p1b\n|-activate|p1a: Gholdengo|move: Protect\n|-resisted|p1b: Chi-Yu\n|-damage|p1b: Chi-Yu|10\/100\n|-unboost|p1b: Chi-Yu|spa|1\n|move|p1b: Chi-Yu|Dark Pulse|p2a: Arcanine\n|-damage|p2a: Arcanine|0 fnt\n|faint|p2a: Arcanine\n|\n|upkeep\n|\n|t:|1682316966\n|switch|p2a: Iron Thorns|Iron Thorns, L50|100\/100\n|turn|7\n|\n|t:|1682316980\n|move|p1b: Chi-Yu|Protect|p1b: Chi-Yu\n|-singleturn|p1b: Chi-Yu|Protect\n|move|p2b: Iron Valiant|Aura Sphere|p1b: Chi-Yu\n|-activate|p1b: Chi-Yu|move: Protect\n|move|p1a: Gholdengo|Nasty Plot|p1a: Gholdengo\n|-boost|p1a: Gholdengo|spa|2\n|move|p2a: Iron Thorns|Fire Punch|p1a: Gholdengo\n|-supereffective|p1a: Gholdengo\n|-damage|p1a: Gholdengo|5\/100\n|-damage|p2a: Iron Thorns|91\/100|[from] item: Life Orb\n|\n|upkeep\n|turn|8\n|\n|t:|1682317004\n|move|p1a: Gholdengo|Protect|p1a: Gholdengo\n|-singleturn|p1a: Gholdengo|Protect\n|move|p2b: Iron Valiant|Aura Sphere|p1b: Chi-Yu\n|-supereffective|p1b: Chi-Yu\n|-damage|p1b: Chi-Yu|0 fnt\n|faint|p1b: Chi-Yu\n|move|p2a: Iron Thorns|Thunder Punch|p1a: Gholdengo\n|-activate|p1a: Gholdengo|move: Protect\n|\n|upkeep\n|turn|9\n|\n|t:|1682317016\n|move|p2b: Iron Valiant|Moonblast|p1a: Gholdengo\n|-resisted|p1a: Gholdengo\n|-damage|p1a: Gholdengo|0 fnt\n|faint|p1a: Gholdengo\n|\n|win|Yoda5555501\n|raw|Sumo'sWeenusVGC's rating: 1114 → 1087<\/strong> (-27 for losing)\n|raw|Yoda5555501's rating: 1084 → 1114<\/strong> (+30 for winning)\n|c|\u2606Sumo'sWeenusVGC|gg\n|l|\u2606Yoda5555501\n","uploadtime":1682317025,"views":31,"p1id":"sumosweenusvgc","p2id":"yoda5555501","formatid":"gen9vgc2023regulationc","rating":1087,"private":0,"password":""}