{"id":"gen9vgc2023regulationc-1849893846","p1":"lydd0220","p2":"totempancho","format":"[Gen 9] VGC 2023 Regulation C","log":"|j|\u2606lydd0220\n|j|\u2606totempancho\n|t:|1682265391\n|gametype|doubles\n|player|p1|lydd0220|101|1088\n|player|p2|totempancho|102|1000\n|teamsize|p1|6\n|teamsize|p2|6\n|gen|9\n|tier|[Gen 9] VGC 2023 Regulation C\n|rated|\n|rule|Species Clause: Limit one of each Pok\u00e9mon\n|rule|Item Clause: Limit one of each item\n|clearpoke\n|poke|p1|Flutter Mane, L50|\n|poke|p1|Gyarados, L50, M|\n|poke|p1|Arcanine, L50, M|\n|poke|p1|Ting-Lu, L50|\n|poke|p1|Tinkaton, L50, F|\n|poke|p1|Brute Bonnet, L50|\n|poke|p2|Maushold-Four, L50|\n|poke|p2|Oricorio-Pom-Pom, L50, F|\n|poke|p2|Iron Moth, L50|\n|poke|p2|Florges, L50, F|\n|poke|p2|Annihilape, L50, F|\n|poke|p2|Scyther, L50, F|\n|teampreview|4\n|\n|t:|1682265410\n|start\n|switch|p1a: Ting-Lu|Ting-Lu, L50|100\/100\n|switch|p1b: Brute Bonnet|Brute Bonnet, L50|100\/100\n|switch|p2a: Iron Moth|Iron Moth, L50|100\/100\n|switch|p2b: Florges|Florges, L50, F|100\/100\n|-ability|p1a: Ting-Lu|Vessel of Ruin\n|-enditem|p2a: Iron Moth|Booster Energy\n|-activate|p2b: Florges|ability: Symbiosis|Life Orb|[of] p2a: Iron Moth\n|-activate|p2a: Iron Moth|ability: Quark Drive|[fromitem]\n|-start|p2a: Iron Moth|quarkdrivespe\n|turn|1\n|\n|t:|1682265435\n|switch|p2b: Oricorio|Oricorio-Pom-Pom, L50, F|100\/100\n|-terastallize|p2a: Iron Moth|Grass\n|move|p2a: Iron Moth|Fiery Dance|p1b: Brute Bonnet\n|-supereffective|p1b: Brute Bonnet\n|-damage|p1b: Brute Bonnet|33\/100\n|-damage|p2a: Iron Moth|91\/100|[from] item: Life Orb\n|-activate|p2b: Oricorio|ability: Dancer\n|move|p2b: Oricorio|Fiery Dance|p1b: Brute Bonnet|[from]ability: Dancer\n|-supereffective|p1b: Brute Bonnet\n|-crit|p1b: Brute Bonnet\n|-damage|p1b: Brute Bonnet|0 fnt\n|-boost|p2b: Oricorio|spa|1\n|faint|p1b: Brute Bonnet\n|-end|p1b: Brute Bonnet|Protosynthesis|[silent]\n|move|p1a: Ting-Lu|Heavy Slam|p2b: Oricorio\n|-resisted|p2b: Oricorio\n|-damage|p2b: Oricorio|81\/100\n|\n|upkeep\n|inactive|Battle timer is ON: inactive players will automatically lose when time's up. (requested by totempancho)\n|\n|t:|1682265457\n|switch|p1b: Arcanine|Arcanine, L50, M|100\/100\n|-ability|p1b: Arcanine|Intimidate|boost\n|-unboost|p2a: Iron Moth|atk|1\n|-unboost|p2b: Oricorio|atk|1\n|turn|2\n|\n|t:|1682265477\n|move|p1b: Arcanine|Protect|p1b: Arcanine\n|-singleturn|p1b: Arcanine|Protect\n|move|p2a: Iron Moth|Fiery Dance|p1b: Arcanine\n|-activate|p1b: Arcanine|move: Protect\n|move|p2b: Oricorio|Revelation Dance|p1b: Arcanine\n|-activate|p1b: Arcanine|move: Protect\n|move|p1a: Ting-Lu|Rock Slide|p2a: Iron Moth|[spread] p2a,p2b\n|-supereffective|p2b: Oricorio\n|-damage|p2a: Iron Moth|67\/100\n|-damage|p2b: Oricorio|46\/100\n|\n|upkeep\n|turn|3\n|\n|t:|1682265497\n|move|p2a: Iron Moth|Fiery Dance|p1b: Arcanine\n|-resisted|p1b: Arcanine\n|-crit|p1b: Arcanine\n|-damage|p1b: Arcanine|64\/100\n|-boost|p2a: Iron Moth|spa|1\n|-damage|p2a: Iron Moth|57\/100|[from] item: Life Orb\n|-activate|p2b: Oricorio|ability: Dancer\n|move|p2b: Oricorio|Fiery Dance||[still]\n|-fail|p2b: Oricorio\n|move|p1b: Arcanine|Snarl|p2a: Iron Moth|[spread] p2a\n|-miss|p1b: Arcanine|p2b: Oricorio\n|-crit|p2a: Iron Moth\n|-damage|p2a: Iron Moth|47\/100\n|-unboost|p2a: Iron Moth|spa|1\n|move|p2b: Oricorio|Revelation Dance|p1b: Arcanine\n|-damage|p1b: Arcanine|0 fnt\n|faint|p1b: Arcanine\n|move|p1a: Ting-Lu|Rock Slide|p2b: Oricorio|[spread] p2a\n|-miss|p1a: Ting-Lu|p2b: Oricorio\n|-damage|p2a: Iron Moth|26\/100\n|\n|upkeep\n|\n|t:|1682265518\n|switch|p1b: Flutter Mane|Flutter Mane, L50|100\/100\n|turn|4\n|\n|t:|1682265540\n|move|p1b: Flutter Mane|Protect|p1b: Flutter Mane\n|-singleturn|p1b: Flutter Mane|Protect\n|move|p2a: Iron Moth|Sludge Wave|p1b: Flutter Mane|[spread] p2b,p1a\n|-activate|p1b: Flutter Mane|move: Protect\n|-resisted|p1a: Ting-Lu\n|-damage|p2b: Oricorio|0 fnt\n|-damage|p1a: Ting-Lu|94\/100\n|faint|p2b: Oricorio\n|-damage|p2a: Iron Moth|16\/100|[from] item: Life Orb\n|move|p1a: Ting-Lu|Rock Slide|p2a: Iron Moth\n|-damage|p2a: Iron Moth|0 fnt\n|faint|p2a: Iron Moth\n|-end|p2a: Iron Moth|Quark Drive|[silent]\n|\n|upkeep\n|\n|t:|1682265553\n|switch|p2a: Maushold|Maushold-Four, L50|100\/100\n|switch|p2b: Florges|Florges, L50, F|100\/100\n|turn|5\n|\n|t:|1682265574\n|-terastallize|p1a: Ting-Lu|Ghost\n|move|p2a: Maushold|Helping Hand|p2b: Florges\n|-singleturn|p2b: Florges|Helping Hand|[of] p2a: Maushold\n|move|p1b: Flutter Mane|Substitute|p1b: Flutter Mane\n|-start|p1b: Flutter Mane|Substitute\n|-damage|p1b: Flutter Mane|76\/100\n|move|p2b: Florges|Pollen Puff|p1a: Ting-Lu\n|-resisted|p1a: Ting-Lu\n|-damage|p1a: Ting-Lu|88\/100\n|move|p1a: Ting-Lu|Heavy Slam|p2b: Florges\n|-supereffective|p2b: Florges\n|-damage|p2b: Florges|14\/100\n|\n|-heal|p1b: Flutter Mane|82\/100|[from] item: Leftovers\n|upkeep\n|turn|6\n|inactive|totempancho has 30 seconds left.\n|\n|t:|1682265603\n|move|p2a: Maushold|Follow Me|p2a: Maushold\n|-singleturn|p2a: Maushold|move: Follow Me\n|move|p1b: Flutter Mane|Moonblast|p2a: Maushold\n|-damage|p2a: Maushold|61\/100\n|move|p2b: Florges|Dazzling Gleam|p1a: Ting-Lu|[spread] p1a,p1b\n|-activate|p1b: Flutter Mane|move: Substitute|[damage]\n|-damage|p1a: Ting-Lu|80\/100\n|move|p1a: Ting-Lu|Stomping Tantrum|p2a: Maushold\n|-damage|p2a: Maushold|22\/100\n|\n|-heal|p1b: Flutter Mane|88\/100|[from] item: Leftovers\n|upkeep\n|turn|7\n|\n|t:|1682265620\n|move|p2a: Maushold|Helping Hand|p2b: Florges\n|-singleturn|p2b: Florges|Helping Hand|[of] p2a: Maushold\n|move|p1b: Flutter Mane|Moonblast|p2b: Florges\n|-damage|p2b: Florges|0 fnt\n|faint|p2b: Florges\n|move|p1a: Ting-Lu|Stomping Tantrum|p2a: Maushold\n|-damage|p2a: Maushold|0 fnt\n|faint|p2a: Maushold\n|\n|win|lydd0220\n|raw|lydd0220's rating: 1088 → 1108<\/strong> (+20 for winning)\n|raw|totempancho's rating: 1000 → 1000<\/strong> (+0 for losing)\n|l|\u2606lydd0220\n","uploadtime":1682265632,"views":11,"p1id":"lydd0220","p2id":"totempancho","formatid":"gen9vgc2023regulationc","rating":1000,"private":0,"password":""}