{"id":"gen9vgc2023regulationc-1854362915","p1":"Dumber luck","p2":"my form empties","format":"[Gen 9] VGC 2023 Regulation C","log":"|j|\u2606Dumber luck\n|j|\u2606my form empties\n|t:|1682801592\n|gametype|doubles\n|player|p1|Dumber luck|170|1137\n|player|p2|my form empties|unknownf|1176\n|teamsize|p1|6\n|teamsize|p2|6\n|gen|9\n|tier|[Gen 9] VGC 2023 Regulation C\n|rated|\n|rule|Species Clause: Limit one of each Pok\u00e9mon\n|rule|Item Clause: Limit one of each item\n|clearpoke\n|poke|p1|Annihilape, L50, F|\n|poke|p1|Dragonite, L50, F|\n|poke|p1|Wo-Chien, L50|\n|poke|p1|Chi-Yu, L50|\n|poke|p1|Iron Jugulis, L50|\n|poke|p1|Flutter Mane, L50|\n|poke|p2|Roaring Moon, L50|\n|poke|p2|Corviknight, L50, M|\n|poke|p2|Garchomp, L50, F|\n|poke|p2|Flutter Mane, L50|\n|poke|p2|Arcanine, L50, M|\n|poke|p2|Gyarados, L50, F|\n|teampreview|4\nmy form empties has agreed to open team sheets.\n|\n|t:|1682801639\n|start\n|switch|p1a: Iron Jugulis|Iron Jugulis, L50|100\/100\n|switch|p1b: Flutter Mane|Flutter Mane, L50|100\/100\n|switch|p2a: Roaring Moon|Roaring Moon, L50|100\/100\n|switch|p2b: MINT JAMS|Flutter Mane, L50|100\/100\n|-enditem|p2a: Roaring Moon|Booster Energy\n|-activate|p2a: Roaring Moon|ability: Protosynthesis|[fromitem]\n|-start|p2a: Roaring Moon|protosynthesisspe\n|-enditem|p1a: Iron Jugulis|Booster Energy\n|-activate|p1a: Iron Jugulis|ability: Quark Drive|[fromitem]\n|-start|p1a: Iron Jugulis|quarkdrivespe\n|turn|1\n|\n|t:|1682801679\n|move|p2a: Roaring Moon|Tailwind|p2a: Roaring Moon\n|-sidestart|p2: my form empties|move: Tailwind\n|move|p2b: MINT JAMS|Moonblast|p1a: Iron Jugulis\n|-supereffective|p1a: Iron Jugulis\n|-damage|p1a: Iron Jugulis|0 fnt\n|faint|p1a: Iron Jugulis\n|-end|p1a: Iron Jugulis|Quark Drive|[silent]\n|move|p1b: Flutter Mane|Trick Room|p1b: Flutter Mane\n|-fieldstart|move: Trick Room|[of] p1b: Flutter Mane\n|\n|upkeep\n|\n|t:|1682801703\n|switch|p1a: Chi-Yu|Chi-Yu, L50|100\/100\n|-ability|p1a: Chi-Yu|Beads of Ruin\n|turn|2\n|\n|t:|1682801729\n|-terastallize|p2b: MINT JAMS|Fairy\n|move|p2a: Roaring Moon|Protect|p2a: Roaring Moon\n|-singleturn|p2a: Roaring Moon|Protect\n|move|p1a: Chi-Yu|Overheat|p2b: MINT JAMS|[miss]\n|-miss|p1a: Chi-Yu|p2b: MINT JAMS\n|move|p1b: Flutter Mane|Dazzling Gleam|p2b: MINT JAMS|[spread] p2b\n|-activate|p2a: Roaring Moon|move: Protect\n|-crit|p2b: MINT JAMS\n|-damage|p2b: MINT JAMS|39\/100\n|move|p2b: MINT JAMS|Moonblast|p1a: Chi-Yu\n|-damage|p1a: Chi-Yu|0 fnt\n|faint|p1a: Chi-Yu\n|\n|upkeep\n|\n|t:|1682801737\n|switch|p1a: Annihilape|Annihilape, L50, F|100\/100\n|turn|3\n|\n|t:|1682801756\n|-end|p2b: MINT JAMS|Protosynthesis|[silent]\n|switch|p2b: Gyarados|Gyarados, L50, F|100\/100\n|-ability|p2b: Gyarados|Intimidate|boost\n|-unboost|p1a: Annihilape|atk|1\n|-ability|p1a: Annihilape|Defiant|boost\n|-boost|p1a: Annihilape|atk|2\n|-unboost|p1b: Flutter Mane|atk|1\n|-terastallize|p1a: Annihilape|Fire\n|move|p1a: Annihilape|Bulk Up|p1a: Annihilape\n|-boost|p1a: Annihilape|atk|1\n|-boost|p1a: Annihilape|def|1\n|move|p1b: Flutter Mane|Dazzling Gleam|p2a: Roaring Moon|[spread] p2a,p2b\n|-supereffective|p2a: Roaring Moon\n|-damage|p2a: Roaring Moon|0 fnt\n|-damage|p2b: Gyarados|66\/100\n|faint|p2a: Roaring Moon\n|-end|p2a: Roaring Moon|Protosynthesis|[silent]\n|\n|-heal|p2b: Gyarados|72\/100|[from] item: Leftovers\n|upkeep\n|\n|t:|1682801766\n|switch|p2a: Garchomp|Garchomp, L50, F|100\/100\n|turn|4\n|\n|t:|1682801807\n|move|p1a: Annihilape|Protect|p1a: Annihilape\n|-singleturn|p1a: Annihilape|Protect\n|move|p1b: Flutter Mane|Dazzling Gleam|p2a: Garchomp|[spread] p2a,p2b\n|-supereffective|p2a: Garchomp\n|-damage|p2a: Garchomp|28\/100\n|-damage|p2b: Gyarados|39\/100\n|move|p2b: Gyarados|Waterfall|p1a: Annihilape\n|-activate|p1a: Annihilape|move: Protect\n|move|p2a: Garchomp|Earthquake|p1b: Flutter Mane|[spread] p1b\n|-activate|p1a: Annihilape|move: Protect\n|-immune|p2b: Gyarados\n|-damage|p1b: Flutter Mane|27\/100\n|\n|-heal|p2b: Gyarados|46\/100|[from] item: Leftovers\n|-sideend|p2: my form empties|move: Tailwind\n|upkeep\n|turn|5\n|\n|t:|1682801859\n|move|p2b: Gyarados|Waterfall|p1b: Flutter Mane\n|-damage|p1b: Flutter Mane|0 fnt\n|faint|p1b: Flutter Mane\n|-end|p1b: Flutter Mane|Protosynthesis|[silent]\n|move|p1a: Annihilape|Drain Punch|p2a: Garchomp\n|-damage|p2a: Garchomp|0 fnt\n|faint|p2a: Garchomp\n|\n|-heal|p2b: Gyarados|52\/100|[from] item: Leftovers\n|-fieldend|move: Trick Room\n|upkeep\n|\n|t:|1682801864\n|switch|p2a: MINT JAMS|Flutter Mane, L50, tera:Fairy|39\/100\n|turn|6\n|\n|t:|1682801883\n|move|p2a: MINT JAMS|Shadow Ball|p1a: Annihilape\n|-damage|p1a: Annihilape|39\/100\n|move|p1a: Annihilape|Rage Fist|p2b: Gyarados\n|-damage|p2b: Gyarados|0 fnt\n|faint|p2b: Gyarados\n|\n|upkeep\n|turn|7\n|\n|t:|1682801894\n|move|p1a: Annihilape|Protect|p1a: Annihilape\n|-singleturn|p1a: Annihilape|Protect\n|move|p2a: MINT JAMS|Shadow Ball|p1a: Annihilape\n|-activate|p1a: Annihilape|move: Protect\n|\n|upkeep\n|turn|8\n|\n|t:|1682801907\n|move|p2a: MINT JAMS|Shadow Ball|p1a: Annihilape\n|-damage|p1a: Annihilape|0 fnt\n|faint|p1a: Annihilape\n|\n|win|my form empties\n|raw|Dumber luck's rating: 1137 → 1115<\/strong> (-22 for losing)\n|raw|my form empties's rating: 1176 → 1198<\/strong> (+22 for winning)\n","uploadtime":1682801911,"views":16,"p1id":"dumberluck","p2id":"myformempties","formatid":"gen9vgc2023regulationc","rating":1115,"private":0,"password":""}