{"id":"gen9vgc2023regulationc-1859103640","p1":"sjeufke","p2":"Wormfury","format":"[Gen 9] VGC 2023 Regulation C","log":"|j|\u2606sjeufke\n|j|\u2606Wormfury\n|t:|1683404853\n|gametype|doubles\n|player|p1|sjeufke|palmer|1208\n|player|p2|Wormfury|101|1302\n|teamsize|p1|6\n|teamsize|p2|6\n|gen|9\n|tier|[Gen 9] VGC 2023 Regulation C\n|rated|\n|rule|Species Clause: Limit one of each Pok\u00e9mon\n|rule|Item Clause: Limit one of each item\n|clearpoke\n|poke|p1|Ting-Lu, L50|\n|poke|p1|Abomasnow, L50, M|\n|poke|p1|Flutter Mane, L50|\n|poke|p1|Iron Hands, L50|\n|poke|p1|Bronzong, L50|\n|poke|p1|Arcanine, L50, M|\n|poke|p2|Medicham, L50, M|\n|poke|p2|Dondozo, L50, F|\n|poke|p2|Tatsugiri-Droopy, L50, F|\n|poke|p2|Roaring Moon, L50|\n|poke|p2|Misdreavus, L50, F|\n|poke|p2|Flutter Mane, L50|\n|teampreview|4\n|inactive|Battle timer is ON: inactive players will automatically lose when time's up. (requested by Wormfury)\n|inactive|sjeufke also wants the timer to be on.\n|inactive|sjeufke has 60 seconds left.\n|inactive|Wormfury has 60 seconds left.\n|inactive|Wormfury has 30 seconds left.\nsjeufke has agreed to open team sheets.\n|inactive|Wormfury has 20 seconds left.\n|\n|t:|1683404924\n|start\n|switch|p1a: Bronzong|Bronzong, L50|100\/100\n|switch|p1b: Iron Hands|Iron Hands, L50|100\/100\n|switch|p2a: Regular Mane|Misdreavus, L50, F, shiny|100\/100\n|switch|p2b: Roaring Moon|Roaring Moon, L50|100\/100\n|turn|1\n|\n|t:|1683404942\n|move|p2b: Roaring Moon|Protect|p2b: Roaring Moon\n|-singleturn|p2b: Roaring Moon|Protect\n|move|p1b: Iron Hands|Fake Out|p2b: Roaring Moon\n|-activate|p2b: Roaring Moon|move: Protect\n|move|p2a: Regular Mane|Taunt|p1a: Bronzong\n|-start|p1a: Bronzong|move: Taunt\n|cant|p1a: Bronzong|move: Taunt|Trick Room\n|\n|upkeep\n|turn|2\n|\n|t:|1683404958\n|move|p2b: Roaring Moon|Breaking Swipe|p1a: Bronzong|[spread] p1a,p1b\n|-resisted|p1a: Bronzong\n|-damage|p1a: Bronzong|91\/100\n|-damage|p1b: Iron Hands|83\/100\n|-unboost|p1a: Bronzong|atk|1\n|-unboost|p1b: Iron Hands|atk|1\n|move|p2a: Regular Mane|Will-O-Wisp|p1b: Iron Hands\n|-status|p1b: Iron Hands|brn\n|move|p1b: Iron Hands|Close Combat|p2b: Roaring Moon\n|-supereffective|p2b: Roaring Moon\n|-damage|p2b: Roaring Moon|40\/100\n|-unboost|p1b: Iron Hands|def|1\n|-unboost|p1b: Iron Hands|spd|1\n|move|p1a: Bronzong|Gyro Ball|p2a: Regular Mane\n|-damage|p2a: Regular Mane|83\/100\n|\n|-damage|p1b: Iron Hands|77\/100 brn|[from] brn\n|upkeep\n|turn|3\n|inactive|sjeufke has 30 seconds left.\n|\n|t:|1683404984\n|switch|p1a: Arcanine|Arcanine, L50, M|100\/100\n|-ability|p1a: Arcanine|Intimidate|boost\n|-unboost|p2a: Regular Mane|atk|1\n|-unboost|p2b: Roaring Moon|atk|1\n|move|p2b: Roaring Moon|Protect|p2b: Roaring Moon\n|-singleturn|p2b: Roaring Moon|Protect\n|move|p2a: Regular Mane|Sunny Day|p2a: Regular Mane\n|-weather|SunnyDay\n|-activate|p2b: Roaring Moon|ability: Protosynthesis\n|-start|p2b: Roaring Moon|protosynthesisspe\n|move|p1b: Iron Hands|Volt Switch|p2a: Regular Mane\n|-damage|p2a: Regular Mane|73\/100\n|\n|t:|1683404997\n|-end|p1b: Iron Hands|Quark Drive|[silent]\n|switch|p1b: Bronzong|Bronzong, L50|91\/100|[from] Volt Switch\n|\n|-weather|SunnyDay|[upkeep]\n|upkeep\n|turn|4\n|\n|t:|1683405009\n|-terastallize|p1b: Bronzong|Fire\n|move|p2b: Roaring Moon|Earthquake|p1a: Arcanine|[spread] p1a\n|-immune|p2a: Regular Mane|[from] ability: Levitate\n|-immune|p1b: Bronzong|[from] ability: Levitate\n|-supereffective|p1a: Arcanine\n|-damage|p1a: Arcanine|59\/100\n|move|p1a: Arcanine|Flare Blitz|p2a: Regular Mane\n|-damage|p2a: Regular Mane|0 fnt\n|faint|p2a: Regular Mane\n|-damage|p1a: Arcanine|38\/100|[from] Recoil\n|move|p1b: Bronzong|Trick Room|p1b: Bronzong\n|-fieldstart|move: Trick Room|[of] p1b: Bronzong\n|\n|-weather|SunnyDay|[upkeep]\n|upkeep\n|\n|t:|1683405024\n|switch|p2a: Dondozo|Dondozo, L50, F, shiny|100\/100\n|turn|5\n|\n|t:|1683405043\n|move|p1b: Bronzong|Gyro Ball|p2b: Roaring Moon\n|-damage|p2b: Roaring Moon|0 fnt\n|faint|p2b: Roaring Moon\n|-end|p2b: Roaring Moon|Protosynthesis|[silent]\n|move|p2a: Dondozo|Substitute|p2a: Dondozo\n|-start|p2a: Dondozo|Substitute\n|-damage|p2a: Dondozo|76\/100\n|move|p1a: Arcanine|Will-O-Wisp||[still]\n|-fail|p1a: Arcanine\n|\n|-weather|SunnyDay|[upkeep]\n|-heal|p2a: Dondozo|82\/100|[from] item: Leftovers\n|upkeep\n|\n|t:|1683405051\n|switch|p2b: Tatsugiri|Tatsugiri-Droopy, L50, F, shiny|100\/100\n|-activate|p2b: Tatsugiri|ability: Commander|[of] p2a: Dondozo\n|-boost|p2a: Dondozo|atk|2\n|-boost|p2a: Dondozo|spa|2\n|-boost|p2a: Dondozo|spe|2\n|-boost|p2a: Dondozo|def|2\n|-boost|p2a: Dondozo|spd|2\n|-enditem|p1a: Arcanine|Mirror Herb\n|-boost|p1a: Arcanine|atk|2|[from] item: Mirror Herb\n|-boost|p1a: Arcanine|spa|2|[from] item: Mirror Herb\n|-boost|p1a: Arcanine|spe|2|[from] item: Mirror Herb\n|-boost|p1a: Arcanine|def|2|[from] item: Mirror Herb\n|-boost|p1a: Arcanine|spd|2|[from] item: Mirror Herb\n|turn|6\n|c|\u2606Wormfury|Yoooo\n|c|\u2606Wormfury|Thats wild\n|c|\u2606Wormfury|11\/10\n|inactive|sjeufke has 30 seconds left.\n|inactive|Wormfury has 30 seconds left.\n|inactive|sjeufke has 20 seconds left.\n|\n|t:|1683405088\n|switch|p1b: Iron Hands|Iron Hands, L50|77\/100 brn\n|move|p1a: Arcanine|Protect|p1a: Arcanine\n|-singleturn|p1a: Arcanine|Protect\n|move|p2a: Dondozo|Order Up|p1a: Arcanine\n|-activate|p1a: Arcanine|move: Protect\n|\n|-weather|SunnyDay|[upkeep]\n|-heal|p2a: Dondozo|88\/100|[from] item: Leftovers\n|-damage|p1b: Iron Hands|71\/100 brn|[from] brn\n|upkeep\n|turn|7\n|\n|t:|1683405108\n|move|p2a: Dondozo|Protect|p2a: Dondozo\n|-singleturn|p2a: Dondozo|Protect\n|move|p1a: Arcanine|Extreme Speed|p2a: Dondozo\n|-activate|p2a: Dondozo|move: Protect\n|move|p1b: Iron Hands|Wild Charge|p2a: Dondozo\n|-activate|p2a: Dondozo|move: Protect\n|\n|-weather|none\n|-heal|p2a: Dondozo|93\/100|[from] item: Leftovers\n|-damage|p1b: Iron Hands|65\/100 brn|[from] brn\n|upkeep\n|turn|8\n|\n|t:|1683405132\n|move|p1a: Arcanine|Extreme Speed|p2a: Dondozo\n|-activate|p2a: Dondozo|move: Substitute|[damage]\n|move|p1b: Iron Hands|Wild Charge|p2a: Dondozo\n|-supereffective|p2a: Dondozo\n|-activate|p2a: Dondozo|move: Substitute|[damage]\n|-damage|p1b: Iron Hands|62\/100 brn|[from] Recoil|[of] p2a: Dondozo\n|move|p2a: Dondozo|Substitute|p2a: Dondozo\n|-fail|p2a: Dondozo|move: Substitute\n|\n|-heal|p2a: Dondozo|99\/100|[from] item: Leftovers\n|-damage|p1b: Iron Hands|55\/100 brn|[from] brn\n|-fieldend|move: Trick Room\n|upkeep\n|turn|9\n|\n|t:|1683405148\n|move|p1a: Arcanine|Extreme Speed|p2a: Dondozo\n|-end|p2a: Dondozo|Substitute\n|move|p2a: Dondozo|Order Up|p1a: Arcanine\n|-damage|p1a: Arcanine|17\/100\n|-boost|p2a: Dondozo|def|1\n|move|p1b: Iron Hands|Wild Charge|p2a: Dondozo\n|-supereffective|p2a: Dondozo\n|-damage|p2a: Dondozo|90\/100\n|-damage|p1b: Iron Hands|53\/100 brn|[from] Recoil\n|\n|-heal|p2a: Dondozo|96\/100|[from] item: Leftovers\n|-damage|p1b: Iron Hands|47\/100 brn|[from] brn\n|upkeep\n|turn|10\n|\n|t:|1683405167\n|move|p2a: Dondozo|Protect|p2a: Dondozo\n|-singleturn|p2a: Dondozo|Protect\n|move|p1a: Arcanine|Will-O-Wisp|p2a: Dondozo\n|-activate|p2a: Dondozo|move: Protect\n|move|p1b: Iron Hands|Wild Charge|p2a: Dondozo\n|-activate|p2a: Dondozo|move: Protect\n|\n|-heal|p2a: Dondozo|100\/100|[from] item: Leftovers\n|-damage|p1b: Iron Hands|41\/100 brn|[from] brn\n|upkeep\n|turn|11\n|\n|t:|1683405178\n|move|p1a: Arcanine|Will-O-Wisp|p2a: Dondozo\n|-status|p2a: Dondozo|brn\n|move|p2a: Dondozo|Substitute|p2a: Dondozo\n|-start|p2a: Dondozo|Substitute\n|-damage|p2a: Dondozo|76\/100 brn\n|move|p1b: Iron Hands|Wild Charge|p2a: Dondozo\n|-supereffective|p2a: Dondozo\n|-activate|p2a: Dondozo|move: Substitute|[damage]\n|-damage|p1b: Iron Hands|38\/100 brn|[from] Recoil|[of] p2a: Dondozo\n|\n|-heal|p2a: Dondozo|82\/100 brn|[from] item: Leftovers\n|-damage|p2a: Dondozo|76\/100 brn|[from] brn\n|-damage|p1b: Iron Hands|32\/100 brn|[from] brn\n|upkeep\n|turn|12\n|\n|t:|1683405191\n|move|p1a: Arcanine|Protect|p1a: Arcanine\n|-singleturn|p1a: Arcanine|Protect\n|move|p2a: Dondozo|Order Up|p1b: Iron Hands\n|-damage|p1b: Iron Hands|19\/100 brn\n|-boost|p2a: Dondozo|def|1\n|move|p1b: Iron Hands|Wild Charge|p2a: Dondozo\n|-supereffective|p2a: Dondozo\n|-activate|p2a: Dondozo|move: Substitute|[damage]\n|-damage|p1b: Iron Hands|17\/100 brn|[from] Recoil|[of] p2a: Dondozo\n|\n|-heal|p2a: Dondozo|82\/100 brn|[from] item: Leftovers\n|-damage|p2a: Dondozo|76\/100 brn|[from] brn\n|-damage|p1b: Iron Hands|10\/100 brn|[from] brn\n|upkeep\n|turn|13\n|\n|t:|1683405199\n|move|p1a: Arcanine|Extreme Speed|p2a: Dondozo\n|-end|p2a: Dondozo|Substitute\n|move|p2a: Dondozo|Order Up|p1a: Arcanine\n|-damage|p1a: Arcanine|5\/100\n|-boost|p2a: Dondozo|def|1\n|move|p1b: Iron Hands|Wild Charge|p2a: Dondozo\n|-supereffective|p2a: Dondozo\n|-damage|p2a: Dondozo|68\/100 brn\n|-damage|p1b: Iron Hands|8\/100 brn|[from] Recoil\n|\n|-heal|p2a: Dondozo|74\/100 brn|[from] item: Leftovers\n|-damage|p2a: Dondozo|68\/100 brn|[from] brn\n|-damage|p1b: Iron Hands|2\/100 brn|[from] brn\n|upkeep\n|turn|14\n|\n|t:|1683405211\n|move|p1a: Arcanine|Protect|p1a: Arcanine\n|-singleturn|p1a: Arcanine|Protect\n|move|p2a: Dondozo|Protect|p2a: Dondozo\n|-singleturn|p2a: Dondozo|Protect\n|move|p1b: Iron Hands|Wild Charge|p2a: Dondozo\n|-activate|p2a: Dondozo|move: Protect\n|\n|-heal|p2a: Dondozo|74\/100 brn|[from] item: Leftovers\n|-damage|p2a: Dondozo|68\/100 brn|[from] brn\n|-damage|p1b: Iron Hands|0 fnt|[from] brn\n|faint|p1b: Iron Hands\n|-end|p1b: Iron Hands|Quark Drive|[silent]\n|upkeep\n|\n|t:|1683405225\n|switch|p1b: Ting-Lu|Ting-Lu, L50|100\/100\n|-ability|p1b: Ting-Lu|Vessel of Ruin\n|turn|15\n|\n|t:|1683405241\n|move|p1a: Arcanine|Flare Blitz|p2a: Dondozo\n|-resisted|p2a: Dondozo\n|-crit|p2a: Dondozo\n|-damage|p2a: Dondozo|30\/100 brn\n|-damage|p1a: Arcanine|0 fnt|[from] Recoil\n|faint|p1a: Arcanine\n|move|p2a: Dondozo|Order Up|p1b: Ting-Lu\n|-damage|p1b: Ting-Lu|89\/100\n|-boost|p2a: Dondozo|def|1\n|move|p1b: Ting-Lu|Stomping Tantrum|p2a: Dondozo\n|-damage|p2a: Dondozo|23\/100 brn\n|\n|-heal|p2a: Dondozo|29\/100 brn|[from] item: Leftovers\n|-damage|p2a: Dondozo|23\/100 brn|[from] brn\n|upkeep\n|\n|t:|1683405249\n|switch|p1a: Bronzong|Bronzong, L50, tera:Fire|91\/100\n|turn|16\n|\n|t:|1683405260\n|move|p2a: Dondozo|Body Press|p1b: Ting-Lu\n|-supereffective|p1b: Ting-Lu\n|-damage|p1b: Ting-Lu|24\/100\n|move|p1b: Ting-Lu|Stomping Tantrum|p2a: Dondozo\n|-damage|p2a: Dondozo|17\/100 brn\n|move|p1a: Bronzong|Trick Room|p1a: Bronzong\n|-fieldstart|move: Trick Room|[of] p1a: Bronzong\n|\n|-heal|p2a: Dondozo|23\/100 brn|[from] item: Leftovers\n|-damage|p2a: Dondozo|17\/100 brn|[from] brn\n|upkeep\n|turn|17\n|\n|t:|1683405270\n|move|p2a: Dondozo|Protect|p2a: Dondozo\n|-singleturn|p2a: Dondozo|Protect\n|move|p1a: Bronzong|Gyro Ball|p2a: Dondozo\n|-activate|p2a: Dondozo|move: Protect\n|move|p1b: Ting-Lu|Stomping Tantrum|p2a: Dondozo\n|-activate|p2a: Dondozo|move: Protect\n|\n|-heal|p2a: Dondozo|23\/100 brn|[from] item: Leftovers\n|-damage|p2a: Dondozo|17\/100 brn|[from] brn\n|upkeep\n|turn|18\n|\n|t:|1683405278\n|move|p1a: Bronzong|Gyro Ball|p2a: Dondozo\n|-resisted|p2a: Dondozo\n|-damage|p2a: Dondozo|15\/100 brn\n|move|p1b: Ting-Lu|Stomping Tantrum|p2a: Dondozo\n|-damage|p2a: Dondozo|8\/100 brn\n|move|p2a: Dondozo|Body Press|p1b: Ting-Lu\n|-supereffective|p1b: Ting-Lu\n|-damage|p1b: Ting-Lu|0 fnt\n|faint|p1b: Ting-Lu\n|\n|-heal|p2a: Dondozo|14\/100 brn|[from] item: Leftovers\n|-damage|p2a: Dondozo|8\/100 brn|[from] brn\n|upkeep\n|turn|19\n|-message|sjeufke forfeited.\n|\n|win|Wormfury\n|raw|sjeufke's rating: 1208 → 1190<\/strong> (-18 for losing)\n|raw|Wormfury's rating: 1302 → 1317<\/strong> (+15 for winning)\n|l|\u2606sjeufke\n","uploadtime":1683405307,"views":16,"p1id":"sjeufke","p2id":"wormfury","formatid":"gen9vgc2023regulationc","rating":1190,"private":0,"password":""}