{"id":"gen9vgc2023regulationc-1847583388","p1":"nimendedadie","p2":"Gildren","format":"[Gen 9] VGC 2023 Regulation C","log":"|j|\u2606nimendedadie\n|j|\u2606Gildren\n|t:|1681977339\n|gametype|doubles\n|player|p1|nimendedadie|dawn|1442\n|player|p2|Gildren|102|1469\n|teamsize|p1|6\n|teamsize|p2|6\n|gen|9\n|tier|[Gen 9] VGC 2023 Regulation C\n|rated|\n|rule|Species Clause: Limit one of each Pok\u00e9mon\n|rule|Item Clause: Limit one of each item\n|clearpoke\n|poke|p1|Palafin, L50, M|\n|poke|p1|Arcanine, L50, M|\n|poke|p1|Amoonguss, L50, F|\n|poke|p1|Flutter Mane, L50|\n|poke|p1|Chien-Pao, L50|\n|poke|p1|Ting-Lu, L50|\n|poke|p2|Orthworm, L50, M|\n|poke|p2|Dragonite, L50, F|\n|poke|p2|Ting-Lu, L50|\n|poke|p2|Gyarados, L50, M|\n|poke|p2|Flutter Mane, L50|\n|poke|p2|Chien-Pao, L50|\n|teampreview|4\n|inactive|Battle timer is ON: inactive players will automatically lose when time's up. (requested by nimendedadie)\n|\n|t:|1681977369\n|start\n|switch|p1a: Palafin|Palafin, L50, M|100\/100\n|switch|p1b: Flutter Mane|Flutter Mane, L50|100\/100\n|switch|p2a: Ting-Lu|Ting-Lu, L50|100\/100\n|switch|p2b: Gyarados|Gyarados, L50, M, shiny|100\/100\n|-ability|p2b: Gyarados|Intimidate|boost\n|-unboost|p1a: Palafin|atk|1\n|-unboost|p1b: Flutter Mane|atk|1\n|-ability|p2a: Ting-Lu|Vessel of Ruin\n|-enditem|p1b: Flutter Mane|Booster Energy\n|-activate|p1b: Flutter Mane|ability: Protosynthesis|[fromitem]\n|-start|p1b: Flutter Mane|protosynthesisspa\n|turn|1\n|\n|t:|1681977390\n|detailschange|p1a: Palafin|Palafin-Hero, L50, M\n|switch|p1a: Amoonguss|Amoonguss, L50, F|100\/100\n|move|p1b: Flutter Mane|Protect|p1b: Flutter Mane\n|-singleturn|p1b: Flutter Mane|Protect\n|move|p2b: Gyarados|Waterfall|p1a: Amoonguss\n|-resisted|p1a: Amoonguss\n|-damage|p1a: Amoonguss|87\/100\n|move|p2a: Ting-Lu|Earthquake|p1a: Amoonguss|[spread] p1a\n|-activate|p1b: Flutter Mane|move: Protect\n|-immune|p2b: Gyarados\n|-damage|p1a: Amoonguss|44\/100\n|-enditem|p1a: Amoonguss|Sitrus Berry|[eat]\n|-heal|p1a: Amoonguss|69\/100|[from] item: Sitrus Berry\n|\n|upkeep\n|turn|2\n|\n|t:|1681977408\n|move|p1b: Flutter Mane|Moonblast|p2b: Gyarados\n|-damage|p2b: Gyarados|56\/100\n|move|p2b: Gyarados|Taunt|p1a: Amoonguss\n|-start|p1a: Amoonguss|move: Taunt\n|move|p2a: Ting-Lu|Earthquake|p1a: Amoonguss|[spread] p1a,p1b\n|-immune|p2b: Gyarados\n|-crit|p1b: Flutter Mane\n|-damage|p1a: Amoonguss|25\/100\n|-damage|p1b: Flutter Mane|0 fnt\n|faint|p1b: Flutter Mane\n|-end|p1b: Flutter Mane|Protosynthesis|[silent]\n|cant|p1a: Amoonguss|move: Taunt|Spore\n|\n|upkeep\n|\n|t:|1681977418\n|switch|p1b: Palafin|Palafin-Hero, L50, M|100\/100\n|-activate|p1b: Palafin|ability: Zero to Hero\n|turn|3\n|inactive|Gildren has 30 seconds left.\n|inactive|Gildren has 20 seconds left.\n|inactive|Gildren has 15 seconds left.\n|\n|t:|1681977458\n|switch|p1a: Arcanine|Arcanine, L50, M|100\/100\n|-ability|p1a: Arcanine|Intimidate|boost\n|-unboost|p2a: Ting-Lu|atk|1\n|-unboost|p2b: Gyarados|atk|1\n|-terastallize|p2a: Ting-Lu|Water\n|move|p1b: Palafin|Protect|p1b: Palafin\n|-singleturn|p1b: Palafin|Protect\n|move|p2b: Gyarados|Thunder Wave|p1b: Palafin\n|-activate|p1b: Palafin|move: Protect\n|move|p2a: Ting-Lu|Earthquake|p1b: Palafin|[spread] p1a\n|-activate|p1b: Palafin|move: Protect\n|-immune|p2b: Gyarados\n|-supereffective|p1a: Arcanine\n|-damage|p1a: Arcanine|27\/100\n|\n|upkeep\n|turn|4\n|\n|t:|1681977480\n|-terastallize|p1b: Palafin|Water\n|move|p1a: Arcanine|Extreme Speed|p2b: Gyarados\n|-damage|p2b: Gyarados|29\/100\n|move|p1b: Palafin|Wave Crash|p2b: Gyarados\n|-resisted|p2b: Gyarados\n|-damage|p2b: Gyarados|0 fnt\n|faint|p2b: Gyarados\n|-damage|p1b: Palafin|91\/100|[from] Recoil\n|move|p2a: Ting-Lu|Earthquake|p1b: Palafin|[spread] p1a,p1b\n|-supereffective|p1a: Arcanine\n|-damage|p1a: Arcanine|0 fnt\n|-damage|p1b: Palafin|61\/100\n|faint|p1a: Arcanine\n|\n|upkeep\n|\n|t:|1681977493\n|switch|p2b: Chien-Pao|Chien-Pao, L50|100\/100\n|switch|p1a: Amoonguss|Amoonguss, L50, F|59\/100\n|-ability|p2b: Chien-Pao|Sword of Ruin\n|turn|5\n|\n|t:|1681977503\n|move|p1b: Palafin|Jet Punch|p2b: Chien-Pao\n|-damage|p2b: Chien-Pao|18\/100\n|move|p2b: Chien-Pao|Ice Spinner|p1a: Amoonguss\n|-supereffective|p1a: Amoonguss\n|-damage|p1a: Amoonguss|0 fnt\n|faint|p1a: Amoonguss\n|move|p2a: Ting-Lu|Earthquake|p1b: Palafin|[spread] p2b,p1b\n|-damage|p2b: Chien-Pao|0 fnt\n|-damage|p1b: Palafin|20\/100\n|faint|p2b: Chien-Pao\n|\n|upkeep\n|\n|t:|1681977510\n|switch|p2b: Orthworm|Orthworm, L50, M, shiny|100\/100\n|turn|6\n|-message|nimendedadie forfeited.\n|\n|win|Gildren\n|raw|nimendedadie's rating: 1442 → 1424<\/strong> (-18 for losing)\n|raw|Gildren's rating: 1469 → 1487<\/strong> (+18 for winning)\n","uploadtime":1681977550,"views":8,"p1id":"nimendedadie","p2id":"gildren","formatid":"gen9vgc2023regulationc","rating":1424,"private":0,"password":""}