{"id":"gen9vgc2023regulationc-1854495322","p1":"drartix","p2":"Imonthebusty","format":"[Gen 9] VGC 2023 Regulation C","log":"|j|\u2606drartix\n|j|\u2606Imonthebusty\n|t:|1682818351\n|gametype|doubles\n|player|p1|drartix|volkner|1099\n|player|p2|Imonthebusty|2|1000\n|teamsize|p1|6\n|teamsize|p2|4\n|gen|9\n|tier|[Gen 9] VGC 2023 Regulation C\n|rated|\n|rule|Species Clause: Limit one of each Pok\u00e9mon\n|rule|Item Clause: Limit one of each item\n|clearpoke\n|poke|p1|Ceruledge, L50, F|\n|poke|p1|Wo-Chien, L50|\n|poke|p1|Gastrodon-East, L50, M|\n|poke|p1|Corviknight, L50, F|\n|poke|p1|Glimmora, L50, F|\n|poke|p1|Indeedee-F, L50, F|\n|poke|p2|Sylveon, L50, M|\n|poke|p2|Grimmsnarl, L50, M|\n|poke|p2|Chi-Yu, L50|\n|poke|p2|Amoonguss, L50, M|\n|teampreview|4\n|\n|t:|1682818379\n|start\n|switch|p1a: Ceruledge|Ceruledge, L50, F|100\/100\n|switch|p1b: Gastrodon|Gastrodon-East, L50, M, shiny|100\/100\n|switch|p2a: Sylveon|Sylveon, L50, M|100\/100\n|switch|p2b: Grimmsnarl|Grimmsnarl, L50, M|100\/100\n|turn|1\n|\n|t:|1682818400\n|-terastallize|p1a: Ceruledge|Bug\n|move|p2b: Grimmsnarl|Reflect|p2b: Grimmsnarl\n|-sidestart|p2: Imonthebusty|Reflect\n|move|p1a: Ceruledge|Bulk Up|p1a: Ceruledge\n|-boost|p1a: Ceruledge|atk|1\n|-boost|p1a: Ceruledge|def|1\n|move|p2a: Sylveon|Yawn|p1a: Ceruledge\n|-start|p1a: Ceruledge|move: Yawn|[of] p2a: Sylveon\n|move|p1b: Gastrodon|Clear Smog|p2a: Sylveon\n|-supereffective|p2a: Sylveon\n|-damage|p2a: Sylveon|85\/100\n|-clearboost|p2a: Sylveon\n|\n|upkeep\n|turn|2\n|\n|t:|1682818425\n|switch|p1a: Glimmora|Glimmora, L50, F, shiny|100\/100\n|move|p2b: Grimmsnarl|Light Screen|p2b: Grimmsnarl\n|-sidestart|p2: Imonthebusty|move: Light Screen\n|move|p2a: Sylveon|Yawn|p1b: Gastrodon\n|-start|p1b: Gastrodon|move: Yawn|[of] p2a: Sylveon\n|move|p1b: Gastrodon|Clear Smog|p2a: Sylveon\n|-supereffective|p2a: Sylveon\n|-damage|p2a: Sylveon|73\/100\n|-clearboost|p2a: Sylveon\n|\n|upkeep\n|turn|3\n|\n|t:|1682818445\n|move|p1a: Glimmora|Sludge Bomb|p2b: Grimmsnarl\n|-supereffective|p2b: Grimmsnarl\n|-damage|p2b: Grimmsnarl|57\/100\n|move|p2a: Sylveon|Hyper Voice|p1b: Gastrodon|[spread] p1a,p1b\n|-resisted|p1a: Glimmora\n|-damage|p1a: Glimmora|86\/100\n|-damage|p1b: Gastrodon|64\/100\n|-enditem|p2a: Sylveon|Throat Spray\n|-boost|p2a: Sylveon|spa|1|[from] item: Throat Spray\n|move|p2b: Grimmsnarl|Spirit Break|p1b: Gastrodon\n|-damage|p1b: Gastrodon|36\/100\n|-unboost|p1b: Gastrodon|spa|1\n|-enditem|p1b: Gastrodon|Sitrus Berry|[eat]\n|-heal|p1b: Gastrodon|60\/100|[from] item: Sitrus Berry\n|move|p1b: Gastrodon|Clear Smog|p2a: Sylveon\n|-supereffective|p2a: Sylveon\n|-damage|p2a: Sylveon|65\/100\n|-clearboost|p2a: Sylveon\n|\n|-end|p1b: Gastrodon|move: Yawn|[silent]\n|-status|p1b: Gastrodon|slp\n|upkeep\n|turn|4\n|\n|t:|1682818475\n|move|p2b: Grimmsnarl|Parting Shot|p1a: Glimmora\n|-unboost|p1a: Glimmora|atk|1\n|-unboost|p1a: Glimmora|spa|1\n|\n|t:|1682818478\n|switch|p2b: Chi-Yu|Chi-Yu, L50|100\/100|[from] Parting Shot\n|-ability|p2b: Chi-Yu|Beads of Ruin\n|move|p1a: Glimmora|Sludge Bomb|p2a: Sylveon\n|-supereffective|p2a: Sylveon\n|-damage|p2a: Sylveon|31\/100\n|-status|p2a: Sylveon|psn\n|move|p2a: Sylveon|Yawn|p1a: Glimmora\n|-start|p1a: Glimmora|move: Yawn|[of] p2a: Sylveon\n|cant|p1b: Gastrodon|slp\n|\n|-damage|p2a: Sylveon|19\/100 psn|[from] psn\n|upkeep\n|turn|5\n|\n|t:|1682818499\n|switch|p1a: Ceruledge|Ceruledge, L50, F, tera:Bug|100\/100\n|move|p2b: Chi-Yu|Dark Pulse|p1a: Ceruledge\n|-damage|p1a: Ceruledge|44\/100\n|move|p2a: Sylveon|Hyper Voice|p1a: Ceruledge|[spread] p1a,p1b\n|-damage|p1a: Ceruledge|0 fnt\n|-damage|p1b: Gastrodon|11\/100 slp\n|faint|p1a: Ceruledge\n|-curestatus|p1b: Gastrodon|slp|[msg]\n|move|p1b: Gastrodon|Recover|p1b: Gastrodon\n|-heal|p1b: Gastrodon|61\/100\n|\n|-damage|p2a: Sylveon|6\/100 psn|[from] psn\n|upkeep\n|\n|t:|1682818516\n|switch|p1a: Glimmora|Glimmora, L50, F, shiny|86\/100\n|turn|6\n|\n|t:|1682818528\n|switch|p2a: Amoonguss|Amoonguss, L50, M|100\/100\n|-terastallize|p2b: Chi-Yu|Grass\n|move|p2b: Chi-Yu|Tera Blast|p1b: Gastrodon\n|-supereffective|p1b: Gastrodon\n|-damage|p1b: Gastrodon|0 fnt\n|faint|p1b: Gastrodon\n|move|p1a: Glimmora|Power Gem|p2b: Chi-Yu\n|-damage|p2b: Chi-Yu|71\/100\n|\n|upkeep\n|\n|t:|1682818540\n|switch|p1b: Indeedee|Indeedee-F, L50, F, shiny|100\/100\n|-fieldstart|move: Psychic Terrain|[from] ability: Psychic Surge|[of] p1b: Indeedee\n|turn|7\n|\n|t:|1682818549\n|move|p2b: Chi-Yu|Protect|p2b: Chi-Yu\n|-singleturn|p2b: Chi-Yu|Protect\n|move|p1b: Indeedee|Follow Me|p1b: Indeedee\n|-singleturn|p1b: Indeedee|move: Follow Me\n|move|p1a: Glimmora|Sludge Bomb|p2b: Chi-Yu\n|-activate|p2b: Chi-Yu|move: Protect\n|move|p2a: Amoonguss|Spore|p1b: Indeedee\n|-activate|p1b: Indeedee|item: Safety Goggles|Spore\n|\n|upkeep\n|turn|8\n|\n|t:|1682818577\n|move|p1b: Indeedee|Follow Me|p1b: Indeedee\n|-singleturn|p1b: Indeedee|move: Follow Me\n|move|p2b: Chi-Yu|Dark Pulse|p1b: Indeedee\n|-supereffective|p1b: Indeedee\n|-damage|p1b: Indeedee|0 fnt\n|faint|p1b: Indeedee\n|move|p1a: Glimmora|Sludge Bomb|p2b: Chi-Yu\n|-supereffective|p2b: Chi-Yu\n|-damage|p2b: Chi-Yu|6\/100\n|-enditem|p2b: Chi-Yu|Sitrus Berry|[eat]\n|-heal|p2b: Chi-Yu|30\/100|[from] item: Sitrus Berry\n|move|p2a: Amoonguss|Pollen Puff|p1a: Glimmora\n|-resisted|p1a: Glimmora\n|-damage|p1a: Glimmora|77\/100\n|\n|-sideend|p2: Imonthebusty|Reflect\n|upkeep\n|turn|9\n|-message|drartix forfeited.\n|\n|win|Imonthebusty\n|raw|drartix's rating: 1099 → 1067<\/strong> (-32 for losing)\n|raw|Imonthebusty's rating: 1000 → 1051<\/strong> (+51 for winning)\n|l|\u2606drartix\n|j|\u2606drartix\n|player|p1|drartix|volkner\n|l|\u2606drartix\n|player|p1|\n","uploadtime":1682818598,"views":11,"p1id":"drartix","p2id":"imonthebusty","formatid":"gen9vgc2023regulationc","rating":1051,"private":0,"password":""}