{"id":"gen9vgc2023regulationc-1860621997","p1":"littensalt","p2":"xXCorManGamingYT","format":"[Gen 9] VGC 2023 Regulation C","log":"|j|\u2606littensalt\n|j|\u2606xXCorManGamingYT\n|t:|1683659880\n|gametype|doubles\n|player|p1|littensalt|hugh|1095\n|player|p2|xXCorManGamingYT|cynthia-gen4|1021\n|teamsize|p1|6\n|teamsize|p2|6\n|gen|9\n|tier|[Gen 9] VGC 2023 Regulation C\n|rated|\n|rule|Species Clause: Limit one of each Pok\u00e9mon\n|rule|Item Clause: Limit one of each item\n|clearpoke\n|poke|p1|Indeedee-F, L50, F|\n|poke|p1|Armarouge, L50, F|\n|poke|p1|Gholdengo, L50|\n|poke|p1|Murkrow, L50, F|\n|poke|p1|Meowscarada, L50, M|\n|poke|p1|Great Tusk, L50|\n|poke|p2|Orthworm, L50, M|\n|poke|p2|Tyranitar, L50, F|\n|poke|p2|Kilowattrel, L50, M|\n|poke|p2|Ceruledge, L50, M|\n|poke|p2|Amoonguss, L50, M|\n|poke|p2|Flutter Mane, L50|\n|teampreview|4\n|inactive|Battle timer is ON: inactive players will automatically lose when time's up. (requested by xXCorManGamingYT)\n|inactive|xXCorManGamingYT has 60 seconds left.\n|\n|t:|1683659911\n|start\n|switch|p1a: Indeedee|Indeedee-F, L50, F|100\/100\n|switch|p1b: Armarouge|Armarouge, L50, F|100\/100\n|switch|p2a: Orthworm|Orthworm, L50, M|100\/100\n|switch|p2b: Tyranitar|Tyranitar, L50, F|100\/100\n|-fieldstart|move: Psychic Terrain|[from] ability: Psychic Surge|[of] p1a: Indeedee\n|-enditem|p1a: Indeedee|Psychic Seed\n|-boost|p1a: Indeedee|spd|1|[from] item: Psychic Seed\n|-weather|Sandstorm|[from] ability: Sand Stream|[of] p2b: Tyranitar\n|turn|1\n|inactive|xXCorManGamingYT has 30 seconds left.\n|\n|t:|1683659943\n|move|p1b: Armarouge|Protect|p1b: Armarouge\n|-singleturn|p1b: Armarouge|Protect\n|move|p2b: Tyranitar|Crunch|p1b: Armarouge\n|-activate|p1b: Armarouge|move: Protect\n|move|p2a: Orthworm|Shed Tail|p2a: Orthworm\n|-start|p2a: Orthworm|Substitute|[from] move: Shed Tail\n|-damage|p2a: Orthworm|50\/100\n|\n|t:|1683659957\n|switch|p2a: Kilowattrel|Kilowattrel, L50, M|100\/100|[from] Shed Tail\n|move|p1a: Indeedee|Trick Room|p1a: Indeedee\n|-fieldstart|move: Trick Room|[of] p1a: Indeedee\n|\n|-weather|Sandstorm|[upkeep]\n|-damage|p1b: Armarouge|95\/100|[from] Sandstorm\n|-damage|p1a: Indeedee|94\/100|[from] Sandstorm\n|-damage|p2a: Kilowattrel|94\/100|[from] Sandstorm\n|upkeep\n|turn|2\n|\n|t:|1683659972\n|switch|p2a: Flutter Mane|Flutter Mane, L50|100\/100\n|move|p1a: Indeedee|Follow Me|p1a: Indeedee\n|-singleturn|p1a: Indeedee|move: Follow Me\n|move|p1b: Armarouge|Expanding Force|p2a: Flutter Mane|[spread] p2a\n|-immune|p2b: Tyranitar\n|-damage|p2a: Flutter Mane|37\/100\n|-damage|p1b: Armarouge|85\/100|[from] item: Life Orb\n|move|p2b: Tyranitar|Crunch|p1a: Indeedee\n|-supereffective|p1a: Indeedee\n|-damage|p1a: Indeedee|0 fnt\n|faint|p1a: Indeedee\n|\n|-weather|Sandstorm|[upkeep]\n|-damage|p1b: Armarouge|79\/100|[from] Sandstorm\n|-damage|p2a: Flutter Mane|31\/100|[from] Sandstorm\n|upkeep\n|\n|t:|1683659984\n|switch|p1a: Gholdengo|Gholdengo, L50|100\/100\n|turn|3\n|\n|t:|1683660002\n|move|p1b: Armarouge|Armor Cannon|p2a: Flutter Mane\n|-damage|p2a: Flutter Mane|0 fnt\n|-unboost|p1b: Armarouge|def|1\n|-unboost|p1b: Armarouge|spd|1\n|faint|p2a: Flutter Mane\n|-end|p2a: Flutter Mane|Protosynthesis|[silent]\n|-damage|p1b: Armarouge|69\/100|[from] item: Life Orb\n|move|p2b: Tyranitar|Earthquake|p1a: Gholdengo|[spread] p1a,p1b\n|-supereffective|p1a: Gholdengo\n|-supereffective|p1b: Armarouge\n|-damage|p1a: Gholdengo|34\/100\n|-damage|p1b: Armarouge|8\/100\n|move|p1a: Gholdengo|Make It Rain|p2b: Tyranitar\n|-supereffective|p2b: Tyranitar\n|-damage|p2b: Tyranitar|48\/100\n|-unboost|p1a: Gholdengo|spa|1\n|\n|-weather|Sandstorm|[upkeep]\n|-damage|p1b: Armarouge|3\/100|[from] Sandstorm\n|-heal|p1a: Gholdengo|40\/100|[from] item: Leftovers\n|upkeep\n|inactive|xXCorManGamingYT has 30 seconds left.\n|\n|t:|1683660032\n|switch|p2a: Orthworm|Orthworm, L50, M|50\/100\n|turn|4\n|inactive|xXCorManGamingYT has 30 seconds left.\n|\n|t:|1683660061\n|move|p2a: Orthworm|Protect|p2a: Orthworm\n|-singleturn|p2a: Orthworm|Protect\n|move|p1b: Armarouge|Armor Cannon|p2a: Orthworm\n|-activate|p2a: Orthworm|move: Protect\n|move|p2b: Tyranitar|Earthquake|p1a: Gholdengo|[spread] p1a,p1b\n|-activate|p2a: Orthworm|move: Protect\n|-supereffective|p1a: Gholdengo\n|-supereffective|p1b: Armarouge\n|-damage|p1a: Gholdengo|0 fnt\n|-damage|p1b: Armarouge|0 fnt\n|faint|p1a: Gholdengo\n|faint|p1b: Armarouge\n|\n|-weather|Sandstorm|[upkeep]\n|-heal|p2a: Orthworm|56\/100|[from] item: Leftovers\n|upkeep\n|\n|t:|1683660083\n|switch|p1a: Great Tusk|Great Tusk, L50|100\/100\n|-enditem|p1a: Great Tusk|Booster Energy\n|-activate|p1a: Great Tusk|ability: Protosynthesis|[fromitem]\n|-start|p1a: Great Tusk|protosynthesisatk\n|turn|5\n|\n|t:|1683660106\n|-terastallize|p2b: Tyranitar|Fairy\n|move|p2a: Orthworm|Iron Defense|p2a: Orthworm\n|-boost|p2a: Orthworm|def|2\n|move|p2b: Tyranitar|Tera Blast|p1a: Great Tusk\n|-supereffective|p1a: Great Tusk\n|-damage|p1a: Great Tusk|28\/100\n|move|p1a: Great Tusk|Close Combat|p2a: Orthworm\n|-supereffective|p2a: Orthworm\n|-damage|p2a: Orthworm|6\/100\n|-unboost|p1a: Great Tusk|def|1\n|-unboost|p1a: Great Tusk|spd|1\n|\n|-weather|none\n|-heal|p2a: Orthworm|12\/100|[from] item: Leftovers\n|-fieldend|move: Trick Room\n|-fieldend|move: Psychic Terrain\n|upkeep\n|turn|6\n|\n|t:|1683660128\n|-terastallize|p1a: Great Tusk|Ground\n|move|p2a: Orthworm|Protect|p2a: Orthworm\n|-singleturn|p2a: Orthworm|Protect\n|move|p1a: Great Tusk|Close Combat|p2a: Orthworm\n|-activate|p2a: Orthworm|move: Protect\n|move|p2b: Tyranitar|Tera Blast|p1a: Great Tusk\n|-damage|p1a: Great Tusk|0 fnt\n|faint|p1a: Great Tusk\n|-end|p1a: Great Tusk|Protosynthesis|[silent]\n|\n|win|xXCorManGamingYT\n|raw|littensalt's rating: 1095 → 1066<\/strong> (-29 for losing)\n|raw|xXCorManGamingYT's rating: 1021 → 1066<\/strong> (+45 for winning)\n","uploadtime":1683660141,"views":15,"p1id":"littensalt","p2id":"xxcormangamingyt","formatid":"gen9vgc2023regulationc","rating":1066,"private":0,"password":""}