{"id":"gen9vgc2023regulationc-1845617904","p1":"fo50","p2":"loner109","format":"[Gen 9] VGC 2023 Regulation C","log":"|j|\u2606fo50\n|j|\u2606loner109\n|t:|1681749864\n|gametype|doubles\n|player|p1|fo50|169|1056\n|player|p2|loner109|lucas-gen4pt|1038\n|teamsize|p1|6\n|teamsize|p2|6\n|gen|9\n|tier|[Gen 9] VGC 2023 Regulation C\n|rated|\n|rule|Species Clause: Limit one of each Pok\u00e9mon\n|rule|Item Clause: Limit one of each item\n|clearpoke\n|poke|p1|Scovillain, L50, M|\n|poke|p1|Dragonite, L50, F|\n|poke|p1|Tinkaton, L50, F|\n|poke|p1|Amoonguss, L50, M|\n|poke|p1|Torkoal, L50, F|\n|poke|p1|Scizor, L50, M|\n|poke|p2|Chi-Yu, L50|\n|poke|p2|Iron Bundle, L50|\n|poke|p2|Baxcalibur, L50, F|\n|poke|p2|Indeedee-F, L50, F|\n|poke|p2|Abomasnow, L50, M|\n|poke|p2|Gholdengo, L50|\n|teampreview|4\n|\n|t:|1681749935\n|start\n|switch|p1a: Scizor|Scizor, L50, M|100\/100\n|switch|p1b: Tinkaton|Tinkaton, L50, F|100\/100\n|switch|p2a: SODA!!|Baxcalibur, L50, F|100\/100\n|switch|p2b: Indeedee|Indeedee-F, L50, F|100\/100\n|-fieldstart|move: Psychic Terrain|[from] ability: Psychic Surge|[of] p2b: Indeedee\n|turn|1\n|\n|t:|1681749973\n|move|p2b: Indeedee|Helping Hand|p2a: SODA!!\n|-singleturn|p2a: SODA!!|Helping Hand|[of] p2b: Indeedee\n|move|p1b: Tinkaton|Knock Off|p2a: SODA!!\n|-damage|p2a: SODA!!|78\/100\n|-enditem|p2a: SODA!!|Lum Berry|[from] move: Knock Off|[of] p1b: Tinkaton\n|move|p2a: SODA!!|Earthquake|p1b: Tinkaton|[spread] p2b,p1a,p1b\n|-supereffective|p1b: Tinkaton\n|-damage|p2b: Indeedee|51\/100\n|-damage|p1a: Scizor|54\/100\n|-damage|p1b: Tinkaton|0 fnt\n|faint|p1b: Tinkaton\n|move|p1a: Scizor|Swords Dance|p1a: Scizor\n|-boost|p1a: Scizor|atk|2\n|\n|upkeep\n|\n|t:|1681749991\n|switch|p1b: Torkoal|Torkoal, L50, F|100\/100\n|-weather|SunnyDay|[from] ability: Drought|[of] p1b: Torkoal\n|-item|p1b: Torkoal|Air Balloon\n|turn|2\n|\n|t:|1681750010\n|move|p2b: Indeedee|Follow Me|p2b: Indeedee\n|-singleturn|p2b: Indeedee|move: Follow Me\n|move|p2a: SODA!!|Earthquake|p1a: Scizor|[spread] p2b,p1a\n|-immune|p1b: Torkoal\n|-damage|p2b: Indeedee|17\/100\n|-damage|p1a: Scizor|26\/100\n|-enditem|p1a: Scizor|Sitrus Berry|[eat]\n|-heal|p1a: Scizor|50\/100|[from] item: Sitrus Berry\n|move|p1a: Scizor|Pounce|p2b: Indeedee\n|-supereffective|p2b: Indeedee\n|-damage|p2b: Indeedee|0 fnt\n|faint|p2b: Indeedee\n|move|p1b: Torkoal|Eruption|p2a: SODA!!\n|-damage|p2a: SODA!!|0 fnt\n|faint|p2a: SODA!!\n|\n|-weather|SunnyDay|[upkeep]\n|upkeep\n|\n|t:|1681750029\n|switch|p2a: Gholdengo|Gholdengo, L50|100\/100\n|switch|p2b: obamna :(|Abomasnow, L50, M, shiny|100\/100\n|-weather|Snow|[from] ability: Snow Warning|[of] p2b: obamna :(\n|turn|3\n|\n|t:|1681750058\n|move|p2a: Gholdengo|Protect|p2a: Gholdengo\n|-singleturn|p2a: Gholdengo|Protect\n|move|p1a: Scizor|Pounce|p2b: obamna :(\n|-supereffective|p2b: obamna :(\n|-damage|p2b: obamna :(|0 fnt\n|faint|p2b: obamna :(\n|move|p1b: Torkoal|Earth Power|p2a: Gholdengo\n|-activate|p2a: Gholdengo|move: Protect\n|\n|-weather|Snow|[upkeep]\n|upkeep\n|turn|4\n|\n|t:|1681750077\n|-terastallize|p2a: Gholdengo|Steel\n|move|p2a: Gholdengo|Make It Rain|p1b: Torkoal|[spread] p1a,p1b\n|-resisted|p1a: Scizor\n|-resisted|p1b: Torkoal\n|-damage|p1a: Scizor|0 fnt\n|-damage|p1b: Torkoal|32\/100\n|-unboost|p2a: Gholdengo|spa|1\n|-enditem|p1b: Torkoal|Air Balloon\n|faint|p1a: Scizor\n|-damage|p2a: Gholdengo|91\/100|[from] item: Life Orb\n|move|p1b: Torkoal|Earth Power|p2a: Gholdengo\n|-supereffective|p2a: Gholdengo\n|-damage|p2a: Gholdengo|36\/100\n|\n|-weather|Snow|[upkeep]\n|upkeep\n|\n|t:|1681750094\n|switch|p1a: Scovillain|Scovillain, L50, M|100\/100\n|turn|5\n|\n|t:|1681750109\n|move|p2a: Gholdengo|Make It Rain|p1b: Torkoal|[spread] p1a,p1b\n|-resisted|p1a: Scovillain\n|-resisted|p1b: Torkoal\n|-damage|p1a: Scovillain|56\/100\n|-damage|p1b: Torkoal|0 fnt\n|-unboost|p2a: Gholdengo|spa|1\n|faint|p1b: Torkoal\n|-damage|p2a: Gholdengo|26\/100|[from] item: Life Orb\n|move|p1a: Scovillain|Flamethrower|p2a: Gholdengo\n|-supereffective|p2a: Gholdengo\n|-damage|p2a: Gholdengo|0 fnt\n|faint|p2a: Gholdengo\n|-damage|p1a: Scovillain|46\/100|[from] item: Life Orb\n|\n|win|fo50\n|raw|fo50's rating: 1056 → 1086<\/strong> (+30 for winning)\n|raw|loner109's rating: 1038 → 1023<\/strong> (-15 for losing)\n|l|\u2606loner109\n","uploadtime":1681750134,"views":16,"p1id":"fo50","p2id":"loner109","formatid":"gen9vgc2023regulationc","rating":1023,"private":0,"password":""}