{"id":"gen9vgc2023regulationc-1860142231","p1":"limao do narco25","p2":"Naruseiya","format":"[Gen 9] VGC 2023 Regulation C","log":"|j|\u2606limao do narco25\n|j|\u2606Naruseiya\n|t:|1683600327\n|gametype|doubles\n|player|p1|limao do narco25|cynthia|1000\n|player|p2|Naruseiya|wallace|1000\n|teamsize|p1|6\n|teamsize|p2|6\n|gen|9\n|tier|[Gen 9] VGC 2023 Regulation C\n|rated|\n|rule|Species Clause: Limit one of each Pok\u00e9mon\n|rule|Item Clause: Limit one of each item\n|clearpoke\n|poke|p1|Staraptor, L50, M|\n|poke|p1|Tyranitar, L50, M|\n|poke|p1|Garchomp, L50, M|\n|poke|p1|Tinkaton, L50, F|\n|poke|p1|Gholdengo, L50|\n|poke|p1|Rotom-Mow, L50|\n|poke|p2|Gyarados, L50, M|\n|poke|p2|Flutter Mane, L50|\n|poke|p2|Chi-Yu, L50|\n|poke|p2|Ting-Lu, L50|\n|poke|p2|Chien-Pao, L50|\n|poke|p2|Amoonguss, L50, F|\n|teampreview|4\n|\n|t:|1683600349\n|start\n|switch|p1a: Tyranitar|Tyranitar, L50, M, shiny|100\/100\n|switch|p1b: Staraptor|Staraptor, L50, M, shiny|100\/100\n|switch|p2a: Ting-Lu|Ting-Lu, L50|100\/100\n|switch|p2b: Chien-Pao|Chien-Pao, L50|100\/100\n|-ability|p2b: Chien-Pao|Sword of Ruin\n|-weather|Sandstorm|[from] ability: Sand Stream|[of] p1a: Tyranitar\n|-ability|p2a: Ting-Lu|Vessel of Ruin\n|turn|1\n|\n|t:|1683600377\n|switch|p2b: Gyarados|Gyarados, L50, M, shiny|100\/100\n|-ability|p2b: Gyarados|Intimidate|boost\n|-unboost|p1a: Tyranitar|atk|1\n|-unboost|p1b: Staraptor|atk|1\n|-terastallize|p2a: Ting-Lu|Ground\n|move|p1b: Staraptor|U-turn|p2a: Ting-Lu\n|-damage|p2a: Ting-Lu|94\/100\n|\n|t:|1683600390\n|switch|p1b: Tinkaton|Tinkaton, L50, F|100\/100|[from] U-turn\n|-item|p1b: Tinkaton|Air Balloon\n|move|p1a: Tyranitar|Rock Slide|p2a: Ting-Lu|[spread] p2a\n|-miss|p1a: Tyranitar|p2b: Gyarados\n|-resisted|p2a: Ting-Lu\n|-damage|p2a: Ting-Lu|88\/100\n|cant|p2a: Ting-Lu|flinch\n|\n|-weather|Sandstorm|[upkeep]\n|-damage|p2b: Gyarados|95\/100|[from] Sandstorm\n|upkeep\n|turn|2\n|\n|t:|1683600415\n|-terastallize|p1a: Tyranitar|Flying\n|move|p2b: Gyarados|Thunder Wave|p1a: Tyranitar\n|-status|p1a: Tyranitar|par\n|move|p1b: Tinkaton|Ice Hammer|p2a: Ting-Lu\n|-supereffective|p2a: Ting-Lu\n|-damage|p2a: Ting-Lu|59\/100\n|-unboost|p1b: Tinkaton|spe|1\n|move|p2a: Ting-Lu|Earthquake|p1a: Tyranitar|[spread] \n|-immune|p2b: Gyarados\n|-immune|p1a: Tyranitar\n|-immune|p1b: Tinkaton\n|move|p1a: Tyranitar|Ice Punch|p2b: Gyarados\n|-damage|p2b: Gyarados|78\/100\n|\n|-weather|Sandstorm|[upkeep]\n|-damage|p2b: Gyarados|72\/100|[from] Sandstorm\n|-damage|p1a: Tyranitar|95\/100 par|[from] Sandstorm\n|upkeep\n|turn|3\n|\n|t:|1683600445\n|switch|p2a: Chi-Yu|Chi-Yu, L50|100\/100\n|-ability|p2a: Chi-Yu|Beads of Ruin\n|move|p2b: Gyarados|Waterfall|p1b: Tinkaton\n|-damage|p1b: Tinkaton|59\/100\n|-enditem|p1b: Tinkaton|Air Balloon\n|move|p1b: Tinkaton|Swords Dance|p1b: Tinkaton\n|-boost|p1b: Tinkaton|atk|2\n|cant|p1a: Tyranitar|par\n|\n|-weather|Sandstorm|[upkeep]\n|-damage|p2a: Chi-Yu|94\/100|[from] Sandstorm\n|-damage|p2b: Gyarados|66\/100|[from] Sandstorm\n|-damage|p1a: Tyranitar|89\/100 par|[from] Sandstorm\n|-heal|p2a: Chi-Yu|100\/100|[from] item: Leftovers\n|upkeep\n|turn|4\n|\n|t:|1683600474\n|switch|p2a: Ting-Lu|Ting-Lu, L50, tera:Ground|59\/100\n|-ability|p2a: Ting-Lu|Vessel of Ruin\n|switch|p1b: Staraptor|Staraptor, L50, M, shiny|100\/100\n|move|p2b: Gyarados|Thunder Wave|p1b: Staraptor\n|-status|p1b: Staraptor|par\n|move|p1a: Tyranitar|Rock Slide|p2a: Ting-Lu|[spread] p2a,p2b\n|-resisted|p2a: Ting-Lu\n|-supereffective|p2b: Gyarados\n|-damage|p2a: Ting-Lu|53\/100\n|-damage|p2b: Gyarados|22\/100\n|-enditem|p2b: Gyarados|Sitrus Berry|[eat]\n|-heal|p2b: Gyarados|47\/100|[from] item: Sitrus Berry\n|\n|-weather|Sandstorm|[upkeep]\n|-damage|p2b: Gyarados|41\/100|[from] Sandstorm\n|-damage|p1b: Staraptor|94\/100 par|[from] Sandstorm\n|-damage|p1a: Tyranitar|83\/100 par|[from] Sandstorm\n|upkeep\n|turn|5\n|\n|t:|1683600501\n|move|p2b: Gyarados|Waterfall|p1b: Staraptor\n|-damage|p1b: Staraptor|52\/100 par\n|move|p2a: Ting-Lu|Rock Slide|p1b: Staraptor|[spread] p1a,p1b\n|-supereffective|p1a: Tyranitar\n|-supereffective|p1b: Staraptor\n|-crit|p1b: Staraptor\n|-damage|p1a: Tyranitar|39\/100 par\n|-damage|p1b: Staraptor|0 fnt\n|faint|p1b: Staraptor\n|move|p1a: Tyranitar|Ice Punch|p2a: Ting-Lu\n|-supereffective|p2a: Ting-Lu\n|-damage|p2a: Ting-Lu|35\/100\n|\n|-weather|none\n|upkeep\n|\n|t:|1683600513\n|switch|p1b: Garchomp|Garchomp, L50, M|100\/100\n|turn|6\n|\n|t:|1683600524\n|move|p1b: Garchomp|Draco Meteor|p2b: Gyarados\n|-damage|p2b: Gyarados|7\/100\n|-unboost|p1b: Garchomp|spa|2\n|move|p2b: Gyarados|Taunt|p1b: Garchomp\n|-start|p1b: Garchomp|move: Taunt\n|move|p2a: Ting-Lu|Rock Slide|p1b: Garchomp|[spread] p1a,p1b\n|-supereffective|p1a: Tyranitar\n|-resisted|p1b: Garchomp\n|-damage|p1a: Tyranitar|0 fnt\n|-damage|p1b: Garchomp|90\/100\n|faint|p1a: Tyranitar\n|\n|upkeep\n|\n|t:|1683600536\n|switch|p1a: Tinkaton|Tinkaton, L50, F|59\/100\n|turn|7\n|\n|t:|1683600551\n|switch|p2a: Chi-Yu|Chi-Yu, L50|100\/100\n|-ability|p2a: Chi-Yu|Beads of Ruin\n|move|p2b: Gyarados|Protect|p2b: Gyarados\n|-singleturn|p2b: Gyarados|Protect\n|move|p1b: Garchomp|Draco Meteor|p2a: Chi-Yu\n|-damage|p2a: Chi-Yu|70\/100\n|-unboost|p1b: Garchomp|spa|2\n|move|p1a: Tinkaton|Swords Dance|p1a: Tinkaton\n|-boost|p1a: Tinkaton|atk|2\n|\n|-heal|p2a: Chi-Yu|76\/100|[from] item: Leftovers\n|upkeep\n|turn|8\n|\n|t:|1683600575\n|move|p2a: Chi-Yu|Heat Wave|p1a: Tinkaton|[spread] p1a,p1b\n|-supereffective|p1a: Tinkaton\n|-resisted|p1b: Garchomp\n|-damage|p1a: Tinkaton|0 fnt\n|-damage|p1b: Garchomp|67\/100\n|faint|p1a: Tinkaton\n|move|p1b: Garchomp|Earthquake|p2b: Gyarados|[spread] p2a\n|-immune|p2b: Gyarados\n|-supereffective|p2a: Chi-Yu\n|-damage|p2a: Chi-Yu|0 fnt\n|faint|p2a: Chi-Yu\n|move|p2b: Gyarados|Thunder Wave|p1b: Garchomp\n|-immune|p1b: Garchomp\n|\n|upkeep\n|\n|t:|1683600588\n|switch|p2a: Chien-Pao|Chien-Pao, L50|100\/100\n|-ability|p2a: Chien-Pao|Sword of Ruin\n|turn|9\n|\n|t:|1683600597\n|move|p2a: Chien-Pao|Ice Spinner|p1b: Garchomp\n|-supereffective|p1b: Garchomp\n|-damage|p1b: Garchomp|0 fnt\n|faint|p1b: Garchomp\n|\n|win|Naruseiya\n|raw|limao do narco25's rating: 1000 → 1000<\/strong> (+0 for losing)\n|raw|Naruseiya's rating: 1000 → 1040<\/strong> (+40 for winning)\n|l|\u2606limao do narco25\n","uploadtime":1683600604,"views":3,"p1id":"limaodonarco25","p2id":"naruseiya","formatid":"gen9vgc2023regulationc","rating":1000,"private":0,"password":""}