{"id":"gen9vgc2023regulationc-1859375145","p1":"Nijiatw","p2":"Chi-Yuh","format":"[Gen 9] VGC 2023 Regulation C","log":"|j|\u2606Nijiatw\n|j|\u2606Chi-Yuh\n|t:|1683450763\n|gametype|doubles\n|player|p1|Nijiatw|170|1154\n|player|p2|Chi-Yuh|169|1137\n|teamsize|p1|6\n|teamsize|p2|6\n|gen|9\n|tier|[Gen 9] VGC 2023 Regulation C\n|rated|\n|rule|Species Clause: Limit one of each Pok\u00e9mon\n|rule|Item Clause: Limit one of each item\n|clearpoke\n|poke|p1|Iron Bundle, L50|\n|poke|p1|Gholdengo, L50|\n|poke|p1|Hariyama, L50, M|\n|poke|p1|Abomasnow, L50, F|\n|poke|p1|Cetitan, L50, F|\n|poke|p1|Glimmora, L50, M|\n|poke|p2|Dondozo, L50, M|\n|poke|p2|Bellibolt, L50, M|\n|poke|p2|Indeedee-F, L50, F|\n|poke|p2|Torkoal, L50, M|\n|poke|p2|Sunflora, L50, M|\n|poke|p2|Gallade, L50, M|\n|teampreview|4\n|\n|t:|1683450790\n|start\n|switch|p1a: Glimmora|Glimmora, L50, M, shiny|100\/100\n|switch|p1b: Gholdengo|Gholdengo, L50|100\/100\n|switch|p2a: Indeedee|Indeedee-F, L50, F|100\/100\n|switch|p2b: Torkoal|Torkoal, L50, M|100\/100\n|-fieldstart|move: Psychic Terrain|[from] ability: Psychic Surge|[of] p2a: Indeedee\n|-weather|SunnyDay|[from] ability: Drought|[of] p2b: Torkoal\n|turn|1\n|\n|t:|1683450810\n|switch|p1b: Abomasnow|Abomasnow, L50, F|100\/100\n|-weather|Snow|[from] ability: Snow Warning|[of] p1b: Abomasnow\n|move|p1a: Glimmora|Sludge Bomb|p2a: Indeedee\n|-damage|p2a: Indeedee|55\/100\n|move|p2b: Torkoal|Overheat|p1b: Abomasnow\n|-supereffective|p1b: Abomasnow\n|-damage|p1b: Abomasnow|0 fnt\n|-unboost|p2b: Torkoal|spa|2\n|-enditem|p2b: Torkoal|Eject Pack\n|faint|p1b: Abomasnow\n|inactive|Battle timer is ON: inactive players will automatically lose when time's up. (requested by Nijiatw)\n|\n|t:|1683450832\n|switch|p2b: Dondozo|Dondozo, L50, M|100\/100\n|move|p2a: Indeedee|Trick Room|p2a: Indeedee\n|-fieldstart|move: Trick Room|[of] p2a: Indeedee\n|\n|-weather|Snow|[upkeep]\n|upkeep\n|\n|t:|1683450842\n|switch|p1b: Gholdengo|Gholdengo, L50|100\/100\n|turn|2\n|\n|t:|1683450857\n|move|p2b: Dondozo|Protect|p2b: Dondozo\n|-singleturn|p2b: Dondozo|Protect\n|move|p2a: Indeedee|Healing Wish|p2a: Indeedee\n|faint|p2a: Indeedee\n|move|p1a: Glimmora|Energy Ball|p2b: Dondozo\n|-activate|p2b: Dondozo|move: Protect\n|move|p1b: Gholdengo|Shadow Ball|p2b: Dondozo\n|-activate|p2b: Dondozo|move: Protect\n|\n|-weather|Snow|[upkeep]\n|upkeep\n|\n|t:|1683450868\n|switch|p2a: Bellibolt|Bellibolt, L50, M|100\/100\n|turn|3\n|\n|t:|1683450878\n|-terastallize|p2b: Dondozo|Grass\n|move|p2b: Dondozo|Soak|p1a: Glimmora\n|-start|p1a: Glimmora|typechange|Water\n|move|p2a: Bellibolt|Parabolic Charge|p1b: Gholdengo|[spread] p2b,p1a,p1b\n|-resisted|p2b: Dondozo\n|-supereffective|p1a: Glimmora\n|-damage|p2b: Dondozo|93\/100\n|-damage|p1a: Glimmora|38\/100\n|-damage|p1b: Gholdengo|78\/100\n|move|p1a: Glimmora|Energy Ball|p2b: Dondozo\n|-resisted|p2b: Dondozo\n|-damage|p2b: Dondozo|83\/100\n|move|p1b: Gholdengo|Shadow Ball|p2b: Dondozo\n|-damage|p2b: Dondozo|58\/100\n|\n|-weather|Snow|[upkeep]\n|-heal|p2b: Dondozo|64\/100|[from] item: Leftovers\n|upkeep\n|turn|4\n|\n|t:|1683450898\n|switch|p1a: Cetitan|Cetitan, L50, F, shiny|100\/100\n|move|p2b: Dondozo|Curse|p2b: Dondozo\n|-unboost|p2b: Dondozo|spe|1\n|-boost|p2b: Dondozo|atk|1\n|-boost|p2b: Dondozo|def|1\n|move|p2a: Bellibolt|Parabolic Charge|p1b: Gholdengo|[spread] p2b,p1a,p1b\n|-resisted|p2b: Dondozo\n|-damage|p2b: Dondozo|57\/100\n|-damage|p1a: Cetitan|78\/100\n|-damage|p1b: Gholdengo|56\/100\n|move|p1b: Gholdengo|Shadow Ball|p2a: Bellibolt\n|-damage|p2a: Bellibolt|77\/100\n|-start|p2a: Bellibolt|Charge|Shadow Ball|[from] ability: Electromorphosis\n|\n|-weather|Snow|[upkeep]\n|-heal|p2b: Dondozo|63\/100|[from] item: Leftovers\n|upkeep\n|turn|5\n|\n|t:|1683450923\n|switch|p1b: Glimmora|Glimmora, L50, M, shiny|38\/100\n|move|p2b: Dondozo|Body Press|p1a: Cetitan\n|-supereffective|p1a: Cetitan\n|-damage|p1a: Cetitan|35\/100\n|-enditem|p1a: Cetitan|Weakness Policy\n|-boost|p1a: Cetitan|atk|2|[from] item: Weakness Policy\n|-boost|p1a: Cetitan|spa|2|[from] item: Weakness Policy\n|move|p2a: Bellibolt|Thunderbolt|p1b: Glimmora\n|-damage|p1b: Glimmora|0 fnt\n|faint|p1b: Glimmora\n|-end|p2a: Bellibolt|Charge|[silent]\n|move|p1a: Cetitan|Icicle Crash|p2b: Dondozo\n|-supereffective|p2b: Dondozo\n|-damage|p2b: Dondozo|30\/100\n|\n|-weather|Snow|[upkeep]\n|-heal|p2b: Dondozo|36\/100|[from] item: Leftovers\n|-fieldend|move: Trick Room\n|-fieldend|move: Psychic Terrain\n|upkeep\n|\n|t:|1683450938\n|switch|p1b: Gholdengo|Gholdengo, L50|56\/100\n|turn|6\n|\n|t:|1683450951\n|move|p1a: Cetitan|Protect|p1a: Cetitan\n|-singleturn|p1a: Cetitan|Protect\n|move|p1b: Gholdengo|Make It Rain|p2a: Bellibolt|[spread] p2a,p2b\n|-resisted|p2a: Bellibolt\n|-damage|p2a: Bellibolt|64\/100\n|-damage|p2b: Dondozo|10\/100\n|-unboost|p1b: Gholdengo|spa|1\n|-start|p2a: Bellibolt|Charge|Make It Rain|[from] ability: Electromorphosis\n|move|p2a: Bellibolt|Parabolic Charge|p1b: Gholdengo|[spread] p2b,p1b\n|-activate|p1a: Cetitan|move: Protect\n|-resisted|p2b: Dondozo\n|-damage|p2b: Dondozo|0 fnt\n|-heal|p2a: Bellibolt|70\/100|[from] drain|[of] p2b: Dondozo\n|-damage|p1b: Gholdengo|13\/100\n|-heal|p2a: Bellibolt|88\/100|[from] drain|[of] p1b: Gholdengo\n|faint|p2b: Dondozo\n|-end|p2a: Bellibolt|Charge|[silent]\n|\n|-weather|Snow|[upkeep]\n|upkeep\n|\n|t:|1683450969\n|switch|p2b: Torkoal|Torkoal, L50, M|100\/100\n|-weather|SunnyDay|[from] ability: Drought|[of] p2b: Torkoal\n|turn|7\n|\n|t:|1683450977\n|-terastallize|p1a: Cetitan|Ground\n|move|p2b: Torkoal|Protect|p2b: Torkoal\n|-singleturn|p2b: Torkoal|Protect\n|move|p1b: Gholdengo|Make It Rain|p2a: Bellibolt|[spread] p2a\n|-activate|p2b: Torkoal|move: Protect\n|-resisted|p2a: Bellibolt\n|-damage|p2a: Bellibolt|79\/100\n|-unboost|p1b: Gholdengo|spa|1\n|-start|p2a: Bellibolt|Charge|Make It Rain|[from] ability: Electromorphosis\n|move|p1a: Cetitan|Earthquake|p2a: Bellibolt|[spread] p1b,p2a\n|-activate|p2b: Torkoal|move: Protect\n|-supereffective|p1b: Gholdengo\n|-supereffective|p2a: Bellibolt\n|-damage|p1b: Gholdengo|0 fnt\n|-damage|p2a: Bellibolt|0 fnt\n|faint|p1b: Gholdengo\n|faint|p2a: Bellibolt\n|\n|-weather|SunnyDay|[upkeep]\n|upkeep\n|turn|8\n|\n|t:|1683450988\n|move|p1a: Cetitan|Earthquake|p2b: Torkoal\n|-supereffective|p2b: Torkoal\n|-damage|p2b: Torkoal|0 fnt\n|faint|p2b: Torkoal\n|\n|win|Nijiatw\n|raw|Nijiatw's rating: 1154 → 1178<\/strong> (+24 for winning)\n|raw|Chi-Yuh's rating: 1137 → 1113<\/strong> (-24 for losing)\n|l|\u2606Chi-Yuh\n","uploadtime":1683451018,"views":12,"p1id":"nijiatw","p2id":"chiyuh","formatid":"gen9vgc2023regulationc","rating":1113,"private":0,"password":""}