{"id":"gen9vgc2023regulationc-1851538961","p1":"herofire81","p2":"hancec","format":"[Gen 9] VGC 2023 Regulation C","log":"|j|\u2606herofire81\n|j|\u2606hancec\n|t:|1682453778\n|gametype|doubles\n|player|p1|herofire81|101|1445\n|player|p2|hancec|gentleman-gen4dp|1495\n|teamsize|p1|6\n|teamsize|p2|6\n|gen|9\n|tier|[Gen 9] VGC 2023 Regulation C\n|rated|\n|rule|Species Clause: Limit one of each Pok\u00e9mon\n|rule|Item Clause: Limit one of each item\n|clearpoke\n|poke|p1|Palafin, L50, M|\n|poke|p1|Amoonguss, L50, F|\n|poke|p1|Armarouge, L50, M|\n|poke|p1|Ting-Lu, L50|\n|poke|p1|Annihilape, L50, F|\n|poke|p1|Roaring Moon, L50|\n|poke|p2|Ting-Lu, L50|\n|poke|p2|Amoonguss, L50, F|\n|poke|p2|Flutter Mane, L50|\n|poke|p2|Garganacl, L50, F|\n|poke|p2|Arcanine, L50, M|\n|poke|p2|Iron Bundle, L50|\n|teampreview|4\nhancec has agreed to open team sheets.\n|\n|t:|1682453829\n|start\n|switch|p1a: Amoonguss|Amoonguss, L50, F|100\/100\n|switch|p1b: Roaring Moon|Roaring Moon, L50|100\/100\n|switch|p2a: Bignacl|Garganacl, L50, F, shiny|100\/100\n|switch|p2b: Arcanine|Arcanine, L50, M, shiny|100\/100\n|-ability|p2b: Arcanine|Intimidate|boost\n|-unboost|p1a: Amoonguss|atk|1\n|-fail|p1b: Roaring Moon|unboost|[from] item: Clear Amulet|[of] p1b: Roaring Moon\n|turn|1\n|\n|t:|1682453849\n|move|p2b: Arcanine|Protect|p2b: Arcanine\n|-singleturn|p2b: Arcanine|Protect\n|move|p1a: Amoonguss|Rage Powder|p1a: Amoonguss\n|-singleturn|p1a: Amoonguss|move: Rage Powder\n|move|p1b: Roaring Moon|Stomping Tantrum|p2b: Arcanine\n|-activate|p2b: Arcanine|move: Protect\n|move|p2a: Bignacl|Stealth Rock|p1b: Roaring Moon\n|-sidestart|p1: herofire81|move: Stealth Rock\n|\n|upkeep\n|turn|2\n|\n|t:|1682453864\n|-terastallize|p2b: Arcanine|Grass\n|move|p1b: Roaring Moon|Protect|p1b: Roaring Moon\n|-singleturn|p1b: Roaring Moon|Protect\n|move|p2b: Arcanine|Will-O-Wisp|p1b: Roaring Moon\n|-activate|p1b: Roaring Moon|move: Protect\n|move|p1a: Amoonguss|Spore|p2b: Arcanine\n|-immune|p2b: Arcanine\n|move|p2a: Bignacl|Salt Cure|p1a: Amoonguss\n|-damage|p1a: Amoonguss|88\/100\n|\n|upkeep\n|turn|3\n|\n|t:|1682453884\n|switch|p2b: Iron Bundle|Iron Bundle, L50, shiny|100\/100\n|switch|p1a: Annihilape|Annihilape, L50, F|100\/100\n|-damage|p1a: Annihilape|94\/100|[from] Stealth Rock\n|move|p1b: Roaring Moon|Breaking Swipe|p2b: Iron Bundle|[spread] p2a,p2b\n|-damage|p2a: Bignacl|83\/100\n|-damage|p2b: Iron Bundle|66\/100\n|-unboost|p2a: Bignacl|atk|1\n|-unboost|p2b: Iron Bundle|atk|1\n|move|p2a: Bignacl|Salt Cure|p1b: Roaring Moon\n|-crit|p1b: Roaring Moon\n|-damage|p1b: Roaring Moon|77\/100\n|-start|p1b: Roaring Moon|Salt Cure\n|\n|-heal|p1a: Annihilape|100\/100|[from] item: Leftovers\n|-heal|p2a: Bignacl|89\/100|[from] item: Leftovers\n|-damage|p1b: Roaring Moon|65\/100|[from] Salt Cure\n|upkeep\n|turn|4\n|\n|t:|1682453909\n|move|p2b: Iron Bundle|Protect|p2b: Iron Bundle\n|-singleturn|p2b: Iron Bundle|Protect\n|move|p1b: Roaring Moon|Jaw Lock|p2b: Iron Bundle\n|-activate|p2b: Iron Bundle|move: Protect\n|move|p1a: Annihilape|Bulk Up|p1a: Annihilape\n|-boost|p1a: Annihilape|atk|1\n|-boost|p1a: Annihilape|def|1\n|move|p2a: Bignacl|Salt Cure|p1a: Annihilape\n|-resisted|p1a: Annihilape\n|-damage|p1a: Annihilape|98\/100\n|-start|p1a: Annihilape|Salt Cure\n|\n|-heal|p1a: Annihilape|100\/100|[from] item: Leftovers\n|-heal|p2a: Bignacl|95\/100|[from] item: Leftovers\n|-damage|p1b: Roaring Moon|52\/100|[from] Salt Cure\n|-damage|p1a: Annihilape|88\/100|[from] Salt Cure\n|upkeep\n|turn|5\n|j| ElQuePruebaTimsUwU\n|\n|t:|1682453920\n|move|p2b: Iron Bundle|Encore|p1a: Annihilape\n|-start|p1a: Annihilape|Encore\n|move|p1b: Roaring Moon|Stomping Tantrum|p2a: Bignacl\n|-supereffective|p2a: Bignacl\n|-damage|p2a: Bignacl|56\/100\n|move|p1a: Annihilape|Bulk Up|p1a: Annihilape\n|-boost|p1a: Annihilape|atk|1\n|-boost|p1a: Annihilape|def|1\n|move|p2a: Bignacl|Salt Cure|p1b: Roaring Moon\n|-damage|p1b: Roaring Moon|42\/100\n|\n|-heal|p1a: Annihilape|94\/100|[from] item: Leftovers\n|-heal|p2a: Bignacl|62\/100|[from] item: Leftovers\n|-damage|p1b: Roaring Moon|29\/100|[from] Salt Cure\n|-damage|p1a: Annihilape|82\/100|[from] Salt Cure\n|upkeep\n|turn|6\n|l| ElQuePruebaTimsUwU\n|\n|t:|1682453931\n|move|p2b: Iron Bundle|Freeze-Dry|p1b: Roaring Moon\n|-supereffective|p1b: Roaring Moon\n|-damage|p1b: Roaring Moon|0 fnt\n|faint|p1b: Roaring Moon\n|-end|p1b: Roaring Moon|Protosynthesis|[silent]\n|move|p1a: Annihilape|Bulk Up|p1a: Annihilape\n|-boost|p1a: Annihilape|atk|1\n|-boost|p1a: Annihilape|def|1\n|move|p2a: Bignacl|Recover|p2a: Bignacl\n|-heal|p2a: Bignacl|100\/100\n|\n|-heal|p1a: Annihilape|88\/100|[from] item: Leftovers\n|-damage|p1a: Annihilape|75\/100|[from] Salt Cure\n|upkeep\n|\n|t:|1682453936\n|switch|p1b: Ting-Lu|Ting-Lu, L50|100\/100\n|-damage|p1b: Ting-Lu|94\/100|[from] Stealth Rock\n|-ability|p1b: Ting-Lu|Vessel of Ruin\n|turn|7\n|\n|t:|1682453954\n|-terastallize|p1b: Ting-Lu|Poison\n|move|p2b: Iron Bundle|Hydro Pump|p1a: Annihilape\n|-damage|p1a: Annihilape|43\/100\n|move|p1a: Annihilape|Bulk Up|p1a: Annihilape\n|-boost|p1a: Annihilape|atk|1\n|-boost|p1a: Annihilape|def|1\n|move|p1b: Ting-Lu|Heavy Slam|p2b: Iron Bundle\n|-damage|p2b: Iron Bundle|20\/100\n|move|p2a: Bignacl|Salt Cure|p1b: Ting-Lu\n|-damage|p1b: Ting-Lu|90\/100\n|-start|p1b: Ting-Lu|Salt Cure\n|\n|-heal|p1a: Annihilape|50\/100|[from] item: Leftovers\n|-damage|p1a: Annihilape|37\/100|[from] Salt Cure\n|-damage|p1b: Ting-Lu|77\/100|[from] Salt Cure\n|-end|p1a: Annihilape|Encore\n|upkeep\n|turn|8\n|\n|t:|1682453966\n|switch|p2a: Arcanine|Arcanine, L50, M, shiny, tera:Grass|100\/100\n|-ability|p2a: Arcanine|Intimidate|boost\n|-unboost|p1a: Annihilape|atk|1\n|-unboost|p1b: Ting-Lu|atk|1\n|move|p1a: Annihilape|Protect|p1a: Annihilape\n|-singleturn|p1a: Annihilape|Protect\n|move|p2b: Iron Bundle|Encore|p1a: Annihilape\n|-activate|p1a: Annihilape|move: Protect\n|move|p1b: Ting-Lu|Stomping Tantrum|p2b: Iron Bundle\n|-damage|p2b: Iron Bundle|0 fnt\n|faint|p2b: Iron Bundle\n|-end|p2b: Iron Bundle|Quark Drive|[silent]\n|\n|-heal|p1a: Annihilape|43\/100|[from] item: Leftovers\n|-damage|p1a: Annihilape|31\/100|[from] Salt Cure\n|-damage|p1b: Ting-Lu|65\/100|[from] Salt Cure\n|upkeep\n|\n|t:|1682453968\n|switch|p2b: Nezuko|Flutter Mane, L50|100\/100\n|-enditem|p2b: Nezuko|Booster Energy\n|-activate|p2b: Nezuko|ability: Protosynthesis|[fromitem]\n|-start|p2b: Nezuko|protosynthesisspa\n|turn|9\n|\n|t:|1682453981\n|switch|p1a: Amoonguss|Amoonguss, L50, F|100\/100\n|-damage|p1a: Amoonguss|88\/100|[from] Stealth Rock\n|move|p2b: Nezuko|Substitute|p2b: Nezuko\n|-start|p2b: Nezuko|Substitute\n|-damage|p2b: Nezuko|76\/100\n|move|p2a: Arcanine|Will-O-Wisp|p1b: Ting-Lu\n|-status|p1b: Ting-Lu|brn\n|move|p1b: Ting-Lu|Heavy Slam|p2b: Nezuko\n|-supereffective|p2b: Nezuko\n|-end|p2b: Nezuko|Substitute\n|\n|-damage|p1b: Ting-Lu|59\/100 brn|[from] brn\n|-damage|p1b: Ting-Lu|47\/100 brn|[from] Salt Cure\n|upkeep\n|-enditem|p1b: Ting-Lu|Sitrus Berry|[eat]\n|-heal|p1b: Ting-Lu|72\/100 brn|[from] item: Sitrus Berry\n|turn|10\n|\n|t:|1682453994\n|move|p1b: Ting-Lu|Protect|p1b: Ting-Lu\n|-singleturn|p1b: Ting-Lu|Protect\n|move|p2b: Nezuko|Substitute|p2b: Nezuko\n|-start|p2b: Nezuko|Substitute\n|-damage|p2b: Nezuko|52\/100\n|move|p2a: Arcanine|Flare Blitz|p1a: Amoonguss\n|-supereffective|p1a: Amoonguss\n|-damage|p1a: Amoonguss|9\/100\n|-damage|p2a: Arcanine|71\/100|[from] Recoil\n|move|p1a: Amoonguss|Spore||[still]\n|-fail|p1a: Amoonguss\n|\n|-damage|p1b: Ting-Lu|66\/100 brn|[from] brn\n|-damage|p1b: Ting-Lu|53\/100 brn|[from] Salt Cure\n|upkeep\n|turn|11\n|-message|herofire81 forfeited.\n|\n|win|hancec\n|raw|herofire81's rating: 1445 → 1428<\/strong> (-17 for losing)\n|raw|hancec's rating: 1495 → 1512<\/strong> (+17 for winning)\n|l|\u2606herofire81\n","uploadtime":1682454007,"views":10,"p1id":"herofire81","p2id":"hancec","formatid":"gen9vgc2023regulationc","rating":1428,"private":0,"password":""}