{"id":"gen9vgc2023regulationc-1848782376","p1":"perseusrad","p2":"Alaskan_fisher","format":"[Gen 9] VGC 2023 Regulation C","log":"|j|\u2606perseusrad\n|j|\u2606Alaskan_fisher\n|t:|1682109846\n|gametype|doubles\n|player|p1|perseusrad|101|1264\n|player|p2|Alaskan_fisher|fisherman-gen4|1250\n|teamsize|p1|6\n|teamsize|p2|6\n|gen|9\n|tier|[Gen 9] VGC 2023 Regulation C\n|rated|\n|rule|Species Clause: Limit one of each Pok\u00e9mon\n|rule|Item Clause: Limit one of each item\n|clearpoke\n|poke|p1|Flutter Mane, L50|\n|poke|p1|Chien-Pao, L50|\n|poke|p1|Amoonguss, L50, M|\n|poke|p1|Arcanine, L50, F|\n|poke|p1|Azumarill, L50, M|\n|poke|p1|Dragonite, L50, M|\n|poke|p2|Baxcalibur, L50, M|\n|poke|p2|Palafin, L50, F|\n|poke|p2|Arcanine, L50, M|\n|poke|p2|Flutter Mane, L50|\n|poke|p2|Chi-Yu, L50|\n|poke|p2|Amoonguss, L50, F|\n|teampreview|4\n|inactive|Battle timer is ON: inactive players will automatically lose when time's up. (requested by perseusrad)\nperseusrad rejected open team sheets.\n|inactive|Alaskan_fisher has 60 seconds left.\n|inactive|Alaskan_fisher has 30 seconds left.\n|\n|t:|1682109927\n|start\n|switch|p1a: Chien-Pao|Chien-Pao, L50|100\/100\n|switch|p1b: Dragonite|Dragonite, L50, M|100\/100\n|switch|p2a: Palafin|Palafin, L50, F|100\/100\n|switch|p2b: Amoonguss|Amoonguss, L50, F|100\/100\n|-ability|p1a: Chien-Pao|Sword of Ruin\n|turn|1\n|inactive|Alaskan_fisher has 30 seconds left.\n|\n|t:|1682109962\n|detailschange|p2a: Palafin|Palafin-Hero, L50, F\n|switch|p2a: Arcanine|Arcanine, L50, M|100\/100\n|-ability|p2a: Arcanine|Intimidate|boost\n|-unboost|p1a: Chien-Pao|atk|1\n|-fail|p1b: Dragonite|unboost|Attack|[from] ability: Inner Focus|[of] p1b: Dragonite\n|-terastallize|p1b: Dragonite|Normal\n|-terastallize|p2b: Amoonguss|Water\n|move|p1b: Dragonite|Extreme Speed|p2b: Amoonguss\n|-damage|p2b: Amoonguss|35\/100\n|-enditem|p2b: Amoonguss|Sitrus Berry|[eat]\n|-heal|p2b: Amoonguss|60\/100|[from] item: Sitrus Berry\n|move|p1a: Chien-Pao|Throat Chop|p2b: Amoonguss\n|-damage|p2b: Amoonguss|35\/100\n|-start|p2b: Amoonguss|Throat Chop|[silent]\n|move|p2b: Amoonguss|Spore|p1b: Dragonite\n|-status|p1b: Dragonite|slp|[from] move: Spore\n|\n|upkeep\n|turn|2\n|inactive|Alaskan_fisher has 30 seconds left.\n|inactive|Alaskan_fisher has 20 seconds left.\n|inactive|Alaskan_fisher has 15 seconds left.\n|\n|t:|1682110002\n|switch|p1b: Azumarill|Azumarill, L50, M|100\/100\n|switch|p2b: Palafin|Palafin-Hero, L50, F|100\/100\n|-activate|p2b: Palafin|ability: Zero to Hero\n|move|p1a: Chien-Pao|Throat Chop|p2b: Palafin\n|-damage|p2b: Palafin|72\/100\n|-start|p2b: Palafin|Throat Chop|[silent]\n|move|p2a: Arcanine|Flare Blitz|p1a: Chien-Pao\n|-supereffective|p1a: Chien-Pao\n|-enditem|p1a: Chien-Pao|Focus Sash\n|-damage|p1a: Chien-Pao|1\/100\n|-damage|p2a: Arcanine|71\/100|[from] Recoil\n|\n|upkeep\n|turn|3\n|inactive|Alaskan_fisher has 30 seconds left.\n|inactive|Alaskan_fisher has 20 seconds left.\n|\n|t:|1682110040\n|switch|p2a: Amoonguss|Amoonguss, L50, F, tera:Water|68\/100\n|move|p1a: Chien-Pao|Protect|p1a: Chien-Pao\n|-singleturn|p1a: Chien-Pao|Protect\n|move|p2b: Palafin|Protect|p2b: Palafin\n|-singleturn|p2b: Palafin|Protect\n|move|p1b: Azumarill|Play Rough|p2b: Palafin\n|-activate|p2b: Palafin|move: Protect\n|\n|-end|p2b: Palafin|Throat Chop|[silent]\n|upkeep\n|turn|4\n|inactive|perseusrad has 30 seconds left.\n|inactive|Alaskan_fisher has 30 seconds left.\n|\n|t:|1682110070\n|switch|p1a: Dragonite|Dragonite, L50, M, tera:Normal|100\/100 slp\n|move|p2a: Amoonguss|Rage Powder|p2a: Amoonguss\n|-singleturn|p2a: Amoonguss|move: Rage Powder\n|move|p2b: Palafin|Jet Punch|p1a: Dragonite\n|-damage|p1a: Dragonite|46\/100 slp\n|move|p1b: Azumarill|Play Rough|p2a: Amoonguss\n|-damage|p2a: Amoonguss|27\/100\n|\n|upkeep\n|turn|5\n|\n|t:|1682110085\n|switch|p2a: Arcanine|Arcanine, L50, M|71\/100\n|-ability|p2a: Arcanine|Intimidate|boost\n|-fail|p1a: Dragonite|unboost|Attack|[from] ability: Inner Focus|[of] p1a: Dragonite\n|-unboost|p1b: Azumarill|atk|1\n|cant|p1a: Dragonite|slp\n|move|p2b: Palafin|Jet Punch|p1a: Dragonite\n|-damage|p1a: Dragonite|0 fnt\n|faint|p1a: Dragonite\n|move|p1b: Azumarill|Liquidation|p2b: Palafin\n|-resisted|p2b: Palafin\n|-damage|p2b: Palafin|54\/100\n|\n|upkeep\n|\n|t:|1682110093\n|switch|p1a: Chien-Pao|Chien-Pao, L50|1\/100\n|-ability|p1a: Chien-Pao|Sword of Ruin\n|turn|6\n|inactive|Alaskan_fisher has 30 seconds left.\n|inactive|Alaskan_fisher has 20 seconds left.\n|\n|t:|1682110128\n|move|p2b: Palafin|Jet Punch|p1a: Chien-Pao\n|-damage|p1a: Chien-Pao|0 fnt\n|faint|p1a: Chien-Pao\n|move|p2a: Arcanine|Will-O-Wisp|p1b: Azumarill\n|-status|p1b: Azumarill|brn\n|move|p1b: Azumarill|Play Rough|p2b: Palafin\n|-damage|p2b: Palafin|36\/100\n|\n|-damage|p1b: Azumarill|95\/100 brn|[from] brn\n|upkeep\n|\n|t:|1682110134\n|switch|p1a: Flutter Mane|Flutter Mane, L50|100\/100\n|-enditem|p1a: Flutter Mane|Booster Energy\n|-activate|p1a: Flutter Mane|ability: Protosynthesis|[fromitem]\n|-start|p1a: Flutter Mane|protosynthesisspe\n|turn|7\n|inactive|Alaskan_fisher has 30 seconds left.\n|\n|t:|1682110161\n|move|p2b: Palafin|Jet Punch|p1a: Flutter Mane\n|-damage|p1a: Flutter Mane|0 fnt\n|faint|p1a: Flutter Mane\n|-end|p1a: Flutter Mane|Protosynthesis|[silent]\n|move|p2a: Arcanine|Morning Sun|p2a: Arcanine\n|-heal|p2a: Arcanine|100\/100\n|move|p1b: Azumarill|Liquidation|p2a: Arcanine\n|-supereffective|p2a: Arcanine\n|-damage|p2a: Arcanine|64\/100\n|\n|-damage|p1b: Azumarill|89\/100 brn|[from] brn\n|upkeep\n|turn|8\n|l|\u2606perseusrad\n|inactive|perseusrad disconnected and has a minute to reconnect!\n|player|p1|\n|j|\u2606perseusrad\n|inactive|perseusrad reconnected and has 45 seconds left.\n|player|p1|perseusrad|101\n|-message|perseusrad forfeited.\n|\n|win|Alaskan_fisher\n|raw|perseusrad's rating: 1264 → 1238<\/strong> (-26 for losing)\n|raw|Alaskan_fisher's rating: 1250 → 1276<\/strong> (+26 for winning)\n|l|\u2606perseusrad\n","uploadtime":1682110214,"views":8,"p1id":"perseusrad","p2id":"alaskanfisher","formatid":"gen9vgc2023regulationc","rating":1238,"private":0,"password":""}