{"id":"gen9vgc2023regulationc-1863349088","p1":"StantlerGOAT","p2":"wackomarko","format":"[Gen 9] VGC 2023 Regulation C","log":"|j|\u2606StantlerGOAT\n|j|\u2606wackomarko\n|t:|1684005679\n|gametype|doubles\n|player|p1|StantlerGOAT|101|1230\n|player|p2|wackomarko|hiker-gen4|1148\n|teamsize|p1|6\n|teamsize|p2|6\n|gen|9\n|tier|[Gen 9] VGC 2023 Regulation C\n|rated|\n|rule|Species Clause: Limit one of each Pok\u00e9mon\n|rule|Item Clause: Limit one of each item\n|clearpoke\n|poke|p1|Misdreavus, L50, M|\n|poke|p1|Ting-Lu, L50|\n|poke|p1|Bronzong, L50|\n|poke|p1|Iron Hands, L50|\n|poke|p1|Torkoal, L50, F|\n|poke|p1|Dudunsparce-*, L50, F|\n|poke|p2|Talonflame, L50, M|\n|poke|p2|Amoonguss, L50, M|\n|poke|p2|Flutter Mane, L50|\n|poke|p2|Chien-Pao, L50|\n|poke|p2|Gyarados, L50, M|\n|poke|p2|Dragapult, L50, F|\n|teampreview|4\nwackomarko has agreed to open team sheets.\n|inactive|Battle timer is ON: inactive players will automatically lose when time's up. (requested by StantlerGOAT)\n|\n|t:|1684005727\n|start\n|switch|p1a: Bronzong|Bronzong, L50|100\/100\n|switch|p1b: Ting-Lu|Ting-Lu, L50|100\/100\n|switch|p2a: Flutter Mane|Flutter Mane, L50, shiny|100\/100\n|switch|p2b: Chien-Pao|Chien-Pao, L50|100\/100\n|-ability|p2b: Chien-Pao|Sword of Ruin\n|-ability|p1b: Ting-Lu|Vessel of Ruin\n|turn|1\n|inactive|wackomarko has 30 seconds left.\n|\n|t:|1684005761\n|-terastallize|p1a: Bronzong|Fire\n|move|p1b: Ting-Lu|Protect|p1b: Ting-Lu\n|-singleturn|p1b: Ting-Lu|Protect\n|move|p2b: Chien-Pao|Ice Spinner|p1a: Bronzong\n|-resisted|p1a: Bronzong\n|-damage|p1a: Bronzong|79\/100\n|move|p2a: Flutter Mane|Shadow Ball|p1a: Bronzong\n|-damage|p1a: Bronzong|46\/100\n|-damage|p2a: Flutter Mane|91\/100|[from] item: Life Orb\n|move|p1a: Bronzong|Trick Room|p1a: Bronzong\n|-fieldstart|move: Trick Room|[of] p1a: Bronzong\n|\n|upkeep\n|turn|2\n|\n|t:|1684005780\n|move|p2a: Flutter Mane|Protect|p2a: Flutter Mane\n|-singleturn|p2a: Flutter Mane|Protect\n|move|p2b: Chien-Pao|Protect|p2b: Chien-Pao\n|-singleturn|p2b: Chien-Pao|Protect\n|move|p1a: Bronzong|Ice Spinner|p1b: Ting-Lu\n|-supereffective|p1b: Ting-Lu\n|-damage|p1b: Ting-Lu|74\/100\n|-enditem|p1b: Ting-Lu|Weakness Policy\n|-boost|p1b: Ting-Lu|atk|2|[from] item: Weakness Policy\n|-boost|p1b: Ting-Lu|spa|2|[from] item: Weakness Policy\n|move|p1b: Ting-Lu|Earthquake|p2b: Chien-Pao|[spread] \n|-activate|p2a: Flutter Mane|move: Protect\n|-activate|p2b: Chien-Pao|move: Protect\n|-immune|p1a: Bronzong|[from] ability: Levitate\n|\n|upkeep\n|turn|3\n|inactive|wackomarko has 30 seconds left.\n|\n|t:|1684005810\n|-end|p2a: Flutter Mane|Protosynthesis|[silent]\n|switch|p2a: Gyarados|Gyarados, L50, M, shiny|100\/100\n|-ability|p2a: Gyarados|Intimidate|boost\n|-unboost|p1a: Bronzong|atk|1\n|-unboost|p1b: Ting-Lu|atk|1\n|move|p1a: Bronzong|Ice Spinner|p2b: Chien-Pao\n|-resisted|p2b: Chien-Pao\n|-damage|p2b: Chien-Pao|93\/100\n|move|p1b: Ting-Lu|Earthquake|p2a: Gyarados|[spread] p2b\n|-immune|p1a: Bronzong|[from] ability: Levitate\n|-immune|p2a: Gyarados\n|-damage|p2b: Chien-Pao|31\/100\n|move|p2b: Chien-Pao|Ice Spinner|p1b: Ting-Lu\n|-supereffective|p1b: Ting-Lu\n|-damage|p1b: Ting-Lu|12\/100\n|\n|upkeep\n|turn|4\n|c|\u2606StantlerGOAT|Nice double protect\n|inactive|wackomarko has 30 seconds left.\n|inactive|wackomarko has 20 seconds left.\n|inactive|wackomarko has 15 seconds left.\n|\n|t:|1684005851\n|move|p2a: Gyarados|Protect|p2a: Gyarados\n|-singleturn|p2a: Gyarados|Protect\n|move|p2b: Chien-Pao|Protect|p2b: Chien-Pao\n|-singleturn|p2b: Chien-Pao|Protect\n|move|p1a: Bronzong|Ice Spinner|p2a: Gyarados\n|-activate|p2a: Gyarados|move: Protect\n|move|p1b: Ting-Lu|Rock Slide|p2a: Gyarados|[spread] \n|-activate|p2a: Gyarados|move: Protect\n|-activate|p2b: Chien-Pao|move: Protect\n|\n|upkeep\n|turn|5\n|c|\u2606wackomarko|thank you\n|\n|t:|1684005875\n|move|p2b: Chien-Pao|Sucker Punch|p1a: Bronzong\n|-damage|p1a: Bronzong|9\/100\n|move|p1a: Bronzong|Ice Spinner|p2a: Gyarados\n|-damage|p2a: Gyarados|85\/100\n|move|p1b: Ting-Lu|Rock Slide|p2b: Chien-Pao|[spread] p2a,p2b\n|-supereffective|p2a: Gyarados\n|-supereffective|p2b: Chien-Pao\n|-damage|p2a: Gyarados|16\/100\n|-damage|p2b: Chien-Pao|0 fnt\n|faint|p2b: Chien-Pao\n|move|p2a: Gyarados|Ice Fang|p1b: Ting-Lu\n|-supereffective|p1b: Ting-Lu\n|-damage|p1b: Ting-Lu|0 fnt\n|faint|p1b: Ting-Lu\n|\n|-fieldend|move: Trick Room\n|upkeep\n|inactive|wackomarko has 30 seconds left.\n|\n|t:|1684005902\n|switch|p2b: Dragapult|Dragapult, L50, F, shiny|100\/100\n|switch|p1b: Dudunsparce|Dudunsparce, L50, F|100\/100\n|turn|6\n|\n|t:|1684005922\n|-terastallize|p2b: Dragapult|Dragon\n|move|p2b: Dragapult|Dragon Darts|p1a: Bronzong\n|-damage|p1a: Bronzong|0 fnt\n|-anim|p2b: Dragapult|Dragon Darts|p1b: Dudunsparce\n|-damage|p1b: Dudunsparce|55\/100\n|faint|p1a: Bronzong\n|move|p2a: Gyarados|Taunt|p1b: Dudunsparce\n|-start|p1b: Dudunsparce|move: Taunt\n|move|p1b: Dudunsparce|Rock Slide|p2b: Dragapult|[spread] p2a,p2b\n|-supereffective|p2a: Gyarados\n|-damage|p2a: Gyarados|0 fnt\n|-damage|p2b: Dragapult|76\/100\n|faint|p2a: Gyarados\n|\n|upkeep\n|\n|t:|1684005934\n|switch|p2a: Flutter Mane|Flutter Mane, L50, shiny|91\/100\n|switch|p1a: Torkoal|Torkoal, L50, F|100\/100\n|-weather|SunnyDay|[from] ability: Drought|[of] p1a: Torkoal\n|-activate|p2a: Flutter Mane|ability: Protosynthesis\n|-start|p2a: Flutter Mane|protosynthesisspe\n|turn|7\n|\n|t:|1684005952\n|move|p2a: Flutter Mane|Shadow Ball|p1a: Torkoal\n|-crit|p1a: Torkoal\n|-damage|p1a: Torkoal|0 fnt\n|faint|p1a: Torkoal\n|-damage|p2a: Flutter Mane|81\/100|[from] item: Life Orb\n|move|p2b: Dragapult|Dragon Darts|p1b: Dudunsparce\n|-damage|p1b: Dudunsparce|11\/100\n|-anim|p2b: Dragapult|Dragon Darts|p1b: Dudunsparce\n|-damage|p1b: Dudunsparce|0 fnt\n|faint|p1b: Dudunsparce\n|\n|win|wackomarko\n|raw|StantlerGOAT's rating: 1230 → 1199<\/strong> (-31 for losing)\n|raw|wackomarko's rating: 1148 → 1179<\/strong> (+31 for winning)\n|l|\u2606StantlerGOAT\n|c|\u2606wackomarko|gg\n","uploadtime":1684005967,"views":4,"p1id":"stantlergoat","p2id":"wackomarko","formatid":"gen9vgc2023regulationc","rating":1179,"private":0,"password":""}