{"id":"gen9vgc2023regulationc-1862270661","p1":"thrillcorner","p2":"cyberhex","format":"[Gen 9] VGC 2023 Regulation C","log":"|j|\u2606thrillcorner\n|j|\u2606cyberhex\n|t:|1683857766\n|gametype|doubles\n|player|p1|thrillcorner|red-masters2|1358\n|player|p2|cyberhex|170|1269\n|teamsize|p1|6\n|teamsize|p2|6\n|gen|9\n|tier|[Gen 9] VGC 2023 Regulation C\n|rated|\n|rule|Species Clause: Limit one of each Pok\u00e9mon\n|rule|Item Clause: Limit one of each item\n|clearpoke\n|poke|p1|Arcanine, L50, F|\n|poke|p1|Amoonguss, L50, M|\n|poke|p1|Flutter Mane, L50|\n|poke|p1|Kingambit, L50, F|\n|poke|p1|Iron Bundle, L50|\n|poke|p1|Baxcalibur, L50, M|\n|poke|p2|Dondozo, L50, F|\n|poke|p2|Tatsugiri-Droopy, L50, F|\n|poke|p2|Amoonguss, L50, F|\n|poke|p2|Arcanine, L50, M|\n|poke|p2|Baxcalibur, L50, M|\n|poke|p2|Flutter Mane, L50|\n|teampreview|4\n|inactive|Battle timer is ON: inactive players will automatically lose when time's up. (requested by cyberhex)\nthrillcorner has agreed to open team sheets.\n|inactive|thrillcorner has 60 seconds left.\ncyberhex has agreed to open team sheets.\n|inactive|thrillcorner has 30 seconds left.\n|inactive|thrillcorner has 20 seconds left.\n|\n|t:|1683857840\n|start\n|switch|p1a: Ripley|Arcanine, L50, F|100\/100\n|switch|p1b: Willow|Flutter Mane, L50|100\/100\n|switch|p2a: d o d g e|Tatsugiri-Droopy, L50, F, shiny|100\/100\n|switch|p2b: b e e g|Dondozo, L50, F|100\/100\n|-activate|p2a: d o d g e|ability: Commander|[of] p2b: b e e g\n|-boost|p2b: b e e g|atk|2\n|-boost|p2b: b e e g|spa|2\n|-boost|p2b: b e e g|spe|2\n|-boost|p2b: b e e g|def|2\n|-boost|p2b: b e e g|spd|2\n|-ability|p1a: Ripley|Intimidate|boost\n|-unboost|p2a: d o d g e|atk|1\n|-fail|p2b: b e e g|unboost|Attack|[from] ability: Oblivious|[of] p2b: b e e g\n|turn|1\n|inactive|thrillcorner has 30 seconds left.\n|inactive|thrillcorner has 20 seconds left.\n|inactive|thrillcorner has 15 seconds left.\n|inactive|thrillcorner has 10 seconds left.\n|\n|t:|1683857888\n|-end|p1b: Willow|Protosynthesis|[silent]\n|switch|p1b: Spordyceps|Amoonguss, L50, M|100\/100\n|-terastallize|p2b: b e e g|Steel\n|move|p2b: b e e g|Wave Crash|p1a: Ripley\n|-supereffective|p1a: Ripley\n|-damage|p1a: Ripley|0 fnt\n|faint|p1a: Ripley\n|-damage|p2b: b e e g|72\/100|[from] Recoil\n|\n|upkeep\n|\n|t:|1683857898\n|switch|p1a: Iron Bundle|Iron Bundle, L50|100\/100\n|-enditem|p1a: Iron Bundle|Booster Energy\n|-activate|p1a: Iron Bundle|ability: Quark Drive|[fromitem]\n|-start|p1a: Iron Bundle|quarkdrivespe\n|turn|2\n|\n|t:|1683857917\n|move|p1a: Iron Bundle|Protect|p1a: Iron Bundle\n|-singleturn|p1a: Iron Bundle|Protect\n|move|p2b: b e e g|Rock Slide|p1b: Spordyceps|[spread] p1b\n|-activate|p1a: Iron Bundle|move: Protect\n|-damage|p1b: Spordyceps|74\/100\n|cant|p1b: Spordyceps|flinch\n|\n|upkeep\n|turn|3\n|\n|t:|1683857935\n|move|p1a: Iron Bundle|Icy Wind|p2a: d o d g e|[spread] p2b\n|-miss|p1a: Iron Bundle|p2a: d o d g e\n|-resisted|p2b: b e e g\n|-damage|p2b: b e e g|66\/100\n|-unboost|p2b: b e e g|spe|1\n|move|p2b: b e e g|Rock Slide|p1a: Iron Bundle|[spread] p1b\n|-miss|p2b: b e e g|p1a: Iron Bundle\n|-damage|p1b: Spordyceps|46\/100\n|-enditem|p1b: Spordyceps|Sitrus Berry|[eat]\n|-heal|p1b: Spordyceps|71\/100|[from] item: Sitrus Berry\n|cant|p1b: Spordyceps|flinch\n|\n|upkeep\n|turn|4\n|\n|t:|1683857958\n|move|p1a: Iron Bundle|Protect|p1a: Iron Bundle\n|-singleturn|p1a: Iron Bundle|Protect\n|move|p2b: b e e g|Heavy Slam|p1b: Spordyceps\n|-damage|p1b: Spordyceps|0 fnt\n|faint|p1b: Spordyceps\n|\n|upkeep\n|\n|t:|1683857963\n|switch|p1b: Willow|Flutter Mane, L50|100\/100\n|turn|5\n|\n|t:|1683857972\n|move|p1a: Iron Bundle|Hydro Pump|p2b: b e e g\n|-damage|p2b: b e e g|37\/100\n|move|p1b: Willow|Shadow Ball|p2b: b e e g\n|-damage|p2b: b e e g|6\/100\n|move|p2b: b e e g|Heavy Slam|p1b: Willow\n|-supereffective|p1b: Willow\n|-damage|p1b: Willow|0 fnt\n|faint|p1b: Willow\n|-end|p1b: Willow|Protosynthesis|[silent]\n|\n|upkeep\n|turn|6\n|-message|thrillcorner forfeited.\n|\n|win|cyberhex\n|raw|thrillcorner's rating: 1358 → 1333<\/strong> (-25 for losing)\n|raw|cyberhex's rating: 1269 → 1300<\/strong> (+31 for winning)\n","uploadtime":1683857987,"views":47,"p1id":"thrillcorner","p2id":"cyberhex","formatid":"gen9vgc2023regulationc","rating":1300,"private":0,"password":""}