{"id":"gen9vgc2023regulationc-1863910245","p1":"deadlynsn","p2":"Parking son","format":"[Gen 9] VGC 2023 Regulation C","log":"|j|\u2606deadlynsn\n|j|\u2606Parking son\n|t:|1684092255\n|gametype|doubles\n|player|p1|deadlynsn|170|1134\n|player|p2|Parking son|2|1210\n|teamsize|p1|6\n|teamsize|p2|6\n|gen|9\n|tier|[Gen 9] VGC 2023 Regulation C\n|rated|\n|rule|Species Clause: Limit one of each Pok\u00e9mon\n|rule|Item Clause: Limit one of each item\n|clearpoke\n|poke|p1|Annihilape, L50, F|\n|poke|p1|Murkrow, L50, F|\n|poke|p1|Flutter Mane, L50|\n|poke|p1|Great Tusk, L50|\n|poke|p1|Ceruledge, L50, F|\n|poke|p1|Iron Bundle, L50|\n|poke|p2|Hawlucha, L50, M|\n|poke|p2|Indeedee-F, L50, F|\n|poke|p2|Armarouge, L50, M|\n|poke|p2|Palafin, L50, F|\n|poke|p2|Sandy Shocks, L50|\n|poke|p2|Chien-Pao, L50|\n|teampreview|4\n|\n|t:|1684092309\n|start\n|switch|p1a: Murkrow|Murkrow, L50, F|100\/100\n|switch|p1b: Ceruledge|Ceruledge, L50, F|100\/100\n|switch|p2a: Isabelle|Indeedee-F, L50, F|100\/100\n|switch|p2b: R.O.B.|Sandy Shocks, L50, shiny|100\/100\n|-fieldstart|move: Psychic Terrain|[from] ability: Psychic Surge|[of] p2a: Isabelle\n|-enditem|p2b: R.O.B.|Booster Energy\n|-activate|p2b: R.O.B.|ability: Protosynthesis|[fromitem]\n|-start|p2b: R.O.B.|protosynthesisspe\n|turn|1\n|\n|t:|1684092348\n|-terastallize|p1b: Ceruledge|Grass\n|move|p2a: Isabelle|Follow Me|p2a: Isabelle\n|-singleturn|p2a: Isabelle|move: Follow Me\n|move|p1a: Murkrow|Tailwind|p1a: Murkrow\n|-sidestart|p1: deadlynsn|move: Tailwind\n|move|p1b: Ceruledge|Bulk Up|p1b: Ceruledge\n|-boost|p1b: Ceruledge|atk|1\n|-boost|p1b: Ceruledge|def|1\n|move|p2b: R.O.B.|Earth Power|p1b: Ceruledge\n|-resisted|p1b: Ceruledge\n|-damage|p1b: Ceruledge|77\/100\n|\n|-heal|p1b: Ceruledge|83\/100|[from] item: Leftovers\n|upkeep\n|turn|2\n|\n|t:|1684092407\n|switch|p2a: C. Falcon|Hawlucha, L50, M, shiny|100\/100\n|-enditem|p2a: C. Falcon|Psychic Seed\n|-boost|p2a: C. Falcon|spd|1|[from] item: Psychic Seed\n|move|p1b: Ceruledge|Tera Blast|p2b: R.O.B.\n|-supereffective|p2b: R.O.B.\n|-damage|p2b: R.O.B.|0 fnt\n|faint|p2b: R.O.B.\n|-end|p2b: R.O.B.|Protosynthesis|[silent]\n|move|p1a: Murkrow|Foul Play|p2a: C. Falcon\n|-resisted|p2a: C. Falcon\n|-damage|p2a: C. Falcon|72\/100\n|\n|-heal|p1b: Ceruledge|89\/100|[from] item: Leftovers\n|upkeep\n|\n|t:|1684092428\n|switch|p2b: Isabelle|Indeedee-F, L50, F|100\/100\n|turn|3\n|\n|t:|1684092449\n|move|p2b: Isabelle|Follow Me|p2b: Isabelle\n|-singleturn|p2b: Isabelle|move: Follow Me\n|move|p2a: C. Falcon|Swords Dance|p2a: C. Falcon\n|-boost|p2a: C. Falcon|atk|2\n|move|p1b: Ceruledge|Bitter Blade|p2b: Isabelle\n|-damage|p2b: Isabelle|41\/100\n|-heal|p1b: Ceruledge|100\/100|[from] drain|[of] p2b: Isabelle\n|move|p1a: Murkrow|Foul Play|p2b: Isabelle\n|-supereffective|p2b: Isabelle\n|-damage|p2b: Isabelle|10\/100\n|\n|upkeep\n|turn|4\n|\n|t:|1684092491\n|move|p1b: Ceruledge|Shadow Sneak|p2a: C. Falcon\n|-hint|Psychic Terrain doesn't affect Pok\u00e9mon immune to Ground.\n|-damage|p2a: C. Falcon|26\/100\n|move|p1a: Murkrow|Haze|p1a: Murkrow\n|-clearallboost\n|move|p2a: C. Falcon|Acrobatics|p1b: Ceruledge\n|-supereffective|p1b: Ceruledge\n|-damage|p1b: Ceruledge|0 fnt\n|faint|p1b: Ceruledge\n|move|p2b: Isabelle|Heal Pulse|p2a: C. Falcon\n|-heal|p2a: C. Falcon|76\/100\n|\n|-sideend|p1: deadlynsn|move: Tailwind\n|upkeep\n|\n|t:|1684092508\n|switch|p1b: Flutter Mane|Flutter Mane, L50|100\/100\n|turn|5\n|\n|t:|1684092554\n|-terastallize|p2a: C. Falcon|Steel\n|move|p2b: Isabelle|Protect|p2b: Isabelle\n|-singleturn|p2b: Isabelle|Protect\n|move|p1a: Murkrow|Sunny Day|p1a: Murkrow\n|-weather|SunnyDay\n|-activate|p1b: Flutter Mane|ability: Protosynthesis\n|-start|p1b: Flutter Mane|protosynthesisspe\n|move|p2a: C. Falcon|Acrobatics|p1b: Flutter Mane\n|-damage|p1b: Flutter Mane|0 fnt\n|faint|p1b: Flutter Mane\n|-end|p1b: Flutter Mane|Protosynthesis|[silent]\n|\n|-weather|SunnyDay|[upkeep]\n|-fieldend|move: Psychic Terrain\n|upkeep\n|\n|t:|1684092559\n|switch|p1b: Annihilape|Annihilape, L50, F|100\/100\n|turn|6\n|\n|t:|1684092594\n|move|p2b: Isabelle|Follow Me|p2b: Isabelle\n|-singleturn|p2b: Isabelle|move: Follow Me\n|move|p1a: Murkrow|Tailwind|p1a: Murkrow\n|-sidestart|p1: deadlynsn|move: Tailwind\n|move|p2a: C. Falcon|Acrobatics|p1b: Annihilape\n|-supereffective|p1b: Annihilape\n|-damage|p1b: Annihilape|0 fnt\n|faint|p1b: Annihilape\n|\n|-weather|SunnyDay|[upkeep]\n|upkeep\n|turn|7\n|-message|deadlynsn forfeited.\n|\n|win|Parking son\n|raw|deadlynsn's rating: 1134 → 1114<\/strong> (-20 for losing)\n|raw|Parking son's rating: 1210 → 1230<\/strong> (+20 for winning)\n","uploadtime":1684092613,"views":4,"p1id":"deadlynsn","p2id":"parkingson","formatid":"gen9vgc2023regulationc","rating":1114,"private":0,"password":""}