{"id":"gen9vgc2023regulationc-1847906321","p1":"atam24","p2":"Whismuravocado","format":"[Gen 9] VGC 2023 Regulation C","log":"|j|\u2606atam24\n|j|\u2606Whismuravocado\n|t:|1682011619\n|gametype|doubles\n|player|p1|atam24|1|1414\n|player|p2|Whismuravocado|sabrina|1475\n|teamsize|p1|6\n|teamsize|p2|6\n|gen|9\n|tier|[Gen 9] VGC 2023 Regulation C\n|rated|\n|rule|Species Clause: Limit one of each Pok\u00e9mon\n|rule|Item Clause: Limit one of each item\n|clearpoke\n|poke|p1|Indeedee-F, L50, F|\n|poke|p1|Armarouge, L50, M|\n|poke|p1|Sylveon, L50, F|\n|poke|p1|Electrode, L50|\n|poke|p1|Palafin, L50, F|\n|poke|p1|Amoonguss, L50, F|\n|poke|p2|Hippowdon, L50, F|\n|poke|p2|Corviknight, L50, F|\n|poke|p2|Houndstone, L50, M|\n|poke|p2|Amoonguss, L50, F|\n|poke|p2|Gastrodon, L50, F|\n|poke|p2|Farigiraf, L50, F|\n|teampreview|4\n|inactive|Battle timer is ON: inactive players will automatically lose when time's up. (requested by Whismuravocado)\n|j| Therazer456\n|j| igorpng\n|inactive|atam24 has 60 seconds left.\n|inactive|Whismuravocado has 60 seconds left.\n|\n|t:|1682011658\n|start\n|switch|p1a: Sylveon|Sylveon, L50, F|100\/100\n|switch|p1b: Electrode|Electrode, L50|100\/100\n|switch|p2a: Farigiraf|Farigiraf, L50, F|100\/100\n|switch|p2b: Hippowdon|Hippowdon, L50, F|100\/100\n|-item|p1b: Electrode|Air Balloon\n|-weather|Sandstorm|[from] ability: Sand Stream|[of] p2b: Hippowdon\n|turn|1\n|inactive|atam24 has 30 seconds left.\n|\n|t:|1682011683\n|-terastallize|p2b: Hippowdon|Rock\n|move|p1b: Electrode|Taunt|p2a: Farigiraf\n|-start|p2a: Farigiraf|move: Taunt\n|move|p1a: Sylveon|Hyper Voice|p2b: Hippowdon|[spread] p2a,p2b\n|-damage|p2a: Farigiraf|62\/100\n|-damage|p2b: Hippowdon|75\/100\n|-enditem|p1a: Sylveon|Throat Spray\n|-boost|p1a: Sylveon|spa|1|[from] item: Throat Spray\n|move|p2a: Farigiraf|Hyper Voice|p1b: Electrode|[spread] p1a,p1b\n|-damage|p1a: Sylveon|79\/100\n|-damage|p1b: Electrode|64\/100\n|-enditem|p1b: Electrode|Air Balloon\n|move|p2b: Hippowdon|Stone Edge|p1a: Sylveon\n|-damage|p1a: Sylveon|20\/100\n|\n|-weather|Sandstorm|[upkeep]\n|-damage|p1b: Electrode|58\/100|[from] Sandstorm\n|-damage|p1a: Sylveon|14\/100|[from] Sandstorm\n|-heal|p2b: Hippowdon|81\/100|[from] item: Leftovers\n|upkeep\n|turn|2\n|inactive|atam24 has 30 seconds left.\n|\n|t:|1682011710\n|move|p1b: Electrode|Helping Hand|p1a: Sylveon\n|-singleturn|p1a: Sylveon|Helping Hand|[of] p1b: Electrode\n|move|p2b: Hippowdon|Protect|p2b: Hippowdon\n|-singleturn|p2b: Hippowdon|Protect\n|move|p1a: Sylveon|Hyper Voice|p2a: Farigiraf|[spread] p2a\n|-activate|p2b: Hippowdon|move: Protect\n|-damage|p2a: Farigiraf|0 fnt\n|faint|p2a: Farigiraf\n|\n|-weather|Sandstorm|[upkeep]\n|-damage|p1b: Electrode|52\/100|[from] Sandstorm\n|-damage|p1a: Sylveon|8\/100|[from] Sandstorm\n|-heal|p2b: Hippowdon|87\/100|[from] item: Leftovers\n|upkeep\n|\n|t:|1682011719\n|switch|p2a: Houndstone|Houndstone, L50, M|100\/100\n|turn|3\n|\n|t:|1682011731\n|move|p1a: Sylveon|Protect|p1a: Sylveon\n|-singleturn|p1a: Sylveon|Protect\n|move|p2a: Houndstone|Last Respects|p1a: Sylveon\n|-activate|p1a: Sylveon|move: Protect\n|move|p1b: Electrode|Thunder Wave|p2a: Houndstone\n|-status|p2a: Houndstone|par\n|move|p2b: Hippowdon|Stone Edge|p1b: Electrode\n|-damage|p1b: Electrode|0 fnt\n|faint|p1b: Electrode\n|\n|-weather|Sandstorm|[upkeep]\n|-damage|p1a: Sylveon|2\/100|[from] Sandstorm\n|-heal|p2b: Hippowdon|93\/100|[from] item: Leftovers\n|upkeep\n|\n|t:|1682011751\n|switch|p1b: Indeedee|Indeedee-F, L50, F|100\/100\n|-fieldstart|move: Psychic Terrain|[from] ability: Psychic Surge|[of] p1b: Indeedee\n|-enditem|p1b: Indeedee|Psychic Seed\n|-boost|p1b: Indeedee|spd|1|[from] item: Psychic Seed\n|turn|4\n|\n|t:|1682011761\n|move|p2a: Houndstone|Protect|p2a: Houndstone\n|-singleturn|p2a: Houndstone|Protect\n|move|p1b: Indeedee|Follow Me|p1b: Indeedee\n|-singleturn|p1b: Indeedee|move: Follow Me\n|move|p1a: Sylveon|Hyper Voice|p2b: Hippowdon|[spread] p2b\n|-activate|p2a: Houndstone|move: Protect\n|-damage|p2b: Hippowdon|52\/100\n|move|p2b: Hippowdon|Earthquake|p1a: Sylveon|[spread] p1a,p1b\n|-activate|p2a: Houndstone|move: Protect\n|-damage|p1a: Sylveon|0 fnt\n|-damage|p1b: Indeedee|66\/100\n|faint|p1a: Sylveon\n|\n|-weather|Sandstorm|[upkeep]\n|-damage|p1b: Indeedee|60\/100|[from] Sandstorm\n|-heal|p2b: Hippowdon|58\/100|[from] item: Leftovers\n|upkeep\n|\n|t:|1682011775\n|switch|p1a: Armarouge|Armarouge, L50, M|100\/100\n|turn|5\n|\n|t:|1682011798\n|-terastallize|p1a: Armarouge|Fighting\n|move|p1b: Indeedee|Follow Me|p1b: Indeedee\n|-singleturn|p1b: Indeedee|move: Follow Me\n|move|p2a: Houndstone|Play Rough|p1b: Indeedee\n|-damage|p1b: Indeedee|34\/100\n|move|p1a: Armarouge|Aura Sphere|p2b: Hippowdon\n|-supereffective|p2b: Hippowdon\n|-damage|p2b: Hippowdon|0 fnt\n|faint|p2b: Hippowdon\n|\n|-weather|none\n|upkeep\n|\n|t:|1682011807\n|switch|p2b: Gastrodon|Gastrodon, L50, F|100\/100\n|turn|6\n|\n|t:|1682011819\n|move|p1b: Indeedee|Helping Hand|p1a: Armarouge\n|-singleturn|p1a: Armarouge|Helping Hand|[of] p1b: Indeedee\n|move|p1a: Armarouge|Expanding Force|p2b: Gastrodon|[spread] p2a,p2b\n|-enditem|p2a: Houndstone|Focus Sash\n|-damage|p2a: Houndstone|1\/100 par\n|-damage|p2b: Gastrodon|33\/100\n|move|p2a: Houndstone|Play Rough|p1a: Armarouge\n|-supereffective|p1a: Armarouge\n|-damage|p1a: Armarouge|45\/100\n|-ability|p1a: Armarouge|Weak Armor|boost\n|-unboost|p1a: Armarouge|def|1\n|-boost|p1a: Armarouge|spe|2\n|-enditem|p1a: Armarouge|Weakness Policy\n|-boost|p1a: Armarouge|atk|2|[from] item: Weakness Policy\n|-boost|p1a: Armarouge|spa|2|[from] item: Weakness Policy\n|move|p2b: Gastrodon|Muddy Water|p1b: Indeedee|[spread] p1a,p1b\n|-damage|p1a: Armarouge|7\/100\n|-damage|p1b: Indeedee|15\/100\n|-unboost|p1b: Indeedee|accuracy|1\n|\n|upkeep\n|turn|7\n|inactive|Whismuravocado has 30 seconds left.\n|c|\u2606atam24|gg\n|\n|t:|1682011847\n|move|p2a: Houndstone|Protect|p2a: Houndstone\n|-singleturn|p2a: Houndstone|Protect\n|move|p1a: Armarouge|Expanding Force|p2b: Gastrodon|[spread] p2b\n|-activate|p2a: Houndstone|move: Protect\n|-damage|p2b: Gastrodon|0 fnt\n|faint|p2b: Gastrodon\n|move|p1b: Indeedee|Dazzling Gleam|p2a: Houndstone\n|-activate|p2a: Houndstone|move: Protect\n|\n|upkeep\n|turn|8\n|-message|Whismuravocado forfeited.\n|\n|win|atam24\n|raw|atam24's rating: 1414 → 1437<\/strong> (+23 for winning)\n|raw|Whismuravocado's rating: 1475 → 1452<\/strong> (-23 for losing)\n|l|\u2606Whismuravocado\n|j|\u2606Whismuravocado\n|player|p2|Whismuravocado|sabrina\n|l| Therazer456\n|l| igorpng\n","uploadtime":1682011865,"views":10,"p1id":"atam24","p2id":"whismuravocado","formatid":"gen9vgc2023regulationc","rating":1437,"private":0,"password":""}