{"id":"gen9vgc2023regulationc-1860140718","p1":"GB Seraphix","p2":"Lealrec","format":"[Gen 9] VGC 2023 Regulation C","log":"|j|\u2606GB Seraphix\n|j|\u2606Lealrec\n|t:|1683600135\n|gametype|doubles\n|player|p1|GB Seraphix|rosa|1148\n|player|p2|Lealrec|2|1166\n|teamsize|p1|6\n|teamsize|p2|6\n|gen|9\n|tier|[Gen 9] VGC 2023 Regulation C\n|rated|\n|rule|Species Clause: Limit one of each Pok\u00e9mon\n|rule|Item Clause: Limit one of each item\n|clearpoke\n|poke|p1|Slowking, L50, M|\n|poke|p1|Abomasnow, L50, M|\n|poke|p1|Iron Bundle, L50|\n|poke|p1|Ting-Lu, L50|\n|poke|p1|Dondozo, L50, M|\n|poke|p1|Tatsugiri, L50, F|\n|poke|p2|Tyranitar, L50, M|\n|poke|p2|Arcanine, L50, M|\n|poke|p2|Iron Bundle, L50|\n|poke|p2|Flutter Mane, L50|\n|poke|p2|Amoonguss, L50, F|\n|poke|p2|Ting-Lu, L50|\n|teampreview|4\n|inactive|Battle timer is ON: inactive players will automatically lose when time's up. (requested by Lealrec)\n|\n|t:|1683600176\n|start\n|switch|p1a: Iron Bundle|Iron Bundle, L50|100\/100\n|switch|p1b: Dondozo|Dondozo, L50, M|100\/100\n|switch|p2a: Tyranitar|Tyranitar, L50, M|100\/100\n|switch|p2b: Arcanine|Arcanine, L50, M|100\/100\n|-ability|p2b: Arcanine|Intimidate|boost\n|-unboost|p1a: Iron Bundle|atk|1\n|-unboost|p1b: Dondozo|atk|1\n|-weather|Sandstorm|[from] ability: Sand Stream|[of] p2a: Tyranitar\n|-enditem|p1a: Iron Bundle|Booster Energy\n|-activate|p1a: Iron Bundle|ability: Quark Drive|[fromitem]\n|-start|p1a: Iron Bundle|quarkdrivespe\n|turn|1\n|inactive|Lealrec has 30 seconds left.\n|inactive|Lealrec has 20 seconds left.\n|inactive|Lealrec has 15 seconds left.\n|\n|t:|1683600218\n|switch|p2b: Amoonguss|Amoonguss, L50, F|100\/100\n|switch|p1b: Abomasnow|Abomasnow, L50, M|100\/100\n|-weather|Snow|[from] ability: Snow Warning|[of] p1b: Abomasnow\n|move|p1a: Iron Bundle|Blizzard|p2a: Tyranitar|[spread] p2a,p2b\n|-supereffective|p2b: Amoonguss\n|-damage|p2a: Tyranitar|70\/100\n|-damage|p2b: Amoonguss|40\/100\n|move|p2a: Tyranitar|Rock Slide|p1b: Abomasnow|[spread] p1a,p1b\n|-supereffective|p1a: Iron Bundle\n|-supereffective|p1b: Abomasnow\n|-damage|p1a: Iron Bundle|60\/100\n|-damage|p1b: Abomasnow|60\/100\n|\n|-weather|Snow|[upkeep]\n|upkeep\n|turn|2\n|inactive|Lealrec has 30 seconds left.\n|\n|t:|1683600244\n|-terastallize|p2a: Tyranitar|Fire\n|move|p2b: Amoonguss|Protect|p2b: Amoonguss\n|-singleturn|p2b: Amoonguss|Protect\n|move|p1a: Iron Bundle|Blizzard|p2a: Tyranitar|[spread] p2a\n|-activate|p2b: Amoonguss|move: Protect\n|-resisted|p2a: Tyranitar\n|-crit|p2a: Tyranitar\n|-damage|p2a: Tyranitar|48\/100\n|move|p2a: Tyranitar|Rock Slide|p1b: Abomasnow|[spread] p1a,p1b\n|-supereffective|p1a: Iron Bundle\n|-supereffective|p1b: Abomasnow\n|-damage|p1a: Iron Bundle|19\/100\n|-damage|p1b: Abomasnow|17\/100\n|cant|p1b: Abomasnow|flinch\n|\n|-weather|Snow|[upkeep]\n|upkeep\n|turn|3\n|\n|t:|1683600264\n|switch|p2b: Arcanine|Arcanine, L50, M|100\/100\n|-ability|p2b: Arcanine|Intimidate|boost\n|-unboost|p1a: Iron Bundle|atk|1\n|-unboost|p1b: Abomasnow|atk|1\n|move|p1a: Iron Bundle|Blizzard|p2b: Arcanine|[spread] p2a,p2b\n|-resisted|p2a: Tyranitar\n|-resisted|p2b: Arcanine\n|-damage|p2a: Tyranitar|35\/100\n|-damage|p2b: Arcanine|85\/100\n|move|p2a: Tyranitar|Rock Slide|p1b: Abomasnow|[spread] p1a\n|-miss|p2a: Tyranitar|p1b: Abomasnow\n|-supereffective|p1a: Iron Bundle\n|-damage|p1a: Iron Bundle|0 fnt\n|faint|p1a: Iron Bundle\n|-end|p1a: Iron Bundle|Quark Drive|[silent]\n|move|p1b: Abomasnow|Blizzard|p2b: Arcanine|[spread] p2a,p2b\n|-resisted|p2a: Tyranitar\n|-resisted|p2b: Arcanine\n|-damage|p2a: Tyranitar|23\/100\n|-damage|p2b: Arcanine|73\/100\n|-status|p2a: Tyranitar|frz\n|\n|-weather|Snow|[upkeep]\n|upkeep\n|\n|t:|1683600285\n|switch|p1a: Dondozo|Dondozo, L50, M|100\/100\n|turn|4\n|\n|t:|1683600304\n|switch|p2a: Amoonguss|Amoonguss, L50, F|73\/100\n|switch|p1b: Tatsugiri|Tatsugiri, L50, F|100\/100\n|-activate|p1b: Tatsugiri|ability: Commander|[of] p1a: Dondozo\n|-boost|p1a: Dondozo|atk|2\n|-boost|p1a: Dondozo|spa|2\n|-boost|p1a: Dondozo|spe|2\n|-boost|p1a: Dondozo|def|2\n|-boost|p1a: Dondozo|spd|2\n|move|p1a: Dondozo|Earthquake|p2a: Amoonguss|[spread] p2a,p2b\n|-miss|p1a: Dondozo|p1b: Tatsugiri\n|-supereffective|p2b: Arcanine\n|-damage|p2a: Amoonguss|31\/100\n|-damage|p2b: Arcanine|0 fnt\n|faint|p2b: Arcanine\n|\n|-weather|Snow|[upkeep]\n|upkeep\n|\n|t:|1683600322\n|switch|p2b: Flutter Mane|Flutter Mane, L50|100\/100\n|turn|5\n|\n|t:|1683600336\n|move|p1a: Dondozo|Protect|p1a: Dondozo\n|-singleturn|p1a: Dondozo|Protect\n|move|p2b: Flutter Mane|Moonblast|p1a: Dondozo\n|-activate|p1a: Dondozo|move: Protect\n|move|p2a: Amoonguss|Spore|p1a: Dondozo\n|-activate|p1a: Dondozo|move: Protect\n|\n|-weather|none\n|upkeep\n|turn|6\n|\n|t:|1683600356\n|-terastallize|p1a: Dondozo|Grass\n|move|p2b: Flutter Mane|Moonblast|p1a: Dondozo\n|-damage|p1a: Dondozo|71\/100\n|move|p1a: Dondozo|Wave Crash|p2b: Flutter Mane\n|-damage|p2b: Flutter Mane|0 fnt\n|faint|p2b: Flutter Mane\n|-end|p2b: Flutter Mane|Protosynthesis|[silent]\n|-damage|p1a: Dondozo|49\/100|[from] Recoil\n|move|p2a: Amoonguss|Spore|p1a: Dondozo\n|-immune|p1a: Dondozo\n|\n|-heal|p1a: Dondozo|55\/100|[from] item: Leftovers\n|upkeep\n|-message|Lealrec forfeited.\n|\n|win|GB Seraphix\n|raw|GB Seraphix's rating: 1148 → 1174<\/strong> (+26 for winning)\n|raw|Lealrec's rating: 1166 → 1140<\/strong> (-26 for losing)\n|l|\u2606Lealrec\n","uploadtime":1683600373,"views":5,"p1id":"gbseraphix","p2id":"lealrec","formatid":"gen9vgc2023regulationc","rating":1140,"private":0,"password":""}