{"id":"gen9vgc2023regulationc-1860351400","p1":"Rosalina e Peach","p2":"UltimoRyu","format":"[Gen 9] VGC 2023 Regulation C","log":"|j|\u2606Rosalina e Peach\n|j|\u2606UltimoRyu\n|t:|1683636104\n|gametype|doubles\n|player|p1|Rosalina e Peach|266|1091\n|player|p2|UltimoRyu|turo-ai|1194\n|teamsize|p1|6\n|teamsize|p2|6\n|gen|9\n|tier|[Gen 9] VGC 2023 Regulation C\n|rated|\n|rule|Species Clause: Limit one of each Pok\u00e9mon\n|rule|Item Clause: Limit one of each item\n|clearpoke\n|poke|p1|Glimmora, L50, M|\n|poke|p1|Dragonite, L50, M|\n|poke|p1|Dondozo, L50, M|\n|poke|p1|Tatsugiri, L50, F|\n|poke|p1|Chi-Yu, L50|\n|poke|p1|Iron Bundle, L50|\n|poke|p2|Slither Wing, L50|\n|poke|p2|Indeedee-F, L50, F|\n|poke|p2|Armarouge, L50, M|\n|poke|p2|Torkoal, L50, F|\n|poke|p2|Mimikyu, L50, M|\n|poke|p2|Murkrow, L50, M|\n|teampreview|4\n|inactive|Battle timer is ON: inactive players will automatically lose when time's up. (requested by Rosalina e Peach)\n|\n|t:|1683636158\n|start\n|switch|p1a: Glimmora|Glimmora, L50, M, shiny|100\/100\n|switch|p1b: Chi-Yu|Chi-Yu, L50|100\/100\n|switch|p2a: Indeedee|Indeedee-F, L50, F|100\/100\n|switch|p2b: Armarouge|Armarouge, L50, M|100\/100\n|-ability|p1b: Chi-Yu|Beads of Ruin\n|-fieldstart|move: Psychic Terrain|[from] ability: Psychic Surge|[of] p2a: Indeedee\n|-enditem|p2a: Indeedee|Psychic Seed\n|-boost|p2a: Indeedee|spd|1|[from] item: Psychic Seed\n|turn|1\n|inactive|Rosalina e Peach has 30 seconds left.\n|inactive|UltimoRyu has 30 seconds left.\n|inactive|UltimoRyu has 20 seconds left.\n|inactive|UltimoRyu has 15 seconds left.\n|\n|t:|1683636199\n|move|p2b: Armarouge|Protect|p2b: Armarouge\n|-singleturn|p2b: Armarouge|Protect\n|move|p1b: Chi-Yu|Dark Pulse|p2b: Armarouge\n|-activate|p2b: Armarouge|move: Protect\n|move|p1a: Glimmora|Mortal Spin|p2a: Indeedee|[spread] p2a\n|-activate|p2b: Armarouge|move: Protect\n|-damage|p2a: Indeedee|96\/100\n|-status|p2a: Indeedee|psn\n|move|p2a: Indeedee|Trick Room|p2a: Indeedee\n|-fieldstart|move: Trick Room|[of] p2a: Indeedee\n|\n|-damage|p2a: Indeedee|84\/100 psn|[from] psn\n|upkeep\n|turn|2\n|inactive|UltimoRyu has 30 seconds left.\n|\n|t:|1683636232\n|-terastallize|p2b: Armarouge|Grass\n|move|p2b: Armarouge|Expanding Force|p1b: Chi-Yu|[spread] p1a\n|-immune|p1b: Chi-Yu\n|-supereffective|p1a: Glimmora\n|-damage|p1a: Glimmora|0 fnt\n|faint|p1a: Glimmora\n|-damage|p2b: Armarouge|91\/100|[from] item: Life Orb\n|move|p2a: Indeedee|Dazzling Gleam|p1b: Chi-Yu\n|-damage|p1b: Chi-Yu|77\/100\n|move|p1b: Chi-Yu|Dark Pulse|p2b: Armarouge\n|-damage|p2b: Armarouge|29\/100\n|\n|-damage|p2a: Indeedee|72\/100 psn|[from] psn\n|upkeep\n|inactive|Rosalina e Peach has 30 seconds left.\n|inactive|Rosalina e Peach has 20 seconds left.\n|\n|t:|1683636269\n|switch|p1a: Iron Bundle|Iron Bundle, L50, shiny|100\/100\n|-enditem|p1a: Iron Bundle|Booster Energy\n|-activate|p1a: Iron Bundle|ability: Quark Drive|[fromitem]\n|-start|p1a: Iron Bundle|quarkdrivespe\n|turn|3\n|\n|t:|1683636293\n|move|p1a: Iron Bundle|Protect|p1a: Iron Bundle\n|-singleturn|p1a: Iron Bundle|Protect\n|move|p2b: Armarouge|Expanding Force|p1a: Iron Bundle|[spread] \n|-activate|p1a: Iron Bundle|move: Protect\n|-immune|p1b: Chi-Yu\n|move|p2a: Indeedee|Heal Pulse|p2b: Armarouge\n|-heal|p2b: Armarouge|79\/100\n|move|p1b: Chi-Yu|Dark Pulse|p2b: Armarouge\n|-damage|p2b: Armarouge|20\/100\n|\n|-damage|p2a: Indeedee|60\/100 psn|[from] psn\n|upkeep\n|turn|4\n|\n|t:|1683636314\n|-end|p1a: Iron Bundle|Quark Drive|[silent]\n|switch|p1a: Dragonite|Dragonite, L50, M, shiny|100\/100\n|move|p1b: Chi-Yu|Protect|p1b: Chi-Yu\n|-singleturn|p1b: Chi-Yu|Protect\n|move|p2b: Armarouge|Expanding Force|p1a: Dragonite|[spread] p1a\n|-activate|p1b: Chi-Yu|move: Protect\n|-damage|p1a: Dragonite|42\/100\n|-damage|p2b: Armarouge|11\/100|[from] item: Life Orb\n|move|p2a: Indeedee|Heal Pulse|p2b: Armarouge\n|-heal|p2b: Armarouge|61\/100\n|\n|-damage|p2a: Indeedee|48\/100 psn|[from] psn\n|upkeep\n|turn|5\n|inactive|Rosalina e Peach has 30 seconds left.\n|inactive|UltimoRyu has 30 seconds left.\n|inactive|Rosalina e Peach has 20 seconds left.\n|\n|t:|1683636354\n|move|p1b: Chi-Yu|Protect||[still]\n|-fail|p1b: Chi-Yu\n|move|p2b: Armarouge|Armor Cannon|p1b: Chi-Yu\n|-resisted|p1b: Chi-Yu\n|-damage|p1b: Chi-Yu|33\/100\n|-unboost|p2b: Armarouge|def|1\n|-unboost|p2b: Armarouge|spd|1\n|-damage|p2b: Armarouge|51\/100|[from] item: Life Orb\n|move|p2a: Indeedee|Dazzling Gleam|p1a: Dragonite|[spread] p1a,p1b\n|-supereffective|p1a: Dragonite\n|-damage|p1a: Dragonite|6\/100\n|-damage|p1b: Chi-Yu|17\/100\n|move|p1a: Dragonite|Earthquake|p2b: Armarouge|[spread] p1b,p2a,p2b\n|-supereffective|p1b: Chi-Yu\n|-resisted|p2b: Armarouge\n|-damage|p1b: Chi-Yu|0 fnt\n|-damage|p2a: Indeedee|9\/100 psn\n|-damage|p2b: Armarouge|21\/100\n|faint|p1b: Chi-Yu\n|\n|-damage|p2a: Indeedee|0 fnt|[from] psn\n|faint|p2a: Indeedee\n|-fieldend|move: Trick Room\n|-fieldend|move: Psychic Terrain\n|upkeep\n|\n|t:|1683636377\n|switch|p1b: Iron Bundle|Iron Bundle, L50, shiny|100\/100\n|switch|p2a: Mimikyu|Mimikyu, L50, M|100\/100\n|turn|6\n|inactive|UltimoRyu has 30 seconds left.\n|inactive|UltimoRyu has 20 seconds left.\n|inactive|UltimoRyu has 15 seconds left.\n|\n|t:|1683636421\n|-terastallize|p1a: Dragonite|Normal\n|move|p1b: Iron Bundle|Protect|p1b: Iron Bundle\n|-singleturn|p1b: Iron Bundle|Protect\n|move|p1a: Dragonite|Earthquake|p2a: Mimikyu|[spread] p2a,p2b\n|-activate|p1b: Iron Bundle|move: Protect\n|-resisted|p2b: Armarouge\n|-activate|p2a: Mimikyu|ability: Disguise\n|-damage|p2a: Mimikyu|100\/100\n|-damage|p2b: Armarouge|0 fnt\n|detailschange|p2a: Mimikyu|Mimikyu-Busted, L50, M\n|-damage|p2a: Mimikyu|88\/100|[from] pokemon: Mimikyu-Busted\n|faint|p2b: Armarouge\n|move|p2a: Mimikyu|Swords Dance|p2a: Mimikyu\n|-boost|p2a: Mimikyu|atk|2\n|\n|-heal|p2a: Mimikyu|94\/100|[from] item: Leftovers\n|upkeep\n|\n|t:|1683636439\n|switch|p2b: Murkrow|Murkrow, L50, M|100\/100\n|turn|7\n|\n|t:|1683636461\n|move|p2a: Mimikyu|Shadow Sneak|p1b: Iron Bundle\n|-damage|p1b: Iron Bundle|61\/100\n|move|p1b: Iron Bundle|Freeze-Dry|p2b: Murkrow\n|-supereffective|p2b: Murkrow\n|-damage|p2b: Murkrow|25\/100\n|move|p1a: Dragonite|Earthquake|p2b: Murkrow|[spread] p1b,p2a\n|-immune|p2b: Murkrow\n|-damage|p1b: Iron Bundle|10\/100\n|-damage|p2a: Mimikyu|45\/100\n|move|p2b: Murkrow|Foul Play|p1a: Dragonite\n|-damage|p1a: Dragonite|0 fnt\n|faint|p1a: Dragonite\n|\n|-heal|p2a: Mimikyu|52\/100|[from] item: Leftovers\n|upkeep\n|turn|8\n|\n|t:|1683636481\n|move|p2b: Murkrow|Sunny Day|p2b: Murkrow\n|-weather|SunnyDay\n|move|p2a: Mimikyu|Shadow Sneak|p1b: Iron Bundle\n|-damage|p1b: Iron Bundle|0 fnt\n|faint|p1b: Iron Bundle\n|-end|p1b: Iron Bundle|Quark Drive|[silent]\n|\n|win|UltimoRyu\n|raw|Rosalina e Peach's rating: 1091 → 1074<\/strong> (-17 for losing)\n|raw|UltimoRyu's rating: 1194 → 1212<\/strong> (+18 for winning)\n|l|\u2606Rosalina e Peach\n","uploadtime":1683636488,"views":15,"p1id":"rosalinaepeach","p2id":"ultimoryu","formatid":"gen9vgc2023regulationc","rating":1074,"private":0,"password":""}