{"id":"gen9vgc2023regulationc-1855192766","p1":"reeeeeeloluwuwhi","p2":"Tax Hiker","format":"[Gen 9] VGC 2023 Regulation C","log":"|j|\u2606reeeeeeloluwuwhi\n|j|\u2606Tax Hiker\n|t:|1682913072\n|gametype|doubles\n|player|p1|reeeeeeloluwuwhi|266|1095\n|player|p2|Tax Hiker|hiker-gen4|1043\n|teamsize|p1|6\n|teamsize|p2|6\n|gen|9\n|tier|[Gen 9] VGC 2023 Regulation C\n|rated|\n|rule|Species Clause: Limit one of each Pok\u00e9mon\n|rule|Item Clause: Limit one of each item\n|clearpoke\n|poke|p1|Barraskewda, L50, M|\n|poke|p1|Pelipper, L50, F|\n|poke|p1|Beartic, L50, F|\n|poke|p1|Flutter Mane, L50|\n|poke|p1|Chien-Pao, L50|\n|poke|p1|Dragapult, L50, M|\n|poke|p2|Krookodile, L50, M|\n|poke|p2|Flamigo, L50, F|\n|poke|p2|Meowscarada, L50, F|\n|poke|p2|Amoonguss, L50, F|\n|poke|p2|Indeedee, L50, M|\n|poke|p2|Hatterene, L50, F|\n|teampreview|4\n|\n|t:|1682913100\n|start\n|switch|p1a: Barraskewda|Barraskewda, L50, M|100\/100\n|switch|p1b: Pelipper|Pelipper, L50, F|100\/100\n|switch|p2a: Krookodile|Krookodile, L50, M|100\/100\n|switch|p2b: Meowscarada|Meowscarada, L50, F|100\/100\n|-weather|RainDance|[from] ability: Drizzle|[of] p1b: Pelipper\n|turn|1\n|\n|t:|1682913134\n|-terastallize|p1a: Barraskewda|Water\n|-terastallize|p2a: Krookodile|Dragon\n|move|p1a: Barraskewda|Liquidation|p2a: Krookodile\n|-resisted|p2a: Krookodile\n|-damage|p2a: Krookodile|44\/100\n|move|p2b: Meowscarada|Flower Trick|p2a: Krookodile\n|-resisted|p2a: Krookodile\n|-crit|p2a: Krookodile\n|-damage|p2a: Krookodile|22\/100\n|-setboost|p2a: Krookodile|atk|6|[from] ability: Anger Point\n|-enditem|p2a: Krookodile|Salac Berry|[eat]\n|-boost|p2a: Krookodile|spe|1|[from] item: Salac Berry\n|move|p2a: Krookodile|Rock Slide|p1b: Pelipper|[spread] p1a,p1b\n|-supereffective|p1b: Pelipper\n|-enditem|p1a: Barraskewda|Focus Sash\n|-damage|p1a: Barraskewda|1\/100\n|-damage|p1b: Pelipper|0 fnt\n|faint|p1b: Pelipper\n|\n|-weather|RainDance|[upkeep]\n|upkeep\n|\n|t:|1682913160\n|switch|p1b: Chien-Pao|Chien-Pao, L50|100\/100\n|-ability|p1b: Chien-Pao|Sword of Ruin\n|turn|2\n|\n|t:|1682913171\n|move|p1a: Barraskewda|Protect|p1a: Barraskewda\n|-singleturn|p1a: Barraskewda|Protect\n|move|p2a: Krookodile|Protect|p2a: Krookodile\n|-singleturn|p2a: Krookodile|Protect\n|move|p1b: Chien-Pao|Sucker Punch||[still]\n|-fail|p1b: Chien-Pao\n|move|p2b: Meowscarada|Flower Trick|p1a: Barraskewda\n|-activate|p1a: Barraskewda|move: Protect\n|\n|-weather|RainDance|[upkeep]\n|upkeep\n|turn|3\n|\n|t:|1682913219\n|move|p2a: Krookodile|Protect||[still]\n|-fail|p2a: Krookodile\n|move|p1b: Chien-Pao|Sucker Punch||[still]\n|-fail|p1b: Chien-Pao\n|move|p1a: Barraskewda|Poison Jab|p2b: Meowscarada\n|-supereffective|p2b: Meowscarada\n|-damage|p2b: Meowscarada|13\/100\n|-enditem|p2b: Meowscarada|Eject Button\n|\n|t:|1682913228\n|switch|p2b: Amoonguss|Amoonguss, L50, F|100\/100\n|\n|-weather|RainDance|[upkeep]\n|upkeep\n|turn|4\n|\n|t:|1682913252\n|move|p2b: Amoonguss|Rage Powder|p2b: Amoonguss\n|-singleturn|p2b: Amoonguss|move: Rage Powder\n|move|p1a: Barraskewda|Liquidation|p2b: Amoonguss\n|-resisted|p2b: Amoonguss\n|-damage|p2b: Amoonguss|34\/100\n|-unboost|p2b: Amoonguss|def|1\n|move|p2a: Krookodile|Rock Slide|p1b: Chien-Pao|[spread] p1b\n|-miss|p2a: Krookodile|p1a: Barraskewda\n|-supereffective|p1b: Chien-Pao\n|-damage|p1b: Chien-Pao|0 fnt\n|faint|p1b: Chien-Pao\n|\n|-weather|RainDance|[upkeep]\n|-heal|p2b: Amoonguss|39\/100|[from] item: Leftovers\n|upkeep\n|\n|t:|1682913267\n|switch|p1b: Pixie|Flutter Mane, L50, shiny|100\/100\n|turn|5\n|\n|t:|1682913287\n|move|p2b: Amoonguss|Rage Powder|p2b: Amoonguss\n|-singleturn|p2b: Amoonguss|move: Rage Powder\n|move|p1a: Barraskewda|Liquidation|p2b: Amoonguss\n|-resisted|p2b: Amoonguss\n|-damage|p2b: Amoonguss|0 fnt\n|faint|p2b: Amoonguss\n|move|p2a: Krookodile|Earthquake|p1b: Pixie|[spread] p1a,p1b\n|-damage|p1a: Barraskewda|0 fnt\n|-damage|p1b: Pixie|0 fnt\n|faint|p1a: Barraskewda\n|faint|p1b: Pixie\n|-end|p1b: Pixie|Protosynthesis|[silent]\n|\n|win|Tax Hiker\n|raw|reeeeeeloluwuwhi's rating: 1095 → 1067<\/strong> (-28 for losing)\n|raw|Tax Hiker's rating: 1043 → 1082<\/strong> (+39 for winning)\n|l|\u2606Tax Hiker\n","uploadtime":1682913303,"views":13,"p1id":"reeeeeeloluwuwhi","p2id":"taxhiker","formatid":"gen9vgc2023regulationc","rating":1067,"private":0,"password":""}