{"id":"gen9vgc2023regulationc-1845115294","p1":"Privnoval016","p2":"That_Leek","format":"[Gen 9] VGC 2023 Regulation C","log":"|j|\u2606Privnoval016\n|j|\u2606That_Leek\n|t:|1681685308\n|gametype|doubles\n|player|p1|Privnoval016|red-masters2|\n|player|p2|That_Leek|blue-masters|\n|teamsize|p1|6\n|teamsize|p2|6\n|gen|9\n|tier|[Gen 9] VGC 2023 Regulation C\n|rule|Species Clause: Limit one of each Pok\u00e9mon\n|rule|Item Clause: Limit one of each item\n|clearpoke\n|poke|p1|Gyarados, L50, F|\n|poke|p1|Amoonguss, L50, F|\n|poke|p1|Flutter Mane, L50|\n|poke|p1|Chi-Yu, L50|\n|poke|p1|Roaring Moon, L50|\n|poke|p1|Garchomp, L50, M|\n|poke|p2|Tyranitar, L50, M|\n|poke|p2|Gothitelle, L50, F|\n|poke|p2|Gholdengo, L50|\n|poke|p2|Amoonguss, L50, F|\n|poke|p2|Azumarill, L50, M|\n|poke|p2|Arcanine, L50, F|\n|teampreview|4\nThat_Leek has agreed to open team sheets.\nPrivnoval016 has agreed to open team sheets.\n|\n|t:|1681685351\n|start\n|switch|p1a: So baby now you|Roaring Moon, L50|100\/100\n|switch|p1b: Feel like Number 1|Garchomp, L50, M|100\/100\n|switch|p2a: Gothitelle|Gothitelle, L50, F|100\/100\n|switch|p2b: Gholdengo|Gholdengo, L50|100\/100\n|-enditem|p1a: So baby now you|Booster Energy\n|-activate|p1a: So baby now you|ability: Protosynthesis|[fromitem]\n|-start|p1a: So baby now you|protosynthesisspe\n|turn|1\n|\n|t:|1681685387\n|-terastallize|p2b: Gholdengo|Water\n|move|p1a: So baby now you|Protect|p1a: So baby now you\n|-singleturn|p1a: So baby now you|Protect\n|move|p2a: Gothitelle|Fake Out|p1b: Feel like Number 1\n|-damage|p1b: Feel like Number 1|95\/100\n|-damage|p2a: Gothitelle|88\/100|[from] ability: Rough Skin|[of] p1b: Feel like Number 1\n|cant|p1b: Feel like Number 1|flinch\n|move|p2b: Gholdengo|Make It Rain|p1b: Feel like Number 1|[spread] p1b\n|-activate|p1a: So baby now you|move: Protect\n|-damage|p1b: Feel like Number 1|19\/100\n|-unboost|p2b: Gholdengo|spa|1\n|-damage|p2b: Gholdengo|91\/100|[from] item: Life Orb\n|\n|upkeep\n|turn|2\n|\n|t:|1681685407\n|move|p2b: Gholdengo|Protect|p2b: Gholdengo\n|-singleturn|p2b: Gholdengo|Protect\n|move|p1a: So baby now you|Throat Chop|p2b: Gholdengo\n|-activate|p2b: Gholdengo|move: Protect\n|move|p1b: Feel like Number 1|Earthquake|p2a: Gothitelle|[spread] p1a,p2a\n|-activate|p2b: Gholdengo|move: Protect\n|-damage|p1a: So baby now you|24\/100\n|-damage|p2a: Gothitelle|36\/100\n|-enditem|p2a: Gothitelle|Sitrus Berry|[eat]\n|-heal|p2a: Gothitelle|61\/100|[from] item: Sitrus Berry\n|move|p2a: Gothitelle|Trick Room|p2a: Gothitelle\n|-fieldstart|move: Trick Room|[of] p2a: Gothitelle\n|\n|upkeep\n|turn|3\n|\n|t:|1681685435\n|move|p2a: Gothitelle|Psychic|p1b: Feel like Number 1\n|-damage|p1b: Feel like Number 1|0 fnt\n|faint|p1b: Feel like Number 1\n|move|p2b: Gholdengo|Make It Rain|p1a: So baby now you\n|-damage|p1a: So baby now you|0 fnt\n|-unboost|p2b: Gholdengo|spa|1\n|faint|p1a: So baby now you\n|-end|p1a: So baby now you|Protosynthesis|[silent]\n|-damage|p2b: Gholdengo|81\/100|[from] item: Life Orb\n|\n|upkeep\n|\n|t:|1681685438\n|switch|p1b: OF ATTRACTION|Chi-Yu, L50|100\/100\n|switch|p1a: If you wanna|Gyarados, L50, F, shiny|100\/100\n|-ability|p1a: If you wanna|Intimidate|boost\n|-unboost|p2a: Gothitelle|atk|1\n|-unboost|p2b: Gholdengo|atk|1\n|-ability|p1b: OF ATTRACTION|Beads of Ruin\n|turn|4\n|\n|t:|1681685470\n|move|p2a: Gothitelle|Psychic|p1a: If you wanna\n|-damage|p1a: If you wanna|58\/100\n|move|p2b: Gholdengo|Make It Rain|p1a: If you wanna|[spread] p1a,p1b\n|-resisted|p1a: If you wanna\n|-resisted|p1b: OF ATTRACTION\n|-damage|p1a: If you wanna|33\/100\n|-damage|p1b: OF ATTRACTION|81\/100\n|-unboost|p2b: Gholdengo|spa|1\n|-enditem|p1a: If you wanna|Sitrus Berry|[eat]\n|-heal|p1a: If you wanna|58\/100|[from] item: Sitrus Berry\n|-damage|p2b: Gholdengo|71\/100|[from] item: Life Orb\n|move|p1a: If you wanna|Waterfall|p2a: Gothitelle\n|-damage|p2a: Gothitelle|21\/100\n|move|p1b: OF ATTRACTION|Dark Pulse|p2b: Gholdengo\n|-damage|p2b: Gholdengo|18\/100\n|\n|upkeep\n|turn|5\n|\n|t:|1681685491\n|move|p1b: OF ATTRACTION|Protect|p1b: OF ATTRACTION\n|-singleturn|p1b: OF ATTRACTION|Protect\n|move|p2a: Gothitelle|Psychic|p1a: If you wanna\n|-damage|p1a: If you wanna|19\/100\n|move|p2b: Gholdengo|Shadow Ball|p1a: If you wanna\n|-damage|p1a: If you wanna|0 fnt\n|faint|p1a: If you wanna\n|-damage|p2b: Gholdengo|8\/100|[from] item: Life Orb\n|\n|upkeep\n|turn|6\n|\n|t:|1681685501\n|switch|p2a: Tyranitar|Tyranitar, L50, M|100\/100\n|-weather|Sandstorm|[from] ability: Sand Stream|[of] p2a: Tyranitar\n|move|p2b: Gholdengo|Shadow Ball|p1b: OF ATTRACTION\n|-resisted|p1b: OF ATTRACTION\n|-damage|p1b: OF ATTRACTION|66\/100\n|-damage|p2b: Gholdengo|0 fnt|[from] item: Life Orb\n|faint|p2b: Gholdengo\n|move|p1b: OF ATTRACTION|Heat Wave|p2a: Tyranitar\n|-resisted|p2a: Tyranitar\n|-damage|p2a: Tyranitar|86\/100\n|\n|-weather|Sandstorm|[upkeep]\n|-damage|p1b: OF ATTRACTION|60\/100|[from] Sandstorm\n|-fieldend|move: Trick Room\n|upkeep\n|\n|t:|1681685505\n|switch|p2b: Gothitelle|Gothitelle, L50, F|21\/100\n|turn|7\n|\n|t:|1681685509\n|move|p2b: Gothitelle|Fake Out|p1b: OF ATTRACTION\n|-damage|p1b: OF ATTRACTION|52\/100\n|cant|p1b: OF ATTRACTION|flinch\n|move|p2a: Tyranitar|Rock Slide|p1b: OF ATTRACTION\n|-supereffective|p1b: OF ATTRACTION\n|-damage|p1b: OF ATTRACTION|0 fnt\n|faint|p1b: OF ATTRACTION\n|\n|win|That_Leek\n|l|\u2606Privnoval016\n","uploadtime":1681685533,"views":8,"p1id":"privnoval016","p2id":"thatleek","formatid":"gen9vgc2023regulationc","rating":0,"private":0,"password":""}