{"id":"gen9vgc2023regulationc-1852368095","p1":"keryen","p2":"eggplanet07","format":"[Gen 9] VGC 2023 Regulation C","log":"|j|\u2606keryen\n|j|\u2606eggplanet07\n|t:|1682549024\n|gametype|doubles\n|player|p1|keryen|boarder|1306\n|player|p2|eggplanet07|rosa|1307\n|teamsize|p1|6\n|teamsize|p2|6\n|gen|9\n|tier|[Gen 9] VGC 2023 Regulation C\n|rated|\n|rule|Species Clause: Limit one of each Pok\u00e9mon\n|rule|Item Clause: Limit one of each item\n|clearpoke\n|poke|p1|Gyarados, L50, F|\n|poke|p1|Ting-Lu, L50|\n|poke|p1|Flutter Mane, L50|\n|poke|p1|Chi-Yu, L50|\n|poke|p1|Iron Hands, L50|\n|poke|p1|Amoonguss, L50, F|\n|poke|p2|Raichu, L50, M|\n|poke|p2|Ting-Lu, L50|\n|poke|p2|Amoonguss, L50, F|\n|poke|p2|Gyarados, L50, F|\n|poke|p2|Flutter Mane, L50|\n|poke|p2|Palafin, L50, M|\n|teampreview|4\n|inactive|Battle timer is ON: inactive players will automatically lose when time's up. (requested by eggplanet07)\nkeryen has agreed to open team sheets.\n|inactive|keryen has 60 seconds left.\n|inactive|keryen has 30 seconds left.\n|\n|t:|1682549086\n|start\n|switch|p1a: Su Novio|Ting-Lu, L50|100\/100\n|switch|p1b: LaKMeGusta|Flutter Mane, L50, shiny|100\/100\n|switch|p2a: Palafin|Palafin, L50, M|100\/100\n|switch|p2b: Flutter Mane|Flutter Mane, L50, shiny|100\/100\n|-ability|p1a: Su Novio|Vessel of Ruin\n|-enditem|p1b: LaKMeGusta|Booster Energy\n|-activate|p1b: LaKMeGusta|ability: Protosynthesis|[fromitem]\n|-start|p1b: LaKMeGusta|protosynthesisspa\n|-enditem|p2b: Flutter Mane|Booster Energy\n|-activate|p2b: Flutter Mane|ability: Protosynthesis|[fromitem]\n|-start|p2b: Flutter Mane|protosynthesisspa\n|turn|1\n|inactive|eggplanet07 has 30 seconds left.\n|inactive|eggplanet07 has 20 seconds left.\n|\n|t:|1682549123\n|move|p2b: Flutter Mane|Protect|p2b: Flutter Mane\n|-singleturn|p2b: Flutter Mane|Protect\n|move|p2a: Palafin|Jet Punch|p1b: LaKMeGusta\n|-damage|p1b: LaKMeGusta|52\/100\n|move|p1b: LaKMeGusta|Substitute|p1b: LaKMeGusta\n|-start|p1b: LaKMeGusta|Substitute\n|-damage|p1b: LaKMeGusta|28\/100\n|move|p1a: Su Novio|Heavy Slam|p2b: Flutter Mane\n|-activate|p2b: Flutter Mane|move: Protect\n|\n|upkeep\n|turn|2\n|\n|t:|1682549140\n|detailschange|p2a: Palafin|Palafin-Hero, L50, M\n|switch|p2a: Gyarados|Gyarados, L50, F, shiny|100\/100\n|-ability|p2a: Gyarados|Intimidate|boost\n|-unboost|p1a: Su Novio|atk|1\n|-immune|p1b: LaKMeGusta\n|-terastallize|p2b: Flutter Mane|Grass\n|move|p1b: LaKMeGusta|Moonblast|p2a: Gyarados\n|-crit|p2a: Gyarados\n|-damage|p2a: Gyarados|28\/100\n|move|p2b: Flutter Mane|Dazzling Gleam|p1b: LaKMeGusta|[spread] p1a,p1b\n|-end|p1b: LaKMeGusta|Substitute\n|-supereffective|p1a: Su Novio\n|-damage|p1a: Su Novio|71\/100\n|move|p1a: Su Novio|Heavy Slam|p2b: Flutter Mane\n|-damage|p2b: Flutter Mane|55\/100\n|\n|upkeep\n|turn|3\n|inactive|keryen has 30 seconds left.\n|inactive|keryen has 20 seconds left.\n|\n|t:|1682549176\n|-end|p1b: LaKMeGusta|Protosynthesis|[silent]\n|switch|p1b: Su Hermano|Iron Hands, L50|100\/100\n|move|p2b: Flutter Mane|Dazzling Gleam|p1b: Su Hermano|[spread] p1a,p1b\n|-supereffective|p1a: Su Novio\n|-supereffective|p1b: Su Hermano\n|-damage|p1a: Su Novio|42\/100\n|-damage|p1b: Su Hermano|46\/100\n|move|p2a: Gyarados|Waterfall|p1a: Su Novio\n|-supereffective|p1a: Su Novio\n|-damage|p1a: Su Novio|0 fnt\n|faint|p1a: Su Novio\n|\n|upkeep\n|\n|t:|1682549186\n|switch|p1a: LaKMeGusta|Flutter Mane, L50, shiny|28\/100\n|turn|4\n|inactive|eggplanet07 has 30 seconds left.\n|\n|t:|1682549212\n|move|p2b: Flutter Mane|Protect|p2b: Flutter Mane\n|-singleturn|p2b: Flutter Mane|Protect\n|move|p1b: Su Hermano|Fake Out|p2b: Flutter Mane\n|-activate|p2b: Flutter Mane|move: Protect\n|move|p1a: LaKMeGusta|Moonblast|p2a: Gyarados\n|-damage|p2a: Gyarados|0 fnt\n|faint|p2a: Gyarados\n|\n|upkeep\n|\n|t:|1682549222\n|switch|p2a: Raichu|Raichu, L50, M|100\/100\n|-item|p2a: Raichu|Air Balloon\n|turn|5\n|inactive|keryen has 30 seconds left.\n|inactive|keryen has 20 seconds left.\n|inactive|keryen has 15 seconds left.\n|inactive|keryen has 10 seconds left.\n|inactive|keryen has 5 seconds left.\n|\n|t:|1682549276\n|-terastallize|p1a: LaKMeGusta|Fairy\n|move|p1a: LaKMeGusta|Moonblast|p2b: Flutter Mane\n|-damage|p2b: Flutter Mane|0 fnt\n|faint|p2b: Flutter Mane\n|-end|p2b: Flutter Mane|Protosynthesis|[silent]\n|move|p2a: Raichu|Encore|p1b: Su Hermano\n|-start|p1b: Su Hermano|Encore\n|move|p1b: Su Hermano|Fake Out||[still]\n|-hint|Fake Out only works on your first turn out.\n|-fail|p1b: Su Hermano\n|\n|upkeep\n|\n|t:|1682549287\n|switch|p2b: Palafin|Palafin-Hero, L50, M|100\/100\n|-activate|p2b: Palafin|ability: Zero to Hero\n|turn|6\n|\n|t:|1682549304\n|-end|p1b: Su Hermano|Quark Drive|[silent]\n|switch|p1b: Su Padre|Gyarados, L50, F, shiny|100\/100\n|-ability|p1b: Su Padre|Intimidate|boost\n|-unboost|p2a: Raichu|atk|1\n|-unboost|p2b: Palafin|atk|1\n|move|p1a: LaKMeGusta|Protect|p1a: LaKMeGusta\n|-singleturn|p1a: LaKMeGusta|Protect\n|move|p2b: Palafin|Jet Punch|p1a: LaKMeGusta\n|-activate|p1a: LaKMeGusta|move: Protect\n|move|p2a: Raichu|Nuzzle|p1b: Su Padre\n|-supereffective|p1b: Su Padre\n|-damage|p1b: Su Padre|82\/100\n|-status|p1b: Su Padre|par\n|\n|upkeep\n|turn|7\n|inactive|keryen has 30 seconds left.\n|\n|t:|1682549331\n|-end|p1a: LaKMeGusta|Protosynthesis|[silent]\n|switch|p1a: Su Hermano|Iron Hands, L50|46\/100\n|move|p2b: Palafin|Jet Punch|p1a: Su Hermano\n|-damage|p1a: Su Hermano|22\/100\n|move|p2a: Raichu|Thunderbolt|p1b: Su Padre\n|-supereffective|p1b: Su Padre\n|-damage|p1b: Su Padre|0 fnt\n|faint|p1b: Su Padre\n|\n|upkeep\n|\n|t:|1682549338\n|switch|p1b: LaKMeGusta|Flutter Mane, L50, shiny, tera:Fairy|28\/100\n|turn|8\n|\n|t:|1682549355\n|move|p2b: Palafin|Protect|p2b: Palafin\n|-singleturn|p2b: Palafin|Protect\n|move|p1b: LaKMeGusta|Moonblast|p2a: Raichu\n|-damage|p2a: Raichu|9\/100\n|-enditem|p2a: Raichu|Air Balloon\n|move|p2a: Raichu|Nuzzle|p1b: LaKMeGusta\n|-damage|p1b: LaKMeGusta|20\/100\n|-status|p1b: LaKMeGusta|par\n|move|p1a: Su Hermano|Drain Punch|p2a: Raichu\n|-damage|p2a: Raichu|0 fnt\n|-heal|p1a: Su Hermano|24\/100|[from] drain|[of] p2a: Raichu\n|faint|p2a: Raichu\n|\n|upkeep\n|turn|9\n|\n|t:|1682549375\n|move|p2b: Palafin|Wave Crash|p1a: Su Hermano\n|-damage|p1a: Su Hermano|0 fnt\n|faint|p1a: Su Hermano\n|-end|p1a: Su Hermano|Quark Drive|[silent]\n|-damage|p2b: Palafin|90\/100|[from] Recoil\n|move|p1b: LaKMeGusta|Moonblast|p2b: Palafin\n|-damage|p2b: Palafin|27\/100\n|\n|upkeep\n|turn|10\n|\n|t:|1682549384\n|move|p2b: Palafin|Jet Punch|p1b: LaKMeGusta\n|-damage|p1b: LaKMeGusta|0 fnt\n|faint|p1b: LaKMeGusta\n|-end|p1b: LaKMeGusta|Protosynthesis|[silent]\n|\n|win|eggplanet07\n|raw|keryen's rating: 1306 → 1286<\/strong> (-20 for losing)\n|raw|eggplanet07's rating: 1307 → 1327<\/strong> (+20 for winning)\n","uploadtime":1682549390,"views":14,"p1id":"keryen","p2id":"eggplanet07","formatid":"gen9vgc2023regulationc","rating":1286,"private":0,"password":""}