{"id":"gen9vgc2023regulationc-1857310525","p1":"badatthis123","p2":"IceGymDuoOus","format":"[Gen 9] VGC 2023 Regulation C","log":"|j|\u2606badatthis123\n|j|\u2606IceGymDuoOus\n|t:|1683171320\n|gametype|doubles\n|player|p1|badatthis123|richboy|1139\n|player|p2|IceGymDuoOus|170|1124\n|teamsize|p1|6\n|teamsize|p2|4\n|gen|9\n|tier|[Gen 9] VGC 2023 Regulation C\n|rated|\n|rule|Species Clause: Limit one of each Pok\u00e9mon\n|rule|Item Clause: Limit one of each item\n|clearpoke\n|poke|p1|Azumarill, L50, F|\n|poke|p1|Murkrow, L50, F|\n|poke|p1|Gholdengo, L50|\n|poke|p1|Kingambit, L50, M|\n|poke|p1|Wo-Chien, L50|\n|poke|p1|Hydreigon, L50, F|\n|poke|p2|Garganacl, L50, F|\n|poke|p2|Drednaw, L50, F|\n|poke|p2|Glimmora, L50, M|\n|poke|p2|Pawmot, L50, F|\n|teampreview|4\n|inactive|Battle timer is ON: inactive players will automatically lose when time's up. (requested by badatthis123)\n|inactive|badatthis123 has 60 seconds left.\n|inactive|badatthis123 has 30 seconds left.\nIceGymDuoOus rejected open team sheets.\n|inactive|badatthis123 has 20 seconds left.\n|\n|t:|1683171393\n|start\n|switch|p1a: Hydreigon|Hydreigon, L50, F|100\/100\n|switch|p1b: Murkrow|Murkrow, L50, F|100\/100\n|switch|p2a: Glimmora|Glimmora, L50, M|100\/100\n|switch|p2b: Garganacl|Garganacl, L50, F|100\/100\n|turn|1\n|\n|t:|1683171404\n|move|p2a: Glimmora|Spiky Shield|p2a: Glimmora\n|-singleturn|p2a: Glimmora|move: Protect\n|move|p2b: Garganacl|Protect|p2b: Garganacl\n|-singleturn|p2b: Garganacl|Protect\n|move|p1b: Murkrow|Taunt|p2b: Garganacl\n|-activate|p2b: Garganacl|move: Protect\n|move|p1a: Hydreigon|Focus Energy|p1a: Hydreigon\n|-start|p1a: Hydreigon|move: Focus Energy\n|\n|upkeep\n|turn|2\n|\n|t:|1683171429\n|move|p1b: Murkrow|Taunt|p2b: Garganacl\n|-start|p2b: Garganacl|move: Taunt\n|move|p1a: Hydreigon|Draco Meteor|p2a: Glimmora|[miss]\n|-miss|p1a: Hydreigon|p2a: Glimmora\n|move|p2a: Glimmora|Stealth Rock|p1b: Murkrow\n|-sidestart|p1: badatthis123|move: Stealth Rock\n|move|p2b: Garganacl|Salt Cure|p1a: Hydreigon\n|-damage|p1a: Hydreigon|88\/100\n|-start|p1a: Hydreigon|Salt Cure\n|\n|-damage|p1a: Hydreigon|76\/100|[from] Salt Cure\n|upkeep\n|turn|3\n|c|\u2606IceGymDuoOus|I even said oh its crit dreigon\n|c|\u2606IceGymDuoOus|and i still double protect\n|c|\u2606badatthis123|lolll\n|inactive|badatthis123 has 30 seconds left.\n|inactive|IceGymDuoOus has 30 seconds left.\n|\n|t:|1683171464\n|switch|p2b: Drednaw|Drednaw, L50, F|100\/100\n|move|p2a: Glimmora|Spiky Shield|p2a: Glimmora\n|-singleturn|p2a: Glimmora|move: Protect\n|move|p1b: Murkrow|Foul Play|p2b: Drednaw\n|-damage|p2b: Drednaw|67\/100\n|move|p1a: Hydreigon|Draco Meteor|p2b: Drednaw\n|-damage|p2b: Drednaw|4\/100\n|-unboost|p1a: Hydreigon|spa|2\n|\n|-damage|p1a: Hydreigon|64\/100|[from] Salt Cure\n|upkeep\n|turn|4\n|inactive|badatthis123 has 30 seconds left.\n|inactive|IceGymDuoOus has 30 seconds left.\n|inactive|badatthis123 has 20 seconds left.\n|\n|t:|1683171503\n|switch|p2a: Garganacl|Garganacl, L50, F|100\/100\n|move|p2b: Drednaw|Protect|p2b: Drednaw\n|-singleturn|p2b: Drednaw|Protect\n|move|p1b: Murkrow|Foul Play|p2b: Drednaw\n|-activate|p2b: Drednaw|move: Protect\n|move|p1a: Hydreigon|Draco Meteor|p2a: Garganacl\n|-crit|p2a: Garganacl\n|-damage|p2a: Garganacl|18\/100\n|-unboost|p1a: Hydreigon|spa|2\n|-enditem|p2a: Garganacl|Sitrus Berry|[eat]\n|-heal|p2a: Garganacl|43\/100|[from] item: Sitrus Berry\n|\n|-damage|p1a: Hydreigon|52\/100|[from] Salt Cure\n|upkeep\n|turn|5\n|inactive|badatthis123 has 30 seconds left.\n|inactive|IceGymDuoOus has 30 seconds left.\n|inactive|badatthis123 has 20 seconds left.\n|inactive|badatthis123 has 15 seconds left.\n|\n|t:|1683171543\n|switch|p2b: Glimmora|Glimmora, L50, M|100\/100\n|move|p1a: Hydreigon|Protect|p1a: Hydreigon\n|-singleturn|p1a: Hydreigon|Protect\n|move|p2a: Garganacl|Protect|p2a: Garganacl\n|-singleturn|p2a: Garganacl|Protect\n|move|p1b: Murkrow|Foul Play|p2b: Glimmora\n|-damage|p2b: Glimmora|89\/100\n|-activate|p2b: Glimmora|ability: Toxic Debris\n|-sidestart|p1: badatthis123|move: Toxic Spikes\n|\n|-heal|p2b: Glimmora|95\/100|[from] item: Black Sludge\n|-damage|p1a: Hydreigon|40\/100|[from] Salt Cure\n|upkeep\n|turn|6\n|inactive|IceGymDuoOus has 30 seconds left.\n|\n|t:|1683171572\n|move|p1b: Murkrow|Tailwind|p1b: Murkrow\n|-sidestart|p1: badatthis123|move: Tailwind\n|move|p1a: Hydreigon|Draco Meteor|p2a: Garganacl\n|-crit|p2a: Garganacl\n|-damage|p2a: Garganacl|0 fnt\n|-unboost|p1a: Hydreigon|spa|2\n|faint|p2a: Garganacl\n|move|p2b: Glimmora|Spikes|p1a: Hydreigon\n|-sidestart|p1: badatthis123|Spikes\n|\n|-heal|p2b: Glimmora|100\/100|[from] item: Black Sludge\n|-damage|p1a: Hydreigon|28\/100|[from] Salt Cure\n|upkeep\n|\n|t:|1683171585\n|switch|p2a: Drednaw|Drednaw, L50, F|4\/100\n|turn|7\n|\n|t:|1683171607\n|move|p2b: Glimmora|Spiky Shield|p2b: Glimmora\n|-singleturn|p2b: Glimmora|move: Protect\n|move|p1b: Murkrow|Foul Play|p2a: Drednaw\n|-damage|p2a: Drednaw|0 fnt\n|faint|p2a: Drednaw\n|move|p1a: Hydreigon|Draco Meteor|p2b: Glimmora\n|-activate|p2b: Glimmora|move: Protect\n|\n|-damage|p1a: Hydreigon|16\/100|[from] Salt Cure\n|upkeep\n|\n|t:|1683171614\n|switch|p2a: Pawmot|Pawmot, L50, F|100\/100\n|turn|8\n|\n|t:|1683171626\n|move|p2a: Pawmot|Fake Out|p1a: Hydreigon\n|-damage|p1a: Hydreigon|7\/100\n|move|p1b: Murkrow|Foul Play|p2a: Pawmot\n|-resisted|p2a: Pawmot\n|-damage|p2a: Pawmot|77\/100\n|cant|p1a: Hydreigon|flinch\n|move|p2b: Glimmora|Spikes|p1b: Murkrow\n|-sidestart|p1: badatthis123|Spikes\n|\n|-damage|p1a: Hydreigon|0 fnt|[from] Salt Cure\n|faint|p1a: Hydreigon\n|upkeep\n|\n|t:|1683171641\n|switch|p1a: Wo-Chien|Wo-Chien, L50|100\/100\n|-damage|p1a: Wo-Chien|88\/100|[from] Stealth Rock\n|-status|p1a: Wo-Chien|psn\n|-damage|p1a: Wo-Chien|71\/100 psn|[from] Spikes\n|-ability|p1a: Wo-Chien|Tablets of Ruin\n|turn|9\n|\n|t:|1683171671\n|move|p2a: Pawmot|Protect|p2a: Pawmot\n|-singleturn|p2a: Pawmot|Protect\n|move|p1b: Murkrow|Taunt|p2a: Pawmot\n|-activate|p2a: Pawmot|move: Protect\n|move|p1a: Wo-Chien|Leech Seed|p2a: Pawmot\n|-activate|p2a: Pawmot|move: Protect\n|move|p2b: Glimmora|Spikes|p1b: Murkrow\n|-sidestart|p1: badatthis123|Spikes\n|\n|-damage|p1a: Wo-Chien|59\/100 psn|[from] psn\n|-sideend|p1: badatthis123|move: Tailwind\n|upkeep\n|turn|10\n|\n|t:|1683171692\n|move|p1b: Murkrow|Taunt|p2a: Pawmot\n|-start|p2a: Pawmot|move: Taunt\n|move|p2a: Pawmot|Nuzzle|p1b: Murkrow\n|-supereffective|p1b: Murkrow\n|-damage|p1b: Murkrow|68\/100\n|-status|p1b: Murkrow|par\n|move|p2b: Glimmora|Earth Power|p1a: Wo-Chien\n|-resisted|p1a: Wo-Chien\n|-damage|p1a: Wo-Chien|52\/100 psn\n|move|p1a: Wo-Chien|Leech Seed|p2a: Pawmot\n|-start|p2a: Pawmot|move: Leech Seed\n|\n|-damage|p2a: Pawmot|65\/100|[from] Leech Seed|[of] p1a: Wo-Chien\n|-heal|p1a: Wo-Chien|63\/100 psn|[silent]\n|-damage|p1a: Wo-Chien|50\/100 psn|[from] psn\n|upkeep\n|turn|11\n|inactive|badatthis123 has 30 seconds left.\n|inactive|badatthis123 has 20 seconds left.\n|inactive|badatthis123 has 15 seconds left.\n|\n|t:|1683171736\n|move|p1b: Murkrow|Tailwind|p1b: Murkrow\n|-sidestart|p1: badatthis123|move: Tailwind\n|move|p1a: Wo-Chien|Leech Seed|p2b: Glimmora|[miss]\n|-miss|p1a: Wo-Chien|p2b: Glimmora\n|move|p2a: Pawmot|Nuzzle|p1b: Murkrow\n|-supereffective|p1b: Murkrow\n|-damage|p1b: Murkrow|40\/100 par\n|move|p2b: Glimmora|Earth Power|p1a: Wo-Chien\n|-resisted|p1a: Wo-Chien\n|-damage|p1a: Wo-Chien|43\/100 psn\n|\n|-damage|p2a: Pawmot|52\/100|[from] Leech Seed|[of] p1a: Wo-Chien\n|-heal|p1a: Wo-Chien|55\/100 psn|[silent]\n|-damage|p1a: Wo-Chien|42\/100 psn|[from] psn\n|upkeep\n|turn|12\n|\n|t:|1683171760\n|move|p2b: Glimmora|Spiky Shield|p2b: Glimmora\n|-singleturn|p2b: Glimmora|move: Protect\n|move|p1a: Wo-Chien|Leech Seed|p2b: Glimmora\n|-activate|p2b: Glimmora|move: Protect\n|move|p2a: Pawmot|Nuzzle|p1b: Murkrow\n|-supereffective|p1b: Murkrow\n|-damage|p1b: Murkrow|8\/100 par\n|move|p1b: Murkrow|Foul Play|p2a: Pawmot\n|-resisted|p2a: Pawmot\n|-damage|p2a: Pawmot|34\/100\n|\n|-damage|p2a: Pawmot|21\/100|[from] Leech Seed|[of] p1a: Wo-Chien\n|-heal|p1a: Wo-Chien|54\/100 psn|[silent]\n|-damage|p1a: Wo-Chien|41\/100 psn|[from] psn\n|-end|p2a: Pawmot|move: Taunt\n|upkeep\n|turn|13\n|\n|t:|1683171778\n|move|p1a: Wo-Chien|Leech Seed|p2b: Glimmora\n|-start|p2b: Glimmora|move: Leech Seed\n|move|p2a: Pawmot|Revival Blessing|p2a: Pawmot\n|-enditem|p2a: Pawmot|Leppa Berry|[eat]\n|-activate|p2a: Pawmot|item: Leppa Berry|Revival Blessing|[consumed]\n|\n|t:|1683171784\n|-heal|p2: Garganacl|50\/100|[from] move: Revival Blessing\n|move|p1b: Murkrow|Foul Play|p2a: Pawmot\n|-resisted|p2a: Pawmot\n|-damage|p2a: Pawmot|1\/100\n|move|p2b: Glimmora|Earth Power|p1a: Wo-Chien\n|-resisted|p1a: Wo-Chien\n|-damage|p1a: Wo-Chien|34\/100 psn\n|\n|-damage|p2a: Pawmot|0 fnt|[from] Leech Seed|[of] p1a: Wo-Chien\n|-heal|p1a: Wo-Chien|34\/100 psn|[silent]\n|faint|p2a: Pawmot\n|-damage|p2b: Glimmora|88\/100|[from] Leech Seed|[of] p1a: Wo-Chien\n|-heal|p1a: Wo-Chien|46\/100 psn|[silent]\n|-damage|p1a: Wo-Chien|34\/100 psn|[from] psn\n|upkeep\n|\n|t:|1683171791\n|switch|p2a: Garganacl|Garganacl, L50, F|50\/100\n|turn|14\n|\n|t:|1683171816\n|move|p2a: Garganacl|Protect|p2a: Garganacl\n|-singleturn|p2a: Garganacl|Protect\n|move|p1b: Murkrow|Taunt|p2b: Glimmora\n|-start|p2b: Glimmora|move: Taunt\n|move|p1a: Wo-Chien|Leaf Storm|p2a: Garganacl\n|-activate|p2a: Garganacl|move: Protect\n|move|p2b: Glimmora|Earth Power|p1a: Wo-Chien\n|-resisted|p1a: Wo-Chien\n|-damage|p1a: Wo-Chien|27\/100 psn\n|\n|-heal|p2b: Glimmora|94\/100|[from] item: Black Sludge\n|-damage|p2b: Glimmora|82\/100|[from] Leech Seed|[of] p1a: Wo-Chien\n|-heal|p1a: Wo-Chien|39\/100 psn|[silent]\n|-damage|p1a: Wo-Chien|26\/100 psn|[from] psn\n|-sideend|p1: badatthis123|move: Tailwind\n|upkeep\n|turn|15\n|inactive|badatthis123 has 30 seconds left.\n|inactive|IceGymDuoOus has 30 seconds left.\n|inactive|badatthis123 has 20 seconds left.\n|\n|t:|1683171853\n|-terastallize|p2a: Garganacl|Ghost\n|move|p1b: Murkrow|Tailwind|p1b: Murkrow\n|-sidestart|p1: badatthis123|move: Tailwind\n|move|p1a: Wo-Chien|Leaf Storm|p2b: Glimmora\n|-damage|p2b: Glimmora|33\/100\n|-unboost|p1a: Wo-Chien|spa|2\n|-enditem|p1a: Wo-Chien|Eject Pack\n|\n|t:|1683171860\n|switch|p1a: Gholdengo|Gholdengo, L50|100\/100\n|-damage|p1a: Gholdengo|95\/100|[from] Stealth Rock\n|-damage|p1a: Gholdengo|70\/100|[from] Spikes\n|move|p2b: Glimmora|Earth Power|p1a: Gholdengo\n|-supereffective|p1a: Gholdengo\n|-damage|p1a: Gholdengo|12\/100\n|move|p2a: Garganacl|Recover|p2a: Garganacl\n|-heal|p2a: Garganacl|100\/100\n|\n|-heal|p1a: Gholdengo|18\/100|[from] item: Leftovers\n|-heal|p2b: Glimmora|38\/100|[from] item: Black Sludge\n|-damage|p2b: Glimmora|26\/100|[from] Leech Seed|[of] p1a: Gholdengo\n|-heal|p1a: Gholdengo|30\/100|[silent]\n|upkeep\n|turn|16\n|inactive|badatthis123 has 30 seconds left.\n|inactive|IceGymDuoOus has 30 seconds left.\n|inactive|badatthis123 has 20 seconds left.\n|inactive|badatthis123 has 15 seconds left.\n|inactive|badatthis123 has 10 seconds left.\n|\n|t:|1683171907\n|move|p1a: Gholdengo|Protect|p1a: Gholdengo\n|-singleturn|p1a: Gholdengo|Protect\n|move|p2a: Garganacl|Protect|p2a: Garganacl\n|-singleturn|p2a: Garganacl|Protect\n|move|p1b: Murkrow|Foul Play|p2b: Glimmora\n|-damage|p2b: Glimmora|15\/100\n|-activate|p2b: Glimmora|ability: Toxic Debris\n|-sidestart|p1: badatthis123|move: Toxic Spikes\n|move|p2b: Glimmora|Earth Power|p1a: Gholdengo\n|-activate|p1a: Gholdengo|move: Protect\n|\n|-heal|p1a: Gholdengo|36\/100|[from] item: Leftovers\n|-heal|p2b: Glimmora|20\/100|[from] item: Black Sludge\n|-damage|p2b: Glimmora|8\/100|[from] Leech Seed|[of] p1a: Gholdengo\n|-heal|p1a: Gholdengo|48\/100|[silent]\n|-end|p2b: Glimmora|move: Taunt\n|upkeep\n|turn|17\n|inactive|badatthis123 has 20 seconds left this turn.\n|inactive|badatthis123 has 15 seconds left.\n|inactive|badatthis123 has 10 seconds left.\n|inactive|badatthis123 has 5 seconds left.\n|\n|t:|1683171927\n|move|p1a: Gholdengo|Shadow Ball|p2a: Garganacl\n|-supereffective|p2a: Garganacl\n|-damage|p2a: Garganacl|66\/100\n|move|p1b: Murkrow|Foul Play|p2a: Garganacl\n|-supereffective|p2a: Garganacl\n|-damage|p2a: Garganacl|28\/100\n|move|p2b: Glimmora|Earth Power|p1a: Gholdengo\n|-supereffective|p1a: Gholdengo\n|-damage|p1a: Gholdengo|0 fnt\n|faint|p1a: Gholdengo\n|move|p2a: Garganacl|Salt Cure|p1b: Murkrow\n|-supereffective|p1b: Murkrow\n|-damage|p1b: Murkrow|0 fnt\n|faint|p1b: Murkrow\n|\n|-heal|p2b: Glimmora|14\/100|[from] item: Black Sludge\n|upkeep\n|inactive|badatthis123 has 5 seconds left this turn.\n|\n|t:|1683171930\n|switch|p1b: Wo-Chien|Wo-Chien, L50|26\/100 psn\n|-damage|p1b: Wo-Chien|14\/100 psn|[from] Stealth Rock\n|-damage|p1b: Wo-Chien|0 fnt|[from] Spikes\n|faint|p1b: Wo-Chien\n|\n|win|IceGymDuoOus\n|inactive|badatthis123 has 5 seconds left this turn.\n|raw|badatthis123's rating: 1139 → 1113<\/strong> (-26 for losing)\n|raw|IceGymDuoOus's rating: 1124 → 1150<\/strong> (+26 for winning)\n|l|\u2606badatthis123\n","uploadtime":1683171944,"views":10,"p1id":"badatthis123","p2id":"icegymduoous","formatid":"gen9vgc2023regulationc","rating":1113,"private":0,"password":""}