{"id":"gen9vgc2023regulationc-1845473887","p1":"BigPapiKiryae","p2":"Kenepa21","format":"[Gen 9] VGC 2023 Regulation C","log":"|j|\u2606BigPapiKiryae\n|j|\u2606Kenepa21\n|t:|1681737245\n|gametype|doubles\n|player|p1|BigPapiKiryae|170|1492\n|player|p2|Kenepa21|1|1453\n|teamsize|p1|6\n|teamsize|p2|6\n|gen|9\n|tier|[Gen 9] VGC 2023 Regulation C\n|rated|\n|rule|Species Clause: Limit one of each Pok\u00e9mon\n|rule|Item Clause: Limit one of each item\n|clearpoke\n|poke|p1|Chi-Yu, L50|\n|poke|p1|Iron Bundle, L50|\n|poke|p1|Flutter Mane, L50|\n|poke|p1|Maushold-Four, L50|\n|poke|p1|Dragonite, L50, F|\n|poke|p1|Great Tusk, L50|\n|poke|p2|Gyarados, L50, M|\n|poke|p2|Baxcalibur, L50, F|\n|poke|p2|Amoonguss, L50, M|\n|poke|p2|Ting-Lu, L50|\n|poke|p2|Flutter Mane, L50|\n|poke|p2|Volcarona, L50, M|\n|teampreview|4\n|\n|t:|1681737284\n|start\n|switch|p1a: Dragonite|Dragonite, L50, F|100\/100\n|switch|p1b: Iron Bundle|Iron Bundle, L50|100\/100\n|switch|p2a: Ting-Lu|Ting-Lu, L50|100\/100\n|switch|p2b: Gyarados|Gyarados, L50, M|100\/100\n|-ability|p2b: Gyarados|Intimidate|boost\n|-unboost|p1a: Dragonite|atk|1\n|-unboost|p1b: Iron Bundle|atk|1\n|-ability|p2a: Ting-Lu|Vessel of Ruin\n|-enditem|p1b: Iron Bundle|Booster Energy\n|-activate|p1b: Iron Bundle|ability: Quark Drive|[fromitem]\n|-start|p1b: Iron Bundle|quarkdrivespe\n|turn|1\n|inactive|Battle timer is ON: inactive players will automatically lose when time's up. (requested by BigPapiKiryae)\n|inactive|BigPapiKiryae has 60 seconds left.\n|\n|t:|1681737327\n|move|p1b: Iron Bundle|Protect|p1b: Iron Bundle\n|-singleturn|p1b: Iron Bundle|Protect\n|move|p1a: Dragonite|Protect|p1a: Dragonite\n|-singleturn|p1a: Dragonite|Protect\n|move|p2b: Gyarados|Protect|p2b: Gyarados\n|-singleturn|p2b: Gyarados|Protect\n|move|p2a: Ting-Lu|Earthquake|p1a: Dragonite|[spread] \n|-activate|p2b: Gyarados|move: Protect\n|-activate|p1a: Dragonite|move: Protect\n|-activate|p1b: Iron Bundle|move: Protect\n|\n|upkeep\n|turn|2\n|\n|t:|1681737352\n|switch|p2b: Baxcalibur|Baxcalibur, L50, F|100\/100\n|move|p1b: Iron Bundle|Freeze-Dry|p2b: Baxcalibur\n|-damage|p2b: Baxcalibur|72\/100\n|move|p1a: Dragonite|Tera Blast|p2b: Baxcalibur\n|-damage|p2b: Baxcalibur|61\/100\n|move|p2a: Ting-Lu|Stomping Tantrum|p1b: Iron Bundle\n|-crit|p1b: Iron Bundle\n|-damage|p1b: Iron Bundle|47\/100\n|\n|upkeep\n|turn|3\n|inactive|BigPapiKiryae has 30 seconds left.\n|j| RedCharonKnight\n|inactive|BigPapiKiryae has 20 seconds left.\n|inactive|BigPapiKiryae has 15 seconds left.\n|inactive|BigPapiKiryae has 10 seconds left.\n|\n|t:|1681737400\n|move|p1b: Iron Bundle|Protect|p1b: Iron Bundle\n|-singleturn|p1b: Iron Bundle|Protect\n|move|p2b: Baxcalibur|Protect|p2b: Baxcalibur\n|-singleturn|p2b: Baxcalibur|Protect\n|move|p1a: Dragonite|Protect|p1a: Dragonite\n|-singleturn|p1a: Dragonite|Protect\n|move|p2a: Ting-Lu|Heavy Slam|p1a: Dragonite\n|-activate|p1a: Dragonite|move: Protect\n|\n|upkeep\n|turn|4\n|l| RedCharonKnight\n|\n|t:|1681737423\n|-end|p1b: Iron Bundle|Quark Drive|[silent]\n|switch|p1b: Maushold|Maushold-Four, L50|100\/100\n|-terastallize|p1a: Dragonite|Flying\n|move|p2b: Baxcalibur|Icicle Crash|p1a: Dragonite\n|-supereffective|p1a: Dragonite\n|-damage|p1a: Dragonite|65\/100\n|cant|p1a: Dragonite|flinch\n|move|p2a: Ting-Lu|Stomping Tantrum|p1b: Maushold\n|-damage|p1b: Maushold|70\/100\n|\n|upkeep\n|turn|5\n|\n|t:|1681737443\n|switch|p2b: Gyarados|Gyarados, L50, M|100\/100\n|-ability|p2b: Gyarados|Intimidate|boost\n|-unboost|p1a: Dragonite|atk|1\n|-unboost|p1b: Maushold|atk|1\n|move|p1b: Maushold|Protect|p1b: Maushold\n|-singleturn|p1b: Maushold|Protect\n|move|p1a: Dragonite|Protect|p1a: Dragonite\n|-singleturn|p1a: Dragonite|Protect\n|move|p2a: Ting-Lu|Stomping Tantrum|p1b: Maushold\n|-activate|p1b: Maushold|move: Protect\n|\n|upkeep\n|turn|6\n|inactive|BigPapiKiryae has 30 seconds left.\n|\n|t:|1681737468\n|switch|p1a: Iron Bundle|Iron Bundle, L50|47\/100\n|move|p1b: Maushold|Follow Me|p1b: Maushold\n|-singleturn|p1b: Maushold|move: Follow Me\n|move|p2b: Gyarados|Waterfall|p1b: Maushold\n|-damage|p1b: Maushold|39\/100\n|move|p2a: Ting-Lu|Stomping Tantrum|p1b: Maushold\n|-damage|p1b: Maushold|7\/100\n|\n|upkeep\n|turn|7\n|\n|t:|1681737489\n|move|p1b: Maushold|Helping Hand|p1a: Iron Bundle\n|-singleturn|p1a: Iron Bundle|Helping Hand|[of] p1b: Maushold\n|move|p2b: Gyarados|Protect|p2b: Gyarados\n|-singleturn|p2b: Gyarados|Protect\n|move|p1a: Iron Bundle|Hydro Pump|p2b: Gyarados\n|-activate|p2b: Gyarados|move: Protect\n|move|p2a: Ting-Lu|Earthquake|p1a: Iron Bundle|[spread] p1a,p1b\n|-activate|p2b: Gyarados|move: Protect\n|-damage|p1a: Iron Bundle|20\/100\n|-damage|p1b: Maushold|0 fnt\n|faint|p1b: Maushold\n|\n|upkeep\n|\n|t:|1681737503\n|switch|p1b: Flutter Mane|Flutter Mane, L50|100\/100\n|turn|8\n|\n|t:|1681737513\n|switch|p2b: Flutter Mane|Flutter Mane, L50|100\/100\n|move|p1a: Iron Bundle|Freeze-Dry|p2b: Flutter Mane\n|-damage|p2b: Flutter Mane|74\/100\n|move|p1b: Flutter Mane|Moonblast|p2a: Ting-Lu\n|-supereffective|p2a: Ting-Lu\n|-damage|p2a: Ting-Lu|55\/100\n|move|p2a: Ting-Lu|Heavy Slam|p1b: Flutter Mane\n|-supereffective|p1b: Flutter Mane\n|-damage|p1b: Flutter Mane|1\/100\n|\n|upkeep\n|turn|9\n|\n|t:|1681737530\n|move|p1a: Iron Bundle|Icy Wind|p2a: Ting-Lu|[spread] p2a,p2b\n|-supereffective|p2a: Ting-Lu\n|-damage|p2a: Ting-Lu|40\/100\n|-damage|p2b: Flutter Mane|59\/100\n|-unboost|p2a: Ting-Lu|spe|1\n|-unboost|p2b: Flutter Mane|spe|1\n|move|p1b: Flutter Mane|Moonblast|p2b: Flutter Mane\n|-damage|p2b: Flutter Mane|12\/100\n|move|p2b: Flutter Mane|Dazzling Gleam|p1b: Flutter Mane|[spread] p1a,p1b\n|-damage|p1a: Iron Bundle|0 fnt\n|-damage|p1b: Flutter Mane|0 fnt\n|faint|p1a: Iron Bundle\n|-end|p1a: Iron Bundle|Quark Drive|[silent]\n|faint|p1b: Flutter Mane\n|-end|p1b: Flutter Mane|Protosynthesis|[silent]\n|move|p2a: Ting-Lu|Earthquake|p2b: Flutter Mane\n|-damage|p2b: Flutter Mane|0 fnt\n|faint|p2b: Flutter Mane\n|-end|p2b: Flutter Mane|Protosynthesis|[silent]\n|\n|upkeep\n|\n|t:|1681737550\n|switch|p1a: Dragonite|Dragonite, L50, F, tera:Flying|65\/100\n|switch|p2b: Baxcalibur|Baxcalibur, L50, F|61\/100\n|turn|10\n|\n|t:|1681737557\n|switch|p2a: Gyarados|Gyarados, L50, M|100\/100\n|-ability|p2a: Gyarados|Intimidate|boost\n|-unboost|p1a: Dragonite|atk|1\n|move|p2b: Baxcalibur|Glaive Rush|p1a: Dragonite\n|-damage|p1a: Dragonite|0 fnt\n|-singlemove|p2b: Baxcalibur|Glaive Rush|[silent]\n|faint|p1a: Dragonite\n|\n|win|Kenepa21\n|raw|BigPapiKiryae's rating: 1492 → 1470<\/strong> (-22 for losing)\n|raw|Kenepa21's rating: 1453 → 1475<\/strong> (+22 for winning)\n","uploadtime":1681737567,"views":6,"p1id":"bigpapikiryae","p2id":"kenepa21","formatid":"gen9vgc2023regulationc","rating":1470,"private":0,"password":""}