{"id":"gen9vgc2023regulationc-1850834056","p1":"temerence","p2":"oklolyeanice","format":"[Gen 9] VGC 2023 Regulation C","log":"|j|\u2606temerence\n|j|\u2606oklolyeanice\n|t:|1682372465\n|gametype|doubles\n|player|p1|temerence|hilbert|1035\n|player|p2|oklolyeanice|169|1091\n|teamsize|p1|6\n|teamsize|p2|6\n|gen|9\n|tier|[Gen 9] VGC 2023 Regulation C\n|rated|\n|rule|Species Clause: Limit one of each Pok\u00e9mon\n|rule|Item Clause: Limit one of each item\n|clearpoke\n|poke|p1|Flutter Mane, L50|\n|poke|p1|Amoonguss, L50, F|\n|poke|p1|Palafin, L50, F|\n|poke|p1|Chien-Pao, L50|\n|poke|p1|Arcanine, L50, F|\n|poke|p1|Dragapult, L50, F|\n|poke|p2|Scream Tail, L50|\n|poke|p2|Gholdengo, L50|\n|poke|p2|Chi-Yu, L50|\n|poke|p2|Flutter Mane, L50|\n|poke|p2|Gyarados, L50, M|\n|poke|p2|Iron Hands, L50|\n|teampreview|4\n|inactive|Battle timer is ON: inactive players will automatically lose when time's up. (requested by oklolyeanice)\n|\n|t:|1682372485\n|start\n|switch|p1a: Chien-Pao|Chien-Pao, L50|100\/100\n|switch|p1b: Amoonguss|Amoonguss, L50, F|100\/100\n|switch|p2a: Scream Tail|Scream Tail, L50|100\/100\n|switch|p2b: Gholdengo|Gholdengo, L50|100\/100\n|-ability|p1a: Chien-Pao|Sword of Ruin\n|-enditem|p2a: Scream Tail|Booster Energy\n|-activate|p2a: Scream Tail|ability: Protosynthesis|[fromitem]\n|-start|p2a: Scream Tail|protosynthesisspe\n|turn|1\n|inactive|temerence has 30 seconds left.\n|inactive|oklolyeanice has 30 seconds left.\n|\n|t:|1682372511\n|-terastallize|p2b: Gholdengo|Water\n|move|p1a: Chien-Pao|Sucker Punch||[still]\n|-fail|p1a: Chien-Pao\n|move|p2a: Scream Tail|Thunder Wave|p1b: Amoonguss\n|-status|p1b: Amoonguss|par\n|move|p2b: Gholdengo|Hex|p1b: Amoonguss\n|-damage|p1b: Amoonguss|29\/100 par\n|-enditem|p1b: Amoonguss|Sitrus Berry|[eat]\n|-heal|p1b: Amoonguss|54\/100 par|[from] item: Sitrus Berry\n|cant|p1b: Amoonguss|par\n|\n|upkeep\n|turn|2\n|\n|t:|1682372534\n|move|p2a: Scream Tail|Thunder Wave|p1a: Chien-Pao\n|-status|p1a: Chien-Pao|par\n|move|p2b: Gholdengo|Hex|p1b: Amoonguss\n|-damage|p1b: Amoonguss|0 fnt\n|faint|p1b: Amoonguss\n|move|p1a: Chien-Pao|Sacred Sword|p2b: Gholdengo\n|-damage|p2b: Gholdengo|64\/100\n|\n|upkeep\n|\n|t:|1682372544\n|switch|p1b: Palafin|Palafin, L50, F|100\/100\n|turn|3\n|inactive|temerence has 30 seconds left.\n|\n|t:|1682372570\n|detailschange|p1b: Palafin|Palafin-Hero, L50, F\n|switch|p1b: Flutter Mane|Flutter Mane, L50|100\/100\n|-enditem|p1b: Flutter Mane|Booster Energy\n|-activate|p1b: Flutter Mane|ability: Protosynthesis|[fromitem]\n|-start|p1b: Flutter Mane|protosynthesisspe\n|cant|p1a: Chien-Pao|par\n|move|p2a: Scream Tail|Thunder Wave|p1b: Flutter Mane\n|-status|p1b: Flutter Mane|par\n|move|p2b: Gholdengo|Hex|p1a: Chien-Pao\n|-resisted|p1a: Chien-Pao\n|-damage|p1a: Chien-Pao|15\/100 par\n|\n|upkeep\n|turn|4\n|inactive|temerence has 30 seconds left.\n|\n|t:|1682372600\n|move|p2a: Scream Tail|Helping Hand|p2b: Gholdengo\n|-immune|p2b: Gholdengo|[from] ability: Good as Gold\n|move|p1a: Chien-Pao|Sucker Punch|p2b: Gholdengo\n|-damage|p2b: Gholdengo|16\/100\n|move|p1b: Flutter Mane|Shadow Ball|p2a: Scream Tail\n|-supereffective|p2a: Scream Tail\n|-damage|p2a: Scream Tail|36\/100\n|move|p2b: Gholdengo|Hex|p1b: Flutter Mane\n|-supereffective|p1b: Flutter Mane\n|-damage|p1b: Flutter Mane|0 fnt\n|faint|p1b: Flutter Mane\n|-end|p1b: Flutter Mane|Protosynthesis|[silent]\n|\n|upkeep\n|\n|t:|1682372612\n|switch|p1b: Palafin|Palafin-Hero, L50, F|100\/100\n|-activate|p1b: Palafin|ability: Zero to Hero\n|turn|5\n|\n|t:|1682372622\n|-terastallize|p1b: Palafin|Water\n|move|p1b: Palafin|Protect|p1b: Palafin\n|-singleturn|p1b: Palafin|Protect\n|cant|p1a: Chien-Pao|par\n|move|p2a: Scream Tail|Thunder Wave|p1b: Palafin\n|-activate|p1b: Palafin|move: Protect\n|move|p2b: Gholdengo|Hex|p1a: Chien-Pao\n|-resisted|p1a: Chien-Pao\n|-damage|p1a: Chien-Pao|0 fnt\n|faint|p1a: Chien-Pao\n|\n|upkeep\n|turn|6\n|\n|t:|1682372638\n|move|p1b: Palafin|Jet Punch|p2b: Gholdengo\n|-resisted|p2b: Gholdengo\n|-damage|p2b: Gholdengo|0 fnt\n|faint|p2b: Gholdengo\n|move|p2a: Scream Tail|Thunder Wave|p1b: Palafin\n|-status|p1b: Palafin|par\n|\n|upkeep\n|\n|t:|1682372641\n|switch|p2b: Gyarados|Gyarados, L50, M|100\/100\n|-ability|p2b: Gyarados|Intimidate|boost\n|-unboost|p1b: Palafin|atk|1\n|turn|7\n|\n|t:|1682372649\n|cant|p1b: Palafin|par\n|move|p2a: Scream Tail|Encore|p1b: Palafin\n|-start|p1b: Palafin|Encore\n|move|p2b: Gyarados|Dragon Dance|p2b: Gyarados\n|-boost|p2b: Gyarados|atk|1\n|-boost|p2b: Gyarados|spe|1\n|\n|upkeep\n|turn|8\n|\n|t:|1682372658\n|-end|p2a: Scream Tail|Protosynthesis|[silent]\n|switch|p2a: Iron Hands|Iron Hands, L50|100\/100\n|cant|p1b: Palafin|par\n|move|p2b: Gyarados|Dragon Dance|p2b: Gyarados\n|-boost|p2b: Gyarados|atk|1\n|-boost|p2b: Gyarados|spe|1\n|\n|upkeep\n|turn|9\n|\n|t:|1682372673\n|move|p2a: Iron Hands|Fake Out|p1b: Palafin\n|-damage|p1b: Palafin|84\/100 par\n|cant|p1b: Palafin|flinch\n|move|p2b: Gyarados|Dragon Dance|p2b: Gyarados\n|-boost|p2b: Gyarados|atk|1\n|-boost|p2b: Gyarados|spe|1\n|\n|upkeep\n|turn|10\n|\n|t:|1682372683\n|move|p1b: Palafin|Jet Punch|p2a: Iron Hands\n|-damage|p2a: Iron Hands|70\/100\n|move|p2b: Gyarados|Dragon Dance|p2b: Gyarados\n|-boost|p2b: Gyarados|atk|1\n|-boost|p2b: Gyarados|spe|1\n|move|p2a: Iron Hands|Thunder Punch|p1b: Palafin\n|-supereffective|p1b: Palafin\n|-damage|p1b: Palafin|0 fnt\n|faint|p1b: Palafin\n|\n|win|oklolyeanice\n|raw|temerence's rating: 1035 → 1022<\/strong> (-13 for losing)\n|raw|oklolyeanice's rating: 1091 → 1113<\/strong> (+22 for winning)\n|l|\u2606oklolyeanice\n","uploadtime":1682372696,"views":12,"p1id":"temerence","p2id":"oklolyeanice","formatid":"gen9vgc2023regulationc","rating":1022,"private":0,"password":""}