{"id":"gen9vgc2023regulationc-1858743442","p1":"hugoalab","p2":"my wife is bae","format":"[Gen 9] VGC 2023 Regulation C","log":"|j|\u2606hugoalab\n|j|\u2606my wife is bae\n|t:|1683352186\n|gametype|doubles\n|player|p1|hugoalab|1|1076\n|player|p2|my wife is bae|lady-gen4|1000\n|teamsize|p1|6\n|teamsize|p2|6\n|gen|9\n|tier|[Gen 9] VGC 2023 Regulation C\n|rated|\n|rule|Species Clause: Limit one of each Pok\u00e9mon\n|rule|Item Clause: Limit one of each item\n|clearpoke\n|poke|p1|Golduck, L50, M|\n|poke|p1|Pelipper, L50, F|\n|poke|p1|Meowscarada, L50, M|\n|poke|p1|Flutter Mane, L50|\n|poke|p1|Banette, L50, M|\n|poke|p1|Mimikyu, L50, F|\n|poke|p2|Torkoal, L50, M|\n|poke|p2|Chi-Yu, L50|\n|poke|p2|Flutter Mane, L50|\n|poke|p2|Lilligant, L50, F|\n|poke|p2|Murkrow, L50, M|\n|poke|p2|Rotom-Wash, L50|\n|teampreview|4\n|\n|t:|1683352207\n|start\n|switch|p1a: Mimikyu|Mimikyu, L50, F|100\/100\n|switch|p1b: Pelipper|Pelipper, L50, F|100\/100\n|switch|p2a: Lilligant|Lilligant, L50, F, shiny|100\/100\n|switch|p2b: Murkrow|Murkrow, L50, M, shiny|100\/100\n|-weather|RainDance|[from] ability: Drizzle|[of] p1b: Pelipper\n|turn|1\n|\n|t:|1683352227\n|move|p2b: Murkrow|Tailwind|p2b: Murkrow\n|-sidestart|p2: my wife is bae|move: Tailwind\n|move|p2a: Lilligant|Sleep Powder|p1a: Mimikyu\n|-status|p1a: Mimikyu|slp|[from] move: Sleep Powder\n|cant|p1a: Mimikyu|slp\n|move|p1b: Pelipper|Tailwind|p1b: Pelipper\n|-sidestart|p1: hugoalab|move: Tailwind\n|\n|-weather|RainDance|[upkeep]\n|upkeep\n|turn|2\n|\n|t:|1683352262\n|switch|p1a: Golduck|Golduck, L50, M|100\/100\n|switch|p2b: Torkoal|Torkoal, L50, M, shiny|100\/100\n|-weather|SunnyDay|[from] ability: Drought|[of] p2b: Torkoal\n|move|p2a: Lilligant|Leaf Storm|p1b: Pelipper\n|-damage|p1b: Pelipper|11\/100\n|-unboost|p2a: Lilligant|spa|2\n|move|p1b: Pelipper|Icy Wind|p2b: Torkoal|[spread] p2a,p2b\n|-supereffective|p2a: Lilligant\n|-resisted|p2b: Torkoal\n|-damage|p2a: Lilligant|63\/100\n|-damage|p2b: Torkoal|91\/100\n|-unboost|p2a: Lilligant|spe|1\n|-unboost|p2b: Torkoal|spe|1\n|\n|-weather|SunnyDay|[upkeep]\n|upkeep\n|turn|3\n|\n|t:|1683352288\n|switch|p1a: Flutter Mane|Flutter Mane, L50|100\/100\n|-activate|p1a: Flutter Mane|ability: Protosynthesis\n|-start|p1a: Flutter Mane|protosynthesisspe\n|switch|p1b: Mimikyu|Mimikyu, L50, F|100\/100 slp\n|move|p2a: Lilligant|After You|p2b: Torkoal\n|-activate|p2b: Torkoal|move: After You\n|move|p2b: Torkoal|Solar Beam||[still]\n|-prepare|p2b: Torkoal|Solar Beam\n|-anim|p2b: Torkoal|Solar Beam|p1a: Flutter Mane\n|-damage|p1a: Flutter Mane|65\/100\n|\n|-weather|SunnyDay|[upkeep]\n|upkeep\n|turn|4\n|\n|t:|1683352316\n|move|p1a: Flutter Mane|Mystical Fire|p2a: Lilligant\n|-supereffective|p2a: Lilligant\n|-damage|p2a: Lilligant|0 fnt\n|faint|p2a: Lilligant\n|cant|p1b: Mimikyu|slp\n|move|p2b: Torkoal|Eruption|p1b: Mimikyu|[spread] p1a,p1b\n|-damage|p1a: Flutter Mane|0 fnt\n|-activate|p1b: Mimikyu|ability: Disguise\n|-damage|p1b: Mimikyu|100\/100 slp\n|detailschange|p1b: Mimikyu|Mimikyu-Busted, L50, F\n|-damage|p1b: Mimikyu|88\/100 slp|[from] pokemon: Mimikyu-Busted\n|faint|p1a: Flutter Mane\n|-end|p1a: Flutter Mane|Protosynthesis|[silent]\n|\n|-weather|SunnyDay|[upkeep]\n|-sideend|p2: my wife is bae|move: Tailwind\n|-sideend|p1: hugoalab|move: Tailwind\n|upkeep\n|\n|t:|1683352338\n|switch|p1a: Golduck|Golduck, L50, M|100\/100\n|switch|p2a: Chi-Yu|Chi-Yu, L50|100\/100\n|-ability|p2a: Chi-Yu|Beads of Ruin\n|turn|5\n|\n|t:|1683352374\n|switch|p1b: Pelipper|Pelipper, L50, F|11\/100\n|-weather|RainDance|[from] ability: Drizzle|[of] p1b: Pelipper\n|-terastallize|p2a: Chi-Yu|Grass\n|move|p1a: Golduck|Surf|p2b: Torkoal|[spread] p1b,p2a,p2b\n|-resisted|p1b: Pelipper\n|-resisted|p2a: Chi-Yu\n|-supereffective|p2b: Torkoal\n|-damage|p1b: Pelipper|0 fnt\n|-damage|p2a: Chi-Yu|79\/100\n|-damage|p2b: Torkoal|0 fnt\n|faint|p1b: Pelipper\n|faint|p2b: Torkoal\n|move|p2a: Chi-Yu|Heat Wave|p1a: Golduck\n|-resisted|p1a: Golduck\n|-damage|p1a: Golduck|79\/100\n|\n|-weather|RainDance|[upkeep]\n|-heal|p2a: Chi-Yu|85\/100|[from] item: Leftovers\n|upkeep\n|\n|t:|1683352391\n|switch|p1b: Mimikyu|Mimikyu-Busted, L50, F|88\/100 slp\n|switch|p2b: Murkrow|Murkrow, L50, M, shiny|100\/100\n|turn|6\n|\n|t:|1683352410\n|-terastallize|p1a: Golduck|Grass\n|move|p2b: Murkrow|Sunny Day|p2b: Murkrow\n|-weather|SunnyDay\n|-curestatus|p1b: Mimikyu|slp|[msg]\n|move|p1b: Mimikyu|Swords Dance|p1b: Mimikyu\n|-boost|p1b: Mimikyu|atk|2\n|move|p2a: Chi-Yu|Nasty Plot|p2a: Chi-Yu\n|-boost|p2a: Chi-Yu|spa|2\n|move|p1a: Golduck|Nasty Plot|p1a: Golduck\n|-boost|p1a: Golduck|spa|2\n|\n|-weather|SunnyDay|[upkeep]\n|-heal|p2a: Chi-Yu|91\/100|[from] item: Leftovers\n|upkeep\n|turn|7\n|\n|t:|1683352465\n|move|p2b: Murkrow|Tailwind|p2b: Murkrow\n|-sidestart|p2: my wife is bae|move: Tailwind\n|move|p2a: Chi-Yu|Heat Wave|p1a: Golduck|[spread] p1a,p1b\n|-supereffective|p1a: Golduck\n|-damage|p1a: Golduck|0 fnt\n|-damage|p1b: Mimikyu|0 fnt\n|faint|p1a: Golduck\n|faint|p1b: Mimikyu\n|\n|win|my wife is bae\n|raw|hugoalab's rating: 1076 → 1050<\/strong> (-26 for losing)\n|raw|my wife is bae's rating: 1000 → 1049<\/strong> (+49 for winning)\n|l|\u2606hugoalab\n|c|\u2606my wife is bae|Gg\n","uploadtime":1683352495,"views":7,"p1id":"hugoalab","p2id":"mywifeisbae","formatid":"gen9vgc2023regulationc","rating":1049,"private":0,"password":""}