{"id":"gen9vgc2023regulationc-1850754548","p1":"spectacled eider","p2":"Camitest","format":"[Gen 9] VGC 2023 Regulation C","log":"|j|\u2606spectacled eider\n|j|\u2606Camitest\n|t:|1682364852\n|gametype|doubles\n|player|p1|spectacled eider|lady|\n|player|p2|Camitest|gladion|\n|teamsize|p1|6\n|teamsize|p2|6\n|gen|9\n|tier|[Gen 9] VGC 2023 Regulation C\n|rated|Tournament battle\n|rule|Species Clause: Limit one of each Pok\u00e9mon\n|rule|Item Clause: Limit one of each item\n|clearpoke\n|poke|p1|Farigiraf, L50, M|\n|poke|p1|Flutter Mane, L50|\n|poke|p1|Corviknight, L50, M|\n|poke|p1|Ting-Lu, L50|\n|poke|p1|Iron Bundle, L50|\n|poke|p1|Arcanine, L50, F|\n|poke|p2|Dondozo, L50, M|\n|poke|p2|Tatsugiri, L50, M|\n|poke|p2|Palafin, L50, M|\n|poke|p2|Arcanine, L50, M|\n|poke|p2|Amoonguss, L50, M|\n|poke|p2|Flutter Mane, L50|\n|teampreview|4\n|raw| Open Team Sheet for spectacled eider<\/summary>Farigiraf @ Aguav Berry Ability: Armor Tail Level: 50 Tera Type: Fairy - Psychic - Dazzling Gleam - Helping Hand - Trick Room Flutter Mane @ Choice Specs Ability: Protosynthesis Level: 50 Tera Type: Fairy - Dazzling Gleam - Moonblast - Shadow Ball - Thunderbolt Corviknight @ Occa Berry Ability: Mirror Armor Level: 50 Tera Type: Grass - Brave Bird - Tailwind - Taunt - Iron Head Ting-Lu @ Clear Amulet Ability: Vessel of Ruin Level: 50 Tera Type: Ground - Earthquake - Ruination - Rock Slide - Protect Iron Bundle @ Booster Energy Ability: Quark Drive Level: 50 Tera Type: Ghost - Freeze-Dry - Icy Wind - Encore - Protect Arcanine @ Safety Goggles Ability: Intimidate Level: 50 Tera Type: Grass - Will-O-Wisp - Flare Blitz - Extreme Speed - Protect <\/details><\/div> Open Team Sheet for Camitest<\/summary>Dondozo (M) @ Clear Amulet Ability: Water Veil Level: 50 Tera Type: Grass - Wave Crash - Earthquake - Tera Blast - Protect Tatsugiri (M) @ Choice Scarf Ability: Commander Level: 50 Tera Type: Water - Draco Meteor - Muddy Water - Icy Wind - Chilling Water Palafin (M) @ Mystic Water Ability: Zero to Hero Level: 50 Shiny: Yes Tera Type: Water - Jet Punch - Wave Crash - Substitute - Protect Arcanine (M) @ Safety Goggles Ability: Intimidate Level: 50 Tera Type: Water - Flare Blitz - Howl - Will-O-Wisp - Protect Amoonguss (M) @ Sitrus Berry Ability: Regenerator Level: 50 Tera Type: Water - Pollen Puff - Rage Powder - Spore - Protect Flutter Mane @ Booster Energy Ability: Protosynthesis Level: 50 Tera Type: Fairy - Moonblast - Shadow Ball - Substitute - Protect <\/details><\/div>\n|c|\u2606Camitest|glhf!\n|j| RiotJuice\n|c|\u2606spectacled eider|u2\n|j| idontknow25\n|l| idontknow25\n|j| london13\n|\n|t:|1682364918\n|start\n|switch|p1a: Corviknight|Corviknight, L50, M|100\/100\n|switch|p1b: Farigiraf|Farigiraf, L50, M|100\/100\n|switch|p2a: Dondozo|Dondozo, L50, M|100\/100\n|switch|p2b: Palafin|Palafin, L50, M, shiny|100\/100\n|turn|1\n|\n|t:|1682364948\n|detailschange|p2b: Palafin|Palafin-Hero, L50, M, shiny\n|switch|p2b: Tatsugiri|Tatsugiri, L50, M|100\/100\n|-activate|p2b: Tatsugiri|ability: Commander|[of] p2a: Dondozo\n|-boost|p2a: Dondozo|atk|2\n|-boost|p2a: Dondozo|spa|2\n|-boost|p2a: Dondozo|spe|2\n|-boost|p2a: Dondozo|def|2\n|-boost|p2a: Dondozo|spd|2\n|switch|p1a: Iron Bundle|Iron Bundle, L50|100\/100\n|-enditem|p1a: Iron Bundle|Booster Energy\n|-activate|p1a: Iron Bundle|ability: Quark Drive|[fromitem]\n|-start|p1a: Iron Bundle|quarkdrivespe\n|move|p2a: Dondozo|Wave Crash|p1b: Farigiraf\n|-damage|p1b: Farigiraf|14\/100\n|-enditem|p1b: Farigiraf|Aguav Berry|[eat]\n|-heal|p1b: Farigiraf|47\/100|[from] item: Aguav Berry\n|-damage|p2a: Dondozo|74\/100|[from] Recoil\n|move|p1b: Farigiraf|Psychic|p2a: Dondozo\n|-damage|p2a: Dondozo|54\/100\n|\n|upkeep\n|turn|2\n|j| stinkypoops\n|\n|t:|1682364975\n|switch|p1b: Corviknight|Corviknight, L50, M|100\/100\n|move|p1a: Iron Bundle|Freeze-Dry|p2a: Dondozo\n|-supereffective|p2a: Dondozo\n|-damage|p2a: Dondozo|26\/100\n|move|p2a: Dondozo|Earthquake|p1b: Corviknight|[spread] p1a\n|-miss|p2a: Dondozo|p2b: Tatsugiri\n|-immune|p1b: Corviknight\n|-damage|p1a: Iron Bundle|52\/100\n|\n|upkeep\n|turn|3\n|\n|t:|1682364991\n|move|p1a: Iron Bundle|Freeze-Dry|p2a: Dondozo\n|-supereffective|p2a: Dondozo\n|-damage|p2a: Dondozo|0 fnt\n|faint|p2a: Dondozo\n|move|p1b: Corviknight|Tailwind|p1b: Corviknight\n|-sidestart|p1: spectacled eider|move: Tailwind\n|\n|upkeep\n|\n|t:|1682364995\n|switch|p2a: Palafin|Palafin-Hero, L50, M, shiny|100\/100\n|-activate|p2a: Palafin|ability: Zero to Hero\n|turn|4\n|l| RiotJuice\n|\n|t:|1682365010\n|move|p2a: Palafin|Protect|p2a: Palafin\n|-singleturn|p2a: Palafin|Protect\n|move|p1a: Iron Bundle|Freeze-Dry|p2b: Tatsugiri\n|-supereffective|p2b: Tatsugiri\n|-damage|p2b: Tatsugiri|0 fnt\n|faint|p2b: Tatsugiri\n|move|p1b: Corviknight|Brave Bird|p2a: Palafin\n|-activate|p2a: Palafin|move: Protect\n|\n|upkeep\n|\n|t:|1682365015\n|switch|p2b: Flutter Mane|Flutter Mane, L50|100\/100\n|-enditem|p2b: Flutter Mane|Booster Energy\n|-activate|p2b: Flutter Mane|ability: Protosynthesis|[fromitem]\n|-start|p2b: Flutter Mane|protosynthesisspa\n|turn|5\n|\n|t:|1682365022\n|-terastallize|p2a: Palafin|Water\n|move|p2a: Palafin|Jet Punch|p1a: Iron Bundle\n|-resisted|p1a: Iron Bundle\n|-damage|p1a: Iron Bundle|19\/100\n|move|p1a: Iron Bundle|Freeze-Dry|p2a: Palafin\n|-supereffective|p2a: Palafin\n|-damage|p2a: Palafin|42\/100\n|move|p1b: Corviknight|Brave Bird|p2a: Palafin\n|-damage|p2a: Palafin|0 fnt\n|faint|p2a: Palafin\n|-damage|p1b: Corviknight|86\/100|[from] Recoil\n|move|p2b: Flutter Mane|Substitute|p2b: Flutter Mane\n|-start|p2b: Flutter Mane|Substitute\n|-damage|p2b: Flutter Mane|76\/100\n|\n|upkeep\n|turn|6\n|\n|t:|1682365030\n|move|p2b: Flutter Mane|Protect|p2b: Flutter Mane\n|-singleturn|p2b: Flutter Mane|Protect\n|move|p1a: Iron Bundle|Encore|p2b: Flutter Mane\n|-activate|p2b: Flutter Mane|move: Protect\n|move|p1b: Corviknight|Iron Head|p2b: Flutter Mane\n|-activate|p2b: Flutter Mane|move: Protect\n|\n|-sideend|p1: spectacled eider|move: Tailwind\n|upkeep\n|turn|7\n|\n|t:|1682365037\n|move|p1a: Iron Bundle|Encore|p2b: Flutter Mane\n|-start|p2b: Flutter Mane|Encore\n|move|p2b: Flutter Mane|Protect||[still]\n|-fail|p2b: Flutter Mane\n|move|p1b: Corviknight|Iron Head|p2b: Flutter Mane\n|-supereffective|p2b: Flutter Mane\n|-end|p2b: Flutter Mane|Substitute\n|\n|upkeep\n|turn|8\n|c|\u2606Camitest|gg\n|\n|t:|1682365045\n|move|p2b: Flutter Mane|Protect|p2b: Flutter Mane\n|-singleturn|p2b: Flutter Mane|Protect\n|move|p1a: Iron Bundle|Freeze-Dry|p2b: Flutter Mane\n|-activate|p2b: Flutter Mane|move: Protect\n|move|p1b: Corviknight|Tailwind|p1b: Corviknight\n|-sidestart|p1: spectacled eider|move: Tailwind\n|\n|upkeep\n|turn|9\n|\n|t:|1682365049\n|move|p2b: Flutter Mane|Protect||[still]\n|-fail|p2b: Flutter Mane\n|move|p1a: Iron Bundle|Freeze-Dry|p2b: Flutter Mane\n|-damage|p2b: Flutter Mane|51\/100\n|move|p1b: Corviknight|Iron Head|p2b: Flutter Mane\n|-supereffective|p2b: Flutter Mane\n|-damage|p2b: Flutter Mane|0 fnt\n|faint|p2b: Flutter Mane\n|-end|p2b: Flutter Mane|Protosynthesis|[silent]\n|\n|win|spectacled eider\n|n|\u2606spectacled eider|spectacledeider\n|n|\u2606Camitest|camitest\n|n| london13|london13\n|n| stinkypoops|stinkypoops\n","uploadtime":1682365050,"views":13,"p1id":"spectacledeider","p2id":"camitest","formatid":"gen9vgc2023regulationc","rating":0,"private":0,"password":""}