{"id":"gen9vgc2023regulationc-1864255825","p1":"alex37","p2":"Paghy\u262f\ufe0f","format":"[Gen 9] VGC 2023 Regulation C","log":"|j|\u2606alex37\n|j|\u2606Paghy\u262f\ufe0f\n|t:|1684145543\n|gametype|doubles\n|player|p1|alex37|2|\n|player|p2|Paghy\u262f\ufe0f|dawn|\n|teamsize|p1|6\n|teamsize|p2|6\n|gen|9\n|tier|[Gen 9] VGC 2023 Regulation C\n|rule|Species Clause: Limit one of each Pok\u00e9mon\n|rule|Item Clause: Limit one of each item\n|clearpoke\n|poke|p1|Baxcalibur, L50, F|\n|poke|p1|Amoonguss, L50, F|\n|poke|p1|Iron Hands, L50|\n|poke|p1|Palafin, L50, M|\n|poke|p1|Arcanine, L50, M|\n|poke|p1|Flutter Mane, L50|\n|poke|p2|Tatsugiri, L50, F|\n|poke|p2|Dondozo, L50, F|\n|poke|p2|Glimmora, L50, F|\n|poke|p2|Flutter Mane, L50|\n|poke|p2|Chi-Yu, L50|\n|poke|p2|Iron Bundle, L50|\n|teampreview|4\nPaghy\u262f\ufe0f has agreed to open team sheets.\nalex37 has agreed to open team sheets.\n|c|\u2606Paghy\u262f\ufe0f|g1\n|c|\u2606Paghy\u262f\ufe0f|hf bro\n|c|\u2606alex37|u2\n|j| theauralcigarettes\n|\n|t:|1684145649\n|start\n|switch|p1a: Baxcalibur|Baxcalibur, L50, F|100\/100\n|switch|p1b: Flutter Mane|Flutter Mane, L50|100\/100\n|switch|p2a: Iron Bundle|Iron Bundle, L50, shiny|100\/100\n|switch|p2b: Chi-Yu|Chi-Yu, L50|100\/100\n|-ability|p2b: Chi-Yu|Beads of Ruin\n|-enditem|p2a: Iron Bundle|Booster Energy\n|-activate|p2a: Iron Bundle|ability: Quark Drive|[fromitem]\n|-start|p2a: Iron Bundle|quarkdrivespe\n|turn|1\n|j| SvenVGC\n|\n|t:|1684145702\n|-end|p1b: Flutter Mane|Protosynthesis|[silent]\n|switch|p1b: Iron Hands|Iron Hands, L50|100\/100\n|move|p2a: Iron Bundle|Protect|p2a: Iron Bundle\n|-singleturn|p2a: Iron Bundle|Protect\n|move|p2b: Chi-Yu|Heat Wave|p1a: Baxcalibur|[spread] p1a,p1b\n|-damage|p1a: Baxcalibur|54\/100\n|-damage|p1b: Iron Hands|74\/100\n|-ability|p1a: Baxcalibur|Thermal Exchange|boost\n|-boost|p1a: Baxcalibur|atk|1\n|move|p1a: Baxcalibur|Glaive Rush|p2b: Chi-Yu\n|-enditem|p2b: Chi-Yu|Focus Sash\n|-damage|p2b: Chi-Yu|1\/100\n|-singlemove|p1a: Baxcalibur|Glaive Rush|[silent]\n|\n|upkeep\n|turn|2\n|j| Bertigo\n|j| tyo\n|\n|t:|1684145766\n|switch|p2b: Dondozo|Dondozo, L50, F, shiny|100\/100\n|move|p2a: Iron Bundle|Protect||[still]\n|-fail|p2a: Iron Bundle\n|move|p1a: Baxcalibur|Ice Shard|p2b: Dondozo\n|-resisted|p2b: Dondozo\n|-damage|p2b: Dondozo|89\/100\n|move|p1b: Iron Hands|Volt Switch|p2a: Iron Bundle\n|-supereffective|p2a: Iron Bundle\n|-damage|p2a: Iron Bundle|49\/100\n|\n|t:|1684145785\n|-end|p1b: Iron Hands|Quark Drive|[silent]\n|switch|p1b: Amoonguss|Amoonguss, L50, F|100\/100|[from] Volt Switch\n|\n|-heal|p2b: Dondozo|95\/100|[from] item: Leftovers\n|upkeep\n|turn|3\n|\n|t:|1684145817\n|switch|p2b: Chi-Yu|Chi-Yu, L50|1\/100\n|-ability|p2b: Chi-Yu|Beads of Ruin\n|-terastallize|p2a: Iron Bundle|Ice\n|move|p1a: Baxcalibur|Protect|p1a: Baxcalibur\n|-singleturn|p1a: Baxcalibur|Protect\n|move|p2a: Iron Bundle|Freeze-Dry|p1a: Baxcalibur\n|-activate|p1a: Baxcalibur|move: Protect\n|move|p1b: Amoonguss|Spore|p2a: Iron Bundle\n|-status|p2a: Iron Bundle|slp|[from] move: Spore\n|\n|upkeep\n|turn|4\n|c|\u2606Paghy\u262f\ufe0f|wp\n|\n|t:|1684145873\n|move|p2b: Chi-Yu|Protect|p2b: Chi-Yu\n|-singleturn|p2b: Chi-Yu|Protect\n|move|p1a: Baxcalibur|Ice Shard|p2b: Chi-Yu\n|-activate|p2b: Chi-Yu|move: Protect\n|cant|p2a: Iron Bundle|slp\n|move|p1b: Amoonguss|Pollen Puff|p1a: Baxcalibur\n|-heal|p1a: Baxcalibur|100\/100\n|\n|upkeep\n|turn|5\n|\n|t:|1684145886\n|switch|p2b: Dondozo|Dondozo, L50, F, shiny|95\/100\n|move|p1a: Baxcalibur|Ice Shard|p2b: Dondozo\n|-resisted|p2b: Dondozo\n|-damage|p2b: Dondozo|81\/100\n|-curestatus|p2a: Iron Bundle|slp|[msg]\n|move|p2a: Iron Bundle|Freeze-Dry|p1b: Amoonguss\n|-supereffective|p1b: Amoonguss\n|-damage|p1b: Amoonguss|19\/100\n|-enditem|p1b: Amoonguss|Sitrus Berry|[eat]\n|-heal|p1b: Amoonguss|44\/100|[from] item: Sitrus Berry\n|move|p1b: Amoonguss|Pollen Puff|p2a: Iron Bundle\n|-damage|p2a: Iron Bundle|9\/100\n|\n|-heal|p2b: Dondozo|87\/100|[from] item: Leftovers\n|upkeep\n|turn|6\n|\n|t:|1684145922\n|-end|p2a: Iron Bundle|Quark Drive|[silent]\n|switch|p2a: Kaya22|Tatsugiri, L50, F, shiny|100\/100\n|-activate|p2a: Kaya22|ability: Commander|[of] p2b: Dondozo\n|-boost|p2b: Dondozo|atk|2\n|-boost|p2b: Dondozo|spa|2\n|-boost|p2b: Dondozo|spe|2\n|-boost|p2b: Dondozo|def|2\n|-boost|p2b: Dondozo|spd|2\n|move|p1a: Baxcalibur|Ice Shard|p2a: Kaya22|[miss]\n|-miss|p1a: Baxcalibur|p2a: Kaya22\n|move|p2b: Dondozo|Rock Slide|p1a: Baxcalibur|[spread] p1a\n|-miss|p2b: Dondozo|p1b: Amoonguss\n|-supereffective|p1a: Baxcalibur\n|-damage|p1a: Baxcalibur|39\/100\n|move|p1b: Amoonguss|Spore|p2b: Dondozo\n|-status|p2b: Dondozo|slp|[from] move: Spore\n|\n|-heal|p2b: Dondozo|93\/100 slp|[from] item: Leftovers\n|upkeep\n|turn|7\n|\n|t:|1684145947\n|cant|p2b: Dondozo|slp\n|move|p1a: Baxcalibur|Glaive Rush|p2b: Dondozo\n|-damage|p2b: Dondozo|58\/100 slp\n|-singlemove|p1a: Baxcalibur|Glaive Rush|[silent]\n|move|p1b: Amoonguss|Clear Smog|p2b: Dondozo\n|-crit|p2b: Dondozo\n|-damage|p2b: Dondozo|35\/100 slp\n|-clearboost|p2b: Dondozo\n|\n|-heal|p2b: Dondozo|42\/100 slp|[from] item: Leftovers\n|upkeep\n|turn|8\n|j| PoppinParty Kasumi\n|\n|t:|1684146016\n|switch|p1b: Iron Hands|Iron Hands, L50|74\/100\n|move|p1a: Baxcalibur|Protect|p1a: Baxcalibur\n|-singleturn|p1a: Baxcalibur|Protect\n|-curestatus|p2b: Dondozo|slp|[msg]\n|move|p2b: Dondozo|Wave Crash|p1b: Iron Hands\n|-damage|p1b: Iron Hands|39\/100\n|-damage|p2b: Dondozo|29\/100|[from] Recoil\n|\n|-heal|p2b: Dondozo|35\/100|[from] item: Leftovers\n|upkeep\n|turn|9\n|j| SteelPupa\n|\n|t:|1684146070\n|move|p1a: Baxcalibur|Glaive Rush|p2b: Dondozo\n|-damage|p2b: Dondozo|0 fnt\n|-singlemove|p1a: Baxcalibur|Glaive Rush|[silent]\n|faint|p2b: Dondozo\n|move|p1b: Iron Hands|Drain Punch|p2a: Kaya22\n|-damage|p2a: Kaya22|27\/100\n|-heal|p1b: Iron Hands|60\/100|[from] drain|[of] p2a: Kaya22\n|\n|upkeep\n|\n|t:|1684146080\n|switch|p2b: Chi-Yu|Chi-Yu, L50|1\/100\n|-ability|p2b: Chi-Yu|Beads of Ruin\n|turn|10\n|\n|t:|1684146120\n|move|p1a: Baxcalibur|Ice Shard|p2a: Kaya22\n|-damage|p2a: Kaya22|0 fnt\n|faint|p2a: Kaya22\n|move|p2b: Chi-Yu|Heat Wave|p1b: Iron Hands|[spread] p1b\n|-miss|p2b: Chi-Yu|p1a: Baxcalibur\n|-damage|p1b: Iron Hands|36\/100\n|move|p1b: Iron Hands|Volt Switch|p2b: Chi-Yu\n|-damage|p2b: Chi-Yu|0 fnt\n|faint|p2b: Chi-Yu\n|-message|Paghy\u262f\ufe0f forfeited.\n|\n|win|alex37\n|c|\u2606alex37|gg\n|l| SteelPupa\n|l| PoppinParty Kasumi\n|l| Bertigo\n|l| SvenVGC\n|j| SvenVGC\n|j| Star Rail\n|l|\u2606Paghy\u262f\ufe0f\n|l| Star Rail\n|l| SvenVGC\n|l| tyo\n|l| theauralcigarettes\n|j| NJ11VGC\n|l| NJ11VGC\n","uploadtime":1684146129,"views":45,"p1id":"alex37","p2id":"paghy","formatid":"gen9vgc2023regulationc","rating":0,"private":0,"password":""}