{"id":"gen9vgc2023regulationc-1848848955","p1":"Kiriziaro","p2":"doodle33","format":"[Gen 9] VGC 2023 Regulation C","log":"|j|\u2606Kiriziaro\n|j|\u2606doodle33\n|t:|1682117205\n|gametype|doubles\n|player|p1|Kiriziaro|lance|1000\n|player|p2|doodle33|169|1032\n|teamsize|p1|6\n|teamsize|p2|6\n|gen|9\n|tier|[Gen 9] VGC 2023 Regulation C\n|rated|\n|rule|Species Clause: Limit one of each Pok\u00e9mon\n|rule|Item Clause: Limit one of each item\n|clearpoke\n|poke|p1|Dondozo, L50, F|\n|poke|p1|Tatsugiri-Stretchy, L50, M|\n|poke|p1|Chi-Yu, L50|\n|poke|p1|Flutter Mane, L50|\n|poke|p1|Dragonite, L50, M|\n|poke|p1|Glimmora, L50, F|\n|poke|p2|Oranguru, L50, M|\n|poke|p2|Salamence, L50, M|\n|poke|p2|Baxcalibur, L50, M|\n|poke|p2|Murkrow, L50, M|\n|poke|p2|Grimmsnarl, L50, M|\n|poke|p2|Scizor, L50, F|\n|teampreview|4\n|inactive|Battle timer is ON: inactive players will automatically lose when time's up. (requested by doodle33)\n|\n|t:|1682117239\n|start\n|switch|p1a: Dondozo|Dondozo, L50, F|100\/100\n|switch|p1b: Glimmora|Glimmora, L50, F|100\/100\n|switch|p2a: Scizor|Scizor, L50, F|100\/100\n|switch|p2b: Murkrow|Murkrow, L50, M|100\/100\n|turn|1\n|\n|t:|1682117261\n|switch|p2b: Salamence|Salamence, L50, M|100\/100\n|-ability|p2b: Salamence|Intimidate|boost\n|-unboost|p1a: Dondozo|atk|1\n|-unboost|p1b: Glimmora|atk|1\n|move|p1b: Glimmora|Earth Power|p2a: Scizor\n|-damage|p2a: Scizor|59\/100\n|move|p2a: Scizor|Trailblaze|p1a: Dondozo\n|-supereffective|p1a: Dondozo\n|-damage|p1a: Dondozo|68\/100\n|-boost|p2a: Scizor|spe|1\n|move|p1a: Dondozo|Bulldoze|p2a: Scizor|[spread] p1b,p2a\n|-immune|p2b: Salamence\n|-supereffective|p1b: Glimmora\n|-damage|p1b: Glimmora|63\/100\n|-damage|p2a: Scizor|51\/100\n|-unboost|p1b: Glimmora|spe|1\n|-activate|p1b: Glimmora|ability: Toxic Debris\n|-sidestart|p2: doodle33|move: Toxic Spikes\n|\n|upkeep\n|turn|2\n|inactive|doodle33 has 30 seconds left.\n|inactive|Kiriziaro has 30 seconds left.\n|inactive|doodle33 has 20 seconds left.\n|\n|t:|1682117299\n|move|p1b: Glimmora|Spiky Shield|p1b: Glimmora\n|-singleturn|p1b: Glimmora|move: Protect\n|move|p2a: Scizor|Bullet Punch|p1b: Glimmora\n|-activate|p1b: Glimmora|move: Protect\n|-damage|p2a: Scizor|38\/100|[from] Spiky Shield|[of] p1b: Glimmora\n|move|p2b: Salamence|Earthquake|p1b: Glimmora|[spread] p2a,p1a\n|-activate|p1b: Glimmora|move: Protect\n|-damage|p2a: Scizor|7\/100\n|-damage|p1a: Dondozo|52\/100\n|move|p1a: Dondozo|Yawn|p2b: Salamence\n|-start|p2b: Salamence|move: Yawn|[of] p1a: Dondozo\n|\n|upkeep\n|turn|3\n|\n|t:|1682117323\n|switch|p2b: Murkrow|Murkrow, L50, M|100\/100\n|move|p1a: Dondozo|Protect|p1a: Dondozo\n|-singleturn|p1a: Dondozo|Protect\n|move|p2a: Scizor|Trailblaze|p1a: Dondozo\n|-activate|p1a: Dondozo|move: Protect\n|move|p1b: Glimmora|Power Gem|p2b: Murkrow\n|-supereffective|p2b: Murkrow\n|-damage|p2b: Murkrow|35\/100\n|\n|upkeep\n|turn|4\n|\n|t:|1682117340\n|move|p2a: Scizor|Bullet Punch|p1b: Glimmora\n|-supereffective|p1b: Glimmora\n|-damage|p1b: Glimmora|0 fnt\n|-activate|p1b: Glimmora|ability: Toxic Debris\n|-sidestart|p2: doodle33|move: Toxic Spikes\n|faint|p1b: Glimmora\n|move|p2b: Murkrow|Feather Dance|p1a: Dondozo\n|-unboost|p1a: Dondozo|atk|2\n|move|p1a: Dondozo|Yawn|p2b: Murkrow\n|-start|p2b: Murkrow|move: Yawn|[of] p1a: Dondozo\n|\n|upkeep\n|\n|t:|1682117354\n|switch|p1b: Flutter Mane|Flutter Mane, L50|100\/100\n|-enditem|p1b: Flutter Mane|Booster Energy\n|-activate|p1b: Flutter Mane|ability: Protosynthesis|[fromitem]\n|-start|p1b: Flutter Mane|protosynthesisspe\n|turn|5\n|\n|t:|1682117368\n|switch|p2b: Salamence|Salamence, L50, M|100\/100\n|-ability|p2b: Salamence|Intimidate|boost\n|-unboost|p1a: Dondozo|atk|1\n|-unboost|p1b: Flutter Mane|atk|1\n|move|p1b: Flutter Mane|Protect|p1b: Flutter Mane\n|-singleturn|p1b: Flutter Mane|Protect\n|move|p2a: Scizor|Bullet Punch|p1b: Flutter Mane\n|-activate|p1b: Flutter Mane|move: Protect\n|move|p1a: Dondozo|Wave Crash|p2a: Scizor\n|-damage|p2a: Scizor|0 fnt\n|faint|p2a: Scizor\n|-damage|p1a: Dondozo|51\/100|[from] Recoil\n|\n|upkeep\n|\n|t:|1682117385\n|switch|p2a: Murkrow|Murkrow, L50, M|35\/100\n|turn|6\n|\n|t:|1682117395\n|-terastallize|p1b: Flutter Mane|Steel\n|-terastallize|p2b: Salamence|Steel\n|move|p2a: Murkrow|Tailwind|p2a: Murkrow\n|-sidestart|p2: doodle33|move: Tailwind\n|move|p2b: Salamence|Iron Head|p1b: Flutter Mane\n|-resisted|p1b: Flutter Mane\n|-damage|p1b: Flutter Mane|60\/100\n|move|p1b: Flutter Mane|Substitute|p1b: Flutter Mane\n|-start|p1b: Flutter Mane|Substitute\n|-damage|p1b: Flutter Mane|35\/100\n|move|p1a: Dondozo|Yawn|p2b: Salamence\n|-start|p2b: Salamence|move: Yawn|[of] p1a: Dondozo\n|\n|upkeep\n|turn|7\n|inactive|doodle33 has 30 seconds left.\n|\n|t:|1682117426\n|move|p1b: Flutter Mane|Protect|p1b: Flutter Mane\n|-singleturn|p1b: Flutter Mane|Protect\n|move|p2b: Salamence|Earthquake|p1a: Dondozo|[spread] p1a\n|-activate|p1b: Flutter Mane|move: Protect\n|-immune|p2a: Murkrow\n|-damage|p1a: Dondozo|35\/100\n|-enditem|p1a: Dondozo|Sitrus Berry|[eat]\n|-heal|p1a: Dondozo|60\/100|[from] item: Sitrus Berry\n|move|p2a: Murkrow|Foul Play|p1a: Dondozo\n|-damage|p1a: Dondozo|40\/100\n|move|p1a: Dondozo|Bulldoze|p2a: Murkrow|[spread] p2b\n|-activate|p1b: Flutter Mane|move: Protect\n|-immune|p2a: Murkrow\n|-supereffective|p2b: Salamence\n|-damage|p2b: Salamence|92\/100\n|-unboost|p2b: Salamence|spe|1\n|\n|-end|p2b: Salamence|move: Yawn|[silent]\n|-status|p2b: Salamence|slp\n|upkeep\n|turn|8\n|\n|t:|1682117451\n|move|p1b: Flutter Mane|Hex|p2b: Salamence\n|-damage|p2b: Salamence|11\/100 slp\n|move|p2a: Murkrow|Foul Play|p1a: Dondozo\n|-damage|p1a: Dondozo|17\/100\n|cant|p2b: Salamence|slp\n|move|p1a: Dondozo|Wave Crash|p2a: Murkrow\n|-damage|p2a: Murkrow|16\/100\n|-damage|p1a: Dondozo|13\/100|[from] Recoil\n|\n|upkeep\n|turn|9\n|\n|t:|1682117470\n|move|p1b: Flutter Mane|Hex|p2b: Salamence\n|-damage|p2b: Salamence|0 fnt\n|faint|p2b: Salamence\n|move|p2a: Murkrow|Foul Play|p1a: Dondozo\n|-damage|p1a: Dondozo|0 fnt\n|faint|p1a: Dondozo\n|\n|-sideend|p2: doodle33|move: Tailwind\n|upkeep\n|\n|t:|1682117479\n|switch|p2b: Baxcalibur|Baxcalibur, L50, M|100\/100\n|switch|p1a: Chi-Yu|Chi-Yu, L50|100\/100\n|-ability|p1a: Chi-Yu|Beads of Ruin\n|-status|p2b: Baxcalibur|tox\n|turn|10\n|\n|t:|1682117495\n|move|p2a: Murkrow|Tailwind|p2a: Murkrow\n|-sidestart|p2: doodle33|move: Tailwind\n|move|p1b: Flutter Mane|Moonblast|p2b: Baxcalibur\n|-supereffective|p2b: Baxcalibur\n|-damage|p2b: Baxcalibur|0 fnt\n|faint|p2b: Baxcalibur\n|move|p1a: Chi-Yu|Dark Pulse|p2a: Murkrow\n|-resisted|p2a: Murkrow\n|-damage|p2a: Murkrow|0 fnt\n|faint|p2a: Murkrow\n|\n|win|Kiriziaro\n|raw|Kiriziaro's rating: 1000 → 1044<\/strong> (+44 for winning)\n|raw|doodle33's rating: 1032 → 1016<\/strong> (-16 for losing)\n|l|\u2606doodle33\n","uploadtime":1682117506,"views":7,"p1id":"kiriziaro","p2id":"doodle33","formatid":"gen9vgc2023regulationc","rating":1016,"private":0,"password":""}