{"id":"gen9vgc2023regulationc-1848756339","p1":"Etyrnity","p2":"Sprye0216","format":"[Gen 9] VGC 2023 Regulation C","log":"|j|\u2606Etyrnity\n|j|\u2606Sprye0216\n|t:|1682107260\n|gametype|doubles\n|player|p1|Etyrnity|169|1062\n|player|p2|Sprye0216|skyla|1138\n|teamsize|p1|6\n|teamsize|p2|6\n|gen|9\n|tier|[Gen 9] VGC 2023 Regulation C\n|rated|\n|rule|Species Clause: Limit one of each Pok\u00e9mon\n|rule|Item Clause: Limit one of each item\n|clearpoke\n|poke|p1|Pelipper, L50, M|\n|poke|p1|Lumineon, L50, M|\n|poke|p1|Breloom, L50, M|\n|poke|p1|Amoonguss, L50, F|\n|poke|p1|Rotom-Heat, L50|\n|poke|p1|Dragonite, L50, F|\n|poke|p2|Amoonguss, L50, M|\n|poke|p2|Gyarados, L50, M|\n|poke|p2|Talonflame, L50, M|\n|poke|p2|Garchomp, L50, M|\n|poke|p2|Flutter Mane, L50|\n|poke|p2|Ting-Lu, L50|\n|teampreview|4\nEtyrnity has agreed to open team sheets.\nSprye0216 has agreed to open team sheets.\n|\n|t:|1682107332\n|start\n|switch|p1a: Pelipper|Pelipper, L50, M|100\/100\n|switch|p1b: Lumineon|Lumineon, L50, M|100\/100\n|switch|p2a: Talonflame|Talonflame, L50, M|100\/100\n|switch|p2b: Gyarados|Gyarados, L50, M|100\/100\n|-ability|p2b: Gyarados|Intimidate|boost\n|-unboost|p1a: Pelipper|atk|1\n|-unboost|p1b: Lumineon|atk|1\n|-weather|RainDance|[from] ability: Drizzle|[of] p1a: Pelipper\n|turn|1\n|\n|t:|1682107357\n|move|p2a: Talonflame|Tailwind|p2a: Talonflame\n|-sidestart|p2: Sprye0216|move: Tailwind\n|move|p1b: Lumineon|Icy Wind|p2a: Talonflame|[spread] p2a,p2b\n|-damage|p2a: Talonflame|91\/100\n|-damage|p2b: Gyarados|92\/100\n|-unboost|p2a: Talonflame|spe|1\n|move|p2b: Gyarados|Waterfall|p1a: Pelipper\n|-resisted|p1a: Pelipper\n|-damage|p1a: Pelipper|77\/100\n|move|p1a: Pelipper|Hydro Pump|p2a: Talonflame\n|-supereffective|p2a: Talonflame\n|-damage|p2a: Talonflame|0 fnt\n|faint|p2a: Talonflame\n|\n|-weather|RainDance|[upkeep]\n|upkeep\n|\n|t:|1682107372\n|switch|p2a: Garchomp|Garchomp, L50, M|100\/100\n|turn|2\n|\n|t:|1682107391\n|switch|p1a: Rotom|Rotom-Heat, L50|100\/100\n|move|p1b: Lumineon|Protect|p1b: Lumineon\n|-singleturn|p1b: Lumineon|Protect\n|move|p2a: Garchomp|Rock Slide|p1a: Rotom|[spread] p1a\n|-activate|p1b: Lumineon|move: Protect\n|-supereffective|p1a: Rotom\n|-damage|p1a: Rotom|30\/100\n|-damage|p2a: Garchomp|91\/100|[from] item: Life Orb\n|move|p2b: Gyarados|Dragon Dance|p2b: Gyarados\n|-boost|p2b: Gyarados|atk|1\n|-boost|p2b: Gyarados|spe|1\n|\n|-weather|RainDance|[upkeep]\n|upkeep\n|turn|3\n|\n|t:|1682107425\n|-terastallize|p2b: Gyarados|Flying\n|move|p2b: Gyarados|Tera Blast|p1b: Lumineon\n|-enditem|p1b: Lumineon|Focus Sash\n|-damage|p1b: Lumineon|1\/100\n|move|p2a: Garchomp|Rock Slide|p1b: Lumineon|[spread] p1a,p1b\n|-supereffective|p1a: Rotom\n|-damage|p1a: Rotom|0 fnt\n|-damage|p1b: Lumineon|0 fnt\n|faint|p1a: Rotom\n|faint|p1b: Lumineon\n|-damage|p2a: Garchomp|81\/100|[from] item: Life Orb\n|\n|-weather|RainDance|[upkeep]\n|upkeep\n|\n|t:|1682107440\n|switch|p1b: Pelipper|Pelipper, L50, M|77\/100\n|switch|p1a: Breloom|Breloom, L50, M|100\/100\n|turn|4\n|\n|t:|1682107469\n|-terastallize|p1a: Breloom|Ground\n|move|p2b: Gyarados|Tera Blast|p1a: Breloom\n|-damage|p1a: Breloom|0 fnt\n|faint|p1a: Breloom\n|move|p2a: Garchomp|Rock Slide|p1b: Pelipper\n|-supereffective|p1b: Pelipper\n|-damage|p1b: Pelipper|27\/100\n|-damage|p2a: Garchomp|71\/100|[from] item: Life Orb\n|move|p1b: Pelipper|Hydro Pump|p2b: Gyarados|[miss]\n|-miss|p1b: Pelipper|p2b: Gyarados\n|\n|-weather|RainDance|[upkeep]\n|-sideend|p2: Sprye0216|move: Tailwind\n|upkeep\n|turn|5\n|-message|Etyrnity forfeited.\n|\n|win|Sprye0216\n|raw|Etyrnity's rating: 1062 → 1047<\/strong> (-15 for losing)\n|raw|Sprye0216's rating: 1138 → 1158<\/strong> (+20 for winning)\n|l|\u2606Etyrnity\n","uploadtime":1682107483,"views":16,"p1id":"etyrnity","p2id":"sprye0216","formatid":"gen9vgc2023regulationc","rating":1047,"private":0,"password":""}