{"id":"gen9vgc2023regulationc-1848126186","p1":"tatsugirl i~","p2":"Radio Free C-Side","format":"[Gen 9] VGC 2023 Regulation C","log":"|j|\u2606tatsugirl i~\n|j|\u2606Radio Free C-Side\n|t:|1682032734\n|gametype|doubles\n|player|p1|tatsugirl i~|may-masters|\n|player|p2|Radio Free C-Side|steven|\n|teamsize|p1|6\n|teamsize|p2|6\n|gen|9\n|tier|[Gen 9] VGC 2023 Regulation C\n|rated|Tournament battle\n|rule|Species Clause: Limit one of each Pok\u00e9mon\n|rule|Item Clause: Limit one of each item\n|clearpoke\n|poke|p1|Kingambit, L50, M|\n|poke|p1|Gyarados, L50, M|\n|poke|p1|Dragapult, L50, M|\n|poke|p1|Flutter Mane, L50|\n|poke|p1|Chi-Yu, L50|\n|poke|p1|Dachsbun, L50, F|\n|poke|p2|Mimikyu, L50, F|\n|poke|p2|Iron Hands, L50|\n|poke|p2|Chien-Pao, L50|\n|poke|p2|Dragonite, L50, M|\n|poke|p2|Volcarona, L50, M|\n|poke|p2|Garganacl, L50, F|\n|teampreview|4\nRadio Free C-Side has agreed to open team sheets.\ntatsugirl i~ has agreed to open team sheets.\n|inactive|Battle timer is ON: inactive players will automatically lose when time's up. (requested by Radio Free C-Side)\n|c|\u2606Radio Free C-Side|glhf\n|j|%Borghi\n|j| xerntest\n|c|\u2606tatsugirl i~|gl hf\n|j| chicagolocaltop16\n|inactive|tatsugirl i~ has 60 seconds left.\n|inactive|Radio Free C-Side has 60 seconds left.\n|\n|t:|1682032785\n|start\n|switch|p1a: Dragapult|Dragapult, L50, M|100\/100\n|switch|p1b: Flutter Mane|Flutter Mane, L50|100\/100\n|switch|p2a: Chien-Pao|Chien-Pao, L50|100\/100\n|switch|p2b: Volcarona|Volcarona, L50, M|100\/100\n|-ability|p2a: Chien-Pao|Sword of Ruin\n|-enditem|p1b: Flutter Mane|Booster Energy\n|-activate|p1b: Flutter Mane|ability: Protosynthesis|[fromitem]\n|-start|p1b: Flutter Mane|protosynthesisspe\n|turn|1\n|inactive|tatsugirl i~ has 30 seconds left.\n|inactive|tatsugirl i~ has 20 seconds left.\n|\n|t:|1682032824\n|-terastallize|p1a: Dragapult|Steel\n|move|p1b: Flutter Mane|Dazzling Gleam|p2b: Volcarona|[spread] p2a,p2b\n|-supereffective|p2a: Chien-Pao\n|-resisted|p2b: Volcarona\n|-damage|p2a: Chien-Pao|2\/100\n|-damage|p2b: Volcarona|84\/100\n|move|p1a: Dragapult|Phantom Force||[still]\n|-prepare|p1a: Dragapult|Phantom Force\n|move|p2a: Chien-Pao|Ice Spinner|p1b: Flutter Mane\n|-damage|p1b: Flutter Mane|0 fnt\n|faint|p1b: Flutter Mane\n|-end|p1b: Flutter Mane|Protosynthesis|[silent]\n|move|p2b: Volcarona|Quiver Dance|p2b: Volcarona\n|-boost|p2b: Volcarona|spa|1\n|-boost|p2b: Volcarona|spd|1\n|-boost|p2b: Volcarona|spe|1\n|\n|upkeep\n|\n|t:|1682032835\n|switch|p1b: Chi-Yu|Chi-Yu, L50|100\/100\n|-ability|p1b: Chi-Yu|Beads of Ruin\n|turn|2\n|\n|t:|1682032847\n|move|p1b: Chi-Yu|Protect|p1b: Chi-Yu\n|-singleturn|p1b: Chi-Yu|Protect\n|move|p2b: Volcarona|Fiery Dance|p1a: Dragapult|[miss]\n|-miss|p2b: Volcarona|p1a: Dragapult\n|move|p1a: Dragapult|Phantom Force|p2b: Volcarona|[from]lockedmove\n|-damage|p2b: Volcarona|0 fnt\n|-damage|p1a: Dragapult|84\/100|[from] item: Rocky Helmet|[of] p2b: Volcarona\n|faint|p2b: Volcarona\n|-damage|p1a: Dragapult|74\/100|[from] item: Life Orb\n|move|p2a: Chien-Pao|Sacred Sword|p1b: Chi-Yu\n|-activate|p1b: Chi-Yu|move: Protect\n|\n|upkeep\n|\n|t:|1682032857\n|switch|p2b: Garganacl|Garganacl, L50, F|100\/100\n|turn|3\n|\n|t:|1682032871\n|switch|p1b: Dachsbun|Dachsbun, L50, F|100\/100\n|move|p1a: Dragapult|Will-O-Wisp|p2a: Chien-Pao\n|-status|p2a: Chien-Pao|brn\n|move|p2a: Chien-Pao|Sacred Sword|p1b: Dachsbun\n|-resisted|p1b: Dachsbun\n|-damage|p1b: Dachsbun|92\/100\n|move|p2b: Garganacl|Salt Cure|p1b: Dachsbun\n|-damage|p1b: Dachsbun|79\/100\n|-start|p1b: Dachsbun|Salt Cure\n|\n|-heal|p1b: Dachsbun|85\/100|[from] item: Leftovers\n|-damage|p2a: Chien-Pao|0 fnt|[from] brn\n|faint|p2a: Chien-Pao\n|-damage|p1b: Dachsbun|72\/100|[from] Salt Cure\n|upkeep\n|\n|t:|1682032877\n|switch|p2a: Dragonite|Dragonite, L50, M|100\/100\n|turn|4\n|\n|t:|1682032887\n|switch|p1b: Chi-Yu|Chi-Yu, L50|100\/100\n|-ability|p1b: Chi-Yu|Beads of Ruin\n|-terastallize|p2b: Garganacl|Ghost\n|move|p1a: Dragapult|Will-O-Wisp|p2a: Dragonite\n|-status|p2a: Dragonite|brn\n|move|p2a: Dragonite|Earthquake|p1a: Dragapult|[spread] p2b,p1a,p1b\n|-supereffective|p1a: Dragapult\n|-supereffective|p1b: Chi-Yu\n|-damage|p2b: Garganacl|89\/100\n|-damage|p1a: Dragapult|18\/100\n|-damage|p1b: Chi-Yu|56\/100\n|move|p2b: Garganacl|Salt Cure|p1a: Dragapult\n|-resisted|p1a: Dragapult\n|-crit|p1a: Dragapult\n|-damage|p1a: Dragapult|5\/100\n|-start|p1a: Dragapult|Salt Cure\n|\n|-heal|p2b: Garganacl|95\/100|[from] item: Leftovers\n|-damage|p2a: Dragonite|94\/100 brn|[from] brn\n|-damage|p1a: Dragapult|0 fnt|[from] Salt Cure\n|faint|p1a: Dragapult\n|upkeep\n|\n|t:|1682032901\n|switch|p1a: Dachsbun|Dachsbun, L50, F|72\/100\n|turn|5\n|\n|t:|1682032912\n|move|p1b: Chi-Yu|Protect|p1b: Chi-Yu\n|-singleturn|p1b: Chi-Yu|Protect\n|move|p2a: Dragonite|Earthquake|p1a: Dachsbun|[spread] p2b,p1a\n|-activate|p1b: Chi-Yu|move: Protect\n|-damage|p2b: Garganacl|84\/100\n|-damage|p1a: Dachsbun|57\/100\n|move|p1a: Dachsbun|Yawn|p2b: Garganacl\n|-immune|p2b: Garganacl|[from] ability: Purifying Salt\n|move|p2b: Garganacl|Body Press|p1b: Chi-Yu\n|-activate|p1b: Chi-Yu|move: Protect\n|\n|-heal|p1a: Dachsbun|64\/100|[from] item: Leftovers\n|-heal|p2b: Garganacl|90\/100|[from] item: Leftovers\n|-damage|p2a: Dragonite|88\/100 brn|[from] brn\n|upkeep\n|turn|6\n|c|\u2606tatsugirl i~|rookie mistake smh\n|c|\u2606Radio Free C-Side|rough\n|\n|t:|1682032934\n|move|p2b: Garganacl|Protect|p2b: Garganacl\n|-singleturn|p2b: Garganacl|Protect\n|move|p1b: Chi-Yu|Dark Pulse|p2b: Garganacl\n|-activate|p2b: Garganacl|move: Protect\n|move|p2a: Dragonite|Earthquake|p1b: Chi-Yu|[spread] p1a,p1b\n|-activate|p2b: Garganacl|move: Protect\n|-supereffective|p1b: Chi-Yu\n|-crit|p1b: Chi-Yu\n|-damage|p1a: Dachsbun|47\/100\n|-damage|p1b: Chi-Yu|0 fnt\n|faint|p1b: Chi-Yu\n|move|p1a: Dachsbun|Play Rough|p2a: Dragonite\n|-supereffective|p2a: Dragonite\n|-damage|p2a: Dragonite|33\/100 brn\n|\n|-heal|p1a: Dachsbun|53\/100|[from] item: Leftovers\n|-heal|p2b: Garganacl|96\/100|[from] item: Leftovers\n|-damage|p2a: Dragonite|27\/100 brn|[from] brn\n|upkeep\n|turn|7\n|c|\u2606Radio Free C-Side|sorry for crit\n|\n|t:|1682032951\n|move|p2a: Dragonite|Earthquake|p1a: Dachsbun|[spread] p2b,p1a\n|-damage|p2b: Garganacl|85\/100\n|-damage|p1a: Dachsbun|37\/100\n|move|p1a: Dachsbun|Play Rough|p2a: Dragonite\n|-supereffective|p2a: Dragonite\n|-damage|p2a: Dragonite|0 fnt\n|faint|p2a: Dragonite\n|move|p2b: Garganacl|Salt Cure|p1a: Dachsbun\n|-damage|p1a: Dachsbun|26\/100\n|-start|p1a: Dachsbun|Salt Cure\n|\n|-heal|p1a: Dachsbun|32\/100|[from] item: Leftovers\n|-heal|p2b: Garganacl|91\/100|[from] item: Leftovers\n|-damage|p1a: Dachsbun|20\/100|[from] Salt Cure\n|upkeep\n|turn|8\n|c|\u2606tatsugirl i~|its alright\n|\n|t:|1682032961\n|move|p2b: Garganacl|Protect|p2b: Garganacl\n|-singleturn|p2b: Garganacl|Protect\n|move|p1a: Dachsbun|Play Rough|p2b: Garganacl\n|-activate|p2b: Garganacl|move: Protect\n|\n|-heal|p1a: Dachsbun|26\/100|[from] item: Leftovers\n|-heal|p2b: Garganacl|97\/100|[from] item: Leftovers\n|-damage|p1a: Dachsbun|14\/100|[from] Salt Cure\n|upkeep\n|turn|9\n|c|\u2606tatsugirl i~|gg wp\n|c|\u2606Radio Free C-Side|gg\n|\n|t:|1682032967\n|move|p1a: Dachsbun|Play Rough|p2b: Garganacl\n|-damage|p2b: Garganacl|83\/100\n|-unboost|p2b: Garganacl|atk|1\n|move|p2b: Garganacl|Salt Cure|p1a: Dachsbun\n|-damage|p1a: Dachsbun|6\/100\n|\n|-heal|p1a: Dachsbun|12\/100|[from] item: Leftovers\n|-heal|p2b: Garganacl|89\/100|[from] item: Leftovers\n|-damage|p1a: Dachsbun|0 fnt|[from] Salt Cure\n|faint|p1a: Dachsbun\n|\n|win|Radio Free C-Side\n|upkeep\n|n|\u2606tatsugirl i~|tatsugirli\n|n|\u2606Radio Free C-Side|radiofreecside\n|n| Borghi|borghi\n|n| xerntest|xerntest\n|n| chicagolocaltop16|chicagolocaltop16\n","uploadtime":1682032968,"views":5,"p1id":"tatsugirli","p2id":"radiofreecside","formatid":"gen9vgc2023regulationc","rating":0,"private":0,"password":""}