{"id":"gen9vgc2023regulationc-1857004856","p1":"stefano927","p2":"sawadaburner","format":"[Gen 9] VGC 2023 Regulation C","log":"|j|\u2606stefano927\n|j|\u2606sawadaburner\n|t:|1683135779\n|gametype|doubles\n|player|p1|stefano927|265|1159\n|player|p2|sawadaburner|hilbert|1246\n|teamsize|p1|6\n|teamsize|p2|6\n|gen|9\n|tier|[Gen 9] VGC 2023 Regulation C\n|rated|\n|rule|Species Clause: Limit one of each Pok\u00e9mon\n|rule|Item Clause: Limit one of each item\n|clearpoke\n|poke|p1|Ting-Lu, L50|\n|poke|p1|Bronzong, L50|\n|poke|p1|Wo-Chien, L50|\n|poke|p1|Arcanine, L50, M|\n|poke|p1|Mimikyu, L50, F|\n|poke|p1|Garganacl, L50, M|\n|poke|p2|Glimmora, L50, F|\n|poke|p2|Garganacl, L50, F|\n|poke|p2|Great Tusk, L50|\n|poke|p2|Torkoal, L50, M|\n|poke|p2|Ting-Lu, L50|\n|poke|p2|Flutter Mane, L50|\n|teampreview|4\nstefano927 rejected open team sheets.\n|inactive|Battle timer is ON: inactive players will automatically lose when time's up. (requested by stefano927)\n|c|\u2606sawadaburner|Secondo me ti conveniva open sheet con quanto \u00e8 storto sto team\n|inactive|sawadaburner has 60 seconds left.\n|\n|t:|1683135826\n|start\n|switch|p1a: Bronzong|Bronzong, L50|100\/100\n|switch|p1b: Garganacl|Garganacl, L50, M|100\/100\n|switch|p2a: Torkoal|Torkoal, L50, M|100\/100\n|switch|p2b: Glimmora|Glimmora, L50, F, shiny|100\/100\n|-weather|SunnyDay|[from] ability: Drought|[of] p2a: Torkoal\n|turn|1\n|\n|t:|1683135845\n|-terastallize|p2b: Glimmora|Grass\n|move|p1b: Garganacl|Wide Guard|p1b: Garganacl\n|-singleturn|p1b: Garganacl|Wide Guard\n|move|p2b: Glimmora|Tera Blast|p1b: Garganacl\n|-supereffective|p1b: Garganacl\n|-damage|p1b: Garganacl|19\/100\n|move|p2a: Torkoal|Overheat|p1a: Bronzong\n|-supereffective|p1a: Bronzong\n|-damage|p1a: Bronzong|13\/100\n|-unboost|p2a: Torkoal|spa|2\n|-enditem|p2a: Torkoal|Eject Pack\n|\n|t:|1683135857\n|switch|p2a: Garganacl|Garganacl, L50, F|100\/100\n|move|p1a: Bronzong|Trick Room|p1a: Bronzong\n|-fieldstart|move: Trick Room|[of] p1a: Bronzong\n|\n|-weather|SunnyDay|[upkeep]\n|upkeep\n|turn|2\n|\n|t:|1683135876\n|move|p1a: Bronzong|Heavy Slam|p2a: Garganacl\n|-supereffective|p2a: Garganacl\n|-damage|p2a: Garganacl|85\/100\n|move|p2a: Garganacl|Salt Cure|p1a: Bronzong\n|-resisted|p1a: Bronzong\n|-damage|p1a: Bronzong|7\/100\n|-start|p1a: Bronzong|Salt Cure\n|move|p1b: Garganacl|Salt Cure|p2b: Glimmora\n|-damage|p2b: Glimmora|85\/100\n|-start|p2b: Glimmora|Salt Cure\n|-activate|p2b: Glimmora|ability: Toxic Debris\n|-sidestart|p1: stefano927|move: Toxic Spikes\n|move|p2b: Glimmora|Tera Blast|p1b: Garganacl\n|-supereffective|p1b: Garganacl\n|-damage|p1b: Garganacl|0 fnt\n|faint|p1b: Garganacl\n|\n|-weather|SunnyDay|[upkeep]\n|-heal|p2a: Garganacl|91\/100|[from] item: Leftovers\n|-damage|p1a: Bronzong|0 fnt|[from] Salt Cure\n|faint|p1a: Bronzong\n|-damage|p2b: Glimmora|73\/100|[from] Salt Cure\n|upkeep\n|\n|t:|1683135894\n|switch|p1a: Wo-Chien|Wo-Chien, L50|100\/100\n|switch|p1b: Mimikyu|Mimikyu, L50, F|100\/100\n|-status|p1a: Wo-Chien|psn\n|-ability|p1a: Wo-Chien|Tablets of Ruin\n|-status|p1b: Mimikyu|psn\n|turn|3\n|\n|t:|1683135913\n|switch|p2b: Torkoal|Torkoal, L50, M|100\/100\n|-terastallize|p1b: Mimikyu|Fighting\n|move|p2a: Garganacl|Protect|p2a: Garganacl\n|-singleturn|p2a: Garganacl|Protect\n|move|p1a: Wo-Chien|Leech Seed|p2a: Garganacl\n|-activate|p2a: Garganacl|move: Protect\n|move|p1b: Mimikyu|Tera Blast|p2b: Torkoal\n|-damage|p2b: Torkoal|81\/100\n|\n|-weather|SunnyDay|[upkeep]\n|-heal|p2a: Garganacl|97\/100|[from] item: Leftovers\n|-damage|p1a: Wo-Chien|88\/100 psn|[from] psn\n|-damage|p1b: Mimikyu|88\/100 psn|[from] psn\n|upkeep\n|turn|4\n|\n|t:|1683135934\n|move|p2b: Torkoal|Fire Spin|p1b: Mimikyu\n|-activate|p1b: Mimikyu|ability: Disguise\n|-damage|p1b: Mimikyu|88\/100 psn\n|-activate|p1b: Mimikyu|move: Fire Spin|[of] p2b: Torkoal\n|detailschange|p1b: Mimikyu|Mimikyu-Busted, L50, F, tera:Fighting\n|-damage|p1b: Mimikyu|76\/100 psn|[from] pokemon: Mimikyu-Busted\n|move|p2a: Garganacl|Salt Cure|p1a: Wo-Chien\n|-damage|p1a: Wo-Chien|78\/100 psn\n|-start|p1a: Wo-Chien|Salt Cure\n|move|p1a: Wo-Chien|Leech Seed|p2b: Torkoal\n|-start|p2b: Torkoal|move: Leech Seed\n|move|p1b: Mimikyu|Swords Dance|p1b: Mimikyu\n|-boost|p1b: Mimikyu|atk|2\n|\n|-weather|SunnyDay|[upkeep]\n|-heal|p2a: Garganacl|100\/100|[from] item: Leftovers\n|-heal|p1a: Wo-Chien|84\/100 psn|[from] item: Leftovers\n|-damage|p2b: Torkoal|69\/100|[from] Leech Seed|[of] p1a: Wo-Chien\n|-heal|p1a: Wo-Chien|96\/100 psn|[silent]\n|-damage|p1a: Wo-Chien|83\/100 psn|[from] psn\n|-damage|p1b: Mimikyu|63\/100 psn|[from] psn\n|-damage|p1a: Wo-Chien|71\/100 psn|[from] Salt Cure\n|-damage|p1b: Mimikyu|51\/100 psn|[from] move: Fire Spin|[partiallytrapped]\n|upkeep\n|turn|5\n|inactive|stefano927 has 30 seconds left.\n|inactive|sawadaburner has 30 seconds left.\n|\n|t:|1683135959\n|switch|p2b: Glimmora|Glimmora, L50, F, shiny, tera:Grass|73\/100\n|move|p1a: Wo-Chien|Protect|p1a: Wo-Chien\n|-singleturn|p1a: Wo-Chien|Protect\n|move|p2a: Garganacl|Salt Cure|p1b: Mimikyu\n|-resisted|p1b: Mimikyu\n|-damage|p1b: Mimikyu|44\/100 psn\n|-start|p1b: Mimikyu|Salt Cure\n|move|p1b: Mimikyu|Tera Blast|p2a: Garganacl\n|-supereffective|p2a: Garganacl\n|-damage|p2a: Garganacl|35\/100\n|\n|-weather|none\n|-heal|p2a: Garganacl|41\/100|[from] item: Leftovers\n|-heal|p1a: Wo-Chien|77\/100 psn|[from] item: Leftovers\n|-damage|p1a: Wo-Chien|65\/100 psn|[from] psn\n|-damage|p1b: Mimikyu|32\/100 psn|[from] psn\n|-damage|p1a: Wo-Chien|52\/100 psn|[from] Salt Cure\n|-end|p1b: Mimikyu|Fire Spin|[partiallytrapped]|[silent]\n|-damage|p1b: Mimikyu|20\/100 psn|[from] Salt Cure\n|-fieldend|move: Trick Room\n|upkeep\n|turn|6\n|inactive|sawadaburner has 30 seconds left.\n|\n|t:|1683135987\n|switch|p2b: Torkoal|Torkoal, L50, M|69\/100\n|-weather|SunnyDay|[from] ability: Drought|[of] p2b: Torkoal\n|move|p2a: Garganacl|Protect|p2a: Garganacl\n|-singleturn|p2a: Garganacl|Protect\n|move|p1b: Mimikyu|Tera Blast|p2a: Garganacl\n|-activate|p2a: Garganacl|move: Protect\n|move|p1a: Wo-Chien|Leech Seed|p2b: Torkoal\n|-start|p2b: Torkoal|move: Leech Seed\n|\n|-weather|SunnyDay|[upkeep]\n|-heal|p1a: Wo-Chien|58\/100 psn|[from] item: Leftovers\n|-heal|p2a: Garganacl|47\/100|[from] item: Leftovers\n|-damage|p2b: Torkoal|56\/100|[from] Leech Seed|[of] p1a: Wo-Chien\n|-heal|p1a: Wo-Chien|70\/100 psn|[silent]\n|-damage|p1b: Mimikyu|7\/100 psn|[from] psn\n|-damage|p1a: Wo-Chien|57\/100 psn|[from] psn\n|-damage|p1b: Mimikyu|0 fnt|[from] Salt Cure\n|faint|p1b: Mimikyu\n|-damage|p1a: Wo-Chien|45\/100 psn|[from] Salt Cure\n|upkeep\n|turn|7\n|-message|stefano927 forfeited.\n|\n|win|sawadaburner\n|raw|stefano927's rating: 1159 → 1140<\/strong> (-19 for losing)\n|raw|sawadaburner's rating: 1246 → 1265<\/strong> (+19 for winning)\n|l|\u2606stefano927\n|c|\u2606sawadaburner|Avevo detto io\n","uploadtime":1683136019,"views":14,"p1id":"stefano927","p2id":"sawadaburner","formatid":"gen9vgc2023regulationc","rating":1140,"private":0,"password":""}