{"id":"gen9vgc2023regulationc-1852572158","p1":"metaelder","p2":"Gutico","format":"[Gen 9] VGC 2023 Regulation C","log":"|j|\u2606metaelder\n|j|\u2606Gutico\n|t:|1682578398\n|gametype|doubles\n|player|p1|metaelder|1|1214\n|player|p2|Gutico|1|1182\n|teamsize|p1|6\n|teamsize|p2|6\n|gen|9\n|tier|[Gen 9] VGC 2023 Regulation C\n|rated|\n|rule|Species Clause: Limit one of each Pok\u00e9mon\n|rule|Item Clause: Limit one of each item\n|clearpoke\n|poke|p1|Gastrodon, L50, M|\n|poke|p1|Annihilape, L50, F|\n|poke|p1|Maushold, L50|\n|poke|p1|Hydreigon, L50, F|\n|poke|p1|Armarouge, L50, F|\n|poke|p1|Indeedee-F, L50, F|\n|poke|p2|Palafin, L50, F|\n|poke|p2|Arcanine, L50, F|\n|poke|p2|Amoonguss, L50, M|\n|poke|p2|Kingambit, L50, M|\n|poke|p2|Flutter Mane, L50|\n|poke|p2|Dragonite, L50, F|\n|teampreview|4\n|inactive|Battle timer is ON: inactive players will automatically lose when time's up. (requested by Gutico)\n|l|\u2606Gutico\n|inactive|Gutico disconnected and has a minute to reconnect!\n|player|p2|\n|j|\u2606Gutico\n|inactive|Gutico reconnected.\n|player|p2|Gutico|1\n|inactive|metaelder has 60 seconds left.\n|inactive|metaelder has 30 seconds left.\n|\n|t:|1682578481\n|start\n|switch|p1a: Hydreigon|Hydreigon, L50, F|100\/100\n|switch|p1b: Armarouge|Armarouge, L50, F|100\/100\n|switch|p2a: Flutter Mane|Flutter Mane, L50|100\/100\n|switch|p2b: Dragonite|Dragonite, L50, F|100\/100\n|-enditem|p2a: Flutter Mane|Booster Energy\n|-activate|p2a: Flutter Mane|ability: Protosynthesis|[fromitem]\n|-start|p2a: Flutter Mane|protosynthesisspa\n|turn|1\n|\n|t:|1682578504\n|-terastallize|p1b: Armarouge|Psychic\n|move|p1a: Hydreigon|U-turn|p1b: Armarouge\n|-supereffective|p1b: Armarouge\n|-damage|p1b: Armarouge|66\/100\n|-ability|p1b: Armarouge|Weak Armor|boost\n|-unboost|p1b: Armarouge|def|1\n|-boost|p1b: Armarouge|spe|2\n|-enditem|p1b: Armarouge|Weakness Policy\n|-boost|p1b: Armarouge|atk|2|[from] item: Weakness Policy\n|-boost|p1b: Armarouge|spa|2|[from] item: Weakness Policy\n|\n|t:|1682578513\n|switch|p1a: Indeedee|Indeedee-F, L50, F|100\/100|[from] U-turn\n|-fieldstart|move: Psychic Terrain|[from] ability: Psychic Surge|[of] p1a: Indeedee\n|move|p1b: Armarouge|Expanding Force|p2b: Dragonite|[spread] p2a,p2b\n|-damage|p2a: Flutter Mane|0 fnt\n|-damage|p2b: Dragonite|46\/100\n|faint|p2a: Flutter Mane\n|-end|p2a: Flutter Mane|Protosynthesis|[silent]\n|move|p2b: Dragonite|Stomping Tantrum|p1b: Armarouge\n|-damage|p1b: Armarouge|20\/100\n|-ability|p1b: Armarouge|Weak Armor|boost\n|-unboost|p1b: Armarouge|def|1\n|-boost|p1b: Armarouge|spe|2\n|\n|upkeep\n|\n|t:|1682578525\n|switch|p2a: Kingambit|Kingambit, L50, M|100\/100\n|turn|2\n|inactive|metaelder has 30 seconds left.\n|\n|t:|1682578557\n|move|p1a: Indeedee|Follow Me|p1a: Indeedee\n|-singleturn|p1a: Indeedee|move: Follow Me\n|move|p1b: Armarouge|Expanding Force|p2a: Kingambit|[spread] p2b\n|-immune|p2a: Kingambit\n|-crit|p2b: Dragonite\n|-damage|p2b: Dragonite|0 fnt\n|faint|p2b: Dragonite\n|move|p2a: Kingambit|Kowtow Cleave|p1a: Indeedee\n|-supereffective|p1a: Indeedee\n|-enditem|p1a: Indeedee|Focus Sash\n|-damage|p1a: Indeedee|1\/100\n|\n|upkeep\n|inactive|Gutico has 30 seconds left.\n|inactive|Gutico has 20 seconds left.\n|inactive|Gutico has 15 seconds left.\n|inactive|Gutico has 10 seconds left.\n|inactive|Gutico has 5 seconds left.\n|\n|t:|1682578612\n|switch|p2b: Amoonguss|Amoonguss, L50, M|100\/100\n|turn|3\n|inactive|metaelder has 30 seconds left.\n|\n|t:|1682578642\n|move|p2b: Amoonguss|Protect|p2b: Amoonguss\n|-singleturn|p2b: Amoonguss|Protect\n|move|p1a: Indeedee|Follow Me|p1a: Indeedee\n|-singleturn|p1a: Indeedee|move: Follow Me\n|move|p1b: Armarouge|Expanding Force|p2b: Amoonguss|[spread] \n|-activate|p2b: Amoonguss|move: Protect\n|-immune|p2a: Kingambit\n|move|p2a: Kingambit|Kowtow Cleave|p1a: Indeedee\n|-supereffective|p1a: Indeedee\n|-damage|p1a: Indeedee|0 fnt\n|faint|p1a: Indeedee\n|\n|upkeep\n|\n|t:|1682578662\n|switch|p1a: Gastrodon|Gastrodon, L50, M|100\/100\n|turn|4\n|inactive|metaelder has 30 seconds left.\n|inactive|Gutico has 30 seconds left.\n|inactive|metaelder has 20 seconds left.\n|inactive|Gutico has 20 seconds left.\n|inactive|metaelder has 15 seconds left.\n|inactive|Gutico has 15 seconds left.\n|inactive|metaelder has 10 seconds left.\n|inactive|Gutico has 10 seconds left.\n|inactive|Gutico has 5 seconds left.\n|\n|t:|1682578717\n|move|p1b: Armarouge|Expanding Force|p2a: Kingambit|[spread] p2b\n|-immune|p2a: Kingambit\n|-supereffective|p2b: Amoonguss\n|-damage|p2b: Amoonguss|0 fnt\n|faint|p2b: Amoonguss\n|move|p2a: Kingambit|Kowtow Cleave|p1a: Gastrodon\n|-damage|p1a: Gastrodon|58\/100\n|move|p1a: Gastrodon|Earth Power|p2a: Kingambit\n|-supereffective|p2a: Kingambit\n|-damage|p2a: Kingambit|27\/100\n|\n|upkeep\n|turn|5\n|inactive|Gutico has 30 seconds left.\n|inactive|Gutico has 20 seconds left.\n|inactive|Gutico has 15 seconds left.\n|inactive|Gutico has 10 seconds left.\n|inactive|Gutico has 5 seconds left.\n|\n|t:|1682578772\n|move|p1b: Armarouge|Armor Cannon|p2a: Kingambit\n|-supereffective|p2a: Kingambit\n|-damage|p2a: Kingambit|0 fnt\n|-unboost|p1b: Armarouge|def|1\n|-unboost|p1b: Armarouge|spd|1\n|faint|p2a: Kingambit\n|\n|win|metaelder\n|raw|metaelder's rating: 1214 → 1237<\/strong> (+23 for winning)\n|raw|Gutico's rating: 1182 → 1159<\/strong> (-23 for losing)\n|l|\u2606Gutico\n","uploadtime":1682578782,"views":22,"p1id":"metaelder","p2id":"gutico","formatid":"gen9vgc2023regulationc","rating":1159,"private":0,"password":""}