{"id":"gen9vgc2023regulationc-1861433008","p1":"Fetfatzidis18","p2":"cb-sooner","format":"[Gen 9] VGC 2023 Regulation C","log":"|j|\u2606Fetfatzidis18\n|j|\u2606cb-sooner\n|t:|1683757278\n|gametype|doubles\n|player|p1|Fetfatzidis18|harlequin|1375\n|player|p2|cb-sooner|1|1346\n|teamsize|p1|6\n|teamsize|p2|6\n|gen|9\n|tier|[Gen 9] VGC 2023 Regulation C\n|rated|\n|rule|Species Clause: Limit one of each Pok\u00e9mon\n|rule|Item Clause: Limit one of each item\n|clearpoke\n|poke|p1|Talonflame, L50, M|\n|poke|p1|Garchomp, L50, F|\n|poke|p1|Gholdengo, L50|\n|poke|p1|Iron Bundle, L50|\n|poke|p1|Gallade, L50, M|\n|poke|p1|Chien-Pao, L50|\n|poke|p2|Iron Hands, L50|\n|poke|p2|Oranguru, L50, M|\n|poke|p2|Indeedee-F, L50, F|\n|poke|p2|Torkoal, L50, F|\n|poke|p2|Tyranitar, L50, F|\n|poke|p2|Armarouge, L50, F|\n|teampreview|4\n|inactive|Battle timer is ON: inactive players will automatically lose when time's up. (requested by Fetfatzidis18)\n|inactive|cb-sooner has 60 seconds left.\n|\n|t:|1683757311\n|start\n|switch|p1a: Talonflame|Talonflame, L50, M|100\/100\n|switch|p1b: Gallade|Gallade, L50, M, shiny|100\/100\n|switch|p2a: Oranguru|Oranguru, L50, M|100\/100\n|switch|p2b: Indeedee|Indeedee-F, L50, F|100\/100\n|-fieldstart|move: Psychic Terrain|[from] ability: Psychic Surge|[of] p2b: Indeedee\n|turn|1\n|j| EV4Ever\n|\n|t:|1683757320\n|move|p2b: Indeedee|Follow Me|p2b: Indeedee\n|-singleturn|p2b: Indeedee|move: Follow Me\n|move|p1a: Talonflame|Taunt|p2b: Indeedee\n|-start|p2b: Indeedee|move: Taunt\n|move|p1b: Gallade|Sacred Sword|p2b: Indeedee\n|-crit|p2b: Indeedee\n|-damage|p2b: Indeedee|0 fnt\n|faint|p2b: Indeedee\n|move|p2a: Oranguru|Trick Room|p2a: Oranguru\n|-fieldstart|move: Trick Room|[of] p2a: Oranguru\n|\n|upkeep\n|inactive|cb-sooner has 30 seconds left.\n|\n|t:|1683757347\n|switch|p2b: Tyranitar|Tyranitar, L50, F|100\/100\n|-weather|Sandstorm|[from] ability: Sand Stream|[of] p2b: Tyranitar\n|turn|2\n|\n|t:|1683757365\n|-terastallize|p2b: Tyranitar|Rock\n|move|p2a: Oranguru|Bulldoze|p1b: Gallade|[spread] p2b,p1b\n|-immune|p1a: Talonflame\n|-supereffective|p2b: Tyranitar\n|-damage|p2b: Tyranitar|84\/100\n|-damage|p1b: Gallade|88\/100\n|-unboost|p2b: Tyranitar|spe|1\n|-unboost|p1b: Gallade|spe|1\n|-enditem|p2b: Tyranitar|Weakness Policy\n|-boost|p2b: Tyranitar|atk|2|[from] item: Weakness Policy\n|-boost|p2b: Tyranitar|spa|2|[from] item: Weakness Policy\n|-activate|p2a: Oranguru|ability: Symbiosis|Life Orb|[of] p2b: Tyranitar\n|move|p2b: Tyranitar|Crunch|p1b: Gallade\n|-damage|p1b: Gallade|0 fnt\n|faint|p1b: Gallade\n|-damage|p2b: Tyranitar|74\/100|[from] item: Life Orb\n|move|p1a: Talonflame|Will-O-Wisp|p2b: Tyranitar\n|-status|p2b: Tyranitar|brn\n|\n|-weather|Sandstorm|[upkeep]\n|-damage|p2a: Oranguru|94\/100|[from] Sandstorm\n|-damage|p1a: Talonflame|94\/100|[from] Sandstorm\n|-damage|p2b: Tyranitar|69\/100 brn|[from] brn\n|upkeep\n|inactive|Fetfatzidis18 has 30 seconds left.\n|\n|t:|1683757397\n|switch|p1b: Garchomp|Garchomp, L50, F|100\/100\n|turn|3\n|\n|t:|1683757417\n|move|p2b: Tyranitar|Protect|p2b: Tyranitar\n|-singleturn|p2b: Tyranitar|Protect\n|move|p1b: Garchomp|Protect|p1b: Garchomp\n|-singleturn|p1b: Garchomp|Protect\n|move|p2a: Oranguru|Encore|p1a: Talonflame\n|-start|p1a: Talonflame|Encore\n|move|p1a: Talonflame|Will-O-Wisp|p2a: Oranguru\n|-status|p2a: Oranguru|brn\n|\n|-weather|Sandstorm|[upkeep]\n|-damage|p2a: Oranguru|88\/100 brn|[from] Sandstorm\n|-damage|p1a: Talonflame|88\/100|[from] Sandstorm\n|-damage|p2b: Tyranitar|63\/100 brn|[from] brn\n|-damage|p2a: Oranguru|82\/100 brn|[from] brn\n|upkeep\n|turn|4\n|\n|t:|1683757436\n|move|p2b: Tyranitar|Rock Slide|p1b: Garchomp|[spread] p1a,p1b\n|-supereffective|p1a: Talonflame\n|-resisted|p1b: Garchomp\n|-crit|p1b: Garchomp\n|-damage|p1a: Talonflame|0 fnt\n|-damage|p1b: Garchomp|58\/100\n|faint|p1a: Talonflame\n|-damage|p2b: Tyranitar|53\/100 brn|[from] item: Life Orb\n|move|p2a: Oranguru|Encore|p1b: Garchomp\n|-start|p1b: Garchomp|Encore\n|move|p1b: Garchomp|Protect||[still]\n|-fail|p1b: Garchomp\n|\n|-weather|Sandstorm|[upkeep]\n|-damage|p2a: Oranguru|76\/100 brn|[from] Sandstorm\n|-damage|p2b: Tyranitar|47\/100 brn|[from] brn\n|-damage|p2a: Oranguru|70\/100 brn|[from] brn\n|upkeep\n|\n|t:|1683757450\n|switch|p1a: Chien-Pao|Chien-Pao, L50|100\/100\n|-ability|p1a: Chien-Pao|Sword of Ruin\n|turn|5\n|inactive|cb-sooner has 30 seconds left.\n|inactive|cb-sooner has 20 seconds left.\n|inactive|cb-sooner has 15 seconds left.\n|\n|t:|1683757492\n|move|p2b: Tyranitar|Protect|p2b: Tyranitar\n|-singleturn|p2b: Tyranitar|Protect\n|move|p1b: Garchomp|Protect|p1b: Garchomp\n|-singleturn|p1b: Garchomp|Protect\n|move|p1a: Chien-Pao|Protect|p1a: Chien-Pao\n|-singleturn|p1a: Chien-Pao|Protect\n|move|p2a: Oranguru|Bulldoze|p1b: Garchomp|[spread] \n|-activate|p2b: Tyranitar|move: Protect\n|-activate|p1a: Chien-Pao|move: Protect\n|-activate|p1b: Garchomp|move: Protect\n|\n|-weather|Sandstorm|[upkeep]\n|-damage|p2a: Oranguru|64\/100 brn|[from] Sandstorm\n|-damage|p1a: Chien-Pao|95\/100|[from] Sandstorm\n|-damage|p2b: Tyranitar|42\/100 brn|[from] brn\n|-damage|p2a: Oranguru|58\/100 brn|[from] brn\n|-fieldend|move: Trick Room\n|-fieldend|move: Psychic Terrain\n|upkeep\n|turn|6\n|\n|t:|1683757512\n|move|p1b: Garchomp|Protect|p1b: Garchomp\n|-singleturn|p1b: Garchomp|Protect\n|move|p1a: Chien-Pao|Ice Spinner|p2a: Oranguru\n|-damage|p2a: Oranguru|11\/100 brn\n|move|p2a: Oranguru|Encore|p1a: Chien-Pao\n|-start|p1a: Chien-Pao|Encore\n|move|p2b: Tyranitar|Low Kick|p1a: Chien-Pao\n|-supereffective|p1a: Chien-Pao\n|-damage|p1a: Chien-Pao|0 fnt\n|faint|p1a: Chien-Pao\n|-damage|p2b: Tyranitar|32\/100 brn|[from] item: Life Orb\n|\n|-weather|none\n|-damage|p2a: Oranguru|5\/100 brn|[from] brn\n|-damage|p2b: Tyranitar|26\/100 brn|[from] brn\n|-end|p1b: Garchomp|Encore\n|upkeep\n|turn|7\n|\n|t:|1683757528\n|move|p1b: Garchomp|Earthquake|p2a: Oranguru|[spread] p2a,p2b\n|-supereffective|p2b: Tyranitar\n|-damage|p2a: Oranguru|0 fnt\n|-damage|p2b: Tyranitar|0 fnt\n|faint|p2a: Oranguru\n|faint|p2b: Tyranitar\n|\n|upkeep\n|\n|t:|1683757531\n|switch|p2b: Torkoal|Torkoal, L50, F|100\/100\n|-weather|SunnyDay|[from] ability: Drought|[of] p2b: Torkoal\n|turn|8\n|\n|t:|1683757539\n|-terastallize|p1b: Garchomp|Fire\n|move|p1b: Garchomp|Protect|p1b: Garchomp\n|-singleturn|p1b: Garchomp|Protect\n|move|p2b: Torkoal|Overheat|p1b: Garchomp\n|-activate|p1b: Garchomp|move: Protect\n|\n|-weather|SunnyDay|[upkeep]\n|upkeep\n|turn|9\n|\n|t:|1683757546\n|move|p1b: Garchomp|Earthquake|p2b: Torkoal\n|-supereffective|p2b: Torkoal\n|-damage|p2b: Torkoal|6\/100\n|move|p2b: Torkoal|Overheat|p1b: Garchomp\n|-resisted|p1b: Garchomp\n|-damage|p1b: Garchomp|0 fnt\n|-unboost|p2b: Torkoal|spa|2\n|faint|p1b: Garchomp\n|\n|win|cb-sooner\n|raw|Fetfatzidis18's rating: 1375 → 1353<\/strong> (-22 for losing)\n|raw|cb-sooner's rating: 1346 → 1368<\/strong> (+22 for winning)\n|c|\u2606cb-sooner|Gg\n|l|\u2606Fetfatzidis18\n","uploadtime":1683757560,"views":11,"p1id":"fetfatzidis18","p2id":"cbsooner","formatid":"gen9vgc2023regulationc","rating":1353,"private":0,"password":""}