{"id":"gen9vgc2023regulationc-1854964194","p1":"Philzkidd","p2":"carlospe1205","format":"[Gen 9] VGC 2023 Regulation C","log":"|j|\u2606Philzkidd\n|j|\u2606carlospe1205\n|t:|1682885623\n|gametype|doubles\n|player|p1|Philzkidd|170|1163\n|player|p2|carlospe1205|bugsy|1097\n|teamsize|p1|6\n|teamsize|p2|6\n|gen|9\n|tier|[Gen 9] VGC 2023 Regulation C\n|rated|\n|rule|Species Clause: Limit one of each Pok\u00e9mon\n|rule|Item Clause: Limit one of each item\n|clearpoke\n|poke|p1|Maushold, L50|\n|poke|p1|Gholdengo, L50|\n|poke|p1|Annihilape, L50, F|\n|poke|p1|Iron Bundle, L50|\n|poke|p1|Arcanine, L50, F|\n|poke|p1|Roaring Moon, L50|\n|poke|p2|Baxcalibur, L50, F|\n|poke|p2|Talonflame, L50, F|\n|poke|p2|Amoonguss, L50, F|\n|poke|p2|Grimmsnarl, L50, M|\n|poke|p2|Flutter Mane, L50|\n|poke|p2|Chi-Yu, L50|\n|teampreview|4\nPhilzkidd has agreed to open team sheets.\n|\n|t:|1682885691\n|start\n|switch|p1a: Maushold|Maushold, L50|100\/100\n|switch|p1b: Gholdengo|Gholdengo, L50|100\/100\n|switch|p2a: Spiny|Baxcalibur, L50, F|100\/100\n|switch|p2b: Lourdes|Talonflame, L50, F|100\/100\n|turn|1\n|\n|t:|1682885713\n|move|p2a: Spiny|Protect|p2a: Spiny\n|-singleturn|p2a: Spiny|Protect\n|move|p1a: Maushold|Follow Me|p1a: Maushold\n|-singleturn|p1a: Maushold|move: Follow Me\n|move|p2b: Lourdes|Tailwind|p2b: Lourdes\n|-sidestart|p2: carlospe1205|move: Tailwind\n|move|p1b: Gholdengo|Shadow Ball|p2a: Spiny\n|-activate|p2a: Spiny|move: Protect\n|\n|upkeep\n|turn|2\n|\n|t:|1682885745\n|-terastallize|p2a: Spiny|Steel\n|-terastallize|p1b: Gholdengo|Water\n|move|p1a: Maushold|Follow Me|p1a: Maushold\n|-singleturn|p1a: Maushold|move: Follow Me\n|move|p2b: Lourdes|Ember|p1a: Maushold\n|-damage|p1a: Maushold|89\/100\n|move|p2a: Spiny|Glaive Rush|p1a: Maushold\n|-damage|p1a: Maushold|24\/100\n|-singlemove|p2a: Spiny|Glaive Rush|[silent]\n|move|p1b: Gholdengo|Shadow Ball|p2a: Spiny\n|-damage|p2a: Spiny|15\/100\n|-unboost|p2a: Spiny|spd|1\n|\n|upkeep\n|turn|3\n|\n|t:|1682885784\n|move|p2a: Spiny|Protect|p2a: Spiny\n|-singleturn|p2a: Spiny|Protect\n|move|p1a: Maushold|Follow Me|p1a: Maushold\n|-singleturn|p1a: Maushold|move: Follow Me\n|move|p2b: Lourdes|Brave Bird|p1a: Maushold\n|-damage|p1a: Maushold|0 fnt\n|faint|p1a: Maushold\n|-damage|p2b: Lourdes|91\/100|[from] Recoil\n|move|p1b: Gholdengo|Make It Rain|p2b: Lourdes|[spread] p2b\n|-activate|p2a: Spiny|move: Protect\n|-resisted|p2b: Lourdes\n|-damage|p2b: Lourdes|56\/100\n|-unboost|p1b: Gholdengo|spa|1\n|\n|upkeep\n|\n|t:|1682885794\n|switch|p1a: Roaring Moon|Roaring Moon, L50|100\/100\n|-enditem|p1a: Roaring Moon|Booster Energy\n|-activate|p1a: Roaring Moon|ability: Protosynthesis|[fromitem]\n|-start|p1a: Roaring Moon|protosynthesisspe\n|turn|4\n|\n|t:|1682885807\n|switch|p2a: AMOGUS|Amoonguss, L50, F|100\/100\n|move|p2b: Lourdes|Brave Bird|p1b: Gholdengo\n|-damage|p1b: Gholdengo|57\/100\n|-damage|p2b: Lourdes|38\/100|[from] Recoil\n|move|p1a: Roaring Moon|Breaking Swipe|p2a: AMOGUS|[spread] p2a,p2b\n|-damage|p2a: AMOGUS|80\/100\n|-damage|p2b: Lourdes|0 fnt\n|-unboost|p2a: AMOGUS|atk|1\n|-damage|p1a: Roaring Moon|84\/100|[from] item: Rocky Helmet|[of] p2a: AMOGUS\n|faint|p2b: Lourdes\n|move|p1b: Gholdengo|Nasty Plot|p1b: Gholdengo\n|-boost|p1b: Gholdengo|spa|2\n|\n|-heal|p1b: Gholdengo|63\/100|[from] item: Leftovers\n|-sideend|p2: carlospe1205|move: Tailwind\n|upkeep\n|\n|t:|1682885812\n|switch|p2b: Krompus|Grimmsnarl, L50, M|100\/100\n|turn|5\n|\n|t:|1682885837\n|move|p2b: Krompus|Fake Out|p1b: Gholdengo\n|-damage|p1b: Gholdengo|49\/100\n|move|p1a: Roaring Moon|Acrobatics|p2a: AMOGUS\n|-supereffective|p2a: AMOGUS\n|-damage|p2a: AMOGUS|20\/100\n|-damage|p1a: Roaring Moon|68\/100|[from] item: Rocky Helmet|[of] p2a: AMOGUS\n|cant|p1b: Gholdengo|flinch\n|move|p2a: AMOGUS|Spore|p1a: Roaring Moon\n|-status|p1a: Roaring Moon|slp|[from] move: Spore\n|\n|-heal|p1b: Gholdengo|55\/100|[from] item: Leftovers\n|upkeep\n|turn|6\n|\n|t:|1682885868\n|switch|p2a: Spiny|Baxcalibur, L50, F, tera:Steel|15\/100\n|cant|p1a: Roaring Moon|slp\n|move|p2b: Krompus|Spirit Break|p1b: Gholdengo\n|-damage|p1b: Gholdengo|19\/100\n|-unboost|p1b: Gholdengo|spa|1\n|move|p1b: Gholdengo|Shadow Ball|p2a: Spiny\n|-damage|p2a: Spiny|0 fnt\n|faint|p2a: Spiny\n|\n|-heal|p1b: Gholdengo|25\/100|[from] item: Leftovers\n|upkeep\n|\n|t:|1682885870\n|switch|p2a: AMOGUS|Amoonguss, L50, F|53\/100\n|turn|7\n|\n|t:|1682885887\n|move|p1b: Gholdengo|Protect|p1b: Gholdengo\n|-singleturn|p1b: Gholdengo|Protect\n|cant|p1a: Roaring Moon|slp\n|move|p2b: Krompus|Spirit Break|p1b: Gholdengo\n|-activate|p1b: Gholdengo|move: Protect\n|move|p2a: AMOGUS|Pollen Puff|p1a: Roaring Moon\n|-supereffective|p1a: Roaring Moon\n|-crit|p1a: Roaring Moon\n|-damage|p1a: Roaring Moon|12\/100 slp\n|\n|-heal|p1b: Gholdengo|32\/100|[from] item: Leftovers\n|upkeep\n|turn|8\n|\n|t:|1682885906\n|cant|p1a: Roaring Moon|slp\n|move|p2b: Krompus|Spirit Break|p1b: Gholdengo\n|-damage|p1b: Gholdengo|0 fnt\n|faint|p1b: Gholdengo\n|move|p2a: AMOGUS|Pollen Puff|p1a: Roaring Moon\n|-supereffective|p1a: Roaring Moon\n|-damage|p1a: Roaring Moon|0 fnt\n|faint|p1a: Roaring Moon\n|-end|p1a: Roaring Moon|Protosynthesis|[silent]\n|\n|upkeep\n|\n|t:|1682885919\n|switch|p1b: Annihilape|Annihilape, L50, F|100\/100\n|turn|9\n|\n|t:|1682885929\n|move|p2a: AMOGUS|Rage Powder|p2a: AMOGUS\n|-singleturn|p2a: AMOGUS|move: Rage Powder\n|move|p2b: Krompus|Spirit Break|p1b: Annihilape\n|-supereffective|p1b: Annihilape\n|-damage|p1b: Annihilape|36\/100\n|-unboost|p1b: Annihilape|spa|1\n|-ability|p1b: Annihilape|Defiant|boost\n|-boost|p1b: Annihilape|atk|2\n|-enditem|p1b: Annihilape|Sitrus Berry|[eat]\n|-heal|p1b: Annihilape|61\/100|[from] item: Sitrus Berry\n|move|p1b: Annihilape|Drain Punch|p2a: AMOGUS\n|-resisted|p2a: AMOGUS\n|-damage|p2a: AMOGUS|27\/100\n|-heal|p1b: Annihilape|75\/100|[from] drain|[of] p2a: AMOGUS\n|-damage|p1b: Annihilape|58\/100|[from] item: Rocky Helmet|[of] p2a: AMOGUS\n|\n|upkeep\n|turn|10\n|\n|t:|1682885949\n|move|p2b: Krompus|Spirit Break|p1b: Annihilape\n|-supereffective|p1b: Annihilape\n|-damage|p1b: Annihilape|0 fnt\n|faint|p1b: Annihilape\n|\n|win|carlospe1205\n|raw|Philzkidd's rating: 1163 → 1133<\/strong> (-30 for losing)\n|raw|carlospe1205's rating: 1097 → 1127<\/strong> (+30 for winning)\n|l|\u2606Philzkidd\n","uploadtime":1682885955,"views":7,"p1id":"philzkidd","p2id":"carlospe1205","formatid":"gen9vgc2023regulationc","rating":1127,"private":0,"password":""}