{"id":"gen9vgc2023regulationc-1861716192","p1":"RazorSquid","p2":"Nekogigante","format":"[Gen 9] VGC 2023 Regulation C","log":"|j|\u2606RazorSquid\n|j|\u2606Nekogigante\n|t:|1683799107\n|gametype|doubles\n|player|p1|RazorSquid|roughneck-gen4|1094\n|player|p2|Nekogigante|2|1182\n|teamsize|p1|6\n|teamsize|p2|6\n|gen|9\n|tier|[Gen 9] VGC 2023 Regulation C\n|rated|\n|rule|Species Clause: Limit one of each Pok\u00e9mon\n|rule|Item Clause: Limit one of each item\n|clearpoke\n|poke|p1|Muk, L50, M|\n|poke|p1|Tyranitar, L50, M|\n|poke|p1|Lycanroc, L50, M|\n|poke|p1|Flutter Mane, L50|\n|poke|p1|Amoonguss, L50, M|\n|poke|p1|Gyarados, L50, M|\n|poke|p2|Ting-Lu, L50|\n|poke|p2|Orthworm, L50, F|\n|poke|p2|Flutter Mane, L50|\n|poke|p2|Chien-Pao, L50|\n|poke|p2|Dragonite, L50, M|\n|poke|p2|Gyarados, L50, F|\n|teampreview|4\n|inactive|Battle timer is ON: inactive players will automatically lose when time's up. (requested by Nekogigante)\n|inactive|RazorSquid also wants the timer to be on.\n|inactive|RazorSquid has 60 seconds left.\n|inactive|Nekogigante has 60 seconds left.\n|\n|t:|1683799142\n|start\n|switch|p1a: Lycanroc|Lycanroc, L50, M|100\/100\n|switch|p1b: Flutter Mane|Flutter Mane, L50|100\/100\n|switch|p2a: Ting-Lu|Ting-Lu, L50|100\/100\n|switch|p2b: Gyarados|Gyarados, L50, F|100\/100\n|-ability|p2b: Gyarados|Intimidate|boost\n|-unboost|p1a: Lycanroc|atk|1\n|-unboost|p1b: Flutter Mane|atk|1\n|-ability|p2a: Ting-Lu|Vessel of Ruin\n|turn|1\n|\n|t:|1683799163\n|-end|p1b: Flutter Mane|Protosynthesis|[silent]\n|switch|p1b: Gyarados|Gyarados, L50, M, shiny|100\/100\n|-ability|p1b: Gyarados|Intimidate|boost\n|-unboost|p2a: Ting-Lu|atk|1\n|-unboost|p2b: Gyarados|atk|1\n|switch|p2b: Orthworm|Orthworm, L50, F|100\/100\n|-terastallize|p2a: Ting-Lu|Water\n|move|p1a: Lycanroc|Rock Slide|p2a: Ting-Lu|[spread] p2a\n|-miss|p1a: Lycanroc|p2b: Orthworm\n|-damage|p2a: Ting-Lu|90\/100\n|move|p2a: Ting-Lu|Earthquake|p1b: Gyarados|[spread] p1a\n|-immune|p2b: Orthworm|[from] ability: Earth Eater\n|-immune|p1b: Gyarados\n|-supereffective|p1a: Lycanroc\n|-enditem|p1a: Lycanroc|Focus Sash\n|-damage|p1a: Lycanroc|1\/100\n|\n|upkeep\n|turn|2\n|\n|t:|1683799184\n|move|p1a: Lycanroc|Endeavor|p2b: Orthworm\n|-damage|p2b: Orthworm|1\/100\n|-enditem|p2b: Orthworm|Sitrus Berry|[eat]\n|-heal|p2b: Orthworm|26\/100|[from] item: Sitrus Berry\n|move|p1b: Gyarados|Waterfall|p2b: Orthworm\n|-damage|p2b: Orthworm|0 fnt\n|faint|p2b: Orthworm\n|move|p2a: Ting-Lu|Earthquake|p1b: Gyarados|[spread] p1a\n|-immune|p1b: Gyarados\n|-supereffective|p1a: Lycanroc\n|-damage|p1a: Lycanroc|0 fnt\n|faint|p1a: Lycanroc\n|\n|upkeep\n|\n|t:|1683799199\n|switch|p1a: Muk|Muk, L50, M, shiny|100\/100\n|switch|p2b: Gyarados|Gyarados, L50, F|100\/100\n|-ability|p2b: Gyarados|Intimidate|boost\n|-unboost|p1a: Muk|atk|1\n|-unboost|p1b: Gyarados|atk|1\n|turn|3\n|inactive|RazorSquid has 30 seconds left.\n|inactive|RazorSquid has 20 seconds left.\n|\n|t:|1683799235\n|-terastallize|p1a: Muk|Grass\n|move|p2b: Gyarados|Taunt|p1b: Gyarados\n|-start|p1b: Gyarados|move: Taunt\n|cant|p1b: Gyarados|move: Taunt|Thunder Wave\n|move|p1a: Muk|Haze|p1a: Muk\n|-clearallboost\n|move|p2a: Ting-Lu|Earthquake|p1a: Muk|[spread] p1a\n|-immune|p2b: Gyarados\n|-immune|p1b: Gyarados\n|-resisted|p1a: Muk\n|-damage|p1a: Muk|79\/100\n|\n|upkeep\n|turn|4\n|inactive|Nekogigante has 30 seconds left.\n|\n|t:|1683799262\n|move|p2b: Gyarados|Thunder Wave|p1a: Muk\n|-status|p1a: Muk|par\n|move|p1b: Gyarados|Waterfall|p2b: Gyarados\n|-resisted|p2b: Gyarados\n|-damage|p2b: Gyarados|76\/100\n|move|p2a: Ting-Lu|Earthquake|p1a: Muk|[spread] p1a\n|-immune|p2b: Gyarados\n|-immune|p1b: Gyarados\n|-resisted|p1a: Muk\n|-damage|p1a: Muk|58\/100 par\n|move|p1a: Muk|Gunk Shot|p2b: Gyarados\n|-damage|p2b: Gyarados|24\/100\n|-status|p2b: Gyarados|psn\n|\n|-damage|p2b: Gyarados|12\/100 psn|[from] psn\n|upkeep\n|turn|5\n|inactive|Nekogigante has 30 seconds left.\n|\n|t:|1683799290\n|cant|p1a: Muk|par\n|move|p2b: Gyarados|Thunder Wave|p1b: Gyarados\n|-status|p1b: Gyarados|par\n|move|p2a: Ting-Lu|Earthquake|p1a: Muk|[spread] p1a\n|-immune|p2b: Gyarados\n|-immune|p1b: Gyarados\n|-resisted|p1a: Muk\n|-damage|p1a: Muk|38\/100 par\n|-enditem|p1a: Muk|Sitrus Berry|[eat]\n|-heal|p1a: Muk|63\/100 par|[from] item: Sitrus Berry\n|move|p1b: Gyarados|Waterfall|p2a: Ting-Lu\n|-resisted|p2a: Ting-Lu\n|-damage|p2a: Ting-Lu|77\/100\n|\n|-damage|p2b: Gyarados|0 fnt|[from] psn\n|faint|p2b: Gyarados\n|-end|p1b: Gyarados|move: Taunt\n|upkeep\n|\n|t:|1683799313\n|switch|p2b: Dragonite|Dragonite, L50, M|100\/100\n|turn|6\n|\n|t:|1683799332\n|move|p2b: Dragonite|Dragon Dance|p2b: Dragonite\n|-boost|p2b: Dragonite|atk|1\n|-boost|p2b: Dragonite|spe|1\n|move|p2a: Ting-Lu|Earthquake|p1b: Gyarados|[spread] p1a\n|-immune|p2b: Dragonite\n|-immune|p1b: Gyarados\n|-resisted|p1a: Muk\n|-damage|p1a: Muk|41\/100 par\n|move|p1b: Gyarados|Thunder Wave|p2b: Dragonite\n|-status|p2b: Dragonite|par\n|-enditem|p2b: Dragonite|Lum Berry|[eat]\n|-curestatus|p2b: Dragonite|par|[msg]\n|move|p1a: Muk|Gunk Shot|p2a: Ting-Lu\n|-damage|p2a: Ting-Lu|49\/100\n|\n|upkeep\n|turn|7\n|inactive|Nekogigante has 30 seconds left.\n|\n|t:|1683799361\n|move|p2b: Dragonite|Extreme Speed|p1b: Gyarados\n|-damage|p1b: Gyarados|49\/100 par\n|move|p2a: Ting-Lu|Earthquake|p1b: Gyarados|[spread] p1a\n|-immune|p2b: Dragonite\n|-immune|p1b: Gyarados\n|-resisted|p1a: Muk\n|-damage|p1a: Muk|21\/100 par\n|move|p1b: Gyarados|Thunder Wave|p2b: Dragonite\n|-status|p2b: Dragonite|par\n|move|p1a: Muk|Drain Punch|p2a: Ting-Lu\n|-damage|p2a: Ting-Lu|36\/100\n|-heal|p1a: Muk|29\/100 par|[from] drain|[of] p2a: Ting-Lu\n|\n|upkeep\n|turn|8\n|inactive|RazorSquid has 30 seconds left.\n|\n|t:|1683799387\n|move|p2b: Dragonite|Extreme Speed|p1a: Muk\n|-damage|p1a: Muk|0 fnt\n|faint|p1a: Muk\n|move|p2a: Ting-Lu|Earthquake|p1b: Gyarados|[spread] \n|-immune|p2b: Dragonite\n|-immune|p1b: Gyarados\n|move|p1b: Gyarados|Thunder Wave|p2a: Ting-Lu\n|-status|p2a: Ting-Lu|par\n|\n|upkeep\n|\n|t:|1683799390\n|switch|p1a: Flutter Mane|Flutter Mane, L50|100\/100\n|turn|9\n|inactive|Nekogigante has 30 seconds left.\n|inactive|Nekogigante has 20 seconds left.\n|c|\u2606RazorSquid|Choice band?\n|\n|t:|1683799427\n|move|p1a: Flutter Mane|Dazzling Gleam|p2a: Ting-Lu|[spread] p2a,p2b\n|-supereffective|p2b: Dragonite\n|-damage|p2a: Ting-Lu|8\/100 par\n|-damage|p2b: Dragonite|62\/100 par\n|move|p2b: Dragonite|Earthquake|p1b: Gyarados|[spread] p2a,p1a\n|-immune|p1b: Gyarados\n|-damage|p2a: Ting-Lu|0 fnt\n|-damage|p1a: Flutter Mane|19\/100\n|faint|p2a: Ting-Lu\n|move|p1b: Gyarados|Waterfall|p2b: Dragonite\n|-resisted|p2b: Dragonite\n|-damage|p2b: Dragonite|43\/100 par\n|\n|upkeep\n|turn|10\n|\n|t:|1683799446\n|move|p1a: Flutter Mane|Dazzling Gleam|p2b: Dragonite\n|-supereffective|p2b: Dragonite\n|-damage|p2b: Dragonite|0 fnt\n|faint|p2b: Dragonite\n|\n|win|RazorSquid\n|raw|RazorSquid's rating: 1094 → 1126<\/strong> (+32 for winning)\n|raw|Nekogigante's rating: 1182 → 1151<\/strong> (-31 for losing)\n|l|\u2606Nekogigante\n","uploadtime":1683799461,"views":18,"p1id":"razorsquid","p2id":"nekogigante","formatid":"gen9vgc2023regulationc","rating":1126,"private":0,"password":""}