{"id":"gen9vgc2023regulationc-1859916476","p1":"YveltalAllegations","p2":"xixuambam","format":"[Gen 9] VGC 2023 Regulation C","log":"|j|\u2606YveltalAllegations\n|j|\u2606xixuambam\n|t:|1683575492\n|gametype|doubles\n|player|p1|YveltalAllegations|brycenman|1247\n|player|p2|xixuambam|ingo|1197\n|teamsize|p1|6\n|teamsize|p2|6\n|gen|9\n|tier|[Gen 9] VGC 2023 Regulation C\n|rated|\n|rule|Species Clause: Limit one of each Pok\u00e9mon\n|rule|Item Clause: Limit one of each item\n|clearpoke\n|poke|p1|Flutter Mane, L50|\n|poke|p1|Ting-Lu, L50|\n|poke|p1|Gyarados, L50, F|\n|poke|p1|Baxcalibur, L50, M|\n|poke|p1|Oinkologne, L50, M|\n|poke|p1|Abomasnow, L50, F|\n|poke|p2|Ting-Lu, L50|\n|poke|p2|Iron Hands, L50|\n|poke|p2|Arcanine, L50, F|\n|poke|p2|Amoonguss, L50, F|\n|poke|p2|Palafin, L50, F|\n|poke|p2|Corviknight, L50, M|\n|teampreview|4\nYveltalAllegations has agreed to open team sheets.\n|inactive|Battle timer is ON: inactive players will automatically lose when time's up. (requested by xixuambam)\n|\n|t:|1683575545\n|start\n|switch|p1a: Kaiju|Baxcalibur, L50, M|100\/100\n|switch|p1b: #1 Palafan|Gyarados, L50, F, shiny|100\/100\n|switch|p2a: Iron Hands|Iron Hands, L50|100\/100\n|switch|p2b: Arcanine|Arcanine, L50, F|100\/100\n|-ability|p2b: Arcanine|Intimidate|boost\n|-unboost|p1a: Kaiju|atk|1\n|-unboost|p1b: #1 Palafan|atk|1\n|-ability|p1b: #1 Palafan|Intimidate|boost\n|-unboost|p2a: Iron Hands|atk|1\n|-unboost|p2b: Arcanine|atk|1\n|turn|1\n|c|\u2606xixuambam|glhf\n|c|\u2606YveltalAllegations|glhf\n|inactive|YveltalAllegations has 30 seconds left.\n|inactive|xixuambam has 30 seconds left.\n|\n|t:|1683575579\n|switch|p2b: Palafin|Palafin, L50, F|100\/100\n|move|p1a: Kaiju|Protect|p1a: Kaiju\n|-singleturn|p1a: Kaiju|Protect\n|move|p1b: #1 Palafan|Thunder Wave|p2b: Palafin\n|-status|p2b: Palafin|par\n|move|p2a: Iron Hands|Wild Charge|p1b: #1 Palafan\n|-supereffective|p1b: #1 Palafan\n|-damage|p1b: #1 Palafan|0 fnt\n|faint|p1b: #1 Palafan\n|-damage|p2a: Iron Hands|81\/100|[from] Recoil\n|\n|-heal|p2a: Iron Hands|87\/100|[from] item: Leftovers\n|upkeep\n|\n|t:|1683575593\n|switch|p1b: Mr. 44|Abomasnow, L50, F|100\/100\n|-weather|Snow|[from] ability: Snow Warning|[of] p1b: Mr. 44\n|turn|2\n|inactive|YveltalAllegations has 30 seconds left.\n|inactive|YveltalAllegations has 20 seconds left.\n|\n|t:|1683575629\n|detailschange|p2b: Palafin|Palafin-Hero, L50, F\n|switch|p2b: Arcanine|Arcanine, L50, F|100\/100\n|-ability|p2b: Arcanine|Intimidate|boost\n|-unboost|p1a: Kaiju|atk|1\n|-unboost|p1b: Mr. 44|atk|1\n|move|p1a: Kaiju|Glaive Rush|p2b: Arcanine\n|-damage|p2b: Arcanine|45\/100\n|-singlemove|p1a: Kaiju|Glaive Rush|[silent]\n|-damage|p1a: Kaiju|91\/100|[from] item: Life Orb\n|move|p1b: Mr. 44|Blizzard|p2a: Iron Hands|[spread] p2a,p2b\n|-resisted|p2b: Arcanine\n|-damage|p2a: Iron Hands|58\/100\n|-damage|p2b: Arcanine|32\/100\n|move|p2a: Iron Hands|Swords Dance|p2a: Iron Hands\n|-boost|p2a: Iron Hands|atk|2\n|\n|-weather|Snow|[upkeep]\n|-heal|p2a: Iron Hands|64\/100|[from] item: Leftovers\n|upkeep\n|turn|3\n|inactive|YveltalAllegations has 30 seconds left.\n|inactive|YveltalAllegations has 20 seconds left.\n|\n|t:|1683575667\n|-terastallize|p1b: Mr. 44|Water\n|move|p1a: Kaiju|Glaive Rush|p2a: Iron Hands\n|-damage|p2a: Iron Hands|34\/100\n|-singlemove|p1a: Kaiju|Glaive Rush|[silent]\n|-damage|p1a: Kaiju|81\/100|[from] item: Life Orb\n|move|p2b: Arcanine|Flare Blitz|p1b: Mr. 44\n|-resisted|p1b: Mr. 44\n|-damage|p1b: Mr. 44|76\/100\n|-damage|p2b: Arcanine|24\/100|[from] Recoil\n|move|p1b: Mr. 44|Blizzard|p2a: Iron Hands|[spread] p2a,p2b\n|-resisted|p2b: Arcanine\n|-damage|p2a: Iron Hands|0 fnt\n|-damage|p2b: Arcanine|12\/100\n|faint|p2a: Iron Hands\n|-end|p2a: Iron Hands|Quark Drive|[silent]\n|\n|-weather|Snow|[upkeep]\n|upkeep\n|\n|t:|1683575687\n|switch|p2a: Ting-Lu|Ting-Lu, L50|100\/100\n|-ability|p2a: Ting-Lu|Vessel of Ruin\n|turn|4\n|\n|t:|1683575706\n|move|p1a: Kaiju|Protect|p1a: Kaiju\n|-singleturn|p1a: Kaiju|Protect\n|move|p2b: Arcanine|Protect|p2b: Arcanine\n|-singleturn|p2b: Arcanine|Protect\n|move|p1b: Mr. 44|Aurora Veil|p1b: Mr. 44\n|-sidestart|p1: YveltalAllegations|move: Aurora Veil\n|move|p2a: Ting-Lu|Heavy Slam|p1a: Kaiju\n|-activate|p1a: Kaiju|move: Protect\n|\n|-weather|Snow|[upkeep]\n|upkeep\n|turn|5\n|-message|xixuambam forfeited.\n|\n|win|YveltalAllegations\n|raw|YveltalAllegations's rating: 1247 → 1268<\/strong> (+21 for winning)\n|raw|xixuambam's rating: 1197 → 1176<\/strong> (-21 for losing)\n|l|\u2606xixuambam\n|c|\u2606YveltalAllegations|ggs\n","uploadtime":1683575730,"views":12,"p1id":"yveltalallegations","p2id":"xixuambam","formatid":"gen9vgc2023regulationc","rating":1176,"private":0,"password":""}