{"id":"gen9vgc2023regulationc-1848208303","p1":"123datastage123","p2":"Dodo18","format":"[Gen 9] VGC 2023 Regulation C","log":"|j|\u2606123datastage123\n|j|\u2606Dodo18\n|t:|1682042639\n|gametype|doubles\n|player|p1|123datastage123|biker-gen4|1235\n|player|p2|Dodo18|170|1240\n|teamsize|p1|6\n|teamsize|p2|6\n|gen|9\n|tier|[Gen 9] VGC 2023 Regulation C\n|rated|\n|rule|Species Clause: Limit one of each Pok\u00e9mon\n|rule|Item Clause: Limit one of each item\n|clearpoke\n|poke|p1|Flutter Mane, L50|\n|poke|p1|Palafin, L50, M|\n|poke|p1|Arcanine, L50, M|\n|poke|p1|Amoonguss, L50, M|\n|poke|p1|Ting-Lu, L50|\n|poke|p1|Corviknight, L50, F|\n|poke|p2|Ting-Lu, L50|\n|poke|p2|Glimmora, L50, M|\n|poke|p2|Dragonite, L50, M|\n|poke|p2|Chi-Yu, L50|\n|poke|p2|Dondozo, L50, M|\n|poke|p2|Flutter Mane, L50|\n|teampreview|4\n|inactive|Battle timer is ON: inactive players will automatically lose when time's up. (requested by 123datastage123)\n|j| denont\n|inactive|123datastage123 has 60 seconds left.\n|inactive|Dodo18 has 60 seconds left.\n|inactive|Dodo18 has 30 seconds left.\n|\n|t:|1682042711\n|start\n|switch|p1a: Palafin|Palafin, L50, M|100\/100\n|switch|p1b: Ting-Lu|Ting-Lu, L50|100\/100\n|switch|p2a: Glimmora|Glimmora, L50, M|100\/100\n|switch|p2b: Chi-Yu|Chi-Yu, L50|100\/100\n|-ability|p2b: Chi-Yu|Beads of Ruin\n|-ability|p1b: Ting-Lu|Vessel of Ruin\n|turn|1\n|inactive|123datastage123 has 30 seconds left.\n|inactive|Dodo18 has 30 seconds left.\n|inactive|123datastage123 has 20 seconds left.\n|\n|t:|1682042748\n|switch|p2b: Dragonite|Dragonite, L50, M|100\/100\n|move|p2a: Glimmora|Spiky Shield|p2a: Glimmora\n|-singleturn|p2a: Glimmora|move: Protect\n|move|p1a: Palafin|Wave Crash|p2b: Dragonite\n|-resisted|p2b: Dragonite\n|-damage|p2b: Dragonite|88\/100\n|-damage|p1a: Palafin|97\/100|[from] Recoil\n|move|p1b: Ting-Lu|Fissure|p2a: Glimmora\n|-activate|p2a: Glimmora|move: Protect\n|\n|upkeep\n|turn|2\n|inactive|123datastage123 has 30 seconds left.\n|inactive|Dodo18 has 30 seconds left.\n|inactive|Dodo18 has 20 seconds left.\n|\n|t:|1682042784\n|detailschange|p1a: Palafin|Palafin-Hero, L50, M\n|switch|p1a: Amoonguss|Amoonguss, L50, M, shiny|100\/100\n|-terastallize|p2b: Dragonite|Flying\n|move|p2a: Glimmora|Mortal Spin|p1b: Ting-Lu|[spread] p1a,p1b\n|-resisted|p1b: Ting-Lu\n|-damage|p1a: Amoonguss|96\/100\n|-damage|p1b: Ting-Lu|99\/100\n|-status|p1b: Ting-Lu|psn\n|move|p2b: Dragonite|Tera Blast|p1a: Amoonguss\n|-supereffective|p1a: Amoonguss\n|-damage|p1a: Amoonguss|7\/100\n|-enditem|p1a: Amoonguss|Sitrus Berry|[eat]\n|-heal|p1a: Amoonguss|32\/100|[from] item: Sitrus Berry\n|move|p1b: Ting-Lu|Fissure|p2a: Glimmora|[miss]\n|-miss|p1b: Ting-Lu|p2a: Glimmora\n|\n|-damage|p1b: Ting-Lu|87\/100 psn|[from] psn\n|upkeep\n|turn|3\n|inactive|123datastage123 has 30 seconds left.\n|inactive|Dodo18 has 30 seconds left.\n|inactive|123datastage123 has 20 seconds left.\n|inactive|Dodo18 has 20 seconds left.\n|inactive|123datastage123 has 15 seconds left.\n|inactive|Dodo18 has 15 seconds left.\n|inactive|123datastage123 has 10 seconds left.\n|inactive|Dodo18 has 10 seconds left.\n|inactive|123datastage123 has 5 seconds left.\n|inactive|Dodo18 has 5 seconds left.\n|\n|t:|1682042839\n|move|p1a: Amoonguss|Rage Powder|p1a: Amoonguss\n|-singleturn|p1a: Amoonguss|move: Rage Powder\n|move|p2a: Glimmora|Power Gem|p1a: Amoonguss\n|-damage|p1a: Amoonguss|1\/100\n|move|p2b: Dragonite|Tera Blast|p1b: Ting-Lu\n|-damage|p1b: Ting-Lu|54\/100 psn\n|move|p1b: Ting-Lu|Stomping Tantrum|p2a: Glimmora\n|-supereffective|p2a: Glimmora\n|-enditem|p2a: Glimmora|Focus Sash\n|-damage|p2a: Glimmora|1\/100\n|-activate|p2a: Glimmora|ability: Toxic Debris\n|-sidestart|p1: 123datastage123|move: Toxic Spikes\n|\n|-damage|p1b: Ting-Lu|42\/100 psn|[from] psn\n|upkeep\n|turn|4\n|inactive|123datastage123 has 30 seconds left.\n|inactive|Dodo18 has 30 seconds left.\n|inactive|123datastage123 has 20 seconds left.\n|\n|t:|1682042879\n|move|p2a: Glimmora|Mortal Spin|p1a: Amoonguss|[spread] p1a,p1b\n|-resisted|p1b: Ting-Lu\n|-crit|p1b: Ting-Lu\n|-damage|p1a: Amoonguss|0 fnt\n|-damage|p1b: Ting-Lu|41\/100 psn\n|faint|p1a: Amoonguss\n|move|p2b: Dragonite|Tera Blast|p1b: Ting-Lu\n|-damage|p1b: Ting-Lu|8\/100 psn\n|move|p1b: Ting-Lu|Ruination|p2b: Dragonite\n|-damage|p2b: Dragonite|45\/100\n|\n|-damage|p1b: Ting-Lu|0 fnt|[from] psn\n|faint|p1b: Ting-Lu\n|upkeep\n|\n|t:|1682042890\n|switch|p1b: Flutter Mane|Flutter Mane, L50, shiny|100\/100\n|switch|p1a: Palafin|Palafin-Hero, L50, M|97\/100\n|-status|p1b: Flutter Mane|psn\n|-status|p1a: Palafin|psn\n|-activate|p1a: Palafin|ability: Zero to Hero\n|turn|5\n|inactive|123datastage123 has 30 seconds left.\n|inactive|123datastage123 has 20 seconds left.\n|inactive|123datastage123 has 15 seconds left.\n|\n|t:|1682042933\n|-terastallize|p1a: Palafin|Water\n|move|p2a: Glimmora|Spiky Shield|p2a: Glimmora\n|-singleturn|p2a: Glimmora|move: Protect\n|move|p2b: Dragonite|Protect|p2b: Dragonite\n|-singleturn|p2b: Dragonite|Protect\n|move|p1a: Palafin|Jet Punch|p2b: Dragonite\n|-activate|p2b: Dragonite|move: Protect\n|move|p1b: Flutter Mane|Moonblast|p2a: Glimmora\n|-activate|p2a: Glimmora|move: Protect\n|\n|-damage|p1b: Flutter Mane|89\/100 psn|[from] psn\n|-damage|p1a: Palafin|84\/100 psn|[from] psn\n|upkeep\n|turn|6\n|inactive|Dodo18 has 30 seconds left.\n|inactive|Dodo18 has 20 seconds left.\n|\n|t:|1682042968\n|switch|p2a: Flutter Mane|Flutter Mane, L50|100\/100\n|-enditem|p2a: Flutter Mane|Booster Energy\n|-activate|p2a: Flutter Mane|ability: Protosynthesis|[fromitem]\n|-start|p2a: Flutter Mane|protosynthesisspe\n|move|p2b: Dragonite|Extreme Speed|p1a: Palafin\n|-damage|p1a: Palafin|59\/100 psn\n|move|p1a: Palafin|Jet Punch|p2a: Flutter Mane\n|-damage|p2a: Flutter Mane|0 fnt\n|faint|p2a: Flutter Mane\n|-end|p2a: Flutter Mane|Protosynthesis|[silent]\n|move|p1b: Flutter Mane|Moonblast|p2b: Dragonite\n|-damage|p2b: Dragonite|0 fnt\n|faint|p2b: Dragonite\n|\n|-damage|p1b: Flutter Mane|77\/100 psn|[from] psn\n|-damage|p1a: Palafin|47\/100 psn|[from] psn\n|upkeep\n|\n|t:|1682042980\n|switch|p2a: Glimmora|Glimmora, L50, M|1\/100\n|switch|p2b: Chi-Yu|Chi-Yu, L50|100\/100\n|-ability|p2b: Chi-Yu|Beads of Ruin\n|turn|7\n|\n|t:|1682042996\n|move|p2b: Chi-Yu|Protect|p2b: Chi-Yu\n|-singleturn|p2b: Chi-Yu|Protect\n|move|p2a: Glimmora|Spiky Shield|p2a: Glimmora\n|-singleturn|p2a: Glimmora|move: Protect\n|move|p1a: Palafin|Jet Punch|p2b: Chi-Yu\n|-activate|p2b: Chi-Yu|move: Protect\n|move|p1b: Flutter Mane|Moonblast|p2a: Glimmora\n|-activate|p2a: Glimmora|move: Protect\n|\n|-damage|p1b: Flutter Mane|65\/100 psn|[from] psn\n|-damage|p1a: Palafin|34\/100 psn|[from] psn\n|upkeep\n|turn|8\n|inactive|Dodo18 has 30 seconds left.\n|inactive|Dodo18 has 20 seconds left.\n|\n|t:|1682043031\n|move|p2a: Glimmora|Spiky Shield||[still]\n|-fail|p2a: Glimmora\n|move|p1a: Palafin|Jet Punch|p2b: Chi-Yu\n|-supereffective|p2b: Chi-Yu\n|-damage|p2b: Chi-Yu|0 fnt\n|faint|p2b: Chi-Yu\n|move|p1b: Flutter Mane|Moonblast|p2a: Glimmora\n|-resisted|p2a: Glimmora\n|-damage|p2a: Glimmora|0 fnt\n|faint|p2a: Glimmora\n|\n|win|123datastage123\n|raw|123datastage123's rating: 1235 → 1260<\/strong> (+25 for winning)\n|raw|Dodo18's rating: 1240 → 1215<\/strong> (-25 for losing)\n|l|\u2606Dodo18\n","uploadtime":1682043039,"views":9,"p1id":"123datastage123","p2id":"dodo18","formatid":"gen9vgc2023regulationc","rating":1215,"private":0,"password":""}