{"id":"gen9vgc2023regulationc-1850844587","p1":"19402u","p2":"Lucawufflekinz","format":"[Gen 9] VGC 2023 Regulation C","log":"|j|\u260619402u\n|j|\u2606Lucawufflekinz\n|t:|1682373598\n|gametype|doubles\n|player|p1|19402u|101|1530\n|player|p2|Lucawufflekinz|101|1589\n|teamsize|p1|6\n|teamsize|p2|6\n|gen|9\n|tier|[Gen 9] VGC 2023 Regulation C\n|rated|\n|rule|Species Clause: Limit one of each Pok\u00e9mon\n|rule|Item Clause: Limit one of each item\n|clearpoke\n|poke|p1|Palafin, L50, M|\n|poke|p1|Arcanine, L50, F|\n|poke|p1|Amoonguss, L50, F|\n|poke|p1|Kingambit, L50, F|\n|poke|p1|Flutter Mane, L50|\n|poke|p1|Dragonite, L50, M|\n|poke|p2|Gothitelle, L50, F|\n|poke|p2|Wo-Chien, L50|\n|poke|p2|Scream Tail, L50|\n|poke|p2|Flutter Mane, L50|\n|poke|p2|Volcarona, L50, M|\n|poke|p2|Azumarill, L50, F|\n|teampreview|4\n19402u has agreed to open team sheets.\n|\n|t:|1682373658\n|start\n|switch|p1a: Flutter Mane|Flutter Mane, L50|100\/100\n|switch|p1b: Kingambit|Kingambit, L50, F|100\/100\n|switch|p2a: Flutter Mane|Flutter Mane, L50|100\/100\n|switch|p2b: Scream Tail|Scream Tail, L50|100\/100\n|-enditem|p1a: Flutter Mane|Booster Energy\n|-activate|p1a: Flutter Mane|ability: Protosynthesis|[fromitem]\n|-start|p1a: Flutter Mane|protosynthesisspa\n|-enditem|p2b: Scream Tail|Booster Energy\n|-activate|p2b: Scream Tail|ability: Protosynthesis|[fromitem]\n|-start|p2b: Scream Tail|protosynthesisspe\n|turn|1\n|\n|t:|1682373684\n|move|p2a: Flutter Mane|Protect|p2a: Flutter Mane\n|-singleturn|p2a: Flutter Mane|Protect\n|move|p2b: Scream Tail|Play Rough|p1a: Flutter Mane\n|-damage|p1a: Flutter Mane|59\/100\n|move|p1a: Flutter Mane|Dazzling Gleam|p2a: Flutter Mane|[spread] p2b\n|-activate|p2a: Flutter Mane|move: Protect\n|-damage|p2b: Scream Tail|69\/100\n|move|p1b: Kingambit|Swords Dance|p1b: Kingambit\n|-boost|p1b: Kingambit|atk|2\n|\n|upkeep\n|turn|2\n|\n|t:|1682373715\n|move|p1b: Kingambit|Sucker Punch|p2a: Flutter Mane\n|-enditem|p2a: Flutter Mane|Focus Sash\n|-damage|p2a: Flutter Mane|1\/100\n|move|p2b: Scream Tail|Perish Song|p2b: Scream Tail\n|-start|p1a: Flutter Mane|perish3|[silent]\n|-start|p1b: Kingambit|perish3|[silent]\n|-start|p2a: Flutter Mane|perish3|[silent]\n|-start|p2b: Scream Tail|perish3|[silent]\n|-fieldactivate|move: Perish Song\n|move|p2a: Flutter Mane|Shadow Ball|p1a: Flutter Mane\n|-supereffective|p1a: Flutter Mane\n|-damage|p1a: Flutter Mane|0 fnt\n|faint|p1a: Flutter Mane\n|-end|p1a: Flutter Mane|Protosynthesis|[silent]\n|\n|-start|p2b: Scream Tail|perish3\n|-start|p2a: Flutter Mane|perish3\n|-start|p1b: Kingambit|perish3\n|upkeep\n|\n|t:|1682373736\n|switch|p1a: Dragonite|Dragonite, L50, M|100\/100\n|turn|3\n|\n|t:|1682373761\n|-end|p2a: Flutter Mane|Protosynthesis|[silent]\n|switch|p2a: Gothitelle|Gothitelle, L50, F|100\/100\n|switch|p1b: Arcanine|Arcanine, L50, F|100\/100\n|-ability|p1b: Arcanine|Intimidate|boost\n|-unboost|p2a: Gothitelle|atk|1\n|-unboost|p2b: Scream Tail|atk|1\n|-terastallize|p1a: Dragonite|Flying\n|move|p2b: Scream Tail|Encore||[still]\n|-fail|p2b: Scream Tail\n|move|p1a: Dragonite|Tera Blast|p2b: Scream Tail\n|-damage|p2b: Scream Tail|22\/100\n|\n|-start|p2b: Scream Tail|perish2\n|upkeep\n|turn|4\n|\n|t:|1682373793\n|move|p2a: Gothitelle|Fake Out|p1b: Arcanine\n|-damage|p1b: Arcanine|97\/100\n|cant|p1b: Arcanine|flinch\n|move|p1a: Dragonite|Extreme Speed|p2b: Scream Tail\n|-damage|p2b: Scream Tail|0 fnt\n|faint|p2b: Scream Tail\n|-end|p2b: Scream Tail|Protosynthesis|[silent]\n|\n|upkeep\n|\n|t:|1682373802\n|switch|p2b: Flutter Mane|Flutter Mane, L50|1\/100\n|turn|5\n|\n|t:|1682373826\n|switch|p2a: Wo-Chien|Wo-Chien, L50|100\/100\n|-ability|p2a: Wo-Chien|Tablets of Ruin\n|move|p2b: Flutter Mane|Perish Song|p2b: Flutter Mane\n|-start|p1a: Dragonite|perish3|[silent]\n|-start|p1b: Arcanine|perish3|[silent]\n|-start|p2a: Wo-Chien|perish3|[silent]\n|-start|p2b: Flutter Mane|perish3|[silent]\n|-fieldactivate|move: Perish Song\n|move|p1b: Arcanine|Howl|p1b: Arcanine|[spread] p1a,p1b\n|-boost|p1a: Dragonite|atk|1\n|-boost|p1b: Arcanine|atk|1\n|move|p1a: Dragonite|Tera Blast|p2b: Flutter Mane\n|-crit|p2b: Flutter Mane\n|-damage|p2b: Flutter Mane|0 fnt\n|faint|p2b: Flutter Mane\n|-end|p2b: Flutter Mane|Protosynthesis|[silent]\n|\n|-start|p1b: Arcanine|perish3\n|-start|p1a: Dragonite|perish3\n|-start|p2a: Wo-Chien|perish3\n|upkeep\n|c|\u2606Lucawufflekinz|Wait\n|c|\u2606Lucawufflekinz|why did I do that lol\n|-message|Lucawufflekinz forfeited.\n|\n|win|19402u\n|raw|19402u's rating: 1530 → 1553<\/strong> (+23 for winning)\n|raw|Lucawufflekinz's rating: 1589 → 1566<\/strong> (-23 for losing)\n|l|\u2606Lucawufflekinz\n","uploadtime":1682373882,"views":11,"p1id":"19402u","p2id":"lucawufflekinz","formatid":"gen9vgc2023regulationc","rating":1553,"private":0,"password":""}