{"id":"gen9vgc2023regulationc-1856435539","p1":"KiranSnorlax","p2":"dcwcdw","format":"[Gen 9] VGC 2023 Regulation C","log":"|j|\u2606KiranSnorlax\n|j|\u2606dcwcdw\n|t:|1683061297\n|gametype|doubles\n|player|p1|KiranSnorlax|skier|1000\n|player|p2|dcwcdw|1|1040\n|teamsize|p1|6\n|teamsize|p2|6\n|gen|9\n|tier|[Gen 9] VGC 2023 Regulation C\n|rated|\n|rule|Species Clause: Limit one of each Pok\u00e9mon\n|rule|Item Clause: Limit one of each item\n|clearpoke\n|poke|p1|Flutter Mane, L50|\n|poke|p1|Palafin, L50, F|\n|poke|p1|Arcanine, L50, F|\n|poke|p1|Iron Hands, L50|\n|poke|p1|Maushold-Four, L50|\n|poke|p1|Glimmora, L50, F|\n|poke|p2|Palafin, L50, M|\n|poke|p2|Tatsugiri-Stretchy, L50, F|\n|poke|p2|Iron Bundle, L50|\n|poke|p2|Arcanine, L50, M|\n|poke|p2|Amoonguss, L50, M|\n|poke|p2|Flutter Mane, L50|\n|teampreview|4\n|inactive|Battle timer is ON: inactive players will automatically lose when time's up. (requested by KiranSnorlax)\n|inactive|KiranSnorlax has 60 seconds left.\n|\n|t:|1683061336\n|start\n|switch|p1a: Maushold|Maushold-Four, L50|100\/100\n|switch|p1b: Palafin|Palafin, L50, F|100\/100\n|switch|p2a: Amoonguss|Amoonguss, L50, M, shiny|100\/100\n|switch|p2b: Iron Bundle|Iron Bundle, L50|100\/100\n|-enditem|p2b: Iron Bundle|Booster Energy\n|-activate|p2b: Iron Bundle|ability: Quark Drive|[fromitem]\n|-start|p2b: Iron Bundle|quarkdrivespe\n|turn|1\n|inactive|KiranSnorlax has 30 seconds left.\n|inactive|dcwcdw has 30 seconds left.\n|\n|t:|1683061370\n|detailschange|p1b: Palafin|Palafin-Hero, L50, F\n|switch|p1b: Flutter Mane|Flutter Mane, L50|100\/100\n|-enditem|p1b: Flutter Mane|Booster Energy\n|-activate|p1b: Flutter Mane|ability: Protosynthesis|[fromitem]\n|-start|p1b: Flutter Mane|protosynthesisspa\n|move|p2a: Amoonguss|Rage Powder|p2a: Amoonguss\n|-singleturn|p2a: Amoonguss|move: Rage Powder\n|move|p2b: Iron Bundle|Hydro Pump|p1b: Flutter Mane\n|-crit|p1b: Flutter Mane\n|-damage|p1b: Flutter Mane|41\/100\n|move|p1a: Maushold|Taunt|p2a: Amoonguss\n|-start|p2a: Amoonguss|move: Taunt\n|\n|upkeep\n|turn|2\n|inactive|KiranSnorlax has 30 seconds left.\n|\n|t:|1683061397\n|-terastallize|p2b: Iron Bundle|Steel\n|move|p2b: Iron Bundle|Tera Blast|p1b: Flutter Mane\n|-supereffective|p1b: Flutter Mane\n|-damage|p1b: Flutter Mane|0 fnt\n|faint|p1b: Flutter Mane\n|-end|p1b: Flutter Mane|Protosynthesis|[silent]\n|move|p1a: Maushold|Switcheroo|p1: Flutter Mane|[notarget]\n|-fail|p1a: Maushold\n|move|p2a: Amoonguss|Pollen Puff|p2b: Iron Bundle\n|-immune|p2b: Iron Bundle\n|\n|upkeep\n|\n|t:|1683061407\n|switch|p1b: Palafin|Palafin-Hero, L50, F|100\/100\n|-activate|p1b: Palafin|ability: Zero to Hero\n|turn|3\n|\n|t:|1683061416\n|move|p1a: Maushold|Follow Me|p1a: Maushold\n|-singleturn|p1a: Maushold|move: Follow Me\n|move|p2b: Iron Bundle|Freeze-Dry|p1a: Maushold\n|-damage|p1a: Maushold|57\/100\n|-status|p1a: Maushold|frz\n|move|p1b: Palafin|Boomburst|p2a: Amoonguss|[spread] p1a,p2a,p2b\n|-resisted|p2b: Iron Bundle\n|-damage|p1a: Maushold|27\/100 frz\n|-damage|p2a: Amoonguss|82\/100\n|-damage|p2b: Iron Bundle|74\/100\n|-enditem|p1b: Palafin|Throat Spray\n|-boost|p1b: Palafin|spa|1|[from] item: Throat Spray\n|move|p2a: Amoonguss|Pollen Puff|p1a: Maushold\n|-damage|p1a: Maushold|3\/100 frz\n|\n|-heal|p1a: Maushold|9\/100 frz|[from] item: Leftovers\n|upkeep\n|turn|4\n|\n|t:|1683061440\n|move|p2b: Iron Bundle|Freeze-Dry|p1b: Palafin\n|-supereffective|p1b: Palafin\n|-damage|p1b: Palafin|29\/100\n|cant|p1a: Maushold|frz\n|move|p1b: Palafin|Acrobatics|p2a: Amoonguss\n|-supereffective|p2a: Amoonguss\n|-damage|p2a: Amoonguss|0 fnt\n|faint|p2a: Amoonguss\n|\n|-heal|p1a: Maushold|15\/100 frz|[from] item: Leftovers\n|upkeep\n|\n|t:|1683061458\n|switch|p2a: Tatsugiri|Tatsugiri-Stretchy, L50, F|100\/100\n|turn|5\n|inactive|KiranSnorlax has 30 seconds left.\n|\n|t:|1683061484\n|switch|p1a: Iron Hands|Iron Hands, L50|100\/100\n|move|p1b: Palafin|Protect|p1b: Palafin\n|-singleturn|p1b: Palafin|Protect\n|move|p2b: Iron Bundle|Freeze-Dry|p1b: Palafin\n|-activate|p1b: Palafin|move: Protect\n|move|p2a: Tatsugiri|Nasty Plot|p2a: Tatsugiri\n|-boost|p2a: Tatsugiri|spa|2\n|\n|upkeep\n|turn|6\n|inactive|KiranSnorlax has 30 seconds left.\n|inactive|KiranSnorlax has 20 seconds left.\n|\n|t:|1683061520\n|move|p1a: Iron Hands|Fake Out|p2b: Iron Bundle\n|-resisted|p2b: Iron Bundle\n|-damage|p2b: Iron Bundle|63\/100\n|move|p1b: Palafin|Jet Punch|p2a: Tatsugiri\n|-ability|p2a: Tatsugiri|Storm Drain|boost\n|-boost|p2a: Tatsugiri|spa|1\n|cant|p2b: Iron Bundle|flinch\n|move|p2a: Tatsugiri|Muddy Water|p1b: Palafin|[spread] p1a,p1b\n|-resisted|p1b: Palafin\n|-damage|p1a: Iron Hands|9\/100\n|-damage|p1b: Palafin|0 fnt\n|-unboost|p1a: Iron Hands|accuracy|1\n|faint|p1b: Palafin\n|\n|upkeep\n|\n|t:|1683061532\n|switch|p1b: Maushold|Maushold-Four, L50|15\/100 frz\n|turn|7\n|\n|t:|1683061537\n|-curestatus|p1b: Maushold|frz|[msg]\n|move|p1b: Maushold|Follow Me|p1b: Maushold\n|-singleturn|p1b: Maushold|move: Follow Me\n|move|p2b: Iron Bundle|Freeze-Dry|p1b: Maushold\n|-damage|p1b: Maushold|0 fnt\n|faint|p1b: Maushold\n|move|p2a: Tatsugiri|Muddy Water|p1a: Iron Hands|[miss]\n|-miss|p2a: Tatsugiri|p1a: Iron Hands\n|move|p1a: Iron Hands|Earthquake|p2a: Tatsugiri|[spread] p2b\n|-miss|p1a: Iron Hands|p2a: Tatsugiri\n|-supereffective|p2b: Iron Bundle\n|-damage|p2b: Iron Bundle|0 fnt\n|faint|p2b: Iron Bundle\n|-end|p2b: Iron Bundle|Quark Drive|[silent]\n|\n|upkeep\n|\n|t:|1683061549\n|switch|p2b: Flutter Mane|Flutter Mane, L50|100\/100\n|turn|8\n|-message|KiranSnorlax forfeited.\n|\n|win|dcwcdw\n|raw|KiranSnorlax's rating: 1000 → 1000<\/strong> (+0 for losing)\n|raw|dcwcdw's rating: 1040 → 1070<\/strong> (+30 for winning)\n|l|\u2606KiranSnorlax\n","uploadtime":1683061563,"views":12,"p1id":"kiransnorlax","p2id":"dcwcdw","formatid":"gen9vgc2023regulationc","rating":1000,"private":0,"password":""}