{"id":"gen9vgc2023regulationc-1864384178","p1":"makapaka04","p2":"frazzledazzle33","format":"[Gen 9] VGC 2023 Regulation C","log":"|j|\u2606makapaka04\n|j|\u2606frazzledazzle33\n|t:|1684161720\n|gametype|doubles\n|player|p1|makapaka04|lucas|1144\n|player|p2|frazzledazzle33|102|1185\n|teamsize|p1|6\n|teamsize|p2|6\n|gen|9\n|tier|[Gen 9] VGC 2023 Regulation C\n|rated|\n|rule|Species Clause: Limit one of each Pok\u00e9mon\n|rule|Item Clause: Limit one of each item\n|clearpoke\n|poke|p1|Indeedee-F, L50, F|\n|poke|p1|Hatterene, L50, F|\n|poke|p1|Torkoal, L50, M|\n|poke|p1|Armarouge, L50, M|\n|poke|p1|Kingambit, L50, F|\n|poke|p1|Lurantis, L50, F|\n|poke|p2|Gothitelle, L50, F|\n|poke|p2|Palafin, L50, M|\n|poke|p2|Amoonguss, L50, F|\n|poke|p2|Iron Hands, L50|\n|poke|p2|Kingambit, L50, F|\n|poke|p2|Flutter Mane, L50|\n|teampreview|4\n|inactive|Battle timer is ON: inactive players will automatically lose when time's up. (requested by makapaka04)\n|inactive|frazzledazzle33 has 60 seconds left.\n|\n|t:|1684161762\n|start\n|switch|p1a: Indeedee|Indeedee-F, L50, F|100\/100\n|switch|p1b: Hatterene|Hatterene, L50, F|100\/100\n|switch|p2a: Gothitelle|Gothitelle, L50, F|100\/100\n|switch|p2b: Kingambit|Kingambit, L50, F|100\/100\n|-fieldstart|move: Psychic Terrain|[from] ability: Psychic Surge|[of] p1a: Indeedee\n|-enditem|p1a: Indeedee|Psychic Seed\n|-boost|p1a: Indeedee|spd|1|[from] item: Psychic Seed\n|turn|1\n|\n|t:|1684161776\n|move|p2a: Gothitelle|Helping Hand|p2b: Kingambit\n|-singleturn|p2b: Kingambit|Helping Hand|[of] p2a: Gothitelle\n|move|p1a: Indeedee|Follow Me|p1a: Indeedee\n|-singleturn|p1a: Indeedee|move: Follow Me\n|move|p2b: Kingambit|Kowtow Cleave|p1a: Indeedee\n|-supereffective|p1a: Indeedee\n|-damage|p1a: Indeedee|0 fnt\n|faint|p1a: Indeedee\n|move|p1b: Hatterene|Trick Room|p1b: Hatterene\n|-fieldstart|move: Trick Room|[of] p1b: Hatterene\n|\n|upkeep\n|\n|t:|1684161787\n|switch|p1a: Torkoal|Torkoal, L50, M|100\/100\n|-weather|SunnyDay|[from] ability: Drought|[of] p1a: Torkoal\n|turn|2\n|\n|t:|1684161810\n|-terastallize|p2a: Gothitelle|Water\n|move|p1a: Torkoal|Eruption|p2b: Kingambit|[spread] p2a,p2b\n|-resisted|p2a: Gothitelle\n|-supereffective|p2b: Kingambit\n|-damage|p2a: Gothitelle|71\/100\n|-damage|p2b: Kingambit|0 fnt\n|faint|p2b: Kingambit\n|move|p1b: Hatterene|Mystical Fire|p2a: Gothitelle\n|-resisted|p2a: Gothitelle\n|-damage|p2a: Gothitelle|51\/100\n|-unboost|p2a: Gothitelle|spa|1\n|-damage|p1b: Hatterene|91\/100|[from] item: Life Orb\n|move|p2a: Gothitelle|Trick Room|p2a: Gothitelle\n|-fieldend|move: Trick Room\n|\n|-weather|SunnyDay|[upkeep]\n|upkeep\n|\n|t:|1684161833\n|switch|p2b: Palafin|Palafin, L50, M|100\/100\n|turn|3\n|\n|t:|1684161847\n|-terastallize|p1a: Torkoal|Grass\n|move|p2b: Palafin|Wave Crash|p1b: Hatterene\n|-damage|p1b: Hatterene|58\/100\n|-damage|p2b: Palafin|91\/100|[from] Recoil\n|move|p2a: Gothitelle|Psychic|p1b: Hatterene\n|-resisted|p1b: Hatterene\n|-damage|p1b: Hatterene|43\/100\n|move|p1b: Hatterene|Psychic|p2a: Gothitelle\n|-damage|p2a: Gothitelle|0 fnt\n|faint|p2a: Gothitelle\n|-damage|p1b: Hatterene|33\/100|[from] item: Life Orb\n|move|p1a: Torkoal|Eruption|p2b: Palafin\n|-resisted|p2b: Palafin\n|-damage|p2b: Palafin|23\/100\n|\n|-weather|SunnyDay|[upkeep]\n|upkeep\n|\n|t:|1684161862\n|switch|p2a: Iron Hands|Iron Hands, L50|100\/100\n|turn|4\n|\n|t:|1684161882\n|move|p2b: Palafin|Wave Crash|p1b: Hatterene\n|-damage|p1b: Hatterene|4\/100\n|-damage|p2b: Palafin|15\/100|[from] Recoil\n|move|p2a: Iron Hands|Wild Charge|p1a: Torkoal\n|-resisted|p1a: Torkoal\n|-damage|p1a: Torkoal|80\/100\n|-damage|p2a: Iron Hands|97\/100|[from] Recoil\n|move|p1a: Torkoal|Flamethrower|p2a: Iron Hands\n|-damage|p2a: Iron Hands|48\/100\n|move|p1b: Hatterene|Trick Room|p1b: Hatterene\n|-fieldstart|move: Trick Room|[of] p1b: Hatterene\n|\n|-weather|SunnyDay|[upkeep]\n|upkeep\n|turn|5\n|\n|t:|1684161898\n|move|p2a: Iron Hands|Protect|p2a: Iron Hands\n|-singleturn|p2a: Iron Hands|Protect\n|move|p2b: Palafin|Protect|p2b: Palafin\n|-singleturn|p2b: Palafin|Protect\n|move|p1a: Torkoal|Flamethrower|p2a: Iron Hands\n|-activate|p2a: Iron Hands|move: Protect\n|move|p1b: Hatterene|Dazzling Gleam|p2b: Palafin|[spread] \n|-activate|p2a: Iron Hands|move: Protect\n|-activate|p2b: Palafin|move: Protect\n|\n|-weather|SunnyDay|[upkeep]\n|-fieldend|move: Psychic Terrain\n|upkeep\n|turn|6\n|\n|t:|1684161916\n|move|p2b: Palafin|Jet Punch|p1b: Hatterene\n|-damage|p1b: Hatterene|0 fnt\n|faint|p1b: Hatterene\n|move|p1a: Torkoal|Eruption|p2a: Iron Hands|[spread] p2a,p2b\n|-resisted|p2b: Palafin\n|-damage|p2a: Iron Hands|2\/100\n|-damage|p2b: Palafin|0 fnt\n|faint|p2b: Palafin\n|move|p2a: Iron Hands|Drain Punch|p1a: Torkoal\n|-damage|p1a: Torkoal|50\/100\n|-heal|p2a: Iron Hands|13\/100|[from] drain|[of] p1a: Torkoal\n|\n|-weather|none\n|upkeep\n|\n|t:|1684161923\n|switch|p1b: Lurantis|Lurantis, L50, F|100\/100\n|turn|7\n|-message|frazzledazzle33 forfeited.\n|\n|win|makapaka04\n|raw|makapaka04's rating: 1144 → 1172<\/strong> (+28 for winning)\n|raw|frazzledazzle33's rating: 1185 → 1157<\/strong> (-28 for losing)\n|l|\u2606frazzledazzle33\n","uploadtime":1684161935,"views":6,"p1id":"makapaka04","p2id":"frazzledazzle33","formatid":"gen9vgc2023regulationc","rating":1157,"private":0,"password":""}