{"id":"gen9vgc2023regulationc-1848023919","p1":"Dekom","p2":"6squirrels","format":"[Gen 9] VGC 2023 Regulation C","log":"|j|\u2606Dekom\n|j|\u26066squirrels\n|t:|1682021680\n|gametype|doubles\n|player|p1|Dekom|medium|1117\n|player|p2|6squirrels|elesa|1106\n|teamsize|p1|6\n|teamsize|p2|6\n|gen|9\n|tier|[Gen 9] VGC 2023 Regulation C\n|rated|\n|rule|Species Clause: Limit one of each Pok\u00e9mon\n|rule|Item Clause: Limit one of each item\n|clearpoke\n|poke|p1|Annihilape, L50, M|\n|poke|p1|Klefki, L50, F|\n|poke|p1|Rotom-Wash, L50|\n|poke|p1|Corviknight, L50, F|\n|poke|p1|Chi-Yu, L50|\n|poke|p1|Iron Bundle, L50|\n|poke|p2|Lilligant, L50, F|\n|poke|p2|Torkoal, L50, M|\n|poke|p2|Dragonite, L50, M|\n|poke|p2|Chien-Pao, L50|\n|poke|p2|Flutter Mane, L50|\n|poke|p2|Great Tusk, L50|\n|teampreview|4\n|inactive|Battle timer is ON: inactive players will automatically lose when time's up. (requested by Dekom)\n|inactive|Dekom has 60 seconds left.\n|\n|t:|1682021718\n|start\n|switch|p1a: Chi-Yu|Chi-Yu, L50|100\/100\n|switch|p1b: Klefki|Klefki, L50, F|100\/100\n|switch|p2a: Lilligant|Lilligant, L50, F|100\/100\n|switch|p2b: Torkoal|Torkoal, L50, M|100\/100\n|-ability|p1a: Chi-Yu|Beads of Ruin\n|-weather|SunnyDay|[from] ability: Drought|[of] p2b: Torkoal\n|turn|1\n|inactive|Dekom has 30 seconds left.\n|inactive|6squirrels has 30 seconds left.\n|inactive|6squirrels has 20 seconds left.\n|\n|t:|1682021753\n|move|p1b: Klefki|Thunder Wave|p2a: Lilligant\n|-status|p2a: Lilligant|par\n|move|p2a: Lilligant|Sleep Powder|p1a: Chi-Yu|[miss]\n|-miss|p2a: Lilligant|p1a: Chi-Yu\n|move|p1a: Chi-Yu|Heat Wave|p2a: Lilligant|[spread] p2a,p2b\n|-supereffective|p2a: Lilligant\n|-resisted|p2b: Torkoal\n|-enditem|p2a: Lilligant|Focus Sash\n|-damage|p2a: Lilligant|1\/100 par\n|-damage|p2b: Torkoal|30\/100\n|-damage|p1a: Chi-Yu|91\/100|[from] item: Life Orb\n|move|p2b: Torkoal|Eruption|p1b: Klefki|[spread] p1a,p1b\n|-resisted|p1a: Chi-Yu\n|-supereffective|p1b: Klefki\n|-damage|p1a: Chi-Yu|80\/100\n|-damage|p1b: Klefki|19\/100\n|\n|-weather|SunnyDay|[upkeep]\n|upkeep\n|turn|2\n|\n|t:|1682021778\n|-terastallize|p1a: Chi-Yu|Grass\n|move|p1b: Klefki|Light Screen|p1b: Klefki\n|-sidestart|p1: Dekom|move: Light Screen\n|move|p2a: Lilligant|Sleep Powder|p1a: Chi-Yu\n|-immune|p1a: Chi-Yu\n|move|p1a: Chi-Yu|Heat Wave|p2a: Lilligant|[spread] p2a,p2b\n|-supereffective|p2a: Lilligant\n|-resisted|p2b: Torkoal\n|-damage|p2a: Lilligant|0 fnt\n|-damage|p2b: Torkoal|0 fnt\n|faint|p2a: Lilligant\n|faint|p2b: Torkoal\n|-damage|p1a: Chi-Yu|70\/100|[from] item: Life Orb\n|\n|-weather|SunnyDay|[upkeep]\n|upkeep\n|\n|t:|1682021793\n|switch|p2a: Flutter Mane|Flutter Mane, L50|100\/100\n|switch|p2b: Great Tusk|Great Tusk, L50|100\/100\n|-activate|p2b: Great Tusk|ability: Protosynthesis\n|-start|p2b: Great Tusk|protosynthesisatk\n|-activate|p2a: Flutter Mane|ability: Protosynthesis\n|-start|p2a: Flutter Mane|protosynthesisspe\n|turn|3\n|inactive|6squirrels has 30 seconds left.\n|inactive|6squirrels has 20 seconds left.\n|\n|t:|1682021829\n|move|p1a: Chi-Yu|Protect|p1a: Chi-Yu\n|-singleturn|p1a: Chi-Yu|Protect\n|move|p1b: Klefki|Thunder Wave|p2a: Flutter Mane\n|-status|p2a: Flutter Mane|par\n|move|p2b: Great Tusk|Close Combat|p1a: Chi-Yu\n|-activate|p1a: Chi-Yu|move: Protect\n|move|p2a: Flutter Mane|Thunderbolt|p1b: Klefki\n|-damage|p1b: Klefki|0 fnt\n|faint|p1b: Klefki\n|\n|-weather|SunnyDay|[upkeep]\n|upkeep\n|\n|t:|1682021836\n|switch|p1b: Iron Bundle|Iron Bundle, L50|100\/100\n|-enditem|p1b: Iron Bundle|Booster Energy\n|-activate|p1b: Iron Bundle|ability: Quark Drive|[fromitem]\n|-start|p1b: Iron Bundle|quarkdrivespe\n|turn|4\n|\n|t:|1682021854\n|move|p1b: Iron Bundle|Icy Wind|p2a: Flutter Mane|[spread] p2a\n|-miss|p1b: Iron Bundle|p2b: Great Tusk\n|-damage|p2a: Flutter Mane|70\/100 par\n|-unboost|p2a: Flutter Mane|spe|1\n|move|p2b: Great Tusk|Close Combat|p1a: Chi-Yu\n|-damage|p1a: Chi-Yu|0 fnt\n|-unboost|p2b: Great Tusk|def|1\n|-unboost|p2b: Great Tusk|spd|1\n|faint|p1a: Chi-Yu\n|move|p2a: Flutter Mane|Thunderbolt|p1b: Iron Bundle\n|-supereffective|p1b: Iron Bundle\n|-damage|p1b: Iron Bundle|0 fnt\n|faint|p1b: Iron Bundle\n|-end|p1b: Iron Bundle|Quark Drive|[silent]\n|\n|-weather|SunnyDay|[upkeep]\n|upkeep\n|\n|t:|1682021859\n|switch|p1b: Corviknight|Corviknight, L50, F|100\/100\n|-ability|p1b: Corviknight|Pressure\n|turn|5\n|\n|t:|1682021882\n|-terastallize|p2b: Great Tusk|Ground\n|move|p2b: Great Tusk|Close Combat|p1b: Corviknight\n|-damage|p1b: Corviknight|23\/100\n|-unboost|p2b: Great Tusk|def|1\n|-unboost|p2b: Great Tusk|spd|1\n|move|p2a: Flutter Mane|Thunderbolt|p1b: Corviknight\n|-supereffective|p1b: Corviknight\n|-damage|p1b: Corviknight|0 fnt\n|faint|p1b: Corviknight\n|\n|win|6squirrels\n|raw|Dekom's rating: 1117 → 1091<\/strong> (-26 for losing)\n|raw|6squirrels's rating: 1106 → 1132<\/strong> (+26 for winning)\n|l|\u2606Dekom\n","uploadtime":1682021908,"views":12,"p1id":"dekom","p2id":"6squirrels","formatid":"gen9vgc2023regulationc","rating":1091,"private":0,"password":""}