{"id":"gen9vgc2023regulationc-1852272480","p1":"DuelLuna","p2":"tastethekoalabear","format":"[Gen 9] VGC 2023 Regulation C","log":"|j|\u2606DuelLuna\n|j|\u2606tastethekoalabear\n|t:|1682538846\n|gametype|doubles\n|player|p1|DuelLuna|caitlin|\n|player|p2|tastethekoalabear|lusamine-nihilego|\n|teamsize|p1|6\n|teamsize|p2|6\n|gen|9\n|tier|[Gen 9] VGC 2023 Regulation C\n|rule|Species Clause: Limit one of each Pok\u00e9mon\n|rule|Item Clause: Limit one of each item\n|clearpoke\n|poke|p1|Gholdengo, L50|\n|poke|p1|Maushold, L50|\n|poke|p1|Iron Bundle, L50|\n|poke|p1|Garchomp, L50, M|\n|poke|p1|Talonflame, L50, M|\n|poke|p1|Iron Hands, L50|\n|poke|p2|Chi-Yu, L50|\n|poke|p2|Flutter Mane, L50|\n|poke|p2|Great Tusk, L50|\n|poke|p2|Torkoal, L50, M|\n|poke|p2|Appletun, L50, M|\n|poke|p2|Jumpluff, L50, M|\n|teampreview|4\nDuelLuna has agreed to open team sheets.\n|c|\u2606DuelLuna|Hf\ntastethekoalabear has agreed to open team sheets.\n|\n|t:|1682538898\n|start\n|switch|p1a: Bolt the birb|Talonflame, L50, M|100\/100\n|switch|p1b: Birdman|Garchomp, L50, M|100\/100\n|switch|p2a: Gerald|Torkoal, L50, M|100\/100\n|switch|p2b: Gucci Mane|Flutter Mane, L50|100\/100\n|-weather|SunnyDay|[from] ability: Drought|[of] p2a: Gerald\n|-activate|p2b: Gucci Mane|ability: Protosynthesis\n|-start|p2b: Gucci Mane|protosynthesisspa\n|turn|1\n|c|\u2606tastethekoalabear|bulky gucci mane bouta pull thru\n|\n|t:|1682538927\n|-terastallize|p2b: Gucci Mane|Fairy\n|-terastallize|p1b: Birdman|Fire\n|move|p2a: Gerald|Protect|p2a: Gerald\n|-singleturn|p2a: Gerald|Protect\n|move|p1a: Bolt the birb|Tailwind|p1a: Bolt the birb\n|-sidestart|p1: DuelLuna|move: Tailwind\n|move|p1b: Birdman|Earthquake|p2a: Gerald|[spread] p2b\n|-activate|p2a: Gerald|move: Protect\n|-immune|p1a: Bolt the birb\n|-damage|p2b: Gucci Mane|0 fnt\n|faint|p2b: Gucci Mane\n|-end|p2b: Gucci Mane|Protosynthesis|[silent]\n|-damage|p1b: Birdman|91\/100|[from] item: Life Orb\n|\n|-weather|SunnyDay|[upkeep]\n|upkeep\n|c|\u2606DuelLuna|Garchomp is simply to good\n|c|\u2606tastethekoalabear|i need to get better at my mind games\n|\n|t:|1682538962\n|switch|p2b: Great Task|Great Tusk, L50|100\/100\n|-activate|p2b: Great Task|ability: Protosynthesis\n|-start|p2b: Great Task|protosynthesisatk\n|turn|2\n|\n|t:|1682538972\n|move|p2b: Great Task|Protect|p2b: Great Task\n|-singleturn|p2b: Great Task|Protect\n|move|p1a: Bolt the birb|Brave Bird|p2b: Great Task\n|-activate|p2b: Great Task|move: Protect\n|move|p1b: Birdman|Earthquake|p2b: Great Task|[spread] p2a\n|-activate|p2b: Great Task|move: Protect\n|-immune|p1a: Bolt the birb\n|-supereffective|p2a: Gerald\n|-damage|p2a: Gerald|20\/100\n|-damage|p1b: Birdman|81\/100|[from] item: Life Orb\n|move|p2a: Gerald|Heat Wave|p1a: Bolt the birb|[spread] p1a,p1b\n|-resisted|p1a: Bolt the birb\n|-resisted|p1b: Birdman\n|-damage|p1a: Bolt the birb|58\/100\n|-damage|p1b: Birdman|49\/100\n|\n|-weather|SunnyDay|[upkeep]\n|upkeep\n|turn|3\n|\n|t:|1682538992\n|move|p2a: Gerald|Protect|p2a: Gerald\n|-singleturn|p2a: Gerald|Protect\n|move|p1a: Bolt the birb|Brave Bird|p2b: Great Task\n|-supereffective|p2b: Great Task\n|-damage|p2b: Great Task|31\/100\n|-damage|p1a: Bolt the birb|29\/100|[from] Recoil\n|move|p1b: Birdman|Earthquake|p2a: Gerald|[spread] p2b\n|-activate|p2a: Gerald|move: Protect\n|-immune|p1a: Bolt the birb\n|-damage|p2b: Great Task|0 fnt\n|faint|p2b: Great Task\n|-end|p2b: Great Task|Protosynthesis|[silent]\n|-damage|p1b: Birdman|39\/100|[from] item: Life Orb\n|\n|-weather|SunnyDay|[upkeep]\n|upkeep\n|\n|t:|1682539009\n|switch|p2b: Tobias|Jumpluff, L50, M|100\/100\n|turn|4\n|\n|t:|1682539018\n|move|p1a: Bolt the birb|Taunt|p2b: Tobias\n|-start|p2b: Tobias|move: Taunt\n|cant|p2b: Tobias|move: Taunt|Sleep Powder\n|move|p1b: Birdman|Stomping Tantrum|p2a: Gerald\n|-supereffective|p2a: Gerald\n|-damage|p2a: Gerald|0 fnt\n|faint|p2a: Gerald\n|-damage|p1b: Birdman|29\/100|[from] item: Life Orb\n|\n|-weather|SunnyDay|[upkeep]\n|-sideend|p1: DuelLuna|move: Tailwind\n|upkeep\n|turn|5\n|\n|t:|1682539030\n|switch|p1b: Ordinance|Iron Bundle, L50|100\/100\n|-enditem|p1b: Ordinance|Booster Energy\n|-activate|p1b: Ordinance|ability: Quark Drive|[fromitem]\n|-start|p1b: Ordinance|quarkdrivespe\n|move|p2b: Tobias|Pollen Puff|p1b: Ordinance\n|-damage|p1b: Ordinance|71\/100\n|move|p1a: Bolt the birb|Brave Bird|p2b: Tobias\n|-supereffective|p2b: Tobias\n|-damage|p2b: Tobias|0 fnt\n|faint|p2b: Tobias\n|-damage|p1a: Bolt the birb|0 fnt|[from] Recoil\n|faint|p1a: Bolt the birb\n|\n|win|DuelLuna\n|c|\u2606DuelLuna|Gg\n","uploadtime":1682539048,"views":10,"p1id":"duelluna","p2id":"tastethekoalabear","formatid":"gen9vgc2023regulationc","rating":0,"private":0,"password":""}