{"id":"gen9vgc2023regulationc-1852626661","p1":"Filnapo89","p2":"Steakman5","format":"[Gen 9] VGC 2023 Regulation C","log":"|j|\u2606Filnapo89\n|j|\u2606Steakman5\n|t:|1682587524\n|gametype|doubles\n|player|p1|Filnapo89|2|1180\n|player|p2|Steakman5|swimmer-gen4|1150\n|teamsize|p1|6\n|teamsize|p2|6\n|gen|9\n|tier|[Gen 9] VGC 2023 Regulation C\n|rated|\n|rule|Species Clause: Limit one of each Pok\u00e9mon\n|rule|Item Clause: Limit one of each item\n|clearpoke\n|poke|p1|Gyarados, L50, F|\n|poke|p1|Orthworm, L50, F|\n|poke|p1|Ting-Lu, L50|\n|poke|p1|Flutter Mane, L50|\n|poke|p1|Dragonite, L50, F|\n|poke|p1|Amoonguss, L50, M|\n|poke|p2|Hawlucha, L50, M|\n|poke|p2|Indeedee-F, L50, F|\n|poke|p2|Flutter Mane, L50|\n|poke|p2|Ting-Lu, L50|\n|poke|p2|Armarouge, L50, M|\n|poke|p2|Chien-Pao, L50|\n|teampreview|4\n|\n|t:|1682587574\n|start\n|switch|p1a: Flutter Mane|Flutter Mane, L50|100\/100\n|switch|p1b: Dragonite|Dragonite, L50, F|100\/100\n|switch|p2a: Indeedee|Indeedee-F, L50, F|100\/100\n|switch|p2b: Armarouge|Armarouge, L50, M|100\/100\n|-fieldstart|move: Psychic Terrain|[from] ability: Psychic Surge|[of] p2a: Indeedee\n|-enditem|p1a: Flutter Mane|Booster Energy\n|-activate|p1a: Flutter Mane|ability: Protosynthesis|[fromitem]\n|-start|p1a: Flutter Mane|protosynthesisspe\n|turn|1\n|\n|t:|1682587613\n|-end|p1a: Flutter Mane|Protosynthesis|[silent]\n|switch|p1a: Deborah|Gyarados, L50, F, shiny|100\/100\n|-ability|p1a: Deborah|Intimidate|boost\n|-unboost|p2a: Indeedee|atk|1\n|-unboost|p2b: Armarouge|atk|1\n|move|p2a: Indeedee|Follow Me|p2a: Indeedee\n|-singleturn|p2a: Indeedee|move: Follow Me\n|move|p1b: Dragonite|Earthquake|p2a: Indeedee|[spread] p2a,p2b\n|-immune|p1a: Deborah\n|-supereffective|p2b: Armarouge\n|-damage|p2a: Indeedee|58\/100\n|-damage|p2b: Armarouge|49\/100\n|-ability|p2b: Armarouge|Weak Armor|boost\n|-unboost|p2b: Armarouge|def|1\n|-boost|p2b: Armarouge|spe|2\n|-enditem|p2b: Armarouge|Weakness Policy\n|-boost|p2b: Armarouge|atk|2|[from] item: Weakness Policy\n|-boost|p2b: Armarouge|spa|2|[from] item: Weakness Policy\n|move|p2b: Armarouge|Expanding Force|p1b: Dragonite|[spread] p1a,p1b\n|-damage|p1a: Deborah|10\/100\n|-damage|p1b: Dragonite|45\/100\n|-enditem|p1a: Deborah|Aguav Berry|[eat]\n|-heal|p1a: Deborah|43\/100|[from] item: Aguav Berry\n|\n|upkeep\n|turn|2\n|\n|t:|1682587661\n|switch|p1b: Ting-Lu|Ting-Lu, L50|100\/100\n|-ability|p1b: Ting-Lu|Vessel of Ruin\n|move|p2b: Armarouge|Expanding Force|p1b: Ting-Lu|[spread] p1a\n|-immune|p1b: Ting-Lu\n|-damage|p1a: Deborah|0 fnt\n|faint|p1a: Deborah\n|move|p2a: Indeedee|Heal Pulse|p2b: Armarouge\n|-heal|p2b: Armarouge|99\/100\n|\n|upkeep\n|\n|t:|1682587669\n|switch|p1a: Flutter Mane|Flutter Mane, L50|100\/100\n|turn|3\n|\n|t:|1682587702\n|-terastallize|p2b: Armarouge|Fire\n|move|p1a: Flutter Mane|Protect|p1a: Flutter Mane\n|-singleturn|p1a: Flutter Mane|Protect\n|move|p2a: Indeedee|Follow Me|p2a: Indeedee\n|-singleturn|p2a: Indeedee|move: Follow Me\n|move|p2b: Armarouge|Aura Sphere|p1b: Ting-Lu\n|-supereffective|p1b: Ting-Lu\n|-damage|p1b: Ting-Lu|52\/100\n|move|p1b: Ting-Lu|Earthquake|p2a: Indeedee|[spread] p2a,p2b\n|-activate|p1a: Flutter Mane|move: Protect\n|-crit|p2a: Indeedee\n|-supereffective|p2b: Armarouge\n|-damage|p2a: Indeedee|0 fnt\n|-damage|p2b: Armarouge|0 fnt\n|faint|p2a: Indeedee\n|faint|p2b: Armarouge\n|\n|upkeep\n|\n|t:|1682587725\n|switch|p2a: Chien-Pao|Chien-Pao, L50|100\/100\n|switch|p2b: Hawlucha|Hawlucha, L50, M|100\/100\n|-ability|p2a: Chien-Pao|Sword of Ruin\n|-enditem|p2b: Hawlucha|Psychic Seed\n|-boost|p2b: Hawlucha|spd|1|[from] item: Psychic Seed\n|turn|4\n|\n|t:|1682587748\n|switch|p1b: Dragonite|Dragonite, L50, F|45\/100\n|move|p2b: Hawlucha|Swords Dance|p2b: Hawlucha\n|-boost|p2b: Hawlucha|atk|2\n|move|p2a: Chien-Pao|Sacred Sword|p1b: Dragonite\n|-resisted|p1b: Dragonite\n|-damage|p1b: Dragonite|28\/100\n|move|p1a: Flutter Mane|Dazzling Gleam|p2b: Hawlucha|[spread] p2a,p2b\n|-supereffective|p2a: Chien-Pao\n|-supereffective|p2b: Hawlucha\n|-enditem|p2a: Chien-Pao|Focus Sash\n|-damage|p2a: Chien-Pao|1\/100\n|-damage|p2b: Hawlucha|40\/100\n|\n|upkeep\n|turn|5\n|\n|t:|1682587790\n|switch|p1b: Ting-Lu|Ting-Lu, L50|52\/100\n|-ability|p1b: Ting-Lu|Vessel of Ruin\n|move|p2b: Hawlucha|Acrobatics|p1a: Flutter Mane\n|-damage|p1a: Flutter Mane|0 fnt\n|faint|p1a: Flutter Mane\n|-end|p1a: Flutter Mane|Protosynthesis|[silent]\n|move|p2a: Chien-Pao|Ice Spinner|p1b: Ting-Lu\n|-supereffective|p1b: Ting-Lu\n|-damage|p1b: Ting-Lu|0 fnt\n|-fieldend|move: Psychic Terrain\n|faint|p1b: Ting-Lu\n|\n|upkeep\n|\n|t:|1682587798\n|switch|p1a: Dragonite|Dragonite, L50, F|28\/100\n|turn|6\n|-message|Filnapo89 forfeited.\n|\n|win|Steakman5\n|raw|Filnapo89's rating: 1180 → 1153<\/strong> (-27 for losing)\n|raw|Steakman5's rating: 1150 → 1177<\/strong> (+27 for winning)\n|l|\u2606Filnapo89\n","uploadtime":1682587818,"views":15,"p1id":"filnapo89","p2id":"steakman5","formatid":"gen9vgc2023regulationc","rating":1153,"private":0,"password":""}