{"id":"gen9vgc2023regulationc-1856485115","p1":"bananahammer74","p2":"haha you rage quit","format":"[Gen 9] VGC 2023 Regulation C","log":"|j|\u2606bananahammer74\n|j|\u2606haha you rage quit\n|t:|1683066742\n|gametype|doubles\n|player|p1|bananahammer74|swimmer-gen4dp|1382\n|player|p2|haha you rage quit|pokemaniac|1297\n|teamsize|p1|6\n|teamsize|p2|6\n|gen|9\n|tier|[Gen 9] VGC 2023 Regulation C\n|rated|\n|rule|Species Clause: Limit one of each Pok\u00e9mon\n|rule|Item Clause: Limit one of each item\n|clearpoke\n|poke|p1|Chien-Pao, L50|\n|poke|p1|Scizor, L50, F|\n|poke|p1|Kilowattrel, L50, M|\n|poke|p1|Flutter Mane, L50|\n|poke|p1|Garchomp, L50, F|\n|poke|p1|Glimmora, L50, M|\n|poke|p2|Flutter Mane, L50|\n|poke|p2|Chi-Yu, L50|\n|poke|p2|Great Tusk, L50|\n|poke|p2|Gholdengo, L50|\n|poke|p2|Murkrow, L50, M|\n|poke|p2|Talonflame, L50, M|\n|teampreview|4\n|inactive|Battle timer is ON: inactive players will automatically lose when time's up. (requested by bananahammer74)\nbananahammer74 has agreed to open team sheets.\n|inactive|bananahammer74 has 60 seconds left.\n|inactive|haha you rage quit has 60 seconds left.\n|inactive|bananahammer74 has 30 seconds left.\n|\n|t:|1683066814\n|start\n|switch|p1a: Glimmora|Glimmora, L50, M|100\/100\n|switch|p1b: Scizor|Scizor, L50, F|100\/100\n|switch|p2a: Great Tusk|Great Tusk, L50, shiny|100\/100\n|switch|p2b: Murkrow|Murkrow, L50, M|100\/100\n|turn|1\n|inactive|bananahammer74 has 30 seconds left.\n|inactive|bananahammer74 has 20 seconds left.\n|inactive|bananahammer74 has 15 seconds left.\n|inactive|haha you rage quit has 30 seconds left.\n|\n|t:|1683066857\n|-terastallize|p1a: Glimmora|Grass\n|move|p2b: Murkrow|Tailwind|p2b: Murkrow\n|-sidestart|p2: haha you rage quit|move: Tailwind\n|move|p2a: Great Tusk|Earthquake|p1b: Scizor|[spread] p1a,p1b\n|-immune|p2b: Murkrow\n|-resisted|p1a: Glimmora\n|-crit|p1b: Scizor\n|-damage|p1a: Glimmora|75\/100\n|-damage|p1b: Scizor|0 fnt\n|-activate|p1a: Glimmora|ability: Toxic Debris\n|-sidestart|p2: haha you rage quit|move: Toxic Spikes\n|faint|p1b: Scizor\n|move|p1a: Glimmora|Energy Ball|p2a: Great Tusk\n|-supereffective|p2a: Great Tusk\n|-damage|p2a: Great Tusk|2\/100\n|\n|upkeep\n|\n|t:|1683066872\n|switch|p1b: Flutter Mane|Flutter Mane, L50|100\/100\n|-enditem|p1b: Flutter Mane|Booster Energy\n|-activate|p1b: Flutter Mane|ability: Protosynthesis|[fromitem]\n|-start|p1b: Flutter Mane|protosynthesisspa\n|turn|2\n|\n|t:|1683066885\n|move|p1b: Flutter Mane|Protect|p1b: Flutter Mane\n|-singleturn|p1b: Flutter Mane|Protect\n|move|p2b: Murkrow|Sunny Day|p2b: Murkrow\n|-weather|SunnyDay\n|-activate|p2a: Great Tusk|ability: Protosynthesis\n|-start|p2a: Great Tusk|protosynthesisatk\n|move|p2a: Great Tusk|Earthquake|p1b: Flutter Mane|[spread] p1a\n|-activate|p1b: Flutter Mane|move: Protect\n|-immune|p2b: Murkrow\n|-resisted|p1a: Glimmora\n|-damage|p1a: Glimmora|45\/100\n|-activate|p1a: Glimmora|ability: Toxic Debris\n|-sidestart|p2: haha you rage quit|move: Toxic Spikes\n|move|p1a: Glimmora|Mortal Spin|p2a: Great Tusk|[spread] p2a,p2b\n|-resisted|p2a: Great Tusk\n|-damage|p2a: Great Tusk|1\/100\n|-damage|p2b: Murkrow|91\/100\n|-status|p2a: Great Tusk|psn\n|-status|p2b: Murkrow|psn\n|\n|-weather|SunnyDay|[upkeep]\n|-damage|p2b: Murkrow|79\/100 psn|[from] psn\n|-damage|p2a: Great Tusk|0 fnt|[from] psn\n|faint|p2a: Great Tusk\n|-end|p2a: Great Tusk|Protosynthesis|[silent]\n|upkeep\n|\n|t:|1683066898\n|switch|p2a: Gholdengo|Gholdengo, L50|100\/100\n|turn|3\n|\n|t:|1683066913\n|-end|p1b: Flutter Mane|Protosynthesis|[silent]\n|switch|p1b: Garchomp|Garchomp, L50, F|100\/100\n|move|p2b: Murkrow|Foul Play|p2a: Gholdengo\n|-supereffective|p2a: Gholdengo\n|-damage|p2a: Gholdengo|72\/100\n|-enditem|p2a: Gholdengo|Weakness Policy\n|-boost|p2a: Gholdengo|atk|2|[from] item: Weakness Policy\n|-boost|p2a: Gholdengo|spa|2|[from] item: Weakness Policy\n|move|p2a: Gholdengo|Make It Rain|p1a: Glimmora|[spread] p1a,p1b\n|-damage|p1a: Glimmora|0 fnt\n|-damage|p1b: Garchomp|0 fnt\n|-unboost|p2a: Gholdengo|spa|1\n|faint|p1a: Glimmora\n|faint|p1b: Garchomp\n|\n|-weather|SunnyDay|[upkeep]\n|-damage|p2b: Murkrow|67\/100 psn|[from] psn\n|upkeep\n|\n|t:|1683066929\n|switch|p1a: Flutter Mane|Flutter Mane, L50|100\/100\n|-activate|p1a: Flutter Mane|ability: Protosynthesis\n|-start|p1a: Flutter Mane|protosynthesisspa\n|turn|4\n|\n|t:|1683066935\n|move|p1a: Flutter Mane|Protect|p1a: Flutter Mane\n|-singleturn|p1a: Flutter Mane|Protect\n|move|p2b: Murkrow|Foul Play|p1a: Flutter Mane\n|-activate|p1a: Flutter Mane|move: Protect\n|move|p2a: Gholdengo|Make It Rain|p1a: Flutter Mane\n|-activate|p1a: Flutter Mane|move: Protect\n|\n|-weather|SunnyDay|[upkeep]\n|-damage|p2b: Murkrow|55\/100 psn|[from] psn\n|-sideend|p2: haha you rage quit|move: Tailwind\n|upkeep\n|turn|5\n|\n|t:|1683066947\n|move|p2b: Murkrow|Tailwind|p2b: Murkrow\n|-sidestart|p2: haha you rage quit|move: Tailwind\n|move|p2a: Gholdengo|Make It Rain|p1a: Flutter Mane\n|-supereffective|p1a: Flutter Mane\n|-damage|p1a: Flutter Mane|0 fnt\n|-unboost|p2a: Gholdengo|spa|1\n|faint|p1a: Flutter Mane\n|-end|p1a: Flutter Mane|Protosynthesis|[silent]\n|\n|win|haha you rage quit\n|raw|bananahammer74's rating: 1382 → 1357<\/strong> (-25 for losing)\n|raw|haha you rage quit's rating: 1297 → 1328<\/strong> (+31 for winning)\n|l|\u2606bananahammer74\n|l|\u2606haha you rage quit\n|j|\u2606haha you rage quit\n|player|p2|haha you rage quit|pokemaniac\n","uploadtime":1683066968,"views":5,"p1id":"bananahammer74","p2id":"hahayouragequit","formatid":"gen9vgc2023regulationc","rating":1328,"private":0,"password":""}