{"id":"gen9vgc2023regulationc-1855964695","p1":"kimitheweeb","p2":"Shit Tier Pro","format":"[Gen 9] VGC 2023 Regulation C","log":"|j|\u2606kimitheweeb\n|j|\u2606Shit Tier Pro\n|t:|1683008474\n|gametype|doubles\n|player|p1|kimitheweeb|cynthia|1032\n|player|p2|Shit Tier Pro|dancer|1059\n|teamsize|p1|6\n|teamsize|p2|6\n|gen|9\n|tier|[Gen 9] VGC 2023 Regulation C\n|rated|\n|rule|Species Clause: Limit one of each Pok\u00e9mon\n|rule|Item Clause: Limit one of each item\n|clearpoke\n|poke|p1|Lilligant, L50, F|\n|poke|p1|Amoonguss, L50, F|\n|poke|p1|Salamence, L50, M|\n|poke|p1|Rotom-Wash, L50|\n|poke|p1|Tyranitar, L50, M|\n|poke|p1|Eelektross, L50, F|\n|poke|p2|Palafin, L50, F|\n|poke|p2|Tauros-Paldea-Blaze, L50, M|\n|poke|p2|Salamence, L50, M|\n|poke|p2|Grimmsnarl, L50, M|\n|poke|p2|Garganacl, L50, M|\n|poke|p2|Wo-Chien, L50|\n|teampreview|4\n|\n|t:|1683008499\n|start\n|switch|p1a: Amoonguss|Amoonguss, L50, F|100\/100\n|switch|p1b: Lilligant|Lilligant, L50, F|100\/100\n|switch|p2a: Grimmsnarl|Grimmsnarl, L50, M, shiny|100\/100\n|switch|p2b: Salamence|Salamence, L50, M|100\/100\n|-ability|p2b: Salamence|Intimidate|boost\n|-unboost|p1a: Amoonguss|atk|1\n|-fail|p1b: Lilligant|unboost|Attack|[from] ability: Own Tempo|[of] p1b: Lilligant\n|turn|1\n|inactive|Battle timer is ON: inactive players will automatically lose when time's up. (requested by kimitheweeb)\n|\n|t:|1683008514\n|move|p1a: Amoonguss|Rage Powder|p1a: Amoonguss\n|-singleturn|p1a: Amoonguss|move: Rage Powder\n|move|p2a: Grimmsnarl|Taunt|p1a: Amoonguss\n|-start|p1a: Amoonguss|move: Taunt\n|move|p1b: Lilligant|Quiver Dance|p1b: Lilligant\n|-boost|p1b: Lilligant|spa|1\n|-boost|p1b: Lilligant|spd|1\n|-boost|p1b: Lilligant|spe|1\n|move|p2b: Salamence|Dragon Dance|p2b: Salamence\n|-boost|p2b: Salamence|atk|1\n|-boost|p2b: Salamence|spe|1\n|\n|upkeep\n|turn|2\n|\n|t:|1683008535\n|switch|p1a: Salamence|Salamence, L50, M|100\/100\n|-ability|p1a: Salamence|Intimidate|boost\n|-unboost|p2a: Grimmsnarl|atk|1\n|-unboost|p2b: Salamence|atk|1\n|-terastallize|p1b: Lilligant|Rock\n|move|p2a: Grimmsnarl|Taunt|p1b: Lilligant\n|-start|p1b: Lilligant|move: Taunt\n|move|p1b: Lilligant|Tera Blast|p2b: Salamence\n|-supereffective|p2b: Salamence\n|-damage|p2b: Salamence|0 fnt\n|faint|p2b: Salamence\n|\n|upkeep\n|\n|t:|1683008541\n|switch|p2b: Palafin|Palafin, L50, F|100\/100\n|turn|3\n|\n|t:|1683008553\n|detailschange|p2b: Palafin|Palafin-Hero, L50, F\n|switch|p2b: Garganacl|Garganacl, L50, M|100\/100\n|move|p2a: Grimmsnarl|Parting Shot|p1a: Salamence\n|-unboost|p1a: Salamence|atk|1\n|-unboost|p1a: Salamence|spa|1\n|\n|t:|1683008559\n|switch|p2a: Palafin|Palafin-Hero, L50, F|100\/100|[from] Parting Shot\n|-activate|p2a: Palafin|ability: Zero to Hero\n|move|p1b: Lilligant|Giga Drain|p2b: Garganacl\n|-supereffective|p2b: Garganacl\n|-damage|p2b: Garganacl|0 fnt\n|faint|p2b: Garganacl\n|move|p1a: Salamence|Tailwind|p1a: Salamence\n|-sidestart|p1: kimitheweeb|move: Tailwind\n|\n|upkeep\n|\n|t:|1683008567\n|switch|p2b: Grimmsnarl|Grimmsnarl, L50, M, shiny|100\/100\n|turn|4\n|\n|t:|1683008588\n|switch|p1b: Amoonguss|Amoonguss, L50, F|100\/100\n|switch|p1a: Tyranitar|Tyranitar, L50, M|100\/100\n|-weather|Sandstorm|[from] ability: Sand Stream|[of] p1a: Tyranitar\n|-terastallize|p2a: Palafin|Electric\n|move|p2b: Grimmsnarl|Fake Out|p1a: Tyranitar\n|-resisted|p1a: Tyranitar\n|-damage|p1a: Tyranitar|96\/100\n|move|p2a: Palafin|Jet Punch|p1b: Amoonguss\n|-resisted|p1b: Amoonguss\n|-damage|p1b: Amoonguss|82\/100\n|\n|-weather|Sandstorm|[upkeep]\n|-damage|p2a: Palafin|95\/100|[from] Sandstorm\n|-damage|p1b: Amoonguss|76\/100|[from] Sandstorm\n|-damage|p2b: Grimmsnarl|95\/100|[from] Sandstorm\n|upkeep\n|turn|5\n|\n|t:|1683008604\n|move|p1b: Amoonguss|Protect|p1b: Amoonguss\n|-singleturn|p1b: Amoonguss|Protect\n|move|p2b: Grimmsnarl|Taunt|p1b: Amoonguss\n|-activate|p1b: Amoonguss|move: Protect\n|move|p1a: Tyranitar|Bulldoze|p2b: Grimmsnarl|[spread] p2a,p2b\n|-activate|p1b: Amoonguss|move: Protect\n|-supereffective|p2a: Palafin\n|-damage|p2a: Palafin|67\/100\n|-damage|p2b: Grimmsnarl|73\/100\n|-unboost|p2a: Palafin|spe|1\n|move|p2a: Palafin|Drain Punch|p1a: Tyranitar\n|-supereffective|p1a: Tyranitar\n|-damage|p1a: Tyranitar|0 fnt\n|-heal|p2a: Palafin|100\/100|[from] drain|[of] p1a: Tyranitar\n|faint|p1a: Tyranitar\n|\n|-weather|Sandstorm|[upkeep]\n|-damage|p1b: Amoonguss|70\/100|[from] Sandstorm\n|-damage|p2b: Grimmsnarl|67\/100|[from] Sandstorm\n|-damage|p2a: Palafin|95\/100|[from] Sandstorm\n|upkeep\n|\n|t:|1683008621\n|switch|p1a: Salamence|Salamence, L50, M|100\/100\n|-ability|p1a: Salamence|Intimidate|boost\n|-unboost|p2a: Palafin|atk|1\n|-unboost|p2b: Grimmsnarl|atk|1\n|turn|6\n|inactive|Shit Tier Pro has 30 seconds left.\n|\n|t:|1683008653\n|move|p2b: Grimmsnarl|Taunt|p1b: Amoonguss\n|-start|p1b: Amoonguss|move: Taunt\n|move|p1a: Salamence|Heat Wave|p2a: Palafin|[spread] p2a,p2b\n|-damage|p2a: Palafin|78\/100\n|-damage|p2b: Grimmsnarl|43\/100\n|-damage|p1a: Salamence|90\/100|[from] item: Life Orb\n|cant|p1b: Amoonguss|move: Taunt|Spore\n|move|p2a: Palafin|Drain Punch|p1b: Amoonguss\n|-resisted|p1b: Amoonguss\n|-damage|p1b: Amoonguss|60\/100\n|-heal|p2a: Palafin|84\/100|[from] drain|[of] p1b: Amoonguss\n|\n|-weather|Sandstorm|[upkeep]\n|-damage|p1a: Salamence|85\/100|[from] Sandstorm\n|-damage|p1b: Amoonguss|54\/100|[from] Sandstorm\n|-damage|p2a: Palafin|78\/100|[from] Sandstorm\n|-damage|p2b: Grimmsnarl|37\/100|[from] Sandstorm\n|-sideend|p1: kimitheweeb|move: Tailwind\n|upkeep\n|turn|7\n|inactive|Shit Tier Pro has 30 seconds left.\n|\n|t:|1683008683\n|switch|p1a: Lilligant|Lilligant, L50, F, tera:Rock|100\/100\n|move|p2b: Grimmsnarl|Parting Shot|p1a: Lilligant\n|-unboost|p1a: Lilligant|atk|1\n|-unboost|p1a: Lilligant|spa|1\n|move|p2a: Palafin|Tera Blast|p1a: Lilligant\n|-damage|p1a: Lilligant|49\/100\n|move|p1b: Amoonguss|Pollen Puff|p2b: Grimmsnarl\n|-damage|p2b: Grimmsnarl|20\/100\n|\n|-weather|Sandstorm|[upkeep]\n|-damage|p2b: Grimmsnarl|14\/100|[from] Sandstorm\n|-damage|p2a: Palafin|72\/100|[from] Sandstorm\n|-damage|p1b: Amoonguss|48\/100|[from] Sandstorm\n|-enditem|p1b: Amoonguss|Sitrus Berry|[eat]\n|-heal|p1b: Amoonguss|73\/100|[from] item: Sitrus Berry\n|upkeep\n|turn|8\n|\n|t:|1683008706\n|switch|p1a: Salamence|Salamence, L50, M|85\/100\n|-ability|p1a: Salamence|Intimidate|boost\n|-unboost|p2a: Palafin|atk|1\n|-unboost|p2b: Grimmsnarl|atk|1\n|move|p2a: Palafin|Jet Punch|p1a: Salamence\n|-resisted|p1a: Salamence\n|-damage|p1a: Salamence|72\/100\n|move|p2b: Grimmsnarl|Spirit Break|p1a: Salamence\n|-supereffective|p1a: Salamence\n|-damage|p1a: Salamence|30\/100\n|-unboost|p1a: Salamence|spa|1\n|move|p1b: Amoonguss|Pollen Puff|p2b: Grimmsnarl\n|-damage|p2b: Grimmsnarl|0 fnt\n|faint|p2b: Grimmsnarl\n|\n|-weather|none\n|-end|p1b: Amoonguss|move: Taunt\n|upkeep\n|turn|9\n|-message|Shit Tier Pro forfeited.\n|\n|win|kimitheweeb\n|raw|kimitheweeb's rating: 1032 → 1070<\/strong> (+38 for winning)\n|raw|Shit Tier Pro's rating: 1059 → 1039<\/strong> (-20 for losing)\n|l|\u2606Shit Tier Pro\n","uploadtime":1683008733,"views":17,"p1id":"kimitheweeb","p2id":"shittierpro","formatid":"gen9vgc2023regulationc","rating":1039,"private":0,"password":""}