{"id":"gen9vgc2023regulationc-1858109976","p1":"XArtificeGodZ","p2":"Drlawyer","format":"[Gen 9] VGC 2023 Regulation C","log":"|j|\u2606XArtificeGodZ\n|j|\u2606Drlawyer\n|t:|1683277253\n|gametype|doubles\n|player|p1|XArtificeGodZ|170|1520\n|player|p2|Drlawyer|hilbert-wonderlauncher|1537\n|teamsize|p1|6\n|teamsize|p2|6\n|gen|9\n|tier|[Gen 9] VGC 2023 Regulation C\n|rated|\n|rule|Species Clause: Limit one of each Pok\u00e9mon\n|rule|Item Clause: Limit one of each item\n|clearpoke\n|poke|p1|Arcanine, L50, M|\n|poke|p1|Chien-Pao, L50|\n|poke|p1|Amoonguss, L50, M|\n|poke|p1|Flutter Mane, L50|\n|poke|p1|Ting-Lu, L50|\n|poke|p1|Dragonite, L50, M|\n|poke|p2|Great Tusk, L50|\n|poke|p2|Talonflame, L50, M|\n|poke|p2|Chi-Yu, L50|\n|poke|p2|Flutter Mane, L50|\n|poke|p2|Kingambit, L50, M|\n|poke|p2|Iron Bundle, L50|\n|teampreview|4\n|\n|t:|1683277286\n|start\n|switch|p1a: Ting-Lu|Ting-Lu, L50|100\/100\n|switch|p1b: Amoonguss|Amoonguss, L50, M|100\/100\n|switch|p2a: Tomioka|Iron Bundle, L50, shiny|100\/100\n|switch|p2b: Ratchet|Kingambit, L50, M, shiny|100\/100\n|-ability|p1a: Ting-Lu|Vessel of Ruin\n|-enditem|p2a: Tomioka|Booster Energy\n|-activate|p2a: Tomioka|ability: Quark Drive|[fromitem]\n|-start|p2a: Tomioka|quarkdrivespe\n|turn|1\n|\n|t:|1683277295\n|-terastallize|p2b: Ratchet|Flying\n|move|p2a: Tomioka|Freeze-Dry|p1b: Amoonguss\n|-supereffective|p1b: Amoonguss\n|-damage|p1b: Amoonguss|59\/100\n|move|p2b: Ratchet|Assurance|p1b: Amoonguss\n|-damage|p1b: Amoonguss|0 fnt\n|faint|p1b: Amoonguss\n|move|p1a: Ting-Lu|Ruination|p2b: Ratchet\n|-damage|p2b: Ratchet|50\/100\n|\n|upkeep\n|\n|t:|1683277319\n|switch|p1b: Dragonite|Dragonite, L50, M|100\/100\n|turn|2\n|\n|t:|1683277329\n|-terastallize|p1b: Dragonite|Normal\n|move|p1b: Dragonite|Extreme Speed|p2b: Ratchet\n|-damage|p2b: Ratchet|0 fnt\n|faint|p2b: Ratchet\n|move|p2a: Tomioka|Freeze-Dry|p1b: Dragonite\n|-damage|p1b: Dragonite|80\/100\n|move|p1a: Ting-Lu|Ruination|p2a: Tomioka\n|-damage|p2a: Tomioka|51\/100\n|\n|upkeep\n|\n|t:|1683277333\n|switch|p2b: Daddy tusk|Great Tusk, L50, shiny|100\/100\n|turn|3\n|\n|t:|1683277352\n|-end|p2a: Tomioka|Quark Drive|[silent]\n|switch|p2a: Raven|Flutter Mane, L50, shiny|100\/100\n|move|p1b: Dragonite|Extreme Speed|p2a: Raven\n|-immune|p2a: Raven\n|move|p2b: Daddy tusk|Close Combat|p1b: Dragonite\n|-supereffective|p1b: Dragonite\n|-damage|p1b: Dragonite|0 fnt\n|-unboost|p2b: Daddy tusk|def|1\n|-unboost|p2b: Daddy tusk|spd|1\n|faint|p1b: Dragonite\n|move|p1a: Ting-Lu|Ruination|p2b: Daddy tusk\n|-damage|p2b: Daddy tusk|51\/100\n|\n|upkeep\n|\n|t:|1683277355\n|switch|p1b: Chien-Pao|Chien-Pao, L50|100\/100\n|-ability|p1b: Chien-Pao|Sword of Ruin\n|turn|4\n|\n|t:|1683277362\n|move|p2b: Daddy tusk|Close Combat|p1b: Chien-Pao\n|-supereffective|p1b: Chien-Pao\n|-enditem|p1b: Chien-Pao|Focus Sash\n|-damage|p1b: Chien-Pao|1\/100\n|-unboost|p2b: Daddy tusk|def|1\n|-unboost|p2b: Daddy tusk|spd|1\n|move|p1b: Chien-Pao|Ice Spinner|p2b: Daddy tusk\n|-supereffective|p2b: Daddy tusk\n|-damage|p2b: Daddy tusk|0 fnt\n|faint|p2b: Daddy tusk\n|-end|p2b: Daddy tusk|Protosynthesis|[silent]\n|move|p2a: Raven|Dazzling Gleam|p1b: Chien-Pao|[spread] p1a,p1b\n|-supereffective|p1a: Ting-Lu\n|-supereffective|p1b: Chien-Pao\n|-damage|p1a: Ting-Lu|66\/100\n|-damage|p1b: Chien-Pao|0 fnt\n|faint|p1b: Chien-Pao\n|move|p1a: Ting-Lu|Heavy Slam|p2a: Raven\n|-supereffective|p2a: Raven\n|-damage|p2a: Raven|0 fnt\n|faint|p2a: Raven\n|-end|p2a: Raven|Protosynthesis|[silent]\n|\n|upkeep\n|\n|t:|1683277367\n|switch|p2b: Tomioka|Iron Bundle, L50, shiny|51\/100\n|turn|5\n|\n|t:|1683277379\n|move|p2b: Tomioka|Hydro Pump|p1a: Ting-Lu\n|-supereffective|p1a: Ting-Lu\n|-damage|p1a: Ting-Lu|32\/100\n|move|p1a: Ting-Lu|Payback|p2b: Tomioka\n|-damage|p2b: Tomioka|11\/100\n|\n|upkeep\n|turn|6\n|\n|t:|1683277387\n|move|p2b: Tomioka|Hydro Pump|p1a: Ting-Lu\n|-supereffective|p1a: Ting-Lu\n|-damage|p1a: Ting-Lu|0 fnt\n|faint|p1a: Ting-Lu\n|\n|win|Drlawyer\n|raw|XArtificeGodZ's rating: 1520 → 1502<\/strong> (-18 for losing)\n|raw|Drlawyer's rating: 1554 → 1572<\/strong> (+18 for winning)\n|l|\u2606XArtificeGodZ\n","uploadtime":1683277392,"views":15,"p1id":"xartificegodz","p2id":"drlawyer","formatid":"gen9vgc2023regulationc","rating":1502,"private":0,"password":""}