{"id":"gen9vgc2023regulationc-1853039071","p1":"Heaven64","p2":"PurpleStyle","format":"[Gen 9] VGC 2023 Regulation C","log":"|j|\u2606Heaven64\n|j|\u2606PurpleStyle\n|t:|1682628283\n|gametype|doubles\n|player|p1|Heaven64|leaf-masters|\n|player|p2|PurpleStyle|pokefan|\n|teamsize|p1|6\n|teamsize|p2|6\n|gen|9\n|tier|[Gen 9] VGC 2023 Regulation C\n|rule|Species Clause: Limit one of each Pok\u00e9mon\n|rule|Item Clause: Limit one of each item\n|clearpoke\n|poke|p1|Arcanine, L50, M|\n|poke|p1|Sylveon, L50, F|\n|poke|p1|Bronzong, L50|\n|poke|p1|Medicham, L50, M|\n|poke|p1|Arboliva, L50, F|\n|poke|p1|Scatterbug, L50, M|\n|poke|p2|Drifblim, L50, M|\n|poke|p2|Indeedee, L50, M|\n|poke|p2|Flutter Mane, L50|\n|poke|p2|Tauros-Paldea-Combat, L50, M|\n|poke|p2|Azumarill, L50, F|\n|poke|p2|Orthworm, L50, M|\n|teampreview|4\nPurpleStyle rejected open team sheets.\n|c|\u2606PurpleStyle|g1\n|c|\u2606Heaven64|good luck !\n|c|\u2606PurpleStyle|glhf!\n|\n|t:|1682628390\n|start\n|switch|p1a: Teddy|Medicham, L50, M, shiny|100\/100\n|switch|p1b: Notre-Dame|Bronzong, L50|100\/100\n|switch|p2a: Indeedee|Indeedee, L50, M|100\/100\n|switch|p2b: Drifblim|Drifblim, L50, M|100\/100\n|-fieldstart|move: Psychic Terrain|[from] ability: Psychic Surge|[of] p2a: Indeedee\n|-enditem|p2b: Drifblim|Psychic Seed\n|-boost|p2b: Drifblim|spd|1|[from] item: Psychic Seed\n|turn|1\n|\n|t:|1682628421\n|-terastallize|p1a: Teddy|Steel\n|move|p2b: Drifblim|Acrobatics|p1a: Teddy\n|-resisted|p1a: Teddy\n|-damage|p1a: Teddy|71\/100\n|move|p2a: Indeedee|Imprison|p2a: Indeedee\n|-start|p2a: Indeedee|move: Imprison\n|move|p1a: Teddy|Close Combat|p2a: Indeedee\n|-enditem|p2a: Indeedee|Focus Sash\n|-damage|p2a: Indeedee|1\/100\n|-unboost|p1a: Teddy|def|1\n|-unboost|p1a: Teddy|spd|1\n|cant|p1b: Notre-Dame|move: Imprison|Trick Room\n|\n|upkeep\n|turn|2\n|\n|t:|1682628452\n|move|p1a: Teddy|Detect|p1a: Teddy\n|-singleturn|p1a: Teddy|Protect\n|move|p2b: Drifblim|Phantom Force||[still]\n|-prepare|p2b: Drifblim|Phantom Force\n|move|p2a: Indeedee|Shadow Ball|p1b: Notre-Dame\n|-supereffective|p1b: Notre-Dame\n|-damage|p1b: Notre-Dame|64\/100\n|move|p1b: Notre-Dame|Gyro Ball|p2a: Indeedee\n|-damage|p2a: Indeedee|0 fnt\n|faint|p2a: Indeedee\n|\n|upkeep\n|\n|t:|1682628479\n|switch|p2a: Flutter Mane|Flutter Mane, L50|100\/100\n|-enditem|p2a: Flutter Mane|Booster Energy\n|-activate|p2a: Flutter Mane|ability: Protosynthesis|[fromitem]\n|-start|p2a: Flutter Mane|protosynthesisspe\n|turn|3\n|\n|t:|1682628498\n|switch|p1a: Eiffel|Arboliva, L50, F|100\/100\n|switch|p1b: DeGaulle|Arcanine, L50, M|100\/100\n|-ability|p1b: DeGaulle|Intimidate|boost\n|-unboost|p2a: Flutter Mane|atk|1\n|-unboost|p2b: Drifblim|atk|1\n|move|p2b: Drifblim|Phantom Force|p1b: DeGaulle|[from]lockedmove\n|-damage|p1b: DeGaulle|77\/100\n|move|p2a: Flutter Mane|Shadow Ball|p1a: Eiffel\n|-immune|p1a: Eiffel\n|\n|upkeep\n|turn|4\n|\n|t:|1682628561\n|move|p2b: Drifblim|Acrobatics|p1a: Eiffel\n|-supereffective|p1a: Eiffel\n|-damage|p1a: Eiffel|42\/100\n|-fieldstart|move: Grassy Terrain|[from] ability: Seed Sower|[of] p1a: Eiffel\n|move|p2a: Flutter Mane|Power Gem|p1b: DeGaulle\n|-supereffective|p1b: DeGaulle\n|-damage|p1b: DeGaulle|37\/100\n|move|p1b: DeGaulle|Snarl|p2b: Drifblim|[spread] p2a,p2b\n|-supereffective|p2b: Drifblim\n|-damage|p2a: Flutter Mane|93\/100\n|-damage|p2b: Drifblim|86\/100\n|-unboost|p2a: Flutter Mane|spa|1\n|-unboost|p2b: Drifblim|spa|1\n|move|p1a: Eiffel|Giga Drain|p2a: Flutter Mane\n|-damage|p2a: Flutter Mane|40\/100\n|-heal|p1a: Eiffel|63\/100|[from] drain|[of] p2a: Flutter Mane\n|\n|-heal|p2a: Flutter Mane|47\/100|[from] Grassy Terrain\n|-heal|p1b: DeGaulle|43\/100|[from] Grassy Terrain\n|-heal|p1a: Eiffel|69\/100|[from] Grassy Terrain\n|upkeep\n|turn|5\n|\n|t:|1682628598\n|switch|p1b: Notre-Dame|Bronzong, L50|64\/100\n|-terastallize|p2b: Drifblim|Flying\n|move|p2b: Drifblim|Acrobatics|p1a: Eiffel\n|-supereffective|p1a: Eiffel\n|-damage|p1a: Eiffel|0 fnt\n|faint|p1a: Eiffel\n|move|p2a: Flutter Mane|Power Gem|p1b: Notre-Dame\n|-resisted|p1b: Notre-Dame\n|-damage|p1b: Notre-Dame|56\/100\n|\n|-heal|p2a: Flutter Mane|53\/100|[from] Grassy Terrain\n|upkeep\n|\n|t:|1682628612\n|switch|p1a: DeGaulle|Arcanine, L50, M|43\/100\n|-ability|p1a: DeGaulle|Intimidate|boost\n|-unboost|p2a: Flutter Mane|atk|1\n|-unboost|p2b: Drifblim|atk|1\n|turn|6\n|\n|t:|1682628665\n|move|p2b: Drifblim|Tailwind|p2b: Drifblim\n|-sidestart|p2: PurpleStyle|move: Tailwind\n|move|p2a: Flutter Mane|Power Gem|p1a: DeGaulle\n|-supereffective|p1a: DeGaulle\n|-damage|p1a: DeGaulle|16\/100\n|move|p1a: DeGaulle|Flare Blitz|p2a: Flutter Mane\n|-damage|p2a: Flutter Mane|0 fnt\n|faint|p2a: Flutter Mane\n|-end|p2a: Flutter Mane|Protosynthesis|[silent]\n|-damage|p1a: DeGaulle|4\/100|[from] Recoil\n|move|p1b: Notre-Dame|Trick Room|p1b: Notre-Dame\n|-fieldstart|move: Trick Room|[of] p1b: Notre-Dame\n|\n|-heal|p1a: DeGaulle|10\/100|[from] Grassy Terrain\n|upkeep\n|\n|t:|1682628670\n|switch|p2a: Tauros|Tauros-Paldea-Combat, L50, M|100\/100\n|-ability|p2a: Tauros|Intimidate|boost\n|-unboost|p1a: DeGaulle|atk|1\n|-unboost|p1b: Notre-Dame|atk|1\n|turn|7\n|\n|t:|1682628704\n|move|p1b: Notre-Dame|Gyro Ball|p2b: Drifblim\n|-damage|p2b: Drifblim|44\/100\n|move|p1a: DeGaulle|Play Rough|p2a: Tauros\n|-supereffective|p2a: Tauros\n|-damage|p2a: Tauros|63\/100\n|move|p2a: Tauros|Rock Slide|p1a: DeGaulle|[spread] p1a,p1b\n|-supereffective|p1a: DeGaulle\n|-resisted|p1b: Notre-Dame\n|-damage|p1a: DeGaulle|0 fnt\n|-damage|p1b: Notre-Dame|49\/100\n|faint|p1a: DeGaulle\n|move|p2b: Drifblim|Phantom Force||[still]\n|-prepare|p2b: Drifblim|Phantom Force\n|\n|-heal|p2a: Tauros|69\/100|[from] Grassy Terrain\n|-heal|p2a: Tauros|75\/100|[from] item: Leftovers\n|upkeep\n|\n|t:|1682628717\n|switch|p1a: Teddy|Medicham, L50, M, shiny, tera:Steel|71\/100\n|turn|8\n|\n|t:|1682628757\n|move|p2a: Tauros|Protect|p2a: Tauros\n|-singleturn|p2a: Tauros|Protect\n|move|p1b: Notre-Dame|Gyro Ball|p2a: Tauros\n|-activate|p2a: Tauros|move: Protect\n|move|p1a: Teddy|Zen Headbutt|p2a: Tauros\n|-activate|p2a: Tauros|move: Protect\n|move|p2b: Drifblim|Phantom Force|p1b: Notre-Dame|[from]lockedmove\n|-supereffective|p1b: Notre-Dame\n|-damage|p1b: Notre-Dame|21\/100\n|\n|-heal|p1a: Teddy|77\/100|[from] Grassy Terrain\n|-heal|p2a: Tauros|82\/100|[from] Grassy Terrain\n|-heal|p2a: Tauros|88\/100|[from] item: Leftovers\n|-fieldend|move: Grassy Terrain\n|upkeep\n|turn|9\n|\n|t:|1682628779\n|move|p2a: Tauros|Protect||[still]\n|-fail|p2a: Tauros\n|move|p1b: Notre-Dame|Gyro Ball|p2b: Drifblim\n|-damage|p2b: Drifblim|3\/100\n|move|p1a: Teddy|Zen Headbutt|p2a: Tauros\n|-supereffective|p2a: Tauros\n|-damage|p2a: Tauros|0 fnt\n|faint|p2a: Tauros\n|move|p2b: Drifblim|Will-O-Wisp|p1a: Teddy\n|-status|p1a: Teddy|brn\n|\n|-damage|p1a: Teddy|71\/100 brn|[from] brn\n|-sideend|p2: PurpleStyle|move: Tailwind\n|upkeep\n|turn|10\n|\n|t:|1682628792\n|move|p1b: Notre-Dame|Gyro Ball|p2b: Drifblim\n|-damage|p2b: Drifblim|0 fnt\n|faint|p2b: Drifblim\n|\n|win|Heaven64\n|c|\u2606PurpleStyle|gg\n|c|\u2606Heaven64|gg\n","uploadtime":1682628799,"views":13,"p1id":"heaven64","p2id":"purplestyle","formatid":"gen9vgc2023regulationc","rating":0,"private":0,"password":""}