{"id":"gen9vgc2023regulationc-1860001183","p1":"hddx2347","p2":"AnimeRedneck","format":"[Gen 9] VGC 2023 Regulation C","log":"|j|\u2606hddx2347\n|j|\u2606AnimeRedneck\n|t:|1683583768\n|gametype|doubles\n|player|p1|hddx2347|2|\n|player|p2|AnimeRedneck|265|\n|teamsize|p1|6\n|teamsize|p2|6\n|gen|9\n|tier|[Gen 9] VGC 2023 Regulation C\n|rule|Species Clause: Limit one of each Pok\u00e9mon\n|rule|Item Clause: Limit one of each item\n|clearpoke\n|poke|p1|Dragapult, L50, F|\n|poke|p1|Grimmsnarl, L50, M|\n|poke|p1|Slither Wing, L50|\n|poke|p1|Leafeon, L50, M|\n|poke|p1|Magnezone, L50|\n|poke|p1|Muk, L50, F|\n|poke|p2|Blissey, L50, F|\n|poke|p2|Corviknight, L50, F|\n|poke|p2|Dondozo, L50, M|\n|poke|p2|Tatsugiri-Stretchy, L50, M|\n|poke|p2|Chi-Yu, L50|\n|poke|p2|Pawmot, L50, F|\n|teampreview|4\n|\n|t:|1683583839\n|start\n|switch|p1a: Grimmsnarl|Grimmsnarl, L50, M|100\/100\n|switch|p1b: ArwHead|Dragapult, L50, F|100\/100\n|switch|p2a: Barq\u2019s|Dondozo, L50, M|100\/100\n|switch|p2b: Cheerwine|Blissey, L50, F, shiny|100\/100\n|turn|1\n|\n|t:|1683583876\n|-terastallize|p2a: Barq\u2019s|Grass\n|move|p1b: ArwHead|Protect|p1b: ArwHead\n|-singleturn|p1b: ArwHead|Protect\n|move|p1a: Grimmsnarl|Reflect|p1a: Grimmsnarl\n|-sidestart|p1: hddx2347|Reflect\n|move|p2a: Barq\u2019s|Order Up|p1b: ArwHead\n|-activate|p1b: ArwHead|move: Protect\n|move|p2b: Cheerwine|Skill Swap|p2a: Barq\u2019s\n|-activate|p2b: Cheerwine|move: Skill Swap|||[of] p2a: Barq\u2019s\n|\n|upkeep\n|turn|2\n|\n|t:|1683583904\n|move|p2a: Barq\u2019s|Protect|p2a: Barq\u2019s\n|-singleturn|p2a: Barq\u2019s|Protect\n|move|p1a: Grimmsnarl|Fake Tears|p2a: Barq\u2019s\n|-activate|p2a: Barq\u2019s|move: Protect\n|move|p1b: ArwHead|Flamethrower|p2a: Barq\u2019s\n|-activate|p2a: Barq\u2019s|move: Protect\n|move|p2b: Cheerwine|Thunder Wave|p1a: Grimmsnarl\n|-status|p1a: Grimmsnarl|par\n|\n|upkeep\n|turn|3\n|\n|t:|1683583931\n|switch|p2b: Sprite|Tatsugiri-Stretchy, L50, M|100\/100\n|-activate|p2b: Sprite|ability: Commander|[of] p2a: Barq\u2019s\n|-boost|p2a: Barq\u2019s|atk|2\n|-boost|p2a: Barq\u2019s|spa|2\n|-boost|p2a: Barq\u2019s|spe|2\n|-boost|p2a: Barq\u2019s|def|2\n|-boost|p2a: Barq\u2019s|spd|2\n|cant|p1a: Grimmsnarl|par\n|move|p1b: ArwHead|Thunderbolt|p2a: Barq\u2019s\n|-resisted|p2a: Barq\u2019s\n|-damage|p2a: Barq\u2019s|93\/100\n|-status|p2a: Barq\u2019s|par\n|-enditem|p2a: Barq\u2019s|Lum Berry|[eat]\n|-curestatus|p2a: Barq\u2019s|par|[msg]\n|move|p2a: Barq\u2019s|Order Up|p1b: ArwHead\n|-supereffective|p1b: ArwHead\n|-damage|p1b: ArwHead|37\/100\n|-boost|p2a: Barq\u2019s|spe|1\n|\n|upkeep\n|turn|4\n|\n|t:|1683583958\n|move|p1b: ArwHead|Protect|p1b: ArwHead\n|-singleturn|p1b: ArwHead|Protect\n|move|p1a: Grimmsnarl|Fake Tears|p2a: Barq\u2019s\n|-unboost|p2a: Barq\u2019s|spd|2\n|move|p2a: Barq\u2019s|Order Up|p1b: ArwHead\n|-activate|p1b: ArwHead|move: Protect\n|\n|upkeep\n|turn|5\n|\n|t:|1683583973\n|move|p1a: Grimmsnarl|Fake Tears|p2a: Barq\u2019s\n|-unboost|p2a: Barq\u2019s|spd|2\n|move|p2a: Barq\u2019s|Order Up|p1b: ArwHead\n|-supereffective|p1b: ArwHead\n|-damage|p1b: ArwHead|0 fnt\n|faint|p1b: ArwHead\n|-boost|p2a: Barq\u2019s|spe|1\n|\n|-sideend|p1: hddx2347|Reflect\n|upkeep\n|\n|t:|1683583981\n|switch|p1b: Mothra|Slither Wing, L50|100\/100\n|turn|6\n|\n|t:|1683584007\n|-terastallize|p1b: Mothra|Water\n|move|p2a: Barq\u2019s|Protect|p2a: Barq\u2019s\n|-singleturn|p2a: Barq\u2019s|Protect\n|move|p1b: Mothra|First Impression|p2a: Barq\u2019s\n|-activate|p2a: Barq\u2019s|move: Protect\n|move|p1a: Grimmsnarl|Spirit Break|p2a: Barq\u2019s\n|-activate|p2a: Barq\u2019s|move: Protect\n|\n|upkeep\n|turn|7\n|\n|t:|1683584023\n|move|p1a: Grimmsnarl|Reflect|p1a: Grimmsnarl\n|-sidestart|p1: hddx2347|Reflect\n|move|p2a: Barq\u2019s|Rock Slide|p1a: Grimmsnarl|[spread] p1b\n|-miss|p2a: Barq\u2019s|p1a: Grimmsnarl\n|-damage|p1b: Mothra|80\/100\n|move|p1b: Mothra|Leech Life|p2a: Barq\u2019s\n|-supereffective|p2a: Barq\u2019s\n|-damage|p2a: Barq\u2019s|64\/100\n|-heal|p1b: Mothra|100\/100|[from] drain|[of] p2a: Barq\u2019s\n|\n|upkeep\n|turn|8\n|\n|t:|1683584038\n|move|p2a: Barq\u2019s|Rock Slide|p1b: Mothra|[spread] p1a,p1b\n|-damage|p1a: Grimmsnarl|84\/100 par\n|-damage|p1b: Mothra|80\/100\n|cant|p1b: Mothra|flinch\n|move|p1a: Grimmsnarl|Spirit Break|p2a: Barq\u2019s\n|-damage|p2a: Barq\u2019s|53\/100\n|-unboost|p2a: Barq\u2019s|spa|1\n|\n|upkeep\n|turn|9\n|\n|t:|1683584055\n|move|p2a: Barq\u2019s|Rock Slide|p1a: Grimmsnarl|[spread] p1a,p1b\n|-crit|p1b: Mothra\n|-damage|p1a: Grimmsnarl|67\/100 par\n|-damage|p1b: Mothra|35\/100\n|cant|p1b: Mothra|flinch\n|move|p1a: Grimmsnarl|Spirit Break|p2a: Barq\u2019s\n|-damage|p2a: Barq\u2019s|44\/100\n|-unboost|p2a: Barq\u2019s|spa|1\n|\n|upkeep\n|turn|10\n|\n|t:|1683584074\n|move|p2a: Barq\u2019s|Rock Slide|p1a: Grimmsnarl|[spread] p1a\n|-miss|p2a: Barq\u2019s|p1b: Mothra\n|-damage|p1a: Grimmsnarl|51\/100 par\n|move|p1b: Mothra|Leech Life|p2a: Barq\u2019s\n|-supereffective|p2a: Barq\u2019s\n|-damage|p2a: Barq\u2019s|15\/100\n|-heal|p1b: Mothra|55\/100|[from] drain|[of] p2a: Barq\u2019s\n|cant|p1a: Grimmsnarl|par\n|\n|upkeep\n|turn|11\n|\n|t:|1683584100\n|move|p1a: Grimmsnarl|Light Screen|p1a: Grimmsnarl\n|-sidestart|p1: hddx2347|move: Light Screen\n|move|p2a: Barq\u2019s|Rock Slide|p1a: Grimmsnarl|[spread] p1a,p1b\n|-damage|p1a: Grimmsnarl|34\/100 par\n|-damage|p1b: Mothra|35\/100\n|cant|p1b: Mothra|flinch\n|\n|-sideend|p1: hddx2347|Reflect\n|upkeep\n|turn|12\n|\n|t:|1683584111\n|cant|p1a: Grimmsnarl|par\n|move|p2a: Barq\u2019s|Rock Slide|p1a: Grimmsnarl|[spread] p1a,p1b\n|-crit|p1a: Grimmsnarl\n|-damage|p1a: Grimmsnarl|0 fnt\n|-damage|p1b: Mothra|7\/100\n|faint|p1a: Grimmsnarl\n|cant|p1b: Mothra|flinch\n|\n|upkeep\n|\n|t:|1683584119\n|switch|p1a: Muk|Muk, L50, F|100\/100\n|turn|13\n|\n|t:|1683584138\n|move|p1a: Muk|Shadow Sneak|p2a: Barq\u2019s\n|-damage|p2a: Barq\u2019s|11\/100\n|move|p2a: Barq\u2019s|Rock Slide|p1a: Muk|[spread] p1a,p1b\n|-damage|p1a: Muk|77\/100\n|-damage|p1b: Mothra|0 fnt\n|faint|p1b: Mothra\n|-end|p1b: Mothra|Protosynthesis|[silent]\n|\n|-heal|p1a: Muk|83\/100|[from] item: Black Sludge\n|upkeep\n|turn|14\n|\n|t:|1683584150\n|move|p2a: Barq\u2019s|Waterfall|p1a: Muk\n|-damage|p1a: Muk|36\/100\n|move|p1a: Muk|Poison Jab|p2a: Barq\u2019s\n|-supereffective|p2a: Barq\u2019s\n|-damage|p2a: Barq\u2019s|0 fnt\n|faint|p2a: Barq\u2019s\n|\n|-heal|p1a: Muk|42\/100|[from] item: Black Sludge\n|upkeep\n|\n|t:|1683584155\n|switch|p2a: Pawmot|Pawmot, L50, F|100\/100\n|turn|15\n|\n|t:|1683584178\n|move|p2b: Sprite|Draco Meteor|p1a: Muk\n|-damage|p1a: Muk|6\/100\n|-unboost|p2b: Sprite|spa|2\n|move|p2a: Pawmot|Double Shock|p1a: Muk\n|-damage|p1a: Muk|0 fnt\n|-start|p2a: Pawmot|typechange|???\/Fighting|[from] move: Double Shock\n|faint|p1a: Muk\n|\n|win|AnimeRedneck\n|l|\u2606hddx2347\n","uploadtime":1683584207,"views":13,"p1id":"hddx2347","p2id":"animeredneck","formatid":"gen9vgc2023regulationc","rating":0,"private":0,"password":""}