{"id":"gen9vgc2023regulationc-1859361109","p1":"Topperlecat","p2":"80u844z","format":"[Gen 9] VGC 2023 Regulation C","log":"|j|\u2606Topperlecat\n|j|\u260680u844z\n|t:|1683447420\n|gametype|doubles\n|player|p1|Topperlecat|n|1267\n|player|p2|80u844z|bruno|1228\n|teamsize|p1|6\n|teamsize|p2|6\n|gen|9\n|tier|[Gen 9] VGC 2023 Regulation C\n|rated|\n|rule|Species Clause: Limit one of each Pok\u00e9mon\n|rule|Item Clause: Limit one of each item\n|clearpoke\n|poke|p1|Gastrodon-East, L50, F|\n|poke|p1|Iron Bundle, L50|\n|poke|p1|Indeedee-F, L50, F|\n|poke|p1|Ceruledge, L50, M|\n|poke|p1|Ting-Lu, L50|\n|poke|p1|Tyranitar, L50, F|\n|poke|p2|Drednaw, L50, M|\n|poke|p2|Kilowattrel, L50, F|\n|poke|p2|Pelipper, L50, F|\n|poke|p2|Flutter Mane, L50|\n|poke|p2|Chien-Pao, L50|\n|poke|p2|Palafin, L50, M|\n|teampreview|4\n|inactive|Battle timer is ON: inactive players will automatically lose when time's up. (requested by 80u844z)\nTopperlecat has agreed to open team sheets.\n|\n|t:|1683447445\n|start\n|switch|p1a: Tyranitar|Tyranitar, L50, F|100\/100\n|switch|p1b: brbrbrbrbr|Gastrodon-East, L50, F|100\/100\n|switch|p2a: Drednaw|Drednaw, L50, M|100\/100\n|switch|p2b: Pelipper|Pelipper, L50, F|100\/100\n|-weather|RainDance|[from] ability: Drizzle|[of] p2b: Pelipper\n|-weather|Sandstorm|[from] ability: Sand Stream|[of] p1a: Tyranitar\n|turn|1\n|\n|t:|1683447461\n|move|p2a: Drednaw|Shell Smash|p2a: Drednaw\n|-unboost|p2a: Drednaw|def|1\n|-unboost|p2a: Drednaw|spd|1\n|-boost|p2a: Drednaw|atk|2\n|-boost|p2a: Drednaw|spa|2\n|-boost|p2a: Drednaw|spe|2\n|move|p2b: Pelipper|Tailwind|p2b: Pelipper\n|-sidestart|p2: 80u844z|move: Tailwind\n|move|p1b: brbrbrbrbr|Yawn|p2b: Pelipper\n|-start|p2b: Pelipper|move: Yawn|[of] p1b: brbrbrbrbr\n|move|p1a: Tyranitar|Rock Slide|p2a: Drednaw|[spread] p2a,p2b\n|-supereffective|p2b: Pelipper\n|-crit|p2b: Pelipper\n|-damage|p2a: Drednaw|37\/100\n|-damage|p2b: Pelipper|0 fnt\n|faint|p2b: Pelipper\n|\n|-weather|Sandstorm|[upkeep]\n|upkeep\n|\n|t:|1683447477\n|switch|p2b: Chien-Pao|Chien-Pao, L50|100\/100\n|-ability|p2b: Chien-Pao|Sword of Ruin\n|turn|2\n|\n|t:|1683447493\n|move|p2a: Drednaw|Protect|p2a: Drednaw\n|-singleturn|p2a: Drednaw|Protect\n|move|p2b: Chien-Pao|Sacred Sword|p1a: Tyranitar\n|-supereffective|p1a: Tyranitar\n|-damage|p1a: Tyranitar|0 fnt\n|faint|p1a: Tyranitar\n|move|p1b: brbrbrbrbr|Earth Power|p2a: Drednaw\n|-activate|p2a: Drednaw|move: Protect\n|\n|-weather|Sandstorm|[upkeep]\n|-damage|p2b: Chien-Pao|95\/100|[from] Sandstorm\n|upkeep\n|\n|t:|1683447502\n|switch|p1a: happy feet|Iron Bundle, L50|100\/100\n|turn|3\n|l|\u260680u844z\n|inactive|80u844z disconnected and has a minute to reconnect!\n|player|p2|\n|inactive|80u844z has 30 seconds left.\n|inactive|80u844z has 20 seconds left.\n|inactive|80u844z has 15 seconds left.\n|j|\u260680u844z\n|inactive|80u844z reconnected and has 15 seconds left.\n|player|p2|80u844z|bruno\n|inactive|80u844z has 10 seconds left.\n|\n|t:|1683447552\n|-terastallize|p1a: happy feet|Ghost\n|move|p2a: Drednaw|Rock Slide|p1b: brbrbrbrbr|[spread] p1a\n|-miss|p2a: Drednaw|p1b: brbrbrbrbr\n|-crit|p1a: happy feet\n|-enditem|p1a: happy feet|Focus Sash\n|-damage|p1a: happy feet|1\/100\n|move|p2b: Chien-Pao|Ice Spinner|p1b: brbrbrbrbr\n|-damage|p1b: brbrbrbrbr|37\/100\n|-enditem|p1b: brbrbrbrbr|Sitrus Berry|[eat]\n|-heal|p1b: brbrbrbrbr|61\/100|[from] item: Sitrus Berry\n|move|p1a: happy feet|Freeze-Dry|p2a: Drednaw\n|-supereffective|p2a: Drednaw\n|-damage|p2a: Drednaw|0 fnt\n|faint|p2a: Drednaw\n|move|p1b: brbrbrbrbr|Yawn|p2b: Chien-Pao\n|-start|p2b: Chien-Pao|move: Yawn|[of] p1b: brbrbrbrbr\n|\n|-weather|Sandstorm|[upkeep]\n|-damage|p2b: Chien-Pao|89\/100|[from] Sandstorm\n|-damage|p1a: happy feet|0 fnt|[from] Sandstorm\n|faint|p1a: happy feet\n|-end|p1a: happy feet|Quark Drive|[silent]\n|upkeep\n|\n|t:|1683447567\n|switch|p1a: wombo combo|Ceruledge, L50, M|100\/100\n|switch|p2a: Flutter Mane|Flutter Mane, L50|100\/100\n|turn|4\n|\n|t:|1683447581\n|move|p2b: Chien-Pao|Ice Spinner|p1b: brbrbrbrbr\n|-damage|p1b: brbrbrbrbr|0 fnt\n|faint|p1b: brbrbrbrbr\n|move|p2a: Flutter Mane|Shadow Ball|p1a: wombo combo\n|-supereffective|p1a: wombo combo\n|-damage|p1a: wombo combo|24\/100\n|move|p1a: wombo combo|Shadow Claw|p2a: Flutter Mane\n|-supereffective|p2a: Flutter Mane\n|-crit|p2a: Flutter Mane\n|-damage|p2a: Flutter Mane|0 fnt\n|faint|p2a: Flutter Mane\n|-end|p2a: Flutter Mane|Protosynthesis|[silent]\n|\n|-weather|Sandstorm|[upkeep]\n|-damage|p2b: Chien-Pao|83\/100|[from] Sandstorm\n|-damage|p1a: wombo combo|18\/100|[from] Sandstorm\n|-end|p2b: Chien-Pao|move: Yawn|[silent]\n|-status|p2b: Chien-Pao|slp\n|-sideend|p2: 80u844z|move: Tailwind\n|upkeep\n|turn|5\n|\n|t:|1683447590\n|cant|p2b: Chien-Pao|slp\n|move|p1a: wombo combo|Bitter Blade|p2b: Chien-Pao\n|-supereffective|p2b: Chien-Pao\n|-damage|p2b: Chien-Pao|0 fnt\n|-heal|p1a: wombo combo|53\/100|[from] drain|[of] p2b: Chien-Pao\n|faint|p2b: Chien-Pao\n|\n|win|Topperlecat\n|raw|Topperlecat's rating: 1267 → 1289<\/strong> (+22 for winning)\n|raw|80u844z's rating: 1228 → 1206<\/strong> (-22 for losing)\n|c|\u2606Topperlecat|gg\n|l|\u260680u844z\n","uploadtime":1683447602,"views":15,"p1id":"topperlecat","p2id":"80u844z","formatid":"gen9vgc2023regulationc","rating":1206,"private":0,"password":""}