{"id":"gen9vgc2023regulationc-1852510452","p1":"leafyarrow","p2":"mlc_goat","format":"[Gen 9] VGC 2023 Regulation C","log":"|j|\u2606leafyarrow\n|j|\u2606mlc_goat\n|t:|1682567383\n|gametype|doubles\n|player|p1|leafyarrow|leaf-gen3|1327\n|player|p2|mlc_goat|cynthia-gen4|1241\n|teamsize|p1|6\n|teamsize|p2|6\n|gen|9\n|tier|[Gen 9] VGC 2023 Regulation C\n|rated|\n|rule|Species Clause: Limit one of each Pok\u00e9mon\n|rule|Item Clause: Limit one of each item\n|clearpoke\n|poke|p1|Flutter Mane, L50|\n|poke|p1|Palafin, L50, F|\n|poke|p1|Amoonguss, L50, F|\n|poke|p1|Ting-Lu, L50|\n|poke|p1|Arcanine, L50, F|\n|poke|p1|Kingambit, L50, M|\n|poke|p2|Gholdengo, L50|\n|poke|p2|Talonflame, L50, F|\n|poke|p2|Chi-Yu, L50|\n|poke|p2|Raichu, L50, M|\n|poke|p2|Palafin, L50, F|\n|poke|p2|Glimmora, L50, F|\n|teampreview|4\nleafyarrow has agreed to open team sheets.\n|\n|t:|1682567407\n|start\n|switch|p1a: Flutter Mane|Flutter Mane, L50|100\/100\n|switch|p1b: Arcanine|Arcanine, L50, F|100\/100\n|switch|p2a: Talonflame|Talonflame, L50, F|100\/100\n|switch|p2b: Raichu|Raichu, L50, M|100\/100\n|-item|p2b: Raichu|Air Balloon\n|-ability|p1b: Arcanine|Intimidate|boost\n|-unboost|p2a: Talonflame|atk|1\n|-unboost|p2b: Raichu|atk|1\n|turn|1\n|inactive|Battle timer is ON: inactive players will automatically lose when time's up. (requested by mlc_goat)\n|\n|t:|1682567429\n|switch|p1b: Kingambit|Kingambit, L50, M|100\/100\n|move|p2a: Talonflame|Tailwind|p2a: Talonflame\n|-sidestart|p2: mlc_goat|move: Tailwind\n|move|p2b: Raichu|Nuzzle|p1b: Kingambit\n|-damage|p1b: Kingambit|96\/100\n|-status|p1b: Kingambit|par\n|-enditem|p1b: Kingambit|Lum Berry|[eat]\n|-curestatus|p1b: Kingambit|par|[msg]\n|move|p1a: Flutter Mane|Dazzling Gleam|p2b: Raichu|[spread] p2a,p2b\n|-resisted|p2a: Talonflame\n|-damage|p2a: Talonflame|70\/100\n|-damage|p2b: Raichu|26\/100\n|-enditem|p2b: Raichu|Air Balloon\n|\n|upkeep\n|turn|2\n|inactive|leafyarrow has 30 seconds left.\n|\n|t:|1682567460\n|switch|p1b: Arcanine|Arcanine, L50, F|100\/100\n|-ability|p1b: Arcanine|Intimidate|boost\n|-unboost|p2a: Talonflame|atk|1\n|-unboost|p2b: Raichu|atk|1\n|move|p2a: Talonflame|Quick Guard|p2a: Talonflame\n|-singleturn|p2a: Talonflame|Quick Guard\n|move|p2b: Raichu|Nuzzle|p1a: Flutter Mane\n|-damage|p1a: Flutter Mane|92\/100\n|-status|p1a: Flutter Mane|par\n|move|p1a: Flutter Mane|Dazzling Gleam|p2a: Talonflame|[spread] p2a,p2b\n|-resisted|p2a: Talonflame\n|-damage|p2a: Talonflame|40\/100\n|-damage|p2b: Raichu|0 fnt\n|faint|p2b: Raichu\n|\n|upkeep\n|\n|t:|1682567474\n|switch|p2b: Gholdengo|Gholdengo, L50|100\/100\n|turn|3\n|\n|t:|1682567488\n|switch|p2a: Chi-Yu|Chi-Yu, L50|100\/100\n|-ability|p2a: Chi-Yu|Beads of Ruin\n|-terastallize|p1a: Flutter Mane|Fairy\n|move|p2b: Gholdengo|Shadow Ball|p1b: Arcanine\n|-damage|p1b: Arcanine|3\/100\n|-unboost|p1b: Arcanine|spd|1\n|move|p1b: Arcanine|Flare Blitz|p2b: Gholdengo\n|-supereffective|p2b: Gholdengo\n|-damage|p2b: Gholdengo|0 fnt\n|faint|p2b: Gholdengo\n|-damage|p1b: Arcanine|0 fnt|[from] Recoil\n|faint|p1b: Arcanine\n|move|p1a: Flutter Mane|Dazzling Gleam|p2a: Chi-Yu\n|-damage|p2a: Chi-Yu|5\/100\n|\n|upkeep\n|\n|t:|1682567511\n|switch|p1b: Kingambit|Kingambit, L50, M|96\/100\n|switch|p2b: Talonflame|Talonflame, L50, F|40\/100\n|turn|4\n|\n|t:|1682567531\n|-terastallize|p2a: Chi-Yu|Fire\n|move|p2b: Talonflame|Quick Guard|p2b: Talonflame\n|-singleturn|p2b: Talonflame|Quick Guard\n|move|p2a: Chi-Yu|Heat Wave|p1b: Kingambit|[spread] p1b\n|-miss|p2a: Chi-Yu|p1a: Flutter Mane\n|-supereffective|p1b: Kingambit\n|-damage|p1b: Kingambit|0 fnt\n|faint|p1b: Kingambit\n|-damage|p2a: Chi-Yu|0 fnt|[from] item: Life Orb\n|faint|p2a: Chi-Yu\n|cant|p1a: Flutter Mane|par\n|\n|-sideend|p2: mlc_goat|move: Tailwind\n|upkeep\n|\n|t:|1682567542\n|switch|p1b: Amoonguss|Amoonguss, L50, F|100\/100\n|turn|5\n|\n|t:|1682567548\n|move|p2b: Talonflame|Heat Wave|p1b: Amoonguss|[spread] p1a\n|-miss|p2b: Talonflame|p1b: Amoonguss\n|-damage|p1a: Flutter Mane|73\/100 par\n|move|p1a: Flutter Mane|Dazzling Gleam|p2b: Talonflame\n|-resisted|p2b: Talonflame\n|-damage|p2b: Talonflame|0 fnt\n|faint|p2b: Talonflame\n|\n|win|leafyarrow\n|raw|leafyarrow's rating: 1327 → 1342<\/strong> (+15 for winning)\n|raw|mlc_goat's rating: 1241 → 1222<\/strong> (-19 for losing)\n|l|\u2606mlc_goat\n","uploadtime":1682567561,"views":10,"p1id":"leafyarrow","p2id":"mlcgoat","formatid":"gen9vgc2023regulationc","rating":1222,"private":0,"password":""}