{"id":"gen9vgc2023regulationc-1860277676","p1":"Bugin","p2":"Duecal1on","format":"[Gen 9] VGC 2023 Regulation C","log":"|j|\u2606Bugin\n|j|\u2606Duecal1on\n|t:|1683624210\n|gametype|doubles\n|player|p1|Bugin|102|1347\n|player|p2|Duecal1on|volkner|1253\n|teamsize|p1|6\n|teamsize|p2|6\n|gen|9\n|tier|[Gen 9] VGC 2023 Regulation C\n|rated|\n|rule|Species Clause: Limit one of each Pok\u00e9mon\n|rule|Item Clause: Limit one of each item\n|clearpoke\n|poke|p1|Abomasnow, L50, F|\n|poke|p1|Iron Bundle, L50|\n|poke|p1|Ting-Lu, L50|\n|poke|p1|Rotom-Wash, L50|\n|poke|p1|Bronzong, L50|\n|poke|p1|Ceruledge, L50, M|\n|poke|p2|Palafin, L50, M|\n|poke|p2|Murkrow, L50, F|\n|poke|p2|Scizor, L50, F|\n|poke|p2|Chien-Pao, L50|\n|poke|p2|Annihilape, L50, M|\n|poke|p2|Dragapult, L50, F|\n|teampreview|4\n|inactive|Battle timer is ON: inactive players will automatically lose when time's up. (requested by Bugin)\n|\n|t:|1683624239\n|start\n|switch|p1a: Abomasnow|Abomasnow, L50, F|100\/100\n|switch|p1b: Iron Bundle|Iron Bundle, L50|100\/100\n|switch|p2a: Murkrow|Murkrow, L50, F|100\/100\n|switch|p2b: Scizor|Scizor, L50, F|100\/100\n|-weather|Snow|[from] ability: Snow Warning|[of] p1a: Abomasnow\n|turn|1\n|\n|t:|1683624252\n|move|p2a: Murkrow|Rain Dance|p2a: Murkrow\n|-weather|RainDance\n|move|p1b: Iron Bundle|Blizzard|p2b: Scizor|[spread] p2a\n|-miss|p1b: Iron Bundle|p2b: Scizor\n|-supereffective|p2a: Murkrow\n|-damage|p2a: Murkrow|35\/100\n|move|p1a: Abomasnow|Aurora Veil||[still]\n|-fail|p1a: Abomasnow\n|move|p2b: Scizor|Close Combat|p1b: Iron Bundle\n|-supereffective|p1b: Iron Bundle\n|-damage|p1b: Iron Bundle|0 fnt\n|-unboost|p2b: Scizor|def|1\n|-unboost|p2b: Scizor|spd|1\n|faint|p1b: Iron Bundle\n|-end|p1b: Iron Bundle|Quark Drive|[silent]\n|\n|-weather|RainDance|[upkeep]\n|upkeep\n|\n|t:|1683624261\n|switch|p1b: Bronzong|Bronzong, L50|100\/100\n|turn|2\n|\n|t:|1683624275\n|switch|p1a: Ting-Lu|Ting-Lu, L50|100\/100\n|-ability|p1a: Ting-Lu|Vessel of Ruin\n|switch|p2a: Chien-Pao|Chien-Pao, L50|100\/100\n|-ability|p2a: Chien-Pao|Sword of Ruin\n|switch|p2b: Annihilape|Annihilape, L50, M|100\/100\n|move|p1b: Bronzong|Trick Room|p1b: Bronzong\n|-fieldstart|move: Trick Room|[of] p1b: Bronzong\n|\n|-weather|RainDance|[upkeep]\n|upkeep\n|turn|3\n|\n|t:|1683624297\n|move|p2a: Chien-Pao|Protect|p2a: Chien-Pao\n|-singleturn|p2a: Chien-Pao|Protect\n|move|p1b: Bronzong|Gyro Ball|p2a: Chien-Pao\n|-activate|p2a: Chien-Pao|move: Protect\n|move|p1a: Ting-Lu|Taunt|p2b: Annihilape\n|-start|p2b: Annihilape|move: Taunt\n|cant|p2b: Annihilape|move: Taunt|Bulk Up\n|\n|-weather|RainDance|[upkeep]\n|upkeep\n|turn|4\n|\n|t:|1683624316\n|move|p2a: Chien-Pao|Sucker Punch|p1b: Bronzong\n|-supereffective|p1b: Bronzong\n|-damage|p1b: Bronzong|34\/100\n|move|p1b: Bronzong|Gyro Ball|p2a: Chien-Pao\n|-supereffective|p2a: Chien-Pao\n|-crit|p2a: Chien-Pao\n|-enditem|p2a: Chien-Pao|Focus Sash\n|-damage|p2a: Chien-Pao|1\/100\n|move|p1a: Ting-Lu|Heavy Slam|p2a: Chien-Pao\n|-supereffective|p2a: Chien-Pao\n|-damage|p2a: Chien-Pao|0 fnt\n|faint|p2a: Chien-Pao\n|move|p2b: Annihilape|Drain Punch|p1a: Ting-Lu\n|-supereffective|p1a: Ting-Lu\n|-crit|p1a: Ting-Lu\n|-damage|p1a: Ting-Lu|29\/100\n|\n|-weather|RainDance|[upkeep]\n|upkeep\n|\n|t:|1683624334\n|switch|p2a: Scizor|Scizor, L50, F|100\/100\n|turn|5\n|inactive|Duecal1on has 30 seconds left.\n|\n|t:|1683624366\n|-terastallize|p2a: Scizor|Water\n|move|p1b: Bronzong|Psychic|p2b: Annihilape\n|-supereffective|p2b: Annihilape\n|-damage|p2b: Annihilape|67\/100\n|move|p1a: Ting-Lu|Ruination|p2b: Annihilape\n|-damage|p2b: Annihilape|34\/100\n|move|p2a: Scizor|U-turn|p1b: Bronzong\n|-damage|p1b: Bronzong|0 fnt\n|faint|p1b: Bronzong\n|\n|t:|1683624378\n|switch|p2a: Murkrow|Murkrow, L50, F|35\/100|[from] U-turn\n|move|p2b: Annihilape|Drain Punch|p1a: Ting-Lu\n|-supereffective|p1a: Ting-Lu\n|-damage|p1a: Ting-Lu|0 fnt\n|-heal|p2b: Annihilape|51\/100|[from] drain|[of] p1a: Ting-Lu\n|faint|p1a: Ting-Lu\n|\n|-weather|none\n|-heal|p2b: Annihilape|57\/100|[from] item: Leftovers\n|-end|p2b: Annihilape|move: Taunt\n|upkeep\n|-message|Bugin forfeited.\n|\n|win|Duecal1on\n|raw|Bugin's rating: 1347 → 1322<\/strong> (-25 for losing)\n|raw|Duecal1on's rating: 1253 → 1285<\/strong> (+32 for winning)\n|l|\u2606Bugin\n","uploadtime":1683624397,"views":9,"p1id":"bugin","p2id":"duecal1on","formatid":"gen9vgc2023regulationc","rating":1285,"private":0,"password":""}