{"id":"gen9vgc2023regulationc-1860798144","p1":"JoeCastro33","p2":"VforValaritas","format":"[Gen 9] VGC 2023 Regulation C","log":"|j|\u2606JoeCastro33\n|j|\u2606VforValaritas\n|t:|1683679174\n|gametype|doubles\n|player|p1|JoeCastro33|ghetsis-gen5bw|\n|player|p2|VforValaritas|266|\n|teamsize|p1|6\n|teamsize|p2|6\n|gen|9\n|tier|[Gen 9] VGC 2023 Regulation C\n|rule|Species Clause: Limit one of each Pok\u00e9mon\n|rule|Item Clause: Limit one of each item\n|clearpoke\n|poke|p1|Flutter Mane, L50|\n|poke|p1|Dondozo, L50, F|\n|poke|p1|Tatsugiri, L50, F|\n|poke|p1|Clodsire, L50, M|\n|poke|p1|Mimikyu, L50, F|\n|poke|p1|Gallade, L50, M|\n|poke|p2|Arcanine, L50, M|\n|poke|p2|Brute Bonnet, L50|\n|poke|p2|Gholdengo, L50|\n|poke|p2|Espathra, L50, F|\n|poke|p2|Sylveon, L50, M|\n|poke|p2|Pawmot, L50, F|\n|teampreview|4\n|\n|t:|1683679185\n|start\n|switch|p1a: Tatsugiri|Tatsugiri, L50, F|100\/100\n|switch|p1b: Clodsire|Clodsire, L50, M|100\/100\n|switch|p2a: Espathra|Espathra, L50, F|100\/100\n|switch|p2b: Pawmot|Pawmot, L50, F|100\/100\n|turn|1\n|\n|t:|1683679209\n|switch|p1a: Mimikyu|Mimikyu, L50, F|100\/100\n|move|p2b: Pawmot|Fake Out|p1a: Mimikyu\n|-immune|p1a: Mimikyu\n|move|p2a: Espathra|Calm Mind|p2a: Espathra\n|-boost|p2a: Espathra|spa|1\n|-boost|p2a: Espathra|spd|1\n|move|p1b: Clodsire|Curse|p1b: Clodsire\n|-unboost|p1b: Clodsire|spe|1\n|-boost|p1b: Clodsire|atk|1\n|-boost|p1b: Clodsire|def|1\n|\n|-ability|p2a: Espathra|Speed Boost|boost\n|-boost|p2a: Espathra|spe|1\n|upkeep\n|turn|2\n|\n|t:|1683679254\n|move|p2a: Espathra|Baton Pass|p2a: Espathra\n|\n|t:|1683679257\n|switch|p2a: Sylveon|Sylveon, L50, M|100\/100|[from] Baton Pass\n|move|p2b: Pawmot|Close Combat|p1b: Clodsire\n|-resisted|p1b: Clodsire\n|-damage|p1b: Clodsire|79\/100\n|-unboost|p2b: Pawmot|def|1\n|-unboost|p2b: Pawmot|spd|1\n|move|p1b: Clodsire|Curse|p1b: Clodsire\n|-unboost|p1b: Clodsire|spe|1\n|-boost|p1b: Clodsire|atk|1\n|-boost|p1b: Clodsire|def|1\n|move|p1a: Mimikyu|Trick Room|p1a: Mimikyu\n|-fieldstart|move: Trick Room|[of] p1a: Mimikyu\n|\n|-heal|p1b: Clodsire|85\/100|[from] item: Black Sludge\n|upkeep\n|turn|3\n|\n|t:|1683679277\n|switch|p2b: Espathra|Espathra, L50, F|100\/100\n|move|p1b: Clodsire|Gunk Shot|p2a: Sylveon\n|-supereffective|p2a: Sylveon\n|-damage|p2a: Sylveon|0 fnt\n|faint|p2a: Sylveon\n|move|p1a: Mimikyu|Play Rough|p2b: Espathra\n|-damage|p2b: Espathra|27\/100\n|-damage|p1a: Mimikyu|91\/100|[from] item: Life Orb\n|\n|-heal|p1b: Clodsire|91\/100|[from] item: Black Sludge\n|upkeep\n|\n|t:|1683679291\n|switch|p2a: Pawmot|Pawmot, L50, F|100\/100\n|turn|4\n|\n|t:|1683679306\n|switch|p1a: Tatsugiri|Tatsugiri, L50, F|100\/100\n|move|p2b: Espathra|Protect|p2b: Espathra\n|-singleturn|p2b: Espathra|Protect\n|move|p1b: Clodsire|Gunk Shot|p2a: Pawmot|[miss]\n|-miss|p1b: Clodsire|p2a: Pawmot\n|move|p2a: Pawmot|Double Shock|p1a: Tatsugiri\n|-damage|p1a: Tatsugiri|0 fnt\n|-start|p2a: Pawmot|typechange|???\/Fighting|[from] move: Double Shock\n|faint|p1a: Tatsugiri\n|\n|-heal|p1b: Clodsire|97\/100|[from] item: Black Sludge\n|-ability|p2b: Espathra|Speed Boost|boost\n|-boost|p2b: Espathra|spe|1\n|upkeep\n|\n|t:|1683679319\n|switch|p1a: Gallade|Gallade, L50, M|100\/100\n|-enditem|p1a: Gallade|Room Service\n|-unboost|p1a: Gallade|spe|1|[from] item: Room Service\n|turn|5\n|\n|t:|1683679355\n|switch|p2a: Gholdengo|Gholdengo, L50|100\/100\n|move|p1b: Clodsire|Gunk Shot|p2a: Gholdengo\n|-immune|p2a: Gholdengo\n|move|p1a: Gallade|X-Scissor|p2b: Espathra\n|-supereffective|p2b: Espathra\n|-damage|p2b: Espathra|0 fnt\n|faint|p2b: Espathra\n|\n|-heal|p1b: Clodsire|100\/100|[from] item: Black Sludge\n|upkeep\n|\n|t:|1683679367\n|switch|p2b: Pawmot|Pawmot, L50, F|100\/100\n|turn|6\n|\n|t:|1683679377\n|move|p2a: Gholdengo|Protect|p2a: Gholdengo\n|-singleturn|p2a: Gholdengo|Protect\n|move|p1b: Clodsire|Stomping Tantrum|p2a: Gholdengo\n|-activate|p2a: Gholdengo|move: Protect\n|move|p1a: Gallade|X-Scissor|p2b: Pawmot\n|-resisted|p2b: Pawmot\n|-damage|p2b: Pawmot|63\/100\n|move|p2b: Pawmot|Revival Blessing|p2b: Pawmot\n|\n|t:|1683679387\n|-heal|p2: Sylveon|50\/100|[from] move: Revival Blessing\n|\n|-fieldend|move: Trick Room\n|upkeep\n|turn|7\n|\n|t:|1683679407\n|move|p2b: Pawmot|Double Shock|p1a: Gallade\n|-damage|p1a: Gallade|0 fnt\n|-start|p2b: Pawmot|typechange|???\/Fighting|[from] move: Double Shock\n|faint|p1a: Gallade\n|move|p2a: Gholdengo|Make It Rain|p1b: Clodsire\n|-damage|p1b: Clodsire|66\/100\n|-unboost|p2a: Gholdengo|spa|1\n|move|p1b: Clodsire|Stomping Tantrum|p2a: Gholdengo\n|-supereffective|p2a: Gholdengo\n|-damage|p2a: Gholdengo|18\/100\n|-enditem|p2a: Gholdengo|Sitrus Berry|[eat]\n|-heal|p2a: Gholdengo|42\/100|[from] item: Sitrus Berry\n|\n|-heal|p1b: Clodsire|72\/100|[from] item: Black Sludge\n|upkeep\n|\n|t:|1683679422\n|switch|p1a: Mimikyu|Mimikyu, L50, F|91\/100\n|turn|8\n|\n|t:|1683679431\n|switch|p2a: Sylveon|Sylveon, L50, M|50\/100\n|move|p2b: Pawmot|Close Combat|p1b: Clodsire\n|-resisted|p1b: Clodsire\n|-damage|p1b: Clodsire|57\/100\n|-unboost|p2b: Pawmot|def|1\n|-unboost|p2b: Pawmot|spd|1\n|move|p1a: Mimikyu|Shadow Claw|p2a: Sylveon\n|-damage|p2a: Sylveon|9\/100\n|-damage|p1a: Mimikyu|81\/100|[from] item: Life Orb\n|move|p1b: Clodsire|Gunk Shot|p2b: Pawmot\n|-damage|p2b: Pawmot|0 fnt\n|faint|p2b: Pawmot\n|\n|-heal|p1b: Clodsire|63\/100|[from] item: Black Sludge\n|upkeep\n|\n|t:|1683679447\n|switch|p2b: Gholdengo|Gholdengo, L50|42\/100\n|turn|9\n|\n|t:|1683679462\n|-terastallize|p2a: Sylveon|Water\n|move|p2b: Gholdengo|Shadow Ball|p1a: Mimikyu\n|-activate|p1a: Mimikyu|ability: Disguise\n|-damage|p1a: Mimikyu|81\/100\n|detailschange|p1a: Mimikyu|Mimikyu-Busted, L50, F\n|-damage|p1a: Mimikyu|68\/100|[from] pokemon: Mimikyu-Busted\n|move|p1a: Mimikyu|Shadow Claw|p2a: Sylveon\n|-damage|p2a: Sylveon|0 fnt\n|faint|p2a: Sylveon\n|-damage|p1a: Mimikyu|59\/100|[from] item: Life Orb\n|move|p1b: Clodsire|Stomping Tantrum|p2b: Gholdengo\n|-supereffective|p2b: Gholdengo\n|-damage|p2b: Gholdengo|0 fnt\n|faint|p2b: Gholdengo\n|\n|win|JoeCastro33\n","uploadtime":1683679574,"views":15,"p1id":"joecastro33","p2id":"vforvalaritas","formatid":"gen9vgc2023regulationc","rating":0,"private":0,"password":""}