{"id":"gen9vgc2023regulationc-1856394287","p1":"Przzy","p2":"Spearstorms","format":"[Gen 9] VGC 2023 Regulation C","log":"|j|\u2606Przzy\n|j|\u2606Spearstorms\n|t:|1683057240\n|gametype|doubles\n|player|p1|Przzy|170|\n|player|p2|Spearstorms|evelyn|\n|teamsize|p1|6\n|teamsize|p2|6\n|gen|9\n|tier|[Gen 9] VGC 2023 Regulation C\n|rule|Species Clause: Limit one of each Pok\u00e9mon\n|rule|Item Clause: Limit one of each item\n|clearpoke\n|poke|p1|Garganacl, L50, F|\n|poke|p1|Wigglytuff, L50, F|\n|poke|p1|Torkoal, L50, M|\n|poke|p1|Lurantis, L50, M|\n|poke|p1|Eiscue, L50, M|\n|poke|p1|Toedscruel, L50, M|\n|poke|p2|Flutter Mane, L50|\n|poke|p2|Iron Bundle, L50|\n|poke|p2|Iron Hands, L50|\n|poke|p2|Wo-Chien, L50|\n|poke|p2|Maushold-Four, L50|\n|poke|p2|Chi-Yu, L50|\n|teampreview|4\nSpearstorms has agreed to open team sheets.\nPrzzy has agreed to open team sheets.\n|j| mtschmucker\n|j| Priest_of_Talos\n|c|\u2606Przzy|who built this team its terrible\n|c| Priest_of_Talos|prolly matt\n|c|\u2606Przzy|(it actually was not me)\n|c|\u2606Spearstorms|it was prolly matt tbh\n|c| Priest_of_Talos|tell me that wigglytuff is banded with last resort\n|c|\u2606Spearstorms|got the last resort no other moves lurantis\n|c|\u2606Spearstorms|LOL\n|c| Priest_of_Talos|LOL\n|\n|t:|1683057377\n|start\n|switch|p1a: MinWage Employee|Lurantis, L50, M|100\/100\n|switch|p1b: Ice|Eiscue, L50, M|100\/100\n|switch|p2a: Iron Bundle|Iron Bundle, L50|100\/100\n|switch|p2b: Iron Hands|Iron Hands, L50|100\/100\n|-enditem|p2a: Iron Bundle|Booster Energy\n|-activate|p2a: Iron Bundle|ability: Quark Drive|[fromitem]\n|-start|p2a: Iron Bundle|quarkdrivespe\n|turn|1\n|\n|t:|1683057420\n|move|p2b: Iron Hands|Fake Out|p1b: Ice\n|-activate|p1b: Ice|ability: Ice Face\n|-damage|p1b: Ice|100\/100\n|detailschange|p1b: Ice|Eiscue-Noice, L50, M\n|move|p2a: Iron Bundle|Freeze-Dry|p1a: MinWage Employee\n|-supereffective|p1a: MinWage Employee\n|-damage|p1a: MinWage Employee|16\/100\n|cant|p1b: Ice|flinch\n|move|p1a: MinWage Employee|Leaf Storm|p2b: Iron Hands\n|-crit|p2b: Iron Hands\n|-damage|p2b: Iron Hands|72\/100\n|-boost|p1a: MinWage Employee|spa|2\n|\n|upkeep\n|turn|2\n|c|\u2606Przzy|nooo\n|c|\u2606Przzy|my soak tech\n|c| Priest_of_Talos|the 28% crit\n|c|\u2606Spearstorms|XXD\n|c|\u2606Przzy|imagine if it was soaked\n|c|\u2606Przzy|IMAGINE\n|\n|t:|1683057467\n|move|p1a: MinWage Employee|Protect|p1a: MinWage Employee\n|-singleturn|p1a: MinWage Employee|Protect\n|move|p2a: Iron Bundle|Freeze-Dry|p1a: MinWage Employee\n|-activate|p1a: MinWage Employee|move: Protect\n|move|p1b: Ice|Freeze-Dry|p2a: Iron Bundle\n|-damage|p2a: Iron Bundle|66\/100\n|move|p2b: Iron Hands|Drain Punch|p1b: Ice\n|-supereffective|p1b: Ice\n|-enditem|p1b: Ice|Focus Sash\n|-damage|p1b: Ice|1\/100\n|-heal|p2b: Iron Hands|100\/100|[from] drain|[of] p1b: Ice\n|\n|upkeep\n|turn|3\n|\n|t:|1683057493\n|move|p2a: Iron Bundle|Encore|p1a: MinWage Employee\n|-start|p1a: MinWage Employee|Encore\n|move|p1b: Ice|Icicle Crash|p2b: Iron Hands\n|-damage|p2b: Iron Hands|77\/100\n|move|p2b: Iron Hands|Volt Switch|p1b: Ice\n|-damage|p1b: Ice|0 fnt\n|faint|p1b: Ice\n|\n|t:|1683057500\n|-end|p2b: Iron Hands|Quark Drive|[silent]\n|switch|p2b: Flutter Mane|Flutter Mane, L50|100\/100|[from] Volt Switch\n|move|p1a: MinWage Employee|Protect||[still]\n|-fail|p1a: MinWage Employee\n|\n|upkeep\n|\n|t:|1683057506\n|switch|p1b: Labor Laws (FAKE)|Wigglytuff, L50, F|100\/100\n|turn|4\n|\n|t:|1683057517\n|switch|p1a: Union Rep|Garganacl, L50, F|100\/100\n|-terastallize|p2b: Flutter Mane|Fairy\n|move|p2a: Iron Bundle|Freeze-Dry|p1b: Labor Laws (FAKE)\n|-damage|p1b: Labor Laws (FAKE)|56\/100\n|move|p2b: Flutter Mane|Moonblast|p1b: Labor Laws (FAKE)\n|-crit|p1b: Labor Laws (FAKE)\n|-damage|p1b: Labor Laws (FAKE)|0 fnt\n|faint|p1b: Labor Laws (FAKE)\n|\n|upkeep\n|\n|t:|1683057527\n|switch|p1b: MinWage Employee|Lurantis, L50, M|16\/100\n|turn|5\n|\n|t:|1683057537\n|move|p2a: Iron Bundle|Freeze-Dry|p1b: MinWage Employee\n|-supereffective|p1b: MinWage Employee\n|-damage|p1b: MinWage Employee|0 fnt\n|faint|p1b: MinWage Employee\n|move|p2b: Flutter Mane|Moonblast|p1a: Union Rep\n|-damage|p1a: Union Rep|36\/100\n|move|p1a: Union Rep|Salt Cure|p2b: Flutter Mane\n|-damage|p2b: Flutter Mane|63\/100\n|-start|p2b: Flutter Mane|Salt Cure\n|\n|-damage|p2b: Flutter Mane|50\/100|[from] Salt Cure\n|upkeep\n|turn|6\n|c|\u2606Przzy|ggs\n|c| Priest_of_Talos|unlucky crit, def costed przzy the game\n|c| mtschmucker|if cam kills garganacl he doesnt support unions\n|c|\u2606Spearstorms|ggs\n|c|\u2606Przzy|TRUE\n|c|\u2606Spearstorms|wait fuck\n|c|\u2606Przzy|you are not ready for this\n|\n|t:|1683057563\n|-end|p2b: Flutter Mane|Protosynthesis|[silent]\n|switch|p2b: Iron Hands|Iron Hands, L50|77\/100\n|-terastallize|p1a: Union Rep|Psychic\n|move|p2a: Iron Bundle|Encore|p1a: Union Rep\n|-start|p1a: Union Rep|Encore\n|move|p1a: Union Rep|Salt Cure|p2b: Iron Hands\n|-resisted|p2b: Iron Hands\n|-damage|p2b: Iron Hands|71\/100\n|-start|p2b: Iron Hands|Salt Cure\n|\n|-damage|p2b: Iron Hands|59\/100|[from] Salt Cure\n|upkeep\n|turn|7\n|c|\u2606Przzy|let me thunderpunch you\n|c|\u2606Spearstorms|i was not ready for that\n|\n|t:|1683057582\n|move|p2a: Iron Bundle|Freeze-Dry|p1a: Union Rep\n|-crit|p1a: Union Rep\n|-damage|p1a: Union Rep|0 fnt\n|faint|p1a: Union Rep\n|\n|win|Spearstorms\n","uploadtime":1683057589,"views":8,"p1id":"przzy","p2id":"spearstorms","formatid":"gen9vgc2023regulationc","rating":0,"private":0,"password":""}