{"id":"gen9vgc2023regulationc-1863381086","p1":"Judah<3","p2":"sejuntest","format":"[Gen 9] VGC 2023 Regulation C","log":"|j|\u2606Judah<3\n|j|\u203dsejuntest\n|t:|1684009703\n|gametype|doubles\n|player|p1|Judah<3|n-masters3|\n|player|p2|sejuntest|supernerd|\n|teamsize|p1|6\n|teamsize|p2|6\n|gen|9\n|tier|[Gen 9] VGC 2023 Regulation C\n|rule|Tera Type Preview: Tera Types are shown at Team Preview\n|rule|Species Clause: Limit one of each Pok\u00e9mon\n|rule|Item Clause: Limit one of each item\n|clearpoke\n|poke|p1|Gastrodon, L50, M|\n|poke|p1|Amoonguss, L50, M|\n|poke|p1|Slowbro, L50, M|\n|poke|p1|Growlithe, L50, M|\n|poke|p1|Klefki, L50, F|\n|poke|p1|Ting-Lu, L50|\n|poke|p2|Bisharp, L50, F|\n|poke|p2|Scream Tail, L50|\n|poke|p2|Palafin, L50, F|\n|poke|p2|Oricorio-Sensu, L50, F|\n|poke|p2|Volcarona, L50, F|\n|poke|p2|Iron Hands, L50|\n|teampreview|4\n|raw|Judah<3's Tera Types: \/ \/ \/ \/ \/ \n|raw|sejuntest's Tera Types: \/ \/ \/ \/ \/ \n|c|\u2606Judah<3|g1\nsejuntest rejected open team sheets.\n|c|\u2606Judah<3|glhf\n|j| tzarii\n|\n|t:|1684009782\n|start\n|switch|p1a: Ting-Lu|Ting-Lu, L50|100\/100\n|switch|p1b: Growlithe|Growlithe, L50, M|100\/100\n|switch|p2a: Scream Tail|Scream Tail, L50|100\/100\n|switch|p2b: Volcarona|Volcarona, L50, F|100\/100\n|-ability|p1b: Growlithe|Intimidate|boost\n|-unboost|p2a: Scream Tail|atk|1\n|-unboost|p2b: Volcarona|atk|1\n|-ability|p1a: Ting-Lu|Vessel of Ruin\n|turn|1\n|\n|t:|1684009817\n|-end|p2a: Scream Tail|Protosynthesis|[silent]\n|switch|p2a: Oricorio|Oricorio-Sensu, L50, F|100\/100\n|-terastallize|p1a: Ting-Lu|Poison\n|move|p2b: Volcarona|Will-O-Wisp|p1a: Ting-Lu\n|-status|p1a: Ting-Lu|brn\n|move|p1b: Growlithe|Flare Blitz|p2b: Volcarona\n|-damage|p2b: Volcarona|53\/100\n|-damage|p1b: Growlithe|82\/100|[from] Recoil\n|move|p1a: Ting-Lu|Rock Slide|p2b: Volcarona|[spread] p2a,p2b\n|-supereffective|p2a: Oricorio\n|-supereffective|p2b: Volcarona\n|-damage|p2a: Oricorio|77\/100\n|-damage|p2b: Volcarona|4\/100\n|-enditem|p2b: Volcarona|Sitrus Berry|[eat]\n|-heal|p2b: Volcarona|28\/100|[from] item: Sitrus Berry\n|\n|-damage|p1a: Ting-Lu|94\/100 brn|[from] brn\n|upkeep\n|turn|2\n|\n|t:|1684009842\n|-terastallize|p2a: Oricorio|Fighting\n|move|p2b: Volcarona|Quiver Dance|p2b: Volcarona\n|-boost|p2b: Volcarona|spa|1\n|-boost|p2b: Volcarona|spd|1\n|-boost|p2b: Volcarona|spe|1\n|-activate|p2a: Oricorio|ability: Dancer\n|move|p2a: Oricorio|Quiver Dance|p2a: Oricorio|[from]ability: Dancer\n|-boost|p2a: Oricorio|spa|1\n|-boost|p2a: Oricorio|spd|1\n|-boost|p2a: Oricorio|spe|1\n|move|p2a: Oricorio|Quiver Dance|p2a: Oricorio\n|-boost|p2a: Oricorio|spa|1\n|-boost|p2a: Oricorio|spd|1\n|-boost|p2a: Oricorio|spe|1\n|move|p1b: Growlithe|Snarl|p2a: Oricorio|[spread] p2a,p2b\n|-resisted|p2a: Oricorio\n|-damage|p2a: Oricorio|75\/100\n|-damage|p2b: Volcarona|25\/100\n|-unboost|p2b: Volcarona|spa|1\n|move|p1a: Ting-Lu|Rock Slide|p2b: Volcarona|[spread] p2a,p2b\n|-resisted|p2a: Oricorio\n|-supereffective|p2b: Volcarona\n|-damage|p2a: Oricorio|70\/100\n|-damage|p2b: Volcarona|0 fnt\n|faint|p2b: Volcarona\n|\n|-damage|p1a: Ting-Lu|88\/100 brn|[from] brn\n|upkeep\n|\n|t:|1684009859\n|switch|p2b: Bisharp|Bisharp, L50, F|100\/100\n|-ability|p2b: Bisharp|Pressure\n|turn|3\n|c|\u2606Judah<3|clear amu is a cool item on oricorio\n|\n|t:|1684009885\n|move|p2a: Oricorio|Air Slash|p1b: Growlithe\n|-damage|p1b: Growlithe|20\/100\n|move|p2b: Bisharp|Assurance|p1b: Growlithe\n|-damage|p1b: Growlithe|0 fnt\n|faint|p1b: Growlithe\n|move|p1a: Ting-Lu|Fissure|p2a: Oricorio|[miss]\n|-miss|p1a: Ting-Lu|p2a: Oricorio\n|\n|-damage|p1a: Ting-Lu|82\/100 brn|[from] brn\n|upkeep\n|\n|t:|1684009892\n|switch|p1b: Amoonguss|Amoonguss, L50, M|100\/100\n|turn|4\n|\n|t:|1684009909\n|move|p1b: Amoonguss|Protect|p1b: Amoonguss\n|-singleturn|p1b: Amoonguss|Protect\n|move|p2a: Oricorio|Air Slash|p1b: Amoonguss\n|-activate|p1b: Amoonguss|move: Protect\n|move|p2b: Bisharp|Assurance|p1b: Amoonguss\n|-activate|p1b: Amoonguss|move: Protect\n|move|p1a: Ting-Lu|Stomping Tantrum|p2b: Bisharp\n|-supereffective|p2b: Bisharp\n|-damage|p2b: Bisharp|36\/100\n|\n|-damage|p1a: Ting-Lu|76\/100 brn|[from] brn\n|upkeep\n|turn|5\n|\n|t:|1684009931\n|switch|p1b: Gastrodon|Gastrodon, L50, M|100\/100\n|move|p2a: Oricorio|Air Slash|p1b: Gastrodon\n|-damage|p1b: Gastrodon|52\/100\n|move|p2b: Bisharp|Assurance|p1b: Gastrodon\n|-damage|p1b: Gastrodon|0 fnt\n|faint|p1b: Gastrodon\n|move|p1a: Ting-Lu|Fissure|p2a: Oricorio\n|-damage|p2a: Oricorio|0 fnt\n|faint|p2a: Oricorio\n|-ohko\n|\n|-damage|p1a: Ting-Lu|70\/100 brn|[from] brn\n|upkeep\n|\n|t:|1684009944\n|switch|p2a: Scream Tail|Scream Tail, L50|100\/100\n|switch|p1b: Amoonguss|Amoonguss, L50, M|100\/100\n|turn|6\n|\n|t:|1684009961\n|move|p2a: Scream Tail|Psychic Fangs|p1b: Amoonguss\n|-supereffective|p1b: Amoonguss\n|-damage|p1b: Amoonguss|51\/100\n|move|p2b: Bisharp|Assurance|p1b: Amoonguss\n|-damage|p1b: Amoonguss|2\/100\n|-enditem|p1b: Amoonguss|Sitrus Berry|[eat]\n|-heal|p1b: Amoonguss|27\/100|[from] item: Sitrus Berry\n|move|p1a: Ting-Lu|Stomping Tantrum|p2b: Bisharp\n|-supereffective|p2b: Bisharp\n|-damage|p2b: Bisharp|8\/100\n|move|p1b: Amoonguss|Pollen Puff|p1a: Ting-Lu\n|-heal|p1a: Ting-Lu|100\/100 brn\n|\n|-damage|p1a: Ting-Lu|94\/100 brn|[from] brn\n|upkeep\n|turn|7\n|j| 314159265Consumer\n|j| Concept Everything\n|c|\u2606Judah<3|my fault for not protting ngl\n|\n|t:|1684009982\n|move|p1b: Amoonguss|Protect|p1b: Amoonguss\n|-singleturn|p1b: Amoonguss|Protect\n|move|p2a: Scream Tail|Psychic Fangs|p1a: Ting-Lu\n|-supereffective|p1a: Ting-Lu\n|-damage|p1a: Ting-Lu|64\/100 brn\n|move|p2b: Bisharp|Assurance|p1a: Ting-Lu\n|-damage|p1a: Ting-Lu|28\/100 brn\n|move|p1a: Ting-Lu|Stomping Tantrum|p2b: Bisharp\n|-supereffective|p2b: Bisharp\n|-damage|p2b: Bisharp|0 fnt\n|faint|p2b: Bisharp\n|\n|-damage|p1a: Ting-Lu|22\/100 brn|[from] brn\n|upkeep\n|turn|8\n|c|\u2606Judah<3|my fault for revealing I was going to prot\n|l| 314159265Consumer\n|c|\u2606Judah<3|30% or lose pog\n|\n|t:|1684010014\n|move|p2a: Scream Tail|Psychic Fangs|p1b: Amoonguss\n|-supereffective|p1b: Amoonguss\n|-damage|p1b: Amoonguss|0 fnt\n|faint|p1b: Amoonguss\n|move|p1a: Ting-Lu|Fissure|p2a: Scream Tail|[miss]\n|-miss|p1a: Ting-Lu|p2a: Scream Tail\n|\n|-damage|p1a: Ting-Lu|16\/100 brn|[from] brn\n|upkeep\n|turn|9\n|\n|t:|1684010019\n|move|p2a: Scream Tail|Psychic Fangs|p1a: Ting-Lu\n|-supereffective|p1a: Ting-Lu\n|-damage|p1a: Ting-Lu|0 fnt\n|faint|p1a: Ting-Lu\n|\n|win|sejuntest\n|c|\u2606Judah<3|gg I threw that one\n|c| Concept Everything|Should have hit\n|l| Concept Everything\n|j| Orangex733\n|l| Orangex733\n|l|\u2606Judah<3\n","uploadtime":1684010026,"views":23,"p1id":"judah3","p2id":"sejuntest","formatid":"gen9vgc2023regulationc","rating":0,"private":0,"password":""}