{"id":"gen9vgc2023regulationc-1860509689","p1":"SlowRush","p2":"Arcacagne","format":"[Gen 9] VGC 2023 Regulation C","log":"|j|\u2606SlowRush\n|j|\u2606Arcacagne\n|t:|1683650341\n|gametype|doubles\n|player|p1|SlowRush|scientist|1396\n|player|p2|Arcacagne|101|1309\n|teamsize|p1|6\n|teamsize|p2|6\n|gen|9\n|tier|[Gen 9] VGC 2023 Regulation C\n|rated|\n|rule|Species Clause: Limit one of each Pok\u00e9mon\n|rule|Item Clause: Limit one of each item\n|clearpoke\n|poke|p1|Lycanroc, L50, M|\n|poke|p1|Tyranitar, L50, M|\n|poke|p1|Kilowattrel, L50, M|\n|poke|p1|Garchomp, L50, F|\n|poke|p1|Iron Bundle, L50|\n|poke|p1|Flutter Mane, L50|\n|poke|p2|Flutter Mane, L50|\n|poke|p2|Chi-Yu, L50|\n|poke|p2|Amoonguss, L50, M|\n|poke|p2|Annihilape, L50, M|\n|poke|p2|Scream Tail, L50|\n|poke|p2|Iron Bundle, L50|\n|teampreview|4\n|inactive|Battle timer is ON: inactive players will automatically lose when time's up. (requested by SlowRush)\n|\n|t:|1683650374\n|start\n|switch|p1a: Iron Bundle|Iron Bundle, L50|100\/100\n|switch|p1b: Flutter Mane|Flutter Mane, L50|100\/100\n|switch|p2a: Annihilape|Annihilape, L50, M|100\/100\n|switch|p2b: Amoonguss|Amoonguss, L50, M|100\/100\n|-enditem|p1a: Iron Bundle|Booster Energy\n|-activate|p1a: Iron Bundle|ability: Quark Drive|[fromitem]\n|-start|p1a: Iron Bundle|quarkdrivespe\n|turn|1\n|inactive|SlowRush has 30 seconds left.\n|inactive|Arcacagne has 30 seconds left.\n|inactive|SlowRush has 20 seconds left.\n|inactive|SlowRush has 15 seconds left.\n|inactive|SlowRush has 10 seconds left.\n|inactive|SlowRush has 5 seconds left.\n|\n|t:|1683650425\n|move|p1a: Iron Bundle|Protect|p1a: Iron Bundle\n|-singleturn|p1a: Iron Bundle|Protect\n|move|p2a: Annihilape|Protect|p2a: Annihilape\n|-singleturn|p2a: Annihilape|Protect\n|move|p1b: Flutter Mane|Shadow Ball|p2a: Annihilape\n|-activate|p2a: Annihilape|move: Protect\n|move|p2b: Amoonguss|Spore|p1b: Flutter Mane\n|-status|p1b: Flutter Mane|slp|[from] move: Spore\n|\n|upkeep\n|turn|2\n|\n|t:|1683650444\n|move|p2b: Amoonguss|Rage Powder|p2b: Amoonguss\n|-singleturn|p2b: Amoonguss|move: Rage Powder\n|move|p1a: Iron Bundle|Freeze-Dry|p2b: Amoonguss\n|-supereffective|p2b: Amoonguss\n|-damage|p2b: Amoonguss|43\/100\n|cant|p1b: Flutter Mane|slp\n|move|p2a: Annihilape|Bulk Up|p2a: Annihilape\n|-boost|p2a: Annihilape|atk|1\n|-boost|p2a: Annihilape|def|1\n|\n|upkeep\n|turn|3\n|inactive|Arcacagne has 30 seconds left.\n|\n|t:|1683650473\n|-terastallize|p2a: Annihilape|Fire\n|move|p2b: Amoonguss|Rage Powder|p2b: Amoonguss\n|-singleturn|p2b: Amoonguss|move: Rage Powder\n|move|p1a: Iron Bundle|Freeze-Dry|p2b: Amoonguss\n|-supereffective|p2b: Amoonguss\n|-damage|p2b: Amoonguss|0 fnt\n|faint|p2b: Amoonguss\n|-curestatus|p1b: Flutter Mane|slp|[msg]\n|move|p1b: Flutter Mane|Shadow Ball|p2a: Annihilape\n|-damage|p2a: Annihilape|48\/100\n|-enditem|p2a: Annihilape|Sitrus Berry|[eat]\n|-heal|p2a: Annihilape|73\/100|[from] item: Sitrus Berry\n|move|p2a: Annihilape|Bulk Up|p2a: Annihilape\n|-boost|p2a: Annihilape|atk|1\n|-boost|p2a: Annihilape|def|1\n|\n|upkeep\n|\n|t:|1683650488\n|switch|p2b: Scream Tail|Scream Tail, L50|100\/100\n|-enditem|p2b: Scream Tail|Booster Energy\n|-activate|p2b: Scream Tail|ability: Protosynthesis|[fromitem]\n|-start|p2b: Scream Tail|protosynthesisspe\n|turn|4\n|\n|t:|1683650507\n|move|p2a: Annihilape|Protect|p2a: Annihilape\n|-singleturn|p2a: Annihilape|Protect\n|move|p1a: Iron Bundle|Hydro Pump|p2a: Annihilape\n|-activate|p2a: Annihilape|move: Protect\n|move|p2b: Scream Tail|Disable|p1b: Flutter Mane\n|-start|p1b: Flutter Mane|Disable|Shadow Ball\n|cant|p1b: Flutter Mane|Disable|Shadow Ball\n|\n|upkeep\n|turn|5\n|inactive|Arcacagne has 30 seconds left.\n|\n|t:|1683650533\n|-end|p1b: Flutter Mane|Protosynthesis|[silent]\n|switch|p1b: Tyranitar|Tyranitar, L50, M|100\/100\n|-weather|Sandstorm|[from] ability: Sand Stream|[of] p1b: Tyranitar\n|move|p1a: Iron Bundle|Hydro Pump|p2a: Annihilape\n|-supereffective|p2a: Annihilape\n|-damage|p2a: Annihilape|0 fnt\n|faint|p2a: Annihilape\n|move|p2b: Scream Tail|Disable|p1a: Iron Bundle\n|-start|p1a: Iron Bundle|Disable|Hydro Pump\n|\n|-weather|Sandstorm|[upkeep]\n|-damage|p1a: Iron Bundle|94\/100|[from] Sandstorm\n|-damage|p2b: Scream Tail|95\/100|[from] Sandstorm\n|upkeep\n|-message|Arcacagne forfeited.\n|\n|win|SlowRush\n|raw|SlowRush's rating: 1396 → 1411<\/strong> (+15 for winning)\n|raw|Arcacagne's rating: 1309 → 1294<\/strong> (-15 for losing)\n","uploadtime":1683650553,"views":15,"p1id":"slowrush","p2id":"arcacagne","formatid":"gen9vgc2023regulationc","rating":1294,"private":0,"password":""}