{"id":"gen9vgc2023regulationc-1850292146","p1":"Xalvadore","p2":"FurretTurret","format":"[Gen 9] VGC 2023 Regulation C","log":"|j|\u2606Xalvadore\n|j|\u2606FurretTurret\n|t:|1682312263\n|gametype|doubles\n|player|p1|Xalvadore|marnie|1218\n|player|p2|FurretTurret|youngster-gen6xy|1185\n|teamsize|p1|6\n|teamsize|p2|6\n|gen|9\n|tier|[Gen 9] VGC 2023 Regulation C\n|rated|\n|rule|Species Clause: Limit one of each Pok\u00e9mon\n|rule|Item Clause: Limit one of each item\n|clearpoke\n|poke|p1|Dragonite, L50, M|\n|poke|p1|Tyranitar, L50, F|\n|poke|p1|Gastrodon, L50, F|\n|poke|p1|Arcanine, L50, M|\n|poke|p1|Meowscarada, L50, M|\n|poke|p1|Corviknight, L50, M|\n|poke|p2|Chi-Yu, L50|\n|poke|p2|Palafin, L50, M|\n|poke|p2|Glimmora, L50, F|\n|poke|p2|Annihilape, L50, M|\n|poke|p2|Klefki, L50, M|\n|poke|p2|Maushold-Four, L50|\n|teampreview|4\n|c|\u2606FurretTurret|glhf\nFurretTurret has agreed to open team sheets.\nXalvadore has agreed to open team sheets.\n|c|\u2606Xalvadore|Likewise\n|\n|t:|1682312332\n|start\n|switch|p1a: Tyranitar|Tyranitar, L50, F|100\/100\n|switch|p1b: Gastrodon|Gastrodon, L50, F|100\/100\n|switch|p2a: Annihilape|Annihilape, L50, M|100\/100\n|switch|p2b: Maushold|Maushold-Four, L50|100\/100\n|-weather|Sandstorm|[from] ability: Sand Stream|[of] p1a: Tyranitar\n|turn|1\n|\n|t:|1682312368\n|switch|p1a: Arcanine|Arcanine, L50, M|100\/100\n|-ability|p1a: Arcanine|Intimidate|boost\n|-unboost|p2a: Annihilape|atk|1\n|-ability|p2a: Annihilape|Defiant|boost\n|-boost|p2a: Annihilape|atk|2\n|-unboost|p2b: Maushold|atk|1\n|-terastallize|p2a: Annihilape|Fire\n|move|p2b: Maushold|Beat Up|p2a: Annihilape\n|-damage|p2a: Annihilape|99\/100\n|-damage|p2a: Annihilape|97\/100\n|-damage|p2a: Annihilape|96\/100\n|-damage|p2a: Annihilape|95\/100\n|-hitcount|p2a: Annihilape|4\n|move|p2a: Annihilape|Rage Fist|p1b: Gastrodon\n|-damage|p1b: Gastrodon|0 fnt\n|faint|p1b: Gastrodon\n|\n|-weather|Sandstorm|[upkeep]\n|-damage|p2b: Maushold|94\/100|[from] Sandstorm\n|-damage|p2a: Annihilape|88\/100|[from] Sandstorm\n|-heal|p2a: Annihilape|95\/100|[from] item: Leftovers\n|upkeep\n|\n|t:|1682312402\n|switch|p1b: Meowscarada|Meowscarada, L50, M|100\/100\n|turn|2\n|\n|t:|1682312434\n|switch|p1a: Tyranitar|Tyranitar, L50, F|100\/100\n|move|p1b: Meowscarada|Protect|p1b: Meowscarada\n|-singleturn|p1b: Meowscarada|Protect\n|move|p2b: Maushold|Follow Me|p2b: Maushold\n|-singleturn|p2b: Maushold|move: Follow Me\n|move|p2a: Annihilape|Bulk Up|p2a: Annihilape\n|-boost|p2a: Annihilape|atk|1\n|-boost|p2a: Annihilape|def|1\n|\n|-weather|Sandstorm|[upkeep]\n|-damage|p2b: Maushold|88\/100|[from] Sandstorm\n|-damage|p1b: Meowscarada|95\/100|[from] Sandstorm\n|-damage|p2a: Annihilape|88\/100|[from] Sandstorm\n|-heal|p2a: Annihilape|95\/100|[from] item: Leftovers\n|upkeep\n|turn|3\n|\n|t:|1682312460\n|move|p2b: Maushold|Follow Me|p2b: Maushold\n|-singleturn|p2b: Maushold|move: Follow Me\n|move|p1b: Meowscarada|Knock Off|p2b: Maushold\n|-damage|p2b: Maushold|8\/100\n|-enditem|p2b: Maushold|Focus Sash|[from] move: Knock Off|[of] p1b: Meowscarada\n|-damage|p1b: Meowscarada|85\/100|[from] item: Life Orb\n|move|p2a: Annihilape|Rage Fist|p1a: Tyranitar\n|-resisted|p1a: Tyranitar\n|-damage|p1a: Tyranitar|19\/100\n|move|p1a: Tyranitar|Power Gem|p2b: Maushold\n|-damage|p2b: Maushold|0 fnt\n|faint|p2b: Maushold\n|\n|-weather|Sandstorm|[upkeep]\n|-damage|p1b: Meowscarada|79\/100|[from] Sandstorm\n|-damage|p2a: Annihilape|88\/100|[from] Sandstorm\n|-heal|p2a: Annihilape|95\/100|[from] item: Leftovers\n|upkeep\n|\n|t:|1682312477\n|switch|p2b: Chi-Yu|Chi-Yu, L50|100\/100\n|-ability|p2b: Chi-Yu|Beads of Ruin\n|turn|4\n|\n|t:|1682312498\n|move|p1b: Meowscarada|Protect|p1b: Meowscarada\n|-singleturn|p1b: Meowscarada|Protect\n|move|p2b: Chi-Yu|Overheat|p1b: Meowscarada\n|-activate|p1b: Meowscarada|move: Protect\n|move|p2a: Annihilape|Rage Fist|p1a: Tyranitar\n|-resisted|p1a: Tyranitar\n|-damage|p1a: Tyranitar|0 fnt\n|faint|p1a: Tyranitar\n|\n|-weather|Sandstorm|[upkeep]\n|-damage|p2b: Chi-Yu|94\/100|[from] Sandstorm\n|-damage|p1b: Meowscarada|73\/100|[from] Sandstorm\n|-damage|p2a: Annihilape|88\/100|[from] Sandstorm\n|-heal|p2a: Annihilape|95\/100|[from] item: Leftovers\n|upkeep\n|c|\u2606Xalvadore|I switched my Ttar investment from speed to HP and it immediately bit me in the behind\n|\n|t:|1682312562\n|switch|p1a: Arcanine|Arcanine, L50, M|100\/100\n|-ability|p1a: Arcanine|Intimidate|boost\n|-unboost|p2a: Annihilape|atk|1\n|-ability|p2a: Annihilape|Defiant|boost\n|-boost|p2a: Annihilape|atk|2\n|-unboost|p2b: Chi-Yu|atk|1\n|turn|5\n|c|\u2606FurretTurret|ah gotcha\n|c|\u2606Xalvadore|But now, I know, 252 speed to blast Annihilape away\n|\n|t:|1682312594\n|move|p1a: Arcanine|Protect|p1a: Arcanine\n|-singleturn|p1a: Arcanine|Protect\n|move|p1b: Meowscarada|Sucker Punch|p2a: Annihilape\n|-damage|p2a: Annihilape|67\/100\n|-damage|p1b: Meowscarada|63\/100|[from] item: Life Orb\n|move|p2b: Chi-Yu|Overheat|p1b: Meowscarada\n|-supereffective|p1b: Meowscarada\n|-damage|p1b: Meowscarada|0 fnt\n|-unboost|p2b: Chi-Yu|spa|2\n|faint|p1b: Meowscarada\n|move|p2a: Annihilape|Rage Fist|p1a: Arcanine\n|-activate|p1a: Arcanine|move: Protect\n|\n|-weather|none\n|-heal|p2a: Annihilape|73\/100|[from] item: Leftovers\n|upkeep\n|turn|6\n|c|\u2606FurretTurret|yeah I'm no speed\n|c|\u2606Xalvadore|gg\n|-message|Xalvadore forfeited.\n|\n|win|FurretTurret\n|raw|Xalvadore's rating: 1218 → 1191<\/strong> (-27 for losing)\n|raw|FurretTurret's rating: 1185 → 1212<\/strong> (+27 for winning)\n|c|\u2606FurretTurret|gg\n","uploadtime":1682312619,"views":44,"p1id":"xalvadore","p2id":"furretturret","formatid":"gen9vgc2023regulationc","rating":1191,"private":0,"password":""}