{"id":"gen9vgc2023regulationc-1859958308","p1":"racczilla","p2":"MasterofMetapods5","format":"[Gen 9] VGC 2023 Regulation C","log":"|j|\u2606racczilla\n|j|\u2606MasterofMetapods5\n|t:|1683579381\n|gametype|doubles\n|player|p1|racczilla|bugcatcher-gen4dp|\n|player|p2|MasterofMetapods5|lance|\n|teamsize|p1|6\n|teamsize|p2|6\n|gen|9\n|tier|[Gen 9] VGC 2023 Regulation C\n|rated|Tournament battle\n|rule|Species Clause: Limit one of each Pok\u00e9mon\n|rule|Item Clause: Limit one of each item\n|clearpoke\n|poke|p1|Talonflame, L50, F|\n|poke|p1|Tinkaton, L50, F|\n|poke|p1|Roaring Moon, L50|\n|poke|p1|Amoonguss, L50, M|\n|poke|p1|Flutter Mane, L50|\n|poke|p1|Tauros-Paldea-Aqua, L50, M|\n|poke|p2|Amoonguss, L50, M|\n|poke|p2|Ting-Lu, L50|\n|poke|p2|Corviknight, L50, M|\n|poke|p2|Rotom-Wash, L50|\n|poke|p2|Chi-Yu, L50|\n|poke|p2|Flutter Mane, L50|\n|teampreview|4\n|raw| Open Team Sheet for racczilla<\/summary>Talonflame @ Sharp Beak Ability: Gale Wings Level: 50 Tera Type: Ghost - Brave Bird - Will-O-Wisp - Tailwind - Quick Guard Tinkaton (F) @ Sitrus Berry Ability: Mold Breaker Level: 50 Tera Type: Water - Gigaton Hammer - Fake Out - Feint - Thunder Wave Roaring Moon @ Booster Energy Ability: Protosynthesis Level: 50 Tera Type: Flying - Throat Chop - Acrobatics - Dragon Dance - Protect Amoonguss @ Rocky Helmet Ability: Regenerator Level: 50 Tera Type: Water - Clear Smog - Pollen Puff - Spore - Rage Powder Flutter Mane @ Life Orb Ability: Protosynthesis Level: 50 Tera Type: Fairy - Shadow Ball - Moonblast - Dazzling Gleam - Protect Tauros (Tauros-Paldea-Aqua) (M) @ Assault Vest Ability: Intimidate Level: 50 Tera Type: Fire - Close Combat - Wave Crash - Raging Bull - Aqua Jet <\/details><\/div> Open Team Sheet for MasterofMetapods5<\/summary>Amoonguss (M) @ Sitrus Berry Ability: Regenerator Level: 50 Tera Type: Water - Clear Smog - Pollen Puff - Spore - Rage Powder Ting-Lu @ Leftovers Ability: Vessel of Ruin Level: 50 Tera Type: Poison - Protect - Earthquake - Heavy Slam - Ruination Corviknight (M) @ Lum Berry Ability: Mirror Armor Level: 50 Tera Type: Dragon - Brave Bird - Iron Head - Roost - Tailwind Rotom (Rotom-Wash) @ Safety Goggles Ability: Levitate Level: 50 Tera Type: Poison - Protect - Thunderbolt - Hydro Pump - Nasty Plot Chi-Yu @ Focus Sash Ability: Beads of Ruin Level: 50 Tera Type: Fire - Protect - Heat Wave - Dark Pulse - Overheat Flutter Mane @ Booster Energy Ability: Protosynthesis Level: 50 Tera Type: Fairy - Protect - Moonblast - Shadow Ball - Icy Wind <\/details><\/div>\n|j| gomatyan\n|inactive|Battle timer is ON: inactive players will automatically lose when time's up. (requested by MasterofMetapods5)\n|c|\u2606MasterofMetapods5|glhf\n|c|\u2606racczilla|u2\n|\n|t:|1683579484\n|start\n|switch|p1a: Talonflame|Talonflame, L50, F|100\/100\n|switch|p1b: Flutter Mane|Flutter Mane, L50|100\/100\n|switch|p2a: Amoonguss|Amoonguss, L50, M|100\/100\n|switch|p2b: Rotom|Rotom-Wash, L50|100\/100\n|turn|1\n|j| PoppyPearly\n|inactive|MasterofMetapods5 has 30 seconds left.\n|\n|t:|1683579512\n|-terastallize|p2a: Amoonguss|Water\n|move|p1a: Talonflame|Brave Bird|p2a: Amoonguss\n|-damage|p2a: Amoonguss|61\/100\n|-damage|p1a: Talonflame|84\/100|[from] Recoil\n|move|p1b: Flutter Mane|Shadow Ball|p2a: Amoonguss\n|-damage|p2a: Amoonguss|17\/100\n|-unboost|p2a: Amoonguss|spd|1\n|-enditem|p2a: Amoonguss|Sitrus Berry|[eat]\n|-heal|p2a: Amoonguss|42\/100|[from] item: Sitrus Berry\n|-damage|p1b: Flutter Mane|91\/100|[from] item: Life Orb\n|move|p2b: Rotom|Thunderbolt|p1a: Talonflame\n|-supereffective|p1a: Talonflame\n|-damage|p1a: Talonflame|0 fnt\n|faint|p1a: Talonflame\n|move|p2a: Amoonguss|Spore|p1b: Flutter Mane\n|-status|p1b: Flutter Mane|slp|[from] move: Spore\n|\n|upkeep\n|\n|t:|1683579529\n|switch|p1a: Roaring Moon|Roaring Moon, L50|100\/100\n|-enditem|p1a: Roaring Moon|Booster Energy\n|-activate|p1a: Roaring Moon|ability: Protosynthesis|[fromitem]\n|-start|p1a: Roaring Moon|protosynthesisatk\n|turn|2\n|\n|t:|1683579543\n|switch|p2a: Chi-Yu|Chi-Yu, L50|100\/100\n|-ability|p2a: Chi-Yu|Beads of Ruin\n|cant|p1b: Flutter Mane|slp\n|move|p1a: Roaring Moon|Throat Chop|p2a: Chi-Yu\n|-resisted|p2a: Chi-Yu\n|-crit|p2a: Chi-Yu\n|-damage|p2a: Chi-Yu|36\/100\n|-start|p2a: Chi-Yu|Throat Chop|[silent]\n|move|p2b: Rotom|Thunderbolt|p1b: Flutter Mane\n|-damage|p1b: Flutter Mane|45\/100 slp\n|\n|upkeep\n|turn|3\n|\n|t:|1683579558\n|cant|p1b: Flutter Mane|slp\n|move|p2a: Chi-Yu|Heat Wave|p1b: Flutter Mane|[spread] p1a,p1b\n|-resisted|p1a: Roaring Moon\n|-damage|p1a: Roaring Moon|80\/100\n|-damage|p1b: Flutter Mane|0 fnt\n|faint|p1b: Flutter Mane\n|-end|p1b: Flutter Mane|Protosynthesis|[silent]\n|move|p1a: Roaring Moon|Dragon Dance|p1a: Roaring Moon\n|-boost|p1a: Roaring Moon|atk|1\n|-boost|p1a: Roaring Moon|spe|1\n|move|p2b: Rotom|Nasty Plot|p2b: Rotom\n|-boost|p2b: Rotom|spa|2\n|\n|-end|p2a: Chi-Yu|Throat Chop|[silent]\n|upkeep\n|\n|t:|1683579562\n|switch|p1b: Tauros|Tauros-Paldea-Aqua, L50, M|100\/100\n|-ability|p1b: Tauros|Intimidate|boost\n|-unboost|p2a: Chi-Yu|atk|1\n|-unboost|p2b: Rotom|atk|1\n|turn|4\n|\n|t:|1683579582\n|move|p2b: Rotom|Protect|p2b: Rotom\n|-singleturn|p2b: Rotom|Protect\n|move|p1a: Roaring Moon|Throat Chop|p2b: Rotom\n|-activate|p2b: Rotom|move: Protect\n|move|p1b: Tauros|Raging Bull|p2a: Chi-Yu\n|-supereffective|p2a: Chi-Yu\n|-damage|p2a: Chi-Yu|0 fnt\n|faint|p2a: Chi-Yu\n|\n|upkeep\n|\n|t:|1683579596\n|switch|p2a: Flutter Mane|Flutter Mane, L50|100\/100\n|-enditem|p2a: Flutter Mane|Booster Energy\n|-activate|p2a: Flutter Mane|ability: Protosynthesis|[fromitem]\n|-start|p2a: Flutter Mane|protosynthesisspe\n|turn|5\n|\n|t:|1683579610\n|-terastallize|p1b: Tauros|Fire\n|move|p1a: Roaring Moon|Protect|p1a: Roaring Moon\n|-singleturn|p1a: Roaring Moon|Protect\n|move|p2a: Flutter Mane|Icy Wind|p1a: Roaring Moon|[spread] p1b\n|-activate|p1a: Roaring Moon|move: Protect\n|-resisted|p1b: Tauros\n|-damage|p1b: Tauros|93\/100\n|-unboost|p1b: Tauros|spe|1\n|move|p2b: Rotom|Thunderbolt|p1b: Tauros\n|-damage|p1b: Tauros|24\/100\n|move|p1b: Tauros|Wave Crash|p2a: Flutter Mane\n|-damage|p2a: Flutter Mane|20\/100\n|-damage|p1b: Tauros|0 fnt|[from] Recoil\n|faint|p1b: Tauros\n|\n|upkeep\n|turn|6\n|\n|t:|1683579627\n|move|p2a: Flutter Mane|Moonblast|p1a: Roaring Moon\n|-supereffective|p1a: Roaring Moon\n|-damage|p1a: Roaring Moon|0 fnt\n|faint|p1a: Roaring Moon\n|-end|p1a: Roaring Moon|Protosynthesis|[silent]\n|\n|win|MasterofMetapods5\n|n|\u2606racczilla|racczilla\n|n|\u2606MasterofMetapods5|masterofmetapods5\n|n| gomatyan|gomatyan\n|n| PoppyPearly|poppypearly\n|l| PoppyPearly\n|c|\u2606racczilla|gg\n","uploadtime":1683579633,"views":13,"p1id":"racczilla","p2id":"masterofmetapods5","formatid":"gen9vgc2023regulationc","rating":0,"private":0,"password":""}