{"id":"gen9vgc2023regulationc-1861597224","p1":"ExcelSheet","p2":"Mattytaxes","format":"[Gen 9] VGC 2023 Regulation C","log":"|j|\u2606ExcelSheet\n|j|\u2606Mattytaxes\n|t:|1683778782\n|gametype|doubles\n|player|p1|ExcelSheet|hilbert-wonderlauncher|\n|player|p2|Mattytaxes|unknown|\n|teamsize|p1|6\n|teamsize|p2|6\n|gen|9\n|tier|[Gen 9] VGC 2023 Regulation C\n|rule|Species Clause: Limit one of each Pok\u00e9mon\n|rule|Item Clause: Limit one of each item\n|clearpoke\n|poke|p1|Gholdengo, L50|\n|poke|p1|Chi-Yu, L50|\n|poke|p1|Chien-Pao, L50|\n|poke|p1|Baxcalibur, L50, F|\n|poke|p1|Dragonite, L50, M|\n|poke|p1|Roaring Moon, L50|\n|poke|p2|Murkrow, L50, M|\n|poke|p2|Flutter Mane, L50|\n|poke|p2|Great Tusk, L50|\n|poke|p2|Chi-Yu, L50|\n|poke|p2|Gyarados, L50, M|\n|poke|p2|Gholdengo, L50|\n|teampreview|4\n|inactive|Battle timer is ON: inactive players will automatically lose when time's up. (requested by ExcelSheet)\nExcelSheet has agreed to open team sheets.\nMattytaxes has agreed to open team sheets.\n|inactive|ExcelSheet has 60 seconds left.\n|inactive|Mattytaxes has 60 seconds left.\n|c|\u2606ExcelSheet|What time is it for you?\n|\n|t:|1683778837\n|start\n|switch|p1a: Chi-Yu|Chi-Yu, L50|100\/100\n|switch|p1b: Gholdengo|Gholdengo, L50|100\/100\n|switch|p2a: Chi-Yu|Chi-Yu, L50|100\/100\n|switch|p2b: Great Tusk|Great Tusk, L50|100\/100\n|-ability|p2a: Chi-Yu|Beads of Ruin\n|-ability|p1a: Chi-Yu|Beads of Ruin\n|turn|1\n|c|\u2606ExcelSheet|I've been concerned for the GMT-5 people\n|inactive|Mattytaxes has 30 seconds left.\n|inactive|Mattytaxes has 20 seconds left.\n|inactive|Mattytaxes has 15 seconds left.\n|\n|t:|1683778882\n|-terastallize|p1b: Gholdengo|Water\n|move|p1a: Chi-Yu|Protect|p1a: Chi-Yu\n|-singleturn|p1a: Chi-Yu|Protect\n|move|p2b: Great Tusk|Headlong Rush|p1a: Chi-Yu\n|-activate|p1a: Chi-Yu|move: Protect\n|move|p2a: Chi-Yu|Dark Pulse|p1b: Gholdengo\n|-damage|p1b: Gholdengo|50\/100\n|move|p1b: Gholdengo|Tera Blast|p2b: Great Tusk\n|-supereffective|p2b: Great Tusk\n|-damage|p2b: Great Tusk|0 fnt\n|faint|p2b: Great Tusk\n|-end|p2b: Great Tusk|Protosynthesis|[silent]\n|\n|upkeep\n|\n|t:|1683778900\n|switch|p2b: Flutter Mane|Flutter Mane, L50|100\/100\n|turn|2\n|\n|t:|1683778911\n|move|p2b: Flutter Mane|Dazzling Gleam|p1a: Chi-Yu|[spread] p1a,p1b\n|-damage|p1a: Chi-Yu|51\/100\n|-damage|p1b: Gholdengo|0 fnt\n|faint|p1b: Gholdengo\n|move|p2a: Chi-Yu|Dark Pulse|p1a: Chi-Yu\n|-resisted|p1a: Chi-Yu\n|-crit|p1a: Chi-Yu\n|-damage|p1a: Chi-Yu|22\/100\n|move|p1a: Chi-Yu|Dark Pulse|p2b: Flutter Mane\n|-damage|p2b: Flutter Mane|49\/100\n|\n|-heal|p1a: Chi-Yu|28\/100|[from] item: Leftovers\n|upkeep\n|\n|t:|1683778921\n|switch|p1b: Baxcalibur|Baxcalibur, L50, F|100\/100\n|turn|3\n|inactive|Mattytaxes has 30 seconds left.\n|\n|t:|1683778956\n|-terastallize|p2b: Flutter Mane|Fairy\n|move|p1a: Chi-Yu|Protect|p1a: Chi-Yu\n|-singleturn|p1a: Chi-Yu|Protect\n|move|p1b: Baxcalibur|Ice Shard|p2b: Flutter Mane\n|-damage|p2b: Flutter Mane|8\/100\n|move|p2b: Flutter Mane|Dazzling Gleam|p1a: Chi-Yu|[spread] p1b\n|-activate|p1a: Chi-Yu|move: Protect\n|-supereffective|p1b: Baxcalibur\n|-damage|p1b: Baxcalibur|0 fnt\n|faint|p1b: Baxcalibur\n|move|p2a: Chi-Yu|Dark Pulse|p1a: Chi-Yu\n|-activate|p1a: Chi-Yu|move: Protect\n|\n|-heal|p1a: Chi-Yu|34\/100|[from] item: Leftovers\n|upkeep\n|c|\u2606ExcelSheet|I have failed math class\n|\n|t:|1683778970\n|switch|p1b: Dragonite|Dragonite, L50, M|100\/100\n|turn|4\n|\n|t:|1683778994\n|-end|p2b: Flutter Mane|Protosynthesis|[silent]\n|switch|p2b: Murkrow|Murkrow, L50, M, shiny|100\/100\n|move|p1b: Dragonite|Extreme Speed|p2b: Murkrow\n|-damage|p2b: Murkrow|53\/100\n|move|p2a: Chi-Yu|Heat Wave|p1b: Dragonite|[spread] p1a,p1b\n|-resisted|p1a: Chi-Yu\n|-resisted|p1b: Dragonite\n|-damage|p1a: Chi-Yu|18\/100\n|-damage|p1b: Dragonite|79\/100\n|move|p1a: Chi-Yu|Dark Pulse|p2a: Chi-Yu\n|-resisted|p2a: Chi-Yu\n|-damage|p2a: Chi-Yu|82\/100\n|\n|-heal|p1a: Chi-Yu|24\/100|[from] item: Leftovers\n|upkeep\n|turn|5\n|c|\u2606Mattytaxes|lol!\n|inactive|Mattytaxes has 30 seconds left.\n|c|\u2606ExcelSheet|(:\n|inactive|Mattytaxes has 20 seconds left.\n|inactive|Mattytaxes has 15 seconds left.\n|inactive|Mattytaxes has 10 seconds left.\n|\n|t:|1683779040\n|move|p1b: Dragonite|Extreme Speed|p2b: Murkrow\n|-damage|p2b: Murkrow|8\/100\n|move|p2a: Chi-Yu|Heat Wave|p1b: Dragonite|[spread] p1a,p1b\n|-resisted|p1a: Chi-Yu\n|-resisted|p1b: Dragonite\n|-damage|p1a: Chi-Yu|8\/100\n|-damage|p1b: Dragonite|60\/100\n|move|p1a: Chi-Yu|Flamethrower|p2b: Murkrow\n|-damage|p2b: Murkrow|0 fnt\n|faint|p2b: Murkrow\n|\n|-heal|p1a: Chi-Yu|14\/100|[from] item: Leftovers\n|upkeep\n|\n|t:|1683779051\n|switch|p2b: Flutter Mane|Flutter Mane, L50, tera:Fairy|8\/100\n|turn|6\n|\n|t:|1683779065\n|move|p1b: Dragonite|Extreme Speed|p2a: Chi-Yu\n|-damage|p2a: Chi-Yu|25\/100\n|move|p2b: Flutter Mane|Dazzling Gleam|p1b: Dragonite|[spread] p1a,p1b\n|-supereffective|p1b: Dragonite\n|-damage|p1a: Chi-Yu|0 fnt\n|-damage|p1b: Dragonite|0 fnt\n|faint|p1a: Chi-Yu\n|faint|p1b: Dragonite\n|\n|win|Mattytaxes\n|c|\u2606ExcelSheet|sadge\n|c|\u2606ExcelSheet|callout post didn't work\n|c|\u2606Mattytaxes|gg haha\n|l|\u2606Mattytaxes\n","uploadtime":1683779487,"views":16,"p1id":"excelsheet","p2id":"mattytaxes","formatid":"gen9vgc2023regulationc","rating":0,"private":0,"password":""}