{"id":"gen9vgc2023regulationc-1849073113","p1":"x-xJ1x-x","p2":"XD VIRGO","format":"[Gen 9] VGC 2023 Regulation C","log":"|j|\u2606x-xJ1x-x\n|j|\u2606XD VIRGO\n|t:|1682149991\n|gametype|doubles\n|player|p1|x-xJ1x-x|shadowtriad|1069\n|player|p2|XD VIRGO|depotagent|1082\n|teamsize|p1|6\n|teamsize|p2|6\n|gen|9\n|tier|[Gen 9] VGC 2023 Regulation C\n|rated|\n|rule|Species Clause: Limit one of each Pok\u00e9mon\n|rule|Item Clause: Limit one of each item\n|clearpoke\n|poke|p1|Goodra, L50, M|\n|poke|p1|Orthworm, L50, M|\n|poke|p1|Raichu, L50, M|\n|poke|p1|Lurantis, L50, F|\n|poke|p1|Gastrodon-East, L50, F|\n|poke|p1|Arcanine, L50, F|\n|poke|p2|Garganacl, L50, M|\n|poke|p2|Amoonguss, L50, M|\n|poke|p2|Azumarill, L50, F|\n|poke|p2|Baxcalibur, L50, M|\n|poke|p2|Iron Bundle, L50|\n|poke|p2|Ting-Lu, L50|\n|teampreview|4\n|\n|t:|1682150054\n|start\n|switch|p1a: Lurantis|Lurantis, L50, F|100\/100\n|switch|p1b: Goodra|Goodra, L50, M|100\/100\n|switch|p2a: Garganacl|Garganacl, L50, M|100\/100\n|switch|p2b: Ting-Lu|Ting-Lu, L50|100\/100\n|-ability|p2b: Ting-Lu|Vessel of Ruin\n|turn|1\n|\n|t:|1682150080\n|-terastallize|p2a: Garganacl|Ghost\n|move|p2b: Ting-Lu|Protect|p2b: Ting-Lu\n|-singleturn|p2b: Ting-Lu|Protect\n|move|p1a: Lurantis|Petal Blizzard|p2a: Garganacl|[spread] p2a\n|-activate|p2b: Ting-Lu|move: Protect\n|-ability|p1b: Goodra|Sap Sipper|boost\n|-boost|p1b: Goodra|atk|1\n|-damage|p2a: Garganacl|87\/100\n|move|p2a: Garganacl|Stealth Rock|p1b: Goodra\n|-sidestart|p1: x-xJ1x-x|move: Stealth Rock\n|move|p1b: Goodra|Dragon Tail|p2b: Ting-Lu\n|-activate|p2b: Ting-Lu|move: Protect\n|\n|-heal|p2a: Garganacl|93\/100|[from] item: Leftovers\n|upkeep\n|turn|2\n|\n|t:|1682150104\n|move|p1a: Lurantis|Petal Blizzard|p2b: Ting-Lu|[spread] p2a,p2b\n|-ability|p1b: Goodra|Sap Sipper|boost\n|-boost|p1b: Goodra|atk|1\n|-supereffective|p2b: Ting-Lu\n|-damage|p2a: Garganacl|80\/100\n|-damage|p2b: Ting-Lu|79\/100\n|move|p2b: Ting-Lu|Spikes|p1a: Lurantis\n|-sidestart|p1: x-xJ1x-x|Spikes\n|move|p2a: Garganacl|Salt Cure|p1b: Goodra\n|-damage|p1b: Goodra|82\/100\n|-start|p1b: Goodra|Salt Cure\n|move|p1b: Goodra|Dragon Tail|p2b: Ting-Lu\n|-damage|p2b: Ting-Lu|53\/100\n|drag|p2b: Baxcalibur|Baxcalibur, L50, M|100\/100\n|\n|-heal|p2a: Garganacl|86\/100|[from] item: Leftovers\n|-damage|p1b: Goodra|70\/100|[from] Salt Cure\n|upkeep\n|turn|3\n|\n|t:|1682150137\n|-terastallize|p1b: Goodra|Fairy\n|move|p2b: Baxcalibur|Ice Shard|p1b: Goodra\n|-damage|p1b: Goodra|33\/100\n|move|p1b: Goodra|Draco Meteor|p2b: Baxcalibur\n|-supereffective|p2b: Baxcalibur\n|-damage|p2b: Baxcalibur|29\/100\n|-unboost|p1b: Goodra|spa|2\n|move|p1a: Lurantis|Pollen Puff|p1b: Goodra\n|-heal|p1b: Goodra|83\/100\n|move|p2a: Garganacl|Salt Cure|p1a: Lurantis\n|-crit|p1a: Lurantis\n|-damage|p1a: Lurantis|74\/100\n|-start|p1a: Lurantis|Salt Cure\n|\n|-heal|p2a: Garganacl|92\/100|[from] item: Leftovers\n|-damage|p1b: Goodra|71\/100|[from] Salt Cure\n|-damage|p1a: Lurantis|62\/100|[from] Salt Cure\n|upkeep\n|turn|4\n|\n|t:|1682150186\n|move|p2a: Garganacl|Protect|p2a: Garganacl\n|-singleturn|p2a: Garganacl|Protect\n|move|p2b: Baxcalibur|Ice Shard|p1a: Lurantis\n|-supereffective|p1a: Lurantis\n|-crit|p1a: Lurantis\n|-damage|p1a: Lurantis|0 fnt\n|faint|p1a: Lurantis\n|move|p1b: Goodra|Dragon Tail|p2b: Baxcalibur\n|-supereffective|p2b: Baxcalibur\n|-damage|p2b: Baxcalibur|0 fnt\n|faint|p2b: Baxcalibur\n|\n|-heal|p2a: Garganacl|98\/100|[from] item: Leftovers\n|-damage|p1b: Goodra|58\/100|[from] Salt Cure\n|upkeep\n|\n|t:|1682150201\n|switch|p2b: Ting-Lu|Ting-Lu, L50|53\/100\n|switch|p1a: Orthworm|Orthworm, L50, M|100\/100\n|-damage|p1a: Orthworm|94\/100|[from] Stealth Rock\n|-damage|p1a: Orthworm|82\/100|[from] Spikes\n|-ability|p2b: Ting-Lu|Vessel of Ruin\n|turn|5\n|\n|t:|1682150230\n|move|p2b: Ting-Lu|Protect|p2b: Ting-Lu\n|-singleturn|p2b: Ting-Lu|Protect\n|move|p1a: Orthworm|Shed Tail|p1a: Orthworm\n|-start|p1a: Orthworm|Substitute|[from] move: Shed Tail\n|-damage|p1a: Orthworm|32\/100\n|\n|t:|1682150236\n|switch|p1a: Gastrodon|Gastrodon-East, L50, F|100\/100|[from] Shed Tail\n|-damage|p1a: Gastrodon|95\/100|[from] Stealth Rock\n|-damage|p1a: Gastrodon|82\/100|[from] Spikes\n|move|p2a: Garganacl|Salt Cure|p1a: Gastrodon\n|-resisted|p1a: Gastrodon\n|-activate|p1a: Gastrodon|move: Substitute|[damage]\n|move|p1b: Goodra|Dragon Tail|p2a: Garganacl\n|-damage|p2a: Garganacl|58\/100\n|drag|p2a: Azumarill|Azumarill, L50, F|100\/100\n|\n|-heal|p1a: Gastrodon|88\/100|[from] item: Leftovers\n|-damage|p1b: Goodra|46\/100|[from] Salt Cure\n|upkeep\n|turn|6\n|\n|t:|1682150264\n|move|p1b: Goodra|Life Dew|p1b: Goodra|[spread] p1b\n|-ability|p1a: Gastrodon|Storm Drain|boost\n|-boost|p1a: Gastrodon|spa|1\n|-heal|p1b: Goodra|71\/100\n|move|p2a: Azumarill|Ice Spinner|p1b: Goodra\n|-damage|p1b: Goodra|30\/100\n|move|p2b: Ting-Lu|Heavy Slam|p1b: Goodra\n|-supereffective|p1b: Goodra\n|-damage|p1b: Goodra|0 fnt\n|faint|p1b: Goodra\n|move|p1a: Gastrodon|Icy Wind|p2a: Azumarill|[spread] p2a,p2b\n|-resisted|p2a: Azumarill\n|-supereffective|p2b: Ting-Lu\n|-damage|p2a: Azumarill|97\/100\n|-damage|p2b: Ting-Lu|37\/100\n|-unboost|p2a: Azumarill|spe|1\n|-unboost|p2b: Ting-Lu|spe|1\n|\n|-heal|p1a: Gastrodon|94\/100|[from] item: Leftovers\n|upkeep\n|\n|t:|1682150279\n|switch|p1b: Orthworm|Orthworm, L50, M|32\/100\n|-damage|p1b: Orthworm|25\/100|[from] Stealth Rock\n|-damage|p1b: Orthworm|13\/100|[from] Spikes\n|turn|7\n|\n|t:|1682150297\n|switch|p2a: Garganacl|Garganacl, L50, M, tera:Ghost|58\/100\n|move|p1b: Orthworm|Protect|p1b: Orthworm\n|-singleturn|p1b: Orthworm|Protect\n|move|p1a: Gastrodon|Earth Power|p2a: Garganacl\n|-damage|p2a: Garganacl|33\/100\n|move|p2b: Ting-Lu|Heavy Slam|p1b: Orthworm\n|-activate|p1b: Orthworm|move: Protect\n|\n|-heal|p1a: Gastrodon|99\/100|[from] item: Leftovers\n|-heal|p2a: Garganacl|39\/100|[from] item: Leftovers\n|upkeep\n|turn|8\n|\n|t:|1682150323\n|move|p2a: Garganacl|Protect|p2a: Garganacl\n|-singleturn|p2a: Garganacl|Protect\n|move|p1b: Orthworm|Body Press|p2b: Ting-Lu\n|-supereffective|p2b: Ting-Lu\n|-damage|p2b: Ting-Lu|0 fnt\n|faint|p2b: Ting-Lu\n|-damage|p1b: Orthworm|3\/100|[from] item: Life Orb\n|move|p1a: Gastrodon|Muddy Water|p2a: Garganacl\n|-activate|p2a: Garganacl|move: Protect\n|\n|-heal|p1a: Gastrodon|100\/100|[from] item: Leftovers\n|-heal|p2a: Garganacl|45\/100|[from] item: Leftovers\n|upkeep\n|\n|t:|1682150331\n|switch|p2b: Azumarill|Azumarill, L50, F|97\/100\n|turn|9\n|\n|t:|1682150343\n|move|p1b: Orthworm|Protect|p1b: Orthworm\n|-singleturn|p1b: Orthworm|Protect\n|move|p2b: Azumarill|Ice Spinner|p1b: Orthworm\n|-activate|p1b: Orthworm|move: Protect\n|move|p1a: Gastrodon|Muddy Water|p2b: Azumarill|[spread] p2a\n|-miss|p1a: Gastrodon|p2b: Azumarill\n|-damage|p2a: Garganacl|19\/100\n|move|p2a: Garganacl|Recover|p2a: Garganacl\n|-heal|p2a: Garganacl|69\/100\n|\n|-heal|p2a: Garganacl|75\/100|[from] item: Leftovers\n|upkeep\n|turn|10\n|\n|t:|1682150367\n|move|p1b: Orthworm|Iron Head|p2b: Azumarill\n|-damage|p2b: Azumarill|63\/100\n|-damage|p1b: Orthworm|0 fnt|[from] item: Life Orb\n|faint|p1b: Orthworm\n|cant|p2b: Azumarill|flinch\n|move|p1a: Gastrodon|Earth Power|p2b: Azumarill\n|-damage|p2b: Azumarill|28\/100\n|move|p2a: Garganacl|Recover|p2a: Garganacl\n|-heal|p2a: Garganacl|100\/100\n|\n|upkeep\n|turn|11\n|\n|t:|1682150382\n|move|p2b: Azumarill|Ice Spinner|p1a: Gastrodon\n|-end|p1a: Gastrodon|Substitute\n|move|p1a: Gastrodon|Earth Power|p2b: Azumarill\n|-crit|p2b: Azumarill\n|-damage|p2b: Azumarill|0 fnt\n|faint|p2b: Azumarill\n|move|p2a: Garganacl|Salt Cure|p1a: Gastrodon\n|-resisted|p1a: Gastrodon\n|-damage|p1a: Gastrodon|94\/100\n|-start|p1a: Gastrodon|Salt Cure\n|\n|-heal|p1a: Gastrodon|99\/100|[from] item: Leftovers\n|-damage|p1a: Gastrodon|75\/100|[from] Salt Cure\n|upkeep\n|turn|12\n|\n|t:|1682150397\n|move|p2a: Garganacl|Protect|p2a: Garganacl\n|-singleturn|p2a: Garganacl|Protect\n|move|p1a: Gastrodon|Earth Power|p2a: Garganacl\n|-activate|p2a: Garganacl|move: Protect\n|\n|-heal|p1a: Gastrodon|81\/100|[from] item: Leftovers\n|-damage|p1a: Gastrodon|56\/100|[from] Salt Cure\n|upkeep\n|turn|13\n|\n|t:|1682150409\n|move|p1a: Gastrodon|Recover|p1a: Gastrodon\n|-heal|p1a: Gastrodon|100\/100\n|move|p2a: Garganacl|Salt Cure|p1a: Gastrodon\n|-resisted|p1a: Gastrodon\n|-damage|p1a: Gastrodon|93\/100\n|\n|-heal|p1a: Gastrodon|99\/100|[from] item: Leftovers\n|-damage|p1a: Gastrodon|74\/100|[from] Salt Cure\n|upkeep\n|turn|14\n|\n|t:|1682150425\n|move|p1a: Gastrodon|Recover|p1a: Gastrodon\n|-heal|p1a: Gastrodon|100\/100\n|move|p2a: Garganacl|Salt Cure|p1a: Gastrodon\n|-resisted|p1a: Gastrodon\n|-damage|p1a: Gastrodon|94\/100\n|\n|-heal|p1a: Gastrodon|99\/100|[from] item: Leftovers\n|-damage|p1a: Gastrodon|75\/100|[from] Salt Cure\n|upkeep\n|turn|15\n|\n|t:|1682150436\n|move|p1a: Gastrodon|Muddy Water|p2a: Garganacl\n|-damage|p2a: Garganacl|62\/100\n|move|p2a: Garganacl|Salt Cure|p1a: Gastrodon\n|-resisted|p1a: Gastrodon\n|-damage|p1a: Gastrodon|68\/100\n|\n|-heal|p1a: Gastrodon|74\/100|[from] item: Leftovers\n|-heal|p2a: Garganacl|68\/100|[from] item: Leftovers\n|-damage|p1a: Gastrodon|50\/100|[from] Salt Cure\n|upkeep\n|turn|16\n|\n|t:|1682150461\n|move|p1a: Gastrodon|Muddy Water|p2a: Garganacl\n|-damage|p2a: Garganacl|29\/100\n|move|p2a: Garganacl|Recover|p2a: Garganacl\n|-heal|p2a: Garganacl|79\/100\n|\n|-heal|p1a: Gastrodon|55\/100|[from] item: Leftovers\n|-heal|p2a: Garganacl|85\/100|[from] item: Leftovers\n|-damage|p1a: Gastrodon|31\/100|[from] Salt Cure\n|upkeep\n|turn|17\n|\n|t:|1682150473\n|move|p2a: Garganacl|Protect|p2a: Garganacl\n|-singleturn|p2a: Garganacl|Protect\n|move|p1a: Gastrodon|Recover|p1a: Gastrodon\n|-heal|p1a: Gastrodon|81\/100\n|\n|-heal|p1a: Gastrodon|87\/100|[from] item: Leftovers\n|-heal|p2a: Garganacl|91\/100|[from] item: Leftovers\n|-damage|p1a: Gastrodon|62\/100|[from] Salt Cure\n|upkeep\n|turn|18\n|\n|t:|1682150484\n|move|p1a: Gastrodon|Earth Power|p2a: Garganacl\n|-damage|p2a: Garganacl|57\/100\n|move|p2a: Garganacl|Recover|p2a: Garganacl\n|-heal|p2a: Garganacl|100\/100\n|\n|-heal|p1a: Gastrodon|68\/100|[from] item: Leftovers\n|-damage|p1a: Gastrodon|43\/100|[from] Salt Cure\n|upkeep\n|turn|19\n|\n|t:|1682150495\n|move|p1a: Gastrodon|Recover|p1a: Gastrodon\n|-heal|p1a: Gastrodon|93\/100\n|move|p2a: Garganacl|Salt Cure|p1a: Gastrodon\n|-resisted|p1a: Gastrodon\n|-damage|p1a: Gastrodon|86\/100\n|\n|-heal|p1a: Gastrodon|92\/100|[from] item: Leftovers\n|-damage|p1a: Gastrodon|67\/100|[from] Salt Cure\n|upkeep\n|turn|20\n|\n|t:|1682150510\n|move|p2a: Garganacl|Protect|p2a: Garganacl\n|-singleturn|p2a: Garganacl|Protect\n|move|p1a: Gastrodon|Earth Power|p2a: Garganacl\n|-activate|p2a: Garganacl|move: Protect\n|\n|-heal|p1a: Gastrodon|73\/100|[from] item: Leftovers\n|-damage|p1a: Gastrodon|48\/100|[from] Salt Cure\n|upkeep\n|turn|21\n|\n|t:|1682150520\n|move|p1a: Gastrodon|Earth Power|p2a: Garganacl\n|-damage|p2a: Garganacl|65\/100\n|move|p2a: Garganacl|Salt Cure|p1a: Gastrodon\n|-resisted|p1a: Gastrodon\n|-damage|p1a: Gastrodon|41\/100\n|\n|-heal|p1a: Gastrodon|47\/100|[from] item: Leftovers\n|-heal|p2a: Garganacl|71\/100|[from] item: Leftovers\n|-damage|p1a: Gastrodon|22\/100|[from] Salt Cure\n|upkeep\n|turn|22\n|\n|t:|1682150527\n|move|p2a: Garganacl|Protect|p2a: Garganacl\n|-singleturn|p2a: Garganacl|Protect\n|move|p1a: Gastrodon|Recover|p1a: Gastrodon\n|-heal|p1a: Gastrodon|72\/100\n|\n|-heal|p1a: Gastrodon|78\/100|[from] item: Leftovers\n|-heal|p2a: Garganacl|77\/100|[from] item: Leftovers\n|-damage|p1a: Gastrodon|53\/100|[from] Salt Cure\n|upkeep\n|turn|23\n|\n|t:|1682150552\n|move|p1a: Gastrodon|Earth Power|p2a: Garganacl\n|-damage|p2a: Garganacl|38\/100\n|-unboost|p2a: Garganacl|spd|1\n|move|p2a: Garganacl|Salt Cure|p1a: Gastrodon\n|-resisted|p1a: Gastrodon\n|-damage|p1a: Gastrodon|46\/100\n|\n|-heal|p1a: Gastrodon|51\/100|[from] item: Leftovers\n|-heal|p2a: Garganacl|44\/100|[from] item: Leftovers\n|-damage|p1a: Gastrodon|27\/100|[from] Salt Cure\n|upkeep\n|turn|24\n|\n|t:|1682150567\n|move|p2a: Garganacl|Protect|p2a: Garganacl\n|-singleturn|p2a: Garganacl|Protect\n|move|p1a: Gastrodon|Recover|p1a: Gastrodon\n|-heal|p1a: Gastrodon|77\/100\n|\n|-heal|p1a: Gastrodon|83\/100|[from] item: Leftovers\n|-heal|p2a: Garganacl|50\/100|[from] item: Leftovers\n|-damage|p1a: Gastrodon|58\/100|[from] Salt Cure\n|upkeep\n|turn|25\n|\n|t:|1682150575\n|move|p1a: Gastrodon|Muddy Water|p2a: Garganacl\n|-damage|p2a: Garganacl|0 fnt\n|faint|p2a: Garganacl\n|\n|win|x-xJ1x-x\n|raw|x-xJ1x-x's rating: 1069 → 1100<\/strong> (+31 for winning)\n|raw|XD VIRGO's rating: 1082 → 1059<\/strong> (-23 for losing)\n|c|\u2606XD VIRGO|gg\n|c|\u2606x-xJ1x-x|Gg\n|c|\u2606x-xJ1x-x|Close one\n|c|\u2606XD VIRGO|yea\n|c|\u2606x-xJ1x-x|Fun af\n|c|\u2606x-xJ1x-x|See ya around\n|l|\u2606x-xJ1x-x\n|c|\u2606XD VIRGO|ok\n","uploadtime":1682150596,"views":9,"p1id":"xxj1xx","p2id":"xdvirgo","formatid":"gen9vgc2023regulationc","rating":1059,"private":0,"password":""}