{"id":"gen9vgc2023regulationc-1845321134","p1":"Sumo'sWeenusVGC","p2":"Umbra Hand","format":"[Gen 9] VGC 2023 Regulation C","log":"|j|\u2606Sumo'sWeenusVGC\n|j|\u2606Umbra Hand\n|t:|1681714428\n|gametype|doubles\n|player|p1|Sumo'sWeenusVGC|colress|1155\n|player|p2|Umbra Hand|janitor|1072\n|teamsize|p1|6\n|teamsize|p2|6\n|gen|9\n|tier|[Gen 9] VGC 2023 Regulation C\n|rated|\n|rule|Species Clause: Limit one of each Pok\u00e9mon\n|rule|Item Clause: Limit one of each item\n|clearpoke\n|poke|p1|Ting-Lu, L50|\n|poke|p1|Wo-Chien, L50|\n|poke|p1|Flutter Mane, L50|\n|poke|p1|Glimmora, L50, F|\n|poke|p1|Palafin, L50, F|\n|poke|p1|Arcanine, L50, M|\n|poke|p2|Indeedee-F, L50, F|\n|poke|p2|Chien-Pao, L50|\n|poke|p2|Annihilape, L50, M|\n|poke|p2|Brambleghast, L50, F|\n|poke|p2|Ting-Lu, L50|\n|poke|p2|Talonflame, L50, F|\n|teampreview|4\n|inactive|Battle timer is ON: inactive players will automatically lose when time's up. (requested by Sumo'sWeenusVGC)\nSumo'sWeenusVGC has agreed to open team sheets.\n|\n|t:|1681714451\n|start\n|switch|p1a: Flutter Mane|Flutter Mane, L50, shiny|100\/100\n|switch|p1b: Glimmora|Glimmora, L50, F, shiny|100\/100\n|switch|p2a: Annihilape|Annihilape, L50, M|100\/100\n|switch|p2b: Talonflame|Talonflame, L50, F|100\/100\n|turn|1\n|\n|t:|1681714476\n|-terastallize|p2a: Annihilape|Fire\n|move|p2b: Talonflame|Tailwind|p2b: Talonflame\n|-sidestart|p2: Umbra Hand|move: Tailwind\n|move|p2a: Annihilape|Bulk Up|p2a: Annihilape\n|-boost|p2a: Annihilape|atk|1\n|-boost|p2a: Annihilape|def|1\n|move|p1a: Flutter Mane|Shadow Ball|p2a: Annihilape\n|-damage|p2a: Annihilape|53\/100\n|move|p1b: Glimmora|Mortal Spin|p2b: Talonflame|[spread] p2a,p2b\n|-damage|p2a: Annihilape|50\/100\n|-damage|p2b: Talonflame|94\/100\n|-status|p2a: Annihilape|psn\n|\n|-heal|p2a: Annihilape|56\/100 psn|[from] item: Leftovers\n|-damage|p2a: Annihilape|44\/100 psn|[from] psn\n|upkeep\n|turn|2\n|inactive|Sumo'sWeenusVGC has 30 seconds left.\n|\n|t:|1681714509\n|switch|p1b: Wo-Chien|Wo-Chien, L50|100\/100\n|-ability|p1b: Wo-Chien|Tablets of Ruin\n|move|p2b: Talonflame|Brave Bird|p1a: Flutter Mane\n|-damage|p1a: Flutter Mane|39\/100\n|-damage|p2b: Talonflame|74\/100|[from] Recoil\n|move|p2a: Annihilape|Rage Fist|p1a: Flutter Mane\n|-supereffective|p1a: Flutter Mane\n|-damage|p1a: Flutter Mane|0 fnt\n|faint|p1a: Flutter Mane\n|-end|p1a: Flutter Mane|Protosynthesis|[silent]\n|\n|-heal|p2a: Annihilape|50\/100 psn|[from] item: Leftovers\n|-damage|p2a: Annihilape|37\/100 psn|[from] psn\n|upkeep\n|\n|t:|1681714524\n|switch|p1a: Glimmora|Glimmora, L50, F, shiny|100\/100\n|turn|3\n|\n|t:|1681714541\n|move|p1b: Wo-Chien|Protect|p1b: Wo-Chien\n|-singleturn|p1b: Wo-Chien|Protect\n|move|p2b: Talonflame|Taunt|p1b: Wo-Chien\n|-activate|p1b: Wo-Chien|move: Protect\n|move|p2a: Annihilape|Rage Fist|p1a: Glimmora\n|-damage|p1a: Glimmora|27\/100\n|move|p1a: Glimmora|Sludge Bomb|p2b: Talonflame\n|-damage|p2b: Talonflame|0 fnt\n|faint|p2b: Talonflame\n|\n|-heal|p2a: Annihilape|43\/100 psn|[from] item: Leftovers\n|-damage|p2a: Annihilape|31\/100 psn|[from] psn\n|upkeep\n|\n|t:|1681714554\n|switch|p2b: Ting-Lu|Ting-Lu, L50|100\/100\n|-ability|p2b: Ting-Lu|Vessel of Ruin\n|turn|4\n|\n|t:|1681714564\n|-terastallize|p1b: Wo-Chien|Poison\n|move|p1a: Glimmora|Spiky Shield|p1a: Glimmora\n|-singleturn|p1a: Glimmora|move: Protect\n|move|p2a: Annihilape|Rage Fist|p1b: Wo-Chien\n|-damage|p1b: Wo-Chien|46\/100\n|move|p2b: Ting-Lu|Earthquake|p1b: Wo-Chien|[spread] p2a,p1b\n|-activate|p1a: Glimmora|move: Protect\n|-supereffective|p2a: Annihilape\n|-supereffective|p1b: Wo-Chien\n|-damage|p2a: Annihilape|0 fnt\n|-damage|p1b: Wo-Chien|0 fnt\n|faint|p2a: Annihilape\n|faint|p1b: Wo-Chien\n|\n|-sideend|p2: Umbra Hand|move: Tailwind\n|upkeep\n|\n|t:|1681714576\n|switch|p2a: Chien-Pao|Chien-Pao, L50|100\/100\n|switch|p1b: Goodest Boi|Arcanine, L50, M, shiny|100\/100\n|-ability|p2a: Chien-Pao|Sword of Ruin\n|-item|p2a: Chien-Pao|Air Balloon\n|-ability|p1b: Goodest Boi|Intimidate|boost\n|-unboost|p2a: Chien-Pao|atk|1\n|-unboost|p2b: Ting-Lu|atk|1\n|turn|5\n|\n|t:|1681714592\n|move|p2a: Chien-Pao|Protect|p2a: Chien-Pao\n|-singleturn|p2a: Chien-Pao|Protect\n|move|p1b: Goodest Boi|Flare Blitz|p2a: Chien-Pao\n|-activate|p2a: Chien-Pao|move: Protect\n|move|p1a: Glimmora|Energy Ball|p2b: Ting-Lu\n|-supereffective|p2b: Ting-Lu\n|-damage|p2b: Ting-Lu|60\/100\n|move|p2b: Ting-Lu|Earthquake|p1b: Goodest Boi|[spread] p1a,p1b\n|-activate|p2a: Chien-Pao|move: Protect\n|-supereffective|p1a: Glimmora\n|-supereffective|p1b: Goodest Boi\n|-damage|p1a: Glimmora|0 fnt\n|-damage|p1b: Goodest Boi|2\/100\n|faint|p1a: Glimmora\n|\n|upkeep\n|turn|6\n|\n|t:|1681714609\n|move|p2a: Chien-Pao|Sacred Sword|p1b: Goodest Boi\n|-damage|p1b: Goodest Boi|0 fnt\n|faint|p1b: Goodest Boi\n|\n|win|Umbra Hand\n|raw|Sumo'sWeenusVGC's rating: 1155 → 1124<\/strong> (-31 for losing)\n|raw|Umbra Hand's rating: 1072 → 1108<\/strong> (+36 for winning)\n","uploadtime":1681714617,"views":13,"p1id":"sumosweenusvgc","p2id":"umbrahand","formatid":"gen9vgc2023regulationc","rating":1108,"private":0,"password":""}