{"id":"gen9vgc2023regulationc-1856087999","p1":"Tas87","p2":"tadano-reol","format":"[Gen 9] VGC 2023 Regulation C","log":"|j|\u2606Tas87\n|j|\u2606tadano-reol\n|t:|1683028628\n|gametype|doubles\n|player|p1|Tas87|102|1270\n|player|p2|tadano-reol|red|1352\n|teamsize|p1|6\n|teamsize|p2|6\n|gen|9\n|tier|[Gen 9] VGC 2023 Regulation C\n|rated|\n|rule|Species Clause: Limit one of each Pok\u00e9mon\n|rule|Item Clause: Limit one of each item\n|clearpoke\n|poke|p1|Medicham, L50, F|\n|poke|p1|Orthworm, L50, F|\n|poke|p1|Garchomp, L50, M|\n|poke|p1|Tyranitar, L50, M|\n|poke|p1|Drifblim, L50, M|\n|poke|p1|Chien-Pao, L50|\n|poke|p2|Ting-Lu, L50|\n|poke|p2|Rotom-Wash, L50|\n|poke|p2|Amoonguss, L50, M|\n|poke|p2|Arcanine, L50, F|\n|poke|p2|Flutter Mane, L50|\n|poke|p2|Chien-Pao, L50|\n|teampreview|4\n|inactive|Battle timer is ON: inactive players will automatically lose when time's up. (requested by Tas87)\n|j| hisanory\n|inactive|tadano-reol has 60 seconds left.\n|\n|t:|1683028676\n|start\n|switch|p1a: Medicham|Medicham, L50, F|100\/100\n|switch|p1b: Garchomp|Garchomp, L50, M|100\/100\n|switch|p2a: Ting-Lu|Ting-Lu, L50|100\/100\n|switch|p2b: Rotom|Rotom-Wash, L50|100\/100\n|-ability|p2a: Ting-Lu|Vessel of Ruin\n|turn|1\n|\n|t:|1683028687\n|switch|p2a: Arcanine|Arcanine, L50, F|100\/100\n|-ability|p2a: Arcanine|Intimidate|boost\n|-unboost|p1a: Medicham|atk|1\n|-unboost|p1b: Garchomp|atk|1\n|move|p2b: Rotom|Protect|p2b: Rotom\n|-singleturn|p2b: Rotom|Protect\n|move|p1a: Medicham|Skill Swap|p2b: Rotom\n|-activate|p2b: Rotom|move: Protect\n|move|p1b: Garchomp|Earthquake|p2a: Arcanine|[spread] p1a,p2a\n|-activate|p2b: Rotom|move: Protect\n|-supereffective|p2a: Arcanine\n|-damage|p1a: Medicham|56\/100\n|-damage|p2a: Arcanine|54\/100\n|\n|upkeep\n|turn|2\n|inactive|tadano-reol has 30 seconds left.\n|\n|t:|1683028713\n|move|p2a: Arcanine|Extreme Speed|p1a: Medicham\n|-damage|p1a: Medicham|15\/100\n|move|p1a: Medicham|Skill Swap|p2a: Arcanine\n|-activate|p1a: Medicham|move: Skill Swap|Intimidate|Pure Power|[of] p2a: Arcanine\n|-ability|p1a: Medicham|Intimidate|boost\n|-unboost|p2a: Arcanine|atk|1\n|-unboost|p2b: Rotom|atk|1\n|move|p2b: Rotom|Hydro Pump|p1b: Garchomp\n|-damage|p1b: Garchomp|57\/100\n|move|p1b: Garchomp|Swords Dance|p1b: Garchomp\n|-boost|p1b: Garchomp|atk|2\n|\n|upkeep\n|turn|3\n|inactive|Tas87 has 30 seconds left.\n|\n|t:|1683028738\n|switch|p1a: Orthworm|Orthworm, L50, F, shiny|100\/100\n|move|p2a: Arcanine|Extreme Speed|p1b: Garchomp|[miss]\n|-miss|p2a: Arcanine|p1b: Garchomp\n|move|p2b: Rotom|Hydro Pump|p1b: Garchomp\n|-damage|p1b: Garchomp|15\/100\n|move|p1b: Garchomp|Earthquake|p2a: Arcanine|[spread] p2a\n|-immune|p1a: Orthworm|[from] ability: Earth Eater\n|-immune|p2b: Rotom|[from] ability: Levitate\n|-supereffective|p2a: Arcanine\n|-damage|p2a: Arcanine|0 fnt\n|faint|p2a: Arcanine\n|\n|upkeep\n|\n|t:|1683028751\n|switch|p2a: Mew Mew|Chien-Pao, L50|100\/100\n|-ability|p2a: Mew Mew|Sword of Ruin\n|turn|4\n|\n|t:|1683028759\n|move|p1b: Garchomp|Protect|p1b: Garchomp\n|-singleturn|p1b: Garchomp|Protect\n|move|p2a: Mew Mew|Sucker Punch||[still]\n|-fail|p2a: Mew Mew\n|move|p2b: Rotom|Thunderbolt|p1a: Orthworm\n|-damage|p1a: Orthworm|44\/100\n|-enditem|p1a: Orthworm|Sitrus Berry|[eat]\n|-heal|p1a: Orthworm|69\/100|[from] item: Sitrus Berry\n|move|p1a: Orthworm|Body Press|p2a: Mew Mew\n|-supereffective|p2a: Mew Mew\n|-enditem|p2a: Mew Mew|Focus Sash\n|-damage|p2a: Mew Mew|1\/100\n|\n|upkeep\n|turn|5\n|\n|t:|1683028778\n|switch|p1b: Medicham|Medicham, L50, F|15\/100\n|switch|p1a: Tyranitar|Tyranitar, L50, M|100\/100\n|-weather|Sandstorm|[from] ability: Sand Stream|[of] p1a: Tyranitar\n|move|p2a: Mew Mew|Ice Spinner|p1b: Medicham\n|-damage|p1b: Medicham|0 fnt\n|faint|p1b: Medicham\n|move|p2b: Rotom|Thunderbolt|p1a: Tyranitar\n|-damage|p1a: Tyranitar|87\/100\n|-status|p1a: Tyranitar|par\n|\n|-weather|Sandstorm|[upkeep]\n|-damage|p2a: Mew Mew|0 fnt|[from] Sandstorm\n|faint|p2a: Mew Mew\n|upkeep\n|\n|t:|1683028799\n|switch|p2a: Ting-Lu|Ting-Lu, L50|100\/100\n|switch|p1b: Garchomp|Garchomp, L50, M|15\/100\n|-ability|p2a: Ting-Lu|Vessel of Ruin\n|turn|6\n|\n|t:|1683028814\n|-terastallize|p1a: Tyranitar|Flying\n|move|p2b: Rotom|Protect|p2b: Rotom\n|-singleturn|p2b: Rotom|Protect\n|move|p1b: Garchomp|Dragon Claw|p2b: Rotom\n|-activate|p2b: Rotom|move: Protect\n|move|p2a: Ting-Lu|Stomping Tantrum|p1b: Garchomp|[miss]\n|-miss|p2a: Ting-Lu|p1b: Garchomp\n|move|p1a: Tyranitar|Rock Slide|p2b: Rotom|[spread] p2a\n|-activate|p2b: Rotom|move: Protect\n|-resisted|p2a: Ting-Lu\n|-damage|p2a: Ting-Lu|90\/100\n|\n|-weather|Sandstorm|[upkeep]\n|-damage|p1a: Tyranitar|81\/100 par|[from] Sandstorm\n|upkeep\n|turn|7\n|\n|t:|1683028834\n|-terastallize|p2b: Rotom|Poison\n|move|p2b: Rotom|Thunderbolt|p1a: Tyranitar\n|-supereffective|p1a: Tyranitar\n|-damage|p1a: Tyranitar|49\/100 par\n|move|p1b: Garchomp|Earthquake|p2b: Rotom|[spread] p2a\n|-immune|p1a: Tyranitar\n|-immune|p2b: Rotom|[from] ability: Levitate\n|-damage|p2a: Ting-Lu|64\/100\n|move|p2a: Ting-Lu|Stomping Tantrum|p1b: Garchomp\n|-damage|p1b: Garchomp|0 fnt\n|faint|p1b: Garchomp\n|cant|p1a: Tyranitar|par\n|\n|-weather|Sandstorm|[upkeep]\n|-damage|p1a: Tyranitar|43\/100 par|[from] Sandstorm\n|upkeep\n|\n|t:|1683028849\n|switch|p1b: Orthworm|Orthworm, L50, F, shiny|69\/100\n|turn|8\n|\n|t:|1683028866\n|move|p2b: Rotom|Thunderbolt|p1b: Orthworm\n|-damage|p1b: Orthworm|20\/100\n|move|p1b: Orthworm|Body Press|p2b: Rotom\n|-resisted|p2b: Rotom\n|-crit|p2b: Rotom\n|-damage|p2b: Rotom|76\/100\n|move|p2a: Ting-Lu|Stomping Tantrum|p1a: Tyranitar\n|-immune|p1a: Tyranitar\n|move|p1a: Tyranitar|Brick Break|p2a: Ting-Lu\n|-supereffective|p2a: Ting-Lu\n|-crit|p2a: Ting-Lu\n|-damage|p2a: Ting-Lu|2\/100\n|\n|-weather|Sandstorm|[upkeep]\n|-damage|p1a: Tyranitar|38\/100 par|[from] Sandstorm\n|upkeep\n|turn|9\n|\n|t:|1683028886\n|move|p2b: Rotom|Thunderbolt|p1b: Orthworm\n|-damage|p1b: Orthworm|0 fnt\n|faint|p1b: Orthworm\n|move|p2a: Ting-Lu|Stomping Tantrum|p1a: Tyranitar\n|-immune|p1a: Tyranitar\n|move|p1a: Tyranitar|Earthquake|p2a: Ting-Lu|[spread] p2a\n|-immune|p2b: Rotom|[from] ability: Levitate\n|-damage|p2a: Ting-Lu|0 fnt\n|faint|p2a: Ting-Lu\n|\n|-weather|none\n|upkeep\n|turn|10\n|\n|t:|1683028895\n|move|p2b: Rotom|Thunderbolt|p1a: Tyranitar\n|-supereffective|p1a: Tyranitar\n|-damage|p1a: Tyranitar|0 fnt\n|faint|p1a: Tyranitar\n|\n|win|tadano-reol\n|raw|Tas87's rating: 1270 → 1251<\/strong> (-19 for losing)\n|raw|tadano-reol's rating: 1352 → 1367<\/strong> (+15 for winning)\n|l|\u2606tadano-reol\n|l|\u2606Tas87\n","uploadtime":1683028906,"views":5,"p1id":"tas87","p2id":"tadanoreol","formatid":"gen9vgc2023regulationc","rating":1251,"private":0,"password":""}