{"id":"gen9vgc2023regulationc-1848960357","p1":"pls be kind to me","p2":"onixpected0","format":"[Gen 9] VGC 2023 Regulation C","log":"|j|\u2606pls be kind to me\n|j|\u2606onixpected0\n|t:|1682131395\n|gametype|doubles\n|player|p1|pls be kind to me|flannery|1344\n|player|p2|onixpected0|wally|1407\n|teamsize|p1|6\n|teamsize|p2|6\n|gen|9\n|tier|[Gen 9] VGC 2023 Regulation C\n|rated|\n|rule|Species Clause: Limit one of each Pok\u00e9mon\n|rule|Item Clause: Limit one of each item\n|clearpoke\n|poke|p1|Chi-Yu, L50|\n|poke|p1|Flutter Mane, L50|\n|poke|p1|Scream Tail, L50|\n|poke|p1|Corviknight, L50, F|\n|poke|p1|Baxcalibur, L50, F|\n|poke|p1|Rotom-Wash, L50|\n|poke|p2|Ting-Lu, L50|\n|poke|p2|Palafin, L50, M|\n|poke|p2|Flutter Mane, L50|\n|poke|p2|Arcanine, L50, M|\n|poke|p2|Amoonguss, L50, F|\n|poke|p2|Roaring Moon, L50|\n|teampreview|4\n|inactive|Battle timer is ON: inactive players will automatically lose when time's up. (requested by onixpected0)\npls be kind to me has agreed to open team sheets.\n|inactive|pls be kind to me has 60 seconds left.\n|inactive|onixpected0 has 60 seconds left.\nonixpected0 has agreed to open team sheets.\n|inactive|pls be kind to me has 30 seconds left.\n|inactive|pls be kind to me has 20 seconds left.\n|inactive|pls be kind to me has 15 seconds left.\n|inactive|pls be kind to me has 10 seconds left.\n|\n|t:|1682131480\n|start\n|switch|p1a: Baxcalibur|Baxcalibur, L50, F|100\/100\n|switch|p1b: Scream Tail|Scream Tail, L50, shiny|100\/100\n|switch|p2a: Ting-Lu|Ting-Lu, L50|100\/100\n|switch|p2b: Amoonguss|Amoonguss, L50, F|100\/100\n|-ability|p2a: Ting-Lu|Vessel of Ruin\n|-enditem|p1b: Scream Tail|Booster Energy\n|-activate|p1b: Scream Tail|ability: Protosynthesis|[fromitem]\n|-start|p1b: Scream Tail|protosynthesisspe\n|turn|1\n|inactive|onixpected0 has 30 seconds left.\n|inactive|pls be kind to me has 30 seconds left.\n|\n|t:|1682131519\n|-terastallize|p2a: Ting-Lu|Poison\n|move|p1b: Scream Tail|Howl|p1b: Scream Tail|[spread] p1a,p1b\n|-boost|p1a: Baxcalibur|atk|1\n|-boost|p1b: Scream Tail|atk|1\n|move|p1a: Baxcalibur|Glaive Rush|p2b: Amoonguss\n|-damage|p2b: Amoonguss|14\/100\n|-singlemove|p1a: Baxcalibur|Glaive Rush|[silent]\n|-enditem|p2b: Amoonguss|Sitrus Berry|[eat]\n|-heal|p2b: Amoonguss|38\/100|[from] item: Sitrus Berry\n|move|p2a: Ting-Lu|Heavy Slam|p1a: Baxcalibur\n|-supereffective|p1a: Baxcalibur\n|-damage|p1a: Baxcalibur|8\/100\n|move|p2b: Amoonguss|Spore|p1b: Scream Tail\n|-status|p1b: Scream Tail|slp|[from] move: Spore\n|\n|upkeep\n|turn|2\n|inactive|onixpected0 has 30 seconds left.\n|\n|t:|1682131553\n|move|p1a: Baxcalibur|Protect|p1a: Baxcalibur\n|-singleturn|p1a: Baxcalibur|Protect\n|cant|p1b: Scream Tail|slp\n|move|p2a: Ting-Lu|Heavy Slam|p1b: Scream Tail\n|-supereffective|p1b: Scream Tail\n|-damage|p1b: Scream Tail|37\/100 slp\n|move|p2b: Amoonguss|Pollen Puff|p1a: Baxcalibur\n|-activate|p1a: Baxcalibur|move: Protect\n|\n|upkeep\n|turn|3\n|inactive|pls be kind to me has 30 seconds left.\n|\n|t:|1682131584\n|-curestatus|p1b: Scream Tail|slp|[msg]\n|move|p1b: Scream Tail|Disable|p2a: Ting-Lu\n|-start|p2a: Ting-Lu|Disable|Heavy Slam\n|move|p1a: Baxcalibur|Icicle Spear|p2b: Amoonguss\n|-supereffective|p2b: Amoonguss\n|-damage|p2b: Amoonguss|0 fnt\n|faint|p2b: Amoonguss\n|-hitcount|p2: Amoonguss|1\n|cant|p2a: Ting-Lu|Disable|Heavy Slam\n|\n|upkeep\n|\n|t:|1682131592\n|switch|p2b: Flutter Mane|Flutter Mane, L50|100\/100\n|turn|4\n|\n|t:|1682131609\n|move|p1a: Baxcalibur|Ice Shard|p2b: Flutter Mane\n|-damage|p2b: Flutter Mane|20\/100\n|move|p1b: Scream Tail|Play Rough|p2b: Flutter Mane\n|-damage|p2b: Flutter Mane|0 fnt\n|faint|p2b: Flutter Mane\n|-end|p2b: Flutter Mane|Protosynthesis|[silent]\n|move|p2a: Ting-Lu|Stomping Tantrum|p1b: Scream Tail\n|-damage|p1b: Scream Tail|0 fnt\n|faint|p1b: Scream Tail\n|-end|p1b: Scream Tail|Protosynthesis|[silent]\n|\n|upkeep\n|\n|t:|1682131619\n|switch|p2b: Roaring Moon|Roaring Moon, L50|100\/100\n|switch|p1b: Corviknight|Corviknight, L50, F, shiny|100\/100\n|-enditem|p2b: Roaring Moon|Booster Energy\n|-activate|p2b: Roaring Moon|ability: Protosynthesis|[fromitem]\n|-start|p2b: Roaring Moon|protosynthesisatk\n|turn|5\n|\n|t:|1682131636\n|move|p2b: Roaring Moon|Protect|p2b: Roaring Moon\n|-singleturn|p2b: Roaring Moon|Protect\n|move|p1a: Baxcalibur|Protect|p1a: Baxcalibur\n|-singleturn|p1a: Baxcalibur|Protect\n|move|p1b: Corviknight|Tailwind|p1b: Corviknight\n|-sidestart|p1: pls be kind to me|move: Tailwind\n|move|p2a: Ting-Lu|Stomping Tantrum|p1a: Baxcalibur\n|-activate|p1a: Baxcalibur|move: Protect\n|\n|upkeep\n|turn|6\n|\n|t:|1682131649\n|move|p1a: Baxcalibur|Icicle Spear|p2b: Roaring Moon\n|-supereffective|p2b: Roaring Moon\n|-damage|p2b: Roaring Moon|56\/100\n|-supereffective|p2b: Roaring Moon\n|-damage|p2b: Roaring Moon|13\/100\n|-supereffective|p2b: Roaring Moon\n|-damage|p2b: Roaring Moon|0 fnt\n|faint|p2b: Roaring Moon\n|-end|p2b: Roaring Moon|Protosynthesis|[silent]\n|-hitcount|p2: Roaring Moon|3\n|move|p1b: Corviknight|Iron Head|p2a: Ting-Lu\n|-damage|p2a: Ting-Lu|85\/100\n|move|p2a: Ting-Lu|Stomping Tantrum|p1a: Baxcalibur\n|-damage|p1a: Baxcalibur|0 fnt\n|faint|p1a: Baxcalibur\n|\n|-end|p2a: Ting-Lu|Disable\n|upkeep\n|\n|t:|1682131659\n|switch|p1a: Rotom|Rotom-Wash, L50, shiny|100\/100\n|turn|7\n|\n|t:|1682131672\n|move|p1a: Rotom|Nasty Plot|p1a: Rotom\n|-boost|p1a: Rotom|spa|2\n|move|p1b: Corviknight|Iron Head|p2a: Ting-Lu\n|-damage|p2a: Ting-Lu|69\/100\n|cant|p2a: Ting-Lu|flinch\n|\n|upkeep\n|turn|8\n|\n|t:|1682131688\n|-terastallize|p1a: Rotom|Electric\n|move|p1a: Rotom|Thunderbolt|p2a: Ting-Lu\n|-damage|p2a: Ting-Lu|36\/100\n|move|p1b: Corviknight|Brave Bird|p2a: Ting-Lu\n|-damage|p2a: Ting-Lu|13\/100\n|-damage|p1b: Corviknight|92\/100|[from] Recoil\n|move|p2a: Ting-Lu|Ruination|p1a: Rotom\n|-damage|p1a: Rotom|51\/100\n|\n|-sideend|p1: pls be kind to me|move: Tailwind\n|upkeep\n|turn|9\n|\n|t:|1682131701\n|move|p1a: Rotom|Thunderbolt|p2a: Ting-Lu\n|-damage|p2a: Ting-Lu|0 fnt\n|faint|p2a: Ting-Lu\n|\n|win|pls be kind to me\n|raw|pls be kind to me's rating: 1344 → 1368<\/strong> (+24 for winning)\n|raw|onixpected0's rating: 1407 → 1383<\/strong> (-24 for losing)\n|l|\u2606onixpected0\n","uploadtime":1682131706,"views":11,"p1id":"plsbekindtome","p2id":"onixpected0","formatid":"gen9vgc2023regulationc","rating":1368,"private":0,"password":""}