{"id":"gen9vgc2023regulationc-1851142768","p1":"UserOmega","p2":"kaizerfattah","format":"[Gen 9] VGC 2023 Regulation C","log":"|j|\u2606UserOmega\n|j|\u2606kaizerfattah\n|t:|1682416233\n|gametype|doubles\n|player|p1|UserOmega|youngcouple-gen4dp|1398\n|player|p2|kaizerfattah|hilda-wonderlauncher|1460\n|teamsize|p1|6\n|teamsize|p2|6\n|gen|9\n|tier|[Gen 9] VGC 2023 Regulation C\n|rated|\n|rule|Species Clause: Limit one of each Pok\u00e9mon\n|rule|Item Clause: Limit one of each item\n|clearpoke\n|poke|p1|Klefki, L50, F|\n|poke|p1|Tyranitar, L50, M|\n|poke|p1|Ting-Lu, L50|\n|poke|p1|Glimmora, L50, M|\n|poke|p1|Annihilape, L50, F|\n|poke|p1|Scream Tail, L50|\n|poke|p2|Dachsbun, L50, F|\n|poke|p2|Flutter Mane, L50|\n|poke|p2|Baxcalibur, L50, M|\n|poke|p2|Chi-Yu, L50|\n|poke|p2|Azumarill, L50, M|\n|poke|p2|Iron Hands, L50|\n|teampreview|4\n|j| THUNDERSND77\n|inactive|Battle timer is ON: inactive players will automatically lose when time's up. (requested by kaizerfattah)\n|j| Ganomore\n|j| ALLen030\n|inactive|UserOmega has 60 seconds left.\n|\n|t:|1682416281\n|start\n|switch|p1a: Glimmora|Glimmora, L50, M|100\/100\n|switch|p1b: Klefki|Klefki, L50, F|100\/100\n|switch|p2a: Smoked fillet|Chi-Yu, L50|100\/100\n|switch|p2b: Hot Loaf|Dachsbun, L50, F|100\/100\n|-ability|p2a: Smoked fillet|Beads of Ruin\n|turn|1\n|inactive|kaizerfattah has 30 seconds left.\n|\n|t:|1682416307\n|-terastallize|p2a: Smoked fillet|Grass\n|move|p1b: Klefki|Light Screen|p1b: Klefki\n|-sidestart|p1: UserOmega|move: Light Screen\n|move|p2a: Smoked fillet|Lava Plume|p1a: Glimmora|[spread] p1a,p1b\n|-ability|p2b: Hot Loaf|Well-Baked Body|boost\n|-boost|p2b: Hot Loaf|def|2\n|-resisted|p1a: Glimmora\n|-supereffective|p1b: Klefki\n|-damage|p1a: Glimmora|82\/100\n|-damage|p1b: Klefki|35\/100\n|-status|p1b: Klefki|brn\n|-enditem|p1a: Glimmora|Red Card|[of] p2a: Smoked fillet\n|drag|p2a: Ghost pepper|Flutter Mane, L50|100\/100\n|-enditem|p2a: Ghost pepper|Booster Energy\n|-activate|p2a: Ghost pepper|ability: Protosynthesis|[fromitem]\n|-start|p2a: Ghost pepper|protosynthesisspe\n|move|p1a: Glimmora|Mortal Spin|p2b: Hot Loaf|[spread] p2a,p2b\n|-supereffective|p2b: Hot Loaf\n|-damage|p2a: Ghost pepper|92\/100\n|-damage|p2b: Hot Loaf|96\/100\n|-status|p2a: Ghost pepper|psn\n|-status|p2b: Hot Loaf|psn\n|move|p2b: Hot Loaf|Body Press|p1a: Glimmora\n|-damage|p1a: Glimmora|35\/100\n|-activate|p1a: Glimmora|ability: Toxic Debris\n|-sidestart|p2: kaizerfattah|move: Toxic Spikes\n|\n|-heal|p2b: Hot Loaf|100\/100 psn|[from] item: Leftovers\n|-damage|p2a: Ghost pepper|79\/100 psn|[from] psn\n|-damage|p2b: Hot Loaf|88\/100 psn|[from] psn\n|-damage|p1b: Klefki|29\/100 brn|[from] brn\n|upkeep\n|turn|2\n|inactive|UserOmega has 30 seconds left.\n|inactive|kaizerfattah has 30 seconds left.\n|inactive|kaizerfattah has 20 seconds left.\n|\n|t:|1682416344\n|move|p2a: Ghost pepper|Protect|p2a: Ghost pepper\n|-singleturn|p2a: Ghost pepper|Protect\n|move|p1a: Glimmora|Spiky Shield|p1a: Glimmora\n|-singleturn|p1a: Glimmora|move: Protect\n|move|p1b: Klefki|Reflect|p1b: Klefki\n|-sidestart|p1: UserOmega|Reflect\n|move|p2b: Hot Loaf|Body Press|p1b: Klefki\n|-damage|p1b: Klefki|2\/100 brn\n|\n|-heal|p2b: Hot Loaf|94\/100 psn|[from] item: Leftovers\n|-damage|p2a: Ghost pepper|67\/100 psn|[from] psn\n|-damage|p2b: Hot Loaf|82\/100 psn|[from] psn\n|-damage|p1b: Klefki|0 fnt|[from] brn\n|faint|p1b: Klefki\n|upkeep\n|\n|t:|1682416348\n|switch|p1b: Scream Tail|Scream Tail, L50|100\/100\n|-enditem|p1b: Scream Tail|Booster Energy\n|-activate|p1b: Scream Tail|ability: Protosynthesis|[fromitem]\n|-start|p1b: Scream Tail|protosynthesisspe\n|turn|3\n|inactive|UserOmega has 30 seconds left.\n|inactive|UserOmega has 20 seconds left.\n|\n|t:|1682416391\n|move|p2a: Ghost pepper|Shadow Ball|p1b: Scream Tail\n|-supereffective|p1b: Scream Tail\n|-damage|p1b: Scream Tail|55\/100\n|move|p1b: Scream Tail|Play Rough|p2a: Ghost pepper|[miss]\n|-miss|p1b: Scream Tail|p2a: Ghost pepper\n|move|p1a: Glimmora|Sludge Bomb|p2b: Hot Loaf\n|-supereffective|p2b: Hot Loaf\n|-damage|p2b: Hot Loaf|2\/100 psn\n|move|p2b: Hot Loaf|Body Press|p1a: Glimmora\n|-damage|p1a: Glimmora|7\/100\n|-activate|p1a: Glimmora|ability: Toxic Debris\n|-sidestart|p2: kaizerfattah|move: Toxic Spikes\n|\n|-heal|p2b: Hot Loaf|8\/100 psn|[from] item: Leftovers\n|-damage|p2a: Ghost pepper|54\/100 psn|[from] psn\n|-damage|p2b: Hot Loaf|0 fnt|[from] psn\n|faint|p2b: Hot Loaf\n|upkeep\n|\n|t:|1682416412\n|switch|p2b: Smoked fillet|Chi-Yu, L50, tera:Grass|100\/100\n|-status|p2b: Smoked fillet|tox\n|-ability|p2b: Smoked fillet|Beads of Ruin\n|turn|4\n|l| Ganomore\n|\n|t:|1682416423\n|move|p2a: Ghost pepper|Protect|p2a: Ghost pepper\n|-singleturn|p2a: Ghost pepper|Protect\n|move|p1a: Glimmora|Spiky Shield|p1a: Glimmora\n|-singleturn|p1a: Glimmora|move: Protect\n|move|p1b: Scream Tail|Psychic Fangs|p2a: Ghost pepper\n|-activate|p2a: Ghost pepper|move: Protect\n|move|p2b: Smoked fillet|Snarl|p1a: Glimmora|[spread] p1b\n|-activate|p1a: Glimmora|move: Protect\n|-damage|p1b: Scream Tail|39\/100\n|-unboost|p1b: Scream Tail|spa|1\n|\n|-damage|p2a: Ghost pepper|42\/100 psn|[from] psn\n|-damage|p2b: Smoked fillet|94\/100 tox|[from] psn\n|upkeep\n|turn|5\n|\n|t:|1682416442\n|move|p2a: Ghost pepper|Shadow Ball|p1b: Scream Tail\n|-supereffective|p1b: Scream Tail\n|-damage|p1b: Scream Tail|0 fnt\n|faint|p1b: Scream Tail\n|-end|p1b: Scream Tail|Protosynthesis|[silent]\n|move|p2b: Smoked fillet|Snarl|p1a: Glimmora\n|-damage|p1a: Glimmora|0 fnt\n|faint|p1a: Glimmora\n|\n|-damage|p2a: Ghost pepper|29\/100 psn|[from] psn\n|-damage|p2b: Smoked fillet|82\/100 tox|[from] psn\n|upkeep\n|\n|t:|1682416448\n|switch|p1b: Annihilape|Annihilape, L50, F|100\/100\n|turn|6\n|\n|t:|1682416469\n|switch|p2b: Mustard|Iron Hands, L50|100\/100\n|-status|p2b: Mustard|tox\n|-terastallize|p1b: Annihilape|Fire\n|move|p2a: Ghost pepper|Perish Song|p2a: Ghost pepper\n|-start|p1b: Annihilape|perish3|[silent]\n|-start|p2a: Ghost pepper|perish3|[silent]\n|-start|p2b: Mustard|perish3|[silent]\n|-fieldactivate|move: Perish Song\n|move|p1b: Annihilape|Rage Fist|p2b: Mustard\n|-damage|p2b: Mustard|83\/100 tox\n|\n|-damage|p2a: Ghost pepper|17\/100 psn|[from] psn\n|-damage|p2b: Mustard|77\/100 tox|[from] psn\n|-start|p2a: Ghost pepper|perish3\n|-start|p1b: Annihilape|perish3\n|-start|p2b: Mustard|perish3\n|upkeep\n|turn|7\n|-message|UserOmega forfeited.\n|\n|win|kaizerfattah\n|raw|UserOmega's rating: 1398 → 1382<\/strong> (-16 for losing)\n|raw|kaizerfattah's rating: 1460 → 1476<\/strong> (+16 for winning)\n|l|\u2606UserOmega\n|l| ALLen030\n|l| THUNDERSND77\n|c|\u2606kaizerfattah|Gg\n","uploadtime":1682416673,"views":13,"p1id":"useromega","p2id":"kaizerfattah","formatid":"gen9vgc2023regulationc","rating":1382,"private":0,"password":""}