{"id":"gen9vgc2023regulationc-1849652197","p1":"PuniHina","p2":"jdh1294","format":"[Gen 9] VGC 2023 Regulation C","log":"|j|\u2606PuniHina\n|j|\u2606jdh1294\n|t:|1682226052\n|gametype|doubles\n|player|p1|PuniHina|marley|1595\n|player|p2|jdh1294|101|1535\n|teamsize|p1|6\n|teamsize|p2|6\n|gen|9\n|tier|[Gen 9] VGC 2023 Regulation C\n|rated|\n|rule|Species Clause: Limit one of each Pok\u00e9mon\n|rule|Item Clause: Limit one of each item\n|clearpoke\n|poke|p1|Gholdengo, L50|\n|poke|p1|Glimmora, L50, M|\n|poke|p1|Wo-Chien, L50|\n|poke|p1|Iron Bundle, L50|\n|poke|p1|Arcanine, L50, F|\n|poke|p1|Flutter Mane, L50|\n|poke|p2|Torkoal, L50, M|\n|poke|p2|Gastrodon, L50, M|\n|poke|p2|Great Tusk, L50|\n|poke|p2|Flutter Mane, L50|\n|poke|p2|Roaring Moon, L50|\n|poke|p2|Rotom-Heat, L50|\n|teampreview|4\njdh1294 rejected open team sheets.\n|\n|t:|1682226080\n|start\n|switch|p1a: Filmora|Glimmora, L50, M|100\/100\n|switch|p1b: Iron Bundle|Iron Bundle, L50|100\/100\n|switch|p2a: Rotom|Rotom-Heat, L50|100\/100\n|switch|p2b: Gastrodon|Gastrodon, L50, M|100\/100\n|turn|1\n|inactive|Battle timer is ON: inactive players will automatically lose when time's up. (requested by PuniHina)\n|\n|t:|1682226103\n|switch|p1a: Wo-Chien|Wo-Chien, L50|100\/100\n|-ability|p1a: Wo-Chien|Tablets of Ruin\n|-terastallize|p2b: Gastrodon|Fire\n|move|p1b: Iron Bundle|Protect|p1b: Iron Bundle\n|-singleturn|p1b: Iron Bundle|Protect\n|move|p2a: Rotom|Volt Switch|p1b: Iron Bundle\n|-activate|p1b: Iron Bundle|move: Protect\n|move|p2b: Gastrodon|Ice Beam|p1a: Wo-Chien\n|-supereffective|p1a: Wo-Chien\n|-damage|p1a: Wo-Chien|70\/100\n|\n|upkeep\n|turn|2\n|inactive|PuniHina has 30 seconds left.\n|\n|t:|1682226129\n|-end|p1b: Iron Bundle|Quark Drive|[silent]\n|switch|p1b: Gholdengo|Gholdengo, L50|100\/100\n|move|p2a: Rotom|Volt Switch|p1b: Gholdengo\n|-damage|p1b: Gholdengo|69\/100\n|\n|t:|1682226148\n|switch|p2a: Flutter Mane|Flutter Mane, L50|100\/100|[from] Volt Switch\n|move|p1a: Wo-Chien|Leech Seed|p2a: Flutter Mane\n|-start|p2a: Flutter Mane|move: Leech Seed\n|move|p2b: Gastrodon|Earth Power|p1b: Gholdengo\n|-supereffective|p1b: Gholdengo\n|-damage|p1b: Gholdengo|0 fnt\n|faint|p1b: Gholdengo\n|\n|-damage|p2a: Flutter Mane|88\/100|[from] Leech Seed|[of] p1a: Wo-Chien\n|-heal|p1a: Wo-Chien|79\/100|[silent]\n|upkeep\n|\n|t:|1682226155\n|switch|p1b: Filmora|Glimmora, L50, M|100\/100\n|turn|3\n|\n|t:|1682226168\n|switch|p2b: Roaring Moon|Roaring Moon, L50|100\/100\n|-enditem|p2b: Roaring Moon|Booster Energy\n|-activate|p2b: Roaring Moon|ability: Protosynthesis|[fromitem]\n|-start|p2b: Roaring Moon|protosynthesisspe\n|-terastallize|p1b: Filmora|Grass\n|move|p1a: Wo-Chien|Protect|p1a: Wo-Chien\n|-singleturn|p1a: Wo-Chien|Protect\n|move|p2a: Flutter Mane|Shadow Ball|p1b: Filmora\n|-damage|p1b: Filmora|70\/100\n|-unboost|p1b: Filmora|spd|1\n|move|p1b: Filmora|Mortal Spin|p2b: Roaring Moon|[spread] p2a,p2b\n|-damage|p2a: Flutter Mane|81\/100\n|-damage|p2b: Roaring Moon|95\/100\n|-status|p2a: Flutter Mane|psn\n|-status|p2b: Roaring Moon|psn\n|\n|-damage|p2a: Flutter Mane|69\/100 psn|[from] Leech Seed|[of] p1a: Wo-Chien\n|-heal|p1a: Wo-Chien|87\/100|[silent]\n|-damage|p2b: Roaring Moon|83\/100 psn|[from] psn\n|-damage|p2a: Flutter Mane|57\/100 psn|[from] psn\n|upkeep\n|turn|4\n|inactive|PuniHina has 30 seconds left.\n|j| Tempo18\n|\n|t:|1682226198\n|-end|p2a: Flutter Mane|Protosynthesis|[silent]\n|switch|p2a: Gastrodon|Gastrodon, L50, M, tera:Fire|100\/100\n|switch|p1b: Iron Bundle|Iron Bundle, L50|100\/100\n|move|p2b: Roaring Moon|Acrobatics|p1b: Iron Bundle\n|-damage|p1b: Iron Bundle|65\/100\n|move|p1a: Wo-Chien|Leech Seed|p2b: Roaring Moon\n|-start|p2b: Roaring Moon|move: Leech Seed\n|\n|-damage|p2b: Roaring Moon|71\/100 psn|[from] Leech Seed|[of] p1a: Wo-Chien\n|-heal|p1a: Wo-Chien|98\/100|[silent]\n|-damage|p2b: Roaring Moon|59\/100 psn|[from] psn\n|upkeep\n|turn|5\n|j| BlindMagneton\n|\n|t:|1682226214\n|move|p2b: Roaring Moon|Jaw Lock|p1a: Wo-Chien\n|-resisted|p1a: Wo-Chien\n|-damage|p1a: Wo-Chien|86\/100\n|-activate|p2b: Roaring Moon|trapped\n|-activate|p1a: Wo-Chien|trapped\n|move|p1b: Iron Bundle|Freeze-Dry|p2b: Roaring Moon\n|-supereffective|p2b: Roaring Moon\n|-damage|p2b: Roaring Moon|0 fnt\n|faint|p2b: Roaring Moon\n|-end|p2b: Roaring Moon|Protosynthesis|[silent]\n|move|p1a: Wo-Chien|Pollen Puff|p1b: Iron Bundle\n|-heal|p1b: Iron Bundle|100\/100\n|move|p2a: Gastrodon|Tera Blast|p1b: Iron Bundle\n|-damage|p1b: Iron Bundle|24\/100\n|\n|upkeep\n|\n|t:|1682226228\n|switch|p2b: Flutter Mane|Flutter Mane, L50|57\/100 psn\n|turn|6\n|\n|t:|1682226235\n|move|p1b: Iron Bundle|Protect|p1b: Iron Bundle\n|-singleturn|p1b: Iron Bundle|Protect\n|move|p1a: Wo-Chien|Protect|p1a: Wo-Chien\n|-singleturn|p1a: Wo-Chien|Protect\n|move|p2b: Flutter Mane|Shadow Ball|p1b: Iron Bundle\n|-activate|p1b: Iron Bundle|move: Protect\n|move|p2a: Gastrodon|Ice Beam|p1a: Wo-Chien\n|-activate|p1a: Wo-Chien|move: Protect\n|\n|-damage|p2b: Flutter Mane|44\/100 psn|[from] psn\n|upkeep\n|turn|7\n|\n|t:|1682226250\n|-end|p1b: Iron Bundle|Quark Drive|[silent]\n|switch|p1b: Filmora|Glimmora, L50, M, tera:Grass|70\/100\n|move|p2b: Flutter Mane|Shadow Ball|p1b: Filmora\n|-damage|p1b: Filmora|41\/100\n|move|p1a: Wo-Chien|Leech Seed|p2a: Gastrodon\n|-start|p2a: Gastrodon|move: Leech Seed\n|move|p2a: Gastrodon|Ice Beam|p1a: Wo-Chien\n|-supereffective|p1a: Wo-Chien\n|-damage|p1a: Wo-Chien|52\/100\n|\n|-damage|p2a: Gastrodon|88\/100|[from] Leech Seed|[of] p1a: Wo-Chien\n|-heal|p1a: Wo-Chien|66\/100|[silent]\n|-damage|p2b: Flutter Mane|32\/100 psn|[from] psn\n|upkeep\n|turn|8\n|\n|t:|1682226267\n|switch|p2a: Rotom|Rotom-Heat, L50|100\/100\n|move|p2b: Flutter Mane|Moonblast|p1b: Filmora\n|-damage|p1b: Filmora|8\/100\n|move|p1b: Filmora|Power Gem|p2a: Rotom\n|-supereffective|p2a: Rotom\n|-damage|p2a: Rotom|11\/100\n|-enditem|p2a: Rotom|Sitrus Berry|[eat]\n|-heal|p2a: Rotom|36\/100|[from] item: Sitrus Berry\n|move|p1a: Wo-Chien|Pollen Puff|p1b: Filmora\n|-heal|p1b: Filmora|58\/100\n|\n|-damage|p2b: Flutter Mane|20\/100 psn|[from] psn\n|upkeep\n|turn|9\n|\n|t:|1682226294\n|-end|p2b: Flutter Mane|Protosynthesis|[silent]\n|switch|p2b: Gastrodon|Gastrodon, L50, M, tera:Fire|88\/100\n|move|p1a: Wo-Chien|Protect|p1a: Wo-Chien\n|-singleturn|p1a: Wo-Chien|Protect\n|move|p2a: Rotom|Volt Switch|p1b: Filmora\n|-resisted|p1b: Filmora\n|-damage|p1b: Filmora|47\/100\n|\n|t:|1682226302\n|switch|p2a: Flutter Mane|Flutter Mane, L50|20\/100 psn|[from] Volt Switch\n|move|p1b: Filmora|Power Gem|p2a: Flutter Mane\n|-damage|p2a: Flutter Mane|0 fnt\n|faint|p2a: Flutter Mane\n|-end|p2a: Flutter Mane|Protosynthesis|[silent]\n|\n|-heal|p2b: Gastrodon|94\/100|[from] item: Leftovers\n|upkeep\n|\n|t:|1682226309\n|switch|p2a: Rotom|Rotom-Heat, L50|36\/100\n|turn|10\n|\n|t:|1682226315\n|move|p2a: Rotom|Overheat|p1b: Filmora\n|-supereffective|p1b: Filmora\n|-damage|p1b: Filmora|0 fnt\n|-unboost|p2a: Rotom|spa|2\n|faint|p1b: Filmora\n|move|p1a: Wo-Chien|Leech Seed|p2a: Rotom\n|-start|p2a: Rotom|move: Leech Seed\n|move|p2b: Gastrodon|Tera Blast|p1a: Wo-Chien\n|-supereffective|p1a: Wo-Chien\n|-damage|p1a: Wo-Chien|22\/100\n|-enditem|p1a: Wo-Chien|Sitrus Berry|[eat]\n|-heal|p1a: Wo-Chien|47\/100|[from] item: Sitrus Berry\n|\n|-heal|p2b: Gastrodon|99\/100|[from] item: Leftovers\n|-damage|p2a: Rotom|24\/100|[from] Leech Seed|[of] p1a: Wo-Chien\n|-heal|p1a: Wo-Chien|57\/100|[silent]\n|upkeep\n|\n|t:|1682226329\n|switch|p1b: Iron Bundle|Iron Bundle, L50|24\/100\n|turn|11\n|\n|t:|1682226336\n|move|p1b: Iron Bundle|Protect|p1b: Iron Bundle\n|-singleturn|p1b: Iron Bundle|Protect\n|move|p1a: Wo-Chien|Protect|p1a: Wo-Chien\n|-singleturn|p1a: Wo-Chien|Protect\n|move|p2a: Rotom|Volt Switch|p1b: Iron Bundle\n|-activate|p1b: Iron Bundle|move: Protect\n|move|p2b: Gastrodon|Tera Blast|p1a: Wo-Chien\n|-activate|p1a: Wo-Chien|move: Protect\n|\n|-heal|p2b: Gastrodon|100\/100|[from] item: Leftovers\n|-damage|p2a: Rotom|12\/100|[from] Leech Seed|[of] p1a: Wo-Chien\n|-heal|p1a: Wo-Chien|66\/100|[silent]\n|upkeep\n|turn|12\n|\n|t:|1682226359\n|move|p1b: Iron Bundle|Freeze-Dry|p2a: Rotom\n|-resisted|p2a: Rotom\n|-damage|p2a: Rotom|0 fnt\n|faint|p2a: Rotom\n|move|p1a: Wo-Chien|Leech Seed|p2b: Gastrodon\n|-start|p2b: Gastrodon|move: Leech Seed\n|move|p2b: Gastrodon|Tera Blast|p1b: Iron Bundle\n|-damage|p1b: Iron Bundle|0 fnt\n|faint|p1b: Iron Bundle\n|-end|p1b: Iron Bundle|Quark Drive|[silent]\n|\n|-damage|p2b: Gastrodon|88\/100|[from] Leech Seed|[of] p1a: Wo-Chien\n|-heal|p1a: Wo-Chien|80\/100|[silent]\n|upkeep\n|turn|13\n|\n|t:|1682226370\n|move|p1a: Wo-Chien|Protect|p1a: Wo-Chien\n|-singleturn|p1a: Wo-Chien|Protect\n|move|p2b: Gastrodon|Tera Blast|p1a: Wo-Chien\n|-activate|p1a: Wo-Chien|move: Protect\n|\n|-heal|p2b: Gastrodon|94\/100|[from] item: Leftovers\n|-damage|p2b: Gastrodon|82\/100|[from] Leech Seed|[of] p1a: Wo-Chien\n|-heal|p1a: Wo-Chien|94\/100|[silent]\n|upkeep\n|turn|14\n|\n|t:|1682226381\n|move|p1a: Wo-Chien|Foul Play|p2b: Gastrodon\n|-damage|p2b: Gastrodon|60\/100\n|move|p2b: Gastrodon|Tera Blast|p1a: Wo-Chien\n|-supereffective|p1a: Wo-Chien\n|-crit|p1a: Wo-Chien\n|-damage|p1a: Wo-Chien|28\/100\n|\n|-heal|p2b: Gastrodon|66\/100|[from] item: Leftovers\n|-damage|p2b: Gastrodon|53\/100|[from] Leech Seed|[of] p1a: Wo-Chien\n|-heal|p1a: Wo-Chien|42\/100|[silent]\n|upkeep\n|turn|15\n|\n|t:|1682226390\n|move|p1a: Wo-Chien|Protect|p1a: Wo-Chien\n|-singleturn|p1a: Wo-Chien|Protect\n|move|p2b: Gastrodon|Tera Blast|p1a: Wo-Chien\n|-activate|p1a: Wo-Chien|move: Protect\n|\n|-heal|p2b: Gastrodon|59\/100|[from] item: Leftovers\n|-damage|p2b: Gastrodon|47\/100|[from] Leech Seed|[of] p1a: Wo-Chien\n|-heal|p1a: Wo-Chien|56\/100|[silent]\n|upkeep\n|turn|16\n|\n|t:|1682226399\n|move|p1a: Wo-Chien|Foul Play|p2b: Gastrodon\n|-damage|p2b: Gastrodon|25\/100\n|move|p2b: Gastrodon|Tera Blast|p1a: Wo-Chien\n|-supereffective|p1a: Wo-Chien\n|-damage|p1a: Wo-Chien|11\/100\n|\n|-heal|p2b: Gastrodon|31\/100|[from] item: Leftovers\n|-damage|p2b: Gastrodon|18\/100|[from] Leech Seed|[of] p1a: Wo-Chien\n|-heal|p1a: Wo-Chien|25\/100|[silent]\n|upkeep\n|turn|17\n|\n|t:|1682226407\n|move|p1a: Wo-Chien|Protect|p1a: Wo-Chien\n|-singleturn|p1a: Wo-Chien|Protect\n|move|p2b: Gastrodon|Tera Blast|p1a: Wo-Chien\n|-activate|p1a: Wo-Chien|move: Protect\n|\n|-heal|p2b: Gastrodon|24\/100|[from] item: Leftovers\n|-damage|p2b: Gastrodon|12\/100|[from] Leech Seed|[of] p1a: Wo-Chien\n|-heal|p1a: Wo-Chien|39\/100|[silent]\n|upkeep\n|turn|18\n|\n|t:|1682226416\n|move|p1a: Wo-Chien|Foul Play|p2b: Gastrodon\n|-damage|p2b: Gastrodon|0 fnt\n|faint|p2b: Gastrodon\n|\n|win|PuniHina\n|raw|PuniHina's rating: 1595 → 1612<\/strong> (+17 for winning)\n|raw|jdh1294's rating: 1535 → 1518<\/strong> (-17 for losing)\n|l|\u2606jdh1294\n","uploadtime":1682226423,"views":22,"p1id":"punihina","p2id":"jdh1294","formatid":"gen9vgc2023regulationc","rating":1518,"private":0,"password":""}