{"id":"gen9vgc2023regulationc-1863323898","p1":"DerpyBronze117","p2":"jayballester","format":"[Gen 9] VGC 2023 Regulation C","log":"|j|\u2606DerpyBronze117\n|j|\u2606jayballester\n|t:|1684002552\n|gametype|doubles\n|player|p1|DerpyBronze117|hilbert|\n|player|p2|jayballester|riley|\n|teamsize|p1|6\n|teamsize|p2|6\n|gen|9\n|tier|[Gen 9] VGC 2023 Regulation C\n|rule|Species Clause: Limit one of each Pok\u00e9mon\n|rule|Item Clause: Limit one of each item\n|clearpoke\n|poke|p1|Eelektross, L50, F|\n|poke|p1|Kilowattrel, L50, F|\n|poke|p1|Goodra, L50, F|\n|poke|p1|Toxapex, L50, F|\n|poke|p1|Gothitelle, L50, F|\n|poke|p1|Azumarill, L50, M|\n|poke|p2|Great Tusk, L50|\n|poke|p2|Volcarona, L50, F|\n|poke|p2|Magnezone, L50|\n|poke|p2|Oranguru, L50, M|\n|poke|p2|Murkrow, L50, F|\n|poke|p2|Sylveon, L50, M|\n|teampreview|4\n|c|\u2606jayballester|glhf\n|\n|t:|1684002594\n|start\n|switch|p1a: Gothitelle|Gothitelle, L50, F|100\/100\n|switch|p1b: Azumarill|Azumarill, L50, M|100\/100\n|switch|p2a: The Magne Zone|Magnezone, L50|100\/100\n|switch|p2b: I Support|Oranguru, L50, M|100\/100\n|-item|p2a: The Magne Zone|Air Balloon\n|turn|1\n|\n|t:|1684002615\n|move|p1a: Gothitelle|Fake Out|p2b: I Support\n|-damage|p2b: I Support|95\/100\n|move|p2a: The Magne Zone|Discharge|p1b: Azumarill|[spread] p1a,p1b\n|-activate|p2b: I Support|ability: Telepathy\n|-supereffective|p1b: Azumarill\n|-damage|p1a: Gothitelle|75\/100\n|-damage|p1b: Azumarill|34\/100\n|-enditem|p1b: Azumarill|Sitrus Berry|[eat]\n|-heal|p1b: Azumarill|59\/100|[from] item: Sitrus Berry\n|cant|p2b: I Support|flinch\n|move|p1b: Azumarill|Perish Song|p1b: Azumarill\n|-start|p1a: Gothitelle|perish3|[silent]\n|-start|p1b: Azumarill|perish3|[silent]\n|-start|p2a: The Magne Zone|perish3|[silent]\n|-start|p2b: I Support|perish3|[silent]\n|-fieldactivate|move: Perish Song\n|\n|-start|p2a: The Magne Zone|perish3\n|-start|p2b: I Support|perish3\n|-start|p1a: Gothitelle|perish3\n|-start|p1b: Azumarill|perish3\n|upkeep\n|turn|2\n|\n|t:|1684002662\n|move|p1b: Azumarill|Protect|p1b: Azumarill\n|-singleturn|p1b: Azumarill|Protect\n|move|p2a: The Magne Zone|Discharge|p1b: Azumarill|[spread] p1a\n|-activate|p1b: Azumarill|move: Protect\n|-activate|p2b: I Support|ability: Telepathy\n|-damage|p1a: Gothitelle|46\/100\n|move|p2b: I Support|Instruct|p2a: The Magne Zone\n|-singleturn|p2a: The Magne Zone|move: Instruct|[of] p2b: I Support\n|move|p2a: The Magne Zone|Discharge|p1b: Azumarill|[spread] p1a\n|-activate|p1b: Azumarill|move: Protect\n|-activate|p2b: I Support|ability: Telepathy\n|-damage|p1a: Gothitelle|22\/100\n|move|p1a: Gothitelle|Taunt|p2b: I Support\n|-start|p2b: I Support|move: Taunt\n|\n|-start|p2a: The Magne Zone|perish2\n|-start|p2b: I Support|perish2\n|-start|p1a: Gothitelle|perish2\n|-start|p1b: Azumarill|perish2\n|upkeep\n|turn|3\n|j| Jstardude\n|\n|t:|1684002691\n|switch|p1b: Goodra|Goodra, L50, F|100\/100\n|move|p1a: Gothitelle|Protect|p1a: Gothitelle\n|-singleturn|p1a: Gothitelle|Protect\n|move|p2a: The Magne Zone|Discharge|p1a: Gothitelle|[spread] p1b\n|-activate|p1a: Gothitelle|move: Protect\n|-activate|p2b: I Support|ability: Telepathy\n|-resisted|p1b: Goodra\n|-damage|p1b: Goodra|93\/100\n|move|p2b: I Support|Psychic|p1b: Goodra\n|-damage|p1b: Goodra|79\/100\n|\n|-start|p2a: The Magne Zone|perish1\n|-start|p2b: I Support|perish1\n|-start|p1a: Gothitelle|perish1\n|upkeep\n|turn|4\n|j| Tuxmux\n|\n|t:|1684002731\n|move|p1a: Gothitelle|Protect||[still]\n|-fail|p1a: Gothitelle\n|move|p1b: Goodra|Power Whip|p2b: I Support\n|-damage|p2b: I Support|71\/100\n|move|p2a: The Magne Zone|Discharge|p1b: Goodra|[spread] p1a,p1b\n|-activate|p2b: I Support|ability: Telepathy\n|-resisted|p1b: Goodra\n|-damage|p1a: Gothitelle|0 fnt\n|-damage|p1b: Goodra|72\/100\n|faint|p1a: Gothitelle\n|move|p2b: I Support|Psychic|p1b: Goodra\n|-damage|p1b: Goodra|59\/100\n|-unboost|p1b: Goodra|spd|1\n|\n|-start|p2a: The Magne Zone|perish0\n|-start|p2b: I Support|perish0\n|upkeep\n|faint|p2a: The Magne Zone\n|faint|p2b: I Support\n|\n|t:|1684002752\n|switch|p2a: Mothra's GF|Volcarona, L50, F|100\/100\n|switch|p2b: The Donfather|Great Tusk, L50|100\/100\n|switch|p1a: Toxapex|Toxapex, L50, F|100\/100\n|turn|5\n|\n|t:|1684002773\n|-terastallize|p2a: Mothra's GF|Grass\n|move|p1a: Toxapex|Baneful Bunker|p1a: Toxapex\n|-singleturn|p1a: Toxapex|move: Protect\n|move|p2b: The Donfather|Headlong Rush|p1b: Goodra\n|-damage|p1b: Goodra|0 fnt\n|-unboost|p2b: The Donfather|def|1\n|-unboost|p2b: The Donfather|spd|1\n|-ability|p1b: Goodra|Gooey\n|-unboost|p2b: The Donfather|spe|1\n|faint|p1b: Goodra\n|move|p2a: Mothra's GF|Will-O-Wisp|p1a: Toxapex\n|-activate|p1a: Toxapex|move: Protect\n|\n|upkeep\n|\n|t:|1684002789\n|switch|p1b: Azumarill|Azumarill, L50, M|59\/100\n|turn|6\n|\n|t:|1684002804\n|move|p2b: The Donfather|Protect|p2b: The Donfather\n|-singleturn|p2b: The Donfather|Protect\n|move|p2a: Mothra's GF|Giga Drain|p1b: Azumarill\n|-supereffective|p1b: Azumarill\n|-damage|p1b: Azumarill|0 fnt\n|faint|p1b: Azumarill\n|-damage|p2a: Mothra's GF|91\/100|[from] item: Life Orb\n|move|p1a: Toxapex|Sludge Bomb|p2a: Mothra's GF\n|-supereffective|p2a: Mothra's GF\n|-damage|p2a: Mothra's GF|53\/100\n|\n|upkeep\n|turn|7\n|\n|t:|1684002819\n|move|p1a: Toxapex|Baneful Bunker|p1a: Toxapex\n|-singleturn|p1a: Toxapex|move: Protect\n|move|p2a: Mothra's GF|Giga Drain|p1a: Toxapex\n|-activate|p1a: Toxapex|move: Protect\n|move|p2b: The Donfather|Headlong Rush|p1a: Toxapex\n|-activate|p1a: Toxapex|move: Protect\n|-status|p2b: The Donfather|psn\n|\n|-damage|p2b: The Donfather|88\/100 psn|[from] psn\n|upkeep\n|turn|8\n|\n|t:|1684002837\n|-terastallize|p1a: Toxapex|Poison\n|move|p2a: Mothra's GF|Giga Drain|p1a: Toxapex\n|-resisted|p1a: Toxapex\n|-damage|p1a: Toxapex|78\/100\n|-heal|p2a: Mothra's GF|62\/100|[from] drain|[of] p1a: Toxapex\n|-damage|p2a: Mothra's GF|53\/100|[from] item: Life Orb\n|move|p2b: The Donfather|Headlong Rush|p1a: Toxapex\n|-supereffective|p1a: Toxapex\n|-damage|p1a: Toxapex|0 fnt\n|-unboost|p2b: The Donfather|def|1\n|-unboost|p2b: The Donfather|spd|1\n|faint|p1a: Toxapex\n|\n|win|jayballester\n|c|\u2606jayballester|ggs\n|l| Jstardude\n","uploadtime":1684002851,"views":5,"p1id":"derpybronze117","p2id":"jayballester","formatid":"gen9vgc2023regulationc","rating":0,"private":0,"password":""}