{"id":"gen9vgc2023regulationc-1861895846","p1":"maestrozoroli","p2":"PureNeutral","format":"[Gen 9] VGC 2023 Regulation C","log":"|j|\u2606maestrozoroli\n|j|\u2606PureNeutral\n|t:|1683818777\n|gametype|doubles\n|player|p1|maestrozoroli|n|1515\n|player|p2|PureNeutral|elesa|1551\n|teamsize|p1|6\n|teamsize|p2|6\n|gen|9\n|tier|[Gen 9] VGC 2023 Regulation C\n|rated|\n|rule|Species Clause: Limit one of each Pok\u00e9mon\n|rule|Item Clause: Limit one of each item\n|clearpoke\n|poke|p1|Chi-Yu, L50|\n|poke|p1|Ting-Lu, L50|\n|poke|p1|Flutter Mane, L50|\n|poke|p1|Orthworm, L50, M|\n|poke|p1|Amoonguss, L50, M|\n|poke|p1|Dragonite, L50, F|\n|poke|p2|Maushold-Four, L50|\n|poke|p2|Annihilape, L50, M|\n|poke|p2|Gholdengo, L50|\n|poke|p2|Roaring Moon, L50|\n|poke|p2|Iron Bundle, L50|\n|poke|p2|Arcanine, L50, F|\n|teampreview|4\n|inactive|Battle timer is ON: inactive players will automatically lose when time's up. (requested by maestrozoroli)\nmaestrozoroli has agreed to open team sheets.\nPureNeutral has agreed to open team sheets.\n|j| Gopii\n|inactive|PureNeutral has 60 seconds left.\n|\n|t:|1683818838\n|start\n|switch|p1a: Flutter Mane|Flutter Mane, L50|100\/100\n|switch|p1b: Amoonguss|Amoonguss, L50, M|100\/100\n|switch|p2a: Maushold|Maushold-Four, L50|100\/100\n|switch|p2b: Annihilape|Annihilape, L50, M|100\/100\n|-enditem|p1a: Flutter Mane|Booster Energy\n|-activate|p1a: Flutter Mane|ability: Protosynthesis|[fromitem]\n|-start|p1a: Flutter Mane|protosynthesisspa\n|turn|1\n|inactive|maestrozoroli has 30 seconds left.\n|\n|t:|1683818869\n|-terastallize|p2b: Annihilape|Water\n|move|p1a: Flutter Mane|Substitute|p1a: Flutter Mane\n|-start|p1a: Flutter Mane|Substitute\n|-damage|p1a: Flutter Mane|76\/100\n|move|p2a: Maushold|Beat Up|p2b: Annihilape\n|-damage|p2b: Annihilape|99\/100\n|-damage|p2b: Annihilape|97\/100\n|-damage|p2b: Annihilape|95\/100\n|-damage|p2b: Annihilape|93\/100\n|-hitcount|p2b: Annihilape|4\n|move|p2b: Annihilape|Rage Fist|p1b: Amoonguss\n|-damage|p1b: Amoonguss|6\/100\n|move|p1b: Amoonguss|Spore|p2b: Annihilape\n|-status|p2b: Annihilape|slp|[from] move: Spore\n|\n|upkeep\n|turn|2\n|inactive|maestrozoroli has 30 seconds left.\n|inactive|PureNeutral has 30 seconds left.\n|\n|t:|1683818897\n|switch|p2b: Arcanine|Arcanine, L50, F|100\/100\n|-ability|p2b: Arcanine|Intimidate|boost\n|-immune|p1a: Flutter Mane\n|-unboost|p1b: Amoonguss|atk|1\n|switch|p1b: Chi-Yu|Chi-Yu, L50|100\/100\n|-ability|p1b: Chi-Yu|Beads of Ruin\n|-terastallize|p1a: Flutter Mane|Fairy\n|move|p1a: Flutter Mane|Moonblast|p2b: Arcanine\n|-resisted|p2b: Arcanine\n|-damage|p2b: Arcanine|68\/100\n|move|p2a: Maushold|Beat Up|p1b: Chi-Yu\n|-resisted|p1b: Chi-Yu\n|-damage|p1b: Chi-Yu|98\/100\n|-resisted|p1b: Chi-Yu\n|-damage|p1b: Chi-Yu|96\/100\n|-resisted|p1b: Chi-Yu\n|-damage|p1b: Chi-Yu|94\/100\n|-hitcount|p1b: Chi-Yu|3\n|\n|upkeep\n|turn|3\n|inactive|maestrozoroli has 30 seconds left.\n|\n|t:|1683818929\n|move|p1a: Flutter Mane|Protect|p1a: Flutter Mane\n|-singleturn|p1a: Flutter Mane|Protect\n|move|p2a: Maushold|Follow Me|p2a: Maushold\n|-singleturn|p2a: Maushold|move: Follow Me\n|move|p1b: Chi-Yu|Nasty Plot|p1b: Chi-Yu\n|-boost|p1b: Chi-Yu|spa|2\n|move|p2b: Arcanine|Snarl|p1b: Chi-Yu|[spread] p1b\n|-activate|p1a: Flutter Mane|move: Protect\n|-resisted|p1b: Chi-Yu\n|-crit|p1b: Chi-Yu\n|-damage|p1b: Chi-Yu|86\/100\n|-unboost|p1b: Chi-Yu|spa|1\n|\n|upkeep\n|turn|4\n|inactive|maestrozoroli has 30 seconds left.\n|inactive|maestrozoroli has 20 seconds left.\n|inactive|maestrozoroli has 15 seconds left.\n|inactive|maestrozoroli has 10 seconds left.\n|\n|t:|1683818979\n|move|p1a: Flutter Mane|Moonblast|p2a: Maushold\n|-damage|p2a: Maushold|0 fnt\n|faint|p2a: Maushold\n|move|p1b: Chi-Yu|Nasty Plot|p1b: Chi-Yu\n|-boost|p1b: Chi-Yu|spa|2\n|move|p2b: Arcanine|Snarl|p1a: Flutter Mane|[spread] p1a,p1b\n|-resisted|p1a: Flutter Mane\n|-resisted|p1b: Chi-Yu\n|-damage|p1a: Flutter Mane|71\/100\n|-damage|p1b: Chi-Yu|81\/100\n|-unboost|p1a: Flutter Mane|spa|1\n|-unboost|p1b: Chi-Yu|spa|1\n|\n|upkeep\n|\n|t:|1683818998\n|switch|p2a: Iron Bundle|Iron Bundle, L50|100\/100\n|turn|5\n|inactive|PureNeutral has 30 seconds left.\n|\n|t:|1683819027\n|move|p1b: Chi-Yu|Protect|p1b: Chi-Yu\n|-singleturn|p1b: Chi-Yu|Protect\n|move|p2a: Iron Bundle|Encore|p1b: Chi-Yu\n|-activate|p1b: Chi-Yu|move: Protect\n|move|p1a: Flutter Mane|Moonblast|p2a: Iron Bundle\n|-enditem|p2a: Iron Bundle|Focus Sash\n|-damage|p2a: Iron Bundle|1\/100\n|-unboost|p2a: Iron Bundle|spa|1\n|move|p2b: Arcanine|Flare Blitz|p1a: Flutter Mane\n|-end|p1a: Flutter Mane|Substitute\n|-damage|p2b: Arcanine|62\/100|[from] Recoil|[of] p1a: Flutter Mane\n|\n|upkeep\n|turn|6\n|inactive|maestrozoroli has 30 seconds left.\n|inactive|PureNeutral has 30 seconds left.\n|inactive|maestrozoroli has 20 seconds left.\n|inactive|PureNeutral has 20 seconds left.\n|inactive|maestrozoroli has 15 seconds left.\n|inactive|PureNeutral has 15 seconds left.\n|inactive|PureNeutral has 10 seconds left.\n|inactive|PureNeutral has 5 seconds left.\n|\n|t:|1683819078\n|switch|p1b: Amoonguss|Amoonguss, L50, M|39\/100\n|move|p2a: Iron Bundle|Protect|p2a: Iron Bundle\n|-singleturn|p2a: Iron Bundle|Protect\n|move|p1a: Flutter Mane|Moonblast|p2a: Iron Bundle\n|-activate|p2a: Iron Bundle|move: Protect\n|move|p2b: Arcanine|Flare Blitz|p1a: Flutter Mane\n|-damage|p1a: Flutter Mane|0 fnt\n|faint|p1a: Flutter Mane\n|-end|p1a: Flutter Mane|Protosynthesis|[silent]\n|-damage|p2b: Arcanine|45\/100|[from] Recoil\n|\n|upkeep\n|inactive|maestrozoroli has 30 seconds left.\n|\n|t:|1683819109\n|switch|p1a: Chi-Yu|Chi-Yu, L50|81\/100\n|-ability|p1a: Chi-Yu|Beads of Ruin\n|turn|7\n|\n|t:|1683819118\n|switch|p1b: Ting-Lu|Ting-Lu, L50|100\/100\n|-ability|p1b: Ting-Lu|Vessel of Ruin\n|move|p1a: Chi-Yu|Protect|p1a: Chi-Yu\n|-singleturn|p1a: Chi-Yu|Protect\n|move|p2a: Iron Bundle|Freeze-Dry|p1b: Ting-Lu\n|-supereffective|p1b: Ting-Lu\n|-damage|p1b: Ting-Lu|73\/100\n|move|p2b: Arcanine|Close Combat|p1a: Chi-Yu\n|-activate|p1a: Chi-Yu|move: Protect\n|\n|upkeep\n|turn|8\n|inactive|maestrozoroli has 30 seconds left.\n|j| MUnchy486\n|\n|t:|1683819152\n|switch|p1a: Amoonguss|Amoonguss, L50, M|72\/100\n|move|p2a: Iron Bundle|Encore||[still]\n|-fail|p2a: Iron Bundle\n|move|p2b: Arcanine|Close Combat|p1b: Ting-Lu\n|-supereffective|p1b: Ting-Lu\n|-damage|p1b: Ting-Lu|38\/100\n|-unboost|p2b: Arcanine|def|1\n|-unboost|p2b: Arcanine|spd|1\n|move|p1b: Ting-Lu|Earthquake|p2b: Arcanine|[spread] p1a,p2a,p2b\n|-supereffective|p2b: Arcanine\n|-damage|p1a: Amoonguss|52\/100\n|-damage|p2a: Iron Bundle|0 fnt\n|-damage|p2b: Arcanine|0 fnt\n|faint|p2a: Iron Bundle\n|-end|p2a: Iron Bundle|Quark Drive|[silent]\n|faint|p2b: Arcanine\n|\n|upkeep\n|\n|t:|1683819165\n|switch|p2b: Annihilape|Annihilape, L50, M, tera:Water|93\/100 slp\n|turn|9\n|\n|t:|1683819180\n|cant|p2b: Annihilape|slp\n|move|p1b: Ting-Lu|Ruination|p2b: Annihilape\n|-damage|p2b: Annihilape|47\/100 slp\n|-enditem|p2b: Annihilape|Sitrus Berry|[eat]\n|-heal|p2b: Annihilape|72\/100 slp|[from] item: Sitrus Berry\n|move|p1a: Amoonguss|Pollen Puff|p1b: Ting-Lu\n|-heal|p1b: Ting-Lu|88\/100\n|\n|upkeep\n|turn|10\n|\n|t:|1683819193\n|move|p1a: Amoonguss|Rage Powder|p1a: Amoonguss\n|-singleturn|p1a: Amoonguss|move: Rage Powder\n|-curestatus|p2b: Annihilape|slp|[msg]\n|move|p2b: Annihilape|Rage Fist|p1a: Amoonguss\n|-damage|p1a: Amoonguss|0 fnt\n|faint|p1a: Amoonguss\n|move|p1b: Ting-Lu|Ruination|p2b: Annihilape\n|-damage|p2b: Annihilape|36\/100\n|\n|upkeep\n|\n|t:|1683819199\n|switch|p1a: Chi-Yu|Chi-Yu, L50|81\/100\n|-ability|p1a: Chi-Yu|Beads of Ruin\n|turn|11\n|\n|t:|1683819231\n|move|p1a: Chi-Yu|Protect|p1a: Chi-Yu\n|-singleturn|p1a: Chi-Yu|Protect\n|move|p2b: Annihilape|Drain Punch|p1b: Ting-Lu\n|-supereffective|p1b: Ting-Lu\n|-damage|p1b: Ting-Lu|55\/100\n|-heal|p2b: Annihilape|57\/100|[from] drain|[of] p1b: Ting-Lu\n|move|p1b: Ting-Lu|Earthquake|p2b: Annihilape|[spread] p2b\n|-activate|p1a: Chi-Yu|move: Protect\n|-damage|p2b: Annihilape|31\/100\n|\n|upkeep\n|turn|12\n|\n|t:|1683819247\n|move|p1a: Chi-Yu|Dark Pulse|p2b: Annihilape\n|-damage|p2b: Annihilape|0 fnt\n|faint|p2b: Annihilape\n|\n|win|maestrozoroli\n|raw|maestrozoroli's rating: 1515 → 1537<\/strong> (+22 for winning)\n|raw|PureNeutral's rating: 1551 → 1529<\/strong> (-22 for losing)\n|l|\u2606maestrozoroli\n|l|\u2606PureNeutral\n|l| Gopii\n|l| MUnchy486\n","uploadtime":1683819378,"views":9,"p1id":"maestrozoroli","p2id":"pureneutral","formatid":"gen9vgc2023regulationc","rating":1529,"private":0,"password":""}