{"id":"gen9vgc2023regulationc-1859728434","p1":"SmeargleMyBeloved","p2":"ArnavChawla","format":"[Gen 9] VGC 2023 Regulation C","log":"|j|\u2606SmeargleMyBeloved\n|j|\u2606ArnavChawla\n|t:|1683559624\n|gametype|doubles\n|player|p1|SmeargleMyBeloved|sage-gen2|\n|player|p2|ArnavChawla|ingo|\n|teamsize|p1|6\n|teamsize|p2|6\n|gen|9\n|tier|[Gen 9] VGC 2023 Regulation C\n|rated|Tournament battle\n|rule|Species Clause: Limit one of each Pok\u00e9mon\n|rule|Item Clause: Limit one of each item\n|clearpoke\n|poke|p1|Dondozo, L50, M|\n|poke|p1|Tatsugiri-Stretchy, L50, M|\n|poke|p1|Glimmora, L50, M|\n|poke|p1|Pawmot, L50, F|\n|poke|p1|Talonflame, L50, F|\n|poke|p1|Gholdengo, L50|\n|poke|p2|Ting-Lu, L50|\n|poke|p2|Arcanine, L50, M|\n|poke|p2|Chien-Pao, L50|\n|poke|p2|Amoonguss, L50, M|\n|poke|p2|Kingambit, L50, M|\n|poke|p2|Flutter Mane, L50|\n|teampreview|4\n|raw| Open Team Sheet for SmeargleMyBeloved<\/summary>Dondozo @ Leftovers Ability: Unaware Level: 50 Tera Type: Grass - Earthquake - Order Up - Tera Blast - Protect Tatsugiri (Tatsugiri-Stretchy) @ Choice Scarf Ability: Commander Level: 50 Tera Type: Steel - Icy Wind - Draco Meteor - Muddy Water - Sleep Talk Glimmora @ Assault Vest Ability: Toxic Debris Level: 50 Tera Type: Grass - Power Gem - Sludge Bomb - Mortal Spin - Earth Power Pawmot @ Focus Sash Ability: Natural Cure Level: 50 Tera Type: Electric - Fake Out - Close Combat - Double Shock - Revival Blessing Talonflame @ Safety Goggles Ability: Gale Wings Level: 50 Tera Type: Ghost - Tailwind - Quick Guard - Will-O-Wisp - Brave Bird Gholdengo @ Sitrus Berry Ability: Good as Gold Level: 50 Tera Type: Water - Protect - Nasty Plot - Make It Rain - Shadow Ball <\/details><\/div> Open Team Sheet for ArnavChawla<\/summary>Ting-Lu @ Leftovers Ability: Vessel of Ruin Level: 50 Tera Type: Water - Body Press - Protect - Heavy Slam - Ruination Arcanine @ Safety Goggles Ability: Intimidate Level: 50 Tera Type: Grass - Flare Blitz - Will-O-Wisp - Protect - Extreme Speed Chien-Pao @ Focus Sash Ability: Sword of Ruin Level: 50 Tera Type: Ghost - Icicle Crash - Sacred Sword - Sucker Punch - Protect Amoonguss @ Rocky Helmet Ability: Regenerator Level: 50 Tera Type: Fire - Pollen Puff - Rage Powder - Protect - Spore Kingambit @ Assault Vest Ability: Defiant Level: 50 Tera Type: Fairy - Kowtow Cleave - Sucker Punch - Tera Blast - Iron Head Flutter Mane @ Choice Specs Ability: Protosynthesis Level: 50 Tera Type: Fairy - Shadow Ball - Dazzling Gleam - Psyshock - Thunderbolt <\/details><\/div>\n|inactive|Battle timer is ON: inactive players will automatically lose when time's up. (requested by ArnavChawla)\n|\n|t:|1683559649\n|start\n|switch|p1a: Talonflame|Talonflame, L50, F|100\/100\n|switch|p1b: Pawmot|Pawmot, L50, F|100\/100\n|switch|p2a: Kingambit|Kingambit, L50, M|100\/100\n|switch|p2b: Arcanine|Arcanine, L50, M|100\/100\n|-ability|p2b: Arcanine|Intimidate|boost\n|-unboost|p1a: Talonflame|atk|1\n|-unboost|p1b: Pawmot|atk|1\n|turn|1\n|\n|t:|1683559664\n|-terastallize|p2a: Kingambit|Fairy\n|move|p1b: Pawmot|Fake Out|p2b: Arcanine\n|-damage|p2b: Arcanine|92\/100\n|move|p1a: Talonflame|Will-O-Wisp|p2a: Kingambit\n|-status|p2a: Kingambit|brn\n|cant|p2b: Arcanine|flinch\n|move|p2a: Kingambit|Kowtow Cleave|p1a: Talonflame\n|-damage|p1a: Talonflame|65\/100\n|\n|-damage|p2a: Kingambit|95\/100 brn|[from] brn\n|upkeep\n|turn|2\n|\n|t:|1683559689\n|move|p2b: Arcanine|Extreme Speed|p1b: Pawmot\n|-damage|p1b: Pawmot|59\/100\n|move|p1a: Talonflame|Tailwind|p1a: Talonflame\n|-sidestart|p1: SmeargleMyBeloved|move: Tailwind\n|move|p1b: Pawmot|Close Combat|p2b: Arcanine\n|-damage|p2b: Arcanine|58\/100\n|-unboost|p1b: Pawmot|def|1\n|-unboost|p1b: Pawmot|spd|1\n|move|p2a: Kingambit|Tera Blast|p1b: Pawmot\n|-supereffective|p1b: Pawmot\n|-damage|p1b: Pawmot|0 fnt\n|faint|p1b: Pawmot\n|\n|-damage|p2a: Kingambit|89\/100 brn|[from] brn\n|upkeep\n|\n|t:|1683559706\n|switch|p1b: Dondozo|Dondozo, L50, M|100\/100\n|turn|3\n|\n|t:|1683559725\n|move|p1a: Talonflame|Brave Bird|p2b: Arcanine\n|-damage|p2b: Arcanine|30\/100\n|-damage|p1a: Talonflame|53\/100|[from] Recoil\n|move|p1b: Dondozo|Earthquake|p2b: Arcanine|[spread] p2a,p2b\n|-immune|p1a: Talonflame\n|-supereffective|p2b: Arcanine\n|-damage|p2a: Kingambit|74\/100 brn\n|-damage|p2b: Arcanine|0 fnt\n|faint|p2b: Arcanine\n|move|p2a: Kingambit|Kowtow Cleave|p1b: Dondozo\n|-damage|p1b: Dondozo|83\/100\n|\n|-heal|p1b: Dondozo|89\/100|[from] item: Leftovers\n|-damage|p2a: Kingambit|68\/100 brn|[from] brn\n|upkeep\n|\n|t:|1683559733\n|switch|p2b: Flutter Mane|Flutter Mane, L50|100\/100\n|turn|4\n|\n|t:|1683559757\n|switch|p1a: Tatsugiri|Tatsugiri-Stretchy, L50, M|100\/100\n|-activate|p1a: Tatsugiri|ability: Commander|[of] p1b: Dondozo\n|-boost|p1b: Dondozo|atk|2\n|-boost|p1b: Dondozo|spa|2\n|-boost|p1b: Dondozo|spe|2\n|-boost|p1b: Dondozo|def|2\n|-boost|p1b: Dondozo|spd|2\n|-end|p2b: Flutter Mane|Protosynthesis|[silent]\n|switch|p2b: Ting-Lu|Ting-Lu, L50|100\/100\n|-ability|p2b: Ting-Lu|Vessel of Ruin\n|-terastallize|p1b: Dondozo|Grass\n|move|p1b: Dondozo|Tera Blast|p2b: Ting-Lu\n|-supereffective|p2b: Ting-Lu\n|-damage|p2b: Ting-Lu|41\/100\n|move|p2a: Kingambit|Kowtow Cleave|p1a: Tatsugiri|[miss]\n|-miss|p2a: Kingambit|p1a: Tatsugiri\n|\n|-heal|p1b: Dondozo|95\/100|[from] item: Leftovers\n|-heal|p2b: Ting-Lu|47\/100|[from] item: Leftovers\n|-damage|p2a: Kingambit|62\/100 brn|[from] brn\n|upkeep\n|turn|5\n|\n|t:|1683559777\n|move|p1b: Dondozo|Tera Blast|p2b: Ting-Lu\n|-supereffective|p2b: Ting-Lu\n|-damage|p2b: Ting-Lu|0 fnt\n|faint|p2b: Ting-Lu\n|move|p2a: Kingambit|Kowtow Cleave|p1b: Dondozo\n|-damage|p1b: Dondozo|87\/100\n|\n|-heal|p1b: Dondozo|93\/100|[from] item: Leftovers\n|-damage|p2a: Kingambit|57\/100 brn|[from] brn\n|-sideend|p1: SmeargleMyBeloved|move: Tailwind\n|upkeep\n|\n|t:|1683559792\n|switch|p2b: Flutter Mane|Flutter Mane, L50|100\/100\n|turn|6\n|\n|t:|1683559799\n|move|p2b: Flutter Mane|Psyshock|p1b: Dondozo\n|-damage|p1b: Dondozo|79\/100\n|move|p1b: Dondozo|Tera Blast|p2b: Flutter Mane\n|-damage|p2b: Flutter Mane|0 fnt\n|faint|p2b: Flutter Mane\n|-end|p2b: Flutter Mane|Protosynthesis|[silent]\n|move|p2a: Kingambit|Kowtow Cleave|p1b: Dondozo\n|-damage|p1b: Dondozo|69\/100\n|\n|-heal|p1b: Dondozo|75\/100|[from] item: Leftovers\n|-damage|p2a: Kingambit|51\/100 brn|[from] brn\n|upkeep\n|turn|7\n|-message|ArnavChawla forfeited.\n|\n|win|SmeargleMyBeloved\n|n|\u2606SmeargleMyBeloved|smearglemybeloved\n|n|\u2606ArnavChawla|arnavchawla\n|l|\u2606ArnavChawla\n","uploadtime":1683559806,"views":13,"p1id":"smearglemybeloved","p2id":"arnavchawla","formatid":"gen9vgc2023regulationc","rating":0,"private":0,"password":""}