{"id":"gen9vgc2023regulationc-1852500595","p1":"leafyarrow","p2":"Big Piss","format":"[Gen 9] VGC 2023 Regulation C","log":"|j|\u2606leafyarrow\n|j|\u2606Big Piss\n|t:|1682565910\n|gametype|doubles\n|player|p1|leafyarrow|leaf-gen3|1354\n|player|p2|Big Piss|preschooler|1406\n|teamsize|p1|6\n|teamsize|p2|6\n|gen|9\n|tier|[Gen 9] VGC 2023 Regulation C\n|rated|\n|rule|Species Clause: Limit one of each Pok\u00e9mon\n|rule|Item Clause: Limit one of each item\n|clearpoke\n|poke|p1|Flutter Mane, L50|\n|poke|p1|Palafin, L50, F|\n|poke|p1|Amoonguss, L50, F|\n|poke|p1|Ting-Lu, L50|\n|poke|p1|Arcanine, L50, F|\n|poke|p1|Kingambit, L50, F|\n|poke|p2|Great Tusk, L50|\n|poke|p2|Talonflame, L50, M|\n|poke|p2|Iron Bundle, L50|\n|poke|p2|Breloom, L50, F|\n|poke|p2|Flutter Mane, L50|\n|poke|p2|Farigiraf, L50, F|\n|teampreview|4\n|inactive|Battle timer is ON: inactive players will automatically lose when time's up. (requested by Big Piss)\nBig Piss has agreed to open team sheets.\nleafyarrow has agreed to open team sheets.\n|inactive|leafyarrow has 60 seconds left.\n|inactive|Big Piss has 60 seconds left.\n|inactive|leafyarrow has 30 seconds left.\n|inactive|Big Piss has 30 seconds left.\n|inactive|Big Piss has 20 seconds left.\n|\n|t:|1682565985\n|start\n|switch|p1a: Flutter Mane|Flutter Mane, L50|100\/100\n|switch|p1b: Amoonguss|Amoonguss, L50, F|100\/100\n|switch|p2a: Talonflame|Talonflame, L50, M|100\/100\n|switch|p2b: Iron Bundle|Iron Bundle, L50|100\/100\n|turn|1\n|inactive|leafyarrow has 30 seconds left.\n|\n|t:|1682566019\n|move|p2b: Iron Bundle|Protect|p2b: Iron Bundle\n|-singleturn|p2b: Iron Bundle|Protect\n|move|p1b: Amoonguss|Protect|p1b: Amoonguss\n|-singleturn|p1b: Amoonguss|Protect\n|move|p2a: Talonflame|Tailwind|p2a: Talonflame\n|-sidestart|p2: Big Piss|move: Tailwind\n|move|p1a: Flutter Mane|Dazzling Gleam|p2b: Iron Bundle|[spread] p2a\n|-activate|p2b: Iron Bundle|move: Protect\n|-resisted|p2a: Talonflame\n|-damage|p2a: Talonflame|72\/100\n|\n|upkeep\n|turn|2\n|inactive|Big Piss has 30 seconds left.\n|inactive|Big Piss has 20 seconds left.\n|\n|t:|1682566057\n|switch|p1b: Ting-Lu|Ting-Lu, L50|100\/100\n|-ability|p1b: Ting-Lu|Vessel of Ruin\n|move|p2b: Iron Bundle|Freeze-Dry|p1a: Flutter Mane\n|-crit|p1a: Flutter Mane\n|-damage|p1a: Flutter Mane|63\/100\n|move|p2a: Talonflame|Taunt|p1b: Ting-Lu\n|-start|p1b: Ting-Lu|move: Taunt\n|move|p1a: Flutter Mane|Dazzling Gleam|p2b: Iron Bundle|[spread] p2a,p2b\n|-resisted|p2a: Talonflame\n|-damage|p2a: Talonflame|49\/100\n|-damage|p2b: Iron Bundle|36\/100\n|\n|upkeep\n|turn|3\n|inactive|leafyarrow has 30 seconds left.\n|\n|t:|1682566088\n|move|p2b: Iron Bundle|Freeze-Dry|p1a: Flutter Mane\n|-damage|p1a: Flutter Mane|35\/100\n|move|p2a: Talonflame|Brave Bird|p1a: Flutter Mane\n|-damage|p1a: Flutter Mane|0 fnt\n|faint|p1a: Flutter Mane\n|-end|p1a: Flutter Mane|Protosynthesis|[silent]\n|-damage|p2a: Talonflame|40\/100|[from] Recoil\n|move|p1b: Ting-Lu|Stomping Tantrum|p2b: Iron Bundle\n|-damage|p2b: Iron Bundle|0 fnt\n|faint|p2b: Iron Bundle\n|-end|p2b: Iron Bundle|Quark Drive|[silent]\n|\n|upkeep\n|inactive|Big Piss has 30 seconds left.\n|\n|t:|1682566115\n|switch|p2b: Great Tusk|Great Tusk, L50|100\/100\n|switch|p1a: Arcanine|Arcanine, L50, F|100\/100\n|-ability|p1a: Arcanine|Intimidate|boost\n|-unboost|p2a: Talonflame|atk|1\n|-unboost|p2b: Great Tusk|atk|1\n|turn|4\n|\n|t:|1682566138\n|move|p1a: Arcanine|Protect|p1a: Arcanine\n|-singleturn|p1a: Arcanine|Protect\n|move|p2a: Talonflame|Taunt|p1a: Arcanine\n|-activate|p1a: Arcanine|move: Protect\n|move|p2b: Great Tusk|Earthquake|p1a: Arcanine|[spread] p1b\n|-activate|p1a: Arcanine|move: Protect\n|-immune|p2a: Talonflame\n|-damage|p1b: Ting-Lu|89\/100\n|move|p1b: Ting-Lu|Heavy Slam|p2a: Talonflame\n|-resisted|p2a: Talonflame\n|-damage|p2a: Talonflame|18\/100\n|\n|-end|p1b: Ting-Lu|move: Taunt\n|-sideend|p2: Big Piss|move: Tailwind\n|upkeep\n|turn|5\n|\n|t:|1682566162\n|-terastallize|p1a: Arcanine|Grass\n|-terastallize|p2b: Great Tusk|Ground\n|move|p2a: Talonflame|Quick Guard|p2a: Talonflame\n|-singleturn|p2a: Talonflame|Quick Guard\n|move|p1a: Arcanine|Extreme Speed|p2a: Talonflame\n|-activate|p2a: Talonflame|move: Quick Guard\n|move|p2b: Great Tusk|Earthquake|p1b: Ting-Lu|[spread] p1a,p1b\n|-immune|p2a: Talonflame\n|-resisted|p1a: Arcanine\n|-damage|p1a: Arcanine|83\/100\n|-damage|p1b: Ting-Lu|71\/100\n|move|p1b: Ting-Lu|Ruination|p2b: Great Tusk\n|-damage|p2b: Great Tusk|50\/100\n|\n|upkeep\n|turn|6\n|-message|Big Piss forfeited.\n|\n|win|leafyarrow\n|raw|leafyarrow's rating: 1354 → 1377<\/strong> (+23 for winning)\n|raw|Big Piss's rating: 1406 → 1383<\/strong> (-23 for losing)\n|l|\u2606Big Piss\n","uploadtime":1682566182,"views":10,"p1id":"leafyarrow","p2id":"bigpiss","formatid":"gen9vgc2023regulationc","rating":1377,"private":0,"password":""}