{"id":"gen9vgc2023regulationc-1845020087","p1":"Sk1tt3n","p2":"Dracovish5","format":"[Gen 9] VGC 2023 Regulation C","log":"|j|\u2606Sk1tt3n\n|j|\u2606Dracovish5\n|t:|1681674747\n|gametype|doubles\n|player|p1|Sk1tt3n|hexmaniac-gen6|1000\n|player|p2|Dracovish5|170|1000\n|teamsize|p1|6\n|teamsize|p2|6\n|gen|9\n|tier|[Gen 9] VGC 2023 Regulation C\n|rated|\n|rule|Species Clause: Limit one of each Pok\u00e9mon\n|rule|Item Clause: Limit one of each item\n|clearpoke\n|poke|p1|Breloom, L50, M|\n|poke|p1|Arcanine, L50, F|\n|poke|p1|Flutter Mane, L50|\n|poke|p1|Tinkaton, L50, F|\n|poke|p1|Chien-Pao, L50|\n|poke|p1|Great Tusk, L50|\n|poke|p2|Brute Bonnet, L50|\n|poke|p2|Torkoal, L50, M|\n|poke|p2|Skeledirge, L50, M|\n|poke|p2|Gallade, L50, M|\n|poke|p2|Scream Tail, L50|\n|poke|p2|Mimikyu, L50, F|\n|teampreview|4\n|inactive|Battle timer is ON: inactive players will automatically lose when time's up. (requested by Dracovish5)\n|j| PearDaddy\n|inactive|Sk1tt3n has 60 seconds left.\n|inactive|Dracovish5 has 60 seconds left.\n|\n|t:|1681674808\n|start\n|switch|p1a: Flutter Mane|Flutter Mane, L50|100\/100\n|switch|p1b: Tinkaton|Tinkaton, L50, F|100\/100\n|switch|p2a: Torkoal|Torkoal, L50, M|100\/100\n|switch|p2b: Skeledirge|Skeledirge, L50, M|100\/100\n|-ability|p1b: Tinkaton|Mold Breaker\n|-item|p1b: Tinkaton|Air Balloon\n|-weather|SunnyDay|[from] ability: Drought|[of] p2a: Torkoal\n|-activate|p1a: Flutter Mane|ability: Protosynthesis\n|-start|p1a: Flutter Mane|protosynthesisspe\n|turn|1\n|\n|t:|1681674832\n|move|p1b: Tinkaton|Fake Out|p2a: Torkoal\n|-damage|p2a: Torkoal|95\/100\n|move|p1a: Flutter Mane|Shadow Ball|p2b: Skeledirge\n|-supereffective|p2b: Skeledirge\n|-damage|p2b: Skeledirge|3\/100\n|-enditem|p2b: Skeledirge|Wiki Berry|[eat]\n|-heal|p2b: Skeledirge|36\/100|[from] item: Wiki Berry\n|move|p2b: Skeledirge|Shadow Ball|p1a: Flutter Mane\n|-supereffective|p1a: Flutter Mane\n|-damage|p1a: Flutter Mane|16\/100\n|cant|p2a: Torkoal|flinch\n|\n|-weather|SunnyDay|[upkeep]\n|upkeep\n|turn|2\n|inactive|Sk1tt3n has 30 seconds left.\n|inactive|Sk1tt3n has 20 seconds left.\n|inactive|Sk1tt3n has 15 seconds left.\n|inactive|Sk1tt3n has 10 seconds left.\n|inactive|Sk1tt3n has 5 seconds left.\n|\n|t:|1681674883\n|-end|p1a: Flutter Mane|Protosynthesis|[silent]\n|switch|p1a: Arcanine|Arcanine, L50, F|100\/100\n|-ability|p1a: Arcanine|Intimidate|boost\n|-unboost|p2a: Torkoal|atk|1\n|-unboost|p2b: Skeledirge|atk|1\n|move|p2b: Skeledirge|Protect|p2b: Skeledirge\n|-singleturn|p2b: Skeledirge|Protect\n|move|p1b: Tinkaton|Thunder Wave|p2a: Torkoal|[miss]\n|-miss|p1b: Tinkaton|p2a: Torkoal\n|move|p2a: Torkoal|Lava Plume|p1b: Tinkaton|[spread] p1a,p1b\n|-activate|p2b: Skeledirge|move: Protect\n|-resisted|p1a: Arcanine\n|-supereffective|p1b: Tinkaton\n|-damage|p1a: Arcanine|84\/100\n|-damage|p1b: Tinkaton|66\/100\n|-enditem|p1b: Tinkaton|Air Balloon\n|\n|-weather|SunnyDay|[upkeep]\n|upkeep\n|turn|3\n|\n|t:|1681674906\n|move|p1b: Tinkaton|Helping Hand|p1a: Arcanine\n|-singleturn|p1a: Arcanine|Helping Hand|[of] p1b: Tinkaton\n|move|p1a: Arcanine|Snarl|p2b: Skeledirge|[spread] p2b\n|-miss|p1a: Arcanine|p2a: Torkoal\n|-supereffective|p2b: Skeledirge\n|-damage|p2b: Skeledirge|10\/100\n|-unboost|p2b: Skeledirge|spa|1\n|move|p2b: Skeledirge|Heat Wave|p1a: Arcanine|[spread] p1a,p1b\n|-resisted|p1a: Arcanine\n|-supereffective|p1b: Tinkaton\n|-damage|p1a: Arcanine|54\/100\n|-damage|p1b: Tinkaton|0 fnt\n|faint|p1b: Tinkaton\n|move|p2a: Torkoal|Yawn|p1a: Arcanine\n|-start|p1a: Arcanine|move: Yawn|[of] p2a: Torkoal\n|\n|-weather|SunnyDay|[upkeep]\n|upkeep\n|inactive|Sk1tt3n has 30 seconds left.\n|inactive|Sk1tt3n has 20 seconds left.\n|\n|t:|1681674941\n|switch|p1b: Great Tusk|Great Tusk, L50|100\/100\n|-activate|p1b: Great Tusk|ability: Protosynthesis\n|-start|p1b: Great Tusk|protosynthesisatk\n|turn|4\n|\n|t:|1681674959\n|move|p1a: Arcanine|Protect|p1a: Arcanine\n|-singleturn|p1a: Arcanine|Protect\n|move|p1b: Great Tusk|Earthquake|p2b: Skeledirge|[spread] p2a,p2b\n|-activate|p1a: Arcanine|move: Protect\n|-supereffective|p2a: Torkoal\n|-supereffective|p2b: Skeledirge\n|-crit|p2b: Skeledirge\n|-damage|p2a: Torkoal|16\/100\n|-damage|p2b: Skeledirge|0 fnt\n|faint|p2b: Skeledirge\n|-damage|p1b: Great Tusk|90\/100|[from] item: Life Orb\n|move|p2a: Torkoal|Yawn|p1b: Great Tusk\n|-start|p1b: Great Tusk|move: Yawn|[of] p2a: Torkoal\n|\n|-weather|SunnyDay|[upkeep]\n|-end|p1a: Arcanine|move: Yawn|[silent]\n|-status|p1a: Arcanine|slp\n|upkeep\n|\n|t:|1681674974\n|switch|p2b: Gallade|Gallade, L50, M|100\/100\n|turn|5\n|\n|t:|1681674987\n|move|p1b: Great Tusk|Earthquake|p2a: Torkoal|[spread] p1a,p2a,p2b\n|-supereffective|p1a: Arcanine\n|-supereffective|p2a: Torkoal\n|-damage|p1a: Arcanine|0 fnt\n|-damage|p2a: Torkoal|0 fnt\n|-damage|p2b: Gallade|0 fnt\n|faint|p1a: Arcanine\n|faint|p2a: Torkoal\n|faint|p2b: Gallade\n|-damage|p1b: Great Tusk|80\/100|[from] item: Life Orb\n|\n|-weather|SunnyDay|[upkeep]\n|-end|p1b: Great Tusk|move: Yawn|[silent]\n|-status|p1b: Great Tusk|slp\n|upkeep\n|\n|t:|1681674998\n|switch|p1a: Flutter Mane|Flutter Mane, L50|16\/100\n|switch|p2a: Brute Bonnet|Brute Bonnet, L50|100\/100\n|-activate|p1a: Flutter Mane|ability: Protosynthesis\n|-start|p1a: Flutter Mane|protosynthesisspe\n|-activate|p2a: Brute Bonnet|ability: Protosynthesis\n|-start|p2a: Brute Bonnet|protosynthesisatk\n|turn|6\n|inactive|Sk1tt3n has 30 seconds left.\n|\n|t:|1681675023\n|move|p2a: Brute Bonnet|Sucker Punch||[still]\n|-fail|p2a: Brute Bonnet\n|move|p1a: Flutter Mane|Imprison|p1a: Flutter Mane\n|-start|p1a: Flutter Mane|move: Imprison\n|cant|p1b: Great Tusk|slp\n|\n|-weather|SunnyDay|[upkeep]\n|upkeep\n|turn|7\n|\n|t:|1681675033\n|move|p2a: Brute Bonnet|Sucker Punch|p1a: Flutter Mane\n|-damage|p1a: Flutter Mane|0 fnt\n|faint|p1a: Flutter Mane\n|-end|p1a: Flutter Mane|Protosynthesis|[silent]\n|-curestatus|p1b: Great Tusk|slp|[msg]\n|move|p1b: Great Tusk|Close Combat|p2a: Brute Bonnet\n|-supereffective|p2a: Brute Bonnet\n|-damage|p2a: Brute Bonnet|0 fnt\n|-unboost|p1b: Great Tusk|def|1\n|-unboost|p1b: Great Tusk|spd|1\n|faint|p2a: Brute Bonnet\n|-end|p2a: Brute Bonnet|Protosynthesis|[silent]\n|-damage|p1b: Great Tusk|70\/100|[from] item: Life Orb\n|\n|win|Sk1tt3n\n|raw|Sk1tt3n's rating: 1000 → 1040<\/strong> (+40 for winning)\n|raw|Dracovish5's rating: 1000 → 1000<\/strong> (+0 for losing)\n|l|\u2606Dracovish5\n","uploadtime":1681675067,"views":8,"p1id":"sk1tt3n","p2id":"dracovish5","formatid":"gen9vgc2023regulationc","rating":1000,"private":0,"password":""}