{"id":"gen9vgc2023regulationc-1853257343","p1":"Count Sliggoo","p2":"Escatross","format":"[Gen 9] VGC 2023 Regulation C","log":"|j|\u2606Count Sliggoo\n|j|\u2606Escatross\n|t:|1682656043\n|gametype|doubles\n|player|p1|Count Sliggoo|ruinmaniac-gen3rs|1240\n|player|p2|Escatross|265|1365\n|teamsize|p1|6\n|teamsize|p2|6\n|gen|9\n|tier|[Gen 9] VGC 2023 Regulation C\n|rated|\n|rule|Species Clause: Limit one of each Pok\u00e9mon\n|rule|Item Clause: Limit one of each item\n|clearpoke\n|poke|p1|Gallade, L50, M|\n|poke|p1|Garganacl, L50, M|\n|poke|p1|Flutter Mane, L50|\n|poke|p1|Indeedee-F, L50, F|\n|poke|p1|Armarouge, L50, F|\n|poke|p1|Dondozo, L50, M|\n|poke|p2|Flutter Mane, L50|\n|poke|p2|Iron Hands, L50|\n|poke|p2|Gyarados, L50, M|\n|poke|p2|Wo-Chien, L50|\n|poke|p2|Chi-Yu, L50|\n|poke|p2|Glimmora, L50, M|\n|teampreview|4\n|\n|t:|1682656096\n|start\n|switch|p1a: Elre Olaric|Gallade, L50, M, shiny|100\/100\n|switch|p1b: Loki|Indeedee-F, L50, F, shiny|100\/100\n|switch|p2a: Chi-Yu|Chi-Yu, L50|100\/100\n|switch|p2b: SABRINA|Flutter Mane, L50|100\/100\n|-ability|p2a: Chi-Yu|Beads of Ruin\n|-fieldstart|move: Psychic Terrain|[from] ability: Psychic Surge|[of] p1b: Loki\n|-enditem|p1b: Loki|Psychic Seed\n|-boost|p1b: Loki|spd|1|[from] item: Psychic Seed\n|-enditem|p2b: SABRINA|Booster Energy\n|-activate|p2b: SABRINA|ability: Protosynthesis|[fromitem]\n|-start|p2b: SABRINA|protosynthesisspe\n|turn|1\n|\n|t:|1682656130\n|-terastallize|p1a: Elre Olaric|Steel\n|move|p1b: Loki|Follow Me|p1b: Loki\n|-singleturn|p1b: Loki|move: Follow Me\n|move|p2b: SABRINA|Dazzling Gleam|p1b: Loki|[spread] p1a,p1b\n|-resisted|p1a: Elre Olaric\n|-damage|p1a: Elre Olaric|77\/100\n|-damage|p1b: Loki|75\/100\n|move|p2a: Chi-Yu|Dark Pulse|p1b: Loki\n|-supereffective|p1b: Loki\n|-damage|p1b: Loki|0 fnt\n|faint|p1b: Loki\n|move|p1a: Elre Olaric|Sacred Sword|p2a: Chi-Yu\n|-supereffective|p2a: Chi-Yu\n|-damage|p2a: Chi-Yu|0 fnt\n|faint|p2a: Chi-Yu\n|-damage|p1a: Elre Olaric|68\/100|[from] item: Life Orb\n|\n|upkeep\n|\n|t:|1682656150\n|switch|p2a: Pop|Iron Hands, L50|100\/100\n|switch|p1b: Blub|Dondozo, L50, M|100\/100\n|turn|2\n|\n|t:|1682656171\n|move|p2b: SABRINA|Protect|p2b: SABRINA\n|-singleturn|p2b: SABRINA|Protect\n|move|p1a: Elre Olaric|Protect|p1a: Elre Olaric\n|-singleturn|p1a: Elre Olaric|Protect\n|move|p2a: Pop|Wild Charge|p1b: Blub\n|-supereffective|p1b: Blub\n|-damage|p1b: Blub|34\/100\n|-damage|p2a: Pop|86\/100|[from] Recoil\n|move|p1b: Blub|Heavy Slam|p2b: SABRINA\n|-activate|p2b: SABRINA|move: Protect\n|\n|upkeep\n|turn|3\n|\n|t:|1682656191\n|move|p2b: SABRINA|Substitute|p2b: SABRINA\n|-start|p2b: SABRINA|Substitute\n|-damage|p2b: SABRINA|76\/100\n|move|p1a: Elre Olaric|Psycho Cut|p2a: Pop\n|-supereffective|p2a: Pop\n|-damage|p2a: Pop|0 fnt\n|faint|p2a: Pop\n|-end|p2a: Pop|Quark Drive|[silent]\n|-damage|p1a: Elre Olaric|58\/100|[from] item: Life Orb\n|move|p1b: Blub|Heavy Slam|p2b: SABRINA\n|-supereffective|p2b: SABRINA\n|-end|p2b: SABRINA|Substitute\n|\n|upkeep\n|\n|t:|1682656204\n|switch|p2a: VEGGIE|Wo-Chien, L50|100\/100\n|-ability|p2a: VEGGIE|Tablets of Ruin\n|turn|4\n|\n|t:|1682656233\n|-terastallize|p2a: VEGGIE|Poison\n|move|p2b: SABRINA|Shadow Ball|p1a: Elre Olaric\n|-damage|p1a: Elre Olaric|13\/100\n|move|p1a: Elre Olaric|Sacred Sword|p2a: VEGGIE\n|-resisted|p2a: VEGGIE\n|-damage|p2a: VEGGIE|73\/100\n|-damage|p1a: Elre Olaric|3\/100|[from] item: Life Orb\n|move|p2a: VEGGIE|Pollen Puff|p1a: Elre Olaric\n|-resisted|p1a: Elre Olaric\n|-crit|p1a: Elre Olaric\n|-damage|p1a: Elre Olaric|0 fnt\n|faint|p1a: Elre Olaric\n|move|p1b: Blub|Heavy Slam|p2b: SABRINA\n|-supereffective|p2b: SABRINA\n|-damage|p2b: SABRINA|0 fnt\n|faint|p2b: SABRINA\n|-end|p2b: SABRINA|Protosynthesis|[silent]\n|\n|-heal|p2a: VEGGIE|79\/100|[from] item: Leftovers\n|upkeep\n|\n|t:|1682656250\n|switch|p1a: Baelnorn|Flutter Mane, L50|100\/100\n|-enditem|p1a: Baelnorn|Booster Energy\n|-activate|p1a: Baelnorn|ability: Protosynthesis|[fromitem]\n|-start|p1a: Baelnorn|protosynthesisspa\n|turn|5\n|\n|t:|1682656289\n|move|p1a: Baelnorn|Shadow Ball|p2a: VEGGIE\n|-damage|p2a: VEGGIE|47\/100\n|-unboost|p2a: VEGGIE|spd|1\n|move|p2a: VEGGIE|Leech Seed|p1a: Baelnorn\n|-start|p1a: Baelnorn|move: Leech Seed\n|move|p1b: Blub|Avalanche|p2a: VEGGIE\n|-damage|p2a: VEGGIE|37\/100\n|\n|-heal|p2a: VEGGIE|43\/100|[from] item: Leftovers\n|-damage|p1a: Baelnorn|88\/100|[from] Leech Seed|[of] p2a: VEGGIE\n|-heal|p2a: VEGGIE|54\/100|[silent]\n|-fieldend|move: Psychic Terrain\n|upkeep\n|turn|6\n|\n|t:|1682656306\n|move|p2a: VEGGIE|Protect|p2a: VEGGIE\n|-singleturn|p2a: VEGGIE|Protect\n|move|p1a: Baelnorn|Shadow Ball|p2a: VEGGIE\n|-activate|p2a: VEGGIE|move: Protect\n|move|p1b: Blub|Wave Crash|p2a: VEGGIE\n|-activate|p2a: VEGGIE|move: Protect\n|\n|-heal|p2a: VEGGIE|60\/100|[from] item: Leftovers\n|-damage|p1a: Baelnorn|76\/100|[from] Leech Seed|[of] p2a: VEGGIE\n|-heal|p2a: VEGGIE|70\/100|[silent]\n|upkeep\n|turn|7\n|\n|t:|1682656320\n|move|p1a: Baelnorn|Protect|p1a: Baelnorn\n|-singleturn|p1a: Baelnorn|Protect\n|move|p2a: VEGGIE|Leech Seed|p1b: Blub\n|-start|p1b: Blub|move: Leech Seed\n|move|p1b: Blub|Earthquake|p2a: VEGGIE|[spread] p2a\n|-activate|p1a: Baelnorn|move: Protect\n|-supereffective|p2a: VEGGIE\n|-damage|p2a: VEGGIE|43\/100\n|\n|-heal|p2a: VEGGIE|49\/100|[from] item: Leftovers\n|-damage|p1a: Baelnorn|63\/100|[from] Leech Seed|[of] p2a: VEGGIE\n|-heal|p2a: VEGGIE|60\/100|[silent]\n|-damage|p1b: Blub|21\/100|[from] Leech Seed|[of] p2a: VEGGIE\n|-heal|p2a: VEGGIE|74\/100|[silent]\n|upkeep\n|turn|8\n|\n|t:|1682656337\n|move|p2a: VEGGIE|Protect|p2a: VEGGIE\n|-singleturn|p2a: VEGGIE|Protect\n|move|p1a: Baelnorn|Calm Mind|p1a: Baelnorn\n|-boost|p1a: Baelnorn|spa|1\n|-boost|p1a: Baelnorn|spd|1\n|move|p1b: Blub|Wave Crash|p2a: VEGGIE\n|-activate|p2a: VEGGIE|move: Protect\n|\n|-heal|p2a: VEGGIE|81\/100|[from] item: Leftovers\n|-damage|p1a: Baelnorn|51\/100|[from] Leech Seed|[of] p2a: VEGGIE\n|-heal|p2a: VEGGIE|91\/100|[silent]\n|-damage|p1b: Blub|9\/100|[from] Leech Seed|[of] p2a: VEGGIE\n|-heal|p2a: VEGGIE|100\/100|[silent]\n|upkeep\n|turn|9\n|\n|t:|1682656353\n|move|p1a: Baelnorn|Shadow Ball|p2a: VEGGIE\n|-damage|p2a: VEGGIE|25\/100\n|-unboost|p2a: VEGGIE|spd|1\n|move|p2a: VEGGIE|Substitute|p2a: VEGGIE\n|-fail|p2a: VEGGIE|move: Substitute|[weak]\n|move|p1b: Blub|Wave Crash|p2a: VEGGIE\n|-damage|p2a: VEGGIE|0 fnt\n|faint|p2a: VEGGIE\n|-damage|p1b: Blub|2\/100|[from] Recoil\n|\n|win|Count Sliggoo\n|raw|Count Sliggoo's rating: 1240 → 1274<\/strong> (+34 for winning)\n|raw|Escatross's rating: 1365 → 1338<\/strong> (-27 for losing)\n|l|\u2606Escatross\n","uploadtime":1682656392,"views":8,"p1id":"countsliggoo","p2id":"escatross","formatid":"gen9vgc2023regulationc","rating":1274,"private":0,"password":""}