{"id":"gen9vgc2023regulationc-1856652651","p1":"myselfkula","p2":"NinjaStyle","format":"[Gen 9] VGC 2023 Regulation C","log":"|j|\u2606myselfkula\n|j|\u2606NinjaStyle\n|t:|1683088462\n|gametype|doubles\n|player|p1|myselfkula|102|1241\n|player|p2|NinjaStyle|drayden|1349\n|teamsize|p1|6\n|teamsize|p2|6\n|gen|9\n|tier|[Gen 9] VGC 2023 Regulation C\n|rated|\n|rule|Species Clause: Limit one of each Pok\u00e9mon\n|rule|Item Clause: Limit one of each item\n|clearpoke\n|poke|p1|Annihilape, L50, M|\n|poke|p1|Iron Bundle, L50|\n|poke|p1|Flutter Mane, L50|\n|poke|p1|Maushold-Four, L50|\n|poke|p1|Torkoal, L50, F|\n|poke|p1|Dragonite, L50, F|\n|poke|p2|Flutter Mane, L50|\n|poke|p2|Chien-Pao, L50|\n|poke|p2|Farigiraf, L50, M|\n|poke|p2|Amoonguss, L50, F|\n|poke|p2|Azumarill, L50, M|\n|poke|p2|Baxcalibur, L50, M|\n|teampreview|4\n|inactive|Battle timer is ON: inactive players will automatically lose when time's up. (requested by NinjaStyle)\n|inactive|myselfkula has 60 seconds left.\n|inactive|myselfkula has 30 seconds left.\n|inactive|myselfkula has 20 seconds left.\n|inactive|myselfkula has 15 seconds left.\n|inactive|myselfkula has 10 seconds left.\n|\n|t:|1683088545\n|start\n|switch|p1a: Annihilape|Annihilape, L50, M|100\/100\n|switch|p1b: Maushold|Maushold-Four, L50|100\/100\n|switch|p2a: Farigiraf|Farigiraf, L50, M|100\/100\n|switch|p2b: Flutter Mane|Flutter Mane, L50|100\/100\n|turn|1\n|inactive|myselfkula has 30 seconds left.\n|\n|t:|1683088578\n|-terastallize|p1a: Annihilape|Fire\n|move|p2b: Flutter Mane|Protect|p2b: Flutter Mane\n|-singleturn|p2b: Flutter Mane|Protect\n|move|p1b: Maushold|Beat Up|p1a: Annihilape\n|-damage|p1a: Annihilape|99\/100\n|-damage|p1a: Annihilape|97\/100\n|-damage|p1a: Annihilape|95\/100\n|-damage|p1a: Annihilape|93\/100\n|-hitcount|p1a: Annihilape|4\n|move|p1a: Annihilape|Rage Fist|p2b: Flutter Mane\n|-activate|p2b: Flutter Mane|move: Protect\n|move|p2a: Farigiraf|Calm Mind|p2a: Farigiraf\n|-boost|p2a: Farigiraf|spa|1\n|-boost|p2a: Farigiraf|spd|1\n|\n|-heal|p1a: Annihilape|99\/100|[from] item: Leftovers\n|upkeep\n|turn|2\n|inactive|myselfkula has 30 seconds left.\n|\n|t:|1683088603\n|move|p1b: Maushold|Follow Me|p1b: Maushold\n|-singleturn|p1b: Maushold|move: Follow Me\n|move|p2b: Flutter Mane|Substitute|p2b: Flutter Mane\n|-start|p2b: Flutter Mane|Substitute\n|-damage|p2b: Flutter Mane|76\/100\n|move|p1a: Annihilape|Rage Fist|p2b: Flutter Mane\n|-supereffective|p2b: Flutter Mane\n|-end|p2b: Flutter Mane|Substitute\n|move|p2a: Farigiraf|Hyper Voice|p1b: Maushold|[spread] p1a,p1b\n|-damage|p1a: Annihilape|73\/100\n|-damage|p1b: Maushold|56\/100\n|-enditem|p2a: Farigiraf|Throat Spray\n|-boost|p2a: Farigiraf|spa|1|[from] item: Throat Spray\n|\n|-heal|p1a: Annihilape|79\/100|[from] item: Leftovers\n|upkeep\n|turn|3\n|inactive|myselfkula has 30 seconds left.\n|\n|t:|1683088635\n|-end|p2b: Flutter Mane|Protosynthesis|[silent]\n|switch|p2b: Azumarill|Azumarill, L50, M|100\/100\n|move|p1b: Maushold|Beat Up|p2b: Azumarill\n|-resisted|p2b: Azumarill\n|-damage|p2b: Azumarill|99\/100\n|-resisted|p2b: Azumarill\n|-damage|p2b: Azumarill|98\/100\n|-resisted|p2b: Azumarill\n|-damage|p2b: Azumarill|97\/100\n|-resisted|p2b: Azumarill\n|-damage|p2b: Azumarill|96\/100\n|-hitcount|p2b: Azumarill|4\n|move|p1a: Annihilape|Drain Punch|p2a: Farigiraf\n|-damage|p2a: Farigiraf|67\/100\n|-heal|p1a: Annihilape|97\/100|[from] drain|[of] p2a: Farigiraf\n|move|p2a: Farigiraf|Trick Room|p2a: Farigiraf\n|-fieldstart|move: Trick Room|[of] p2a: Farigiraf\n|\n|-heal|p1a: Annihilape|100\/100|[from] item: Leftovers\n|upkeep\n|turn|4\n|\n|t:|1683088659\n|move|p1b: Maushold|Follow Me|p1b: Maushold\n|-singleturn|p1b: Maushold|move: Follow Me\n|move|p2b: Azumarill|Liquidation|p1b: Maushold\n|-damage|p1b: Maushold|0 fnt\n|faint|p1b: Maushold\n|move|p2a: Farigiraf|Hyper Voice|p1a: Annihilape\n|-crit|p1a: Annihilape\n|-damage|p1a: Annihilape|17\/100\n|move|p1a: Annihilape|Rage Fist|p2b: Azumarill\n|-damage|p2b: Azumarill|0 fnt\n|faint|p2b: Azumarill\n|\n|-heal|p1a: Annihilape|23\/100|[from] item: Leftovers\n|upkeep\n|\n|t:|1683088672\n|switch|p2b: Flutter Mane|Flutter Mane, L50|76\/100\n|switch|p1b: Torkoal|Torkoal, L50, F|100\/100\n|-weather|SunnyDay|[from] ability: Drought|[of] p1b: Torkoal\n|-activate|p2b: Flutter Mane|ability: Protosynthesis\n|-start|p2b: Flutter Mane|protosynthesisspa\n|turn|5\n|\n|t:|1683088696\n|move|p1a: Annihilape|Protect|p1a: Annihilape\n|-singleturn|p1a: Annihilape|Protect\n|move|p2b: Flutter Mane|Protect|p2b: Flutter Mane\n|-singleturn|p2b: Flutter Mane|Protect\n|move|p1b: Torkoal|Eruption|p2a: Farigiraf|[spread] p2a\n|-activate|p2b: Flutter Mane|move: Protect\n|-damage|p2a: Farigiraf|13\/100\n|move|p2a: Farigiraf|Hyper Voice|p1a: Annihilape|[spread] p1b\n|-activate|p1a: Annihilape|move: Protect\n|-damage|p1b: Torkoal|19\/100\n|\n|-weather|SunnyDay|[upkeep]\n|-heal|p1a: Annihilape|29\/100|[from] item: Leftovers\n|upkeep\n|turn|6\n|inactive|myselfkula has 30 seconds left.\n|inactive|NinjaStyle has 30 seconds left.\n|\n|t:|1683088729\n|move|p1b: Torkoal|Earth Power|p2a: Farigiraf\n|-crit|p2a: Farigiraf\n|-damage|p2a: Farigiraf|0 fnt\n|faint|p2a: Farigiraf\n|move|p1a: Annihilape|Rage Fist|p2b: Flutter Mane\n|-supereffective|p2b: Flutter Mane\n|-damage|p2b: Flutter Mane|0 fnt\n|faint|p2b: Flutter Mane\n|-end|p2b: Flutter Mane|Protosynthesis|[silent]\n|\n|-weather|SunnyDay|[upkeep]\n|-heal|p1a: Annihilape|35\/100|[from] item: Leftovers\n|upkeep\n|-message|NinjaStyle forfeited.\n|\n|win|myselfkula\n|raw|myselfkula's rating: 1241 → 1274<\/strong> (+33 for winning)\n|raw|NinjaStyle's rating: 1349 → 1323<\/strong> (-26 for losing)\n|l|\u2606NinjaStyle\n","uploadtime":1683088740,"views":12,"p1id":"myselfkula","p2id":"ninjastyle","formatid":"gen9vgc2023regulationc","rating":1274,"private":0,"password":""}