{"id":"gen9vgc2023regulationc-1851900170","p1":"AbsoluteChaos89","p2":"TripleRuinUser","format":"[Gen 9] VGC 2023 Regulation C","log":"|j|\u2606AbsoluteChaos89\n|j|\u2606TripleRuinUser\n|t:|1682502942\n|gametype|doubles\n|player|p1|AbsoluteChaos89|169|1078\n|player|p2|TripleRuinUser|169|1000\n|teamsize|p1|6\n|teamsize|p2|6\n|gen|9\n|tier|[Gen 9] VGC 2023 Regulation C\n|rated|\n|rule|Species Clause: Limit one of each Pok\u00e9mon\n|rule|Item Clause: Limit one of each item\n|clearpoke\n|poke|p1|Orthworm, L50, M|\n|poke|p1|Torkoal, L50, F|\n|poke|p1|Ceruledge, L50, M|\n|poke|p1|Great Tusk, L50|\n|poke|p1|Maushold-Four, L50|\n|poke|p1|Chien-Pao, L50|\n|poke|p2|Wo-Chien, L50|\n|poke|p2|Glimmora, L50, F|\n|poke|p2|Chi-Yu, L50|\n|poke|p2|Flutter Mane, L50|\n|poke|p2|Ting-Lu, L50|\n|poke|p2|Gyarados, L50, M|\n|teampreview|4\n|\n|t:|1682502986\n|start\n|switch|p1a: Ceruledge|Ceruledge, L50, M|100\/100\n|switch|p1b: Maushold|Maushold-Four, L50|100\/100\n|switch|p2a: Gyarados|Gyarados, L50, M|100\/100\n|switch|p2b: Glimmora|Glimmora, L50, F|100\/100\n|-ability|p2a: Gyarados|Intimidate|boost\n|-unboost|p1a: Ceruledge|atk|1\n|-unboost|p1b: Maushold|atk|1\n|turn|1\n|\n|t:|1682503015\n|move|p1b: Maushold|U-turn|p2a: Gyarados\n|-resisted|p2a: Gyarados\n|-damage|p2a: Gyarados|98\/100\n|\n|t:|1682503019\n|switch|p1b: Orthworm|Orthworm, L50, M|100\/100|[from] U-turn\n|move|p1a: Ceruledge|Phantom Force||[still]\n|-prepare|p1a: Ceruledge|Phantom Force\n|move|p2b: Glimmora|Power Gem|p1a: Ceruledge|[miss]\n|-miss|p2b: Glimmora|p1a: Ceruledge\n|move|p2a: Gyarados|Taunt|p1b: Orthworm\n|-start|p1b: Orthworm|move: Taunt\n|\n|upkeep\n|turn|2\n|\n|t:|1682503065\n|move|p1a: Ceruledge|Phantom Force|p2a: Gyarados|[from]lockedmove\n|-damage|p2a: Gyarados|66\/100\n|move|p2b: Glimmora|Power Gem|p1a: Ceruledge\n|-supereffective|p1a: Ceruledge\n|-damage|p1a: Ceruledge|4\/100\n|-enditem|p1a: Ceruledge|Weakness Policy\n|-boost|p1a: Ceruledge|atk|2|[from] item: Weakness Policy\n|-boost|p1a: Ceruledge|spa|2|[from] item: Weakness Policy\n|move|p2a: Gyarados|Waterfall|p1a: Ceruledge\n|-supereffective|p1a: Ceruledge\n|-damage|p1a: Ceruledge|0 fnt\n|faint|p1a: Ceruledge\n|move|p1b: Orthworm|Body Press|p2b: Glimmora\n|-damage|p2b: Glimmora|67\/100\n|-activate|p2b: Glimmora|ability: Toxic Debris\n|-sidestart|p1: AbsoluteChaos89|move: Toxic Spikes\n|\n|upkeep\n|\n|t:|1682503087\n|switch|p1a: Great Tusk|Great Tusk, L50|100\/100\n|-status|p1a: Great Tusk|psn\n|turn|3\n|\n|t:|1682503107\n|-terastallize|p2b: Glimmora|Grass\n|move|p2b: Glimmora|Energy Ball|p1a: Great Tusk\n|-supereffective|p1a: Great Tusk\n|-crit|p1a: Great Tusk\n|-damage|p1a: Great Tusk|0 fnt\n|faint|p1a: Great Tusk\n|-end|p1a: Great Tusk|Protosynthesis|[silent]\n|move|p2a: Gyarados|Waterfall|p1b: Orthworm\n|-damage|p1b: Orthworm|80\/100\n|move|p1b: Orthworm|Body Press|p2b: Glimmora\n|-damage|p2b: Glimmora|33\/100\n|-activate|p2b: Glimmora|ability: Toxic Debris\n|-sidestart|p1: AbsoluteChaos89|move: Toxic Spikes\n|\n|-end|p1b: Orthworm|move: Taunt\n|upkeep\n|\n|t:|1682503123\n|switch|p1a: Maushold|Maushold-Four, L50|100\/100\n|-status|p1a: Maushold|tox\n|turn|4\n|\n|t:|1682503146\n|switch|p2b: Flutter Mane|Flutter Mane, L50|100\/100\n|move|p1a: Maushold|Taunt|p2a: Gyarados\n|-start|p2a: Gyarados|move: Taunt\n|cant|p2a: Gyarados|move: Taunt|Taunt\n|move|p1b: Orthworm|Metal Burst||[still]\n|-fail|p1b: Orthworm\n|\n|-damage|p1a: Maushold|94\/100 tox|[from] psn\n|upkeep\n|turn|5\n|\n|t:|1682503176\n|move|p1a: Maushold|Protect|p1a: Maushold\n|-singleturn|p1a: Maushold|Protect\n|move|p2b: Flutter Mane|Thunderbolt|p1a: Maushold\n|-activate|p1a: Maushold|move: Protect\n|move|p2a: Gyarados|Icy Wind|p1b: Orthworm|[spread] p1b\n|-activate|p1a: Maushold|move: Protect\n|-resisted|p1b: Orthworm\n|-damage|p1b: Orthworm|76\/100\n|-unboost|p1b: Orthworm|spe|1\n|move|p1b: Orthworm|Metal Burst|p2a: Gyarados\n|-damage|p2a: Gyarados|62\/100\n|\n|-heal|p1a: Maushold|100\/100 tox|[from] item: Leftovers\n|-damage|p1a: Maushold|88\/100 tox|[from] psn\n|upkeep\n|turn|6\n|\n|t:|1682503210\n|-terastallize|p1b: Orthworm|Electric\n|move|p2b: Flutter Mane|Thunderbolt|p1a: Maushold\n|-damage|p1a: Maushold|27\/100 tox\n|move|p1a: Maushold|U-turn|p2a: Gyarados\n|-resisted|p2a: Gyarados\n|-damage|p2a: Gyarados|57\/100\n|move|p2a: Gyarados|Icy Wind|p1a: Maushold|[spread] p1a,p1b\n|-damage|p1a: Maushold|20\/100 tox\n|-damage|p1b: Orthworm|67\/100\n|-unboost|p1a: Maushold|spe|1\n|-unboost|p1b: Orthworm|spe|1\n|move|p1b: Orthworm|Metal Burst|p2a: Gyarados\n|-damage|p2a: Gyarados|46\/100\n|-enditem|p2a: Gyarados|Sitrus Berry|[eat]\n|-heal|p2a: Gyarados|70\/100|[from] item: Sitrus Berry\n|\n|-heal|p1a: Maushold|26\/100 tox|[from] item: Leftovers\n|-damage|p1a: Maushold|7\/100 tox|[from] psn\n|-end|p2a: Gyarados|move: Taunt\n|upkeep\n|turn|7\n|\n|t:|1682503265\n|switch|p2a: Chi-Yu|Chi-Yu, L50|100\/100\n|-ability|p2a: Chi-Yu|Beads of Ruin\n|move|p2b: Flutter Mane|Thunderbolt|p1a: Maushold\n|-damage|p1a: Maushold|0 fnt\n|faint|p1a: Maushold\n|move|p1b: Orthworm|Metal Burst||[still]\n|-fail|p1b: Orthworm\n|\n|upkeep\n|turn|8\n|\n|t:|1682503284\n|-end|p2b: Flutter Mane|Protosynthesis|[silent]\n|switch|p2b: Gyarados|Gyarados, L50, M|70\/100\n|-ability|p2b: Gyarados|Intimidate|boost\n|-unboost|p1b: Orthworm|atk|1\n|move|p1b: Orthworm|Protect|p1b: Orthworm\n|-singleturn|p1b: Orthworm|Protect\n|move|p2a: Chi-Yu|Heat Wave|p1b: Orthworm\n|-activate|p1b: Orthworm|move: Protect\n|\n|upkeep\n|turn|9\n|\n|t:|1682503311\n|move|p2a: Chi-Yu|Dark Pulse|p1b: Orthworm\n|-damage|p1b: Orthworm|0 fnt\n|faint|p1b: Orthworm\n|-damage|p2a: Chi-Yu|91\/100|[from] item: Life Orb\n|\n|win|TripleRuinUser\n|raw|AbsoluteChaos89's rating: 1078 → 1052<\/strong> (-26 for losing)\n|raw|TripleRuinUser's rating: 1000 → 1049<\/strong> (+49 for winning)\n|l|\u2606AbsoluteChaos89\n","uploadtime":1682503324,"views":9,"p1id":"absolutechaos89","p2id":"tripleruinuser","formatid":"gen9vgc2023regulationc","rating":1049,"private":0,"password":""}