{"id":"gen9vgc2023regulationc-1863817178","p1":"grz2112","p2":"Drugchemist","format":"[Gen 9] VGC 2023 Regulation C","log":"|j|\u2606grz2112\n|j|\u2606Drugchemist\n|t:|1684081348\n|gametype|doubles\n|player|p1|grz2112|169|1049\n|player|p2|Drugchemist|bugsy|1000\n|teamsize|p1|6\n|teamsize|p2|6\n|gen|9\n|tier|[Gen 9] VGC 2023 Regulation C\n|rated|\n|rule|Species Clause: Limit one of each Pok\u00e9mon\n|rule|Item Clause: Limit one of each item\n|clearpoke\n|poke|p1|Dragonite, L50, F|\n|poke|p1|Flutter Mane, L50|\n|poke|p1|Wo-Chien, L50|\n|poke|p1|Iron Bundle, L50|\n|poke|p1|Spiritomb, L50, M|\n|poke|p1|Slither Wing, L50|\n|poke|p2|Chien-Pao, L50|\n|poke|p2|Dragonite, L50, F|\n|poke|p2|Flutter Mane, L50|\n|poke|p2|Torkoal, L50, M|\n|poke|p2|Great Tusk, L50|\n|poke|p2|Leafeon, L50, F|\n|teampreview|4\n|n|\u2606Drugchemist|drugchemist\n|inactive|Battle timer is ON: inactive players will automatically lose when time's up. (requested by grz2112)\n|\n|t:|1684081391\n|start\n|switch|p1a: Slither Wing|Slither Wing, L50|100\/100\n|switch|p1b: Dragonite|Dragonite, L50, F|100\/100\n|switch|p2a: Torkoal|Torkoal, L50, M|100\/100\n|switch|p2b: Leafeon|Leafeon, L50, F|100\/100\n|-weather|SunnyDay|[from] ability: Drought|[of] p2a: Torkoal\n|-activate|p1a: Slither Wing|ability: Protosynthesis\n|-start|p1a: Slither Wing|protosynthesisatk\n|turn|1\n|inactive|grz2112 has 30 seconds left.\n|\n|t:|1684081419\n|-terastallize|p2b: Leafeon|Fire\n|move|p2b: Leafeon|Tera Blast|p1a: Slither Wing\n|-supereffective|p1a: Slither Wing\n|-damage|p1a: Slither Wing|0 fnt\n|faint|p1a: Slither Wing\n|-end|p1a: Slither Wing|Protosynthesis|[silent]\n|-damage|p2b: Leafeon|91\/100|[from] item: Life Orb\n|move|p1b: Dragonite|Tailwind|p1b: Dragonite\n|-sidestart|p1: grz2112|move: Tailwind\n|move|p2a: Torkoal|Yawn|p1b: Dragonite\n|-start|p1b: Dragonite|move: Yawn|[of] p2a: Torkoal\n|\n|-weather|SunnyDay|[upkeep]\n|upkeep\n|\n|t:|1684081425\n|switch|p1a: Spiritomb|Spiritomb, L50, M|100\/100\n|turn|2\n|\n|t:|1684081438\n|switch|p1b: Flutter Mane|Flutter Mane, L50|100\/100\n|-activate|p1b: Flutter Mane|ability: Protosynthesis\n|-start|p1b: Flutter Mane|protosynthesisspe\n|move|p1a: Spiritomb|Protect|p1a: Spiritomb\n|-singleturn|p1a: Spiritomb|Protect\n|move|p2b: Leafeon|Leaf Blade|p1a: Spiritomb\n|-activate|p1a: Spiritomb|move: Protect\n|move|p2a: Torkoal|Overheat|p1a: Spiritomb\n|-activate|p1a: Spiritomb|move: Protect\n|\n|-weather|SunnyDay|[upkeep]\n|upkeep\n|turn|3\n|inactive|Drugchemist has 30 seconds left.\n|\n|t:|1684081465\n|-terastallize|p1b: Flutter Mane|Fairy\n|move|p1a: Spiritomb|Helping Hand|p1b: Flutter Mane\n|-singleturn|p1b: Flutter Mane|Helping Hand|[of] p1a: Spiritomb\n|move|p2b: Leafeon|Protect|p2b: Leafeon\n|-singleturn|p2b: Leafeon|Protect\n|move|p1b: Flutter Mane|Moonblast|p2b: Leafeon\n|-activate|p2b: Leafeon|move: Protect\n|move|p2a: Torkoal|Overheat|p1b: Flutter Mane\n|-damage|p1b: Flutter Mane|31\/100\n|-unboost|p2a: Torkoal|spa|2\n|-enditem|p2a: Torkoal|Eject Pack\n|\n|t:|1684081479\n|switch|p2a: Flutter Mane|Flutter Mane, L50|100\/100\n|-activate|p2a: Flutter Mane|ability: Protosynthesis\n|-start|p2a: Flutter Mane|protosynthesisspe\n|\n|-weather|SunnyDay|[upkeep]\n|upkeep\n|turn|4\n|\n|t:|1684081486\n|move|p2b: Leafeon|Quick Attack|p1b: Flutter Mane\n|-damage|p1b: Flutter Mane|0 fnt\n|faint|p1b: Flutter Mane\n|-end|p1b: Flutter Mane|Protosynthesis|[silent]\n|-damage|p2b: Leafeon|81\/100|[from] item: Life Orb\n|move|p2a: Flutter Mane|Moonblast|p1a: Spiritomb\n|-supereffective|p1a: Spiritomb\n|-crit|p1a: Spiritomb\n|-damage|p1a: Spiritomb|0 fnt\n|faint|p1a: Spiritomb\n|\n|-weather|SunnyDay|[upkeep]\n|-sideend|p1: grz2112|move: Tailwind\n|upkeep\n|\n|t:|1684081491\n|switch|p1a: Dragonite|Dragonite, L50, F|100\/100\n|turn|5\n|\n|t:|1684081498\n|move|p2b: Leafeon|Quick Attack|p1a: Dragonite\n|-damage|p1a: Dragonite|92\/100\n|-damage|p2b: Leafeon|71\/100|[from] item: Life Orb\n|move|p2a: Flutter Mane|Moonblast|p1a: Dragonite\n|-supereffective|p1a: Dragonite\n|-damage|p1a: Dragonite|0 fnt\n|faint|p1a: Dragonite\n|\n|win|Drugchemist\n|raw|grz2112's rating: 1049 → 1029<\/strong> (-20 for losing)\n|raw|Drugchemist's rating: 1000 → 1046<\/strong> (+46 for winning)\n|c|\u2606grz2112|gg\n|l|\u2606grz2112\n","uploadtime":1684081512,"views":10,"p1id":"grz2112","p2id":"drugchemist","formatid":"gen9vgc2023regulationc","rating":1029,"private":0,"password":""}