{"id":"gen9vgc2023regulationc-1855730467","p1":"Marinza","p2":"Nehzzy","format":"[Gen 9] VGC 2023 Regulation C","log":"|j|\u2606Marinza\n|j|\u2606Nehzzy\n|t:|1682977668\n|gametype|doubles\n|player|p1|Marinza|266|1248\n|player|p2|Nehzzy|steven|1303\n|teamsize|p1|6\n|teamsize|p2|6\n|gen|9\n|tier|[Gen 9] VGC 2023 Regulation C\n|rated|\n|rule|Species Clause: Limit one of each Pok\u00e9mon\n|rule|Item Clause: Limit one of each item\n|clearpoke\n|poke|p1|Baxcalibur, L50, M|\n|poke|p1|Palafin, L50, F|\n|poke|p1|Arcanine, L50, M|\n|poke|p1|Flutter Mane, L50|\n|poke|p1|Ting-Lu, L50|\n|poke|p1|Amoonguss, L50, F|\n|poke|p2|Orthworm, L50, M|\n|poke|p2|Garchomp, L50, F|\n|poke|p2|Talonflame, L50, F|\n|poke|p2|Amoonguss, L50, F|\n|poke|p2|Gholdengo, L50|\n|poke|p2|Gyarados, L50, M|\n|teampreview|4\nNehzzy has agreed to open team sheets.\n|inactive|Battle timer is ON: inactive players will automatically lose when time's up. (requested by Marinza)\n|\n|t:|1682977699\n|start\n|switch|p1a: Ting-Lu|Ting-Lu, L50|100\/100\n|switch|p1b: Palafin|Palafin, L50, F|100\/100\n|switch|p2a: Gyarados|Gyarados, L50, M, shiny|100\/100\n|switch|p2b: Garchomp|Garchomp, L50, F, shiny|100\/100\n|-ability|p2a: Gyarados|Intimidate|boost\n|-unboost|p1a: Ting-Lu|atk|1\n|-unboost|p1b: Palafin|atk|1\n|-ability|p1a: Ting-Lu|Vessel of Ruin\n|turn|1\n|\n|t:|1682977711\n|detailschange|p1b: Palafin|Palafin-Hero, L50, F\n|switch|p1b: Arcanine|Arcanine, L50, M|100\/100\n|-ability|p1b: Arcanine|Intimidate|boost\n|-unboost|p2a: Gyarados|atk|1\n|-fail|p2b: Garchomp|unboost|[from] item: Clear Amulet|[of] p2b: Garchomp\n|move|p2b: Garchomp|Swords Dance|p2b: Garchomp\n|-boost|p2b: Garchomp|atk|2\n|move|p2a: Gyarados|Waterfall|p1a: Ting-Lu\n|-supereffective|p1a: Ting-Lu\n|-damage|p1a: Ting-Lu|75\/100\n|move|p1a: Ting-Lu|Ruination|p2b: Garchomp\n|-damage|p2b: Garchomp|50\/100\n|\n|upkeep\n|turn|2\n|\n|t:|1682977733\n|switch|p2a: Amoonguss|Amoonguss, L50, F, shiny|100\/100\n|-terastallize|p1b: Arcanine|Grass\n|move|p2b: Garchomp|Protect|p2b: Garchomp\n|-singleturn|p2b: Garchomp|Protect\n|move|p1b: Arcanine|Will-O-Wisp|p2b: Garchomp\n|-activate|p2b: Garchomp|move: Protect\n|move|p1a: Ting-Lu|Ruination|p2a: Amoonguss\n|-damage|p2a: Amoonguss|51\/100\n|\n|upkeep\n|turn|3\n|inactive|Nehzzy has 30 seconds left.\n|\n|t:|1682977767\n|-terastallize|p2b: Garchomp|Fire\n|move|p2b: Garchomp|Rock Slide|p1a: Ting-Lu|[spread] p1a\n|-miss|p2b: Garchomp|p1b: Arcanine\n|-resisted|p1a: Ting-Lu\n|-damage|p1a: Ting-Lu|66\/100\n|move|p1b: Arcanine|Will-O-Wisp|p2b: Garchomp\n|-immune|p2b: Garchomp\n|cant|p1a: Ting-Lu|flinch\n|move|p2a: Amoonguss|Pollen Puff|p2b: Garchomp\n|-heal|p2b: Garchomp|100\/100\n|\n|upkeep\n|turn|4\n|\n|t:|1682977783\n|move|p2b: Garchomp|Protect|p2b: Garchomp\n|-singleturn|p2b: Garchomp|Protect\n|move|p1b: Arcanine|Flare Blitz|p2a: Amoonguss\n|-supereffective|p2a: Amoonguss\n|-damage|p2a: Amoonguss|0 fnt\n|-damage|p1b: Arcanine|84\/100|[from] item: Rocky Helmet|[of] p2a: Amoonguss\n|faint|p2a: Amoonguss\n|-damage|p1b: Arcanine|63\/100|[from] Recoil\n|move|p1a: Ting-Lu|Ruination|p2b: Garchomp\n|-activate|p2b: Garchomp|move: Protect\n|\n|upkeep\n|\n|t:|1682977790\n|switch|p2a: Orthworm|Orthworm, L50, M, shiny|100\/100\n|turn|5\n|\n|t:|1682977801\n|switch|p2a: Gyarados|Gyarados, L50, M, shiny|100\/100\n|-ability|p2a: Gyarados|Intimidate|boost\n|-unboost|p1a: Ting-Lu|atk|1\n|-unboost|p1b: Arcanine|atk|1\n|move|p2b: Garchomp|Rock Slide|p1a: Ting-Lu|[spread] p1b\n|-miss|p2b: Garchomp|p1a: Ting-Lu\n|-damage|p1b: Arcanine|24\/100\n|-enditem|p1b: Arcanine|Figy Berry|[eat]\n|-heal|p1b: Arcanine|57\/100|[from] item: Figy Berry\n|move|p1b: Arcanine|Flare Blitz|p2a: Gyarados\n|-resisted|p2a: Gyarados\n|-damage|p2a: Gyarados|88\/100\n|-damage|p1b: Arcanine|52\/100|[from] Recoil\n|move|p1a: Ting-Lu|Ruination|p2b: Garchomp\n|-damage|p2b: Garchomp|50\/100\n|\n|upkeep\n|turn|6\n|inactive|Marinza has 30 seconds left.\n|\n|t:|1682977831\n|move|p2b: Garchomp|Earthquake|p1a: Ting-Lu|[spread] p1a,p1b\n|-immune|p2a: Gyarados\n|-resisted|p1b: Arcanine\n|-damage|p1a: Ting-Lu|28\/100\n|-damage|p1b: Arcanine|15\/100\n|move|p1b: Arcanine|Will-O-Wisp|p2a: Gyarados|[miss]\n|-miss|p1b: Arcanine|p2a: Gyarados\n|move|p2a: Gyarados|Waterfall|p1a: Ting-Lu\n|-supereffective|p1a: Ting-Lu\n|-damage|p1a: Ting-Lu|0 fnt\n|faint|p1a: Ting-Lu\n|\n|upkeep\n|\n|t:|1682977846\n|switch|p1a: Palafin|Palafin-Hero, L50, F|100\/100\n|-activate|p1a: Palafin|ability: Zero to Hero\n|turn|7\n|\n|t:|1682977854\n|move|p2b: Garchomp|Protect|p2b: Garchomp\n|-singleturn|p2b: Garchomp|Protect\n|move|p1a: Palafin|Jet Punch|p2b: Garchomp\n|-activate|p2b: Garchomp|move: Protect\n|move|p1b: Arcanine|Will-O-Wisp|p2a: Gyarados\n|-status|p2a: Gyarados|brn\n|move|p2a: Gyarados|Thunder Wave|p1a: Palafin\n|-status|p1a: Palafin|par\n|\n|-damage|p2a: Gyarados|82\/100 brn|[from] brn\n|upkeep\n|turn|8\n|inactive|Nehzzy has 30 seconds left.\n|inactive|Nehzzy has 20 seconds left.\n|\n|t:|1682977891\n|switch|p1b: Amoonguss|Amoonguss, L50, F|100\/100\n|cant|p1a: Palafin|par\n|move|p2b: Garchomp|Earthquake|p1b: Amoonguss|[spread] p1a,p1b\n|-immune|p2a: Gyarados\n|-damage|p1a: Palafin|32\/100 par\n|-damage|p1b: Amoonguss|43\/100\n|-enditem|p1b: Amoonguss|Sitrus Berry|[eat]\n|-heal|p1b: Amoonguss|68\/100|[from] item: Sitrus Berry\n|move|p2a: Gyarados|Waterfall|p1a: Palafin\n|-resisted|p1a: Palafin\n|-damage|p1a: Palafin|23\/100 par\n|\n|-damage|p2a: Gyarados|76\/100 brn|[from] brn\n|upkeep\n|turn|9\n|inactive|Marinza has 30 seconds left.\n|inactive|Nehzzy has 30 seconds left.\n|\n|t:|1682977928\n|move|p1a: Palafin|Jet Punch|p2b: Garchomp\n|-supereffective|p2b: Garchomp\n|-damage|p2b: Garchomp|0 fnt\n|-damage|p1a: Palafin|11\/100 par|[from] ability: Rough Skin|[of] p2b: Garchomp\n|faint|p2b: Garchomp\n|move|p2a: Gyarados|Waterfall|p1a: Palafin\n|-resisted|p1a: Palafin\n|-damage|p1a: Palafin|3\/100 par\n|move|p1b: Amoonguss|Pollen Puff|p1a: Palafin\n|-heal|p1a: Palafin|53\/100 par\n|\n|-damage|p2a: Gyarados|70\/100 brn|[from] brn\n|upkeep\n|\n|t:|1682977946\n|switch|p2b: Orthworm|Orthworm, L50, M, shiny|100\/100\n|turn|10\n|\n|t:|1682977969\n|move|p1a: Palafin|Jet Punch|p2a: Gyarados\n|-resisted|p2a: Gyarados\n|-damage|p2a: Gyarados|50\/100 brn\n|move|p2a: Gyarados|Thunder Wave|p1b: Amoonguss\n|-status|p1b: Amoonguss|par\n|move|p2b: Orthworm|Iron Defense|p2b: Orthworm\n|-boost|p2b: Orthworm|def|2\n|move|p1b: Amoonguss|Pollen Puff|p1a: Palafin\n|-heal|p1a: Palafin|100\/100 par\n|\n|-damage|p2a: Gyarados|44\/100 brn|[from] brn\n|upkeep\n|turn|11\n|\n|t:|1682977985\n|move|p2a: Gyarados|Taunt|p1b: Amoonguss\n|-start|p1b: Amoonguss|move: Taunt\n|move|p2b: Orthworm|Iron Defense|p2b: Orthworm\n|-boost|p2b: Orthworm|def|2\n|move|p1a: Palafin|Wave Crash|p2a: Gyarados\n|-resisted|p2a: Gyarados\n|-damage|p2a: Gyarados|4\/100 brn\n|-damage|p1a: Palafin|87\/100 par|[from] Recoil\n|cant|p1b: Amoonguss|move: Taunt|Spore\n|\n|-damage|p2a: Gyarados|0 fnt|[from] brn\n|faint|p2a: Gyarados\n|upkeep\n|turn|12\n|\n|t:|1682978005\n|switch|p1b: Arcanine|Arcanine, L50, M, tera:Grass|15\/100\n|-ability|p1b: Arcanine|Intimidate|boost\n|-unboost|p2b: Orthworm|atk|1\n|move|p2b: Orthworm|Iron Defense|p2b: Orthworm\n|-boost|p2b: Orthworm|def|2\n|move|p1a: Palafin|Wave Crash|p2b: Orthworm\n|-damage|p2b: Orthworm|81\/100\n|-damage|p1a: Palafin|83\/100 par|[from] Recoil\n|\n|upkeep\n|turn|13\n|\n|t:|1682978019\n|move|p1b: Arcanine|Flare Blitz|p2b: Orthworm\n|-supereffective|p2b: Orthworm\n|-damage|p2b: Orthworm|62\/100\n|-damage|p1b: Arcanine|9\/100|[from] Recoil\n|move|p2b: Orthworm|Body Press|p1b: Arcanine\n|-damage|p1b: Arcanine|0 fnt\n|faint|p1b: Arcanine\n|cant|p1a: Palafin|par\n|\n|upkeep\n|\n|t:|1682978026\n|switch|p1b: Amoonguss|Amoonguss, L50, F|100\/100 par\n|turn|14\n|\n|t:|1682978034\n|move|p2b: Orthworm|Body Press|p1b: Amoonguss\n|-resisted|p1b: Amoonguss\n|-damage|p1b: Amoonguss|64\/100 par\n|move|p1a: Palafin|Haze|p1a: Palafin\n|-clearallboost\n|move|p1b: Amoonguss|Spore|p2b: Orthworm\n|-status|p2b: Orthworm|slp|[from] move: Spore\n|\n|upkeep\n|turn|15\n|\n|t:|1682978049\n|cant|p2b: Orthworm|slp\n|move|p1a: Palafin|Wave Crash|p2b: Orthworm\n|-damage|p2b: Orthworm|0 fnt\n|faint|p2b: Orthworm\n|-damage|p1a: Palafin|67\/100 par|[from] Recoil\n|\n|win|Marinza\n|raw|Marinza's rating: 1248 → 1277<\/strong> (+29 for winning)\n|raw|Nehzzy's rating: 1303 → 1280<\/strong> (-23 for losing)\n|c|\u2606Nehzzy|gg\n|l|\u2606Marinza\n","uploadtime":1682978059,"views":17,"p1id":"marinza","p2id":"nehzzy","formatid":"gen9vgc2023regulationc","rating":1277,"private":0,"password":""}