{"id":"gen9vgc2023regulationc-1850054065","p1":"sabertooth81","p2":"Joan Sama","format":"[Gen 9] VGC 2023 Regulation C","log":"|j|\u2606sabertooth81\n|j|\u2606Joan Sama\n|t:|1682282206\n|gametype|doubles\n|player|p1|sabertooth81|acetrainerf-gen4dp|1066\n|player|p2|Joan Sama|red|1047\n|teamsize|p1|6\n|teamsize|p2|6\n|gen|9\n|tier|[Gen 9] VGC 2023 Regulation C\n|rated|\n|rule|Species Clause: Limit one of each Pok\u00e9mon\n|rule|Item Clause: Limit one of each item\n|clearpoke\n|poke|p1|Armarouge, L50, M|\n|poke|p1|Appletun, L50, F|\n|poke|p1|Scream Tail, L50|\n|poke|p1|Iron Hands, L50|\n|poke|p1|Gothitelle, L50, M|\n|poke|p1|Amoonguss, L50, M|\n|poke|p2|Armarouge, L50, M|\n|poke|p2|Brute Bonnet, L50|\n|poke|p2|Flutter Mane, L50|\n|poke|p2|Indeedee, L50, M|\n|poke|p2|Torkoal, L50, F|\n|poke|p2|Roaring Moon, L50|\n|teampreview|4\n|inactive|Battle timer is ON: inactive players will automatically lose when time's up. (requested by Joan Sama)\n|inactive|sabertooth81 also wants the timer to be on.\n|inactive|Joan Sama has 60 seconds left.\n|\n|t:|1682282242\n|start\n|switch|p1a: Iron Hands|Iron Hands, L50, shiny|100\/100\n|switch|p1b: mogus|Amoonguss, L50, M, shiny|100\/100\n|switch|p2a: Armarouge|Armarouge, L50, M|100\/100\n|switch|p2b: Indeedee|Indeedee, L50, M|100\/100\n|-fieldstart|move: Psychic Terrain|[from] ability: Psychic Surge|[of] p2b: Indeedee\n|-enditem|p2b: Indeedee|Psychic Seed\n|-boost|p2b: Indeedee|spd|1|[from] item: Psychic Seed\n|turn|1\n|\n|t:|1682282260\n|-terastallize|p1b: mogus|Water\n|move|p1a: Iron Hands|Detect|p1a: Iron Hands\n|-singleturn|p1a: Iron Hands|Protect\n|move|p2a: Armarouge|Expanding Force|p1a: Iron Hands|[spread] p1b\n|-activate|p1a: Iron Hands|move: Protect\n|-damage|p1b: mogus|47\/100\n|-damage|p2a: Armarouge|91\/100|[from] item: Life Orb\n|move|p1b: mogus|Spore|p2b: Indeedee\n|-status|p2b: Indeedee|slp|[from] move: Spore\n|cant|p2b: Indeedee|slp\n|\n|upkeep\n|turn|2\n|\n|t:|1682282279\n|-end|p1a: Iron Hands|Quark Drive|[silent]\n|switch|p1a: Gothitelle|Gothitelle, L50, M, shiny|100\/100\n|move|p1b: mogus|Protect|p1b: mogus\n|-singleturn|p1b: mogus|Protect\n|move|p2a: Armarouge|Expanding Force|p1a: Gothitelle|[spread] p1a\n|-activate|p1b: mogus|move: Protect\n|-resisted|p1a: Gothitelle\n|-crit|p1a: Gothitelle\n|-damage|p1a: Gothitelle|52\/100\n|-damage|p2a: Armarouge|81\/100|[from] item: Life Orb\n|cant|p2b: Indeedee|slp\n|\n|upkeep\n|turn|3\n|\n|t:|1682282295\n|switch|p1b: Scream Tail|Scream Tail, L50, shiny|100\/100\n|move|p1a: Gothitelle|Protect|p1a: Gothitelle\n|-singleturn|p1a: Gothitelle|Protect\n|move|p2a: Armarouge|Expanding Force|p1a: Gothitelle|[spread] p1b\n|-activate|p1a: Gothitelle|move: Protect\n|-resisted|p1b: Scream Tail\n|-damage|p1b: Scream Tail|70\/100\n|-damage|p2a: Armarouge|71\/100|[from] item: Life Orb\n|cant|p2b: Indeedee|slp\n|\n|upkeep\n|turn|4\n|\n|t:|1682282317\n|move|p2a: Armarouge|Armor Cannon|p1a: Gothitelle\n|-damage|p1a: Gothitelle|0 fnt\n|-unboost|p2a: Armarouge|def|1\n|-unboost|p2a: Armarouge|spd|1\n|faint|p1a: Gothitelle\n|-damage|p2a: Armarouge|61\/100|[from] item: Life Orb\n|move|p1b: Scream Tail|Disable|p2a: Armarouge\n|-start|p2a: Armarouge|Disable|Armor Cannon\n|-curestatus|p2b: Indeedee|slp|[msg]\n|move|p2b: Indeedee|Trick Room|p2b: Indeedee\n|-fieldstart|move: Trick Room|[of] p2b: Indeedee\n|\n|upkeep\n|\n|t:|1682282325\n|switch|p1a: mogus|Amoonguss, L50, M, shiny, tera:Water|80\/100\n|turn|5\n|\n|t:|1682282339\n|move|p1a: mogus|Spore|p2b: Indeedee\n|-status|p2b: Indeedee|slp|[from] move: Spore\n|move|p1b: Scream Tail|Perish Song|p1b: Scream Tail\n|-start|p1a: mogus|perish3|[silent]\n|-start|p1b: Scream Tail|perish3|[silent]\n|-start|p2a: Armarouge|perish3|[silent]\n|-start|p2b: Indeedee|perish3|[silent]\n|-fieldactivate|move: Perish Song\n|move|p2a: Armarouge|Expanding Force|p1b: Scream Tail|[spread] p1a,p1b\n|-resisted|p1b: Scream Tail\n|-damage|p1a: mogus|31\/100\n|-damage|p1b: Scream Tail|42\/100\n|-damage|p2a: Armarouge|51\/100|[from] item: Life Orb\n|cant|p2b: Indeedee|slp\n|\n|-start|p1a: mogus|perish3\n|-start|p1b: Scream Tail|perish3\n|-start|p2a: Armarouge|perish3\n|-start|p2b: Indeedee|perish3\n|-fieldend|move: Psychic Terrain\n|upkeep\n|turn|6\n|inactive|Joan Sama has 30 seconds left.\n|\n|t:|1682282372\n|-end|p1b: Scream Tail|Protosynthesis|[silent]\n|switch|p1b: Iron Hands|Iron Hands, L50, shiny|100\/100\n|cant|p2b: Indeedee|slp\n|move|p1a: mogus|Spore|p2a: Armarouge\n|-status|p2a: Armarouge|slp|[from] move: Spore\n|cant|p2a: Armarouge|slp\n|\n|-start|p1a: mogus|perish2\n|-start|p2a: Armarouge|perish2\n|-start|p2b: Indeedee|perish2\n|upkeep\n|turn|7\n|\n|t:|1682282388\n|switch|p1a: Scream Tail|Scream Tail, L50, shiny|42\/100\n|move|p1b: Iron Hands|Wild Charge|p2a: Armarouge\n|-damage|p2a: Armarouge|0 fnt\n|faint|p2a: Armarouge\n|-damage|p1b: Iron Hands|91\/100|[from] Recoil\n|cant|p2b: Indeedee|slp\n|\n|-start|p2b: Indeedee|perish1\n|upkeep\n|\n|t:|1682282402\n|switch|p2a: Brute Bonnet|Brute Bonnet, L50|100\/100\n|turn|8\n|\n|t:|1682282419\n|-end|p1b: Iron Hands|Quark Drive|[silent]\n|switch|p1b: mogus|Amoonguss, L50, M, shiny, tera:Water|64\/100\n|switch|p2b: Torkoal|Torkoal, L50, F|100\/100\n|-weather|SunnyDay|[from] ability: Drought|[of] p2b: Torkoal\n|-activate|p1a: Scream Tail|ability: Protosynthesis\n|-start|p1a: Scream Tail|protosynthesisdef\n|-activate|p2a: Brute Bonnet|ability: Protosynthesis\n|-start|p2a: Brute Bonnet|protosynthesisatk\n|move|p1a: Scream Tail|Perish Song|p1a: Scream Tail\n|-start|p1a: Scream Tail|perish3|[silent]\n|-start|p1b: mogus|perish3|[silent]\n|-start|p2a: Brute Bonnet|perish3|[silent]\n|-start|p2b: Torkoal|perish3|[silent]\n|-fieldactivate|move: Perish Song\n|move|p2a: Brute Bonnet|Spore|p1a: Scream Tail\n|-status|p1a: Scream Tail|slp|[from] move: Spore\n|\n|-weather|SunnyDay|[upkeep]\n|-start|p1b: mogus|perish3\n|-start|p2b: Torkoal|perish3\n|-start|p1a: Scream Tail|perish3\n|-start|p2a: Brute Bonnet|perish3\n|-fieldend|move: Trick Room\n|upkeep\n|turn|9\n|inactive|Joan Sama has 30 seconds left.\n|\n|t:|1682282449\n|-end|p1a: Scream Tail|Protosynthesis|[silent]\n|switch|p1a: Iron Hands|Iron Hands, L50, shiny|91\/100\n|move|p2a: Brute Bonnet|Bullet Seed|p1a: Iron Hands\n|-damage|p1a: Iron Hands|82\/100\n|-damage|p1a: Iron Hands|71\/100\n|-damage|p1a: Iron Hands|60\/100\n|-damage|p1a: Iron Hands|49\/100\n|-hitcount|p1a: Iron Hands|4\n|move|p2b: Torkoal|Eruption|p1b: mogus|[spread] p1a,p1b\n|-resisted|p1b: mogus\n|-damage|p1a: Iron Hands|3\/100\n|-damage|p1b: mogus|46\/100\n|move|p1b: mogus|Spore|p2b: Torkoal\n|-status|p2b: Torkoal|slp|[from] move: Spore\n|\n|-weather|SunnyDay|[upkeep]\n|-start|p2a: Brute Bonnet|perish2\n|-start|p2b: Torkoal|perish2\n|-start|p1b: mogus|perish2\n|upkeep\n|turn|10\n|inactive|Joan Sama has 30 seconds left.\n|\n|t:|1682282475\n|move|p1a: Iron Hands|Fake Out|p2a: Brute Bonnet\n|-damage|p2a: Brute Bonnet|86\/100\n|cant|p2a: Brute Bonnet|flinch\n|cant|p2b: Torkoal|slp\n|move|p1b: mogus|Pollen Puff|p1a: Iron Hands\n|-heal|p1a: Iron Hands|53\/100\n|\n|-weather|SunnyDay|[upkeep]\n|-start|p2a: Brute Bonnet|perish1\n|-start|p2b: Torkoal|perish1\n|-start|p1b: mogus|perish1\n|upkeep\n|turn|11\n|\n|t:|1682282497\n|-end|p2a: Brute Bonnet|Protosynthesis|[silent]\n|switch|p2a: Indeedee|Indeedee, L50, M|100\/100 slp\n|-fieldstart|move: Psychic Terrain|[from] ability: Psychic Surge|[of] p2a: Indeedee\n|switch|p1b: Scream Tail|Scream Tail, L50, shiny|42\/100 slp\n|-activate|p1b: Scream Tail|ability: Protosynthesis\n|-start|p1b: Scream Tail|protosynthesisdef\n|move|p1a: Iron Hands|Detect|p1a: Iron Hands\n|-singleturn|p1a: Iron Hands|Protect\n|-curestatus|p2b: Torkoal|slp|[msg]\n|move|p2b: Torkoal|Eruption|p1b: Scream Tail|[spread] p1b\n|-activate|p1a: Iron Hands|move: Protect\n|-damage|p1b: Scream Tail|8\/100 slp\n|\n|-weather|SunnyDay|[upkeep]\n|-start|p2b: Torkoal|perish0\n|faint|p2b: Torkoal\n|upkeep\n|\n|t:|1682282512\n|switch|p2b: Brute Bonnet|Brute Bonnet, L50|86\/100\n|-activate|p2b: Brute Bonnet|ability: Protosynthesis\n|-start|p2b: Brute Bonnet|protosynthesisatk\n|turn|12\n|\n|t:|1682282536\n|-end|p1b: Scream Tail|Protosynthesis|[silent]\n|switch|p1b: mogus|Amoonguss, L50, M, shiny, tera:Water|79\/100\n|move|p2b: Brute Bonnet|Bullet Seed|p1b: mogus\n|-supereffective|p1b: mogus\n|-damage|p1b: mogus|46\/100\n|-supereffective|p1b: mogus\n|-damage|p1b: mogus|8\/100\n|-supereffective|p1b: mogus\n|-damage|p1b: mogus|0 fnt\n|faint|p1b: mogus\n|-hitcount|p1: mogus|3\n|move|p1a: Iron Hands|Drain Punch|p2b: Brute Bonnet\n|-supereffective|p2b: Brute Bonnet\n|-damage|p2b: Brute Bonnet|8\/100\n|-heal|p1a: Iron Hands|85\/100|[from] drain|[of] p2b: Brute Bonnet\n|-curestatus|p2a: Indeedee|slp|[msg]\n|move|p2a: Indeedee|Trick Room|p2a: Indeedee\n|-fieldstart|move: Trick Room|[of] p2a: Indeedee\n|\n|-weather|none\n|-end|p2b: Brute Bonnet|Protosynthesis\n|upkeep\n|\n|t:|1682282549\n|switch|p1b: Scream Tail|Scream Tail, L50, shiny|8\/100 slp\n|turn|13\n|\n|t:|1682282568\n|cant|p1b: Scream Tail|slp\n|move|p1a: Iron Hands|Drain Punch|p2b: Brute Bonnet\n|-supereffective|p2b: Brute Bonnet\n|-damage|p2b: Brute Bonnet|0 fnt\n|-heal|p1a: Iron Hands|89\/100|[from] drain|[of] p2b: Brute Bonnet\n|faint|p2b: Brute Bonnet\n|-end|p2b: Brute Bonnet|Protosynthesis|[silent]\n|move|p2a: Indeedee|Dazzling Gleam|p1a: Iron Hands|[spread] p1a,p1b\n|-supereffective|p1a: Iron Hands\n|-damage|p1a: Iron Hands|53\/100\n|-damage|p1b: Scream Tail|0 fnt\n|faint|p1b: Scream Tail\n|-end|p1b: Scream Tail|Protosynthesis|[silent]\n|\n|upkeep\n|turn|14\n|\n|t:|1682282585\n|move|p1a: Iron Hands|Drain Punch|p2a: Indeedee\n|-damage|p2a: Indeedee|3\/100\n|-heal|p1a: Iron Hands|78\/100|[from] drain|[of] p2a: Indeedee\n|move|p2a: Indeedee|Dazzling Gleam|p1a: Iron Hands\n|-supereffective|p1a: Iron Hands\n|-damage|p1a: Iron Hands|30\/100\n|\n|upkeep\n|turn|15\n|\n|t:|1682282593\n|move|p1a: Iron Hands|Drain Punch|p2a: Indeedee\n|-damage|p2a: Indeedee|0 fnt\n|-heal|p1a: Iron Hands|31\/100|[from] drain|[of] p2a: Indeedee\n|faint|p2a: Indeedee\n|\n|win|sabertooth81\n|raw|sabertooth81's rating: 1066 → 1094<\/strong> (+28 for winning)\n|raw|Joan Sama's rating: 1047 → 1031<\/strong> (-16 for losing)\n|l|\u2606Joan Sama\n","uploadtime":1682282611,"views":12,"p1id":"sabertooth81","p2id":"joansama","formatid":"gen9vgc2023regulationc","rating":1031,"private":0,"password":""}