{"id":"gen9vgc2023regulationc-1864090527","p1":"Xermaeus","p2":"RonJohn","format":"[Gen 9] VGC 2023 Regulation C","log":"|j|\u2606Xermaeus\n|j|\u2606RonJohn\n|t:|1684116012\n|gametype|doubles\n|player|p1|Xermaeus|170|1358\n|player|p2|RonJohn|169|1288\n|teamsize|p1|6\n|teamsize|p2|6\n|gen|9\n|tier|[Gen 9] VGC 2023 Regulation C\n|rated|\n|rule|Species Clause: Limit one of each Pok\u00e9mon\n|rule|Item Clause: Limit one of each item\n|clearpoke\n|poke|p1|Glimmora, L50, M|\n|poke|p1|Chi-Yu, L50|\n|poke|p1|Flutter Mane, L50|\n|poke|p1|Gastrodon, L50, F|\n|poke|p1|Gyarados, L50, F|\n|poke|p1|Orthworm, L50, F|\n|poke|p2|Flutter Mane, L50|\n|poke|p2|Orthworm, L50, F|\n|poke|p2|Dragonite, L50, F|\n|poke|p2|Amoonguss, L50, F|\n|poke|p2|Gyarados, L50, M|\n|poke|p2|Ting-Lu, L50|\n|teampreview|4\nRonJohn has agreed to open team sheets.\n|inactive|Battle timer is ON: inactive players will automatically lose when time's up. (requested by RonJohn)\n|inactive|RonJohn has 60 seconds left.\n|\n|t:|1684116050\n|start\n|switch|p1a: Glimmora|Glimmora, L50, M|100\/100\n|switch|p1b: Gyarados|Gyarados, L50, F|100\/100\n|switch|p2a: Ting-Lu|Ting-Lu, L50|100\/100\n|switch|p2b: Orthworm|Orthworm, L50, F|100\/100\n|-ability|p1b: Gyarados|Intimidate|boost\n|-unboost|p2a: Ting-Lu|atk|1\n|-unboost|p2b: Orthworm|atk|1\n|-ability|p2a: Ting-Lu|Vessel of Ruin\n|turn|1\n|\n|t:|1684116075\n|move|p1a: Glimmora|Mortal Spin|p2b: Orthworm|[spread] p2a\n|-immune|p2b: Orthworm\n|-resisted|p2a: Ting-Lu\n|-damage|p2a: Ting-Lu|99\/100\n|-status|p2a: Ting-Lu|psn\n|move|p1b: Gyarados|Thunder Wave|p2b: Orthworm\n|-status|p2b: Orthworm|par\n|move|p2a: Ting-Lu|Earthquake|p1b: Gyarados|[spread] p1a\n|-immune|p2b: Orthworm|[from] ability: Earth Eater\n|-immune|p1b: Gyarados\n|-supereffective|p1a: Glimmora\n|-damage|p1a: Glimmora|5\/100\n|-activate|p1a: Glimmora|ability: Toxic Debris\n|-sidestart|p2: RonJohn|move: Toxic Spikes\n|move|p2b: Orthworm|Shed Tail|p2b: Orthworm\n|-start|p2b: Orthworm|Substitute|[from] move: Shed Tail\n|-damage|p2b: Orthworm|50\/100 par\n|-enditem|p2b: Orthworm|Sitrus Berry|[eat]\n|-heal|p2b: Orthworm|75\/100 par|[from] item: Sitrus Berry\n|\n|t:|1684116094\n|switch|p2b: Dragonite|Dragonite, L50, F|100\/100|[from] Shed Tail\n|\n|-damage|p2a: Ting-Lu|87\/100 psn|[from] psn\n|upkeep\n|turn|2\n|\n|t:|1684116118\n|move|p1a: Glimmora|Power Gem|p2b: Dragonite\n|-supereffective|p2b: Dragonite\n|-end|p2b: Dragonite|Substitute\n|move|p1b: Gyarados|Icy Wind|p2a: Ting-Lu|[spread] p2b\n|-miss|p1b: Gyarados|p2a: Ting-Lu\n|-supereffective|p2b: Dragonite\n|-damage|p2b: Dragonite|91\/100\n|-unboost|p2b: Dragonite|spe|1\n|move|p2b: Dragonite|Dragon Dance|p2b: Dragonite\n|-boost|p2b: Dragonite|atk|1\n|-boost|p2b: Dragonite|spe|1\n|move|p2a: Ting-Lu|Earthquake|p1b: Gyarados|[spread] p1a\n|-immune|p2b: Dragonite\n|-immune|p1b: Gyarados\n|-supereffective|p1a: Glimmora\n|-damage|p1a: Glimmora|0 fnt\n|-activate|p1a: Glimmora|ability: Toxic Debris\n|-sidestart|p2: RonJohn|move: Toxic Spikes\n|faint|p1a: Glimmora\n|\n|-damage|p2a: Ting-Lu|75\/100 psn|[from] psn\n|upkeep\n|inactive|Xermaeus has 30 seconds left.\n|\n|t:|1684116144\n|switch|p1a: Flutter Mane|Flutter Mane, L50|100\/100\n|-enditem|p1a: Flutter Mane|Booster Energy\n|-activate|p1a: Flutter Mane|ability: Protosynthesis|[fromitem]\n|-start|p1a: Flutter Mane|protosynthesisspe\n|turn|3\n|inactive|RonJohn has 30 seconds left.\n|\n|t:|1684116173\n|-terastallize|p2b: Dragonite|Normal\n|move|p1a: Flutter Mane|Protect|p1a: Flutter Mane\n|-singleturn|p1a: Flutter Mane|Protect\n|move|p2b: Dragonite|Extreme Speed|p1b: Gyarados\n|-damage|p1b: Gyarados|23\/100\n|-enditem|p1b: Gyarados|Iapapa Berry|[eat]\n|-heal|p1b: Gyarados|57\/100|[from] item: Iapapa Berry\n|move|p1b: Gyarados|Thunder Wave|p2b: Dragonite\n|-status|p2b: Dragonite|par\n|-enditem|p2b: Dragonite|Lum Berry|[eat]\n|-curestatus|p2b: Dragonite|par|[msg]\n|move|p2a: Ting-Lu|Heavy Slam|p1a: Flutter Mane\n|-activate|p1a: Flutter Mane|move: Protect\n|\n|-damage|p2a: Ting-Lu|63\/100 psn|[from] psn\n|upkeep\n|turn|4\n|inactive|Xermaeus has 30 seconds left.\n|inactive|RonJohn has 30 seconds left.\n|\n|t:|1684116205\n|-terastallize|p1a: Flutter Mane|Fairy\n|move|p2b: Dragonite|Extreme Speed|p1b: Gyarados\n|-damage|p1b: Gyarados|0 fnt\n|faint|p1b: Gyarados\n|move|p1a: Flutter Mane|Moonblast|p2a: Ting-Lu\n|-supereffective|p2a: Ting-Lu\n|-damage|p2a: Ting-Lu|11\/100 psn\n|move|p2a: Ting-Lu|Heavy Slam|p1a: Flutter Mane\n|-supereffective|p1a: Flutter Mane\n|-damage|p1a: Flutter Mane|11\/100\n|\n|-damage|p2a: Ting-Lu|0 fnt|[from] psn\n|faint|p2a: Ting-Lu\n|upkeep\n|\n|t:|1684116229\n|switch|p1b: Chi-Yu|Chi-Yu, L50|100\/100\n|switch|p2a: Orthworm|Orthworm, L50, F|75\/100 par\n|-ability|p1b: Chi-Yu|Beads of Ruin\n|turn|5\n|inactive|RonJohn has 30 seconds left.\n|\n|t:|1684116261\n|move|p1a: Flutter Mane|Protect|p1a: Flutter Mane\n|-singleturn|p1a: Flutter Mane|Protect\n|move|p2a: Orthworm|Protect|p2a: Orthworm\n|-singleturn|p2a: Orthworm|Protect\n|move|p1b: Chi-Yu|Flamethrower|p2b: Dragonite\n|-damage|p2b: Dragonite|22\/100\n|move|p2b: Dragonite|Earthquake|p1a: Flutter Mane|[spread] p1b\n|-activate|p2a: Orthworm|move: Protect\n|-activate|p1a: Flutter Mane|move: Protect\n|-supereffective|p1b: Chi-Yu\n|-damage|p1b: Chi-Yu|0 fnt\n|faint|p1b: Chi-Yu\n|\n|upkeep\n|turn|6\n|\n|t:|1684116279\n|move|p2b: Dragonite|Extreme Speed|p1a: Flutter Mane\n|-damage|p1a: Flutter Mane|0 fnt\n|faint|p1a: Flutter Mane\n|-end|p1a: Flutter Mane|Protosynthesis|[silent]\n|\n|win|RonJohn\n|raw|Xermaeus's rating: 1358 → 1334<\/strong> (-24 for losing)\n|raw|RonJohn's rating: 1288 → 1318<\/strong> (+30 for winning)\n|c|\u2606RonJohn|gg\n","uploadtime":1684116288,"views":30,"p1id":"xermaeus","p2id":"ronjohn","formatid":"gen9vgc2023regulationc","rating":1318,"private":0,"password":""}