{"id":"gen9vgc2023regulationc-1851469514","p1":"CreamyCheddaBacon","p2":"Hadrian1917","format":"[Gen 9] VGC 2023 Regulation C","log":"|j|\u2606CreamyCheddaBacon\n|j|\u2606Hadrian1917\n|t:|1682447686\n|gametype|doubles\n|player|p1|CreamyCheddaBacon|266|1177\n|player|p2|Hadrian1917|brock|1127\n|teamsize|p1|6\n|teamsize|p2|6\n|gen|9\n|tier|[Gen 9] VGC 2023 Regulation C\n|rated|\n|rule|Species Clause: Limit one of each Pok\u00e9mon\n|rule|Item Clause: Limit one of each item\n|clearpoke\n|poke|p1|Ting-Lu, L50|\n|poke|p1|Amoonguss, L50, M|\n|poke|p1|Gyarados, L50, F|\n|poke|p1|Dragonite, L50, F|\n|poke|p1|Flutter Mane, L50|\n|poke|p1|Chien-Pao, L50|\n|poke|p2|Flutter Mane, L50|\n|poke|p2|Arcanine, L50, F|\n|poke|p2|Baxcalibur, L50, M|\n|poke|p2|Ting-Lu, L50|\n|poke|p2|Gyarados, L50, F|\n|poke|p2|Amoonguss, L50, M|\n|teampreview|4\n|inactive|Battle timer is ON: inactive players will automatically lose when time's up. (requested by Hadrian1917)\n|\n|t:|1682447751\n|start\n|switch|p1a: Gyarados|Gyarados, L50, F|100\/100\n|switch|p1b: Chien-Pao|Chien-Pao, L50|100\/100\n|switch|p2a: Arcanine|Arcanine, L50, F|100\/100\n|switch|p2b: Baxcalibur|Baxcalibur, L50, M|100\/100\n|-ability|p1b: Chien-Pao|Sword of Ruin\n|-ability|p2a: Arcanine|Intimidate|boost\n|-unboost|p1a: Gyarados|atk|1\n|-unboost|p1b: Chien-Pao|atk|1\n|-ability|p1a: Gyarados|Intimidate|boost\n|-unboost|p2a: Arcanine|atk|1\n|-fail|p2b: Baxcalibur|unboost|[from] item: Clear Amulet|[of] p2b: Baxcalibur\n|turn|1\n|inactive|CreamyCheddaBacon has 30 seconds left.\n|inactive|Hadrian1917 has 30 seconds left.\n|\n|t:|1682447777\n|switch|p1a: Amoonguss|Amoonguss, L50, M|100\/100\n|-terastallize|p2b: Baxcalibur|Poison\n|move|p1b: Chien-Pao|Protect|p1b: Chien-Pao\n|-singleturn|p1b: Chien-Pao|Protect\n|move|p2a: Arcanine|Howl|p2a: Arcanine|[spread] p2a,p2b\n|-boost|p2a: Arcanine|atk|1\n|-boost|p2b: Baxcalibur|atk|1\n|move|p2b: Baxcalibur|Glaive Rush|p1a: Amoonguss\n|-damage|p1a: Amoonguss|0 fnt\n|-singlemove|p2b: Baxcalibur|Glaive Rush|[silent]\n|faint|p1a: Amoonguss\n|\n|upkeep\n|\n|t:|1682447794\n|switch|p1a: Gyarados|Gyarados, L50, F|100\/100\n|-ability|p1a: Gyarados|Intimidate|boost\n|-unboost|p2a: Arcanine|atk|1\n|-fail|p2b: Baxcalibur|unboost|[from] item: Clear Amulet|[of] p2b: Baxcalibur\n|turn|2\n|\n|t:|1682447818\n|move|p1b: Chien-Pao|Sacred Sword|p2a: Arcanine\n|-damage|p2a: Arcanine|76\/100\n|move|p2a: Arcanine|Howl|p2a: Arcanine|[spread] p2a,p2b\n|-boost|p2a: Arcanine|atk|1\n|-boost|p2b: Baxcalibur|atk|1\n|move|p2b: Baxcalibur|Glaive Rush|p1a: Gyarados\n|-damage|p1a: Gyarados|0 fnt\n|-singlemove|p2b: Baxcalibur|Glaive Rush|[silent]\n|faint|p1a: Gyarados\n|\n|upkeep\n|\n|t:|1682447829\n|switch|p1a: Flutter Mane|Flutter Mane, L50|100\/100\n|turn|3\n|\n|t:|1682447850\n|switch|p2a: Gyarados|Gyarados, L50, F|100\/100\n|-ability|p2a: Gyarados|Intimidate|boost\n|-unboost|p1a: Flutter Mane|atk|1\n|-unboost|p1b: Chien-Pao|atk|1\n|-terastallize|p1a: Flutter Mane|Electric\n|move|p2b: Baxcalibur|Protect|p2b: Baxcalibur\n|-singleturn|p2b: Baxcalibur|Protect\n|move|p1a: Flutter Mane|Thunderbolt|p2b: Baxcalibur\n|-activate|p2b: Baxcalibur|move: Protect\n|move|p1b: Chien-Pao|Sacred Sword|p2a: Gyarados\n|-resisted|p2a: Gyarados\n|-damage|p2a: Gyarados|92\/100\n|\n|upkeep\n|turn|4\n|inactive|Hadrian1917 has 30 seconds left.\n|\n|t:|1682447881\n|move|p1a: Flutter Mane|Thunderbolt|p2b: Baxcalibur\n|-damage|p2b: Baxcalibur|59\/100\n|-status|p2b: Baxcalibur|par\n|move|p1b: Chien-Pao|Ice Spinner|p2a: Gyarados\n|-damage|p2a: Gyarados|69\/100\n|move|p2a: Gyarados|Waterfall|p1a: Flutter Mane\n|-enditem|p1a: Flutter Mane|Focus Sash\n|-damage|p1a: Flutter Mane|1\/100\n|move|p2b: Baxcalibur|Icicle Crash|p1a: Flutter Mane\n|-damage|p1a: Flutter Mane|0 fnt\n|faint|p1a: Flutter Mane\n|-end|p1a: Flutter Mane|Protosynthesis|[silent]\n|\n|upkeep\n|turn|5\n|-message|CreamyCheddaBacon forfeited.\n|\n|win|Hadrian1917\n|raw|CreamyCheddaBacon's rating: 1177 → 1148<\/strong> (-29 for losing)\n|raw|Hadrian1917's rating: 1127 → 1156<\/strong> (+29 for winning)\n|l|\u2606CreamyCheddaBacon\n","uploadtime":1682447906,"views":7,"p1id":"creamycheddabacon","p2id":"hadrian1917","formatid":"gen9vgc2023regulationc","rating":1148,"private":0,"password":""}