{"id":"gen9vgc2023regulationc-1861174041","p1":"Ups1deD0wnSyndrome","p2":"Pokemonster28","format":"[Gen 9] VGC 2023 Regulation C","log":"|j|\u2606Ups1deD0wnSyndrome\n|j|\u2606Pokemonster28\n|t:|1683733034\n|gametype|doubles\n|player|p1|Ups1deD0wnSyndrome|265|\n|player|p2|Pokemonster28|cynthia-gen4|\n|teamsize|p1|6\n|teamsize|p2|6\n|gen|9\n|tier|[Gen 9] VGC 2023 Regulation C\n|rule|Species Clause: Limit one of each Pok\u00e9mon\n|rule|Item Clause: Limit one of each item\n|clearpoke\n|poke|p1|Slaking, L50, F|\n|poke|p1|Flutter Mane, L50|\n|poke|p1|Grafaiai, L50, F|\n|poke|p1|Ting-Lu, L50|\n|poke|p1|Arcanine, L50, M|\n|poke|p1|Scizor, L50, F|\n|poke|p2|Krookodile, L50, M|\n|poke|p2|Murkrow, L50, F|\n|poke|p2|Weavile, L50, F|\n|poke|p2|Iron Bundle, L50|\n|poke|p2|Magnezone, L50|\n|poke|p2|Iron Valiant, L50|\n|teampreview|4\n|inactive|Battle timer is ON: inactive players will automatically lose when time's up. (requested by Pokemonster28)\n|inactive|Pokemonster28 has 60 seconds left.\n|\n|t:|1683733083\n|start\n|switch|p1a: Ting-Lu|Ting-Lu, L50|100\/100\n|switch|p1b: Arcanine|Arcanine, L50, M|100\/100\n|switch|p2a: Murkrow|Murkrow, L50, F|100\/100\n|switch|p2b: Krookodile|Krookodile, L50, M|100\/100\n|-ability|p1b: Arcanine|Intimidate|boost\n|-unboost|p2a: Murkrow|atk|1\n|-unboost|p2b: Krookodile|atk|1\n|-ability|p2b: Krookodile|Intimidate|boost\n|-unboost|p1a: Ting-Lu|atk|1\n|-unboost|p1b: Arcanine|atk|1\n|-ability|p1a: Ting-Lu|Vessel of Ruin\n|turn|1\n|inactive|Ups1deD0wnSyndrome has 30 seconds left.\n|inactive|Pokemonster28 has 30 seconds left.\n|inactive|Ups1deD0wnSyndrome has 20 seconds left.\n|inactive|Pokemonster28 has 20 seconds left.\n|inactive|Ups1deD0wnSyndrome has 15 seconds left.\n|inactive|Pokemonster28 has 15 seconds left.\n|\n|t:|1683733128\n|switch|p1b: Slaking|Slaking, L50, F|100\/100\n|move|p2a: Murkrow|Thunder Wave|p1b: Slaking|[miss]\n|-miss|p2a: Murkrow|p1b: Slaking\n|move|p2b: Krookodile|Earthquake|p1a: Ting-Lu|[spread] p1a,p1b\n|-immune|p2a: Murkrow\n|-damage|p1a: Ting-Lu|89\/100\n|-damage|p1b: Slaking|79\/100\n|move|p1a: Ting-Lu|Spikes|p2b: Krookodile\n|-sidestart|p2: Pokemonster28|Spikes\n|\n|-heal|p1a: Ting-Lu|95\/100|[from] item: Leftovers\n|upkeep\n|turn|2\n|\n|t:|1683733150\n|switch|p1b: Arcanine|Arcanine, L50, M|100\/100\n|-ability|p1b: Arcanine|Intimidate|boost\n|-unboost|p2a: Murkrow|atk|1\n|-unboost|p2b: Krookodile|atk|1\n|switch|p2b: Iron Valiant|Iron Valiant, L50|100\/100\n|-damage|p2b: Iron Valiant|88\/100|[from] Spikes\n|move|p2a: Murkrow|Thunder Wave|p1b: Arcanine\n|-status|p1b: Arcanine|par\n|move|p1a: Ting-Lu|Stealth Rock|p2b: Iron Valiant\n|-sidestart|p2: Pokemonster28|move: Stealth Rock\n|\n|-heal|p1a: Ting-Lu|100\/100|[from] item: Leftovers\n|upkeep\n|turn|3\n|inactive|Ups1deD0wnSyndrome has 30 seconds left.\n|inactive|Ups1deD0wnSyndrome has 20 seconds left.\n|inactive|Ups1deD0wnSyndrome has 15 seconds left.\n|inactive|Ups1deD0wnSyndrome has 10 seconds left.\n|\n|t:|1683733196\n|move|p2b: Iron Valiant|Close Combat|p1a: Ting-Lu\n|-supereffective|p1a: Ting-Lu\n|-damage|p1a: Ting-Lu|29\/100\n|-unboost|p2b: Iron Valiant|def|1\n|-unboost|p2b: Iron Valiant|spd|1\n|move|p2a: Murkrow|Foul Play|p1b: Arcanine\n|-damage|p1b: Arcanine|40\/100 par\n|move|p1b: Arcanine|Crunch|p2b: Iron Valiant\n|-resisted|p2b: Iron Valiant\n|-damage|p2b: Iron Valiant|77\/100\n|move|p1a: Ting-Lu|Whirlwind|p2b: Iron Valiant\n|-end|p2b: Iron Valiant|Quark Drive|[silent]\n|drag|p2b: Krookodile|Krookodile, L50, M|100\/100\n|-damage|p2b: Krookodile|88\/100|[from] Spikes\n|-damage|p2b: Krookodile|82\/100|[from] Stealth Rock\n|-ability|p2b: Krookodile|Intimidate|boost\n|-unboost|p1a: Ting-Lu|atk|1\n|-unboost|p1b: Arcanine|atk|1\n|\n|-heal|p1a: Ting-Lu|35\/100|[from] item: Leftovers\n|upkeep\n|turn|4\n|\n|t:|1683733220\n|move|p1b: Arcanine|Extreme Speed|p2a: Murkrow\n|-damage|p2a: Murkrow|84\/100\n|move|p2a: Murkrow|Tailwind|p2a: Murkrow\n|-sidestart|p2: Pokemonster28|move: Tailwind\n|move|p2b: Krookodile|Close Combat|p1a: Ting-Lu\n|-supereffective|p1a: Ting-Lu\n|-damage|p1a: Ting-Lu|0 fnt\n|-unboost|p2b: Krookodile|def|1\n|-unboost|p2b: Krookodile|spd|1\n|faint|p1a: Ting-Lu\n|\n|upkeep\n|\n|t:|1683733233\n|switch|p1a: Slaking|Slaking, L50, F|79\/100\n|turn|5\n|\n|t:|1683733244\n|-terastallize|p1a: Slaking|Fighting\n|move|p2b: Krookodile|Close Combat|p1a: Slaking\n|-damage|p1a: Slaking|46\/100\n|-unboost|p2b: Krookodile|def|1\n|-unboost|p2b: Krookodile|spd|1\n|move|p1a: Slaking|Drain Punch|p2b: Krookodile\n|-supereffective|p2b: Krookodile\n|-damage|p2b: Krookodile|0 fnt\n|-heal|p1a: Slaking|77\/100|[from] drain|[of] p2b: Krookodile\n|faint|p2b: Krookodile\n|move|p2a: Murkrow|Foul Play|p1a: Slaking\n|-resisted|p1a: Slaking\n|-damage|p1a: Slaking|57\/100\n|move|p1b: Arcanine|Close Combat|p2a: Murkrow\n|-damage|p2a: Murkrow|61\/100\n|-unboost|p1b: Arcanine|def|1\n|-unboost|p1b: Arcanine|spd|1\n|\n|upkeep\n|\n|t:|1683733252\n|switch|p2b: Iron Valiant|Iron Valiant, L50|77\/100\n|-damage|p2b: Iron Valiant|65\/100|[from] Spikes\n|-damage|p2b: Iron Valiant|59\/100|[from] Stealth Rock\n|turn|6\n|\n|t:|1683733277\n|move|p2b: Iron Valiant|Spirit Break|p1a: Slaking\n|-supereffective|p1a: Slaking\n|-damage|p1a: Slaking|0 fnt\n|faint|p1a: Slaking\n|move|p2a: Murkrow|Foul Play|p1b: Arcanine\n|-damage|p1b: Arcanine|0 fnt\n|faint|p1b: Arcanine\n|\n|upkeep\n|\n|t:|1683733289\n|switch|p1a: Grafaiai|Grafaiai, L50, F|100\/100\n|turn|7\n|\n|t:|1683733299\n|-end|p2b: Iron Valiant|Quark Drive|[silent]\n|switch|p2b: Iron Bundle|Iron Bundle, L50|100\/100\n|-enditem|p2b: Iron Bundle|Booster Energy\n|-activate|p2b: Iron Bundle|ability: Quark Drive|[fromitem]\n|-start|p2b: Iron Bundle|quarkdrivespe\n|-damage|p2b: Iron Bundle|88\/100|[from] Spikes\n|-damage|p2b: Iron Bundle|64\/100|[from] Stealth Rock\n|move|p2a: Murkrow|Protect|p2a: Murkrow\n|-singleturn|p2a: Murkrow|Protect\n|move|p1a: Grafaiai|Gunk Shot|p2b: Iron Bundle|[miss]\n|-miss|p1a: Grafaiai|p2b: Iron Bundle\n|\n|-sideend|p2: Pokemonster28|move: Tailwind\n|upkeep\n|turn|8\n|\n|t:|1683733320\n|move|p2b: Iron Bundle|Ice Beam|p1a: Grafaiai\n|-damage|p1a: Grafaiai|56\/100\n|move|p1a: Grafaiai|Gunk Shot|p2b: Iron Bundle\n|-damage|p2b: Iron Bundle|18\/100\n|move|p2a: Murkrow|Foul Play|p1a: Grafaiai\n|-damage|p1a: Grafaiai|6\/100\n|\n|-heal|p1a: Grafaiai|12\/100|[from] item: Black Sludge\n|upkeep\n|turn|9\n|\n|t:|1683733334\n|move|p2b: Iron Bundle|Ice Beam|p1a: Grafaiai\n|-crit|p1a: Grafaiai\n|-damage|p1a: Grafaiai|0 fnt\n|faint|p1a: Grafaiai\n|\n|win|Pokemonster28\n","uploadtime":1683733337,"views":17,"p1id":"ups1ded0wnsyndrome","p2id":"pokemonster28","formatid":"gen9vgc2023regulationc","rating":0,"private":0,"password":""}