{"id":"gen9vgc2023regulationc-1851597059","p1":"Isaiahwillwin","p2":"MLGmushroom","format":"[Gen 9] VGC 2023 Regulation C","log":"|j|\u2606Isaiahwillwin\n|j|\u2606MLGmushroom\n|t:|1682459489\n|gametype|doubles\n|player|p1|Isaiahwillwin|170|1108\n|player|p2|MLGmushroom|blue|1210\n|teamsize|p1|6\n|teamsize|p2|6\n|gen|9\n|tier|[Gen 9] VGC 2023 Regulation C\n|rated|\n|rule|Species Clause: Limit one of each Pok\u00e9mon\n|rule|Item Clause: Limit one of each item\n|clearpoke\n|poke|p1|Amoonguss, L50, M|\n|poke|p1|Palafin, L50, M|\n|poke|p1|Flutter Mane, L50|\n|poke|p1|Scizor, L50, M|\n|poke|p1|Arcanine, L50, F|\n|poke|p1|Chien-Pao, L50|\n|poke|p2|Chien-Pao, L50|\n|poke|p2|Roaring Moon, L50|\n|poke|p2|Flutter Mane, L50|\n|poke|p2|Amoonguss, L50, F|\n|poke|p2|Gyarados, L50, M|\n|poke|p2|Scizor, L50, F|\n|teampreview|4\nIsaiahwillwin has agreed to open team sheets.\nMLGmushroom has agreed to open team sheets.\n|\n|t:|1682459548\n|start\n|switch|p1a: Arkaneenay|Arcanine, L50, F|100\/100\n|switch|p1b: Skiisoar|Scizor, L50, M|100\/100\n|switch|p2a: Roaring Moon|Roaring Moon, L50|100\/100\n|switch|p2b: Gyarados|Gyarados, L50, M|100\/100\n|-ability|p2b: Gyarados|Intimidate|boost\n|-unboost|p1a: Arkaneenay|atk|1\n|-fail|p1b: Skiisoar|unboost|[from] item: Clear Amulet|[of] p1b: Skiisoar\n|-ability|p1a: Arkaneenay|Intimidate|boost\n|-unboost|p2a: Roaring Moon|atk|1\n|-unboost|p2b: Gyarados|atk|1\n|-enditem|p2a: Roaring Moon|Booster Energy\n|-activate|p2a: Roaring Moon|ability: Protosynthesis|[fromitem]\n|-start|p2a: Roaring Moon|protosynthesisspe\n|turn|1\n|\n|t:|1682459574\n|switch|p1a: mush|Amoonguss, L50, M|100\/100\n|-terastallize|p2b: Gyarados|Ground\n|move|p2a: Roaring Moon|Breaking Swipe|p1b: Skiisoar|[spread] p1a,p1b\n|-resisted|p1b: Skiisoar\n|-damage|p1a: mush|88\/100\n|-damage|p1b: Skiisoar|94\/100\n|-unboost|p1a: mush|atk|1\n|move|p2b: Gyarados|Thunder Wave|p1a: mush\n|-status|p1a: mush|par\n|move|p1b: Skiisoar|U-turn|p2a: Roaring Moon\n|-supereffective|p2a: Roaring Moon\n|-damage|p2a: Roaring Moon|14\/100\n|\n|t:|1682459602\n|switch|p1b: Dog Pow|Chien-Pao, L50|100\/100|[from] U-turn\n|-ability|p1b: Dog Pow|Sword of Ruin\n|\n|upkeep\n|turn|2\n|\n|t:|1682459617\n|-end|p2a: Roaring Moon|Protosynthesis|[silent]\n|switch|p2a: Scizor|Scizor, L50, F|100\/100\n|move|p1b: Dog Pow|Protect|p1b: Dog Pow\n|-singleturn|p1b: Dog Pow|Protect\n|move|p2b: Gyarados|Taunt|p1a: mush\n|-start|p1a: mush|move: Taunt\n|move|p1a: mush|Pollen Puff|p2a: Scizor\n|-resisted|p2a: Scizor\n|-damage|p2a: Scizor|90\/100\n|\n|upkeep\n|turn|3\n|\n|t:|1682459640\n|switch|p1a: Arkaneenay|Arcanine, L50, F|100\/100\n|-ability|p1a: Arkaneenay|Intimidate|boost\n|-fail|p2a: Scizor|unboost|[from] item: Clear Amulet|[of] p2a: Scizor\n|-unboost|p2b: Gyarados|atk|1\n|move|p2a: Scizor|Bullet Punch|p1b: Dog Pow\n|-supereffective|p1b: Dog Pow\n|-damage|p1b: Dog Pow|43\/100\n|move|p1b: Dog Pow|Ice Spinner|p2b: Gyarados\n|-supereffective|p2b: Gyarados\n|-damage|p2b: Gyarados|0 fnt\n|faint|p2b: Gyarados\n|\n|upkeep\n|\n|t:|1682459662\n|switch|p2b: Chien-Pao|Chien-Pao, L50|100\/100\n|-ability|p2b: Chien-Pao|Sword of Ruin\n|turn|4\n|\n|t:|1682459675\n|move|p1b: Dog Pow|Protect|p1b: Dog Pow\n|-singleturn|p1b: Dog Pow|Protect\n|move|p2b: Chien-Pao|Sucker Punch||[still]\n|-fail|p2b: Chien-Pao\n|move|p2a: Scizor|Bullet Punch|p1b: Dog Pow\n|-activate|p1b: Dog Pow|move: Protect\n|move|p1a: Arkaneenay|Will-O-Wisp|p2b: Chien-Pao|[miss]\n|-miss|p1a: Arkaneenay|p2b: Chien-Pao\n|\n|upkeep\n|turn|5\n|\n|t:|1682459694\n|switch|p1b: mush|Amoonguss, L50, M|100\/100 par\n|move|p2a: Scizor|Bullet Punch|p1b: mush\n|-damage|p1b: mush|72\/100 par\n|move|p2b: Chien-Pao|Sacred Sword|p1a: Arkaneenay\n|-crit|p1a: Arkaneenay\n|-damage|p1a: Arkaneenay|34\/100\n|move|p1a: Arkaneenay|Flare Blitz|p2a: Scizor\n|-supereffective|p2a: Scizor\n|-damage|p2a: Scizor|0 fnt\n|faint|p2a: Scizor\n|-damage|p1a: Arkaneenay|6\/100|[from] Recoil\n|\n|upkeep\n|\n|t:|1682459700\n|switch|p2a: Roaring Moon|Roaring Moon, L50|14\/100\n|turn|6\n|\n|t:|1682459725\n|move|p2a: Roaring Moon|Protect|p2a: Roaring Moon\n|-singleturn|p2a: Roaring Moon|Protect\n|move|p1a: Arkaneenay|Extreme Speed|p2a: Roaring Moon\n|-activate|p2a: Roaring Moon|move: Protect\n|cant|p1b: mush|par\n|move|p2b: Chien-Pao|Ice Spinner|p1b: mush\n|-supereffective|p1b: mush\n|-damage|p1b: mush|0 fnt\n|faint|p1b: mush\n|\n|upkeep\n|\n|t:|1682459735\n|switch|p1b: Skiisoar|Scizor, L50, M|94\/100\n|turn|7\n|c|\u2606MLGmushroom|ggs\n|\n|t:|1682459747\n|move|p1a: Arkaneenay|Extreme Speed|p2b: Chien-Pao\n|-damage|p2b: Chien-Pao|65\/100\n|move|p1b: Skiisoar|Bullet Punch|p2a: Roaring Moon\n|-damage|p2a: Roaring Moon|0 fnt\n|faint|p2a: Roaring Moon\n|-end|p2a: Roaring Moon|Protosynthesis|[silent]\n|move|p2b: Chien-Pao|Ice Spinner|p1a: Arkaneenay\n|-resisted|p1a: Arkaneenay\n|-damage|p1a: Arkaneenay|0 fnt\n|faint|p1a: Arkaneenay\n|\n|upkeep\n|\n|t:|1682459757\n|switch|p1a: Dog Pow|Chien-Pao, L50|43\/100\n|-ability|p1a: Dog Pow|Sword of Ruin\n|turn|8\n|\n|t:|1682459766\n|-terastallize|p1a: Dog Pow|Ghost\n|move|p1b: Skiisoar|Bullet Punch|p2b: Chien-Pao\n|-supereffective|p2b: Chien-Pao\n|-damage|p2b: Chien-Pao|0 fnt\n|faint|p2b: Chien-Pao\n|\n|win|Isaiahwillwin\n|raw|Isaiahwillwin's rating: 1108 → 1140<\/strong> (+32 for winning)\n|raw|MLGmushroom's rating: 1210 → 1178<\/strong> (-32 for losing)\n|l|\u2606Isaiahwillwin\n","uploadtime":1682459782,"views":19,"p1id":"isaiahwillwin","p2id":"mlgmushroom","formatid":"gen9vgc2023regulationc","rating":1140,"private":0,"password":""}