{"id":"gen9vgc2023regulationc-1860572927","p1":"CaccaMolla","p2":"Ajsenpai","format":"[Gen 9] VGC 2023 Regulation C","log":"|j|\u2606CaccaMolla\n|j|\u2606Ajsenpai\n|t:|1683655615\n|gametype|doubles\n|player|p1|CaccaMolla|1|1080\n|player|p2|Ajsenpai|266|1000\n|teamsize|p1|6\n|teamsize|p2|6\n|gen|9\n|tier|[Gen 9] VGC 2023 Regulation C\n|rated|\n|rule|Species Clause: Limit one of each Pok\u00e9mon\n|rule|Item Clause: Limit one of each item\n|clearpoke\n|poke|p1|Wo-Chien, L50|\n|poke|p1|Glimmora, L50, M|\n|poke|p1|Flutter Mane, L50|\n|poke|p1|Dondozo, L50, F|\n|poke|p1|Tatsugiri-Stretchy, L50, F|\n|poke|p1|Maushold, L50|\n|poke|p2|Ting-Lu, L50|\n|poke|p2|Corviknight, L50, M|\n|poke|p2|Flutter Mane, L50|\n|poke|p2|Garganacl, L50, F|\n|poke|p2|Meowscarada, L50, M|\n|poke|p2|Arcanine, L50, F|\n|teampreview|4\nAjsenpai has agreed to open team sheets.\n|\n|t:|1683655668\n|start\n|switch|p1a: Tatsugiri|Tatsugiri-Stretchy, L50, F|100\/100\n|switch|p1b: Maushold|Maushold, L50|100\/100\n|switch|p2a: Flutter Mane|Flutter Mane, L50|100\/100\n|switch|p2b: Meowscarada|Meowscarada, L50, M|100\/100\n|turn|1\n|inactive|Battle timer is ON: inactive players will automatically lose when time's up. (requested by CaccaMolla)\n|inactive|Ajsenpai has 60 seconds left.\n|\n|t:|1683655703\n|move|p1a: Tatsugiri|Icy Wind|p2a: Flutter Mane|[spread] p2a,p2b\n|-supereffective|p2b: Meowscarada\n|-damage|p2a: Flutter Mane|85\/100\n|-damage|p2b: Meowscarada|58\/100\n|-unboost|p2a: Flutter Mane|spe|1\n|-unboost|p2b: Meowscarada|spe|1\n|move|p1b: Maushold|Population Bomb|p2b: Meowscarada|[miss]\n|-miss|p1b: Maushold|p2b: Meowscarada\n|move|p2a: Flutter Mane|Moonblast|p1a: Tatsugiri\n|-supereffective|p1a: Tatsugiri\n|-damage|p1a: Tatsugiri|0 fnt\n|faint|p1a: Tatsugiri\n|move|p2b: Meowscarada|Trailblaze|p1b: Maushold\n|-damage|p1b: Maushold|62\/100\n|-boost|p2b: Meowscarada|spe|1\n|\n|upkeep\n|\n|t:|1683655718\n|switch|p1a: Dondozo|Dondozo, L50, F, shiny|100\/100\n|turn|2\n|\n|t:|1683655732\n|-terastallize|p1a: Dondozo|Steel\n|move|p2b: Meowscarada|Flower Trick|p1b: Maushold\n|-crit|p1b: Maushold\n|-damage|p1b: Maushold|0 fnt\n|faint|p1b: Maushold\n|move|p2a: Flutter Mane|Moonblast|p1a: Dondozo\n|-resisted|p1a: Dondozo\n|-damage|p1a: Dondozo|76\/100\n|move|p1a: Dondozo|Heavy Slam|p2a: Flutter Mane\n|-supereffective|p2a: Flutter Mane\n|-crit|p2a: Flutter Mane\n|-damage|p2a: Flutter Mane|0 fnt\n|faint|p2a: Flutter Mane\n|-end|p2a: Flutter Mane|Protosynthesis|[silent]\n|\n|upkeep\n|\n|t:|1683655753\n|switch|p2a: Corviknight|Corviknight, L50, M|100\/100\n|switch|p1b: Wo-Chien|Wo-Chien, L50|100\/100\n|-ability|p2a: Corviknight|Unnerve\n|-ability|p1b: Wo-Chien|Tablets of Ruin\n|turn|3\n|\n|t:|1683655770\n|-terastallize|p2b: Meowscarada|Grass\n|move|p2b: Meowscarada|Trailblaze|p1a: Dondozo\n|-resisted|p1a: Dondozo\n|-damage|p1a: Dondozo|66\/100\n|-boost|p2b: Meowscarada|spe|1\n|move|p1b: Wo-Chien|Leech Seed|p2a: Corviknight\n|-start|p2a: Corviknight|move: Leech Seed\n|move|p2a: Corviknight|Tailwind|p2a: Corviknight\n|-sidestart|p2: Ajsenpai|move: Tailwind\n|move|p1a: Dondozo|Heavy Slam|p2b: Meowscarada\n|-damage|p2b: Meowscarada|2\/100\n|\n|-damage|p2a: Corviknight|88\/100|[from] Leech Seed|[of] p1b: Wo-Chien\n|upkeep\n|turn|4\n|inactive|CaccaMolla has 30 seconds left.\n|inactive|Ajsenpai has 30 seconds left.\n|inactive|Ajsenpai has 20 seconds left.\n|inactive|Ajsenpai has 15 seconds left.\n|\n|t:|1683655813\n|move|p2b: Meowscarada|Sucker Punch|p1a: Dondozo\n|-damage|p1a: Dondozo|49\/100\n|move|p2a: Corviknight|Brave Bird|p1b: Wo-Chien\n|-supereffective|p1b: Wo-Chien\n|-damage|p1b: Wo-Chien|54\/100\n|-damage|p2a: Corviknight|74\/100|[from] Recoil\n|move|p1b: Wo-Chien|Pollen Puff|p1a: Dondozo\n|-heal|p1a: Dondozo|99\/100\n|move|p1a: Dondozo|Heavy Slam|p2b: Meowscarada\n|-damage|p2b: Meowscarada|0 fnt\n|faint|p2b: Meowscarada\n|\n|-heal|p1b: Wo-Chien|60\/100|[from] item: Leftovers\n|-damage|p2a: Corviknight|61\/100|[from] Leech Seed|[of] p1b: Wo-Chien\n|-heal|p1b: Wo-Chien|73\/100|[silent]\n|upkeep\n|\n|t:|1683655830\n|switch|p2b: Garganacl|Garganacl, L50, F|100\/100\n|turn|5\n|\n|t:|1683655845\n|move|p2a: Corviknight|Brave Bird|p1b: Wo-Chien\n|-supereffective|p1b: Wo-Chien\n|-damage|p1b: Wo-Chien|29\/100\n|-damage|p2a: Corviknight|48\/100|[from] Recoil\n|move|p2b: Garganacl|Body Press|p1a: Dondozo\n|-supereffective|p1a: Dondozo\n|-damage|p1a: Dondozo|63\/100\n|move|p1b: Wo-Chien|Leech Seed|p2b: Garganacl\n|-start|p2b: Garganacl|move: Leech Seed\n|move|p1a: Dondozo|Heavy Slam|p2b: Garganacl\n|-supereffective|p2b: Garganacl\n|-damage|p2b: Garganacl|86\/100\n|\n|-heal|p2b: Garganacl|92\/100|[from] item: Leftovers\n|-heal|p1b: Wo-Chien|35\/100|[from] item: Leftovers\n|-damage|p2a: Corviknight|35\/100|[from] Leech Seed|[of] p1b: Wo-Chien\n|-heal|p1b: Wo-Chien|48\/100|[silent]\n|-damage|p2b: Garganacl|80\/100|[from] Leech Seed|[of] p1b: Wo-Chien\n|-heal|p1b: Wo-Chien|61\/100|[silent]\n|upkeep\n|turn|6\n|\n|t:|1683655870\n|move|p1b: Wo-Chien|Protect|p1b: Wo-Chien\n|-singleturn|p1b: Wo-Chien|Protect\n|move|p2a: Corviknight|Brave Bird|p1b: Wo-Chien\n|-activate|p1b: Wo-Chien|move: Protect\n|move|p2b: Garganacl|Body Press|p1b: Wo-Chien\n|-activate|p1b: Wo-Chien|move: Protect\n|move|p1a: Dondozo|Heavy Slam|p2b: Garganacl\n|-supereffective|p2b: Garganacl\n|-damage|p2b: Garganacl|67\/100\n|\n|-heal|p2b: Garganacl|73\/100|[from] item: Leftovers\n|-heal|p1b: Wo-Chien|68\/100|[from] item: Leftovers\n|-damage|p2a: Corviknight|23\/100|[from] Leech Seed|[of] p1b: Wo-Chien\n|-heal|p1b: Wo-Chien|81\/100|[silent]\n|-damage|p2b: Garganacl|61\/100|[from] Leech Seed|[of] p1b: Wo-Chien\n|-heal|p1b: Wo-Chien|94\/100|[silent]\n|-sideend|p2: Ajsenpai|move: Tailwind\n|upkeep\n|turn|7\n|inactive|CaccaMolla has 30 seconds left.\n|\n|t:|1683655900\n|move|p1b: Wo-Chien|Leech Seed|p1a: Dondozo\n|-start|p1a: Dondozo|move: Leech Seed\n|move|p2a: Corviknight|Brave Bird|p1b: Wo-Chien\n|-supereffective|p1b: Wo-Chien\n|-damage|p1b: Wo-Chien|47\/100\n|-damage|p2a: Corviknight|8\/100|[from] Recoil\n|move|p1a: Dondozo|Wave Crash|p2b: Garganacl\n|-supereffective|p2b: Garganacl\n|-damage|p2b: Garganacl|17\/100\n|-damage|p1a: Dondozo|50\/100|[from] Recoil\n|move|p2b: Garganacl|Body Press|p1b: Wo-Chien\n|-supereffective|p1b: Wo-Chien\n|-damage|p1b: Wo-Chien|7\/100\n|\n|-heal|p1b: Wo-Chien|14\/100|[from] item: Leftovers\n|-heal|p2b: Garganacl|23\/100|[from] item: Leftovers\n|-damage|p2a: Corviknight|0 fnt|[from] Leech Seed|[of] p1b: Wo-Chien\n|-heal|p1b: Wo-Chien|22\/100|[silent]\n|faint|p2a: Corviknight\n|-damage|p1a: Dondozo|38\/100|[from] Leech Seed|[of] p1b: Wo-Chien\n|-heal|p1b: Wo-Chien|36\/100|[silent]\n|-damage|p2b: Garganacl|11\/100|[from] Leech Seed|[of] p1b: Wo-Chien\n|-heal|p1b: Wo-Chien|49\/100|[silent]\n|upkeep\n|turn|8\n|inactive|CaccaMolla has 30 seconds left.\n|\n|t:|1683655928\n|move|p1b: Wo-Chien|Protect|p1b: Wo-Chien\n|-singleturn|p1b: Wo-Chien|Protect\n|move|p1a: Dondozo|Heavy Slam|p2b: Garganacl\n|-supereffective|p2b: Garganacl\n|-damage|p2b: Garganacl|0 fnt\n|faint|p2b: Garganacl\n|\n|win|CaccaMolla\n|raw|CaccaMolla's rating: 1080 → 1102<\/strong> (+22 for winning)\n|raw|Ajsenpai's rating: 1000 → 1000<\/strong> (+0 for losing)\n|l|\u2606Ajsenpai\n","uploadtime":1683655944,"views":14,"p1id":"caccamolla","p2id":"ajsenpai","formatid":"gen9vgc2023regulationc","rating":1000,"private":0,"password":""}