{"id":"gen9vgc2023regulationc-1863844376","p1":"ManuelBanano","p2":"TGH_sr","format":"[Gen 9] VGC 2023 Regulation C","log":"|j|\u2606ManuelBanano\n|j|\u2606TGH_sr\n|t:|1684084566\n|gametype|doubles\n|player|p1|ManuelBanano|101|1177\n|player|p2|TGH_sr|steven|1145\n|teamsize|p1|6\n|teamsize|p2|6\n|gen|9\n|tier|[Gen 9] VGC 2023 Regulation C\n|rated|\n|rule|Species Clause: Limit one of each Pok\u00e9mon\n|rule|Item Clause: Limit one of each item\n|clearpoke\n|poke|p1|Gastrodon, L50, M|\n|poke|p1|Flutter Mane, L50|\n|poke|p1|Great Tusk, L50|\n|poke|p1|Torkoal, L50, F|\n|poke|p1|Jumpluff, L50, M|\n|poke|p1|Roaring Moon, L50|\n|poke|p2|Ting-Lu, L50|\n|poke|p2|Arcanine, L50, F|\n|poke|p2|Kingambit, L50, F|\n|poke|p2|Amoonguss, L50, M|\n|poke|p2|Palafin, L50, F|\n|poke|p2|Flutter Mane, L50|\n|teampreview|4\n|inactive|Battle timer is ON: inactive players will automatically lose when time's up. (requested by ManuelBanano)\nTGH_sr has agreed to open team sheets.\n|inactive|ManuelBanano has 60 seconds left.\n|inactive|TGH_sr has 60 seconds left.\nManuelBanano rejected open team sheets.\n|inactive|TGH_sr has 30 seconds left.\n|inactive|TGH_sr has 20 seconds left.\n|inactive|TGH_sr has 15 seconds left.\n|\n|t:|1684084643\n|start\n|switch|p1a: Great Tusk|Great Tusk, L50|100\/100\n|switch|p1b: Jumpluff|Jumpluff, L50, M|100\/100\n|switch|p2a: Palafin|Palafin, L50, F|100\/100\n|switch|p2b: Arcanine|Arcanine, L50, F|100\/100\n|-ability|p2b: Arcanine|Intimidate|boost\n|-unboost|p1a: Great Tusk|atk|1\n|-unboost|p1b: Jumpluff|atk|1\n|turn|1\n|inactive|ManuelBanano has 30 seconds left.\n|inactive|TGH_sr has 30 seconds left.\n|inactive|ManuelBanano has 20 seconds left.\n|inactive|ManuelBanano has 15 seconds left.\n|inactive|ManuelBanano has 10 seconds left.\n|\n|t:|1684084692\n|move|p2a: Palafin|Protect|p2a: Palafin\n|-singleturn|p2a: Palafin|Protect\n|move|p1a: Great Tusk|Earthquake|p2a: Palafin|[spread] p2b\n|-activate|p2a: Palafin|move: Protect\n|-immune|p1b: Jumpluff\n|-supereffective|p2b: Arcanine\n|-damage|p2b: Arcanine|48\/100\n|move|p1b: Jumpluff|Sleep Powder|p2a: Palafin\n|-activate|p2a: Palafin|move: Protect\n|move|p2b: Arcanine|Will-O-Wisp|p1a: Great Tusk\n|-status|p1a: Great Tusk|brn\n|\n|-damage|p1a: Great Tusk|95\/100 brn|[from] brn\n|upkeep\n|turn|2\n|inactive|ManuelBanano has 30 seconds left.\n|inactive|TGH_sr has 30 seconds left.\n|inactive|TGH_sr has 20 seconds left.\n|inactive|TGH_sr has 15 seconds left.\n|inactive|TGH_sr has 10 seconds left.\n|\n|t:|1684084737\n|detailschange|p2a: Palafin|Palafin-Hero, L50, F\n|switch|p2a: Ting-Lu|Ting-Lu, L50|100\/100\n|-ability|p2a: Ting-Lu|Vessel of Ruin\n|move|p1a: Great Tusk|Earthquake|p2b: Arcanine|[spread] p2a,p2b\n|-immune|p1b: Jumpluff\n|-supereffective|p2b: Arcanine\n|-damage|p2a: Ting-Lu|93\/100\n|-damage|p2b: Arcanine|20\/100\n|move|p1b: Jumpluff|Encore|p2b: Arcanine\n|-start|p2b: Arcanine|Encore\n|move|p2b: Arcanine|Will-O-Wisp|p1b: Jumpluff\n|-status|p1b: Jumpluff|brn\n|\n|-damage|p1a: Great Tusk|89\/100 brn|[from] brn\n|-damage|p1b: Jumpluff|95\/100 brn|[from] brn\n|upkeep\n|turn|3\n|inactive|TGH_sr has 30 seconds left.\n|inactive|TGH_sr has 20 seconds left.\n|inactive|TGH_sr has 15 seconds left.\n|inactive|TGH_sr has 10 seconds left.\n|\n|t:|1684084786\n|switch|p2b: Flutter Mane|Flutter Mane, L50|100\/100\n|-enditem|p2b: Flutter Mane|Booster Energy\n|-activate|p2b: Flutter Mane|ability: Protosynthesis|[fromitem]\n|-start|p2b: Flutter Mane|protosynthesisspa\n|move|p1a: Great Tusk|Earthquake|p2a: Ting-Lu|[spread] p2a,p2b\n|-immune|p1b: Jumpluff\n|-damage|p2a: Ting-Lu|85\/100\n|-damage|p2b: Flutter Mane|78\/100\n|move|p1b: Jumpluff|Sleep Powder|p2a: Ting-Lu|[miss]\n|-miss|p1b: Jumpluff|p2a: Ting-Lu\n|move|p2a: Ting-Lu|Heavy Slam|p1b: Jumpluff\n|-damage|p1b: Jumpluff|48\/100 brn\n|\n|-damage|p1a: Great Tusk|83\/100 brn|[from] brn\n|-damage|p1b: Jumpluff|42\/100 brn|[from] brn\n|upkeep\n|turn|4\n|inactive|TGH_sr has 30 seconds left.\n|inactive|TGH_sr has 20 seconds left.\n|\n|t:|1684084824\n|-end|p1a: Great Tusk|Protosynthesis|[silent]\n|switch|p1a: Torkoal|Torkoal, L50, F|100\/100\n|-weather|SunnyDay|[from] ability: Drought|[of] p1a: Torkoal\n|move|p1b: Jumpluff|Sleep Powder|p2b: Flutter Mane\n|-status|p2b: Flutter Mane|slp|[from] move: Sleep Powder\n|cant|p2b: Flutter Mane|slp\n|move|p2a: Ting-Lu|Stomping Tantrum|p1a: Torkoal\n|-supereffective|p1a: Torkoal\n|-damage|p1a: Torkoal|39\/100\n|\n|-weather|SunnyDay|[upkeep]\n|-damage|p1b: Jumpluff|36\/100 brn|[from] brn\n|upkeep\n|turn|5\n|inactive|TGH_sr has 30 seconds left.\n|\n|t:|1684084855\n|-curestatus|p2b: Flutter Mane|slp|[msg]\n|move|p2b: Flutter Mane|Protect|p2b: Flutter Mane\n|-singleturn|p2b: Flutter Mane|Protect\n|move|p1b: Jumpluff|Sleep Powder|p2a: Ting-Lu|[miss]\n|-miss|p1b: Jumpluff|p2a: Ting-Lu\n|move|p2a: Ting-Lu|Heavy Slam|p1b: Jumpluff\n|-damage|p1b: Jumpluff|0 fnt\n|faint|p1b: Jumpluff\n|move|p1a: Torkoal|Overheat|p2b: Flutter Mane\n|-activate|p2b: Flutter Mane|move: Protect\n|\n|-weather|SunnyDay|[upkeep]\n|upkeep\n|\n|t:|1684084872\n|switch|p1b: Flutter Mane|Flutter Mane, L50|100\/100\n|-activate|p1b: Flutter Mane|ability: Protosynthesis\n|-start|p1b: Flutter Mane|protosynthesisspe\n|turn|6\n|inactive|TGH_sr has 30 seconds left.\n|inactive|ManuelBanano has 30 seconds left.\n|inactive|TGH_sr has 20 seconds left.\n|inactive|TGH_sr has 15 seconds left.\n|\n|t:|1684084913\n|-terastallize|p2b: Flutter Mane|Fairy\n|move|p1b: Flutter Mane|Protect|p1b: Flutter Mane\n|-singleturn|p1b: Flutter Mane|Protect\n|move|p1a: Torkoal|Protect|p1a: Torkoal\n|-singleturn|p1a: Torkoal|Protect\n|move|p2b: Flutter Mane|Shadow Ball|p1a: Torkoal\n|-activate|p1a: Torkoal|move: Protect\n|move|p2a: Ting-Lu|Heavy Slam|p1b: Flutter Mane\n|-activate|p1b: Flutter Mane|move: Protect\n|\n|-weather|SunnyDay|[upkeep]\n|upkeep\n|turn|7\n|inactive|TGH_sr has 30 seconds left.\n|inactive|TGH_sr has 20 seconds left.\n|\n|t:|1684084951\n|-terastallize|p1b: Flutter Mane|Fairy\n|move|p1a: Torkoal|Helping Hand|p1b: Flutter Mane\n|-singleturn|p1b: Flutter Mane|Helping Hand|[of] p1a: Torkoal\n|move|p1b: Flutter Mane|Dazzling Gleam|p2a: Ting-Lu|[spread] p2a,p2b\n|-supereffective|p2a: Ting-Lu\n|-damage|p2a: Ting-Lu|39\/100\n|-damage|p2b: Flutter Mane|22\/100\n|move|p2b: Flutter Mane|Shadow Ball|p1a: Torkoal\n|-damage|p1a: Torkoal|0 fnt\n|faint|p1a: Torkoal\n|move|p2a: Ting-Lu|Heavy Slam|p1b: Flutter Mane\n|-supereffective|p1b: Flutter Mane\n|-enditem|p1b: Flutter Mane|Focus Sash\n|-damage|p1b: Flutter Mane|1\/100\n|\n|-weather|SunnyDay|[upkeep]\n|upkeep\n|\n|t:|1684084967\n|switch|p1a: Great Tusk|Great Tusk, L50|83\/100 brn\n|-activate|p1a: Great Tusk|ability: Protosynthesis\n|-start|p1a: Great Tusk|protosynthesisatk\n|turn|8\n|inactive|TGH_sr has 30 seconds left.\n|inactive|TGH_sr has 20 seconds left.\n|inactive|TGH_sr has 15 seconds left.\n|inactive|TGH_sr has 10 seconds left.\n|inactive|TGH_sr has 5 seconds left.\n|\n|t:|1684085019\n|-end|p2b: Flutter Mane|Protosynthesis|[silent]\n|switch|p2b: Arcanine|Arcanine, L50, F|20\/100\n|-ability|p2b: Arcanine|Intimidate|boost\n|-unboost|p1a: Great Tusk|atk|1\n|-unboost|p1b: Flutter Mane|atk|1\n|move|p1b: Flutter Mane|Dazzling Gleam|p2a: Ting-Lu|[spread] p2a,p2b\n|-supereffective|p2a: Ting-Lu\n|-resisted|p2b: Arcanine\n|-damage|p2a: Ting-Lu|7\/100\n|-damage|p2b: Arcanine|4\/100\n|move|p1a: Great Tusk|Close Combat|p2a: Ting-Lu\n|-supereffective|p2a: Ting-Lu\n|-damage|p2a: Ting-Lu|0 fnt\n|-unboost|p1a: Great Tusk|def|1\n|-unboost|p1a: Great Tusk|spd|1\n|faint|p2a: Ting-Lu\n|\n|-weather|none\n|-end|p1b: Flutter Mane|Protosynthesis\n|-end|p1a: Great Tusk|Protosynthesis\n|-damage|p1a: Great Tusk|77\/100 brn|[from] brn\n|upkeep\n|\n|t:|1684085034\n|switch|p2a: Palafin|Palafin-Hero, L50, F|100\/100\n|-activate|p2a: Palafin|ability: Zero to Hero\n|turn|9\n|\n|t:|1684085044\n|move|p1b: Flutter Mane|Protect|p1b: Flutter Mane\n|-singleturn|p1b: Flutter Mane|Protect\n|move|p2b: Arcanine|Extreme Speed|p1b: Flutter Mane\n|-activate|p1b: Flutter Mane|move: Protect\n|move|p1a: Great Tusk|Close Combat|p2a: Palafin\n|-damage|p2a: Palafin|82\/100\n|-unboost|p1a: Great Tusk|def|1\n|-unboost|p1a: Great Tusk|spd|1\n|move|p2a: Palafin|Wave Crash|p1a: Great Tusk\n|-supereffective|p1a: Great Tusk\n|-damage|p1a: Great Tusk|0 fnt\n|faint|p1a: Great Tusk\n|-end|p1a: Great Tusk|Protosynthesis|[silent]\n|-damage|p2a: Palafin|59\/100|[from] Recoil\n|\n|upkeep\n|turn|10\n|\n|t:|1684085060\n|move|p2b: Arcanine|Extreme Speed|p1b: Flutter Mane\n|-damage|p1b: Flutter Mane|0 fnt\n|faint|p1b: Flutter Mane\n|-end|p1b: Flutter Mane|Protosynthesis|[silent]\n|\n|win|TGH_sr\n|raw|ManuelBanano's rating: 1177 → 1150<\/strong> (-27 for losing)\n|raw|TGH_sr's rating: 1145 → 1172<\/strong> (+27 for winning)\n","uploadtime":1684085070,"views":18,"p1id":"manuelbanano","p2id":"tghsr","formatid":"gen9vgc2023regulationc","rating":1150,"private":0,"password":""}