{"id":"gen9vgc2023regulationc-1861224517","p1":"SdJUB","p2":"ANKKORR","format":"[Gen 9] VGC 2023 Regulation C","log":"|j|\u2606SdJUB\n|j|\u2606ANKKORR\n|t:|1683737349\n|gametype|doubles\n|player|p1|SdJUB|giovanni|1054\n|player|p2|ANKKORR|roughneck|1014\n|teamsize|p1|6\n|teamsize|p2|6\n|gen|9\n|tier|[Gen 9] VGC 2023 Regulation C\n|rated|\n|rule|Species Clause: Limit one of each Pok\u00e9mon\n|rule|Item Clause: Limit one of each item\n|clearpoke\n|poke|p1|Weavile, L50, F|\n|poke|p1|Lucario, L50, F|\n|poke|p1|Flutter Mane, L50|\n|poke|p1|Chi-Yu, L50|\n|poke|p1|Dachsbun, L50, F|\n|poke|p1|Great Tusk, L50|\n|poke|p2|Hawlucha, L50, M|\n|poke|p2|Flutter Mane, L50|\n|poke|p2|Grimmsnarl, L50, M|\n|poke|p2|Kingambit, L50, M|\n|poke|p2|Arcanine, L50, M|\n|poke|p2|Chi-Yu, L50|\n|teampreview|4\n|inactive|Battle timer is ON: inactive players will automatically lose when time's up. (requested by ANKKORR)\n|inactive|SdJUB also wants the timer to be on.\n|\n|t:|1683737364\n|start\n|switch|p1a: Chi-Yu|Chi-Yu, L50|100\/100\n|switch|p1b: Dachsbun|Dachsbun, L50, F|100\/100\n|switch|p2a: Hawlucha|Hawlucha, L50, M|100\/100\n|switch|p2b: Grimmsnarl|Grimmsnarl, L50, M|100\/100\n|-ability|p1a: Chi-Yu|Beads of Ruin\n|turn|1\n|\n|t:|1683737382\n|-terastallize|p2a: Hawlucha|Flying\n|move|p2b: Grimmsnarl|Swagger|p1a: Chi-Yu\n|-hint|Since gen 7, Dark is immune to Prankster moves.\n|-immune|p1a: Chi-Yu\n|move|p2a: Hawlucha|Drain Punch|p1a: Chi-Yu\n|-supereffective|p1a: Chi-Yu\n|-damage|p1a: Chi-Yu|0 fnt\n|faint|p1a: Chi-Yu\n|move|p1b: Dachsbun|Play Rough|p2a: Hawlucha\n|-damage|p2a: Hawlucha|51\/100\n|\n|upkeep\n|\n|t:|1683737406\n|switch|p1a: Weavile|Weavile, L50, F|100\/100\n|-ability|p1a: Weavile|Pressure\n|turn|2\n|\n|t:|1683737420\n|move|p1a: Weavile|Ice Shard|p2a: Hawlucha\n|-supereffective|p2a: Hawlucha\n|-damage|p2a: Hawlucha|0 fnt\n|faint|p2a: Hawlucha\n|move|p2b: Grimmsnarl|Swagger|p1b: Dachsbun\n|-boost|p1b: Dachsbun|atk|2\n|-start|p1b: Dachsbun|confusion\n|-activate|p1b: Dachsbun|confusion\n|move|p1b: Dachsbun|Play Rough|p2b: Grimmsnarl\n|-supereffective|p2b: Grimmsnarl\n|-damage|p2b: Grimmsnarl|0 fnt\n|faint|p2b: Grimmsnarl\n|\n|upkeep\n|\n|t:|1683737431\n|switch|p2a: Kingambit|Kingambit, L50, M|100\/100\n|switch|p2b: Arcanine|Arcanine, L50, M|100\/100\n|-ability|p2b: Arcanine|Intimidate|boost\n|-unboost|p1a: Weavile|atk|1\n|-unboost|p1b: Dachsbun|atk|1\n|turn|3\n|\n|t:|1683737446\n|move|p1a: Weavile|Foul Play|p2b: Arcanine\n|-damage|p2b: Arcanine|60\/100\n|-end|p1b: Dachsbun|confusion\n|move|p1b: Dachsbun|Body Press|p2a: Kingambit\n|-supereffective|p2a: Kingambit\n|-damage|p2a: Kingambit|33\/100\n|move|p2b: Arcanine|Flare Blitz|p1a: Weavile\n|-supereffective|p1a: Weavile\n|-damage|p1a: Weavile|0 fnt\n|faint|p1a: Weavile\n|-damage|p2b: Arcanine|36\/100|[from] Recoil\n|move|p2a: Kingambit|Iron Head|p1b: Dachsbun\n|-supereffective|p1b: Dachsbun\n|-damage|p1b: Dachsbun|0 fnt\n|faint|p1b: Dachsbun\n|\n|upkeep\n|\n|t:|1683737460\n|switch|p1b: Lucario|Lucario, L50, F|100\/100\n|turn|4\n|\n|t:|1683737473\n|-terastallize|p1b: Lucario|Water\n|move|p1b: Lucario|Close Combat|p2b: Arcanine\n|-damage|p2b: Arcanine|0 fnt\n|-unboost|p1b: Lucario|def|1\n|-unboost|p1b: Lucario|spd|1\n|faint|p2b: Arcanine\n|move|p2a: Kingambit|Iron Head|p1b: Lucario\n|-resisted|p1b: Lucario\n|-damage|p1b: Lucario|42\/100\n|\n|upkeep\n|turn|5\n|\n|t:|1683737484\n|move|p2a: Kingambit|Sucker Punch|p1b: Lucario\n|-damage|p1b: Lucario|0 fnt\n|faint|p1b: Lucario\n|\n|win|ANKKORR\n|raw|SdJUB's rating: 1054 → 1034<\/strong> (-20 for losing)\n|raw|ANKKORR's rating: 1014 → 1056<\/strong> (+42 for winning)\n","uploadtime":1683737487,"views":6,"p1id":"sdjub","p2id":"ankkorr","formatid":"gen9vgc2023regulationc","rating":1034,"private":0,"password":""}