{"id":"gen9vgc2023regulationc-1848594070","p1":"The_Chauffeur","p2":"vgcproto","format":"[Gen 9] VGC 2023 Regulation C","log":"|j|\u2606The_Chauffeur\n|j|\u2606vgcproto\n|t:|1682092891\n|gametype|doubles\n|player|p1|The_Chauffeur|pokemonbreeder-gen4|1563\n|player|p2|vgcproto|lucas|1504\n|teamsize|p1|6\n|teamsize|p2|6\n|gen|9\n|tier|[Gen 9] VGC 2023 Regulation C\n|rated|\n|rule|Species Clause: Limit one of each Pok\u00e9mon\n|rule|Item Clause: Limit one of each item\n|clearpoke\n|poke|p1|Bronzong, L50|\n|poke|p1|Ting-Lu, L50|\n|poke|p1|Iron Hands, L50|\n|poke|p1|Indeedee-F, L50, F|\n|poke|p1|Armarouge, L50, F|\n|poke|p1|Great Tusk, L50|\n|poke|p2|Corviknight, L50, M|\n|poke|p2|Flutter Mane, L50|\n|poke|p2|Great Tusk, L50|\n|poke|p2|Murkrow, L50, F|\n|poke|p2|Brute Bonnet, L50|\n|poke|p2|Arcanine, L50, F|\n|teampreview|4\nThe_Chauffeur rejected open team sheets.\n|j| JonssonLeague\n|j| MondayXyz\n|l| JonssonLeague\n|\n|t:|1682092936\n|start\n|switch|p1a: Machego|Ting-Lu, L50|100\/100\n|switch|p1b: Gouda|Armarouge, L50, F|100\/100\n|switch|p2a: Murkrow|Murkrow, L50, F|100\/100\n|switch|p2b: Corviknight|Corviknight, L50, M|100\/100\n|-ability|p1a: Machego|Vessel of Ruin\n|turn|1\n|inactive|Battle timer is ON: inactive players will automatically lose when time's up. (requested by vgcproto)\n|\n|t:|1682092960\n|-terastallize|p2b: Corviknight|Flying\n|move|p2a: Murkrow|Tailwind|p2a: Murkrow\n|-sidestart|p2: vgcproto|move: Tailwind\n|move|p2b: Corviknight|Brave Bird|p1b: Gouda\n|-damage|p1b: Gouda|1\/100\n|-ability|p1b: Gouda|Weak Armor|boost\n|-unboost|p1b: Gouda|def|1\n|-boost|p1b: Gouda|spe|2\n|-damage|p2b: Corviknight|70\/100|[from] Recoil\n|move|p1b: Gouda|Heat Wave|p2b: Corviknight|[spread] p2a,p2b\n|-damage|p2a: Murkrow|51\/100\n|-damage|p2b: Corviknight|36\/100\n|move|p1a: Machego|Rock Slide|p2b: Corviknight|[spread] p2b\n|-miss|p1a: Machego|p2a: Murkrow\n|-supereffective|p2b: Corviknight\n|-damage|p2b: Corviknight|0 fnt\n|faint|p2b: Corviknight\n|\n|upkeep\n|\n|t:|1682092979\n|switch|p2b: Flutter Mane|Flutter Mane, L50|100\/100\n|turn|2\n|j| efrgebgf\n|\n|t:|1682092999\n|-terastallize|p1a: Machego|Water\n|move|p1b: Gouda|Endure|p1b: Gouda\n|-singleturn|p1b: Gouda|move: Endure\n|move|p2b: Flutter Mane|Moonblast|p1a: Machego\n|-damage|p1a: Machego|59\/100\n|move|p2a: Murkrow|Brave Bird|p1b: Gouda\n|-activate|p1b: Gouda|move: Endure\n|-damage|p1b: Gouda|1\/100\n|-ability|p1b: Gouda|Weak Armor|boost\n|-unboost|p1b: Gouda|def|1\n|-boost|p1b: Gouda|spe|2\n|move|p1a: Machego|Rock Slide|p2b: Flutter Mane|[spread] p2a,p2b\n|-supereffective|p2a: Murkrow\n|-damage|p2a: Murkrow|0 fnt\n|-damage|p2b: Flutter Mane|50\/100\n|faint|p2a: Murkrow\n|\n|upkeep\n|\n|t:|1682093004\n|switch|p2a: Brute Bonnet|Brute Bonnet, L50|100\/100\n|turn|3\n|l| efrgebgf\n|inactive|The_Chauffeur has 30 seconds left.\n|\n|t:|1682093036\n|switch|p1a: Brie|Indeedee-F, L50, F|100\/100\n|-fieldstart|move: Psychic Terrain|[from] ability: Psychic Surge|[of] p1a: Brie\n|move|p2b: Flutter Mane|Moonblast|p1a: Brie\n|-damage|p1a: Brie|40\/100\n|move|p1b: Gouda|Destiny Bond|p1b: Gouda\n|-singlemove|p1b: Gouda|Destiny Bond\n|move|p2a: Brute Bonnet|Spore|p1b: Gouda\n|-status|p1b: Gouda|slp|[from] move: Spore\n|\n|upkeep\n|turn|4\n|inactive|The_Chauffeur has 30 seconds left.\n|\n|t:|1682093064\n|move|p2a: Brute Bonnet|Rage Powder|p2a: Brute Bonnet\n|-singleturn|p2a: Brute Bonnet|move: Rage Powder\n|move|p2b: Flutter Mane|Moonblast|p1a: Brie\n|-damage|p1a: Brie|0 fnt\n|faint|p1a: Brie\n|cant|p1b: Gouda|slp\n|\n|-sideend|p2: vgcproto|move: Tailwind\n|upkeep\n|\n|t:|1682093080\n|switch|p1a: Machego|Ting-Lu, L50, tera:Water|59\/100\n|-ability|p1a: Machego|Vessel of Ruin\n|turn|5\n|\n|t:|1682093103\n|-curestatus|p1b: Gouda|slp|[msg]\n|move|p1b: Gouda|Heat Wave|p2b: Flutter Mane|[spread] p2a,p2b\n|-supereffective|p2a: Brute Bonnet\n|-damage|p2a: Brute Bonnet|46\/100\n|-damage|p2b: Flutter Mane|24\/100\n|move|p2b: Flutter Mane|Moonblast|p1b: Gouda\n|-resisted|p1b: Gouda\n|-crit|p1b: Gouda\n|-damage|p1b: Gouda|0 fnt\n|faint|p1b: Gouda\n|move|p2a: Brute Bonnet|Bullet Seed|p1a: Machego\n|-supereffective|p1a: Machego\n|-damage|p1a: Machego|43\/100\n|-supereffective|p1a: Machego\n|-damage|p1a: Machego|25\/100\n|-supereffective|p1a: Machego\n|-damage|p1a: Machego|8\/100\n|-supereffective|p1a: Machego\n|-damage|p1a: Machego|0 fnt\n|faint|p1a: Machego\n|-hitcount|p1: Machego|4\n|\n|upkeep\n|\n|t:|1682093114\n|switch|p1b: Muenster|Great Tusk, L50|100\/100\n|turn|6\n|\n|t:|1682093129\n|move|p1b: Muenster|Rock Slide|p2a: Brute Bonnet|[spread] p2a,p2b\n|-damage|p2a: Brute Bonnet|28\/100\n|-damage|p2b: Flutter Mane|0 fnt\n|faint|p2b: Flutter Mane\n|-end|p2b: Flutter Mane|Protosynthesis|[silent]\n|move|p2a: Brute Bonnet|Spore|p1b: Muenster\n|-status|p1b: Muenster|slp|[from] move: Spore\n|\n|upkeep\n|turn|7\n|\n|t:|1682093138\n|cant|p1b: Muenster|slp\n|move|p2a: Brute Bonnet|Bullet Seed|p1b: Muenster\n|-supereffective|p1b: Muenster\n|-damage|p1b: Muenster|79\/100 slp\n|-supereffective|p1b: Muenster\n|-damage|p1b: Muenster|59\/100 slp\n|-supereffective|p1b: Muenster\n|-damage|p1b: Muenster|40\/100 slp\n|-supereffective|p1b: Muenster\n|-damage|p1b: Muenster|20\/100 slp\n|-supereffective|p1b: Muenster\n|-damage|p1b: Muenster|1\/100 slp\n|-hitcount|p1b: Muenster|5\n|\n|-fieldend|move: Psychic Terrain\n|upkeep\n|turn|8\n|\n|t:|1682093143\n|cant|p1b: Muenster|slp\n|move|p2a: Brute Bonnet|Bullet Seed|p1b: Muenster\n|-supereffective|p1b: Muenster\n|-damage|p1b: Muenster|0 fnt\n|faint|p1b: Muenster\n|-end|p1b: Muenster|Protosynthesis|[silent]\n|-hitcount|p1: Muenster|1\n|\n|win|vgcproto\n|raw|The_Chauffeur's rating: 1563 → 1540<\/strong> (-23 for losing)\n|raw|vgcproto's rating: 1504 → 1527<\/strong> (+23 for winning)\n|c|\u2606The_Chauffeur|gg\n|c|\u2606vgcproto|gg\n","uploadtime":1682093150,"views":6,"p1id":"thechauffeur","p2id":"vgcproto","formatid":"gen9vgc2023regulationc","rating":1527,"private":0,"password":""}