{"id":"gen9vgc2023regulationc-1855410832","p1":"haha you rage quit","p2":"ItsAvery3","format":"[Gen 9] VGC 2023 Regulation C","log":"|j|\u2606haha you rage quit\n|j|\u2606ItsAvery3\n|t:|1682948776\n|gametype|doubles\n|player|p1|haha you rage quit|pokemaniac|1401\n|player|p2|ItsAvery3|veteranf|1361\n|teamsize|p1|6\n|teamsize|p2|6\n|gen|9\n|tier|[Gen 9] VGC 2023 Regulation C\n|rated|\n|rule|Species Clause: Limit one of each Pok\u00e9mon\n|rule|Item Clause: Limit one of each item\n|clearpoke\n|poke|p1|Torkoal, L50, M|\n|poke|p1|Kingambit, L50, M|\n|poke|p1|Indeedee-F, L50, F|\n|poke|p1|Hatterene, L50, F|\n|poke|p1|Armarouge, L50, M|\n|poke|p1|Annihilape, L50, M|\n|poke|p2|Iron Treads, L50|\n|poke|p2|Glimmora, L50, F|\n|poke|p2|Meowscarada, L50, M|\n|poke|p2|Skeledirge, L50, M|\n|poke|p2|Dondozo, L50, F|\n|poke|p2|Tatsugiri, L50, F|\n|teampreview|4\n|\n|t:|1682948826\n|start\n|switch|p1a: Indeedee|Indeedee-F, L50, F, shiny|100\/100\n|switch|p1b: Annihilape|Annihilape, L50, M|100\/100\n|switch|p2a: Meowscarada|Meowscarada, L50, M|100\/100\n|switch|p2b: Skeledirge|Skeledirge, L50, M|100\/100\n|-fieldstart|move: Psychic Terrain|[from] ability: Psychic Surge|[of] p1a: Indeedee\n|-enditem|p1a: Indeedee|Psychic Seed\n|-boost|p1a: Indeedee|spd|1|[from] item: Psychic Seed\n|turn|1\n|c|\u2606ItsAvery3|glhf!\n|\n|t:|1682948855\n|move|p1b: Annihilape|U-turn|p2a: Meowscarada\n|-supereffective|p2a: Meowscarada\n|-enditem|p2a: Meowscarada|Focus Sash\n|-damage|p2a: Meowscarada|1\/100\n|\n|t:|1682948870\n|switch|p1b: Hatterene|Hatterene, L50, F|100\/100|[from] U-turn\n|move|p2a: Meowscarada|Grass Pledge|p1a: Indeedee\n|-waiting|p2a: Meowscarada|p2b: Skeledirge\n|move|p2b: Skeledirge|Fire Pledge|p1a: Indeedee|[from]move: Grass Pledge\n|-combine\n|-damage|p1a: Indeedee|41\/100\n|-sidestart|p1: haha you rage quit|Fire Pledge\n|move|p1a: Indeedee|Trick Room|p1a: Indeedee\n|-fieldstart|move: Trick Room|[of] p1a: Indeedee\n|\n|-damage|p1b: Hatterene|89\/100|[from] Fire Pledge\n|-damage|p1a: Indeedee|28\/100|[from] Fire Pledge\n|upkeep\n|turn|2\n|\n|t:|1682948894\n|move|p2a: Meowscarada|Protect|p2a: Meowscarada\n|-singleturn|p2a: Meowscarada|Protect\n|move|p1b: Hatterene|Psychic|p2b: Skeledirge\n|-damage|p2b: Skeledirge|34\/100\n|-damage|p1b: Hatterene|79\/100|[from] item: Life Orb\n|move|p1a: Indeedee|Dazzling Gleam|p2a: Meowscarada|[spread] p2b\n|-activate|p2a: Meowscarada|move: Protect\n|-resisted|p2b: Skeledirge\n|-damage|p2b: Skeledirge|30\/100\n|move|p2b: Skeledirge|Heat Wave|p1b: Hatterene|[spread] p1a,p1b\n|-damage|p1a: Indeedee|1\/100\n|-damage|p1b: Hatterene|41\/100\n|-status|p1a: Indeedee|brn\n|\n|-damage|p1b: Hatterene|29\/100|[from] Fire Pledge\n|-damage|p1a: Indeedee|0 fnt|[from] Fire Pledge\n|faint|p1a: Indeedee\n|upkeep\n|\n|t:|1682948917\n|switch|p1a: Torkoal|Torkoal, L50, M|100\/100\n|-weather|SunnyDay|[from] ability: Drought|[of] p1a: Torkoal\n|turn|3\n|\n|t:|1682948932\n|move|p2a: Meowscarada|Protect|p2a: Meowscarada\n|-singleturn|p2a: Meowscarada|Protect\n|move|p1a: Torkoal|Eruption|p2a: Meowscarada|[spread] p2b\n|-activate|p2a: Meowscarada|move: Protect\n|-resisted|p2b: Skeledirge\n|-damage|p2b: Skeledirge|0 fnt\n|faint|p2b: Skeledirge\n|move|p1b: Hatterene|Dazzling Gleam|p2a: Meowscarada\n|-activate|p2a: Meowscarada|move: Protect\n|\n|-weather|SunnyDay|[upkeep]\n|-damage|p1b: Hatterene|17\/100|[from] Fire Pledge\n|upkeep\n|\n|t:|1682948944\n|switch|p2b: Dondozo|Dondozo, L50, F|100\/100\n|turn|4\n|\n|t:|1682948967\n|-terastallize|p1a: Torkoal|Grass\n|move|p2b: Dondozo|Protect|p2b: Dondozo\n|-singleturn|p2b: Dondozo|Protect\n|move|p2a: Meowscarada|Protect||[still]\n|-fail|p2a: Meowscarada\n|move|p1a: Torkoal|Eruption|p2b: Dondozo|[spread] p2a\n|-activate|p2b: Dondozo|move: Protect\n|-supereffective|p2a: Meowscarada\n|-damage|p2a: Meowscarada|0 fnt\n|faint|p2a: Meowscarada\n|move|p1b: Hatterene|Psychic|p2b: Dondozo\n|-activate|p2b: Dondozo|move: Protect\n|\n|-weather|SunnyDay|[upkeep]\n|-damage|p1a: Torkoal|88\/100|[from] Fire Pledge\n|-damage|p1b: Hatterene|5\/100|[from] Fire Pledge\n|-sideend|p1: haha you rage quit|Fire Pledge\n|upkeep\n|\n|t:|1682948982\n|switch|p2a: Tatsugiri|Tatsugiri, L50, F|100\/100\n|-activate|p2a: Tatsugiri|ability: Commander|[of] p2b: Dondozo\n|-boost|p2b: Dondozo|atk|2\n|-boost|p2b: Dondozo|spa|2\n|-boost|p2b: Dondozo|spe|2\n|-boost|p2b: Dondozo|def|2\n|-boost|p2b: Dondozo|spd|2\n|turn|5\n|\n|t:|1682948995\n|move|p2b: Dondozo|Protect|p2b: Dondozo\n|-singleturn|p2b: Dondozo|Protect\n|move|p1a: Torkoal|Clear Smog|p2b: Dondozo\n|-activate|p2b: Dondozo|move: Protect\n|move|p1b: Hatterene|Psychic|p2b: Dondozo\n|-activate|p2b: Dondozo|move: Protect\n|\n|-weather|SunnyDay|[upkeep]\n|-fieldend|move: Trick Room\n|-fieldend|move: Psychic Terrain\n|upkeep\n|turn|6\n|\n|t:|1682949026\n|-terastallize|p2b: Dondozo|Steel\n|move|p1b: Hatterene|Protect|p1b: Hatterene\n|-singleturn|p1b: Hatterene|Protect\n|move|p2b: Dondozo|Rock Slide|p1b: Hatterene|[spread] p1a\n|-activate|p1b: Hatterene|move: Protect\n|-damage|p1a: Torkoal|63\/100\n|move|p1a: Torkoal|Clear Smog|p2b: Dondozo\n|-immune|p2b: Dondozo\n|\n|-weather|SunnyDay|[upkeep]\n|upkeep\n|turn|7\n|\n|t:|1682949047\n|switch|p1b: Annihilape|Annihilape, L50, M|100\/100\n|move|p2b: Dondozo|Protect|p2b: Dondozo\n|-singleturn|p2b: Dondozo|Protect\n|move|p1a: Torkoal|Heat Wave|p2b: Dondozo|[spread] \n|-miss|p1a: Torkoal|p2a: Tatsugiri\n|-activate|p2b: Dondozo|move: Protect\n|\n|-weather|none\n|upkeep\n|turn|8\n|c|\u2606ItsAvery3|Two double protects omfg\n|\n|t:|1682949062\n|move|p1b: Annihilape|Final Gambit|p2b: Dondozo\n|-damage|p2b: Dondozo|4\/100\n|faint|p1b: Annihilape\n|move|p2b: Dondozo|Rock Slide|p1a: Torkoal\n|-damage|p1a: Torkoal|29\/100\n|cant|p1a: Torkoal|flinch\n|\n|-heal|p2b: Dondozo|10\/100|[from] item: Leftovers\n|upkeep\n|\n|t:|1682949068\n|switch|p1b: Hatterene|Hatterene, L50, F|5\/100\n|turn|9\n|\n|t:|1682949099\n|move|p1b: Hatterene|Protect|p1b: Hatterene\n|-singleturn|p1b: Hatterene|Protect\n|move|p2b: Dondozo|Rock Slide|p1a: Torkoal|[spread] p1a\n|-activate|p1b: Hatterene|move: Protect\n|-damage|p1a: Torkoal|6\/100\n|move|p1a: Torkoal|Heat Wave|p2b: Dondozo|[spread] p2b\n|-miss|p1a: Torkoal|p2a: Tatsugiri\n|-supereffective|p2b: Dondozo\n|-damage|p2b: Dondozo|0 fnt\n|faint|p2b: Dondozo\n|\n|upkeep\n|turn|10\n|c|\u2606ItsAvery3|gg!\n|-message|haha you rage quit forfeited.\n|\n|win|ItsAvery3\n|raw|haha you rage quit's rating: 1401 → 1379<\/strong> (-22 for losing)\n|raw|ItsAvery3's rating: 1361 → 1383<\/strong> (+22 for winning)\n|l|\u2606haha you rage quit\n","uploadtime":1682949215,"views":20,"p1id":"hahayouragequit","p2id":"itsavery3","formatid":"gen9vgc2023regulationc","rating":1379,"private":0,"password":""}