{"id":"gen9vgc2023regulationc-1853199163","p1":"AAAlelele","p2":"Zerowen","format":"[Gen 9] VGC 2023 Regulation C","log":"|j|\u2606AAAlelele\n|j|\u2606Zerowen\n|t:|1682647586\n|gametype|doubles\n|player|p1|AAAlelele|ninjaboy|1193\n|player|p2|Zerowen|ingo|1277\n|teamsize|p1|6\n|teamsize|p2|6\n|gen|9\n|tier|[Gen 9] VGC 2023 Regulation C\n|rated|\n|rule|Species Clause: Limit one of each Pok\u00e9mon\n|rule|Item Clause: Limit one of each item\n|clearpoke\n|poke|p1|Great Tusk, L50|\n|poke|p1|Scream Tail, L50|\n|poke|p1|Dragonite, L50, M|\n|poke|p1|Chien-Pao, L50|\n|poke|p1|Corviknight, L50, M|\n|poke|p1|Rotom-Wash, L50|\n|poke|p2|Palafin, L50, M|\n|poke|p2|Flutter Mane, L50|\n|poke|p2|Arcanine, L50, F|\n|poke|p2|Iron Bundle, L50|\n|poke|p2|Amoonguss, L50, M|\n|poke|p2|Roaring Moon, L50|\n|teampreview|4\n|inactive|Battle timer is ON: inactive players will automatically lose when time's up. (requested by AAAlelele)\n|\n|t:|1682647722\n|start\n|switch|p1a: Corviknight|Corviknight, L50, M, shiny|100\/100\n|switch|p1b: Scream Tail|Scream Tail, L50|100\/100\n|switch|p2a: BATMAN?!?!|Palafin, L50, M|100\/100\n|switch|p2b: SUSIMPOSTER\ud83d\udcee|Amoonguss, L50, M|100\/100\n|-enditem|p1b: Scream Tail|Booster Energy\n|-activate|p1b: Scream Tail|ability: Protosynthesis|[fromitem]\n|-start|p1b: Scream Tail|protosynthesisspe\n|turn|1\n|inactive|AAAlelele has 30 seconds left.\n|inactive|Zerowen has 30 seconds left.\n|inactive|AAAlelele has 20 seconds left.\n|\n|t:|1682647762\n|-terastallize|p2b: SUSIMPOSTER\ud83d\udcee|Water\n|move|p2a: BATMAN?!?!|Protect|p2a: BATMAN?!?!\n|-singleturn|p2a: BATMAN?!?!|Protect\n|move|p1b: Scream Tail|Howl|p1b: Scream Tail|[spread] p1a,p1b\n|-boost|p1a: Corviknight|atk|1\n|-boost|p1b: Scream Tail|atk|1\n|move|p1a: Corviknight|Bulk Up|p1a: Corviknight\n|-boost|p1a: Corviknight|atk|1\n|-boost|p1a: Corviknight|def|1\n|move|p2b: SUSIMPOSTER\ud83d\udcee|Spore|p1a: Corviknight\n|-activate|p1a: Corviknight|item: Safety Goggles|Spore\n|\n|upkeep\n|turn|2\n|\n|t:|1682647784\n|move|p1b: Scream Tail|Disable|p2b: SUSIMPOSTER\ud83d\udcee\n|-start|p2b: SUSIMPOSTER\ud83d\udcee|Disable|Spore\n|move|p2a: BATMAN?!?!|Haze|p2a: BATMAN?!?!\n|-clearallboost\n|move|p1a: Corviknight|Brave Bird|p2a: BATMAN?!?!\n|-damage|p2a: BATMAN?!?!|60\/100\n|-damage|p1a: Corviknight|87\/100|[from] Recoil\n|cant|p2b: SUSIMPOSTER\ud83d\udcee|Disable|Spore\n|\n|upkeep\n|turn|3\n|\n|t:|1682647805\n|detailschange|p2a: BATMAN?!?!|Palafin-Hero, L50, M\n|switch|p2a: \ud83d\udc9c\ud83d\udc93\ud83d\udc9c|Flutter Mane, L50|100\/100\n|move|p1b: Scream Tail|Disable||[still]\n|-fail|p1b: Scream Tail\n|move|p1a: Corviknight|Bulk Up|p1a: Corviknight\n|-boost|p1a: Corviknight|atk|1\n|-boost|p1a: Corviknight|def|1\n|move|p2b: SUSIMPOSTER\ud83d\udcee|Pollen Puff|p2a: \ud83d\udc9c\ud83d\udc93\ud83d\udc9c\n|-immune|p2a: \ud83d\udc9c\ud83d\udc93\ud83d\udc9c\n|\n|upkeep\n|turn|4\n|\n|t:|1682647827\n|move|p2b: SUSIMPOSTER\ud83d\udcee|Rage Powder|p2b: SUSIMPOSTER\ud83d\udcee\n|-singleturn|p2b: SUSIMPOSTER\ud83d\udcee|move: Rage Powder\n|move|p1b: Scream Tail|Howl|p1b: Scream Tail|[spread] p1a,p1b\n|-boost|p1a: Corviknight|atk|1\n|-boost|p1b: Scream Tail|atk|1\n|move|p2a: \ud83d\udc9c\ud83d\udc93\ud83d\udc9c|Shadow Ball|p1a: Corviknight\n|-damage|p1a: Corviknight|37\/100\n|-ability|p1a: Corviknight|Mirror Armor\n|-unboost|p2a: \ud83d\udc9c\ud83d\udc93\ud83d\udc9c|spd|1\n|move|p1a: Corviknight|Brave Bird|p2a: \ud83d\udc9c\ud83d\udc93\ud83d\udc9c\n|-damage|p2a: \ud83d\udc9c\ud83d\udc93\ud83d\udc9c|0 fnt\n|faint|p2a: \ud83d\udc9c\ud83d\udc93\ud83d\udc9c\n|-end|p2a: \ud83d\udc9c\ud83d\udc93\ud83d\udc9c|Protosynthesis|[silent]\n|-damage|p1a: Corviknight|14\/100|[from] Recoil\n|\n|upkeep\n|\n|t:|1682647845\n|switch|p2a: RK9|Arcanine, L50, F|100\/100\n|-ability|p2a: RK9|Intimidate|boost\n|-ability|p1a: Corviknight|Mirror Armor\n|-unboost|p2a: RK9|atk|1\n|-unboost|p1b: Scream Tail|atk|1\n|turn|5\n|inactive|AAAlelele has 30 seconds left.\n|inactive|AAAlelele has 20 seconds left.\n|inactive|AAAlelele has 15 seconds left.\n|\n|t:|1682647887\n|-terastallize|p1a: Corviknight|Fire\n|move|p1b: Scream Tail|Howl|p1b: Scream Tail|[spread] p1a,p1b\n|-boost|p1a: Corviknight|atk|1\n|-boost|p1b: Scream Tail|atk|1\n|move|p2a: RK9|Flare Blitz|p1a: Corviknight\n|-resisted|p1a: Corviknight\n|-damage|p1a: Corviknight|7\/100\n|-damage|p2a: RK9|98\/100|[from] Recoil\n|move|p1a: Corviknight|Roost|p1a: Corviknight\n|-heal|p1a: Corviknight|57\/100\n|move|p2b: SUSIMPOSTER\ud83d\udcee|Pollen Puff|p1b: Scream Tail\n|-damage|p1b: Scream Tail|89\/100\n|\n|-end|p2b: SUSIMPOSTER\ud83d\udcee|Disable\n|upkeep\n|turn|6\n|inactive|AAAlelele has 30 seconds left.\n|\n|t:|1682647913\n|move|p1b: Scream Tail|Encore|p2b: SUSIMPOSTER\ud83d\udcee\n|-start|p2b: SUSIMPOSTER\ud83d\udcee|Encore\n|move|p2a: RK9|Will-O-Wisp|p1b: Scream Tail\n|-status|p1b: Scream Tail|brn\n|move|p1a: Corviknight|Brave Bird|p2a: RK9\n|-damage|p2a: RK9|0 fnt\n|faint|p2a: RK9\n|-damage|p1a: Corviknight|26\/100|[from] Recoil\n|move|p2b: SUSIMPOSTER\ud83d\udcee|Pollen Puff|p1b: Scream Tail\n|-damage|p1b: Scream Tail|76\/100 brn\n|\n|-damage|p1b: Scream Tail|70\/100 brn|[from] brn\n|upkeep\n|\n|t:|1682647920\n|switch|p2a: BATMAN?!?!|Palafin-Hero, L50, M|60\/100\n|-activate|p2a: BATMAN?!?!|ability: Zero to Hero\n|turn|7\n|\n|t:|1682647937\n|move|p2a: BATMAN?!?!|Jet Punch|p1a: Corviknight\n|-supereffective|p1a: Corviknight\n|-damage|p1a: Corviknight|0 fnt\n|faint|p1a: Corviknight\n|move|p1b: Scream Tail|Disable|p2a: BATMAN?!?!\n|-start|p2a: BATMAN?!?!|Disable|Jet Punch\n|move|p2b: SUSIMPOSTER\ud83d\udcee|Pollen Puff|p2a: BATMAN?!?!\n|-heal|p2a: BATMAN?!?!|100\/100\n|\n|-damage|p1b: Scream Tail|64\/100 brn|[from] brn\n|upkeep\n|\n|t:|1682647949\n|switch|p1a: Rotom|Rotom-Wash, L50|100\/100\n|turn|8\n|\n|t:|1682647960\n|move|p1b: Scream Tail|Encore|p2a: BATMAN?!?!\n|-start|p2a: BATMAN?!?!|Encore\n|cant|p2a: BATMAN?!?!|Disable|Jet Punch\n|move|p1a: Rotom|Thunderbolt|p2a: BATMAN?!?!\n|-supereffective|p2a: BATMAN?!?!\n|-damage|p2a: BATMAN?!?!|18\/100\n|move|p2b: SUSIMPOSTER\ud83d\udcee|Pollen Puff|p2a: BATMAN?!?!\n|-heal|p2a: BATMAN?!?!|68\/100\n|\n|-damage|p1b: Scream Tail|58\/100 brn|[from] brn\n|-end|p2b: SUSIMPOSTER\ud83d\udcee|Encore\n|upkeep\n|turn|9\n|\n|t:|1682647981\n|move|p1b: Scream Tail|Encore|p2b: SUSIMPOSTER\ud83d\udcee\n|-start|p2b: SUSIMPOSTER\ud83d\udcee|Encore\n|-activate|p2a: BATMAN?!?!|move: Struggle\n|move|p2a: BATMAN?!?!|Struggle|p1a: Rotom\n|-damage|p1a: Rotom|75\/100\n|-damage|p2a: BATMAN?!?!|43\/100|[from] recoil\n|move|p1a: Rotom|Thunderbolt|p2a: BATMAN?!?!\n|-supereffective|p2a: BATMAN?!?!\n|-damage|p2a: BATMAN?!?!|0 fnt\n|faint|p2a: BATMAN?!?!\n|move|p2b: SUSIMPOSTER\ud83d\udcee|Pollen Puff|p1b: Scream Tail\n|-damage|p1b: Scream Tail|46\/100 brn\n|\n|-damage|p1b: Scream Tail|40\/100 brn|[from] brn\n|upkeep\n|turn|10\n|-message|Zerowen forfeited.\n|\n|win|AAAlelele\n|raw|AAAlelele's rating: 1193 → 1224<\/strong> (+31 for winning)\n|raw|Zerowen's rating: 1277 → 1246<\/strong> (-31 for losing)\n|l|\u2606Zerowen\n|l|\u2606AAAlelele\n|j|\u2606AAAlelele\n|player|p1|AAAlelele|ninjaboy\n","uploadtime":1682648065,"views":4,"p1id":"aaalelele","p2id":"zerowen","formatid":"gen9vgc2023regulationc","rating":1224,"private":0,"password":""}