{"id":"gen9vgc2023regulationc-1844831542","p1":"Temorgreico","p2":"WillieDangerously","format":"[Gen 9] VGC 2023 Regulation C","log":"|j|\u2606Temorgreico\n|j|\u2606WillieDangerously\n|t:|1681653991\n|gametype|doubles\n|player|p1|Temorgreico|265|1254\n|player|p2|WillieDangerously|psychic-gen4|1325\n|teamsize|p1|6\n|teamsize|p2|6\n|gen|9\n|tier|[Gen 9] VGC 2023 Regulation C\n|rated|\n|rule|Species Clause: Limit one of each Pok\u00e9mon\n|rule|Item Clause: Limit one of each item\n|clearpoke\n|poke|p1|Volcarona, L50, M|\n|poke|p1|Oricorio-Pom-Pom, L50, M|\n|poke|p1|Grimmsnarl, L50, M|\n|poke|p1|Frosmoth, L50, F|\n|poke|p1|Quaquaval, L50, M|\n|poke|p1|Wo-Chien, L50|\n|poke|p2|Corviknight, L50, F|\n|poke|p2|Tyranitar, L50, M|\n|poke|p2|Houndstone, L50, M|\n|poke|p2|Amoonguss, L50, F|\n|poke|p2|Iron Bundle, L50|\n|poke|p2|Arcanine, L50, M|\n|teampreview|4\n|inactive|Battle timer is ON: inactive players will automatically lose when time's up. (requested by Temorgreico)\nWillieDangerously has agreed to open team sheets.\n|inactive|Temorgreico has 60 seconds left.\n|inactive|WillieDangerously has 60 seconds left.\n|\n|t:|1681654041\n|start\n|switch|p1a: Quaquaval|Quaquaval, L50, M|100\/100\n|switch|p1b: Wo-Chien|Wo-Chien, L50|100\/100\n|switch|p2a: Arcanine|Arcanine, L50, M|100\/100\n|switch|p2b: Tyranitar|Tyranitar, L50, M|100\/100\n|-ability|p2a: Arcanine|Intimidate|boost\n|-unboost|p1a: Quaquaval|atk|1\n|-unboost|p1b: Wo-Chien|atk|1\n|-weather|Sandstorm|[from] ability: Sand Stream|[of] p2b: Tyranitar\n|-ability|p1b: Wo-Chien|Tablets of Ruin\n|turn|1\n|inactive|Temorgreico has 30 seconds left.\n|inactive|WillieDangerously has 30 seconds left.\n|\n|t:|1681654070\n|move|p2b: Tyranitar|Protect|p2b: Tyranitar\n|-singleturn|p2b: Tyranitar|Protect\n|move|p1a: Quaquaval|Aqua Step|p2a: Arcanine\n|-supereffective|p2a: Arcanine\n|-damage|p2a: Arcanine|58\/100\n|-boost|p1a: Quaquaval|spe|1\n|move|p2a: Arcanine|Snarl|p1a: Quaquaval|[spread] p1a,p1b\n|-resisted|p1a: Quaquaval\n|-resisted|p1b: Wo-Chien\n|-damage|p1a: Quaquaval|94\/100\n|-damage|p1b: Wo-Chien|97\/100\n|-unboost|p1a: Quaquaval|spa|1\n|-unboost|p1b: Wo-Chien|spa|1\n|-enditem|p2a: Arcanine|Throat Spray\n|-boost|p2a: Arcanine|spa|1|[from] item: Throat Spray\n|move|p1b: Wo-Chien|Leech Seed|p2b: Tyranitar\n|-activate|p2b: Tyranitar|move: Protect\n|\n|-weather|Sandstorm|[upkeep]\n|-damage|p1a: Quaquaval|87\/100|[from] Sandstorm\n|-damage|p2a: Arcanine|52\/100|[from] Sandstorm\n|-damage|p1b: Wo-Chien|91\/100|[from] Sandstorm\n|-heal|p1b: Wo-Chien|97\/100|[from] item: Leftovers\n|upkeep\n|turn|2\n|inactive|Temorgreico has 30 seconds left.\n|inactive|WillieDangerously has 30 seconds left.\n|inactive|WillieDangerously has 20 seconds left.\n|\n|t:|1681654109\n|-terastallize|p2a: Arcanine|Grass\n|move|p1a: Quaquaval|Aqua Step|p2a: Arcanine\n|-resisted|p2a: Arcanine\n|-damage|p2a: Arcanine|41\/100\n|-boost|p1a: Quaquaval|spe|1\n|move|p2a: Arcanine|Flamethrower|p1b: Wo-Chien\n|-supereffective|p1b: Wo-Chien\n|-damage|p1b: Wo-Chien|24\/100\n|move|p2b: Tyranitar|Crunch|p1a: Quaquaval\n|-resisted|p1a: Quaquaval\n|-damage|p1a: Quaquaval|66\/100\n|move|p1b: Wo-Chien|Leech Seed|p2b: Tyranitar\n|-start|p2b: Tyranitar|move: Leech Seed\n|\n|-weather|Sandstorm|[upkeep]\n|-damage|p1a: Quaquaval|60\/100|[from] Sandstorm\n|-damage|p2a: Arcanine|35\/100|[from] Sandstorm\n|-damage|p1b: Wo-Chien|18\/100|[from] Sandstorm\n|-heal|p1b: Wo-Chien|24\/100|[from] item: Leftovers\n|-damage|p2b: Tyranitar|88\/100|[from] Leech Seed|[of] p1b: Wo-Chien\n|-heal|p1b: Wo-Chien|37\/100|[silent]\n|upkeep\n|turn|3\n|inactive|Temorgreico has 30 seconds left.\n|inactive|WillieDangerously has 30 seconds left.\n|\n|t:|1681654142\n|switch|p2b: Iron Bundle|Iron Bundle, L50|100\/100\n|-enditem|p2b: Iron Bundle|Booster Energy\n|-activate|p2b: Iron Bundle|ability: Quark Drive|[fromitem]\n|-start|p2b: Iron Bundle|quarkdrivespe\n|switch|p1b: Oricorio|Oricorio-Pom-Pom, L50, M|100\/100\n|move|p1a: Quaquaval|Aqua Step|p2b: Iron Bundle\n|-resisted|p2b: Iron Bundle\n|-damage|p2b: Iron Bundle|85\/100\n|-boost|p1a: Quaquaval|spe|1\n|-activate|p1b: Oricorio|ability: Dancer\n|move|p1b: Oricorio|Aqua Step|p2b: Iron Bundle|[from]ability: Dancer\n|-resisted|p2b: Iron Bundle\n|-damage|p2b: Iron Bundle|79\/100\n|-boost|p1b: Oricorio|spe|1\n|move|p2a: Arcanine|Flamethrower|p1b: Oricorio\n|-damage|p1b: Oricorio|29\/100\n|\n|-weather|Sandstorm|[upkeep]\n|-damage|p1a: Quaquaval|54\/100|[from] Sandstorm\n|-damage|p2b: Iron Bundle|73\/100|[from] Sandstorm\n|-damage|p2a: Arcanine|29\/100|[from] Sandstorm\n|upkeep\n|turn|4\n|inactive|Temorgreico has 30 seconds left.\n|inactive|WillieDangerously has 30 seconds left.\n|\n|t:|1681654177\n|-terastallize|p1a: Quaquaval|Steel\n|move|p1b: Oricorio|Protect|p1b: Oricorio\n|-singleturn|p1b: Oricorio|Protect\n|move|p2a: Arcanine|Protect|p2a: Arcanine\n|-singleturn|p2a: Arcanine|Protect\n|move|p1a: Quaquaval|Aqua Step|p2a: Arcanine\n|-activate|p2a: Arcanine|move: Protect\n|move|p2b: Iron Bundle|Freeze-Dry|p1a: Quaquaval\n|-resisted|p1a: Quaquaval\n|-damage|p1a: Quaquaval|34\/100\n|\n|-weather|Sandstorm|[upkeep]\n|-damage|p2b: Iron Bundle|68\/100|[from] Sandstorm\n|-damage|p2a: Arcanine|22\/100|[from] Sandstorm\n|upkeep\n|turn|5\n|inactive|Temorgreico has 30 seconds left.\n|inactive|WillieDangerously has 30 seconds left.\n|inactive|WillieDangerously has 20 seconds left.\n|inactive|WillieDangerously has 15 seconds left.\n|inactive|WillieDangerously has 10 seconds left.\n|\n|t:|1681654226\n|move|p1a: Quaquaval|Aqua Step|p2a: Arcanine\n|-resisted|p2a: Arcanine\n|-damage|p2a: Arcanine|8\/100\n|-boost|p1a: Quaquaval|spe|1\n|-activate|p1b: Oricorio|ability: Dancer\n|move|p1b: Oricorio|Aqua Step|p2a: Arcanine|[from]ability: Dancer\n|-resisted|p2a: Arcanine\n|-damage|p2a: Arcanine|2\/100\n|-boost|p1b: Oricorio|spe|1\n|move|p2b: Iron Bundle|Freeze-Dry|p1b: Oricorio\n|-supereffective|p1b: Oricorio\n|-damage|p1b: Oricorio|0 fnt\n|faint|p1b: Oricorio\n|move|p2a: Arcanine|Flamethrower|p1a: Quaquaval\n|-supereffective|p1a: Quaquaval\n|-damage|p1a: Quaquaval|0 fnt\n|faint|p1a: Quaquaval\n|\n|-weather|none\n|upkeep\n|\n|t:|1681654246\n|switch|p1a: Wo-Chien|Wo-Chien, L50|37\/100\n|switch|p1b: Grimmsnarl|Grimmsnarl, L50, M|100\/100\n|-ability|p1a: Wo-Chien|Tablets of Ruin\n|turn|6\n|-message|Temorgreico forfeited by changing their name.\n|\n|win|WillieDangerously\n|raw|Temorgreico's rating: 1234 → 1215<\/strong> (-19 for losing)\n|raw|WillieDangerously's rating: 1325 → 1340<\/strong> (+15 for winning)\n","uploadtime":1681654260,"views":7,"p1id":"temorgreico","p2id":"williedangerously","formatid":"gen9vgc2023regulationc","rating":1215,"private":0,"password":""}