{"id":"gen9vgc2023regulationc-1849827053","p1":"haha u rage quit","p2":"clauncher5","format":"[Gen 9] VGC 2023 Regulation C","log":"|j|\u2606haha u rage quit\n|j|\u2606clauncher5\n|t:|1682257531\n|gametype|doubles\n|player|p1|haha u rage quit|pokemaniac|1271\n|player|p2|clauncher5|nessa|1166\n|teamsize|p1|6\n|teamsize|p2|6\n|gen|9\n|tier|[Gen 9] VGC 2023 Regulation C\n|rated|\n|rule|Species Clause: Limit one of each Pok\u00e9mon\n|rule|Item Clause: Limit one of each item\n|clearpoke\n|poke|p1|Torkoal, L50, M|\n|poke|p1|Dondozo, L50, M|\n|poke|p1|Indeedee-F, L50, F|\n|poke|p1|Tatsugiri-Droopy, L50, M|\n|poke|p1|Kingambit, L50, M|\n|poke|p1|Hatterene, L50, F|\n|poke|p2|Garchomp, L50, M|\n|poke|p2|Kingambit, L50, F|\n|poke|p2|Chi-Yu, L50|\n|poke|p2|Flutter Mane, L50|\n|poke|p2|Gyarados, L50, M|\n|poke|p2|Amoonguss, L50, M|\n|teampreview|4\n|inactive|Battle timer is ON: inactive players will automatically lose when time's up. (requested by haha u rage quit)\n|\n|t:|1682257566\n|start\n|switch|p1a: Indeedee|Indeedee-F, L50, F, shiny|100\/100\n|switch|p1b: Hatterene|Hatterene, L50, F|100\/100\n|switch|p2a: miss|Flutter Mane, L50, shiny|100\/100\n|switch|p2b: halley|Chi-Yu, L50|100\/100\n|-ability|p2b: halley|Beads of Ruin\n|-fieldstart|move: Psychic Terrain|[from] ability: Psychic Surge|[of] p1a: Indeedee\n|-enditem|p1a: Indeedee|Psychic Seed\n|-boost|p1a: Indeedee|spd|1|[from] item: Psychic Seed\n|-enditem|p2a: miss|Booster Energy\n|-activate|p2a: miss|ability: Protosynthesis|[fromitem]\n|-start|p2a: miss|protosynthesisspa\n|turn|1\n|\n|t:|1682257575\n|move|p1a: Indeedee|Follow Me|p1a: Indeedee\n|-singleturn|p1a: Indeedee|move: Follow Me\n|move|p2a: miss|Dazzling Gleam|p1a: Indeedee|[spread] p1a,p1b\n|-damage|p1a: Indeedee|75\/100\n|-damage|p1b: Hatterene|46\/100\n|move|p2b: halley|Dark Pulse|p1a: Indeedee\n|-supereffective|p1a: Indeedee\n|-damage|p1a: Indeedee|24\/100\n|move|p1b: Hatterene|Trick Room|p1b: Hatterene\n|-fieldstart|move: Trick Room|[of] p1b: Hatterene\n|\n|upkeep\n|turn|2\n|\n|t:|1682257592\n|move|p1a: Indeedee|Helping Hand|p1b: Hatterene\n|-singleturn|p1b: Hatterene|Helping Hand|[of] p1a: Indeedee\n|move|p2a: miss|Protect|p2a: miss\n|-singleturn|p2a: miss|Protect\n|move|p1b: Hatterene|Dazzling Gleam|p2b: halley|[spread] p2b\n|-activate|p2a: miss|move: Protect\n|-damage|p2b: halley|40\/100\n|move|p2b: halley|Heat Wave|p1a: Indeedee|[spread] p1b\n|-miss|p2b: halley|p1a: Indeedee\n|-crit|p1b: Hatterene\n|-damage|p1b: Hatterene|0 fnt\n|faint|p1b: Hatterene\n|\n|upkeep\n|\n|t:|1682257597\n|switch|p1b: Torkoal|Torkoal, L50, M|100\/100\n|-weather|SunnyDay|[from] ability: Drought|[of] p1b: Torkoal\n|turn|3\n|\n|t:|1682257621\n|-terastallize|p1b: Torkoal|Fire\n|move|p1a: Indeedee|Helping Hand|p1b: Torkoal\n|-singleturn|p1b: Torkoal|Helping Hand|[of] p1a: Indeedee\n|move|p1b: Torkoal|Eruption|p2a: miss|[spread] p2a,p2b\n|-resisted|p2b: halley\n|-damage|p2a: miss|0 fnt\n|-damage|p2b: halley|0 fnt\n|faint|p2a: miss\n|-end|p2a: miss|Protosynthesis|[silent]\n|faint|p2b: halley\n|\n|-weather|SunnyDay|[upkeep]\n|upkeep\n|\n|t:|1682257627\n|switch|p2b: think|Amoonguss, L50, M|100\/100\n|switch|p2a: shark week|Garchomp, L50, M|100\/100\n|turn|4\n|\n|t:|1682257641\n|-terastallize|p2b: think|Water\n|move|p1a: Indeedee|Helping Hand|p1b: Torkoal\n|-singleturn|p1b: Torkoal|Helping Hand|[of] p1a: Indeedee\n|move|p1b: Torkoal|Eruption|p2b: think|[spread] p2a,p2b\n|-resisted|p2a: shark week\n|-resisted|p2b: think\n|-damage|p2a: shark week|10\/100\n|-damage|p2b: think|25\/100\n|move|p2b: think|Spore|p1b: Torkoal\n|-status|p1b: Torkoal|slp|[from] move: Spore\n|move|p2a: shark week|Stomping Tantrum|p1b: Torkoal\n|-supereffective|p1b: Torkoal\n|-damage|p1b: Torkoal|20\/100 slp\n|-damage|p2a: shark week|0 fnt|[from] item: Life Orb\n|faint|p2a: shark week\n|\n|-weather|SunnyDay|[upkeep]\n|upkeep\n|turn|5\n|\n|t:|1682257659\n|cant|p1b: Torkoal|slp\n|move|p2b: think|Pollen Puff|p1a: Indeedee\n|-supereffective|p1a: Indeedee\n|-damage|p1a: Indeedee|5\/100\n|move|p1a: Indeedee|Dazzling Gleam|p2b: think\n|-damage|p2b: think|10\/100\n|\n|-weather|SunnyDay|[upkeep]\n|-fieldend|move: Trick Room\n|-fieldend|move: Psychic Terrain\n|upkeep\n|turn|6\n|\n|t:|1682257670\n|move|p1a: Indeedee|Dazzling Gleam|p2b: think\n|-damage|p2b: think|0 fnt\n|faint|p2b: think\n|\n|win|haha u rage quit\n|raw|haha u rage quit's rating: 1271 → 1289<\/strong> (+18 for winning)\n|raw|clauncher5's rating: 1166 → 1148<\/strong> (-18 for losing)\n|l|\u2606clauncher5\n","uploadtime":1682257678,"views":11,"p1id":"hahauragequit","p2id":"clauncher5","formatid":"gen9vgc2023regulationc","rating":1148,"private":0,"password":""}