{"id":"gen9vgc2023regulationc-1849981978","p1":"FlamingRaccoonVGC","p2":"Privnoval016","format":"[Gen 9] VGC 2023 Regulation C","log":"|j|\u2606FlamingRaccoonVGC\n|j|\u2606Privnoval016\n|t:|1682274762\n|gametype|doubles\n|player|p1|FlamingRaccoonVGC|rika|1273\n|player|p2|Privnoval016|red-masters2|1361\n|teamsize|p1|6\n|teamsize|p2|6\n|gen|9\n|tier|[Gen 9] VGC 2023 Regulation C\n|rated|\n|rule|Species Clause: Limit one of each Pok\u00e9mon\n|rule|Item Clause: Limit one of each item\n|clearpoke\n|poke|p1|Maushold-Four, L50|\n|poke|p1|Annihilape, L50, M|\n|poke|p1|Gyarados, L50, M|\n|poke|p1|Amoonguss, L50, M|\n|poke|p1|Ting-Lu, L50|\n|poke|p1|Volcarona, L50, F|\n|poke|p2|Dragonite, L50, F|\n|poke|p2|Chien-Pao, L50|\n|poke|p2|Amoonguss, L50, F|\n|poke|p2|Ceruledge, L50, M|\n|poke|p2|Palafin, L50, F|\n|poke|p2|Scream Tail, L50|\n|teampreview|4\nFlamingRaccoonVGC has agreed to open team sheets.\nPrivnoval016 has agreed to open team sheets.\n|inactive|Battle timer is ON: inactive players will automatically lose when time's up. (requested by FlamingRaccoonVGC)\n|\n|t:|1682274864\n|start\n|switch|p1a: Gyarados|Gyarados, L50, M, shiny|100\/100\n|switch|p1b: Amoonguss|Amoonguss, L50, M|100\/100\n|switch|p2a: Ceruledge|Ceruledge, L50, M|100\/100\n|switch|p2b: Dragonite|Dragonite, L50, F|100\/100\n|-ability|p1a: Gyarados|Intimidate|boost\n|-fail|p2a: Ceruledge|unboost|[from] item: Clear Amulet|[of] p2a: Ceruledge\n|-unboost|p2b: Dragonite|atk|1\n|turn|1\n|inactive|FlamingRaccoonVGC has 30 seconds left.\n|\n|t:|1682274890\n|-terastallize|p1b: Amoonguss|Water\n|move|p2a: Ceruledge|Protect|p2a: Ceruledge\n|-singleturn|p2a: Ceruledge|Protect\n|move|p2b: Dragonite|Extreme Speed|p1a: Gyarados\n|-damage|p1a: Gyarados|69\/100\n|move|p1a: Gyarados|Waterfall|p2a: Ceruledge\n|-activate|p2a: Ceruledge|move: Protect\n|move|p1b: Amoonguss|Spore|p2b: Dragonite\n|-status|p2b: Dragonite|slp|[from] move: Spore\n|\n|upkeep\n|turn|2\n|\n|t:|1682274912\n|switch|p2b: Scream Tail|Scream Tail, L50|100\/100\n|-enditem|p2b: Scream Tail|Booster Energy\n|-activate|p2b: Scream Tail|ability: Protosynthesis|[fromitem]\n|-start|p2b: Scream Tail|protosynthesisspe\n|-terastallize|p2a: Ceruledge|Grass\n|move|p1a: Gyarados|Waterfall|p2a: Ceruledge\n|-resisted|p2a: Ceruledge\n|-damage|p2a: Ceruledge|81\/100\n|move|p2a: Ceruledge|Bulk Up|p2a: Ceruledge\n|-boost|p2a: Ceruledge|atk|1\n|-boost|p2a: Ceruledge|def|1\n|move|p1b: Amoonguss|Pollen Puff|p1a: Gyarados\n|-heal|p1a: Gyarados|100\/100\n|\n|upkeep\n|turn|3\n|\n|t:|1682274933\n|move|p2a: Ceruledge|Protect|p2a: Ceruledge\n|-singleturn|p2a: Ceruledge|Protect\n|move|p1b: Amoonguss|Protect|p1b: Amoonguss\n|-singleturn|p1b: Amoonguss|Protect\n|move|p2b: Scream Tail|Howl|p2b: Scream Tail|[spread] p2a,p2b\n|-boost|p2a: Ceruledge|atk|1\n|-boost|p2b: Scream Tail|atk|1\n|move|p1a: Gyarados|Taunt|p2b: Scream Tail\n|-start|p2b: Scream Tail|move: Taunt\n|\n|upkeep\n|turn|4\n|\n|t:|1682274952\n|-end|p2b: Scream Tail|Protosynthesis|[silent]\n|switch|p2b: Chien-Pao|Chien-Pao, L50|100\/100\n|-ability|p2b: Chien-Pao|Sword of Ruin\n|move|p2a: Ceruledge|Shadow Sneak|p1a: Gyarados\n|-damage|p1a: Gyarados|51\/100\n|move|p1a: Gyarados|Thunder Wave|p2a: Ceruledge\n|-status|p2a: Ceruledge|par\n|move|p1b: Amoonguss|Spore|p2b: Chien-Pao\n|-status|p2b: Chien-Pao|slp|[from] move: Spore\n|\n|upkeep\n|turn|5\n|\n|t:|1682274971\n|cant|p2b: Chien-Pao|slp\n|move|p2a: Ceruledge|Shadow Sneak|p1a: Gyarados\n|-damage|p1a: Gyarados|2\/100\n|-enditem|p1a: Gyarados|Figy Berry|[eat]\n|-heal|p1a: Gyarados|36\/100|[from] item: Figy Berry\n|move|p1a: Gyarados|Iron Head|p2b: Chien-Pao\n|-supereffective|p2b: Chien-Pao\n|-damage|p2b: Chien-Pao|39\/100 slp\n|move|p1b: Amoonguss|Pollen Puff|p1a: Gyarados\n|-heal|p1a: Gyarados|86\/100\n|\n|upkeep\n|turn|6\n|\n|t:|1682274987\n|move|p1b: Amoonguss|Rage Powder|p1b: Amoonguss\n|-singleturn|p1b: Amoonguss|move: Rage Powder\n|cant|p2b: Chien-Pao|slp\n|move|p1a: Gyarados|Iron Head|p2b: Chien-Pao\n|-supereffective|p2b: Chien-Pao\n|-damage|p2b: Chien-Pao|0 fnt\n|faint|p2b: Chien-Pao\n|move|p2a: Ceruledge|Bulk Up|p2a: Ceruledge\n|-boost|p2a: Ceruledge|atk|1\n|-boost|p2a: Ceruledge|def|1\n|\n|upkeep\n|\n|t:|1682274997\n|switch|p2b: Scream Tail|Scream Tail, L50|100\/100\n|turn|7\n|\n|t:|1682275012\n|move|p2b: Scream Tail|Protect|p2b: Scream Tail\n|-singleturn|p2b: Scream Tail|Protect\n|move|p1b: Amoonguss|Protect|p1b: Amoonguss\n|-singleturn|p1b: Amoonguss|Protect\n|cant|p2a: Ceruledge|par\n|move|p1a: Gyarados|Taunt|p2b: Scream Tail\n|-activate|p2b: Scream Tail|move: Protect\n|\n|upkeep\n|turn|8\n|\n|t:|1682275023\n|switch|p1b: Ting-Lu|Ting-Lu, L50|100\/100\n|-ability|p1b: Ting-Lu|Vessel of Ruin\n|move|p2a: Ceruledge|Shadow Sneak|p1a: Gyarados\n|-damage|p1a: Gyarados|36\/100\n|move|p2b: Scream Tail|Disable|p1a: Gyarados\n|-start|p1a: Gyarados|Disable|Taunt\n|cant|p1a: Gyarados|Disable|Taunt\n|\n|upkeep\n|turn|9\n|\n|t:|1682275050\n|switch|p1a: Amoonguss|Amoonguss, L50, M, tera:Water|100\/100\n|move|p2a: Ceruledge|Shadow Sneak|p1a: Amoonguss\n|-damage|p1a: Amoonguss|57\/100\n|-damage|p2a: Ceruledge|64\/100 par|[from] item: Rocky Helmet|[of] p1a: Amoonguss\n|move|p2b: Scream Tail|Howl|p2b: Scream Tail|[spread] p2a,p2b\n|-boost|p2a: Ceruledge|atk|1\n|-boost|p2b: Scream Tail|atk|1\n|move|p1b: Ting-Lu|Fissure|p2a: Ceruledge|[miss]\n|-miss|p1b: Ting-Lu|p2a: Ceruledge\n|\n|upkeep\n|turn|10\n|\n|t:|1682275065\n|switch|p1a: Gyarados|Gyarados, L50, M, shiny|36\/100\n|-ability|p1a: Gyarados|Intimidate|boost\n|-fail|p2a: Ceruledge|unboost|[from] item: Clear Amulet|[of] p2a: Ceruledge\n|-unboost|p2b: Scream Tail|atk|1\n|move|p2b: Scream Tail|Disable|p1b: Ting-Lu\n|-start|p1b: Ting-Lu|Disable|Fissure\n|cant|p1b: Ting-Lu|Disable|Fissure\n|move|p2a: Ceruledge|Bitter Blade|p1b: Ting-Lu\n|-damage|p1b: Ting-Lu|20\/100\n|-heal|p2a: Ceruledge|100\/100 par|[from] drain|[of] p1b: Ting-Lu\n|\n|upkeep\n|turn|11\n|-message|FlamingRaccoonVGC forfeited.\n|\n|win|Privnoval016\n|raw|FlamingRaccoonVGC's rating: 1273 → 1254<\/strong> (-19 for losing)\n|raw|Privnoval016's rating: 1361 → 1376<\/strong> (+15 for winning)\n|c|\u2606FlamingRaccoonVGC|gg\n","uploadtime":1682275082,"views":6,"p1id":"flamingraccoonvgc","p2id":"privnoval016","formatid":"gen9vgc2023regulationc","rating":1254,"private":0,"password":""}