{"id":"gen9vgc2023regulationc-1855778470","p1":"pak215","p2":"StormBirdAR!081","format":"[Gen 9] VGC 2023 Regulation C","log":"|j|\u2606pak215\n|j|\u2606StormBirdAR!081\n|t:|1682983085\n|gametype|doubles\n|player|p1|pak215|266|1101\n|player|p2|StormBirdAR!081|1|1172\n|teamsize|p1|6\n|teamsize|p2|6\n|gen|9\n|tier|[Gen 9] VGC 2023 Regulation C\n|rated|\n|rule|Species Clause: Limit one of each Pok\u00e9mon\n|rule|Item Clause: Limit one of each item\n|clearpoke\n|poke|p1|Ting-Lu, L50|\n|poke|p1|Roaring Moon, L50|\n|poke|p1|Arcanine, L50, M|\n|poke|p1|Flutter Mane, L50|\n|poke|p1|Palafin, L50, M|\n|poke|p1|Amoonguss, L50, F|\n|poke|p2|Ceruledge, L50, M|\n|poke|p2|Flamigo, L50, F|\n|poke|p2|Oricorio-Sensu, L50, M|\n|poke|p2|Dragapult, L50, M|\n|poke|p2|Volcarona, L50, F|\n|poke|p2|Kilowattrel, L50, M|\n|teampreview|4\n|inactive|Battle timer is ON: inactive players will automatically lose when time's up. (requested by pak215)\nStormBirdAR!081 has agreed to open team sheets.\npak215 has agreed to open team sheets.\n|inactive|pak215 has 60 seconds left.\n|inactive|StormBirdAR!081 has 60 seconds left.\n|inactive|StormBirdAR!081 has 30 seconds left.\n|inactive|StormBirdAR!081 has 20 seconds left.\n|inactive|StormBirdAR!081 has 15 seconds left.\n|\n|t:|1682983163\n|start\n|switch|p1a: Palafin|Palafin, L50, M|100\/100\n|switch|p1b: Flutter Mane|Flutter Mane, L50|100\/100\n|switch|p2a: Kilowattrel|Kilowattrel, L50, M|100\/100\n|switch|p2b: Dragapult|Dragapult, L50, M|100\/100\n|turn|1\n|inactive|pak215 has 30 seconds left.\n|\n|t:|1682983189\n|detailschange|p1a: Palafin|Palafin-Hero, L50, M\n|switch|p1a: Arcanine|Arcanine, L50, M|100\/100\n|-ability|p1a: Arcanine|Intimidate|boost\n|-unboost|p2a: Kilowattrel|atk|1\n|-fail|p2b: Dragapult|unboost|[from] ability: Clear Body|[of] p2b: Dragapult\n|-terastallize|p1b: Flutter Mane|Steel\n|move|p1b: Flutter Mane|Moonblast|p2b: Dragapult\n|-supereffective|p2b: Dragapult\n|-damage|p2b: Dragapult|0 fnt\n|faint|p2b: Dragapult\n|move|p2a: Kilowattrel|Tailwind|p2a: Kilowattrel\n|-sidestart|p2: StormBirdAR!081|move: Tailwind\n|-start|p2a: Kilowattrel|Charge|Tailwind|[from] ability: Wind Power\n|\n|upkeep\n|\n|t:|1682983202\n|switch|p2b: Oricorio|Oricorio-Sensu, L50, M|100\/100\n|turn|2\n|inactive|StormBirdAR!081 has 30 seconds left.\n|\n|t:|1682983230\n|-end|p1b: Flutter Mane|Protosynthesis|[silent]\n|switch|p1b: Roaring Moon|Roaring Moon, L50|100\/100\n|-enditem|p1b: Roaring Moon|Booster Energy\n|-activate|p1b: Roaring Moon|ability: Protosynthesis|[fromitem]\n|-start|p1b: Roaring Moon|protosynthesisspe\n|move|p2b: Oricorio|Protect|p2b: Oricorio\n|-singleturn|p2b: Oricorio|Protect\n|move|p2a: Kilowattrel|Feather Dance|p1a: Arcanine\n|-unboost|p1a: Arcanine|atk|2\n|-activate|p2b: Oricorio|ability: Dancer\n|move|p2b: Oricorio|Feather Dance|p1a: Arcanine|[from]ability: Dancer\n|-unboost|p1a: Arcanine|atk|2\n|move|p1a: Arcanine|Flare Blitz|p2a: Kilowattrel\n|-damage|p2a: Kilowattrel|72\/100\n|-status|p2a: Kilowattrel|brn\n|-damage|p1a: Arcanine|93\/100|[from] Recoil\n|\n|-damage|p2a: Kilowattrel|66\/100 brn|[from] brn\n|upkeep\n|turn|3\n|inactive|pak215 has 30 seconds left.\n|inactive|StormBirdAR!081 has 30 seconds left.\n|\n|t:|1682983265\n|move|p2a: Kilowattrel|Feather Dance|p1b: Roaring Moon\n|-unboost|p1b: Roaring Moon|atk|2\n|-activate|p2b: Oricorio|ability: Dancer\n|move|p2b: Oricorio|Feather Dance|p1b: Roaring Moon|[from]ability: Dancer\n|-unboost|p1b: Roaring Moon|atk|2\n|move|p2b: Oricorio|Feather Dance|p1b: Roaring Moon\n|-unboost|p1b: Roaring Moon|atk|2\n|move|p1b: Roaring Moon|Throat Chop|p2a: Kilowattrel\n|-damage|p2a: Kilowattrel|44\/100 brn\n|-start|p2a: Kilowattrel|Throat Chop|[silent]\n|move|p1a: Arcanine|Flare Blitz|p2a: Kilowattrel\n|-damage|p2a: Kilowattrel|16\/100 brn\n|-damage|p1a: Arcanine|86\/100|[from] Recoil\n|\n|-damage|p2a: Kilowattrel|9\/100 brn|[from] brn\n|upkeep\n|turn|4\n|\n|t:|1682983287\n|-end|p1b: Roaring Moon|Protosynthesis|[silent]\n|switch|p1b: Flutter Mane|Flutter Mane, L50, tera:Steel|100\/100\n|move|p2b: Oricorio|Protect|p2b: Oricorio\n|-singleturn|p2b: Oricorio|Protect\n|move|p1a: Arcanine|Extreme Speed|p2a: Kilowattrel\n|-damage|p2a: Kilowattrel|0 fnt\n|faint|p2a: Kilowattrel\n|\n|-sideend|p2: StormBirdAR!081|move: Tailwind\n|upkeep\n|\n|t:|1682983295\n|switch|p2a: Ceruledge|Ceruledge, L50, M|100\/100\n|turn|5\n|\n|t:|1682983316\n|switch|p1a: Palafin|Palafin-Hero, L50, M|100\/100\n|-activate|p1a: Palafin|ability: Zero to Hero\n|-terastallize|p2a: Ceruledge|Steel\n|move|p1b: Flutter Mane|Shadow Ball|p2b: Oricorio\n|-supereffective|p2b: Oricorio\n|-crit|p2b: Oricorio\n|-damage|p2b: Oricorio|0 fnt\n|faint|p2b: Oricorio\n|move|p2a: Ceruledge|Bitter Blade|p1b: Flutter Mane\n|-supereffective|p1b: Flutter Mane\n|-damage|p1b: Flutter Mane|0 fnt\n|faint|p1b: Flutter Mane\n|-end|p1b: Flutter Mane|Protosynthesis|[silent]\n|\n|upkeep\n|c|\u2606StormBirdAR!081|Gg\n|c|\u2606StormBirdAR!081|Lol\n|\n|t:|1682983337\n|switch|p1b: Roaring Moon|Roaring Moon, L50|100\/100\n|turn|6\n|\n|t:|1682983351\n|move|p1b: Roaring Moon|Throat Chop|p2a: Ceruledge\n|-damage|p2a: Ceruledge|34\/100\n|-start|p2a: Ceruledge|Throat Chop|[silent]\n|move|p2a: Ceruledge|Swords Dance|p2a: Ceruledge\n|-boost|p2a: Ceruledge|atk|2\n|move|p1a: Palafin|Wave Crash|p2a: Ceruledge\n|-damage|p2a: Ceruledge|0 fnt\n|faint|p2a: Ceruledge\n|-damage|p1a: Palafin|92\/100|[from] Recoil\n|\n|win|pak215\n|raw|pak215's rating: 1101 → 1131<\/strong> (+30 for winning)\n|raw|StormBirdAR!081's rating: 1172 → 1142<\/strong> (-30 for losing)\n","uploadtime":1682983378,"views":18,"p1id":"pak215","p2id":"stormbirdar081","formatid":"gen9vgc2023regulationc","rating":1131,"private":0,"password":""}